{"id":"gen1randombattle-1191139346","p1":"Chickpiee","p2":"BlazingThunder008Y","format":"gen1randombattle","log":"|j|\u2606Chickpiee\n|j|\u2606BlazingThunder008Y\n|inactive|Battle timer is ON: inactive players will automatically lose when time's up.\n|t:|1600773054\n|player|p1|Chickpiee|caitlin|\n|player|p2|BlazingThunder008Y|ash-unova|\n|teamsize|p1|6\n|teamsize|p2|6\n|gametype|singles\n|gen|1\n|tier|[Gen 1] Random Battle\n|rated|Tournament battle\n|rule|Sleep Clause Mod: Limit one foe put to sleep\n|rule|Freeze Clause Mod: Limit one foe frozen\n|rule|Species Clause: Limit one of each Pok\u00e9mon\n|rule|OHKO Clause: OHKO moves are banned\n|rule|Evasion Moves Clause: Evasion moves are banned\n|rule|Endless Battle Clause: Forcing endless battles is banned\n|rule|HP Percentage Mod: HP is shown in percentages\n|\n|t:|1600773054\n|start\n|switch|p1a: Rapidash|Rapidash, L74|249\/249\n|switch|p2a: Butterfree|Butterfree, L74|241\/241\n|turn|1\n|inactive|BlazingThunder008Y also wants the timer to be on.\n|j| Thepikachu cute\n|c|\u2606Chickpiee|Hf\n|j| Helonium\n|j| Krishna07\n|c| Thepikachu cute|Finals !!\n|j| Harshal~08\n|c| Helonium|Bruh\n|\n|t:|1600773069\n|move|p1a: Rapidash|Fire Blast|p2a: Butterfree\n|-supereffective|p2a: Butterfree\n|-damage|p2a: Butterfree|23\/241\n|move|p2a: Butterfree|Sleep Powder|p1a: Rapidash\n|-status|p1a: Rapidash|slp|[from] move: Sleep Powder\n|\n|upkeep\n|turn|2\n|j| SAnSkRiTi\n|j| Mattorr \u30c4\n|\n|t:|1600773091\n|switch|p2a: Dewgong|Dewgong, L74|286\/286\n|cant|p1a: Rapidash|slp\n|\n|upkeep\n|turn|3\n|j|%abd1710\n|\n|t:|1600773101\n|switch|p1a: Chansey|Chansey, L68|481\/481\n|move|p2a: Dewgong|Surf|p1a: Chansey\n|-damage|p1a: Chansey|392\/481\n|\n|upkeep\n|turn|4\n|\n|t:|1600773107\n|move|p2a: Dewgong|Body Slam|p1a: Chansey\n|-damage|p1a: Chansey|267\/481\n|move|p1a: Chansey|Thunder Wave|p2a: Dewgong\n|-status|p2a: Dewgong|par\n|\n|upkeep\n|turn|5\n|\n|t:|1600773112\n|move|p1a: Chansey|Soft-Boiled|p1a: Chansey\n|-heal|p1a: Chansey|481\/481\n|cant|p2a: Dewgong|par\n|\n|upkeep\n|turn|6\n|c| Helonium|Chansey o.o\n|\n|t:|1600773124\n|switch|p1a: Venomoth|Venomoth, L74|256\/256\n|move|p2a: Dewgong|Body Slam|p1a: Venomoth\n|-damage|p1a: Venomoth|201\/256\n|-status|p1a: Venomoth|par\n|\n|upkeep\n|turn|7\n|\n|t:|1600773134\n|move|p1a: Venomoth|Mega Drain|p2a: Dewgong\n|-supereffective|p2a: Dewgong\n|-damage|p2a: Dewgong|240\/286 par\n|-heal|p1a: Venomoth|224\/256 par|[from] drain|[of] p2a: Dewgong\n|cant|p2a: Dewgong|par\n|\n|upkeep\n|turn|8\n|j| ashmegaelitefour\n|\n|t:|1600773140\n|move|p1a: Venomoth|Mega Drain|p2a: Dewgong\n|-supereffective|p2a: Dewgong\n|-damage|p2a: Dewgong|193\/286 par\n|-heal|p1a: Venomoth|247\/256 par|[from] drain|[of] p2a: Dewgong\n|move|p2a: Dewgong|Blizzard|p1a: Venomoth\n|-damage|p1a: Venomoth|148\/256 par\n|\n|upkeep\n|turn|9\n|\n|t:|1600773149\n|move|p1a: Venomoth|Mega Drain|p2a: Dewgong\n|-supereffective|p2a: Dewgong\n|-damage|p2a: Dewgong|147\/286 par\n|-heal|p1a: Venomoth|171\/256 par|[from] drain|[of] p2a: Dewgong\n|move|p2a: Dewgong|Blizzard|p1a: Venomoth\n|-damage|p1a: Venomoth|58\/256 par\n|\n|upkeep\n|turn|10\n|\n|t:|1600773160\n|cant|p1a: Venomoth|par\n|move|p2a: Dewgong|Surf|p1a: Venomoth\n|-crit|p1a: Venomoth\n|-damage|p1a: Venomoth|0 fnt\n|faint|p1a: Venomoth\n|c| Krishna07|agency ko hi hax\n|\n|t:|1600773169\n|switch|p1a: Hitmonlee|Hitmonlee, L74|226\/226\n|turn|11\n|\n|t:|1600773173\n|move|p1a: Hitmonlee|High Jump Kick|p2a: Dewgong\n|-crit|p2a: Dewgong\n|-supereffective|p2a: Dewgong\n|-damage|p2a: Dewgong|0 fnt\n|faint|p2a: Dewgong\n|c| Krishna07|-_-\n|\n|t:|1600773189\n|switch|p2a: Nidoking|Nidoking, L74|272\/272\n|turn|12\n|\n|t:|1600773200\n|move|p1a: Hitmonlee|Body Slam|p2a: Nidoking\n|-crit|p2a: Nidoking\n|-damage|p2a: Nidoking|139\/272\n|move|p2a: Nidoking|Earthquake|p1a: Hitmonlee\n|-damage|p1a: Hitmonlee|103\/226\n|\n|upkeep\n|turn|13\n|\n|t:|1600773208\n|move|p2a: Nidoking|Earthquake|p1a: Hitmonlee\n|-damage|p1a: Hitmonlee|0 fnt\n|faint|p1a: Hitmonlee\n|\n|t:|1600773215\n|switch|p1a: Zapdos|Zapdos, L68|263\/263\n|turn|14\n|\n|t:|1600773221\n|move|p1a: Zapdos|Drill Peck|p2a: Nidoking\n|-crit|p2a: Nidoking\n|-damage|p2a: Nidoking|4\/272\n|move|p2a: Nidoking|Blizzard|p1a: Zapdos\n|-supereffective|p1a: Zapdos\n|-damage|p1a: Zapdos|152\/263\n|-status|p1a: Zapdos|frz\n|\n|upkeep\n|turn|15\n|l| Krishna07\n|j| Krishna07\n|c| Helonium|Crit bhi.o\n|\n|t:|1600773231\n|switch|p1a: Chansey|Chansey, L68|481\/481\n|move|p2a: Nidoking|Blizzard|p1a: Chansey\n|-damage|p1a: Chansey|419\/481\n|\n|upkeep\n|turn|16\n|c| Helonium|Freeze o.o\n|\n|t:|1600773235\n|move|p2a: Nidoking|Earthquake|p1a: Chansey\n|-damage|p1a: Chansey|194\/481\n|move|p1a: Chansey|Reflect|p1a: Chansey\n|-start|p1a: Chansey|Reflect\n|\n|upkeep\n|turn|17\n|\n|t:|1600773242\n|move|p2a: Nidoking|Earthquake|p1a: Chansey\n|-damage|p1a: Chansey|72\/481\n|move|p1a: Chansey|Soft-Boiled|p1a: Chansey\n|-heal|p1a: Chansey|312\/481\n|\n|upkeep\n|turn|18\n|\n|t:|1600773250\n|move|p2a: Nidoking|Earthquake|p1a: Chansey\n|-crit|p1a: Chansey\n|-damage|p1a: Chansey|0 fnt\n|faint|p1a: Chansey\n|c|\u2606BlazingThunder008Y|LoL\n|c| Helonium|Crit o.o\n|c|\u2606Chickpiee|Getting haxed to death\n|c| Helonium|Blazing thunder op\n|\n|t:|1600773267\n|switch|p1a: Tangela|Tangela, L74|249\/249\n|turn|19\n|\n|t:|1600773272\n|move|p2a: Nidoking|Blizzard|p1a: Tangela\n|-supereffective|p1a: Tangela\n|-damage|p1a: Tangela|134\/249\n|move|p1a: Tangela|Mega Drain|p2a: Nidoking\n|-damage|p2a: Nidoking|0 fnt\n|-heal|p1a: Tangela|136\/249|[from] drain|[of] p2a: Nidoking\n|faint|p2a: Nidoking\n|\n|t:|1600773278\n|switch|p2a: Butterfree|Butterfree, L74|23\/241\n|turn|20\n|\n|t:|1600773283\n|move|p2a: Butterfree|Mega Drain|p1a: Tangela\n|-resisted|p1a: Tangela\n|-damage|p1a: Tangela|126\/249\n|-heal|p2a: Butterfree|28\/241|[from] drain|[of] p1a: Tangela\n|move|p1a: Tangela|Body Slam|p2a: Butterfree\n|-damage|p2a: Butterfree|0 fnt\n|faint|p2a: Butterfree\n|c| Helonium|One freezing one sleeping nice\n|c|\u2606BlazingThunder008Y|misclick\n|c| Helonium|Frozen*\n|c|\u2606BlazingThunder008Y|;-;\n|c|\u2606BlazingThunder008Y|sleep powder\n|\n|t:|1600773309\n|switch|p2a: Grimer|Grimer, L88|320\/320\n|turn|21\n|c| Helonium|Sleep clause\n|c| ashmegaelitefour|sleep powder ke effect kya pdta\n|\n|t:|1600773314\n|move|p1a: Tangela|Sleep Powder|p2a: Grimer|[miss]\n|-miss|p1a: Tangela\n|move|p2a: Grimer|Sludge|p1a: Tangela\n|-supereffective|p1a: Tangela\n|-damage|p1a: Tangela|6\/249\n|-status|p1a: Tangela|psn\n|\n|upkeep\n|turn|22\n|\n|t:|1600773321\n|move|p1a: Tangela|Sleep Powder|p2a: Grimer\n|-status|p2a: Grimer|slp|[from] move: Sleep Powder\n|-damage|p1a: Tangela|0 fnt|[from] psn|[of] p2a: Grimer\n|faint|p1a: Tangela\n|\n|t:|1600773323\n|switch|p1a: Rapidash|Rapidash, L74|249\/249 slp\n|turn|23\n|c| Helonium|Poison o.o\n|c|\u2606BlazingThunder008Y|lol\n|c| Helonium|Nice\n|\n|t:|1600773328\n|cant|p1a: Rapidash|slp\n|cant|p2a: Grimer|slp\n|\n|upkeep\n|turn|24\n|\n|t:|1600773334\n|cant|p1a: Rapidash|slp\n|cant|p2a: Grimer|slp\n|\n|upkeep\n|turn|25\n|\n|t:|1600773339\n|-curestatus|p1a: Rapidash|slp|[msg]\n|cant|p2a: Grimer|slp\n|\n|upkeep\n|turn|26\n|\n|t:|1600773344\n|move|p1a: Rapidash|Agility|p1a: Rapidash\n|-boost|p1a: Rapidash|spe|2\n|-curestatus|p2a: Grimer|slp|[msg]\n|\n|upkeep\n|turn|27\n|\n|t:|1600773350\n|move|p1a: Rapidash|Body Slam|p2a: Grimer\n|-damage|p2a: Grimer|260\/320\n|move|p2a: Grimer|Body Slam|p1a: Rapidash\n|-damage|p1a: Rapidash|174\/249\n|-status|p1a: Rapidash|par\n|\n|upkeep\n|turn|28\n|c| Helonium|Bruh what are you doing blazing thunder\n|c| ashmegaelitefour|lol\n|c|\u2606Chickpiee|...asdf\n|\n|t:|1600773365\n|move|p2a: Grimer|Body Slam|p1a: Rapidash\n|-damage|p1a: Rapidash|100\/249 par\n|move|p1a: Rapidash|Fire Blast|p2a: Grimer|[miss]\n|-miss|p1a: Rapidash\n|\n|upkeep\n|turn|29\n|c|%abd1710|oof\n|c|\u2606BlazingThunder008Y|i dont know full forms\n|c|\u2606BlazingThunder008Y|plz\n|c|\u2606Chickpiee|I can't bear it anymore\n|c| Helonium|Blazing thunder anti-agency\n|-message|Chickpiee forfeited.\n|\n|win|BlazingThunder008Y\n","inputlog":">version 0d71ec82c3aad7b1916098265c858e9d35c89d2e\n>start {\"formatid\":\"gen1randombattle\",\"seed\":[14901,10254,18637,20171],\"rated\":\"Tournament battle\"}\n>player p1 {\"name\":\"Chickpiee\",\"avatar\":\"caitlin\",\"team\":\"\",\"rating\":0,\"seed\":[49983,9861,19906,56063]}\n>player p2 {\"name\":\"BlazingThunder008Y\",\"avatar\":\"ash-unova\",\"team\":\"\",\"rating\":0,\"seed\":[13518,44994,11940,42444]}\n>chat \u2606Chickpiee|Hf\n>chat  Thepikachu cute|Finals !!\n>chat  Helonium|Bruh\n>p1 move fireblast\n>p2 move sleeppowder\n>p1 move fireblast\n>p2 switch 3\n>p1 switch 5\n>p2 move surf\n>p1 move thunderwave\n>p2 move bodyslam\n>p1 move softboiled\n>p2 move bodyslam\n>chat  Helonium|Chansey o.o\n>p1 switch 2\n>p2 move bodyslam\n>p1 move megadrain\n>p2 move blizzard\n>p1 move megadrain\n>p2 move blizzard\n>p1 move megadrain\n>p2 move blizzard\n>p1 move psychic\n>p2 move surf\n>chat  Krishna07|agency ko hi hax\n>p1 switch 3\n>p1 move highjumpkick\n>p2 move surf\n>chat  Krishna07|-_-\n>p2 switch 2\n>p1 move bodyslam\n>p2 move earthquake\n>p1 move counter\n>p2 move earthquake\n>p1 switch 6\n>p1 move drillpeck\n>p2 move blizzard\n>chat  Helonium|Crit bhi.o\n>p1 switch 2\n>p2 move blizzard\n>chat  Helonium|Freeze o.o\n>p1 move reflect\n>p2 move earthquake\n>p1 move softboiled\n>p2 move earthquake\n>p1 move softboiled\n>p2 move earthquake\n>chat \u2606BlazingThunder008Y|LoL\n>chat  Helonium|Crit o.o\n>chat \u2606Chickpiee|Getting haxed to death\n>chat  Helonium|Blazing thunder op\n>p1 switch 4\n>p1 move megadrain\n>p2 move blizzard\n>p2 switch 3\n>p1 move bodyslam\n>p2 move megadrain\n>chat  Helonium|One freezing one sleeping nice\n>chat \u2606BlazingThunder008Y|misclick \n>chat  Helonium|Frozen*\n>chat \u2606BlazingThunder008Y|;-;\n>chat \u2606BlazingThunder008Y|sleep powder\n>p2 switch 4\n>chat  Helonium|Sleep clause\n>chat  ashmegaelitefour|sleep powder ke effect kya pdta\n>p1 move sleeppowder\n>p2 move sludge\n>p1 move sleeppowder\n>p2 move sludge\n>p1 switch 5\n>chat  Helonium|Poison o.o\n>chat \u2606BlazingThunder008Y|lol\n>chat  Helonium|Nice\n>p1 move agility\n>p2 move bodyslam\n>p1 move agility\n>p2 move bodyslam\n>p1 move agility\n>p2 move bodyslam\n>p1 move agility\n>p2 move bodyslam\n>p1 move bodyslam\n>p2 move bodyslam\n>chat  Helonium|Bruh what are you doing blazing thunder\n>chat  ashmegaelitefour|lol\n>chat \u2606Chickpiee|...asdf\n>p1 move fireblast\n>p2 move bodyslam\n>chat %abd1710|oof\n>chat \u2606BlazingThunder008Y|i dont know full forms\n>chat \u2606BlazingThunder008Y|plz\n>chat \u2606Chickpiee|I can't bear it anymore\n>chat  Helonium|Blazing thunder anti-agency","uploadtime":1600773385,"views":7,"p1id":"chickpiee","p2id":"blazingthunder008y","formatid":"gen1randombattle","rating":0,"private":0,"password":null}