{"id":"gen4lc-1700463580","p1":"Raph369","p2":"SuperEpicAmpharos","format":"gen4lc","log":"|j|\u2606Raph369\n|j|\u2606SuperEpicAmpharos\n|t:|1667342187\n|gametype|singles\n|player|p1|Raph369|blaine|\n|player|p2|SuperEpicAmpharos|#advpliiaquacordeanglerfish|\n|teamsize|p1|6\n|teamsize|p2|6\n|gen|4\n|tier|[Gen 4] LC\n|rated|Tournament battle\n|rule|Sleep Clause Mod: Limit one foe put to sleep\n|rule|Species Clause: Limit one of each Pok\u00e9mon\n|rule|OHKO Clause: OHKO moves are banned\n|rule|Evasion Items Clause: Evasion items are banned\n|rule|Evasion Moves Clause: Evasion moves are banned\n|rule|Endless Battle Clause: Forcing endless battles is banned\n|rule|HP Percentage Mod: HP is shown in percentages\n|rule|Sleep Clause: Sleep-inducing moves are banned\n|\n|t:|1667342187\n|start\n|switch|p1a: Gligar|Gligar, L5, F|100\/100\n|switch|p2a: Ponyta|Ponyta, L5, M|100\/100\n|turn|1\n|c|\u2606Raph369|hf\n|c|\u2606SuperEpicAmpharos|hf\n|\n|t:|1667342198\n|switch|p2a: Bronzor|Bronzor, L5|100\/100\n|move|p1a: Gligar|U-turn|p2a: Bronzor\n|-damage|p2a: Bronzor|72\/100\n|\n|t:|1667342204\n|switch|p1a: Houndour|Houndour, L5, F|100\/100|[from]move: U-turn\n|\n|upkeep\n|turn|2\n|\n|t:|1667342216\n|switch|p2a: Stunky|Stunky, L5, F|100\/100\n|move|p1a: Houndour|Crunch|p2a: Stunky\n|-resisted|p2a: Stunky\n|-crit|p2a: Stunky\n|-damage|p2a: Stunky|44\/100\n|-enditem|p2a: Stunky|Oran Berry|[eat]\n|-heal|p2a: Stunky|87\/100|[from] item: Oran Berry\n|\n|upkeep\n|turn|3\n|\n|t:|1667342222\n|switch|p2a: Ponyta|Ponyta, L5, M|100\/100\n|move|p1a: Houndour|Will-O-Wisp|p2a: Ponyta\n|-start|p2a: Ponyta|ability: Flash Fire\n|\n|upkeep\n|turn|4\n|j| SEB 4 U\n|c|\u2606Raph369|that's too much for me\n|c|\u2606Raph369|!dt ponyta\n|raw|<div class=\"message\"><ul class=\"utilichart\"><li class=\"result\"><span class=\"col numcol\">LC<\/span> <span class=\"col iconcol\"><psicon pokemon=\"ponyta\"\/><\/span> <span class=\"col pokemonnamecol\" style=\"white-space:nowrap\"><a href=\"https:\/\/dex.pokemonshowdown.com\/pokemon\/ponyta\" target=\"_blank\">Ponyta<\/a><\/span> <span class=\"col typecol\"><img src=\"https:\/\/play.pokemonshowdown.com\/sprites\/types\/Fire.png\" alt=\"Fire\" height=\"14\" width=\"32\"><\/span> <span style=\"float:left;min-height:26px\"><span class=\"col twoabilitycol\">Run Away<br \/>Flash Fire<\/span><span class=\"col abilitycol\"><\/span><\/span><span style=\"float:left;min-height:26px\"><span class=\"col statcol\"><em>HP<\/em><br \/>50<\/span> <span class=\"col statcol\"><em>Atk<\/em><br \/>85<\/span> <span class=\"col statcol\"><em>Def<\/em><br \/>55<\/span> <span class=\"col statcol\"><em>SpA<\/em><br \/>65<\/span> <span class=\"col statcol\"><em>SpD<\/em><br \/>65<\/span> <span class=\"col statcol\"><em>Spe<\/em><br \/>90<\/span> <span class=\"col bstcol\"><em>BST<br \/>410<\/em><\/span> <\/span><\/li><li style=\"clear:both\"><\/li><\/ul><\/div>\n|raw|<font size=\"1\"><font color=\"#686868\">Dex#:<\/font> 77&nbsp;|&ThickSpace;<font color=\"#686868\">Gen:<\/font> 1&nbsp;|&ThickSpace;<font color=\"#686868\">Height:<\/font> 1 m&nbsp;|&ThickSpace;<font color=\"#686868\">Weight:<\/font> 30 kg <em>(60 BP)<\/em>&nbsp;|&ThickSpace;<font color=\"#686868\">Egg Group(s):<\/font> Field&nbsp;|&ThickSpace;<font color=\"#686868\">Evolution:<\/font> Rapidash (40)<\/font>\n\n|\n|t:|1667342263\n|move|p2a: Ponyta|Double-Edge|p1a: Houndour\n|-damage|p1a: Houndour|15\/100\n|-enditem|p1a: Houndour|Oran Berry|[eat]\n|-heal|p1a: Houndour|62\/100|[from] item: Oran Berry\n|-damage|p2a: Ponyta|73\/100|[from] Recoil\n|move|p1a: Houndour|Crunch|p2a: Ponyta\n|-damage|p2a: Ponyta|19\/100\n|-enditem|p2a: Ponyta|Oran Berry|[eat]\n|-heal|p2a: Ponyta|64\/100|[from] item: Oran Berry\n|\n|upkeep\n|turn|5\n|j| kidnelson\n|\n|t:|1667342281\n|move|p1a: Houndour|Sucker Punch|p2a: Ponyta\n|-damage|p2a: Ponyta|5\/100\n|move|p2a: Ponyta|Double-Edge|p1a: Houndour\n|-damage|p1a: Houndour|0 fnt\n|faint|p1a: Houndour\n|-damage|p2a: Ponyta|0 fnt|[from] Recoil\n|faint|p2a: Ponyta\n|\n|upkeep\n|\n|t:|1667342297\n|switch|p2a: Bronzor|Bronzor, L5|72\/100\n|switch|p1a: Gligar|Gligar, L5, F|100\/100\n|turn|6\n|\n|t:|1667342305\n|move|p1a: Gligar|U-turn|p2a: Bronzor\n|-damage|p2a: Bronzor|52\/100\n|\n|t:|1667342318\n|switch|p1a: Drifloon|Drifloon, L5, F|100\/100|[from]move: U-turn\n|move|p2a: Bronzor|Stealth Rock|p1a: Drifloon\n|-sidestart|p1: Raph369|move: Stealth Rock\n|\n|upkeep\n|turn|7\n|\n|t:|1667342324\n|move|p1a: Drifloon|Substitute|p1a: Drifloon\n|-start|p1a: Drifloon|Substitute\n|-damage|p1a: Drifloon|78\/100\n|move|p2a: Bronzor|Hidden Power|p1a: Drifloon\n|-supereffective|p1a: Drifloon\n|-end|p1a: Drifloon|Substitute\n|\n|upkeep\n|turn|8\n|\n|t:|1667342327\n|switch|p2a: Stunky|Stunky, L5, F|87\/100\n|move|p1a: Drifloon|Calm Mind|p1a: Drifloon\n|-boost|p1a: Drifloon|spa|1\n|-boost|p1a: Drifloon|spd|1\n|\n|upkeep\n|turn|9\n|\n|t:|1667342345\n|move|p2a: Stunky|Crunch|p1a: Drifloon\n|-supereffective|p1a: Drifloon\n|-damage|p1a: Drifloon|0 fnt\n|faint|p1a: Drifloon\n|\n|upkeep\n|c|\u2606Raph369|oh damn\n|\n|t:|1667342360\n|switch|p1a: Munchlax|Munchlax, L5, F|100\/100\n|-damage|p1a: Munchlax|90\/100|[from] Stealth Rock\n|turn|10\n|\n|t:|1667342364\n|move|p2a: Stunky|Explosion|p1a: Munchlax\n|-damage|p1a: Munchlax|0 fnt\n|faint|p2a: Stunky\n|faint|p1a: Munchlax\n|\n|upkeep\n|\n|t:|1667342371\n|switch|p2a: Treecko|Treecko, L5, F|100\/100\n|switch|p1a: Duskull|Duskull, L5, M|100\/100\n|-damage|p1a: Duskull|91\/100|[from] Stealth Rock\n|turn|11\n|c|\u2606Raph369|!dt treecko\n|raw|<div class=\"message\"><ul class=\"utilichart\"><li class=\"result\"><span class=\"col numcol\">LC<\/span> <span class=\"col iconcol\"><psicon pokemon=\"treecko\"\/><\/span> <span class=\"col pokemonnamecol\" style=\"white-space:nowrap\"><a href=\"https:\/\/dex.pokemonshowdown.com\/pokemon\/treecko\" target=\"_blank\">Treecko<\/a><\/span> <span class=\"col typecol\"><img src=\"https:\/\/play.pokemonshowdown.com\/sprites\/types\/Grass.png\" alt=\"Grass\" height=\"14\" width=\"32\"><\/span> <span style=\"float:left;min-height:26px\"><span class=\"col abilitycol\">Overgrow<\/span><span class=\"col abilitycol\"><\/span><\/span><span style=\"float:left;min-height:26px\"><span class=\"col statcol\"><em>HP<\/em><br \/>40<\/span> <span class=\"col statcol\"><em>Atk<\/em><br \/>45<\/span> <span class=\"col statcol\"><em>Def<\/em><br \/>35<\/span> <span class=\"col statcol\"><em>SpA<\/em><br \/>65<\/span> <span class=\"col statcol\"><em>SpD<\/em><br \/>55<\/span> <span class=\"col statcol\"><em>Spe<\/em><br \/>70<\/span> <span class=\"col bstcol\"><em>BST<br \/>310<\/em><\/span> <\/span><\/li><li style=\"clear:both\"><\/li><\/ul><\/div>\n|raw|<font size=\"1\"><font color=\"#686868\">Dex#:<\/font> 252&nbsp;|&ThickSpace;<font color=\"#686868\">Gen:<\/font> 3&nbsp;|&ThickSpace;<font color=\"#686868\">Height:<\/font> 0.5 m&nbsp;|&ThickSpace;<font color=\"#686868\">Weight:<\/font> 5 kg <em>(20 BP)<\/em>&nbsp;|&ThickSpace;<font color=\"#686868\">Egg Group(s):<\/font> Monster, Dragon&nbsp;|&ThickSpace;<font color=\"#686868\">Evolution:<\/font> Grovyle (16)<\/font>\n\n|\n|t:|1667342383\n|move|p2a: Treecko|Leaf Storm|p1a: Duskull\n|-damage|p1a: Duskull|0 fnt\n|-unboost|p2a: Treecko|spa|2\n|faint|p1a: Duskull\n|-damage|p2a: Treecko|95\/100|[from] item: Life Orb\n|\n|upkeep\n|\n|t:|1667342394\n|switch|p1a: Gligar|Gligar, L5, F|100\/100\n|-damage|p1a: Gligar|92\/100|[from] Stealth Rock\n|turn|12\n|\n|t:|1667342397\n|switch|p2a: Gligar|Gligar, L5, M|100\/100\n|move|p1a: Gligar|U-turn|p2a: Gligar\n|-resisted|p2a: Gligar\n|-damage|p2a: Gligar|87\/100\n|\n|t:|1667342400\n|switch|p1a: Chinchou|Chinchou, L5, F|100\/100|[from]move: U-turn\n|-damage|p1a: Chinchou|88\/100|[from] Stealth Rock\n|\n|upkeep\n|turn|13\n|\n|t:|1667342403\n|switch|p1a: Gligar|Gligar, L5, F|92\/100\n|-damage|p1a: Gligar|83\/100|[from] Stealth Rock\n|move|p2a: Gligar|U-turn|p1a: Gligar\n|-resisted|p1a: Gligar\n|-damage|p1a: Gligar|70\/100\n|\n|t:|1667342405\n|switch|p2a: Bronzor|Bronzor, L5|52\/100|[from]move: U-turn\n|\n|upkeep\n|turn|14\n|\n|t:|1667342413\n|move|p1a: Gligar|Aqua Tail|p2a: Bronzor\n|-damage|p2a: Bronzor|24\/100\n|-enditem|p2a: Bronzor|Oran Berry|[eat]\n|-heal|p2a: Bronzor|64\/100|[from] item: Oran Berry\n|move|p2a: Bronzor|Earthquake|p1a: Gligar\n|-immune|p1a: Gligar\n|\n|upkeep\n|turn|15\n|\n|t:|1667342418\n|switch|p2a: Treecko|Treecko, L5, F|95\/100\n|move|p1a: Gligar|Aqua Tail|p2a: Treecko\n|-resisted|p2a: Treecko\n|-damage|p2a: Treecko|64\/100\n|\n|upkeep\n|turn|16\n|\n|t:|1667342421\n|move|p1a: Gligar|Aqua Tail|p2a: Treecko\n|-resisted|p2a: Treecko\n|-damage|p2a: Treecko|32\/100\n|move|p2a: Treecko|Energy Ball|p1a: Gligar\n|-damage|p1a: Gligar|0 fnt\n|faint|p1a: Gligar\n|-damage|p2a: Treecko|27\/100|[from] item: Life Orb\n|\n|upkeep\n|\n|t:|1667342425\n|switch|p1a: Chinchou|Chinchou, L5, F|88\/100\n|-damage|p1a: Chinchou|75\/100|[from] Stealth Rock\n|turn|17\n|\n|t:|1667342428\n|move|p2a: Treecko|Energy Ball|p1a: Chinchou\n|-supereffective|p1a: Chinchou\n|-damage|p1a: Chinchou|0 fnt\n|faint|p1a: Chinchou\n|-damage|p2a: Treecko|22\/100|[from] item: Life Orb\n|\n|win|SuperEpicAmpharos\n|n|\u2606Raph369|raph369\n|n|\u2606SuperEpicAmpharos|superepicampharos\n|n| SEB 4 U|seb4u\n|n| kidnelson|kidnelson\n|c|\u2606SuperEpicAmpharos|gg\n|c|\u2606Raph369|gg\n|l|\u2606Raph369\n|j| ILoveMashing\u2764\n|l| ILoveMashing\u2764\n","uploadtime":1667342436,"views":7,"p1id":"raph369","p2id":"superepicampharos","formatid":"gen4lc","rating":0,"private":0,"password":null}