{"id":"gen7randombattle-948789635","p1":"Abro919","p2":"Lord cube","format":"gen7randombattle","log":"|j|\u2606Abro919\n|j|\u2606Lord cube\n|player|p1|Abro919|170|1317\n|player|p2|Lord cube|101|1306\n|teamsize|p1|6\n|teamsize|p2|6\n|gametype|singles\n|gen|7\n|tier|[Gen 7] Random Battle\n|rated|\n|rule|Sleep Clause Mod: Limit one foe put to sleep\n|rule|HP Percentage Mod: HP is shown in percentages\n|\n|start\n|switch|p1a: Raikou|Raikou, L84|288\/288\n|switch|p2a: Raichu|Raichu-Alola, L88, F|249\/249\n|-ability|p1a: Raikou|Pressure\n|turn|1\n|inactive|Battle timer is ON: inactive players will automatically lose when time's up. (requested by Lord cube)\n|\n|move|p2a: Raichu|Nasty Plot|p2a: Raichu\n|-boost|p2a: Raichu|spa|2\n|move|p1a: Raikou|Volt Switch|p2a: Raichu\n|-resisted|p2a: Raichu\n|-damage|p2a: Raichu|186\/249\n|inactive|Abro919 has 120 seconds left.\n|\n|switch|p1a: Scyther|Scyther, L88, M|265\/265\n|\n|upkeep\n|turn|2\n|inactive|Abro919 has 120 seconds left.\n|\n|-zpower|p2a: Raichu\n|move|p2a: Raichu|Stoked Sparksurfer|p1a: Scyther|[zeffect]\n|-supereffective|p1a: Scyther\n|-damage|p1a: Scyther|0 fnt\n|faint|p1a: Scyther\n|\n|upkeep\n|inactive|Abro919 has 120 seconds left.\n|\n|switch|p1a: Heliolisk|Heliolisk, L86, F|247\/247\n|turn|3\n|\n|move|p2a: Raichu|Psyshock|p1a: Heliolisk\n|-damage|p1a: Heliolisk|0 fnt\n|faint|p1a: Heliolisk\n|\n|upkeep\n|\n|switch|p1a: Vileplume|Vileplume, L85, F|266\/266\n|turn|4\n|\n|move|p2a: Raichu|Psyshock|p1a: Vileplume\n|-supereffective|p1a: Vileplume\n|-damage|p1a: Vileplume|0 fnt\n|faint|p1a: Vileplume\n|\n|upkeep\n|\n|switch|p1a: Archeops|Archeops, L87, M|271\/271\n|turn|5\n|\n|move|p2a: Raichu|Thunderbolt|p1a: Archeops\n|-supereffective|p1a: Archeops\n|-damage|p1a: Archeops|0 fnt\n|faint|p1a: Archeops\n|\n|upkeep\n|-message|Abro919 forfeited.\n|\n|win|Lord cube\n|l|\u2606Abro919\n","inputlog":">version e4ad7d894bcf91cc5d548526187956dcc8bfe670\n>start {\"formatid\":\"gen7randombattle\",\"seed\":[57504,44094,28038,53376],\"rated\":\"Rated battle\"}\n>player p1 {\"name\":\"Abro919\",\"avatar\":\"170\",\"team\":\"\",\"rating\":1317,\"seed\":[44867,17219,53590,50806]}\n>player p2 {\"name\":\"Lord cube\",\"avatar\":\"101\",\"team\":\"\",\"rating\":1306,\"seed\":[24120,50099,51101,14699]}\n>p1 move voltswitch\n>p2 move nastyplot\n>p1 switch 2\n>p1 move knockoff\n>p2 move thunderbolt zmove\n>p1 switch 3\n>p1 move darkpulse\n>p2 move psyshock\n>p1 switch 4\n>p1 move sleeppowder\n>p2 move psyshock\n>p1 switch 6\n>p1 move stoneedge\n>p2 move thunderbolt","uploadtime":1563808399,"views":5,"p1id":"abro919","p2id":"lordcube","formatid":"gen7randombattle","rating":0,"private":0,"password":null}