{"id":"gen7randombattle-1450362875","p1":"Hanabiiiii","p2":"BigWes95","format":"gen7randombattle","log":"|j|\u2606Hanabiiiii\n|j|\u2606BigWes95\n|t:|1636273302\n|gametype|singles\n|player|p1|Hanabiiiii|pokekid|1539\n|player|p2|BigWes95|169|1544\n|teamsize|p1|6\n|teamsize|p2|6\n|gen|7\n|tier|[Gen 7] Random Battle\n|rated|\n|rule|Sleep Clause Mod: Limit one foe put to sleep\n|rule|HP Percentage Mod: HP is shown in percentages\n|\n|t:|1636273302\n|start\n|switch|p1a: Flareon|Flareon, L88, F|258\/258\n|switch|p2a: Aromatisse|Aromatisse, L88, F|321\/321\n|turn|1\n|inactive|Battle timer is ON: inactive players will automatically lose when time's up. (requested by BigWes95)\n|\n|t:|1636273319\n|switch|p2a: Arcanine|Arcanine, L84, F|287\/287\n|-ability|p2a: Arcanine|Intimidate|boost\n|-unboost|p1a: Flareon|atk|1\n|move|p1a: Flareon|Flame Charge|p2a: Arcanine\n|-resisted|p2a: Arcanine\n|-damage|p2a: Arcanine|260\/287\n|-boost|p1a: Flareon|spe|1\n|\n|-heal|p2a: Arcanine|277\/287|[from] item: Leftovers\n|-status|p1a: Flareon|tox|[from] item: Toxic Orb\n|upkeep\n|turn|2\n|\n|t:|1636273331\n|switch|p1a: Qwilfish|Qwilfish, L88, F|258\/258\n|-ability|p1a: Qwilfish|Intimidate|boost\n|-unboost|p2a: Arcanine|atk|1\n|move|p2a: Arcanine|Crunch|p1a: Qwilfish\n|-damage|p1a: Qwilfish|215\/258\n|\n|-heal|p2a: Arcanine|287\/287|[from] item: Leftovers\n|-heal|p1a: Qwilfish|231\/258|[from] item: Black Sludge\n|upkeep\n|turn|3\n|\n|t:|1636273340\n|switch|p2a: Azelf|Azelf, L82|257\/257\n|move|p1a: Qwilfish|Thunder Wave|p2a: Azelf\n|-status|p2a: Azelf|par\n|\n|-heal|p1a: Qwilfish|247\/258|[from] item: Black Sludge\n|upkeep\n|turn|4\n|\n|t:|1636273349\n|switch|p1a: Ho-Oh|Ho-Oh, L76|285\/285\n|move|p2a: Azelf|Psyshock|p1a: Ho-Oh\n|-damage|p1a: Ho-Oh|159\/285\n|-damage|p2a: Azelf|232\/257 par|[from] item: Life Orb\n|\n|-heal|p1a: Ho-Oh|176\/285|[from] item: Leftovers\n|upkeep\n|turn|5\n|\n|t:|1636273357\n|move|p1a: Ho-Oh|Sacred Fire|p2a: Azelf\n|-damage|p2a: Azelf|102\/257 par\n|cant|p2a: Azelf|par\n|\n|-heal|p1a: Ho-Oh|193\/285|[from] item: Leftovers\n|upkeep\n|turn|6\n|\n|t:|1636273362\n|move|p1a: Ho-Oh|Sacred Fire|p2a: Azelf\n|-damage|p2a: Azelf|0 fnt\n|faint|p2a: Azelf\n|\n|-heal|p1a: Ho-Oh|210\/285|[from] item: Leftovers\n|upkeep\n|-message|BigWes95 forfeited.\n|\n|win|Hanabiiiii\n|raw|Hanabiiiii's rating: 1539 &rarr; <strong>1559<\/strong><br \/>(+20 for winning)\n|raw|BigWes95's rating: 1544 &rarr; <strong>1524<\/strong><br \/>(-20 for losing)\n|l|\u2606BigWes95\n|l|\u2606Hanabiiiii\n","inputlog":">version c5726289c173b5b48aecb61034ff24a659b59277\n>start {\"formatid\":\"gen7randombattle\",\"seed\":[65205,4506,48,24819],\"rated\":\"Rated battle\"}\n>player p1 {\"name\":\"Hanabiiiii\",\"avatar\":\"pokekid\",\"rating\":1539,\"seed\":[607,57553,58295,33169]}\n>player p2 {\"name\":\"BigWes95\",\"avatar\":\"169\",\"rating\":1544,\"seed\":[50851,4209,32182,27737]}\n>p1 move flamecharge\n>p2 switch 2\n>p1 switch 2\n>p2 move crunch\n>p1 move thunderwave\n>p2 switch 5\n>p1 switch 4\n>p2 move psyshock\n>p1 move sacredfire\n>p2 move knockoff\n>p1 move sacredfire\n>p2 move knockoff\n>forcelose p2","uploadtime":1636273393,"views":9,"p1id":"hanabiiiii","p2id":"bigwes95","formatid":"gen7randombattle","rating":1524,"private":0,"password":null}