{"id":"gen8randombattle-1462545579","p1":"Quaaloods","p2":"swordsman.n","format":"gen8randombattle","log":"|j|\u2606Quaaloods\n|j|\u2606swordsman.n\n|t:|1638111193\n|gametype|singles\n|player|p1|Quaaloods|guitarist-gen4|1938\n|player|p2|swordsman.n|caitlin|2025\n|teamsize|p1|6\n|teamsize|p2|6\n|gen|8\n|tier|[Gen 8] Random Battle\n|rated|\n|rule|Species Clause: Limit one of each Pok\u00e9mon\n|rule|HP Percentage Mod: HP is shown in percentages\n|rule|Sleep Clause Mod: Limit one foe put to sleep\n|\n|t:|1638111193\n|start\n|switch|p1a: Cloyster|Cloyster, L80, M|211\/211\n|switch|p2a: Silvally|Silvally-Ground, L84|297\/297\n|turn|1\n|\n|t:|1638111202\n|move|p2a: Silvally|Parting Shot|p1a: Cloyster\n|-unboost|p1a: Cloyster|atk|1\n|-unboost|p1a: Cloyster|spa|1\n|-enditem|p1a: Cloyster|White Herb\n|-clearnegativeboost|p1a: Cloyster|[silent]\n|\n|t:|1638111207\n|switch|p2a: Rotom|Rotom-Wash, L82|216\/216\n|move|p1a: Cloyster|Shell Smash|p1a: Cloyster\n|-unboost|p1a: Cloyster|def|1\n|-unboost|p1a: Cloyster|spd|1\n|-boost|p1a: Cloyster|atk|2\n|-boost|p1a: Cloyster|spa|2\n|-boost|p1a: Cloyster|spe|2\n|\n|upkeep\n|turn|2\n|\n|t:|1638111215\n|-start|p1a: Cloyster|Dynamax\n|-heal|p1a: Cloyster|422\/422|[silent]\n|move|p1a: Cloyster|Max Rockfall|p2a: Rotom\n|-damage|p2a: Rotom|71\/216\n|-weather|Sandstorm\n|move|p2a: Rotom|Volt Switch|p1a: Cloyster\n|-supereffective|p1a: Cloyster\n|-damage|p1a: Cloyster|18\/422\n|\n|t:|1638111228\n|switch|p2a: Arcanine|Arcanine, L82, M|282\/282\n|-ability|p2a: Arcanine|Intimidate|boost\n|-unboost|p1a: Cloyster|atk|1\n|\n|-weather|Sandstorm|[upkeep]\n|-damage|p1a: Cloyster|5\/422|[from] Sandstorm\n|-damage|p2a: Arcanine|265\/282|[from] Sandstorm\n|upkeep\n|turn|3\n|c|\u2606Quaaloods|fml\n|\n|t:|1638111240\n|switch|p2a: Silvally|Silvally-Ground, L84|297\/297\n|move|p1a: Cloyster|Max Geyser|p2a: Silvally\n|-supereffective|p2a: Silvally\n|-damage|p2a: Silvally|0 fnt\n|-weather|RainDance\n|faint|p2a: Silvally\n|\n|-weather|RainDance|[upkeep]\n|upkeep\n|\n|t:|1638111252\n|switch|p2a: Arcanine|Arcanine, L82, M|265\/282\n|-ability|p2a: Arcanine|Intimidate|boost\n|-unboost|p1a: Cloyster|atk|1\n|turn|4\n|\n|t:|1638111261\n|switch|p2a: Gigalith|Gigalith, L82, M|274\/274\n|-weather|Sandstorm|[from] ability: Sand Stream|[of] p2a: Gigalith\n|move|p1a: Cloyster|Max Geyser|p2a: Gigalith\n|-supereffective|p2a: Gigalith\n|-damage|p2a: Gigalith|0 fnt\n|-weather|RainDance\n|faint|p2a: Gigalith\n|\n|-weather|RainDance|[upkeep]\n|-end|p1a: Cloyster|Dynamax\n|-heal|p1a: Cloyster|3\/211|[silent]\n|upkeep\n|c|\u2606Quaaloods|lol\n|-message|swordsman.n forfeited.\n|\n|win|Quaaloods\n|raw|Quaaloods's rating: 1938 &rarr; <strong>1963<\/strong><br \/>(+25 for winning)\n|raw|swordsman.n's rating: 2025 &rarr; <strong>2000<\/strong><br \/>(-25 for losing)\n|l|\u2606swordsman.n\n","inputlog":">version 971a02061ab06a79496a119d923f85d6b67c3747\n>start {\"formatid\":\"gen8randombattle\",\"seed\":[45412,59623,16289,61486],\"rated\":\"Rated battle\"}\n>player p1 {\"name\":\"Quaaloods\",\"avatar\":\"guitarist-gen4\",\"rating\":1938,\"seed\":[56561,12455,24335,28102]}\n>player p2 {\"name\":\"swordsman.n\",\"avatar\":\"caitlin\",\"rating\":2025,\"seed\":[19515,59767,9175,38396]}\n>p1 move shellsmash\n>p2 move partingshot\n>p2 switch 3\n>p1 move rockblast dynamax\n>p2 move voltswitch\n>p2 switch 2\n>chat \u2606Quaaloods|fml\n>p1 move hydropump dynamax\n>p2 switch 3\n>p2 switch 3\n>p1 move hydropump dynamax\n>p2 switch 5\n>chat \u2606Quaaloods|lol\n>forcelose p2","uploadtime":1638111281,"views":8,"p1id":"quaaloods","p2id":"swordsmann","formatid":"gen8randombattle","rating":1963,"private":0,"password":null}