{"id":"gen8monotyperandombattle-1190068989","p1":"Chickpiee","p2":"Treecko my boi","format":"gen8monotyperandombattle","log":"|j|\u2606Chickpiee\n|j|\u2606Treecko my boi\n|t:|1600600537\n|player|p1|Chickpiee|caitlin|\n|player|p2|Treecko my boi|hiker-gen4|\n|teamsize|p1|6\n|teamsize|p2|6\n|gametype|singles\n|gen|8\n|tier|[Gen 8] Monotype Random Battle\n|rated|Tournament battle\n|rule|Same Type Clause: Pok\u00e9mon in a team must share a type\n|rule|HP Percentage Mod: HP is shown in percentages\n|rule|Sleep Clause Mod: Limit one foe put to sleep\n|\n|t:|1600600537\n|start\n|switch|p1a: Vileplume|Vileplume, L84, M|263\/263\n|switch|p2a: Mr. Rime|Mr. Rime, L88, M|284\/284\n|turn|1\n|inactive|Battle timer is ON: inactive players will automatically lose when time's up. (requested by Chickpiee)\n|j| Sanskriti99\n|j| Krishnakant\n|c|\u2606Chickpiee|Hf\n|j| SwastikMis123\n|j| Secret girls\n|c| Sanskriti99|o.o\n|j| Gakbd\n|c|\u2606Treecko my boi|You too bro\n|j| 101Djtushar\u2764\n|c| Secret girls|Hf\n|j| Helonium\n|c| 101Djtushar\u2764|Ye hai final ?\n|inactive|Chickpiee has 120 seconds left.\n|c|\u2606Treecko my boi|Yup\n|\n|t:|1600600570\n|move|p2a: Mr. Rime|Psychic|p1a: Vileplume\n|-supereffective|p1a: Vileplume\n|-damage|p1a: Vileplume|33\/263\n|move|p1a: Vileplume|Sludge Bomb|p2a: Mr. Rime\n|-damage|p2a: Mr. Rime|194\/284\n|\n|-heal|p1a: Vileplume|49\/263|[from] item: Black Sludge\n|upkeep\n|turn|2\n|c| Sanskriti99|Haan\n|c| Secret girls|Yes\n|c| Helonium|Treecko has advantage\n|j|%abd1710@!\n|\n|t:|1600600577\n|move|p2a: Mr. Rime|Psychic|p1a: Vileplume\n|-supereffective|p1a: Vileplume\n|-damage|p1a: Vileplume|0 fnt\n|faint|p1a: Vileplume\n|\n|upkeep\n|c| Secret girls|Oh out\n|\n|t:|1600600587\n|switch|p1a: Toxicroak|Toxicroak, L86, F|283\/283\n|turn|3\n|c| 101Djtushar\u2764|Fir bhi oj ne mention nuhi kiya\n|\n|t:|1600600592\n|move|p1a: Toxicroak|Gunk Shot|p2a: Mr. Rime\n|-damage|p2a: Mr. Rime|34\/284\n|-status|p2a: Mr. Rime|psn\n|move|p2a: Mr. Rime|Slack Off|p2a: Mr. Rime\n|-heal|p2a: Mr. Rime|176\/284 psn\n|\n|-damage|p2a: Mr. Rime|141\/284 psn|[from] psn\n|upkeep\n|turn|4\n|j| Thethunderbirds\n|c| Helonium|If its poison vs ice then maybe not\n|\n|t:|1600600601\n|move|p1a: Toxicroak|Gunk Shot|p2a: Mr. Rime\n|-damage|p2a: Mr. Rime|0 fnt\n|faint|p2a: Mr. Rime\n|\n|upkeep\n|c| Secret girls|Yes\n|l| Thethunderbirds\n|c| Helonium|But if its poi vs psy\n|c| Sanskriti99|-_-\n|\n|t:|1600600613\n|switch|p2a: Mr. Mime|Mr. Mime, L88, M|214\/214\n|turn|5\n|c|\u2606Chickpiee|Oh God\n|c| Sanskriti99|Rip\n|l| Secret girls\n|c|\u2606Treecko my boi|Mimey\n|c| Krishnakant|-_-\n|c| Helonium|Disadvantage oof\n|c| 101Djtushar\u2764|Kya ho gaya hai oj ko kid a ke gum me pagal to nuhi ho gaye\n|c|\u2606Chickpiee|My slow poison team\n|c| 101Djtushar\u2764|Lol\n|\n|t:|1600600641\n|switch|p1a: Weezing|Weezing-Galar, L82, F|241\/241\n|move|p2a: Mr. Mime|Psychic|p1a: Weezing\n|-supereffective|p1a: Weezing\n|-damage|p1a: Weezing|0 fnt\n|-damage|p2a: Mr. Mime|193\/214|[from] item: Life Orb\n|faint|p1a: Weezing\n|\n|upkeep\n|c| Sanskriti99|Mr. Rime, mr. Mime\n|\n|t:|1600600649\n|switch|p1a: Dragalge|Dragalge, L84, M|246\/246\n|turn|6\n|j| Abhk\n|j| Secret girls\n|\n|t:|1600600654\n|move|p2a: Mr. Mime|Psychic|p1a: Dragalge\n|-supereffective|p1a: Dragalge\n|-damage|p1a: Dragalge|25\/246\n|-damage|p2a: Mr. Mime|172\/214|[from] item: Life Orb\n|move|p1a: Dragalge|Sludge Wave|p2a: Mr. Mime\n|-supereffective|p2a: Mr. Mime\n|-damage|p2a: Mr. Mime|0 fnt\n|faint|p2a: Mr. Mime\n|\n|upkeep\n|c| Helonium|Mimey gonna kill em all\n|j| Shivam3299\n|\n|t:|1600600660\n|switch|p2a: Uxie|Uxie, L84|263\/263\n|turn|7\n|\n|t:|1600600665\n|move|p2a: Uxie|Psychic|p1a: Dragalge\n|-supereffective|p1a: Dragalge\n|-damage|p1a: Dragalge|0 fnt\n|faint|p1a: Dragalge\n|\n|upkeep\n|\n|t:|1600600670\n|switch|p1a: Crobat|Crobat, L82, F|274\/274\n|turn|8\n|c| Helonium|Forget what i said\n|c| 101Djtushar\u2764|Op mime\n|\n|t:|1600600674\n|move|p1a: Crobat|Toxic|p2a: Uxie\n|-status|p2a: Uxie|tox\n|move|p2a: Uxie|Psychic|p1a: Crobat\n|-supereffective|p1a: Crobat\n|-damage|p1a: Crobat|86\/274\n|\n|-damage|p2a: Uxie|247\/263 tox|[from] psn\n|upkeep\n|turn|9\n|\n|t:|1600600679\n|move|p1a: Crobat|Roost|p1a: Crobat\n|-heal|p1a: Crobat|223\/274\n|-singleturn|p1a: Crobat|move: Roost\n|move|p2a: Uxie|Psychic|p1a: Crobat\n|-supereffective|p1a: Crobat\n|-damage|p1a: Crobat|55\/274\n|\n|-heal|p2a: Uxie|263\/263 tox|[from] item: Leftovers\n|-damage|p2a: Uxie|231\/263 tox|[from] psn\n|upkeep\n|turn|10\n|\n|t:|1600600684\n|move|p1a: Crobat|Roost|p1a: Crobat\n|-heal|p1a: Crobat|192\/274\n|-singleturn|p1a: Crobat|move: Roost\n|move|p2a: Uxie|Yawn|p1a: Crobat\n|-start|p1a: Crobat|move: Yawn|[of] p2a: Uxie\n|\n|-heal|p2a: Uxie|247\/263 tox|[from] item: Leftovers\n|-damage|p2a: Uxie|199\/263 tox|[from] psn\n|upkeep\n|turn|11\n|\n|t:|1600600692\n|move|p1a: Crobat|U-turn|p2a: Uxie\n|-supereffective|p2a: Uxie\n|-damage|p2a: Uxie|135\/263 tox\n|c| Krishnakant|Lol\n|\n|t:|1600600696\n|switch|p1a: Nidoqueen|Nidoqueen, L84, F|288\/288\n|move|p2a: Uxie|Psychic|p1a: Nidoqueen\n|-supereffective|p1a: Nidoqueen\n|-damage|p1a: Nidoqueen|124\/288\n|\n|-heal|p2a: Uxie|151\/263 tox|[from] item: Leftovers\n|-damage|p2a: Uxie|87\/263 tox|[from] psn\n|upkeep\n|turn|12\n|\n|t:|1600600704\n|move|p2a: Uxie|Psychic|p1a: Nidoqueen\n|-supereffective|p1a: Nidoqueen\n|-damage|p1a: Nidoqueen|0 fnt\n|faint|p1a: Nidoqueen\n|\n|-heal|p2a: Uxie|103\/263 tox|[from] item: Leftovers\n|-damage|p2a: Uxie|23\/263 tox|[from] psn\n|upkeep\n|c|\u2606Treecko my boi|Your majesty\n|\n|t:|1600600711\n|switch|p1a: Crobat|Crobat, L82, F|192\/274\n|turn|13\n|\n|t:|1600600714\n|move|p1a: Crobat|Brave Bird|p2a: Uxie\n|-damage|p2a: Uxie|0 fnt\n|-damage|p1a: Crobat|184\/274|[from] Recoil\n|faint|p2a: Uxie\n|\n|upkeep\n|\n|t:|1600600719\n|switch|p2a: Mewtwo|Mewtwo, L72|272\/272\n|-ability|p2a: Mewtwo|Unnerve|p1: Chickpiee\n|turn|14\n|\n|t:|1600600729\n|-start|p1a: Crobat|Dynamax\n|-heal|p1a: Crobat|368\/548|[silent]\n|move|p1a: Crobat|Max Airstream|p2a: Mewtwo\n|-damage|p2a: Mewtwo|125\/272\n|-boost|p1a: Crobat|spe|1\n|move|p2a: Mewtwo|Psystrike|p1a: Crobat\n|-supereffective|p1a: Crobat\n|-damage|p1a: Crobat|110\/548\n|\n|-heal|p2a: Mewtwo|142\/272|[from] item: Leftovers\n|upkeep\n|turn|15\n|c| Sanskriti99|o.o\n|c| Helonium|Treecko finish it by dynamaxing your next mon\n|c| 101Djtushar\u2764|Type disadvantage\n|c| Helonium|Gg treecko\n|\n|t:|1600600741\n|-start|p2a: Mewtwo|Dynamax\n|-heal|p2a: Mewtwo|284\/544|[silent]\n|move|p2a: Mewtwo|Max Guard|p2a: Mewtwo\n|-singleturn|p2a: Mewtwo|Max Guard\n|move|p1a: Crobat|Max Flutterby|p2a: Mewtwo\n|-activate|p2a: Mewtwo|move: Max Guard\n|\n|-heal|p2a: Mewtwo|301\/544|[from] item: Leftovers\n|upkeep\n|turn|16\n|c| Secret girls|Chup chap dekho\n|\n|t:|1600600751\n|move|p1a: Crobat|Max Flutterby|p2a: Mewtwo\n|-supereffective|p2a: Mewtwo\n|-damage|p2a: Mewtwo|123\/544\n|-unboost|p2a: Mewtwo|spa|1\n|move|p2a: Mewtwo|Max Mindstorm|p1a: Crobat\n|-supereffective|p1a: Crobat\n|-damage|p1a: Crobat|0 fnt\n|-fieldstart|move: Psychic Terrain\n|faint|p1a: Crobat\n|\n|-heal|p2a: Mewtwo|140\/544|[from] item: Leftovers\n|upkeep\n|c| Secret girls|Pls\n|\n|t:|1600600754\n|switch|p1a: Toxicroak|Toxicroak, L86, F|283\/283\n|turn|17\n|c|%abd1710|Helonium don't ghost\n|\n|t:|1600600758\n|move|p2a: Mewtwo|Max Mindstorm|p1a: Toxicroak\n|-supereffective|p1a: Toxicroak\n|-damage|p1a: Toxicroak|0 fnt\n|faint|p1a: Toxicroak\n|\n|win|Treecko my boi\n","inputlog":">version 360668b00e8469b0b2e96100b012fe6ff0abcaec\n>version-origin 5d714fbb5668ce46b55f2f7b758301f789b05eaf\n>start {\"formatid\":\"gen8monotyperandombattle\",\"seed\":[55952,47977,34281,10297],\"rated\":\"Tournament battle\"}\n>player p1 {\"name\":\"Chickpiee\",\"avatar\":\"caitlin\",\"team\":\"\",\"rating\":0,\"seed\":[50462,40754,33950,13306]}\n>player p2 {\"name\":\"Treecko my boi\",\"avatar\":\"hiker-gen4\",\"team\":\"\",\"rating\":0,\"seed\":[47038,27617,18808,39413]}\n>chat \u2606Chickpiee|Hf\n>chat  Sanskriti99|o.o\n>chat \u2606Treecko my boi|You too bro\n>chat  Secret girls|Hf\n>chat  101Djtushar\u2764|Ye hai final ?\n>chat \u2606Treecko my boi|Yup\n>p1 move sludgebomb\n>p2 move psychic\n>chat  Sanskriti99|Haan\n>chat  Secret girls|Yes\n>chat  Helonium|Treecko has advantage\n>p1 move sludgebomb\n>p2 move psychic\n>chat  Secret girls|Oh out\n>p1 switch 5\n>chat  101Djtushar\u2764|Fir bhi oj ne mention nuhi kiya \n>p1 move gunkshot\n>p2 move slackoff\n>chat  Helonium|If its poison vs ice then maybe not\n>p1 move gunkshot\n>p2 move psychic\n>chat  Secret girls|Yes\n>chat  Helonium|But if its poi vs psy\n>chat  Sanskriti99| -_-\n>p2 switch 5\n>chat \u2606Chickpiee|Oh God\n>chat  Sanskriti99|Rip\n>chat \u2606Treecko my boi|Mimey\n>chat  Krishnakant|-_-\n>chat  Helonium|Disadvantage oof\n>chat  101Djtushar\u2764|Kya ho gaya hai oj ko kid a ke gum me pagal to nuhi ho gaye \n>chat \u2606Chickpiee|My slow poison team\n>chat  101Djtushar\u2764|Lol\n>p1 switch 2\n>p2 move psychic\n>chat  Sanskriti99|Mr. Rime, mr. Mime\n>p1 switch 6\n>p1 move sludgewave\n>p2 move psychic\n>chat  Helonium|Mimey gonna kill em all\n>p2 switch 6\n>p1 move sludgewave\n>p2 move psychic\n>p1 switch 4\n>chat  Helonium|Forget what i said\n>chat  101Djtushar\u2764|Op mime\n>p1 move toxic\n>p2 move psychic\n>p1 move roost\n>p2 move psychic\n>p1 move roost\n>p2 move yawn\n>p1 move uturn\n>p2 move psychic\n>chat  Krishnakant|Lol\n>p1 switch 3\n>p1 move toxicspikes\n>p2 move psychic\n>chat \u2606Treecko my boi|Your majesty\n>p1 switch 3\n>p1 move bravebird\n>p2 move psychic\n>p2 switch 4\n>p1 move bravebird dynamax\n>p2 move psystrike\n>chat  Sanskriti99|o.o\n>chat  Helonium|Treecko finish it by dynamaxing your next mon\n>chat  101Djtushar\u2764|Type disadvantage \n>chat  Helonium|Gg treecko\n>p1 move uturn dynamax\n>p2 move nastyplot dynamax\n>chat  Secret girls|Chup chap dekho\n>p1 move uturn dynamax\n>p2 move psystrike dynamax\n>chat  Secret girls|Pls\n>p1 switch 2\n>chat %abd1710|Helonium don't ghost\n>p1 move substitute\n>p2 move psystrike dynamax","uploadtime":1600600760,"views":2,"p1id":"chickpiee","p2id":"treeckomyboi","formatid":"gen8monotyperandombattle","rating":0,"private":0,"password":null}