{"id":"gen8randombattle-1706966115","p1":"Endistic","p2":"IncandescentCandle","format":"gen8randombattle","log":"|j|\u2606Endistic\n|j|\u2606IncandescentCandle\n|t:|1668037104\n|gametype|singles\n|player|p1|Endistic|169|\n|player|p2|IncandescentCandle|idol|\n|teamsize|p1|6\n|teamsize|p2|6\n|gen|8\n|tier|[Gen 8] Random Battle\n|rule|Species Clause: Limit one of each Pok\u00e9mon\n|rule|HP Percentage Mod: HP is shown in percentages\n|rule|Sleep Clause Mod: Limit one foe put to sleep\n|\n|t:|1668037104\n|start\n|switch|p1a: Glastrier|Glastrier, L82|298\/298\n|switch|p2a: Haxorus|Haxorus, L77, M|244\/244\n|-ability|p2a: Haxorus|Mold Breaker\n|turn|1\n|c|\u2606IncandescentCandle|Amazing lead\n|c|\u2606IncandescentCandle|But, glhfr\n|\n|t:|1668037122\n|switch|p2a: Slowking|Slowking, L86, M|304\/304\n|move|p1a: Glastrier|Close Combat|p2a: Slowking\n|-resisted|p2a: Slowking\n|-damage|p2a: Slowking|250\/304\n|-unboost|p1a: Glastrier|def|1\n|-unboost|p1a: Glastrier|spd|1\n|\n|-heal|p2a: Slowking|269\/304|[from] item: Leftovers\n|upkeep\n|turn|2\n|\n|t:|1668037135\n|move|p2a: Slowking|Toxic|p1a: Glastrier\n|-status|p1a: Glastrier|tox\n|move|p1a: Glastrier|Close Combat|p2a: Slowking\n|-resisted|p2a: Slowking\n|-damage|p2a: Slowking|209\/304\n|-unboost|p1a: Glastrier|def|1\n|-unboost|p1a: Glastrier|spd|1\n|\n|-heal|p2a: Slowking|228\/304|[from] item: Leftovers\n|-damage|p1a: Glastrier|280\/298 tox|[from] psn\n|upkeep\n|turn|3\n|\n|t:|1668037145\n|move|p2a: Slowking|Scald|p1a: Glastrier\n|-crit|p1a: Glastrier\n|-damage|p1a: Glastrier|36\/298 tox\n|move|p1a: Glastrier|Close Combat|p2a: Slowking\n|-resisted|p2a: Slowking\n|-damage|p2a: Slowking|172\/304\n|-unboost|p1a: Glastrier|def|1\n|-unboost|p1a: Glastrier|spd|1\n|\n|-heal|p2a: Slowking|191\/304|[from] item: Leftovers\n|-damage|p1a: Glastrier|0 fnt|[from] psn\n|faint|p1a: Glastrier\n|upkeep\n|j| guilfrango2008\n|c|\u2606IncandescentCandle|Oh\n|c|\u2606Endistic|i am spamming close combat deal with it\n|c|\u2606Endistic|nooo\n|\n|t:|1668037164\n|switch|p1a: Mamoswine|Mamoswine, L80, F|307\/307\n|turn|4\n|l| guilfrango2008\n|c|\u2606IncandescentCandle|Why do you have one billion threats\n|j| Sammmmmmmmmmmmm\n|c|\u2606Endistic|i dont know\n|\n|t:|1668037192\n|switch|p2a: Lugia|Lugia, L74|279\/279\n|move|p1a: Mamoswine|Superpower|p2a: Lugia\n|-resisted|p2a: Lugia\n|-damage|p2a: Lugia|269\/279\n|-unboost|p1a: Mamoswine|atk|1\n|-unboost|p1a: Mamoswine|def|1\n|\n|upkeep\n|turn|5\n|c| Sammmmmmmmmmmmm|:o\n|c|\u2606IncandescentCandle|Hey!\n|c|\u2606Endistic|hello\n|c| Sammmmmmmmmmmmm|hi\n|c|\u2606Endistic|i have no clue what im doing lmao\n|c|\u2606IncandescentCandle|Samm, this is Endistic\n|c|\u2606IncandescentCandle|Endistic, this is Samm\n|c| Sammmmmmmmmmmmm|hi\n|\n|t:|1668037221\n|move|p1a: Mamoswine|Superpower|p2a: Lugia\n|-resisted|p2a: Lugia\n|-damage|p2a: Lugia|257\/279\n|-unboost|p1a: Mamoswine|atk|1\n|-unboost|p1a: Mamoswine|def|1\n|move|p2a: Lugia|Toxic|p1a: Mamoswine\n|-status|p1a: Mamoswine|tox\n|\n|-damage|p1a: Mamoswine|288\/307 tox|[from] psn\n|upkeep\n|turn|6\n|c|\u2606Endistic|hi samm\n|c|\u2606IncandescentCandle|I feel as though you don't know your type matchups\n|\n|t:|1668037240\n|move|p1a: Mamoswine|Superpower|p2a: Lugia\n|-resisted|p2a: Lugia\n|-damage|p2a: Lugia|247\/279\n|-unboost|p1a: Mamoswine|atk|1\n|-unboost|p1a: Mamoswine|def|1\n|move|p2a: Lugia|Roost|p2a: Lugia\n|-heal|p2a: Lugia|279\/279\n|-singleturn|p2a: Lugia|move: Roost\n|\n|-damage|p1a: Mamoswine|250\/307 tox|[from] psn\n|upkeep\n|turn|7\n|c|\u2606Endistic|i don't\n|c|\u2606IncandescentCandle|You should probably learn those\n|c|\u2606Endistic|i will dw\n|c|\u2606IncandescentCandle|Alr cool\n|c| Sammmmmmmmmmmmm|whats going on\n|\n|t:|1668037270\n|switch|p2a: Crobat|Crobat, L82, F|274\/274\n|move|p1a: Mamoswine|Superpower|p2a: Crobat\n|-resisted|p2a: Crobat\n|-damage|p2a: Crobat|262\/274\n|-unboost|p1a: Mamoswine|atk|1\n|-unboost|p1a: Mamoswine|def|1\n|\n|-damage|p1a: Mamoswine|193\/307 tox|[from] psn\n|upkeep\n|turn|8\n|c|\u2606IncandescentCandle|Endi's a friend of mine\n|c|\u2606Endistic|yes\n|c| Sammmmmmmmmmmmm|are you new to pokemon\n|c|\u2606IncandescentCandle|Yeah\n|c|\u2606Endistic|!weak Crobat\n|c| Endistic|\/raw <div class=\"infobox\">Crobat (ignoring abilities):<br \/><span class=\"message-effect-weak\">Weaknesses<\/span>: Electric, Ice, Psychic, Rock<br \/><span class=\"message-effect-resist\">Resistances<\/span>: <b>Bug<\/b>, Fairy, <b>Fighting<\/b>, <b>Grass<\/b>, Poison<br \/><span class=\"message-effect-immune\">Immunities<\/span>: Ground, Toxic<\/div>\n|\n|t:|1668037302\n|switch|p1a: Gigalith|Gigalith, L82, F|274\/274\n|-weather|Sandstorm|[from] ability: Sand Stream|[of] p1a: Gigalith\n|move|p2a: Crobat|Brave Bird|p1a: Gigalith\n|-resisted|p1a: Gigalith\n|-damage|p1a: Gigalith|233\/274\n|-damage|p2a: Crobat|248\/274|[from] Recoil\n|\n|-weather|Sandstorm|[upkeep]\n|-damage|p2a: Crobat|231\/274|[from] Sandstorm\n|-heal|p1a: Gigalith|250\/274|[from] item: Leftovers\n|upkeep\n|turn|9\n|c|\u2606IncandescentCandle|yo they gave me haxorus+stall\n|c| Sammmmmmmmmmmmm|based\n|\n|t:|1668037339\n|switch|p2a: Slowking|Slowking, L86, M|292\/304\n|move|p1a: Gigalith|Stone Edge|p2a: Slowking\n|-damage|p2a: Slowking|165\/304\n|\n|-weather|Sandstorm|[upkeep]\n|-damage|p2a: Slowking|146\/304|[from] Sandstorm\n|-heal|p2a: Slowking|165\/304|[from] item: Leftovers\n|-heal|p1a: Gigalith|267\/274|[from] item: Leftovers\n|upkeep\n|turn|10\n|c|\u2606IncandescentCandle|well ig crobat is more pivoty\n|c|\u2606Endistic|weaknesses go brrr\n|c|\u2606Endistic|!weak Slowking\n|c| Endistic|\/raw <div class=\"infobox\">Slowking (ignoring abilities):<br \/><span class=\"message-effect-weak\">Weaknesses<\/span>: Bug, Dark, Electric, Ghost, Grass<br \/><span class=\"message-effect-resist\">Resistances<\/span>: Fighting, Fire, Ice, Psychic, Steel, Water<br \/><span class=\"message-effect-immune\">Immunities<\/span>: <font color=#999999>None<\/font><\/div>\n|c|\u2606IncandescentCandle|I can't believe I have to calc for this mf\n|\n|t:|1668037381\n|switch|p1a: Rillaboom|Rillaboom, L78, M|284\/284\n|-fieldstart|move: Grassy Terrain|[from] ability: Grassy Surge|[of] p1a: Rillaboom\n|move|p2a: Slowking|Scald|p1a: Rillaboom\n|-resisted|p1a: Rillaboom\n|-damage|p1a: Rillaboom|225\/284\n|\n|-weather|Sandstorm|[upkeep]\n|-damage|p1a: Rillaboom|208\/284|[from] Sandstorm\n|-damage|p2a: Slowking|146\/304|[from] Sandstorm\n|-heal|p1a: Rillaboom|225\/284|[from] Grassy Terrain\n|-heal|p2a: Slowking|165\/304|[from] Grassy Terrain\n|-heal|p2a: Slowking|184\/304|[from] item: Leftovers\n|upkeep\n|turn|11\n|c|\u2606IncandescentCandle|mmm\n|c|\u2606IncandescentCandle|monke\n|c|\u2606Endistic|mmm\n|\n|t:|1668037407\n|switch|p2a: Vileplume|Vileplume, L84, M|263\/263\n|move|p1a: Rillaboom|Grassy Glide|p2a: Vileplume\n|-resisted|p2a: Vileplume\n|-damage|p2a: Vileplume|227\/263\n|-damage|p1a: Rillaboom|197\/284|[from] item: Life Orb\n|\n|-weather|Sandstorm|[upkeep]\n|-damage|p1a: Rillaboom|180\/284|[from] Sandstorm\n|-damage|p2a: Vileplume|211\/263|[from] Sandstorm\n|-heal|p1a: Rillaboom|197\/284|[from] Grassy Terrain\n|-heal|p2a: Vileplume|227\/263|[from] Grassy Terrain\n|-heal|p2a: Vileplume|243\/263|[from] item: Black Sludge\n|upkeep\n|turn|12\n|c|\u2606Endistic|uyh ioh\n|c|\u2606IncandescentCandle|Samm I'm willing to simul\n|c|\u2606Endistic|i can't counter this\n|c|\u2606IncandescentCandle|Send the challenge over\n|c|\u2606IncandescentCandle|If you're still here ofc\n|\n|t:|1668037452\n|switch|p1a: Eternatus|Eternatus, L69|308\/308\n|-ability|p1a: Eternatus|Pressure\n|move|p2a: Vileplume|Sleep Powder|p1a: Eternatus\n|-status|p1a: Eternatus|slp|[from] move: Sleep Powder\n|\n|-weather|none\n|-heal|p2a: Vileplume|259\/263|[from] Grassy Terrain\n|-heal|p2a: Vileplume|263\/263|[from] item: Black Sludge\n|upkeep\n|turn|13\n|c|\u2606Endistic|FUNNY NUMBER LEVEL GO\n|c| Sammmmmmmmmmmmm|huh\n|\n|t:|1668037498\n|switch|p2a: Slowking|Slowking, L86, M|285\/304\n|cant|p1a: Eternatus|slp\n|\n|-heal|p2a: Slowking|304\/304|[from] Grassy Terrain\n|upkeep\n|turn|14\n|\n|t:|1668037523\n|switch|p1a: Rillaboom|Rillaboom, L78, M|197\/284\n|move|p2a: Slowking|Psyshock|p1a: Rillaboom\n|-damage|p1a: Rillaboom|107\/284\n|\n|-heal|p1a: Rillaboom|124\/284|[from] Grassy Terrain\n|-fieldend|move: Grassy Terrain\n|upkeep\n|turn|15\n|\n|t:|1668037546\n|switch|p2a: Vileplume|Vileplume, L84, M|263\/263\n|move|p1a: Rillaboom|Knock Off|p2a: Vileplume\n|-damage|p2a: Vileplume|159\/263\n|-enditem|p2a: Vileplume|Black Sludge|[from] move: Knock Off|[of] p1a: Rillaboom\n|-damage|p1a: Rillaboom|96\/284|[from] item: Life Orb\n|\n|upkeep\n|turn|16\n|c|\u2606Endistic|hm.\n|\n|t:|1668037574\n|move|p1a: Rillaboom|Swords Dance|p1a: Rillaboom\n|-boost|p1a: Rillaboom|atk|2\n|move|p2a: Vileplume|Strength Sap|p1a: Rillaboom\n|-unboost|p1a: Rillaboom|atk|1\n|-heal|p2a: Vileplume|263\/263\n|\n|upkeep\n|turn|17\n|c|\u2606IncandescentCandle|wtf sap works on grass types?\n|c|\u2606IncandescentCandle|i didn't know that\n|c|\u2606Endistic|bro what am i supposed to do :sob:\n|c|\u2606Endistic|i have no fire flying ice or psychisc types\n|\n|t:|1668037608\n|move|p1a: Rillaboom|Knock Off|p2a: Vileplume\n|-damage|p2a: Vileplume|163\/263\n|-damage|p1a: Rillaboom|68\/284|[from] item: Life Orb\n|move|p2a: Vileplume|Sludge Bomb|p1a: Rillaboom\n|-supereffective|p1a: Rillaboom\n|-damage|p1a: Rillaboom|0 fnt\n|faint|p1a: Rillaboom\n|\n|upkeep\n|c|\u2606Endistic|aww\n|\n|t:|1668037621\n|switch|p1a: Toxicroak|Toxicroak, L84, F|277\/277\n|turn|18\n|c|\u2606IncandescentCandle|mamoswine is an ice type\n|\n|t:|1668037634\n|switch|p1a: Mamoswine|Mamoswine, L80, F|193\/307 tox\n|move|p2a: Vileplume|Strength Sap|p1a: Mamoswine\n|-unboost|p1a: Mamoswine|atk|1\n|-heal|p2a: Vileplume|263\/263\n|\n|-damage|p1a: Mamoswine|174\/307 tox|[from] psn\n|upkeep\n|turn|19\n|c|\u2606Endistic|oh\n|c|\u2606Endistic|bro baited me into 0.67x atk i think\n|c|\u2606Endistic|!weak Vileplume\n|c| Endistic|\/raw <div class=\"infobox\">Vileplume (ignoring abilities):<br \/><span class=\"message-effect-weak\">Weaknesses<\/span>: Fire, Flying, Ice, Psychic<br \/><span class=\"message-effect-resist\">Resistances<\/span>: Electric, Fairy, Fighting, <b>Grass<\/b>, Water<br \/><span class=\"message-effect-immune\">Immunities<\/span>: Powder moves, Toxic<\/div>\n|c|\u2606Endistic|oh my god\n|c|\u2606Endistic|oh wait\n|c|\u2606Endistic|no\n|c|\u2606Endistic|yes\n|\n|t:|1668037668\n|switch|p2a: Slowking|Slowking, L86, M|304\/304\n|move|p1a: Mamoswine|Icicle Crash|p2a: Slowking\n|-resisted|p2a: Slowking\n|-damage|p2a: Slowking|264\/304\n|\n|-heal|p2a: Slowking|283\/304|[from] item: Leftovers\n|-damage|p1a: Mamoswine|136\/307 tox|[from] psn\n|upkeep\n|turn|20\n|c|\u2606Endistic|WHY\n|c|\u2606Endistic|h\n|c|\u2606Endistic|h\n|c|\u2606Endistic|h\n|c|\u2606Endistic|h\n|c|\u2606Endistic|h\n|c|\u2606Endistic|h\n|c|\u2606Endistic|i am locked into iceclce chrash sob\n|c|\u2606IncandescentCandle|I needed to preserve Vileplume\n|\n|t:|1668037700\n|move|p1a: Mamoswine|Icicle Crash|p2a: Slowking\n|-resisted|p2a: Slowking\n|-damage|p2a: Slowking|244\/304\n|move|p2a: Slowking|Psyshock|p1a: Mamoswine\n|-damage|p1a: Mamoswine|28\/307 tox\n|\n|-heal|p2a: Slowking|263\/304|[from] item: Leftovers\n|-damage|p1a: Mamoswine|0 fnt|[from] psn\n|faint|p1a: Mamoswine\n|upkeep\n|\n|t:|1668037710\n|switch|p1a: Toxicroak|Toxicroak, L84, F|277\/277\n|turn|21\n|c|\u2606Endistic|ok frick it imma just do whatever\n|c|\u2606Endistic|no shot im winning\n|\n|t:|1668037743\n|move|p1a: Toxicroak|Gunk Shot|p2a: Slowking\n|-crit|p2a: Slowking\n|-damage|p2a: Slowking|44\/304\n|move|p2a: Slowking|Psyshock|p1a: Toxicroak\n|-supereffective|p1a: Toxicroak\n|-damage|p1a: Toxicroak|0 fnt\n|faint|p1a: Toxicroak\n|\n|-heal|p2a: Slowking|63\/304|[from] item: Leftovers\n|upkeep\n|c|\u2606IncandescentCandle|OW\n|c|\u2606Endistic|wHAT\n|\n|t:|1668037758\n|switch|p1a: Gigalith|Gigalith, L82, F|267\/274\n|-weather|Sandstorm|[from] ability: Sand Stream|[of] p1a: Gigalith\n|turn|22\n|c|\u2606Endistic|im literally just pressing random buttons lmao\n|c|\u2606IncandescentCandle|did you not see the damage\n|\n|t:|1668037776\n|move|p2a: Slowking|Scald|p1a: Gigalith\n|-supereffective|p1a: Gigalith\n|-crit|p1a: Gigalith\n|-damage|p1a: Gigalith|61\/274\n|-status|p1a: Gigalith|brn\n|move|p1a: Gigalith|Stone Edge|p2a: Slowking|[miss]\n|-miss|p1a: Gigalith|p2a: Slowking\n|\n|-weather|Sandstorm|[upkeep]\n|-damage|p2a: Slowking|44\/304|[from] Sandstorm\n|-heal|p2a: Slowking|63\/304|[from] item: Leftovers\n|-heal|p1a: Gigalith|78\/274 brn|[from] item: Leftovers\n|-damage|p1a: Gigalith|61\/274 brn|[from] brn\n|upkeep\n|turn|23\n|c|\u2606Endistic|(The opposing Slowking lost 72% of its health!)\n|c|\u2606Endistic|:skull:\n|c|\u2606Endistic|(Gigalith lost 75.2% of its health!) maybe 72% isn't that bad?\n|\n|t:|1668037842\n|move|p2a: Slowking|Scald|p1a: Gigalith\n|-supereffective|p1a: Gigalith\n|-damage|p1a: Gigalith|0 fnt\n|faint|p1a: Gigalith\n|\n|-weather|Sandstorm|[upkeep]\n|-damage|p2a: Slowking|44\/304|[from] Sandstorm\n|-heal|p2a: Slowking|63\/304|[from] item: Leftovers\n|upkeep\n|\n|t:|1668037850\n|switch|p1a: Eternatus|Eternatus, L69|308\/308 slp\n|-ability|p1a: Eternatus|Pressure\n|turn|24\n|c|\u2606Endistic|oh hey the funny\n|\n|t:|1668037861\n|cant|p1a: Eternatus|slp\n|move|p2a: Slowking|Psyshock|p1a: Eternatus\n|-supereffective|p1a: Eternatus\n|-damage|p1a: Eternatus|80\/308 slp\n|\n|-weather|Sandstorm|[upkeep]\n|-damage|p1a: Eternatus|61\/308 slp|[from] Sandstorm\n|-damage|p2a: Slowking|44\/304|[from] Sandstorm\n|-heal|p1a: Eternatus|80\/308 slp|[from] item: Black Sludge\n|-heal|p2a: Slowking|63\/304|[from] item: Leftovers\n|upkeep\n|turn|25\n|c|\u2606IncandescentCandle|indeeed\n|c|\u2606Endistic|nvm not funny\n|c|\u2606Endistic|THIS IS NOT FUNNY\n|c|\u2606Endistic|jk yes it is?\n|c|\u2606Endistic|maybe?\n|c|\u2606Endistic|maybeeeEE????\n|c|\u2606IncandescentCandle|maybe\n|\n|t:|1668037922\n|cant|p1a: Eternatus|slp\n|move|p2a: Slowking|Psyshock|p1a: Eternatus\n|-supereffective|p1a: Eternatus\n|-damage|p1a: Eternatus|0 fnt\n|faint|p1a: Eternatus\n|\n|win|IncandescentCandle\n|c|\u2606IncandescentCandle|nope\n|c|\u2606Endistic|nope ok\n|c|\u2606Endistic|that was not funny\n|c|\u2606Endistic|that was very depressing actually gg\n|c|\u2606IncandescentCandle|gg\n","inputlog":">version 453a3ad56483cc6a5c08448f6577d394b68621b7\n>start {\"formatid\":\"gen8randombattle\",\"seed\":[57624,54798,49503,57444]}\n>player p1 {\"name\":\"Endistic\",\"avatar\":\"169\",\"rating\":0,\"seed\":[62839,42217,21277,9670]}\n>player p2 {\"name\":\"IncandescentCandle\",\"avatar\":\"idol\",\"rating\":0,\"seed\":[51375,40534,11118,55794]}\n>chat \u2606IncandescentCandle|Amazing lead \n>chat \u2606IncandescentCandle|But, glhfr\n>p1 move closecombat\n>p2 switch 6\n>p1 move closecombat\n>p2 move toxic\n>p1 move closecombat\n>p2 move scald\n>chat \u2606IncandescentCandle|Oh\n>chat \u2606Endistic|i am spamming close combat deal with it\n>chat \u2606Endistic|nooo\n>p1 switch 2\n>chat \u2606IncandescentCandle|Why do you have one billion threats\n>chat \u2606Endistic|i dont know\n>p1 move superpower\n>p2 switch 2\n>chat  Sammmmmmmmmmmmm|:o\n>chat \u2606IncandescentCandle|Hey!\n>chat \u2606Endistic|hello\n>chat  Sammmmmmmmmmmmm|hi\n>chat \u2606Endistic|i have no clue what im doing lmao\n>chat \u2606IncandescentCandle|Samm, this is Endistic\n>chat \u2606IncandescentCandle|Endistic, this is Samm\n>chat  Sammmmmmmmmmmmm|hi\n>p1 move superpower\n>p2 move toxic\n>chat \u2606Endistic|hi samm\n>chat \u2606IncandescentCandle|I feel as though you don't know your type matchups\n>p1 move superpower\n>p2 move roost\n>chat \u2606Endistic|i don't\n>chat \u2606IncandescentCandle|You should probably learn those\n>chat \u2606Endistic|i will dw\n>chat \u2606IncandescentCandle|Alr cool\n>chat  Sammmmmmmmmmmmm|whats going on\n>p1 move superpower\n>p2 switch 5\n>chat \u2606IncandescentCandle|Endi's a friend of mine\n>chat \u2606Endistic|yes\n>chat  Sammmmmmmmmmmmm|are you new to pokemon\n>chat \u2606IncandescentCandle|Yeah\n>chat \u2606Endistic|!weak Crobat\n>p1 switch 6\n>p2 move bravebird\n>chat \u2606IncandescentCandle|yo they gave me haxorus+stall\n>chat  Sammmmmmmmmmmmm|based\n>p1 move stoneedge\n>p2 switch 2\n>chat \u2606IncandescentCandle|well ig crobat is more pivoty\n>chat \u2606Endistic|weaknesses go brrr\n>chat \u2606Endistic|!weak Slowking\n>chat \u2606IncandescentCandle|I can't believe I have to calc for this mf\n>p1 switch 3\n>p2 move scald\n>chat \u2606IncandescentCandle|mmm\n>chat \u2606IncandescentCandle|monke\n>chat \u2606Endistic|mmm\n>p1 move grassyglide\n>p2 switch 3\n>chat \u2606Endistic|.\n>chat \u2606Endistic|uyh ioh\n>chat \u2606IncandescentCandle|Samm I'm willing to simul\n>chat \u2606Endistic|i can't counter this\n>chat \u2606IncandescentCandle|Send the challenge over\n>chat \u2606IncandescentCandle|If you're still here ofc\n>p1 switch 4\n>p2 move sleeppowder\n>chat \u2606Endistic|FUNNY NUMBER LEVEL GO\n>chat  Sammmmmmmmmmmmm|huh\n>p1 move flamethrower\n>p2 switch 3\n>p1 switch 4\n>p2 move psyshock\n>p1 move knockoff\n>p2 switch 3\n>chat \u2606Endistic|hm.\n>p1 move swordsdance\n>p2 move strengthsap\n>chat \u2606IncandescentCandle|wtf sap works on grass types?\n>chat \u2606IncandescentCandle|i didn't know that\n>chat \u2606Endistic|bro what am i supposed to do :sob:\n>chat \u2606Endistic|i have no fire flying ice or psychisc types\n>p1 move knockoff\n>p2 move sludgebomb\n>chat \u2606Endistic|aww\n>p1 switch 5\n>chat \u2606IncandescentCandle|mamoswine is an ice type\n>p1 switch 6\n>p2 move strengthsap\n>chat \u2606Endistic|oh\n>chat \u2606Endistic|bro baited me into 0.67x atk i think\n>chat \u2606Endistic|!weak Vileplume\n>chat \u2606Endistic|oh my god\n>chat \u2606Endistic|oh wait\n>chat \u2606Endistic|no\n>chat \u2606Endistic|yes\n>p1 move iciclecrash\n>p2 switch 3\n>chat \u2606Endistic|WHY\n>chat \u2606Endistic|h\n>chat \u2606Endistic|h\n>chat \u2606Endistic|h\n>chat \u2606Endistic|h\n>chat \u2606Endistic|h\n>chat \u2606Endistic|h\n>chat \u2606Endistic|i am locked into iceclce chrash sob\n>chat \u2606IncandescentCandle|I needed to preserve Vileplume\n>p1 move iciclecrash\n>p2 move psyshock\n>p1 switch 6\n>chat \u2606Endistic|ok frick it imma just do whatever\n>chat \u2606Endistic|no shot im winning\n>p1 move gunkshot\n>p2 move psyshock\n>chat \u2606IncandescentCandle|OW\n>chat \u2606Endistic|wHAT\n>p1 switch 3\n>chat \u2606Endistic|im literally just pressing random buttons lmao\n>chat \u2606IncandescentCandle|did you not see the damage\n>p1 move stoneedge\n>p2 move scald\n>chat \u2606Endistic|(The opposing Slowking lost 72% of its health!)\n>chat \u2606Endistic|:skull:\n>chat \u2606Endistic|(Gigalith lost 75.2% of its health!) maybe 72% isn't that bad?\n>p1 move stealthrock\n>p2 move scald\n>p1 switch 4\n>chat \u2606Endistic|oh hey the funny\n>p1 move recover\n>p2 move psyshock\n>chat \u2606IncandescentCandle|indeeed\n>chat \u2606Endistic|nvm not funny\n>chat \u2606Endistic|THIS IS NOT FUNNY\n>chat \u2606Endistic|jk yes it is?\n>chat \u2606Endistic|maybe?\n>chat \u2606Endistic|maybeeeEE????\n>chat \u2606IncandescentCandle|maybe\n>p1 move recover\n>p2 move psyshock","uploadtime":1668037937,"views":6,"p1id":"endistic","p2id":"incandescentcandle","formatid":"gen8randombattle","rating":0,"private":0,"password":null}