{"id":"gen8monotyperandombattle-1581956971","p1":"ah sahm","p2":"Eclipse77","format":"gen8monotyperandombattle","log":"|j|\u2606ah sahm\n|j|\u2606Eclipse77\n|inactive|Battle timer is ON: inactive players will automatically lose when time's up.\n|t:|1653419949\n|gametype|singles\n|player|p1|ah sahm|pokemonbreeder-gen8|\n|player|p2|Eclipse77|170|\n|teamsize|p1|6\n|teamsize|p2|6\n|gen|8\n|tier|[Gen 8] Monotype Random Battle\n|rated|Tournament battle\n|rule|Same Type Clause: Pok\u00e9mon in a team must share a type\n|rule|HP Percentage Mod: HP is shown in percentages\n|rule|Sleep Clause Mod: Limit one foe put to sleep\n|rule|Inverse Mod: Weaknesses become resistances, while resistances and immunities become weaknesses.\n|rule|Species Clause: Limit one of each Pok\u00e9mon\n|rule|OHKO Clause: OHKO moves are banned\n|rule|Evasion Moves Clause: Evasion moves are banned\n|rule|Endless Battle Clause: Forcing endless battles is banned\n|rule|Dynamax Clause: You cannot dynamax\n|rule|Sleep Clause: Sleep-inducing moves are banned\n|rule|Evasion Abilities Clause: Evasion abilities are banned\n|clearpoke\n|poke|p1|Ninetales-Alola, L80, F|\n|poke|p1|Kyurem, L76|\n|poke|p1|Mr. Rime, L88, F|\n|poke|p1|Regice, L88|\n|poke|p1|Cloyster, L84, M|\n|poke|p1|Mamoswine, L82, M|\n|poke|p2|Sharpedo, L84, F|\n|poke|p2|Suicune, L84|\n|poke|p2|Blastoise, L86, M|\n|poke|p2|Gyarados, L82, F|\n|poke|p2|Qwilfish, L88, F|\n|poke|p2|Palkia, L76|\n|teampreview\n|c|\u2606ah sahm|!dt screen cleaner\n|raw|<ul class=\"utilichart\"><li class=\"result\"><span class=\"col namecol\"><a href=\"https:\/\/dex.pokemonshowdown.com\/abilities\/screencleaner\">Screen Cleaner<\/a><\/span> <span class=\"col abilitydesccol\">On switch-in, the effects of Aurora Veil, Light Screen, and Reflect end for both sides.<\/span> <\/li><li style=\"clear:both\"><\/li><\/ul>\n|raw|<font size=\"1\"><font color=\"#686868\">Gen:<\/font> 8<\/font>\n\n|c|\u2606Eclipse77|he's an opp fr\n|c|\u2606ah sahm|what kind of sabotage is that\n|c|\u2606ah sahm|enemy\n|inactive|Eclipse77 has 120 seconds left.\n|\n|t:|1653420004\n|start\n|switch|p1a: Ninetales|Ninetales-Alola, L80, F|248\/248\n|switch|p2a: Gyarados|Gyarados, L82, F|290\/290\n|-weather|Hail|[from] ability: Snow Warning|[of] p1a: Ninetales\n|turn|1\n|raw|ah sahm's team:<br \/><span style=\"white-space:nowrap\"><psicon pokemon=\"ninetalesalola\" \/>\/<\/span>&#8203;<span style=\"white-space:nowrap\"><psicon pokemon=\"kyurem\" \/>\/<\/span>&#8203;<span style=\"white-space:nowrap\"><psicon pokemon=\"mrrime\" \/>\/<\/span>&#8203;<span style=\"white-space:nowrap\"><psicon pokemon=\"regice\" \/>\/<\/span>&#8203;<span style=\"white-space:nowrap\"><psicon pokemon=\"cloyster\" \/>\/<\/span>&#8203;<span style=\"white-space:nowrap\"><psicon pokemon=\"mamoswine\" \/><\/span>\n|raw|Eclipse77's team:<br \/><span style=\"white-space:nowrap\"><psicon pokemon=\"gyarados\" \/>\/<\/span>&#8203;<span style=\"white-space:nowrap\"><psicon pokemon=\"suicune\" \/>\/<\/span>&#8203;<span style=\"white-space:nowrap\"><psicon pokemon=\"blastoise\" \/>\/<\/span>&#8203;<span style=\"white-space:nowrap\"><psicon pokemon=\"sharpedo\" \/>\/<\/span>&#8203;<span style=\"white-space:nowrap\"><psicon pokemon=\"qwilfish\" \/>\/<\/span>&#8203;<span style=\"white-space:nowrap\"><psicon pokemon=\"palkia\" \/><\/span>\n|j| trichotomy\n|\n|t:|1653420015\n|move|p2a: Gyarados|Waterfall|p1a: Ninetales\n|-damage|p1a: Ninetales|136\/248\n|move|p1a: Ninetales|Freeze-Dry|p2a: Gyarados\n|-damage|p2a: Gyarados|232\/290\n|\n|-weather|Hail|[upkeep]\n|-damage|p2a: Gyarados|214\/290|[from] Hail\n|upkeep\n|turn|2\n|raw|ah sahm's team:<br \/><span style=\"white-space:nowrap\"><psicon pokemon=\"ninetalesalola\" \/>\/<\/span>&#8203;<span style=\"white-space:nowrap\"><psicon pokemon=\"kyurem\" \/>\/<\/span>&#8203;<span style=\"white-space:nowrap\"><psicon pokemon=\"mrrime\" \/>\/<\/span>&#8203;<span style=\"white-space:nowrap\"><psicon pokemon=\"regice\" \/>\/<\/span>&#8203;<span style=\"white-space:nowrap\"><psicon pokemon=\"cloyster\" \/>\/<\/span>&#8203;<span style=\"white-space:nowrap\"><psicon pokemon=\"mamoswine\" \/><\/span>\n|raw|Eclipse77's team:<br \/><span style=\"white-space:nowrap\"><psicon pokemon=\"gyarados\" \/>\/<\/span>&#8203;<span style=\"white-space:nowrap\"><psicon pokemon=\"suicune\" \/>\/<\/span>&#8203;<span style=\"white-space:nowrap\"><psicon pokemon=\"blastoise\" \/>\/<\/span>&#8203;<span style=\"white-space:nowrap\"><psicon pokemon=\"sharpedo\" \/>\/<\/span>&#8203;<span style=\"white-space:nowrap\"><psicon pokemon=\"qwilfish\" \/>\/<\/span>&#8203;<span style=\"white-space:nowrap\"><psicon pokemon=\"palkia\" \/><\/span>\n|inactive|Eclipse77 has 120 seconds left.\n|\n|t:|1653420054\n|switch|p1a: Mamoswine|Mamoswine, L82, M|315\/315\n|move|p2a: Gyarados|Waterfall|p1a: Mamoswine\n|-resisted|p1a: Mamoswine\n|-damage|p1a: Mamoswine|262\/315\n|\n|-weather|Hail|[upkeep]\n|-damage|p2a: Gyarados|196\/290|[from] Hail\n|upkeep\n|turn|3\n|raw|ah sahm's team:<br \/><span style=\"white-space:nowrap\"><psicon pokemon=\"mamoswine\" \/>\/<\/span>&#8203;<span style=\"white-space:nowrap\"><psicon pokemon=\"kyurem\" \/>\/<\/span>&#8203;<span style=\"white-space:nowrap\"><psicon pokemon=\"mrrime\" \/>\/<\/span>&#8203;<span style=\"white-space:nowrap\"><psicon pokemon=\"regice\" \/>\/<\/span>&#8203;<span style=\"white-space:nowrap\"><psicon pokemon=\"cloyster\" \/>\/<\/span>&#8203;<span style=\"white-space:nowrap\"><psicon pokemon=\"ninetalesalola\" \/><\/span>\n|raw|Eclipse77's team:<br \/><span style=\"white-space:nowrap\"><psicon pokemon=\"gyarados\" \/>\/<\/span>&#8203;<span style=\"white-space:nowrap\"><psicon pokemon=\"suicune\" \/>\/<\/span>&#8203;<span style=\"white-space:nowrap\"><psicon pokemon=\"blastoise\" \/>\/<\/span>&#8203;<span style=\"white-space:nowrap\"><psicon pokemon=\"sharpedo\" \/>\/<\/span>&#8203;<span style=\"white-space:nowrap\"><psicon pokemon=\"qwilfish\" \/>\/<\/span>&#8203;<span style=\"white-space:nowrap\"><psicon pokemon=\"palkia\" \/><\/span>\n|j| peanutboyTest\n|inactive|Eclipse77 has 120 seconds left.\n|l| peanutboyTest\n|j| peanutboyTest\n|l| peanutboyTest\n|\n|t:|1653420082\n|switch|p2a: Palkia|Palkia, L76|262\/262\n|-ability|p2a: Palkia|Pressure\n|move|p1a: Mamoswine|Earthquake|p2a: Palkia\n|-damage|p2a: Palkia|76\/262\n|\n|-weather|Hail|[upkeep]\n|-damage|p2a: Palkia|60\/262|[from] Hail\n|-heal|p2a: Palkia|76\/262|[from] item: Leftovers\n|upkeep\n|turn|4\n|raw|ah sahm's team:<br \/><span style=\"white-space:nowrap\"><psicon pokemon=\"mamoswine\" \/>\/<\/span>&#8203;<span style=\"white-space:nowrap\"><psicon pokemon=\"kyurem\" \/>\/<\/span>&#8203;<span style=\"white-space:nowrap\"><psicon pokemon=\"mrrime\" \/>\/<\/span>&#8203;<span style=\"white-space:nowrap\"><psicon pokemon=\"regice\" \/>\/<\/span>&#8203;<span style=\"white-space:nowrap\"><psicon pokemon=\"cloyster\" \/>\/<\/span>&#8203;<span style=\"white-space:nowrap\"><psicon pokemon=\"ninetalesalola\" \/><\/span>\n|raw|Eclipse77's team:<br \/><span style=\"white-space:nowrap\"><psicon pokemon=\"palkia\" \/>\/<\/span>&#8203;<span style=\"white-space:nowrap\"><psicon pokemon=\"suicune\" \/>\/<\/span>&#8203;<span style=\"white-space:nowrap\"><psicon pokemon=\"blastoise\" \/>\/<\/span>&#8203;<span style=\"white-space:nowrap\"><psicon pokemon=\"sharpedo\" \/>\/<\/span>&#8203;<span style=\"white-space:nowrap\"><psicon pokemon=\"qwilfish\" \/>\/<\/span>&#8203;<span style=\"white-space:nowrap\"><psicon pokemon=\"gyarados\" \/><\/span>\n|inactive|Eclipse77 has 120 seconds left.\n|inactive|ah sahm has 120 seconds left.\n|\n|t:|1653420109\n|switch|p2a: Suicune|Suicune, L84|305\/305\n|-ability|p2a: Suicune|Pressure\n|move|p1a: Mamoswine|Earthquake|p2a: Suicune\n|-damage|p2a: Suicune|145\/305\n|\n|-weather|Hail|[upkeep]\n|-damage|p2a: Suicune|126\/305|[from] Hail\n|-heal|p2a: Suicune|145\/305|[from] item: Leftovers\n|upkeep\n|turn|5\n|raw|ah sahm's team:<br \/><span style=\"white-space:nowrap\"><psicon pokemon=\"mamoswine\" \/>\/<\/span>&#8203;<span style=\"white-space:nowrap\"><psicon pokemon=\"kyurem\" \/>\/<\/span>&#8203;<span style=\"white-space:nowrap\"><psicon pokemon=\"mrrime\" \/>\/<\/span>&#8203;<span style=\"white-space:nowrap\"><psicon pokemon=\"regice\" \/>\/<\/span>&#8203;<span style=\"white-space:nowrap\"><psicon pokemon=\"cloyster\" \/>\/<\/span>&#8203;<span style=\"white-space:nowrap\"><psicon pokemon=\"ninetalesalola\" \/><\/span>\n|raw|Eclipse77's team:<br \/><span style=\"white-space:nowrap\"><psicon pokemon=\"suicune\" \/>\/<\/span>&#8203;<span style=\"white-space:nowrap\"><psicon pokemon=\"palkia\" \/>\/<\/span>&#8203;<span style=\"white-space:nowrap\"><psicon pokemon=\"blastoise\" \/>\/<\/span>&#8203;<span style=\"white-space:nowrap\"><psicon pokemon=\"sharpedo\" \/>\/<\/span>&#8203;<span style=\"white-space:nowrap\"><psicon pokemon=\"qwilfish\" \/>\/<\/span>&#8203;<span style=\"white-space:nowrap\"><psicon pokemon=\"gyarados\" \/><\/span>\n|inactive|ah sahm has 120 seconds left.\n|c|\u2606Eclipse77|i think i lose\n|\n|t:|1653420123\n|move|p2a: Suicune|Rest|p2a: Suicune\n|-status|p2a: Suicune|slp|[from] move: Rest\n|-heal|p2a: Suicune|305\/305 slp|[silent]\n|move|p1a: Mamoswine|Earthquake|p2a: Suicune\n|-damage|p2a: Suicune|137\/305 slp\n|\n|-weather|none\n|-heal|p2a: Suicune|156\/305 slp|[from] item: Leftovers\n|upkeep\n|turn|6\n|raw|ah sahm's team:<br \/><span style=\"white-space:nowrap\"><psicon pokemon=\"mamoswine\" \/>\/<\/span>&#8203;<span style=\"white-space:nowrap\"><psicon pokemon=\"kyurem\" \/>\/<\/span>&#8203;<span style=\"white-space:nowrap\"><psicon pokemon=\"mrrime\" \/>\/<\/span>&#8203;<span style=\"white-space:nowrap\"><psicon pokemon=\"regice\" \/>\/<\/span>&#8203;<span style=\"white-space:nowrap\"><psicon pokemon=\"cloyster\" \/>\/<\/span>&#8203;<span style=\"white-space:nowrap\"><psicon pokemon=\"ninetalesalola\" \/><\/span>\n|raw|Eclipse77's team:<br \/><span style=\"white-space:nowrap\"><psicon pokemon=\"suicune\" \/>\/<\/span>&#8203;<span style=\"white-space:nowrap\"><psicon pokemon=\"palkia\" \/>\/<\/span>&#8203;<span style=\"white-space:nowrap\"><psicon pokemon=\"blastoise\" \/>\/<\/span>&#8203;<span style=\"white-space:nowrap\"><psicon pokemon=\"sharpedo\" \/>\/<\/span>&#8203;<span style=\"white-space:nowrap\"><psicon pokemon=\"qwilfish\" \/>\/<\/span>&#8203;<span style=\"white-space:nowrap\"><psicon pokemon=\"gyarados\" \/><\/span>\n|c|\u2606ah sahm|maybe\n|\n|t:|1653420130\n|switch|p2a: Blastoise|Blastoise, L86, M|276\/276\n|move|p1a: Mamoswine|Earthquake|p2a: Blastoise\n|-damage|p2a: Blastoise|116\/276\n|\n|-heal|p2a: Blastoise|133\/276|[from] item: Leftovers\n|upkeep\n|turn|7\n|raw|ah sahm's team:<br \/><span style=\"white-space:nowrap\"><psicon pokemon=\"mamoswine\" \/>\/<\/span>&#8203;<span style=\"white-space:nowrap\"><psicon pokemon=\"kyurem\" \/>\/<\/span>&#8203;<span style=\"white-space:nowrap\"><psicon pokemon=\"mrrime\" \/>\/<\/span>&#8203;<span style=\"white-space:nowrap\"><psicon pokemon=\"regice\" \/>\/<\/span>&#8203;<span style=\"white-space:nowrap\"><psicon pokemon=\"cloyster\" \/>\/<\/span>&#8203;<span style=\"white-space:nowrap\"><psicon pokemon=\"ninetalesalola\" \/><\/span>\n|raw|Eclipse77's team:<br \/><span style=\"white-space:nowrap\"><psicon pokemon=\"blastoise\" \/>\/<\/span>&#8203;<span style=\"white-space:nowrap\"><psicon pokemon=\"palkia\" \/>\/<\/span>&#8203;<span style=\"white-space:nowrap\"><psicon pokemon=\"suicune\" \/>\/<\/span>&#8203;<span style=\"white-space:nowrap\"><psicon pokemon=\"sharpedo\" \/>\/<\/span>&#8203;<span style=\"white-space:nowrap\"><psicon pokemon=\"qwilfish\" \/>\/<\/span>&#8203;<span style=\"white-space:nowrap\"><psicon pokemon=\"gyarados\" \/><\/span>\n|c|\u2606ah sahm|i think its too early\n|c|\u2606Eclipse77|i have no switch in to quake\n|c|\u2606Eclipse77|rip palkia\n|c|\u2606ah sahm|mate\n|inactive|ah sahm has 120 seconds left.\n|c|\u2606ah sahm|qwilfish tanks\n|c|\u2606Eclipse77|wait\n|c|\u2606Eclipse77|its inverse\n|c|\u2606Eclipse77|lmaoooooi\n|\n|t:|1653420165\n|switch|p2a: Qwilfish|Qwilfish, L88, F|258\/258\n|-ability|p2a: Qwilfish|Intimidate|boost\n|-unboost|p1a: Mamoswine|atk|1\n|move|p1a: Mamoswine|Earthquake|p2a: Qwilfish\n|-resisted|p2a: Qwilfish\n|-damage|p2a: Qwilfish|199\/258\n|\n|-heal|p2a: Qwilfish|215\/258|[from] item: Black Sludge\n|upkeep\n|turn|8\n|raw|ah sahm's team:<br \/><span style=\"white-space:nowrap\"><psicon pokemon=\"mamoswine\" \/>\/<\/span>&#8203;<span style=\"white-space:nowrap\"><psicon pokemon=\"kyurem\" \/>\/<\/span>&#8203;<span style=\"white-space:nowrap\"><psicon pokemon=\"mrrime\" \/>\/<\/span>&#8203;<span style=\"white-space:nowrap\"><psicon pokemon=\"regice\" \/>\/<\/span>&#8203;<span style=\"white-space:nowrap\"><psicon pokemon=\"cloyster\" \/>\/<\/span>&#8203;<span style=\"white-space:nowrap\"><psicon pokemon=\"ninetalesalola\" \/><\/span>\n|raw|Eclipse77's team:<br \/><span style=\"white-space:nowrap\"><psicon pokemon=\"qwilfish\" \/>\/<\/span>&#8203;<span style=\"white-space:nowrap\"><psicon pokemon=\"palkia\" \/>\/<\/span>&#8203;<span style=\"white-space:nowrap\"><psicon pokemon=\"suicune\" \/>\/<\/span>&#8203;<span style=\"white-space:nowrap\"><psicon pokemon=\"sharpedo\" \/>\/<\/span>&#8203;<span style=\"white-space:nowrap\"><psicon pokemon=\"blastoise\" \/>\/<\/span>&#8203;<span style=\"white-space:nowrap\"><psicon pokemon=\"gyarados\" \/><\/span>\n|c|\u2606ah sahm|..\n|c|\u2606ah sahm|lol\n|c|\u2606ah sahm|its ok\n|c|\u2606Eclipse77|holy I took like 150% for nothing\n|inactive|Eclipse77 has 90 seconds left.\n|c|\u2606Eclipse77|im so slow\n|\n|t:|1653420188\n|switch|p1a: Ninetales|Ninetales-Alola, L80, F|136\/248\n|-weather|Hail|[from] ability: Snow Warning|[of] p1a: Ninetales\n|move|p2a: Qwilfish|Toxic Spikes|p1a: Ninetales\n|-sidestart|p1: ah sahm|move: Toxic Spikes\n|\n|-weather|Hail|[upkeep]\n|-damage|p2a: Qwilfish|199\/258|[from] Hail\n|-heal|p2a: Qwilfish|215\/258|[from] item: Black Sludge\n|upkeep\n|turn|9\n|raw|ah sahm's team:<br \/><span style=\"white-space:nowrap\"><psicon pokemon=\"ninetalesalola\" \/>\/<\/span>&#8203;<span style=\"white-space:nowrap\"><psicon pokemon=\"kyurem\" \/>\/<\/span>&#8203;<span style=\"white-space:nowrap\"><psicon pokemon=\"mrrime\" \/>\/<\/span>&#8203;<span style=\"white-space:nowrap\"><psicon pokemon=\"regice\" \/>\/<\/span>&#8203;<span style=\"white-space:nowrap\"><psicon pokemon=\"cloyster\" \/>\/<\/span>&#8203;<span style=\"white-space:nowrap\"><psicon pokemon=\"mamoswine\" \/><\/span>\n|raw|Eclipse77's team:<br \/><span style=\"white-space:nowrap\"><psicon pokemon=\"qwilfish\" \/>\/<\/span>&#8203;<span style=\"white-space:nowrap\"><psicon pokemon=\"palkia\" \/>\/<\/span>&#8203;<span style=\"white-space:nowrap\"><psicon pokemon=\"suicune\" \/>\/<\/span>&#8203;<span style=\"white-space:nowrap\"><psicon pokemon=\"sharpedo\" \/>\/<\/span>&#8203;<span style=\"white-space:nowrap\"><psicon pokemon=\"blastoise\" \/>\/<\/span>&#8203;<span style=\"white-space:nowrap\"><psicon pokemon=\"gyarados\" \/><\/span>\n|\n|t:|1653420198\n|switch|p2a: Gyarados|Gyarados, L82, F|196\/290\n|move|p1a: Ninetales|Blizzard|p2a: Gyarados\n|-damage|p2a: Gyarados|108\/290\n|\n|-weather|Hail|[upkeep]\n|-damage|p2a: Gyarados|90\/290|[from] Hail\n|upkeep\n|turn|10\n|raw|ah sahm's team:<br \/><span style=\"white-space:nowrap\"><psicon pokemon=\"ninetalesalola\" \/>\/<\/span>&#8203;<span style=\"white-space:nowrap\"><psicon pokemon=\"kyurem\" \/>\/<\/span>&#8203;<span style=\"white-space:nowrap\"><psicon pokemon=\"mrrime\" \/>\/<\/span>&#8203;<span style=\"white-space:nowrap\"><psicon pokemon=\"regice\" \/>\/<\/span>&#8203;<span style=\"white-space:nowrap\"><psicon pokemon=\"cloyster\" \/>\/<\/span>&#8203;<span style=\"white-space:nowrap\"><psicon pokemon=\"mamoswine\" \/><\/span>\n|raw|Eclipse77's team:<br \/><span style=\"white-space:nowrap\"><psicon pokemon=\"gyarados\" \/>\/<\/span>&#8203;<span style=\"white-space:nowrap\"><psicon pokemon=\"palkia\" \/>\/<\/span>&#8203;<span style=\"white-space:nowrap\"><psicon pokemon=\"suicune\" \/>\/<\/span>&#8203;<span style=\"white-space:nowrap\"><psicon pokemon=\"sharpedo\" \/>\/<\/span>&#8203;<span style=\"white-space:nowrap\"><psicon pokemon=\"blastoise\" \/>\/<\/span>&#8203;<span style=\"white-space:nowrap\"><psicon pokemon=\"qwilfish\" \/><\/span>\n|\n|t:|1653420205\n|move|p2a: Gyarados|Waterfall|p1a: Ninetales\n|-damage|p1a: Ninetales|27\/248\n|cant|p1a: Ninetales|flinch\n|\n|-weather|Hail|[upkeep]\n|-damage|p2a: Gyarados|72\/290|[from] Hail\n|upkeep\n|turn|11\n|raw|ah sahm's team:<br \/><span style=\"white-space:nowrap\"><psicon pokemon=\"ninetalesalola\" \/>\/<\/span>&#8203;<span style=\"white-space:nowrap\"><psicon pokemon=\"kyurem\" \/>\/<\/span>&#8203;<span style=\"white-space:nowrap\"><psicon pokemon=\"mrrime\" \/>\/<\/span>&#8203;<span style=\"white-space:nowrap\"><psicon pokemon=\"regice\" \/>\/<\/span>&#8203;<span style=\"white-space:nowrap\"><psicon pokemon=\"cloyster\" \/>\/<\/span>&#8203;<span style=\"white-space:nowrap\"><psicon pokemon=\"mamoswine\" \/><\/span>\n|raw|Eclipse77's team:<br \/><span style=\"white-space:nowrap\"><psicon pokemon=\"gyarados\" \/>\/<\/span>&#8203;<span style=\"white-space:nowrap\"><psicon pokemon=\"palkia\" \/>\/<\/span>&#8203;<span style=\"white-space:nowrap\"><psicon pokemon=\"suicune\" \/>\/<\/span>&#8203;<span style=\"white-space:nowrap\"><psicon pokemon=\"sharpedo\" \/>\/<\/span>&#8203;<span style=\"white-space:nowrap\"><psicon pokemon=\"blastoise\" \/>\/<\/span>&#8203;<span style=\"white-space:nowrap\"><psicon pokemon=\"qwilfish\" \/><\/span>\n|\n|t:|1653420212\n|switch|p1a: Mamoswine|Mamoswine, L82, M|262\/315\n|-status|p1a: Mamoswine|psn\n|move|p2a: Gyarados|Waterfall|p1a: Mamoswine\n|-resisted|p1a: Mamoswine\n|-damage|p1a: Mamoswine|205\/315 psn\n|\n|-weather|Hail|[upkeep]\n|-damage|p2a: Gyarados|54\/290|[from] Hail\n|-damage|p1a: Mamoswine|166\/315 psn|[from] psn\n|upkeep\n|turn|12\n|raw|ah sahm's team:<br \/><span style=\"white-space:nowrap\"><psicon pokemon=\"mamoswine\" \/>\/<\/span>&#8203;<span style=\"white-space:nowrap\"><psicon pokemon=\"kyurem\" \/>\/<\/span>&#8203;<span style=\"white-space:nowrap\"><psicon pokemon=\"mrrime\" \/>\/<\/span>&#8203;<span style=\"white-space:nowrap\"><psicon pokemon=\"regice\" \/>\/<\/span>&#8203;<span style=\"white-space:nowrap\"><psicon pokemon=\"cloyster\" \/>\/<\/span>&#8203;<span style=\"white-space:nowrap\"><psicon pokemon=\"ninetalesalola\" \/><\/span>\n|raw|Eclipse77's team:<br \/><span style=\"white-space:nowrap\"><psicon pokemon=\"gyarados\" \/>\/<\/span>&#8203;<span style=\"white-space:nowrap\"><psicon pokemon=\"palkia\" \/>\/<\/span>&#8203;<span style=\"white-space:nowrap\"><psicon pokemon=\"suicune\" \/>\/<\/span>&#8203;<span style=\"white-space:nowrap\"><psicon pokemon=\"sharpedo\" \/>\/<\/span>&#8203;<span style=\"white-space:nowrap\"><psicon pokemon=\"blastoise\" \/>\/<\/span>&#8203;<span style=\"white-space:nowrap\"><psicon pokemon=\"qwilfish\" \/><\/span>\n|c|\u2606Eclipse77|tactical flinch\n|inactive|ah sahm has 120 seconds left.\n|\n|t:|1653420219\n|move|p2a: Gyarados|Waterfall|p1a: Mamoswine\n|-resisted|p1a: Mamoswine\n|-damage|p1a: Mamoswine|107\/315 psn\n|move|p1a: Mamoswine|Icicle Crash|p2a: Gyarados\n|-damage|p2a: Gyarados|0 fnt\n|faint|p2a: Gyarados\n|poke|p1|Gyarados, L82, F|\n|-message|Gyarados was captured by ah sahm!\n|\n|-weather|none\n|-damage|p1a: Mamoswine|68\/315 psn|[from] psn\n|upkeep\n|\n|t:|1653420225\n|switch|p2a: Sharpedo|Sharpedo, L84, F|255\/255\n|turn|13\n|raw|ah sahm's team:<br \/><span style=\"white-space:nowrap\"><psicon pokemon=\"mamoswine\" \/>\/<\/span>&#8203;<span style=\"white-space:nowrap\"><psicon pokemon=\"kyurem\" \/>\/<\/span>&#8203;<span style=\"white-space:nowrap\"><psicon pokemon=\"mrrime\" \/>\/<\/span>&#8203;<span style=\"white-space:nowrap\"><psicon pokemon=\"regice\" \/>\/<\/span>&#8203;<span style=\"white-space:nowrap\"><psicon pokemon=\"cloyster\" \/>\/<\/span>&#8203;<span style=\"white-space:nowrap\"><psicon pokemon=\"ninetalesalola\" \/>\/<\/span>&#8203;<span style=\"white-space:nowrap\"><psicon pokemon=\"gyarados\" \/><\/span>\n|raw|Eclipse77's team:<br \/><span style=\"white-space:nowrap\"><psicon pokemon=\"sharpedo\" \/>\/<\/span>&#8203;<span style=\"white-space:nowrap\"><psicon pokemon=\"palkia\" \/>\/<\/span>&#8203;<span style=\"white-space:nowrap\"><psicon pokemon=\"suicune\" \/>\/<\/span>&#8203;<span style=\"white-space:nowrap\"><psicon pokemon=\"blastoise\" \/>\/<\/span>&#8203;<span style=\"white-space:nowrap\"><psicon pokemon=\"qwilfish\" \/><\/span>\n|\n|t:|1653420229\n|switch|p1a: Gyarados|Gyarados, L82, F|218\/290\n|move|p2a: Sharpedo|Crunch|p1a: Gyarados\n|-damage|p1a: Gyarados|69\/290\n|-unboost|p1a: Gyarados|def|1\n|-damage|p2a: Sharpedo|230\/255|[from] item: Life Orb\n|\n|-ability|p2a: Sharpedo|Speed Boost|boost\n|-boost|p2a: Sharpedo|spe|1\n|upkeep\n|turn|14\n|raw|ah sahm's team:<br \/><span style=\"white-space:nowrap\"><psicon pokemon=\"gyarados\" \/>\/<\/span>&#8203;<span style=\"white-space:nowrap\"><psicon pokemon=\"kyurem\" \/>\/<\/span>&#8203;<span style=\"white-space:nowrap\"><psicon pokemon=\"mrrime\" \/>\/<\/span>&#8203;<span style=\"white-space:nowrap\"><psicon pokemon=\"regice\" \/>\/<\/span>&#8203;<span style=\"white-space:nowrap\"><psicon pokemon=\"cloyster\" \/>\/<\/span>&#8203;<span style=\"white-space:nowrap\"><psicon pokemon=\"ninetalesalola\" \/>\/<\/span>&#8203;<span style=\"white-space:nowrap\"><psicon pokemon=\"mamoswine\" \/><\/span>\n|raw|Eclipse77's team:<br \/><span style=\"white-space:nowrap\"><psicon pokemon=\"sharpedo\" \/>\/<\/span>&#8203;<span style=\"white-space:nowrap\"><psicon pokemon=\"palkia\" \/>\/<\/span>&#8203;<span style=\"white-space:nowrap\"><psicon pokemon=\"suicune\" \/>\/<\/span>&#8203;<span style=\"white-space:nowrap\"><psicon pokemon=\"blastoise\" \/>\/<\/span>&#8203;<span style=\"white-space:nowrap\"><psicon pokemon=\"qwilfish\" \/><\/span>\n|\n|t:|1653420234\n|switch|p1a: Mr. Rime|Mr. Rime, L88, F|284\/284\n|move|p2a: Sharpedo|Crunch|p1a: Mr. Rime\n|-resisted|p1a: Mr. Rime\n|-damage|p1a: Mr. Rime|209\/284\n|-damage|p2a: Sharpedo|205\/255|[from] item: Life Orb\n|\n|-ability|p2a: Sharpedo|Speed Boost|boost\n|-boost|p2a: Sharpedo|spe|1\n|upkeep\n|turn|15\n|raw|ah sahm's team:<br \/><span style=\"white-space:nowrap\"><psicon pokemon=\"mrrime\" \/>\/<\/span>&#8203;<span style=\"white-space:nowrap\"><psicon pokemon=\"kyurem\" \/>\/<\/span>&#8203;<span style=\"white-space:nowrap\"><psicon pokemon=\"gyarados\" \/>\/<\/span>&#8203;<span style=\"white-space:nowrap\"><psicon pokemon=\"regice\" \/>\/<\/span>&#8203;<span style=\"white-space:nowrap\"><psicon pokemon=\"cloyster\" \/>\/<\/span>&#8203;<span style=\"white-space:nowrap\"><psicon pokemon=\"ninetalesalola\" \/>\/<\/span>&#8203;<span style=\"white-space:nowrap\"><psicon pokemon=\"mamoswine\" \/><\/span>\n|raw|Eclipse77's team:<br \/><span style=\"white-space:nowrap\"><psicon pokemon=\"sharpedo\" \/>\/<\/span>&#8203;<span style=\"white-space:nowrap\"><psicon pokemon=\"palkia\" \/>\/<\/span>&#8203;<span style=\"white-space:nowrap\"><psicon pokemon=\"suicune\" \/>\/<\/span>&#8203;<span style=\"white-space:nowrap\"><psicon pokemon=\"blastoise\" \/>\/<\/span>&#8203;<span style=\"white-space:nowrap\"><psicon pokemon=\"qwilfish\" \/><\/span>\n|\n|t:|1653420242\n|move|p2a: Sharpedo|Protect|p2a: Sharpedo\n|-singleturn|p2a: Sharpedo|Protect\n|move|p1a: Mr. Rime|Rapid Spin|p2a: Sharpedo\n|-activate|p2a: Sharpedo|move: Protect\n|\n|-ability|p2a: Sharpedo|Speed Boost|boost\n|-boost|p2a: Sharpedo|spe|1\n|upkeep\n|turn|16\n|raw|ah sahm's team:<br \/><span style=\"white-space:nowrap\"><psicon pokemon=\"mrrime\" \/>\/<\/span>&#8203;<span style=\"white-space:nowrap\"><psicon pokemon=\"kyurem\" \/>\/<\/span>&#8203;<span style=\"white-space:nowrap\"><psicon pokemon=\"gyarados\" \/>\/<\/span>&#8203;<span style=\"white-space:nowrap\"><psicon pokemon=\"regice\" \/>\/<\/span>&#8203;<span style=\"white-space:nowrap\"><psicon pokemon=\"cloyster\" \/>\/<\/span>&#8203;<span style=\"white-space:nowrap\"><psicon pokemon=\"ninetalesalola\" \/>\/<\/span>&#8203;<span style=\"white-space:nowrap\"><psicon pokemon=\"mamoswine\" \/><\/span>\n|raw|Eclipse77's team:<br \/><span style=\"white-space:nowrap\"><psicon pokemon=\"sharpedo\" \/>\/<\/span>&#8203;<span style=\"white-space:nowrap\"><psicon pokemon=\"palkia\" \/>\/<\/span>&#8203;<span style=\"white-space:nowrap\"><psicon pokemon=\"suicune\" \/>\/<\/span>&#8203;<span style=\"white-space:nowrap\"><psicon pokemon=\"blastoise\" \/>\/<\/span>&#8203;<span style=\"white-space:nowrap\"><psicon pokemon=\"qwilfish\" \/><\/span>\n|c|\u2606ah sahm|please take this kid off my hands\n|\n|t:|1653420250\n|move|p2a: Sharpedo|Close Combat|p1a: Mr. Rime\n|-damage|p1a: Mr. Rime|80\/284\n|-unboost|p2a: Sharpedo|def|1\n|-unboost|p2a: Sharpedo|spd|1\n|-damage|p2a: Sharpedo|180\/255|[from] item: Life Orb\n|move|p1a: Mr. Rime|Rapid Spin|p2a: Sharpedo\n|-damage|p2a: Sharpedo|93\/255\n|-boost|p1a: Mr. Rime|spe|1\n|-sideend|p1: ah sahm|Toxic Spikes|[from] move: Rapid Spin|[of] p1a: Mr. Rime\n|\n|-ability|p2a: Sharpedo|Speed Boost|boost\n|-boost|p2a: Sharpedo|spe|1\n|upkeep\n|turn|17\n|raw|ah sahm's team:<br \/><span style=\"white-space:nowrap\"><psicon pokemon=\"mrrime\" \/>\/<\/span>&#8203;<span style=\"white-space:nowrap\"><psicon pokemon=\"kyurem\" \/>\/<\/span>&#8203;<span style=\"white-space:nowrap\"><psicon pokemon=\"gyarados\" \/>\/<\/span>&#8203;<span style=\"white-space:nowrap\"><psicon pokemon=\"regice\" \/>\/<\/span>&#8203;<span style=\"white-space:nowrap\"><psicon pokemon=\"cloyster\" \/>\/<\/span>&#8203;<span style=\"white-space:nowrap\"><psicon pokemon=\"ninetalesalola\" \/>\/<\/span>&#8203;<span style=\"white-space:nowrap\"><psicon pokemon=\"mamoswine\" \/><\/span>\n|raw|Eclipse77's team:<br \/><span style=\"white-space:nowrap\"><psicon pokemon=\"sharpedo\" \/>\/<\/span>&#8203;<span style=\"white-space:nowrap\"><psicon pokemon=\"palkia\" \/>\/<\/span>&#8203;<span style=\"white-space:nowrap\"><psicon pokemon=\"suicune\" \/>\/<\/span>&#8203;<span style=\"white-space:nowrap\"><psicon pokemon=\"blastoise\" \/>\/<\/span>&#8203;<span style=\"white-space:nowrap\"><psicon pokemon=\"qwilfish\" \/><\/span>\n|\n|t:|1653420262\n|switch|p1a: Gyarados|Gyarados, L82, F|69\/290\n|move|p2a: Sharpedo|Crunch|p1a: Gyarados\n|-damage|p1a: Gyarados|0 fnt\n|faint|p1a: Gyarados\n|poke|p2|Gyarados, L82, F|\n|-message|Gyarados was captured by Eclipse77!\n|-damage|p2a: Sharpedo|68\/255|[from] item: Life Orb\n|\n|-ability|p2a: Sharpedo|Speed Boost|boost\n|-boost|p2a: Sharpedo|spe|1\n|upkeep\n|\n|t:|1653420278\n|switch|p1a: Regice|Regice, L88|283\/283\n|turn|18\n|raw|ah sahm's team:<br \/><span style=\"white-space:nowrap\"><psicon pokemon=\"regice\" \/>\/<\/span>&#8203;<span style=\"white-space:nowrap\"><psicon pokemon=\"kyurem\" \/>\/<\/span>&#8203;<span style=\"white-space:nowrap\"><psicon pokemon=\"mrrime\" \/>\/<\/span>&#8203;<span style=\"white-space:nowrap\"><psicon pokemon=\"cloyster\" \/>\/<\/span>&#8203;<span style=\"white-space:nowrap\"><psicon pokemon=\"ninetalesalola\" \/>\/<\/span>&#8203;<span style=\"white-space:nowrap\"><psicon pokemon=\"mamoswine\" \/><\/span>\n|raw|Eclipse77's team:<br \/><span style=\"white-space:nowrap\"><psicon pokemon=\"sharpedo\" \/>\/<\/span>&#8203;<span style=\"white-space:nowrap\"><psicon pokemon=\"palkia\" \/>\/<\/span>&#8203;<span style=\"white-space:nowrap\"><psicon pokemon=\"suicune\" \/>\/<\/span>&#8203;<span style=\"white-space:nowrap\"><psicon pokemon=\"blastoise\" \/>\/<\/span>&#8203;<span style=\"white-space:nowrap\"><psicon pokemon=\"qwilfish\" \/>\/<\/span>&#8203;<span style=\"white-space:nowrap\"><psicon pokemon=\"gyarados\" \/><\/span>\n|\n|t:|1653420283\n|move|p2a: Sharpedo|Protect|p2a: Sharpedo\n|-singleturn|p2a: Sharpedo|Protect\n|move|p1a: Regice|Ice Beam|p2a: Sharpedo\n|-activate|p2a: Sharpedo|move: Protect\n|\n|-ability|p2a: Sharpedo|Speed Boost|boost\n|-boost|p2a: Sharpedo|spe|1\n|upkeep\n|turn|19\n|raw|ah sahm's team:<br \/><span style=\"white-space:nowrap\"><psicon pokemon=\"regice\" \/>\/<\/span>&#8203;<span style=\"white-space:nowrap\"><psicon pokemon=\"kyurem\" \/>\/<\/span>&#8203;<span style=\"white-space:nowrap\"><psicon pokemon=\"mrrime\" \/>\/<\/span>&#8203;<span style=\"white-space:nowrap\"><psicon pokemon=\"cloyster\" \/>\/<\/span>&#8203;<span style=\"white-space:nowrap\"><psicon pokemon=\"ninetalesalola\" \/>\/<\/span>&#8203;<span style=\"white-space:nowrap\"><psicon pokemon=\"mamoswine\" \/><\/span>\n|raw|Eclipse77's team:<br \/><span style=\"white-space:nowrap\"><psicon pokemon=\"sharpedo\" \/>\/<\/span>&#8203;<span style=\"white-space:nowrap\"><psicon pokemon=\"palkia\" \/>\/<\/span>&#8203;<span style=\"white-space:nowrap\"><psicon pokemon=\"suicune\" \/>\/<\/span>&#8203;<span style=\"white-space:nowrap\"><psicon pokemon=\"blastoise\" \/>\/<\/span>&#8203;<span style=\"white-space:nowrap\"><psicon pokemon=\"qwilfish\" \/>\/<\/span>&#8203;<span style=\"white-space:nowrap\"><psicon pokemon=\"gyarados\" \/><\/span>\n|\n|t:|1653420297\n|switch|p2a: Gyarados|Gyarados, L82, F|145\/290\n|move|p1a: Regice|Ice Beam|p2a: Gyarados\n|-damage|p2a: Gyarados|40\/290\n|\n|upkeep\n|turn|20\n|raw|ah sahm's team:<br \/><span style=\"white-space:nowrap\"><psicon pokemon=\"regice\" \/>\/<\/span>&#8203;<span style=\"white-space:nowrap\"><psicon pokemon=\"kyurem\" \/>\/<\/span>&#8203;<span style=\"white-space:nowrap\"><psicon pokemon=\"mrrime\" \/>\/<\/span>&#8203;<span style=\"white-space:nowrap\"><psicon pokemon=\"cloyster\" \/>\/<\/span>&#8203;<span style=\"white-space:nowrap\"><psicon pokemon=\"ninetalesalola\" \/>\/<\/span>&#8203;<span style=\"white-space:nowrap\"><psicon pokemon=\"mamoswine\" \/><\/span>\n|raw|Eclipse77's team:<br \/><span style=\"white-space:nowrap\"><psicon pokemon=\"gyarados\" \/>\/<\/span>&#8203;<span style=\"white-space:nowrap\"><psicon pokemon=\"palkia\" \/>\/<\/span>&#8203;<span style=\"white-space:nowrap\"><psicon pokemon=\"suicune\" \/>\/<\/span>&#8203;<span style=\"white-space:nowrap\"><psicon pokemon=\"blastoise\" \/>\/<\/span>&#8203;<span style=\"white-space:nowrap\"><psicon pokemon=\"qwilfish\" \/>\/<\/span>&#8203;<span style=\"white-space:nowrap\"><psicon pokemon=\"sharpedo\" \/><\/span>\n|\n|t:|1653420302\n|move|p2a: Gyarados|Waterfall|p1a: Regice\n|-damage|p1a: Regice|201\/283\n|move|p1a: Regice|Rock Polish|p1a: Regice\n|-boost|p1a: Regice|spe|2\n|\n|upkeep\n|turn|21\n|raw|ah sahm's team:<br \/><span style=\"white-space:nowrap\"><psicon pokemon=\"regice\" \/>\/<\/span>&#8203;<span style=\"white-space:nowrap\"><psicon pokemon=\"kyurem\" \/>\/<\/span>&#8203;<span style=\"white-space:nowrap\"><psicon pokemon=\"mrrime\" \/>\/<\/span>&#8203;<span style=\"white-space:nowrap\"><psicon pokemon=\"cloyster\" \/>\/<\/span>&#8203;<span style=\"white-space:nowrap\"><psicon pokemon=\"ninetalesalola\" \/>\/<\/span>&#8203;<span style=\"white-space:nowrap\"><psicon pokemon=\"mamoswine\" \/><\/span>\n|raw|Eclipse77's team:<br \/><span style=\"white-space:nowrap\"><psicon pokemon=\"gyarados\" \/>\/<\/span>&#8203;<span style=\"white-space:nowrap\"><psicon pokemon=\"palkia\" \/>\/<\/span>&#8203;<span style=\"white-space:nowrap\"><psicon pokemon=\"suicune\" \/>\/<\/span>&#8203;<span style=\"white-space:nowrap\"><psicon pokemon=\"blastoise\" \/>\/<\/span>&#8203;<span style=\"white-space:nowrap\"><psicon pokemon=\"qwilfish\" \/>\/<\/span>&#8203;<span style=\"white-space:nowrap\"><psicon pokemon=\"sharpedo\" \/><\/span>\n|\n|t:|1653420306\n|move|p1a: Regice|Rock Polish|p1a: Regice\n|-boost|p1a: Regice|spe|2\n|move|p2a: Gyarados|Waterfall|p1a: Regice\n|-damage|p1a: Regice|113\/283\n|\n|upkeep\n|turn|22\n|raw|ah sahm's team:<br \/><span style=\"white-space:nowrap\"><psicon pokemon=\"regice\" \/>\/<\/span>&#8203;<span style=\"white-space:nowrap\"><psicon pokemon=\"kyurem\" \/>\/<\/span>&#8203;<span style=\"white-space:nowrap\"><psicon pokemon=\"mrrime\" \/>\/<\/span>&#8203;<span style=\"white-space:nowrap\"><psicon pokemon=\"cloyster\" \/>\/<\/span>&#8203;<span style=\"white-space:nowrap\"><psicon pokemon=\"ninetalesalola\" \/>\/<\/span>&#8203;<span style=\"white-space:nowrap\"><psicon pokemon=\"mamoswine\" \/><\/span>\n|raw|Eclipse77's team:<br \/><span style=\"white-space:nowrap\"><psicon pokemon=\"gyarados\" \/>\/<\/span>&#8203;<span style=\"white-space:nowrap\"><psicon pokemon=\"palkia\" \/>\/<\/span>&#8203;<span style=\"white-space:nowrap\"><psicon pokemon=\"suicune\" \/>\/<\/span>&#8203;<span style=\"white-space:nowrap\"><psicon pokemon=\"blastoise\" \/>\/<\/span>&#8203;<span style=\"white-space:nowrap\"><psicon pokemon=\"qwilfish\" \/>\/<\/span>&#8203;<span style=\"white-space:nowrap\"><psicon pokemon=\"sharpedo\" \/><\/span>\n|\n|t:|1653420308\n|move|p1a: Regice|Ice Beam|p2a: Gyarados\n|-damage|p2a: Gyarados|0 fnt\n|faint|p2a: Gyarados\n|poke|p1|Gyarados, L82, F|\n|-message|Gyarados was captured by ah sahm!\n|\n|upkeep\n|\n|t:|1653420310\n|switch|p2a: Palkia|Palkia, L76|76\/262\n|-ability|p2a: Palkia|Pressure\n|turn|23\n|raw|ah sahm's team:<br \/><span style=\"white-space:nowrap\"><psicon pokemon=\"regice\" \/>\/<\/span>&#8203;<span style=\"white-space:nowrap\"><psicon pokemon=\"kyurem\" \/>\/<\/span>&#8203;<span style=\"white-space:nowrap\"><psicon pokemon=\"mrrime\" \/>\/<\/span>&#8203;<span style=\"white-space:nowrap\"><psicon pokemon=\"cloyster\" \/>\/<\/span>&#8203;<span style=\"white-space:nowrap\"><psicon pokemon=\"ninetalesalola\" \/>\/<\/span>&#8203;<span style=\"white-space:nowrap\"><psicon pokemon=\"mamoswine\" \/>\/<\/span>&#8203;<span style=\"white-space:nowrap\"><psicon pokemon=\"gyarados\" \/><\/span>\n|raw|Eclipse77's team:<br \/><span style=\"white-space:nowrap\"><psicon pokemon=\"palkia\" \/>\/<\/span>&#8203;<span style=\"white-space:nowrap\"><psicon pokemon=\"suicune\" \/>\/<\/span>&#8203;<span style=\"white-space:nowrap\"><psicon pokemon=\"blastoise\" \/>\/<\/span>&#8203;<span style=\"white-space:nowrap\"><psicon pokemon=\"qwilfish\" \/>\/<\/span>&#8203;<span style=\"white-space:nowrap\"><psicon pokemon=\"sharpedo\" \/><\/span>\n|\n|t:|1653420313\n|move|p1a: Regice|Ice Beam|p2a: Palkia\n|-damage|p2a: Palkia|0 fnt\n|faint|p2a: Palkia\n|poke|p1|Palkia, L76|\n|-message|Palkia was captured by ah sahm!\n|\n|upkeep\n|\n|t:|1653420319\n|switch|p2a: Qwilfish|Qwilfish, L88, F|215\/258\n|-ability|p2a: Qwilfish|Intimidate|boost\n|-fail|p1a: Regice|unboost|[from] ability: Clear Body|[of] p1a: Regice\n|turn|24\n|raw|ah sahm's team:<br \/><span style=\"white-space:nowrap\"><psicon pokemon=\"regice\" \/>\/<\/span>&#8203;<span style=\"white-space:nowrap\"><psicon pokemon=\"kyurem\" \/>\/<\/span>&#8203;<span style=\"white-space:nowrap\"><psicon pokemon=\"mrrime\" \/>\/<\/span>&#8203;<span style=\"white-space:nowrap\"><psicon pokemon=\"cloyster\" \/>\/<\/span>&#8203;<span style=\"white-space:nowrap\"><psicon pokemon=\"ninetalesalola\" \/>\/<\/span>&#8203;<span style=\"white-space:nowrap\"><psicon pokemon=\"mamoswine\" \/>\/<\/span>&#8203;<span style=\"white-space:nowrap\"><psicon pokemon=\"gyarados\" \/>\/<\/span>&#8203;<span style=\"white-space:nowrap\"><psicon pokemon=\"palkia\" \/><\/span>\n|raw|Eclipse77's team:<br \/><span style=\"white-space:nowrap\"><psicon pokemon=\"qwilfish\" \/>\/<\/span>&#8203;<span style=\"white-space:nowrap\"><psicon pokemon=\"suicune\" \/>\/<\/span>&#8203;<span style=\"white-space:nowrap\"><psicon pokemon=\"blastoise\" \/>\/<\/span>&#8203;<span style=\"white-space:nowrap\"><psicon pokemon=\"sharpedo\" \/><\/span>\n|\n|t:|1653420323\n|move|p1a: Regice|Ice Beam|p2a: Qwilfish\n|-supereffective|p2a: Qwilfish\n|-damage|p2a: Qwilfish|0 fnt\n|faint|p2a: Qwilfish\n|poke|p1|Qwilfish, L88, F|\n|-message|Qwilfish was captured by ah sahm!\n|\n|upkeep\n|c|\u2606Eclipse77|ggwp\n|c|\u2606ah sahm|bosh\n|\n|t:|1653420328\n|switch|p2a: Sharpedo|Sharpedo, L84, F|68\/255\n|turn|25\n|raw|ah sahm's team:<br \/><span style=\"white-space:nowrap\"><psicon pokemon=\"regice\" \/>\/<\/span>&#8203;<span style=\"white-space:nowrap\"><psicon pokemon=\"kyurem\" \/>\/<\/span>&#8203;<span style=\"white-space:nowrap\"><psicon pokemon=\"mrrime\" \/>\/<\/span>&#8203;<span style=\"white-space:nowrap\"><psicon pokemon=\"cloyster\" \/>\/<\/span>&#8203;<span style=\"white-space:nowrap\"><psicon pokemon=\"ninetalesalola\" \/>\/<\/span>&#8203;<span style=\"white-space:nowrap\"><psicon pokemon=\"mamoswine\" \/>\/<\/span>&#8203;<span style=\"white-space:nowrap\"><psicon pokemon=\"gyarados\" \/>\/<\/span>&#8203;<span style=\"white-space:nowrap\"><psicon pokemon=\"palkia\" \/>\/<\/span>&#8203;<span style=\"white-space:nowrap\"><psicon pokemon=\"qwilfish\" \/><\/span>\n|raw|Eclipse77's team:<br \/><span style=\"white-space:nowrap\"><psicon pokemon=\"sharpedo\" \/>\/<\/span>&#8203;<span style=\"white-space:nowrap\"><psicon pokemon=\"suicune\" \/>\/<\/span>&#8203;<span style=\"white-space:nowrap\"><psicon pokemon=\"blastoise\" \/><\/span>\n|c|\u2606ah sahm|gg\n|\n|t:|1653420331\n|move|p1a: Regice|Ice Beam|p2a: Sharpedo\n|-supereffective|p2a: Sharpedo\n|-crit|p2a: Sharpedo\n|-damage|p2a: Sharpedo|0 fnt\n|faint|p2a: Sharpedo\n|poke|p1|Sharpedo, L84, F|\n|-message|Sharpedo was captured by ah sahm!\n|\n|upkeep\n|\n|t:|1653420333\n|switch|p2a: Blastoise|Blastoise, L86, M|133\/276\n|turn|26\n|raw|ah sahm's team:<br \/><span style=\"white-space:nowrap\"><psicon pokemon=\"regice\" \/>\/<\/span>&#8203;<span style=\"white-space:nowrap\"><psicon pokemon=\"kyurem\" \/>\/<\/span>&#8203;<span style=\"white-space:nowrap\"><psicon pokemon=\"mrrime\" \/>\/<\/span>&#8203;<span style=\"white-space:nowrap\"><psicon pokemon=\"cloyster\" \/>\/<\/span>&#8203;<span style=\"white-space:nowrap\"><psicon pokemon=\"ninetalesalola\" \/>\/<\/span>&#8203;<span style=\"white-space:nowrap\"><psicon pokemon=\"mamoswine\" \/>\/<\/span>&#8203;<span style=\"white-space:nowrap\"><psicon pokemon=\"gyarados\" \/>\/<\/span>&#8203;<span style=\"white-space:nowrap\"><psicon pokemon=\"palkia\" \/>\/<\/span>&#8203;<span style=\"white-space:nowrap\"><psicon pokemon=\"qwilfish\" \/>\/<\/span>&#8203;<span style=\"white-space:nowrap\"><psicon pokemon=\"sharpedo\" \/><\/span>\n|raw|Eclipse77's team:<br \/><span style=\"white-space:nowrap\"><psicon pokemon=\"blastoise\" \/>\/<\/span>&#8203;<span style=\"white-space:nowrap\"><psicon pokemon=\"suicune\" \/><\/span>\n|\n|t:|1653420335\n|move|p1a: Regice|Ice Beam|p2a: Blastoise\n|-supereffective|p2a: Blastoise\n|-damage|p2a: Blastoise|0 fnt\n|faint|p2a: Blastoise\n|poke|p1|Blastoise, L86, M|\n|-message|Blastoise was captured by ah sahm!\n|\n|upkeep\n|\n|t:|1653420337\n|switch|p2a: Suicune|Suicune, L84|156\/305 slp\n|-ability|p2a: Suicune|Pressure\n|turn|27\n|raw|ah sahm's team:<br \/><span style=\"white-space:nowrap\"><psicon pokemon=\"regice\" \/>\/<\/span>&#8203;<span style=\"white-space:nowrap\"><psicon pokemon=\"kyurem\" \/>\/<\/span>&#8203;<span style=\"white-space:nowrap\"><psicon pokemon=\"mrrime\" \/>\/<\/span>&#8203;<span style=\"white-space:nowrap\"><psicon pokemon=\"cloyster\" \/>\/<\/span>&#8203;<span style=\"white-space:nowrap\"><psicon pokemon=\"ninetalesalola\" \/>\/<\/span>&#8203;<span style=\"white-space:nowrap\"><psicon pokemon=\"mamoswine\" \/>\/<\/span>&#8203;<span style=\"white-space:nowrap\"><psicon pokemon=\"gyarados\" \/>\/<\/span>&#8203;<span style=\"white-space:nowrap\"><psicon pokemon=\"palkia\" \/>\/<\/span>&#8203;<span style=\"white-space:nowrap\"><psicon pokemon=\"qwilfish\" \/>\/<\/span>&#8203;<span style=\"white-space:nowrap\"><psicon pokemon=\"sharpedo\" \/>\/<\/span>&#8203;<span style=\"white-space:nowrap\"><psicon pokemon=\"blastoise\" \/><\/span>\n|raw|Eclipse77's team:<br \/><span style=\"white-space:nowrap\"><psicon pokemon=\"suicune\" \/><\/span>\n|\n|t:|1653420339\n|move|p1a: Regice|Ice Beam|p2a: Suicune\n|-supereffective|p2a: Suicune\n|-damage|p2a: Suicune|0 fnt\n|faint|p2a: Suicune\n|poke|p1|Suicune, L84|\n|-message|Suicune was captured by ah sahm!\n|\n|win|ah sahm\n|n|\u2606ah sahm|ahsahm\n|n|\u2606Eclipse77|eclipse77\n|n| trichotomy|trichotomy\n","inputlog":">version b341b8323d4a7713b3b6f41909868c7f087e7b7e\n>start {\"formatid\":\"gen8monotyperandombattle@@@inversemod,crazyhouse\",\"seed\":[26266,29146,875,64773],\"rated\":\"Tournament battle\"}\n>player p1 {\"name\":\"ah sahm\",\"avatar\":\"pokemonbreeder-gen8\",\"rating\":0,\"seed\":[30254,54789,22562,17688]}\n>player p2 {\"name\":\"Eclipse77\",\"avatar\":\"170\",\"rating\":0,\"seed\":[797,62297,44332,40567]}\n>chat \u2606ah sahm|!dt screen cleaner\n>chat \u2606Eclipse77|he's an opp fr\n>chat \u2606ah sahm|what kind of sabotage is that\n>chat \u2606ah sahm|enemy\n>p1 team 1, 2, 3, 4, 5, 6\n>p2 team 4, 2, 3, 1, 5, 6\n>p1 move freezedry\n>p2 move waterfall\n>p1 switch 6\n>p2 move waterfall\n>p1 move earthquake\n>p2 switch 6\n>p1 move earthquake\n>p2 switch 2\n>chat \u2606Eclipse77|i think i lose\n>p1 move earthquake\n>p2 move rest\n>chat \u2606ah sahm|maybe\n>p1 move earthquake\n>p2 switch 3\n>chat \u2606ah sahm|i think its too early\n>chat \u2606Eclipse77|i have no switch in to quake\n>chat \u2606Eclipse77|rip palkia\n>chat \u2606ah sahm|mate\n>chat \u2606ah sahm|qwilfish tanks\n>chat \u2606Eclipse77|wait\n>chat \u2606Eclipse77|its inverse\n>chat \u2606Eclipse77|lmaoooooi\n>p1 move earthquake\n>p2 switch 5\n>chat \u2606ah sahm|..\n>chat \u2606ah sahm|lol\n>chat \u2606ah sahm|its ok \n>chat \u2606Eclipse77|holy I took like 150% for nothing\n>chat \u2606Eclipse77|im so slow\n>p1 switch 6\n>p2 move toxicspikes\n>p1 move blizzard\n>p2 switch 6\n>p1 move blizzard\n>p2 move waterfall\n>p1 switch 6\n>p2 move waterfall\n>chat \u2606Eclipse77|tactical flinch\n>p1 move iciclecrash\n>p2 move waterfall\n>p2 switch 4\n>p1 switch 7\n>p2 move crunch\n>p1 switch 3\n>p2 move crunch\n>p1 move rapidspin\n>p2 move protect\n>chat \u2606ah sahm|please take this kid off my hands\n>p1 move rapidspin\n>p2 move closecombat\n>p1 switch 3\n>p2 move crunch\n>p1 switch 4\n>p1 move icebeam\n>p2 move protect\n>p1 move icebeam\n>p2 switch 6\n>p1 move rockpolish\n>p2 move waterfall\n>p1 move rockpolish\n>p2 move waterfall\n>p1 move icebeam\n>p2 move waterfall\n>p2 switch 2\n>p1 move icebeam\n>p2 move dracometeor\n>p2 switch 4\n>p1 move icebeam\n>p2 move waterfall\n>chat \u2606Eclipse77|ggwp\n>chat \u2606ah sahm|bosh\n>p2 switch 4\n>chat \u2606ah sahm|gg\n>p1 move icebeam\n>p2 move crunch\n>p2 switch 3\n>p1 move icebeam\n>p2 move scald\n>p2 switch 2\n>p1 move icebeam\n>p2 move scald","uploadtime":1653420340,"views":3,"p1id":"ahsahm","p2id":"eclipse77","formatid":"gen8monotyperandombattle","rating":0,"private":0,"password":null}