{"id":"gen8ou-1688340852","p1":"ThisEndsTonight","p2":"ChandosH","format":"gen8ou","log":"|j|\u2606ThisEndsTonight\n|j|\u2606ChandosH\n|inactive|Battle timer is ON: inactive players will automatically lose when time's up.\n|t:|1666054942\n|gametype|singles\n|player|p1|ThisEndsTonight|norman|\n|player|p2|ChandosH|n-masters|\n|teamsize|p1|6\n|teamsize|p2|6\n|gen|8\n|tier|[Gen 8] OU\n|rated|Tournament battle\n|rule|Sleep Clause Mod: Limit one foe put to sleep\n|rule|Species Clause: Limit one of each Pok\u00e9mon\n|rule|OHKO Clause: OHKO moves are banned\n|rule|Evasion Items Clause: Evasion items are banned\n|rule|Evasion Moves Clause: Evasion moves are banned\n|rule|Endless Battle Clause: Forcing endless battles is banned\n|rule|HP Percentage Mod: HP is shown in percentages\n|rule|Dynamax Clause: You cannot dynamax\n|clearpoke\n|poke|p1|Blaziken, F|\n|poke|p1|Toxapex, M|\n|poke|p1|Ferrothorn, F|\n|poke|p1|Rotom-Wash|\n|poke|p1|Tapu Koko|\n|poke|p1|Garchomp, F|\n|poke|p2|Pelipper, M|\n|poke|p2|Barraskewda, F|\n|poke|p2|Zapdos|\n|poke|p2|Ferrothorn, M|\n|poke|p2|Crawdaunt, F|\n|poke|p2|Landorus-Therian, M|\n|teampreview\n|j| Rubi's NeoGenesis\n|c|\u2606ChandosH|gl hf\n|c|\u2606ThisEndsTonight|u2\n|\n|t:|1666054971\n|start\n|switch|p1a: Rotom|Rotom-Wash|100\/100\n|switch|p2a: Pelipper|Pelipper, M|100\/100\n|-weather|RainDance|[from] ability: Drizzle|[of] p2a: Pelipper\n|turn|1\n|raw|ThisEndsTonight's team:<br \/><span style=\"white-space:nowrap\"><psicon pokemon=\"rotomwash\" \/>\/<\/span>&#8203;<span style=\"white-space:nowrap\"><psicon pokemon=\"toxapex\" \/>\/<\/span>&#8203;<span style=\"white-space:nowrap\"><psicon pokemon=\"ferrothorn\" \/>\/<\/span>&#8203;<span style=\"white-space:nowrap\"><psicon pokemon=\"blaziken\" \/>\/<\/span>&#8203;<span style=\"white-space:nowrap\"><psicon pokemon=\"tapukoko\" \/>\/<\/span>&#8203;<span style=\"white-space:nowrap\"><psicon pokemon=\"garchomp\" \/><\/span>\n|raw|ChandosH's team:<br \/><span style=\"white-space:nowrap\"><psicon pokemon=\"pelipper\" \/>\/<\/span>&#8203;<span style=\"white-space:nowrap\"><psicon pokemon=\"barraskewda\" \/>\/<\/span>&#8203;<span style=\"white-space:nowrap\"><psicon pokemon=\"zapdos\" \/>\/<\/span>&#8203;<span style=\"white-space:nowrap\"><psicon pokemon=\"ferrothorn\" \/>\/<\/span>&#8203;<span style=\"white-space:nowrap\"><psicon pokemon=\"crawdaunt\" \/>\/<\/span>&#8203;<span style=\"white-space:nowrap\"><psicon pokemon=\"landorustherian\" \/><\/span>\n|\n|t:|1666054984\n|switch|p2a: Ferrothorn|Ferrothorn, M|100\/100\n|move|p1a: Rotom|Volt Switch|p2a: Ferrothorn\n|-resisted|p2a: Ferrothorn\n|-damage|p2a: Ferrothorn|89\/100\n|\n|t:|1666054986\n|switch|p1a: Blaziken|Blaziken, F|100\/100|[from]move: Volt Switch\n|\n|-weather|RainDance|[upkeep]\n|-heal|p2a: Ferrothorn|95\/100|[from] item: Leftovers\n|upkeep\n|turn|2\n|raw|ThisEndsTonight's team:<br \/><span style=\"white-space:nowrap\"><psicon pokemon=\"blaziken\" \/>\/<\/span>&#8203;<span style=\"white-space:nowrap\"><psicon pokemon=\"toxapex\" \/>\/<\/span>&#8203;<span style=\"white-space:nowrap\"><psicon pokemon=\"ferrothorn\" \/>\/<\/span>&#8203;<span style=\"white-space:nowrap\"><psicon pokemon=\"rotomwash\" \/>\/<\/span>&#8203;<span style=\"white-space:nowrap\"><psicon pokemon=\"tapukoko\" \/>\/<\/span>&#8203;<span style=\"white-space:nowrap\"><psicon pokemon=\"garchomp\" \/><\/span>\n|raw|ChandosH's team:<br \/><span style=\"white-space:nowrap\"><psicon pokemon=\"ferrothorn\" \/>\/<\/span>&#8203;<span style=\"white-space:nowrap\"><psicon pokemon=\"barraskewda\" \/>\/<\/span>&#8203;<span style=\"white-space:nowrap\"><psicon pokemon=\"zapdos\" \/>\/<\/span>&#8203;<span style=\"white-space:nowrap\"><psicon pokemon=\"pelipper\" \/>\/<\/span>&#8203;<span style=\"white-space:nowrap\"><psicon pokemon=\"crawdaunt\" \/>\/<\/span>&#8203;<span style=\"white-space:nowrap\"><psicon pokemon=\"landorustherian\" \/><\/span>\n|\n|t:|1666054999\n|switch|p2a: Landorus|Landorus-Therian, M|100\/100\n|-ability|p2a: Landorus|Intimidate|boost\n|-unboost|p1a: Blaziken|atk|1\n|move|p1a: Blaziken|Overheat|p2a: Landorus\n|-damage|p2a: Landorus|66\/100\n|-unboost|p1a: Blaziken|spa|2\n|\n|-weather|RainDance|[upkeep]\n|-heal|p2a: Landorus|72\/100|[from] item: Leftovers\n|-ability|p1a: Blaziken|Speed Boost|boost\n|-boost|p1a: Blaziken|spe|1\n|upkeep\n|turn|3\n|raw|ThisEndsTonight's team:<br \/><span style=\"white-space:nowrap\"><psicon pokemon=\"blaziken\" \/>\/<\/span>&#8203;<span style=\"white-space:nowrap\"><psicon pokemon=\"toxapex\" \/>\/<\/span>&#8203;<span style=\"white-space:nowrap\"><psicon pokemon=\"ferrothorn\" \/>\/<\/span>&#8203;<span style=\"white-space:nowrap\"><psicon pokemon=\"rotomwash\" \/>\/<\/span>&#8203;<span style=\"white-space:nowrap\"><psicon pokemon=\"tapukoko\" \/>\/<\/span>&#8203;<span style=\"white-space:nowrap\"><psicon pokemon=\"garchomp\" \/><\/span>\n|raw|ChandosH's team:<br \/><span style=\"white-space:nowrap\"><psicon pokemon=\"landorustherian\" \/>\/<\/span>&#8203;<span style=\"white-space:nowrap\"><psicon pokemon=\"barraskewda\" \/>\/<\/span>&#8203;<span style=\"white-space:nowrap\"><psicon pokemon=\"zapdos\" \/>\/<\/span>&#8203;<span style=\"white-space:nowrap\"><psicon pokemon=\"pelipper\" \/>\/<\/span>&#8203;<span style=\"white-space:nowrap\"><psicon pokemon=\"crawdaunt\" \/>\/<\/span>&#8203;<span style=\"white-space:nowrap\"><psicon pokemon=\"ferrothorn\" \/><\/span>\n|\n|t:|1666055011\n|switch|p1a: Ferrothorn|Ferrothorn, F|100\/100\n|move|p2a: Landorus|U-turn|p1a: Ferrothorn\n|-damage|p1a: Ferrothorn|83\/100\n|-damage|p2a: Landorus|60\/100|[from] ability: Iron Barbs|[of] p1a: Ferrothorn\n|\n|t:|1666055023\n|switch|p2a: Zapdos|Zapdos|100\/100|[from]move: U-turn\n|\n|-weather|RainDance|[upkeep]\n|-heal|p1a: Ferrothorn|89\/100|[from] item: Leftovers\n|upkeep\n|turn|4\n|raw|ThisEndsTonight's team:<br \/><span style=\"white-space:nowrap\"><psicon pokemon=\"ferrothorn\" \/>\/<\/span>&#8203;<span style=\"white-space:nowrap\"><psicon pokemon=\"toxapex\" \/>\/<\/span>&#8203;<span style=\"white-space:nowrap\"><psicon pokemon=\"blaziken\" \/>\/<\/span>&#8203;<span style=\"white-space:nowrap\"><psicon pokemon=\"rotomwash\" \/>\/<\/span>&#8203;<span style=\"white-space:nowrap\"><psicon pokemon=\"tapukoko\" \/>\/<\/span>&#8203;<span style=\"white-space:nowrap\"><psicon pokemon=\"garchomp\" \/><\/span>\n|raw|ChandosH's team:<br \/><span style=\"white-space:nowrap\"><psicon pokemon=\"zapdos\" \/>\/<\/span>&#8203;<span style=\"white-space:nowrap\"><psicon pokemon=\"barraskewda\" \/>\/<\/span>&#8203;<span style=\"white-space:nowrap\"><psicon pokemon=\"landorustherian\" \/>\/<\/span>&#8203;<span style=\"white-space:nowrap\"><psicon pokemon=\"pelipper\" \/>\/<\/span>&#8203;<span style=\"white-space:nowrap\"><psicon pokemon=\"crawdaunt\" \/>\/<\/span>&#8203;<span style=\"white-space:nowrap\"><psicon pokemon=\"ferrothorn\" \/><\/span>\n|\n|t:|1666055032\n|move|p2a: Zapdos|Hurricane|p1a: Ferrothorn\n|-damage|p1a: Ferrothorn|38\/100\n|move|p1a: Ferrothorn|Spikes|p2a: Zapdos\n|-sidestart|p2: ChandosH|Spikes\n|\n|-weather|RainDance|[upkeep]\n|-heal|p1a: Ferrothorn|44\/100|[from] item: Leftovers\n|upkeep\n|turn|5\n|raw|ThisEndsTonight's team:<br \/><span style=\"white-space:nowrap\"><psicon pokemon=\"ferrothorn\" \/>\/<\/span>&#8203;<span style=\"white-space:nowrap\"><psicon pokemon=\"toxapex\" \/>\/<\/span>&#8203;<span style=\"white-space:nowrap\"><psicon pokemon=\"blaziken\" \/>\/<\/span>&#8203;<span style=\"white-space:nowrap\"><psicon pokemon=\"rotomwash\" \/>\/<\/span>&#8203;<span style=\"white-space:nowrap\"><psicon pokemon=\"tapukoko\" \/>\/<\/span>&#8203;<span style=\"white-space:nowrap\"><psicon pokemon=\"garchomp\" \/><\/span>\n|raw|ChandosH's team:<br \/><span style=\"white-space:nowrap\"><psicon pokemon=\"zapdos\" \/>\/<\/span>&#8203;<span style=\"white-space:nowrap\"><psicon pokemon=\"barraskewda\" \/>\/<\/span>&#8203;<span style=\"white-space:nowrap\"><psicon pokemon=\"landorustherian\" \/>\/<\/span>&#8203;<span style=\"white-space:nowrap\"><psicon pokemon=\"pelipper\" \/>\/<\/span>&#8203;<span style=\"white-space:nowrap\"><psicon pokemon=\"crawdaunt\" \/>\/<\/span>&#8203;<span style=\"white-space:nowrap\"><psicon pokemon=\"ferrothorn\" \/><\/span>\n|\n|t:|1666055038\n|move|p1a: Ferrothorn|Protect|p1a: Ferrothorn\n|-singleturn|p1a: Ferrothorn|Protect\n|move|p2a: Zapdos|Hurricane|p1a: Ferrothorn\n|-activate|p1a: Ferrothorn|move: Protect\n|\n|-weather|RainDance|[upkeep]\n|-heal|p1a: Ferrothorn|50\/100|[from] item: Leftovers\n|upkeep\n|turn|6\n|raw|ThisEndsTonight's team:<br \/><span style=\"white-space:nowrap\"><psicon pokemon=\"ferrothorn\" \/>\/<\/span>&#8203;<span style=\"white-space:nowrap\"><psicon pokemon=\"toxapex\" \/>\/<\/span>&#8203;<span style=\"white-space:nowrap\"><psicon pokemon=\"blaziken\" \/>\/<\/span>&#8203;<span style=\"white-space:nowrap\"><psicon pokemon=\"rotomwash\" \/>\/<\/span>&#8203;<span style=\"white-space:nowrap\"><psicon pokemon=\"tapukoko\" \/>\/<\/span>&#8203;<span style=\"white-space:nowrap\"><psicon pokemon=\"garchomp\" \/><\/span>\n|raw|ChandosH's team:<br \/><span style=\"white-space:nowrap\"><psicon pokemon=\"zapdos\" \/>\/<\/span>&#8203;<span style=\"white-space:nowrap\"><psicon pokemon=\"barraskewda\" \/>\/<\/span>&#8203;<span style=\"white-space:nowrap\"><psicon pokemon=\"landorustherian\" \/>\/<\/span>&#8203;<span style=\"white-space:nowrap\"><psicon pokemon=\"pelipper\" \/>\/<\/span>&#8203;<span style=\"white-space:nowrap\"><psicon pokemon=\"crawdaunt\" \/>\/<\/span>&#8203;<span style=\"white-space:nowrap\"><psicon pokemon=\"ferrothorn\" \/><\/span>\n|\n|t:|1666055046\n|switch|p1a: Rotom|Rotom-Wash|100\/100\n|move|p2a: Zapdos|Hurricane|p1a: Rotom\n|-resisted|p1a: Rotom\n|-damage|p1a: Rotom|57\/100\n|\n|-weather|RainDance|[upkeep]\n|-heal|p1a: Rotom|64\/100|[from] item: Leftovers\n|upkeep\n|turn|7\n|raw|ThisEndsTonight's team:<br \/><span style=\"white-space:nowrap\"><psicon pokemon=\"rotomwash\" \/>\/<\/span>&#8203;<span style=\"white-space:nowrap\"><psicon pokemon=\"toxapex\" \/>\/<\/span>&#8203;<span style=\"white-space:nowrap\"><psicon pokemon=\"blaziken\" \/>\/<\/span>&#8203;<span style=\"white-space:nowrap\"><psicon pokemon=\"ferrothorn\" \/>\/<\/span>&#8203;<span style=\"white-space:nowrap\"><psicon pokemon=\"tapukoko\" \/>\/<\/span>&#8203;<span style=\"white-space:nowrap\"><psicon pokemon=\"garchomp\" \/><\/span>\n|raw|ChandosH's team:<br \/><span style=\"white-space:nowrap\"><psicon pokemon=\"zapdos\" \/>\/<\/span>&#8203;<span style=\"white-space:nowrap\"><psicon pokemon=\"barraskewda\" \/>\/<\/span>&#8203;<span style=\"white-space:nowrap\"><psicon pokemon=\"landorustherian\" \/>\/<\/span>&#8203;<span style=\"white-space:nowrap\"><psicon pokemon=\"pelipper\" \/>\/<\/span>&#8203;<span style=\"white-space:nowrap\"><psicon pokemon=\"crawdaunt\" \/>\/<\/span>&#8203;<span style=\"white-space:nowrap\"><psicon pokemon=\"ferrothorn\" \/><\/span>\n|\n|t:|1666055060\n|switch|p2a: Ferrothorn|Ferrothorn, M|95\/100\n|-damage|p2a: Ferrothorn|83\/100|[from] Spikes\n|move|p1a: Rotom|Hydro Pump|p2a: Ferrothorn\n|-resisted|p2a: Ferrothorn\n|-damage|p2a: Ferrothorn|55\/100\n|\n|-weather|RainDance|[upkeep]\n|-heal|p1a: Rotom|70\/100|[from] item: Leftovers\n|-heal|p2a: Ferrothorn|61\/100|[from] item: Leftovers\n|upkeep\n|turn|8\n|raw|ThisEndsTonight's team:<br \/><span style=\"white-space:nowrap\"><psicon pokemon=\"rotomwash\" \/>\/<\/span>&#8203;<span style=\"white-space:nowrap\"><psicon pokemon=\"toxapex\" \/>\/<\/span>&#8203;<span style=\"white-space:nowrap\"><psicon pokemon=\"blaziken\" \/>\/<\/span>&#8203;<span style=\"white-space:nowrap\"><psicon pokemon=\"ferrothorn\" \/>\/<\/span>&#8203;<span style=\"white-space:nowrap\"><psicon pokemon=\"tapukoko\" \/>\/<\/span>&#8203;<span style=\"white-space:nowrap\"><psicon pokemon=\"garchomp\" \/><\/span>\n|raw|ChandosH's team:<br \/><span style=\"white-space:nowrap\"><psicon pokemon=\"ferrothorn\" \/>\/<\/span>&#8203;<span style=\"white-space:nowrap\"><psicon pokemon=\"barraskewda\" \/>\/<\/span>&#8203;<span style=\"white-space:nowrap\"><psicon pokemon=\"landorustherian\" \/>\/<\/span>&#8203;<span style=\"white-space:nowrap\"><psicon pokemon=\"pelipper\" \/>\/<\/span>&#8203;<span style=\"white-space:nowrap\"><psicon pokemon=\"crawdaunt\" \/>\/<\/span>&#8203;<span style=\"white-space:nowrap\"><psicon pokemon=\"zapdos\" \/><\/span>\n|\n|t:|1666055070\n|move|p1a: Rotom|Will-O-Wisp|p2a: Ferrothorn\n|-status|p2a: Ferrothorn|brn\n|move|p2a: Ferrothorn|Leech Seed|p1a: Rotom\n|-start|p1a: Rotom|move: Leech Seed\n|\n|-weather|none\n|-heal|p1a: Rotom|76\/100|[from] item: Leftovers\n|-heal|p2a: Ferrothorn|67\/100 brn|[from] item: Leftovers\n|-damage|p1a: Rotom|64\/100|[from] Leech Seed|[of] p2a: Ferrothorn\n|-heal|p2a: Ferrothorn|78\/100 brn|[silent]\n|-damage|p2a: Ferrothorn|72\/100 brn|[from] brn\n|upkeep\n|turn|9\n|raw|ThisEndsTonight's team:<br \/><span style=\"white-space:nowrap\"><psicon pokemon=\"rotomwash\" \/>\/<\/span>&#8203;<span style=\"white-space:nowrap\"><psicon pokemon=\"toxapex\" \/>\/<\/span>&#8203;<span style=\"white-space:nowrap\"><psicon pokemon=\"blaziken\" \/>\/<\/span>&#8203;<span style=\"white-space:nowrap\"><psicon pokemon=\"ferrothorn\" \/>\/<\/span>&#8203;<span style=\"white-space:nowrap\"><psicon pokemon=\"tapukoko\" \/>\/<\/span>&#8203;<span style=\"white-space:nowrap\"><psicon pokemon=\"garchomp\" \/><\/span>\n|raw|ChandosH's team:<br \/><span style=\"white-space:nowrap\"><psicon pokemon=\"ferrothorn\" \/>\/<\/span>&#8203;<span style=\"white-space:nowrap\"><psicon pokemon=\"barraskewda\" \/>\/<\/span>&#8203;<span style=\"white-space:nowrap\"><psicon pokemon=\"landorustherian\" \/>\/<\/span>&#8203;<span style=\"white-space:nowrap\"><psicon pokemon=\"pelipper\" \/>\/<\/span>&#8203;<span style=\"white-space:nowrap\"><psicon pokemon=\"crawdaunt\" \/>\/<\/span>&#8203;<span style=\"white-space:nowrap\"><psicon pokemon=\"zapdos\" \/><\/span>\n|\n|t:|1666055073\n|move|p1a: Rotom|Volt Switch|p2a: Ferrothorn\n|-resisted|p2a: Ferrothorn\n|-damage|p2a: Ferrothorn|62\/100 brn\n|\n|t:|1666055077\n|switch|p1a: Ferrothorn|Ferrothorn, F|50\/100|[from]move: Volt Switch\n|move|p2a: Ferrothorn|Stealth Rock|p1a: Ferrothorn\n|-sidestart|p1: ThisEndsTonight|move: Stealth Rock\n|\n|-heal|p2a: Ferrothorn|68\/100 brn|[from] item: Leftovers\n|-heal|p1a: Ferrothorn|56\/100|[from] item: Leftovers\n|-damage|p2a: Ferrothorn|62\/100 brn|[from] brn\n|upkeep\n|turn|10\n|raw|ThisEndsTonight's team:<br \/><span style=\"white-space:nowrap\"><psicon pokemon=\"ferrothorn\" \/>\/<\/span>&#8203;<span style=\"white-space:nowrap\"><psicon pokemon=\"toxapex\" \/>\/<\/span>&#8203;<span style=\"white-space:nowrap\"><psicon pokemon=\"blaziken\" \/>\/<\/span>&#8203;<span style=\"white-space:nowrap\"><psicon pokemon=\"rotomwash\" \/>\/<\/span>&#8203;<span style=\"white-space:nowrap\"><psicon pokemon=\"tapukoko\" \/>\/<\/span>&#8203;<span style=\"white-space:nowrap\"><psicon pokemon=\"garchomp\" \/><\/span>\n|raw|ChandosH's team:<br \/><span style=\"white-space:nowrap\"><psicon pokemon=\"ferrothorn\" \/>\/<\/span>&#8203;<span style=\"white-space:nowrap\"><psicon pokemon=\"barraskewda\" \/>\/<\/span>&#8203;<span style=\"white-space:nowrap\"><psicon pokemon=\"landorustherian\" \/>\/<\/span>&#8203;<span style=\"white-space:nowrap\"><psicon pokemon=\"pelipper\" \/>\/<\/span>&#8203;<span style=\"white-space:nowrap\"><psicon pokemon=\"crawdaunt\" \/>\/<\/span>&#8203;<span style=\"white-space:nowrap\"><psicon pokemon=\"zapdos\" \/><\/span>\n|\n|t:|1666055085\n|move|p2a: Ferrothorn|Body Press|p1a: Ferrothorn\n|-supereffective|p1a: Ferrothorn\n|-damage|p1a: Ferrothorn|33\/100\n|-damage|p2a: Ferrothorn|49\/100 brn|[from] ability: Iron Barbs|[of] p1a: Ferrothorn\n|move|p1a: Ferrothorn|Spikes|p2a: Ferrothorn\n|-sidestart|p2: ChandosH|Spikes\n|\n|-heal|p2a: Ferrothorn|55\/100 brn|[from] item: Leftovers\n|-heal|p1a: Ferrothorn|39\/100|[from] item: Leftovers\n|-damage|p2a: Ferrothorn|49\/100 brn|[from] brn\n|upkeep\n|turn|11\n|raw|ThisEndsTonight's team:<br \/><span style=\"white-space:nowrap\"><psicon pokemon=\"ferrothorn\" \/>\/<\/span>&#8203;<span style=\"white-space:nowrap\"><psicon pokemon=\"toxapex\" \/>\/<\/span>&#8203;<span style=\"white-space:nowrap\"><psicon pokemon=\"blaziken\" \/>\/<\/span>&#8203;<span style=\"white-space:nowrap\"><psicon pokemon=\"rotomwash\" \/>\/<\/span>&#8203;<span style=\"white-space:nowrap\"><psicon pokemon=\"tapukoko\" \/>\/<\/span>&#8203;<span style=\"white-space:nowrap\"><psicon pokemon=\"garchomp\" \/><\/span>\n|raw|ChandosH's team:<br \/><span style=\"white-space:nowrap\"><psicon pokemon=\"ferrothorn\" \/>\/<\/span>&#8203;<span style=\"white-space:nowrap\"><psicon pokemon=\"barraskewda\" \/>\/<\/span>&#8203;<span style=\"white-space:nowrap\"><psicon pokemon=\"landorustherian\" \/>\/<\/span>&#8203;<span style=\"white-space:nowrap\"><psicon pokemon=\"pelipper\" \/>\/<\/span>&#8203;<span style=\"white-space:nowrap\"><psicon pokemon=\"crawdaunt\" \/>\/<\/span>&#8203;<span style=\"white-space:nowrap\"><psicon pokemon=\"zapdos\" \/><\/span>\n|inactive|ThisEndsTonight has 120 seconds left.\n|\n|t:|1666055125\n|switch|p2a: Pelipper|Pelipper, M|100\/100\n|-weather|RainDance|[from] ability: Drizzle|[of] p2a: Pelipper\n|move|p1a: Ferrothorn|Spikes|p2a: Pelipper\n|-sidestart|p2: ChandosH|Spikes\n|\n|-weather|RainDance|[upkeep]\n|-heal|p1a: Ferrothorn|45\/100|[from] item: Leftovers\n|upkeep\n|turn|12\n|raw|ThisEndsTonight's team:<br \/><span style=\"white-space:nowrap\"><psicon pokemon=\"ferrothorn\" \/>\/<\/span>&#8203;<span style=\"white-space:nowrap\"><psicon pokemon=\"toxapex\" \/>\/<\/span>&#8203;<span style=\"white-space:nowrap\"><psicon pokemon=\"blaziken\" \/>\/<\/span>&#8203;<span style=\"white-space:nowrap\"><psicon pokemon=\"rotomwash\" \/>\/<\/span>&#8203;<span style=\"white-space:nowrap\"><psicon pokemon=\"tapukoko\" \/>\/<\/span>&#8203;<span style=\"white-space:nowrap\"><psicon pokemon=\"garchomp\" \/><\/span>\n|raw|ChandosH's team:<br \/><span style=\"white-space:nowrap\"><psicon pokemon=\"pelipper\" \/>\/<\/span>&#8203;<span style=\"white-space:nowrap\"><psicon pokemon=\"barraskewda\" \/>\/<\/span>&#8203;<span style=\"white-space:nowrap\"><psicon pokemon=\"landorustherian\" \/>\/<\/span>&#8203;<span style=\"white-space:nowrap\"><psicon pokemon=\"ferrothorn\" \/>\/<\/span>&#8203;<span style=\"white-space:nowrap\"><psicon pokemon=\"crawdaunt\" \/>\/<\/span>&#8203;<span style=\"white-space:nowrap\"><psicon pokemon=\"zapdos\" \/><\/span>\n|\n|t:|1666055142\n|switch|p2a: Zapdos|Zapdos|100\/100\n|move|p1a: Ferrothorn|Protect||[still]\n|-fail|p1a: Ferrothorn\n|\n|-weather|RainDance|[upkeep]\n|-heal|p1a: Ferrothorn|51\/100|[from] item: Leftovers\n|upkeep\n|turn|13\n|raw|ThisEndsTonight's team:<br \/><span style=\"white-space:nowrap\"><psicon pokemon=\"ferrothorn\" \/>\/<\/span>&#8203;<span style=\"white-space:nowrap\"><psicon pokemon=\"toxapex\" \/>\/<\/span>&#8203;<span style=\"white-space:nowrap\"><psicon pokemon=\"blaziken\" \/>\/<\/span>&#8203;<span style=\"white-space:nowrap\"><psicon pokemon=\"rotomwash\" \/>\/<\/span>&#8203;<span style=\"white-space:nowrap\"><psicon pokemon=\"tapukoko\" \/>\/<\/span>&#8203;<span style=\"white-space:nowrap\"><psicon pokemon=\"garchomp\" \/><\/span>\n|raw|ChandosH's team:<br \/><span style=\"white-space:nowrap\"><psicon pokemon=\"zapdos\" \/>\/<\/span>&#8203;<span style=\"white-space:nowrap\"><psicon pokemon=\"barraskewda\" \/>\/<\/span>&#8203;<span style=\"white-space:nowrap\"><psicon pokemon=\"landorustherian\" \/>\/<\/span>&#8203;<span style=\"white-space:nowrap\"><psicon pokemon=\"ferrothorn\" \/>\/<\/span>&#8203;<span style=\"white-space:nowrap\"><psicon pokemon=\"crawdaunt\" \/>\/<\/span>&#8203;<span style=\"white-space:nowrap\"><psicon pokemon=\"pelipper\" \/><\/span>\n|\n|t:|1666055153\n|move|p1a: Ferrothorn|Protect|p1a: Ferrothorn\n|-singleturn|p1a: Ferrothorn|Protect\n|move|p2a: Zapdos|Hurricane|p1a: Ferrothorn\n|-activate|p1a: Ferrothorn|move: Protect\n|\n|-weather|RainDance|[upkeep]\n|-heal|p1a: Ferrothorn|58\/100|[from] item: Leftovers\n|upkeep\n|turn|14\n|raw|ThisEndsTonight's team:<br \/><span style=\"white-space:nowrap\"><psicon pokemon=\"ferrothorn\" \/>\/<\/span>&#8203;<span style=\"white-space:nowrap\"><psicon pokemon=\"toxapex\" \/>\/<\/span>&#8203;<span style=\"white-space:nowrap\"><psicon pokemon=\"blaziken\" \/>\/<\/span>&#8203;<span style=\"white-space:nowrap\"><psicon pokemon=\"rotomwash\" \/>\/<\/span>&#8203;<span style=\"white-space:nowrap\"><psicon pokemon=\"tapukoko\" \/>\/<\/span>&#8203;<span style=\"white-space:nowrap\"><psicon pokemon=\"garchomp\" \/><\/span>\n|raw|ChandosH's team:<br \/><span style=\"white-space:nowrap\"><psicon pokemon=\"zapdos\" \/>\/<\/span>&#8203;<span style=\"white-space:nowrap\"><psicon pokemon=\"barraskewda\" \/>\/<\/span>&#8203;<span style=\"white-space:nowrap\"><psicon pokemon=\"landorustherian\" \/>\/<\/span>&#8203;<span style=\"white-space:nowrap\"><psicon pokemon=\"ferrothorn\" \/>\/<\/span>&#8203;<span style=\"white-space:nowrap\"><psicon pokemon=\"crawdaunt\" \/>\/<\/span>&#8203;<span style=\"white-space:nowrap\"><psicon pokemon=\"pelipper\" \/><\/span>\n|inactive|ThisEndsTonight has 120 seconds left.\n|\n|t:|1666055171\n|move|p2a: Zapdos|Hurricane|p1a: Ferrothorn\n|-damage|p1a: Ferrothorn|6\/100\n|move|p1a: Ferrothorn|Leech Seed|p2a: Zapdos\n|-start|p2a: Zapdos|move: Leech Seed\n|\n|-weather|RainDance|[upkeep]\n|-heal|p1a: Ferrothorn|13\/100|[from] item: Leftovers\n|-damage|p2a: Zapdos|88\/100|[from] Leech Seed|[of] p1a: Ferrothorn\n|-heal|p1a: Ferrothorn|24\/100|[silent]\n|upkeep\n|turn|15\n|raw|ThisEndsTonight's team:<br \/><span style=\"white-space:nowrap\"><psicon pokemon=\"ferrothorn\" \/>\/<\/span>&#8203;<span style=\"white-space:nowrap\"><psicon pokemon=\"toxapex\" \/>\/<\/span>&#8203;<span style=\"white-space:nowrap\"><psicon pokemon=\"blaziken\" \/>\/<\/span>&#8203;<span style=\"white-space:nowrap\"><psicon pokemon=\"rotomwash\" \/>\/<\/span>&#8203;<span style=\"white-space:nowrap\"><psicon pokemon=\"tapukoko\" \/>\/<\/span>&#8203;<span style=\"white-space:nowrap\"><psicon pokemon=\"garchomp\" \/><\/span>\n|raw|ChandosH's team:<br \/><span style=\"white-space:nowrap\"><psicon pokemon=\"zapdos\" \/>\/<\/span>&#8203;<span style=\"white-space:nowrap\"><psicon pokemon=\"barraskewda\" \/>\/<\/span>&#8203;<span style=\"white-space:nowrap\"><psicon pokemon=\"landorustherian\" \/>\/<\/span>&#8203;<span style=\"white-space:nowrap\"><psicon pokemon=\"ferrothorn\" \/>\/<\/span>&#8203;<span style=\"white-space:nowrap\"><psicon pokemon=\"crawdaunt\" \/>\/<\/span>&#8203;<span style=\"white-space:nowrap\"><psicon pokemon=\"pelipper\" \/><\/span>\n|\n|t:|1666055181\n|move|p2a: Zapdos|Hurricane|p1a: Ferrothorn\n|-damage|p1a: Ferrothorn|0 fnt\n|faint|p1a: Ferrothorn\n|poke|p2|Ferrothorn, F|\n|-message|Ferrothorn was captured by ChandosH!\n|\n|-weather|RainDance|[upkeep]\n|upkeep\n|inactive|ThisEndsTonight has 120 seconds left.\n|\n|t:|1666055196\n|switch|p1a: Toxapex|Toxapex, M|100\/100\n|-damage|p1a: Toxapex|88\/100|[from] Stealth Rock\n|turn|16\n|raw|ThisEndsTonight's team:<br \/><span style=\"white-space:nowrap\"><psicon pokemon=\"toxapex\" \/>\/<\/span>&#8203;<span style=\"white-space:nowrap\"><psicon pokemon=\"blaziken\" \/>\/<\/span>&#8203;<span style=\"white-space:nowrap\"><psicon pokemon=\"rotomwash\" \/>\/<\/span>&#8203;<span style=\"white-space:nowrap\"><psicon pokemon=\"tapukoko\" \/>\/<\/span>&#8203;<span style=\"white-space:nowrap\"><psicon pokemon=\"garchomp\" \/><\/span>\n|raw|ChandosH's team:<br \/><span style=\"white-space:nowrap\"><psicon pokemon=\"zapdos\" \/>\/<\/span>&#8203;<span style=\"white-space:nowrap\"><psicon pokemon=\"barraskewda\" \/>\/<\/span>&#8203;<span style=\"white-space:nowrap\"><psicon pokemon=\"landorustherian\" \/>\/<\/span>&#8203;<span style=\"white-space:nowrap\"><psicon pokemon=\"ferrothorn\" \/>\/<\/span>&#8203;<span style=\"white-space:nowrap\"><psicon pokemon=\"crawdaunt\" \/>\/<\/span>&#8203;<span style=\"white-space:nowrap\"><psicon pokemon=\"pelipper\" \/>\/<\/span>&#8203;<span style=\"white-space:nowrap\"><psicon pokemon=\"ferrothorn\" \/><\/span>\n|\n|t:|1666055211\n|move|p2a: Zapdos|Hurricane|p1a: Toxapex\n|-damage|p1a: Toxapex|18\/100\n|move|p1a: Toxapex|Light Screen|p1a: Toxapex\n|-sidestart|p1: ThisEndsTonight|move: Light Screen\n|\n|-weather|RainDance|[upkeep]\n|-heal|p1a: Toxapex|24\/100|[from] item: Black Sludge\n|-damage|p2a: Zapdos|76\/100|[from] Leech Seed|[of] p1a: Toxapex\n|-heal|p1a: Toxapex|37\/100|[silent]\n|upkeep\n|turn|17\n|raw|ThisEndsTonight's team:<br \/><span style=\"white-space:nowrap\"><psicon pokemon=\"toxapex\" \/>\/<\/span>&#8203;<span style=\"white-space:nowrap\"><psicon pokemon=\"blaziken\" \/>\/<\/span>&#8203;<span style=\"white-space:nowrap\"><psicon pokemon=\"rotomwash\" \/>\/<\/span>&#8203;<span style=\"white-space:nowrap\"><psicon pokemon=\"tapukoko\" \/>\/<\/span>&#8203;<span style=\"white-space:nowrap\"><psicon pokemon=\"garchomp\" \/><\/span>\n|raw|ChandosH's team:<br \/><span style=\"white-space:nowrap\"><psicon pokemon=\"zapdos\" \/>\/<\/span>&#8203;<span style=\"white-space:nowrap\"><psicon pokemon=\"barraskewda\" \/>\/<\/span>&#8203;<span style=\"white-space:nowrap\"><psicon pokemon=\"landorustherian\" \/>\/<\/span>&#8203;<span style=\"white-space:nowrap\"><psicon pokemon=\"ferrothorn\" \/>\/<\/span>&#8203;<span style=\"white-space:nowrap\"><psicon pokemon=\"crawdaunt\" \/>\/<\/span>&#8203;<span style=\"white-space:nowrap\"><psicon pokemon=\"pelipper\" \/>\/<\/span>&#8203;<span style=\"white-space:nowrap\"><psicon pokemon=\"ferrothorn\" \/><\/span>\n|\n|t:|1666055218\n|switch|p1a: Rotom|Rotom-Wash|64\/100\n|-damage|p1a: Rotom|51\/100|[from] Stealth Rock\n|move|p2a: Zapdos|Hurricane|p1a: Rotom\n|-resisted|p1a: Rotom\n|-damage|p1a: Rotom|29\/100\n|\n|-weather|RainDance|[upkeep]\n|-heal|p1a: Rotom|36\/100|[from] item: Leftovers\n|-damage|p2a: Zapdos|63\/100|[from] Leech Seed|[of] p1a: Rotom\n|-heal|p1a: Rotom|49\/100|[silent]\n|upkeep\n|turn|18\n|raw|ThisEndsTonight's team:<br \/><span style=\"white-space:nowrap\"><psicon pokemon=\"rotomwash\" \/>\/<\/span>&#8203;<span style=\"white-space:nowrap\"><psicon pokemon=\"blaziken\" \/>\/<\/span>&#8203;<span style=\"white-space:nowrap\"><psicon pokemon=\"toxapex\" \/>\/<\/span>&#8203;<span style=\"white-space:nowrap\"><psicon pokemon=\"tapukoko\" \/>\/<\/span>&#8203;<span style=\"white-space:nowrap\"><psicon pokemon=\"garchomp\" \/><\/span>\n|raw|ChandosH's team:<br \/><span style=\"white-space:nowrap\"><psicon pokemon=\"zapdos\" \/>\/<\/span>&#8203;<span style=\"white-space:nowrap\"><psicon pokemon=\"barraskewda\" \/>\/<\/span>&#8203;<span style=\"white-space:nowrap\"><psicon pokemon=\"landorustherian\" \/>\/<\/span>&#8203;<span style=\"white-space:nowrap\"><psicon pokemon=\"ferrothorn\" \/>\/<\/span>&#8203;<span style=\"white-space:nowrap\"><psicon pokemon=\"crawdaunt\" \/>\/<\/span>&#8203;<span style=\"white-space:nowrap\"><psicon pokemon=\"pelipper\" \/>\/<\/span>&#8203;<span style=\"white-space:nowrap\"><psicon pokemon=\"ferrothorn\" \/><\/span>\n|\n|t:|1666055224\n|switch|p2a: Ferrothorn|Ferrothorn, F|75\/100\n|-damage|p2a: Ferrothorn|50\/100|[from] Spikes\n|move|p1a: Rotom|Hydro Pump|p2a: Ferrothorn\n|-resisted|p2a: Ferrothorn\n|-damage|p2a: Ferrothorn|30\/100\n|\n|-weather|none\n|-heal|p1a: Rotom|55\/100|[from] item: Leftovers\n|-heal|p2a: Ferrothorn|36\/100|[from] item: Leftovers\n|upkeep\n|turn|19\n|raw|ThisEndsTonight's team:<br \/><span style=\"white-space:nowrap\"><psicon pokemon=\"rotomwash\" \/>\/<\/span>&#8203;<span style=\"white-space:nowrap\"><psicon pokemon=\"blaziken\" \/>\/<\/span>&#8203;<span style=\"white-space:nowrap\"><psicon pokemon=\"toxapex\" \/>\/<\/span>&#8203;<span style=\"white-space:nowrap\"><psicon pokemon=\"tapukoko\" \/>\/<\/span>&#8203;<span style=\"white-space:nowrap\"><psicon pokemon=\"garchomp\" \/><\/span>\n|raw|ChandosH's team:<br \/><span style=\"white-space:nowrap\"><psicon pokemon=\"ferrothorn\" \/>\/<\/span>&#8203;<span style=\"white-space:nowrap\"><psicon pokemon=\"barraskewda\" \/>\/<\/span>&#8203;<span style=\"white-space:nowrap\"><psicon pokemon=\"landorustherian\" \/>\/<\/span>&#8203;<span style=\"white-space:nowrap\"><psicon pokemon=\"ferrothorn\" \/>\/<\/span>&#8203;<span style=\"white-space:nowrap\"><psicon pokemon=\"crawdaunt\" \/>\/<\/span>&#8203;<span style=\"white-space:nowrap\"><psicon pokemon=\"pelipper\" \/>\/<\/span>&#8203;<span style=\"white-space:nowrap\"><psicon pokemon=\"zapdos\" \/><\/span>\n|\n|t:|1666055230\n|move|p1a: Rotom|Will-O-Wisp|p2a: Ferrothorn\n|-status|p2a: Ferrothorn|brn\n|move|p2a: Ferrothorn|Leech Seed|p1a: Rotom\n|-start|p1a: Rotom|move: Leech Seed\n|\n|-heal|p1a: Rotom|61\/100|[from] item: Leftovers\n|-heal|p2a: Ferrothorn|43\/100 brn|[from] item: Leftovers\n|-damage|p1a: Rotom|49\/100|[from] Leech Seed|[of] p2a: Ferrothorn\n|-heal|p2a: Ferrothorn|53\/100 brn|[silent]\n|-damage|p2a: Ferrothorn|47\/100 brn|[from] brn\n|upkeep\n|turn|20\n|raw|ThisEndsTonight's team:<br \/><span style=\"white-space:nowrap\"><psicon pokemon=\"rotomwash\" \/>\/<\/span>&#8203;<span style=\"white-space:nowrap\"><psicon pokemon=\"blaziken\" \/>\/<\/span>&#8203;<span style=\"white-space:nowrap\"><psicon pokemon=\"toxapex\" \/>\/<\/span>&#8203;<span style=\"white-space:nowrap\"><psicon pokemon=\"tapukoko\" \/>\/<\/span>&#8203;<span style=\"white-space:nowrap\"><psicon pokemon=\"garchomp\" \/><\/span>\n|raw|ChandosH's team:<br \/><span style=\"white-space:nowrap\"><psicon pokemon=\"ferrothorn\" \/>\/<\/span>&#8203;<span style=\"white-space:nowrap\"><psicon pokemon=\"barraskewda\" \/>\/<\/span>&#8203;<span style=\"white-space:nowrap\"><psicon pokemon=\"landorustherian\" \/>\/<\/span>&#8203;<span style=\"white-space:nowrap\"><psicon pokemon=\"ferrothorn\" \/>\/<\/span>&#8203;<span style=\"white-space:nowrap\"><psicon pokemon=\"crawdaunt\" \/>\/<\/span>&#8203;<span style=\"white-space:nowrap\"><psicon pokemon=\"pelipper\" \/>\/<\/span>&#8203;<span style=\"white-space:nowrap\"><psicon pokemon=\"zapdos\" \/><\/span>\n|\n|t:|1666055242\n|move|p1a: Rotom|Volt Switch|p2a: Ferrothorn\n|-resisted|p2a: Ferrothorn\n|-damage|p2a: Ferrothorn|39\/100 brn\n|\n|t:|1666055251\n|switch|p1a: Garchomp|Garchomp, F|100\/100|[from]move: Volt Switch\n|-damage|p1a: Garchomp|94\/100|[from] Stealth Rock\n|move|p2a: Ferrothorn|Spikes|p1a: Garchomp\n|-sidestart|p1: ThisEndsTonight|Spikes\n|\n|-heal|p1a: Garchomp|100\/100|[from] item: Leftovers\n|-heal|p2a: Ferrothorn|45\/100 brn|[from] item: Leftovers\n|-damage|p2a: Ferrothorn|39\/100 brn|[from] brn\n|-sideend|p1: ThisEndsTonight|move: Light Screen\n|upkeep\n|turn|21\n|raw|ThisEndsTonight's team:<br \/><span style=\"white-space:nowrap\"><psicon pokemon=\"garchomp\" \/>\/<\/span>&#8203;<span style=\"white-space:nowrap\"><psicon pokemon=\"blaziken\" \/>\/<\/span>&#8203;<span style=\"white-space:nowrap\"><psicon pokemon=\"toxapex\" \/>\/<\/span>&#8203;<span style=\"white-space:nowrap\"><psicon pokemon=\"tapukoko\" \/>\/<\/span>&#8203;<span style=\"white-space:nowrap\"><psicon pokemon=\"rotomwash\" \/><\/span>\n|raw|ChandosH's team:<br \/><span style=\"white-space:nowrap\"><psicon pokemon=\"ferrothorn\" \/>\/<\/span>&#8203;<span style=\"white-space:nowrap\"><psicon pokemon=\"barraskewda\" \/>\/<\/span>&#8203;<span style=\"white-space:nowrap\"><psicon pokemon=\"landorustherian\" \/>\/<\/span>&#8203;<span style=\"white-space:nowrap\"><psicon pokemon=\"ferrothorn\" \/>\/<\/span>&#8203;<span style=\"white-space:nowrap\"><psicon pokemon=\"crawdaunt\" \/>\/<\/span>&#8203;<span style=\"white-space:nowrap\"><psicon pokemon=\"pelipper\" \/>\/<\/span>&#8203;<span style=\"white-space:nowrap\"><psicon pokemon=\"zapdos\" \/><\/span>\n|\n|t:|1666055261\n|move|p1a: Garchomp|Stealth Rock|p2a: Ferrothorn\n|-sidestart|p2: ChandosH|move: Stealth Rock\n|move|p2a: Ferrothorn|Leech Seed|p1a: Garchomp\n|-start|p1a: Garchomp|move: Leech Seed\n|\n|-heal|p2a: Ferrothorn|45\/100 brn|[from] item: Leftovers\n|-damage|p1a: Garchomp|88\/100|[from] Leech Seed|[of] p2a: Ferrothorn\n|-heal|p2a: Ferrothorn|60\/100 brn|[silent]\n|-damage|p2a: Ferrothorn|54\/100 brn|[from] brn\n|upkeep\n|turn|22\n|raw|ThisEndsTonight's team:<br \/><span style=\"white-space:nowrap\"><psicon pokemon=\"garchomp\" \/>\/<\/span>&#8203;<span style=\"white-space:nowrap\"><psicon pokemon=\"blaziken\" \/>\/<\/span>&#8203;<span style=\"white-space:nowrap\"><psicon pokemon=\"toxapex\" \/>\/<\/span>&#8203;<span style=\"white-space:nowrap\"><psicon pokemon=\"tapukoko\" \/>\/<\/span>&#8203;<span style=\"white-space:nowrap\"><psicon pokemon=\"rotomwash\" \/><\/span>\n|raw|ChandosH's team:<br \/><span style=\"white-space:nowrap\"><psicon pokemon=\"ferrothorn\" \/>\/<\/span>&#8203;<span style=\"white-space:nowrap\"><psicon pokemon=\"barraskewda\" \/>\/<\/span>&#8203;<span style=\"white-space:nowrap\"><psicon pokemon=\"landorustherian\" \/>\/<\/span>&#8203;<span style=\"white-space:nowrap\"><psicon pokemon=\"ferrothorn\" \/>\/<\/span>&#8203;<span style=\"white-space:nowrap\"><psicon pokemon=\"crawdaunt\" \/>\/<\/span>&#8203;<span style=\"white-space:nowrap\"><psicon pokemon=\"pelipper\" \/>\/<\/span>&#8203;<span style=\"white-space:nowrap\"><psicon pokemon=\"zapdos\" \/><\/span>\n|\n|t:|1666055267\n|switch|p1a: Blaziken|Blaziken, F|100\/100\n|-damage|p1a: Blaziken|88\/100|[from] Stealth Rock\n|-damage|p1a: Blaziken|76\/100|[from] Spikes\n|switch|p2a: Landorus|Landorus-Therian, M|60\/100\n|-damage|p2a: Landorus|48\/100|[from] Stealth Rock\n|-ability|p2a: Landorus|Intimidate|boost\n|-unboost|p1a: Blaziken|atk|1\n|\n|-heal|p2a: Landorus|54\/100|[from] item: Leftovers\n|upkeep\n|turn|23\n|raw|ThisEndsTonight's team:<br \/><span style=\"white-space:nowrap\"><psicon pokemon=\"blaziken\" \/>\/<\/span>&#8203;<span style=\"white-space:nowrap\"><psicon pokemon=\"garchomp\" \/>\/<\/span>&#8203;<span style=\"white-space:nowrap\"><psicon pokemon=\"toxapex\" \/>\/<\/span>&#8203;<span style=\"white-space:nowrap\"><psicon pokemon=\"tapukoko\" \/>\/<\/span>&#8203;<span style=\"white-space:nowrap\"><psicon pokemon=\"rotomwash\" \/><\/span>\n|raw|ChandosH's team:<br \/><span style=\"white-space:nowrap\"><psicon pokemon=\"landorustherian\" \/>\/<\/span>&#8203;<span style=\"white-space:nowrap\"><psicon pokemon=\"barraskewda\" \/>\/<\/span>&#8203;<span style=\"white-space:nowrap\"><psicon pokemon=\"ferrothorn\" \/>\/<\/span>&#8203;<span style=\"white-space:nowrap\"><psicon pokemon=\"ferrothorn\" \/>\/<\/span>&#8203;<span style=\"white-space:nowrap\"><psicon pokemon=\"crawdaunt\" \/>\/<\/span>&#8203;<span style=\"white-space:nowrap\"><psicon pokemon=\"pelipper\" \/>\/<\/span>&#8203;<span style=\"white-space:nowrap\"><psicon pokemon=\"zapdos\" \/><\/span>\n|\n|t:|1666055290\n|switch|p2a: Pelipper|Pelipper, M|100\/100\n|-damage|p2a: Pelipper|76\/100|[from] Stealth Rock\n|-weather|RainDance|[from] ability: Drizzle|[of] p2a: Pelipper\n|move|p1a: Blaziken|Overheat|p2a: Pelipper\n|-resisted|p2a: Pelipper\n|-damage|p2a: Pelipper|42\/100\n|-unboost|p1a: Blaziken|spa|2\n|\n|-weather|RainDance|[upkeep]\n|-ability|p1a: Blaziken|Speed Boost|boost\n|-boost|p1a: Blaziken|spe|1\n|upkeep\n|turn|24\n|raw|ThisEndsTonight's team:<br \/><span style=\"white-space:nowrap\"><psicon pokemon=\"blaziken\" \/>\/<\/span>&#8203;<span style=\"white-space:nowrap\"><psicon pokemon=\"garchomp\" \/>\/<\/span>&#8203;<span style=\"white-space:nowrap\"><psicon pokemon=\"toxapex\" \/>\/<\/span>&#8203;<span style=\"white-space:nowrap\"><psicon pokemon=\"tapukoko\" \/>\/<\/span>&#8203;<span style=\"white-space:nowrap\"><psicon pokemon=\"rotomwash\" \/><\/span>\n|raw|ChandosH's team:<br \/><span style=\"white-space:nowrap\"><psicon pokemon=\"pelipper\" \/>\/<\/span>&#8203;<span style=\"white-space:nowrap\"><psicon pokemon=\"barraskewda\" \/>\/<\/span>&#8203;<span style=\"white-space:nowrap\"><psicon pokemon=\"ferrothorn\" \/>\/<\/span>&#8203;<span style=\"white-space:nowrap\"><psicon pokemon=\"ferrothorn\" \/>\/<\/span>&#8203;<span style=\"white-space:nowrap\"><psicon pokemon=\"crawdaunt\" \/>\/<\/span>&#8203;<span style=\"white-space:nowrap\"><psicon pokemon=\"landorustherian\" \/>\/<\/span>&#8203;<span style=\"white-space:nowrap\"><psicon pokemon=\"zapdos\" \/><\/span>\n|\n|t:|1666055296\n|switch|p1a: Tapu Koko|Tapu Koko|100\/100\n|-fieldstart|move: Electric Terrain|[from] ability: Electric Surge|[of] p1a: Tapu Koko\n|move|p2a: Pelipper|Roost|p2a: Pelipper\n|-heal|p2a: Pelipper|92\/100\n|-singleturn|p2a: Pelipper|move: Roost\n|\n|-weather|RainDance|[upkeep]\n|upkeep\n|turn|25\n|raw|ThisEndsTonight's team:<br \/><span style=\"white-space:nowrap\"><psicon pokemon=\"tapukoko\" \/>\/<\/span>&#8203;<span style=\"white-space:nowrap\"><psicon pokemon=\"garchomp\" \/>\/<\/span>&#8203;<span style=\"white-space:nowrap\"><psicon pokemon=\"toxapex\" \/>\/<\/span>&#8203;<span style=\"white-space:nowrap\"><psicon pokemon=\"blaziken\" \/>\/<\/span>&#8203;<span style=\"white-space:nowrap\"><psicon pokemon=\"rotomwash\" \/><\/span>\n|raw|ChandosH's team:<br \/><span style=\"white-space:nowrap\"><psicon pokemon=\"pelipper\" \/>\/<\/span>&#8203;<span style=\"white-space:nowrap\"><psicon pokemon=\"barraskewda\" \/>\/<\/span>&#8203;<span style=\"white-space:nowrap\"><psicon pokemon=\"ferrothorn\" \/>\/<\/span>&#8203;<span style=\"white-space:nowrap\"><psicon pokemon=\"ferrothorn\" \/>\/<\/span>&#8203;<span style=\"white-space:nowrap\"><psicon pokemon=\"crawdaunt\" \/>\/<\/span>&#8203;<span style=\"white-space:nowrap\"><psicon pokemon=\"landorustherian\" \/>\/<\/span>&#8203;<span style=\"white-space:nowrap\"><psicon pokemon=\"zapdos\" \/><\/span>\n|\n|t:|1666055304\n|switch|p2a: Landorus|Landorus-Therian, M|54\/100\n|-damage|p2a: Landorus|42\/100|[from] Stealth Rock\n|-ability|p2a: Landorus|Intimidate|boost\n|-unboost|p1a: Tapu Koko|atk|1\n|move|p1a: Tapu Koko|Wild Charge|p2a: Landorus\n|-immune|p2a: Landorus\n|\n|-weather|RainDance|[upkeep]\n|-heal|p2a: Landorus|48\/100|[from] item: Leftovers\n|upkeep\n|turn|26\n|raw|ThisEndsTonight's team:<br \/><span style=\"white-space:nowrap\"><psicon pokemon=\"tapukoko\" \/>\/<\/span>&#8203;<span style=\"white-space:nowrap\"><psicon pokemon=\"garchomp\" \/>\/<\/span>&#8203;<span style=\"white-space:nowrap\"><psicon pokemon=\"toxapex\" \/>\/<\/span>&#8203;<span style=\"white-space:nowrap\"><psicon pokemon=\"blaziken\" \/>\/<\/span>&#8203;<span style=\"white-space:nowrap\"><psicon pokemon=\"rotomwash\" \/><\/span>\n|raw|ChandosH's team:<br \/><span style=\"white-space:nowrap\"><psicon pokemon=\"landorustherian\" \/>\/<\/span>&#8203;<span style=\"white-space:nowrap\"><psicon pokemon=\"barraskewda\" \/>\/<\/span>&#8203;<span style=\"white-space:nowrap\"><psicon pokemon=\"ferrothorn\" \/>\/<\/span>&#8203;<span style=\"white-space:nowrap\"><psicon pokemon=\"ferrothorn\" \/>\/<\/span>&#8203;<span style=\"white-space:nowrap\"><psicon pokemon=\"crawdaunt\" \/>\/<\/span>&#8203;<span style=\"white-space:nowrap\"><psicon pokemon=\"pelipper\" \/>\/<\/span>&#8203;<span style=\"white-space:nowrap\"><psicon pokemon=\"zapdos\" \/><\/span>\n|\n|t:|1666055312\n|move|p1a: Tapu Koko|U-turn|p2a: Landorus\n|-resisted|p2a: Landorus\n|-damage|p2a: Landorus|40\/100\n|\n|t:|1666055317\n|switch|p1a: Rotom|Rotom-Wash|49\/100|[from]move: U-turn\n|-damage|p1a: Rotom|36\/100|[from] Stealth Rock\n|move|p2a: Landorus|Defog|p1a: Rotom\n|-unboost|p1a: Rotom|evasion|1\n|-sideend|p1: ThisEndsTonight|Spikes|[from] move: Defog|[of] p2a: Landorus\n|-sideend|p1: ThisEndsTonight|Stealth Rock|[from] move: Defog|[of] p2a: Landorus\n|-sideend|p2: ChandosH|Spikes|[from] move: Defog|[of] p2a: Landorus\n|-sideend|p2: ChandosH|Stealth Rock|[from] move: Defog|[of] p2a: Landorus\n|-fieldend|move: Electric Terrain\n|\n|-weather|RainDance|[upkeep]\n|-heal|p2a: Landorus|46\/100|[from] item: Leftovers\n|-heal|p1a: Rotom|43\/100|[from] item: Leftovers\n|upkeep\n|turn|27\n|raw|ThisEndsTonight's team:<br \/><span style=\"white-space:nowrap\"><psicon pokemon=\"rotomwash\" \/>\/<\/span>&#8203;<span style=\"white-space:nowrap\"><psicon pokemon=\"garchomp\" \/>\/<\/span>&#8203;<span style=\"white-space:nowrap\"><psicon pokemon=\"toxapex\" \/>\/<\/span>&#8203;<span style=\"white-space:nowrap\"><psicon pokemon=\"blaziken\" \/>\/<\/span>&#8203;<span style=\"white-space:nowrap\"><psicon pokemon=\"tapukoko\" \/><\/span>\n|raw|ChandosH's team:<br \/><span style=\"white-space:nowrap\"><psicon pokemon=\"landorustherian\" \/>\/<\/span>&#8203;<span style=\"white-space:nowrap\"><psicon pokemon=\"barraskewda\" \/>\/<\/span>&#8203;<span style=\"white-space:nowrap\"><psicon pokemon=\"ferrothorn\" \/>\/<\/span>&#8203;<span style=\"white-space:nowrap\"><psicon pokemon=\"ferrothorn\" \/>\/<\/span>&#8203;<span style=\"white-space:nowrap\"><psicon pokemon=\"crawdaunt\" \/>\/<\/span>&#8203;<span style=\"white-space:nowrap\"><psicon pokemon=\"pelipper\" \/>\/<\/span>&#8203;<span style=\"white-space:nowrap\"><psicon pokemon=\"zapdos\" \/><\/span>\n|\n|t:|1666055340\n|switch|p2a: Ferrothorn|Ferrothorn, M|49\/100 brn\n|move|p1a: Rotom|Hydro Pump|p2a: Ferrothorn|[miss]\n|-miss|p1a: Rotom|p2a: Ferrothorn\n|\n|-weather|RainDance|[upkeep]\n|-heal|p1a: Rotom|49\/100|[from] item: Leftovers\n|-heal|p2a: Ferrothorn|55\/100 brn|[from] item: Leftovers\n|-damage|p2a: Ferrothorn|49\/100 brn|[from] brn\n|upkeep\n|turn|28\n|raw|ThisEndsTonight's team:<br \/><span style=\"white-space:nowrap\"><psicon pokemon=\"rotomwash\" \/>\/<\/span>&#8203;<span style=\"white-space:nowrap\"><psicon pokemon=\"garchomp\" \/>\/<\/span>&#8203;<span style=\"white-space:nowrap\"><psicon pokemon=\"toxapex\" \/>\/<\/span>&#8203;<span style=\"white-space:nowrap\"><psicon pokemon=\"blaziken\" \/>\/<\/span>&#8203;<span style=\"white-space:nowrap\"><psicon pokemon=\"tapukoko\" \/><\/span>\n|raw|ChandosH's team:<br \/><span style=\"white-space:nowrap\"><psicon pokemon=\"ferrothorn\" \/>\/<\/span>&#8203;<span style=\"white-space:nowrap\"><psicon pokemon=\"barraskewda\" \/>\/<\/span>&#8203;<span style=\"white-space:nowrap\"><psicon pokemon=\"ferrothorn\" \/>\/<\/span>&#8203;<span style=\"white-space:nowrap\"><psicon pokemon=\"landorustherian\" \/>\/<\/span>&#8203;<span style=\"white-space:nowrap\"><psicon pokemon=\"crawdaunt\" \/>\/<\/span>&#8203;<span style=\"white-space:nowrap\"><psicon pokemon=\"pelipper\" \/>\/<\/span>&#8203;<span style=\"white-space:nowrap\"><psicon pokemon=\"zapdos\" \/><\/span>\n|\n|t:|1666055350\n|move|p1a: Rotom|Hydro Pump|p2a: Ferrothorn\n|-resisted|p2a: Ferrothorn\n|-damage|p2a: Ferrothorn|24\/100 brn\n|move|p2a: Ferrothorn|Leech Seed|p1a: Rotom\n|-start|p1a: Rotom|move: Leech Seed\n|\n|-weather|RainDance|[upkeep]\n|-heal|p1a: Rotom|55\/100|[from] item: Leftovers\n|-heal|p2a: Ferrothorn|30\/100 brn|[from] item: Leftovers\n|-damage|p1a: Rotom|43\/100|[from] Leech Seed|[of] p2a: Ferrothorn\n|-heal|p2a: Ferrothorn|41\/100 brn|[silent]\n|-damage|p2a: Ferrothorn|35\/100 brn|[from] brn\n|upkeep\n|turn|29\n|raw|ThisEndsTonight's team:<br \/><span style=\"white-space:nowrap\"><psicon pokemon=\"rotomwash\" \/>\/<\/span>&#8203;<span style=\"white-space:nowrap\"><psicon pokemon=\"garchomp\" \/>\/<\/span>&#8203;<span style=\"white-space:nowrap\"><psicon pokemon=\"toxapex\" \/>\/<\/span>&#8203;<span style=\"white-space:nowrap\"><psicon pokemon=\"blaziken\" \/>\/<\/span>&#8203;<span style=\"white-space:nowrap\"><psicon pokemon=\"tapukoko\" \/><\/span>\n|raw|ChandosH's team:<br \/><span style=\"white-space:nowrap\"><psicon pokemon=\"ferrothorn\" \/>\/<\/span>&#8203;<span style=\"white-space:nowrap\"><psicon pokemon=\"barraskewda\" \/>\/<\/span>&#8203;<span style=\"white-space:nowrap\"><psicon pokemon=\"ferrothorn\" \/>\/<\/span>&#8203;<span style=\"white-space:nowrap\"><psicon pokemon=\"landorustherian\" \/>\/<\/span>&#8203;<span style=\"white-space:nowrap\"><psicon pokemon=\"crawdaunt\" \/>\/<\/span>&#8203;<span style=\"white-space:nowrap\"><psicon pokemon=\"pelipper\" \/>\/<\/span>&#8203;<span style=\"white-space:nowrap\"><psicon pokemon=\"zapdos\" \/><\/span>\n|\n|t:|1666055355\n|move|p1a: Rotom|Volt Switch|p2a: Ferrothorn\n|-resisted|p2a: Ferrothorn\n|-damage|p2a: Ferrothorn|23\/100 brn\n|\n|t:|1666055359\n|switch|p1a: Garchomp|Garchomp, F|88\/100|[from]move: Volt Switch\n|move|p2a: Ferrothorn|Leech Seed|p1a: Garchomp\n|-start|p1a: Garchomp|move: Leech Seed\n|\n|-weather|RainDance|[upkeep]\n|-heal|p1a: Garchomp|94\/100|[from] item: Leftovers\n|-heal|p2a: Ferrothorn|29\/100 brn|[from] item: Leftovers\n|-damage|p1a: Garchomp|82\/100|[from] Leech Seed|[of] p2a: Ferrothorn\n|-heal|p2a: Ferrothorn|44\/100 brn|[silent]\n|-damage|p2a: Ferrothorn|38\/100 brn|[from] brn\n|upkeep\n|turn|30\n|raw|ThisEndsTonight's team:<br \/><span style=\"white-space:nowrap\"><psicon pokemon=\"garchomp\" \/>\/<\/span>&#8203;<span style=\"white-space:nowrap\"><psicon pokemon=\"rotomwash\" \/>\/<\/span>&#8203;<span style=\"white-space:nowrap\"><psicon pokemon=\"toxapex\" \/>\/<\/span>&#8203;<span style=\"white-space:nowrap\"><psicon pokemon=\"blaziken\" \/>\/<\/span>&#8203;<span style=\"white-space:nowrap\"><psicon pokemon=\"tapukoko\" \/><\/span>\n|raw|ChandosH's team:<br \/><span style=\"white-space:nowrap\"><psicon pokemon=\"ferrothorn\" \/>\/<\/span>&#8203;<span style=\"white-space:nowrap\"><psicon pokemon=\"barraskewda\" \/>\/<\/span>&#8203;<span style=\"white-space:nowrap\"><psicon pokemon=\"ferrothorn\" \/>\/<\/span>&#8203;<span style=\"white-space:nowrap\"><psicon pokemon=\"landorustherian\" \/>\/<\/span>&#8203;<span style=\"white-space:nowrap\"><psicon pokemon=\"crawdaunt\" \/>\/<\/span>&#8203;<span style=\"white-space:nowrap\"><psicon pokemon=\"pelipper\" \/>\/<\/span>&#8203;<span style=\"white-space:nowrap\"><psicon pokemon=\"zapdos\" \/><\/span>\n|\n|t:|1666055368\n|switch|p1a: Blaziken|Blaziken, F|76\/100\n|switch|p2a: Landorus|Landorus-Therian, M|46\/100\n|-ability|p2a: Landorus|Intimidate|boost\n|-unboost|p1a: Blaziken|atk|1\n|\n|-weather|none\n|-heal|p2a: Landorus|52\/100|[from] item: Leftovers\n|upkeep\n|turn|31\n|raw|ThisEndsTonight's team:<br \/><span style=\"white-space:nowrap\"><psicon pokemon=\"blaziken\" \/>\/<\/span>&#8203;<span style=\"white-space:nowrap\"><psicon pokemon=\"rotomwash\" \/>\/<\/span>&#8203;<span style=\"white-space:nowrap\"><psicon pokemon=\"toxapex\" \/>\/<\/span>&#8203;<span style=\"white-space:nowrap\"><psicon pokemon=\"garchomp\" \/>\/<\/span>&#8203;<span style=\"white-space:nowrap\"><psicon pokemon=\"tapukoko\" \/><\/span>\n|raw|ChandosH's team:<br \/><span style=\"white-space:nowrap\"><psicon pokemon=\"landorustherian\" \/>\/<\/span>&#8203;<span style=\"white-space:nowrap\"><psicon pokemon=\"barraskewda\" \/>\/<\/span>&#8203;<span style=\"white-space:nowrap\"><psicon pokemon=\"ferrothorn\" \/>\/<\/span>&#8203;<span style=\"white-space:nowrap\"><psicon pokemon=\"ferrothorn\" \/>\/<\/span>&#8203;<span style=\"white-space:nowrap\"><psicon pokemon=\"crawdaunt\" \/>\/<\/span>&#8203;<span style=\"white-space:nowrap\"><psicon pokemon=\"pelipper\" \/>\/<\/span>&#8203;<span style=\"white-space:nowrap\"><psicon pokemon=\"zapdos\" \/><\/span>\n|\n|t:|1666055378\n|move|p1a: Blaziken|Overheat|p2a: Landorus\n|-damage|p2a: Landorus|0 fnt\n|-unboost|p1a: Blaziken|spa|2\n|faint|p2a: Landorus\n|poke|p1|Landorus-Therian, M|\n|-message|Landorus was captured by ThisEndsTonight!\n|\n|-ability|p1a: Blaziken|Speed Boost|boost\n|-boost|p1a: Blaziken|spe|1\n|upkeep\n|\n|t:|1666055389\n|switch|p2a: Zapdos|Zapdos|63\/100\n|turn|32\n|raw|ThisEndsTonight's team:<br \/><span style=\"white-space:nowrap\"><psicon pokemon=\"blaziken\" \/>\/<\/span>&#8203;<span style=\"white-space:nowrap\"><psicon pokemon=\"rotomwash\" \/>\/<\/span>&#8203;<span style=\"white-space:nowrap\"><psicon pokemon=\"toxapex\" \/>\/<\/span>&#8203;<span style=\"white-space:nowrap\"><psicon pokemon=\"garchomp\" \/>\/<\/span>&#8203;<span style=\"white-space:nowrap\"><psicon pokemon=\"tapukoko\" \/>\/<\/span>&#8203;<span style=\"white-space:nowrap\"><psicon pokemon=\"landorustherian\" \/><\/span>\n|raw|ChandosH's team:<br \/><span style=\"white-space:nowrap\"><psicon pokemon=\"zapdos\" \/>\/<\/span>&#8203;<span style=\"white-space:nowrap\"><psicon pokemon=\"barraskewda\" \/>\/<\/span>&#8203;<span style=\"white-space:nowrap\"><psicon pokemon=\"ferrothorn\" \/>\/<\/span>&#8203;<span style=\"white-space:nowrap\"><psicon pokemon=\"ferrothorn\" \/>\/<\/span>&#8203;<span style=\"white-space:nowrap\"><psicon pokemon=\"crawdaunt\" \/>\/<\/span>&#8203;<span style=\"white-space:nowrap\"><psicon pokemon=\"pelipper\" \/><\/span>\n|\n|t:|1666055400\n|move|p1a: Blaziken|Overheat|p2a: Zapdos\n|-damage|p2a: Zapdos|5\/100\n|-unboost|p1a: Blaziken|spa|2\n|move|p2a: Zapdos|Hurricane|p1a: Blaziken\n|-supereffective|p1a: Blaziken\n|-damage|p1a: Blaziken|0 fnt\n|faint|p1a: Blaziken\n|poke|p2|Blaziken, F|\n|-message|Blaziken was captured by ChandosH!\n|\n|upkeep\n|\n|t:|1666055407\n|switch|p1a: Tapu Koko|Tapu Koko|100\/100\n|-fieldstart|move: Electric Terrain|[from] ability: Electric Surge|[of] p1a: Tapu Koko\n|turn|33\n|raw|ThisEndsTonight's team:<br \/><span style=\"white-space:nowrap\"><psicon pokemon=\"tapukoko\" \/>\/<\/span>&#8203;<span style=\"white-space:nowrap\"><psicon pokemon=\"rotomwash\" \/>\/<\/span>&#8203;<span style=\"white-space:nowrap\"><psicon pokemon=\"toxapex\" \/>\/<\/span>&#8203;<span style=\"white-space:nowrap\"><psicon pokemon=\"garchomp\" \/>\/<\/span>&#8203;<span style=\"white-space:nowrap\"><psicon pokemon=\"landorustherian\" \/><\/span>\n|raw|ChandosH's team:<br \/><span style=\"white-space:nowrap\"><psicon pokemon=\"zapdos\" \/>\/<\/span>&#8203;<span style=\"white-space:nowrap\"><psicon pokemon=\"barraskewda\" \/>\/<\/span>&#8203;<span style=\"white-space:nowrap\"><psicon pokemon=\"ferrothorn\" \/>\/<\/span>&#8203;<span style=\"white-space:nowrap\"><psicon pokemon=\"ferrothorn\" \/>\/<\/span>&#8203;<span style=\"white-space:nowrap\"><psicon pokemon=\"crawdaunt\" \/>\/<\/span>&#8203;<span style=\"white-space:nowrap\"><psicon pokemon=\"pelipper\" \/>\/<\/span>&#8203;<span style=\"white-space:nowrap\"><psicon pokemon=\"blaziken\" \/><\/span>\n|\n|t:|1666055424\n|switch|p2a: Ferrothorn|Ferrothorn, F|54\/100 brn\n|move|p1a: Tapu Koko|Wild Charge|p2a: Ferrothorn\n|-resisted|p2a: Ferrothorn\n|-damage|p2a: Ferrothorn|32\/100 brn\n|-damage|p1a: Tapu Koko|88\/100|[from] ability: Iron Barbs|[of] p2a: Ferrothorn\n|-damage|p1a: Tapu Koko|81\/100|[from] Recoil\n|\n|-heal|p2a: Ferrothorn|39\/100 brn|[from] item: Leftovers\n|-damage|p2a: Ferrothorn|32\/100 brn|[from] brn\n|upkeep\n|turn|34\n|raw|ThisEndsTonight's team:<br \/><span style=\"white-space:nowrap\"><psicon pokemon=\"tapukoko\" \/>\/<\/span>&#8203;<span style=\"white-space:nowrap\"><psicon pokemon=\"rotomwash\" \/>\/<\/span>&#8203;<span style=\"white-space:nowrap\"><psicon pokemon=\"toxapex\" \/>\/<\/span>&#8203;<span style=\"white-space:nowrap\"><psicon pokemon=\"garchomp\" \/>\/<\/span>&#8203;<span style=\"white-space:nowrap\"><psicon pokemon=\"landorustherian\" \/><\/span>\n|raw|ChandosH's team:<br \/><span style=\"white-space:nowrap\"><psicon pokemon=\"ferrothorn\" \/>\/<\/span>&#8203;<span style=\"white-space:nowrap\"><psicon pokemon=\"barraskewda\" \/>\/<\/span>&#8203;<span style=\"white-space:nowrap\"><psicon pokemon=\"zapdos\" \/>\/<\/span>&#8203;<span style=\"white-space:nowrap\"><psicon pokemon=\"ferrothorn\" \/>\/<\/span>&#8203;<span style=\"white-space:nowrap\"><psicon pokemon=\"crawdaunt\" \/>\/<\/span>&#8203;<span style=\"white-space:nowrap\"><psicon pokemon=\"pelipper\" \/>\/<\/span>&#8203;<span style=\"white-space:nowrap\"><psicon pokemon=\"blaziken\" \/><\/span>\n|\n|t:|1666055432\n|move|p1a: Tapu Koko|Taunt|p2a: Ferrothorn\n|-start|p2a: Ferrothorn|move: Taunt\n|cant|p2a: Ferrothorn|move: Taunt|Leech Seed\n|\n|-heal|p2a: Ferrothorn|39\/100 brn|[from] item: Leftovers\n|-damage|p2a: Ferrothorn|32\/100 brn|[from] brn\n|upkeep\n|turn|35\n|raw|ThisEndsTonight's team:<br \/><span style=\"white-space:nowrap\"><psicon pokemon=\"tapukoko\" \/>\/<\/span>&#8203;<span style=\"white-space:nowrap\"><psicon pokemon=\"rotomwash\" \/>\/<\/span>&#8203;<span style=\"white-space:nowrap\"><psicon pokemon=\"toxapex\" \/>\/<\/span>&#8203;<span style=\"white-space:nowrap\"><psicon pokemon=\"garchomp\" \/>\/<\/span>&#8203;<span style=\"white-space:nowrap\"><psicon pokemon=\"landorustherian\" \/><\/span>\n|raw|ChandosH's team:<br \/><span style=\"white-space:nowrap\"><psicon pokemon=\"ferrothorn\" \/>\/<\/span>&#8203;<span style=\"white-space:nowrap\"><psicon pokemon=\"barraskewda\" \/>\/<\/span>&#8203;<span style=\"white-space:nowrap\"><psicon pokemon=\"zapdos\" \/>\/<\/span>&#8203;<span style=\"white-space:nowrap\"><psicon pokemon=\"ferrothorn\" \/>\/<\/span>&#8203;<span style=\"white-space:nowrap\"><psicon pokemon=\"crawdaunt\" \/>\/<\/span>&#8203;<span style=\"white-space:nowrap\"><psicon pokemon=\"pelipper\" \/>\/<\/span>&#8203;<span style=\"white-space:nowrap\"><psicon pokemon=\"blaziken\" \/><\/span>\n|\n|t:|1666055441\n|switch|p1a: Rotom|Rotom-Wash|43\/100\n|move|p2a: Ferrothorn|Gyro Ball|p1a: Rotom\n|-resisted|p1a: Rotom\n|-damage|p1a: Rotom|39\/100\n|\n|-heal|p1a: Rotom|45\/100|[from] item: Leftovers\n|-heal|p2a: Ferrothorn|39\/100 brn|[from] item: Leftovers\n|-damage|p2a: Ferrothorn|32\/100 brn|[from] brn\n|upkeep\n|turn|36\n|raw|ThisEndsTonight's team:<br \/><span style=\"white-space:nowrap\"><psicon pokemon=\"rotomwash\" \/>\/<\/span>&#8203;<span style=\"white-space:nowrap\"><psicon pokemon=\"tapukoko\" \/>\/<\/span>&#8203;<span style=\"white-space:nowrap\"><psicon pokemon=\"toxapex\" \/>\/<\/span>&#8203;<span style=\"white-space:nowrap\"><psicon pokemon=\"garchomp\" \/>\/<\/span>&#8203;<span style=\"white-space:nowrap\"><psicon pokemon=\"landorustherian\" \/><\/span>\n|raw|ChandosH's team:<br \/><span style=\"white-space:nowrap\"><psicon pokemon=\"ferrothorn\" \/>\/<\/span>&#8203;<span style=\"white-space:nowrap\"><psicon pokemon=\"barraskewda\" \/>\/<\/span>&#8203;<span style=\"white-space:nowrap\"><psicon pokemon=\"zapdos\" \/>\/<\/span>&#8203;<span style=\"white-space:nowrap\"><psicon pokemon=\"ferrothorn\" \/>\/<\/span>&#8203;<span style=\"white-space:nowrap\"><psicon pokemon=\"crawdaunt\" \/>\/<\/span>&#8203;<span style=\"white-space:nowrap\"><psicon pokemon=\"pelipper\" \/>\/<\/span>&#8203;<span style=\"white-space:nowrap\"><psicon pokemon=\"blaziken\" \/><\/span>\n|\n|t:|1666055454\n|switch|p2a: Ferrothorn|Ferrothorn, M|38\/100 brn\n|move|p1a: Rotom|Hydro Pump|p2a: Ferrothorn\n|-resisted|p2a: Ferrothorn\n|-damage|p2a: Ferrothorn|19\/100 brn\n|\n|-heal|p1a: Rotom|51\/100|[from] item: Leftovers\n|-heal|p2a: Ferrothorn|25\/100 brn|[from] item: Leftovers\n|-damage|p2a: Ferrothorn|19\/100 brn|[from] brn\n|upkeep\n|turn|37\n|raw|ThisEndsTonight's team:<br \/><span style=\"white-space:nowrap\"><psicon pokemon=\"rotomwash\" \/>\/<\/span>&#8203;<span style=\"white-space:nowrap\"><psicon pokemon=\"tapukoko\" \/>\/<\/span>&#8203;<span style=\"white-space:nowrap\"><psicon pokemon=\"toxapex\" \/>\/<\/span>&#8203;<span style=\"white-space:nowrap\"><psicon pokemon=\"garchomp\" \/>\/<\/span>&#8203;<span style=\"white-space:nowrap\"><psicon pokemon=\"landorustherian\" \/><\/span>\n|raw|ChandosH's team:<br \/><span style=\"white-space:nowrap\"><psicon pokemon=\"ferrothorn\" \/>\/<\/span>&#8203;<span style=\"white-space:nowrap\"><psicon pokemon=\"barraskewda\" \/>\/<\/span>&#8203;<span style=\"white-space:nowrap\"><psicon pokemon=\"zapdos\" \/>\/<\/span>&#8203;<span style=\"white-space:nowrap\"><psicon pokemon=\"ferrothorn\" \/>\/<\/span>&#8203;<span style=\"white-space:nowrap\"><psicon pokemon=\"crawdaunt\" \/>\/<\/span>&#8203;<span style=\"white-space:nowrap\"><psicon pokemon=\"pelipper\" \/>\/<\/span>&#8203;<span style=\"white-space:nowrap\"><psicon pokemon=\"blaziken\" \/><\/span>\n|\n|t:|1666055464\n|move|p1a: Rotom|Hydro Pump|p2a: Ferrothorn|[miss]\n|-miss|p1a: Rotom|p2a: Ferrothorn\n|move|p2a: Ferrothorn|Leech Seed|p1a: Rotom\n|-start|p1a: Rotom|move: Leech Seed\n|\n|-heal|p1a: Rotom|58\/100|[from] item: Leftovers\n|-heal|p2a: Ferrothorn|25\/100 brn|[from] item: Leftovers\n|-damage|p1a: Rotom|45\/100|[from] Leech Seed|[of] p2a: Ferrothorn\n|-heal|p2a: Ferrothorn|36\/100 brn|[silent]\n|-damage|p2a: Ferrothorn|30\/100 brn|[from] brn\n|-fieldend|move: Electric Terrain\n|upkeep\n|turn|38\n|raw|ThisEndsTonight's team:<br \/><span style=\"white-space:nowrap\"><psicon pokemon=\"rotomwash\" \/>\/<\/span>&#8203;<span style=\"white-space:nowrap\"><psicon pokemon=\"tapukoko\" \/>\/<\/span>&#8203;<span style=\"white-space:nowrap\"><psicon pokemon=\"toxapex\" \/>\/<\/span>&#8203;<span style=\"white-space:nowrap\"><psicon pokemon=\"garchomp\" \/>\/<\/span>&#8203;<span style=\"white-space:nowrap\"><psicon pokemon=\"landorustherian\" \/><\/span>\n|raw|ChandosH's team:<br \/><span style=\"white-space:nowrap\"><psicon pokemon=\"ferrothorn\" \/>\/<\/span>&#8203;<span style=\"white-space:nowrap\"><psicon pokemon=\"barraskewda\" \/>\/<\/span>&#8203;<span style=\"white-space:nowrap\"><psicon pokemon=\"zapdos\" \/>\/<\/span>&#8203;<span style=\"white-space:nowrap\"><psicon pokemon=\"ferrothorn\" \/>\/<\/span>&#8203;<span style=\"white-space:nowrap\"><psicon pokemon=\"crawdaunt\" \/>\/<\/span>&#8203;<span style=\"white-space:nowrap\"><psicon pokemon=\"pelipper\" \/>\/<\/span>&#8203;<span style=\"white-space:nowrap\"><psicon pokemon=\"blaziken\" \/><\/span>\n|\n|t:|1666055483\n|switch|p1a: Garchomp|Garchomp, F|82\/100\n|move|p2a: Ferrothorn|Leech Seed|p1a: Garchomp\n|-start|p1a: Garchomp|move: Leech Seed\n|\n|-heal|p1a: Garchomp|88\/100|[from] item: Leftovers\n|-heal|p2a: Ferrothorn|36\/100 brn|[from] item: Leftovers\n|-damage|p1a: Garchomp|76\/100|[from] Leech Seed|[of] p2a: Ferrothorn\n|-heal|p2a: Ferrothorn|51\/100 brn|[silent]\n|-damage|p2a: Ferrothorn|45\/100 brn|[from] brn\n|upkeep\n|turn|39\n|raw|ThisEndsTonight's team:<br \/><span style=\"white-space:nowrap\"><psicon pokemon=\"garchomp\" \/>\/<\/span>&#8203;<span style=\"white-space:nowrap\"><psicon pokemon=\"tapukoko\" \/>\/<\/span>&#8203;<span style=\"white-space:nowrap\"><psicon pokemon=\"toxapex\" \/>\/<\/span>&#8203;<span style=\"white-space:nowrap\"><psicon pokemon=\"rotomwash\" \/>\/<\/span>&#8203;<span style=\"white-space:nowrap\"><psicon pokemon=\"landorustherian\" \/><\/span>\n|raw|ChandosH's team:<br \/><span style=\"white-space:nowrap\"><psicon pokemon=\"ferrothorn\" \/>\/<\/span>&#8203;<span style=\"white-space:nowrap\"><psicon pokemon=\"barraskewda\" \/>\/<\/span>&#8203;<span style=\"white-space:nowrap\"><psicon pokemon=\"zapdos\" \/>\/<\/span>&#8203;<span style=\"white-space:nowrap\"><psicon pokemon=\"ferrothorn\" \/>\/<\/span>&#8203;<span style=\"white-space:nowrap\"><psicon pokemon=\"crawdaunt\" \/>\/<\/span>&#8203;<span style=\"white-space:nowrap\"><psicon pokemon=\"pelipper\" \/>\/<\/span>&#8203;<span style=\"white-space:nowrap\"><psicon pokemon=\"blaziken\" \/><\/span>\n|\n|t:|1666055490\n|switch|p2a: Zapdos|Zapdos|5\/100\n|move|p1a: Garchomp|Stealth Rock|p2a: Zapdos\n|-sidestart|p2: ChandosH|move: Stealth Rock\n|\n|-heal|p1a: Garchomp|82\/100|[from] item: Leftovers\n|-damage|p1a: Garchomp|70\/100|[from] Leech Seed|[of] p2a: Zapdos\n|-heal|p2a: Zapdos|21\/100|[silent]\n|upkeep\n|turn|40\n|raw|ThisEndsTonight's team:<br \/><span style=\"white-space:nowrap\"><psicon pokemon=\"garchomp\" \/>\/<\/span>&#8203;<span style=\"white-space:nowrap\"><psicon pokemon=\"tapukoko\" \/>\/<\/span>&#8203;<span style=\"white-space:nowrap\"><psicon pokemon=\"toxapex\" \/>\/<\/span>&#8203;<span style=\"white-space:nowrap\"><psicon pokemon=\"rotomwash\" \/>\/<\/span>&#8203;<span style=\"white-space:nowrap\"><psicon pokemon=\"landorustherian\" \/><\/span>\n|raw|ChandosH's team:<br \/><span style=\"white-space:nowrap\"><psicon pokemon=\"zapdos\" \/>\/<\/span>&#8203;<span style=\"white-space:nowrap\"><psicon pokemon=\"barraskewda\" \/>\/<\/span>&#8203;<span style=\"white-space:nowrap\"><psicon pokemon=\"ferrothorn\" \/>\/<\/span>&#8203;<span style=\"white-space:nowrap\"><psicon pokemon=\"ferrothorn\" \/>\/<\/span>&#8203;<span style=\"white-space:nowrap\"><psicon pokemon=\"crawdaunt\" \/>\/<\/span>&#8203;<span style=\"white-space:nowrap\"><psicon pokemon=\"pelipper\" \/>\/<\/span>&#8203;<span style=\"white-space:nowrap\"><psicon pokemon=\"blaziken\" \/><\/span>\n|\n|t:|1666055494\n|move|p2a: Zapdos|Hurricane|p1a: Garchomp\n|-damage|p1a: Garchomp|0 fnt\n|faint|p1a: Garchomp\n|poke|p2|Garchomp, F|\n|-message|Garchomp was captured by ChandosH!\n|\n|upkeep\n|\n|t:|1666055498\n|switch|p1a: Tapu Koko|Tapu Koko|81\/100\n|-fieldstart|move: Electric Terrain|[from] ability: Electric Surge|[of] p1a: Tapu Koko\n|turn|41\n|raw|ThisEndsTonight's team:<br \/><span style=\"white-space:nowrap\"><psicon pokemon=\"tapukoko\" \/>\/<\/span>&#8203;<span style=\"white-space:nowrap\"><psicon pokemon=\"toxapex\" \/>\/<\/span>&#8203;<span style=\"white-space:nowrap\"><psicon pokemon=\"rotomwash\" \/>\/<\/span>&#8203;<span style=\"white-space:nowrap\"><psicon pokemon=\"landorustherian\" \/><\/span>\n|raw|ChandosH's team:<br \/><span style=\"white-space:nowrap\"><psicon pokemon=\"zapdos\" \/>\/<\/span>&#8203;<span style=\"white-space:nowrap\"><psicon pokemon=\"barraskewda\" \/>\/<\/span>&#8203;<span style=\"white-space:nowrap\"><psicon pokemon=\"ferrothorn\" \/>\/<\/span>&#8203;<span style=\"white-space:nowrap\"><psicon pokemon=\"ferrothorn\" \/>\/<\/span>&#8203;<span style=\"white-space:nowrap\"><psicon pokemon=\"crawdaunt\" \/>\/<\/span>&#8203;<span style=\"white-space:nowrap\"><psicon pokemon=\"pelipper\" \/>\/<\/span>&#8203;<span style=\"white-space:nowrap\"><psicon pokemon=\"blaziken\" \/>\/<\/span>&#8203;<span style=\"white-space:nowrap\"><psicon pokemon=\"garchomp\" \/><\/span>\n|\n|t:|1666055507\n|switch|p2a: Ferrothorn|Ferrothorn, F|32\/100 brn\n|-damage|p2a: Ferrothorn|26\/100 brn|[from] Stealth Rock\n|move|p1a: Tapu Koko|U-turn|p2a: Ferrothorn\n|-damage|p2a: Ferrothorn|9\/100 brn\n|-damage|p1a: Tapu Koko|69\/100|[from] ability: Iron Barbs|[of] p2a: Ferrothorn\n|\n|t:|1666055510\n|switch|p1a: Landorus|Landorus-Therian, M|76\/100|[from]move: U-turn\n|-ability|p1a: Landorus|Intimidate|boost\n|-unboost|p2a: Ferrothorn|atk|1\n|\n|-heal|p1a: Landorus|82\/100|[from] item: Leftovers\n|-heal|p2a: Ferrothorn|15\/100 brn|[from] item: Leftovers\n|-damage|p2a: Ferrothorn|9\/100 brn|[from] brn\n|upkeep\n|turn|42\n|raw|ThisEndsTonight's team:<br \/><span style=\"white-space:nowrap\"><psicon pokemon=\"landorustherian\" \/>\/<\/span>&#8203;<span style=\"white-space:nowrap\"><psicon pokemon=\"toxapex\" \/>\/<\/span>&#8203;<span style=\"white-space:nowrap\"><psicon pokemon=\"rotomwash\" \/>\/<\/span>&#8203;<span style=\"white-space:nowrap\"><psicon pokemon=\"tapukoko\" \/><\/span>\n|raw|ChandosH's team:<br \/><span style=\"white-space:nowrap\"><psicon pokemon=\"ferrothorn\" \/>\/<\/span>&#8203;<span style=\"white-space:nowrap\"><psicon pokemon=\"barraskewda\" \/>\/<\/span>&#8203;<span style=\"white-space:nowrap\"><psicon pokemon=\"ferrothorn\" \/>\/<\/span>&#8203;<span style=\"white-space:nowrap\"><psicon pokemon=\"zapdos\" \/>\/<\/span>&#8203;<span style=\"white-space:nowrap\"><psicon pokemon=\"crawdaunt\" \/>\/<\/span>&#8203;<span style=\"white-space:nowrap\"><psicon pokemon=\"pelipper\" \/>\/<\/span>&#8203;<span style=\"white-space:nowrap\"><psicon pokemon=\"blaziken\" \/>\/<\/span>&#8203;<span style=\"white-space:nowrap\"><psicon pokemon=\"garchomp\" \/><\/span>\n|\n|t:|1666055521\n|switch|p2a: Pelipper|Pelipper, M|92\/100\n|-damage|p2a: Pelipper|68\/100|[from] Stealth Rock\n|-weather|RainDance|[from] ability: Drizzle|[of] p2a: Pelipper\n|move|p1a: Landorus|Earthquake|p2a: Pelipper\n|-immune|p2a: Pelipper\n|\n|-weather|RainDance|[upkeep]\n|-heal|p1a: Landorus|88\/100|[from] item: Leftovers\n|upkeep\n|turn|43\n|raw|ThisEndsTonight's team:<br \/><span style=\"white-space:nowrap\"><psicon pokemon=\"landorustherian\" \/>\/<\/span>&#8203;<span style=\"white-space:nowrap\"><psicon pokemon=\"toxapex\" \/>\/<\/span>&#8203;<span style=\"white-space:nowrap\"><psicon pokemon=\"rotomwash\" \/>\/<\/span>&#8203;<span style=\"white-space:nowrap\"><psicon pokemon=\"tapukoko\" \/><\/span>\n|raw|ChandosH's team:<br \/><span style=\"white-space:nowrap\"><psicon pokemon=\"pelipper\" \/>\/<\/span>&#8203;<span style=\"white-space:nowrap\"><psicon pokemon=\"barraskewda\" \/>\/<\/span>&#8203;<span style=\"white-space:nowrap\"><psicon pokemon=\"ferrothorn\" \/>\/<\/span>&#8203;<span style=\"white-space:nowrap\"><psicon pokemon=\"zapdos\" \/>\/<\/span>&#8203;<span style=\"white-space:nowrap\"><psicon pokemon=\"crawdaunt\" \/>\/<\/span>&#8203;<span style=\"white-space:nowrap\"><psicon pokemon=\"ferrothorn\" \/>\/<\/span>&#8203;<span style=\"white-space:nowrap\"><psicon pokemon=\"blaziken\" \/>\/<\/span>&#8203;<span style=\"white-space:nowrap\"><psicon pokemon=\"garchomp\" \/><\/span>\n|\n|t:|1666055528\n|move|p1a: Landorus|Toxic|p2a: Pelipper\n|-status|p2a: Pelipper|tox\n|move|p2a: Pelipper|Defog|p1a: Landorus\n|-unboost|p1a: Landorus|evasion|1\n|-sideend|p2: ChandosH|Stealth Rock|[from] move: Defog|[of] p2a: Pelipper\n|-fieldend|move: Electric Terrain\n|\n|-weather|RainDance|[upkeep]\n|-heal|p1a: Landorus|94\/100|[from] item: Leftovers\n|-damage|p2a: Pelipper|61\/100 tox|[from] psn\n|upkeep\n|turn|44\n|raw|ThisEndsTonight's team:<br \/><span style=\"white-space:nowrap\"><psicon pokemon=\"landorustherian\" \/>\/<\/span>&#8203;<span style=\"white-space:nowrap\"><psicon pokemon=\"toxapex\" \/>\/<\/span>&#8203;<span style=\"white-space:nowrap\"><psicon pokemon=\"rotomwash\" \/>\/<\/span>&#8203;<span style=\"white-space:nowrap\"><psicon pokemon=\"tapukoko\" \/><\/span>\n|raw|ChandosH's team:<br \/><span style=\"white-space:nowrap\"><psicon pokemon=\"pelipper\" \/>\/<\/span>&#8203;<span style=\"white-space:nowrap\"><psicon pokemon=\"barraskewda\" \/>\/<\/span>&#8203;<span style=\"white-space:nowrap\"><psicon pokemon=\"ferrothorn\" \/>\/<\/span>&#8203;<span style=\"white-space:nowrap\"><psicon pokemon=\"zapdos\" \/>\/<\/span>&#8203;<span style=\"white-space:nowrap\"><psicon pokemon=\"crawdaunt\" \/>\/<\/span>&#8203;<span style=\"white-space:nowrap\"><psicon pokemon=\"ferrothorn\" \/>\/<\/span>&#8203;<span style=\"white-space:nowrap\"><psicon pokemon=\"blaziken\" \/>\/<\/span>&#8203;<span style=\"white-space:nowrap\"><psicon pokemon=\"garchomp\" \/><\/span>\n|\n|t:|1666055539\n|move|p1a: Landorus|U-turn|p2a: Pelipper\n|-resisted|p2a: Pelipper\n|-damage|p2a: Pelipper|53\/100 tox\n|\n|t:|1666055542\n|switch|p1a: Toxapex|Toxapex, M|70\/100|[from]move: U-turn\n|move|p2a: Pelipper|U-turn|p1a: Toxapex\n|-resisted|p1a: Toxapex\n|-damage|p1a: Toxapex|68\/100\n|\n|t:|1666055549\n|switch|p2a: Zapdos|Zapdos|21\/100|[from]move: U-turn\n|\n|-weather|RainDance|[upkeep]\n|-heal|p1a: Toxapex|74\/100|[from] item: Black Sludge\n|upkeep\n|turn|45\n|raw|ThisEndsTonight's team:<br \/><span style=\"white-space:nowrap\"><psicon pokemon=\"toxapex\" \/>\/<\/span>&#8203;<span style=\"white-space:nowrap\"><psicon pokemon=\"landorustherian\" \/>\/<\/span>&#8203;<span style=\"white-space:nowrap\"><psicon pokemon=\"rotomwash\" \/>\/<\/span>&#8203;<span style=\"white-space:nowrap\"><psicon pokemon=\"tapukoko\" \/><\/span>\n|raw|ChandosH's team:<br \/><span style=\"white-space:nowrap\"><psicon pokemon=\"zapdos\" \/>\/<\/span>&#8203;<span style=\"white-space:nowrap\"><psicon pokemon=\"barraskewda\" \/>\/<\/span>&#8203;<span style=\"white-space:nowrap\"><psicon pokemon=\"ferrothorn\" \/>\/<\/span>&#8203;<span style=\"white-space:nowrap\"><psicon pokemon=\"pelipper\" \/>\/<\/span>&#8203;<span style=\"white-space:nowrap\"><psicon pokemon=\"crawdaunt\" \/>\/<\/span>&#8203;<span style=\"white-space:nowrap\"><psicon pokemon=\"ferrothorn\" \/>\/<\/span>&#8203;<span style=\"white-space:nowrap\"><psicon pokemon=\"blaziken\" \/>\/<\/span>&#8203;<span style=\"white-space:nowrap\"><psicon pokemon=\"garchomp\" \/><\/span>\n|\n|t:|1666055554\n|switch|p1a: Landorus|Landorus-Therian, M|94\/100\n|-ability|p1a: Landorus|Intimidate|boost\n|-unboost|p2a: Zapdos|atk|1\n|move|p2a: Zapdos|Hurricane|p1a: Landorus\n|-damage|p1a: Landorus|36\/100\n|\n|-weather|RainDance|[upkeep]\n|-heal|p1a: Landorus|42\/100|[from] item: Leftovers\n|upkeep\n|turn|46\n|raw|ThisEndsTonight's team:<br \/><span style=\"white-space:nowrap\"><psicon pokemon=\"landorustherian\" \/>\/<\/span>&#8203;<span style=\"white-space:nowrap\"><psicon pokemon=\"toxapex\" \/>\/<\/span>&#8203;<span style=\"white-space:nowrap\"><psicon pokemon=\"rotomwash\" \/>\/<\/span>&#8203;<span style=\"white-space:nowrap\"><psicon pokemon=\"tapukoko\" \/><\/span>\n|raw|ChandosH's team:<br \/><span style=\"white-space:nowrap\"><psicon pokemon=\"zapdos\" \/>\/<\/span>&#8203;<span style=\"white-space:nowrap\"><psicon pokemon=\"barraskewda\" \/>\/<\/span>&#8203;<span style=\"white-space:nowrap\"><psicon pokemon=\"ferrothorn\" \/>\/<\/span>&#8203;<span style=\"white-space:nowrap\"><psicon pokemon=\"pelipper\" \/>\/<\/span>&#8203;<span style=\"white-space:nowrap\"><psicon pokemon=\"crawdaunt\" \/>\/<\/span>&#8203;<span style=\"white-space:nowrap\"><psicon pokemon=\"ferrothorn\" \/>\/<\/span>&#8203;<span style=\"white-space:nowrap\"><psicon pokemon=\"blaziken\" \/>\/<\/span>&#8203;<span style=\"white-space:nowrap\"><psicon pokemon=\"garchomp\" \/><\/span>\n|\n|t:|1666055558\n|move|p2a: Zapdos|Hurricane|p1a: Landorus\n|-damage|p1a: Landorus|0 fnt\n|faint|p1a: Landorus\n|poke|p2|Landorus-Therian, M|\n|-message|Landorus was captured by ChandosH!\n|\n|-weather|RainDance|[upkeep]\n|upkeep\n|\n|t:|1666055560\n|switch|p1a: Tapu Koko|Tapu Koko|69\/100\n|-fieldstart|move: Electric Terrain|[from] ability: Electric Surge|[of] p1a: Tapu Koko\n|turn|47\n|raw|ThisEndsTonight's team:<br \/><span style=\"white-space:nowrap\"><psicon pokemon=\"tapukoko\" \/>\/<\/span>&#8203;<span style=\"white-space:nowrap\"><psicon pokemon=\"toxapex\" \/>\/<\/span>&#8203;<span style=\"white-space:nowrap\"><psicon pokemon=\"rotomwash\" \/><\/span>\n|raw|ChandosH's team:<br \/><span style=\"white-space:nowrap\"><psicon pokemon=\"zapdos\" \/>\/<\/span>&#8203;<span style=\"white-space:nowrap\"><psicon pokemon=\"barraskewda\" \/>\/<\/span>&#8203;<span style=\"white-space:nowrap\"><psicon pokemon=\"ferrothorn\" \/>\/<\/span>&#8203;<span style=\"white-space:nowrap\"><psicon pokemon=\"pelipper\" \/>\/<\/span>&#8203;<span style=\"white-space:nowrap\"><psicon pokemon=\"crawdaunt\" \/>\/<\/span>&#8203;<span style=\"white-space:nowrap\"><psicon pokemon=\"ferrothorn\" \/>\/<\/span>&#8203;<span style=\"white-space:nowrap\"><psicon pokemon=\"blaziken\" \/>\/<\/span>&#8203;<span style=\"white-space:nowrap\"><psicon pokemon=\"garchomp\" \/>\/<\/span>&#8203;<span style=\"white-space:nowrap\"><psicon pokemon=\"landorustherian\" \/><\/span>\n|\n|t:|1666055569\n|switch|p2a: Landorus|Landorus-Therian, M|50\/100\n|-ability|p2a: Landorus|Intimidate|boost\n|-unboost|p1a: Tapu Koko|atk|1\n|move|p1a: Tapu Koko|Wild Charge|p2a: Landorus\n|-immune|p2a: Landorus\n|\n|-weather|RainDance|[upkeep]\n|-heal|p2a: Landorus|57\/100|[from] item: Leftovers\n|upkeep\n|turn|48\n|raw|ThisEndsTonight's team:<br \/><span style=\"white-space:nowrap\"><psicon pokemon=\"tapukoko\" \/>\/<\/span>&#8203;<span style=\"white-space:nowrap\"><psicon pokemon=\"toxapex\" \/>\/<\/span>&#8203;<span style=\"white-space:nowrap\"><psicon pokemon=\"rotomwash\" \/><\/span>\n|raw|ChandosH's team:<br \/><span style=\"white-space:nowrap\"><psicon pokemon=\"landorustherian\" \/>\/<\/span>&#8203;<span style=\"white-space:nowrap\"><psicon pokemon=\"barraskewda\" \/>\/<\/span>&#8203;<span style=\"white-space:nowrap\"><psicon pokemon=\"ferrothorn\" \/>\/<\/span>&#8203;<span style=\"white-space:nowrap\"><psicon pokemon=\"pelipper\" \/>\/<\/span>&#8203;<span style=\"white-space:nowrap\"><psicon pokemon=\"crawdaunt\" \/>\/<\/span>&#8203;<span style=\"white-space:nowrap\"><psicon pokemon=\"ferrothorn\" \/>\/<\/span>&#8203;<span style=\"white-space:nowrap\"><psicon pokemon=\"blaziken\" \/>\/<\/span>&#8203;<span style=\"white-space:nowrap\"><psicon pokemon=\"garchomp\" \/>\/<\/span>&#8203;<span style=\"white-space:nowrap\"><psicon pokemon=\"zapdos\" \/><\/span>\n|-message|ThisEndsTonight forfeited.\n|\n|win|ChandosH\n|n|\u2606ThisEndsTonight|thisendstonight\n|n|\u2606ChandosH|chandosh\n|n| Rubi's NeoGenesis|rubisneogenesis\n|l|\u2606ThisEndsTonight\n","uploadtime":1666055575,"views":16,"p1id":"thisendstonight","p2id":"chandosh","formatid":"gen8ou","rating":0,"private":0,"password":null}