{"id":"china-gen8ou-790753","p1":"lonietzzz","p2":"chickwayne","format":"gen8ou","log":"|j|\u2606lonietzzz\n|j|\u2606chickwayne\n|inactive|Battle timer is ON: inactive players will automatically lose when time's up.\n|t:|1625402244\n|gametype|singles\n|player|p1|lonietzzz|pokemonbreederf|\n|player|p2|chickwayne|chickwayne.gif|\n|teamsize|p1|6\n|teamsize|p2|6\n|gen|8\n|tier|[Gen 8] OU\n|rated|Tournament battle\n|rule|Sleep Clause Mod: Limit one foe put to sleep\n|rule|Species Clause: Limit one of each Pok\u00e9mon\n|rule|OHKO Clause: OHKO moves are banned\n|rule|Evasion Moves Clause: Evasion moves are banned\n|rule|Endless Battle Clause: Forcing endless battles is banned\n|rule|HP Percentage Mod: HP is shown in percentages\n|rule|Dynamax Clause: You cannot dynamax\n|clearpoke\n|poke|p1|Landorus-Therian, M|\n|poke|p1|Magnezone|\n|poke|p1|Slowking-Galar, M|\n|poke|p1|Tapu Fini|\n|poke|p1|Kommo-o, F|\n|poke|p1|Corviknight, F|\n|poke|p2|Tapu Lele|\n|poke|p2|Landorus-Therian, M|\n|poke|p2|Toxapex, M|\n|poke|p2|Zeraora|\n|poke|p2|Corviknight, F|\n|poke|p2|Weavile, M|\n|teampreview\n|c|\u2606chickwayne|\u628a\u4f60\u7684\u7075\u9b42\u5173\u5728\u6c38\u8fdc\u9501\u4e0a\u7684\u8eaf\u58f3\uff01\n|inactive|chickwayne has 120 seconds left.\n|j| Zisheng_ky\n|c|\u2606lonietzzz|\u8776\u8776\u628a\u6211\u6253\u70c2\n|j| There is a fire\n|l| Zisheng_ky\n|\n|t:|1625402293\n|start\n|switch|p1a: Landorus|Landorus-Therian, M|100\/100\n|switch|p2a: Toxapex|Toxapex, M|100\/100\n|-ability|p1a: Landorus|Intimidate|boost\n|-unboost|p2a: Toxapex|atk|1\n|turn|1\n|\n|t:|1625402302\n|move|p1a: Landorus|Substitute|p1a: Landorus\n|-start|p1a: Landorus|Substitute\n|-damage|p1a: Landorus|76\/100\n|move|p2a: Toxapex|Knock Off|p1a: Landorus\n|-activate|p1a: Landorus|move: Substitute|[damage]\n|\n|-heal|p1a: Landorus|82\/100|[from] item: Leftovers\n|upkeep\n|turn|2\n|\n|t:|1625402306\n|switch|p2a: Corviknight|Corviknight, F|100\/100\n|-ability|p2a: Corviknight|Pressure\n|move|p1a: Landorus|Earthquake|p2a: Corviknight\n|-immune|p2a: Corviknight\n|\n|-heal|p1a: Landorus|88\/100|[from] item: Leftovers\n|upkeep\n|turn|3\n|j|\u265aAllen-xia\n|\n|t:|1625402309\n|move|p1a: Landorus|Knock Off|p2a: Corviknight\n|-damage|p2a: Corviknight|73\/100\n|-enditem|p2a: Corviknight|Leftovers|[from] move: Knock Off|[of] p1a: Landorus\n|move|p2a: Corviknight|U-turn|p1a: Landorus\n|-resisted|p1a: Landorus\n|-activate|p1a: Landorus|move: Substitute|[damage]\n|\n|t:|1625402313\n|switch|p2a: Weavile|Weavile, M|100\/100|[from]move: U-turn\n|\n|-heal|p1a: Landorus|94\/100|[from] item: Leftovers\n|upkeep\n|turn|4\n|c|\u2606lonietzzz|\u5fc5\u5b9a\u53ea\u4e2d\u4e00\u53d1\n|\n|t:|1625402333\n|switch|p1a: Corviknight|Corviknight, F|100\/100\n|-ability|p1a: Corviknight|Pressure\n|move|p2a: Weavile|Knock Off|p1a: Corviknight\n|-damage|p1a: Corviknight|57\/100\n|-enditem|p1a: Corviknight|Leftovers|[from] move: Knock Off|[of] p2a: Weavile\n|\n|upkeep\n|turn|5\n|c|\u2606chickwayne|cn\u4e09\u65cb\uff01\n|j| DingTalk\n|j|#WwlWss\n|\n|t:|1625402352\n|switch|p2a: Toxapex|Toxapex, M|100\/100\n|move|p1a: Corviknight|Roost|p1a: Corviknight\n|-heal|p1a: Corviknight|100\/100\n|-singleturn|p1a: Corviknight|move: Roost\n|\n|upkeep\n|turn|6\n|\n|t:|1625402357\n|switch|p1a: Slowking|Slowking-Galar, M|100\/100\n|move|p2a: Toxapex|Toxic Spikes|p1a: Slowking\n|-sidestart|p1: lonietzzz|move: Toxic Spikes\n|\n|upkeep\n|turn|7\n|\n|t:|1625402367\n|switch|p2a: Corviknight|Corviknight, F|73\/100\n|-ability|p2a: Corviknight|Pressure\n|move|p1a: Slowking|Future Sight|p2a: Corviknight\n|-start|p1a: Slowking|move: Future Sight\n|\n|upkeep\n|turn|8\n|\n|t:|1625402384\n|move|p2a: Corviknight|U-turn|p1a: Slowking\n|-damage|p1a: Slowking|86\/100\n|\n|t:|1625402387\n|switch|p2a: Toxapex|Toxapex, M|100\/100|[from]move: U-turn\n|move|p1a: Slowking|Flamethrower|p2a: Toxapex\n|-resisted|p2a: Toxapex\n|-damage|p2a: Toxapex|92\/100\n|\n|upkeep\n|turn|9\n|j|\u265apopoling\n|\n|t:|1625402407\n|switch|p1a: Corviknight|Corviknight, F|100\/100\n|-ability|p1a: Corviknight|Pressure\n|move|p2a: Toxapex|Knock Off|p1a: Corviknight\n|-damage|p1a: Corviknight|92\/100\n|\n|-end|p2a: Toxapex|move: Future Sight\n|-supereffective|p2a: Toxapex\n|-damage|p2a: Toxapex|18\/100\n|upkeep\n|turn|10\n|j| hdahd\n|l| hdahd\n|\n|t:|1625402417\n|switch|p2a: Landorus|Landorus-Therian, M|100\/100\n|-ability|p2a: Landorus|Intimidate|boost\n|-unboost|p1a: Corviknight|atk|1\n|move|p1a: Corviknight|U-turn|p2a: Landorus\n|-resisted|p2a: Landorus\n|-damage|p2a: Landorus|97\/100\n|\n|t:|1625402420\n|switch|p1a: Slowking|Slowking-Galar, M|100\/100|[from]move: U-turn\n|-sideend|p1: lonietzzz|move: Toxic Spikes|[of] p1a: Slowking\n|\n|-heal|p2a: Landorus|100\/100|[from] item: Leftovers\n|upkeep\n|turn|11\n|\n|t:|1625402427\n|switch|p1a: Corviknight|Corviknight, F|92\/100\n|-ability|p1a: Corviknight|Pressure\n|move|p2a: Landorus|Earthquake|p1a: Corviknight\n|-immune|p1a: Corviknight\n|\n|upkeep\n|turn|12\n|\n|t:|1625402432\n|move|p2a: Landorus|Stealth Rock|p1a: Corviknight\n|-sidestart|p1: lonietzzz|move: Stealth Rock\n|move|p1a: Corviknight|Brave Bird|p2a: Landorus\n|-damage|p2a: Landorus|72\/100\n|-damage|p1a: Corviknight|83\/100|[from] Recoil\n|\n|-heal|p2a: Landorus|78\/100|[from] item: Leftovers\n|upkeep\n|turn|13\n|\n|t:|1625402436\n|move|p2a: Landorus|U-turn|p1a: Corviknight\n|-resisted|p1a: Corviknight\n|-damage|p1a: Corviknight|79\/100\n|\n|t:|1625402440\n|switch|p2a: Toxapex|Toxapex, M|51\/100|[from]move: U-turn\n|move|p1a: Corviknight|Defog|p2a: Toxapex\n|-unboost|p2a: Toxapex|evasion|1\n|-sideend|p1: lonietzzz|Stealth Rock|[from] move: Defog|[of] p1a: Corviknight\n|\n|upkeep\n|turn|14\n|\n|t:|1625402459\n|move|p1a: Corviknight|U-turn|p2a: Toxapex\n|-resisted|p2a: Toxapex\n|-damage|p2a: Toxapex|46\/100\n|j| aaa_skd\n|\n|t:|1625402464\n|switch|p1a: Slowking|Slowking-Galar, M|100\/100|[from]move: U-turn\n|move|p2a: Toxapex|Recover|p2a: Toxapex\n|-heal|p2a: Toxapex|97\/100\n|\n|upkeep\n|turn|15\n|\n|t:|1625402469\n|move|p2a: Toxapex|Knock Off|p1a: Slowking\n|-supereffective|p1a: Slowking\n|-damage|p1a: Slowking|72\/100\n|-enditem|p1a: Slowking|Assault Vest|[from] move: Knock Off|[of] p2a: Toxapex\n|move|p1a: Slowking|Future Sight|p2a: Toxapex\n|-start|p1a: Slowking|move: Future Sight\n|\n|upkeep\n|turn|16\n|\n|t:|1625402481\n|switch|p2a: Tapu Lele|Tapu Lele|100\/100\n|-fieldstart|move: Psychic Terrain|[from] ability: Psychic Surge|[of] p2a: Tapu Lele\n|switch|p1a: Kommo-o|Kommo-o, F|100\/100\n|\n|upkeep\n|turn|17\n|\n|t:|1625402491\n|switch|p1a: Corviknight|Corviknight, F|79\/100\n|-ability|p1a: Corviknight|Pressure\n|move|p2a: Tapu Lele|Future Sight|p1a: Corviknight\n|-start|p2a: Tapu Lele|move: Future Sight\n|\n|-end|p2a: Tapu Lele|move: Future Sight\n|-resisted|p2a: Tapu Lele\n|-damage|p2a: Tapu Lele|77\/100\n|upkeep\n|turn|18\n|j| speechwhite\u6676\u54e5\n|l| speechwhite\u6676\u54e5\n|\n|t:|1625402503\n|move|p2a: Tapu Lele|Focus Blast|p1a: Corviknight\n|-crit|p1a: Corviknight\n|-damage|p1a: Corviknight|29\/100\n|move|p1a: Corviknight|U-turn|p2a: Tapu Lele\n|-damage|p2a: Tapu Lele|54\/100\n|\n|t:|1625402520\n|switch|p1a: Tapu Fini|Tapu Fini|100\/100|[from]move: U-turn\n|-fieldstart|move: Misty Terrain|[from] ability: Misty Surge|[of] p1a: Tapu Fini\n|\n|upkeep\n|turn|19\n|j| LifeLive\n|j| Renwu\n|\n|t:|1625402531\n|move|p2a: Tapu Lele|Moonblast|p1a: Tapu Fini\n|-damage|p1a: Tapu Fini|59\/100\n|move|p1a: Tapu Fini|Surf|p2a: Tapu Lele\n|-damage|p2a: Tapu Lele|33\/100\n|\n|-end|p1a: Tapu Fini|move: Future Sight\n|-damage|p1a: Tapu Fini|8\/100\n|-heal|p1a: Tapu Fini|14\/100|[from] item: Leftovers\n|upkeep\n|turn|20\n|j|%kitoothe\n|\n|t:|1625402542\n|switch|p1a: Slowking|Slowking-Galar, M|100\/100\n|move|p2a: Tapu Lele|Psyshock|p1a: Slowking\n|-damage|p1a: Slowking|53\/100\n|\n|upkeep\n|turn|21\n|j|\u265alzaaaaa\n|\n|t:|1625402554\n|switch|p2a: Landorus|Landorus-Therian, M|78\/100\n|-ability|p2a: Landorus|Intimidate|boost\n|-unboost|p1a: Slowking|atk|1\n|move|p1a: Slowking|Sludge Bomb|p2a: Landorus\n|-resisted|p2a: Landorus\n|-damage|p2a: Landorus|60\/100\n|-status|p2a: Landorus|psn\n|\n|-heal|p2a: Landorus|66\/100 psn|[from] item: Leftovers\n|-damage|p2a: Landorus|54\/100 psn|[from] psn\n|upkeep\n|turn|22\n|\n|t:|1625402559\n|move|p2a: Landorus|U-turn|p1a: Slowking\n|-damage|p1a: Slowking|30\/100\n|\n|t:|1625402562\n|switch|p2a: Weavile|Weavile, M|100\/100|[from]move: U-turn\n|move|p1a: Slowking|Future Sight|p2a: Weavile\n|-start|p1a: Slowking|move: Future Sight\n|\n|-fieldend|Misty Terrain\n|upkeep\n|turn|23\n|\n|t:|1625402568\n|switch|p1a: Tapu Fini|Tapu Fini|14\/100\n|-fieldstart|move: Misty Terrain|[from] ability: Misty Surge|[of] p1a: Tapu Fini\n|move|p2a: Weavile|Knock Off|p1a: Tapu Fini\n|-resisted|p1a: Tapu Fini\n|-damage|p1a: Tapu Fini|0 fnt\n|-enditem|p1a: Tapu Fini|Leftovers|[from] move: Knock Off|[of] p2a: Weavile\n|faint|p1a: Tapu Fini\n|\n|upkeep\n|\n|t:|1625402571\n|switch|p1a: Magnezone|Magnezone|100\/100\n|turn|24\n|j| quicklyuuuooo\n|j|\u265achengduoldsuperbro\n|l| quicklyuuuooo\n|inactive|chickwayne has 120 seconds left.\n|inactive|chickwayne has 90 seconds left.\n|\n|t:|1625402632\n|switch|p2a: Toxapex|Toxapex, M|100\/100\n|move|p1a: Magnezone|Body Press|p2a: Toxapex\n|-resisted|p2a: Toxapex\n|-damage|p2a: Toxapex|92\/100\n|\n|-end|p2a: Toxapex|move: Future Sight\n|-supereffective|p2a: Toxapex\n|-damage|p2a: Toxapex|18\/100\n|upkeep\n|turn|25\n|j| Jqlove\n|inactive|lonietzzz has 120 seconds left.\n|inactive|chickwayne has 90 seconds left.\n|\n|t:|1625402688\n|switch|p1a: Landorus|Landorus-Therian, M|94\/100\n|-ability|p1a: Landorus|Intimidate|boost\n|-unboost|p2a: Toxapex|atk|1\n|switch|p2a: Zeraora|Zeraora|100\/100\n|\n|-heal|p1a: Landorus|99\/100|[from] item: Leftovers\n|upkeep\n|turn|26\n|inactive|lonietzzz has 90 seconds left.\n|\n|t:|1625402713\n|switch|p2a: Landorus|Landorus-Therian, M|54\/100 psn\n|-ability|p2a: Landorus|Intimidate|boost\n|-unboost|p1a: Landorus|atk|1\n|switch|p1a: Magnezone|Magnezone|100\/100\n|\n|-heal|p2a: Landorus|60\/100 psn|[from] item: Leftovers\n|-damage|p2a: Landorus|48\/100 psn|[from] psn\n|upkeep\n|turn|27\n|j| Pokeqaq\n|\n|t:|1625402721\n|move|p1a: Magnezone|Flash Cannon|p2a: Landorus\n|-damage|p2a: Landorus|13\/100 psn\n|move|p2a: Landorus|Stealth Rock|p1a: Magnezone\n|-sidestart|p1: lonietzzz|move: Stealth Rock\n|\n|-heal|p2a: Landorus|19\/100 psn|[from] item: Leftovers\n|-damage|p2a: Landorus|7\/100 psn|[from] psn\n|-fieldend|Misty Terrain\n|upkeep\n|turn|28\n|l| Pokeqaq\n|inactive|lonietzzz has 90 seconds left.\n|inactive|chickwayne has 90 seconds left.\n|\n|t:|1625402736\n|move|p1a: Magnezone|Flash Cannon|p2a: Landorus\n|-damage|p2a: Landorus|0 fnt\n|faint|p2a: Landorus\n|\n|upkeep\n|j| LigrAtients\n|\n|t:|1625402757\n|switch|p2a: Tapu Lele|Tapu Lele|33\/100\n|-fieldstart|move: Psychic Terrain|[from] ability: Psychic Surge|[of] p2a: Tapu Lele\n|turn|29\n|j| menhera chan\n|inactive|lonietzzz has 90 seconds left.\n|j| Rampagewebber\n|\n|t:|1625402790\n|switch|p1a: Corviknight|Corviknight, F|29\/100\n|-damage|p1a: Corviknight|17\/100|[from] Stealth Rock\n|-ability|p1a: Corviknight|Pressure\n|move|p2a: Tapu Lele|Focus Blast|p1a: Corviknight|[miss]\n|-miss|p2a: Tapu Lele|p1a: Corviknight\n|\n|upkeep\n|turn|30\n|\n|t:|1625402798\n|move|p2a: Tapu Lele|Psyshock|p1a: Corviknight\n|-resisted|p1a: Corviknight\n|-damage|p1a: Corviknight|0 fnt\n|faint|p1a: Corviknight\n|\n|upkeep\n|\n|t:|1625402800\n|switch|p1a: Slowking|Slowking-Galar, M|63\/100\n|-damage|p1a: Slowking|50\/100|[from] Stealth Rock\n|turn|31\n|c|\u2606chickwayne|\u6211\u628a\u7231\u70e7\u6210\u4e86\u843d\u53f6\n|inactive|chickwayne has 90 seconds left.\n|\n|t:|1625402820\n|switch|p2a: Toxapex|Toxapex, M|51\/100\n|switch|p1a: Magnezone|Magnezone|100\/100\n|-damage|p1a: Magnezone|94\/100|[from] Stealth Rock\n|\n|-heal|p1a: Magnezone|100\/100|[from] item: Leftovers\n|upkeep\n|turn|32\n|j| Wind of Schilt\n|inactive|chickwayne has 90 seconds left.\n|inactive|lonietzzz has 60 seconds left.\n|c|\u265achengduoldsuperbro|\u4f60\u6362\u4e0d\u56de\u8c01\n|j| xiezhouqun\n|c|\u2606lonietzzz|\u7f13\u7f13\u98d8\u843d\u7684\u67ab\u53f6\u50cf\u601d\u5ff5\n|inactive|lonietzzz has 30 seconds left.\n|\n|t:|1625402872\n|move|p1a: Magnezone|Thunderbolt|p2a: Toxapex\n|-supereffective|p2a: Toxapex\n|-damage|p2a: Toxapex|0 fnt\n|faint|p2a: Toxapex\n|\n|upkeep\n|\n|t:|1625402877\n|switch|p2a: Tapu Lele|Tapu Lele|33\/100\n|turn|33\n|j|\u265aDYWY\u2740\n|l| aaa_skd\n|inactive|lonietzzz has 30 seconds left.\n|inactive|lonietzzz has 20 seconds left.\n|inactive|lonietzzz has 15 seconds left.\n|\n|t:|1625402907\n|move|p2a: Tapu Lele|Psyshock|p1a: Magnezone\n|-resisted|p1a: Magnezone\n|-damage|p1a: Magnezone|74\/100\n|move|p1a: Magnezone|Flash Cannon|p2a: Tapu Lele\n|-supereffective|p2a: Tapu Lele\n|-damage|p2a: Tapu Lele|0 fnt\n|faint|p2a: Tapu Lele\n|\n|-heal|p1a: Magnezone|80\/100|[from] item: Leftovers\n|-fieldend|move: Psychic Terrain\n|upkeep\n|inactive|lonietzzz has 20 seconds left this turn.\n|\n|t:|1625402911\n|switch|p2a: Zeraora|Zeraora|100\/100\n|turn|34\n|inactive|lonietzzz has 30 seconds left this turn.\n|l| Rampagewebber\n|j|#starmind\n|\n|t:|1625402917\n|switch|p1a: Landorus|Landorus-Therian, M|99\/100\n|-damage|p1a: Landorus|88\/100|[from] Stealth Rock\n|-ability|p1a: Landorus|Intimidate|boost\n|-unboost|p2a: Zeraora|atk|1\n|move|p2a: Zeraora|Knock Off|p1a: Landorus\n|-damage|p1a: Landorus|68\/100\n|-enditem|p1a: Landorus|Leftovers|[from] move: Knock Off|[of] p2a: Zeraora\n|\n|upkeep\n|turn|35\n|inactive|lonietzzz has 30 seconds left.\n|inactive|lonietzzz has 20 seconds left.\n|inactive|lonietzzz has 15 seconds left.\n|\n|t:|1625402938\n|switch|p1a: Magnezone|Magnezone|80\/100\n|-damage|p1a: Magnezone|74\/100|[from] Stealth Rock\n|move|p2a: Zeraora|Close Combat|p1a: Magnezone\n|-supereffective|p1a: Magnezone\n|-damage|p1a: Magnezone|28\/100\n|-unboost|p2a: Zeraora|def|1\n|-unboost|p2a: Zeraora|spd|1\n|\n|-heal|p1a: Magnezone|34\/100|[from] item: Leftovers\n|upkeep\n|turn|36\n|inactive|lonietzzz has 25 seconds left this turn.\n|inactive|lonietzzz has 20 seconds left.\n|c|\u265alzaaaaa|\u5389\u5bb3\n|inactive|lonietzzz has 15 seconds left.\n|\n|t:|1625402949\n|move|p2a: Zeraora|Close Combat|p1a: Magnezone\n|-supereffective|p1a: Magnezone\n|-damage|p1a: Magnezone|0 fnt\n|-unboost|p2a: Zeraora|def|1\n|-unboost|p2a: Zeraora|spd|1\n|faint|p1a: Magnezone\n|\n|upkeep\n|inactive|lonietzzz has 20 seconds left this turn.\n|\n|t:|1625402950\n|switch|p1a: Kommo-o|Kommo-o, F|100\/100\n|-damage|p1a: Kommo-o|94\/100|[from] Stealth Rock\n|turn|37\n|inactive|lonietzzz has 30 seconds left this turn.\n|c|%kitoothe|\u811a\u672c\n|c|\u265alzaaaaa|\u628a\u8f85\u52a9\u5173\u4e00\u4e0b\u5427\n|c|\u2606chickwayne|\u522b\u5938\u6211\n|\n|t:|1625402960\n|switch|p2a: Corviknight|Corviknight, F|73\/100\n|-ability|p2a: Corviknight|Pressure\n|move|p1a: Kommo-o|Iron Defense|p1a: Kommo-o\n|-boost|p1a: Kommo-o|def|2\n|\n|upkeep\n|turn|38\n|c|\u2606chickwayne|\u6211\u64e6\n|c|\u265alzaaaaa|\u5443\n|\n|t:|1625402974\n|move|p1a: Kommo-o|Iron Defense|p1a: Kommo-o\n|-boost|p1a: Kommo-o|def|2\n|move|p2a: Corviknight|Body Press|p1a: Kommo-o\n|-damage|p1a: Kommo-o|89\/100\n|-damage|p2a: Corviknight|57\/100|[from] item: Rocky Helmet|[of] p1a: Kommo-o\n|\n|upkeep\n|turn|39\n|c|\u265achengduoldsuperbro|\u5173\u4e86\u5427\uff0c\u6ca1\u610f\u601d\n|c|%kitoothe|was fun\n|\n|t:|1625402978\n|move|p1a: Kommo-o|Body Press|p2a: Corviknight\n|-damage|p2a: Corviknight|0 fnt\n|faint|p2a: Corviknight\n|\n|upkeep\n|c|\u265alzaaaaa|\u522e\u75e7\u5462\n|\n|t:|1625402983\n|switch|p2a: Zeraora|Zeraora|100\/100\n|turn|40\n|\n|t:|1625402990\n|move|p2a: Zeraora|Knock Off|p1a: Kommo-o\n|-resisted|p1a: Kommo-o\n|-damage|p1a: Kommo-o|86\/100\n|-damage|p2a: Zeraora|84\/100|[from] item: Rocky Helmet|[of] p1a: Kommo-o\n|-enditem|p1a: Kommo-o|Rocky Helmet|[from] move: Knock Off|[of] p2a: Zeraora\n|move|p1a: Kommo-o|Body Press|p2a: Zeraora\n|-crit|p2a: Zeraora\n|-damage|p2a: Zeraora|0 fnt\n|faint|p2a: Zeraora\n|\n|upkeep\n|\n|t:|1625402994\n|switch|p2a: Weavile|Weavile, M|100\/100\n|turn|41\n|c|\u2606lonietzzz|\u4e09\u4e2act\u6b7b\u4e86\n|c|\u2606chickwayne|cn\u4e09\u65cb\u9e21\uff01\n|j| AlIoutdragadarts\n|\n|t:|1625403007\n|move|p2a: Weavile|Triple Axel|p1a: Kommo-o|[miss]\n|-miss|p2a: Weavile|p1a: Kommo-o\n|move|p1a: Kommo-o|Body Press|p2a: Weavile\n|-supereffective|p2a: Weavile\n|-damage|p2a: Weavile|0 fnt\n|faint|p2a: Weavile\n|\n|win|lonietzzz\n|n|\u2606lonietzzz|lonietzzz\n|n|\u2606chickwayne|chickwayne\n|n| There is a fire|thereisafire\n|n|\u265aAllen-xia|allenxia\n|n| DingTalk|dingtalk\n|n|&WwlWss|wwlwss\n|n|\u265apopoling|popoling\n|n| LifeLive|lifelive\n|n| Renwu|renwu\n|n|%kitoothe|kitoothe\n|n|\u265alzaaaaa|lzaaaaa\n|n|\u265achengduoldsuperbro|chengduoldsuperbro\n|n| Jqlove|jqlove\n|n| LigrAtients|ligratients\n|n| menhera chan|menherachan\n|n| Wind of Schilt|windofschilt\n|n| xiezhouqun|xiezhouqun\n|n|\u265aDYWY\u2740|dywy\n|n|&starmind|starmind\n|n| AlIoutdragadarts|alioutdragadarts\n|c|\u2606chickwayne|\u771fnm\n|c|\u265achengduoldsuperbro|\uff1f\n|l| menhera chan\n|c| Jqlove|\u54c8\u54c8\u54c8\u54c8\n|l| DingTalk\n|c|\u2606chickwayne|CN\u4e09\u65cb\u9e21\n|c| Jqlove|\u5999\u554a\n","uploadtime":1625403025,"views":48,"p1id":"lonietzzz","p2id":"chickwayne","formatid":"gen8ou","rating":0,"private":0,"password":null}