{"id":"china-gen8ou-4623959","p1":"Swordsman.N","p2":"KrumiS","format":"gen8ou","log":"|j|\u2606Swordsman.N\n|j|\u2606KrumiS\n|t:|1651249677\n|gametype|singles\n|player|p1|Swordsman.N|caitlin|\n|player|p2|KrumiS|102|\n|teamsize|p1|6\n|teamsize|p2|6\n|gen|8\n|tier|[Gen 8] OU\n|rule|Sleep Clause Mod: Limit one foe put to sleep\n|rule|Species Clause: Limit one of each Pok\u00e9mon\n|rule|OHKO Clause: OHKO moves are banned\n|rule|Evasion Moves Clause: Evasion moves are banned\n|rule|Endless Battle Clause: Forcing endless battles is banned\n|rule|HP Percentage Mod: HP is shown in percentages\n|rule|Dynamax Clause: You cannot dynamax\n|clearpoke\n|poke|p1|Zapdos-Galar|\n|poke|p1|Sandslash-Alola, F|\n|poke|p1|Polteageist|\n|poke|p1|Diggersby, F|\n|poke|p1|Salamence, F|\n|poke|p1|Lucario, M|\n|poke|p2|Thundurus, M|\n|poke|p2|Vileplume, M|\n|poke|p2|Regieleki|\n|poke|p2|Dragapult, M|\n|poke|p2|Diancie|\n|poke|p2|Gengar, F|\n|teampreview\n|j| syelza\n|j| lunan0713\n|j| rami3e\n|l| syelza\n|j| syelza\n|j| yuudachi0811\u5915\u7acb\n|j| Altaria-GX\n|\n|t:|1651249792\n|start\n|switch|p1a: Sandslash|Sandslash-Alola, F|100\/100\n|switch|p2a: Regieleki|Regieleki|100\/100\n|turn|1\n|\n|t:|1651249807\n|move|p2a: Regieleki|Volt Switch|p1a: Sandslash\n|-enditem|p1a: Sandslash|Focus Sash\n|-damage|p1a: Sandslash|1\/100\n|\n|t:|1651249811\n|switch|p2a: Diancie|Diancie|100\/100|[from]move: Volt Switch\n|move|p1a: Sandslash|Stealth Rock|p2a: Diancie\n|-sidestart|p2: KrumiS|move: Stealth Rock\n|\n|upkeep\n|turn|2\n|j| vusty fans3\n|\n|t:|1651249843\n|switch|p2a: Regieleki|Regieleki|100\/100\n|-damage|p2a: Regieleki|88\/100|[from] Stealth Rock\n|move|p1a: Sandslash|Triple Axel|p2a: Regieleki\n|-damage|p2a: Regieleki|65\/100\n|-damage|p2a: Regieleki|21\/100\n|-damage|p2a: Regieleki|0 fnt\n|faint|p2a: Regieleki\n|-hitcount|p2: Regieleki|3\n|\n|upkeep\n|\n|t:|1651249855\n|switch|p2a: Dragapult|Dragapult, M|100\/100\n|-damage|p2a: Dragapult|88\/100|[from] Stealth Rock\n|turn|3\n|\n|t:|1651249863\n|move|p2a: Dragapult|Dragon Darts|p1a: Sandslash\n|-resisted|p1a: Sandslash\n|-damage|p1a: Sandslash|0 fnt\n|faint|p1a: Sandslash\n|\n|upkeep\n|\n|t:|1651249870\n|switch|p1a: Lucario|Lucario, M|100\/100\n|turn|4\n|\n|t:|1651249891\n|move|p2a: Dragapult|Dragon Dance|p2a: Dragapult\n|-boost|p2a: Dragapult|atk|1\n|-boost|p2a: Dragapult|spe|1\n|move|p1a: Lucario|Meteor Mash|p2a: Dragapult\n|-damage|p2a: Dragapult|9\/100\n|-damage|p1a: Lucario|91\/100|[from] item: Life Orb\n|\n|upkeep\n|turn|5\n|\n|t:|1651249906\n|move|p1a: Lucario|Bullet Punch|p2a: Dragapult\n|-damage|p2a: Dragapult|0 fnt\n|faint|p2a: Dragapult\n|-damage|p1a: Lucario|81\/100|[from] item: Life Orb\n|\n|upkeep\n|\n|t:|1651249918\n|switch|p2a: Thundurus|Thundurus, M|100\/100\n|-damage|p2a: Thundurus|76\/100|[from] Stealth Rock\n|turn|6\n|\n|t:|1651249939\n|switch|p1a: Diggersby|Diggersby, F|100\/100\n|move|p2a: Thundurus|Bulk Up|p2a: Thundurus\n|-boost|p2a: Thundurus|atk|1\n|-boost|p2a: Thundurus|def|1\n|\n|upkeep\n|turn|7\n|\n|t:|1651249965\n|switch|p1a: Salamence|Salamence, F|100\/100\n|move|p2a: Thundurus|Fly||[still]\n|-prepare|p2a: Thundurus|Fly\n|-enditem|p2a: Thundurus|Power Herb\n|-anim|p2a: Thundurus|Fly|p1a: Salamence\n|-damage|p1a: Salamence|27\/100\n|\n|upkeep\n|turn|8\n|\n|t:|1651249987\n|move|p2a: Thundurus|Fly||[still]\n|-prepare|p2a: Thundurus|Fly\n|move|p1a: Salamence|Dragon Claw|p2a: Thundurus|[miss]\n|-miss|p1a: Salamence|p2a: Thundurus\n|\n|upkeep\n|turn|9\n|\n|t:|1651249993\n|move|p2a: Thundurus|Fly|p1a: Salamence|[from]lockedmove\n|-damage|p1a: Salamence|0 fnt\n|faint|p1a: Salamence\n|\n|upkeep\n|\n|t:|1651249998\n|switch|p1a: Diggersby|Diggersby, F|100\/100\n|turn|10\n|\n|t:|1651250009\n|move|p2a: Thundurus|Knock Off|p1a: Diggersby\n|-damage|p1a: Diggersby|40\/100\n|-enditem|p1a: Diggersby|Life Orb|[from] move: Knock Off|[of] p2a: Thundurus\n|move|p1a: Diggersby|Body Slam|p2a: Thundurus\n|-damage|p2a: Thundurus|18\/100\n|\n|upkeep\n|turn|11\n|\n|t:|1651250030\n|move|p2a: Thundurus|Fly||[still]\n|-prepare|p2a: Thundurus|Fly\n|move|p1a: Diggersby|Body Slam|p2a: Thundurus|[miss]\n|-miss|p1a: Diggersby|p2a: Thundurus\n|\n|upkeep\n|turn|12\n|\n|t:|1651250034\n|move|p2a: Thundurus|Fly|p1a: Diggersby|[from]lockedmove\n|-damage|p1a: Diggersby|0 fnt\n|faint|p1a: Diggersby\n|\n|upkeep\n|\n|t:|1651250038\n|switch|p1a: Lucario|Lucario, M|81\/100\n|turn|13\n|\n|t:|1651250042\n|move|p1a: Lucario|Extreme Speed|p2a: Thundurus\n|-damage|p2a: Thundurus|0 fnt\n|faint|p2a: Thundurus\n|-damage|p1a: Lucario|71\/100|[from] item: Life Orb\n|\n|upkeep\n|\n|t:|1651250053\n|switch|p2a: Gengar|Gengar, F|100\/100\n|-damage|p2a: Gengar|88\/100|[from] Stealth Rock\n|turn|14\n|\n|t:|1651250089\n|switch|p1a: Zapdos|Zapdos-Galar|100\/100\n|move|p2a: Gengar|Substitute|p2a: Gengar\n|-start|p2a: Gengar|Substitute\n|-damage|p2a: Gengar|63\/100\n|\n|-heal|p2a: Gengar|69\/100|[from] item: Leftovers\n|upkeep\n|turn|15\n|\n|t:|1651250120\n|move|p1a: Zapdos|Brave Bird|p2a: Gengar\n|-end|p2a: Gengar|Substitute\n|-damage|p1a: Zapdos|94\/100|[from] Recoil|[of] p2a: Gengar\n|move|p2a: Gengar|Sludge Wave|p1a: Zapdos\n|-damage|p1a: Zapdos|37\/100\n|\n|-heal|p2a: Gengar|76\/100|[from] item: Leftovers\n|upkeep\n|turn|16\n|\n|t:|1651250167\n|move|p1a: Zapdos|Brave Bird|p2a: Gengar\n|-damage|p2a: Gengar|0 fnt\n|-start|p1a: Zapdos|Disable|Brave Bird|[from] ability: Cursed Body|[of] p2a: Gengar\n|faint|p2a: Gengar\n|-damage|p1a: Zapdos|16\/100|[from] Recoil\n|\n|upkeep\n|\n|t:|1651250174\n|switch|p2a: Diancie|Diancie|100\/100\n|-damage|p2a: Diancie|88\/100|[from] Stealth Rock\n|turn|17\n|\n|t:|1651250178\n|-activate|p1a: Zapdos|move: Struggle\n|move|p1a: Zapdos|Struggle|p2a: Diancie\n|-damage|p2a: Diancie|72\/100\n|-damage|p1a: Zapdos|0 fnt|[from] recoil\n|faint|p1a: Zapdos\n|move|p2a: Diancie|Reflect|p2a: Diancie\n|-sidestart|p2: KrumiS|Reflect\n|\n|upkeep\n|\n|t:|1651250201\n|switch|p1a: Lucario|Lucario, M|71\/100\n|turn|18\n|\n|t:|1651250205\n|switch|p2a: Vileplume|Vileplume, M|100\/100\n|-damage|p2a: Vileplume|88\/100|[from] Stealth Rock\n|move|p1a: Lucario|Meteor Mash|p2a: Vileplume\n|-damage|p2a: Vileplume|64\/100\n|-damage|p1a: Lucario|55\/100|[from] item: Rocky Helmet|[of] p2a: Vileplume\n|-status|p1a: Lucario|slp|[from] ability: Effect Spore|[of] p2a: Vileplume\n|-damage|p1a: Lucario|45\/100 slp|[from] item: Life Orb\n|\n|upkeep\n|turn|19\n|c|\u2606Swordsman.N|\u597d\u5b62\u5b50\n|\n|t:|1651250222\n|switch|p1a: Polteageist|Polteageist|100\/100\n|move|p2a: Vileplume|Leech Seed|p1a: Polteageist\n|-start|p1a: Polteageist|move: Leech Seed\n|\n|-damage|p1a: Polteageist|88\/100|[from] Leech Seed|[of] p2a: Vileplume\n|-heal|p2a: Vileplume|73\/100|[silent]\n|upkeep\n|turn|20\n|c| Altaria-GX|\u597d\u5b62\u5b50\n|\n|t:|1651250236\n|move|p1a: Polteageist|Shell Smash|p1a: Polteageist\n|-unboost|p1a: Polteageist|def|1\n|-unboost|p1a: Polteageist|spd|1\n|-boost|p1a: Polteageist|atk|2\n|-boost|p1a: Polteageist|spa|2\n|-boost|p1a: Polteageist|spe|2\n|-enditem|p1a: Polteageist|White Herb\n|-clearnegativeboost|p1a: Polteageist|[silent]\n|move|p2a: Vileplume|Strength Sap|p1a: Polteageist\n|-unboost|p1a: Polteageist|atk|1\n|-heal|p2a: Vileplume|100\/100\n|\n|-damage|p1a: Polteageist|76\/100|[from] Leech Seed|[of] p2a: Vileplume\n|upkeep\n|turn|21\n|\n|t:|1651250256\n|move|p1a: Polteageist|Shell Smash|p1a: Polteageist\n|-unboost|p1a: Polteageist|def|1\n|-unboost|p1a: Polteageist|spd|1\n|-boost|p1a: Polteageist|atk|2\n|-boost|p1a: Polteageist|spa|2\n|-boost|p1a: Polteageist|spe|2\n|move|p2a: Vileplume|Strength Sap|p1a: Polteageist\n|-unboost|p1a: Polteageist|atk|1\n|\n|-damage|p1a: Polteageist|64\/100|[from] Leech Seed|[of] p2a: Vileplume\n|upkeep\n|turn|22\n|\n|t:|1651250277\n|switch|p2a: Diancie|Diancie|72\/100\n|-damage|p2a: Diancie|60\/100|[from] Stealth Rock\n|move|p1a: Polteageist|Shell Smash|p1a: Polteageist\n|-unboost|p1a: Polteageist|def|1\n|-unboost|p1a: Polteageist|spd|1\n|-boost|p1a: Polteageist|atk|2\n|-boost|p1a: Polteageist|spa|2\n|-boost|p1a: Polteageist|spe|2\n|\n|-damage|p1a: Polteageist|51\/100|[from] Leech Seed|[of] p2a: Diancie\n|-heal|p2a: Diancie|71\/100|[silent]\n|upkeep\n|turn|23\n|\n|t:|1651250287\n|move|p1a: Polteageist|Shadow Ball|p2a: Diancie\n|-damage|p2a: Diancie|0 fnt\n|faint|p2a: Diancie\n|\n|upkeep\n|\n|t:|1651250290\n|switch|p2a: Vileplume|Vileplume, M|100\/100\n|-damage|p2a: Vileplume|88\/100|[from] Stealth Rock\n|turn|24\n|\n|t:|1651250297\n|move|p1a: Polteageist|Shadow Ball|p2a: Vileplume\n|-damage|p2a: Vileplume|0 fnt\n|faint|p2a: Vileplume\n|\n|win|Swordsman.N\n|l| syelza\n","uploadtime":1651250302,"views":9,"p1id":"swordsmann","p2id":"krumis","formatid":"gen8ou","rating":0,"private":0,"password":null}