{"id":"china-gen8ou-4148664","p1":"lonietzzz","p2":"SL21VX hybone","format":"gen8ou","log":"|raw|<div class=\"broadcast-blue\"><strong>This battle is required to be public due to a player having a name starting with 'sl21vx'.<\/div>\n|j|\u2606lonietzzz\n|j|\u2606SL21VX hybone\n|t:|1641034796\n|gametype|singles\n|player|p1|lonietzzz|swimmerf-gen4dp|1358\n|player|p2|SL21VX hybone|jogger|1303\n|teamsize|p1|6\n|teamsize|p2|6\n|gen|8\n|tier|[Gen 8] OU\n|rated|\n|rule|Sleep Clause Mod: Limit one foe put to sleep\n|rule|Species Clause: Limit one of each Pok\u00e9mon\n|rule|OHKO Clause: OHKO moves are banned\n|rule|Evasion Moves Clause: Evasion moves are banned\n|rule|Endless Battle Clause: Forcing endless battles is banned\n|rule|HP Percentage Mod: HP is shown in percentages\n|rule|Dynamax Clause: You cannot dynamax\n|clearpoke\n|poke|p1|Excadrill, F|\n|poke|p1|Garchomp, F|\n|poke|p1|Kartana|\n|poke|p1|Toxapex, F|\n|poke|p1|Tyranitar, M|\n|poke|p1|Landorus-Therian, M|\n|poke|p2|Tapu Fini|\n|poke|p2|Magnezone|\n|poke|p2|Blissey, F|\n|poke|p2|Melmetal|\n|poke|p2|Dragapult, M|\n|poke|p2|Landorus-Therian, M|\n|teampreview\n|j|\u265acscl\n|inactive|Battle timer is ON: inactive players will automatically lose when time's up. (requested by lonietzzz)\n|\n|t:|1641034821\n|start\n|switch|p1a: Landorus|Landorus-Therian, M|100\/100\n|switch|p2a: Dragapult|Dragapult, M|100\/100\n|-ability|p1a: Landorus|Intimidate|boost\n|-unboost|p2a: Dragapult|atk|1\n|turn|1\n|\n|t:|1641034827\n|move|p2a: Dragapult|Draco Meteor|p1a: Landorus\n|-damage|p1a: Landorus|12\/100\n|-unboost|p2a: Dragapult|spa|2\n|move|p1a: Landorus|Stealth Rock|p2a: Dragapult\n|-sidestart|p2: SL21VX hybone|move: Stealth Rock\n|\n|upkeep\n|turn|2\n|\n|t:|1641034834\n|switch|p2a: Landorus|Landorus-Therian, M|100\/100\n|-damage|p2a: Landorus|88\/100|[from] Stealth Rock\n|-ability|p2a: Landorus|Intimidate|boost\n|-unboost|p1a: Landorus|atk|1\n|move|p1a: Landorus|U-turn|p2a: Landorus\n|-resisted|p2a: Landorus\n|-damage|p2a: Landorus|82\/100\n|-damage|p1a: Landorus|0 fnt|[from] item: Rocky Helmet|[of] p2a: Landorus\n|faint|p1a: Landorus\n|\n|upkeep\n|\n|t:|1641034837\n|switch|p1a: Kartana|Kartana|100\/100\n|turn|3\n|\n|t:|1641034844\n|move|p1a: Kartana|Leaf Blade|p2a: Landorus\n|-damage|p2a: Landorus|19\/100\n|-damage|p1a: Kartana|84\/100|[from] item: Rocky Helmet|[of] p2a: Landorus\n|-damage|p1a: Kartana|74\/100|[from] item: Life Orb\n|move|p2a: Landorus|Earthquake|p1a: Kartana\n|-damage|p1a: Kartana|29\/100\n|\n|upkeep\n|turn|4\n|\n|t:|1641034860\n|switch|p2a: Magnezone|Magnezone|100\/100\n|-damage|p2a: Magnezone|94\/100|[from] Stealth Rock\n|move|p1a: Kartana|Knock Off|p2a: Magnezone\n|-damage|p2a: Magnezone|45\/100\n|-enditem|p2a: Magnezone|Leftovers|[from] move: Knock Off|[of] p1a: Kartana\n|-damage|p1a: Kartana|19\/100|[from] item: Life Orb\n|\n|upkeep\n|turn|5\n|\n|t:|1641034868\n|move|p1a: Kartana|Sacred Sword|p2a: Magnezone\n|-supereffective|p2a: Magnezone\n|-damage|p2a: Magnezone|0 fnt\n|faint|p2a: Magnezone\n|-ability|p1a: Kartana|Beast Boost|boost\n|-boost|p1a: Kartana|atk|1\n|-damage|p1a: Kartana|9\/100|[from] item: Life Orb\n|\n|upkeep\n|\n|t:|1641034870\n|switch|p2a: Dragapult|Dragapult, M|100\/100\n|-damage|p2a: Dragapult|88\/100|[from] Stealth Rock\n|turn|6\n|\n|t:|1641034881\n|switch|p1a: Toxapex|Toxapex, F|100\/100\n|move|p2a: Dragapult|U-turn|p1a: Toxapex\n|-resisted|p1a: Toxapex\n|-damage|p1a: Toxapex|96\/100\n|-damage|p2a: Dragapult|72\/100|[from] item: Rocky Helmet|[of] p1a: Toxapex\n|\n|t:|1641034884\n|switch|p2a: Landorus|Landorus-Therian, M|19\/100|[from]move: U-turn\n|-damage|p2a: Landorus|6\/100|[from] Stealth Rock\n|-ability|p2a: Landorus|Intimidate|boost\n|-unboost|p1a: Toxapex|atk|1\n|\n|upkeep\n|turn|7\n|\n|t:|1641034888\n|move|p2a: Landorus|Earthquake|p1a: Toxapex\n|-supereffective|p1a: Toxapex\n|-damage|p1a: Toxapex|40\/100\n|move|p1a: Toxapex|Scald|p2a: Landorus\n|-supereffective|p2a: Landorus\n|-damage|p2a: Landorus|0 fnt\n|faint|p2a: Landorus\n|\n|upkeep\n|\n|t:|1641034892\n|switch|p2a: Melmetal|Melmetal|100\/100\n|-damage|p2a: Melmetal|94\/100|[from] Stealth Rock\n|turn|8\n|inactive|lonietzzz has 120 seconds left.\n|\n|t:|1641034925\n|switch|p1a: Kartana|Kartana|9\/100\n|move|p2a: Melmetal|Earthquake|p1a: Kartana\n|-damage|p1a: Kartana|0 fnt\n|faint|p1a: Kartana\n|\n|upkeep\n|\n|t:|1641034929\n|switch|p1a: Garchomp|Garchomp, F|100\/100\n|turn|9\n|l|\u265acscl\n|\n|t:|1641034941\n|switch|p2a: Blissey|Blissey, F|100\/100\n|move|p1a: Garchomp|Earthquake|p2a: Blissey\n|-damage|p2a: Blissey|52\/100\n|\n|upkeep\n|turn|10\n|\n|t:|1641034945\n|move|p1a: Garchomp|Earthquake|p2a: Blissey\n|-damage|p2a: Blissey|6\/100\n|move|p2a: Blissey|Seismic Toss|p1a: Garchomp\n|-damage|p1a: Garchomp|72\/100\n|-damage|p2a: Blissey|0 fnt|[from] ability: Rough Skin|[of] p1a: Garchomp\n|faint|p2a: Blissey\n|\n|-heal|p1a: Garchomp|79\/100|[from] item: Leftovers\n|upkeep\n|\n|t:|1641034950\n|switch|p2a: Dragapult|Dragapult, M|72\/100\n|-damage|p2a: Dragapult|59\/100|[from] Stealth Rock\n|turn|11\n|j| JAMKRE\n|\n|t:|1641034969\n|move|p2a: Dragapult|Draco Meteor|p1a: Garchomp\n|-supereffective|p1a: Garchomp\n|-damage|p1a: Garchomp|0 fnt\n|-unboost|p2a: Dragapult|spa|2\n|faint|p1a: Garchomp\n|\n|upkeep\n|\n|t:|1641034973\n|switch|p1a: Excadrill|Excadrill, F|100\/100\n|turn|12\n|j| sl21vxtunstr\n|\n|t:|1641035002\n|move|p2a: Dragapult|Draco Meteor|p1a: Excadrill\n|-resisted|p1a: Excadrill\n|-damage|p1a: Excadrill|74\/100\n|-unboost|p2a: Dragapult|spa|2\n|move|p1a: Excadrill|Swords Dance|p1a: Excadrill\n|-boost|p1a: Excadrill|atk|2\n|\n|-heal|p1a: Excadrill|80\/100|[from] item: Leftovers\n|upkeep\n|turn|13\n|inactive|SL21VX hybone has 120 seconds left.\n|\n|t:|1641035032\n|switch|p2a: Melmetal|Melmetal|94\/100\n|-damage|p2a: Melmetal|88\/100|[from] Stealth Rock\n|move|p1a: Excadrill|Rapid Spin|p2a: Melmetal\n|-resisted|p2a: Melmetal\n|-damage|p2a: Melmetal|77\/100\n|-boost|p1a: Excadrill|spe|1\n|\n|-heal|p1a: Excadrill|86\/100|[from] item: Leftovers\n|upkeep\n|turn|14\n|-message|SL21VX hybone forfeited.\n|\n|win|lonietzzz\n|raw|lonietzzz's rating: 1372 &rarr; <strong>1388<\/strong><br \/>(+16 for winning)\n|raw|SL21VX hybone's rating: 1303 &rarr; <strong>1291<\/strong><br \/>(-12 for losing)\n|l|\u2606SL21VX hybone\n","uploadtime":1641035048,"views":20,"p1id":"lonietzzz","p2id":"sl21vxhybone","formatid":"gen8ou","rating":0,"private":0,"password":null}