{"id":"china-gen8ou-5413930","p1":"yokobaby","p2":"zerodragon123","format":"gen8ou","log":"|uhtml|report-battle|<b>\u5c06\u5bf9\u6218\u94fe\u63a5\u516c\u5f00\u5230:<\/b> <button class=\"button\" name=\"send\" value=\"\/reportto skypillar\">Sky Pillar<\/button><button class=\"button\" name=\"send\" value=\"\/reportto shinx\">Shinx<\/button>\n|j|\u2606yokobaby\n|j|\u2606zerodragon123\n|t:|1664798913\n|gametype|singles\n|player|p1|yokobaby|cynthia-masters|\n|player|p2|zerodragon123|zerodragon123.jpg|\n|teamsize|p1|6\n|teamsize|p2|6\n|gen|8\n|tier|[Gen 8] OU\n|rule|Sleep Clause Mod: Limit one foe put to sleep\n|rule|Species Clause: Limit one of each Pok\u00e9mon\n|rule|OHKO Clause: OHKO moves are banned\n|rule|Evasion Items Clause: Evasion items are banned\n|rule|Evasion Moves Clause: Evasion moves are banned\n|rule|Endless Battle Clause: Forcing endless battles is banned\n|rule|HP Percentage Mod: HP is shown in percentages\n|rule|Dynamax Clause: You cannot dynamax\n|clearpoke\n|poke|p1|Nihilego|\n|poke|p1|Zapdos-Galar|\n|poke|p1|Kartana|\n|poke|p1|Celesteela|\n|poke|p1|Garchomp, F|\n|poke|p1|Tapu Fini|\n|poke|p2|Zapdos|\n|poke|p2|Clefable, M|\n|poke|p2|Toxapex, F|\n|poke|p2|Skarmory, F|\n|poke|p2|Quagsire, M|\n|poke|p2|Cresselia, F|\n|teampreview\n|inactive|Battle timer is ON: inactive players will automatically lose when time's up. (requested by yokobaby)\n|j|\u265ayinshang\n|inactive|zerodragon123 has 270 seconds left.\n|\n|t:|1664798951\n|start\n|switch|p1a: Tapu Fini|Tapu Fini|100\/100\n|switch|p2a: Clefable|Clefable, M|100\/100\n|-fieldstart|move: Misty Terrain|[from] ability: Misty Surge|[of] p1a: Tapu Fini\n|turn|1\n|j| SquirrelQWQ\n|\n|t:|1664798977\n|move|p1a: Tapu Fini|Taunt|p2a: Clefable\n|-start|p2a: Clefable|move: Taunt\n|cant|p2a: Clefable|move: Taunt|Stealth Rock\n|\n|upkeep\n|turn|2\n|j| xing-ggggg\n|\n|t:|1664798983\n|switch|p2a: Toxapex|Toxapex, F|100\/100\n|move|p1a: Tapu Fini|Calm Mind|p1a: Tapu Fini\n|-boost|p1a: Tapu Fini|spa|1\n|-boost|p1a: Tapu Fini|spd|1\n|\n|upkeep\n|turn|3\n|c| xing-ggggg|\u73b2\u73d1\u751f\u6c14\u4e86\n|\n|t:|1664799001\n|move|p1a: Tapu Fini|Taunt|p2a: Toxapex\n|-start|p2a: Toxapex|move: Taunt\n|move|p2a: Toxapex|Knock Off|p1a: Tapu Fini\n|-resisted|p1a: Tapu Fini\n|-crit|p1a: Tapu Fini\n|-damage|p1a: Tapu Fini|92\/100\n|-enditem|p1a: Tapu Fini|Leftovers|[from] move: Knock Off|[of] p2a: Toxapex\n|\n|upkeep\n|turn|4\n|j| adreamew\n|j| badslowking\n|l| xing-ggggg\n|c|\u265ayinshang|\u5f00\u53d7\u4e86\n|j| xing-ggggg\n|inactive|zerodragon123 has 270 seconds left.\n|\n|t:|1664799029\n|switch|p1a: Garchomp|Garchomp, F|100\/100\n|switch|p2a: Zapdos|Zapdos|100\/100\n|-ability|p2a: Zapdos|Pressure\n|\n|upkeep\n|turn|5\n|l| badslowking\n|inactive|zerodragon123 has 270 seconds left.\n|\n|t:|1664799040\n|switch|p2a: Clefable|Clefable, M|100\/100\n|move|p1a: Garchomp|Stealth Rock|p2a: Clefable\n|-sidestart|p2: zerodragon123|move: Stealth Rock\n|\n|-fieldend|Misty Terrain\n|upkeep\n|turn|6\n|inactive|zerodragon123 has 270 seconds left.\n|l| xing-ggggg\n|\n|t:|1664799060\n|switch|p1a: Kartana|Kartana|100\/100\n|move|p2a: Clefable|Stealth Rock|p1a: Kartana\n|-sidestart|p1: yokobaby|move: Stealth Rock\n|\n|upkeep\n|turn|7\n|\n|t:|1664799070\n|switch|p2a: Skarmory|Skarmory, F|100\/100\n|-damage|p2a: Skarmory|88\/100|[from] Stealth Rock\n|move|p1a: Kartana|Knock Off|p2a: Skarmory\n|-damage|p2a: Skarmory|64\/100\n|-damage|p1a: Kartana|84\/100|[from] item: Rocky Helmet|[of] p2a: Skarmory\n|-enditem|p2a: Skarmory|Rocky Helmet|[from] move: Knock Off|[of] p1a: Kartana\n|\n|upkeep\n|turn|8\n|\n|t:|1664799077\n|switch|p1a: Celesteela|Celesteela|100\/100\n|-damage|p1a: Celesteela|88\/100|[from] Stealth Rock\n|move|p2a: Skarmory|Roost|p2a: Skarmory\n|-heal|p2a: Skarmory|100\/100\n|-singleturn|p2a: Skarmory|move: Roost\n|\n|upkeep\n|turn|9\n|j| xing-ggggg\n|\n|t:|1664799091\n|switch|p2a: Toxapex|Toxapex, F|100\/100\n|-damage|p2a: Toxapex|88\/100|[from] Stealth Rock\n|move|p1a: Celesteela|Autotomize|p1a: Celesteela\n|-boost|p1a: Celesteela|spe|2\n|-start|p1a: Celesteela|Autotomize\n|\n|upkeep\n|turn|10\n|\n|t:|1664799096\n|move|p1a: Celesteela|Air Slash|p2a: Toxapex\n|-damage|p2a: Toxapex|66\/100\n|cant|p2a: Toxapex|flinch\n|\n|upkeep\n|turn|11\n|c| xing-ggggg|\u6211\u8d85\n|c| xing-ggggg|hax\n|\n|t:|1664799109\n|move|p1a: Celesteela|Air Slash|p2a: Toxapex\n|-damage|p2a: Toxapex|42\/100\n|move|p2a: Toxapex|Recover|p2a: Toxapex\n|-heal|p2a: Toxapex|92\/100\n|\n|upkeep\n|turn|12\n|\n|t:|1664799114\n|move|p1a: Celesteela|Air Slash|p2a: Toxapex\n|-damage|p2a: Toxapex|70\/100\n|move|p2a: Toxapex|Haze|p2a: Toxapex\n|-clearallboost\n|\n|upkeep\n|turn|13\n|c| xing-ggggg|\u8fd8\u597d\n|\n|t:|1664799118\n|move|p1a: Celesteela|Air Slash|p2a: Toxapex\n|-damage|p2a: Toxapex|46\/100\n|move|p2a: Toxapex|Recover|p2a: Toxapex\n|-heal|p2a: Toxapex|96\/100\n|\n|upkeep\n|turn|14\n|\n|t:|1664799122\n|move|p1a: Celesteela|Air Slash|p2a: Toxapex\n|-damage|p2a: Toxapex|70\/100\n|cant|p2a: Toxapex|flinch\n|\n|upkeep\n|turn|15\n|\n|t:|1664799126\n|move|p1a: Celesteela|Air Slash|p2a: Toxapex\n|-damage|p2a: Toxapex|44\/100\n|move|p2a: Toxapex|Recover|p2a: Toxapex\n|-heal|p2a: Toxapex|95\/100\n|\n|upkeep\n|turn|16\n|\n|t:|1664799129\n|move|p1a: Celesteela|Air Slash|p2a: Toxapex\n|-damage|p2a: Toxapex|69\/100\n|cant|p2a: Toxapex|flinch\n|\n|upkeep\n|turn|17\n|\n|t:|1664799133\n|move|p1a: Celesteela|Air Slash|p2a: Toxapex\n|-damage|p2a: Toxapex|47\/100\n|cant|p2a: Toxapex|flinch\n|\n|upkeep\n|turn|18\n|c| xing-ggggg|\u8349\n|\n|t:|1664799142\n|switch|p2a: Quagsire|Quagsire, M|100\/100\n|-damage|p2a: Quagsire|94\/100|[from] Stealth Rock\n|move|p1a: Celesteela|Meteor Beam||[still]\n|-prepare|p1a: Celesteela|Meteor Beam\n|-boost|p1a: Celesteela|spa|1\n|-enditem|p1a: Celesteela|Power Herb\n|-anim|p1a: Celesteela|Meteor Beam|p2a: Quagsire\n|-resisted|p2a: Quagsire\n|-damage|p2a: Quagsire|70\/100\n|\n|-heal|p2a: Quagsire|76\/100|[from] item: Leftovers\n|upkeep\n|turn|19\n|\n|t:|1664799148\n|move|p1a: Celesteela|Air Slash|p2a: Quagsire\n|-damage|p2a: Quagsire|30\/100\n|move|p2a: Quagsire|Recover|p2a: Quagsire\n|-heal|p2a: Quagsire|80\/100\n|\n|-heal|p2a: Quagsire|87\/100|[from] item: Leftovers\n|upkeep\n|turn|20\n|\n|t:|1664799161\n|move|p1a: Celesteela|Meteor Beam||[still]\n|-prepare|p1a: Celesteela|Meteor Beam\n|-boost|p1a: Celesteela|spa|1\n|move|p2a: Quagsire|Haze|p2a: Quagsire\n|-clearallboost\n|\n|-heal|p2a: Quagsire|93\/100|[from] item: Leftovers\n|upkeep\n|turn|21\n|\n|t:|1664799169\n|move|p1a: Celesteela|Meteor Beam|p2a: Quagsire|[from]lockedmove\n|-resisted|p2a: Quagsire\n|-damage|p2a: Quagsire|67\/100\n|move|p2a: Quagsire|Recover|p2a: Quagsire\n|-heal|p2a: Quagsire|100\/100\n|\n|upkeep\n|turn|22\n|\n|t:|1664799173\n|switch|p2a: Zapdos|Zapdos|100\/100\n|-ability|p2a: Zapdos|Pressure\n|move|p1a: Celesteela|Air Slash|p2a: Zapdos\n|-resisted|p2a: Zapdos\n|-damage|p2a: Zapdos|88\/100\n|\n|upkeep\n|turn|23\n|\n|t:|1664799179\n|switch|p1a: Nihilego|Nihilego|100\/100\n|-damage|p1a: Nihilego|88\/100|[from] Stealth Rock\n|move|p2a: Zapdos|Volt Switch|p1a: Nihilego\n|-damage|p1a: Nihilego|65\/100\n|j| ACATM\n|\n|t:|1664799190\n|switch|p2a: Quagsire|Quagsire, M|100\/100|[from]move: Volt Switch\n|-damage|p2a: Quagsire|94\/100|[from] Stealth Rock\n|\n|-heal|p2a: Quagsire|100\/100|[from] item: Leftovers\n|upkeep\n|turn|24\n|\n|t:|1664799201\n|switch|p1a: Zapdos|Zapdos-Galar|100\/100\n|-damage|p1a: Zapdos|88\/100|[from] Stealth Rock\n|move|p2a: Quagsire|Earthquake|p1a: Zapdos\n|-immune|p1a: Zapdos\n|\n|upkeep\n|turn|25\n|\n|t:|1664799216\n|switch|p2a: Zapdos|Zapdos|88\/100\n|-ability|p2a: Zapdos|Pressure\n|move|p1a: Zapdos|U-turn|p2a: Zapdos\n|-resisted|p2a: Zapdos\n|-damage|p2a: Zapdos|70\/100\n|\n|t:|1664799221\n|switch|p1a: Nihilego|Nihilego|65\/100|[from]move: U-turn\n|-damage|p1a: Nihilego|52\/100|[from] Stealth Rock\n|\n|upkeep\n|turn|26\n|\n|t:|1664799226\n|switch|p2a: Quagsire|Quagsire, M|100\/100\n|-damage|p2a: Quagsire|94\/100|[from] Stealth Rock\n|move|p1a: Nihilego|Meteor Beam||[still]\n|-prepare|p1a: Nihilego|Meteor Beam\n|-boost|p1a: Nihilego|spa|1\n|-enditem|p1a: Nihilego|Power Herb\n|-anim|p1a: Nihilego|Meteor Beam|p2a: Quagsire\n|-resisted|p2a: Quagsire\n|-damage|p2a: Quagsire|59\/100\n|\n|-heal|p2a: Quagsire|65\/100|[from] item: Leftovers\n|upkeep\n|turn|27\n|\n|t:|1664799231\n|move|p1a: Nihilego|Grass Knot|p2a: Quagsire\n|-supereffective|p2a: Quagsire\n|-damage|p2a: Quagsire|0 fnt\n|faint|p2a: Quagsire\n|-ability|p1a: Nihilego|Beast Boost|boost\n|-boost|p1a: Nihilego|spe|1\n|\n|upkeep\n|j| AlIoutdragadarts\n|\n|t:|1664799242\n|switch|p2a: Toxapex|Toxapex, F|80\/100\n|-damage|p2a: Toxapex|68\/100|[from] Stealth Rock\n|turn|28\n|c| xing-ggggg|\u4f60\u5728\u5e72\u561b\u554a\n|\n|t:|1664799249\n|move|p1a: Nihilego|Power Gem|p2a: Toxapex\n|-damage|p2a: Toxapex|28\/100\n|move|p2a: Toxapex|Recover|p2a: Toxapex\n|-heal|p2a: Toxapex|78\/100\n|\n|upkeep\n|turn|29\n|\n|t:|1664799254\n|move|p1a: Nihilego|Meteor Beam||[still]\n|-prepare|p1a: Nihilego|Meteor Beam\n|-boost|p1a: Nihilego|spa|1\n|move|p2a: Toxapex|Recover|p2a: Toxapex\n|-heal|p2a: Toxapex|100\/100\n|\n|upkeep\n|turn|30\n|c| xing-ggggg|\u6709\u8349\u82a5\u7684qwq\n|\n|t:|1664799257\n|move|p1a: Nihilego|Meteor Beam|p2a: Toxapex|[from]lockedmove\n|-damage|p2a: Toxapex|24\/100\n|move|p2a: Toxapex|Haze|p2a: Toxapex\n|-clearallboost\n|\n|upkeep\n|turn|31\n|l| xing-ggggg\n|\n|t:|1664799281\n|switch|p2a: Cresselia|Cresselia, F|100\/100\n|-damage|p2a: Cresselia|88\/100|[from] Stealth Rock\n|move|p1a: Nihilego|Meteor Beam||[still]\n|-prepare|p1a: Nihilego|Meteor Beam\n|-boost|p1a: Nihilego|spa|1\n|\n|-heal|p2a: Cresselia|94\/100|[from] item: Leftovers\n|upkeep\n|turn|32\n|\n|t:|1664799288\n|move|p2a: Cresselia|Protect|p2a: Cresselia\n|-singleturn|p2a: Cresselia|Protect\n|move|p1a: Nihilego|Meteor Beam|p2a: Cresselia|[from]lockedmove\n|-activate|p2a: Cresselia|move: Protect\n|\n|-heal|p2a: Cresselia|99\/100|[from] item: Leftovers\n|upkeep\n|turn|33\n|inactive|zerodragon123 has 270 seconds left.\n|j|%Separation\n|\n|t:|1664799329\n|move|p1a: Nihilego|Meteor Beam||[still]\n|-prepare|p1a: Nihilego|Meteor Beam\n|-boost|p1a: Nihilego|spa|1\n|move|p2a: Cresselia|Ice Beam|p1a: Nihilego\n|-damage|p1a: Nihilego|39\/100\n|\n|-heal|p2a: Cresselia|100\/100|[from] item: Leftovers\n|upkeep\n|turn|34\n|j| xing-ggggg\n|\n|t:|1664799336\n|move|p2a: Cresselia|Protect|p2a: Cresselia\n|-singleturn|p2a: Cresselia|Protect\n|move|p1a: Nihilego|Meteor Beam|p2a: Cresselia|[from]lockedmove\n|-activate|p2a: Cresselia|move: Protect\n|\n|upkeep\n|turn|35\n|\n|t:|1664799347\n|move|p1a: Nihilego|Sludge Wave|p2a: Cresselia\n|-damage|p2a: Cresselia|59\/100\n|-status|p2a: Cresselia|psn\n|move|p2a: Cresselia|Ice Beam|p1a: Nihilego\n|-damage|p1a: Nihilego|26\/100\n|\n|-heal|p2a: Cresselia|65\/100 psn|[from] item: Leftovers\n|-damage|p2a: Cresselia|52\/100 psn|[from] psn\n|upkeep\n|turn|36\n|c| xing-ggggg|\u8349\n|c| xing-ggggg|\u4e2d\u6bd2\n|inactive|zerodragon123 has 270 seconds left.\n|\n|t:|1664799357\n|move|p1a: Nihilego|Meteor Beam||[still]\n|-prepare|p1a: Nihilego|Meteor Beam\n|-boost|p1a: Nihilego|spa|1\n|move|p2a: Cresselia|Moonlight|p2a: Cresselia\n|-heal|p2a: Cresselia|100\/100 psn\n|\n|-damage|p2a: Cresselia|88\/100 psn|[from] psn\n|upkeep\n|turn|37\n|\n|t:|1664799362\n|move|p2a: Cresselia|Protect|p2a: Cresselia\n|-singleturn|p2a: Cresselia|Protect\n|move|p1a: Nihilego|Meteor Beam|p2a: Cresselia|[from]lockedmove\n|-activate|p2a: Cresselia|move: Protect\n|\n|-heal|p2a: Cresselia|94\/100 psn|[from] item: Leftovers\n|-damage|p2a: Cresselia|82\/100 psn|[from] psn\n|upkeep\n|turn|38\n|\n|t:|1664799373\n|move|p1a: Nihilego|Sludge Wave|p2a: Cresselia\n|-damage|p2a: Cresselia|26\/100 psn\n|move|p2a: Cresselia|Ice Beam|p1a: Nihilego\n|-damage|p1a: Nihilego|15\/100\n|\n|-heal|p2a: Cresselia|32\/100 psn|[from] item: Leftovers\n|-damage|p2a: Cresselia|20\/100 psn|[from] psn\n|upkeep\n|turn|39\n|\n|t:|1664799382\n|move|p1a: Nihilego|Power Gem|p2a: Cresselia\n|-damage|p2a: Cresselia|0 fnt\n|faint|p2a: Cresselia\n|-ability|p1a: Nihilego|Beast Boost|boost\n|-boost|p1a: Nihilego|spe|1\n|\n|upkeep\n|\n|t:|1664799387\n|switch|p2a: Toxapex|Toxapex, F|58\/100\n|-damage|p2a: Toxapex|45\/100|[from] Stealth Rock\n|turn|40\n|j| badslowking\n|c| xing-ggggg|\u89c9\u5bc4\n|\n|t:|1664799406\n|switch|p2a: Zapdos|Zapdos|70\/100\n|-ability|p2a: Zapdos|Pressure\n|move|p1a: Nihilego|Power Gem|p2a: Zapdos\n|-supereffective|p2a: Zapdos\n|-damage|p2a: Zapdos|0 fnt\n|faint|p2a: Zapdos\n|-ability|p1a: Nihilego|Beast Boost|boost\n|-boost|p1a: Nihilego|spe|1\n|\n|upkeep\n|\n|t:|1664799408\n|switch|p2a: Toxapex|Toxapex, F|79\/100\n|-damage|p2a: Toxapex|67\/100|[from] Stealth Rock\n|turn|41\n|\n|t:|1664799412\n|move|p1a: Nihilego|Power Gem|p2a: Toxapex\n|-damage|p2a: Toxapex|9\/100\n|move|p2a: Toxapex|Knock Off|p1a: Nihilego\n|-damage|p1a: Nihilego|0 fnt\n|faint|p1a: Nihilego\n|\n|upkeep\n|\n|t:|1664799418\n|switch|p1a: Celesteela|Celesteela|88\/100\n|-damage|p1a: Celesteela|76\/100|[from] Stealth Rock\n|turn|42\n|l| xing-ggggg\n|j| xing-ggggg\n|\n|t:|1664799428\n|switch|p2a: Skarmory|Skarmory, F|100\/100\n|-damage|p2a: Skarmory|88\/100|[from] Stealth Rock\n|move|p1a: Celesteela|Meteor Beam||[still]\n|-prepare|p1a: Celesteela|Meteor Beam\n|-boost|p1a: Celesteela|spa|1\n|\n|upkeep\n|turn|43\n|\n|t:|1664799445\n|move|p1a: Celesteela|Meteor Beam|p2a: Skarmory|[from]lockedmove\n|-damage|p2a: Skarmory|1\/100\n|move|p2a: Skarmory|Body Press|p1a: Celesteela\n|-damage|p1a: Celesteela|42\/100\n|\n|upkeep\n|turn|44\n|j| Abyss_Eligh\n|\n|t:|1664799453\n|move|p1a: Celesteela|Flamethrower|p2a: Skarmory\n|-supereffective|p2a: Skarmory\n|-damage|p2a: Skarmory|0 fnt\n|faint|p2a: Skarmory\n|-ability|p1a: Celesteela|Beast Boost|boost\n|-boost|p1a: Celesteela|spa|1\n|\n|upkeep\n|\n|t:|1664799454\n|switch|p2a: Toxapex|Toxapex, F|42\/100\n|-damage|p2a: Toxapex|30\/100|[from] Stealth Rock\n|turn|45\n|\n|t:|1664799457\n|switch|p2a: Clefable|Clefable, M|100\/100\n|move|p1a: Celesteela|Air Slash|p2a: Clefable\n|-damage|p2a: Clefable|49\/100\n|\n|upkeep\n|turn|46\n|\n|t:|1664799461\n|move|p1a: Celesteela|Air Slash|p2a: Clefable\n|-damage|p2a: Clefable|0 fnt\n|faint|p2a: Clefable\n|-ability|p1a: Celesteela|Beast Boost|boost\n|-boost|p1a: Celesteela|spa|1\n|\n|upkeep\n|\n|t:|1664799462\n|switch|p2a: Toxapex|Toxapex, F|63\/100\n|-damage|p2a: Toxapex|51\/100|[from] Stealth Rock\n|turn|47\n|\n|t:|1664799464\n|move|p1a: Celesteela|Air Slash|p2a: Toxapex\n|-damage|p2a: Toxapex|0 fnt\n|faint|p2a: Toxapex\n|\n|win|yokobaby\n|c|\u265ayinshang|\u829c\u6e56\n|l|%Separation\n|l| badslowking\n|l| xing-ggggg\n|l| ACATM\n|l|yokobaby\n|l| SquirrelQWQ\n|l|\u2606zerodragon123\n|j|\u2606yokobaby\n|player|p1|yokobaby|cynthia-masters\n|l| Abyss_Eligh\n|l| adreamew\n","uploadtime":1664799472,"views":24,"p1id":"yokobaby","p2id":"zerodragon123","formatid":"gen8ou","rating":0,"private":0,"password":null}