{"id":"gen7doublesubers-988045612","p1":"Hajmola","p2":"xD jehdhduzjej","format":"gen7doublesubers","log":"|j|\u2606Hajmola\n|j|\u2606xD jehdhduzjej\n|player|p1|Hajmola|10|1000\n|player|p2|xD jehdhduzjej|camper|1000\n|teamsize|p1|6\n|teamsize|p2|6\n|gametype|doubles\n|gen|7\n|tier|[Gen 7] Doubles Ubers\n|rated|\n|rule|Species Clause: Limit one of each Pok\u00e9mon\n|rule|OHKO Clause: OHKO moves are banned\n|rule|Moody Clause: Moody is banned\n|rule|Evasion Abilities Clause: Evasion abilities are banned\n|rule|Evasion Moves Clause: Evasion moves are banned\n|rule|Endless Battle Clause: Forcing endless battles is banned\n|rule|HP Percentage Mod: HP is shown in percentages\n|clearpoke\n|poke|p1|Shedinja|item\n|poke|p1|Audino, F|item\n|poke|p1|Xurkitree|item\n|poke|p1|Mew|item\n|poke|p1|Xerneas|item\n|poke|p1|Marshadow|item\n|poke|p2|Kyurem-White|item\n|poke|p2|Mew|item\n|poke|p2|Vanilluxe, M|item\n|poke|p2|Dugtrio, F|item\n|poke|p2|Diancie|item\n|poke|p2|Murkrow, M|item\n|teampreview\n|inactive|Battle timer is ON: inactive players will automatically lose when time's up. (requested by xD jehdhduzjej)\n|\n|start\n|switch|p1a: Shedinja|Shedinja|100\/100\n|switch|p1b: Audino|Audino, F|100\/100\n|switch|p2a: Diancie|Diancie|100\/100\n|switch|p2b: Dugtrio|Dugtrio, F|100\/100\n|turn|1\n|\n|switch|p1a: Marshadow|Marshadow|100\/100\n|detailschange|p2a: Diancie|Diancie-Mega\n|-mega|p2a: Diancie|Diancie|Diancite\n|detailschange|p1b: Audino|Audino-Mega, F\n|-mega|p1b: Audino|Audino|Audinite\n|move|p2b: Dugtrio|Stealth Rock|p1a: Marshadow\n|-sidestart|p1: Hajmola|move: Stealth Rock\n|move|p2a: Diancie|Diamond Storm|p1a: Marshadow|[spread] p1a,p1b\n|-resisted|p1a: Marshadow\n|-damage|p1a: Marshadow|69\/100\n|-damage|p1b: Audino|69\/100\n|-boost|p2a: Diancie|def|2\n|move|p1b: Audino|Dazzling Gleam|p2a: Diancie|[spread] p2a,p2b\n|-crit|p2b: Dugtrio\n|-damage|p2a: Diancie|76\/100\n|-damage|p2b: Dugtrio|55\/100\n|\n|upkeep\n|turn|2\n|inactive|Hajmola has 120 seconds left.\n|\n|-zpower|p1a: Marshadow\n|move|p1a: Marshadow|Soul-Stealing 7-Star Strike|p2a: Diancie|[zeffect]\n|-damage|p2a: Diancie|12\/100\n|move|p2b: Dugtrio|Final Gambit|p1b: Audino\n|-damage|p1b: Audino|32\/100\n|faint|p2b: Dugtrio\n|move|p2a: Diancie|Dazzling Gleam|p1b: Audino|[spread] p1a,p1b\n|-supereffective|p1a: Marshadow\n|-damage|p1a: Marshadow|0 fnt\n|-damage|p1b: Audino|16\/100\n|faint|p1a: Marshadow\n|move|p1b: Audino|Dazzling Gleam|p2a: Diancie\n|-damage|p2a: Diancie|0 fnt\n|faint|p2a: Diancie\n|\n|upkeep\n|-message|Hajmola forfeited.\n|\n|win|xD jehdhduzjej\n|l|\u2606Hajmola\n","uploadtime":1570385150,"views":8,"p1id":"hajmola","p2id":"xdjehdhduzjej","formatid":"gen7doublesubers","rating":0,"private":0,"password":null}