{"id":"gen71v1-891264072","p1":"Mrowsudyn","p2":"Flashybee","format":"gen71v1","log":"|j|\u2606Mrowsudyn\n|j|\u2606Flashybee\n|player|p1|Mrowsudyn|scientist-gen1rb\n|player|p2|Flashybee|70\n|teamsize|p1|3\n|teamsize|p2|3\n|gametype|singles\n|gen|7\n|tier|[Gen 7] 1v1\n|rated|\n|rule|Species Clause: Limit one of each Pok\u00e9mon\n|rule|Moody Clause: Moody is banned\n|rule|OHKO Clause: OHKO moves are banned\n|rule|Evasion Moves Clause: Evasion moves are banned\n|rule|Accuracy Moves Clause: Accuracy-lowering moves are banned\n|rule|Swagger Clause: Swagger is banned\n|rule|Endless Battle Clause: Forcing endless battles is banned\n|rule|HP Percentage Mod: HP is shown in percentages\n|clearpoke\n|poke|p1|Charizard, M|item\n|poke|p1|Gyarados, F|item\n|poke|p1|Magearna|item\n|poke|p2|Charizard, F|item\n|poke|p2|Pyukumuku, F|item\n|poke|p2|Ferrothorn, M|item\n|teampreview|1\n|\n|start\n|switch|p1a: Gyarados|Gyarados, F|100\/100\n|switch|p2a: Ferrothorn|Ferrothorn, M|100\/100\n|-ability|p1a: Gyarados|Intimidate|boost\n|-unboost|p2a: Ferrothorn|atk|1\n|turn|1\n|\n|move|p1a: Gyarados|Taunt|p2a: Ferrothorn\n|-start|p2a: Ferrothorn|move: Taunt\n|cant|p2a: Ferrothorn|move: Taunt|Leech Seed\n|\n|upkeep\n|turn|2\n|\n|move|p1a: Gyarados|Dragon Dance|p1a: Gyarados\n|-boost|p1a: Gyarados|atk|1\n|-boost|p1a: Gyarados|spe|1\n|move|p2a: Ferrothorn|Gyro Ball|p1a: Gyarados\n|-resisted|p1a: Gyarados\n|-damage|p1a: Gyarados|83\/100\n|\n|upkeep\n|turn|3\n|-message|Flashybee forfeited.\n|\n|win|Mrowsudyn\n|l|\u2606Flashybee\n","uploadtime":1555015603,"views":5,"p1id":"mrowsudyn","p2id":"flashybee","formatid":"gen71v1","rating":0,"private":0,"password":null}