{"id":"gen7ou-620702947","p1":"Kaylss","p2":"GaryTheGengar","format":"gen7ou","log":"|j|Kaylss\n|j|GaryTheGengar\n|player|p1|Kaylss|138\n|teamsize|p1|6\n|player|p2|GaryTheGengar|2\n|teamsize|p2|6\n|gametype|singles\n|gen|7\n|tier|[Gen 7] OU\n|rated\n|seed|42488,29411,31130,61215\n|rule|Sleep Clause Mod: Limit one foe put to sleep\n|rule|Species Clause: Limit one of each Pok\u00e9mon\n|rule|OHKO Clause: OHKO moves are banned\n|rule|Moody Clause: Moody is banned\n|rule|Evasion Moves Clause: Evasion moves are banned\n|rule|Endless Battle Clause: Forcing endless battles is banned\n|rule|HP Percentage Mod: HP is shown in percentages\n|clearpoke\n|poke|p1|Chansey, F|item\n|poke|p1|Sableye, M|item\n|poke|p1|Quagsire, F|item\n|poke|p1|Skarmory, F|item\n|poke|p1|Toxapex, F|item\n|poke|p1|Tangrowth, M|item\n|poke|p2|Diancie|item\n|poke|p2|Volcarona, M|item\n|poke|p2|Landorus-Therian, M|item\n|poke|p2|Mantine, F|item\n|poke|p2|Tapu Lele|item\n|poke|p2|Tapu Bulu|item\n|teampreview\n|c|\u2606Kaylss|\/log Kaylss made this room hidden.\n|choice|team 2, team 1, team 3, team 4, team 5, team 6|team 6, team 2, team 3, team 4, team 5, team 1\n|\n|start\n|switch|p1a: Alessia Cara|Sableye, M|303\/303\n|switch|p2a: Tapu Bulu|Tapu Bulu|281\/281\n|-fieldstart|move: Grassy Terrain|[from] ability: Grassy Surge|[of] p2a: Tapu Bulu\n|turn|1\n|choice|move willowisp|move substitute\n|\n|move|p1a: Alessia Cara|Will-O-Wisp|p2a: Tapu Bulu\n|-status|p2a: Tapu Bulu|brn\n|move|p2a: Tapu Bulu|Substitute|p2a: Tapu Bulu\n|-start|p2a: Tapu Bulu|Substitute\n|-damage|p2a: Tapu Bulu|211\/281 brn\n|\n|-heal|p2a: Tapu Bulu|228\/281 brn|[from] Grassy Terrain\n|-damage|p2a: Tapu Bulu|211\/281 brn|[from] brn\n|upkeep\n|turn|2\n|-message|GaryTheGengar forfeited.\n|\n|win|Kaylss\n|l|GaryTheGengar\n|raw|Kaylss's rating: 1674 &rarr; <strong>1690<\/strong><br \/>(+16 for winning)\n|raw|GaryTheGengar's rating: 1607 &rarr; <strong>1591<\/strong><br \/>(-16 for losing)\n|c|\u2606Kaylss|\/log Kaylss made this room public.","inputlog":null,"uploadtime":1503349833,"views":34,"p1id":"kaylss","p2id":"garythegengar","formatid":"gen7ou","rating":1591,"private":0,"password":null}