{"id":"gen7ou-680648696","p1":"Moskito Cup","p2":"Century Express","format":"gen7ou","log":"|raw|<div class=\"broadcast-red\"><strong>This battle is invite-only!<\/strong><br \/>Users must be rank + or invited with <code>\/invite<\/code> to join<\/div>\n|j|\u2606Moskito Cup\n|j|\u2606Century Express\n|player|p1|Moskito Cup|68\n|teamsize|p1|6\n|player|p2|Century Express|145\n|teamsize|p2|6\n|gametype|singles\n|gen|7\n|tier|[Gen 7] OU\n|rated||rule|Sleep Clause Mod: Limit one foe put to sleep\n|rule|Species Clause: Limit one of each Pok\u00e9mon\n|rule|OHKO Clause: OHKO moves are banned\n|rule|Moody Clause: Moody is banned\n|rule|Evasion Moves Clause: Evasion moves are banned\n|rule|Endless Battle Clause: Forcing endless battles is banned\n|rule|HP Percentage Mod: HP is shown in percentages\n|clearpoke\n|poke|p1|Venusaur, F|item\n|poke|p1|Keldeo-Resolute|item\n|poke|p1|Skarmory, F|item\n|poke|p1|Chansey, F|item\n|poke|p1|Heatran, M|item\n|poke|p1|Bisharp, F|item\n|poke|p2|Landorus-Therian, M|item\n|poke|p2|Tapu Bulu|item\n|poke|p2|Latios, M|item\n|poke|p2|Greninja, M|item\n|poke|p2|Mawile, F|item\n|poke|p2|Magearna|item\n|teampreview\n|inactive|Battle timer is ON: inactive players will automatically lose when time's up. (requested by Moskito Cup)\n|inactive|Century Express has 135 seconds left.\n|inactive|Century Express has 120 seconds left.|\n|start\n|switch|p1a: Keldeo|Keldeo-Resolute|100\/100\n|switch|p2a: Greninja|Greninja, M|100\/100\n|turn|1|\n|switch|p2a: Tapu Bulu|Tapu Bulu|100\/100\n|-fieldstart|move: Grassy Terrain|[from] ability: Grassy Surge|[of] p2a: Tapu Bulu\n|move|p1a: Keldeo|Secret Sword|p2a: Tapu Bulu\n|-resisted|p2a: Tapu Bulu\n|-damage|p2a: Tapu Bulu|82\/100\n|\n|-heal|p2a: Tapu Bulu|88\/100|[from] Grassy Terrain\n|upkeep\n|turn|2\n|inactive|Century Express has 135 seconds left.|\n|switch|p1a: Heatran|Heatran, M|100\/100\n|switch|p2a: Greninja|Greninja, M|100\/100\n|\n|upkeep\n|turn|3|\n|switch|p1a: Keldeo|Keldeo-Resolute|100\/100\n|move|p2a: Greninja|Spikes|p1a: Keldeo\n|-sidestart|p1: Moskito Cup|Spikes\n|\n|upkeep\n|turn|4\n|inactive|Century Express has 135 seconds left.\n|inactive|Century Express has 120 seconds left.|\n|switch|p2a: Tapu Bulu|Tapu Bulu|88\/100\n|switch|p1a: Heatran|Heatran, M|100\/100\n|-damage|p1a: Heatran|88\/100|[from] Spikes\n|\n|-heal|p1a: Heatran|94\/100|[from] item: Leftovers\n|-heal|p1a: Heatran|100\/100|[from] Grassy Terrain\n|-heal|p2a: Tapu Bulu|94\/100|[from] Grassy Terrain\n|upkeep\n|turn|5|\n|move|p1a: Heatran|Stealth Rock|p2a: Tapu Bulu\n|-sidestart|p2: Century Express|move: Stealth Rock\n|move|p2a: Tapu Bulu|Superpower|p1a: Heatran\n|-supereffective|p1a: Heatran\n|-damage|p1a: Heatran|29\/100\n|-unboost|p2a: Tapu Bulu|atk|1\n|-unboost|p2a: Tapu Bulu|def|1\n|\n|-heal|p1a: Heatran|35\/100|[from] item: Leftovers\n|-heal|p1a: Heatran|41\/100|[from] Grassy Terrain\n|-heal|p2a: Tapu Bulu|99\/100|[from] Grassy Terrain\n|-fieldend|move: Grassy Terrain\n|upkeep\n|turn|6\n|inactive|Century Express has 135 seconds left.\n|inactive|Century Express has 120 seconds left.|\n|move|p1a: Heatran|Toxic|p2a: Tapu Bulu\n|-status|p2a: Tapu Bulu|tox\n|move|p2a: Tapu Bulu|Superpower|p1a: Heatran\n|-supereffective|p1a: Heatran\n|-damage|p1a: Heatran|0 fnt\n|-unboost|p2a: Tapu Bulu|atk|1\n|-unboost|p2a: Tapu Bulu|def|1\n|faint|p1a: Heatran\n|\n|-damage|p2a: Tapu Bulu|94\/100 tox|[from] psn\n|upkeep|\n|switch|p1a: Skarmory|Skarmory, F|100\/100\n|turn|7\n|inactive|Century Express has 135 seconds left.\n|inactive|Century Express has 120 seconds left.\n|inactive|Century Express has 105 seconds left.|\n|switch|p2a: Landorus|Landorus-Therian, M|100\/100\n|-damage|p2a: Landorus|88\/100|[from] Stealth Rock\n|-ability|p2a: Landorus|Intimidate|boost\n|-unboost|p1a: Skarmory|atk|1\n|move|p1a: Skarmory|Spikes|p2a: Landorus\n|-sidestart|p2: Century Express|Spikes\n|\n|upkeep\n|turn|8|\n|move|p2a: Landorus|Stealth Rock|p1a: Skarmory\n|-sidestart|p1: Moskito Cup|move: Stealth Rock\n|move|p1a: Skarmory|Whirlwind|p2a: Landorus\n|drag|p2a: Greninja|Greninja, M|100\/100\n|-damage|p2a: Greninja|88\/100|[from] Stealth Rock\n|-damage|p2a: Greninja|76\/100|[from] Spikes\n|\n|upkeep\n|turn|9\n|inactive|Century Express has 120 seconds left.|\n|move|p2a: Greninja|Spikes|p1a: Skarmory\n|-sidestart|p1: Moskito Cup|Spikes\n|move|p1a: Skarmory|Brave Bird|p2a: Greninja\n|-damage|p2a: Greninja|37\/100\n|-damage|p1a: Skarmory|89\/100|[from] Recoil|[of] p2a: Greninja\n|\n|upkeep\n|turn|10\n|inactive|Century Express has 120 seconds left.|\n|move|p2a: Greninja|Spikes|p1a: Skarmory\n|-sidestart|p1: Moskito Cup|Spikes\n|move|p1a: Skarmory|Spikes|p2a: Greninja\n|-sidestart|p2: Century Express|Spikes\n|\n|upkeep\n|turn|11\n|inactive|Century Express has 120 seconds left.|\n|switch|p2a: Tapu Bulu|Tapu Bulu|94\/100 tox\n|-damage|p2a: Tapu Bulu|82\/100 tox|[from] Stealth Rock\n|-damage|p2a: Tapu Bulu|66\/100 tox|[from] Spikes\n|-fieldstart|move: Grassy Terrain|[from] ability: Grassy Surge|[of] p2a: Tapu Bulu\n|move|p1a: Skarmory|Whirlwind|p2a: Tapu Bulu\n|drag|p2a: Mawile|Mawile, F|100\/100\n|-damage|p2a: Mawile|95\/100|[from] Stealth Rock\n|-damage|p2a: Mawile|78\/100|[from] Spikes\n|-ability|p2a: Mawile|Intimidate|boost\n|-unboost|p1a: Skarmory|atk|1\n|\n|-heal|p2a: Mawile|84\/100|[from] Grassy Terrain\n|upkeep\n|turn|12|\n|-mega|p2a: Mawile|Mawile|Mawilite\n|detailschange|p2a: Mawile|Mawile-Mega, F\n|move|p2a: Mawile|Thunder Punch|p1a: Skarmory\n|-supereffective|p1a: Skarmory\n|-damage|p1a: Skarmory|32\/100\n|-damage|p2a: Mawile|67\/100|[from] item: Rocky Helmet|[of] p1a: Skarmory\n|move|p1a: Skarmory|Spikes|p2a: Mawile\n|-sidestart|p2: Century Express|Spikes\n|\n|-heal|p2a: Mawile|73\/100|[from] Grassy Terrain\n|upkeep\n|turn|13\n|inactive|Century Express has 120 seconds left.|\n|move|p2a: Mawile|Ice Punch|p1a: Skarmory\n|-damage|p1a: Skarmory|2\/100\n|-damage|p2a: Mawile|57\/100|[from] item: Rocky Helmet|[of] p1a: Skarmory\n|move|p1a: Skarmory|Whirlwind|p2a: Mawile\n|drag|p2a: Magearna|Magearna|100\/100\n|-damage|p2a: Magearna|94\/100|[from] Stealth Rock\n|-damage|p2a: Magearna|70\/100|[from] Spikes\n|\n|-heal|p2a: Magearna|76\/100|[from] Grassy Terrain\n|upkeep\n|turn|14|\n|move|p2a: Magearna|Ice Beam|p1a: Skarmory\n|-crit|p1a: Skarmory\n|-damage|p1a: Skarmory|0 fnt\n|faint|p1a: Skarmory\n|-ability|p2a: Magearna|Soul-Heart|boost\n|-boost|p2a: Magearna|spa|1\n|\n|-heal|p2a: Magearna|82\/100|[from] Grassy Terrain\n|upkeep|\n|switch|p1a: Chansey|Chansey, F|100\/100\n|-damage|p1a: Chansey|88\/100|[from] Stealth Rock\n|-damage|p1a: Chansey|63\/100|[from] Spikes\n|turn|15\n|inactive|Century Express has 135 seconds left.\n|inactive|Century Express has 120 seconds left.\n|inactive|Century Express has 105 seconds left.\n|inactive|Century Express has 90 seconds left.\n|inactive|Century Express has 75 seconds left.|\n|switch|p2a: Landorus|Landorus-Therian, M|88\/100\n|-damage|p2a: Landorus|76\/100|[from] Stealth Rock\n|-ability|p2a: Landorus|Intimidate|boost\n|-unboost|p1a: Chansey|atk|1\n|move|p1a: Chansey|Soft-Boiled|p1a: Chansey\n|-heal|p1a: Chansey|100\/100\n|\n|-fieldend|move: Grassy Terrain\n|upkeep\n|turn|16|\n|move|p2a: Landorus|Earthquake|p1a: Chansey\n|-damage|p1a: Chansey|73\/100\n|move|p1a: Chansey|Seismic Toss|p2a: Landorus\n|-damage|p2a: Landorus|50\/100\n|\n|upkeep\n|turn|17|\n|move|p2a: Landorus|Earthquake|p1a: Chansey\n|-damage|p1a: Chansey|41\/100\n|move|p1a: Chansey|Soft-Boiled|p1a: Chansey\n|-heal|p1a: Chansey|91\/100\n|\n|upkeep\n|turn|18|\n|move|p2a: Landorus|Earthquake|p1a: Chansey\n|-damage|p1a: Chansey|60\/100\n|move|p1a: Chansey|Soft-Boiled|p1a: Chansey\n|-heal|p1a: Chansey|100\/100\n|\n|upkeep\n|turn|19|\n|move|p2a: Landorus|Earthquake|p1a: Chansey\n|-damage|p1a: Chansey|70\/100\n|move|p1a: Chansey|Seismic Toss|p2a: Landorus\n|-damage|p2a: Landorus|24\/100\n|\n|upkeep\n|turn|20|\n|move|p2a: Landorus|U-turn|p1a: Chansey\n|-damage|p1a: Chansey|56\/100|\n|switch|p2a: Tapu Bulu|Tapu Bulu|66\/100 tox\n|-damage|p2a: Tapu Bulu|41\/100 tox|[from] Spikes\n|-damage|p2a: Tapu Bulu|29\/100 tox|[from] Stealth Rock\n|-fieldstart|move: Grassy Terrain|[from] ability: Grassy Surge|[of] p2a: Tapu Bulu\n|move|p1a: Chansey|Soft-Boiled|p1a: Chansey\n|-heal|p1a: Chansey|100\/100\n|\n|-heal|p2a: Tapu Bulu|35\/100 tox|[from] Grassy Terrain\n|-damage|p2a: Tapu Bulu|29\/100 tox|[from] psn\n|upkeep\n|turn|21|\n|switch|p1a: Venusaur|Venusaur, F|100\/100\n|-damage|p1a: Venusaur|88\/100|[from] Stealth Rock\n|-damage|p1a: Venusaur|63\/100|[from] Spikes\n|move|p2a: Tapu Bulu|Nature's Madness|p1a: Venusaur\n|-damage|p1a: Venusaur|32\/100\n|\n|-heal|p2a: Tapu Bulu|35\/100 tox|[from] Grassy Terrain\n|-heal|p1a: Venusaur|38\/100|[from] Grassy Terrain\n|-damage|p2a: Tapu Bulu|23\/100 tox|[from] psn\n|upkeep\n|turn|22\n|inactive|Century Express has 135 seconds left.|\n|switch|p2a: Latios|Latios, M|100\/100\n|-damage|p2a: Latios|88\/100|[from] Stealth Rock\n|-mega|p1a: Venusaur|Venusaur|Venusaurite\n|detailschange|p1a: Venusaur|Venusaur-Mega, F\n|move|p1a: Venusaur|Synthesis|p1a: Venusaur\n|-heal|p1a: Venusaur|88\/100\n|\n|-heal|p1a: Venusaur|94\/100|[from] Grassy Terrain\n|upkeep\n|turn|23\n|inactive|Century Express has 135 seconds left.|\n|switch|p2a: Landorus|Landorus-Therian, M|24\/100\n|-damage|p2a: Landorus|11\/100|[from] Stealth Rock\n|-ability|p2a: Landorus|Intimidate|boost\n|-unboost|p1a: Venusaur|atk|1\n|move|p1a: Venusaur|Sludge Bomb|p2a: Landorus\n|-resisted|p2a: Landorus\n|-damage|p2a: Landorus|0 fnt\n|faint|p2a: Landorus\n|\n|-heal|p1a: Venusaur|99\/100|[from] Grassy Terrain\n|upkeep|\n|switch|p2a: Latios|Latios, M|88\/100\n|-damage|p2a: Latios|76\/100|[from] Stealth Rock\n|turn|24|\n|switch|p1a: Bisharp|Bisharp, F|100\/100\n|-damage|p1a: Bisharp|76\/100|[from] Spikes\n|-damage|p1a: Bisharp|70\/100|[from] Stealth Rock\n|move|p2a: Latios|Psyshock|p1a: Bisharp\n|-immune|p1a: Bisharp|[msg]\n|\n|-heal|p1a: Bisharp|76\/100|[from] item: Leftovers\n|-heal|p1a: Bisharp|82\/100|[from] Grassy Terrain\n|-fieldend|move: Grassy Terrain\n|upkeep\n|turn|25|\n|switch|p2a: Tapu Bulu|Tapu Bulu|23\/100 tox\n|-damage|p2a: Tapu Bulu|10\/100 tox|[from] Stealth Rock\n|-damage|p2a: Tapu Bulu|0 fnt|[from] Spikes\n|faint|p2a: Tapu Bulu\n|move|p1a: Bisharp|Knock Off|p2: Tapu Bulu|[notarget]\n|-notarget\n|\n|-heal|p1a: Bisharp|88\/100|[from] item: Leftovers\n|upkeep|\n|switch|p2a: Magearna|Magearna|82\/100\n|-damage|p2a: Magearna|57\/100|[from] Spikes\n|-damage|p2a: Magearna|51\/100|[from] Stealth Rock\n|turn|26|\n|switch|p1a: Chansey|Chansey, F|100\/100\n|-damage|p1a: Chansey|88\/100|[from] Stealth Rock\n|-damage|p1a: Chansey|63\/100|[from] Spikes\n|-zpower|p2a: Magearna\n|move|p2a: Magearna|Twinkle Tackle|p1a: Chansey|[zeffect]\n|-damage|p1a: Chansey|37\/100\n|\n|upkeep\n|turn|27\n|-message|Century Express forfeited.\n|\n|win|Moskito Cup\n|l|\u2606Century Express\n|raw|Moskito Cup's rating: 2023 &rarr; <strong>2038<\/strong><br \/>(+15 for winning)\n|raw|Century Express's rating: 1935 &rarr; <strong>1920<\/strong><br \/>(-15 for losing)\n|c|\u2606Moskito Cup|\/log Moskito Cup made this room public.\n","inputlog":null,"uploadtime":1514467392,"views":324,"p1id":"moskitocup","p2id":"centuryexpress","formatid":"gen7ou","rating":1920,"private":0,"password":null}