{"id":"gen7randombattle-1573840978","p1":"JustaSqu1d","p2":"firepunch917","format":"gen7randombattle","log":"|j|\u2606JustaSqu1d\n|j|\u2606firepunch917\n|t:|1652431376\n|gametype|singles\n|player|p1|JustaSqu1d|170|1695\n|player|p2|firepunch917|266|1664\n|teamsize|p1|6\n|teamsize|p2|6\n|gen|7\n|tier|[Gen 7] Random Battle\n|rated|\n|rule|Sleep Clause Mod: Limit one foe put to sleep\n|rule|HP Percentage Mod: HP is shown in percentages\n|\n|t:|1652431376\n|start\n|switch|p1a: Celebi|Celebi, L82|298\/298\n|switch|p2a: Snorlax|Snorlax, L84, M|406\/406\n|turn|1\n|inactive|Battle timer is ON: inactive players will automatically lose when time's up. (requested by JustaSqu1d)\n|\n|t:|1652431382\n|switch|p1a: Medicham|Medicham, L80, F|227\/227\n|move|p2a: Snorlax|Curse|p2a: Snorlax\n|-unboost|p2a: Snorlax|spe|1\n|-boost|p2a: Snorlax|atk|1\n|-boost|p2a: Snorlax|def|1\n|\n|upkeep\n|turn|2\n|\n|t:|1652431387\n|detailschange|p1a: Medicham|Medicham-Mega, L80, F\n|-mega|p1a: Medicham|Medicham|Medichamite\n|move|p1a: Medicham|High Jump Kick|p2a: Snorlax\n|-supereffective|p2a: Snorlax\n|-damage|p2a: Snorlax|0 fnt\n|faint|p2a: Snorlax\n|\n|upkeep\n|\n|t:|1652431397\n|switch|p2a: Latios|Latios, L82, M|265\/265\n|turn|3\n|\n|t:|1652431401\n|detailschange|p2a: Latios|Latios-Mega, L82, M\n|-mega|p2a: Latios|Latios|Latiosite\n|move|p2a: Latios|Calm Mind|p2a: Latios\n|-boost|p2a: Latios|spa|1\n|-boost|p2a: Latios|spd|1\n|move|p1a: Medicham|Ice Punch|p2a: Latios\n|-supereffective|p2a: Latios\n|-damage|p2a: Latios|67\/265\n|\n|upkeep\n|turn|4\n|\n|t:|1652431404\n|move|p2a: Latios|Psyshock|p1a: Medicham\n|-damage|p1a: Medicham|47\/227\n|move|p1a: Medicham|Zen Headbutt|p2a: Latios\n|-resisted|p2a: Latios\n|-damage|p2a: Latios|0 fnt\n|faint|p2a: Latios\n|\n|upkeep\n|-message|firepunch917 forfeited.\n|\n|win|JustaSqu1d\n|raw|JustaSqu1d's rating: 1695 &rarr; <strong>1713<\/strong><br \/>(+18 for winning)\n|raw|firepunch917's rating: 1664 &rarr; <strong>1646<\/strong><br \/>(-18 for losing)\n","inputlog":">version 531b2bb4d145e24dce8d55480c78bcd528fa7770\n>start {\"formatid\":\"gen7randombattle\",\"seed\":[49343,49358,58876,46487],\"rated\":\"Rated battle\"}\n>player p1 {\"name\":\"JustaSqu1d\",\"avatar\":\"170\",\"rating\":1695,\"seed\":[48699,20865,26206,62567]}\n>player p2 {\"name\":\"firepunch917\",\"avatar\":\"266\",\"rating\":1664,\"seed\":[10522,61957,34819,61775]}\n>p1 switch 5\n>p2 move curse\n>p1 move highjumpkick mega\n>p2 move bodyslam\n>p2 switch 3\n>p1 move icepunch\n>p2 move calmmind mega\n>p1 move zenheadbutt\n>p2 move psyshock\n>forcelose p2","uploadtime":1652431409,"views":5,"p1id":"justasqu1d","p2id":"firepunch917","formatid":"gen7randombattle","rating":1646,"private":0,"password":null}