{"id":"gen7ou-684994149","p1":"hauntersnightmare","p2":"alphxlord","format":"gen7ou","log":"|j|\u2606hauntersnightmare\n|j|\u2606alphxlord\n|player|p1|hauntersnightmare|266\n|teamsize|p1|6\n|player|p2|alphxlord|110\n|teamsize|p2|6\n|gametype|singles\n|gen|7\n|tier|[Gen 7] OU\n|rated||rule|Sleep Clause Mod: Limit one foe put to sleep\n|rule|Species Clause: Limit one of each Pok\u00e9mon\n|rule|OHKO Clause: OHKO moves are banned\n|rule|Moody Clause: Moody is banned\n|rule|Evasion Moves Clause: Evasion moves are banned\n|rule|Endless Battle Clause: Forcing endless battles is banned\n|rule|HP Percentage Mod: HP is shown in percentages\n|clearpoke\n|poke|p1|Magearna|item\n|poke|p1|Zapdos|item\n|poke|p1|Landorus-Therian, M|item\n|poke|p1|Scizor, F|item\n|poke|p1|Toxapex, F|item\n|poke|p1|Greninja, M|item\n|poke|p2|Tapu Lele|item\n|poke|p2|Heatran, M|item\n|poke|p2|Pelipper, F|item\n|poke|p2|Swampert, F|item\n|poke|p2|Ferrothorn, F|item\n|poke|p2|Alakazam, M|item\n|teampreview|\n|start\n|switch|p1a: Toxapex|Toxapex, F|100\/100\n|switch|p2a: Heatran|Heatran, M|100\/100\n|turn|1\n|inactive|Battle timer is ON: inactive players will automatically lose when time's up. (requested by alphxlord)|\n|move|p2a: Heatran|Stealth Rock|p1a: Toxapex\n|-sidestart|p1: hauntersnightmare|move: Stealth Rock\n|move|p1a: Toxapex|Toxic Spikes|p2a: Heatran\n|-sidestart|p2: alphxlord|move: Toxic Spikes\n|\n|upkeep\n|turn|2|\n|switch|p2a: Ferrothorn|Ferrothorn, F|100\/100\n|move|p1a: Toxapex|Toxic Spikes|p2a: Ferrothorn\n|-sidestart|p2: alphxlord|move: Toxic Spikes\n|\n|upkeep\n|turn|3|\n|switch|p1a: Landorus|Landorus-Therian, M|100\/100\n|-damage|p1a: Landorus|88\/100|[from] Stealth Rock\n|-ability|p1a: Landorus|Intimidate|boost\n|-unboost|p2a: Ferrothorn|atk|1\n|move|p2a: Ferrothorn|Leech Seed|p1a: Landorus\n|-start|p1a: Landorus|move: Leech Seed\n|\n|-damage|p1a: Landorus|76\/100|[from] Leech Seed|[of] p2a: Ferrothorn\n|upkeep\n|turn|4\n|inactive|alphxlord has 135 seconds left.|\n|move|p1a: Landorus|Stealth Rock|p2a: Ferrothorn\n|-sidestart|p2: alphxlord|move: Stealth Rock\n|move|p2a: Ferrothorn|Spikes|p1a: Landorus\n|-sidestart|p1: hauntersnightmare|Spikes\n|\n|-damage|p1a: Landorus|64\/100|[from] Leech Seed|[of] p2a: Ferrothorn\n|upkeep\n|turn|5|\n|move|p2a: Ferrothorn|Protect|p2a: Ferrothorn\n|-singleturn|p2a: Ferrothorn|Protect\n|move|p1a: Landorus|U-turn|p2a: Ferrothorn\n|-activate|p2a: Ferrothorn|move: Protect\n|\n|-damage|p1a: Landorus|51\/100|[from] Leech Seed|[of] p2a: Ferrothorn\n|upkeep\n|turn|6|\n|switch|p1a: Magearna|Magearna|100\/100\n|-damage|p1a: Magearna|88\/100|[from] Spikes\n|-damage|p1a: Magearna|82\/100|[from] Stealth Rock\n|move|p2a: Ferrothorn|Spikes|p1a: Magearna\n|-sidestart|p1: hauntersnightmare|Spikes\n|\n|upkeep\n|turn|7|\n|switch|p2a: Heatran|Heatran, M|100\/100\n|-damage|p2a: Heatran|88\/100|[from] Stealth Rock\n|move|p1a: Magearna|Hidden Power|p2a: Heatran\n|-start|p2a: Heatran|ability: Flash Fire\n|\n|-heal|p2a: Heatran|94\/100|[from] item: Leftovers\n|upkeep\n|turn|8|\n|move|p1a: Magearna|Volt Switch|p2a: Heatran\n|-damage|p2a: Heatran|83\/100|\n|switch|p1a: Toxapex|Toxapex, F|100\/100\n|-damage|p1a: Toxapex|84\/100|[from] Spikes\n|-damage|p1a: Toxapex|72\/100|[from] Stealth Rock\n|move|p2a: Heatran|Lava Plume|p1a: Toxapex\n|-resisted|p1a: Toxapex\n|-damage|p1a: Toxapex|56\/100\n|-status|p1a: Toxapex|brn\n|\n|-heal|p2a: Heatran|89\/100|[from] item: Leftovers\n|-heal|p1a: Toxapex|62\/100 brn|[from] item: Black Sludge\n|-damage|p1a: Toxapex|56\/100 brn|[from] brn\n|upkeep\n|turn|9|\n|-end|p2a: Heatran|ability: Flash Fire|[silent]\n|switch|p2a: Ferrothorn|Ferrothorn, F|100\/100\n|-damage|p2a: Ferrothorn|94\/100|[from] Stealth Rock\n|move|p1a: Toxapex|Recover|p1a: Toxapex\n|-heal|p1a: Toxapex|100\/100 brn\n|\n|-heal|p2a: Ferrothorn|100\/100|[from] item: Leftovers\n|-damage|p1a: Toxapex|95\/100 brn|[from] brn\n|upkeep\n|turn|10|\n|move|p1a: Toxapex|Scald|p2a: Ferrothorn\n|-resisted|p2a: Ferrothorn\n|-damage|p2a: Ferrothorn|95\/100\n|-status|p2a: Ferrothorn|brn\n|move|p2a: Ferrothorn|Leech Seed|p1a: Toxapex\n|-start|p1a: Toxapex|move: Leech Seed\n|\n|-heal|p1a: Toxapex|100\/100 brn|[from] item: Black Sludge\n|-heal|p2a: Ferrothorn|100\/100 brn|[from] item: Leftovers\n|-damage|p1a: Toxapex|88\/100 brn|[from] Leech Seed|[of] p2a: Ferrothorn\n|-damage|p1a: Toxapex|82\/100 brn|[from] brn\n|-damage|p2a: Ferrothorn|94\/100 brn|[from] brn\n|upkeep\n|turn|11|\n|switch|p1a: Zapdos|Zapdos|100\/100\n|-damage|p1a: Zapdos|76\/100|[from] Stealth Rock\n|move|p2a: Ferrothorn|Spikes|p1a: Zapdos\n|-sidestart|p1: hauntersnightmare|Spikes\n|\n|-heal|p2a: Ferrothorn|100\/100 brn|[from] item: Leftovers\n|-damage|p2a: Ferrothorn|94\/100 brn|[from] brn\n|upkeep\n|turn|12|\n|-zpower|p1a: Zapdos\n|move|p1a: Zapdos|Gigavolt Havoc|p2a: Ferrothorn|[zeffect]\n|-resisted|p2a: Ferrothorn\n|-damage|p2a: Ferrothorn|63\/100 brn\n|move|p2a: Ferrothorn|Leech Seed|p1a: Zapdos|[miss]\n|-miss|p2a: Ferrothorn|p1a: Zapdos\n|\n|-heal|p2a: Ferrothorn|69\/100 brn|[from] item: Leftovers\n|-damage|p2a: Ferrothorn|63\/100 brn|[from] brn\n|upkeep\n|turn|13|\n|switch|p2a: Heatran|Heatran, M|89\/100\n|-damage|p2a: Heatran|76\/100|[from] Stealth Rock\n|move|p1a: Zapdos|Heat Wave|p2a: Heatran\n|-start|p2a: Heatran|ability: Flash Fire\n|\n|-heal|p2a: Heatran|83\/100|[from] item: Leftovers\n|upkeep\n|turn|14|\n|switch|p1a: Greninja|Greninja, M|100\/100\n|-damage|p1a: Greninja|76\/100|[from] Spikes\n|-damage|p1a: Greninja|63\/100|[from] Stealth Rock\n|move|p2a: Heatran|Lava Plume|p1a: Greninja\n|-resisted|p1a: Greninja\n|-damage|p1a: Greninja|20\/100\n|\n|-heal|p2a: Heatran|89\/100|[from] item: Leftovers\n|upkeep\n|turn|15|\n|move|p2a: Heatran|Protect|p2a: Heatran\n|-singleturn|p2a: Heatran|Protect\n|move|p1a: Greninja|Spikes|p2a: Heatran\n|-start|p1a: Greninja|typechange|Ground|[from] Protean\n|-sidestart|p2: alphxlord|Spikes\n|\n|-heal|p2a: Heatran|95\/100|[from] item: Leftovers\n|upkeep\n|turn|16|\n|move|p1a: Greninja|Spikes|p2a: Heatran\n|-sidestart|p2: alphxlord|Spikes\n|move|p2a: Heatran|Lava Plume|p1a: Greninja\n|-damage|p1a: Greninja|0 fnt\n|faint|p1a: Greninja\n|\n|-heal|p2a: Heatran|100\/100|[from] item: Leftovers\n|upkeep|\n|switch|p1a: Landorus|Landorus-Therian, M|51\/100\n|-damage|p1a: Landorus|39\/100|[from] Stealth Rock\n|-ability|p1a: Landorus|Intimidate|boost\n|-unboost|p2a: Heatran|atk|1\n|turn|17|\n|-end|p2a: Heatran|ability: Flash Fire|[silent]\n|switch|p2a: Pelipper|Pelipper, F|100\/100\n|-damage|p2a: Pelipper|76\/100|[from] Stealth Rock\n|-weather|RainDance|[from] ability: Drizzle|[of] p2a: Pelipper\n|move|p1a: Landorus|U-turn|p2a: Pelipper\n|-resisted|p2a: Pelipper\n|-damage|p2a: Pelipper|65\/100|\n|switch|p1a: Magearna|Magearna|82\/100\n|-damage|p1a: Magearna|76\/100|[from] Stealth Rock\n|-damage|p1a: Magearna|51\/100|[from] Spikes\n|\n|-weather|RainDance|[upkeep]\n|upkeep\n|turn|18|\n|switch|p2a: Ferrothorn|Ferrothorn, F|63\/100 brn\n|-damage|p2a: Ferrothorn|46\/100 brn|[from] Spikes\n|-damage|p2a: Ferrothorn|40\/100 brn|[from] Stealth Rock\n|move|p1a: Magearna|Fleur Cannon|p2a: Ferrothorn\n|-resisted|p2a: Ferrothorn\n|-damage|p2a: Ferrothorn|21\/100 brn\n|-unboost|p1a: Magearna|spa|2\n|\n|-weather|RainDance|[upkeep]\n|-heal|p2a: Ferrothorn|27\/100 brn|[from] item: Leftovers\n|-damage|p2a: Ferrothorn|21\/100 brn|[from] brn\n|upkeep\n|turn|19|\n|move|p1a: Magearna|Hidden Power|p2a: Ferrothorn\n|-supereffective|p2a: Ferrothorn\n|-damage|p2a: Ferrothorn|9\/100 brn\n|move|p2a: Ferrothorn|Leech Seed|p1a: Magearna\n|-start|p1a: Magearna|move: Leech Seed\n|\n|-weather|RainDance|[upkeep]\n|-heal|p2a: Ferrothorn|15\/100 brn|[from] item: Leftovers\n|-damage|p1a: Magearna|39\/100|[from] Leech Seed|[of] p2a: Ferrothorn\n|-heal|p2a: Ferrothorn|28\/100 brn|[silent]\n|-damage|p2a: Ferrothorn|22\/100 brn|[from] brn\n|upkeep\n|turn|20|\n|switch|p1a: Scizor|Scizor, F|100\/100\n|-damage|p1a: Scizor|76\/100|[from] Spikes\n|-damage|p1a: Scizor|63\/100|[from] Stealth Rock\n|move|p2a: Ferrothorn|Leech Seed|p1a: Scizor\n|-start|p1a: Scizor|move: Leech Seed\n|\n|-weather|RainDance|[upkeep]\n|-heal|p2a: Ferrothorn|28\/100 brn|[from] item: Leftovers\n|-damage|p1a: Scizor|51\/100|[from] Leech Seed|[of] p2a: Ferrothorn\n|-heal|p2a: Ferrothorn|40\/100 brn|[silent]\n|-damage|p2a: Ferrothorn|33\/100 brn|[from] brn\n|upkeep\n|turn|21|\n|switch|p2a: Heatran|Heatran, M|100\/100\n|-damage|p2a: Heatran|84\/100|[from] Spikes\n|-damage|p2a: Heatran|71\/100|[from] Stealth Rock\n|-mega|p1a: Scizor|Scizor|Scizorite\n|detailschange|p1a: Scizor|Scizor-Mega, F\n|move|p1a: Scizor|Roost|p1a: Scizor\n|-heal|p1a: Scizor|100\/100\n|\n|-weather|RainDance|[upkeep]\n|-heal|p2a: Heatran|78\/100|[from] item: Leftovers\n|-damage|p1a: Scizor|88\/100|[from] Leech Seed|[of] p2a: Heatran\n|-heal|p2a: Heatran|89\/100|[silent]\n|upkeep\n|turn|22|\n|switch|p1a: Toxapex|Toxapex, F|100\/100 brn\n|-damage|p1a: Toxapex|76\/100 brn|[from] Spikes\n|-damage|p1a: Toxapex|64\/100 brn|[from] Stealth Rock\n|move|p2a: Heatran|Lava Plume|p1a: Toxapex\n|-resisted|p1a: Toxapex\n|-damage|p1a: Toxapex|58\/100 brn\n|\n|-weather|RainDance|[upkeep]\n|-heal|p2a: Heatran|95\/100|[from] item: Leftovers\n|-heal|p1a: Toxapex|64\/100 brn|[from] item: Black Sludge\n|-damage|p1a: Toxapex|58\/100 brn|[from] brn\n|upkeep\n|turn|23|\n|switch|p2a: Ferrothorn|Ferrothorn, F|33\/100 brn\n|-damage|p2a: Ferrothorn|17\/100 brn|[from] Spikes\n|-damage|p2a: Ferrothorn|11\/100 brn|[from] Stealth Rock\n|move|p1a: Toxapex|Recover|p1a: Toxapex\n|-heal|p1a: Toxapex|100\/100 brn\n|\n|-weather|RainDance|[upkeep]\n|-heal|p2a: Ferrothorn|17\/100 brn|[from] item: Leftovers\n|-damage|p1a: Toxapex|95\/100 brn|[from] brn\n|-damage|p2a: Ferrothorn|11\/100 brn|[from] brn\n|upkeep\n|turn|24|\n|move|p1a: Toxapex|Scald|p2a: Ferrothorn\n|-resisted|p2a: Ferrothorn\n|-damage|p2a: Ferrothorn|2\/100 brn\n|move|p2a: Ferrothorn|Leech Seed|p1a: Toxapex\n|-start|p1a: Toxapex|move: Leech Seed\n|\n|-weather|none\n|-heal|p1a: Toxapex|100\/100 brn|[from] item: Black Sludge\n|-heal|p2a: Ferrothorn|8\/100 brn|[from] item: Leftovers\n|-damage|p1a: Toxapex|88\/100 brn|[from] Leech Seed|[of] p2a: Ferrothorn\n|-heal|p2a: Ferrothorn|19\/100 brn|[silent]\n|-damage|p1a: Toxapex|82\/100 brn|[from] brn\n|-damage|p2a: Ferrothorn|13\/100 brn|[from] brn\n|upkeep\n|turn|25|\n|switch|p1a: Landorus|Landorus-Therian, M|39\/100\n|-damage|p1a: Landorus|27\/100|[from] Stealth Rock\n|-ability|p1a: Landorus|Intimidate|boost\n|-unboost|p2a: Ferrothorn|atk|1\n|switch|p2a: Tapu Lele|Tapu Lele|100\/100\n|-damage|p2a: Tapu Lele|84\/100|[from] Spikes\n|-damage|p2a: Tapu Lele|72\/100|[from] Stealth Rock\n|-status|p2a: Tapu Lele|tox\n|-fieldstart|move: Psychic Terrain|[from] ability: Psychic Surge|[of] p2a: Tapu Lele\n|\n|-damage|p2a: Tapu Lele|66\/100 tox|[from] psn\n|upkeep\n|turn|26\n|inactive|hauntersnightmare has 135 seconds left.|\n|switch|p2a: Ferrothorn|Ferrothorn, F|13\/100 brn\n|-damage|p2a: Ferrothorn|0 fnt|[from] Spikes\n|faint|p2a: Ferrothorn\n|switch|p1a: Magearna|Magearna|39\/100\n|-damage|p1a: Magearna|14\/100|[from] Spikes\n|-damage|p1a: Magearna|8\/100|[from] Stealth Rock\n|\n|upkeep|\n|switch|p2a: Alakazam|Alakazam, M|100\/100\n|-status|p2a: Alakazam|tox\n|turn|27|\n|move|p2a: Alakazam|Psychic|p1a: Magearna\n|-resisted|p1a: Magearna\n|-damage|p1a: Magearna|0 fnt\n|faint|p1a: Magearna\n|\n|upkeep|\n|switch|p1a: Scizor|Scizor-Mega, F|88\/100\n|-damage|p1a: Scizor|63\/100|[from] Spikes\n|-damage|p1a: Scizor|51\/100|[from] Stealth Rock\n|turn|28|\n|move|p2a: Alakazam|Hidden Power|p1a: Scizor\n|-supereffective|p1a: Scizor\n|-damage|p1a: Scizor|0 fnt\n|faint|p1a: Scizor\n|\n|upkeep|\n|switch|p1a: Zapdos|Zapdos|76\/100\n|-damage|p1a: Zapdos|51\/100|[from] Stealth Rock\n|turn|29|\n|move|p2a: Alakazam|Psychic|p1a: Zapdos\n|-damage|p1a: Zapdos|0 fnt\n|faint|p1a: Zapdos\n|\n|-fieldend|move: Psychic Terrain\n|upkeep\n|-message|hauntersnightmare forfeited.\n|\n|win|alphxlord\n|l|\u2606hauntersnightmare\n|raw|hauntersnightmare's rating: 1429 &rarr; <strong>1410<\/strong><br \/>(-19 for losing)\n|raw|alphxlord's rating: 1446 &rarr; <strong>1465<\/strong><br \/>(+19 for winning)\n","inputlog":null,"uploadtime":1515265370,"views":10,"p1id":"hauntersnightmare","p2id":"alphxlord","formatid":"gen7ou","rating":1410,"private":0,"password":null}