{"id":"gen71v1-946394430","p1":"Bhrake","p2":"Flashybee","format":"gen71v1","log":"|j|\u2606Bhrake\n|j|\u2606Flashybee\n|player|p1|Bhrake|264|1652\n|player|p2|Flashybee|70|1515\n|teamsize|p1|3\n|teamsize|p2|3\n|gametype|singles\n|gen|7\n|tier|[Gen 7] 1v1\n|rated|\n|rule|Species Clause: Limit one of each Pok\u00e9mon\n|rule|Moody Clause: Moody is banned\n|rule|OHKO Clause: OHKO moves are banned\n|rule|Evasion Moves Clause: Evasion moves are banned\n|rule|Accuracy Moves Clause: Accuracy-lowering moves are banned\n|rule|Swagger Clause: Swagger is banned\n|rule|Endless Battle Clause: Forcing endless battles is banned\n|rule|HP Percentage Mod: HP is shown in percentages\n|clearpoke\n|poke|p1|Gengar, F|item\n|poke|p1|Hoopa-Unbound|item\n|poke|p1|Marowak-Alola, F|item\n|poke|p2|Lucario, F|item\n|poke|p2|Conkeldurr, M|item\n|poke|p2|Altaria, M|item\n|teampreview|1\n|\n|start\n|switch|p1a: Hoopa|Hoopa-Unbound|100\/100\n|switch|p2a: Lucario|Lucario, F|100\/100\n|turn|1\n|\n|detailschange|p2a: Lucario|Lucario-Mega, F\n|-mega|p2a: Lucario|Lucario|Lucarionite\n|move|p1a: Hoopa|Hyperspace Hole|p2a: Lucario\n|-damage|p2a: Lucario|22\/100\n|move|p2a: Lucario|Meteor Mash|p1a: Hoopa\n|-damage|p1a: Hoopa|17\/100\n|\n|upkeep\n|turn|2\n|\n|move|p1a: Hoopa|Hyperspace Hole|p2a: Lucario\n|-damage|p2a: Lucario|0 fnt\n|faint|p2a: Lucario\n|\n|win|Bhrake\n|l|\u2606Flashybee\n|raw|Bhrake's rating: 1652 &rarr; <strong>1665<\/strong><br \/>(+13 for winning)\n|raw|Flashybee's rating: 1515 &rarr; <strong>1502<\/strong><br \/>(-13 for losing)\n","uploadtime":1563394641,"views":1,"p1id":"bhrake","p2id":"flashybee","formatid":"gen71v1","rating":1502,"private":0,"password":null}