{"id":"gen7ou-679612907","p1":"Max_97","p2":"Moskito Cup","format":"gen7ou","log":"|raw|<div class=\"broadcast-red\"><strong>This battle is invite-only!<\/strong><br \/>Users must be rank + or invited with <code>\/invite<\/code> to join<\/div>\n|j|\u2606Max_97\n|j|\u2606Moskito Cup\n|player|p1|Max_97|1\n|teamsize|p1|6\n|player|p2|Moskito Cup|68\n|teamsize|p2|6\n|gametype|singles\n|gen|7\n|tier|[Gen 7] OU\n|rated||rule|Sleep Clause Mod: Limit one foe put to sleep\n|rule|Species Clause: Limit one of each Pok\u00e9mon\n|rule|OHKO Clause: OHKO moves are banned\n|rule|Moody Clause: Moody is banned\n|rule|Evasion Moves Clause: Evasion moves are banned\n|rule|Endless Battle Clause: Forcing endless battles is banned\n|rule|HP Percentage Mod: HP is shown in percentages\n|clearpoke\n|poke|p1|Scizor, F|item\n|poke|p1|Tapu Fini|item\n|poke|p1|Chansey, F|item\n|poke|p1|Landorus-Therian, M|item\n|poke|p1|Hoopa-Unbound|item\n|poke|p1|Zapdos|item\n|poke|p2|Venusaur, F|item\n|poke|p2|Keldeo-Resolute|item\n|poke|p2|Skarmory, F|item\n|poke|p2|Chansey, F|item\n|poke|p2|Heatran, F|item\n|poke|p2|Bisharp, F|item\n|teampreview\n|inactive|Battle timer is ON: inactive players will automatically lose when time's up. (requested by Moskito Cup)|\n|start\n|switch|p1a: Tapu Fini|Tapu Fini|100\/100\n|switch|p2a: Bisharp|Bisharp, F|100\/100\n|-fieldstart|move: Misty Terrain|[from] ability: Misty Surge|[of] p1a: Tapu Fini\n|turn|1|\n|move|p1a: Tapu Fini|Moonblast|p2a: Bisharp\n|-damage|p2a: Bisharp|58\/100\n|move|p2a: Bisharp|Knock Off|p1a: Tapu Fini\n|-resisted|p1a: Tapu Fini\n|-damage|p1a: Tapu Fini|80\/100\n|-enditem|p1a: Tapu Fini|Leftovers|[from] move: Knock Off|[of] p2a: Bisharp\n|\n|-heal|p2a: Bisharp|64\/100|[from] item: Leftovers\n|upkeep\n|turn|2|\n|move|p1a: Tapu Fini|Moonblast|p2a: Bisharp\n|-damage|p2a: Bisharp|20\/100\n|-unboost|p2a: Bisharp|spa|1\n|-ability|p2a: Bisharp|Defiant|boost\n|-boost|p2a: Bisharp|atk|2\n|move|p2a: Bisharp|Iron Head|p1a: Tapu Fini\n|-damage|p1a: Tapu Fini|13\/100\n|\n|-heal|p2a: Bisharp|26\/100|[from] item: Leftovers\n|upkeep\n|turn|3|\n|move|p2a: Bisharp|Sucker Punch|p1a: Tapu Fini\n|-resisted|p1a: Tapu Fini\n|-damage|p1a: Tapu Fini|0 fnt\n|faint|p1a: Tapu Fini\n|\n|-heal|p2a: Bisharp|32\/100|[from] item: Leftovers\n|upkeep|\n|switch|p1a: Zapdos|Zapdos|100\/100\n|turn|4|\n|switch|p2a: Heatran|Heatran, F|100\/100\n|move|p1a: Zapdos|Heat Wave|p2a: Heatran\n|-start|p2a: Heatran|ability: Flash Fire\n|\n|upkeep\n|turn|5\n|-message|Max_97 forfeited.\n|\n|win|Moskito Cup\n|l|\u2606Max_97\n|raw|Max_97's rating: 1943 &rarr; <strong>1921<\/strong><br \/>(-22 for losing)\n|raw|Moskito Cup's rating: 1915 &rarr; <strong>1936<\/strong><br \/>(+21 for winning)\n|c|\u2606Moskito Cup|\/log Moskito Cup made this room public.\n","inputlog":null,"uploadtime":1514257679,"views":138,"p1id":"max97","p2id":"moskitocup","formatid":"gen7ou","rating":1921,"private":0,"password":null}