{"id":"gen7ou-776568589","p1":"Worstsetsever","p2":"ThisBitchHere","format":"gen7ou","log":"|j|\u2606Worstsetsever\n|j|\u2606ThisBitchHere\n|player|p1|Worstsetsever|101\n|player|p2|ThisBitchHere|78\n|teamsize|p1|6\n|teamsize|p2|6\n|gametype|singles\n|gen|7\n|tier|[Gen 7] OU\n|rated|\n|rule|Sleep Clause Mod: Limit one foe put to sleep\n|rule|Species Clause: Limit one of each Pok\u00e9mon\n|rule|OHKO Clause: OHKO moves are banned\n|rule|Moody Clause: Moody is banned\n|rule|Evasion Moves Clause: Evasion moves are banned\n|rule|Endless Battle Clause: Forcing endless battles is banned\n|rule|HP Percentage Mod: HP is shown in percentages\n|clearpoke\n|poke|p1|Venusaur, M|item\n|poke|p1|Tapu Fini|item\n|poke|p1|Zygarde|item\n|poke|p1|Landorus-Therian, M|item\n|poke|p1|Magearna|item\n|poke|p1|Heatran, F|item\n|poke|p2|Whimsicott, F|item\n|poke|p2|Mimikyu, F|item\n|poke|p2|Medicham, F|item\n|poke|p2|Heatran, M|item\n|poke|p2|Tapu Fini|item\n|poke|p2|Gastrodon, M|item\n|teampreview\n|inactive|Battle timer is ON: inactive players will automatically lose when time's up. (requested by Worstsetsever)\n|inactive|ThisBitchHere has 135 seconds left.\n|\n|start\n|switch|p1a: Toph|Landorus-Therian, M|100\/100\n|switch|p2a: Whimsicott|Whimsicott, F|100\/100\n|-ability|p1a: Toph|Intimidate|boost\n|-unboost|p2a: Whimsicott|atk|1\n|turn|1\n|\n|switch|p2a: Tapu Fini|Tapu Fini|100\/100\n|-fieldstart|move: Misty Terrain|[from] ability: Misty Surge|[of] p2a: Tapu Fini\n|move|p1a: Toph|U-turn|p2a: Tapu Fini\n|-resisted|p2a: Tapu Fini\n|-damage|p2a: Tapu Fini|89\/100\n|\n|switch|p1a: Maggy|Magearna|100\/100\n|\n|upkeep\n|turn|2\n|\n|switch|p2a: Gastrodon|Gastrodon, M|100\/100\n|move|p1a: Maggy|Ice Beam|p2a: Gastrodon\n|-damage|p2a: Gastrodon|81\/100\n|\n|-heal|p2a: Gastrodon|87\/100|[from] item: Leftovers\n|upkeep\n|turn|3\n|\n|switch|p1a: Big Green|Venusaur, M|100\/100\n|move|p2a: Gastrodon|Scald|p1a: Big Green\n|-resisted|p1a: Big Green\n|-damage|p1a: Big Green|90\/100\n|\n|-heal|p2a: Gastrodon|93\/100|[from] item: Leftovers\n|upkeep\n|turn|4\n|\n|switch|p1a: Semiperfect Cell|Zygarde|100\/100\n|-ability|p1a: Semiperfect Cell|Aura Break\n|switch|p2a: Medicham|Medicham, F|100\/100\n|\n|upkeep\n|turn|5\n|\n|detailschange|p2a: Medicham|Medicham-Mega, F\n|-mega|p2a: Medicham|Medicham|Medichamite\n|move|p2a: Medicham|Ice Punch|p1a: Semiperfect Cell\n|-supereffective|p1a: Semiperfect Cell\n|-damage|p1a: Semiperfect Cell|0 fnt\n|faint|p1a: Semiperfect Cell\n|\n|-fieldend|Misty Terrain\n|upkeep\n|-message|Worstsetsever forfeited.\n|\n|win|ThisBitchHere\n|l|\u2606Worstsetsever\n|raw|Worstsetsever's rating: 1600 &rarr; <strong>1577<\/strong><br \/>(-23 for losing)\n|raw|ThisBitchHere's rating: 1548 &rarr; <strong>1571<\/strong><br \/>(+23 for winning)\n","inputlog":null,"uploadtime":1531749277,"views":1,"p1id":"worstsetsever","p2id":"thisbitchhere","formatid":"gen7ou","rating":1571,"private":0,"password":null}