{"id":"gen7ou-685746302","p1":"h4xrm3","p2":"Alolan Aster","format":"gen7ou","log":"|raw|<div class=\"broadcast-red\"><strong>This battle is invite-only!<\/strong><br \/>Users must be rank + or invited with <code>\/invite<\/code> to join<\/div>\n|j|\u2606h4xrm3\n|j|\u2606Alolan Aster\n|player|p1|h4xrm3|169\n|teamsize|p1|6\n|player|p2|Alolan Aster|52\n|teamsize|p2|6\n|gametype|singles\n|gen|7\n|tier|[Gen 7] OU\n|rated||rule|Sleep Clause Mod: Limit one foe put to sleep\n|rule|Species Clause: Limit one of each Pok\u00e9mon\n|rule|OHKO Clause: OHKO moves are banned\n|rule|Moody Clause: Moody is banned\n|rule|Evasion Moves Clause: Evasion moves are banned\n|rule|Endless Battle Clause: Forcing endless battles is banned\n|rule|HP Percentage Mod: HP is shown in percentages\n|clearpoke\n|poke|p1|Venusaur, F|item\n|poke|p1|Keldeo-Resolute|item\n|poke|p1|Skarmory, F|item\n|poke|p1|Chansey, F|item\n|poke|p1|Heatran, F|item\n|poke|p1|Bisharp, F|item\n|poke|p2|Excadrill, M|item\n|poke|p2|Araquanid, F|item\n|poke|p2|Dragonite, M|item\n|poke|p2|Pinsir, M|item\n|poke|p2|Mimikyu, F|item\n|poke|p2|Magnezone|item\n|teampreview\n|inactive|Battle timer is ON: inactive players will automatically lose when time's up. (requested by h4xrm3)\n|inactive|Alolan Aster has 135 seconds left.\n|inactive|Alolan Aster has 120 seconds left.|\n|start\n|switch|p1a: Keldeo|Keldeo-Resolute|100\/100\n|switch|p2a: Magnezone|Magnezone, shiny|100\/100\n|turn|1|\n|switch|p2a: Araquanid|Araquanid, F, shiny|100\/100\n|switch|p1a: Chansey|Chansey, F|100\/100\n|\n|upkeep\n|turn|2\n|inactive|Alolan Aster has 135 seconds left.\n|inactive|h4xrm3 has 135 seconds left.|\n|switch|p1a: Venusaur|Venusaur, F|100\/100\n|move|p2a: Araquanid|Sticky Web|p1a: Venusaur\n|-sidestart|p1: h4xrm3|move: Sticky Web\n|\n|upkeep\n|turn|3|\n|switch|p2a: Excadrill|Excadrill, M|100\/100\n|-ability|p2a: Excadrill|Mold Breaker\n|-mega|p1a: Venusaur|Venusaur|Venusaurite\n|detailschange|p1a: Venusaur|Venusaur-Mega, F\n|move|p1a: Venusaur|Hidden Power|p2a: Excadrill\n|-supereffective|p2a: Excadrill\n|-damage|p2a: Excadrill|56\/100\n|\n|upkeep\n|turn|4|\n|move|p2a: Excadrill|Stealth Rock|p1a: Venusaur\n|-sidestart|p1: h4xrm3|move: Stealth Rock\n|move|p1a: Venusaur|Giga Drain|p2a: Excadrill\n|-damage|p2a: Excadrill|13\/100\n|\n|upkeep\n|turn|5|\n|move|p2a: Excadrill|Earthquake|p1a: Venusaur\n|-damage|p1a: Venusaur|65\/100\n|move|p1a: Venusaur|Giga Drain|p2a: Excadrill\n|-damage|p2a: Excadrill|0 fnt\n|-heal|p1a: Venusaur|71\/100|[from] drain|[of] p2a: Excadrill\n|faint|p2a: Excadrill\n|\n|upkeep|\n|switch|p2a: Pinsir|Pinsir, M|100\/100\n|turn|6|\n|switch|p2a: Magnezone|Magnezone, shiny|100\/100\n|switch|p1a: Skarmory|Skarmory, F|100\/100\n|-damage|p1a: Skarmory|88\/100|[from] Stealth Rock\n|\n|upkeep\n|turn|7|\n|move|p2a: Magnezone|Thunderbolt|p1a: Skarmory\n|-supereffective|p1a: Skarmory\n|-damage|p1a: Skarmory|0 fnt\n|faint|p1a: Skarmory\n|\n|upkeep|\n|switch|p1a: Heatran|Heatran, F|100\/100\n|-damage|p1a: Heatran|88\/100|[from] Stealth Rock\n|-activate|p1a: Heatran|move: Sticky Web\n|-unboost|p1a: Heatran|spe|1\n|turn|8\n|inactive|Alolan Aster has 135 seconds left.|\n|switch|p2a: Dragonite|Dragonite, M|100\/100\n|move|p1a: Heatran|Stealth Rock|p2a: Dragonite\n|-sidestart|p2: Alolan Aster|move: Stealth Rock\n|\n|-heal|p1a: Heatran|94\/100|[from] item: Leftovers\n|upkeep\n|turn|9|\n|move|p2a: Dragonite|Dragon Dance|p2a: Dragonite\n|-boost|p2a: Dragonite|atk|1\n|-boost|p2a: Dragonite|spe|1\n|move|p1a: Heatran|Toxic|p2a: Dragonite\n|-status|p2a: Dragonite|tox\n|\n|-heal|p1a: Heatran|100\/100|[from] item: Leftovers\n|-damage|p2a: Dragonite|94\/100 tox|[from] psn\n|upkeep\n|turn|10|\n|switch|p1a: Chansey|Chansey, F|100\/100\n|-damage|p1a: Chansey|88\/100|[from] Stealth Rock\n|-activate|p1a: Chansey|move: Sticky Web\n|-unboost|p1a: Chansey|spe|1\n|move|p2a: Dragonite|Earthquake|p1a: Chansey\n|-damage|p1a: Chansey|54\/100\n|\n|-damage|p2a: Dragonite|82\/100 tox|[from] psn\n|upkeep\n|turn|11|\n|-zpower|p2a: Dragonite\n|move|p2a: Dragonite|Devastating Drake|p1a: Chansey|[zeffect]\n|-damage|p1a: Chansey|0 fnt\n|faint|p1a: Chansey\n|\n|-damage|p2a: Dragonite|63\/100 tox|[from] psn\n|upkeep|\n|switch|p1a: Venusaur|Venusaur-Mega, F|71\/100\n|-activate|p1a: Venusaur|move: Sticky Web\n|-unboost|p1a: Venusaur|spe|1\n|-damage|p1a: Venusaur|59\/100|[from] Stealth Rock\n|turn|12|\n|move|p2a: Dragonite|Outrage|p1a: Venusaur\n|-damage|p1a: Venusaur|2\/100\n|move|p1a: Venusaur|Synthesis|p1a: Venusaur\n|-heal|p1a: Venusaur|52\/100\n|\n|-damage|p2a: Dragonite|39\/100 tox|[from] psn\n|upkeep\n|turn|13|\n|switch|p1a: Heatran|Heatran, F|100\/100\n|-activate|p1a: Heatran|move: Sticky Web\n|-unboost|p1a: Heatran|spe|1\n|-damage|p1a: Heatran|88\/100|[from] Stealth Rock\n|move|p2a: Dragonite|Outrage|p1a: Heatran|[from]lockedmove\n|-resisted|p1a: Heatran\n|-crit|p1a: Heatran\n|-damage|p1a: Heatran|25\/100\n|\n|-heal|p1a: Heatran|31\/100|[from] item: Leftovers\n|-damage|p2a: Dragonite|8\/100 tox|[from] psn\n|upkeep\n|turn|14|\n|move|p2a: Dragonite|Outrage|p1a: Heatran|[from]lockedmove\n|-resisted|p1a: Heatran\n|-damage|p1a: Heatran|0 fnt\n|-start|p2a: Dragonite|confusion|[fatigue]\n|faint|p1a: Heatran\n|\n|-damage|p2a: Dragonite|0 fnt|[from] psn\n|upkeep\n|faint|p2a: Dragonite|\n|switch|p2a: Pinsir|Pinsir, M|100\/100\n|switch|p1a: Bisharp|Bisharp, F|100\/100\n|-damage|p2a: Pinsir|76\/100|[from] Stealth Rock\n|-activate|p1a: Bisharp|move: Sticky Web\n|-unboost|p1a: Bisharp|spe|1\n|-ability|p1a: Bisharp|Defiant|boost\n|-boost|p1a: Bisharp|atk|2\n|-damage|p1a: Bisharp|94\/100|[from] Stealth Rock\n|turn|15\n|inactive|Alolan Aster has 135 seconds left.|\n|switch|p2a: Magnezone|Magnezone, shiny|100\/100\n|-damage|p2a: Magnezone|94\/100|[from] Stealth Rock\n|move|p1a: Bisharp|Iron Head|p2a: Magnezone\n|-resisted|p2a: Magnezone\n|-damage|p2a: Magnezone|70\/100\n|\n|-heal|p1a: Bisharp|100\/100|[from] item: Leftovers\n|upkeep\n|turn|16|\n|move|p1a: Bisharp|Sucker Punch|p2a: Magnezone\n|-damage|p2a: Magnezone|0 fnt\n|faint|p2a: Magnezone\n|\n|upkeep\n|inactive|Alolan Aster has 135 seconds left.\n|inactive|Alolan Aster has 120 seconds left.\n|inactive|Alolan Aster has 105 seconds left.|\n|switch|p2a: Mimikyu|Mimikyu, F|100\/100\n|-damage|p2a: Mimikyu|88\/100|[from] Stealth Rock\n|turn|17|\n|move|p2a: Mimikyu|Play Rough|p1a: Bisharp\n|-damage|p1a: Bisharp|49\/100\n|-damage|p2a: Mimikyu|78\/100|[from] item: Life Orb\n|move|p1a: Bisharp|Knock Off|p2a: Mimikyu\n|-activate|p2a: Mimikyu|ability: Disguise\n|-damage|p2a: Mimikyu|78\/100\n|-enditem|p2a: Mimikyu|Life Orb|[from] move: Knock Off|[of] p1a: Bisharp\n|detailschange|p2a: Mimikyu|Mimikyu-Busted, F\n|\n|-heal|p1a: Bisharp|55\/100|[from] item: Leftovers\n|upkeep\n|turn|18|\n|move|p2a: Mimikyu|Swords Dance|p2a: Mimikyu\n|-boost|p2a: Mimikyu|atk|2\n|move|p1a: Bisharp|Iron Head|p2a: Mimikyu\n|-supereffective|p2a: Mimikyu\n|-damage|p2a: Mimikyu|0 fnt\n|faint|p2a: Mimikyu\n|\n|-heal|p1a: Bisharp|61\/100|[from] item: Leftovers\n|upkeep|\n|switch|p2a: Pinsir|Pinsir, M|76\/100\n|-damage|p2a: Pinsir|51\/100|[from] Stealth Rock\n|turn|19|\n|-mega|p2a: Pinsir|Pinsir|Pinsirite\n|detailschange|p2a: Pinsir|Pinsir-Mega, M\n|move|p2a: Pinsir|Swords Dance|p2a: Pinsir\n|-boost|p2a: Pinsir|atk|2\n|move|p1a: Bisharp|Iron Head|p2a: Pinsir\n|-damage|p2a: Pinsir|0 fnt\n|faint|p2a: Pinsir\n|\n|-heal|p1a: Bisharp|67\/100|[from] item: Leftovers\n|upkeep\n|-message|Alolan Aster forfeited.\n|\n|win|h4xrm3\n|l|\u2606Alolan Aster\n|raw|h4xrm3's rating: 1814 &rarr; <strong>1828<\/strong><br \/>(+14 for winning)\n|raw|Alolan Aster's rating: 1701 &rarr; <strong>1688<\/strong><br \/>(-13 for losing)\n|c|\u2606h4xrm3|\/log h4xrm3 made this room public.\n","inputlog":null,"uploadtime":1515407251,"views":10,"p1id":"h4xrm3","p2id":"alolanaster","formatid":"gen7ou","rating":1688,"private":0,"password":null}