{"id":"gen8ou-1667153992","p1":"2(H2O)","p2":"NA Weezing","format":"gen8ou","log":"|j|\u26062(H2O)\n|j|\u2606NA Weezing\n|t:|1663488813\n|gametype|singles\n|player|p1|2(H2O)|chase|1770\n|player|p2|NA Weezing|101|1711\n|teamsize|p1|6\n|teamsize|p2|6\n|gen|8\n|tier|[Gen 8] OU\n|rated|\n|rule|Sleep Clause Mod: Limit one foe put to sleep\n|rule|Species Clause: Limit one of each Pok\u00e9mon\n|rule|OHKO Clause: OHKO moves are banned\n|rule|Evasion Items Clause: Evasion items are banned\n|rule|Evasion Moves Clause: Evasion moves are banned\n|rule|Endless Battle Clause: Forcing endless battles is banned\n|rule|HP Percentage Mod: HP is shown in percentages\n|rule|Dynamax Clause: You cannot dynamax\n|clearpoke\n|poke|p1|Weavile, M|\n|poke|p1|Melmetal|\n|poke|p1|Dragonite, M|\n|poke|p1|Victini|\n|poke|p1|Landorus-Therian, M|\n|poke|p1|Tapu Koko|\n|poke|p2|Corviknight, M|\n|poke|p2|Tornadus-Therian, M|\n|poke|p2|Swoobat, F|\n|poke|p2|Toxapex, F|\n|poke|p2|Shedinja|\n|poke|p2|Clefable, M|\n|teampreview\n|j| kocklanjiaocibai\n|inactive|Battle timer is ON: inactive players will automatically lose when time's up. (requested by 2(H2O))\n|\n|t:|1663488830\n|start\n|switch|p1a: Landorus|Landorus-Therian, M|100\/100\n|switch|p2a: Swoobat|Swoobat, F|100\/100\n|-ability|p1a: Landorus|Intimidate|boost\n|-unboost|p2a: Swoobat|atk|1\n|turn|1\n|\n|t:|1663488835\n|move|p2a: Swoobat|Trick|p1a: Landorus\n|-activate|p2a: Swoobat|move: Trick|[of] p1a: Landorus\n|-item|p1a: Landorus|Assault Vest|[from] move: Trick\n|-item|p2a: Swoobat|Leftovers|[from] move: Trick\n|move|p1a: Landorus|Stealth Rock|p2a: Swoobat\n|-sidestart|p2: NA Weezing|move: Stealth Rock\n|\n|upkeep\n|turn|2\n|\n|t:|1663488840\n|move|p2a: Swoobat|Defog|p1a: Landorus\n|-unboost|p1a: Landorus|evasion|1\n|-sideend|p2: NA Weezing|Stealth Rock|[from] move: Defog|[of] p2a: Swoobat\n|move|p1a: Landorus|U-turn|p2a: Swoobat\n|-damage|p2a: Swoobat|62\/100\n|\n|t:|1663488842\n|switch|p1a: Weavile|Weavile, M|100\/100|[from]move: U-turn\n|-ability|p1a: Weavile|Pressure\n|\n|upkeep\n|turn|3\n|j| visuals boss\n|j| Masaki Suda\n|\n|t:|1663488845\n|switch|p1a: Landorus|Landorus-Therian, M|100\/100\n|-ability|p1a: Landorus|Intimidate|boost\n|-unboost|p2a: Swoobat|atk|1\n|switch|p2a: Toxapex|Toxapex, F|100\/100\n|\n|upkeep\n|turn|4\n|\n|t:|1663488849\n|switch|p2a: Tornadus|Tornadus-Therian, M|100\/100\n|move|p1a: Landorus|U-turn|p2a: Tornadus\n|-resisted|p2a: Tornadus\n|-damage|p2a: Tornadus|88\/100\n|\n|t:|1663488852\n|switch|p1a: Tapu Koko|Tapu Koko|100\/100|[from]move: U-turn\n|-fieldstart|move: Electric Terrain|[from] ability: Electric Surge|[of] p1a: Tapu Koko\n|\n|upkeep\n|turn|5\n|\n|t:|1663488856\n|switch|p2a: Shedinja|Shedinja|100\/100\n|move|p1a: Tapu Koko|Thunderbolt|p2a: Shedinja\n|-immune|p2a: Shedinja|[from] ability: Wonder Guard\n|\n|upkeep\n|turn|6\n|\n|t:|1663488864\n|switch|p1a: Landorus|Landorus-Therian, M|100\/100\n|-ability|p1a: Landorus|Intimidate|boost\n|-unboost|p2a: Shedinja|atk|1\n|move|p2a: Shedinja|Toxic|p1a: Landorus\n|-status|p1a: Landorus|tox\n|\n|-damage|p1a: Landorus|94\/100 tox|[from] psn\n|upkeep\n|turn|7\n|\n|t:|1663488868\n|move|p2a: Shedinja|Protect|p2a: Shedinja\n|-singleturn|p2a: Shedinja|Protect\n|move|p1a: Landorus|U-turn|p2a: Shedinja\n|-activate|p2a: Shedinja|move: Protect\n|\n|-damage|p1a: Landorus|82\/100 tox|[from] psn\n|upkeep\n|turn|8\n|\n|t:|1663488877\n|switch|p2a: Tornadus|Tornadus-Therian, M|100\/100\n|move|p1a: Landorus|U-turn|p2a: Tornadus\n|-resisted|p2a: Tornadus\n|-damage|p2a: Tornadus|89\/100\n|\n|t:|1663488881\n|switch|p1a: Weavile|Weavile, M|100\/100|[from]move: U-turn\n|-ability|p1a: Weavile|Pressure\n|\n|-fieldend|move: Electric Terrain\n|upkeep\n|turn|9\n|\n|t:|1663488884\n|switch|p2a: Toxapex|Toxapex, F|100\/100\n|move|p1a: Weavile|Beat Up|p2a: Toxapex\n|-damage|p2a: Toxapex|92\/100\n|-damage|p2a: Toxapex|82\/100\n|-damage|p2a: Toxapex|74\/100\n|-crit|p2a: Toxapex\n|-damage|p2a: Toxapex|61\/100\n|-damage|p2a: Toxapex|53\/100\n|-hitcount|p2a: Toxapex|5\n|\n|-heal|p2a: Toxapex|60\/100|[from] item: Black Sludge\n|upkeep\n|turn|10\n|\n|t:|1663488894\n|move|p1a: Weavile|Swords Dance|p1a: Weavile\n|-boost|p1a: Weavile|atk|2\n|move|p2a: Toxapex|Recover|p2a: Toxapex\n|-heal|p2a: Toxapex|100\/100\n|\n|upkeep\n|turn|11\n|\n|t:|1663488899\n|move|p1a: Weavile|Beat Up|p2a: Toxapex\n|-damage|p2a: Toxapex|85\/100\n|-damage|p2a: Toxapex|65\/100\n|-damage|p2a: Toxapex|48\/100\n|-damage|p2a: Toxapex|33\/100\n|-damage|p2a: Toxapex|19\/100\n|-hitcount|p2a: Toxapex|5\n|move|p2a: Toxapex|Toxic|p1a: Weavile\n|-status|p1a: Weavile|tox\n|\n|-heal|p2a: Toxapex|25\/100|[from] item: Black Sludge\n|-damage|p1a: Weavile|94\/100 tox|[from] psn\n|upkeep\n|turn|12\n|\n|t:|1663488907\n|switch|p2a: Clefable|Clefable, M|100\/100\n|move|p1a: Weavile|Swords Dance|p1a: Weavile\n|-boost|p1a: Weavile|atk|2\n|\n|-damage|p1a: Weavile|82\/100 tox|[from] psn\n|upkeep\n|turn|13\n|\n|t:|1663488910\n|move|p1a: Weavile|Triple Axel|p2a: Clefable\n|-damage|p2a: Clefable|92\/100\n|-damage|p2a: Clefable|74\/100\n|-damage|p2a: Clefable|50\/100\n|-hitcount|p2a: Clefable|3\n|move|p2a: Clefable|Soft-Boiled|p2a: Clefable\n|-heal|p2a: Clefable|100\/100\n|\n|-damage|p1a: Weavile|64\/100 tox|[from] psn\n|upkeep\n|turn|14\n|\n|t:|1663488917\n|move|p1a: Weavile|Triple Axel|p2a: Clefable\n|-damage|p2a: Clefable|93\/100\n|-damage|p2a: Clefable|77\/100\n|-damage|p2a: Clefable|53\/100\n|-hitcount|p2a: Clefable|3\n|move|p2a: Clefable|Soft-Boiled|p2a: Clefable\n|-heal|p2a: Clefable|100\/100\n|\n|-damage|p1a: Weavile|40\/100 tox|[from] psn\n|upkeep\n|turn|15\n|\n|t:|1663488924\n|switch|p1a: Victini|Victini|100\/100\n|move|p2a: Clefable|Soft-Boiled||[still]\n|-fail|p2a: Clefable|heal\n|\n|upkeep\n|turn|16\n|l| kocklanjiaocibai\n|\n|t:|1663488929\n|move|p1a: Victini|V-create|p2a: Clefable\n|-damage|p2a: Clefable|40\/100\n|-unboost|p1a: Victini|spe|1\n|-unboost|p1a: Victini|def|1\n|-unboost|p1a: Victini|spd|1\n|move|p2a: Clefable|Soft-Boiled|p2a: Clefable\n|-heal|p2a: Clefable|90\/100\n|\n|-heal|p2a: Clefable|96\/100|[from] item: Leftovers\n|upkeep\n|turn|17\n|\n|t:|1663488936\n|move|p1a: Victini|V-create|p2a: Clefable\n|-damage|p2a: Clefable|32\/100\n|-unboost|p1a: Victini|spe|1\n|-unboost|p1a: Victini|def|1\n|-unboost|p1a: Victini|spd|1\n|move|p2a: Clefable|Soft-Boiled|p2a: Clefable\n|-heal|p2a: Clefable|82\/100\n|\n|-heal|p2a: Clefable|88\/100|[from] item: Leftovers\n|upkeep\n|turn|18\n|c|\u26062(H2O)|gg\n|c|\u2606NA Weezing|gg\n|l| Masaki Suda\n|c|\u26062(H2O)|this thing is unbreakable XD\n|c|\u26062(H2O)|wp\n|-message|2(H2O) forfeited.\n|\n|win|NA Weezing\n|raw|2(H2O)'s rating: 1770 &rarr; <strong>1747<\/strong><br \/>(-23 for losing)\n|raw|NA Weezing's rating: 1711 &rarr; <strong>1734<\/strong><br \/>(+23 for winning)\n","uploadtime":1663488958,"views":67,"p1id":"2h2o","p2id":"naweezing","formatid":"gen8ou","rating":1734,"private":0,"password":null}