{"id":"gen8ou-1693987679","p1":"Kikoobuster","p2":"minimax_ai","format":"gen8ou","log":"|html|<div class=\"broadcast-blue\"><strong>[Gen 8] OU is currently suspecting Melmetal! For information on how to participate check out the <a href=\"https:\/\/www.smogon.com\/forums\/threads\/np-ss-ou-suspect-process-round-12-monster-mash.3709234\/\">suspect thread<\/a>.<\/strong><\/div>\n|j|\u2606Kikoobuster\n|j|\u2606minimax_ai\n|t:|1666652160\n|gametype|singles\n|player|p1|Kikoobuster|2|1528\n|player|p2|minimax_ai|lusamine-nihilego|1514\n|teamsize|p1|6\n|teamsize|p2|6\n|gen|8\n|tier|[Gen 8] OU\n|rated|\n|rule|Sleep Clause Mod: Limit one foe put to sleep\n|rule|Species Clause: Limit one of each Pok\u00e9mon\n|rule|OHKO Clause: OHKO moves are banned\n|rule|Evasion Items Clause: Evasion items are banned\n|rule|Evasion Moves Clause: Evasion moves are banned\n|rule|Endless Battle Clause: Forcing endless battles is banned\n|rule|HP Percentage Mod: HP is shown in percentages\n|rule|Dynamax Clause: You cannot dynamax\n|clearpoke\n|poke|p1|Lycanroc-Dusk, M|\n|poke|p1|Excadrill, M|\n|poke|p1|Hawlucha, F|\n|poke|p1|Azumarill, F|\n|poke|p1|Zeraora|\n|poke|p1|Rillaboom, F|\n|poke|p2|Rotom-Wash|\n|poke|p2|Weavile, M|\n|poke|p2|Landorus-Therian, M|\n|poke|p2|Heatran, M|\n|poke|p2|Tangrowth, F|\n|poke|p2|Melmetal|\n|teampreview\n|j| chainsawhand\n|c|\u2606minimax_ai|hf\n|inactive|Battle timer is ON: inactive players will automatically lose when time's up. (requested by minimax_ai)\n|\n|t:|1666652167\n|start\n|switch|p1a: Lycanroc|Lycanroc-Dusk, M|100\/100\n|switch|p2a: Melmetal|Melmetal|100\/100\n|turn|1\n|\n|t:|1666652169\n|move|p1a: Lycanroc|Stealth Rock|p2a: Melmetal\n|-sidestart|p2: minimax_ai|move: Stealth Rock\n|move|p2a: Melmetal|Double Iron Bash|p1a: Lycanroc\n|-supereffective|p1a: Lycanroc\n|-enditem|p1a: Lycanroc|Focus Sash\n|-damage|p1a: Lycanroc|1\/100\n|-supereffective|p1a: Lycanroc\n|-damage|p1a: Lycanroc|0 fnt\n|faint|p1a: Lycanroc\n|-hitcount|p1: Lycanroc|2\n|\n|upkeep\n|\n|t:|1666652171\n|switch|p1a: Excadrill|Excadrill, M|100\/100\n|-ability|p1a: Excadrill|Mold Breaker\n|turn|2\n|\n|t:|1666652172\n|move|p1a: Excadrill|Earthquake|p2a: Melmetal\n|-supereffective|p2a: Melmetal\n|-damage|p2a: Melmetal|40\/100\n|move|p2a: Melmetal|Earthquake|p1a: Excadrill\n|-supereffective|p1a: Excadrill\n|-enditem|p1a: Excadrill|Focus Sash\n|-damage|p1a: Excadrill|1\/100\n|\n|upkeep\n|turn|3\n|\n|t:|1666652175\n|switch|p2a: landorustherian|Landorus-Therian, M|100\/100\n|-damage|p2a: landorustherian|88\/100|[from] Stealth Rock\n|-ability|p2a: landorustherian|Intimidate|boost\n|-unboost|p1a: Excadrill|atk|1\n|move|p1a: Excadrill|Earthquake|p2a: landorustherian\n|-immune|p2a: landorustherian\n|\n|-heal|p2a: landorustherian|94\/100|[from] item: Leftovers\n|upkeep\n|turn|4\n|\n|t:|1666652177\n|move|p1a: Excadrill|Iron Head|p2a: landorustherian\n|-damage|p2a: landorustherian|65\/100\n|cant|p2a: landorustherian|flinch\n|\n|-heal|p2a: landorustherian|71\/100|[from] item: Leftovers\n|upkeep\n|turn|5\n|\n|t:|1666652179\n|move|p1a: Excadrill|Iron Head|p2a: landorustherian\n|-damage|p2a: landorustherian|45\/100\n|move|p2a: landorustherian|Defog|p1a: Excadrill\n|-unboost|p1a: Excadrill|evasion|1\n|-sideend|p2: minimax_ai|Stealth Rock|[from] move: Defog|[of] p2a: landorustherian\n|\n|-heal|p2a: landorustherian|51\/100|[from] item: Leftovers\n|upkeep\n|turn|6\n|\n|t:|1666652181\n|move|p1a: Excadrill|Iron Head|p2a: landorustherian\n|-damage|p2a: landorustherian|21\/100\n|move|p2a: landorustherian|U-turn|p1a: Excadrill\n|-resisted|p1a: Excadrill\n|-damage|p1a: Excadrill|0 fnt\n|faint|p1a: Excadrill\n|\n|t:|1666652181\n|switch|p2a: rotomwash|Rotom-Wash|100\/100|[from]move: U-turn\n|\n|upkeep\n|\n|t:|1666652185\n|switch|p1a: Rillaboom|Rillaboom, F|100\/100\n|-fieldstart|move: Grassy Terrain|[from] ability: Grassy Surge|[of] p1a: Rillaboom\n|turn|7\n|\n|t:|1666652188\n|switch|p2a: Tangrowth|Tangrowth, F|100\/100\n|move|p1a: Rillaboom|Superpower|p2a: Tangrowth\n|-damage|p2a: Tangrowth|68\/100\n|-unboost|p1a: Rillaboom|atk|1\n|-unboost|p1a: Rillaboom|def|1\n|-damage|p1a: Rillaboom|84\/100|[from] item: Rocky Helmet|[of] p2a: Tangrowth\n|\n|-heal|p1a: Rillaboom|90\/100|[from] Grassy Terrain\n|-heal|p2a: Tangrowth|74\/100|[from] Grassy Terrain\n|upkeep\n|turn|8\n|\n|t:|1666652193\n|switch|p1a: Hawlucha|Hawlucha, F|100\/100\n|-enditem|p1a: Hawlucha|Grassy Seed\n|-boost|p1a: Hawlucha|def|1|[from] item: Grassy Seed\n|move|p2a: Tangrowth|Giga Drain|p1a: Hawlucha\n|-resisted|p1a: Hawlucha\n|-damage|p1a: Hawlucha|69\/100\n|-heal|p2a: Tangrowth|86\/100|[from] drain|[of] p1a: Hawlucha\n|\n|-heal|p2a: Tangrowth|92\/100|[from] Grassy Terrain\n|upkeep\n|turn|9\n|\n|t:|1666652197\n|move|p1a: Hawlucha|Substitute|p1a: Hawlucha\n|-start|p1a: Hawlucha|Substitute\n|-damage|p1a: Hawlucha|44\/100\n|move|p2a: Tangrowth|Sleep Powder||[still]\n|-fail|p2a: Tangrowth\n|\n|-heal|p2a: Tangrowth|98\/100|[from] Grassy Terrain\n|upkeep\n|turn|10\n|\n|t:|1666652199\n|switch|p2a: landorustherian|Landorus-Therian, M|21\/100\n|-ability|p2a: landorustherian|Intimidate|boost\n|-immune|p1a: Hawlucha\n|move|p1a: Hawlucha|Swords Dance|p1a: Hawlucha\n|-boost|p1a: Hawlucha|atk|2\n|\n|-heal|p2a: landorustherian|27\/100|[from] item: Leftovers\n|upkeep\n|turn|11\n|\n|t:|1666652202\n|move|p1a: Hawlucha|Acrobatics|p2a: landorustherian\n|-damage|p2a: landorustherian|0 fnt\n|faint|p2a: landorustherian\n|\n|-fieldend|move: Grassy Terrain\n|upkeep\n|\n|t:|1666652202\n|switch|p2a: Tangrowth|Tangrowth, F|100\/100\n|turn|12\n|\n|t:|1666652205\n|switch|p2a: Melmetal|Melmetal|40\/100\n|move|p1a: Hawlucha|Acrobatics|p2a: Melmetal\n|-resisted|p2a: Melmetal\n|-damage|p2a: Melmetal|11\/100\n|\n|upkeep\n|turn|13\n|\n|t:|1666652208\n|move|p1a: Hawlucha|Acrobatics|p2a: Melmetal\n|-resisted|p2a: Melmetal\n|-damage|p2a: Melmetal|0 fnt\n|faint|p2a: Melmetal\n|\n|upkeep\n|\n|t:|1666652208\n|switch|p2a: Weavile|Weavile, M|100\/100\n|-ability|p2a: Weavile|Pressure\n|turn|14\n|\n|t:|1666652211\n|move|p2a: Weavile|Ice Shard|p1a: Hawlucha\n|-supereffective|p1a: Hawlucha\n|-end|p1a: Hawlucha|Substitute\n|move|p1a: Hawlucha|Close Combat|p2a: Weavile\n|-supereffective|p2a: Weavile\n|-damage|p2a: Weavile|0 fnt\n|-unboost|p1a: Hawlucha|def|1\n|-unboost|p1a: Hawlucha|spd|1\n|faint|p2a: Weavile\n|\n|upkeep\n|\n|t:|1666652211\n|switch|p2a: Tangrowth|Tangrowth, F|100\/100\n|turn|15\n|\n|t:|1666652214\n|move|p1a: Hawlucha|Acrobatics|p2a: Tangrowth\n|-supereffective|p2a: Tangrowth\n|-damage|p2a: Tangrowth|0 fnt\n|-damage|p1a: Hawlucha|27\/100|[from] item: Rocky Helmet|[of] p2a: Tangrowth\n|faint|p2a: Tangrowth\n|\n|upkeep\n|\n|t:|1666652214\n|switch|p2a: Heatran|Heatran, M|100\/100\n|-item|p2a: Heatran|Air Balloon\n|turn|16\n|\n|t:|1666652217\n|move|p1a: Hawlucha|Close Combat|p2a: Heatran\n|-supereffective|p2a: Heatran\n|-damage|p2a: Heatran|0 fnt\n|-unboost|p1a: Hawlucha|def|1\n|-unboost|p1a: Hawlucha|spd|1\n|-enditem|p2a: Heatran|Air Balloon\n|faint|p2a: Heatran\n|\n|upkeep\n|\n|t:|1666652217\n|switch|p2a: rotomwash|Rotom-Wash|100\/100\n|turn|17\n|\n|t:|1666652219\n|move|p1a: Hawlucha|Close Combat|p2a: rotomwash\n|-damage|p2a: rotomwash|0 fnt\n|-unboost|p1a: Hawlucha|def|1\n|-unboost|p1a: Hawlucha|spd|1\n|faint|p2a: rotomwash\n|\n|win|Kikoobuster\n|raw|Kikoobuster's rating: 1528 &rarr; <strong>1547<\/strong><br \/>(+19 for winning)\n|raw|minimax_ai's rating: 1514 &rarr; <strong>1495<\/strong><br \/>(-19 for losing)\n|c|\u2606minimax_ai|gg\n","uploadtime":1666652220,"views":4,"p1id":"kikoobuster","p2id":"minimaxai","formatid":"gen8ou","rating":1495,"private":0,"password":null}