{"id":"gen8ou-1205738840","p1":"Draco09876","p2":"cten","format":"gen8ou","log":"|j|\u2606Draco09876\n|j|\u2606cten\n|t:|1603129319\n|player|p1|Draco09876|2|1222\n|player|p2|cten|swimmer-gen4dp|1294\n|teamsize|p1|6\n|teamsize|p2|6\n|gametype|singles\n|gen|8\n|tier|[Gen 8] OU\n|rated|\n|clearpoke\n|poke|p1|Scizor, M|\n|poke|p1|Tyranitar, F|\n|poke|p1|Dragapult, M|\n|poke|p1|Clefable, F|\n|poke|p1|Primarina, M|\n|poke|p1|Zeraora|\n|poke|p2|Torkoal, F|\n|poke|p2|Ninetales, M|\n|poke|p2|Charizard, F|\n|poke|p2|Leafeon, M|\n|poke|p2|Shiftry, M|\n|poke|p2|Venusaur, M|\n|rule|Sleep Clause Mod: Limit one foe put to sleep\n|rule|Species Clause: Limit one of each Pok\u00e9mon\n|rule|OHKO Clause: OHKO moves are banned\n|rule|Evasion Moves Clause: Evasion moves are banned\n|rule|Endless Battle Clause: Forcing endless battles is banned\n|rule|HP Percentage Mod: HP is shown in percentages\n|rule|Dynamax Clause: You cannot dynamax\n|teampreview\n|\n|t:|1603129333\n|start\n|switch|p1a: Dragapult|Dragapult, M, shiny|100\/100\n|switch|p2a: Torkoal|Torkoal, F|100\/100\n|-weather|SunnyDay|[from] ability: Drought|[of] p2a: Torkoal\n|turn|1\n|\n|t:|1603129341\n|move|p1a: Dragapult|Draco Meteor|p2a: Torkoal\n|-damage|p2a: Torkoal|0 fnt\n|-unboost|p1a: Dragapult|spa|2\n|faint|p2a: Torkoal\n|\n|-weather|SunnyDay|[upkeep]\n|upkeep\n|\n|t:|1603129347\n|switch|p2a: Shiftry|Shiftry, M|100\/100\n|turn|2\n|\n|t:|1603129353\n|switch|p1a: Tyranitar|Tyranitar, F|100\/100\n|-weather|Sandstorm|[from] ability: Sand Stream|[of] p1a: Tyranitar\n|move|p2a: Shiftry|Brick Break|p1a: Tyranitar\n|-supereffective|p1a: Tyranitar\n|-damage|p1a: Tyranitar|0 fnt\n|-damage|p2a: Shiftry|91\/100|[from] item: Life Orb\n|faint|p1a: Tyranitar\n|\n|-weather|Sandstorm|[upkeep]\n|-damage|p2a: Shiftry|84\/100|[from] Sandstorm\n|upkeep\n|\n|t:|1603129376\n|switch|p1a: Bullethead|Scizor, M, shiny|100\/100\n|turn|3\n|\n|t:|1603129386\n|switch|p2a: Ninetales|Ninetales, M|100\/100\n|-weather|SunnyDay|[from] ability: Drought|[of] p2a: Ninetales\n|switch|p1a: Mugiwara|Zeraora|100\/100\n|\n|-weather|SunnyDay|[upkeep]\n|upkeep\n|turn|4\n|\n|t:|1603129397\n|switch|p2a: Leafeon|Leafeon, M|100\/100\n|move|p1a: Mugiwara|Knock Off|p2a: Leafeon\n|-damage|p2a: Leafeon|59\/100\n|-enditem|p2a: Leafeon|Choice Band|[from] move: Knock Off|[of] p1a: Mugiwara\n|-damage|p1a: Mugiwara|91\/100|[from] item: Life Orb\n|\n|-weather|SunnyDay|[upkeep]\n|upkeep\n|turn|5\n|\n|t:|1603129413\n|move|p2a: Leafeon|Knock Off|p1a: Mugiwara\n|-damage|p1a: Mugiwara|45\/100\n|-enditem|p1a: Mugiwara|Life Orb|[from] move: Knock Off|[of] p2a: Leafeon\n|move|p1a: Mugiwara|Plasma Fists|p2a: Leafeon\n|-resisted|p2a: Leafeon\n|-damage|p2a: Leafeon|37\/100\n|-fieldactivate|move: Ion Deluge\n|\n|-weather|SunnyDay|[upkeep]\n|upkeep\n|turn|6\n|\n|t:|1603129438\n|switch|p1a: Bullethead|Scizor, M, shiny|100\/100\n|move|p2a: Leafeon|Solar Blade||[still]\n|-prepare|p2a: Leafeon|Solar Blade\n|-anim|p2a: Leafeon|Solar Blade|p1a: Bullethead\n|-resisted|p1a: Bullethead\n|-damage|p1a: Bullethead|86\/100\n|\n|-weather|SunnyDay|[upkeep]\n|upkeep\n|turn|7\n|\n|t:|1603129449\n|switch|p2a: Venusaur|Venusaur, M|100\/100\n|move|p1a: Bullethead|Bullet Punch|p2a: Venusaur\n|-damage|p2a: Venusaur|38\/100\n|-damage|p1a: Bullethead|76\/100|[from] item: Life Orb\n|\n|-weather|SunnyDay|[upkeep]\n|upkeep\n|turn|8\n|\n|t:|1603129462\n|switch|p2a: Ninetales|Ninetales, M|100\/100\n|move|p1a: Bullethead|Bug Bite|p2a: Ninetales\n|-resisted|p2a: Ninetales\n|-damage|p2a: Ninetales|48\/100\n|-damage|p1a: Bullethead|66\/100|[from] item: Life Orb\n|\n|-weather|SunnyDay|[upkeep]\n|upkeep\n|turn|9\n|\n|t:|1603129476\n|switch|p2a: Venusaur|Venusaur, M|38\/100\n|switch|p1a: Clefy|Clefable, F, shiny|100\/100\n|\n|-weather|SunnyDay|[upkeep]\n|upkeep\n|turn|10\n|\n|t:|1603129485\n|move|p2a: Venusaur|Weather Ball|p1a: Clefy\n|-damage|p1a: Clefy|69\/100\n|move|p1a: Clefy|Thunder Wave|p2a: Venusaur\n|-status|p2a: Venusaur|par\n|\n|-weather|none\n|-heal|p1a: Clefy|75\/100|[from] item: Leftovers\n|upkeep\n|turn|11\n|\n|t:|1603129496\n|switch|p1a: Bullethead|Scizor, M, shiny|66\/100\n|switch|p2a: Ninetales|Ninetales, M|48\/100\n|-weather|SunnyDay|[from] ability: Drought|[of] p2a: Ninetales\n|\n|-weather|SunnyDay|[upkeep]\n|upkeep\n|turn|12\n|\n|t:|1603129504\n|switch|p2a: Venusaur|Venusaur, M|38\/100 par\n|move|p1a: Bullethead|Bullet Punch|p2a: Venusaur\n|-damage|p2a: Venusaur|0 fnt\n|-damage|p1a: Bullethead|56\/100|[from] item: Life Orb\n|faint|p2a: Venusaur\n|\n|-weather|SunnyDay|[upkeep]\n|upkeep\n|\n|t:|1603129510\n|switch|p2a: Charizard|Charizard, F|100\/100\n|turn|13\n|\n|t:|1603129525\n|switch|p1a: Clefy|Clefable, F, shiny|75\/100\n|move|p2a: Charizard|Weather Ball|p1a: Clefy\n|-damage|p1a: Clefy|0 fnt\n|faint|p1a: Clefy\n|\n|-weather|SunnyDay|[upkeep]\n|-damage|p2a: Charizard|88\/100|[from] ability: Solar Power|[of] p2a: Charizard\n|upkeep\n|\n|t:|1603129533\n|switch|p1a: Mugiwara|Zeraora|45\/100\n|turn|14\n|\n|t:|1603129537\n|switch|p2a: Leafeon|Leafeon, M|37\/100\n|move|p1a: Mugiwara|Plasma Fists|p2a: Leafeon\n|-resisted|p2a: Leafeon\n|-damage|p2a: Leafeon|12\/100\n|-fieldactivate|move: Ion Deluge\n|\n|-weather|SunnyDay|[upkeep]\n|upkeep\n|turn|15\n|\n|t:|1603129545\n|switch|p1a: Bullethead|Scizor, M, shiny|56\/100\n|move|p2a: Leafeon|Copycat|p2a: Leafeon\n|move|p2a: Leafeon|Plasma Fists|p1a: Bullethead|[from]Copycat\n|-damage|p1a: Bullethead|19\/100\n|-fieldactivate|move: Ion Deluge\n|\n|-weather|SunnyDay|[upkeep]\n|upkeep\n|turn|16\n|\n|t:|1603129562\n|move|p1a: Bullethead|Bullet Punch|p2a: Leafeon\n|-damage|p2a: Leafeon|0 fnt\n|-damage|p1a: Bullethead|10\/100|[from] item: Life Orb\n|faint|p2a: Leafeon\n|\n|-weather|SunnyDay|[upkeep]\n|upkeep\n|\n|t:|1603129568\n|switch|p2a: Charizard|Charizard, F|88\/100\n|turn|17\n|\n|t:|1603129572\n|move|p1a: Bullethead|Bullet Punch|p2a: Charizard\n|-resisted|p2a: Charizard\n|-crit|p2a: Charizard\n|-damage|p2a: Charizard|44\/100\n|-damage|p1a: Bullethead|0 fnt|[from] item: Life Orb\n|faint|p1a: Bullethead\n|move|p2a: Charizard|Weather Ball|p1: Bullethead|[notarget]\n|-fail|p2a: Charizard\n|\n|-weather|SunnyDay|[upkeep]\n|-damage|p2a: Charizard|31\/100|[from] ability: Solar Power|[of] p2a: Charizard\n|upkeep\n|\n|t:|1603129584\n|switch|p1a: Mugiwara|Zeraora|45\/100\n|turn|18\n|\n|t:|1603129590\n|move|p1a: Mugiwara|Knock Off|p2a: Charizard\n|-damage|p2a: Charizard|0 fnt\n|-enditem|p2a: Charizard|Choice Specs|[from] move: Knock Off|[of] p1a: Mugiwara\n|faint|p2a: Charizard\n|\n|-weather|none\n|upkeep\n|\n|t:|1603129594\n|switch|p2a: Ninetales|Ninetales, M|48\/100\n|-weather|SunnyDay|[from] ability: Drought|[of] p2a: Ninetales\n|turn|19\n|\n|t:|1603129600\n|move|p1a: Mugiwara|Knock Off|p2a: Ninetales\n|-damage|p2a: Ninetales|2\/100\n|-enditem|p2a: Ninetales|Heat Rock|[from] move: Knock Off|[of] p1a: Mugiwara\n|move|p2a: Ninetales|Memento|p1a: Mugiwara\n|-unboost|p1a: Mugiwara|atk|2\n|-unboost|p1a: Mugiwara|spa|2\n|faint|p2a: Ninetales\n|\n|-weather|SunnyDay|[upkeep]\n|upkeep\n|\n|t:|1603129603\n|switch|p2a: Shiftry|Shiftry, M|84\/100\n|turn|20\n|\n|t:|1603129618\n|move|p2a: Shiftry|Solar Blade||[still]\n|-prepare|p2a: Shiftry|Solar Blade\n|-anim|p2a: Shiftry|Solar Blade|p1a: Mugiwara\n|-damage|p1a: Mugiwara|0 fnt\n|-damage|p2a: Shiftry|74\/100|[from] item: Life Orb\n|faint|p1a: Mugiwara\n|\n|-weather|SunnyDay|[upkeep]\n|upkeep\n|\n|t:|1603129649\n|switch|p1a: Primarina|Primarina, M|100\/100\n|turn|21\n|\n|t:|1603129657\n|move|p2a: Shiftry|Solar Blade||[still]\n|-prepare|p2a: Shiftry|Solar Blade\n|-anim|p2a: Shiftry|Solar Blade|p1a: Primarina\n|-supereffective|p1a: Primarina\n|-damage|p1a: Primarina|0 fnt\n|-damage|p2a: Shiftry|64\/100|[from] item: Life Orb\n|faint|p1a: Primarina\n|\n|-weather|SunnyDay|[upkeep]\n|upkeep\n|\n|t:|1603129664\n|switch|p1a: Dragapult|Dragapult, M, shiny|100\/100\n|turn|22\n|\n|t:|1603129671\n|move|p2a: Shiftry|Knock Off|p1a: Dragapult\n|-supereffective|p1a: Dragapult\n|-crit|p1a: Dragapult\n|-damage|p1a: Dragapult|0 fnt\n|-enditem|p1a: Dragapult|Choice Specs|[from] move: Knock Off|[of] p2a: Shiftry\n|-damage|p2a: Shiftry|54\/100|[from] item: Life Orb\n|faint|p1a: Dragapult\n|\n|win|cten\n","uploadtime":1603129673,"views":4,"p1id":"draco09876","p2id":"cten","formatid":"gen8ou","rating":0,"private":0,"password":null}