{"id":"gen8ou-1168896268","p1":"LT72MS life","p2":"The Last Hero","format":"gen8ou","log":"|raw|<div class=\"broadcast-blue\"><strong>This battle is required to be public due to a player having a name prefixed by 'LT72MS'.<\/div>\n|j|\u2606LT72MS life\n|j|\u2606The Last Hero\n|t:|1597426782\n|player|p1|LT72MS life|ethan|1900\n|player|p2|The Last Hero|acetrainersnow|1995\n|teamsize|p1|6\n|teamsize|p2|6\n|gametype|singles\n|gen|8\n|tier|[Gen 8] OU\n|rated|\n|clearpoke\n|poke|p1|Torkoal, M|\n|poke|p1|Venusaur, M|\n|poke|p1|Lycanroc-Dusk, M|\n|poke|p1|Excadrill, M|\n|poke|p1|Hydreigon, M|\n|poke|p1|Hatterene, F|\n|poke|p2|Sandaconda, M|\n|poke|p2|Kyurem|\n|poke|p2|Toxapex, F|\n|poke|p2|Clefable, F|\n|poke|p2|Corviknight, M|\n|poke|p2|Blissey, F|\n|rule|Sleep Clause Mod: Limit one foe put to sleep\n|rule|Species Clause: Limit one of each Pok\u00e9mon\n|rule|OHKO Clause: OHKO moves are banned\n|rule|Evasion Moves Clause: Evasion moves are banned\n|rule|Endless Battle Clause: Forcing endless battles is banned\n|rule|HP Percentage Mod: HP is shown in percentages\n|rule|Dynamax Clause: You cannot dynamax\n|teampreview\n|inactive|Battle timer is ON: inactive players will automatically lose when time's up. (requested by LT72MS life)\n|j| LT72MS Nova\n|j| LT72MS Maxance\n|j| Bdlc\n|j| gb uu alt\n|j| Cipher Peon JB\n|l| LT72MS Maxance\n|j| lt72ms leo\n|j| Grimji\n|inactive|LT72MS life has 120 seconds left.\n|l| Grimji\n|j| viash \u3002 \u035c\u3064 \u00b0\n|j| Wertsd26\n|j| Heaxys \u266a\u266b\n|j| mind_frayer\n|j| LT72MS Sacri'\n|inactive|LT72MS life has 90 seconds left.\n|\n|t:|1597426843\n|start\n|switch|p1a: Hydreigon|Hydreigon, M|100\/100\n|switch|p2a: Crown|Toxapex, F|100\/100\n|turn|1\n|\n|t:|1597426851\n|switch|p2a: Bliss|Blissey, F|100\/100\n|move|p1a: Hydreigon|U-turn|p2a: Bliss\n|-damage|p2a: Bliss|86\/100\n|\n|t:|1597426855\n|switch|p1a: Lycanroc|Lycanroc-Dusk, M|100\/100|[from]move: U-turn\n|\n|upkeep\n|turn|2\n|\n|t:|1597426861\n|switch|p2a: Sand Snake|Sandaconda, M|100\/100\n|move|p1a: Lycanroc|Swords Dance|p1a: Lycanroc\n|-boost|p1a: Lycanroc|atk|2\n|\n|upkeep\n|turn|3\n|inactive|LT72MS life has 120 seconds left.\n|j| Waveshaper\n|j| ssg117\n|j| hungryfood\n|j| LT72MS Jacked\n|inactive|LT72MS life has 90 seconds left.\n|j| Mojino Loic\n|j| SammTheMan\n|\n|t:|1597426940\n|switch|p1a: Hydreigon|Hydreigon, M|100\/100\n|move|p2a: Sand Snake|Earthquake|p1a: Hydreigon\n|-immune|p1a: Hydreigon|[from] ability: Levitate\n|\n|upkeep\n|turn|4\n|\n|t:|1597426953\n|switch|p2a: Crown|Toxapex, F|100\/100\n|move|p1a: Hydreigon|U-turn|p2a: Crown\n|-resisted|p2a: Crown\n|-damage|p2a: Crown|95\/100\n|-damage|p1a: Hydreigon|84\/100|[from] item: Rocky Helmet|[of] p2a: Crown\n|j| Perzeusssss\n|\n|t:|1597426973\n|switch|p1a: Hatterene|Hatterene, F|100\/100|[from]move: U-turn\n|\n|upkeep\n|turn|5\n|\n|t:|1597426977\n|switch|p2a: Crow Of Judgement|Corviknight, M|100\/100\n|-ability|p2a: Crow Of Judgement|Pressure\n|move|p1a: Hatterene|Calm Mind|p1a: Hatterene\n|-boost|p1a: Hatterene|spa|1\n|-boost|p1a: Hatterene|spd|1\n|\n|upkeep\n|turn|6\n|\n|t:|1597426980\n|move|p2a: Crow Of Judgement|Iron Head|p1a: Hatterene\n|-supereffective|p1a: Hatterene\n|-damage|p1a: Hatterene|64\/100\n|move|p1a: Hatterene|Mystical Fire|p2a: Crow Of Judgement\n|-supereffective|p2a: Crow Of Judgement\n|-damage|p2a: Crow Of Judgement|48\/100\n|-unboost|p2a: Crow Of Judgement|spa|1\n|\n|-heal|p2a: Crow Of Judgement|55\/100|[from] item: Leftovers\n|-heal|p1a: Hatterene|70\/100|[from] item: Leftovers\n|upkeep\n|turn|7\n|j| fdoigdoj\n|\n|t:|1597426983\n|move|p2a: Crow Of Judgement|Iron Head|p1a: Hatterene\n|-supereffective|p1a: Hatterene\n|-damage|p1a: Hatterene|28\/100\n|move|p1a: Hatterene|Mystical Fire|p2a: Crow Of Judgement\n|-supereffective|p2a: Crow Of Judgement\n|-damage|p2a: Crow Of Judgement|4\/100\n|-unboost|p2a: Crow Of Judgement|spa|1\n|\n|-heal|p2a: Crow Of Judgement|10\/100|[from] item: Leftovers\n|-heal|p1a: Hatterene|34\/100|[from] item: Leftovers\n|upkeep\n|turn|8\n|\n|t:|1597426988\n|move|p2a: Crow Of Judgement|Roost|p2a: Crow Of Judgement\n|-heal|p2a: Crow Of Judgement|60\/100\n|-singleturn|p2a: Crow Of Judgement|move: Roost\n|move|p1a: Hatterene|Mystical Fire|p2a: Crow Of Judgement\n|-supereffective|p2a: Crow Of Judgement\n|-damage|p2a: Crow Of Judgement|9\/100\n|-unboost|p2a: Crow Of Judgement|spa|1\n|\n|-heal|p2a: Crow Of Judgement|15\/100|[from] item: Leftovers\n|-heal|p1a: Hatterene|40\/100|[from] item: Leftovers\n|upkeep\n|turn|9\n|j| LT72MS Lucki\n|\n|t:|1597426990\n|move|p2a: Crow Of Judgement|Iron Head|p1a: Hatterene\n|-supereffective|p1a: Hatterene\n|-damage|p1a: Hatterene|3\/100\n|move|p1a: Hatterene|Mystical Fire|p2a: Crow Of Judgement\n|-supereffective|p2a: Crow Of Judgement\n|-damage|p2a: Crow Of Judgement|0 fnt\n|faint|p2a: Crow Of Judgement\n|\n|-heal|p1a: Hatterene|9\/100|[from] item: Leftovers\n|upkeep\n|l| Mojino Loic\n|inactive|The Last Hero has 120 seconds left.\n|j| the gr8 man\n|\n|t:|1597427039\n|switch|p2a: Rathalos|Kyurem|100\/100\n|-ability|p2a: Rathalos|Pressure\n|turn|10\n|j| LT72MS Raiza\n|inactive|LT72MS life has 120 seconds left.\n|j| NUDO A SCUOLA\n|\n|t:|1597427059\n|move|p2a: Rathalos|Freeze-Dry|p1a: Hatterene\n|-damage|p1a: Hatterene|0 fnt\n|faint|p1a: Hatterene\n|\n|upkeep\n|inactive|LT72MS life has 120 seconds left.\n|j| lt72ms fendii\n|\n|t:|1597427075\n|switch|p1a: Excadrill|Excadrill, M|100\/100\n|-ability|p1a: Excadrill|Mold Breaker\n|turn|11\n|j| LT72MS Ayk\n|j| SIR PAWN\n|\n|t:|1597427079\n|move|p1a: Excadrill|Earthquake|p2a: Rathalos\n|-damage|p2a: Rathalos|52\/100\n|move|p2a: Rathalos|Freeze-Dry|p1a: Excadrill\n|-damage|p1a: Excadrill|48\/100\n|\n|upkeep\n|turn|12\n|j| LT72MS car\n|\n|t:|1597427083\n|switch|p1a: Torkoal|Torkoal, M|100\/100\n|-weather|SunnyDay|[from] ability: Drought|[of] p1a: Torkoal\n|move|p2a: Rathalos|Roost|p2a: Rathalos\n|-heal|p2a: Rathalos|100\/100\n|-singleturn|p2a: Rathalos|move: Roost\n|\n|-weather|SunnyDay|[upkeep]\n|upkeep\n|turn|13\n|\n|t:|1597427088\n|move|p2a: Rathalos|Substitute|p2a: Rathalos\n|-start|p2a: Rathalos|Substitute\n|-damage|p2a: Rathalos|76\/100\n|move|p1a: Torkoal|Stealth Rock|p2a: Rathalos\n|-sidestart|p2: The Last Hero|move: Stealth Rock\n|\n|-weather|SunnyDay|[upkeep]\n|upkeep\n|turn|14\n|\n|t:|1597427090\n|move|p2a: Rathalos|Roost|p2a: Rathalos\n|-heal|p2a: Rathalos|100\/100\n|-singleturn|p2a: Rathalos|move: Roost\n|move|p1a: Torkoal|Lava Plume|p2a: Rathalos\n|-end|p2a: Rathalos|Substitute\n|\n|-weather|SunnyDay|[upkeep]\n|upkeep\n|turn|15\n|\n|t:|1597427092\n|move|p2a: Rathalos|Substitute|p2a: Rathalos\n|-start|p2a: Rathalos|Substitute\n|-damage|p2a: Rathalos|76\/100\n|move|p1a: Torkoal|Lava Plume|p2a: Rathalos\n|-end|p2a: Rathalos|Substitute\n|\n|-weather|SunnyDay|[upkeep]\n|upkeep\n|turn|16\n|j| IPF\n|\n|t:|1597427094\n|move|p2a: Rathalos|Substitute|p2a: Rathalos\n|-start|p2a: Rathalos|Substitute\n|-damage|p2a: Rathalos|51\/100\n|move|p1a: Torkoal|Lava Plume|p2a: Rathalos\n|-end|p2a: Rathalos|Substitute\n|\n|-weather|SunnyDay|[upkeep]\n|upkeep\n|turn|17\n|\n|t:|1597427098\n|move|p2a: Rathalos|Roost|p2a: Rathalos\n|-heal|p2a: Rathalos|100\/100\n|-singleturn|p2a: Rathalos|move: Roost\n|move|p1a: Torkoal|Toxic|p2a: Rathalos\n|-status|p2a: Rathalos|tox\n|\n|-weather|SunnyDay|[upkeep]\n|-damage|p2a: Rathalos|94\/100 tox|[from] psn\n|upkeep\n|turn|18\n|\n|t:|1597427104\n|switch|p2a: Crown|Toxapex, F|100\/100\n|-damage|p2a: Crown|88\/100|[from] Stealth Rock\n|move|p1a: Torkoal|Lava Plume|p2a: Crown\n|-resisted|p2a: Crown\n|-damage|p2a: Crown|74\/100\n|\n|-weather|SunnyDay|[upkeep]\n|upkeep\n|turn|19\n|l| SIR PAWN\n|n| NUDO A SCUOLA|nudoascuola\n|n| NUDO A SCUOLA|nudoascuola\n|\n|t:|1597427116\n|switch|p1a: Hydreigon|Hydreigon, M|84\/100\n|move|p2a: Crown|Scald|p1a: Hydreigon\n|-resisted|p1a: Hydreigon\n|-damage|p1a: Hydreigon|79\/100\n|\n|-weather|none\n|upkeep\n|turn|20\n|l| NUDO A SCUOLA\n|\n|t:|1597427124\n|move|p1a: Hydreigon|Dark Pulse|p2a: Crown\n|-damage|p2a: Crown|43\/100\n|move|p2a: Crown|Scald|p1a: Hydreigon\n|-resisted|p1a: Hydreigon\n|-damage|p1a: Hydreigon|70\/100\n|\n|upkeep\n|turn|21\n|l| LT72MS car\n|j| fluffy cows\n|l| lt72ms fendii\n|\n|t:|1597427132\n|switch|p2a: Fabiole|Clefable, F|100\/100\n|move|p1a: Hydreigon|Dark Pulse|p2a: Fabiole\n|-resisted|p2a: Fabiole\n|-damage|p2a: Fabiole|81\/100\n|\n|-heal|p2a: Fabiole|87\/100|[from] item: Leftovers\n|upkeep\n|turn|22\n|\n|t:|1597427136\n|switch|p1a: Torkoal|Torkoal, M|100\/100\n|-weather|SunnyDay|[from] ability: Drought|[of] p1a: Torkoal\n|move|p2a: Fabiole|Stealth Rock|p1a: Torkoal\n|-sidestart|p1: LT72MS life|move: Stealth Rock\n|\n|-weather|SunnyDay|[upkeep]\n|-heal|p2a: Fabiole|94\/100|[from] item: Leftovers\n|upkeep\n|turn|23\n|j| Beautiflor\n|\n|t:|1597427140\n|switch|p2a: Bliss|Blissey, F|86\/100\n|switch|p1a: Venusaur|Venusaur, M|100\/100\n|-damage|p1a: Venusaur|88\/100|[from] Stealth Rock\n|\n|-weather|SunnyDay|[upkeep]\n|upkeep\n|turn|24\n|l| Beautiflor\n|\n|t:|1597427147\n|move|p1a: Venusaur|Growth|p1a: Venusaur\n|-boost|p1a: Venusaur|atk|2\n|-boost|p1a: Venusaur|spa|2\n|move|p2a: Bliss|Thunder Wave|p1a: Venusaur|[miss]\n|-miss|p2a: Bliss|p1a: Venusaur\n|\n|-weather|SunnyDay|[upkeep]\n|upkeep\n|turn|25\n|\n|t:|1597427150\n|move|p1a: Venusaur|Growth|p1a: Venusaur\n|-boost|p1a: Venusaur|atk|2\n|-boost|p1a: Venusaur|spa|2\n|move|p2a: Bliss|Thunder Wave|p1a: Venusaur\n|-status|p1a: Venusaur|par\n|\n|-weather|SunnyDay|[upkeep]\n|upkeep\n|turn|26\n|\n|t:|1597427153\n|cant|p1a: Venusaur|par\n|move|p2a: Bliss|Soft-Boiled|p2a: Bliss\n|-heal|p2a: Bliss|100\/100\n|\n|-weather|SunnyDay|[upkeep]\n|upkeep\n|turn|27\n|\n|t:|1597427157\n|move|p1a: Venusaur|Weather Ball|p2a: Bliss\n|-damage|p2a: Bliss|40\/100\n|-damage|p1a: Venusaur|78\/100 par|[from] item: Life Orb\n|move|p2a: Bliss|Soft-Boiled|p2a: Bliss\n|-heal|p2a: Bliss|90\/100\n|\n|-weather|SunnyDay|[upkeep]\n|upkeep\n|turn|28\n|\n|t:|1597427160\n|switch|p2a: Crown|Toxapex, F|77\/100\n|-damage|p2a: Crown|65\/100|[from] Stealth Rock\n|cant|p1a: Venusaur|par\n|\n|-weather|SunnyDay|[upkeep]\n|upkeep\n|turn|29\n|\n|t:|1597427163\n|move|p1a: Venusaur|Giga Drain|p2a: Crown\n|-damage|p2a: Crown|0 fnt\n|-heal|p1a: Venusaur|100\/100 par|[from] drain|[of] p2a: Crown\n|-damage|p1a: Venusaur|91\/100 par|[from] item: Life Orb\n|faint|p2a: Crown\n|\n|-weather|none\n|upkeep\n|\n|t:|1597427165\n|switch|p2a: Rathalos|Kyurem|94\/100 tox\n|-damage|p2a: Rathalos|69\/100 tox|[from] Stealth Rock\n|-ability|p2a: Rathalos|Pressure\n|turn|30\n|j| LT72MS Kimrin\n|j| LT72MS Zii\n|\n|t:|1597427177\n|switch|p1a: Torkoal|Torkoal, M|100\/100\n|-damage|p1a: Torkoal|75\/100|[from] Stealth Rock\n|-weather|SunnyDay|[from] ability: Drought|[of] p1a: Torkoal\n|move|p2a: Rathalos|Freeze-Dry|p1a: Torkoal\n|-resisted|p1a: Torkoal\n|-damage|p1a: Torkoal|55\/100\n|\n|-weather|SunnyDay|[upkeep]\n|-damage|p2a: Rathalos|63\/100 tox|[from] psn\n|upkeep\n|turn|31\n|j| lt71lx croo\n|l| lt71lx croo\n|\n|t:|1597427187\n|switch|p2a: Bliss|Blissey, F|90\/100\n|move|p1a: Torkoal|Rapid Spin|p2a: Bliss\n|-damage|p2a: Bliss|83\/100\n|-boost|p1a: Torkoal|spe|1\n|-sideend|p1: LT72MS life|Stealth Rock|[from] move: Rapid Spin|[of] p1a: Torkoal\n|\n|-weather|SunnyDay|[upkeep]\n|upkeep\n|turn|32\n|\n|t:|1597427197\n|switch|p1a: Lycanroc|Lycanroc-Dusk, M|100\/100\n|move|p2a: Bliss|Seismic Toss|p1a: Lycanroc\n|-damage|p1a: Lycanroc|66\/100\n|\n|-weather|SunnyDay|[upkeep]\n|upkeep\n|turn|33\n|\n|t:|1597427204\n|switch|p2a: Sand Snake|Sandaconda, M|100\/100\n|-damage|p2a: Sand Snake|94\/100|[from] Stealth Rock\n|move|p1a: Lycanroc|Close Combat|p2a: Sand Snake\n|-damage|p2a: Sand Snake|43\/100\n|-unboost|p1a: Lycanroc|def|1\n|-unboost|p1a: Lycanroc|spd|1\n|-damage|p1a: Lycanroc|56\/100|[from] item: Life Orb\n|\n|-weather|SunnyDay|[upkeep]\n|-heal|p2a: Sand Snake|49\/100|[from] item: Leftovers\n|upkeep\n|turn|34\n|\n|t:|1597427209\n|switch|p2a: Fabiole|Clefable, F|94\/100\n|move|p1a: Lycanroc|Close Combat|p2a: Fabiole\n|-resisted|p2a: Fabiole\n|-crit|p2a: Fabiole\n|-damage|p2a: Fabiole|53\/100\n|-unboost|p1a: Lycanroc|def|1\n|-unboost|p1a: Lycanroc|spd|1\n|-damage|p1a: Lycanroc|46\/100|[from] item: Life Orb\n|\n|-weather|SunnyDay|[upkeep]\n|-heal|p2a: Fabiole|60\/100|[from] item: Leftovers\n|upkeep\n|turn|35\n|j| LT72MS Reign_X\n|l| fdoigdoj\n|\n|t:|1597427216\n|switch|p1a: Excadrill|Excadrill, M|48\/100\n|-ability|p1a: Excadrill|Mold Breaker\n|move|p2a: Fabiole|Knock Off|p1a: Excadrill\n|-damage|p1a: Excadrill|28\/100\n|-enditem|p1a: Excadrill|Choice Scarf|[from] move: Knock Off|[of] p2a: Fabiole\n|\n|-weather|SunnyDay|[upkeep]\n|-heal|p2a: Fabiole|66\/100|[from] item: Leftovers\n|upkeep\n|turn|36\n|\n|t:|1597427219\n|switch|p2a: Bliss|Blissey, F|83\/100\n|move|p1a: Excadrill|Iron Head|p2a: Bliss\n|-damage|p2a: Bliss|45\/100\n|\n|-weather|SunnyDay|[upkeep]\n|upkeep\n|turn|37\n|\n|t:|1597427222\n|move|p1a: Excadrill|Earthquake|p2a: Bliss\n|-damage|p2a: Bliss|0 fnt\n|faint|p2a: Bliss\n|\n|-weather|none\n|upkeep\n|\n|t:|1597427224\n|switch|p2a: Rathalos|Kyurem|63\/100 tox\n|-damage|p2a: Rathalos|38\/100 tox|[from] Stealth Rock\n|-ability|p2a: Rathalos|Pressure\n|turn|38\n|j| fdoigdoj\n|\n|t:|1597427227\n|switch|p1a: Torkoal|Torkoal, M|55\/100\n|-weather|SunnyDay|[from] ability: Drought|[of] p1a: Torkoal\n|move|p2a: Rathalos|Freeze-Dry|p1a: Torkoal\n|-resisted|p1a: Torkoal\n|-damage|p1a: Torkoal|30\/100\n|\n|-weather|SunnyDay|[upkeep]\n|-damage|p2a: Rathalos|32\/100 tox|[from] psn\n|upkeep\n|turn|39\n|\n|t:|1597427231\n|move|p2a: Rathalos|Freeze-Dry|p1a: Torkoal\n|-resisted|p1a: Torkoal\n|-damage|p1a: Torkoal|2\/100\n|move|p1a: Torkoal|Lava Plume|p2a: Rathalos\n|-damage|p2a: Rathalos|0 fnt\n|faint|p2a: Rathalos\n|\n|-weather|SunnyDay|[upkeep]\n|upkeep\n|\n|t:|1597427244\n|switch|p2a: Sand Snake|Sandaconda, M|49\/100\n|-damage|p2a: Sand Snake|43\/100|[from] Stealth Rock\n|turn|40\n|l| LT72MS Zii\n|j| bz2twz\n|\n|t:|1597427250\n|move|p2a: Sand Snake|Rest|p2a: Sand Snake\n|-status|p2a: Sand Snake|slp|[from] move: Rest\n|-heal|p2a: Sand Snake|100\/100 slp|[silent]\n|move|p1a: Torkoal|Lava Plume|p2a: Sand Snake\n|-damage|p2a: Sand Snake|70\/100 slp\n|\n|-weather|SunnyDay|[upkeep]\n|-heal|p2a: Sand Snake|76\/100 slp|[from] item: Leftovers\n|upkeep\n|turn|41\n|\n|t:|1597427255\n|switch|p1a: Excadrill|Excadrill, M|28\/100\n|-ability|p1a: Excadrill|Mold Breaker\n|cant|p2a: Sand Snake|slp\n|\n|-weather|SunnyDay|[upkeep]\n|-activate|p2a: Sand Snake|ability: Shed Skin\n|-curestatus|p2a: Sand Snake|slp|[msg]\n|-heal|p2a: Sand Snake|82\/100|[from] item: Leftovers\n|upkeep\n|turn|42\n|j| Arnaud Senju vgc\n|j| LT72MS Stareal\n|\n|t:|1597427265\n|switch|p1a: Hydreigon|Hydreigon, M|70\/100\n|move|p2a: Sand Snake|Coil|p2a: Sand Snake\n|-boost|p2a: Sand Snake|atk|1\n|-boost|p2a: Sand Snake|def|1\n|-boost|p2a: Sand Snake|accuracy|1\n|\n|-weather|SunnyDay|[upkeep]\n|-heal|p2a: Sand Snake|88\/100|[from] item: Leftovers\n|upkeep\n|turn|43\n|\n|t:|1597427273\n|move|p1a: Hydreigon|Draco Meteor|p2a: Sand Snake|[miss]\n|-miss|p1a: Hydreigon|p2a: Sand Snake\n|move|p2a: Sand Snake|Rest|p2a: Sand Snake\n|-status|p2a: Sand Snake|slp|[from] move: Rest\n|-heal|p2a: Sand Snake|100\/100 slp|[silent]\n|\n|-weather|SunnyDay|[upkeep]\n|upkeep\n|turn|44\n|\n|t:|1597427275\n|move|p1a: Hydreigon|Draco Meteor|p2a: Sand Snake\n|-damage|p2a: Sand Snake|42\/100 slp\n|-unboost|p1a: Hydreigon|spa|2\n|cant|p2a: Sand Snake|slp\n|\n|-weather|SunnyDay|[upkeep]\n|-heal|p2a: Sand Snake|48\/100 slp|[from] item: Leftovers\n|upkeep\n|turn|45\n|j| duppyduppy\n|\n|t:|1597427281\n|move|p1a: Hydreigon|Draco Meteor|p2a: Sand Snake\n|-damage|p2a: Sand Snake|17\/100 slp\n|-unboost|p1a: Hydreigon|spa|2\n|cant|p2a: Sand Snake|slp\n|\n|-weather|none\n|-activate|p2a: Sand Snake|ability: Shed Skin\n|-curestatus|p2a: Sand Snake|slp|[msg]\n|-heal|p2a: Sand Snake|23\/100|[from] item: Leftovers\n|upkeep\n|turn|46\n|\n|t:|1597427289\n|move|p1a: Hydreigon|Draco Meteor|p2a: Sand Snake\n|-damage|p2a: Sand Snake|5\/100\n|-unboost|p1a: Hydreigon|spa|2\n|move|p2a: Sand Snake|Rest|p2a: Sand Snake\n|-status|p2a: Sand Snake|slp|[from] move: Rest\n|-heal|p2a: Sand Snake|100\/100 slp|[silent]\n|\n|upkeep\n|turn|47\n|\n|t:|1597427293\n|switch|p1a: Lycanroc|Lycanroc-Dusk, M|46\/100\n|cant|p2a: Sand Snake|slp\n|\n|upkeep\n|turn|48\n|\n|t:|1597427296\n|move|p1a: Lycanroc|Swords Dance|p1a: Lycanroc\n|-boost|p1a: Lycanroc|atk|2\n|cant|p2a: Sand Snake|slp\n|\n|-activate|p2a: Sand Snake|ability: Shed Skin\n|-curestatus|p2a: Sand Snake|slp|[msg]\n|upkeep\n|turn|49\n|\n|t:|1597427302\n|move|p1a: Lycanroc|Close Combat|p2a: Sand Snake\n|-damage|p2a: Sand Snake|33\/100\n|-unboost|p1a: Lycanroc|def|1\n|-unboost|p1a: Lycanroc|spd|1\n|-damage|p1a: Lycanroc|36\/100|[from] item: Life Orb\n|move|p2a: Sand Snake|Earthquake|p1a: Lycanroc\n|-supereffective|p1a: Lycanroc\n|-damage|p1a: Lycanroc|0 fnt\n|faint|p1a: Lycanroc\n|\n|-heal|p2a: Sand Snake|39\/100|[from] item: Leftovers\n|upkeep\n|l| fluffy cows\n|\n|t:|1597427307\n|switch|p1a: Hydreigon|Hydreigon, M|70\/100\n|turn|50\n|\n|t:|1597427309\n|switch|p2a: Fabiole|Clefable, F|66\/100\n|move|p1a: Hydreigon|Dark Pulse|p2a: Fabiole\n|-resisted|p2a: Fabiole\n|-damage|p2a: Fabiole|48\/100\n|\n|-heal|p2a: Fabiole|54\/100|[from] item: Leftovers\n|upkeep\n|turn|51\n|j| khalzi\n|\n|t:|1597427316\n|switch|p1a: Excadrill|Excadrill, M|28\/100\n|-ability|p1a: Excadrill|Mold Breaker\n|switch|p2a: Sand Snake|Sandaconda, M|39\/100\n|-damage|p2a: Sand Snake|33\/100|[from] Stealth Rock\n|\n|-heal|p2a: Sand Snake|39\/100|[from] item: Leftovers\n|upkeep\n|turn|52\n|\n|t:|1597427325\n|move|p1a: Excadrill|Earthquake|p2a: Sand Snake\n|-damage|p2a: Sand Snake|0 fnt\n|faint|p2a: Sand Snake\n|\n|upkeep\n|-message|The Last Hero forfeited.\n|\n|win|LT72MS life\n|l|\u2606The Last Hero\n|l| IPF\n|l| khalzi\n|c| Perzeusssss|Another stall team eliminated\n|l| mind_frayer\n|l|\u2606LT72MS life\n|l| bz2twz\n|l| viash \u3002 \u035c\u3064 \u00b0\n|l| LT72MS Stareal\n|l| the gr8 man\n||Ladder (probably) updated, but score could not be retrieved (Request timeout).\n|l| Perzeusssss\n|l| hungryfood\n|l| LT72MS Nova\n|l| Cipher Peon JB\n|l| LT72MS Ayk\n|l| Bdlc\n|l| LT72MS Reign_X\n|l| SammTheMan\n|l| gb uu alt\n","uploadtime":1597427346,"views":115,"p1id":"lt72mslife","p2id":"thelasthero","formatid":"gen8ou","rating":0,"private":0,"password":null}