{"id":"gen8ou-1577487493","p1":"coral fan","p2":"Oryen","format":"gen8ou","log":"|j|\u2606coral fan\n|j|\u2606Oryen\n|inactive|Battle timer is ON: inactive players will automatically lose when time's up.\n|t:|1652879836\n|gametype|singles\n|player|p1|coral fan|elaine|\n|player|p2|Oryen|bruno-gen1|\n|teamsize|p1|6\n|teamsize|p2|6\n|gen|8\n|tier|[Gen 8] OU\n|rated|Tournament battle\n|rule|Sleep Clause Mod: Limit one foe put to sleep\n|rule|Species Clause: Limit one of each Pok\u00e9mon\n|rule|OHKO Clause: OHKO moves are banned\n|rule|Evasion Moves Clause: Evasion moves are banned\n|rule|Endless Battle Clause: Forcing endless battles is banned\n|rule|HP Percentage Mod: HP is shown in percentages\n|rule|Dynamax Clause: You cannot dynamax\n|clearpoke\n|poke|p1|Bounsweet, L1, F|\n|poke|p1|Dragapult, M|\n|poke|p1|Haxorus, F|\n|poke|p1|Amaura, F|\n|poke|p1|Timburr, M|\n|poke|p1|Piloswine, F|\n|poke|p2|Mienfoo, F|\n|poke|p2|Cloyster, F|\n|poke|p2|Bunnelby, F|\n|poke|p2|Elgyem, F|\n|poke|p2|Tangela, M|\n|poke|p2|Stufful, F|\n|teampreview\n|j|*Lady Monita \u273f\n|c|\u2606coral fan|glhf\n|c|\u2606Oryen|hf\n|\n|t:|1652879853\n|start\n|switch|p1a: Susie|Dragapult, M|100\/100\n|switch|p2a: Mienfoo|Mienfoo, F|100\/100\n|turn|1\n|j| Not now please\n|j| Skull-kun\n|j| Blocx01\n|\n|t:|1652879858\n|move|p1a: Susie|Draco Meteor|p2a: Mienfoo\n|-damage|p2a: Mienfoo|0 fnt\n|-unboost|p1a: Susie|spa|2\n|faint|p2a: Mienfoo\n|\n|upkeep\n|j| rickywolf\n|j| Aquablitz700\n|j| AFreeVirus!\n|\n|t:|1652879871\n|switch|p2a: Elgyem|Elgyem, F|100\/100\n|turn|2\n|\n|t:|1652879877\n|switch|p1a: Asgore|Piloswine, F|100\/100\n|move|p2a: Elgyem|Thunder Wave|p1a: Asgore\n|-immune|p1a: Asgore\n|\n|upkeep\n|turn|3\n|\n|t:|1652879883\n|switch|p2a: Stufful|Stufful, F|100\/100\n|move|p1a: Asgore|Stealth Rock|p2a: Stufful\n|-sidestart|p2: Oryen|move: Stealth Rock\n|\n|upkeep\n|turn|4\n|\n|t:|1652879890\n|switch|p1a: Susie|Dragapult, M|100\/100\n|move|p2a: Stufful|Toxic|p1a: Susie\n|-status|p1a: Susie|tox\n|\n|-damage|p1a: Susie|95\/100 tox|[from] psn\n|upkeep\n|turn|5\n|\n|t:|1652879895\n|switch|p2a: Elgyem|Elgyem, F|100\/100\n|-damage|p2a: Elgyem|88\/100|[from] Stealth Rock\n|move|p1a: Susie|Draco Meteor|p2a: Elgyem\n|-damage|p2a: Elgyem|27\/100\n|-unboost|p1a: Susie|spa|2\n|\n|-damage|p1a: Susie|83\/100 tox|[from] psn\n|upkeep\n|turn|6\n|\n|t:|1652879898\n|move|p1a: Susie|Draco Meteor|p2a: Elgyem\n|-damage|p2a: Elgyem|0 fnt\n|-unboost|p1a: Susie|spa|2\n|faint|p2a: Elgyem\n|\n|-damage|p1a: Susie|65\/100 tox|[from] psn\n|upkeep\n|j| I am the besttttt\n|j| swampletics\n|l| Blocx01\n|\n|t:|1652879915\n|switch|p2a: Cloyster|Cloyster, F|100\/100\n|-damage|p2a: Cloyster|76\/100|[from] Stealth Rock\n|turn|7\n|\n|t:|1652879919\n|move|p1a: Susie|Draco Meteor|p2a: Cloyster\n|-damage|p2a: Cloyster|0 fnt\n|-unboost|p1a: Susie|spa|2\n|faint|p2a: Cloyster\n|\n|-damage|p1a: Susie|41\/100 tox|[from] psn\n|upkeep\n|j| MatZack88\n|c|\u2606Oryen|pult just murders my whole team\n|c|\u2606Oryen|lol\n|l| MatZack88\n|\n|t:|1652879938\n|switch|p2a: Bunnelby|Bunnelby, F|100\/100\n|-damage|p2a: Bunnelby|88\/100|[from] Stealth Rock\n|turn|8\n|c| AFreeVirus!|how the fuck\n|c| I am the besttttt|that's susie to you\n|c| AFreeVirus!|did that draco oneshot cloyster\n|c|\u2606coral fan|yeah, getting this as a starter was crazy luck\n|c|\u2606coral fan|!dt cloyster\n|raw|<div class=\"message\"><ul class=\"utilichart\"><li class=\"result\"><span class=\"col numcol\">RU<\/span> <span class=\"col iconcol\"><psicon pokemon=\"cloyster\"\/><\/span> <span class=\"col pokemonnamecol\" style=\"white-space:nowrap\"><a href=\"https:\/\/dex.pokemonshowdown.com\/pokemon\/cloyster\" target=\"_blank\">Cloyster<\/a><\/span> <span class=\"col typecol\"><img src=\"https:\/\/play.pokemonshowdown.com\/sprites\/types\/Water.png\" alt=\"Water\" height=\"14\" width=\"32\"><img src=\"https:\/\/play.pokemonshowdown.com\/sprites\/types\/Ice.png\" alt=\"Ice\" height=\"14\" width=\"32\"><\/span> <span style=\"float:left;min-height:26px\"><span class=\"col twoabilitycol\">Shell Armor<br \/>Skill Link<\/span><span class=\"col abilitycol\"><em>Overcoat<\/em><\/span><\/span><span style=\"float:left;min-height:26px\"><span class=\"col statcol\"><em>HP<\/em><br \/>50<\/span> <span class=\"col statcol\"><em>Atk<\/em><br \/>95<\/span> <span class=\"col statcol\"><em>Def<\/em><br \/>180<\/span> <span class=\"col statcol\"><em>SpA<\/em><br \/>85<\/span> <span class=\"col statcol\"><em>SpD<\/em><br \/>45<\/span> <span class=\"col statcol\"><em>Spe<\/em><br \/>70<\/span> <span class=\"col bstcol\"><em>BST<br \/>525<\/em><\/span> <\/span><\/li><li style=\"clear:both\"><\/li><\/ul><\/div>\n|raw|<font size=\"1\"><font color=\"#686868\">Dex#:<\/font> 91&nbsp;|&ThickSpace;<font color=\"#686868\">Gen:<\/font> 1&nbsp;|&ThickSpace;<font color=\"#686868\">Height:<\/font> 1.5 m&nbsp;|&ThickSpace;<font color=\"#686868\">Weight:<\/font> 132.5 kg <em>(100 BP)<\/em>&nbsp;|&ThickSpace;<font color=\"#686868\">Dex Colour:<\/font> Purple&nbsp;|&ThickSpace;<font color=\"#686868\">Egg Group(s):<\/font> Water 3&nbsp;|&ThickSpace;<font color=\"#686868\">Does Not Evolve<\/font><\/font>\n\n|j| buzzwolesimp\n|c| AFreeVirus!|0.33 spatk and draco does that\n|c|\u2606coral fan|50\/45 is worse than most of LC\n|c|\u2606coral fan|and my pult is specs\n|inactive|coral fan has 120 seconds left.\n|\n|t:|1652879969\n|switch|p1a: Monster Kid|Timburr, M, shiny|100\/100\n|move|p2a: Bunnelby|Swords Dance|p2a: Bunnelby\n|-boost|p2a: Bunnelby|atk|2\n|\n|upkeep\n|turn|9\n|c|\u2606Oryen|yeah\n|l| buzzwolesimp\n|\n|t:|1652879974\n|move|p2a: Bunnelby|Earthquake|p1a: Monster Kid\n|-damage|p1a: Monster Kid|24\/100\n|move|p1a: Monster Kid|Drain Punch|p2a: Bunnelby\n|-supereffective|p2a: Bunnelby\n|-damage|p2a: Bunnelby|0 fnt\n|-heal|p1a: Monster Kid|60\/100|[from] drain|[of] p2a: Bunnelby\n|faint|p2a: Bunnelby\n|\n|upkeep\n|j| 41exe\n|\n|t:|1652879978\n|switch|p2a: Stufful|Stufful, F|100\/100\n|-damage|p2a: Stufful|94\/100|[from] Stealth Rock\n|turn|10\n|\n|t:|1652879987\n|move|p2a: Stufful|Ice Punch|p1a: Monster Kid\n|-damage|p1a: Monster Kid|46\/100\n|move|p1a: Monster Kid|Drain Punch|p2a: Stufful\n|-supereffective|p2a: Stufful\n|-damage|p2a: Stufful|69\/100\n|-heal|p1a: Monster Kid|59\/100|[from] drain|[of] p2a: Stufful\n|\n|upkeep\n|turn|11\n|\n|t:|1652879992\n|move|p2a: Stufful|Toxic|p1a: Monster Kid\n|-status|p1a: Monster Kid|tox\n|move|p1a: Monster Kid|Bulk Up|p1a: Monster Kid\n|-boost|p1a: Monster Kid|atk|1\n|-boost|p1a: Monster Kid|def|1\n|\n|-damage|p1a: Monster Kid|53\/100 tox|[from] psn\n|upkeep\n|turn|12\n|\n|t:|1652879996\n|switch|p2a: Tangela|Tangela, M|100\/100\n|-damage|p2a: Tangela|88\/100|[from] Stealth Rock\n|move|p1a: Monster Kid|Drain Punch|p2a: Tangela\n|-damage|p2a: Tangela|61\/100\n|-heal|p1a: Monster Kid|66\/100 tox|[from] drain|[of] p2a: Tangela\n|\n|-damage|p1a: Monster Kid|54\/100 tox|[from] psn\n|upkeep\n|turn|13\n|\n|t:|1652880000\n|move|p2a: Tangela|Leech Seed|p1a: Monster Kid\n|-start|p1a: Monster Kid|move: Leech Seed\n|move|p1a: Monster Kid|Knock Off|p2a: Tangela\n|-damage|p2a: Tangela|43\/100\n|-enditem|p2a: Tangela|Eviolite|[from] move: Knock Off|[of] p1a: Monster Kid\n|\n|-damage|p1a: Monster Kid|41\/100 tox|[from] Leech Seed|[of] p2a: Tangela\n|-heal|p2a: Tangela|56\/100|[silent]\n|-damage|p1a: Monster Kid|23\/100 tox|[from] psn\n|upkeep\n|turn|14\n|\n|t:|1652880004\n|move|p2a: Tangela|Giga Drain|p1a: Monster Kid\n|-damage|p1a: Monster Kid|0 fnt\n|-heal|p2a: Tangela|68\/100|[from] drain|[of] p1a: Monster Kid\n|faint|p1a: Monster Kid\n|\n|upkeep\n|\n|t:|1652880006\n|switch|p1a: Susie|Dragapult, M|41\/100 tox\n|turn|15\n|c|\u2606Oryen|eyyyyy no 6-0\n|c|\u2606Oryen|gg\n|c|\u2606coral fan|:)\n|c|\u2606coral fan|gg\n|\n|t:|1652880014\n|move|p1a: Susie|Flamethrower|p2a: Tangela\n|-supereffective|p2a: Tangela\n|-damage|p2a: Tangela|0 fnt\n|faint|p2a: Tangela\n|\n|-damage|p1a: Susie|35\/100 tox|[from] psn\n|upkeep\n|\n|t:|1652880019\n|switch|p2a: Stufful|Stufful, F|69\/100\n|-damage|p2a: Stufful|63\/100|[from] Stealth Rock\n|turn|16\n|\n|t:|1652880020\n|move|p1a: Susie|Flamethrower|p2a: Stufful\n|-damage|p2a: Stufful|0 fnt\n|faint|p2a: Stufful\n|\n|win|coral fan\n|n|\u2606coral fan|coralfan\n|n|\u2606Oryen|oryen\n|n|*Lady Monita \u273f|ladymonita\n|n| Not now please|notnowplease\n|n| Skull-kun|skullkun\n|n| rickywolf|rickywolf\n|n| Aquablitz700|aquablitz700\n|n| AFreeVirus!|afreevirus\n|n| I am the besttttt|iamthebesttttt\n|n| swampletics|swampletics\n|n| 41exe|41exe\n","uploadtime":1652880022,"views":32,"p1id":"coralfan","p2id":"oryen","formatid":"gen8ou","rating":0,"private":0,"password":null}