{"id":"gen8ou-1668617475","p1":"shiawasenostory","p2":"UglyBitch69","format":"gen8ou","log":"|j|\u2606shiawasenostory\n|j|\u2606UglyBitch69\n|t:|1663959809\n|gametype|singles\n|player|p1|shiawasenostory|winona|1657\n|player|p2|UglyBitch69|drayden|1575\n|teamsize|p1|6\n|teamsize|p2|6\n|gen|8\n|tier|[Gen 8] OU\n|rated|\n|rule|Sleep Clause Mod: Limit one foe put to sleep\n|rule|Species Clause: Limit one of each Pok\u00e9mon\n|rule|OHKO Clause: OHKO moves are banned\n|rule|Evasion Items Clause: Evasion items are banned\n|rule|Evasion Moves Clause: Evasion moves are banned\n|rule|Endless Battle Clause: Forcing endless battles is banned\n|rule|HP Percentage Mod: HP is shown in percentages\n|rule|Dynamax Clause: You cannot dynamax\n|clearpoke\n|poke|p1|Lanturn, M|\n|poke|p1|Tapu Bulu|\n|poke|p1|Heatran, F|\n|poke|p1|Clefable, M|\n|poke|p1|Tornadus-Therian, M|\n|poke|p1|Kartana|\n|poke|p2|Primarina, M|\n|poke|p2|Blacephalon|\n|poke|p2|Kartana|\n|poke|p2|Landorus-Therian, M|\n|poke|p2|Mandibuzz, F|\n|poke|p2|Vaporeon, F|\n|teampreview\n|\n|t:|1663959825\n|start\n|switch|p1a: Tapu Bulu|Tapu Bulu|100\/100\n|switch|p2a: Cancerous-T|Landorus-Therian, M|100\/100\n|-ability|p2a: Cancerous-T|Intimidate|boost\n|-unboost|p1a: Tapu Bulu|atk|1\n|-fieldstart|move: Grassy Terrain|[from] ability: Grassy Surge|[of] p1a: Tapu Bulu\n|turn|1\n|\n|t:|1663959830\n|move|p2a: Cancerous-T|Sludge Wave|p1a: Tapu Bulu\n|-supereffective|p1a: Tapu Bulu\n|-damage|p1a: Tapu Bulu|0 fnt\n|faint|p1a: Tapu Bulu\n|\n|upkeep\n|\n|t:|1663959835\n|switch|p1a: Kartana|Kartana|100\/100\n|turn|2\n|\n|t:|1663959838\n|switch|p2a: Emo|Mandibuzz, F|100\/100\n|move|p1a: Kartana|Knock Off|p2a: Emo\n|-resisted|p2a: Emo\n|-damage|p2a: Emo|82\/100\n|-enditem|p2a: Emo|Heavy-Duty Boots|[from] move: Knock Off|[of] p1a: Kartana\n|\n|upkeep\n|turn|3\n|\n|t:|1663959845\n|switch|p1a: Heatran|Heatran, F|100\/100\n|move|p2a: Emo|U-turn|p1a: Heatran\n|-resisted|p1a: Heatran\n|-damage|p1a: Heatran|99\/100\n|\n|t:|1663959847\n|switch|p2a: Cancerous-T|Landorus-Therian, M|100\/100|[from]move: U-turn\n|-ability|p2a: Cancerous-T|Intimidate|boost\n|-unboost|p1a: Heatran|atk|1\n|\n|-heal|p1a: Heatran|100\/100|[from] Grassy Terrain\n|upkeep\n|turn|4\n|\n|t:|1663959852\n|switch|p1a: Tornadus|Tornadus-Therian, M|100\/100\n|move|p2a: Cancerous-T|Earth Power|p1a: Tornadus\n|-immune|p1a: Tornadus\n|\n|upkeep\n|turn|5\n|\n|t:|1663959856\n|switch|p2a: Vape|Vaporeon, F|100\/100\n|move|p1a: Tornadus|U-turn|p2a: Vape\n|-damage|p2a: Vape|83\/100\n|\n|t:|1663959859\n|switch|p1a: Kartana|Kartana|100\/100|[from]move: U-turn\n|\n|-heal|p2a: Vape|90\/100|[from] Grassy Terrain\n|-heal|p2a: Vape|96\/100|[from] item: Leftovers\n|-fieldend|move: Grassy Terrain\n|upkeep\n|turn|6\n|\n|t:|1663959865\n|switch|p1a: Heatran|Heatran, F|100\/100\n|move|p2a: Vape|Protect||[still]\n|-fail|p2a: Vape\n|\n|-heal|p2a: Vape|100\/100|[from] item: Leftovers\n|upkeep\n|turn|7\n|\n|t:|1663959870\n|move|p1a: Heatran|Toxic|p2a: Vape\n|-status|p2a: Vape|tox\n|move|p2a: Vape|Wish|p2a: Vape\n|\n|-damage|p2a: Vape|94\/100 tox|[from] psn\n|upkeep\n|turn|8\n|\n|t:|1663959875\n|move|p1a: Heatran|Stealth Rock|p2a: Vape\n|-sidestart|p2: UglyBitch69|move: Stealth Rock\n|move|p2a: Vape|Scald|p1a: Heatran\n|-supereffective|p1a: Heatran\n|-damage|p1a: Heatran|52\/100\n|\n|-heal|p2a: Vape|100\/100 tox|[from] move: Wish|[wisher] Vape\n|-heal|p1a: Heatran|58\/100|[from] item: Leftovers\n|-damage|p2a: Vape|88\/100 tox|[from] psn\n|upkeep\n|turn|9\n|\n|t:|1663959881\n|move|p1a: Heatran|Protect|p1a: Heatran\n|-singleturn|p1a: Heatran|Protect\n|move|p2a: Vape|Heal Bell|p2a: Vape\n|-activate|p2a: Vape|move: Heal Bell\n|-curestatus|p2a: Vape|tox|[msg]\n|\n|-heal|p1a: Heatran|64\/100|[from] item: Leftovers\n|-heal|p2a: Vape|94\/100|[from] item: Leftovers\n|upkeep\n|turn|10\n|\n|t:|1663959890\n|switch|p1a: Lanturn|Lanturn, M|100\/100\n|move|p2a: Vape|Scald|p1a: Lanturn\n|-resisted|p1a: Lanturn\n|-damage|p1a: Lanturn|91\/100\n|-status|p1a: Lanturn|brn\n|\n|-heal|p1a: Lanturn|97\/100 brn|[from] item: Leftovers\n|-heal|p2a: Vape|100\/100|[from] item: Leftovers\n|-damage|p1a: Lanturn|91\/100 brn|[from] brn\n|upkeep\n|turn|11\n|\n|t:|1663959900\n|move|p2a: Vape|Protect|p2a: Vape\n|-singleturn|p2a: Vape|Protect\n|move|p1a: Lanturn|Scald|p2a: Vape\n|-activate|p2a: Vape|move: Protect\n|\n|-heal|p1a: Lanturn|97\/100 brn|[from] item: Leftovers\n|-damage|p1a: Lanturn|91\/100 brn|[from] brn\n|upkeep\n|turn|12\n|\n|t:|1663959906\n|move|p1a: Lanturn|Volt Switch|p2a: Vape\n|-supereffective|p2a: Vape\n|-damage|p2a: Vape|81\/100\n|\n|t:|1663959909\n|switch|p1a: Clefable|Clefable, M|100\/100|[from]move: Volt Switch\n|move|p2a: Vape|Scald|p1a: Clefable\n|-damage|p1a: Clefable|81\/100\n|\n|-heal|p2a: Vape|87\/100|[from] item: Leftovers\n|-heal|p1a: Clefable|87\/100|[from] item: Leftovers\n|upkeep\n|turn|13\n|\n|t:|1663959917\n|switch|p2a: Cancerous-T|Landorus-Therian, M|100\/100\n|-damage|p2a: Cancerous-T|88\/100|[from] Stealth Rock\n|-ability|p2a: Cancerous-T|Intimidate|boost\n|-unboost|p1a: Clefable|atk|1\n|move|p1a: Clefable|Wish|p1a: Clefable\n|\n|-heal|p1a: Clefable|93\/100|[from] item: Leftovers\n|upkeep\n|turn|14\n|\n|t:|1663959925\n|switch|p1a: Heatran|Heatran, F|64\/100\n|move|p2a: Cancerous-T|Gravity|p2a: Cancerous-T\n|-fieldstart|move: Gravity\n|\n|-heal|p1a: Heatran|100\/100|[from] move: Wish|[wisher] Clefable\n|upkeep\n|turn|15\n|\n|t:|1663959937\n|move|p1a: Heatran|Protect|p1a: Heatran\n|-singleturn|p1a: Heatran|Protect\n|move|p2a: Cancerous-T|Earth Power|p1a: Heatran\n|-activate|p1a: Heatran|move: Protect\n|\n|upkeep\n|turn|16\n|\n|t:|1663959940\n|switch|p1a: Clefable|Clefable, M|93\/100\n|move|p2a: Cancerous-T|Earth Power|p1a: Clefable\n|-crit|p1a: Clefable\n|-damage|p1a: Clefable|49\/100\n|\n|-heal|p1a: Clefable|55\/100|[from] item: Leftovers\n|upkeep\n|turn|17\n|\n|t:|1663959945\n|move|p1a: Clefable|Protect|p1a: Clefable\n|-singleturn|p1a: Clefable|Protect\n|move|p2a: Cancerous-T|Calm Mind|p2a: Cancerous-T\n|-boost|p2a: Cancerous-T|spa|1\n|-boost|p2a: Cancerous-T|spd|1\n|\n|-heal|p1a: Clefable|61\/100|[from] item: Leftovers\n|upkeep\n|turn|18\n|\n|t:|1663959949\n|switch|p1a: Heatran|Heatran, F|100\/100\n|move|p2a: Cancerous-T|Sludge Wave|p1a: Heatran\n|-immune|p1a: Heatran\n|\n|-fieldend|move: Gravity\n|upkeep\n|turn|19\n|\n|t:|1663959953\n|move|p2a: Cancerous-T|Gravity|p2a: Cancerous-T\n|-fieldstart|move: Gravity\n|move|p1a: Heatran|Toxic|p2a: Cancerous-T\n|-status|p2a: Cancerous-T|tox\n|\n|-damage|p2a: Cancerous-T|82\/100 tox|[from] psn\n|upkeep\n|turn|20\n|\n|t:|1663959956\n|switch|p1a: Clefable|Clefable, M|61\/100\n|move|p2a: Cancerous-T|Calm Mind|p2a: Cancerous-T\n|-boost|p2a: Cancerous-T|spa|1\n|-boost|p2a: Cancerous-T|spd|1\n|\n|-heal|p1a: Clefable|68\/100|[from] item: Leftovers\n|-damage|p2a: Cancerous-T|70\/100 tox|[from] psn\n|upkeep\n|turn|21\n|\n|t:|1663959961\n|move|p2a: Cancerous-T|Earth Power|p1a: Clefable\n|-damage|p1a: Clefable|14\/100\n|move|p1a: Clefable|Wish|p1a: Clefable\n|\n|-heal|p1a: Clefable|20\/100|[from] item: Leftovers\n|-damage|p2a: Cancerous-T|53\/100 tox|[from] psn\n|upkeep\n|turn|22\n|\n|t:|1663959966\n|move|p1a: Clefable|Protect|p1a: Clefable\n|-singleturn|p1a: Clefable|Protect\n|move|p2a: Cancerous-T|Earth Power|p1a: Clefable\n|-activate|p1a: Clefable|move: Protect\n|\n|-heal|p1a: Clefable|70\/100|[from] move: Wish|[wisher] Clefable\n|-heal|p1a: Clefable|76\/100|[from] item: Leftovers\n|-damage|p2a: Cancerous-T|29\/100 tox|[from] psn\n|upkeep\n|turn|23\n|\n|t:|1663959971\n|switch|p1a: Lanturn|Lanturn, M|91\/100 brn\n|move|p2a: Cancerous-T|Earth Power|p1a: Lanturn\n|-supereffective|p1a: Lanturn\n|-damage|p1a: Lanturn|0 fnt\n|faint|p1a: Lanturn\n|\n|-damage|p2a: Cancerous-T|0 fnt|[from] psn\n|faint|p2a: Cancerous-T\n|-fieldend|move: Gravity\n|upkeep\n|\n|t:|1663959986\n|switch|p2a: Emo|Mandibuzz, F|82\/100\n|switch|p1a: Tornadus|Tornadus-Therian, M|100\/100\n|-damage|p2a: Emo|57\/100|[from] Stealth Rock\n|turn|24\n|\n|t:|1663959990\n|move|p1a: Tornadus|Taunt|p2a: Emo\n|-start|p2a: Emo|move: Taunt\n|cant|p2a: Emo|move: Taunt|Defog\n|\n|upkeep\n|turn|25\n|\n|t:|1663959994\n|move|p1a: Tornadus|U-turn|p2a: Emo\n|-crit|p2a: Emo\n|-damage|p2a: Emo|45\/100\n|\n|t:|1663959996\n|switch|p1a: Heatran|Heatran, F|100\/100|[from]move: U-turn\n|move|p2a: Emo|U-turn|p1a: Heatran\n|-resisted|p1a: Heatran\n|-damage|p1a: Heatran|99\/100\n|\n|t:|1663960004\n|switch|p2a: Subordinate|Primarina, M|100\/100|[from]move: U-turn\n|-damage|p2a: Subordinate|88\/100|[from] Stealth Rock\n|\n|-heal|p1a: Heatran|100\/100|[from] item: Leftovers\n|upkeep\n|turn|26\n|inactive|Battle timer is ON: inactive players will automatically lose when time's up. (requested by UglyBitch69)\n|\n|t:|1663960038\n|move|p1a: Heatran|Protect|p1a: Heatran\n|-singleturn|p1a: Heatran|Protect\n|move|p2a: Subordinate|Hydro Pump|p1a: Heatran\n|-activate|p1a: Heatran|move: Protect\n|\n|upkeep\n|turn|27\n|\n|t:|1663960042\n|switch|p1a: Clefable|Clefable, M|76\/100\n|move|p2a: Subordinate|Hydro Pump|p1a: Clefable\n|-damage|p1a: Clefable|16\/100\n|\n|-heal|p1a: Clefable|22\/100|[from] item: Leftovers\n|upkeep\n|turn|28\n|\n|t:|1663960047\n|move|p1a: Clefable|Protect|p1a: Clefable\n|-singleturn|p1a: Clefable|Protect\n|move|p2a: Subordinate|Hydro Pump|p1a: Clefable\n|-activate|p1a: Clefable|move: Protect\n|\n|-heal|p1a: Clefable|28\/100|[from] item: Leftovers\n|upkeep\n|turn|29\n|\n|t:|1663960052\n|switch|p1a: Tornadus|Tornadus-Therian, M|100\/100\n|move|p2a: Subordinate|Hydro Pump|p1a: Tornadus\n|-damage|p1a: Tornadus|7\/100\n|\n|upkeep\n|turn|30\n|\n|t:|1663960055\n|move|p1a: Tornadus|Hurricane|p2a: Subordinate\n|-damage|p2a: Subordinate|49\/100\n|move|p2a: Subordinate|Hydro Pump|p1a: Tornadus\n|-damage|p1a: Tornadus|0 fnt\n|faint|p1a: Tornadus\n|\n|upkeep\n|\n|t:|1663960060\n|switch|p1a: Kartana|Kartana|100\/100\n|turn|31\n|\n|t:|1663960063\n|switch|p2a: Geschwindigkeit|Kartana, shiny|100\/100\n|-damage|p2a: Geschwindigkeit|94\/100|[from] Stealth Rock\n|move|p1a: Kartana|Smart Strike|p2a: Geschwindigkeit\n|-resisted|p2a: Geschwindigkeit\n|-damage|p2a: Geschwindigkeit|71\/100\n|\n|-heal|p2a: Geschwindigkeit|78\/100|[from] item: Leftovers\n|upkeep\n|turn|32\n|\n|t:|1663960067\n|switch|p1a: Heatran|Heatran, F|100\/100\n|move|p2a: Geschwindigkeit|Substitute|p2a: Geschwindigkeit\n|-start|p2a: Geschwindigkeit|Substitute\n|-damage|p2a: Geschwindigkeit|53\/100\n|\n|-heal|p2a: Geschwindigkeit|59\/100|[from] item: Leftovers\n|upkeep\n|turn|33\n|\n|t:|1663960069\n|move|p2a: Geschwindigkeit|Sacred Sword|p1a: Heatran\n|-supereffective|p1a: Heatran\n|-damage|p1a: Heatran|62\/100\n|-status|p2a: Geschwindigkeit|brn|[from] ability: Flame Body|[of] p1a: Heatran\n|move|p1a: Heatran|Lava Plume|p2a: Geschwindigkeit\n|-supereffective|p2a: Geschwindigkeit\n|-end|p2a: Geschwindigkeit|Substitute\n|\n|-heal|p2a: Geschwindigkeit|65\/100 brn|[from] item: Leftovers\n|-heal|p1a: Heatran|68\/100|[from] item: Leftovers\n|-damage|p2a: Geschwindigkeit|59\/100 brn|[from] brn\n|upkeep\n|turn|34\n|\n|t:|1663960077\n|switch|p2a: Vape|Vaporeon, F|87\/100\n|-damage|p2a: Vape|74\/100|[from] Stealth Rock\n|switch|p1a: Kartana|Kartana|100\/100\n|\n|-heal|p2a: Vape|81\/100|[from] item: Leftovers\n|upkeep\n|turn|35\n|\n|t:|1663960080\n|move|p2a: Vape|Protect|p2a: Vape\n|-singleturn|p2a: Vape|Protect\n|move|p1a: Kartana|Leaf Blade|p2a: Vape\n|-activate|p2a: Vape|move: Protect\n|\n|-heal|p2a: Vape|87\/100|[from] item: Leftovers\n|upkeep\n|turn|36\n|\n|t:|1663960086\n|move|p1a: Kartana|Leaf Blade|p2a: Vape\n|-supereffective|p2a: Vape\n|-damage|p2a: Vape|0 fnt\n|faint|p2a: Vape\n|-ability|p1a: Kartana|Beast Boost|boost\n|-boost|p1a: Kartana|atk|1\n|\n|upkeep\n|\n|t:|1663960090\n|switch|p2a: Glasses|Blacephalon, shiny|100\/100\n|-damage|p2a: Glasses|76\/100|[from] Stealth Rock\n|turn|37\n|\n|t:|1663960095\n|switch|p1a: Clefable|Clefable, M|28\/100\n|move|p2a: Glasses|Knock Off|p1a: Clefable\n|-resisted|p1a: Clefable\n|-damage|p1a: Clefable|10\/100\n|-enditem|p1a: Clefable|Leftovers|[from] move: Knock Off|[of] p2a: Glasses\n|\n|upkeep\n|turn|38\n|\n|t:|1663960103\n|move|p1a: Clefable|Protect|p1a: Clefable\n|-singleturn|p1a: Clefable|Protect\n|move|p2a: Glasses|Knock Off|p1a: Clefable\n|-activate|p1a: Clefable|move: Protect\n|\n|upkeep\n|turn|39\n|\n|t:|1663960108\n|switch|p1a: Heatran|Heatran, F|68\/100\n|move|p2a: Glasses|Knock Off|p1a: Heatran\n|-damage|p1a: Heatran|47\/100\n|-enditem|p1a: Heatran|Leftovers|[from] move: Knock Off|[of] p2a: Glasses\n|\n|upkeep\n|turn|40\n|\n|t:|1663960119\n|switch|p2a: Geschwindigkeit|Kartana, shiny|59\/100 brn\n|-damage|p2a: Geschwindigkeit|53\/100 brn|[from] Stealth Rock\n|move|p1a: Heatran|Toxic||[still]\n|-fail|p1a: Heatran\n|\n|-heal|p2a: Geschwindigkeit|59\/100 brn|[from] item: Leftovers\n|-damage|p2a: Geschwindigkeit|53\/100 brn|[from] brn\n|upkeep\n|turn|41\n|\n|t:|1663960124\n|move|p2a: Geschwindigkeit|Sacred Sword|p1a: Heatran\n|-supereffective|p1a: Heatran\n|-damage|p1a: Heatran|27\/100\n|move|p1a: Heatran|Lava Plume|p2a: Geschwindigkeit\n|-supereffective|p2a: Geschwindigkeit\n|-damage|p2a: Geschwindigkeit|0 fnt\n|faint|p2a: Geschwindigkeit\n|\n|upkeep\n|\n|t:|1663960138\n|switch|p2a: Emo|Mandibuzz, F|45\/100\n|-damage|p2a: Emo|20\/100|[from] Stealth Rock\n|turn|42\n|\n|t:|1663960140\n|move|p2a: Emo|Roost|p2a: Emo\n|-heal|p2a: Emo|70\/100\n|-singleturn|p2a: Emo|move: Roost\n|move|p1a: Heatran|Lava Plume|p2a: Emo\n|-damage|p2a: Emo|42\/100\n|-status|p2a: Emo|brn\n|\n|-damage|p2a: Emo|36\/100 brn|[from] brn\n|upkeep\n|turn|43\n|\n|t:|1663960146\n|move|p2a: Emo|Roost|p2a: Emo\n|-heal|p2a: Emo|86\/100 brn\n|-singleturn|p2a: Emo|move: Roost\n|move|p1a: Heatran|Lava Plume|p2a: Emo\n|-damage|p2a: Emo|55\/100 brn\n|\n|-damage|p2a: Emo|49\/100 brn|[from] brn\n|upkeep\n|turn|44\n|\n|t:|1663960149\n|switch|p1a: Kartana|Kartana|100\/100\n|move|p2a: Emo|Roost|p2a: Emo\n|-heal|p2a: Emo|99\/100 brn\n|-singleturn|p2a: Emo|move: Roost\n|\n|-damage|p2a: Emo|93\/100 brn|[from] brn\n|upkeep\n|turn|45\n|\n|t:|1663960152\n|move|p1a: Kartana|Smart Strike|p2a: Emo\n|-damage|p2a: Emo|52\/100 brn\n|move|p2a: Emo|Foul Play|p1a: Kartana\n|-damage|p1a: Kartana|68\/100\n|\n|-damage|p2a: Emo|46\/100 brn|[from] brn\n|upkeep\n|turn|46\n|\n|t:|1663960159\n|move|p1a: Kartana|Smart Strike|p2a: Emo\n|-damage|p2a: Emo|5\/100 brn\n|move|p2a: Emo|Roost|p2a: Emo\n|-heal|p2a: Emo|56\/100 brn\n|-singleturn|p2a: Emo|move: Roost\n|\n|-damage|p2a: Emo|49\/100 brn|[from] brn\n|upkeep\n|turn|47\n|\n|t:|1663960166\n|move|p1a: Kartana|Smart Strike|p2a: Emo\n|-crit|p2a: Emo\n|-damage|p2a: Emo|0 fnt\n|faint|p2a: Emo\n|-ability|p1a: Kartana|Beast Boost|boost\n|-boost|p1a: Kartana|atk|1\n|\n|upkeep\n|\n|t:|1663960173\n|switch|p2a: Glasses|Blacephalon, shiny|76\/100\n|-damage|p2a: Glasses|51\/100|[from] Stealth Rock\n|turn|48\n|\n|t:|1663960178\n|switch|p1a: Clefable|Clefable, M|10\/100\n|move|p2a: Glasses|Fire Punch|p1a: Clefable\n|-damage|p1a: Clefable|0 fnt\n|faint|p1a: Clefable\n|-ability|p2a: Glasses|Beast Boost|boost\n|-boost|p2a: Glasses|atk|1\n|\n|upkeep\n|\n|t:|1663960180\n|switch|p1a: Kartana|Kartana|68\/100\n|turn|49\n|\n|t:|1663960184\n|move|p2a: Glasses|Fire Punch|p1a: Kartana\n|-supereffective|p1a: Kartana\n|-damage|p1a: Kartana|0 fnt\n|faint|p1a: Kartana\n|-ability|p2a: Glasses|Beast Boost|boost\n|-boost|p2a: Glasses|atk|1\n|\n|upkeep\n|-message|shiawasenostory forfeited.\n|\n|win|UglyBitch69\n|raw|shiawasenostory's rating: 1657 &rarr; <strong>1632<\/strong><br \/>(-25 for losing)\n|raw|UglyBitch69's rating: 1575 &rarr; <strong>1600<\/strong><br \/>(+25 for winning)\n|l|\u2606shiawasenostory\n","uploadtime":1663960190,"views":23,"p1id":"shiawasenostory","p2id":"uglybitch69","formatid":"gen8ou","rating":1600,"private":0,"password":null}