{"id":"gen8ou-1453294801","p1":"im tofa","p2":"kibos bathroom","format":"gen8ou","log":"|j|\u2606im tofa\n|j|\u2606kibos bathroom\n|inactive|Battle timer is ON: inactive players will automatically lose when time's up.\n|t:|1636661414\n|gametype|singles\n|player|p1|im tofa|ethan-gen2c|\n|player|p2|kibos bathroom|lucas|\n|teamsize|p1|6\n|teamsize|p2|6\n|gen|8\n|tier|[Gen 8] OU\n|rated|Tournament battle\n|rule|Sleep Clause Mod: Limit one foe put to sleep\n|rule|Species Clause: Limit one of each Pok\u00e9mon\n|rule|OHKO Clause: OHKO moves are banned\n|rule|Evasion Moves Clause: Evasion moves are banned\n|rule|Endless Battle Clause: Forcing endless battles is banned\n|rule|HP Percentage Mod: HP is shown in percentages\n|rule|Dynamax Clause: You cannot dynamax\n|clearpoke\n|poke|p1|Darmanitan, F|\n|poke|p1|Slowbro, M|\n|poke|p1|Landorus-Therian, M|\n|poke|p1|Tornadus-Therian, M|\n|poke|p1|Melmetal|\n|poke|p1|Clefable, F|\n|poke|p2|Tapu Lele|\n|poke|p2|Urshifu-*, F|\n|poke|p2|Landorus-Therian, M|\n|poke|p2|Moltres-Galar|\n|poke|p2|Aegislash, M|\n|poke|p2|Kartana|\n|teampreview\n|inactive|im tofa also wants the timer to be on.\n|inactive|kibos bathroom also wants the timer to be on.\n|j|@azure nights \u263e\n|c|\u2606kibos bathroom|sttonut\n|inactive|im tofa has 120 seconds left.\n|inactive|kibos bathroom has 120 seconds left.\n|c|\u2606kibos bathroom|im to fast to nut\n|c|\u2606kibos bathroom|what\n|j| Slammy\n|\n|t:|1636661468\n|start\n|switch|p1a: Tornadus|Tornadus-Therian, M|100\/100\n|switch|p2a: Urshifu|Urshifu-Rapid-Strike, F|100\/100\n|turn|1\n|c|\u2606kibos bathroom|dude we gonna get locked if u keep talkin shit lol\n|c|\u2606kibos bathroom|XDDDD\n|c|\u2606kibos bathroom|shit on me\n|c|\u2606kibos bathroom|:smirk:\n|\n|t:|1636661496\n|switch|p2a: Landorus|Landorus-Therian, M|100\/100\n|-ability|p2a: Landorus|Intimidate|boost\n|-unboost|p1a: Tornadus|atk|1\n|move|p1a: Tornadus|Knock Off|p2a: Landorus\n|-damage|p2a: Landorus|87\/100\n|-enditem|p2a: Landorus|Soft Sand|[from] move: Knock Off|[of] p1a: Tornadus\n|\n|upkeep\n|turn|2\n|c|\u2606kibos bathroom|wtf are yall doing\n|c|\u2606kibos bathroom|lol idk\n|c|\u2606kibos bathroom|yall are weirdos\n|c|\u2606kibos bathroom|yeyeye\n|c|\u2606kibos bathroom|Get out of my bathroom\n|c|\u2606kibos bathroom|kek\n|inactive|im tofa has 120 seconds left.\n|\n|t:|1636661527\n|move|p1a: Tornadus|U-turn|p2a: Landorus\n|-resisted|p2a: Landorus\n|-damage|p2a: Landorus|82\/100\n|c|\u2606kibos bathroom|and get in me\n|\n|t:|1636661529\n|switch|p1a: Darmanitan|Darmanitan, F|100\/100|[from]move: U-turn\n|move|p2a: Landorus|Stealth Rock|p1a: Darmanitan\n|-sidestart|p1: im tofa|move: Stealth Rock\n|\n|upkeep\n|turn|3\n|c|\u2606kibos bathroom|o\n|c|\u2606kibos bathroom|o\n|c|\u2606kibos bathroom|o\n|c|\u2606kibos bathroom|o\n|c|\u2606kibos bathroom|bathroom finesse meetup\n|\n|t:|1636661542\n|switch|p2a: Urshifu|Urshifu-Rapid-Strike, F|100\/100\n|move|p1a: Darmanitan|Flare Blitz|p2a: Urshifu\n|-resisted|p2a: Urshifu\n|-damage|p2a: Urshifu|59\/100\n|-damage|p1a: Darmanitan|87\/100|[from] Recoil\n|\n|upkeep\n|turn|4\n|c|\u2606kibos bathroom|this bathroom kinda nice\n|c|\u2606kibos bathroom|nice tiles bro\n|\n|t:|1636661554\n|move|p2a: Urshifu|U-turn|p1a: Darmanitan\n|-resisted|p1a: Darmanitan\n|-damage|p1a: Darmanitan|60\/100\n|\n|t:|1636661561\n|switch|p2a: Landorus|Landorus-Therian, M|82\/100|[from]move: U-turn\n|-ability|p2a: Landorus|Intimidate|boost\n|-unboost|p1a: Darmanitan|atk|1\n|move|p1a: Darmanitan|Flare Blitz|p2a: Landorus\n|-damage|p2a: Landorus|26\/100\n|-damage|p1a: Darmanitan|40\/100|[from] Recoil\n|\n|upkeep\n|turn|5\n|c|\u2606kibos bathroom|oooo\n|\n|t:|1636661569\n|move|p1a: Darmanitan|Fire Punch|p2a: Landorus\n|-damage|p2a: Landorus|0 fnt\n|faint|p2a: Landorus\n|\n|upkeep\n|\n|t:|1636661591\n|switch|p2a: Kartana|Kartana|100\/100\n|turn|6\n|c|\u2606kibos bathroom|ye ye ye\n|c|\u2606kibos bathroom|yeyeyeyeyeyeyeyyeye\n|\n|t:|1636661607\n|switch|p1a: Tornadus|Tornadus-Therian, M|100\/100\n|move|p2a: Kartana|Knock Off|p1a: Tornadus\n|-damage|p1a: Tornadus|51\/100\n|-enditem|p1a: Tornadus|Heavy-Duty Boots|[from] move: Knock Off|[of] p2a: Kartana\n|\n|upkeep\n|turn|7\n|c|\u2606kibos bathroom|yeyeyeyeyyeyeyeyeyyeye\n|c|\u2606kibos bathroom|tiles are dirty now\n|c|\u2606kibos bathroom|oooo\n|c|\u2606kibos bathroom|o\n|c|\u2606kibos bathroom|o\n|c|\u2606kibos bathroom|o\n|c|\u2606kibos bathroom|what did you do\n|c|\u2606kibos bathroom|o\n|c|\u2606kibos bathroom|o\n|c|\u2606kibos bathroom|y'all cracked\n|c|\u2606kibos bathroom|shit on floor\n|c|\u2606kibos bathroom|g\n|c|\u2606kibos bathroom|g\n|c|\u2606kibos bathroom|g\n|c|\u2606kibos bathroom|g\n|c|\u2606kibos bathroom|g\n|inactive|kibos bathroom has 120 seconds left.\n|inactive|kibos bathroom has 90 seconds left.\n|\n|t:|1636661668\n|move|p2a: Kartana|Knock Off|p1a: Tornadus\n|-damage|p1a: Tornadus|16\/100\n|move|p1a: Tornadus|Defog|p2a: Kartana\n|-unboost|p2a: Kartana|evasion|1\n|-sideend|p1: im tofa|Stealth Rock|[from] move: Defog|[of] p1a: Tornadus\n|\n|upkeep\n|turn|8\n|\n|t:|1636661671\n|switch|p1a: Clefable|Clefable, F|100\/100\n|move|p2a: Kartana|Knock Off|p1a: Clefable\n|-resisted|p1a: Clefable\n|-damage|p1a: Clefable|75\/100\n|-enditem|p1a: Clefable|Leftovers|[from] move: Knock Off|[of] p2a: Kartana\n|\n|upkeep\n|turn|9\n|\n|t:|1636661680\n|switch|p2a: Aegislash|Aegislash, M|100\/100\n|move|p1a: Clefable|Teleport|p1a: Clefable\n|\n|t:|1636661684\n|switch|p1a: Landorus|Landorus-Therian, M|100\/100|[from]move: Teleport\n|-ability|p1a: Landorus|Intimidate|boost\n|-unboost|p2a: Aegislash|atk|1\n|\n|upkeep\n|turn|10\n|\n|t:|1636661697\n|move|p1a: Landorus|Stealth Rock|p2a: Aegislash\n|-sidestart|p2: kibos bathroom|move: Stealth Rock\n|-formechange|p2a: Aegislash|Aegislash-Blade||[from] ability: Stance Change\n|move|p2a: Aegislash|Shadow Ball|p1a: Landorus\n|-damage|p1a: Landorus|59\/100\n|\n|-heal|p1a: Landorus|65\/100|[from] item: Leftovers\n|upkeep\n|turn|11\n|\n|t:|1636661706\n|-formechange|p2a: Aegislash|Aegislash||[from] ability: Stance Change\n|move|p2a: Aegislash|King's Shield|p2a: Aegislash\n|-singleturn|p2a: Aegislash|Protect\n|move|p1a: Landorus|Knock Off|p2a: Aegislash\n|-activate|p2a: Aegislash|move: Protect\n|-unboost|p1a: Landorus|atk|1\n|\n|-heal|p1a: Landorus|71\/100|[from] item: Leftovers\n|upkeep\n|turn|12\n|c|\u2606kibos bathroom|no spdef drop\n|c|\u2606kibos bathroom|hax\n|c|\u2606kibos bathroom|yeyeyeyeyeye\n|\n|t:|1636661720\n|move|p1a: Landorus|Earthquake|p2a: Aegislash\n|-supereffective|p2a: Aegislash\n|-damage|p2a: Aegislash|32\/100\n|-formechange|p2a: Aegislash|Aegislash-Blade||[from] ability: Stance Change\n|move|p2a: Aegislash|Shadow Ball|p1a: Landorus\n|-damage|p1a: Landorus|27\/100\n|-unboost|p1a: Landorus|spd|1\n|\n|-heal|p1a: Landorus|33\/100|[from] item: Leftovers\n|upkeep\n|turn|13\n|c|\u2606kibos bathroom|ooooo\n|c|\u2606kibos bathroom|o\n|c|\u2606kibos bathroom|o\n|c|\u2606kibos bathroom|o\n|c|\u2606kibos bathroom|o\n|c|\u2606kibos bathroom|o\n|\n|t:|1636661731\n|move|p1a: Landorus|Earthquake|p2a: Aegislash\n|-supereffective|p2a: Aegislash\n|-damage|p2a: Aegislash|0 fnt\n|faint|p2a: Aegislash\n|\n|-heal|p1a: Landorus|39\/100|[from] item: Leftovers\n|upkeep\n|\n|t:|1636661740\n|switch|p2a: Moltres|Moltres-Galar|100\/100\n|turn|14\n|\n|t:|1636661746\n|move|p2a: Moltres|Nasty Plot|p2a: Moltres\n|-boost|p2a: Moltres|spa|2\n|move|p1a: Landorus|Toxic|p2a: Moltres\n|-status|p2a: Moltres|tox\n|\n|-heal|p1a: Landorus|45\/100|[from] item: Leftovers\n|-damage|p2a: Moltres|94\/100 tox|[from] psn\n|upkeep\n|turn|15\n|c|\u2606kibos bathroom|who hits\n|c|\u2606kibos bathroom|hax\n|\n|t:|1636661755\n|move|p2a: Moltres|Agility|p2a: Moltres\n|-boost|p2a: Moltres|spe|2\n|move|p1a: Landorus|Knock Off|p2a: Moltres\n|-resisted|p2a: Moltres\n|-damage|p2a: Moltres|83\/100 tox\n|-enditem|p2a: Moltres|Heavy-Duty Boots|[from] move: Knock Off|[of] p1a: Landorus\n|\n|-heal|p1a: Landorus|51\/100|[from] item: Leftovers\n|-damage|p2a: Moltres|71\/100 tox|[from] psn\n|upkeep\n|turn|16\n|c|\u2606kibos bathroom|i didn't click that\n|c|\u2606kibos bathroom|ye sure\n|c|\u2606kibos bathroom|yes u did\n|c|\u2606kibos bathroom|idiot\n|c|\u2606kibos bathroom|bro\n|inactive|im tofa has 120 seconds left.\n|\n|t:|1636661786\n|move|p2a: Moltres|Air Slash|p1a: Landorus|[miss]\n|-miss|p2a: Moltres|p1a: Landorus\n|move|p1a: Landorus|Knock Off|p2a: Moltres\n|-resisted|p2a: Moltres\n|-damage|p2a: Moltres|63\/100 tox\n|\n|-heal|p1a: Landorus|57\/100|[from] item: Leftovers\n|-damage|p2a: Moltres|45\/100 tox|[from] psn\n|upkeep\n|turn|17\n|c|\u2606kibos bathroom|can you please believe me\n|\n|t:|1636661791\n|move|p2a: Moltres|Air Slash|p1a: Landorus\n|-damage|p1a: Landorus|0 fnt\n|faint|p1a: Landorus\n|\n|-damage|p2a: Moltres|21\/100 tox|[from] psn\n|upkeep\n|\n|t:|1636661793\n|switch|p1a: Clefable|Clefable, F|75\/100\n|turn|18\n|c| Slammy|are you like 12?\n|\n|t:|1636661796\n|move|p1a: Clefable|Protect|p1a: Clefable\n|-singleturn|p1a: Clefable|Protect\n|move|p2a: Moltres|Air Slash|p1a: Clefable\n|-activate|p1a: Clefable|move: Protect\n|\n|-damage|p2a: Moltres|0 fnt|[from] psn\n|faint|p2a: Moltres\n|upkeep\n|\n|t:|1636661804\n|switch|p2a: Urshifu|Urshifu-Rapid-Strike, F|59\/100\n|-damage|p2a: Urshifu|53\/100|[from] Stealth Rock\n|turn|19\n|\n|t:|1636661815\n|switch|p1a: Slowbro|Slowbro, M|100\/100\n|move|p2a: Urshifu|Surging Strikes|p1a: Slowbro\n|-resisted|p1a: Slowbro\n|-crit|p1a: Slowbro\n|-damage|p1a: Slowbro|91\/100\n|-damage|p2a: Urshifu|37\/100|[from] item: Rocky Helmet|[of] p1a: Slowbro\n|-resisted|p1a: Slowbro\n|-crit|p1a: Slowbro\n|-damage|p1a: Slowbro|82\/100\n|-damage|p2a: Urshifu|20\/100|[from] item: Rocky Helmet|[of] p1a: Slowbro\n|-resisted|p1a: Slowbro\n|-crit|p1a: Slowbro\n|-damage|p1a: Slowbro|73\/100\n|-damage|p2a: Urshifu|4\/100|[from] item: Rocky Helmet|[of] p1a: Slowbro\n|-hitcount|p1a: Slowbro|3\n|\n|upkeep\n|turn|20\n|\n|t:|1636661830\n|switch|p2a: Kartana|Kartana|100\/100\n|-damage|p2a: Kartana|94\/100|[from] Stealth Rock\n|move|p1a: Slowbro|Teleport|p1a: Slowbro\n|\n|t:|1636661834\n|switch|p1a: Tornadus|Tornadus-Therian, M|49\/100|[from]move: Teleport\n|\n|upkeep\n|turn|21\n|c|\u2606kibos bathroom|triple hit moves+rocky helmet brings up big wall of text\n|\n|t:|1636661847\n|switch|p1a: Slowbro|Slowbro, M|100\/100\n|move|p2a: Kartana|Smart Strike|p1a: Slowbro\n|-resisted|p1a: Slowbro\n|-crit|p1a: Slowbro\n|-damage|p1a: Slowbro|81\/100\n|-damage|p2a: Kartana|78\/100|[from] item: Rocky Helmet|[of] p1a: Slowbro\n|\n|upkeep\n|turn|22\n|\n|t:|1636661860\n|move|p2a: Kartana|Smart Strike|p1a: Slowbro\n|-resisted|p1a: Slowbro\n|-damage|p1a: Slowbro|68\/100\n|-damage|p2a: Kartana|61\/100|[from] item: Rocky Helmet|[of] p1a: Slowbro\n|move|p1a: Slowbro|Future Sight|p2a: Kartana\n|-start|p1a: Slowbro|move: Future Sight\n|\n|upkeep\n|turn|23\n|\n|t:|1636661863\n|move|p2a: Kartana|Smart Strike|p1a: Slowbro\n|-resisted|p1a: Slowbro\n|-damage|p1a: Slowbro|53\/100\n|-damage|p2a: Kartana|45\/100|[from] item: Rocky Helmet|[of] p1a: Slowbro\n|move|p1a: Slowbro|Slack Off|p1a: Slowbro\n|-heal|p1a: Slowbro|100\/100\n|\n|upkeep\n|turn|24\n|c|\u2606kibos bathroom|gaming\n|\n|t:|1636661867\n|switch|p2a: Urshifu|Urshifu-Rapid-Strike, F|4\/100\n|-damage|p2a: Urshifu|0 fnt|[from] Stealth Rock\n|faint|p2a: Urshifu\n|move|p1a: Slowbro|Scald|p2: Urshifu|[notarget]\n|-fail|p1a: Slowbro\n|\n|-hint|Future Sight did not hit because the target is fainted.\n|upkeep\n|\n|t:|1636661872\n|switch|p2a: Kartana|Kartana|45\/100\n|-damage|p2a: Kartana|38\/100|[from] Stealth Rock\n|turn|25\n|\n|t:|1636661883\n|move|p2a: Kartana|Smart Strike|p1a: Slowbro\n|-resisted|p1a: Slowbro\n|-damage|p1a: Slowbro|87\/100\n|-damage|p2a: Kartana|22\/100|[from] item: Rocky Helmet|[of] p1a: Slowbro\n|move|p1a: Slowbro|Scald|p2a: Kartana\n|-resisted|p2a: Kartana\n|-crit|p2a: Kartana\n|-damage|p2a: Kartana|0 fnt\n|faint|p2a: Kartana\n|\n|upkeep\n|\n|t:|1636661887\n|switch|p2a: Tapu Lele|Tapu Lele|100\/100\n|-damage|p2a: Tapu Lele|88\/100|[from] Stealth Rock\n|-fieldstart|move: Psychic Terrain|[from] ability: Psychic Surge|[of] p2a: Tapu Lele\n|turn|26\n|c|\u2606kibos bathroom|haxed\n|\n|t:|1636661895\n|move|p2a: Tapu Lele|Thunderbolt|p1a: Slowbro\n|-supereffective|p1a: Slowbro\n|-damage|p1a: Slowbro|10\/100\n|move|p1a: Slowbro|Scald|p2a: Tapu Lele\n|-damage|p2a: Tapu Lele|68\/100\n|\n|upkeep\n|turn|27\n|\n|t:|1636661903\n|move|p2a: Tapu Lele|Thunderbolt|p1a: Slowbro\n|-supereffective|p1a: Slowbro\n|-damage|p1a: Slowbro|0 fnt\n|faint|p1a: Slowbro\n|\n|upkeep\n|\n|t:|1636661906\n|switch|p1a: Melmetal|Melmetal|100\/100\n|turn|28\n|\n|t:|1636661908\n|move|p2a: Tapu Lele|Moonblast|p1a: Melmetal\n|-resisted|p1a: Melmetal\n|-damage|p1a: Melmetal|73\/100\n|move|p1a: Melmetal|Double Iron Bash|p2a: Tapu Lele\n|-supereffective|p2a: Tapu Lele\n|-damage|p2a: Tapu Lele|0 fnt\n|faint|p2a: Tapu Lele\n|-hitcount|p2: Tapu Lele|1\n|\n|win|im tofa\n|n|\u2606im tofa|imtofa\n|n|\u2606kibos bathroom|kibosbathroom\n|n| azure nights \u263e|azurenights\n|n| Slammy|slammy\n","uploadtime":1636661913,"views":100,"p1id":"imtofa","p2id":"kibosbathroom","formatid":"gen8ou","rating":0,"private":0,"password":null}