{"id":"gen8ou-1629222749","p1":"I0SIS","p2":"lt91bb FJ2K","format":"gen8ou","log":"|j|\u2606I0SIS\n|j|\u203dlt91bb FJ2K\n|t:|1659279805\n|gametype|singles\n|player|p1|I0SIS|doctor|1662\n|player|p2|lt91bb FJ2K|2|1662\n|teamsize|p1|6\n|teamsize|p2|6\n|gen|8\n|tier|[Gen 8] OU\n|rated|\n|rule|Sleep Clause Mod: Limit one foe put to sleep\n|rule|Species Clause: Limit one of each Pok\u00e9mon\n|rule|OHKO Clause: OHKO moves are banned\n|rule|Evasion Moves Clause: Evasion moves are banned\n|rule|Endless Battle Clause: Forcing endless battles is banned\n|rule|HP Percentage Mod: HP is shown in percentages\n|rule|Dynamax Clause: You cannot dynamax\n|clearpoke\n|poke|p1|Mew|\n|poke|p1|Bisharp, M|\n|poke|p1|Toxtricity, M|\n|poke|p1|Blaziken, M|\n|poke|p1|Garchomp, F|\n|poke|p1|Dragapult, F|\n|poke|p2|Tyranitar, F|\n|poke|p2|Rotom-Wash|\n|poke|p2|Ferrothorn, M|\n|poke|p2|Excadrill, F|\n|poke|p2|Dragapult, F|\n|poke|p2|Clefable, F|\n|teampreview\n|\n|t:|1659279815\n|start\n|switch|p1a: Mew|Mew, shiny|100\/100\n|switch|p2a: Dragapult|Dragapult, F|100\/100\n|turn|1\n|\n|t:|1659279817\n|move|p2a: Dragapult|Shadow Ball|p1a: Mew\n|-supereffective|p1a: Mew\n|-damage|p1a: Mew|1\/100\n|-enditem|p1a: Mew|Red Card|[of] p2a: Dragapult\n|drag|p2a: Rotom|Rotom-Wash|100\/100\n|move|p1a: Mew|Stealth Rock|p2a: Rotom\n|-sidestart|p2: lt91bb FJ2K|move: Stealth Rock\n|\n|upkeep\n|turn|2\n|\n|t:|1659279822\n|move|p1a: Mew|Taunt|p2a: Rotom\n|-start|p2a: Rotom|move: Taunt\n|move|p2a: Rotom|Volt Switch|p1a: Mew\n|-damage|p1a: Mew|0 fnt\n|faint|p1a: Mew\n|\n|t:|1659279837\n|switch|p2a: Clefable|Clefable, F|100\/100|[from]move: Volt Switch\n|\n|upkeep\n|\n|t:|1659279840\n|switch|p1a: Toxtricity|Toxtricity, M|100\/100\n|turn|3\n|inactive|Battle timer is ON: inactive players will automatically lose when time's up. (requested by lt91bb FJ2K)\n|\n|t:|1659279842\n|switch|p2a: Ferrothorn|Ferrothorn, M|100\/100\n|-damage|p2a: Ferrothorn|94\/100|[from] Stealth Rock\n|move|p1a: Toxtricity|Shift Gear|p1a: Toxtricity\n|-boost|p1a: Toxtricity|spe|2\n|-boost|p1a: Toxtricity|atk|1\n|\n|-heal|p2a: Ferrothorn|100\/100|[from] item: Leftovers\n|upkeep\n|turn|4\n|\n|t:|1659279844\n|move|p1a: Toxtricity|Shift Gear|p1a: Toxtricity\n|-boost|p1a: Toxtricity|spe|2\n|-boost|p1a: Toxtricity|atk|1\n|move|p2a: Ferrothorn|Leech Seed|p1a: Toxtricity\n|-start|p1a: Toxtricity|move: Leech Seed\n|\n|-damage|p1a: Toxtricity|88\/100|[from] Leech Seed|[of] p2a: Ferrothorn\n|upkeep\n|turn|5\n|\n|t:|1659279849\n|move|p1a: Toxtricity|Boomburst|p2a: Ferrothorn\n|-resisted|p2a: Ferrothorn\n|-damage|p2a: Ferrothorn|83\/100\n|-enditem|p1a: Toxtricity|Throat Spray\n|-boost|p1a: Toxtricity|spa|1|[from] item: Throat Spray\n|move|p2a: Ferrothorn|Knock Off|p1a: Toxtricity\n|-damage|p1a: Toxtricity|62\/100\n|\n|-heal|p2a: Ferrothorn|89\/100|[from] item: Leftovers\n|-damage|p1a: Toxtricity|50\/100|[from] Leech Seed|[of] p2a: Ferrothorn\n|-heal|p2a: Ferrothorn|99\/100|[silent]\n|upkeep\n|turn|6\n|\n|t:|1659279853\n|move|p1a: Toxtricity|Drain Punch|p2a: Ferrothorn\n|-supereffective|p2a: Ferrothorn\n|-damage|p2a: Ferrothorn|54\/100\n|-heal|p1a: Toxtricity|77\/100|[from] drain|[of] p2a: Ferrothorn\n|-damage|p1a: Toxtricity|64\/100|[from] ability: Iron Barbs|[of] p2a: Ferrothorn\n|move|p2a: Ferrothorn|Spikes|p1a: Toxtricity\n|-sidestart|p1: I0SIS|Spikes\n|\n|-heal|p2a: Ferrothorn|60\/100|[from] item: Leftovers\n|-damage|p1a: Toxtricity|52\/100|[from] Leech Seed|[of] p2a: Ferrothorn\n|-heal|p2a: Ferrothorn|71\/100|[silent]\n|upkeep\n|turn|7\n|\n|t:|1659279857\n|move|p1a: Toxtricity|Drain Punch|p2a: Ferrothorn\n|-supereffective|p2a: Ferrothorn\n|-damage|p2a: Ferrothorn|20\/100\n|-heal|p1a: Toxtricity|83\/100|[from] drain|[of] p2a: Ferrothorn\n|-damage|p1a: Toxtricity|71\/100|[from] ability: Iron Barbs|[of] p2a: Ferrothorn\n|move|p2a: Ferrothorn|Spikes|p1a: Toxtricity\n|-sidestart|p1: I0SIS|Spikes\n|\n|-heal|p2a: Ferrothorn|26\/100|[from] item: Leftovers\n|-damage|p1a: Toxtricity|58\/100|[from] Leech Seed|[of] p2a: Ferrothorn\n|-heal|p2a: Ferrothorn|36\/100|[silent]\n|upkeep\n|turn|8\n|\n|t:|1659279869\n|move|p1a: Toxtricity|Overdrive|p2a: Ferrothorn\n|-resisted|p2a: Ferrothorn\n|-damage|p2a: Ferrothorn|9\/100\n|move|p2a: Ferrothorn|Spikes|p1a: Toxtricity\n|-sidestart|p1: I0SIS|Spikes\n|\n|-heal|p2a: Ferrothorn|15\/100|[from] item: Leftovers\n|-damage|p1a: Toxtricity|46\/100|[from] Leech Seed|[of] p2a: Ferrothorn\n|-heal|p2a: Ferrothorn|25\/100|[silent]\n|upkeep\n|turn|9\n|\n|t:|1659279873\n|move|p1a: Toxtricity|Drain Punch|p2a: Ferrothorn\n|-supereffective|p2a: Ferrothorn\n|-damage|p2a: Ferrothorn|0 fnt\n|-heal|p1a: Toxtricity|61\/100|[from] drain|[of] p2a: Ferrothorn\n|-damage|p1a: Toxtricity|49\/100|[from] ability: Iron Barbs|[of] p2a: Ferrothorn\n|faint|p2a: Ferrothorn\n|\n|upkeep\n|\n|t:|1659279875\n|switch|p2a: Tyranitar|Tyranitar, F|100\/100\n|-damage|p2a: Tyranitar|88\/100|[from] Stealth Rock\n|-weather|Sandstorm|[from] ability: Sand Stream|[of] p2a: Tyranitar\n|turn|10\n|\n|t:|1659279883\n|switch|p2a: Clefable|Clefable, F|100\/100\n|move|p1a: Toxtricity|Drain Punch|p2a: Clefable\n|-resisted|p2a: Clefable\n|-damage|p2a: Clefable|86\/100\n|-heal|p1a: Toxtricity|58\/100|[from] drain|[of] p2a: Clefable\n|-damage|p1a: Toxtricity|42\/100|[from] item: Rocky Helmet|[of] p2a: Clefable\n|\n|-weather|Sandstorm|[upkeep]\n|-damage|p1a: Toxtricity|36\/100|[from] Sandstorm\n|-damage|p1a: Toxtricity|23\/100|[from] Leech Seed|[of] p2a: Clefable\n|-heal|p2a: Clefable|95\/100|[silent]\n|upkeep\n|turn|11\n|\n|t:|1659279888\n|move|p1a: Toxtricity|Boomburst|p2a: Clefable\n|-damage|p2a: Clefable|19\/100\n|move|p2a: Clefable|Soft-Boiled|p2a: Clefable\n|-heal|p2a: Clefable|69\/100\n|\n|-weather|Sandstorm|[upkeep]\n|-damage|p1a: Toxtricity|17\/100|[from] Sandstorm\n|-damage|p1a: Toxtricity|5\/100|[from] Leech Seed|[of] p2a: Clefable\n|-heal|p2a: Clefable|78\/100|[silent]\n|upkeep\n|turn|12\n|\n|t:|1659279893\n|move|p1a: Toxtricity|Overdrive|p2a: Clefable\n|-damage|p2a: Clefable|4\/100\n|move|p2a: Clefable|Soft-Boiled|p2a: Clefable\n|-heal|p2a: Clefable|54\/100\n|\n|-weather|Sandstorm|[upkeep]\n|-damage|p1a: Toxtricity|0 fnt|[from] Sandstorm\n|faint|p1a: Toxtricity\n|upkeep\n|\n|t:|1659279899\n|switch|p1a: Bisharp|Bisharp, M, shiny|100\/100\n|-damage|p1a: Bisharp|76\/100|[from] Spikes\n|turn|13\n|\n|t:|1659279902\n|move|p1a: Bisharp|Iron Head|p2a: Clefable\n|-supereffective|p2a: Clefable\n|-damage|p2a: Clefable|0 fnt\n|-damage|p1a: Bisharp|59\/100|[from] item: Rocky Helmet|[of] p2a: Clefable\n|faint|p2a: Clefable\n|\n|-weather|Sandstorm|[upkeep]\n|upkeep\n|\n|t:|1659279911\n|switch|p2a: Rotom|Rotom-Wash|100\/100\n|-damage|p2a: Rotom|88\/100|[from] Stealth Rock\n|turn|14\n|\n|t:|1659279914\n|move|p2a: Rotom|Hydro Pump|p1a: Bisharp|[miss]\n|-miss|p2a: Rotom|p1a: Bisharp\n|move|p1a: Bisharp|Knock Off|p2a: Rotom\n|-damage|p2a: Rotom|17\/100\n|-enditem|p2a: Rotom|Leftovers|[from] move: Knock Off|[of] p1a: Bisharp\n|\n|-weather|none\n|upkeep\n|turn|15\n|\n|t:|1659279916\n|move|p1a: Bisharp|Sucker Punch||[still]\n|-fail|p1a: Bisharp\n|move|p2a: Rotom|Pain Split|p1a: Bisharp\n|-sethp|p1a: Bisharp|39\/100|[from] move: Pain Split|[silent]\n|-sethp|p2a: Rotom|35\/100|[from] move: Pain Split\n|\n|upkeep\n|turn|16\n|\n|t:|1659279919\n|move|p2a: Rotom|Will-O-Wisp|p1a: Bisharp\n|-status|p1a: Bisharp|brn\n|move|p1a: Bisharp|Knock Off|p2a: Rotom\n|-damage|p2a: Rotom|10\/100\n|\n|-damage|p1a: Bisharp|33\/100 brn|[from] brn\n|upkeep\n|turn|17\n|\n|t:|1659279922\n|move|p2a: Rotom|Hydro Pump|p1a: Bisharp\n|-damage|p1a: Bisharp|0 fnt\n|faint|p1a: Bisharp\n|\n|upkeep\n|\n|t:|1659279927\n|switch|p1a: Blaziken|Blaziken, M|100\/100\n|-item|p1a: Blaziken|Air Balloon\n|turn|18\n|\n|t:|1659279931\n|move|p2a: Rotom|Hydro Pump|p1a: Blaziken\n|-supereffective|p1a: Blaziken\n|-damage|p1a: Blaziken|0 fnt\n|-enditem|p1a: Blaziken|Air Balloon\n|faint|p1a: Blaziken\n|\n|upkeep\n|\n|t:|1659279933\n|switch|p1a: Dragapult|Dragapult, F|100\/100\n|-damage|p1a: Dragapult|76\/100|[from] Spikes\n|turn|19\n|\n|t:|1659279936\n|move|p1a: Dragapult|Dragon Darts|p2a: Rotom\n|-damage|p2a: Rotom|0 fnt\n|faint|p2a: Rotom\n|-damage|p1a: Dragapult|66\/100|[from] item: Life Orb\n|\n|upkeep\n|\n|t:|1659279940\n|switch|p2a: Tyranitar|Tyranitar, F|88\/100\n|-damage|p2a: Tyranitar|76\/100|[from] Stealth Rock\n|-weather|Sandstorm|[from] ability: Sand Stream|[of] p2a: Tyranitar\n|turn|20\n|\n|t:|1659279943\n|move|p1a: Dragapult|Dragon Darts|p2a: Tyranitar\n|-damage|p2a: Tyranitar|42\/100\n|-anim|p1a: Dragapult|Dragon Darts|p2a: Tyranitar\n|-crit|p2a: Tyranitar\n|-damage|p2a: Tyranitar|0 fnt\n|faint|p2a: Tyranitar\n|-damage|p1a: Dragapult|56\/100|[from] item: Life Orb\n|\n|-weather|Sandstorm|[upkeep]\n|-damage|p1a: Dragapult|50\/100|[from] Sandstorm\n|upkeep\n|\n|t:|1659279948\n|switch|p2a: Excadrill|Excadrill, F|100\/100\n|-damage|p2a: Excadrill|97\/100|[from] Stealth Rock\n|turn|21\n|\n|t:|1659279951\n|move|p2a: Excadrill|Earthquake|p1a: Dragapult\n|-damage|p1a: Dragapult|0 fnt\n|faint|p1a: Dragapult\n|\n|-weather|Sandstorm|[upkeep]\n|-heal|p2a: Excadrill|100\/100|[from] item: Leftovers\n|upkeep\n|\n|t:|1659279952\n|switch|p1a: Garchomp|Garchomp, F|100\/100\n|-damage|p1a: Garchomp|76\/100|[from] Spikes\n|turn|22\n|\n|t:|1659279954\n|move|p2a: Excadrill|Earthquake|p1a: Garchomp\n|-damage|p1a: Garchomp|21\/100\n|move|p1a: Garchomp|Scale Shot|p2a: Excadrill\n|-resisted|p2a: Excadrill\n|-damage|p2a: Excadrill|91\/100\n|-resisted|p2a: Excadrill\n|-damage|p2a: Excadrill|81\/100\n|-hitcount|p2a: Excadrill|2\n|-unboost|p1a: Garchomp|def|1\n|-boost|p1a: Garchomp|spe|1\n|\n|-weather|Sandstorm|[upkeep]\n|-heal|p2a: Excadrill|87\/100|[from] item: Leftovers\n|-heal|p1a: Garchomp|27\/100|[from] item: Leftovers\n|upkeep\n|turn|23\n|\n|t:|1659279956\n|move|p2a: Excadrill|Earthquake|p1a: Garchomp\n|-damage|p1a: Garchomp|0 fnt\n|faint|p1a: Garchomp\n|\n|win|lt91bb FJ2K\n|raw|I0SIS's rating: 1662 &rarr; <strong>1642<\/strong><br \/>(-20 for losing)\n|raw|lt91bb FJ2K's rating: 1662 &rarr; <strong>1682<\/strong><br \/>(+20 for winning)\n|l|\u2606I0SIS\n||Ladder isn't responding, score probably updated but might not have (Request timeout).\n","uploadtime":1659279960,"views":36,"p1id":"i0sis","p2id":"lt91bbfj2k","formatid":"gen8ou","rating":1642,"private":0,"password":null}