{"id":"gen8ou-1227997318","p1":"sht testing","p2":"Contorted Lies","format":"gen8ou","log":"|j|\u2606sht testing\n|j|\u2606Contorted Lies\n|t:|1605909314\n|player|p1|sht testing|oak-gen1|1950\n|player|p2|Contorted Lies|170|1975\n|teamsize|p1|6\n|teamsize|p2|6\n|gametype|singles\n|gen|8\n|tier|[Gen 8] OU\n|rated|\n|clearpoke\n|poke|p1|Pelipper, F|\n|poke|p1|Kingdra, M|\n|poke|p1|Crawdaunt, F|\n|poke|p1|Scizor, M|\n|poke|p1|Ferrothorn, M|\n|poke|p1|Thundurus-Therian, M|\n|poke|p2|Cinderace, M|\n|poke|p2|Tyranitar, F|\n|poke|p2|Excadrill, F|\n|poke|p2|Buzzwole|\n|poke|p2|Slowbro, F|\n|poke|p2|Magearna|\n|rule|Sleep Clause Mod: Limit one foe put to sleep\n|rule|Species Clause: Limit one of each Pok\u00e9mon\n|rule|OHKO Clause: OHKO moves are banned\n|rule|Evasion Moves Clause: Evasion moves are banned\n|rule|Endless Battle Clause: Forcing endless battles is banned\n|rule|HP Percentage Mod: HP is shown in percentages\n|rule|Dynamax Clause: You cannot dynamax\n|teampreview\n|\n|t:|1605909324\n|start\n|switch|p1a: Pelipper|Pelipper, F|100\/100\n|switch|p2a: Magearna|Magearna|100\/100\n|-weather|RainDance|[from] ability: Drizzle|[of] p1a: Pelipper\n|turn|1\n|\n|t:|1605909328\n|switch|p1a: Scizor|Scizor, M|100\/100\n|move|p2a: Magearna|Volt Switch|p1a: Scizor\n|-damage|p1a: Scizor|72\/100\n|j| AnimaticLunatic\n|\n|t:|1605909332\n|switch|p2a: Cinderace|Cinderace, M|100\/100|[from]move: Volt Switch\n|\n|-weather|RainDance|[upkeep]\n|upkeep\n|turn|2\n|\n|t:|1605909337\n|switch|p1a: Pelipper|Pelipper, F|100\/100\n|move|p2a: Cinderace|High Jump Kick|p1a: Pelipper\n|-start|p2a: Cinderace|typechange|Fighting|[from] ability: Libero\n|-resisted|p1a: Pelipper\n|-damage|p1a: Pelipper|63\/100\n|\n|-weather|RainDance|[upkeep]\n|upkeep\n|turn|3\n|j| Boi 240\n|j| Imanoobhavepity\n|\n|t:|1605909345\n|switch|p2a: Tyranitar|Tyranitar, F|100\/100\n|-weather|Sandstorm|[from] ability: Sand Stream|[of] p2a: Tyranitar\n|move|p1a: Pelipper|U-turn|p2a: Tyranitar\n|-supereffective|p2a: Tyranitar\n|-damage|p2a: Tyranitar|82\/100\n|l| AnimaticLunatic\n|j| v00dew\n|j| AnimaticLunatic\n|j| hfeath\n|l| Imanoobhavepity\n|\n|t:|1605909350\n|switch|p1a: Crawdaunt|Crawdaunt, F|100\/100|[from]move: U-turn\n|\n|-weather|Sandstorm|[upkeep]\n|-damage|p1a: Crawdaunt|95\/100|[from] Sandstorm\n|upkeep\n|turn|4\n|l| v00dew\n|j| I quit the game\n|\n|t:|1605909356\n|move|p2a: Tyranitar|Superpower|p1a: Crawdaunt\n|-supereffective|p1a: Crawdaunt\n|-damage|p1a: Crawdaunt|0 fnt\n|-unboost|p2a: Tyranitar|atk|1\n|-unboost|p2a: Tyranitar|def|1\n|faint|p1a: Crawdaunt\n|\n|-weather|Sandstorm|[upkeep]\n|upkeep\n|\n|t:|1605909361\n|switch|p1a: Pelipper|Pelipper, F|63\/100\n|-weather|RainDance|[from] ability: Drizzle|[of] p1a: Pelipper\n|turn|5\n|\n|t:|1605909367\n|switch|p2a: Slowbro|Slowbro, F|100\/100\n|move|p1a: Pelipper|U-turn|p2a: Slowbro\n|-supereffective|p2a: Slowbro\n|-damage|p2a: Slowbro|90\/100\n|c|\u2606sht testing|ah ok\n|j| cutie cute 1234\n|\n|t:|1605909379\n|switch|p1a: Thundurus|Thundurus-Therian, M|100\/100|[from]move: U-turn\n|\n|-weather|RainDance|[upkeep]\n|-heal|p2a: Slowbro|96\/100|[from] item: Leftovers\n|upkeep\n|turn|6\n|c| cutie cute 1234|?\n|\n|t:|1605909383\n|switch|p2a: Magearna|Magearna|100\/100\n|move|p1a: Thundurus|Nasty Plot|p1a: Thundurus\n|-boost|p1a: Thundurus|spa|2\n|\n|-weather|RainDance|[upkeep]\n|upkeep\n|turn|7\n|\n|t:|1605909386\n|move|p1a: Thundurus|Thunder|p2a: Magearna\n|-damage|p2a: Magearna|29\/100\n|move|p2a: Magearna|Fleur Cannon|p1a: Thundurus\n|-crit|p1a: Thundurus\n|-damage|p1a: Thundurus|0 fnt\n|-unboost|p2a: Magearna|spa|2\n|faint|p1a: Thundurus\n|-ability|p2a: Magearna|Soul-Heart|boost\n|-boost|p2a: Magearna|spa|1\n|\n|-weather|RainDance|[upkeep]\n|upkeep\n|\n|t:|1605909388\n|switch|p1a: Kingdra|Kingdra, M|100\/100\n|turn|8\n|\n|t:|1605909393\n|move|p1a: Kingdra|Surf|p2a: Magearna\n|-damage|p2a: Magearna|0 fnt\n|faint|p2a: Magearna\n|\n|-weather|RainDance|[upkeep]\n|upkeep\n|\n|t:|1605909397\n|switch|p2a: Tyranitar|Tyranitar, F|82\/100\n|-weather|Sandstorm|[from] ability: Sand Stream|[of] p2a: Tyranitar\n|turn|9\n|\n|t:|1605909400\n|switch|p1a: Ferrothorn|Ferrothorn, M|100\/100\n|switch|p2a: Slowbro|Slowbro, F|100\/100\n|\n|-weather|Sandstorm|[upkeep]\n|-damage|p2a: Slowbro|94\/100|[from] Sandstorm\n|-heal|p2a: Slowbro|100\/100|[from] item: Leftovers\n|upkeep\n|turn|10\n|\n|t:|1605909404\n|move|p1a: Ferrothorn|Stealth Rock|p2a: Slowbro\n|-sidestart|p2: Contorted Lies|move: Stealth Rock\n|move|p2a: Slowbro|Teleport|p2a: Slowbro\n|\n|t:|1605909409\n|switch|p2a: Excadrill|Excadrill, F|100\/100|[from]move: Teleport\n|-damage|p2a: Excadrill|97\/100|[from] Stealth Rock\n|\n|-weather|Sandstorm|[upkeep]\n|-heal|p2a: Excadrill|100\/100|[from] item: Leftovers\n|upkeep\n|turn|11\n|\n|t:|1605909412\n|switch|p1a: Pelipper|Pelipper, F|63\/100\n|-weather|RainDance|[from] ability: Drizzle|[of] p1a: Pelipper\n|move|p2a: Excadrill|Stealth Rock|p1a: Pelipper\n|-sidestart|p1: sht testing|move: Stealth Rock\n|\n|-weather|RainDance|[upkeep]\n|upkeep\n|turn|12\n|j| Glazou\n|\n|t:|1605909417\n|move|p2a: Excadrill|Rapid Spin|p1a: Pelipper\n|-damage|p1a: Pelipper|49\/100\n|-boost|p2a: Excadrill|spe|1\n|-sideend|p2: Contorted Lies|Stealth Rock|[from] move: Rapid Spin|[of] p2a: Excadrill\n|move|p1a: Pelipper|U-turn|p2a: Excadrill\n|-resisted|p2a: Excadrill\n|-damage|p2a: Excadrill|94\/100\n|\n|t:|1605909419\n|switch|p1a: Kingdra|Kingdra, M|100\/100|[from]move: U-turn\n|-damage|p1a: Kingdra|88\/100|[from] Stealth Rock\n|\n|-weather|RainDance|[upkeep]\n|-heal|p2a: Excadrill|100\/100|[from] item: Leftovers\n|upkeep\n|turn|13\n|j| yeying\n|c| I quit the game|well\n|j| Dylanronpa@!\n|j| MAX UND MAX\n|c| I quit the game|it really do be like this often times\n|\n|t:|1605909433\n|move|p1a: Kingdra|Hydro Pump|p2a: Excadrill\n|-supereffective|p2a: Excadrill\n|-damage|p2a: Excadrill|0 fnt\n|faint|p2a: Excadrill\n|\n|-weather|RainDance|[upkeep]\n|upkeep\n|j| Limited_Toolkit\n|\n|t:|1605909439\n|switch|p2a: Tyranitar|Tyranitar, F|82\/100\n|-weather|Sandstorm|[from] ability: Sand Stream|[of] p2a: Tyranitar\n|turn|14\n|\n|t:|1605909443\n|switch|p2a: Slowbro|Slowbro, F|100\/100\n|move|p1a: Kingdra|Hydro Pump|p2a: Slowbro\n|-resisted|p2a: Slowbro\n|-damage|p2a: Slowbro|60\/100\n|\n|-weather|Sandstorm|[upkeep]\n|-damage|p1a: Kingdra|82\/100|[from] Sandstorm\n|-damage|p2a: Slowbro|54\/100|[from] Sandstorm\n|-heal|p2a: Slowbro|60\/100|[from] item: Leftovers\n|upkeep\n|turn|15\n|\n|t:|1605909447\n|switch|p1a: Ferrothorn|Ferrothorn, M|100\/100\n|-damage|p1a: Ferrothorn|94\/100|[from] Stealth Rock\n|move|p2a: Slowbro|Teleport|p2a: Slowbro\n|\n|t:|1605909450\n|switch|p2a: Cinderace|Cinderace, M|100\/100|[from]move: Teleport\n|\n|-weather|Sandstorm|[upkeep]\n|-damage|p2a: Cinderace|95\/100|[from] Sandstorm\n|upkeep\n|turn|16\n|\n|t:|1605909455\n|move|p2a: Cinderace|Pyro Ball|p1a: Ferrothorn\n|-supereffective|p1a: Ferrothorn\n|-damage|p1a: Ferrothorn|0 fnt\n|faint|p1a: Ferrothorn\n|\n|-weather|Sandstorm|[upkeep]\n|-damage|p2a: Cinderace|89\/100|[from] Sandstorm\n|upkeep\n|\n|t:|1605909458\n|switch|p1a: Kingdra|Kingdra, M|82\/100\n|-damage|p1a: Kingdra|70\/100|[from] Stealth Rock\n|turn|17\n|\n|t:|1605909461\n|switch|p2a: Slowbro|Slowbro, F|93\/100\n|move|p1a: Kingdra|Surf|p2a: Slowbro\n|-resisted|p2a: Slowbro\n|-damage|p2a: Slowbro|61\/100\n|\n|-weather|Sandstorm|[upkeep]\n|-damage|p1a: Kingdra|63\/100|[from] Sandstorm\n|-damage|p2a: Slowbro|55\/100|[from] Sandstorm\n|-heal|p2a: Slowbro|61\/100|[from] item: Leftovers\n|upkeep\n|turn|18\n|\n|t:|1605909464\n|move|p1a: Kingdra|Surf|p2a: Slowbro\n|-resisted|p2a: Slowbro\n|-damage|p2a: Slowbro|27\/100\n|move|p2a: Slowbro|Slack Off|p2a: Slowbro\n|-heal|p2a: Slowbro|77\/100\n|\n|-weather|none\n|-heal|p2a: Slowbro|83\/100|[from] item: Leftovers\n|upkeep\n|turn|19\n|\n|t:|1605909467\n|switch|p1a: Scizor|Scizor, M|72\/100\n|move|p2a: Slowbro|Teleport|p2a: Slowbro\n|\n|t:|1605909469\n|switch|p2a: Cinderace|Cinderace, M|89\/100|[from]move: Teleport\n|\n|upkeep\n|turn|20\n|\n|t:|1605909471\n|switch|p1a: Pelipper|Pelipper, F|49\/100\n|-damage|p1a: Pelipper|24\/100|[from] Stealth Rock\n|-weather|RainDance|[from] ability: Drizzle|[of] p1a: Pelipper\n|move|p2a: Cinderace|Pyro Ball|p1a: Pelipper\n|-resisted|p1a: Pelipper\n|-damage|p1a: Pelipper|8\/100\n|\n|-weather|RainDance|[upkeep]\n|upkeep\n|turn|21\n|\n|t:|1605909474\n|switch|p2a: Tyranitar|Tyranitar, F|82\/100\n|-weather|Sandstorm|[from] ability: Sand Stream|[of] p2a: Tyranitar\n|move|p1a: Pelipper|U-turn|p2a: Tyranitar\n|-supereffective|p2a: Tyranitar\n|-damage|p2a: Tyranitar|65\/100\n|\n|t:|1605909479\n|switch|p1a: Scizor|Scizor, M|72\/100|[from]move: U-turn\n|\n|-weather|Sandstorm|[upkeep]\n|upkeep\n|turn|22\n|j| Baydogg\n|\n|t:|1605909489\n|move|p2a: Tyranitar|Crunch|p1a: Scizor\n|-damage|p1a: Scizor|12\/100\n|move|p1a: Scizor|Swords Dance|p1a: Scizor\n|-boost|p1a: Scizor|atk|2\n|\n|-weather|Sandstorm|[upkeep]\n|upkeep\n|turn|23\n|\n|t:|1605909493\n|move|p1a: Scizor|Bullet Punch|p2a: Tyranitar\n|-supereffective|p2a: Tyranitar\n|-damage|p2a: Tyranitar|0 fnt\n|faint|p2a: Tyranitar\n|\n|-weather|Sandstorm|[upkeep]\n|upkeep\n|\n|t:|1605909497\n|switch|p2a: Buzzwole|Buzzwole|100\/100\n|turn|24\n|\n|t:|1605909502\n|move|p2a: Buzzwole|Drain Punch|p1a: Scizor\n|-damage|p1a: Scizor|0 fnt\n|faint|p1a: Scizor\n|-ability|p2a: Buzzwole|Beast Boost|boost\n|-boost|p2a: Buzzwole|atk|1\n|\n|-weather|Sandstorm|[upkeep]\n|-damage|p2a: Buzzwole|94\/100|[from] Sandstorm\n|-heal|p2a: Buzzwole|100\/100|[from] item: Leftovers\n|upkeep\n|\n|t:|1605909503\n|switch|p1a: Kingdra|Kingdra, M|63\/100\n|-damage|p1a: Kingdra|51\/100|[from] Stealth Rock\n|turn|25\n|\n|t:|1605909505\n|move|p1a: Kingdra|Draco Meteor|p2a: Buzzwole\n|-damage|p2a: Buzzwole|18\/100\n|-unboost|p1a: Kingdra|spa|2\n|move|p2a: Buzzwole|Drain Punch|p1a: Kingdra\n|-damage|p1a: Kingdra|0 fnt\n|-heal|p2a: Buzzwole|36\/100|[from] drain|[of] p1a: Kingdra\n|faint|p1a: Kingdra\n|-ability|p2a: Buzzwole|Beast Boost|boost\n|-boost|p2a: Buzzwole|atk|1\n|\n|-weather|none\n|-heal|p2a: Buzzwole|42\/100|[from] item: Leftovers\n|upkeep\n|j| blackdarkness1\n|-message|sht testing forfeited.\n|\n|win|Contorted Lies\n|l|\u2606sht testing\n|l|\u2606Contorted Lies\n|l| Baydogg\n|l| hfeath\n|l| Glazou\n","uploadtime":1605909549,"views":100,"p1id":"shttesting","p2id":"contortedlies","formatid":"gen8ou","rating":0,"private":0,"password":null}