{"id":"gen8ou-1664827161","p1":"chokst du","p2":"Forwards","format":"gen8ou","log":"|j|\u2606chokst du\n|j|\u2606Forwards\n|t:|1663242756\n|gametype|singles\n|player|p1|chokst du|1|1850\n|player|p2|Forwards|rollerskater|1833\n|teamsize|p1|6\n|teamsize|p2|6\n|gen|8\n|tier|[Gen 8] OU\n|rated|\n|rule|Sleep Clause Mod: Limit one foe put to sleep\n|rule|Species Clause: Limit one of each Pok\u00e9mon\n|rule|OHKO Clause: OHKO moves are banned\n|rule|Evasion Items Clause: Evasion items are banned\n|rule|Evasion Moves Clause: Evasion moves are banned\n|rule|Endless Battle Clause: Forcing endless battles is banned\n|rule|HP Percentage Mod: HP is shown in percentages\n|rule|Dynamax Clause: You cannot dynamax\n|clearpoke\n|poke|p1|Torkoal, F|\n|poke|p1|Kartana|\n|poke|p1|Heatran, M|\n|poke|p1|Dragapult, F|\n|poke|p1|Kommo-o, M|\n|poke|p1|Landorus-Therian, M|\n|poke|p2|Tapu Koko|\n|poke|p2|Moltres-Galar|\n|poke|p2|Registeel|\n|poke|p2|Hawlucha, M|\n|poke|p2|Mew|\n|poke|p2|Lycanroc-Dusk, F|\n|teampreview\n|\n|t:|1663242786\n|start\n|switch|p1a: Torkoal|Torkoal, F|100\/100\n|switch|p2a: Lycanroc|Lycanroc-Dusk, F|100\/100\n|-weather|SunnyDay|[from] ability: Drought|[of] p1a: Torkoal\n|turn|1\n|inactive|Battle timer is ON: inactive players will automatically lose when time's up. (requested by Forwards)\n|\n|t:|1663242792\n|move|p2a: Lycanroc|Accelerock|p1a: Torkoal\n|-supereffective|p1a: Torkoal\n|-damage|p1a: Torkoal|73\/100\n|move|p1a: Torkoal|Toxic|p2a: Lycanroc|[miss]\n|-miss|p1a: Torkoal|p2a: Lycanroc\n|\n|-weather|SunnyDay|[upkeep]\n|upkeep\n|turn|2\n|\n|t:|1663242797\n|move|p2a: Lycanroc|Stealth Rock|p1a: Torkoal\n|-sidestart|p1: chokst du|move: Stealth Rock\n|move|p1a: Torkoal|Toxic|p2a: Lycanroc\n|-status|p2a: Lycanroc|tox\n|\n|-weather|SunnyDay|[upkeep]\n|-damage|p2a: Lycanroc|94\/100 tox|[from] psn\n|upkeep\n|turn|3\n|\n|t:|1663242800\n|move|p2a: Lycanroc|Accelerock|p1a: Torkoal\n|-supereffective|p1a: Torkoal\n|-damage|p1a: Torkoal|46\/100\n|move|p1a: Torkoal|Rapid Spin|p2a: Lycanroc\n|-resisted|p2a: Lycanroc\n|-damage|p2a: Lycanroc|83\/100 tox\n|-boost|p1a: Torkoal|spe|1\n|-sideend|p1: chokst du|Stealth Rock|[from] move: Rapid Spin|[of] p1a: Torkoal\n|\n|-weather|SunnyDay|[upkeep]\n|-damage|p2a: Lycanroc|71\/100 tox|[from] psn\n|upkeep\n|turn|4\n|\n|t:|1663242805\n|switch|p1a: Landorus|Landorus-Therian, M|100\/100\n|-ability|p1a: Landorus|Intimidate|boost\n|-unboost|p2a: Lycanroc|atk|1\n|move|p2a: Lycanroc|Stealth Rock|p1a: Landorus\n|-sidestart|p1: chokst du|move: Stealth Rock\n|\n|-weather|SunnyDay|[upkeep]\n|-damage|p2a: Lycanroc|52\/100 tox|[from] psn\n|upkeep\n|turn|5\n|\n|t:|1663242808\n|move|p2a: Lycanroc|Taunt|p1a: Landorus\n|-start|p1a: Landorus|move: Taunt\n|cant|p1a: Landorus|move: Taunt|Defog\n|\n|-weather|SunnyDay|[upkeep]\n|-damage|p2a: Lycanroc|28\/100 tox|[from] psn\n|upkeep\n|turn|6\n|\n|t:|1663242813\n|move|p2a: Lycanroc|Endeavor|p1a: Landorus\n|-damage|p1a: Landorus|19\/100\n|move|p1a: Landorus|U-turn|p2a: Lycanroc\n|-damage|p2a: Lycanroc|0 fnt\n|faint|p2a: Lycanroc\n|j| kyonharuhi\n|\n|t:|1663242818\n|switch|p1a: Heatran|Heatran, M|100\/100|[from]move: U-turn\n|-damage|p1a: Heatran|88\/100|[from] Stealth Rock\n|\n|-weather|SunnyDay|[upkeep]\n|upkeep\n|\n|t:|1663242823\n|switch|p2a: Hawlucha|Hawlucha, M|100\/100\n|turn|7\n|\n|t:|1663242826\n|move|p1a: Heatran|Eruption|p2a: Hawlucha\n|-damage|p2a: Hawlucha|0 fnt\n|faint|p2a: Hawlucha\n|\n|-weather|SunnyDay|[upkeep]\n|upkeep\n|\n|t:|1663242828\n|switch|p2a: Tapu Koko|Tapu Koko|100\/100\n|-fieldstart|move: Electric Terrain|[from] ability: Electric Surge|[of] p2a: Tapu Koko\n|turn|8\n|\n|t:|1663242833\n|move|p2a: Tapu Koko|Light Screen|p2a: Tapu Koko\n|-sidestart|p2: Forwards|move: Light Screen\n|move|p1a: Heatran|Eruption|p2a: Tapu Koko\n|-crit|p2a: Tapu Koko\n|-damage|p2a: Tapu Koko|0 fnt\n|faint|p2a: Tapu Koko\n|\n|-weather|none\n|upkeep\n|\n|t:|1663242838\n|switch|p2a: Mew|Mew|100\/100\n|turn|9\n|\n|t:|1663242845\n|switch|p1a: Kartana|Kartana|100\/100\n|-damage|p1a: Kartana|94\/100|[from] Stealth Rock\n|move|p2a: Mew|Cosmic Power|p2a: Mew\n|-boost|p2a: Mew|def|1\n|-boost|p2a: Mew|spd|1\n|\n|upkeep\n|turn|10\n|\n|t:|1663242848\n|move|p1a: Kartana|Swords Dance|p1a: Kartana\n|-boost|p1a: Kartana|atk|2\n|move|p2a: Mew|Soft-Boiled||[still]\n|-fail|p2a: Mew|heal\n|\n|upkeep\n|turn|11\n|\n|t:|1663242851\n|move|p1a: Kartana|Knock Off|p2a: Mew\n|-supereffective|p2a: Mew\n|-damage|p2a: Mew|6\/100\n|-enditem|p2a: Mew|Weakness Policy\n|-boost|p2a: Mew|atk|2|[from] item: Weakness Policy\n|-boost|p2a: Mew|spa|2|[from] item: Weakness Policy\n|move|p2a: Mew|Cosmic Power|p2a: Mew\n|-boost|p2a: Mew|def|1\n|-boost|p2a: Mew|spd|1\n|\n|upkeep\n|turn|12\n|\n|t:|1663242856\n|move|p1a: Kartana|Knock Off|p2a: Mew\n|-supereffective|p2a: Mew\n|-damage|p2a: Mew|0 fnt\n|faint|p2a: Mew\n|-ability|p1a: Kartana|Beast Boost|boost\n|-boost|p1a: Kartana|atk|1\n|\n|-fieldend|move: Electric Terrain\n|upkeep\n|\n|t:|1663242858\n|switch|p2a: Moltres|Moltres-Galar|100\/100\n|turn|13\n|\n|t:|1663242860\n|move|p1a: Kartana|Sacred Sword|p2a: Moltres\n|-damage|p2a: Moltres|0 fnt\n|faint|p2a: Moltres\n|-ability|p1a: Kartana|Beast Boost|boost\n|-boost|p1a: Kartana|atk|1\n|\n|upkeep\n|-message|Forwards forfeited.\n|\n|win|chokst du\n|raw|chokst du's rating: 1850 &rarr; <strong>1867<\/strong><br \/>(+17 for winning)\n|raw|Forwards's rating: 1806 &rarr; <strong>1789<\/strong><br \/>(-17 for losing)\n|l|\u2606Forwards\n||Ladder isn't responding, score probably updated but might not have (Request timeout).\n|l| kyonharuhi\n|player|p1|chokst du|1\n","uploadtime":1663243305,"views":38,"p1id":"chokstdu","p2id":"forwards","formatid":"gen8ou","rating":1789,"private":0,"password":null}