{"id":"gen8ou-1636881087","p1":"LT92PF Dflo","p2":"kinetic chain","format":"gen8ou","log":"|raw|<div class=\"broadcast-blue\"><strong>This battle is required to be public due to a player having a name starting with 'lt92pf'.<\/div>\n|j|\u2606LT92PF Dflo\n|j|\u203dkinetic chain\n|t:|1660172032\n|gametype|singles\n|player|p1|LT92PF Dflo|wally|1838\n|player|p2|kinetic chain|giovanni-gen1|1873\n|teamsize|p1|6\n|teamsize|p2|6\n|gen|8\n|tier|[Gen 8] OU\n|rated|\n|rule|Sleep Clause Mod: Limit one foe put to sleep\n|rule|Species Clause: Limit one of each Pok\u00e9mon\n|rule|OHKO Clause: OHKO moves are banned\n|rule|Evasion Items Clause: Evasion items are banned\n|rule|Evasion Moves Clause: Evasion moves are banned\n|rule|Endless Battle Clause: Forcing endless battles is banned\n|rule|HP Percentage Mod: HP is shown in percentages\n|rule|Dynamax Clause: You cannot dynamax\n|clearpoke\n|poke|p1|Landorus-Therian, M|\n|poke|p1|Weavile, M|\n|poke|p1|Blacephalon|\n|poke|p1|Kartana|\n|poke|p1|Melmetal|\n|poke|p1|Dragonite, M|\n|poke|p2|Dragapult, F|\n|poke|p2|Kartana|\n|poke|p2|Heatran, F|\n|poke|p2|Landorus-Therian, M|\n|poke|p2|Zapdos|\n|poke|p2|Ferrothorn, F|\n|teampreview\n|inactive|Battle timer is ON: inactive players will automatically lose when time's up. (requested by LT92PF Dflo)\n|j| irgendwasmitmeeem\n|j| HereForFrens\n|\n|t:|1660172061\n|start\n|switch|p1a: Landorus|Landorus-Therian, M|100\/100\n|switch|p2a: Landorus|Landorus-Therian, M|100\/100\n|-ability|p2a: Landorus|Intimidate|boost\n|-unboost|p1a: Landorus|atk|1\n|-ability|p1a: Landorus|Intimidate|boost\n|-unboost|p2a: Landorus|atk|1\n|turn|1\n|j| LT92PF Sagordo\n|j| Phxo'\n|j| LegendaryC26\n|\n|t:|1660172070\n|move|p2a: Landorus|Toxic|p1a: Landorus\n|-status|p1a: Landorus|tox\n|move|p1a: Landorus|Toxic|p2a: Landorus|[miss]\n|-miss|p1a: Landorus|p2a: Landorus\n|\n|-damage|p1a: Landorus|94\/100 tox|[from] psn\n|upkeep\n|turn|2\n|j| LT92PF Sunny\n|\n|t:|1660172075\n|move|p2a: Landorus|U-turn|p1a: Landorus\n|-resisted|p1a: Landorus\n|-damage|p1a: Landorus|87\/100 tox\n|l| LegendaryC26\n|j| Izia Higelin\n|\n|t:|1660172079\n|switch|p2a: Kartana|Kartana|100\/100|[from]move: U-turn\n|move|p1a: Landorus|Toxic|p2a: Kartana\n|-immune|p2a: Kartana\n|\n|-heal|p1a: Landorus|93\/100 tox|[from] item: Leftovers\n|-damage|p1a: Landorus|81\/100 tox|[from] psn\n|upkeep\n|turn|3\n|j| JayHeaven\n|j| zReptar\n|j| Misterioussaint\n|\n|t:|1660172098\n|switch|p1a: Melmetal|Melmetal|100\/100\n|move|p2a: Kartana|Knock Off|p1a: Melmetal\n|-damage|p1a: Melmetal|61\/100\n|-enditem|p1a: Melmetal|Assault Vest|[from] move: Knock Off|[of] p2a: Kartana\n|\n|upkeep\n|turn|4\n|j| LT92PF pop smoke\n|j| pal1122\n|j| Pokemh\n|j| lost in a trance\n|l| lost in a trance\n|inactive|kinetic chain has 120 seconds left.\n|\n|t:|1660172138\n|switch|p2a: Zapdos|Zapdos|100\/100\n|move|p1a: Melmetal|Ice Punch|p2a: Zapdos\n|-supereffective|p2a: Zapdos\n|-crit|p2a: Zapdos\n|-damage|p2a: Zapdos|0 fnt\n|faint|p2a: Zapdos\n|\n|upkeep\n|\n|t:|1660172163\n|switch|p2a: Heatran|Heatran, F|100\/100\n|turn|5\n|\n|t:|1660172176\n|switch|p1a: Dragonite|Dragonite, M|100\/100\n|move|p2a: Heatran|Magma Storm|p1a: Dragonite\n|-resisted|p1a: Dragonite\n|-damage|p1a: Dragonite|90\/100\n|-activate|p1a: Dragonite|move: Magma Storm|[of] p2a: Heatran\n|\n|-damage|p1a: Dragonite|78\/100|[from] move: Magma Storm|[partiallytrapped]\n|upkeep\n|turn|6\n|\n|t:|1660172186\n|switch|p2a: Ferrothorn|Ferrothorn, F|100\/100\n|move|p1a: Dragonite|Earthquake|p2a: Ferrothorn\n|-damage|p2a: Ferrothorn|81\/100\n|\n|-heal|p2a: Ferrothorn|87\/100|[from] item: Leftovers\n|-end|p1a: Dragonite|Magma Storm|[partiallytrapped]|[silent]\n|upkeep\n|turn|7\n|inactive|kinetic chain has 120 seconds left.\n|\n|t:|1660172195\n|switch|p1a: Landorus|Landorus-Therian, M|81\/100 tox\n|-ability|p1a: Landorus|Intimidate|boost\n|-unboost|p2a: Ferrothorn|atk|1\n|move|p2a: Ferrothorn|Stealth Rock|p1a: Landorus\n|-sidestart|p1: LT92PF Dflo|move: Stealth Rock\n|\n|-heal|p1a: Landorus|87\/100 tox|[from] item: Leftovers\n|-heal|p2a: Ferrothorn|93\/100|[from] item: Leftovers\n|-damage|p1a: Landorus|81\/100 tox|[from] psn\n|upkeep\n|turn|8\n|l| Phxo'\n|\n|t:|1660172205\n|switch|p2a: Kartana|Kartana|100\/100\n|move|p1a: Landorus|Stealth Rock|p2a: Kartana\n|-sidestart|p2: kinetic chain|move: Stealth Rock\n|\n|-heal|p1a: Landorus|87\/100 tox|[from] item: Leftovers\n|-damage|p1a: Landorus|75\/100 tox|[from] psn\n|upkeep\n|turn|9\n|\n|t:|1660172214\n|move|p2a: Kartana|Knock Off|p1a: Landorus\n|-damage|p1a: Landorus|17\/100 tox\n|-enditem|p1a: Landorus|Leftovers|[from] move: Knock Off|[of] p2a: Kartana\n|move|p1a: Landorus|U-turn|p2a: Kartana\n|-damage|p2a: Kartana|78\/100\n|j| LT92PF EMPIR3\n|inactive|LT92PF Dflo has 120 seconds left.\n|\n|t:|1660172245\n|switch|p1a: Blacephalon|Blacephalon|100\/100|[from]move: U-turn\n|-damage|p1a: Blacephalon|76\/100|[from] Stealth Rock\n|\n|upkeep\n|turn|10\n|l| JayHeaven\n|\n|t:|1660172263\n|switch|p2a: Landorus|Landorus-Therian, M|100\/100\n|-damage|p2a: Landorus|88\/100|[from] Stealth Rock\n|-ability|p2a: Landorus|Intimidate|boost\n|-unboost|p1a: Blacephalon|atk|1\n|move|p1a: Blacephalon|Shadow Ball|p2a: Landorus\n|-damage|p2a: Landorus|53\/100\n|-unboost|p2a: Landorus|spd|1\n|\n|-heal|p2a: Landorus|59\/100|[from] item: Leftovers\n|upkeep\n|turn|11\n|\n|t:|1660172283\n|switch|p1a: Landorus|Landorus-Therian, M|17\/100 tox\n|-damage|p1a: Landorus|5\/100 tox|[from] Stealth Rock\n|-ability|p1a: Landorus|Intimidate|boost\n|-unboost|p2a: Landorus|atk|1\n|move|p2a: Landorus|Earthquake|p1a: Landorus\n|-immune|p1a: Landorus\n|\n|-heal|p2a: Landorus|65\/100|[from] item: Leftovers\n|-damage|p1a: Landorus|0 fnt|[from] psn\n|faint|p1a: Landorus\n|upkeep\n|\n|t:|1660172289\n|switch|p1a: Weavile|Weavile, M|100\/100\n|-damage|p1a: Weavile|76\/100|[from] Stealth Rock\n|turn|12\n|\n|t:|1660172302\n|switch|p2a: Ferrothorn|Ferrothorn, F|93\/100\n|-damage|p2a: Ferrothorn|87\/100|[from] Stealth Rock\n|move|p1a: Weavile|Knock Off|p2a: Ferrothorn\n|-damage|p2a: Ferrothorn|44\/100\n|-damage|p1a: Weavile|63\/100|[from] ability: Iron Barbs|[of] p2a: Ferrothorn\n|-enditem|p2a: Ferrothorn|Leftovers|[from] move: Knock Off|[of] p1a: Weavile\n|\n|upkeep\n|turn|13\n|j| Tace\n|\n|t:|1660172312\n|move|p1a: Weavile|Knock Off|p2a: Ferrothorn\n|-damage|p2a: Ferrothorn|12\/100\n|-damage|p1a: Weavile|51\/100|[from] ability: Iron Barbs|[of] p2a: Ferrothorn\n|move|p2a: Ferrothorn|Body Press|p1a: Weavile\n|-supereffective|p1a: Weavile\n|-damage|p1a: Weavile|0 fnt\n|faint|p1a: Weavile\n|\n|upkeep\n|l| LT92PF EMPIR3\n|inactive|LT92PF Dflo has 120 seconds left.\n|\n|t:|1660172330\n|switch|p1a: Kartana|Kartana|100\/100\n|-damage|p1a: Kartana|94\/100|[from] Stealth Rock\n|turn|14\n|inactive|LT92PF Dflo has 120 seconds left.\n|\n|t:|1660172359\n|move|p1a: Kartana|Knock Off|p2a: Ferrothorn\n|-damage|p2a: Ferrothorn|0 fnt\n|-activate|p2a: Ferrothorn|ability: Iron Barbs\n|-activate|p1a: Kartana|item: Protective Pads\n|faint|p2a: Ferrothorn\n|-ability|p1a: Kartana|Beast Boost|boost\n|-boost|p1a: Kartana|atk|1\n|\n|upkeep\n|\n|t:|1660172368\n|switch|p2a: Dragapult|Dragapult, F|100\/100\n|turn|15\n|\n|t:|1660172373\n|switch|p1a: Melmetal|Melmetal|61\/100\n|-damage|p1a: Melmetal|55\/100|[from] Stealth Rock\n|move|p2a: Dragapult|Hex|p1a: Melmetal\n|-damage|p1a: Melmetal|33\/100\n|\n|upkeep\n|turn|16\n|inactive|LT92PF Dflo has 120 seconds left.\n|inactive|kinetic chain has 120 seconds left.\n|\n|t:|1660172414\n|move|p2a: Dragapult|Will-O-Wisp|p1a: Melmetal\n|-status|p1a: Melmetal|brn\n|move|p1a: Melmetal|Double Iron Bash|p2a: Dragapult\n|-damage|p2a: Dragapult|74\/100\n|-damage|p2a: Dragapult|51\/100\n|-hitcount|p2a: Dragapult|2\n|\n|-damage|p1a: Melmetal|26\/100 brn|[from] brn\n|upkeep\n|turn|17\n|j| jeanmilapipe\n|l| LT92PF Sunny\n|inactive|LT92PF Dflo has 120 seconds left.\n|\n|t:|1660172425\n|move|p2a: Dragapult|Hex|p1a: Melmetal\n|-damage|p1a: Melmetal|0 fnt\n|faint|p1a: Melmetal\n|\n|upkeep\n|\n|t:|1660172426\n|switch|p1a: Blacephalon|Blacephalon|76\/100\n|-damage|p1a: Blacephalon|51\/100|[from] Stealth Rock\n|turn|18\n|j| LT92PF Sunny\n|\n|t:|1660172432\n|switch|p2a: Heatran|Heatran, F|100\/100\n|-damage|p2a: Heatran|88\/100|[from] Stealth Rock\n|move|p1a: Blacephalon|Shadow Ball|p2a: Heatran\n|-damage|p2a: Heatran|58\/100\n|\n|-heal|p2a: Heatran|64\/100|[from] item: Leftovers\n|upkeep\n|turn|19\n|j| pepsi\n|inactive|kinetic chain has 120 seconds left.\n|inactive|LT92PF Dflo has 120 seconds left.\n|\n|t:|1660172452\n|switch|p1a: Kartana|Kartana|94\/100\n|-damage|p1a: Kartana|88\/100|[from] Stealth Rock\n|move|p2a: Heatran|Magma Storm|p1a: Kartana\n|-supereffective|p1a: Kartana\n|-damage|p1a: Kartana|0 fnt\n|faint|p1a: Kartana\n|\n|-heal|p2a: Heatran|70\/100|[from] item: Leftovers\n|upkeep\n|\n|t:|1660172454\n|switch|p1a: Dragonite|Dragonite, M|78\/100\n|turn|20\n|inactive|kinetic chain has 120 seconds left.\n|\n|t:|1660172471\n|switch|p2a: Landorus|Landorus-Therian, M|65\/100\n|-damage|p2a: Landorus|52\/100|[from] Stealth Rock\n|-ability|p2a: Landorus|Intimidate|boost\n|-unboost|p1a: Dragonite|atk|1\n|move|p1a: Dragonite|Dragon Dance|p1a: Dragonite\n|-boost|p1a: Dragonite|atk|1\n|-boost|p1a: Dragonite|spe|1\n|\n|-heal|p2a: Landorus|59\/100|[from] item: Leftovers\n|upkeep\n|turn|21\n|\n|t:|1660172480\n|move|p1a: Dragonite|Ice Punch|p2a: Landorus\n|-supereffective|p2a: Landorus\n|-damage|p2a: Landorus|0 fnt\n|faint|p2a: Landorus\n|\n|upkeep\n|\n|t:|1660172485\n|switch|p2a: Kartana|Kartana|78\/100\n|-damage|p2a: Kartana|72\/100|[from] Stealth Rock\n|turn|22\n|\n|t:|1660172491\n|move|p1a: Dragonite|Roost|p1a: Dragonite\n|-heal|p1a: Dragonite|100\/100\n|-singleturn|p1a: Dragonite|move: Roost\n|move|p2a: Kartana|Smart Strike|p1a: Dragonite\n|-damage|p1a: Dragonite|61\/100\n|\n|upkeep\n|turn|23\n|\n|t:|1660172500\n|move|p1a: Dragonite|Roost|p1a: Dragonite\n|-heal|p1a: Dragonite|100\/100\n|-singleturn|p1a: Dragonite|move: Roost\n|move|p2a: Kartana|Smart Strike|p1a: Dragonite\n|-damage|p1a: Dragonite|63\/100\n|\n|upkeep\n|turn|24\n|\n|t:|1660172507\n|move|p1a: Dragonite|Roost|p1a: Dragonite\n|-heal|p1a: Dragonite|100\/100\n|-singleturn|p1a: Dragonite|move: Roost\n|move|p2a: Kartana|Smart Strike|p1a: Dragonite\n|-damage|p1a: Dragonite|62\/100\n|\n|upkeep\n|turn|25\n|\n|t:|1660172511\n|move|p1a: Dragonite|Roost|p1a: Dragonite\n|-heal|p1a: Dragonite|100\/100\n|-singleturn|p1a: Dragonite|move: Roost\n|move|p2a: Kartana|Smart Strike|p1a: Dragonite\n|-damage|p1a: Dragonite|59\/100\n|\n|upkeep\n|turn|26\n|\n|t:|1660172517\n|move|p1a: Dragonite|Roost|p1a: Dragonite\n|-heal|p1a: Dragonite|100\/100\n|-singleturn|p1a: Dragonite|move: Roost\n|move|p2a: Kartana|Smart Strike|p1a: Dragonite\n|-damage|p1a: Dragonite|61\/100\n|\n|upkeep\n|turn|27\n|\n|t:|1660172520\n|move|p1a: Dragonite|Roost|p1a: Dragonite\n|-heal|p1a: Dragonite|100\/100\n|-singleturn|p1a: Dragonite|move: Roost\n|move|p2a: Kartana|Smart Strike|p1a: Dragonite\n|-damage|p1a: Dragonite|60\/100\n|\n|upkeep\n|turn|28\n|\n|t:|1660172523\n|move|p1a: Dragonite|Roost|p1a: Dragonite\n|-heal|p1a: Dragonite|100\/100\n|-singleturn|p1a: Dragonite|move: Roost\n|move|p2a: Kartana|Smart Strike|p1a: Dragonite\n|-damage|p1a: Dragonite|65\/100\n|\n|upkeep\n|turn|29\n|\n|t:|1660172525\n|move|p1a: Dragonite|Roost|p1a: Dragonite\n|-heal|p1a: Dragonite|100\/100\n|-singleturn|p1a: Dragonite|move: Roost\n|move|p2a: Kartana|Smart Strike|p1a: Dragonite\n|-damage|p1a: Dragonite|61\/100\n|\n|upkeep\n|turn|30\n|\n|t:|1660172527\n|move|p1a: Dragonite|Roost|p1a: Dragonite\n|-heal|p1a: Dragonite|100\/100\n|-singleturn|p1a: Dragonite|move: Roost\n|move|p2a: Kartana|Smart Strike|p1a: Dragonite\n|-damage|p1a: Dragonite|62\/100\n|\n|upkeep\n|turn|31\n|\n|t:|1660172529\n|move|p1a: Dragonite|Roost|p1a: Dragonite\n|-heal|p1a: Dragonite|100\/100\n|-singleturn|p1a: Dragonite|move: Roost\n|move|p2a: Kartana|Smart Strike|p1a: Dragonite\n|-damage|p1a: Dragonite|60\/100\n|\n|upkeep\n|turn|32\n|\n|t:|1660172532\n|move|p1a: Dragonite|Roost|p1a: Dragonite\n|-heal|p1a: Dragonite|100\/100\n|-singleturn|p1a: Dragonite|move: Roost\n|move|p2a: Kartana|Smart Strike|p1a: Dragonite\n|-damage|p1a: Dragonite|65\/100\n|\n|upkeep\n|turn|33\n|\n|t:|1660172537\n|move|p1a: Dragonite|Roost|p1a: Dragonite\n|-heal|p1a: Dragonite|100\/100\n|-singleturn|p1a: Dragonite|move: Roost\n|move|p2a: Kartana|Smart Strike|p1a: Dragonite\n|-damage|p1a: Dragonite|61\/100\n|\n|upkeep\n|turn|34\n|\n|t:|1660172543\n|move|p1a: Dragonite|Roost|p1a: Dragonite\n|-heal|p1a: Dragonite|100\/100\n|-singleturn|p1a: Dragonite|move: Roost\n|move|p2a: Kartana|Smart Strike|p1a: Dragonite\n|-crit|p1a: Dragonite\n|-damage|p1a: Dragonite|38\/100\n|\n|upkeep\n|turn|35\n|\n|t:|1660172556\n|move|p1a: Dragonite|Ice Punch|p2a: Kartana\n|-damage|p2a: Kartana|44\/100\n|move|p2a: Kartana|Smart Strike|p1a: Dragonite\n|-damage|p1a: Dragonite|0 fnt\n|faint|p1a: Dragonite\n|-ability|p2a: Kartana|Beast Boost|boost\n|-boost|p2a: Kartana|atk|1\n|\n|upkeep\n|\n|t:|1660172559\n|switch|p1a: Blacephalon|Blacephalon|51\/100\n|-damage|p1a: Blacephalon|26\/100|[from] Stealth Rock\n|turn|36\n|\n|t:|1660172568\n|move|p1a: Blacephalon|Shadow Ball|p2a: Kartana\n|-damage|p2a: Kartana|0 fnt\n|faint|p2a: Kartana\n|-ability|p1a: Blacephalon|Beast Boost|boost\n|-boost|p1a: Blacephalon|spa|1\n|\n|upkeep\n|\n|t:|1660172569\n|switch|p2a: Heatran|Heatran, F|70\/100\n|-damage|p2a: Heatran|58\/100|[from] Stealth Rock\n|turn|37\n|j| amogusroxyrrrr\n|j| simplegent\n|\n|t:|1660172583\n|move|p1a: Blacephalon|Shadow Ball|p2a: Heatran\n|-damage|p2a: Heatran|9\/100\n|move|p2a: Heatran|Earth Power|p1a: Blacephalon\n|-supereffective|p1a: Blacephalon\n|-damage|p1a: Blacephalon|0 fnt\n|faint|p1a: Blacephalon\n|\n|win|kinetic chain\n|raw|LT92PF Dflo's rating: 1838 &rarr; <strong>1820<\/strong><br \/>(-18 for losing)\n|raw|kinetic chain's rating: 1873 &rarr; <strong>1891<\/strong><br \/>(+18 for winning)\n|l| amogusroxyrrrr\n|l|\u2606LT92PF Dflo\n|l|\u203dkinetic chain\n|l| HereForFrens\n||Ladder isn't responding, score probably updated but might not have (Request timeout).\n|l| Tace\n","uploadtime":1660172638,"views":74,"p1id":"lt92pfdflo","p2id":"kineticchain","formatid":"gen8ou","rating":1820,"private":0,"password":null}