{"id":"gen8ou-1174497311","p1":"LT73IU zugu","p2":"ranitidine","format":"gen8ou","log":"|raw|<div class=\"broadcast-blue\"><strong>This battle is required to be public due to a player having a name starting with 'LT73IU'.<\/div>\n|j|\u203dLT73IU zugu\n|j|\u2606ranitidine\n|t:|1598281173\n|player|p1|LT73IU zugu|mars|1713\n|player|p2|ranitidine|169|1699\n|teamsize|p1|6\n|teamsize|p2|6\n|gametype|singles\n|gen|8\n|tier|[Gen 8] OU\n|rated|\n|clearpoke\n|poke|p1|Chandelure, F|\n|poke|p1|Amoonguss, F|\n|poke|p1|Tyranitar, M|\n|poke|p1|Excadrill, M|\n|poke|p1|Clefable, M|\n|poke|p1|Conkeldurr, F|\n|poke|p2|Blissey, F|\n|poke|p2|Tangrowth, F|\n|poke|p2|Xatu, F|\n|poke|p2|Excadrill, F|\n|poke|p2|Hippowdon, M|\n|poke|p2|Ditto|\n|rule|Sleep Clause Mod: Limit one foe put to sleep\n|rule|Species Clause: Limit one of each Pok\u00e9mon\n|rule|OHKO Clause: OHKO moves are banned\n|rule|Evasion Moves Clause: Evasion moves are banned\n|rule|Endless Battle Clause: Forcing endless battles is banned\n|rule|HP Percentage Mod: HP is shown in percentages\n|rule|Dynamax Clause: You cannot dynamax\n|teampreview\n|inactive|Battle timer is ON: inactive players will automatically lose when time's up. (requested by LT73IU zugu)\n|\n|t:|1598281187\n|start\n|switch|p1a: Chandelure|Chandelure, F|100\/100\n|switch|p2a: Excadrill|Excadrill, F|100\/100\n|turn|1\n|\n|t:|1598281192\n|switch|p1a: Amoonguss|Amoonguss, F|100\/100\n|move|p2a: Excadrill|Earthquake|p1a: Amoonguss\n|-crit|p1a: Amoonguss\n|-damage|p1a: Amoonguss|18\/100\n|\n|upkeep\n|turn|2\n|\n|t:|1598281200\n|switch|p1a: Clefable|Clefable, M|100\/100\n|move|p2a: Excadrill|Earthquake|p1a: Clefable\n|-damage|p1a: Clefable|32\/100\n|\n|-heal|p1a: Clefable|39\/100|[from] item: Leftovers\n|upkeep\n|turn|3\n|\n|t:|1598281202\n|move|p1a: Clefable|Protect|p1a: Clefable\n|-singleturn|p1a: Clefable|Protect\n|move|p2a: Excadrill|Earthquake|p1a: Clefable\n|-activate|p1a: Clefable|move: Protect\n|\n|-heal|p1a: Clefable|45\/100|[from] item: Leftovers\n|upkeep\n|turn|4\n|\n|t:|1598281205\n|switch|p1a: Conkeldurr|Conkeldurr, F|100\/100\n|move|p2a: Excadrill|Earthquake|p1a: Conkeldurr\n|-damage|p1a: Conkeldurr|26\/100\n|\n|-status|p1a: Conkeldurr|brn|[from] item: Flame Orb\n|upkeep\n|turn|5\n|\n|t:|1598281209\n|switch|p2a: Hippowdon|Hippowdon, M|100\/100\n|-weather|Sandstorm|[from] ability: Sand Stream|[of] p2a: Hippowdon\n|move|p1a: Conkeldurr|Knock Off|p2a: Hippowdon\n|-damage|p2a: Hippowdon|67\/100\n|-damage|p1a: Conkeldurr|9\/100 brn|[from] item: Rocky Helmet|[of] p2a: Hippowdon\n|-enditem|p2a: Hippowdon|Rocky Helmet|[from] move: Knock Off|[of] p1a: Conkeldurr\n|\n|-weather|Sandstorm|[upkeep]\n|-damage|p1a: Conkeldurr|3\/100 brn|[from] Sandstorm\n|-damage|p1a: Conkeldurr|0 fnt|[from] brn\n|faint|p1a: Conkeldurr\n|upkeep\n|inactive|LT73IU zugu has 120 seconds left.\n|\n|t:|1598281257\n|switch|p1a: Tyranitar|Tyranitar, M, shiny|100\/100\n|turn|6\n|inactive|ranitidine has 120 seconds left.\n|-message|LT73IU zugu forfeited.\n|\n|win|ranitidine\n|l|\u203dLT73IU zugu\n","uploadtime":1598281306,"views":124,"p1id":"lt73iuzugu","p2id":"ranitidine","formatid":"gen8ou","rating":0,"private":0,"password":null}