{"id":"gen8ou-1603119692","p1":"Maitredouard2","p2":"whocanunravelme","format":"gen8ou","log":"|j|\u2606Maitredouard2\n|j|\u2606whocanunravelme\n|t:|1656060304\n|gametype|singles\n|player|p1|Maitredouard2|lance|1559\n|player|p2|whocanunravelme|steven|1621\n|teamsize|p1|6\n|teamsize|p2|6\n|gen|8\n|tier|[Gen 8] OU\n|rated|\n|rule|Sleep Clause Mod: Limit one foe put to sleep\n|rule|Species Clause: Limit one of each Pok\u00e9mon\n|rule|OHKO Clause: OHKO moves are banned\n|rule|Evasion Moves Clause: Evasion moves are banned\n|rule|Endless Battle Clause: Forcing endless battles is banned\n|rule|HP Percentage Mod: HP is shown in percentages\n|rule|Dynamax Clause: You cannot dynamax\n|clearpoke\n|poke|p1|Mandibuzz, F|\n|poke|p1|Landorus-Therian, M|\n|poke|p1|Blissey, F|\n|poke|p1|Heatran, M|\n|poke|p1|Toxapex, M|\n|poke|p1|Tapu Lele|\n|poke|p2|Toxapex, F|\n|poke|p2|Clefable, M|\n|poke|p2|Scizor, M|\n|poke|p2|Reuniclus, F|\n|poke|p2|Skarmory, M|\n|poke|p2|Zeraora|\n|teampreview\n|inactive|Battle timer is ON: inactive players will automatically lose when time's up. (requested by whocanunravelme)\n|\n|t:|1656060333\n|start\n|switch|p1a: Landorus|Landorus-Therian, M|100\/100\n|switch|p2a: Toxapex|Toxapex, F|100\/100\n|-ability|p1a: Landorus|Intimidate|boost\n|-unboost|p2a: Toxapex|atk|1\n|turn|1\n|\n|t:|1656060341\n|move|p1a: Landorus|Knock Off|p2a: Toxapex\n|-damage|p2a: Toxapex|75\/100\n|-enditem|p2a: Toxapex|Shed Shell|[from] move: Knock Off|[of] p1a: Landorus\n|move|p2a: Toxapex|Light Screen|p2a: Toxapex\n|-sidestart|p2: whocanunravelme|move: Light Screen\n|\n|upkeep\n|turn|2\n|\n|t:|1656060350\n|switch|p1a: Blissey|Blissey, F|100\/100\n|switch|p2a: Skarmory|Skarmory, M|100\/100\n|\n|upkeep\n|turn|3\n|\n|t:|1656060357\n|switch|p1a: Heatran|Heatran, M|100\/100\n|-item|p1a: Heatran|Air Balloon\n|move|p2a: Skarmory|Spikes|p1a: Heatran\n|-sidestart|p1: Maitredouard2|Spikes\n|\n|upkeep\n|turn|4\n|\n|t:|1656060363\n|switch|p2a: Reuniclus|Reuniclus, F|100\/100\n|move|p1a: Heatran|Magma Storm|p2a: Reuniclus\n|-damage|p2a: Reuniclus|81\/100\n|-activate|p2a: Reuniclus|move: Magma Storm|[of] p1a: Heatran\n|\n|upkeep\n|turn|5\n|\n|t:|1656060370\n|move|p1a: Heatran|Taunt|p2a: Reuniclus\n|-start|p2a: Reuniclus|move: Taunt\n|cant|p2a: Reuniclus|move: Taunt|Calm Mind\n|\n|-sideend|p2: whocanunravelme|move: Light Screen\n|upkeep\n|turn|6\n|\n|t:|1656060377\n|switch|p1a: Landorus|Landorus-Therian, M|100\/100\n|-ability|p1a: Landorus|Intimidate|boost\n|-unboost|p2a: Reuniclus|atk|1\n|move|p2a: Reuniclus|Focus Blast|p1a: Landorus|[miss]\n|-miss|p2a: Reuniclus|p1a: Landorus\n|\n|-end|p2a: Reuniclus|Magma Storm|[partiallytrapped]|[silent]\n|upkeep\n|turn|7\n|\n|t:|1656060385\n|switch|p2a: Skarmory|Skarmory, M|100\/100\n|move|p1a: Landorus|Knock Off|p2a: Skarmory\n|-crit|p2a: Skarmory\n|-damage|p2a: Skarmory|66\/100\n|-damage|p1a: Landorus|84\/100|[from] item: Rocky Helmet|[of] p2a: Skarmory\n|-enditem|p2a: Skarmory|Rocky Helmet|[from] move: Knock Off|[of] p1a: Landorus\n|\n|upkeep\n|turn|8\n|\n|t:|1656060396\n|switch|p1a: Heatran|Heatran, M|100\/100\n|-item|p1a: Heatran|Air Balloon\n|move|p2a: Skarmory|Body Press|p1a: Heatran\n|-supereffective|p1a: Heatran\n|-damage|p1a: Heatran|45\/100\n|-enditem|p1a: Heatran|Air Balloon\n|\n|upkeep\n|turn|9\n|\n|t:|1656060411\n|switch|p2a: Reuniclus|Reuniclus, F|81\/100\n|move|p1a: Heatran|Magma Storm|p2a: Reuniclus\n|-damage|p2a: Reuniclus|44\/100\n|-activate|p2a: Reuniclus|move: Magma Storm|[of] p1a: Heatran\n|\n|upkeep\n|turn|10\n|j| ShinyDialga1234\n|\n|t:|1656060418\n|move|p1a: Heatran|Magma Storm|p2a: Reuniclus\n|-damage|p2a: Reuniclus|6\/100\n|move|p2a: Reuniclus|Focus Blast|p1a: Heatran\n|-supereffective|p1a: Heatran\n|-damage|p1a: Heatran|0 fnt\n|faint|p1a: Heatran\n|\n|-end|p2a: Reuniclus|Magma Storm|[partiallytrapped]|[silent]\n|upkeep\n|\n|t:|1656060427\n|switch|p1a: Mandibuzz|Mandibuzz, F|100\/100\n|turn|11\n|\n|t:|1656060454\n|switch|p2a: Clefable|Clefable, M|100\/100\n|move|p1a: Mandibuzz|Foul Play|p2a: Clefable\n|-resisted|p2a: Clefable\n|-damage|p2a: Clefable|94\/100\n|\n|upkeep\n|turn|12\n|\n|t:|1656060461\n|move|p1a: Mandibuzz|Taunt|p2a: Clefable\n|-start|p2a: Clefable|move: Taunt\n|cant|p2a: Clefable|move: Taunt|Stealth Rock\n|\n|upkeep\n|turn|13\n|\n|t:|1656060467\n|switch|p2a: Toxapex|Toxapex, F|100\/100\n|move|p1a: Mandibuzz|Toxic|p2a: Toxapex\n|-immune|p2a: Toxapex\n|\n|upkeep\n|turn|14\n|\n|t:|1656060474\n|switch|p1a: Tapu Lele|Tapu Lele|100\/100\n|-damage|p1a: Tapu Lele|88\/100|[from] Spikes\n|-fieldstart|move: Psychic Terrain|[from] ability: Psychic Surge|[of] p1a: Tapu Lele\n|move|p2a: Toxapex|Scald|p1a: Tapu Lele\n|-damage|p1a: Tapu Lele|70\/100\n|\n|upkeep\n|turn|15\n|\n|t:|1656060484\n|switch|p2a: Scizor|Scizor, M|100\/100\n|move|p1a: Tapu Lele|Focus Blast|p2a: Scizor\n|-damage|p2a: Scizor|48\/100\n|\n|upkeep\n|turn|16\n|\n|t:|1656060492\n|switch|p2a: Toxapex|Toxapex, F|100\/100\n|move|p1a: Tapu Lele|Focus Blast|p2a: Toxapex\n|-resisted|p2a: Toxapex\n|-damage|p2a: Toxapex|77\/100\n|\n|upkeep\n|turn|17\n|\n|t:|1656060500\n|switch|p1a: Landorus|Landorus-Therian, M|84\/100\n|-ability|p1a: Landorus|Intimidate|boost\n|-unboost|p2a: Toxapex|atk|1\n|move|p2a: Toxapex|Light Screen|p2a: Toxapex\n|-sidestart|p2: whocanunravelme|move: Light Screen\n|\n|upkeep\n|turn|18\n|\n|t:|1656060506\n|switch|p2a: Skarmory|Skarmory, M|66\/100\n|move|p1a: Landorus|Earthquake|p2a: Skarmory\n|-immune|p2a: Skarmory\n|\n|-fieldend|move: Psychic Terrain\n|upkeep\n|turn|19\n|\n|t:|1656060513\n|switch|p1a: Toxapex|Toxapex, M|100\/100\n|-damage|p1a: Toxapex|88\/100|[from] Spikes\n|move|p2a: Skarmory|Spikes|p1a: Toxapex\n|-sidestart|p1: Maitredouard2|Spikes\n|\n|upkeep\n|turn|20\n|\n|t:|1656060520\n|move|p1a: Toxapex|Scald|p2a: Skarmory\n|-damage|p2a: Skarmory|54\/100\n|move|p2a: Skarmory|Whirlwind|p1a: Toxapex\n|drag|p1a: Tapu Lele|Tapu Lele|70\/100\n|-damage|p1a: Tapu Lele|53\/100|[from] Spikes\n|-fieldstart|move: Psychic Terrain|[from] ability: Psychic Surge|[of] p1a: Tapu Lele\n|\n|upkeep\n|turn|21\n|\n|t:|1656060532\n|switch|p2a: Reuniclus|Reuniclus, F|6\/100\n|move|p1a: Tapu Lele|Focus Blast|p2a: Reuniclus\n|-resisted|p2a: Reuniclus\n|-crit|p2a: Reuniclus\n|-damage|p2a: Reuniclus|0 fnt\n|faint|p2a: Reuniclus\n|\n|-sideend|p2: whocanunravelme|move: Light Screen\n|upkeep\n|\n|t:|1656060537\n|switch|p2a: Toxapex|Toxapex, F|100\/100\n|turn|22\n|\n|t:|1656060544\n|switch|p1a: Landorus|Landorus-Therian, M|84\/100\n|-ability|p1a: Landorus|Intimidate|boost\n|-unboost|p2a: Toxapex|atk|1\n|move|p2a: Toxapex|Light Screen|p2a: Toxapex\n|-sidestart|p2: whocanunravelme|move: Light Screen\n|\n|upkeep\n|turn|23\n|\n|t:|1656060550\n|move|p1a: Landorus|U-turn|p2a: Toxapex\n|-resisted|p2a: Toxapex\n|-damage|p2a: Toxapex|91\/100\n|\n|t:|1656060553\n|switch|p1a: Toxapex|Toxapex, M|100\/100|[from]move: U-turn\n|-damage|p1a: Toxapex|84\/100|[from] Spikes\n|move|p2a: Toxapex|Scald|p1a: Toxapex\n|-resisted|p1a: Toxapex\n|-damage|p1a: Toxapex|78\/100\n|\n|upkeep\n|turn|24\n|\n|t:|1656060562\n|switch|p2a: Clefable|Clefable, M|94\/100\n|move|p1a: Toxapex|Scald|p2a: Clefable\n|-damage|p2a: Clefable|86\/100\n|\n|-fieldend|move: Psychic Terrain\n|upkeep\n|turn|25\n|\n|t:|1656060573\n|switch|p2a: Scizor|Scizor, M|48\/100\n|move|p1a: Toxapex|Toxic|p2a: Scizor\n|-immune|p2a: Scizor\n|\n|upkeep\n|turn|26\n|\n|t:|1656060579\n|move|p2a: Scizor|Roost|p2a: Scizor\n|-heal|p2a: Scizor|98\/100\n|-singleturn|p2a: Scizor|move: Roost\n|move|p1a: Toxapex|Scald|p2a: Scizor\n|-damage|p2a: Scizor|92\/100\n|-status|p2a: Scizor|brn\n|\n|-damage|p2a: Scizor|86\/100 brn|[from] brn\n|-sideend|p2: whocanunravelme|move: Light Screen\n|upkeep\n|turn|27\n|\n|t:|1656060589\n|switch|p2a: Clefable|Clefable, M|86\/100\n|move|p1a: Toxapex|Toxic|p2a: Clefable\n|-status|p2a: Clefable|tox\n|\n|-damage|p2a: Clefable|80\/100 tox|[from] psn\n|upkeep\n|turn|28\n|\n|t:|1656060597\n|move|p2a: Clefable|Heal Bell|p2a: Clefable\n|-activate|p2a: Clefable|move: Heal Bell\n|-curestatus|p2a: Clefable|tox|[msg]\n|-curestatus|p2: Scizor|brn|[msg]\n|move|p1a: Toxapex|Scald|p2a: Clefable\n|-damage|p2a: Clefable|63\/100\n|\n|upkeep\n|turn|29\n|\n|t:|1656060605\n|move|p2a: Clefable|Stealth Rock|p1a: Toxapex\n|-sidestart|p1: Maitredouard2|move: Stealth Rock\n|move|p1a: Toxapex|Toxic|p2a: Clefable\n|-status|p2a: Clefable|tox\n|\n|-damage|p2a: Clefable|57\/100 tox|[from] psn\n|upkeep\n|turn|30\n|\n|t:|1656060613\n|move|p2a: Clefable|Soft-Boiled|p2a: Clefable\n|-heal|p2a: Clefable|100\/100 tox\n|move|p1a: Toxapex|Scald|p2a: Clefable\n|-damage|p2a: Clefable|84\/100 tox\n|\n|-damage|p2a: Clefable|72\/100 tox|[from] psn\n|upkeep\n|turn|31\n|\n|t:|1656060621\n|move|p2a: Clefable|Heal Bell|p2a: Clefable\n|-activate|p2a: Clefable|move: Heal Bell\n|-curestatus|p2a: Clefable|tox|[msg]\n|move|p1a: Toxapex|Toxic|p2a: Clefable\n|-status|p2a: Clefable|tox\n|\n|-damage|p2a: Clefable|65\/100 tox|[from] psn\n|upkeep\n|turn|32\n|\n|t:|1656060630\n|move|p2a: Clefable|Heal Bell|p2a: Clefable\n|-activate|p2a: Clefable|move: Heal Bell\n|-curestatus|p2a: Clefable|tox|[msg]\n|move|p1a: Toxapex|Scald|p2a: Clefable\n|-damage|p2a: Clefable|50\/100\n|\n|upkeep\n|turn|33\n|\n|t:|1656060638\n|move|p2a: Clefable|Soft-Boiled|p2a: Clefable\n|-heal|p2a: Clefable|99\/100\n|move|p1a: Toxapex|Scald|p2a: Clefable\n|-damage|p2a: Clefable|85\/100\n|-status|p2a: Clefable|brn\n|\n|-damage|p2a: Clefable|79\/100 brn|[from] brn\n|upkeep\n|turn|34\n|\n|t:|1656060650\n|switch|p2a: Toxapex|Toxapex, F|100\/100\n|switch|p1a: Blissey|Blissey, F|100\/100\n|\n|upkeep\n|turn|35\n|\n|t:|1656060656\n|move|p1a: Blissey|Seismic Toss|p2a: Toxapex\n|-damage|p2a: Toxapex|68\/100\n|move|p2a: Toxapex|Light Screen|p2a: Toxapex\n|-sidestart|p2: whocanunravelme|move: Light Screen\n|\n|upkeep\n|turn|36\n|\n|t:|1656060663\n|switch|p2a: Skarmory|Skarmory, M|54\/100\n|move|p1a: Blissey|Toxic|p2a: Skarmory\n|-immune|p2a: Skarmory\n|\n|upkeep\n|turn|37\n|\n|t:|1656060669\n|switch|p1a: Toxapex|Toxapex, M|100\/100\n|-damage|p1a: Toxapex|84\/100|[from] Spikes\n|-damage|p1a: Toxapex|72\/100|[from] Stealth Rock\n|move|p2a: Skarmory|Whirlwind|p1a: Toxapex\n|drag|p1a: Mandibuzz|Mandibuzz, F|100\/100\n|\n|upkeep\n|turn|38\n|\n|t:|1656060689\n|switch|p2a: Toxapex|Toxapex, F|100\/100\n|move|p1a: Mandibuzz|Taunt|p2a: Toxapex\n|-start|p2a: Toxapex|move: Taunt\n|\n|upkeep\n|turn|39\n|\n|t:|1656060696\n|switch|p1a: Blissey|Blissey, F|100\/100\n|move|p2a: Toxapex|Scald|p1a: Blissey\n|-damage|p1a: Blissey|94\/100\n|-status|p1a: Blissey|brn\n|\n|-damage|p1a: Blissey|88\/100 brn|[from] brn\n|-sideend|p2: whocanunravelme|move: Light Screen\n|upkeep\n|turn|40\n|\n|t:|1656060706\n|switch|p2a: Skarmory|Skarmory, M|54\/100\n|move|p1a: Blissey|Teleport|p1a: Blissey\n|\n|t:|1656060710\n|-curestatus|p1a: Blissey|brn|[from] ability: Natural Cure\n|switch|p1a: Tapu Lele|Tapu Lele|53\/100|[from]move: Teleport\n|-damage|p1a: Tapu Lele|37\/100|[from] Spikes\n|-damage|p1a: Tapu Lele|24\/100|[from] Stealth Rock\n|-fieldstart|move: Psychic Terrain|[from] ability: Psychic Surge|[of] p1a: Tapu Lele\n|\n|upkeep\n|turn|41\n|\n|t:|1656060720\n|switch|p2a: Scizor|Scizor, M|86\/100\n|move|p1a: Tapu Lele|Psyshock|p2a: Scizor\n|-resisted|p2a: Scizor\n|-crit|p2a: Scizor\n|-damage|p2a: Scizor|23\/100\n|\n|upkeep\n|turn|42\n|\n|t:|1656060727\n|switch|p2a: Skarmory|Skarmory, M|54\/100\n|move|p1a: Tapu Lele|Psyshock|p2a: Skarmory\n|-resisted|p2a: Skarmory\n|-damage|p2a: Skarmory|32\/100\n|\n|upkeep\n|turn|43\n|\n|t:|1656060734\n|move|p1a: Tapu Lele|Psyshock|p2a: Skarmory\n|-resisted|p2a: Skarmory\n|-damage|p2a: Skarmory|8\/100\n|move|p2a: Skarmory|Roost|p2a: Skarmory\n|-heal|p2a: Skarmory|58\/100\n|-singleturn|p2a: Skarmory|move: Roost\n|\n|upkeep\n|turn|44\n|\n|t:|1656060741\n|move|p1a: Tapu Lele|Psyshock|p2a: Skarmory\n|-resisted|p2a: Skarmory\n|-damage|p2a: Skarmory|36\/100\n|move|p2a: Skarmory|Roost|p2a: Skarmory\n|-heal|p2a: Skarmory|86\/100\n|-singleturn|p2a: Skarmory|move: Roost\n|\n|-fieldend|move: Psychic Terrain\n|upkeep\n|turn|45\n|\n|t:|1656060750\n|move|p1a: Tapu Lele|Psyshock|p2a: Skarmory\n|-resisted|p2a: Skarmory\n|-damage|p2a: Skarmory|69\/100\n|move|p2a: Skarmory|Whirlwind|p1a: Tapu Lele\n|drag|p1a: Toxapex|Toxapex, M|100\/100\n|-damage|p1a: Toxapex|84\/100|[from] Spikes\n|-damage|p1a: Toxapex|72\/100|[from] Stealth Rock\n|\n|upkeep\n|turn|46\n|\n|t:|1656060759\n|switch|p2a: Toxapex|Toxapex, F|100\/100\n|move|p1a: Toxapex|Scald|p2a: Toxapex\n|-resisted|p2a: Toxapex\n|-damage|p2a: Toxapex|95\/100\n|\n|upkeep\n|turn|47\n|\n|t:|1656060766\n|move|p1a: Toxapex|Scald|p2a: Toxapex\n|-resisted|p2a: Toxapex\n|-damage|p2a: Toxapex|88\/100\n|-status|p2a: Toxapex|brn\n|move|p2a: Toxapex|Light Screen|p2a: Toxapex\n|-sidestart|p2: whocanunravelme|move: Light Screen\n|\n|-damage|p2a: Toxapex|82\/100 brn|[from] brn\n|upkeep\n|turn|48\n|\n|t:|1656060775\n|switch|p1a: Landorus|Landorus-Therian, M|84\/100\n|-damage|p1a: Landorus|71\/100|[from] Stealth Rock\n|-ability|p1a: Landorus|Intimidate|boost\n|-unboost|p2a: Toxapex|atk|1\n|move|p2a: Toxapex|Scald|p1a: Landorus\n|-supereffective|p1a: Landorus\n|-damage|p1a: Landorus|30\/100\n|\n|-damage|p2a: Toxapex|75\/100 brn|[from] brn\n|upkeep\n|turn|49\n|-message|Maitredouard2 forfeited.\n|\n|win|whocanunravelme\n|raw|Maitredouard2's rating: 1559 &rarr; <strong>1543<\/strong><br \/>(-16 for losing)\n|raw|whocanunravelme's rating: 1621 &rarr; <strong>1637<\/strong><br \/>(+16 for winning)\n|l|\u2606Maitredouard2\n","uploadtime":1656060790,"views":17,"p1id":"maitredouard2","p2id":"whocanunravelme","formatid":"gen8ou","rating":1543,"private":0,"password":null}