{"id":"gen8ou-1675034015","p1":"Spectre Ace","p2":"UwUKingUwU","format":"gen8ou","log":"|j|\u2606Spectre Ace\n|j|\u2606UwUKingUwU\n|t:|1664637211\n|gametype|singles\n|player|p1|Spectre Ace|juggler|1617\n|player|p2|UwUKingUwU|cynthia|1605\n|teamsize|p1|6\n|teamsize|p2|6\n|gen|8\n|tier|[Gen 8] OU\n|rated|\n|rule|Sleep Clause Mod: Limit one foe put to sleep\n|rule|Species Clause: Limit one of each Pok\u00e9mon\n|rule|OHKO Clause: OHKO moves are banned\n|rule|Evasion Items Clause: Evasion items are banned\n|rule|Evasion Moves Clause: Evasion moves are banned\n|rule|Endless Battle Clause: Forcing endless battles is banned\n|rule|HP Percentage Mod: HP is shown in percentages\n|rule|Dynamax Clause: You cannot dynamax\n|clearpoke\n|poke|p1|Landorus-Therian, M|\n|poke|p1|Ferrothorn, M|\n|poke|p1|Volcanion|\n|poke|p1|Raichu-Alola, F|\n|poke|p1|Tapu Koko|\n|poke|p1|Clefable, F|\n|poke|p2|Nihilego|\n|poke|p2|Zapdos-Galar|\n|poke|p2|Kartana|\n|poke|p2|Celesteela|\n|poke|p2|Garchomp, F|\n|poke|p2|Tapu Fini|\n|teampreview\n|inactive|Battle timer is ON: inactive players will automatically lose when time's up. (requested by UwUKingUwU)\n|l|\u2606Spectre Ace\n|inactive|Spectre Ace disconnected and has a minute to reconnect!\n|player|p1|\n|inactive|Spectre Ace has 30 seconds to reconnect!\n|inactive|Spectre Ace has 20 seconds to reconnect!\n|inactive|Spectre Ace has 15 seconds to reconnect!\n|inactive|Spectre Ace has 10 seconds to reconnect!\n|j|\u2606Spectre Ace\n|inactive|Spectre Ace reconnected and has 95 seconds left.\n|player|p1|Spectre Ace|juggler\n|inactive|Spectre Ace has 90 seconds left.\n|\n|t:|1664637276\n|start\n|switch|p1a: Clefable|Clefable, F|100\/100\n|switch|p2a: Garchomp|Garchomp, F|100\/100\n|turn|1\n|\n|t:|1664637280\n|switch|p2a: Nihilego|Nihilego|100\/100\n|move|p1a: Clefable|Moonblast|p2a: Nihilego\n|-resisted|p2a: Nihilego\n|-damage|p2a: Nihilego|90\/100\n|\n|upkeep\n|turn|2\n|\n|t:|1664637287\n|switch|p2a: Celesteela|Celesteela|100\/100\n|switch|p1a: Sundowner|Ferrothorn, M, shiny|100\/100\n|\n|upkeep\n|turn|3\n|\n|t:|1664637291\n|move|p2a: Celesteela|Flamethrower|p1a: Sundowner\n|-supereffective|p1a: Sundowner\n|-damage|p1a: Sundowner|19\/100\n|move|p1a: Sundowner|Leech Seed|p2a: Celesteela\n|-start|p2a: Celesteela|move: Leech Seed\n|\n|-heal|p1a: Sundowner|25\/100|[from] item: Leftovers\n|-damage|p2a: Celesteela|88\/100|[from] Leech Seed|[of] p1a: Sundowner\n|-heal|p1a: Sundowner|37\/100|[silent]\n|upkeep\n|turn|4\n|\n|t:|1664637296\n|switch|p2a: Zapdos|Zapdos-Galar|100\/100\n|switch|p1a: Amadeus|Landorus-Therian, M|100\/100\n|-ability|p1a: Amadeus|Intimidate|boost\n|-unboost|p2a: Zapdos|atk|1\n|-ability|p2a: Zapdos|Defiant\n|-boost|p2a: Zapdos|atk|2\n|\n|upkeep\n|turn|5\n|\n|t:|1664637299\n|move|p2a: Zapdos|Brave Bird|p1a: Amadeus\n|-damage|p1a: Amadeus|0 fnt\n|faint|p1a: Amadeus\n|-damage|p2a: Zapdos|61\/100|[from] Recoil\n|\n|upkeep\n|\n|t:|1664637302\n|switch|p1a: Booker|Tapu Koko|100\/100\n|-fieldstart|move: Electric Terrain|[from] ability: Electric Surge|[of] p1a: Booker\n|turn|6\n|\n|t:|1664637310\n|switch|p2a: Garchomp|Garchomp, F|100\/100\n|move|p1a: Booker|Dazzling Gleam|p2a: Garchomp\n|-supereffective|p2a: Garchomp\n|-damage|p2a: Garchomp|36\/100\n|\n|upkeep\n|turn|7\n|\n|t:|1664637318\n|move|p1a: Booker|Dazzling Gleam|p2a: Garchomp\n|-supereffective|p2a: Garchomp\n|-damage|p2a: Garchomp|0 fnt\n|faint|p2a: Garchomp\n|\n|upkeep\n|\n|t:|1664637320\n|switch|p2a: Nihilego|Nihilego|90\/100\n|turn|8\n|\n|t:|1664637325\n|move|p1a: Booker|U-turn|p2a: Nihilego\n|-resisted|p2a: Nihilego\n|-damage|p2a: Nihilego|77\/100\n|\n|t:|1664637326\n|switch|p1a: Sundowner|Ferrothorn, M, shiny|37\/100|[from]move: U-turn\n|move|p2a: Nihilego|Meteor Beam||[still]\n|-prepare|p2a: Nihilego|Meteor Beam\n|-boost|p2a: Nihilego|spa|1\n|-enditem|p2a: Nihilego|Power Herb\n|-anim|p2a: Nihilego|Meteor Beam|p1a: Sundowner\n|-resisted|p1a: Sundowner\n|-damage|p1a: Sundowner|9\/100\n|\n|-heal|p1a: Sundowner|16\/100|[from] item: Leftovers\n|upkeep\n|turn|9\n|\n|t:|1664637333\n|move|p2a: Nihilego|Power Gem|p1a: Sundowner\n|-resisted|p1a: Sundowner\n|-damage|p1a: Sundowner|0 fnt\n|faint|p1a: Sundowner\n|-ability|p2a: Nihilego|Beast Boost|boost\n|-boost|p2a: Nihilego|spe|1\n|\n|upkeep\n|\n|t:|1664637336\n|switch|p1a: Valentine|Raichu-Alola, F, shiny|100\/100\n|turn|10\n|\n|t:|1664637339\n|move|p1a: Valentine|Psyshock|p2a: Nihilego\n|-supereffective|p2a: Nihilego\n|-damage|p2a: Nihilego|0 fnt\n|faint|p2a: Nihilego\n|-damage|p1a: Valentine|91\/100|[from] item: Life Orb\n|\n|upkeep\n|\n|t:|1664637348\n|switch|p2a: Tapu Fini|Tapu Fini|100\/100\n|-fieldstart|move: Misty Terrain|[from] ability: Misty Surge|[of] p2a: Tapu Fini\n|turn|11\n|\n|t:|1664637353\n|move|p1a: Valentine|Nasty Plot|p1a: Valentine\n|-boost|p1a: Valentine|spa|2\n|move|p2a: Tapu Fini|Calm Mind|p2a: Tapu Fini\n|-boost|p2a: Tapu Fini|spa|1\n|-boost|p2a: Tapu Fini|spd|1\n|\n|upkeep\n|turn|12\n|\n|t:|1664637356\n|move|p1a: Valentine|Rising Voltage|p2a: Tapu Fini\n|-supereffective|p2a: Tapu Fini\n|-damage|p2a: Tapu Fini|11\/100\n|-damage|p1a: Valentine|81\/100|[from] item: Life Orb\n|move|p2a: Tapu Fini|Draining Kiss|p1a: Valentine\n|-damage|p1a: Valentine|44\/100\n|-heal|p2a: Tapu Fini|32\/100|[from] drain|[of] p1a: Valentine\n|\n|-heal|p2a: Tapu Fini|38\/100|[from] item: Leftovers\n|upkeep\n|turn|13\n|\n|t:|1664637364\n|move|p1a: Valentine|Psyshock|p2a: Tapu Fini\n|-damage|p2a: Tapu Fini|0 fnt\n|faint|p2a: Tapu Fini\n|-damage|p1a: Valentine|34\/100|[from] item: Life Orb\n|\n|upkeep\n|\n|t:|1664637367\n|switch|p2a: Kartana|Kartana|100\/100\n|turn|14\n|\n|t:|1664637371\n|switch|p1a: Clefable|Clefable, F|100\/100\n|move|p2a: Kartana|Leaf Blade|p1a: Clefable\n|-damage|p1a: Clefable|43\/100\n|\n|upkeep\n|turn|15\n|\n|t:|1664637381\n|switch|p1a: Booker|Tapu Koko|100\/100\n|-fieldstart|move: Electric Terrain|[from] ability: Electric Surge|[of] p1a: Booker\n|move|p2a: Kartana|Leaf Blade|p1a: Booker\n|-damage|p1a: Booker|10\/100\n|\n|upkeep\n|turn|16\n|\n|t:|1664637385\n|switch|p1a: Clefable|Clefable, F|43\/100\n|move|p2a: Kartana|Leaf Blade|p1a: Clefable\n|-damage|p1a: Clefable|0 fnt\n|faint|p1a: Clefable\n|-ability|p2a: Kartana|Beast Boost|boost\n|-boost|p2a: Kartana|atk|1\n|\n|upkeep\n|\n|t:|1664637387\n|switch|p1a: Valentine|Raichu-Alola, F, shiny|34\/100\n|turn|17\n|\n|t:|1664637392\n|move|p1a: Valentine|Rising Voltage|p2a: Kartana\n|-hint|Rising Voltage's BP doubled on grounded target.\n|-resisted|p2a: Kartana\n|-damage|p2a: Kartana|0 fnt\n|faint|p2a: Kartana\n|-damage|p1a: Valentine|24\/100|[from] item: Life Orb\n|\n|upkeep\n|\n|t:|1664637394\n|switch|p2a: Celesteela|Celesteela|88\/100\n|turn|18\n|\n|t:|1664637396\n|move|p1a: Valentine|Rising Voltage|p2a: Celesteela\n|-supereffective|p2a: Celesteela\n|-damage|p2a: Celesteela|0 fnt\n|faint|p2a: Celesteela\n|-damage|p1a: Valentine|14\/100|[from] item: Life Orb\n|\n|upkeep\n|\n|t:|1664637398\n|switch|p2a: Zapdos|Zapdos-Galar|61\/100\n|turn|19\n|\n|t:|1664637400\n|move|p1a: Valentine|Rising Voltage|p2a: Zapdos\n|-supereffective|p2a: Zapdos\n|-damage|p2a: Zapdos|0 fnt\n|faint|p2a: Zapdos\n|-damage|p1a: Valentine|4\/100|[from] item: Life Orb\n|\n|win|Spectre Ace\n|raw|Spectre Ace's rating: 1617 &rarr; <strong>1636<\/strong><br \/>(+19 for winning)\n|raw|UwUKingUwU's rating: 1605 &rarr; <strong>1586<\/strong><br \/>(-19 for losing)\n|c|\u2606UwUKingUwU|gg\n|l|\u2606UwUKingUwU\n|c|\u2606Spectre Ace|Gg\n||Ladder isn't responding, score probably updated but might not have (Request timeout).\n","uploadtime":1664637411,"views":3,"p1id":"spectreace","p2id":"uwukinguwu","formatid":"gen8ou","rating":1586,"private":0,"password":null}