{"id":"gen8ou-1257557569","p1":"madness10","p2":"Pha948","format":"gen8ou","log":"|html|<div class=\"broadcast-blue\"><strong>[Gen 8] OU is currently suspecting Urshifu-S! For information on how to participate check out the <a href=\"https:\/\/www.smogon.com\/forums\/threads\/np-ss-ou-suspect-process-round-8-aint-no-rest-for-the-wicked.3675310\/\">suspect thread<\/a>.<\/strong><\/div>\n|j|\u2606madness10\n|j|\u2606Pha948\n|t:|1610023657\n|player|p1|madness10|170|1677\n|player|p2|Pha948|265|1796\n|teamsize|p1|6\n|teamsize|p2|6\n|gametype|singles\n|gen|8\n|tier|[Gen 8] OU\n|rated|\n|clearpoke\n|poke|p1|Spectrier|\n|poke|p1|Nidoking, M|\n|poke|p1|Rillaboom, F|\n|poke|p1|Cinderace, F|\n|poke|p1|Tornadus-Therian, M|\n|poke|p1|Swampert, F|\n|poke|p2|Spectrier|\n|poke|p2|Zapdos|\n|poke|p2|Swampert, F|\n|poke|p2|Urshifu-*, M|\n|poke|p2|Magearna|\n|poke|p2|Latios, M|\n|rule|Sleep Clause Mod: Limit one foe put to sleep\n|rule|Species Clause: Limit one of each Pok\u00e9mon\n|rule|OHKO Clause: OHKO moves are banned\n|rule|Evasion Moves Clause: Evasion moves are banned\n|rule|Endless Battle Clause: Forcing endless battles is banned\n|rule|HP Percentage Mod: HP is shown in percentages\n|rule|Dynamax Clause: You cannot dynamax\n|teampreview\n|c|\u2606Pha948|gl\n|\n|t:|1610023673\n|start\n|switch|p1a: Tornadus|Tornadus-Therian, M|100\/100\n|switch|p2a: Spectrier|Spectrier|100\/100\n|turn|1\n|\n|t:|1610023685\n|move|p2a: Spectrier|Shadow Ball|p1a: Tornadus\n|-damage|p1a: Tornadus|32\/100\n|move|p1a: Tornadus|U-turn|p2a: Spectrier\n|-resisted|p2a: Spectrier\n|-damage|p2a: Spectrier|90\/100\n|inactive|Battle timer is ON: inactive players will automatically lose when time's up. (requested by Pha948)\n|\n|t:|1610023696\n|switch|p1a: Cinderace|Cinderace, F|100\/100|[from]move: U-turn\n|\n|upkeep\n|turn|2\n|\n|t:|1610023706\n|switch|p2a: Swampert|Swampert, F|100\/100\n|move|p1a: Cinderace|U-turn|p2a: Swampert\n|-start|p1a: Cinderace|typechange|Bug|[from] ability: Libero\n|-damage|p2a: Swampert|69\/100\n|\n|t:|1610023719\n|switch|p1a: Rillaboom|Rillaboom, F|100\/100|[from]move: U-turn\n|-fieldstart|move: Grassy Terrain|[from] ability: Grassy Surge|[of] p1a: Rillaboom\n|\n|-heal|p2a: Swampert|75\/100|[from] item: Leftovers\n|-heal|p2a: Swampert|82\/100|[from] Grassy Terrain\n|upkeep\n|turn|3\n|\n|t:|1610023727\n|switch|p2a: Zapdos|Zapdos|100\/100\n|move|p1a: Rillaboom|Knock Off|p2a: Zapdos\n|-damage|p2a: Zapdos|62\/100\n|-enditem|p2a: Zapdos|Heavy-Duty Boots|[from] move: Knock Off|[of] p1a: Rillaboom\n|\n|upkeep\n|turn|4\n|\n|t:|1610023736\n|switch|p1a: Swampert|Swampert, F|100\/100\n|move|p2a: Zapdos|Roost|p2a: Zapdos\n|-heal|p2a: Zapdos|100\/100\n|-singleturn|p2a: Zapdos|move: Roost\n|\n|upkeep\n|turn|5\n|\n|t:|1610023744\n|switch|p2a: Latios|Latios, M|100\/100\n|move|p1a: Swampert|Stealth Rock|p2a: Latios\n|-sidestart|p2: Pha948|move: Stealth Rock\n|\n|upkeep\n|turn|6\n|\n|t:|1610023754\n|move|p2a: Latios|Energy Ball|p1a: Swampert\n|-supereffective|p1a: Swampert\n|-damage|p1a: Swampert|0 fnt\n|-damage|p2a: Latios|91\/100|[from] item: Life Orb\n|faint|p1a: Swampert\n|\n|-fieldend|move: Grassy Terrain\n|upkeep\n|\n|t:|1610023768\n|switch|p1a: Spectrier|Spectrier|100\/100\n|turn|7\n|j| testing213\n|\n|t:|1610023785\n|switch|p2a: Magearna|Magearna|100\/100\n|-damage|p2a: Magearna|94\/100|[from] Stealth Rock\n|move|p1a: Spectrier|Shadow Ball|p2a: Magearna\n|-damage|p2a: Magearna|55\/100\n|\n|upkeep\n|turn|8\n|\n|t:|1610023798\n|move|p1a: Spectrier|Shadow Ball|p2a: Magearna\n|-damage|p2a: Magearna|13\/100\n|-unboost|p2a: Magearna|spd|1\n|move|p2a: Magearna|Ice Beam|p1a: Spectrier\n|-damage|p1a: Spectrier|68\/100\n|\n|upkeep\n|turn|9\n|\n|t:|1610023808\n|move|p1a: Spectrier|Shadow Ball|p2a: Magearna\n|-damage|p2a: Magearna|0 fnt\n|faint|p2a: Magearna\n|-ability|p1a: Spectrier|Grim Neigh|boost\n|-boost|p1a: Spectrier|spa|1\n|\n|upkeep\n|\n|t:|1610023810\n|switch|p2a: Urshifu|Urshifu, M|100\/100\n|-damage|p2a: Urshifu|94\/100|[from] Stealth Rock\n|turn|10\n|\n|t:|1610023825\n|switch|p1a: Nidoking|Nidoking, M|100\/100\n|move|p2a: Urshifu|Wicked Blow|p1a: Nidoking\n|-crit|p1a: Nidoking\n|-damage|p1a: Nidoking|30\/100\n|\n|upkeep\n|turn|11\n|\n|t:|1610023840\n|move|p2a: Urshifu|Wicked Blow|p1a: Nidoking\n|-crit|p1a: Nidoking\n|-damage|p1a: Nidoking|0 fnt\n|faint|p1a: Nidoking\n|\n|upkeep\n|\n|t:|1610023860\n|switch|p1a: Rillaboom|Rillaboom, F|100\/100\n|-fieldstart|move: Grassy Terrain|[from] ability: Grassy Surge|[of] p1a: Rillaboom\n|turn|12\n|\n|t:|1610023873\n|switch|p2a: Zapdos|Zapdos|100\/100\n|-damage|p2a: Zapdos|76\/100|[from] Stealth Rock\n|move|p1a: Rillaboom|U-turn|p2a: Zapdos\n|-resisted|p2a: Zapdos\n|-damage|p2a: Zapdos|61\/100\n|-status|p1a: Rillaboom|par|[from] ability: Static|[of] p2a: Zapdos\n|\n|t:|1610023882\n|switch|p1a: Spectrier|Spectrier|68\/100|[from]move: U-turn\n|\n|-heal|p1a: Spectrier|74\/100|[from] Grassy Terrain\n|upkeep\n|turn|13\n|j| Ilovelettuce\n|\n|t:|1610023911\n|move|p1a: Spectrier|Shadow Ball|p2a: Zapdos\n|-damage|p2a: Zapdos|0 fnt\n|faint|p2a: Zapdos\n|-ability|p1a: Spectrier|Grim Neigh|boost\n|-boost|p1a: Spectrier|spa|1\n|\n|-heal|p1a: Spectrier|80\/100|[from] Grassy Terrain\n|upkeep\n|\n|t:|1610023914\n|switch|p2a: Urshifu|Urshifu, M|94\/100\n|-damage|p2a: Urshifu|88\/100|[from] Stealth Rock\n|turn|14\n|\n|t:|1610023926\n|switch|p1a: Tornadus|Tornadus-Therian, M|65\/100\n|move|p2a: Urshifu|Wicked Blow|p1a: Tornadus\n|-crit|p1a: Tornadus\n|-damage|p1a: Tornadus|6\/100\n|\n|-heal|p2a: Urshifu|94\/100|[from] Grassy Terrain\n|upkeep\n|turn|15\n|j| A-Grade\n|j| Priyankaa\n|l| Ilovelettuce\n|\n|t:|1610023951\n|move|p2a: Urshifu|Wicked Blow|p1a: Tornadus\n|-crit|p1a: Tornadus\n|-damage|p1a: Tornadus|0 fnt\n|faint|p1a: Tornadus\n|\n|-heal|p2a: Urshifu|100\/100|[from] Grassy Terrain\n|upkeep\n|\n|t:|1610023962\n|switch|p1a: Rillaboom|Rillaboom, F|100\/100 par\n|turn|16\n|\n|t:|1610023981\n|switch|p2a: Latios|Latios, M|91\/100\n|-damage|p2a: Latios|78\/100|[from] Stealth Rock\n|cant|p1a: Rillaboom|par\n|\n|-fieldend|move: Grassy Terrain\n|upkeep\n|turn|17\n|\n|t:|1610023996\n|switch|p1a: Cinderace|Cinderace, F|100\/100\n|move|p2a: Latios|Psyshock|p1a: Cinderace\n|-damage|p1a: Cinderace|25\/100\n|-damage|p2a: Latios|68\/100|[from] item: Life Orb\n|\n|upkeep\n|turn|18\n|\n|t:|1610024006\n|switch|p2a: Swampert|Swampert, F|82\/100\n|-damage|p2a: Swampert|75\/100|[from] Stealth Rock\n|move|p1a: Cinderace|U-turn|p2a: Swampert\n|-start|p1a: Cinderace|typechange|Bug|[from] ability: Libero\n|-damage|p2a: Swampert|46\/100\n|\n|t:|1610024016\n|switch|p1a: Spectrier|Spectrier|80\/100|[from]move: U-turn\n|\n|-heal|p2a: Swampert|52\/100|[from] item: Leftovers\n|upkeep\n|turn|19\n|\n|t:|1610024021\n|move|p1a: Spectrier|Shadow Ball|p2a: Swampert\n|-damage|p2a: Swampert|4\/100\n|-unboost|p2a: Swampert|spd|1\n|move|p2a: Swampert|Flip Turn|p1a: Spectrier\n|-damage|p1a: Spectrier|30\/100\n|\n|t:|1610024026\n|switch|p2a: Urshifu|Urshifu, M|100\/100|[from]move: Flip Turn\n|-damage|p2a: Urshifu|94\/100|[from] Stealth Rock\n|\n|upkeep\n|turn|20\n|\n|t:|1610024039\n|switch|p1a: Cinderace|Cinderace, F|25\/100\n|move|p2a: Urshifu|Wicked Blow|p1a: Cinderace\n|-crit|p1a: Cinderace\n|-damage|p1a: Cinderace|0 fnt\n|faint|p1a: Cinderace\n|\n|upkeep\n|\n|t:|1610024046\n|switch|p1a: Rillaboom|Rillaboom, F|100\/100 par\n|-fieldstart|move: Grassy Terrain|[from] ability: Grassy Surge|[of] p1a: Rillaboom\n|turn|21\n|\n|t:|1610024052\n|switch|p2a: Swampert|Swampert, F|4\/100\n|-damage|p2a: Swampert|0 fnt|[from] Stealth Rock\n|faint|p2a: Swampert\n|move|p1a: Rillaboom|U-turn|p2: Swampert|[notarget]\n|-fail|p1a: Rillaboom\n|\n|upkeep\n|\n|t:|1610024055\n|switch|p2a: Latios|Latios, M|68\/100\n|-damage|p2a: Latios|56\/100|[from] Stealth Rock\n|turn|22\n|\n|t:|1610024063\n|move|p2a: Latios|Mystical Fire|p1a: Rillaboom\n|-supereffective|p1a: Rillaboom\n|-damage|p1a: Rillaboom|4\/100 par\n|-unboost|p1a: Rillaboom|spa|1\n|-damage|p2a: Latios|46\/100|[from] item: Life Orb\n|move|p1a: Rillaboom|U-turn|p2a: Latios\n|-supereffective|p2a: Latios\n|-damage|p2a: Latios|0 fnt\n|faint|p2a: Latios\n|c|\u2606Pha948|gg\n|\n|t:|1610024077\n|switch|p1a: Spectrier|Spectrier|30\/100|[from]move: U-turn\n|\n|-heal|p1a: Spectrier|36\/100|[from] Grassy Terrain\n|upkeep\n|\n|t:|1610024082\n|switch|p2a: Urshifu|Urshifu, M|94\/100\n|-damage|p2a: Urshifu|88\/100|[from] Stealth Rock\n|turn|23\n|\n|t:|1610024088\n|move|p2a: Urshifu|Wicked Blow|p1a: Spectrier\n|-supereffective|p1a: Spectrier\n|-crit|p1a: Spectrier\n|-damage|p1a: Spectrier|0 fnt\n|faint|p1a: Spectrier\n|\n|-heal|p2a: Urshifu|94\/100|[from] Grassy Terrain\n|upkeep\n|\n|t:|1610024097\n|switch|p1a: Rillaboom|Rillaboom, F|4\/100 par\n|turn|24\n|\n|t:|1610024104\n|move|p1a: Rillaboom|Grassy Glide|p2a: Urshifu\n|-damage|p2a: Urshifu|12\/100\n|move|p2a: Urshifu|Wicked Blow|p1a: Rillaboom\n|-crit|p1a: Rillaboom\n|-damage|p1a: Rillaboom|0 fnt\n|faint|p1a: Rillaboom\n|\n|win|Pha948\n|l|\u2606madness10\n|l| Priyankaa\n|raw|madness10's rating: 1677 &rarr; <strong>1663<\/strong><br \/>(-14 for losing)\n|raw|Pha948's rating: 1796 &rarr; <strong>1810<\/strong><br \/>(+14 for winning)\n|l|\u2606Pha948\n","uploadtime":1610024134,"views":28,"p1id":"madness10","p2id":"pha948","formatid":"gen8ou","rating":1663,"private":0,"password":null}