{"id":"gen8ou-1570693416","p1":"Mutako Z","p2":"Gaylarian","format":"gen8ou","log":"|j|\u2606Mutako Z\n|j|\u2606Gaylarian\n|t:|1652063236\n|gametype|singles\n|player|p1|Mutako Z|cynthia-gen4|1628\n|player|p2|Gaylarian|swimmer-gen4|1553\n|teamsize|p1|6\n|teamsize|p2|6\n|gen|8\n|tier|[Gen 8] OU\n|rated|\n|rule|Sleep Clause Mod: Limit one foe put to sleep\n|rule|Species Clause: Limit one of each Pok\u00e9mon\n|rule|OHKO Clause: OHKO moves are banned\n|rule|Evasion Moves Clause: Evasion moves are banned\n|rule|Endless Battle Clause: Forcing endless battles is banned\n|rule|HP Percentage Mod: HP is shown in percentages\n|rule|Dynamax Clause: You cannot dynamax\n|clearpoke\n|poke|p1|Hippowdon, F|\n|poke|p1|Tyranitar, M|\n|poke|p1|Excadrill, M|\n|poke|p1|Dracozolt|\n|poke|p1|Zapdos|\n|poke|p1|Scizor, M|\n|poke|p2|Crawdaunt, M|\n|poke|p2|Zapdos|\n|poke|p2|Ferrothorn, M|\n|poke|p2|Slowbro, M|\n|poke|p2|Landorus-Therian, M|\n|poke|p2|Heatran, M|\n|teampreview\n|\n|t:|1652063245\n|start\n|switch|p1a: Tyranitar|Tyranitar, M|100\/100\n|switch|p2a: Crawdaunt|Crawdaunt, M|100\/100\n|-weather|Sandstorm|[from] ability: Sand Stream|[of] p1a: Tyranitar\n|turn|1\n|j| Lightchanseyy\n|\n|t:|1652063262\n|switch|p1a: Scizor|Scizor, M|100\/100\n|move|p2a: Crawdaunt|Crabhammer|p1a: Scizor\n|-damage|p1a: Scizor|12\/100\n|-damage|p2a: Crawdaunt|84\/100|[from] item: Rocky Helmet|[of] p1a: Scizor\n|\n|-weather|Sandstorm|[upkeep]\n|-damage|p2a: Crawdaunt|78\/100|[from] Sandstorm\n|upkeep\n|turn|2\n|l| Lightchanseyy\n|\n|t:|1652063274\n|switch|p1a: Zapdos|Zapdos|100\/100\n|move|p2a: Crawdaunt|Crabhammer|p1a: Zapdos\n|-damage|p1a: Zapdos|0 fnt\n|-status|p2a: Crawdaunt|par|[from] ability: Static|[of] p1a: Zapdos\n|faint|p1a: Zapdos\n|\n|-weather|Sandstorm|[upkeep]\n|-damage|p2a: Crawdaunt|72\/100 par|[from] Sandstorm\n|upkeep\n|\n|t:|1652063286\n|switch|p1a: Dracozolt|Dracozolt|100\/100\n|turn|3\n|\n|t:|1652063292\n|switch|p2a: Ferrothorn|Ferrothorn, M|100\/100\n|move|p1a: Dracozolt|Draco Meteor|p2a: Ferrothorn\n|-resisted|p2a: Ferrothorn\n|-damage|p2a: Ferrothorn|77\/100\n|-unboost|p1a: Dracozolt|spa|2\n|-damage|p1a: Dracozolt|91\/100|[from] item: Life Orb\n|\n|-weather|Sandstorm|[upkeep]\n|-heal|p2a: Ferrothorn|83\/100|[from] item: Leftovers\n|upkeep\n|turn|4\n|\n|t:|1652063307\n|switch|p1a: Scizor|Scizor, M|12\/100\n|switch|p2a: Landorus|Landorus-Therian, M|100\/100\n|-ability|p2a: Landorus|Intimidate|boost\n|-unboost|p1a: Scizor|atk|1\n|\n|-weather|Sandstorm|[upkeep]\n|upkeep\n|turn|5\n|\n|t:|1652063315\n|move|p2a: Landorus|Earthquake|p1a: Scizor\n|-damage|p1a: Scizor|0 fnt\n|faint|p1a: Scizor\n|\n|-weather|none\n|upkeep\n|\n|t:|1652063319\n|switch|p1a: Tyranitar|Tyranitar, M|100\/100\n|-weather|Sandstorm|[from] ability: Sand Stream|[of] p1a: Tyranitar\n|turn|6\n|\n|t:|1652063326\n|switch|p2a: Slowbro|Slowbro, M|100\/100\n|move|p1a: Tyranitar|Dragon Dance|p1a: Tyranitar\n|-boost|p1a: Tyranitar|atk|1\n|-boost|p1a: Tyranitar|spe|1\n|\n|-weather|Sandstorm|[upkeep]\n|-damage|p2a: Slowbro|94\/100|[from] Sandstorm\n|upkeep\n|turn|7\n|\n|t:|1652063342\n|switch|p1a: Dracozolt|Dracozolt|91\/100\n|move|p2a: Slowbro|Body Press|p1a: Dracozolt\n|-damage|p1a: Dracozolt|58\/100\n|\n|-weather|Sandstorm|[upkeep]\n|-damage|p2a: Slowbro|88\/100|[from] Sandstorm\n|upkeep\n|turn|8\n|\n|t:|1652063351\n|switch|p2a: Heatran|Heatran, M|100\/100\n|move|p1a: Dracozolt|Bolt Beak|p2a: Heatran\n|-damage|p2a: Heatran|26\/100\n|-damage|p1a: Dracozolt|48\/100|[from] item: Life Orb\n|\n|-weather|Sandstorm|[upkeep]\n|-heal|p2a: Heatran|32\/100|[from] item: Leftovers\n|upkeep\n|turn|9\n|\n|t:|1652063362\n|switch|p2a: Ferrothorn|Ferrothorn, M|83\/100\n|move|p1a: Dracozolt|Bolt Beak|p2a: Ferrothorn\n|-resisted|p2a: Ferrothorn\n|-damage|p2a: Ferrothorn|58\/100\n|-damage|p1a: Dracozolt|35\/100|[from] ability: Iron Barbs|[of] p2a: Ferrothorn\n|-damage|p1a: Dracozolt|25\/100|[from] item: Life Orb\n|\n|-weather|Sandstorm|[upkeep]\n|-heal|p2a: Ferrothorn|64\/100|[from] item: Leftovers\n|upkeep\n|turn|10\n|\n|t:|1652063373\n|switch|p2a: Landorus|Landorus-Therian, M|100\/100\n|-ability|p2a: Landorus|Intimidate|boost\n|-unboost|p1a: Dracozolt|atk|1\n|move|p1a: Dracozolt|Fire Blast|p2a: Landorus|[miss]\n|-miss|p1a: Dracozolt|p2a: Landorus\n|\n|-weather|none\n|upkeep\n|turn|11\n|\n|t:|1652063383\n|switch|p1a: Hippowdon|Hippowdon, F|100\/100\n|-weather|Sandstorm|[from] ability: Sand Stream|[of] p1a: Hippowdon\n|move|p2a: Landorus|Swords Dance|p2a: Landorus\n|-boost|p2a: Landorus|atk|2\n|\n|-weather|Sandstorm|[upkeep]\n|upkeep\n|turn|12\n|\n|t:|1652063390\n|move|p2a: Landorus|Substitute|p2a: Landorus\n|-start|p2a: Landorus|Substitute\n|-damage|p2a: Landorus|76\/100\n|move|p1a: Hippowdon|Ice Fang|p2a: Landorus\n|-supereffective|p2a: Landorus\n|-end|p2a: Landorus|Substitute\n|\n|-weather|Sandstorm|[upkeep]\n|-heal|p2a: Landorus|82\/100|[from] item: Leftovers\n|upkeep\n|turn|13\n|\n|t:|1652063399\n|move|p2a: Landorus|Earthquake|p1a: Hippowdon\n|-damage|p1a: Hippowdon|55\/100\n|move|p1a: Hippowdon|Ice Fang|p2a: Landorus|[miss]\n|-miss|p1a: Hippowdon|p2a: Landorus\n|\n|-weather|Sandstorm|[upkeep]\n|-heal|p2a: Landorus|88\/100|[from] item: Leftovers\n|upkeep\n|turn|14\n|\n|t:|1652063408\n|move|p2a: Landorus|Earthquake|p1a: Hippowdon\n|-damage|p1a: Hippowdon|3\/100\n|move|p1a: Hippowdon|Ice Fang|p2a: Landorus\n|-supereffective|p2a: Landorus\n|-damage|p2a: Landorus|23\/100\n|\n|-weather|Sandstorm|[upkeep]\n|-heal|p2a: Landorus|29\/100|[from] item: Leftovers\n|upkeep\n|turn|15\n|\n|t:|1652063416\n|move|p2a: Landorus|Earthquake|p1a: Hippowdon\n|-damage|p1a: Hippowdon|0 fnt\n|faint|p1a: Hippowdon\n|\n|-weather|Sandstorm|[upkeep]\n|-heal|p2a: Landorus|35\/100|[from] item: Leftovers\n|upkeep\n|\n|t:|1652063427\n|switch|p1a: Excadrill|Excadrill, M|100\/100\n|turn|16\n|\n|t:|1652063431\n|switch|p2a: Slowbro|Slowbro, M|100\/100\n|move|p1a: Excadrill|Iron Head|p2a: Slowbro\n|-resisted|p2a: Slowbro\n|-damage|p2a: Slowbro|82\/100\n|-damage|p1a: Excadrill|84\/100|[from] item: Rocky Helmet|[of] p2a: Slowbro\n|-damage|p1a: Excadrill|74\/100|[from] item: Life Orb\n|\n|-weather|Sandstorm|[upkeep]\n|-damage|p2a: Slowbro|76\/100|[from] Sandstorm\n|upkeep\n|turn|17\n|\n|t:|1652063441\n|switch|p1a: Dracozolt|Dracozolt|25\/100\n|move|p2a: Slowbro|Teleport|p2a: Slowbro\n|\n|t:|1652063447\n|switch|p2a: Zapdos|Zapdos, shiny|100\/100|[from]move: Teleport\n|\n|-weather|Sandstorm|[upkeep]\n|-damage|p2a: Zapdos|94\/100|[from] Sandstorm\n|upkeep\n|turn|18\n|\n|t:|1652063456\n|move|p1a: Dracozolt|Bolt Beak|p2a: Zapdos\n|-damage|p2a: Zapdos|11\/100\n|-damage|p1a: Dracozolt|15\/100|[from] item: Life Orb\n|move|p2a: Zapdos|Roost|p2a: Zapdos\n|-heal|p2a: Zapdos|61\/100\n|-singleturn|p2a: Zapdos|move: Roost\n|\n|-weather|none\n|upkeep\n|turn|19\n|\n|t:|1652063464\n|move|p2a: Zapdos|Volt Switch|p1a: Dracozolt\n|-resisted|p1a: Dracozolt\n|-damage|p1a: Dracozolt|5\/100\n|\n|t:|1652063468\n|switch|p2a: Ferrothorn|Ferrothorn, M|64\/100|[from]move: Volt Switch\n|move|p1a: Dracozolt|Bolt Beak|p2a: Ferrothorn\n|-resisted|p2a: Ferrothorn\n|-damage|p2a: Ferrothorn|37\/100\n|-damage|p1a: Dracozolt|0 fnt|[from] ability: Iron Barbs|[of] p2a: Ferrothorn\n|faint|p1a: Dracozolt\n|\n|-heal|p2a: Ferrothorn|44\/100|[from] item: Leftovers\n|upkeep\n|\n|t:|1652063478\n|switch|p1a: Tyranitar|Tyranitar, M|100\/100\n|-weather|Sandstorm|[from] ability: Sand Stream|[of] p1a: Tyranitar\n|turn|20\n|\n|t:|1652063484\n|move|p1a: Tyranitar|Dragon Dance|p1a: Tyranitar\n|-boost|p1a: Tyranitar|atk|1\n|-boost|p1a: Tyranitar|spe|1\n|move|p2a: Ferrothorn|Body Press|p1a: Tyranitar\n|-supereffective|p1a: Tyranitar\n|-damage|p1a: Tyranitar|0 fnt\n|faint|p1a: Tyranitar\n|\n|-weather|Sandstorm|[upkeep]\n|-heal|p2a: Ferrothorn|50\/100|[from] item: Leftovers\n|upkeep\n|\n|t:|1652063492\n|switch|p1a: Excadrill|Excadrill, M|74\/100\n|turn|21\n|\n|t:|1652063496\n|move|p1a: Excadrill|Earthquake|p2a: Ferrothorn\n|-damage|p2a: Ferrothorn|8\/100\n|-damage|p1a: Excadrill|64\/100|[from] item: Life Orb\n|move|p2a: Ferrothorn|Body Press|p1a: Excadrill\n|-supereffective|p1a: Excadrill\n|-damage|p1a: Excadrill|0 fnt\n|faint|p1a: Excadrill\n|\n|win|Gaylarian\n|raw|Mutako Z's rating: 1628 &rarr; <strong>1604<\/strong><br \/>(-24 for losing)\n|raw|Gaylarian's rating: 1553 &rarr; <strong>1577<\/strong><br \/>(+24 for winning)\n|l|\u2606Mutako Z\n","uploadtime":1652063508,"views":14,"p1id":"mutakoz","p2id":"gaylarian","formatid":"gen8ou","rating":1577,"private":0,"password":null}