{"id":"gen8ou-1633346305","p1":"Ill Leave","p2":"baigu","format":"gen8ou","log":"|j|\u2606Ill Leave\n|j|\u2606baigu\n|t:|1659761757\n|gametype|singles\n|player|p1|Ill Leave|169|1640\n|player|p2|baigu|265|1629\n|teamsize|p1|6\n|teamsize|p2|6\n|gen|8\n|tier|[Gen 8] OU\n|rated|\n|rule|Sleep Clause Mod: Limit one foe put to sleep\n|rule|Species Clause: Limit one of each Pok\u00e9mon\n|rule|OHKO Clause: OHKO moves are banned\n|rule|Evasion Items Clause: Evasion items are banned\n|rule|Evasion Moves Clause: Evasion moves are banned\n|rule|Endless Battle Clause: Forcing endless battles is banned\n|rule|HP Percentage Mod: HP is shown in percentages\n|rule|Dynamax Clause: You cannot dynamax\n|clearpoke\n|poke|p1|Nihilego|\n|poke|p1|Slowking-Galar, F|\n|poke|p1|Buzzwole|\n|poke|p1|Corviknight, M|\n|poke|p1|Landorus-Therian, M|\n|poke|p1|Zapdos-Galar|\n|poke|p2|Barraskewda, M|\n|poke|p2|Pelipper, M|\n|poke|p2|Ferrothorn, F|\n|poke|p2|Tornadus-Therian, M|\n|poke|p2|Swampert, M|\n|poke|p2|Volcanion|\n|teampreview\n|\n|t:|1659761767\n|start\n|switch|p1a: Nihilego|Nihilego|100\/100\n|switch|p2a: Swampert|Swampert, M|100\/100\n|turn|1\n|inactive|Battle timer is ON: inactive players will automatically lose when time's up. (requested by baigu)\n|\n|t:|1659761772\n|switch|p2a: Ferrothorn|Ferrothorn, F|100\/100\n|move|p1a: Nihilego|Toxic Spikes|p2a: Ferrothorn\n|-sidestart|p2: baigu|move: Toxic Spikes\n|\n|upkeep\n|turn|2\n|\n|t:|1659761782\n|switch|p1a: Zapdos|Zapdos-Galar|100\/100\n|move|p2a: Ferrothorn|Knock Off|p1a: Zapdos\n|-resisted|p1a: Zapdos\n|-damage|p1a: Zapdos|87\/100\n|-enditem|p1a: Zapdos|Choice Band|[from] move: Knock Off|[of] p2a: Ferrothorn\n|\n|upkeep\n|turn|3\n|\n|t:|1659761789\n|switch|p2a: Tornadus|Tornadus-Therian, M, shiny|100\/100\n|move|p1a: Zapdos|Brave Bird|p2a: Tornadus\n|-damage|p2a: Tornadus|36\/100\n|-damage|p1a: Zapdos|63\/100|[from] Recoil\n|\n|upkeep\n|turn|4\n|\n|t:|1659761796\n|move|p2a: Tornadus|Hurricane|p1a: Zapdos|[miss]\n|-miss|p2a: Tornadus|p1a: Zapdos\n|move|p1a: Zapdos|Brave Bird|p2a: Tornadus\n|-damage|p2a: Tornadus|0 fnt\n|faint|p2a: Tornadus\n|-damage|p1a: Zapdos|50\/100|[from] Recoil\n|\n|upkeep\n|\n|t:|1659761802\n|switch|p2a: Barraskewda|Barraskewda, M, shiny|100\/100\n|-status|p2a: Barraskewda|psn\n|turn|5\n|\n|t:|1659761806\n|switch|p1a: Buzzwole|Buzzwole|100\/100\n|move|p2a: Barraskewda|Psychic Fangs|p1a: Buzzwole\n|-supereffective|p1a: Buzzwole\n|-damage|p1a: Buzzwole|55\/100\n|-damage|p2a: Barraskewda|84\/100 psn|[from] item: Rocky Helmet|[of] p1a: Buzzwole\n|\n|-damage|p2a: Barraskewda|72\/100 psn|[from] psn\n|upkeep\n|turn|6\n|\n|t:|1659761812\n|switch|p2a: Pelipper|Pelipper, M|100\/100\n|-weather|RainDance|[from] ability: Drizzle|[of] p2a: Pelipper\n|move|p1a: Buzzwole|Roost|p1a: Buzzwole\n|-heal|p1a: Buzzwole|100\/100\n|-singleturn|p1a: Buzzwole|move: Roost\n|\n|-weather|RainDance|[upkeep]\n|upkeep\n|turn|7\n|\n|t:|1659761818\n|switch|p1a: Slowking|Slowking-Galar, F|100\/100\n|move|p2a: Pelipper|Defog|p1a: Slowking\n|-unboost|p1a: Slowking|evasion|1\n|-sideend|p2: baigu|Toxic Spikes|[from] move: Defog|[of] p2a: Pelipper\n|\n|-weather|RainDance|[upkeep]\n|upkeep\n|turn|8\n|\n|t:|1659761821\n|switch|p2a: Volcanion|Volcanion|100\/100\n|move|p1a: Slowking|Future Sight|p2a: Volcanion\n|-start|p1a: Slowking|move: Future Sight\n|\n|-weather|RainDance|[upkeep]\n|upkeep\n|turn|9\n|\n|t:|1659761825\n|move|p2a: Volcanion|Steam Eruption|p1a: Slowking\n|-damage|p1a: Slowking|38\/100\n|move|p1a: Slowking|Earthquake|p2a: Volcanion\n|-supereffective|p2a: Volcanion\n|-damage|p2a: Volcanion|68\/100\n|\n|-weather|RainDance|[upkeep]\n|upkeep\n|turn|10\n|\n|t:|1659761853\n|switch|p1a: Landorus|Landorus-Therian, M|100\/100\n|-ability|p1a: Landorus|Intimidate|boost\n|-unboost|p2a: Volcanion|atk|1\n|move|p2a: Volcanion|Steam Eruption|p1a: Landorus\n|-supereffective|p1a: Landorus\n|-damage|p1a: Landorus|0 fnt\n|faint|p1a: Landorus\n|\n|-weather|RainDance|[upkeep]\n|-end|p2a: Volcanion|move: Future Sight\n|-damage|p2a: Volcanion|2\/100\n|upkeep\n|\n|t:|1659761863\n|switch|p1a: Zapdos|Zapdos-Galar|50\/100\n|turn|11\n|\n|t:|1659761872\n|switch|p2a: Swampert|Swampert, M|100\/100\n|move|p1a: Zapdos|U-turn|p2a: Swampert\n|-damage|p2a: Swampert|79\/100\n|\n|t:|1659761880\n|switch|p1a: Buzzwole|Buzzwole|100\/100|[from]move: U-turn\n|\n|-weather|RainDance|[upkeep]\n|-heal|p2a: Swampert|85\/100|[from] item: Leftovers\n|upkeep\n|turn|12\n|\n|t:|1659761884\n|move|p1a: Buzzwole|Bulk Up|p1a: Buzzwole\n|-boost|p1a: Buzzwole|atk|1\n|-boost|p1a: Buzzwole|def|1\n|move|p2a: Swampert|Flip Turn|p1a: Buzzwole\n|-damage|p1a: Buzzwole|89\/100\n|-damage|p2a: Swampert|69\/100|[from] item: Rocky Helmet|[of] p1a: Buzzwole\n|\n|t:|1659761886\n|switch|p2a: Volcanion|Volcanion|2\/100|[from]move: Flip Turn\n|\n|-weather|RainDance|[upkeep]\n|upkeep\n|turn|13\n|\n|t:|1659761893\n|switch|p1a: Slowking|Slowking-Galar, F|71\/100\n|move|p2a: Volcanion|Steam Eruption|p1a: Slowking\n|-damage|p1a: Slowking|6\/100\n|\n|-weather|none\n|upkeep\n|turn|14\n|\n|t:|1659761898\n|move|p2a: Volcanion|Steam Eruption|p1a: Slowking\n|-damage|p1a: Slowking|0 fnt\n|faint|p1a: Slowking\n|\n|upkeep\n|\n|t:|1659761901\n|switch|p1a: Zapdos|Zapdos-Galar|50\/100\n|turn|15\n|\n|t:|1659761909\n|switch|p2a: Ferrothorn|Ferrothorn, F|100\/100\n|move|p1a: Zapdos|Brave Bird|p2a: Ferrothorn\n|-damage|p2a: Ferrothorn|66\/100\n|-damage|p1a: Zapdos|38\/100|[from] ability: Iron Barbs|[of] p2a: Ferrothorn\n|-damage|p1a: Zapdos|25\/100|[from] Recoil\n|\n|-heal|p2a: Ferrothorn|73\/100|[from] item: Leftovers\n|upkeep\n|turn|16\n|\n|t:|1659761917\n|switch|p2a: Pelipper|Pelipper, M|100\/100\n|-weather|RainDance|[from] ability: Drizzle|[of] p2a: Pelipper\n|move|p1a: Zapdos|Close Combat|p2a: Pelipper\n|-resisted|p2a: Pelipper\n|-damage|p2a: Pelipper|77\/100\n|-unboost|p1a: Zapdos|def|1\n|-unboost|p1a: Zapdos|spd|1\n|\n|-weather|RainDance|[upkeep]\n|upkeep\n|turn|17\n|\n|t:|1659761923\n|move|p1a: Zapdos|Brave Bird|p2a: Pelipper\n|-damage|p2a: Pelipper|28\/100\n|-damage|p1a: Zapdos|9\/100|[from] Recoil\n|move|p2a: Pelipper|U-turn|p1a: Zapdos\n|-resisted|p1a: Zapdos\n|-damage|p1a: Zapdos|5\/100\n|\n|t:|1659761926\n|switch|p2a: Barraskewda|Barraskewda, M, shiny|72\/100 psn|[from]move: U-turn\n|\n|-weather|RainDance|[upkeep]\n|-damage|p2a: Barraskewda|60\/100 psn|[from] psn\n|upkeep\n|turn|18\n|\n|t:|1659761932\n|move|p2a: Barraskewda|Flip Turn|p1a: Zapdos\n|-damage|p1a: Zapdos|0 fnt\n|faint|p1a: Zapdos\n|\n|t:|1659761940\n|switch|p2a: Swampert|Swampert, M|69\/100|[from]move: Flip Turn\n|\n|-weather|RainDance|[upkeep]\n|-heal|p2a: Swampert|75\/100|[from] item: Leftovers\n|upkeep\n|\n|t:|1659761946\n|switch|p1a: Buzzwole|Buzzwole|89\/100\n|turn|19\n|\n|t:|1659761952\n|move|p1a: Buzzwole|Bulk Up|p1a: Buzzwole\n|-boost|p1a: Buzzwole|atk|1\n|-boost|p1a: Buzzwole|def|1\n|move|p2a: Swampert|Toxic|p1a: Buzzwole\n|-status|p1a: Buzzwole|tox\n|\n|-weather|RainDance|[upkeep]\n|-heal|p2a: Swampert|81\/100|[from] item: Leftovers\n|-damage|p1a: Buzzwole|83\/100 tox|[from] psn\n|upkeep\n|turn|20\n|\n|t:|1659761958\n|move|p1a: Buzzwole|Drain Punch|p2a: Swampert\n|-damage|p2a: Swampert|37\/100\n|-heal|p1a: Buzzwole|100\/100 tox|[from] drain|[of] p2a: Swampert\n|move|p2a: Swampert|Flip Turn|p1a: Buzzwole\n|-damage|p1a: Buzzwole|89\/100 tox\n|-damage|p2a: Swampert|20\/100|[from] item: Rocky Helmet|[of] p1a: Buzzwole\n|\n|t:|1659761962\n|switch|p2a: Volcanion|Volcanion|2\/100|[from]move: Flip Turn\n|\n|-weather|RainDance|[upkeep]\n|-damage|p1a: Buzzwole|77\/100 tox|[from] psn\n|upkeep\n|turn|21\n|\n|t:|1659761968\n|move|p2a: Volcanion|Steam Eruption|p1a: Buzzwole\n|-damage|p1a: Buzzwole|0 fnt\n|faint|p1a: Buzzwole\n|\n|-weather|RainDance|[upkeep]\n|upkeep\n|\n|t:|1659761971\n|switch|p1a: Nihilego|Nihilego|100\/100\n|turn|22\n|\n|t:|1659761974\n|switch|p2a: Swampert|Swampert, M|20\/100\n|move|p1a: Nihilego|Toxic Spikes|p2a: Swampert\n|-sidestart|p2: baigu|move: Toxic Spikes\n|\n|-weather|RainDance|[upkeep]\n|-heal|p2a: Swampert|26\/100|[from] item: Leftovers\n|upkeep\n|turn|23\n|\n|t:|1659761982\n|move|p1a: Nihilego|Meteor Beam||[still]\n|-prepare|p1a: Nihilego|Meteor Beam\n|-boost|p1a: Nihilego|spa|1\n|-enditem|p1a: Nihilego|Power Herb\n|-anim|p1a: Nihilego|Meteor Beam|p2a: Swampert\n|-resisted|p2a: Swampert\n|-damage|p2a: Swampert|0 fnt\n|faint|p2a: Swampert\n|-ability|p1a: Nihilego|Beast Boost|boost\n|-boost|p1a: Nihilego|spe|1\n|\n|-weather|none\n|upkeep\n|\n|t:|1659761985\n|switch|p2a: Pelipper|Pelipper, M|28\/100\n|-weather|RainDance|[from] ability: Drizzle|[of] p2a: Pelipper\n|turn|24\n|\n|t:|1659761998\n|move|p1a: Nihilego|Power Gem|p2a: Pelipper\n|-supereffective|p2a: Pelipper\n|-damage|p2a: Pelipper|0 fnt\n|faint|p2a: Pelipper\n|-ability|p1a: Nihilego|Beast Boost|boost\n|-boost|p1a: Nihilego|spe|1\n|\n|-weather|RainDance|[upkeep]\n|upkeep\n|\n|t:|1659762003\n|switch|p2a: Barraskewda|Barraskewda, M, shiny|60\/100 psn\n|turn|25\n|inactive|baigu has 120 seconds left.\n|\n|t:|1659762052\n|move|p2a: Barraskewda|Waterfall|p1a: Nihilego\n|-supereffective|p1a: Nihilego\n|-damage|p1a: Nihilego|0 fnt\n|faint|p1a: Nihilego\n|\n|-weather|RainDance|[upkeep]\n|-damage|p2a: Barraskewda|48\/100 psn|[from] psn\n|upkeep\n|\n|t:|1659762058\n|switch|p1a: Corviknight|Corviknight, M|100\/100\n|-ability|p1a: Corviknight|Pressure\n|turn|26\n|\n|t:|1659762061\n|move|p2a: Barraskewda|Waterfall|p1a: Corviknight\n|-damage|p1a: Corviknight|17\/100\n|move|p1a: Corviknight|Bulk Up|p1a: Corviknight\n|-boost|p1a: Corviknight|atk|1\n|-boost|p1a: Corviknight|def|1\n|\n|-weather|RainDance|[upkeep]\n|-heal|p1a: Corviknight|23\/100|[from] item: Leftovers\n|-damage|p2a: Barraskewda|35\/100 psn|[from] psn\n|upkeep\n|turn|27\n|\n|t:|1659762065\n|move|p2a: Barraskewda|Waterfall|p1a: Corviknight\n|-damage|p1a: Corviknight|0 fnt\n|faint|p1a: Corviknight\n|\n|win|baigu\n|raw|Ill Leave's rating: 1640 &rarr; <strong>1619<\/strong><br \/>(-21 for losing)\n|raw|baigu's rating: 1629 &rarr; <strong>1650<\/strong><br \/>(+21 for winning)\n","uploadtime":1659762069,"views":14,"p1id":"illleave","p2id":"baigu","formatid":"gen8ou","rating":1619,"private":0,"password":null}