{"id":"gen8ou-1665053655","p1":"chansey and lulu","p2":"Windsom","format":"gen8ou","log":"|j|\u2606chansey and lulu\n|j|\u2606Windsom\n|t:|1663261306\n|gametype|singles\n|player|p1|chansey and lulu|hooligans|1518\n|player|p2|Windsom|cyrus-masters|1560\n|teamsize|p1|6\n|teamsize|p2|6\n|gen|8\n|tier|[Gen 8] OU\n|rated|\n|rule|Sleep Clause Mod: Limit one foe put to sleep\n|rule|Species Clause: Limit one of each Pok\u00e9mon\n|rule|OHKO Clause: OHKO moves are banned\n|rule|Evasion Items Clause: Evasion items are banned\n|rule|Evasion Moves Clause: Evasion moves are banned\n|rule|Endless Battle Clause: Forcing endless battles is banned\n|rule|HP Percentage Mod: HP is shown in percentages\n|rule|Dynamax Clause: You cannot dynamax\n|clearpoke\n|poke|p1|Zapdos|\n|poke|p1|Clefable, M|\n|poke|p1|Toxapex, F|\n|poke|p1|Skarmory, M|\n|poke|p1|Quagsire, M|\n|poke|p1|Cresselia, F|\n|poke|p2|Ninetales-Alola, F|\n|poke|p2|Latios, M|\n|poke|p2|Mew|\n|poke|p2|Dragapult, M|\n|poke|p2|Moltres-Galar|\n|poke|p2|Celesteela|\n|teampreview\n|\n|t:|1663261334\n|start\n|switch|p1a: Toxapex|Toxapex, F|100\/100\n|switch|p2a: Ninetales|Ninetales-Alola, F|100\/100\n|-weather|Hail|[from] ability: Snow Warning|[of] p2a: Ninetales\n|turn|1\n|inactive|Battle timer is ON: inactive players will automatically lose when time's up. (requested by Windsom)\n|\n|t:|1663261341\n|move|p2a: Ninetales|Aurora Veil|p2a: Ninetales\n|-sidestart|p2: Windsom|move: Aurora Veil\n|move|p1a: Toxapex|Knock Off|p2a: Ninetales\n|-resisted|p2a: Ninetales\n|-damage|p2a: Ninetales|95\/100\n|-enditem|p2a: Ninetales|Light Clay|[from] move: Knock Off|[of] p1a: Toxapex\n|\n|-weather|Hail|[upkeep]\n|-damage|p1a: Toxapex|95\/100|[from] Hail\n|upkeep\n|turn|2\n|\n|t:|1663261349\n|move|p2a: Ninetales|Encore|p1a: Toxapex\n|-start|p1a: Toxapex|Encore\n|move|p1a: Toxapex|Knock Off|p2a: Ninetales\n|-resisted|p2a: Ninetales\n|-damage|p2a: Ninetales|91\/100\n|\n|-weather|Hail|[upkeep]\n|-damage|p1a: Toxapex|89\/100|[from] Hail\n|upkeep\n|turn|3\n|\n|t:|1663261357\n|switch|p2a: Latios|Latios, M|100\/100\n|move|p1a: Toxapex|Knock Off|p2a: Latios\n|-supereffective|p2a: Latios\n|-damage|p2a: Latios|79\/100\n|-enditem|p2a: Latios|Weakness Policy\n|-boost|p2a: Latios|atk|2|[from] item: Weakness Policy\n|-boost|p2a: Latios|spa|2|[from] item: Weakness Policy\n|\n|-weather|Hail|[upkeep]\n|-damage|p2a: Latios|73\/100|[from] Hail\n|-damage|p1a: Toxapex|83\/100|[from] Hail\n|upkeep\n|turn|4\n|\n|t:|1663261367\n|switch|p1a: Quagsire|Quagsire, M|100\/100\n|move|p2a: Latios|Calm Mind|p2a: Latios\n|-boost|p2a: Latios|spa|1\n|-boost|p2a: Latios|spd|1\n|\n|-weather|Hail|[upkeep]\n|-damage|p2a: Latios|67\/100|[from] Hail\n|-damage|p1a: Quagsire|94\/100|[from] Hail\n|-heal|p1a: Quagsire|100\/100|[from] item: Leftovers\n|upkeep\n|turn|5\n|\n|t:|1663261376\n|move|p2a: Latios|Stored Power|p1a: Quagsire\n|-damage|p1a: Quagsire|0 fnt\n|faint|p1a: Quagsire\n|\n|-weather|none\n|upkeep\n|\n|t:|1663261381\n|switch|p1a: Cresselia|Cresselia, F|100\/100\n|turn|6\n|\n|t:|1663261391\n|move|p2a: Latios|Calm Mind|p2a: Latios\n|-boost|p2a: Latios|spa|1\n|-boost|p2a: Latios|spd|1\n|move|p1a: Cresselia|Toxic|p2a: Latios\n|-status|p2a: Latios|tox\n|\n|-damage|p2a: Latios|61\/100 tox|[from] psn\n|upkeep\n|turn|7\n|\n|t:|1663261401\n|move|p2a: Latios|Stored Power|p1a: Cresselia\n|-resisted|p1a: Cresselia\n|-damage|p1a: Cresselia|31\/100\n|move|p1a: Cresselia|Ice Beam|p2a: Latios\n|-supereffective|p2a: Latios\n|-damage|p2a: Latios|52\/100 tox\n|\n|-heal|p1a: Cresselia|37\/100|[from] item: Leftovers\n|-damage|p2a: Latios|40\/100 tox|[from] psn\n|upkeep\n|turn|8\n|\n|t:|1663261411\n|move|p1a: Cresselia|Protect|p1a: Cresselia\n|-singleturn|p1a: Cresselia|Protect\n|move|p2a: Latios|Stored Power|p1a: Cresselia\n|-activate|p1a: Cresselia|move: Protect\n|\n|-heal|p1a: Cresselia|43\/100|[from] item: Leftovers\n|-damage|p2a: Latios|22\/100 tox|[from] psn\n|-sideend|p2: Windsom|move: Aurora Veil\n|upkeep\n|turn|9\n|\n|t:|1663261419\n|move|p1a: Cresselia|Protect||[still]\n|-fail|p1a: Cresselia\n|move|p2a: Latios|Stored Power|p1a: Cresselia\n|-resisted|p1a: Cresselia\n|-damage|p1a: Cresselia|0 fnt\n|faint|p1a: Cresselia\n|\n|-damage|p2a: Latios|0 fnt|[from] psn\n|faint|p2a: Latios\n|upkeep\n|\n|t:|1663261431\n|switch|p2a: Ninetales|Ninetales-Alola, F|91\/100\n|switch|p1a: Clefable|Clefable, M|100\/100\n|-weather|Hail|[from] ability: Snow Warning|[of] p2a: Ninetales\n|turn|10\n|\n|t:|1663261437\n|move|p2a: Ninetales|Aurora Veil|p2a: Ninetales\n|-sidestart|p2: Windsom|move: Aurora Veil\n|move|p1a: Clefable|Stealth Rock|p2a: Ninetales\n|-sidestart|p2: Windsom|move: Stealth Rock\n|\n|-weather|Hail|[upkeep]\n|upkeep\n|turn|11\n|\n|t:|1663261445\n|switch|p2a: Celesteela|Celesteela|100\/100\n|-damage|p2a: Celesteela|88\/100|[from] Stealth Rock\n|switch|p1a: Toxapex|Toxapex, F|100\/100\n|\n|-weather|Hail|[upkeep]\n|-damage|p2a: Celesteela|82\/100|[from] Hail\n|-damage|p1a: Toxapex|95\/100|[from] Hail\n|upkeep\n|turn|12\n|\n|t:|1663261456\n|move|p2a: Celesteela|Meteor Beam||[still]\n|-prepare|p2a: Celesteela|Meteor Beam\n|-boost|p2a: Celesteela|spa|1\n|-enditem|p2a: Celesteela|Power Herb\n|-anim|p2a: Celesteela|Meteor Beam|p1a: Toxapex\n|-crit|p1a: Toxapex\n|-damage|p1a: Toxapex|42\/100\n|move|p1a: Toxapex|Haze|p1a: Toxapex\n|-clearallboost\n|\n|-weather|Hail|[upkeep]\n|-damage|p2a: Celesteela|76\/100|[from] Hail\n|-damage|p1a: Toxapex|36\/100|[from] Hail\n|upkeep\n|turn|13\n|\n|t:|1663261467\n|move|p2a: Celesteela|Earthquake|p1a: Toxapex\n|-supereffective|p1a: Toxapex\n|-damage|p1a: Toxapex|0 fnt\n|faint|p1a: Toxapex\n|-ability|p2a: Celesteela|Beast Boost|boost\n|-boost|p2a: Celesteela|spa|1\n|\n|-weather|Hail|[upkeep]\n|-damage|p2a: Celesteela|70\/100|[from] Hail\n|upkeep\n|\n|t:|1663261475\n|switch|p1a: Zapdos|Zapdos|100\/100\n|-ability|p1a: Zapdos|Pressure\n|turn|14\n|\n|t:|1663261484\n|move|p1a: Zapdos|Volt Switch|p2a: Celesteela\n|-supereffective|p2a: Celesteela\n|-damage|p2a: Celesteela|40\/100\n|\n|t:|1663261488\n|switch|p1a: Skarmory|Skarmory, M|100\/100|[from]move: Volt Switch\n|move|p2a: Celesteela|Meteor Beam||[still]\n|-prepare|p2a: Celesteela|Meteor Beam\n|-boost|p2a: Celesteela|spa|1\n|\n|-weather|none\n|-sideend|p2: Windsom|move: Aurora Veil\n|upkeep\n|turn|15\n|\n|t:|1663261498\n|move|p2a: Celesteela|Meteor Beam|p1a: Skarmory|[from]lockedmove\n|-ability|p1a: Skarmory|Sturdy\n|-damage|p1a: Skarmory|1\/100\n|move|p1a: Skarmory|Body Press|p2a: Celesteela\n|-crit|p2a: Celesteela\n|-damage|p2a: Celesteela|0 fnt\n|faint|p2a: Celesteela\n|\n|upkeep\n|\n|t:|1663261519\n|switch|p2a: Moltres|Moltres-Galar|100\/100\n|turn|16\n|\n|t:|1663261522\n|move|p2a: Moltres|Agility|p2a: Moltres\n|-boost|p2a: Moltres|spe|2\n|move|p1a: Skarmory|Toxic|p2a: Moltres\n|-status|p2a: Moltres|tox\n|\n|-damage|p2a: Moltres|94\/100 tox|[from] psn\n|upkeep\n|turn|17\n|\n|t:|1663261534\n|move|p2a: Moltres|Nasty Plot|p2a: Moltres\n|-boost|p2a: Moltres|spa|2\n|move|p1a: Skarmory|Roost|p1a: Skarmory\n|-heal|p1a: Skarmory|51\/100\n|-singleturn|p1a: Skarmory|move: Roost\n|\n|-damage|p2a: Moltres|82\/100 tox|[from] psn\n|upkeep\n|turn|18\n|\n|t:|1663261546\n|switch|p1a: Zapdos|Zapdos|100\/100\n|-ability|p1a: Zapdos|Pressure\n|move|p2a: Moltres|Fiery Wrath|p1a: Zapdos\n|-damage|p1a: Zapdos|41\/100\n|\n|-damage|p2a: Moltres|63\/100 tox|[from] psn\n|upkeep\n|turn|19\n|\n|t:|1663261555\n|switch|p1a: Clefable|Clefable, M|100\/100\n|move|p2a: Moltres|Fiery Wrath|p1a: Clefable\n|-resisted|p1a: Clefable\n|-damage|p1a: Clefable|70\/100\n|\n|-damage|p2a: Moltres|38\/100 tox|[from] psn\n|upkeep\n|turn|20\n|\n|t:|1663261563\n|move|p2a: Moltres|Hurricane|p1a: Clefable|[miss]\n|-miss|p2a: Moltres|p1a: Clefable\n|move|p1a: Clefable|Soft-Boiled|p1a: Clefable\n|-heal|p1a: Clefable|100\/100\n|\n|-damage|p2a: Moltres|7\/100 tox|[from] psn\n|upkeep\n|turn|21\n|\n|t:|1663261573\n|switch|p1a: Zapdos|Zapdos|41\/100\n|-ability|p1a: Zapdos|Pressure\n|move|p2a: Moltres|Hurricane|p1a: Zapdos\n|-resisted|p1a: Zapdos\n|-damage|p1a: Zapdos|7\/100\n|\n|-damage|p2a: Moltres|0 fnt|[from] psn\n|faint|p2a: Moltres\n|upkeep\n|\n|t:|1663261590\n|switch|p2a: Ninetales|Ninetales-Alola, F|91\/100\n|-damage|p2a: Ninetales|66\/100|[from] Stealth Rock\n|-weather|Hail|[from] ability: Snow Warning|[of] p2a: Ninetales\n|turn|22\n|\n|t:|1663261597\n|move|p2a: Ninetales|Aurora Veil|p2a: Ninetales\n|-sidestart|p2: Windsom|move: Aurora Veil\n|move|p1a: Zapdos|Roost|p1a: Zapdos\n|-heal|p1a: Zapdos|57\/100\n|-singleturn|p1a: Zapdos|move: Roost\n|\n|-weather|Hail|[upkeep]\n|-damage|p1a: Zapdos|51\/100|[from] Hail\n|upkeep\n|turn|23\n|\n|t:|1663261605\n|move|p2a: Ninetales|Freeze-Dry|p1a: Zapdos\n|-supereffective|p1a: Zapdos\n|-damage|p1a: Zapdos|16\/100\n|move|p1a: Zapdos|Roost|p1a: Zapdos\n|-heal|p1a: Zapdos|67\/100\n|-singleturn|p1a: Zapdos|move: Roost\n|\n|-weather|Hail|[upkeep]\n|-damage|p1a: Zapdos|61\/100|[from] Hail\n|upkeep\n|turn|24\n|\n|t:|1663261614\n|move|p2a: Ninetales|Encore|p1a: Zapdos\n|-start|p1a: Zapdos|Encore\n|move|p1a: Zapdos|Roost|p1a: Zapdos\n|-heal|p1a: Zapdos|100\/100\n|-singleturn|p1a: Zapdos|move: Roost\n|\n|-weather|Hail|[upkeep]\n|-damage|p1a: Zapdos|94\/100|[from] Hail\n|upkeep\n|turn|25\n|\n|t:|1663261623\n|switch|p2a: Dragapult|Dragapult, M|100\/100\n|-damage|p2a: Dragapult|88\/100|[from] Stealth Rock\n|switch|p1a: Skarmory|Skarmory, M|51\/100\n|\n|-weather|Hail|[upkeep]\n|-damage|p2a: Dragapult|82\/100|[from] Hail\n|-damage|p1a: Skarmory|45\/100|[from] Hail\n|upkeep\n|turn|26\n|\n|t:|1663261632\n|move|p2a: Dragapult|Flamethrower|p1a: Skarmory\n|-supereffective|p1a: Skarmory\n|-crit|p1a: Skarmory\n|-damage|p1a: Skarmory|0 fnt\n|faint|p1a: Skarmory\n|-damage|p2a: Dragapult|72\/100|[from] item: Life Orb\n|\n|-weather|none\n|-sideend|p2: Windsom|move: Aurora Veil\n|upkeep\n|\n|t:|1663261639\n|switch|p1a: Clefable|Clefable, M|100\/100\n|turn|27\n|\n|t:|1663261652\n|move|p2a: Dragapult|Phantom Force||[still]\n|-prepare|p2a: Dragapult|Phantom Force\n|move|p1a: Clefable|Moonblast|p2a: Dragapult|[miss]\n|-miss|p1a: Clefable|p2a: Dragapult\n|\n|upkeep\n|turn|28\n|\n|t:|1663261660\n|move|p2a: Dragapult|Phantom Force|p1a: Clefable|[from]lockedmove\n|-damage|p1a: Clefable|30\/100\n|-damage|p2a: Dragapult|63\/100|[from] item: Life Orb\n|move|p1a: Clefable|Moonblast|p2a: Dragapult\n|-supereffective|p2a: Dragapult\n|-damage|p2a: Dragapult|0 fnt\n|faint|p2a: Dragapult\n|\n|upkeep\n|\n|t:|1663261667\n|switch|p2a: Mew|Mew|100\/100\n|-damage|p2a: Mew|88\/100|[from] Stealth Rock\n|turn|29\n|\n|t:|1663261671\n|move|p2a: Mew|Cosmic Power|p2a: Mew\n|-boost|p2a: Mew|def|1\n|-boost|p2a: Mew|spd|1\n|move|p1a: Clefable|Moonblast|p2a: Mew\n|-damage|p2a: Mew|70\/100\n|\n|upkeep\n|turn|30\n|-message|chansey and lulu forfeited.\n|\n|win|Windsom\n|raw|chansey and lulu's rating: 1518 &rarr; <strong>1500<\/strong><br \/>(-18 for losing)\n|raw|Windsom's rating: 1560 &rarr; <strong>1578<\/strong><br \/>(+18 for winning)\n|l|\u2606chansey and lulu\n","uploadtime":1663261682,"views":59,"p1id":"chanseyandlulu","p2id":"windsom","formatid":"gen8ou","rating":1500,"private":0,"password":null}