{"id":"gen8ou-1669588979","p1":"Adel19","p2":"alafa","format":"gen8ou","log":"|j|\u2606Adel19\n|j|\u2606alafa\n|t:|1663748990\n|gametype|singles\n|player|p1|Adel19|266|1733\n|player|p2|alafa|170|1697\n|teamsize|p1|6\n|teamsize|p2|6\n|gen|8\n|tier|[Gen 8] OU\n|rated|\n|rule|Sleep Clause Mod: Limit one foe put to sleep\n|rule|Species Clause: Limit one of each Pok\u00e9mon\n|rule|OHKO Clause: OHKO moves are banned\n|rule|Evasion Items Clause: Evasion items are banned\n|rule|Evasion Moves Clause: Evasion moves are banned\n|rule|Endless Battle Clause: Forcing endless battles is banned\n|rule|HP Percentage Mod: HP is shown in percentages\n|rule|Dynamax Clause: You cannot dynamax\n|clearpoke\n|poke|p1|Landorus-Therian, M|\n|poke|p1|Zeraora|\n|poke|p1|Tapu Fini|\n|poke|p1|Zapdos|\n|poke|p1|Blissey, F|\n|poke|p1|Tapu Lele|\n|poke|p2|Melmetal|\n|poke|p2|Clefable, F|\n|poke|p2|Toxapex, M|\n|poke|p2|Landorus-Therian, M|\n|poke|p2|Tyranitar, M|\n|poke|p2|Regieleki|\n|teampreview\n|inactive|Battle timer is ON: inactive players will automatically lose when time's up. (requested by Adel19)\n|\n|t:|1663749015\n|start\n|switch|p1a: Tapu Lele|Tapu Lele|100\/100\n|switch|p2a: Landorus|Landorus-Therian, M|100\/100\n|-ability|p2a: Landorus|Intimidate|boost\n|-unboost|p1a: Tapu Lele|atk|1\n|-fieldstart|move: Psychic Terrain|[from] ability: Psychic Surge|[of] p1a: Tapu Lele\n|turn|1\n|\n|t:|1663749025\n|move|p2a: Landorus|Earthquake|p1a: Tapu Lele\n|-damage|p1a: Tapu Lele|8\/100\n|move|p1a: Tapu Lele|Moonblast|p2a: Landorus\n|-damage|p2a: Landorus|3\/100\n|-unboost|p2a: Landorus|spa|1\n|\n|upkeep\n|turn|2\n|\n|t:|1663749037\n|switch|p1a: Landorus|Landorus-Therian, M|100\/100\n|-ability|p1a: Landorus|Intimidate|boost\n|-unboost|p2a: Landorus|atk|1\n|move|p2a: Landorus|Stone Edge|p1a: Landorus\n|-damage|p1a: Landorus|73\/100\n|\n|upkeep\n|turn|3\n|\n|t:|1663749044\n|move|p2a: Landorus|Toxic|p1a: Landorus\n|-status|p1a: Landorus|tox\n|move|p1a: Landorus|Stone Edge|p2a: Landorus\n|-damage|p2a: Landorus|0 fnt\n|faint|p2a: Landorus\n|\n|-damage|p1a: Landorus|67\/100 tox|[from] psn\n|upkeep\n|\n|t:|1663749063\n|switch|p2a: Tyranitar|Tyranitar, M|100\/100\n|-weather|Sandstorm|[from] ability: Sand Stream|[of] p2a: Tyranitar\n|turn|4\n|\n|t:|1663749070\n|switch|p2a: Clefable|Clefable, F|100\/100\n|move|p1a: Landorus|Earthquake|p2a: Clefable\n|-damage|p2a: Clefable|39\/100\n|\n|-weather|Sandstorm|[upkeep]\n|-heal|p2a: Clefable|45\/100|[from] item: Leftovers\n|-damage|p1a: Landorus|55\/100 tox|[from] psn\n|upkeep\n|turn|5\n|\n|t:|1663749081\n|switch|p2a: Toxapex|Toxapex, M|100\/100\n|move|p1a: Landorus|Earthquake|p2a: Toxapex\n|-supereffective|p2a: Toxapex\n|-damage|p2a: Toxapex|7\/100\n|\n|-weather|Sandstorm|[upkeep]\n|-damage|p2a: Toxapex|1\/100|[from] Sandstorm\n|-heal|p2a: Toxapex|7\/100|[from] item: Black Sludge\n|-damage|p1a: Landorus|37\/100 tox|[from] psn\n|-fieldend|move: Psychic Terrain\n|upkeep\n|turn|6\n|\n|t:|1663749092\n|move|p2a: Toxapex|Baneful Bunker|p2a: Toxapex\n|-singleturn|p2a: Toxapex|move: Protect\n|move|p1a: Landorus|Earthquake|p2a: Toxapex\n|-activate|p2a: Toxapex|move: Protect\n|\n|-weather|Sandstorm|[upkeep]\n|-damage|p2a: Toxapex|1\/100|[from] Sandstorm\n|-heal|p2a: Toxapex|7\/100|[from] item: Black Sludge\n|-damage|p1a: Landorus|13\/100 tox|[from] psn\n|upkeep\n|turn|7\n|\n|t:|1663749108\n|move|p1a: Landorus|Earthquake|p2a: Toxapex\n|-supereffective|p2a: Toxapex\n|-damage|p2a: Toxapex|0 fnt\n|faint|p2a: Toxapex\n|\n|-weather|Sandstorm|[upkeep]\n|-damage|p1a: Landorus|0 fnt|[from] psn\n|faint|p1a: Landorus\n|upkeep\n|\n|t:|1663749119\n|switch|p1a: Tapu Lele|Tapu Lele|8\/100\n|switch|p2a: Melmetal|Melmetal|100\/100\n|-fieldstart|move: Psychic Terrain|[from] ability: Psychic Surge|[of] p1a: Tapu Lele\n|turn|8\n|\n|t:|1663749140\n|move|p1a: Tapu Lele|Psychic|p2a: Melmetal\n|-resisted|p2a: Melmetal\n|-damage|p2a: Melmetal|47\/100\n|move|p2a: Melmetal|Ice Punch|p1a: Tapu Lele\n|-damage|p1a: Tapu Lele|0 fnt\n|faint|p1a: Tapu Lele\n|\n|-weather|none\n|upkeep\n|\n|t:|1663749149\n|switch|p1a: Zapdos|Zapdos|100\/100\n|turn|9\n|\n|t:|1663749152\n|move|p1a: Zapdos|Volt Switch|p2a: Melmetal\n|-damage|p2a: Melmetal|17\/100\n|\n|t:|1663749155\n|switch|p1a: Tapu Fini|Tapu Fini|100\/100|[from]move: Volt Switch\n|-fieldstart|move: Misty Terrain|[from] ability: Misty Surge|[of] p1a: Tapu Fini\n|move|p2a: Melmetal|Ice Punch|p1a: Tapu Fini\n|-resisted|p1a: Tapu Fini\n|-damage|p1a: Tapu Fini|83\/100\n|\n|-heal|p1a: Tapu Fini|89\/100|[from] item: Leftovers\n|upkeep\n|turn|10\n|\n|t:|1663749173\n|switch|p2a: Clefable|Clefable, F|45\/100\n|move|p1a: Tapu Fini|Surf|p2a: Clefable\n|-damage|p2a: Clefable|13\/100\n|\n|-heal|p1a: Tapu Fini|95\/100|[from] item: Leftovers\n|-heal|p2a: Clefable|20\/100|[from] item: Leftovers\n|upkeep\n|turn|11\n|\n|t:|1663749187\n|switch|p2a: Tyranitar|Tyranitar, M|100\/100\n|-weather|Sandstorm|[from] ability: Sand Stream|[of] p2a: Tyranitar\n|move|p1a: Tapu Fini|Moonblast|p2a: Tyranitar\n|-supereffective|p2a: Tyranitar\n|-damage|p2a: Tyranitar|56\/100\n|\n|-weather|Sandstorm|[upkeep]\n|-damage|p1a: Tapu Fini|89\/100|[from] Sandstorm\n|-heal|p2a: Tyranitar|62\/100|[from] item: Leftovers\n|-heal|p1a: Tapu Fini|95\/100|[from] item: Leftovers\n|upkeep\n|turn|12\n|\n|t:|1663749199\n|move|p2a: Tyranitar|Stone Edge|p1a: Tapu Fini\n|-damage|p1a: Tapu Fini|52\/100\n|move|p1a: Tapu Fini|Moonblast|p2a: Tyranitar\n|-supereffective|p2a: Tyranitar\n|-damage|p2a: Tyranitar|15\/100\n|\n|-weather|Sandstorm|[upkeep]\n|-damage|p1a: Tapu Fini|46\/100|[from] Sandstorm\n|-heal|p2a: Tyranitar|21\/100|[from] item: Leftovers\n|-heal|p1a: Tapu Fini|52\/100|[from] item: Leftovers\n|upkeep\n|turn|13\n|\n|t:|1663749211\n|move|p2a: Tyranitar|Stone Edge|p1a: Tapu Fini\n|-crit|p1a: Tapu Fini\n|-damage|p1a: Tapu Fini|0 fnt\n|faint|p1a: Tapu Fini\n|\n|-weather|Sandstorm|[upkeep]\n|-heal|p2a: Tyranitar|27\/100|[from] item: Leftovers\n|-fieldend|Misty Terrain\n|upkeep\n|\n|t:|1663749216\n|switch|p1a: Zeraora|Zeraora|100\/100\n|turn|14\n|\n|t:|1663749228\n|switch|p2a: Melmetal|Melmetal|17\/100\n|move|p1a: Zeraora|Close Combat|p2a: Melmetal\n|-supereffective|p2a: Melmetal\n|-damage|p2a: Melmetal|0 fnt\n|-unboost|p1a: Zeraora|def|1\n|-unboost|p1a: Zeraora|spd|1\n|faint|p2a: Melmetal\n|\n|-weather|Sandstorm|[upkeep]\n|-damage|p1a: Zeraora|95\/100|[from] Sandstorm\n|upkeep\n|\n|t:|1663749247\n|switch|p2a: Clefable|Clefable, F|20\/100\n|turn|15\n|\n|t:|1663749250\n|move|p1a: Zeraora|Plasma Fists|p2a: Clefable\n|-damage|p2a: Clefable|0 fnt\n|-fieldactivate|move: Ion Deluge\n|-hint|Normal-type moves become Electric-type after using Plasma Fists.\n|faint|p2a: Clefable\n|\n|-weather|none\n|upkeep\n|j| wdz999\n|\n|t:|1663749258\n|switch|p2a: Tyranitar|Tyranitar, M|27\/100\n|-weather|Sandstorm|[from] ability: Sand Stream|[of] p2a: Tyranitar\n|turn|16\n|-message|alafa forfeited.\n|\n|win|Adel19\n|raw|Adel19's rating: 1733 &rarr; <strong>1751<\/strong><br \/>(+18 for winning)\n|raw|alafa's rating: 1697 &rarr; <strong>1679<\/strong><br \/>(-18 for losing)\n|l|\u2606alafa\n|l|\u2606Adel19\n","uploadtime":1663749271,"views":28,"p1id":"adel19","p2id":"alafa","formatid":"gen8ou","rating":1679,"private":0,"password":null}