{"id":"gen8ou-1258185069","p1":"roboPOKE","p2":"Iudking","format":"gen8ou","log":"|html|<div class=\"broadcast-blue\"><strong>[Gen 8] OU is currently suspecting Urshifu-S! For information on how to participate check out the <a href=\"https:\/\/www.smogon.com\/forums\/threads\/np-ss-ou-suspect-process-round-8-aint-no-rest-for-the-wicked.3675310\/\">suspect thread<\/a>.<\/strong><\/div>\n|j|\u2606roboPOKE\n|j|\u2606Iudking\n|t:|1610103891\n|player|p1|roboPOKE|101|1743\n|player|p2|Iudking|266|1675\n|teamsize|p1|6\n|teamsize|p2|6\n|gametype|singles\n|gen|8\n|tier|[Gen 8] OU\n|rated|\n|clearpoke\n|poke|p1|Ninetales-Alola, F|\n|poke|p1|Sandaconda, M|\n|poke|p1|Excadrill, F|\n|poke|p1|Magearna|\n|poke|p1|Golurk|\n|poke|p1|Zarude|\n|poke|p2|Slowking-Galar, M|\n|poke|p2|Urshifu-*, M|\n|poke|p2|Spectrier|\n|poke|p2|Toxapex, M|\n|poke|p2|Mandibuzz, F|\n|poke|p2|Landorus-Therian, M|\n|rule|Sleep Clause Mod: Limit one foe put to sleep\n|rule|Species Clause: Limit one of each Pok\u00e9mon\n|rule|OHKO Clause: OHKO moves are banned\n|rule|Evasion Moves Clause: Evasion moves are banned\n|rule|Endless Battle Clause: Forcing endless battles is banned\n|rule|HP Percentage Mod: HP is shown in percentages\n|rule|Dynamax Clause: You cannot dynamax\n|teampreview\n|\n|t:|1610103897\n|start\n|switch|p1a: Sandaconda|Sandaconda, M|100\/100\n|switch|p2a: Landorus|Landorus-Therian, M|100\/100\n|-ability|p2a: Landorus|Intimidate|boost\n|-unboost|p1a: Sandaconda|atk|1\n|turn|1\n|\n|t:|1610103908\n|move|p2a: Landorus|Stealth Rock|p1a: Sandaconda\n|-sidestart|p1: roboPOKE|move: Stealth Rock\n|move|p1a: Sandaconda|Glare|p2a: Landorus\n|-status|p2a: Landorus|par\n|\n|upkeep\n|turn|2\n|\n|t:|1610103915\n|move|p1a: Sandaconda|Stealth Rock|p2a: Landorus\n|-sidestart|p2: Iudking|move: Stealth Rock\n|move|p2a: Landorus|Toxic|p1a: Sandaconda\n|-status|p1a: Sandaconda|tox\n|\n|-damage|p1a: Sandaconda|94\/100 tox|[from] psn\n|upkeep\n|turn|3\n|\n|t:|1610103920\n|move|p1a: Sandaconda|Rock Tomb|p2a: Landorus\n|-damage|p2a: Landorus|93\/100 par\n|-unboost|p2a: Landorus|spe|1\n|move|p2a: Landorus|U-turn|p1a: Sandaconda\n|-damage|p1a: Sandaconda|75\/100 tox\n|-weather|Sandstorm|[from] ability: Sand Spit|[of] p1a: Sandaconda\n|\n|t:|1610103933\n|switch|p2a: Spectrier|Spectrier|100\/100|[from]move: U-turn\n|-damage|p2a: Spectrier|88\/100|[from] Stealth Rock\n|\n|-weather|Sandstorm|[upkeep]\n|-damage|p2a: Spectrier|82\/100|[from] Sandstorm\n|-damage|p1a: Sandaconda|63\/100 tox|[from] psn\n|upkeep\n|turn|4\n|\n|t:|1610103938\n|switch|p1a: Zarude|Zarude|100\/100\n|-damage|p1a: Zarude|88\/100|[from] Stealth Rock\n|move|p2a: Spectrier|Shadow Ball|p1a: Zarude\n|-resisted|p1a: Zarude\n|-damage|p1a: Zarude|56\/100\n|\n|-weather|Sandstorm|[upkeep]\n|-damage|p2a: Spectrier|76\/100|[from] Sandstorm\n|-damage|p1a: Zarude|50\/100|[from] Sandstorm\n|-heal|p1a: Zarude|56\/100|[from] item: Leftovers\n|upkeep\n|turn|5\n|\n|t:|1610103942\n|switch|p2a: Landorus|Landorus-Therian, M|93\/100 par\n|-damage|p2a: Landorus|80\/100 par|[from] Stealth Rock\n|-ability|p2a: Landorus|Intimidate|boost\n|-unboost|p1a: Zarude|atk|1\n|move|p1a: Zarude|Jungle Healing|p1a: Zarude\n|-heal|p1a: Zarude|81\/100\n|\n|-weather|Sandstorm|[upkeep]\n|-damage|p1a: Zarude|75\/100|[from] Sandstorm\n|-heal|p1a: Zarude|81\/100|[from] item: Leftovers\n|-heal|p2a: Landorus|86\/100 par|[from] item: Leftovers\n|upkeep\n|turn|6\n|\n|t:|1610103950\n|switch|p1a: Excadrill|Excadrill, F|100\/100\n|-damage|p1a: Excadrill|97\/100|[from] Stealth Rock\n|move|p2a: Landorus|U-turn|p1a: Excadrill\n|-resisted|p1a: Excadrill\n|-damage|p1a: Excadrill|82\/100\n|\n|t:|1610103955\n|switch|p2a: Mandibuzz|Mandibuzz, F|100\/100|[from]move: U-turn\n|\n|-weather|Sandstorm|[upkeep]\n|upkeep\n|turn|7\n|\n|t:|1610103960\n|move|p1a: Excadrill|Iron Head|p2a: Mandibuzz\n|-damage|p2a: Mandibuzz|63\/100\n|-damage|p1a: Excadrill|72\/100|[from] item: Life Orb\n|cant|p2a: Mandibuzz|flinch\n|\n|-weather|Sandstorm|[upkeep]\n|upkeep\n|turn|8\n|\n|t:|1610103966\n|move|p1a: Excadrill|Swords Dance|p1a: Excadrill\n|-boost|p1a: Excadrill|atk|2\n|move|p2a: Mandibuzz|Roost|p2a: Mandibuzz\n|-heal|p2a: Mandibuzz|100\/100\n|-singleturn|p2a: Mandibuzz|move: Roost\n|\n|-weather|Sandstorm|[upkeep]\n|upkeep\n|turn|9\n|\n|t:|1610103968\n|move|p1a: Excadrill|Iron Head|p2a: Mandibuzz\n|-damage|p2a: Mandibuzz|29\/100\n|-damage|p1a: Excadrill|62\/100|[from] item: Life Orb\n|move|p2a: Mandibuzz|Foul Play|p1a: Excadrill\n|-damage|p1a: Excadrill|0 fnt\n|faint|p1a: Excadrill\n|\n|-weather|Sandstorm|[upkeep]\n|upkeep\n|\n|t:|1610103977\n|switch|p1a: Magearna|Magearna|100\/100\n|-damage|p1a: Magearna|95\/100|[from] Stealth Rock\n|turn|10\n|\n|t:|1610103984\n|move|p1a: Magearna|Calm Mind|p1a: Magearna\n|-boost|p1a: Magearna|spa|1\n|-boost|p1a: Magearna|spd|1\n|move|p2a: Mandibuzz|U-turn|p1a: Magearna\n|-resisted|p1a: Magearna\n|-damage|p1a: Magearna|92\/100\n|\n|t:|1610103987\n|switch|p2a: Urshifu|Urshifu, M|100\/100|[from]move: U-turn\n|-damage|p2a: Urshifu|94\/100|[from] Stealth Rock\n|\n|-weather|none\n|upkeep\n|turn|11\n|\n|t:|1610103991\n|switch|p1a: Golurk|Golurk|100\/100\n|-damage|p1a: Golurk|95\/100|[from] Stealth Rock\n|move|p2a: Urshifu|Close Combat|p1a: Golurk\n|-immune|p1a: Golurk\n|\n|upkeep\n|turn|12\n|\n|t:|1610103996\n|switch|p2a: Landorus|Landorus-Therian, M|86\/100 par\n|-damage|p2a: Landorus|74\/100 par|[from] Stealth Rock\n|-ability|p2a: Landorus|Intimidate|boost\n|-unboost|p1a: Golurk|atk|1\n|move|p1a: Golurk|Poltergeist|p2a: Landorus\n|-activate|p2a: Landorus|move: Poltergeist|Leftovers\n|-damage|p2a: Landorus|25\/100 par\n|\n|-heal|p2a: Landorus|31\/100 par|[from] item: Leftovers\n|upkeep\n|turn|13\n|\n|t:|1610104000\n|move|p1a: Golurk|Poltergeist|p2a: Landorus\n|-activate|p2a: Landorus|move: Poltergeist|Leftovers\n|-damage|p2a: Landorus|0 fnt\n|faint|p2a: Landorus\n|\n|upkeep\n|\n|t:|1610104002\n|switch|p2a: Spectrier|Spectrier|76\/100\n|-damage|p2a: Spectrier|64\/100|[from] Stealth Rock\n|turn|14\n|\n|t:|1610104006\n|switch|p1a: Zarude|Zarude|81\/100\n|-damage|p1a: Zarude|69\/100|[from] Stealth Rock\n|move|p2a: Spectrier|Will-O-Wisp|p1a: Zarude\n|-status|p1a: Zarude|brn\n|\n|-heal|p1a: Zarude|75\/100 brn|[from] item: Leftovers\n|-damage|p1a: Zarude|69\/100 brn|[from] brn\n|upkeep\n|turn|15\n|\n|t:|1610104020\n|switch|p2a: Urshifu|Urshifu, M|94\/100\n|-damage|p2a: Urshifu|88\/100|[from] Stealth Rock\n|move|p1a: Zarude|Jungle Healing|p1a: Zarude\n|-heal|p1a: Zarude|94\/100 brn\n|-curestatus|p1a: Zarude|brn|[msg]\n|\n|-heal|p1a: Zarude|99\/100|[from] item: Leftovers\n|upkeep\n|turn|16\n|\n|t:|1610104030\n|switch|p1a: Golurk|Golurk|95\/100\n|-damage|p1a: Golurk|89\/100|[from] Stealth Rock\n|move|p2a: Urshifu|Wicked Blow|p1a: Golurk\n|-supereffective|p1a: Golurk\n|-crit|p1a: Golurk\n|-damage|p1a: Golurk|0 fnt\n|faint|p1a: Golurk\n|\n|upkeep\n|\n|t:|1610104033\n|switch|p1a: Ninetales|Ninetales-Alola, F|100\/100\n|-damage|p1a: Ninetales|76\/100|[from] Stealth Rock\n|-weather|Hail|[from] ability: Snow Warning|[of] p1a: Ninetales\n|turn|17\n|\n|t:|1610104038\n|switch|p2a: Toxapex|Toxapex, M|100\/100\n|-damage|p2a: Toxapex|88\/100|[from] Stealth Rock\n|move|p1a: Ninetales|Freeze-Dry|p2a: Toxapex\n|-supereffective|p2a: Toxapex\n|-damage|p2a: Toxapex|52\/100\n|\n|-weather|Hail|[upkeep]\n|-damage|p2a: Toxapex|46\/100|[from] Hail\n|upkeep\n|turn|18\n|\n|t:|1610104043\n|switch|p2a: Slowking|Slowking-Galar, M|100\/100\n|-damage|p2a: Slowking|88\/100|[from] Stealth Rock\n|move|p1a: Ninetales|Hypnosis|p2a: Slowking\n|-status|p2a: Slowking|slp|[from] move: Hypnosis\n|\n|-weather|Hail|[upkeep]\n|-damage|p2a: Slowking|82\/100 slp|[from] Hail\n|upkeep\n|turn|19\n|\n|t:|1610104053\n|switch|p2a: Mandibuzz|Mandibuzz, F|29\/100\n|move|p1a: Ninetales|Aurora Veil|p1a: Ninetales\n|-sidestart|p1: roboPOKE|move: Aurora Veil\n|\n|-weather|Hail|[upkeep]\n|upkeep\n|turn|20\n|\n|t:|1610104057\n|switch|p1a: Magearna|Magearna|92\/100\n|-damage|p1a: Magearna|86\/100|[from] Stealth Rock\n|move|p2a: Mandibuzz|Defog|p1a: Magearna\n|-unboost|p1a: Magearna|evasion|1\n|-sideend|p1: roboPOKE|move: Aurora Veil\n|-sideend|p1: roboPOKE|Stealth Rock|[from] move: Defog|[of] p2a: Mandibuzz\n|-sideend|p2: Iudking|Stealth Rock|[from] move: Defog|[of] p2a: Mandibuzz\n|\n|-weather|Hail|[upkeep]\n|-damage|p1a: Magearna|80\/100|[from] Hail\n|upkeep\n|turn|21\n|\n|t:|1610104063\n|move|p1a: Magearna|Draining Kiss|p2a: Mandibuzz\n|-supereffective|p2a: Mandibuzz\n|-damage|p2a: Mandibuzz|0 fnt\n|-heal|p1a: Magearna|100\/100|[from] drain|[of] p2a: Mandibuzz\n|faint|p2a: Mandibuzz\n|-ability|p1a: Magearna|Soul-Heart|boost\n|-boost|p1a: Magearna|spa|1\n|\n|-weather|none\n|upkeep\n|\n|t:|1610104070\n|switch|p2a: Urshifu|Urshifu, M|88\/100\n|turn|22\n|\n|t:|1610104075\n|switch|p1a: Sandaconda|Sandaconda, M|63\/100 tox\n|move|p2a: Urshifu|Close Combat|p1a: Sandaconda\n|-damage|p1a: Sandaconda|0 fnt\n|-unboost|p2a: Urshifu|def|1\n|-unboost|p2a: Urshifu|spd|1\n|-weather|Sandstorm|[from] ability: Sand Spit|[of] p1a: Sandaconda\n|faint|p1a: Sandaconda\n|\n|-weather|Sandstorm|[upkeep]\n|-damage|p2a: Urshifu|82\/100|[from] Sandstorm\n|upkeep\n|\n|t:|1610104079\n|switch|p1a: Ninetales|Ninetales-Alola, F|76\/100\n|-weather|Hail|[from] ability: Snow Warning|[of] p1a: Ninetales\n|turn|23\n|\n|t:|1610104085\n|switch|p2a: Spectrier|Spectrier|64\/100\n|move|p1a: Ninetales|Aurora Veil|p1a: Ninetales\n|-sidestart|p1: roboPOKE|move: Aurora Veil\n|\n|-weather|Hail|[upkeep]\n|-damage|p2a: Spectrier|57\/100|[from] Hail\n|upkeep\n|turn|24\n|\n|t:|1610104090\n|switch|p2a: Urshifu|Urshifu, M|82\/100\n|switch|p1a: Zarude|Zarude|99\/100\n|\n|-weather|Hail|[upkeep]\n|-damage|p1a: Zarude|94\/100|[from] Hail\n|-damage|p2a: Urshifu|76\/100|[from] Hail\n|-heal|p1a: Zarude|99\/100|[from] item: Leftovers\n|upkeep\n|turn|25\n|\n|t:|1610104095\n|move|p1a: Zarude|Bulk Up|p1a: Zarude\n|-boost|p1a: Zarude|atk|1\n|-boost|p1a: Zarude|def|1\n|move|p2a: Urshifu|Close Combat|p1a: Zarude\n|-supereffective|p1a: Zarude\n|-damage|p1a: Zarude|32\/100\n|-unboost|p2a: Urshifu|def|1\n|-unboost|p2a: Urshifu|spd|1\n|\n|-weather|Hail|[upkeep]\n|-damage|p1a: Zarude|26\/100|[from] Hail\n|-damage|p2a: Urshifu|70\/100|[from] Hail\n|-heal|p1a: Zarude|32\/100|[from] item: Leftovers\n|upkeep\n|turn|26\n|\n|t:|1610104102\n|move|p1a: Zarude|Power Whip|p2a: Urshifu\n|-damage|p2a: Urshifu|0 fnt\n|faint|p2a: Urshifu\n|\n|-weather|Hail|[upkeep]\n|-damage|p1a: Zarude|26\/100|[from] Hail\n|-heal|p1a: Zarude|32\/100|[from] item: Leftovers\n|upkeep\n|\n|t:|1610104105\n|switch|p2a: Toxapex|Toxapex, M|79\/100\n|turn|27\n|\n|t:|1610104109\n|move|p1a: Zarude|Power Whip|p2a: Toxapex|[miss]\n|-miss|p1a: Zarude|p2a: Toxapex\n|move|p2a: Toxapex|Haze|p2a: Toxapex\n|-clearallboost\n|\n|-weather|none\n|-heal|p1a: Zarude|38\/100|[from] item: Leftovers\n|upkeep\n|turn|28\n|\n|t:|1610104113\n|move|p1a: Zarude|Jungle Healing|p1a: Zarude\n|-heal|p1a: Zarude|63\/100\n|move|p2a: Toxapex|Scald|p1a: Zarude\n|-resisted|p1a: Zarude\n|-damage|p1a: Zarude|59\/100\n|\n|-heal|p1a: Zarude|65\/100|[from] item: Leftovers\n|upkeep\n|turn|29\n|\n|t:|1610104119\n|move|p1a: Zarude|Bulk Up|p1a: Zarude\n|-boost|p1a: Zarude|atk|1\n|-boost|p1a: Zarude|def|1\n|move|p2a: Toxapex|Scald|p1a: Zarude\n|-resisted|p1a: Zarude\n|-damage|p1a: Zarude|61\/100\n|\n|-heal|p1a: Zarude|67\/100|[from] item: Leftovers\n|upkeep\n|turn|30\n|\n|t:|1610104123\n|move|p1a: Zarude|Power Whip|p2a: Toxapex\n|-damage|p2a: Toxapex|28\/100\n|-damage|p1a: Zarude|50\/100|[from] item: Rocky Helmet|[of] p2a: Toxapex\n|move|p2a: Toxapex|Haze|p2a: Toxapex\n|-clearallboost\n|\n|-heal|p1a: Zarude|56\/100|[from] item: Leftovers\n|-sideend|p1: roboPOKE|move: Aurora Veil\n|upkeep\n|turn|31\n|\n|t:|1610104127\n|move|p1a: Zarude|Bulk Up|p1a: Zarude\n|-boost|p1a: Zarude|atk|1\n|-boost|p1a: Zarude|def|1\n|move|p2a: Toxapex|Recover|p2a: Toxapex\n|-heal|p2a: Toxapex|78\/100\n|\n|-heal|p1a: Zarude|62\/100|[from] item: Leftovers\n|upkeep\n|turn|32\n|\n|t:|1610104131\n|move|p1a: Zarude|Power Whip|p2a: Toxapex\n|-damage|p2a: Toxapex|23\/100\n|-damage|p1a: Zarude|46\/100|[from] item: Rocky Helmet|[of] p2a: Toxapex\n|move|p2a: Toxapex|Haze|p2a: Toxapex\n|-clearallboost\n|\n|-heal|p1a: Zarude|52\/100|[from] item: Leftovers\n|upkeep\n|turn|33\n|\n|t:|1610104137\n|switch|p2a: Slowking|Slowking-Galar, M|100\/100 slp\n|move|p1a: Zarude|Bulk Up|p1a: Zarude\n|-boost|p1a: Zarude|atk|1\n|-boost|p1a: Zarude|def|1\n|\n|-heal|p1a: Zarude|58\/100|[from] item: Leftovers\n|upkeep\n|turn|34\n|\n|t:|1610104142\n|move|p1a: Zarude|Darkest Lariat|p2a: Slowking\n|-supereffective|p2a: Slowking\n|-damage|p2a: Slowking|0 fnt\n|faint|p2a: Slowking\n|\n|-heal|p1a: Zarude|64\/100|[from] item: Leftovers\n|upkeep\n|j| iamqwertyuiop\n|\n|t:|1610104145\n|switch|p2a: Toxapex|Toxapex, M|56\/100\n|turn|35\n|\n|t:|1610104149\n|move|p1a: Zarude|Power Whip|p2a: Toxapex\n|-damage|p2a: Toxapex|5\/100\n|-damage|p1a: Zarude|47\/100|[from] item: Rocky Helmet|[of] p2a: Toxapex\n|move|p2a: Toxapex|Haze|p2a: Toxapex\n|-clearallboost\n|\n|-heal|p1a: Zarude|53\/100|[from] item: Leftovers\n|upkeep\n|turn|36\n|\n|t:|1610104154\n|move|p1a: Zarude|Darkest Lariat|p2a: Toxapex\n|-damage|p2a: Toxapex|0 fnt\n|-damage|p1a: Zarude|37\/100|[from] item: Rocky Helmet|[of] p2a: Toxapex\n|faint|p2a: Toxapex\n|\n|-heal|p1a: Zarude|43\/100|[from] item: Leftovers\n|upkeep\n|\n|t:|1610104156\n|switch|p2a: Spectrier|Spectrier|57\/100\n|turn|37\n|\n|t:|1610104159\n|move|p2a: Spectrier|Shadow Ball|p1a: Zarude\n|-resisted|p1a: Zarude\n|-damage|p1a: Zarude|10\/100\n|move|p1a: Zarude|Darkest Lariat|p2a: Spectrier\n|-supereffective|p2a: Spectrier\n|-damage|p2a: Spectrier|0 fnt\n|faint|p2a: Spectrier\n|\n|win|roboPOKE\n|l|\u2606Iudking\n|raw|roboPOKE's rating: 1743 &rarr; <strong>1759<\/strong><br \/>(+16 for winning)\n|raw|Iudking's rating: 1675 &rarr; <strong>1659<\/strong><br \/>(-16 for losing)\n","uploadtime":1610104162,"views":12,"p1id":"robopoke","p2id":"iudking","formatid":"gen8ou","rating":1659,"private":0,"password":null}