{"id":"gen8ou-1703381557","p1":"jlsdfhpjksdhfni","p2":"BugCatcherWeevil","format":"gen8ou","log":"|j|\u2606jlsdfhpjksdhfni\n|j|\u2606BugCatcherWeevil\n|t:|1667657162\n|gametype|singles\n|player|p1|jlsdfhpjksdhfni|1|1757\n|player|p2|BugCatcherWeevil|265|1855\n|teamsize|p1|6\n|teamsize|p2|6\n|gen|8\n|tier|[Gen 8] OU\n|rated|\n|rule|Sleep Clause Mod: Limit one foe put to sleep\n|rule|Species Clause: Limit one of each Pok\u00e9mon\n|rule|OHKO Clause: OHKO moves are banned\n|rule|Evasion Items Clause: Evasion items are banned\n|rule|Evasion Moves Clause: Evasion moves are banned\n|rule|Endless Battle Clause: Forcing endless battles is banned\n|rule|HP Percentage Mod: HP is shown in percentages\n|rule|Dynamax Clause: You cannot dynamax\n|clearpoke\n|poke|p1|Kommo-o, M|\n|poke|p1|Ferrothorn, M|\n|poke|p1|Landorus-Therian, M|\n|poke|p1|Tapu Fini|\n|poke|p1|Heatran, M|\n|poke|p1|Dragonite, F|\n|poke|p2|Arctozolt|\n|poke|p2|Tornadus-Therian, M|\n|poke|p2|Heatran, F|\n|poke|p2|Landorus-Therian, M|\n|poke|p2|Hatterene, F|\n|poke|p2|Vanilluxe, F|\n|teampreview\n|inactive|Battle timer is ON: inactive players will automatically lose when time's up. (requested by BugCatcherWeevil)\n|\n|t:|1667657201\n|start\n|switch|p1a: Landorus|Landorus-Therian, M|100\/100\n|switch|p2a: Vanilluxe|Vanilluxe, F|100\/100\n|-ability|p1a: Landorus|Intimidate|boost\n|-unboost|p2a: Vanilluxe|atk|1\n|-weather|Hail|[from] ability: Snow Warning|[of] p2a: Vanilluxe\n|turn|1\n|\n|t:|1667657206\n|move|p1a: Landorus|Stone Edge|p2a: Vanilluxe\n|-supereffective|p2a: Vanilluxe\n|-damage|p2a: Vanilluxe|8\/100\n|move|p2a: Vanilluxe|Blizzard|p1a: Landorus\n|-supereffective|p1a: Landorus\n|-damage|p1a: Landorus|0 fnt\n|faint|p1a: Landorus\n|\n|-weather|Hail|[upkeep]\n|upkeep\n|c|\u2606jlsdfhpjksdhfni|is that evd to live that\n|inactive|jlsdfhpjksdhfni has 120 seconds left.\n|c|\u2606jlsdfhpjksdhfni|dont make me calc it\n|c|\u2606BugCatcherWeevil|calc it bro\n|c|\u2606BugCatcherWeevil|it has 64hp evs\n|inactive|jlsdfhpjksdhfni has 90 seconds left.\n|inactive|jlsdfhpjksdhfni has 60 seconds left.\n|c|\u2606jlsdfhpjksdhfni|ok\n|\n|t:|1667657309\n|switch|p1a: Ferrothorn|Ferrothorn, M|100\/100\n|turn|2\n|\n|t:|1667657319\n|switch|p2a: Heatran|Heatran, F|100\/100\n|move|p1a: Ferrothorn|Knock Off|p2a: Heatran\n|-crit|p2a: Heatran\n|-damage|p2a: Heatran|76\/100\n|-enditem|p2a: Heatran|Leftovers|[from] move: Knock Off|[of] p1a: Ferrothorn\n|\n|-weather|Hail|[upkeep]\n|-damage|p2a: Heatran|70\/100|[from] Hail\n|-damage|p1a: Ferrothorn|94\/100|[from] Hail\n|upkeep\n|turn|3\n|\n|t:|1667657335\n|switch|p1a: Kommo-o|Kommo-o, M|100\/100\n|move|p2a: Heatran|Stealth Rock|p1a: Kommo-o\n|-sidestart|p1: jlsdfhpjksdhfni|move: Stealth Rock\n|\n|-weather|Hail|[upkeep]\n|-damage|p1a: Kommo-o|94\/100|[from] Hail\n|-damage|p2a: Heatran|64\/100|[from] Hail\n|-heal|p1a: Kommo-o|100\/100|[from] item: Leftovers\n|upkeep\n|turn|4\n|\n|t:|1667657340\n|switch|p2a: Hatterene|Hatterene, F|100\/100\n|move|p1a: Kommo-o|Stealth Rock|p2a: Hatterene\n|move|p2a: Hatterene|Stealth Rock||[from]ability: Magic Bounce|[still]\n|-fail|p2a: Hatterene\n|\n|-weather|Hail|[upkeep]\n|-damage|p1a: Kommo-o|94\/100|[from] Hail\n|-damage|p2a: Hatterene|95\/100|[from] Hail\n|-heal|p1a: Kommo-o|100\/100|[from] item: Leftovers\n|-heal|p2a: Hatterene|100\/100|[from] item: Leftovers\n|upkeep\n|turn|5\n|j| firemaniac\n|inactive|jlsdfhpjksdhfni has 60 seconds left.\n|\n|t:|1667657352\n|switch|p1a: Heatran|Heatran, M|100\/100\n|-damage|p1a: Heatran|88\/100|[from] Stealth Rock\n|move|p2a: Hatterene|Calm Mind|p2a: Hatterene\n|-boost|p2a: Hatterene|spa|1\n|-boost|p2a: Hatterene|spd|1\n|\n|-weather|none\n|-heal|p1a: Heatran|94\/100|[from] item: Leftovers\n|upkeep\n|turn|6\n|\n|t:|1667657356\n|move|p1a: Heatran|Magma Storm|p2a: Hatterene\n|-damage|p2a: Hatterene|72\/100\n|-activate|p2a: Hatterene|move: Magma Storm|[of] p1a: Heatran\n|move|p2a: Hatterene|Future Sight|p1a: Heatran\n|-start|p2a: Hatterene|move: Future Sight\n|\n|-heal|p1a: Heatran|100\/100|[from] item: Leftovers\n|-heal|p2a: Hatterene|78\/100|[from] item: Leftovers\n|-damage|p2a: Hatterene|66\/100|[from] move: Magma Storm|[partiallytrapped]\n|upkeep\n|turn|7\n|\n|t:|1667657365\n|move|p1a: Heatran|Earth Power|p2a: Hatterene\n|-damage|p2a: Hatterene|47\/100\n|move|p2a: Hatterene|Calm Mind|p2a: Hatterene\n|-boost|p2a: Hatterene|spa|1\n|-boost|p2a: Hatterene|spd|1\n|\n|-heal|p2a: Hatterene|53\/100|[from] item: Leftovers\n|-damage|p2a: Hatterene|40\/100|[from] move: Magma Storm|[partiallytrapped]\n|upkeep\n|turn|8\n|\n|t:|1667657377\n|move|p1a: Heatran|Earth Power|p2a: Hatterene\n|-damage|p2a: Hatterene|26\/100\n|move|p2a: Hatterene|Calm Mind|p2a: Hatterene\n|-boost|p2a: Hatterene|spa|1\n|-boost|p2a: Hatterene|spd|1\n|\n|-end|p1a: Heatran|move: Future Sight\n|-resisted|p1a: Heatran\n|-damage|p1a: Heatran|56\/100\n|-heal|p1a: Heatran|62\/100|[from] item: Leftovers\n|-heal|p2a: Hatterene|32\/100|[from] item: Leftovers\n|-damage|p2a: Hatterene|20\/100|[from] move: Magma Storm|[partiallytrapped]\n|upkeep\n|turn|9\n|\n|t:|1667657386\n|move|p1a: Heatran|Magma Storm|p2a: Hatterene\n|-damage|p2a: Hatterene|2\/100\n|move|p2a: Hatterene|Future Sight|p1a: Heatran\n|-start|p2a: Hatterene|move: Future Sight\n|\n|-heal|p1a: Heatran|69\/100|[from] item: Leftovers\n|-heal|p2a: Hatterene|8\/100|[from] item: Leftovers\n|-damage|p2a: Hatterene|0 fnt|[from] move: Magma Storm|[partiallytrapped]\n|faint|p2a: Hatterene\n|upkeep\n|\n|t:|1667657396\n|switch|p2a: Landorus|Landorus-Therian, M|100\/100\n|-ability|p2a: Landorus|Intimidate|boost\n|-unboost|p1a: Heatran|atk|1\n|turn|10\n|inactive|jlsdfhpjksdhfni has 90 seconds left.\n|\n|t:|1667657406\n|move|p2a: Landorus|U-turn|p1a: Heatran\n|-resisted|p1a: Heatran\n|-damage|p1a: Heatran|64\/100\n|\n|t:|1667657409\n|switch|p2a: Tornadus|Tornadus-Therian, M|100\/100|[from]move: U-turn\n|move|p1a: Heatran|Toxic|p2a: Tornadus\n|-status|p2a: Tornadus|tox\n|\n|-heal|p1a: Heatran|70\/100|[from] item: Leftovers\n|-damage|p2a: Tornadus|94\/100 tox|[from] psn\n|upkeep\n|turn|11\n|inactive|jlsdfhpjksdhfni has 90 seconds left.\n|\n|t:|1667657425\n|move|p2a: Tornadus|Knock Off|p1a: Heatran\n|-damage|p1a: Heatran|54\/100\n|-enditem|p1a: Heatran|Leftovers|[from] move: Knock Off|[of] p2a: Tornadus\n|move|p1a: Heatran|Magma Storm|p2a: Tornadus\n|-damage|p2a: Tornadus|66\/100 tox\n|-activate|p2a: Tornadus|move: Magma Storm|[of] p1a: Heatran\n|\n|-end|p1a: Heatran|move: Future Sight\n|-resisted|p1a: Heatran\n|-damage|p1a: Heatran|38\/100\n|-damage|p2a: Tornadus|54\/100 tox|[from] psn\n|-damage|p2a: Tornadus|41\/100 tox|[from] move: Magma Storm|[partiallytrapped]\n|upkeep\n|turn|12\n|inactive|jlsdfhpjksdhfni has 90 seconds left.\n|\n|t:|1667657440\n|move|p2a: Tornadus|U-turn|p1a: Heatran\n|-resisted|p1a: Heatran\n|-damage|p1a: Heatran|34\/100\n|\n|t:|1667657443\n|switch|p2a: Landorus|Landorus-Therian, M|100\/100|[from]move: U-turn\n|-ability|p2a: Landorus|Intimidate|boost\n|-unboost|p1a: Heatran|atk|1\n|move|p1a: Heatran|Magma Storm|p2a: Landorus|[miss]\n|-miss|p1a: Heatran|p2a: Landorus\n|\n|upkeep\n|turn|13\n|inactive|jlsdfhpjksdhfni has 90 seconds left.\n|\n|t:|1667657458\n|switch|p1a: Ferrothorn|Ferrothorn, M|94\/100\n|-damage|p1a: Ferrothorn|88\/100|[from] Stealth Rock\n|move|p2a: Landorus|Earthquake|p1a: Ferrothorn\n|-damage|p1a: Ferrothorn|60\/100\n|\n|upkeep\n|turn|14\n|\n|t:|1667657465\n|move|p2a: Landorus|U-turn|p1a: Ferrothorn\n|-damage|p1a: Ferrothorn|48\/100\n|-damage|p2a: Landorus|88\/100|[from] ability: Iron Barbs|[of] p1a: Ferrothorn\n|-damage|p2a: Landorus|72\/100|[from] item: Rocky Helmet|[of] p1a: Ferrothorn\n|\n|t:|1667657467\n|switch|p2a: Heatran|Heatran, F|64\/100|[from]move: U-turn\n|move|p1a: Ferrothorn|Leech Seed|p2a: Heatran\n|-start|p2a: Heatran|move: Leech Seed\n|\n|-damage|p2a: Heatran|51\/100|[from] Leech Seed|[of] p1a: Ferrothorn\n|-heal|p1a: Ferrothorn|62\/100|[silent]\n|upkeep\n|turn|15\n|l| firemaniac\n|\n|t:|1667657486\n|switch|p2a: Vanilluxe|Vanilluxe, F|8\/100\n|-weather|Hail|[from] ability: Snow Warning|[of] p2a: Vanilluxe\n|switch|p1a: Kommo-o|Kommo-o, M|100\/100\n|-damage|p1a: Kommo-o|94\/100|[from] Stealth Rock\n|\n|-weather|Hail|[upkeep]\n|-damage|p1a: Kommo-o|88\/100|[from] Hail\n|-heal|p1a: Kommo-o|94\/100|[from] item: Leftovers\n|upkeep\n|turn|16\n|\n|t:|1667657496\n|move|p1a: Kommo-o|Protect|p1a: Kommo-o\n|-singleturn|p1a: Kommo-o|Protect\n|move|p2a: Vanilluxe|Blizzard|p1a: Kommo-o\n|-activate|p1a: Kommo-o|move: Protect\n|\n|-weather|Hail|[upkeep]\n|-damage|p1a: Kommo-o|88\/100|[from] Hail\n|-heal|p1a: Kommo-o|94\/100|[from] item: Leftovers\n|upkeep\n|turn|17\n|\n|t:|1667657504\n|switch|p1a: Tapu Fini|Tapu Fini|100\/100\n|-damage|p1a: Tapu Fini|88\/100|[from] Stealth Rock\n|-fieldstart|move: Misty Terrain|[from] ability: Misty Surge|[of] p1a: Tapu Fini\n|move|p2a: Vanilluxe|Blizzard|p1a: Tapu Fini\n|-resisted|p1a: Tapu Fini\n|-damage|p1a: Tapu Fini|64\/100\n|\n|-weather|Hail|[upkeep]\n|-damage|p1a: Tapu Fini|58\/100|[from] Hail\n|upkeep\n|turn|18\n|\n|t:|1667657518\n|switch|p2a: Tornadus|Tornadus-Therian, M|74\/100 tox\n|move|p1a: Tapu Fini|Moonblast|p2a: Tornadus\n|-damage|p2a: Tornadus|52\/100 tox\n|\n|-weather|Hail|[upkeep]\n|-damage|p1a: Tapu Fini|52\/100|[from] Hail\n|-damage|p2a: Tornadus|46\/100 tox|[from] Hail\n|-damage|p2a: Tornadus|40\/100 tox|[from] psn\n|upkeep\n|turn|19\n|\n|t:|1667657531\n|move|p1a: Tapu Fini|Moonblast|p2a: Tornadus\n|-damage|p2a: Tornadus|16\/100 tox\n|-unboost|p2a: Tornadus|spa|1\n|move|p2a: Tornadus|U-turn|p1a: Tapu Fini\n|-resisted|p1a: Tapu Fini\n|-damage|p1a: Tapu Fini|45\/100\n|\n|t:|1667657539\n|switch|p2a: Heatran|Heatran, F|51\/100|[from]move: U-turn\n|\n|-weather|none\n|upkeep\n|turn|20\n|j| ty-tyui\u21bb\n|\n|t:|1667657547\n|switch|p1a: Dragonite|Dragonite, F|100\/100\n|switch|p2a: Tornadus|Tornadus-Therian, M|50\/100 tox\n|\n|-damage|p2a: Tornadus|43\/100 tox|[from] psn\n|upkeep\n|turn|21\n|inactive|jlsdfhpjksdhfni has 120 seconds left.\n|\n|t:|1667657555\n|move|p2a: Tornadus|U-turn|p1a: Dragonite\n|-resisted|p1a: Dragonite\n|-damage|p1a: Dragonite|98\/100\n|\n|t:|1667657558\n|switch|p2a: Vanilluxe|Vanilluxe, F|8\/100|[from]move: U-turn\n|-weather|Hail|[from] ability: Snow Warning|[of] p2a: Vanilluxe\n|move|p1a: Dragonite|Dragon Dance|p1a: Dragonite\n|-boost|p1a: Dragonite|atk|1\n|-boost|p1a: Dragonite|spe|1\n|\n|-weather|Hail|[upkeep]\n|-damage|p1a: Dragonite|91\/100|[from] Hail\n|-fieldend|Misty Terrain\n|upkeep\n|turn|22\n|\n|t:|1667657565\n|switch|p2a: Heatran|Heatran, F|51\/100\n|move|p1a: Dragonite|Earthquake|p2a: Heatran\n|-supereffective|p2a: Heatran\n|-damage|p2a: Heatran|0 fnt\n|faint|p2a: Heatran\n|\n|-weather|Hail|[upkeep]\n|-damage|p1a: Dragonite|85\/100|[from] Hail\n|upkeep\n|\n|t:|1667657570\n|switch|p2a: Arctozolt|Arctozolt|100\/100\n|turn|23\n|\n|t:|1667657574\n|move|p2a: Arctozolt|Blizzard|p1a: Dragonite\n|-supereffective|p1a: Dragonite\n|-damage|p1a: Dragonite|0 fnt\n|faint|p1a: Dragonite\n|\n|-weather|Hail|[upkeep]\n|upkeep\n|c|\u2606jlsdfhpjksdhfni|thats embarrasing\n|\n|t:|1667657595\n|switch|p1a: Kommo-o|Kommo-o, M|94\/100\n|-damage|p1a: Kommo-o|88\/100|[from] Stealth Rock\n|turn|24\n|\n|t:|1667657601\n|move|p2a: Arctozolt|Blizzard|p1a: Kommo-o\n|-supereffective|p1a: Kommo-o\n|-damage|p1a: Kommo-o|24\/100\n|move|p1a: Kommo-o|Body Press|p2a: Arctozolt\n|-supereffective|p2a: Arctozolt\n|-damage|p2a: Arctozolt|5\/100\n|\n|-weather|Hail|[upkeep]\n|-damage|p1a: Kommo-o|17\/100|[from] Hail\n|-heal|p1a: Kommo-o|24\/100|[from] item: Leftovers\n|upkeep\n|turn|25\n|\n|t:|1667657615\n|move|p1a: Kommo-o|Protect|p1a: Kommo-o\n|-singleturn|p1a: Kommo-o|Protect\n|move|p2a: Arctozolt|Freeze-Dry|p1a: Kommo-o\n|-activate|p1a: Kommo-o|move: Protect\n|\n|-weather|none\n|-heal|p1a: Kommo-o|30\/100|[from] item: Leftovers\n|upkeep\n|turn|26\n|j| cypherstest\n|\n|t:|1667657626\n|switch|p2a: Vanilluxe|Vanilluxe, F|8\/100\n|-weather|Hail|[from] ability: Snow Warning|[of] p2a: Vanilluxe\n|move|p1a: Kommo-o|Stealth Rock|p2a: Vanilluxe\n|-sidestart|p2: BugCatcherWeevil|move: Stealth Rock\n|\n|-weather|Hail|[upkeep]\n|-damage|p1a: Kommo-o|24\/100|[from] Hail\n|-heal|p1a: Kommo-o|30\/100|[from] item: Leftovers\n|upkeep\n|turn|27\n|\n|t:|1667657642\n|move|p2a: Vanilluxe|Blizzard|p1a: Kommo-o\n|-supereffective|p1a: Kommo-o\n|-damage|p1a: Kommo-o|0 fnt\n|faint|p1a: Kommo-o\n|\n|-weather|Hail|[upkeep]\n|upkeep\n|\n|t:|1667657645\n|switch|p1a: Tapu Fini|Tapu Fini|45\/100\n|-damage|p1a: Tapu Fini|33\/100|[from] Stealth Rock\n|-fieldstart|move: Misty Terrain|[from] ability: Misty Surge|[of] p1a: Tapu Fini\n|turn|28\n|\n|t:|1667657651\n|move|p1a: Tapu Fini|Scald|p2a: Vanilluxe\n|-damage|p2a: Vanilluxe|0 fnt\n|faint|p2a: Vanilluxe\n|\n|-weather|Hail|[upkeep]\n|-damage|p1a: Tapu Fini|26\/100|[from] Hail\n|upkeep\n|\n|t:|1667657654\n|switch|p2a: Arctozolt|Arctozolt|5\/100\n|turn|29\n|inactive|jlsdfhpjksdhfni has 120 seconds left.\n|\n|t:|1667657698\n|switch|p1a: Heatran|Heatran, M|34\/100\n|-damage|p1a: Heatran|22\/100|[from] Stealth Rock\n|move|p2a: Arctozolt|Freeze-Dry|p1a: Heatran\n|-resisted|p1a: Heatran\n|-damage|p1a: Heatran|18\/100\n|\n|-weather|Hail|[upkeep]\n|-damage|p1a: Heatran|12\/100|[from] Hail\n|upkeep\n|turn|30\n|\n|t:|1667657710\n|move|p2a: Arctozolt|Bolt Beak|p1a: Heatran\n|-damage|p1a: Heatran|0 fnt\n|faint|p1a: Heatran\n|\n|-weather|none\n|upkeep\n|\n|t:|1667657716\n|switch|p1a: Tapu Fini|Tapu Fini|26\/100\n|-damage|p1a: Tapu Fini|14\/100|[from] Stealth Rock\n|turn|31\n|inactive|jlsdfhpjksdhfni has 120 seconds left.\n|\n|t:|1667657723\n|move|p1a: Tapu Fini|Moonblast|p2a: Arctozolt\n|-damage|p2a: Arctozolt|0 fnt\n|faint|p2a: Arctozolt\n|\n|upkeep\n|\n|t:|1667657727\n|switch|p2a: Landorus|Landorus-Therian, M|72\/100\n|-damage|p2a: Landorus|59\/100|[from] Stealth Rock\n|-ability|p2a: Landorus|Intimidate|boost\n|-unboost|p1a: Tapu Fini|atk|1\n|turn|32\n|\n|t:|1667657730\n|move|p1a: Tapu Fini|Moonblast|p2a: Landorus\n|-damage|p2a: Landorus|35\/100\n|move|p2a: Landorus|Earthquake|p1a: Tapu Fini\n|-damage|p1a: Tapu Fini|0 fnt\n|faint|p1a: Tapu Fini\n|\n|-heal|p2a: Landorus|41\/100|[from] item: Leftovers\n|-fieldend|Misty Terrain\n|upkeep\n|\n|t:|1667657735\n|switch|p1a: Ferrothorn|Ferrothorn, M|62\/100\n|-damage|p1a: Ferrothorn|55\/100|[from] Stealth Rock\n|turn|33\n|\n|t:|1667657738\n|move|p2a: Landorus|Earthquake|p1a: Ferrothorn\n|-damage|p1a: Ferrothorn|26\/100\n|move|p1a: Ferrothorn|Leech Seed|p2a: Landorus\n|-start|p2a: Landorus|move: Leech Seed\n|\n|-heal|p2a: Landorus|47\/100|[from] item: Leftovers\n|-damage|p2a: Landorus|35\/100|[from] Leech Seed|[of] p1a: Ferrothorn\n|-heal|p1a: Ferrothorn|40\/100|[silent]\n|upkeep\n|turn|34\n|\n|t:|1667657763\n|move|p2a: Landorus|Earthquake|p1a: Ferrothorn\n|-damage|p1a: Ferrothorn|15\/100\n|move|p1a: Ferrothorn|Power Whip|p2a: Landorus\n|-damage|p2a: Landorus|0 fnt\n|faint|p2a: Landorus\n|\n|upkeep\n|\n|t:|1667657769\n|switch|p2a: Tornadus|Tornadus-Therian, M|77\/100 tox\n|-damage|p2a: Tornadus|52\/100 tox|[from] Stealth Rock\n|turn|35\n|\n|t:|1667657773\n|move|p2a: Tornadus|Heat Wave|p1a: Ferrothorn\n|-supereffective|p1a: Ferrothorn\n|-damage|p1a: Ferrothorn|0 fnt\n|faint|p1a: Ferrothorn\n|\n|win|BugCatcherWeevil\n|raw|jlsdfhpjksdhfni's rating: 1757 &rarr; <strong>1742<\/strong><br \/>(-15 for losing)\n|raw|BugCatcherWeevil's rating: 1855 &rarr; <strong>1870<\/strong><br \/>(+15 for winning)\n|c|\u2606jlsdfhpjksdhfni|gg\n|l| cypherstest\n|c|\u2606BugCatcherWeevil|gg\n","uploadtime":1667657783,"views":9,"p1id":"jlsdfhpjksdhfni","p2id":"bugcatcherweevil","formatid":"gen8ou","rating":1742,"private":0,"password":null}