{"id":"gen8ou-1695243489","p1":"Candicee","p2":"tanishq1","format":"gen8ou","log":"|html|<div class=\"broadcast-blue\"><strong>[Gen 8] OU is currently suspecting Melmetal! For information on how to participate check out the <a href=\"https:\/\/www.smogon.com\/forums\/threads\/np-ss-ou-suspect-process-round-12-monster-mash.3709234\/\">suspect thread<\/a>.<\/strong><\/div>\n|j|\u2606Candicee\n|j|\u2606tanishq1\n|t:|1666784735\n|gametype|singles\n|player|p1|Candicee|psychicf-gen4|1716\n|player|p2|tanishq1|101|1739\n|teamsize|p1|6\n|teamsize|p2|6\n|gen|8\n|tier|[Gen 8] OU\n|rated|\n|rule|Sleep Clause Mod: Limit one foe put to sleep\n|rule|Species Clause: Limit one of each Pok\u00e9mon\n|rule|OHKO Clause: OHKO moves are banned\n|rule|Evasion Items Clause: Evasion items are banned\n|rule|Evasion Moves Clause: Evasion moves are banned\n|rule|Endless Battle Clause: Forcing endless battles is banned\n|rule|HP Percentage Mod: HP is shown in percentages\n|rule|Dynamax Clause: You cannot dynamax\n|clearpoke\n|poke|p1|Thundurus, M|\n|poke|p1|Tornadus-Therian, M|\n|poke|p1|Tapu Fini|\n|poke|p1|Tyranitar, F|\n|poke|p1|Excadrill, F|\n|poke|p1|Ferrothorn, F|\n|poke|p2|Rillaboom, M|\n|poke|p2|Tornadus-Therian, M|\n|poke|p2|Blaziken, F|\n|poke|p2|Melmetal|\n|poke|p2|Garchomp, M|\n|poke|p2|Slowbro, F|\n|teampreview\n|inactive|Battle timer is ON: inactive players will automatically lose when time's up. (requested by tanishq1)\n|j| wadadasafsfadf\n|\n|t:|1666784747\n|start\n|switch|p1a: Lilith|Tyranitar, F|100\/100\n|switch|p2a: Melmetal|Melmetal|100\/100\n|-weather|Sandstorm|[from] ability: Sand Stream|[of] p1a: Lilith\n|turn|1\n|\n|t:|1666784749\n|switch|p1a: Ortie|Ferrothorn, F|100\/100\n|move|p2a: Melmetal|Superpower|p1a: Ortie\n|-supereffective|p1a: Ortie\n|-damage|p1a: Ortie|42\/100\n|-unboost|p2a: Melmetal|atk|1\n|-unboost|p2a: Melmetal|def|1\n|-damage|p2a: Melmetal|88\/100|[from] ability: Iron Barbs|[of] p1a: Ortie\n|-damage|p2a: Melmetal|71\/100|[from] item: Rocky Helmet|[of] p1a: Ortie\n|\n|-weather|Sandstorm|[upkeep]\n|-heal|p2a: Melmetal|78\/100|[from] item: Leftovers\n|upkeep\n|turn|2\n|\n|t:|1666784758\n|switch|p2a: Slowbro|Slowbro, F|100\/100\n|move|p1a: Ortie|Spikes|p2a: Slowbro\n|-sidestart|p2: tanishq1|Spikes\n|\n|-weather|Sandstorm|[upkeep]\n|-damage|p2a: Slowbro|94\/100|[from] Sandstorm\n|upkeep\n|turn|3\n|\n|t:|1666784762\n|move|p1a: Ortie|Spikes|p2a: Slowbro\n|-sidestart|p2: tanishq1|Spikes\n|move|p2a: Slowbro|Teleport|p2a: Slowbro\n|\n|t:|1666784764\n|switch|p2a: Tornadus|Tornadus-Therian, M|100\/100|[from]move: Teleport\n|\n|-weather|Sandstorm|[upkeep]\n|-damage|p2a: Tornadus|94\/100|[from] Sandstorm\n|upkeep\n|turn|4\n|\n|t:|1666784767\n|switch|p1a: Blunderus|Thundurus, M|100\/100\n|move|p2a: Tornadus|Heat Wave|p1a: Blunderus\n|-damage|p1a: Blunderus|66\/100\n|\n|-weather|Sandstorm|[upkeep]\n|-damage|p1a: Blunderus|60\/100|[from] Sandstorm\n|-damage|p2a: Tornadus|88\/100|[from] Sandstorm\n|upkeep\n|turn|5\n|\n|t:|1666784774\n|move|p1a: Blunderus|Wild Charge|p2a: Tornadus\n|-supereffective|p2a: Tornadus\n|-damage|p2a: Tornadus|0 fnt\n|faint|p2a: Tornadus\n|-damage|p1a: Blunderus|33\/100|[from] Recoil\n|\n|-weather|Sandstorm|[upkeep]\n|-damage|p1a: Blunderus|27\/100|[from] Sandstorm\n|upkeep\n|\n|t:|1666784780\n|switch|p2a: Garchomp|Garchomp, M|100\/100\n|-damage|p2a: Garchomp|84\/100|[from] Spikes\n|turn|6\n|\n|t:|1666784792\n|move|p1a: Blunderus|Knock Off|p2a: Garchomp\n|-damage|p2a: Garchomp|59\/100\n|-damage|p1a: Blunderus|15\/100|[from] ability: Rough Skin|[of] p2a: Garchomp\n|-enditem|p2a: Garchomp|Leftovers|[from] move: Knock Off|[of] p1a: Blunderus\n|move|p2a: Garchomp|Stealth Rock|p1a: Blunderus\n|-sidestart|p1: Candicee|move: Stealth Rock\n|\n|-weather|Sandstorm|[upkeep]\n|-damage|p1a: Blunderus|9\/100|[from] Sandstorm\n|upkeep\n|turn|7\n|\n|t:|1666784800\n|switch|p1a: Harmony|Tapu Fini|100\/100\n|-damage|p1a: Harmony|88\/100|[from] Stealth Rock\n|-fieldstart|move: Misty Terrain|[from] ability: Misty Surge|[of] p1a: Harmony\n|move|p2a: Garchomp|Earthquake|p1a: Harmony\n|-damage|p1a: Harmony|54\/100\n|\n|-weather|Sandstorm|[upkeep]\n|-damage|p1a: Harmony|48\/100|[from] Sandstorm\n|-heal|p1a: Harmony|54\/100|[from] item: Leftovers\n|upkeep\n|turn|8\n|\n|t:|1666784811\n|move|p2a: Garchomp|Earthquake|p1a: Harmony\n|-damage|p1a: Harmony|25\/100\n|move|p1a: Harmony|Nature's Madness|p2a: Garchomp\n|-damage|p2a: Garchomp|30\/100\n|\n|-weather|none\n|-heal|p1a: Harmony|31\/100|[from] item: Leftovers\n|upkeep\n|turn|9\n|\n|t:|1666784820\n|switch|p1a: \u00c9ole|Tornadus-Therian, M|100\/100\n|-damage|p1a: \u00c9ole|76\/100|[from] Stealth Rock\n|move|p2a: Garchomp|Toxic|p1a: \u00c9ole\n|-status|p1a: \u00c9ole|tox\n|\n|-damage|p1a: \u00c9ole|69\/100 tox|[from] psn\n|upkeep\n|turn|10\n|\n|t:|1666784823\n|move|p2a: Garchomp|Protect|p2a: Garchomp\n|-singleturn|p2a: Garchomp|Protect\n|move|p1a: \u00c9ole|Icy Wind|p2a: Garchomp\n|-activate|p2a: Garchomp|move: Protect\n|\n|-damage|p1a: \u00c9ole|57\/100 tox|[from] psn\n|upkeep\n|turn|11\n|\n|t:|1666784833\n|move|p1a: \u00c9ole|Icy Wind|p2a: Garchomp\n|-supereffective|p2a: Garchomp\n|-damage|p2a: Garchomp|0 fnt\n|faint|p2a: Garchomp\n|\n|-damage|p1a: \u00c9ole|39\/100 tox|[from] psn\n|-fieldend|Misty Terrain\n|upkeep\n|\n|t:|1666784840\n|switch|p2a: Blaziken|Blaziken, F|100\/100\n|-damage|p2a: Blaziken|84\/100|[from] Spikes\n|turn|12\n|j| Le Herbo\n|j| KappaHalo\n|inactive|Candicee has 120 seconds left.\n|j| kyonharuhi\n|inactive|Candicee has 90 seconds left.\n|inactive|Candicee has 60 seconds left.\n|inactive|Candicee has 30 seconds left.\n|inactive|Candicee has 20 seconds left.\n|inactive|Candicee has 15 seconds left.\n|l| kyonharuhi\n|inactive|Candicee has 10 seconds left.\n|\n|t:|1666784981\n|move|p2a: Blaziken|Protect|p2a: Blaziken\n|-singleturn|p2a: Blaziken|Protect\n|move|p1a: \u00c9ole|Knock Off|p2a: Blaziken\n|-activate|p2a: Blaziken|move: Protect\n|\n|-heal|p2a: Blaziken|90\/100|[from] item: Leftovers\n|-damage|p1a: \u00c9ole|15\/100 tox|[from] psn\n|-ability|p2a: Blaziken|Speed Boost|boost\n|-boost|p2a: Blaziken|spe|1\n|upkeep\n|turn|13\n|inactive|Candicee has 20 seconds left this turn.\n|\n|t:|1666785006\n|switch|p1a: Harmony|Tapu Fini|31\/100\n|-damage|p1a: Harmony|18\/100|[from] Stealth Rock\n|-fieldstart|move: Misty Terrain|[from] ability: Misty Surge|[of] p1a: Harmony\n|move|p2a: Blaziken|Flare Blitz|p1a: Harmony\n|-resisted|p1a: Harmony\n|-damage|p1a: Harmony|0 fnt\n|faint|p1a: Harmony\n|-damage|p2a: Blaziken|84\/100|[from] Recoil\n|\n|-heal|p2a: Blaziken|90\/100|[from] item: Leftovers\n|-ability|p2a: Blaziken|Speed Boost|boost\n|-boost|p2a: Blaziken|spe|1\n|upkeep\n|inactive|Candicee has 25 seconds left this turn.\n|c|\u2606Candicee|sorry\n|inactive|Candicee has 20 seconds left.\n|\n|t:|1666785012\n|switch|p1a: Lilith|Tyranitar, F|100\/100\n|-damage|p1a: Lilith|88\/100|[from] Stealth Rock\n|-weather|Sandstorm|[from] ability: Sand Stream|[of] p1a: Lilith\n|turn|14\n|inactive|Candicee has 30 seconds left this turn.\n|inactive|Candicee has 20 seconds left.\n|\n|t:|1666785022\n|switch|p1a: Blunderus|Thundurus, M|9\/100\n|move|p2a: Blaziken|Protect||[still]\n|-fail|p2a: Blaziken\n|\n|-weather|Sandstorm|[upkeep]\n|-damage|p2a: Blaziken|84\/100|[from] Sandstorm\n|-damage|p1a: Blunderus|3\/100|[from] Sandstorm\n|-heal|p2a: Blaziken|90\/100|[from] item: Leftovers\n|-ability|p2a: Blaziken|Speed Boost|boost\n|-boost|p2a: Blaziken|spe|1\n|upkeep\n|turn|15\n|inactive|Candicee has 30 seconds left this turn.\n|\n|t:|1666785028\n|switch|p1a: Ortie|Ferrothorn, F|42\/100\n|-damage|p1a: Ortie|36\/100|[from] Stealth Rock\n|move|p2a: Blaziken|Protect||[still]\n|-fail|p2a: Blaziken\n|\n|-weather|Sandstorm|[upkeep]\n|-damage|p2a: Blaziken|84\/100|[from] Sandstorm\n|-heal|p2a: Blaziken|90\/100|[from] item: Leftovers\n|-ability|p2a: Blaziken|Speed Boost|boost\n|-boost|p2a: Blaziken|spe|1\n|upkeep\n|turn|16\n|\n|t:|1666785032\n|move|p2a: Blaziken|Close Combat|p1a: Ortie\n|-supereffective|p1a: Ortie\n|-damage|p1a: Ortie|0 fnt\n|-unboost|p2a: Blaziken|def|1\n|-unboost|p2a: Blaziken|spd|1\n|-damage|p2a: Blaziken|78\/100|[from] ability: Iron Barbs|[of] p1a: Ortie\n|-damage|p2a: Blaziken|61\/100|[from] item: Rocky Helmet|[of] p1a: Ortie\n|faint|p1a: Ortie\n|\n|-weather|Sandstorm|[upkeep]\n|-damage|p2a: Blaziken|55\/100|[from] Sandstorm\n|-heal|p2a: Blaziken|61\/100|[from] item: Leftovers\n|-ability|p2a: Blaziken|Speed Boost|boost\n|-boost|p2a: Blaziken|spe|1\n|upkeep\n|\n|t:|1666785036\n|switch|p1a: \u00c9ole|Tornadus-Therian, M|48\/100 tox\n|-damage|p1a: \u00c9ole|23\/100 tox|[from] Stealth Rock\n|turn|17\n|-message|Candicee forfeited.\n|\n|win|tanishq1\n|raw|Candicee's rating: 1716 &rarr; <strong>1697<\/strong><br \/>(-19 for losing)\n|raw|tanishq1's rating: 1739 &rarr; <strong>1758<\/strong><br \/>(+19 for winning)\n|l|\u2606Candicee\n|l|\u2606tanishq1\n|j| kyonharuhi\n","uploadtime":1666785050,"views":18,"p1id":"candicee","p2id":"tanishq1","formatid":"gen8ou","rating":1697,"private":0,"password":null}