{"id":"gen8ou-1108915054","p1":"big boss 447","p2":"Satania McDowell","format":"gen8ou","log":"|j|\u2606big boss 447\n|j|\u2606Satania McDowell\n|player|p1|big boss 447|n|1777\n|player|p2|Satania McDowell|lana|1670\n|teamsize|p1|6\n|teamsize|p2|6\n|gametype|singles\n|gen|8\n|tier|[Gen 8] OU\n|rated|\n|clearpoke\n|poke|p1|Aegislash, F|\n|poke|p1|Torkoal, F|\n|poke|p1|Darmanitan, M|\n|poke|p1|Mandibuzz, F|\n|poke|p1|Venusaur, M|\n|poke|p1|Kyurem|\n|poke|p2|Cinderace, F|\n|poke|p2|Ninetales-Alola, F|\n|poke|p2|Mew|\n|poke|p2|Primarina, F|\n|poke|p2|Rotom-Mow|\n|poke|p2|Terrakion|\n|rule|Sleep Clause Mod: Limit one foe put to sleep\n|rule|Species Clause: Limit one of each Pok\u00e9mon\n|rule|OHKO Clause: OHKO moves are banned\n|rule|Evasion Moves Clause: Evasion moves are banned\n|rule|Endless Battle Clause: Forcing endless battles is banned\n|rule|HP Percentage Mod: HP is shown in percentages\n|rule|Dynamax Clause: You cannot dynamax\n|teampreview\n|\n|start\n|switch|p1a: Darmanitan|Darmanitan, M|100\/100\n|switch|p2a: Mew|Mew|100\/100\n|turn|1\n|\n|move|p1a: Darmanitan|Flare Blitz|p2a: Mew\n|-damage|p2a: Mew|17\/100\n|-damage|p1a: Darmanitan|69\/100|[from] Recoil\n|move|p2a: Mew|Stealth Rock|p1a: Darmanitan\n|-sidestart|p1: big boss 447|move: Stealth Rock\n|\n|upkeep\n|turn|2\n|j| HeavenStar\n|\n|move|p1a: Darmanitan|Flare Blitz|p2a: Mew\n|-damage|p2a: Mew|0 fnt\n|-damage|p1a: Darmanitan|63\/100|[from] Recoil\n|faint|p2a: Mew\n|\n|upkeep\n|\n|switch|p2a: Terrakion|Terrakion|100\/100\n|turn|3\n|\n|switch|p1a: Aegislash|Aegislash, F|100\/100\n|-damage|p1a: Aegislash|94\/100|[from] Stealth Rock\n|-item|p1a: Aegislash|Air Balloon\n|move|p2a: Terrakion|Rock Slide|p1a: Aegislash\n|-resisted|p1a: Aegislash\n|-damage|p1a: Aegislash|74\/100\n|-enditem|p1a: Aegislash|Air Balloon\n|\n|upkeep\n|turn|4\n|\n|switch|p2a: Cinderace|Cinderace, F|100\/100\n|-formechange|p1a: Aegislash|Aegislash-Blade||[from] ability: Stance Change\n|move|p1a: Aegislash|Close Combat|p2a: Cinderace\n|-damage|p2a: Cinderace|32\/100\n|-unboost|p1a: Aegislash|def|1\n|-unboost|p1a: Aegislash|spd|1\n|\n|upkeep\n|turn|5\n|\n|move|p2a: Cinderace|Sucker Punch|p1a: Aegislash\n|-supereffective|p1a: Aegislash\n|-damage|p1a: Aegislash|0 fnt\n|faint|p1a: Aegislash\n|\n|upkeep\n|\n|switch|p1a: Mandibuzz|Mandibuzz, F|100\/100\n|turn|6\n|\n|switch|p2a: Primarina|Primarina, F|100\/100\n|move|p1a: Mandibuzz|Defog|p2a: Primarina\n|-unboost|p2a: Primarina|evasion|1\n|-sideend|p1: big boss 447|Stealth Rock|[from] move: Defog|[of] p1a: Mandibuzz\n|\n|upkeep\n|turn|7\n|\n|switch|p1a: Torkoal|Torkoal, F|100\/100\n|-weather|SunnyDay|[from] ability: Drought|[of] p1a: Torkoal\n|move|p2a: Primarina|Scald|p1a: Torkoal\n|-supereffective|p1a: Torkoal\n|-damage|p1a: Torkoal|57\/100\n|\n|-weather|SunnyDay|[upkeep]\n|upkeep\n|turn|8\n|\n|switch|p2a: Ninetales|Ninetales-Alola, F|100\/100\n|-weather|Hail|[from] ability: Snow Warning|[of] p2a: Ninetales\n|move|p1a: Torkoal|Stealth Rock|p2a: Ninetales\n|-sidestart|p2: Satania McDowell|move: Stealth Rock\n|\n|-weather|Hail|[upkeep]\n|-damage|p1a: Torkoal|51\/100|[from] Hail\n|upkeep\n|turn|9\n|\n|switch|p1a: Darmanitan|Darmanitan, M|63\/100\n|move|p2a: Ninetales|Aurora Veil|p2a: Ninetales\n|-sidestart|p2: Satania McDowell|move: Aurora Veil\n|\n|-weather|Hail|[upkeep]\n|-damage|p1a: Darmanitan|57\/100|[from] Hail\n|upkeep\n|turn|10\n|\n|switch|p2a: Terrakion|Terrakion|100\/100\n|-damage|p2a: Terrakion|94\/100|[from] Stealth Rock\n|move|p1a: Darmanitan|Flare Blitz|p2a: Terrakion\n|-resisted|p2a: Terrakion\n|-damage|p2a: Terrakion|65\/100\n|-damage|p1a: Darmanitan|48\/100|[from] Recoil\n|\n|-weather|Hail|[upkeep]\n|-damage|p2a: Terrakion|59\/100|[from] Hail\n|-damage|p1a: Darmanitan|42\/100|[from] Hail\n|upkeep\n|turn|11\n|\n|switch|p1a: Mandibuzz|Mandibuzz, F|100\/100\n|move|p2a: Terrakion|Rock Slide|p1a: Mandibuzz\n|-supereffective|p1a: Mandibuzz\n|-damage|p1a: Mandibuzz|39\/100\n|\n|-weather|Hail|[upkeep]\n|-damage|p2a: Terrakion|53\/100|[from] Hail\n|upkeep\n|turn|12\n|\n|move|p2a: Terrakion|Rock Slide|p1a: Mandibuzz\n|-supereffective|p1a: Mandibuzz\n|-crit|p1a: Mandibuzz\n|-damage|p1a: Mandibuzz|0 fnt\n|faint|p1a: Mandibuzz\n|\n|-weather|none\n|upkeep\n|\n|switch|p1a: Torkoal|Torkoal, F|51\/100\n|-weather|SunnyDay|[from] ability: Drought|[of] p1a: Torkoal\n|turn|13\n|\n|switch|p1a: Venusaur|Venusaur, M|100\/100\n|move|p2a: Terrakion|Rock Slide|p1a: Venusaur\n|-damage|p1a: Venusaur|41\/100\n|\n|-weather|SunnyDay|[upkeep]\n|upkeep\n|turn|14\n|\n|switch|p2a: Rotom|Rotom-Mow|100\/100\n|-damage|p2a: Rotom|88\/100|[from] Stealth Rock\n|move|p1a: Venusaur|Giga Drain|p2a: Rotom\n|-resisted|p2a: Rotom\n|-damage|p2a: Rotom|73\/100\n|-heal|p1a: Venusaur|47\/100|[from] drain|[of] p2a: Rotom\n|-damage|p1a: Venusaur|37\/100|[from] item: Life Orb\n|\n|-weather|SunnyDay|[upkeep]\n|-heal|p2a: Rotom|79\/100|[from] item: Leftovers\n|upkeep\n|turn|15\n|\n|move|p1a: Venusaur|Weather Ball|p2a: Rotom\n|-supereffective|p2a: Rotom\n|-damage|p2a: Rotom|0 fnt\n|-damage|p1a: Venusaur|27\/100|[from] item: Life Orb\n|faint|p2a: Rotom\n|\n|-weather|SunnyDay|[upkeep]\n|upkeep\n|\n|switch|p2a: Ninetales|Ninetales-Alola, F|100\/100\n|-damage|p2a: Ninetales|76\/100|[from] Stealth Rock\n|-weather|Hail|[from] ability: Snow Warning|[of] p2a: Ninetales\n|turn|16\n|j| Trial&3rror\n|\n|switch|p1a: Torkoal|Torkoal, F|51\/100\n|-weather|SunnyDay|[from] ability: Drought|[of] p1a: Torkoal\n|move|p2a: Ninetales|Freeze-Dry|p1a: Torkoal\n|-resisted|p1a: Torkoal\n|-damage|p1a: Torkoal|34\/100\n|\n|-weather|SunnyDay|[upkeep]\n|-sideend|p2: Satania McDowell|move: Aurora Veil\n|upkeep\n|turn|17\n|\n|switch|p2a: Primarina|Primarina, F|100\/100\n|-damage|p2a: Primarina|88\/100|[from] Stealth Rock\n|switch|p1a: Darmanitan|Darmanitan, M|42\/100\n|\n|-weather|SunnyDay|[upkeep]\n|-heal|p2a: Primarina|94\/100|[from] item: Leftovers\n|upkeep\n|turn|18\n|\n|move|p1a: Darmanitan|Flare Blitz|p2a: Primarina\n|-resisted|p2a: Primarina\n|-damage|p2a: Primarina|33\/100\n|-damage|p1a: Darmanitan|21\/100|[from] Recoil\n|move|p2a: Primarina|Scald|p1a: Darmanitan\n|-supereffective|p1a: Darmanitan\n|-damage|p1a: Darmanitan|0 fnt\n|faint|p1a: Darmanitan\n|\n|-weather|SunnyDay|[upkeep]\n|-heal|p2a: Primarina|39\/100|[from] item: Leftovers\n|upkeep\n|\n|switch|p1a: Venusaur|Venusaur, M|27\/100\n|turn|19\n|\n|move|p1a: Venusaur|Giga Drain|p2a: Primarina\n|-supereffective|p2a: Primarina\n|-damage|p2a: Primarina|0 fnt\n|-heal|p1a: Venusaur|51\/100|[from] drain|[of] p2a: Primarina\n|-damage|p1a: Venusaur|41\/100|[from] item: Life Orb\n|faint|p2a: Primarina\n|\n|-weather|SunnyDay|[upkeep]\n|upkeep\n|\n|switch|p2a: Ninetales|Ninetales-Alola, F|76\/100\n|-damage|p2a: Ninetales|51\/100|[from] Stealth Rock\n|-weather|Hail|[from] ability: Snow Warning|[of] p2a: Ninetales\n|turn|20\n|\n|switch|p1a: Torkoal|Torkoal, F|34\/100\n|-weather|SunnyDay|[from] ability: Drought|[of] p1a: Torkoal\n|move|p2a: Ninetales|Moonblast|p1a: Torkoal\n|-resisted|p1a: Torkoal\n|-damage|p1a: Torkoal|11\/100\n|-unboost|p1a: Torkoal|spa|1\n|\n|-weather|SunnyDay|[upkeep]\n|upkeep\n|turn|21\n|\n|switch|p1a: Kyurem|Kyurem|100\/100\n|-ability|p1a: Kyurem|Pressure\n|move|p2a: Ninetales|Freeze-Dry|p1a: Kyurem\n|-damage|p1a: Kyurem|74\/100\n|\n|-weather|SunnyDay|[upkeep]\n|upkeep\n|turn|22\n|\n|move|p2a: Ninetales|Moonblast|p1a: Kyurem\n|-supereffective|p1a: Kyurem\n|-damage|p1a: Kyurem|0 fnt\n|faint|p1a: Kyurem\n|\n|-weather|SunnyDay|[upkeep]\n|upkeep\n|\n|switch|p1a: Venusaur|Venusaur, M|41\/100\n|turn|23\n|\n|switch|p2a: Terrakion|Terrakion|53\/100\n|-damage|p2a: Terrakion|46\/100|[from] Stealth Rock\n|move|p1a: Venusaur|Giga Drain|p2a: Terrakion\n|-supereffective|p2a: Terrakion\n|-damage|p2a: Terrakion|0 fnt\n|-heal|p1a: Venusaur|65\/100|[from] drain|[of] p2a: Terrakion\n|-damage|p1a: Venusaur|55\/100|[from] item: Life Orb\n|faint|p2a: Terrakion\n|\n|-weather|SunnyDay|[upkeep]\n|upkeep\n|\n|switch|p2a: Ninetales|Ninetales-Alola, F|51\/100\n|-damage|p2a: Ninetales|26\/100|[from] Stealth Rock\n|-weather|Hail|[from] ability: Snow Warning|[of] p2a: Ninetales\n|turn|24\n|\n|switch|p1a: Torkoal|Torkoal, F|11\/100\n|-weather|SunnyDay|[from] ability: Drought|[of] p1a: Torkoal\n|move|p2a: Ninetales|Freeze-Dry|p1a: Torkoal\n|-resisted|p1a: Torkoal\n|-damage|p1a: Torkoal|0 fnt\n|faint|p1a: Torkoal\n|\n|-weather|SunnyDay|[upkeep]\n|upkeep\n|\n|switch|p1a: Venusaur|Venusaur, M|55\/100\n|turn|25\n|\n|switch|p2a: Cinderace|Cinderace, F|32\/100\n|move|p1a: Venusaur|Giga Drain|p2a: Cinderace\n|-resisted|p2a: Cinderace\n|-damage|p2a: Cinderace|0 fnt\n|-heal|p1a: Venusaur|71\/100|[from] drain|[of] p2a: Cinderace\n|-damage|p1a: Venusaur|61\/100|[from] item: Life Orb\n|faint|p2a: Cinderace\n|\n|-weather|SunnyDay|[upkeep]\n|upkeep\n|\n|switch|p2a: Ninetales|Ninetales-Alola, F|26\/100\n|-damage|p2a: Ninetales|2\/100|[from] Stealth Rock\n|-weather|Hail|[from] ability: Snow Warning|[of] p2a: Ninetales\n|turn|26\n|\n|move|p2a: Ninetales|Freeze-Dry|p1a: Venusaur\n|-supereffective|p1a: Venusaur\n|-damage|p1a: Venusaur|3\/100\n|move|p1a: Venusaur|Giga Drain|p2a: Ninetales\n|-damage|p2a: Ninetales|0 fnt\n|-heal|p1a: Venusaur|4\/100|[from] drain|[of] p2a: Ninetales\n|-damage|p1a: Venusaur|0 fnt|[from] item: Life Orb\n|faint|p2a: Ninetales\n|faint|p1a: Venusaur\n|\n|win|big boss 447\n|raw|big boss 447's rating: 1777 &rarr; <strong>1791<\/strong><br \/>(+14 for winning)\n|raw|Satania McDowell's rating: 1670 &rarr; <strong>1656<\/strong><br \/>(-14 for losing)\n|l|\u2606Satania McDowell\n|c|\u2606big boss 447|succ\n","uploadtime":1588650422,"views":24,"p1id":"bigboss447","p2id":"sataniamcdowell","formatid":"gen8ou","rating":1656,"private":0,"password":null}