{"id":"gen8ou-1173157301","p1":"relic stone","p2":"lt73iu Serg","format":"gen8ou","log":"|raw|<div class=\"broadcast-blue\"><strong>This battle is required to be public due to a player having a name prefixed by 'LT73IU'.<\/div>\n|j|\u2606relic stone\n|j|\u2606lt73iu Serg\n|t:|1598066254\n|player|p1|relic stone|lusamine-nihilego|1889\n|player|p2|lt73iu Serg|hiker-gen4|1779\n|teamsize|p1|6\n|teamsize|p2|6\n|gametype|singles\n|gen|8\n|tier|[Gen 8] OU\n|rated|\n|clearpoke\n|poke|p1|Rillaboom, M|\n|poke|p1|Dragapult, M|\n|poke|p1|Rotom-Heat|\n|poke|p1|Azumarill, M|\n|poke|p1|Crawdaunt, M|\n|poke|p1|Excadrill, M|\n|poke|p2|Volcarona, M|\n|poke|p2|Hawlucha, M|\n|poke|p2|Mew|\n|poke|p2|Rillaboom, M|\n|poke|p2|Azumarill, M|\n|poke|p2|Dragapult, M|\n|rule|Sleep Clause Mod: Limit one foe put to sleep\n|rule|Species Clause: Limit one of each Pok\u00e9mon\n|rule|OHKO Clause: OHKO moves are banned\n|rule|Evasion Moves Clause: Evasion moves are banned\n|rule|Endless Battle Clause: Forcing endless battles is banned\n|rule|HP Percentage Mod: HP is shown in percentages\n|rule|Dynamax Clause: You cannot dynamax\n|teampreview\n|j| weirdthings\u00b7com\n|\n|t:|1598066259\n|start\n|switch|p1a: Serpentine|Dragapult, M|100\/100\n|switch|p2a: Biyomon|Mew|100\/100\n|turn|1\n|j| lt73iu vert\n|\n|t:|1598066262\n|move|p1a: Serpentine|Shadow Ball|p2a: Biyomon\n|-supereffective|p2a: Biyomon\n|-damage|p2a: Biyomon|16\/100\n|move|p2a: Biyomon|Stealth Rock|p1a: Serpentine\n|-sidestart|p1: relic stone|move: Stealth Rock\n|\n|upkeep\n|turn|2\n|\n|t:|1598066265\n|move|p1a: Serpentine|Shadow Ball|p2a: Biyomon\n|-supereffective|p2a: Biyomon\n|-damage|p2a: Biyomon|0 fnt\n|faint|p2a: Biyomon\n|\n|upkeep\n|\n|t:|1598066270\n|switch|p2a: Palmon|Dragapult, M|100\/100\n|turn|3\n|j| LT73IU Motita\n|\n|t:|1598066278\n|switch|p2a: Agumon|Rillaboom, M|100\/100\n|-fieldstart|move: Grassy Terrain|[from] ability: Grassy Surge|[of] p2a: Agumon\n|move|p1a: Serpentine|Shadow Ball|p2a: Agumon\n|-damage|p2a: Agumon|36\/100\n|\n|-heal|p2a: Agumon|42\/100|[from] Grassy Terrain\n|upkeep\n|turn|4\n|j| whiteegg\n|j| lt73iu fortnitegod\n|j| LT73IU NTAIZAI\n|\n|t:|1598066290\n|move|p2a: Agumon|Grassy Glide|p1a: Serpentine\n|-resisted|p1a: Serpentine\n|-damage|p1a: Serpentine|50\/100\n|-damage|p2a: Agumon|32\/100|[from] item: Life Orb\n|move|p1a: Serpentine|Shadow Ball|p2a: Agumon\n|-damage|p2a: Agumon|0 fnt\n|faint|p2a: Agumon\n|\n|-heal|p1a: Serpentine|56\/100|[from] Grassy Terrain\n|upkeep\n|j|@Eo\n|\n|t:|1598066294\n|switch|p2a: Gabumon|Hawlucha, M|100\/100\n|-enditem|p2a: Gabumon|Grassy Seed\n|-boost|p2a: Gabumon|def|1|[from] item: Grassy Seed\n|turn|5\n|\n|t:|1598066298\n|move|p2a: Gabumon|Swords Dance|p2a: Gabumon\n|-boost|p2a: Gabumon|atk|2\n|move|p1a: Serpentine|Shadow Ball|p2a: Gabumon\n|-damage|p2a: Gabumon|16\/100\n|-unboost|p2a: Gabumon|spd|1\n|\n|-heal|p1a: Serpentine|62\/100|[from] Grassy Terrain\n|upkeep\n|turn|6\n|j| d555y6\n|\n|t:|1598066309\n|move|p2a: Gabumon|Acrobatics|p1a: Serpentine\n|-damage|p1a: Serpentine|0 fnt\n|faint|p1a: Serpentine\n|\n|upkeep\n|j| Pinkacross\n|\n|t:|1598066311\n|switch|p1a: Predator|Crawdaunt, M|100\/100\n|-damage|p1a: Predator|88\/100|[from] Stealth Rock\n|turn|7\n|\n|t:|1598066315\n|switch|p2a: Palmon|Dragapult, M|100\/100\n|move|p1a: Predator|Aqua Jet|p2a: Palmon\n|-resisted|p2a: Palmon\n|-damage|p2a: Palmon|73\/100\n|-damage|p1a: Predator|78\/100|[from] item: Life Orb\n|\n|-heal|p2a: Palmon|79\/100|[from] Grassy Terrain\n|-heal|p1a: Predator|84\/100|[from] Grassy Terrain\n|-fieldend|move: Grassy Terrain\n|upkeep\n|turn|8\n|j| Lt73iu chapo\n|\n|t:|1598066323\n|move|p2a: Palmon|Steel Wing|p1a: Predator\n|-resisted|p1a: Predator\n|-damage|p1a: Predator|64\/100\n|-damage|p2a: Palmon|70\/100|[from] item: Life Orb\n|move|p1a: Predator|Knock Off|p2a: Palmon\n|-supereffective|p2a: Palmon\n|-damage|p2a: Palmon|0 fnt\n|-enditem|p2a: Palmon|Life Orb|[from] move: Knock Off|[of] p1a: Predator\n|-damage|p1a: Predator|54\/100|[from] item: Life Orb\n|faint|p2a: Palmon\n|\n|upkeep\n|\n|t:|1598066331\n|switch|p2a: tentomon|Azumarill, M|100\/100\n|turn|9\n|\n|t:|1598066335\n|move|p1a: Predator|Knock Off|p2a: tentomon\n|-resisted|p2a: tentomon\n|-damage|p2a: tentomon|41\/100\n|-enditem|p2a: tentomon|Sitrus Berry|[from] move: Knock Off|[of] p1a: Predator\n|-damage|p1a: Predator|44\/100|[from] item: Life Orb\n|move|p2a: tentomon|Play Rough|p1a: Predator\n|-supereffective|p1a: Predator\n|-damage|p1a: Predator|0 fnt\n|faint|p1a: Predator\n|\n|upkeep\n|\n|t:|1598066339\n|switch|p1a: Impaler|Excadrill, M, shiny|100\/100\n|-damage|p1a: Impaler|97\/100|[from] Stealth Rock\n|-ability|p1a: Impaler|Mold Breaker\n|turn|10\n|\n|t:|1598066341\n|move|p2a: tentomon|Aqua Jet|p1a: Impaler\n|-supereffective|p1a: Impaler\n|-damage|p1a: Impaler|34\/100\n|move|p1a: Impaler|Earthquake|p2a: tentomon\n|-damage|p2a: tentomon|0 fnt\n|faint|p2a: tentomon\n|\n|-heal|p1a: Impaler|40\/100|[from] item: Leftovers\n|upkeep\n|\n|t:|1598066345\n|switch|p2a: Gabumon|Hawlucha, M|16\/100\n|turn|11\n|\n|t:|1598066359\n|move|p2a: Gabumon|Close Combat|p1a: Impaler\n|-supereffective|p1a: Impaler\n|-damage|p1a: Impaler|0 fnt\n|-unboost|p2a: Gabumon|def|1\n|-unboost|p2a: Gabumon|spd|1\n|faint|p1a: Impaler\n|\n|upkeep\n|\n|t:|1598066363\n|switch|p1a: Phantom|Rotom-Heat, shiny|100\/100\n|turn|12\n|\n|t:|1598066366\n|move|p2a: Gabumon|Close Combat|p1a: Phantom\n|-damage|p1a: Phantom|40\/100\n|-unboost|p2a: Gabumon|def|1\n|-unboost|p2a: Gabumon|spd|1\n|move|p1a: Phantom|Discharge|p2a: Gabumon\n|-supereffective|p2a: Gabumon\n|-damage|p2a: Gabumon|0 fnt\n|faint|p2a: Gabumon\n|\n|upkeep\n|\n|t:|1598066370\n|switch|p2a: Koromon|Volcarona, M|100\/100\n|turn|13\n|\n|t:|1598066378\n|switch|p1a: Torrent|Azumarill, M|100\/100\n|-damage|p1a: Torrent|88\/100|[from] Stealth Rock\n|move|p2a: Koromon|Quiver Dance|p2a: Koromon\n|-boost|p2a: Koromon|spa|1\n|-boost|p2a: Koromon|spd|1\n|-boost|p2a: Koromon|spe|1\n|\n|-heal|p1a: Torrent|94\/100|[from] item: Leftovers\n|upkeep\n|turn|14\n|\n|t:|1598066381\n|move|p2a: Koromon|Giga Drain|p1a: Torrent\n|-ability|p1a: Torrent|Sap Sipper|boost\n|-boost|p1a: Torrent|atk|1\n|move|p1a: Torrent|Perish Song|p1a: Torrent\n|-start|p1a: Torrent|perish3|[silent]\n|-start|p2a: Koromon|perish3|[silent]\n|-fieldactivate|move: Perish Song\n|\n|-heal|p1a: Torrent|100\/100|[from] item: Leftovers\n|-start|p2a: Koromon|perish3\n|-start|p1a: Torrent|perish3\n|upkeep\n|turn|15\n|\n|t:|1598066387\n|move|p2a: Koromon|Psychic|p1a: Torrent\n|-damage|p1a: Torrent|49\/100\n|move|p1a: Torrent|Toxic|p2a: Koromon\n|-status|p2a: Koromon|tox\n|\n|-heal|p1a: Torrent|55\/100|[from] item: Leftovers\n|-damage|p2a: Koromon|94\/100 tox|[from] psn\n|-start|p2a: Koromon|perish2\n|-start|p1a: Torrent|perish2\n|upkeep\n|turn|16\n|j| Jira\u00a2hiC\n|c|\u2606relic stone|gg\n|l| LT73IU Motita\n|-message|lt73iu Serg forfeited.\n|\n|win|relic stone\n|l|\u2606lt73iu Serg\n|l| weirdthings\u00b7com\n|raw|relic stone's rating: 1889 &rarr; <strong>1903<\/strong><br \/>(+14 for winning)\n|raw|lt73iu Serg's rating: 1779 &rarr; <strong>1765<\/strong><br \/>(-14 for losing)\n","uploadtime":1598066397,"views":157,"p1id":"relicstone","p2id":"lt73iuserg","formatid":"gen8ou","rating":1765,"private":0,"password":null}