{"id":"gen8ou-1232810434","p1":"I'M AT MY LIMIT!","p2":"Blastoise Expert","format":"gen8ou","log":"|j|\u2606I'M AT MY LIMIT!\n|j|\u2606Blastoise Expert\n|t:|1606527187\n|player|p1|I'M AT MY LIMIT!|ethan|\n|player|p2|Blastoise Expert|pokemaniac|\n|teamsize|p1|6\n|teamsize|p2|6\n|gametype|singles\n|gen|8\n|tier|[Gen 8] OU\n|rated|Tournament battle\n|clearpoke\n|poke|p1|Tangrowth, F|\n|poke|p1|Toxapex, F|\n|poke|p1|Tornadus-Therian, M|\n|poke|p1|Cinderace, F|\n|poke|p1|Buzzwole|\n|poke|p1|Pheromosa|\n|poke|p2|Magearna|\n|poke|p2|Pheromosa|\n|poke|p2|Gastrodon-East, F|\n|poke|p2|Volcarona, M|\n|poke|p2|Ninetales-Alola, F|\n|poke|p2|Grimmsnarl, M|\n|rule|Sleep Clause Mod: Limit one foe put to sleep\n|rule|Species Clause: Limit one of each Pok\u00e9mon\n|rule|OHKO Clause: OHKO moves are banned\n|rule|Evasion Moves Clause: Evasion moves are banned\n|rule|Endless Battle Clause: Forcing endless battles is banned\n|rule|HP Percentage Mod: HP is shown in percentages\n|rule|Dynamax Clause: You cannot dynamax\n|teampreview\n|j| PenguinMLESJ\n|j| SenatoroTogekiss\n|\n|t:|1606527229\n|start\n|switch|p1a: Cinderace|Cinderace, F|100\/100\n|switch|p2a: Spice Girl|Pheromosa|100\/100\n|turn|1\n|\n|t:|1606527234\n|switch|p2a: Ocean Man|Gastrodon-East, F|100\/100\n|switch|p1a: Toxapex|Toxapex, F|100\/100\n|\n|upkeep\n|turn|2\n|c|\u2606I'M AT MY LIMIT!|Wow\n|\n|t:|1606527241\n|move|p1a: Toxapex|Toxic Spikes|p2a: Ocean Man\n|-sidestart|p2: Blastoise Expert|move: Toxic Spikes\n|move|p2a: Ocean Man|Earthquake|p1a: Toxapex\n|-supereffective|p1a: Toxapex\n|-damage|p1a: Toxapex|67\/100\n|\n|upkeep\n|turn|3\n|\n|t:|1606527245\n|switch|p2a: Spice Girl|Pheromosa|100\/100\n|-status|p2a: Spice Girl|psn\n|move|p1a: Toxapex|Recover|p1a: Toxapex\n|-heal|p1a: Toxapex|100\/100\n|\n|-damage|p2a: Spice Girl|88\/100 psn|[from] psn\n|upkeep\n|turn|4\n|\n|t:|1606527250\n|move|p2a: Spice Girl|Quiver Dance|p2a: Spice Girl\n|-boost|p2a: Spice Girl|spa|1\n|-boost|p2a: Spice Girl|spd|1\n|-boost|p2a: Spice Girl|spe|1\n|move|p1a: Toxapex|Scald|p2a: Spice Girl\n|-damage|p2a: Spice Girl|61\/100 psn\n|\n|-damage|p2a: Spice Girl|49\/100 psn|[from] psn\n|upkeep\n|turn|5\n|\n|t:|1606527268\n|switch|p1a: Tangrowth|Tangrowth, F|100\/100\n|move|p2a: Spice Girl|Quiver Dance|p2a: Spice Girl\n|-boost|p2a: Spice Girl|spa|1\n|-boost|p2a: Spice Girl|spd|1\n|-boost|p2a: Spice Girl|spe|1\n|\n|-damage|p2a: Spice Girl|37\/100 psn|[from] psn\n|upkeep\n|turn|6\n|\n|t:|1606527278\n|move|p2a: Spice Girl|Ice Beam|p1a: Tangrowth\n|-supereffective|p1a: Tangrowth\n|-damage|p1a: Tangrowth|0 fnt\n|-damage|p2a: Spice Girl|27\/100 psn|[from] item: Life Orb\n|faint|p1a: Tangrowth\n|-ability|p2a: Spice Girl|Beast Boost|boost\n|-boost|p2a: Spice Girl|spa|1\n|\n|-damage|p2a: Spice Girl|14\/100 psn|[from] psn\n|upkeep\n|\n|t:|1606527290\n|switch|p1a: Cinderace|Cinderace, F|100\/100\n|turn|7\n|\n|t:|1606527353\n|switch|p1a: Toxapex|Toxapex, F|100\/100\n|move|p2a: Spice Girl|Quiver Dance|p2a: Spice Girl\n|-boost|p2a: Spice Girl|spa|1\n|-boost|p2a: Spice Girl|spd|1\n|-boost|p2a: Spice Girl|spe|1\n|\n|-damage|p2a: Spice Girl|2\/100 psn|[from] psn\n|upkeep\n|turn|8\n|\n|t:|1606527369\n|switch|p1a: Tornadus|Tornadus-Therian, M|100\/100\n|move|p2a: Spice Girl|Shock Wave|p1a: Tornadus\n|-supereffective|p1a: Tornadus\n|-damage|p1a: Tornadus|0 fnt\n|-damage|p2a: Spice Girl|0 fnt|[from] item: Life Orb\n|faint|p1a: Tornadus\n|faint|p2a: Spice Girl\n|\n|upkeep\n|\n|t:|1606527382\n|switch|p2a: Scary Monsters|Grimmsnarl, M|100\/100\n|switch|p1a: Buzzwole|Buzzwole|100\/100\n|-status|p2a: Scary Monsters|psn\n|turn|9\n|\n|t:|1606527386\n|switch|p1a: Toxapex|Toxapex, F|100\/100\n|move|p2a: Scary Monsters|Taunt|p1a: Toxapex\n|-start|p1a: Toxapex|move: Taunt\n|\n|-damage|p2a: Scary Monsters|88\/100 psn|[from] psn\n|upkeep\n|turn|10\n|\n|t:|1606527389\n|move|p2a: Scary Monsters|Light Screen|p2a: Scary Monsters\n|-sidestart|p2: Blastoise Expert|move: Light Screen\n|move|p1a: Toxapex|Scald|p2a: Scary Monsters\n|-damage|p2a: Scary Monsters|81\/100 psn\n|\n|-damage|p2a: Scary Monsters|69\/100 psn|[from] psn\n|upkeep\n|turn|11\n|\n|t:|1606527392\n|move|p2a: Scary Monsters|Thunder Wave|p1a: Toxapex\n|-status|p1a: Toxapex|par\n|move|p1a: Toxapex|Scald|p2a: Scary Monsters\n|-damage|p2a: Scary Monsters|63\/100 psn\n|\n|-damage|p2a: Scary Monsters|50\/100 psn|[from] psn\n|-end|p1a: Toxapex|move: Taunt\n|upkeep\n|turn|12\n|\n|t:|1606527395\n|move|p2a: Scary Monsters|Taunt|p1a: Toxapex\n|-start|p1a: Toxapex|move: Taunt\n|move|p1a: Toxapex|Scald|p2a: Scary Monsters\n|-damage|p2a: Scary Monsters|44\/100 psn\n|\n|-damage|p2a: Scary Monsters|32\/100 psn|[from] psn\n|upkeep\n|turn|13\n|\n|t:|1606527399\n|move|p2a: Scary Monsters|Reflect|p2a: Scary Monsters\n|-sidestart|p2: Blastoise Expert|Reflect\n|move|p1a: Toxapex|Scald|p2a: Scary Monsters\n|-damage|p2a: Scary Monsters|26\/100 psn\n|\n|-damage|p2a: Scary Monsters|13\/100 psn|[from] psn\n|upkeep\n|turn|14\n|\n|t:|1606527404\n|switch|p2a: Cinderella|Magearna|100\/100\n|move|p1a: Toxapex|Scald|p2a: Cinderella\n|-damage|p2a: Cinderella|94\/100\n|-status|p2a: Cinderella|brn\n|\n|-heal|p2a: Cinderella|99\/100 brn|[from] item: Leftovers\n|-damage|p2a: Cinderella|94\/100 brn|[from] brn\n|-end|p1a: Toxapex|move: Taunt\n|upkeep\n|turn|15\n|\n|t:|1606527407\n|switch|p1a: Cinderace|Cinderace, F|100\/100\n|move|p2a: Cinderella|Shift Gear|p2a: Cinderella\n|-boost|p2a: Cinderella|spe|2\n|-boost|p2a: Cinderella|atk|1\n|\n|-heal|p2a: Cinderella|99\/100 brn|[from] item: Leftovers\n|-damage|p2a: Cinderella|94\/100 brn|[from] brn\n|upkeep\n|turn|16\n|\n|t:|1606527411\n|move|p1a: Cinderace|Pyro Ball|p2a: Cinderella\n|-supereffective|p2a: Cinderella\n|-damage|p2a: Cinderella|44\/100 brn\n|move|p2a: Cinderella|Calm Mind|p2a: Cinderella\n|-boost|p2a: Cinderella|spa|1\n|-boost|p2a: Cinderella|spd|1\n|\n|-heal|p2a: Cinderella|50\/100 brn|[from] item: Leftovers\n|-damage|p2a: Cinderella|44\/100 brn|[from] brn\n|upkeep\n|turn|17\n|\n|t:|1606527414\n|move|p1a: Cinderace|Pyro Ball|p2a: Cinderella|[miss]\n|-miss|p1a: Cinderace|p2a: Cinderella\n|move|p2a: Cinderella|Stored Power|p1a: Cinderace\n|-damage|p1a: Cinderace|2\/100\n|\n|-heal|p2a: Cinderella|50\/100 brn|[from] item: Leftovers\n|-damage|p2a: Cinderella|44\/100 brn|[from] brn\n|-sideend|p2: Blastoise Expert|move: Light Screen\n|upkeep\n|turn|18\n|\n|t:|1606527423\n|switch|p2a: Ocean Man|Gastrodon-East, F|100\/100\n|-status|p2a: Ocean Man|psn\n|move|p1a: Cinderace|Pyro Ball|p2a: Ocean Man\n|-resisted|p2a: Ocean Man\n|-damage|p2a: Ocean Man|90\/100 psn\n|\n|-heal|p2a: Ocean Man|96\/100 psn|[from] item: Leftovers\n|-damage|p2a: Ocean Man|84\/100 psn|[from] psn\n|upkeep\n|turn|19\n|c|\u2606I'M AT MY LIMIT!|I can relate\n|-message|I'M AT MY LIMIT! forfeited.\n|\n|win|Blastoise Expert\n|l| PenguinMLESJ\n|l|\u2606Blastoise Expert\n","uploadtime":1606527551,"views":34,"p1id":"imatmylimit","p2id":"blastoiseexpert","formatid":"gen8ou","rating":0,"private":0,"password":null}