{"id":"gen8ou-1420636791","p1":"cump2","p2":"PrettyHugeDolphin","format":"gen8ou","log":"|j|\u2606cump2\n|j|\u2606PrettyHugeDolphin\n|t:|1632164512\n|gametype|singles\n|player|p1|cump2|169|1267\n|player|p2|PrettyHugeDolphin|veteran|1269\n|teamsize|p1|6\n|teamsize|p2|6\n|gen|8\n|tier|[Gen 8] OU\n|rated|\n|rule|Sleep Clause Mod: Limit one foe put to sleep\n|rule|Species Clause: Limit one of each Pok\u00e9mon\n|rule|OHKO Clause: OHKO moves are banned\n|rule|Evasion Moves Clause: Evasion moves are banned\n|rule|Endless Battle Clause: Forcing endless battles is banned\n|rule|HP Percentage Mod: HP is shown in percentages\n|rule|Dynamax Clause: You cannot dynamax\n|clearpoke\n|poke|p1|Mew|\n|poke|p1|Zapdos-Galar|\n|poke|p1|Garchomp, M|\n|poke|p1|Necrozma|\n|poke|p1|Volcarona, F|\n|poke|p1|Zeraora|\n|poke|p2|Tsareena, F|\n|poke|p2|Grimmsnarl, M|\n|poke|p2|Polteageist-Antique|\n|poke|p2|Drampa, M|\n|poke|p2|Shedinja|\n|poke|p2|Cloyster, F|\n|teampreview\n|inactive|Battle timer is ON: inactive players will automatically lose when time's up. (requested by PrettyHugeDolphin)\n|\n|t:|1632164518\n|start\n|switch|p1a: Mew|Mew, shiny|100\/100\n|switch|p2a: Grimmsnarl|Grimmsnarl, M|100\/100\n|turn|1\n|\n|t:|1632164521\n|move|p2a: Grimmsnarl|Taunt|p1a: Mew\n|-start|p1a: Mew|move: Taunt\n|cant|p1a: Mew|move: Taunt|Taunt\n|\n|upkeep\n|turn|2\n|\n|t:|1632164528\n|switch|p1a: Zapdos|Zapdos-Galar|100\/100\n|move|p2a: Grimmsnarl|Spirit Break|p1a: Zapdos\n|-supereffective|p1a: Zapdos\n|-damage|p1a: Zapdos|33\/100\n|-unboost|p1a: Zapdos|spa|1\n|-ability|p1a: Zapdos|Defiant\n|-boost|p1a: Zapdos|atk|2\n|\n|upkeep\n|turn|3\n|\n|t:|1632164532\n|move|p2a: Grimmsnarl|Reflect|p2a: Grimmsnarl\n|-sidestart|p2: PrettyHugeDolphin|Reflect\n|move|p1a: Zapdos|Brave Bird|p2a: Grimmsnarl\n|-damage|p2a: Grimmsnarl|0 fnt\n|faint|p2a: Grimmsnarl\n|-damage|p1a: Zapdos|0 fnt|[from] Recoil\n|faint|p1a: Zapdos\n|\n|upkeep\n|\n|t:|1632164544\n|switch|p1a: Mew|Mew, shiny|100\/100\n|switch|p2a: Polteageist|Polteageist-Antique|100\/100\n|turn|4\n|\n|t:|1632164547\n|move|p1a: Mew|Taunt|p2a: Polteageist\n|-start|p2a: Polteageist|move: Taunt\n|cant|p2a: Polteageist|move: Taunt|Shell Smash\n|\n|upkeep\n|turn|5\n|\n|t:|1632164550\n|move|p1a: Mew|Stealth Rock|p2a: Polteageist\n|-sidestart|p2: PrettyHugeDolphin|move: Stealth Rock\n|move|p2a: Polteageist|Shadow Ball|p1a: Mew\n|-supereffective|p1a: Mew\n|-damage|p1a: Mew|32\/100\n|-enditem|p1a: Mew|Red Card|[of] p2a: Polteageist\n|drag|p2a: Cloyster|Cloyster, F|100\/100\n|-damage|p2a: Cloyster|76\/100|[from] Stealth Rock\n|\n|upkeep\n|turn|6\n|\n|t:|1632164559\n|move|p1a: Mew|Taunt|p2a: Cloyster\n|-start|p2a: Cloyster|move: Taunt\n|cant|p2a: Cloyster|move: Taunt|Shell Smash\n|\n|upkeep\n|turn|7\n|\n|t:|1632164562\n|move|p1a: Mew|Spikes|p2a: Cloyster\n|-sidestart|p2: PrettyHugeDolphin|Spikes\n|move|p2a: Cloyster|Icicle Spear|p1a: Mew\n|-damage|p1a: Mew|23\/100\n|-damage|p1a: Mew|14\/100\n|-damage|p1a: Mew|4\/100\n|-damage|p1a: Mew|0 fnt\n|faint|p1a: Mew\n|-hitcount|p1: Mew|4\n|\n|upkeep\n|\n|t:|1632164569\n|switch|p1a: Volcarona|Volcarona, F, shiny|100\/100\n|turn|8\n|\n|t:|1632164571\n|move|p1a: Volcarona|Giga Drain|p2a: Cloyster\n|-supereffective|p2a: Cloyster\n|-damage|p2a: Cloyster|0 fnt\n|faint|p2a: Cloyster\n|\n|upkeep\n|\n|t:|1632164578\n|switch|p2a: Tsareena|Tsareena, F|100\/100\n|-damage|p2a: Tsareena|88\/100|[from] Stealth Rock\n|-damage|p2a: Tsareena|76\/100|[from] Spikes\n|turn|9\n|\n|t:|1632164580\n|move|p1a: Volcarona|Flamethrower|p2a: Tsareena\n|-supereffective|p2a: Tsareena\n|-damage|p2a: Tsareena|0 fnt\n|faint|p2a: Tsareena\n|\n|upkeep\n|\n|t:|1632164587\n|switch|p2a: Drampa|Drampa, M|100\/100\n|-damage|p2a: Drampa|88\/100|[from] Spikes\n|-damage|p2a: Drampa|75\/100|[from] Stealth Rock\n|turn|10\n|\n|t:|1632164595\n|switch|p1a: Garchomp|Garchomp, M|100\/100\n|move|p2a: Drampa|Calm Mind|p2a: Drampa\n|-boost|p2a: Drampa|spa|1\n|-boost|p2a: Drampa|spd|1\n|\n|-heal|p2a: Drampa|82\/100|[from] item: Leftovers\n|-sideend|p2: PrettyHugeDolphin|Reflect\n|upkeep\n|turn|11\n|\n|t:|1632164598\n|move|p1a: Garchomp|Scale Shot|p2a: Drampa\n|-supereffective|p2a: Drampa\n|-damage|p2a: Drampa|63\/100\n|-supereffective|p2a: Drampa\n|-damage|p2a: Drampa|43\/100\n|-hitcount|p2a: Drampa|2\n|-ability|p2a: Drampa|Berserk|boost\n|-boost|p2a: Drampa|spa|1\n|-unboost|p1a: Garchomp|def|1\n|-boost|p1a: Garchomp|spe|1\n|move|p2a: Drampa|Roost|p2a: Drampa\n|-heal|p2a: Drampa|93\/100\n|-singleturn|p2a: Drampa|move: Roost\n|\n|-heal|p2a: Drampa|99\/100|[from] item: Leftovers\n|upkeep\n|turn|12\n|\n|t:|1632164607\n|move|p1a: Garchomp|Swords Dance|p1a: Garchomp\n|-boost|p1a: Garchomp|atk|2\n|move|p2a: Drampa|Dragon Pulse|p1a: Garchomp\n|-supereffective|p1a: Garchomp\n|-damage|p1a: Garchomp|0 fnt\n|faint|p1a: Garchomp\n|\n|-heal|p2a: Drampa|100\/100|[from] item: Leftovers\n|upkeep\n|\n|t:|1632164614\n|switch|p1a: Zeraora|Zeraora, shiny|100\/100\n|turn|13\n|\n|t:|1632164620\n|move|p1a: Zeraora|Close Combat|p2a: Drampa\n|-supereffective|p2a: Drampa\n|-damage|p2a: Drampa|41\/100\n|-unboost|p1a: Zeraora|def|1\n|-unboost|p1a: Zeraora|spd|1\n|-ability|p2a: Drampa|Berserk|boost\n|-boost|p2a: Drampa|spa|1\n|move|p2a: Drampa|Dragon Pulse|p1a: Zeraora\n|-damage|p1a: Zeraora|0 fnt\n|faint|p1a: Zeraora\n|\n|-heal|p2a: Drampa|47\/100|[from] item: Leftovers\n|upkeep\n|\n|t:|1632164629\n|switch|p1a: Necrozma|Necrozma|100\/100\n|turn|14\n|\n|t:|1632164632\n|move|p1a: Necrozma|Dragon Dance|p1a: Necrozma\n|-boost|p1a: Necrozma|atk|1\n|-boost|p1a: Necrozma|spe|1\n|move|p2a: Drampa|Roost|p2a: Drampa\n|-heal|p2a: Drampa|97\/100\n|-singleturn|p2a: Drampa|move: Roost\n|\n|-heal|p2a: Drampa|100\/100|[from] item: Leftovers\n|upkeep\n|turn|15\n|\n|t:|1632164638\n|move|p1a: Necrozma|Dragon Dance|p1a: Necrozma\n|-boost|p1a: Necrozma|atk|1\n|-boost|p1a: Necrozma|spe|1\n|move|p2a: Drampa|Dragon Pulse|p1a: Necrozma\n|-damage|p1a: Necrozma|6\/100\n|\n|upkeep\n|turn|16\n|\n|t:|1632164641\n|move|p1a: Necrozma|Photon Geyser|p2a: Drampa\n|-damage|p2a: Drampa|46\/100\n|-ability|p2a: Drampa|Berserk|boost\n|-boost|p2a: Drampa|spa|1\n|move|p2a: Drampa|Dragon Pulse|p1a: Necrozma\n|-damage|p1a: Necrozma|0 fnt\n|faint|p1a: Necrozma\n|\n|-heal|p2a: Drampa|52\/100|[from] item: Leftovers\n|upkeep\n|-message|cump2 forfeited.\n|\n|win|PrettyHugeDolphin\n|raw|cump2's rating: 1267 &rarr; <strong>1242<\/strong><br \/>(-25 for losing)\n|raw|PrettyHugeDolphin's rating: 1269 &rarr; <strong>1294<\/strong><br \/>(+25 for winning)\n|l|\u2606cump2\n||Ladder isn't responding, score probably updated but might not have (Request timeout).\n","uploadtime":1632164698,"views":27,"p1id":"cump2","p2id":"prettyhugedolphin","formatid":"gen8ou","rating":1242,"private":0,"password":null}