{"id":"gen8ou-1631887293","p1":"LT91BB AYT","p2":"kazt 5","format":"gen8ou","log":"|raw|<div class=\"broadcast-blue\"><strong>This battle is required to be public due to a player having a name starting with 'lt91bb'.<\/div>\n|j|\u2606LT91BB AYT\n|j|\u2606kazt 5\n|t:|1659591748\n|gametype|singles\n|player|p1|LT91BB AYT|steven|1764\n|player|p2|kazt 5|acetrainersnowf|1730\n|teamsize|p1|6\n|teamsize|p2|6\n|gen|8\n|tier|[Gen 8] OU\n|rated|\n|rule|Sleep Clause Mod: Limit one foe put to sleep\n|rule|Species Clause: Limit one of each Pok\u00e9mon\n|rule|OHKO Clause: OHKO moves are banned\n|rule|Evasion Items Clause: Evasion items are banned\n|rule|Evasion Moves Clause: Evasion moves are banned\n|rule|Endless Battle Clause: Forcing endless battles is banned\n|rule|HP Percentage Mod: HP is shown in percentages\n|rule|Dynamax Clause: You cannot dynamax\n|clearpoke\n|poke|p1|Ninetales-Alola, F|\n|poke|p1|Arctozolt|\n|poke|p1|Tapu Fini|\n|poke|p1|Landorus-Therian, M|\n|poke|p1|Heatran, F|\n|poke|p1|Tornadus-Therian, M|\n|poke|p2|Heatran, M|\n|poke|p2|Heracross, M|\n|poke|p2|Landorus-Therian, M|\n|poke|p2|Slowbro, M|\n|poke|p2|Mandibuzz, F|\n|poke|p2|Gengar, M|\n|teampreview\n|\n|t:|1659591753\n|start\n|switch|p1a: Tornadus|Tornadus-Therian, M|100\/100\n|switch|p2a: Heatran|Heatran, M|100\/100\n|turn|1\n|inactive|Battle timer is ON: inactive players will automatically lose when time's up. (requested by kazt 5)\n|\n|t:|1659591756\n|move|p1a: Tornadus|Knock Off|p2a: Heatran\n|-damage|p2a: Heatran|84\/100\n|-enditem|p2a: Heatran|Leftovers|[from] move: Knock Off|[of] p1a: Tornadus\n|move|p2a: Heatran|Magma Storm|p1a: Tornadus\n|-damage|p1a: Tornadus|71\/100\n|-activate|p1a: Tornadus|move: Magma Storm|[of] p2a: Heatran\n|\n|-damage|p1a: Tornadus|58\/100|[from] move: Magma Storm|[partiallytrapped]\n|upkeep\n|turn|2\n|\n|t:|1659591762\n|move|p1a: Tornadus|U-turn|p2a: Heatran\n|-resisted|p2a: Heatran\n|-damage|p2a: Heatran|81\/100\n|\n|t:|1659591764\n|switch|p1a: Landorus|Landorus-Therian, M|100\/100|[from]move: U-turn\n|-ability|p1a: Landorus|Intimidate|boost\n|-unboost|p2a: Heatran|atk|1\n|move|p2a: Heatran|Stealth Rock|p1a: Landorus\n|-sidestart|p1: LT91BB AYT|move: Stealth Rock\n|\n|upkeep\n|turn|3\n|\n|t:|1659591767\n|move|p1a: Landorus|Defog|p2a: Heatran\n|-unboost|p2a: Heatran|evasion|1\n|-sideend|p1: LT91BB AYT|Stealth Rock|[from] move: Defog|[of] p1a: Landorus\n|move|p2a: Heatran|Taunt|p1a: Landorus\n|-start|p1a: Landorus|move: Taunt\n|\n|upkeep\n|turn|4\n|\n|t:|1659591772\n|switch|p2a: Slowbro|Slowbro, M|100\/100\n|move|p1a: Landorus|U-turn|p2a: Slowbro\n|-supereffective|p2a: Slowbro\n|-damage|p2a: Slowbro|72\/100\n|-damage|p1a: Landorus|84\/100|[from] item: Rocky Helmet|[of] p2a: Slowbro\n|\n|t:|1659591779\n|switch|p1a: Heatran|Heatran, F|100\/100|[from]move: U-turn\n|\n|upkeep\n|turn|5\n|\n|t:|1659591782\n|move|p1a: Heatran|Toxic|p2a: Slowbro|[miss]\n|-miss|p1a: Heatran|p2a: Slowbro\n|move|p2a: Slowbro|Scald|p1a: Heatran\n|-supereffective|p1a: Heatran\n|-damage|p1a: Heatran|56\/100\n|\n|-heal|p1a: Heatran|63\/100|[from] item: Leftovers\n|upkeep\n|turn|6\n|\n|t:|1659591784\n|switch|p2a: Heatran|Heatran, M|81\/100\n|move|p1a: Heatran|Stealth Rock|p2a: Heatran\n|-sidestart|p2: kazt 5|move: Stealth Rock\n|\n|-heal|p1a: Heatran|69\/100|[from] item: Leftovers\n|upkeep\n|turn|7\n|\n|t:|1659591787\n|move|p1a: Heatran|Earth Power|p2a: Heatran\n|-supereffective|p2a: Heatran\n|-damage|p2a: Heatran|10\/100\n|move|p2a: Heatran|Earth Power|p1a: Heatran\n|-supereffective|p1a: Heatran\n|-damage|p1a: Heatran|0 fnt\n|faint|p1a: Heatran\n|\n|upkeep\n|\n|t:|1659591794\n|switch|p1a: Tornadus|Tornadus-Therian, M|91\/100\n|turn|8\n|\n|t:|1659591799\n|switch|p2a: Mandibuzz|Mandibuzz, F|100\/100\n|move|p1a: Tornadus|Knock Off|p2a: Mandibuzz\n|-resisted|p2a: Mandibuzz\n|-damage|p2a: Mandibuzz|95\/100\n|-enditem|p2a: Mandibuzz|Heavy-Duty Boots|[from] move: Knock Off|[of] p1a: Tornadus\n|\n|upkeep\n|turn|9\n|\n|t:|1659591804\n|switch|p1a: Ninetales|Ninetales-Alola, F|100\/100\n|-weather|Hail|[from] ability: Snow Warning|[of] p1a: Ninetales\n|move|p2a: Mandibuzz|Defog|p1a: Ninetales\n|-unboost|p1a: Ninetales|evasion|1\n|-sideend|p2: kazt 5|Stealth Rock|[from] move: Defog|[of] p2a: Mandibuzz\n|\n|-weather|Hail|[upkeep]\n|upkeep\n|turn|10\n|\n|t:|1659591809\n|switch|p2a: Gengar|Gengar, M|100\/100\n|move|p1a: Ninetales|Aurora Veil|p1a: Ninetales\n|-sidestart|p1: LT91BB AYT|move: Aurora Veil\n|\n|-weather|Hail|[upkeep]\n|-damage|p2a: Gengar|94\/100|[from] Hail\n|upkeep\n|turn|11\n|\n|t:|1659591815\n|switch|p1a: Tornadus|Tornadus-Therian, M|100\/100\n|move|p2a: Gengar|Trick|p1a: Tornadus\n|-activate|p2a: Gengar|move: Trick|[of] p1a: Tornadus\n|-item|p1a: Tornadus|Choice Specs|[from] move: Trick\n|-item|p2a: Gengar|Assault Vest|[from] move: Trick\n|\n|-weather|Hail|[upkeep]\n|-damage|p1a: Tornadus|94\/100|[from] Hail\n|-damage|p2a: Gengar|88\/100|[from] Hail\n|upkeep\n|turn|12\n|\n|t:|1659591822\n|switch|p2a: Heracross|Heracross, M|100\/100\n|move|p1a: Tornadus|U-turn|p2a: Heracross\n|-resisted|p2a: Heracross\n|-damage|p2a: Heracross|91\/100\n|\n|t:|1659591830\n|switch|p1a: Landorus|Landorus-Therian, M|84\/100|[from]move: U-turn\n|-ability|p1a: Landorus|Intimidate|boost\n|-unboost|p2a: Heracross|atk|1\n|\n|-weather|Hail|[upkeep]\n|-damage|p1a: Landorus|78\/100|[from] Hail\n|-damage|p2a: Heracross|85\/100|[from] Hail\n|-heal|p1a: Landorus|84\/100|[from] item: Leftovers\n|-status|p2a: Heracross|brn|[from] item: Flame Orb\n|upkeep\n|turn|13\n|\n|t:|1659591837\n|switch|p2a: Landorus|Landorus-Therian, M|100\/100\n|-ability|p2a: Landorus|Intimidate|boost\n|-unboost|p1a: Landorus|atk|1\n|move|p1a: Landorus|Defog|p2a: Landorus\n|-unboost|p2a: Landorus|evasion|1\n|\n|-weather|Hail|[upkeep]\n|-damage|p2a: Landorus|95\/100|[from] Hail\n|-damage|p1a: Landorus|78\/100|[from] Hail\n|-heal|p1a: Landorus|84\/100|[from] item: Leftovers\n|upkeep\n|turn|14\n|j| wftsgdgxys\n|\n|t:|1659591845\n|switch|p1a: Arctozolt|Arctozolt|100\/100\n|move|p2a: Landorus|U-turn|p1a: Arctozolt\n|-damage|p1a: Arctozolt|86\/100\n|l| wftsgdgxys\n|inactive|kazt 5 has 120 seconds left.\n|\n|t:|1659591885\n|switch|p2a: Slowbro|Slowbro, M|100\/100|[from]move: U-turn\n|\n|-weather|Hail|[upkeep]\n|-damage|p2a: Slowbro|94\/100|[from] Hail\n|-heal|p1a: Arctozolt|92\/100|[from] item: Leftovers\n|-sideend|p1: LT91BB AYT|move: Aurora Veil\n|upkeep\n|turn|15\n|\n|t:|1659591892\n|move|p1a: Arctozolt|Substitute|p1a: Arctozolt\n|-start|p1a: Arctozolt|Substitute\n|-damage|p1a: Arctozolt|67\/100\n|move|p2a: Slowbro|Scald|p1a: Arctozolt\n|-end|p1a: Arctozolt|Substitute\n|\n|-weather|Hail|[upkeep]\n|-damage|p2a: Slowbro|88\/100|[from] Hail\n|-heal|p1a: Arctozolt|73\/100|[from] item: Leftovers\n|upkeep\n|turn|16\n|inactive|kazt 5 has 120 seconds left.\n|\n|t:|1659591904\n|move|p1a: Arctozolt|Bolt Beak|p2a: Slowbro\n|-supereffective|p2a: Slowbro\n|-damage|p2a: Slowbro|0 fnt\n|-damage|p1a: Arctozolt|57\/100|[from] item: Rocky Helmet|[of] p2a: Slowbro\n|faint|p2a: Slowbro\n|\n|-weather|none\n|-heal|p1a: Arctozolt|63\/100|[from] item: Leftovers\n|upkeep\n|\n|t:|1659591909\n|switch|p2a: Gengar|Gengar, M|88\/100\n|turn|17\n|\n|t:|1659591911\n|switch|p1a: Tornadus|Tornadus-Therian, M|100\/100\n|move|p2a: Gengar|Sludge Wave|p1a: Tornadus\n|-damage|p1a: Tornadus|50\/100\n|\n|upkeep\n|turn|18\n|\n|t:|1659591917\n|move|p1a: Tornadus|Knock Off|p2a: Gengar\n|-supereffective|p2a: Gengar\n|-damage|p2a: Gengar|5\/100\n|-start|p1a: Tornadus|Disable|Knock Off|[from] ability: Cursed Body|[of] p2a: Gengar\n|-enditem|p2a: Gengar|Assault Vest|[from] move: Knock Off|[of] p1a: Tornadus\n|move|p2a: Gengar|Sludge Wave|p1a: Tornadus\n|-damage|p1a: Tornadus|0 fnt\n|faint|p1a: Tornadus\n|\n|upkeep\n|\n|t:|1659591920\n|switch|p1a: Ninetales|Ninetales-Alola, F|100\/100\n|-weather|Hail|[from] ability: Snow Warning|[of] p1a: Ninetales\n|turn|19\n|\n|t:|1659591937\n|switch|p1a: Landorus|Landorus-Therian, M|84\/100\n|-ability|p1a: Landorus|Intimidate|boost\n|-unboost|p2a: Gengar|atk|1\n|move|p2a: Gengar|Trick|p1a: Landorus\n|-activate|p2a: Gengar|move: Trick|[of] p1a: Landorus\n|-enditem|p1a: Landorus|Leftovers|[silent]|[from] move: Trick\n|-item|p2a: Gengar|Leftovers|[from] move: Trick\n|\n|-weather|Hail|[upkeep]\n|-damage|p2a: Gengar|0 fnt|[from] Hail\n|-damage|p1a: Landorus|78\/100|[from] Hail\n|faint|p2a: Gengar\n|upkeep\n|\n|t:|1659591945\n|switch|p2a: Heracross|Heracross, M|85\/100 brn\n|turn|20\n|\n|t:|1659591951\n|move|p1a: Landorus|Earthquake|p2a: Heracross\n|-resisted|p2a: Heracross\n|-damage|p2a: Heracross|46\/100 brn\n|move|p2a: Heracross|Facade|p1a: Landorus\n|-damage|p1a: Landorus|0 fnt\n|faint|p1a: Landorus\n|\n|-weather|Hail|[upkeep]\n|-damage|p2a: Heracross|40\/100 brn|[from] Hail\n|-damage|p2a: Heracross|34\/100 brn|[from] brn\n|upkeep\n|\n|t:|1659591953\n|switch|p1a: Arctozolt|Arctozolt|63\/100\n|turn|21\n|\n|t:|1659591959\n|switch|p2a: Heatran|Heatran, M|10\/100\n|move|p1a: Arctozolt|Icicle Crash|p2a: Heatran|[miss]\n|-miss|p1a: Arctozolt|p2a: Heatran\n|\n|-weather|Hail|[upkeep]\n|-damage|p2a: Heatran|4\/100|[from] Hail\n|-heal|p1a: Arctozolt|69\/100|[from] item: Leftovers\n|upkeep\n|turn|22\n|\n|t:|1659591965\n|move|p1a: Arctozolt|Icicle Crash|p2a: Heatran\n|-resisted|p2a: Heatran\n|-damage|p2a: Heatran|0 fnt\n|faint|p2a: Heatran\n|\n|-weather|Hail|[upkeep]\n|-heal|p1a: Arctozolt|75\/100|[from] item: Leftovers\n|upkeep\n|\n|t:|1659591970\n|switch|p2a: Landorus|Landorus-Therian, M|95\/100\n|-ability|p2a: Landorus|Intimidate|boost\n|-unboost|p1a: Arctozolt|atk|1\n|turn|23\n|\n|t:|1659591972\n|move|p2a: Landorus|Earthquake|p1a: Arctozolt\n|-supereffective|p1a: Arctozolt\n|-damage|p1a: Arctozolt|0 fnt\n|faint|p1a: Arctozolt\n|\n|-weather|Hail|[upkeep]\n|-damage|p2a: Landorus|89\/100|[from] Hail\n|upkeep\n|\n|t:|1659591976\n|switch|p1a: Tapu Fini|Tapu Fini|100\/100\n|-fieldstart|move: Misty Terrain|[from] ability: Misty Surge|[of] p1a: Tapu Fini\n|turn|24\n|\n|t:|1659591978\n|move|p2a: Landorus|Earthquake|p1a: Tapu Fini\n|-damage|p1a: Tapu Fini|57\/100\n|move|p1a: Tapu Fini|Surf|p2a: Landorus\n|-supereffective|p2a: Landorus\n|-damage|p2a: Landorus|13\/100\n|\n|-weather|Hail|[upkeep]\n|-damage|p2a: Landorus|7\/100|[from] Hail\n|-damage|p1a: Tapu Fini|51\/100|[from] Hail\n|-heal|p1a: Tapu Fini|57\/100|[from] item: Leftovers\n|upkeep\n|turn|25\n|\n|t:|1659591984\n|switch|p2a: Mandibuzz|Mandibuzz, F|95\/100\n|move|p1a: Tapu Fini|Moonblast|p2a: Mandibuzz\n|-supereffective|p2a: Mandibuzz\n|-damage|p2a: Mandibuzz|47\/100\n|\n|-weather|Hail|[upkeep]\n|-damage|p1a: Tapu Fini|51\/100|[from] Hail\n|-heal|p1a: Tapu Fini|57\/100|[from] item: Leftovers\n|upkeep\n|turn|26\n|\n|t:|1659591989\n|move|p1a: Tapu Fini|Moonblast|p2a: Mandibuzz\n|-supereffective|p2a: Mandibuzz\n|-damage|p2a: Mandibuzz|0 fnt\n|faint|p2a: Mandibuzz\n|\n|-weather|none\n|-heal|p1a: Tapu Fini|64\/100|[from] item: Leftovers\n|upkeep\n|\n|t:|1659591992\n|switch|p2a: Heracross|Heracross, M|34\/100 brn\n|turn|27\n|\n|t:|1659591994\n|switch|p1a: Ninetales|Ninetales-Alola, F|100\/100\n|-weather|Hail|[from] ability: Snow Warning|[of] p1a: Ninetales\n|move|p2a: Heracross|Facade|p1a: Ninetales\n|-crit|p1a: Ninetales\n|-damage|p1a: Ninetales|0 fnt\n|faint|p1a: Ninetales\n|\n|-weather|Hail|[upkeep]\n|-damage|p2a: Heracross|28\/100 brn|[from] Hail\n|-damage|p2a: Heracross|22\/100 brn|[from] brn\n|upkeep\n|\n|t:|1659591998\n|switch|p1a: Tapu Fini|Tapu Fini|64\/100\n|turn|28\n|\n|t:|1659592000\n|move|p2a: Heracross|Facade|p1a: Tapu Fini\n|-damage|p1a: Tapu Fini|1\/100\n|move|p1a: Tapu Fini|Moonblast|p2a: Heracross\n|-supereffective|p2a: Heracross\n|-damage|p2a: Heracross|0 fnt\n|faint|p2a: Heracross\n|\n|-weather|Hail|[upkeep]\n|-damage|p1a: Tapu Fini|0 fnt|[from] Hail\n|faint|p1a: Tapu Fini\n|\n|win|kazt 5\n|upkeep\n|raw|LT91BB AYT's rating: 1764 &rarr; <strong>1742<\/strong><br \/>(-22 for losing)\n|raw|kazt 5's rating: 1730 &rarr; <strong>1752<\/strong><br \/>(+22 for winning)\n|l|\u2606LT91BB AYT\n","uploadtime":1659592010,"views":80,"p1id":"lt91bbayt","p2id":"kazt5","formatid":"gen8ou","rating":1742,"private":0,"password":null}