{"id":"gen8ou-1642483636","p1":"Mimikyu Stardust","p2":"lt93oq sakana","format":"gen8ou","log":"|raw|<div class=\"broadcast-blue\"><strong>This battle is required to be public due to a player having a name starting with 'lt93oq'.<\/div>\n|j|\u2606Mimikyu Stardust\n|j|\u2606lt93oq sakana\n|t:|1660832714\n|gametype|singles\n|player|p1|Mimikyu Stardust|#wcop2022asia|1773\n|player|p2|lt93oq sakana|sabrina|1792\n|teamsize|p1|6\n|teamsize|p2|6\n|gen|8\n|tier|[Gen 8] OU\n|rated|\n|rule|Sleep Clause Mod: Limit one foe put to sleep\n|rule|Species Clause: Limit one of each Pok\u00e9mon\n|rule|OHKO Clause: OHKO moves are banned\n|rule|Evasion Items Clause: Evasion items are banned\n|rule|Evasion Moves Clause: Evasion moves are banned\n|rule|Endless Battle Clause: Forcing endless battles is banned\n|rule|HP Percentage Mod: HP is shown in percentages\n|rule|Dynamax Clause: You cannot dynamax\n|clearpoke\n|poke|p1|Mew|\n|poke|p1|Lycanroc-Dusk, M|\n|poke|p1|Garchomp, F|\n|poke|p1|Blacephalon|\n|poke|p1|Nihilego|\n|poke|p1|Kartana|\n|poke|p2|Toxapex, F|\n|poke|p2|Tornadus-Therian, M|\n|poke|p2|Hippowdon, M|\n|poke|p2|Clefable, M|\n|poke|p2|Corviknight, F|\n|poke|p2|Blissey, F|\n|teampreview\n|inactive|Battle timer is ON: inactive players will automatically lose when time's up. (requested by lt93oq sakana)\n|\n|t:|1660832723\n|start\n|switch|p1a: Lycanroc|Lycanroc-Dusk, M|100\/100\n|switch|p2a: Tornadus|Tornadus-Therian, M|100\/100\n|turn|1\n|j| antistalldestroye\n|\n|t:|1660832734\n|switch|p2a: Toxapex|Toxapex, F|100\/100\n|move|p1a: Lycanroc|Stone Edge|p2a: Toxapex|[miss]\n|-miss|p1a: Lycanroc|p2a: Toxapex\n|\n|upkeep\n|turn|2\n|\n|t:|1660832740\n|move|p1a: Lycanroc|Swords Dance|p1a: Lycanroc\n|-boost|p1a: Lycanroc|atk|2\n|move|p2a: Toxapex|Toxic Spikes|p1a: Lycanroc\n|-sidestart|p1: Mimikyu Stardust|move: Toxic Spikes\n|\n|upkeep\n|turn|3\n|\n|t:|1660832746\n|switch|p2a: Clefable|Clefable, M|100\/100\n|move|p1a: Lycanroc|Stone Edge|p2a: Clefable\n|-damage|p2a: Clefable|59\/100\n|\n|upkeep\n|turn|4\n|\n|t:|1660832751\n|move|p1a: Lycanroc|Stone Edge|p2a: Clefable\n|-damage|p2a: Clefable|19\/100\n|move|p2a: Clefable|Soft-Boiled|p2a: Clefable\n|-heal|p2a: Clefable|69\/100\n|\n|upkeep\n|turn|5\n|\n|t:|1660832754\n|switch|p1a: Nihilego|Nihilego|100\/100\n|-sideend|p1: Mimikyu Stardust|move: Toxic Spikes|[of] p1a: Nihilego\n|move|p2a: Clefable|Soft-Boiled|p2a: Clefable\n|-heal|p2a: Clefable|100\/100\n|\n|upkeep\n|turn|6\n|\n|t:|1660832759\n|switch|p1a: Mew|Mew|100\/100\n|switch|p2a: Blissey|Blissey, F|100\/100\n|\n|upkeep\n|turn|7\n|\n|t:|1660832766\n|switch|p2a: Tornadus|Tornadus-Therian, M|100\/100\n|move|p1a: Mew|Close Combat|p2a: Tornadus\n|-resisted|p2a: Tornadus\n|-damage|p2a: Tornadus|80\/100\n|-unboost|p1a: Mew|def|1\n|-unboost|p1a: Mew|spd|1\n|\n|upkeep\n|turn|8\n|\n|t:|1660832772\n|switch|p2a: Toxapex|Toxapex, F|100\/100\n|move|p1a: Mew|Stealth Rock|p2a: Toxapex\n|-sidestart|p2: lt93oq sakana|move: Stealth Rock\n|\n|upkeep\n|turn|9\n|\n|t:|1660832777\n|move|p1a: Mew|Taunt|p2a: Toxapex\n|-start|p2a: Toxapex|move: Taunt\n|cant|p2a: Toxapex|move: Taunt|Light Screen\n|\n|upkeep\n|turn|10\n|\n|t:|1660832784\n|move|p1a: Mew|Spikes|p2a: Toxapex\n|-sidestart|p2: lt93oq sakana|Spikes\n|move|p2a: Toxapex|Knock Off|p1a: Mew\n|-supereffective|p1a: Mew\n|-damage|p1a: Mew|58\/100\n|-enditem|p1a: Mew|Focus Sash|[from] move: Knock Off|[of] p2a: Toxapex\n|\n|upkeep\n|turn|11\n|\n|t:|1660832789\n|switch|p2a: Tornadus|Tornadus-Therian, M|100\/100\n|move|p1a: Mew|Taunt|p2a: Tornadus\n|-start|p2a: Tornadus|move: Taunt\n|\n|upkeep\n|turn|12\n|\n|t:|1660832794\n|move|p2a: Tornadus|Hurricane|p1a: Mew|[miss]\n|-miss|p2a: Tornadus|p1a: Mew\n|move|p1a: Mew|Spikes|p2a: Tornadus\n|-sidestart|p2: lt93oq sakana|Spikes\n|\n|upkeep\n|turn|13\n|\n|t:|1660832801\n|switch|p1a: Nihilego|Nihilego|100\/100\n|move|p2a: Tornadus|Hurricane|p1a: Nihilego\n|-resisted|p1a: Nihilego\n|-damage|p1a: Nihilego|85\/100\n|\n|-end|p2a: Tornadus|move: Taunt\n|upkeep\n|turn|14\n|\n|t:|1660832811\n|move|p2a: Tornadus|Hurricane|p1a: Nihilego|[miss]\n|-miss|p2a: Tornadus|p1a: Nihilego\n|move|p1a: Nihilego|Meteor Beam||[still]\n|-prepare|p1a: Nihilego|Meteor Beam\n|-boost|p1a: Nihilego|spa|1\n|-enditem|p1a: Nihilego|Power Herb\n|-anim|p1a: Nihilego|Meteor Beam|p2a: Tornadus\n|-supereffective|p2a: Tornadus\n|-crit|p2a: Tornadus\n|-damage|p2a: Tornadus|0 fnt\n|faint|p2a: Tornadus\n|-ability|p1a: Nihilego|Beast Boost|boost\n|-boost|p1a: Nihilego|spe|1\n|\n|upkeep\n|-message|lt93oq sakana forfeited.\n|\n|win|Mimikyu Stardust\n|raw|Mimikyu Stardust's rating: 1773 &rarr; <strong>1794<\/strong><br \/>(+21 for winning)\n|raw|lt93oq sakana's rating: 1792 &rarr; <strong>1771<\/strong><br \/>(-21 for losing)\n|l|\u2606lt93oq sakana\n","uploadtime":1660832822,"views":72,"p1id":"mimikyustardust","p2id":"lt93oqsakana","formatid":"gen8ou","rating":1771,"private":0,"password":null}