{"id":"gen8ou-1235155021","p1":"Treyvion","p2":"user1_ou","format":"gen8ou","log":"|j|\u2606Treyvion\n|j|\u2606user1_ou\n|inactive|Battle timer is ON: inactive players will automatically lose when time's up.\n|t:|1606852467\n|player|p1|Treyvion|kiawe|\n|player|p2|user1_ou|eusine|\n|teamsize|p1|6\n|teamsize|p2|6\n|gametype|singles\n|gen|8\n|tier|[Gen 8] OU\n|rated|Tournament battle\n|clearpoke\n|poke|p1|Tapu Fini|\n|poke|p1|Heatran, F|\n|poke|p1|Zapdos|\n|poke|p1|Kyurem|\n|poke|p1|Tangrowth, F|\n|poke|p1|Blissey, F|\n|poke|p2|Tapu Lele|\n|poke|p2|Cinderace, M|\n|poke|p2|Pheromosa|\n|poke|p2|Magearna|\n|poke|p2|Zapdos|\n|poke|p2|Swampert, F|\n|rule|Sleep Clause Mod: Limit one foe put to sleep\n|rule|Species Clause: Limit one of each Pok\u00e9mon\n|rule|OHKO Clause: OHKO moves are banned\n|rule|Evasion Moves Clause: Evasion moves are banned\n|rule|Endless Battle Clause: Forcing endless battles is banned\n|rule|HP Percentage Mod: HP is shown in percentages\n|rule|Dynamax Clause: You cannot dynamax\n|teampreview\n|c|\u2606user1_ou|hf\n|j| dracovish209\n|j| GengarAdept\n|j| A-Wing Fighter\n|c|\u2606Treyvion|u2\n|j| AgAzumarill\n|inactive|Treyvion has 120 seconds left.\n|\n|t:|1606852501\n|start\n|switch|p1a: Zapdos|Zapdos|100\/100\n|switch|p2a: Tapu Lele|Tapu Lele|100\/100\n|-fieldstart|move: Psychic Terrain|[from] ability: Psychic Surge|[of] p2a: Tapu Lele\n|turn|1\n|\n|t:|1606852505\n|switch|p1a: Heatran|Heatran, F|100\/100\n|move|p2a: Tapu Lele|Psyshock|p1a: Heatran\n|-resisted|p1a: Heatran\n|-crit|p1a: Heatran\n|-damage|p1a: Heatran|57\/100\n|\n|-heal|p1a: Heatran|64\/100|[from] item: Leftovers\n|upkeep\n|turn|2\n|\n|t:|1606852510\n|move|p2a: Tapu Lele|Calm Mind|p2a: Tapu Lele\n|-boost|p2a: Tapu Lele|spa|1\n|-boost|p2a: Tapu Lele|spd|1\n|move|p1a: Heatran|Stealth Rock|p2a: Tapu Lele\n|-sidestart|p2: user1_ou|move: Stealth Rock\n|\n|-heal|p1a: Heatran|70\/100|[from] item: Leftovers\n|upkeep\n|turn|3\n|\n|t:|1606852512\n|move|p2a: Tapu Lele|Focus Blast|p1a: Heatran\n|-supereffective|p1a: Heatran\n|-damage|p1a: Heatran|0 fnt\n|faint|p1a: Heatran\n|\n|upkeep\n|\n|t:|1606852520\n|switch|p1a: Tapu Fini|Tapu Fini|100\/100\n|-fieldstart|move: Misty Terrain|[from] ability: Misty Surge|[of] p1a: Tapu Fini\n|turn|4\n|\n|t:|1606852525\n|move|p2a: Tapu Lele|Moonblast|p1a: Tapu Fini\n|-damage|p1a: Tapu Fini|42\/100\n|-unboost|p1a: Tapu Fini|spa|1\n|move|p1a: Tapu Fini|Taunt|p2a: Tapu Lele\n|-start|p2a: Tapu Lele|move: Taunt\n|\n|-heal|p1a: Tapu Fini|48\/100|[from] item: Leftovers\n|upkeep\n|turn|5\n|j| Vz Moses\n|c|\u2606Treyvion|yea I got 6-0'd by this\n|c|\u2606Treyvion|gg\n|c|\u2606user1_ou|gg\n|\n|t:|1606852548\n|move|p2a: Tapu Lele|Moonblast|p1a: Tapu Fini\n|-damage|p1a: Tapu Fini|0 fnt\n|faint|p1a: Tapu Fini\n|\n|upkeep\n|\n|t:|1606852550\n|switch|p1a: Blissey|Blissey, F|100\/100\n|turn|6\n|c| A-Wing Fighter|bruh moment\n|\n|t:|1606852552\n|move|p2a: Tapu Lele|Psyshock|p1a: Blissey\n|-damage|p1a: Blissey|37\/100\n|move|p1a: Blissey|Toxic|p2a: Tapu Lele\n|-activate|p2a: Tapu Lele|move: Misty Terrain\n|\n|upkeep\n|turn|7\n|-message|Treyvion forfeited.\n|\n|win|user1_ou\n|n|\u2606Treyvion|treyvion\n|n|\u2606user1_ou|user1ou\n|n| dracovish209|dracovish209\n|n| GengarAdept|gengaradept\n|n| A-Wing Fighter|awingfighter\n|n| AgAzumarill|agazumarill\n|n| Vz Moses|vzmoses\n","uploadtime":1606852557,"views":33,"p1id":"treyvion","p2id":"user1ou","formatid":"gen8ou","rating":0,"private":0,"password":null}