{"id":"gen8ou-1371395652","p1":"LT81YL bfl","p2":"BestixL","format":"gen8ou","log":"|raw|<div class=\"broadcast-blue\"><strong>This battle is required to be public due to a player having a name starting with 'lt81yl'.<\/div>\n|j|\u2606LT81YL bfl\n|j|\u2606BestixL\n|t:|1625542002\n|gametype|singles\n|player|p1|LT81YL bfl|lucas|2053\n|player|p2|BestixL|flannery|1933\n|teamsize|p1|6\n|teamsize|p2|6\n|gen|8\n|tier|[Gen 8] OU\n|rated|\n|rule|Sleep Clause Mod: Limit one foe put to sleep\n|rule|Species Clause: Limit one of each Pok\u00e9mon\n|rule|OHKO Clause: OHKO moves are banned\n|rule|Evasion Moves Clause: Evasion moves are banned\n|rule|Endless Battle Clause: Forcing endless battles is banned\n|rule|HP Percentage Mod: HP is shown in percentages\n|rule|Dynamax Clause: You cannot dynamax\n|clearpoke\n|poke|p1|Landorus-Therian, M|\n|poke|p1|Ferrothorn, M|\n|poke|p1|Clefable, M|\n|poke|p1|Tornadus-Therian, M|\n|poke|p1|Slowbro, F|\n|poke|p1|Heatran, F|\n|poke|p2|Clefable, F|\n|poke|p2|Slowking, M|\n|poke|p2|Heatran, M|\n|poke|p2|Zeraora|\n|poke|p2|Rillaboom, M|\n|poke|p2|Corviknight, M|\n|teampreview\n|c|\u2606BestixL|ah bueno\n|j| LT81YL Storm\n|j| Goojoo\n|j| LT81YL EMPIR3\n|j| Emil Heskey\n|j| IPF\n|j| hypertrakcar\n|j| Amethystdragon808\n|j| eebsofresh\n|c| LT81YL EMPIR3|bestixl\n|c|\u2606BestixL|lo quieres hacer rapido o divertido\n|c| LT81YL EMPIR3|xq\n|c| LT81YL EMPIR3|no juegas\n|j| livin so zambian\n|c| LT81YL EMPIR3|el olt\n|c| LT81YL EMPIR3|ni\u00f1o rata\n|j| LT81YL ivyz\n|c|\u2606BestixL|porque me divierto mas venciendo tontos como tu\n|c| LT81YL EMPIR3|a\n|j| LT81YL HY\n|c|\u2606LT81YL bfl|Est\u00e1 ban retrasado\n|c| LT81YL EMPIR3|okay\n|l| LT81YL HY\n|c| LT81YL EMPIR3|ah\n|j| TWoody\n|c| LT81YL EMPIR3|JAJAJAJAJAJJAJ\n|c| LT81YL EMPIR3|q subnormal\n|c| LT81YL EMPIR3|por ghostear no?\n|\n|t:|1625542065\n|start\n|switch|p1a: Ferrothorn|Ferrothorn, M|100\/100\n|switch|p2a: Itsuki|Clefable, F|100\/100\n|turn|1\n|c| LT81YL EMPIR3|que novedad\n|\n|t:|1625542072\n|move|p2a: Itsuki|Knock Off|p1a: Ferrothorn\n|-damage|p1a: Ferrothorn|90\/100\n|-activate|p1a: Ferrothorn|ability: Iron Barbs\n|-enditem|p1a: Ferrothorn|Leftovers|[from] move: Knock Off|[of] p2a: Itsuki\n|move|p1a: Ferrothorn|Knock Off|p2a: Itsuki\n|-resisted|p2a: Itsuki\n|-damage|p2a: Itsuki|93\/100\n|-enditem|p2a: Itsuki|Leftovers|[from] move: Knock Off|[of] p1a: Ferrothorn\n|\n|upkeep\n|turn|2\n|j| LT81YL Manolo\n|\n|t:|1625542075\n|move|p2a: Itsuki|Stealth Rock|p1a: Ferrothorn\n|-sidestart|p1: LT81YL bfl|move: Stealth Rock\n|move|p1a: Ferrothorn|Iron Head|p2a: Itsuki\n|-supereffective|p2a: Itsuki\n|-damage|p2a: Itsuki|49\/100\n|\n|upkeep\n|turn|3\n|j| aloking\n|\n|t:|1625542078\n|move|p2a: Itsuki|Soft-Boiled|p2a: Itsuki\n|-heal|p2a: Itsuki|99\/100\n|move|p1a: Ferrothorn|Spikes|p2a: Itsuki\n|-sidestart|p2: BestixL|Spikes\n|\n|upkeep\n|turn|4\n|c| LT81YL Manolo|que haces jugando tadvia raptor\n|\n|t:|1625542085\n|switch|p1a: Slowbro|Slowbro, F|100\/100\n|-damage|p1a: Slowbro|88\/100|[from] Stealth Rock\n|move|p2a: Itsuki|Moonblast|p1a: Slowbro\n|-damage|p1a: Slowbro|56\/100\n|\n|upkeep\n|turn|5\n|c|\u2606BestixL|que haces jugando tu\n|c| LT81YL Manolo|todavia*\n|j| lt81yl xkh\n|c|\u2606BestixL|aqui es temprano\n|\n|t:|1625542094\n|move|p2a: Itsuki|Knock Off|p1a: Slowbro\n|-supereffective|p1a: Slowbro\n|-damage|p1a: Slowbro|40\/100\n|-enditem|p1a: Slowbro|Rocky Helmet|[from] move: Knock Off|[of] p2a: Itsuki\n|move|p1a: Slowbro|Future Sight|p2a: Itsuki\n|-start|p1a: Slowbro|move: Future Sight\n|\n|upkeep\n|turn|6\n|c| LT81YL Manolo|luchando por mis suelos\n|c| LT81YL Manolo|sue\u00f1os\n|\n|t:|1625542100\n|move|p2a: Itsuki|Moonblast|p1a: Slowbro\n|-damage|p1a: Slowbro|6\/100\n|move|p1a: Slowbro|Slack Off|p1a: Slowbro\n|-heal|p1a: Slowbro|56\/100\n|\n|upkeep\n|turn|7\n|j| reymaki\n|\n|t:|1625542108\n|switch|p2a: 2 soon|Corviknight, M|100\/100\n|-ability|p2a: 2 soon|Pressure\n|move|p1a: Slowbro|Slack Off|p1a: Slowbro\n|-heal|p1a: Slowbro|100\/100\n|\n|-end|p2a: 2 soon|move: Future Sight\n|-resisted|p2a: 2 soon\n|-damage|p2a: 2 soon|83\/100\n|-heal|p2a: 2 soon|89\/100|[from] item: Leftovers\n|upkeep\n|turn|8\n|\n|t:|1625542115\n|move|p2a: 2 soon|U-turn|p1a: Slowbro\n|-supereffective|p1a: Slowbro\n|-damage|p1a: Slowbro|83\/100\n|j| Wash Rot0m\n|\n|t:|1625542117\n|switch|p2a: just friends|Slowking, M|100\/100|[from]move: U-turn\n|move|p1a: Slowbro|Future Sight|p2a: just friends\n|-start|p1a: Slowbro|move: Future Sight\n|\n|upkeep\n|turn|9\n|\n|t:|1625542120\n|move|p2a: just friends|Future Sight|p1a: Slowbro\n|-start|p2a: just friends|move: Future Sight\n|move|p1a: Slowbro|Teleport|p1a: Slowbro\n|\n|t:|1625542123\n|switch|p1a: Clefable|Clefable, M|100\/100|[from]move: Teleport\n|\n|upkeep\n|turn|10\n|l| LT81YL ivyz\n|\n|t:|1625542136\n|move|p1a: Clefable|Calm Mind|p1a: Clefable\n|-boost|p1a: Clefable|spa|1\n|-boost|p1a: Clefable|spd|1\n|move|p2a: just friends|Scald|p1a: Clefable\n|-damage|p1a: Clefable|85\/100\n|\n|-end|p2a: just friends|move: Future Sight\n|-resisted|p2a: just friends\n|-damage|p2a: just friends|88\/100\n|upkeep\n|turn|11\n|\n|t:|1625542140\n|move|p1a: Clefable|Thunder|p2a: just friends\n|-supereffective|p2a: just friends\n|-damage|p2a: just friends|25\/100\n|move|p2a: just friends|Teleport|p2a: just friends\n|\n|t:|1625542144\n|switch|p2a: no space|Rillaboom, M|100\/100|[from]move: Teleport\n|-damage|p2a: no space|88\/100|[from] Spikes\n|-fieldstart|move: Grassy Terrain|[from] ability: Grassy Surge|[of] p2a: no space\n|\n|-end|p1a: Clefable|move: Future Sight\n|-damage|p1a: Clefable|63\/100\n|-heal|p2a: no space|94\/100|[from] Grassy Terrain\n|-heal|p1a: Clefable|69\/100|[from] Grassy Terrain\n|upkeep\n|turn|12\n|\n|t:|1625542153\n|switch|p1a: Tornadus|Tornadus-Therian, M|100\/100\n|move|p2a: no space|U-turn|p1a: Tornadus\n|-resisted|p1a: Tornadus\n|-damage|p1a: Tornadus|82\/100\n|\n|t:|1625542158\n|switch|p2a: Yotsuba no chikara|Zeraora|100\/100|[from]move: U-turn\n|-damage|p2a: Yotsuba no chikara|88\/100|[from] Spikes\n|\n|-heal|p2a: Yotsuba no chikara|94\/100|[from] Grassy Terrain\n|-heal|p2a: Yotsuba no chikara|99\/100|[from] item: Leftovers\n|upkeep\n|turn|13\n|\n|t:|1625542168\n|switch|p1a: Ferrothorn|Ferrothorn, M|90\/100\n|-damage|p1a: Ferrothorn|84\/100|[from] Stealth Rock\n|move|p2a: Yotsuba no chikara|Plasma Fists|p1a: Ferrothorn\n|-resisted|p1a: Ferrothorn\n|-damage|p1a: Ferrothorn|69\/100\n|-damage|p2a: Yotsuba no chikara|88\/100|[from] ability: Iron Barbs|[of] p1a: Ferrothorn\n|\n|-heal|p2a: Yotsuba no chikara|94\/100|[from] Grassy Terrain\n|-heal|p2a: Yotsuba no chikara|99\/100|[from] item: Leftovers\n|-heal|p1a: Ferrothorn|75\/100|[from] Grassy Terrain\n|upkeep\n|turn|14\n|j| July Leaves\n|\n|t:|1625542177\n|switch|p2a: Itsuki|Clefable, F|99\/100\n|move|p1a: Ferrothorn|Leech Seed|p2a: Itsuki|[miss]\n|-miss|p1a: Ferrothorn|p2a: Itsuki\n|\n|-heal|p2a: Itsuki|100\/100|[from] Grassy Terrain\n|-heal|p1a: Ferrothorn|81\/100|[from] Grassy Terrain\n|upkeep\n|turn|15\n|j| dfokgdpfg\n|l| Wash Rot0m\n|\n|t:|1625542191\n|switch|p2a: the reaper|Heatran, M|100\/100\n|-damage|p2a: the reaper|88\/100|[from] Spikes\n|switch|p1a: Slowbro|Slowbro, F|100\/100\n|-damage|p1a: Slowbro|88\/100|[from] Stealth Rock\n|\n|-heal|p2a: the reaper|94\/100|[from] Grassy Terrain\n|-heal|p2a: the reaper|100\/100|[from] item: Leftovers\n|-heal|p1a: Slowbro|94\/100|[from] Grassy Terrain\n|-fieldend|move: Grassy Terrain\n|upkeep\n|turn|16\n|\n|t:|1625542197\n|move|p2a: the reaper|Magma Storm|p1a: Slowbro\n|-resisted|p1a: Slowbro\n|-damage|p1a: Slowbro|71\/100\n|-activate|p1a: Slowbro|move: Magma Storm|[of] p2a: the reaper\n|move|p1a: Slowbro|Teleport|p1a: Slowbro\n|j| covidvacfuckedme\n|\n|t:|1625542200\n|switch|p1a: Tornadus|Tornadus-Therian, M|100\/100|[from]move: Teleport\n|\n|upkeep\n|turn|17\n|\n|t:|1625542204\n|switch|p2a: Itsuki|Clefable, F|100\/100\n|move|p1a: Tornadus|U-turn|p2a: Itsuki\n|-resisted|p2a: Itsuki\n|-damage|p2a: Itsuki|95\/100\n|\n|t:|1625542207\n|switch|p1a: Heatran|Heatran, F|100\/100|[from]move: U-turn\n|-damage|p1a: Heatran|88\/100|[from] Stealth Rock\n|\n|-heal|p1a: Heatran|94\/100|[from] item: Leftovers\n|upkeep\n|turn|18\n|\n|t:|1625542211\n|switch|p2a: the reaper|Heatran, M|100\/100\n|-damage|p2a: the reaper|88\/100|[from] Spikes\n|move|p1a: Heatran|Magma Storm|p2a: the reaper\n|-start|p2a: the reaper|ability: Flash Fire\n|\n|-heal|p2a: the reaper|94\/100|[from] item: Leftovers\n|-heal|p1a: Heatran|100\/100|[from] item: Leftovers\n|upkeep\n|turn|19\n|\n|t:|1625542214\n|move|p2a: the reaper|Earth Power|p1a: Heatran\n|-supereffective|p1a: Heatran\n|-damage|p1a: Heatran|38\/100\n|-unboost|p1a: Heatran|spd|1\n|move|p1a: Heatran|Earth Power|p2a: the reaper\n|-supereffective|p2a: the reaper\n|-damage|p2a: the reaper|30\/100\n|\n|-heal|p2a: the reaper|36\/100|[from] item: Leftovers\n|-heal|p1a: Heatran|44\/100|[from] item: Leftovers\n|upkeep\n|turn|20\n|c|\u2606BestixL|tengo el buen spread\n|l| Emil Heskey\n|c|\u2606BestixL|amigo\n|j| Wash Rot0m\n|c|\u2606BestixL|quieres hacerlo otra evz\n|c|\u2606BestixL|vez\n|c|\u2606BestixL|*\n|c|\u2606LT81YL bfl|No\n|\n|t:|1625542245\n|switch|p1a: Tornadus|Tornadus-Therian, M|100\/100\n|move|p2a: the reaper|Earth Power|p1a: Tornadus\n|-immune|p1a: Tornadus\n|\n|-heal|p2a: the reaper|42\/100|[from] item: Leftovers\n|upkeep\n|turn|21\n|\n|t:|1625542252\n|move|p2a: the reaper|Protect|p2a: the reaper\n|-singleturn|p2a: the reaper|Protect\n|move|p1a: Tornadus|Knock Off|p2a: the reaper\n|-activate|p2a: the reaper|move: Protect\n|\n|-heal|p2a: the reaper|49\/100|[from] item: Leftovers\n|upkeep\n|turn|22\n|j| ws58\n|\n|t:|1625542258\n|move|p1a: Tornadus|U-turn|p2a: the reaper\n|-resisted|p2a: the reaper\n|-damage|p2a: the reaper|46\/100\n|\n|t:|1625542260\n|switch|p1a: Heatran|Heatran, F|44\/100|[from]move: U-turn\n|-damage|p1a: Heatran|32\/100|[from] Stealth Rock\n|move|p2a: the reaper|Magma Storm|p1a: Heatran\n|-start|p1a: Heatran|ability: Flash Fire\n|\n|-heal|p2a: the reaper|52\/100|[from] item: Leftovers\n|-heal|p1a: Heatran|38\/100|[from] item: Leftovers\n|upkeep\n|turn|23\n|\n|t:|1625542265\n|move|p2a: the reaper|Earth Power|p1a: Heatran\n|-supereffective|p1a: Heatran\n|-damage|p1a: Heatran|0 fnt\n|faint|p1a: Heatran\n|\n|-heal|p2a: the reaper|58\/100|[from] item: Leftovers\n|upkeep\n|\n|t:|1625542266\n|switch|p1a: Landorus|Landorus-Therian, M|100\/100\n|-damage|p1a: Landorus|88\/100|[from] Stealth Rock\n|-ability|p1a: Landorus|Intimidate|boost\n|-unboost|p2a: the reaper|atk|1\n|turn|24\n|\n|t:|1625542272\n|move|p2a: the reaper|Protect|p2a: the reaper\n|-singleturn|p2a: the reaper|Protect\n|move|p1a: Landorus|Earthquake|p2a: the reaper\n|-activate|p2a: the reaper|move: Protect\n|\n|-heal|p2a: the reaper|64\/100|[from] item: Leftovers\n|-heal|p1a: Landorus|94\/100|[from] item: Leftovers\n|upkeep\n|turn|25\n|j| reigen shishou\n|\n|t:|1625542275\n|-end|p2a: the reaper|ability: Flash Fire|[silent]\n|switch|p2a: 2 soon|Corviknight, M|89\/100\n|-ability|p2a: 2 soon|Pressure\n|move|p1a: Landorus|Earthquake|p2a: 2 soon\n|-immune|p2a: 2 soon\n|\n|-heal|p1a: Landorus|99\/100|[from] item: Leftovers\n|-heal|p2a: 2 soon|95\/100|[from] item: Leftovers\n|upkeep\n|turn|26\n|\n|t:|1625542284\n|move|p1a: Landorus|Stealth Rock|p2a: 2 soon\n|-sidestart|p2: BestixL|move: Stealth Rock\n|move|p2a: 2 soon|Defog|p1a: Landorus\n|-unboost|p1a: Landorus|evasion|1\n|-sideend|p1: LT81YL bfl|Stealth Rock|[from] move: Defog|[of] p2a: 2 soon\n|-sideend|p2: BestixL|Spikes|[from] move: Defog|[of] p2a: 2 soon\n|-sideend|p2: BestixL|Stealth Rock|[from] move: Defog|[of] p2a: 2 soon\n|\n|-heal|p1a: Landorus|100\/100|[from] item: Leftovers\n|-heal|p2a: 2 soon|100\/100|[from] item: Leftovers\n|upkeep\n|turn|27\n|\n|t:|1625542287\n|move|p1a: Landorus|Stealth Rock|p2a: 2 soon\n|-sidestart|p2: BestixL|move: Stealth Rock\n|move|p2a: 2 soon|Brave Bird|p1a: Landorus\n|-damage|p1a: Landorus|75\/100\n|-damage|p2a: 2 soon|92\/100|[from] Recoil\n|\n|-heal|p1a: Landorus|81\/100|[from] item: Leftovers\n|-heal|p2a: 2 soon|98\/100|[from] item: Leftovers\n|upkeep\n|turn|28\n|\n|t:|1625542289\n|move|p1a: Landorus|U-turn|p2a: 2 soon\n|-resisted|p2a: 2 soon\n|-damage|p2a: 2 soon|95\/100\n|\n|t:|1625542292\n|switch|p1a: Clefable|Clefable, M|69\/100|[from]move: U-turn\n|move|p2a: 2 soon|Defog|p1a: Clefable\n|-unboost|p1a: Clefable|evasion|1\n|-sideend|p2: BestixL|Stealth Rock|[from] move: Defog|[of] p2a: 2 soon\n|\n|-heal|p2a: 2 soon|100\/100|[from] item: Leftovers\n|upkeep\n|turn|29\n|\n|t:|1625542296\n|move|p1a: Clefable|Thunder|p2a: 2 soon\n|-supereffective|p2a: 2 soon\n|-damage|p2a: 2 soon|45\/100\n|move|p2a: 2 soon|U-turn|p1a: Clefable\n|-resisted|p1a: Clefable\n|-damage|p1a: Clefable|63\/100\n|\n|t:|1625542303\n|switch|p2a: Itsuki|Clefable, F|95\/100|[from]move: U-turn\n|\n|upkeep\n|turn|30\n|j| lt81yl ez\n|\n|t:|1625542307\n|move|p2a: Itsuki|Stealth Rock|p1a: Clefable\n|-sidestart|p1: LT81YL bfl|move: Stealth Rock\n|move|p1a: Clefable|Calm Mind|p1a: Clefable\n|-boost|p1a: Clefable|spa|1\n|-boost|p1a: Clefable|spd|1\n|\n|upkeep\n|turn|31\n|\n|t:|1625542310\n|switch|p2a: no space|Rillaboom, M|94\/100\n|-fieldstart|move: Grassy Terrain|[from] ability: Grassy Surge|[of] p2a: no space\n|move|p1a: Clefable|Moonblast|p2a: no space\n|-damage|p2a: no space|16\/100\n|-unboost|p2a: no space|spa|1\n|\n|-heal|p2a: no space|22\/100|[from] Grassy Terrain\n|-heal|p1a: Clefable|69\/100|[from] Grassy Terrain\n|upkeep\n|turn|32\n|\n|t:|1625542317\n|switch|p1a: Ferrothorn|Ferrothorn, M|81\/100\n|-damage|p1a: Ferrothorn|75\/100|[from] Stealth Rock\n|move|p2a: no space|Wood Hammer|p1a: Ferrothorn\n|-resisted|p1a: Ferrothorn\n|-damage|p1a: Ferrothorn|53\/100\n|-damage|p2a: no space|10\/100|[from] ability: Iron Barbs|[of] p1a: Ferrothorn\n|-damage|p2a: no space|3\/100|[from] Recoil\n|\n|-heal|p2a: no space|9\/100|[from] Grassy Terrain\n|-heal|p1a: Ferrothorn|59\/100|[from] Grassy Terrain\n|upkeep\n|turn|33\n|l|hypertrakcar\n|\n|t:|1625542326\n|switch|p2a: 2 soon|Corviknight, M|45\/100\n|-ability|p2a: 2 soon|Pressure\n|move|p1a: Ferrothorn|Spikes|p2a: 2 soon\n|-sidestart|p2: BestixL|Spikes\n|\n|-heal|p2a: 2 soon|51\/100|[from] item: Leftovers\n|-heal|p1a: Ferrothorn|65\/100|[from] Grassy Terrain\n|upkeep\n|turn|34\n|\n|t:|1625542329\n|move|p2a: 2 soon|Defog|p1a: Ferrothorn\n|-unboost|p1a: Ferrothorn|evasion|1\n|-sideend|p1: LT81YL bfl|Stealth Rock|[from] move: Defog|[of] p2a: 2 soon\n|-sideend|p2: BestixL|Spikes|[from] move: Defog|[of] p2a: 2 soon\n|-fieldend|move: Grassy Terrain\n|move|p1a: Ferrothorn|Knock Off|p2a: 2 soon\n|-crit|p2a: 2 soon\n|-damage|p2a: 2 soon|30\/100\n|-enditem|p2a: 2 soon|Leftovers|[from] move: Knock Off|[of] p1a: Ferrothorn\n|\n|upkeep\n|turn|35\n|\n|t:|1625542333\n|move|p2a: 2 soon|Roost|p2a: 2 soon\n|-heal|p2a: 2 soon|80\/100\n|-singleturn|p2a: 2 soon|move: Roost\n|move|p1a: Ferrothorn|Leech Seed|p2a: 2 soon\n|-start|p2a: 2 soon|move: Leech Seed\n|\n|-damage|p2a: 2 soon|68\/100|[from] Leech Seed|[of] p1a: Ferrothorn\n|-heal|p1a: Ferrothorn|79\/100|[silent]\n|upkeep\n|turn|36\n|\n|t:|1625542338\n|move|p2a: 2 soon|Roost|p2a: 2 soon\n|-heal|p2a: 2 soon|100\/100\n|-singleturn|p2a: 2 soon|move: Roost\n|move|p1a: Ferrothorn|Spikes|p2a: 2 soon\n|-sidestart|p2: BestixL|Spikes\n|\n|-damage|p2a: 2 soon|88\/100|[from] Leech Seed|[of] p1a: Ferrothorn\n|-heal|p1a: Ferrothorn|93\/100|[silent]\n|upkeep\n|turn|37\n|\n|t:|1625542340\n|move|p2a: 2 soon|Defog|p1a: Ferrothorn\n|-unboost|p1a: Ferrothorn|evasion|1\n|-sideend|p2: BestixL|Spikes|[from] move: Defog|[of] p2a: 2 soon\n|move|p1a: Ferrothorn|Spikes|p2a: 2 soon\n|-sidestart|p2: BestixL|Spikes\n|\n|-damage|p2a: 2 soon|76\/100|[from] Leech Seed|[of] p1a: Ferrothorn\n|-heal|p1a: Ferrothorn|100\/100|[silent]\n|upkeep\n|turn|38\n|\n|t:|1625542344\n|move|p2a: 2 soon|Roost|p2a: 2 soon\n|-heal|p2a: 2 soon|100\/100\n|-singleturn|p2a: 2 soon|move: Roost\n|move|p1a: Ferrothorn|Spikes|p2a: 2 soon\n|-sidestart|p2: BestixL|Spikes\n|\n|-damage|p2a: 2 soon|88\/100|[from] Leech Seed|[of] p1a: Ferrothorn\n|upkeep\n|turn|39\n|\n|t:|1625542347\n|move|p2a: 2 soon|Defog|p1a: Ferrothorn\n|-unboost|p1a: Ferrothorn|evasion|1\n|-sideend|p2: BestixL|Spikes|[from] move: Defog|[of] p2a: 2 soon\n|move|p1a: Ferrothorn|Spikes|p2a: 2 soon\n|-sidestart|p2: BestixL|Spikes\n|\n|-damage|p2a: 2 soon|76\/100|[from] Leech Seed|[of] p1a: Ferrothorn\n|upkeep\n|turn|40\n|\n|t:|1625542356\n|switch|p2a: just friends|Slowking, M|58\/100\n|move|p1a: Ferrothorn|Spikes|p2a: just friends\n|-sidestart|p2: BestixL|Spikes\n|\n|upkeep\n|turn|41\n|j| Nixpedia\n|\n|t:|1625542362\n|switch|p1a: Clefable|Clefable, M|69\/100\n|switch|p2a: 2 soon|Corviknight, M|76\/100\n|-ability|p2a: 2 soon|Pressure\n|\n|upkeep\n|turn|42\n|\n|t:|1625542368\n|move|p1a: Clefable|Thunder|p2a: 2 soon\n|-supereffective|p2a: 2 soon\n|-damage|p2a: 2 soon|12\/100\n|move|p2a: 2 soon|Defog|p1a: Clefable\n|-unboost|p1a: Clefable|evasion|1\n|-sideend|p2: BestixL|Spikes|[from] move: Defog|[of] p2a: 2 soon\n|\n|upkeep\n|turn|43\n|j| Pvana27\n|\n|t:|1625542382\n|switch|p2a: just friends|Slowking, M|92\/100\n|move|p1a: Clefable|Calm Mind|p1a: Clefable\n|-boost|p1a: Clefable|spa|1\n|-boost|p1a: Clefable|spd|1\n|\n|upkeep\n|turn|44\n|j| LT81YL Ruby\n|\n|t:|1625542386\n|move|p1a: Clefable|Soft-Boiled|p1a: Clefable\n|-heal|p1a: Clefable|100\/100\n|move|p2a: just friends|Teleport|p2a: just friends\n|\n|t:|1625542388\n|switch|p2a: no space|Rillaboom, M|9\/100|[from]move: Teleport\n|-fieldstart|move: Grassy Terrain|[from] ability: Grassy Surge|[of] p2a: no space\n|\n|-heal|p2a: no space|15\/100|[from] Grassy Terrain\n|upkeep\n|turn|45\n|j| LT81YL John\n|\n|t:|1625542400\n|switch|p2a: just friends|Slowking, M|100\/100\n|move|p1a: Clefable|Thunder|p2a: just friends|[miss]\n|-miss|p1a: Clefable|p2a: just friends\n|\n|upkeep\n|turn|46\n|\n|t:|1625542405\n|move|p1a: Clefable|Thunder|p2a: just friends\n|-supereffective|p2a: just friends\n|-damage|p2a: just friends|37\/100\n|move|p2a: just friends|Teleport|p2a: just friends\n|c|\u2606LT81YL bfl|LMAO\n|\n|t:|1625542409\n|switch|p2a: no space|Rillaboom, M|15\/100|[from]move: Teleport\n|\n|-heal|p2a: no space|22\/100|[from] Grassy Terrain\n|upkeep\n|turn|47\n|c|\u2606LT81YL bfl|que puta madre con esto\n|c| Pvana27|sama saka puspa la\n|\n|t:|1625542444\n|switch|p1a: Ferrothorn|Ferrothorn, M|100\/100\n|move|p2a: no space|Wood Hammer|p1a: Ferrothorn\n|-resisted|p1a: Ferrothorn\n|-damage|p1a: Ferrothorn|79\/100\n|-damage|p2a: no space|9\/100|[from] ability: Iron Barbs|[of] p1a: Ferrothorn\n|-damage|p2a: no space|2\/100|[from] Recoil\n|\n|-heal|p2a: no space|8\/100|[from] Grassy Terrain\n|-heal|p1a: Ferrothorn|85\/100|[from] Grassy Terrain\n|upkeep\n|turn|48\n|\n|t:|1625542452\n|switch|p2a: Itsuki|Clefable, F|95\/100\n|move|p1a: Ferrothorn|Spikes|p2a: Itsuki\n|-sidestart|p2: BestixL|Spikes\n|\n|-heal|p2a: Itsuki|100\/100|[from] Grassy Terrain\n|-heal|p1a: Ferrothorn|91\/100|[from] Grassy Terrain\n|-fieldend|move: Grassy Terrain\n|upkeep\n|turn|49\n|\n|t:|1625542456\n|switch|p1a: Clefable|Clefable, M|100\/100\n|move|p2a: Itsuki|Stealth Rock|p1a: Clefable\n|-sidestart|p1: LT81YL bfl|move: Stealth Rock\n|\n|upkeep\n|turn|50\n|\n|t:|1625542459\n|move|p2a: Itsuki|Knock Off|p1a: Clefable\n|-resisted|p1a: Clefable\n|-damage|p1a: Clefable|94\/100\n|-enditem|p1a: Clefable|Life Orb|[from] move: Knock Off|[of] p2a: Itsuki\n|move|p1a: Clefable|Calm Mind|p1a: Clefable\n|-boost|p1a: Clefable|spa|1\n|-boost|p1a: Clefable|spd|1\n|\n|upkeep\n|turn|51\n|\n|t:|1625542462\n|move|p2a: Itsuki|Moonblast|p1a: Clefable\n|-damage|p1a: Clefable|77\/100\n|move|p1a: Clefable|Calm Mind|p1a: Clefable\n|-boost|p1a: Clefable|spa|1\n|-boost|p1a: Clefable|spd|1\n|\n|upkeep\n|turn|52\n|\n|t:|1625542467\n|move|p2a: Itsuki|Moonblast|p1a: Clefable\n|-damage|p1a: Clefable|65\/100\n|move|p1a: Clefable|Soft-Boiled|p1a: Clefable\n|-heal|p1a: Clefable|100\/100\n|\n|upkeep\n|turn|53\n|j| vipersniper96\n|\n|t:|1625542472\n|move|p2a: Itsuki|Moonblast|p1a: Clefable\n|-damage|p1a: Clefable|87\/100\n|-unboost|p1a: Clefable|spa|1\n|move|p1a: Clefable|Calm Mind|p1a: Clefable\n|-boost|p1a: Clefable|spa|1\n|-boost|p1a: Clefable|spd|1\n|\n|upkeep\n|turn|54\n|\n|t:|1625542475\n|move|p2a: Itsuki|Moonblast|p1a: Clefable\n|-damage|p1a: Clefable|77\/100\n|move|p1a: Clefable|Calm Mind|p1a: Clefable\n|-boost|p1a: Clefable|spa|1\n|-boost|p1a: Clefable|spd|1\n|\n|upkeep\n|turn|55\n|\n|t:|1625542479\n|move|p2a: Itsuki|Moonblast|p1a: Clefable\n|-damage|p1a: Clefable|68\/100\n|-unboost|p1a: Clefable|spa|1\n|move|p1a: Clefable|Soft-Boiled|p1a: Clefable\n|-heal|p1a: Clefable|100\/100\n|\n|upkeep\n|turn|56\n|\n|t:|1625542482\n|move|p2a: Itsuki|Moonblast|p1a: Clefable\n|-damage|p1a: Clefable|92\/100\n|move|p1a: Clefable|Calm Mind|p1a: Clefable\n|-boost|p1a: Clefable|spa|1\n|-boost|p1a: Clefable|spd|1\n|\n|upkeep\n|turn|57\n|j| venom94\n|l| vipersniper96\n|\n|t:|1625542490\n|move|p2a: Itsuki|Moonblast|p1a: Clefable\n|-damage|p1a: Clefable|85\/100\n|move|p1a: Clefable|Moonblast|p2a: Itsuki\n|-damage|p2a: Itsuki|30\/100\n|-unboost|p2a: Itsuki|spa|1\n|\n|upkeep\n|turn|58\n|\n|t:|1625542495\n|move|p2a: Itsuki|Moonblast|p1a: Clefable\n|-damage|p1a: Clefable|80\/100\n|move|p1a: Clefable|Soft-Boiled|p1a: Clefable\n|-heal|p1a: Clefable|100\/100\n|\n|upkeep\n|turn|59\n|\n|t:|1625542503\n|switch|p2a: 2 soon|Corviknight, M|12\/100\n|-ability|p2a: 2 soon|Pressure\n|move|p1a: Clefable|Moonblast|p2a: 2 soon\n|-resisted|p2a: 2 soon\n|-damage|p2a: 2 soon|0 fnt\n|faint|p2a: 2 soon\n|\n|upkeep\n|\n|t:|1625542505\n|switch|p2a: the reaper|Heatran, M|64\/100\n|-damage|p2a: the reaper|52\/100|[from] Spikes\n|turn|60\n|\n|t:|1625542508\n|move|p2a: the reaper|Magma Storm|p1a: Clefable\n|-damage|p1a: Clefable|90\/100\n|-activate|p1a: Clefable|move: Magma Storm|[of] p2a: the reaper\n|move|p1a: Clefable|Thunder|p2a: the reaper|[miss]\n|-miss|p1a: Clefable|p2a: the reaper\n|\n|-heal|p2a: the reaper|58\/100|[from] item: Leftovers\n|upkeep\n|turn|61\n|\n|t:|1625542513\n|move|p2a: the reaper|Magma Storm|p1a: Clefable\n|-damage|p1a: Clefable|80\/100\n|move|p1a: Clefable|Thunder|p2a: the reaper\n|-damage|p2a: the reaper|17\/100\n|\n|-heal|p2a: the reaper|23\/100|[from] item: Leftovers\n|upkeep\n|turn|62\n|\n|t:|1625542518\n|move|p2a: the reaper|Magma Storm|p1a: Clefable\n|-damage|p1a: Clefable|70\/100\n|move|p1a: Clefable|Thunder|p2a: the reaper|[miss]\n|-miss|p1a: Clefable|p2a: the reaper\n|\n|-heal|p2a: the reaper|29\/100|[from] item: Leftovers\n|upkeep\n|turn|63\n|\n|t:|1625542524\n|move|p2a: the reaper|Magma Storm|p1a: Clefable\n|-damage|p1a: Clefable|59\/100\n|move|p1a: Clefable|Thunder|p2a: the reaper\n|-damage|p2a: the reaper|0 fnt\n|faint|p2a: the reaper\n|\n|-end|p1a: Clefable|Magma Storm|[partiallytrapped]|[silent]\n|upkeep\n|\n|t:|1625542527\n|switch|p2a: Yotsuba no chikara|Zeraora|99\/100\n|-damage|p2a: Yotsuba no chikara|88\/100|[from] Spikes\n|turn|64\n|\n|t:|1625542529\n|move|p2a: Yotsuba no chikara|Plasma Fists|p1a: Clefable\n|-damage|p1a: Clefable|19\/100\n|move|p1a: Clefable|Moonblast|p2a: Yotsuba no chikara\n|-damage|p2a: Yotsuba no chikara|0 fnt\n|faint|p2a: Yotsuba no chikara\n|\n|upkeep\n|c|\u2606BestixL|gg\n|j| theonetheyfear\n|-message|BestixL forfeited.\n|\n|win|LT81YL bfl\n|raw|LT81YL bfl's rating: 2053 &rarr; <strong>2066<\/strong><br \/>(+13 for winning)\n|raw|BestixL's rating: 1933 &rarr; <strong>1920<\/strong><br \/>(-13 for losing)\n|l| livin so zambian\n|l| IPF\n|l| Wash Rot0m\n|l| LT81YL EMPIR3\n|l| July Leaves\n|l|\u2606BestixL\n|c|\u2606LT81YL bfl|Gg\n|l| venom94\n|l| dfokgdpfg\n|j| hjakshdkjasd\n|l|\u2606LT81YL bfl\n|l| Pvana27\n|l| lt81yl xkh\n|l| hjakshdkjasd\n|l| eebsofresh\n|l| Goojoo\n|l| lt81yl ez\n|l| aloking\n|j| CCLM\n|l| LT81YL Ruby\n|l| reymaki\n|l| LT81YL Manolo\n|l| LT81YL John\n|l| LT81YL Storm\n|l| covidvacfuckedme\n|l| Nixpedia\n|l| Amethystdragon808\n|l| TWoody\n|l| theonetheyfear\n","uploadtime":1625543774,"views":50,"p1id":"lt81ylbfl","p2id":"bestixl","formatid":"gen8ou","rating":1920,"private":0,"password":null}