{"id":"gen8ou-1644759872","p1":"LT94JenPlsComeBack","p2":"bramitoboy","format":"gen8ou","log":"|raw|<div class=\"broadcast-blue\"><strong>This battle is required to be public due to a player having a name starting with 'lt94je'.<\/div>\n|j|\u2606LT94JenPlsComeBack\n|j|\u2606bramitoboy\n|t:|1661096083\n|gametype|singles\n|player|p1|LT94JenPlsComeBack|korrina-masters|1770\n|player|p2|bramitoboy|1|1869\n|teamsize|p1|6\n|teamsize|p2|6\n|gen|8\n|tier|[Gen 8] OU\n|rated|\n|rule|Sleep Clause Mod: Limit one foe put to sleep\n|rule|Species Clause: Limit one of each Pok\u00e9mon\n|rule|OHKO Clause: OHKO moves are banned\n|rule|Evasion Items Clause: Evasion items are banned\n|rule|Evasion Moves Clause: Evasion moves are banned\n|rule|Endless Battle Clause: Forcing endless battles is banned\n|rule|HP Percentage Mod: HP is shown in percentages\n|rule|Dynamax Clause: You cannot dynamax\n|clearpoke\n|poke|p1|Pelipper, F|\n|poke|p1|Barraskewda, F|\n|poke|p1|Regieleki|\n|poke|p1|Tapu Lele|\n|poke|p1|Landorus-Therian, M|\n|poke|p1|Ferrothorn, M|\n|poke|p2|Zarude-Dada|\n|poke|p2|Keldeo-Resolute|\n|poke|p2|Tapu Lele|\n|poke|p2|Tapu Koko|\n|poke|p2|Heatran, F|\n|poke|p2|Landorus-Therian, M|\n|teampreview\n|\n|t:|1661096094\n|start\n|switch|p1a: Landorus|Landorus-Therian, M|100\/100\n|switch|p2a: Heatran|Heatran, F|100\/100\n|-ability|p1a: Landorus|Intimidate|boost\n|-unboost|p2a: Heatran|atk|1\n|-item|p2a: Heatran|Air Balloon\n|turn|1\n|\n|t:|1661096100\n|move|p1a: Landorus|Stealth Rock|p2a: Heatran\n|-sidestart|p2: bramitoboy|move: Stealth Rock\n|move|p2a: Heatran|Stealth Rock|p1a: Landorus\n|-sidestart|p1: LT94JenPlsComeBack|move: Stealth Rock\n|\n|upkeep\n|turn|2\n|inactive|Battle timer is ON: inactive players will automatically lose when time's up. (requested by bramitoboy)\n|\n|t:|1661096129\n|move|p1a: Landorus|U-turn|p2a: Heatran\n|-resisted|p2a: Heatran\n|-damage|p2a: Heatran|96\/100\n|-enditem|p2a: Heatran|Air Balloon\n|\n|t:|1661096131\n|switch|p1a: Pelipper|Pelipper, F|100\/100|[from]move: U-turn\n|-damage|p1a: Pelipper|76\/100|[from] Stealth Rock\n|-weather|RainDance|[from] ability: Drizzle|[of] p1a: Pelipper\n|move|p2a: Heatran|Magma Storm|p1a: Pelipper\n|-resisted|p1a: Pelipper\n|-damage|p1a: Pelipper|52\/100\n|-activate|p1a: Pelipper|move: Magma Storm|[of] p2a: Heatran\n|\n|-weather|RainDance|[upkeep]\n|-damage|p1a: Pelipper|40\/100|[from] move: Magma Storm|[partiallytrapped]\n|upkeep\n|turn|3\n|j| Wish iwas gud\n|\n|t:|1661096143\n|switch|p2a: Zarude|Zarude-Dada|100\/100\n|-damage|p2a: Zarude|88\/100|[from] Stealth Rock\n|move|p1a: Pelipper|Surf|p2a: Zarude\n|-resisted|p2a: Zarude\n|-damage|p2a: Zarude|42\/100\n|\n|-weather|RainDance|[upkeep]\n|-end|p1a: Pelipper|Magma Storm|[partiallytrapped]|[silent]\n|upkeep\n|turn|4\n|j| Forwards\n|\n|t:|1661096153\n|switch|p2a: Heatran|Heatran, F|96\/100\n|-damage|p2a: Heatran|83\/100|[from] Stealth Rock\n|switch|p1a: Landorus|Landorus-Therian, M|100\/100\n|-damage|p1a: Landorus|88\/100|[from] Stealth Rock\n|-ability|p1a: Landorus|Intimidate|boost\n|-unboost|p2a: Heatran|atk|1\n|\n|-weather|RainDance|[upkeep]\n|-heal|p1a: Landorus|94\/100|[from] item: Leftovers\n|upkeep\n|turn|5\n|l| Forwards\n|j| TOJK\n|\n|t:|1661096179\n|move|p1a: Landorus|Earthquake|p2a: Heatran\n|-supereffective|p2a: Heatran\n|-damage|p2a: Heatran|0 fnt\n|faint|p2a: Heatran\n|\n|-weather|RainDance|[upkeep]\n|-heal|p1a: Landorus|99\/100|[from] item: Leftovers\n|upkeep\n|\n|t:|1661096182\n|switch|p2a: Keldeo|Keldeo-Resolute|100\/100\n|-damage|p2a: Keldeo|94\/100|[from] Stealth Rock\n|turn|6\n|j| taldolg\n|inactive|LT94JenPlsComeBack has 120 seconds left.\n|\n|t:|1661096210\n|switch|p1a: Regieleki|Regieleki|100\/100\n|move|p2a: Keldeo|Scald|p1a: Regieleki\n|-damage|p1a: Regieleki|0 fnt\n|faint|p1a: Regieleki\n|\n|-weather|none\n|-heal|p2a: Keldeo|100\/100|[from] item: Leftovers\n|upkeep\n|\n|t:|1661096211\n|switch|p1a: Tapu Lele|Tapu Lele|100\/100\n|-damage|p1a: Tapu Lele|88\/100|[from] Stealth Rock\n|-fieldstart|move: Psychic Terrain|[from] ability: Psychic Surge|[of] p1a: Tapu Lele\n|turn|7\n|c|\u2606bramitoboy|I hate this team\n|\n|t:|1661096225\n|switch|p2a: Zarude|Zarude-Dada|42\/100\n|-damage|p2a: Zarude|29\/100|[from] Stealth Rock\n|move|p1a: Tapu Lele|Moonblast|p2a: Zarude\n|-supereffective|p2a: Zarude\n|-damage|p2a: Zarude|0 fnt\n|faint|p2a: Zarude\n|\n|upkeep\n|j| just nimmemja\n|\n|t:|1661096233\n|switch|p2a: Tapu Lele|Tapu Lele|100\/100\n|-damage|p2a: Tapu Lele|88\/100|[from] Stealth Rock\n|turn|8\n|\n|t:|1661096242\n|switch|p1a: Ferrothorn|Ferrothorn, M|100\/100\n|-damage|p1a: Ferrothorn|94\/100|[from] Stealth Rock\n|move|p2a: Tapu Lele|Moonblast|p1a: Ferrothorn\n|-resisted|p1a: Ferrothorn\n|-damage|p1a: Ferrothorn|78\/100\n|\n|-heal|p1a: Ferrothorn|84\/100|[from] item: Leftovers\n|upkeep\n|turn|9\n|\n|t:|1661096248\n|move|p2a: Tapu Lele|Focus Blast|p1a: Ferrothorn|[miss]\n|-miss|p2a: Tapu Lele|p1a: Ferrothorn\n|move|p1a: Ferrothorn|Iron Head|p2a: Tapu Lele\n|-supereffective|p2a: Tapu Lele\n|-damage|p2a: Tapu Lele|9\/100\n|\n|-heal|p1a: Ferrothorn|91\/100|[from] item: Leftovers\n|upkeep\n|turn|10\n|\n|t:|1661096263\n|move|p2a: Tapu Lele|Focus Blast|p1a: Ferrothorn\n|-supereffective|p1a: Ferrothorn\n|-damage|p1a: Ferrothorn|31\/100\n|move|p1a: Ferrothorn|Spikes|p2a: Tapu Lele\n|-sidestart|p2: bramitoboy|Spikes\n|\n|-heal|p1a: Ferrothorn|37\/100|[from] item: Leftovers\n|upkeep\n|turn|11\n|\n|t:|1661096268\n|move|p2a: Tapu Lele|Focus Blast|p1a: Ferrothorn\n|-supereffective|p1a: Ferrothorn\n|-damage|p1a: Ferrothorn|0 fnt\n|faint|p1a: Ferrothorn\n|\n|-fieldend|move: Psychic Terrain\n|upkeep\n|\n|t:|1661096285\n|switch|p1a: Barraskewda|Barraskewda, F|100\/100\n|-damage|p1a: Barraskewda|88\/100|[from] Stealth Rock\n|turn|12\n|\n|t:|1661096289\n|move|p1a: Barraskewda|Flip Turn|p2a: Tapu Lele\n|-damage|p2a: Tapu Lele|0 fnt\n|faint|p2a: Tapu Lele\n|\n|t:|1661096305\n|switch|p1a: Tapu Lele|Tapu Lele|88\/100|[from]move: Flip Turn\n|-damage|p1a: Tapu Lele|76\/100|[from] Stealth Rock\n|-fieldstart|move: Psychic Terrain|[from] ability: Psychic Surge|[of] p1a: Tapu Lele\n|\n|upkeep\n|\n|t:|1661096314\n|switch|p2a: Tapu Koko|Tapu Koko|100\/100\n|-damage|p2a: Tapu Koko|88\/100|[from] Stealth Rock\n|-damage|p2a: Tapu Koko|76\/100|[from] Spikes\n|-fieldstart|move: Electric Terrain|[from] ability: Electric Surge|[of] p2a: Tapu Koko\n|turn|13\n|\n|t:|1661096325\n|move|p2a: Tapu Koko|Volt Switch|p1a: Tapu Lele\n|-damage|p1a: Tapu Lele|26\/100\n|\n|t:|1661096331\n|switch|p2a: Landorus|Landorus-Therian, M|100\/100|[from]move: Volt Switch\n|-damage|p2a: Landorus|88\/100|[from] Stealth Rock\n|-ability|p2a: Landorus|Intimidate|boost\n|-unboost|p1a: Tapu Lele|atk|1\n|move|p1a: Tapu Lele|Moonblast|p2a: Landorus\n|-damage|p2a: Landorus|28\/100\n|\n|upkeep\n|turn|14\n|c| Wish iwas gud|Scarf koko\n|\n|t:|1661096336\n|move|p1a: Tapu Lele|Moonblast|p2a: Landorus\n|-damage|p2a: Landorus|0 fnt\n|faint|p2a: Landorus\n|\n|upkeep\n|\n|t:|1661096340\n|switch|p2a: Tapu Koko|Tapu Koko|76\/100\n|-damage|p2a: Tapu Koko|63\/100|[from] Stealth Rock\n|-damage|p2a: Tapu Koko|51\/100|[from] Spikes\n|turn|15\n|\n|t:|1661096343\n|switch|p1a: Pelipper|Pelipper, F|40\/100\n|-damage|p1a: Pelipper|15\/100|[from] Stealth Rock\n|-weather|RainDance|[from] ability: Drizzle|[of] p1a: Pelipper\n|move|p2a: Tapu Koko|Dazzling Gleam|p1a: Pelipper\n|-damage|p1a: Pelipper|0 fnt\n|faint|p1a: Pelipper\n|\n|-weather|RainDance|[upkeep]\n|upkeep\n|\n|t:|1661096345\n|switch|p1a: Barraskewda|Barraskewda, F|88\/100\n|-damage|p1a: Barraskewda|76\/100|[from] Stealth Rock\n|turn|16\n|\n|t:|1661096351\n|move|p1a: Barraskewda|Liquidation|p2a: Tapu Koko\n|-damage|p2a: Tapu Koko|0 fnt\n|faint|p2a: Tapu Koko\n|\n|-weather|RainDance|[upkeep]\n|upkeep\n|j| Nom-interdit)\n|c|\u2606bramitoboy|fucking counter team\n|-message|bramitoboy forfeited.\n|\n|win|LT94JenPlsComeBack\n|raw|LT94JenPlsComeBack's rating: 1763 &rarr; <strong>1789<\/strong><br \/>(+26 for winning)\n|raw|bramitoboy's rating: 1869 &rarr; <strong>1843<\/strong><br \/>(-26 for losing)\n|l|\u2606bramitoboy\n|l| TOJK\n|l|\u2606LT94JenPlsComeBack\n|l| Wish iwas gud\n||Ladder isn't responding, score probably updated but might not have (Request timeout).\n","uploadtime":1661096512,"views":121,"p1id":"lt94jenplscomeback","p2id":"bramitoboy","formatid":"gen8ou","rating":1789,"private":0,"password":null}