{"id":"gen8ou-1224982871","p1":"ViableCitations","p2":"ArcanineSquad","format":"gen8ou","log":"|j|\u2606ViableCitations\n|j|\u2606ArcanineSquad\n|t:|1605552779\n|player|p1|ViableCitations|clerkf|1850\n|player|p2|ArcanineSquad|cynthia-gen4|1763\n|teamsize|p1|6\n|teamsize|p2|6\n|gametype|singles\n|gen|8\n|tier|[Gen 8] OU\n|rated|\n|clearpoke\n|poke|p1|Mamoswine, F|\n|poke|p1|Azumarill, F|\n|poke|p1|Dragapult, M|\n|poke|p1|Regieleki|\n|poke|p1|Celesteela|\n|poke|p1|Swampert, M|\n|poke|p2|Magnezone|\n|poke|p2|Dragonite, M|\n|poke|p2|Swampert, F|\n|poke|p2|Buzzwole|\n|poke|p2|Mandibuzz, F|\n|poke|p2|Kyurem-Black|\n|rule|Sleep Clause Mod: Limit one foe put to sleep\n|rule|Species Clause: Limit one of each Pok\u00e9mon\n|rule|OHKO Clause: OHKO moves are banned\n|rule|Evasion Moves Clause: Evasion moves are banned\n|rule|Endless Battle Clause: Forcing endless battles is banned\n|rule|HP Percentage Mod: HP is shown in percentages\n|rule|Dynamax Clause: You cannot dynamax\n|teampreview\n|inactive|Battle timer is ON: inactive players will automatically lose when time's up. (requested by ArcanineSquad)\n|\n|t:|1605552805\n|start\n|switch|p1a: Swampert|Swampert, M|100\/100\n|switch|p2a: Moin|Buzzwole|100\/100\n|turn|1\n|\n|t:|1605552816\n|move|p2a: Moin|Bulk Up|p2a: Moin\n|-boost|p2a: Moin|atk|1\n|-boost|p2a: Moin|def|1\n|move|p1a: Swampert|Toxic|p2a: Moin\n|-status|p2a: Moin|tox\n|\n|-damage|p2a: Moin|94\/100 tox|[from] psn\n|upkeep\n|turn|2\n|\n|t:|1605552824\n|move|p2a: Moin|Drain Punch|p1a: Swampert\n|-damage|p1a: Swampert|54\/100\n|-heal|p2a: Moin|100\/100 tox|[from] drain|[of] p1a: Swampert\n|move|p1a: Swampert|Stealth Rock|p2a: Moin\n|-sidestart|p2: ArcanineSquad|move: Stealth Rock\n|\n|-heal|p1a: Swampert|60\/100|[from] item: Leftovers\n|-damage|p2a: Moin|88\/100 tox|[from] psn\n|upkeep\n|turn|3\n|j| znqq\n|\n|t:|1605552835\n|move|p2a: Moin|Ice Punch|p1a: Swampert\n|-damage|p1a: Swampert|30\/100\n|-status|p1a: Swampert|frz\n|cant|p1a: Swampert|frz\n|\n|-heal|p1a: Swampert|37\/100 frz|[from] item: Leftovers\n|-damage|p2a: Moin|69\/100 tox|[from] psn\n|upkeep\n|turn|4\n|\n|t:|1605552854\n|switch|p2a: Get Trapped xD|Magnezone, shiny|100\/100\n|-damage|p2a: Get Trapped xD|94\/100|[from] Stealth Rock\n|cant|p1a: Swampert|frz\n|\n|-heal|p1a: Swampert|43\/100 frz|[from] item: Leftovers\n|upkeep\n|turn|5\n|\n|t:|1605552862\n|move|p2a: Get Trapped xD|Flash Cannon|p1a: Swampert\n|-resisted|p1a: Swampert\n|-damage|p1a: Swampert|19\/100 frz\n|cant|p1a: Swampert|frz\n|\n|-heal|p1a: Swampert|25\/100 frz|[from] item: Leftovers\n|upkeep\n|turn|6\n|\n|t:|1605552868\n|move|p2a: Get Trapped xD|Flash Cannon|p1a: Swampert\n|-resisted|p1a: Swampert\n|-damage|p1a: Swampert|2\/100 frz\n|cant|p1a: Swampert|frz\n|\n|-heal|p1a: Swampert|9\/100 frz|[from] item: Leftovers\n|upkeep\n|turn|7\n|c|\u2606ViableCitations|i love picket monsters\n|\n|t:|1605552885\n|move|p2a: Get Trapped xD|Flash Cannon|p1a: Swampert\n|-resisted|p1a: Swampert\n|-damage|p1a: Swampert|0 fnt\n|faint|p1a: Swampert\n|\n|upkeep\n|\n|t:|1605552897\n|switch|p1a: Mamoswine|Mamoswine, F|100\/100\n|turn|8\n|\n|t:|1605552907\n|switch|p2a: Moin|Buzzwole|69\/100 tox\n|-damage|p2a: Moin|57\/100 tox|[from] Stealth Rock\n|move|p1a: Mamoswine|Superpower|p2a: Moin\n|-resisted|p2a: Moin\n|-damage|p2a: Moin|39\/100 tox\n|-unboost|p1a: Mamoswine|atk|1\n|-unboost|p1a: Mamoswine|def|1\n|-damage|p1a: Mamoswine|84\/100|[from] item: Rocky Helmet|[of] p2a: Moin\n|\n|-damage|p2a: Moin|33\/100 tox|[from] psn\n|upkeep\n|turn|9\n|j| SpookYeezy\n|\n|t:|1605552921\n|switch|p1a: Celesteela|Celesteela|100\/100\n|move|p2a: Moin|Roost|p2a: Moin\n|-heal|p2a: Moin|83\/100 tox\n|-singleturn|p2a: Moin|move: Roost\n|\n|-damage|p2a: Moin|70\/100 tox|[from] psn\n|upkeep\n|turn|10\n|\n|t:|1605552931\n|switch|p2a: Get Trapped xD|Magnezone, shiny|94\/100\n|-damage|p2a: Get Trapped xD|88\/100|[from] Stealth Rock\n|move|p1a: Celesteela|Earthquake|p2a: Get Trapped xD\n|-supereffective|p2a: Get Trapped xD\n|-damage|p2a: Get Trapped xD|0 fnt\n|faint|p2a: Get Trapped xD\n|-ability|p1a: Celesteela|Beast Boost|boost\n|-boost|p1a: Celesteela|def|1\n|\n|upkeep\n|\n|t:|1605552944\n|switch|p2a: Kalt|Kyurem-Black|100\/100\n|-ability|p2a: Kalt|Teravolt\n|turn|11\n|\n|t:|1605552949\n|move|p2a: Kalt|Dragon Dance|p2a: Kalt\n|-boost|p2a: Kalt|atk|1\n|-boost|p2a: Kalt|spe|1\n|move|p1a: Celesteela|Heavy Slam|p2a: Kalt\n|-supereffective|p2a: Kalt\n|-damage|p2a: Kalt|54\/100\n|\n|upkeep\n|turn|12\n|\n|t:|1605552964\n|move|p2a: Kalt|Dragon Dance|p2a: Kalt\n|-boost|p2a: Kalt|atk|1\n|-boost|p2a: Kalt|spe|1\n|move|p1a: Celesteela|Leech Seed|p2a: Kalt\n|-start|p2a: Kalt|move: Leech Seed\n|\n|-damage|p2a: Kalt|42\/100|[from] Leech Seed|[of] p1a: Celesteela\n|upkeep\n|turn|13\n|\n|t:|1605552973\n|move|p2a: Kalt|Fusion Bolt|p1a: Celesteela\n|-supereffective|p1a: Celesteela\n|-damage|p1a: Celesteela|17\/100\n|move|p1a: Celesteela|Heavy Slam|p2a: Kalt\n|-supereffective|p2a: Kalt\n|-damage|p2a: Kalt|0 fnt\n|faint|p2a: Kalt\n|-ability|p1a: Celesteela|Beast Boost|boost\n|-boost|p1a: Celesteela|def|1\n|\n|-heal|p1a: Celesteela|23\/100|[from] item: Leftovers\n|upkeep\n|-message|ArcanineSquad forfeited.\n|\n|win|ViableCitations\n|l|\u2606ArcanineSquad\n","uploadtime":1605553003,"views":10,"p1id":"viablecitations","p2id":"arcaninesquad","formatid":"gen8ou","rating":0,"private":0,"password":null}