{"id":"gen8ou-1680799204","p1":"dmt dreams","p2":"Milo","format":"gen8ou","log":"|j|\u203ddmt dreams\n|j|\u2606Milo\n|inactive|Battle timer is ON: inactive players will automatically lose when time's up.\n|t:|1665240817\n|gametype|singles\n|player|p1|dmt dreams|tuber-gen6|\n|player|p2|Milo|red-gen7|\n|teamsize|p1|6\n|teamsize|p2|6\n|gen|8\n|tier|[Gen 8] OU\n|rated|Tournament battle\n|rule|Sleep Clause Mod: Limit one foe put to sleep\n|rule|Species Clause: Limit one of each Pok\u00e9mon\n|rule|OHKO Clause: OHKO moves are banned\n|rule|Evasion Items Clause: Evasion items are banned\n|rule|Evasion Moves Clause: Evasion moves are banned\n|rule|Endless Battle Clause: Forcing endless battles is banned\n|rule|HP Percentage Mod: HP is shown in percentages\n|rule|Dynamax Clause: You cannot dynamax\n|clearpoke\n|poke|p1|Mew|\n|poke|p1|Pelipper, F|\n|poke|p1|Tapu Koko|\n|poke|p1|Kingdra, F|\n|poke|p1|Weavile, M|\n|poke|p1|Kartana|\n|poke|p2|Pelipper, F|\n|poke|p2|Barraskewda, F|\n|poke|p2|Crawdaunt, M|\n|poke|p2|Ferrothorn, M|\n|poke|p2|Zapdos|\n|poke|p2|Seismitoad, F|\n|teampreview\n|inactive|Milo also wants the timer to be on.\n|inactive|dmt dreams also wants the timer to be on.\n|c|\u2606Milo|hf\n|j| GengarAdept\n|\n|t:|1665240828\n|start\n|switch|p1a: Mew|Mew|100\/100\n|switch|p2a: Seismitoad|Seismitoad, F|100\/100\n|turn|1\n|j| Forwards\n|\n|t:|1665240835\n|switch|p2a: Pelipper|Pelipper, F|100\/100\n|-weather|RainDance|[from] ability: Drizzle|[of] p2a: Pelipper\n|move|p1a: Mew|Will-O-Wisp|p2a: Pelipper\n|-status|p2a: Pelipper|brn\n|\n|-weather|RainDance|[upkeep]\n|-damage|p2a: Pelipper|94\/100 brn|[from] brn\n|upkeep\n|turn|2\n|\n|t:|1665240837\n|move|p1a: Mew|Stealth Rock|p2a: Pelipper\n|-sidestart|p2: Milo|move: Stealth Rock\n|move|p2a: Pelipper|U-turn|p1a: Mew\n|-supereffective|p1a: Mew\n|-damage|p1a: Mew|94\/100\n|\n|t:|1665240841\n|switch|p2a: Barraskewda|Barraskewda, F|100\/100|[from]move: U-turn\n|-damage|p2a: Barraskewda|88\/100|[from] Stealth Rock\n|\n|-weather|RainDance|[upkeep]\n|upkeep\n|turn|3\n|\n|t:|1665240843\n|move|p2a: Barraskewda|Flip Turn|p1a: Mew\n|-damage|p1a: Mew|28\/100\n|\n|t:|1665240847\n|switch|p2a: Pelipper|Pelipper, F|94\/100 brn|[from]move: Flip Turn\n|-damage|p2a: Pelipper|70\/100 brn|[from] Stealth Rock\n|move|p1a: Mew|Thunder Wave|p2a: Pelipper|[miss]\n|-miss|p1a: Mew|p2a: Pelipper\n|\n|-weather|RainDance|[upkeep]\n|-damage|p2a: Pelipper|63\/100 brn|[from] brn\n|upkeep\n|turn|4\n|j| lando is my bf\n|\n|t:|1665240850\n|move|p1a: Mew|Spikes|p2a: Pelipper\n|-sidestart|p2: Milo|Spikes\n|move|p2a: Pelipper|Defog|p1a: Mew\n|-unboost|p1a: Mew|evasion|1\n|-sideend|p2: Milo|Spikes|[from] move: Defog|[of] p2a: Pelipper\n|-sideend|p2: Milo|Stealth Rock|[from] move: Defog|[of] p2a: Pelipper\n|\n|-weather|RainDance|[upkeep]\n|-damage|p2a: Pelipper|57\/100 brn|[from] brn\n|upkeep\n|turn|5\n|\n|t:|1665240852\n|move|p1a: Mew|Stealth Rock|p2a: Pelipper\n|-sidestart|p2: Milo|move: Stealth Rock\n|move|p2a: Pelipper|Roost|p2a: Pelipper\n|-heal|p2a: Pelipper|100\/100 brn\n|-singleturn|p2a: Pelipper|move: Roost\n|\n|-weather|RainDance|[upkeep]\n|-damage|p2a: Pelipper|94\/100 brn|[from] brn\n|upkeep\n|turn|6\n|\n|t:|1665240854\n|move|p1a: Mew|Spikes|p2a: Pelipper\n|-sidestart|p2: Milo|Spikes\n|move|p2a: Pelipper|Defog|p1a: Mew\n|-unboost|p1a: Mew|evasion|1\n|-sideend|p2: Milo|Spikes|[from] move: Defog|[of] p2a: Pelipper\n|-sideend|p2: Milo|Stealth Rock|[from] move: Defog|[of] p2a: Pelipper\n|\n|-weather|RainDance|[upkeep]\n|-damage|p2a: Pelipper|88\/100 brn|[from] brn\n|upkeep\n|turn|7\n|\n|t:|1665240855\n|move|p1a: Mew|Stealth Rock|p2a: Pelipper\n|-sidestart|p2: Milo|move: Stealth Rock\n|move|p2a: Pelipper|Scald|p1a: Mew\n|-damage|p1a: Mew|0 fnt\n|faint|p1a: Mew\n|\n|-weather|RainDance|[upkeep]\n|-damage|p2a: Pelipper|82\/100 brn|[from] brn\n|upkeep\n|\n|t:|1665240861\n|switch|p1a: Tapu Koko|Tapu Koko|100\/100\n|-fieldstart|move: Electric Terrain|[from] ability: Electric Surge|[of] p1a: Tapu Koko\n|turn|8\n|\n|t:|1665240864\n|switch|p2a: Ferrothorn|Ferrothorn, M|100\/100\n|-damage|p2a: Ferrothorn|94\/100|[from] Stealth Rock\n|move|p1a: Tapu Koko|Thunder|p2a: Ferrothorn\n|-resisted|p2a: Ferrothorn\n|-damage|p2a: Ferrothorn|70\/100\n|-status|p2a: Ferrothorn|par\n|\n|-weather|none\n|-heal|p2a: Ferrothorn|77\/100 par|[from] item: Leftovers\n|upkeep\n|turn|9\n|\n|t:|1665240871\n|move|p1a: Tapu Koko|Taunt|p2a: Ferrothorn\n|-start|p2a: Ferrothorn|move: Taunt\n|move|p2a: Ferrothorn|Knock Off|p1a: Tapu Koko\n|-resisted|p1a: Tapu Koko\n|-damage|p1a: Tapu Koko|85\/100\n|-enditem|p1a: Tapu Koko|Heavy-Duty Boots|[from] move: Knock Off|[of] p2a: Ferrothorn\n|\n|-heal|p2a: Ferrothorn|83\/100 par|[from] item: Leftovers\n|upkeep\n|turn|10\n|\n|t:|1665240875\n|move|p1a: Tapu Koko|U-turn|p2a: Ferrothorn\n|-damage|p2a: Ferrothorn|74\/100 par\n|-damage|p1a: Tapu Koko|72\/100|[from] ability: Iron Barbs|[of] p2a: Ferrothorn\n|\n|t:|1665240877\n|switch|p1a: Pelipper|Pelipper, F|100\/100|[from]move: U-turn\n|-weather|RainDance|[from] ability: Drizzle|[of] p1a: Pelipper\n|move|p2a: Ferrothorn|Knock Off|p1a: Pelipper\n|-damage|p1a: Pelipper|74\/100\n|-enditem|p1a: Pelipper|Damp Rock|[from] move: Knock Off|[of] p2a: Ferrothorn\n|\n|-weather|RainDance|[upkeep]\n|-heal|p2a: Ferrothorn|80\/100 par|[from] item: Leftovers\n|upkeep\n|turn|11\n|\n|t:|1665240883\n|move|p1a: Pelipper|Knock Off|p2a: Ferrothorn\n|-damage|p2a: Ferrothorn|74\/100 par\n|-damage|p1a: Pelipper|62\/100|[from] ability: Iron Barbs|[of] p2a: Ferrothorn\n|-enditem|p2a: Ferrothorn|Leftovers|[from] move: Knock Off|[of] p1a: Pelipper\n|move|p2a: Ferrothorn|Power Whip|p1a: Pelipper\n|-damage|p1a: Pelipper|12\/100\n|\n|-weather|RainDance|[upkeep]\n|-end|p2a: Ferrothorn|move: Taunt\n|upkeep\n|turn|12\n|\n|t:|1665240886\n|move|p1a: Pelipper|Hurricane|p2a: Ferrothorn\n|-damage|p2a: Ferrothorn|31\/100 par\n|move|p2a: Ferrothorn|Power Whip|p1a: Pelipper|[miss]\n|-miss|p2a: Ferrothorn|p1a: Pelipper\n|\n|-weather|RainDance|[upkeep]\n|-fieldend|move: Electric Terrain\n|upkeep\n|turn|13\n|\n|t:|1665240891\n|switch|p2a: Zapdos|Zapdos|100\/100\n|move|p1a: Pelipper|Hurricane|p2a: Zapdos\n|-resisted|p2a: Zapdos\n|-damage|p2a: Zapdos|72\/100\n|\n|-weather|RainDance|[upkeep]\n|upkeep\n|turn|14\n|\n|t:|1665240894\n|move|p2a: Zapdos|Thunder|p1a: Pelipper\n|-supereffective|p1a: Pelipper\n|-damage|p1a: Pelipper|0 fnt\n|faint|p1a: Pelipper\n|\n|-weather|RainDance|[upkeep]\n|upkeep\n|\n|t:|1665240895\n|switch|p1a: Kingdra|Kingdra, F|100\/100\n|turn|15\n|\n|t:|1665240904\n|switch|p2a: Ferrothorn|Ferrothorn, M|31\/100 par\n|-damage|p2a: Ferrothorn|25\/100 par|[from] Stealth Rock\n|move|p1a: Kingdra|Surf|p2a: Ferrothorn\n|-resisted|p2a: Ferrothorn\n|-damage|p2a: Ferrothorn|0 fnt\n|faint|p2a: Ferrothorn\n|\n|-weather|RainDance|[upkeep]\n|upkeep\n|j| AGLT5TXSombraAgain\n|\n|t:|1665240907\n|switch|p2a: Barraskewda|Barraskewda, F|88\/100\n|-damage|p2a: Barraskewda|76\/100|[from] Stealth Rock\n|turn|16\n|\n|t:|1665240913\n|move|p2a: Barraskewda|Flip Turn|p1a: Kingdra\n|-resisted|p1a: Kingdra\n|-damage|p1a: Kingdra|79\/100\n|\n|t:|1665240922\n|switch|p2a: Pelipper|Pelipper, F|82\/100 brn|[from]move: Flip Turn\n|-damage|p2a: Pelipper|57\/100 brn|[from] Stealth Rock\n|move|p1a: Kingdra|Surf|p2a: Pelipper\n|-resisted|p2a: Pelipper\n|-damage|p2a: Pelipper|0 fnt\n|faint|p2a: Pelipper\n|\n|-weather|RainDance|[upkeep]\n|upkeep\n|\n|t:|1665240926\n|switch|p2a: Crawdaunt|Crawdaunt, M|100\/100\n|-damage|p2a: Crawdaunt|88\/100|[from] Stealth Rock\n|turn|17\n|\n|t:|1665240929\n|move|p1a: Kingdra|Surf|p2a: Crawdaunt\n|-resisted|p2a: Crawdaunt\n|-damage|p2a: Crawdaunt|0 fnt\n|faint|p2a: Crawdaunt\n|\n|-weather|none\n|upkeep\n|\n|t:|1665240935\n|switch|p2a: Zapdos|Zapdos|72\/100\n|turn|18\n|\n|t:|1665240940\n|move|p2a: Zapdos|Thunder|p1a: Kingdra\n|-damage|p1a: Kingdra|8\/100\n|move|p1a: Kingdra|Surf|p2a: Zapdos\n|-damage|p2a: Zapdos|0 fnt\n|faint|p2a: Zapdos\n|\n|upkeep\n|\n|t:|1665240944\n|switch|p2a: Barraskewda|Barraskewda, F|76\/100\n|-damage|p2a: Barraskewda|64\/100|[from] Stealth Rock\n|turn|19\n|\n|t:|1665240953\n|move|p2a: Barraskewda|Close Combat|p1a: Kingdra\n|-damage|p1a: Kingdra|0 fnt\n|-unboost|p2a: Barraskewda|def|1\n|-unboost|p2a: Barraskewda|spd|1\n|faint|p1a: Kingdra\n|\n|upkeep\n|\n|t:|1665240955\n|switch|p1a: Kartana|Kartana|100\/100\n|turn|20\n|\n|t:|1665240956\n|move|p1a: Kartana|Leaf Blade|p2a: Barraskewda\n|-supereffective|p2a: Barraskewda\n|-crit|p2a: Barraskewda\n|-damage|p2a: Barraskewda|0 fnt\n|faint|p2a: Barraskewda\n|-ability|p1a: Kartana|Beast Boost|boost\n|-boost|p1a: Kartana|atk|1\n|\n|upkeep\n|c|\u2606Milo|gg\n|-message|Milo forfeited.\n|\n|win|dmt dreams\n|n|\u203ddmt dreams|dmtdreams\n|n|\u2606Milo|milo\n|n| GengarAdept|gengaradept\n|n| Forwards|forwards\n|n| lando is my bf|landoismybf\n|n| AGLT5TXSombraAgain|aglt5txsombraagain\n|l|\u2606Milo\n|l| lando is my bf\n","uploadtime":1665240963,"views":99,"p1id":"dmtdreams","p2id":"milo","formatid":"gen8ou","rating":0,"private":0,"password":null}