{"id":"gen8ou-1700279557","p1":"why addicted","p2":"Mamaw31180","format":"gen8ou","log":"|j|\u2606why addicted\n|j|\u2606Mamaw31180\n|t:|1667326981\n|gametype|singles\n|player|p1|why addicted|2|1960\n|player|p2|Mamaw31180|lucas|1876\n|teamsize|p1|6\n|teamsize|p2|6\n|gen|8\n|tier|[Gen 8] OU\n|rated|\n|rule|Sleep Clause Mod: Limit one foe put to sleep\n|rule|Species Clause: Limit one of each Pok\u00e9mon\n|rule|OHKO Clause: OHKO moves are banned\n|rule|Evasion Items Clause: Evasion items are banned\n|rule|Evasion Moves Clause: Evasion moves are banned\n|rule|Endless Battle Clause: Forcing endless battles is banned\n|rule|HP Percentage Mod: HP is shown in percentages\n|rule|Dynamax Clause: You cannot dynamax\n|clearpoke\n|poke|p1|Landorus-Therian, M|\n|poke|p1|Heatran, M|\n|poke|p1|Ferrothorn, M|\n|poke|p1|Dragapult, M|\n|poke|p1|Tapu Lele|\n|poke|p1|Urshifu-*, F|\n|poke|p2|Kartana|\n|poke|p2|Blacephalon|\n|poke|p2|Landorus-Therian, M|\n|poke|p2|Slowbro, F|\n|poke|p2|Zapdos|\n|poke|p2|Tyranitar, F|\n|teampreview\n|j| BathrFox\n|j| Xzawac\n|inactive|Battle timer is ON: inactive players will automatically lose when time's up. (requested by Mamaw31180)\n|\n|t:|1667327002\n|start\n|switch|p1a: Urshifu|Urshifu-Rapid-Strike, F|100\/100\n|switch|p2a: Slowbro|Slowbro, F|100\/100\n|turn|1\n|\n|t:|1667327007\n|move|p1a: Urshifu|U-turn|p2a: Slowbro\n|-supereffective|p2a: Slowbro\n|-crit|p2a: Slowbro\n|-damage|p2a: Slowbro|59\/100\n|\n|t:|1667327012\n|switch|p1a: Ferrothorn|Ferrothorn, M|100\/100|[from]move: U-turn\n|move|p2a: Slowbro|Teleport|p2a: Slowbro\n|\n|t:|1667327016\n|switch|p2a: Blacephalon|Blacephalon|100\/100|[from]move: Teleport\n|\n|upkeep\n|turn|2\n|\n|t:|1667327023\n|switch|p1a: Heatran|Heatran, M|100\/100\n|move|p2a: Blacephalon|Overheat|p1a: Heatran\n|-start|p1a: Heatran|ability: Flash Fire\n|\n|upkeep\n|turn|3\n|\n|t:|1667327029\n|switch|p2a: Tyranitar|Tyranitar, F|100\/100\n|-weather|Sandstorm|[from] ability: Sand Stream|[of] p2a: Tyranitar\n|move|p1a: Heatran|Magma Storm|p2a: Tyranitar\n|-resisted|p2a: Tyranitar\n|-damage|p2a: Tyranitar|79\/100\n|-activate|p2a: Tyranitar|move: Magma Storm|[of] p1a: Heatran\n|\n|-weather|Sandstorm|[upkeep]\n|-damage|p2a: Tyranitar|67\/100|[from] move: Magma Storm|[partiallytrapped]\n|upkeep\n|turn|4\n|\n|t:|1667327033\n|move|p1a: Heatran|Protect|p1a: Heatran\n|-singleturn|p1a: Heatran|Protect\n|move|p2a: Tyranitar|Stone Edge|p1a: Heatran\n|-activate|p1a: Heatran|move: Protect\n|\n|-weather|Sandstorm|[upkeep]\n|-damage|p2a: Tyranitar|55\/100|[from] move: Magma Storm|[partiallytrapped]\n|upkeep\n|turn|5\n|\n|t:|1667327041\n|-end|p1a: Heatran|ability: Flash Fire|[silent]\n|switch|p1a: Ferrothorn|Ferrothorn, M|100\/100\n|move|p2a: Tyranitar|Stone Edge|p1a: Ferrothorn\n|-resisted|p1a: Ferrothorn\n|-damage|p1a: Ferrothorn|75\/100\n|\n|-weather|Sandstorm|[upkeep]\n|-end|p2a: Tyranitar|Magma Storm|[partiallytrapped]|[silent]\n|upkeep\n|turn|6\n|\n|t:|1667327047\n|switch|p2a: Zapdos|Zapdos|100\/100\n|move|p1a: Ferrothorn|Stealth Rock|p2a: Zapdos\n|-sidestart|p2: Mamaw31180|move: Stealth Rock\n|\n|-weather|Sandstorm|[upkeep]\n|-damage|p2a: Zapdos|94\/100|[from] Sandstorm\n|upkeep\n|turn|7\n|\n|t:|1667327053\n|switch|p1a: Dragapult|Dragapult, M|100\/100\n|move|p2a: Zapdos|Defog|p1a: Dragapult\n|-unboost|p1a: Dragapult|evasion|1\n|-sideend|p2: Mamaw31180|Stealth Rock|[from] move: Defog|[of] p2a: Zapdos\n|\n|-weather|none\n|upkeep\n|turn|8\n|\n|t:|1667327058\n|move|p1a: Dragapult|Draco Meteor|p2a: Zapdos\n|-crit|p2a: Zapdos\n|-damage|p2a: Zapdos|0 fnt\n|-unboost|p1a: Dragapult|spa|2\n|faint|p2a: Zapdos\n|\n|upkeep\n|\n|t:|1667327063\n|switch|p2a: Blacephalon|Blacephalon|100\/100\n|turn|9\n|\n|t:|1667327066\n|switch|p1a: Heatran|Heatran, M|100\/100\n|move|p2a: Blacephalon|Shadow Ball|p1a: Heatran\n|-damage|p1a: Heatran|61\/100\n|\n|-heal|p1a: Heatran|67\/100|[from] item: Leftovers\n|upkeep\n|turn|10\n|\n|t:|1667327070\n|move|p2a: Blacephalon|Shadow Ball|p1a: Heatran\n|-damage|p1a: Heatran|21\/100\n|move|p1a: Heatran|Toxic|p2a: Blacephalon\n|-status|p2a: Blacephalon|tox\n|\n|-heal|p1a: Heatran|27\/100|[from] item: Leftovers\n|-damage|p2a: Blacephalon|94\/100 tox|[from] psn\n|upkeep\n|turn|11\n|\n|t:|1667327073\n|move|p1a: Heatran|Protect|p1a: Heatran\n|-singleturn|p1a: Heatran|Protect\n|move|p2a: Blacephalon|Shadow Ball|p1a: Heatran\n|-activate|p1a: Heatran|move: Protect\n|\n|-heal|p1a: Heatran|34\/100|[from] item: Leftovers\n|-damage|p2a: Blacephalon|82\/100 tox|[from] psn\n|upkeep\n|turn|12\n|\n|t:|1667327078\n|switch|p1a: Landorus|Landorus-Therian, M|100\/100\n|-ability|p1a: Landorus|Intimidate|boost\n|-unboost|p2a: Blacephalon|atk|1\n|move|p2a: Blacephalon|Shadow Ball|p1a: Landorus\n|-damage|p1a: Landorus|52\/100\n|\n|-heal|p1a: Landorus|58\/100|[from] item: Leftovers\n|-damage|p2a: Blacephalon|64\/100 tox|[from] psn\n|upkeep\n|turn|13\n|\n|t:|1667327086\n|switch|p2a: Landorus|Landorus-Therian, M|100\/100\n|-ability|p2a: Landorus|Intimidate|boost\n|-unboost|p1a: Landorus|atk|1\n|move|p1a: Landorus|Knock Off|p2a: Landorus\n|-damage|p2a: Landorus|80\/100\n|-enditem|p2a: Landorus|Leftovers|[from] move: Knock Off|[of] p1a: Landorus\n|\n|-heal|p1a: Landorus|64\/100|[from] item: Leftovers\n|upkeep\n|turn|14\n|\n|t:|1667327090\n|move|p1a: Landorus|U-turn|p2a: Landorus\n|-resisted|p2a: Landorus\n|-damage|p2a: Landorus|73\/100\n|\n|t:|1667327093\n|switch|p1a: Ferrothorn|Ferrothorn, M|75\/100|[from]move: U-turn\n|move|p2a: Landorus|U-turn|p1a: Ferrothorn\n|-damage|p1a: Ferrothorn|62\/100\n|-damage|p2a: Landorus|60\/100|[from] ability: Iron Barbs|[of] p1a: Ferrothorn\n|-damage|p2a: Landorus|44\/100|[from] item: Rocky Helmet|[of] p1a: Ferrothorn\n|\n|t:|1667327096\n|switch|p2a: Blacephalon|Blacephalon|64\/100 tox|[from]move: U-turn\n|\n|-damage|p2a: Blacephalon|58\/100 tox|[from] psn\n|upkeep\n|turn|15\n|\n|t:|1667327104\n|switch|p1a: Heatran|Heatran, M|34\/100\n|move|p2a: Blacephalon|Shadow Ball|p1a: Heatran\n|-damage|p1a: Heatran|0 fnt\n|faint|p1a: Heatran\n|-ability|p2a: Blacephalon|Beast Boost|boost\n|-boost|p2a: Blacephalon|spa|1\n|\n|-damage|p2a: Blacephalon|46\/100 tox|[from] psn\n|upkeep\n|\n|t:|1667327114\n|switch|p1a: Dragapult|Dragapult, M|100\/100\n|turn|16\n|\n|t:|1667327119\n|switch|p2a: Tyranitar|Tyranitar, F|55\/100\n|-weather|Sandstorm|[from] ability: Sand Stream|[of] p2a: Tyranitar\n|move|p1a: Dragapult|Draco Meteor|p2a: Tyranitar\n|-damage|p2a: Tyranitar|0 fnt\n|-unboost|p1a: Dragapult|spa|2\n|faint|p2a: Tyranitar\n|\n|-weather|Sandstorm|[upkeep]\n|-damage|p1a: Dragapult|95\/100|[from] Sandstorm\n|upkeep\n|\n|t:|1667327126\n|switch|p2a: Landorus|Landorus-Therian, M|44\/100\n|-ability|p2a: Landorus|Intimidate|boost\n|-unboost|p1a: Dragapult|atk|1\n|turn|17\n|\n|t:|1667327133\n|switch|p1a: Urshifu|Urshifu-Rapid-Strike, F|100\/100\n|move|p2a: Landorus|Stealth Rock|p1a: Urshifu\n|-sidestart|p1: why addicted|move: Stealth Rock\n|\n|-weather|Sandstorm|[upkeep]\n|-damage|p1a: Urshifu|94\/100|[from] Sandstorm\n|upkeep\n|turn|18\n|\n|t:|1667327138\n|switch|p2a: Slowbro|Slowbro, F|92\/100\n|move|p1a: Urshifu|Surging Strikes|p2a: Slowbro\n|-resisted|p2a: Slowbro\n|-crit|p2a: Slowbro\n|-damage|p2a: Slowbro|87\/100\n|-resisted|p2a: Slowbro\n|-crit|p2a: Slowbro\n|-damage|p2a: Slowbro|80\/100\n|-resisted|p2a: Slowbro\n|-crit|p2a: Slowbro\n|-damage|p2a: Slowbro|75\/100\n|-hitcount|p2a: Slowbro|3\n|\n|-weather|Sandstorm|[upkeep]\n|-damage|p1a: Urshifu|88\/100|[from] Sandstorm\n|-damage|p2a: Slowbro|69\/100|[from] Sandstorm\n|upkeep\n|turn|19\n|\n|t:|1667327141\n|move|p1a: Urshifu|U-turn|p2a: Slowbro\n|-supereffective|p2a: Slowbro\n|-damage|p2a: Slowbro|40\/100\n|\n|t:|1667327145\n|switch|p1a: Ferrothorn|Ferrothorn, M|62\/100|[from]move: U-turn\n|-damage|p1a: Ferrothorn|55\/100|[from] Stealth Rock\n|move|p2a: Slowbro|Teleport|p2a: Slowbro\n|\n|t:|1667327148\n|switch|p2a: Blacephalon|Blacephalon|46\/100 tox|[from]move: Teleport\n|\n|-weather|Sandstorm|[upkeep]\n|-damage|p2a: Blacephalon|40\/100 tox|[from] Sandstorm\n|-damage|p2a: Blacephalon|34\/100 tox|[from] psn\n|upkeep\n|turn|20\n|\n|t:|1667327163\n|switch|p1a: Tapu Lele|Tapu Lele|100\/100\n|-damage|p1a: Tapu Lele|88\/100|[from] Stealth Rock\n|-fieldstart|move: Psychic Terrain|[from] ability: Psychic Surge|[of] p1a: Tapu Lele\n|move|p2a: Blacephalon|Shadow Ball|p1a: Tapu Lele\n|-supereffective|p1a: Tapu Lele\n|-damage|p1a: Tapu Lele|0 fnt\n|faint|p1a: Tapu Lele\n|-ability|p2a: Blacephalon|Beast Boost|boost\n|-boost|p2a: Blacephalon|spa|1\n|\n|-weather|none\n|-damage|p2a: Blacephalon|22\/100 tox|[from] psn\n|upkeep\n|\n|t:|1667327170\n|switch|p1a: Dragapult|Dragapult, M|95\/100\n|-damage|p1a: Dragapult|82\/100|[from] Stealth Rock\n|turn|21\n|\n|t:|1667327179\n|switch|p2a: Landorus|Landorus-Therian, M|44\/100\n|-ability|p2a: Landorus|Intimidate|boost\n|-unboost|p1a: Dragapult|atk|1\n|move|p1a: Dragapult|Shadow Ball|p2a: Landorus\n|-damage|p2a: Landorus|1\/100\n|\n|upkeep\n|turn|22\n|\n|t:|1667327182\n|move|p1a: Dragapult|Shadow Ball|p2a: Landorus\n|-crit|p2a: Landorus\n|-damage|p2a: Landorus|0 fnt\n|faint|p2a: Landorus\n|\n|upkeep\n|\n|t:|1667327184\n|switch|p2a: Kartana|Kartana|100\/100\n|turn|23\n|\n|t:|1667327188\n|switch|p2a: Blacephalon|Blacephalon|22\/100 tox\n|switch|p1a: Landorus|Landorus-Therian, M|64\/100\n|-damage|p1a: Landorus|52\/100|[from] Stealth Rock\n|-ability|p1a: Landorus|Intimidate|boost\n|-unboost|p2a: Blacephalon|atk|1\n|\n|-heal|p1a: Landorus|58\/100|[from] item: Leftovers\n|-damage|p2a: Blacephalon|15\/100 tox|[from] psn\n|upkeep\n|turn|24\n|\n|t:|1667327196\n|switch|p1a: Urshifu|Urshifu-Rapid-Strike, F|88\/100\n|-damage|p1a: Urshifu|82\/100|[from] Stealth Rock\n|move|p2a: Blacephalon|Overheat|p1a: Urshifu\n|-resisted|p1a: Urshifu\n|-damage|p1a: Urshifu|0 fnt\n|-unboost|p2a: Blacephalon|spa|2\n|faint|p1a: Urshifu\n|-ability|p2a: Blacephalon|Beast Boost|boost\n|-boost|p2a: Blacephalon|spa|1\n|\n|-damage|p2a: Blacephalon|3\/100 tox|[from] psn\n|-fieldend|move: Psychic Terrain\n|upkeep\n|\n|t:|1667327202\n|switch|p1a: Landorus|Landorus-Therian, M|58\/100\n|-damage|p1a: Landorus|45\/100|[from] Stealth Rock\n|-ability|p1a: Landorus|Intimidate|boost\n|-unboost|p2a: Blacephalon|atk|1\n|turn|25\n|\n|t:|1667327209\n|switch|p2a: Slowbro|Slowbro, F|74\/100\n|move|p1a: Landorus|Defog|p2a: Slowbro\n|-unboost|p2a: Slowbro|evasion|1\n|-sideend|p1: why addicted|Stealth Rock|[from] move: Defog|[of] p1a: Landorus\n|\n|-heal|p1a: Landorus|51\/100|[from] item: Leftovers\n|upkeep\n|turn|26\n|\n|t:|1667327217\n|move|p1a: Landorus|U-turn|p2a: Slowbro\n|-supereffective|p2a: Slowbro\n|-damage|p2a: Slowbro|46\/100\n|\n|t:|1667327220\n|switch|p1a: Dragapult|Dragapult, M|82\/100|[from]move: U-turn\n|move|p2a: Slowbro|Ice Beam|p1a: Dragapult\n|-supereffective|p1a: Dragapult\n|-damage|p1a: Dragapult|27\/100\n|\n|upkeep\n|turn|27\n|\n|t:|1667327226\n|move|p1a: Dragapult|Shadow Ball|p2a: Slowbro\n|-supereffective|p2a: Slowbro\n|-damage|p2a: Slowbro|0 fnt\n|faint|p2a: Slowbro\n|\n|upkeep\n|\n|t:|1667327228\n|switch|p2a: Kartana|Kartana|100\/100\n|turn|28\n|\n|t:|1667327235\n|switch|p1a: Ferrothorn|Ferrothorn, M|55\/100\n|move|p2a: Kartana|Knock Off|p1a: Ferrothorn\n|-damage|p1a: Ferrothorn|30\/100\n|-damage|p2a: Kartana|88\/100|[from] ability: Iron Barbs|[of] p1a: Ferrothorn\n|-damage|p2a: Kartana|72\/100|[from] item: Rocky Helmet|[of] p1a: Ferrothorn\n|-enditem|p1a: Ferrothorn|Rocky Helmet|[from] move: Knock Off|[of] p2a: Kartana\n|\n|upkeep\n|turn|29\n|\n|t:|1667327242\n|move|p2a: Kartana|Knock Off|p1a: Ferrothorn\n|-damage|p1a: Ferrothorn|14\/100\n|-damage|p2a: Kartana|59\/100|[from] ability: Iron Barbs|[of] p1a: Ferrothorn\n|move|p1a: Ferrothorn|Knock Off|p2a: Kartana\n|-damage|p2a: Kartana|38\/100\n|-enditem|p2a: Kartana|Choice Scarf|[from] move: Knock Off|[of] p1a: Ferrothorn\n|\n|upkeep\n|turn|30\n|\n|t:|1667327250\n|move|p2a: Kartana|Knock Off|p1a: Ferrothorn\n|-damage|p1a: Ferrothorn|0 fnt\n|-damage|p2a: Kartana|25\/100|[from] ability: Iron Barbs|[of] p1a: Ferrothorn\n|faint|p1a: Ferrothorn\n|-ability|p2a: Kartana|Beast Boost|boost\n|-boost|p2a: Kartana|atk|1\n|\n|upkeep\n|\n|t:|1667327253\n|switch|p1a: Dragapult|Dragapult, M|27\/100\n|turn|31\n|\n|t:|1667327256\n|move|p1a: Dragapult|Shadow Ball|p2a: Kartana\n|-crit|p2a: Kartana\n|-damage|p2a: Kartana|0 fnt\n|faint|p2a: Kartana\n|\n|upkeep\n|-message|Mamaw31180 forfeited.\n|\n|win|why addicted\n|raw|why addicted's rating: 1960 &rarr; <strong>1975<\/strong><br \/>(+15 for winning)\n|raw|Mamaw31180's rating: 1876 &rarr; <strong>1861<\/strong><br \/>(-15 for losing)\n|l|\u2606Mamaw31180\n|l| Xzawac\n||Ladder isn't responding, score probably updated but might not have (Request timeout).\n","uploadtime":1667327266,"views":38,"p1id":"whyaddicted","p2id":"mamaw31180","formatid":"gen8ou","rating":1861,"private":0,"password":null}