{"id":"gen8ou-1320761194","p1":"i know im horrible","p2":"breblaez","format":"gen8ou","log":"|html|<div class=\"broadcast-blue\"><strong>[Gen 8] OU is currently suspecting Zamazenta-Crowned! For information on how to participate check out the <a href=\"https:\/\/www.smogon.com\/forums\/threads\/np-ss-ou-suspect-process-round-10-royals.3681787\/\">suspect thread<\/a>.<\/strong><\/div>\n|j|\u2606i know im horrible\n|j|\u2606breblaez\n|t:|1618328333\n|gametype|singles\n|player|p1|i know im horrible|266|1555\n|player|p2|breblaez|165|1545\n|teamsize|p1|6\n|teamsize|p2|6\n|gen|8\n|tier|[Gen 8] OU\n|rated|\n|clearpoke\n|poke|p1|Ferrothorn, F|\n|poke|p1|Landorus-Therian, M|\n|poke|p1|Blissey, F|\n|poke|p1|Dragapult, M|\n|poke|p1|Slowking, M|\n|poke|p1|Tapu Lele|\n|poke|p2|Blacephalon|\n|poke|p2|Dragapult, M|\n|poke|p2|Tyranitar, M|\n|poke|p2|Ferrothorn, F|\n|poke|p2|Tapu Koko|\n|poke|p2|Sceptile, M|\n|rule|Sleep Clause Mod: Limit one foe put to sleep\n|rule|Species Clause: Limit one of each Pok\u00e9mon\n|rule|OHKO Clause: OHKO moves are banned\n|rule|Evasion Moves Clause: Evasion moves are banned\n|rule|Endless Battle Clause: Forcing endless battles is banned\n|rule|HP Percentage Mod: HP is shown in percentages\n|rule|Dynamax Clause: You cannot dynamax\n|teampreview\n|inactive|Battle timer is ON: inactive players will automatically lose when time's up. (requested by breblaez)\n|\n|t:|1618328359\n|start\n|switch|p1a: Ferrothorn|Ferrothorn, F|100\/100\n|switch|p2a: Tapu Koko|Tapu Koko|100\/100\n|-fieldstart|move: Electric Terrain|[from] ability: Electric Surge|[of] p2a: Tapu Koko\n|turn|1\n|\n|t:|1618328362\n|move|p2a: Tapu Koko|Volt Switch|p1a: Ferrothorn\n|-resisted|p1a: Ferrothorn\n|-damage|p1a: Ferrothorn|80\/100\n|\n|t:|1618328364\n|switch|p2a: Ferrothorn|Ferrothorn, F|100\/100|[from]move: Volt Switch\n|move|p1a: Ferrothorn|Spikes|p2a: Ferrothorn\n|-sidestart|p2: breblaez|Spikes\n|\n|-heal|p1a: Ferrothorn|86\/100|[from] item: Leftovers\n|upkeep\n|turn|2\n|\n|t:|1618328367\n|move|p2a: Ferrothorn|Stealth Rock|p1a: Ferrothorn\n|-sidestart|p1: i know im horrible|move: Stealth Rock\n|move|p1a: Ferrothorn|Knock Off|p2a: Ferrothorn\n|-damage|p2a: Ferrothorn|87\/100\n|-damage|p1a: Ferrothorn|74\/100|[from] ability: Iron Barbs|[of] p2a: Ferrothorn\n|-damage|p1a: Ferrothorn|57\/100|[from] item: Rocky Helmet|[of] p2a: Ferrothorn\n|-enditem|p2a: Ferrothorn|Rocky Helmet|[from] move: Knock Off|[of] p1a: Ferrothorn\n|\n|-heal|p1a: Ferrothorn|63\/100|[from] item: Leftovers\n|upkeep\n|turn|3\n|\n|t:|1618328371\n|move|p2a: Ferrothorn|Knock Off|p1a: Ferrothorn\n|-damage|p1a: Ferrothorn|50\/100\n|-damage|p2a: Ferrothorn|75\/100|[from] ability: Iron Barbs|[of] p1a: Ferrothorn\n|-enditem|p1a: Ferrothorn|Leftovers|[from] move: Knock Off|[of] p2a: Ferrothorn\n|move|p1a: Ferrothorn|Spikes|p2a: Ferrothorn\n|-sidestart|p2: breblaez|Spikes\n|\n|upkeep\n|turn|4\n|\n|t:|1618328375\n|move|p2a: Ferrothorn|Body Press|p1a: Ferrothorn\n|-supereffective|p1a: Ferrothorn\n|-damage|p1a: Ferrothorn|16\/100\n|-damage|p2a: Ferrothorn|63\/100|[from] ability: Iron Barbs|[of] p1a: Ferrothorn\n|move|p1a: Ferrothorn|Spikes|p2a: Ferrothorn\n|-sidestart|p2: breblaez|Spikes\n|\n|upkeep\n|turn|5\n|\n|t:|1618328390\n|switch|p1a: Slowking|Slowking, M|100\/100\n|move|p2a: Ferrothorn|Body Press|p1a: Slowking\n|-resisted|p1a: Slowking\n|-damage|p1a: Slowking|86\/100\n|\n|-fieldend|move: Electric Terrain\n|upkeep\n|turn|6\n|\n|t:|1618328394\n|move|p1a: Slowking|Future Sight|p2a: Ferrothorn\n|-start|p1a: Slowking|move: Future Sight\n|move|p2a: Ferrothorn|Knock Off|p1a: Slowking\n|-supereffective|p1a: Slowking\n|-damage|p1a: Slowking|37\/100\n|-enditem|p1a: Slowking|Heavy-Duty Boots|[from] move: Knock Off|[of] p2a: Ferrothorn\n|\n|upkeep\n|turn|7\n|\n|t:|1618328401\n|move|p2a: Ferrothorn|Knock Off|p1a: Slowking\n|-supereffective|p1a: Slowking\n|-damage|p1a: Slowking|4\/100\n|move|p1a: Slowking|Teleport|p1a: Slowking\n|\n|t:|1618328408\n|switch|p1a: Dragapult|Dragapult, M|100\/100|[from]move: Teleport\n|\n|upkeep\n|turn|8\n|\n|t:|1618328412\n|move|p1a: Dragapult|U-turn|p2a: Ferrothorn\n|-damage|p2a: Ferrothorn|47\/100\n|-damage|p1a: Dragapult|88\/100|[from] ability: Iron Barbs|[of] p2a: Ferrothorn\n|\n|t:|1618328416\n|switch|p1a: Ferrothorn|Ferrothorn, F|16\/100|[from]move: U-turn\n|-damage|p1a: Ferrothorn|9\/100|[from] Stealth Rock\n|move|p2a: Ferrothorn|Knock Off|p1a: Ferrothorn\n|-damage|p1a: Ferrothorn|0 fnt\n|-damage|p2a: Ferrothorn|34\/100|[from] ability: Iron Barbs|[of] p1a: Ferrothorn\n|faint|p1a: Ferrothorn\n|\n|-end|p2a: Ferrothorn|move: Future Sight\n|-resisted|p2a: Ferrothorn\n|-damage|p2a: Ferrothorn|16\/100\n|upkeep\n|\n|t:|1618328421\n|switch|p1a: Dragapult|Dragapult, M|88\/100\n|turn|9\n|\n|t:|1618328425\n|move|p1a: Dragapult|Flamethrower|p2a: Ferrothorn\n|-supereffective|p2a: Ferrothorn\n|-damage|p2a: Ferrothorn|0 fnt\n|faint|p2a: Ferrothorn\n|\n|upkeep\n|\n|t:|1618328435\n|switch|p2a: Tyranitar|Tyranitar, M|100\/100\n|-damage|p2a: Tyranitar|75\/100|[from] Spikes\n|-weather|Sandstorm|[from] ability: Sand Stream|[of] p2a: Tyranitar\n|turn|10\n|\n|t:|1618328438\n|move|p1a: Dragapult|U-turn|p2a: Tyranitar\n|-supereffective|p2a: Tyranitar\n|-damage|p2a: Tyranitar|34\/100\n|\n|t:|1618328441\n|switch|p1a: Landorus|Landorus-Therian, M|100\/100|[from]move: U-turn\n|-damage|p1a: Landorus|88\/100|[from] Stealth Rock\n|-ability|p1a: Landorus|Intimidate|boost\n|-unboost|p2a: Tyranitar|atk|1\n|move|p2a: Tyranitar|Ice Beam|p1a: Landorus\n|-supereffective|p1a: Landorus\n|-damage|p1a: Landorus|0 fnt\n|faint|p1a: Landorus\n|\n|-weather|Sandstorm|[upkeep]\n|upkeep\n|\n|t:|1618328445\n|switch|p1a: Dragapult|Dragapult, M|88\/100\n|turn|11\n|\n|t:|1618328448\n|move|p1a: Dragapult|U-turn|p2a: Tyranitar\n|-supereffective|p2a: Tyranitar\n|-damage|p2a: Tyranitar|0 fnt\n|faint|p2a: Tyranitar\n|\n|t:|1618328452\n|switch|p1a: Slowking|Slowking, M|37\/100|[from]move: U-turn\n|-damage|p1a: Slowking|25\/100|[from] Stealth Rock\n|\n|-weather|Sandstorm|[upkeep]\n|-damage|p1a: Slowking|19\/100|[from] Sandstorm\n|upkeep\n|\n|t:|1618328456\n|switch|p2a: Blacephalon|Blacephalon|100\/100\n|-damage|p2a: Blacephalon|76\/100|[from] Spikes\n|turn|12\n|\n|t:|1618328463\n|switch|p1a: Blissey|Blissey, F|100\/100\n|move|p2a: Blacephalon|Psyshock|p1a: Blissey\n|-damage|p1a: Blissey|73\/100\n|\n|-weather|Sandstorm|[upkeep]\n|-damage|p2a: Blacephalon|70\/100|[from] Sandstorm\n|-damage|p1a: Blissey|67\/100|[from] Sandstorm\n|upkeep\n|turn|13\n|\n|t:|1618328468\n|switch|p2a: Dragapult|Dragapult, M|100\/100\n|-damage|p2a: Dragapult|76\/100|[from] Spikes\n|move|p1a: Blissey|Soft-Boiled|p1a: Blissey\n|-heal|p1a: Blissey|100\/100\n|\n|-weather|Sandstorm|[upkeep]\n|-damage|p2a: Dragapult|70\/100|[from] Sandstorm\n|-damage|p1a: Blissey|94\/100|[from] Sandstorm\n|upkeep\n|turn|14\n|\n|t:|1618328472\n|move|p2a: Dragapult|Dragon Darts|p1a: Blissey\n|-damage|p1a: Blissey|67\/100\n|-anim|p2a: Dragapult|Dragon Darts|p1a: Blissey\n|-damage|p1a: Blissey|38\/100\n|-damage|p2a: Dragapult|60\/100|[from] item: Life Orb\n|move|p1a: Blissey|Wish|p1a: Blissey\n|\n|-weather|none\n|upkeep\n|turn|15\n|\n|t:|1618328482\n|switch|p1a: Tapu Lele|Tapu Lele|100\/100\n|-damage|p1a: Tapu Lele|88\/100|[from] Stealth Rock\n|-fieldstart|move: Psychic Terrain|[from] ability: Psychic Surge|[of] p1a: Tapu Lele\n|move|p2a: Dragapult|Steel Wing|p1a: Tapu Lele\n|-supereffective|p1a: Tapu Lele\n|-damage|p1a: Tapu Lele|0 fnt\n|-damage|p2a: Dragapult|50\/100|[from] item: Life Orb\n|faint|p1a: Tapu Lele\n|\n|upkeep\n|\n|t:|1618328488\n|switch|p1a: Dragapult|Dragapult, M|88\/100\n|turn|16\n|\n|t:|1618328499\n|switch|p2a: Tapu Koko|Tapu Koko|100\/100\n|-damage|p2a: Tapu Koko|76\/100|[from] Spikes\n|-fieldstart|move: Electric Terrain|[from] ability: Electric Surge|[of] p2a: Tapu Koko\n|move|p1a: Dragapult|Dragon Dance|p1a: Dragapult\n|-boost|p1a: Dragapult|atk|1\n|-boost|p1a: Dragapult|spe|1\n|\n|upkeep\n|turn|17\n|\n|t:|1618328505\n|move|p1a: Dragapult|U-turn|p2a: Tapu Koko\n|-resisted|p2a: Tapu Koko\n|-damage|p2a: Tapu Koko|51\/100\n|\n|t:|1618328510\n|switch|p1a: Blissey|Blissey, F|38\/100|[from]move: U-turn\n|move|p2a: Tapu Koko|Volt Switch|p1a: Blissey\n|-damage|p1a: Blissey|22\/100\n|\n|t:|1618328513\n|switch|p2a: Dragapult|Dragapult, M|50\/100|[from]move: Volt Switch\n|-damage|p2a: Dragapult|25\/100|[from] Spikes\n|\n|upkeep\n|turn|18\n|c|\u2606breblaez|gg\n|\n|t:|1618328519\n|move|p2a: Dragapult|Dragon Darts|p1a: Blissey\n|-damage|p1a: Blissey|0 fnt\n|-damage|p2a: Dragapult|15\/100|[from] item: Life Orb\n|faint|p1a: Blissey\n|\n|upkeep\n|\n|t:|1618328521\n|switch|p1a: Dragapult|Dragapult, M|88\/100\n|turn|19\n|\n|t:|1618328524\n|move|p2a: Dragapult|Sucker Punch|p1a: Dragapult\n|-supereffective|p1a: Dragapult\n|-damage|p1a: Dragapult|0 fnt\n|-damage|p2a: Dragapult|6\/100|[from] item: Life Orb\n|faint|p1a: Dragapult\n|\n|upkeep\n|c|\u2606i know im horrible|nah\n|-message|i know im horrible forfeited.\n|\n|win|breblaez\n|raw|i know im horrible's rating: 1555 &rarr; <strong>1534<\/strong><br \/>(-21 for losing)\n|raw|breblaez's rating: 1545 &rarr; <strong>1566<\/strong><br \/>(+21 for winning)\n|l|\u2606i know im horrible\n","uploadtime":1618328538,"views":8,"p1id":"iknowimhorrible","p2id":"breblaez","formatid":"gen8ou","rating":1534,"private":0,"password":null}