{"id":"gen8ou-1638738579","p1":"LT93OQ Eeveeolence","p2":"Adel19","format":"gen8ou","log":"|raw|<div class=\"broadcast-blue\"><strong>This battle is required to be public due to a player having a name starting with 'lt93oq'.<\/div>\n|j|\u2606LT93OQ Eeveeolence\n|j|\u2606Adel19\n|t:|1660392692\n|gametype|singles\n|player|p1|LT93OQ Eeveeolence|acetrainersnow|1826\n|player|p2|Adel19|266|1820\n|teamsize|p1|6\n|teamsize|p2|6\n|gen|8\n|tier|[Gen 8] OU\n|rated|\n|rule|Sleep Clause Mod: Limit one foe put to sleep\n|rule|Species Clause: Limit one of each Pok\u00e9mon\n|rule|OHKO Clause: OHKO moves are banned\n|rule|Evasion Items Clause: Evasion items are banned\n|rule|Evasion Moves Clause: Evasion moves are banned\n|rule|Endless Battle Clause: Forcing endless battles is banned\n|rule|HP Percentage Mod: HP is shown in percentages\n|rule|Dynamax Clause: You cannot dynamax\n|clearpoke\n|poke|p1|Swampert, M|\n|poke|p1|Landorus-Therian, M|\n|poke|p1|Primarina, F|\n|poke|p1|Scizor, M|\n|poke|p1|Weavile, F|\n|poke|p1|Zapdos|\n|poke|p2|Landorus-Therian, M|\n|poke|p2|Zeraora|\n|poke|p2|Kartana|\n|poke|p2|Tapu Fini|\n|poke|p2|Blissey, F|\n|poke|p2|Zapdos|\n|teampreview\n|inactive|Battle timer is ON: inactive players will automatically lose when time's up. (requested by LT93OQ Eeveeolence)\n|\n|t:|1660392708\n|start\n|switch|p1a: Swampy|Swampert, M|100\/100\n|switch|p2a: Kartana|Kartana|100\/100\n|turn|1\n|\n|t:|1660392713\n|move|p2a: Kartana|Knock Off|p1a: Swampy\n|-damage|p1a: Swampy|67\/100\n|-enditem|p1a: Swampy|Choice Band|[from] move: Knock Off|[of] p2a: Kartana\n|move|p1a: Swampy|Superpower|p2a: Kartana\n|-supereffective|p2a: Kartana\n|-damage|p2a: Kartana|35\/100\n|-unboost|p1a: Swampy|atk|1\n|-unboost|p1a: Swampy|def|1\n|\n|upkeep\n|turn|2\n|j| Alexlch\n|\n|t:|1660392721\n|move|p2a: Kartana|Leaf Blade|p1a: Swampy\n|-supereffective|p1a: Swampy\n|-damage|p1a: Swampy|0 fnt\n|faint|p1a: Swampy\n|-ability|p2a: Kartana|Beast Boost|boost\n|-boost|p2a: Kartana|spe|1\n|\n|upkeep\n|\n|t:|1660392727\n|switch|p1a: Sr. Recortes|Scizor, M|100\/100\n|turn|3\n|\n|t:|1660392733\n|switch|p2a: Tapu Fini|Tapu Fini|100\/100\n|-fieldstart|move: Misty Terrain|[from] ability: Misty Surge|[of] p2a: Tapu Fini\n|move|p1a: Sr. Recortes|U-turn|p2a: Tapu Fini\n|-resisted|p2a: Tapu Fini\n|-crit|p2a: Tapu Fini\n|-damage|p2a: Tapu Fini|85\/100\n|\n|t:|1660392735\n|switch|p1a: Zapdosorio|Zapdos|100\/100|[from]move: U-turn\n|\n|-heal|p2a: Tapu Fini|91\/100|[from] item: Leftovers\n|upkeep\n|turn|4\n|\n|t:|1660392742\n|switch|p2a: Blissey|Blissey, F|100\/100\n|move|p1a: Zapdosorio|Volt Switch|p2a: Blissey\n|-damage|p2a: Blissey|81\/100\n|\n|t:|1660392744\n|switch|p1a: Comaligna|Weavile, F|100\/100|[from]move: Volt Switch\n|-ability|p1a: Comaligna|Pressure\n|\n|upkeep\n|turn|5\n|l| Alexlch\n|\n|t:|1660392747\n|switch|p2a: Tapu Fini|Tapu Fini|91\/100\n|move|p1a: Comaligna|Knock Off|p2a: Tapu Fini\n|-resisted|p2a: Tapu Fini\n|-damage|p2a: Tapu Fini|67\/100\n|-enditem|p2a: Tapu Fini|Leftovers|[from] move: Knock Off|[of] p1a: Comaligna\n|\n|upkeep\n|turn|6\n|j| Alexlch\n|\n|t:|1660392751\n|switch|p1a: Ashirene|Primarina, F|100\/100\n|move|p2a: Tapu Fini|Moonblast|p1a: Ashirene\n|-damage|p1a: Ashirene|75\/100\n|\n|upkeep\n|turn|7\n|\n|t:|1660392755\n|switch|p2a: Blissey|Blissey, F|81\/100\n|move|p1a: Ashirene|Flip Turn|p2a: Blissey\n|-damage|p2a: Blissey|67\/100\n|\n|t:|1660392757\n|switch|p1a: Comaligna|Weavile, F|100\/100|[from]move: Flip Turn\n|-ability|p1a: Comaligna|Pressure\n|\n|-fieldend|Misty Terrain\n|upkeep\n|turn|8\n|\n|t:|1660392761\n|switch|p2a: Tapu Fini|Tapu Fini|67\/100\n|-fieldstart|move: Misty Terrain|[from] ability: Misty Surge|[of] p2a: Tapu Fini\n|move|p1a: Comaligna|Triple Axel|p2a: Tapu Fini\n|-resisted|p2a: Tapu Fini\n|-damage|p2a: Tapu Fini|63\/100\n|-resisted|p2a: Tapu Fini\n|-damage|p2a: Tapu Fini|53\/100\n|-resisted|p2a: Tapu Fini\n|-damage|p2a: Tapu Fini|37\/100\n|-hitcount|p2a: Tapu Fini|3\n|\n|upkeep\n|turn|9\n|j| just nimmemja\n|\n|t:|1660392765\n|switch|p1a: Ashirene|Primarina, F|75\/100\n|move|p2a: Tapu Fini|Moonblast|p1a: Ashirene\n|-damage|p1a: Ashirene|45\/100\n|\n|upkeep\n|turn|10\n|\n|t:|1660392768\n|move|p2a: Tapu Fini|Moonblast|p1a: Ashirene\n|-damage|p1a: Ashirene|17\/100\n|move|p1a: Ashirene|Moonblast|p2a: Tapu Fini\n|-damage|p2a: Tapu Fini|4\/100\n|\n|upkeep\n|turn|11\n|\n|t:|1660392772\n|switch|p1a: Sr. Recortes|Scizor, M|100\/100\n|move|p2a: Tapu Fini|Moonblast|p1a: Sr. Recortes\n|-resisted|p1a: Sr. Recortes\n|-damage|p1a: Sr. Recortes|85\/100\n|\n|upkeep\n|turn|12\n|\n|t:|1660392777\n|move|p2a: Tapu Fini|Surf|p1a: Sr. Recortes\n|-damage|p1a: Sr. Recortes|54\/100\n|move|p1a: Sr. Recortes|U-turn|p2a: Tapu Fini\n|-resisted|p2a: Tapu Fini\n|-damage|p2a: Tapu Fini|0 fnt\n|faint|p2a: Tapu Fini\n|j| Emma Greene\n|\n|t:|1660392781\n|switch|p1a: Landlord|Landorus-Therian, M|100\/100|[from]move: U-turn\n|\n|-fieldend|Misty Terrain\n|upkeep\n|\n|t:|1660392786\n|switch|p2a: Landorus|Landorus-Therian, M|100\/100\n|-ability|p2a: Landorus|Intimidate|boost\n|-unboost|p1a: Landlord|atk|1\n|turn|13\n|\n|t:|1660392789\n|move|p2a: Landorus|Swords Dance|p2a: Landorus\n|-boost|p2a: Landorus|atk|2\n|move|p1a: Landlord|Toxic|p2a: Landorus\n|-status|p2a: Landorus|tox\n|\n|-damage|p2a: Landorus|95\/100 tox|[from] psn\n|upkeep\n|turn|14\n|j| gaopeng\n|\n|t:|1660392796\n|switch|p1a: Ashirene|Primarina, F|17\/100\n|move|p2a: Landorus|Stone Edge|p1a: Ashirene|[miss]\n|-miss|p2a: Landorus|p1a: Ashirene\n|\n|-damage|p2a: Landorus|83\/100 tox|[from] psn\n|upkeep\n|turn|15\n|j| fwdao\n|\n|t:|1660392801\n|move|p2a: Landorus|Earthquake|p1a: Ashirene\n|-damage|p1a: Ashirene|0 fnt\n|faint|p1a: Ashirene\n|\n|-damage|p2a: Landorus|65\/100 tox|[from] psn\n|upkeep\n|\n|t:|1660392803\n|switch|p1a: Comaligna|Weavile, F|100\/100\n|-ability|p1a: Comaligna|Pressure\n|turn|16\n|\n|t:|1660392808\n|switch|p2a: Kartana|Kartana|35\/100\n|move|p1a: Comaligna|Triple Axel|p2a: Kartana\n|-damage|p2a: Kartana|23\/100\n|-hitcount|p2a: Kartana|1\n|\n|upkeep\n|turn|17\n|\n|t:|1660392814\n|move|p1a: Comaligna|Triple Axel|p2a: Kartana\n|-damage|p2a: Kartana|11\/100\n|-damage|p2a: Kartana|0 fnt\n|faint|p2a: Kartana\n|-hitcount|p2: Kartana|2\n|\n|upkeep\n|\n|t:|1660392843\n|switch|p2a: Zeraora|Zeraora|100\/100\n|turn|18\n|\n|t:|1660392846\n|switch|p1a: Sr. Recortes|Scizor, M|54\/100\n|move|p2a: Zeraora|Knock Off|p1a: Sr. Recortes\n|-damage|p1a: Sr. Recortes|25\/100\n|-enditem|p1a: Sr. Recortes|Heavy-Duty Boots|[from] move: Knock Off|[of] p2a: Zeraora\n|\n|upkeep\n|turn|19\n|j| LT93OQ Jack G 93\n|\n|t:|1660392849\n|switch|p1a: Landlord|Landorus-Therian, M|100\/100\n|-ability|p1a: Landlord|Intimidate|boost\n|-unboost|p2a: Zeraora|atk|1\n|move|p2a: Zeraora|Close Combat|p1a: Landlord\n|-resisted|p1a: Landlord\n|-damage|p1a: Landlord|88\/100\n|-unboost|p2a: Zeraora|def|1\n|-unboost|p2a: Zeraora|spd|1\n|\n|-heal|p1a: Landlord|94\/100|[from] item: Leftovers\n|upkeep\n|turn|20\n|\n|t:|1660392852\n|move|p2a: Zeraora|Knock Off|p1a: Landlord\n|-damage|p1a: Landlord|74\/100\n|-enditem|p1a: Landlord|Leftovers|[from] move: Knock Off|[of] p2a: Zeraora\n|move|p1a: Landlord|U-turn|p2a: Zeraora\n|-damage|p2a: Zeraora|56\/100\n|\n|t:|1660392854\n|switch|p1a: Sr. Recortes|Scizor, M|25\/100|[from]move: U-turn\n|\n|upkeep\n|turn|21\n|\n|t:|1660392858\n|switch|p2a: Zapdos|Zapdos|100\/100\n|move|p1a: Sr. Recortes|U-turn|p2a: Zapdos\n|-resisted|p2a: Zapdos\n|-damage|p2a: Zapdos|90\/100\n|-status|p1a: Sr. Recortes|par|[from] ability: Static|[of] p2a: Zapdos\n|\n|t:|1660392860\n|switch|p1a: Comaligna|Weavile, F|100\/100|[from]move: U-turn\n|-ability|p1a: Comaligna|Pressure\n|\n|upkeep\n|turn|22\n|\n|t:|1660392869\n|move|p1a: Comaligna|Icicle Crash|p2a: Zapdos\n|-supereffective|p2a: Zapdos\n|-damage|p2a: Zapdos|3\/100\n|move|p2a: Zapdos|Volt Switch|p1a: Comaligna\n|-damage|p1a: Comaligna|56\/100\n|l| gaopeng\n|j| gaopeng\n|\n|t:|1660392880\n|switch|p2a: Zeraora|Zeraora|56\/100|[from]move: Volt Switch\n|\n|upkeep\n|turn|23\n|\n|t:|1660392883\n|switch|p1a: Landlord|Landorus-Therian, M|74\/100\n|-ability|p1a: Landlord|Intimidate|boost\n|-unboost|p2a: Zeraora|atk|1\n|move|p2a: Zeraora|Close Combat|p1a: Landlord\n|-resisted|p1a: Landlord\n|-damage|p1a: Landlord|62\/100\n|-unboost|p2a: Zeraora|def|1\n|-unboost|p2a: Zeraora|spd|1\n|\n|upkeep\n|turn|24\n|l| gaopeng\n|j| Suricata2000\n|\n|t:|1660392892\n|switch|p2a: Blissey|Blissey, F|67\/100\n|move|p1a: Landlord|U-turn|p2a: Blissey\n|-damage|p2a: Blissey|47\/100\n|\n|t:|1660392895\n|switch|p1a: Comaligna|Weavile, F|56\/100|[from]move: U-turn\n|-ability|p1a: Comaligna|Pressure\n|\n|upkeep\n|turn|25\n|\n|t:|1660392905\n|switch|p2a: Zapdos|Zapdos|3\/100\n|move|p1a: Comaligna|Icicle Crash|p2a: Zapdos\n|-supereffective|p2a: Zapdos\n|-damage|p2a: Zapdos|0 fnt\n|faint|p2a: Zapdos\n|\n|upkeep\n|\n|t:|1660392915\n|switch|p2a: Zeraora|Zeraora|56\/100\n|turn|26\n|\n|t:|1660392918\n|switch|p1a: Landlord|Landorus-Therian, M|62\/100\n|-ability|p1a: Landlord|Intimidate|boost\n|-unboost|p2a: Zeraora|atk|1\n|move|p2a: Zeraora|Knock Off|p1a: Landlord\n|-damage|p1a: Landlord|48\/100\n|\n|upkeep\n|turn|27\n|-message|Adel19 forfeited.\n|\n|win|LT93OQ Eeveeolence\n|raw|LT93OQ Eeveeolence's rating: 1826 &rarr; <strong>1846<\/strong><br \/>(+20 for winning)\n|raw|Adel19's rating: 1820 &rarr; <strong>1800<\/strong><br \/>(-20 for losing)\n|l|\u2606Adel19\n|l|\u2606LT93OQ Eeveeolence\n|l| just nimmemja\n|j| zReptar\n|l| zReptar\n|l| LT93OQ Jack G 93\n|j| joeding\n|l| joeding\n|l| Emma Greene\n|l| Alexlch\n","uploadtime":1660392926,"views":54,"p1id":"lt93oqeeveeolence","p2id":"adel19","formatid":"gen8ou","rating":1800,"private":0,"password":null}