{"id":"gen8ou-1706002741","p1":"corumba","p2":"alvar03","format":"gen8ou","log":"|j|\u2606corumba\n|j|\u2606alvar03\n|t:|1667938905\n|gametype|singles\n|player|p1|corumba|266|1778\n|player|p2|alvar03|alder|1870\n|teamsize|p1|6\n|teamsize|p2|6\n|gen|8\n|tier|[Gen 8] OU\n|rated|\n|rule|Sleep Clause Mod: Limit one foe put to sleep\n|rule|Species Clause: Limit one of each Pok\u00e9mon\n|rule|OHKO Clause: OHKO moves are banned\n|rule|Evasion Items Clause: Evasion items are banned\n|rule|Evasion Moves Clause: Evasion moves are banned\n|rule|Endless Battle Clause: Forcing endless battles is banned\n|rule|HP Percentage Mod: HP is shown in percentages\n|rule|Dynamax Clause: You cannot dynamax\n|clearpoke\n|poke|p1|Landorus-Therian, M|\n|poke|p1|Rotom-Wash|\n|poke|p1|Gengar, F|\n|poke|p1|Melmetal|\n|poke|p1|Heatran, F|\n|poke|p1|Dragapult, F|\n|poke|p2|Heatran, F|\n|poke|p2|Clefable, F|\n|poke|p2|Keldeo-Resolute|\n|poke|p2|Tornadus-Therian, M|\n|poke|p2|Garchomp, F|\n|poke|p2|Volcarona, M|\n|teampreview\n|j| fart_excavator\n|\n|t:|1667938938\n|start\n|switch|p1a: Rotom|Rotom-Wash|100\/100\n|switch|p2a: Tornadus|Tornadus-Therian, M|100\/100\n|turn|1\n|inactive|Battle timer is ON: inactive players will automatically lose when time's up. (requested by alvar03)\n|\n|t:|1667938945\n|move|p2a: Tornadus|U-turn|p1a: Rotom\n|-crit|p1a: Rotom\n|-damage|p1a: Rotom|82\/100\n|\n|t:|1667938947\n|switch|p2a: Clefable|Clefable, F|100\/100|[from]move: U-turn\n|move|p1a: Rotom|Volt Switch|p2a: Clefable\n|-damage|p2a: Clefable|83\/100\n|j| Anoxx17\n|\n|t:|1667938954\n|switch|p1a: Heatran|Heatran, F|100\/100|[from]move: Volt Switch\n|\n|-heal|p2a: Clefable|90\/100|[from] item: Leftovers\n|upkeep\n|turn|2\n|\n|t:|1667938957\n|switch|p2a: Garchomp|Garchomp, F|100\/100\n|move|p1a: Heatran|Stealth Rock|p2a: Garchomp\n|-sidestart|p2: alvar03|move: Stealth Rock\n|\n|upkeep\n|turn|3\n|j| Jongruenwald\n|\n|t:|1667938966\n|switch|p2a: Tornadus|Tornadus-Therian, M|100\/100\n|switch|p1a: Landorus|Landorus-Therian, M|100\/100\n|-ability|p1a: Landorus|Intimidate|boost\n|-unboost|p2a: Tornadus|atk|1\n|\n|upkeep\n|turn|4\n|\n|t:|1667938974\n|switch|p1a: Rotom|Rotom-Wash|82\/100\n|move|p2a: Tornadus|Knock Off|p1a: Rotom\n|-damage|p1a: Rotom|72\/100\n|-enditem|p1a: Rotom|Leftovers|[from] move: Knock Off|[of] p2a: Tornadus\n|\n|upkeep\n|turn|5\n|\n|t:|1667938981\n|move|p2a: Tornadus|Defog|p1a: Rotom\n|-unboost|p1a: Rotom|evasion|1\n|-sideend|p2: alvar03|Stealth Rock|[from] move: Defog|[of] p2a: Tornadus\n|move|p1a: Rotom|Hydro Pump|p2a: Tornadus\n|-damage|p2a: Tornadus|61\/100\n|\n|upkeep\n|turn|6\n|j| popabl\n|\n|t:|1667938985\n|move|p2a: Tornadus|U-turn|p1a: Rotom\n|-damage|p1a: Rotom|65\/100\n|inactive|alvar03 has 120 seconds left.\n|\n|t:|1667939034\n|switch|p2a: Clefable|Clefable, F|90\/100|[from]move: U-turn\n|move|p1a: Rotom|Volt Switch|p2a: Clefable\n|-damage|p2a: Clefable|74\/100\n|\n|t:|1667939050\n|switch|p1a: Heatran|Heatran, F|100\/100|[from]move: Volt Switch\n|\n|-heal|p2a: Clefable|80\/100|[from] item: Leftovers\n|upkeep\n|turn|7\n|\n|t:|1667939055\n|switch|p2a: Keldeo|Keldeo-Resolute|100\/100\n|move|p1a: Heatran|Stealth Rock|p2a: Keldeo\n|-sidestart|p2: alvar03|move: Stealth Rock\n|\n|upkeep\n|turn|8\n|\n|t:|1667939061\n|switch|p1a: Dragapult|Dragapult, F|100\/100\n|move|p2a: Keldeo|Hydro Pump|p1a: Dragapult\n|-resisted|p1a: Dragapult\n|-damage|p1a: Dragapult|45\/100\n|\n|upkeep\n|turn|9\n|\n|t:|1667939068\n|switch|p2a: Tornadus|Tornadus-Therian, M|94\/100\n|move|p1a: Dragapult|U-turn|p2a: Tornadus\n|-resisted|p2a: Tornadus\n|-damage|p2a: Tornadus|74\/100\n|\n|t:|1667939077\n|switch|p1a: Rotom|Rotom-Wash|65\/100|[from]move: U-turn\n|\n|upkeep\n|turn|10\n|\n|t:|1667939081\n|move|p2a: Tornadus|Defog|p1a: Rotom\n|-unboost|p1a: Rotom|evasion|1\n|-sideend|p2: alvar03|Stealth Rock|[from] move: Defog|[of] p2a: Tornadus\n|move|p1a: Rotom|Volt Switch|p2a: Tornadus\n|-supereffective|p2a: Tornadus\n|-damage|p2a: Tornadus|27\/100\n|\n|t:|1667939089\n|switch|p1a: Heatran|Heatran, F|100\/100|[from]move: Volt Switch\n|\n|upkeep\n|turn|11\n|\n|t:|1667939092\n|move|p2a: Tornadus|Knock Off|p1a: Heatran\n|-damage|p1a: Heatran|88\/100\n|-enditem|p1a: Heatran|Leftovers|[from] move: Knock Off|[of] p2a: Tornadus\n|move|p1a: Heatran|Stealth Rock|p2a: Tornadus\n|-sidestart|p2: alvar03|move: Stealth Rock\n|\n|upkeep\n|turn|12\n|\n|t:|1667939097\n|move|p2a: Tornadus|U-turn|p1a: Heatran\n|-resisted|p1a: Heatran\n|-damage|p1a: Heatran|85\/100\n|\n|t:|1667939099\n|switch|p2a: Garchomp|Garchomp, F|100\/100|[from]move: U-turn\n|-damage|p2a: Garchomp|94\/100|[from] Stealth Rock\n|move|p1a: Heatran|Lava Plume|p2a: Garchomp\n|-resisted|p2a: Garchomp\n|-damage|p2a: Garchomp|76\/100\n|-status|p2a: Garchomp|brn\n|\n|-heal|p2a: Garchomp|82\/100 brn|[from] item: Leftovers\n|-damage|p2a: Garchomp|76\/100 brn|[from] brn\n|upkeep\n|turn|13\n|\n|t:|1667939112\n|switch|p2a: Clefable|Clefable, F|80\/100\n|switch|p1a: Landorus|Landorus-Therian, M|100\/100\n|-ability|p1a: Landorus|Intimidate|boost\n|-unboost|p2a: Clefable|atk|1\n|\n|-heal|p2a: Clefable|86\/100|[from] item: Leftovers\n|upkeep\n|turn|14\n|\n|t:|1667939120\n|move|p1a: Landorus|Earthquake|p2a: Clefable\n|-damage|p2a: Clefable|9\/100\n|move|p2a: Clefable|Stealth Rock|p1a: Landorus\n|-sidestart|p1: corumba|move: Stealth Rock\n|\n|-heal|p2a: Clefable|15\/100|[from] item: Leftovers\n|upkeep\n|turn|15\n|\n|t:|1667939129\n|switch|p2a: Tornadus|Tornadus-Therian, M|60\/100\n|move|p1a: Landorus|Smack Down|p2a: Tornadus\n|-supereffective|p2a: Tornadus\n|-damage|p2a: Tornadus|14\/100\n|-start|p2a: Tornadus|Smack Down\n|\n|upkeep\n|turn|16\n|j| HQSKiller\n|\n|t:|1667939136\n|move|p2a: Tornadus|U-turn|p1a: Landorus\n|-resisted|p1a: Landorus\n|-damage|p1a: Landorus|93\/100\n|\n|t:|1667939138\n|switch|p2a: Clefable|Clefable, F|15\/100|[from]move: U-turn\n|move|p1a: Landorus|Knock Off|p2a: Clefable\n|-resisted|p2a: Clefable\n|-damage|p2a: Clefable|0 fnt\n|-enditem|p2a: Clefable|Leftovers|[from] move: Knock Off|[of] p1a: Landorus\n|faint|p2a: Clefable\n|\n|upkeep\n|\n|t:|1667939140\n|switch|p2a: Keldeo|Keldeo-Resolute|100\/100\n|-damage|p2a: Keldeo|94\/100|[from] Stealth Rock\n|turn|17\n|\n|t:|1667939156\n|switch|p1a: Melmetal|Melmetal|100\/100\n|-damage|p1a: Melmetal|94\/100|[from] Stealth Rock\n|move|p2a: Keldeo|Scald|p1a: Melmetal\n|-damage|p1a: Melmetal|33\/100\n|-status|p1a: Melmetal|brn\n|\n|-heal|p1a: Melmetal|40\/100 brn|[from] item: Leftovers\n|-damage|p1a: Melmetal|33\/100 brn|[from] brn\n|upkeep\n|turn|18\n|\n|t:|1667939165\n|move|p2a: Keldeo|Scald|p1a: Melmetal\n|-crit|p1a: Melmetal\n|-damage|p1a: Melmetal|0 fnt\n|faint|p1a: Melmetal\n|\n|upkeep\n|\n|t:|1667939175\n|switch|p1a: Dragapult|Dragapult, F|45\/100\n|-damage|p1a: Dragapult|33\/100|[from] Stealth Rock\n|turn|19\n|\n|t:|1667939179\n|switch|p2a: Heatran|Heatran, F|100\/100\n|-damage|p2a: Heatran|88\/100|[from] Stealth Rock\n|move|p1a: Dragapult|Dragon Darts|p2a: Heatran\n|-resisted|p2a: Heatran\n|-damage|p2a: Heatran|71\/100\n|-anim|p1a: Dragapult|Dragon Darts|p2a: Heatran\n|-resisted|p2a: Heatran\n|-damage|p2a: Heatran|53\/100\n|\n|-heal|p2a: Heatran|60\/100|[from] item: Leftovers\n|upkeep\n|turn|20\n|\n|t:|1667939190\n|switch|p1a: Rotom|Rotom-Wash|65\/100\n|-damage|p1a: Rotom|52\/100|[from] Stealth Rock\n|move|p2a: Heatran|Magma Storm|p1a: Rotom\n|-resisted|p1a: Rotom\n|-damage|p1a: Rotom|29\/100\n|-activate|p1a: Rotom|move: Magma Storm|[of] p2a: Heatran\n|\n|-heal|p2a: Heatran|66\/100|[from] item: Leftovers\n|-damage|p1a: Rotom|17\/100|[from] move: Magma Storm|[partiallytrapped]\n|upkeep\n|turn|21\n|\n|t:|1667939199\n|switch|p2a: Tornadus|Tornadus-Therian, M|47\/100\n|move|p1a: Rotom|Pain Split|p2a: Tornadus\n|-sethp|p2a: Tornadus|30\/100|[from] move: Pain Split|[silent]\n|-sethp|p1a: Rotom|36\/100|[from] move: Pain Split\n|\n|-end|p1a: Rotom|Magma Storm|[partiallytrapped]|[silent]\n|upkeep\n|turn|22\n|\n|t:|1667939207\n|move|p2a: Tornadus|U-turn|p1a: Rotom\n|-damage|p1a: Rotom|24\/100\n|\n|t:|1667939208\n|switch|p2a: Garchomp|Garchomp, F|76\/100 brn|[from]move: U-turn\n|-damage|p2a: Garchomp|69\/100 brn|[from] Stealth Rock\n|move|p1a: Rotom|Hydro Pump|p2a: Garchomp\n|-damage|p2a: Garchomp|28\/100 brn\n|\n|-heal|p2a: Garchomp|34\/100 brn|[from] item: Leftovers\n|-damage|p2a: Garchomp|28\/100 brn|[from] brn\n|upkeep\n|turn|23\n|\n|t:|1667939227\n|move|p2a: Garchomp|Scale Shot|p1a: Rotom\n|-damage|p1a: Rotom|19\/100\n|-damage|p1a: Rotom|13\/100\n|-hitcount|p1a: Rotom|2\n|-unboost|p2a: Garchomp|def|1\n|-boost|p2a: Garchomp|spe|1\n|move|p1a: Rotom|Hydro Pump|p2a: Garchomp\n|-crit|p2a: Garchomp\n|-damage|p2a: Garchomp|0 fnt\n|faint|p2a: Garchomp\n|\n|upkeep\n|\n|t:|1667939250\n|switch|p2a: Volcarona|Volcarona, M|100\/100\n|turn|24\n|\n|t:|1667939259\n|move|p2a: Volcarona|Psychic|p1a: Rotom\n|-damage|p1a: Rotom|0 fnt\n|faint|p1a: Rotom\n|\n|upkeep\n|\n|t:|1667939267\n|switch|p1a: Dragapult|Dragapult, F|33\/100\n|-damage|p1a: Dragapult|21\/100|[from] Stealth Rock\n|turn|25\n|\n|t:|1667939276\n|move|p1a: Dragapult|Dragon Darts|p2a: Volcarona\n|-damage|p2a: Volcarona|32\/100\n|-anim|p1a: Dragapult|Dragon Darts|p2a: Volcarona\n|-damage|p2a: Volcarona|0 fnt\n|faint|p2a: Volcarona\n|\n|upkeep\n|\n|t:|1667939278\n|switch|p2a: Heatran|Heatran, F|66\/100\n|-damage|p2a: Heatran|53\/100|[from] Stealth Rock\n|turn|26\n|j| lil globglabgla\n|\n|t:|1667939286\n|switch|p1a: Heatran|Heatran, F|85\/100\n|-damage|p1a: Heatran|73\/100|[from] Stealth Rock\n|move|p2a: Heatran|Magma Storm|p1a: Heatran|[miss]\n|-miss|p2a: Heatran|p1a: Heatran\n|\n|-heal|p2a: Heatran|60\/100|[from] item: Leftovers\n|upkeep\n|turn|27\n|\n|t:|1667939297\n|switch|p2a: Keldeo|Keldeo-Resolute|94\/100\n|-damage|p2a: Keldeo|88\/100|[from] Stealth Rock\n|move|p1a: Heatran|Earth Power|p2a: Keldeo\n|-damage|p2a: Keldeo|57\/100\n|\n|upkeep\n|turn|28\n|\n|t:|1667939306\n|move|p2a: Keldeo|Scald|p1a: Heatran\n|-supereffective|p1a: Heatran\n|-damage|p1a: Heatran|0 fnt\n|faint|p1a: Heatran\n|\n|upkeep\n|\n|t:|1667939332\n|switch|p1a: Dragapult|Dragapult, F|21\/100\n|-damage|p1a: Dragapult|8\/100|[from] Stealth Rock\n|turn|29\n|inactive|alvar03 has 120 seconds left.\n|\n|t:|1667939389\n|move|p1a: Dragapult|Phantom Force||[still]\n|-prepare|p1a: Dragapult|Phantom Force\n|move|p2a: Keldeo|Scald|p1a: Dragapult|[miss]\n|-miss|p2a: Keldeo|p1a: Dragapult\n|\n|upkeep\n|turn|30\n|\n|t:|1667939397\n|move|p1a: Dragapult|Phantom Force|p2a: Keldeo|[from]lockedmove\n|-damage|p2a: Keldeo|0 fnt\n|faint|p2a: Keldeo\n|\n|upkeep\n|l| popabl\n|\n|t:|1667939415\n|switch|p2a: Tornadus|Tornadus-Therian, M|63\/100\n|turn|31\n|\n|t:|1667939419\n|switch|p2a: Heatran|Heatran, F|60\/100\n|-damage|p2a: Heatran|47\/100|[from] Stealth Rock\n|move|p1a: Dragapult|Phantom Force||[still]\n|-prepare|p1a: Dragapult|Phantom Force\n|\n|-heal|p2a: Heatran|53\/100|[from] item: Leftovers\n|upkeep\n|turn|32\n|j| popabl\n|\n|t:|1667939426\n|move|p1a: Dragapult|Phantom Force|p2a: Heatran|[from]lockedmove\n|-damage|p2a: Heatran|0 fnt\n|faint|p2a: Heatran\n|\n|upkeep\n|\n|t:|1667939429\n|switch|p2a: Tornadus|Tornadus-Therian, M|97\/100\n|turn|33\n|\n|t:|1667939432\n|move|p1a: Dragapult|Phantom Force||[still]\n|-prepare|p1a: Dragapult|Phantom Force\n|move|p2a: Tornadus|Knock Off|p1a: Dragapult|[miss]\n|-miss|p2a: Tornadus|p1a: Dragapult\n|\n|upkeep\n|turn|34\n|\n|t:|1667939436\n|move|p1a: Dragapult|Phantom Force|p2a: Tornadus|[from]lockedmove\n|-damage|p2a: Tornadus|20\/100\n|move|p2a: Tornadus|Knock Off|p1a: Dragapult\n|-supereffective|p1a: Dragapult\n|-damage|p1a: Dragapult|0 fnt\n|-enditem|p1a: Dragapult|Choice Band|[from] move: Knock Off|[of] p2a: Tornadus\n|faint|p1a: Dragapult\n|\n|upkeep\n|\n|t:|1667939444\n|switch|p1a: Gengar|Gengar, F|100\/100\n|-damage|p1a: Gengar|88\/100|[from] Stealth Rock\n|turn|35\n|\n|t:|1667939448\n|move|p1a: Gengar|Shadow Ball|p2a: Tornadus\n|-damage|p2a: Tornadus|0 fnt\n|faint|p2a: Tornadus\n|\n|win|corumba\n|raw|corumba's rating: 1778 &rarr; <strong>1803<\/strong><br \/>(+25 for winning)\n|raw|alvar03's rating: 1870 &rarr; <strong>1845<\/strong><br \/>(-25 for losing)\n|l|\u2606alvar03\n|l| popabl\n|l|\u2606corumba\n|l| Jongruenwald\n||Ladder isn't responding, score probably updated but might not have (Request timeout).\n|l| lil globglabgla\n|l| Anoxx17\n","uploadtime":1667940408,"views":6,"p1id":"corumba","p2id":"alvar03","formatid":"gen8ou","rating":1803,"private":0,"password":null}