{"id":"gen8ou-1112368168","p1":"Storm Zone","p2":"Rorschach I","format":"gen8ou","log":"|j|\u2606Storm Zone\n|j|\u2606Rorschach I\n|player|p1|Storm Zone|zinnia|1737\n|player|p2|Rorschach I|cynthia|1765\n|teamsize|p1|6\n|teamsize|p2|6\n|gametype|singles\n|gen|8\n|tier|[Gen 8] OU\n|rated|\n|clearpoke\n|poke|p1|Torkoal, M|\n|poke|p1|Necrozma|\n|poke|p1|Shiftry, M|\n|poke|p1|Durant, M|\n|poke|p1|Cinderace, M|\n|poke|p1|Togekiss, M|\n|poke|p2|Terrakion|\n|poke|p2|Aegislash, M|\n|poke|p2|Crawdaunt, M|\n|poke|p2|Zeraora|\n|poke|p2|Kyurem|\n|poke|p2|Togekiss, M|\n|rule|Sleep Clause Mod: Limit one foe put to sleep\n|rule|Species Clause: Limit one of each Pok\u00e9mon\n|rule|OHKO Clause: OHKO moves are banned\n|rule|Evasion Moves Clause: Evasion moves are banned\n|rule|Endless Battle Clause: Forcing endless battles is banned\n|rule|HP Percentage Mod: HP is shown in percentages\n|rule|Dynamax Clause: You cannot dynamax\n|teampreview\n|\n|start\n|switch|p1a: Megatronus|Necrozma|100\/100\n|switch|p2a: Terrakion|Terrakion|100\/100\n|turn|1\n|j| yuy\n|\n|move|p2a: Terrakion|Taunt|p1a: Megatronus\n|-start|p1a: Megatronus|move: Taunt\n|move|p1a: Megatronus|Earth Power|p2a: Terrakion\n|-supereffective|p2a: Terrakion\n|-enditem|p2a: Terrakion|Focus Sash\n|-damage|p2a: Terrakion|1\/100\n|\n|upkeep\n|turn|2\n|\n|switch|p1a: Kazame|Torkoal, M|100\/100\n|-weather|SunnyDay|[from] ability: Drought|[of] p1a: Kazame\n|move|p2a: Terrakion|Stealth Rock|p1a: Kazame\n|-sidestart|p1: Storm Zone|move: Stealth Rock\n|\n|-weather|SunnyDay|[upkeep]\n|upkeep\n|turn|3\n|\n|move|p2a: Terrakion|Taunt|p1a: Kazame\n|-start|p1a: Kazame|move: Taunt\n|move|p1a: Kazame|Rapid Spin|p2a: Terrakion\n|-resisted|p2a: Terrakion\n|-damage|p2a: Terrakion|0 fnt\n|-boost|p1a: Kazame|spe|1\n|-sideend|p1: Storm Zone|Stealth Rock|[from] move: Rapid Spin|[of] p1a: Kazame\n|faint|p2a: Terrakion\n|\n|-weather|SunnyDay|[upkeep]\n|upkeep\n|\n|switch|p2a: Togekiss|Togekiss, M|100\/100\n|turn|4\n|j| i love dynamax\n|\n|move|p2a: Togekiss|Air Slash|p1a: Kazame\n|-damage|p1a: Kazame|51\/100\n|move|p1a: Kazame|Lava Plume|p2a: Togekiss\n|-damage|p2a: Togekiss|66\/100\n|\n|-weather|SunnyDay|[upkeep]\n|upkeep\n|turn|5\n|\n|switch|p1a: Cl0ud n1n3|Togekiss, M|100\/100\n|move|p2a: Togekiss|Air Slash|p1a: Cl0ud n1n3\n|-crit|p1a: Cl0ud n1n3\n|-damage|p1a: Cl0ud n1n3|48\/100\n|\n|-weather|SunnyDay|[upkeep]\n|upkeep\n|turn|6\n|\n|move|p1a: Cl0ud n1n3|Air Slash|p2a: Togekiss\n|-damage|p2a: Togekiss|31\/100\n|cant|p2a: Togekiss|flinch\n|\n|-weather|SunnyDay|[upkeep]\n|upkeep\n|turn|7\n|\n|switch|p2a: Aegislash|Aegislash, M|100\/100\n|-item|p2a: Aegislash|Air Balloon\n|move|p1a: Cl0ud n1n3|Air Slash|p2a: Aegislash\n|-resisted|p2a: Aegislash\n|-damage|p2a: Aegislash|83\/100\n|-enditem|p2a: Aegislash|Air Balloon\n|\n|-weather|SunnyDay|[upkeep]\n|upkeep\n|turn|8\n|\n|switch|p1a: Megatronus|Necrozma|100\/100\n|-formechange|p2a: Aegislash|Aegislash-Blade||[from] ability: Stance Change\n|move|p2a: Aegislash|Close Combat|p1a: Megatronus\n|-resisted|p1a: Megatronus\n|-damage|p1a: Megatronus|77\/100\n|-unboost|p2a: Aegislash|def|1\n|-unboost|p2a: Aegislash|spd|1\n|\n|-weather|SunnyDay|[upkeep]\n|upkeep\n|turn|9\n|\n|switch|p2a: Kyurem|Kyurem|100\/100\n|-ability|p2a: Kyurem|Pressure\n|move|p1a: Megatronus|Heat Wave|p2a: Kyurem\n|-damage|p2a: Kyurem|31\/100\n|\n|-weather|none\n|upkeep\n|turn|10\n|\n|move|p2a: Kyurem|Ice Beam|p1a: Megatronus\n|-damage|p1a: Megatronus|4\/100\n|move|p1a: Megatronus|Heat Wave|p2a: Kyurem\n|-damage|p2a: Kyurem|0 fnt\n|faint|p2a: Kyurem\n|\n|upkeep\n|\n|switch|p2a: Togekiss|Togekiss, M|31\/100\n|turn|11\n|\n|move|p2a: Togekiss|Air Slash|p1a: Megatronus\n|-damage|p1a: Megatronus|0 fnt\n|faint|p1a: Megatronus\n|\n|upkeep\n|\n|switch|p1a: Cl0ud n1n3|Togekiss, M|48\/100\n|turn|12\n|\n|move|p2a: Togekiss|Air Slash|p1a: Cl0ud n1n3\n|-damage|p1a: Cl0ud n1n3|10\/100\n|cant|p1a: Cl0ud n1n3|flinch\n|\n|upkeep\n|turn|13\n|\n|move|p2a: Togekiss|Air Slash|p1a: Cl0ud n1n3\n|-damage|p1a: Cl0ud n1n3|0 fnt\n|faint|p1a: Cl0ud n1n3\n|\n|upkeep\n|\n|switch|p1a: Liberacy|Cinderace, M|100\/100\n|turn|14\n|\n|move|p1a: Liberacy|Sucker Punch|p2a: Togekiss\n|-resisted|p2a: Togekiss\n|-damage|p2a: Togekiss|11\/100\n|move|p2a: Togekiss|Air Slash|p1a: Liberacy\n|-damage|p1a: Liberacy|46\/100\n|\n|upkeep\n|turn|15\n|\n|switch|p2a: Crawdaunt|Crawdaunt, M|100\/100\n|switch|p1a: Kazame|Torkoal, M|51\/100\n|-weather|SunnyDay|[from] ability: Drought|[of] p1a: Kazame\n|\n|-weather|SunnyDay|[upkeep]\n|upkeep\n|turn|16\n|\n|move|p2a: Crawdaunt|Knock Off|p1a: Kazame\n|-damage|p1a: Kazame|2\/100\n|-enditem|p1a: Kazame|Heat Rock|[from] move: Knock Off|[of] p2a: Crawdaunt\n|-damage|p2a: Crawdaunt|91\/100|[from] item: Life Orb\n|move|p1a: Kazame|Will-O-Wisp|p2a: Crawdaunt\n|-status|p2a: Crawdaunt|brn\n|\n|-weather|SunnyDay|[upkeep]\n|-damage|p2a: Crawdaunt|85\/100 brn|[from] brn\n|upkeep\n|turn|17\n|\n|move|p2a: Crawdaunt|Knock Off|p1a: Kazame\n|-damage|p1a: Kazame|0 fnt\n|-damage|p2a: Crawdaunt|75\/100 brn|[from] item: Life Orb\n|faint|p1a: Kazame\n|\n|-weather|SunnyDay|[upkeep]\n|-damage|p2a: Crawdaunt|69\/100 brn|[from] brn\n|upkeep\n|\n|switch|p1a: Assassin|Shiftry, M|100\/100\n|turn|18\n|\n|move|p1a: Assassin|Growth|p1a: Assassin\n|-boost|p1a: Assassin|atk|2\n|-boost|p1a: Assassin|spa|2\n|move|p2a: Crawdaunt|Knock Off|p1a: Assassin\n|-resisted|p1a: Assassin\n|-damage|p1a: Assassin|61\/100\n|-enditem|p1a: Assassin|Life Orb|[from] move: Knock Off|[of] p2a: Crawdaunt\n|-damage|p2a: Crawdaunt|59\/100 brn|[from] item: Life Orb\n|\n|-weather|SunnyDay|[upkeep]\n|-damage|p2a: Crawdaunt|53\/100 brn|[from] brn\n|upkeep\n|turn|19\n|\n|move|p1a: Assassin|Leaf Blade|p2a: Crawdaunt\n|-supereffective|p2a: Crawdaunt\n|-crit|p2a: Crawdaunt\n|-damage|p2a: Crawdaunt|0 fnt\n|faint|p2a: Crawdaunt\n|\n|-weather|SunnyDay|[upkeep]\n|upkeep\n|\n|switch|p2a: Aegislash|Aegislash, M|83\/100\n|turn|20\n|\n|move|p1a: Assassin|Heat Wave|p2a: Aegislash\n|-supereffective|p2a: Aegislash\n|-damage|p2a: Aegislash|0 fnt\n|faint|p2a: Aegislash\n|\n|-weather|SunnyDay|[upkeep]\n|upkeep\n|\n|switch|p2a: Zeraora|Zeraora|100\/100\n|turn|21\n|\n|move|p1a: Assassin|Leaf Blade|p2a: Zeraora\n|-damage|p2a: Zeraora|0 fnt\n|faint|p2a: Zeraora\n|\n|-weather|SunnyDay|[upkeep]\n|upkeep\n|c|\u2606Rorschach I|gg\n|c|\u2606Storm Zone|gg\n|-message|Rorschach I forfeited.\n|\n|win|Storm Zone\n|l|\u2606Rorschach I\n","uploadtime":1589149365,"views":263,"p1id":"stormzone","p2id":"rorschachi","formatid":"gen8ou","rating":0,"private":0,"password":null}