{"id":"gen8ou-1262263728","p1":"LolzMachine","p2":"agent garbodr","format":"gen8ou","log":"|j|\u2606LolzMachine\n|j|\u203dagent garbodr\n|t:|1610649418\n|player|p1|LolzMachine|294|1591\n|player|p2|agent garbodr|swimmerf-gen4dp|1627\n|teamsize|p1|6\n|teamsize|p2|6\n|gametype|singles\n|gen|8\n|tier|[Gen 8] OU\n|rated|\n|clearpoke\n|poke|p1|Regidrago|\n|poke|p1|Klefki, M|\n|poke|p1|Regieleki|\n|poke|p1|Spectrier|\n|poke|p1|Haxorus, M|\n|poke|p1|Nidoking, M|\n|poke|p2|Corviknight, M|\n|poke|p2|Toxapex, F|\n|poke|p2|Mandibuzz, F|\n|poke|p2|Clefable, F|\n|poke|p2|Blissey, F|\n|poke|p2|Quagsire, F|\n|rule|Sleep Clause Mod: Limit one foe put to sleep\n|rule|Species Clause: Limit one of each Pok\u00e9mon\n|rule|OHKO Clause: OHKO moves are banned\n|rule|Evasion Moves Clause: Evasion moves are banned\n|rule|Endless Battle Clause: Forcing endless battles is banned\n|rule|HP Percentage Mod: HP is shown in percentages\n|rule|Dynamax Clause: You cannot dynamax\n|teampreview\n|\n|t:|1610649428\n|start\n|switch|p1a: Klefki|Klefki, M|100\/100\n|switch|p2a: Clefable|Clefable, F|100\/100\n|turn|1\n|\n|t:|1610649446\n|move|p1a: Klefki|Switcheroo|p2a: Clefable\n|-activate|p1a: Klefki|move: Trick|[of] p2a: Clefable\n|-item|p2a: Clefable|Ring Target|[from] move: Switcheroo\n|-item|p1a: Klefki|Sticky Barb|[from] move: Switcheroo\n|move|p2a: Clefable|Trick|p1a: Klefki\n|-activate|p2a: Clefable|move: Trick|[of] p1a: Klefki\n|-item|p1a: Klefki|Ring Target|[from] move: Trick\n|-item|p2a: Clefable|Sticky Barb|[from] move: Trick\n|\n|upkeep\n|turn|2\n|\n|t:|1610649475\n|switch|p2a: Toxapex|Toxapex, F, shiny|100\/100\n|move|p1a: Klefki|Spikes|p2a: Toxapex\n|-sidestart|p2: agent garbodr|Spikes\n|\n|upkeep\n|turn|3\n|\n|t:|1610649479\n|move|p1a: Klefki|Thunder Wave|p2a: Toxapex|[miss]\n|-miss|p1a: Klefki|p2a: Toxapex\n|move|p2a: Toxapex|Scald|p1a: Klefki\n|-damage|p1a: Klefki|80\/100\n|\n|upkeep\n|turn|4\n|\n|t:|1610649481\n|move|p1a: Klefki|Thunder Wave|p2a: Toxapex\n|-status|p2a: Toxapex|par\n|move|p2a: Toxapex|Scald|p1a: Klefki\n|-damage|p1a: Klefki|59\/100\n|\n|upkeep\n|turn|5\n|\n|t:|1610649486\n|move|p1a: Klefki|Spikes|p2a: Toxapex\n|-sidestart|p2: agent garbodr|Spikes\n|cant|p2a: Toxapex|par\n|\n|upkeep\n|turn|6\n|\n|t:|1610649489\n|switch|p1a: Haxorus|Haxorus, M|100\/100\n|-ability|p1a: Haxorus|Mold Breaker\n|move|p2a: Toxapex|Scald|p1a: Haxorus\n|-resisted|p1a: Haxorus\n|-damage|p1a: Haxorus|88\/100\n|\n|upkeep\n|turn|7\n|\n|t:|1610649494\n|move|p1a: Haxorus|Swords Dance|p1a: Haxorus\n|-boost|p1a: Haxorus|atk|2\n|move|p2a: Toxapex|Toxic|p1a: Haxorus\n|-status|p1a: Haxorus|tox\n|\n|-damage|p1a: Haxorus|82\/100 tox|[from] psn\n|upkeep\n|turn|8\n|\n|t:|1610649496\n|switch|p2a: Corviknight|Corviknight, M, shiny|100\/100\n|-ability|p2a: Corviknight|Pressure\n|move|p1a: Haxorus|Scale Shot|p2a: Corviknight\n|-resisted|p2a: Corviknight\n|-damage|p2a: Corviknight|91\/100\n|-resisted|p2a: Corviknight\n|-damage|p2a: Corviknight|84\/100\n|-resisted|p2a: Corviknight\n|-damage|p2a: Corviknight|75\/100\n|-resisted|p2a: Corviknight\n|-damage|p2a: Corviknight|66\/100\n|-hitcount|p2a: Corviknight|4\n|-unboost|p1a: Haxorus|def|1\n|-boost|p1a: Haxorus|spe|1\n|\n|-damage|p1a: Haxorus|70\/100 tox|[from] psn\n|upkeep\n|turn|9\n|\n|t:|1610649499\n|move|p1a: Haxorus|Close Combat|p2a: Corviknight\n|-damage|p2a: Corviknight|8\/100\n|-unboost|p1a: Haxorus|def|1\n|-unboost|p1a: Haxorus|spd|1\n|-damage|p1a: Haxorus|53\/100 tox|[from] item: Rocky Helmet|[of] p2a: Corviknight\n|move|p2a: Corviknight|Roost|p2a: Corviknight\n|-heal|p2a: Corviknight|58\/100\n|-singleturn|p2a: Corviknight|move: Roost\n|\n|-damage|p1a: Haxorus|35\/100 tox|[from] psn\n|upkeep\n|turn|10\n|\n|t:|1610649507\n|switch|p2a: Clefable|Clefable, F|100\/100\n|move|p1a: Haxorus|Close Combat|p2a: Clefable\n|-resisted|p2a: Clefable\n|-crit|p2a: Clefable\n|-damage|p2a: Clefable|46\/100\n|-unboost|p1a: Haxorus|def|1\n|-unboost|p1a: Haxorus|spd|1\n|\n|-damage|p1a: Haxorus|10\/100 tox|[from] psn\n|upkeep\n|turn|11\n|\n|t:|1610649514\n|move|p1a: Haxorus|Poison Jab|p2a: Clefable\n|-supereffective|p2a: Clefable\n|-damage|p2a: Clefable|0 fnt\n|faint|p2a: Clefable\n|\n|-damage|p1a: Haxorus|0 fnt|[from] psn\n|faint|p1a: Haxorus\n|upkeep\n|\n|t:|1610649531\n|switch|p1a: Regidrago|Regidrago|100\/100\n|switch|p2a: Quagsire|Quagsire, F, shiny|100\/100\n|-damage|p2a: Quagsire|84\/100|[from] Spikes\n|turn|12\n|\n|t:|1610649540\n|switch|p2a: Blissey|Blissey, F|100\/100\n|move|p1a: Regidrago|Dragon Energy|p2a: Blissey\n|-damage|p2a: Blissey|50\/100\n|\n|upkeep\n|turn|13\n|\n|t:|1610649547\n|move|p1a: Regidrago|Dragon Energy|p2a: Blissey\n|-damage|p2a: Blissey|0 fnt\n|faint|p2a: Blissey\n|\n|upkeep\n|\n|t:|1610649552\n|switch|p2a: Corviknight|Corviknight, M, shiny|58\/100\n|-ability|p2a: Corviknight|Pressure\n|turn|14\n|\n|t:|1610649564\n|move|p1a: Regidrago|Dragon Energy|p2a: Corviknight\n|-resisted|p2a: Corviknight\n|-damage|p2a: Corviknight|0 fnt\n|faint|p2a: Corviknight\n|\n|upkeep\n|-message|agent garbodr forfeited.\n|\n|win|LolzMachine\n|l|\u203dagent garbodr\n||Ladder (probably) updated, but score could not be retrieved (Request timeout).\n","uploadtime":1610649756,"views":20,"p1id":"lolzmachine","p2id":"agentgarbodr","formatid":"gen8ou","rating":0,"private":0,"password":null}