{"id":"gen8ou-1545954175","p1":"Djpablix","p2":"SuperTheoryBros","format":"gen8ou","log":"|j|\u2606Djpablix\n|j|\u2606SuperTheoryBros\n|t:|1649096411\n|gametype|singles\n|player|p1|Djpablix|veteran|1587\n|player|p2|SuperTheoryBros|265|1607\n|teamsize|p1|6\n|teamsize|p2|6\n|gen|8\n|tier|[Gen 8] OU\n|rated|\n|rule|Sleep Clause Mod: Limit one foe put to sleep\n|rule|Species Clause: Limit one of each Pok\u00e9mon\n|rule|OHKO Clause: OHKO moves are banned\n|rule|Evasion Moves Clause: Evasion moves are banned\n|rule|Endless Battle Clause: Forcing endless battles is banned\n|rule|HP Percentage Mod: HP is shown in percentages\n|rule|Dynamax Clause: You cannot dynamax\n|clearpoke\n|poke|p1|Gengar, F|\n|poke|p1|Dragonite, M|\n|poke|p1|Blaziken, M|\n|poke|p1|Landorus-Therian, M|\n|poke|p1|Kartana|\n|poke|p1|Latias, F|\n|poke|p2|Ninetales-Alola, F|\n|poke|p2|Arctozolt|\n|poke|p2|Landorus-Therian, M|\n|poke|p2|Magnezone|\n|poke|p2|Toxapex, F|\n|poke|p2|Mandibuzz, F|\n|teampreview\n|\n|t:|1649096423\n|start\n|switch|p1a: Gengar|Gengar, F|100\/100\n|switch|p2a: Ninetales|Ninetales-Alola, F|100\/100\n|-weather|Hail|[from] ability: Snow Warning|[of] p2a: Ninetales\n|turn|1\n|inactive|Battle timer is ON: inactive players will automatically lose when time's up. (requested by Djpablix)\n|\n|t:|1649096439\n|switch|p2a: Toxapex|Toxapex, F|100\/100\n|move|p1a: Gengar|Trick|p2a: Toxapex\n|-activate|p1a: Gengar|move: Trick|[of] p2a: Toxapex\n|-item|p2a: Toxapex|Choice Specs|[from] move: Trick\n|-item|p1a: Gengar|Eject Button|[from] move: Trick\n|\n|-weather|Hail|[upkeep]\n|-damage|p1a: Gengar|94\/100|[from] Hail\n|-damage|p2a: Toxapex|95\/100|[from] Hail\n|upkeep\n|turn|2\n|\n|t:|1649096464\n|move|p1a: Gengar|Shadow Ball|p2a: Toxapex\n|-damage|p2a: Toxapex|70\/100\n|move|p2a: Toxapex|Knock Off|p1a: Gengar\n|-supereffective|p1a: Gengar\n|-damage|p1a: Gengar|34\/100\n|-enditem|p1a: Gengar|Eject Button|[from] move: Knock Off|[of] p2a: Toxapex\n|\n|-weather|Hail|[upkeep]\n|-damage|p1a: Gengar|28\/100|[from] Hail\n|-damage|p2a: Toxapex|64\/100|[from] Hail\n|upkeep\n|turn|3\n|\n|t:|1649096476\n|move|p1a: Gengar|Destiny Bond|p1a: Gengar\n|-singlemove|p1a: Gengar|Destiny Bond\n|move|p2a: Toxapex|Knock Off|p1a: Gengar\n|-supereffective|p1a: Gengar\n|-damage|p1a: Gengar|0 fnt\n|faint|p1a: Gengar\n|-activate|p1a: Gengar|move: Destiny Bond\n|faint|p2a: Toxapex\n|\n|-weather|Hail|[upkeep]\n|upkeep\n|\n|t:|1649096492\n|switch|p1a: Landorus|Landorus-Therian, M|100\/100\n|switch|p2a: Arctozolt|Arctozolt|100\/100\n|-ability|p1a: Landorus|Intimidate|boost\n|-unboost|p2a: Arctozolt|atk|1\n|turn|4\n|\n|t:|1649096504\n|switch|p2a: Landorus|Landorus-Therian, M|100\/100\n|-ability|p2a: Landorus|Intimidate|boost\n|-unboost|p1a: Landorus|atk|1\n|move|p1a: Landorus|Rock Polish|p1a: Landorus\n|-boost|p1a: Landorus|spe|2\n|\n|-weather|Hail|[upkeep]\n|-damage|p1a: Landorus|95\/100|[from] Hail\n|-damage|p2a: Landorus|94\/100|[from] Hail\n|-heal|p1a: Landorus|100\/100|[from] item: Leftovers\n|-heal|p2a: Landorus|100\/100|[from] item: Leftovers\n|upkeep\n|turn|5\n|\n|t:|1649096517\n|move|p1a: Landorus|Smack Down|p2a: Landorus\n|-damage|p2a: Landorus|92\/100\n|-start|p2a: Landorus|Smack Down\n|move|p2a: Landorus|Weather Ball|p1a: Landorus\n|-supereffective|p1a: Landorus\n|-damage|p1a: Landorus|6\/100\n|\n|-weather|Hail|[upkeep]\n|-damage|p1a: Landorus|0 fnt|[from] Hail\n|-damage|p2a: Landorus|86\/100|[from] Hail\n|faint|p1a: Landorus\n|-heal|p2a: Landorus|92\/100|[from] item: Leftovers\n|upkeep\n|\n|t:|1649096539\n|switch|p1a: Dragonite|Dragonite, M|100\/100\n|turn|6\n|\n|t:|1649096562\n|switch|p2a: Ninetales|Ninetales-Alola, F|100\/100\n|move|p1a: Dragonite|Dragon Dance|p1a: Dragonite\n|-boost|p1a: Dragonite|atk|1\n|-boost|p1a: Dragonite|spe|1\n|\n|-weather|Hail|[upkeep]\n|-damage|p1a: Dragonite|94\/100|[from] Hail\n|upkeep\n|turn|7\n|\n|t:|1649096574\n|move|p1a: Dragonite|Iron Head|p2a: Ninetales\n|-supereffective|p2a: Ninetales\n|-damage|p2a: Ninetales|0 fnt\n|faint|p2a: Ninetales\n|\n|-weather|Hail|[upkeep]\n|-damage|p1a: Dragonite|88\/100|[from] Hail\n|upkeep\n|inactive|SuperTheoryBros has 120 seconds left.\n|\n|t:|1649096596\n|switch|p2a: Landorus|Landorus-Therian, M|92\/100\n|-ability|p2a: Landorus|Intimidate|boost\n|-unboost|p1a: Dragonite|atk|1\n|turn|8\n|inactive|SuperTheoryBros has 120 seconds left.\n|\n|t:|1649096612\n|move|p1a: Dragonite|Ice Punch|p2a: Landorus\n|-supereffective|p2a: Landorus\n|-crit|p2a: Landorus\n|-damage|p2a: Landorus|0 fnt\n|faint|p2a: Landorus\n|\n|-weather|none\n|upkeep\n|inactive|SuperTheoryBros has 120 seconds left.\n|\n|t:|1649096636\n|switch|p2a: Mandibuzz|Mandibuzz, F|100\/100\n|turn|9\n|\n|t:|1649096653\n|move|p1a: Dragonite|Ice Punch|p2a: Mandibuzz\n|-supereffective|p2a: Mandibuzz\n|-damage|p2a: Mandibuzz|68\/100\n|-status|p2a: Mandibuzz|frz\n|cant|p2a: Mandibuzz|frz\n|\n|upkeep\n|turn|10\n|inactive|SuperTheoryBros has 90 seconds left.\n|\n|t:|1649096689\n|move|p1a: Dragonite|Ice Punch|p2a: Mandibuzz\n|-supereffective|p2a: Mandibuzz\n|-damage|p2a: Mandibuzz|32\/100 frz\n|cant|p2a: Mandibuzz|frz\n|\n|upkeep\n|turn|11\n|\n|t:|1649096700\n|move|p1a: Dragonite|Ice Punch|p2a: Mandibuzz\n|-supereffective|p2a: Mandibuzz\n|-damage|p2a: Mandibuzz|0 fnt\n|faint|p2a: Mandibuzz\n|\n|upkeep\n|-message|SuperTheoryBros forfeited.\n|\n|win|Djpablix\n|raw|Djpablix's rating: 1587 &rarr; <strong>1608<\/strong><br \/>(+21 for winning)\n|raw|SuperTheoryBros's rating: 1607 &rarr; <strong>1586<\/strong><br \/>(-21 for losing)\n|l|\u2606Djpablix\n","uploadtime":1649096714,"views":23,"p1id":"djpablix","p2id":"supertheorybros","formatid":"gen8ou","rating":1586,"private":0,"password":null}