{"id":"gen8ou-1632340949","p1":"Hostile Takeovers","p2":"LT92PFcry","format":"gen8ou","log":"|raw|<div class=\"broadcast-blue\"><strong>This battle is required to be public due to a player having a name starting with 'lt92pf'.<\/div>\n|j|\u2606Hostile Takeovers\n|j|\u2606LT92PFcry\n|t:|1659645366\n|gametype|singles\n|player|p1|Hostile Takeovers|giovanni-gen3|1756\n|player|p2|LT92PFcry|#dpppl2022luckylucarios|1727\n|teamsize|p1|6\n|teamsize|p2|6\n|gen|8\n|tier|[Gen 8] OU\n|rated|\n|rule|Sleep Clause Mod: Limit one foe put to sleep\n|rule|Species Clause: Limit one of each Pok\u00e9mon\n|rule|OHKO Clause: OHKO moves are banned\n|rule|Evasion Items Clause: Evasion items are banned\n|rule|Evasion Moves Clause: Evasion moves are banned\n|rule|Endless Battle Clause: Forcing endless battles is banned\n|rule|HP Percentage Mod: HP is shown in percentages\n|rule|Dynamax Clause: You cannot dynamax\n|clearpoke\n|poke|p1|Dragonite, M|\n|poke|p1|Ferrothorn, F|\n|poke|p1|Azumarill, M|\n|poke|p1|Heatran, F|\n|poke|p1|Rillaboom, F|\n|poke|p1|Zapdos|\n|poke|p2|Clefable, F|\n|poke|p2|Gastrodon, M|\n|poke|p2|Ferrothorn, M|\n|poke|p2|Volcarona, F|\n|poke|p2|Tornadus-Therian, M|\n|poke|p2|Tyranitar, F|\n|teampreview\n|inactive|Battle timer is ON: inactive players will automatically lose when time's up. (requested by LT92PFcry)\n|inactive|Hostile Takeovers also wants the timer to be on.\n|j| le dernier amour\n|inactive|Hostile Takeovers has 120 seconds left.\n|inactive|LT92PFcry has 120 seconds left.\n|\n|t:|1659645397\n|start\n|switch|p1a: Zapdos|Zapdos|100\/100\n|switch|p2a: Gastrodon|Gastrodon, M|100\/100\n|-ability|p1a: Zapdos|Pressure\n|turn|1\n|j| Anjii.V.\n|j|+avarice\n|\n|t:|1659645405\n|switch|p2a: Clefable|Clefable, F|100\/100\n|move|p1a: Zapdos|Toxic|p2a: Clefable\n|-status|p2a: Clefable|tox\n|\n|upkeep\n|turn|2\n|j| LT92PF Pokemh\n|l|+avarice\n|\n|t:|1659645426\n|switch|p1a: Ferrothorn|Ferrothorn, F|100\/100\n|move|p2a: Clefable|Stealth Rock|p1a: Ferrothorn\n|-sidestart|p1: Hostile Takeovers|move: Stealth Rock\n|\n|upkeep\n|turn|3\n|inactive|LT92PFcry has 120 seconds left.\n|\n|t:|1659645460\n|switch|p2a: Volcarona|Volcarona, F|100\/100\n|move|p1a: Ferrothorn|Spikes|p2a: Volcarona\n|-sidestart|p2: LT92PFcry|Spikes\n|\n|upkeep\n|turn|4\n|\n|t:|1659645468\n|switch|p1a: Heatran|Heatran, F|100\/100\n|-damage|p1a: Heatran|88\/100|[from] Stealth Rock\n|move|p2a: Volcarona|Quiver Dance|p2a: Volcarona\n|-boost|p2a: Volcarona|spa|1\n|-boost|p2a: Volcarona|spd|1\n|-boost|p2a: Volcarona|spe|1\n|\n|-heal|p1a: Heatran|94\/100|[from] item: Leftovers\n|upkeep\n|turn|5\n|\n|t:|1659645476\n|move|p2a: Volcarona|Substitute|p2a: Volcarona\n|-start|p2a: Volcarona|Substitute\n|-damage|p2a: Volcarona|76\/100\n|move|p1a: Heatran|Toxic||[still]\n|-fail|p1a: Heatran\n|\n|-heal|p2a: Volcarona|82\/100|[from] item: Leftovers\n|-heal|p1a: Heatran|100\/100|[from] item: Leftovers\n|upkeep\n|turn|6\n|\n|t:|1659645479\n|move|p2a: Volcarona|Quiver Dance|p2a: Volcarona\n|-boost|p2a: Volcarona|spa|1\n|-boost|p2a: Volcarona|spd|1\n|-boost|p2a: Volcarona|spe|1\n|move|p1a: Heatran|Stealth Rock|p2a: Volcarona\n|-sidestart|p2: LT92PFcry|move: Stealth Rock\n|\n|-heal|p2a: Volcarona|88\/100|[from] item: Leftovers\n|upkeep\n|turn|7\n|\n|t:|1659645482\n|switch|p1a: Dragonite|Dragonite, M|100\/100\n|move|p2a: Volcarona|Quiver Dance|p2a: Volcarona\n|-boost|p2a: Volcarona|spa|1\n|-boost|p2a: Volcarona|spd|1\n|-boost|p2a: Volcarona|spe|1\n|\n|-heal|p2a: Volcarona|94\/100|[from] item: Leftovers\n|upkeep\n|turn|8\n|\n|t:|1659645489\n|move|p2a: Volcarona|Psychic|p1a: Dragonite\n|-damage|p1a: Dragonite|59\/100\n|-unboost|p1a: Dragonite|spd|1\n|move|p1a: Dragonite|Dual Wingbeat|p2a: Volcarona\n|-supereffective|p2a: Volcarona\n|-end|p2a: Volcarona|Substitute\n|-supereffective|p2a: Volcarona\n|-damage|p2a: Volcarona|43\/100\n|-hitcount|p2a: Volcarona|2\n|\n|-heal|p2a: Volcarona|50\/100|[from] item: Leftovers\n|upkeep\n|turn|9\n|j| LT92PF Life\n|\n|t:|1659645507\n|move|p2a: Volcarona|Psychic|p1a: Dragonite\n|-damage|p1a: Dragonite|0 fnt\n|faint|p1a: Dragonite\n|\n|-heal|p2a: Volcarona|56\/100|[from] item: Leftovers\n|upkeep\n|\n|t:|1659645509\n|switch|p1a: Azumarill|Azumarill, M|100\/100\n|-damage|p1a: Azumarill|88\/100|[from] Stealth Rock\n|turn|10\n|j| Pyrobute24\n|l| LT92PF Life\n|\n|t:|1659645530\n|move|p1a: Azumarill|Aqua Jet|p2a: Volcarona\n|-supereffective|p2a: Volcarona\n|-damage|p2a: Volcarona|0 fnt\n|faint|p2a: Volcarona\n|\n|upkeep\n|\n|t:|1659645536\n|switch|p2a: Tornadus|Tornadus-Therian, M|100\/100\n|turn|11\n|\n|t:|1659645542\n|move|p2a: Tornadus|Knock Off|p1a: Azumarill\n|-resisted|p1a: Azumarill\n|-damage|p1a: Azumarill|76\/100\n|-enditem|p1a: Azumarill|Sitrus Berry|[from] move: Knock Off|[of] p2a: Tornadus\n|move|p1a: Azumarill|Knock Off|p2a: Tornadus\n|-damage|p2a: Tornadus|60\/100\n|-enditem|p2a: Tornadus|Heavy-Duty Boots|[from] move: Knock Off|[of] p1a: Azumarill\n|\n|upkeep\n|turn|12\n|\n|t:|1659645563\n|move|p1a: Azumarill|Aqua Jet|p2a: Tornadus\n|-damage|p2a: Tornadus|32\/100\n|move|p2a: Tornadus|U-turn|p1a: Azumarill\n|-resisted|p1a: Azumarill\n|-damage|p1a: Azumarill|67\/100\n|\n|t:|1659645571\n|switch|p2a: Clefable|Clefable, F|100\/100 tox|[from]move: U-turn\n|\n|upkeep\n|turn|13\n|\n|t:|1659645581\n|move|p1a: Azumarill|Knock Off|p2a: Clefable\n|-resisted|p2a: Clefable\n|-damage|p2a: Clefable|84\/100 tox\n|-damage|p1a: Azumarill|51\/100|[from] item: Rocky Helmet|[of] p2a: Clefable\n|-enditem|p2a: Clefable|Rocky Helmet|[from] move: Knock Off|[of] p1a: Azumarill\n|move|p2a: Clefable|Moonblast|p1a: Azumarill\n|-damage|p1a: Azumarill|10\/100\n|\n|upkeep\n|turn|14\n|\n|t:|1659645591\n|move|p1a: Azumarill|Play Rough|p2a: Clefable\n|-damage|p2a: Clefable|38\/100 tox\n|move|p2a: Clefable|Soft-Boiled|p2a: Clefable\n|-heal|p2a: Clefable|88\/100 tox\n|\n|upkeep\n|turn|15\n|\n|t:|1659645598\n|move|p1a: Azumarill|Knock Off|p2a: Clefable\n|-resisted|p2a: Clefable\n|-damage|p2a: Clefable|77\/100 tox\n|move|p2a: Clefable|Moonblast|p1a: Azumarill\n|-damage|p1a: Azumarill|0 fnt\n|faint|p1a: Azumarill\n|\n|upkeep\n|l| Pyrobute24\n|j| Abcdefp\n|j| winston4l\n|inactive|Hostile Takeovers has 120 seconds left.\n|\n|t:|1659645628\n|switch|p1a: Heatran|Heatran, F|100\/100\n|-damage|p1a: Heatran|88\/100|[from] Stealth Rock\n|turn|16\n|j| joey milktank\n|\n|t:|1659645636\n|move|p1a: Heatran|Magma Storm|p2a: Clefable\n|-damage|p2a: Clefable|40\/100 tox\n|-activate|p2a: Clefable|move: Magma Storm|[of] p1a: Heatran\n|move|p2a: Clefable|Thunder Wave|p1a: Heatran\n|-status|p1a: Heatran|par\n|\n|-heal|p1a: Heatran|94\/100 par|[from] item: Leftovers\n|upkeep\n|turn|17\n|\n|t:|1659645646\n|move|p2a: Clefable|Soft-Boiled|p2a: Clefable\n|-heal|p2a: Clefable|90\/100 tox\n|move|p1a: Heatran|Earth Power|p2a: Clefable\n|-damage|p2a: Clefable|64\/100 tox\n|-unboost|p2a: Clefable|spd|1\n|\n|-heal|p1a: Heatran|100\/100 par|[from] item: Leftovers\n|upkeep\n|turn|18\n|\n|t:|1659645654\n|move|p2a: Clefable|Moonblast|p1a: Heatran\n|-resisted|p1a: Heatran\n|-damage|p1a: Heatran|96\/100 par\n|-unboost|p1a: Heatran|spa|1\n|move|p1a: Heatran|Earth Power|p2a: Clefable\n|-damage|p2a: Clefable|40\/100 tox\n|\n|-heal|p1a: Heatran|100\/100 par|[from] item: Leftovers\n|upkeep\n|turn|19\n|\n|t:|1659645662\n|move|p2a: Clefable|Soft-Boiled|p2a: Clefable\n|-heal|p2a: Clefable|90\/100 tox\n|move|p1a: Heatran|Earth Power|p2a: Clefable\n|-damage|p2a: Clefable|65\/100 tox\n|\n|upkeep\n|turn|20\n|j| Venositile\n|l| winston4l\n|\n|t:|1659645668\n|move|p2a: Clefable|Soft-Boiled|p2a: Clefable\n|-heal|p2a: Clefable|100\/100 tox\n|move|p1a: Heatran|Earth Power|p2a: Clefable\n|-damage|p2a: Clefable|76\/100 tox\n|\n|upkeep\n|turn|21\n|\n|t:|1659645675\n|move|p2a: Clefable|Moonblast|p1a: Heatran\n|-resisted|p1a: Heatran\n|-damage|p1a: Heatran|95\/100 par\n|-unboost|p1a: Heatran|spa|1\n|move|p1a: Heatran|Earth Power|p2a: Clefable\n|-damage|p2a: Clefable|58\/100 tox\n|\n|-heal|p1a: Heatran|100\/100 par|[from] item: Leftovers\n|-end|p2a: Clefable|Magma Storm|[partiallytrapped]\n|upkeep\n|turn|22\n|j| 50 at max\n|\n|t:|1659645686\n|move|p2a: Clefable|Soft-Boiled|p2a: Clefable\n|-heal|p2a: Clefable|100\/100 tox\n|move|p1a: Heatran|Earth Power|p2a: Clefable\n|-damage|p2a: Clefable|83\/100 tox\n|\n|upkeep\n|turn|23\n|\n|t:|1659645698\n|move|p2a: Clefable|Moonblast|p1a: Heatran\n|-resisted|p1a: Heatran\n|-damage|p1a: Heatran|96\/100 par\n|-unboost|p1a: Heatran|spa|1\n|cant|p1a: Heatran|par\n|\n|-heal|p1a: Heatran|100\/100 par|[from] item: Leftovers\n|upkeep\n|turn|24\n|\n|t:|1659645710\n|switch|p2a: Tyranitar|Tyranitar, F|100\/100\n|-damage|p2a: Tyranitar|88\/100|[from] Spikes\n|-damage|p2a: Tyranitar|76\/100|[from] Stealth Rock\n|-weather|Sandstorm|[from] ability: Sand Stream|[of] p2a: Tyranitar\n|cant|p1a: Heatran|par\n|\n|-weather|Sandstorm|[upkeep]\n|upkeep\n|turn|25\n|\n|t:|1659645724\n|switch|p1a: Ferrothorn|Ferrothorn, F|100\/100\n|-damage|p1a: Ferrothorn|94\/100|[from] Stealth Rock\n|move|p2a: Tyranitar|Crunch|p1a: Ferrothorn\n|-damage|p1a: Ferrothorn|51\/100\n|-damage|p2a: Tyranitar|64\/100|[from] ability: Iron Barbs|[of] p1a: Ferrothorn\n|-damage|p2a: Tyranitar|47\/100|[from] item: Rocky Helmet|[of] p1a: Ferrothorn\n|\n|-weather|Sandstorm|[upkeep]\n|upkeep\n|turn|26\n|j| cityfolk\n|\n|t:|1659645742\n|move|p2a: Tyranitar|Crunch|p1a: Ferrothorn\n|-damage|p1a: Ferrothorn|12\/100\n|-damage|p2a: Tyranitar|35\/100|[from] ability: Iron Barbs|[of] p1a: Ferrothorn\n|-damage|p2a: Tyranitar|18\/100|[from] item: Rocky Helmet|[of] p1a: Ferrothorn\n|move|p1a: Ferrothorn|Spikes|p2a: Tyranitar\n|-sidestart|p2: LT92PFcry|Spikes\n|\n|-weather|Sandstorm|[upkeep]\n|upkeep\n|turn|27\n|\n|t:|1659645749\n|move|p2a: Tyranitar|Crunch|p1a: Ferrothorn\n|-damage|p1a: Ferrothorn|0 fnt\n|-damage|p2a: Tyranitar|6\/100|[from] ability: Iron Barbs|[of] p1a: Ferrothorn\n|-damage|p2a: Tyranitar|0 fnt|[from] item: Rocky Helmet|[of] p1a: Ferrothorn\n|faint|p1a: Ferrothorn\n|faint|p2a: Tyranitar\n|\n|-weather|Sandstorm|[upkeep]\n|upkeep\n|\n|t:|1659645761\n|switch|p2a: Tornadus|Tornadus-Therian, M|65\/100\n|switch|p1a: Rillaboom|Rillaboom, F|100\/100\n|-damage|p2a: Tornadus|40\/100|[from] Stealth Rock\n|-damage|p1a: Rillaboom|88\/100|[from] Stealth Rock\n|-fieldstart|move: Grassy Terrain|[from] ability: Grassy Surge|[of] p1a: Rillaboom\n|turn|28\n|\n|t:|1659645776\n|move|p1a: Rillaboom|Grassy Glide|p2a: Tornadus\n|-resisted|p2a: Tornadus\n|-damage|p2a: Tornadus|0 fnt\n|faint|p2a: Tornadus\n|\n|-weather|none\n|-heal|p1a: Rillaboom|94\/100|[from] Grassy Terrain\n|upkeep\n|\n|t:|1659645784\n|switch|p2a: Ferrothorn|Ferrothorn, M|100\/100\n|-damage|p2a: Ferrothorn|84\/100|[from] Spikes\n|-damage|p2a: Ferrothorn|78\/100|[from] Stealth Rock\n|turn|29\n|\n|t:|1659645789\n|switch|p1a: Heatran|Heatran, F|100\/100 par\n|-damage|p1a: Heatran|88\/100 par|[from] Stealth Rock\n|move|p2a: Ferrothorn|Substitute|p2a: Ferrothorn\n|-start|p2a: Ferrothorn|Substitute\n|-damage|p2a: Ferrothorn|53\/100\n|\n|-heal|p1a: Heatran|94\/100 par|[from] Grassy Terrain\n|-heal|p1a: Heatran|100\/100 par|[from] item: Leftovers\n|-heal|p2a: Ferrothorn|59\/100|[from] Grassy Terrain\n|-heal|p2a: Ferrothorn|65\/100|[from] item: Leftovers\n|upkeep\n|turn|30\n|\n|t:|1659645801\n|move|p1a: Heatran|Earth Power|p2a: Ferrothorn\n|-activate|p2a: Ferrothorn|move: Substitute|[damage]\n|move|p2a: Ferrothorn|Body Press|p1a: Heatran\n|-supereffective|p1a: Heatran\n|-damage|p1a: Heatran|51\/100 par\n|\n|-heal|p1a: Heatran|57\/100 par|[from] Grassy Terrain\n|-heal|p1a: Heatran|64\/100 par|[from] item: Leftovers\n|-heal|p2a: Ferrothorn|72\/100|[from] Grassy Terrain\n|-heal|p2a: Ferrothorn|78\/100|[from] item: Leftovers\n|upkeep\n|turn|31\n|\n|t:|1659645816\n|move|p1a: Heatran|Earth Power|p2a: Ferrothorn\n|-end|p2a: Ferrothorn|Substitute\n|move|p2a: Ferrothorn|Substitute|p2a: Ferrothorn\n|-start|p2a: Ferrothorn|Substitute\n|-damage|p2a: Ferrothorn|53\/100\n|\n|-heal|p1a: Heatran|70\/100 par|[from] Grassy Terrain\n|-heal|p1a: Heatran|76\/100 par|[from] item: Leftovers\n|-heal|p2a: Ferrothorn|59\/100|[from] Grassy Terrain\n|-heal|p2a: Ferrothorn|65\/100|[from] item: Leftovers\n|upkeep\n|turn|32\n|\n|t:|1659645826\n|move|p1a: Heatran|Earth Power|p2a: Ferrothorn\n|-activate|p2a: Ferrothorn|move: Substitute|[damage]\n|move|p2a: Ferrothorn|Body Press|p1a: Heatran\n|-supereffective|p1a: Heatran\n|-damage|p1a: Heatran|21\/100 par\n|\n|-heal|p1a: Heatran|27\/100 par|[from] Grassy Terrain\n|-heal|p1a: Heatran|34\/100 par|[from] item: Leftovers\n|-heal|p2a: Ferrothorn|72\/100|[from] Grassy Terrain\n|-heal|p2a: Ferrothorn|78\/100|[from] item: Leftovers\n|-fieldend|move: Grassy Terrain\n|upkeep\n|turn|33\n|\n|t:|1659645847\n|switch|p1a: Zapdos|Zapdos|100\/100\n|-ability|p1a: Zapdos|Pressure\n|move|p2a: Ferrothorn|Body Press|p1a: Zapdos\n|-resisted|p1a: Zapdos\n|-damage|p1a: Zapdos|83\/100\n|\n|-heal|p2a: Ferrothorn|84\/100|[from] item: Leftovers\n|upkeep\n|turn|34\n|inactive|LT92PFcry has 120 seconds left.\n|\n|t:|1659645873\n|move|p1a: Zapdos|Thunderbolt|p2a: Ferrothorn\n|-resisted|p2a: Ferrothorn\n|-end|p2a: Ferrothorn|Substitute\n|move|p2a: Ferrothorn|Curse|p2a: Ferrothorn\n|-unboost|p2a: Ferrothorn|spe|1\n|-boost|p2a: Ferrothorn|atk|1\n|-boost|p2a: Ferrothorn|def|1\n|\n|-heal|p2a: Ferrothorn|90\/100|[from] item: Leftovers\n|upkeep\n|turn|35\n|\n|t:|1659645881\n|switch|p2a: Gastrodon|Gastrodon, M|100\/100\n|-damage|p2a: Gastrodon|84\/100|[from] Spikes\n|-damage|p2a: Gastrodon|78\/100|[from] Stealth Rock\n|move|p1a: Zapdos|Hurricane|p2a: Gastrodon\n|-damage|p2a: Gastrodon|39\/100\n|\n|-heal|p2a: Gastrodon|45\/100|[from] item: Leftovers\n|upkeep\n|turn|36\n|\n|t:|1659645894\n|switch|p1a: Rillaboom|Rillaboom, F|94\/100\n|-damage|p1a: Rillaboom|82\/100|[from] Stealth Rock\n|-fieldstart|move: Grassy Terrain|[from] ability: Grassy Surge|[of] p1a: Rillaboom\n|move|p2a: Gastrodon|Recover|p2a: Gastrodon\n|-heal|p2a: Gastrodon|95\/100\n|\n|-heal|p1a: Rillaboom|88\/100|[from] Grassy Terrain\n|-heal|p2a: Gastrodon|100\/100|[from] Grassy Terrain\n|upkeep\n|turn|37\n|\n|t:|1659645905\n|switch|p2a: Ferrothorn|Ferrothorn, M|90\/100\n|-damage|p2a: Ferrothorn|74\/100|[from] Spikes\n|-damage|p2a: Ferrothorn|68\/100|[from] Stealth Rock\n|move|p1a: Rillaboom|U-turn|p2a: Ferrothorn\n|-damage|p2a: Ferrothorn|46\/100\n|-damage|p1a: Rillaboom|76\/100|[from] ability: Iron Barbs|[of] p2a: Ferrothorn\n|\n|t:|1659645913\n|switch|p1a: Heatran|Heatran, F|34\/100 par|[from]move: U-turn\n|-damage|p1a: Heatran|21\/100 par|[from] Stealth Rock\n|\n|-heal|p1a: Heatran|27\/100 par|[from] Grassy Terrain\n|-heal|p1a: Heatran|34\/100 par|[from] item: Leftovers\n|-heal|p2a: Ferrothorn|52\/100|[from] Grassy Terrain\n|-heal|p2a: Ferrothorn|58\/100|[from] item: Leftovers\n|upkeep\n|turn|38\n|\n|t:|1659645933\n|cant|p1a: Heatran|par\n|move|p2a: Ferrothorn|Body Press|p1a: Heatran\n|-supereffective|p1a: Heatran\n|-damage|p1a: Heatran|0 fnt\n|faint|p1a: Heatran\n|\n|-heal|p2a: Ferrothorn|65\/100|[from] Grassy Terrain\n|-heal|p2a: Ferrothorn|71\/100|[from] item: Leftovers\n|upkeep\n|l| le dernier amour\n|inactive|Hostile Takeovers has 120 seconds left.\n|\n|t:|1659645970\n|switch|p1a: Rillaboom|Rillaboom, F|76\/100\n|-damage|p1a: Rillaboom|64\/100|[from] Stealth Rock\n|turn|39\n|inactive|LT92PFcry has 120 seconds left.\n|j| LT92PF GuardArc\n|\n|t:|1659646017\n|move|p1a: Rillaboom|Superpower|p2a: Ferrothorn\n|-supereffective|p2a: Ferrothorn\n|-damage|p2a: Ferrothorn|0 fnt\n|-unboost|p1a: Rillaboom|atk|1\n|-unboost|p1a: Rillaboom|def|1\n|-damage|p1a: Rillaboom|51\/100|[from] ability: Iron Barbs|[of] p2a: Ferrothorn\n|faint|p2a: Ferrothorn\n|\n|-heal|p1a: Rillaboom|57\/100|[from] Grassy Terrain\n|upkeep\n|inactive|LT92PFcry has 90 seconds left.\n|\n|t:|1659646027\n|switch|p2a: Gastrodon|Gastrodon, M|100\/100\n|-damage|p2a: Gastrodon|84\/100|[from] Spikes\n|-damage|p2a: Gastrodon|78\/100|[from] Stealth Rock\n|turn|40\n|inactive|Hostile Takeovers has 90 seconds left.\n|inactive|Hostile Takeovers has 60 seconds left.\n|c| Anjii.V.|gg both, for the entertainment\n|\n|t:|1659646101\n|switch|p1a: Zapdos|Zapdos|83\/100\n|-ability|p1a: Zapdos|Pressure\n|move|p2a: Gastrodon|Scald|p1a: Zapdos\n|-damage|p1a: Zapdos|51\/100\n|\n|-heal|p2a: Gastrodon|84\/100|[from] Grassy Terrain\n|-heal|p2a: Gastrodon|90\/100|[from] item: Leftovers\n|-fieldend|move: Grassy Terrain\n|upkeep\n|turn|41\n|l| cityfolk\n|\n|t:|1659646116\n|move|p1a: Zapdos|Toxic|p2a: Gastrodon\n|-status|p2a: Gastrodon|tox\n|move|p2a: Gastrodon|Scald|p1a: Zapdos\n|-damage|p1a: Zapdos|20\/100\n|-status|p1a: Zapdos|brn\n|\n|-heal|p2a: Gastrodon|96\/100 tox|[from] item: Leftovers\n|-damage|p2a: Gastrodon|90\/100 tox|[from] psn\n|-damage|p1a: Zapdos|13\/100 brn|[from] brn\n|upkeep\n|turn|42\n|\n|t:|1659646129\n|switch|p2a: Clefable|Clefable, F|83\/100 tox\n|move|p1a: Zapdos|Hurricane|p2a: Clefable\n|-damage|p2a: Clefable|26\/100 tox\n|\n|-damage|p1a: Zapdos|7\/100 brn|[from] brn\n|upkeep\n|turn|43\n|inactive|LT92PFcry has 120 seconds left.\n|inactive|Hostile Takeovers has 30 seconds left.\n|inactive|Hostile Takeovers has 20 seconds left.\n|inactive|Hostile Takeovers has 15 seconds left.\n|inactive|Hostile Takeovers has 10 seconds left.\n|inactive|Hostile Takeovers has 5 seconds left.\n|-message|Hostile Takeovers lost due to inactivity.\n|\n|win|LT92PFcry\n|raw|Hostile Takeovers's rating: 1756 &rarr; <strong>1734<\/strong><br \/>(-22 for losing)\n|raw|LT92PFcry's rating: 1727 &rarr; <strong>1749<\/strong><br \/>(+22 for winning)\n|c| Anjii.V.|wait why\n|c| LT92PF GuardArc|woah\n|c|\u2606LT92PFcry|ye i defin lost\n|c|\u2606LT92PFcry|but ty\n|c|\u2606LT92PFcry|for dcing or w\/e\n|c| LT92PF GuardArc|lol insanity\n|l|\u2606LT92PFcry\n||Ladder isn't responding, score probably updated but might not have (Request timeout).\n","uploadtime":1659646244,"views":79,"p1id":"hostiletakeovers","p2id":"lt92pfcry","formatid":"gen8ou","rating":1734,"private":0,"password":null}