{"id":"gen8ou-1698993099","p1":"swumpy mumpus","p2":"d18l","format":"gen8ou","log":"|j|\u2606swumpy mumpus\n|j|\u2606d18l\n|t:|1667181560\n|gametype|singles\n|player|p1|swumpy mumpus|101|1709\n|player|p2|d18l|backpacker|1710\n|teamsize|p1|6\n|teamsize|p2|6\n|gen|8\n|tier|[Gen 8] OU\n|rated|\n|rule|Sleep Clause Mod: Limit one foe put to sleep\n|rule|Species Clause: Limit one of each Pok\u00e9mon\n|rule|OHKO Clause: OHKO moves are banned\n|rule|Evasion Items Clause: Evasion items are banned\n|rule|Evasion Moves Clause: Evasion moves are banned\n|rule|Endless Battle Clause: Forcing endless battles is banned\n|rule|HP Percentage Mod: HP is shown in percentages\n|rule|Dynamax Clause: You cannot dynamax\n|clearpoke\n|poke|p1|Rillaboom, F|\n|poke|p1|Mandibuzz, F|\n|poke|p1|Blaziken, M|\n|poke|p1|Dracozolt|\n|poke|p1|Kartana|\n|poke|p1|Bronzong|\n|poke|p2|Kartana|\n|poke|p2|Heatran, F|\n|poke|p2|Landorus-Therian, M|\n|poke|p2|Slowbro, M|\n|poke|p2|Umbreon, M|\n|poke|p2|Tapu Koko|\n|teampreview\n|j| KMTQ\n|j| Jongruenwald\n|j| Ctannn\n|inactive|Battle timer is ON: inactive players will automatically lose when time's up. (requested by swumpy mumpus)\n|\n|t:|1667181575\n|start\n|switch|p1a: Rillaboom|Rillaboom, F|100\/100\n|switch|p2a: Landorus|Landorus-Therian, M|100\/100\n|-fieldstart|move: Grassy Terrain|[from] ability: Grassy Surge|[of] p1a: Rillaboom\n|-ability|p2a: Landorus|Intimidate|boost\n|-unboost|p1a: Rillaboom|atk|1\n|turn|1\n|\n|t:|1667181580\n|switch|p2a: Heatran|Heatran, F|100\/100\n|move|p1a: Rillaboom|Knock Off|p2a: Heatran\n|-crit|p2a: Heatran\n|-damage|p2a: Heatran|67\/100\n|-enditem|p2a: Heatran|Leftovers|[from] move: Knock Off|[of] p1a: Rillaboom\n|\n|-heal|p2a: Heatran|73\/100|[from] Grassy Terrain\n|upkeep\n|turn|2\n|\n|t:|1667181609\n|switch|p1a: Mandibuzz|Mandibuzz, F|100\/100\n|move|p2a: Heatran|Stealth Rock|p1a: Mandibuzz\n|-sidestart|p1: swumpy mumpus|move: Stealth Rock\n|\n|-heal|p2a: Heatran|79\/100|[from] Grassy Terrain\n|upkeep\n|turn|3\n|\n|t:|1667181612\n|move|p2a: Heatran|Protect|p2a: Heatran\n|-singleturn|p2a: Heatran|Protect\n|move|p1a: Mandibuzz|U-turn|p2a: Heatran\n|-activate|p2a: Heatran|move: Protect\n|\n|-heal|p2a: Heatran|86\/100|[from] Grassy Terrain\n|upkeep\n|turn|4\n|\n|t:|1667181615\n|move|p1a: Mandibuzz|U-turn|p2a: Heatran\n|-resisted|p2a: Heatran\n|-damage|p2a: Heatran|84\/100\n|\n|t:|1667181617\n|switch|p1a: Blaziken|Blaziken, M|100\/100|[from]move: U-turn\n|-damage|p1a: Blaziken|88\/100|[from] Stealth Rock\n|move|p2a: Heatran|Toxic|p1a: Blaziken\n|-status|p1a: Blaziken|tox\n|\n|-heal|p1a: Blaziken|94\/100 tox|[from] Grassy Terrain\n|-heal|p1a: Blaziken|100\/100 tox|[from] item: Leftovers\n|-heal|p2a: Heatran|90\/100|[from] Grassy Terrain\n|-damage|p1a: Blaziken|94\/100 tox|[from] psn\n|upkeep\n|turn|5\n|j| Ferchula123\n|\n|t:|1667181627\n|switch|p2a: Landorus|Landorus-Therian, M|100\/100\n|-ability|p2a: Landorus|Intimidate|boost\n|-unboost|p1a: Blaziken|atk|1\n|move|p1a: Blaziken|Close Combat|p2a: Landorus\n|-resisted|p2a: Landorus\n|-crit|p2a: Landorus\n|-damage|p2a: Landorus|51\/100\n|-unboost|p1a: Blaziken|def|1\n|-unboost|p1a: Blaziken|spd|1\n|\n|-heal|p1a: Blaziken|100\/100 tox|[from] Grassy Terrain\n|-heal|p2a: Landorus|57\/100|[from] item: Leftovers\n|-damage|p1a: Blaziken|88\/100 tox|[from] psn\n|-fieldend|move: Grassy Terrain\n|-ability|p1a: Blaziken|Speed Boost|boost\n|-boost|p1a: Blaziken|spe|1\n|upkeep\n|turn|6\n|\n|t:|1667181648\n|switch|p1a: Bronzong|Bronzong|100\/100\n|-damage|p1a: Bronzong|94\/100|[from] Stealth Rock\n|move|p2a: Landorus|Earthquake|p1a: Bronzong\n|-immune|p1a: Bronzong|[from] ability: Levitate\n|\n|-heal|p2a: Landorus|63\/100|[from] item: Leftovers\n|upkeep\n|turn|7\n|inactive|d18l has 120 seconds left.\n|\n|t:|1667181676\n|switch|p2a: Slowbro|Slowbro, M|100\/100\n|move|p1a: Bronzong|Stealth Rock|p2a: Slowbro\n|-sidestart|p2: d18l|move: Stealth Rock\n|\n|upkeep\n|turn|8\n|\n|t:|1667181682\n|move|p1a: Bronzong|Toxic|p2a: Slowbro\n|-status|p2a: Slowbro|tox\n|move|p2a: Slowbro|Future Sight|p1a: Bronzong\n|-start|p2a: Slowbro|move: Future Sight\n|\n|-damage|p2a: Slowbro|94\/100 tox|[from] psn\n|upkeep\n|turn|9\n|\n|t:|1667181684\n|move|p1a: Bronzong|Future Sight|p2a: Slowbro\n|-start|p1a: Bronzong|move: Future Sight\n|move|p2a: Slowbro|Teleport|p2a: Slowbro\n|\n|t:|1667181694\n|switch|p2a: Kartana|Kartana|100\/100|[from]move: Teleport\n|-damage|p2a: Kartana|94\/100|[from] Stealth Rock\n|\n|upkeep\n|turn|10\n|\n|t:|1667181696\n|move|p2a: Kartana|Knock Off|p1a: Bronzong\n|-supereffective|p1a: Bronzong\n|-enditem|p1a: Bronzong|Colbur Berry|[eat]\n|-enditem|p1a: Bronzong|Colbur Berry|[weaken]\n|-damage|p1a: Bronzong|49\/100\n|move|p1a: Bronzong|Body Press|p2a: Kartana\n|-supereffective|p2a: Kartana\n|-damage|p2a: Kartana|36\/100\n|\n|-end|p1a: Bronzong|move: Future Sight\n|-resisted|p1a: Bronzong\n|-damage|p1a: Bronzong|42\/100\n|upkeep\n|turn|11\n|\n|t:|1667181704\n|switch|p2a: Slowbro|Slowbro, M|100\/100 tox\n|switch|p1a: Mandibuzz|Mandibuzz, F|100\/100\n|\n|-end|p2a: Slowbro|move: Future Sight\n|-resisted|p2a: Slowbro\n|-damage|p2a: Slowbro|88\/100 tox\n|-damage|p2a: Slowbro|81\/100 tox|[from] psn\n|upkeep\n|turn|12\n|\n|t:|1667181709\n|move|p1a: Mandibuzz|Foul Play|p2a: Slowbro\n|-supereffective|p2a: Slowbro\n|-damage|p2a: Slowbro|46\/100 tox\n|move|p2a: Slowbro|Teleport|p2a: Slowbro\n|\n|t:|1667181712\n|switch|p2a: Umbreon|Umbreon, M|100\/100|[from]move: Teleport\n|-damage|p2a: Umbreon|88\/100|[from] Stealth Rock\n|\n|-heal|p2a: Umbreon|94\/100|[from] item: Leftovers\n|upkeep\n|turn|13\n|\n|t:|1667181717\n|move|p1a: Mandibuzz|U-turn|p2a: Umbreon\n|-supereffective|p2a: Umbreon\n|-damage|p2a: Umbreon|80\/100\n|\n|t:|1667181723\n|switch|p1a: Bronzong|Bronzong|42\/100|[from]move: U-turn\n|-damage|p1a: Bronzong|35\/100|[from] Stealth Rock\n|move|p2a: Umbreon|Wish|p2a: Umbreon\n|\n|-heal|p2a: Umbreon|87\/100|[from] item: Leftovers\n|upkeep\n|turn|14\n|j| ecall\n|inactive|swumpy mumpus has 120 seconds left.\n|\n|t:|1667181759\n|move|p2a: Umbreon|Foul Play|p1a: Bronzong\n|-supereffective|p1a: Bronzong\n|-damage|p1a: Bronzong|5\/100\n|move|p1a: Bronzong|Body Press|p2a: Umbreon\n|-supereffective|p2a: Umbreon\n|-damage|p2a: Umbreon|58\/100\n|\n|-heal|p2a: Umbreon|100\/100|[from] move: Wish|[wisher] Umbreon\n|upkeep\n|turn|15\n|\n|t:|1667181767\n|move|p2a: Umbreon|Foul Play|p1a: Bronzong\n|-supereffective|p1a: Bronzong\n|-damage|p1a: Bronzong|0 fnt\n|faint|p1a: Bronzong\n|\n|upkeep\n|inactive|swumpy mumpus has 120 seconds left.\n|\n|t:|1667181777\n|switch|p1a: Dracozolt|Dracozolt|100\/100\n|-damage|p1a: Dracozolt|88\/100|[from] Stealth Rock\n|turn|16\n|\n|t:|1667181788\n|move|p1a: Dracozolt|Fire Spin|p2a: Umbreon\n|-damage|p2a: Umbreon|96\/100\n|-activate|p2a: Umbreon|move: Fire Spin|[of] p1a: Dracozolt\n|move|p2a: Umbreon|Wish|p2a: Umbreon\n|\n|-heal|p1a: Dracozolt|94\/100|[from] item: Leftovers\n|-heal|p2a: Umbreon|100\/100|[from] item: Leftovers\n|-damage|p2a: Umbreon|88\/100|[from] move: Fire Spin|[partiallytrapped]\n|upkeep\n|turn|17\n|\n|t:|1667181795\n|move|p1a: Dracozolt|Thunder Wave|p2a: Umbreon\n|-status|p2a: Umbreon|par\n|-activate|p2a: Umbreon|ability: Synchronize\n|-immune|p1a: Dracozolt\n|move|p2a: Umbreon|Foul Play|p1a: Dracozolt\n|-damage|p1a: Dracozolt|72\/100\n|\n|-heal|p2a: Umbreon|100\/100 par|[from] move: Wish|[wisher] Umbreon\n|-heal|p1a: Dracozolt|79\/100|[from] item: Leftovers\n|-damage|p2a: Umbreon|88\/100 par|[from] move: Fire Spin|[partiallytrapped]\n|upkeep\n|turn|18\n|\n|t:|1667181805\n|move|p1a: Dracozolt|Taunt|p2a: Umbreon\n|-start|p2a: Umbreon|move: Taunt\n|cant|p2a: Umbreon|move: Taunt|Wish\n|\n|-heal|p1a: Dracozolt|85\/100|[from] item: Leftovers\n|-heal|p2a: Umbreon|94\/100 par|[from] item: Leftovers\n|-damage|p2a: Umbreon|82\/100 par|[from] move: Fire Spin|[partiallytrapped]\n|upkeep\n|turn|19\n|\n|t:|1667181808\n|move|p1a: Dracozolt|Bolt Beak|p2a: Umbreon\n|-damage|p2a: Umbreon|47\/100 par\n|move|p2a: Umbreon|Foul Play|p1a: Dracozolt\n|-damage|p1a: Dracozolt|61\/100\n|\n|-heal|p1a: Dracozolt|68\/100|[from] item: Leftovers\n|-heal|p2a: Umbreon|53\/100 par|[from] item: Leftovers\n|-damage|p2a: Umbreon|41\/100 par|[from] move: Fire Spin|[partiallytrapped]\n|upkeep\n|turn|20\n|\n|t:|1667181810\n|move|p1a: Dracozolt|Bolt Beak|p2a: Umbreon\n|-damage|p2a: Umbreon|7\/100 par\n|cant|p2a: Umbreon|par\n|\n|-heal|p1a: Dracozolt|74\/100|[from] item: Leftovers\n|-heal|p2a: Umbreon|13\/100 par|[from] item: Leftovers\n|-damage|p2a: Umbreon|1\/100 par|[from] move: Fire Spin|[partiallytrapped]\n|-end|p2a: Umbreon|move: Taunt\n|upkeep\n|turn|21\n|\n|t:|1667181812\n|move|p1a: Dracozolt|Bolt Beak|p2a: Umbreon\n|-damage|p2a: Umbreon|0 fnt\n|faint|p2a: Umbreon\n|\n|-heal|p1a: Dracozolt|80\/100|[from] item: Leftovers\n|upkeep\n|\n|t:|1667181825\n|switch|p2a: Landorus|Landorus-Therian, M|63\/100\n|-damage|p2a: Landorus|51\/100|[from] Stealth Rock\n|-ability|p2a: Landorus|Intimidate|boost\n|-unboost|p1a: Dracozolt|atk|1\n|turn|22\n|l| Ctannn\n|\n|t:|1667181831\n|switch|p1a: Mandibuzz|Mandibuzz, F|100\/100\n|move|p2a: Landorus|U-turn|p1a: Mandibuzz\n|-damage|p1a: Mandibuzz|86\/100\n|\n|t:|1667181833\n|switch|p2a: Tapu Koko|Tapu Koko|100\/100|[from]move: U-turn\n|-fieldstart|move: Electric Terrain|[from] ability: Electric Surge|[of] p2a: Tapu Koko\n|\n|upkeep\n|turn|23\n|\n|t:|1667181840\n|switch|p1a: Rillaboom|Rillaboom, F|100\/100\n|-damage|p1a: Rillaboom|88\/100|[from] Stealth Rock\n|-fieldstart|move: Grassy Terrain|[from] ability: Grassy Surge|[of] p1a: Rillaboom\n|move|p2a: Tapu Koko|Dazzling Gleam|p1a: Rillaboom\n|-damage|p1a: Rillaboom|47\/100\n|\n|-heal|p1a: Rillaboom|54\/100|[from] Grassy Terrain\n|-heal|p1a: Rillaboom|60\/100|[from] item: Leftovers\n|upkeep\n|turn|24\n|\n|t:|1667181850\n|switch|p2a: Heatran|Heatran, F|90\/100\n|-damage|p2a: Heatran|78\/100|[from] Stealth Rock\n|move|p1a: Rillaboom|Swords Dance|p1a: Rillaboom\n|-boost|p1a: Rillaboom|atk|2\n|\n|-heal|p1a: Rillaboom|66\/100|[from] Grassy Terrain\n|-heal|p1a: Rillaboom|72\/100|[from] item: Leftovers\n|-heal|p2a: Heatran|84\/100|[from] Grassy Terrain\n|upkeep\n|turn|25\n|j| Shotintheheart\n|\n|t:|1667181870\n|switch|p2a: Tapu Koko|Tapu Koko|100\/100\n|-fieldstart|move: Electric Terrain|[from] ability: Electric Surge|[of] p2a: Tapu Koko\n|move|p1a: Rillaboom|Drain Punch|p2a: Tapu Koko\n|-resisted|p2a: Tapu Koko\n|-damage|p2a: Tapu Koko|62\/100\n|-heal|p1a: Rillaboom|86\/100|[from] drain|[of] p2a: Tapu Koko\n|\n|-heal|p1a: Rillaboom|92\/100|[from] item: Leftovers\n|upkeep\n|turn|26\n|j| mack865\n|\n|t:|1667181878\n|move|p2a: Tapu Koko|Dazzling Gleam|p1a: Rillaboom\n|-damage|p1a: Rillaboom|57\/100\n|move|p1a: Rillaboom|Drain Punch|p2a: Tapu Koko\n|-resisted|p2a: Tapu Koko\n|-damage|p2a: Tapu Koko|23\/100\n|-heal|p1a: Rillaboom|71\/100|[from] drain|[of] p2a: Tapu Koko\n|\n|-heal|p1a: Rillaboom|77\/100|[from] item: Leftovers\n|upkeep\n|turn|27\n|\n|t:|1667181883\n|move|p2a: Tapu Koko|Dazzling Gleam|p1a: Rillaboom\n|-damage|p1a: Rillaboom|38\/100\n|move|p1a: Rillaboom|Drain Punch|p2a: Tapu Koko\n|-resisted|p2a: Tapu Koko\n|-damage|p2a: Tapu Koko|0 fnt\n|-heal|p1a: Rillaboom|46\/100|[from] drain|[of] p2a: Tapu Koko\n|faint|p2a: Tapu Koko\n|\n|-heal|p1a: Rillaboom|52\/100|[from] item: Leftovers\n|upkeep\n|\n|t:|1667181885\n|switch|p2a: Kartana|Kartana|36\/100\n|-damage|p2a: Kartana|30\/100|[from] Stealth Rock\n|turn|28\n|j| landmasterrrr\n|l| landmasterrrr\n|j| t-yeu\n|inactive|d18l has 120 seconds left.\n|\n|t:|1667181941\n|switch|p1a: Mandibuzz|Mandibuzz, F|86\/100\n|move|p2a: Kartana|Knock Off|p1a: Mandibuzz\n|-resisted|p1a: Mandibuzz\n|-damage|p1a: Mandibuzz|63\/100\n|-enditem|p1a: Mandibuzz|Heavy-Duty Boots|[from] move: Knock Off|[of] p2a: Kartana\n|\n|upkeep\n|turn|29\n|\n|t:|1667181959\n|switch|p2a: Heatran|Heatran, F|84\/100\n|-damage|p2a: Heatran|71\/100|[from] Stealth Rock\n|move|p1a: Mandibuzz|Roost|p1a: Mandibuzz\n|-heal|p1a: Mandibuzz|100\/100\n|-singleturn|p1a: Mandibuzz|move: Roost\n|\n|-fieldend|move: Electric Terrain\n|upkeep\n|turn|30\n|inactive|d18l has 90 seconds left.\n|\n|t:|1667181978\n|move|p1a: Mandibuzz|U-turn|p2a: Heatran\n|-resisted|p2a: Heatran\n|-damage|p2a: Heatran|70\/100\n|\n|t:|1667181980\n|switch|p1a: Dracozolt|Dracozolt|80\/100|[from]move: U-turn\n|-damage|p1a: Dracozolt|68\/100|[from] Stealth Rock\n|move|p2a: Heatran|Lava Plume|p1a: Dracozolt\n|-resisted|p1a: Dracozolt\n|-damage|p1a: Dracozolt|49\/100\n|\n|-heal|p1a: Dracozolt|55\/100|[from] item: Leftovers\n|upkeep\n|turn|31\n|\n|t:|1667181987\n|switch|p2a: Landorus|Landorus-Therian, M|51\/100\n|-damage|p2a: Landorus|39\/100|[from] Stealth Rock\n|-ability|p2a: Landorus|Intimidate|boost\n|-unboost|p1a: Dracozolt|atk|1\n|move|p1a: Dracozolt|Fire Spin|p2a: Landorus\n|-damage|p2a: Landorus|34\/100\n|-activate|p2a: Landorus|move: Fire Spin|[of] p1a: Dracozolt\n|\n|-heal|p1a: Dracozolt|61\/100|[from] item: Leftovers\n|-heal|p2a: Landorus|40\/100|[from] item: Leftovers\n|-damage|p2a: Landorus|28\/100|[from] move: Fire Spin|[partiallytrapped]\n|upkeep\n|turn|32\n|\n|t:|1667181992\n|switch|p1a: Kartana|Kartana|100\/100\n|-damage|p1a: Kartana|94\/100|[from] Stealth Rock\n|move|p2a: Landorus|U-turn|p1a: Kartana\n|-damage|p1a: Kartana|71\/100\n|-message|d18l forfeited.\n|\n|win|swumpy mumpus\n|raw|swumpy mumpus's rating: 1709 &rarr; <strong>1729<\/strong><br \/>(+20 for winning)\n|raw|d18l's rating: 1710 &rarr; <strong>1690<\/strong><br \/>(-20 for losing)\n","uploadtime":1667182003,"views":12,"p1id":"swumpymumpus","p2id":"d18l","formatid":"gen8ou","rating":1690,"private":0,"password":null}