{"id":"gen8ou-1661267268","p1":"want and wish","p2":"minimax_ai","format":"gen8ou","log":"|j|\u2606want and wish\n|j|\u2606minimax_ai\n|t:|1662860734\n|gametype|singles\n|player|p1|want and wish|wallace|1595\n|player|p2|minimax_ai|lusamine-nihilego|1532\n|teamsize|p1|6\n|teamsize|p2|6\n|gen|8\n|tier|[Gen 8] OU\n|rated|\n|rule|Sleep Clause Mod: Limit one foe put to sleep\n|rule|Species Clause: Limit one of each Pok\u00e9mon\n|rule|OHKO Clause: OHKO moves are banned\n|rule|Evasion Items Clause: Evasion items are banned\n|rule|Evasion Moves Clause: Evasion moves are banned\n|rule|Endless Battle Clause: Forcing endless battles is banned\n|rule|HP Percentage Mod: HP is shown in percentages\n|rule|Dynamax Clause: You cannot dynamax\n|clearpoke\n|poke|p1|Ninetales-Alola, M|\n|poke|p1|Heatran, M|\n|poke|p1|Landorus-Therian, M|\n|poke|p1|Tapu Fini|\n|poke|p1|Arctozolt|\n|poke|p1|Kartana|\n|poke|p2|Rotom-Wash|\n|poke|p2|Weavile, F|\n|poke|p2|Landorus-Therian, M|\n|poke|p2|Heatran, M|\n|poke|p2|Tangrowth, F|\n|poke|p2|Melmetal|\n|teampreview\n|inactive|Battle timer is ON: inactive players will automatically lose when time's up. (requested by want and wish)\n|c|\u2606minimax_ai|hf\n|inactive|minimax_ai also wants the timer to be on.\n|\n|t:|1662860738\n|start\n|switch|p1a: Chaos|Heatran, M|100\/100\n|switch|p2a: Melmetal|Melmetal|100\/100\n|-item|p1a: Chaos|Air Balloon\n|turn|1\n|c|\u2606want and wish|u2\n|\n|t:|1662860742\n|switch|p2a: rotomwash|Rotom-Wash|100\/100\n|move|p1a: Chaos|Stealth Rock|p2a: rotomwash\n|-sidestart|p2: minimax_ai|move: Stealth Rock\n|\n|upkeep\n|turn|2\n|\n|t:|1662860744\n|move|p1a: Chaos|Eruption|p2a: rotomwash\n|-resisted|p2a: rotomwash\n|-damage|p2a: rotomwash|58\/100\n|move|p2a: rotomwash|Hydro Pump|p1a: Chaos\n|-supereffective|p1a: Chaos\n|-damage|p1a: Chaos|13\/100\n|-enditem|p1a: Chaos|Air Balloon\n|\n|-heal|p2a: rotomwash|64\/100|[from] item: Leftovers\n|upkeep\n|turn|3\n|\n|t:|1662860747\n|move|p1a: Chaos|Toxic|p2a: rotomwash\n|-status|p2a: rotomwash|tox\n|move|p2a: rotomwash|Hydro Pump|p1a: Chaos\n|-supereffective|p1a: Chaos\n|-damage|p1a: Chaos|0 fnt\n|faint|p1a: Chaos\n|\n|-heal|p2a: rotomwash|70\/100 tox|[from] item: Leftovers\n|-damage|p2a: rotomwash|64\/100 tox|[from] psn\n|upkeep\n|\n|t:|1662860750\n|switch|p1a: Deathstroke|Kartana, shiny|100\/100\n|turn|4\n|\n|t:|1662860752\n|switch|p2a: Tangrowth|Tangrowth, F|100\/100\n|-damage|p2a: Tangrowth|88\/100|[from] Stealth Rock\n|move|p1a: Deathstroke|Leaf Blade|p2a: Tangrowth\n|-resisted|p2a: Tangrowth\n|-crit|p2a: Tangrowth\n|-damage|p2a: Tangrowth|66\/100\n|-damage|p1a: Deathstroke|84\/100|[from] item: Rocky Helmet|[of] p2a: Tangrowth\n|\n|upkeep\n|turn|5\n|\n|t:|1662860757\n|switch|p1a: Frozen Soul|Ninetales-Alola, M, shiny|100\/100\n|-weather|Hail|[from] ability: Snow Warning|[of] p1a: Frozen Soul\n|switch|p2a: Melmetal|Melmetal|100\/100\n|-damage|p2a: Melmetal|94\/100|[from] Stealth Rock\n|\n|-weather|Hail|[upkeep]\n|-damage|p2a: Melmetal|88\/100|[from] Hail\n|upkeep\n|turn|6\n|\n|t:|1662860759\n|switch|p1a: Enten|Landorus-Therian, M, shiny|100\/100\n|-ability|p1a: Enten|Intimidate|boost\n|-unboost|p2a: Melmetal|atk|1\n|move|p2a: Melmetal|Double Iron Bash|p1a: Enten\n|-damage|p1a: Enten|73\/100\n|-damage|p1a: Enten|48\/100\n|-hitcount|p1a: Enten|2\n|\n|-weather|Hail|[upkeep]\n|-damage|p1a: Enten|42\/100|[from] Hail\n|-damage|p2a: Melmetal|82\/100|[from] Hail\n|-heal|p1a: Enten|48\/100|[from] item: Leftovers\n|upkeep\n|turn|7\n|\n|t:|1662860760\n|move|p1a: Enten|Earthquake|p2a: Melmetal\n|-supereffective|p2a: Melmetal\n|-damage|p2a: Melmetal|26\/100\n|move|p2a: Melmetal|Ice Punch|p1a: Enten\n|-supereffective|p1a: Enten\n|-damage|p1a: Enten|0 fnt\n|faint|p1a: Enten\n|\n|-weather|Hail|[upkeep]\n|-damage|p2a: Melmetal|20\/100|[from] Hail\n|upkeep\n|\n|t:|1662860763\n|switch|p1a: Destroyer|Arctozolt, shiny|100\/100\n|turn|8\n|\n|t:|1662860766\n|move|p1a: Destroyer|Bolt Beak|p2a: Melmetal\n|-damage|p2a: Melmetal|0 fnt\n|faint|p2a: Melmetal\n|\n|-weather|Hail|[upkeep]\n|upkeep\n|\n|t:|1662860766\n|switch|p2a: Heatran|Heatran, M|100\/100\n|-damage|p2a: Heatran|88\/100|[from] Stealth Rock\n|-item|p2a: Heatran|Air Balloon\n|turn|9\n|\n|t:|1662860769\n|switch|p1a: Raven|Tapu Fini, shiny|100\/100\n|-fieldstart|move: Misty Terrain|[from] ability: Misty Surge|[of] p1a: Raven\n|move|p2a: Heatran|Magma Storm|p1a: Raven|[miss]\n|-miss|p2a: Heatran|p1a: Raven\n|\n|-weather|Hail|[upkeep]\n|-damage|p2a: Heatran|82\/100|[from] Hail\n|-damage|p1a: Raven|94\/100|[from] Hail\n|-heal|p1a: Raven|100\/100|[from] item: Leftovers\n|upkeep\n|turn|10\n|\n|t:|1662860773\n|move|p2a: Heatran|Magma Storm|p1a: Raven|[miss]\n|-miss|p2a: Heatran|p1a: Raven\n|move|p1a: Raven|Calm Mind|p1a: Raven\n|-boost|p1a: Raven|spa|1\n|-boost|p1a: Raven|spd|1\n|\n|-weather|Hail|[upkeep]\n|-damage|p2a: Heatran|76\/100|[from] Hail\n|-damage|p1a: Raven|94\/100|[from] Hail\n|-heal|p1a: Raven|100\/100|[from] item: Leftovers\n|upkeep\n|turn|11\n|\n|t:|1662860774\n|switch|p2a: Tangrowth|Tangrowth, F|99\/100\n|-damage|p2a: Tangrowth|87\/100|[from] Stealth Rock\n|move|p1a: Raven|Surf|p2a: Tangrowth\n|-resisted|p2a: Tangrowth\n|-damage|p2a: Tangrowth|52\/100\n|\n|-weather|Hail|[upkeep]\n|-damage|p1a: Raven|94\/100|[from] Hail\n|-damage|p2a: Tangrowth|46\/100|[from] Hail\n|-heal|p1a: Raven|100\/100|[from] item: Leftovers\n|upkeep\n|turn|12\n|\n|t:|1662860776\n|move|p1a: Raven|Draining Kiss|p2a: Tangrowth\n|-damage|p2a: Tangrowth|8\/100\n|-damage|p1a: Raven|84\/100|[from] item: Rocky Helmet|[of] p2a: Tangrowth\n|move|p2a: Tangrowth|Giga Drain|p1a: Raven\n|-supereffective|p1a: Raven\n|-damage|p1a: Raven|49\/100\n|-heal|p2a: Tangrowth|21\/100|[from] drain|[of] p1a: Raven\n|\n|-weather|none\n|-heal|p1a: Raven|55\/100|[from] item: Leftovers\n|upkeep\n|turn|13\n|\n|t:|1662860779\n|switch|p2a: rotomwash|Rotom-Wash|64\/100 tox\n|-damage|p2a: rotomwash|51\/100 tox|[from] Stealth Rock\n|move|p1a: Raven|Calm Mind|p1a: Raven\n|-boost|p1a: Raven|spa|1\n|-boost|p1a: Raven|spd|1\n|\n|-heal|p2a: rotomwash|58\/100 tox|[from] item: Leftovers\n|-heal|p1a: Raven|61\/100|[from] item: Leftovers\n|-damage|p2a: rotomwash|51\/100 tox|[from] psn\n|-fieldend|Misty Terrain\n|upkeep\n|turn|14\n|\n|t:|1662860780\n|move|p2a: rotomwash|Nasty Plot|p2a: rotomwash\n|-boost|p2a: rotomwash|spa|2\n|move|p1a: Raven|Draining Kiss|p2a: rotomwash\n|-damage|p2a: rotomwash|16\/100 tox\n|-heal|p1a: Raven|88\/100|[from] drain|[of] p2a: rotomwash\n|\n|-heal|p2a: rotomwash|22\/100 tox|[from] item: Leftovers\n|-heal|p1a: Raven|94\/100|[from] item: Leftovers\n|-damage|p2a: rotomwash|9\/100 tox|[from] psn\n|upkeep\n|turn|15\n|\n|t:|1662860782\n|move|p2a: rotomwash|Thunderbolt|p1a: Raven\n|-supereffective|p1a: Raven\n|-damage|p1a: Raven|31\/100\n|move|p1a: Raven|Draining Kiss|p2a: rotomwash\n|-damage|p2a: rotomwash|0 fnt\n|-heal|p1a: Raven|38\/100|[from] drain|[of] p2a: rotomwash\n|faint|p2a: rotomwash\n|\n|-heal|p1a: Raven|44\/100|[from] item: Leftovers\n|upkeep\n|\n|t:|1662860782\n|switch|p2a: Heatran|Heatran, M|76\/100\n|-damage|p2a: Heatran|63\/100|[from] Stealth Rock\n|-item|p2a: Heatran|Air Balloon\n|turn|16\n|\n|t:|1662860785\n|move|p2a: Heatran|Magma Storm|p1a: Raven\n|-resisted|p1a: Raven\n|-damage|p1a: Raven|33\/100\n|-activate|p1a: Raven|move: Magma Storm|[of] p2a: Heatran\n|move|p1a: Raven|Surf|p2a: Heatran\n|-supereffective|p2a: Heatran\n|-damage|p2a: Heatran|0 fnt\n|-enditem|p2a: Heatran|Air Balloon\n|faint|p2a: Heatran\n|\n|-heal|p1a: Raven|39\/100|[from] item: Leftovers\n|-end|p1a: Raven|Magma Storm|[partiallytrapped]|[silent]\n|upkeep\n|\n|t:|1662860785\n|switch|p2a: landorustherian|Landorus-Therian, M|100\/100\n|-damage|p2a: landorustherian|88\/100|[from] Stealth Rock\n|-ability|p2a: landorustherian|Intimidate|boost\n|-unboost|p1a: Raven|atk|1\n|turn|17\n|\n|t:|1662860787\n|switch|p2a: Tangrowth|Tangrowth, F|54\/100\n|-damage|p2a: Tangrowth|42\/100|[from] Stealth Rock\n|move|p1a: Raven|Surf|p2a: Tangrowth\n|-resisted|p2a: Tangrowth\n|-damage|p2a: Tangrowth|0 fnt\n|faint|p2a: Tangrowth\n|\n|-heal|p1a: Raven|45\/100|[from] item: Leftovers\n|upkeep\n|\n|t:|1662860787\n|switch|p2a: landorustherian|Landorus-Therian, M|88\/100\n|-damage|p2a: landorustherian|76\/100|[from] Stealth Rock\n|-ability|p2a: landorustherian|Intimidate|boost\n|-unboost|p1a: Raven|atk|1\n|turn|18\n|\n|t:|1662860789\n|move|p1a: Raven|Surf|p2a: landorustherian\n|-supereffective|p2a: landorustherian\n|-damage|p2a: landorustherian|0 fnt\n|faint|p2a: landorustherian\n|\n|-heal|p1a: Raven|51\/100|[from] item: Leftovers\n|upkeep\n|\n|t:|1662860789\n|switch|p2a: Weavile|Weavile, F|100\/100\n|-damage|p2a: Weavile|76\/100|[from] Stealth Rock\n|-ability|p2a: Weavile|Pressure\n|turn|19\n|\n|t:|1662860791\n|move|p2a: Weavile|Knock Off|p1a: Raven\n|-resisted|p1a: Raven\n|-damage|p1a: Raven|26\/100\n|-enditem|p1a: Raven|Leftovers|[from] move: Knock Off|[of] p2a: Weavile\n|move|p1a: Raven|Draining Kiss|p2a: Weavile\n|-supereffective|p2a: Weavile\n|-crit|p2a: Weavile\n|-damage|p2a: Weavile|0 fnt\n|-heal|p1a: Raven|77\/100|[from] drain|[of] p2a: Weavile\n|faint|p2a: Weavile\n|\n|win|want and wish\n|raw|want and wish's rating: 1595 &rarr; <strong>1611<\/strong><br \/>(+16 for winning)\n|raw|minimax_ai's rating: 1532 &rarr; <strong>1516<\/strong><br \/>(-16 for losing)\n|c|\u2606minimax_ai|gg\n","uploadtime":1662860793,"views":16,"p1id":"wantandwish","p2id":"minimaxai","formatid":"gen8ou","rating":1516,"private":0,"password":null}