{"id":"gen8ou-1685507745","p1":"minimax_ai","p2":"iopkj09","format":"gen8ou","log":"|html|<div class=\"broadcast-blue\"><strong>[Gen 8] OU is currently suspecting Melmetal! For information on how to participate check out the <a href=\"https:\/\/www.smogon.com\/forums\/threads\/np-ss-ou-suspect-process-round-12-monster-mash.3709234\/\">suspect thread<\/a>.<\/strong><\/div>\n|j|\u2606minimax_ai\n|j|\u2606iopkj09\n|t:|1665747792\n|gametype|singles\n|player|p1|minimax_ai|101|1574\n|player|p2|iopkj09|nate|1626\n|teamsize|p1|6\n|teamsize|p2|6\n|gen|8\n|tier|[Gen 8] OU\n|rated|\n|rule|Sleep Clause Mod: Limit one foe put to sleep\n|rule|Species Clause: Limit one of each Pok\u00e9mon\n|rule|OHKO Clause: OHKO moves are banned\n|rule|Evasion Items Clause: Evasion items are banned\n|rule|Evasion Moves Clause: Evasion moves are banned\n|rule|Endless Battle Clause: Forcing endless battles is banned\n|rule|HP Percentage Mod: HP is shown in percentages\n|rule|Dynamax Clause: You cannot dynamax\n|clearpoke\n|poke|p1|Rotom-Wash|\n|poke|p1|Weavile, M|\n|poke|p1|Landorus-Therian, M|\n|poke|p1|Heatran, M|\n|poke|p1|Tangrowth, F|\n|poke|p1|Melmetal|\n|poke|p2|Garchomp, M|\n|poke|p2|Zapdos|\n|poke|p2|Rillaboom, M|\n|poke|p2|Tapu Lele|\n|poke|p2|Volcanion|\n|poke|p2|Weavile, F|\n|teampreview\n|inactive|Battle timer is ON: inactive players will automatically lose when time's up. (requested by iopkj09)\n|c|\u2606minimax_ai|hf\n|inactive|minimax_ai also wants the timer to be on.\n|\n|t:|1665747798\n|start\n|switch|p1a: Melmetal|Melmetal|100\/100\n|switch|p2a: Weavile|Weavile, F|100\/100\n|-ability|p2a: Weavile|Pressure\n|turn|1\n|\n|t:|1665747800\n|switch|p2a: Volcanion|Volcanion|100\/100\n|move|p1a: Melmetal|Double Iron Bash|p2a: Volcanion\n|-resisted|p2a: Volcanion\n|-damage|p2a: Volcanion|93\/100\n|-resisted|p2a: Volcanion\n|-damage|p2a: Volcanion|86\/100\n|-hitcount|p2a: Volcanion|2\n|\n|upkeep\n|turn|2\n|\n|t:|1665747806\n|switch|p2a: Weavile|Weavile, F|100\/100\n|-ability|p2a: Weavile|Pressure\n|switch|p1a: rotomwash|Rotom-Wash|100\/100\n|\n|upkeep\n|turn|3\n|\n|t:|1665747811\n|move|p2a: Weavile|Knock Off|p1a: rotomwash\n|-damage|p1a: rotomwash|51\/100\n|-enditem|p1a: rotomwash|Leftovers|[from] move: Knock Off|[of] p2a: Weavile\n|move|p1a: rotomwash|Thunderbolt|p2a: Weavile\n|-damage|p2a: Weavile|51\/100\n|\n|upkeep\n|turn|4\n|\n|t:|1665747815\n|move|p2a: Weavile|Swords Dance|p2a: Weavile\n|-boost|p2a: Weavile|atk|2\n|move|p1a: rotomwash|Thunderbolt|p2a: Weavile\n|-damage|p2a: Weavile|1\/100\n|\n|upkeep\n|turn|5\n|\n|t:|1665747817\n|switch|p1a: Melmetal|Melmetal|100\/100\n|move|p2a: Weavile|Knock Off|p1a: Melmetal\n|-damage|p1a: Melmetal|45\/100\n|-enditem|p1a: Melmetal|Assault Vest|[from] move: Knock Off|[of] p2a: Weavile\n|\n|upkeep\n|turn|6\n|\n|t:|1665747820\n|move|p2a: Weavile|Low Kick|p1a: Melmetal\n|-supereffective|p1a: Melmetal\n|-damage|p1a: Melmetal|0 fnt\n|faint|p1a: Melmetal\n|\n|upkeep\n|\n|t:|1665747820\n|switch|p1a: Weavile|Weavile, M|100\/100\n|-ability|p1a: Weavile|Pressure\n|turn|7\n|\n|t:|1665747829\n|move|p2a: Weavile|Ice Shard|p1a: Weavile\n|-resisted|p1a: Weavile\n|-damage|p1a: Weavile|66\/100\n|move|p1a: Weavile|Ice Shard|p2a: Weavile\n|-resisted|p2a: Weavile\n|-damage|p2a: Weavile|0 fnt\n|faint|p2a: Weavile\n|\n|upkeep\n|\n|t:|1665747833\n|switch|p2a: Volcanion|Volcanion|86\/100\n|turn|8\n|\n|t:|1665747834\n|switch|p1a: rotomwash|Rotom-Wash|51\/100\n|move|p2a: Volcanion|Steam Eruption|p1a: rotomwash|[miss]\n|-miss|p2a: Volcanion|p1a: rotomwash\n|\n|upkeep\n|turn|9\n|\n|t:|1665747838\n|switch|p2a: Rillaboom|Rillaboom, M|100\/100\n|-fieldstart|move: Grassy Terrain|[from] ability: Grassy Surge|[of] p2a: Rillaboom\n|move|p1a: rotomwash|Thunderbolt|p2a: Rillaboom\n|-resisted|p2a: Rillaboom\n|-damage|p2a: Rillaboom|79\/100\n|\n|-heal|p2a: Rillaboom|85\/100|[from] Grassy Terrain\n|upkeep\n|turn|10\n|\n|t:|1665747842\n|switch|p2a: Volcanion|Volcanion|86\/100\n|move|p1a: rotomwash|Hydro Pump|p2a: Volcanion\n|-heal|p2a: Volcanion|100\/100|[from] ability: Water Absorb|[of] p1a: rotomwash\n|\n|upkeep\n|turn|11\n|\n|t:|1665747845\n|switch|p2a: Rillaboom|Rillaboom, M|85\/100\n|move|p1a: rotomwash|Pain Split|p2a: Rillaboom\n|-sethp|p2a: Rillaboom|65\/100|[from] move: Pain Split|[silent]\n|-sethp|p1a: rotomwash|73\/100|[from] move: Pain Split\n|\n|-heal|p2a: Rillaboom|71\/100|[from] Grassy Terrain\n|upkeep\n|turn|12\n|\n|t:|1665747849\n|switch|p1a: Tangrowth|Tangrowth, F|100\/100\n|move|p2a: Rillaboom|Grassy Glide|p1a: Tangrowth\n|-resisted|p1a: Tangrowth\n|-damage|p1a: Tangrowth|86\/100\n|-damage|p2a: Rillaboom|54\/100|[from] item: Rocky Helmet|[of] p1a: Tangrowth\n|-damage|p2a: Rillaboom|44\/100|[from] item: Life Orb\n|\n|-heal|p2a: Rillaboom|50\/100|[from] Grassy Terrain\n|-heal|p1a: Tangrowth|92\/100|[from] Grassy Terrain\n|upkeep\n|turn|13\n|\n|t:|1665747856\n|switch|p2a: Volcanion|Volcanion|100\/100\n|move|p1a: Tangrowth|Giga Drain|p2a: Volcanion\n|-damage|p2a: Volcanion|80\/100\n|-heal|p1a: Tangrowth|100\/100|[from] drain|[of] p2a: Volcanion\n|\n|-heal|p2a: Volcanion|86\/100|[from] Grassy Terrain\n|-fieldend|move: Grassy Terrain\n|upkeep\n|turn|14\n|\n|t:|1665747858\n|switch|p1a: rotomwash|Rotom-Wash|73\/100\n|move|p2a: Volcanion|Steam Eruption|p1a: rotomwash\n|-resisted|p1a: rotomwash\n|-damage|p1a: rotomwash|46\/100\n|\n|upkeep\n|turn|15\n|\n|t:|1665747861\n|move|p1a: rotomwash|Thunderbolt|p2a: Volcanion\n|-supereffective|p2a: Volcanion\n|-damage|p2a: Volcanion|43\/100\n|move|p2a: Volcanion|Steam Eruption|p1a: rotomwash\n|-resisted|p1a: rotomwash\n|-crit|p1a: rotomwash\n|-damage|p1a: rotomwash|8\/100\n|-status|p1a: rotomwash|brn\n|\n|-damage|p1a: rotomwash|1\/100 brn|[from] brn\n|upkeep\n|turn|16\n|\n|t:|1665747863\n|switch|p2a: Rillaboom|Rillaboom, M|50\/100\n|-fieldstart|move: Grassy Terrain|[from] ability: Grassy Surge|[of] p2a: Rillaboom\n|move|p1a: rotomwash|Pain Split|p2a: Rillaboom\n|-sethp|p2a: Rillaboom|26\/100|[from] move: Pain Split|[silent]\n|-sethp|p1a: rotomwash|29\/100 brn|[from] move: Pain Split\n|\n|-heal|p2a: Rillaboom|32\/100|[from] Grassy Terrain\n|-damage|p1a: rotomwash|23\/100 brn|[from] brn\n|upkeep\n|turn|17\n|\n|t:|1665747865\n|switch|p1a: landorustherian|Landorus-Therian, M|100\/100\n|-ability|p1a: landorustherian|Intimidate|boost\n|-unboost|p2a: Rillaboom|atk|1\n|move|p2a: Rillaboom|Swords Dance|p2a: Rillaboom\n|-boost|p2a: Rillaboom|atk|2\n|\n|-heal|p2a: Rillaboom|38\/100|[from] Grassy Terrain\n|upkeep\n|turn|18\n|\n|t:|1665747867\n|move|p2a: Rillaboom|Grassy Glide|p1a: landorustherian\n|-damage|p1a: landorustherian|18\/100\n|-damage|p2a: Rillaboom|28\/100|[from] item: Life Orb\n|move|p1a: landorustherian|U-turn|p2a: Rillaboom\n|-supereffective|p2a: Rillaboom\n|-damage|p2a: Rillaboom|0 fnt\n|faint|p2a: Rillaboom\n|\n|t:|1665747867\n|switch|p1a: Weavile|Weavile, M|66\/100|[from]move: U-turn\n|-ability|p1a: Weavile|Pressure\n|\n|-heal|p1a: Weavile|72\/100|[from] Grassy Terrain\n|upkeep\n|\n|t:|1665747870\n|switch|p2a: Tapu Lele|Tapu Lele|100\/100\n|-fieldstart|move: Psychic Terrain|[from] ability: Psychic Surge|[of] p2a: Tapu Lele\n|turn|19\n|\n|t:|1665747871\n|switch|p1a: landorustherian|Landorus-Therian, M|18\/100\n|-ability|p1a: landorustherian|Intimidate|boost\n|-unboost|p2a: Tapu Lele|atk|1\n|move|p2a: Tapu Lele|Moonblast|p1a: landorustherian\n|-damage|p1a: landorustherian|0 fnt\n|faint|p1a: landorustherian\n|\n|upkeep\n|\n|t:|1665747871\n|switch|p1a: Weavile|Weavile, M|72\/100\n|-ability|p1a: Weavile|Pressure\n|turn|20\n|\n|t:|1665747874\n|switch|p2a: Volcanion|Volcanion|43\/100\n|move|p1a: Weavile|Knock Off|p2a: Volcanion\n|-damage|p2a: Volcanion|0 fnt\n|-enditem|p2a: Volcanion|Assault Vest|[from] move: Knock Off|[of] p1a: Weavile\n|faint|p2a: Volcanion\n|\n|upkeep\n|\n|t:|1665747876\n|switch|p2a: Tapu Lele|Tapu Lele|100\/100\n|turn|21\n|\n|t:|1665747878\n|move|p1a: Weavile|Knock Off|p2a: Tapu Lele\n|-damage|p2a: Tapu Lele|0 fnt\n|-enditem|p2a: Tapu Lele|Choice Specs|[from] move: Knock Off|[of] p1a: Weavile\n|faint|p2a: Tapu Lele\n|\n|upkeep\n|\n|t:|1665747880\n|switch|p2a: Garchomp|Garchomp, M, shiny|100\/100\n|turn|22\n|\n|t:|1665747881\n|switch|p1a: Tangrowth|Tangrowth, F|100\/100\n|move|p2a: Garchomp|Iron Head|p1a: Tangrowth\n|-damage|p1a: Tangrowth|86\/100\n|-damage|p2a: Garchomp|84\/100|[from] item: Rocky Helmet|[of] p1a: Tangrowth\n|\n|upkeep\n|turn|23\n|\n|t:|1665747883\n|switch|p2a: Zapdos|Zapdos, shiny|100\/100\n|move|p1a: Tangrowth|Sleep Powder|p2a: Zapdos\n|-status|p2a: Zapdos|slp|[from] move: Sleep Powder\n|\n|-fieldend|move: Psychic Terrain\n|upkeep\n|turn|24\n|\n|t:|1665747886\n|switch|p1a: Weavile|Weavile, M|72\/100\n|-ability|p1a: Weavile|Pressure\n|cant|p2a: Zapdos|slp\n|\n|upkeep\n|turn|25\n|\n|t:|1665747889\n|move|p1a: Weavile|Triple Axel|p2a: Zapdos\n|-supereffective|p2a: Zapdos\n|-damage|p2a: Zapdos|64\/100 slp\n|-supereffective|p2a: Zapdos\n|-damage|p2a: Zapdos|0 fnt\n|-status|p1a: Weavile|par|[from] ability: Static|[of] p2a: Zapdos\n|faint|p2a: Zapdos\n|-hitcount|p2: Zapdos|2\n|\n|upkeep\n|\n|t:|1665747891\n|switch|p2a: Garchomp|Garchomp, M, shiny|84\/100\n|turn|26\n|\n|t:|1665747894\n|switch|p1a: Tangrowth|Tangrowth, F|100\/100\n|move|p2a: Garchomp|Outrage|p1a: Tangrowth\n|-damage|p1a: Tangrowth|69\/100\n|-damage|p2a: Garchomp|67\/100|[from] item: Rocky Helmet|[of] p1a: Tangrowth\n|\n|upkeep\n|turn|27\n|-message|iopkj09 forfeited.\n|\n|win|minimax_ai\n|raw|minimax_ai's rating: 1574 &rarr; <strong>1597<\/strong><br \/>(+23 for winning)\n|raw|iopkj09's rating: 1626 &rarr; <strong>1603<\/strong><br \/>(-23 for losing)\n|c|\u2606minimax_ai|gg\n|l|\u2606iopkj09\n","uploadtime":1665747899,"views":12,"p1id":"minimaxai","p2id":"iopkj09","formatid":"gen8ou","rating":1597,"private":0,"password":null}