{"id":"gen8ou-1633289634","p1":"LT92PF Futility","p2":"dmt dreams","format":"gen8ou","log":"|raw|<div class=\"broadcast-blue\"><strong>This battle is required to be public due to a player having a name starting with 'lt92pf'.<\/div>\n|j|\u2606LT92PF Futility\n|j|\u2606dmt dreams\n|t:|1659754473\n|gametype|singles\n|player|p1|LT92PF Futility|cynthia-gen4|1732\n|player|p2|dmt dreams|102|1992\n|teamsize|p1|6\n|teamsize|p2|6\n|gen|8\n|tier|[Gen 8] OU\n|rated|\n|rule|Sleep Clause Mod: Limit one foe put to sleep\n|rule|Species Clause: Limit one of each Pok\u00e9mon\n|rule|OHKO Clause: OHKO moves are banned\n|rule|Evasion Items Clause: Evasion items are banned\n|rule|Evasion Moves Clause: Evasion moves are banned\n|rule|Endless Battle Clause: Forcing endless battles is banned\n|rule|HP Percentage Mod: HP is shown in percentages\n|rule|Dynamax Clause: You cannot dynamax\n|clearpoke\n|poke|p1|Tyranitar, M|\n|poke|p1|Slowbro-Galar, F|\n|poke|p1|Corviknight, F|\n|poke|p1|Urshifu-*, M|\n|poke|p1|Landorus-Therian, M|\n|poke|p1|Dragapult, F|\n|poke|p2|Mew|\n|poke|p2|Landorus-Therian, M|\n|poke|p2|Nihilego|\n|poke|p2|Zeraora|\n|poke|p2|Celesteela|\n|poke|p2|Dragapult, F|\n|teampreview\n|inactive|Battle timer is ON: inactive players will automatically lose when time's up. (requested by LT92PF Futility)\n|\n|t:|1659754488\n|start\n|switch|p1a: Urshifu|Urshifu-Rapid-Strike, M|100\/100\n|switch|p2a: Mew|Mew|100\/100\n|turn|1\n|\n|t:|1659754492\n|move|p2a: Mew|Thunder Wave|p1a: Urshifu\n|-status|p1a: Urshifu|par\n|move|p1a: Urshifu|U-turn|p2a: Mew\n|-supereffective|p2a: Mew\n|-damage|p2a: Mew|38\/100\n|\n|t:|1659754497\n|switch|p1a: Dragapult|Dragapult, F|100\/100|[from]move: U-turn\n|\n|upkeep\n|turn|2\n|\n|t:|1659754502\n|move|p1a: Dragapult|Shadow Ball|p2a: Mew\n|-supereffective|p2a: Mew\n|-damage|p2a: Mew|0 fnt\n|faint|p2a: Mew\n|\n|upkeep\n|j| tapu moxo\n|\n|t:|1659754510\n|switch|p2a: Nihilego|Nihilego|100\/100\n|turn|3\n|\n|t:|1659754518\n|move|p1a: Dragapult|Shadow Ball|p2a: Nihilego\n|-damage|p2a: Nihilego|62\/100\n|move|p2a: Nihilego|Meteor Beam||[still]\n|-prepare|p2a: Nihilego|Meteor Beam\n|-boost|p2a: Nihilego|spa|1\n|-enditem|p2a: Nihilego|Power Herb\n|-anim|p2a: Nihilego|Meteor Beam|p1a: Dragapult\n|-damage|p1a: Dragapult|0 fnt\n|faint|p1a: Dragapult\n|-ability|p2a: Nihilego|Beast Boost|boost\n|-boost|p2a: Nihilego|spe|1\n|\n|upkeep\n|\n|t:|1659754524\n|switch|p1a: Tyranitar|Tyranitar, M|100\/100\n|-weather|Sandstorm|[from] ability: Sand Stream|[of] p1a: Tyranitar\n|turn|4\n|\n|t:|1659754530\n|move|p2a: Nihilego|Grass Knot|p1a: Tyranitar\n|-supereffective|p1a: Tyranitar\n|-damage|p1a: Tyranitar|49\/100\n|move|p1a: Tyranitar|Earthquake|p2a: Nihilego\n|-supereffective|p2a: Nihilego\n|-damage|p2a: Nihilego|0 fnt\n|faint|p2a: Nihilego\n|\n|-weather|Sandstorm|[upkeep]\n|-heal|p1a: Tyranitar|55\/100|[from] item: Leftovers\n|upkeep\n|\n|t:|1659754532\n|switch|p2a: Landorus|Landorus-Therian, M|100\/100\n|-ability|p2a: Landorus|Intimidate|boost\n|-unboost|p1a: Tyranitar|atk|1\n|turn|5\n|\n|t:|1659754535\n|move|p2a: Landorus|Gravity|p2a: Landorus\n|-fieldstart|move: Gravity\n|move|p1a: Tyranitar|Stealth Rock|p2a: Landorus\n|-sidestart|p2: dmt dreams|move: Stealth Rock\n|\n|-weather|Sandstorm|[upkeep]\n|-heal|p1a: Tyranitar|61\/100|[from] item: Leftovers\n|upkeep\n|turn|6\n|j| LT92PF Lio\n|\n|t:|1659754550\n|switch|p1a: Corviknight|Corviknight, F|100\/100\n|-ability|p1a: Corviknight|Pressure\n|move|p2a: Landorus|Earthquake|p1a: Corviknight\n|-supereffective|p1a: Corviknight\n|-damage|p1a: Corviknight|0 fnt\n|faint|p1a: Corviknight\n|\n|-weather|Sandstorm|[upkeep]\n|upkeep\n|j| ripreckful\n|j| LegendaryC26\n|l| LegendaryC26\n|\n|t:|1659754564\n|switch|p1a: Urshifu|Urshifu-Rapid-Strike, M|100\/100 par\n|turn|7\n|\n|t:|1659754567\n|move|p2a: Landorus|Earthquake|p1a: Urshifu\n|-damage|p1a: Urshifu|21\/100 par\n|move|p1a: Urshifu|Surging Strikes|p2a: Landorus\n|-supereffective|p2a: Landorus\n|-crit|p2a: Landorus\n|-damage|p2a: Landorus|37\/100\n|-supereffective|p2a: Landorus\n|-crit|p2a: Landorus\n|-damage|p2a: Landorus|0 fnt\n|faint|p2a: Landorus\n|-hitcount|p2: Landorus|2\n|\n|-weather|Sandstorm|[upkeep]\n|-damage|p1a: Urshifu|15\/100 par|[from] Sandstorm\n|upkeep\n|\n|t:|1659754576\n|switch|p2a: Celesteela|Celesteela|100\/100\n|-damage|p2a: Celesteela|88\/100|[from] Stealth Rock\n|turn|8\n|\n|t:|1659754579\n|move|p2a: Celesteela|Meteor Beam||[still]\n|-prepare|p2a: Celesteela|Meteor Beam\n|-boost|p2a: Celesteela|spa|1\n|-enditem|p2a: Celesteela|Power Herb\n|-anim|p2a: Celesteela|Meteor Beam|p1a: Urshifu\n|-resisted|p1a: Urshifu\n|-damage|p1a: Urshifu|0 fnt\n|faint|p1a: Urshifu\n|-ability|p2a: Celesteela|Beast Boost|boost\n|-boost|p2a: Celesteela|spa|1\n|\n|-weather|none\n|upkeep\n|\n|t:|1659754583\n|switch|p1a: Landorus|Landorus-Therian, M|100\/100\n|-ability|p1a: Landorus|Intimidate|boost\n|-unboost|p2a: Celesteela|atk|1\n|turn|9\n|\n|t:|1659754585\n|move|p1a: Landorus|Earthquake|p2a: Celesteela\n|-supereffective|p2a: Celesteela\n|-damage|p2a: Celesteela|0 fnt\n|faint|p2a: Celesteela\n|\n|-fieldend|move: Gravity\n|upkeep\n|\n|t:|1659754588\n|switch|p2a: Dragapult|Dragapult, F|100\/100\n|-damage|p2a: Dragapult|88\/100|[from] Stealth Rock\n|turn|10\n|\n|t:|1659754597\n|switch|p1a: Tyranitar|Tyranitar, M|61\/100\n|-weather|Sandstorm|[from] ability: Sand Stream|[of] p1a: Tyranitar\n|move|p2a: Dragapult|Dragon Darts|p1a: Tyranitar\n|-damage|p1a: Tyranitar|32\/100\n|-anim|p2a: Dragapult|Dragon Darts|p1a: Tyranitar\n|-damage|p1a: Tyranitar|3\/100\n|-damage|p2a: Dragapult|78\/100|[from] item: Life Orb\n|\n|-weather|Sandstorm|[upkeep]\n|-damage|p2a: Dragapult|72\/100|[from] Sandstorm\n|-heal|p1a: Tyranitar|10\/100|[from] item: Leftovers\n|upkeep\n|turn|11\n|\n|t:|1659754606\n|move|p2a: Dragapult|Dragon Darts|p1a: Tyranitar\n|-damage|p1a: Tyranitar|0 fnt\n|faint|p1a: Tyranitar\n|-damage|p2a: Dragapult|63\/100|[from] item: Life Orb\n|\n|-weather|Sandstorm|[upkeep]\n|-damage|p2a: Dragapult|57\/100|[from] Sandstorm\n|upkeep\n|\n|t:|1659754611\n|switch|p1a: Slowbro|Slowbro-Galar, F|100\/100\n|turn|12\n|\n|t:|1659754619\n|move|p2a: Dragapult|Phantom Force||[still]\n|-prepare|p2a: Dragapult|Phantom Force\n|move|p1a: Slowbro|Psyshock|p2a: Dragapult|[miss]\n|-miss|p1a: Slowbro|p2a: Dragapult\n|\n|-weather|Sandstorm|[upkeep]\n|-damage|p2a: Dragapult|51\/100|[from] Sandstorm\n|-damage|p1a: Slowbro|94\/100|[from] Sandstorm\n|upkeep\n|turn|13\n|\n|t:|1659754625\n|move|p2a: Dragapult|Phantom Force|p1a: Slowbro|[from]lockedmove\n|-supereffective|p1a: Slowbro\n|-damage|p1a: Slowbro|0 fnt\n|faint|p1a: Slowbro\n|-damage|p2a: Dragapult|41\/100|[from] item: Life Orb\n|\n|-weather|Sandstorm|[upkeep]\n|-damage|p2a: Dragapult|35\/100|[from] Sandstorm\n|upkeep\n|\n|t:|1659754628\n|switch|p1a: Landorus|Landorus-Therian, M|100\/100\n|-ability|p1a: Landorus|Intimidate|boost\n|-fail|p2a: Dragapult|unboost|[from] ability: Clear Body|[of] p2a: Dragapult\n|turn|14\n|\n|t:|1659754630\n|move|p2a: Dragapult|Dragon Darts|p1a: Landorus\n|-damage|p1a: Landorus|56\/100\n|-anim|p2a: Dragapult|Dragon Darts|p1a: Landorus\n|-damage|p1a: Landorus|12\/100\n|-damage|p2a: Dragapult|25\/100|[from] item: Life Orb\n|move|p1a: Landorus|Earthquake|p2a: Dragapult\n|-damage|p2a: Dragapult|0 fnt\n|faint|p2a: Dragapult\n|\n|-weather|none\n|-heal|p1a: Landorus|18\/100|[from] item: Leftovers\n|upkeep\n|\n|t:|1659754633\n|switch|p2a: Zeraora|Zeraora|100\/100\n|turn|15\n|\n|t:|1659754635\n|move|p2a: Zeraora|Knock Off|p1a: Landorus\n|-damage|p1a: Landorus|0 fnt\n|-enditem|p1a: Landorus|Leftovers|[from] move: Knock Off|[of] p2a: Zeraora\n|faint|p1a: Landorus\n|\n|win|dmt dreams\n|raw|LT92PF Futility's rating: 1732 &rarr; <strong>1725<\/strong><br \/>(-7 for losing)\n|raw|dmt dreams's rating: 1992 &rarr; <strong>1999<\/strong><br \/>(+7 for winning)\n|l|\u2606LT92PF Futility\n|c|\u2606dmt dreams|gg\n","uploadtime":1659754640,"views":117,"p1id":"lt92pffutility","p2id":"dmtdreams","formatid":"gen8ou","rating":1725,"private":0,"password":null}