{"id":"gen8ou-1634174771","p1":"cute pink team","p2":"LT92PF Highv0ltag3","format":"gen8ou","log":"|j|\u2606cute pink team\n|j|\u2606LT92PF Highv0ltag3\n|t:|1659870570\n|gametype|singles\n|player|p1|cute pink team|misty-gen1|1836\n|player|p2|LT92PF Highv0ltag3|volo|1842\n|teamsize|p1|6\n|teamsize|p2|6\n|gen|8\n|tier|[Gen 8] OU\n|rated|\n|rule|Sleep Clause Mod: Limit one foe put to sleep\n|rule|Species Clause: Limit one of each Pok\u00e9mon\n|rule|OHKO Clause: OHKO moves are banned\n|rule|Evasion Items Clause: Evasion items are banned\n|rule|Evasion Moves Clause: Evasion moves are banned\n|rule|Endless Battle Clause: Forcing endless battles is banned\n|rule|HP Percentage Mod: HP is shown in percentages\n|rule|Dynamax Clause: You cannot dynamax\n|clearpoke\n|poke|p1|Tyranitar, F|\n|poke|p1|Corviknight, M|\n|poke|p1|Volcanion|\n|poke|p1|Zapdos|\n|poke|p1|Weavile, F|\n|poke|p1|Nidoking, M|\n|poke|p2|Porygon-Z|\n|poke|p2|Toxapex, M|\n|poke|p2|Corviknight, M|\n|poke|p2|Urshifu-*, F|\n|poke|p2|Landorus-Therian, M|\n|poke|p2|Mew|\n|teampreview\n|l|\u2606LT92PF Highv0ltag3\n|player|p2|\n|j|\u2606LT92PF Highv0ltag3\n|player|p2|LT92PF Highv0ltag3|volo\n|\n|t:|1659870610\n|start\n|switch|p1a: Zapdos|Zapdos|100\/100\n|switch|p2a: Porygon-Z|Porygon-Z|100\/100\n|-ability|p2a: Porygon-Z|Download|boost\n|-boost|p2a: Porygon-Z|atk|1\n|turn|1\n|j| muaaaaaaaa\n|j| the art of\n|l| muaaaaaaaa\n|j| fdxbgcnh\n|j| vo1kner\n|\n|t:|1659870635\n|switch|p2a: Toxapex|Toxapex, M|100\/100\n|move|p1a: Zapdos|Volt Switch|p2a: Toxapex\n|-supereffective|p2a: Toxapex\n|-crit|p2a: Toxapex\n|-damage|p2a: Toxapex|0 fnt\n|faint|p2a: Toxapex\n|l| fdxbgcnh\n|j| bfdbdfbdfbdf\n|c|\u2606LT92PF Highv0ltag3|Lol\n|\n|t:|1659870646\n|switch|p1a: Volcanion|Volcanion|100\/100|[from]move: Volt Switch\n|\n|upkeep\n|j| LT92PF Hikozaru\n|\n|t:|1659870649\n|switch|p2a: Porygon-Z|Porygon-Z|100\/100\n|-ability|p2a: Porygon-Z|Download|boost\n|-boost|p2a: Porygon-Z|spa|1\n|turn|2\n|\n|t:|1659870653\n|switch|p1a: Corviknight|Corviknight, M|100\/100\n|-ability|p1a: Corviknight|Pressure\n|move|p2a: Porygon-Z|Thunderbolt|p1a: Corviknight\n|-supereffective|p1a: Corviknight\n|-damage|p1a: Corviknight|0 fnt\n|faint|p1a: Corviknight\n|\n|upkeep\n|\n|t:|1659870659\n|switch|p1a: Weavile|Weavile, F|100\/100\n|-ability|p1a: Weavile|Pressure\n|turn|3\n|\n|t:|1659870663\n|switch|p1a: Zapdos|Zapdos|100\/100\n|switch|p2a: Urshifu|Urshifu-Rapid-Strike, F|100\/100\n|\n|upkeep\n|turn|4\n|j| Ash Red Legend\n|\n|t:|1659870677\n|switch|p2a: Corviknight|Corviknight, M|100\/100\n|-ability|p2a: Corviknight|Pressure\n|move|p1a: Zapdos|Hurricane|p2a: Corviknight\n|-resisted|p2a: Corviknight\n|-crit|p2a: Corviknight\n|-damage|p2a: Corviknight|40\/100\n|\n|-heal|p2a: Corviknight|46\/100|[from] item: Leftovers\n|upkeep\n|turn|5\n|c|\u2606LT92PF Highv0ltag3|Bro\n|\n|t:|1659870697\n|switch|p1a: Volcanion|Volcanion|100\/100\n|move|p2a: Corviknight|Roost|p2a: Corviknight\n|-heal|p2a: Corviknight|96\/100\n|-singleturn|p2a: Corviknight|move: Roost\n|\n|-heal|p2a: Corviknight|100\/100|[from] item: Leftovers\n|upkeep\n|turn|6\n|c| Ash Red Legend|How to play official ladder tournaments?\n|\n|t:|1659870704\n|move|p1a: Volcanion|Overheat|p2a: Corviknight\n|-supereffective|p2a: Corviknight\n|-crit|p2a: Corviknight\n|-damage|p2a: Corviknight|0 fnt\n|-unboost|p1a: Volcanion|spa|2\n|faint|p2a: Corviknight\n|\n|upkeep\n|\n|t:|1659870708\n|switch|p2a: Porygon-Z|Porygon-Z|100\/100\n|-ability|p2a: Porygon-Z|Download|boost\n|-boost|p2a: Porygon-Z|spa|1\n|turn|7\n|l| Ash Red Legend\n|j| tapu moxo\n|\n|t:|1659870719\n|switch|p1a: Tyranitar|Tyranitar, F|100\/100\n|-weather|Sandstorm|[from] ability: Sand Stream|[of] p1a: Tyranitar\n|move|p2a: Porygon-Z|Tri Attack|p1a: Tyranitar\n|-resisted|p1a: Tyranitar\n|-damage|p1a: Tyranitar|69\/100\n|\n|-weather|Sandstorm|[upkeep]\n|-damage|p2a: Porygon-Z|94\/100|[from] Sandstorm\n|upkeep\n|turn|8\n|j| Pais\n|j| Ash Red Legend\n|c| the art of|u sign up in smogon\n|\n|t:|1659870732\n|switch|p2a: Urshifu|Urshifu-Rapid-Strike, F|100\/100\n|switch|p1a: Zapdos|Zapdos|100\/100\n|\n|-weather|Sandstorm|[upkeep]\n|-damage|p2a: Urshifu|94\/100|[from] Sandstorm\n|-damage|p1a: Zapdos|94\/100|[from] Sandstorm\n|upkeep\n|turn|9\n|j| LT92PF Silk\n|j| LT92PF gei\n|l| LT92PF Silk\n|\n|t:|1659870740\n|switch|p2a: Landorus|Landorus-Therian, M|100\/100\n|-ability|p2a: Landorus|Intimidate|boost\n|-unboost|p1a: Zapdos|atk|1\n|move|p1a: Zapdos|Hurricane|p2a: Landorus\n|-damage|p2a: Landorus|15\/100\n|\n|-weather|Sandstorm|[upkeep]\n|-damage|p1a: Zapdos|88\/100|[from] Sandstorm\n|-heal|p2a: Landorus|21\/100|[from] item: Leftovers\n|upkeep\n|turn|10\n|j| Jase duken\n|c| vo1kner|WTF\n|c| LT92PF gei|but ur team isnt pink\n|j| PoobleMaster945\n|inactive|Battle timer is ON: inactive players will automatically lose when time's up. (requested by LT92PF Highv0ltag3)\n|\n|t:|1659870762\n|move|p1a: Zapdos|Hurricane|p2a: Landorus\n|-damage|p2a: Landorus|0 fnt\n|faint|p2a: Landorus\n|\n|-weather|Sandstorm|[upkeep]\n|-damage|p1a: Zapdos|82\/100|[from] Sandstorm\n|upkeep\n|j| LT92PF Buzzwole\n|\n|t:|1659870775\n|switch|p2a: Mew|Mew|100\/100\n|turn|11\n|\n|t:|1659870778\n|switch|p1a: Volcanion|Volcanion|100\/100\n|move|p2a: Mew|Triple Axel|p1a: Volcanion\n|-resisted|p1a: Volcanion\n|-damage|p1a: Volcanion|99\/100\n|-resisted|p1a: Volcanion\n|-damage|p1a: Volcanion|96\/100\n|-resisted|p1a: Volcanion\n|-damage|p1a: Volcanion|91\/100\n|-hitcount|p1a: Volcanion|3\n|\n|-weather|none\n|upkeep\n|turn|12\n|\n|t:|1659870781\n|switch|p2a: Urshifu|Urshifu-Rapid-Strike, F|94\/100\n|move|p1a: Volcanion|Steam Eruption|p2a: Urshifu\n|-resisted|p2a: Urshifu\n|-damage|p2a: Urshifu|27\/100\n|\n|upkeep\n|turn|13\n|l| Pais\n|\n|t:|1659870789\n|switch|p1a: Nidoking|Nidoking, M|100\/100\n|move|p2a: Urshifu|Close Combat|p1a: Nidoking\n|-resisted|p1a: Nidoking\n|-damage|p1a: Nidoking|35\/100\n|-unboost|p2a: Urshifu|def|1\n|-unboost|p2a: Urshifu|spd|1\n|\n|upkeep\n|turn|14\n|\n|t:|1659870792\n|move|p1a: Nidoking|Sludge Wave|p2a: Urshifu\n|-damage|p2a: Urshifu|0 fnt\n|faint|p2a: Urshifu\n|\n|upkeep\n|\n|t:|1659870796\n|switch|p2a: Mew|Mew|100\/100\n|turn|15\n|\n|t:|1659870805\n|switch|p1a: Weavile|Weavile, F|100\/100\n|-ability|p1a: Weavile|Pressure\n|move|p2a: Mew|Triple Axel|p1a: Weavile\n|-resisted|p1a: Weavile\n|-damage|p1a: Weavile|95\/100\n|-resisted|p1a: Weavile\n|-damage|p1a: Weavile|83\/100\n|-hitcount|p1a: Weavile|2\n|\n|upkeep\n|turn|16\n|\n|t:|1659870810\n|switch|p2a: Porygon-Z|Porygon-Z|94\/100\n|-ability|p2a: Porygon-Z|Download|boost\n|-boost|p2a: Porygon-Z|atk|1\n|move|p1a: Weavile|Knock Off|p2a: Porygon-Z\n|-damage|p2a: Porygon-Z|0 fnt\n|-enditem|p2a: Porygon-Z|Choice Specs|[from] move: Knock Off|[of] p1a: Weavile\n|faint|p2a: Porygon-Z\n|\n|upkeep\n|\n|t:|1659870815\n|switch|p2a: Mew|Mew|100\/100\n|turn|17\n|j| Not_Taken_Name637\n|\n|t:|1659870818\n|move|p2a: Mew|Close Combat|p1a: Weavile\n|-supereffective|p1a: Weavile\n|-damage|p1a: Weavile|0 fnt\n|-unboost|p2a: Mew|def|1\n|-unboost|p2a: Mew|spd|1\n|faint|p1a: Weavile\n|\n|upkeep\n|\n|t:|1659870822\n|switch|p1a: Zapdos|Zapdos|82\/100\n|turn|18\n|\n|t:|1659870825\n|move|p2a: Mew|Close Combat|p1a: Zapdos\n|-resisted|p1a: Zapdos\n|-damage|p1a: Zapdos|60\/100\n|-unboost|p2a: Mew|def|1\n|-unboost|p2a: Mew|spd|1\n|-status|p2a: Mew|par|[from] ability: Static|[of] p1a: Zapdos\n|-activate|p2a: Mew|ability: Synchronize\n|-immune|p1a: Zapdos\n|move|p1a: Zapdos|Thunderbolt|p2a: Mew\n|-damage|p2a: Mew|0 fnt\n|faint|p2a: Mew\n|\n|win|cute pink team\n|raw|cute pink team's rating: 1836 &rarr; <strong>1856<\/strong><br \/>(+20 for winning)\n|raw|LT92PF Highv0ltag3's rating: 1842 &rarr; <strong>1822<\/strong><br \/>(-20 for losing)\n|j| zReptar\n|l| bfdbdfbdfbdf\n|l| zReptar\n|l| the art of\n|c|\u2606cute pink team|gg\n|l| LT92PF Buzzwole\n|l|\u2606LT92PF Highv0ltag3\n|l| LT92PF gei\n|l| Jase duken\n||Ladder isn't responding, score probably updated but might not have (Request timeout).\n|j|+Amasaki \u2606\n|l|+Amasaki \u2606\n|l|\u2606cute pink team\n|l| PoobleMaster945\n|l| Ash Red Legend\n|l| Not_Taken_Name637\n|j| LT92PF Isza\n|j| PoobleMaster945\n|j| rheysali\n","uploadtime":1659870841,"views":36,"p1id":"cutepinkteam","p2id":"lt92pfhighv0ltag3","formatid":"gen8ou","rating":1822,"private":0,"password":null}