{"id":"gen8ou-1586597742","p1":"Alien5ce","p2":"ElStefano","format":"gen8ou","log":"|j|\u203dAlien5ce\n|j|\u2606ElStefano\n|t:|1654022105\n|gametype|singles\n|player|p1|Alien5ce|265|1542\n|player|p2|ElStefano|169|1582\n|teamsize|p1|6\n|teamsize|p2|6\n|gen|8\n|tier|[Gen 8] OU\n|rated|\n|rule|Sleep Clause Mod: Limit one foe put to sleep\n|rule|Species Clause: Limit one of each Pok\u00e9mon\n|rule|OHKO Clause: OHKO moves are banned\n|rule|Evasion Moves Clause: Evasion moves are banned\n|rule|Endless Battle Clause: Forcing endless battles is banned\n|rule|HP Percentage Mod: HP is shown in percentages\n|rule|Dynamax Clause: You cannot dynamax\n|clearpoke\n|poke|p1|Tapu Fini|\n|poke|p1|Zapdos-Galar|\n|poke|p1|Dragonite, M|\n|poke|p1|Slowking-Galar, M|\n|poke|p1|Regieleki|\n|poke|p1|Landorus-Therian, M|\n|poke|p2|Reuniclus, M|\n|poke|p2|Toxapex, F|\n|poke|p2|Landorus-Therian, M|\n|poke|p2|Dragapult, F|\n|poke|p2|Clefable, F|\n|poke|p2|Ferrothorn, M|\n|teampreview\n|inactive|Battle timer is ON: inactive players will automatically lose when time's up. (requested by Alien5ce)\n|\n|t:|1654022119\n|start\n|switch|p1a: Regieleki|Regieleki|100\/100\n|switch|p2a: Landorus|Landorus-Therian, M|100\/100\n|-ability|p2a: Landorus|Intimidate|boost\n|-unboost|p1a: Regieleki|atk|1\n|turn|1\n|\n|t:|1654022125\n|switch|p1a: Landorus|Landorus-Therian, M|100\/100\n|-ability|p1a: Landorus|Intimidate|boost\n|-unboost|p2a: Landorus|atk|1\n|move|p2a: Landorus|Stealth Rock|p1a: Landorus\n|-sidestart|p1: Alien5ce|move: Stealth Rock\n|\n|upkeep\n|turn|2\n|\n|t:|1654022131\n|move|p2a: Landorus|Toxic|p1a: Landorus\n|-status|p1a: Landorus|tox\n|move|p1a: Landorus|Stealth Rock|p2a: Landorus\n|-sidestart|p2: ElStefano|move: Stealth Rock\n|\n|-damage|p1a: Landorus|94\/100 tox|[from] psn\n|upkeep\n|turn|3\n|\n|t:|1654022135\n|move|p2a: Landorus|U-turn|p1a: Landorus\n|-resisted|p1a: Landorus\n|-damage|p1a: Landorus|87\/100 tox\n|\n|t:|1654022139\n|switch|p2a: Toxapex|Toxapex, F|100\/100|[from]move: U-turn\n|-damage|p2a: Toxapex|88\/100|[from] Stealth Rock\n|move|p1a: Landorus|Knock Off|p2a: Toxapex\n|-damage|p2a: Toxapex|70\/100\n|-damage|p1a: Landorus|71\/100 tox|[from] item: Rocky Helmet|[of] p2a: Toxapex\n|-enditem|p2a: Toxapex|Rocky Helmet|[from] move: Knock Off|[of] p1a: Landorus\n|\n|-heal|p1a: Landorus|77\/100 tox|[from] item: Leftovers\n|-damage|p1a: Landorus|65\/100 tox|[from] psn\n|upkeep\n|turn|4\n|\n|t:|1654022150\n|switch|p2a: Landorus|Landorus-Therian, M|100\/100\n|-damage|p2a: Landorus|88\/100|[from] Stealth Rock\n|-ability|p2a: Landorus|Intimidate|boost\n|-unboost|p1a: Landorus|atk|1\n|move|p1a: Landorus|U-turn|p2a: Landorus\n|-resisted|p2a: Landorus\n|-damage|p2a: Landorus|80\/100\n|\n|t:|1654022161\n|switch|p1a: Tapu Fini|Tapu Fini|100\/100|[from]move: U-turn\n|-damage|p1a: Tapu Fini|88\/100|[from] Stealth Rock\n|-fieldstart|move: Misty Terrain|[from] ability: Misty Surge|[of] p1a: Tapu Fini\n|\n|-heal|p2a: Landorus|86\/100|[from] item: Leftovers\n|upkeep\n|turn|5\n|\n|t:|1654022166\n|switch|p2a: Ferrothorn|Ferrothorn, M|100\/100\n|-damage|p2a: Ferrothorn|94\/100|[from] Stealth Rock\n|move|p1a: Tapu Fini|Trick|p2a: Ferrothorn\n|-activate|p1a: Tapu Fini|move: Trick|[of] p2a: Ferrothorn\n|-item|p2a: Ferrothorn|Choice Scarf|[from] move: Trick\n|-item|p1a: Tapu Fini|Leftovers|[from] move: Trick\n|\n|-heal|p1a: Tapu Fini|94\/100|[from] item: Leftovers\n|upkeep\n|turn|6\n|\n|t:|1654022180\n|switch|p1a: Regieleki|Regieleki|100\/100\n|move|p2a: Ferrothorn|Spikes|p1a: Regieleki\n|-sidestart|p1: Alien5ce|Spikes\n|\n|upkeep\n|turn|7\n|\n|t:|1654022185\n|move|p1a: Regieleki|Rapid Spin|p2a: Ferrothorn\n|-resisted|p2a: Ferrothorn\n|-damage|p2a: Ferrothorn|91\/100\n|-boost|p1a: Regieleki|spe|1\n|-damage|p1a: Regieleki|88\/100|[from] ability: Iron Barbs|[of] p2a: Ferrothorn\n|-sideend|p1: Alien5ce|Spikes|[from] move: Rapid Spin|[of] p1a: Regieleki\n|-sideend|p1: Alien5ce|Stealth Rock|[from] move: Rapid Spin|[of] p1a: Regieleki\n|move|p2a: Ferrothorn|Spikes|p1a: Regieleki\n|-sidestart|p1: Alien5ce|Spikes\n|\n|upkeep\n|turn|8\n|\n|t:|1654022190\n|move|p1a: Regieleki|Volt Switch|p2a: Ferrothorn\n|-resisted|p2a: Ferrothorn\n|-damage|p2a: Ferrothorn|73\/100\n|\n|t:|1654022194\n|switch|p1a: Dragonite|Dragonite, M|100\/100|[from]move: Volt Switch\n|move|p2a: Ferrothorn|Spikes|p1a: Dragonite\n|-sidestart|p1: Alien5ce|Spikes\n|\n|-fieldend|Misty Terrain\n|upkeep\n|turn|9\n|\n|t:|1654022199\n|switch|p2a: Clefable|Clefable, F|100\/100\n|move|p1a: Dragonite|Dragon Dance|p1a: Dragonite\n|-boost|p1a: Dragonite|atk|1\n|-boost|p1a: Dragonite|spe|1\n|\n|upkeep\n|turn|10\n|\n|t:|1654022206\n|move|p1a: Dragonite|Earthquake|p2a: Clefable\n|-damage|p2a: Clefable|72\/100\n|move|p2a: Clefable|Moonblast|p1a: Dragonite\n|-supereffective|p1a: Dragonite\n|-damage|p1a: Dragonite|66\/100\n|\n|upkeep\n|turn|11\n|j| Hiker Alder\n|\n|t:|1654022216\n|switch|p1a: Tapu Fini|Tapu Fini|94\/100\n|-damage|p1a: Tapu Fini|78\/100|[from] Spikes\n|-fieldstart|move: Misty Terrain|[from] ability: Misty Surge|[of] p1a: Tapu Fini\n|switch|p2a: Dragapult|Dragapult, F|100\/100\n|-damage|p2a: Dragapult|88\/100|[from] Stealth Rock\n|\n|-heal|p1a: Tapu Fini|84\/100|[from] item: Leftovers\n|upkeep\n|turn|12\n|l| Hiker Alder\n|\n|t:|1654022224\n|move|p2a: Dragapult|U-turn|p1a: Tapu Fini\n|-resisted|p1a: Tapu Fini\n|-damage|p1a: Tapu Fini|77\/100\n|\n|t:|1654022227\n|switch|p2a: Toxapex|Toxapex, F|100\/100|[from]move: U-turn\n|-damage|p2a: Toxapex|88\/100|[from] Stealth Rock\n|move|p1a: Tapu Fini|Trick|p2a: Toxapex\n|-activate|p1a: Tapu Fini|move: Trick|[of] p2a: Toxapex\n|-item|p2a: Toxapex|Leftovers|[from] move: Trick\n|-enditem|p1a: Tapu Fini|Leftovers|[silent]|[from] move: Trick\n|\n|-heal|p2a: Toxapex|94\/100|[from] item: Leftovers\n|upkeep\n|turn|13\n|\n|t:|1654022248\n|move|p1a: Tapu Fini|Trick|p2a: Toxapex\n|-activate|p1a: Tapu Fini|move: Trick|[of] p2a: Toxapex\n|-enditem|p2a: Toxapex|Leftovers|[silent]|[from] move: Trick\n|-item|p1a: Tapu Fini|Leftovers|[from] move: Trick\n|move|p2a: Toxapex|Scald|p1a: Tapu Fini\n|-resisted|p1a: Tapu Fini\n|-damage|p1a: Tapu Fini|70\/100\n|\n|-heal|p1a: Tapu Fini|76\/100|[from] item: Leftovers\n|upkeep\n|turn|14\n|\n|t:|1654022252\n|move|p1a: Tapu Fini|Defog|p2a: Toxapex\n|-unboost|p2a: Toxapex|evasion|1\n|-sideend|p2: ElStefano|Stealth Rock|[from] move: Defog|[of] p1a: Tapu Fini\n|-sideend|p1: Alien5ce|Spikes|[from] move: Defog|[of] p1a: Tapu Fini\n|-fieldend|Misty Terrain\n|move|p2a: Toxapex|Knock Off|p1a: Tapu Fini\n|-resisted|p1a: Tapu Fini\n|-damage|p1a: Tapu Fini|69\/100\n|-enditem|p1a: Tapu Fini|Leftovers|[from] move: Knock Off|[of] p2a: Toxapex\n|\n|upkeep\n|turn|15\n|\n|t:|1654022257\n|switch|p1a: Dragonite|Dragonite, M|66\/100\n|move|p2a: Toxapex|Toxic Spikes|p1a: Dragonite\n|-sidestart|p1: Alien5ce|move: Toxic Spikes\n|\n|upkeep\n|turn|16\n|\n|t:|1654022262\n|switch|p1a: Slowking|Slowking-Galar, M|100\/100\n|-sideend|p1: Alien5ce|move: Toxic Spikes|[of] p1a: Slowking\n|move|p2a: Toxapex|Scald|p1a: Slowking\n|-damage|p1a: Slowking|90\/100\n|-status|p1a: Slowking|brn\n|\n|-heal|p1a: Slowking|96\/100 brn|[from] item: Black Sludge\n|-damage|p1a: Slowking|90\/100 brn|[from] brn\n|upkeep\n|turn|17\n|\n|t:|1654022267\n|move|p1a: Slowking|Future Sight|p2a: Toxapex\n|-start|p1a: Slowking|move: Future Sight\n|move|p2a: Toxapex|Knock Off|p1a: Slowking\n|-supereffective|p1a: Slowking\n|-damage|p1a: Slowking|60\/100 brn\n|-enditem|p1a: Slowking|Black Sludge|[from] move: Knock Off|[of] p2a: Toxapex\n|\n|-damage|p1a: Slowking|54\/100 brn|[from] brn\n|upkeep\n|turn|18\n|\n|t:|1654022280\n|switch|p2a: Landorus|Landorus-Therian, M|86\/100\n|-ability|p2a: Landorus|Intimidate|boost\n|-unboost|p1a: Slowking|atk|1\n|move|p1a: Slowking|Sludge Bomb|p2a: Landorus\n|-resisted|p2a: Landorus\n|-damage|p2a: Landorus|74\/100\n|\n|-heal|p2a: Landorus|80\/100|[from] item: Leftovers\n|-damage|p1a: Slowking|48\/100 brn|[from] brn\n|upkeep\n|turn|19\n|\n|t:|1654022285\n|switch|p1a: Landorus|Landorus-Therian, M|65\/100 tox\n|-ability|p1a: Landorus|Intimidate|boost\n|-unboost|p2a: Landorus|atk|1\n|move|p2a: Landorus|U-turn|p1a: Landorus\n|-resisted|p1a: Landorus\n|-damage|p1a: Landorus|58\/100 tox\n|\n|t:|1654022290\n|switch|p2a: Reuniclus|Reuniclus, M, shiny|100\/100|[from]move: U-turn\n|\n|-end|p2a: Reuniclus|move: Future Sight\n|-resisted|p2a: Reuniclus\n|-damage|p2a: Reuniclus|86\/100\n|-heal|p1a: Landorus|64\/100 tox|[from] item: Leftovers\n|-heal|p2a: Reuniclus|92\/100|[from] item: Leftovers\n|-damage|p1a: Landorus|58\/100 tox|[from] psn\n|upkeep\n|turn|20\n|\n|t:|1654022305\n|switch|p2a: Toxapex|Toxapex, F|100\/100\n|move|p1a: Landorus|Earthquake|p2a: Toxapex\n|-supereffective|p2a: Toxapex\n|-damage|p2a: Toxapex|45\/100\n|\n|-heal|p1a: Landorus|64\/100 tox|[from] item: Leftovers\n|-damage|p1a: Landorus|52\/100 tox|[from] psn\n|upkeep\n|turn|21\n|\n|t:|1654022319\n|switch|p1a: Zapdos|Zapdos-Galar|100\/100\n|switch|p2a: Ferrothorn|Ferrothorn, M|73\/100\n|\n|upkeep\n|turn|22\n|\n|t:|1654022332\n|switch|p2a: Toxapex|Toxapex, F|78\/100\n|move|p1a: Zapdos|Close Combat|p2a: Toxapex\n|-resisted|p2a: Toxapex\n|-damage|p2a: Toxapex|49\/100\n|-unboost|p1a: Zapdos|def|1\n|-unboost|p1a: Zapdos|spd|1\n|\n|upkeep\n|turn|23\n|\n|t:|1654022341\n|switch|p1a: Landorus|Landorus-Therian, M|52\/100 tox\n|-ability|p1a: Landorus|Intimidate|boost\n|-unboost|p2a: Toxapex|atk|1\n|switch|p2a: Dragapult|Dragapult, F|88\/100\n|\n|-heal|p1a: Landorus|58\/100 tox|[from] item: Leftovers\n|-damage|p1a: Landorus|52\/100 tox|[from] psn\n|upkeep\n|turn|24\n|\n|t:|1654022347\n|move|p2a: Dragapult|Shadow Ball|p1a: Landorus\n|-damage|p1a: Landorus|9\/100 tox\n|move|p1a: Landorus|Knock Off|p2a: Dragapult\n|-supereffective|p2a: Dragapult\n|-damage|p2a: Dragapult|11\/100\n|-enditem|p2a: Dragapult|Choice Specs|[from] move: Knock Off|[of] p1a: Landorus\n|\n|-heal|p1a: Landorus|15\/100 tox|[from] item: Leftovers\n|-damage|p1a: Landorus|3\/100 tox|[from] psn\n|upkeep\n|turn|25\n|\n|t:|1654022352\n|move|p2a: Dragapult|Shadow Ball|p1a: Landorus\n|-damage|p1a: Landorus|0 fnt\n|faint|p1a: Landorus\n|\n|upkeep\n|\n|t:|1654022359\n|switch|p1a: Tapu Fini|Tapu Fini|69\/100\n|-fieldstart|move: Misty Terrain|[from] ability: Misty Surge|[of] p1a: Tapu Fini\n|turn|26\n|\n|t:|1654022367\n|switch|p2a: Toxapex|Toxapex, F|82\/100\n|switch|p1a: Regieleki|Regieleki|88\/100\n|\n|upkeep\n|turn|27\n|\n|t:|1654022372\n|switch|p1a: Zapdos|Zapdos-Galar|100\/100\n|switch|p2a: Landorus|Landorus-Therian, M|80\/100\n|-ability|p2a: Landorus|Intimidate|boost\n|-unboost|p1a: Zapdos|atk|1\n|-ability|p1a: Zapdos|Defiant\n|-boost|p1a: Zapdos|atk|2\n|\n|-heal|p2a: Landorus|86\/100|[from] item: Leftovers\n|upkeep\n|turn|28\n|\n|t:|1654022382\n|switch|p2a: Toxapex|Toxapex, F|100\/100\n|move|p1a: Zapdos|Brave Bird|p2a: Toxapex\n|-damage|p2a: Toxapex|22\/100\n|-damage|p1a: Zapdos|76\/100|[from] Recoil\n|\n|upkeep\n|turn|29\n|\n|t:|1654022411\n|move|p1a: Zapdos|Brave Bird|p2a: Toxapex\n|-damage|p2a: Toxapex|0 fnt\n|faint|p2a: Toxapex\n|-damage|p1a: Zapdos|69\/100|[from] Recoil\n|\n|upkeep\n|\n|t:|1654022414\n|switch|p2a: Clefable|Clefable, F|72\/100\n|turn|30\n|\n|t:|1654022420\n|switch|p1a: Slowking|Slowking-Galar, M|81\/100 brn\n|move|p2a: Clefable|Moonblast|p1a: Slowking\n|-resisted|p1a: Slowking\n|-damage|p1a: Slowking|71\/100 brn\n|\n|-damage|p1a: Slowking|65\/100 brn|[from] brn\n|-fieldend|Misty Terrain\n|upkeep\n|turn|31\n|\n|t:|1654022428\n|switch|p2a: Reuniclus|Reuniclus, M, shiny|92\/100\n|move|p1a: Slowking|Flamethrower|p2a: Reuniclus\n|-damage|p2a: Reuniclus|76\/100\n|\n|-heal|p2a: Reuniclus|82\/100|[from] item: Leftovers\n|-damage|p1a: Slowking|59\/100 brn|[from] brn\n|upkeep\n|turn|32\n|\n|t:|1654022433\n|switch|p1a: Tapu Fini|Tapu Fini|69\/100\n|-fieldstart|move: Misty Terrain|[from] ability: Misty Surge|[of] p1a: Tapu Fini\n|move|p2a: Reuniclus|Iron Defense|p2a: Reuniclus\n|-boost|p2a: Reuniclus|def|2\n|\n|-heal|p2a: Reuniclus|88\/100|[from] item: Leftovers\n|upkeep\n|turn|33\n|\n|t:|1654022440\n|move|p1a: Tapu Fini|Trick|p2a: Reuniclus\n|-activate|p1a: Tapu Fini|move: Trick|[of] p2a: Reuniclus\n|-enditem|p2a: Reuniclus|Leftovers|[silent]|[from] move: Trick\n|-item|p1a: Tapu Fini|Leftovers|[from] move: Trick\n|move|p2a: Reuniclus|Iron Defense|p2a: Reuniclus\n|-boost|p2a: Reuniclus|def|2\n|\n|-heal|p1a: Tapu Fini|75\/100|[from] item: Leftovers\n|upkeep\n|turn|34\n|\n|t:|1654022447\n|move|p1a: Tapu Fini|Moonblast|p2a: Reuniclus\n|-damage|p2a: Reuniclus|66\/100\n|move|p2a: Reuniclus|Calm Mind|p2a: Reuniclus\n|-boost|p2a: Reuniclus|spa|1\n|-boost|p2a: Reuniclus|spd|1\n|\n|-heal|p1a: Tapu Fini|81\/100|[from] item: Leftovers\n|upkeep\n|turn|35\n|\n|t:|1654022451\n|move|p1a: Tapu Fini|Moonblast|p2a: Reuniclus\n|-damage|p2a: Reuniclus|51\/100\n|move|p2a: Reuniclus|Calm Mind|p2a: Reuniclus\n|-boost|p2a: Reuniclus|spa|1\n|-boost|p2a: Reuniclus|spd|1\n|\n|-heal|p1a: Tapu Fini|87\/100|[from] item: Leftovers\n|upkeep\n|turn|36\n|\n|t:|1654022456\n|move|p1a: Tapu Fini|Surf|p2a: Reuniclus\n|-crit|p2a: Reuniclus\n|-damage|p2a: Reuniclus|23\/100\n|move|p2a: Reuniclus|Recover|p2a: Reuniclus\n|-heal|p2a: Reuniclus|73\/100\n|\n|-heal|p1a: Tapu Fini|94\/100|[from] item: Leftovers\n|-fieldend|Misty Terrain\n|upkeep\n|turn|37\n|\n|t:|1654022468\n|move|p1a: Tapu Fini|Surf|p2a: Reuniclus\n|-damage|p2a: Reuniclus|63\/100\n|move|p2a: Reuniclus|Calm Mind|p2a: Reuniclus\n|-boost|p2a: Reuniclus|spa|1\n|-boost|p2a: Reuniclus|spd|1\n|\n|-heal|p1a: Tapu Fini|99\/100|[from] item: Leftovers\n|upkeep\n|turn|38\n|\n|t:|1654022471\n|move|p1a: Tapu Fini|Surf|p2a: Reuniclus\n|-damage|p2a: Reuniclus|55\/100\n|move|p2a: Reuniclus|Calm Mind|p2a: Reuniclus\n|-boost|p2a: Reuniclus|spa|1\n|-boost|p2a: Reuniclus|spd|1\n|\n|-heal|p1a: Tapu Fini|100\/100|[from] item: Leftovers\n|upkeep\n|turn|39\n|\n|t:|1654022474\n|move|p1a: Tapu Fini|Surf|p2a: Reuniclus\n|-damage|p2a: Reuniclus|47\/100\n|move|p2a: Reuniclus|Iron Defense|p2a: Reuniclus\n|-boost|p2a: Reuniclus|def|2\n|\n|upkeep\n|turn|40\n|\n|t:|1654022476\n|move|p1a: Tapu Fini|Surf|p2a: Reuniclus\n|-damage|p2a: Reuniclus|41\/100\n|move|p2a: Reuniclus|Recover|p2a: Reuniclus\n|-heal|p2a: Reuniclus|91\/100\n|\n|upkeep\n|turn|41\n|\n|t:|1654022479\n|move|p1a: Tapu Fini|Surf|p2a: Reuniclus\n|-crit|p2a: Reuniclus\n|-damage|p2a: Reuniclus|60\/100\n|move|p2a: Reuniclus|Stored Power|p1a: Tapu Fini\n|-damage|p1a: Tapu Fini|0 fnt\n|faint|p1a: Tapu Fini\n|\n|upkeep\n|\n|t:|1654022482\n|switch|p1a: Regieleki|Regieleki|88\/100\n|turn|42\n|\n|t:|1654022486\n|move|p1a: Regieleki|Electro Ball|p2a: Reuniclus\n|-damage|p2a: Reuniclus|36\/100\n|move|p2a: Reuniclus|Recover|p2a: Reuniclus\n|-heal|p2a: Reuniclus|86\/100\n|\n|upkeep\n|turn|43\n|\n|t:|1654022492\n|move|p1a: Regieleki|Volt Switch|p2a: Reuniclus\n|-damage|p2a: Reuniclus|76\/100\n|\n|t:|1654022495\n|switch|p1a: Dragonite|Dragonite, M|66\/100|[from]move: Volt Switch\n|move|p2a: Reuniclus|Stored Power|p1a: Dragonite\n|-damage|p1a: Dragonite|0 fnt\n|faint|p1a: Dragonite\n|\n|upkeep\n|\n|t:|1654022497\n|switch|p1a: Regieleki|Regieleki|88\/100\n|turn|44\n|\n|t:|1654022500\n|move|p1a: Regieleki|Electro Ball|p2a: Reuniclus\n|-damage|p2a: Reuniclus|52\/100\n|move|p2a: Reuniclus|Recover|p2a: Reuniclus\n|-heal|p2a: Reuniclus|100\/100\n|\n|upkeep\n|turn|45\n|\n|t:|1654022503\n|move|p1a: Regieleki|Electro Ball|p2a: Reuniclus\n|-damage|p2a: Reuniclus|79\/100\n|move|p2a: Reuniclus|Stored Power|p1a: Regieleki\n|-damage|p1a: Regieleki|0 fnt\n|faint|p1a: Regieleki\n|\n|upkeep\n|-message|Alien5ce forfeited.\n|\n|win|ElStefano\n|raw|Alien5ce's rating: 1542 &rarr; <strong>1524<\/strong><br \/>(-18 for losing)\n|raw|ElStefano's rating: 1582 &rarr; <strong>1600<\/strong><br \/>(+18 for winning)\n|l|\u203dAlien5ce\n||Ladder isn't responding, score probably updated but might not have (Request timeout).\n","uploadtime":1654022513,"views":19,"p1id":"alien5ce","p2id":"elstefano","formatid":"gen8ou","rating":1524,"private":0,"password":null}