{"id":"gen8ou-1590710013","p1":"Kikoobuster","p2":"thunderdog_32","format":"gen8ou","log":"|j|\u2606Kikoobuster\n|j|\u2606thunderdog_32\n|t:|1654554906\n|gametype|singles\n|player|p1|Kikoobuster|2|1485\n|player|p2|thunderdog_32|170|1480\n|teamsize|p1|6\n|teamsize|p2|6\n|gen|8\n|tier|[Gen 8] OU\n|rated|\n|rule|Sleep Clause Mod: Limit one foe put to sleep\n|rule|Species Clause: Limit one of each Pok\u00e9mon\n|rule|OHKO Clause: OHKO moves are banned\n|rule|Evasion Moves Clause: Evasion moves are banned\n|rule|Endless Battle Clause: Forcing endless battles is banned\n|rule|HP Percentage Mod: HP is shown in percentages\n|rule|Dynamax Clause: You cannot dynamax\n|clearpoke\n|poke|p1|Lycanroc-Dusk, F|\n|poke|p1|Excadrill, M|\n|poke|p1|Hawlucha, M|\n|poke|p1|Azumarill, F|\n|poke|p1|Zeraora|\n|poke|p1|Rillaboom, M|\n|poke|p2|Landorus-Therian, M|\n|poke|p2|Blissey, F|\n|poke|p2|Dragapult, M|\n|poke|p2|Urshifu-*, F|\n|poke|p2|Melmetal|\n|poke|p2|Tapu Koko|\n|teampreview\n|inactive|Battle timer is ON: inactive players will automatically lose when time's up. (requested by Kikoobuster)\n|inactive|thunderdog_32 also wants the timer to be on.\n|\n|t:|1654554916\n|start\n|switch|p1a: Lycanroc|Lycanroc-Dusk, F|100\/100\n|switch|p2a: Landorus|Landorus-Therian, M|100\/100\n|-ability|p2a: Landorus|Intimidate|boost\n|-unboost|p1a: Lycanroc|atk|1\n|turn|1\n|\n|t:|1654554920\n|move|p1a: Lycanroc|Stealth Rock|p2a: Landorus\n|-sidestart|p2: thunderdog_32|move: Stealth Rock\n|move|p2a: Landorus|Stealth Rock|p1a: Lycanroc\n|-sidestart|p1: Kikoobuster|move: Stealth Rock\n|\n|upkeep\n|turn|2\n|\n|t:|1654554925\n|move|p1a: Lycanroc|Taunt|p2a: Landorus\n|-start|p2a: Landorus|move: Taunt\n|cant|p2a: Landorus|move: Taunt|Toxic\n|\n|upkeep\n|turn|3\n|\n|t:|1654554931\n|move|p1a: Lycanroc|Taunt||[still]\n|-fail|p1a: Lycanroc\n|move|p2a: Landorus|Earthquake|p1a: Lycanroc\n|-supereffective|p1a: Lycanroc\n|-enditem|p1a: Lycanroc|Focus Sash\n|-damage|p1a: Lycanroc|1\/100\n|\n|upkeep\n|turn|4\n|\n|t:|1654554935\n|move|p1a: Lycanroc|Endeavor|p2a: Landorus\n|-damage|p2a: Landorus|1\/100\n|move|p2a: Landorus|U-turn|p1a: Lycanroc\n|-damage|p1a: Lycanroc|0 fnt\n|faint|p1a: Lycanroc\n|inactive|thunderdog_32 has 120 seconds left.\n|\n|t:|1654554967\n|switch|p2a: Dragapult|Dragapult, M|100\/100|[from]move: U-turn\n|-damage|p2a: Dragapult|88\/100|[from] Stealth Rock\n|\n|upkeep\n|\n|t:|1654554973\n|switch|p1a: Azumarill|Azumarill, F|100\/100\n|-damage|p1a: Azumarill|88\/100|[from] Stealth Rock\n|turn|5\n|\n|t:|1654554979\n|move|p2a: Dragapult|Shadow Ball|p1a: Azumarill\n|-damage|p1a: Azumarill|27\/100\n|-enditem|p1a: Azumarill|Sitrus Berry|[eat]\n|-heal|p1a: Azumarill|52\/100|[from] item: Sitrus Berry\n|move|p1a: Azumarill|Knock Off|p2a: Dragapult\n|-supereffective|p2a: Dragapult\n|-damage|p2a: Dragapult|0 fnt\n|-enditem|p2a: Dragapult|Choice Specs|[from] move: Knock Off|[of] p1a: Azumarill\n|faint|p2a: Dragapult\n|\n|upkeep\n|\n|t:|1654554990\n|switch|p2a: Melmetal|Melmetal|100\/100\n|-damage|p2a: Melmetal|94\/100|[from] Stealth Rock\n|turn|6\n|\n|t:|1654554996\n|move|p1a: Azumarill|Knock Off|p2a: Melmetal\n|-damage|p2a: Melmetal|73\/100\n|-enditem|p2a: Melmetal|Assault Vest|[from] move: Knock Off|[of] p1a: Azumarill\n|move|p2a: Melmetal|Thunder Punch|p1a: Azumarill\n|-supereffective|p1a: Azumarill\n|-damage|p1a: Azumarill|0 fnt\n|faint|p1a: Azumarill\n|\n|upkeep\n|\n|t:|1654555004\n|switch|p1a: Excadrill|Excadrill, M|100\/100\n|-damage|p1a: Excadrill|97\/100|[from] Stealth Rock\n|-ability|p1a: Excadrill|Mold Breaker\n|turn|7\n|\n|t:|1654555008\n|move|p1a: Excadrill|Rapid Spin|p2a: Melmetal\n|-resisted|p2a: Melmetal\n|-damage|p2a: Melmetal|68\/100\n|-boost|p1a: Excadrill|spe|1\n|-sideend|p1: Kikoobuster|Stealth Rock|[from] move: Rapid Spin|[of] p1a: Excadrill\n|move|p2a: Melmetal|Earthquake|p1a: Excadrill\n|-supereffective|p1a: Excadrill\n|-damage|p1a: Excadrill|0 fnt\n|faint|p1a: Excadrill\n|\n|upkeep\n|\n|t:|1654555011\n|switch|p1a: Zeraora|Zeraora|100\/100\n|turn|8\n|\n|t:|1654555015\n|move|p1a: Zeraora|Blaze Kick|p2a: Melmetal\n|-supereffective|p2a: Melmetal\n|-damage|p2a: Melmetal|36\/100\n|move|p2a: Melmetal|Earthquake|p1a: Zeraora\n|-supereffective|p1a: Zeraora\n|-damage|p1a: Zeraora|9\/100\n|\n|upkeep\n|turn|9\n|\n|t:|1654555025\n|move|p1a: Zeraora|Blaze Kick|p2a: Melmetal\n|-supereffective|p2a: Melmetal\n|-damage|p2a: Melmetal|3\/100\n|move|p2a: Melmetal|Earthquake|p1a: Zeraora\n|-supereffective|p1a: Zeraora\n|-damage|p1a: Zeraora|0 fnt\n|faint|p1a: Zeraora\n|\n|upkeep\n|\n|t:|1654555028\n|switch|p1a: Rillaboom|Rillaboom, M|100\/100\n|-fieldstart|move: Grassy Terrain|[from] ability: Grassy Surge|[of] p1a: Rillaboom\n|turn|10\n|\n|t:|1654555032\n|move|p1a: Rillaboom|U-turn|p2a: Melmetal\n|-resisted|p2a: Melmetal\n|-damage|p2a: Melmetal|0 fnt\n|faint|p2a: Melmetal\n|\n|t:|1654555034\n|switch|p1a: Hawlucha|Hawlucha, M|100\/100|[from]move: U-turn\n|-enditem|p1a: Hawlucha|Grassy Seed\n|-boost|p1a: Hawlucha|def|1|[from] item: Grassy Seed\n|\n|upkeep\n|\n|t:|1654555053\n|switch|p2a: Tapu Koko|Tapu Koko|100\/100\n|-fieldstart|move: Electric Terrain|[from] ability: Electric Surge|[of] p2a: Tapu Koko\n|turn|11\n|\n|t:|1654555058\n|move|p1a: Hawlucha|Close Combat|p2a: Tapu Koko\n|-resisted|p2a: Tapu Koko\n|-damage|p2a: Tapu Koko|65\/100\n|-unboost|p1a: Hawlucha|def|1\n|-unboost|p1a: Hawlucha|spd|1\n|move|p2a: Tapu Koko|Thunderbolt|p1a: Hawlucha\n|-supereffective|p1a: Hawlucha\n|-damage|p1a: Hawlucha|0 fnt\n|faint|p1a: Hawlucha\n|\n|upkeep\n|\n|t:|1654555061\n|switch|p1a: Rillaboom|Rillaboom, M|100\/100\n|-fieldstart|move: Grassy Terrain|[from] ability: Grassy Surge|[of] p1a: Rillaboom\n|turn|12\n|\n|t:|1654555068\n|switch|p2a: Landorus|Landorus-Therian, M|1\/100\n|-damage|p2a: Landorus|0 fnt|[from] Stealth Rock\n|faint|p2a: Landorus\n|move|p1a: Rillaboom|Grassy Glide|p2: Landorus|[notarget]\n|-fail|p1a: Rillaboom\n|\n|upkeep\n|\n|t:|1654555072\n|switch|p2a: Tapu Koko|Tapu Koko|65\/100\n|-fieldstart|move: Electric Terrain|[from] ability: Electric Surge|[of] p2a: Tapu Koko\n|turn|13\n|inactive|thunderdog_32 has 120 seconds left.\n|\n|t:|1654555115\n|move|p2a: Tapu Koko|Thunderbolt|p1a: Rillaboom\n|-resisted|p1a: Rillaboom\n|-crit|p1a: Rillaboom\n|-damage|p1a: Rillaboom|51\/100\n|move|p1a: Rillaboom|Grassy Glide|p2a: Tapu Koko\n|-damage|p2a: Tapu Koko|0 fnt\n|faint|p2a: Tapu Koko\n|\n|upkeep\n|\n|t:|1654555122\n|switch|p2a: Urshifu|Urshifu-Rapid-Strike, F|100\/100\n|-damage|p2a: Urshifu|94\/100|[from] Stealth Rock\n|turn|14\n|\n|t:|1654555125\n|move|p2a: Urshifu|Close Combat|p1a: Rillaboom\n|-damage|p1a: Rillaboom|0 fnt\n|-unboost|p2a: Urshifu|def|1\n|-unboost|p2a: Urshifu|spd|1\n|faint|p1a: Rillaboom\n|\n|win|thunderdog_32\n|raw|Kikoobuster's rating: 1485 &rarr; <strong>1465<\/strong><br \/>(-20 for losing)\n|raw|thunderdog_32's rating: 1480 &rarr; <strong>1500<\/strong><br \/>(+20 for winning)\n|c|\u2606thunderdog_32|gg\n|l|\u2606Kikoobuster\n||Ladder isn't responding, score probably updated but might not have (Request timeout).\n","uploadtime":1654555132,"views":6,"p1id":"kikoobuster","p2id":"thunderdog32","formatid":"gen8ou","rating":1465,"private":0,"password":null}