{"id":"gen8ou-1638917682","p1":"LKJHGFDSAPOI","p2":"LT93OQ Somalia","format":"gen8ou","log":"|raw|<div class=\"broadcast-blue\"><strong>This battle is required to be public due to a player having a name starting with 'lt93oq'.<\/div>\n|j|\u2606LKJHGFDSAPOI\n|j|\u2606LT93OQ Somalia\n|t:|1660412794\n|gametype|singles\n|player|p1|LKJHGFDSAPOI|rocketgrunt|1833\n|player|p2|LT93OQ Somalia|drayden|1776\n|teamsize|p1|6\n|teamsize|p2|6\n|gen|8\n|tier|[Gen 8] OU\n|rated|\n|rule|Sleep Clause Mod: Limit one foe put to sleep\n|rule|Species Clause: Limit one of each Pok\u00e9mon\n|rule|OHKO Clause: OHKO moves are banned\n|rule|Evasion Items Clause: Evasion items are banned\n|rule|Evasion Moves Clause: Evasion moves are banned\n|rule|Endless Battle Clause: Forcing endless battles is banned\n|rule|HP Percentage Mod: HP is shown in percentages\n|rule|Dynamax Clause: You cannot dynamax\n|clearpoke\n|poke|p1|Maractus, M|\n|poke|p1|Seismitoad, F|\n|poke|p1|Heatran, M|\n|poke|p1|Obstagoon, M|\n|poke|p1|Latios, M|\n|poke|p1|Weezing-Galar, F|\n|poke|p2|Mew|\n|poke|p2|Weavile, M|\n|poke|p2|Kartana|\n|poke|p2|Volcarona, M|\n|poke|p2|Skarmory, F|\n|poke|p2|Garchomp, F|\n|teampreview\n|inactive|Battle timer is ON: inactive players will automatically lose when time's up. (requested by LKJHGFDSAPOI)\n|inactive|LKJHGFDSAPOI has 120 seconds left.\n|\n|t:|1660412829\n|start\n|switch|p1a: Seismitoad|Seismitoad, F|100\/100\n|switch|p2a: Skarmory|Skarmory, F|100\/100\n|turn|1\n|j| Pepega Trainer\n|inactive|LT93OQ Somalia has 120 seconds left.\n|j| LT93OQ Dasmer\n|j| myjava\n|inactive|LT93OQ Somalia has 90 seconds left.\n|j| raimon purple haze\n|j| playa13\n|j| Riquelme\u266114\n|\n|t:|1660412907\n|move|p2a: Skarmory|Taunt|p1a: Seismitoad\n|-start|p1a: Seismitoad|move: Taunt\n|move|p1a: Seismitoad|Scald|p2a: Skarmory\n|-damage|p2a: Skarmory|63\/100\n|\n|upkeep\n|turn|2\n|l| raimon purple haze\n|j| Menacce17\n|j| Smash Time steez\n|\n|t:|1660412921\n|switch|p1a: Heatran|Heatran, M|100\/100\n|move|p2a: Skarmory|Stealth Rock|p1a: Heatran\n|-sidestart|p1: LKJHGFDSAPOI|move: Stealth Rock\n|\n|upkeep\n|turn|3\n|j| Vulpixfan7\n|\n|t:|1660412924\n|move|p2a: Skarmory|Spikes|p1a: Heatran\n|-sidestart|p1: LKJHGFDSAPOI|Spikes\n|move|p1a: Heatran|Flamethrower|p2a: Skarmory\n|-supereffective|p2a: Skarmory\n|-damage|p2a: Skarmory|0 fnt\n|faint|p2a: Skarmory\n|\n|upkeep\n|\n|t:|1660412930\n|switch|p2a: Garchomp|Garchomp, F|100\/100\n|turn|4\n|\n|t:|1660412936\n|switch|p1a: Weezing|Weezing-Galar, F|100\/100\n|-damage|p1a: Weezing|88\/100|[from] Stealth Rock\n|move|p2a: Garchomp|Earthquake|p1a: Weezing\n|-immune|p1a: Weezing|[from] ability: Levitate\n|\n|upkeep\n|turn|5\n|\n|t:|1660412944\n|switch|p2a: Mew|Mew|100\/100\n|move|p1a: Weezing|Toxic Spikes|p2a: Mew\n|-sidestart|p2: LT93OQ Somalia|move: Toxic Spikes\n|\n|upkeep\n|turn|6\n|\n|t:|1660412957\n|switch|p1a: Latios|Latios, M|100\/100\n|-damage|p1a: Latios|88\/100|[from] Stealth Rock\n|move|p2a: Mew|Calm Mind|p2a: Mew\n|-boost|p2a: Mew|spa|1\n|-boost|p2a: Mew|spd|1\n|\n|upkeep\n|turn|7\n|inactive|LT93OQ Somalia has 120 seconds left.\n|\n|t:|1660412972\n|move|p1a: Latios|Trick|p2a: Mew\n|-activate|p1a: Latios|move: Trick|[of] p2a: Mew\n|-item|p2a: Mew|Choice Scarf|[from] move: Trick\n|-item|p1a: Latios|Leftovers|[from] move: Trick\n|move|p2a: Mew|Calm Mind|p2a: Mew\n|-boost|p2a: Mew|spa|1\n|-boost|p2a: Mew|spd|1\n|\n|-heal|p1a: Latios|94\/100|[from] item: Leftovers\n|upkeep\n|turn|8\n|\n|t:|1660412977\n|switch|p2a: Weavile|Weavile, M|100\/100\n|move|p1a: Latios|Aura Sphere|p2a: Weavile\n|-supereffective|p2a: Weavile\n|-damage|p2a: Weavile|0 fnt\n|faint|p2a: Weavile\n|\n|-heal|p1a: Latios|99\/100|[from] item: Leftovers\n|upkeep\n|\n|t:|1660412980\n|switch|p2a: Kartana|Kartana|100\/100\n|turn|9\n|\n|t:|1660412987\n|move|p1a: Latios|Aura Sphere|p2a: Kartana\n|-supereffective|p2a: Kartana\n|-damage|p2a: Kartana|0 fnt\n|faint|p2a: Kartana\n|\n|-heal|p1a: Latios|100\/100|[from] item: Leftovers\n|upkeep\n|j| LT93OQ Scary Hours\n|-message|LT93OQ Somalia forfeited.\n|\n|win|LKJHGFDSAPOI\n|raw|LKJHGFDSAPOI's rating: 1833 &rarr; <strong>1849<\/strong><br \/>(+16 for winning)\n|raw|LT93OQ Somalia's rating: 1754 &rarr; <strong>1738<\/strong><br \/>(-16 for losing)\n|l|\u2606LT93OQ Somalia\n|l| Vulpixfan7\n|l| LT93OQ Scary Hours\n|l| Menacce17\n|l|\u2606LKJHGFDSAPOI\n||Ladder isn't responding, score probably updated but might not have (Request timeout).\n|l| LT93OQ Dasmer\n","uploadtime":1660413104,"views":87,"p1id":"lkjhgfdsapoi","p2id":"lt93oqsomalia","formatid":"gen8ou","rating":1738,"private":0,"password":null}