{"id":"gen8ou-1691245293","p1":"Sombra Diurna","p2":"minimax_ai","format":"gen8ou","log":"|html|<div class=\"broadcast-blue\"><strong>[Gen 8] OU is currently suspecting Melmetal! For information on how to participate check out the <a href=\"https:\/\/www.smogon.com\/forums\/threads\/np-ss-ou-suspect-process-round-12-monster-mash.3709234\/\">suspect thread<\/a>.<\/strong><\/div>\n|j|\u2606Sombra Diurna\n|j|\u2606minimax_ai\n|t:|1666359527\n|gametype|singles\n|player|p1|Sombra Diurna|blue|1441\n|player|p2|minimax_ai|lusamine-nihilego|1464\n|teamsize|p1|6\n|teamsize|p2|6\n|gen|8\n|tier|[Gen 8] OU\n|rated|\n|rule|Sleep Clause Mod: Limit one foe put to sleep\n|rule|Species Clause: Limit one of each Pok\u00e9mon\n|rule|OHKO Clause: OHKO moves are banned\n|rule|Evasion Items Clause: Evasion items are banned\n|rule|Evasion Moves Clause: Evasion moves are banned\n|rule|Endless Battle Clause: Forcing endless battles is banned\n|rule|HP Percentage Mod: HP is shown in percentages\n|rule|Dynamax Clause: You cannot dynamax\n|clearpoke\n|poke|p1|Marowak-Alola, M|\n|poke|p1|Slowbro, M|\n|poke|p1|Hatterene, F|\n|poke|p1|Garchomp, M|\n|poke|p1|Ferrothorn, M|\n|poke|p1|Drampa, M|\n|poke|p2|Rotom-Wash|\n|poke|p2|Weavile, M|\n|poke|p2|Landorus-Therian, M|\n|poke|p2|Heatran, M|\n|poke|p2|Tangrowth, M|\n|poke|p2|Melmetal|\n|teampreview\n|c|\u2606minimax_ai|hf\n|inactive|Battle timer is ON: inactive players will automatically lose when time's up. (requested by minimax_ai)\n|inactive|Sombra Diurna has 120 seconds left.\n|\n|t:|1666359574\n|start\n|switch|p1a: Thorns|Ferrothorn, M|100\/100\n|switch|p2a: landorustherian|Landorus-Therian, M|100\/100\n|-ability|p2a: landorustherian|Intimidate|boost\n|-unboost|p1a: Thorns|atk|1\n|turn|1\n|\n|t:|1666359581\n|move|p2a: landorustherian|Earthquake|p1a: Thorns\n|-damage|p1a: Thorns|61\/100\n|move|p1a: Thorns|Stealth Rock|p2a: landorustherian\n|-sidestart|p2: minimax_ai|move: Stealth Rock\n|\n|upkeep\n|turn|2\n|\n|t:|1666359586\n|switch|p1a: Sonso|Slowbro, M|100\/100\n|move|p2a: landorustherian|Earthquake|p1a: Sonso\n|-damage|p1a: Sonso|72\/100\n|\n|upkeep\n|turn|3\n|\n|t:|1666359591\n|move|p2a: landorustherian|Earthquake|p1a: Sonso\n|-damage|p1a: Sonso|43\/100\n|move|p1a: Sonso|Scald|p2a: landorustherian\n|-supereffective|p2a: landorustherian\n|-damage|p2a: landorustherian|63\/100\n|\n|-heal|p2a: landorustherian|69\/100|[from] item: Leftovers\n|upkeep\n|turn|4\n|\n|t:|1666359599\n|move|p2a: landorustherian|Earthquake|p1a: Sonso\n|-damage|p1a: Sonso|14\/100\n|move|p1a: Sonso|Slack Off|p1a: Sonso\n|-heal|p1a: Sonso|64\/100\n|\n|-heal|p2a: landorustherian|75\/100|[from] item: Leftovers\n|upkeep\n|turn|5\n|\n|t:|1666359612\n|move|p2a: landorustherian|Defog|p1a: Sonso\n|-unboost|p1a: Sonso|evasion|1\n|-sideend|p2: minimax_ai|Stealth Rock|[from] move: Defog|[of] p2a: landorustherian\n|move|p1a: Sonso|Trick Room|p1a: Sonso\n|-fieldstart|move: Trick Room|[of] p1a: Sonso\n|\n|-heal|p2a: landorustherian|81\/100|[from] item: Leftovers\n|upkeep\n|turn|6\n|\n|t:|1666359622\n|switch|p1a: Falkor|Drampa, M|100\/100\n|move|p2a: landorustherian|Toxic|p1a: Falkor\n|-status|p1a: Falkor|tox\n|\n|-heal|p2a: landorustherian|87\/100|[from] item: Leftovers\n|-damage|p1a: Falkor|94\/100 tox|[from] psn\n|upkeep\n|turn|7\n|\n|t:|1666359632\n|switch|p2a: Heatran|Heatran, M|100\/100\n|-item|p2a: Heatran|Air Balloon\n|move|p1a: Falkor|Focus Blast|p2a: Heatran\n|-supereffective|p2a: Heatran\n|-damage|p2a: Heatran|0 fnt\n|-enditem|p2a: Heatran|Air Balloon\n|faint|p2a: Heatran\n|\n|-damage|p1a: Falkor|82\/100 tox|[from] psn\n|upkeep\n|\n|t:|1666359632\n|switch|p2a: landorustherian|Landorus-Therian, M|87\/100\n|-ability|p2a: landorustherian|Intimidate|boost\n|-unboost|p1a: Falkor|atk|1\n|turn|8\n|\n|t:|1666359644\n|move|p1a: Falkor|Ice Beam|p2a: landorustherian\n|-supereffective|p2a: landorustherian\n|-damage|p2a: landorustherian|0 fnt\n|faint|p2a: landorustherian\n|\n|-damage|p1a: Falkor|64\/100 tox|[from] psn\n|upkeep\n|\n|t:|1666359644\n|switch|p2a: Melmetal|Melmetal|100\/100\n|turn|9\n|\n|t:|1666359657\n|switch|p1a: Thorns|Ferrothorn, M|61\/100\n|move|p2a: Melmetal|Thunder Punch|p1a: Thorns\n|-resisted|p1a: Thorns\n|-damage|p1a: Thorns|48\/100\n|-damage|p2a: Melmetal|88\/100|[from] ability: Iron Barbs|[of] p1a: Thorns\n|\n|-fieldend|move: Trick Room\n|upkeep\n|turn|10\n|\n|t:|1666359664\n|switch|p1a: Sonso|Slowbro, M|97\/100\n|move|p2a: Melmetal|Earthquake|p1a: Sonso\n|-damage|p1a: Sonso|75\/100\n|\n|upkeep\n|turn|11\n|\n|t:|1666359670\n|switch|p2a: rotomwash|Rotom-Wash|100\/100\n|switch|p1a: Billy B.|Marowak-Alola, M, shiny|100\/100\n|\n|upkeep\n|turn|12\n|\n|t:|1666359678\n|switch|p1a: Thorns|Ferrothorn, M|48\/100\n|move|p2a: rotomwash|Hydro Pump|p1a: Thorns\n|-resisted|p1a: Thorns\n|-crit|p1a: Thorns\n|-damage|p1a: Thorns|28\/100\n|\n|upkeep\n|turn|13\n|\n|t:|1666359684\n|switch|p2a: Weavile|Weavile, M|100\/100\n|-ability|p2a: Weavile|Pressure\n|move|p1a: Thorns|Stealth Rock|p2a: Weavile\n|-sidestart|p2: minimax_ai|move: Stealth Rock\n|\n|upkeep\n|turn|14\n|\n|t:|1666359689\n|move|p2a: Weavile|Knock Off|p1a: Thorns\n|-damage|p1a: Thorns|0 fnt\n|-damage|p2a: Weavile|88\/100|[from] ability: Iron Barbs|[of] p1a: Thorns\n|-enditem|p1a: Thorns|Shed Shell|[from] move: Knock Off|[of] p2a: Weavile\n|faint|p1a: Thorns\n|\n|upkeep\n|\n|t:|1666359696\n|switch|p1a: Sharko|Garchomp, M|100\/100\n|turn|15\n|\n|t:|1666359700\n|switch|p2a: Tangrowth|Tangrowth, M|100\/100\n|-damage|p2a: Tangrowth|88\/100|[from] Stealth Rock\n|move|p1a: Sharko|Scale Shot|p2a: Tangrowth\n|-damage|p2a: Tangrowth|81\/100\n|-crit|p2a: Tangrowth\n|-damage|p2a: Tangrowth|71\/100\n|-damage|p2a: Tangrowth|64\/100\n|-damage|p2a: Tangrowth|57\/100\n|-damage|p2a: Tangrowth|50\/100\n|-hitcount|p2a: Tangrowth|5\n|-unboost|p1a: Sharko|def|1\n|-boost|p1a: Sharko|spe|1\n|\n|upkeep\n|turn|16\n|\n|t:|1666359716\n|move|p1a: Sharko|Swords Dance|p1a: Sharko\n|-boost|p1a: Sharko|atk|2\n|move|p2a: Tangrowth|Giga Drain|p1a: Sharko\n|-damage|p1a: Sharko|72\/100\n|-heal|p2a: Tangrowth|63\/100|[from] drain|[of] p1a: Sharko\n|\n|-heal|p1a: Sharko|78\/100|[from] item: Leftovers\n|upkeep\n|turn|17\n|\n|t:|1666359724\n|move|p1a: Sharko|Stone Edge|p2a: Tangrowth|[miss]\n|-miss|p1a: Sharko|p2a: Tangrowth\n|move|p2a: Tangrowth|Sleep Powder|p1a: Sharko|[miss]\n|-miss|p2a: Tangrowth|p1a: Sharko\n|\n|-heal|p1a: Sharko|84\/100|[from] item: Leftovers\n|upkeep\n|turn|18\n|\n|t:|1666359731\n|move|p1a: Sharko|Scale Shot|p2a: Tangrowth|[miss]\n|-miss|p1a: Sharko|p2a: Tangrowth\n|move|p2a: Tangrowth|Sleep Powder|p1a: Sharko\n|-status|p1a: Sharko|slp|[from] move: Sleep Powder\n|\n|-heal|p1a: Sharko|90\/100 slp|[from] item: Leftovers\n|upkeep\n|turn|19\n|c|\u2606Sombra Diurna|come on!\n|\n|t:|1666359741\n|switch|p2a: Weavile|Weavile, M|88\/100\n|-damage|p2a: Weavile|63\/100|[from] Stealth Rock\n|-ability|p2a: Weavile|Pressure\n|cant|p1a: Sharko|slp\n|\n|-heal|p1a: Sharko|97\/100 slp|[from] item: Leftovers\n|upkeep\n|turn|20\n|\n|t:|1666359754\n|switch|p1a: Sonso|Slowbro, M|100\/100\n|move|p2a: Weavile|Knock Off|p1a: Sonso\n|-supereffective|p1a: Sonso\n|-enditem|p1a: Sonso|Colbur Berry|[eat]\n|-enditem|p1a: Sonso|Colbur Berry|[weaken]\n|-damage|p1a: Sonso|58\/100\n|\n|upkeep\n|turn|21\n|\n|t:|1666359764\n|switch|p1a: Falkor|Drampa, M|64\/100 tox\n|move|p2a: Weavile|Knock Off|p1a: Falkor\n|-damage|p1a: Falkor|0 fnt\n|-enditem|p1a: Falkor|Expert Belt|[from] move: Knock Off|[of] p2a: Weavile\n|faint|p1a: Falkor\n|\n|upkeep\n|\n|t:|1666359771\n|switch|p1a: Sonso|Slowbro, M|91\/100\n|turn|22\n|\n|t:|1666359775\n|move|p2a: Weavile|Knock Off|p1a: Sonso\n|-supereffective|p1a: Sonso\n|-damage|p1a: Sonso|32\/100\n|move|p1a: Sonso|Body Press|p2a: Weavile\n|-supereffective|p2a: Weavile\n|-damage|p2a: Weavile|0 fnt\n|faint|p2a: Weavile\n|\n|upkeep\n|\n|t:|1666359775\n|switch|p2a: Melmetal|Melmetal|88\/100\n|-damage|p2a: Melmetal|82\/100|[from] Stealth Rock\n|turn|23\n|\n|t:|1666359785\n|switch|p2a: rotomwash|Rotom-Wash|100\/100\n|-damage|p2a: rotomwash|88\/100|[from] Stealth Rock\n|switch|p1a: Billy B.|Marowak-Alola, M, shiny|100\/100\n|\n|-heal|p2a: rotomwash|94\/100|[from] item: Leftovers\n|upkeep\n|turn|24\n|\n|t:|1666359793\n|switch|p1a: Sonso|Slowbro, M|65\/100\n|move|p2a: rotomwash|Hydro Pump|p1a: Sonso|[miss]\n|-miss|p2a: rotomwash|p1a: Sonso\n|\n|-heal|p2a: rotomwash|100\/100|[from] item: Leftovers\n|upkeep\n|turn|25\n|\n|t:|1666359800\n|switch|p1a: Sharko|Garchomp, M|97\/100 slp\n|move|p2a: rotomwash|Nasty Plot|p2a: rotomwash\n|-boost|p2a: rotomwash|spa|2\n|\n|-heal|p1a: Sharko|100\/100 slp|[from] item: Leftovers\n|upkeep\n|turn|26\n|\n|t:|1666359807\n|cant|p1a: Sharko|slp\n|move|p2a: rotomwash|Nasty Plot|p2a: rotomwash\n|-boost|p2a: rotomwash|spa|2\n|\n|upkeep\n|turn|27\n|\n|t:|1666359812\n|cant|p1a: Sharko|slp\n|move|p2a: rotomwash|Hydro Pump|p1a: Sharko|[miss]\n|-miss|p2a: rotomwash|p1a: Sharko\n|\n|upkeep\n|turn|28\n|c|\u2606Sombra Diurna|lol\n|\n|t:|1666359820\n|-curestatus|p1a: Sharko|slp|[msg]\n|move|p1a: Sharko|Scale Shot|p2a: rotomwash\n|-damage|p2a: rotomwash|87\/100\n|-damage|p2a: rotomwash|72\/100\n|-damage|p2a: rotomwash|57\/100\n|-hitcount|p2a: rotomwash|3\n|-unboost|p1a: Sharko|def|1\n|-boost|p1a: Sharko|spe|1\n|move|p2a: rotomwash|Hydro Pump|p1a: Sharko\n|-damage|p1a: Sharko|0 fnt\n|faint|p1a: Sharko\n|\n|-heal|p2a: rotomwash|64\/100|[from] item: Leftovers\n|upkeep\n|\n|t:|1666359833\n|switch|p1a: Gorra|Hatterene, F, shiny|100\/100\n|turn|29\n|\n|t:|1666359836\n|move|p2a: rotomwash|Hydro Pump|p1a: Gorra\n|-damage|p1a: Gorra|0 fnt\n|faint|p1a: Gorra\n|\n|-heal|p2a: rotomwash|70\/100|[from] item: Leftovers\n|upkeep\n|\n|t:|1666359842\n|switch|p1a: Sonso|Slowbro, M|98\/100\n|turn|30\n|c|\u2606Sombra Diurna|to much lucj\n|\n|t:|1666359851\n|move|p2a: rotomwash|Thunderbolt|p1a: Sonso\n|-supereffective|p1a: Sonso\n|-damage|p1a: Sonso|0 fnt\n|faint|p1a: Sonso\n|\n|-heal|p2a: rotomwash|76\/100|[from] item: Leftovers\n|upkeep\n|\n|t:|1666359861\n|switch|p1a: Billy B.|Marowak-Alola, M, shiny|100\/100\n|turn|31\n|\n|t:|1666359865\n|move|p2a: rotomwash|Hydro Pump|p1a: Billy B.\n|-supereffective|p1a: Billy B.\n|-damage|p1a: Billy B.|0 fnt\n|faint|p1a: Billy B.\n|\n|win|minimax_ai\n|raw|Sombra Diurna's rating: 1441 &rarr; <strong>1422<\/strong><br \/>(-19 for losing)\n|raw|minimax_ai's rating: 1464 &rarr; <strong>1483<\/strong><br \/>(+19 for winning)\n|c|\u2606minimax_ai|gg\n","uploadtime":1666359867,"views":9,"p1id":"sombradiurna","p2id":"minimaxai","formatid":"gen8ou","rating":1422,"private":0,"password":null}