{"id":"gen8ou-1292588172","p1":"stareal","p2":"isheavydead","format":"gen8ou","log":"|j|\u2606stareal\n|j|\u2606isheavydead\n|inactive|Battle timer is ON: inactive players will automatically lose when time's up.\n|t:|1614650256\n|player|p1|stareal|#stareal|\n|player|p2|isheavydead|ethan|\n|teamsize|p1|6\n|teamsize|p2|6\n|gametype|singles\n|gen|8\n|tier|[Gen 8] OU\n|rated|Tournament battle\n|clearpoke\n|poke|p1|Blissey, F|\n|poke|p1|Clefable, F|\n|poke|p1|Kyurem|\n|poke|p1|Corviknight, M|\n|poke|p1|Toxapex, F|\n|poke|p1|Swampert, F|\n|poke|p2|Xatu, M|\n|poke|p2|Espeon, M|\n|poke|p2|Tapu Lele|\n|poke|p2|Polteageist|\n|poke|p2|Cloyster, F|\n|poke|p2|Omastar, F|\n|rule|Sleep Clause Mod: Limit one foe put to sleep\n|rule|Species Clause: Limit one of each Pok\u00e9mon\n|rule|OHKO Clause: OHKO moves are banned\n|rule|Evasion Moves Clause: Evasion moves are banned\n|rule|Endless Battle Clause: Forcing endless battles is banned\n|rule|HP Percentage Mod: HP is shown in percentages\n|rule|Dynamax Clause: You cannot dynamax\n|teampreview\n|j|%Fusien\n|j| Lost again\n|j| AquaVanilla\n|j|%mcp3\n|j| Horrendous Dreams\n|j|#brouha\u2606\n|j| kisian\n|c|\u2606isheavydead|hf\n|j|#Ox the Fox\n|c| Horrendous Dreams|ofn\n|c|\u2606stareal|yeah u2\n|c| Horrendous Dreams|stall\n|c|#Ox the Fox|not this squad\n|c|#Ox the Fox|LOL\n|\n|t:|1614650272\n|start\n|switch|p1a: Kyurem|Kyurem|100\/100\n|switch|p2a: Tapu Lele|Tapu Lele, shiny|100\/100\n|-ability|p1a: Kyurem|Pressure\n|-fieldstart|move: Psychic Terrain|[from] ability: Psychic Surge|[of] p2a: Tapu Lele\n|turn|1\n|c|\u2606isheavydead|LOL\n|c| AquaVanilla|isheavydead sexy team\n|c| AquaVanilla|<3\n|c|\u2606isheavydead|for some reason nobody is running rillaboom\n|j|%htcl \u5c71\u7f8a\n|c|\u2606isheavydead|which 6-0s me\n|c| Horrendous Dreams|yooo\n|j| Toad Master 8\n|c| Horrendous Dreams|cloyster\n|\n|t:|1614650295\n|switch|p1a: Blissey|Blissey, F|100\/100\n|move|p2a: Tapu Lele|Moonblast|p1a: Blissey\n|-damage|p1a: Blissey|81\/100\n|\n|upkeep\n|turn|2\n|c| Horrendous Dreams|if you don't have tp on cloyster, wtf are you doing\n|j| capo test\n|\n|t:|1614650305\n|switch|p2a: Xatu|Xatu, M|100\/100\n|move|p1a: Blissey|Soft-Boiled|p1a: Blissey\n|-heal|p1a: Blissey|100\/100\n|\n|upkeep\n|turn|3\n|c|%htcl \u5c71\u7f8a|everyones too busying bring the fattest thing they have\n|c|#brouha\u2606|isheavydead has had like toughest bracket\n|c|%htcl \u5c71\u7f8a|in their builder\n|\n|t:|1614650321\n|switch|p1a: Kyurem|Kyurem|100\/100\n|-ability|p1a: Kyurem|Pressure\n|move|p2a: Xatu|Teleport|p2a: Xatu\n|c|\u2606isheavydead|ive gotten so lucky\n|c|\u2606isheavydead|hm\n|j| Humorless\n|inactive|isheavydead has 120 seconds left.\n|c| AquaVanilla|isheavydead did u beat fusien or did he let u win\n|c| Horrendous Dreams|cloyster...\n|j| buteko\n|c|\u2606isheavydead|basically i got a spdef drop\n|c|\u2606isheavydead|that won me the game\n|c| AquaVanilla|lmao\n|c| Horrendous Dreams|damn\n|c|\u2606isheavydead|and i wanted to forfeit\n|c|\u2606isheavydead|but he did it first\n|c| Horrendous Dreams|it do be like that\n|c|%Fusien|Even without drop it was\n|c|%Fusien|a 50\/50\n|inactive|isheavydead has 90 seconds left.\n|\n|t:|1614650383\n|switch|p2a: Polteageist|Polteageist|100\/100|[from]move: Teleport\n|\n|upkeep\n|turn|4\n|c|%Fusien|on whether you would go shifu or not\n|c|\u2606isheavydead|yea\n|c|%Fusien|so it wasn\u2019t clear cut\n|inactive|stareal has 120 seconds left.\n|j|+starry\n|inactive|stareal has 90 seconds left.\n|\n|t:|1614650467\n|move|p1a: Kyurem|Freeze-Dry|p2a: Polteageist\n|-damage|p2a: Polteageist|62\/100\n|move|p2a: Polteageist|Shell Smash|p2a: Polteageist\n|-unboost|p2a: Polteageist|def|1\n|-unboost|p2a: Polteageist|spd|1\n|-boost|p2a: Polteageist|atk|2\n|-boost|p2a: Polteageist|spa|2\n|-boost|p2a: Polteageist|spe|2\n|\n|upkeep\n|turn|5\n|\n|t:|1614650478\n|switch|p1a: Corviknight|Corviknight, M|100\/100\n|-ability|p1a: Corviknight|Pressure\n|move|p2a: Polteageist|Stored Power|p1a: Corviknight\n|-resisted|p1a: Corviknight\n|-damage|p1a: Corviknight|44\/100\n|\n|-heal|p1a: Corviknight|50\/100|[from] item: Leftovers\n|upkeep\n|turn|6\n|\n|t:|1614650484\n|move|p2a: Polteageist|Stored Power|p1a: Corviknight\n|-resisted|p1a: Corviknight\n|-damage|p1a: Corviknight|0 fnt\n|faint|p1a: Corviknight\n|\n|upkeep\n|\n|t:|1614650486\n|switch|p1a: Blissey|Blissey, F|100\/100\n|turn|7\n|j| l2p tricking\n|c| Horrendous Dreams|bro, reveal unaware clef\n|\n|t:|1614650494\n|move|p2a: Polteageist|Stored Power|p1a: Blissey\n|-damage|p1a: Blissey|56\/100\n|move|p1a: Blissey|Thunder Wave|p2a: Polteageist\n|-status|p2a: Polteageist|par\n|\n|upkeep\n|turn|8\n|inactive|stareal has 90 seconds left.\n|j| SenatoroTogekiss\n|c| Horrendous Dreams|wait, that wouldn't matter\n|\n|t:|1614650502\n|switch|p1a: Kyurem|Kyurem|100\/100\n|-ability|p1a: Kyurem|Pressure\n|move|p2a: Polteageist|Shell Smash|p2a: Polteageist\n|-unboost|p2a: Polteageist|def|1\n|-unboost|p2a: Polteageist|spd|1\n|-boost|p2a: Polteageist|atk|2\n|-boost|p2a: Polteageist|spa|2\n|-boost|p2a: Polteageist|spe|2\n|\n|-fieldend|move: Psychic Terrain\n|upkeep\n|turn|9\n|c| Horrendous Dreams|I'm slow\n|\n|t:|1614650508\n|move|p2a: Polteageist|Stored Power|p1a: Kyurem\n|-damage|p1a: Kyurem|0 fnt\n|faint|p1a: Kyurem\n|\n|upkeep\n|inactive|stareal has 90 seconds left.\n|c|%Fusien|Goat polt\n|c| SenatoroTogekiss|you are running hh66tt's team\n|c| Horrendous Dreams|haze pex\n|c|\u2606isheavydead|yes\n|\n|t:|1614650535\n|switch|p1a: Clefable|Clefable, F|100\/100\n|turn|10\n|c| SenatoroTogekiss|interesting\n|\n|t:|1614650540\n|move|p2a: Polteageist|Stored Power|p1a: Clefable\n|-damage|p1a: Clefable|15\/100\n|move|p1a: Clefable|Calm Mind|p1a: Clefable\n|-boost|p1a: Clefable|spa|1\n|-boost|p1a: Clefable|spd|1\n|\n|upkeep\n|turn|11\n|c| Horrendous Dreams|pray to god for a full para\n|c|\u2606isheavydead|it's unaware\n|\n|t:|1614650546\n|move|p2a: Polteageist|Stored Power|p1a: Clefable\n|-damage|p1a: Clefable|0 fnt\n|faint|p1a: Clefable\n|\n|upkeep\n|c| SenatoroTogekiss|you got it from him or just from playing him on ladder?\n|j|+Lockjaw\n|c|\u2606stareal|gg!\n|c| Horrendous Dreams|damn\n|-message|stareal forfeited.\n|\n|win|isheavydead\n|n|\u2606stareal|stareal\n|n|\u2606isheavydead|isheavydead\n|n| Fusien|fusien\n|n| Lost again|lostagain\n|n| AquaVanilla|aquavanilla\n|n| mcp3|mcp3\n|n| Horrendous Dreams|horrendousdreams\n|n|%brouha\u2606|brouha\n|n| kisian|kisian\n|n|+Ox the Fox|oxthefox\n|n| htcl \u5c71\u7f8a|htcl\n|n| Toad Master 8|toadmaster8\n|n| capo test|capotest\n|n| Humorless|humorless\n|n| buteko|buteko\n|n| starry|starry\n|n| l2p tricking|l2ptricking\n|n| SenatoroTogekiss|senatorotogekiss\n|n|+Lockjaw|lockjaw\n|c|\u2606isheavydead|gg\n|l|\u2606stareal\n|l| htcl \u5c71\u7f8a\n|c| Horrendous Dreams|he didn't have haze pex\n|l| kisian\n|l| Horrendous Dreams\n|c|\u2606isheavydead|SenatoroTogekiss just from playing him\n|l|\u2606isheavydead\n|c| SenatoroTogekiss|i see\n|l| Humorless\n","uploadtime":1614650613,"views":153,"p1id":"stareal","p2id":"isheavydead","formatid":"gen8ou","rating":0,"private":0,"password":null}