{"id":"gen8ou-1700018238","p1":"SMxVale","p2":"LT94JE Allistair","format":"gen8ou","log":"|j|\u2606SMxVale\n|j|\u2606LT94JE Allistair\n|t:|1667306249\n|gametype|singles\n|player|p1|SMxVale|bruno|1795\n|player|p2|LT94JE Allistair|170|1737\n|teamsize|p1|6\n|teamsize|p2|6\n|gen|8\n|tier|[Gen 8] OU\n|rated|\n|rule|Sleep Clause Mod: Limit one foe put to sleep\n|rule|Species Clause: Limit one of each Pok\u00e9mon\n|rule|OHKO Clause: OHKO moves are banned\n|rule|Evasion Items Clause: Evasion items are banned\n|rule|Evasion Moves Clause: Evasion moves are banned\n|rule|Endless Battle Clause: Forcing endless battles is banned\n|rule|HP Percentage Mod: HP is shown in percentages\n|rule|Dynamax Clause: You cannot dynamax\n|clearpoke\n|poke|p1|Dragapult, M|\n|poke|p1|Tapu Lele|\n|poke|p1|Landorus-Therian, M|\n|poke|p1|Toxapex, F|\n|poke|p1|Aegislash, F|\n|poke|p1|Tornadus-Therian, M|\n|poke|p2|Mew|\n|poke|p2|Slurpuff, M|\n|poke|p2|Vanilluxe, M|\n|poke|p2|Jirachi|\n|poke|p2|Weavile, M|\n|poke|p2|Nidoking, M|\n|teampreview\n|inactive|Battle timer is ON: inactive players will automatically lose when time's up. (requested by SMxVale)\n|inactive|LT94JE Allistair has 120 seconds left.\n|\n|t:|1667306315\n|start\n|switch|p1a: Dragapult|Dragapult, M|100\/100\n|switch|p2a: Slurpuff|Slurpuff, M|100\/100\n|turn|1\n|\n|t:|1667306322\n|move|p1a: Dragapult|U-turn|p2a: Slurpuff\n|-resisted|p2a: Slurpuff\n|-damage|p2a: Slurpuff|85\/100\n|\n|t:|1667306323\n|switch|p1a: Aegislash|Aegislash, F|100\/100|[from]move: U-turn\n|move|p2a: Slurpuff|Sticky Web|p1a: Aegislash\n|-sidestart|p1: SMxVale|move: Sticky Web\n|\n|upkeep\n|turn|2\n|j| hi iddii\n|\n|t:|1667306343\n|move|p2a: Slurpuff|Yawn|p1a: Aegislash\n|-start|p1a: Aegislash|move: Yawn|[of] p2a: Slurpuff\n|-formechange|p1a: Aegislash|Aegislash-Blade||[from] ability: Stance Change\n|move|p1a: Aegislash|Iron Head|p2a: Slurpuff\n|-supereffective|p2a: Slurpuff\n|-damage|p2a: Slurpuff|23\/100\n|\n|upkeep\n|turn|3\n|\n|t:|1667306365\n|switch|p2a: Weavile|Weavile, M|100\/100\n|-ability|p2a: Weavile|Pressure\n|switch|p1a: Toxapex|Toxapex, F|100\/100\n|-activate|p1a: Toxapex|move: Sticky Web\n|-unboost|p1a: Toxapex|spe|1\n|\n|upkeep\n|turn|4\n|\n|t:|1667306372\n|move|p2a: Weavile|Swords Dance|p2a: Weavile\n|-boost|p2a: Weavile|atk|2\n|move|p1a: Toxapex|Toxic|p2a: Weavile\n|-status|p2a: Weavile|tox\n|\n|-damage|p2a: Weavile|94\/100 tox|[from] psn\n|upkeep\n|turn|5\n|\n|t:|1667306382\n|move|p2a: Weavile|Knock Off|p1a: Toxapex\n|-damage|p1a: Toxapex|21\/100\n|-damage|p2a: Weavile|78\/100 tox|[from] item: Rocky Helmet|[of] p1a: Toxapex\n|-enditem|p1a: Toxapex|Rocky Helmet|[from] move: Knock Off|[of] p2a: Weavile\n|-damage|p2a: Weavile|68\/100 tox|[from] item: Life Orb\n|move|p1a: Toxapex|Haze|p1a: Toxapex\n|-clearallboost\n|\n|-damage|p2a: Weavile|56\/100 tox|[from] psn\n|upkeep\n|turn|6\n|\n|t:|1667306409\n|switch|p1a: Tornadus|Tornadus-Therian, M|100\/100\n|move|p2a: Weavile|Triple Axel|p1a: Tornadus|[miss]\n|-miss|p2a: Weavile|p1a: Tornadus\n|\n|-damage|p2a: Weavile|38\/100 tox|[from] psn\n|upkeep\n|turn|7\n|\n|t:|1667306424\n|switch|p1a: Toxapex|Toxapex, F|54\/100\n|-activate|p1a: Toxapex|move: Sticky Web\n|-unboost|p1a: Toxapex|spe|1\n|move|p2a: Weavile|Swords Dance|p2a: Weavile\n|-boost|p2a: Weavile|atk|2\n|\n|-damage|p2a: Weavile|14\/100 tox|[from] psn\n|upkeep\n|turn|8\n|inactive|SMxVale has 120 seconds left.\n|\n|t:|1667306440\n|switch|p1a: Tornadus|Tornadus-Therian, M|100\/100\n|move|p2a: Weavile|Knock Off|p1a: Tornadus\n|-damage|p1a: Tornadus|0 fnt\n|-enditem|p1a: Tornadus|Heavy-Duty Boots|[from] move: Knock Off|[of] p2a: Weavile\n|faint|p1a: Tornadus\n|-damage|p2a: Weavile|4\/100 tox|[from] item: Life Orb\n|\n|-damage|p2a: Weavile|0 fnt|[from] psn\n|faint|p2a: Weavile\n|upkeep\n|inactive|SMxVale has 120 seconds left.\n|\n|t:|1667306458\n|switch|p1a: Dragapult|Dragapult, M|100\/100\n|switch|p2a: Vanilluxe|Vanilluxe, M|100\/100\n|-activate|p1a: Dragapult|move: Sticky Web\n|-fail|p1a: Dragapult|unboost|[from] ability: Clear Body|[of] p1a: Dragapult\n|-weather|Hail|[from] ability: Snow Warning|[of] p2a: Vanilluxe\n|turn|9\n|j| 1212122e\n|inactive|SMxVale has 120 seconds left.\n|\n|t:|1667306470\n|switch|p2a: Slurpuff|Slurpuff, M|23\/100\n|move|p1a: Dragapult|U-turn|p2a: Slurpuff\n|-resisted|p2a: Slurpuff\n|-damage|p2a: Slurpuff|6\/100\n|\n|t:|1667306482\n|switch|p1a: Aegislash|Aegislash, F|100\/100|[from]move: U-turn\n|-activate|p1a: Aegislash|move: Sticky Web\n|-unboost|p1a: Aegislash|spe|1\n|\n|-weather|Hail|[upkeep]\n|-damage|p2a: Slurpuff|0 fnt|[from] Hail\n|-damage|p1a: Aegislash|94\/100|[from] Hail\n|faint|p2a: Slurpuff\n|-heal|p1a: Aegislash|100\/100|[from] item: Leftovers\n|upkeep\n|\n|t:|1667306487\n|switch|p2a: Vanilluxe|Vanilluxe, M|100\/100\n|turn|10\n|inactive|SMxVale has 120 seconds left.\n|\n|t:|1667306495\n|move|p2a: Vanilluxe|Aurora Veil|p2a: Vanilluxe\n|-sidestart|p2: LT94JE Allistair|move: Aurora Veil\n|-formechange|p1a: Aegislash|Aegislash-Blade||[from] ability: Stance Change\n|move|p1a: Aegislash|Iron Head|p2a: Vanilluxe\n|-supereffective|p2a: Vanilluxe\n|-damage|p2a: Vanilluxe|49\/100\n|\n|-weather|Hail|[upkeep]\n|-damage|p1a: Aegislash|94\/100|[from] Hail\n|-heal|p1a: Aegislash|100\/100|[from] item: Leftovers\n|upkeep\n|turn|11\n|\n|t:|1667306502\n|-formechange|p1a: Aegislash|Aegislash||[from] ability: Stance Change\n|move|p1a: Aegislash|King's Shield|p1a: Aegislash\n|-singleturn|p1a: Aegislash|Protect\n|move|p2a: Vanilluxe|Taunt|p1a: Aegislash\n|-start|p1a: Aegislash|move: Taunt\n|\n|-weather|Hail|[upkeep]\n|-damage|p1a: Aegislash|94\/100|[from] Hail\n|-heal|p1a: Aegislash|100\/100|[from] item: Leftovers\n|upkeep\n|turn|12\n|\n|t:|1667306516\n|move|p2a: Vanilluxe|Explosion|p1a: Aegislash\n|-immune|p1a: Aegislash\n|faint|p2a: Vanilluxe\n|-formechange|p1a: Aegislash|Aegislash-Blade||[from] ability: Stance Change\n|move|p1a: Aegislash|Iron Head|p2: Vanilluxe|[notarget]\n|-fail|p1a: Aegislash\n|\n|-weather|Hail|[upkeep]\n|-damage|p1a: Aegislash|94\/100|[from] Hail\n|-heal|p1a: Aegislash|100\/100|[from] item: Leftovers\n|upkeep\n|\n|t:|1667306520\n|switch|p2a: Mew|Mew|100\/100\n|turn|13\n|\n|t:|1667306529\n|switch|p1a: Toxapex|Toxapex, F|87\/100\n|-activate|p1a: Toxapex|move: Sticky Web\n|-unboost|p1a: Toxapex|spe|1\n|move|p2a: Mew|Cosmic Power|p2a: Mew\n|-boost|p2a: Mew|def|1\n|-boost|p2a: Mew|spd|1\n|\n|-weather|none\n|upkeep\n|turn|14\n|inactive|SMxVale has 120 seconds left.\n|\n|t:|1667306555\n|switch|p1a: Dragapult|Dragapult, M|100\/100\n|-activate|p1a: Dragapult|move: Sticky Web\n|-fail|p1a: Dragapult|unboost|[from] ability: Clear Body|[of] p1a: Dragapult\n|move|p2a: Mew|Taunt|p1a: Dragapult\n|-start|p1a: Dragapult|move: Taunt\n|\n|upkeep\n|turn|15\n|\n|t:|1667306564\n|move|p1a: Dragapult|Dragon Darts|p2a: Mew\n|-crit|p2a: Mew\n|-damage|p2a: Mew|49\/100\n|-anim|p1a: Dragapult|Dragon Darts|p2a: Mew\n|-damage|p2a: Mew|38\/100\n|move|p2a: Mew|Stored Power|p1a: Dragapult\n|-damage|p1a: Dragapult|73\/100\n|\n|upkeep\n|turn|16\n|j| Horvendil\n|\n|t:|1667306574\n|move|p1a: Dragapult|Dragon Darts|p2a: Mew\n|-damage|p2a: Mew|27\/100\n|-anim|p1a: Dragapult|Dragon Darts|p2a: Mew\n|-damage|p2a: Mew|15\/100\n|move|p2a: Mew|Roost|p2a: Mew\n|-heal|p2a: Mew|65\/100\n|-singleturn|p2a: Mew|move: Roost\n|\n|-end|p1a: Dragapult|move: Taunt\n|upkeep\n|turn|17\n|\n|t:|1667306580\n|move|p1a: Dragapult|Dragon Darts|p2a: Mew\n|-damage|p2a: Mew|53\/100\n|-anim|p1a: Dragapult|Dragon Darts|p2a: Mew\n|-damage|p2a: Mew|40\/100\n|move|p2a: Mew|Cosmic Power|p2a: Mew\n|-boost|p2a: Mew|def|1\n|-boost|p2a: Mew|spd|1\n|\n|-sideend|p2: LT94JE Allistair|move: Aurora Veil\n|upkeep\n|turn|18\n|\n|t:|1667306586\n|move|p1a: Dragapult|Dragon Darts|p2a: Mew\n|-damage|p2a: Mew|23\/100\n|-anim|p1a: Dragapult|Dragon Darts|p2a: Mew\n|-damage|p2a: Mew|6\/100\n|move|p2a: Mew|Roost|p2a: Mew\n|-heal|p2a: Mew|57\/100\n|-singleturn|p2a: Mew|move: Roost\n|\n|upkeep\n|turn|19\n|\n|t:|1667306592\n|move|p1a: Dragapult|Dragon Darts|p2a: Mew\n|-damage|p2a: Mew|39\/100\n|-anim|p1a: Dragapult|Dragon Darts|p2a: Mew\n|-damage|p2a: Mew|21\/100\n|move|p2a: Mew|Roost|p2a: Mew\n|-heal|p2a: Mew|71\/100\n|-singleturn|p2a: Mew|move: Roost\n|\n|upkeep\n|turn|20\n|\n|t:|1667306616\n|move|p1a: Dragapult|Dragon Darts|p2a: Mew\n|-damage|p2a: Mew|52\/100\n|-anim|p1a: Dragapult|Dragon Darts|p2a: Mew\n|-damage|p2a: Mew|35\/100\n|move|p2a: Mew|Roost|p2a: Mew\n|-heal|p2a: Mew|85\/100\n|-singleturn|p2a: Mew|move: Roost\n|\n|upkeep\n|turn|21\n|\n|t:|1667306630\n|move|p1a: Dragapult|Dragon Darts|p2a: Mew\n|-damage|p2a: Mew|67\/100\n|-anim|p1a: Dragapult|Dragon Darts|p2a: Mew\n|-damage|p2a: Mew|49\/100\n|move|p2a: Mew|Cosmic Power|p2a: Mew\n|-boost|p2a: Mew|def|1\n|-boost|p2a: Mew|spd|1\n|\n|upkeep\n|turn|22\n|\n|t:|1667306634\n|move|p1a: Dragapult|Dragon Darts|p2a: Mew\n|-damage|p2a: Mew|36\/100\n|-anim|p1a: Dragapult|Dragon Darts|p2a: Mew\n|-damage|p2a: Mew|23\/100\n|move|p2a: Mew|Roost|p2a: Mew\n|-heal|p2a: Mew|73\/100\n|-singleturn|p2a: Mew|move: Roost\n|\n|upkeep\n|turn|23\n|j| Vickyris\n|\n|t:|1667306662\n|move|p1a: Dragapult|Dragon Darts|p2a: Mew\n|-crit|p2a: Mew\n|-damage|p2a: Mew|19\/100\n|-anim|p1a: Dragapult|Dragon Darts|p2a: Mew\n|-damage|p2a: Mew|6\/100\n|move|p2a: Mew|Roost|p2a: Mew\n|-heal|p2a: Mew|56\/100\n|-singleturn|p2a: Mew|move: Roost\n|\n|upkeep\n|turn|24\n|\n|t:|1667306668\n|move|p1a: Dragapult|Dragon Darts|p2a: Mew\n|-damage|p2a: Mew|42\/100\n|-anim|p1a: Dragapult|Dragon Darts|p2a: Mew\n|-damage|p2a: Mew|28\/100\n|move|p2a: Mew|Roost|p2a: Mew\n|-heal|p2a: Mew|78\/100\n|-singleturn|p2a: Mew|move: Roost\n|\n|upkeep\n|turn|25\n|\n|t:|1667306672\n|move|p1a: Dragapult|Dragon Darts|p2a: Mew\n|-damage|p2a: Mew|63\/100\n|-anim|p1a: Dragapult|Dragon Darts|p2a: Mew\n|-damage|p2a: Mew|48\/100\n|move|p2a: Mew|Cosmic Power|p2a: Mew\n|-boost|p2a: Mew|def|1\n|-boost|p2a: Mew|spd|1\n|\n|upkeep\n|turn|26\n|\n|t:|1667306680\n|move|p1a: Dragapult|Dragon Darts|p2a: Mew\n|-damage|p2a: Mew|35\/100\n|-anim|p1a: Dragapult|Dragon Darts|p2a: Mew\n|-damage|p2a: Mew|24\/100\n|move|p2a: Mew|Roost|p2a: Mew\n|-heal|p2a: Mew|74\/100\n|-singleturn|p2a: Mew|move: Roost\n|\n|upkeep\n|turn|27\n|\n|t:|1667306685\n|move|p1a: Dragapult|Dragon Darts|p2a: Mew\n|-damage|p2a: Mew|61\/100\n|-anim|p1a: Dragapult|Dragon Darts|p2a: Mew\n|-damage|p2a: Mew|49\/100\n|move|p2a: Mew|Roost|p2a: Mew\n|-heal|p2a: Mew|99\/100\n|-singleturn|p2a: Mew|move: Roost\n|\n|upkeep\n|turn|28\n|\n|t:|1667306689\n|move|p1a: Dragapult|Dragon Darts|p2a: Mew\n|-damage|p2a: Mew|87\/100\n|-anim|p1a: Dragapult|Dragon Darts|p2a: Mew\n|-damage|p2a: Mew|76\/100\n|move|p2a: Mew|Cosmic Power|p2a: Mew\n|-boost|p2a: Mew|def|1\n|-boost|p2a: Mew|spd|1\n|\n|upkeep\n|turn|29\n|\n|t:|1667306692\n|move|p1a: Dragapult|Dragon Darts|p2a: Mew\n|-damage|p2a: Mew|66\/100\n|-anim|p1a: Dragapult|Dragon Darts|p2a: Mew\n|-damage|p2a: Mew|56\/100\n|move|p2a: Mew|Roost|p2a: Mew\n|-heal|p2a: Mew|100\/100\n|-singleturn|p2a: Mew|move: Roost\n|\n|upkeep\n|turn|30\n|\n|t:|1667306698\n|move|p1a: Dragapult|Dragon Darts|p2a: Mew\n|-damage|p2a: Mew|91\/100\n|-anim|p1a: Dragapult|Dragon Darts|p2a: Mew\n|-damage|p2a: Mew|81\/100\n|move|p2a: Mew|Cosmic Power|p2a: Mew\n|-boost|p2a: Mew|def|1\n|-boost|p2a: Mew|spd|1\n|\n|upkeep\n|turn|31\n|\n|t:|1667306708\n|switch|p1a: Aegislash|Aegislash, F|100\/100\n|-activate|p1a: Aegislash|move: Sticky Web\n|-unboost|p1a: Aegislash|spe|1\n|move|p2a: Mew|Roost|p2a: Mew\n|-heal|p2a: Mew|100\/100\n|-singleturn|p2a: Mew|move: Roost\n|\n|upkeep\n|turn|32\n|\n|t:|1667306724\n|switch|p1a: Tapu Lele|Tapu Lele|100\/100\n|-activate|p1a: Tapu Lele|move: Sticky Web\n|-unboost|p1a: Tapu Lele|spe|1\n|-fieldstart|move: Psychic Terrain|[from] ability: Psychic Surge|[of] p1a: Tapu Lele\n|move|p2a: Mew|Taunt|p1a: Tapu Lele\n|-start|p1a: Tapu Lele|move: Taunt\n|\n|upkeep\n|turn|33\n|j| izuminite\n|inactive|LT94JE Allistair has 120 seconds left.\n|\n|t:|1667306760\n|move|p2a: Mew|Stored Power|p1a: Tapu Lele\n|-resisted|p1a: Tapu Lele\n|-damage|p1a: Tapu Lele|42\/100\n|move|p1a: Tapu Lele|Moonblast|p2a: Mew\n|-damage|p2a: Mew|81\/100\n|\n|upkeep\n|turn|34\n|l| 1212122e\n|j| Takinah\n|\n|t:|1667306784\n|switch|p1a: Aegislash|Aegislash, F|100\/100\n|-activate|p1a: Aegislash|move: Sticky Web\n|-unboost|p1a: Aegislash|spe|1\n|move|p2a: Mew|Stored Power|p1a: Aegislash\n|-resisted|p1a: Aegislash\n|-damage|p1a: Aegislash|64\/100\n|\n|-heal|p1a: Aegislash|70\/100|[from] item: Leftovers\n|upkeep\n|turn|35\n|inactive|LT94JE Allistair has 120 seconds left.\n|\n|t:|1667306808\n|switch|p1a: Dragapult|Dragapult, M|73\/100\n|-activate|p1a: Dragapult|move: Sticky Web\n|-fail|p1a: Dragapult|unboost|[from] ability: Clear Body|[of] p1a: Dragapult\n|move|p2a: Mew|Taunt|p1a: Dragapult\n|-start|p1a: Dragapult|move: Taunt\n|\n|upkeep\n|turn|36\n|\n|t:|1667306821\n|move|p1a: Dragapult|Phantom Force||[still]\n|-prepare|p1a: Dragapult|Phantom Force\n|move|p2a: Mew|Roost|p2a: Mew\n|-heal|p2a: Mew|100\/100\n|-singleturn|p2a: Mew|move: Roost\n|\n|-fieldend|move: Psychic Terrain\n|upkeep\n|turn|37\n|inactive|LT94JE Allistair has 120 seconds left.\n|\n|t:|1667306860\n|move|p1a: Dragapult|Phantom Force|p2a: Mew|[from]lockedmove\n|-supereffective|p2a: Mew\n|-damage|p2a: Mew|65\/100\n|-enditem|p2a: Mew|Weakness Policy\n|-boost|p2a: Mew|atk|2|[from] item: Weakness Policy\n|-boost|p2a: Mew|spa|2|[from] item: Weakness Policy\n|move|p2a: Mew|Stored Power|p1a: Dragapult\n|-damage|p1a: Dragapult|0 fnt\n|faint|p1a: Dragapult\n|\n|upkeep\n|j| ISimpForKlara\n|-message|SMxVale forfeited.\n|\n|win|LT94JE Allistair\n|raw|SMxVale's rating: 1795 &rarr; <strong>1772<\/strong><br \/>(-23 for losing)\n|raw|LT94JE Allistair's rating: 1737 &rarr; <strong>1760<\/strong><br \/>(+23 for winning)\n|l|\u2606SMxVale\n|l|\u2606LT94JE Allistair\n|l| Horvendil\n||Ladder isn't responding, score probably updated but might not have (Request timeout).\n|l| Takinah\n|l| izuminite\n|l| Vickyris\n|l| ISimpForKlara\n","uploadtime":1667308360,"views":23,"p1id":"smxvale","p2id":"lt94jeallistair","formatid":"gen8ou","rating":1760,"private":0,"password":null}