{"id":"gen8nationaldexag-1681224225","p1":"iopkj09","p2":"Clownnin","format":"gen8nationaldexag","log":"|j|\u2606iopkj09\n|j|\u2606Clownnin\n|t:|1665283760\n|gametype|singles\n|player|p1|iopkj09|nate|1809\n|player|p2|Clownnin|clown|1866\n|teamsize|p1|6\n|teamsize|p2|6\n|gen|8\n|tier|[Gen 8] National Dex AG\n|rated|\n|rule|HP Percentage Mod: HP is shown in percentages\n|rule|Endless Battle Clause: Forcing endless battles is banned\n|clearpoke\n|poke|p1|Yveltal|\n|poke|p1|Xerneas-*|\n|poke|p1|Rayquaza|\n|poke|p1|Arceus-*|\n|poke|p1|Melmetal|\n|poke|p1|Ditto|\n|poke|p2|Arceus-*|\n|poke|p2|Arceus-*|\n|poke|p2|Arceus-*|\n|poke|p2|Arceus-*|\n|poke|p2|Arceus-*|\n|poke|p2|Arceus-*|\n|teampreview\n|inactive|Battle timer is ON: inactive players will automatically lose when time's up. (requested by iopkj09)\n|inactive|Clownnin also wants the timer to be on.\n|\n|t:|1665283778\n|start\n|switch|p1a: Arceus|Arceus|100\/100\n|switch|p2a: Arceus|Arceus-Ground|100\/100\n|turn|1\n|\n|t:|1665283786\n|move|p1a: Arceus|Swords Dance|p1a: Arceus\n|-boost|p1a: Arceus|atk|2\n|move|p2a: Arceus|Toxic|p1a: Arceus\n|-status|p1a: Arceus|tox\n|\n|-damage|p1a: Arceus|94\/100 tox|[from] psn\n|upkeep\n|turn|2\n|\n|t:|1665283788\n|move|p1a: Arceus|Swords Dance|p1a: Arceus\n|-boost|p1a: Arceus|atk|2\n|move|p2a: Arceus|Stealth Rock|p1a: Arceus\n|-sidestart|p1: iopkj09|move: Stealth Rock\n|\n|-damage|p1a: Arceus|82\/100 tox|[from] psn\n|upkeep\n|turn|3\n|\n|t:|1665283791\n|switch|p2a: Arceus|Arceus-Ghost|100\/100\n|move|p1a: Arceus|Swords Dance|p1a: Arceus\n|-boost|p1a: Arceus|atk|2\n|\n|-damage|p1a: Arceus|64\/100 tox|[from] psn\n|upkeep\n|turn|4\n|\n|t:|1665283796\n|switch|p2a: Arceus|Arceus-Water|100\/100\n|move|p1a: Arceus|Shadow Claw|p2a: Arceus\n|-damage|p2a: Arceus|47\/100\n|\n|-damage|p1a: Arceus|40\/100 tox|[from] psn\n|upkeep\n|turn|5\n|\n|t:|1665283802\n|switch|p2a: Arceus|Arceus-Ghost|100\/100\n|move|p1a: Arceus|Shadow Claw|p2a: Arceus\n|-supereffective|p2a: Arceus\n|-damage|p2a: Arceus|0 fnt\n|faint|p2a: Arceus\n|\n|-damage|p1a: Arceus|9\/100 tox|[from] psn\n|upkeep\n|\n|t:|1665283812\n|switch|p2a: Arceus|Arceus-Water|47\/100\n|turn|6\n|\n|t:|1665283814\n|move|p1a: Arceus|Extreme Speed|p2a: Arceus\n|-damage|p2a: Arceus|0 fnt\n|faint|p2a: Arceus\n|\n|-damage|p1a: Arceus|0 fnt|[from] psn\n|faint|p1a: Arceus\n|upkeep\n|\n|t:|1665283819\n|switch|p1a: Melmetal|Melmetal, shiny|100\/100\n|switch|p2a: Arceus|Arceus-Dark|100\/100\n|-damage|p1a: Melmetal|94\/100|[from] Stealth Rock\n|turn|7\n|\n|t:|1665283826\n|move|p2a: Arceus|Calm Mind|p2a: Arceus\n|-boost|p2a: Arceus|spa|1\n|-boost|p2a: Arceus|spd|1\n|move|p1a: Melmetal|Double Iron Bash|p2a: Arceus\n|-damage|p2a: Arceus|73\/100\n|-damage|p2a: Arceus|45\/100\n|-hitcount|p2a: Arceus|2\n|\n|upkeep\n|turn|8\n|\n|t:|1665283828\n|move|p2a: Arceus|Recover|p2a: Arceus\n|-heal|p2a: Arceus|95\/100\n|move|p1a: Melmetal|Double Iron Bash|p2a: Arceus\n|-crit|p2a: Arceus\n|-damage|p2a: Arceus|52\/100\n|-damage|p2a: Arceus|23\/100\n|-hitcount|p2a: Arceus|2\n|\n|upkeep\n|turn|9\n|\n|t:|1665283833\n|move|p2a: Arceus|Judgment|p1a: Melmetal\n|-damage|p1a: Melmetal|41\/100\n|move|p1a: Melmetal|Double Iron Bash|p2a: Arceus\n|-damage|p2a: Arceus|0 fnt\n|faint|p2a: Arceus\n|-hitcount|p2: Arceus|1\n|\n|upkeep\n|\n|t:|1665283837\n|switch|p2a: Arceus|Arceus-Ground|100\/100\n|turn|10\n|\n|t:|1665283840\n|move|p2a: Arceus|Judgment|p1a: Melmetal\n|-supereffective|p1a: Melmetal\n|-damage|p1a: Melmetal|0 fnt\n|faint|p1a: Melmetal\n|\n|upkeep\n|\n|t:|1665283844\n|switch|p1a: Rayquaza|Rayquaza|100\/100\n|-damage|p1a: Rayquaza|75\/100|[from] Stealth Rock\n|-ability|p1a: Rayquaza|Air Lock\n|turn|11\n|\n|t:|1665283846\n|detailschange|p1a: Rayquaza|Rayquaza-Mega\n|-mega|p1a: Rayquaza|Rayquaza|\n|-weather|DeltaStream|[from] ability: Delta Stream|[of] p1a: Rayquaza\n|move|p1a: Rayquaza|Dragon Dance|p1a: Rayquaza\n|-boost|p1a: Rayquaza|atk|1\n|-boost|p1a: Rayquaza|spe|1\n|move|p2a: Arceus|Ice Beam|p1a: Rayquaza\n|-activate||deltastream\n|-supereffective|p1a: Rayquaza\n|-damage|p1a: Rayquaza|7\/100\n|\n|-weather|DeltaStream|[upkeep]\n|upkeep\n|turn|12\n|\n|t:|1665283853\n|move|p1a: Rayquaza|Dragon Ascent|p2a: Arceus\n|-damage|p2a: Arceus|21\/100\n|-unboost|p1a: Rayquaza|def|1\n|-unboost|p1a: Rayquaza|spd|1\n|move|p2a: Arceus|Ice Beam|p1a: Rayquaza\n|-activate||deltastream\n|-supereffective|p1a: Rayquaza\n|-damage|p1a: Rayquaza|0 fnt\n|faint|p1a: Rayquaza\n|-weather|none\n|\n|upkeep\n|\n|t:|1665283861\n|switch|p1a: Xerneas|Xerneas, shiny|100\/100\n|-damage|p1a: Xerneas|88\/100|[from] Stealth Rock\n|-ability|p1a: Xerneas|Fairy Aura\n|turn|13\n|\n|t:|1665283863\n|move|p1a: Xerneas|Geomancy||[still]\n|-prepare|p1a: Xerneas|Geomancy\n|-enditem|p1a: Xerneas|Power Herb\n|-anim|p1a: Xerneas|Geomancy|p1a: Xerneas\n|-boost|p1a: Xerneas|spa|2\n|-boost|p1a: Xerneas|spd|2\n|-boost|p1a: Xerneas|spe|2\n|move|p2a: Arceus|Toxic|p1a: Xerneas\n|-status|p1a: Xerneas|tox\n|\n|-damage|p1a: Xerneas|82\/100 tox|[from] psn\n|upkeep\n|turn|14\n|\n|t:|1665283866\n|move|p1a: Xerneas|Draining Kiss|p2a: Arceus\n|-damage|p2a: Arceus|0 fnt\n|-heal|p1a: Xerneas|99\/100 tox|[from] drain|[of] p2a: Arceus\n|faint|p2a: Arceus\n|\n|-damage|p1a: Xerneas|87\/100 tox|[from] psn\n|upkeep\n|\n|t:|1665283869\n|switch|p2a: Arceus|Arceus-Fairy|100\/100\n|turn|15\n|\n|t:|1665283872\n|-start|p1a: Xerneas|Dynamax|\n|-heal|p1a: Xerneas|87\/100 tox|[silent]\n|-start|p2a: Arceus|Dynamax|\n|-heal|p2a: Arceus|100\/100|[silent]\n|move|p2a: Arceus|Max Guard|p2a: Arceus\n|-singleturn|p2a: Arceus|Max Guard\n|move|p1a: Xerneas|Max Starfall|p2a: Arceus\n|-activate|p2a: Arceus|move: Max Guard\n|\n|-damage|p1a: Xerneas|78\/100 tox|[from] psn\n|upkeep\n|turn|16\n|\n|t:|1665283874\n|move|p1a: Xerneas|Max Starfall|p2a: Arceus\n|-damage|p2a: Arceus|47\/100\n|-fieldstart|move: Misty Terrain\n|move|p2a: Arceus|Max Starfall|p1a: Xerneas\n|-damage|p1a: Xerneas|60\/100 tox\n|\n|-damage|p1a: Xerneas|48\/100 tox|[from] psn\n|upkeep\n|turn|17\n|\n|t:|1665283877\n|move|p2a: Arceus|Max Guard|p2a: Arceus\n|-singleturn|p2a: Arceus|Max Guard\n|move|p1a: Xerneas|Max Starfall|p2a: Arceus\n|-activate|p2a: Arceus|move: Max Guard\n|\n|-damage|p1a: Xerneas|33\/100 tox|[from] psn\n|upkeep\n|-end|p1a: Xerneas|Dynamax\n|-heal|p1a: Xerneas|33\/100 tox|[silent]\n|-end|p2a: Arceus|Dynamax\n|-heal|p2a: Arceus|47\/100|[silent]\n|turn|18\n|\n|t:|1665283884\n|switch|p2a: Arceus|Arceus-Flying|100\/100\n|move|p1a: Xerneas|Draining Kiss|p2a: Arceus\n|-damage|p2a: Arceus|53\/100\n|-heal|p1a: Xerneas|73\/100 tox|[from] drain|[of] p2a: Arceus\n|\n|-damage|p1a: Xerneas|37\/100 tox|[from] psn\n|upkeep\n|turn|19\n|\n|t:|1665283887\n|move|p1a: Xerneas|Thunderbolt|p2a: Arceus\n|-supereffective|p2a: Arceus\n|-damage|p2a: Arceus|0 fnt\n|faint|p2a: Arceus\n|\n|-damage|p1a: Xerneas|0 fnt|[from] psn\n|faint|p1a: Xerneas\n|upkeep\n|\n|t:|1665283891\n|switch|p2a: Arceus|Arceus-Fairy|47\/100\n|switch|p1a: Ditto|Ditto, shiny|100\/100\n|-damage|p1a: Ditto|88\/100|[from] Stealth Rock\n|-transform|p1a: Ditto|p2a: Arceus|[from] ability: Imposter\n|turn|20\n|\n|t:|1665283901\n|move|p1a: Ditto|Judgment|p2a: Arceus\n|-damage|p2a: Arceus|28\/100\n|move|p2a: Arceus|Recover|p2a: Arceus\n|-heal|p2a: Arceus|78\/100\n|\n|-fieldend|Misty Terrain\n|upkeep\n|turn|21\n|\n|t:|1665283905\n|switch|p1a: Yveltal|Yveltal, shiny|100\/100\n|-damage|p1a: Yveltal|76\/100|[from] Stealth Rock\n|-ability|p1a: Yveltal|Dark Aura\n|move|p2a: Arceus|Calm Mind|p2a: Arceus\n|-boost|p2a: Arceus|spa|1\n|-boost|p2a: Arceus|spd|1\n|\n|upkeep\n|turn|22\n|\n|t:|1665283910\n|move|p2a: Arceus|Calm Mind|p2a: Arceus\n|-boost|p2a: Arceus|spa|1\n|-boost|p2a: Arceus|spd|1\n|move|p1a: Yveltal|Oblivion Wing|p2a: Arceus\n|-damage|p2a: Arceus|62\/100\n|-heal|p1a: Yveltal|90\/100|[from] drain|[of] p2a: Arceus\n|\n|upkeep\n|turn|23\n|\n|t:|1665283915\n|move|p2a: Arceus|Recover|p2a: Arceus\n|-heal|p2a: Arceus|100\/100\n|move|p1a: Yveltal|Oblivion Wing|p2a: Arceus\n|-damage|p2a: Arceus|84\/100\n|-heal|p1a: Yveltal|100\/100|[from] drain|[of] p2a: Arceus\n|\n|upkeep\n|turn|24\n|\n|t:|1665283918\n|move|p2a: Arceus|Judgment|p1a: Yveltal\n|-supereffective|p1a: Yveltal\n|-damage|p1a: Yveltal|0 fnt\n|faint|p1a: Yveltal\n|\n|upkeep\n|\n|t:|1665283920\n|switch|p1a: Ditto|Ditto, shiny|88\/100\n|-damage|p1a: Ditto|76\/100|[from] Stealth Rock\n|-transform|p1a: Ditto|p2a: Arceus|[from] ability: Imposter\n|turn|25\n|\n|t:|1665283922\n|move|p1a: Ditto|Judgment|p2a: Arceus\n|-damage|p2a: Arceus|67\/100\n|move|p2a: Arceus|Calm Mind|p2a: Arceus\n|-boost|p2a: Arceus|spa|1\n|-boost|p2a: Arceus|spd|1\n|\n|upkeep\n|turn|26\n|-message|iopkj09 forfeited.\n|\n|win|Clownnin\n|raw|iopkj09's rating: 1809 &rarr; <strong>1792<\/strong><br \/>(-17 for losing)\n|raw|Clownnin's rating: 1866 &rarr; <strong>1883<\/strong><br \/>(+17 for winning)\n|l|\u2606iopkj09\n||Ladder isn't responding, score probably updated but might not have (Request timeout).\n","uploadtime":1665283944,"views":25,"p1id":"iopkj09","p2id":"clownnin","formatid":"gen8nationaldexag","rating":1792,"private":0,"password":null}