{"id":"gen8ou-1390602752","p1":"yuthermother","p2":"ldailey19","format":"gen8ou","log":"|j|\u2606yuthermother\n|j|\u2606ldailey19\n|t:|1628153951\n|gametype|singles\n|player|p1|yuthermother|115|1066\n|player|p2|ldailey19|benga|1049\n|teamsize|p1|6\n|teamsize|p2|6\n|gen|8\n|tier|[Gen 8] OU\n|rated|\n|rule|Sleep Clause Mod: Limit one foe put to sleep\n|rule|Species Clause: Limit one of each Pok\u00e9mon\n|rule|OHKO Clause: OHKO moves are banned\n|rule|Evasion Moves Clause: Evasion moves are banned\n|rule|Endless Battle Clause: Forcing endless battles is banned\n|rule|HP Percentage Mod: HP is shown in percentages\n|rule|Dynamax Clause: You cannot dynamax\n|clearpoke\n|poke|p1|Dragapult, F|\n|poke|p1|Landorus-Therian, M|\n|poke|p1|Volcarona, F|\n|poke|p1|Urshifu-*, F|\n|poke|p1|Ferrothorn, M|\n|poke|p1|Toxapex, M|\n|poke|p2|Tyranitar, M|\n|poke|p2|Mew|\n|poke|p2|Swampert, M|\n|poke|p2|Garchomp, F|\n|poke|p2|Hawlucha, M|\n|poke|p2|Magnezone|\n|teampreview\n|\n|t:|1628153971\n|start\n|switch|p1a: Ferrothorn|Ferrothorn, M|100\/100\n|switch|p2a: Swampert|Swampert, M, shiny|100\/100\n|turn|1\n|\n|t:|1628154005\n|move|p2a: Swampert|Stealth Rock|p1a: Ferrothorn\n|-sidestart|p1: yuthermother|move: Stealth Rock\n|move|p1a: Ferrothorn|Knock Off|p2a: Swampert\n|-damage|p2a: Swampert|85\/100\n|-enditem|p2a: Swampert|Rindo Berry|[from] move: Knock Off|[of] p1a: Ferrothorn\n|\n|upkeep\n|turn|2\n|\n|t:|1628154024\n|move|p2a: Swampert|Yawn|p1a: Ferrothorn\n|-start|p1a: Ferrothorn|move: Yawn|[of] p2a: Swampert\n|move|p1a: Ferrothorn|Spikes|p2a: Swampert\n|-sidestart|p2: ldailey19|Spikes\n|\n|upkeep\n|turn|3\n|\n|t:|1628154051\n|move|p2a: Swampert|Ice Beam|p1a: Ferrothorn\n|-damage|p1a: Ferrothorn|91\/100\n|move|p1a: Ferrothorn|Leech Seed|p2a: Swampert\n|-start|p2a: Swampert|move: Leech Seed\n|\n|-heal|p1a: Ferrothorn|97\/100|[from] item: Leftovers\n|-damage|p2a: Swampert|73\/100|[from] Leech Seed|[of] p1a: Ferrothorn\n|-heal|p1a: Ferrothorn|100\/100|[silent]\n|-end|p1a: Ferrothorn|move: Yawn|[silent]\n|-status|p1a: Ferrothorn|slp\n|upkeep\n|turn|4\n|\n|t:|1628154081\n|switch|p2a: Hawlucha|Hawlucha, M, shiny|100\/100\n|cant|p1a: Ferrothorn|slp\n|\n|upkeep\n|turn|5\n|\n|t:|1628154114\n|switch|p1a: Dragapult|Dragapult, F|100\/100\n|move|p2a: Hawlucha|High Jump Kick|p1a: Dragapult\n|-immune|p1a: Dragapult\n|-damage|p2a: Hawlucha|51\/100|[from] highjumpkick\n|\n|upkeep\n|turn|6\n|\n|t:|1628154126\n|move|p1a: Dragapult|Thunder Wave|p2a: Hawlucha\n|-status|p2a: Hawlucha|par\n|move|p2a: Hawlucha|Brave Bird|p1a: Dragapult\n|-damage|p1a: Dragapult|31\/100\n|-damage|p2a: Hawlucha|26\/100 par|[from] Recoil\n|\n|upkeep\n|turn|7\n|\n|t:|1628154139\n|move|p1a: Dragapult|Hex|p2a: Hawlucha\n|-damage|p2a: Hawlucha|0 fnt\n|faint|p2a: Hawlucha\n|\n|upkeep\n|\n|t:|1628154153\n|switch|p2a: Swampert|Swampert, M, shiny|73\/100\n|-damage|p2a: Swampert|60\/100|[from] Spikes\n|turn|8\n|\n|t:|1628154201\n|move|p1a: Dragapult|U-turn|p2a: Swampert\n|-damage|p2a: Swampert|49\/100\n|\n|t:|1628154214\n|switch|p1a: Urshifu|Urshifu-Rapid-Strike, F, shiny|100\/100|[from]move: U-turn\n|-damage|p1a: Urshifu|94\/100|[from] Stealth Rock\n|move|p2a: Swampert|Ice Beam|p1a: Urshifu\n|-resisted|p1a: Urshifu\n|-damage|p1a: Urshifu|82\/100\n|\n|upkeep\n|turn|9\n|\n|t:|1628154233\n|move|p1a: Urshifu|Surging Strikes|p2a: Swampert\n|-crit|p2a: Swampert\n|-damage|p2a: Swampert|29\/100\n|-crit|p2a: Swampert\n|-damage|p2a: Swampert|10\/100\n|-crit|p2a: Swampert\n|-damage|p2a: Swampert|0 fnt\n|faint|p2a: Swampert\n|-hitcount|p2: Swampert|3\n|\n|upkeep\n|\n|t:|1628154259\n|switch|p2a: Mew|Mew, shiny|100\/100\n|-damage|p2a: Mew|88\/100|[from] Spikes\n|turn|10\n|\n|t:|1628154274\n|move|p2a: Mew|Psychic|p1a: Urshifu\n|-supereffective|p1a: Urshifu\n|-damage|p1a: Urshifu|0 fnt\n|faint|p1a: Urshifu\n|\n|-heal|p2a: Mew|94\/100|[from] item: Leftovers\n|upkeep\n|\n|t:|1628154288\n|switch|p1a: Volcarona|Volcarona, F|100\/100\n|turn|11\n|inactive|Battle timer is ON: inactive players will automatically lose when time's up. (requested by yuthermother)\n|\n|t:|1628154336\n|switch|p2a: Garchomp|Garchomp, F, shiny|100\/100\n|-damage|p2a: Garchomp|88\/100|[from] Spikes\n|move|p1a: Volcarona|Quiver Dance|p1a: Volcarona\n|-boost|p1a: Volcarona|spa|1\n|-boost|p1a: Volcarona|spd|1\n|-boost|p1a: Volcarona|spe|1\n|\n|upkeep\n|turn|12\n|inactive|yuthermother has 120 seconds left.\n|\n|t:|1628154375\n|move|p1a: Volcarona|Bug Buzz|p2a: Garchomp\n|-damage|p2a: Garchomp|11\/100\n|move|p2a: Garchomp|Earthquake|p1a: Volcarona\n|-damage|p1a: Volcarona|17\/100\n|\n|upkeep\n|turn|13\n|inactive|yuthermother has 120 seconds left.\n|\n|t:|1628154387\n|move|p1a: Volcarona|Giga Drain|p2a: Garchomp\n|-damage|p2a: Garchomp|0 fnt\n|-heal|p1a: Volcarona|22\/100|[from] drain|[of] p2a: Garchomp\n|faint|p2a: Garchomp\n|\n|upkeep\n|inactive|ldailey19 has 120 seconds left.\n|\n|t:|1628154419\n|switch|p2a: Tyranitar|Tyranitar, M, shiny|100\/100\n|-damage|p2a: Tyranitar|88\/100|[from] Spikes\n|-weather|Sandstorm|[from] ability: Sand Stream|[of] p2a: Tyranitar\n|turn|14\n|inactive|ldailey19 has 120 seconds left.\n|inactive|yuthermother has 120 seconds left.\n|\n|t:|1628154444\n|move|p1a: Volcarona|Giga Drain|p2a: Tyranitar\n|-supereffective|p2a: Tyranitar\n|-damage|p2a: Tyranitar|40\/100\n|-heal|p1a: Volcarona|54\/100|[from] drain|[of] p2a: Tyranitar\n|-enditem|p2a: Tyranitar|Weakness Policy\n|-boost|p2a: Tyranitar|atk|2|[from] item: Weakness Policy\n|-boost|p2a: Tyranitar|spa|2|[from] item: Weakness Policy\n|move|p2a: Tyranitar|Crunch|p1a: Volcarona\n|-damage|p1a: Volcarona|0 fnt\n|faint|p1a: Volcarona\n|\n|-weather|Sandstorm|[upkeep]\n|upkeep\n|\n|t:|1628154469\n|switch|p1a: Landorus|Landorus-Therian, M|100\/100\n|-damage|p1a: Landorus|88\/100|[from] Stealth Rock\n|-ability|p1a: Landorus|Intimidate|boost\n|-unboost|p2a: Tyranitar|atk|1\n|turn|15\n|inactive|ldailey19 has 120 seconds left.\n|\n|t:|1628154488\n|move|p1a: Landorus|Earthquake|p2a: Tyranitar\n|-supereffective|p2a: Tyranitar\n|-damage|p2a: Tyranitar|0 fnt\n|faint|p2a: Tyranitar\n|\n|-weather|Sandstorm|[upkeep]\n|-heal|p1a: Landorus|94\/100|[from] item: Leftovers\n|upkeep\n|\n|t:|1628154494\n|switch|p2a: Mew|Mew, shiny|94\/100\n|-damage|p2a: Mew|82\/100|[from] Spikes\n|turn|16\n|\n|t:|1628154507\n|move|p2a: Mew|Nasty Plot|p2a: Mew\n|-boost|p2a: Mew|spa|2\n|move|p1a: Landorus|Substitute|p1a: Landorus\n|-start|p1a: Landorus|Substitute\n|-damage|p1a: Landorus|69\/100\n|\n|-weather|Sandstorm|[upkeep]\n|-damage|p2a: Mew|76\/100|[from] Sandstorm\n|-heal|p2a: Mew|82\/100|[from] item: Leftovers\n|-heal|p1a: Landorus|75\/100|[from] item: Leftovers\n|upkeep\n|turn|17\n|\n|t:|1628154524\n|move|p2a: Mew|Psychic|p1a: Landorus\n|-end|p1a: Landorus|Substitute\n|move|p1a: Landorus|Earthquake|p2a: Mew\n|-damage|p2a: Mew|25\/100\n|\n|-weather|Sandstorm|[upkeep]\n|-damage|p2a: Mew|18\/100|[from] Sandstorm\n|-heal|p2a: Mew|25\/100|[from] item: Leftovers\n|-heal|p1a: Landorus|81\/100|[from] item: Leftovers\n|upkeep\n|turn|18\n|\n|t:|1628154539\n|move|p2a: Mew|Psychic|p1a: Landorus\n|-damage|p1a: Landorus|0 fnt\n|faint|p1a: Landorus\n|\n|-weather|none\n|-heal|p2a: Mew|31\/100|[from] item: Leftovers\n|upkeep\n|\n|t:|1628154551\n|switch|p1a: Dragapult|Dragapult, F|31\/100\n|turn|19\n|inactive|ldailey19 has 120 seconds left.\n|\n|t:|1628154562\n|switch|p2a: Magnezone|Magnezone, shiny|100\/100\n|-damage|p2a: Magnezone|88\/100|[from] Spikes\n|move|p1a: Dragapult|Hex|p2a: Magnezone\n|-damage|p2a: Magnezone|66\/100\n|\n|upkeep\n|turn|20\n|inactive|ldailey19 has 120 seconds left.\n|\n|t:|1628154576\n|move|p1a: Dragapult|U-turn|p2a: Magnezone\n|-resisted|p2a: Magnezone\n|-damage|p2a: Magnezone|59\/100\n|\n|t:|1628154581\n|switch|p1a: Ferrothorn|Ferrothorn, M|100\/100 slp|[from]move: U-turn\n|-damage|p1a: Ferrothorn|94\/100 slp|[from] Stealth Rock\n|move|p2a: Magnezone|Thunderbolt|p1a: Ferrothorn\n|-resisted|p1a: Ferrothorn\n|-damage|p1a: Ferrothorn|75\/100 slp\n|\n|-heal|p1a: Ferrothorn|81\/100 slp|[from] item: Leftovers\n|upkeep\n|turn|21\n|inactive|yuthermother has 90 seconds left.\n|\n|t:|1628154607\n|move|p2a: Magnezone|Volt Switch|p1a: Ferrothorn\n|-resisted|p1a: Ferrothorn\n|-damage|p1a: Ferrothorn|68\/100 slp\n|\n|t:|1628154612\n|switch|p2a: Mew|Mew, shiny|31\/100|[from]move: Volt Switch\n|-damage|p2a: Mew|18\/100|[from] Spikes\n|cant|p1a: Ferrothorn|slp\n|\n|-heal|p2a: Mew|25\/100|[from] item: Leftovers\n|-heal|p1a: Ferrothorn|74\/100 slp|[from] item: Leftovers\n|upkeep\n|turn|22\n|\n|t:|1628154621\n|move|p2a: Mew|Soft-Boiled|p2a: Mew\n|-heal|p2a: Mew|75\/100\n|-curestatus|p1a: Ferrothorn|slp|[msg]\n|move|p1a: Ferrothorn|Knock Off|p2a: Mew\n|-supereffective|p2a: Mew\n|-damage|p2a: Mew|31\/100\n|-enditem|p2a: Mew|Leftovers|[from] move: Knock Off|[of] p1a: Ferrothorn\n|\n|-heal|p1a: Ferrothorn|80\/100|[from] item: Leftovers\n|upkeep\n|turn|23\n|inactive|yuthermother has 90 seconds left.\n|\n|t:|1628154651\n|move|p2a: Mew|Soft-Boiled|p2a: Mew\n|-heal|p2a: Mew|81\/100\n|move|p1a: Ferrothorn|Leech Seed|p2a: Mew\n|-start|p2a: Mew|move: Leech Seed\n|\n|-heal|p1a: Ferrothorn|86\/100|[from] item: Leftovers\n|-damage|p2a: Mew|69\/100|[from] Leech Seed|[of] p1a: Ferrothorn\n|-heal|p1a: Ferrothorn|98\/100|[silent]\n|upkeep\n|turn|24\n|inactive|yuthermother has 60 seconds left.\n|\n|t:|1628154684\n|move|p2a: Mew|Psychic|p1a: Ferrothorn\n|-resisted|p1a: Ferrothorn\n|-damage|p1a: Ferrothorn|85\/100\n|move|p1a: Ferrothorn|Knock Off|p2a: Mew\n|-supereffective|p2a: Mew\n|-damage|p2a: Mew|39\/100\n|\n|-heal|p1a: Ferrothorn|92\/100|[from] item: Leftovers\n|-damage|p2a: Mew|27\/100|[from] Leech Seed|[of] p1a: Ferrothorn\n|-heal|p1a: Ferrothorn|100\/100|[silent]\n|upkeep\n|turn|25\n|\n|t:|1628154694\n|move|p2a: Mew|Soft-Boiled|p2a: Mew\n|-heal|p2a: Mew|77\/100\n|move|p1a: Ferrothorn|Knock Off|p2a: Mew\n|-supereffective|p2a: Mew\n|-damage|p2a: Mew|49\/100\n|\n|-damage|p2a: Mew|37\/100|[from] Leech Seed|[of] p1a: Ferrothorn\n|upkeep\n|turn|26\n|\n|t:|1628154702\n|move|p2a: Mew|Soft-Boiled|p2a: Mew\n|-heal|p2a: Mew|87\/100\n|move|p1a: Ferrothorn|Knock Off|p2a: Mew\n|-supereffective|p2a: Mew\n|-damage|p2a: Mew|60\/100\n|\n|-damage|p2a: Mew|48\/100|[from] Leech Seed|[of] p1a: Ferrothorn\n|upkeep\n|turn|27\n|\n|t:|1628154724\n|move|p2a: Mew|Soft-Boiled|p2a: Mew\n|-heal|p2a: Mew|98\/100\n|move|p1a: Ferrothorn|Knock Off|p2a: Mew\n|-supereffective|p2a: Mew\n|-damage|p2a: Mew|71\/100\n|\n|-damage|p2a: Mew|59\/100|[from] Leech Seed|[of] p1a: Ferrothorn\n|upkeep\n|turn|28\n|\n|t:|1628154738\n|move|p2a: Mew|Nasty Plot|p2a: Mew\n|-boost|p2a: Mew|spa|2\n|move|p1a: Ferrothorn|Knock Off|p2a: Mew\n|-supereffective|p2a: Mew\n|-damage|p2a: Mew|30\/100\n|\n|-damage|p2a: Mew|18\/100|[from] Leech Seed|[of] p1a: Ferrothorn\n|upkeep\n|turn|29\n|\n|t:|1628154746\n|move|p2a: Mew|Soft-Boiled|p2a: Mew\n|-heal|p2a: Mew|68\/100\n|move|p1a: Ferrothorn|Knock Off|p2a: Mew\n|-supereffective|p2a: Mew\n|-damage|p2a: Mew|39\/100\n|\n|-damage|p2a: Mew|26\/100|[from] Leech Seed|[of] p1a: Ferrothorn\n|upkeep\n|turn|30\n|inactive|yuthermother has 90 seconds left.\n|\n|t:|1628154761\n|move|p2a: Mew|Soft-Boiled|p2a: Mew\n|-heal|p2a: Mew|76\/100\n|move|p1a: Ferrothorn|Knock Off|p2a: Mew\n|-supereffective|p2a: Mew\n|-damage|p2a: Mew|49\/100\n|\n|-damage|p2a: Mew|37\/100|[from] Leech Seed|[of] p1a: Ferrothorn\n|upkeep\n|turn|31\n|\n|t:|1628154773\n|move|p2a: Mew|Soft-Boiled|p2a: Mew\n|-heal|p2a: Mew|87\/100\n|move|p1a: Ferrothorn|Knock Off|p2a: Mew\n|-supereffective|p2a: Mew\n|-damage|p2a: Mew|60\/100\n|\n|-damage|p2a: Mew|48\/100|[from] Leech Seed|[of] p1a: Ferrothorn\n|upkeep\n|turn|32\n|\n|t:|1628154787\n|switch|p1a: Dragapult|Dragapult, F|31\/100\n|move|p2a: Mew|Aura Sphere|p1a: Dragapult\n|-immune|p1a: Dragapult\n|\n|-damage|p2a: Mew|36\/100|[from] Leech Seed|[of] p1a: Dragapult\n|-heal|p1a: Dragapult|44\/100|[silent]\n|upkeep\n|turn|33\n|inactive|ldailey19 has 120 seconds left.\n|\n|t:|1628154821\n|switch|p2a: Magnezone|Magnezone, shiny|59\/100\n|-damage|p2a: Magnezone|46\/100|[from] Spikes\n|move|p1a: Dragapult|Draco Meteor|p2a: Magnezone\n|-resisted|p2a: Magnezone\n|-damage|p2a: Magnezone|25\/100\n|-unboost|p1a: Dragapult|spa|2\n|\n|upkeep\n|turn|34\n|inactive|yuthermother has 90 seconds left.\n|inactive|ldailey19 has 120 seconds left.\n|\n|t:|1628154834\n|switch|p1a: Ferrothorn|Ferrothorn, M|100\/100\n|-damage|p1a: Ferrothorn|94\/100|[from] Stealth Rock\n|move|p2a: Magnezone|Flash Cannon|p1a: Ferrothorn\n|-resisted|p1a: Ferrothorn\n|-damage|p1a: Ferrothorn|76\/100\n|\n|-heal|p1a: Ferrothorn|83\/100|[from] item: Leftovers\n|upkeep\n|turn|35\n|inactive|yuthermother has 90 seconds left.\n|inactive|ldailey19 has 120 seconds left.\n|\n|t:|1628154846\n|move|p2a: Magnezone|Flash Cannon|p1a: Ferrothorn\n|-resisted|p1a: Ferrothorn\n|-damage|p1a: Ferrothorn|69\/100\n|-unboost|p1a: Ferrothorn|spd|1\n|move|p1a: Ferrothorn|Body Press|p2a: Magnezone\n|-supereffective|p2a: Magnezone\n|-damage|p2a: Magnezone|0 fnt\n|faint|p2a: Magnezone\n|\n|-heal|p1a: Ferrothorn|75\/100|[from] item: Leftovers\n|upkeep\n|inactive|ldailey19 has 120 seconds left.\n|\n|t:|1628154855\n|switch|p2a: Mew|Mew, shiny|36\/100\n|-damage|p2a: Mew|23\/100|[from] Spikes\n|turn|36\n|\n|t:|1628154865\n|move|p2a: Mew|Soft-Boiled|p2a: Mew\n|-heal|p2a: Mew|74\/100\n|move|p1a: Ferrothorn|Leech Seed|p2a: Mew\n|-start|p2a: Mew|move: Leech Seed\n|\n|-heal|p1a: Ferrothorn|81\/100|[from] item: Leftovers\n|-damage|p2a: Mew|61\/100|[from] Leech Seed|[of] p1a: Ferrothorn\n|-heal|p1a: Ferrothorn|93\/100|[silent]\n|upkeep\n|turn|37\n|inactive|yuthermother has 90 seconds left.\n|\n|t:|1628154885\n|switch|p1a: Dragapult|Dragapult, F|44\/100\n|move|p2a: Mew|Psychic|p1a: Dragapult\n|-damage|p1a: Dragapult|0 fnt\n|faint|p1a: Dragapult\n|\n|upkeep\n|inactive|yuthermother has 90 seconds left.\n|\n|t:|1628154896\n|switch|p1a: Ferrothorn|Ferrothorn, M|93\/100\n|-damage|p1a: Ferrothorn|87\/100|[from] Stealth Rock\n|turn|38\n|inactive|yuthermother has 90 seconds left.\n|\n|t:|1628154904\n|move|p2a: Mew|Nasty Plot|p2a: Mew\n|-boost|p2a: Mew|spa|2\n|move|p1a: Ferrothorn|Knock Off|p2a: Mew\n|-supereffective|p2a: Mew\n|-damage|p2a: Mew|32\/100\n|\n|-heal|p1a: Ferrothorn|93\/100|[from] item: Leftovers\n|-damage|p2a: Mew|20\/100|[from] Leech Seed|[of] p1a: Ferrothorn\n|-heal|p1a: Ferrothorn|100\/100|[silent]\n|upkeep\n|turn|39\n|\n|t:|1628154914\n|move|p2a: Mew|Soft-Boiled|p2a: Mew\n|-heal|p2a: Mew|70\/100\n|move|p1a: Ferrothorn|Knock Off|p2a: Mew\n|-supereffective|p2a: Mew\n|-damage|p2a: Mew|42\/100\n|\n|-damage|p2a: Mew|30\/100|[from] Leech Seed|[of] p1a: Ferrothorn\n|upkeep\n|turn|40\n|\n|t:|1628154923\n|move|p2a: Mew|Soft-Boiled|p2a: Mew\n|-heal|p2a: Mew|80\/100\n|move|p1a: Ferrothorn|Knock Off|p2a: Mew\n|-supereffective|p2a: Mew\n|-damage|p2a: Mew|51\/100\n|\n|-damage|p2a: Mew|38\/100|[from] Leech Seed|[of] p1a: Ferrothorn\n|upkeep\n|turn|41\n|\n|t:|1628154932\n|move|p2a: Mew|Aura Sphere|p1a: Ferrothorn\n|-supereffective|p1a: Ferrothorn\n|-damage|p1a: Ferrothorn|46\/100\n|move|p1a: Ferrothorn|Knock Off|p2a: Mew\n|-supereffective|p2a: Mew\n|-damage|p2a: Mew|10\/100\n|\n|-heal|p1a: Ferrothorn|52\/100|[from] item: Leftovers\n|-damage|p2a: Mew|0 fnt|[from] Leech Seed|[of] p1a: Ferrothorn\n|-heal|p1a: Ferrothorn|61\/100|[silent]\n|faint|p2a: Mew\n|\n|win|yuthermother\n|upkeep\n|raw|yuthermother's rating: 1066 &rarr; <strong>1095<\/strong><br \/>(+29 for winning)\n|raw|ldailey19's rating: 1049 &rarr; <strong>1032<\/strong><br \/>(-17 for losing)\n|c|\u2606yuthermother|gg\n","uploadtime":1628154963,"views":12,"p1id":"yuthermother","p2id":"ldailey19","formatid":"gen8ou","rating":1032,"private":0,"password":null}