{"id":"gen8uu-1678612447","p1":"LilOu","p2":"Capital Cruiser","format":"gen8uu","log":"|j|\u2606LilOu\n|j|\u203dCapital Cruiser\n|t:|1665006254\n|gametype|singles\n|player|p1|LilOu|lucas-gen4pt|1392\n|player|p2|Capital Cruiser|cheren-gen5bw2|1392\n|teamsize|p1|6\n|teamsize|p2|6\n|gen|8\n|tier|[Gen 8] UU\n|rated|\n|rule|Sleep Clause Mod: Limit one foe put to sleep\n|rule|Species Clause: Limit one of each Pok\u00e9mon\n|rule|OHKO Clause: OHKO moves are banned\n|rule|Evasion Items Clause: Evasion items are banned\n|rule|Evasion Moves Clause: Evasion moves are banned\n|rule|Endless Battle Clause: Forcing endless battles is banned\n|rule|HP Percentage Mod: HP is shown in percentages\n|rule|Dynamax Clause: You cannot dynamax\n|clearpoke\n|poke|p1|Scizor, M|\n|poke|p1|Hydreigon, F|\n|poke|p1|Jellicent, F|\n|poke|p1|Hippowdon, F|\n|poke|p1|Sylveon, F|\n|poke|p1|Articuno|\n|poke|p2|Blastoise, F|\n|poke|p2|Raikou|\n|poke|p2|Celesteela|\n|poke|p2|Swampert, F|\n|poke|p2|Salamence, F|\n|poke|p2|Darmanitan, M|\n|teampreview\n|inactive|Battle timer is ON: inactive players will automatically lose when time's up. (requested by Capital Cruiser)\n|j| lokking87\n|\n|t:|1665006272\n|start\n|switch|p1a: gold n white|Hydreigon, F|100\/100\n|switch|p2a: Celesteela|Celesteela, shiny|100\/100\n|turn|1\n|\n|t:|1665006278\n|move|p1a: gold n white|Nasty Plot|p1a: gold n white\n|-boost|p1a: gold n white|spa|2\n|move|p2a: Celesteela|Heavy Slam|p1a: gold n white\n|-damage|p1a: gold n white|53\/100\n|\n|-heal|p1a: gold n white|59\/100|[from] item: Leftovers\n|upkeep\n|turn|2\n|\n|t:|1665006287\n|switch|p2a: Swampert|Swampert, F, shiny|100\/100\n|move|p1a: gold n white|Dark Pulse|p2a: Swampert\n|-damage|p2a: Swampert|54\/100\n|\n|-heal|p1a: gold n white|65\/100|[from] item: Leftovers\n|-heal|p2a: Swampert|61\/100|[from] item: Leftovers\n|upkeep\n|turn|3\n|\n|t:|1665006299\n|move|p1a: gold n white|Nasty Plot|p1a: gold n white\n|-boost|p1a: gold n white|spa|2\n|move|p2a: Swampert|Ice Beam|p1a: gold n white\n|-supereffective|p1a: gold n white\n|-damage|p1a: gold n white|38\/100\n|\n|-heal|p1a: gold n white|44\/100|[from] item: Leftovers\n|-heal|p2a: Swampert|67\/100|[from] item: Leftovers\n|upkeep\n|turn|4\n|\n|t:|1665006308\n|move|p1a: gold n white|Roost|p1a: gold n white\n|-heal|p1a: gold n white|94\/100\n|-singleturn|p1a: gold n white|move: Roost\n|move|p2a: Swampert|Stealth Rock|p1a: gold n white\n|-sidestart|p1: LilOu|move: Stealth Rock\n|\n|-heal|p1a: gold n white|99\/100|[from] item: Leftovers\n|-heal|p2a: Swampert|73\/100|[from] item: Leftovers\n|upkeep\n|turn|5\n|\n|t:|1665006315\n|move|p1a: gold n white|Dark Pulse|p2a: Swampert\n|-damage|p2a: Swampert|5\/100\n|cant|p2a: Swampert|flinch\n|\n|-heal|p1a: gold n white|100\/100|[from] item: Leftovers\n|-heal|p2a: Swampert|11\/100|[from] item: Leftovers\n|upkeep\n|turn|6\n|-message|Capital Cruiser forfeited.\n|\n|win|LilOu\n|raw|LilOu's rating: 1392 &rarr; <strong>1412<\/strong><br \/>(+20 for winning)\n|raw|Capital Cruiser's rating: 1392 &rarr; <strong>1372<\/strong><br \/>(-20 for losing)\n|l|\u203dCapital Cruiser\n|j| Liz Angeles\n|l| lokking87\n||Ladder isn't responding, score probably updated but might not have (Request timeout).\n","uploadtime":1665006332,"views":8,"p1id":"lilou","p2id":"capitalcruiser","formatid":"gen8uu","rating":1372,"private":0,"password":null}