{"id":"gen8ou-1676342090","p1":"ldailey19","p2":"Agent00Beef","format":"gen8ou","log":"|j|\u2606ldailey19\n|j|\u203dAgent00Beef\n|t:|1664781879\n|gametype|singles\n|player|p1|ldailey19|lance|1494\n|player|p2|Agent00Beef|1|1539\n|teamsize|p1|6\n|teamsize|p2|6\n|gen|8\n|tier|[Gen 8] OU\n|rated|\n|rule|Sleep Clause Mod: Limit one foe put to sleep\n|rule|Species Clause: Limit one of each Pok\u00e9mon\n|rule|OHKO Clause: OHKO moves are banned\n|rule|Evasion Items Clause: Evasion items are banned\n|rule|Evasion Moves Clause: Evasion moves are banned\n|rule|Endless Battle Clause: Forcing endless battles is banned\n|rule|HP Percentage Mod: HP is shown in percentages\n|rule|Dynamax Clause: You cannot dynamax\n|clearpoke\n|poke|p1|Magnezone|\n|poke|p1|Weavile, M|\n|poke|p1|Urshifu-*, F|\n|poke|p1|Heatran, M|\n|poke|p1|Landorus-Therian, M|\n|poke|p1|Dragapult, M|\n|poke|p2|Mew|\n|poke|p2|Weavile, M|\n|poke|p2|Celesteela|\n|poke|p2|Crawdaunt, F|\n|poke|p2|Garchomp, M|\n|poke|p2|Blacephalon|\n|teampreview\n|inactive|Battle timer is ON: inactive players will automatically lose when time's up. (requested by ldailey19)\n|\n|t:|1664781904\n|start\n|switch|p1a: Dragapult|Dragapult, M, shiny|100\/100\n|switch|p2a: Mew|Mew, shiny|100\/100\n|turn|1\n|\n|t:|1664781911\n|switch|p2a: Weavile|Weavile, M, shiny|100\/100\n|-ability|p2a: Weavile|Pressure\n|move|p1a: Dragapult|U-turn|p2a: Weavile\n|-supereffective|p2a: Weavile\n|-damage|p2a: Weavile|21\/100\n|\n|t:|1664781923\n|switch|p1a: Urshifu|Urshifu-Rapid-Strike, F|100\/100|[from]move: U-turn\n|\n|upkeep\n|turn|2\n|\n|t:|1664781929\n|switch|p2a: Mew|Mew, shiny|100\/100\n|move|p1a: Urshifu|Aqua Jet|p2a: Mew\n|-damage|p2a: Mew|82\/100\n|\n|upkeep\n|turn|3\n|\n|t:|1664781936\n|switch|p1a: Weavile|Weavile, M|100\/100\n|-ability|p1a: Weavile|Pressure\n|move|p2a: Mew|Stealth Rock|p1a: Weavile\n|-sidestart|p1: ldailey19|move: Stealth Rock\n|\n|upkeep\n|turn|4\n|\n|t:|1664781942\n|move|p1a: Weavile|Knock Off|p2a: Mew\n|-supereffective|p2a: Mew\n|-enditem|p2a: Mew|Colbur Berry|[eat]\n|-enditem|p2a: Mew|Colbur Berry|[weaken]\n|-damage|p2a: Mew|17\/100\n|move|p2a: Mew|Thunder Wave|p1a: Weavile\n|-status|p1a: Weavile|par\n|\n|upkeep\n|turn|5\n|\n|t:|1664781952\n|move|p2a: Mew|Spikes|p1a: Weavile\n|-sidestart|p1: ldailey19|Spikes\n|move|p1a: Weavile|Knock Off|p2a: Mew\n|-supereffective|p2a: Mew\n|-damage|p2a: Mew|0 fnt\n|faint|p2a: Mew\n|\n|upkeep\n|\n|t:|1664781977\n|switch|p2a: Crawdaunt|Crawdaunt, F, shiny|100\/100\n|turn|6\n|inactive|Agent00Beef has 120 seconds left.\n|\n|t:|1664781999\n|move|p2a: Crawdaunt|Crabhammer|p1a: Weavile\n|-crit|p1a: Weavile\n|-damage|p1a: Weavile|0 fnt\n|faint|p1a: Weavile\n|-damage|p2a: Crawdaunt|91\/100|[from] item: Life Orb\n|\n|upkeep\n|\n|t:|1664782010\n|switch|p1a: Landorus|Landorus-Therian, M|100\/100\n|-damage|p1a: Landorus|88\/100|[from] Stealth Rock\n|-ability|p1a: Landorus|Intimidate|boost\n|-unboost|p2a: Crawdaunt|atk|1\n|turn|7\n|inactive|Agent00Beef has 120 seconds left.\n|\n|t:|1664782036\n|move|p1a: Landorus|Defog|p2a: Crawdaunt\n|-unboost|p2a: Crawdaunt|evasion|1\n|-sideend|p1: ldailey19|Spikes|[from] move: Defog|[of] p1a: Landorus\n|-sideend|p1: ldailey19|Stealth Rock|[from] move: Defog|[of] p1a: Landorus\n|move|p2a: Crawdaunt|Crabhammer|p1a: Landorus\n|-supereffective|p1a: Landorus\n|-damage|p1a: Landorus|0 fnt\n|-damage|p2a: Crawdaunt|74\/100|[from] item: Rocky Helmet|[of] p1a: Landorus\n|faint|p1a: Landorus\n|-damage|p2a: Crawdaunt|65\/100|[from] item: Life Orb\n|\n|upkeep\n|\n|t:|1664782057\n|switch|p1a: Urshifu|Urshifu-Rapid-Strike, F|100\/100\n|turn|8\n|\n|t:|1664782072\n|switch|p2a: Garchomp|Garchomp, M, shiny|100\/100\n|move|p1a: Urshifu|Thunder Punch|p2a: Garchomp\n|-immune|p2a: Garchomp\n|\n|upkeep\n|turn|9\n|\n|t:|1664782086\n|move|p2a: Garchomp|Earthquake|p1a: Urshifu\n|-damage|p1a: Urshifu|51\/100\n|move|p1a: Urshifu|Close Combat|p2a: Garchomp\n|-damage|p2a: Garchomp|42\/100\n|-unboost|p1a: Urshifu|def|1\n|-unboost|p1a: Urshifu|spd|1\n|-damage|p1a: Urshifu|39\/100|[from] ability: Rough Skin|[of] p2a: Garchomp\n|\n|upkeep\n|turn|10\n|inactive|Agent00Beef has 120 seconds left.\n|\n|t:|1664782095\n|switch|p1a: Heatran|Heatran, M, shiny|100\/100\n|-item|p1a: Heatran|Air Balloon\n|move|p2a: Garchomp|Scale Shot|p1a: Heatran\n|-resisted|p1a: Heatran\n|-damage|p1a: Heatran|95\/100\n|-enditem|p1a: Heatran|Air Balloon\n|-resisted|p1a: Heatran\n|-damage|p1a: Heatran|90\/100\n|-resisted|p1a: Heatran\n|-damage|p1a: Heatran|84\/100\n|-hitcount|p1a: Heatran|3\n|-unboost|p2a: Garchomp|def|1\n|-boost|p2a: Garchomp|spe|1\n|\n|upkeep\n|turn|11\n|inactive|Agent00Beef has 120 seconds left.\n|\n|t:|1664782113\n|switch|p1a: Magnezone|Magnezone, shiny|100\/100\n|move|p2a: Garchomp|Earthquake|p1a: Magnezone\n|-supereffective|p1a: Magnezone\n|-damage|p1a: Magnezone|0 fnt\n|faint|p1a: Magnezone\n|\n|upkeep\n|\n|t:|1664782125\n|switch|p1a: Urshifu|Urshifu-Rapid-Strike, F|39\/100\n|turn|12\n|inactive|Agent00Beef has 120 seconds left.\n|\n|t:|1664782144\n|switch|p2a: Celesteela|Celesteela, shiny|100\/100\n|move|p1a: Urshifu|Aqua Jet|p2a: Celesteela\n|-damage|p2a: Celesteela|80\/100\n|\n|upkeep\n|turn|13\n|\n|t:|1664782155\n|move|p1a: Urshifu|Close Combat|p2a: Celesteela\n|-damage|p2a: Celesteela|22\/100\n|-unboost|p1a: Urshifu|def|1\n|-unboost|p1a: Urshifu|spd|1\n|move|p2a: Celesteela|Meteor Beam||[still]\n|-prepare|p2a: Celesteela|Meteor Beam\n|-boost|p2a: Celesteela|spa|1\n|-enditem|p2a: Celesteela|Power Herb\n|-anim|p2a: Celesteela|Meteor Beam|p1a: Urshifu\n|-resisted|p1a: Urshifu\n|-damage|p1a: Urshifu|0 fnt\n|faint|p1a: Urshifu\n|-ability|p2a: Celesteela|Beast Boost|boost\n|-boost|p2a: Celesteela|spa|1\n|\n|upkeep\n|\n|t:|1664782169\n|switch|p1a: Dragapult|Dragapult, M, shiny|100\/100\n|turn|14\n|\n|t:|1664782175\n|move|p1a: Dragapult|Flamethrower|p2a: Celesteela\n|-supereffective|p2a: Celesteela\n|-damage|p2a: Celesteela|0 fnt\n|faint|p2a: Celesteela\n|\n|upkeep\n|\n|t:|1664782181\n|switch|p2a: Blacephalon|Blacephalon, shiny|100\/100\n|turn|15\n|\n|t:|1664782191\n|switch|p1a: Heatran|Heatran, M, shiny|84\/100\n|move|p2a: Blacephalon|Shadow Ball|p1a: Heatran\n|-damage|p1a: Heatran|46\/100\n|\n|upkeep\n|turn|16\n|\n|t:|1664782200\n|switch|p2a: Garchomp|Garchomp, M, shiny|42\/100\n|move|p1a: Heatran|Earth Power|p2a: Garchomp\n|-damage|p2a: Garchomp|13\/100\n|\n|upkeep\n|turn|17\n|\n|t:|1664782210\n|move|p2a: Garchomp|Earthquake|p1a: Heatran\n|-supereffective|p1a: Heatran\n|-damage|p1a: Heatran|0 fnt\n|faint|p1a: Heatran\n|\n|upkeep\n|\n|t:|1664782212\n|switch|p1a: Dragapult|Dragapult, M, shiny|100\/100\n|turn|18\n|\n|t:|1664782219\n|move|p1a: Dragapult|Dragon Darts|p2a: Garchomp\n|-supereffective|p2a: Garchomp\n|-damage|p2a: Garchomp|0 fnt\n|faint|p2a: Garchomp\n|\n|upkeep\n|\n|t:|1664782225\n|switch|p2a: Blacephalon|Blacephalon, shiny|100\/100\n|turn|19\n|\n|t:|1664782230\n|move|p2a: Blacephalon|Shadow Ball|p1a: Dragapult\n|-supereffective|p1a: Dragapult\n|-enditem|p1a: Dragapult|Focus Sash\n|-damage|p1a: Dragapult|1\/100\n|-unboost|p1a: Dragapult|spd|1\n|move|p1a: Dragapult|Dragon Darts|p2a: Blacephalon\n|-damage|p2a: Blacephalon|45\/100\n|-anim|p1a: Dragapult|Dragon Darts|p2a: Blacephalon\n|-damage|p2a: Blacephalon|0 fnt\n|faint|p2a: Blacephalon\n|\n|upkeep\n|\n|t:|1664782241\n|switch|p2a: Crawdaunt|Crawdaunt, F, shiny|65\/100\n|turn|20\n|\n|t:|1664782244\n|move|p2a: Crawdaunt|Aqua Jet|p1a: Dragapult\n|-resisted|p1a: Dragapult\n|-damage|p1a: Dragapult|0 fnt\n|faint|p1a: Dragapult\n|-damage|p2a: Crawdaunt|55\/100|[from] item: Life Orb\n|\n|win|Agent00Beef\n|raw|ldailey19's rating: 1494 &rarr; <strong>1477<\/strong><br \/>(-17 for losing)\n|raw|Agent00Beef's rating: 1539 &rarr; <strong>1556<\/strong><br \/>(+17 for winning)\n|l|\u2606ldailey19\n","uploadtime":1664782251,"views":10,"p1id":"ldailey19","p2id":"agent00beef","formatid":"gen8ou","rating":1477,"private":0,"password":null}