{"id":"gen8ou-1661449186","p1":"minimax_ai","p2":"iopkj09","format":"gen8ou","log":"|j|\u2606minimax_ai\n|j|\u2606iopkj09\n|t:|1662884567\n|gametype|singles\n|player|p1|minimax_ai|lusamine-nihilego|1466\n|player|p2|iopkj09|nate|1452\n|teamsize|p1|6\n|teamsize|p2|6\n|gen|8\n|tier|[Gen 8] OU\n|rated|\n|rule|Sleep Clause Mod: Limit one foe put to sleep\n|rule|Species Clause: Limit one of each Pok\u00e9mon\n|rule|OHKO Clause: OHKO moves are banned\n|rule|Evasion Items Clause: Evasion items are banned\n|rule|Evasion Moves Clause: Evasion moves are banned\n|rule|Endless Battle Clause: Forcing endless battles is banned\n|rule|HP Percentage Mod: HP is shown in percentages\n|rule|Dynamax Clause: You cannot dynamax\n|clearpoke\n|poke|p1|Rotom-Wash|\n|poke|p1|Weavile, F|\n|poke|p1|Landorus-Therian, M|\n|poke|p1|Heatran, M|\n|poke|p1|Tangrowth, F|\n|poke|p1|Melmetal|\n|poke|p2|Garchomp, M|\n|poke|p2|Mamoswine, M|\n|poke|p2|Zapdos|\n|poke|p2|Rillaboom, M|\n|poke|p2|Tapu Lele|\n|poke|p2|Rotom-Wash|\n|teampreview\n|inactive|Battle timer is ON: inactive players will automatically lose when time's up. (requested by iopkj09)\n|c|\u2606minimax_ai|hf\n|inactive|minimax_ai also wants the timer to be on.\n|\n|t:|1662884576\n|start\n|switch|p1a: landorustherian|Landorus-Therian, M|100\/100\n|switch|p2a: Rotom|Rotom-Wash, shiny|100\/100\n|-ability|p1a: landorustherian|Intimidate|boost\n|-unboost|p2a: Rotom|atk|1\n|turn|1\n|\n|t:|1662884579\n|move|p1a: landorustherian|U-turn|p2a: Rotom\n|-damage|p2a: Rotom|80\/100\n|\n|t:|1662884579\n|switch|p1a: Tangrowth|Tangrowth, F|100\/100|[from]move: U-turn\n|move|p2a: Rotom|Toxic|p1a: Tangrowth\n|-status|p1a: Tangrowth|tox\n|\n|-heal|p2a: Rotom|86\/100|[from] item: Leftovers\n|-damage|p1a: Tangrowth|94\/100 tox|[from] psn\n|upkeep\n|turn|2\n|\n|t:|1662884585\n|move|p2a: Rotom|Volt Switch|p1a: Tangrowth\n|-resisted|p1a: Tangrowth\n|-damage|p1a: Tangrowth|77\/100 tox\n|\n|t:|1662884588\n|switch|p2a: Rillaboom|Rillaboom, M|100\/100|[from]move: Volt Switch\n|-fieldstart|move: Grassy Terrain|[from] ability: Grassy Surge|[of] p2a: Rillaboom\n|move|p1a: Tangrowth|Giga Drain|p2a: Rillaboom\n|-resisted|p2a: Rillaboom\n|-damage|p2a: Rillaboom|76\/100\n|-heal|p1a: Tangrowth|88\/100 tox|[from] drain|[of] p2a: Rillaboom\n|\n|-heal|p2a: Rillaboom|82\/100|[from] Grassy Terrain\n|-heal|p1a: Tangrowth|94\/100 tox|[from] Grassy Terrain\n|-damage|p1a: Tangrowth|82\/100 tox|[from] psn\n|upkeep\n|turn|3\n|\n|t:|1662884592\n|switch|p1a: landorustherian|Landorus-Therian, M|100\/100\n|-ability|p1a: landorustherian|Intimidate|boost\n|-unboost|p2a: Rillaboom|atk|1\n|move|p2a: Rillaboom|Swords Dance|p2a: Rillaboom\n|-boost|p2a: Rillaboom|atk|2\n|\n|-heal|p2a: Rillaboom|88\/100|[from] Grassy Terrain\n|upkeep\n|turn|4\n|\n|t:|1662884595\n|move|p2a: Rillaboom|Grassy Glide|p1a: landorustherian\n|-damage|p1a: landorustherian|0 fnt\n|faint|p1a: landorustherian\n|-damage|p2a: Rillaboom|78\/100|[from] item: Life Orb\n|\n|-heal|p2a: Rillaboom|84\/100|[from] Grassy Terrain\n|upkeep\n|\n|t:|1662884595\n|switch|p1a: Heatran|Heatran, M|100\/100\n|-item|p1a: Heatran|Air Balloon\n|turn|5\n|\n|t:|1662884599\n|move|p2a: Rillaboom|Grassy Glide|p1a: Heatran\n|-resisted|p1a: Heatran\n|-damage|p1a: Heatran|76\/100\n|-enditem|p1a: Heatran|Air Balloon\n|-damage|p2a: Rillaboom|74\/100|[from] item: Life Orb\n|move|p1a: Heatran|Eruption|p2a: Rillaboom\n|-supereffective|p2a: Rillaboom\n|-damage|p2a: Rillaboom|0 fnt\n|faint|p2a: Rillaboom\n|\n|-heal|p1a: Heatran|82\/100|[from] Grassy Terrain\n|upkeep\n|\n|t:|1662884606\n|switch|p2a: Zapdos|Zapdos, shiny|100\/100\n|turn|6\n|\n|t:|1662884609\n|move|p2a: Zapdos|Thunder Wave|p1a: Heatran\n|-status|p1a: Heatran|par\n|move|p1a: Heatran|Magma Storm|p2a: Zapdos\n|-damage|p2a: Zapdos|39\/100\n|-activate|p2a: Zapdos|move: Magma Storm|[of] p1a: Heatran\n|\n|-heal|p1a: Heatran|88\/100 par|[from] Grassy Terrain\n|-damage|p2a: Zapdos|27\/100|[from] move: Magma Storm|[partiallytrapped]\n|-fieldend|move: Grassy Terrain\n|upkeep\n|turn|7\n|\n|t:|1662884612\n|switch|p1a: Weavile|Weavile, F|100\/100\n|-ability|p1a: Weavile|Pressure\n|move|p2a: Zapdos|Thunderbolt|p1a: Weavile\n|-damage|p1a: Weavile|38\/100\n|-status|p1a: Weavile|par\n|\n|-end|p2a: Zapdos|Magma Storm|[partiallytrapped]|[silent]\n|upkeep\n|turn|8\n|\n|t:|1662884615\n|move|p1a: Weavile|Ice Shard|p2a: Zapdos\n|-supereffective|p2a: Zapdos\n|-damage|p2a: Zapdos|0 fnt\n|faint|p2a: Zapdos\n|\n|upkeep\n|\n|t:|1662884617\n|switch|p2a: Tapu Lele|Tapu Lele|100\/100\n|-fieldstart|move: Psychic Terrain|[from] ability: Psychic Surge|[of] p2a: Tapu Lele\n|turn|9\n|\n|t:|1662884622\n|switch|p1a: Melmetal|Melmetal|100\/100\n|move|p2a: Tapu Lele|Moonblast|p1a: Melmetal\n|-resisted|p1a: Melmetal\n|-damage|p1a: Melmetal|80\/100\n|-unboost|p1a: Melmetal|spa|1\n|\n|upkeep\n|turn|10\n|\n|t:|1662884625\n|switch|p2a: Rotom|Rotom-Wash, shiny|86\/100\n|move|p1a: Melmetal|Ice Punch|p2a: Rotom\n|-resisted|p2a: Rotom\n|-damage|p2a: Rotom|71\/100\n|\n|-heal|p2a: Rotom|77\/100|[from] item: Leftovers\n|upkeep\n|turn|11\n|\n|t:|1662884626\n|switch|p1a: rotomwash|Rotom-Wash|100\/100\n|move|p2a: Rotom|Will-O-Wisp|p1a: rotomwash\n|-status|p1a: rotomwash|brn\n|\n|-heal|p2a: Rotom|83\/100|[from] item: Leftovers\n|-damage|p1a: rotomwash|94\/100 brn|[from] brn\n|upkeep\n|turn|12\n|\n|t:|1662884630\n|move|p1a: rotomwash|Thunderbolt|p2a: Rotom\n|-damage|p2a: Rotom|54\/100\n|move|p2a: Rotom|Volt Switch|p1a: rotomwash\n|-damage|p1a: rotomwash|66\/100 brn\n|\n|t:|1662884633\n|switch|p2a: Tapu Lele|Tapu Lele|100\/100|[from]move: Volt Switch\n|\n|-heal|p1a: rotomwash|72\/100 brn|[from] item: Leftovers\n|-damage|p1a: rotomwash|66\/100 brn|[from] brn\n|upkeep\n|turn|13\n|\n|t:|1662884635\n|switch|p1a: Melmetal|Melmetal|80\/100\n|move|p2a: Tapu Lele|Psychic|p1a: Melmetal\n|-resisted|p1a: Melmetal\n|-damage|p1a: Melmetal|54\/100\n|\n|-fieldend|move: Psychic Terrain\n|upkeep\n|turn|14\n|\n|t:|1662884640\n|move|p2a: Tapu Lele|Psychic|p1a: Melmetal\n|-resisted|p1a: Melmetal\n|-damage|p1a: Melmetal|31\/100\n|move|p1a: Melmetal|Double Iron Bash|p2a: Tapu Lele\n|-supereffective|p2a: Tapu Lele\n|-damage|p2a: Tapu Lele|0 fnt\n|faint|p2a: Tapu Lele\n|-hitcount|p2: Tapu Lele|1\n|\n|upkeep\n|\n|t:|1662884643\n|switch|p2a: Mamoswine|Mamoswine, M|100\/100\n|turn|15\n|\n|t:|1662884648\n|switch|p1a: Tangrowth|Tangrowth, F|100\/100 tox\n|move|p2a: Mamoswine|Earthquake|p1a: Tangrowth\n|-resisted|p1a: Tangrowth\n|-damage|p1a: Tangrowth|86\/100 tox\n|\n|-damage|p1a: Tangrowth|80\/100 tox|[from] psn\n|upkeep\n|turn|16\n|\n|t:|1662884650\n|switch|p1a: rotomwash|Rotom-Wash|66\/100 brn\n|move|p2a: Mamoswine|Icicle Crash|p1a: rotomwash\n|-resisted|p1a: rotomwash\n|-crit|p1a: rotomwash\n|-damage|p1a: rotomwash|26\/100 brn\n|\n|-heal|p1a: rotomwash|32\/100 brn|[from] item: Leftovers\n|-damage|p1a: rotomwash|26\/100 brn|[from] brn\n|upkeep\n|turn|17\n|\n|t:|1662884652\n|move|p1a: rotomwash|Pain Split|p2a: Mamoswine\n|-sethp|p2a: Mamoswine|61\/100|[from] move: Pain Split|[silent]\n|-sethp|p1a: rotomwash|73\/100 brn|[from] move: Pain Split\n|move|p2a: Mamoswine|Icicle Crash|p1a: rotomwash\n|-resisted|p1a: rotomwash\n|-damage|p1a: rotomwash|48\/100 brn\n|\n|-heal|p1a: rotomwash|54\/100 brn|[from] item: Leftovers\n|-damage|p1a: rotomwash|48\/100 brn|[from] brn\n|upkeep\n|turn|18\n|\n|t:|1662884654\n|move|p1a: rotomwash|Pain Split|p2a: Mamoswine\n|-sethp|p2a: Mamoswine|50\/100|[from] move: Pain Split|[silent]\n|-sethp|p1a: rotomwash|60\/100 brn|[from] move: Pain Split\n|move|p2a: Mamoswine|Icicle Crash|p1a: rotomwash\n|-resisted|p1a: rotomwash\n|-damage|p1a: rotomwash|35\/100 brn\n|\n|-heal|p1a: rotomwash|42\/100 brn|[from] item: Leftovers\n|-damage|p1a: rotomwash|35\/100 brn|[from] brn\n|upkeep\n|turn|19\n|\n|t:|1662884657\n|move|p1a: rotomwash|Pain Split|p2a: Mamoswine\n|-sethp|p2a: Mamoswine|40\/100|[from] move: Pain Split|[silent]\n|-sethp|p1a: rotomwash|48\/100 brn|[from] move: Pain Split\n|move|p2a: Mamoswine|Icicle Crash|p1a: rotomwash|[miss]\n|-miss|p2a: Mamoswine|p1a: rotomwash\n|\n|-heal|p1a: rotomwash|54\/100 brn|[from] item: Leftovers\n|-damage|p1a: rotomwash|48\/100 brn|[from] brn\n|upkeep\n|turn|20\n|\n|t:|1662884658\n|move|p1a: rotomwash|Pain Split|p2a: Mamoswine\n|-sethp|p2a: Mamoswine|40\/100|[from] move: Pain Split|[silent]\n|-sethp|p1a: rotomwash|48\/100 brn|[from] move: Pain Split\n|move|p2a: Mamoswine|Icicle Crash|p1a: rotomwash\n|-resisted|p1a: rotomwash\n|-damage|p1a: rotomwash|24\/100 brn\n|\n|-heal|p1a: rotomwash|30\/100 brn|[from] item: Leftovers\n|-damage|p1a: rotomwash|24\/100 brn|[from] brn\n|upkeep\n|turn|21\n|\n|t:|1662884661\n|switch|p2a: Rotom|Rotom-Wash, shiny|54\/100\n|move|p1a: rotomwash|Pain Split|p2a: Rotom\n|-sethp|p2a: Rotom|39\/100|[from] move: Pain Split|[silent]\n|-sethp|p1a: rotomwash|39\/100 brn|[from] move: Pain Split\n|\n|-heal|p1a: rotomwash|45\/100 brn|[from] item: Leftovers\n|-heal|p2a: Rotom|45\/100|[from] item: Leftovers\n|-damage|p1a: rotomwash|39\/100 brn|[from] brn\n|upkeep\n|turn|22\n|\n|t:|1662884664\n|move|p1a: rotomwash|Pain Split|p2a: Rotom\n|-sethp|p2a: Rotom|42\/100|[from] move: Pain Split|[silent]\n|-sethp|p1a: rotomwash|42\/100 brn|[from] move: Pain Split\n|move|p2a: Rotom|Hydro Pump|p1a: rotomwash\n|-resisted|p1a: rotomwash\n|-damage|p1a: rotomwash|19\/100 brn\n|\n|-heal|p1a: rotomwash|25\/100 brn|[from] item: Leftovers\n|-heal|p2a: Rotom|48\/100|[from] item: Leftovers\n|-damage|p1a: rotomwash|19\/100 brn|[from] brn\n|upkeep\n|turn|23\n|\n|t:|1662884667\n|switch|p1a: Tangrowth|Tangrowth, F|100\/100 tox\n|move|p2a: Rotom|Hydro Pump|p1a: Tangrowth\n|-resisted|p1a: Tangrowth\n|-damage|p1a: Tangrowth|70\/100 tox\n|\n|-heal|p2a: Rotom|54\/100|[from] item: Leftovers\n|-damage|p1a: Tangrowth|64\/100 tox|[from] psn\n|upkeep\n|turn|24\n|\n|t:|1662884671\n|move|p2a: Rotom|Volt Switch|p1a: Tangrowth\n|-resisted|p1a: Tangrowth\n|-damage|p1a: Tangrowth|47\/100 tox\n|\n|t:|1662884673\n|switch|p2a: Mamoswine|Mamoswine, M|40\/100|[from]move: Volt Switch\n|move|p1a: Tangrowth|Giga Drain|p2a: Mamoswine\n|-supereffective|p2a: Mamoswine\n|-damage|p2a: Mamoswine|0 fnt\n|-heal|p1a: Tangrowth|64\/100 tox|[from] drain|[of] p2a: Mamoswine\n|faint|p2a: Mamoswine\n|\n|-damage|p1a: Tangrowth|52\/100 tox|[from] psn\n|upkeep\n|\n|t:|1662884675\n|switch|p2a: Rotom|Rotom-Wash, shiny|54\/100\n|turn|25\n|\n|t:|1662884678\n|switch|p2a: Garchomp|Garchomp, M, shiny|100\/100\n|move|p1a: Tangrowth|Giga Drain|p2a: Garchomp\n|-damage|p2a: Garchomp|69\/100\n|-heal|p1a: Tangrowth|66\/100 tox|[from] drain|[of] p2a: Garchomp\n|\n|-damage|p1a: Tangrowth|47\/100 tox|[from] psn\n|upkeep\n|turn|26\n|\n|t:|1662884681\n|switch|p1a: Weavile|Weavile, F|38\/100 par\n|-ability|p1a: Weavile|Pressure\n|move|p2a: Garchomp|Fire Fang|p1a: Weavile\n|-supereffective|p1a: Weavile\n|-damage|p1a: Weavile|0 fnt\n|faint|p1a: Weavile\n|\n|upkeep\n|\n|t:|1662884681\n|switch|p1a: Tangrowth|Tangrowth, F|80\/100 tox\n|turn|27\n|\n|t:|1662884683\n|move|p2a: Garchomp|Fire Fang|p1a: Tangrowth\n|-supereffective|p1a: Tangrowth\n|-damage|p1a: Tangrowth|58\/100 tox\n|-damage|p2a: Garchomp|53\/100|[from] item: Rocky Helmet|[of] p1a: Tangrowth\n|move|p1a: Tangrowth|Giga Drain|p2a: Garchomp\n|-damage|p2a: Garchomp|24\/100\n|-heal|p1a: Tangrowth|70\/100 tox|[from] drain|[of] p2a: Garchomp\n|\n|-damage|p1a: Tangrowth|64\/100 tox|[from] psn\n|upkeep\n|turn|28\n|\n|t:|1662884686\n|move|p2a: Garchomp|Fire Fang|p1a: Tangrowth\n|-supereffective|p1a: Tangrowth\n|-damage|p1a: Tangrowth|40\/100 tox\n|-damage|p2a: Garchomp|8\/100|[from] item: Rocky Helmet|[of] p1a: Tangrowth\n|cant|p1a: Tangrowth|flinch\n|\n|-damage|p1a: Tangrowth|27\/100 tox|[from] psn\n|upkeep\n|turn|29\n|\n|t:|1662884689\n|move|p2a: Garchomp|Fire Fang|p1a: Tangrowth\n|-supereffective|p1a: Tangrowth\n|-damage|p1a: Tangrowth|4\/100 tox\n|-damage|p2a: Garchomp|0 fnt|[from] item: Rocky Helmet|[of] p1a: Tangrowth\n|faint|p2a: Garchomp\n|move|p1a: Tangrowth|Giga Drain|p2: Garchomp|[notarget]\n|-fail|p1a: Tangrowth\n|\n|-damage|p1a: Tangrowth|0 fnt|[from] psn\n|faint|p1a: Tangrowth\n|upkeep\n|\n|t:|1662884692\n|switch|p2a: Rotom|Rotom-Wash, shiny|54\/100\n|switch|p1a: Melmetal|Melmetal|31\/100\n|turn|30\n|\n|t:|1662884694\n|move|p2a: Rotom|Will-O-Wisp|p1a: Melmetal\n|-status|p1a: Melmetal|brn\n|move|p1a: Melmetal|Thunder Punch|p2a: Rotom\n|-damage|p2a: Rotom|40\/100\n|\n|-heal|p2a: Rotom|46\/100|[from] item: Leftovers\n|-damage|p1a: Melmetal|25\/100 brn|[from] brn\n|upkeep\n|turn|31\n|\n|t:|1662884697\n|move|p2a: Rotom|Hydro Pump|p1a: Melmetal|[miss]\n|-miss|p2a: Rotom|p1a: Melmetal\n|move|p1a: Melmetal|Thunder Punch|p2a: Rotom\n|-damage|p2a: Rotom|31\/100\n|\n|-heal|p2a: Rotom|37\/100|[from] item: Leftovers\n|-damage|p1a: Melmetal|19\/100 brn|[from] brn\n|upkeep\n|turn|32\n|\n|t:|1662884702\n|move|p2a: Rotom|Volt Switch|p1a: Melmetal\n|-damage|p1a: Melmetal|5\/100 brn\n|move|p1a: Melmetal|Thunder Punch|p2a: Rotom\n|-damage|p2a: Rotom|21\/100\n|\n|-heal|p2a: Rotom|27\/100|[from] item: Leftovers\n|-damage|p1a: Melmetal|0 fnt|[from] brn\n|faint|p1a: Melmetal\n|upkeep\n|\n|t:|1662884703\n|switch|p1a: rotomwash|Rotom-Wash|19\/100 brn\n|turn|33\n|\n|t:|1662884708\n|move|p1a: rotomwash|Hydro Pump|p2a: Rotom\n|-resisted|p2a: Rotom\n|-damage|p2a: Rotom|7\/100\n|move|p2a: Rotom|Volt Switch|p1a: rotomwash\n|-damage|p1a: rotomwash|0 fnt\n|faint|p1a: rotomwash\n|\n|-heal|p2a: Rotom|14\/100|[from] item: Leftovers\n|upkeep\n|\n|t:|1662884708\n|switch|p1a: Heatran|Heatran, M|88\/100 par\n|turn|34\n|\n|t:|1662884711\n|move|p2a: Rotom|Hydro Pump|p1a: Heatran\n|-supereffective|p1a: Heatran\n|-damage|p1a: Heatran|2\/100 par\n|cant|p1a: Heatran|par\n|\n|-heal|p2a: Rotom|20\/100|[from] item: Leftovers\n|upkeep\n|turn|35\n|\n|t:|1662884714\n|move|p2a: Rotom|Volt Switch|p1a: Heatran\n|-damage|p1a: Heatran|0 fnt\n|faint|p1a: Heatran\n|\n|win|iopkj09\n|raw|minimax_ai's rating: 1466 &rarr; <strong>1445<\/strong><br \/>(-21 for losing)\n|raw|iopkj09's rating: 1452 &rarr; <strong>1473<\/strong><br \/>(+21 for winning)\n|c|\u2606minimax_ai|gg\n","uploadtime":1662884715,"views":9,"p1id":"minimaxai","p2id":"iopkj09","formatid":"gen8ou","rating":1445,"private":0,"password":null}