{"id":"gen8ou-1670995387","p1":"GORAN EL DRACO","p2":"Spectre Ace","format":"gen8ou","log":"|j|\u2606GORAN EL DRACO\n|j|\u2606Spectre Ace\n|t:|1663885332\n|gametype|singles\n|player|p1|GORAN EL DRACO|harlequin|1609\n|player|p2|Spectre Ace|juggler|1618\n|teamsize|p1|6\n|teamsize|p2|6\n|gen|8\n|tier|[Gen 8] OU\n|rated|\n|rule|Sleep Clause Mod: Limit one foe put to sleep\n|rule|Species Clause: Limit one of each Pok\u00e9mon\n|rule|OHKO Clause: OHKO moves are banned\n|rule|Evasion Items Clause: Evasion items are banned\n|rule|Evasion Moves Clause: Evasion moves are banned\n|rule|Endless Battle Clause: Forcing endless battles is banned\n|rule|HP Percentage Mod: HP is shown in percentages\n|rule|Dynamax Clause: You cannot dynamax\n|clearpoke\n|poke|p1|Tapu Bulu|\n|poke|p1|Tapu Fini|\n|poke|p1|Tapu Lele|\n|poke|p1|Tapu Koko|\n|poke|p1|Swampert, F|\n|poke|p1|Heatran, M|\n|poke|p2|Landorus-Therian, M|\n|poke|p2|Weavile, F|\n|poke|p2|Ferrothorn, M|\n|poke|p2|Slowking-Galar, F|\n|poke|p2|Raichu-Alola, F|\n|poke|p2|Tapu Koko|\n|teampreview\n|inactive|Battle timer is ON: inactive players will automatically lose when time's up. (requested by GORAN EL DRACO)\n|\n|t:|1663885344\n|start\n|switch|p1a: Swampert|Swampert, F|100\/100\n|switch|p2a: Valentine|Raichu-Alola, F, shiny|100\/100\n|turn|1\n|\n|t:|1663885347\n|switch|p2a: Sundowner|Ferrothorn, M, shiny|100\/100\n|move|p1a: Swampert|Stealth Rock|p2a: Sundowner\n|-sidestart|p2: Spectre Ace|move: Stealth Rock\n|\n|upkeep\n|turn|2\n|\n|t:|1663885352\n|switch|p1a: Heatran|Heatran, M|100\/100\n|-item|p1a: Heatran|Air Balloon\n|move|p2a: Sundowner|Knock Off|p1a: Heatran\n|-damage|p1a: Heatran|78\/100\n|-enditem|p1a: Heatran|Air Balloon\n|\n|upkeep\n|turn|3\n|\n|t:|1663885356\n|switch|p2a: Samus|Slowking-Galar, F|100\/100\n|-damage|p2a: Samus|88\/100|[from] Stealth Rock\n|move|p1a: Heatran|Eruption|p2a: Samus\n|-damage|p2a: Samus|61\/100\n|\n|upkeep\n|turn|4\n|\n|t:|1663885363\n|move|p1a: Heatran|Earth Power|p2a: Samus\n|-supereffective|p2a: Samus\n|-damage|p2a: Samus|34\/100\n|move|p2a: Samus|Future Sight|p1a: Heatran\n|-start|p2a: Samus|move: Future Sight\n|\n|upkeep\n|turn|5\n|\n|t:|1663885369\n|move|p1a: Heatran|Eruption|p2a: Samus\n|-damage|p2a: Samus|10\/100\n|move|p2a: Samus|Earthquake|p1a: Heatran\n|-supereffective|p1a: Heatran\n|-damage|p1a: Heatran|11\/100\n|\n|upkeep\n|turn|6\n|\n|t:|1663885375\n|switch|p2a: Amadeus|Landorus-Therian, M|100\/100\n|-damage|p2a: Amadeus|88\/100|[from] Stealth Rock\n|-ability|p2a: Amadeus|Intimidate|boost\n|-unboost|p1a: Heatran|atk|1\n|move|p1a: Heatran|Dragon Pulse|p2a: Amadeus\n|-damage|p2a: Amadeus|66\/100\n|\n|-end|p1a: Heatran|move: Future Sight\n|-resisted|p1a: Heatran\n|-damage|p1a: Heatran|0 fnt\n|faint|p1a: Heatran\n|-heal|p2a: Amadeus|72\/100|[from] item: Leftovers\n|upkeep\n|\n|t:|1663885388\n|switch|p1a: Tapu Bulu|Tapu Bulu|100\/100\n|-fieldstart|move: Grassy Terrain|[from] ability: Grassy Surge|[of] p1a: Tapu Bulu\n|turn|7\n|\n|t:|1663885393\n|move|p1a: Tapu Bulu|Swords Dance|p1a: Tapu Bulu\n|-boost|p1a: Tapu Bulu|atk|2\n|move|p2a: Amadeus|U-turn|p1a: Tapu Bulu\n|-damage|p1a: Tapu Bulu|77\/100\n|\n|t:|1663885396\n|switch|p2a: Ocelot|Weavile, F|100\/100|[from]move: U-turn\n|-ability|p2a: Ocelot|Pressure\n|\n|-heal|p1a: Tapu Bulu|83\/100|[from] Grassy Terrain\n|upkeep\n|turn|8\n|\n|t:|1663885400\n|switch|p1a: Swampert|Swampert, F|100\/100\n|move|p2a: Ocelot|Triple Axel|p1a: Swampert\n|-damage|p1a: Swampert|94\/100\n|-damage|p2a: Ocelot|84\/100|[from] item: Rocky Helmet|[of] p1a: Swampert\n|-damage|p1a: Swampert|80\/100\n|-damage|p2a: Ocelot|68\/100|[from] item: Rocky Helmet|[of] p1a: Swampert\n|-damage|p1a: Swampert|58\/100\n|-damage|p2a: Ocelot|51\/100|[from] item: Rocky Helmet|[of] p1a: Swampert\n|-hitcount|p1a: Swampert|3\n|\n|-heal|p2a: Ocelot|57\/100|[from] Grassy Terrain\n|-heal|p1a: Swampert|64\/100|[from] Grassy Terrain\n|upkeep\n|turn|9\n|\n|t:|1663885409\n|switch|p2a: Sundowner|Ferrothorn, M, shiny|100\/100\n|-damage|p2a: Sundowner|94\/100|[from] Stealth Rock\n|move|p1a: Swampert|Flip Turn|p2a: Sundowner\n|-resisted|p2a: Sundowner\n|-damage|p2a: Sundowner|87\/100\n|-damage|p1a: Swampert|52\/100|[from] ability: Iron Barbs|[of] p2a: Sundowner\n|\n|t:|1663885417\n|switch|p1a: Tapu Bulu|Tapu Bulu|83\/100|[from]move: Flip Turn\n|\n|-heal|p1a: Tapu Bulu|89\/100|[from] Grassy Terrain\n|-heal|p2a: Sundowner|94\/100|[from] Grassy Terrain\n|-heal|p2a: Sundowner|99\/100|[from] item: Leftovers\n|upkeep\n|turn|10\n|\n|t:|1663885422\n|switch|p2a: Samus|Slowking-Galar, F|44\/100\n|-damage|p2a: Samus|31\/100|[from] Stealth Rock\n|move|p1a: Tapu Bulu|Swords Dance|p1a: Tapu Bulu\n|-boost|p1a: Tapu Bulu|atk|2\n|\n|-heal|p1a: Tapu Bulu|95\/100|[from] Grassy Terrain\n|-heal|p2a: Samus|37\/100|[from] Grassy Terrain\n|upkeep\n|turn|11\n|\n|t:|1663885426\n|switch|p2a: Amadeus|Landorus-Therian, M|72\/100\n|-damage|p2a: Amadeus|60\/100|[from] Stealth Rock\n|-ability|p2a: Amadeus|Intimidate|boost\n|-unboost|p1a: Tapu Bulu|atk|1\n|move|p1a: Tapu Bulu|Horn Leech|p2a: Amadeus\n|-damage|p2a: Amadeus|0 fnt\n|-heal|p1a: Tapu Bulu|100\/100|[from] drain|[of] p2a: Amadeus\n|faint|p2a: Amadeus\n|-damage|p1a: Tapu Bulu|91\/100|[from] item: Life Orb\n|\n|-heal|p1a: Tapu Bulu|97\/100|[from] Grassy Terrain\n|-fieldend|move: Grassy Terrain\n|upkeep\n|\n|t:|1663885429\n|switch|p2a: Samus|Slowking-Galar, F|71\/100\n|-damage|p2a: Samus|58\/100|[from] Stealth Rock\n|turn|12\n|\n|t:|1663885432\n|move|p1a: Tapu Bulu|Stone Edge|p2a: Samus|[miss]\n|-miss|p1a: Tapu Bulu|p2a: Samus\n|move|p2a: Samus|Sludge Bomb|p1a: Tapu Bulu\n|-supereffective|p1a: Tapu Bulu\n|-damage|p1a: Tapu Bulu|0 fnt\n|faint|p1a: Tapu Bulu\n|\n|upkeep\n|\n|t:|1663885439\n|switch|p1a: Swampert|Swampert, F|52\/100\n|turn|13\n|\n|t:|1663885444\n|switch|p2a: Sundowner|Ferrothorn, M, shiny|99\/100\n|-damage|p2a: Sundowner|94\/100|[from] Stealth Rock\n|move|p1a: Swampert|Earthquake|p2a: Sundowner\n|-damage|p2a: Sundowner|72\/100\n|\n|-heal|p2a: Sundowner|79\/100|[from] item: Leftovers\n|upkeep\n|turn|14\n|\n|t:|1663885450\n|switch|p1a: Tapu Fini|Tapu Fini|100\/100\n|-fieldstart|move: Misty Terrain|[from] ability: Misty Surge|[of] p1a: Tapu Fini\n|move|p2a: Sundowner|Spikes|p1a: Tapu Fini\n|-sidestart|p1: GORAN EL DRACO|Spikes\n|\n|-heal|p2a: Sundowner|85\/100|[from] item: Leftovers\n|upkeep\n|turn|15\n|\n|t:|1663885454\n|switch|p2a: Booker|Tapu Koko|100\/100\n|-damage|p2a: Booker|88\/100|[from] Stealth Rock\n|-fieldstart|move: Electric Terrain|[from] ability: Electric Surge|[of] p2a: Booker\n|move|p1a: Tapu Fini|Nature's Madness|p2a: Booker\n|-damage|p2a: Booker|44\/100\n|\n|upkeep\n|turn|16\n|\n|t:|1663885460\n|move|p2a: Booker|Roost|p2a: Booker\n|-heal|p2a: Booker|94\/100\n|-singleturn|p2a: Booker|move: Roost\n|move|p1a: Tapu Fini|Moonblast|p2a: Booker\n|-damage|p2a: Booker|43\/100\n|\n|upkeep\n|turn|17\n|\n|t:|1663885465\n|move|p2a: Booker|U-turn|p1a: Tapu Fini\n|-resisted|p1a: Tapu Fini\n|-damage|p1a: Tapu Fini|95\/100\n|\n|t:|1663885466\n|switch|p2a: Samus|Slowking-Galar, F|91\/100|[from]move: U-turn\n|-damage|p2a: Samus|79\/100|[from] Stealth Rock\n|move|p1a: Tapu Fini|Taunt|p2a: Samus\n|-start|p2a: Samus|move: Taunt\n|\n|-heal|p1a: Tapu Fini|100\/100|[from] item: Leftovers\n|upkeep\n|turn|18\n|\n|t:|1663885469\n|move|p1a: Tapu Fini|Nature's Madness|p2a: Samus\n|-damage|p2a: Samus|40\/100\n|move|p2a: Samus|Sludge Bomb|p1a: Tapu Fini\n|-supereffective|p1a: Tapu Fini\n|-damage|p1a: Tapu Fini|46\/100\n|\n|-heal|p1a: Tapu Fini|52\/100|[from] item: Leftovers\n|upkeep\n|turn|19\n|\n|t:|1663885481\n|move|p1a: Tapu Fini|Scald|p2a: Samus\n|-damage|p2a: Samus|29\/100\n|-status|p2a: Samus|brn\n|move|p2a: Samus|Future Sight|p1a: Tapu Fini\n|-start|p2a: Samus|move: Future Sight\n|\n|-heal|p1a: Tapu Fini|58\/100|[from] item: Leftovers\n|-damage|p2a: Samus|23\/100 brn|[from] brn\n|-end|p2a: Samus|move: Taunt\n|upkeep\n|turn|20\n|\n|t:|1663885488\n|move|p1a: Tapu Fini|Scald|p2a: Samus\n|-damage|p2a: Samus|12\/100 brn\n|move|p2a: Samus|Sludge Bomb|p1a: Tapu Fini\n|-supereffective|p1a: Tapu Fini\n|-damage|p1a: Tapu Fini|0 fnt\n|faint|p1a: Tapu Fini\n|\n|-damage|p2a: Samus|6\/100 brn|[from] brn\n|upkeep\n|-message|GORAN EL DRACO forfeited.\n|\n|win|Spectre Ace\n|raw|GORAN EL DRACO's rating: 1609 &rarr; <strong>1590<\/strong><br \/>(-19 for losing)\n|raw|Spectre Ace's rating: 1618 &rarr; <strong>1637<\/strong><br \/>(+19 for winning)\n|l|\u2606GORAN EL DRACO\n||Ladder isn't responding, score probably updated but might not have (Request timeout).\n","uploadtime":1663885519,"views":41,"p1id":"goraneldraco","p2id":"spectreace","formatid":"gen8ou","rating":1590,"private":0,"password":null}