{"id":"gen8ou-1597724480","p1":"Colston","p2":"Sombra Diurna","format":"gen8ou","log":"|j|\u2606Colston\n|j|\u2606Sombra Diurna\n|t:|1655402496\n|gametype|singles\n|player|p1|Colston|unknown|1733\n|player|p2|Sombra Diurna|blue|1793\n|teamsize|p1|6\n|teamsize|p2|6\n|gen|8\n|tier|[Gen 8] OU\n|rated|\n|rule|Sleep Clause Mod: Limit one foe put to sleep\n|rule|Species Clause: Limit one of each Pok\u00e9mon\n|rule|OHKO Clause: OHKO moves are banned\n|rule|Evasion Moves Clause: Evasion moves are banned\n|rule|Endless Battle Clause: Forcing endless battles is banned\n|rule|HP Percentage Mod: HP is shown in percentages\n|rule|Dynamax Clause: You cannot dynamax\n|clearpoke\n|poke|p1|Tapu Fini|\n|poke|p1|Tyranitar, M|\n|poke|p1|Landorus-Therian, M|\n|poke|p1|Excadrill, F|\n|poke|p1|Scizor, M|\n|poke|p1|Magnezone|\n|poke|p2|Slowbro, M|\n|poke|p2|Hatterene, F|\n|poke|p2|Marowak-Alola, M|\n|poke|p2|Ferrothorn, M|\n|poke|p2|Garchomp, M|\n|poke|p2|Drampa, M|\n|teampreview\n|inactive|Battle timer is ON: inactive players will automatically lose when time's up. (requested by Colston)\n|inactive|Colston has 120 seconds left.\n|\n|t:|1655402542\n|start\n|switch|p1a: Scizor|Scizor, M|100\/100\n|switch|p2a: Sonso|Slowbro, M|100\/100\n|turn|1\n|j| Maiko622\n|\n|t:|1655402559\n|move|p1a: Scizor|U-turn|p2a: Sonso\n|-supereffective|p2a: Sonso\n|-damage|p2a: Sonso|27\/100\n|\n|t:|1655402562\n|switch|p1a: Tyranitar|Tyranitar, M|100\/100|[from]move: U-turn\n|-weather|Sandstorm|[from] ability: Sand Stream|[of] p1a: Tyranitar\n|move|p2a: Sonso|Scald|p1a: Tyranitar\n|-supereffective|p1a: Tyranitar\n|-damage|p1a: Tyranitar|64\/100\n|\n|-weather|Sandstorm|[upkeep]\n|-damage|p2a: Sonso|21\/100|[from] Sandstorm\n|upkeep\n|turn|2\n|\n|t:|1655402571\n|switch|p2a: Thorns|Ferrothorn, M|100\/100\n|move|p1a: Tyranitar|Crunch|p2a: Thorns\n|-damage|p2a: Thorns|65\/100\n|-damage|p1a: Tyranitar|51\/100|[from] ability: Iron Barbs|[of] p2a: Thorns\n|\n|-weather|Sandstorm|[upkeep]\n|-heal|p2a: Thorns|72\/100|[from] item: Leftovers\n|upkeep\n|turn|3\n|\n|t:|1655402580\n|switch|p1a: Magnezone|Magnezone|100\/100\n|switch|p2a: Sharpo|Garchomp, M|100\/100\n|\n|-weather|Sandstorm|[upkeep]\n|upkeep\n|turn|4\n|\n|t:|1655402590\n|switch|p1a: Landorus|Landorus-Therian, M|100\/100\n|-ability|p1a: Landorus|Intimidate|boost\n|-unboost|p2a: Sharpo|atk|1\n|move|p2a: Sharpo|Swords Dance|p2a: Sharpo\n|-boost|p2a: Sharpo|atk|2\n|\n|-weather|Sandstorm|[upkeep]\n|upkeep\n|turn|5\n|\n|t:|1655402597\n|move|p2a: Sharpo|Stone Edge|p1a: Landorus\n|-damage|p1a: Landorus|38\/100\n|move|p1a: Landorus|Earthquake|p2a: Sharpo\n|-damage|p2a: Sharpo|48\/100\n|\n|-weather|Sandstorm|[upkeep]\n|-heal|p2a: Sharpo|55\/100|[from] item: Leftovers\n|upkeep\n|turn|6\n|\n|t:|1655402607\n|move|p2a: Sharpo|Scale Shot|p1a: Landorus\n|-damage|p1a: Landorus|17\/100\n|-damage|p1a: Landorus|0 fnt\n|faint|p1a: Landorus\n|-hitcount|p1: Landorus|2\n|-unboost|p2a: Sharpo|def|1\n|-boost|p2a: Sharpo|spe|1\n|\n|-weather|Sandstorm|[upkeep]\n|-heal|p2a: Sharpo|61\/100|[from] item: Leftovers\n|upkeep\n|\n|t:|1655402609\n|switch|p1a: Scizor|Scizor, M|100\/100\n|turn|7\n|\n|t:|1655402625\n|switch|p2a: Sonso|Slowbro, M|55\/100\n|move|p1a: Scizor|Bullet Punch|p2a: Sonso\n|-resisted|p2a: Sonso\n|-damage|p2a: Sonso|40\/100\n|\n|-weather|Sandstorm|[upkeep]\n|-damage|p2a: Sonso|34\/100|[from] Sandstorm\n|upkeep\n|turn|8\n|\n|t:|1655402633\n|switch|p1a: Tyranitar|Tyranitar, M|51\/100\n|move|p2a: Sonso|Trick Room|p2a: Sonso\n|-fieldstart|move: Trick Room|[of] p2a: Sonso\n|\n|-weather|none\n|upkeep\n|turn|9\n|\n|t:|1655402645\n|move|p2a: Sonso|Body Press|p1a: Tyranitar\n|-supereffective|p1a: Tyranitar\n|-damage|p1a: Tyranitar|0 fnt\n|faint|p1a: Tyranitar\n|\n|upkeep\n|\n|t:|1655402651\n|switch|p1a: Scizor|Scizor, M|100\/100\n|turn|10\n|\n|t:|1655402661\n|switch|p2a: Falko|Drampa, M|100\/100\n|move|p1a: Scizor|U-turn|p2a: Falko\n|-damage|p2a: Falko|39\/100\n|-ability|p2a: Falko|Berserk|boost\n|-boost|p2a: Falko|spa|1\n|\n|t:|1655402668\n|switch|p1a: Tapu Fini|Tapu Fini|100\/100|[from]move: U-turn\n|-fieldstart|move: Misty Terrain|[from] ability: Misty Surge|[of] p1a: Tapu Fini\n|\n|upkeep\n|turn|11\n|\n|t:|1655402673\n|move|p2a: Falko|Thunderbolt|p1a: Tapu Fini\n|-supereffective|p1a: Tapu Fini\n|-damage|p1a: Tapu Fini|20\/100\n|move|p1a: Tapu Fini|Moonblast|p2a: Falko\n|-supereffective|p2a: Falko\n|-damage|p2a: Falko|0 fnt\n|faint|p2a: Falko\n|\n|-heal|p1a: Tapu Fini|26\/100|[from] item: Leftovers\n|upkeep\n|\n|t:|1655402686\n|switch|p2a: Billy B.|Marowak-Alola, M|100\/100\n|turn|12\n|j| MatisXYZ\n|l| MatisXYZ\n|\n|t:|1655402704\n|move|p2a: Billy B.|Flare Blitz|p1a: Tapu Fini\n|-resisted|p1a: Tapu Fini\n|-damage|p1a: Tapu Fini|0 fnt\n|faint|p1a: Tapu Fini\n|\n|-fieldend|move: Trick Room\n|upkeep\n|\n|t:|1655402709\n|switch|p1a: Excadrill|Excadrill, F|100\/100\n|-item|p1a: Excadrill|Air Balloon\n|turn|13\n|\n|t:|1655402733\n|switch|p2a: Sharpo|Garchomp, M|61\/100\n|move|p1a: Excadrill|Earthquake|p2a: Sharpo\n|-damage|p2a: Sharpo|6\/100\n|\n|-heal|p2a: Sharpo|12\/100|[from] item: Leftovers\n|upkeep\n|turn|14\n|\n|t:|1655402751\n|move|p2a: Sharpo|Scale Shot|p1a: Excadrill\n|-resisted|p1a: Excadrill\n|-damage|p1a: Excadrill|92\/100\n|-enditem|p1a: Excadrill|Air Balloon\n|-resisted|p1a: Excadrill\n|-damage|p1a: Excadrill|87\/100\n|-resisted|p1a: Excadrill\n|-damage|p1a: Excadrill|83\/100\n|-hitcount|p1a: Excadrill|3\n|-unboost|p2a: Sharpo|def|1\n|-boost|p2a: Sharpo|spe|1\n|move|p1a: Excadrill|Earthquake|p2a: Sharpo\n|-damage|p2a: Sharpo|0 fnt\n|faint|p2a: Sharpo\n|\n|-fieldend|Misty Terrain\n|upkeep\n|\n|t:|1655402764\n|switch|p2a: Sonso|Slowbro, M|67\/100\n|turn|15\n|\n|t:|1655402772\n|switch|p1a: Magnezone|Magnezone|100\/100\n|move|p2a: Sonso|Trick Room|p2a: Sonso\n|-fieldstart|move: Trick Room|[of] p2a: Sonso\n|\n|upkeep\n|turn|16\n|\n|t:|1655402777\n|switch|p2a: Billy B.|Marowak-Alola, M|100\/100\n|move|p1a: Magnezone|Thunderbolt|p2a: Billy B.\n|-damage|p2a: Billy B.|35\/100\n|\n|upkeep\n|turn|17\n|\n|t:|1655402788\n|switch|p1a: Excadrill|Excadrill, F|83\/100\n|move|p2a: Billy B.|Flare Blitz|p1a: Excadrill\n|-supereffective|p1a: Excadrill\n|-damage|p1a: Excadrill|0 fnt\n|faint|p1a: Excadrill\n|\n|upkeep\n|\n|t:|1655402789\n|switch|p1a: Scizor|Scizor, M|100\/100\n|turn|18\n|\n|t:|1655402796\n|move|p1a: Scizor|Bullet Punch|p2a: Billy B.\n|-resisted|p2a: Billy B.\n|-damage|p2a: Billy B.|9\/100\n|move|p2a: Billy B.|Flare Blitz|p1a: Scizor\n|-supereffective|p1a: Scizor\n|-damage|p1a: Scizor|0 fnt\n|faint|p1a: Scizor\n|\n|upkeep\n|\n|t:|1655402800\n|switch|p1a: Magnezone|Magnezone|100\/100\n|turn|19\n|\n|t:|1655402804\n|move|p2a: Billy B.|Flare Blitz|p1a: Magnezone\n|-supereffective|p1a: Magnezone\n|-damage|p1a: Magnezone|0 fnt\n|faint|p1a: Magnezone\n|\n|win|Sombra Diurna\n|raw|Colston's rating: 1733 &rarr; <strong>1716<\/strong><br \/>(-17 for losing)\n|raw|Sombra Diurna's rating: 1793 &rarr; <strong>1810<\/strong><br \/>(+17 for winning)\n|l|\u2606Colston\n|l| Maiko622\n||Ladder isn't responding, score probably updated but might not have (Request timeout).\n","uploadtime":1655402810,"views":20,"p1id":"colston","p2id":"sombradiurna","formatid":"gen8ou","rating":1716,"private":0,"password":null}