{"id":"gen8ou-1672835446","p1":"Spectre Ace","p2":"dovesoap2","format":"gen8ou","log":"|j|\u2606Spectre Ace\n|j|\u2606dovesoap2\n|t:|1664402048\n|gametype|singles\n|player|p1|Spectre Ace|juggler|1788\n|player|p2|dovesoap2|archer|1831\n|teamsize|p1|6\n|teamsize|p2|6\n|gen|8\n|tier|[Gen 8] OU\n|rated|\n|rule|Sleep Clause Mod: Limit one foe put to sleep\n|rule|Species Clause: Limit one of each Pok\u00e9mon\n|rule|OHKO Clause: OHKO moves are banned\n|rule|Evasion Items Clause: Evasion items are banned\n|rule|Evasion Moves Clause: Evasion moves are banned\n|rule|Endless Battle Clause: Forcing endless battles is banned\n|rule|HP Percentage Mod: HP is shown in percentages\n|rule|Dynamax Clause: You cannot dynamax\n|clearpoke\n|poke|p1|Landorus-Therian, M|\n|poke|p1|Ferrothorn, M|\n|poke|p1|Volcanion|\n|poke|p1|Raichu-Alola, F|\n|poke|p1|Tapu Koko|\n|poke|p1|Clefable, M|\n|poke|p2|Landorus-Therian, M|\n|poke|p2|Clefable, F|\n|poke|p2|Tornadus-Therian, M|\n|poke|p2|Melmetal|\n|poke|p2|Toxapex, M|\n|poke|p2|Garchomp, M|\n|teampreview\n|inactive|Battle timer is ON: inactive players will automatically lose when time's up. (requested by dovesoap2)\n|\n|t:|1664402058\n|start\n|switch|p1a: Booker|Tapu Koko|100\/100\n|switch|p2a: Landorus|Landorus-Therian, M|100\/100\n|-fieldstart|move: Electric Terrain|[from] ability: Electric Surge|[of] p1a: Booker\n|-ability|p2a: Landorus|Intimidate|boost\n|-unboost|p1a: Booker|atk|1\n|turn|1\n|\n|t:|1664402063\n|move|p1a: Booker|U-turn|p2a: Landorus\n|-resisted|p2a: Landorus\n|-damage|p2a: Landorus|96\/100\n|\n|t:|1664402065\n|switch|p1a: Amadeus|Landorus-Therian, M|100\/100|[from]move: U-turn\n|-ability|p1a: Amadeus|Intimidate|boost\n|-unboost|p2a: Landorus|atk|1\n|move|p2a: Landorus|Knock Off|p1a: Amadeus\n|-damage|p1a: Amadeus|80\/100\n|-enditem|p1a: Amadeus|Leftovers|[from] move: Knock Off|[of] p2a: Landorus\n|\n|-heal|p2a: Landorus|100\/100|[from] item: Leftovers\n|upkeep\n|turn|2\n|\n|t:|1664402073\n|move|p2a: Landorus|U-turn|p1a: Amadeus\n|-resisted|p1a: Amadeus\n|-damage|p1a: Amadeus|73\/100\n|\n|t:|1664402075\n|switch|p2a: Toxapex|Toxapex, M, shiny|100\/100|[from]move: U-turn\n|move|p1a: Amadeus|Toxic|p2a: Toxapex\n|-immune|p2a: Toxapex\n|\n|upkeep\n|turn|3\n|\n|t:|1664402078\n|switch|p2a: Landorus|Landorus-Therian, M|100\/100\n|-ability|p2a: Landorus|Intimidate|boost\n|-unboost|p1a: Amadeus|atk|1\n|move|p1a: Amadeus|Earthquake|p2a: Landorus\n|-immune|p2a: Landorus\n|\n|upkeep\n|turn|4\n|\n|t:|1664402083\n|move|p2a: Landorus|U-turn|p1a: Amadeus\n|-resisted|p1a: Amadeus\n|-damage|p1a: Amadeus|62\/100\n|\n|t:|1664402085\n|switch|p2a: Toxapex|Toxapex, M, shiny|100\/100|[from]move: U-turn\n|move|p1a: Amadeus|U-turn|p2a: Toxapex\n|-resisted|p2a: Toxapex\n|-damage|p2a: Toxapex|97\/100\n|\n|t:|1664402088\n|switch|p1a: Valentine|Raichu-Alola, F, shiny|100\/100|[from]move: U-turn\n|\n|-heal|p2a: Toxapex|100\/100|[from] item: Black Sludge\n|upkeep\n|turn|5\n|\n|t:|1664402093\n|switch|p2a: Garchomp|Garchomp, M|100\/100\n|move|p1a: Valentine|Rising Voltage|p2a: Garchomp\n|-immune|p2a: Garchomp\n|\n|upkeep\n|turn|6\n|\n|t:|1664402097\n|switch|p1a: Clefable|Clefable, M|100\/100\n|move|p2a: Garchomp|Scale Shot|p1a: Clefable\n|-immune|p1a: Clefable\n|\n|upkeep\n|turn|7\n|\n|t:|1664402101\n|switch|p2a: Toxapex|Toxapex, M, shiny|100\/100\n|move|p1a: Clefable|Stealth Rock|p2a: Toxapex\n|-sidestart|p2: dovesoap2|move: Stealth Rock\n|\n|upkeep\n|turn|8\n|\n|t:|1664402105\n|switch|p1a: Sundowner|Ferrothorn, M, shiny|100\/100\n|move|p2a: Toxapex|Toxic Spikes|p1a: Sundowner\n|-sidestart|p1: Spectre Ace|move: Toxic Spikes\n|\n|-fieldend|move: Electric Terrain\n|upkeep\n|turn|9\n|\n|t:|1664402113\n|switch|p2a: Tornadus|Tornadus-Therian, M|100\/100\n|move|p1a: Sundowner|Knock Off|p2a: Tornadus\n|-damage|p2a: Tornadus|71\/100\n|-enditem|p2a: Tornadus|Heavy-Duty Boots|[from] move: Knock Off|[of] p1a: Sundowner\n|\n|upkeep\n|turn|10\n|\n|t:|1664402119\n|move|p2a: Tornadus|Heat Wave|p1a: Sundowner\n|-supereffective|p1a: Sundowner\n|-damage|p1a: Sundowner|20\/100\n|move|p1a: Sundowner|Spikes|p2a: Tornadus\n|-sidestart|p2: dovesoap2|Spikes\n|\n|-heal|p1a: Sundowner|26\/100|[from] item: Leftovers\n|upkeep\n|turn|11\n|\n|t:|1664402124\n|move|p2a: Tornadus|Hurricane|p1a: Sundowner\n|-damage|p1a: Sundowner|0 fnt\n|faint|p1a: Sundowner\n|\n|upkeep\n|\n|t:|1664402126\n|switch|p1a: Booker|Tapu Koko|100\/100\n|-status|p1a: Booker|psn\n|-fieldstart|move: Electric Terrain|[from] ability: Electric Surge|[of] p1a: Booker\n|turn|12\n|\n|t:|1664402132\n|switch|p2a: Landorus|Landorus-Therian, M|100\/100\n|-damage|p2a: Landorus|88\/100|[from] Stealth Rock\n|-ability|p2a: Landorus|Intimidate|boost\n|-unboost|p1a: Booker|atk|1\n|move|p1a: Booker|U-turn|p2a: Landorus\n|-resisted|p2a: Landorus\n|-damage|p2a: Landorus|83\/100\n|\n|t:|1664402134\n|switch|p1a: Engine|Volcanion|100\/100|[from]move: U-turn\n|\n|-heal|p2a: Landorus|89\/100|[from] item: Leftovers\n|upkeep\n|turn|13\n|\n|t:|1664402148\n|move|p2a: Landorus|Earthquake|p1a: Engine\n|-supereffective|p1a: Engine\n|-damage|p1a: Engine|15\/100\n|move|p1a: Engine|Steam Eruption|p2a: Landorus\n|-supereffective|p2a: Landorus\n|-damage|p2a: Landorus|0 fnt\n|faint|p2a: Landorus\n|\n|upkeep\n|\n|t:|1664402155\n|switch|p2a: Tornadus|Tornadus-Therian, M|100\/100\n|-damage|p2a: Tornadus|76\/100|[from] Stealth Rock\n|turn|14\n|\n|t:|1664402158\n|switch|p1a: Amadeus|Landorus-Therian, M|62\/100\n|-ability|p1a: Amadeus|Intimidate|boost\n|-unboost|p2a: Tornadus|atk|1\n|move|p2a: Tornadus|Hurricane|p1a: Amadeus|[miss]\n|-miss|p2a: Tornadus|p1a: Amadeus\n|\n|upkeep\n|turn|15\n|\n|t:|1664402164\n|move|p2a: Tornadus|Hurricane|p1a: Amadeus\n|-damage|p1a: Amadeus|18\/100\n|move|p1a: Amadeus|Earthquake|p2a: Tornadus\n|-immune|p2a: Tornadus\n|\n|upkeep\n|turn|16\n|\n|t:|1664402168\n|move|p2a: Tornadus|Heat Wave|p1a: Amadeus|[miss]\n|-miss|p2a: Tornadus|p1a: Amadeus\n|move|p1a: Amadeus|U-turn|p2a: Tornadus\n|-resisted|p2a: Tornadus\n|-damage|p2a: Tornadus|60\/100\n|c|\u2606dovesoap2|wow\n|\n|t:|1664402172\n|switch|p1a: Booker|Tapu Koko|100\/100 psn|[from]move: U-turn\n|\n|-damage|p1a: Booker|88\/100 psn|[from] psn\n|upkeep\n|turn|17\n|\n|t:|1664402180\n|switch|p2a: Clefable|Clefable, F|100\/100\n|-damage|p2a: Clefable|88\/100|[from] Stealth Rock\n|-damage|p2a: Clefable|76\/100|[from] Spikes\n|move|p1a: Booker|Thunderbolt|p2a: Clefable\n|-damage|p2a: Clefable|43\/100\n|\n|-heal|p2a: Clefable|49\/100|[from] item: Leftovers\n|-damage|p1a: Booker|76\/100 psn|[from] psn\n|upkeep\n|turn|18\n|\n|t:|1664402192\n|switch|p1a: Clefable|Clefable, M|100\/100\n|move|p2a: Clefable|Soft-Boiled|p2a: Clefable\n|-heal|p2a: Clefable|99\/100\n|\n|-heal|p2a: Clefable|100\/100|[from] item: Leftovers\n|upkeep\n|turn|19\n|\n|t:|1664402196\n|move|p2a: Clefable|Thunder Wave|p1a: Clefable\n|-status|p1a: Clefable|par\n|cant|p1a: Clefable|par\n|\n|-fieldend|move: Electric Terrain\n|upkeep\n|turn|20\n|\n|t:|1664402202\n|switch|p2a: Toxapex|Toxapex, M, shiny|100\/100\n|-damage|p2a: Toxapex|88\/100|[from] Stealth Rock\n|-damage|p2a: Toxapex|75\/100|[from] Spikes\n|switch|p1a: Booker|Tapu Koko|76\/100 psn\n|-fieldstart|move: Electric Terrain|[from] ability: Electric Surge|[of] p1a: Booker\n|\n|-heal|p2a: Toxapex|82\/100|[from] item: Black Sludge\n|-damage|p1a: Booker|63\/100 psn|[from] psn\n|upkeep\n|turn|21\n|\n|t:|1664402213\n|switch|p2a: Garchomp|Garchomp, M|100\/100\n|-damage|p2a: Garchomp|94\/100|[from] Stealth Rock\n|-damage|p2a: Garchomp|82\/100|[from] Spikes\n|move|p1a: Booker|U-turn|p2a: Garchomp\n|-damage|p2a: Garchomp|67\/100\n|-damage|p1a: Booker|51\/100 psn|[from] ability: Rough Skin|[of] p2a: Garchomp\n|\n|t:|1664402216\n|switch|p1a: Clefable|Clefable, M|100\/100 par|[from]move: U-turn\n|\n|-heal|p2a: Garchomp|73\/100|[from] item: Leftovers\n|upkeep\n|turn|22\n|\n|t:|1664402236\n|move|p2a: Garchomp|Swords Dance|p2a: Garchomp\n|-boost|p2a: Garchomp|atk|2\n|cant|p1a: Clefable|par\n|\n|-heal|p2a: Garchomp|80\/100|[from] item: Leftovers\n|upkeep\n|turn|23\n|\n|t:|1664402241\n|move|p2a: Garchomp|Poison Jab|p1a: Clefable\n|-supereffective|p1a: Clefable\n|-damage|p1a: Clefable|61\/100 par\n|move|p1a: Clefable|Moonblast|p2a: Garchomp\n|-supereffective|p2a: Garchomp\n|-damage|p2a: Garchomp|25\/100\n|\n|-heal|p2a: Garchomp|31\/100|[from] item: Leftovers\n|upkeep\n|turn|24\n|\n|t:|1664402246\n|move|p2a: Garchomp|Earthquake|p1a: Clefable\n|-damage|p1a: Clefable|26\/100 par\n|cant|p1a: Clefable|par\n|\n|-heal|p2a: Garchomp|38\/100|[from] item: Leftovers\n|upkeep\n|turn|25\n|\n|t:|1664402252\n|move|p2a: Garchomp|Earthquake|p1a: Clefable\n|-damage|p1a: Clefable|0 fnt\n|faint|p1a: Clefable\n|\n|-heal|p2a: Garchomp|44\/100|[from] item: Leftovers\n|upkeep\n|j| KappaHalo\n|\n|t:|1664402257\n|switch|p1a: Booker|Tapu Koko|51\/100 psn\n|turn|26\n|\n|t:|1664402261\n|move|p1a: Booker|Dazzling Gleam|p2a: Garchomp\n|-supereffective|p2a: Garchomp\n|-damage|p2a: Garchomp|0 fnt\n|faint|p2a: Garchomp\n|\n|-damage|p1a: Booker|38\/100 psn|[from] psn\n|upkeep\n|c|\u2606dovesoap2|gg\n|c|\u2606dovesoap2|thought u didn't had it\n|\n|t:|1664402275\n|switch|p2a: Clefable|Clefable, F|100\/100\n|-damage|p2a: Clefable|88\/100|[from] Stealth Rock\n|-damage|p2a: Clefable|76\/100|[from] Spikes\n|turn|27\n|\n|t:|1664402296\n|switch|p1a: Amadeus|Landorus-Therian, M|18\/100\n|-ability|p1a: Amadeus|Intimidate|boost\n|-unboost|p2a: Clefable|atk|1\n|move|p2a: Clefable|Soft-Boiled|p2a: Clefable\n|-heal|p2a: Clefable|100\/100\n|\n|-fieldend|move: Electric Terrain\n|upkeep\n|turn|28\n|\n|t:|1664402300\n|switch|p2a: Tornadus|Tornadus-Therian, M|93\/100\n|-damage|p2a: Tornadus|68\/100|[from] Stealth Rock\n|move|p1a: Amadeus|Earthquake|p2a: Tornadus\n|-immune|p2a: Tornadus\n|\n|upkeep\n|turn|29\n|\n|t:|1664402305\n|move|p2a: Tornadus|Heat Wave|p1a: Amadeus\n|-damage|p1a: Amadeus|0 fnt\n|faint|p1a: Amadeus\n|\n|upkeep\n|\n|t:|1664402309\n|switch|p1a: Booker|Tapu Koko|38\/100 psn\n|-fieldstart|move: Electric Terrain|[from] ability: Electric Surge|[of] p1a: Booker\n|turn|30\n|\n|t:|1664402317\n|move|p1a: Booker|Thunderbolt|p2a: Tornadus\n|-supereffective|p2a: Tornadus\n|-damage|p2a: Tornadus|0 fnt\n|faint|p2a: Tornadus\n|\n|-damage|p1a: Booker|26\/100 psn|[from] psn\n|upkeep\n|\n|t:|1664402319\n|switch|p2a: Clefable|Clefable, F|100\/100\n|-damage|p2a: Clefable|88\/100|[from] Stealth Rock\n|-damage|p2a: Clefable|76\/100|[from] Spikes\n|turn|31\n|\n|t:|1664402320\n|move|p1a: Booker|Thunderbolt|p2a: Clefable\n|-damage|p2a: Clefable|41\/100\n|move|p2a: Clefable|Soft-Boiled|p2a: Clefable\n|-heal|p2a: Clefable|91\/100\n|\n|-heal|p2a: Clefable|97\/100|[from] item: Leftovers\n|-damage|p1a: Booker|13\/100 psn|[from] psn\n|upkeep\n|turn|32\n|j| SadTb\n|\n|t:|1664402324\n|move|p1a: Booker|U-turn|p2a: Clefable\n|-resisted|p2a: Clefable\n|-damage|p2a: Clefable|88\/100\n|\n|t:|1664402325\n|switch|p1a: Valentine|Raichu-Alola, F, shiny|100\/100|[from]move: U-turn\n|-status|p1a: Valentine|psn\n|move|p2a: Clefable|Soft-Boiled|p2a: Clefable\n|-heal|p2a: Clefable|100\/100\n|\n|-damage|p1a: Valentine|88\/100 psn|[from] psn\n|upkeep\n|turn|33\n|\n|t:|1664402330\n|move|p1a: Valentine|Rising Voltage|p2a: Clefable\n|-hint|Rising Voltage's BP doubled on grounded target.\n|-damage|p2a: Clefable|29\/100\n|-damage|p1a: Valentine|78\/100 psn|[from] item: Life Orb\n|move|p2a: Clefable|Soft-Boiled|p2a: Clefable\n|-heal|p2a: Clefable|79\/100\n|\n|-heal|p2a: Clefable|85\/100|[from] item: Leftovers\n|-damage|p1a: Valentine|66\/100 psn|[from] psn\n|upkeep\n|turn|34\n|\n|t:|1664402336\n|move|p1a: Valentine|Rising Voltage|p2a: Clefable\n|-hint|Rising Voltage's BP doubled on grounded target.\n|-damage|p2a: Clefable|11\/100\n|-damage|p1a: Valentine|56\/100 psn|[from] item: Life Orb\n|move|p2a: Clefable|Moonblast|p1a: Valentine\n|-damage|p1a: Valentine|9\/100 psn\n|-unboost|p1a: Valentine|spa|1\n|\n|-heal|p2a: Clefable|17\/100|[from] item: Leftovers\n|-damage|p1a: Valentine|0 fnt|[from] psn\n|faint|p1a: Valentine\n|upkeep\n|\n|t:|1664402340\n|switch|p1a: Engine|Volcanion|15\/100\n|turn|35\n|\n|t:|1664402350\n|move|p1a: Engine|Earth Power|p2a: Clefable\n|-damage|p2a: Clefable|0 fnt\n|faint|p2a: Clefable\n|\n|upkeep\n|\n|t:|1664402351\n|switch|p2a: Melmetal|Melmetal|100\/100\n|-damage|p2a: Melmetal|94\/100|[from] Stealth Rock\n|-damage|p2a: Melmetal|82\/100|[from] Spikes\n|turn|36\n|\n|t:|1664402355\n|move|p1a: Engine|Flamethrower|p2a: Melmetal\n|-supereffective|p2a: Melmetal\n|-damage|p2a: Melmetal|22\/100\n|move|p2a: Melmetal|Earthquake|p1a: Engine\n|-supereffective|p1a: Engine\n|-damage|p1a: Engine|0 fnt\n|faint|p1a: Engine\n|\n|upkeep\n|\n|t:|1664402361\n|switch|p1a: Booker|Tapu Koko|13\/100 psn\n|turn|37\n|\n|t:|1664402364\n|move|p1a: Booker|Thunderbolt|p2a: Melmetal\n|-damage|p2a: Melmetal|0 fnt\n|faint|p2a: Melmetal\n|\n|-damage|p1a: Booker|1\/100 psn|[from] psn\n|-fieldend|move: Electric Terrain\n|upkeep\n|j| tyrantkingdad\n|\n|t:|1664402366\n|switch|p2a: Toxapex|Toxapex, M, shiny|100\/100\n|-damage|p2a: Toxapex|88\/100|[from] Stealth Rock\n|-damage|p2a: Toxapex|75\/100|[from] Spikes\n|turn|38\n|\n|t:|1664402370\n|move|p1a: Booker|Roost|p1a: Booker\n|-heal|p1a: Booker|51\/100 psn\n|-singleturn|p1a: Booker|move: Roost\n|move|p2a: Toxapex|Recover|p2a: Toxapex\n|-heal|p2a: Toxapex|100\/100\n|\n|-damage|p1a: Booker|39\/100 psn|[from] psn\n|upkeep\n|turn|39\n|c|\u2606dovesoap2|gg\n|\n|t:|1664402374\n|move|p1a: Booker|Roost|p1a: Booker\n|-heal|p1a: Booker|89\/100 psn\n|-singleturn|p1a: Booker|move: Roost\n|move|p2a: Toxapex|Scald|p1a: Booker\n|-damage|p1a: Booker|62\/100 psn\n|\n|-damage|p1a: Booker|49\/100 psn|[from] psn\n|upkeep\n|turn|40\n|c|\u2606dovesoap2|nice set\n|-message|dovesoap2 forfeited.\n|\n|win|Spectre Ace\n|raw|Spectre Ace's rating: 1788 &rarr; <strong>1810<\/strong><br \/>(+22 for winning)\n|raw|dovesoap2's rating: 1831 &rarr; <strong>1809<\/strong><br \/>(-22 for losing)\n|l|\u2606dovesoap2\n|l| SadTb\n||Ladder isn't responding, score probably updated but might not have (Request timeout).\n","uploadtime":1664402414,"views":13,"p1id":"spectreace","p2id":"dovesoap2","formatid":"gen8ou","rating":1809,"private":0,"password":null}