{"id":"gen8ou-1402760150","p1":"TheonReekGreyjoy","p2":"Ackesh","format":"gen8ou","log":"|j|\u2606TheonReekGreyjoy\n|j|\u2606Ackesh\n|t:|1629800985\n|gametype|singles\n|player|p1|TheonReekGreyjoy|7|1766\n|player|p2|Ackesh|101|1911\n|teamsize|p1|6\n|teamsize|p2|6\n|gen|8\n|tier|[Gen 8] OU\n|rated|\n|rule|Sleep Clause Mod: Limit one foe put to sleep\n|rule|Species Clause: Limit one of each Pok\u00e9mon\n|rule|OHKO Clause: OHKO moves are banned\n|rule|Evasion Moves Clause: Evasion moves are banned\n|rule|Endless Battle Clause: Forcing endless battles is banned\n|rule|HP Percentage Mod: HP is shown in percentages\n|rule|Dynamax Clause: You cannot dynamax\n|clearpoke\n|poke|p1|Melmetal|\n|poke|p1|Dragapult, M|\n|poke|p1|Ninetales-Alola, F|\n|poke|p1|Vanilluxe, F|\n|poke|p1|Arctozolt|\n|poke|p1|Landorus-Therian, M|\n|poke|p2|Kyurem|\n|poke|p2|Rillaboom, M|\n|poke|p2|Victini|\n|poke|p2|Heatran, M|\n|poke|p2|Torkoal, F|\n|poke|p2|Landorus-Therian, M|\n|teampreview\n|j| ALT535\n|\n|t:|1629801018\n|start\n|switch|p1a: Melmetal|Melmetal|100\/100\n|switch|p2a: Heatran|Heatran, M|100\/100\n|turn|1\n|\n|t:|1629801024\n|move|p1a: Melmetal|Protect|p1a: Melmetal\n|-singleturn|p1a: Melmetal|Protect\n|move|p2a: Heatran|Flamethrower|p1a: Melmetal\n|-activate|p1a: Melmetal|move: Protect\n|\n|upkeep\n|turn|2\n|\n|t:|1629801029\n|switch|p1a: Dragapult|Dragapult, M|100\/100\n|move|p2a: Heatran|Flamethrower|p1a: Dragapult\n|-resisted|p1a: Dragapult\n|-damage|p1a: Dragapult|48\/100\n|\n|-heal|p1a: Dragapult|53\/100|[from] item: Leftovers\n|upkeep\n|turn|3\n|\n|t:|1629801037\n|move|p1a: Dragapult|Dragon Darts|p2a: Heatran\n|-resisted|p2a: Heatran\n|-damage|p2a: Heatran|88\/100\n|-anim|p1a: Dragapult|Dragon Darts|p2a: Heatran\n|-resisted|p2a: Heatran\n|-damage|p2a: Heatran|75\/100\n|move|p2a: Heatran|Flamethrower|p1a: Dragapult\n|-resisted|p1a: Dragapult\n|-damage|p1a: Dragapult|1\/100\n|\n|-heal|p1a: Dragapult|7\/100|[from] item: Leftovers\n|upkeep\n|turn|4\n|\n|t:|1629801055\n|move|p1a: Dragapult|Phantom Force||[still]\n|-prepare|p1a: Dragapult|Phantom Force\n|move|p2a: Heatran|Flamethrower|p1a: Dragapult|[miss]\n|-miss|p2a: Heatran|p1a: Dragapult\n|\n|-heal|p1a: Dragapult|13\/100|[from] item: Leftovers\n|upkeep\n|turn|5\n|j| Iziyo\n|\n|t:|1629801071\n|move|p1a: Dragapult|Phantom Force|p2a: Heatran|[from]lockedmove\n|-damage|p2a: Heatran|32\/100\n|move|p2a: Heatran|Flamethrower|p1a: Dragapult\n|-resisted|p1a: Dragapult\n|-damage|p1a: Dragapult|0 fnt\n|faint|p1a: Dragapult\n|\n|upkeep\n|\n|t:|1629801077\n|switch|p1a: Landorus|Landorus-Therian, M|100\/100\n|-ability|p1a: Landorus|Intimidate|boost\n|-unboost|p2a: Heatran|atk|1\n|turn|6\n|\n|t:|1629801082\n|move|p2a: Heatran|Flamethrower|p1a: Landorus\n|-damage|p1a: Landorus|36\/100\n|move|p1a: Landorus|Earthquake|p2a: Heatran\n|-supereffective|p2a: Heatran\n|-damage|p2a: Heatran|0 fnt\n|faint|p2a: Heatran\n|\n|upkeep\n|\n|t:|1629801089\n|switch|p2a: Victini|Victini|100\/100\n|turn|7\n|j| ulisesdiogenes\n|\n|t:|1629801098\n|switch|p1a: Vanilluxe|Vanilluxe, F|100\/100\n|-weather|Hail|[from] ability: Snow Warning|[of] p1a: Vanilluxe\n|move|p2a: Victini|V-create|p1a: Vanilluxe\n|-supereffective|p1a: Vanilluxe\n|-damage|p1a: Vanilluxe|0 fnt\n|-unboost|p2a: Victini|spe|1\n|-unboost|p2a: Victini|def|1\n|-unboost|p2a: Victini|spd|1\n|faint|p1a: Vanilluxe\n|\n|-weather|Hail|[upkeep]\n|-damage|p2a: Victini|94\/100|[from] Hail\n|upkeep\n|\n|t:|1629801106\n|switch|p1a: Arctozolt|Arctozolt|100\/100\n|turn|8\n|\n|t:|1629801111\n|switch|p2a: Torkoal|Torkoal, F|100\/100\n|-weather|SunnyDay|[from] ability: Drought|[of] p2a: Torkoal\n|move|p1a: Arctozolt|Substitute|p1a: Arctozolt\n|-start|p1a: Arctozolt|Substitute\n|-damage|p1a: Arctozolt|76\/100\n|\n|-weather|SunnyDay|[upkeep]\n|upkeep\n|turn|9\n|\n|t:|1629801123\n|move|p1a: Arctozolt|Bolt Beak|p2a: Torkoal\n|-damage|p2a: Torkoal|56\/100\n|move|p2a: Torkoal|Stealth Rock|p1a: Arctozolt\n|-sidestart|p1: TheonReekGreyjoy|move: Stealth Rock\n|\n|-weather|SunnyDay|[upkeep]\n|upkeep\n|turn|10\n|j| remetagross\n|\n|t:|1629801133\n|switch|p2a: Landorus|Landorus-Therian, M|100\/100\n|-ability|p2a: Landorus|Intimidate|boost\n|-immune|p1a: Arctozolt\n|move|p1a: Arctozolt|Blizzard|p2a: Landorus\n|-supereffective|p2a: Landorus\n|-damage|p2a: Landorus|0 fnt\n|faint|p2a: Landorus\n|\n|-weather|SunnyDay|[upkeep]\n|upkeep\n|\n|t:|1629801137\n|switch|p2a: Kyurem|Kyurem|100\/100\n|-ability|p2a: Kyurem|Pressure\n|turn|11\n|j| FlyWhiteGuy\n|\n|t:|1629801145\n|move|p2a: Kyurem|Earth Power|p1a: Arctozolt\n|-supereffective|p1a: Arctozolt\n|-end|p1a: Arctozolt|Substitute\n|move|p1a: Arctozolt|Low Kick|p2a: Kyurem\n|-supereffective|p2a: Kyurem\n|-damage|p2a: Kyurem|32\/100\n|\n|-weather|SunnyDay|[upkeep]\n|upkeep\n|turn|12\n|\n|t:|1629801157\n|switch|p1a: Landorus|Landorus-Therian, M|36\/100\n|-damage|p1a: Landorus|24\/100|[from] Stealth Rock\n|-ability|p1a: Landorus|Intimidate|boost\n|-unboost|p2a: Kyurem|atk|1\n|move|p2a: Kyurem|Weather Ball|p1a: Landorus\n|-damage|p1a: Landorus|0 fnt\n|faint|p1a: Landorus\n|\n|-weather|SunnyDay|[upkeep]\n|upkeep\n|\n|t:|1629801172\n|switch|p1a: Ninetales|Ninetales-Alola, F|100\/100\n|-damage|p1a: Ninetales|76\/100|[from] Stealth Rock\n|-weather|Hail|[from] ability: Snow Warning|[of] p1a: Ninetales\n|turn|13\n|\n|t:|1629801178\n|switch|p2a: Torkoal|Torkoal, F|56\/100\n|-weather|SunnyDay|[from] ability: Drought|[of] p2a: Torkoal\n|move|p1a: Ninetales|Hypnosis|p2a: Torkoal\n|-status|p2a: Torkoal|slp|[from] move: Hypnosis\n|\n|-weather|SunnyDay|[upkeep]\n|upkeep\n|turn|14\n|j| Mynameisabhi\n|\n|t:|1629801186\n|switch|p1a: Melmetal|Melmetal|100\/100\n|-damage|p1a: Melmetal|94\/100|[from] Stealth Rock\n|switch|p2a: Victini|Victini|94\/100\n|\n|-weather|SunnyDay|[upkeep]\n|-heal|p1a: Melmetal|100\/100|[from] item: Leftovers\n|upkeep\n|turn|15\n|\n|t:|1629801198\n|move|p1a: Melmetal|Protect|p1a: Melmetal\n|-singleturn|p1a: Melmetal|Protect\n|move|p2a: Victini|V-create|p1a: Melmetal\n|-activate|p1a: Melmetal|move: Protect\n|\n|-weather|SunnyDay|[upkeep]\n|upkeep\n|turn|16\n|\n|t:|1629801203\n|switch|p1a: Ninetales|Ninetales-Alola, F|76\/100\n|-damage|p1a: Ninetales|51\/100|[from] Stealth Rock\n|-weather|Hail|[from] ability: Snow Warning|[of] p1a: Ninetales\n|move|p2a: Victini|V-create|p1a: Ninetales\n|-supereffective|p1a: Ninetales\n|-damage|p1a: Ninetales|0 fnt\n|-unboost|p2a: Victini|spe|1\n|-unboost|p2a: Victini|def|1\n|-unboost|p2a: Victini|spd|1\n|faint|p1a: Ninetales\n|\n|-weather|Hail|[upkeep]\n|-damage|p2a: Victini|88\/100|[from] Hail\n|upkeep\n|\n|t:|1629801209\n|switch|p1a: Arctozolt|Arctozolt|76\/100\n|turn|17\n|l| Mynameisabhi\n|\n|t:|1629801212\n|switch|p2a: Rillaboom|Rillaboom, M|100\/100\n|-fieldstart|move: Grassy Terrain|[from] ability: Grassy Surge|[of] p2a: Rillaboom\n|move|p1a: Arctozolt|Substitute|p1a: Arctozolt\n|-start|p1a: Arctozolt|Substitute\n|-damage|p1a: Arctozolt|51\/100\n|\n|-weather|Hail|[upkeep]\n|-damage|p2a: Rillaboom|94\/100|[from] Hail\n|-heal|p1a: Arctozolt|57\/100|[from] Grassy Terrain\n|-heal|p2a: Rillaboom|100\/100|[from] Grassy Terrain\n|upkeep\n|turn|18\n|\n|t:|1629801215\n|switch|p2a: Torkoal|Torkoal, F|56\/100 slp\n|-weather|SunnyDay|[from] ability: Drought|[of] p2a: Torkoal\n|move|p1a: Arctozolt|Blizzard|p2a: Torkoal\n|-resisted|p2a: Torkoal\n|-damage|p2a: Torkoal|32\/100 slp\n|\n|-weather|SunnyDay|[upkeep]\n|-heal|p1a: Arctozolt|63\/100|[from] Grassy Terrain\n|-heal|p2a: Torkoal|38\/100 slp|[from] Grassy Terrain\n|upkeep\n|turn|19\n|\n|t:|1629801226\n|move|p1a: Arctozolt|Bolt Beak|p2a: Torkoal\n|-damage|p2a: Torkoal|0 fnt\n|faint|p2a: Torkoal\n|\n|-weather|SunnyDay|[upkeep]\n|-heal|p1a: Arctozolt|69\/100|[from] Grassy Terrain\n|upkeep\n|\n|t:|1629801229\n|switch|p2a: Rillaboom|Rillaboom, M|100\/100\n|turn|20\n|j| wsg7ith\n|\n|t:|1629801239\n|move|p2a: Rillaboom|Grassy Glide|p1a: Arctozolt\n|-end|p1a: Arctozolt|Substitute\n|-damage|p2a: Rillaboom|91\/100|[from] item: Life Orb\n|move|p1a: Arctozolt|Substitute|p1a: Arctozolt\n|-start|p1a: Arctozolt|Substitute\n|-damage|p1a: Arctozolt|44\/100\n|\n|-weather|SunnyDay|[upkeep]\n|-heal|p2a: Rillaboom|97\/100|[from] Grassy Terrain\n|-heal|p1a: Arctozolt|51\/100|[from] Grassy Terrain\n|upkeep\n|turn|21\n|\n|t:|1629801254\n|move|p2a: Rillaboom|Drain Punch|p1a: Arctozolt\n|-supereffective|p1a: Arctozolt\n|-end|p1a: Arctozolt|Substitute\n|-heal|p2a: Rillaboom|100\/100|[from] drain|[of] p1a: Arctozolt\n|-damage|p2a: Rillaboom|91\/100|[from] item: Life Orb\n|move|p1a: Arctozolt|Substitute|p1a: Arctozolt\n|-start|p1a: Arctozolt|Substitute\n|-damage|p1a: Arctozolt|26\/100\n|\n|-weather|SunnyDay|[upkeep]\n|-heal|p2a: Rillaboom|97\/100|[from] Grassy Terrain\n|-heal|p1a: Arctozolt|32\/100|[from] Grassy Terrain\n|-fieldend|move: Grassy Terrain\n|upkeep\n|turn|22\n|\n|t:|1629801266\n|move|p2a: Rillaboom|Drain Punch|p1a: Arctozolt\n|-supereffective|p1a: Arctozolt\n|-crit|p1a: Arctozolt\n|-end|p1a: Arctozolt|Substitute\n|-heal|p2a: Rillaboom|100\/100|[from] drain|[of] p1a: Arctozolt\n|-damage|p2a: Rillaboom|91\/100|[from] item: Life Orb\n|move|p1a: Arctozolt|Blizzard|p2a: Rillaboom\n|-supereffective|p2a: Rillaboom\n|-damage|p2a: Rillaboom|0 fnt\n|faint|p2a: Rillaboom\n|\n|-weather|SunnyDay|[upkeep]\n|upkeep\n|\n|t:|1629801271\n|switch|p2a: Kyurem|Kyurem|32\/100\n|-ability|p2a: Kyurem|Pressure\n|turn|23\n|j| Marquesa-10%\n|\n|t:|1629801281\n|move|p2a: Kyurem|Earth Power|p1a: Arctozolt\n|-supereffective|p1a: Arctozolt\n|-damage|p1a: Arctozolt|0 fnt\n|faint|p1a: Arctozolt\n|\n|-weather|SunnyDay|[upkeep]\n|upkeep\n|\n|t:|1629801284\n|switch|p1a: Melmetal|Melmetal|100\/100\n|-damage|p1a: Melmetal|94\/100|[from] Stealth Rock\n|turn|24\n|\n|t:|1629801286\n|move|p1a: Melmetal|Protect|p1a: Melmetal\n|-singleturn|p1a: Melmetal|Protect\n|move|p2a: Kyurem|Earth Power|p1a: Melmetal\n|-activate|p1a: Melmetal|move: Protect\n|\n|-weather|SunnyDay|[upkeep]\n|-heal|p1a: Melmetal|100\/100|[from] item: Leftovers\n|upkeep\n|turn|25\n|c|\u2606Ackesh|gg\n|\n|t:|1629801292\n|move|p2a: Kyurem|Weather Ball|p1a: Melmetal\n|-supereffective|p1a: Melmetal\n|-damage|p1a: Melmetal|0 fnt\n|faint|p1a: Melmetal\n|\n|win|Ackesh\n|raw|TheonReekGreyjoy's rating: 1766 &rarr; <strong>1754<\/strong><br \/>(-12 for losing)\n|raw|Ackesh's rating: 1911 &rarr; <strong>1923<\/strong><br \/>(+12 for winning)\n|l|\u2606TheonReekGreyjoy\n","uploadtime":1629801298,"views":49,"p1id":"theonreekgreyjoy","p2id":"ackesh","formatid":"gen8ou","rating":1754,"private":0,"password":null}