{"id":"gen8ou-1690760923","p1":"ldailey19","p2":"minimax_ai","format":"gen8ou","log":"|html|<div class=\"broadcast-blue\"><strong>[Gen 8] OU is currently suspecting Melmetal! For information on how to participate check out the <a href=\"https:\/\/www.smogon.com\/forums\/threads\/np-ss-ou-suspect-process-round-12-monster-mash.3709234\/\">suspect thread<\/a>.<\/strong><\/div>\n|j|\u2606ldailey19\n|j|\u2606minimax_ai\n|t:|1666301207\n|gametype|singles\n|player|p1|ldailey19|lance|1621\n|player|p2|minimax_ai|lusamine-nihilego|1605\n|teamsize|p1|6\n|teamsize|p2|6\n|gen|8\n|tier|[Gen 8] OU\n|rated|\n|rule|Sleep Clause Mod: Limit one foe put to sleep\n|rule|Species Clause: Limit one of each Pok\u00e9mon\n|rule|OHKO Clause: OHKO moves are banned\n|rule|Evasion Items Clause: Evasion items are banned\n|rule|Evasion Moves Clause: Evasion moves are banned\n|rule|Endless Battle Clause: Forcing endless battles is banned\n|rule|HP Percentage Mod: HP is shown in percentages\n|rule|Dynamax Clause: You cannot dynamax\n|clearpoke\n|poke|p1|Magnezone|\n|poke|p1|Weavile, M|\n|poke|p1|Urshifu-*, M|\n|poke|p1|Heatran, M|\n|poke|p1|Landorus-Therian, M|\n|poke|p1|Dragapult, F|\n|poke|p2|Rotom-Wash|\n|poke|p2|Weavile, F|\n|poke|p2|Landorus-Therian, M|\n|poke|p2|Heatran, M|\n|poke|p2|Tangrowth, M|\n|poke|p2|Melmetal|\n|teampreview\n|inactive|Battle timer is ON: inactive players will automatically lose when time's up. (requested by ldailey19)\n|c|\u2606minimax_ai|hf\n|inactive|minimax_ai also wants the timer to be on.\n|j| BabyPigsAreLaughin\n|\n|t:|1666301230\n|start\n|switch|p1a: Weavile|Weavile, M|100\/100\n|switch|p2a: rotomwash|Rotom-Wash|100\/100\n|-ability|p1a: Weavile|Pressure\n|turn|1\n|\n|t:|1666301233\n|move|p1a: Weavile|Knock Off|p2a: rotomwash\n|-crit|p2a: rotomwash\n|-damage|p2a: rotomwash|0 fnt\n|-enditem|p2a: rotomwash|Leftovers|[from] move: Knock Off|[of] p1a: Weavile\n|faint|p2a: rotomwash\n|\n|upkeep\n|\n|t:|1666301233\n|switch|p2a: Melmetal|Melmetal|100\/100\n|turn|2\n|\n|t:|1666301240\n|switch|p1a: Landorus|Landorus-Therian, M|100\/100\n|-ability|p1a: Landorus|Intimidate|boost\n|-unboost|p2a: Melmetal|atk|1\n|move|p2a: Melmetal|Double Iron Bash|p1a: Landorus\n|-damage|p1a: Landorus|81\/100\n|-damage|p2a: Melmetal|84\/100|[from] item: Rocky Helmet|[of] p1a: Landorus\n|-damage|p1a: Landorus|60\/100\n|-damage|p2a: Melmetal|67\/100|[from] item: Rocky Helmet|[of] p1a: Landorus\n|-hitcount|p1a: Landorus|2\n|\n|upkeep\n|turn|3\n|\n|t:|1666301253\n|move|p1a: Landorus|Knock Off|p2a: Melmetal\n|-damage|p2a: Melmetal|51\/100\n|-enditem|p2a: Melmetal|Assault Vest|[from] move: Knock Off|[of] p1a: Landorus\n|move|p2a: Melmetal|Ice Punch|p1a: Landorus\n|-supereffective|p1a: Landorus\n|-damage|p1a: Landorus|0 fnt\n|-damage|p2a: Melmetal|35\/100|[from] item: Rocky Helmet|[of] p1a: Landorus\n|faint|p1a: Landorus\n|\n|upkeep\n|\n|t:|1666301268\n|switch|p1a: Dragapult|Dragapult, F, shiny|100\/100\n|turn|4\n|\n|t:|1666301274\n|switch|p2a: Tangrowth|Tangrowth, M|100\/100\n|move|p1a: Dragapult|Flamethrower|p2a: Tangrowth\n|-supereffective|p2a: Tangrowth\n|-damage|p2a: Tangrowth|41\/100\n|\n|upkeep\n|turn|5\n|\n|t:|1666301277\n|switch|p2a: landorustherian|Landorus-Therian, M|100\/100\n|-ability|p2a: landorustherian|Intimidate|boost\n|-unboost|p1a: Dragapult|atk|1\n|move|p1a: Dragapult|Flamethrower|p2a: landorustherian\n|-damage|p2a: landorustherian|84\/100\n|\n|-heal|p2a: landorustherian|91\/100|[from] item: Leftovers\n|upkeep\n|turn|6\n|\n|t:|1666301282\n|move|p1a: Dragapult|U-turn|p2a: landorustherian\n|-resisted|p2a: landorustherian\n|-damage|p2a: landorustherian|84\/100\n|\n|t:|1666301287\n|switch|p1a: Heatran|Heatran, M, shiny|100\/100|[from]move: U-turn\n|-item|p1a: Heatran|Air Balloon\n|move|p2a: landorustherian|Earthquake|p1a: Heatran\n|-immune|p1a: Heatran\n|\n|-heal|p2a: landorustherian|90\/100|[from] item: Leftovers\n|upkeep\n|turn|7\n|\n|t:|1666301294\n|switch|p2a: Heatran|Heatran, M|100\/100\n|-item|p2a: Heatran|Air Balloon\n|move|p1a: Heatran|Flamethrower|p2a: Heatran\n|-start|p2a: Heatran|ability: Flash Fire\n|\n|upkeep\n|turn|8\n|\n|t:|1666301301\n|switch|p1a: Urshifu|Urshifu-Rapid-Strike, M|100\/100\n|move|p2a: Heatran|Eruption|p1a: Urshifu\n|-resisted|p1a: Urshifu\n|-damage|p1a: Urshifu|12\/100\n|\n|upkeep\n|turn|9\n|\n|t:|1666301312\n|-end|p2a: Heatran|ability: Flash Fire|[silent]\n|switch|p2a: Tangrowth|Tangrowth, M|74\/100\n|move|p1a: Urshifu|Close Combat|p2a: Tangrowth\n|-damage|p2a: Tangrowth|41\/100\n|-unboost|p1a: Urshifu|def|1\n|-unboost|p1a: Urshifu|spd|1\n|-damage|p1a: Urshifu|0 fnt|[from] item: Rocky Helmet|[of] p2a: Tangrowth\n|faint|p1a: Urshifu\n|\n|upkeep\n|\n|t:|1666301323\n|switch|p1a: Magnezone|Magnezone, shiny|100\/100\n|turn|10\n|\n|t:|1666301324\n|switch|p2a: landorustherian|Landorus-Therian, M|90\/100\n|-ability|p2a: landorustherian|Intimidate|boost\n|-unboost|p1a: Magnezone|atk|1\n|move|p1a: Magnezone|Flash Cannon|p2a: landorustherian\n|-damage|p2a: landorustherian|46\/100\n|\n|-heal|p2a: landorustherian|52\/100|[from] item: Leftovers\n|upkeep\n|turn|11\n|\n|t:|1666301335\n|switch|p1a: Weavile|Weavile, M|100\/100\n|-ability|p1a: Weavile|Pressure\n|move|p2a: landorustherian|Earthquake|p1a: Weavile\n|-damage|p1a: Weavile|16\/100\n|\n|-heal|p2a: landorustherian|59\/100|[from] item: Leftovers\n|upkeep\n|turn|12\n|\n|t:|1666301342\n|switch|p2a: Heatran|Heatran, M|100\/100\n|-item|p2a: Heatran|Air Balloon\n|move|p1a: Weavile|Knock Off|p2a: Heatran\n|-damage|p2a: Heatran|32\/100\n|-enditem|p2a: Heatran|Air Balloon\n|\n|upkeep\n|turn|13\n|\n|t:|1666301350\n|switch|p1a: Heatran|Heatran, M, shiny|100\/100\n|-item|p1a: Heatran|Air Balloon\n|switch|p2a: Tangrowth|Tangrowth, M|74\/100\n|\n|upkeep\n|turn|14\n|\n|t:|1666301354\n|switch|p2a: Heatran|Heatran, M|32\/100\n|move|p1a: Heatran|Flamethrower|p2a: Heatran\n|-start|p2a: Heatran|ability: Flash Fire\n|\n|upkeep\n|turn|15\n|\n|t:|1666301356\n|move|p2a: Heatran|Stealth Rock|p1a: Heatran\n|-sidestart|p1: ldailey19|move: Stealth Rock\n|move|p1a: Heatran|Earth Power|p2a: Heatran\n|-supereffective|p2a: Heatran\n|-damage|p2a: Heatran|0 fnt\n|faint|p2a: Heatran\n|\n|upkeep\n|\n|t:|1666301356\n|switch|p2a: Weavile|Weavile, F|100\/100\n|-ability|p2a: Weavile|Pressure\n|turn|16\n|\n|t:|1666301360\n|move|p1a: Heatran|Protect|p1a: Heatran\n|-singleturn|p1a: Heatran|Protect\n|move|p2a: Weavile|Low Kick|p1a: Heatran\n|-activate|p1a: Heatran|move: Protect\n|\n|upkeep\n|turn|17\n|\n|t:|1666301369\n|switch|p1a: Weavile|Weavile, M|16\/100\n|-damage|p1a: Weavile|0 fnt|[from] Stealth Rock\n|faint|p1a: Weavile\n|move|p2a: Weavile|Low Kick|p1: Weavile|[notarget]\n|-fail|p2a: Weavile\n|\n|upkeep\n|\n|t:|1666301375\n|switch|p1a: Dragapult|Dragapult, F, shiny|100\/100\n|-damage|p1a: Dragapult|88\/100|[from] Stealth Rock\n|turn|18\n|\n|t:|1666301381\n|switch|p2a: landorustherian|Landorus-Therian, M|59\/100\n|-ability|p2a: landorustherian|Intimidate|boost\n|-unboost|p1a: Dragapult|atk|1\n|move|p1a: Dragapult|Dragon Darts|p2a: landorustherian\n|-damage|p2a: landorustherian|42\/100\n|-anim|p1a: Dragapult|Dragon Darts|p2a: landorustherian\n|-damage|p2a: landorustherian|24\/100\n|\n|-heal|p2a: landorustherian|30\/100|[from] item: Leftovers\n|upkeep\n|turn|19\n|\n|t:|1666301386\n|move|p1a: Dragapult|Dragon Darts|p2a: landorustherian\n|-damage|p2a: landorustherian|14\/100\n|-anim|p1a: Dragapult|Dragon Darts|p2a: landorustherian\n|-damage|p2a: landorustherian|0 fnt\n|faint|p2a: landorustherian\n|\n|upkeep\n|\n|t:|1666301386\n|switch|p2a: Weavile|Weavile, F|100\/100\n|-ability|p2a: Weavile|Pressure\n|turn|20\n|j| Damage Case\n|\n|t:|1666301395\n|switch|p1a: Magnezone|Magnezone, shiny|100\/100\n|-damage|p1a: Magnezone|94\/100|[from] Stealth Rock\n|move|p2a: Weavile|Knock Off|p1a: Magnezone\n|-damage|p1a: Magnezone|33\/100\n|-enditem|p1a: Magnezone|Assault Vest|[from] move: Knock Off|[of] p2a: Weavile\n|\n|upkeep\n|turn|21\n|\n|t:|1666301405\n|move|p2a: Weavile|Knock Off|p1a: Magnezone\n|-damage|p1a: Magnezone|0 fnt\n|faint|p1a: Magnezone\n|\n|upkeep\n|\n|t:|1666301410\n|switch|p1a: Heatran|Heatran, M, shiny|100\/100\n|-damage|p1a: Heatran|88\/100|[from] Stealth Rock\n|-item|p1a: Heatran|Air Balloon\n|turn|22\n|\n|t:|1666301413\n|move|p2a: Weavile|Knock Off|p1a: Heatran\n|-damage|p1a: Heatran|31\/100\n|-enditem|p1a: Heatran|Air Balloon\n|move|p1a: Heatran|Flamethrower|p2a: Weavile\n|-supereffective|p2a: Weavile\n|-damage|p2a: Weavile|0 fnt\n|faint|p2a: Weavile\n|\n|upkeep\n|\n|t:|1666301413\n|switch|p2a: Tangrowth|Tangrowth, M|100\/100\n|turn|23\n|\n|t:|1666301416\n|switch|p2a: Melmetal|Melmetal|35\/100\n|move|p1a: Heatran|Flamethrower|p2a: Melmetal\n|-supereffective|p2a: Melmetal\n|-damage|p2a: Melmetal|0 fnt\n|faint|p2a: Melmetal\n|\n|upkeep\n|\n|t:|1666301416\n|switch|p2a: Tangrowth|Tangrowth, M|100\/100\n|turn|24\n|\n|t:|1666301419\n|move|p1a: Heatran|Flamethrower|p2a: Tangrowth\n|-supereffective|p2a: Tangrowth\n|-damage|p2a: Tangrowth|0 fnt\n|faint|p2a: Tangrowth\n|\n|win|ldailey19\n|raw|ldailey19's rating: 1621 &rarr; <strong>1640<\/strong><br \/>(+19 for winning)\n|raw|minimax_ai's rating: 1605 &rarr; <strong>1586<\/strong><br \/>(-19 for losing)\n|c|\u2606minimax_ai|gg\n","uploadtime":1666301421,"views":4,"p1id":"ldailey19","p2id":"minimaxai","formatid":"gen8ou","rating":1586,"private":0,"password":null}