{"id":"gen8ou-1261070551","p1":"Contorted Lies","p2":"ByronGymLeader","format":"gen8ou","log":"|j|\u2606Contorted Lies\n|j|\u2606ByronGymLeader\n|t:|1610495266\n|player|p1|Contorted Lies|101|1867\n|player|p2|ByronGymLeader|byron|1723\n|teamsize|p1|6\n|teamsize|p2|6\n|gametype|singles\n|gen|8\n|tier|[Gen 8] OU\n|rated|\n|clearpoke\n|poke|p1|Melmetal|\n|poke|p1|Slowking-Galar, F|\n|poke|p1|Rillaboom, M|\n|poke|p1|Swampert, F|\n|poke|p1|Mandibuzz, F|\n|poke|p1|Dragapult, M|\n|poke|p2|Kartana|\n|poke|p2|Landorus-Therian, M|\n|poke|p2|Porygon-Z|\n|poke|p2|Dragonite, M|\n|poke|p2|Milotic, F|\n|poke|p2|Volcarona, F|\n|rule|Sleep Clause Mod: Limit one foe put to sleep\n|rule|Species Clause: Limit one of each Pok\u00e9mon\n|rule|OHKO Clause: OHKO moves are banned\n|rule|Evasion Moves Clause: Evasion moves are banned\n|rule|Endless Battle Clause: Forcing endless battles is banned\n|rule|HP Percentage Mod: HP is shown in percentages\n|rule|Dynamax Clause: You cannot dynamax\n|teampreview\n|j| apple juize\n|j| Vessev\n|j| testinsunny\n|\n|t:|1610495299\n|start\n|switch|p1a: Swampert|Swampert, F|100\/100\n|switch|p2a: Kartana|Kartana|100\/100\n|turn|1\n|inactive|Battle timer is ON: inactive players will automatically lose when time's up. (requested by ByronGymLeader)\n|\n|t:|1610495303\n|switch|p1a: Mandibuzz|Mandibuzz, F|100\/100\n|move|p2a: Kartana|Leaf Blade|p1a: Mandibuzz\n|-resisted|p1a: Mandibuzz\n|-crit|p1a: Mandibuzz\n|-damage|p1a: Mandibuzz|77\/100\n|\n|upkeep\n|turn|2\n|\n|t:|1610495310\n|switch|p2a: Landorus|Landorus-Therian, M|100\/100\n|-ability|p2a: Landorus|Intimidate|boost\n|-unboost|p1a: Mandibuzz|atk|1\n|move|p1a: Mandibuzz|Toxic|p2a: Landorus\n|-status|p2a: Landorus|tox\n|\n|-damage|p2a: Landorus|94\/100 tox|[from] psn\n|upkeep\n|turn|3\n|\n|t:|1610495319\n|move|p1a: Mandibuzz|Foul Play|p2a: Landorus\n|-damage|p2a: Landorus|64\/100 tox\n|-damage|p1a: Mandibuzz|60\/100|[from] item: Rocky Helmet|[of] p2a: Landorus\n|move|p2a: Landorus|Knock Off|p1a: Mandibuzz\n|-resisted|p1a: Mandibuzz\n|-damage|p1a: Mandibuzz|51\/100\n|-enditem|p1a: Mandibuzz|Heavy-Duty Boots|[from] move: Knock Off|[of] p2a: Landorus\n|\n|-damage|p2a: Landorus|52\/100 tox|[from] psn\n|upkeep\n|turn|4\n|\n|t:|1610495327\n|move|p1a: Mandibuzz|Roost|p1a: Mandibuzz\n|-heal|p1a: Mandibuzz|100\/100\n|-singleturn|p1a: Mandibuzz|move: Roost\n|move|p2a: Landorus|U-turn|p1a: Mandibuzz\n|-supereffective|p1a: Mandibuzz\n|-damage|p1a: Mandibuzz|77\/100\n|\n|t:|1610495350\n|switch|p2a: Volcarona|Volcarona, F|100\/100|[from]move: U-turn\n|\n|upkeep\n|turn|5\n|\n|t:|1610495355\n|switch|p1a: Swampert|Swampert, F|100\/100\n|move|p2a: Volcarona|Quiver Dance|p2a: Volcarona\n|-boost|p2a: Volcarona|spa|1\n|-boost|p2a: Volcarona|spd|1\n|-boost|p2a: Volcarona|spe|1\n|\n|upkeep\n|turn|6\n|\n|t:|1610495363\n|move|p2a: Volcarona|Bug Buzz|p1a: Swampert\n|-damage|p1a: Swampert|56\/100\n|move|p1a: Swampert|Toxic|p2a: Volcarona\n|-status|p2a: Volcarona|tox\n|\n|-heal|p1a: Swampert|62\/100|[from] item: Leftovers\n|-damage|p2a: Volcarona|94\/100 tox|[from] psn\n|upkeep\n|turn|7\n|\n|t:|1610495371\n|switch|p1a: Slowking|Slowking-Galar, F|100\/100\n|move|p2a: Volcarona|Bug Buzz|p1a: Slowking\n|-damage|p1a: Slowking|63\/100\n|-unboost|p1a: Slowking|spd|1\n|\n|-damage|p2a: Volcarona|82\/100 tox|[from] psn\n|upkeep\n|turn|8\n|j| yogalpha\n|\n|t:|1610495378\n|switch|p1a: Dragapult|Dragapult, M|100\/100\n|move|p2a: Volcarona|Bug Buzz|p1a: Dragapult\n|-resisted|p1a: Dragapult\n|-damage|p1a: Dragapult|54\/100\n|\n|-damage|p2a: Volcarona|64\/100 tox|[from] psn\n|upkeep\n|turn|9\n|\n|t:|1610495385\n|switch|p1a: Slowking|Slowking-Galar, F|96\/100\n|move|p2a: Volcarona|Psychic|p1a: Slowking\n|-damage|p1a: Slowking|72\/100\n|\n|-damage|p2a: Volcarona|39\/100 tox|[from] psn\n|upkeep\n|turn|10\n|\n|t:|1610495392\n|move|p2a: Volcarona|Bug Buzz|p1a: Slowking\n|-damage|p1a: Slowking|34\/100\n|move|p1a: Slowking|Future Sight|p2a: Volcarona\n|-start|p1a: Slowking|move: Future Sight\n|\n|-damage|p2a: Volcarona|9\/100 tox|[from] psn\n|upkeep\n|turn|11\n|\n|t:|1610495398\n|switch|p1a: Dragapult|Dragapult, M|54\/100\n|move|p2a: Volcarona|Bug Buzz|p1a: Dragapult\n|-resisted|p1a: Dragapult\n|-damage|p1a: Dragapult|2\/100\n|\n|-damage|p2a: Volcarona|0 fnt|[from] psn\n|faint|p2a: Volcarona\n|upkeep\n|\n|t:|1610495407\n|switch|p2a: Milotic|Milotic, F|100\/100\n|turn|12\n|\n|t:|1610495411\n|move|p1a: Dragapult|U-turn|p2a: Milotic\n|-damage|p2a: Milotic|82\/100\n|\n|t:|1610495413\n|switch|p1a: Swampert|Swampert, F|62\/100|[from]move: U-turn\n|move|p2a: Milotic|Mirror Coat||[still]\n|-fail|p2a: Milotic\n|\n|-end|p2a: Milotic|move: Future Sight\n|-damage|p2a: Milotic|47\/100\n|-heal|p1a: Swampert|68\/100|[from] item: Leftovers\n|-heal|p2a: Milotic|53\/100|[from] item: Leftovers\n|upkeep\n|turn|13\n|\n|t:|1610495422\n|switch|p2a: Kartana|Kartana|100\/100\n|move|p1a: Swampert|Stealth Rock|p2a: Kartana\n|-sidestart|p2: ByronGymLeader|move: Stealth Rock\n|\n|-heal|p1a: Swampert|75\/100|[from] item: Leftovers\n|upkeep\n|turn|14\n|\n|t:|1610495428\n|switch|p1a: Mandibuzz|Mandibuzz, F|77\/100\n|move|p2a: Kartana|Leaf Blade|p1a: Mandibuzz\n|-resisted|p1a: Mandibuzz\n|-crit|p1a: Mandibuzz\n|-damage|p1a: Mandibuzz|53\/100\n|\n|upkeep\n|turn|15\n|\n|t:|1610495437\n|move|p2a: Kartana|Swords Dance|p2a: Kartana\n|-boost|p2a: Kartana|atk|2\n|move|p1a: Mandibuzz|Roost|p1a: Mandibuzz\n|-heal|p1a: Mandibuzz|100\/100\n|-singleturn|p1a: Mandibuzz|move: Roost\n|\n|upkeep\n|turn|16\n|\n|t:|1610495443\n|move|p2a: Kartana|Sacred Sword|p1a: Mandibuzz\n|-damage|p1a: Mandibuzz|58\/100\n|move|p1a: Mandibuzz|Foul Play|p2a: Kartana\n|-damage|p2a: Kartana|0 fnt\n|faint|p2a: Kartana\n|\n|upkeep\n|\n|t:|1610495451\n|switch|p2a: Landorus|Landorus-Therian, M|52\/100 tox\n|-damage|p2a: Landorus|39\/100 tox|[from] Stealth Rock\n|-ability|p2a: Landorus|Intimidate|boost\n|-unboost|p1a: Mandibuzz|atk|1\n|turn|17\n|\n|t:|1610495459\n|move|p1a: Mandibuzz|Roost|p1a: Mandibuzz\n|-heal|p1a: Mandibuzz|100\/100\n|-singleturn|p1a: Mandibuzz|move: Roost\n|move|p2a: Landorus|Defog|p1a: Mandibuzz\n|-unboost|p1a: Mandibuzz|evasion|1\n|-sideend|p2: ByronGymLeader|Stealth Rock|[from] move: Defog|[of] p2a: Landorus\n|\n|-damage|p2a: Landorus|33\/100 tox|[from] psn\n|upkeep\n|turn|18\n|\n|t:|1610495467\n|move|p1a: Mandibuzz|Foul Play|p2a: Landorus\n|-damage|p2a: Landorus|0 fnt\n|-damage|p1a: Mandibuzz|84\/100|[from] item: Rocky Helmet|[of] p2a: Landorus\n|faint|p2a: Landorus\n|\n|upkeep\n|\n|t:|1610495473\n|switch|p2a: Dragonite|Dragonite, M|100\/100\n|turn|19\n|\n|t:|1610495479\n|move|p2a: Dragonite|Dragon Dance|p2a: Dragonite\n|-boost|p2a: Dragonite|atk|1\n|-boost|p2a: Dragonite|spe|1\n|move|p1a: Mandibuzz|Toxic|p2a: Dragonite|[miss]\n|-miss|p1a: Mandibuzz|p2a: Dragonite\n|\n|upkeep\n|turn|20\n|\n|t:|1610495484\n|move|p2a: Dragonite|Rock Slide|p1a: Mandibuzz\n|-supereffective|p1a: Mandibuzz\n|-damage|p1a: Mandibuzz|36\/100\n|move|p1a: Mandibuzz|Toxic|p2a: Dragonite|[miss]\n|-miss|p1a: Mandibuzz|p2a: Dragonite\n|\n|upkeep\n|turn|21\n|\n|t:|1610495491\n|move|p2a: Dragonite|Rock Slide|p1a: Mandibuzz\n|-supereffective|p1a: Mandibuzz\n|-damage|p1a: Mandibuzz|0 fnt\n|faint|p1a: Mandibuzz\n|\n|upkeep\n|\n|t:|1610495494\n|switch|p1a: Melmetal|Melmetal|100\/100\n|turn|22\n|\n|t:|1610495497\n|move|p2a: Dragonite|Dragon Dance|p2a: Dragonite\n|-boost|p2a: Dragonite|atk|1\n|-boost|p2a: Dragonite|spe|1\n|move|p1a: Melmetal|Double Iron Bash|p2a: Dragonite\n|-damage|p2a: Dragonite|76\/100\n|-damage|p2a: Dragonite|28\/100\n|-hitcount|p2a: Dragonite|2\n|\n|upkeep\n|turn|23\n|\n|t:|1610495504\n|move|p2a: Dragonite|Earthquake|p1a: Melmetal\n|-supereffective|p1a: Melmetal\n|-damage|p1a: Melmetal|24\/100\n|move|p1a: Melmetal|Double Iron Bash|p2a: Dragonite\n|-damage|p2a: Dragonite|0 fnt\n|-hitcount|p2a: Dragonite|1\n|faint|p2a: Dragonite\n|\n|-heal|p1a: Melmetal|30\/100|[from] item: Leftovers\n|upkeep\n|\n|t:|1610495514\n|switch|p2a: Porygon-Z|Porygon-Z|100\/100\n|turn|24\n|\n|t:|1610495531\n|move|p2a: Porygon-Z|Shadow Ball|p1a: Melmetal\n|-crit|p1a: Melmetal\n|-damage|p1a: Melmetal|0 fnt\n|faint|p1a: Melmetal\n|\n|upkeep\n|\n|t:|1610495540\n|switch|p1a: Swampert|Swampert, F|75\/100\n|turn|25\n|\n|t:|1610495546\n|switch|p2a: Milotic|Milotic, F|53\/100\n|move|p1a: Swampert|Earthquake|p2a: Milotic\n|-damage|p2a: Milotic|13\/100\n|\n|-heal|p1a: Swampert|81\/100|[from] item: Leftovers\n|-heal|p2a: Milotic|19\/100|[from] item: Leftovers\n|upkeep\n|turn|26\n|\n|t:|1610495556\n|move|p1a: Swampert|Flip Turn|p2a: Milotic\n|-resisted|p2a: Milotic\n|-damage|p2a: Milotic|7\/100\n|\n|t:|1610495557\n|switch|p1a: Slowking|Slowking-Galar, F|68\/100|[from]move: Flip Turn\n|move|p2a: Milotic|Flip Turn|p1a: Slowking\n|-damage|p1a: Slowking|53\/100\n|\n|t:|1610495563\n|switch|p2a: Porygon-Z|Porygon-Z|100\/100|[from]move: Flip Turn\n|\n|upkeep\n|turn|27\n|l| testinsunny\n|\n|t:|1610495567\n|move|p2a: Porygon-Z|Shadow Ball|p1a: Slowking\n|-supereffective|p1a: Slowking\n|-damage|p1a: Slowking|20\/100\n|move|p1a: Slowking|Sludge Bomb|p2a: Porygon-Z\n|-damage|p2a: Porygon-Z|34\/100\n|\n|upkeep\n|turn|28\n|\n|t:|1610495573\n|switch|p1a: Swampert|Swampert, F|81\/100\n|move|p2a: Porygon-Z|Shadow Ball|p1a: Swampert\n|-damage|p1a: Swampert|61\/100\n|\n|-heal|p1a: Swampert|67\/100|[from] item: Leftovers\n|upkeep\n|turn|29\n|j| Commando 55\n|-message|ByronGymLeader forfeited.\n|\n|win|Contorted Lies\n|l|\u2606ByronGymLeader\n|l| yogalpha\n|l|\u2606Contorted Lies\n|l| Commando 55\n|l| Vessev\n|raw|Contorted Lies's rating: 1867 &rarr; <strong>1879<\/strong><br \/>(+12 for winning)\n|raw|ByronGymLeader's rating: 1701 &rarr; <strong>1690<\/strong><br \/>(-11 for losing)\n","uploadtime":1610495615,"views":63,"p1id":"contortedlies","p2id":"byrongymleader","formatid":"gen8ou","rating":1690,"private":0,"password":null}