{"id":"gen8nationaldex-1312635068","p1":"Porygon2 Appre.","p2":"cump2","format":"gen8nationaldex","log":"|j|\u2606Porygon2 Appre.\n|j|\u2606cump2\n|t:|1617205621\n|player|p1|Porygon2 Appre.|juan|1216\n|player|p2|cump2|266|1157\n|teamsize|p1|6\n|teamsize|p2|6\n|gametype|singles\n|gen|8\n|tier|[Gen 8] National Dex\n|rated|\n|clearpoke\n|poke|p1|Porygon2|\n|poke|p1|Mawile, M|\n|poke|p1|Slowking, F|\n|poke|p1|Marowak-Alola, M|\n|poke|p1|Stakataka|\n|poke|p1|Tangrowth, M|\n|poke|p2|Volcarona, M|\n|poke|p2|Gliscor, F|\n|poke|p2|Rillaboom, M|\n|poke|p2|Greninja, M|\n|poke|p2|Beedrill, F|\n|poke|p2|Regieleki|\n|rule|HP Percentage Mod: HP is shown in percentages\n|rule|Endless Battle Clause: Forcing endless battles is banned\n|rule|OHKO Clause: OHKO moves are banned\n|rule|Evasion Moves Clause: Evasion moves are banned\n|rule|Species Clause: Limit one of each Pok\u00e9mon\n|rule|Dynamax Clause: You cannot dynamax\n|rule|Sleep Clause Mod: Limit one foe put to sleep\n|teampreview\n|inactive|Battle timer is ON: inactive players will automatically lose when time's up. (requested by Porygon2 Appre.)\n|\n|t:|1617205645\n|start\n|switch|p1a: Sad|Porygon2, shiny|100\/100\n|switch|p2a: Gliscor|Gliscor, F|100\/100\n|-ability|p1a: Sad|Download|boost\n|-boost|p1a: Sad|spa|1\n|turn|1\n|\n|t:|1617205652\n|move|p2a: Gliscor|Stealth Rock|p1a: Sad\n|-sidestart|p1: Porygon2 Appre.|move: Stealth Rock\n|move|p1a: Sad|Ice Beam|p2a: Gliscor\n|-supereffective|p2a: Gliscor\n|-damage|p2a: Gliscor|0 fnt\n|faint|p2a: Gliscor\n|\n|upkeep\n|c|\u2606Porygon2 Appre.|mmmm come here\n|\n|t:|1617205661\n|switch|p2a: Beedrill|Beedrill, F|100\/100\n|turn|2\n|inactive|Porygon2 Appre. has 120 seconds left.\n|\n|t:|1617205695\n|detailschange|p2a: Beedrill|Beedrill-Mega, F\n|-mega|p2a: Beedrill|Beedrill|Beedrillite\n|move|p2a: Beedrill|Poison Jab|p1a: Sad\n|-damage|p1a: Sad|63\/100\n|move|p1a: Sad|Tri Attack|p2a: Beedrill\n|-damage|p2a: Beedrill|10\/100\n|\n|upkeep\n|turn|3\n|\n|t:|1617205702\n|move|p2a: Beedrill|Knock Off|p1a: Sad\n|-damage|p1a: Sad|38\/100\n|-enditem|p1a: Sad|Eviolite|[from] move: Knock Off|[of] p2a: Beedrill\n|move|p1a: Sad|Recover|p1a: Sad\n|-heal|p1a: Sad|88\/100\n|\n|upkeep\n|turn|4\n|\n|t:|1617205708\n|move|p2a: Beedrill|U-turn|p1a: Sad\n|-damage|p1a: Sad|34\/100\n|\n|t:|1617205711\n|switch|p2a: Volcarona|Volcarona, M|100\/100|[from]move: U-turn\n|move|p1a: Sad|Tri Attack|p2a: Volcarona\n|-damage|p2a: Volcarona|43\/100\n|\n|upkeep\n|turn|5\n|\n|t:|1617205717\n|move|p2a: Volcarona|Quiver Dance|p2a: Volcarona\n|-boost|p2a: Volcarona|spa|1\n|-boost|p2a: Volcarona|spd|1\n|-boost|p2a: Volcarona|spe|1\n|move|p1a: Sad|Tri Attack|p2a: Volcarona\n|-damage|p2a: Volcarona|0 fnt\n|faint|p2a: Volcarona\n|\n|upkeep\n|-message|cump2 forfeited.\n|\n|win|Porygon2 Appre.\n|raw|Porygon2 Appre.'s rating: 1216 &rarr; <strong>1237<\/strong><br \/>(+21 for winning)\n|raw|cump2's rating: 1157 &rarr; <strong>1136<\/strong><br \/>(-21 for losing)\n|l|\u2606cump2\n","uploadtime":1617205726,"views":27,"p1id":"porygon2appre","p2id":"cump2","formatid":"gen8nationaldex","rating":1136,"private":0,"password":null}