{"id":"gen8ou-1513737634","p1":"grouxy","p2":"goran el draco","format":"gen8ou","log":"|j|\u2606grouxy\n|j|\u2606goran el draco\n|t:|1645197994\n|gametype|singles\n|player|p1|grouxy|266|1483\n|player|p2|goran el draco|harlequin|1440\n|teamsize|p1|6\n|teamsize|p2|6\n|gen|8\n|tier|[Gen 8] OU\n|rated|\n|rule|Sleep Clause Mod: Limit one foe put to sleep\n|rule|Species Clause: Limit one of each Pok\u00e9mon\n|rule|OHKO Clause: OHKO moves are banned\n|rule|Evasion Moves Clause: Evasion moves are banned\n|rule|Endless Battle Clause: Forcing endless battles is banned\n|rule|HP Percentage Mod: HP is shown in percentages\n|rule|Dynamax Clause: You cannot dynamax\n|clearpoke\n|poke|p1|Azumarill, M|\n|poke|p1|Incineroar, F|\n|poke|p1|Ferrothorn, F|\n|poke|p1|Toxtricity, M|\n|poke|p1|Dragapult, F|\n|poke|p1|Landorus-Therian, M|\n|poke|p2|Slowking-Galar, M|\n|poke|p2|Diggersby, F|\n|poke|p2|Urshifu-*, M|\n|poke|p2|Garchomp, F|\n|poke|p2|Cloyster, F|\n|poke|p2|Ferrothorn, F|\n|teampreview\n|inactive|Battle timer is ON: inactive players will automatically lose when time's up. (requested by goran el draco)\n|\n|t:|1645198003\n|start\n|switch|p1a: Landorus|Landorus-Therian, M|100\/100\n|switch|p2a: Ferrothorn|Ferrothorn, F|100\/100\n|-ability|p1a: Landorus|Intimidate|boost\n|-unboost|p2a: Ferrothorn|atk|1\n|turn|1\n|\n|t:|1645198016\n|switch|p1a: Azumarill|Azumarill, M|100\/100\n|move|p2a: Ferrothorn|Stealth Rock|p1a: Azumarill\n|-sidestart|p1: grouxy|move: Stealth Rock\n|\n|upkeep\n|turn|2\n|\n|t:|1645198023\n|move|p1a: Azumarill|Superpower|p2a: Ferrothorn\n|-supereffective|p2a: Ferrothorn\n|-damage|p2a: Ferrothorn|12\/100\n|-unboost|p1a: Azumarill|atk|1\n|-unboost|p1a: Azumarill|def|1\n|-damage|p1a: Azumarill|88\/100|[from] ability: Iron Barbs|[of] p2a: Ferrothorn\n|move|p2a: Ferrothorn|Leech Seed|p1a: Azumarill\n|-start|p1a: Azumarill|move: Leech Seed\n|\n|-heal|p2a: Ferrothorn|18\/100|[from] item: Leftovers\n|-damage|p1a: Azumarill|76\/100|[from] Leech Seed|[of] p2a: Ferrothorn\n|-heal|p2a: Ferrothorn|32\/100|[silent]\n|upkeep\n|turn|3\n|\n|t:|1645198041\n|switch|p1a: Incineroar|Incineroar, F|100\/100\n|-ability|p1a: Incineroar|Intimidate|boost\n|-unboost|p2a: Ferrothorn|atk|1\n|switch|p2a: Garchomp|Garchomp, F|100\/100\n|\n|upkeep\n|turn|4\n|\n|t:|1645198050\n|switch|p1a: Landorus|Landorus-Therian, M|100\/100\n|-damage|p1a: Landorus|88\/100|[from] Stealth Rock\n|-ability|p1a: Landorus|Intimidate|boost\n|-unboost|p2a: Garchomp|atk|1\n|move|p2a: Garchomp|Earthquake|p1a: Landorus\n|-immune|p1a: Landorus\n|\n|upkeep\n|turn|5\n|\n|t:|1645198073\n|switch|p1a: Dragapult|Dragapult, F|100\/100\n|-damage|p1a: Dragapult|88\/100|[from] Stealth Rock\n|switch|p2a: Ferrothorn|Ferrothorn, F|32\/100\n|\n|-heal|p2a: Ferrothorn|39\/100|[from] item: Leftovers\n|upkeep\n|turn|6\n|\n|t:|1645198082\n|move|p1a: Dragapult|Flamethrower|p2a: Ferrothorn\n|-supereffective|p2a: Ferrothorn\n|-damage|p2a: Ferrothorn|0 fnt\n|faint|p2a: Ferrothorn\n|\n|upkeep\n|\n|t:|1645198091\n|switch|p2a: Garchomp|Garchomp, F|100\/100\n|turn|7\n|\n|t:|1645198106\n|switch|p1a: Azumarill|Azumarill, M|76\/100\n|-damage|p1a: Azumarill|63\/100|[from] Stealth Rock\n|move|p2a: Garchomp|Swords Dance|p2a: Garchomp\n|-boost|p2a: Garchomp|atk|2\n|\n|upkeep\n|turn|8\n|\n|t:|1645198118\n|switch|p1a: Landorus|Landorus-Therian, M|88\/100\n|-damage|p1a: Landorus|76\/100|[from] Stealth Rock\n|-ability|p1a: Landorus|Intimidate|boost\n|-unboost|p2a: Garchomp|atk|1\n|move|p2a: Garchomp|Earthquake|p1a: Landorus\n|-immune|p1a: Landorus\n|\n|upkeep\n|turn|9\n|\n|t:|1645198137\n|switch|p2a: Urshifu|Urshifu-Rapid-Strike, M|100\/100\n|move|p1a: Landorus|U-turn|p2a: Urshifu\n|-resisted|p2a: Urshifu\n|-damage|p2a: Urshifu|87\/100\n|\n|t:|1645198150\n|switch|p1a: Incineroar|Incineroar, F|100\/100|[from]move: U-turn\n|-ability|p1a: Incineroar|Intimidate|boost\n|-unboost|p2a: Urshifu|atk|1\n|\n|upkeep\n|turn|10\n|\n|t:|1645198160\n|switch|p1a: Ferrothorn|Ferrothorn, F|100\/100\n|-damage|p1a: Ferrothorn|95\/100|[from] Stealth Rock\n|move|p2a: Urshifu|Close Combat|p1a: Ferrothorn\n|-supereffective|p1a: Ferrothorn\n|-damage|p1a: Ferrothorn|16\/100\n|-unboost|p2a: Urshifu|def|1\n|-unboost|p2a: Urshifu|spd|1\n|-damage|p2a: Urshifu|75\/100|[from] ability: Iron Barbs|[of] p1a: Ferrothorn\n|-damage|p2a: Urshifu|58\/100|[from] item: Rocky Helmet|[of] p1a: Ferrothorn\n|\n|upkeep\n|turn|11\n|\n|t:|1645198171\n|switch|p1a: Dragapult|Dragapult, F|88\/100\n|-damage|p1a: Dragapult|76\/100|[from] Stealth Rock\n|move|p2a: Urshifu|Close Combat|p1a: Dragapult\n|-immune|p1a: Dragapult\n|\n|upkeep\n|turn|12\n|\n|t:|1645198186\n|switch|p2a: Slowking|Slowking-Galar, M|100\/100\n|move|p1a: Dragapult|Shadow Ball|p2a: Slowking\n|-supereffective|p2a: Slowking\n|-damage|p2a: Slowking|52\/100\n|\n|upkeep\n|turn|13\n|\n|t:|1645198197\n|switch|p1a: Incineroar|Incineroar, F|100\/100\n|-ability|p1a: Incineroar|Intimidate|boost\n|-unboost|p2a: Slowking|atk|1\n|move|p2a: Slowking|Future Sight|p1a: Incineroar\n|-start|p2a: Slowking|move: Future Sight\n|\n|upkeep\n|turn|14\n|\n|t:|1645198206\n|switch|p2a: Urshifu|Urshifu-Rapid-Strike, M|58\/100\n|move|p1a: Incineroar|Parting Shot|p2a: Urshifu\n|-unboost|p2a: Urshifu|atk|1\n|-unboost|p2a: Urshifu|spa|1\n|\n|t:|1645198214\n|switch|p1a: Landorus|Landorus-Therian, M|76\/100|[from]move: Parting Shot\n|-damage|p1a: Landorus|64\/100|[from] Stealth Rock\n|-ability|p1a: Landorus|Intimidate|boost\n|-unboost|p2a: Urshifu|atk|1\n|\n|upkeep\n|turn|15\n|\n|t:|1645198223\n|move|p1a: Landorus|U-turn|p2a: Urshifu\n|-resisted|p2a: Urshifu\n|-damage|p2a: Urshifu|45\/100\n|\n|t:|1645198227\n|switch|p1a: Incineroar|Incineroar, F|100\/100|[from]move: U-turn\n|-ability|p1a: Incineroar|Intimidate|boost\n|-unboost|p2a: Urshifu|atk|1\n|move|p2a: Urshifu|Surging Strikes|p1a: Incineroar\n|-supereffective|p1a: Incineroar\n|-crit|p1a: Incineroar\n|-damage|p1a: Incineroar|34\/100\n|-supereffective|p1a: Incineroar\n|-crit|p1a: Incineroar\n|-damage|p1a: Incineroar|0 fnt\n|faint|p1a: Incineroar\n|-hitcount|p1: Incineroar|2\n|\n|-hint|Future Sight did not hit because the target is fainted.\n|upkeep\n|\n|t:|1645198241\n|switch|p1a: Landorus|Landorus-Therian, M|64\/100\n|-damage|p1a: Landorus|51\/100|[from] Stealth Rock\n|-ability|p1a: Landorus|Intimidate|boost\n|-unboost|p2a: Urshifu|atk|1\n|turn|16\n|\n|t:|1645198247\n|move|p1a: Landorus|Earthquake|p2a: Urshifu\n|-damage|p2a: Urshifu|0 fnt\n|faint|p2a: Urshifu\n|\n|upkeep\n|\n|t:|1645198249\n|switch|p2a: Cloyster|Cloyster, F|100\/100\n|turn|17\n|\n|t:|1645198262\n|move|p1a: Landorus|Earthquake|p2a: Cloyster\n|-damage|p2a: Cloyster|52\/100\n|move|p2a: Cloyster|Shell Smash|p2a: Cloyster\n|-unboost|p2a: Cloyster|def|1\n|-unboost|p2a: Cloyster|spd|1\n|-boost|p2a: Cloyster|atk|2\n|-boost|p2a: Cloyster|spa|2\n|-boost|p2a: Cloyster|spe|2\n|\n|upkeep\n|turn|18\n|\n|t:|1645198271\n|move|p2a: Cloyster|Icicle Spear|p1a: Landorus\n|-supereffective|p1a: Landorus\n|-damage|p1a: Landorus|0 fnt\n|faint|p1a: Landorus\n|-hitcount|p1: Landorus|1\n|\n|upkeep\n|\n|t:|1645198278\n|switch|p1a: Azumarill|Azumarill, M|63\/100\n|-damage|p1a: Azumarill|51\/100|[from] Stealth Rock\n|turn|19\n|\n|t:|1645198283\n|move|p1a: Azumarill|Aqua Jet|p2a: Cloyster\n|-resisted|p2a: Cloyster\n|-damage|p2a: Cloyster|26\/100\n|move|p2a: Cloyster|Icicle Spear|p1a: Azumarill\n|-resisted|p1a: Azumarill\n|-damage|p1a: Azumarill|38\/100\n|-resisted|p1a: Azumarill\n|-damage|p1a: Azumarill|25\/100\n|-resisted|p1a: Azumarill\n|-damage|p1a: Azumarill|12\/100\n|-resisted|p1a: Azumarill\n|-damage|p1a: Azumarill|0 fnt\n|faint|p1a: Azumarill\n|-hitcount|p1: Azumarill|4\n|\n|upkeep\n|\n|t:|1645198297\n|switch|p1a: Toxtricity|Toxtricity, M|100\/100\n|-damage|p1a: Toxtricity|88\/100|[from] Stealth Rock\n|turn|20\n|\n|t:|1645198301\n|move|p2a: Cloyster|Icicle Spear|p1a: Toxtricity\n|-damage|p1a: Toxtricity|52\/100\n|-damage|p1a: Toxtricity|15\/100\n|-damage|p1a: Toxtricity|0 fnt\n|faint|p1a: Toxtricity\n|-hitcount|p1: Toxtricity|3\n|\n|upkeep\n|\n|t:|1645198308\n|switch|p1a: Dragapult|Dragapult, F|76\/100\n|-damage|p1a: Dragapult|64\/100|[from] Stealth Rock\n|turn|21\n|\n|t:|1645198313\n|move|p2a: Cloyster|Icicle Spear|p1a: Dragapult\n|-supereffective|p1a: Dragapult\n|-damage|p1a: Dragapult|0 fnt\n|faint|p1a: Dragapult\n|-hitcount|p1: Dragapult|1\n|\n|upkeep\n|\n|t:|1645198318\n|switch|p1a: Ferrothorn|Ferrothorn, F|16\/100\n|-damage|p1a: Ferrothorn|10\/100|[from] Stealth Rock\n|turn|22\n|\n|t:|1645198322\n|move|p2a: Cloyster|Icicle Spear|p1a: Ferrothorn\n|-damage|p1a: Ferrothorn|0 fnt\n|faint|p1a: Ferrothorn\n|-hitcount|p1: Ferrothorn|1\n|\n|win|goran el draco\n|raw|grouxy's rating: 1483 &rarr; <strong>1461<\/strong><br \/>(-22 for losing)\n|raw|goran el draco's rating: 1440 &rarr; <strong>1462<\/strong><br \/>(+22 for winning)\n|c|\u2606goran el draco|gg\n","uploadtime":1645198337,"views":106,"p1id":"grouxy","p2id":"goraneldraco","formatid":"gen8ou","rating":1461,"private":0,"password":null}