{"id":"gen8ubers-1104859345","p1":"willcoxw","p2":"LittleSpookz","format":"gen8ubers","log":"|j|\u2606willcoxw\n|j|\u2606LittleSpookz\n|player|p1|willcoxw|clair|1725\n|player|p2|LittleSpookz|morty|1676\n|teamsize|p1|6\n|teamsize|p2|6\n|gametype|singles\n|gen|8\n|tier|[Gen 8] Ubers\n|rated|\n|clearpoke\n|poke|p1|Eternatus|\n|poke|p1|Lunala|\n|poke|p1|Ferrothorn, M|\n|poke|p1|Dragapult, M|\n|poke|p1|Necrozma-Dusk-Mane|\n|poke|p1|Zacian-Crowned|\n|poke|p2|Marshadow|\n|poke|p2|Zacian-Crowned|\n|poke|p2|Reshiram|\n|poke|p2|Torkoal, F|\n|poke|p2|Dugtrio, M|\n|poke|p2|Corviknight, F|\n|rule|Sleep Clause Mod: Limit one foe put to sleep\n|rule|Species Clause: Limit one of each Pok\u00e9mon\n|rule|OHKO Clause: OHKO moves are banned\n|rule|Evasion Moves Clause: Evasion moves are banned\n|rule|Endless Battle Clause: Forcing endless battles is banned\n|rule|HP Percentage Mod: HP is shown in percentages\n|html|Ubers Dynamax Clause: Pok\u00e9mon on the <a href=\"https:\/\/www.smogon.com\/dex\/ss\/formats\/uber\/\">Ubers Dynamax Banlist<\/a> cannot Dynamax.\n|teampreview\n|c|\u2606LittleSpookz|hf\n|\n|start\n|switch|p1a: Ferrothorn|Ferrothorn, M|100\/100\n|switch|p2a: Undefeated|Torkoal, F|100\/100\n|-weather|SunnyDay|[from] ability: Drought|[of] p2a: Undefeated\n|turn|1\n|\n|move|p1a: Ferrothorn|Stealth Rock|p2a: Undefeated\n|-sidestart|p2: LittleSpookz|move: Stealth Rock\n|move|p2a: Undefeated|Stealth Rock|p1a: Ferrothorn\n|-sidestart|p1: willcoxw|move: Stealth Rock\n|\n|-weather|SunnyDay|[upkeep]\n|upkeep\n|turn|2\n|\n|move|p1a: Ferrothorn|Knock Off|p2a: Undefeated\n|-damage|p2a: Undefeated|88\/100\n|-enditem|p2a: Undefeated|Heat Rock|[from] move: Knock Off|[of] p1a: Ferrothorn\n|move|p2a: Undefeated|Lava Plume|p1a: Ferrothorn\n|-supereffective|p1a: Ferrothorn\n|-damage|p1a: Ferrothorn|0 fnt\n|faint|p1a: Ferrothorn\n|\n|-weather|SunnyDay|[upkeep]\n|upkeep\n|\n|switch|p1a: Lunala|Lunala|100\/100\n|turn|3\n|\n|move|p1a: Lunala|Moongeist Beam|p2a: Undefeated\n|-damage|p2a: Undefeated|12\/100\n|move|p2a: Undefeated|Lava Plume|p1a: Lunala\n|-damage|p1a: Lunala|87\/100\n|-status|p1a: Lunala|brn\n|\n|-weather|SunnyDay|[upkeep]\n|-damage|p1a: Lunala|81\/100 brn|[from] brn\n|upkeep\n|turn|4\n|\n|move|p1a: Lunala|Moonblast|p2a: Undefeated\n|-resisted|p2a: Undefeated\n|-damage|p2a: Undefeated|0 fnt\n|faint|p2a: Undefeated\n|\n|-weather|SunnyDay|[upkeep]\n|-damage|p1a: Lunala|75\/100 brn|[from] brn\n|upkeep\n|\n|switch|p2a: YU-GI-OH|Reshiram|100\/100\n|-damage|p2a: YU-GI-OH|76\/100|[from] Stealth Rock\n|-ability|p2a: YU-GI-OH|Turboblaze\n|turn|5\n|\n|move|p2a: YU-GI-OH|Blue Flare|p1a: Lunala\n|-damage|p1a: Lunala|0 fnt\n|faint|p1a: Lunala\n|\n|-weather|SunnyDay|[upkeep]\n|upkeep\n|\n|switch|p1a: Eternatus|Eternatus|100\/100\n|-damage|p1a: Eternatus|88\/100|[from] Stealth Rock\n|-ability|p1a: Eternatus|Pressure\n|turn|6\n|\n|switch|p2a: Best Boi|Zacian-Crowned|100\/100\n|-damage|p2a: Best Boi|94\/100|[from] Stealth Rock\n|-ability|p2a: Best Boi|Intrepid Sword|boost\n|-boost|p2a: Best Boi|atk|1\n|move|p1a: Eternatus|Dynamax Cannon|p2a: Best Boi\n|-immune|p2a: Best Boi\n|\n|-weather|SunnyDay|[upkeep]\n|-heal|p1a: Eternatus|94\/100|[from] item: Black Sludge\n|upkeep\n|turn|7\n|\n|move|p2a: Best Boi|Behemoth Blade|p1a: Eternatus\n|-damage|p1a: Eternatus|15\/100\n|move|p1a: Eternatus|Flamethrower|p2a: Best Boi\n|-supereffective|p2a: Best Boi\n|-damage|p2a: Best Boi|0 fnt\n|faint|p2a: Best Boi\n|\n|-weather|SunnyDay|[upkeep]\n|-heal|p1a: Eternatus|21\/100|[from] item: Black Sludge\n|upkeep\n|\n|switch|p2a: Trio Trio Trio|Dugtrio, M|100\/100\n|-damage|p2a: Trio Trio Trio|94\/100|[from] Stealth Rock\n|turn|8\n|j| Dimitri Serafim\n|\n|move|p2a: Trio Trio Trio|Earthquake|p1a: Eternatus\n|-supereffective|p1a: Eternatus\n|-damage|p1a: Eternatus|0 fnt\n|faint|p1a: Eternatus\n|\n|-weather|none\n|upkeep\n|c| Dimitri Serafim|gg\n|l| Dimitri Serafim\n|\n|switch|p1a: Necrozma|Necrozma-Dusk-Mane|100\/100\n|-damage|p1a: Necrozma|94\/100|[from] Stealth Rock\n|turn|9\n|\n|switch|p2a: Best Birb|Corviknight, F, shiny|100\/100\n|-damage|p2a: Best Birb|88\/100|[from] Stealth Rock\n|-ability|p2a: Best Birb|Pressure\n|move|p1a: Necrozma|Thunder Wave|p2a: Best Birb\n|-status|p2a: Best Birb|par\n|\n|-heal|p1a: Necrozma|100\/100|[from] item: Leftovers\n|-heal|p2a: Best Birb|94\/100 par|[from] item: Leftovers\n|upkeep\n|turn|10\n|\n|-start|p2a: Best Birb|Dynamax\n|-formechange|p2a: Best Birb|Corviknight-Gmax\n|-heal|p2a: Best Birb|94\/100 par|[silent]\n|move|p1a: Necrozma|Knock Off|p2a: Best Birb\n|-damage|p2a: Best Birb|85\/100 par\n|-enditem|p2a: Best Birb|Leftovers|[from] move: Knock Off|[of] p1a: Necrozma\n|move|p2a: Best Birb|G-Max Wind Rage|p1a: Necrozma\n|-resisted|p1a: Necrozma\n|-damage|p1a: Necrozma|90\/100\n|-sideend|p1: willcoxw|Stealth Rock|[from] move: G-Max Wind Rage|[of] p2a: Best Birb\n|-sideend|p2: LittleSpookz|Stealth Rock|[from] move: G-Max Wind Rage|[of] p2a: Best Birb\n|\n|-heal|p1a: Necrozma|96\/100|[from] item: Leftovers\n|upkeep\n|turn|11\n|j| Dimitri Serafim\n|\n|switch|p1a: Zacian|Zacian-Crowned|100\/100\n|-ability|p1a: Zacian|Intrepid Sword|boost\n|-boost|p1a: Zacian|atk|1\n|move|p2a: Best Birb|G-Max Wind Rage|p1a: Zacian\n|-resisted|p1a: Zacian\n|-damage|p1a: Zacian|79\/100\n|\n|upkeep\n|turn|12\n|\n|move|p1a: Zacian|Swords Dance|p1a: Zacian\n|-boost|p1a: Zacian|atk|2\n|move|p2a: Best Birb|G-Max Wind Rage|p1a: Zacian\n|-resisted|p1a: Zacian\n|-damage|p1a: Zacian|61\/100\n|\n|-end|p2a: Best Birb|Dynamax\n|-formechange|p2a: Best Birb|Corviknight\n|-heal|p2a: Best Birb|85\/100 par|[silent]\n|upkeep\n|turn|13\n|\n|move|p1a: Zacian|Substitute|p1a: Zacian\n|-start|p1a: Zacian|Substitute\n|-damage|p1a: Zacian|36\/100\n|move|p2a: Best Birb|U-turn|p1a: Zacian\n|-resisted|p1a: Zacian\n|-activate|p1a: Zacian|move: Substitute|[damage]\n|\n|switch|p2a: Spookz|Marshadow|100\/100|[from]move: U-turn\n|\n|upkeep\n|turn|14\n|\n|switch|p1a: Necrozma|Necrozma-Dusk-Mane|96\/100\n|move|p2a: Spookz|Spectral Thief|p1a: Necrozma\n|-supereffective|p1a: Necrozma\n|-damage|p1a: Necrozma|57\/100\n|\n|-heal|p1a: Necrozma|63\/100|[from] item: Leftovers\n|upkeep\n|turn|15\n|\n|switch|p2a: Best Birb|Corviknight, F, shiny|85\/100 par\n|-ability|p2a: Best Birb|Pressure\n|move|p1a: Necrozma|Moonlight|p1a: Necrozma\n|-heal|p1a: Necrozma|100\/100\n|\n|upkeep\n|turn|16\n|\n|switch|p1a: Zacian|Zacian-Crowned|36\/100\n|-ability|p1a: Zacian|Intrepid Sword|boost\n|-boost|p1a: Zacian|atk|1\n|cant|p2a: Best Birb|par\n|\n|upkeep\n|turn|17\n|\n|move|p1a: Zacian|Sacred Sword|p2a: Best Birb\n|-damage|p2a: Best Birb|50\/100 par\n|cant|p2a: Best Birb|par\n|\n|upkeep\n|turn|18\n|\n|move|p1a: Zacian|Substitute|p1a: Zacian\n|-start|p1a: Zacian|Substitute\n|-damage|p1a: Zacian|11\/100\n|move|p2a: Best Birb|Roost|p2a: Best Birb\n|-heal|p2a: Best Birb|99\/100 par\n|-singleturn|p2a: Best Birb|move: Roost\n|\n|upkeep\n|turn|19\n|\n|move|p1a: Zacian|Sacred Sword|p2a: Best Birb\n|-damage|p2a: Best Birb|63\/100 par\n|move|p2a: Best Birb|U-turn|p1a: Zacian\n|-resisted|p1a: Zacian\n|-activate|p1a: Zacian|move: Substitute|[damage]\n|\n|switch|p2a: Spookz|Marshadow|100\/100|[from]move: U-turn\n|\n|upkeep\n|turn|20\n|\n|move|p1a: Zacian|Behemoth Blade|p2a: Spookz\n|-enditem|p2a: Spookz|Focus Sash\n|-damage|p2a: Spookz|1\/100\n|move|p2a: Spookz|Spectral Thief||[still]\n|-clearpositiveboost|p1a: Zacian|p2a: Spookz|move: Spectral Thief\n|-boost|p2a: Spookz|atk|1\n|-anim|p2a: Spookz|Spectral Thief|p1a: Zacian\n|-damage|p1a: Zacian|0 fnt\n|faint|p1a: Zacian\n|\n|upkeep\n|\n|switch|p1a: Necrozma|Necrozma-Dusk-Mane|100\/100\n|turn|21\n|\n|move|p2a: Spookz|Close Combat|p1a: Necrozma\n|-damage|p1a: Necrozma|45\/100\n|-unboost|p2a: Spookz|def|1\n|-unboost|p2a: Spookz|spd|1\n|move|p1a: Necrozma|Knock Off|p2a: Spookz\n|-damage|p2a: Spookz|0 fnt\n|faint|p2a: Spookz\n|\n|-heal|p1a: Necrozma|52\/100|[from] item: Leftovers\n|upkeep\n|\n|switch|p2a: YU-GI-OH|Reshiram|76\/100\n|-ability|p2a: YU-GI-OH|Turboblaze\n|turn|22\n|\n|move|p2a: YU-GI-OH|Blue Flare|p1a: Necrozma\n|-supereffective|p1a: Necrozma\n|-damage|p1a: Necrozma|0 fnt\n|faint|p1a: Necrozma\n|\n|upkeep\n|\n|switch|p1a: Dragapult|Dragapult, M|100\/100\n|turn|23\n|\n|switch|p2a: Best Birb|Corviknight, F, shiny|63\/100 par\n|-ability|p2a: Best Birb|Pressure\n|-start|p1a: Dragapult|Dynamax\n|-heal|p1a: Dragapult|100\/100|[silent]\n|move|p1a: Dragapult|Max Wyrmwind|p2a: Best Birb\n|-resisted|p2a: Best Birb\n|-damage|p2a: Best Birb|41\/100 par\n|-unboost|p2a: Best Birb|atk|1\n|\n|upkeep\n|turn|24\n|\n|move|p1a: Dragapult|Max Wyrmwind|p2a: Best Birb\n|-resisted|p2a: Best Birb\n|-damage|p2a: Best Birb|17\/100 par\n|-unboost|p2a: Best Birb|atk|1\n|move|p2a: Best Birb|Roost|p2a: Best Birb\n|-heal|p2a: Best Birb|67\/100 par\n|-singleturn|p2a: Best Birb|move: Roost\n|\n|upkeep\n|turn|25\n|\n|move|p1a: Dragapult|Max Guard|p1a: Dragapult\n|-singleturn|p1a: Dragapult|Max Guard\n|move|p2a: Best Birb|Roost|p2a: Best Birb\n|-heal|p2a: Best Birb|100\/100 par\n|-singleturn|p2a: Best Birb|move: Roost\n|\n|-end|p1a: Dragapult|Dynamax\n|-heal|p1a: Dragapult|100\/100|[silent]\n|upkeep\n|turn|26\n|\n|move|p1a: Dragapult|Substitute|p1a: Dragapult\n|-start|p1a: Dragapult|Substitute\n|-damage|p1a: Dragapult|76\/100\n|move|p2a: Best Birb|U-turn|p1a: Dragapult\n|-resisted|p1a: Dragapult\n|-activate|p1a: Dragapult|move: Substitute|[damage]\n|\n|switch|p2a: Trio Trio Trio|Dugtrio, M|94\/100|[from]move: U-turn\n|\n|upkeep\n|turn|27\n|\n|move|p2a: Trio Trio Trio|Earthquake|p1a: Dragapult\n|-end|p1a: Dragapult|Substitute\n|move|p1a: Dragapult|Dragon Dance|p1a: Dragapult\n|-boost|p1a: Dragapult|atk|1\n|-boost|p1a: Dragapult|spe|1\n|\n|upkeep\n|turn|28\n|\n|move|p1a: Dragapult|Phantom Force||[still]\n|-prepare|p1a: Dragapult|Phantom Force|p2a: Trio Trio Trio\n|move|p2a: Trio Trio Trio|Earthquake|p1a: Dragapult|[miss]\n|-miss|p2a: Trio Trio Trio|p1a: Dragapult\n|\n|upkeep\n|turn|29\n|\n|switch|p2a: Best Birb|Corviknight, F, shiny|100\/100 par\n|-ability|p2a: Best Birb|Pressure\n|move|p1a: Dragapult|Phantom Force|p2a: Best Birb|[from]lockedmove\n|-damage|p2a: Best Birb|58\/100 par\n|\n|upkeep\n|turn|30\n|\n|move|p1a: Dragapult|Phantom Force||[still]\n|-prepare|p1a: Dragapult|Phantom Force|p2a: Best Birb\n|move|p2a: Best Birb|Roost|p2a: Best Birb\n|-heal|p2a: Best Birb|100\/100 par\n|-singleturn|p2a: Best Birb|move: Roost\n|\n|upkeep\n|turn|31\n|\n|move|p1a: Dragapult|Phantom Force|p2a: Best Birb|[from]lockedmove\n|-damage|p2a: Best Birb|58\/100 par\n|move|p2a: Best Birb|Taunt|p1a: Dragapult\n|-start|p1a: Dragapult|move: Taunt\n|\n|upkeep\n|turn|32\n|j| Bobsor\n|\n|move|p1a: Dragapult|Phantom Force||[still]\n|-prepare|p1a: Dragapult|Phantom Force|p2a: Best Birb\n|move|p2a: Best Birb|Roost|p2a: Best Birb\n|-heal|p2a: Best Birb|100\/100 par\n|-singleturn|p2a: Best Birb|move: Roost\n|\n|upkeep\n|turn|33\n|\n|move|p1a: Dragapult|Phantom Force|p2a: Best Birb|[from]lockedmove\n|-damage|p2a: Best Birb|58\/100 par\n|move|p2a: Best Birb|Brave Bird|p1a: Dragapult\n|-damage|p1a: Dragapult|30\/100\n|-damage|p2a: Best Birb|46\/100 par|[from] Recoil\n|\n|upkeep\n|turn|34\n|\n|move|p1a: Dragapult|Phantom Force||[still]\n|-prepare|p1a: Dragapult|Phantom Force|p2a: Best Birb\n|move|p2a: Best Birb|Roost|p2a: Best Birb\n|-heal|p2a: Best Birb|96\/100 par\n|-singleturn|p2a: Best Birb|move: Roost\n|\n|-end|p1a: Dragapult|move: Taunt\n|upkeep\n|turn|35\n|\n|move|p1a: Dragapult|Phantom Force|p2a: Best Birb|[from]lockedmove\n|-damage|p2a: Best Birb|50\/100 par\n|move|p2a: Best Birb|Brave Bird|p1a: Dragapult\n|-damage|p1a: Dragapult|0 fnt\n|-damage|p2a: Best Birb|43\/100 par|[from] Recoil\n|faint|p1a: Dragapult\n|\n|win|LittleSpookz\n|c| Dimitri Serafim|wp\n|c|\u2606LittleSpookz|gg\n|l|\u2606willcoxw\n|l|\u2606LittleSpookz\n|raw|willcoxw's rating: 1725 &rarr; <strong>1702<\/strong><br \/>(-23 for losing)\n|raw|LittleSpookz's rating: 1676 &rarr; <strong>1699<\/strong><br \/>(+23 for winning)\n","uploadtime":1588080050,"views":114,"p1id":"willcoxw","p2id":"littlespookz","formatid":"gen8ubers","rating":1699,"private":0,"password":null}