{"id":"gen8ou-1705130302","p1":"BTLT200$ FILO","p2":"seelbachariot","format":"gen8ou","log":"|raw|<div class=\"broadcast-blue\"><strong>This battle is required to be public due to a player having a name starting with 'btlt200'.<\/div>\n|j|\u2606BTLT200$ FILO\n|j|\u2606seelbachariot\n|t:|1667850149\n|gametype|singles\n|player|p1|BTLT200$ FILO|emma|1765\n|player|p2|seelbachariot|sabrina|1799\n|teamsize|p1|6\n|teamsize|p2|6\n|gen|8\n|tier|[Gen 8] OU\n|rated|\n|rule|Sleep Clause Mod: Limit one foe put to sleep\n|rule|Species Clause: Limit one of each Pok\u00e9mon\n|rule|OHKO Clause: OHKO moves are banned\n|rule|Evasion Items Clause: Evasion items are banned\n|rule|Evasion Moves Clause: Evasion moves are banned\n|rule|Endless Battle Clause: Forcing endless battles is banned\n|rule|HP Percentage Mod: HP is shown in percentages\n|rule|Dynamax Clause: You cannot dynamax\n|clearpoke\n|poke|p1|Moltres-Galar|\n|poke|p1|Slowking-Galar, F|\n|poke|p1|Kartana|\n|poke|p1|Buzzwole|\n|poke|p1|Landorus-Therian, M|\n|poke|p1|Heatran, F|\n|poke|p2|Hydreigon, F|\n|poke|p2|Urshifu-*, F|\n|poke|p2|Slowking-Galar, M|\n|poke|p2|Tapu Koko|\n|poke|p2|Hippowdon, F|\n|poke|p2|Corviknight, F|\n|teampreview\n|inactive|Battle timer is ON: inactive players will automatically lose when time's up. (requested by seelbachariot)\n|j| ajfadjfa\n|\n|t:|1667850165\n|start\n|switch|p1a: Moltres|Moltres-Galar|100\/100\n|switch|p2a: Urshifu|Urshifu-Rapid-Strike, F|100\/100\n|turn|1\n|j| Phxo'\n|\n|t:|1667850190\n|switch|p2a: Tapu Koko|Tapu Koko|100\/100\n|-fieldstart|move: Electric Terrain|[from] ability: Electric Surge|[of] p2a: Tapu Koko\n|switch|p1a: Buzzwole|Buzzwole|100\/100\n|\n|upkeep\n|turn|2\n|l| ajfadjfa\n|\n|t:|1667850200\n|switch|p2a: Corviknight|Corviknight, F|100\/100\n|-ability|p2a: Corviknight|Pressure\n|switch|p1a: Landorus|Landorus-Therian, M, shiny|100\/100\n|-ability|p1a: Landorus|Intimidate|boost\n|-unboost|p2a: Corviknight|atk|1\n|\n|upkeep\n|turn|3\n|\n|t:|1667850210\n|move|p1a: Landorus|Knock Off|p2a: Corviknight\n|-damage|p2a: Corviknight|82\/100\n|-damage|p1a: Landorus|84\/100|[from] item: Rocky Helmet|[of] p2a: Corviknight\n|-enditem|p2a: Corviknight|Rocky Helmet|[from] move: Knock Off|[of] p1a: Landorus\n|move|p2a: Corviknight|U-turn|p1a: Landorus\n|-resisted|p1a: Landorus\n|-damage|p1a: Landorus|79\/100\n|\n|t:|1667850216\n|switch|p2a: Hydreigon|Hydreigon, F|100\/100|[from]move: U-turn\n|\n|-heal|p1a: Landorus|85\/100|[from] item: Leftovers\n|upkeep\n|turn|4\n|\n|t:|1667850222\n|switch|p1a: Moltres|Moltres-Galar|100\/100\n|move|p2a: Hydreigon|Dark Pulse|p1a: Moltres\n|-resisted|p1a: Moltres\n|-damage|p1a: Moltres|75\/100\n|\n|upkeep\n|turn|5\n|\n|t:|1667850230\n|switch|p2a: Tapu Koko|Tapu Koko|100\/100\n|move|p1a: Moltres|Hurricane|p2a: Tapu Koko|[miss]\n|-miss|p1a: Moltres|p2a: Tapu Koko\n|\n|-fieldend|move: Electric Terrain\n|upkeep\n|turn|6\n|\n|t:|1667850244\n|switch|p1a: Slowking|Slowking-Galar, F|100\/100\n|move|p2a: Tapu Koko|Toxic|p1a: Slowking\n|-immune|p1a: Slowking\n|\n|upkeep\n|turn|7\n|\n|t:|1667850258\n|switch|p2a: Hippowdon|Hippowdon, F|100\/100\n|-weather|Sandstorm|[from] ability: Sand Stream|[of] p2a: Hippowdon\n|move|p1a: Slowking|Scald|p2a: Hippowdon\n|-supereffective|p2a: Hippowdon\n|-damage|p2a: Hippowdon|69\/100\n|\n|-weather|Sandstorm|[upkeep]\n|-damage|p1a: Slowking|94\/100|[from] Sandstorm\n|-heal|p2a: Hippowdon|75\/100|[from] item: Leftovers\n|upkeep\n|turn|8\n|inactive|BTLT200$ FILO has 120 seconds left.\n|j| El Pogo Loco\n|j| Wise comedian\n|j| DukeStarr\n|\n|t:|1667850312\n|switch|p1a: Moltres|Moltres-Galar|75\/100\n|move|p2a: Hippowdon|Stealth Rock|p1a: Moltres\n|-sidestart|p1: BTLT200$ FILO|move: Stealth Rock\n|\n|-weather|Sandstorm|[upkeep]\n|-damage|p1a: Moltres|69\/100|[from] Sandstorm\n|-heal|p2a: Hippowdon|81\/100|[from] item: Leftovers\n|upkeep\n|turn|9\n|\n|t:|1667850325\n|switch|p2a: Tapu Koko|Tapu Koko|100\/100\n|-fieldstart|move: Electric Terrain|[from] ability: Electric Surge|[of] p2a: Tapu Koko\n|move|p1a: Moltres|U-turn|p2a: Tapu Koko\n|-resisted|p2a: Tapu Koko\n|-damage|p2a: Tapu Koko|92\/100\n|\n|t:|1667850327\n|switch|p1a: Landorus|Landorus-Therian, M, shiny|85\/100|[from]move: U-turn\n|-damage|p1a: Landorus|73\/100|[from] Stealth Rock\n|-ability|p1a: Landorus|Intimidate|boost\n|-unboost|p2a: Tapu Koko|atk|1\n|\n|-weather|Sandstorm|[upkeep]\n|-damage|p2a: Tapu Koko|86\/100|[from] Sandstorm\n|-heal|p1a: Landorus|79\/100|[from] item: Leftovers\n|upkeep\n|turn|10\n|inactive|seelbachariot has 120 seconds left.\n|\n|t:|1667850369\n|switch|p2a: Hippowdon|Hippowdon, F|81\/100\n|move|p1a: Landorus|Defog|p2a: Hippowdon\n|-unboost|p2a: Hippowdon|evasion|1\n|-sideend|p1: BTLT200$ FILO|Stealth Rock|[from] move: Defog|[of] p1a: Landorus\n|-fieldend|move: Electric Terrain\n|\n|-weather|Sandstorm|[upkeep]\n|-heal|p1a: Landorus|85\/100|[from] item: Leftovers\n|-heal|p2a: Hippowdon|87\/100|[from] item: Leftovers\n|upkeep\n|turn|11\n|\n|t:|1667850386\n|move|p1a: Landorus|U-turn|p2a: Hippowdon\n|-damage|p2a: Hippowdon|72\/100\n|\n|t:|1667850387\n|switch|p1a: Moltres|Moltres-Galar|69\/100|[from]move: U-turn\n|move|p2a: Hippowdon|Toxic|p1a: Moltres\n|-status|p1a: Moltres|tox\n|\n|-weather|none\n|-heal|p2a: Hippowdon|78\/100|[from] item: Leftovers\n|-damage|p1a: Moltres|62\/100 tox|[from] psn\n|upkeep\n|turn|12\n|\n|t:|1667850397\n|switch|p2a: Tapu Koko|Tapu Koko|86\/100\n|-fieldstart|move: Electric Terrain|[from] ability: Electric Surge|[of] p2a: Tapu Koko\n|move|p1a: Moltres|U-turn|p2a: Tapu Koko\n|-resisted|p2a: Tapu Koko\n|-damage|p2a: Tapu Koko|78\/100\n|\n|t:|1667850401\n|switch|p1a: Heatran|Heatran, F|100\/100|[from]move: U-turn\n|\n|upkeep\n|turn|13\n|l| DukeStarr\n|inactive|seelbachariot has 120 seconds left.\n|\n|t:|1667850411\n|move|p2a: Tapu Koko|Volt Switch|p1a: Heatran\n|-damage|p1a: Heatran|79\/100\n|inactive|seelbachariot has 120 seconds left.\n|\n|t:|1667850417\n|switch|p2a: Urshifu|Urshifu-Rapid-Strike, F|100\/100|[from]move: Volt Switch\n|move|p1a: Heatran|Toxic|p2a: Urshifu\n|-status|p2a: Urshifu|tox\n|\n|-heal|p1a: Heatran|85\/100|[from] item: Leftovers\n|-damage|p2a: Urshifu|94\/100 tox|[from] psn\n|upkeep\n|turn|14\n|\n|t:|1667850423\n|switch|p2a: Hydreigon|Hydreigon, F|100\/100\n|switch|p1a: Buzzwole|Buzzwole|100\/100\n|\n|upkeep\n|turn|15\n|\n|t:|1667850428\n|switch|p1a: Slowking|Slowking-Galar, F|100\/100\n|move|p2a: Hydreigon|Draco Meteor|p1a: Slowking\n|-damage|p1a: Slowking|54\/100\n|-unboost|p2a: Hydreigon|spa|2\n|\n|upkeep\n|turn|16\n|\n|t:|1667850437\n|switch|p2a: Hippowdon|Hippowdon, F|78\/100\n|-weather|Sandstorm|[from] ability: Sand Stream|[of] p2a: Hippowdon\n|move|p1a: Slowking|Sludge Bomb|p2a: Hippowdon\n|-resisted|p2a: Hippowdon\n|-damage|p2a: Hippowdon|65\/100\n|\n|-weather|Sandstorm|[upkeep]\n|-damage|p1a: Slowking|48\/100|[from] Sandstorm\n|-heal|p2a: Hippowdon|71\/100|[from] item: Leftovers\n|-fieldend|move: Electric Terrain\n|upkeep\n|turn|17\n|\n|t:|1667850443\n|move|p2a: Hippowdon|Stealth Rock|p1a: Slowking\n|-sidestart|p1: BTLT200$ FILO|move: Stealth Rock\n|move|p1a: Slowking|Scald|p2a: Hippowdon\n|-supereffective|p2a: Hippowdon\n|-damage|p2a: Hippowdon|35\/100\n|-status|p2a: Hippowdon|brn\n|\n|-weather|Sandstorm|[upkeep]\n|-damage|p1a: Slowking|42\/100|[from] Sandstorm\n|-heal|p2a: Hippowdon|41\/100 brn|[from] item: Leftovers\n|-damage|p2a: Hippowdon|35\/100 brn|[from] brn\n|upkeep\n|turn|18\n|\n|t:|1667850454\n|move|p2a: Hippowdon|Slack Off|p2a: Hippowdon\n|-heal|p2a: Hippowdon|85\/100 brn\n|move|p1a: Slowking|Future Sight|p2a: Hippowdon\n|-start|p1a: Slowking|move: Future Sight\n|\n|-weather|Sandstorm|[upkeep]\n|-damage|p1a: Slowking|36\/100|[from] Sandstorm\n|-heal|p2a: Hippowdon|91\/100 brn|[from] item: Leftovers\n|-damage|p2a: Hippowdon|85\/100 brn|[from] brn\n|upkeep\n|turn|19\n|\n|t:|1667850458\n|switch|p1a: Landorus|Landorus-Therian, M, shiny|85\/100\n|-damage|p1a: Landorus|73\/100|[from] Stealth Rock\n|-ability|p1a: Landorus|Intimidate|boost\n|-unboost|p2a: Hippowdon|atk|1\n|move|p2a: Hippowdon|Toxic|p1a: Landorus\n|-status|p1a: Landorus|tox\n|\n|-weather|Sandstorm|[upkeep]\n|-heal|p1a: Landorus|79\/100 tox|[from] item: Leftovers\n|-heal|p2a: Hippowdon|91\/100 brn|[from] item: Leftovers\n|-damage|p1a: Landorus|73\/100 tox|[from] psn\n|-damage|p2a: Hippowdon|85\/100 brn|[from] brn\n|upkeep\n|turn|20\n|\n|t:|1667850463\n|switch|p2a: Hydreigon|Hydreigon, F|100\/100\n|move|p1a: Landorus|Defog|p2a: Hydreigon\n|-unboost|p2a: Hydreigon|evasion|1\n|-sideend|p1: BTLT200$ FILO|Stealth Rock|[from] move: Defog|[of] p1a: Landorus\n|\n|-weather|none\n|-end|p2a: Hydreigon|move: Future Sight\n|-immune|p2a: Hydreigon\n|-heal|p1a: Landorus|79\/100 tox|[from] item: Leftovers\n|-damage|p1a: Landorus|67\/100 tox|[from] psn\n|upkeep\n|turn|21\n|\n|t:|1667850467\n|switch|p1a: Moltres|Moltres-Galar|62\/100 tox\n|move|p2a: Hydreigon|Dark Pulse|p1a: Moltres\n|-resisted|p1a: Moltres\n|-damage|p1a: Moltres|38\/100 tox\n|-ability|p1a: Moltres|Berserk|boost\n|-boost|p1a: Moltres|spa|1\n|\n|-damage|p1a: Moltres|32\/100 tox|[from] psn\n|upkeep\n|turn|22\n|\n|t:|1667850475\n|switch|p2a: Tapu Koko|Tapu Koko|78\/100\n|-fieldstart|move: Electric Terrain|[from] ability: Electric Surge|[of] p2a: Tapu Koko\n|move|p1a: Moltres|Hurricane|p2a: Tapu Koko\n|-resisted|p2a: Tapu Koko\n|-damage|p2a: Tapu Koko|0 fnt\n|faint|p2a: Tapu Koko\n|\n|-damage|p1a: Moltres|20\/100 tox|[from] psn\n|upkeep\n|\n|t:|1667850484\n|switch|p2a: Hydreigon|Hydreigon, F|100\/100\n|turn|23\n|\n|t:|1667850489\n|move|p2a: Hydreigon|Dark Pulse|p1a: Moltres\n|-resisted|p1a: Moltres\n|-damage|p1a: Moltres|0 fnt\n|faint|p1a: Moltres\n|\n|upkeep\n|\n|t:|1667850494\n|switch|p1a: Buzzwole|Buzzwole|100\/100\n|turn|24\n|\n|t:|1667850503\n|switch|p2a: Corviknight|Corviknight, F|82\/100\n|-ability|p2a: Corviknight|Pressure\n|move|p1a: Buzzwole|Ice Punch|p2a: Corviknight\n|-damage|p2a: Corviknight|66\/100\n|\n|upkeep\n|turn|25\n|\n|t:|1667850508\n|switch|p1a: Heatran|Heatran, F|85\/100\n|move|p2a: Corviknight|Roost|p2a: Corviknight\n|-heal|p2a: Corviknight|100\/100\n|-singleturn|p2a: Corviknight|move: Roost\n|\n|-heal|p1a: Heatran|91\/100|[from] item: Leftovers\n|upkeep\n|turn|26\n|\n|t:|1667850513\n|switch|p2a: Hippowdon|Hippowdon, F|85\/100 brn\n|-weather|Sandstorm|[from] ability: Sand Stream|[of] p2a: Hippowdon\n|move|p1a: Heatran|Stealth Rock|p2a: Hippowdon\n|-sidestart|p2: seelbachariot|move: Stealth Rock\n|\n|-weather|Sandstorm|[upkeep]\n|-heal|p1a: Heatran|97\/100|[from] item: Leftovers\n|-heal|p2a: Hippowdon|91\/100 brn|[from] item: Leftovers\n|-damage|p2a: Hippowdon|85\/100 brn|[from] brn\n|-fieldend|move: Electric Terrain\n|upkeep\n|turn|27\n|\n|t:|1667850519\n|switch|p1a: Kartana|Kartana|100\/100\n|move|p2a: Hippowdon|Stealth Rock|p1a: Kartana\n|-sidestart|p1: BTLT200$ FILO|move: Stealth Rock\n|\n|-weather|Sandstorm|[upkeep]\n|-heal|p2a: Hippowdon|91\/100 brn|[from] item: Leftovers\n|-damage|p2a: Hippowdon|85\/100 brn|[from] brn\n|upkeep\n|turn|28\n|\n|t:|1667850533\n|switch|p1a: Heatran|Heatran, F|97\/100\n|-damage|p1a: Heatran|85\/100|[from] Stealth Rock\n|move|p2a: Hippowdon|Earthquake|p1a: Heatran\n|-supereffective|p1a: Heatran\n|-damage|p1a: Heatran|24\/100\n|\n|-weather|Sandstorm|[upkeep]\n|-heal|p1a: Heatran|30\/100|[from] item: Leftovers\n|-heal|p2a: Hippowdon|91\/100 brn|[from] item: Leftovers\n|-damage|p2a: Hippowdon|85\/100 brn|[from] brn\n|upkeep\n|turn|29\n|\n|t:|1667850543\n|switch|p1a: Landorus|Landorus-Therian, M, shiny|67\/100 tox\n|-damage|p1a: Landorus|54\/100 tox|[from] Stealth Rock\n|-ability|p1a: Landorus|Intimidate|boost\n|-unboost|p2a: Hippowdon|atk|1\n|move|p2a: Hippowdon|Toxic|p1a: Landorus\n|-fail|p1a: Landorus|tox\n|\n|-weather|Sandstorm|[upkeep]\n|-heal|p1a: Landorus|60\/100 tox|[from] item: Leftovers\n|-heal|p2a: Hippowdon|91\/100 brn|[from] item: Leftovers\n|-damage|p1a: Landorus|54\/100 tox|[from] psn\n|-damage|p2a: Hippowdon|85\/100 brn|[from] brn\n|upkeep\n|turn|30\n|\n|t:|1667850546\n|move|p1a: Landorus|Knock Off|p2a: Hippowdon\n|-damage|p2a: Hippowdon|64\/100 brn\n|-enditem|p2a: Hippowdon|Leftovers|[from] move: Knock Off|[of] p1a: Landorus\n|move|p2a: Hippowdon|Slack Off|p2a: Hippowdon\n|-heal|p2a: Hippowdon|100\/100 brn\n|\n|-weather|none\n|-heal|p1a: Landorus|60\/100 tox|[from] item: Leftovers\n|-damage|p1a: Landorus|48\/100 tox|[from] psn\n|-damage|p2a: Hippowdon|94\/100 brn|[from] brn\n|upkeep\n|turn|31\n|\n|t:|1667850549\n|move|p1a: Landorus|U-turn|p2a: Hippowdon\n|-damage|p2a: Hippowdon|80\/100 brn\n|\n|t:|1667850552\n|switch|p1a: Kartana|Kartana|100\/100|[from]move: U-turn\n|-damage|p1a: Kartana|94\/100|[from] Stealth Rock\n|move|p2a: Hippowdon|Stealth Rock||[still]\n|-fail|p2a: Hippowdon\n|\n|-damage|p2a: Hippowdon|74\/100 brn|[from] brn\n|upkeep\n|turn|32\n|\n|t:|1667850556\n|switch|p2a: Corviknight|Corviknight, F|100\/100\n|-damage|p2a: Corviknight|88\/100|[from] Stealth Rock\n|-ability|p2a: Corviknight|Pressure\n|move|p1a: Kartana|Leaf Blade|p2a: Corviknight\n|-resisted|p2a: Corviknight\n|-damage|p2a: Corviknight|80\/100\n|\n|upkeep\n|turn|33\n|\n|t:|1667850561\n|move|p1a: Kartana|Leaf Blade|p2a: Corviknight\n|-resisted|p2a: Corviknight\n|-damage|p2a: Corviknight|70\/100\n|move|p2a: Corviknight|U-turn|p1a: Kartana\n|-damage|p1a: Kartana|80\/100\n|\n|t:|1667850567\n|switch|p2a: Hydreigon|Hydreigon, F|100\/100|[from]move: U-turn\n|-damage|p2a: Hydreigon|88\/100|[from] Stealth Rock\n|\n|upkeep\n|turn|34\n|l| El Pogo Loco\n|\n|t:|1667850573\n|switch|p1a: Landorus|Landorus-Therian, M, shiny|48\/100 tox\n|-damage|p1a: Landorus|36\/100 tox|[from] Stealth Rock\n|-ability|p1a: Landorus|Intimidate|boost\n|-unboost|p2a: Hydreigon|atk|1\n|move|p2a: Hydreigon|Dark Pulse|p1a: Landorus\n|-damage|p1a: Landorus|0 fnt\n|faint|p1a: Landorus\n|\n|upkeep\n|\n|t:|1667850576\n|switch|p1a: Buzzwole|Buzzwole|100\/100\n|-damage|p1a: Buzzwole|88\/100|[from] Stealth Rock\n|turn|35\n|j| maknoi\n|\n|t:|1667850582\n|switch|p2a: Slowking|Slowking-Galar, M|100\/100\n|-damage|p2a: Slowking|88\/100|[from] Stealth Rock\n|move|p1a: Buzzwole|Leech Life|p2a: Slowking\n|-damage|p2a: Slowking|53\/100\n|-heal|p1a: Buzzwole|100\/100|[from] drain|[of] p2a: Slowking\n|\n|upkeep\n|turn|36\n|\n|t:|1667850591\n|switch|p1a: Heatran|Heatran, F|30\/100\n|-damage|p1a: Heatran|18\/100|[from] Stealth Rock\n|switch|p2a: Hippowdon|Hippowdon, F|74\/100 brn\n|-damage|p2a: Hippowdon|67\/100 brn|[from] Stealth Rock\n|-weather|Sandstorm|[from] ability: Sand Stream|[of] p2a: Hippowdon\n|\n|-weather|Sandstorm|[upkeep]\n|-heal|p1a: Heatran|24\/100|[from] item: Leftovers\n|-damage|p2a: Hippowdon|61\/100 brn|[from] brn\n|upkeep\n|turn|37\n|\n|t:|1667850593\n|move|p1a: Heatran|Magma Storm|p2a: Hippowdon|[miss]\n|-miss|p1a: Heatran|p2a: Hippowdon\n|move|p2a: Hippowdon|Slack Off|p2a: Hippowdon\n|-heal|p2a: Hippowdon|100\/100 brn\n|\n|-weather|Sandstorm|[upkeep]\n|-heal|p1a: Heatran|30\/100|[from] item: Leftovers\n|-damage|p2a: Hippowdon|94\/100 brn|[from] brn\n|upkeep\n|turn|38\n|\n|t:|1667850595\n|move|p1a: Heatran|Magma Storm|p2a: Hippowdon|[miss]\n|-miss|p1a: Heatran|p2a: Hippowdon\n|move|p2a: Hippowdon|Earthquake|p1a: Heatran\n|-supereffective|p1a: Heatran\n|-damage|p1a: Heatran|0 fnt\n|faint|p1a: Heatran\n|\n|-weather|Sandstorm|[upkeep]\n|-damage|p2a: Hippowdon|88\/100 brn|[from] brn\n|upkeep\n|-message|BTLT200$ FILO forfeited.\n|\n|win|seelbachariot\n|raw|BTLT200$ FILO's rating: 1765 &rarr; <strong>1747<\/strong><br \/>(-18 for losing)\n|raw|seelbachariot's rating: 1799 &rarr; <strong>1817<\/strong><br \/>(+18 for winning)\n|l|\u2606BTLT200$ FILO\n|c|\u2606seelbachariot|Gg\n|c|\u2606seelbachariot|Hope the crowd enjoyed\n|l| Wise comedian\n||Ladder isn't responding, score probably updated but might not have (Request timeout).\n","uploadtime":1667850616,"views":9,"p1id":"btlt200filo","p2id":"seelbachariot","formatid":"gen8ou","rating":1747,"private":0,"password":null}