{"id":"gen8ou-1581823982","p1":"Another Brazy","p2":"Mutako Z","format":"gen8ou","log":"|j|\u2606Another Brazy\n|j|\u2606Mutako Z\n|t:|1653408655\n|gametype|singles\n|player|p1|Another Brazy|veteran|1554\n|player|p2|Mutako Z|cynthia-gen4|1527\n|teamsize|p1|6\n|teamsize|p2|6\n|gen|8\n|tier|[Gen 8] OU\n|rated|\n|rule|Sleep Clause Mod: Limit one foe put to sleep\n|rule|Species Clause: Limit one of each Pok\u00e9mon\n|rule|OHKO Clause: OHKO moves are banned\n|rule|Evasion Moves Clause: Evasion moves are banned\n|rule|Endless Battle Clause: Forcing endless battles is banned\n|rule|HP Percentage Mod: HP is shown in percentages\n|rule|Dynamax Clause: You cannot dynamax\n|clearpoke\n|poke|p1|Cloyster, M|\n|poke|p1|Polteageist|\n|poke|p1|Gengar, M|\n|poke|p1|Dragapult, F|\n|poke|p1|Victini|\n|poke|p1|Zeraora|\n|poke|p2|Zeraora|\n|poke|p2|Tapu Lele|\n|poke|p2|Kartana|\n|poke|p2|Zapdos|\n|poke|p2|Heatran, F|\n|poke|p2|Slowbro, F|\n|teampreview\n|inactive|Battle timer is ON: inactive players will automatically lose when time's up. (requested by Another Brazy)\n|\n|t:|1653408660\n|start\n|switch|p1a: Cloyster|Cloyster, M|100\/100\n|switch|p2a: Zeraora|Zeraora|100\/100\n|turn|1\n|\n|t:|1653408668\n|move|p2a: Zeraora|Bulk Up|p2a: Zeraora\n|-boost|p2a: Zeraora|atk|1\n|-boost|p2a: Zeraora|def|1\n|move|p1a: Cloyster|Shell Smash|p1a: Cloyster\n|-unboost|p1a: Cloyster|def|1\n|-unboost|p1a: Cloyster|spd|1\n|-boost|p1a: Cloyster|atk|2\n|-boost|p1a: Cloyster|spa|2\n|-boost|p1a: Cloyster|spe|2\n|\n|upkeep\n|turn|2\n|\n|t:|1653408677\n|move|p1a: Cloyster|Icicle Spear|p2a: Zeraora\n|-damage|p2a: Zeraora|78\/100\n|-damage|p2a: Zeraora|59\/100\n|-damage|p2a: Zeraora|39\/100\n|-crit|p2a: Zeraora\n|-damage|p2a: Zeraora|0 fnt\n|faint|p2a: Zeraora\n|-hitcount|p2: Zeraora|4\n|\n|upkeep\n|\n|t:|1653408688\n|switch|p2a: Kartana|Kartana|100\/100\n|turn|3\n|\n|t:|1653408691\n|move|p1a: Cloyster|Shell Smash|p1a: Cloyster\n|-unboost|p1a: Cloyster|def|1\n|-unboost|p1a: Cloyster|spd|1\n|-boost|p1a: Cloyster|atk|2\n|-boost|p1a: Cloyster|spa|2\n|-boost|p1a: Cloyster|spe|2\n|move|p2a: Kartana|Leaf Blade|p1a: Cloyster\n|-supereffective|p1a: Cloyster\n|-enditem|p1a: Cloyster|Focus Sash\n|-damage|p1a: Cloyster|1\/100\n|-damage|p2a: Kartana|91\/100|[from] item: Life Orb\n|\n|upkeep\n|turn|4\n|\n|t:|1653408702\n|move|p1a: Cloyster|Icicle Spear|p2a: Kartana\n|-damage|p2a: Kartana|60\/100\n|-damage|p2a: Kartana|27\/100\n|-damage|p2a: Kartana|0 fnt\n|faint|p2a: Kartana\n|-hitcount|p2: Kartana|3\n|\n|upkeep\n|\n|t:|1653408713\n|switch|p2a: Slowbro|Slowbro, F|100\/100\n|turn|5\n|\n|t:|1653408716\n|move|p1a: Cloyster|Explosion|p2a: Slowbro\n|-damage|p2a: Slowbro|0 fnt\n|faint|p1a: Cloyster\n|faint|p2a: Slowbro\n|\n|upkeep\n|\n|t:|1653408723\n|switch|p1a: Victini|Victini|100\/100\n|switch|p2a: Zapdos|Zapdos|100\/100\n|turn|6\n|\n|t:|1653408727\n|move|p1a: Victini|Final Gambit|p2a: Zapdos\n|-damage|p2a: Zapdos|0 fnt\n|faint|p1a: Victini\n|faint|p2a: Zapdos\n|\n|upkeep\n|\n|t:|1653408732\n|switch|p1a: Zeraora|Zeraora|100\/100\n|switch|p2a: Heatran|Heatran, F|100\/100\n|turn|7\n|\n|t:|1653408736\n|move|p1a: Zeraora|Charge|p1a: Zeraora\n|-boost|p1a: Zeraora|spd|1\n|-activate|p1a: Zeraora|move: Charge\n|move|p2a: Heatran|Earth Power|p1a: Zeraora\n|-supereffective|p1a: Zeraora\n|-damage|p1a: Zeraora|54\/100\n|\n|-heal|p1a: Zeraora|60\/100|[from] item: Leftovers\n|upkeep\n|turn|8\n|\n|t:|1653408743\n|move|p1a: Zeraora|Plasma Fists|p2a: Heatran\n|-damage|p2a: Heatran|18\/100\n|-fieldactivate|move: Ion Deluge\n|-hint|Normal-type moves become Electric-type after using Plasma Fists.\n|move|p2a: Heatran|Earth Power|p1a: Zeraora\n|-supereffective|p1a: Zeraora\n|-damage|p1a: Zeraora|14\/100\n|\n|-heal|p1a: Zeraora|20\/100|[from] item: Leftovers\n|-heal|p2a: Heatran|24\/100|[from] item: Leftovers\n|upkeep\n|turn|9\n|\n|t:|1653408753\n|move|p1a: Zeraora|Drain Punch|p2a: Heatran\n|-supereffective|p2a: Heatran\n|-damage|p2a: Heatran|0 fnt\n|-heal|p1a: Zeraora|35\/100|[from] drain|[of] p2a: Heatran\n|faint|p2a: Heatran\n|\n|-heal|p1a: Zeraora|41\/100|[from] item: Leftovers\n|upkeep\n|\n|t:|1653408760\n|switch|p2a: Tapu Lele|Tapu Lele|100\/100\n|-fieldstart|move: Psychic Terrain|[from] ability: Psychic Surge|[of] p2a: Tapu Lele\n|turn|10\n|\n|t:|1653408765\n|move|p2a: Tapu Lele|Psyshock|p1a: Zeraora\n|-damage|p1a: Zeraora|0 fnt\n|faint|p1a: Zeraora\n|\n|upkeep\n|\n|t:|1653408770\n|switch|p1a: Dragapult|Dragapult, F|100\/100\n|turn|11\n|\n|t:|1653408772\n|move|p2a: Tapu Lele|Psyshock|p1a: Dragapult\n|-damage|p1a: Dragapult|22\/100\n|move|p1a: Dragapult|Phantom Force||[still]\n|-prepare|p1a: Dragapult|Phantom Force\n|\n|upkeep\n|turn|12\n|\n|t:|1653408776\n|move|p2a: Tapu Lele|Psyshock|p1a: Dragapult|[miss]\n|-miss|p2a: Tapu Lele|p1a: Dragapult\n|move|p1a: Dragapult|Phantom Force|p2a: Tapu Lele|[from]lockedmove\n|-supereffective|p2a: Tapu Lele\n|-damage|p2a: Tapu Lele|0 fnt\n|faint|p2a: Tapu Lele\n|-damage|p1a: Dragapult|12\/100|[from] item: Life Orb\n|\n|win|Another Brazy\n|raw|Another Brazy's rating: 1554 &rarr; <strong>1572<\/strong><br \/>(+18 for winning)\n|raw|Mutako Z's rating: 1527 &rarr; <strong>1509<\/strong><br \/>(-18 for losing)\n","uploadtime":1653408779,"views":17,"p1id":"anotherbrazy","p2id":"mutakoz","formatid":"gen8ou","rating":1509,"private":0,"password":null}