{"id":"gen8ou-1643810160","p1":"LT93OQ Harshal","p2":"ripreckful","format":"gen8ou","log":"|raw|<div class=\"broadcast-blue\"><strong>This battle is required to be public due to a player having a name starting with 'lt93oq'.<\/div>\n|j|\u2606LT93OQ Harshal\n|j|\u2606ripreckful\n|t:|1660978694\n|gametype|singles\n|player|p1|LT93OQ Harshal|ethan|1921\n|player|p2|ripreckful|hilbert|1921\n|teamsize|p1|6\n|teamsize|p2|6\n|gen|8\n|tier|[Gen 8] OU\n|rated|\n|rule|Sleep Clause Mod: Limit one foe put to sleep\n|rule|Species Clause: Limit one of each Pok\u00e9mon\n|rule|OHKO Clause: OHKO moves are banned\n|rule|Evasion Items Clause: Evasion items are banned\n|rule|Evasion Moves Clause: Evasion moves are banned\n|rule|Endless Battle Clause: Forcing endless battles is banned\n|rule|HP Percentage Mod: HP is shown in percentages\n|rule|Dynamax Clause: You cannot dynamax\n|clearpoke\n|poke|p1|Tyranitar, F|\n|poke|p1|Buzzwole|\n|poke|p1|Excadrill, M|\n|poke|p1|Slowbro, F|\n|poke|p1|Tornadus-Therian, M|\n|poke|p1|Ferrothorn, F|\n|poke|p2|Landorus-Therian, M|\n|poke|p2|Melmetal|\n|poke|p2|Zapdos|\n|poke|p2|Urshifu-*, F|\n|poke|p2|Tapu Lele|\n|poke|p2|Dragapult, F|\n|teampreview\n|inactive|Battle timer is ON: inactive players will automatically lose when time's up. (requested by LT93OQ Harshal)\n|inactive|ripreckful also wants the timer to be on.\n|j| hamiltonion\n|j| lt93oq fenomeno\n|inactive|ripreckful has 120 seconds left.\n|\n|t:|1660978741\n|start\n|switch|p1a: Tornadus|Tornadus-Therian, M|100\/100\n|switch|p2a: Zapdos|Zapdos|100\/100\n|turn|1\n|\n|t:|1660978748\n|move|p1a: Tornadus|Knock Off|p2a: Zapdos\n|-damage|p2a: Zapdos|84\/100\n|-enditem|p2a: Zapdos|Heavy-Duty Boots|[from] move: Knock Off|[of] p1a: Tornadus\n|move|p2a: Zapdos|Volt Switch|p1a: Tornadus\n|-supereffective|p1a: Tornadus\n|-damage|p1a: Tornadus|27\/100\n|\n|t:|1660978756\n|switch|p2a: Urshifu|Urshifu-Rapid-Strike, F|100\/100|[from]move: Volt Switch\n|\n|upkeep\n|turn|2\n|j| Teletubby Watcher\n|\n|t:|1660978768\n|switch|p1a: Slowbro|Slowbro, F|100\/100\n|move|p2a: Urshifu|U-turn|p1a: Slowbro\n|-supereffective|p1a: Slowbro\n|-damage|p1a: Slowbro|59\/100\n|-enditem|p1a: Slowbro|Eject Button\n|\n|t:|1660978778\n|switch|p1a: Buzzwole|Buzzwole|100\/100\n|\n|upkeep\n|turn|3\n|\n|t:|1660978782\n|move|p2a: Urshifu|U-turn|p1a: Buzzwole\n|-resisted|p1a: Buzzwole\n|-damage|p1a: Buzzwole|88\/100\n|\n|t:|1660978784\n|switch|p2a: Dragapult|Dragapult, F|100\/100|[from]move: U-turn\n|move|p1a: Buzzwole|Ice Punch|p2a: Dragapult\n|-supereffective|p2a: Dragapult\n|-damage|p2a: Dragapult|0 fnt\n|faint|p2a: Dragapult\n|-ability|p1a: Buzzwole|Beast Boost|boost\n|-boost|p1a: Buzzwole|atk|1\n|\n|upkeep\n|\n|t:|1660978788\n|switch|p2a: Tapu Lele|Tapu Lele|100\/100\n|-fieldstart|move: Psychic Terrain|[from] ability: Psychic Surge|[of] p2a: Tapu Lele\n|turn|4\n|\n|t:|1660978796\n|switch|p1a: Ferrothorn|Ferrothorn, F|100\/100\n|move|p2a: Tapu Lele|Future Sight|p1a: Ferrothorn\n|-start|p2a: Tapu Lele|move: Future Sight\n|\n|upkeep\n|turn|5\n|\n|t:|1660978802\n|switch|p2a: Urshifu|Urshifu-Rapid-Strike, F|100\/100\n|switch|p1a: Tyranitar|Tyranitar, F|100\/100\n|-weather|Sandstorm|[from] ability: Sand Stream|[of] p1a: Tyranitar\n|\n|-weather|Sandstorm|[upkeep]\n|-damage|p2a: Urshifu|94\/100|[from] Sandstorm\n|upkeep\n|turn|6\n|j| LT93OQ Lio\n|\n|t:|1660978814\n|switch|p1a: Slowbro|Slowbro, F|93\/100\n|move|p2a: Urshifu|U-turn|p1a: Slowbro\n|-supereffective|p1a: Slowbro\n|-damage|p1a: Slowbro|47\/100\n|\n|t:|1660978817\n|switch|p2a: Zapdos|Zapdos|84\/100|[from]move: U-turn\n|\n|-weather|Sandstorm|[upkeep]\n|-damage|p2a: Zapdos|78\/100|[from] Sandstorm\n|-damage|p1a: Slowbro|41\/100|[from] Sandstorm\n|-end|p1a: Slowbro|move: Future Sight\n|-resisted|p1a: Slowbro\n|-damage|p1a: Slowbro|0 fnt\n|faint|p1a: Slowbro\n|upkeep\n|\n|t:|1660978821\n|switch|p1a: Tyranitar|Tyranitar, F|100\/100\n|turn|7\n|\n|t:|1660978825\n|switch|p2a: Urshifu|Urshifu-Rapid-Strike, F|94\/100\n|move|p1a: Tyranitar|Stealth Rock|p2a: Urshifu\n|-sidestart|p2: ripreckful|move: Stealth Rock\n|\n|-weather|Sandstorm|[upkeep]\n|-damage|p2a: Urshifu|88\/100|[from] Sandstorm\n|upkeep\n|turn|8\n|\n|t:|1660978833\n|switch|p1a: Ferrothorn|Ferrothorn, F|100\/100\n|move|p2a: Urshifu|Close Combat|p1a: Ferrothorn\n|-supereffective|p1a: Ferrothorn\n|-damage|p1a: Ferrothorn|0 fnt\n|-unboost|p2a: Urshifu|def|1\n|-unboost|p2a: Urshifu|spd|1\n|-damage|p2a: Urshifu|76\/100|[from] ability: Iron Barbs|[of] p1a: Ferrothorn\n|faint|p1a: Ferrothorn\n|\n|-weather|Sandstorm|[upkeep]\n|-damage|p2a: Urshifu|70\/100|[from] Sandstorm\n|-fieldend|move: Psychic Terrain\n|upkeep\n|\n|t:|1660978839\n|switch|p1a: Buzzwole|Buzzwole|88\/100\n|turn|9\n|\n|t:|1660978845\n|switch|p2a: Melmetal|Melmetal|100\/100\n|-damage|p2a: Melmetal|94\/100|[from] Stealth Rock\n|move|p1a: Buzzwole|Ice Punch|p2a: Melmetal\n|-resisted|p2a: Melmetal\n|-damage|p2a: Melmetal|80\/100\n|\n|-weather|none\n|-heal|p2a: Melmetal|86\/100|[from] item: Leftovers\n|upkeep\n|turn|10\n|\n|t:|1660978852\n|switch|p1a: Excadrill|Excadrill, M|100\/100\n|move|p2a: Melmetal|Earthquake|p1a: Excadrill\n|-supereffective|p1a: Excadrill\n|-damage|p1a: Excadrill|0 fnt\n|faint|p1a: Excadrill\n|\n|-heal|p2a: Melmetal|92\/100|[from] item: Leftovers\n|upkeep\n|\n|t:|1660978856\n|switch|p1a: Buzzwole|Buzzwole|88\/100\n|turn|11\n|\n|t:|1660978862\n|move|p2a: Melmetal|Protect|p2a: Melmetal\n|-singleturn|p2a: Melmetal|Protect\n|move|p1a: Buzzwole|Close Combat|p2a: Melmetal\n|-activate|p2a: Melmetal|move: Protect\n|\n|-heal|p2a: Melmetal|99\/100|[from] item: Leftovers\n|upkeep\n|turn|12\n|\n|t:|1660978867\n|switch|p2a: Landorus|Landorus-Therian, M|100\/100\n|-damage|p2a: Landorus|88\/100|[from] Stealth Rock\n|-ability|p2a: Landorus|Intimidate|boost\n|-unboost|p1a: Buzzwole|atk|1\n|move|p1a: Buzzwole|Close Combat|p2a: Landorus\n|-resisted|p2a: Landorus\n|-damage|p2a: Landorus|55\/100\n|-unboost|p1a: Buzzwole|def|1\n|-unboost|p1a: Buzzwole|spd|1\n|\n|-heal|p2a: Landorus|61\/100|[from] item: Leftovers\n|upkeep\n|turn|13\n|\n|t:|1660978870\n|move|p1a: Buzzwole|Close Combat|p2a: Landorus\n|-resisted|p2a: Landorus\n|-damage|p2a: Landorus|26\/100\n|-unboost|p1a: Buzzwole|def|1\n|-unboost|p1a: Buzzwole|spd|1\n|move|p2a: Landorus|Stealth Rock|p1a: Buzzwole\n|-sidestart|p1: LT93OQ Harshal|move: Stealth Rock\n|\n|-heal|p2a: Landorus|32\/100|[from] item: Leftovers\n|upkeep\n|turn|14\n|j| LT93OQ Gray\n|\n|t:|1660978877\n|switch|p2a: Zapdos|Zapdos|78\/100\n|-damage|p2a: Zapdos|53\/100|[from] Stealth Rock\n|move|p1a: Buzzwole|Close Combat|p2a: Zapdos\n|-resisted|p2a: Zapdos\n|-damage|p2a: Zapdos|27\/100\n|-unboost|p1a: Buzzwole|def|1\n|-unboost|p1a: Buzzwole|spd|1\n|\n|upkeep\n|turn|15\n|j| impromptubossbatle\n|\n|t:|1660978880\n|move|p1a: Buzzwole|Close Combat|p2a: Zapdos\n|-resisted|p2a: Zapdos\n|-damage|p2a: Zapdos|0 fnt\n|-unboost|p1a: Buzzwole|def|1\n|-unboost|p1a: Buzzwole|spd|1\n|faint|p2a: Zapdos\n|-ability|p1a: Buzzwole|Beast Boost|boost\n|-boost|p1a: Buzzwole|atk|1\n|\n|upkeep\n|j| The art of\n|\n|t:|1660978881\n|switch|p2a: Tapu Lele|Tapu Lele|100\/100\n|-damage|p2a: Tapu Lele|88\/100|[from] Stealth Rock\n|-fieldstart|move: Psychic Terrain|[from] ability: Psychic Surge|[of] p2a: Tapu Lele\n|turn|16\n|\n|t:|1660978886\n|switch|p1a: Tyranitar|Tyranitar, F|100\/100\n|-damage|p1a: Tyranitar|88\/100|[from] Stealth Rock\n|-weather|Sandstorm|[from] ability: Sand Stream|[of] p1a: Tyranitar\n|move|p2a: Tapu Lele|Moonblast|p1a: Tyranitar\n|-supereffective|p1a: Tyranitar\n|-damage|p1a: Tyranitar|25\/100\n|\n|-weather|Sandstorm|[upkeep]\n|-damage|p2a: Tapu Lele|82\/100|[from] Sandstorm\n|-heal|p1a: Tyranitar|31\/100|[from] item: Leftovers\n|upkeep\n|turn|17\n|\n|t:|1660978889\n|move|p2a: Tapu Lele|Moonblast|p1a: Tyranitar\n|-supereffective|p1a: Tyranitar\n|-damage|p1a: Tyranitar|0 fnt\n|faint|p1a: Tyranitar\n|\n|-weather|Sandstorm|[upkeep]\n|-damage|p2a: Tapu Lele|76\/100|[from] Sandstorm\n|upkeep\n|\n|t:|1660978891\n|switch|p1a: Tornadus|Tornadus-Therian, M|60\/100\n|turn|18\n|j| pokegamer666\n|\n|t:|1660978901\n|switch|p2a: Urshifu|Urshifu-Rapid-Strike, F|70\/100\n|-damage|p2a: Urshifu|64\/100|[from] Stealth Rock\n|move|p1a: Tornadus|U-turn|p2a: Urshifu\n|-resisted|p2a: Urshifu\n|-damage|p2a: Urshifu|57\/100\n|\n|t:|1660978904\n|switch|p1a: Buzzwole|Buzzwole|88\/100|[from]move: U-turn\n|-damage|p1a: Buzzwole|76\/100|[from] Stealth Rock\n|\n|-weather|Sandstorm|[upkeep]\n|-damage|p2a: Urshifu|50\/100|[from] Sandstorm\n|-damage|p1a: Buzzwole|70\/100|[from] Sandstorm\n|upkeep\n|turn|19\n|\n|t:|1660978913\n|move|p2a: Urshifu|Surging Strikes|p1a: Buzzwole\n|-crit|p1a: Buzzwole\n|-damage|p1a: Buzzwole|50\/100\n|-crit|p1a: Buzzwole\n|-damage|p1a: Buzzwole|30\/100\n|-crit|p1a: Buzzwole\n|-damage|p1a: Buzzwole|7\/100\n|-hitcount|p1a: Buzzwole|3\n|move|p1a: Buzzwole|Close Combat|p2a: Urshifu\n|-damage|p2a: Urshifu|0 fnt\n|-unboost|p1a: Buzzwole|def|1\n|-unboost|p1a: Buzzwole|spd|1\n|faint|p2a: Urshifu\n|-ability|p1a: Buzzwole|Beast Boost|boost\n|-boost|p1a: Buzzwole|atk|1\n|\n|-weather|Sandstorm|[upkeep]\n|-damage|p1a: Buzzwole|0 fnt|[from] Sandstorm\n|faint|p1a: Buzzwole\n|upkeep\n|c|\u2606ripreckful|gg\n|\n|t:|1660978919\n|switch|p2a: Melmetal|Melmetal|99\/100\n|switch|p1a: Tornadus|Tornadus-Therian, M|93\/100\n|-damage|p2a: Melmetal|92\/100|[from] Stealth Rock\n|turn|20\n|\n|t:|1660978922\n|move|p1a: Tornadus|Hurricane|p2a: Melmetal\n|-resisted|p2a: Melmetal\n|-damage|p2a: Melmetal|74\/100\n|-start|p2a: Melmetal|confusion\n|-activate|p2a: Melmetal|confusion\n|move|p2a: Melmetal|Double Iron Bash|p1a: Tornadus\n|-damage|p1a: Tornadus|49\/100\n|-damage|p1a: Tornadus|2\/100\n|-hitcount|p1a: Tornadus|2\n|\n|-weather|none\n|-heal|p2a: Melmetal|80\/100|[from] item: Leftovers\n|-fieldend|move: Psychic Terrain\n|upkeep\n|turn|21\n|\n|t:|1660978929\n|move|p1a: Tornadus|Heat Wave|p2a: Melmetal\n|-supereffective|p2a: Melmetal\n|-damage|p2a: Melmetal|35\/100\n|-activate|p2a: Melmetal|confusion\n|move|p2a: Melmetal|Double Iron Bash|p1a: Tornadus\n|-damage|p1a: Tornadus|0 fnt\n|faint|p1a: Tornadus\n|-hitcount|p1: Tornadus|1\n|\n|win|ripreckful\n|raw|LT93OQ Harshal's rating: 1921 &rarr; <strong>1901<\/strong><br \/>(-20 for losing)\n|raw|ripreckful's rating: 1921 &rarr; <strong>1941<\/strong><br \/>(+20 for winning)\n|c|\u2606LT93OQ Harshal|gg\n|j| Dazzlingtogekisses\n|l| pokegamer666\n|l|\u2606LT93OQ Harshal\n|l| impromptubossbatle\n|l| Dazzlingtogekisses\n|l| Teletubby Watcher\n|j| MANNAT\n|l| The art of\n|l|\u2606ripreckful\n","uploadtime":1660979296,"views":127,"p1id":"lt93oqharshal","p2id":"ripreckful","formatid":"gen8ou","rating":1901,"private":0,"password":null}