{"id":"gen8ou-1264840360","p1":"Lord finkledink","p2":"SkipTheDripBayless","format":"gen8ou","log":"|j|\u2606Lord finkledink\n|j|\u2606SkipTheDripBayless\n|t:|1611001721\n|player|p1|Lord finkledink|170|1819\n|player|p2|SkipTheDripBayless|youngathletef|1927\n|teamsize|p1|6\n|teamsize|p2|6\n|gametype|singles\n|gen|8\n|tier|[Gen 8] OU\n|rated|\n|clearpoke\n|poke|p1|Celesteela|\n|poke|p1|Slowking-Galar, M|\n|poke|p1|Weavile, F|\n|poke|p1|Garchomp, M|\n|poke|p1|Ferrothorn, M|\n|poke|p1|Tapu Fini|\n|poke|p2|Kartana|\n|poke|p2|Zapdos|\n|poke|p2|Blissey, F|\n|poke|p2|Slowbro, F|\n|poke|p2|Flygon, F|\n|poke|p2|Magearna|\n|rule|Sleep Clause Mod: Limit one foe put to sleep\n|rule|Species Clause: Limit one of each Pok\u00e9mon\n|rule|OHKO Clause: OHKO moves are banned\n|rule|Evasion Moves Clause: Evasion moves are banned\n|rule|Endless Battle Clause: Forcing endless battles is banned\n|rule|HP Percentage Mod: HP is shown in percentages\n|rule|Dynamax Clause: You cannot dynamax\n|teampreview\n|inactive|Battle timer is ON: inactive players will automatically lose when time's up. (requested by SkipTheDripBayless)\n|j| Friskysunny\n|inactive|Lord finkledink has 120 seconds left.\n|\n|t:|1611001764\n|start\n|switch|p1a: Tapu Fini|Tapu Fini|100\/100\n|switch|p2a: HIGH AS A BITCH|Kartana|100\/100\n|-fieldstart|move: Misty Terrain|[from] ability: Misty Surge|[of] p1a: Tapu Fini\n|turn|1\n|j| wut lol huh\n|\n|t:|1611001771\n|switch|p1a: Celesteela|Celesteela|100\/100\n|switch|p2a: STAY IN MY LANE|Magearna|100\/100\n|\n|upkeep\n|turn|2\n|j| Storm Jack\n|\n|t:|1611001778\n|move|p1a: Celesteela|Leech Seed|p2a: STAY IN MY LANE\n|-start|p2a: STAY IN MY LANE|move: Leech Seed\n|move|p2a: STAY IN MY LANE|Volt Switch|p1a: Celesteela\n|-supereffective|p1a: Celesteela\n|-damage|p1a: Celesteela|37\/100\n|\n|t:|1611001783\n|switch|p2a: DO NO TALKIN|Zapdos|100\/100|[from]move: Volt Switch\n|-ability|p2a: DO NO TALKIN|Pressure\n|\n|-heal|p1a: Celesteela|43\/100|[from] item: Leftovers\n|upkeep\n|turn|3\n|l| Friskysunny\n|\n|t:|1611001786\n|move|p1a: Celesteela|Protect|p1a: Celesteela\n|-singleturn|p1a: Celesteela|Protect\n|move|p2a: DO NO TALKIN|Substitute|p2a: DO NO TALKIN\n|-start|p2a: DO NO TALKIN|Substitute\n|-damage|p2a: DO NO TALKIN|76\/100\n|\n|-heal|p1a: Celesteela|49\/100|[from] item: Leftovers\n|upkeep\n|turn|4\n|\n|t:|1611001790\n|switch|p1a: Slowking|Slowking-Galar, M|100\/100\n|move|p2a: DO NO TALKIN|Hurricane|p1a: Slowking\n|-damage|p1a: Slowking|79\/100\n|\n|upkeep\n|turn|5\n|\n|t:|1611001793\n|move|p2a: DO NO TALKIN|Discharge|p1a: Slowking\n|-damage|p1a: Slowking|63\/100\n|move|p1a: Slowking|Future Sight|p2a: DO NO TALKIN\n|-start|p1a: Slowking|move: Future Sight\n|\n|-fieldend|Misty Terrain\n|upkeep\n|turn|6\n|\n|t:|1611001797\n|move|p2a: DO NO TALKIN|Discharge|p1a: Slowking\n|-damage|p1a: Slowking|47\/100\n|move|p1a: Slowking|Sludge Bomb|p2a: DO NO TALKIN\n|-end|p2a: DO NO TALKIN|Substitute\n|\n|upkeep\n|turn|7\n|\n|t:|1611001804\n|switch|p2a: UPIN THEM YOPPAS|Flygon, F|100\/100\n|switch|p1a: Weavile|Weavile, F|100\/100\n|-ability|p1a: Weavile|Pressure\n|\n|-end|p2a: UPIN THEM YOPPAS|move: Future Sight\n|-damage|p2a: UPIN THEM YOPPAS|57\/100\n|-heal|p2a: UPIN THEM YOPPAS|63\/100|[from] item: Leftovers\n|upkeep\n|turn|8\n|\n|t:|1611001810\n|switch|p2a: STAY IN MY LANE|Magearna|100\/100\n|move|p1a: Weavile|Swords Dance|p1a: Weavile\n|-boost|p1a: Weavile|atk|2\n|\n|upkeep\n|turn|9\n|\n|t:|1611001814\n|move|p1a: Weavile|Triple Axel|p2a: STAY IN MY LANE\n|-resisted|p2a: STAY IN MY LANE\n|-damage|p2a: STAY IN MY LANE|90\/100\n|-resisted|p2a: STAY IN MY LANE\n|-damage|p2a: STAY IN MY LANE|67\/100\n|-resisted|p2a: STAY IN MY LANE\n|-damage|p2a: STAY IN MY LANE|36\/100\n|-hitcount|p2a: STAY IN MY LANE|3\n|-damage|p1a: Weavile|91\/100|[from] item: Life Orb\n|move|p2a: STAY IN MY LANE|Trick|p1a: Weavile\n|-activate|p2a: STAY IN MY LANE|move: Trick|[of] p1a: Weavile\n|-item|p1a: Weavile|Choice Specs|[from] move: Trick\n|-item|p2a: STAY IN MY LANE|Life Orb|[from] move: Trick\n|\n|upkeep\n|turn|10\n|j| meatybawls\n|\n|t:|1611001825\n|switch|p2a: OBN UP NEXT|Slowbro, F|100\/100\n|move|p1a: Weavile|Knock Off|p2a: OBN UP NEXT\n|-supereffective|p2a: OBN UP NEXT\n|-damage|p2a: OBN UP NEXT|0 fnt\n|-enditem|p2a: OBN UP NEXT|Heavy-Duty Boots|[from] move: Knock Off|[of] p1a: Weavile\n|faint|p2a: OBN UP NEXT\n|\n|upkeep\n|\n|t:|1611001833\n|switch|p2a: STAY IN MY LANE|Magearna|36\/100\n|turn|11\n|\n|t:|1611001837\n|move|p1a: Weavile|Knock Off|p2a: STAY IN MY LANE\n|-resisted|p2a: STAY IN MY LANE\n|-damage|p2a: STAY IN MY LANE|0 fnt\n|-enditem|p2a: STAY IN MY LANE|Life Orb|[from] move: Knock Off|[of] p1a: Weavile\n|faint|p2a: STAY IN MY LANE\n|\n|upkeep\n|-message|SkipTheDripBayless forfeited.\n|\n|win|Lord finkledink\n|l|\u2606SkipTheDripBayless\n|l| meatybawls\n|c| wut lol huh|dont fuk with weavile\n|c|\u2606Lord finkledink|tru dat\n|c|\u2606Lord finkledink|lmao\n|c| wut lol huh|lol gj\n|c|\u2606Lord finkledink|169 spatk with a specs\n||Ladder (probably) updated, but score could not be retrieved (Request timeout).\n","uploadtime":1611001848,"views":40,"p1id":"lordfinkledink","p2id":"skipthedripbayless","formatid":"gen8ou","rating":0,"private":0,"password":null}