{"id":"gen8ou-1247946143","p1":"airfare","p2":"relic stone","format":"gen8ou","log":"|j|\u2606airfare\n|j|\u2606relic stone\n|t:|1608578426\n|player|p1|airfare|shelly|\n|player|p2|relic stone|lusamine-nihilego|\n|teamsize|p1|6\n|teamsize|p2|6\n|gametype|singles\n|gen|8\n|tier|[Gen 8] OU\n|clearpoke\n|poke|p1|Cinderace, F|\n|poke|p1|Latios, M|\n|poke|p1|Golisopod, F|\n|poke|p1|Clefable, F|\n|poke|p1|Tyranitar, F|\n|poke|p1|Melmetal|\n|poke|p2|Cinderace, M|\n|poke|p2|Cobalion|\n|poke|p2|Diggersby, M|\n|poke|p2|Rillaboom, M|\n|poke|p2|Primarina, M|\n|poke|p2|Togekiss, M|\n|rule|Sleep Clause Mod: Limit one foe put to sleep\n|rule|Species Clause: Limit one of each Pok\u00e9mon\n|rule|OHKO Clause: OHKO moves are banned\n|rule|Evasion Moves Clause: Evasion moves are banned\n|rule|Endless Battle Clause: Forcing endless battles is banned\n|rule|HP Percentage Mod: HP is shown in percentages\n|rule|Dynamax Clause: You cannot dynamax\n|teampreview\n|c|\u2606airfare|whats coba do\n|\n|t:|1608578444\n|start\n|switch|p1a: Cinderace|Cinderace, F|100\/100\n|switch|p2a: Boagrius|Cobalion, shiny|100\/100\n|turn|1\n|c|\u2606airfare|im scared\n|\n|t:|1608578468\n|move|p1a: Cinderace|High Jump Kick|p2a: Boagrius\n|-start|p1a: Cinderace|typechange|Fighting|[from] ability: Libero\n|-supereffective|p2a: Boagrius\n|-damage|p2a: Boagrius|27\/100\n|-damage|p1a: Cinderace|84\/100|[from] item: Rocky Helmet|[of] p2a: Boagrius\n|move|p2a: Boagrius|Thunder Wave|p1a: Cinderace\n|-status|p1a: Cinderace|par\n|\n|upkeep\n|turn|2\n|c|\u2606relic stone|LOL\n|\n|t:|1608578479\n|move|p2a: Boagrius|Stealth Rock|p1a: Cinderace\n|-sidestart|p1: airfare|move: Stealth Rock\n|cant|p1a: Cinderace|par\n|\n|upkeep\n|turn|3\n|\n|t:|1608578484\n|move|p2a: Boagrius|Close Combat|p1a: Cinderace\n|-damage|p1a: Cinderace|26\/100 par\n|-unboost|p2a: Boagrius|def|1\n|-unboost|p2a: Boagrius|spd|1\n|move|p1a: Cinderace|Pyro Ball|p2a: Boagrius\n|-start|p1a: Cinderace|typechange|Fire|[from] ability: Libero\n|-supereffective|p2a: Boagrius\n|-damage|p2a: Boagrius|0 fnt\n|faint|p2a: Boagrius\n|\n|upkeep\n|\n|t:|1608578489\n|switch|p2a: Harambe|Rillaboom, M|100\/100\n|-fieldstart|move: Grassy Terrain|[from] ability: Grassy Surge|[of] p2a: Harambe\n|turn|4\n|\n|t:|1608578494\n|switch|p1a: Melmetal|Melmetal|100\/100\n|-damage|p1a: Melmetal|94\/100|[from] Stealth Rock\n|move|p2a: Harambe|U-turn|p1a: Melmetal\n|-resisted|p1a: Melmetal\n|-damage|p1a: Melmetal|85\/100\n|-damage|p2a: Harambe|91\/100|[from] item: Life Orb\n|c|\u2606airfare|lo uturn\n|c|\u2606airfare|heinous\n|\n|t:|1608578502\n|switch|p2a: Liberacy|Cinderace, M|100\/100|[from]move: U-turn\n|\n|-heal|p1a: Melmetal|91\/100|[from] Grassy Terrain\n|upkeep\n|turn|5\n|\n|t:|1608578507\n|switch|p1a: Golisopod|Golisopod, F|100\/100\n|move|p2a: Liberacy|Pyro Ball|p1a: Golisopod\n|-damage|p1a: Golisopod|67\/100\n|\n|-heal|p1a: Golisopod|73\/100|[from] Grassy Terrain\n|upkeep\n|turn|6\n|\n|t:|1608578517\n|move|p1a: Golisopod|Aqua Jet|p2a: Liberacy\n|-supereffective|p2a: Liberacy\n|-damage|p2a: Liberacy|50\/100\n|move|p2a: Liberacy|Pyro Ball|p1a: Golisopod\n|-damage|p1a: Golisopod|43\/100\n|-activate|p1a: Golisopod|ability: Emergency Exit\n|\n|t:|1608578525\n|switch|p1a: Clefable|Clefable, F|100\/100\n|\n|-heal|p2a: Liberacy|56\/100|[from] Grassy Terrain\n|upkeep\n|turn|7\n|\n|t:|1608578541\n|move|p2a: Liberacy|Pyro Ball|p1a: Clefable\n|-damage|p1a: Clefable|55\/100\n|move|p1a: Clefable|Knock Off|p2a: Liberacy\n|-damage|p2a: Liberacy|34\/100\n|-enditem|p2a: Liberacy|Choice Scarf|[from] move: Knock Off|[of] p1a: Clefable\n|\n|-heal|p2a: Liberacy|40\/100|[from] Grassy Terrain\n|-heal|p1a: Clefable|61\/100|[from] item: Leftovers\n|-heal|p1a: Clefable|68\/100|[from] Grassy Terrain\n|upkeep\n|turn|8\n|c|\u2606relic stone|thanks\n|c|\u2606relic stone|LOL\n|c|\u2606airfare|:\/\n|\n|t:|1608578554\n|switch|p1a: Tyranitar|Tyranitar, F|100\/100\n|-damage|p1a: Tyranitar|88\/100|[from] Stealth Rock\n|-weather|Sandstorm|[from] ability: Sand Stream|[of] p1a: Tyranitar\n|move|p2a: Liberacy|U-turn|p1a: Tyranitar\n|-start|p2a: Liberacy|typechange|Bug|[from] ability: Libero\n|-supereffective|p1a: Tyranitar\n|-damage|p1a: Tyranitar|31\/100\n|\n|t:|1608578585\n|switch|p2a: Harambe|Rillaboom, M|91\/100|[from]move: U-turn\n|\n|-weather|Sandstorm|[upkeep]\n|-damage|p2a: Harambe|84\/100|[from] Sandstorm\n|-heal|p2a: Harambe|91\/100|[from] Grassy Terrain\n|-heal|p1a: Tyranitar|37\/100|[from] item: Leftovers\n|-heal|p1a: Tyranitar|44\/100|[from] Grassy Terrain\n|-fieldend|move: Grassy Terrain\n|upkeep\n|turn|9\n|\n|t:|1608578598\n|switch|p1a: Cinderace|Cinderace, F|26\/100 par\n|move|p2a: Harambe|Swords Dance|p2a: Harambe\n|-boost|p2a: Harambe|atk|2\n|\n|-weather|Sandstorm|[upkeep]\n|-damage|p2a: Harambe|84\/100|[from] Sandstorm\n|-damage|p1a: Cinderace|20\/100 par|[from] Sandstorm\n|upkeep\n|turn|10\n|\n|t:|1608578610\n|cant|p1a: Cinderace|par\n|move|p2a: Harambe|Grassy Glide|p1a: Cinderace\n|-resisted|p1a: Cinderace\n|-damage|p1a: Cinderace|0 fnt\n|-damage|p2a: Harambe|74\/100|[from] item: Life Orb\n|faint|p1a: Cinderace\n|\n|-weather|Sandstorm|[upkeep]\n|-damage|p2a: Harambe|68\/100|[from] Sandstorm\n|upkeep\n|\n|t:|1608578612\n|switch|p1a: Latios|Latios, M|100\/100\n|-damage|p1a: Latios|88\/100|[from] Stealth Rock\n|turn|11\n|\n|t:|1608578657\n|switch|p2a: Happiness|Togekiss, M|100\/100\n|move|p1a: Latios|Psychic|p2a: Happiness\n|-damage|p2a: Happiness|55\/100\n|-damage|p1a: Latios|78\/100|[from] item: Life Orb\n|\n|-weather|Sandstorm|[upkeep]\n|-damage|p1a: Latios|72\/100|[from] Sandstorm\n|-damage|p2a: Happiness|48\/100|[from] Sandstorm\n|upkeep\n|turn|12\n|\n|t:|1608578671\n|switch|p1a: Melmetal|Melmetal|91\/100\n|-damage|p1a: Melmetal|85\/100|[from] Stealth Rock\n|move|p2a: Happiness|Thunder Wave|p1a: Melmetal\n|-status|p1a: Melmetal|par\n|\n|-weather|none\n|upkeep\n|turn|13\n|\n|t:|1608578720\n|move|p2a: Happiness|Air Slash|p1a: Melmetal\n|-resisted|p1a: Melmetal\n|-damage|p1a: Melmetal|77\/100 par\n|cant|p1a: Melmetal|par\n|\n|upkeep\n|turn|14\n|\n|t:|1608578724\n|move|p2a: Happiness|Air Slash|p1a: Melmetal\n|-resisted|p1a: Melmetal\n|-damage|p1a: Melmetal|70\/100 par\n|move|p1a: Melmetal|Double Iron Bash|p2a: Happiness\n|-supereffective|p2a: Happiness\n|-damage|p2a: Happiness|1\/100\n|-supereffective|p2a: Happiness\n|-damage|p2a: Happiness|0 fnt\n|-hitcount|p2a: Happiness|2\n|faint|p2a: Happiness\n|\n|upkeep\n|c|\u2606airfare|deserved\n|\n|t:|1608578733\n|switch|p2a: Lumberjack|Diggersby, M|100\/100\n|turn|15\n|\n|t:|1608578740\n|switch|p1a: Golisopod|Golisopod, F|43\/100\n|move|p2a: Lumberjack|Swords Dance|p2a: Lumberjack\n|-boost|p2a: Lumberjack|atk|2\n|\n|upkeep\n|turn|16\n|\n|t:|1608578745\n|move|p2a: Lumberjack|Quick Attack|p1a: Golisopod\n|-damage|p1a: Golisopod|5\/100\n|-damage|p2a: Lumberjack|91\/100|[from] item: Life Orb\n|move|p1a: Golisopod|Aqua Jet|p2a: Lumberjack\n|-supereffective|p2a: Lumberjack\n|-damage|p2a: Lumberjack|44\/100\n|\n|upkeep\n|turn|17\n|\n|t:|1608578751\n|move|p2a: Lumberjack|Quick Attack|p1a: Golisopod\n|-damage|p1a: Golisopod|0 fnt\n|-damage|p2a: Lumberjack|34\/100|[from] item: Life Orb\n|faint|p1a: Golisopod\n|\n|upkeep\n|\n|t:|1608578756\n|switch|p1a: Latios|Latios, M|72\/100\n|-damage|p1a: Latios|60\/100|[from] Stealth Rock\n|turn|18\n|c|\u2606relic stone|ok this wins anyway\n|\n|t:|1608578760\n|switch|p1a: Tyranitar|Tyranitar, F|44\/100\n|-damage|p1a: Tyranitar|31\/100|[from] Stealth Rock\n|-weather|Sandstorm|[from] ability: Sand Stream|[of] p1a: Tyranitar\n|move|p2a: Lumberjack|Quick Attack|p1a: Tyranitar\n|-resisted|p1a: Tyranitar\n|-damage|p1a: Tyranitar|3\/100\n|-damage|p2a: Lumberjack|25\/100|[from] item: Life Orb\n|\n|-weather|Sandstorm|[upkeep]\n|-heal|p1a: Tyranitar|9\/100|[from] item: Leftovers\n|upkeep\n|turn|19\n|\n|t:|1608578766\n|switch|p1a: Latios|Latios, M|60\/100\n|-damage|p1a: Latios|48\/100|[from] Stealth Rock\n|move|p2a: Lumberjack|Quick Attack|p1a: Latios\n|-damage|p1a: Latios|0 fnt\n|-damage|p2a: Lumberjack|15\/100|[from] item: Life Orb\n|faint|p1a: Latios\n|\n|-weather|Sandstorm|[upkeep]\n|upkeep\n|c|\u2606airfare|oh\n|c|\u2606relic stone|ez\n|c|\u2606airfare|oops\n|c|\u2606relic stone|bro\n|c|\u2606airfare|lmao\n|c|\u2606relic stone|this is like\n|c|\u2606relic stone|a pre dlc1 team\n|c|\u2606relic stone|LOL\n|c|\u2606relic stone|i saw it worked in this meta\n|c|\u2606relic stone|cause i have a normal type\n|c|\u2606relic stone|and a cinderace\n|c|\u2606relic stone|rofl\n|c|\u2606airfare|lmao\n|\n|t:|1608578814\n|switch|p1a: Melmetal|Melmetal|70\/100 par\n|-damage|p1a: Melmetal|64\/100 par|[from] Stealth Rock\n|turn|20\n|j| steeeelium\n|c|\u2606airfare|bet ur\n|c|\u2606airfare|mega kick tpunch\n|c|\u2606relic stone|im mega kick ice punch quickattack\n|c|\u2606relic stone|LOL\n|c|\u2606relic stone|i have to hit\n|c|\u2606airfare|cringe\n|\n|t:|1608578835\n|move|p2a: Lumberjack|Mega Kick|p1a: Melmetal\n|-resisted|p1a: Melmetal\n|-damage|p1a: Melmetal|7\/100 par\n|-damage|p2a: Lumberjack|5\/100|[from] item: Life Orb\n|move|p1a: Melmetal|Double Iron Bash|p2a: Lumberjack\n|-damage|p2a: Lumberjack|0 fnt\n|-hitcount|p2a: Lumberjack|1\n|faint|p2a: Lumberjack\n|\n|-weather|Sandstorm|[upkeep]\n|upkeep\n|c|\u2606relic stone|57\n|c|\u2606relic stone|what the fuck\n|c|\u2606airfare|!showset 6\n|c| airfare|\/raw <div class=\"infobox\">Melmetal @ Assault Vest<br \/>Ability: Iron Fist<br \/>EVs: 128 hp \/ 116 atk \/ 252 spd \/ 12 spe<br \/>Careful Nature<br \/>- Double Iron Bash<br \/>- Earthquake<br \/>- Ice Punch<br \/>- Thunder Punch<br \/><br \/><\/div>\n|\n|t:|1608578846\n|switch|p2a: Harambe|Rillaboom, M|68\/100\n|-fieldstart|move: Grassy Terrain|[from] ability: Grassy Surge|[of] p2a: Harambe\n|turn|21\n|c|\u2606airfare|goat evs\n|\n|t:|1608578851\n|move|p2a: Harambe|Grassy Glide|p1a: Melmetal\n|-resisted|p1a: Melmetal\n|-damage|p1a: Melmetal|0 fnt\n|-damage|p2a: Harambe|58\/100|[from] item: Life Orb\n|faint|p1a: Melmetal\n|\n|-weather|Sandstorm|[upkeep]\n|-damage|p2a: Harambe|52\/100|[from] Sandstorm\n|-heal|p2a: Harambe|58\/100|[from] Grassy Terrain\n|upkeep\n|\n|t:|1608578852\n|switch|p1a: Clefable|Clefable, F|68\/100\n|turn|22\n|\n|t:|1608578855\n|move|p2a: Harambe|Swords Dance|p2a: Harambe\n|-boost|p2a: Harambe|atk|2\n|move|p1a: Clefable|Knock Off|p2a: Harambe\n|-damage|p2a: Harambe|43\/100\n|-enditem|p2a: Harambe|Life Orb|[from] move: Knock Off|[of] p1a: Clefable\n|\n|-weather|none\n|-heal|p2a: Harambe|50\/100|[from] Grassy Terrain\n|-heal|p1a: Clefable|74\/100|[from] item: Leftovers\n|-heal|p1a: Clefable|80\/100|[from] Grassy Terrain\n|upkeep\n|turn|23\n|\n|t:|1608578859\n|switch|p1a: Tyranitar|Tyranitar, F|9\/100\n|-damage|p1a: Tyranitar|0 fnt|[from] Stealth Rock\n|faint|p1a: Tyranitar\n|move|p2a: Harambe|Grassy Glide|p1: Tyranitar|[notarget]\n|-fail|p2a: Harambe\n|\n|-heal|p2a: Harambe|56\/100|[from] Grassy Terrain\n|upkeep\n|\n|t:|1608578861\n|switch|p1a: Clefable|Clefable, F|80\/100\n|turn|24\n|\n|t:|1608578863\n|move|p2a: Harambe|Swords Dance|p2a: Harambe\n|-boost|p2a: Harambe|atk|2\n|move|p1a: Clefable|Moonblast|p2a: Harambe\n|-damage|p2a: Harambe|12\/100\n|\n|-heal|p2a: Harambe|18\/100|[from] Grassy Terrain\n|-heal|p1a: Clefable|86\/100|[from] item: Leftovers\n|-heal|p1a: Clefable|92\/100|[from] Grassy Terrain\n|upkeep\n|turn|25\n|\n|t:|1608578865\n|move|p2a: Harambe|Grassy Glide|p1a: Clefable\n|-damage|p1a: Clefable|0 fnt\n|faint|p1a: Clefable\n|\n|win|relic stone\n|c|\u2606relic stone|ggggggggg\n|c|\u2606airfare|u like the big tho\n|c|\u2606airfare|gg\n|c|\u2606airfare|bug**\n|c|\u2606relic stone|which\n|c|\u2606relic stone|bug\n|c|\u2606airfare|uhh\n|c|\u2606relic stone|there arent\n|c|\u2606airfare|golisopod\n|c|\u2606relic stone|any bugs\n|c|\u2606airfare|i forgot the name\n|c|\u2606relic stone|on my team\n|c|\u2606relic stone|oh\n|c|\u2606relic stone|golisopod\n|c|\u2606relic stone|ye\n|c|\u2606airfare|its my cind check LOL\n|c|\u2606relic stone|first impression>jet imo\n|c|\u2606airfare|honestly good spiker too\n|c|\u2606relic stone|use scarf eq ttar\n|c|\u2606airfare|nah w\/o jet theres no cind check\n|c|\u2606airfare|ttars my defensive utility\n|c|\u2606relic stone|scarf ttar\n|c|\u2606relic stone|eq\n|c|\u2606relic stone|beats 99%\n|c|\u2606relic stone|of aces\n|c|\u2606airfare|i mean vs other shit\n|c|\u2606airfare|like volc and spect\n|c|\u2606airfare|that i need tar bulkyfor\n|c|\u2606relic stone|oh\n|c|\u2606relic stone|but\n|c|\u2606relic stone|u haave ace\n|c|\u2606relic stone|and av mel\n|c|\u2606relic stone|to check those\n|c|\u2606airfare|they get chipped mad easily\n|c|\u2606airfare|maybe i could make clef wish\n|c|\u2606airfare|rn its knock aroma\n|c|\u2606airfare|but my team also rly likes aroma\n|c|\u2606relic stone|tru\n|c|\u2606airfare|but yea\n|c|\u2606airfare|gg\n","uploadtime":1608579108,"views":1820,"p1id":"airfare","p2id":"relicstone","formatid":"gen8ou","rating":0,"private":0,"password":null}