{"id":"gen8ou-1667061429","p1":"Monaruby","p2":"Darkman64","format":"gen8ou","log":"|j|\u2606Monaruby\n|j|\u2606Darkman64\n|t:|1663474609\n|gametype|singles\n|player|p1|Monaruby|266|1457\n|player|p2|Darkman64|juan|1467\n|teamsize|p1|6\n|teamsize|p2|6\n|gen|8\n|tier|[Gen 8] OU\n|rated|\n|rule|Sleep Clause Mod: Limit one foe put to sleep\n|rule|Species Clause: Limit one of each Pok\u00e9mon\n|rule|OHKO Clause: OHKO moves are banned\n|rule|Evasion Items Clause: Evasion items are banned\n|rule|Evasion Moves Clause: Evasion moves are banned\n|rule|Endless Battle Clause: Forcing endless battles is banned\n|rule|HP Percentage Mod: HP is shown in percentages\n|rule|Dynamax Clause: You cannot dynamax\n|clearpoke\n|poke|p1|Obstagoon, M|\n|poke|p1|Linoone, F|\n|poke|p1|Miltank, F|\n|poke|p1|Blissey, F|\n|poke|p1|Porygon-Z|\n|poke|p1|Ditto|\n|poke|p2|Weavile, F|\n|poke|p2|Slowbro, M|\n|poke|p2|Landorus-Therian, M|\n|poke|p2|Urshifu-*, M|\n|poke|p2|Ferrothorn, F|\n|poke|p2|Clefable, M|\n|teampreview\n|\n|t:|1663474617\n|start\n|switch|p1a: Obstagoon|Obstagoon, M|100\/100\n|switch|p2a: Weavile|Weavile, F|100\/100\n|-ability|p2a: Weavile|Pressure\n|turn|1\n|inactive|Battle timer is ON: inactive players will automatically lose when time's up. (requested by Monaruby)\n|\n|t:|1663474648\n|move|p2a: Weavile|Triple Axel|p1a: Obstagoon\n|-damage|p1a: Obstagoon|86\/100\n|-damage|p1a: Obstagoon|58\/100\n|-crit|p1a: Obstagoon\n|-damage|p1a: Obstagoon|0 fnt\n|faint|p1a: Obstagoon\n|-hitcount|p1: Obstagoon|3\n|\n|upkeep\n|\n|t:|1663474663\n|switch|p1a: Miltank|Miltank, F|100\/100\n|turn|2\n|\n|t:|1663474679\n|switch|p2a: Slowbro|Slowbro, M|100\/100\n|move|p1a: Miltank|Fire Punch|p2a: Slowbro\n|-resisted|p2a: Slowbro\n|-damage|p2a: Slowbro|94\/100\n|\n|upkeep\n|turn|3\n|\n|t:|1663474685\n|move|p1a: Miltank|Stealth Rock|p2a: Slowbro\n|-sidestart|p2: Darkman64|move: Stealth Rock\n|move|p2a: Slowbro|Teleport|p2a: Slowbro\n|\n|t:|1663474695\n|switch|p2a: Urshifu|Urshifu-Rapid-Strike, M|100\/100|[from]move: Teleport\n|-damage|p2a: Urshifu|94\/100|[from] Stealth Rock\n|\n|upkeep\n|turn|4\n|\n|t:|1663474702\n|move|p1a: Miltank|Thunder Punch|p2a: Urshifu\n|-supereffective|p2a: Urshifu\n|-damage|p2a: Urshifu|53\/100\n|move|p2a: Urshifu|Close Combat|p1a: Miltank\n|-supereffective|p1a: Miltank\n|-damage|p1a: Miltank|0 fnt\n|-unboost|p2a: Urshifu|def|1\n|-unboost|p2a: Urshifu|spd|1\n|faint|p1a: Miltank\n|\n|upkeep\n|\n|t:|1663474709\n|switch|p1a: Porygon-Z|Porygon-Z|100\/100\n|-ability|p1a: Porygon-Z|Download|boost\n|-boost|p1a: Porygon-Z|spa|1\n|turn|5\n|\n|t:|1663474714\n|switch|p2a: Landorus|Landorus-Therian, M|100\/100\n|-damage|p2a: Landorus|88\/100|[from] Stealth Rock\n|-ability|p2a: Landorus|Intimidate|boost\n|-unboost|p1a: Porygon-Z|atk|1\n|move|p1a: Porygon-Z|Tri Attack|p2a: Landorus\n|-damage|p2a: Landorus|42\/100\n|\n|-heal|p2a: Landorus|48\/100|[from] item: Leftovers\n|upkeep\n|turn|6\n|\n|t:|1663474722\n|move|p1a: Porygon-Z|Tri Attack|p2a: Landorus\n|-damage|p2a: Landorus|0 fnt\n|faint|p2a: Landorus\n|\n|upkeep\n|inactive|Darkman64 has 120 seconds left.\n|\n|t:|1663474761\n|switch|p2a: Ferrothorn|Ferrothorn, F|100\/100\n|-damage|p2a: Ferrothorn|94\/100|[from] Stealth Rock\n|turn|7\n|inactive|Darkman64 has 120 seconds left.\n|\n|t:|1663474773\n|switch|p1a: Blissey|Blissey, F|100\/100\n|move|p2a: Ferrothorn|Spikes|p1a: Blissey\n|-sidestart|p1: Monaruby|Spikes\n|\n|-heal|p2a: Ferrothorn|100\/100|[from] item: Leftovers\n|upkeep\n|turn|8\n|\n|t:|1663474777\n|move|p1a: Blissey|Charge Beam|p2a: Ferrothorn\n|-resisted|p2a: Ferrothorn\n|-damage|p2a: Ferrothorn|96\/100\n|-boost|p1a: Blissey|spa|1\n|move|p2a: Ferrothorn|Knock Off|p1a: Blissey\n|-damage|p1a: Blissey|82\/100\n|-enditem|p1a: Blissey|Assault Vest|[from] move: Knock Off|[of] p2a: Ferrothorn\n|\n|-heal|p2a: Ferrothorn|100\/100|[from] item: Leftovers\n|upkeep\n|turn|9\n|inactive|Darkman64 has 120 seconds left.\n|\n|t:|1663474806\n|move|p1a: Blissey|Charge Beam|p2a: Ferrothorn\n|-resisted|p2a: Ferrothorn\n|-damage|p2a: Ferrothorn|94\/100\n|-boost|p1a: Blissey|spa|1\n|move|p2a: Ferrothorn|Leech Seed|p1a: Blissey\n|-start|p1a: Blissey|move: Leech Seed\n|\n|-heal|p2a: Ferrothorn|99\/100|[from] item: Leftovers\n|-damage|p1a: Blissey|70\/100|[from] Leech Seed|[of] p2a: Ferrothorn\n|-heal|p2a: Ferrothorn|100\/100|[silent]\n|upkeep\n|turn|10\n|inactive|Darkman64 has 120 seconds left.\n|\n|t:|1663474812\n|switch|p2a: Clefable|Clefable, M|100\/100\n|-damage|p2a: Clefable|88\/100|[from] Stealth Rock\n|move|p1a: Blissey|Fire Blast|p2a: Clefable|[miss]\n|-miss|p1a: Blissey|p2a: Clefable\n|\n|-heal|p2a: Clefable|94\/100|[from] item: Leftovers\n|-damage|p1a: Blissey|57\/100|[from] Leech Seed|[of] p2a: Clefable\n|-heal|p2a: Clefable|100\/100|[silent]\n|upkeep\n|turn|11\n|\n|t:|1663474817\n|move|p1a: Blissey|Tri Attack|p2a: Clefable\n|-damage|p2a: Clefable|77\/100\n|move|p2a: Clefable|Teleport|p2a: Clefable\n|\n|t:|1663474822\n|switch|p2a: Urshifu|Urshifu-Rapid-Strike, M|53\/100|[from]move: Teleport\n|-damage|p2a: Urshifu|47\/100|[from] Stealth Rock\n|\n|-damage|p1a: Blissey|45\/100|[from] Leech Seed|[of] p2a: Urshifu\n|-heal|p2a: Urshifu|72\/100|[silent]\n|upkeep\n|turn|12\n|\n|t:|1663474830\n|move|p2a: Urshifu|Surging Strikes|p1a: Blissey\n|-crit|p1a: Blissey\n|-damage|p1a: Blissey|16\/100\n|-crit|p1a: Blissey\n|-damage|p1a: Blissey|0 fnt\n|faint|p1a: Blissey\n|-hitcount|p1: Blissey|2\n|\n|upkeep\n|\n|t:|1663474838\n|switch|p1a: Porygon-Z|Porygon-Z|100\/100\n|-damage|p1a: Porygon-Z|88\/100|[from] Spikes\n|-ability|p1a: Porygon-Z|Download|boost\n|-boost|p1a: Porygon-Z|spa|1\n|turn|13\n|l|\u2606Monaruby\n|inactive|Monaruby disconnected and has a minute to reconnect!\n|player|p1|\n|\n|t:|1663474847\n|switch|p2a: Ferrothorn|Ferrothorn, F|100\/100\n|-damage|p2a: Ferrothorn|94\/100|[from] Stealth Rock\n|move|p1a: Porygon-Z|Trick|p2a: Ferrothorn\n|-activate|p1a: Porygon-Z|move: Trick|[of] p2a: Ferrothorn\n|-item|p2a: Ferrothorn|Choice Scarf|[from] move: Trick\n|-item|p1a: Porygon-Z|Leftovers|[from] move: Trick\n|\n|-heal|p1a: Porygon-Z|94\/100|[from] item: Leftovers\n|upkeep\n|turn|14\n|j|\u2606Monaruby\n|inactive|Monaruby reconnected and has 145 seconds left.\n|player|p1|Monaruby|266\n|\n|t:|1663474863\n|switch|p1a: Ditto|Ditto|100\/100\n|-damage|p1a: Ditto|88\/100|[from] Spikes\n|-transform|p1a: Ditto|p2a: Ferrothorn|[from] ability: Imposter\n|move|p2a: Ferrothorn|Leech Seed|p1a: Ditto\n|-immune|p1a: Ditto\n|\n|upkeep\n|turn|15\n|\n|t:|1663474884\n|move|p1a: Ditto|Spikes|p2a: Ferrothorn\n|-sidestart|p2: Darkman64|Spikes\n|move|p2a: Ferrothorn|Leech Seed|p1a: Ditto\n|-immune|p1a: Ditto\n|\n|upkeep\n|turn|16\n|\n|t:|1663474911\n|switch|p1a: Porygon-Z|Porygon-Z|94\/100\n|-damage|p1a: Porygon-Z|82\/100|[from] Spikes\n|-ability|p1a: Porygon-Z|Download|boost\n|-boost|p1a: Porygon-Z|spa|1\n|switch|p2a: Slowbro|Slowbro, M|100\/100\n|\n|-heal|p1a: Porygon-Z|88\/100|[from] item: Leftovers\n|upkeep\n|turn|17\n|\n|t:|1663474920\n|move|p1a: Porygon-Z|Dark Pulse|p2a: Slowbro\n|-supereffective|p2a: Slowbro\n|-damage|p2a: Slowbro|26\/100\n|cant|p2a: Slowbro|flinch\n|\n|-heal|p1a: Porygon-Z|94\/100|[from] item: Leftovers\n|upkeep\n|turn|18\n|\n|t:|1663474930\n|switch|p2a: Ferrothorn|Ferrothorn, F|94\/100\n|-damage|p2a: Ferrothorn|88\/100|[from] Stealth Rock\n|-damage|p2a: Ferrothorn|75\/100|[from] Spikes\n|move|p1a: Porygon-Z|Tri Attack|p2a: Ferrothorn\n|-resisted|p2a: Ferrothorn\n|-damage|p2a: Ferrothorn|49\/100\n|\n|-heal|p1a: Porygon-Z|100\/100|[from] item: Leftovers\n|upkeep\n|turn|19\n|\n|t:|1663474940\n|move|p1a: Porygon-Z|Dark Pulse|p2a: Ferrothorn\n|-damage|p2a: Ferrothorn|11\/100\n|move|p2a: Ferrothorn|Knock Off|p1a: Porygon-Z\n|-crit|p1a: Porygon-Z\n|-damage|p1a: Porygon-Z|56\/100\n|-enditem|p1a: Porygon-Z|Leftovers|[from] move: Knock Off|[of] p2a: Ferrothorn\n|\n|upkeep\n|turn|20\n|\n|t:|1663474948\n|move|p1a: Porygon-Z|Dark Pulse|p2a: Ferrothorn\n|-damage|p2a: Ferrothorn|0 fnt\n|faint|p2a: Ferrothorn\n|\n|upkeep\n|\n|t:|1663474950\n|switch|p2a: Weavile|Weavile, F|100\/100\n|-damage|p2a: Weavile|76\/100|[from] Stealth Rock\n|-damage|p2a: Weavile|63\/100|[from] Spikes\n|-ability|p2a: Weavile|Pressure\n|turn|21\n|\n|t:|1663474977\n|move|p2a: Weavile|Knock Off|p1a: Porygon-Z\n|-damage|p1a: Porygon-Z|0 fnt\n|faint|p1a: Porygon-Z\n|\n|upkeep\n|\n|t:|1663474981\n|switch|p1a: Ditto|Ditto|88\/100\n|-damage|p1a: Ditto|76\/100|[from] Spikes\n|-transform|p1a: Ditto|p2a: Weavile|[from] ability: Imposter\n|-ability|p1a: Ditto|Pressure\n|turn|22\n|\n|t:|1663474989\n|switch|p2a: Slowbro|Slowbro, M|59\/100\n|move|p1a: Ditto|Knock Off|p2a: Slowbro\n|-supereffective|p2a: Slowbro\n|-damage|p2a: Slowbro|2\/100\n|-enditem|p2a: Slowbro|Heavy-Duty Boots|[from] move: Knock Off|[of] p1a: Ditto\n|\n|upkeep\n|turn|23\n|\n|t:|1663474994\n|switch|p2a: Urshifu|Urshifu-Rapid-Strike, M|72\/100\n|-damage|p2a: Urshifu|65\/100|[from] Stealth Rock\n|-damage|p2a: Urshifu|53\/100|[from] Spikes\n|move|p1a: Ditto|Knock Off|p2a: Urshifu\n|-resisted|p2a: Urshifu\n|-damage|p2a: Urshifu|30\/100\n|-enditem|p2a: Urshifu|Choice Band|[from] move: Knock Off|[of] p1a: Ditto\n|\n|upkeep\n|turn|24\n|c|\u2606Darkman64|gg\n|\n|t:|1663475005\n|move|p1a: Ditto|Knock Off|p2a: Urshifu\n|-resisted|p2a: Urshifu\n|-damage|p2a: Urshifu|15\/100\n|move|p2a: Urshifu|Close Combat|p1a: Ditto\n|-supereffective|p1a: Ditto\n|-damage|p1a: Ditto|0 fnt\n|-unboost|p2a: Urshifu|def|1\n|-unboost|p2a: Urshifu|spd|1\n|faint|p1a: Ditto\n|\n|upkeep\n|\n|t:|1663475007\n|switch|p1a: Linoone|Linoone, F|100\/100\n|-damage|p1a: Linoone|88\/100|[from] Spikes\n|turn|25\n|\n|t:|1663475010\n|move|p1a: Linoone|Extreme Speed|p2a: Urshifu\n|-damage|p2a: Urshifu|0 fnt\n|faint|p2a: Urshifu\n|\n|upkeep\n|\n|t:|1663475013\n|switch|p2a: Weavile|Weavile, F|63\/100\n|-damage|p2a: Weavile|38\/100|[from] Stealth Rock\n|-damage|p2a: Weavile|26\/100|[from] Spikes\n|-ability|p2a: Weavile|Pressure\n|turn|26\n|\n|t:|1663475017\n|move|p1a: Linoone|Extreme Speed|p2a: Weavile\n|-damage|p2a: Weavile|0 fnt\n|faint|p2a: Weavile\n|\n|upkeep\n|\n|t:|1663475021\n|switch|p2a: Slowbro|Slowbro, M|36\/100\n|-damage|p2a: Slowbro|23\/100|[from] Stealth Rock\n|-damage|p2a: Slowbro|11\/100|[from] Spikes\n|turn|27\n|\n|t:|1663475025\n|move|p1a: Linoone|Throat Chop|p2a: Slowbro\n|-supereffective|p2a: Slowbro\n|-crit|p2a: Slowbro\n|-damage|p2a: Slowbro|0 fnt\n|faint|p2a: Slowbro\n|\n|upkeep\n|\n|t:|1663475028\n|switch|p2a: Clefable|Clefable, M|77\/100\n|-damage|p2a: Clefable|64\/100|[from] Stealth Rock\n|-damage|p2a: Clefable|52\/100|[from] Spikes\n|turn|28\n|\n|t:|1663475033\n|move|p1a: Linoone|Extreme Speed|p2a: Clefable\n|-damage|p2a: Clefable|28\/100\n|move|p2a: Clefable|Wish|p2a: Clefable\n|\n|-heal|p2a: Clefable|34\/100|[from] item: Leftovers\n|upkeep\n|turn|29\n|\n|t:|1663475041\n|move|p1a: Linoone|Extreme Speed|p2a: Clefable\n|-damage|p2a: Clefable|12\/100\n|move|p2a: Clefable|Moonblast|p1a: Linoone\n|-damage|p1a: Linoone|47\/100\n|-unboost|p1a: Linoone|spa|1\n|-enditem|p1a: Linoone|Figy Berry|[eat]\n|-heal|p1a: Linoone|80\/100|[from] item: Figy Berry\n|\n|-heal|p2a: Clefable|62\/100|[from] move: Wish|[wisher] Clefable\n|-heal|p2a: Clefable|68\/100|[from] item: Leftovers\n|upkeep\n|turn|30\n|\n|t:|1663475048\n|move|p1a: Linoone|Extreme Speed|p2a: Clefable\n|-damage|p2a: Clefable|43\/100\n|move|p2a: Clefable|Wish|p2a: Clefable\n|\n|-heal|p2a: Clefable|49\/100|[from] item: Leftovers\n|upkeep\n|turn|31\n|\n|t:|1663475051\n|move|p2a: Clefable|Protect|p2a: Clefable\n|-singleturn|p2a: Clefable|Protect\n|move|p1a: Linoone|Extreme Speed|p2a: Clefable\n|-activate|p2a: Clefable|move: Protect\n|\n|-heal|p2a: Clefable|99\/100|[from] move: Wish|[wisher] Clefable\n|-heal|p2a: Clefable|100\/100|[from] item: Leftovers\n|upkeep\n|turn|32\n|\n|t:|1663475053\n|move|p1a: Linoone|Extreme Speed|p2a: Clefable\n|-damage|p2a: Clefable|78\/100\n|move|p2a: Clefable|Wish|p2a: Clefable\n|\n|-heal|p2a: Clefable|84\/100|[from] item: Leftovers\n|upkeep\n|turn|33\n|\n|t:|1663475057\n|move|p1a: Linoone|Stomping Tantrum|p2a: Clefable\n|-damage|p2a: Clefable|68\/100\n|move|p2a: Clefable|Moonblast|p1a: Linoone\n|-damage|p1a: Linoone|31\/100\n|\n|-heal|p2a: Clefable|100\/100|[from] move: Wish|[wisher] Clefable\n|upkeep\n|turn|34\n|\n|t:|1663475060\n|move|p1a: Linoone|Stomping Tantrum|p2a: Clefable\n|-crit|p2a: Clefable\n|-damage|p2a: Clefable|79\/100\n|move|p2a: Clefable|Moonblast|p1a: Linoone\n|-damage|p1a: Linoone|0 fnt\n|faint|p1a: Linoone\n|\n|win|Darkman64\n|raw|Monaruby's rating: 1457 &rarr; <strong>1440<\/strong><br \/>(-17 for losing)\n|raw|Darkman64's rating: 1508 &rarr; <strong>1525<\/strong><br \/>(+17 for winning)\n","uploadtime":1663475064,"views":3,"p1id":"monaruby","p2id":"darkman64","formatid":"gen8ou","rating":1440,"private":0,"password":null}