{"id":"gen8ou-1542926698","p1":"jptoroglass","p2":"Colonel Rivai","format":"gen8ou","log":"|j|\u2606jptoroglass\n|j|\u2606Colonel Rivai\n|t:|1648736909\n|gametype|singles\n|player|p1|jptoroglass|furisodegirl-black|1703\n|player|p2|Colonel Rivai|102|1771\n|teamsize|p1|6\n|teamsize|p2|6\n|gen|8\n|tier|[Gen 8] OU\n|rated|\n|rule|Sleep Clause Mod: Limit one foe put to sleep\n|rule|Species Clause: Limit one of each Pok\u00e9mon\n|rule|OHKO Clause: OHKO moves are banned\n|rule|Evasion Moves Clause: Evasion moves are banned\n|rule|Endless Battle Clause: Forcing endless battles is banned\n|rule|HP Percentage Mod: HP is shown in percentages\n|rule|Dynamax Clause: You cannot dynamax\n|clearpoke\n|poke|p1|Mew|\n|poke|p1|Cloyster, M|\n|poke|p1|Gengar, F|\n|poke|p1|Bisharp, F|\n|poke|p1|Rillaboom, F|\n|poke|p1|Hawlucha, M|\n|poke|p2|Hydreigon, F|\n|poke|p2|Kartana|\n|poke|p2|Blacephalon|\n|poke|p2|Landorus-Therian, M|\n|poke|p2|Melmetal|\n|poke|p2|Toxapex, M|\n|teampreview\n|\n|t:|1648736920\n|start\n|switch|p1a: Mew|Mew, shiny|100\/100\n|switch|p2a: Hydreigon|Hydreigon, F|100\/100\n|turn|1\n|\n|t:|1648736925\n|move|p1a: Mew|Stealth Rock|p2a: Hydreigon\n|-sidestart|p2: Colonel Rivai|move: Stealth Rock\n|move|p2a: Hydreigon|Beat Up|p1a: Mew\n|-supereffective|p1a: Mew\n|-damage|p1a: Mew|81\/100\n|-supereffective|p1a: Mew\n|-damage|p1a: Mew|54\/100\n|-supereffective|p1a: Mew\n|-damage|p1a: Mew|33\/100\n|-supereffective|p1a: Mew\n|-damage|p1a: Mew|6\/100\n|-supereffective|p1a: Mew\n|-damage|p1a: Mew|0 fnt\n|faint|p1a: Mew\n|-hitcount|p1: Mew|5\n|\n|upkeep\n|inactive|Battle timer is ON: inactive players will automatically lose when time's up. (requested by Colonel Rivai)\n|\n|t:|1648736942\n|switch|p1a: Zero|Bisharp, F|100\/100\n|turn|2\n|\n|t:|1648736955\n|switch|p2a: Kartana|Kartana|100\/100\n|-damage|p2a: Kartana|94\/100|[from] Stealth Rock\n|move|p1a: Zero|Swords Dance|p1a: Zero\n|-boost|p1a: Zero|atk|2\n|\n|upkeep\n|turn|3\n|\n|t:|1648736959\n|move|p1a: Zero|Sucker Punch|p2a: Kartana\n|-damage|p2a: Kartana|4\/100\n|move|p2a: Kartana|Sacred Sword|p1a: Zero\n|-supereffective|p1a: Zero\n|-damage|p1a: Zero|0 fnt\n|faint|p1a: Zero\n|-ability|p2a: Kartana|Beast Boost|boost\n|-boost|p2a: Kartana|atk|1\n|\n|upkeep\n|\n|t:|1648736968\n|switch|p1a: Okage|Gengar, F|100\/100\n|turn|4\n|\n|t:|1648736971\n|switch|p2a: Melmetal|Melmetal|100\/100\n|-damage|p2a: Melmetal|94\/100|[from] Stealth Rock\n|move|p1a: Okage|Shadow Ball|p2a: Melmetal\n|-damage|p2a: Melmetal|72\/100\n|\n|upkeep\n|turn|5\n|\n|t:|1648736976\n|move|p1a: Okage|Focus Blast|p2a: Melmetal|[miss]\n|-miss|p1a: Okage|p2a: Melmetal\n|move|p2a: Melmetal|Double Iron Bash|p1a: Okage\n|-damage|p1a: Okage|7\/100\n|-damage|p1a: Okage|0 fnt\n|faint|p1a: Okage\n|-hitcount|p1: Okage|2\n|\n|upkeep\n|\n|t:|1648736984\n|switch|p1a: DK did it first|Rillaboom, F|100\/100\n|-fieldstart|move: Grassy Terrain|[from] ability: Grassy Surge|[of] p1a: DK did it first\n|turn|6\n|\n|t:|1648736987\n|switch|p2a: Landorus|Landorus-Therian, M|100\/100\n|-damage|p2a: Landorus|88\/100|[from] Stealth Rock\n|-ability|p2a: Landorus|Intimidate|boost\n|-unboost|p1a: DK did it first|atk|1\n|move|p1a: DK did it first|Drain Punch|p2a: Landorus\n|-resisted|p2a: Landorus\n|-damage|p2a: Landorus|76\/100\n|-damage|p1a: DK did it first|91\/100|[from] item: Life Orb\n|\n|-heal|p1a: DK did it first|97\/100|[from] Grassy Terrain\n|-heal|p2a: Landorus|82\/100|[from] item: Leftovers\n|upkeep\n|turn|7\n|\n|t:|1648736993\n|switch|p1a: Adam West|Hawlucha, M|100\/100\n|-enditem|p1a: Adam West|Grassy Seed\n|-boost|p1a: Adam West|def|1|[from] item: Grassy Seed\n|move|p2a: Landorus|Defog|p1a: Adam West\n|-unboost|p1a: Adam West|evasion|1\n|-sideend|p2: Colonel Rivai|Stealth Rock|[from] move: Defog|[of] p2a: Landorus\n|-fieldend|move: Grassy Terrain\n|\n|-heal|p2a: Landorus|88\/100|[from] item: Leftovers\n|upkeep\n|turn|8\n|\n|t:|1648736997\n|move|p1a: Adam West|Swords Dance|p1a: Adam West\n|-boost|p1a: Adam West|atk|2\n|move|p2a: Landorus|U-turn|p1a: Adam West\n|-resisted|p1a: Adam West\n|-damage|p1a: Adam West|96\/100\n|\n|t:|1648736998\n|switch|p2a: Toxapex|Toxapex, M|100\/100|[from]move: U-turn\n|\n|upkeep\n|turn|9\n|\n|t:|1648737004\n|move|p1a: Adam West|Acrobatics|p2a: Toxapex\n|-damage|p2a: Toxapex|44\/100\n|-damage|p1a: Adam West|79\/100|[from] item: Rocky Helmet|[of] p2a: Toxapex\n|move|p2a: Toxapex|Haze|p2a: Toxapex\n|-clearallboost\n|\n|upkeep\n|turn|10\n|\n|t:|1648737016\n|move|p1a: Adam West|Swords Dance|p1a: Adam West\n|-boost|p1a: Adam West|atk|2\n|move|p2a: Toxapex|Recover|p2a: Toxapex\n|-heal|p2a: Toxapex|94\/100\n|\n|upkeep\n|turn|11\n|\n|t:|1648737019\n|move|p1a: Adam West|Acrobatics|p2a: Toxapex\n|-damage|p2a: Toxapex|37\/100\n|-damage|p1a: Adam West|62\/100|[from] item: Rocky Helmet|[of] p2a: Toxapex\n|move|p2a: Toxapex|Haze|p2a: Toxapex\n|-clearallboost\n|\n|upkeep\n|turn|12\n|\n|t:|1648737035\n|move|p1a: Adam West|Swords Dance|p1a: Adam West\n|-boost|p1a: Adam West|atk|2\n|move|p2a: Toxapex|Recover|p2a: Toxapex\n|-heal|p2a: Toxapex|87\/100\n|\n|upkeep\n|turn|13\n|\n|t:|1648737040\n|move|p1a: Adam West|Acrobatics|p2a: Toxapex\n|-damage|p2a: Toxapex|27\/100\n|-damage|p1a: Adam West|46\/100|[from] item: Rocky Helmet|[of] p2a: Toxapex\n|move|p2a: Toxapex|Haze|p2a: Toxapex\n|-clearallboost\n|\n|upkeep\n|turn|14\n|\n|t:|1648737045\n|move|p1a: Adam West|Acrobatics|p2a: Toxapex\n|-damage|p2a: Toxapex|0 fnt\n|-damage|p1a: Adam West|29\/100|[from] item: Rocky Helmet|[of] p2a: Toxapex\n|faint|p2a: Toxapex\n|\n|upkeep\n|\n|t:|1648737048\n|switch|p2a: Landorus|Landorus-Therian, M|88\/100\n|-ability|p2a: Landorus|Intimidate|boost\n|-unboost|p1a: Adam West|atk|1\n|turn|15\n|\n|t:|1648737051\n|move|p1a: Adam West|Swords Dance|p1a: Adam West\n|-boost|p1a: Adam West|atk|2\n|move|p2a: Landorus|U-turn|p1a: Adam West\n|-resisted|p1a: Adam West\n|-damage|p1a: Adam West|21\/100\n|\n|t:|1648737059\n|switch|p2a: Hydreigon|Hydreigon, F|100\/100|[from]move: U-turn\n|\n|upkeep\n|turn|16\n|\n|t:|1648737064\n|switch|p2a: Landorus|Landorus-Therian, M|88\/100\n|-ability|p2a: Landorus|Intimidate|boost\n|-unboost|p1a: Adam West|atk|1\n|move|p1a: Adam West|Close Combat|p2a: Landorus\n|-resisted|p2a: Landorus\n|-damage|p2a: Landorus|61\/100\n|-unboost|p1a: Adam West|def|1\n|-unboost|p1a: Adam West|spd|1\n|\n|-heal|p2a: Landorus|67\/100|[from] item: Leftovers\n|upkeep\n|turn|17\n|\n|t:|1648737067\n|move|p1a: Adam West|Swords Dance|p1a: Adam West\n|-boost|p1a: Adam West|atk|2\n|move|p2a: Landorus|U-turn|p1a: Adam West\n|-resisted|p1a: Adam West\n|-damage|p1a: Adam West|10\/100\n|\n|t:|1648737070\n|switch|p2a: Hydreigon|Hydreigon, F|100\/100|[from]move: U-turn\n|\n|upkeep\n|turn|18\n|\n|t:|1648737075\n|move|p1a: Adam West|Acrobatics|p2a: Hydreigon\n|-damage|p2a: Hydreigon|0 fnt\n|faint|p2a: Hydreigon\n|\n|upkeep\n|\n|t:|1648737078\n|switch|p2a: Landorus|Landorus-Therian, M|67\/100\n|-ability|p2a: Landorus|Intimidate|boost\n|-unboost|p1a: Adam West|atk|1\n|turn|19\n|\n|t:|1648737083\n|move|p1a: Adam West|Acrobatics|p2a: Landorus\n|-damage|p2a: Landorus|0 fnt\n|faint|p2a: Landorus\n|\n|upkeep\n|\n|t:|1648737087\n|switch|p2a: Blacephalon|Blacephalon|100\/100\n|turn|20\n|\n|t:|1648737094\n|move|p1a: Adam West|Stone Edge|p2a: Blacephalon\n|-supereffective|p2a: Blacephalon\n|-damage|p2a: Blacephalon|0 fnt\n|faint|p2a: Blacephalon\n|\n|upkeep\n|l|\u2606Colonel Rivai\n|inactive|Colonel Rivai disconnected and has a minute to reconnect!\n|player|p2|\n|inactive|Colonel Rivai has 30 seconds to reconnect!\n|inactive|Colonel Rivai has 20 seconds to reconnect!\n|inactive|Colonel Rivai has 15 seconds to reconnect!\n|inactive|Colonel Rivai has 10 seconds to reconnect!\n|j| leor006\n|inactive|Colonel Rivai has 5 seconds to reconnect!\n|-message|Colonel Rivai lost due to inactivity.\n|\n|win|jptoroglass\n|raw|jptoroglass's rating: 1703 &rarr; <strong>1727<\/strong><br \/>(+24 for winning)\n|raw|Colonel Rivai's rating: 1771 &rarr; <strong>1747<\/strong><br \/>(-24 for losing)\n|l| leor006\n|j| 9rz\n|l| 9rz\n||Ladder isn't responding, score probably updated but might not have (Request timeout).\n|j| Nyx03\n|l| Nyx03\n","uploadtime":1648737166,"views":40,"p1id":"jptoroglass","p2id":"colonelrivai","formatid":"gen8ou","rating":1727,"private":0,"password":null}