{"id":"gen8ou-1449689984","p1":"LudwigFrog","p2":"Obsessiana","format":"gen8ou","log":"|j|\u2606LudwigFrog\n|j|\u2606Obsessiana\n|t:|1636167934\n|gametype|singles\n|player|p1|LudwigFrog|hilbert-wonderlauncher|1731\n|player|p2|Obsessiana|furisodegirl-pink|1632\n|teamsize|p1|6\n|teamsize|p2|6\n|gen|8\n|tier|[Gen 8] OU\n|rated|\n|rule|Sleep Clause Mod: Limit one foe put to sleep\n|rule|Species Clause: Limit one of each Pok\u00e9mon\n|rule|OHKO Clause: OHKO moves are banned\n|rule|Evasion Moves Clause: Evasion moves are banned\n|rule|Endless Battle Clause: Forcing endless battles is banned\n|rule|HP Percentage Mod: HP is shown in percentages\n|rule|Dynamax Clause: You cannot dynamax\n|clearpoke\n|poke|p1|Mew|\n|poke|p1|Blacephalon|\n|poke|p1|Kyurem|\n|poke|p1|Tapu Koko|\n|poke|p1|Hawlucha, M|\n|poke|p1|Garchomp, F|\n|poke|p2|Grimmsnarl, M|\n|poke|p2|Weavile, M|\n|poke|p2|Ferrothorn, M|\n|poke|p2|Tapu Fini|\n|poke|p2|Victini|\n|poke|p2|Hydreigon, F|\n|teampreview\n|inactive|Battle timer is ON: inactive players will automatically lose when time's up. (requested by LudwigFrog)\n|inactive|LudwigFrog has 120 seconds left.\n|\n|t:|1636167976\n|start\n|switch|p1a: Mew|Mew|100\/100\n|switch|p2a: Ferrothorn|Ferrothorn, M|100\/100\n|turn|1\n|\n|t:|1636167997\n|switch|p2a: Hydreigon|Hydreigon, F|100\/100\n|move|p1a: Mew|Taunt|p2a: Hydreigon\n|-start|p2a: Hydreigon|move: Taunt\n|\n|upkeep\n|turn|2\n|\n|t:|1636168004\n|move|p1a: Mew|Stealth Rock|p2a: Hydreigon\n|-sidestart|p2: Obsessiana|move: Stealth Rock\n|move|p2a: Hydreigon|Dark Pulse|p1a: Mew\n|-supereffective|p1a: Mew\n|-damage|p1a: Mew|5\/100\n|\n|upkeep\n|turn|3\n|\n|t:|1636168013\n|move|p1a: Mew|Spikes|p2a: Hydreigon\n|-sidestart|p2: Obsessiana|Spikes\n|move|p2a: Hydreigon|Dark Pulse|p1a: Mew\n|-supereffective|p1a: Mew\n|-damage|p1a: Mew|0 fnt\n|faint|p1a: Mew\n|\n|-end|p2a: Hydreigon|move: Taunt\n|upkeep\n|\n|t:|1636168017\n|switch|p1a: Tapu Koko|Tapu Koko|100\/100\n|-fieldstart|move: Electric Terrain|[from] ability: Electric Surge|[of] p1a: Tapu Koko\n|turn|4\n|\n|t:|1636168021\n|switch|p2a: Grimmsnarl|Grimmsnarl, M|100\/100\n|-damage|p2a: Grimmsnarl|88\/100|[from] Stealth Rock\n|-damage|p2a: Grimmsnarl|76\/100|[from] Spikes\n|move|p1a: Tapu Koko|U-turn|p2a: Grimmsnarl\n|-damage|p2a: Grimmsnarl|54\/100\n|\n|t:|1636168032\n|switch|p1a: Kyurem|Kyurem|100\/100|[from]move: U-turn\n|-ability|p1a: Kyurem|Pressure\n|\n|upkeep\n|turn|5\n|\n|t:|1636168038\n|move|p2a: Grimmsnarl|Light Screen|p2a: Grimmsnarl\n|-sidestart|p2: Obsessiana|move: Light Screen\n|move|p1a: Kyurem|Substitute|p1a: Kyurem\n|-start|p1a: Kyurem|Substitute\n|-damage|p1a: Kyurem|76\/100\n|\n|-heal|p1a: Kyurem|82\/100|[from] item: Leftovers\n|upkeep\n|turn|6\n|\n|t:|1636168042\n|move|p2a: Grimmsnarl|Taunt|p1a: Kyurem\n|-start|p1a: Kyurem|move: Taunt\n|cant|p1a: Kyurem|move: Taunt|Dragon Dance\n|\n|-heal|p1a: Kyurem|88\/100|[from] item: Leftovers\n|upkeep\n|turn|7\n|\n|t:|1636168050\n|switch|p2a: Tapu Fini|Tapu Fini|100\/100\n|-damage|p2a: Tapu Fini|88\/100|[from] Spikes\n|-damage|p2a: Tapu Fini|75\/100|[from] Stealth Rock\n|-fieldstart|move: Misty Terrain|[from] ability: Misty Surge|[of] p2a: Tapu Fini\n|move|p1a: Kyurem|Icicle Spear|p2a: Tapu Fini\n|-resisted|p2a: Tapu Fini\n|-damage|p2a: Tapu Fini|70\/100\n|-resisted|p2a: Tapu Fini\n|-damage|p2a: Tapu Fini|64\/100\n|-hitcount|p2a: Tapu Fini|2\n|\n|-heal|p1a: Kyurem|94\/100|[from] item: Leftovers\n|-heal|p2a: Tapu Fini|71\/100|[from] item: Leftovers\n|upkeep\n|turn|8\n|\n|t:|1636168061\n|switch|p1a: Tapu Koko|Tapu Koko|100\/100\n|-fieldstart|move: Electric Terrain|[from] ability: Electric Surge|[of] p1a: Tapu Koko\n|move|p2a: Tapu Fini|Defog|p1a: Tapu Koko\n|-unboost|p1a: Tapu Koko|evasion|1\n|-sideend|p2: Obsessiana|Spikes|[from] move: Defog|[of] p2a: Tapu Fini\n|-sideend|p2: Obsessiana|Stealth Rock|[from] move: Defog|[of] p2a: Tapu Fini\n|-fieldend|move: Electric Terrain\n|\n|-heal|p2a: Tapu Fini|77\/100|[from] item: Leftovers\n|upkeep\n|turn|9\n|\n|t:|1636168071\n|switch|p2a: Ferrothorn|Ferrothorn, M|100\/100\n|move|p1a: Tapu Koko|Thunderbolt|p2a: Ferrothorn\n|-resisted|p2a: Ferrothorn\n|-damage|p2a: Ferrothorn|93\/100\n|\n|-heal|p2a: Ferrothorn|99\/100|[from] item: Leftovers\n|upkeep\n|turn|10\n|\n|t:|1636168077\n|move|p1a: Tapu Koko|U-turn|p2a: Ferrothorn\n|-damage|p2a: Ferrothorn|90\/100\n|-damage|p1a: Tapu Koko|88\/100|[from] ability: Iron Barbs|[of] p2a: Ferrothorn\n|\n|t:|1636168080\n|switch|p1a: Garchomp|Garchomp, F|100\/100|[from]move: U-turn\n|move|p2a: Ferrothorn|Stealth Rock|p1a: Garchomp\n|-sidestart|p1: LudwigFrog|move: Stealth Rock\n|\n|-heal|p2a: Ferrothorn|96\/100|[from] item: Leftovers\n|upkeep\n|turn|11\n|\n|t:|1636168085\n|switch|p2a: Tapu Fini|Tapu Fini|77\/100\n|-fieldstart|move: Misty Terrain|[from] ability: Misty Surge|[of] p2a: Tapu Fini\n|move|p1a: Garchomp|Swords Dance|p1a: Garchomp\n|-boost|p1a: Garchomp|atk|2\n|\n|-heal|p2a: Tapu Fini|83\/100|[from] item: Leftovers\n|upkeep\n|turn|12\n|\n|t:|1636168098\n|switch|p2a: Grimmsnarl|Grimmsnarl, M|54\/100\n|move|p1a: Garchomp|Earthquake|p2a: Grimmsnarl\n|-damage|p2a: Grimmsnarl|0 fnt\n|faint|p2a: Grimmsnarl\n|\n|-sideend|p2: Obsessiana|move: Light Screen\n|upkeep\n|\n|t:|1636168105\n|switch|p2a: Weavile|Weavile, M|100\/100\n|-ability|p2a: Weavile|Pressure\n|turn|13\n|\n|t:|1636168109\n|move|p2a: Weavile|Icicle Crash|p1a: Garchomp\n|-supereffective|p1a: Garchomp\n|-damage|p1a: Garchomp|0 fnt\n|faint|p1a: Garchomp\n|\n|upkeep\n|\n|t:|1636168114\n|switch|p1a: Tapu Koko|Tapu Koko|88\/100\n|-fieldstart|move: Electric Terrain|[from] ability: Electric Surge|[of] p1a: Tapu Koko\n|turn|14\n|\n|t:|1636168122\n|move|p1a: Tapu Koko|U-turn|p2a: Weavile\n|-supereffective|p2a: Weavile\n|-damage|p2a: Weavile|49\/100\n|\n|t:|1636168130\n|switch|p1a: Blacephalon|Blacephalon|100\/100|[from]move: U-turn\n|-damage|p1a: Blacephalon|76\/100|[from] Stealth Rock\n|move|p2a: Weavile|Knock Off|p1a: Blacephalon\n|-supereffective|p1a: Blacephalon\n|-damage|p1a: Blacephalon|0 fnt\n|-enditem|p1a: Blacephalon|Choice Scarf|[from] move: Knock Off|[of] p2a: Weavile\n|faint|p1a: Blacephalon\n|\n|upkeep\n|\n|t:|1636168133\n|switch|p1a: Hawlucha|Hawlucha, M|100\/100\n|-damage|p1a: Hawlucha|88\/100|[from] Stealth Rock\n|-enditem|p1a: Hawlucha|Electric Seed\n|-boost|p1a: Hawlucha|def|1|[from] item: Electric Seed\n|turn|15\n|\n|t:|1636168143\n|move|p1a: Hawlucha|Acrobatics|p2a: Weavile\n|-damage|p2a: Weavile|0 fnt\n|faint|p2a: Weavile\n|\n|upkeep\n|\n|t:|1636168147\n|switch|p2a: Tapu Fini|Tapu Fini|83\/100\n|-fieldstart|move: Misty Terrain|[from] ability: Misty Surge|[of] p2a: Tapu Fini\n|turn|16\n|\n|t:|1636168151\n|move|p1a: Hawlucha|Swords Dance|p1a: Hawlucha\n|-boost|p1a: Hawlucha|atk|2\n|move|p2a: Tapu Fini|Moonblast|p1a: Hawlucha\n|-supereffective|p1a: Hawlucha\n|-damage|p1a: Hawlucha|0 fnt\n|faint|p1a: Hawlucha\n|\n|-heal|p2a: Tapu Fini|89\/100|[from] item: Leftovers\n|upkeep\n|\n|t:|1636168154\n|switch|p1a: Tapu Koko|Tapu Koko|88\/100\n|-fieldstart|move: Electric Terrain|[from] ability: Electric Surge|[of] p1a: Tapu Koko\n|turn|17\n|\n|t:|1636168163\n|switch|p2a: Ferrothorn|Ferrothorn, M|96\/100\n|move|p1a: Tapu Koko|U-turn|p2a: Ferrothorn\n|-damage|p2a: Ferrothorn|87\/100\n|-damage|p1a: Tapu Koko|76\/100|[from] ability: Iron Barbs|[of] p2a: Ferrothorn\n|\n|t:|1636168169\n|switch|p1a: Kyurem|Kyurem|94\/100|[from]move: U-turn\n|-damage|p1a: Kyurem|69\/100|[from] Stealth Rock\n|-ability|p1a: Kyurem|Pressure\n|\n|-heal|p1a: Kyurem|75\/100|[from] item: Leftovers\n|-heal|p2a: Ferrothorn|93\/100|[from] item: Leftovers\n|upkeep\n|turn|18\n|\n|t:|1636168173\n|move|p1a: Kyurem|Substitute|p1a: Kyurem\n|-start|p1a: Kyurem|Substitute\n|-damage|p1a: Kyurem|51\/100\n|move|p2a: Ferrothorn|Gyro Ball|p1a: Kyurem\n|-supereffective|p1a: Kyurem\n|-end|p1a: Kyurem|Substitute\n|\n|-heal|p1a: Kyurem|57\/100|[from] item: Leftovers\n|-heal|p2a: Ferrothorn|99\/100|[from] item: Leftovers\n|upkeep\n|turn|19\n|\n|t:|1636168177\n|move|p1a: Kyurem|Substitute|p1a: Kyurem\n|-start|p1a: Kyurem|Substitute\n|-damage|p1a: Kyurem|32\/100\n|move|p2a: Ferrothorn|Gyro Ball|p1a: Kyurem\n|-supereffective|p1a: Kyurem\n|-end|p1a: Kyurem|Substitute\n|\n|-heal|p1a: Kyurem|38\/100|[from] item: Leftovers\n|-heal|p2a: Ferrothorn|100\/100|[from] item: Leftovers\n|upkeep\n|turn|20\n|\n|t:|1636168182\n|move|p1a: Kyurem|Roost|p1a: Kyurem\n|-heal|p1a: Kyurem|88\/100\n|-singleturn|p1a: Kyurem|move: Roost\n|move|p2a: Ferrothorn|Gyro Ball|p1a: Kyurem\n|-supereffective|p1a: Kyurem\n|-damage|p1a: Kyurem|1\/100\n|\n|-heal|p1a: Kyurem|7\/100|[from] item: Leftovers\n|upkeep\n|turn|21\n|-message|LudwigFrog forfeited.\n|\n|win|Obsessiana\n|raw|LudwigFrog's rating: 1731 &rarr; <strong>1705<\/strong><br \/>(-26 for losing)\n|raw|Obsessiana's rating: 1632 &rarr; <strong>1658<\/strong><br \/>(+26 for winning)\n|l|\u2606LudwigFrog\n|l|\u2606Obsessiana\n|j|\u2606Obsessiana\n|player|p2|Obsessiana|furisodegirl-pink\n","uploadtime":1636168268,"views":30,"p1id":"ludwigfrog","p2id":"obsessiana","formatid":"gen8ou","rating":1658,"private":0,"password":null}