{"id":"gen8ou-1691906054","p1":"quixana","p2":"ParaDocs","format":"gen8ou","log":"|html|<div class=\"broadcast-blue\"><strong>[Gen 8] OU is currently suspecting Melmetal! For information on how to participate check out the <a href=\"https:\/\/www.smogon.com\/forums\/threads\/np-ss-ou-suspect-process-round-12-monster-mash.3709234\/\">suspect thread<\/a>.<\/strong><\/div>\n|j|\u2606quixana\n|j|\u2606ParaDocs\n|inactive|Battle timer is ON: inactive players will automatically lose when time's up.\n|t:|1666425778\n|gametype|singles\n|player|p1|quixana|ethan-masters|\n|player|p2|ParaDocs|cyclistf|\n|teamsize|p1|6\n|teamsize|p2|6\n|gen|8\n|tier|[Gen 8] OU\n|rated|Tournament battle\n|rule|Sleep Clause Mod: Limit one foe put to sleep\n|rule|Species Clause: Limit one of each Pok\u00e9mon\n|rule|OHKO Clause: OHKO moves are banned\n|rule|Evasion Items Clause: Evasion items are banned\n|rule|Evasion Moves Clause: Evasion moves are banned\n|rule|Endless Battle Clause: Forcing endless battles is banned\n|rule|HP Percentage Mod: HP is shown in percentages\n|rule|Dynamax Clause: You cannot dynamax\n|clearpoke\n|poke|p1|Dragapult, M|\n|poke|p1|Rotom-Wash|\n|poke|p1|Landorus-Therian, M|\n|poke|p1|Melmetal|\n|poke|p1|Weavile, M|\n|poke|p1|Kartana|\n|poke|p2|Swampert, F|\n|poke|p2|Tapu Bulu|\n|poke|p2|Blissey, F|\n|poke|p2|Heatran, M|\n|poke|p2|Golisopod, F|\n|poke|p2|Excadrill, M|\n|teampreview\n|inactive|ParaDocs also wants the timer to be on.\n|c|\u2606ParaDocs|hf\n|inactive|quixana has 120 seconds left.\n|c|\u2606quixana|u2\n|j| kakyion\n|\n|t:|1666425813\n|start\n|switch|p1a: Phantom|Rotom-Wash, shiny|100\/100\n|switch|p2a: Tapu Bulu|Tapu Bulu|100\/100\n|-fieldstart|move: Grassy Terrain|[from] ability: Grassy Surge|[of] p2a: Tapu Bulu\n|turn|1\n|\n|t:|1666425824\n|move|p1a: Phantom|Volt Switch|p2a: Tapu Bulu\n|-resisted|p2a: Tapu Bulu\n|-damage|p2a: Tapu Bulu|81\/100\n|\n|t:|1666425837\n|switch|p1a: Leviathan|Dragapult, M, shiny|100\/100|[from]move: Volt Switch\n|move|p2a: Tapu Bulu|Swords Dance|p2a: Tapu Bulu\n|-boost|p2a: Tapu Bulu|atk|2\n|\n|-heal|p2a: Tapu Bulu|87\/100|[from] Grassy Terrain\n|upkeep\n|turn|2\n|l| kakyion\n|\n|t:|1666425842\n|switch|p2a: Blissey|Blissey, F|100\/100\n|move|p1a: Leviathan|Flamethrower|p2a: Blissey\n|-damage|p2a: Blissey|83\/100\n|\n|-heal|p2a: Blissey|89\/100|[from] Grassy Terrain\n|upkeep\n|turn|3\n|\n|t:|1666425851\n|switch|p1a: Fate|Melmetal, shiny|100\/100\n|move|p2a: Blissey|Thunder Wave|p1a: Fate\n|-status|p1a: Fate|par\n|\n|-heal|p2a: Blissey|96\/100|[from] Grassy Terrain\n|upkeep\n|turn|4\n|\n|t:|1666425866\n|switch|p2a: Swampert|Swampert, F|100\/100\n|cant|p1a: Fate|par\n|\n|upkeep\n|turn|5\n|j|%moondazing\n|\n|t:|1666425875\n|switch|p1a: Phantom|Rotom-Wash, shiny|100\/100\n|move|p2a: Swampert|Flip Turn|p1a: Phantom\n|-resisted|p1a: Phantom\n|-damage|p1a: Phantom|85\/100\n|\n|t:|1666425883\n|switch|p2a: Tapu Bulu|Tapu Bulu|87\/100|[from]move: Flip Turn\n|\n|-heal|p1a: Phantom|91\/100|[from] item: Leftovers\n|-heal|p2a: Tapu Bulu|93\/100|[from] Grassy Terrain\n|-fieldend|move: Grassy Terrain\n|upkeep\n|turn|6\n|\n|t:|1666425887\n|move|p1a: Phantom|Volt Switch|p2a: Tapu Bulu\n|-resisted|p2a: Tapu Bulu\n|-damage|p2a: Tapu Bulu|72\/100\n|\n|t:|1666425890\n|switch|p1a: Leviathan|Dragapult, M, shiny|100\/100|[from]move: Volt Switch\n|move|p2a: Tapu Bulu|Horn Leech|p1a: Leviathan\n|-resisted|p1a: Leviathan\n|-damage|p1a: Leviathan|69\/100\n|-heal|p2a: Tapu Bulu|90\/100|[from] drain|[of] p1a: Leviathan\n|-damage|p2a: Tapu Bulu|80\/100|[from] item: Life Orb\n|\n|upkeep\n|turn|7\n|\n|t:|1666425897\n|move|p1a: Leviathan|U-turn|p2a: Tapu Bulu\n|-damage|p2a: Tapu Bulu|63\/100\n|\n|t:|1666425904\n|switch|p1a: Deathstroke|Kartana, shiny|100\/100|[from]move: U-turn\n|move|p2a: Tapu Bulu|Horn Leech|p1a: Deathstroke\n|-resisted|p1a: Deathstroke\n|-damage|p1a: Deathstroke|88\/100\n|-heal|p2a: Tapu Bulu|68\/100|[from] drain|[of] p1a: Deathstroke\n|-damage|p2a: Tapu Bulu|59\/100|[from] item: Life Orb\n|\n|upkeep\n|turn|8\n|\n|t:|1666425912\n|switch|p1a: Leviathan|Dragapult, M, shiny|69\/100\n|switch|p2a: Golisopod|Golisopod, F|100\/100\n|\n|upkeep\n|turn|9\n|inactive|quixana has 120 seconds left.\n|\n|t:|1666425965\n|switch|p2a: Blissey|Blissey, F|96\/100\n|move|p1a: Leviathan|Shadow Ball|p2a: Blissey\n|-immune|p2a: Blissey\n|\n|upkeep\n|turn|10\n|\n|t:|1666425973\n|switch|p1a: Fate|Melmetal, shiny|100\/100 par\n|move|p2a: Blissey|Teleport|p2a: Blissey\n|\n|t:|1666425980\n|switch|p2a: Golisopod|Golisopod, F|100\/100|[from]move: Teleport\n|\n|upkeep\n|turn|11\n|\n|t:|1666426001\n|move|p2a: Golisopod|Spikes|p1a: Fate\n|-sidestart|p1: quixana|Spikes\n|move|p1a: Fate|Thunder Punch|p2a: Golisopod\n|-supereffective|p2a: Golisopod\n|-damage|p2a: Golisopod|25\/100\n|-activate|p2a: Golisopod|ability: Emergency Exit\n|\n|t:|1666426013\n|switch|p2a: Heatran|Heatran, M|100\/100\n|\n|upkeep\n|turn|12\n|\n|t:|1666426017\n|switch|p1a: Enten|Landorus-Therian, M, shiny|100\/100\n|-ability|p1a: Enten|Intimidate|boost\n|-unboost|p2a: Heatran|atk|1\n|move|p2a: Heatran|Magma Storm|p1a: Enten\n|-damage|p1a: Enten|66\/100\n|-activate|p1a: Enten|move: Magma Storm|[of] p2a: Heatran\n|\n|-heal|p1a: Enten|72\/100|[from] item: Leftovers\n|-damage|p1a: Enten|59\/100|[from] move: Magma Storm|[partiallytrapped]\n|upkeep\n|turn|13\n|inactive|quixana has 120 seconds left.\n|\n|t:|1666426032\n|switch|p2a: Tapu Bulu|Tapu Bulu|59\/100\n|-fieldstart|move: Grassy Terrain|[from] ability: Grassy Surge|[of] p2a: Tapu Bulu\n|move|p1a: Enten|Earthquake|p2a: Tapu Bulu\n|-resisted|p2a: Tapu Bulu\n|-damage|p2a: Tapu Bulu|46\/100\n|\n|-heal|p2a: Tapu Bulu|52\/100|[from] Grassy Terrain\n|-heal|p1a: Enten|65\/100|[from] item: Leftovers\n|-end|p1a: Enten|Magma Storm|[partiallytrapped]|[silent]\n|upkeep\n|turn|14\n|inactive|quixana has 120 seconds left.\n|\n|t:|1666426049\n|switch|p1a: Deathstroke|Kartana, shiny|88\/100\n|-damage|p1a: Deathstroke|76\/100|[from] Spikes\n|move|p2a: Tapu Bulu|Close Combat|p1a: Deathstroke\n|-supereffective|p1a: Deathstroke\n|-damage|p1a: Deathstroke|0 fnt\n|-unboost|p2a: Tapu Bulu|def|1\n|-unboost|p2a: Tapu Bulu|spd|1\n|faint|p1a: Deathstroke\n|-damage|p2a: Tapu Bulu|42\/100|[from] item: Life Orb\n|\n|-heal|p2a: Tapu Bulu|48\/100|[from] Grassy Terrain\n|upkeep\n|\n|t:|1666426060\n|switch|p1a: Leviathan|Dragapult, M, shiny|69\/100\n|-damage|p1a: Leviathan|56\/100|[from] Spikes\n|turn|15\n|\n|t:|1666426066\n|switch|p2a: Golisopod|Golisopod, F|25\/100\n|move|p1a: Leviathan|U-turn|p2a: Golisopod\n|-damage|p2a: Golisopod|13\/100\n|\n|t:|1666426073\n|switch|p1a: Phantom|Rotom-Wash, shiny|91\/100|[from]move: U-turn\n|\n|-heal|p1a: Phantom|97\/100|[from] item: Leftovers\n|-heal|p2a: Golisopod|19\/100|[from] Grassy Terrain\n|upkeep\n|turn|16\n|inactive|quixana has 120 seconds left.\n|\n|t:|1666426081\n|move|p2a: Golisopod|First Impression|p1a: Phantom\n|-damage|p1a: Phantom|25\/100\n|move|p1a: Phantom|Hydro Pump|p2a: Golisopod|[miss]\n|-miss|p1a: Phantom|p2a: Golisopod\n|\n|-heal|p1a: Phantom|31\/100|[from] item: Leftovers\n|-heal|p2a: Golisopod|25\/100|[from] Grassy Terrain\n|upkeep\n|turn|17\n|\n|t:|1666426088\n|switch|p2a: Blissey|Blissey, F|96\/100\n|move|p1a: Phantom|Volt Switch|p2a: Blissey\n|-damage|p2a: Blissey|84\/100\n|inactive|quixana has 120 seconds left.\n|\n|t:|1666426108\n|switch|p1a: Bandit|Weavile, M, shiny|100\/100|[from]move: Volt Switch\n|-damage|p1a: Bandit|88\/100|[from] Spikes\n|-ability|p1a: Bandit|Pressure\n|\n|-heal|p1a: Bandit|94\/100|[from] Grassy Terrain\n|-heal|p2a: Blissey|90\/100|[from] Grassy Terrain\n|-fieldend|move: Grassy Terrain\n|upkeep\n|turn|18\n|inactive|quixana has 120 seconds left.\n|\n|t:|1666426119\n|switch|p1a: Enten|Landorus-Therian, M, shiny|65\/100\n|-ability|p1a: Enten|Intimidate|boost\n|-unboost|p2a: Blissey|atk|1\n|move|p2a: Blissey|Thunder Wave|p1a: Enten\n|-immune|p1a: Enten\n|\n|-heal|p1a: Enten|71\/100|[from] item: Leftovers\n|upkeep\n|turn|19\n|inactive|quixana has 120 seconds left.\n|\n|t:|1666426127\n|switch|p2a: Swampert|Swampert, F|100\/100\n|move|p1a: Enten|Stealth Rock|p2a: Swampert\n|-sidestart|p2: ParaDocs|move: Stealth Rock\n|\n|-heal|p1a: Enten|77\/100|[from] item: Leftovers\n|upkeep\n|turn|20\n|inactive|quixana has 120 seconds left.\n|\n|t:|1666426138\n|move|p1a: Enten|U-turn|p2a: Swampert\n|-damage|p2a: Swampert|83\/100\n|\n|t:|1666426140\n|switch|p1a: Phantom|Rotom-Wash, shiny|31\/100|[from]move: U-turn\n|move|p2a: Swampert|Flip Turn|p1a: Phantom\n|-resisted|p1a: Phantom\n|-damage|p1a: Phantom|15\/100\n|\n|t:|1666426149\n|switch|p2a: Golisopod|Golisopod, F|25\/100|[from]move: Flip Turn\n|\n|-heal|p1a: Phantom|21\/100|[from] item: Leftovers\n|upkeep\n|turn|21\n|\n|t:|1666426157\n|switch|p1a: Fate|Melmetal, shiny|100\/100 par\n|-damage|p1a: Fate|88\/100 par|[from] Spikes\n|move|p2a: Golisopod|First Impression|p1a: Fate\n|-resisted|p1a: Fate\n|-damage|p1a: Fate|74\/100 par\n|\n|upkeep\n|turn|22\n|\n|t:|1666426167\n|move|p2a: Golisopod|Liquidation|p1a: Fate\n|-damage|p1a: Fate|47\/100 par\n|move|p1a: Fate|Double Iron Bash|p2a: Golisopod\n|-resisted|p2a: Golisopod\n|-damage|p2a: Golisopod|0 fnt\n|faint|p2a: Golisopod\n|-hitcount|p2: Golisopod|1\n|\n|upkeep\n|\n|t:|1666426176\n|switch|p2a: Excadrill|Excadrill, M|100\/100\n|-damage|p2a: Excadrill|97\/100|[from] Stealth Rock\n|-ability|p2a: Excadrill|Mold Breaker\n|turn|23\n|\n|t:|1666426183\n|switch|p1a: Enten|Landorus-Therian, M, shiny|77\/100\n|-ability|p1a: Enten|Intimidate|boost\n|-unboost|p2a: Excadrill|atk|1\n|move|p2a: Excadrill|High Horsepower|p1a: Enten\n|-immune|p1a: Enten\n|\n|-heal|p1a: Enten|83\/100|[from] item: Leftovers\n|upkeep\n|turn|24\n|\n|t:|1666426210\n|switch|p2a: Tapu Bulu|Tapu Bulu|48\/100\n|-damage|p2a: Tapu Bulu|36\/100|[from] Stealth Rock\n|-fieldstart|move: Grassy Terrain|[from] ability: Grassy Surge|[of] p2a: Tapu Bulu\n|move|p1a: Enten|U-turn|p2a: Tapu Bulu\n|-crit|p2a: Tapu Bulu\n|-damage|p2a: Tapu Bulu|3\/100\n|j| dsfce\n|\n|t:|1666426220\n|switch|p1a: Phantom|Rotom-Wash, shiny|21\/100|[from]move: U-turn\n|\n|-heal|p1a: Phantom|27\/100|[from] item: Leftovers\n|-heal|p2a: Tapu Bulu|9\/100|[from] Grassy Terrain\n|upkeep\n|turn|25\n|l| dsfce\n|\n|t:|1666426226\n|move|p1a: Phantom|Volt Switch|p2a: Tapu Bulu\n|-resisted|p2a: Tapu Bulu\n|-damage|p2a: Tapu Bulu|0 fnt\n|faint|p2a: Tapu Bulu\n|\n|t:|1666426240\n|switch|p1a: Enten|Landorus-Therian, M, shiny|83\/100|[from]move: Volt Switch\n|\n|-heal|p1a: Enten|89\/100|[from] item: Leftovers\n|upkeep\n|\n|t:|1666426247\n|switch|p2a: Swampert|Swampert, F|83\/100\n|-damage|p2a: Swampert|77\/100|[from] Stealth Rock\n|turn|26\n|inactive|quixana has 120 seconds left.\n|\n|t:|1666426282\n|move|p1a: Enten|U-turn|p2a: Swampert\n|-damage|p2a: Swampert|59\/100\n|\n|t:|1666426288\n|switch|p1a: Leviathan|Dragapult, M, shiny|56\/100|[from]move: U-turn\n|-damage|p1a: Leviathan|44\/100|[from] Spikes\n|move|p2a: Swampert|Flip Turn|p1a: Leviathan\n|-resisted|p1a: Leviathan\n|-damage|p1a: Leviathan|28\/100\n|\n|t:|1666426295\n|switch|p2a: Excadrill|Excadrill, M|97\/100|[from]move: Flip Turn\n|-damage|p2a: Excadrill|94\/100|[from] Stealth Rock\n|-ability|p2a: Excadrill|Mold Breaker\n|\n|-heal|p2a: Excadrill|100\/100|[from] Grassy Terrain\n|-heal|p1a: Leviathan|34\/100|[from] Grassy Terrain\n|upkeep\n|turn|27\n|inactive|quixana has 120 seconds left.\n|\n|t:|1666426304\n|switch|p1a: Enten|Landorus-Therian, M, shiny|89\/100\n|-ability|p1a: Enten|Intimidate|boost\n|-unboost|p2a: Excadrill|atk|1\n|move|p2a: Excadrill|Iron Head|p1a: Enten\n|-damage|p1a: Enten|63\/100\n|\n|-heal|p1a: Enten|69\/100|[from] item: Leftovers\n|upkeep\n|turn|28\n|\n|t:|1666426317\n|switch|p2a: Swampert|Swampert, F|59\/100\n|-damage|p2a: Swampert|53\/100|[from] Stealth Rock\n|move|p1a: Enten|Defog|p2a: Swampert\n|-unboost|p2a: Swampert|evasion|1\n|-sideend|p2: ParaDocs|Stealth Rock|[from] move: Defog|[of] p1a: Enten\n|-sideend|p1: quixana|Spikes|[from] move: Defog|[of] p1a: Enten\n|-fieldend|move: Grassy Terrain\n|\n|-heal|p1a: Enten|75\/100|[from] item: Leftovers\n|-heal|p2a: Swampert|59\/100|[from] item: Leftovers\n|upkeep\n|turn|29\n|inactive|quixana has 120 seconds left.\n|\n|t:|1666426338\n|move|p1a: Enten|U-turn|p2a: Swampert\n|-damage|p2a: Swampert|43\/100\n|\n|t:|1666426342\n|switch|p1a: Phantom|Rotom-Wash, shiny|27\/100|[from]move: U-turn\n|move|p2a: Swampert|Flip Turn|p1a: Phantom\n|-resisted|p1a: Phantom\n|-crit|p1a: Phantom\n|-damage|p1a: Phantom|3\/100\n|\n|t:|1666426349\n|switch|p2a: Excadrill|Excadrill, M|100\/100|[from]move: Flip Turn\n|-ability|p2a: Excadrill|Mold Breaker\n|\n|-heal|p1a: Phantom|9\/100|[from] item: Leftovers\n|upkeep\n|turn|30\n|\n|t:|1666426356\n|switch|p1a: Enten|Landorus-Therian, M, shiny|75\/100\n|-ability|p1a: Enten|Intimidate|boost\n|-unboost|p2a: Excadrill|atk|1\n|move|p2a: Excadrill|Rapid Spin|p1a: Enten\n|-damage|p1a: Enten|64\/100\n|-boost|p2a: Excadrill|spe|1\n|\n|-heal|p1a: Enten|70\/100|[from] item: Leftovers\n|upkeep\n|turn|31\n|\n|t:|1666426361\n|move|p2a: Excadrill|Rapid Spin|p1a: Enten\n|-damage|p1a: Enten|58\/100\n|-boost|p2a: Excadrill|spe|1\n|move|p1a: Enten|Earthquake|p2a: Excadrill\n|-supereffective|p2a: Excadrill\n|-damage|p2a: Excadrill|0 fnt\n|faint|p2a: Excadrill\n|\n|-heal|p1a: Enten|64\/100|[from] item: Leftovers\n|upkeep\n|\n|t:|1666426365\n|switch|p2a: Swampert|Swampert, F|43\/100\n|turn|32\n|\n|t:|1666426372\n|move|p1a: Enten|U-turn|p2a: Swampert\n|-damage|p2a: Swampert|24\/100\n|\n|t:|1666426379\n|switch|p1a: Fate|Melmetal, shiny|47\/100 par|[from]move: U-turn\n|move|p2a: Swampert|Flip Turn|p1a: Fate\n|-damage|p1a: Fate|30\/100 par\n|\n|t:|1666426383\n|switch|p2a: Heatran|Heatran, M|100\/100|[from]move: Flip Turn\n|\n|upkeep\n|turn|33\n|\n|t:|1666426389\n|move|p2a: Heatran|Magma Storm|p1a: Fate\n|-supereffective|p1a: Fate\n|-damage|p1a: Fate|0 fnt\n|faint|p1a: Fate\n|\n|upkeep\n|\n|t:|1666426392\n|switch|p1a: Enten|Landorus-Therian, M, shiny|64\/100\n|-ability|p1a: Enten|Intimidate|boost\n|-unboost|p2a: Heatran|atk|1\n|turn|34\n|\n|t:|1666426400\n|move|p2a: Heatran|Magma Storm|p1a: Enten\n|-damage|p1a: Enten|27\/100\n|-activate|p1a: Enten|move: Magma Storm|[of] p2a: Heatran\n|move|p1a: Enten|Earthquake|p2a: Heatran\n|-supereffective|p2a: Heatran\n|-damage|p2a: Heatran|0 fnt\n|faint|p2a: Heatran\n|\n|-heal|p1a: Enten|33\/100|[from] item: Leftovers\n|-end|p1a: Enten|Magma Storm|[partiallytrapped]|[silent]\n|upkeep\n|\n|t:|1666426406\n|switch|p2a: Swampert|Swampert, F|24\/100\n|turn|35\n|\n|t:|1666426412\n|move|p1a: Enten|Earthquake|p2a: Swampert\n|-damage|p2a: Swampert|0 fnt\n|faint|p2a: Swampert\n|\n|-heal|p1a: Enten|39\/100|[from] item: Leftovers\n|upkeep\n|c|\u2606ParaDocs|gg\n|\n|t:|1666426425\n|switch|p2a: Blissey|Blissey, F|90\/100\n|turn|36\n|\n|t:|1666426443\n|move|p1a: Enten|Earthquake|p2a: Blissey\n|-damage|p2a: Blissey|53\/100\n|move|p2a: Blissey|Seismic Toss|p1a: Enten\n|-damage|p1a: Enten|13\/100\n|\n|-heal|p1a: Enten|19\/100|[from] item: Leftovers\n|upkeep\n|turn|37\n|\n|t:|1666426448\n|move|p1a: Enten|Earthquake|p2a: Blissey\n|-damage|p2a: Blissey|9\/100\n|move|p2a: Blissey|Soft-Boiled|p2a: Blissey\n|-heal|p2a: Blissey|59\/100\n|\n|-heal|p1a: Enten|25\/100|[from] item: Leftovers\n|upkeep\n|turn|38\n|\n|t:|1666426451\n|move|p1a: Enten|Earthquake|p2a: Blissey\n|-damage|p2a: Blissey|16\/100\n|move|p2a: Blissey|Soft-Boiled|p2a: Blissey\n|-heal|p2a: Blissey|66\/100\n|\n|-heal|p1a: Enten|31\/100|[from] item: Leftovers\n|upkeep\n|turn|39\n|\n|t:|1666426463\n|move|p1a: Enten|Earthquake|p2a: Blissey\n|-damage|p2a: Blissey|23\/100\n|move|p2a: Blissey|Soft-Boiled|p2a: Blissey\n|-heal|p2a: Blissey|73\/100\n|\n|-heal|p1a: Enten|37\/100|[from] item: Leftovers\n|upkeep\n|turn|40\n|\n|t:|1666426468\n|move|p1a: Enten|Earthquake|p2a: Blissey\n|-damage|p2a: Blissey|29\/100\n|move|p2a: Blissey|Soft-Boiled|p2a: Blissey\n|-heal|p2a: Blissey|79\/100\n|\n|-heal|p1a: Enten|43\/100|[from] item: Leftovers\n|upkeep\n|turn|41\n|\n|t:|1666426481\n|move|p1a: Enten|Earthquake|p2a: Blissey\n|-damage|p2a: Blissey|40\/100\n|move|p2a: Blissey|Soft-Boiled|p2a: Blissey\n|-heal|p2a: Blissey|90\/100\n|\n|-heal|p1a: Enten|49\/100|[from] item: Leftovers\n|upkeep\n|turn|42\n|\n|t:|1666426488\n|move|p1a: Enten|Earthquake|p2a: Blissey\n|-damage|p2a: Blissey|49\/100\n|move|p2a: Blissey|Seismic Toss|p1a: Enten\n|-damage|p1a: Enten|23\/100\n|\n|-heal|p1a: Enten|29\/100|[from] item: Leftovers\n|upkeep\n|turn|43\n|\n|t:|1666426495\n|move|p1a: Enten|Earthquake|p2a: Blissey\n|-damage|p2a: Blissey|9\/100\n|move|p2a: Blissey|Soft-Boiled|p2a: Blissey\n|-heal|p2a: Blissey|59\/100\n|\n|-heal|p1a: Enten|35\/100|[from] item: Leftovers\n|upkeep\n|turn|44\n|\n|t:|1666426503\n|move|p1a: Enten|Earthquake|p2a: Blissey\n|-damage|p2a: Blissey|21\/100\n|move|p2a: Blissey|Soft-Boiled|p2a: Blissey\n|-heal|p2a: Blissey|71\/100\n|\n|-heal|p1a: Enten|41\/100|[from] item: Leftovers\n|upkeep\n|turn|45\n|\n|t:|1666426506\n|move|p1a: Enten|Earthquake|p2a: Blissey\n|-damage|p2a: Blissey|32\/100\n|move|p2a: Blissey|Soft-Boiled|p2a: Blissey\n|-heal|p2a: Blissey|82\/100\n|\n|-heal|p1a: Enten|47\/100|[from] item: Leftovers\n|upkeep\n|turn|46\n|\n|t:|1666426511\n|move|p1a: Enten|Earthquake|p2a: Blissey\n|-damage|p2a: Blissey|42\/100\n|move|p2a: Blissey|Soft-Boiled|p2a: Blissey\n|-heal|p2a: Blissey|92\/100\n|\n|-heal|p1a: Enten|53\/100|[from] item: Leftovers\n|upkeep\n|turn|47\n|\n|t:|1666426518\n|move|p1a: Enten|Earthquake|p2a: Blissey\n|-damage|p2a: Blissey|47\/100\n|move|p2a: Blissey|Seismic Toss|p1a: Enten\n|-damage|p1a: Enten|27\/100\n|\n|-heal|p1a: Enten|33\/100|[from] item: Leftovers\n|upkeep\n|turn|48\n|\n|t:|1666426526\n|move|p1a: Enten|Defog|p2a: Blissey\n|-unboost|p2a: Blissey|evasion|1\n|move|p2a: Blissey|Soft-Boiled|p2a: Blissey\n|-heal|p2a: Blissey|97\/100\n|\n|-heal|p1a: Enten|39\/100|[from] item: Leftovers\n|upkeep\n|turn|49\n|\n|t:|1666426533\n|move|p1a: Enten|Defog|p2a: Blissey\n|-unboost|p2a: Blissey|evasion|1\n|move|p2a: Blissey|Seismic Toss|p1a: Enten\n|-damage|p1a: Enten|13\/100\n|\n|-heal|p1a: Enten|19\/100|[from] item: Leftovers\n|upkeep\n|turn|50\n|\n|t:|1666426542\n|move|p1a: Enten|U-turn|p2a: Blissey\n|-damage|p2a: Blissey|78\/100\n|\n|t:|1666426544\n|switch|p1a: Leviathan|Dragapult, M, shiny|34\/100|[from]move: U-turn\n|move|p2a: Blissey|Seismic Toss|p1a: Leviathan\n|-immune|p1a: Leviathan\n|\n|upkeep\n|turn|51\n|\n|t:|1666426548\n|move|p1a: Leviathan|U-turn|p2a: Blissey\n|-damage|p2a: Blissey|63\/100\n|\n|t:|1666426550\n|switch|p1a: Enten|Landorus-Therian, M, shiny|19\/100|[from]move: U-turn\n|-ability|p1a: Enten|Intimidate|boost\n|-unboost|p2a: Blissey|atk|1\n|move|p2a: Blissey|Thunder Wave|p1a: Enten\n|-immune|p1a: Enten\n|\n|-heal|p1a: Enten|25\/100|[from] item: Leftovers\n|upkeep\n|turn|52\n|\n|t:|1666426558\n|move|p1a: Enten|Defog|p2a: Blissey\n|-unboost|p2a: Blissey|evasion|1\n|move|p2a: Blissey|Soft-Boiled|p2a: Blissey\n|-heal|p2a: Blissey|100\/100\n|\n|-heal|p1a: Enten|31\/100|[from] item: Leftovers\n|upkeep\n|turn|53\n|\n|t:|1666426568\n|move|p1a: Enten|Defog|p2a: Blissey\n|-unboost|p2a: Blissey|evasion|1\n|move|p2a: Blissey|Thunder Wave|p1a: Enten\n|-immune|p1a: Enten\n|\n|-heal|p1a: Enten|37\/100|[from] item: Leftovers\n|upkeep\n|turn|54\n|\n|t:|1666426573\n|move|p1a: Enten|Stealth Rock|p2a: Blissey\n|-sidestart|p2: ParaDocs|move: Stealth Rock\n|move|p2a: Blissey|Thunder Wave|p1a: Enten\n|-immune|p1a: Enten\n|\n|-heal|p1a: Enten|43\/100|[from] item: Leftovers\n|upkeep\n|turn|55\n|\n|t:|1666426577\n|move|p1a: Enten|Defog|p2a: Blissey\n|-unboost|p2a: Blissey|evasion|1\n|-sideend|p2: ParaDocs|Stealth Rock|[from] move: Defog|[of] p1a: Enten\n|move|p2a: Blissey|Seismic Toss|p1a: Enten\n|-damage|p1a: Enten|17\/100\n|\n|-heal|p1a: Enten|23\/100|[from] item: Leftovers\n|upkeep\n|turn|56\n|\n|t:|1666426582\n|move|p1a: Enten|Stealth Rock|p2a: Blissey\n|-sidestart|p2: ParaDocs|move: Stealth Rock\n|move|p2a: Blissey|Thunder Wave|p1a: Enten\n|-immune|p1a: Enten\n|\n|-heal|p1a: Enten|29\/100|[from] item: Leftovers\n|upkeep\n|turn|57\n|\n|t:|1666426590\n|move|p1a: Enten|Defog|p2a: Blissey\n|-unboost|p2a: Blissey|evasion|1\n|-sideend|p2: ParaDocs|Stealth Rock|[from] move: Defog|[of] p1a: Enten\n|move|p2a: Blissey|Seismic Toss|p1a: Enten\n|-damage|p1a: Enten|3\/100\n|\n|-heal|p1a: Enten|9\/100|[from] item: Leftovers\n|upkeep\n|turn|58\n|\n|t:|1666426595\n|move|p1a: Enten|Stealth Rock|p2a: Blissey\n|-sidestart|p2: ParaDocs|move: Stealth Rock\n|move|p2a: Blissey|Seismic Toss|p1a: Enten\n|-damage|p1a: Enten|0 fnt\n|faint|p1a: Enten\n|\n|upkeep\n|\n|t:|1666426598\n|switch|p1a: Phantom|Rotom-Wash, shiny|9\/100\n|turn|59\n|\n|t:|1666426602\n|move|p1a: Phantom|Pain Split|p2a: Blissey\n|-sethp|p2a: Blissey|52\/100|[from] move: Pain Split|[silent]\n|-sethp|p1a: Phantom|100\/100|[from] move: Pain Split\n|move|p2a: Blissey|Thunder Wave|p1a: Phantom\n|-immune|p1a: Phantom\n|\n|upkeep\n|turn|60\n|c|\u2606ParaDocs|the counter\n|\n|t:|1666426617\n|move|p1a: Phantom|Nasty Plot|p1a: Phantom\n|-boost|p1a: Phantom|spa|2\n|move|p2a: Blissey|Thunder Wave|p1a: Phantom\n|-immune|p1a: Phantom\n|\n|upkeep\n|turn|61\n|c|\u2606quixana|lol\n|\n|t:|1666426623\n|move|p1a: Phantom|Nasty Plot|p1a: Phantom\n|-boost|p1a: Phantom|spa|2\n|move|p2a: Blissey|Thunder Wave|p1a: Phantom\n|-immune|p1a: Phantom\n|\n|upkeep\n|turn|62\n|\n|t:|1666426627\n|move|p1a: Phantom|Nasty Plot|p1a: Phantom\n|-boost|p1a: Phantom|spa|2\n|move|p2a: Blissey|Thunder Wave|p1a: Phantom\n|-immune|p1a: Phantom\n|\n|upkeep\n|turn|63\n|\n|t:|1666426635\n|move|p1a: Phantom|Hydro Pump|p2a: Blissey\n|-damage|p2a: Blissey|0 fnt\n|faint|p2a: Blissey\n|\n|win|quixana\n|n|\u2606quixana|quixana\n|n|\u2606ParaDocs|paradocs\n|n|+moondazing|moondazing\n|c|\u2606ParaDocs|accurate hydros\n|c|\u2606quixana|gg\n","uploadtime":1666426650,"views":13,"p1id":"quixana","p2id":"paradocs","formatid":"gen8ou","rating":0,"private":0,"password":null}