{"id":"gen8ou-1370969723","p1":"roboPOKE","p2":"LT81YL ABR","format":"gen8ou","log":"|raw|<div class=\"broadcast-blue\"><strong>This battle is required to be public due to a player having a name starting with 'lt81yl'.<\/div>\n|j|\u2606roboPOKE\n|j|\u2606LT81YL ABR\n|t:|1625491407\n|gametype|singles\n|player|p1|roboPOKE|1|1700\n|player|p2|LT81YL ABR|lucas|1712\n|teamsize|p1|6\n|teamsize|p2|6\n|gen|8\n|tier|[Gen 8] OU\n|rated|\n|rule|Sleep Clause Mod: Limit one foe put to sleep\n|rule|Species Clause: Limit one of each Pok\u00e9mon\n|rule|OHKO Clause: OHKO moves are banned\n|rule|Evasion Moves Clause: Evasion moves are banned\n|rule|Endless Battle Clause: Forcing endless battles is banned\n|rule|HP Percentage Mod: HP is shown in percentages\n|rule|Dynamax Clause: You cannot dynamax\n|clearpoke\n|poke|p1|Tyranitar, M|\n|poke|p1|Slowking, F|\n|poke|p1|Landorus-Therian, M|\n|poke|p1|Garchomp, M|\n|poke|p1|Tornadus-Therian, M|\n|poke|p1|Heatran, M|\n|poke|p2|Mew|\n|poke|p2|Zeraora|\n|poke|p2|Clefable, F|\n|poke|p2|Toxapex, M|\n|poke|p2|Dragonite, M|\n|poke|p2|Corviknight, M|\n|teampreview\n|j| MAX UND MAX\n|j| Goojoo\n|j| I am Cloyster\n|j| sexless\n|j| aa batterie\n|j| ironwater@!\n|c|\u2606roboPOKE|olt is on?\n|j| Lord_Enz\n|c| ironwater|yeah\n|j| WarumFelix\n|c| ironwater|cycle 1\n|c|\u2606roboPOKE|oh\n|c|\u2606roboPOKE|cool\n|j| union boss\n|c|\u2606LT81YL ABR|hf\n|c|\u2606roboPOKE|u2\n|j| RipReckful\n|j| xray\n|\n|t:|1625491475\n|start\n|switch|p1a: Landorus|Landorus-Therian, M|100\/100\n|switch|p2a: Toxapex|Toxapex, M|100\/100\n|-ability|p1a: Landorus|Intimidate|boost\n|-unboost|p2a: Toxapex|atk|1\n|turn|1\n|\n|t:|1625491480\n|switch|p1a: Slowking|Slowking, F|100\/100\n|move|p2a: Toxapex|Toxic|p1a: Slowking\n|-status|p1a: Slowking|tox\n|\n|-damage|p1a: Slowking|94\/100 tox|[from] psn\n|upkeep\n|turn|2\n|\n|t:|1625491483\n|move|p2a: Toxapex|Knock Off|p1a: Slowking\n|-supereffective|p1a: Slowking\n|-damage|p1a: Slowking|74\/100 tox\n|-enditem|p1a: Slowking|Heavy-Duty Boots|[from] move: Knock Off|[of] p2a: Toxapex\n|move|p1a: Slowking|Future Sight|p2a: Toxapex\n|-start|p1a: Slowking|move: Future Sight\n|\n|-damage|p1a: Slowking|61\/100 tox|[from] psn\n|upkeep\n|turn|3\n|j| LT81YL Yelo\n|\n|t:|1625491493\n|switch|p2a: Mew|Mew|100\/100\n|move|p1a: Slowking|Teleport|p1a: Slowking\n|\n|t:|1625491504\n|switch|p1a: Tyranitar|Tyranitar, M|100\/100|[from]move: Teleport\n|-weather|Sandstorm|[from] ability: Sand Stream|[of] p1a: Tyranitar\n|\n|-weather|Sandstorm|[upkeep]\n|-damage|p2a: Mew|94\/100|[from] Sandstorm\n|upkeep\n|turn|4\n|\n|t:|1625491508\n|switch|p1a: Slowking|Slowking, F|95\/100 tox\n|move|p2a: Mew|Will-O-Wisp||[still]\n|-fail|p2a: Mew\n|\n|-weather|Sandstorm|[upkeep]\n|-damage|p2a: Mew|88\/100|[from] Sandstorm\n|-damage|p1a: Slowking|89\/100 tox|[from] Sandstorm\n|-end|p2a: Mew|move: Future Sight\n|-resisted|p2a: Mew\n|-damage|p2a: Mew|70\/100\n|-damage|p1a: Slowking|82\/100 tox|[from] psn\n|upkeep\n|turn|5\n|\n|t:|1625491514\n|move|p2a: Mew|Spikes|p1a: Slowking\n|-sidestart|p1: roboPOKE|Spikes\n|move|p1a: Slowking|Future Sight|p2a: Mew\n|-start|p1a: Slowking|move: Future Sight\n|\n|-weather|Sandstorm|[upkeep]\n|-damage|p2a: Mew|64\/100|[from] Sandstorm\n|-damage|p1a: Slowking|76\/100 tox|[from] Sandstorm\n|-damage|p1a: Slowking|64\/100 tox|[from] psn\n|upkeep\n|turn|6\n|j| LT81YL Elou2000\n|\n|t:|1625491522\n|switch|p1a: Landorus|Landorus-Therian, M|100\/100\n|-ability|p1a: Landorus|Intimidate|boost\n|-unboost|p2a: Mew|atk|1\n|move|p2a: Mew|Soft-Boiled|p2a: Mew\n|-heal|p2a: Mew|100\/100\n|\n|-weather|Sandstorm|[upkeep]\n|-damage|p2a: Mew|94\/100|[from] Sandstorm\n|upkeep\n|turn|7\n|\n|t:|1625491527\n|switch|p1a: Heatran|Heatran, M|100\/100\n|-damage|p1a: Heatran|88\/100|[from] Spikes\n|move|p2a: Mew|Will-O-Wisp|p1a: Heatran\n|-start|p1a: Heatran|ability: Flash Fire\n|\n|-weather|none\n|-end|p2a: Mew|move: Future Sight\n|-resisted|p2a: Mew\n|-damage|p2a: Mew|76\/100\n|-heal|p1a: Heatran|94\/100|[from] item: Leftovers\n|upkeep\n|turn|8\n|j| July Leaves\n|\n|t:|1625491531\n|switch|p2a: Dragonite|Dragonite, M|100\/100\n|move|p1a: Heatran|Stealth Rock|p2a: Dragonite\n|-sidestart|p2: LT81YL ABR|move: Stealth Rock\n|\n|-heal|p1a: Heatran|100\/100|[from] item: Leftovers\n|upkeep\n|turn|9\n|\n|t:|1625491539\n|-end|p1a: Heatran|ability: Flash Fire|[silent]\n|switch|p1a: Landorus|Landorus-Therian, M|100\/100\n|-ability|p1a: Landorus|Intimidate|boost\n|-unboost|p2a: Dragonite|atk|1\n|move|p2a: Dragonite|Ice Beam|p1a: Landorus\n|-supereffective|p1a: Landorus\n|-damage|p1a: Landorus|0 fnt\n|faint|p1a: Landorus\n|\n|upkeep\n|\n|t:|1625491546\n|switch|p1a: Tyranitar|Tyranitar, M|100\/100\n|-damage|p1a: Tyranitar|88\/100|[from] Spikes\n|-weather|Sandstorm|[from] ability: Sand Stream|[of] p1a: Tyranitar\n|turn|10\n|\n|t:|1625491554\n|switch|p2a: Corviknight|Corviknight, M|100\/100\n|-damage|p2a: Corviknight|88\/100|[from] Stealth Rock\n|-ability|p2a: Corviknight|Pressure\n|move|p1a: Tyranitar|Stone Edge|p2a: Corviknight\n|-damage|p2a: Corviknight|31\/100\n|\n|-weather|Sandstorm|[upkeep]\n|-heal|p2a: Corviknight|38\/100|[from] item: Leftovers\n|upkeep\n|turn|11\n|\n|t:|1625491559\n|move|p1a: Tyranitar|Stone Edge|p2a: Corviknight|[miss]\n|-miss|p1a: Tyranitar|p2a: Corviknight\n|move|p2a: Corviknight|Roost|p2a: Corviknight\n|-heal|p2a: Corviknight|88\/100\n|-singleturn|p2a: Corviknight|move: Roost\n|\n|-weather|Sandstorm|[upkeep]\n|-heal|p2a: Corviknight|94\/100|[from] item: Leftovers\n|upkeep\n|turn|12\n|\n|t:|1625491564\n|switch|p1a: Tornadus|Tornadus-Therian, M|100\/100\n|move|p2a: Corviknight|Body Press|p1a: Tornadus\n|-resisted|p1a: Tornadus\n|-damage|p1a: Tornadus|88\/100\n|\n|-weather|Sandstorm|[upkeep]\n|-damage|p1a: Tornadus|82\/100|[from] Sandstorm\n|-heal|p2a: Corviknight|99\/100|[from] item: Leftovers\n|upkeep\n|turn|13\n|j| Kostac\n|\n|t:|1625491571\n|switch|p2a: Toxapex|Toxapex, M|100\/100\n|-damage|p2a: Toxapex|88\/100|[from] Stealth Rock\n|move|p1a: Tornadus|Knock Off|p2a: Toxapex\n|-damage|p2a: Toxapex|74\/100\n|-enditem|p2a: Toxapex|Black Sludge|[from] move: Knock Off|[of] p1a: Tornadus\n|\n|-weather|Sandstorm|[upkeep]\n|-damage|p1a: Tornadus|76\/100|[from] Sandstorm\n|-damage|p2a: Toxapex|68\/100|[from] Sandstorm\n|upkeep\n|turn|14\n|\n|t:|1625491575\n|move|p1a: Tornadus|U-turn|p2a: Toxapex\n|-resisted|p2a: Toxapex\n|-damage|p2a: Toxapex|63\/100\n|\n|t:|1625491577\n|switch|p1a: Slowking|Slowking, F|97\/100 tox|[from]move: U-turn\n|-damage|p1a: Slowking|85\/100 tox|[from] Spikes\n|move|p2a: Toxapex|Knock Off|p1a: Slowking\n|-supereffective|p1a: Slowking\n|-damage|p1a: Slowking|62\/100 tox\n|\n|-weather|none\n|-damage|p1a: Slowking|56\/100 tox|[from] psn\n|upkeep\n|turn|15\n|j| LT81YL Raiza\n|\n|t:|1625491581\n|move|p2a: Toxapex|Knock Off|p1a: Slowking\n|-supereffective|p1a: Slowking\n|-damage|p1a: Slowking|34\/100 tox\n|move|p1a: Slowking|Teleport|p1a: Slowking\n|\n|t:|1625491584\n|switch|p1a: Tornadus|Tornadus-Therian, M|100\/100|[from]move: Teleport\n|\n|upkeep\n|turn|16\n|\n|t:|1625491586\n|move|p1a: Tornadus|U-turn|p2a: Toxapex\n|-resisted|p2a: Toxapex\n|-damage|p2a: Toxapex|58\/100\n|\n|t:|1625491588\n|switch|p1a: Slowking|Slowking, F|67\/100 tox|[from]move: U-turn\n|-damage|p1a: Slowking|55\/100 tox|[from] Spikes\n|move|p2a: Toxapex|Knock Off|p1a: Slowking\n|-supereffective|p1a: Slowking\n|-damage|p1a: Slowking|31\/100 tox\n|\n|-damage|p1a: Slowking|25\/100 tox|[from] psn\n|upkeep\n|turn|17\n|\n|t:|1625491590\n|move|p2a: Toxapex|Knock Off|p1a: Slowking\n|-supereffective|p1a: Slowking\n|-damage|p1a: Slowking|4\/100 tox\n|move|p1a: Slowking|Slack Off|p1a: Slowking\n|-heal|p1a: Slowking|54\/100 tox\n|\n|-damage|p1a: Slowking|42\/100 tox|[from] psn\n|upkeep\n|turn|18\n|\n|t:|1625491595\n|move|p2a: Toxapex|Knock Off|p1a: Slowking\n|-supereffective|p1a: Slowking\n|-damage|p1a: Slowking|21\/100 tox\n|move|p1a: Slowking|Slack Off|p1a: Slowking\n|-heal|p1a: Slowking|71\/100 tox\n|\n|-damage|p1a: Slowking|53\/100 tox|[from] psn\n|upkeep\n|turn|19\n|\n|t:|1625491603\n|switch|p1a: Tornadus|Tornadus-Therian, M|100\/100\n|move|p2a: Toxapex|Recover|p2a: Toxapex\n|-heal|p2a: Toxapex|100\/100\n|\n|upkeep\n|turn|20\n|\n|t:|1625491606\n|move|p1a: Tornadus|U-turn|p2a: Toxapex\n|-resisted|p2a: Toxapex\n|-damage|p2a: Toxapex|95\/100\n|\n|t:|1625491608\n|switch|p1a: Slowking|Slowking, F|86\/100 tox|[from]move: U-turn\n|-damage|p1a: Slowking|73\/100 tox|[from] Spikes\n|move|p2a: Toxapex|Knock Off|p1a: Slowking\n|-supereffective|p1a: Slowking\n|-damage|p1a: Slowking|50\/100 tox\n|\n|-damage|p1a: Slowking|44\/100 tox|[from] psn\n|upkeep\n|turn|21\n|\n|t:|1625491610\n|move|p2a: Toxapex|Knock Off|p1a: Slowking\n|-supereffective|p1a: Slowking\n|-damage|p1a: Slowking|23\/100 tox\n|move|p1a: Slowking|Slack Off|p1a: Slowking\n|-heal|p1a: Slowking|73\/100 tox\n|\n|-damage|p1a: Slowking|60\/100 tox|[from] psn\n|upkeep\n|turn|22\n|\n|t:|1625491612\n|move|p2a: Toxapex|Knock Off|p1a: Slowking\n|-supereffective|p1a: Slowking\n|-damage|p1a: Slowking|37\/100 tox\n|move|p1a: Slowking|Future Sight|p2a: Toxapex\n|-start|p1a: Slowking|move: Future Sight\n|\n|-damage|p1a: Slowking|18\/100 tox|[from] psn\n|upkeep\n|turn|23\n|\n|t:|1625491616\n|switch|p1a: Tornadus|Tornadus-Therian, M|100\/100\n|move|p2a: Toxapex|Knock Off|p1a: Tornadus\n|-damage|p1a: Tornadus|82\/100\n|-enditem|p1a: Tornadus|Heavy-Duty Boots|[from] move: Knock Off|[of] p2a: Toxapex\n|\n|upkeep\n|turn|24\n|\n|t:|1625491621\n|move|p1a: Tornadus|U-turn|p2a: Toxapex\n|-resisted|p2a: Toxapex\n|-damage|p2a: Toxapex|89\/100\n|\n|t:|1625491623\n|switch|p1a: Slowking|Slowking, F|52\/100 tox|[from]move: U-turn\n|-damage|p1a: Slowking|39\/100 tox|[from] Spikes\n|move|p2a: Toxapex|Recover|p2a: Toxapex\n|-heal|p2a: Toxapex|100\/100\n|\n|-end|p2a: Toxapex|move: Future Sight\n|-supereffective|p2a: Toxapex\n|-crit|p2a: Toxapex\n|-damage|p2a: Toxapex|12\/100\n|-damage|p1a: Slowking|33\/100 tox|[from] psn\n|upkeep\n|turn|25\n|\n|t:|1625491628\n|move|p2a: Toxapex|Recover|p2a: Toxapex\n|-heal|p2a: Toxapex|62\/100\n|move|p1a: Slowking|Future Sight|p2a: Toxapex\n|-start|p1a: Slowking|move: Future Sight\n|\n|-damage|p1a: Slowking|21\/100 tox|[from] psn\n|upkeep\n|turn|26\n|\n|t:|1625491633\n|switch|p1a: Tornadus|Tornadus-Therian, M|100\/100\n|move|p2a: Toxapex|Toxic|p1a: Tornadus\n|-status|p1a: Tornadus|tox\n|\n|-damage|p1a: Tornadus|94\/100 tox|[from] psn\n|upkeep\n|turn|27\n|\n|t:|1625491637\n|move|p1a: Tornadus|Hurricane|p2a: Toxapex\n|-crit|p2a: Toxapex\n|-damage|p2a: Toxapex|20\/100\n|-start|p2a: Toxapex|confusion\n|-activate|p2a: Toxapex|confusion\n|move|p2a: Toxapex|Recover|p2a: Toxapex\n|-heal|p2a: Toxapex|70\/100\n|\n|-end|p2a: Toxapex|move: Future Sight\n|-supereffective|p2a: Toxapex\n|-damage|p2a: Toxapex|14\/100\n|-damage|p1a: Tornadus|82\/100 tox|[from] psn\n|upkeep\n|turn|28\n|\n|t:|1625491645\n|switch|p2a: Clefable|Clefable, F|100\/100\n|move|p1a: Tornadus|Knock Off|p2a: Clefable\n|-resisted|p2a: Clefable\n|-damage|p2a: Clefable|92\/100\n|-enditem|p2a: Clefable|Leftovers|[from] move: Knock Off|[of] p1a: Tornadus\n|\n|-damage|p1a: Tornadus|64\/100 tox|[from] psn\n|upkeep\n|turn|29\n|\n|t:|1625491649\n|move|p1a: Tornadus|U-turn|p2a: Clefable\n|-resisted|p2a: Clefable\n|-damage|p2a: Clefable|86\/100\n|\n|t:|1625491651\n|switch|p1a: Heatran|Heatran, M|100\/100|[from]move: U-turn\n|-damage|p1a: Heatran|88\/100|[from] Spikes\n|move|p2a: Clefable|Stealth Rock|p1a: Heatran\n|-sidestart|p1: roboPOKE|move: Stealth Rock\n|\n|-heal|p1a: Heatran|94\/100|[from] item: Leftovers\n|upkeep\n|turn|30\n|\n|t:|1625491655\n|switch|p2a: Dragonite|Dragonite, M|100\/100\n|move|p1a: Heatran|Lava Plume|p2a: Dragonite\n|-resisted|p2a: Dragonite\n|-damage|p2a: Dragonite|93\/100\n|\n|-heal|p1a: Heatran|100\/100|[from] item: Leftovers\n|upkeep\n|turn|31\n|\n|t:|1625491665\n|switch|p1a: Tyranitar|Tyranitar, M|88\/100\n|-damage|p1a: Tyranitar|76\/100|[from] Spikes\n|-damage|p1a: Tyranitar|64\/100|[from] Stealth Rock\n|-weather|Sandstorm|[from] ability: Sand Stream|[of] p1a: Tyranitar\n|move|p2a: Dragonite|Earthquake|p1a: Tyranitar\n|-supereffective|p1a: Tyranitar\n|-damage|p1a: Tyranitar|13\/100\n|\n|-weather|Sandstorm|[upkeep]\n|-damage|p2a: Dragonite|87\/100|[from] Sandstorm\n|upkeep\n|turn|32\n|\n|t:|1625491669\n|move|p2a: Dragonite|Earthquake|p1a: Tyranitar\n|-supereffective|p1a: Tyranitar\n|-damage|p1a: Tyranitar|0 fnt\n|faint|p1a: Tyranitar\n|\n|-weather|Sandstorm|[upkeep]\n|-damage|p2a: Dragonite|81\/100|[from] Sandstorm\n|upkeep\n|\n|t:|1625491675\n|switch|p1a: Garchomp|Garchomp, M|100\/100\n|-damage|p1a: Garchomp|88\/100|[from] Spikes\n|-damage|p1a: Garchomp|82\/100|[from] Stealth Rock\n|turn|33\n|\n|t:|1625491679\n|move|p1a: Garchomp|Scale Shot|p2a: Dragonite\n|-supereffective|p2a: Dragonite\n|-damage|p2a: Dragonite|60\/100\n|-supereffective|p2a: Dragonite\n|-damage|p2a: Dragonite|38\/100\n|-hitcount|p2a: Dragonite|2\n|-unboost|p1a: Garchomp|def|1\n|-boost|p1a: Garchomp|spe|1\n|move|p2a: Dragonite|Ice Beam|p1a: Garchomp\n|-supereffective|p1a: Garchomp\n|-damage|p1a: Garchomp|0 fnt\n|faint|p1a: Garchomp\n|\n|-weather|Sandstorm|[upkeep]\n|-damage|p2a: Dragonite|31\/100|[from] Sandstorm\n|upkeep\n|c|\u2606roboPOKE|gg\n|-message|roboPOKE forfeited.\n|\n|win|LT81YL ABR\n|raw|roboPOKE's rating: 1700 &rarr; <strong>1681<\/strong><br \/>(-19 for losing)\n|raw|LT81YL ABR's rating: 1712 &rarr; <strong>1731<\/strong><br \/>(+19 for winning)\n|c|\u2606LT81YL ABR|gg\n|l|\u2606roboPOKE\n|l|\u2606LT81YL ABR\n|l| MAX UND MAX\n|l| I am Cloyster\n|l| aa batterie\n|l| WarumFelix\n|l| LT81YL Elou2000\n|l| sexless\n|l| July Leaves\n","uploadtime":1625491853,"views":108,"p1id":"robopoke","p2id":"lt81ylabr","formatid":"gen8ou","rating":1681,"private":0,"password":null}