{"id":"gen8ou-1681153668","p1":"misplayin","p2":"Alolans Creed","format":"gen8ou","log":"|j|\u2606misplayin\n|j|\u2606Alolans Creed\n|t:|1665275826\n|gametype|singles\n|player|p1|misplayin|pokemonrangerf-gen4|\n|player|p2|Alolans Creed|kukui-stand|\n|teamsize|p1|6\n|teamsize|p2|6\n|gen|8\n|tier|[Gen 8] OU\n|rule|Sleep Clause Mod: Limit one foe put to sleep\n|rule|Species Clause: Limit one of each Pok\u00e9mon\n|rule|OHKO Clause: OHKO moves are banned\n|rule|Evasion Items Clause: Evasion items are banned\n|rule|Evasion Moves Clause: Evasion moves are banned\n|rule|Endless Battle Clause: Forcing endless battles is banned\n|rule|HP Percentage Mod: HP is shown in percentages\n|rule|Dynamax Clause: You cannot dynamax\n|clearpoke\n|poke|p1|Decidueye, F|\n|poke|p1|Garchomp, F|\n|poke|p1|Corviknight, M|\n|poke|p1|Landorus-Therian, M|\n|poke|p1|Melmetal|\n|poke|p1|Dragapult, M|\n|poke|p2|Torkoal, M|\n|poke|p2|Venusaur, M|\n|poke|p2|Volcanion|\n|poke|p2|Heatran, M|\n|poke|p2|Garchomp, M|\n|poke|p2|Mandibuzz, F|\n|teampreview\n|inactive|Battle timer is ON: inactive players will automatically lose when time's up. (requested by misplayin)\n|j| UnstoppableUg\n|inactive|misplayin has 270 seconds left.\n|j| doopishere\n|\n|t:|1665275867\n|start\n|switch|p1a: Dragapult|Dragapult, M|100\/100\n|switch|p2a: Malboro|Torkoal, M|100\/100\n|-weather|SunnyDay|[from] ability: Drought|[of] p2a: Malboro\n|turn|1\n|\n|t:|1665275870\n|switch|p2a: Yabba Dabba|Mandibuzz, F|100\/100\n|move|p1a: Dragapult|Draco Meteor|p2a: Yabba Dabba\n|-damage|p2a: Yabba Dabba|38\/100\n|-unboost|p1a: Dragapult|spa|2\n|\n|-weather|SunnyDay|[upkeep]\n|upkeep\n|turn|2\n|\n|t:|1665275891\n|switch|p1a: Melmetal|Melmetal|100\/100\n|move|p2a: Yabba Dabba|Roost|p2a: Yabba Dabba\n|-heal|p2a: Yabba Dabba|88\/100\n|-singleturn|p2a: Yabba Dabba|move: Roost\n|\n|-weather|SunnyDay|[upkeep]\n|upkeep\n|turn|3\n|\n|t:|1665275894\n|move|p2a: Yabba Dabba|U-turn|p1a: Melmetal\n|-resisted|p1a: Melmetal\n|-damage|p1a: Melmetal|97\/100\n|\n|t:|1665275896\n|switch|p2a: Malboro|Torkoal, M|100\/100|[from]move: U-turn\n|move|p1a: Melmetal|Thunder Wave|p2a: Malboro\n|-status|p2a: Malboro|par\n|\n|-weather|SunnyDay|[upkeep]\n|-heal|p1a: Melmetal|100\/100|[from] item: Leftovers\n|upkeep\n|turn|4\n|\n|t:|1665275904\n|switch|p1a: Garchomp|Garchomp, F|100\/100\n|move|p2a: Malboro|Stealth Rock|p1a: Garchomp\n|-sidestart|p1: misplayin|move: Stealth Rock\n|\n|-weather|SunnyDay|[upkeep]\n|upkeep\n|turn|5\n|\n|t:|1665275912\n|switch|p2a: Yabba Dabba|Mandibuzz, F|88\/100\n|move|p1a: Garchomp|Stealth Rock|p2a: Yabba Dabba\n|-sidestart|p2: Alolans Creed|move: Stealth Rock\n|\n|-weather|SunnyDay|[upkeep]\n|upkeep\n|turn|6\n|\n|t:|1665275917\n|move|p1a: Garchomp|Toxic|p2a: Yabba Dabba\n|-status|p2a: Yabba Dabba|tox\n|move|p2a: Yabba Dabba|Foul Play|p1a: Garchomp\n|-damage|p1a: Garchomp|72\/100\n|-damage|p2a: Yabba Dabba|76\/100 tox|[from] ability: Rough Skin|[of] p1a: Garchomp\n|\n|-weather|SunnyDay|[upkeep]\n|-heal|p1a: Garchomp|79\/100|[from] item: Leftovers\n|-damage|p2a: Yabba Dabba|70\/100 tox|[from] psn\n|upkeep\n|turn|7\n|j| Mim21\n|\n|t:|1665275925\n|move|p1a: Garchomp|Protect|p1a: Garchomp\n|-singleturn|p1a: Garchomp|Protect\n|move|p2a: Yabba Dabba|Roost|p2a: Yabba Dabba\n|-heal|p2a: Yabba Dabba|100\/100 tox\n|-singleturn|p2a: Yabba Dabba|move: Roost\n|\n|-weather|SunnyDay|[upkeep]\n|-heal|p1a: Garchomp|85\/100|[from] item: Leftovers\n|-damage|p2a: Yabba Dabba|88\/100 tox|[from] psn\n|upkeep\n|turn|8\n|\n|t:|1665275932\n|switch|p1a: Corviknight|Corviknight, M|100\/100\n|-damage|p1a: Corviknight|88\/100|[from] Stealth Rock\n|-ability|p1a: Corviknight|Pressure\n|switch|p2a: Buzzkill|Garchomp, M|100\/100\n|-damage|p2a: Buzzkill|94\/100|[from] Stealth Rock\n|\n|-weather|none\n|-heal|p2a: Buzzkill|100\/100|[from] item: Leftovers\n|-heal|p1a: Corviknight|94\/100|[from] item: Leftovers\n|upkeep\n|turn|9\n|c| doopishere|yabba dabba\n|c| doopishere|nice nick name\n|c| doopishere|yabba dabba doooo\n|\n|t:|1665275951\n|switch|p2a: Malboro|Torkoal, M|100\/100 par\n|-damage|p2a: Malboro|76\/100 par|[from] Stealth Rock\n|-weather|SunnyDay|[from] ability: Drought|[of] p2a: Malboro\n|move|p1a: Corviknight|U-turn|p2a: Malboro\n|-resisted|p2a: Malboro\n|-damage|p2a: Malboro|72\/100 par\n|\n|t:|1665275954\n|switch|p1a: Dragapult|Dragapult, M|100\/100|[from]move: U-turn\n|-damage|p1a: Dragapult|88\/100|[from] Stealth Rock\n|\n|-weather|SunnyDay|[upkeep]\n|upkeep\n|turn|10\n|l| Mim21\n|\n|t:|1665275976\n|switch|p2a: Yabba Dabba|Mandibuzz, F|88\/100 tox\n|move|p1a: Dragapult|U-turn|p2a: Yabba Dabba\n|-damage|p2a: Yabba Dabba|76\/100 tox\n|\n|t:|1665275982\n|switch|p1a: Melmetal|Melmetal|100\/100|[from]move: U-turn\n|-damage|p1a: Melmetal|94\/100|[from] Stealth Rock\n|\n|-weather|SunnyDay|[upkeep]\n|-heal|p1a: Melmetal|100\/100|[from] item: Leftovers\n|-damage|p2a: Yabba Dabba|70\/100 tox|[from] psn\n|upkeep\n|turn|11\n|j| Mim21\n|\n|t:|1665275993\n|switch|p2a: Sauna|Volcanion|100\/100\n|move|p1a: Melmetal|Double Iron Bash|p2a: Sauna\n|-resisted|p2a: Sauna\n|-damage|p2a: Sauna|89\/100\n|-resisted|p2a: Sauna\n|-damage|p2a: Sauna|79\/100\n|-hitcount|p2a: Sauna|2\n|\n|-weather|SunnyDay|[upkeep]\n|upkeep\n|turn|12\n|\n|t:|1665275997\n|switch|p1a: Garchomp|Garchomp, F|85\/100\n|-damage|p1a: Garchomp|79\/100|[from] Stealth Rock\n|move|p2a: Sauna|Flamethrower|p1a: Garchomp\n|-resisted|p1a: Garchomp\n|-damage|p1a: Garchomp|45\/100\n|\n|-weather|SunnyDay|[upkeep]\n|-heal|p1a: Garchomp|51\/100|[from] item: Leftovers\n|upkeep\n|turn|13\n|\n|t:|1665276001\n|move|p1a: Garchomp|Earthquake|p2a: Sauna\n|-supereffective|p2a: Sauna\n|-damage|p2a: Sauna|0 fnt\n|faint|p2a: Sauna\n|\n|-weather|SunnyDay|[upkeep]\n|-heal|p1a: Garchomp|57\/100|[from] item: Leftovers\n|upkeep\n|\n|t:|1665276004\n|switch|p2a: LeapFrog|Venusaur, M|100\/100\n|-damage|p2a: LeapFrog|88\/100|[from] Stealth Rock\n|turn|14\n|\n|t:|1665276008\n|move|p2a: LeapFrog|Growth|p2a: LeapFrog\n|-boost|p2a: LeapFrog|atk|2\n|-boost|p2a: LeapFrog|spa|2\n|move|p1a: Garchomp|Earthquake|p2a: LeapFrog\n|-damage|p2a: LeapFrog|30\/100\n|\n|-weather|SunnyDay|[upkeep]\n|-heal|p1a: Garchomp|63\/100|[from] item: Leftovers\n|upkeep\n|turn|15\n|\n|t:|1665276011\n|move|p1a: Garchomp|Protect|p1a: Garchomp\n|-singleturn|p1a: Garchomp|Protect\n|move|p2a: LeapFrog|Weather Ball|p1a: Garchomp\n|-activate|p1a: Garchomp|move: Protect\n|\n|-weather|SunnyDay|[upkeep]\n|-heal|p1a: Garchomp|70\/100|[from] item: Leftovers\n|upkeep\n|turn|16\n|l| Mim21\n|\n|t:|1665276024\n|switch|p1a: Landorus|Landorus-Therian, M|100\/100\n|-damage|p1a: Landorus|88\/100|[from] Stealth Rock\n|-ability|p1a: Landorus|Intimidate|boost\n|-unboost|p2a: LeapFrog|atk|1\n|move|p2a: LeapFrog|Giga Drain|p1a: Landorus\n|-damage|p1a: Landorus|9\/100\n|-heal|p2a: LeapFrog|81\/100|[from] drain|[of] p1a: Landorus\n|-damage|p2a: LeapFrog|71\/100|[from] item: Life Orb\n|\n|-weather|none\n|-heal|p1a: Landorus|15\/100|[from] item: Leftovers\n|upkeep\n|turn|17\n|\n|t:|1665276026\n|move|p2a: LeapFrog|Giga Drain|p1a: Landorus\n|-damage|p1a: Landorus|0 fnt\n|-heal|p2a: LeapFrog|80\/100|[from] drain|[of] p1a: Landorus\n|faint|p1a: Landorus\n|-damage|p2a: LeapFrog|70\/100|[from] item: Life Orb\n|\n|upkeep\n|\n|t:|1665276031\n|switch|p1a: Dragapult|Dragapult, M|88\/100\n|-damage|p1a: Dragapult|76\/100|[from] Stealth Rock\n|turn|18\n|\n|t:|1665276036\n|switch|p2a: Malboro|Torkoal, M|72\/100 par\n|-damage|p2a: Malboro|47\/100 par|[from] Stealth Rock\n|-weather|SunnyDay|[from] ability: Drought|[of] p2a: Malboro\n|move|p1a: Dragapult|Draco Meteor|p2a: Malboro\n|-damage|p2a: Malboro|0 fnt\n|-unboost|p1a: Dragapult|spa|2\n|faint|p2a: Malboro\n|\n|-weather|SunnyDay|[upkeep]\n|upkeep\n|\n|t:|1665276038\n|switch|p2a: Mauler|Heatran, M|100\/100\n|-damage|p2a: Mauler|88\/100|[from] Stealth Rock\n|turn|19\n|\n|t:|1665276053\n|switch|p1a: Decidueye|Decidueye, F|100\/100\n|-damage|p1a: Decidueye|88\/100|[from] Stealth Rock\n|move|p2a: Mauler|Eruption|p1a: Decidueye\n|-supereffective|p1a: Decidueye\n|-damage|p1a: Decidueye|0 fnt\n|faint|p1a: Decidueye\n|\n|-weather|SunnyDay|[upkeep]\n|upkeep\n|\n|t:|1665276055\n|switch|p1a: Garchomp|Garchomp, F|70\/100\n|-damage|p1a: Garchomp|63\/100|[from] Stealth Rock\n|turn|20\n|\n|t:|1665276063\n|switch|p2a: Yabba Dabba|Mandibuzz, F|70\/100 tox\n|move|p1a: Garchomp|Protect||[still]\n|-fail|p1a: Garchomp\n|\n|-weather|SunnyDay|[upkeep]\n|-heal|p1a: Garchomp|70\/100|[from] item: Leftovers\n|-damage|p2a: Yabba Dabba|64\/100 tox|[from] psn\n|upkeep\n|turn|21\n|\n|t:|1665276068\n|switch|p1a: Melmetal|Melmetal|100\/100\n|-damage|p1a: Melmetal|94\/100|[from] Stealth Rock\n|move|p2a: Yabba Dabba|Roost|p2a: Yabba Dabba\n|-heal|p2a: Yabba Dabba|100\/100 tox\n|-singleturn|p2a: Yabba Dabba|move: Roost\n|\n|-weather|SunnyDay|[upkeep]\n|-heal|p1a: Melmetal|100\/100|[from] item: Leftovers\n|-damage|p2a: Yabba Dabba|88\/100 tox|[from] psn\n|upkeep\n|turn|22\n|\n|t:|1665276072\n|move|p2a: Yabba Dabba|U-turn|p1a: Melmetal\n|-resisted|p1a: Melmetal\n|-damage|p1a: Melmetal|98\/100\n|\n|t:|1665276075\n|switch|p2a: Buzzkill|Garchomp, M|100\/100|[from]move: U-turn\n|-damage|p2a: Buzzkill|94\/100|[from] Stealth Rock\n|move|p1a: Melmetal|Double Iron Bash|p2a: Buzzkill\n|-damage|p2a: Buzzkill|52\/100\n|-damage|p1a: Melmetal|85\/100|[from] ability: Rough Skin|[of] p2a: Buzzkill\n|-damage|p2a: Buzzkill|11\/100\n|-damage|p1a: Melmetal|73\/100|[from] ability: Rough Skin|[of] p2a: Buzzkill\n|-hitcount|p2a: Buzzkill|2\n|\n|-weather|SunnyDay|[upkeep]\n|-heal|p2a: Buzzkill|17\/100|[from] item: Leftovers\n|-heal|p1a: Melmetal|79\/100|[from] item: Leftovers\n|upkeep\n|turn|23\n|\n|t:|1665276078\n|switch|p1a: Corviknight|Corviknight, M|94\/100\n|-damage|p1a: Corviknight|82\/100|[from] Stealth Rock\n|-ability|p1a: Corviknight|Pressure\n|move|p2a: Buzzkill|Swords Dance|p2a: Buzzkill\n|-boost|p2a: Buzzkill|atk|2\n|\n|-weather|SunnyDay|[upkeep]\n|-heal|p2a: Buzzkill|23\/100|[from] item: Leftovers\n|-heal|p1a: Corviknight|88\/100|[from] item: Leftovers\n|upkeep\n|turn|24\n|j| Firelord Term\n|\n|t:|1665276080\n|move|p2a: Buzzkill|Fire Fang|p1a: Corviknight\n|-supereffective|p1a: Corviknight\n|-damage|p1a: Corviknight|0 fnt\n|faint|p1a: Corviknight\n|\n|-weather|SunnyDay|[upkeep]\n|-heal|p2a: Buzzkill|30\/100|[from] item: Leftovers\n|upkeep\n|\n|t:|1665276086\n|switch|p1a: Dragapult|Dragapult, M|76\/100\n|-damage|p1a: Dragapult|64\/100|[from] Stealth Rock\n|turn|25\n|\n|t:|1665276090\n|move|p1a: Dragapult|Shadow Ball|p2a: Buzzkill\n|-damage|p2a: Buzzkill|0 fnt\n|faint|p2a: Buzzkill\n|\n|-weather|none\n|upkeep\n|\n|t:|1665276096\n|switch|p2a: Yabba Dabba|Mandibuzz, F|88\/100 tox\n|turn|26\n|\n|t:|1665276123\n|switch|p1a: Melmetal|Melmetal|79\/100\n|-damage|p1a: Melmetal|73\/100|[from] Stealth Rock\n|move|p2a: Yabba Dabba|Foul Play|p1a: Melmetal\n|-damage|p1a: Melmetal|42\/100\n|\n|-heal|p1a: Melmetal|48\/100|[from] item: Leftovers\n|-damage|p2a: Yabba Dabba|82\/100 tox|[from] psn\n|upkeep\n|turn|27\n|\n|t:|1665276132\n|move|p2a: Yabba Dabba|U-turn|p1a: Melmetal\n|-resisted|p1a: Melmetal\n|-damage|p1a: Melmetal|44\/100\n|\n|t:|1665276133\n|switch|p2a: Mauler|Heatran, M|88\/100|[from]move: U-turn\n|-damage|p2a: Mauler|76\/100|[from] Stealth Rock\n|move|p1a: Melmetal|Double Iron Bash|p2a: Mauler\n|-resisted|p2a: Mauler\n|-damage|p2a: Mauler|66\/100\n|-resisted|p2a: Mauler\n|-damage|p2a: Mauler|55\/100\n|-hitcount|p2a: Mauler|2\n|\n|-heal|p1a: Melmetal|50\/100|[from] item: Leftovers\n|upkeep\n|turn|28\n|\n|t:|1665276138\n|switch|p1a: Garchomp|Garchomp, F|70\/100\n|-damage|p1a: Garchomp|63\/100|[from] Stealth Rock\n|move|p2a: Mauler|Earth Power|p1a: Garchomp\n|-damage|p1a: Garchomp|35\/100\n|\n|-heal|p1a: Garchomp|42\/100|[from] item: Leftovers\n|upkeep\n|turn|29\n|\n|t:|1665276144\n|switch|p2a: Yabba Dabba|Mandibuzz, F|82\/100 tox\n|switch|p1a: Melmetal|Melmetal|50\/100\n|-damage|p1a: Melmetal|44\/100|[from] Stealth Rock\n|\n|-heal|p1a: Melmetal|50\/100|[from] item: Leftovers\n|-damage|p2a: Yabba Dabba|76\/100 tox|[from] psn\n|upkeep\n|turn|30\n|\n|t:|1665276151\n|move|p2a: Yabba Dabba|U-turn|p1a: Melmetal\n|-resisted|p1a: Melmetal\n|-damage|p1a: Melmetal|47\/100\n|\n|t:|1665276152\n|switch|p2a: Mauler|Heatran, M|55\/100|[from]move: U-turn\n|-damage|p2a: Mauler|43\/100|[from] Stealth Rock\n|move|p1a: Melmetal|Superpower|p2a: Mauler\n|-supereffective|p2a: Mauler\n|-damage|p2a: Mauler|0 fnt\n|-unboost|p1a: Melmetal|atk|1\n|-unboost|p1a: Melmetal|def|1\n|faint|p2a: Mauler\n|\n|-heal|p1a: Melmetal|53\/100|[from] item: Leftovers\n|upkeep\n|\n|t:|1665276154\n|switch|p2a: LeapFrog|Venusaur, M|70\/100\n|-damage|p2a: LeapFrog|57\/100|[from] Stealth Rock\n|turn|31\n|\n|t:|1665276158\n|switch|p1a: Garchomp|Garchomp, F|42\/100\n|-damage|p1a: Garchomp|35\/100|[from] Stealth Rock\n|move|p2a: LeapFrog|Earth Power|p1a: Garchomp\n|-damage|p1a: Garchomp|0 fnt\n|faint|p1a: Garchomp\n|-damage|p2a: LeapFrog|47\/100|[from] item: Life Orb\n|\n|upkeep\n|\n|t:|1665276160\n|switch|p1a: Dragapult|Dragapult, M|64\/100\n|-damage|p1a: Dragapult|51\/100|[from] Stealth Rock\n|turn|32\n|\n|t:|1665276167\n|move|p1a: Dragapult|Shadow Ball|p2a: LeapFrog\n|-damage|p2a: LeapFrog|0 fnt\n|faint|p2a: LeapFrog\n|\n|upkeep\n|\n|t:|1665276169\n|switch|p2a: Yabba Dabba|Mandibuzz, F|76\/100 tox\n|turn|33\n|c| Firelord Term|gg\n|\n|t:|1665276184\n|move|p1a: Dragapult|Shadow Ball|p2a: Yabba Dabba\n|-resisted|p2a: Yabba Dabba\n|-damage|p2a: Yabba Dabba|55\/100 tox\n|-unboost|p2a: Yabba Dabba|spd|1\n|move|p2a: Yabba Dabba|Foul Play|p1a: Dragapult\n|-supereffective|p1a: Dragapult\n|-damage|p1a: Dragapult|0 fnt\n|faint|p1a: Dragapult\n|\n|-damage|p2a: Yabba Dabba|49\/100 tox|[from] psn\n|upkeep\n|\n|t:|1665276185\n|switch|p1a: Melmetal|Melmetal|53\/100\n|-damage|p1a: Melmetal|47\/100|[from] Stealth Rock\n|turn|34\n|\n|t:|1665276189\n|move|p2a: Yabba Dabba|Foul Play|p1a: Melmetal\n|-damage|p1a: Melmetal|15\/100\n|move|p1a: Melmetal|Thunder Punch|p2a: Yabba Dabba\n|-supereffective|p2a: Yabba Dabba\n|-damage|p2a: Yabba Dabba|0 fnt\n|faint|p2a: Yabba Dabba\n|\n|win|misplayin\n|c|\u2606Alolans Creed|gg\n","uploadtime":1665276197,"views":27,"p1id":"misplayin","p2id":"alolanscreed","formatid":"gen8ou","rating":0,"private":0,"password":null}