{"id":"gen8ou-1603932513","p1":"andrewm0n","p2":"Down$hift","format":"gen8ou","log":"|j|\u2606andrewm0n\n|j|\u2606Down$hift\n|t:|1656165718\n|gametype|singles\n|player|p1|andrewm0n|swimmerf|1852\n|player|p2|Down$hift|teamrocket|1844\n|teamsize|p1|6\n|teamsize|p2|6\n|gen|8\n|tier|[Gen 8] OU\n|rated|\n|rule|Sleep Clause Mod: Limit one foe put to sleep\n|rule|Species Clause: Limit one of each Pok\u00e9mon\n|rule|OHKO Clause: OHKO moves are banned\n|rule|Evasion Moves Clause: Evasion moves are banned\n|rule|Endless Battle Clause: Forcing endless battles is banned\n|rule|HP Percentage Mod: HP is shown in percentages\n|rule|Dynamax Clause: You cannot dynamax\n|clearpoke\n|poke|p1|Blaziken, M|\n|poke|p1|Clefable, F|\n|poke|p1|Slowbro-Galar, M|\n|poke|p1|Corviknight, M|\n|poke|p1|Seismitoad, M|\n|poke|p1|Grimmsnarl, M|\n|poke|p2|Magnezone|\n|poke|p2|Volcarona, F|\n|poke|p2|Clefable, M|\n|poke|p2|Tornadus-Therian, M|\n|poke|p2|Toxapex, F|\n|poke|p2|Landorus-Therian, M|\n|teampreview\n|c|\u2606Down$hift|hf\n|j| ferger\n|\n|t:|1656165751\n|start\n|switch|p1a: Seismitoad|Seismitoad, M|100\/100\n|switch|p2a: Pink Menace|Clefable, M|100\/100\n|turn|1\n|\n|t:|1656165754\n|switch|p1a: Slowbro|Slowbro-Galar, M|100\/100\n|move|p2a: Pink Menace|Stealth Rock|p1a: Slowbro\n|-sidestart|p1: andrewm0n|move: Stealth Rock\n|\n|upkeep\n|turn|2\n|\n|t:|1656165805\n|switch|p2a: Pr\u00e9dast\u00e9rie|Toxapex, F|100\/100\n|move|p1a: Slowbro|Future Sight|p2a: Pr\u00e9dast\u00e9rie\n|-start|p1a: Slowbro|move: Future Sight\n|\n|upkeep\n|turn|3\n|inactive|Battle timer is ON: inactive players will automatically lose when time's up. (requested by Down$hift)\n|\n|t:|1656165825\n|switch|p1a: Corviknight|Corviknight, M|100\/100\n|-damage|p1a: Corviknight|88\/100|[from] Stealth Rock\n|move|p2a: Pr\u00e9dast\u00e9rie|Knock Off|p1a: Corviknight\n|-damage|p1a: Corviknight|76\/100\n|-damage|p2a: Pr\u00e9dast\u00e9rie|84\/100|[from] item: Rocky Helmet|[of] p1a: Corviknight\n|-enditem|p1a: Corviknight|Rocky Helmet|[from] move: Knock Off|[of] p2a: Pr\u00e9dast\u00e9rie\n|\n|upkeep\n|turn|4\n|\n|t:|1656165836\n|move|p1a: Corviknight|U-turn|p2a: Pr\u00e9dast\u00e9rie\n|-resisted|p2a: Pr\u00e9dast\u00e9rie\n|-damage|p2a: Pr\u00e9dast\u00e9rie|79\/100\n|-enditem|p2a: Pr\u00e9dast\u00e9rie|Eject Button\n|j| asahddude\n|\n|t:|1656165839\n|switch|p2a: $wagnezone|Magnezone|100\/100\n|\n|-end|p2a: $wagnezone|move: Future Sight\n|-resisted|p2a: $wagnezone\n|-damage|p2a: $wagnezone|87\/100\n|upkeep\n|turn|5\n|\n|t:|1656165842\n|move|p2a: $wagnezone|Discharge|p1a: Corviknight\n|-supereffective|p1a: Corviknight\n|-damage|p1a: Corviknight|19\/100\n|move|p1a: Corviknight|U-turn|p2a: $wagnezone\n|-resisted|p2a: $wagnezone\n|-crit|p2a: $wagnezone\n|-damage|p2a: $wagnezone|77\/100\n|\n|t:|1656165851\n|switch|p1a: Seismitoad|Seismitoad, M|100\/100|[from]move: U-turn\n|-damage|p1a: Seismitoad|94\/100|[from] Stealth Rock\n|\n|-heal|p1a: Seismitoad|100\/100|[from] item: Leftovers\n|upkeep\n|turn|6\n|\n|t:|1656165857\n|switch|p2a: Torn Anus|Tornadus-Therian, M|100\/100\n|move|p1a: Seismitoad|Stealth Rock|p2a: Torn Anus\n|-sidestart|p2: Down$hift|move: Stealth Rock\n|\n|upkeep\n|turn|7\n|\n|t:|1656165884\n|switch|p2a: Pr\u00e9dast\u00e9rie|Toxapex, F|100\/100\n|-damage|p2a: Pr\u00e9dast\u00e9rie|88\/100|[from] Stealth Rock\n|move|p1a: Seismitoad|Knock Off|p2a: Pr\u00e9dast\u00e9rie\n|-damage|p2a: Pr\u00e9dast\u00e9rie|76\/100\n|\n|upkeep\n|turn|8\n|\n|t:|1656165893\n|move|p1a: Seismitoad|Earth Power|p2a: Pr\u00e9dast\u00e9rie\n|-supereffective|p2a: Pr\u00e9dast\u00e9rie\n|-damage|p2a: Pr\u00e9dast\u00e9rie|40\/100\n|-unboost|p2a: Pr\u00e9dast\u00e9rie|spd|1\n|move|p2a: Pr\u00e9dast\u00e9rie|Toxic|p1a: Seismitoad\n|-status|p1a: Seismitoad|tox\n|\n|-damage|p1a: Seismitoad|94\/100 tox|[from] psn\n|upkeep\n|turn|9\n|\n|t:|1656165900\n|switch|p2a: Pink Menace|Clefable, M|100\/100\n|move|p1a: Seismitoad|Knock Off|p2a: Pink Menace\n|-resisted|p2a: Pink Menace\n|-crit|p2a: Pink Menace\n|-damage|p2a: Pink Menace|87\/100\n|-damage|p1a: Seismitoad|78\/100 tox|[from] item: Rocky Helmet|[of] p2a: Pink Menace\n|-enditem|p2a: Pink Menace|Rocky Helmet|[from] move: Knock Off|[of] p1a: Seismitoad\n|\n|-heal|p1a: Seismitoad|84\/100 tox|[from] item: Leftovers\n|-damage|p1a: Seismitoad|72\/100 tox|[from] psn\n|upkeep\n|turn|10\n|\n|t:|1656165906\n|switch|p1a: Slowbro|Slowbro-Galar, M|100\/100\n|-damage|p1a: Slowbro|88\/100|[from] Stealth Rock\n|move|p2a: Pink Menace|Wish|p2a: Pink Menace\n|\n|upkeep\n|turn|11\n|\n|t:|1656165914\n|switch|p2a: Pr\u00e9dast\u00e9rie|Toxapex, F|73\/100\n|-damage|p2a: Pr\u00e9dast\u00e9rie|61\/100|[from] Stealth Rock\n|move|p1a: Slowbro|Future Sight|p2a: Pr\u00e9dast\u00e9rie\n|-start|p1a: Slowbro|move: Future Sight\n|\n|-heal|p2a: Pr\u00e9dast\u00e9rie|100\/100|[from] move: Wish|[wisher] Pink Menace\n|upkeep\n|turn|12\n|\n|t:|1656165927\n|move|p1a: Slowbro|Earthquake|p2a: Pr\u00e9dast\u00e9rie\n|-supereffective|p2a: Pr\u00e9dast\u00e9rie\n|-damage|p2a: Pr\u00e9dast\u00e9rie|61\/100\n|move|p2a: Pr\u00e9dast\u00e9rie|Knock Off|p1a: Slowbro\n|-supereffective|p1a: Slowbro\n|-damage|p1a: Slowbro|64\/100\n|-enditem|p1a: Slowbro|Assault Vest|[from] move: Knock Off|[of] p2a: Pr\u00e9dast\u00e9rie\n|\n|upkeep\n|turn|13\n|\n|t:|1656165939\n|move|p1a: Slowbro|Shell Side Arm|p2a: Pr\u00e9dast\u00e9rie|[anim] Shell Side Arm Physical\n|-resisted|p2a: Pr\u00e9dast\u00e9rie\n|-damage|p2a: Pr\u00e9dast\u00e9rie|49\/100\n|-hint|Physical Shell Side Arm\n|move|p2a: Pr\u00e9dast\u00e9rie|Recover|p2a: Pr\u00e9dast\u00e9rie\n|-heal|p2a: Pr\u00e9dast\u00e9rie|99\/100\n|\n|-end|p2a: Pr\u00e9dast\u00e9rie|move: Future Sight\n|-supereffective|p2a: Pr\u00e9dast\u00e9rie\n|-damage|p2a: Pr\u00e9dast\u00e9rie|45\/100\n|upkeep\n|turn|14\n|\n|t:|1656165965\n|switch|p2a: Pandemic|Volcarona, F|100\/100\n|move|p1a: Slowbro|Future Sight|p2a: Pandemic\n|-start|p1a: Slowbro|move: Future Sight\n|\n|upkeep\n|turn|15\n|inactive|andrewm0n has 120 seconds left.\n|\n|t:|1656165999\n|move|p2a: Pandemic|Flamethrower|p1a: Slowbro\n|-damage|p1a: Slowbro|18\/100\n|-status|p1a: Slowbro|brn\n|move|p1a: Slowbro|Shell Side Arm|p2a: Pandemic|[anim] Shell Side Arm Physical\n|-damage|p2a: Pandemic|80\/100\n|-hint|Physical Shell Side Arm\n|\n|-damage|p1a: Slowbro|12\/100 brn|[from] brn\n|upkeep\n|turn|16\n|\n|t:|1656166013\n|switch|p2a: Pink Menace|Clefable, M|87\/100\n|switch|p1a: Corviknight|Corviknight, M|19\/100\n|-damage|p1a: Corviknight|6\/100|[from] Stealth Rock\n|\n|-end|p2a: Pink Menace|move: Future Sight\n|-damage|p2a: Pink Menace|44\/100\n|upkeep\n|turn|17\n|\n|t:|1656166025\n|switch|p2a: $wagnezone|Magnezone|77\/100\n|-damage|p2a: $wagnezone|71\/100|[from] Stealth Rock\n|move|p1a: Corviknight|Defog|p2a: $wagnezone\n|-unboost|p2a: $wagnezone|evasion|1\n|-sideend|p2: Down$hift|Stealth Rock|[from] move: Defog|[of] p1a: Corviknight\n|-sideend|p1: andrewm0n|Stealth Rock|[from] move: Defog|[of] p1a: Corviknight\n|\n|upkeep\n|turn|18\n|\n|t:|1656166029\n|move|p2a: $wagnezone|Volt Switch|p1a: Corviknight\n|-supereffective|p1a: Corviknight\n|-damage|p1a: Corviknight|0 fnt\n|faint|p1a: Corviknight\n|\n|t:|1656166035\n|switch|p2a: LandOUrus-T|Landorus-Therian, M|100\/100|[from]move: Volt Switch\n|\n|upkeep\n|\n|t:|1656166039\n|switch|p1a: Seismitoad|Seismitoad, M|72\/100 tox\n|turn|19\n|\n|t:|1656166042\n|move|p2a: LandOUrus-T|U-turn|p1a: Seismitoad\n|-damage|p1a: Seismitoad|49\/100 tox\n|\n|t:|1656166045\n|switch|p2a: Pink Menace|Clefable, M|44\/100|[from]move: U-turn\n|move|p1a: Seismitoad|Toxic|p2a: Pink Menace\n|-status|p2a: Pink Menace|tox\n|\n|-heal|p1a: Seismitoad|55\/100 tox|[from] item: Leftovers\n|-damage|p1a: Seismitoad|49\/100 tox|[from] psn\n|upkeep\n|turn|20\n|\n|t:|1656166050\n|switch|p1a: Blaziken|Blaziken, M|100\/100\n|move|p2a: Pink Menace|Soft-Boiled|p2a: Pink Menace\n|-heal|p2a: Pink Menace|94\/100 tox\n|\n|upkeep\n|turn|21\n|j| GodXShadow\n|\n|t:|1656166056\n|switch|p2a: LandOUrus-T|Landorus-Therian, M|100\/100\n|-ability|p2a: LandOUrus-T|Intimidate|boost\n|-unboost|p1a: Blaziken|atk|1\n|move|p1a: Blaziken|Swords Dance|p1a: Blaziken\n|-boost|p1a: Blaziken|atk|2\n|\n|-ability|p1a: Blaziken|Speed Boost|boost\n|-boost|p1a: Blaziken|spe|1\n|upkeep\n|turn|22\n|\n|t:|1656166058\n|move|p1a: Blaziken|Protect|p1a: Blaziken\n|-singleturn|p1a: Blaziken|Protect\n|move|p2a: LandOUrus-T|Earthquake|p1a: Blaziken\n|-activate|p1a: Blaziken|move: Protect\n|\n|-ability|p1a: Blaziken|Speed Boost|boost\n|-boost|p1a: Blaziken|spe|1\n|upkeep\n|turn|23\n|\n|t:|1656166069\n|switch|p2a: Pink Menace|Clefable, M|94\/100 tox\n|move|p1a: Blaziken|Flare Blitz|p2a: Pink Menace\n|-damage|p2a: Pink Menace|13\/100 tox\n|-damage|p1a: Blaziken|66\/100|[from] Recoil\n|\n|-heal|p1a: Blaziken|72\/100|[from] item: Leftovers\n|-ability|p1a: Blaziken|Speed Boost|boost\n|-boost|p1a: Blaziken|spe|1\n|upkeep\n|turn|24\n|\n|t:|1656166072\n|move|p1a: Blaziken|Flare Blitz|p2a: Pink Menace\n|-damage|p2a: Pink Menace|0 fnt\n|faint|p2a: Pink Menace\n|-damage|p1a: Blaziken|66\/100|[from] Recoil\n|\n|-heal|p1a: Blaziken|72\/100|[from] item: Leftovers\n|-ability|p1a: Blaziken|Speed Boost|boost\n|-boost|p1a: Blaziken|spe|1\n|upkeep\n|\n|t:|1656166079\n|switch|p2a: Pr\u00e9dast\u00e9rie|Toxapex, F|78\/100\n|turn|25\n|\n|t:|1656166084\n|switch|p1a: Slowbro|Slowbro-Galar, M|45\/100 brn\n|move|p2a: Pr\u00e9dast\u00e9rie|Toxic||[still]\n|-fail|p2a: Pr\u00e9dast\u00e9rie\n|\n|-damage|p1a: Slowbro|39\/100 brn|[from] brn\n|upkeep\n|turn|26\n|\n|t:|1656166090\n|switch|p1a: Clefable|Clefable, F|100\/100\n|move|p2a: Pr\u00e9dast\u00e9rie|Knock Off|p1a: Clefable\n|-resisted|p1a: Clefable\n|-damage|p1a: Clefable|94\/100\n|-enditem|p1a: Clefable|Leftovers|[from] move: Knock Off|[of] p2a: Pr\u00e9dast\u00e9rie\n|\n|upkeep\n|turn|27\n|\n|t:|1656166099\n|switch|p2a: Torn Anus|Tornadus-Therian, M|100\/100\n|move|p1a: Clefable|Heal Bell|p1a: Clefable\n|-activate|p1a: Clefable|move: Heal Bell\n|-curestatus|p1: Slowbro|brn|[msg]\n|-curestatus|p1: Seismitoad|tox|[msg]\n|\n|upkeep\n|turn|28\n|\n|t:|1656166107\n|move|p2a: Torn Anus|Nasty Plot|p2a: Torn Anus\n|-boost|p2a: Torn Anus|spa|2\n|move|p1a: Clefable|Wish|p1a: Clefable\n|\n|upkeep\n|turn|29\n|\n|t:|1656166115\n|move|p2a: Torn Anus|Nasty Plot|p2a: Torn Anus\n|-boost|p2a: Torn Anus|spa|2\n|move|p1a: Clefable|Moonblast|p2a: Torn Anus\n|-damage|p2a: Torn Anus|70\/100\n|\n|-heal|p1a: Clefable|100\/100|[from] move: Wish|[wisher] Clefable\n|upkeep\n|turn|30\n|\n|t:|1656166120\n|move|p2a: Torn Anus|Taunt|p1a: Clefable\n|-start|p1a: Clefable|move: Taunt\n|cant|p1a: Clefable|move: Taunt|Wish\n|\n|upkeep\n|turn|31\n|\n|t:|1656166122\n|move|p2a: Torn Anus|Hurricane|p1a: Clefable\n|-damage|p1a: Clefable|56\/100\n|move|p1a: Clefable|Moonblast|p2a: Torn Anus\n|-damage|p2a: Torn Anus|38\/100\n|\n|upkeep\n|turn|32\n|\n|t:|1656166125\n|move|p2a: Torn Anus|Hurricane|p1a: Clefable\n|-damage|p1a: Clefable|13\/100\n|-start|p1a: Clefable|confusion\n|-activate|p1a: Clefable|confusion\n|move|p1a: Clefable|Moonblast|p2a: Torn Anus\n|-damage|p2a: Torn Anus|4\/100\n|\n|-end|p1a: Clefable|move: Taunt\n|upkeep\n|turn|33\n|\n|t:|1656166129\n|move|p2a: Torn Anus|Heat Wave|p1a: Clefable\n|-damage|p1a: Clefable|0 fnt\n|faint|p1a: Clefable\n|\n|upkeep\n|\n|t:|1656166131\n|switch|p1a: Blaziken|Blaziken, M|72\/100\n|turn|34\n|\n|t:|1656166135\n|switch|p2a: Pr\u00e9dast\u00e9rie|Toxapex, F|100\/100\n|move|p1a: Blaziken|Protect||[still]\n|-fail|p1a: Blaziken\n|\n|-heal|p1a: Blaziken|78\/100|[from] item: Leftovers\n|-ability|p1a: Blaziken|Speed Boost|boost\n|-boost|p1a: Blaziken|spe|1\n|upkeep\n|turn|35\n|\n|t:|1656166138\n|switch|p1a: Slowbro|Slowbro-Galar, M|72\/100\n|move|p2a: Pr\u00e9dast\u00e9rie|Knock Off|p1a: Slowbro\n|-supereffective|p1a: Slowbro\n|-damage|p1a: Slowbro|56\/100\n|\n|upkeep\n|turn|36\n|\n|t:|1656166145\n|move|p1a: Slowbro|Future Sight|p2a: Pr\u00e9dast\u00e9rie\n|-start|p1a: Slowbro|move: Future Sight\n|move|p2a: Pr\u00e9dast\u00e9rie|Knock Off|p1a: Slowbro\n|-supereffective|p1a: Slowbro\n|-damage|p1a: Slowbro|40\/100\n|\n|upkeep\n|turn|37\n|\n|t:|1656166154\n|switch|p1a: Seismitoad|Seismitoad, M|49\/100\n|switch|p2a: LandOUrus-T|Landorus-Therian, M|100\/100\n|-ability|p2a: LandOUrus-T|Intimidate|boost\n|-unboost|p1a: Seismitoad|atk|1\n|\n|-heal|p1a: Seismitoad|55\/100|[from] item: Leftovers\n|upkeep\n|turn|38\n|\n|t:|1656166160\n|move|p2a: LandOUrus-T|U-turn|p1a: Seismitoad\n|-damage|p1a: Seismitoad|33\/100\n|\n|t:|1656166167\n|switch|p2a: $wagnezone|Magnezone|71\/100|[from]move: U-turn\n|move|p1a: Seismitoad|Stealth Rock|p2a: $wagnezone\n|-sidestart|p2: Down$hift|move: Stealth Rock\n|\n|-end|p2a: $wagnezone|move: Future Sight\n|-resisted|p2a: $wagnezone\n|-damage|p2a: $wagnezone|56\/100\n|-heal|p1a: Seismitoad|39\/100|[from] item: Leftovers\n|upkeep\n|turn|39\n|\n|t:|1656166178\n|move|p2a: $wagnezone|Flash Cannon|p1a: Seismitoad\n|-resisted|p1a: Seismitoad\n|-damage|p1a: Seismitoad|22\/100\n|move|p1a: Seismitoad|Earth Power|p2a: $wagnezone\n|-supereffective|p2a: $wagnezone\n|-crit|p2a: $wagnezone\n|-damage|p2a: $wagnezone|0 fnt\n|faint|p2a: $wagnezone\n|\n|-heal|p1a: Seismitoad|29\/100|[from] item: Leftovers\n|upkeep\n|\n|t:|1656166181\n|switch|p2a: LandOUrus-T|Landorus-Therian, M|100\/100\n|-damage|p2a: LandOUrus-T|88\/100|[from] Stealth Rock\n|-ability|p2a: LandOUrus-T|Intimidate|boost\n|-unboost|p1a: Seismitoad|atk|1\n|turn|40\n|\n|t:|1656166186\n|move|p2a: LandOUrus-T|Earthquake|p1a: Seismitoad\n|-damage|p1a: Seismitoad|0 fnt\n|faint|p1a: Seismitoad\n|\n|upkeep\n|\n|t:|1656166189\n|switch|p1a: Grimmsnarl|Grimmsnarl, M|100\/100\n|turn|41\n|\n|t:|1656166197\n|switch|p2a: Pr\u00e9dast\u00e9rie|Toxapex, F|100\/100\n|-damage|p2a: Pr\u00e9dast\u00e9rie|88\/100|[from] Stealth Rock\n|move|p1a: Grimmsnarl|Bulk Up|p1a: Grimmsnarl\n|-boost|p1a: Grimmsnarl|atk|1\n|-boost|p1a: Grimmsnarl|def|1\n|\n|upkeep\n|turn|42\n|\n|t:|1656166203\n|move|p1a: Grimmsnarl|Darkest Lariat|p2a: Pr\u00e9dast\u00e9rie\n|-damage|p2a: Pr\u00e9dast\u00e9rie|39\/100\n|move|p2a: Pr\u00e9dast\u00e9rie|Haze|p2a: Pr\u00e9dast\u00e9rie\n|-clearallboost\n|\n|upkeep\n|turn|43\n|\n|t:|1656166211\n|switch|p1a: Slowbro|Slowbro-Galar, M|73\/100\n|move|p2a: Pr\u00e9dast\u00e9rie|Recover|p2a: Pr\u00e9dast\u00e9rie\n|-heal|p2a: Pr\u00e9dast\u00e9rie|89\/100\n|\n|upkeep\n|turn|44\n|j| Azure_Phaeton2\n|inactive|Down$hift has 120 seconds left.\n|j| Limlut\n|l| Limlut\n|inactive|Down$hift has 90 seconds left.\n|\n|t:|1656166272\n|switch|p2a: Torn Anus|Tornadus-Therian, M|37\/100\n|move|p1a: Slowbro|Future Sight|p2a: Torn Anus\n|-start|p1a: Slowbro|move: Future Sight\n|\n|upkeep\n|turn|45\n|\n|t:|1656166277\n|switch|p2a: Pr\u00e9dast\u00e9rie|Toxapex, F|100\/100\n|-damage|p2a: Pr\u00e9dast\u00e9rie|88\/100|[from] Stealth Rock\n|move|p1a: Slowbro|Shell Side Arm|p2a: Pr\u00e9dast\u00e9rie|[anim] Shell Side Arm Physical\n|-resisted|p2a: Pr\u00e9dast\u00e9rie\n|-damage|p2a: Pr\u00e9dast\u00e9rie|76\/100\n|-hint|Physical Shell Side Arm\n|\n|upkeep\n|turn|46\n|\n|t:|1656166281\n|move|p1a: Slowbro|Earthquake|p2a: Pr\u00e9dast\u00e9rie\n|-supereffective|p2a: Pr\u00e9dast\u00e9rie\n|-damage|p2a: Pr\u00e9dast\u00e9rie|34\/100\n|move|p2a: Pr\u00e9dast\u00e9rie|Recover|p2a: Pr\u00e9dast\u00e9rie\n|-heal|p2a: Pr\u00e9dast\u00e9rie|84\/100\n|\n|-end|p2a: Pr\u00e9dast\u00e9rie|move: Future Sight\n|-supereffective|p2a: Pr\u00e9dast\u00e9rie\n|-damage|p2a: Pr\u00e9dast\u00e9rie|30\/100\n|upkeep\n|turn|47\n|inactive|Down$hift has 90 seconds left.\n|\n|t:|1656166307\n|switch|p2a: Torn Anus|Tornadus-Therian, M|70\/100\n|move|p1a: Slowbro|Future Sight|p2a: Torn Anus\n|-start|p1a: Slowbro|move: Future Sight\n|\n|upkeep\n|turn|48\n|\n|t:|1656166316\n|move|p2a: Torn Anus|Hurricane|p1a: Slowbro\n|-damage|p1a: Slowbro|26\/100\n|move|p1a: Slowbro|Shell Side Arm|p2a: Torn Anus|[anim] Shell Side Arm Physical\n|-damage|p2a: Torn Anus|28\/100\n|-hint|Physical Shell Side Arm\n|\n|upkeep\n|turn|49\n|\n|t:|1656166324\n|move|p2a: Torn Anus|Hurricane|p1a: Slowbro\n|-damage|p1a: Slowbro|0 fnt\n|faint|p1a: Slowbro\n|\n|-end|p2a: Torn Anus|move: Future Sight\n|-damage|p2a: Torn Anus|0 fnt\n|faint|p2a: Torn Anus\n|upkeep\n|\n|t:|1656166332\n|switch|p2a: Pr\u00e9dast\u00e9rie|Toxapex, F|63\/100\n|switch|p1a: Grimmsnarl|Grimmsnarl, M|100\/100\n|-damage|p2a: Pr\u00e9dast\u00e9rie|51\/100|[from] Stealth Rock\n|turn|50\n|\n|t:|1656166343\n|move|p1a: Grimmsnarl|Bulk Up|p1a: Grimmsnarl\n|-boost|p1a: Grimmsnarl|atk|1\n|-boost|p1a: Grimmsnarl|def|1\n|move|p2a: Pr\u00e9dast\u00e9rie|Toxic|p1a: Grimmsnarl\n|-status|p1a: Grimmsnarl|tox\n|\n|-damage|p1a: Grimmsnarl|94\/100 tox|[from] psn\n|upkeep\n|turn|51\n|\n|t:|1656166355\n|switch|p2a: LandOUrus-T|Landorus-Therian, M|88\/100\n|-damage|p2a: LandOUrus-T|76\/100|[from] Stealth Rock\n|-ability|p2a: LandOUrus-T|Intimidate|boost\n|-unboost|p1a: Grimmsnarl|atk|1\n|move|p1a: Grimmsnarl|Darkest Lariat|p2a: LandOUrus-T\n|-damage|p2a: LandOUrus-T|21\/100\n|\n|-heal|p1a: Grimmsnarl|100\/100 tox|[from] item: Leftovers\n|-damage|p1a: Grimmsnarl|88\/100 tox|[from] psn\n|upkeep\n|turn|52\n|\n|t:|1656166360\n|move|p1a: Grimmsnarl|Sucker Punch|p2a: LandOUrus-T\n|-damage|p2a: LandOUrus-T|0 fnt\n|faint|p2a: LandOUrus-T\n|\n|-heal|p1a: Grimmsnarl|94\/100 tox|[from] item: Leftovers\n|-damage|p1a: Grimmsnarl|76\/100 tox|[from] psn\n|upkeep\n|\n|t:|1656166371\n|switch|p2a: Pr\u00e9dast\u00e9rie|Toxapex, F|84\/100\n|-damage|p2a: Pr\u00e9dast\u00e9rie|72\/100|[from] Stealth Rock\n|turn|53\n|l| GodXShadow\n|\n|t:|1656166376\n|move|p1a: Grimmsnarl|Darkest Lariat|p2a: Pr\u00e9dast\u00e9rie\n|-damage|p2a: Pr\u00e9dast\u00e9rie|39\/100\n|move|p2a: Pr\u00e9dast\u00e9rie|Recover|p2a: Pr\u00e9dast\u00e9rie\n|-heal|p2a: Pr\u00e9dast\u00e9rie|89\/100\n|\n|-heal|p1a: Grimmsnarl|82\/100 tox|[from] item: Leftovers\n|-damage|p1a: Grimmsnarl|58\/100 tox|[from] psn\n|upkeep\n|turn|54\n|inactive|Down$hift has 120 seconds left.\n|c|\u2606andrewm0n|gg\n|\n|t:|1656166386\n|move|p1a: Grimmsnarl|Bulk Up|p1a: Grimmsnarl\n|-boost|p1a: Grimmsnarl|atk|1\n|-boost|p1a: Grimmsnarl|def|1\n|move|p2a: Pr\u00e9dast\u00e9rie|Knock Off|p1a: Grimmsnarl\n|-resisted|p1a: Grimmsnarl\n|-damage|p1a: Grimmsnarl|56\/100 tox\n|-enditem|p1a: Grimmsnarl|Leftovers|[from] move: Knock Off|[of] p2a: Pr\u00e9dast\u00e9rie\n|\n|-damage|p1a: Grimmsnarl|26\/100 tox|[from] psn\n|upkeep\n|turn|55\n|c|\u2606Down$hift|gg\n|\n|t:|1656166391\n|move|p1a: Grimmsnarl|Darkest Lariat|p2a: Pr\u00e9dast\u00e9rie\n|-damage|p2a: Pr\u00e9dast\u00e9rie|36\/100\n|move|p2a: Pr\u00e9dast\u00e9rie|Recover|p2a: Pr\u00e9dast\u00e9rie\n|-heal|p2a: Pr\u00e9dast\u00e9rie|86\/100\n|\n|-damage|p1a: Grimmsnarl|0 fnt|[from] psn\n|faint|p1a: Grimmsnarl\n|upkeep\n|\n|t:|1656166393\n|switch|p1a: Blaziken|Blaziken, M|78\/100\n|turn|56\n|\n|t:|1656166395\n|move|p1a: Blaziken|Swords Dance|p1a: Blaziken\n|-boost|p1a: Blaziken|atk|2\n|move|p2a: Pr\u00e9dast\u00e9rie|Toxic|p1a: Blaziken\n|-status|p1a: Blaziken|tox\n|\n|-heal|p1a: Blaziken|84\/100 tox|[from] item: Leftovers\n|-damage|p1a: Blaziken|78\/100 tox|[from] psn\n|-ability|p1a: Blaziken|Speed Boost|boost\n|-boost|p1a: Blaziken|spe|1\n|upkeep\n|turn|57\n|\n|t:|1656166397\n|move|p1a: Blaziken|Close Combat|p2a: Pr\u00e9dast\u00e9rie\n|-resisted|p2a: Pr\u00e9dast\u00e9rie\n|-damage|p2a: Pr\u00e9dast\u00e9rie|36\/100\n|-unboost|p1a: Blaziken|def|1\n|-unboost|p1a: Blaziken|spd|1\n|move|p2a: Pr\u00e9dast\u00e9rie|Haze|p2a: Pr\u00e9dast\u00e9rie\n|-clearallboost\n|\n|-heal|p1a: Blaziken|84\/100 tox|[from] item: Leftovers\n|-damage|p1a: Blaziken|72\/100 tox|[from] psn\n|-ability|p1a: Blaziken|Speed Boost|boost\n|-boost|p1a: Blaziken|spe|1\n|upkeep\n|turn|58\n|\n|t:|1656166402\n|move|p1a: Blaziken|Close Combat|p2a: Pr\u00e9dast\u00e9rie\n|-resisted|p2a: Pr\u00e9dast\u00e9rie\n|-crit|p2a: Pr\u00e9dast\u00e9rie\n|-damage|p2a: Pr\u00e9dast\u00e9rie|0 fnt\n|-unboost|p1a: Blaziken|def|1\n|-unboost|p1a: Blaziken|spd|1\n|faint|p2a: Pr\u00e9dast\u00e9rie\n|\n|-heal|p1a: Blaziken|78\/100 tox|[from] item: Leftovers\n|-damage|p1a: Blaziken|60\/100 tox|[from] psn\n|-ability|p1a: Blaziken|Speed Boost|boost\n|-boost|p1a: Blaziken|spe|1\n|upkeep\n|c|\u2606Down$hift|OH NO\n|c|\u2606Down$hift|OH GOD\n|j| mottews\n|c|\u2606Down$hift|PLEASE LIVE\n|\n|t:|1656166418\n|switch|p2a: Pandemic|Volcarona, F|80\/100\n|turn|59\n|\n|t:|1656166420\n|move|p1a: Blaziken|Flare Blitz|p2a: Pandemic\n|-damage|p2a: Pandemic|9\/100\n|-damage|p1a: Blaziken|31\/100 tox|[from] Recoil\n|move|p2a: Pandemic|Psychic|p1a: Blaziken\n|-supereffective|p1a: Blaziken\n|-damage|p1a: Blaziken|0 fnt\n|faint|p1a: Blaziken\n|\n|win|Down$hift\n|raw|andrewm0n's rating: 1852 &rarr; <strong>1832<\/strong><br \/>(-20 for losing)\n|raw|Down$hift's rating: 1844 &rarr; <strong>1864<\/strong><br \/>(+20 for winning)\n|c|\u2606andrewm0n|gg\n|c|\u2606Down$hift|PHEW\n|c|\u2606Down$hift|gg\n|c| ferger|Nooo\n|c|\u2606andrewm0n|that crit made it close\n|c| ferger|gg !\n|c|\u2606Down$hift|yh\n|c|\u2606andrewm0n|but the right person won\n|l|\u2606andrewm0n\n|l| mottews\n|c|\u2606Down$hift|i got a mini heart attack right there\n|c|\u2606Down$hift|oml\n|l| asahddude\n||Ladder isn't responding, score probably updated but might not have (Request timeout).\n|c| ferger|stone edge will kill i think\n|j| AverageWeirdo 5\n|j| convection oven\n|j| ihavebestsandteam\n|j| vnmmv\n|j| De5tr0yr\n|c|\u2606Down$hift|he's sd tect\n|l| AverageWeirdo 5\n|l| convection oven\n|l| ihavebestsandteam\n|l| De5tr0yr\n|l| vnmmv\n|c| ferger|it was close, nice btw\n|l| ferger\n","uploadtime":1656166546,"views":96,"p1id":"andrewm0n","p2id":"downhift","formatid":"gen8ou","rating":1832,"private":0,"password":null}