{"id":"gen8ou-1219962777","p1":"wsdfg","p2":"free rent","format":"gen8ou","log":"|j|\u2606wsdfg\n|j|\u203dfree rent\n|t:|1604941499\n|player|p1|wsdfg|burglar|1837\n|player|p2|free rent|265|1890\n|teamsize|p1|6\n|teamsize|p2|6\n|gametype|singles\n|gen|8\n|tier|[Gen 8] OU\n|rated|\n|clearpoke\n|poke|p1|Tapu Fini|\n|poke|p1|Zapdos|\n|poke|p1|Blissey, F|\n|poke|p1|Landorus-Therian, M|\n|poke|p1|Melmetal|\n|poke|p1|Spectrier|\n|poke|p2|Pheromosa|\n|poke|p2|Clefable, F|\n|poke|p2|Excadrill, M|\n|poke|p2|Tyranitar, M|\n|poke|p2|Slowbro, F|\n|poke|p2|Zapdos|\n|rule|Sleep Clause Mod: Limit one foe put to sleep\n|rule|Species Clause: Limit one of each Pok\u00e9mon\n|rule|OHKO Clause: OHKO moves are banned\n|rule|Evasion Moves Clause: Evasion moves are banned\n|rule|Endless Battle Clause: Forcing endless battles is banned\n|rule|HP Percentage Mod: HP is shown in percentages\n|rule|Dynamax Clause: You cannot dynamax\n|teampreview\n|j| lodohodo\n|j| Fulmonjor\n|l| Fulmonjor\n|\n|t:|1604941559\n|start\n|switch|p1a: Tapu Fini|Tapu Fini|100\/100\n|switch|p2a: Zapdos|Zapdos|100\/100\n|-fieldstart|move: Misty Terrain|[from] ability: Misty Surge|[of] p1a: Tapu Fini\n|turn|1\n|inactive|Battle timer is ON: inactive players will automatically lose when time's up. (requested by free rent)\n|\n|t:|1604941596\n|switch|p1a: Landorus|Landorus-Therian, M|100\/100\n|-ability|p1a: Landorus|Intimidate|boost\n|-unboost|p2a: Zapdos|atk|1\n|move|p2a: Zapdos|Volt Switch|p1a: Landorus\n|-immune|p1a: Landorus\n|\n|upkeep\n|turn|2\n|\n|t:|1604941605\n|move|p1a: Landorus|Stealth Rock|p2a: Zapdos\n|-sidestart|p2: free rent|move: Stealth Rock\n|move|p2a: Zapdos|Volt Switch|p1a: Landorus\n|-immune|p1a: Landorus\n|\n|upkeep\n|turn|3\n|\n|t:|1604941624\n|move|p1a: Landorus|U-turn|p2a: Zapdos\n|-resisted|p2a: Zapdos\n|-damage|p2a: Zapdos|90\/100\n|\n|t:|1604941630\n|switch|p1a: Blissey|Blissey, F|100\/100|[from]move: U-turn\n|move|p2a: Zapdos|Toxic|p1a: Blissey\n|-activate|p1a: Blissey|move: Misty Terrain\n|\n|upkeep\n|turn|4\n|\n|t:|1604941634\n|move|p2a: Zapdos|Volt Switch|p1a: Blissey\n|-damage|p1a: Blissey|89\/100\n|\n|t:|1604941639\n|switch|p2a: Tyranitar|Tyranitar, M|100\/100|[from]move: Volt Switch\n|-weather|Sandstorm|[from] ability: Sand Stream|[of] p2a: Tyranitar\n|move|p1a: Blissey|Teleport|p1a: Blissey\n|\n|t:|1604941647\n|switch|p1a: Melmetal|Melmetal|100\/100|[from]move: Teleport\n|\n|-weather|Sandstorm|[upkeep]\n|upkeep\n|turn|5\n|j| ii88i8iu7u\n|l| ii88i8iu7u\n|\n|t:|1604941673\n|switch|p2a: Zapdos|Zapdos|90\/100\n|move|p1a: Melmetal|Earthquake|p2a: Zapdos\n|-immune|p2a: Zapdos\n|\n|-weather|Sandstorm|[upkeep]\n|-damage|p2a: Zapdos|84\/100|[from] Sandstorm\n|-fieldend|Misty Terrain\n|upkeep\n|turn|6\n|j| BleedMagic\n|\n|t:|1604941685\n|switch|p1a: Landorus|Landorus-Therian, M|100\/100\n|-ability|p1a: Landorus|Intimidate|boost\n|-unboost|p2a: Zapdos|atk|1\n|move|p2a: Zapdos|Heat Wave|p1a: Landorus\n|-damage|p1a: Landorus|73\/100\n|\n|-weather|Sandstorm|[upkeep]\n|-damage|p2a: Zapdos|78\/100|[from] Sandstorm\n|-heal|p1a: Landorus|79\/100|[from] item: Leftovers\n|upkeep\n|turn|7\n|j| ppev\n|\n|t:|1604941689\n|move|p1a: Landorus|Toxic|p2a: Zapdos\n|-status|p2a: Zapdos|tox\n|move|p2a: Zapdos|Volt Switch|p1a: Landorus\n|-immune|p1a: Landorus\n|\n|-weather|Sandstorm|[upkeep]\n|-damage|p2a: Zapdos|72\/100 tox|[from] Sandstorm\n|-heal|p1a: Landorus|85\/100|[from] item: Leftovers\n|-damage|p2a: Zapdos|66\/100 tox|[from] psn\n|upkeep\n|turn|8\n|\n|t:|1604941693\n|move|p1a: Landorus|U-turn|p2a: Zapdos\n|-resisted|p2a: Zapdos\n|-damage|p2a: Zapdos|56\/100 tox\n|-status|p1a: Landorus|par|[from] ability: Static|[of] p2a: Zapdos\n|\n|t:|1604941695\n|switch|p1a: Blissey|Blissey, F|89\/100|[from]move: U-turn\n|move|p2a: Zapdos|Volt Switch|p1a: Blissey\n|-damage|p1a: Blissey|79\/100\n|j| land of trump win\n|\n|t:|1604941703\n|switch|p2a: Tyranitar|Tyranitar, M|100\/100|[from]move: Volt Switch\n|\n|-weather|none\n|upkeep\n|turn|9\n|\n|t:|1604941707\n|switch|p1a: Melmetal|Melmetal|100\/100\n|move|p2a: Tyranitar|Stealth Rock|p1a: Melmetal\n|-sidestart|p1: wsdfg|move: Stealth Rock\n|\n|upkeep\n|turn|10\n|\n|t:|1604941714\n|switch|p2a: Slowbro|Slowbro, F|100\/100\n|move|p1a: Melmetal|Earthquake|p2a: Slowbro\n|-damage|p2a: Slowbro|78\/100\n|\n|upkeep\n|turn|11\n|\n|t:|1604941719\n|switch|p1a: Tapu Fini|Tapu Fini|100\/100\n|-damage|p1a: Tapu Fini|88\/100|[from] Stealth Rock\n|-fieldstart|move: Misty Terrain|[from] ability: Misty Surge|[of] p1a: Tapu Fini\n|move|p2a: Slowbro|Teleport|p2a: Slowbro\n|\n|t:|1604941722\n|switch|p2a: Excadrill|Excadrill, M|100\/100|[from]move: Teleport\n|-damage|p2a: Excadrill|97\/100|[from] Stealth Rock\n|\n|-heal|p1a: Tapu Fini|94\/100|[from] item: Leftovers\n|upkeep\n|turn|12\n|\n|t:|1604941725\n|move|p2a: Excadrill|Iron Head|p1a: Tapu Fini\n|-damage|p1a: Tapu Fini|50\/100\n|move|p1a: Tapu Fini|Whirlpool|p2a: Excadrill\n|-supereffective|p2a: Excadrill\n|-damage|p2a: Excadrill|68\/100\n|-activate|p2a: Excadrill|move: Whirlpool|[of] p1a: Tapu Fini\n|\n|-heal|p1a: Tapu Fini|56\/100|[from] item: Leftovers\n|-damage|p2a: Excadrill|55\/100|[from] move: Whirlpool|[partiallytrapped]\n|upkeep\n|turn|13\n|\n|t:|1604941730\n|move|p1a: Tapu Fini|Protect|p1a: Tapu Fini\n|-singleturn|p1a: Tapu Fini|Protect\n|move|p2a: Excadrill|Iron Head|p1a: Tapu Fini\n|-activate|p1a: Tapu Fini|move: Protect\n|\n|-heal|p1a: Tapu Fini|62\/100|[from] item: Leftovers\n|-damage|p2a: Excadrill|43\/100|[from] move: Whirlpool|[partiallytrapped]\n|upkeep\n|turn|14\n|\n|t:|1604941738\n|move|p2a: Excadrill|Iron Head|p1a: Tapu Fini\n|-damage|p1a: Tapu Fini|18\/100\n|move|p1a: Tapu Fini|Whirlpool|p2a: Excadrill|[miss]\n|-miss|p1a: Tapu Fini|p2a: Excadrill\n|\n|-heal|p1a: Tapu Fini|24\/100|[from] item: Leftovers\n|-damage|p2a: Excadrill|30\/100|[from] move: Whirlpool|[partiallytrapped]\n|upkeep\n|turn|15\n|\n|t:|1604941742\n|move|p1a: Tapu Fini|Protect|p1a: Tapu Fini\n|-singleturn|p1a: Tapu Fini|Protect\n|move|p2a: Excadrill|Iron Head|p1a: Tapu Fini\n|-activate|p1a: Tapu Fini|move: Protect\n|\n|-heal|p1a: Tapu Fini|30\/100|[from] item: Leftovers\n|-damage|p2a: Excadrill|18\/100|[from] move: Whirlpool|[partiallytrapped]\n|-fieldend|Misty Terrain\n|upkeep\n|turn|16\n|\n|t:|1604941745\n|switch|p1a: Zapdos|Zapdos|100\/100\n|-damage|p1a: Zapdos|76\/100|[from] Stealth Rock\n|move|p2a: Excadrill|Iron Head|p1a: Zapdos\n|-resisted|p1a: Zapdos\n|-damage|p1a: Zapdos|50\/100\n|-damage|p2a: Excadrill|1\/100|[from] item: Rocky Helmet|[of] p1a: Zapdos\n|\n|-end|p2a: Excadrill|Whirlpool|[partiallytrapped]|[silent]\n|upkeep\n|turn|17\n|\n|t:|1604941757\n|switch|p2a: Zapdos|Zapdos|56\/100 tox\n|move|p1a: Zapdos|Roost|p1a: Zapdos\n|-heal|p1a: Zapdos|99\/100\n|-singleturn|p1a: Zapdos|move: Roost\n|\n|-damage|p2a: Zapdos|50\/100 tox|[from] psn\n|upkeep\n|turn|18\n|\n|t:|1604941761\n|move|p1a: Zapdos|Thunderbolt|p2a: Zapdos\n|-damage|p2a: Zapdos|24\/100 tox\n|move|p2a: Zapdos|Roost|p2a: Zapdos\n|-heal|p2a: Zapdos|74\/100 tox\n|-singleturn|p2a: Zapdos|move: Roost\n|\n|-damage|p2a: Zapdos|62\/100 tox|[from] psn\n|upkeep\n|turn|19\n|j| chorizardo rex\n|\n|t:|1604941770\n|switch|p1a: Tapu Fini|Tapu Fini|30\/100\n|-damage|p1a: Tapu Fini|17\/100|[from] Stealth Rock\n|-fieldstart|move: Misty Terrain|[from] ability: Misty Surge|[of] p1a: Tapu Fini\n|move|p2a: Zapdos|Roost|p2a: Zapdos\n|-heal|p2a: Zapdos|100\/100 tox\n|-singleturn|p2a: Zapdos|move: Roost\n|\n|-heal|p1a: Tapu Fini|23\/100|[from] item: Leftovers\n|-damage|p2a: Zapdos|82\/100 tox|[from] psn\n|upkeep\n|turn|20\n|l| chorizardo rex\n|\n|t:|1604941782\n|switch|p2a: Clefable|Clefable, F|100\/100\n|move|p1a: Tapu Fini|Protect||[still]\n|-fail|p1a: Tapu Fini\n|\n|-heal|p1a: Tapu Fini|30\/100|[from] item: Leftovers\n|upkeep\n|turn|21\n|\n|t:|1604941795\n|switch|p1a: Blissey|Blissey, F|79\/100\n|switch|p2a: Tyranitar|Tyranitar, M|100\/100\n|-weather|Sandstorm|[from] ability: Sand Stream|[of] p2a: Tyranitar\n|\n|-weather|Sandstorm|[upkeep]\n|-damage|p1a: Blissey|72\/100|[from] Sandstorm\n|upkeep\n|turn|22\n|l| ppev\n|\n|t:|1604941809\n|switch|p2a: Pheromosa|Pheromosa|100\/100\n|-damage|p2a: Pheromosa|88\/100|[from] Stealth Rock\n|switch|p1a: Landorus|Landorus-Therian, M|85\/100 par\n|-damage|p1a: Landorus|72\/100 par|[from] Stealth Rock\n|-ability|p1a: Landorus|Intimidate|boost\n|-unboost|p2a: Pheromosa|atk|1\n|\n|-weather|Sandstorm|[upkeep]\n|-damage|p2a: Pheromosa|82\/100|[from] Sandstorm\n|-heal|p1a: Landorus|79\/100 par|[from] item: Leftovers\n|upkeep\n|turn|23\n|\n|t:|1604941841\n|switch|p1a: Melmetal|Melmetal|100\/100\n|-damage|p1a: Melmetal|94\/100|[from] Stealth Rock\n|move|p2a: Pheromosa|Close Combat|p1a: Melmetal\n|-supereffective|p1a: Melmetal\n|-damage|p1a: Melmetal|28\/100\n|-unboost|p2a: Pheromosa|def|1\n|-unboost|p2a: Pheromosa|spd|1\n|-damage|p2a: Pheromosa|72\/100|[from] item: Life Orb\n|\n|-weather|Sandstorm|[upkeep]\n|-damage|p2a: Pheromosa|66\/100|[from] Sandstorm\n|-fieldend|Misty Terrain\n|upkeep\n|turn|24\n|l| BleedMagic\n|\n|t:|1604941853\n|switch|p2a: Slowbro|Slowbro, F|100\/100\n|switch|p1a: Zapdos|Zapdos|99\/100\n|-damage|p1a: Zapdos|75\/100|[from] Stealth Rock\n|\n|-weather|Sandstorm|[upkeep]\n|-damage|p1a: Zapdos|69\/100|[from] Sandstorm\n|-damage|p2a: Slowbro|94\/100|[from] Sandstorm\n|upkeep\n|turn|25\n|j| Loftur\n|\n|t:|1604941867\n|switch|p2a: Clefable|Clefable, F|100\/100\n|move|p1a: Zapdos|Thunderbolt|p2a: Clefable\n|-damage|p2a: Clefable|67\/100\n|\n|-weather|none\n|-heal|p2a: Clefable|73\/100|[from] item: Leftovers\n|upkeep\n|turn|26\n|j|+Perry\n|\n|t:|1604941884\n|move|p1a: Zapdos|Thunderbolt|p2a: Clefable\n|-damage|p2a: Clefable|37\/100\n|-status|p2a: Clefable|par\n|cant|p2a: Clefable|par\n|\n|-heal|p2a: Clefable|43\/100 par|[from] item: Leftovers\n|upkeep\n|turn|27\n|\n|t:|1604941888\n|move|p1a: Zapdos|Thunderbolt|p2a: Clefable\n|-damage|p2a: Clefable|8\/100 par\n|move|p2a: Clefable|Soft-Boiled|p2a: Clefable\n|-heal|p2a: Clefable|58\/100 par\n|\n|-heal|p2a: Clefable|64\/100 par|[from] item: Leftovers\n|upkeep\n|turn|28\n|\n|t:|1604941893\n|move|p1a: Zapdos|Thunderbolt|p2a: Clefable\n|-damage|p2a: Clefable|26\/100 par\n|move|p2a: Clefable|Soft-Boiled|p2a: Clefable\n|-heal|p2a: Clefable|76\/100 par\n|\n|-heal|p2a: Clefable|82\/100 par|[from] item: Leftovers\n|upkeep\n|turn|29\n|\n|t:|1604941916\n|move|p1a: Zapdos|Thunderbolt|p2a: Clefable\n|-damage|p2a: Clefable|46\/100 par\n|cant|p2a: Clefable|par\n|\n|-heal|p2a: Clefable|52\/100 par|[from] item: Leftovers\n|upkeep\n|turn|30\n|j| Z Z4ro\n|\n|t:|1604941920\n|move|p1a: Zapdos|Thunderbolt|p2a: Clefable\n|-damage|p2a: Clefable|19\/100 par\n|cant|p2a: Clefable|par\n|\n|-heal|p2a: Clefable|25\/100 par|[from] item: Leftovers\n|upkeep\n|turn|31\n|\n|t:|1604941925\n|switch|p2a: Tyranitar|Tyranitar, M|100\/100\n|-weather|Sandstorm|[from] ability: Sand Stream|[of] p2a: Tyranitar\n|move|p1a: Zapdos|Thunderbolt|p2a: Tyranitar\n|-damage|p2a: Tyranitar|83\/100\n|\n|-weather|Sandstorm|[upkeep]\n|-damage|p1a: Zapdos|63\/100|[from] Sandstorm\n|upkeep\n|turn|32\n|\n|t:|1604941935\n|switch|p1a: Landorus|Landorus-Therian, M|79\/100 par\n|-damage|p1a: Landorus|66\/100 par|[from] Stealth Rock\n|-ability|p1a: Landorus|Intimidate|boost\n|-unboost|p2a: Tyranitar|atk|1\n|move|p2a: Tyranitar|Earthquake|p1a: Landorus\n|-immune|p1a: Landorus\n|\n|-weather|Sandstorm|[upkeep]\n|-heal|p1a: Landorus|72\/100 par|[from] item: Leftovers\n|upkeep\n|turn|33\n|\n|t:|1604941945\n|switch|p2a: Slowbro|Slowbro, F|100\/100\n|move|p1a: Landorus|U-turn|p2a: Slowbro\n|-supereffective|p2a: Slowbro\n|-damage|p2a: Slowbro|73\/100\n|\n|t:|1604941951\n|switch|p1a: Zapdos|Zapdos|63\/100|[from]move: U-turn\n|-damage|p1a: Zapdos|38\/100|[from] Stealth Rock\n|\n|-weather|Sandstorm|[upkeep]\n|-damage|p1a: Zapdos|32\/100|[from] Sandstorm\n|-damage|p2a: Slowbro|67\/100|[from] Sandstorm\n|upkeep\n|turn|34\n|\n|t:|1604941958\n|move|p1a: Zapdos|Roost|p1a: Zapdos\n|-heal|p1a: Zapdos|82\/100\n|-singleturn|p1a: Zapdos|move: Roost\n|move|p2a: Slowbro|Teleport|p2a: Slowbro\n|\n|t:|1604941960\n|switch|p2a: Clefable|Clefable, F|25\/100 par|[from]move: Teleport\n|\n|-weather|Sandstorm|[upkeep]\n|-damage|p1a: Zapdos|76\/100|[from] Sandstorm\n|-heal|p2a: Clefable|31\/100 par|[from] item: Leftovers\n|upkeep\n|turn|35\n|j| zebcd\n|\n|t:|1604941967\n|switch|p2a: Tyranitar|Tyranitar, M|83\/100\n|move|p1a: Zapdos|Thunderbolt|p2a: Tyranitar\n|-damage|p2a: Tyranitar|67\/100\n|\n|-weather|none\n|upkeep\n|turn|36\n|\n|t:|1604941971\n|move|p1a: Zapdos|Toxic|p2a: Tyranitar\n|-status|p2a: Tyranitar|tox\n|move|p2a: Tyranitar|Rock Slide|p1a: Zapdos|[miss]\n|-miss|p2a: Tyranitar|p1a: Zapdos\n|\n|-damage|p2a: Tyranitar|60\/100 tox|[from] psn\n|upkeep\n|turn|37\n|\n|t:|1604941990\n|switch|p2a: Zapdos|Zapdos|82\/100 tox\n|move|p1a: Zapdos|Roost|p1a: Zapdos\n|-heal|p1a: Zapdos|100\/100\n|-singleturn|p1a: Zapdos|move: Roost\n|\n|-damage|p2a: Zapdos|76\/100 tox|[from] psn\n|upkeep\n|turn|38\n|\n|t:|1604942007\n|switch|p1a: Landorus|Landorus-Therian, M|72\/100 par\n|-damage|p1a: Landorus|60\/100 par|[from] Stealth Rock\n|-ability|p1a: Landorus|Intimidate|boost\n|-unboost|p2a: Zapdos|atk|1\n|move|p2a: Zapdos|Toxic||[still]\n|-fail|p2a: Zapdos\n|\n|-heal|p1a: Landorus|66\/100 par|[from] item: Leftovers\n|-damage|p2a: Zapdos|64\/100 tox|[from] psn\n|upkeep\n|turn|39\n|j| BleedMagic\n|\n|t:|1604942024\n|switch|p2a: Clefable|Clefable, F|31\/100 par\n|move|p1a: Landorus|U-turn|p2a: Clefable\n|-resisted|p2a: Clefable\n|-damage|p2a: Clefable|23\/100 par\n|\n|t:|1604942028\n|switch|p1a: Spectrier|Spectrier|100\/100|[from]move: U-turn\n|-damage|p1a: Spectrier|88\/100|[from] Stealth Rock\n|\n|-heal|p2a: Clefable|29\/100 par|[from] item: Leftovers\n|upkeep\n|turn|40\n|\n|t:|1604942031\n|switch|p2a: Tyranitar|Tyranitar, M|60\/100 tox\n|-weather|Sandstorm|[from] ability: Sand Stream|[of] p2a: Tyranitar\n|move|p1a: Spectrier|Hex|p2a: Tyranitar\n|-resisted|p2a: Tyranitar\n|-damage|p2a: Tyranitar|42\/100 tox\n|\n|-weather|Sandstorm|[upkeep]\n|-damage|p1a: Spectrier|82\/100|[from] Sandstorm\n|-damage|p2a: Tyranitar|36\/100 tox|[from] psn\n|upkeep\n|turn|41\n|\n|t:|1604942046\n|switch|p1a: Tapu Fini|Tapu Fini|30\/100\n|-damage|p1a: Tapu Fini|17\/100|[from] Stealth Rock\n|-fieldstart|move: Misty Terrain|[from] ability: Misty Surge|[of] p1a: Tapu Fini\n|switch|p2a: Clefable|Clefable, F|29\/100 par\n|\n|-weather|Sandstorm|[upkeep]\n|-damage|p1a: Tapu Fini|11\/100|[from] Sandstorm\n|-heal|p1a: Tapu Fini|17\/100|[from] item: Leftovers\n|-heal|p2a: Clefable|36\/100 par|[from] item: Leftovers\n|upkeep\n|turn|42\n|\n|t:|1604942056\n|move|p1a: Tapu Fini|Taunt|p2a: Clefable\n|-start|p2a: Clefable|move: Taunt\n|cant|p2a: Clefable|move: Taunt|Soft-Boiled\n|\n|-weather|Sandstorm|[upkeep]\n|-damage|p1a: Tapu Fini|11\/100|[from] Sandstorm\n|-heal|p1a: Tapu Fini|17\/100|[from] item: Leftovers\n|-heal|p2a: Clefable|42\/100 par|[from] item: Leftovers\n|upkeep\n|turn|43\n|\n|t:|1604942078\n|switch|p2a: Zapdos|Zapdos|64\/100 tox\n|move|p1a: Tapu Fini|Nature's Madness|p2a: Zapdos\n|-damage|p2a: Zapdos|33\/100 tox\n|\n|-weather|Sandstorm|[upkeep]\n|-damage|p2a: Zapdos|27\/100 tox|[from] Sandstorm\n|-damage|p1a: Tapu Fini|11\/100|[from] Sandstorm\n|-heal|p1a: Tapu Fini|17\/100|[from] item: Leftovers\n|-damage|p2a: Zapdos|21\/100 tox|[from] psn\n|upkeep\n|turn|44\n|\n|t:|1604942090\n|move|p2a: Zapdos|Roost|p2a: Zapdos\n|-heal|p2a: Zapdos|71\/100 tox\n|-singleturn|p2a: Zapdos|move: Roost\n|move|p1a: Tapu Fini|Whirlpool|p2a: Zapdos\n|-damage|p2a: Zapdos|61\/100 tox\n|-activate|p2a: Zapdos|move: Whirlpool|[of] p1a: Tapu Fini\n|\n|-weather|none\n|-heal|p1a: Tapu Fini|23\/100|[from] item: Leftovers\n|-damage|p2a: Zapdos|49\/100 tox|[from] psn\n|-damage|p2a: Zapdos|37\/100 tox|[from] move: Whirlpool|[partiallytrapped]\n|upkeep\n|turn|45\n|\n|t:|1604942110\n|move|p1a: Tapu Fini|Protect|p1a: Tapu Fini\n|-singleturn|p1a: Tapu Fini|Protect\n|move|p2a: Zapdos|Volt Switch|p1a: Tapu Fini\n|-activate|p1a: Tapu Fini|move: Protect\n|\n|-heal|p1a: Tapu Fini|29\/100|[from] item: Leftovers\n|-damage|p2a: Zapdos|19\/100 tox|[from] psn\n|-damage|p2a: Zapdos|7\/100 tox|[from] move: Whirlpool|[partiallytrapped]\n|-fieldend|Misty Terrain\n|upkeep\n|turn|46\n|\n|t:|1604942118\n|move|p2a: Zapdos|Roost|p2a: Zapdos\n|-heal|p2a: Zapdos|57\/100 tox\n|-singleturn|p2a: Zapdos|move: Roost\n|move|p1a: Tapu Fini|Whirlpool|p2a: Zapdos\n|-damage|p2a: Zapdos|48\/100 tox\n|\n|-heal|p1a: Tapu Fini|35\/100|[from] item: Leftovers\n|-damage|p2a: Zapdos|24\/100 tox|[from] psn\n|-damage|p2a: Zapdos|12\/100 tox|[from] move: Whirlpool|[partiallytrapped]\n|upkeep\n|turn|47\n|\n|t:|1604942129\n|move|p2a: Zapdos|Roost|p2a: Zapdos\n|-heal|p2a: Zapdos|62\/100 tox\n|-singleturn|p2a: Zapdos|move: Roost\n|move|p1a: Tapu Fini|Nature's Madness|p2a: Zapdos\n|-damage|p2a: Zapdos|31\/100 tox\n|\n|-heal|p1a: Tapu Fini|41\/100|[from] item: Leftovers\n|-damage|p2a: Zapdos|1\/100 tox|[from] psn\n|-damage|p2a: Zapdos|0 fnt|[from] move: Whirlpool|[partiallytrapped]\n|faint|p2a: Zapdos\n|upkeep\n|\n|t:|1604942133\n|switch|p2a: Pheromosa|Pheromosa|66\/100\n|-damage|p2a: Pheromosa|54\/100|[from] Stealth Rock\n|turn|48\n|\n|t:|1604942147\n|move|p1a: Tapu Fini|Protect|p1a: Tapu Fini\n|-singleturn|p1a: Tapu Fini|Protect\n|move|p2a: Pheromosa|Poison Jab|p1a: Tapu Fini\n|-activate|p1a: Tapu Fini|move: Protect\n|\n|-heal|p1a: Tapu Fini|48\/100|[from] item: Leftovers\n|upkeep\n|turn|49\n|j| HOMOQUAZA\n|\n|t:|1604942164\n|switch|p1a: Melmetal|Melmetal|28\/100\n|-damage|p1a: Melmetal|22\/100|[from] Stealth Rock\n|move|p2a: Pheromosa|U-turn|p1a: Melmetal\n|-resisted|p1a: Melmetal\n|-damage|p1a: Melmetal|9\/100\n|-damage|p2a: Pheromosa|44\/100|[from] item: Life Orb\n|\n|t:|1604942175\n|switch|p2a: Slowbro|Slowbro, F|99\/100|[from]move: U-turn\n|\n|upkeep\n|turn|50\n|j| Herpguy\n|\n|t:|1604942182\n|move|p1a: Melmetal|Earthquake|p2a: Slowbro\n|-damage|p2a: Slowbro|76\/100\n|move|p2a: Slowbro|Scald|p1a: Melmetal\n|-damage|p1a: Melmetal|0 fnt\n|faint|p1a: Melmetal\n|\n|upkeep\n|\n|t:|1604942185\n|switch|p1a: Spectrier|Spectrier|82\/100\n|-damage|p1a: Spectrier|70\/100|[from] Stealth Rock\n|turn|51\n|\n|t:|1604942196\n|switch|p1a: Blissey|Blissey, F|72\/100\n|switch|p2a: Excadrill|Excadrill, M|1\/100\n|-damage|p2a: Excadrill|0 fnt|[from] Stealth Rock\n|faint|p2a: Excadrill\n|\n|upkeep\n|\n|t:|1604942198\n|switch|p2a: Clefable|Clefable, F|42\/100 par\n|turn|52\n|\n|t:|1604942211\n|move|p2a: Clefable|Calm Mind|p2a: Clefable\n|-boost|p2a: Clefable|spa|1\n|-boost|p2a: Clefable|spd|1\n|move|p1a: Blissey|Teleport|p1a: Blissey\n|\n|t:|1604942212\n|switch|p1a: Spectrier|Spectrier|70\/100|[from]move: Teleport\n|-damage|p1a: Spectrier|57\/100|[from] Stealth Rock\n|\n|-heal|p2a: Clefable|48\/100 par|[from] item: Leftovers\n|upkeep\n|turn|53\n|\n|t:|1604942217\n|move|p1a: Spectrier|Hex|p2a: Clefable\n|-damage|p2a: Clefable|4\/100 par\n|move|p2a: Clefable|Soft-Boiled|p2a: Clefable\n|-heal|p2a: Clefable|54\/100 par\n|\n|-heal|p2a: Clefable|60\/100 par|[from] item: Leftovers\n|upkeep\n|turn|54\n|l| Z Z4ro\n|\n|t:|1604942235\n|move|p1a: Spectrier|Hex|p2a: Clefable\n|-crit|p2a: Clefable\n|-damage|p2a: Clefable|0 fnt\n|faint|p2a: Clefable\n|-ability|p1a: Spectrier|Grim Neigh|boost\n|-boost|p1a: Spectrier|spa|1\n|\n|upkeep\n|-message|free rent forfeited.\n|\n|win|wsdfg\n","uploadtime":1604942244,"views":156,"p1id":"wsdfg","p2id":"freerent","formatid":"gen8ou","rating":0,"private":0,"password":null}