{"id":"gen8ou-1704754620","p1":"minimax_ai","p2":"Colonel Rivai","format":"gen8ou","log":"|j|\u2606minimax_ai\n|j|\u2606Colonel Rivai\n|t:|1667817336\n|gametype|singles\n|player|p1|minimax_ai|169|1547\n|player|p2|Colonel Rivai|265|1809\n|teamsize|p1|6\n|teamsize|p2|6\n|gen|8\n|tier|[Gen 8] OU\n|rated|\n|rule|Sleep Clause Mod: Limit one foe put to sleep\n|rule|Species Clause: Limit one of each Pok\u00e9mon\n|rule|OHKO Clause: OHKO moves are banned\n|rule|Evasion Items Clause: Evasion items are banned\n|rule|Evasion Moves Clause: Evasion moves are banned\n|rule|Endless Battle Clause: Forcing endless battles is banned\n|rule|HP Percentage Mod: HP is shown in percentages\n|rule|Dynamax Clause: You cannot dynamax\n|clearpoke\n|poke|p1|Rotom-Wash|\n|poke|p1|Weavile, M|\n|poke|p1|Landorus-Therian, M|\n|poke|p1|Heatran, M|\n|poke|p1|Tangrowth, M|\n|poke|p1|Melmetal|\n|poke|p2|Hydreigon, M|\n|poke|p2|Kartana|\n|poke|p2|Blacephalon|\n|poke|p2|Landorus-Therian, M|\n|poke|p2|Melmetal|\n|poke|p2|Toxapex, M|\n|teampreview\n|c|\u2606minimax_ai|hf\n|inactive|Battle timer is ON: inactive players will automatically lose when time's up. (requested by minimax_ai)\n|\n|t:|1667817345\n|start\n|switch|p1a: landorustherian|Landorus-Therian, M|100\/100\n|switch|p2a: Hydreigon|Hydreigon, M|100\/100\n|-ability|p1a: landorustherian|Intimidate|boost\n|-unboost|p2a: Hydreigon|atk|1\n|turn|1\n|c|\u2606Colonel Rivai|same\n|\n|t:|1667817351\n|move|p2a: Hydreigon|Beat Up|p1a: landorustherian\n|-damage|p1a: landorustherian|93\/100\n|-crit|p1a: landorustherian\n|-damage|p1a: landorustherian|67\/100\n|-damage|p1a: landorustherian|59\/100\n|-damage|p1a: landorustherian|49\/100\n|-damage|p1a: landorustherian|41\/100\n|-damage|p1a: landorustherian|36\/100\n|-hitcount|p1a: landorustherian|6\n|move|p1a: landorustherian|U-turn|p2a: Hydreigon\n|-supereffective|p2a: Hydreigon\n|-damage|p2a: Hydreigon|52\/100\n|\n|t:|1667817351\n|switch|p1a: Heatran|Heatran, M|100\/100|[from]move: U-turn\n|-item|p1a: Heatran|Air Balloon\n|\n|upkeep\n|turn|2\n|\n|t:|1667817353\n|move|p2a: Hydreigon|Beat Up|p1a: Heatran\n|-damage|p1a: Heatran|93\/100\n|-enditem|p1a: Heatran|Air Balloon\n|-damage|p1a: Heatran|81\/100\n|-damage|p1a: Heatran|72\/100\n|-damage|p1a: Heatran|62\/100\n|-damage|p1a: Heatran|52\/100\n|-damage|p1a: Heatran|46\/100\n|-hitcount|p1a: Heatran|6\n|move|p1a: Heatran|Magma Storm|p2a: Hydreigon\n|-resisted|p2a: Hydreigon\n|-damage|p2a: Hydreigon|22\/100\n|-activate|p2a: Hydreigon|move: Magma Storm|[of] p1a: Heatran\n|\n|-damage|p2a: Hydreigon|10\/100|[from] move: Magma Storm|[partiallytrapped]\n|upkeep\n|turn|3\n|\n|t:|1667817355\n|move|p2a: Hydreigon|Beat Up|p1a: Heatran\n|-damage|p1a: Heatran|39\/100\n|-damage|p1a: Heatran|27\/100\n|-damage|p1a: Heatran|18\/100\n|-damage|p1a: Heatran|9\/100\n|-damage|p1a: Heatran|0 fnt\n|faint|p1a: Heatran\n|-hitcount|p1: Heatran|5\n|\n|-end|p2a: Hydreigon|Magma Storm|[partiallytrapped]|[silent]\n|upkeep\n|\n|t:|1667817355\n|switch|p1a: Weavile|Weavile, M|100\/100\n|-ability|p1a: Weavile|Pressure\n|turn|4\n|\n|t:|1667817358\n|switch|p2a: Toxapex|Toxapex, M|100\/100\n|move|p1a: Weavile|Knock Off|p2a: Toxapex\n|-damage|p2a: Toxapex|58\/100\n|-damage|p1a: Weavile|84\/100|[from] item: Rocky Helmet|[of] p2a: Toxapex\n|-enditem|p2a: Toxapex|Rocky Helmet|[from] move: Knock Off|[of] p1a: Weavile\n|\n|upkeep\n|turn|5\n|\n|t:|1667817362\n|switch|p1a: Melmetal|Melmetal|100\/100\n|move|p2a: Toxapex|Recover|p2a: Toxapex\n|-heal|p2a: Toxapex|100\/100\n|\n|upkeep\n|turn|6\n|\n|t:|1667817363\n|move|p1a: Melmetal|Double Iron Bash|p2a: Toxapex\n|-resisted|p2a: Toxapex\n|-damage|p2a: Toxapex|89\/100\n|-resisted|p2a: Toxapex\n|-crit|p2a: Toxapex\n|-damage|p2a: Toxapex|72\/100\n|-hitcount|p2a: Toxapex|2\n|cant|p2a: Toxapex|flinch\n|\n|upkeep\n|turn|7\n|\n|t:|1667817366\n|move|p1a: Melmetal|Double Iron Bash|p2a: Toxapex\n|-resisted|p2a: Toxapex\n|-damage|p2a: Toxapex|60\/100\n|-resisted|p2a: Toxapex\n|-damage|p2a: Toxapex|48\/100\n|-hitcount|p2a: Toxapex|2\n|move|p2a: Toxapex|Knock Off|p1a: Melmetal\n|-crit|p1a: Melmetal\n|-damage|p1a: Melmetal|87\/100\n|-enditem|p1a: Melmetal|Assault Vest|[from] move: Knock Off|[of] p2a: Toxapex\n|\n|upkeep\n|turn|8\n|\n|t:|1667817368\n|move|p1a: Melmetal|Double Iron Bash|p2a: Toxapex\n|-resisted|p2a: Toxapex\n|-damage|p2a: Toxapex|37\/100\n|-resisted|p2a: Toxapex\n|-damage|p2a: Toxapex|25\/100\n|-hitcount|p2a: Toxapex|2\n|move|p2a: Toxapex|Recover|p2a: Toxapex\n|-heal|p2a: Toxapex|75\/100\n|\n|upkeep\n|turn|9\n|\n|t:|1667817370\n|move|p1a: Melmetal|Double Iron Bash|p2a: Toxapex\n|-resisted|p2a: Toxapex\n|-crit|p2a: Toxapex\n|-damage|p2a: Toxapex|56\/100\n|-resisted|p2a: Toxapex\n|-damage|p2a: Toxapex|45\/100\n|-hitcount|p2a: Toxapex|2\n|cant|p2a: Toxapex|flinch\n|\n|upkeep\n|turn|10\n|\n|t:|1667817372\n|move|p1a: Melmetal|Double Iron Bash|p2a: Toxapex\n|-resisted|p2a: Toxapex\n|-damage|p2a: Toxapex|33\/100\n|-resisted|p2a: Toxapex\n|-damage|p2a: Toxapex|20\/100\n|-hitcount|p2a: Toxapex|2\n|cant|p2a: Toxapex|flinch\n|\n|upkeep\n|turn|11\n|\n|t:|1667817375\n|switch|p2a: Melmetal|Melmetal|100\/100\n|move|p1a: Melmetal|Double Iron Bash|p2a: Melmetal\n|-resisted|p2a: Melmetal\n|-crit|p2a: Melmetal\n|-damage|p2a: Melmetal|82\/100\n|-resisted|p2a: Melmetal\n|-damage|p2a: Melmetal|70\/100\n|-hitcount|p2a: Melmetal|2\n|\n|upkeep\n|turn|12\n|\n|t:|1667817376\n|switch|p2a: Toxapex|Toxapex, M|53\/100\n|move|p1a: Melmetal|Double Iron Bash|p2a: Toxapex\n|-resisted|p2a: Toxapex\n|-damage|p2a: Toxapex|40\/100\n|-resisted|p2a: Toxapex\n|-damage|p2a: Toxapex|28\/100\n|-hitcount|p2a: Toxapex|2\n|\n|upkeep\n|turn|13\n|\n|t:|1667817378\n|move|p1a: Melmetal|Double Iron Bash|p2a: Toxapex\n|-resisted|p2a: Toxapex\n|-damage|p2a: Toxapex|16\/100\n|-resisted|p2a: Toxapex\n|-damage|p2a: Toxapex|5\/100\n|-hitcount|p2a: Toxapex|2\n|cant|p2a: Toxapex|flinch\n|\n|upkeep\n|turn|14\n|\n|t:|1667817381\n|switch|p2a: Kartana|Kartana|100\/100\n|move|p1a: Melmetal|Ice Punch|p2a: Kartana\n|-damage|p2a: Kartana|64\/100\n|-status|p2a: Kartana|frz\n|\n|upkeep\n|turn|15\n|\n|t:|1667817385\n|switch|p2a: Toxapex|Toxapex, M|38\/100\n|move|p1a: Melmetal|Ice Punch|p2a: Toxapex\n|-resisted|p2a: Toxapex\n|-damage|p2a: Toxapex|28\/100\n|\n|upkeep\n|turn|16\n|j| cypherstest\n|\n|t:|1667817387\n|move|p1a: Melmetal|Earthquake|p2a: Toxapex\n|-supereffective|p2a: Toxapex\n|-damage|p2a: Toxapex|0 fnt\n|faint|p2a: Toxapex\n|\n|upkeep\n|\n|t:|1667817390\n|switch|p2a: Hydreigon|Hydreigon, M|10\/100\n|turn|17\n|\n|t:|1667817391\n|move|p2a: Hydreigon|Superpower|p1a: Melmetal\n|-supereffective|p1a: Melmetal\n|-damage|p1a: Melmetal|24\/100\n|-unboost|p2a: Hydreigon|atk|1\n|-unboost|p2a: Hydreigon|def|1\n|move|p1a: Melmetal|Ice Punch|p2a: Hydreigon\n|-supereffective|p2a: Hydreigon\n|-damage|p2a: Hydreigon|0 fnt\n|faint|p2a: Hydreigon\n|\n|upkeep\n|\n|t:|1667817394\n|switch|p2a: Blacephalon|Blacephalon|100\/100\n|turn|18\n|\n|t:|1667817395\n|move|p2a: Blacephalon|Flamethrower|p1a: Melmetal\n|-supereffective|p1a: Melmetal\n|-damage|p1a: Melmetal|0 fnt\n|faint|p1a: Melmetal\n|-ability|p2a: Blacephalon|Beast Boost|boost\n|-boost|p2a: Blacephalon|spa|1\n|\n|upkeep\n|\n|t:|1667817395\n|switch|p1a: Weavile|Weavile, M|84\/100\n|-ability|p1a: Weavile|Pressure\n|turn|19\n|\n|t:|1667817398\n|move|p2a: Blacephalon|Flamethrower|p1a: Weavile\n|-supereffective|p1a: Weavile\n|-damage|p1a: Weavile|0 fnt\n|faint|p1a: Weavile\n|-ability|p2a: Blacephalon|Beast Boost|boost\n|-boost|p2a: Blacephalon|spa|1\n|\n|upkeep\n|\n|t:|1667817398\n|switch|p1a: rotomwash|Rotom-Wash|100\/100\n|turn|20\n|\n|t:|1667817401\n|switch|p2a: Landorus|Landorus-Therian, M|100\/100\n|-ability|p2a: Landorus|Intimidate|boost\n|-unboost|p1a: rotomwash|atk|1\n|move|p1a: rotomwash|Hydro Pump|p2a: Landorus|[miss]\n|-miss|p1a: rotomwash|p2a: Landorus\n|\n|upkeep\n|turn|21\n|\n|t:|1667817406\n|move|p1a: rotomwash|Nasty Plot|p1a: rotomwash\n|-boost|p1a: rotomwash|spa|2\n|move|p2a: Landorus|U-turn|p1a: rotomwash\n|-damage|p1a: rotomwash|77\/100\n|\n|t:|1667817408\n|switch|p2a: Melmetal|Melmetal|70\/100|[from]move: U-turn\n|\n|-heal|p1a: rotomwash|84\/100|[from] item: Leftovers\n|upkeep\n|turn|22\n|\n|t:|1667817410\n|move|p1a: rotomwash|Hydro Pump|p2a: Melmetal\n|-damage|p2a: Melmetal|23\/100\n|move|p2a: Melmetal|Double Iron Bash|p1a: rotomwash\n|-resisted|p1a: rotomwash\n|-damage|p1a: rotomwash|71\/100\n|-resisted|p1a: rotomwash\n|-damage|p1a: rotomwash|60\/100\n|-hitcount|p1a: rotomwash|2\n|\n|-heal|p1a: rotomwash|67\/100|[from] item: Leftovers\n|upkeep\n|turn|23\n|\n|t:|1667817414\n|move|p1a: rotomwash|Hydro Pump|p2a: Melmetal\n|-damage|p2a: Melmetal|0 fnt\n|faint|p2a: Melmetal\n|\n|-heal|p1a: rotomwash|73\/100|[from] item: Leftovers\n|upkeep\n|\n|t:|1667817416\n|switch|p2a: Kartana|Kartana|64\/100 frz\n|turn|24\n|\n|t:|1667817418\n|cant|p2a: Kartana|frz\n|move|p1a: rotomwash|Thunderbolt|p2a: Kartana\n|-resisted|p2a: Kartana\n|-damage|p2a: Kartana|0 fnt\n|faint|p2a: Kartana\n|\n|-heal|p1a: rotomwash|79\/100|[from] item: Leftovers\n|upkeep\n|\n|t:|1667817419\n|switch|p2a: Blacephalon|Blacephalon|100\/100\n|turn|25\n|\n|t:|1667817420\n|move|p2a: Blacephalon|Shadow Ball|p1a: rotomwash\n|-damage|p1a: rotomwash|33\/100\n|move|p1a: rotomwash|Thunderbolt|p2a: Blacephalon\n|-damage|p2a: Blacephalon|0 fnt\n|faint|p2a: Blacephalon\n|\n|-heal|p1a: rotomwash|39\/100|[from] item: Leftovers\n|upkeep\n|\n|t:|1667817423\n|switch|p2a: Landorus|Landorus-Therian, M|100\/100\n|-ability|p2a: Landorus|Intimidate|boost\n|-unboost|p1a: rotomwash|atk|1\n|turn|26\n|\n|t:|1667817424\n|move|p1a: rotomwash|Hydro Pump|p2a: Landorus|[miss]\n|-miss|p1a: rotomwash|p2a: Landorus\n|move|p2a: Landorus|U-turn|p1a: rotomwash\n|-damage|p1a: rotomwash|13\/100\n|\n|-heal|p1a: rotomwash|20\/100|[from] item: Leftovers\n|upkeep\n|turn|27\n|\n|t:|1667817426\n|move|p1a: rotomwash|Hydro Pump|p2a: Landorus\n|-supereffective|p2a: Landorus\n|-damage|p2a: Landorus|0 fnt\n|faint|p2a: Landorus\n|\n|win|minimax_ai\n|raw|minimax_ai's rating: 1547 &rarr; <strong>1580<\/strong><br \/>(+33 for winning)\n|raw|Colonel Rivai's rating: 1809 &rarr; <strong>1776<\/strong><br \/>(-33 for losing)\n|c|\u2606minimax_ai|gg\n","uploadtime":1667817428,"views":6,"p1id":"minimaxai","p2id":"colonelrivai","formatid":"gen8ou","rating":1580,"private":0,"password":null}