{"id":"gen8ou-1637247285","p1":"Maitredouard2","p2":"LT92PF rej","format":"gen8ou","log":"|raw|<div class=\"broadcast-blue\"><strong>This battle is required to be public due to a player having a name starting with 'lt92pf'.<\/div>\n|j|\u2606Maitredouard2\n|j|\u2606LT92PF rej\n|t:|1660219980\n|gametype|singles\n|player|p1|Maitredouard2|lance|1708\n|player|p2|LT92PF rej|pokefanf-gen4|1760\n|teamsize|p1|6\n|teamsize|p2|6\n|gen|8\n|tier|[Gen 8] OU\n|rated|\n|rule|Sleep Clause Mod: Limit one foe put to sleep\n|rule|Species Clause: Limit one of each Pok\u00e9mon\n|rule|OHKO Clause: OHKO moves are banned\n|rule|Evasion Items Clause: Evasion items are banned\n|rule|Evasion Moves Clause: Evasion moves are banned\n|rule|Endless Battle Clause: Forcing endless battles is banned\n|rule|HP Percentage Mod: HP is shown in percentages\n|rule|Dynamax Clause: You cannot dynamax\n|clearpoke\n|poke|p1|Mandibuzz, F|\n|poke|p1|Landorus-Therian, M|\n|poke|p1|Blissey, F|\n|poke|p1|Heatran, M|\n|poke|p1|Toxapex, M|\n|poke|p1|Tapu Lele|\n|poke|p2|Tornadus-Therian, M|\n|poke|p2|Urshifu-*, M|\n|poke|p2|Landorus-Therian, M|\n|poke|p2|Tapu Fini|\n|poke|p2|Melmetal|\n|poke|p2|Slowking-Galar, M|\n|teampreview\n|inactive|Battle timer is ON: inactive players will automatically lose when time's up. (requested by LT92PF rej)\n|\n|t:|1660219988\n|start\n|switch|p1a: Landorus|Landorus-Therian, M|100\/100\n|switch|p2a: Tornadus|Tornadus-Therian, M, shiny|100\/100\n|-ability|p1a: Landorus|Intimidate|boost\n|-unboost|p2a: Tornadus|atk|1\n|turn|1\n|\n|t:|1660219996\n|move|p1a: Landorus|Explosion|p2a: Tornadus\n|-damage|p2a: Tornadus|0 fnt\n|faint|p1a: Landorus\n|faint|p2a: Tornadus\n|\n|upkeep\n|\n|t:|1660220009\n|switch|p2a: Urshifu|Urshifu-Rapid-Strike, M|100\/100\n|switch|p1a: Tapu Lele|Tapu Lele|100\/100\n|-fieldstart|move: Psychic Terrain|[from] ability: Psychic Surge|[of] p1a: Tapu Lele\n|turn|2\n|\n|t:|1660220015\n|switch|p2a: Melmetal|Melmetal, shiny|100\/100\n|move|p1a: Tapu Lele|Focus Blast|p2a: Melmetal|[miss]\n|-miss|p1a: Tapu Lele|p2a: Melmetal\n|\n|upkeep\n|turn|3\n|\n|t:|1660220023\n|switch|p1a: Toxapex|Toxapex, M|100\/100\n|move|p2a: Melmetal|Double Iron Bash|p1a: Toxapex\n|-resisted|p1a: Toxapex\n|-damage|p1a: Toxapex|86\/100\n|-damage|p2a: Melmetal|84\/100|[from] item: Rocky Helmet|[of] p1a: Toxapex\n|-resisted|p1a: Toxapex\n|-damage|p1a: Toxapex|74\/100\n|-damage|p2a: Melmetal|67\/100|[from] item: Rocky Helmet|[of] p1a: Toxapex\n|-hitcount|p1a: Toxapex|2\n|\n|-heal|p2a: Melmetal|74\/100|[from] item: Leftovers\n|upkeep\n|turn|4\n|\n|t:|1660220035\n|switch|p2a: Landorus|Landorus-Therian, M, shiny|100\/100\n|-ability|p2a: Landorus|Intimidate|boost\n|-unboost|p1a: Toxapex|atk|1\n|move|p1a: Toxapex|Scald|p2a: Landorus\n|-supereffective|p2a: Landorus\n|-crit|p2a: Landorus\n|-damage|p2a: Landorus|46\/100\n|-status|p2a: Landorus|brn\n|\n|-heal|p2a: Landorus|52\/100 brn|[from] item: Leftovers\n|-damage|p2a: Landorus|46\/100 brn|[from] brn\n|upkeep\n|turn|5\n|\n|t:|1660220047\n|move|p2a: Landorus|Stealth Rock|p1a: Toxapex\n|-sidestart|p1: Maitredouard2|move: Stealth Rock\n|move|p1a: Toxapex|Scald|p2a: Landorus\n|-supereffective|p2a: Landorus\n|-damage|p2a: Landorus|11\/100 brn\n|\n|-heal|p2a: Landorus|17\/100 brn|[from] item: Leftovers\n|-damage|p2a: Landorus|11\/100 brn|[from] brn\n|upkeep\n|turn|6\n|\n|t:|1660220057\n|move|p2a: Landorus|Knock Off|p1a: Toxapex\n|-damage|p1a: Toxapex|64\/100\n|-damage|p2a: Landorus|0 fnt|[from] item: Rocky Helmet|[of] p1a: Toxapex\n|faint|p2a: Landorus\n|move|p1a: Toxapex|Scald|p2: Landorus|[notarget]\n|-fail|p1a: Toxapex\n|\n|-fieldend|move: Psychic Terrain\n|upkeep\n|\n|t:|1660220061\n|switch|p2a: Slowking|Slowking-Galar, M, shiny|100\/100\n|turn|7\n|\n|t:|1660220069\n|move|p1a: Toxapex|Scald|p2a: Slowking\n|-damage|p2a: Slowking|91\/100\n|move|p2a: Slowking|Sludge Bomb|p1a: Toxapex\n|-resisted|p1a: Toxapex\n|-damage|p1a: Toxapex|45\/100\n|\n|upkeep\n|turn|8\n|\n|t:|1660220076\n|move|p1a: Toxapex|Recover|p1a: Toxapex\n|-heal|p1a: Toxapex|95\/100\n|move|p2a: Slowking|Future Sight|p1a: Toxapex\n|-start|p2a: Slowking|move: Future Sight\n|\n|upkeep\n|turn|9\n|\n|t:|1660220083\n|switch|p1a: Mandibuzz|Mandibuzz, F|100\/100\n|move|p2a: Slowking|Sludge Bomb|p1a: Mandibuzz\n|-damage|p1a: Mandibuzz|68\/100\n|-status|p1a: Mandibuzz|psn\n|\n|-damage|p1a: Mandibuzz|56\/100 psn|[from] psn\n|upkeep\n|turn|10\n|j| playa13\n|\n|t:|1660220093\n|switch|p2a: Tapu Fini|Tapu Fini, shiny|100\/100\n|-fieldstart|move: Misty Terrain|[from] ability: Misty Surge|[of] p2a: Tapu Fini\n|move|p1a: Mandibuzz|Foul Play|p2a: Tapu Fini\n|-resisted|p2a: Tapu Fini\n|-damage|p2a: Tapu Fini|90\/100\n|\n|-end|p1a: Mandibuzz|move: Future Sight\n|-immune|p1a: Mandibuzz\n|-damage|p1a: Mandibuzz|43\/100 psn|[from] psn\n|upkeep\n|turn|11\n|\n|t:|1660220107\n|move|p2a: Tapu Fini|Trick|p1a: Mandibuzz\n|-activate|p2a: Tapu Fini|move: Trick|[of] p1a: Mandibuzz\n|-item|p1a: Mandibuzz|Choice Scarf|[from] move: Trick\n|-item|p2a: Tapu Fini|Heavy-Duty Boots|[from] move: Trick\n|move|p1a: Mandibuzz|Roost|p1a: Mandibuzz\n|-heal|p1a: Mandibuzz|93\/100 psn\n|-singleturn|p1a: Mandibuzz|move: Roost\n|\n|-damage|p1a: Mandibuzz|81\/100 psn|[from] psn\n|upkeep\n|turn|12\n|\n|t:|1660220117\n|switch|p1a: Blissey|Blissey, F|100\/100\n|switch|p2a: Slowking|Slowking-Galar, M, shiny|100\/100\n|\n|upkeep\n|turn|13\n|\n|t:|1660220124\n|move|p1a: Blissey|Seismic Toss|p2a: Slowking\n|-damage|p2a: Slowking|75\/100\n|move|p2a: Slowking|Future Sight|p1a: Blissey\n|-start|p2a: Slowking|move: Future Sight\n|\n|upkeep\n|turn|14\n|\n|t:|1660220130\n|move|p2a: Slowking|Sludge Bomb|p1a: Blissey\n|-damage|p1a: Blissey|83\/100\n|move|p1a: Blissey|Teleport|p1a: Blissey\n|\n|t:|1660220135\n|switch|p1a: Tapu Lele|Tapu Lele|100\/100|[from]move: Teleport\n|-damage|p1a: Tapu Lele|88\/100|[from] Stealth Rock\n|-fieldstart|move: Psychic Terrain|[from] ability: Psychic Surge|[of] p1a: Tapu Lele\n|\n|upkeep\n|turn|15\n|\n|t:|1660220143\n|switch|p2a: Melmetal|Melmetal, shiny|74\/100\n|move|p1a: Tapu Lele|Psyshock|p2a: Melmetal\n|-resisted|p2a: Melmetal\n|-damage|p2a: Melmetal|51\/100\n|\n|-end|p1a: Tapu Lele|move: Future Sight\n|-resisted|p1a: Tapu Lele\n|-damage|p1a: Tapu Lele|49\/100\n|-heal|p2a: Melmetal|57\/100|[from] item: Leftovers\n|upkeep\n|turn|16\n|\n|t:|1660220154\n|switch|p1a: Toxapex|Toxapex, M|100\/100\n|-damage|p1a: Toxapex|88\/100|[from] Stealth Rock\n|switch|p2a: Slowking|Slowking-Galar, M, shiny|100\/100\n|\n|upkeep\n|turn|17\n|\n|t:|1660220162\n|move|p1a: Toxapex|Scald|p2a: Slowking\n|-damage|p2a: Slowking|92\/100\n|-status|p2a: Slowking|brn\n|move|p2a: Slowking|Future Sight|p1a: Toxapex\n|-start|p2a: Slowking|move: Future Sight\n|\n|-damage|p2a: Slowking|86\/100 brn|[from] brn\n|upkeep\n|turn|18\n|\n|t:|1660220170\n|switch|p1a: Heatran|Heatran, M|100\/100\n|-damage|p1a: Heatran|88\/100|[from] Stealth Rock\n|-item|p1a: Heatran|Air Balloon\n|switch|p2a: Urshifu|Urshifu-Rapid-Strike, M|100\/100\n|\n|-fieldend|move: Psychic Terrain\n|upkeep\n|turn|19\n|\n|t:|1660220180\n|switch|p1a: Tapu Lele|Tapu Lele|49\/100\n|-damage|p1a: Tapu Lele|36\/100|[from] Stealth Rock\n|-fieldstart|move: Psychic Terrain|[from] ability: Psychic Surge|[of] p1a: Tapu Lele\n|move|p2a: Urshifu|Surging Strikes|p1a: Tapu Lele\n|-crit|p1a: Tapu Lele\n|-damage|p1a: Tapu Lele|3\/100\n|-crit|p1a: Tapu Lele\n|-damage|p1a: Tapu Lele|0 fnt\n|faint|p1a: Tapu Lele\n|-hitcount|p1: Tapu Lele|2\n|\n|-hint|Future Sight did not hit because the target is fainted.\n|upkeep\n|-message|Maitredouard2 forfeited.\n|\n|win|LT92PF rej\n|raw|Maitredouard2's rating: 1708 &rarr; <strong>1691<\/strong><br \/>(-17 for losing)\n|raw|LT92PF rej's rating: 1760 &rarr; <strong>1777<\/strong><br \/>(+17 for winning)\n|l|\u2606Maitredouard2\n|l|\u2606LT92PF rej\n","uploadtime":1660220196,"views":15,"p1id":"maitredouard2","p2id":"lt92pfrej","formatid":"gen8ou","rating":1691,"private":0,"password":null}