{"id":"gen8ou-1638752153","p1":"LT93OQ Lio","p2":"2(H2O)","format":"gen8ou","log":"|raw|<div class=\"broadcast-blue\"><strong>This battle is required to be public due to a player having a name starting with 'lt93oq'.<\/div>\n|j|\u2606LT93OQ Lio\n|j|\u26062(H2O)\n|t:|1660394632\n|gametype|singles\n|player|p1|LT93OQ Lio|2|1713\n|player|p2|2(H2O)|chase|1625\n|teamsize|p1|6\n|teamsize|p2|6\n|gen|8\n|tier|[Gen 8] OU\n|rated|\n|rule|Sleep Clause Mod: Limit one foe put to sleep\n|rule|Species Clause: Limit one of each Pok\u00e9mon\n|rule|OHKO Clause: OHKO moves are banned\n|rule|Evasion Items Clause: Evasion items are banned\n|rule|Evasion Moves Clause: Evasion moves are banned\n|rule|Endless Battle Clause: Forcing endless battles is banned\n|rule|HP Percentage Mod: HP is shown in percentages\n|rule|Dynamax Clause: You cannot dynamax\n|clearpoke\n|poke|p1|Pelipper, M|\n|poke|p1|Ferrothorn, F|\n|poke|p1|Barraskewda, F|\n|poke|p1|Zapdos|\n|poke|p1|Omastar, F|\n|poke|p1|Tapu Lele|\n|poke|p2|Tapu Lele|\n|poke|p2|Victini|\n|poke|p2|Melmetal|\n|poke|p2|Dragonite, M|\n|poke|p2|Landorus-Therian, M|\n|poke|p2|Urshifu-*, M|\n|teampreview\n|inactive|Battle timer is ON: inactive players will automatically lose when time's up. (requested by 2(H2O))\n|\n|t:|1660394651\n|start\n|switch|p1a: Pelipper|Pelipper, M|100\/100\n|switch|p2a: Tapu Lele|Tapu Lele|100\/100\n|-fieldstart|move: Psychic Terrain|[from] ability: Psychic Surge|[of] p2a: Tapu Lele\n|-weather|RainDance|[from] ability: Drizzle|[of] p1a: Pelipper\n|turn|1\n|\n|t:|1660394660\n|switch|p1a: Ferrothorn|Ferrothorn, F|100\/100\n|move|p2a: Tapu Lele|Future Sight|p1a: Ferrothorn\n|-start|p2a: Tapu Lele|move: Future Sight\n|\n|-weather|RainDance|[upkeep]\n|upkeep\n|turn|2\n|\n|t:|1660394664\n|switch|p2a: Urshifu|Urshifu-Rapid-Strike, M|100\/100\n|move|p1a: Ferrothorn|Knock Off|p2a: Urshifu\n|-resisted|p2a: Urshifu\n|-damage|p2a: Urshifu|89\/100\n|-enditem|p2a: Urshifu|Choice Band|[from] move: Knock Off|[of] p1a: Ferrothorn\n|\n|-weather|RainDance|[upkeep]\n|upkeep\n|turn|3\n|j| LT93OQ rej?\n|j| LT93OQ antisocial\n|\n|t:|1660394675\n|switch|p1a: Tapu Lele|Tapu Lele|100\/100\n|move|p2a: Urshifu|Close Combat|p1a: Tapu Lele\n|-resisted|p1a: Tapu Lele\n|-damage|p1a: Tapu Lele|75\/100\n|-unboost|p2a: Urshifu|def|1\n|-unboost|p2a: Urshifu|spd|1\n|\n|-weather|RainDance|[upkeep]\n|-end|p1a: Tapu Lele|move: Future Sight\n|-resisted|p1a: Tapu Lele\n|-damage|p1a: Tapu Lele|27\/100\n|upkeep\n|turn|4\n|l| LT93OQ antisocial\n|\n|t:|1660394685\n|switch|p2a: Victini|Victini|100\/100\n|switch|p1a: Pelipper|Pelipper, M|100\/100\n|\n|-weather|RainDance|[upkeep]\n|upkeep\n|turn|5\n|\n|t:|1660394693\n|switch|p1a: Ferrothorn|Ferrothorn, F|100\/100\n|move|p2a: Victini|Bolt Strike|p1a: Ferrothorn\n|-resisted|p1a: Ferrothorn\n|-damage|p1a: Ferrothorn|86\/100\n|-damage|p2a: Victini|88\/100|[from] ability: Iron Barbs|[of] p1a: Ferrothorn\n|\n|-weather|RainDance|[upkeep]\n|-heal|p1a: Ferrothorn|92\/100|[from] item: Leftovers\n|-fieldend|move: Psychic Terrain\n|upkeep\n|turn|6\n|\n|t:|1660394696\n|switch|p1a: Omastar|Omastar, F|100\/100\n|move|p2a: Victini|V-create|p1a: Omastar\n|-resisted|p1a: Omastar\n|-damage|p1a: Omastar|91\/100\n|-unboost|p2a: Victini|spe|1\n|-unboost|p2a: Victini|def|1\n|-unboost|p2a: Victini|spd|1\n|\n|-weather|RainDance|[upkeep]\n|upkeep\n|turn|7\n|\n|t:|1660394704\n|switch|p2a: Melmetal|Melmetal|100\/100\n|move|p1a: Omastar|Surf|p2a: Melmetal\n|-crit|p2a: Melmetal\n|-damage|p2a: Melmetal|24\/100\n|-damage|p1a: Omastar|81\/100|[from] item: Life Orb\n|\n|-weather|RainDance|[upkeep]\n|upkeep\n|turn|8\n|\n|t:|1660394709\n|move|p1a: Omastar|Surf|p2a: Melmetal\n|-damage|p2a: Melmetal|0 fnt\n|faint|p2a: Melmetal\n|-damage|p1a: Omastar|71\/100|[from] item: Life Orb\n|\n|-weather|none\n|upkeep\n|\n|t:|1660394712\n|switch|p2a: Urshifu|Urshifu-Rapid-Strike, M|89\/100\n|turn|9\n|j| chokst du\n|\n|t:|1660394716\n|switch|p1a: Pelipper|Pelipper, M|100\/100\n|-weather|RainDance|[from] ability: Drizzle|[of] p1a: Pelipper\n|move|p2a: Urshifu|Surging Strikes|p1a: Pelipper\n|-resisted|p1a: Pelipper\n|-crit|p1a: Pelipper\n|-damage|p1a: Pelipper|88\/100\n|-resisted|p1a: Pelipper\n|-crit|p1a: Pelipper\n|-damage|p1a: Pelipper|78\/100\n|-resisted|p1a: Pelipper\n|-crit|p1a: Pelipper\n|-damage|p1a: Pelipper|66\/100\n|-hitcount|p1a: Pelipper|3\n|\n|-weather|RainDance|[upkeep]\n|upkeep\n|turn|10\n|\n|t:|1660394724\n|move|p2a: Urshifu|Surging Strikes|p1a: Pelipper\n|-resisted|p1a: Pelipper\n|-crit|p1a: Pelipper\n|-damage|p1a: Pelipper|55\/100\n|-resisted|p1a: Pelipper\n|-crit|p1a: Pelipper\n|-damage|p1a: Pelipper|44\/100\n|-resisted|p1a: Pelipper\n|-crit|p1a: Pelipper\n|-damage|p1a: Pelipper|33\/100\n|-hitcount|p1a: Pelipper|3\n|move|p1a: Pelipper|U-turn|p2a: Urshifu\n|-resisted|p2a: Urshifu\n|-damage|p2a: Urshifu|86\/100\n|\n|t:|1660394727\n|switch|p1a: Zapdos|Zapdos|100\/100|[from]move: U-turn\n|\n|-weather|RainDance|[upkeep]\n|upkeep\n|turn|11\n|\n|t:|1660394734\n|switch|p2a: Landorus|Landorus-Therian, M|100\/100\n|-ability|p2a: Landorus|Intimidate|boost\n|-unboost|p1a: Zapdos|atk|1\n|move|p1a: Zapdos|Hurricane|p2a: Landorus\n|-damage|p2a: Landorus|62\/100\n|\n|-weather|RainDance|[upkeep]\n|-heal|p2a: Landorus|68\/100|[from] item: Leftovers\n|upkeep\n|turn|12\n|\n|t:|1660394737\n|move|p1a: Zapdos|Weather Ball|p2a: Landorus\n|-supereffective|p2a: Landorus\n|-damage|p2a: Landorus|0 fnt\n|faint|p2a: Landorus\n|\n|-weather|RainDance|[upkeep]\n|upkeep\n|\n|t:|1660394739\n|switch|p2a: Tapu Lele|Tapu Lele|100\/100\n|-fieldstart|move: Psychic Terrain|[from] ability: Psychic Surge|[of] p2a: Tapu Lele\n|turn|13\n|\n|t:|1660394749\n|switch|p1a: Tapu Lele|Tapu Lele|27\/100\n|move|p2a: Tapu Lele|Future Sight|p1a: Tapu Lele\n|-start|p2a: Tapu Lele|move: Future Sight\n|\n|-weather|RainDance|[upkeep]\n|upkeep\n|turn|14\n|\n|t:|1660394754\n|switch|p2a: Victini|Victini|88\/100\n|move|p1a: Tapu Lele|Thunder|p2a: Victini\n|-damage|p2a: Victini|25\/100\n|\n|-weather|RainDance|[upkeep]\n|upkeep\n|turn|15\n|\n|t:|1660394759\n|move|p2a: Victini|U-turn|p1a: Tapu Lele\n|-damage|p1a: Tapu Lele|0 fnt\n|faint|p1a: Tapu Lele\n|\n|t:|1660394763\n|switch|p2a: Tapu Lele|Tapu Lele|100\/100|[from]move: U-turn\n|\n|-weather|RainDance|[upkeep]\n|-hint|Future Sight did not hit because the target is fainted.\n|upkeep\n|\n|t:|1660394766\n|switch|p1a: Barraskewda|Barraskewda, F|100\/100\n|turn|16\n|\n|t:|1660394768\n|switch|p2a: Dragonite|Dragonite, M|100\/100\n|move|p1a: Barraskewda|Flip Turn|p2a: Dragonite\n|-resisted|p2a: Dragonite\n|-damage|p2a: Dragonite|88\/100\n|\n|t:|1660394783\n|switch|p1a: Omastar|Omastar, F|71\/100|[from]move: Flip Turn\n|\n|-weather|none\n|upkeep\n|turn|17\n|\n|t:|1660394788\n|switch|p1a: Pelipper|Pelipper, M|33\/100\n|-weather|RainDance|[from] ability: Drizzle|[of] p1a: Pelipper\n|switch|p2a: Urshifu|Urshifu-Rapid-Strike, M|86\/100\n|\n|-weather|RainDance|[upkeep]\n|-fieldend|move: Psychic Terrain\n|upkeep\n|turn|18\n|\n|t:|1660394796\n|move|p2a: Urshifu|Close Combat|p1a: Pelipper\n|-resisted|p1a: Pelipper\n|-damage|p1a: Pelipper|10\/100\n|-unboost|p2a: Urshifu|def|1\n|-unboost|p2a: Urshifu|spd|1\n|move|p1a: Pelipper|U-turn|p2a: Urshifu\n|-resisted|p2a: Urshifu\n|-damage|p2a: Urshifu|79\/100\n|\n|t:|1660394797\n|switch|p1a: Zapdos|Zapdos|100\/100|[from]move: U-turn\n|\n|-weather|RainDance|[upkeep]\n|upkeep\n|turn|19\n|\n|t:|1660394805\n|switch|p2a: Tapu Lele|Tapu Lele|100\/100\n|-fieldstart|move: Psychic Terrain|[from] ability: Psychic Surge|[of] p2a: Tapu Lele\n|move|p1a: Zapdos|Thunder|p2a: Tapu Lele\n|-damage|p2a: Tapu Lele|35\/100\n|\n|-weather|RainDance|[upkeep]\n|upkeep\n|turn|20\n|\n|t:|1660394820\n|move|p2a: Tapu Lele|Future Sight|p1a: Zapdos\n|-start|p2a: Tapu Lele|move: Future Sight\n|move|p1a: Zapdos|Thunder|p2a: Tapu Lele\n|-crit|p2a: Tapu Lele\n|-damage|p2a: Tapu Lele|0 fnt\n|faint|p2a: Tapu Lele\n|\n|-weather|RainDance|[upkeep]\n|upkeep\n|\n|t:|1660394826\n|switch|p2a: Urshifu|Urshifu-Rapid-Strike, M|79\/100\n|turn|21\n|\n|t:|1660394831\n|switch|p2a: Dragonite|Dragonite, M|88\/100\n|move|p1a: Zapdos|Thunder|p2a: Dragonite\n|-damage|p2a: Dragonite|44\/100\n|-status|p2a: Dragonite|par\n|\n|-weather|RainDance|[upkeep]\n|upkeep\n|turn|22\n|\n|t:|1660394836\n|move|p1a: Zapdos|Thunder|p2a: Dragonite\n|-damage|p2a: Dragonite|2\/100 par\n|move|p2a: Dragonite|Roost|p2a: Dragonite\n|-heal|p2a: Dragonite|52\/100 par\n|-singleturn|p2a: Dragonite|move: Roost\n|\n|-weather|RainDance|[upkeep]\n|-end|p1a: Zapdos|move: Future Sight\n|-damage|p1a: Zapdos|0 fnt\n|faint|p1a: Zapdos\n|upkeep\n|\n|t:|1660394841\n|switch|p1a: Omastar|Omastar, F|71\/100\n|turn|23\n|\n|t:|1660394844\n|switch|p2a: Urshifu|Urshifu-Rapid-Strike, M|79\/100\n|move|p1a: Omastar|Ice Beam|p2a: Urshifu\n|-resisted|p2a: Urshifu\n|-damage|p2a: Urshifu|47\/100\n|-damage|p1a: Omastar|61\/100|[from] item: Life Orb\n|\n|-weather|RainDance|[upkeep]\n|-fieldend|move: Psychic Terrain\n|upkeep\n|turn|24\n|\n|t:|1660394849\n|move|p1a: Omastar|Surf|p2a: Urshifu\n|-resisted|p2a: Urshifu\n|-damage|p2a: Urshifu|0 fnt\n|faint|p2a: Urshifu\n|-damage|p1a: Omastar|51\/100|[from] item: Life Orb\n|\n|-weather|none\n|upkeep\n|\n|t:|1660394851\n|switch|p2a: Victini|Victini|25\/100\n|turn|25\n|\n|t:|1660394854\n|switch|p1a: Pelipper|Pelipper, M|10\/100\n|-weather|RainDance|[from] ability: Drizzle|[of] p1a: Pelipper\n|move|p2a: Victini|Bolt Strike|p1a: Pelipper\n|-supereffective|p1a: Pelipper\n|-damage|p1a: Pelipper|0 fnt\n|faint|p1a: Pelipper\n|\n|-weather|RainDance|[upkeep]\n|upkeep\n|\n|t:|1660394858\n|switch|p1a: Omastar|Omastar, F|51\/100\n|turn|26\n|\n|t:|1660394860\n|move|p1a: Omastar|Surf|p2a: Victini\n|-supereffective|p2a: Victini\n|-damage|p2a: Victini|0 fnt\n|faint|p2a: Victini\n|-damage|p1a: Omastar|41\/100|[from] item: Life Orb\n|\n|-weather|RainDance|[upkeep]\n|upkeep\n|\n|t:|1660394862\n|switch|p2a: Dragonite|Dragonite, M|52\/100 par\n|turn|27\n|\n|t:|1660394865\n|move|p1a: Omastar|Ice Beam|p2a: Dragonite\n|-supereffective|p2a: Dragonite\n|-damage|p2a: Dragonite|0 fnt\n|faint|p2a: Dragonite\n|-damage|p1a: Omastar|31\/100|[from] item: Life Orb\n|\n|win|LT93OQ Lio\n|raw|LT93OQ Lio's rating: 1713 &rarr; <strong>1728<\/strong><br \/>(+15 for winning)\n|raw|2(H2O)'s rating: 1625 &rarr; <strong>1610<\/strong><br \/>(-15 for losing)\n|l|\u26062(H2O)\n||Ladder isn't responding, score probably updated but might not have (Request timeout).\n","uploadtime":1660394888,"views":72,"p1id":"lt93oqlio","p2id":"2h2o","formatid":"gen8ou","rating":1610,"private":0,"password":null}