{"id":"gen8ou-1691083192","p1":"majorsc2","p2":"HQSNonsense","format":"gen8ou","log":"|html|<div class=\"broadcast-blue\"><strong>[Gen 8] OU is currently suspecting Melmetal! For information on how to participate check out the <a href=\"https:\/\/www.smogon.com\/forums\/threads\/np-ss-ou-suspect-process-round-12-monster-mash.3709234\/\">suspect thread<\/a>.<\/strong><\/div>\n|j|\u2606majorsc2\n|j|\u2606HQSNonsense\n|t:|1666341062\n|gametype|singles\n|player|p1|majorsc2|liza|1477\n|player|p2|HQSNonsense|veteranf|1531\n|teamsize|p1|6\n|teamsize|p2|6\n|gen|8\n|tier|[Gen 8] OU\n|rated|\n|rule|Sleep Clause Mod: Limit one foe put to sleep\n|rule|Species Clause: Limit one of each Pok\u00e9mon\n|rule|OHKO Clause: OHKO moves are banned\n|rule|Evasion Items Clause: Evasion items are banned\n|rule|Evasion Moves Clause: Evasion moves are banned\n|rule|Endless Battle Clause: Forcing endless battles is banned\n|rule|HP Percentage Mod: HP is shown in percentages\n|rule|Dynamax Clause: You cannot dynamax\n|clearpoke\n|poke|p1|Rotom-Wash|\n|poke|p1|Weavile, F|\n|poke|p1|Landorus-Therian, M|\n|poke|p1|Heatran, M|\n|poke|p1|Tangrowth, M|\n|poke|p1|Melmetal|\n|poke|p2|Dragapult, F|\n|poke|p2|Weavile, F|\n|poke|p2|Rillaboom, M|\n|poke|p2|Nihilego|\n|poke|p2|Garchomp, M|\n|poke|p2|Celesteela|\n|teampreview\n|inactive|Battle timer is ON: inactive players will automatically lose when time's up. (requested by HQSNonsense)\n|j| Poawh\n|\n|t:|1666341080\n|start\n|switch|p1a: Landorus|Landorus-Therian, M|100\/100\n|switch|p2a: Garchomp|Garchomp, M|100\/100\n|-ability|p1a: Landorus|Intimidate|boost\n|-unboost|p2a: Garchomp|atk|1\n|turn|1\n|\n|t:|1666341085\n|move|p2a: Garchomp|Stealth Rock|p1a: Landorus\n|-sidestart|p1: majorsc2|move: Stealth Rock\n|move|p1a: Landorus|Toxic|p2a: Garchomp\n|-status|p2a: Garchomp|tox\n|\n|-damage|p2a: Garchomp|94\/100 tox|[from] psn\n|upkeep\n|turn|2\n|\n|t:|1666341091\n|move|p2a: Garchomp|Swords Dance|p2a: Garchomp\n|-boost|p2a: Garchomp|atk|2\n|move|p1a: Landorus|Defog|p2a: Garchomp\n|-unboost|p2a: Garchomp|evasion|1\n|-sideend|p1: majorsc2|Stealth Rock|[from] move: Defog|[of] p1a: Landorus\n|\n|-heal|p2a: Garchomp|100\/100 tox|[from] item: Leftovers\n|-damage|p2a: Garchomp|88\/100 tox|[from] psn\n|upkeep\n|turn|3\n|\n|t:|1666341099\n|move|p2a: Garchomp|Scale Shot|p1a: Landorus\n|-damage|p1a: Landorus|82\/100\n|-damage|p1a: Landorus|62\/100\n|-hitcount|p1a: Landorus|2\n|-unboost|p2a: Garchomp|def|1\n|-boost|p2a: Garchomp|spe|1\n|move|p1a: Landorus|Earthquake|p2a: Garchomp\n|-damage|p2a: Garchomp|19\/100 tox\n|\n|-heal|p2a: Garchomp|25\/100 tox|[from] item: Leftovers\n|-heal|p1a: Landorus|68\/100|[from] item: Leftovers\n|-damage|p2a: Garchomp|7\/100 tox|[from] psn\n|upkeep\n|turn|4\n|\n|t:|1666341106\n|switch|p1a: Tangrowth|Tangrowth, M|100\/100\n|move|p2a: Garchomp|Scale Shot|p1a: Tangrowth\n|-damage|p1a: Tangrowth|90\/100\n|-damage|p1a: Tangrowth|80\/100\n|-damage|p1a: Tangrowth|69\/100\n|-hitcount|p1a: Tangrowth|3\n|-unboost|p2a: Garchomp|def|1\n|-boost|p2a: Garchomp|spe|1\n|\n|-heal|p2a: Garchomp|13\/100 tox|[from] item: Leftovers\n|-damage|p2a: Garchomp|0 fnt|[from] psn\n|faint|p2a: Garchomp\n|upkeep\n|inactive|HQSNonsense has 120 seconds left.\n|\n|t:|1666341137\n|switch|p2a: Celesteela|Celesteela|100\/100\n|turn|5\n|\n|t:|1666341142\n|switch|p1a: Heatran|Heatran, M|100\/100\n|-item|p1a: Heatran|Air Balloon\n|move|p2a: Celesteela|Meteor Beam||[still]\n|-prepare|p2a: Celesteela|Meteor Beam\n|-boost|p2a: Celesteela|spa|1\n|-enditem|p2a: Celesteela|Power Herb\n|-anim|p2a: Celesteela|Meteor Beam|p1a: Heatran\n|-damage|p1a: Heatran|44\/100\n|-enditem|p1a: Heatran|Air Balloon\n|\n|upkeep\n|turn|6\n|\n|t:|1666341149\n|switch|p2a: Nihilego|Nihilego|100\/100\n|move|p1a: Heatran|Magma Storm|p2a: Nihilego|[miss]\n|-miss|p1a: Heatran|p2a: Nihilego\n|\n|upkeep\n|turn|7\n|\n|t:|1666341159\n|switch|p1a: Melmetal|Melmetal|100\/100\n|move|p2a: Nihilego|Meteor Beam||[still]\n|-prepare|p2a: Nihilego|Meteor Beam\n|-boost|p2a: Nihilego|spa|1\n|-enditem|p2a: Nihilego|Power Herb\n|-anim|p2a: Nihilego|Meteor Beam|p1a: Melmetal\n|-resisted|p1a: Melmetal\n|-damage|p1a: Melmetal|77\/100\n|\n|upkeep\n|turn|8\n|\n|t:|1666341173\n|switch|p2a: Celesteela|Celesteela|100\/100\n|move|p1a: Melmetal|Double Iron Bash|p2a: Celesteela\n|-resisted|p2a: Celesteela\n|-damage|p2a: Celesteela|81\/100\n|-resisted|p2a: Celesteela\n|-damage|p2a: Celesteela|61\/100\n|-hitcount|p2a: Celesteela|2\n|\n|upkeep\n|turn|9\n|\n|t:|1666341179\n|move|p2a: Celesteela|Autotomize|p2a: Celesteela\n|-boost|p2a: Celesteela|spe|2\n|-start|p2a: Celesteela|Autotomize\n|move|p1a: Melmetal|Thunder Punch|p2a: Celesteela\n|-supereffective|p2a: Celesteela\n|-damage|p2a: Celesteela|0 fnt\n|faint|p2a: Celesteela\n|\n|upkeep\n|\n|t:|1666341193\n|switch|p2a: Rillaboom|Rillaboom, M|100\/100\n|-fieldstart|move: Grassy Terrain|[from] ability: Grassy Surge|[of] p2a: Rillaboom\n|turn|10\n|\n|t:|1666341222\n|switch|p1a: Tangrowth|Tangrowth, M|100\/100\n|move|p2a: Rillaboom|Swords Dance|p2a: Rillaboom\n|-boost|p2a: Rillaboom|atk|2\n|\n|upkeep\n|turn|11\n|\n|t:|1666341225\n|move|p2a: Rillaboom|Swords Dance|p2a: Rillaboom\n|-boost|p2a: Rillaboom|atk|2\n|move|p1a: Tangrowth|Knock Off|p2a: Rillaboom\n|-damage|p2a: Rillaboom|77\/100\n|-enditem|p2a: Rillaboom|Life Orb|[from] move: Knock Off|[of] p1a: Tangrowth\n|\n|-heal|p2a: Rillaboom|83\/100|[from] Grassy Terrain\n|upkeep\n|turn|12\n|\n|t:|1666341237\n|switch|p1a: Landorus|Landorus-Therian, M|68\/100\n|-ability|p1a: Landorus|Intimidate|boost\n|-unboost|p2a: Rillaboom|atk|1\n|move|p2a: Rillaboom|Knock Off|p1a: Landorus\n|-crit|p1a: Landorus\n|-damage|p1a: Landorus|0 fnt\n|-enditem|p1a: Landorus|Leftovers|[from] move: Knock Off|[of] p2a: Rillaboom\n|faint|p1a: Landorus\n|\n|-heal|p2a: Rillaboom|90\/100|[from] Grassy Terrain\n|upkeep\n|\n|t:|1666341243\n|switch|p1a: Weavile|Weavile, F|100\/100\n|-ability|p1a: Weavile|Pressure\n|turn|13\n|\n|t:|1666341245\n|move|p1a: Weavile|Ice Shard|p2a: Rillaboom\n|-supereffective|p2a: Rillaboom\n|-damage|p2a: Rillaboom|26\/100\n|move|p2a: Rillaboom|Grassy Glide|p1a: Weavile\n|-damage|p1a: Weavile|0 fnt\n|faint|p1a: Weavile\n|\n|-heal|p2a: Rillaboom|32\/100|[from] Grassy Terrain\n|upkeep\n|\n|t:|1666341254\n|switch|p1a: Tangrowth|Tangrowth, M|100\/100\n|turn|14\n|\n|t:|1666341258\n|move|p2a: Rillaboom|Drain Punch|p1a: Tangrowth\n|-damage|p1a: Tangrowth|70\/100\n|-heal|p2a: Rillaboom|51\/100|[from] drain|[of] p1a: Tangrowth\n|-damage|p2a: Rillaboom|34\/100|[from] item: Rocky Helmet|[of] p1a: Tangrowth\n|move|p1a: Tangrowth|Focus Blast|p2a: Rillaboom|[miss]\n|-miss|p1a: Tangrowth|p2a: Rillaboom\n|\n|-heal|p2a: Rillaboom|40\/100|[from] Grassy Terrain\n|-heal|p1a: Tangrowth|76\/100|[from] Grassy Terrain\n|-fieldend|move: Grassy Terrain\n|upkeep\n|turn|15\n|\n|t:|1666341268\n|move|p2a: Rillaboom|Drain Punch|p1a: Tangrowth\n|-damage|p1a: Tangrowth|44\/100\n|-heal|p2a: Rillaboom|59\/100|[from] drain|[of] p1a: Tangrowth\n|-damage|p2a: Rillaboom|43\/100|[from] item: Rocky Helmet|[of] p1a: Tangrowth\n|move|p1a: Tangrowth|Focus Blast|p2a: Rillaboom|[miss]\n|-miss|p1a: Tangrowth|p2a: Rillaboom\n|\n|upkeep\n|turn|16\n|\n|t:|1666341277\n|move|p2a: Rillaboom|Knock Off|p1a: Tangrowth\n|-damage|p1a: Tangrowth|0 fnt\n|-damage|p2a: Rillaboom|27\/100|[from] item: Rocky Helmet|[of] p1a: Tangrowth\n|-enditem|p1a: Tangrowth|Rocky Helmet|[from] move: Knock Off|[of] p2a: Rillaboom\n|faint|p1a: Tangrowth\n|\n|upkeep\n|\n|t:|1666341282\n|switch|p1a: Heatran|Heatran, M|44\/100\n|turn|17\n|\n|t:|1666341285\n|move|p2a: Rillaboom|Drain Punch|p1a: Heatran\n|-supereffective|p1a: Heatran\n|-damage|p1a: Heatran|0 fnt\n|-heal|p2a: Rillaboom|47\/100|[from] drain|[of] p1a: Heatran\n|faint|p1a: Heatran\n|\n|upkeep\n|-message|majorsc2 forfeited.\n|\n|win|HQSNonsense\n|raw|majorsc2's rating: 1477 &rarr; <strong>1460<\/strong><br \/>(-17 for losing)\n|raw|HQSNonsense's rating: 1531 &rarr; <strong>1548<\/strong><br \/>(+17 for winning)\n|l|\u2606majorsc2\n","uploadtime":1666341294,"views":9,"p1id":"majorsc2","p2id":"hqsnonsense","formatid":"gen8ou","rating":1460,"private":0,"password":null}