{"id":"gen8ou-1657044484","p1":"PoobleMaster945","p2":"Shotintheheart","format":"gen8ou","log":"|j|\u2606PoobleMaster945\n|j|\u2606Shotintheheart\n|t:|1662417558\n|gametype|singles\n|player|p1|PoobleMaster945|pokemaniac|1658\n|player|p2|Shotintheheart|266|1729\n|teamsize|p1|6\n|teamsize|p2|6\n|gen|8\n|tier|[Gen 8] OU\n|rated|\n|rule|Sleep Clause Mod: Limit one foe put to sleep\n|rule|Species Clause: Limit one of each Pok\u00e9mon\n|rule|OHKO Clause: OHKO moves are banned\n|rule|Evasion Items Clause: Evasion items are banned\n|rule|Evasion Moves Clause: Evasion moves are banned\n|rule|Endless Battle Clause: Forcing endless battles is banned\n|rule|HP Percentage Mod: HP is shown in percentages\n|rule|Dynamax Clause: You cannot dynamax\n|clearpoke\n|poke|p1|Torkoal, M|\n|poke|p1|Venusaur, F|\n|poke|p1|Heliolisk, M|\n|poke|p1|Garchomp, M|\n|poke|p1|Mamoswine, M|\n|poke|p1|Volcanion|\n|poke|p2|Rillaboom, F|\n|poke|p2|Zapdos|\n|poke|p2|Obstagoon, M|\n|poke|p2|Heatran, M|\n|poke|p2|Tapu Fini|\n|poke|p2|Swampert, F|\n|teampreview\n|c|\u2606PoobleMaster945|glhf\n|j| KappaHalo\n|c|\u2606Shotintheheart|u2\n|\n|t:|1662417576\n|start\n|switch|p1a: Venus|Venusaur, F|100\/100\n|switch|p2a: Swampert|Swampert, F|100\/100\n|turn|1\n|\n|t:|1662417585\n|switch|p2a: Heatran|Heatran, M|100\/100\n|move|p1a: Venus|Giga Drain|p2a: Heatran\n|-resisted|p2a: Heatran\n|-damage|p2a: Heatran|89\/100\n|-damage|p1a: Venus|91\/100|[from] item: Life Orb\n|\n|upkeep\n|turn|2\n|\n|t:|1662417594\n|switch|p1a: Ol' Reliable|Volcanion|100\/100\n|move|p2a: Heatran|Toxic|p1a: Ol' Reliable\n|-status|p1a: Ol' Reliable|tox\n|\n|-damage|p1a: Ol' Reliable|95\/100 tox|[from] psn\n|upkeep\n|turn|3\n|\n|t:|1662417619\n|switch|p2a: Tapu Fini|Tapu Fini|100\/100\n|-fieldstart|move: Misty Terrain|[from] ability: Misty Surge|[of] p2a: Tapu Fini\n|move|p1a: Ol' Reliable|Steam Eruption|p2a: Tapu Fini\n|-resisted|p2a: Tapu Fini\n|-damage|p2a: Tapu Fini|79\/100\n|\n|-heal|p2a: Tapu Fini|85\/100|[from] item: Leftovers\n|-damage|p1a: Ol' Reliable|83\/100 tox|[from] psn\n|upkeep\n|turn|4\n|j| Ahamkeira\n|\n|t:|1662417653\n|switch|p1a: Torkool|Torkoal, M|100\/100\n|-weather|SunnyDay|[from] ability: Drought|[of] p1a: Torkool\n|switch|p2a: Swampert|Swampert, F|100\/100\n|\n|-weather|SunnyDay|[upkeep]\n|upkeep\n|turn|5\n|\n|t:|1662417697\n|switch|p1a: Venus|Venusaur, F|91\/100\n|move|p2a: Swampert|High Horsepower|p1a: Venus\n|-damage|p1a: Venus|47\/100\n|\n|-weather|SunnyDay|[upkeep]\n|upkeep\n|turn|6\n|\n|t:|1662417717\n|move|p1a: Venus|Growth|p1a: Venus\n|-boost|p1a: Venus|atk|2\n|-boost|p1a: Venus|spa|2\n|move|p2a: Swampert|High Horsepower|p1a: Venus\n|-damage|p1a: Venus|0 fnt\n|faint|p1a: Venus\n|\n|-weather|SunnyDay|[upkeep]\n|upkeep\n|\n|t:|1662417720\n|switch|p1a: Garchamp|Garchomp, M|100\/100\n|turn|7\n|\n|t:|1662417759\n|move|p1a: Garchamp|Swords Dance|p1a: Garchamp\n|-boost|p1a: Garchamp|atk|2\n|move|p2a: Swampert|Flip Turn|p1a: Garchamp\n|-damage|p1a: Garchamp|90\/100\n|-damage|p2a: Swampert|88\/100|[from] ability: Rough Skin|[of] p1a: Garchamp\n|j| I'll forfite\n|\n|t:|1662417793\n|switch|p2a: Rillaboom|Rillaboom, F|100\/100|[from]move: Flip Turn\n|-fieldstart|move: Grassy Terrain|[from] ability: Grassy Surge|[of] p2a: Rillaboom\n|\n|-weather|SunnyDay|[upkeep]\n|-heal|p1a: Garchamp|96\/100|[from] Grassy Terrain\n|-heal|p1a: Garchamp|100\/100|[from] item: Leftovers\n|upkeep\n|turn|8\n|\n|t:|1662417805\n|move|p2a: Rillaboom|Grassy Glide|p1a: Garchamp\n|-damage|p1a: Garchamp|33\/100\n|-damage|p2a: Rillaboom|88\/100|[from] ability: Rough Skin|[of] p1a: Garchamp\n|move|p1a: Garchamp|Fire Fang|p2a: Rillaboom\n|-supereffective|p2a: Rillaboom\n|-damage|p2a: Rillaboom|0 fnt\n|faint|p2a: Rillaboom\n|\n|-weather|SunnyDay|[upkeep]\n|-heal|p1a: Garchamp|39\/100|[from] Grassy Terrain\n|-heal|p1a: Garchamp|45\/100|[from] item: Leftovers\n|upkeep\n|j| ilc3999\n|\n|t:|1662417838\n|switch|p2a: Obstagoon|Obstagoon, M|100\/100\n|turn|9\n|l| ilc3999\n|\n|t:|1662417849\n|switch|p1a: Ol' Reliable|Volcanion|83\/100 tox\n|move|p2a: Obstagoon|Obstruct||[still]\n|-fail|p2a: Obstagoon\n|\n|-weather|SunnyDay|[upkeep]\n|-heal|p1a: Ol' Reliable|89\/100 tox|[from] Grassy Terrain\n|-damage|p1a: Ol' Reliable|83\/100 tox|[from] psn\n|-status|p2a: Obstagoon|brn|[from] item: Flame Orb\n|upkeep\n|turn|10\n|j| ilc3999\n|l| ilc3999\n|\n|t:|1662417864\n|move|p1a: Ol' Reliable|Flamethrower|p2a: Obstagoon\n|-damage|p2a: Obstagoon|14\/100 brn\n|move|p2a: Obstagoon|Facade|p1a: Ol' Reliable\n|-damage|p1a: Ol' Reliable|0 fnt\n|faint|p1a: Ol' Reliable\n|\n|-weather|SunnyDay|[upkeep]\n|-heal|p2a: Obstagoon|20\/100 brn|[from] Grassy Terrain\n|-damage|p2a: Obstagoon|14\/100 brn|[from] brn\n|upkeep\n|\n|t:|1662417873\n|switch|p1a: Mannieswine|Mamoswine, M|100\/100\n|turn|11\n|j| nublet2\n|\n|t:|1662417886\n|move|p1a: Mannieswine|Ice Shard|p2a: Obstagoon\n|-damage|p2a: Obstagoon|0 fnt\n|faint|p2a: Obstagoon\n|\n|-weather|none\n|-fieldend|move: Grassy Terrain\n|upkeep\n|\n|t:|1662417895\n|switch|p2a: Swampert|Swampert, F|88\/100\n|turn|12\n|\n|t:|1662417900\n|move|p1a: Mannieswine|Earthquake|p2a: Swampert\n|-damage|p2a: Swampert|41\/100\n|move|p2a: Swampert|Flip Turn|p1a: Mannieswine\n|-supereffective|p1a: Mannieswine\n|-damage|p1a: Mannieswine|53\/100\n|\n|t:|1662417908\n|switch|p2a: Heatran|Heatran, M|89\/100|[from]move: Flip Turn\n|\n|upkeep\n|turn|13\n|\n|t:|1662417909\n|move|p2a: Heatran|Eruption|p1a: Mannieswine\n|-supereffective|p1a: Mannieswine\n|-damage|p1a: Mannieswine|0 fnt\n|faint|p1a: Mannieswine\n|\n|upkeep\n|\n|t:|1662417915\n|switch|p1a: Garchamp|Garchomp, M|45\/100\n|turn|14\n|\n|t:|1662417918\n|move|p2a: Heatran|Eruption|p1a: Garchamp\n|-resisted|p1a: Garchamp\n|-damage|p1a: Garchamp|7\/100\n|move|p1a: Garchamp|Earthquake|p2a: Heatran\n|-supereffective|p2a: Heatran\n|-damage|p2a: Heatran|0 fnt\n|faint|p2a: Heatran\n|\n|-heal|p1a: Garchamp|13\/100|[from] item: Leftovers\n|upkeep\n|j| BaconBunz 1\n|j| yoyolord\n|l| BaconBunz 1\n|\n|t:|1662417931\n|switch|p2a: Zapdos|Zapdos, shiny|100\/100\n|turn|15\n|\n|t:|1662417934\n|move|p1a: Garchamp|Scale Shot|p2a: Zapdos\n|-damage|p2a: Zapdos|92\/100\n|-damage|p2a: Zapdos|83\/100\n|-hitcount|p2a: Zapdos|2\n|-unboost|p1a: Garchamp|def|1\n|-boost|p1a: Garchamp|spe|1\n|move|p2a: Zapdos|Hurricane|p1a: Garchamp\n|-damage|p1a: Garchamp|0 fnt\n|faint|p1a: Garchamp\n|\n|upkeep\n|\n|t:|1662417935\n|switch|p1a: Torkool|Torkoal, M|100\/100\n|-weather|SunnyDay|[from] ability: Drought|[of] p1a: Torkool\n|turn|16\n|\n|t:|1662417946\n|move|p2a: Zapdos|Volt Switch|p1a: Torkool\n|-damage|p1a: Torkool|64\/100\n|\n|t:|1662417953\n|switch|p2a: Tapu Fini|Tapu Fini|85\/100|[from]move: Volt Switch\n|-fieldstart|move: Misty Terrain|[from] ability: Misty Surge|[of] p2a: Tapu Fini\n|move|p1a: Torkool|Yawn|p2a: Tapu Fini\n|-start|p2a: Tapu Fini|move: Yawn|[of] p1a: Torkool\n|\n|-weather|SunnyDay|[upkeep]\n|-heal|p2a: Tapu Fini|91\/100|[from] item: Leftovers\n|upkeep\n|turn|17\n|\n|t:|1662417962\n|switch|p1a: Helios|Heliolisk, M, shiny|100\/100\n|move|p2a: Tapu Fini|Calm Mind|p2a: Tapu Fini\n|-boost|p2a: Tapu Fini|spa|1\n|-boost|p2a: Tapu Fini|spd|1\n|\n|-weather|SunnyDay|[upkeep]\n|-damage|p1a: Helios|88\/100|[from] ability: Solar Power|[of] p1a: Helios\n|-heal|p2a: Tapu Fini|97\/100|[from] item: Leftovers\n|-end|p2a: Tapu Fini|move: Yawn|[silent]\n|-activate|p2a: Tapu Fini|move: Misty Terrain\n|upkeep\n|turn|18\n|\n|t:|1662417973\n|move|p1a: Helios|Thunderbolt|p2a: Tapu Fini\n|-supereffective|p2a: Tapu Fini\n|-damage|p2a: Tapu Fini|27\/100\n|move|p2a: Tapu Fini|Draining Kiss|p1a: Helios\n|-damage|p1a: Helios|54\/100\n|-heal|p2a: Tapu Fini|47\/100|[from] drain|[of] p1a: Helios\n|\n|-weather|SunnyDay|[upkeep]\n|-damage|p1a: Helios|41\/100|[from] ability: Solar Power|[of] p1a: Helios\n|-heal|p2a: Tapu Fini|53\/100|[from] item: Leftovers\n|upkeep\n|turn|19\n|\n|t:|1662417983\n|switch|p1a: Torkool|Torkoal, M|64\/100\n|switch|p2a: Swampert|Swampert, F|41\/100\n|\n|-weather|SunnyDay|[upkeep]\n|-heal|p2a: Swampert|47\/100|[from] item: Leftovers\n|upkeep\n|turn|20\n|\n|t:|1662417989\n|move|p2a: Swampert|High Horsepower|p1a: Torkool\n|-supereffective|p1a: Torkool\n|-damage|p1a: Torkool|22\/100\n|move|p1a: Torkool|Yawn|p2a: Swampert\n|-start|p2a: Swampert|move: Yawn|[of] p1a: Torkool\n|\n|-weather|SunnyDay|[upkeep]\n|-heal|p2a: Swampert|53\/100|[from] item: Leftovers\n|-fieldend|Misty Terrain\n|upkeep\n|turn|21\n|\n|t:|1662418000\n|move|p1a: Torkool|Protect|p1a: Torkool\n|-singleturn|p1a: Torkool|Protect\n|move|p2a: Swampert|Flip Turn|p1a: Torkool\n|-activate|p1a: Torkool|move: Protect\n|\n|-weather|SunnyDay|[upkeep]\n|-heal|p2a: Swampert|60\/100|[from] item: Leftovers\n|-end|p2a: Swampert|move: Yawn|[silent]\n|-status|p2a: Swampert|slp\n|upkeep\n|turn|22\n|\n|t:|1662418003\n|switch|p1a: Helios|Heliolisk, M, shiny|41\/100\n|cant|p2a: Swampert|slp\n|\n|-weather|SunnyDay|[upkeep]\n|-damage|p1a: Helios|29\/100|[from] ability: Solar Power|[of] p1a: Helios\n|-heal|p2a: Swampert|66\/100 slp|[from] item: Leftovers\n|upkeep\n|turn|23\n|\n|t:|1662418009\n|switch|p2a: Zapdos|Zapdos, shiny|83\/100\n|move|p1a: Helios|Hyper Voice|p2a: Zapdos\n|-damage|p2a: Zapdos|25\/100\n|\n|-weather|none\n|upkeep\n|turn|24\n|l| KappaHalo\n|\n|t:|1662418020\n|move|p1a: Helios|Hyper Voice|p2a: Zapdos\n|-damage|p2a: Zapdos|0 fnt\n|faint|p2a: Zapdos\n|\n|upkeep\n|j| KappaHalo\n|l| KappaHalo\n|\n|t:|1662418025\n|switch|p2a: Tapu Fini|Tapu Fini|53\/100\n|-fieldstart|move: Misty Terrain|[from] ability: Misty Surge|[of] p2a: Tapu Fini\n|turn|25\n|\n|t:|1662418030\n|switch|p1a: Torkool|Torkoal, M|22\/100\n|-weather|SunnyDay|[from] ability: Drought|[of] p1a: Torkool\n|move|p2a: Tapu Fini|Scald|p1a: Torkool\n|-supereffective|p1a: Torkool\n|-damage|p1a: Torkool|0 fnt\n|faint|p1a: Torkool\n|\n|-weather|SunnyDay|[upkeep]\n|-heal|p2a: Tapu Fini|59\/100|[from] item: Leftovers\n|upkeep\n|\n|t:|1662418031\n|switch|p1a: Helios|Heliolisk, M, shiny|29\/100\n|turn|26\n|\n|t:|1662418037\n|move|p1a: Helios|Hyper Voice|p2a: Tapu Fini\n|-damage|p2a: Tapu Fini|6\/100\n|move|p2a: Tapu Fini|Draining Kiss|p1a: Helios\n|-damage|p1a: Helios|6\/100\n|-heal|p2a: Tapu Fini|20\/100|[from] drain|[of] p1a: Helios\n|\n|-weather|SunnyDay|[upkeep]\n|-damage|p1a: Helios|0 fnt|[from] ability: Solar Power|[of] p1a: Helios\n|faint|p1a: Helios\n|\n|win|Shotintheheart\n|upkeep\n|raw|PoobleMaster945's rating: 1658 &rarr; <strong>1642<\/strong><br \/>(-16 for losing)\n|raw|Shotintheheart's rating: 1729 &rarr; <strong>1745<\/strong><br \/>(+16 for winning)\n|c|\u2606PoobleMaster945|gg wp\n|c|\u2606Shotintheheart|gg\n|c|\u2606Shotintheheart|u2\n|l|\u2606Shotintheheart\n|l|\u2606PoobleMaster945\n","uploadtime":1662418066,"views":54,"p1id":"pooblemaster945","p2id":"shotintheheart","formatid":"gen8ou","rating":1642,"private":0,"password":null}