{"id":"gen8ou-1669410047","p1":"thunderdog_32","p2":"Anibunnysomoney","format":"gen8ou","log":"|j|\u2606thunderdog_32\n|j|\u2606Anibunnysomoney\n|t:|1663724603\n|gametype|singles\n|player|p1|thunderdog_32|red|1439\n|player|p2|Anibunnysomoney|102|1469\n|teamsize|p1|6\n|teamsize|p2|6\n|gen|8\n|tier|[Gen 8] OU\n|rated|\n|rule|Sleep Clause Mod: Limit one foe put to sleep\n|rule|Species Clause: Limit one of each Pok\u00e9mon\n|rule|OHKO Clause: OHKO moves are banned\n|rule|Evasion Items Clause: Evasion items are banned\n|rule|Evasion Moves Clause: Evasion moves are banned\n|rule|Endless Battle Clause: Forcing endless battles is banned\n|rule|HP Percentage Mod: HP is shown in percentages\n|rule|Dynamax Clause: You cannot dynamax\n|clearpoke\n|poke|p1|Melmetal|\n|poke|p1|Landorus-Therian, M|\n|poke|p1|Blissey, F|\n|poke|p1|Tapu Fini|\n|poke|p1|Buzzwole|\n|poke|p1|Victini|\n|poke|p2|Mew|\n|poke|p2|Terrakion|\n|poke|p2|Skarmory, F|\n|poke|p2|Seismitoad, M|\n|poke|p2|Tyranitar, F|\n|poke|p2|Dragapult, M|\n|teampreview\n|inactive|Battle timer is ON: inactive players will automatically lose when time's up. (requested by thunderdog_32)\n|\n|t:|1663724626\n|start\n|switch|p1a: Tapu Fini|Tapu Fini|100\/100\n|switch|p2a: Mew|Mew, shiny|100\/100\n|-fieldstart|move: Misty Terrain|[from] ability: Misty Surge|[of] p1a: Tapu Fini\n|turn|1\n|\n|t:|1663724631\n|move|p2a: Mew|Trick|p1a: Tapu Fini\n|-activate|p2a: Mew|move: Trick|[of] p1a: Tapu Fini\n|-item|p1a: Tapu Fini|Choice Scarf|[from] move: Trick\n|-item|p2a: Mew|Choice Scarf|[from] move: Trick\n|move|p1a: Tapu Fini|Trick|p2a: Mew\n|-activate|p1a: Tapu Fini|move: Trick|[of] p2a: Mew\n|-item|p2a: Mew|Choice Scarf|[from] move: Trick\n|-item|p1a: Tapu Fini|Choice Scarf|[from] move: Trick\n|\n|upkeep\n|turn|2\n|c|\u2606thunderdog_32|Lol\n|\n|t:|1663724654\n|move|p2a: Mew|Ice Beam|p1a: Tapu Fini\n|-resisted|p1a: Tapu Fini\n|-damage|p1a: Tapu Fini|91\/100\n|move|p1a: Tapu Fini|Moonblast|p2a: Mew\n|-damage|p2a: Mew|69\/100\n|\n|upkeep\n|turn|3\n|\n|t:|1663724666\n|switch|p2a: Seismitoad|Seismitoad, M, shiny|100\/100\n|move|p1a: Tapu Fini|Moonblast|p2a: Seismitoad\n|-damage|p2a: Seismitoad|79\/100\n|-unboost|p2a: Seismitoad|spa|1\n|\n|-heal|p2a: Seismitoad|86\/100|[from] item: Leftovers\n|upkeep\n|turn|4\n|\n|t:|1663724680\n|switch|p1a: Melmetal|Melmetal|100\/100\n|move|p2a: Seismitoad|Stealth Rock|p1a: Melmetal\n|-sidestart|p1: thunderdog_32|move: Stealth Rock\n|\n|-heal|p2a: Seismitoad|92\/100|[from] item: Leftovers\n|upkeep\n|turn|5\n|\n|t:|1663724686\n|switch|p1a: Blissey|Blissey, F|100\/100\n|move|p2a: Seismitoad|Scald|p1a: Blissey\n|-damage|p1a: Blissey|94\/100\n|\n|-heal|p2a: Seismitoad|98\/100|[from] item: Leftovers\n|-fieldend|Misty Terrain\n|upkeep\n|turn|6\n|\n|t:|1663724690\n|move|p2a: Seismitoad|Knock Off|p1a: Blissey\n|-damage|p1a: Blissey|77\/100\n|-enditem|p1a: Blissey|Heavy-Duty Boots|[from] move: Knock Off|[of] p2a: Seismitoad\n|move|p1a: Blissey|Stealth Rock|p2a: Seismitoad\n|-sidestart|p2: Anibunnysomoney|move: Stealth Rock\n|\n|-heal|p2a: Seismitoad|100\/100|[from] item: Leftovers\n|upkeep\n|turn|7\n|\n|t:|1663724697\n|switch|p2a: Skarmory|Skarmory, F|100\/100\n|-damage|p2a: Skarmory|88\/100|[from] Stealth Rock\n|move|p1a: Blissey|Seismic Toss|p2a: Skarmory\n|-damage|p2a: Skarmory|58\/100\n|-damage|p1a: Blissey|60\/100|[from] item: Rocky Helmet|[of] p2a: Skarmory\n|\n|upkeep\n|turn|8\n|\n|t:|1663724703\n|move|p2a: Skarmory|Body Press|p1a: Blissey\n|-supereffective|p1a: Blissey\n|-damage|p1a: Blissey|8\/100\n|move|p1a: Blissey|Soft-Boiled|p1a: Blissey\n|-heal|p1a: Blissey|58\/100\n|\n|upkeep\n|turn|9\n|\n|t:|1663724716\n|switch|p1a: Buzzwole|Buzzwole|100\/100\n|-damage|p1a: Buzzwole|88\/100|[from] Stealth Rock\n|move|p2a: Skarmory|Body Press|p1a: Buzzwole\n|-resisted|p1a: Buzzwole\n|-damage|p1a: Buzzwole|77\/100\n|-damage|p2a: Skarmory|42\/100|[from] item: Rocky Helmet|[of] p1a: Buzzwole\n|\n|upkeep\n|turn|10\n|\n|t:|1663724723\n|switch|p1a: Tapu Fini|Tapu Fini|91\/100\n|-damage|p1a: Tapu Fini|78\/100|[from] Stealth Rock\n|-fieldstart|move: Misty Terrain|[from] ability: Misty Surge|[of] p1a: Tapu Fini\n|move|p2a: Skarmory|Roost|p2a: Skarmory\n|-heal|p2a: Skarmory|92\/100\n|-singleturn|p2a: Skarmory|move: Roost\n|\n|upkeep\n|turn|11\n|\n|t:|1663724732\n|move|p1a: Tapu Fini|Trick|p2a: Skarmory\n|-activate|p1a: Tapu Fini|move: Trick|[of] p2a: Skarmory\n|-item|p2a: Skarmory|Choice Scarf|[from] move: Trick\n|-item|p1a: Tapu Fini|Rocky Helmet|[from] move: Trick\n|move|p2a: Skarmory|Roost|p2a: Skarmory\n|-heal|p2a: Skarmory|100\/100\n|-singleturn|p2a: Skarmory|move: Roost\n|\n|upkeep\n|turn|12\n|\n|t:|1663724756\n|switch|p2a: Seismitoad|Seismitoad, M, shiny|100\/100\n|-damage|p2a: Seismitoad|94\/100|[from] Stealth Rock\n|move|p1a: Tapu Fini|Defog|p2a: Seismitoad\n|-unboost|p2a: Seismitoad|evasion|1\n|-sideend|p2: Anibunnysomoney|Stealth Rock|[from] move: Defog|[of] p1a: Tapu Fini\n|-sideend|p1: thunderdog_32|Stealth Rock|[from] move: Defog|[of] p1a: Tapu Fini\n|-fieldend|Misty Terrain\n|\n|-heal|p2a: Seismitoad|100\/100|[from] item: Leftovers\n|upkeep\n|turn|13\n|inactive|Anibunnysomoney has 120 seconds left.\n|\n|t:|1663724778\n|move|p1a: Tapu Fini|Moonblast|p2a: Seismitoad\n|-damage|p2a: Seismitoad|77\/100\n|move|p2a: Seismitoad|Toxic|p1a: Tapu Fini\n|-status|p1a: Tapu Fini|tox\n|\n|-heal|p2a: Seismitoad|83\/100|[from] item: Leftovers\n|-damage|p1a: Tapu Fini|72\/100 tox|[from] psn\n|upkeep\n|turn|14\n|inactive|Anibunnysomoney has 120 seconds left.\n|\n|t:|1663724788\n|move|p1a: Tapu Fini|Moonblast|p2a: Seismitoad\n|-crit|p2a: Seismitoad\n|-damage|p2a: Seismitoad|48\/100\n|move|p2a: Seismitoad|Stealth Rock|p1a: Tapu Fini\n|-sidestart|p1: thunderdog_32|move: Stealth Rock\n|\n|-heal|p2a: Seismitoad|54\/100|[from] item: Leftovers\n|-damage|p1a: Tapu Fini|60\/100 tox|[from] psn\n|upkeep\n|turn|15\n|\n|t:|1663724793\n|move|p1a: Tapu Fini|Defog|p2a: Seismitoad\n|-unboost|p2a: Seismitoad|evasion|1\n|-sideend|p1: thunderdog_32|Stealth Rock|[from] move: Defog|[of] p1a: Tapu Fini\n|move|p2a: Seismitoad|Knock Off|p1a: Tapu Fini\n|-resisted|p1a: Tapu Fini\n|-damage|p1a: Tapu Fini|52\/100 tox\n|-damage|p2a: Seismitoad|37\/100|[from] item: Rocky Helmet|[of] p1a: Tapu Fini\n|-enditem|p1a: Tapu Fini|Rocky Helmet|[from] move: Knock Off|[of] p2a: Seismitoad\n|\n|-heal|p2a: Seismitoad|43\/100|[from] item: Leftovers\n|-damage|p1a: Tapu Fini|34\/100 tox|[from] psn\n|upkeep\n|turn|16\n|\n|t:|1663724798\n|move|p1a: Tapu Fini|Moonblast|p2a: Seismitoad\n|-damage|p2a: Seismitoad|19\/100\n|move|p2a: Seismitoad|Stealth Rock|p1a: Tapu Fini\n|-sidestart|p1: thunderdog_32|move: Stealth Rock\n|\n|-heal|p2a: Seismitoad|25\/100|[from] item: Leftovers\n|-damage|p1a: Tapu Fini|9\/100 tox|[from] psn\n|upkeep\n|turn|17\n|\n|t:|1663724803\n|switch|p2a: Skarmory|Skarmory, F|100\/100\n|move|p1a: Tapu Fini|Defog|p2a: Skarmory\n|-unboost|p2a: Skarmory|evasion|1\n|-sideend|p1: thunderdog_32|Stealth Rock|[from] move: Defog|[of] p1a: Tapu Fini\n|\n|-damage|p1a: Tapu Fini|0 fnt|[from] psn\n|faint|p1a: Tapu Fini\n|upkeep\n|\n|t:|1663724815\n|switch|p1a: Victini|Victini|100\/100\n|turn|18\n|\n|t:|1663724825\n|switch|p2a: Seismitoad|Seismitoad, M, shiny|25\/100\n|move|p1a: Victini|Glaciate|p2a: Seismitoad\n|-crit|p2a: Seismitoad\n|-damage|p2a: Seismitoad|11\/100\n|-unboost|p2a: Seismitoad|spe|1\n|\n|-heal|p2a: Seismitoad|17\/100|[from] item: Leftovers\n|upkeep\n|turn|19\n|\n|t:|1663724833\n|move|p1a: Victini|U-turn|p2a: Seismitoad\n|-damage|p2a: Seismitoad|0 fnt\n|faint|p2a: Seismitoad\n|\n|t:|1663724844\n|switch|p1a: Landorus|Landorus-Therian, M|100\/100|[from]move: U-turn\n|\n|upkeep\n|\n|t:|1663724847\n|switch|p2a: Mew|Mew, shiny|69\/100\n|turn|20\n|\n|t:|1663724853\n|switch|p1a: Melmetal|Melmetal|100\/100\n|move|p2a: Mew|Trick|p1a: Melmetal\n|-activate|p2a: Mew|move: Trick|[of] p1a: Melmetal\n|-item|p1a: Melmetal|Choice Scarf|[from] move: Trick\n|-item|p2a: Mew|Assault Vest|[from] move: Trick\n|\n|upkeep\n|turn|21\n|\n|t:|1663724877\n|switch|p2a: Skarmory|Skarmory, F|100\/100\n|move|p1a: Melmetal|Double Iron Bash|p2a: Skarmory\n|-resisted|p2a: Skarmory\n|-damage|p2a: Skarmory|89\/100\n|-resisted|p2a: Skarmory\n|-damage|p2a: Skarmory|80\/100\n|-hitcount|p2a: Skarmory|2\n|\n|upkeep\n|turn|22\n|\n|t:|1663724889\n|switch|p1a: Victini|Victini|100\/100\n|move|p2a: Skarmory|Body Press|p1a: Victini\n|-resisted|p1a: Victini\n|-damage|p1a: Victini|85\/100\n|\n|upkeep\n|turn|23\n|\n|t:|1663724899\n|switch|p2a: Mew|Mew, shiny|69\/100\n|move|p1a: Victini|Glaciate|p2a: Mew\n|-damage|p2a: Mew|60\/100\n|-unboost|p2a: Mew|spe|1\n|\n|upkeep\n|turn|24\n|inactive|Anibunnysomoney has 120 seconds left.\n|inactive|thunderdog_32 has 120 seconds left.\n|\n|t:|1663724940\n|move|p1a: Victini|V-create|p2a: Mew\n|-damage|p2a: Mew|0 fnt\n|-unboost|p1a: Victini|spe|1\n|-unboost|p1a: Victini|def|1\n|-unboost|p1a: Victini|spd|1\n|faint|p2a: Mew\n|\n|upkeep\n|\n|t:|1663724947\n|switch|p2a: Tyranitar|Tyranitar, F|100\/100\n|-weather|Sandstorm|[from] ability: Sand Stream|[of] p2a: Tyranitar\n|turn|25\n|\n|t:|1663724953\n|switch|p1a: Buzzwole|Buzzwole|77\/100\n|move|p2a: Tyranitar|Ice Beam|p1a: Buzzwole\n|-damage|p1a: Buzzwole|41\/100\n|\n|-weather|Sandstorm|[upkeep]\n|-damage|p1a: Buzzwole|35\/100|[from] Sandstorm\n|upkeep\n|turn|26\n|\n|t:|1663724964\n|switch|p2a: Dragapult|Dragapult, M, shiny|100\/100\n|move|p1a: Buzzwole|Roost|p1a: Buzzwole\n|-heal|p1a: Buzzwole|85\/100\n|-singleturn|p1a: Buzzwole|move: Roost\n|\n|-weather|Sandstorm|[upkeep]\n|-damage|p2a: Dragapult|95\/100|[from] Sandstorm\n|-damage|p1a: Buzzwole|79\/100|[from] Sandstorm\n|upkeep\n|turn|27\n|\n|t:|1663724970\n|switch|p1a: Blissey|Blissey, F|58\/100\n|move|p2a: Dragapult|Dragon Darts|p1a: Blissey\n|-damage|p1a: Blissey|27\/100\n|-anim|p2a: Dragapult|Dragon Darts|p1a: Blissey\n|-damage|p1a: Blissey|0 fnt\n|faint|p1a: Blissey\n|\n|-weather|Sandstorm|[upkeep]\n|-damage|p2a: Dragapult|89\/100|[from] Sandstorm\n|upkeep\n|\n|t:|1663724974\n|switch|p1a: Melmetal|Melmetal|100\/100\n|turn|28\n|\n|t:|1663724982\n|switch|p2a: Skarmory|Skarmory, F|80\/100\n|move|p1a: Melmetal|Thunder Punch|p2a: Skarmory\n|-supereffective|p2a: Skarmory\n|-damage|p2a: Skarmory|44\/100\n|\n|-weather|Sandstorm|[upkeep]\n|upkeep\n|turn|29\n|\n|t:|1663724987\n|move|p1a: Melmetal|Thunder Punch|p2a: Skarmory\n|-supereffective|p2a: Skarmory\n|-damage|p2a: Skarmory|6\/100\n|move|p2a: Skarmory|Whirlwind|p1a: Melmetal\n|drag|p1a: Buzzwole|Buzzwole|79\/100\n|\n|-weather|none\n|upkeep\n|turn|30\n|\n|t:|1663724996\n|switch|p2a: Dragapult|Dragapult, M, shiny|89\/100\n|move|p1a: Buzzwole|Ice Punch|p2a: Dragapult\n|-supereffective|p2a: Dragapult\n|-damage|p2a: Dragapult|13\/100\n|\n|upkeep\n|turn|31\n|\n|t:|1663725007\n|switch|p1a: Melmetal|Melmetal|100\/100\n|move|p2a: Dragapult|Dragon Darts|p1a: Melmetal\n|-resisted|p1a: Melmetal\n|-damage|p1a: Melmetal|89\/100\n|-anim|p2a: Dragapult|Dragon Darts|p1a: Melmetal\n|-resisted|p1a: Melmetal\n|-damage|p1a: Melmetal|78\/100\n|\n|upkeep\n|turn|32\n|\n|t:|1663725024\n|switch|p2a: Skarmory|Skarmory, F|6\/100\n|move|p1a: Melmetal|Double Iron Bash|p2a: Skarmory\n|-resisted|p2a: Skarmory\n|-damage|p2a: Skarmory|0 fnt\n|faint|p2a: Skarmory\n|-hitcount|p2: Skarmory|1\n|\n|upkeep\n|\n|t:|1663725030\n|switch|p2a: Tyranitar|Tyranitar, F|100\/100\n|-weather|Sandstorm|[from] ability: Sand Stream|[of] p2a: Tyranitar\n|turn|33\n|\n|t:|1663725035\n|move|p2a: Tyranitar|Earth Power|p1a: Melmetal\n|-supereffective|p1a: Melmetal\n|-damage|p1a: Melmetal|41\/100\n|move|p1a: Melmetal|Double Iron Bash|p2a: Tyranitar\n|-supereffective|p2a: Tyranitar\n|-damage|p2a: Tyranitar|43\/100\n|-supereffective|p2a: Tyranitar\n|-damage|p2a: Tyranitar|0 fnt\n|faint|p2a: Tyranitar\n|-hitcount|p2: Tyranitar|2\n|\n|-weather|Sandstorm|[upkeep]\n|upkeep\n|-message|Anibunnysomoney forfeited.\n|\n|win|thunderdog_32\n|raw|thunderdog_32's rating: 1439 &rarr; <strong>1461<\/strong><br \/>(+22 for winning)\n|raw|Anibunnysomoney's rating: 1469 &rarr; <strong>1447<\/strong><br \/>(-22 for losing)\n|l|\u2606Anibunnysomoney\n||Ladder isn't responding, score probably updated but might not have (Request timeout).\n","uploadtime":1663725045,"views":2,"p1id":"thunderdog32","p2id":"anibunnysomoney","formatid":"gen8ou","rating":1447,"private":0,"password":null}