{"id":"gen8ou-1706139578","p1":"knexhawk2","p2":"BAN MELMETL","format":"gen8ou","log":"|j|\u2606knexhawk2\n|j|\u2606BAN MELMETL\n|inactive|Battle timer is ON: inactive players will automatically lose when time's up.\n|t:|1667951246\n|gametype|singles\n|player|p1|knexhawk2|benga|\n|player|p2|BAN MELMETL|preschooler|\n|teamsize|p1|6\n|teamsize|p2|6\n|gen|8\n|tier|[Gen 8] OU\n|rated|Tournament battle\n|rule|Sleep Clause Mod: Limit one foe put to sleep\n|rule|Species Clause: Limit one of each Pok\u00e9mon\n|rule|OHKO Clause: OHKO moves are banned\n|rule|Evasion Items Clause: Evasion items are banned\n|rule|Evasion Moves Clause: Evasion moves are banned\n|rule|Endless Battle Clause: Forcing endless battles is banned\n|rule|HP Percentage Mod: HP is shown in percentages\n|rule|Dynamax Clause: You cannot dynamax\n|clearpoke\n|poke|p1|Zamazenta-*|\n|poke|p1|Toxapex, M|\n|poke|p1|Skarmory, F|\n|poke|p1|Quagsire, M|\n|poke|p1|Dragonite, F|\n|poke|p1|Blissey, F|\n|poke|p2|Slowbro, F|\n|poke|p2|Mamoswine, F|\n|poke|p2|Blissey, F|\n|poke|p2|Salamence, F|\n|poke|p2|Blacephalon|\n|poke|p2|Buzzwole|\n|teampreview\n|inactive|BAN MELMETL also wants the timer to be on.\n|j|%htcl\n|j| Billaboom\n|j| Rosaism\n|j|+sufys12\n|j| natdexfunnn\n|j| SatelliteFifteen\n|c|\u2606knexhawk2|gl\n|j| GomerTristan\n|\n|t:|1667951271\n|start\n|switch|p1a: green bird|Skarmory, F, shiny|100\/100\n|switch|p2a: Slowbro|Slowbro, F|100\/100\n|turn|1\n|\n|t:|1667951282\n|switch|p1a: pink ass|Toxapex, M, shiny|100\/100\n|move|p2a: Slowbro|Trick|p1a: pink ass\n|-activate|p2a: Slowbro|move: Trick|[of] p1a: pink ass\n|-item|p1a: pink ass|Choice Scarf|[from] move: Trick\n|-item|p2a: Slowbro|Rocky Helmet|[from] move: Trick\n|\n|upkeep\n|turn|2\n|c|\u2606knexhawk2|ok\n|\n|t:|1667951296\n|move|p1a: pink ass|Light Screen|p1a: pink ass\n|-sidestart|p1: knexhawk2|move: Light Screen\n|move|p2a: Slowbro|Future Sight|p1a: pink ass\n|-start|p2a: Slowbro|move: Future Sight\n|\n|upkeep\n|turn|3\n|\n|t:|1667951303\n|switch|p1a: green bird|Skarmory, F, shiny|100\/100\n|switch|p2a: Mamoswine|Mamoswine, F, shiny|100\/100\n|\n|upkeep\n|turn|4\n|\n|t:|1667951314\n|switch|p2a: Slowbro|Slowbro, F|100\/100\n|move|p1a: green bird|Body Press|p2a: Slowbro\n|-resisted|p2a: Slowbro\n|-damage|p2a: Slowbro|89\/100\n|-damage|p1a: green bird|84\/100|[from] item: Rocky Helmet|[of] p2a: Slowbro\n|\n|-end|p1a: green bird|move: Future Sight\n|-resisted|p1a: green bird\n|-damage|p1a: green bird|69\/100\n|upkeep\n|turn|5\n|\n|t:|1667951319\n|move|p1a: green bird|Spikes|p2a: Slowbro\n|-sidestart|p2: BAN MELMETL|Spikes\n|move|p2a: Slowbro|Scald|p1a: green bird\n|-damage|p1a: green bird|50\/100\n|\n|upkeep\n|turn|6\n|\n|t:|1667951323\n|move|p1a: green bird|Roost|p1a: green bird\n|-heal|p1a: green bird|100\/100\n|-singleturn|p1a: green bird|move: Roost\n|move|p2a: Slowbro|Scald|p1a: green bird\n|-damage|p1a: green bird|80\/100\n|-status|p1a: green bird|brn\n|\n|-damage|p1a: green bird|74\/100 brn|[from] brn\n|-sideend|p1: knexhawk2|move: Light Screen\n|upkeep\n|turn|7\n|\n|t:|1667951342\n|switch|p1a: pink ass|Toxapex, M, shiny|100\/100\n|switch|p2a: Blissey|Blissey, F, shiny|100\/100\n|-damage|p2a: Blissey|88\/100|[from] Spikes\n|\n|-heal|p2a: Blissey|94\/100|[from] item: Leftovers\n|upkeep\n|turn|8\n|j| jasch95\n|inactive|BAN MELMETL has 120 seconds left.\n|\n|t:|1667951375\n|move|p2a: Blissey|Seismic Toss|p1a: pink ass\n|-damage|p1a: pink ass|68\/100\n|move|p1a: pink ass|Knock Off|p2a: Blissey\n|-damage|p2a: Blissey|79\/100\n|-enditem|p2a: Blissey|Leftovers|[from] move: Knock Off|[of] p1a: pink ass\n|\n|upkeep\n|turn|9\n|\n|t:|1667951382\n|switch|p1a: green bird|Skarmory, F, shiny|74\/100 brn\n|move|p2a: Blissey|Seismic Toss|p1a: green bird\n|-damage|p1a: green bird|44\/100 brn\n|\n|-damage|p1a: green bird|38\/100 brn|[from] brn\n|upkeep\n|turn|10\n|\n|t:|1667951387\n|move|p1a: green bird|Roost|p1a: green bird\n|-heal|p1a: green bird|88\/100 brn\n|-singleturn|p1a: green bird|move: Roost\n|move|p2a: Blissey|Seismic Toss|p1a: green bird\n|-damage|p1a: green bird|58\/100 brn\n|\n|-damage|p1a: green bird|52\/100 brn|[from] brn\n|upkeep\n|turn|11\n|\n|t:|1667951396\n|move|p1a: green bird|Roost|p1a: green bird\n|-heal|p1a: green bird|100\/100 brn\n|-singleturn|p1a: green bird|move: Roost\n|move|p2a: Blissey|Seismic Toss|p1a: green bird\n|-damage|p1a: green bird|71\/100 brn\n|\n|-damage|p1a: green bird|65\/100 brn|[from] brn\n|upkeep\n|turn|12\n|\n|t:|1667951404\n|switch|p1a: pink shit|Blissey, F|100\/100\n|move|p2a: Blissey|Stealth Rock|p1a: pink shit\n|-sidestart|p1: knexhawk2|move: Stealth Rock\n|\n|upkeep\n|turn|13\n|\n|t:|1667951409\n|move|p2a: Blissey|Toxic|p1a: pink shit\n|-status|p1a: pink shit|tox\n|move|p1a: pink shit|Stealth Rock|p2a: Blissey\n|-sidestart|p2: BAN MELMETL|move: Stealth Rock\n|\n|-damage|p1a: pink shit|94\/100 tox|[from] psn\n|upkeep\n|turn|14\n|j| spacemeatsheep\n|\n|t:|1667951417\n|-curestatus|p1a: pink shit|tox|[from] ability: Natural Cure\n|switch|p1a: knock off|Zamazenta-Crowned|100\/100\n|-damage|p1a: knock off|97\/100|[from] Stealth Rock\n|-ability|p1a: knock off|Dauntless Shield|boost\n|-boost|p1a: knock off|def|1\n|move|p2a: Blissey|Seismic Toss|p1a: knock off\n|-damage|p1a: knock off|72\/100\n|\n|upkeep\n|turn|15\n|j| ISimpForKlara\n|l| spacemeatsheep\n|inactive|BAN MELMETL has 120 seconds left.\n|l| GomerTristan\n|inactive|BAN MELMETL has 90 seconds left.\n|\n|t:|1667951483\n|switch|p1a: pink ass|Toxapex, M, shiny|100\/100\n|-damage|p1a: pink ass|88\/100|[from] Stealth Rock\n|switch|p2a: Salamence|Salamence, F, shiny|100\/100\n|-ability|p2a: Salamence|Intimidate|boost\n|-unboost|p1a: pink ass|atk|1\n|\n|upkeep\n|turn|16\n|inactive|BAN MELMETL has 90 seconds left.\n|\n|t:|1667951493\n|switch|p2a: Blissey|Blissey, F, shiny|79\/100\n|-damage|p2a: Blissey|67\/100|[from] Spikes\n|-damage|p2a: Blissey|55\/100|[from] Stealth Rock\n|move|p1a: pink ass|Knock Off|p2a: Blissey\n|-damage|p2a: Blissey|49\/100\n|\n|upkeep\n|turn|17\n|\n|t:|1667951497\n|switch|p1a: knock off|Zamazenta-Crowned|72\/100\n|-damage|p1a: knock off|69\/100|[from] Stealth Rock\n|-ability|p1a: knock off|Dauntless Shield|boost\n|-boost|p1a: knock off|def|1\n|move|p2a: Blissey|Soft-Boiled|p2a: Blissey\n|-heal|p2a: Blissey|99\/100\n|\n|upkeep\n|turn|18\n|\n|t:|1667951507\n|switch|p1a: pink ass|Toxapex, M, shiny|100\/100\n|-damage|p1a: pink ass|88\/100|[from] Stealth Rock\n|switch|p2a: Slowbro|Slowbro, F|100\/100\n|-damage|p2a: Slowbro|88\/100|[from] Spikes\n|-damage|p2a: Slowbro|76\/100|[from] Stealth Rock\n|\n|upkeep\n|turn|19\n|\n|t:|1667951524\n|move|p1a: pink ass|Knock Off|p2a: Slowbro\n|-supereffective|p2a: Slowbro\n|-damage|p2a: Slowbro|53\/100\n|-damage|p1a: pink ass|72\/100|[from] item: Rocky Helmet|[of] p2a: Slowbro\n|-enditem|p2a: Slowbro|Rocky Helmet|[from] move: Knock Off|[of] p1a: pink ass\n|move|p2a: Slowbro|Future Sight|p1a: pink ass\n|-start|p2a: Slowbro|move: Future Sight\n|\n|upkeep\n|turn|20\n|\n|t:|1667951538\n|switch|p1a: knock off|Zamazenta-Crowned|69\/100\n|-damage|p1a: knock off|65\/100|[from] Stealth Rock\n|-ability|p1a: knock off|Dauntless Shield|boost\n|-boost|p1a: knock off|def|1\n|move|p2a: Slowbro|Slack Off|p2a: Slowbro\n|-heal|p2a: Slowbro|100\/100\n|\n|upkeep\n|turn|21\n|\n|t:|1667951547\n|move|p1a: knock off|Rest|p1a: knock off\n|-status|p1a: knock off|slp|[from] move: Rest\n|-heal|p1a: knock off|100\/100 slp|[silent]\n|move|p2a: Slowbro|Scald|p1a: knock off\n|-damage|p1a: knock off|87\/100 slp\n|\n|-end|p1a: knock off|move: Future Sight\n|-damage|p1a: knock off|65\/100 slp\n|upkeep\n|turn|22\n|\n|t:|1667951563\n|switch|p1a: pink ass|Toxapex, M, shiny|100\/100\n|-damage|p1a: pink ass|88\/100|[from] Stealth Rock\n|move|p2a: Slowbro|Scald|p1a: pink ass\n|-resisted|p1a: pink ass\n|-damage|p1a: pink ass|77\/100\n|\n|upkeep\n|turn|23\n|\n|t:|1667951567\n|move|p1a: pink ass|Light Screen|p1a: pink ass\n|-sidestart|p1: knexhawk2|move: Light Screen\n|move|p2a: Slowbro|Scald|p1a: pink ass\n|-resisted|p1a: pink ass\n|-damage|p1a: pink ass|72\/100\n|-status|p1a: pink ass|brn\n|\n|-damage|p1a: pink ass|66\/100 brn|[from] brn\n|upkeep\n|turn|24\n|l| jasch95\n|\n|t:|1667951578\n|switch|p1a: green shit|Dragonite, F, shiny|100\/100\n|move|p2a: Slowbro|Trick|p1a: green shit\n|-activate|p2a: Slowbro|move: Trick|[of] p1a: green shit\n|-enditem|p1a: green shit|Heavy-Duty Boots|[silent]|[from] move: Trick\n|-item|p2a: Slowbro|Heavy-Duty Boots|[from] move: Trick\n|\n|upkeep\n|turn|25\n|\n|t:|1667951604\n|switch|p2a: Blissey|Blissey, F, shiny|99\/100\n|-damage|p2a: Blissey|86\/100|[from] Spikes\n|-damage|p2a: Blissey|74\/100|[from] Stealth Rock\n|move|p1a: green shit|Heal Bell|p1a: green shit\n|-activate|p1a: green shit|move: Heal Bell\n|-curestatus|p1: knock off|slp|[msg]\n|-curestatus|p1: pink ass|brn|[msg]\n|-curestatus|p1: green bird|brn|[msg]\n|\n|upkeep\n|turn|26\n|\n|t:|1667951617\n|switch|p1a: green bird|Skarmory, F, shiny|65\/100\n|-damage|p1a: green bird|52\/100|[from] Stealth Rock\n|move|p2a: Blissey|Soft-Boiled|p2a: Blissey\n|-heal|p2a: Blissey|100\/100\n|\n|upkeep\n|turn|27\n|\n|t:|1667951621\n|switch|p2a: Salamence|Salamence, F, shiny|100\/100\n|-ability|p2a: Salamence|Intimidate|boost\n|-unboost|p1a: green bird|atk|1\n|move|p1a: green bird|Roost|p1a: green bird\n|-heal|p1a: green bird|100\/100\n|-singleturn|p1a: green bird|move: Roost\n|\n|-sideend|p1: knexhawk2|move: Light Screen\n|upkeep\n|turn|28\n|\n|t:|1667951626\n|move|p2a: Salamence|Defog|p1a: green bird\n|-unboost|p1a: green bird|evasion|1\n|-sideend|p1: knexhawk2|Stealth Rock|[from] move: Defog|[of] p2a: Salamence\n|-sideend|p2: BAN MELMETL|Spikes|[from] move: Defog|[of] p2a: Salamence\n|-sideend|p2: BAN MELMETL|Stealth Rock|[from] move: Defog|[of] p2a: Salamence\n|move|p1a: green bird|Whirlwind|p2a: Salamence\n|drag|p2a: Mamoswine|Mamoswine, F, shiny|100\/100\n|\n|upkeep\n|turn|29\n|inactive|BAN MELMETL has 120 seconds left.\n|\n|t:|1667951638\n|switch|p2a: Blacephalon|Blacephalon, shiny|100\/100\n|move|p1a: green bird|Spikes|p2a: Blacephalon\n|-sidestart|p2: BAN MELMETL|Spikes\n|\n|upkeep\n|turn|30\n|inactive|BAN MELMETL has 120 seconds left.\n|\n|t:|1667951650\n|switch|p1a: pink ass|Toxapex, M, shiny|99\/100\n|move|p2a: Blacephalon|Shadow Ball|p1a: pink ass\n|-damage|p1a: pink ass|45\/100\n|\n|upkeep\n|turn|31\n|inactive|BAN MELMETL has 120 seconds left.\n|\n|t:|1667951662\n|switch|p2a: Blissey|Blissey, F, shiny|100\/100\n|-damage|p2a: Blissey|88\/100|[from] Spikes\n|switch|p1a: pink shit|Blissey, F|94\/100\n|\n|upkeep\n|turn|32\n|\n|t:|1667951670\n|move|p1a: pink shit|Stealth Rock|p2a: Blissey\n|-sidestart|p2: BAN MELMETL|move: Stealth Rock\n|move|p2a: Blissey|Stealth Rock|p1a: pink shit\n|-sidestart|p1: knexhawk2|move: Stealth Rock\n|\n|upkeep\n|turn|33\n|\n|t:|1667951674\n|move|p2a: Blissey|Toxic|p1a: pink shit|[miss]\n|-miss|p2a: Blissey|p1a: pink shit\n|move|p1a: pink shit|Toxic|p2a: Blissey\n|-status|p2a: Blissey|tox\n|\n|-damage|p2a: Blissey|82\/100 tox|[from] psn\n|upkeep\n|turn|34\n|\n|t:|1667951676\n|move|p1a: pink shit|Toxic|p2a: Blissey\n|-fail|p2a: Blissey|tox\n|move|p2a: Blissey|Toxic|p1a: pink shit\n|-status|p1a: pink shit|tox\n|\n|-damage|p2a: Blissey|70\/100 tox|[from] psn\n|-damage|p1a: pink shit|88\/100 tox|[from] psn\n|upkeep\n|turn|35\n|j| deskeedee(alt)\n|\n|t:|1667951705\n|move|p2a: Blissey|Soft-Boiled|p2a: Blissey\n|-heal|p2a: Blissey|100\/100 tox\n|move|p1a: pink shit|Toxic|p2a: Blissey|[miss]\n|-miss|p1a: pink shit|p2a: Blissey\n|\n|-damage|p2a: Blissey|82\/100 tox|[from] psn\n|-damage|p1a: pink shit|76\/100 tox|[from] psn\n|upkeep\n|turn|36\n|inactive|BAN MELMETL has 120 seconds left.\n|\n|t:|1667951724\n|move|p2a: Blissey|Seismic Toss|p1a: pink shit\n|-damage|p1a: pink shit|62\/100 tox\n|move|p1a: pink shit|Toxic|p2a: Blissey\n|-fail|p2a: Blissey|tox\n|\n|-damage|p1a: pink shit|43\/100 tox|[from] psn\n|-damage|p2a: Blissey|57\/100 tox|[from] psn\n|upkeep\n|turn|37\n|\n|t:|1667951732\n|move|p2a: Blissey|Soft-Boiled|p2a: Blissey\n|-heal|p2a: Blissey|100\/100 tox\n|move|p1a: pink shit|Soft-Boiled|p1a: pink shit\n|-heal|p1a: pink shit|93\/100 tox\n|\n|-damage|p2a: Blissey|70\/100 tox|[from] psn\n|-damage|p1a: pink shit|69\/100 tox|[from] psn\n|upkeep\n|turn|38\n|inactive|BAN MELMETL has 120 seconds left.\n|\n|t:|1667951762\n|-curestatus|p1a: pink shit|tox|[from] ability: Natural Cure\n|switch|p1a: pink ass|Toxapex, M, shiny|78\/100\n|-damage|p1a: pink ass|65\/100|[from] Stealth Rock\n|move|p2a: Blissey|Soft-Boiled|p2a: Blissey\n|-heal|p2a: Blissey|100\/100 tox\n|\n|-damage|p2a: Blissey|64\/100 tox|[from] psn\n|upkeep\n|turn|39\n|\n|t:|1667951779\n|-curestatus|p2a: Blissey|tox|[from] ability: Natural Cure\n|switch|p2a: Slowbro|Slowbro, F|100\/100\n|move|p1a: pink ass|Knock Off|p2a: Slowbro\n|-supereffective|p2a: Slowbro\n|-damage|p2a: Slowbro|80\/100\n|-enditem|p2a: Slowbro|Heavy-Duty Boots|[from] move: Knock Off|[of] p1a: pink ass\n|\n|upkeep\n|turn|40\n|\n|t:|1667951787\n|switch|p1a: pink fuck|Quagsire, M, shiny|100\/100\n|-damage|p1a: pink fuck|94\/100|[from] Stealth Rock\n|move|p2a: Slowbro|Future Sight|p1a: pink fuck\n|-start|p2a: Slowbro|move: Future Sight\n|\n|-heal|p1a: pink fuck|100\/100|[from] item: Leftovers\n|upkeep\n|turn|41\n|l| natdexfunnn\n|\n|t:|1667951803\n|move|p1a: pink fuck|Toxic|p2a: Slowbro\n|-status|p2a: Slowbro|tox\n|move|p2a: Slowbro|Trick|p1a: pink fuck\n|-activate|p2a: Slowbro|move: Trick|[of] p1a: pink fuck\n|-enditem|p1a: pink fuck|Leftovers|[silent]|[from] move: Trick\n|-item|p2a: Slowbro|Leftovers|[from] move: Trick\n|\n|-heal|p2a: Slowbro|86\/100 tox|[from] item: Leftovers\n|-damage|p2a: Slowbro|80\/100 tox|[from] psn\n|upkeep\n|turn|42\n|\n|t:|1667951828\n|switch|p1a: pink shit|Blissey, F|69\/100\n|move|p2a: Slowbro|Scald|p1a: pink shit\n|-damage|p1a: pink shit|59\/100\n|\n|-end|p1a: pink shit|move: Future Sight\n|-damage|p1a: pink shit|44\/100\n|-heal|p2a: Slowbro|86\/100 tox|[from] item: Leftovers\n|-damage|p2a: Slowbro|74\/100 tox|[from] psn\n|upkeep\n|turn|43\n|\n|t:|1667951847\n|switch|p2a: Salamence|Salamence, F, shiny|100\/100\n|-ability|p2a: Salamence|Intimidate|boost\n|-unboost|p1a: pink shit|atk|1\n|move|p1a: pink shit|Toxic|p2a: Salamence\n|-status|p2a: Salamence|tox\n|\n|-damage|p2a: Salamence|94\/100 tox|[from] psn\n|upkeep\n|turn|44\n|\n|t:|1667951854\n|switch|p1a: pink ass|Toxapex, M, shiny|99\/100\n|-damage|p1a: pink ass|86\/100|[from] Stealth Rock\n|move|p2a: Salamence|Defog|p1a: pink ass\n|-unboost|p1a: pink ass|evasion|1\n|-sideend|p1: knexhawk2|Stealth Rock|[from] move: Defog|[of] p2a: Salamence\n|-sideend|p2: BAN MELMETL|Spikes|[from] move: Defog|[of] p2a: Salamence\n|-sideend|p2: BAN MELMETL|Stealth Rock|[from] move: Defog|[of] p2a: Salamence\n|\n|-damage|p2a: Salamence|82\/100 tox|[from] psn\n|upkeep\n|turn|45\n|\n|t:|1667951864\n|switch|p2a: Blissey|Blissey, F, shiny|64\/100\n|move|p1a: pink ass|Knock Off|p2a: Blissey\n|-damage|p2a: Blissey|53\/100\n|\n|upkeep\n|turn|46\n|\n|t:|1667951873\n|switch|p2a: Mamoswine|Mamoswine, F, shiny|100\/100\n|switch|p1a: pink shit|Blissey, F|44\/100\n|\n|upkeep\n|turn|47\n|inactive|BAN MELMETL has 120 seconds left.\n|\n|t:|1667951891\n|switch|p1a: green bird|Skarmory, F, shiny|100\/100\n|move|p2a: Mamoswine|Icicle Crash|p1a: green bird\n|-damage|p1a: green bird|57\/100\n|\n|upkeep\n|turn|48\n|\n|t:|1667951897\n|switch|p1a: pink ass|Toxapex, M, shiny|100\/100\n|move|p2a: Mamoswine|Icicle Crash|p1a: pink ass|[miss]\n|-miss|p2a: Mamoswine|p1a: pink ass\n|\n|upkeep\n|turn|49\n|\n|t:|1667951906\n|switch|p2a: Blissey|Blissey, F, shiny|53\/100\n|switch|p1a: pink shit|Blissey, F|44\/100\n|\n|upkeep\n|turn|50\n|inactive|BAN MELMETL has 120 seconds left.\n|\n|t:|1667951929\n|move|p1a: pink shit|Stealth Rock|p2a: Blissey\n|-sidestart|p2: BAN MELMETL|move: Stealth Rock\n|move|p2a: Blissey|Stealth Rock|p1a: pink shit\n|-sidestart|p1: knexhawk2|move: Stealth Rock\n|\n|upkeep\n|turn|51\n|\n|t:|1667951937\n|move|p2a: Blissey|Toxic|p1a: pink shit\n|-status|p1a: pink shit|tox\n|move|p1a: pink shit|Soft-Boiled|p1a: pink shit\n|-heal|p1a: pink shit|94\/100 tox\n|\n|-damage|p1a: pink shit|88\/100 tox|[from] psn\n|upkeep\n|turn|52\n|\n|t:|1667951942\n|-curestatus|p1a: pink shit|tox|[from] ability: Natural Cure\n|switch|p1a: pink ass|Toxapex, M, shiny|100\/100\n|-damage|p1a: pink ass|88\/100|[from] Stealth Rock\n|move|p2a: Blissey|Soft-Boiled|p2a: Blissey\n|-heal|p2a: Blissey|100\/100\n|\n|upkeep\n|turn|53\n|l| deskeedee(alt)\n|\n|t:|1667951971\n|move|p2a: Blissey|Seismic Toss|p1a: pink ass\n|-damage|p1a: pink ass|55\/100\n|move|p1a: pink ass|Scald|p2a: Blissey\n|-damage|p2a: Blissey|95\/100\n|\n|upkeep\n|turn|54\n|\n|t:|1667951978\n|switch|p1a: green bird|Skarmory, F, shiny|57\/100\n|-damage|p1a: green bird|45\/100|[from] Stealth Rock\n|move|p2a: Blissey|Toxic|p1a: green bird\n|-immune|p1a: green bird\n|\n|upkeep\n|turn|55\n|\n|t:|1667951986\n|move|p1a: green bird|Roost|p1a: green bird\n|-heal|p1a: green bird|95\/100\n|-singleturn|p1a: green bird|move: Roost\n|move|p2a: Blissey|Seismic Toss|p1a: green bird\n|-damage|p1a: green bird|65\/100\n|\n|upkeep\n|turn|56\n|inactive|BAN MELMETL has 120 seconds left.\n|inactive|BAN MELMETL has 90 seconds left.\n|\n|t:|1667952063\n|switch|p2a: Salamence|Salamence, F, shiny|82\/100 tox\n|-ability|p2a: Salamence|Intimidate|boost\n|-unboost|p1a: green bird|atk|1\n|move|p1a: green bird|Spikes|p2a: Salamence\n|-sidestart|p2: BAN MELMETL|Spikes\n|\n|-damage|p2a: Salamence|76\/100 tox|[from] psn\n|upkeep\n|turn|57\n|\n|t:|1667952069\n|switch|p1a: pink ass|Toxapex, M, shiny|88\/100\n|-damage|p1a: pink ass|76\/100|[from] Stealth Rock\n|move|p2a: Salamence|Flamethrower|p1a: pink ass\n|-resisted|p1a: pink ass\n|-damage|p1a: pink ass|68\/100\n|\n|-damage|p2a: Salamence|64\/100 tox|[from] psn\n|upkeep\n|turn|58\n|inactive|BAN MELMETL has 90 seconds left.\n|\n|t:|1667952075\n|switch|p2a: Blissey|Blissey, F, shiny|95\/100\n|-damage|p2a: Blissey|82\/100|[from] Stealth Rock\n|-damage|p2a: Blissey|70\/100|[from] Spikes\n|move|p1a: pink ass|Knock Off|p2a: Blissey\n|-damage|p2a: Blissey|61\/100\n|\n|upkeep\n|turn|59\n|inactive|BAN MELMETL has 90 seconds left.\n|\n|t:|1667952087\n|switch|p1a: green bird|Skarmory, F, shiny|65\/100\n|-damage|p1a: green bird|53\/100|[from] Stealth Rock\n|move|p2a: Blissey|Soft-Boiled|p2a: Blissey\n|-heal|p2a: Blissey|100\/100\n|\n|upkeep\n|turn|60\n|\n|t:|1667952090\n|switch|p2a: Salamence|Salamence, F, shiny|64\/100 tox\n|-ability|p2a: Salamence|Intimidate|boost\n|-unboost|p1a: green bird|atk|1\n|move|p1a: green bird|Roost|p1a: green bird\n|-heal|p1a: green bird|100\/100\n|-singleturn|p1a: green bird|move: Roost\n|\n|-damage|p2a: Salamence|58\/100 tox|[from] psn\n|upkeep\n|turn|61\n|\n|t:|1667952094\n|switch|p1a: pink ass|Toxapex, M, shiny|100\/100\n|-damage|p1a: pink ass|88\/100|[from] Stealth Rock\n|move|p2a: Salamence|Defog|p1a: pink ass\n|-unboost|p1a: pink ass|evasion|1\n|-sideend|p1: knexhawk2|Stealth Rock|[from] move: Defog|[of] p2a: Salamence\n|-sideend|p2: BAN MELMETL|Spikes|[from] move: Defog|[of] p2a: Salamence\n|-sideend|p2: BAN MELMETL|Stealth Rock|[from] move: Defog|[of] p2a: Salamence\n|\n|-damage|p2a: Salamence|46\/100 tox|[from] psn\n|upkeep\n|turn|62\n|\n|t:|1667952097\n|switch|p2a: Blissey|Blissey, F, shiny|100\/100\n|move|p1a: pink ass|Knock Off|p2a: Blissey\n|-damage|p2a: Blissey|90\/100\n|\n|upkeep\n|turn|63\n|\n|t:|1667952102\n|switch|p1a: pink shit|Blissey, F|88\/100\n|move|p2a: Blissey|Toxic|p1a: pink shit\n|-status|p1a: pink shit|tox\n|\n|-damage|p1a: pink shit|82\/100 tox|[from] psn\n|upkeep\n|turn|64\n|\n|t:|1667952109\n|move|p2a: Blissey|Seismic Toss|p1a: pink shit\n|-damage|p1a: pink shit|68\/100 tox\n|move|p1a: pink shit|Stealth Rock|p2a: Blissey\n|-sidestart|p2: BAN MELMETL|move: Stealth Rock\n|\n|-damage|p1a: pink shit|56\/100 tox|[from] psn\n|upkeep\n|turn|65\n|\n|t:|1667952116\n|move|p1a: pink shit|Soft-Boiled|p1a: pink shit\n|-heal|p1a: pink shit|100\/100 tox\n|move|p2a: Blissey|Seismic Toss|p1a: pink shit\n|-damage|p1a: pink shit|86\/100 tox\n|\n|-damage|p1a: pink shit|68\/100 tox|[from] psn\n|upkeep\n|turn|66\n|\n|t:|1667952121\n|-curestatus|p1a: pink shit|tox|[from] ability: Natural Cure\n|switch|p1a: green bird|Skarmory, F, shiny|100\/100\n|move|p2a: Blissey|Seismic Toss|p1a: green bird\n|-damage|p1a: green bird|71\/100\n|\n|upkeep\n|turn|67\n|\n|t:|1667952132\n|switch|p2a: Buzzwole|Buzzwole, shiny|100\/100\n|-damage|p2a: Buzzwole|88\/100|[from] Stealth Rock\n|move|p1a: green bird|Body Press|p2a: Buzzwole\n|-resisted|p2a: Buzzwole\n|-damage|p2a: Buzzwole|80\/100\n|-damage|p1a: green bird|54\/100|[from] item: Rocky Helmet|[of] p2a: Buzzwole\n|\n|upkeep\n|turn|68\n|\n|t:|1667952136\n|switch|p1a: pink ass|Toxapex, M, shiny|100\/100\n|move|p2a: Buzzwole|Ice Punch|p1a: pink ass\n|-resisted|p1a: pink ass\n|-damage|p1a: pink ass|94\/100\n|\n|upkeep\n|turn|69\n|\n|t:|1667952147\n|switch|p2a: Slowbro|Slowbro, F|100\/100 tox\n|-damage|p2a: Slowbro|88\/100 tox|[from] Stealth Rock\n|move|p1a: pink ass|Knock Off|p2a: Slowbro\n|-supereffective|p2a: Slowbro\n|-damage|p2a: Slowbro|65\/100 tox\n|-enditem|p2a: Slowbro|Leftovers|[from] move: Knock Off|[of] p1a: pink ass\n|\n|-damage|p2a: Slowbro|59\/100 tox|[from] psn\n|upkeep\n|turn|70\n|\n|t:|1667952155\n|move|p1a: pink ass|Knock Off|p2a: Slowbro\n|-supereffective|p2a: Slowbro\n|-damage|p2a: Slowbro|43\/100 tox\n|move|p2a: Slowbro|Future Sight|p1a: pink ass\n|-start|p2a: Slowbro|move: Future Sight\n|\n|-damage|p2a: Slowbro|31\/100 tox|[from] psn\n|upkeep\n|turn|71\n|j| aursnes\n|\n|t:|1667952169\n|switch|p1a: green bird|Skarmory, F, shiny|54\/100\n|switch|p2a: Mamoswine|Mamoswine, F, shiny|100\/100\n|-damage|p2a: Mamoswine|88\/100|[from] Stealth Rock\n|\n|upkeep\n|turn|72\n|inactive|BAN MELMETL has 120 seconds left.\n|\n|t:|1667952211\n|move|p2a: Mamoswine|Icicle Crash|p1a: green bird\n|-damage|p1a: green bird|11\/100\n|move|p1a: green bird|Roost|p1a: green bird\n|-heal|p1a: green bird|61\/100\n|-singleturn|p1a: green bird|move: Roost\n|\n|-end|p1a: green bird|move: Future Sight\n|-resisted|p1a: green bird\n|-crit|p1a: green bird\n|-damage|p1a: green bird|19\/100\n|upkeep\n|turn|73\n|\n|t:|1667952229\n|switch|p1a: pink ass|Toxapex, M, shiny|100\/100\n|move|p2a: Mamoswine|Icicle Crash|p1a: pink ass\n|-resisted|p1a: pink ass\n|-damage|p1a: pink ass|79\/100\n|\n|upkeep\n|turn|74\n|\n|t:|1667952245\n|switch|p2a: Blissey|Blissey, F, shiny|90\/100\n|-damage|p2a: Blissey|78\/100|[from] Stealth Rock\n|switch|p1a: green bird|Skarmory, F, shiny|19\/100\n|\n|upkeep\n|turn|75\n|\n|t:|1667952250\n|move|p1a: green bird|Roost|p1a: green bird\n|-heal|p1a: green bird|69\/100\n|-singleturn|p1a: green bird|move: Roost\n|move|p2a: Blissey|Seismic Toss|p1a: green bird\n|-damage|p1a: green bird|39\/100\n|\n|upkeep\n|turn|76\n|\n|t:|1667952254\n|move|p1a: green bird|Roost|p1a: green bird\n|-heal|p1a: green bird|89\/100\n|-singleturn|p1a: green bird|move: Roost\n|move|p2a: Blissey|Seismic Toss|p1a: green bird\n|-damage|p1a: green bird|59\/100\n|\n|upkeep\n|turn|77\n|inactive|BAN MELMETL has 120 seconds left.\n|\n|t:|1667952264\n|switch|p2a: Slowbro|Slowbro, F|64\/100 tox\n|-damage|p2a: Slowbro|52\/100 tox|[from] Stealth Rock\n|move|p1a: green bird|Body Press|p2a: Slowbro\n|-resisted|p2a: Slowbro\n|-crit|p2a: Slowbro\n|-damage|p2a: Slowbro|35\/100 tox\n|\n|-damage|p2a: Slowbro|29\/100 tox|[from] psn\n|upkeep\n|turn|78\n|\n|t:|1667952269\n|switch|p1a: pink ass|Toxapex, M, shiny|100\/100\n|move|p2a: Slowbro|Slack Off|p2a: Slowbro\n|-heal|p2a: Slowbro|79\/100 tox\n|\n|-damage|p2a: Slowbro|66\/100 tox|[from] psn\n|upkeep\n|turn|79\n|\n|t:|1667952280\n|move|p1a: pink ass|Light Screen|p1a: pink ass\n|-sidestart|p1: knexhawk2|move: Light Screen\n|move|p2a: Slowbro|Future Sight|p1a: pink ass\n|-start|p2a: Slowbro|move: Future Sight\n|\n|-damage|p2a: Slowbro|48\/100 tox|[from] psn\n|upkeep\n|turn|80\n|\n|t:|1667952292\n|switch|p1a: knock off|Zamazenta-Crowned|65\/100\n|-ability|p1a: knock off|Dauntless Shield|boost\n|-boost|p1a: knock off|def|1\n|switch|p2a: Mamoswine|Mamoswine, F, shiny|88\/100\n|-damage|p2a: Mamoswine|76\/100|[from] Stealth Rock\n|\n|upkeep\n|turn|81\n|\n|t:|1667952308\n|switch|p2a: Buzzwole|Buzzwole, shiny|80\/100\n|-damage|p2a: Buzzwole|68\/100|[from] Stealth Rock\n|move|p1a: knock off|Close Combat|p2a: Buzzwole\n|-resisted|p2a: Buzzwole\n|-crit|p2a: Buzzwole\n|-damage|p2a: Buzzwole|48\/100\n|-unboost|p1a: knock off|def|1\n|-unboost|p1a: knock off|spd|1\n|-damage|p1a: knock off|48\/100|[from] item: Rocky Helmet|[of] p2a: Buzzwole\n|\n|-end|p1a: knock off|move: Future Sight\n|-damage|p1a: knock off|33\/100\n|upkeep\n|turn|82\n|\n|t:|1667952317\n|switch|p1a: pink ass|Toxapex, M, shiny|100\/100\n|move|p2a: Buzzwole|Roost|p2a: Buzzwole\n|-heal|p2a: Buzzwole|98\/100\n|-singleturn|p2a: Buzzwole|move: Roost\n|\n|upkeep\n|turn|83\n|\n|t:|1667952324\n|switch|p2a: Slowbro|Slowbro, F|81\/100 tox\n|-damage|p2a: Slowbro|69\/100 tox|[from] Stealth Rock\n|move|p1a: pink ass|Knock Off|p2a: Slowbro\n|-supereffective|p2a: Slowbro\n|-damage|p2a: Slowbro|55\/100 tox\n|\n|-damage|p2a: Slowbro|49\/100 tox|[from] psn\n|-sideend|p1: knexhawk2|move: Light Screen\n|upkeep\n|turn|84\n|l|+sufys12\n|\n|t:|1667952335\n|switch|p1a: knock off|Zamazenta-Crowned|33\/100\n|-ability|p1a: knock off|Dauntless Shield|boost\n|-boost|p1a: knock off|def|1\n|move|p2a: Slowbro|Future Sight|p1a: knock off\n|-start|p2a: Slowbro|move: Future Sight\n|\n|-damage|p2a: Slowbro|37\/100 tox|[from] psn\n|upkeep\n|turn|85\n|\n|t:|1667952342\n|switch|p2a: Buzzwole|Buzzwole, shiny|98\/100\n|-damage|p2a: Buzzwole|86\/100|[from] Stealth Rock\n|move|p1a: knock off|Rest|p1a: knock off\n|-status|p1a: knock off|slp|[from] move: Rest\n|-heal|p1a: knock off|100\/100 slp|[silent]\n|\n|upkeep\n|turn|86\n|j| Unwallable\n|j| im coral\n|\n|t:|1667952362\n|switch|p1a: green shit|Dragonite, F, shiny|100\/100\n|move|p2a: Buzzwole|Ice Punch|p1a: green shit\n|-supereffective|p1a: green shit\n|-damage|p1a: green shit|53\/100\n|\n|-end|p1a: green shit|move: Future Sight\n|-damage|p1a: green shit|26\/100\n|upkeep\n|turn|87\n|l| ISimpForKlara\n|\n|t:|1667952373\n|switch|p1a: pink ass|Toxapex, M, shiny|100\/100\n|move|p2a: Buzzwole|Ice Punch|p1a: pink ass\n|-resisted|p1a: pink ass\n|-damage|p1a: pink ass|93\/100\n|\n|upkeep\n|turn|88\n|j| Azure_Cry$ta1\n|j| Deez Is The Way\n|\n|t:|1667952388\n|switch|p2a: Blissey|Blissey, F, shiny|78\/100\n|-damage|p2a: Blissey|65\/100|[from] Stealth Rock\n|switch|p1a: green bird|Skarmory, F, shiny|59\/100\n|\n|upkeep\n|turn|89\n|l| Deez Is The Way\n|\n|t:|1667952398\n|switch|p2a: Salamence|Salamence, F, shiny|46\/100 tox\n|-ability|p2a: Salamence|Intimidate|boost\n|-unboost|p1a: green bird|atk|1\n|move|p1a: green bird|Spikes|p2a: Salamence\n|-sidestart|p2: BAN MELMETL|Spikes\n|\n|-damage|p2a: Salamence|40\/100 tox|[from] psn\n|upkeep\n|turn|90\n|l| Billaboom\n|\n|t:|1667952410\n|switch|p1a: pink shit|Blissey, F|68\/100\n|move|p2a: Salamence|Roost|p2a: Salamence\n|-heal|p2a: Salamence|90\/100 tox\n|-singleturn|p2a: Salamence|move: Roost\n|\n|-damage|p2a: Salamence|77\/100 tox|[from] psn\n|upkeep\n|turn|91\n|j| Regireaper12\n|\n|t:|1667952427\n|move|p2a: Salamence|Defog|p1a: pink shit\n|-unboost|p1a: pink shit|evasion|1\n|-sideend|p2: BAN MELMETL|Spikes|[from] move: Defog|[of] p2a: Salamence\n|-sideend|p2: BAN MELMETL|Stealth Rock|[from] move: Defog|[of] p2a: Salamence\n|move|p1a: pink shit|Stealth Rock|p2a: Salamence\n|-sidestart|p2: BAN MELMETL|move: Stealth Rock\n|\n|-damage|p2a: Salamence|59\/100 tox|[from] psn\n|upkeep\n|turn|92\n|\n|t:|1667952430\n|switch|p2a: Blissey|Blissey, F, shiny|65\/100\n|-damage|p2a: Blissey|53\/100|[from] Stealth Rock\n|move|p1a: pink shit|Seismic Toss|p2a: Blissey\n|-damage|p2a: Blissey|39\/100\n|\n|upkeep\n|turn|93\n|c| Regireaper12|bruh\n|\n|t:|1667952452\n|switch|p1a: knock off|Zamazenta-Crowned|100\/100 slp\n|-ability|p1a: knock off|Dauntless Shield|boost\n|-boost|p1a: knock off|def|1\n|move|p2a: Blissey|Seismic Toss|p1a: knock off\n|-damage|p1a: knock off|75\/100 slp\n|\n|upkeep\n|turn|94\n|c|\u2606knexhawk2|he unbanned zamazenta crowned\n|c|\u2606knexhawk2|i  abuse it\n|\n|t:|1667952459\n|cant|p1a: knock off|slp\n|move|p1a: knock off|Sleep Talk|p1a: knock off\n|move|p1a: knock off|Behemoth Bash|p2a: Blissey|[from]move: Sleep Talk\n|-damage|p2a: Blissey|0 fnt\n|faint|p2a: Blissey\n|\n|upkeep\n|c|\u2606knexhawk2|but progress has been made\n|c| Regireaper12|yall guys still have 6 pokemon after 93 turns though\n|j| Georgina Tropicana\n|inactive|BAN MELMETL has 120 seconds left.\n|c| Regireaper12|how sweaty are you people?\n|c|\u2606knexhawk2|not very\n|c| Unwallable|Only 93 turns? Amateurs.\n|c| Azure_Cry$ta1|I sweat @ this game\n|\n|t:|1667952510\n|switch|p2a: Salamence|Salamence, F, shiny|59\/100 tox\n|-ability|p2a: Salamence|Intimidate|boost\n|-unboost|p1a: knock off|atk|1\n|turn|95\n|\n|t:|1667952523\n|switch|p1a: pink shit|Blissey, F|68\/100\n|move|p2a: Salamence|Defog|p1a: pink shit\n|-unboost|p1a: pink shit|evasion|1\n|-sideend|p2: BAN MELMETL|Stealth Rock|[from] move: Defog|[of] p2a: Salamence\n|\n|-damage|p2a: Salamence|53\/100 tox|[from] psn\n|upkeep\n|turn|96\n|c| SatelliteFifteen|Regireaper12 its called zama stall\n|c| SatelliteFifteen|to beat this shit u need to cteam it\n|c| SatelliteFifteen|lol\n|c|\u2606knexhawk2|yeah pretty much lol\n|c| Unwallable|These people clearly don't remember ABR vs. Tle\n|c| Unwallable|Tele*\n|inactive|BAN MELMETL has 90 seconds left.\n|\n|t:|1667952572\n|switch|p2a: Blacephalon|Blacephalon, shiny|100\/100\n|move|p1a: pink shit|Seismic Toss|p2a: Blacephalon\n|-immune|p2a: Blacephalon\n|\n|upkeep\n|turn|97\n|\n|t:|1667952588\n|switch|p1a: pink ass|Toxapex, M, shiny|100\/100\n|move|p2a: Blacephalon|Shadow Ball|p1a: pink ass\n|-damage|p1a: pink ass|42\/100\n|\n|upkeep\n|turn|98\n|\n|t:|1667952591\n|switch|p2a: Mamoswine|Mamoswine, F, shiny|76\/100\n|switch|p1a: pink shit|Blissey, F|68\/100\n|\n|upkeep\n|turn|99\n|inactive|BAN MELMETL has 90 seconds left.\n|\n|t:|1667952600\n|switch|p1a: pink fuck|Quagsire, M, shiny|100\/100\n|move|p2a: Mamoswine|Icicle Crash|p1a: pink fuck\n|-damage|p1a: pink fuck|52\/100\n|\n|upkeep\n|turn|100\n|\n|t:|1667952603\n|move|p1a: pink fuck|Protect|p1a: pink fuck\n|-singleturn|p1a: pink fuck|Protect\n|move|p2a: Mamoswine|Icicle Crash|p1a: pink fuck\n|-activate|p1a: pink fuck|move: Protect\n|\n|upkeep\n|turn|101\n|\n|t:|1667952605\n|switch|p2a: Blacephalon|Blacephalon, shiny|100\/100\n|switch|p1a: pink ass|Toxapex, M, shiny|75\/100\n|\n|upkeep\n|turn|102\n|j| Pikablu007\n|j| IkilledJFKin1963\n|\n|t:|1667952617\n|switch|p1a: pink shit|Blissey, F|68\/100\n|move|p2a: Blacephalon|Shadow Ball|p1a: pink shit\n|-immune|p1a: pink shit\n|\n|upkeep\n|turn|103\n|j| saucycriminal\n|inactive|BAN MELMETL has 90 seconds left.\n|\n|t:|1667952628\n|switch|p2a: Buzzwole|Buzzwole, shiny|86\/100\n|move|p1a: pink shit|Stealth Rock|p2a: Buzzwole\n|-sidestart|p2: BAN MELMETL|move: Stealth Rock\n|\n|upkeep\n|turn|104\n|\n|t:|1667952632\n|switch|p1a: pink ass|Toxapex, M, shiny|100\/100\n|move|p2a: Buzzwole|Ice Punch|p1a: pink ass\n|-resisted|p1a: pink ass\n|-damage|p1a: pink ass|94\/100\n|\n|upkeep\n|turn|105\n|inactive|BAN MELMETL has 90 seconds left.\n|\n|t:|1667952643\n|switch|p2a: Slowbro|Slowbro, F|70\/100 tox\n|-damage|p2a: Slowbro|57\/100 tox|[from] Stealth Rock\n|move|p1a: pink ass|Scald|p2a: Slowbro\n|-resisted|p2a: Slowbro\n|-damage|p2a: Slowbro|51\/100 tox\n|\n|-damage|p2a: Slowbro|45\/100 tox|[from] psn\n|upkeep\n|turn|106\n|\n|t:|1667952650\n|switch|p1a: pink fuck|Quagsire, M, shiny|52\/100\n|move|p2a: Slowbro|Future Sight|p1a: pink fuck\n|-start|p2a: Slowbro|move: Future Sight\n|\n|-damage|p2a: Slowbro|33\/100 tox|[from] psn\n|upkeep\n|turn|107\n|inactive|BAN MELMETL has 90 seconds left.\n|\n|t:|1667952660\n|move|p1a: pink fuck|Recover|p1a: pink fuck\n|-heal|p1a: pink fuck|100\/100\n|move|p2a: Slowbro|Scald|p1a: pink fuck\n|-damage|p1a: pink fuck|67\/100\n|-status|p1a: pink fuck|brn\n|\n|-damage|p2a: Slowbro|15\/100 tox|[from] psn\n|-damage|p1a: pink fuck|61\/100 brn|[from] brn\n|upkeep\n|turn|108\n|inactive|BAN MELMETL has 90 seconds left.\n|\n|t:|1667952668\n|switch|p2a: Salamence|Salamence, F, shiny|53\/100 tox\n|-ability|p2a: Salamence|Intimidate|boost\n|-unboost|p1a: pink fuck|atk|1\n|move|p1a: pink fuck|Recover|p1a: pink fuck\n|-heal|p1a: pink fuck|100\/100 brn\n|\n|-end|p1a: pink fuck|move: Future Sight\n|-damage|p1a: pink fuck|48\/100 brn\n|-damage|p2a: Salamence|47\/100 tox|[from] psn\n|-damage|p1a: pink fuck|42\/100 brn|[from] brn\n|upkeep\n|turn|109\n|c| SatelliteFifteen|i know  a mon that might beatt his\n|inactive|BAN MELMETL has 90 seconds left.\n|c|\u2606knexhawk2|wtf is beating this\n|c| Unwallable|Pyukumuku?\n|c|\u2606knexhawk2|aside from opposing stall\n|c| SatelliteFifteen|taunt salaz maybe?\n|c|\u2606knexhawk2|or like, ditto\n|c| Unwallable|Pyukumuku Hyper Offense\n|inactive|BAN MELMETL has 60 seconds left.\n|c|\u2606knexhawk2|there is a blissey\n|c|\u2606knexhawk2|right there\n|c| im coral|zama is broken\n|c|\u2606knexhawk2|it just toss spams\n|c|\u2606BAN MELMETL|any taunt team\n|c| im coral|this shit is not fair\n|c| saucycriminal|lol\n|c|\u2606BAN MELMETL|specs lele also\n|inactive|BAN MELMETL has 30 seconds left.\n|c|\u2606knexhawk2|zama is just faster\n|inactive|BAN MELMETL has 20 seconds left.\n|\n|t:|1667952745\n|switch|p1a: pink shit|Blissey, F|68\/100\n|move|p2a: Salamence|Roost|p2a: Salamence\n|-heal|p2a: Salamence|97\/100 tox\n|-singleturn|p2a: Salamence|move: Roost\n|\n|-damage|p2a: Salamence|85\/100 tox|[from] psn\n|upkeep\n|turn|110\n|inactive|BAN MELMETL has 25 seconds left this turn.\n|c|\u2606knexhawk2|btw\n|j| natdexfunnn\n|j| TTarion\n|c|\u2606knexhawk2|and isnt even 2hkoed\n|inactive|BAN MELMETL has 20 seconds left.\n|\n|t:|1667952752\n|move|p2a: Salamence|Earthquake|p1a: pink shit\n|-damage|p1a: pink shit|43\/100\n|move|p1a: pink shit|Seismic Toss|p2a: Salamence\n|-damage|p2a: Salamence|59\/100 tox\n|\n|-damage|p2a: Salamence|41\/100 tox|[from] psn\n|upkeep\n|turn|111\n|inactive|BAN MELMETL has 25 seconds left this turn.\n|inactive|BAN MELMETL has 20 seconds left.\n|\n|t:|1667952762\n|move|p2a: Salamence|Earthquake|p1a: pink shit\n|-crit|p1a: pink shit\n|-damage|p1a: pink shit|5\/100\n|move|p1a: pink shit|Soft-Boiled|p1a: pink shit\n|-heal|p1a: pink shit|55\/100\n|\n|-damage|p2a: Salamence|17\/100 tox|[from] psn\n|upkeep\n|turn|112\n|inactive|BAN MELMETL has 25 seconds left this turn.\n|inactive|BAN MELMETL has 20 seconds left.\n|c| SatelliteFifteen|almost got sheisty there\n|\n|t:|1667952771\n|switch|p2a: Mamoswine|Mamoswine, F, shiny|76\/100\n|-damage|p2a: Mamoswine|63\/100|[from] Stealth Rock\n|move|p1a: pink shit|Stealth Rock||[still]\n|-fail|p1a: pink shit\n|\n|upkeep\n|turn|113\n|inactive|BAN MELMETL has 25 seconds left this turn.\n|inactive|BAN MELMETL has 20 seconds left.\n|inactive|BAN MELMETL has 15 seconds left.\n|\n|t:|1667952785\n|switch|p1a: green bird|Skarmory, F, shiny|59\/100\n|move|p2a: Mamoswine|Icicle Crash|p1a: green bird\n|-damage|p1a: green bird|18\/100\n|\n|upkeep\n|turn|114\n|inactive|BAN MELMETL has 20 seconds left this turn.\n|inactive|BAN MELMETL has 15 seconds left.\n|\n|t:|1667952791\n|switch|p2a: Blacephalon|Blacephalon, shiny|100\/100\n|-damage|p2a: Blacephalon|76\/100|[from] Stealth Rock\n|switch|p1a: pink ass|Toxapex, M, shiny|100\/100\n|\n|upkeep\n|turn|115\n|inactive|BAN MELMETL has 20 seconds left this turn.\n|inactive|BAN MELMETL has 15 seconds left.\n|inactive|BAN MELMETL has 10 seconds left.\n|\n|t:|1667952802\n|switch|p2a: Buzzwole|Buzzwole, shiny|86\/100\n|-damage|p2a: Buzzwole|74\/100|[from] Stealth Rock\n|move|p1a: pink ass|Light Screen|p1a: pink ass\n|-sidestart|p1: knexhawk2|move: Light Screen\n|\n|upkeep\n|turn|116\n|inactive|BAN MELMETL has 15 seconds left this turn.\n|inactive|BAN MELMETL has 10 seconds left.\n|\n|t:|1667952809\n|switch|p1a: green shit|Dragonite, F, shiny|26\/100\n|move|p2a: Buzzwole|Close Combat|p1a: green shit\n|-resisted|p1a: green shit\n|-damage|p1a: green shit|0 fnt\n|-unboost|p2a: Buzzwole|def|1\n|-unboost|p2a: Buzzwole|spd|1\n|faint|p1a: green shit\n|-ability|p2a: Buzzwole|Beast Boost|boost\n|-boost|p2a: Buzzwole|def|1\n|\n|upkeep\n|inactive|BAN MELMETL has 15 seconds left this turn.\n|j| spacemeatsheep\n|\n|t:|1667952819\n|switch|p1a: pink ass|Toxapex, M, shiny|100\/100\n|turn|117\n|inactive|BAN MELMETL has 20 seconds left this turn.\n|inactive|BAN MELMETL has 15 seconds left.\n|\n|t:|1667952824\n|switch|p2a: Slowbro|Slowbro, F|48\/100 tox\n|-damage|p2a: Slowbro|36\/100 tox|[from] Stealth Rock\n|move|p1a: pink ass|Knock Off|p2a: Slowbro\n|-supereffective|p2a: Slowbro\n|-damage|p2a: Slowbro|21\/100 tox\n|\n|-damage|p2a: Slowbro|15\/100 tox|[from] psn\n|upkeep\n|turn|118\n|inactive|BAN MELMETL has 20 seconds left this turn.\n|c| im coral|1\/6, 117 turns in :c\n|j|+sufys12\n|inactive|BAN MELMETL has 15 seconds left.\n|inactive|BAN MELMETL has 10 seconds left.\n|\n|t:|1667952835\n|switch|p2a: Salamence|Salamence, F, shiny|17\/100 tox\n|-ability|p2a: Salamence|Intimidate|boost\n|-unboost|p1a: pink ass|atk|1\n|move|p1a: pink ass|Knock Off|p2a: Salamence\n|-damage|p2a: Salamence|9\/100 tox\n|-enditem|p2a: Salamence|Heavy-Duty Boots|[from] move: Knock Off|[of] p1a: pink ass\n|\n|-damage|p2a: Salamence|3\/100 tox|[from] psn\n|upkeep\n|turn|119\n|inactive|BAN MELMETL has 15 seconds left this turn.\n|c| natdexfunnn|uh oh bros in trouble\n|inactive|BAN MELMETL has 10 seconds left.\n|\n|t:|1667952851\n|switch|p1a: pink shit|Blissey, F|55\/100\n|move|p2a: Salamence|Defog|p1a: pink shit\n|-unboost|p1a: pink shit|evasion|1\n|-sideend|p1: knexhawk2|move: Light Screen\n|-sideend|p2: BAN MELMETL|Stealth Rock|[from] move: Defog|[of] p2a: Salamence\n|\n|-damage|p2a: Salamence|0 fnt|[from] psn\n|faint|p2a: Salamence\n|upkeep\n|inactive|BAN MELMETL has 15 seconds left this turn.\n|c|\u2606knexhawk2|no im ok\n|inactive|BAN MELMETL has 10 seconds left.\n|\n|t:|1667952859\n|switch|p2a: Mamoswine|Mamoswine, F, shiny|63\/100\n|turn|120\n|inactive|BAN MELMETL has 15 seconds left this turn.\n|c| im coral|copium\n|inactive|BAN MELMETL has 10 seconds left.\n|c| natdexfunnn|meant slowbro\n|\n|t:|1667952865\n|switch|p1a: pink fuck|Quagsire, M, shiny|42\/100 brn\n|move|p2a: Mamoswine|Icicle Crash|p1a: pink fuck\n|-damage|p1a: pink fuck|0 fnt\n|faint|p1a: pink fuck\n|\n|upkeep\n|inactive|BAN MELMETL has 15 seconds left this turn.\n|c|\u2606knexhawk2|fair enough\n|c| natdexfunnn|the anti stall mon\n|\n|t:|1667952871\n|switch|p1a: pink ass|Toxapex, M, shiny|100\/100\n|turn|121\n|inactive|BAN MELMETL has 20 seconds left this turn.\n|inactive|BAN MELMETL has 15 seconds left.\n|\n|t:|1667952878\n|switch|p2a: Slowbro|Slowbro, F|48\/100 tox\n|switch|p1a: pink shit|Blissey, F|55\/100\n|\n|-damage|p2a: Slowbro|42\/100 tox|[from] psn\n|upkeep\n|turn|122\n|inactive|BAN MELMETL has 20 seconds left this turn.\n|inactive|BAN MELMETL has 15 seconds left.\n|c|%htcl|oh wait\n|c|%htcl|its cb mamo\n|\n|t:|1667952887\n|switch|p2a: Mamoswine|Mamoswine, F, shiny|63\/100\n|move|p1a: pink shit|Stealth Rock|p2a: Mamoswine\n|-sidestart|p2: BAN MELMETL|move: Stealth Rock\n|\n|upkeep\n|turn|123\n|inactive|BAN MELMETL has 20 seconds left this turn.\n|c|\u2606knexhawk2|yes it is\n|inactive|BAN MELMETL has 15 seconds left.\n|c|%htcl|ok then maybe its winnable actually\n|c| natdexfunnn|simply outplay\n|c|%htcl|i wasn't paying attention for the first 100 turns\n|\n|t:|1667952905\n|switch|p1a: knock off|Zamazenta-Crowned|75\/100 slp\n|-ability|p1a: knock off|Dauntless Shield|boost\n|-boost|p1a: knock off|def|1\n|move|p2a: Mamoswine|Icicle Crash|p1a: knock off\n|-resisted|p1a: knock off\n|-damage|p1a: knock off|60\/100 slp\n|\n|upkeep\n|turn|124\n|inactive|BAN MELMETL has 20 seconds left this turn.\n|c|%htcl|so i thought u were toast\n|inactive|BAN MELMETL has 15 seconds left.\n|\n|t:|1667952913\n|switch|p2a: Slowbro|Slowbro, F|75\/100 tox\n|-damage|p2a: Slowbro|63\/100 tox|[from] Stealth Rock\n|cant|p1a: knock off|slp\n|move|p1a: knock off|Sleep Talk|p1a: knock off\n|move|p1a: knock off|Behemoth Bash|p2a: Slowbro|[from]move: Sleep Talk\n|-resisted|p2a: Slowbro\n|-damage|p2a: Slowbro|46\/100 tox\n|\n|-damage|p2a: Slowbro|40\/100 tox|[from] psn\n|upkeep\n|turn|125\n|inactive|BAN MELMETL has 20 seconds left this turn.\n|c|\u2606knexhawk2|yeah i insta 6-0ed if this wasnt trick slowbro\n|inactive|BAN MELMETL has 15 seconds left.\n|c| SatelliteFifteen|it is winnable\n|inactive|BAN MELMETL has 10 seconds left.\n|inactive|BAN MELMETL has 5 seconds left.\n|\n|t:|1667952928\n|switch|p1a: pink ass|Toxapex, M, shiny|100\/100\n|move|p2a: Slowbro|Scald|p1a: pink ass\n|-resisted|p1a: pink ass\n|-damage|p1a: pink ass|89\/100\n|\n|-damage|p2a: Slowbro|28\/100 tox|[from] psn\n|upkeep\n|turn|126\n|inactive|BAN MELMETL has 10 seconds left this turn.\n|inactive|BAN MELMETL has 5 seconds left.\n|\n|t:|1667952936\n|switch|p2a: Buzzwole|Buzzwole, shiny|74\/100\n|-damage|p2a: Buzzwole|61\/100|[from] Stealth Rock\n|move|p1a: pink ass|Light Screen|p1a: pink ass\n|-sidestart|p1: knexhawk2|move: Light Screen\n|\n|upkeep\n|turn|127\n|inactive|BAN MELMETL has 10 seconds left this turn.\n|inactive|BAN MELMETL has 5 seconds left.\n|\n|t:|1667952944\n|switch|p1a: knock off|Zamazenta-Crowned|60\/100 slp\n|-ability|p1a: knock off|Dauntless Shield|boost\n|-boost|p1a: knock off|def|1\n|move|p2a: Buzzwole|Roost|p2a: Buzzwole\n|-heal|p2a: Buzzwole|100\/100\n|-singleturn|p2a: Buzzwole|move: Roost\n|\n|upkeep\n|turn|128\n|inactive|BAN MELMETL has 10 seconds left this turn.\n|inactive|BAN MELMETL has 5 seconds left.\n|\n|t:|1667952950\n|switch|p1a: pink ass|Toxapex, M, shiny|100\/100\n|move|p2a: Buzzwole|Ice Punch|p1a: pink ass\n|-resisted|p1a: pink ass\n|-damage|p1a: pink ass|94\/100\n|\n|upkeep\n|turn|129\n|inactive|BAN MELMETL has 10 seconds left this turn.\n|\n|t:|1667952953\n|switch|p2a: Slowbro|Slowbro, F|61\/100 tox\n|-damage|p2a: Slowbro|48\/100 tox|[from] Stealth Rock\n|move|p1a: pink ass|Knock Off|p2a: Slowbro\n|-supereffective|p2a: Slowbro\n|-damage|p2a: Slowbro|32\/100 tox\n|\n|-damage|p2a: Slowbro|26\/100 tox|[from] psn\n|upkeep\n|turn|130\n|inactive|BAN MELMETL has 15 seconds left this turn.\n|c| SatelliteFifteen|but its kind of a weird situation\n|\n|t:|1667952957\n|switch|p2a: Buzzwole|Buzzwole, shiny|100\/100\n|-damage|p2a: Buzzwole|88\/100|[from] Stealth Rock\n|move|p1a: pink ass|Knock Off|p2a: Buzzwole\n|-resisted|p2a: Buzzwole\n|-damage|p2a: Buzzwole|84\/100\n|-damage|p1a: pink ass|77\/100|[from] item: Rocky Helmet|[of] p2a: Buzzwole\n|-enditem|p2a: Buzzwole|Rocky Helmet|[from] move: Knock Off|[of] p1a: pink ass\n|\n|-sideend|p1: knexhawk2|move: Light Screen\n|upkeep\n|turn|131\n|inactive|BAN MELMETL has 20 seconds left this turn.\n|inactive|BAN MELMETL has 15 seconds left.\n|\n|t:|1667952963\n|switch|p1a: green bird|Skarmory, F, shiny|18\/100\n|move|p2a: Buzzwole|Close Combat|p1a: green bird\n|-damage|p1a: green bird|0 fnt\n|-unboost|p2a: Buzzwole|def|1\n|-unboost|p2a: Buzzwole|spd|1\n|faint|p1a: green bird\n|-ability|p2a: Buzzwole|Beast Boost|boost\n|-boost|p2a: Buzzwole|def|1\n|\n|upkeep\n|inactive|BAN MELMETL has 20 seconds left this turn.\n|c| SatelliteFifteen|oh\n|c| SatelliteFifteen|nvm\n|c| Unwallable|FREEZE INC?\n|c|\u2606knexhawk2|its fine i dont need that\n|c|\u2606knexhawk2|zama win con\n|\n|t:|1667952977\n|switch|p1a: pink ass|Toxapex, M, shiny|100\/100\n|turn|132\n|inactive|BAN MELMETL has 25 seconds left this turn.\n|\n|t:|1667952982\n|switch|p2a: Slowbro|Slowbro, F|59\/100 tox\n|-damage|p2a: Slowbro|47\/100 tox|[from] Stealth Rock\n|move|p1a: pink ass|Scald|p2a: Slowbro\n|-resisted|p2a: Slowbro\n|-crit|p2a: Slowbro\n|-damage|p2a: Slowbro|36\/100 tox\n|\n|-damage|p2a: Slowbro|30\/100 tox|[from] psn\n|upkeep\n|turn|133\n|inactive|BAN MELMETL has 30 seconds left this turn.\n|\n|t:|1667952989\n|switch|p1a: pink shit|Blissey, F|55\/100\n|move|p2a: Slowbro|Future Sight|p1a: pink shit\n|-start|p2a: Slowbro|move: Future Sight\n|\n|-damage|p2a: Slowbro|18\/100 tox|[from] psn\n|upkeep\n|turn|134\n|inactive|BAN MELMETL has 30 seconds left this turn.\n|\n|t:|1667952994\n|switch|p2a: Buzzwole|Buzzwole, shiny|84\/100\n|-damage|p2a: Buzzwole|72\/100|[from] Stealth Rock\n|move|p1a: pink shit|Soft-Boiled|p1a: pink shit\n|-heal|p1a: pink shit|100\/100\n|\n|upkeep\n|turn|135\n|j| man with the juice\n|\n|t:|1667953003\n|move|p2a: Buzzwole|Close Combat|p1a: pink shit\n|-supereffective|p1a: pink shit\n|-damage|p1a: pink shit|9\/100\n|-unboost|p2a: Buzzwole|def|1\n|-unboost|p2a: Buzzwole|spd|1\n|move|p1a: pink shit|Toxic|p2a: Buzzwole\n|-status|p2a: Buzzwole|tox\n|\n|-end|p1a: pink shit|move: Future Sight\n|-damage|p1a: pink shit|0 fnt\n|faint|p1a: pink shit\n|-damage|p2a: Buzzwole|66\/100 tox|[from] psn\n|upkeep\n|\n|t:|1667953004\n|switch|p1a: pink ass|Toxapex, M, shiny|100\/100\n|turn|136\n|\n|t:|1667953012\n|move|p2a: Buzzwole|Roost|p2a: Buzzwole\n|-heal|p2a: Buzzwole|100\/100 tox\n|-singleturn|p2a: Buzzwole|move: Roost\n|move|p1a: pink ass|Knock Off|p2a: Buzzwole\n|-resisted|p2a: Buzzwole\n|-damage|p2a: Buzzwole|97\/100 tox\n|\n|-damage|p2a: Buzzwole|84\/100 tox|[from] psn\n|upkeep\n|turn|137\n|\n|t:|1667953017\n|switch|p2a: Slowbro|Slowbro, F|51\/100 tox\n|-damage|p2a: Slowbro|39\/100 tox|[from] Stealth Rock\n|move|p1a: pink ass|Knock Off|p2a: Slowbro\n|-supereffective|p2a: Slowbro\n|-damage|p2a: Slowbro|24\/100 tox\n|\n|-damage|p2a: Slowbro|18\/100 tox|[from] psn\n|upkeep\n|turn|138\n|\n|t:|1667953024\n|move|p1a: pink ass|Knock Off|p2a: Slowbro\n|-supereffective|p2a: Slowbro\n|-damage|p2a: Slowbro|2\/100 tox\n|move|p2a: Slowbro|Slack Off|p2a: Slowbro\n|-heal|p2a: Slowbro|52\/100 tox\n|\n|-damage|p2a: Slowbro|40\/100 tox|[from] psn\n|upkeep\n|turn|139\n|\n|t:|1667953027\n|switch|p2a: Buzzwole|Buzzwole, shiny|84\/100 tox\n|-damage|p2a: Buzzwole|72\/100 tox|[from] Stealth Rock\n|move|p1a: pink ass|Knock Off|p2a: Buzzwole\n|-resisted|p2a: Buzzwole\n|-damage|p2a: Buzzwole|70\/100 tox\n|\n|-damage|p2a: Buzzwole|63\/100 tox|[from] psn\n|upkeep\n|turn|140\n|c| SatelliteFifteen|actually yeah\n|\n|t:|1667953033\n|switch|p2a: Slowbro|Slowbro, F|73\/100 tox\n|-damage|p2a: Slowbro|61\/100 tox|[from] Stealth Rock\n|move|p1a: pink ass|Knock Off|p2a: Slowbro\n|-supereffective|p2a: Slowbro\n|-damage|p2a: Slowbro|46\/100 tox\n|\n|-damage|p2a: Slowbro|40\/100 tox|[from] psn\n|upkeep\n|turn|141\n|\n|t:|1667953036\n|move|p1a: pink ass|Knock Off|p2a: Slowbro\n|-supereffective|p2a: Slowbro\n|-damage|p2a: Slowbro|25\/100 tox\n|move|p2a: Slowbro|Slack Off|p2a: Slowbro\n|-heal|p2a: Slowbro|75\/100 tox\n|\n|-damage|p2a: Slowbro|63\/100 tox|[from] psn\n|upkeep\n|turn|142\n|\n|t:|1667953039\n|move|p1a: pink ass|Knock Off|p2a: Slowbro\n|-supereffective|p2a: Slowbro\n|-damage|p2a: Slowbro|46\/100 tox\n|move|p2a: Slowbro|Future Sight|p1a: pink ass\n|-start|p2a: Slowbro|move: Future Sight\n|\n|-damage|p2a: Slowbro|28\/100 tox|[from] psn\n|upkeep\n|turn|143\n|\n|t:|1667953043\n|switch|p2a: Buzzwole|Buzzwole, shiny|63\/100 tox\n|-damage|p2a: Buzzwole|51\/100 tox|[from] Stealth Rock\n|move|p1a: pink ass|Knock Off|p2a: Buzzwole\n|-resisted|p2a: Buzzwole\n|-damage|p2a: Buzzwole|48\/100 tox\n|\n|-damage|p2a: Buzzwole|42\/100 tox|[from] psn\n|upkeep\n|turn|144\n|c| SatelliteFifteen|how much pp does bb have\n|\n|t:|1667953051\n|move|p2a: Buzzwole|Roost|p2a: Buzzwole\n|-heal|p2a: Buzzwole|92\/100 tox\n|-singleturn|p2a: Buzzwole|move: Roost\n|move|p1a: pink ass|Knock Off|p2a: Buzzwole\n|-resisted|p2a: Buzzwole\n|-damage|p2a: Buzzwole|90\/100 tox\n|\n|-end|p1a: pink ass|move: Future Sight\n|-supereffective|p1a: pink ass\n|-damage|p1a: pink ass|37\/100\n|-damage|p2a: Buzzwole|77\/100 tox|[from] psn\n|upkeep\n|turn|145\n|\n|t:|1667953058\n|switch|p2a: Slowbro|Slowbro, F|61\/100 tox\n|-damage|p2a: Slowbro|49\/100 tox|[from] Stealth Rock\n|move|p1a: pink ass|Knock Off|p2a: Slowbro\n|-supereffective|p2a: Slowbro\n|-damage|p2a: Slowbro|34\/100 tox\n|\n|-damage|p2a: Slowbro|28\/100 tox|[from] psn\n|upkeep\n|turn|146\n|\n|t:|1667953062\n|switch|p1a: knock off|Zamazenta-Crowned|60\/100 slp\n|-ability|p1a: knock off|Dauntless Shield|boost\n|-boost|p1a: knock off|def|1\n|move|p2a: Slowbro|Slack Off|p2a: Slowbro\n|-heal|p2a: Slowbro|78\/100 tox\n|\n|-damage|p2a: Slowbro|65\/100 tox|[from] psn\n|upkeep\n|turn|147\n|\n|t:|1667953067\n|-curestatus|p1a: knock off|slp|[msg]\n|move|p1a: knock off|Behemoth Bash|p2a: Slowbro\n|-resisted|p2a: Slowbro\n|-damage|p2a: Slowbro|51\/100 tox\n|move|p2a: Slowbro|Future Sight|p1a: knock off\n|-start|p2a: Slowbro|move: Future Sight\n|\n|-damage|p2a: Slowbro|33\/100 tox|[from] psn\n|upkeep\n|turn|148\n|\n|t:|1667953076\n|switch|p2a: Buzzwole|Buzzwole, shiny|77\/100 tox\n|-damage|p2a: Buzzwole|65\/100 tox|[from] Stealth Rock\n|move|p1a: knock off|Behemoth Bash|p2a: Buzzwole\n|-damage|p2a: Buzzwole|41\/100 tox\n|\n|-damage|p2a: Buzzwole|35\/100 tox|[from] psn\n|upkeep\n|turn|149\n|\n|t:|1667953088\n|move|p1a: knock off|Behemoth Bash|p2a: Buzzwole\n|-damage|p2a: Buzzwole|13\/100 tox\n|move|p2a: Buzzwole|Roost|p2a: Buzzwole\n|-heal|p2a: Buzzwole|63\/100 tox\n|-singleturn|p2a: Buzzwole|move: Roost\n|\n|-end|p1a: knock off|move: Future Sight\n|-damage|p1a: knock off|38\/100\n|-damage|p2a: Buzzwole|51\/100 tox|[from] psn\n|upkeep\n|turn|150\n|\n|t:|1667953094\n|move|p1a: knock off|Rest|p1a: knock off\n|-status|p1a: knock off|slp|[from] move: Rest\n|-heal|p1a: knock off|100\/100 slp|[silent]\n|move|p2a: Buzzwole|Roost|p2a: Buzzwole\n|-heal|p2a: Buzzwole|100\/100 tox\n|-singleturn|p2a: Buzzwole|move: Roost\n|\n|-damage|p2a: Buzzwole|82\/100 tox|[from] psn\n|upkeep\n|turn|151\n|\n|t:|1667953100\n|switch|p2a: Slowbro|Slowbro, F|66\/100 tox\n|-damage|p2a: Slowbro|54\/100 tox|[from] Stealth Rock\n|cant|p1a: knock off|slp\n|move|p1a: knock off|Sleep Talk|p1a: knock off\n|move|p1a: knock off|Behemoth Bash|p2a: Slowbro|[from]move: Sleep Talk\n|-resisted|p2a: Slowbro\n|-damage|p2a: Slowbro|39\/100 tox\n|\n|-damage|p2a: Slowbro|33\/100 tox|[from] psn\n|upkeep\n|turn|152\n|\n|t:|1667953102\n|cant|p1a: knock off|slp\n|move|p1a: knock off|Sleep Talk|p1a: knock off\n|move|p1a: knock off|Rest||[from]move: Sleep Talk|[still]\n|-fail|p1a: knock off\n|move|p2a: Slowbro|Slack Off|p2a: Slowbro\n|-heal|p2a: Slowbro|83\/100 tox\n|\n|-damage|p2a: Slowbro|71\/100 tox|[from] psn\n|upkeep\n|turn|153\n|\n|t:|1667953106\n|switch|p1a: pink ass|Toxapex, M, shiny|71\/100\n|move|p2a: Slowbro|Future Sight|p1a: pink ass\n|-start|p2a: Slowbro|move: Future Sight\n|\n|-damage|p2a: Slowbro|52\/100 tox|[from] psn\n|upkeep\n|turn|154\n|\n|t:|1667953114\n|switch|p1a: knock off|Zamazenta-Crowned|100\/100 slp\n|-ability|p1a: knock off|Dauntless Shield|boost\n|-boost|p1a: knock off|def|1\n|switch|p2a: Buzzwole|Buzzwole, shiny|82\/100 tox\n|-damage|p2a: Buzzwole|70\/100 tox|[from] Stealth Rock\n|\n|-damage|p2a: Buzzwole|64\/100 tox|[from] psn\n|upkeep\n|turn|155\n|\n|t:|1667953118\n|-curestatus|p1a: knock off|slp|[msg]\n|move|p1a: knock off|Behemoth Bash|p2a: Buzzwole\n|-damage|p2a: Buzzwole|40\/100 tox\n|move|p2a: Buzzwole|Close Combat|p1a: knock off\n|-supereffective|p1a: knock off\n|-damage|p1a: knock off|54\/100\n|-unboost|p2a: Buzzwole|def|1\n|-unboost|p2a: Buzzwole|spd|1\n|\n|-end|p1a: knock off|move: Future Sight\n|-damage|p1a: knock off|35\/100\n|-damage|p2a: Buzzwole|27\/100 tox|[from] psn\n|upkeep\n|turn|156\n|j| seelbachariot\n|inactive|BAN MELMETL has 90 seconds left.\n|\n|t:|1667953127\n|move|p1a: knock off|Behemoth Bash|p2a: Buzzwole\n|-damage|p2a: Buzzwole|0 fnt\n|faint|p2a: Buzzwole\n|\n|upkeep\n|inactive|BAN MELMETL has 90 seconds left.\n|\n|t:|1667953134\n|switch|p2a: Blacephalon|Blacephalon, shiny|76\/100\n|-damage|p2a: Blacephalon|51\/100|[from] Stealth Rock\n|turn|157\n|c| SatelliteFifteen|eat?\n|c| natdexfunnn|no way\n|c|\u2606BAN MELMETL|if its not max speed, gg son\n|inactive|knexhawk2 has 120 seconds left.\n|\n|t:|1667953164\n|move|p2a: Blacephalon|Shadow Ball|p1a: knock off\n|-damage|p1a: knock off|0 fnt\n|faint|p1a: knock off\n|-ability|p2a: Blacephalon|Beast Boost|boost\n|-boost|p2a: Blacephalon|spa|1\n|\n|upkeep\n|c|\u2606knexhawk2|aw\n|c|\u2606knexhawk2|its a roll\n|inactive|knexhawk2 has 120 seconds left.\n|\n|t:|1667953171\n|switch|p1a: pink ass|Toxapex, M, shiny|100\/100\n|turn|158\n|c| Georgina Tropicana|damn\n|\n|t:|1667953175\n|move|p2a: Blacephalon|Shadow Ball|p1a: pink ass\n|-damage|p1a: pink ass|19\/100\n|move|p1a: pink ass|Knock Off|p2a: Blacephalon\n|-supereffective|p2a: Blacephalon\n|-damage|p2a: Blacephalon|0 fnt\n|-enditem|p2a: Blacephalon|Choice Specs|[from] move: Knock Off|[of] p1a: pink ass\n|faint|p2a: Blacephalon\n|\n|upkeep\n|c|\u2606knexhawk2|caled it\n|c| aursnes|RIP\n|\n|t:|1667953180\n|switch|p2a: Mamoswine|Mamoswine, F, shiny|63\/100\n|-damage|p2a: Mamoswine|51\/100|[from] Stealth Rock\n|turn|159\n|c|\u2606knexhawk2|fuckin trick slowbro\n|c| saucycriminal|oh\n|\n|t:|1667953184\n|move|p2a: Mamoswine|Earthquake|p1a: pink ass\n|-supereffective|p1a: pink ass\n|-damage|p1a: pink ass|0 fnt\n|faint|p1a: pink ass\n|\n|win|BAN MELMETL\n|n|\u2606knexhawk2|knexhawk2\n|n|\u2606BAN MELMETL|banmelmetl\n|n| htcl|htcl\n|n| Rosaism|rosaism\n|n| SatelliteFifteen|satellitefifteen\n|n| aursnes|aursnes\n|n| Unwallable|unwallable\n|n| im coral|imcoral\n|n| Azure_Cry$ta1|azurecryta1\n|n| Regireaper12|regireaper12\n|n| Georgina Tropicana|georginatropicana\n|n| Pikablu007|pikablu007\n|n| IkilledJFKin1963|ikilledjfkin1963\n|n| saucycriminal|saucycriminal\n|n| natdexfunnn|natdexfunnn\n|n| TTarion|ttarion\n|n| spacemeatsheep|spacemeatsheep\n|n| sufys12|sufys12\n|n| man with the juice|manwiththejuice\n|n| seelbachariot|seelbachariot\n|l|\u2606knexhawk2\n|c|\u2606BAN MELMETL|L\n|l| Georgina Tropicana\n|l| natdexfunnn\n|l| SatelliteFifteen\n|l| sufys12\n|l| TTarion\n|l| IkilledJFKin1963\n|l| seelbachariot\n|l| aursnes\n","uploadtime":1667953242,"views":24,"p1id":"knexhawk2","p2id":"banmelmetl","formatid":"gen8ou","rating":0,"private":0,"password":null}