{"id":"gen8ou-1691889322","p1":"dadio4","p2":"Raimei Hakkei 2","format":"gen8ou","log":"|html|<div class=\"broadcast-blue\"><strong>[Gen 8] OU is currently suspecting Melmetal! For information on how to participate check out the <a href=\"https:\/\/www.smogon.com\/forums\/threads\/np-ss-ou-suspect-process-round-12-monster-mash.3709234\/\">suspect thread<\/a>.<\/strong><\/div>\n|j|\u2606dadio4\n|j|\u2606Raimei Hakkei 2\n|t:|1666422664\n|gametype|singles\n|player|p1|dadio4|ingo|1528\n|player|p2|Raimei Hakkei 2|170|1486\n|teamsize|p1|6\n|teamsize|p2|6\n|gen|8\n|tier|[Gen 8] OU\n|rated|\n|rule|Sleep Clause Mod: Limit one foe put to sleep\n|rule|Species Clause: Limit one of each Pok\u00e9mon\n|rule|OHKO Clause: OHKO moves are banned\n|rule|Evasion Items Clause: Evasion items are banned\n|rule|Evasion Moves Clause: Evasion moves are banned\n|rule|Endless Battle Clause: Forcing endless battles is banned\n|rule|HP Percentage Mod: HP is shown in percentages\n|rule|Dynamax Clause: You cannot dynamax\n|clearpoke\n|poke|p1|Corviknight, F|\n|poke|p1|Rillaboom, F|\n|poke|p1|Zeraora|\n|poke|p1|Tapu Fini|\n|poke|p1|Heatran, F|\n|poke|p1|Dragapult, M|\n|poke|p2|Landorus-Therian, M|\n|poke|p2|Urshifu-*, M|\n|poke|p2|Dragonite, M|\n|poke|p2|Tyrantrum, F|\n|poke|p2|Aegislash, M|\n|poke|p2|Chansey, F|\n|teampreview\n|inactive|Battle timer is ON: inactive players will automatically lose when time's up. (requested by Raimei Hakkei 2)\n|\n|t:|1666422674\n|start\n|switch|p1a: Tapu Fini|Tapu Fini|100\/100\n|switch|p2a: Horai Hakke|Tyrantrum, F|100\/100\n|-fieldstart|move: Misty Terrain|[from] ability: Misty Surge|[of] p1a: Tapu Fini\n|turn|1\n|\n|t:|1666422677\n|move|p2a: Horai Hakke|Head Smash|p1a: Tapu Fini|[miss]\n|-miss|p2a: Horai Hakke|p1a: Tapu Fini\n|move|p1a: Tapu Fini|Moonblast|p2a: Horai Hakke\n|-supereffective|p2a: Horai Hakke\n|-damage|p2a: Horai Hakke|0 fnt\n|faint|p2a: Horai Hakke\n|\n|upkeep\n|\n|t:|1666422684\n|switch|p2a: Death Destroyer|Aegislash, M|100\/100\n|turn|2\n|\n|t:|1666422691\n|move|p1a: Tapu Fini|Taunt|p2a: Death Destroyer\n|-start|p2a: Death Destroyer|move: Taunt\n|-formechange|p2a: Death Destroyer|Aegislash-Blade||[from] ability: Stance Change\n|move|p2a: Death Destroyer|Shadow Ball|p1a: Tapu Fini\n|-crit|p1a: Tapu Fini\n|-damage|p1a: Tapu Fini|38\/100\n|\n|-heal|p1a: Tapu Fini|44\/100|[from] item: Leftovers\n|upkeep\n|turn|3\n|\n|t:|1666422698\n|switch|p1a: Heatran|Heatran, F|100\/100\n|move|p2a: Death Destroyer|Shadow Ball|p1a: Heatran\n|-damage|p1a: Heatran|62\/100\n|\n|-heal|p1a: Heatran|68\/100|[from] item: Leftovers\n|upkeep\n|turn|4\n|\n|t:|1666422706\n|move|p1a: Heatran|Protect|p1a: Heatran\n|-singleturn|p1a: Heatran|Protect\n|move|p2a: Death Destroyer|Close Combat|p1a: Heatran\n|-activate|p1a: Heatran|move: Protect\n|\n|-heal|p1a: Heatran|74\/100|[from] item: Leftovers\n|-end|p2a: Death Destroyer|move: Taunt\n|upkeep\n|turn|5\n|\n|t:|1666422710\n|switch|p1a: Corviknight|Corviknight, F|100\/100\n|-ability|p1a: Corviknight|Pressure\n|switch|p2a: Raging Drunk|Landorus-Therian, M|100\/100\n|-ability|p2a: Raging Drunk|Intimidate|boost\n|-unboost|p1a: Corviknight|atk|1\n|\n|-fieldend|Misty Terrain\n|upkeep\n|turn|6\n|\n|t:|1666422716\n|move|p2a: Raging Drunk|Stealth Rock|p1a: Corviknight\n|-sidestart|p1: dadio4|move: Stealth Rock\n|move|p1a: Corviknight|U-turn|p2a: Raging Drunk\n|-resisted|p2a: Raging Drunk\n|-damage|p2a: Raging Drunk|97\/100\n|\n|t:|1666422727\n|switch|p1a: Tapu Fini|Tapu Fini|44\/100|[from]move: U-turn\n|-damage|p1a: Tapu Fini|31\/100|[from] Stealth Rock\n|-fieldstart|move: Misty Terrain|[from] ability: Misty Surge|[of] p1a: Tapu Fini\n|\n|-heal|p1a: Tapu Fini|37\/100|[from] item: Leftovers\n|upkeep\n|turn|7\n|\n|t:|1666422733\n|move|p1a: Tapu Fini|Nature's Madness|p2a: Raging Drunk\n|-damage|p2a: Raging Drunk|49\/100\n|move|p2a: Raging Drunk|Earth Power|p1a: Tapu Fini\n|-damage|p1a: Tapu Fini|13\/100\n|\n|-heal|p1a: Tapu Fini|19\/100|[from] item: Leftovers\n|upkeep\n|turn|8\n|\n|t:|1666422739\n|switch|p1a: Corviknight|Corviknight, F|100\/100\n|-damage|p1a: Corviknight|88\/100|[from] Stealth Rock\n|-ability|p1a: Corviknight|Pressure\n|move|p2a: Raging Drunk|Earth Power|p1a: Corviknight\n|-immune|p1a: Corviknight\n|\n|upkeep\n|turn|9\n|\n|t:|1666422742\n|switch|p2a: Death Destroyer|Aegislash, M|100\/100\n|move|p1a: Corviknight|Defog|p2a: Death Destroyer\n|-unboost|p2a: Death Destroyer|evasion|1\n|-sideend|p1: dadio4|Stealth Rock|[from] move: Defog|[of] p1a: Corviknight\n|-fieldend|Misty Terrain\n|\n|upkeep\n|turn|10\n|\n|t:|1666422744\n|-formechange|p2a: Death Destroyer|Aegislash-Blade||[from] ability: Stance Change\n|move|p2a: Death Destroyer|Shadow Ball|p1a: Corviknight\n|-damage|p1a: Corviknight|30\/100\n|-unboost|p1a: Corviknight|spd|1\n|move|p1a: Corviknight|U-turn|p2a: Death Destroyer\n|-resisted|p2a: Death Destroyer\n|-damage|p2a: Death Destroyer|91\/100\n|\n|t:|1666422759\n|switch|p1a: Zeraora|Zeraora|100\/100|[from]move: U-turn\n|\n|upkeep\n|turn|11\n|\n|t:|1666422761\n|-formechange|p2a: Death Destroyer|Aegislash||[from] ability: Stance Change\n|move|p2a: Death Destroyer|King's Shield|p2a: Death Destroyer\n|-singleturn|p2a: Death Destroyer|Protect\n|move|p1a: Zeraora|Bulk Up|p1a: Zeraora\n|-boost|p1a: Zeraora|atk|1\n|-boost|p1a: Zeraora|def|1\n|\n|upkeep\n|turn|12\n|\n|t:|1666422765\n|switch|p2a: Raging Drunk|Landorus-Therian, M|49\/100\n|-ability|p2a: Raging Drunk|Intimidate|boost\n|-unboost|p1a: Zeraora|atk|1\n|move|p1a: Zeraora|Plasma Fists|p2a: Raging Drunk\n|-immune|p2a: Raging Drunk\n|\n|upkeep\n|turn|13\n|\n|t:|1666422767\n|switch|p1a: Corviknight|Corviknight, F|30\/100\n|-ability|p1a: Corviknight|Pressure\n|move|p2a: Raging Drunk|Earth Power|p1a: Corviknight\n|-immune|p1a: Corviknight\n|\n|upkeep\n|turn|14\n|\n|t:|1666422770\n|switch|p2a: Death Destroyer|Aegislash, M|91\/100\n|move|p1a: Corviknight|Roost|p1a: Corviknight\n|-heal|p1a: Corviknight|80\/100\n|-singleturn|p1a: Corviknight|move: Roost\n|\n|upkeep\n|turn|15\n|\n|t:|1666422774\n|-formechange|p2a: Death Destroyer|Aegislash-Blade||[from] ability: Stance Change\n|move|p2a: Death Destroyer|Shadow Ball|p1a: Corviknight\n|-damage|p1a: Corviknight|26\/100\n|move|p1a: Corviknight|U-turn|p2a: Death Destroyer\n|-resisted|p2a: Death Destroyer\n|-damage|p2a: Death Destroyer|82\/100\n|\n|t:|1666422778\n|switch|p1a: Zeraora|Zeraora|100\/100|[from]move: U-turn\n|\n|upkeep\n|turn|16\n|\n|t:|1666422781\n|-formechange|p2a: Death Destroyer|Aegislash||[from] ability: Stance Change\n|move|p2a: Death Destroyer|King's Shield|p2a: Death Destroyer\n|-singleturn|p2a: Death Destroyer|Protect\n|move|p1a: Zeraora|Plasma Fists|p2a: Death Destroyer\n|-activate|p2a: Death Destroyer|move: Protect\n|-unboost|p1a: Zeraora|atk|1\n|\n|upkeep\n|turn|17\n|\n|t:|1666422784\n|switch|p2a: Raging Drunk|Landorus-Therian, M|49\/100\n|-ability|p2a: Raging Drunk|Intimidate|boost\n|-unboost|p1a: Zeraora|atk|1\n|move|p1a: Zeraora|Bulk Up|p1a: Zeraora\n|-boost|p1a: Zeraora|atk|1\n|-boost|p1a: Zeraora|def|1\n|\n|upkeep\n|turn|18\n|\n|t:|1666422789\n|switch|p1a: Corviknight|Corviknight, F|26\/100\n|-ability|p1a: Corviknight|Pressure\n|switch|p2a: Death Destroyer|Aegislash, M|82\/100\n|\n|upkeep\n|turn|19\n|\n|t:|1666422794\n|switch|p1a: Tapu Fini|Tapu Fini|19\/100\n|-fieldstart|move: Misty Terrain|[from] ability: Misty Surge|[of] p1a: Tapu Fini\n|-formechange|p2a: Death Destroyer|Aegislash-Blade||[from] ability: Stance Change\n|move|p2a: Death Destroyer|Shadow Ball|p1a: Tapu Fini\n|-damage|p1a: Tapu Fini|0 fnt\n|faint|p1a: Tapu Fini\n|\n|upkeep\n|\n|t:|1666422798\n|switch|p1a: Zeraora|Zeraora|100\/100\n|turn|20\n|\n|t:|1666422802\n|-formechange|p2a: Death Destroyer|Aegislash||[from] ability: Stance Change\n|move|p2a: Death Destroyer|King's Shield|p2a: Death Destroyer\n|-singleturn|p2a: Death Destroyer|Protect\n|move|p1a: Zeraora|Bulk Up|p1a: Zeraora\n|-boost|p1a: Zeraora|atk|1\n|-boost|p1a: Zeraora|def|1\n|\n|upkeep\n|turn|21\n|\n|t:|1666422814\n|switch|p1a: Corviknight|Corviknight, F|26\/100\n|-ability|p1a: Corviknight|Pressure\n|switch|p2a: Raging Drunk|Landorus-Therian, M|49\/100\n|-ability|p2a: Raging Drunk|Intimidate|boost\n|-unboost|p1a: Corviknight|atk|1\n|\n|upkeep\n|turn|22\n|\n|t:|1666422817\n|switch|p2a: Death Destroyer|Aegislash, M|82\/100\n|move|p1a: Corviknight|Roost|p1a: Corviknight\n|-heal|p1a: Corviknight|76\/100\n|-singleturn|p1a: Corviknight|move: Roost\n|\n|upkeep\n|turn|23\n|\n|t:|1666422835\n|switch|p1a: Heatran|Heatran, F|74\/100\n|-formechange|p2a: Death Destroyer|Aegislash-Blade||[from] ability: Stance Change\n|move|p2a: Death Destroyer|Shadow Ball|p1a: Heatran\n|-damage|p1a: Heatran|40\/100\n|\n|-heal|p1a: Heatran|46\/100|[from] item: Leftovers\n|-fieldend|Misty Terrain\n|upkeep\n|turn|24\n|\n|t:|1666422840\n|switch|p2a: Raging Drunk|Landorus-Therian, M|49\/100\n|-ability|p2a: Raging Drunk|Intimidate|boost\n|-unboost|p1a: Heatran|atk|1\n|move|p1a: Heatran|Magma Storm|p2a: Raging Drunk\n|-damage|p2a: Raging Drunk|6\/100\n|-activate|p2a: Raging Drunk|move: Magma Storm|[of] p1a: Heatran\n|\n|-heal|p1a: Heatran|52\/100|[from] item: Leftovers\n|-damage|p2a: Raging Drunk|0 fnt|[from] move: Magma Storm|[partiallytrapped]\n|faint|p2a: Raging Drunk\n|upkeep\n|\n|t:|1666422844\n|switch|p2a: Gundari: Ryuseigun|Urshifu-Rapid-Strike, M|100\/100\n|turn|25\n|\n|t:|1666422855\n|move|p2a: Gundari: Ryuseigun|Surging Strikes|p1a: Heatran\n|-supereffective|p1a: Heatran\n|-crit|p1a: Heatran\n|-damage|p1a: Heatran|0 fnt\n|faint|p1a: Heatran\n|-hitcount|p1: Heatran|1\n|\n|upkeep\n|\n|t:|1666422859\n|switch|p1a: Corviknight|Corviknight, F|76\/100\n|-ability|p1a: Corviknight|Pressure\n|turn|26\n|\n|t:|1666422862\n|switch|p2a: Flirty Drunk|Chansey, F|100\/100\n|move|p1a: Corviknight|Roost|p1a: Corviknight\n|-heal|p1a: Corviknight|100\/100\n|-singleturn|p1a: Corviknight|move: Roost\n|\n|upkeep\n|turn|27\n|\n|t:|1666422864\n|move|p1a: Corviknight|U-turn|p2a: Flirty Drunk\n|-damage|p2a: Flirty Drunk|92\/100\n|\n|t:|1666422867\n|switch|p1a: Rillaboom|Rillaboom, F|100\/100|[from]move: U-turn\n|-fieldstart|move: Grassy Terrain|[from] ability: Grassy Surge|[of] p1a: Rillaboom\n|move|p2a: Flirty Drunk|Teleport|p2a: Flirty Drunk\n|\n|t:|1666422871\n|switch|p2a: Thieving Drunk|Dragonite, M|100\/100|[from]move: Teleport\n|\n|upkeep\n|turn|28\n|\n|t:|1666422873\n|switch|p1a: Corviknight|Corviknight, F|100\/100\n|-ability|p1a: Corviknight|Pressure\n|move|p2a: Thieving Drunk|Dragon Dance|p2a: Thieving Drunk\n|-boost|p2a: Thieving Drunk|atk|1\n|-boost|p2a: Thieving Drunk|spe|1\n|\n|upkeep\n|turn|29\n|\n|t:|1666422876\n|move|p2a: Thieving Drunk|Dragon Dance|p2a: Thieving Drunk\n|-boost|p2a: Thieving Drunk|atk|1\n|-boost|p2a: Thieving Drunk|spe|1\n|move|p1a: Corviknight|Brave Bird|p2a: Thieving Drunk\n|-damage|p2a: Thieving Drunk|80\/100\n|-damage|p1a: Corviknight|95\/100|[from] Recoil\n|\n|upkeep\n|turn|30\n|\n|t:|1666422880\n|move|p2a: Thieving Drunk|Dragon Dance|p2a: Thieving Drunk\n|-boost|p2a: Thieving Drunk|atk|1\n|-boost|p2a: Thieving Drunk|spe|1\n|move|p1a: Corviknight|Brave Bird|p2a: Thieving Drunk\n|-damage|p2a: Thieving Drunk|40\/100\n|-damage|p1a: Corviknight|84\/100|[from] Recoil\n|\n|upkeep\n|turn|31\n|\n|t:|1666422882\n|move|p2a: Thieving Drunk|Roost|p2a: Thieving Drunk\n|-heal|p2a: Thieving Drunk|90\/100\n|-singleturn|p2a: Thieving Drunk|move: Roost\n|move|p1a: Corviknight|Brave Bird|p2a: Thieving Drunk\n|-damage|p2a: Thieving Drunk|48\/100\n|-damage|p1a: Corviknight|73\/100|[from] Recoil\n|\n|-heal|p2a: Thieving Drunk|54\/100|[from] Grassy Terrain\n|-fieldend|move: Grassy Terrain\n|upkeep\n|turn|32\n|\n|t:|1666422886\n|move|p2a: Thieving Drunk|Roost|p2a: Thieving Drunk\n|-heal|p2a: Thieving Drunk|100\/100\n|-singleturn|p2a: Thieving Drunk|move: Roost\n|move|p1a: Corviknight|Brave Bird|p2a: Thieving Drunk\n|-damage|p2a: Thieving Drunk|79\/100\n|-damage|p1a: Corviknight|67\/100|[from] Recoil\n|\n|upkeep\n|turn|33\n|\n|t:|1666422889\n|move|p2a: Thieving Drunk|Dragon Dance|p2a: Thieving Drunk\n|-boost|p2a: Thieving Drunk|atk|1\n|-boost|p2a: Thieving Drunk|spe|1\n|move|p1a: Corviknight|Roost|p1a: Corviknight\n|-heal|p1a: Corviknight|100\/100\n|-singleturn|p1a: Corviknight|move: Roost\n|\n|upkeep\n|turn|34\n|\n|t:|1666422891\n|move|p2a: Thieving Drunk|Dragon Dance|p2a: Thieving Drunk\n|-boost|p2a: Thieving Drunk|atk|1\n|-boost|p2a: Thieving Drunk|spe|1\n|move|p1a: Corviknight|Brave Bird|p2a: Thieving Drunk\n|-damage|p2a: Thieving Drunk|37\/100\n|-damage|p1a: Corviknight|89\/100|[from] Recoil\n|\n|upkeep\n|turn|35\n|\n|t:|1666422893\n|move|p2a: Thieving Drunk|Roost|p2a: Thieving Drunk\n|-heal|p2a: Thieving Drunk|87\/100\n|-singleturn|p2a: Thieving Drunk|move: Roost\n|move|p1a: Corviknight|Brave Bird|p2a: Thieving Drunk\n|-damage|p2a: Thieving Drunk|47\/100\n|-damage|p1a: Corviknight|78\/100|[from] Recoil\n|\n|upkeep\n|turn|36\n|\n|t:|1666422895\n|move|p2a: Thieving Drunk|Roost|p2a: Thieving Drunk\n|-heal|p2a: Thieving Drunk|97\/100\n|-singleturn|p2a: Thieving Drunk|move: Roost\n|move|p1a: Corviknight|Roost|p1a: Corviknight\n|-heal|p1a: Corviknight|100\/100\n|-singleturn|p1a: Corviknight|move: Roost\n|\n|upkeep\n|turn|37\n|\n|t:|1666422898\n|move|p2a: Thieving Drunk|Dragon Dance|p2a: Thieving Drunk\n|-boost|p2a: Thieving Drunk|atk|1\n|-boost|p2a: Thieving Drunk|spe|1\n|move|p1a: Corviknight|Brave Bird|p2a: Thieving Drunk\n|-damage|p2a: Thieving Drunk|55\/100\n|-damage|p1a: Corviknight|89\/100|[from] Recoil\n|\n|upkeep\n|turn|38\n|\n|t:|1666422902\n|move|p2a: Thieving Drunk|Roost|p2a: Thieving Drunk\n|-heal|p2a: Thieving Drunk|100\/100\n|-singleturn|p2a: Thieving Drunk|move: Roost\n|move|p1a: Corviknight|Brave Bird|p2a: Thieving Drunk\n|-damage|p2a: Thieving Drunk|79\/100\n|-damage|p1a: Corviknight|83\/100|[from] Recoil\n|\n|upkeep\n|turn|39\n|\n|t:|1666422905\n|move|p2a: Thieving Drunk|Roost|p2a: Thieving Drunk\n|-heal|p2a: Thieving Drunk|100\/100\n|-singleturn|p2a: Thieving Drunk|move: Roost\n|move|p1a: Corviknight|Brave Bird|p2a: Thieving Drunk\n|-damage|p2a: Thieving Drunk|82\/100\n|-damage|p1a: Corviknight|78\/100|[from] Recoil\n|\n|upkeep\n|turn|40\n|\n|t:|1666422909\n|move|p2a: Thieving Drunk|Earthquake|p1a: Corviknight\n|-immune|p1a: Corviknight\n|move|p1a: Corviknight|Brave Bird|p2a: Thieving Drunk\n|-damage|p2a: Thieving Drunk|40\/100\n|-damage|p1a: Corviknight|67\/100|[from] Recoil\n|\n|upkeep\n|turn|41\n|\n|t:|1666422913\n|move|p2a: Thieving Drunk|Roost|p2a: Thieving Drunk\n|-heal|p2a: Thieving Drunk|90\/100\n|-singleturn|p2a: Thieving Drunk|move: Roost\n|move|p1a: Corviknight|Roost|p1a: Corviknight\n|-heal|p1a: Corviknight|100\/100\n|-singleturn|p1a: Corviknight|move: Roost\n|\n|upkeep\n|turn|42\n|\n|t:|1666422915\n|move|p2a: Thieving Drunk|Earthquake|p1a: Corviknight\n|-immune|p1a: Corviknight\n|move|p1a: Corviknight|Brave Bird|p2a: Thieving Drunk\n|-damage|p2a: Thieving Drunk|50\/100\n|-damage|p1a: Corviknight|90\/100|[from] Recoil\n|\n|upkeep\n|turn|43\n|\n|t:|1666422917\n|move|p2a: Thieving Drunk|Roost|p2a: Thieving Drunk\n|-heal|p2a: Thieving Drunk|100\/100\n|-singleturn|p2a: Thieving Drunk|move: Roost\n|move|p1a: Corviknight|Brave Bird|p2a: Thieving Drunk\n|-damage|p2a: Thieving Drunk|81\/100\n|-damage|p1a: Corviknight|84\/100|[from] Recoil\n|\n|upkeep\n|turn|44\n|\n|t:|1666422920\n|move|p2a: Thieving Drunk|Earthquake|p1a: Corviknight\n|-immune|p1a: Corviknight\n|move|p1a: Corviknight|Brave Bird|p2a: Thieving Drunk\n|-damage|p2a: Thieving Drunk|41\/100\n|-damage|p1a: Corviknight|74\/100|[from] Recoil\n|\n|upkeep\n|turn|45\n|\n|t:|1666422924\n|move|p2a: Thieving Drunk|Roost|p2a: Thieving Drunk\n|-heal|p2a: Thieving Drunk|91\/100\n|-singleturn|p2a: Thieving Drunk|move: Roost\n|move|p1a: Corviknight|Brave Bird|p2a: Thieving Drunk\n|-damage|p2a: Thieving Drunk|52\/100\n|-damage|p1a: Corviknight|63\/100|[from] Recoil\n|\n|upkeep\n|turn|46\n|\n|t:|1666422927\n|move|p2a: Thieving Drunk|Roost|p2a: Thieving Drunk\n|-heal|p2a: Thieving Drunk|100\/100\n|-singleturn|p2a: Thieving Drunk|move: Roost\n|move|p1a: Corviknight|Roost|p1a: Corviknight\n|-heal|p1a: Corviknight|100\/100\n|-singleturn|p1a: Corviknight|move: Roost\n|\n|upkeep\n|turn|47\n|\n|t:|1666422930\n|move|p2a: Thieving Drunk|Earthquake|p1a: Corviknight\n|-immune|p1a: Corviknight\n|move|p1a: Corviknight|Brave Bird|p2a: Thieving Drunk\n|-damage|p2a: Thieving Drunk|81\/100\n|-damage|p1a: Corviknight|95\/100|[from] Recoil\n|\n|upkeep\n|turn|48\n|\n|t:|1666422934\n|move|p2a: Thieving Drunk|Dragon Dance|p2a: Thieving Drunk\n|-boost|p2a: Thieving Drunk|atk|0\n|-boost|p2a: Thieving Drunk|spe|0\n|move|p1a: Corviknight|Brave Bird|p2a: Thieving Drunk\n|-damage|p2a: Thieving Drunk|41\/100\n|-damage|p1a: Corviknight|84\/100|[from] Recoil\n|\n|upkeep\n|turn|49\n|\n|t:|1666422938\n|move|p2a: Thieving Drunk|Roost|p2a: Thieving Drunk\n|-heal|p2a: Thieving Drunk|91\/100\n|-singleturn|p2a: Thieving Drunk|move: Roost\n|move|p1a: Corviknight|Brave Bird|p2a: Thieving Drunk\n|-damage|p2a: Thieving Drunk|50\/100\n|-damage|p1a: Corviknight|73\/100|[from] Recoil\n|\n|upkeep\n|turn|50\n|\n|t:|1666422941\n|move|p2a: Thieving Drunk|Roost|p2a: Thieving Drunk\n|-heal|p2a: Thieving Drunk|99\/100\n|-singleturn|p2a: Thieving Drunk|move: Roost\n|move|p1a: Corviknight|Brave Bird|p2a: Thieving Drunk\n|-damage|p2a: Thieving Drunk|57\/100\n|-damage|p1a: Corviknight|62\/100|[from] Recoil\n|\n|upkeep\n|turn|51\n|\n|t:|1666422943\n|move|p2a: Thieving Drunk|Dual Wingbeat|p1a: Corviknight\n|-resisted|p1a: Corviknight\n|-damage|p1a: Corviknight|35\/100\n|-damage|p2a: Thieving Drunk|40\/100|[from] item: Rocky Helmet|[of] p1a: Corviknight\n|-resisted|p1a: Corviknight\n|-damage|p1a: Corviknight|10\/100\n|-damage|p2a: Thieving Drunk|24\/100|[from] item: Rocky Helmet|[of] p1a: Corviknight\n|-hitcount|p1a: Corviknight|2\n|move|p1a: Corviknight|Brave Bird|p2a: Thieving Drunk\n|-damage|p2a: Thieving Drunk|0 fnt\n|faint|p2a: Thieving Drunk\n|-damage|p1a: Corviknight|4\/100|[from] Recoil\n|\n|upkeep\n|\n|t:|1666422951\n|switch|p2a: Gundari: Ryuseigun|Urshifu-Rapid-Strike, M|100\/100\n|turn|52\n|\n|t:|1666422957\n|move|p2a: Gundari: Ryuseigun|Close Combat|p1a: Corviknight\n|-damage|p1a: Corviknight|0 fnt\n|-unboost|p2a: Gundari: Ryuseigun|def|1\n|-unboost|p2a: Gundari: Ryuseigun|spd|1\n|-damage|p2a: Gundari: Ryuseigun|84\/100|[from] item: Rocky Helmet|[of] p1a: Corviknight\n|faint|p1a: Corviknight\n|\n|upkeep\n|\n|t:|1666422965\n|switch|p1a: Zeraora|Zeraora|100\/100\n|turn|53\n|\n|t:|1666422969\n|switch|p2a: Flirty Drunk|Chansey, F|92\/100\n|move|p1a: Zeraora|Plasma Fists|p2a: Flirty Drunk\n|-damage|p2a: Flirty Drunk|49\/100\n|-fieldactivate|move: Ion Deluge\n|-hint|Normal-type moves become Electric-type after using Plasma Fists.\n|-damage|p1a: Zeraora|91\/100|[from] item: Life Orb\n|\n|upkeep\n|turn|54\n|\n|t:|1666422976\n|move|p1a: Zeraora|Bulk Up|p1a: Zeraora\n|-boost|p1a: Zeraora|atk|1\n|-boost|p1a: Zeraora|def|1\n|move|p2a: Flirty Drunk|Soft-Boiled|p2a: Flirty Drunk\n|-heal|p2a: Flirty Drunk|99\/100\n|\n|upkeep\n|turn|55\n|\n|t:|1666422982\n|move|p1a: Zeraora|Close Combat|p2a: Flirty Drunk\n|-supereffective|p2a: Flirty Drunk\n|-damage|p2a: Flirty Drunk|0 fnt\n|-unboost|p1a: Zeraora|def|1\n|-unboost|p1a: Zeraora|spd|1\n|faint|p2a: Flirty Drunk\n|-damage|p1a: Zeraora|81\/100|[from] item: Life Orb\n|\n|upkeep\n|\n|t:|1666422985\n|switch|p2a: Death Destroyer|Aegislash, M|82\/100\n|turn|56\n|\n|t:|1666422991\n|move|p1a: Zeraora|Plasma Fists|p2a: Death Destroyer\n|-damage|p2a: Death Destroyer|0 fnt\n|-fieldactivate|move: Ion Deluge\n|-hint|Normal-type moves become Electric-type after using Plasma Fists.\n|faint|p2a: Death Destroyer\n|-damage|p1a: Zeraora|71\/100|[from] item: Life Orb\n|\n|upkeep\n|-message|Raimei Hakkei 2 forfeited.\n|\n|win|dadio4\n|raw|dadio4's rating: 1528 &rarr; <strong>1546<\/strong><br \/>(+18 for winning)\n|raw|Raimei Hakkei 2's rating: 1486 &rarr; <strong>1468<\/strong><br \/>(-18 for losing)\n|l|\u2606Raimei Hakkei 2\n","uploadtime":1666423009,"views":11,"p1id":"dadio4","p2id":"raimeihakkei2","formatid":"gen8ou","rating":1468,"private":0,"password":null}