{"id":"gen8ou-1231573649","p1":"EG Starwind","p2":"I'M AT MY LIMIT!","format":"gen8ou","log":"|j|\u2606EG Starwind\n|t:|1606357986\n|player|p1|EG Starwind|266|1680\n|player|p2|I'M AT MY LIMIT!|youngcouple-gen4dp|1711\n|teamsize|p1|6\n|teamsize|p2|6\n|gametype|singles\n|gen|8\n|tier|[Gen 8] OU\n|rated|\n|clearpoke\n|poke|p1|Porygon2|\n|poke|p1|Marowak-Alola, F|\n|poke|p1|Uxie|\n|poke|p1|Melmetal|\n|poke|p1|Magearna|\n|poke|p1|Reuniclus, F|\n|poke|p2|Buzzwole|\n|poke|p2|Toxapex, M|\n|poke|p2|Dragonite, M|\n|poke|p2|Blissey, F|\n|poke|p2|Quagsire, M|\n|poke|p2|Ferrothorn, F|\n|rule|Sleep Clause Mod: Limit one foe put to sleep\n|rule|Species Clause: Limit one of each Pok\u00e9mon\n|rule|OHKO Clause: OHKO moves are banned\n|rule|Evasion Moves Clause: Evasion moves are banned\n|rule|Endless Battle Clause: Forcing endless battles is banned\n|rule|HP Percentage Mod: HP is shown in percentages\n|rule|Dynamax Clause: You cannot dynamax\n|teampreview\n|j|\u2606I'M AT MY LIMIT!\n|inactive|Battle timer is ON: inactive players will automatically lose when time's up. (requested by EG Starwind)\n|j| Evil T-tar\n|l| Evil T-tar\n|\n|t:|1606358027\n|start\n|switch|p1a: Uxie|Uxie|100\/100\n|switch|p2a: Ferrothorn|Ferrothorn, F|100\/100\n|turn|1\n|\n|t:|1606358033\n|move|p1a: Uxie|Stealth Rock|p2a: Ferrothorn\n|-sidestart|p2: I'M AT MY LIMIT!|move: Stealth Rock\n|move|p2a: Ferrothorn|Spikes|p1a: Uxie\n|-sidestart|p1: EG Starwind|Spikes\n|\n|upkeep\n|turn|2\n|\n|t:|1606358036\n|move|p1a: Uxie|U-turn|p2a: Ferrothorn\n|-damage|p2a: Ferrothorn|94\/100\n|-damage|p1a: Uxie|88\/100|[from] ability: Iron Barbs|[of] p2a: Ferrothorn\n|j| GucciStone\n|\n|t:|1606358039\n|switch|p1a: Marowak|Marowak-Alola, F|100\/100|[from]move: U-turn\n|-damage|p1a: Marowak|88\/100|[from] Spikes\n|move|p2a: Ferrothorn|Spikes|p1a: Marowak\n|-sidestart|p1: EG Starwind|Spikes\n|\n|-heal|p2a: Ferrothorn|99\/100|[from] item: Leftovers\n|upkeep\n|turn|3\n|\n|t:|1606358048\n|move|p1a: Marowak|Poltergeist|p2a: Ferrothorn\n|-activate|p2a: Ferrothorn|move: Poltergeist|Leftovers\n|-damage|p2a: Ferrothorn|44\/100\n|move|p2a: Ferrothorn|Knock Off|p1a: Marowak\n|-supereffective|p1a: Marowak\n|-damage|p1a: Marowak|47\/100\n|-enditem|p1a: Marowak|Thick Club|[from] move: Knock Off|[of] p2a: Ferrothorn\n|\n|-heal|p2a: Ferrothorn|50\/100|[from] item: Leftovers\n|upkeep\n|turn|4\n|\n|t:|1606358060\n|switch|p2a: Toxapex|Toxapex, M|100\/100\n|-damage|p2a: Toxapex|88\/100|[from] Stealth Rock\n|move|p1a: Marowak|Swords Dance|p1a: Marowak\n|-boost|p1a: Marowak|atk|2\n|\n|upkeep\n|turn|5\n|j| Trailblazer324\n|\n|t:|1606358067\n|switch|p2a: Dragonite|Dragonite, M|100\/100\n|move|p1a: Marowak|Poltergeist|p2a: Dragonite\n|-activate|p2a: Dragonite|move: Poltergeist|Heavy-Duty Boots\n|-damage|p2a: Dragonite|58\/100\n|\n|upkeep\n|turn|6\n|l| Trailblazer324\n|\n|t:|1606358079\n|move|p2a: Dragonite|Earthquake|p1a: Marowak\n|-supereffective|p1a: Marowak\n|-damage|p1a: Marowak|0 fnt\n|faint|p1a: Marowak\n|\n|upkeep\n|\n|t:|1606358090\n|switch|p1a: Reuniclus|Reuniclus, F|100\/100\n|turn|7\n|\n|t:|1606358101\n|switch|p2a: Blissey|Blissey, F|100\/100\n|move|p1a: Reuniclus|Calm Mind|p1a: Reuniclus\n|-boost|p1a: Reuniclus|spa|1\n|-boost|p1a: Reuniclus|spd|1\n|\n|upkeep\n|turn|8\n|\n|t:|1606358112\n|move|p2a: Blissey|Thunder Wave|p1a: Reuniclus\n|-status|p1a: Reuniclus|par\n|move|p1a: Reuniclus|Focus Blast|p2a: Blissey|[miss]\n|-miss|p1a: Reuniclus|p2a: Blissey\n|\n|upkeep\n|turn|9\n|j| SemiProHawk707\n|j| Galiper FS\n|\n|t:|1606358124\n|switch|p2a: Dragonite|Dragonite, M|58\/100\n|move|p1a: Reuniclus|Trick Room|p1a: Reuniclus\n|-fieldstart|move: Trick Room|[of] p1a: Reuniclus\n|\n|upkeep\n|turn|10\n|j| newest of alts\n|\n|t:|1606358138\n|move|p1a: Reuniclus|Psychic|p2a: Dragonite\n|-damage|p2a: Dragonite|0 fnt\n|faint|p2a: Dragonite\n|\n|upkeep\n|j| jjackywacky\n|\n|t:|1606358147\n|switch|p2a: Blissey|Blissey, F|100\/100\n|turn|11\n|\n|t:|1606358153\n|cant|p1a: Reuniclus|par\n|move|p2a: Blissey|Soft-Boiled||[still]\n|-fail|p2a: Blissey|heal\n|\n|upkeep\n|turn|12\n|\n|t:|1606358159\n|move|p1a: Reuniclus|Calm Mind|p1a: Reuniclus\n|-boost|p1a: Reuniclus|spa|1\n|-boost|p1a: Reuniclus|spd|1\n|move|p2a: Blissey|Soft-Boiled||[still]\n|-fail|p2a: Blissey|heal\n|\n|upkeep\n|turn|13\n|\n|t:|1606358177\n|cant|p1a: Reuniclus|par\n|move|p2a: Blissey|Soft-Boiled||[still]\n|-fail|p2a: Blissey|heal\n|\n|-fieldend|move: Trick Room\n|upkeep\n|turn|14\n|\n|t:|1606358191\n|move|p2a: Blissey|Seismic Toss|p1a: Reuniclus\n|-damage|p1a: Reuniclus|77\/100 par\n|move|p1a: Reuniclus|Trick Room|p1a: Reuniclus\n|-fieldstart|move: Trick Room|[of] p1a: Reuniclus\n|\n|upkeep\n|turn|15\n|\n|t:|1606358203\n|switch|p2a: Toxapex|Toxapex, M|100\/100\n|-damage|p2a: Toxapex|88\/100|[from] Stealth Rock\n|cant|p1a: Reuniclus|par\n|\n|upkeep\n|turn|16\n|\n|t:|1606358208\n|switch|p2a: Ferrothorn|Ferrothorn, F|50\/100\n|-damage|p2a: Ferrothorn|44\/100|[from] Stealth Rock\n|move|p1a: Reuniclus|Psychic|p2a: Ferrothorn\n|-resisted|p2a: Ferrothorn\n|-damage|p2a: Ferrothorn|0 fnt\n|faint|p2a: Ferrothorn\n|\n|upkeep\n|\n|t:|1606358209\n|switch|p2a: Quagsire|Quagsire, M|100\/100\n|-damage|p2a: Quagsire|94\/100|[from] Stealth Rock\n|turn|17\n|\n|t:|1606358215\n|move|p1a: Reuniclus|Psychic|p2a: Quagsire\n|-damage|p2a: Quagsire|9\/100\n|move|p2a: Quagsire|Haze|p2a: Quagsire\n|-clearallboost\n|\n|-heal|p2a: Quagsire|15\/100|[from] item: Leftovers\n|upkeep\n|turn|18\n|j| Xuxa vegana\n|\n|t:|1606358221\n|move|p1a: Reuniclus|Psychic|p2a: Quagsire\n|-damage|p2a: Quagsire|0 fnt\n|faint|p2a: Quagsire\n|\n|-fieldend|move: Trick Room\n|upkeep\n|\n|t:|1606358222\n|switch|p2a: Blissey|Blissey, F|100\/100\n|turn|19\n|inactive|EG Starwind has 120 seconds left.\n|l| newest of alts\n|j| Vessev\n|\n|t:|1606358268\n|switch|p1a: Porygon2|Porygon2|100\/100\n|-damage|p1a: Porygon2|84\/100|[from] Spikes\n|-ability|p1a: Porygon2|Download|boost\n|-boost|p1a: Porygon2|atk|1\n|move|p2a: Blissey|Seismic Toss|p1a: Porygon2\n|-damage|p1a: Porygon2|57\/100\n|\n|upkeep\n|turn|20\n|j| DmitriVerdant\n|\n|t:|1606358278\n|move|p2a: Blissey|Thunder Wave|p1a: Porygon2|[miss]\n|-miss|p2a: Blissey|p1a: Porygon2\n|move|p1a: Porygon2|Recover|p1a: Porygon2\n|-heal|p1a: Porygon2|100\/100\n|\n|upkeep\n|turn|21\n|inactive|EG Starwind has 120 seconds left.\n|\n|t:|1606358289\n|switch|p2a: Buzzwole|Buzzwole|100\/100\n|-damage|p2a: Buzzwole|88\/100|[from] Stealth Rock\n|move|p1a: Porygon2|Teleport|p1a: Porygon2\n|\n|t:|1606358298\n|switch|p1a: Reuniclus|Reuniclus, F|77\/100 par|[from]move: Teleport\n|\n|upkeep\n|turn|22\n|inactive|EG Starwind has 120 seconds left.\n|\n|t:|1606358310\n|switch|p2a: Blissey|Blissey, F|100\/100\n|move|p1a: Reuniclus|Focus Blast|p2a: Blissey\n|-supereffective|p2a: Blissey\n|-damage|p2a: Blissey|56\/100\n|\n|upkeep\n|turn|23\n|inactive|EG Starwind has 120 seconds left.\n|\n|t:|1606358319\n|move|p2a: Blissey|Seismic Toss|p1a: Reuniclus\n|-damage|p1a: Reuniclus|53\/100 par\n|cant|p1a: Reuniclus|par\n|\n|upkeep\n|turn|24\n|\n|t:|1606358325\n|move|p2a: Blissey|Seismic Toss|p1a: Reuniclus\n|-damage|p1a: Reuniclus|30\/100 par\n|move|p1a: Reuniclus|Calm Mind|p1a: Reuniclus\n|-boost|p1a: Reuniclus|spa|1\n|-boost|p1a: Reuniclus|spd|1\n|\n|upkeep\n|turn|25\n|\n|t:|1606358336\n|move|p2a: Blissey|Seismic Toss|p1a: Reuniclus\n|-damage|p1a: Reuniclus|6\/100 par\n|cant|p1a: Reuniclus|par\n|\n|upkeep\n|turn|26\n|c|\u2606EG Starwind|So dumb\n|inactive|EG Starwind has 120 seconds left.\n|\n|t:|1606358354\n|move|p2a: Blissey|Seismic Toss|p1a: Reuniclus\n|-damage|p1a: Reuniclus|0 fnt\n|faint|p1a: Reuniclus\n|\n|upkeep\n|\n|t:|1606358356\n|switch|p1a: Melmetal|Melmetal|100\/100\n|-damage|p1a: Melmetal|84\/100|[from] Spikes\n|turn|27\n|\n|t:|1606358361\n|switch|p2a: Toxapex|Toxapex, M|100\/100\n|-damage|p2a: Toxapex|88\/100|[from] Stealth Rock\n|move|p1a: Melmetal|Double Iron Bash|p2a: Toxapex\n|-resisted|p2a: Toxapex\n|-damage|p2a: Toxapex|70\/100\n|-resisted|p2a: Toxapex\n|-damage|p2a: Toxapex|49\/100\n|-hitcount|p2a: Toxapex|2\n|\n|upkeep\n|turn|28\n|\n|t:|1606358370\n|switch|p1a: Magearna|Magearna|100\/100\n|-damage|p1a: Magearna|84\/100|[from] Spikes\n|move|p2a: Toxapex|Recover|p2a: Toxapex\n|-heal|p2a: Toxapex|99\/100\n|\n|-heal|p1a: Magearna|90\/100|[from] item: Leftovers\n|upkeep\n|turn|29\n|\n|t:|1606358373\n|move|p1a: Magearna|Volt Switch|p2a: Toxapex\n|-supereffective|p2a: Toxapex\n|-damage|p2a: Toxapex|55\/100\n|\n|t:|1606358377\n|switch|p1a: Melmetal|Melmetal|84\/100|[from]move: Volt Switch\n|-damage|p1a: Melmetal|67\/100|[from] Spikes\n|move|p2a: Toxapex|Recover|p2a: Toxapex\n|-heal|p2a: Toxapex|100\/100\n|\n|upkeep\n|turn|30\n|\n|t:|1606358379\n|switch|p2a: Buzzwole|Buzzwole|88\/100\n|-damage|p2a: Buzzwole|76\/100|[from] Stealth Rock\n|move|p1a: Melmetal|Earthquake|p2a: Buzzwole\n|-resisted|p2a: Buzzwole\n|-damage|p2a: Buzzwole|61\/100\n|\n|upkeep\n|turn|31\n|l| jjackywacky\n|\n|t:|1606358383\n|switch|p1a: Magearna|Magearna|90\/100\n|-damage|p1a: Magearna|74\/100|[from] Spikes\n|move|p2a: Buzzwole|Roost|p2a: Buzzwole\n|-heal|p2a: Buzzwole|100\/100\n|-singleturn|p2a: Buzzwole|move: Roost\n|\n|-heal|p1a: Magearna|80\/100|[from] item: Leftovers\n|upkeep\n|turn|32\n|\n|t:|1606358392\n|move|p2a: Buzzwole|Protect|p2a: Buzzwole\n|-singleturn|p2a: Buzzwole|Protect\n|move|p1a: Magearna|Volt Switch|p2a: Buzzwole\n|-activate|p2a: Buzzwole|move: Protect\n|\n|-heal|p1a: Magearna|86\/100|[from] item: Leftovers\n|upkeep\n|turn|33\n|\n|t:|1606358404\n|switch|p2a: Blissey|Blissey, F|56\/100\n|move|p1a: Magearna|Fleur Cannon|p2a: Blissey\n|-damage|p2a: Blissey|28\/100\n|-unboost|p1a: Magearna|spa|2\n|\n|-heal|p1a: Magearna|92\/100|[from] item: Leftovers\n|upkeep\n|turn|34\n|\n|t:|1606358409\n|move|p2a: Blissey|Soft-Boiled|p2a: Blissey\n|-heal|p2a: Blissey|78\/100\n|move|p1a: Magearna|Volt Switch|p2a: Blissey\n|-damage|p2a: Blissey|73\/100\n|\n|t:|1606358411\n|switch|p1a: Melmetal|Melmetal|67\/100|[from]move: Volt Switch\n|-damage|p1a: Melmetal|50\/100|[from] Spikes\n|\n|upkeep\n|turn|35\n|\n|t:|1606358418\n|switch|p2a: Buzzwole|Buzzwole|100\/100\n|-damage|p2a: Buzzwole|88\/100|[from] Stealth Rock\n|move|p1a: Melmetal|Earthquake|p2a: Buzzwole\n|-resisted|p2a: Buzzwole\n|-damage|p2a: Buzzwole|74\/100\n|\n|upkeep\n|turn|36\n|\n|t:|1606358429\n|switch|p1a: Magearna|Magearna|92\/100\n|-damage|p1a: Magearna|75\/100|[from] Spikes\n|move|p2a: Buzzwole|Drain Punch|p1a: Magearna\n|-damage|p1a: Magearna|48\/100\n|-heal|p2a: Buzzwole|86\/100|[from] drain|[of] p1a: Magearna\n|\n|-heal|p1a: Magearna|54\/100|[from] item: Leftovers\n|upkeep\n|turn|37\n|\n|t:|1606358433\n|move|p2a: Buzzwole|Protect|p2a: Buzzwole\n|-singleturn|p2a: Buzzwole|Protect\n|move|p1a: Magearna|Volt Switch|p2a: Buzzwole\n|-activate|p2a: Buzzwole|move: Protect\n|\n|-heal|p1a: Magearna|60\/100|[from] item: Leftovers\n|upkeep\n|turn|38\n|\n|t:|1606358440\n|switch|p2a: Blissey|Blissey, F|73\/100\n|move|p1a: Magearna|Volt Switch|p2a: Blissey\n|-damage|p2a: Blissey|64\/100\n|\n|t:|1606358444\n|switch|p1a: Melmetal|Melmetal|50\/100|[from]move: Volt Switch\n|-damage|p1a: Melmetal|34\/100|[from] Spikes\n|\n|upkeep\n|turn|39\n|\n|t:|1606358450\n|switch|p2a: Toxapex|Toxapex, M|100\/100\n|-damage|p2a: Toxapex|88\/100|[from] Stealth Rock\n|move|p1a: Melmetal|Double Iron Bash|p2a: Toxapex\n|-resisted|p2a: Toxapex\n|-damage|p2a: Toxapex|67\/100\n|-resisted|p2a: Toxapex\n|-damage|p2a: Toxapex|46\/100\n|-hitcount|p2a: Toxapex|2\n|\n|upkeep\n|turn|40\n|\n|t:|1606358458\n|move|p2a: Toxapex|Recover|p2a: Toxapex\n|-heal|p2a: Toxapex|96\/100\n|move|p1a: Melmetal|Double Iron Bash|p2a: Toxapex\n|-resisted|p2a: Toxapex\n|-damage|p2a: Toxapex|76\/100\n|-resisted|p2a: Toxapex\n|-damage|p2a: Toxapex|55\/100\n|-hitcount|p2a: Toxapex|2\n|\n|upkeep\n|turn|41\n|-message|EG Starwind forfeited.\n|\n|win|I'M AT MY LIMIT!\n|l|\u2606EG Starwind\n|l| Xuxa vegana\n|l| SemiProHawk707\n|c|\u2606I'M AT MY LIMIT!|Ok\n|l| Vessev\n|raw|EG Starwind's rating: 1680 &rarr; <strong>1662<\/strong><br \/>(-18 for losing)\n|raw|I&apos;M AT MY LIMIT!'s rating: 1714 &rarr; <strong>1732<\/strong><br \/>(+18 for winning)\n","uploadtime":1606358493,"views":31,"p1id":"egstarwind","p2id":"imatmylimit","formatid":"gen8ou","rating":1662,"private":0,"password":null}