{"id":"gen8ou-1681353322","p1":"Hgfhhfghfff","p2":"minimax_ai","format":"gen8ou","log":"|j|\u2606Hgfhhfghfff\n|j|\u2606minimax_ai\n|t:|1665303148\n|gametype|singles\n|player|p1|Hgfhhfghfff|169|1504\n|player|p2|minimax_ai|lusamine-nihilego|1487\n|teamsize|p1|6\n|teamsize|p2|6\n|gen|8\n|tier|[Gen 8] OU\n|rated|\n|rule|Sleep Clause Mod: Limit one foe put to sleep\n|rule|Species Clause: Limit one of each Pok\u00e9mon\n|rule|OHKO Clause: OHKO moves are banned\n|rule|Evasion Items Clause: Evasion items are banned\n|rule|Evasion Moves Clause: Evasion moves are banned\n|rule|Endless Battle Clause: Forcing endless battles is banned\n|rule|HP Percentage Mod: HP is shown in percentages\n|rule|Dynamax Clause: You cannot dynamax\n|clearpoke\n|poke|p1|Rillaboom, M|\n|poke|p1|Jirachi|\n|poke|p1|Keldeo-Resolute|\n|poke|p1|Nidoking, M|\n|poke|p1|Diancie|\n|poke|p1|Zapdos|\n|poke|p2|Rotom-Wash|\n|poke|p2|Weavile, M|\n|poke|p2|Landorus-Therian, M|\n|poke|p2|Heatran, M|\n|poke|p2|Tangrowth, F|\n|poke|p2|Melmetal|\n|teampreview\n|c|\u2606minimax_ai|hf\n|inactive|Battle timer is ON: inactive players will automatically lose when time's up. (requested by minimax_ai)\n|\n|t:|1665303162\n|start\n|switch|p1a: Keldeo|Keldeo-Resolute|100\/100\n|switch|p2a: Melmetal|Melmetal|100\/100\n|turn|1\n|\n|t:|1665303167\n|move|p1a: Keldeo|Substitute|p1a: Keldeo\n|-start|p1a: Keldeo|Substitute\n|-damage|p1a: Keldeo|76\/100\n|move|p2a: Melmetal|Thunder Punch|p1a: Keldeo\n|-supereffective|p1a: Keldeo\n|-end|p1a: Keldeo|Substitute\n|\n|-heal|p1a: Keldeo|82\/100|[from] item: Leftovers\n|upkeep\n|turn|2\n|\n|t:|1665303174\n|switch|p1a: Nidoking|Nidoking, M|100\/100\n|move|p2a: Melmetal|Thunder Punch|p1a: Nidoking\n|-immune|p1a: Nidoking\n|\n|upkeep\n|turn|3\n|\n|t:|1665303183\n|move|p1a: Nidoking|Earth Power|p2a: Melmetal\n|-supereffective|p2a: Melmetal\n|-damage|p2a: Melmetal|29\/100\n|move|p2a: Melmetal|Double Iron Bash|p1a: Nidoking\n|-damage|p1a: Nidoking|46\/100\n|-damage|p1a: Nidoking|0 fnt\n|faint|p1a: Nidoking\n|-hitcount|p1: Nidoking|2\n|\n|upkeep\n|inactive|Hgfhhfghfff has 120 seconds left.\n|\n|t:|1665303221\n|switch|p1a: Keldeo|Keldeo-Resolute|82\/100\n|turn|4\n|\n|t:|1665303224\n|switch|p2a: Tangrowth|Tangrowth, F|100\/100\n|move|p1a: Keldeo|Secret Sword|p2a: Tangrowth\n|-damage|p2a: Tangrowth|77\/100\n|\n|-heal|p1a: Keldeo|88\/100|[from] item: Leftovers\n|upkeep\n|turn|5\n|\n|t:|1665303234\n|switch|p1a: Zapdos|Zapdos|100\/100\n|move|p2a: Tangrowth|Giga Drain|p1a: Zapdos\n|-resisted|p1a: Zapdos\n|-damage|p1a: Zapdos|86\/100\n|-heal|p2a: Tangrowth|84\/100|[from] drain|[of] p1a: Zapdos\n|\n|upkeep\n|turn|6\n|\n|t:|1665303239\n|switch|p2a: landorustherian|Landorus-Therian, M|100\/100\n|-ability|p2a: landorustherian|Intimidate|boost\n|-unboost|p1a: Zapdos|atk|1\n|move|p1a: Zapdos|Heat Wave|p2a: landorustherian\n|-damage|p2a: landorustherian|80\/100\n|\n|-heal|p2a: landorustherian|86\/100|[from] item: Leftovers\n|upkeep\n|turn|7\n|\n|t:|1665303253\n|switch|p1a: Jirachi|Jirachi|100\/100\n|move|p2a: landorustherian|Toxic|p1a: Jirachi\n|-immune|p1a: Jirachi\n|\n|-heal|p2a: landorustherian|92\/100|[from] item: Leftovers\n|upkeep\n|turn|8\n|\n|t:|1665303259\n|move|p1a: Jirachi|Icy Wind|p2a: landorustherian\n|-supereffective|p2a: landorustherian\n|-damage|p2a: landorustherian|40\/100\n|-unboost|p2a: landorustherian|spe|1\n|move|p2a: landorustherian|Earthquake|p1a: Jirachi\n|-supereffective|p1a: Jirachi\n|-damage|p1a: Jirachi|0 fnt\n|faint|p1a: Jirachi\n|\n|-heal|p2a: landorustherian|46\/100|[from] item: Leftovers\n|upkeep\n|\n|t:|1665303277\n|switch|p1a: Keldeo|Keldeo-Resolute|88\/100\n|turn|9\n|\n|t:|1665303279\n|switch|p2a: Tangrowth|Tangrowth, F|100\/100\n|move|p1a: Keldeo|Scald|p2a: Tangrowth\n|-resisted|p2a: Tangrowth\n|-damage|p2a: Tangrowth|69\/100\n|\n|-heal|p1a: Keldeo|94\/100|[from] item: Leftovers\n|upkeep\n|turn|10\n|\n|t:|1665303287\n|switch|p1a: Zapdos|Zapdos|86\/100\n|move|p2a: Tangrowth|Giga Drain|p1a: Zapdos\n|-resisted|p1a: Zapdos\n|-damage|p1a: Zapdos|73\/100\n|-heal|p2a: Tangrowth|75\/100|[from] drain|[of] p1a: Zapdos\n|\n|upkeep\n|turn|11\n|\n|t:|1665303295\n|switch|p2a: landorustherian|Landorus-Therian, M|46\/100\n|-ability|p2a: landorustherian|Intimidate|boost\n|-unboost|p1a: Zapdos|atk|1\n|move|p1a: Zapdos|Discharge|p2a: landorustherian\n|-immune|p2a: landorustherian\n|\n|-heal|p2a: landorustherian|52\/100|[from] item: Leftovers\n|upkeep\n|turn|12\n|\n|t:|1665303300\n|move|p1a: Zapdos|Heat Wave|p2a: landorustherian\n|-damage|p2a: landorustherian|32\/100\n|move|p2a: landorustherian|Toxic|p1a: Zapdos|[miss]\n|-miss|p2a: landorustherian|p1a: Zapdos\n|\n|-heal|p2a: landorustherian|38\/100|[from] item: Leftovers\n|upkeep\n|turn|13\n|\n|t:|1665303307\n|move|p1a: Zapdos|Heat Wave|p2a: landorustherian\n|-damage|p2a: landorustherian|18\/100\n|move|p2a: landorustherian|Toxic|p1a: Zapdos\n|-status|p1a: Zapdos|tox\n|\n|-heal|p2a: landorustherian|24\/100|[from] item: Leftovers\n|-damage|p1a: Zapdos|67\/100 tox|[from] psn\n|upkeep\n|turn|14\n|\n|t:|1665303312\n|move|p1a: Zapdos|Heat Wave|p2a: landorustherian|[miss]\n|-miss|p1a: Zapdos|p2a: landorustherian\n|move|p2a: landorustherian|Toxic|p1a: Zapdos\n|-fail|p1a: Zapdos|tox\n|\n|-heal|p2a: landorustherian|30\/100|[from] item: Leftovers\n|-damage|p1a: Zapdos|55\/100 tox|[from] psn\n|upkeep\n|turn|15\n|\n|t:|1665303316\n|move|p1a: Zapdos|Heat Wave|p2a: landorustherian\n|-damage|p2a: landorustherian|11\/100\n|move|p2a: landorustherian|Toxic|p1a: Zapdos\n|-fail|p1a: Zapdos|tox\n|\n|-heal|p2a: landorustherian|17\/100|[from] item: Leftovers\n|-damage|p1a: Zapdos|37\/100 tox|[from] psn\n|upkeep\n|turn|16\n|\n|t:|1665303321\n|move|p1a: Zapdos|Heat Wave|p2a: landorustherian\n|-damage|p2a: landorustherian|0 fnt\n|faint|p2a: landorustherian\n|\n|-damage|p1a: Zapdos|13\/100 tox|[from] psn\n|upkeep\n|\n|t:|1665303321\n|switch|p2a: Weavile|Weavile, M|100\/100\n|-ability|p2a: Weavile|Pressure\n|turn|17\n|\n|t:|1665303330\n|move|p2a: Weavile|Triple Axel|p1a: Zapdos|[miss]\n|-miss|p2a: Weavile|p1a: Zapdos\n|move|p1a: Zapdos|Discharge|p2a: Weavile\n|-damage|p2a: Weavile|53\/100\n|\n|-damage|p1a: Zapdos|0 fnt|[from] psn\n|faint|p1a: Zapdos\n|upkeep\n|\n|t:|1665303344\n|switch|p1a: Keldeo|Keldeo-Resolute|94\/100\n|turn|18\n|\n|t:|1665303347\n|switch|p2a: Tangrowth|Tangrowth, F|100\/100\n|move|p1a: Keldeo|Scald|p2a: Tangrowth\n|-resisted|p2a: Tangrowth\n|-damage|p2a: Tangrowth|68\/100\n|\n|-heal|p1a: Keldeo|100\/100|[from] item: Leftovers\n|upkeep\n|turn|19\n|\n|t:|1665303362\n|switch|p1a: Diancie|Diancie|100\/100\n|move|p2a: Tangrowth|Giga Drain|p1a: Diancie\n|-supereffective|p1a: Diancie\n|-damage|p1a: Diancie|69\/100\n|-heal|p2a: Tangrowth|80\/100|[from] drain|[of] p1a: Diancie\n|\n|upkeep\n|turn|20\n|\n|t:|1665303368\n|switch|p2a: rotomwash|Rotom-Wash|100\/100\n|move|p1a: Diancie|Mystical Fire|p2a: rotomwash\n|-resisted|p2a: rotomwash\n|-damage|p2a: rotomwash|89\/100\n|-unboost|p2a: rotomwash|spa|1\n|\n|-heal|p2a: rotomwash|95\/100|[from] item: Leftovers\n|upkeep\n|turn|21\n|\n|t:|1665303378\n|move|p2a: rotomwash|Hydro Pump|p1a: Diancie\n|-supereffective|p1a: Diancie\n|-damage|p1a: Diancie|36\/100\n|move|p1a: Diancie|Draining Kiss|p2a: rotomwash\n|-damage|p2a: rotomwash|69\/100\n|-heal|p1a: Diancie|56\/100|[from] drain|[of] p2a: rotomwash\n|\n|-heal|p2a: rotomwash|75\/100|[from] item: Leftovers\n|upkeep\n|turn|22\n|\n|t:|1665303389\n|switch|p1a: Rillaboom|Rillaboom, M|100\/100\n|-fieldstart|move: Grassy Terrain|[from] ability: Grassy Surge|[of] p1a: Rillaboom\n|move|p2a: rotomwash|Nasty Plot|p2a: rotomwash\n|-boost|p2a: rotomwash|spa|2\n|\n|-heal|p2a: rotomwash|82\/100|[from] item: Leftovers\n|upkeep\n|turn|23\n|\n|t:|1665303398\n|switch|p2a: Tangrowth|Tangrowth, F|100\/100\n|move|p1a: Rillaboom|U-turn|p2a: Tangrowth\n|-supereffective|p2a: Tangrowth\n|-damage|p2a: Tangrowth|72\/100\n|-damage|p1a: Rillaboom|84\/100|[from] item: Rocky Helmet|[of] p2a: Tangrowth\n|\n|t:|1665303403\n|switch|p1a: Diancie|Diancie|56\/100|[from]move: U-turn\n|\n|-heal|p2a: Tangrowth|78\/100|[from] Grassy Terrain\n|-heal|p1a: Diancie|62\/100|[from] Grassy Terrain\n|upkeep\n|turn|24\n|\n|t:|1665303406\n|switch|p2a: rotomwash|Rotom-Wash|82\/100\n|move|p1a: Diancie|Mystical Fire|p2a: rotomwash\n|-resisted|p2a: rotomwash\n|-crit|p2a: rotomwash\n|-damage|p2a: rotomwash|64\/100\n|-unboost|p2a: rotomwash|spa|1\n|\n|-heal|p2a: rotomwash|70\/100|[from] item: Leftovers\n|-heal|p1a: Diancie|68\/100|[from] Grassy Terrain\n|upkeep\n|turn|25\n|\n|t:|1665303413\n|move|p2a: rotomwash|Nasty Plot|p2a: rotomwash\n|-boost|p2a: rotomwash|spa|2\n|move|p1a: Diancie|Draining Kiss|p2a: rotomwash\n|-damage|p2a: rotomwash|42\/100\n|-heal|p1a: Diancie|89\/100|[from] drain|[of] p2a: rotomwash\n|\n|-heal|p2a: rotomwash|49\/100|[from] item: Leftovers\n|-heal|p1a: Diancie|95\/100|[from] Grassy Terrain\n|upkeep\n|turn|26\n|\n|t:|1665303420\n|switch|p1a: Rillaboom|Rillaboom, M|84\/100\n|move|p2a: rotomwash|Pain Split|p1a: Rillaboom\n|-sethp|p1a: Rillaboom|64\/100|[from] move: Pain Split|[silent]\n|-sethp|p2a: rotomwash|71\/100|[from] move: Pain Split\n|\n|-heal|p2a: rotomwash|77\/100|[from] item: Leftovers\n|-heal|p1a: Rillaboom|70\/100|[from] Grassy Terrain\n|-fieldend|move: Grassy Terrain\n|upkeep\n|turn|27\n|\n|t:|1665303428\n|switch|p2a: Tangrowth|Tangrowth, F|100\/100\n|move|p1a: Rillaboom|Wood Hammer|p2a: Tangrowth\n|-resisted|p2a: Tangrowth\n|-damage|p2a: Tangrowth|81\/100\n|-damage|p1a: Rillaboom|53\/100|[from] item: Rocky Helmet|[of] p2a: Tangrowth\n|-damage|p1a: Rillaboom|46\/100|[from] Recoil\n|\n|upkeep\n|turn|28\n|\n|t:|1665303434\n|switch|p1a: Diancie|Diancie|95\/100\n|move|p2a: Tangrowth|Sleep Powder|p1a: Diancie\n|-status|p1a: Diancie|slp|[from] move: Sleep Powder\n|\n|upkeep\n|turn|29\n|\n|t:|1665303445\n|move|p2a: Tangrowth|Giga Drain|p1a: Diancie\n|-supereffective|p1a: Diancie\n|-damage|p1a: Diancie|65\/100 slp\n|-heal|p2a: Tangrowth|93\/100|[from] drain|[of] p1a: Diancie\n|cant|p1a: Diancie|slp\n|\n|upkeep\n|turn|30\n|\n|t:|1665303448\n|-curestatus|p1a: Diancie|slp|[msg]\n|move|p1a: Diancie|Mystical Fire|p2a: Tangrowth\n|-supereffective|p2a: Tangrowth\n|-damage|p2a: Tangrowth|20\/100\n|-unboost|p2a: Tangrowth|spa|1\n|move|p2a: Tangrowth|Giga Drain|p1a: Diancie\n|-supereffective|p1a: Diancie\n|-damage|p1a: Diancie|45\/100\n|-heal|p2a: Tangrowth|27\/100|[from] drain|[of] p1a: Diancie\n|\n|upkeep\n|turn|31\n|\n|t:|1665303460\n|switch|p2a: rotomwash|Rotom-Wash|77\/100\n|move|p1a: Diancie|Draining Kiss|p2a: rotomwash\n|-damage|p2a: rotomwash|51\/100\n|-heal|p1a: Diancie|64\/100|[from] drain|[of] p2a: rotomwash\n|\n|-heal|p2a: rotomwash|58\/100|[from] item: Leftovers\n|upkeep\n|turn|32\n|\n|t:|1665303467\n|switch|p1a: Rillaboom|Rillaboom, M|46\/100\n|-fieldstart|move: Grassy Terrain|[from] ability: Grassy Surge|[of] p1a: Rillaboom\n|move|p2a: rotomwash|Hydro Pump|p1a: Rillaboom\n|-resisted|p1a: Rillaboom\n|-damage|p1a: Rillaboom|19\/100\n|\n|-heal|p2a: rotomwash|64\/100|[from] item: Leftovers\n|-heal|p1a: Rillaboom|25\/100|[from] Grassy Terrain\n|upkeep\n|turn|33\n|\n|t:|1665303477\n|switch|p2a: Tangrowth|Tangrowth, F|60\/100\n|move|p1a: Rillaboom|Knock Off|p2a: Tangrowth\n|-damage|p2a: Tangrowth|41\/100\n|-damage|p1a: Rillaboom|8\/100|[from] item: Rocky Helmet|[of] p2a: Tangrowth\n|-enditem|p2a: Tangrowth|Rocky Helmet|[from] move: Knock Off|[of] p1a: Rillaboom\n|\n|-heal|p1a: Rillaboom|15\/100|[from] Grassy Terrain\n|-heal|p2a: Tangrowth|47\/100|[from] Grassy Terrain\n|upkeep\n|turn|34\n|\n|t:|1665303483\n|move|p1a: Rillaboom|U-turn|p2a: Tangrowth\n|-supereffective|p2a: Tangrowth\n|-damage|p2a: Tangrowth|18\/100\n|\n|t:|1665303486\n|switch|p1a: Diancie|Diancie|64\/100|[from]move: U-turn\n|move|p2a: Tangrowth|Giga Drain|p1a: Diancie\n|-supereffective|p1a: Diancie\n|-damage|p1a: Diancie|26\/100\n|-heal|p2a: Tangrowth|32\/100|[from] drain|[of] p1a: Diancie\n|\n|-heal|p1a: Diancie|32\/100|[from] Grassy Terrain\n|-heal|p2a: Tangrowth|39\/100|[from] Grassy Terrain\n|upkeep\n|turn|35\n|\n|t:|1665303493\n|switch|p2a: rotomwash|Rotom-Wash|64\/100\n|move|p1a: Diancie|Draining Kiss|p2a: rotomwash\n|-damage|p2a: rotomwash|39\/100\n|-heal|p1a: Diancie|50\/100|[from] drain|[of] p2a: rotomwash\n|\n|-heal|p2a: rotomwash|46\/100|[from] item: Leftovers\n|-heal|p1a: Diancie|56\/100|[from] Grassy Terrain\n|upkeep\n|turn|36\n|\n|t:|1665303499\n|move|p2a: rotomwash|Hydro Pump|p1a: Diancie\n|-supereffective|p1a: Diancie\n|-damage|p1a: Diancie|11\/100\n|move|p1a: Diancie|Draining Kiss|p2a: rotomwash\n|-damage|p2a: rotomwash|19\/100\n|-heal|p1a: Diancie|31\/100|[from] drain|[of] p2a: rotomwash\n|\n|-heal|p2a: rotomwash|25\/100|[from] item: Leftovers\n|-heal|p1a: Diancie|37\/100|[from] Grassy Terrain\n|-fieldend|move: Grassy Terrain\n|upkeep\n|turn|37\n|\n|t:|1665303510\n|move|p2a: rotomwash|Hydro Pump|p1a: Diancie|[miss]\n|-miss|p2a: rotomwash|p1a: Diancie\n|move|p1a: Diancie|Draining Kiss|p2a: rotomwash\n|-damage|p2a: rotomwash|1\/100\n|-heal|p1a: Diancie|55\/100|[from] drain|[of] p2a: rotomwash\n|\n|-heal|p2a: rotomwash|7\/100|[from] item: Leftovers\n|upkeep\n|turn|38\n|\n|t:|1665303518\n|switch|p1a: Rillaboom|Rillaboom, M|15\/100\n|-fieldstart|move: Grassy Terrain|[from] ability: Grassy Surge|[of] p1a: Rillaboom\n|move|p2a: rotomwash|Hydro Pump|p1a: Rillaboom\n|-resisted|p1a: Rillaboom\n|-damage|p1a: Rillaboom|0 fnt\n|faint|p1a: Rillaboom\n|\n|-heal|p2a: rotomwash|14\/100|[from] item: Leftovers\n|upkeep\n|\n|t:|1665303527\n|switch|p1a: Keldeo|Keldeo-Resolute|100\/100\n|turn|39\n|\n|t:|1665303532\n|switch|p2a: Tangrowth|Tangrowth, F|72\/100\n|move|p1a: Keldeo|Calm Mind|p1a: Keldeo\n|-boost|p1a: Keldeo|spa|1\n|-boost|p1a: Keldeo|spd|1\n|\n|-heal|p2a: Tangrowth|78\/100|[from] Grassy Terrain\n|upkeep\n|turn|40\n|\n|t:|1665303537\n|move|p1a: Keldeo|Secret Sword|p2a: Tangrowth\n|-damage|p2a: Tangrowth|41\/100\n|move|p2a: Tangrowth|Giga Drain|p1a: Keldeo\n|-supereffective|p1a: Keldeo\n|-damage|p1a: Keldeo|41\/100\n|-heal|p2a: Tangrowth|64\/100|[from] drain|[of] p1a: Keldeo\n|\n|-heal|p1a: Keldeo|47\/100|[from] Grassy Terrain\n|-heal|p1a: Keldeo|53\/100|[from] item: Leftovers\n|-heal|p2a: Tangrowth|71\/100|[from] Grassy Terrain\n|upkeep\n|turn|41\n|\n|t:|1665303545\n|move|p1a: Keldeo|Scald|p2a: Tangrowth\n|-resisted|p2a: Tangrowth\n|-damage|p2a: Tangrowth|27\/100\n|-status|p2a: Tangrowth|brn\n|move|p2a: Tangrowth|Giga Drain|p1a: Keldeo\n|-supereffective|p1a: Keldeo\n|-damage|p1a: Keldeo|0 fnt\n|-heal|p2a: Tangrowth|49\/100 brn|[from] drain|[of] p1a: Keldeo\n|faint|p1a: Keldeo\n|\n|-heal|p2a: Tangrowth|55\/100 brn|[from] Grassy Terrain\n|-damage|p2a: Tangrowth|49\/100 brn|[from] brn\n|upkeep\n|\n|t:|1665303552\n|switch|p1a: Diancie|Diancie|55\/100\n|turn|42\n|\n|t:|1665303556\n|switch|p2a: rotomwash|Rotom-Wash|14\/100\n|move|p1a: Diancie|Draining Kiss|p2a: rotomwash\n|-damage|p2a: rotomwash|0 fnt\n|-heal|p1a: Diancie|65\/100|[from] drain|[of] p2a: rotomwash\n|faint|p2a: rotomwash\n|\n|-heal|p1a: Diancie|71\/100|[from] Grassy Terrain\n|-fieldend|move: Grassy Terrain\n|upkeep\n|\n|t:|1665303557\n|switch|p2a: Heatran|Heatran, M|100\/100\n|-item|p2a: Heatran|Air Balloon\n|turn|43\n|\n|t:|1665303568\n|move|p2a: Heatran|Magma Storm|p1a: Diancie\n|-resisted|p1a: Diancie\n|-damage|p1a: Diancie|58\/100\n|-activate|p1a: Diancie|move: Magma Storm|[of] p2a: Heatran\n|move|p1a: Diancie|Diamond Storm|p2a: Heatran\n|-damage|p2a: Heatran|69\/100\n|-enditem|p2a: Heatran|Air Balloon\n|\n|-damage|p1a: Diancie|46\/100|[from] move: Magma Storm|[partiallytrapped]\n|upkeep\n|turn|44\n|\n|t:|1665303576\n|move|p2a: Heatran|Earth Power|p1a: Diancie\n|-supereffective|p1a: Diancie\n|-damage|p1a: Diancie|10\/100\n|move|p1a: Diancie|Earth Power|p2a: Heatran\n|-supereffective|p2a: Heatran\n|-damage|p2a: Heatran|0 fnt\n|faint|p2a: Heatran\n|\n|-end|p1a: Diancie|Magma Storm|[partiallytrapped]|[silent]\n|upkeep\n|\n|t:|1665303576\n|switch|p2a: Weavile|Weavile, M|53\/100\n|-ability|p2a: Weavile|Pressure\n|turn|45\n|\n|t:|1665303580\n|move|p2a: Weavile|Triple Axel|p1a: Diancie\n|-damage|p1a: Diancie|0 fnt\n|faint|p1a: Diancie\n|-hitcount|p1: Diancie|1\n|\n|win|minimax_ai\n|raw|Hgfhhfghfff's rating: 1504 &rarr; <strong>1483<\/strong><br \/>(-21 for losing)\n|raw|minimax_ai's rating: 1487 &rarr; <strong>1508<\/strong><br \/>(+21 for winning)\n|c|\u2606minimax_ai|gg\n","uploadtime":1665303582,"views":14,"p1id":"hgfhhfghfff","p2id":"minimaxai","formatid":"gen8ou","rating":1483,"private":0,"password":null}