{"id":"gen8ou-1213621994","p1":"calyforniarex","p2":"X-Wing Fighter","format":"gen8ou","log":"|j|\u2606calyforniarex\n|j|\u2606X-Wing Fighter\n|inactive|Battle timer is ON: inactive players will automatically lose when time's up.\n|t:|1604152625\n|player|p1|calyforniarex|169|\n|player|p2|X-Wing Fighter|hilbert|\n|teamsize|p1|6\n|teamsize|p2|6\n|gametype|singles\n|gen|8\n|tier|[Gen 8] OU\n|rated|Tournament battle\n|clearpoke\n|poke|p1|Melmetal|\n|poke|p1|Slowbro, M|\n|poke|p1|Mandibuzz, F|\n|poke|p1|Zygarde|\n|poke|p1|Clefable, F|\n|poke|p1|Spectrier|\n|poke|p2|Barraskewda, F|\n|poke|p2|Volcanion|\n|poke|p2|Pelipper, F|\n|poke|p2|Tornadus-Therian, M|\n|poke|p2|Magearna|\n|poke|p2|Seismitoad, F|\n|rule|Sleep Clause Mod: Limit one foe put to sleep\n|rule|Species Clause: Limit one of each Pok\u00e9mon\n|rule|OHKO Clause: OHKO moves are banned\n|rule|Evasion Moves Clause: Evasion moves are banned\n|rule|Endless Battle Clause: Forcing endless battles is banned\n|rule|HP Percentage Mod: HP is shown in percentages\n|rule|Dynamax Clause: You cannot dynamax\n|teampreview\n|j| abejas\n|c|\u2606calyforniarex|hf\n|c|\u2606X-Wing Fighter|u2 man\n|j| Supersam10001\n|j| palomares.j\n|j| Katy\n|\n|t:|1604152649\n|start\n|switch|p1a: Zygarde|Zygarde|100\/100\n|switch|p2a: Pelipper|Pelipper, F|100\/100\n|-ability|p1a: Zygarde|Aura Break\n|-weather|RainDance|[from] ability: Drizzle|[of] p2a: Pelipper\n|turn|1\n|j| fal19\n|j| punset07\n|j| A Green Yes\n|inactive|X-Wing Fighter has 120 seconds left.\n|j| Metrona\n|\n|t:|1604152692\n|switch|p2a: Seismitoad|Seismitoad, F|100\/100\n|move|p1a: Zygarde|Substitute|p1a: Zygarde\n|-start|p1a: Zygarde|Substitute\n|-damage|p1a: Zygarde|76\/100\n|\n|-weather|RainDance|[upkeep]\n|-heal|p1a: Zygarde|82\/100|[from] item: Leftovers\n|upkeep\n|turn|2\n|\n|t:|1604152697\n|move|p2a: Seismitoad|Surf|p1a: Zygarde\n|-end|p1a: Zygarde|Substitute\n|move|p1a: Zygarde|Glare|p2a: Seismitoad\n|-status|p2a: Seismitoad|par\n|\n|-weather|RainDance|[upkeep]\n|-heal|p1a: Zygarde|88\/100|[from] item: Leftovers\n|upkeep\n|turn|3\n|\n|t:|1604152702\n|switch|p1a: Slowbro|Slowbro, M|100\/100\n|move|p2a: Seismitoad|Surf|p1a: Slowbro\n|-resisted|p1a: Slowbro\n|-damage|p1a: Slowbro|71\/100\n|\n|-weather|RainDance|[upkeep]\n|upkeep\n|turn|4\n|l| Metrona\n|\n|t:|1604152707\n|switch|p2a: Magearna|Magearna|100\/100\n|move|p1a: Slowbro|Teleport|p1a: Slowbro\n|\n|t:|1604152716\n|switch|p1a: Melmetal|Melmetal|100\/100|[from]move: Teleport\n|\n|-weather|RainDance|[upkeep]\n|upkeep\n|turn|5\n|j| Krypton Xenon\n|\n|t:|1604152735\n|switch|p2a: Seismitoad|Seismitoad, F|100\/100 par\n|move|p1a: Melmetal|Double Iron Bash|p2a: Seismitoad\n|-resisted|p2a: Seismitoad\n|-damage|p2a: Seismitoad|57\/100 par\n|-resisted|p2a: Seismitoad\n|-damage|p2a: Seismitoad|17\/100 par\n|-hitcount|p2a: Seismitoad|2\n|\n|-weather|RainDance|[upkeep]\n|upkeep\n|turn|6\n|c| Krypton Xenon|Good luck :D\n|\n|t:|1604152744\n|switch|p1a: Mandibuzz|Mandibuzz, F|100\/100\n|move|p2a: Seismitoad|Earth Power|p1a: Mandibuzz\n|-immune|p1a: Mandibuzz\n|\n|-weather|RainDance|[upkeep]\n|upkeep\n|turn|7\n|\n|t:|1604152753\n|switch|p2a: Volcanion|Volcanion|100\/100\n|move|p1a: Mandibuzz|U-turn|p2a: Volcanion\n|-resisted|p2a: Volcanion\n|-damage|p2a: Volcanion|95\/100\n|\n|t:|1604152762\n|switch|p1a: Spectrier|Spectrier|100\/100|[from]move: U-turn\n|\n|-weather|RainDance|[upkeep]\n|upkeep\n|turn|8\n|\n|t:|1604152768\n|switch|p2a: Magearna|Magearna|100\/100\n|move|p1a: Spectrier|Shadow Ball|p2a: Magearna\n|-damage|p2a: Magearna|69\/100\n|\n|-weather|none\n|upkeep\n|turn|9\n|\n|t:|1604152774\n|move|p1a: Spectrier|Shadow Ball|p2a: Magearna\n|-damage|p2a: Magearna|39\/100\n|-unboost|p2a: Magearna|spd|1\n|move|p2a: Magearna|Flash Cannon|p1a: Spectrier\n|-damage|p1a: Spectrier|62\/100\n|\n|upkeep\n|turn|10\n|l| Krypton Xenon\n|\n|t:|1604152803\n|switch|p2a: Seismitoad|Seismitoad, F|17\/100 par\n|move|p1a: Spectrier|Shadow Ball|p2a: Seismitoad\n|-damage|p2a: Seismitoad|0 fnt\n|faint|p2a: Seismitoad\n|-ability|p1a: Spectrier|Grim Neigh|boost\n|-boost|p1a: Spectrier|spa|1\n|\n|upkeep\n|\n|t:|1604152805\n|switch|p2a: Pelipper|Pelipper, F|100\/100\n|-weather|RainDance|[from] ability: Drizzle|[of] p2a: Pelipper\n|turn|11\n|\n|t:|1604152809\n|switch|p2a: Magearna|Magearna|39\/100\n|move|p1a: Spectrier|Shadow Ball|p2a: Magearna\n|-damage|p2a: Magearna|0 fnt\n|faint|p2a: Magearna\n|-ability|p1a: Spectrier|Grim Neigh|boost\n|-boost|p1a: Spectrier|spa|1\n|\n|-weather|RainDance|[upkeep]\n|upkeep\n|\n|t:|1604152811\n|switch|p2a: Barraskewda|Barraskewda, F|100\/100\n|turn|12\n|\n|t:|1604152821\n|switch|p1a: Slowbro|Slowbro, M|100\/100\n|move|p2a: Barraskewda|Flip Turn|p1a: Slowbro\n|-resisted|p1a: Slowbro\n|-damage|p1a: Slowbro|79\/100\n|\n|t:|1604152824\n|switch|p2a: Volcanion|Volcanion|95\/100|[from]move: Flip Turn\n|\n|-weather|RainDance|[upkeep]\n|upkeep\n|turn|13\n|\n|t:|1604152831\n|switch|p1a: Clefable|Clefable, F|100\/100\n|move|p2a: Volcanion|Steam Eruption|p1a: Clefable\n|-damage|p1a: Clefable|0 fnt\n|faint|p1a: Clefable\n|\n|-weather|RainDance|[upkeep]\n|upkeep\n|\n|t:|1604152840\n|switch|p1a: Spectrier|Spectrier|62\/100\n|turn|14\n|\n|t:|1604152842\n|move|p1a: Spectrier|Mud Shot|p2a: Volcanion\n|-supereffective|p2a: Volcanion\n|-damage|p2a: Volcanion|18\/100\n|-unboost|p2a: Volcanion|spe|1\n|move|p2a: Volcanion|Steam Eruption|p1a: Spectrier\n|-damage|p1a: Spectrier|0 fnt\n|faint|p1a: Spectrier\n|\n|-weather|RainDance|[upkeep]\n|upkeep\n|\n|t:|1604152849\n|switch|p1a: Zygarde|Zygarde|88\/100\n|-ability|p1a: Zygarde|Aura Break\n|turn|15\n|\n|t:|1604152851\n|move|p1a: Zygarde|Thousand Arrows|p2a: Volcanion\n|-supereffective|p2a: Volcanion\n|-damage|p2a: Volcanion|0 fnt\n|faint|p2a: Volcanion\n|\n|-weather|RainDance|[upkeep]\n|-heal|p1a: Zygarde|94\/100|[from] item: Leftovers\n|upkeep\n|\n|t:|1604152856\n|switch|p2a: Barraskewda|Barraskewda, F|100\/100\n|turn|16\n|\n|t:|1604152859\n|switch|p1a: Slowbro|Slowbro, M|100\/100\n|move|p2a: Barraskewda|Flip Turn|p1a: Slowbro\n|-resisted|p1a: Slowbro\n|-damage|p1a: Slowbro|79\/100\n|\n|t:|1604152861\n|switch|p2a: Tornadus|Tornadus-Therian, M|100\/100|[from]move: Flip Turn\n|\n|-weather|RainDance|[upkeep]\n|upkeep\n|turn|17\n|\n|t:|1604152864\n|switch|p1a: Mandibuzz|Mandibuzz, F|100\/100\n|move|p2a: Tornadus|Nasty Plot|p2a: Tornadus\n|-boost|p2a: Tornadus|spa|2\n|\n|-weather|RainDance|[upkeep]\n|upkeep\n|turn|18\n|j| GW\n|\n|t:|1604152867\n|move|p2a: Tornadus|Hurricane|p1a: Mandibuzz\n|-damage|p1a: Mandibuzz|29\/100\n|move|p1a: Mandibuzz|U-turn|p2a: Tornadus\n|-resisted|p2a: Tornadus\n|-damage|p2a: Tornadus|92\/100\n|\n|t:|1604152877\n|switch|p1a: Zygarde|Zygarde|94\/100|[from]move: U-turn\n|-ability|p1a: Zygarde|Aura Break\n|\n|-weather|none\n|-heal|p1a: Zygarde|100\/100|[from] item: Leftovers\n|upkeep\n|turn|19\n|\n|t:|1604152880\n|move|p2a: Tornadus|Hurricane|p1a: Zygarde\n|-damage|p1a: Zygarde|33\/100\n|move|p1a: Zygarde|Glare|p2a: Tornadus\n|-status|p2a: Tornadus|par\n|\n|-heal|p1a: Zygarde|39\/100|[from] item: Leftovers\n|upkeep\n|turn|20\n|\n|t:|1604152888\n|switch|p1a: Mandibuzz|Mandibuzz, F|29\/100\n|switch|p2a: Pelipper|Pelipper, F|100\/100\n|-weather|RainDance|[from] ability: Drizzle|[of] p2a: Pelipper\n|\n|-weather|RainDance|[upkeep]\n|upkeep\n|turn|21\n|\n|t:|1604152893\n|move|p1a: Mandibuzz|Roost|p1a: Mandibuzz\n|-heal|p1a: Mandibuzz|79\/100\n|-singleturn|p1a: Mandibuzz|move: Roost\n|move|p2a: Pelipper|U-turn|p1a: Mandibuzz\n|-supereffective|p1a: Mandibuzz\n|-damage|p1a: Mandibuzz|64\/100\n|\n|t:|1604152895\n|switch|p2a: Barraskewda|Barraskewda, F|100\/100|[from]move: U-turn\n|\n|-weather|RainDance|[upkeep]\n|upkeep\n|turn|22\n|\n|t:|1604152899\n|switch|p1a: Slowbro|Slowbro, M|100\/100\n|move|p2a: Barraskewda|Flip Turn|p1a: Slowbro\n|-resisted|p1a: Slowbro\n|-damage|p1a: Slowbro|79\/100\n|\n|t:|1604152902\n|switch|p2a: Tornadus|Tornadus-Therian, M|100\/100 par|[from]move: Flip Turn\n|\n|-weather|RainDance|[upkeep]\n|upkeep\n|turn|23\n|\n|t:|1604152909\n|switch|p1a: Mandibuzz|Mandibuzz, F|64\/100\n|move|p2a: Tornadus|Hurricane|p1a: Mandibuzz\n|-damage|p1a: Mandibuzz|32\/100\n|-start|p1a: Mandibuzz|confusion\n|\n|-weather|RainDance|[upkeep]\n|upkeep\n|turn|24\n|\n|t:|1604152916\n|-activate|p1a: Mandibuzz|confusion\n|-damage|p1a: Mandibuzz|27\/100|[from] confusion\n|cant|p2a: Tornadus|par\n|\n|-weather|RainDance|[upkeep]\n|upkeep\n|turn|25\n|\n|t:|1604152920\n|-end|p1a: Mandibuzz|confusion\n|move|p1a: Mandibuzz|Roost|p1a: Mandibuzz\n|-heal|p1a: Mandibuzz|77\/100\n|-singleturn|p1a: Mandibuzz|move: Roost\n|cant|p2a: Tornadus|par\n|\n|-weather|RainDance|[upkeep]\n|upkeep\n|turn|26\n|\n|t:|1604152929\n|move|p1a: Mandibuzz|Foul Play|p2a: Tornadus\n|-crit|p2a: Tornadus\n|-damage|p2a: Tornadus|50\/100 par\n|cant|p2a: Tornadus|par\n|\n|-weather|RainDance|[upkeep]\n|upkeep\n|turn|27\n|\n|t:|1604152936\n|switch|p2a: Pelipper|Pelipper, F|100\/100\n|move|p1a: Mandibuzz|Foul Play|p2a: Pelipper\n|-damage|p2a: Pelipper|87\/100\n|\n|-weather|none\n|upkeep\n|turn|28\n|c|\u2606calyforniarex|:s\n|j| Doctor Scranton\n|\n|t:|1604152943\n|move|p1a: Mandibuzz|U-turn|p2a: Pelipper\n|-resisted|p2a: Pelipper\n|-damage|p2a: Pelipper|82\/100\n|\n|t:|1604152947\n|switch|p1a: Slowbro|Slowbro, M|100\/100|[from]move: U-turn\n|move|p2a: Pelipper|U-turn|p1a: Slowbro\n|-supereffective|p1a: Slowbro\n|-damage|p1a: Slowbro|90\/100\n|\n|t:|1604152950\n|switch|p2a: Tornadus|Tornadus-Therian, M|83\/100 par|[from]move: U-turn\n|\n|upkeep\n|turn|29\n|c| Doctor Scranton|Wait ten seconds.....\n|\n|t:|1604152955\n|move|p2a: Tornadus|Nasty Plot|p2a: Tornadus\n|-boost|p2a: Tornadus|spa|2\n|move|p1a: Slowbro|Future Sight|p2a: Tornadus\n|-start|p1a: Slowbro|move: Future Sight\n|\n|upkeep\n|turn|30\n|\n|t:|1604152959\n|switch|p1a: Mandibuzz|Mandibuzz, F|77\/100\n|move|p2a: Tornadus|Hurricane|p1a: Mandibuzz\n|-damage|p1a: Mandibuzz|10\/100\n|\n|upkeep\n|turn|31\n|l| GW\n|\n|t:|1604152968\n|switch|p2a: Pelipper|Pelipper, F|82\/100\n|-weather|RainDance|[from] ability: Drizzle|[of] p2a: Pelipper\n|move|p1a: Mandibuzz|Roost|p1a: Mandibuzz\n|-heal|p1a: Mandibuzz|61\/100\n|-singleturn|p1a: Mandibuzz|move: Roost\n|\n|-weather|RainDance|[upkeep]\n|-end|p2a: Pelipper|move: Future Sight\n|-damage|p2a: Pelipper|26\/100\n|upkeep\n|turn|32\n|\n|t:|1604152972\n|move|p1a: Mandibuzz|Roost|p1a: Mandibuzz\n|-heal|p1a: Mandibuzz|100\/100\n|-singleturn|p1a: Mandibuzz|move: Roost\n|move|p2a: Pelipper|Roost|p2a: Pelipper\n|-heal|p2a: Pelipper|76\/100\n|-singleturn|p2a: Pelipper|move: Roost\n|\n|-weather|RainDance|[upkeep]\n|upkeep\n|turn|33\n|j| Mega Zygarde-100%\n|\n|t:|1604152976\n|move|p1a: Mandibuzz|Foul Play|p2a: Pelipper\n|-damage|p2a: Pelipper|61\/100\n|move|p2a: Pelipper|U-turn|p1a: Mandibuzz\n|-damage|p1a: Mandibuzz|93\/100\n|\n|t:|1604152980\n|switch|p2a: Barraskewda|Barraskewda, F|100\/100|[from]move: U-turn\n|\n|-weather|RainDance|[upkeep]\n|upkeep\n|turn|34\n|\n|t:|1604152983\n|switch|p1a: Slowbro|Slowbro, M|100\/100\n|move|p2a: Barraskewda|Flip Turn|p1a: Slowbro\n|-resisted|p1a: Slowbro\n|-damage|p1a: Slowbro|78\/100\n|\n|t:|1604152985\n|switch|p2a: Tornadus|Tornadus-Therian, M|100\/100 par|[from]move: Flip Turn\n|\n|-weather|RainDance|[upkeep]\n|upkeep\n|turn|35\n|\n|t:|1604152989\n|move|p2a: Tornadus|Nasty Plot|p2a: Tornadus\n|-boost|p2a: Tornadus|spa|2\n|move|p1a: Slowbro|Scald|p2a: Tornadus\n|-damage|p2a: Tornadus|52\/100 par\n|\n|-weather|RainDance|[upkeep]\n|upkeep\n|turn|36\n|\n|t:|1604152996\n|switch|p1a: Mandibuzz|Mandibuzz, F|93\/100\n|cant|p2a: Tornadus|par\n|\n|-weather|RainDance|[upkeep]\n|upkeep\n|turn|37\n|\n|t:|1604153000\n|move|p1a: Mandibuzz|Foul Play|p2a: Tornadus\n|-damage|p2a: Tornadus|15\/100 par\n|move|p2a: Tornadus|Hurricane|p1a: Mandibuzz\n|-damage|p1a: Mandibuzz|30\/100\n|\n|-weather|RainDance|[upkeep]\n|upkeep\n|turn|38\n|\n|t:|1604153006\n|switch|p2a: Pelipper|Pelipper, F|61\/100\n|move|p1a: Mandibuzz|Foul Play|p2a: Pelipper\n|-damage|p2a: Pelipper|46\/100\n|\n|-weather|none\n|upkeep\n|turn|39\n|\n|t:|1604153009\n|move|p1a: Mandibuzz|Roost|p1a: Mandibuzz\n|-heal|p1a: Mandibuzz|80\/100\n|-singleturn|p1a: Mandibuzz|move: Roost\n|move|p2a: Pelipper|U-turn|p1a: Mandibuzz\n|-supereffective|p1a: Mandibuzz\n|-damage|p1a: Mandibuzz|66\/100\n|\n|t:|1604153012\n|switch|p2a: Barraskewda|Barraskewda, F|100\/100|[from]move: U-turn\n|\n|upkeep\n|turn|40\n|\n|t:|1604153015\n|switch|p1a: Slowbro|Slowbro, M|100\/100\n|move|p2a: Barraskewda|Flip Turn|p1a: Slowbro\n|-resisted|p1a: Slowbro\n|-damage|p1a: Slowbro|85\/100\n|\n|t:|1604153021\n|switch|p2a: Tornadus|Tornadus-Therian, M|48\/100 par|[from]move: Flip Turn\n|\n|upkeep\n|turn|41\n|\n|t:|1604153024\n|cant|p2a: Tornadus|par\n|move|p1a: Slowbro|Future Sight|p2a: Tornadus\n|-start|p1a: Slowbro|move: Future Sight\n|\n|upkeep\n|turn|42\n|\n|t:|1604153031\n|switch|p2a: Pelipper|Pelipper, F|46\/100\n|-weather|RainDance|[from] ability: Drizzle|[of] p2a: Pelipper\n|switch|p1a: Mandibuzz|Mandibuzz, F|66\/100\n|\n|-weather|RainDance|[upkeep]\n|upkeep\n|turn|43\n|j| Holy moly crabby\n|\n|t:|1604153035\n|move|p1a: Mandibuzz|Foul Play|p2a: Pelipper\n|-damage|p2a: Pelipper|31\/100\n|move|p2a: Pelipper|Roost|p2a: Pelipper\n|-heal|p2a: Pelipper|81\/100\n|-singleturn|p2a: Pelipper|move: Roost\n|\n|-weather|RainDance|[upkeep]\n|-end|p2a: Pelipper|move: Future Sight\n|-damage|p2a: Pelipper|22\/100\n|upkeep\n|turn|44\n|\n|t:|1604153040\n|move|p1a: Mandibuzz|Roost|p1a: Mandibuzz\n|-heal|p1a: Mandibuzz|100\/100\n|-singleturn|p1a: Mandibuzz|move: Roost\n|move|p2a: Pelipper|Roost|p2a: Pelipper\n|-heal|p2a: Pelipper|72\/100\n|-singleturn|p2a: Pelipper|move: Roost\n|\n|-weather|RainDance|[upkeep]\n|upkeep\n|turn|45\n|\n|t:|1604153047\n|move|p1a: Mandibuzz|U-turn|p2a: Pelipper\n|-resisted|p2a: Pelipper\n|-damage|p2a: Pelipper|67\/100\n|\n|t:|1604153049\n|switch|p1a: Slowbro|Slowbro, M|100\/100|[from]move: U-turn\n|move|p2a: Pelipper|U-turn|p1a: Slowbro\n|-supereffective|p1a: Slowbro\n|-damage|p1a: Slowbro|89\/100\n|\n|t:|1604153053\n|switch|p2a: Tornadus|Tornadus-Therian, M|81\/100 par|[from]move: U-turn\n|\n|-weather|RainDance|[upkeep]\n|upkeep\n|turn|46\n|l| punset07\n|\n|t:|1604153056\n|move|p2a: Tornadus|Hurricane|p1a: Slowbro\n|-damage|p1a: Slowbro|35\/100\n|move|p1a: Slowbro|Future Sight|p2a: Tornadus\n|-start|p1a: Slowbro|move: Future Sight\n|\n|-weather|RainDance|[upkeep]\n|upkeep\n|turn|47\n|\n|t:|1604153063\n|switch|p1a: Mandibuzz|Mandibuzz, F|100\/100\n|move|p2a: Tornadus|Weather Ball|p1a: Mandibuzz\n|-damage|p1a: Mandibuzz|68\/100\n|\n|-weather|RainDance|[upkeep]\n|upkeep\n|turn|48\n|\n|t:|1604153070\n|switch|p2a: Pelipper|Pelipper, F|67\/100\n|move|p1a: Mandibuzz|Foul Play|p2a: Pelipper\n|-damage|p2a: Pelipper|53\/100\n|\n|-weather|RainDance|[upkeep]\n|-end|p2a: Pelipper|move: Future Sight\n|-damage|p2a: Pelipper|0 fnt\n|upkeep\n|faint|p2a: Pelipper\n|\n|t:|1604153074\n|switch|p2a: Barraskewda|Barraskewda, F|100\/100\n|turn|49\n|c| Doctor Scranton|Now we are going PP stalling.....\n|c|\u2606X-Wing Fighter|gg\n|j| 5thTimesTheCharm\n|l| 5thTimesTheCharm\n|c| Doctor Scranton|Oooohhh\n|\n|t:|1604153088\n|switch|p1a: Slowbro|Slowbro, M|68\/100\n|move|p2a: Barraskewda|Flip Turn|p1a: Slowbro\n|-resisted|p1a: Slowbro\n|-damage|p1a: Slowbro|47\/100\n|\n|t:|1604153090\n|switch|p2a: Tornadus|Tornadus-Therian, M|100\/100 par|[from]move: Flip Turn\n|\n|-weather|none\n|upkeep\n|turn|50\n|\n|t:|1604153093\n|switch|p1a: Mandibuzz|Mandibuzz, F|68\/100\n|move|p2a: Tornadus|Nasty Plot|p2a: Tornadus\n|-boost|p2a: Tornadus|spa|2\n|\n|upkeep\n|turn|51\n|c| A Green Yes|rain can't win everything\n|\n|t:|1604153099\n|move|p1a: Mandibuzz|Roost|p1a: Mandibuzz\n|-heal|p1a: Mandibuzz|100\/100\n|-singleturn|p1a: Mandibuzz|move: Roost\n|cant|p2a: Tornadus|par\n|\n|upkeep\n|turn|52\n|c| A Green Yes|kekw\n|\n|t:|1604153105\n|move|p1a: Mandibuzz|Foul Play|p2a: Tornadus\n|-damage|p2a: Tornadus|68\/100 par\n|move|p2a: Tornadus|Nasty Plot|p2a: Tornadus\n|-boost|p2a: Tornadus|spa|2\n|\n|upkeep\n|turn|53\n|\n|t:|1604153108\n|move|p1a: Mandibuzz|Foul Play|p2a: Tornadus\n|-damage|p2a: Tornadus|33\/100 par\n|cant|p2a: Tornadus|par\n|\n|upkeep\n|turn|54\n|c|\u2606X-Wing Fighter|bro\n|c|\u2606calyforniarex|gg\n|c|\u2606X-Wing Fighter|the hax\n|c| A Green Yes|gg\n|c|\u2606calyforniarex|sorry for excesive hax\n|c| A Green Yes|???\n|\n|t:|1604153130\n|switch|p2a: Barraskewda|Barraskewda, F|100\/100\n|move|p1a: Mandibuzz|Foul Play|p2a: Barraskewda\n|-damage|p2a: Barraskewda|4\/100\n|\n|upkeep\n|turn|55\n|\n|t:|1604153135\n|switch|p1a: Slowbro|Slowbro, M|80\/100\n|move|p2a: Barraskewda|Liquidation|p1a: Slowbro\n|-resisted|p1a: Slowbro\n|-damage|p1a: Slowbro|62\/100\n|\n|upkeep\n|turn|56\n|\n|t:|1604153138\n|switch|p2a: Tornadus|Tornadus-Therian, M|66\/100 par\n|move|p1a: Slowbro|Future Sight|p2a: Tornadus\n|-start|p1a: Slowbro|move: Future Sight\n|\n|upkeep\n|turn|57\n|c| A Green Yes|he had  25% chance and nasty ploted thats just life bro\n|\n|t:|1604153148\n|switch|p1a: Mandibuzz|Mandibuzz, F|100\/100\n|move|p2a: Tornadus|Nasty Plot|p2a: Tornadus\n|-boost|p2a: Tornadus|spa|2\n|\n|upkeep\n|turn|58\n|\n|t:|1604153151\n|move|p1a: Mandibuzz|Foul Play|p2a: Tornadus\n|-damage|p2a: Tornadus|34\/100 par\n|move|p2a: Tornadus|Hurricane|p1a: Mandibuzz|[miss]\n|-miss|p2a: Tornadus|p1a: Mandibuzz\n|\n|-end|p2a: Tornadus|move: Future Sight\n|-damage|p2a: Tornadus|0 fnt\n|upkeep\n|faint|p2a: Tornadus\n|c|\u2606X-Wing Fighter|ofc\n|\n|t:|1604153160\n|switch|p2a: Barraskewda|Barraskewda, F|4\/100\n|turn|59\n|c| A Green Yes|didn't matter\n|c| A Green Yes|gg\n|\n|t:|1604153164\n|move|p2a: Barraskewda|Liquidation|p1a: Mandibuzz\n|-damage|p1a: Mandibuzz|47\/100\n|move|p1a: Mandibuzz|U-turn|p2a: Barraskewda\n|-damage|p2a: Barraskewda|0 fnt\n|faint|p2a: Barraskewda\n|\n|win|calyforniarex\n|l|\u2606calyforniarex\n|l| Supersam10001\n|l| Mega Zygarde-100%\n|l| Holy moly crabby\n|l|\u2606X-Wing Fighter\n|j| gollopingkebab\n|j| Mega Zygarde-100%\n|l| Mega Zygarde-100%\n|l| fal19\n|l| abejas\n|l| palomares.j\n|j| Sparkesque\n","uploadtime":1604153165,"views":11,"p1id":"calyforniarex","p2id":"xwingfighter","formatid":"gen8ou","rating":0,"private":0,"password":null}