{"id":"gen8ou-1615637712","p1":"Agent Strike","p2":"Bloody Busybody","format":"gen8ou","log":"|j|\u2606Agent Strike\n|j|\u2606Bloody Busybody\n|t:|1657629283\n|gametype|singles\n|player|p1|Agent Strike|policeman-gen4|1598\n|player|p2|Bloody Busybody|bugcatcher|1634\n|teamsize|p1|6\n|teamsize|p2|6\n|gen|8\n|tier|[Gen 8] OU\n|rated|\n|rule|Sleep Clause Mod: Limit one foe put to sleep\n|rule|Species Clause: Limit one of each Pok\u00e9mon\n|rule|OHKO Clause: OHKO moves are banned\n|rule|Evasion Moves Clause: Evasion moves are banned\n|rule|Endless Battle Clause: Forcing endless battles is banned\n|rule|HP Percentage Mod: HP is shown in percentages\n|rule|Dynamax Clause: You cannot dynamax\n|clearpoke\n|poke|p1|Toxapex, M|\n|poke|p1|Ferrothorn, F|\n|poke|p1|Mew|\n|poke|p1|Gengar, M|\n|poke|p1|Volcarona, M|\n|poke|p1|Landorus-Therian, M|\n|poke|p2|Volcanion|\n|poke|p2|Corviknight, F|\n|poke|p2|Mamoswine, F|\n|poke|p2|Blissey, F|\n|poke|p2|Rillaboom, M|\n|poke|p2|Hydreigon, M|\n|teampreview\n|inactive|Battle timer is ON: inactive players will automatically lose when time's up. (requested by Bloody Busybody)\n|\n|t:|1657629311\n|start\n|switch|p1a: Noacier|Ferrothorn, F|100\/100\n|switch|p2a: Rillaboom|Rillaboom, M|100\/100\n|-fieldstart|move: Grassy Terrain|[from] ability: Grassy Surge|[of] p2a: Rillaboom\n|turn|1\n|\n|t:|1657629317\n|move|p2a: Rillaboom|U-turn|p1a: Noacier\n|-damage|p1a: Noacier|79\/100\n|-damage|p2a: Rillaboom|88\/100|[from] ability: Iron Barbs|[of] p1a: Noacier\n|\n|t:|1657629318\n|switch|p2a: Volcanion|Volcanion|100\/100|[from]move: U-turn\n|move|p1a: Noacier|Thunder Wave|p2a: Volcanion\n|-status|p2a: Volcanion|par\n|\n|-heal|p1a: Noacier|86\/100|[from] Grassy Terrain\n|-heal|p1a: Noacier|92\/100|[from] item: Leftovers\n|upkeep\n|turn|2\n|\n|t:|1657629328\n|move|p2a: Volcanion|Earth Power|p1a: Noacier\n|-damage|p1a: Noacier|51\/100\n|move|p1a: Noacier|Knock Off|p2a: Volcanion\n|-damage|p2a: Volcanion|82\/100 par\n|-enditem|p2a: Volcanion|Choice Specs|[from] move: Knock Off|[of] p1a: Noacier\n|\n|-heal|p2a: Volcanion|88\/100 par|[from] Grassy Terrain\n|-heal|p1a: Noacier|57\/100|[from] Grassy Terrain\n|-heal|p1a: Noacier|64\/100|[from] item: Leftovers\n|upkeep\n|turn|3\n|\n|t:|1657629334\n|switch|p1a: Pr\u00e9dast\u00e9rie|Toxapex, M, shiny|100\/100\n|move|p2a: Volcanion|Fire Blast|p1a: Pr\u00e9dast\u00e9rie\n|-resisted|p1a: Pr\u00e9dast\u00e9rie\n|-damage|p1a: Pr\u00e9dast\u00e9rie|73\/100\n|\n|-heal|p1a: Pr\u00e9dast\u00e9rie|79\/100|[from] Grassy Terrain\n|-heal|p2a: Volcanion|94\/100 par|[from] Grassy Terrain\n|upkeep\n|turn|4\n|\n|t:|1657629336\n|switch|p1a: D\u00e9m\u00e9t\u00e9ros|Landorus-Therian, M|100\/100\n|-ability|p1a: D\u00e9m\u00e9t\u00e9ros|Intimidate|boost\n|-unboost|p2a: Volcanion|atk|1\n|move|p2a: Volcanion|Earth Power|p1a: D\u00e9m\u00e9t\u00e9ros\n|-immune|p1a: D\u00e9m\u00e9t\u00e9ros\n|\n|-heal|p2a: Volcanion|99\/100 par|[from] Grassy Terrain\n|upkeep\n|turn|5\n|\n|t:|1657629338\n|move|p1a: D\u00e9m\u00e9t\u00e9ros|Earthquake|p2a: Volcanion\n|-supereffective|p2a: Volcanion\n|-damage|p2a: Volcanion|51\/100 par\n|cant|p2a: Volcanion|par\n|\n|-heal|p2a: Volcanion|57\/100 par|[from] Grassy Terrain\n|-fieldend|move: Grassy Terrain\n|upkeep\n|turn|6\n|\n|t:|1657629351\n|switch|p2a: Corviknight|Corviknight, F|100\/100\n|-ability|p2a: Corviknight|Pressure\n|move|p1a: D\u00e9m\u00e9t\u00e9ros|Earthquake|p2a: Corviknight\n|-immune|p2a: Corviknight\n|\n|upkeep\n|turn|7\n|\n|t:|1657629356\n|move|p1a: D\u00e9m\u00e9t\u00e9ros|Knock Off|p2a: Corviknight\n|-damage|p2a: Corviknight|78\/100\n|-damage|p1a: D\u00e9m\u00e9t\u00e9ros|84\/100|[from] item: Rocky Helmet|[of] p2a: Corviknight\n|-enditem|p2a: Corviknight|Rocky Helmet|[from] move: Knock Off|[of] p1a: D\u00e9m\u00e9t\u00e9ros\n|move|p2a: Corviknight|Body Press|p1a: D\u00e9m\u00e9t\u00e9ros\n|-resisted|p1a: D\u00e9m\u00e9t\u00e9ros\n|-damage|p1a: D\u00e9m\u00e9t\u00e9ros|69\/100\n|\n|-heal|p1a: D\u00e9m\u00e9t\u00e9ros|75\/100|[from] item: Leftovers\n|upkeep\n|turn|8\n|\n|t:|1657629358\n|move|p1a: D\u00e9m\u00e9t\u00e9ros|U-turn|p2a: Corviknight\n|-resisted|p2a: Corviknight\n|-damage|p2a: Corviknight|74\/100\n|\n|t:|1657629361\n|switch|p1a: Mew|Mew, shiny|100\/100|[from]move: U-turn\n|move|p2a: Corviknight|Roost|p2a: Corviknight\n|-heal|p2a: Corviknight|100\/100\n|-singleturn|p2a: Corviknight|move: Roost\n|\n|upkeep\n|turn|9\n|\n|t:|1657629365\n|move|p1a: Mew|Stealth Rock|p2a: Corviknight\n|-sidestart|p2: Bloody Busybody|move: Stealth Rock\n|move|p2a: Corviknight|U-turn|p1a: Mew\n|-supereffective|p1a: Mew\n|-damage|p1a: Mew|73\/100\n|\n|t:|1657629367\n|switch|p2a: Rillaboom|Rillaboom, M|88\/100|[from]move: U-turn\n|-damage|p2a: Rillaboom|76\/100|[from] Stealth Rock\n|-fieldstart|move: Grassy Terrain|[from] ability: Grassy Surge|[of] p2a: Rillaboom\n|\n|-heal|p1a: Mew|79\/100|[from] Grassy Terrain\n|-heal|p2a: Rillaboom|82\/100|[from] Grassy Terrain\n|upkeep\n|turn|10\n|\n|t:|1657629369\n|move|p1a: Mew|Ice Beam|p2a: Rillaboom\n|-supereffective|p2a: Rillaboom\n|-damage|p2a: Rillaboom|0 fnt\n|faint|p2a: Rillaboom\n|\n|-heal|p1a: Mew|85\/100|[from] Grassy Terrain\n|upkeep\n|\n|t:|1657629377\n|switch|p2a: Corviknight|Corviknight, F|100\/100\n|-damage|p2a: Corviknight|88\/100|[from] Stealth Rock\n|-ability|p2a: Corviknight|Pressure\n|turn|11\n|\n|t:|1657629379\n|move|p1a: Mew|Taunt|p2a: Corviknight\n|-start|p2a: Corviknight|move: Taunt\n|move|p2a: Corviknight|U-turn|p1a: Mew\n|-supereffective|p1a: Mew\n|-damage|p1a: Mew|56\/100\n|\n|t:|1657629384\n|switch|p2a: Volcanion|Volcanion|57\/100 par|[from]move: U-turn\n|-damage|p2a: Volcanion|32\/100 par|[from] Stealth Rock\n|\n|-heal|p1a: Mew|62\/100|[from] Grassy Terrain\n|-heal|p2a: Volcanion|38\/100 par|[from] Grassy Terrain\n|upkeep\n|turn|12\n|\n|t:|1657629391\n|move|p1a: Mew|Earth Power|p2a: Volcanion\n|-supereffective|p2a: Volcanion\n|-damage|p2a: Volcanion|0 fnt\n|faint|p2a: Volcanion\n|\n|-heal|p1a: Mew|68\/100|[from] Grassy Terrain\n|upkeep\n|-message|Bloody Busybody forfeited.\n|\n|win|Agent Strike\n|raw|Agent Strike's rating: 1598 &rarr; <strong>1620<\/strong><br \/>(+22 for winning)\n|raw|Bloody Busybody's rating: 1634 &rarr; <strong>1612<\/strong><br \/>(-22 for losing)\n|l|\u2606Bloody Busybody\n","uploadtime":1657629425,"views":27,"p1id":"agentstrike","p2id":"bloodybusybody","formatid":"gen8ou","rating":1612,"private":0,"password":null}