{"id":"gen8ou-1657372671","p1":"agslash23","p2":"Bloody Busybody","format":"gen8ou","log":"|j|\u2606agslash23\n|j|\u2606Bloody Busybody\n|t:|1662457988\n|gametype|singles\n|player|p1|agslash23|1|1621\n|player|p2|Bloody Busybody|bugcatcher|1684\n|teamsize|p1|6\n|teamsize|p2|6\n|gen|8\n|tier|[Gen 8] OU\n|rated|\n|rule|Sleep Clause Mod: Limit one foe put to sleep\n|rule|Species Clause: Limit one of each Pok\u00e9mon\n|rule|OHKO Clause: OHKO moves are banned\n|rule|Evasion Items Clause: Evasion items are banned\n|rule|Evasion Moves Clause: Evasion moves are banned\n|rule|Endless Battle Clause: Forcing endless battles is banned\n|rule|HP Percentage Mod: HP is shown in percentages\n|rule|Dynamax Clause: You cannot dynamax\n|clearpoke\n|poke|p1|Garchomp, M|\n|poke|p1|Gengar, M|\n|poke|p1|Weavile, F|\n|poke|p1|Rotom-Wash|\n|poke|p1|Heatran, F|\n|poke|p1|Tornadus-Therian, M|\n|poke|p2|Volcanion|\n|poke|p2|Corviknight, M|\n|poke|p2|Mamoswine, M|\n|poke|p2|Blissey, F|\n|poke|p2|Rillaboom, M|\n|poke|p2|Hydreigon, F|\n|teampreview\n|inactive|Battle timer is ON: inactive players will automatically lose when time's up. (requested by Bloody Busybody)\n|\n|t:|1662458007\n|start\n|switch|p1a: Tornadus|Tornadus-Therian, M|100\/100\n|switch|p2a: Volcanion|Volcanion|100\/100\n|turn|1\n|\n|t:|1662458015\n|move|p1a: Tornadus|Knock Off|p2a: Volcanion\n|-damage|p2a: Volcanion|86\/100\n|-enditem|p2a: Volcanion|Choice Specs|[from] move: Knock Off|[of] p1a: Tornadus\n|move|p2a: Volcanion|Steam Eruption|p1a: Tornadus\n|-crit|p1a: Tornadus\n|-damage|p1a: Tornadus|10\/100\n|\n|upkeep\n|turn|2\n|\n|t:|1662458026\n|switch|p2a: Corviknight|Corviknight, M|100\/100\n|-ability|p2a: Corviknight|Pressure\n|move|p1a: Tornadus|Hurricane|p2a: Corviknight|[miss]\n|-miss|p1a: Tornadus|p2a: Corviknight\n|\n|upkeep\n|turn|3\n|\n|t:|1662458034\n|switch|p1a: Rotom|Rotom-Wash|100\/100\n|move|p2a: Corviknight|U-turn|p1a: Rotom\n|-damage|p1a: Rotom|89\/100\n|-damage|p2a: Corviknight|84\/100|[from] item: Rocky Helmet|[of] p1a: Rotom\n|\n|t:|1662458038\n|switch|p2a: Rillaboom|Rillaboom, M|100\/100|[from]move: U-turn\n|-fieldstart|move: Grassy Terrain|[from] ability: Grassy Surge|[of] p2a: Rillaboom\n|\n|upkeep\n|turn|4\n|\n|t:|1662458044\n|switch|p1a: Heatran|Heatran, F|100\/100\n|move|p2a: Rillaboom|Knock Off|p1a: Heatran\n|-damage|p1a: Heatran|54\/100\n|-enditem|p1a: Heatran|Leftovers|[from] move: Knock Off|[of] p2a: Rillaboom\n|\n|-heal|p1a: Heatran|61\/100|[from] Grassy Terrain\n|upkeep\n|turn|5\n|\n|t:|1662458053\n|switch|p2a: Hydreigon|Hydreigon, F|100\/100\n|move|p1a: Heatran|Stealth Rock|p2a: Hydreigon\n|-sidestart|p2: Bloody Busybody|move: Stealth Rock\n|\n|-heal|p1a: Heatran|67\/100|[from] Grassy Terrain\n|upkeep\n|turn|6\n|\n|t:|1662458069\n|switch|p1a: Weavile|Weavile, F|100\/100\n|-ability|p1a: Weavile|Pressure\n|move|p2a: Hydreigon|Dark Pulse|p1a: Weavile\n|-resisted|p1a: Weavile\n|-damage|p1a: Weavile|65\/100\n|-damage|p2a: Hydreigon|91\/100|[from] item: Life Orb\n|\n|-heal|p1a: Weavile|71\/100|[from] Grassy Terrain\n|upkeep\n|turn|7\n|\n|t:|1662458081\n|switch|p2a: Corviknight|Corviknight, M|84\/100\n|-damage|p2a: Corviknight|72\/100|[from] Stealth Rock\n|-ability|p2a: Corviknight|Pressure\n|move|p1a: Weavile|Knock Off|p2a: Corviknight\n|-damage|p2a: Corviknight|24\/100\n|-damage|p1a: Weavile|54\/100|[from] item: Rocky Helmet|[of] p2a: Corviknight\n|-enditem|p2a: Corviknight|Rocky Helmet|[from] move: Knock Off|[of] p1a: Weavile\n|\n|-heal|p1a: Weavile|60\/100|[from] Grassy Terrain\n|-fieldend|move: Grassy Terrain\n|upkeep\n|turn|8\n|\n|t:|1662458093\n|switch|p2a: Hydreigon|Hydreigon, F|91\/100\n|-damage|p2a: Hydreigon|78\/100|[from] Stealth Rock\n|move|p1a: Weavile|Knock Off|p2a: Hydreigon\n|-resisted|p2a: Hydreigon\n|-damage|p2a: Hydreigon|34\/100\n|-enditem|p2a: Hydreigon|Life Orb|[from] move: Knock Off|[of] p1a: Weavile\n|\n|upkeep\n|turn|9\n|\n|t:|1662458108\n|switch|p1a: Garchomp|Garchomp, M|100\/100\n|move|p2a: Hydreigon|Roost|p2a: Hydreigon\n|-heal|p2a: Hydreigon|84\/100\n|-singleturn|p2a: Hydreigon|move: Roost\n|\n|upkeep\n|turn|10\n|\n|t:|1662458114\n|move|p1a: Garchomp|Scale Shot|p2a: Hydreigon\n|-supereffective|p2a: Hydreigon\n|-damage|p2a: Hydreigon|51\/100\n|-supereffective|p2a: Hydreigon\n|-damage|p2a: Hydreigon|21\/100\n|-supereffective|p2a: Hydreigon\n|-damage|p2a: Hydreigon|0 fnt\n|faint|p2a: Hydreigon\n|-hitcount|p2: Hydreigon|3\n|-unboost|p1a: Garchomp|def|1\n|-boost|p1a: Garchomp|spe|1\n|\n|upkeep\n|-message|Bloody Busybody forfeited.\n|\n|win|agslash23\n|raw|agslash23's rating: 1621 &rarr; <strong>1645<\/strong><br \/>(+24 for winning)\n|raw|Bloody Busybody's rating: 1684 &rarr; <strong>1660<\/strong><br \/>(-24 for losing)\n|l|\u2606Bloody Busybody\n","uploadtime":1662458132,"views":19,"p1id":"agslash23","p2id":"bloodybusybody","formatid":"gen8ou","rating":1645,"private":0,"password":null}