{"id":"gen8ou-1155244699","p1":"stefbryant24","p2":"Lunar Neo","format":"gen8ou","log":"|j|\u2606stefbryant24\n|j|\u2606Lunar Neo\n|t:|1595355906\n|player|p1|stefbryant24|unknown|1656\n|player|p2|Lunar Neo|grimsley|1636\n|teamsize|p1|6\n|teamsize|p2|6\n|gametype|singles\n|gen|8\n|tier|[Gen 8] OU\n|rated|\n|clearpoke\n|poke|p1|Zeraora|\n|poke|p1|Pincurchin, M|\n|poke|p1|Tangrowth, M|\n|poke|p1|Rotom-Heat|\n|poke|p1|Azumarill, F|\n|poke|p1|Excadrill, M|\n|poke|p2|Hydreigon, M|\n|poke|p2|Slowbro, M|\n|poke|p2|Marowak-Alola, M|\n|poke|p2|Heracross, F|\n|poke|p2|Magearna|\n|poke|p2|Urshifu-*, M|\n|rule|Sleep Clause Mod: Limit one foe put to sleep\n|rule|Species Clause: Limit one of each Pok\u00e9mon\n|rule|OHKO Clause: OHKO moves are banned\n|rule|Evasion Moves Clause: Evasion moves are banned\n|rule|Endless Battle Clause: Forcing endless battles is banned\n|rule|HP Percentage Mod: HP is shown in percentages\n|rule|Dynamax Clause: You cannot dynamax\n|teampreview\n|inactive|Battle timer is ON: inactive players will automatically lose when time's up. (requested by Lunar Neo)\n|j| Bloodclat\n|j| OutlawFirefly\n|j| Ahsan-219\n|\n|t:|1595355931\n|start\n|switch|p1a: Azumarill|Azumarill, F|100\/100\n|switch|p2a: Marowak|Marowak-Alola, M|100\/100\n|turn|1\n|l| OutlawFirefly\n|\n|t:|1595355941\n|move|p1a: Azumarill|Knock Off|p2a: Marowak\n|-supereffective|p2a: Marowak\n|-damage|p2a: Marowak|0 fnt\n|-enditem|p2a: Marowak|Thick Club|[from] move: Knock Off|[of] p1a: Azumarill\n|faint|p2a: Marowak\n|\n|upkeep\n|\n|t:|1595355947\n|switch|p2a: Magearna|Magearna|100\/100\n|turn|2\n|\n|t:|1595355957\n|switch|p2a: Urshifu|Urshifu-Rapid-Strike, M|100\/100\n|switch|p1a: Rotom|Rotom-Heat|100\/100\n|\n|upkeep\n|turn|3\n|\n|t:|1595355962\n|switch|p1a: Tangrowth|Tangrowth, M|100\/100\n|move|p2a: Urshifu|U-turn|p1a: Tangrowth\n|-supereffective|p1a: Tangrowth\n|-crit|p1a: Tangrowth\n|-damage|p1a: Tangrowth|64\/100\n|-damage|p2a: Urshifu|84\/100|[from] item: Rocky Helmet|[of] p1a: Tangrowth\n|\n|t:|1595355966\n|switch|p2a: Heracross|Heracross, F|100\/100|[from]move: U-turn\n|\n|-status|p2a: Heracross|brn|[from] item: Flame Orb\n|upkeep\n|turn|4\n|\n|t:|1595355972\n|switch|p1a: Rotom|Rotom-Heat|100\/100\n|move|p2a: Heracross|Knock Off|p1a: Rotom\n|-damage|p1a: Rotom|51\/100\n|-enditem|p1a: Rotom|Heavy-Duty Boots|[from] move: Knock Off|[of] p2a: Heracross\n|\n|-damage|p2a: Heracross|95\/100 brn|[from] brn\n|upkeep\n|turn|5\n|\n|t:|1595355980\n|switch|p2a: Hydreigon|Hydreigon, M|100\/100\n|move|p1a: Rotom|Overheat|p2a: Hydreigon\n|-resisted|p2a: Hydreigon\n|-damage|p2a: Hydreigon|78\/100\n|-unboost|p1a: Rotom|spa|2\n|\n|-heal|p2a: Hydreigon|84\/100|[from] item: Leftovers\n|upkeep\n|turn|6\n|\n|t:|1595355986\n|switch|p1a: Azumarill|Azumarill, F|100\/100\n|move|p2a: Hydreigon|U-turn|p1a: Azumarill\n|-resisted|p1a: Azumarill\n|-damage|p1a: Azumarill|93\/100\n|\n|t:|1595355990\n|switch|p2a: Magearna|Magearna|100\/100|[from]move: U-turn\n|\n|upkeep\n|turn|7\n|\n|t:|1595355994\n|switch|p1a: Rotom|Rotom-Heat|51\/100\n|move|p2a: Magearna|Fleur Cannon|p1a: Rotom\n|-resisted|p1a: Rotom\n|-damage|p1a: Rotom|21\/100\n|-unboost|p2a: Magearna|spa|2\n|\n|upkeep\n|turn|8\n|\n|t:|1595355999\n|move|p1a: Rotom|Volt Switch|p2a: Magearna\n|-damage|p2a: Magearna|85\/100\n|\n|t:|1595356002\n|switch|p1a: Excadrill|Excadrill, M|100\/100|[from]move: Volt Switch\n|-ability|p1a: Excadrill|Mold Breaker\n|move|p2a: Magearna|Volt Switch|p1a: Excadrill\n|-immune|p1a: Excadrill\n|\n|-heal|p2a: Magearna|91\/100|[from] item: Leftovers\n|upkeep\n|turn|9\n|\n|t:|1595356008\n|switch|p1a: Pincurchin|Pincurchin, M|100\/100\n|-fieldstart|move: Electric Terrain|[from] ability: Electric Surge|[of] p1a: Pincurchin\n|switch|p2a: Slowbro|Slowbro, M|100\/100\n|\n|upkeep\n|turn|10\n|\n|t:|1595356016\n|switch|p2a: Hydreigon|Hydreigon, M|84\/100\n|move|p1a: Pincurchin|Rising Voltage|p2a: Hydreigon\n|-resisted|p2a: Hydreigon\n|-damage|p2a: Hydreigon|63\/100\n|\n|-heal|p2a: Hydreigon|69\/100|[from] item: Leftovers\n|upkeep\n|turn|11\n|\n|t:|1595356024\n|switch|p1a: Azumarill|Azumarill, F|93\/100\n|move|p2a: Hydreigon|Dark Pulse|p1a: Azumarill\n|-resisted|p1a: Azumarill\n|-damage|p1a: Azumarill|73\/100\n|\n|-heal|p2a: Hydreigon|75\/100|[from] item: Leftovers\n|upkeep\n|turn|12\n|\n|t:|1595356028\n|move|p2a: Hydreigon|U-turn|p1a: Azumarill\n|-resisted|p1a: Azumarill\n|-damage|p1a: Azumarill|65\/100\n|\n|t:|1595356031\n|switch|p2a: Slowbro|Slowbro, M|100\/100|[from]move: U-turn\n|move|p1a: Azumarill|Liquidation|p2a: Slowbro\n|-resisted|p2a: Slowbro\n|-damage|p2a: Slowbro|78\/100\n|-damage|p1a: Azumarill|49\/100|[from] item: Rocky Helmet|[of] p2a: Slowbro\n|\n|upkeep\n|turn|13\n|\n|t:|1595356039\n|switch|p1a: Zeraora|Zeraora|100\/100\n|move|p2a: Slowbro|Toxic|p1a: Zeraora\n|-status|p1a: Zeraora|tox\n|\n|-damage|p1a: Zeraora|95\/100 tox|[from] psn\n|upkeep\n|turn|14\n|j| Cashbandicook\n|\n|t:|1595356051\n|switch|p2a: Hydreigon|Hydreigon, M|75\/100\n|move|p1a: Zeraora|Rising Voltage|p2a: Hydreigon\n|-resisted|p2a: Hydreigon\n|-damage|p2a: Hydreigon|49\/100\n|\n|-heal|p2a: Hydreigon|56\/100|[from] item: Leftovers\n|-damage|p1a: Zeraora|83\/100 tox|[from] psn\n|upkeep\n|turn|15\n|\n|t:|1595356056\n|move|p1a: Zeraora|Focus Blast|p2a: Hydreigon\n|-supereffective|p2a: Hydreigon\n|-damage|p2a: Hydreigon|0 fnt\n|faint|p2a: Hydreigon\n|\n|-damage|p1a: Zeraora|65\/100 tox|[from] psn\n|upkeep\n|\n|t:|1595356059\n|switch|p2a: Urshifu|Urshifu-Rapid-Strike, M|84\/100\n|turn|16\n|\n|t:|1595356064\n|switch|p1a: Tangrowth|Tangrowth, M|98\/100\n|move|p2a: Urshifu|Close Combat|p1a: Tangrowth\n|-damage|p1a: Tangrowth|66\/100\n|-unboost|p2a: Urshifu|def|1\n|-unboost|p2a: Urshifu|spd|1\n|-damage|p2a: Urshifu|68\/100|[from] item: Rocky Helmet|[of] p1a: Tangrowth\n|\n|-fieldend|move: Electric Terrain\n|upkeep\n|turn|17\n|\n|t:|1595356071\n|switch|p2a: Heracross|Heracross, F|95\/100 brn\n|move|p1a: Tangrowth|Leech Seed|p2a: Heracross\n|-start|p2a: Heracross|move: Leech Seed\n|\n|-damage|p2a: Heracross|82\/100 brn|[from] Leech Seed|[of] p1a: Tangrowth\n|-heal|p1a: Tangrowth|75\/100|[silent]\n|-damage|p2a: Heracross|76\/100 brn|[from] brn\n|upkeep\n|turn|18\n|\n|t:|1595356083\n|switch|p2a: Slowbro|Slowbro, M|100\/100\n|switch|p1a: Rotom|Rotom-Heat|21\/100\n|\n|upkeep\n|turn|19\n|\n|t:|1595356089\n|move|p1a: Rotom|Pain Split|p2a: Slowbro\n|-sethp|p2a: Slowbro|58\/100|[from] move: Pain Split|[silent]\n|-sethp|p1a: Rotom|76\/100|[from] move: Pain Split\n|move|p2a: Slowbro|Teleport|p2a: Slowbro\n|\n|t:|1595356092\n|switch|p2a: Urshifu|Urshifu-Rapid-Strike, M|68\/100|[from]move: Teleport\n|\n|upkeep\n|turn|20\n|\n|t:|1595356097\n|switch|p1a: Tangrowth|Tangrowth, M|100\/100\n|move|p2a: Urshifu|U-turn|p1a: Tangrowth\n|-supereffective|p1a: Tangrowth\n|-crit|p1a: Tangrowth\n|-damage|p1a: Tangrowth|61\/100\n|-damage|p2a: Urshifu|51\/100|[from] item: Rocky Helmet|[of] p1a: Tangrowth\n|\n|t:|1595356099\n|switch|p2a: Heracross|Heracross, F|76\/100 brn|[from]move: U-turn\n|\n|-damage|p2a: Heracross|70\/100 brn|[from] brn\n|upkeep\n|turn|21\n|\n|t:|1595356108\n|switch|p1a: Rotom|Rotom-Heat|76\/100\n|move|p2a: Heracross|Close Combat|p1a: Rotom\n|-damage|p1a: Rotom|0 fnt\n|-unboost|p2a: Heracross|def|1\n|-unboost|p2a: Heracross|spd|1\n|faint|p1a: Rotom\n|\n|-damage|p2a: Heracross|64\/100 brn|[from] brn\n|upkeep\n|\n|t:|1595356118\n|switch|p1a: Zeraora|Zeraora|65\/100 tox\n|turn|22\n|\n|t:|1595356122\n|switch|p2a: Magearna|Magearna|91\/100\n|move|p1a: Zeraora|Volt Switch|p2a: Magearna\n|-damage|p2a: Magearna|68\/100\n|\n|t:|1595356128\n|switch|p1a: Pincurchin|Pincurchin, M|100\/100|[from]move: Volt Switch\n|-fieldstart|move: Electric Terrain|[from] ability: Electric Surge|[of] p1a: Pincurchin\n|\n|-heal|p2a: Magearna|74\/100|[from] item: Leftovers\n|upkeep\n|turn|23\n|\n|t:|1595356136\n|move|p2a: Magearna|Fleur Cannon|p1a: Pincurchin\n|-damage|p1a: Pincurchin|27\/100\n|-unboost|p2a: Magearna|spa|2\n|move|p1a: Pincurchin|Toxic Spikes|p2a: Magearna\n|-sidestart|p2: Lunar Neo|move: Toxic Spikes\n|\n|-heal|p2a: Magearna|80\/100|[from] item: Leftovers\n|upkeep\n|turn|24\n|\n|t:|1595356145\n|switch|p1a: Excadrill|Excadrill, M|100\/100\n|-ability|p1a: Excadrill|Mold Breaker\n|move|p2a: Magearna|Volt Switch|p1a: Excadrill\n|-immune|p1a: Excadrill\n|\n|-heal|p2a: Magearna|86\/100|[from] item: Leftovers\n|upkeep\n|turn|25\n|\n|t:|1595356149\n|switch|p2a: Slowbro|Slowbro, M|92\/100\n|-status|p2a: Slowbro|psn\n|move|p1a: Excadrill|Earthquake|p2a: Slowbro\n|-damage|p2a: Slowbro|58\/100 psn\n|\n|-damage|p2a: Slowbro|46\/100 psn|[from] psn\n|upkeep\n|turn|26\n|\n|t:|1595356156\n|switch|p1a: Pincurchin|Pincurchin, M|27\/100\n|move|p2a: Slowbro|Slack Off|p2a: Slowbro\n|-heal|p2a: Slowbro|96\/100 psn\n|\n|-damage|p2a: Slowbro|83\/100 psn|[from] psn\n|upkeep\n|turn|27\n|\n|t:|1595356161\n|switch|p2a: Magearna|Magearna|86\/100\n|move|p1a: Pincurchin|Spikes|p2a: Magearna\n|-sidestart|p2: Lunar Neo|Spikes\n|\n|-heal|p2a: Magearna|92\/100|[from] item: Leftovers\n|upkeep\n|turn|28\n|\n|t:|1595356169\n|switch|p1a: Excadrill|Excadrill, M|100\/100\n|-ability|p1a: Excadrill|Mold Breaker\n|move|p2a: Magearna|Fleur Cannon|p1a: Excadrill\n|-resisted|p1a: Excadrill\n|-damage|p1a: Excadrill|66\/100\n|-unboost|p2a: Magearna|spa|2\n|\n|-heal|p2a: Magearna|98\/100|[from] item: Leftovers\n|upkeep\n|turn|29\n|\n|t:|1595356173\n|switch|p2a: Slowbro|Slowbro, M|100\/100 psn\n|-damage|p2a: Slowbro|88\/100 psn|[from] Spikes\n|move|p1a: Excadrill|Earthquake|p2a: Slowbro\n|-damage|p2a: Slowbro|54\/100 psn\n|\n|-damage|p2a: Slowbro|41\/100 psn|[from] psn\n|-fieldend|move: Electric Terrain\n|upkeep\n|turn|30\n|\n|t:|1595356184\n|switch|p1a: Pincurchin|Pincurchin, M|27\/100\n|-fieldstart|move: Electric Terrain|[from] ability: Electric Surge|[of] p1a: Pincurchin\n|move|p2a: Slowbro|Slack Off|p2a: Slowbro\n|-heal|p2a: Slowbro|91\/100 psn\n|\n|-damage|p2a: Slowbro|79\/100 psn|[from] psn\n|upkeep\n|turn|31\n|\n|t:|1595356187\n|move|p1a: Pincurchin|Rising Voltage|p2a: Slowbro\n|-supereffective|p2a: Slowbro\n|-damage|p2a: Slowbro|0 fnt\n|faint|p2a: Slowbro\n|\n|upkeep\n|\n|t:|1595356191\n|switch|p2a: Magearna|Magearna|98\/100\n|-damage|p2a: Magearna|86\/100|[from] Spikes\n|turn|32\n|j| soranko\n|\n|t:|1595356201\n|switch|p2a: Urshifu|Urshifu-Rapid-Strike, M|51\/100\n|-damage|p2a: Urshifu|39\/100|[from] Spikes\n|-status|p2a: Urshifu|psn\n|move|p1a: Pincurchin|Rising Voltage|p2a: Urshifu\n|-supereffective|p2a: Urshifu\n|-damage|p2a: Urshifu|0 fnt\n|faint|p2a: Urshifu\n|\n|upkeep\n|-message|Lunar Neo forfeited.\n|\n|win|stefbryant24\n|l|\u2606Lunar Neo\n|l| Cashbandicook\n","uploadtime":1595356218,"views":34,"p1id":"stefbryant24","p2id":"lunarneo","formatid":"gen8ou","rating":0,"private":0,"password":null}