{"id":"gen8ou-1651832940","p1":"antarctozolt","p2":"TheManiacOfPkmn","format":"gen8ou","log":"|j|\u2606antarctozolt\n|j|\u2606TheManiacOfPkmn\n|inactive|Battle timer is ON: inactive players will automatically lose when time's up.\n|t:|1661865433\n|gametype|singles\n|player|p1|antarctozolt|skier|\n|player|p2|TheManiacOfPkmn|giovanni|\n|teamsize|p1|6\n|teamsize|p2|6\n|gen|8\n|tier|[Gen 8] OU\n|rated|Tournament battle\n|rule|Sleep Clause Mod: Limit one foe put to sleep\n|rule|Species Clause: Limit one of each Pok\u00e9mon\n|rule|OHKO Clause: OHKO moves are banned\n|rule|Evasion Items Clause: Evasion items are banned\n|rule|Evasion Moves Clause: Evasion moves are banned\n|rule|Endless Battle Clause: Forcing endless battles is banned\n|rule|HP Percentage Mod: HP is shown in percentages\n|rule|Dynamax Clause: You cannot dynamax\n|clearpoke\n|poke|p1|Kartana|\n|poke|p1|Magnezone|\n|poke|p1|Tornadus-Therian, M|\n|poke|p1|Weavile, F|\n|poke|p1|Toxapex, M|\n|poke|p1|Garchomp, F|\n|poke|p2|Ferrothorn, F|\n|poke|p2|Landorus-Therian, M|\n|poke|p2|Bisharp, M|\n|poke|p2|Zapdos-Galar|\n|poke|p2|Volcarona, M|\n|poke|p2|Toxapex, M|\n|teampreview\n|j| Moi capuccino\n|j| Slar Flar\n|l| Slar Flar\n|j| Down$hift\n|inactive|antarctozolt has 120 seconds left.\n|inactive|antarctozolt has 90 seconds left.\n|j| ilcavalierebianco\n|\n|t:|1661865502\n|start\n|switch|p1a: Toxapex|Toxapex, M|100\/100\n|switch|p2a: LeftwingPolitician|Landorus-Therian, M|100\/100\n|-ability|p2a: LeftwingPolitician|Intimidate|boost\n|-unboost|p1a: Toxapex|atk|1\n|turn|1\n|\n|t:|1661865512\n|move|p2a: LeftwingPolitician|Stealth Rock|p1a: Toxapex\n|-sidestart|p1: antarctozolt|move: Stealth Rock\n|move|p1a: Toxapex|Scald|p2a: LeftwingPolitician\n|-supereffective|p2a: LeftwingPolitician\n|-damage|p2a: LeftwingPolitician|76\/100\n|\n|-heal|p2a: LeftwingPolitician|82\/100|[from] item: Leftovers\n|upkeep\n|turn|2\n|c| ilcavalierebianco|fisherman\n|j| wailing\u9be8wailord\n|\n|t:|1661865540\n|move|p2a: LeftwingPolitician|U-turn|p1a: Toxapex\n|-resisted|p1a: Toxapex\n|-damage|p1a: Toxapex|94\/100\n|inactive|TheManiacOfPkmn has 120 seconds left.\n|\n|t:|1661865552\n|switch|p2a: Lord of Homophobia|Ferrothorn, F|100\/100|[from]move: U-turn\n|move|p1a: Toxapex|Scald|p2a: Lord of Homophobia\n|-resisted|p2a: Lord of Homophobia\n|-damage|p2a: Lord of Homophobia|94\/100\n|-status|p2a: Lord of Homophobia|brn\n|\n|-heal|p1a: Toxapex|99\/100|[from] item: Black Sludge\n|-heal|p2a: Lord of Homophobia|100\/100 brn|[from] item: Leftovers\n|-damage|p2a: Lord of Homophobia|94\/100 brn|[from] brn\n|upkeep\n|turn|3\n|\n|t:|1661865556\n|switch|p2a: Exeggubro Killer|Volcarona, M|100\/100\n|move|p1a: Toxapex|Knock Off|p2a: Exeggubro Killer\n|-damage|p2a: Exeggubro Killer|85\/100\n|-enditem|p2a: Exeggubro Killer|Heavy-Duty Boots|[from] move: Knock Off|[of] p1a: Toxapex\n|\n|-heal|p1a: Toxapex|100\/100|[from] item: Black Sludge\n|upkeep\n|turn|4\n|j| switchinmyposition\n|\n|t:|1661865563\n|switch|p1a: Garchomp|Garchomp, F|100\/100\n|-damage|p1a: Garchomp|94\/100|[from] Stealth Rock\n|move|p2a: Exeggubro Killer|Quiver Dance|p2a: Exeggubro Killer\n|-boost|p2a: Exeggubro Killer|spa|1\n|-boost|p2a: Exeggubro Killer|spd|1\n|-boost|p2a: Exeggubro Killer|spe|1\n|\n|-heal|p1a: Garchomp|100\/100|[from] item: Leftovers\n|upkeep\n|turn|5\n|\n|t:|1661865568\n|move|p2a: Exeggubro Killer|Bug Buzz|p1a: Garchomp\n|-damage|p1a: Garchomp|54\/100\n|move|p1a: Garchomp|Toxic|p2a: Exeggubro Killer\n|-status|p2a: Exeggubro Killer|tox\n|\n|-heal|p1a: Garchomp|60\/100|[from] item: Leftovers\n|-damage|p2a: Exeggubro Killer|79\/100 tox|[from] psn\n|upkeep\n|turn|6\n|l| switchinmyposition\n|\n|t:|1661865580\n|switch|p2a: LeftwingPolitician|Landorus-Therian, M|82\/100\n|-ability|p2a: LeftwingPolitician|Intimidate|boost\n|-unboost|p1a: Garchomp|atk|1\n|move|p1a: Garchomp|Earthquake|p2a: LeftwingPolitician\n|-immune|p2a: LeftwingPolitician\n|\n|-heal|p1a: Garchomp|66\/100|[from] item: Leftovers\n|-heal|p2a: LeftwingPolitician|88\/100|[from] item: Leftovers\n|upkeep\n|turn|7\n|\n|t:|1661865586\n|move|p1a: Garchomp|Protect|p1a: Garchomp\n|-singleturn|p1a: Garchomp|Protect\n|move|p2a: LeftwingPolitician|Toxic|p1a: Garchomp\n|-activate|p1a: Garchomp|move: Protect\n|\n|-heal|p1a: Garchomp|73\/100|[from] item: Leftovers\n|-heal|p2a: LeftwingPolitician|94\/100|[from] item: Leftovers\n|upkeep\n|turn|8\n|\n|t:|1661865596\n|switch|p1a: Toxapex|Toxapex, M|100\/100\n|-damage|p1a: Toxapex|88\/100|[from] Stealth Rock\n|move|p2a: LeftwingPolitician|Earthquake|p1a: Toxapex\n|-supereffective|p1a: Toxapex\n|-damage|p1a: Toxapex|33\/100\n|\n|-heal|p2a: LeftwingPolitician|100\/100|[from] item: Leftovers\n|-heal|p1a: Toxapex|39\/100|[from] item: Black Sludge\n|upkeep\n|turn|9\n|\n|t:|1661865600\n|move|p1a: Toxapex|Baneful Bunker|p1a: Toxapex\n|-singleturn|p1a: Toxapex|move: Protect\n|move|p2a: LeftwingPolitician|Earthquake|p1a: Toxapex\n|-activate|p1a: Toxapex|move: Protect\n|\n|-heal|p1a: Toxapex|45\/100|[from] item: Black Sludge\n|upkeep\n|turn|10\n|\n|t:|1661865608\n|switch|p1a: Tornadus|Tornadus-Therian, M|100\/100\n|move|p2a: LeftwingPolitician|Toxic|p1a: Tornadus\n|-status|p1a: Tornadus|tox\n|\n|-damage|p1a: Tornadus|94\/100 tox|[from] psn\n|upkeep\n|turn|11\n|\n|t:|1661865612\n|move|p1a: Tornadus|Hurricane|p2a: LeftwingPolitician\n|-crit|p2a: LeftwingPolitician\n|-damage|p2a: LeftwingPolitician|53\/100\n|move|p2a: LeftwingPolitician|U-turn|p1a: Tornadus\n|-resisted|p1a: Tornadus\n|-crit|p1a: Tornadus\n|-damage|p1a: Tornadus|78\/100 tox\n|c| ilcavalierebianco|why bunker\n|c|\u2606antarctozolt|cuz my lele answer is weavile\n|\n|t:|1661865637\n|switch|p2a: Banned Menace|Toxapex, M|100\/100|[from]move: U-turn\n|\n|-damage|p1a: Tornadus|65\/100 tox|[from] psn\n|upkeep\n|turn|12\n|\n|t:|1661865641\n|switch|p1a: Toxapex|Toxapex, M|78\/100\n|-damage|p1a: Toxapex|66\/100|[from] Stealth Rock\n|move|p2a: Banned Menace|Knock Off|p1a: Toxapex\n|-damage|p1a: Toxapex|56\/100\n|-enditem|p1a: Toxapex|Black Sludge|[from] move: Knock Off|[of] p2a: Banned Menace\n|\n|upkeep\n|turn|13\n|c| ilcavalierebianco|makes sense lol\n|c| Moi capuccino|probably for u-turn too\n|\n|t:|1661865657\n|switch|p2a: LeftwingPolitician|Landorus-Therian, M|53\/100\n|-ability|p2a: LeftwingPolitician|Intimidate|boost\n|-unboost|p1a: Toxapex|atk|1\n|move|p1a: Toxapex|Scald|p2a: LeftwingPolitician\n|-supereffective|p2a: LeftwingPolitician\n|-damage|p2a: LeftwingPolitician|32\/100\n|-status|p2a: LeftwingPolitician|brn\n|\n|-heal|p2a: LeftwingPolitician|38\/100 brn|[from] item: Leftovers\n|-damage|p2a: LeftwingPolitician|32\/100 brn|[from] brn\n|upkeep\n|turn|14\n|\n|t:|1661865661\n|move|p2a: LeftwingPolitician|U-turn|p1a: Toxapex\n|-resisted|p1a: Toxapex\n|-damage|p1a: Toxapex|52\/100\n|\n|t:|1661865663\n|switch|p2a: Lord of Homophobia|Ferrothorn, F|94\/100 brn|[from]move: U-turn\n|move|p1a: Toxapex|Recover|p1a: Toxapex\n|-heal|p1a: Toxapex|100\/100\n|\n|-heal|p2a: Lord of Homophobia|100\/100 brn|[from] item: Leftovers\n|-damage|p2a: Lord of Homophobia|94\/100 brn|[from] brn\n|upkeep\n|turn|15\n|\n|t:|1661865670\n|switch|p2a: Loud UUBL Cousin|Zapdos-Galar|100\/100\n|move|p1a: Toxapex|Knock Off|p2a: Loud UUBL Cousin\n|-resisted|p2a: Loud UUBL Cousin\n|-damage|p2a: Loud UUBL Cousin|95\/100\n|-enditem|p2a: Loud UUBL Cousin|Choice Band|[from] move: Knock Off|[of] p1a: Toxapex\n|\n|upkeep\n|turn|16\n|\n|t:|1661865682\n|move|p1a: Toxapex|Baneful Bunker|p1a: Toxapex\n|-singleturn|p1a: Toxapex|move: Protect\n|move|p2a: Loud UUBL Cousin|Brave Bird|p1a: Toxapex\n|-activate|p1a: Toxapex|move: Protect\n|-status|p2a: Loud UUBL Cousin|psn\n|\n|-damage|p2a: Loud UUBL Cousin|82\/100 psn|[from] psn\n|upkeep\n|turn|17\n|\n|t:|1661865688\n|move|p2a: Loud UUBL Cousin|U-turn|p1a: Toxapex\n|-resisted|p1a: Toxapex\n|-damage|p1a: Toxapex|93\/100\n|c| ilcavalierebianco|6 0d by pex\n|c| ilcavalierebianco|just because\n|c| ilcavalierebianco|he did not wait patiently\n|c| ilcavalierebianco|with his own pex\n|inactive|TheManiacOfPkmn has 120 seconds left.\n|\n|t:|1661865728\n|switch|p2a: Lord of Homophobia|Ferrothorn, F|94\/100 brn|[from]move: U-turn\n|move|p1a: Toxapex|Knock Off|p2a: Lord of Homophobia\n|-damage|p2a: Lord of Homophobia|89\/100 brn\n|-damage|p1a: Toxapex|80\/100|[from] ability: Iron Barbs|[of] p2a: Lord of Homophobia\n|-enditem|p2a: Lord of Homophobia|Leftovers|[from] move: Knock Off|[of] p1a: Toxapex\n|\n|-damage|p2a: Lord of Homophobia|82\/100 brn|[from] brn\n|upkeep\n|turn|18\n|\n|t:|1661865735\n|switch|p1a: Tornadus|Tornadus-Therian, M|99\/100 tox\n|move|p2a: Lord of Homophobia|Leech Seed|p1a: Tornadus\n|-start|p1a: Tornadus|move: Leech Seed\n|\n|-damage|p1a: Tornadus|86\/100 tox|[from] Leech Seed|[of] p2a: Lord of Homophobia\n|-heal|p2a: Lord of Homophobia|95\/100 brn|[silent]\n|-damage|p1a: Tornadus|80\/100 tox|[from] psn\n|-damage|p2a: Lord of Homophobia|89\/100 brn|[from] brn\n|upkeep\n|turn|19\n|\n|t:|1661865740\n|move|p1a: Tornadus|Heat Wave|p2a: Lord of Homophobia\n|-supereffective|p2a: Lord of Homophobia\n|-damage|p2a: Lord of Homophobia|6\/100 brn\n|move|p2a: Lord of Homophobia|Knock Off|p1a: Tornadus\n|-damage|p1a: Tornadus|69\/100 tox\n|-enditem|p1a: Tornadus|Heavy-Duty Boots|[from] move: Knock Off|[of] p2a: Lord of Homophobia\n|\n|-damage|p1a: Tornadus|57\/100 tox|[from] Leech Seed|[of] p2a: Lord of Homophobia\n|-heal|p2a: Lord of Homophobia|19\/100 brn|[silent]\n|-damage|p1a: Tornadus|45\/100 tox|[from] psn\n|-damage|p2a: Lord of Homophobia|12\/100 brn|[from] brn\n|upkeep\n|turn|20\n|\n|t:|1661865748\n|switch|p2a: Loud UUBL Cousin|Zapdos-Galar|82\/100 psn\n|move|p1a: Tornadus|U-turn|p2a: Loud UUBL Cousin\n|-resisted|p2a: Loud UUBL Cousin\n|-damage|p2a: Loud UUBL Cousin|78\/100 psn\n|\n|t:|1661865754\n|switch|p1a: Garchomp|Garchomp, F|73\/100|[from]move: U-turn\n|-damage|p1a: Garchomp|66\/100|[from] Stealth Rock\n|\n|-heal|p1a: Garchomp|73\/100|[from] item: Leftovers\n|-damage|p2a: Loud UUBL Cousin|65\/100 psn|[from] psn\n|upkeep\n|turn|21\n|\n|t:|1661865759\n|move|p1a: Garchomp|Protect|p1a: Garchomp\n|-singleturn|p1a: Garchomp|Protect\n|move|p2a: Loud UUBL Cousin|U-turn|p1a: Garchomp\n|-activate|p1a: Garchomp|move: Protect\n|\n|-heal|p1a: Garchomp|79\/100|[from] item: Leftovers\n|-damage|p2a: Loud UUBL Cousin|53\/100 psn|[from] psn\n|upkeep\n|turn|22\n|-message|TheManiacOfPkmn forfeited.\n|\n|win|antarctozolt\n|n|\u2606antarctozolt|antarctozolt\n|n|\u2606TheManiacOfPkmn|themaniacofpkmn\n|n| Moi capuccino|moicapuccino\n|n| Down$hift|downhift\n|n| ilcavalierebianco|ilcavalierebianco\n|n| wailing\u9be8wailord|wailingwailord\n|l|\u2606TheManiacOfPkmn\n|c|\u2606antarctozolt|gg\n|c| Moi capuccino|ferrothorn hates slowbros and exeggutor\n|c|\u2606antarctozolt|too much protect for him lmao\n","uploadtime":1661865779,"views":116,"p1id":"antarctozolt","p2id":"themaniacofpkmn","formatid":"gen8ou","rating":0,"private":0,"password":null}