{"id":"gen8ou-1688375602","p1":"d18l","p2":"RggV_YT","format":"gen8ou","log":"|html|<div class=\"broadcast-blue\"><strong>[Gen 8] OU is currently suspecting Melmetal! For information on how to participate check out the <a href=\"https:\/\/www.smogon.com\/forums\/threads\/np-ss-ou-suspect-process-round-12-monster-mash.3709234\/\">suspect thread<\/a>.<\/strong><\/div>\n|j|\u2606d18l\n|j|\u2606RggV_YT\n|t:|1666058470\n|gametype|singles\n|player|p1|d18l|backpacker|1708\n|player|p2|RggV_YT|scientist-gen4|1878\n|teamsize|p1|6\n|teamsize|p2|6\n|gen|8\n|tier|[Gen 8] OU\n|rated|\n|rule|Sleep Clause Mod: Limit one foe put to sleep\n|rule|Species Clause: Limit one of each Pok\u00e9mon\n|rule|OHKO Clause: OHKO moves are banned\n|rule|Evasion Items Clause: Evasion items are banned\n|rule|Evasion Moves Clause: Evasion moves are banned\n|rule|Endless Battle Clause: Forcing endless battles is banned\n|rule|HP Percentage Mod: HP is shown in percentages\n|rule|Dynamax Clause: You cannot dynamax\n|clearpoke\n|poke|p1|Tapu Koko|\n|poke|p1|Victini|\n|poke|p1|Landorus-Therian, M|\n|poke|p1|Tornadus-Therian, M|\n|poke|p1|Rotom-Wash|\n|poke|p1|Ferrothorn, F|\n|poke|p2|Dragapult, M|\n|poke|p2|Rotom-Wash|\n|poke|p2|Landorus-Therian, M|\n|poke|p2|Melmetal|\n|poke|p2|Weavile, M|\n|poke|p2|Kartana|\n|teampreview\n|inactive|Battle timer is ON: inactive players will automatically lose when time's up. (requested by RggV_YT)\n|inactive|d18l has 120 seconds left.\n|\n|t:|1666058509\n|start\n|switch|p1a: Tapu Koko|Tapu Koko|100\/100\n|switch|p2a: Bandit|Weavile, M, shiny|100\/100\n|-fieldstart|move: Electric Terrain|[from] ability: Electric Surge|[of] p1a: Tapu Koko\n|-ability|p2a: Bandit|Pressure\n|turn|1\n|\n|t:|1666058520\n|switch|p2a: Enten|Landorus-Therian, M, shiny|100\/100\n|-ability|p2a: Enten|Intimidate|boost\n|-unboost|p1a: Tapu Koko|atk|1\n|move|p1a: Tapu Koko|Dazzling Gleam|p2a: Enten\n|-damage|p2a: Enten|60\/100\n|\n|-heal|p2a: Enten|66\/100|[from] item: Leftovers\n|upkeep\n|turn|2\n|j| Jongruenwald\n|j| MildlyOffended\n|\n|t:|1666058543\n|switch|p1a: Landorus|Landorus-Therian, M|100\/100\n|-ability|p1a: Landorus|Intimidate|boost\n|-unboost|p2a: Enten|atk|1\n|move|p2a: Enten|Stealth Rock|p1a: Landorus\n|-sidestart|p1: d18l|move: Stealth Rock\n|\n|-heal|p2a: Enten|72\/100|[from] item: Leftovers\n|upkeep\n|turn|3\n|\n|t:|1666058545\n|move|p1a: Landorus|Toxic|p2a: Enten\n|-status|p2a: Enten|tox\n|move|p2a: Enten|U-turn|p1a: Landorus\n|-resisted|p1a: Landorus\n|-damage|p1a: Landorus|94\/100\n|\n|t:|1666058547\n|switch|p2a: Bandit|Weavile, M, shiny|100\/100|[from]move: U-turn\n|-ability|p2a: Bandit|Pressure\n|\n|-heal|p1a: Landorus|99\/100|[from] item: Leftovers\n|upkeep\n|turn|4\n|\n|t:|1666058550\n|switch|p1a: Ferrothorn|Ferrothorn, F|100\/100\n|-damage|p1a: Ferrothorn|95\/100|[from] Stealth Rock\n|move|p2a: Bandit|Beat Up|p1a: Ferrothorn\n|-damage|p1a: Ferrothorn|87\/100\n|-damage|p1a: Ferrothorn|82\/100\n|-damage|p1a: Ferrothorn|73\/100\n|-damage|p1a: Ferrothorn|65\/100\n|-damage|p1a: Ferrothorn|56\/100\n|-hitcount|p1a: Ferrothorn|5\n|\n|upkeep\n|turn|5\n|\n|t:|1666058559\n|switch|p2a: Leviathan|Dragapult, M, shiny|100\/100\n|move|p1a: Ferrothorn|Body Press|p2a: Leviathan\n|-immune|p2a: Leviathan\n|\n|-fieldend|move: Electric Terrain\n|upkeep\n|turn|6\n|j| fork gaming\n|\n|t:|1666058565\n|switch|p1a: Landorus|Landorus-Therian, M|99\/100\n|-damage|p1a: Landorus|88\/100|[from] Stealth Rock\n|-ability|p1a: Landorus|Intimidate|boost\n|-unboost|p2a: Leviathan|atk|1\n|move|p2a: Leviathan|Shadow Ball|p1a: Landorus\n|-damage|p1a: Landorus|36\/100\n|\n|-heal|p1a: Landorus|42\/100|[from] item: Leftovers\n|upkeep\n|turn|7\n|l| fork gaming\n|inactive|d18l has 120 seconds left.\n|\n|t:|1666058600\n|switch|p1a: Tornadus|Tornadus-Therian, M|100\/100\n|-damage|p1a: Tornadus|76\/100|[from] Stealth Rock\n|move|p2a: Leviathan|Shadow Ball|p1a: Tornadus\n|-damage|p1a: Tornadus|34\/100\n|\n|upkeep\n|turn|8\n|-message|d18l forfeited.\n|\n|win|RggV_YT\n|raw|d18l's rating: 1708 &rarr; <strong>1697<\/strong><br \/>(-11 for losing)\n|raw|RggV_YT's rating: 1878 &rarr; <strong>1889<\/strong><br \/>(+11 for winning)\n","uploadtime":1666058607,"views":21,"p1id":"d18l","p2id":"rggvyt","formatid":"gen8ou","rating":1697,"private":0,"password":null}