{"id":"gen8ou-1177046010","p1":"relic stone","p2":"LT73IU Sagiri","format":"gen8ou","log":"|raw|<div class=\"broadcast-blue\"><strong>This battle is required to be public due to a player having a name starting with 'LT73IU'.<\/div>\n|j|\u2606relic stone\n|j|\u2606LT73IU Sagiri\n|t:|1598634553\n|player|p1|relic stone|lusamine-nihilego|1935\n|player|p2|LT73IU Sagiri|winona-gen6|1871\n|teamsize|p1|6\n|teamsize|p2|6\n|gametype|singles\n|gen|8\n|tier|[Gen 8] OU\n|rated|\n|clearpoke\n|poke|p1|Primarina, M|\n|poke|p1|Excadrill, M|\n|poke|p1|Tangrowth, M|\n|poke|p1|Urshifu-*, M|\n|poke|p1|Toxtricity, M|\n|poke|p1|Marowak-Alola, M|\n|poke|p2|Excadrill, M|\n|poke|p2|Rillaboom, M|\n|poke|p2|Urshifu-*, M|\n|poke|p2|Toxtricity, F|\n|poke|p2|Primarina, M|\n|poke|p2|Volcarona, M|\n|rule|Sleep Clause Mod: Limit one foe put to sleep\n|rule|Species Clause: Limit one of each Pok\u00e9mon\n|rule|OHKO Clause: OHKO moves are banned\n|rule|Evasion Moves Clause: Evasion moves are banned\n|rule|Endless Battle Clause: Forcing endless battles is banned\n|rule|HP Percentage Mod: HP is shown in percentages\n|rule|Dynamax Clause: You cannot dynamax\n|teampreview\n|j| hipster garbage\n|j| egalvanc\n|j| lt73iu woatli\n|c|\u2606relic stone|xd\n|c| egalvanc|wow\n|c|\u2606relic stone|gl qualifyin\n|l| hipster garbage\n|j| LT73IU Pheo'\n|c|\u2606LT73IU Sagiri|hope it\n|j| hippo kek\n|c| egalvanc|VAMOS SAGIRIIII\n|j| LT73IU jey2\n|j| Lt73iu ewin\n|\n|t:|1598634585\n|start\n|switch|p1a: Celestine|Primarina, M|100\/100\n|switch|p2a: Silhouette|Urshifu, M|100\/100\n|turn|1\n|j| LT73IU Kappucci\n|j| scrimmaging\n|j| Tace\n|\n|t:|1598634609\n|switch|p2a: Tama Tonga|Rillaboom, M|100\/100\n|-fieldstart|move: Grassy Terrain|[from] ability: Grassy Surge|[of] p2a: Tama Tonga\n|move|p1a: Celestine|Draining Kiss|p2a: Tama Tonga\n|-damage|p2a: Tama Tonga|74\/100\n|\n|-heal|p2a: Tama Tonga|80\/100|[from] Grassy Terrain\n|upkeep\n|turn|2\n|j| MartialArtsShadow\n|\n|t:|1598634616\n|switch|p2a: Impaler|Excadrill, M, shiny|100\/100\n|-ability|p2a: Impaler|Mold Breaker\n|move|p1a: Celestine|Draining Kiss|p2a: Impaler\n|-resisted|p2a: Impaler\n|-damage|p2a: Impaler|93\/100\n|\n|-heal|p2a: Impaler|99\/100|[from] item: Leftovers\n|-heal|p2a: Impaler|100\/100|[from] Grassy Terrain\n|upkeep\n|turn|3\n|j| LT73IU YAKO\n|\n|t:|1598634622\n|move|p2a: Impaler|Toxic|p1a: Celestine\n|-status|p1a: Celestine|tox\n|move|p1a: Celestine|Scald|p2a: Impaler\n|-supereffective|p2a: Impaler\n|-damage|p2a: Impaler|51\/100\n|\n|-heal|p2a: Impaler|57\/100|[from] item: Leftovers\n|-heal|p2a: Impaler|63\/100|[from] Grassy Terrain\n|-damage|p1a: Celestine|94\/100 tox|[from] psn\n|upkeep\n|turn|4\n|l| hippo kek\n|l| LT73IU Kappucci\n|\n|t:|1598634632\n|move|p2a: Impaler|High Horsepower|p1a: Celestine\n|-crit|p1a: Celestine\n|-damage|p1a: Celestine|34\/100 tox\n|move|p1a: Celestine|Scald|p2a: Impaler\n|-supereffective|p2a: Impaler\n|-damage|p2a: Impaler|14\/100\n|\n|-heal|p2a: Impaler|20\/100|[from] item: Leftovers\n|-heal|p2a: Impaler|26\/100|[from] Grassy Terrain\n|-heal|p1a: Celestine|40\/100 tox|[from] item: Leftovers\n|-heal|p1a: Celestine|46\/100 tox|[from] Grassy Terrain\n|-damage|p1a: Celestine|34\/100 tox|[from] psn\n|upkeep\n|turn|5\n|\n|t:|1598634639\n|move|p2a: Impaler|Stealth Rock|p1a: Celestine\n|-sidestart|p1: relic stone|move: Stealth Rock\n|move|p1a: Celestine|Scald|p2a: Impaler\n|-supereffective|p2a: Impaler\n|-damage|p2a: Impaler|0 fnt\n|faint|p2a: Impaler\n|\n|-heal|p1a: Celestine|40\/100 tox|[from] item: Leftovers\n|-heal|p1a: Celestine|46\/100 tox|[from] Grassy Terrain\n|-fieldend|move: Grassy Terrain\n|-damage|p1a: Celestine|28\/100 tox|[from] psn\n|upkeep\n|j| I quit the game\n|\n|t:|1598634653\n|switch|p2a: Silhouette|Urshifu, M|100\/100\n|turn|6\n|j| vaboh\n|\n|t:|1598634658\n|switch|p1a: Ramen|Tangrowth, M|100\/100\n|-damage|p1a: Ramen|88\/100|[from] Stealth Rock\n|move|p2a: Silhouette|Poison Jab|p1a: Ramen\n|-supereffective|p1a: Ramen\n|-damage|p1a: Ramen|44\/100\n|-status|p1a: Ramen|psn\n|-damage|p2a: Silhouette|84\/100|[from] item: Rocky Helmet|[of] p1a: Ramen\n|-damage|p2a: Silhouette|74\/100|[from] item: Life Orb\n|\n|-damage|p1a: Ramen|31\/100 psn|[from] psn\n|upkeep\n|turn|7\n|\n|t:|1598634666\n|move|p2a: Silhouette|Bulk Up|p2a: Silhouette\n|-boost|p2a: Silhouette|atk|1\n|-boost|p2a: Silhouette|def|1\n|move|p1a: Ramen|Sludge Bomb|p2a: Silhouette\n|-damage|p2a: Silhouette|42\/100\n|-status|p2a: Silhouette|psn\n|\n|-damage|p2a: Silhouette|30\/100 psn|[from] psn\n|-damage|p1a: Ramen|19\/100 psn|[from] psn\n|upkeep\n|turn|8\n|\n|t:|1598634669\n|switch|p1a: Celestine|Primarina, M|28\/100 tox\n|-damage|p1a: Celestine|16\/100 tox|[from] Stealth Rock\n|move|p2a: Silhouette|Wicked Blow|p1a: Celestine\n|-resisted|p1a: Celestine\n|-crit|p1a: Celestine\n|-damage|p1a: Celestine|0 fnt\n|-damage|p2a: Silhouette|20\/100 psn|[from] item: Life Orb\n|faint|p1a: Celestine\n|\n|-damage|p2a: Silhouette|8\/100 psn|[from] psn\n|upkeep\n|\n|t:|1598634679\n|switch|p1a: Silhouette|Urshifu, M|100\/100\n|-damage|p1a: Silhouette|94\/100|[from] Stealth Rock\n|turn|9\n|\n|t:|1598634683\n|move|p2a: Silhouette|Poison Jab|p1a: Silhouette\n|-damage|p1a: Silhouette|39\/100\n|-damage|p2a: Silhouette|0 fnt|[from] item: Life Orb\n|faint|p2a: Silhouette\n|move|p1a: Silhouette|Bulk Up|p1a: Silhouette\n|-boost|p1a: Silhouette|atk|1\n|-boost|p1a: Silhouette|def|1\n|\n|upkeep\n|\n|t:|1598634695\n|switch|p2a: Primarina|Primarina, M|100\/100\n|turn|10\n|\n|t:|1598634698\n|move|p1a: Silhouette|Poison Jab|p2a: Primarina\n|-supereffective|p2a: Primarina\n|-damage|p2a: Primarina|0 fnt\n|-damage|p1a: Silhouette|29\/100|[from] item: Life Orb\n|faint|p2a: Primarina\n|\n|upkeep\n|n| lt73iu v|vaboh\n|\n|t:|1598634704\n|switch|p2a: Tama Tonga|Rillaboom, M|80\/100\n|-fieldstart|move: Grassy Terrain|[from] ability: Grassy Surge|[of] p2a: Tama Tonga\n|turn|11\n|\n|t:|1598634712\n|move|p1a: Silhouette|Sucker Punch|p2a: Tama Tonga\n|-damage|p2a: Tama Tonga|2\/100\n|-damage|p1a: Silhouette|19\/100|[from] item: Life Orb\n|move|p2a: Tama Tonga|Grassy Glide|p1a: Silhouette\n|-damage|p1a: Silhouette|0 fnt\n|-damage|p2a: Tama Tonga|0 fnt|[from] item: Life Orb\n|faint|p1a: Silhouette\n|faint|p2a: Tama Tonga\n|\n|upkeep\n|\n|t:|1598634720\n|switch|p1a: Phantom|Marowak-Alola, M, shiny|100\/100\n|switch|p2a: Volcarona|Volcarona, M|100\/100\n|-damage|p1a: Phantom|76\/100|[from] Stealth Rock\n|turn|12\n|l| lt73iu v\n|\n|t:|1598634727\n|move|p2a: Volcarona|Flamethrower|p1a: Phantom\n|-resisted|p1a: Phantom\n|-damage|p1a: Phantom|43\/100\n|move|p1a: Phantom|Poltergeist|p2a: Volcarona\n|-activate|p2a: Volcarona|move: Poltergeist|Heavy-Duty Boots\n|-damage|p2a: Volcarona|19\/100\n|\n|-heal|p2a: Volcarona|25\/100|[from] Grassy Terrain\n|-heal|p1a: Phantom|49\/100|[from] Grassy Terrain\n|upkeep\n|turn|13\n|\n|t:|1598634736\n|move|p2a: Volcarona|Flamethrower|p1a: Phantom\n|-resisted|p1a: Phantom\n|-damage|p1a: Phantom|20\/100\n|move|p1a: Phantom|Fire Punch|p2a: Volcarona\n|-damage|p2a: Volcarona|0 fnt\n|faint|p2a: Volcarona\n|\n|-heal|p1a: Phantom|26\/100|[from] Grassy Terrain\n|upkeep\n|\n|t:|1598634738\n|switch|p2a: Toxtricity|Toxtricity, F|100\/100\n|turn|14\n|c|\u2606relic stone|ggs gl qualifyin bro\n|\n|t:|1598634748\n|move|p2a: Toxtricity|Shift Gear|p2a: Toxtricity\n|-boost|p2a: Toxtricity|spe|2\n|-boost|p2a: Toxtricity|atk|1\n|move|p1a: Phantom|Poltergeist|p2a: Toxtricity\n|-activate|p2a: Toxtricity|move: Poltergeist|Life Orb\n|-damage|p2a: Toxtricity|0 fnt\n|faint|p2a: Toxtricity\n|\n|win|relic stone\n|l|\u2606LT73IU Sagiri\n","uploadtime":1598634752,"views":177,"p1id":"relicstone","p2id":"lt73iusagiri","formatid":"gen8ou","rating":0,"private":0,"password":null}