{"id":"gen8ou-1559116348","p1":"The sunfucker","p2":"Mutako Z","format":"gen8ou","log":"|j|\u2606The sunfucker\n|j|\u2606Mutako Z\n|t:|1650648403\n|gametype|singles\n|player|p1|The sunfucker|avery|1706\n|player|p2|Mutako Z|cynthia-gen4|1703\n|teamsize|p1|6\n|teamsize|p2|6\n|gen|8\n|tier|[Gen 8] OU\n|rated|\n|rule|Sleep Clause Mod: Limit one foe put to sleep\n|rule|Species Clause: Limit one of each Pok\u00e9mon\n|rule|OHKO Clause: OHKO moves are banned\n|rule|Evasion Moves Clause: Evasion moves are banned\n|rule|Endless Battle Clause: Forcing endless battles is banned\n|rule|HP Percentage Mod: HP is shown in percentages\n|rule|Dynamax Clause: You cannot dynamax\n|clearpoke\n|poke|p1|Tapu Lele|\n|poke|p1|Buzzwole|\n|poke|p1|Melmetal|\n|poke|p1|Zeraora|\n|poke|p1|Tornadus-Therian, M|\n|poke|p1|Slowking, F|\n|poke|p2|Melmetal|\n|poke|p2|Tapu Lele|\n|poke|p2|Dragonite, M|\n|poke|p2|Landorus-Therian, M|\n|poke|p2|Heatran, F|\n|poke|p2|Cloyster, M|\n|teampreview\n|j| Paratrooper69\n|\n|t:|1650648429\n|start\n|switch|p1a: Slowking|Slowking, F|100\/100\n|switch|p2a: Landorus|Landorus-Therian, M|100\/100\n|-ability|p2a: Landorus|Intimidate|boost\n|-unboost|p1a: Slowking|atk|1\n|turn|1\n|j| BestixL \u263e\n|j| stallin9\n|j| greycastle333\n|j| 0WithdrawalSyndrom\n|\n|t:|1650648514\n|move|p2a: Landorus|U-turn|p1a: Slowking\n|-supereffective|p1a: Slowking\n|-damage|p1a: Slowking|54\/100\n|\n|t:|1650648555\n|switch|p2a: Tapu Lele|Tapu Lele|100\/100|[from]move: U-turn\n|-fieldstart|move: Psychic Terrain|[from] ability: Psychic Surge|[of] p2a: Tapu Lele\n|move|p1a: Slowking|Scald|p2a: Tapu Lele\n|-damage|p2a: Tapu Lele|73\/100\n|\n|upkeep\n|turn|2\n|j| KunXI\n|j| supahotnicememe\n|l| supahotnicememe\n|inactive|Battle timer is ON: inactive players will automatically lose when time's up. (requested by Mutako Z)\n|l| Paratrooper69\n|\n|t:|1650648601\n|move|p2a: Tapu Lele|Focus Blast|p1a: Slowking|[miss]\n|-miss|p2a: Tapu Lele|p1a: Slowking\n|move|p1a: Slowking|Slack Off|p1a: Slowking\n|-heal|p1a: Slowking|100\/100\n|\n|upkeep\n|turn|3\n|\n|t:|1650648611\n|switch|p2a: Dragonite|Dragonite, M|100\/100\n|move|p1a: Slowking|Future Sight|p2a: Dragonite\n|-start|p1a: Slowking|move: Future Sight\n|\n|upkeep\n|turn|4\n|\n|t:|1650648619\n|move|p2a: Dragonite|Earthquake|p1a: Slowking\n|-damage|p1a: Slowking|61\/100\n|move|p1a: Slowking|Teleport|p1a: Slowking\n|\n|t:|1650648625\n|switch|p1a: Buzzwole|Buzzwole|100\/100|[from]move: Teleport\n|\n|upkeep\n|turn|5\n|\n|t:|1650648631\n|move|p2a: Dragonite|Dragon Dance|p2a: Dragonite\n|-boost|p2a: Dragonite|atk|1\n|-boost|p2a: Dragonite|spe|1\n|move|p1a: Buzzwole|Close Combat|p2a: Dragonite\n|-resisted|p2a: Dragonite\n|-damage|p2a: Dragonite|81\/100\n|-unboost|p1a: Buzzwole|def|1\n|-unboost|p1a: Buzzwole|spd|1\n|\n|-end|p2a: Dragonite|move: Future Sight\n|-damage|p2a: Dragonite|20\/100\n|-heal|p2a: Dragonite|27\/100|[from] item: Leftovers\n|-fieldend|move: Psychic Terrain\n|upkeep\n|turn|6\n|\n|t:|1650648642\n|move|p2a: Dragonite|Roost|p2a: Dragonite\n|-heal|p2a: Dragonite|77\/100\n|-singleturn|p2a: Dragonite|move: Roost\n|move|p1a: Buzzwole|Ice Punch|p2a: Dragonite\n|-supereffective|p2a: Dragonite\n|-damage|p2a: Dragonite|14\/100\n|\n|-heal|p2a: Dragonite|20\/100|[from] item: Leftovers\n|upkeep\n|turn|7\n|\n|t:|1650648651\n|switch|p2a: Melmetal|Melmetal|100\/100\n|move|p1a: Buzzwole|Ice Punch|p2a: Melmetal\n|-resisted|p2a: Melmetal\n|-damage|p2a: Melmetal|93\/100\n|\n|upkeep\n|turn|8\n|\n|t:|1650648659\n|switch|p1a: Melmetal|Melmetal|100\/100\n|move|p2a: Melmetal|Toxic|p1a: Melmetal\n|-immune|p1a: Melmetal\n|\n|upkeep\n|turn|9\n|\n|t:|1650648664\n|move|p1a: Melmetal|Double Iron Bash|p2a: Melmetal\n|-resisted|p2a: Melmetal\n|-damage|p2a: Melmetal|82\/100\n|-resisted|p2a: Melmetal\n|-damage|p2a: Melmetal|69\/100\n|-hitcount|p2a: Melmetal|2\n|cant|p2a: Melmetal|flinch\n|\n|upkeep\n|turn|10\n|\n|t:|1650648671\n|move|p1a: Melmetal|Earthquake|p2a: Melmetal\n|-supereffective|p2a: Melmetal\n|-damage|p2a: Melmetal|29\/100\n|move|p2a: Melmetal|Earthquake|p1a: Melmetal\n|-supereffective|p1a: Melmetal\n|-damage|p1a: Melmetal|36\/100\n|-damage|p2a: Melmetal|19\/100|[from] item: Life Orb\n|\n|-heal|p1a: Melmetal|42\/100|[from] item: Leftovers\n|upkeep\n|turn|11\n|j| Electronno\n|inactive|The sunfucker has 120 seconds left.\n|inactive|The sunfucker has 90 seconds left.\n|j| guho\n|\n|t:|1650648750\n|switch|p2a: Landorus|Landorus-Therian, M|100\/100\n|-ability|p2a: Landorus|Intimidate|boost\n|-unboost|p1a: Melmetal|atk|1\n|move|p1a: Melmetal|Double Iron Bash|p2a: Landorus\n|-damage|p2a: Landorus|69\/100\n|-damage|p2a: Landorus|39\/100\n|-hitcount|p2a: Landorus|2\n|\n|-heal|p2a: Landorus|45\/100|[from] item: Leftovers\n|-heal|p1a: Melmetal|48\/100|[from] item: Leftovers\n|upkeep\n|turn|12\n|\n|t:|1650648765\n|switch|p1a: Tapu Lele|Tapu Lele|100\/100\n|-fieldstart|move: Psychic Terrain|[from] ability: Psychic Surge|[of] p1a: Tapu Lele\n|move|p2a: Landorus|Earthquake|p1a: Tapu Lele\n|-damage|p1a: Tapu Lele|24\/100\n|\n|-heal|p2a: Landorus|51\/100|[from] item: Leftovers\n|upkeep\n|turn|13\n|inactive|The sunfucker has 90 seconds left.\n|inactive|The sunfucker has 60 seconds left.\n|\n|t:|1650648802\n|switch|p2a: Heatran|Heatran, F|100\/100\n|move|p1a: Tapu Lele|Psyshock|p2a: Heatran\n|-resisted|p2a: Heatran\n|-damage|p2a: Heatran|75\/100\n|\n|-heal|p2a: Heatran|81\/100|[from] item: Leftovers\n|upkeep\n|turn|14\n|\n|t:|1650648816\n|move|p1a: Tapu Lele|Focus Blast|p2a: Heatran\n|-supereffective|p2a: Heatran\n|-damage|p2a: Heatran|14\/100\n|move|p2a: Heatran|Magma Storm|p1a: Tapu Lele|[miss]\n|-miss|p2a: Heatran|p1a: Tapu Lele\n|\n|-heal|p2a: Heatran|21\/100|[from] item: Leftovers\n|upkeep\n|turn|15\n|l|\u2606The sunfucker\n|inactive|The sunfucker disconnected and has a minute to reconnect!\n|player|p1|\n|l| stallin9\n|inactive|The sunfucker has 30 seconds to reconnect!\n|inactive|The sunfucker has 20 seconds to reconnect!\n|inactive|The sunfucker has 15 seconds to reconnect!\n|inactive|The sunfucker has 10 seconds to reconnect!\n|inactive|The sunfucker has 5 seconds to reconnect!\n|-message|The sunfucker lost due to inactivity.\n|\n|win|Mutako Z\n|inactive|The sunfucker has 25 seconds left this turn.\n|raw|The sunfucker's rating: 1683 &rarr; <strong>1664<\/strong><br \/>(-19 for losing)\n|raw|Mutako Z's rating: 1703 &rarr; <strong>1722<\/strong><br \/>(+19 for winning)\n||Ladder isn't responding, score probably updated but might not have (Request timeout).\n","uploadtime":1650648921,"views":9,"p1id":"thesunfucker","p2id":"mutakoz","formatid":"gen8ou","rating":1664,"private":0,"password":null}