{"id":"gen8ou-1701112518","p1":"Zinengo","p2":"The Teal Scizor","format":"gen8ou","log":"|j|\u2606Zinengo\n|j|\u2606The Teal Scizor\n|t:|1667413298\n|gametype|singles\n|player|p1|Zinengo|266|1562\n|player|p2|The Teal Scizor|169|1577\n|teamsize|p1|6\n|teamsize|p2|6\n|gen|8\n|tier|[Gen 8] OU\n|rated|\n|rule|Sleep Clause Mod: Limit one foe put to sleep\n|rule|Species Clause: Limit one of each Pok\u00e9mon\n|rule|OHKO Clause: OHKO moves are banned\n|rule|Evasion Items Clause: Evasion items are banned\n|rule|Evasion Moves Clause: Evasion moves are banned\n|rule|Endless Battle Clause: Forcing endless battles is banned\n|rule|HP Percentage Mod: HP is shown in percentages\n|rule|Dynamax Clause: You cannot dynamax\n|clearpoke\n|poke|p1|Regieleki|\n|poke|p1|Zapdos-Galar|\n|poke|p1|Klefki, M|\n|poke|p1|Landorus-Therian, M|\n|poke|p1|Tapu Koko|\n|poke|p1|Victini|\n|poke|p2|Dragapult, F|\n|poke|p2|Landorus-Therian, M|\n|poke|p2|Heatran, M|\n|poke|p2|Slowking, M|\n|poke|p2|Toxapex, F|\n|poke|p2|Urshifu-*, F|\n|teampreview\n|\n|t:|1667413309\n|start\n|switch|p1a: Klefki|Klefki, M|100\/100\n|switch|p2a: Dragapult|Dragapult, F|100\/100\n|turn|1\n|\n|t:|1667413316\n|switch|p2a: Landorus|Landorus-Therian, M|100\/100\n|-ability|p2a: Landorus|Intimidate|boost\n|-unboost|p1a: Klefki|atk|1\n|move|p1a: Klefki|Thunder Wave|p2a: Landorus\n|-immune|p2a: Landorus\n|\n|upkeep\n|turn|2\n|inactive|Battle timer is ON: inactive players will automatically lose when time's up. (requested by The Teal Scizor)\n|\n|t:|1667413324\n|move|p1a: Klefki|Switcheroo|p2a: Landorus\n|-activate|p1a: Klefki|move: Trick|[of] p2a: Landorus\n|-item|p2a: Landorus|Ring Target|[from] move: Switcheroo\n|-item|p1a: Klefki|Leftovers|[from] move: Switcheroo\n|move|p2a: Landorus|Earthquake|p1a: Klefki\n|-supereffective|p1a: Klefki\n|-damage|p1a: Klefki|25\/100\n|\n|-heal|p1a: Klefki|31\/100|[from] item: Leftovers\n|upkeep\n|turn|3\n|\n|t:|1667413334\n|move|p1a: Klefki|Spikes|p2a: Landorus\n|-sidestart|p2: The Teal Scizor|Spikes\n|move|p2a: Landorus|Earthquake|p1a: Klefki\n|-supereffective|p1a: Klefki\n|-damage|p1a: Klefki|0 fnt\n|faint|p1a: Klefki\n|\n|upkeep\n|\n|t:|1667413345\n|switch|p1a: Regieleki|Regieleki|100\/100\n|turn|4\n|\n|t:|1667413352\n|move|p1a: Regieleki|Thunderbolt|p2a: Landorus\n|-supereffective|p2a: Landorus\n|-damage|p2a: Landorus|0 fnt\n|faint|p2a: Landorus\n|\n|upkeep\n|\n|t:|1667413358\n|switch|p2a: Dragapult|Dragapult, F|100\/100\n|-damage|p2a: Dragapult|88\/100|[from] Spikes\n|turn|5\n|\n|t:|1667413368\n|switch|p1a: Landorus|Landorus-Therian, M|100\/100\n|-ability|p1a: Landorus|Intimidate|boost\n|-unboost|p2a: Dragapult|atk|1\n|move|p2a: Dragapult|Shadow Ball|p1a: Landorus\n|-damage|p1a: Landorus|61\/100\n|\n|-heal|p1a: Landorus|67\/100|[from] item: Leftovers\n|upkeep\n|turn|6\n|\n|t:|1667413384\n|switch|p2a: Urshifu|Urshifu-Rapid-Strike, F|100\/100\n|-damage|p2a: Urshifu|88\/100|[from] Spikes\n|move|p1a: Landorus|Stealth Rock|p2a: Urshifu\n|-sidestart|p2: The Teal Scizor|move: Stealth Rock\n|\n|-heal|p1a: Landorus|73\/100|[from] item: Leftovers\n|upkeep\n|turn|7\n|\n|t:|1667413399\n|move|p2a: Urshifu|Surging Strikes|p1a: Landorus\n|-supereffective|p1a: Landorus\n|-crit|p1a: Landorus\n|-damage|p1a: Landorus|32\/100\n|-supereffective|p1a: Landorus\n|-crit|p1a: Landorus\n|-damage|p1a: Landorus|0 fnt\n|faint|p1a: Landorus\n|-hitcount|p1: Landorus|2\n|\n|upkeep\n|\n|t:|1667413407\n|switch|p1a: Tapu Koko|Tapu Koko|100\/100\n|-fieldstart|move: Electric Terrain|[from] ability: Electric Surge|[of] p1a: Tapu Koko\n|turn|8\n|\n|t:|1667413414\n|switch|p2a: Heatran|Heatran, M|100\/100\n|-damage|p2a: Heatran|88\/100|[from] Spikes\n|-damage|p2a: Heatran|76\/100|[from] Stealth Rock\n|move|p1a: Tapu Koko|Volt Switch|p2a: Heatran\n|-damage|p2a: Heatran|51\/100\n|\n|t:|1667413422\n|switch|p1a: Regieleki|Regieleki|100\/100|[from]move: Volt Switch\n|\n|-heal|p2a: Heatran|57\/100|[from] item: Leftovers\n|upkeep\n|turn|9\n|-message|The Teal Scizor forfeited.\n|\n|win|Zinengo\n|raw|Zinengo's rating: 1562 &rarr; <strong>1583<\/strong><br \/>(+21 for winning)\n|raw|The Teal Scizor's rating: 1577 &rarr; <strong>1556<\/strong><br \/>(-21 for losing)\n|l|\u2606The Teal Scizor\n||Ladder isn't responding, score probably updated but might not have (Request timeout).\n","uploadtime":1667413610,"views":13,"p1id":"zinengo","p2id":"thetealscizor","formatid":"gen8ou","rating":1556,"private":0,"password":null}