{"id":"gen8ou-1344809932","p1":"BlazeDrinksLava","p2":"tesla roadster","format":"gen8ou","log":"|j|\u2606BlazeDrinksLava\n|j|\u2606tesla roadster\n|inactive|Battle timer is ON: inactive players will automatically lose when time's up.\n|t:|1621608670\n|gametype|singles\n|player|p1|BlazeDrinksLava|lusamine-nihilego|\n|player|p2|tesla roadster|169|\n|teamsize|p1|6\n|teamsize|p2|6\n|gen|8\n|tier|[Gen 8] OU\n|rated|Tournament battle\n|rule|Sleep Clause Mod: Limit one foe put to sleep\n|rule|Species Clause: Limit one of each Pok\u00e9mon\n|rule|OHKO Clause: OHKO moves are banned\n|rule|Evasion Moves Clause: Evasion moves are banned\n|rule|Endless Battle Clause: Forcing endless battles is banned\n|rule|HP Percentage Mod: HP is shown in percentages\n|rule|Dynamax Clause: You cannot dynamax\n|clearpoke\n|poke|p1|Blissey, F|\n|poke|p1|Urshifu-*, M|\n|poke|p1|Volcarona, M|\n|poke|p1|Landorus-Therian, M|\n|poke|p1|Buzzwole|\n|poke|p1|Mamoswine, F|\n|poke|p2|Urshifu-*, F|\n|poke|p2|Weavile, M|\n|poke|p2|Landorus-Therian, M|\n|poke|p2|Slowking, M|\n|poke|p2|Tornadus-Therian, M|\n|poke|p2|Clefable, F|\n|teampreview\n|inactive|BlazeDrinksLava also wants the timer to be on.\n|inactive|tesla roadster has 120 seconds left.\n|inactive|tesla roadster has 90 seconds left.\n|c|\u2606tesla roadster|hf\n|c|\u2606BlazeDrinksLava|u2\n|inactive|tesla roadster has 60 seconds left.\n|\n|t:|1621608765\n|start\n|switch|p1a: Blissey|Blissey, F|100\/100\n|switch|p2a: Tornadus|Tornadus-Therian, M|100\/100\n|turn|1\n|inactive|tesla roadster has 120 seconds left.\n|\n|t:|1621608779\n|move|p2a: Tornadus|U-turn|p1a: Blissey\n|-damage|p1a: Blissey|71\/100\n|j| Raelonus\n|inactive|tesla roadster has 120 seconds left.\n|\n|t:|1621608790\n|switch|p2a: Landorus|Landorus-Therian, M|100\/100|[from]move: U-turn\n|-ability|p2a: Landorus|Intimidate|boost\n|-unboost|p1a: Blissey|atk|1\n|move|p1a: Blissey|Ice Beam|p2a: Landorus\n|-supereffective|p2a: Landorus\n|-damage|p2a: Landorus|33\/100\n|\n|-heal|p2a: Landorus|40\/100|[from] item: Leftovers\n|upkeep\n|turn|2\n|inactive|tesla roadster has 120 seconds left.\n|\n|t:|1621608799\n|move|p1a: Blissey|Ice Beam|p2a: Landorus\n|-supereffective|p2a: Landorus\n|-damage|p2a: Landorus|0 fnt\n|faint|p2a: Landorus\n|\n|upkeep\n|c|\u2606BlazeDrinksLava|lmao\n|inactive|tesla roadster has 120 seconds left.\n|c|\u2606tesla roadster|tf\n|\n|t:|1621608810\n|switch|p2a: Urshifu|Urshifu-Rapid-Strike, F|100\/100\n|turn|3\n|c|\u2606BlazeDrinksLava|i have my ways\n|\n|t:|1621608817\n|switch|p1a: Landorus|Landorus-Therian, M|100\/100\n|-ability|p1a: Landorus|Intimidate|boost\n|-unboost|p2a: Urshifu|atk|1\n|move|p2a: Urshifu|Surging Strikes|p1a: Landorus\n|-supereffective|p1a: Landorus\n|-crit|p1a: Landorus\n|-damage|p1a: Landorus|31\/100\n|-supereffective|p1a: Landorus\n|-crit|p1a: Landorus\n|-damage|p1a: Landorus|0 fnt\n|faint|p1a: Landorus\n|-hitcount|p1: Landorus|2\n|\n|upkeep\n|c|\u2606BlazeDrinksLava|awe\n|\n|t:|1621608825\n|switch|p1a: Urshifu|Urshifu-Rapid-Strike, M|100\/100\n|turn|4\n|c|\u2606tesla roadster|we call that disability where im from\n|c|\u2606BlazeDrinksLava|ooh\n|c|\u2606BlazeDrinksLava|salt\n|c|\u2606tesla roadster|nah\n|c|\u2606tesla roadster|just facts\n|inactive|tesla roadster has 120 seconds left.\n|\n|t:|1621608847\n|switch|p2a: Tornadus|Tornadus-Therian, M|100\/100\n|move|p1a: Urshifu|Thunder Punch|p2a: Tornadus\n|-supereffective|p2a: Tornadus\n|-crit|p2a: Tornadus\n|-damage|p2a: Tornadus|0 fnt\n|faint|p2a: Tornadus\n|\n|upkeep\n|c|\u2606BlazeDrinksLava|whatever you say\n|inactive|tesla roadster has 120 seconds left.\n|\n|t:|1621608854\n|switch|p2a: Clefable|Clefable, F|100\/100\n|turn|5\n|inactive|tesla roadster has 120 seconds left.\n|\n|t:|1621608864\n|switch|p1a: Volcarona|Volcarona, M|100\/100\n|switch|p2a: Urshifu|Urshifu-Rapid-Strike, F|100\/100\n|\n|upkeep\n|turn|6\n|\n|t:|1621608871\n|switch|p1a: Urshifu|Urshifu-Rapid-Strike, M|100\/100\n|switch|p2a: Slowking|Slowking, M|100\/100\n|\n|upkeep\n|turn|7\n|\n|t:|1621608880\n|switch|p2a: Clefable|Clefable, F|100\/100\n|move|p1a: Urshifu|Thunder Punch|p2a: Clefable\n|-damage|p2a: Clefable|66\/100\n|\n|upkeep\n|turn|8\n|\n|t:|1621608889\n|move|p1a: Urshifu|Thunder Punch|p2a: Clefable\n|-damage|p2a: Clefable|28\/100\n|move|p2a: Clefable|Thunder Wave|p1a: Urshifu\n|-status|p1a: Urshifu|par\n|\n|upkeep\n|turn|9\n|\n|t:|1621608897\n|switch|p1a: Blissey|Blissey, F|71\/100\n|move|p2a: Clefable|Soft-Boiled|p2a: Clefable\n|-heal|p2a: Clefable|78\/100\n|\n|upkeep\n|turn|10\n|\n|t:|1621608907\n|move|p1a: Blissey|Healing Wish|p1a: Blissey\n|faint|p1a: Blissey\n|move|p2a: Clefable|Moonblast|p1: Blissey|[notarget]\n|-fail|p2a: Clefable\n|\n|upkeep\n|\n|t:|1621608912\n|switch|p1a: Urshifu|Urshifu-Rapid-Strike, M|100\/100 par\n|-heal|p1a: Urshifu|100\/100|[from] move: Healing Wish\n|turn|11\n|\n|t:|1621608919\n|switch|p1a: Mamoswine|Mamoswine, F|100\/100\n|switch|p2a: Urshifu|Urshifu-Rapid-Strike, F|100\/100\n|\n|upkeep\n|turn|12\n|\n|t:|1621608940\n|switch|p1a: Buzzwole|Buzzwole|100\/100\n|move|p2a: Urshifu|Surging Strikes|p1a: Buzzwole\n|-crit|p1a: Buzzwole\n|-damage|p1a: Buzzwole|85\/100\n|-crit|p1a: Buzzwole\n|-damage|p1a: Buzzwole|70\/100\n|-crit|p1a: Buzzwole\n|-damage|p1a: Buzzwole|56\/100\n|-hitcount|p1a: Buzzwole|3\n|\n|upkeep\n|turn|13\n|\n|t:|1621608950\n|switch|p2a: Slowking|Slowking, M|100\/100\n|move|p1a: Buzzwole|Lunge|p2a: Slowking\n|-supereffective|p2a: Slowking\n|-damage|p2a: Slowking|24\/100\n|-unboost|p2a: Slowking|atk|1\n|\n|upkeep\n|turn|14\n|\n|t:|1621608957\n|switch|p2a: Clefable|Clefable, F|78\/100\n|move|p1a: Buzzwole|Lunge|p2a: Clefable\n|-resisted|p2a: Clefable\n|-damage|p2a: Clefable|60\/100\n|-unboost|p2a: Clefable|atk|1\n|\n|upkeep\n|turn|15\n|\n|t:|1621608972\n|switch|p1a: Volcarona|Volcarona, M|100\/100\n|move|p2a: Clefable|Moonblast|p1a: Volcarona\n|-resisted|p1a: Volcarona\n|-damage|p1a: Volcarona|87\/100\n|\n|upkeep\n|turn|16\n|\n|t:|1621608985\n|switch|p2a: Urshifu|Urshifu-Rapid-Strike, F|100\/100\n|move|p1a: Volcarona|Quiver Dance|p1a: Volcarona\n|-boost|p1a: Volcarona|spa|1\n|-boost|p1a: Volcarona|spd|1\n|-boost|p1a: Volcarona|spe|1\n|\n|upkeep\n|turn|17\n|\n|t:|1621608993\n|switch|p1a: Urshifu|Urshifu-Rapid-Strike, M|100\/100\n|move|p2a: Urshifu|Aqua Jet|p1a: Urshifu\n|-resisted|p1a: Urshifu\n|-damage|p1a: Urshifu|84\/100\n|\n|upkeep\n|turn|18\n|\n|t:|1621608999\n|switch|p2a: Weavile|Weavile, M|100\/100\n|-ability|p2a: Weavile|Pressure\n|move|p1a: Urshifu|Thunder Punch|p2a: Weavile\n|-damage|p2a: Weavile|32\/100\n|\n|upkeep\n|turn|19\n|\n|t:|1621609005\n|move|p2a: Weavile|Knock Off|p1a: Urshifu\n|-resisted|p1a: Urshifu\n|-damage|p1a: Urshifu|60\/100\n|-enditem|p1a: Urshifu|Choice Band|[from] move: Knock Off|[of] p2a: Weavile\n|move|p1a: Urshifu|Thunder Punch|p2a: Weavile\n|-damage|p2a: Weavile|0 fnt\n|faint|p2a: Weavile\n|\n|upkeep\n|\n|t:|1621609009\n|switch|p2a: Clefable|Clefable, F|60\/100\n|turn|20\n|\n|t:|1621609014\n|move|p1a: Urshifu|Surging Strikes|p2a: Clefable\n|-crit|p2a: Clefable\n|-damage|p2a: Clefable|41\/100\n|-crit|p2a: Clefable\n|-damage|p2a: Clefable|23\/100\n|-crit|p2a: Clefable\n|-damage|p2a: Clefable|4\/100\n|-hitcount|p2a: Clefable|3\n|move|p2a: Clefable|Soft-Boiled|p2a: Clefable\n|-heal|p2a: Clefable|54\/100\n|\n|upkeep\n|turn|21\n|\n|t:|1621609025\n|switch|p1a: Volcarona|Volcarona, M|87\/100\n|move|p2a: Clefable|Thunder Wave|p1a: Volcarona\n|-status|p1a: Volcarona|par\n|\n|upkeep\n|turn|22\n|\n|t:|1621609030\n|move|p1a: Volcarona|Quiver Dance|p1a: Volcarona\n|-boost|p1a: Volcarona|spa|1\n|-boost|p1a: Volcarona|spd|1\n|-boost|p1a: Volcarona|spe|1\n|move|p2a: Clefable|Soft-Boiled|p2a: Clefable\n|-heal|p2a: Clefable|100\/100\n|\n|upkeep\n|turn|23\n|\n|t:|1621609033\n|switch|p2a: Slowking|Slowking, M|57\/100\n|cant|p1a: Volcarona|par\n|\n|upkeep\n|turn|24\n|\n|t:|1621609038\n|switch|p2a: Urshifu|Urshifu-Rapid-Strike, F|100\/100\n|move|p1a: Volcarona|Bug Buzz|p2a: Urshifu\n|-resisted|p2a: Urshifu\n|-damage|p2a: Urshifu|54\/100\n|\n|upkeep\n|turn|25\n|\n|t:|1621609050\n|move|p2a: Urshifu|Surging Strikes|p1a: Volcarona\n|-supereffective|p1a: Volcarona\n|-crit|p1a: Volcarona\n|-damage|p1a: Volcarona|9\/100 par\n|-status|p2a: Urshifu|brn|[from] ability: Flame Body|[of] p1a: Volcarona\n|-supereffective|p1a: Volcarona\n|-crit|p1a: Volcarona\n|-damage|p1a: Volcarona|0 fnt\n|faint|p1a: Volcarona\n|-hitcount|p1: Volcarona|2\n|\n|-damage|p2a: Urshifu|48\/100 brn|[from] brn\n|upkeep\n|\n|t:|1621609061\n|switch|p1a: Urshifu|Urshifu-Rapid-Strike, M|60\/100\n|turn|26\n|\n|t:|1621609064\n|switch|p2a: Clefable|Clefable, F|100\/100\n|move|p1a: Urshifu|Thunder Punch|p2a: Clefable\n|-damage|p2a: Clefable|78\/100\n|\n|upkeep\n|turn|27\n|\n|t:|1621609076\n|switch|p1a: Mamoswine|Mamoswine, F|100\/100\n|move|p2a: Clefable|Aromatherapy|p2a: Clefable\n|-activate|p2a: Clefable|move: Aromatherapy\n|-curestatus|p2: Urshifu|brn|[msg]\n|\n|upkeep\n|turn|28\n|inactive|tesla roadster has 120 seconds left.\n|\n|t:|1621609109\n|switch|p2a: Slowking|Slowking, M|90\/100\n|move|p1a: Mamoswine|Earthquake|p2a: Slowking\n|-damage|p2a: Slowking|32\/100\n|\n|upkeep\n|turn|29\n|\n|t:|1621609118\n|switch|p1a: Urshifu|Urshifu-Rapid-Strike, M|60\/100\n|move|p2a: Slowking|Scald|p1a: Urshifu\n|-resisted|p1a: Urshifu\n|-damage|p1a: Urshifu|40\/100\n|\n|upkeep\n|turn|30\n|inactive|tesla roadster has 120 seconds left.\n|\n|t:|1621609141\n|move|p1a: Urshifu|Thunder Punch|p2a: Slowking\n|-supereffective|p2a: Slowking\n|-damage|p2a: Slowking|0 fnt\n|faint|p2a: Slowking\n|\n|upkeep\n|inactive|tesla roadster has 120 seconds left.\n|\n|t:|1621609148\n|switch|p2a: Urshifu|Urshifu-Rapid-Strike, F|48\/100\n|turn|31\n|inactive|tesla roadster has 120 seconds left.\n|\n|t:|1621609161\n|move|p1a: Urshifu|Thunder Punch|p2a: Urshifu\n|-supereffective|p2a: Urshifu\n|-damage|p2a: Urshifu|0 fnt\n|faint|p2a: Urshifu\n|\n|upkeep\n|c|\u2606tesla roadster|ofc\n|inactive|tesla roadster has 120 seconds left.\n|c|\u2606tesla roadster|hax from the beginning til the end\n|-message|tesla roadster forfeited.\n|\n|win|BlazeDrinksLava\n|n|\u2606BlazeDrinksLava|blazedrinkslava\n|n|\u2606tesla roadster|teslaroadster\n|n| Raelonus|raelonus\n|l|\u2606tesla roadster\n|c|\u2606BlazeDrinksLava|not my fault you staying in\n|c|\u2606BlazeDrinksLava|LMAO\n","uploadtime":1621609180,"views":17,"p1id":"blazedrinkslava","p2id":"teslaroadster","formatid":"gen8ou","rating":0,"private":0,"password":null}