{"id":"gen8ou-1181348729","p1":"roboPOKE","p2":"lt74pf yadic","format":"gen8ou","log":"|raw|<div class=\"broadcast-blue\"><strong>This battle is required to be public due to a player having a name starting with 'LT74PF'.<\/div>\n|j|\u2606roboPOKE\n|j|\u2606lt74pf yadic\n|t:|1599255393\n|player|p1|roboPOKE|1|1792\n|player|p2|lt74pf yadic|169|1798\n|teamsize|p1|6\n|teamsize|p2|6\n|gametype|singles\n|gen|8\n|tier|[Gen 8] OU\n|rated|\n|clearpoke\n|poke|p1|Necrozma|\n|poke|p1|Hippowdon, M|\n|poke|p1|Xatu, M|\n|poke|p1|Togekiss, F|\n|poke|p1|Dragapult, F|\n|poke|p1|Clefable, M|\n|poke|p2|Toxapex, M|\n|poke|p2|Hippowdon, F|\n|poke|p2|Skarmory, M|\n|poke|p2|Zarude|\n|poke|p2|Clefable, M|\n|poke|p2|Dragapult, M|\n|rule|Sleep Clause Mod: Limit one foe put to sleep\n|rule|Species Clause: Limit one of each Pok\u00e9mon\n|rule|OHKO Clause: OHKO moves are banned\n|rule|Evasion Moves Clause: Evasion moves are banned\n|rule|Endless Battle Clause: Forcing endless battles is banned\n|rule|HP Percentage Mod: HP is shown in percentages\n|rule|Dynamax Clause: You cannot dynamax\n|teampreview\n|j| lavurn1\n|\n|t:|1599255448\n|start\n|switch|p1a: Clefable|Clefable, M|100\/100\n|switch|p2a: Zarude|Zarude|100\/100\n|turn|1\n|\n|t:|1599255455\n|switch|p2a: Toxapex|Toxapex, M|100\/100\n|move|p1a: Clefable|Calm Mind|p1a: Clefable\n|-boost|p1a: Clefable|spa|1\n|-boost|p1a: Clefable|spd|1\n|\n|upkeep\n|turn|2\n|\n|t:|1599255459\n|move|p1a: Clefable|Thunderbolt|p2a: Toxapex\n|-supereffective|p2a: Toxapex\n|-damage|p2a: Toxapex|6\/100\n|move|p2a: Toxapex|Haze|p2a: Toxapex\n|-clearallboost\n|\n|-heal|p2a: Toxapex|13\/100|[from] item: Black Sludge\n|upkeep\n|turn|3\n|\n|t:|1599255465\n|switch|p2a: Clefable|Clefable, M|100\/100\n|move|p1a: Clefable|Calm Mind|p1a: Clefable\n|-boost|p1a: Clefable|spa|1\n|-boost|p1a: Clefable|spd|1\n|\n|upkeep\n|turn|4\n|\n|t:|1599255468\n|move|p1a: Clefable|Moonblast|p2a: Clefable\n|-damage|p2a: Clefable|16\/100\n|-unboost|p2a: Clefable|spa|1\n|move|p2a: Clefable|Thunder Wave|p1a: Clefable\n|-status|p1a: Clefable|par\n|\n|-heal|p2a: Clefable|22\/100|[from] item: Leftovers\n|upkeep\n|turn|5\n|\n|t:|1599255476\n|switch|p2a: Hippowdon|Hippowdon, F|100\/100\n|-weather|Sandstorm|[from] ability: Sand Stream|[of] p2a: Hippowdon\n|cant|p1a: Clefable|par\n|\n|-weather|Sandstorm|[upkeep]\n|upkeep\n|turn|6\n|\n|t:|1599255480\n|switch|p1a: Xatu|Xatu, M|100\/100\n|move|p2a: Hippowdon|Earthquake|p1a: Xatu\n|-immune|p1a: Xatu\n|\n|-weather|Sandstorm|[upkeep]\n|-damage|p1a: Xatu|95\/100|[from] Sandstorm\n|upkeep\n|turn|7\n|j| LT74PF croo\n|\n|t:|1599255491\n|switch|p2a: Toxapex|Toxapex, M|46\/100\n|move|p1a: Xatu|Night Shade|p2a: Toxapex\n|-damage|p2a: Toxapex|13\/100\n|\n|-weather|Sandstorm|[upkeep]\n|-damage|p1a: Xatu|89\/100|[from] Sandstorm\n|-damage|p2a: Toxapex|7\/100|[from] Sandstorm\n|-heal|p2a: Toxapex|13\/100|[from] item: Black Sludge\n|upkeep\n|turn|8\n|\n|t:|1599255509\n|switch|p2a: Hippowdon|Hippowdon, F|100\/100\n|move|p1a: Xatu|Magic Room|p1a: Xatu\n|-fieldstart|move: Magic Room|[of] p1a: Xatu\n|\n|-weather|Sandstorm|[upkeep]\n|-damage|p1a: Xatu|83\/100|[from] Sandstorm\n|upkeep\n|turn|9\n|c|\u2606lt74pf yadic|what is this\n|\n|t:|1599255519\n|move|p1a: Xatu|Night Shade|p2a: Hippowdon\n|-damage|p2a: Hippowdon|77\/100\n|move|p2a: Hippowdon|Rock Slide|p1a: Xatu\n|-supereffective|p1a: Xatu\n|-damage|p1a: Xatu|47\/100\n|\n|-weather|none\n|upkeep\n|turn|10\n|\n|t:|1599255529\n|move|p1a: Xatu|Roost|p1a: Xatu\n|-heal|p1a: Xatu|97\/100\n|-singleturn|p1a: Xatu|move: Roost\n|move|p2a: Hippowdon|Earthquake|p1a: Xatu\n|-damage|p1a: Xatu|64\/100\n|\n|upkeep\n|turn|11\n|\n|t:|1599255533\n|move|p2a: Hippowdon|Slack Off|p2a: Hippowdon\n|-heal|p2a: Hippowdon|100\/100\n|move|p1a: Xatu|Teleport|p1a: Xatu\n|\n|t:|1599255537\n|switch|p1a: Togekiss|Togekiss, F|100\/100|[from]move: Teleport\n|\n|upkeep\n|turn|12\n|\n|t:|1599255540\n|move|p1a: Togekiss|Nasty Plot|p1a: Togekiss\n|-boost|p1a: Togekiss|spa|2\n|move|p2a: Hippowdon|Rock Slide|p1a: Togekiss\n|-supereffective|p1a: Togekiss\n|-damage|p1a: Togekiss|53\/100\n|\n|-fieldend|move: Magic Room|[of] p1: Xatu\n|upkeep\n|turn|13\n|\n|t:|1599255556\n|switch|p2a: Clefable|Clefable, M|22\/100\n|move|p1a: Togekiss|Air Slash|p2a: Clefable\n|-damage|p2a: Clefable|0 fnt\n|faint|p2a: Clefable\n|\n|upkeep\n|\n|t:|1599255559\n|switch|p2a: Dragapult|Dragapult, M|100\/100\n|turn|14\n|\n|t:|1599255566\n|move|p1a: Togekiss|Air Slash|p2a: Dragapult\n|-damage|p2a: Dragapult|0 fnt\n|faint|p2a: Dragapult\n|\n|upkeep\n|c|\u2606lt74pf yadic|gg\n|c|\u2606roboPOKE|gg\n|-message|lt74pf yadic forfeited.\n|\n|win|roboPOKE\n|j| slainey\n|j| Ninja 2X\n|j|+Vrin\n|j| olaskag\n|l| Ninja 2X\n|l|\u2606lt74pf yadic\n|j| Fusien\n|j| faunazon\n|raw|roboPOKE's rating: 1806 &rarr; <strong>1825<\/strong><br \/>(+19 for winning)\n|raw|lt74pf yadic's rating: 1798 &rarr; <strong>1779<\/strong><br \/>(-19 for losing)\n","uploadtime":1599255587,"views":20,"p1id":"robopoke","p2id":"lt74pfyadic","formatid":"gen8ou","rating":1779,"private":0,"password":null}