{"id":"gen8ou-1626864053","p1":"LT91BB animefan","p2":"antarctozolt","format":"gen8ou","log":"|raw|<div class=\"broadcast-blue\"><strong>This battle is required to be public due to a player having a name starting with 'lt91bb'.<\/div>\n|j|\u2606LT91BB animefan\n|j|\u2606antarctozolt\n|t:|1658983136\n|gametype|singles\n|player|p1|LT91BB animefan|2|1802\n|player|p2|antarctozolt|skier|1918\n|teamsize|p1|6\n|teamsize|p2|6\n|gen|8\n|tier|[Gen 8] OU\n|rated|\n|rule|Sleep Clause Mod: Limit one foe put to sleep\n|rule|Species Clause: Limit one of each Pok\u00e9mon\n|rule|OHKO Clause: OHKO moves are banned\n|rule|Evasion Moves Clause: Evasion moves are banned\n|rule|Endless Battle Clause: Forcing endless battles is banned\n|rule|HP Percentage Mod: HP is shown in percentages\n|rule|Dynamax Clause: You cannot dynamax\n|clearpoke\n|poke|p1|Hippowdon, F|\n|poke|p1|Skarmory, F|\n|poke|p1|Rotom-Wash|\n|poke|p1|Clefable, M|\n|poke|p1|Slowking-Galar, M|\n|poke|p1|Weavile, F|\n|poke|p2|Mew|\n|poke|p2|Weavile, M|\n|poke|p2|Celesteela|\n|poke|p2|Crawdaunt, M|\n|poke|p2|Garchomp, M|\n|poke|p2|Blacephalon|\n|teampreview\n|inactive|Battle timer is ON: inactive players will automatically lose when time's up. (requested by LT91BB animefan)\n|j| OLT Farmer\n|inactive|LT91BB animefan has 120 seconds left.\n|j|+spoo\n|\n|t:|1658983175\n|start\n|switch|p1a: Clefable|Clefable, M|100\/100\n|switch|p2a: \u30ea\u30fc\u30c9|Mew, shiny|100\/100\n|turn|1\n|j| LT91BBEZ\n|j| Cryofield\n|\n|t:|1658983180\n|move|p2a: \u30ea\u30fc\u30c9|Thunder Wave|p1a: Clefable\n|-status|p1a: Clefable|par\n|move|p1a: Clefable|Moonblast|p2a: \u30ea\u30fc\u30c9\n|-damage|p2a: \u30ea\u30fc\u30c9|72\/100\n|-unboost|p2a: \u30ea\u30fc\u30c9|spa|1\n|\n|upkeep\n|turn|2\n|j| Lunala\n|j| picket wicket\n|\n|t:|1658983183\n|move|p2a: \u30ea\u30fc\u30c9|Stealth Rock|p1a: Clefable\n|-sidestart|p1: LT91BB animefan|move: Stealth Rock\n|move|p1a: Clefable|Thunder Wave|p2a: \u30ea\u30fc\u30c9\n|-status|p2a: \u30ea\u30fc\u30c9|par\n|-activate|p2a: \u30ea\u30fc\u30c9|ability: Synchronize\n|-fail|p1a: Clefable|par\n|\n|upkeep\n|turn|3\n|\n|t:|1658983186\n|cant|p2a: \u30ea\u30fc\u30c9|par\n|move|p1a: Clefable|Moonblast|p2a: \u30ea\u30fc\u30c9\n|-damage|p2a: \u30ea\u30fc\u30c9|47\/100 par\n|\n|upkeep\n|turn|4\n|\n|t:|1658983189\n|move|p2a: \u30ea\u30fc\u30c9|Spikes|p1a: Clefable\n|-sidestart|p1: LT91BB animefan|Spikes\n|move|p1a: Clefable|Aromatherapy|p1a: Clefable\n|-activate|p1a: Clefable|move: Aromatherapy\n|-curestatus|p1a: Clefable|par|[msg]\n|\n|upkeep\n|turn|5\n|j| lEtHeeeeeeeee\n|\n|t:|1658983193\n|move|p2a: \u30ea\u30fc\u30c9|Thunder Wave|p1a: Clefable\n|-status|p1a: Clefable|par\n|move|p1a: Clefable|Moonblast|p2a: \u30ea\u30fc\u30c9\n|-damage|p2a: \u30ea\u30fc\u30c9|20\/100 par\n|-unboost|p2a: \u30ea\u30fc\u30c9|spa|1\n|\n|upkeep\n|turn|6\n|\n|t:|1658983197\n|move|p2a: \u30ea\u30fc\u30c9|Taunt|p1a: Clefable\n|-start|p1a: Clefable|move: Taunt\n|cant|p1a: Clefable|move: Taunt|Aromatherapy\n|\n|upkeep\n|turn|7\n|\n|t:|1658983200\n|switch|p2a: \u653b\u6483\uff035|Blacephalon, shiny|100\/100\n|switch|p1a: Weavile|Weavile, F|100\/100\n|-ability|p1a: Weavile|Pressure\n|\n|upkeep\n|turn|8\n|\n|t:|1658983210\n|move|p2a: \u653b\u6483\uff035|Shadow Ball|p1a: Weavile\n|-resisted|p1a: Weavile\n|-damage|p1a: Weavile|62\/100\n|move|p1a: Weavile|Knock Off|p2a: \u653b\u6483\uff035\n|-supereffective|p2a: \u653b\u6483\uff035\n|-damage|p2a: \u653b\u6483\uff035|0 fnt\n|-enditem|p2a: \u653b\u6483\uff035|Choice Scarf|[from] move: Knock Off|[of] p1a: Weavile\n|faint|p2a: \u653b\u6483\uff035\n|\n|upkeep\n|\n|t:|1658983214\n|switch|p2a: \u653b\u6483\uff033|Crawdaunt, M, shiny|100\/100\n|turn|9\n|\n|t:|1658983235\n|switch|p1a: Slowking|Slowking-Galar, M|100\/100\n|move|p2a: \u653b\u6483\uff033|Knock Off|p1a: Slowking\n|-supereffective|p1a: Slowking\n|-damage|p1a: Slowking|0 fnt\n|-enditem|p1a: Slowking|Heavy-Duty Boots|[from] move: Knock Off|[of] p2a: \u653b\u6483\uff033\n|faint|p1a: Slowking\n|-damage|p2a: \u653b\u6483\uff033|91\/100|[from] item: Life Orb\n|\n|upkeep\n|\n|t:|1658983237\n|switch|p1a: Rotom|Rotom-Wash|100\/100\n|-damage|p1a: Rotom|88\/100|[from] Stealth Rock\n|turn|10\n|j| vkhss\n|\n|t:|1658983241\n|switch|p2a: \u653b\u6483\uff034|Garchomp, M, shiny|100\/100\n|move|p1a: Rotom|Hydro Pump|p2a: \u653b\u6483\uff034\n|-damage|p2a: \u653b\u6483\uff034|57\/100\n|\n|-heal|p1a: Rotom|94\/100|[from] item: Leftovers\n|upkeep\n|turn|11\n|\n|t:|1658983245\n|move|p2a: \u653b\u6483\uff034|Swords Dance|p2a: \u653b\u6483\uff034\n|-boost|p2a: \u653b\u6483\uff034|atk|2\n|move|p1a: Rotom|Will-O-Wisp|p2a: \u653b\u6483\uff034|[miss]\n|-miss|p1a: Rotom|p2a: \u653b\u6483\uff034\n|\n|-heal|p1a: Rotom|100\/100|[from] item: Leftovers\n|upkeep\n|turn|12\n|\n|t:|1658983258\n|switch|p1a: Clefable|Clefable, M|100\/100 par\n|move|p2a: \u653b\u6483\uff034|Scale Shot|p1a: Clefable\n|-immune|p1a: Clefable\n|\n|upkeep\n|turn|13\n|\n|t:|1658983263\n|move|p2a: \u653b\u6483\uff034|Earthquake|p1a: Clefable\n|-damage|p1a: Clefable|6\/100 par\n|cant|p1a: Clefable|par\n|\n|upkeep\n|turn|14\n|\n|t:|1658983267\n|move|p2a: \u653b\u6483\uff034|Earthquake|p1a: Clefable\n|-crit|p1a: Clefable\n|-damage|p1a: Clefable|0 fnt\n|faint|p1a: Clefable\n|\n|upkeep\n|j| sacred whisper\n|\n|t:|1658983269\n|switch|p1a: Weavile|Weavile, F|62\/100\n|-ability|p1a: Weavile|Pressure\n|turn|15\n|\n|t:|1658983276\n|move|p1a: Weavile|Knock Off|p2a: \u653b\u6483\uff034\n|-damage|p2a: \u653b\u6483\uff034|9\/100\n|-damage|p1a: Weavile|50\/100|[from] ability: Rough Skin|[of] p2a: \u653b\u6483\uff034\n|-enditem|p2a: \u653b\u6483\uff034|Lum Berry|[from] move: Knock Off|[of] p1a: Weavile\n|move|p2a: \u653b\u6483\uff034|Earthquake|p1a: Weavile\n|-damage|p1a: Weavile|0 fnt\n|faint|p1a: Weavile\n|\n|upkeep\n|j| Mbouchon\n|\n|t:|1658983284\n|switch|p1a: Hippowdon|Hippowdon, F|100\/100\n|-weather|Sandstorm|[from] ability: Sand Stream|[of] p1a: Hippowdon\n|turn|16\n|j| LT91BB HD\n|\n|t:|1658983288\n|move|p2a: \u653b\u6483\uff034|Earthquake|p1a: Hippowdon\n|-damage|p1a: Hippowdon|25\/100\n|move|p1a: Hippowdon|Earthquake|p2a: \u653b\u6483\uff034\n|-damage|p2a: \u653b\u6483\uff034|0 fnt\n|faint|p2a: \u653b\u6483\uff034\n|\n|-weather|Sandstorm|[upkeep]\n|upkeep\n|\n|t:|1658983298\n|switch|p2a: \u653b\u6483\uff033|Crawdaunt, M, shiny|91\/100\n|turn|17\n|\n|t:|1658983303\n|move|p2a: \u653b\u6483\uff033|Knock Off|p1a: Hippowdon\n|-damage|p1a: Hippowdon|0 fnt\n|-enditem|p1a: Hippowdon|Heavy-Duty Boots|[from] move: Knock Off|[of] p2a: \u653b\u6483\uff033\n|faint|p1a: Hippowdon\n|-damage|p2a: \u653b\u6483\uff033|81\/100|[from] item: Life Orb\n|\n|-weather|Sandstorm|[upkeep]\n|-damage|p2a: \u653b\u6483\uff033|75\/100|[from] Sandstorm\n|upkeep\n|\n|t:|1658983304\n|switch|p1a: Rotom|Rotom-Wash|100\/100\n|-damage|p1a: Rotom|88\/100|[from] Stealth Rock\n|turn|18\n|\n|t:|1658983307\n|switch|p2a: \u30ea\u30fc\u30c9|Mew, shiny|20\/100 par\n|move|p1a: Rotom|Hydro Pump|p2a: \u30ea\u30fc\u30c9|[miss]\n|-miss|p1a: Rotom|p2a: \u30ea\u30fc\u30c9\n|\n|-weather|Sandstorm|[upkeep]\n|-damage|p1a: Rotom|82\/100|[from] Sandstorm\n|-damage|p2a: \u30ea\u30fc\u30c9|14\/100 par|[from] Sandstorm\n|-heal|p1a: Rotom|88\/100|[from] item: Leftovers\n|upkeep\n|turn|19\n|\n|t:|1658983314\n|move|p1a: Rotom|Hydro Pump|p2a: \u30ea\u30fc\u30c9\n|-damage|p2a: \u30ea\u30fc\u30c9|0 fnt\n|faint|p2a: \u30ea\u30fc\u30c9\n|\n|-weather|Sandstorm|[upkeep]\n|-damage|p1a: Rotom|82\/100|[from] Sandstorm\n|-heal|p1a: Rotom|88\/100|[from] item: Leftovers\n|upkeep\n|\n|t:|1658983316\n|switch|p2a: \u653b\u6483\uff031|Weavile, M, shiny|100\/100\n|-ability|p2a: \u653b\u6483\uff031|Pressure\n|turn|20\n|\n|t:|1658983318\n|move|p2a: \u653b\u6483\uff031|Knock Off|p1a: Rotom\n|-crit|p1a: Rotom\n|-damage|p1a: Rotom|0 fnt\n|-enditem|p1a: Rotom|Leftovers|[from] move: Knock Off|[of] p2a: \u653b\u6483\uff031\n|faint|p1a: Rotom\n|-damage|p2a: \u653b\u6483\uff031|91\/100|[from] item: Life Orb\n|\n|-weather|none\n|upkeep\n|c|\u2606LT91BB animefan|disgusting game\n|l| lEtHeeeeeeeee\n|-message|LT91BB animefan forfeited.\n|\n|win|antarctozolt\n|raw|LT91BB animefan's rating: 1802 &rarr; <strong>1788<\/strong><br \/>(-14 for losing)\n|raw|antarctozolt's rating: 1918 &rarr; <strong>1932<\/strong><br \/>(+14 for winning)\n|l|\u2606LT91BB animefan\n|c|\u2606antarctozolt|ye\n|l| Lunala\n|l| Cryofield\n|c|\u2606antarctozolt|i know you played like ass\n|c|\u2606antarctozolt|when you risked weav t2\n|c|\u2606antarctozolt|idiot\n|c|\u2606antarctozolt|\"disgusting\" indeed\n|l| LT91BB HD\n|c|\u2606antarctozolt|jfc\n|l|\u2606antarctozolt\n|l| sacred whisper\n","uploadtime":1658983346,"views":200,"p1id":"lt91bbanimefan","p2id":"antarctozolt","formatid":"gen8ou","rating":1788,"private":0,"password":null}