{"id":"gen8ou-1633838752","p1":"LT92PF Lio","p2":"Pinkacross","format":"gen8ou","log":"|raw|<div class=\"broadcast-blue\"><strong>This battle is required to be public due to a player having a name starting with 'lt92pf'.<\/div>\n|j|\u2606LT92PF Lio\n|j|\u2606Pinkacross\n|t:|1659824433\n|gametype|singles\n|player|p1|LT92PF Lio|2|1736\n|player|p2|Pinkacross|artist|1843\n|teamsize|p1|6\n|teamsize|p2|6\n|gen|8\n|tier|[Gen 8] OU\n|rated|\n|rule|Sleep Clause Mod: Limit one foe put to sleep\n|rule|Species Clause: Limit one of each Pok\u00e9mon\n|rule|OHKO Clause: OHKO moves are banned\n|rule|Evasion Items Clause: Evasion items are banned\n|rule|Evasion Moves Clause: Evasion moves are banned\n|rule|Endless Battle Clause: Forcing endless battles is banned\n|rule|HP Percentage Mod: HP is shown in percentages\n|rule|Dynamax Clause: You cannot dynamax\n|clearpoke\n|poke|p1|Rillaboom, M|\n|poke|p1|Kartana|\n|poke|p1|Zapdos|\n|poke|p1|Corviknight, M|\n|poke|p1|Crawdaunt, F|\n|poke|p1|Hippowdon, M|\n|poke|p2|Ninetales-Alola, M|\n|poke|p2|Cloyster, F|\n|poke|p2|Landorus-Therian, M|\n|poke|p2|Weavile, F|\n|poke|p2|Nihilego|\n|poke|p2|Volcarona, F|\n|teampreview\n|\n|t:|1659824449\n|start\n|switch|p1a: Zapdos|Zapdos|100\/100\n|switch|p2a: Ninetales|Ninetales-Alola, M|100\/100\n|-weather|Hail|[from] ability: Snow Warning|[of] p2a: Ninetales\n|turn|1\n|\n|t:|1659824453\n|move|p2a: Ninetales|Aurora Veil|p2a: Ninetales\n|-sidestart|p2: Pinkacross|move: Aurora Veil\n|move|p1a: Zapdos|Toxic|p2a: Ninetales\n|-status|p2a: Ninetales|tox\n|\n|-weather|Hail|[upkeep]\n|-damage|p1a: Zapdos|94\/100|[from] Hail\n|-damage|p2a: Ninetales|94\/100 tox|[from] psn\n|upkeep\n|turn|2\n|j| podtastic1\n|\n|t:|1659824464\n|move|p2a: Ninetales|Encore|p1a: Zapdos\n|-start|p1a: Zapdos|Encore\n|move|p1a: Zapdos|Toxic|p2a: Ninetales\n|-fail|p2a: Ninetales|tox\n|\n|-weather|Hail|[upkeep]\n|-damage|p1a: Zapdos|88\/100|[from] Hail\n|-damage|p2a: Ninetales|82\/100 tox|[from] psn\n|upkeep\n|turn|3\n|\n|t:|1659824472\n|switch|p2a: Nihilego|Nihilego|100\/100\n|switch|p1a: Hippowdon|Hippowdon, M|100\/100\n|-weather|Sandstorm|[from] ability: Sand Stream|[of] p1a: Hippowdon\n|\n|-weather|Sandstorm|[upkeep]\n|upkeep\n|turn|4\n|\n|t:|1659824476\n|switch|p2a: Cloyster|Cloyster, F|100\/100\n|move|p1a: Hippowdon|Stealth Rock|p2a: Cloyster\n|-sidestart|p2: Pinkacross|move: Stealth Rock\n|\n|-weather|Sandstorm|[upkeep]\n|-damage|p2a: Cloyster|94\/100|[from] Sandstorm\n|upkeep\n|turn|5\n|j| goatseemen\n|l| goatseemen\n|j| mejais teamstealer\n|j| Heinrich Kemmler\n|\n|t:|1659824488\n|switch|p1a: Rillaboom|Rillaboom, M|100\/100\n|-fieldstart|move: Grassy Terrain|[from] ability: Grassy Surge|[of] p1a: Rillaboom\n|move|p2a: Cloyster|Rapid Spin|p1a: Rillaboom\n|-damage|p1a: Rillaboom|84\/100\n|-boost|p2a: Cloyster|spe|1\n|-sideend|p2: Pinkacross|Stealth Rock|[from] move: Rapid Spin|[of] p2a: Cloyster\n|\n|-weather|Sandstorm|[upkeep]\n|-damage|p2a: Cloyster|88\/100|[from] Sandstorm\n|-damage|p1a: Rillaboom|78\/100|[from] Sandstorm\n|-heal|p2a: Cloyster|94\/100|[from] Grassy Terrain\n|-heal|p1a: Rillaboom|84\/100|[from] Grassy Terrain\n|upkeep\n|turn|6\n|inactive|Battle timer is ON: inactive players will automatically lose when time's up. (requested by Pinkacross)\n|j| fatass cat\n|\n|t:|1659824491\n|move|p1a: Rillaboom|Grassy Glide|p2a: Cloyster\n|-supereffective|p2a: Cloyster\n|-damage|p2a: Cloyster|44\/100\n|-damage|p1a: Rillaboom|74\/100|[from] item: Life Orb\n|move|p2a: Cloyster|Icicle Spear|p1a: Rillaboom\n|-supereffective|p1a: Rillaboom\n|-damage|p1a: Rillaboom|51\/100\n|-supereffective|p1a: Rillaboom\n|-damage|p1a: Rillaboom|24\/100\n|-supereffective|p1a: Rillaboom\n|-damage|p1a: Rillaboom|0 fnt\n|faint|p1a: Rillaboom\n|-hitcount|p1: Rillaboom|3\n|\n|-weather|Sandstorm|[upkeep]\n|-damage|p2a: Cloyster|37\/100|[from] Sandstorm\n|-heal|p2a: Cloyster|44\/100|[from] Grassy Terrain\n|upkeep\n|\n|t:|1659824496\n|switch|p1a: Corviknight|Corviknight, M|100\/100\n|-ability|p1a: Corviknight|Pressure\n|turn|7\n|l| Heinrich Kemmler\n|\n|t:|1659824500\n|move|p2a: Cloyster|Shell Smash|p2a: Cloyster\n|-unboost|p2a: Cloyster|def|1\n|-unboost|p2a: Cloyster|spd|1\n|-boost|p2a: Cloyster|atk|2\n|-boost|p2a: Cloyster|spa|2\n|-boost|p2a: Cloyster|spe|2\n|move|p1a: Corviknight|Body Press|p2a: Cloyster\n|-supereffective|p2a: Cloyster\n|-damage|p2a: Cloyster|13\/100\n|\n|-weather|none\n|-heal|p2a: Cloyster|19\/100|[from] Grassy Terrain\n|upkeep\n|turn|8\n|j| LT92PF croo\n|j| leona misa\n|\n|t:|1659824504\n|move|p2a: Cloyster|Icicle Spear|p1a: Corviknight\n|-damage|p1a: Corviknight|87\/100\n|-damage|p1a: Corviknight|72\/100\n|-damage|p1a: Corviknight|57\/100\n|-damage|p1a: Corviknight|43\/100\n|-damage|p1a: Corviknight|30\/100\n|-hitcount|p1a: Corviknight|5\n|move|p1a: Corviknight|Body Press|p2a: Cloyster\n|-supereffective|p2a: Cloyster\n|-damage|p2a: Cloyster|0 fnt\n|faint|p2a: Cloyster\n|\n|-heal|p1a: Corviknight|36\/100|[from] item: Leftovers\n|-sideend|p2: Pinkacross|move: Aurora Veil\n|upkeep\n|j| chokst du\n|j| Profdesinnoh\n|\n|t:|1659824514\n|switch|p2a: Ninetales|Ninetales-Alola, M|82\/100 tox\n|-weather|Hail|[from] ability: Snow Warning|[of] p2a: Ninetales\n|turn|9\n|j| Coach Jones 6fifth\n|j| isudbhfahsb\n|l| Coach Jones 6fifth\n|inactive|LT92PF Lio has 120 seconds left.\n|\n|t:|1659824548\n|move|p2a: Ninetales|Aurora Veil|p2a: Ninetales\n|-sidestart|p2: Pinkacross|move: Aurora Veil\n|move|p1a: Corviknight|Roost|p1a: Corviknight\n|-heal|p1a: Corviknight|86\/100\n|-singleturn|p1a: Corviknight|move: Roost\n|\n|-weather|Hail|[upkeep]\n|-damage|p1a: Corviknight|80\/100|[from] Hail\n|-heal|p2a: Ninetales|88\/100 tox|[from] Grassy Terrain\n|-heal|p1a: Corviknight|86\/100|[from] Grassy Terrain\n|-heal|p1a: Corviknight|92\/100|[from] item: Leftovers\n|-damage|p2a: Ninetales|82\/100 tox|[from] psn\n|-fieldend|move: Grassy Terrain\n|upkeep\n|turn|10\n|j| LT92PF Attr\n|\n|t:|1659824553\n|switch|p2a: Volcarona|Volcarona, F|100\/100\n|move|p1a: Corviknight|Defog|p2a: Volcarona\n|-unboost|p2a: Volcarona|evasion|1\n|-sideend|p2: Pinkacross|move: Aurora Veil\n|\n|-weather|Hail|[upkeep]\n|-damage|p2a: Volcarona|94\/100|[from] Hail\n|-damage|p1a: Corviknight|86\/100|[from] Hail\n|-heal|p2a: Volcarona|100\/100|[from] item: Leftovers\n|-heal|p1a: Corviknight|92\/100|[from] item: Leftovers\n|upkeep\n|turn|11\n|\n|t:|1659824563\n|move|p2a: Volcarona|Quiver Dance|p2a: Volcarona\n|-boost|p2a: Volcarona|spa|1\n|-boost|p2a: Volcarona|spd|1\n|-boost|p2a: Volcarona|spe|1\n|move|p1a: Corviknight|U-turn|p2a: Volcarona\n|-resisted|p2a: Volcarona\n|-damage|p2a: Volcarona|94\/100\n|\n|t:|1659824565\n|switch|p1a: Crawdaunt|Crawdaunt, F|100\/100|[from]move: U-turn\n|\n|-weather|Hail|[upkeep]\n|-damage|p2a: Volcarona|88\/100|[from] Hail\n|-damage|p1a: Crawdaunt|95\/100|[from] Hail\n|-heal|p2a: Volcarona|94\/100|[from] item: Leftovers\n|upkeep\n|turn|12\n|\n|t:|1659824567\n|move|p1a: Crawdaunt|Aqua Jet|p2a: Volcarona\n|-supereffective|p2a: Volcarona\n|-damage|p2a: Volcarona|5\/100\n|move|p2a: Volcarona|Bug Buzz|p1a: Crawdaunt\n|-supereffective|p1a: Crawdaunt\n|-damage|p1a: Crawdaunt|0 fnt\n|faint|p1a: Crawdaunt\n|\n|-weather|Hail|[upkeep]\n|-damage|p2a: Volcarona|0 fnt|[from] Hail\n|faint|p2a: Volcarona\n|upkeep\n|j| Rubyblood\n|j| yop on the flux\n|\n|t:|1659824589\n|switch|p2a: Landorus|Landorus-Therian, M|100\/100\n|switch|p1a: Kartana|Kartana|100\/100\n|-ability|p2a: Landorus|Intimidate|boost\n|-unboost|p1a: Kartana|atk|1\n|turn|13\n|\n|t:|1659824594\n|switch|p1a: Hippowdon|Hippowdon, M|100\/100\n|-weather|Sandstorm|[from] ability: Sand Stream|[of] p1a: Hippowdon\n|move|p2a: Landorus|Earthquake|p1a: Hippowdon\n|-damage|p1a: Hippowdon|55\/100\n|\n|-weather|Sandstorm|[upkeep]\n|-heal|p1a: Hippowdon|61\/100|[from] item: Leftovers\n|upkeep\n|turn|14\n|\n|t:|1659824600\n|switch|p1a: Corviknight|Corviknight, M|92\/100\n|-ability|p1a: Corviknight|Pressure\n|move|p2a: Landorus|Substitute|p2a: Landorus\n|-start|p2a: Landorus|Substitute\n|-damage|p2a: Landorus|76\/100\n|\n|-weather|Sandstorm|[upkeep]\n|-heal|p1a: Corviknight|98\/100|[from] item: Leftovers\n|upkeep\n|turn|15\n|j| goatseemen\n|j| pokemh\n|\n|t:|1659824606\n|move|p2a: Landorus|Swords Dance|p2a: Landorus\n|-boost|p2a: Landorus|atk|2\n|move|p1a: Corviknight|U-turn|p2a: Landorus\n|-resisted|p2a: Landorus\n|-activate|p2a: Landorus|move: Substitute|[damage]\n|l| goatseemen\n|\n|t:|1659824609\n|switch|p1a: Zapdos|Zapdos|88\/100|[from]move: U-turn\n|\n|-weather|Sandstorm|[upkeep]\n|-damage|p1a: Zapdos|82\/100|[from] Sandstorm\n|upkeep\n|turn|16\n|\n|t:|1659824610\n|move|p2a: Landorus|Stone Edge|p1a: Zapdos\n|-supereffective|p1a: Zapdos\n|-crit|p1a: Zapdos\n|-damage|p1a: Zapdos|0 fnt\n|faint|p1a: Zapdos\n|\n|-weather|Sandstorm|[upkeep]\n|upkeep\n|j| LT92PF Adri\n|\n|t:|1659824614\n|switch|p1a: Corviknight|Corviknight, M|98\/100\n|-ability|p1a: Corviknight|Pressure\n|turn|17\n|\n|t:|1659824616\n|move|p2a: Landorus|Swords Dance|p2a: Landorus\n|-boost|p2a: Landorus|atk|2\n|move|p1a: Corviknight|Body Press|p2a: Landorus\n|-resisted|p2a: Landorus\n|-activate|p2a: Landorus|move: Substitute|[damage]\n|\n|-weather|none\n|-heal|p1a: Corviknight|100\/100|[from] item: Leftovers\n|upkeep\n|turn|18\n|\n|t:|1659824619\n|move|p2a: Landorus|Stone Edge|p1a: Corviknight\n|-damage|p1a: Corviknight|23\/100\n|move|p1a: Corviknight|Body Press|p2a: Landorus\n|-resisted|p2a: Landorus\n|-end|p2a: Landorus|Substitute\n|\n|-heal|p1a: Corviknight|29\/100|[from] item: Leftovers\n|upkeep\n|turn|19\n|\n|t:|1659824628\n|move|p2a: Landorus|Substitute|p2a: Landorus\n|-start|p2a: Landorus|Substitute\n|-damage|p2a: Landorus|51\/100\n|move|p1a: Corviknight|Roost|p1a: Corviknight\n|-heal|p1a: Corviknight|79\/100\n|-singleturn|p1a: Corviknight|move: Roost\n|\n|-heal|p1a: Corviknight|86\/100|[from] item: Leftovers\n|upkeep\n|turn|20\n|\n|t:|1659824631\n|move|p2a: Landorus|Swords Dance|p2a: Landorus\n|-boost|p2a: Landorus|atk|2\n|move|p1a: Corviknight|Roost|p1a: Corviknight\n|-heal|p1a: Corviknight|100\/100\n|-singleturn|p1a: Corviknight|move: Roost\n|\n|upkeep\n|turn|21\n|\n|t:|1659824633\n|move|p2a: Landorus|Stone Edge|p1a: Corviknight\n|-damage|p1a: Corviknight|0 fnt\n|faint|p1a: Corviknight\n|\n|upkeep\n|j| Mewtwo88\n|c|\u2606Pinkacross|gg\n|-message|LT92PF Lio forfeited.\n|\n|win|Pinkacross\n|raw|LT92PF Lio's rating: 1752 &rarr; <strong>1737<\/strong><br \/>(-15 for losing)\n|raw|Pinkacross's rating: 1843 &rarr; <strong>1858<\/strong><br \/>(+15 for winning)\n|l|\u2606LT92PF Lio\n","uploadtime":1659824643,"views":117,"p1id":"lt92pflio","p2id":"pinkacross","formatid":"gen8ou","rating":1737,"private":0,"password":null}