{"id":"gen8ou-1247511800","p1":"Mr_Smooves","p2":"Contorted Lies","format":"gen8ou","log":"|j|\u2606Mr_Smooves\n|j|\u2606Contorted Lies\n|t:|1608513549\n|player|p1|Mr_Smooves|170|1844\n|player|p2|Contorted Lies|1|1760\n|teamsize|p1|6\n|teamsize|p2|6\n|gametype|singles\n|gen|8\n|tier|[Gen 8] OU\n|rated|\n|clearpoke\n|poke|p1|Raichu-Alola, M|\n|poke|p1|Tapu Koko|\n|poke|p1|Cinderace, M|\n|poke|p1|Landorus-Therian, M|\n|poke|p1|Ferrothorn, F|\n|poke|p1|Zapdos-Galar|\n|poke|p2|Nidoking, M|\n|poke|p2|Kartana|\n|poke|p2|Slowking-Galar, M|\n|poke|p2|Landorus-Therian, M|\n|poke|p2|Clefable, F|\n|poke|p2|Hydreigon, M|\n|rule|Sleep Clause Mod: Limit one foe put to sleep\n|rule|Species Clause: Limit one of each Pok\u00e9mon\n|rule|OHKO Clause: OHKO moves are banned\n|rule|Evasion Moves Clause: Evasion moves are banned\n|rule|Endless Battle Clause: Forcing endless battles is banned\n|rule|HP Percentage Mod: HP is shown in percentages\n|rule|Dynamax Clause: You cannot dynamax\n|teampreview\n|\n|t:|1608513575\n|start\n|switch|p1a: Zapdos|Zapdos-Galar|100\/100\n|switch|p2a: Clefable|Clefable, F|100\/100\n|turn|1\n|\n|t:|1608513582\n|switch|p1a: Ferrothorn|Ferrothorn, F|100\/100\n|move|p2a: Clefable|Stealth Rock|p1a: Ferrothorn\n|-sidestart|p1: Mr_Smooves|move: Stealth Rock\n|\n|upkeep\n|turn|2\n|\n|t:|1608513589\n|switch|p2a: Nidoking|Nidoking, M|100\/100\n|move|p1a: Ferrothorn|Spikes|p2a: Nidoking\n|-sidestart|p2: Contorted Lies|Spikes\n|\n|upkeep\n|turn|3\n|\n|t:|1608513594\n|switch|p1a: Landorus|Landorus-Therian, M|100\/100\n|-damage|p1a: Landorus|88\/100|[from] Stealth Rock\n|-ability|p1a: Landorus|Intimidate|boost\n|-unboost|p2a: Nidoking|atk|1\n|move|p2a: Nidoking|Earth Power|p1a: Landorus\n|-immune|p1a: Landorus\n|\n|-heal|p1a: Landorus|94\/100|[from] item: Leftovers\n|upkeep\n|turn|4\n|\n|t:|1608513601\n|move|p2a: Nidoking|Ice Beam|p1a: Landorus\n|-supereffective|p1a: Landorus\n|-damage|p1a: Landorus|0 fnt\n|faint|p1a: Landorus\n|\n|upkeep\n|\n|t:|1608513613\n|switch|p1a: Raichu|Raichu-Alola, M|100\/100\n|-damage|p1a: Raichu|88\/100|[from] Stealth Rock\n|turn|5\n|\n|t:|1608513618\n|switch|p2a: Hydreigon|Hydreigon, M|100\/100\n|move|p1a: Raichu|Psyshock|p2a: Hydreigon\n|-immune|p2a: Hydreigon\n|\n|upkeep\n|turn|6\n|\n|t:|1608513621\n|switch|p2a: Landorus|Landorus-Therian, M|100\/100\n|-ability|p2a: Landorus|Intimidate|boost\n|-unboost|p1a: Raichu|atk|1\n|switch|p1a: Zapdos|Zapdos-Galar|100\/100\n|-damage|p1a: Zapdos|88\/100|[from] Stealth Rock\n|\n|-heal|p1a: Zapdos|94\/100|[from] item: Leftovers\n|upkeep\n|turn|7\n|\n|t:|1608513627\n|move|p2a: Landorus|U-turn|p1a: Zapdos\n|-resisted|p1a: Zapdos\n|-damage|p1a: Zapdos|86\/100\n|\n|t:|1608513629\n|switch|p2a: Clefable|Clefable, F|100\/100|[from]move: U-turn\n|move|p1a: Zapdos|Thunderous Kick|p2a: Clefable\n|-resisted|p2a: Clefable\n|-damage|p2a: Clefable|82\/100\n|-unboost|p2a: Clefable|def|1\n|\n|-heal|p1a: Zapdos|92\/100|[from] item: Leftovers\n|-heal|p2a: Clefable|88\/100|[from] item: Leftovers\n|upkeep\n|turn|8\n|j| fireburst\n|\n|t:|1608513635\n|switch|p1a: Ferrothorn|Ferrothorn, F|100\/100\n|-damage|p1a: Ferrothorn|94\/100|[from] Stealth Rock\n|move|p2a: Clefable|Moonblast|p1a: Ferrothorn\n|-resisted|p1a: Ferrothorn\n|-damage|p1a: Ferrothorn|84\/100\n|\n|-heal|p2a: Clefable|94\/100|[from] item: Leftovers\n|upkeep\n|turn|9\n|\n|t:|1608513641\n|switch|p2a: Kartana|Kartana|100\/100\n|-damage|p2a: Kartana|88\/100|[from] Spikes\n|move|p1a: Ferrothorn|Gyro Ball|p2a: Kartana\n|-resisted|p2a: Kartana\n|-damage|p2a: Kartana|62\/100\n|\n|upkeep\n|turn|10\n|\n|t:|1608513654\n|switch|p1a: Tapu Koko|Tapu Koko|100\/100\n|-damage|p1a: Tapu Koko|88\/100|[from] Stealth Rock\n|-fieldstart|move: Electric Terrain|[from] ability: Electric Surge|[of] p1a: Tapu Koko\n|move|p2a: Kartana|Sacred Sword|p1a: Tapu Koko\n|-resisted|p1a: Tapu Koko\n|-damage|p1a: Tapu Koko|50\/100\n|\n|upkeep\n|turn|11\n|\n|t:|1608513660\n|switch|p2a: Nidoking|Nidoking, M|100\/100\n|-damage|p2a: Nidoking|88\/100|[from] Spikes\n|move|p1a: Tapu Koko|Roost|p1a: Tapu Koko\n|-heal|p1a: Tapu Koko|99\/100\n|-singleturn|p1a: Tapu Koko|move: Roost\n|\n|upkeep\n|turn|12\n|\n|t:|1608513668\n|switch|p1a: Ferrothorn|Ferrothorn, F|84\/100\n|-damage|p1a: Ferrothorn|78\/100|[from] Stealth Rock\n|move|p2a: Nidoking|Sludge Wave|p1a: Ferrothorn\n|-immune|p1a: Ferrothorn\n|\n|upkeep\n|turn|13\n|\n|t:|1608513670\n|move|p2a: Nidoking|Flamethrower|p1a: Ferrothorn\n|-supereffective|p1a: Ferrothorn\n|-damage|p1a: Ferrothorn|0 fnt\n|faint|p1a: Ferrothorn\n|\n|upkeep\n|\n|t:|1608513672\n|switch|p1a: Raichu|Raichu-Alola, M|88\/100\n|-damage|p1a: Raichu|76\/100|[from] Stealth Rock\n|turn|14\n|\n|t:|1608513685\n|switch|p1a: Zapdos|Zapdos-Galar|92\/100\n|-damage|p1a: Zapdos|80\/100|[from] Stealth Rock\n|switch|p2a: Hydreigon|Hydreigon, M|100\/100\n|\n|-heal|p1a: Zapdos|86\/100|[from] item: Leftovers\n|upkeep\n|turn|15\n|\n|t:|1608513692\n|switch|p2a: Clefable|Clefable, F|94\/100\n|move|p1a: Zapdos|Thunderous Kick|p2a: Clefable\n|-resisted|p2a: Clefable\n|-damage|p2a: Clefable|77\/100\n|-unboost|p2a: Clefable|def|1\n|\n|-heal|p1a: Zapdos|92\/100|[from] item: Leftovers\n|-heal|p2a: Clefable|83\/100|[from] item: Leftovers\n|upkeep\n|turn|16\n|\n|t:|1608513698\n|move|p1a: Zapdos|Drill Peck|p2a: Clefable\n|-damage|p2a: Clefable|36\/100\n|move|p2a: Clefable|Moonblast|p1a: Zapdos\n|-supereffective|p1a: Zapdos\n|-crit|p1a: Zapdos\n|-damage|p1a: Zapdos|0 fnt\n|faint|p1a: Zapdos\n|\n|-heal|p2a: Clefable|42\/100|[from] item: Leftovers\n|upkeep\n|\n|t:|1608513706\n|switch|p1a: Cinderace|Cinderace, M|100\/100\n|turn|17\n|j| Vessev\n|\n|t:|1608513715\n|move|p1a: Cinderace|Bulk Up|p1a: Cinderace\n|-start|p1a: Cinderace|typechange|Fighting|[from] ability: Libero\n|-boost|p1a: Cinderace|atk|1\n|-boost|p1a: Cinderace|def|1\n|move|p2a: Clefable|Thunder Wave|p1a: Cinderace\n|-status|p1a: Cinderace|par\n|\n|-heal|p2a: Clefable|48\/100|[from] item: Leftovers\n|-fieldend|move: Electric Terrain\n|upkeep\n|turn|18\n|\n|t:|1608513718\n|cant|p1a: Cinderace|par\n|move|p2a: Clefable|Moonblast|p1a: Cinderace\n|-supereffective|p1a: Cinderace\n|-damage|p1a: Cinderace|16\/100 par\n|\n|-heal|p2a: Clefable|54\/100|[from] item: Leftovers\n|upkeep\n|turn|19\n|\n|t:|1608513720\n|move|p1a: Cinderace|Pyro Ball|p2a: Clefable\n|-start|p1a: Cinderace|typechange|Fire|[from] ability: Libero\n|-damage|p2a: Clefable|0 fnt\n|faint|p2a: Clefable\n|\n|upkeep\n|\n|t:|1608513729\n|switch|p2a: Hydreigon|Hydreigon, M|100\/100\n|turn|20\n|c|\u2606Mr_Smooves|yeah I got clapped this game\n|\n|t:|1608513736\n|move|p2a: Hydreigon|Earth Power|p1a: Cinderace\n|-supereffective|p1a: Cinderace\n|-damage|p1a: Cinderace|0 fnt\n|faint|p1a: Cinderace\n|\n|upkeep\n|\n|t:|1608513738\n|switch|p1a: Tapu Koko|Tapu Koko|99\/100\n|-damage|p1a: Tapu Koko|87\/100|[from] Stealth Rock\n|-fieldstart|move: Electric Terrain|[from] ability: Electric Surge|[of] p1a: Tapu Koko\n|turn|21\n|\n|t:|1608513755\n|move|p1a: Tapu Koko|Volt Switch|p2a: Hydreigon\n|-resisted|p2a: Hydreigon\n|-damage|p2a: Hydreigon|78\/100\n|\n|t:|1608513767\n|switch|p1a: Raichu|Raichu-Alola, M|76\/100|[from]move: Volt Switch\n|-damage|p1a: Raichu|64\/100|[from] Stealth Rock\n|move|p2a: Hydreigon|Earth Power|p1a: Raichu\n|-supereffective|p1a: Raichu\n|-damage|p1a: Raichu|0 fnt\n|faint|p1a: Raichu\n|\n|-heal|p2a: Hydreigon|84\/100|[from] item: Leftovers\n|upkeep\n|c|\u2606Mr_Smooves|gg homie\n|-message|Mr_Smooves forfeited.\n|\n|win|Contorted Lies\n|c|\u2606Contorted Lies|Gg\n|l|\u2606Mr_Smooves\n|c|\u2606Contorted Lies|sorry for hax\n|l|\u2606Contorted Lies\n|raw|Mr_Smooves's rating: 1844 &rarr; <strong>1820<\/strong><br \/>(-24 for losing)\n|raw|Contorted Lies's rating: 1760 &rarr; <strong>1785<\/strong><br \/>(+25 for winning)\n","uploadtime":1608513798,"views":47,"p1id":"mrsmooves","p2id":"contortedlies","formatid":"gen8ou","rating":1785,"private":0,"password":null}