{"id":"gen8ou-1562014655","p1":"BeastyJ157","p2":"THATS QUITE UNFOR","format":"gen8ou","log":"|j|\u2606BeastyJ157\n|j|\u2606THATS QUITE UNFOR\n|inactive|Battle timer is ON: inactive players will automatically lose when time's up.\n|t:|1651006274\n|gametype|singles\n|player|p1|BeastyJ157|skierf|\n|player|p2|THATS QUITE UNFOR|bede|\n|teamsize|p1|6\n|teamsize|p2|6\n|gen|8\n|tier|[Gen 8] OU\n|rated|Tournament battle\n|rule|Sleep Clause Mod: Limit one foe put to sleep\n|rule|Species Clause: Limit one of each Pok\u00e9mon\n|rule|OHKO Clause: OHKO moves are banned\n|rule|Evasion Moves Clause: Evasion moves are banned\n|rule|Endless Battle Clause: Forcing endless battles is banned\n|rule|HP Percentage Mod: HP is shown in percentages\n|rule|Dynamax Clause: You cannot dynamax\n|clearpoke\n|poke|p1|Dubwool, F|\n|poke|p1|Ferrothorn, F|\n|poke|p1|Zapdos|\n|poke|p1|Urshifu-*, F|\n|poke|p1|Tapu Lele|\n|poke|p1|Zygarde|\n|poke|p2|Zygarde|\n|poke|p2|Corviknight, M|\n|poke|p2|Clefable, F|\n|poke|p2|Toxapex, M|\n|poke|p2|Slowking-Galar, F|\n|poke|p2|Zarude|\n|teampreview\n|inactive|BeastyJ157 also wants the timer to be on.\n|j|%ian + yo\n|j|%htcl (>\u25e1<)\n|j| Oshee-Gone Fishing\n|j| Zjebany\n|j| Cra3k\n|j| Floating Up\n|j| yaboiAshK.\n|l| Oshee-Gone Fishing\n|c|\u2606THATS QUITE UNFOR|he got the dubwool <_<\n|j| Regidragoons\n|j| Cratersmash\n|c| Regidragoons|lmao\n|c| Regidragoons|about to get dubbed\n|l| Cratersmash\n|c| yaboiAshK.|yeah its over for you i fear\n|c|%htcl (>\u25e1<)|dubwool 6-0's you no lie\n|j| Appleking123\n|inactive|BeastyJ157 has 120 seconds left.\n|inactive|THATS QUITE UNFOR has 120 seconds left.\n|c|\u2606BeastyJ157|bro the only counter\n|c|\u2606BeastyJ157|pex\n|l| Appleking123\n|c|%htcl (>\u25e1<)|u dont even haze on pex\n|c|%htcl (>\u25e1<)|or unaware on clef\n|j| TheNewBrends11\n|c|\u2606THATS QUITE UNFOR|dw I win these\n|inactive|BeastyJ157 has 90 seconds left.\n|c|\u2606BeastyJ157|if ur not running haze pex ur prob running unaware\n|\n|t:|1651006348\n|start\n|switch|p1a: Ferrothorn|Ferrothorn, F|100\/100\n|switch|p2a: Slowking|Slowking-Galar, F|100\/100\n|turn|1\n|\n|t:|1651006354\n|switch|p1a: Zapdos|Zapdos|100\/100\n|move|p2a: Slowking|Flamethrower|p1a: Zapdos\n|-damage|p1a: Zapdos|77\/100\n|\n|upkeep\n|turn|2\n|\n|t:|1651006360\n|move|p1a: Zapdos|Discharge|p2a: Slowking\n|-damage|p2a: Slowking|86\/100\n|move|p2a: Slowking|Ice Beam|p1a: Zapdos\n|-supereffective|p1a: Zapdos\n|-damage|p1a: Zapdos|28\/100\n|\n|upkeep\n|turn|3\n|j| Ice type 4 ever\n|c|%htcl (>\u25e1<)|no para THATS QUITE UNFOR ur so lucky\n|c| Ice type 4 ever|yeah\n|inactive|BeastyJ157 has 120 seconds left.\n|c| Ice type 4 ever|less go\n|c| Ice type 4 ever|dubwool ftw\n|c|\u2606THATS QUITE UNFOR|I have expertly trained my pokemon for anti para\n|c|\u2606THATS QUITE UNFOR|in this zygarde dubwool meta\n|c|\u2606BeastyJ157|well i gtg\n|inactive|BeastyJ157 has 90 seconds left.\n|-message|BeastyJ157 forfeited.\n|\n|win|THATS QUITE UNFOR\n|n|\u2606BeastyJ157|beastyj157\n|n|\u2606THATS QUITE UNFOR|thatsquiteunfor\n|n| ian + yo|ianyo\n|n| htcl (>\u25e1<)|htcl\n|n| Zjebany|zjebany\n|n| Cra3k|cra3k\n|n| Floating Up|floatingup\n|n| yaboiAshK.|yaboiashk\n|n| Regidragoons|regidragoons\n|n| TheNewBrends11|thenewbrends11\n|n| Ice type 4 ever|icetype4ever\n|l|\u2606BeastyJ157\n|c| Zjebany|nooo\n|c| Ice type 4 ever|NOOOOOO\n|c| Floating Up|boring\n|c| yaboiAshK.|flop\n","uploadtime":1651006421,"views":15,"p1id":"beastyj157","p2id":"thatsquiteunfor","formatid":"gen8ou","rating":0,"private":0,"password":null}