{"id":"gen8ou-1687663363","p1":"HQSTest","p2":"Darkortex","format":"gen8ou","log":"|html|<div class=\"broadcast-blue\"><strong>[Gen 8] OU is currently suspecting Melmetal! For information on how to participate check out the <a href=\"https:\/\/www.smogon.com\/forums\/threads\/np-ss-ou-suspect-process-round-12-monster-mash.3709234\/\">suspect thread<\/a>.<\/strong><\/div>\n|j|\u2606HQSTest\n|j|\u2606Darkortex\n|t:|1665989226\n|gametype|singles\n|player|p1|HQSTest|veteranf|1717\n|player|p2|Darkortex|hilbert|1769\n|teamsize|p1|6\n|teamsize|p2|6\n|gen|8\n|tier|[Gen 8] OU\n|rated|\n|rule|Sleep Clause Mod: Limit one foe put to sleep\n|rule|Species Clause: Limit one of each Pok\u00e9mon\n|rule|OHKO Clause: OHKO moves are banned\n|rule|Evasion Items Clause: Evasion items are banned\n|rule|Evasion Moves Clause: Evasion moves are banned\n|rule|Endless Battle Clause: Forcing endless battles is banned\n|rule|HP Percentage Mod: HP is shown in percentages\n|rule|Dynamax Clause: You cannot dynamax\n|clearpoke\n|poke|p1|Dragapult, M|\n|poke|p1|Rillaboom, F|\n|poke|p1|Volcarona, F|\n|poke|p1|Mew|\n|poke|p1|Moltres-Galar|\n|poke|p1|Zeraora|\n|poke|p2|Torkoal, F|\n|poke|p2|Venusaur, M|\n|poke|p2|Heatran, M|\n|poke|p2|Mandibuzz, F|\n|poke|p2|Swampert, M|\n|poke|p2|Dragapult, F|\n|teampreview\n|inactive|Battle timer is ON: inactive players will automatically lose when time's up. (requested by Darkortex)\n|\n|t:|1665989245\n|start\n|switch|p1a: Mew|Mew|100\/100\n|switch|p2a: Dragapult|Dragapult, F|100\/100\n|turn|1\n|\n|t:|1665989250\n|move|p2a: Dragapult|U-turn|p1a: Mew\n|-supereffective|p1a: Mew\n|-damage|p1a: Mew|32\/100\n|-enditem|p1a: Mew|Red Card|[of] p2a: Dragapult\n|drag|p2a: Venusaur|Venusaur, M|100\/100\n|move|p1a: Mew|Stealth Rock|p2a: Venusaur\n|-sidestart|p2: Darkortex|move: Stealth Rock\n|\n|upkeep\n|turn|2\n|\n|t:|1665989259\n|move|p1a: Mew|Spikes|p2a: Venusaur\n|-sidestart|p2: Darkortex|Spikes\n|move|p2a: Venusaur|Giga Drain|p1a: Mew\n|-damage|p1a: Mew|0 fnt\n|faint|p1a: Mew\n|-damage|p2a: Venusaur|91\/100|[from] item: Life Orb\n|\n|upkeep\n|\n|t:|1665989270\n|switch|p1a: Moltres|Moltres-Galar|100\/100\n|turn|3\n|\n|t:|1665989281\n|switch|p2a: Dragapult|Dragapult, F|100\/100\n|-damage|p2a: Dragapult|88\/100|[from] Stealth Rock\n|-damage|p2a: Dragapult|76\/100|[from] Spikes\n|move|p1a: Moltres|Nasty Plot|p1a: Moltres\n|-boost|p1a: Moltres|spa|2\n|\n|upkeep\n|turn|4\n|\n|t:|1665989290\n|move|p2a: Dragapult|Dragon Darts|p1a: Moltres\n|-damage|p1a: Moltres|51\/100\n|-anim|p2a: Dragapult|Dragon Darts|p1a: Moltres\n|-damage|p1a: Moltres|5\/100\n|-ability|p1a: Moltres|Berserk|boost\n|-boost|p1a: Moltres|spa|1\n|move|p1a: Moltres|Agility|p1a: Moltres\n|-boost|p1a: Moltres|spe|2\n|\n|upkeep\n|turn|5\n|\n|t:|1665989302\n|switch|p2a: Swampert|Swampert, M|100\/100\n|-damage|p2a: Swampert|94\/100|[from] Stealth Rock\n|-damage|p2a: Swampert|82\/100|[from] Spikes\n|move|p1a: Moltres|Fiery Wrath|p2a: Swampert\n|-damage|p2a: Swampert|9\/100\n|\n|-heal|p2a: Swampert|15\/100|[from] item: Leftovers\n|upkeep\n|turn|6\n|\n|t:|1665989305\n|move|p1a: Moltres|Fiery Wrath|p2a: Swampert\n|-damage|p2a: Swampert|0 fnt\n|faint|p2a: Swampert\n|\n|upkeep\n|j| LT_Alt1\n|\n|t:|1665989307\n|switch|p2a: Mandibuzz|Mandibuzz, F|100\/100\n|turn|7\n|\n|t:|1665989309\n|move|p1a: Moltres|Hurricane|p2a: Mandibuzz\n|-damage|p2a: Mandibuzz|5\/100\n|move|p2a: Mandibuzz|Defog|p1a: Moltres\n|-unboost|p1a: Moltres|evasion|1\n|-sideend|p2: Darkortex|Spikes|[from] move: Defog|[of] p2a: Mandibuzz\n|-sideend|p2: Darkortex|Stealth Rock|[from] move: Defog|[of] p2a: Mandibuzz\n|\n|upkeep\n|turn|8\n|\n|t:|1665989316\n|move|p1a: Moltres|Fiery Wrath|p2a: Mandibuzz\n|-resisted|p2a: Mandibuzz\n|-damage|p2a: Mandibuzz|0 fnt\n|faint|p2a: Mandibuzz\n|\n|upkeep\n|\n|t:|1665989318\n|switch|p2a: Dragapult|Dragapult, F|76\/100\n|turn|9\n|\n|t:|1665989322\n|move|p2a: Dragapult|Sucker Punch|p1a: Moltres\n|-resisted|p1a: Moltres\n|-damage|p1a: Moltres|0 fnt\n|faint|p1a: Moltres\n|\n|upkeep\n|\n|t:|1665989332\n|switch|p1a: Dragapult|Dragapult, M|100\/100\n|turn|10\n|\n|t:|1665989335\n|switch|p2a: Torkoal|Torkoal, F|100\/100\n|-weather|SunnyDay|[from] ability: Drought|[of] p2a: Torkoal\n|move|p1a: Dragapult|Dragon Dance|p1a: Dragapult\n|-boost|p1a: Dragapult|atk|1\n|-boost|p1a: Dragapult|spe|1\n|\n|-weather|SunnyDay|[upkeep]\n|upkeep\n|turn|11\n|\n|t:|1665989338\n|move|p1a: Dragapult|Substitute|p1a: Dragapult\n|-start|p1a: Dragapult|Substitute\n|-damage|p1a: Dragapult|76\/100\n|move|p2a: Torkoal|Toxic||[still]\n|-fail|p2a: Torkoal\n|\n|-weather|SunnyDay|[upkeep]\n|-heal|p1a: Dragapult|82\/100|[from] item: Leftovers\n|upkeep\n|turn|12\n|\n|t:|1665989341\n|move|p1a: Dragapult|Dragon Dance|p1a: Dragapult\n|-boost|p1a: Dragapult|atk|1\n|-boost|p1a: Dragapult|spe|1\n|move|p2a: Torkoal|Lava Plume|p1a: Dragapult\n|-resisted|p1a: Dragapult\n|-activate|p1a: Dragapult|move: Substitute|[damage]\n|\n|-weather|SunnyDay|[upkeep]\n|-heal|p1a: Dragapult|88\/100|[from] item: Leftovers\n|upkeep\n|turn|13\n|\n|t:|1665989344\n|move|p1a: Dragapult|Dragon Dance|p1a: Dragapult\n|-boost|p1a: Dragapult|atk|1\n|-boost|p1a: Dragapult|spe|1\n|move|p2a: Torkoal|Lava Plume|p1a: Dragapult\n|-resisted|p1a: Dragapult\n|-end|p1a: Dragapult|Substitute\n|\n|-weather|SunnyDay|[upkeep]\n|-heal|p1a: Dragapult|94\/100|[from] item: Leftovers\n|upkeep\n|turn|14\n|\n|t:|1665989347\n|switch|p2a: Dragapult|Dragapult, F|76\/100\n|move|p1a: Dragapult|Substitute|p1a: Dragapult\n|-start|p1a: Dragapult|Substitute\n|-damage|p1a: Dragapult|69\/100\n|\n|-weather|SunnyDay|[upkeep]\n|-heal|p1a: Dragapult|76\/100|[from] item: Leftovers\n|upkeep\n|turn|15\n|\n|t:|1665989354\n|move|p2a: Dragapult|Sucker Punch|p1a: Dragapult\n|-supereffective|p1a: Dragapult\n|-end|p1a: Dragapult|Substitute\n|move|p1a: Dragapult|Dragon Darts|p2a: Dragapult\n|-supereffective|p2a: Dragapult\n|-damage|p2a: Dragapult|0 fnt\n|faint|p2a: Dragapult\n|\n|-weather|SunnyDay|[upkeep]\n|-heal|p1a: Dragapult|82\/100|[from] item: Leftovers\n|upkeep\n|\n|t:|1665989357\n|switch|p2a: Heatran|Heatran, M|100\/100\n|turn|16\n|\n|t:|1665989360\n|move|p1a: Dragapult|Substitute|p1a: Dragapult\n|-start|p1a: Dragapult|Substitute\n|-damage|p1a: Dragapult|57\/100\n|move|p2a: Heatran|Flamethrower|p1a: Dragapult\n|-resisted|p1a: Dragapult\n|-end|p1a: Dragapult|Substitute\n|\n|-weather|SunnyDay|[upkeep]\n|-heal|p1a: Dragapult|63\/100|[from] item: Leftovers\n|upkeep\n|turn|17\n|\n|t:|1665989362\n|move|p1a: Dragapult|Substitute|p1a: Dragapult\n|-start|p1a: Dragapult|Substitute\n|-damage|p1a: Dragapult|38\/100\n|move|p2a: Heatran|Flamethrower|p1a: Dragapult\n|-resisted|p1a: Dragapult\n|-end|p1a: Dragapult|Substitute\n|\n|-weather|none\n|-heal|p1a: Dragapult|44\/100|[from] item: Leftovers\n|upkeep\n|turn|18\n|\n|t:|1665989365\n|move|p1a: Dragapult|Phantom Force||[still]\n|-prepare|p1a: Dragapult|Phantom Force\n|move|p2a: Heatran|Flamethrower|p1a: Dragapult|[miss]\n|-miss|p2a: Heatran|p1a: Dragapult\n|\n|-heal|p1a: Dragapult|51\/100|[from] item: Leftovers\n|upkeep\n|turn|19\n|\n|t:|1665989367\n|move|p1a: Dragapult|Phantom Force|p2a: Heatran|[from]lockedmove\n|-damage|p2a: Heatran|0 fnt\n|faint|p2a: Heatran\n|\n|-heal|p1a: Dragapult|57\/100|[from] item: Leftovers\n|upkeep\n|-message|Darkortex forfeited.\n|\n|win|HQSTest\n|raw|HQSTest's rating: 1717 &rarr; <strong>1740<\/strong><br \/>(+23 for winning)\n|raw|Darkortex's rating: 1769 &rarr; <strong>1746<\/strong><br \/>(-23 for losing)\n|j| 3sxy5u\n|l|\u2606Darkortex\n|j|\u2606Darkortex\n|player|p2|Darkortex|hilbert\n|l|\u2606Darkortex\n|player|p2|\n|j|\u2606Darkortex\n|player|p2|Darkortex|hilbert\n|l|\u2606Darkortex\n|player|p2|\n","uploadtime":1665989377,"views":18,"p1id":"hqstest","p2id":"darkortex","formatid":"gen8ou","rating":1740,"private":0,"password":null}