{"id":"gen8ou-1669616316","p1":"misplayin","p2":"MonkeKING69","format":"gen8ou","log":"|j|\u2606misplayin\n|j|\u2606MonkeKING69\n|t:|1663752972\n|gametype|singles\n|player|p1|misplayin|bugsy|1617\n|player|p2|MonkeKING69|marlon|1639\n|teamsize|p1|6\n|teamsize|p2|6\n|gen|8\n|tier|[Gen 8] OU\n|rated|\n|rule|Sleep Clause Mod: Limit one foe put to sleep\n|rule|Species Clause: Limit one of each Pok\u00e9mon\n|rule|OHKO Clause: OHKO moves are banned\n|rule|Evasion Items Clause: Evasion items are banned\n|rule|Evasion Moves Clause: Evasion moves are banned\n|rule|Endless Battle Clause: Forcing endless battles is banned\n|rule|HP Percentage Mod: HP is shown in percentages\n|rule|Dynamax Clause: You cannot dynamax\n|clearpoke\n|poke|p1|Volcanion|\n|poke|p1|Garchomp, F|\n|poke|p1|Buzzwole|\n|poke|p1|Corviknight, M|\n|poke|p1|Zapdos-Galar|\n|poke|p1|Tapu Koko|\n|poke|p2|Pelipper, F|\n|poke|p2|Barraskewda, F|\n|poke|p2|Volcanion|\n|poke|p2|Zapdos|\n|poke|p2|Scizor, F|\n|poke|p2|Seismitoad, M|\n|teampreview\n|inactive|Battle timer is ON: inactive players will automatically lose when time's up. (requested by misplayin)\n|inactive|MonkeKING69 has 120 seconds left.\n|\n|t:|1663753004\n|start\n|switch|p1a: Tapu Koko|Tapu Koko, shiny|100\/100\n|switch|p2a: Pelipper|Pelipper, F|100\/100\n|-fieldstart|move: Electric Terrain|[from] ability: Electric Surge|[of] p1a: Tapu Koko\n|-weather|RainDance|[from] ability: Drizzle|[of] p2a: Pelipper\n|turn|1\n|\n|t:|1663753008\n|switch|p2a: Scizor|Scizor, F|100\/100\n|move|p1a: Tapu Koko|U-turn|p2a: Scizor\n|-resisted|p2a: Scizor\n|-damage|p2a: Scizor|93\/100\n|\n|t:|1663753012\n|switch|p1a: Volcanion|Volcanion|100\/100|[from]move: U-turn\n|\n|-weather|RainDance|[upkeep]\n|-heal|p2a: Scizor|99\/100|[from] item: Leftovers\n|upkeep\n|turn|2\n|\n|t:|1663753016\n|switch|p2a: Volcanion|Volcanion|100\/100\n|move|p1a: Volcanion|Earth Power|p2a: Volcanion\n|-supereffective|p2a: Volcanion\n|-damage|p2a: Volcanion|0 fnt\n|faint|p2a: Volcanion\n|\n|-weather|RainDance|[upkeep]\n|upkeep\n|\n|t:|1663753020\n|switch|p2a: Zapdos|Zapdos|100\/100\n|turn|3\n|\n|t:|1663753023\n|switch|p1a: Garchomp|Garchomp, F|100\/100\n|move|p2a: Zapdos|Hurricane|p1a: Garchomp\n|-crit|p1a: Garchomp\n|-damage|p1a: Garchomp|39\/100\n|\n|-weather|RainDance|[upkeep]\n|-heal|p1a: Garchomp|45\/100|[from] item: Leftovers\n|upkeep\n|turn|4\n|\n|t:|1663753026\n|move|p1a: Garchomp|Protect|p1a: Garchomp\n|-singleturn|p1a: Garchomp|Protect\n|move|p2a: Zapdos|Hurricane|p1a: Garchomp\n|-activate|p1a: Garchomp|move: Protect\n|\n|-weather|RainDance|[upkeep]\n|-heal|p1a: Garchomp|51\/100|[from] item: Leftovers\n|upkeep\n|turn|5\n|\n|t:|1663753036\n|move|p2a: Zapdos|Hurricane|p1a: Garchomp\n|-damage|p1a: Garchomp|12\/100\n|move|p1a: Garchomp|Toxic|p2a: Zapdos\n|-status|p2a: Zapdos|tox\n|\n|-weather|RainDance|[upkeep]\n|-heal|p1a: Garchomp|18\/100|[from] item: Leftovers\n|-damage|p2a: Zapdos|94\/100 tox|[from] psn\n|-fieldend|move: Electric Terrain\n|upkeep\n|turn|6\n|\n|t:|1663753053\n|move|p1a: Garchomp|Protect|p1a: Garchomp\n|-singleturn|p1a: Garchomp|Protect\n|move|p2a: Zapdos|Hurricane|p1a: Garchomp\n|-activate|p1a: Garchomp|move: Protect\n|\n|-weather|RainDance|[upkeep]\n|-heal|p1a: Garchomp|25\/100|[from] item: Leftovers\n|-damage|p2a: Zapdos|82\/100 tox|[from] psn\n|upkeep\n|turn|7\n|\n|t:|1663753057\n|switch|p1a: Corviknight|Corviknight, M, shiny|100\/100\n|move|p2a: Zapdos|Weather Ball|p1a: Corviknight\n|-damage|p1a: Corviknight|63\/100\n|\n|-weather|RainDance|[upkeep]\n|-heal|p1a: Corviknight|69\/100|[from] item: Leftovers\n|-damage|p2a: Zapdos|63\/100 tox|[from] psn\n|upkeep\n|turn|8\n|\n|t:|1663753064\n|move|p2a: Zapdos|Hurricane|p1a: Corviknight\n|-resisted|p1a: Corviknight\n|-damage|p1a: Corviknight|47\/100\n|move|p1a: Corviknight|Roost|p1a: Corviknight\n|-heal|p1a: Corviknight|97\/100\n|-singleturn|p1a: Corviknight|move: Roost\n|\n|-weather|none\n|-heal|p1a: Corviknight|100\/100|[from] item: Leftovers\n|-damage|p2a: Zapdos|38\/100 tox|[from] psn\n|upkeep\n|turn|9\n|\n|t:|1663753072\n|switch|p1a: Garchomp|Garchomp, F|25\/100\n|move|p2a: Zapdos|Roost|p2a: Zapdos\n|-heal|p2a: Zapdos|88\/100 tox\n|-singleturn|p2a: Zapdos|move: Roost\n|\n|-heal|p1a: Garchomp|31\/100|[from] item: Leftovers\n|-damage|p2a: Zapdos|57\/100 tox|[from] psn\n|upkeep\n|turn|10\n|\n|t:|1663753077\n|switch|p2a: Pelipper|Pelipper, F|100\/100\n|-weather|RainDance|[from] ability: Drizzle|[of] p2a: Pelipper\n|move|p1a: Garchomp|Protect||[still]\n|-fail|p1a: Garchomp\n|\n|-weather|RainDance|[upkeep]\n|-heal|p1a: Garchomp|37\/100|[from] item: Leftovers\n|upkeep\n|turn|11\n|\n|t:|1663753080\n|switch|p2a: Scizor|Scizor, F|99\/100\n|move|p1a: Garchomp|Stealth Rock|p2a: Scizor\n|-sidestart|p2: MonkeKING69|move: Stealth Rock\n|\n|-weather|RainDance|[upkeep]\n|-heal|p1a: Garchomp|43\/100|[from] item: Leftovers\n|-heal|p2a: Scizor|100\/100|[from] item: Leftovers\n|upkeep\n|turn|12\n|\n|t:|1663753084\n|switch|p1a: Volcanion|Volcanion|100\/100\n|move|p2a: Scizor|Defog|p1a: Volcanion\n|-unboost|p1a: Volcanion|evasion|1\n|-sideend|p2: MonkeKING69|Stealth Rock|[from] move: Defog|[of] p2a: Scizor\n|\n|-weather|RainDance|[upkeep]\n|upkeep\n|turn|13\n|\n|t:|1663753087\n|move|p1a: Volcanion|Steam Eruption|p2a: Scizor\n|-damage|p2a: Scizor|0 fnt\n|faint|p2a: Scizor\n|\n|-weather|RainDance|[upkeep]\n|upkeep\n|\n|t:|1663753092\n|switch|p2a: Seismitoad|Seismitoad, M|100\/100\n|turn|14\n|\n|t:|1663753098\n|move|p2a: Seismitoad|Weather Ball|p1a: Volcanion\n|-immune|p1a: Volcanion|[from] ability: Water Absorb\n|move|p1a: Volcanion|Steam Eruption|p2a: Seismitoad\n|-damage|p2a: Seismitoad|0 fnt\n|faint|p2a: Seismitoad\n|\n|-weather|RainDance|[upkeep]\n|upkeep\n|-message|MonkeKING69 forfeited.\n|\n|win|misplayin\n|raw|misplayin's rating: 1617 &rarr; <strong>1638<\/strong><br \/>(+21 for winning)\n|raw|MonkeKING69's rating: 1639 &rarr; <strong>1618<\/strong><br \/>(-21 for losing)\n|l|\u2606MonkeKING69\n||Ladder isn't responding, score probably updated but might not have (Request timeout).\n","uploadtime":1663753106,"views":21,"p1id":"misplayin","p2id":"monkeking69","formatid":"gen8ou","rating":1618,"private":0,"password":null}