{"id":"gen8ou-1592181166","p1":"LotsofA","p2":"Fastpitchkiller","format":"gen8ou","log":"|j|\u2606LotsofA\n|j|\u2606Fastpitchkiller\n|t:|1654727123\n|gametype|singles\n|player|p1|LotsofA|alder|1701\n|player|p2|Fastpitchkiller|265|1690\n|teamsize|p1|6\n|teamsize|p2|6\n|gen|8\n|tier|[Gen 8] OU\n|rated|\n|rule|Sleep Clause Mod: Limit one foe put to sleep\n|rule|Species Clause: Limit one of each Pok\u00e9mon\n|rule|OHKO Clause: OHKO moves are banned\n|rule|Evasion Moves Clause: Evasion moves are banned\n|rule|Endless Battle Clause: Forcing endless battles is banned\n|rule|HP Percentage Mod: HP is shown in percentages\n|rule|Dynamax Clause: You cannot dynamax\n|clearpoke\n|poke|p1|Kommo-o, M|\n|poke|p1|Zapdos-Galar|\n|poke|p1|Blaziken, F|\n|poke|p1|Bisharp, F|\n|poke|p1|Dragapult, F|\n|poke|p1|Celesteela|\n|poke|p2|Blaziken, F|\n|poke|p2|Slowbro, F|\n|poke|p2|Tyranitar, M|\n|poke|p2|Corviknight, M|\n|poke|p2|Landorus-Therian, M|\n|poke|p2|Tapu Koko|\n|teampreview\n|inactive|Battle timer is ON: inactive players will automatically lose when time's up. (requested by Fastpitchkiller)\n|\n|t:|1654727135\n|start\n|switch|p1a: Bisharp|Bisharp, F|100\/100\n|switch|p2a: Slowgatell|Slowbro, F|100\/100\n|turn|1\n|\n|t:|1654727141\n|switch|p2a: Corvikstall|Corviknight, M|100\/100\n|-ability|p2a: Corvikstall|Pressure\n|move|p1a: Bisharp|Knock Off|p2a: Corvikstall\n|-damage|p2a: Corvikstall|65\/100\n|-damage|p1a: Bisharp|84\/100|[from] item: Rocky Helmet|[of] p2a: Corvikstall\n|-enditem|p2a: Corvikstall|Rocky Helmet|[from] move: Knock Off|[of] p1a: Bisharp\n|\n|upkeep\n|turn|2\n|\n|t:|1654727151\n|move|p1a: Bisharp|Stealth Rock|p2a: Corvikstall\n|-sidestart|p2: Fastpitchkiller|move: Stealth Rock\n|move|p2a: Corvikstall|Roost|p2a: Corvikstall\n|-heal|p2a: Corvikstall|100\/100\n|-singleturn|p2a: Corvikstall|move: Roost\n|\n|upkeep\n|turn|3\n|\n|t:|1654727160\n|move|p1a: Bisharp|Stealth Rock||[still]\n|-fail|p1a: Bisharp\n|move|p2a: Corvikstall|Body Press|p1a: Bisharp\n|-supereffective|p1a: Bisharp\n|-damage|p1a: Bisharp|0 fnt\n|faint|p1a: Bisharp\n|\n|upkeep\n|\n|t:|1654727167\n|switch|p1a: Kommo-o|Kommo-o, M|100\/100\n|turn|4\n|\n|t:|1654727183\n|move|p1a: Kommo-o|Substitute|p1a: Kommo-o\n|-start|p1a: Kommo-o|Substitute\n|-damage|p1a: Kommo-o|75\/100\n|move|p2a: Corvikstall|U-turn|p1a: Kommo-o\n|-resisted|p1a: Kommo-o\n|-activate|p1a: Kommo-o|move: Substitute|[damage]\n|j| juicelol\n|\n|t:|1654727189\n|switch|p2a: Slowgatell|Slowbro, F|100\/100|[from]move: U-turn\n|-damage|p2a: Slowgatell|88\/100|[from] Stealth Rock\n|\n|upkeep\n|turn|5\n|\n|t:|1654727194\n|move|p1a: Kommo-o|Belly Drum|p1a: Kommo-o\n|-damage|p1a: Kommo-o|25\/100\n|-setboost|p1a: Kommo-o|atk|6|[from] move: Belly Drum\n|-enditem|p1a: Kommo-o|Salac Berry|[eat]\n|-boost|p1a: Kommo-o|spe|1|[from] item: Salac Berry\n|move|p2a: Slowgatell|Future Sight|p1a: Kommo-o\n|-start|p2a: Slowgatell|move: Future Sight\n|\n|upkeep\n|turn|6\n|\n|t:|1654727203\n|move|p1a: Kommo-o|Thunder Punch|p2a: Slowgatell\n|-supereffective|p2a: Slowgatell\n|-damage|p2a: Slowgatell|0 fnt\n|-damage|p1a: Kommo-o|9\/100|[from] item: Rocky Helmet|[of] p2a: Slowgatell\n|faint|p2a: Slowgatell\n|\n|upkeep\n|\n|t:|1654727210\n|switch|p2a: Precoz|Tapu Koko|100\/100\n|-fieldstart|move: Electric Terrain|[from] ability: Electric Surge|[of] p2a: Precoz\n|turn|7\n|j| BabyPigsAreLaughin\n|\n|t:|1654727216\n|switch|p2a: Corvikstall|Corviknight, M|100\/100\n|-damage|p2a: Corvikstall|88\/100|[from] Stealth Rock\n|-ability|p2a: Corvikstall|Pressure\n|move|p1a: Kommo-o|Drain Punch|p2a: Corvikstall\n|-damage|p2a: Corvikstall|0 fnt\n|-heal|p1a: Kommo-o|69\/100|[from] drain|[of] p2a: Corvikstall\n|faint|p2a: Corvikstall\n|\n|-end|p1a: Kommo-o|move: Future Sight\n|-supereffective|p1a: Kommo-o\n|-end|p1a: Kommo-o|Substitute\n|upkeep\n|c| BabyPigsAreLaughin|It's over.\n|-message|Fastpitchkiller forfeited.\n|\n|win|LotsofA\n|raw|LotsofA's rating: 1701 &rarr; <strong>1720<\/strong><br \/>(+19 for winning)\n|raw|Fastpitchkiller's rating: 1690 &rarr; <strong>1671<\/strong><br \/>(-19 for losing)\n|l|\u2606Fastpitchkiller\n|l| juicelol\n","uploadtime":1654727237,"views":20,"p1id":"lotsofa","p2id":"fastpitchkiller","formatid":"gen8ou","rating":1671,"private":0,"password":null}