{"id":"gen8ou-1664236618","p1":"cump3","p2":"Contango","format":"gen8ou","log":"|j|\u2606cump3\n|j|\u2606Contango\n|t:|1663176705\n|gametype|singles\n|player|p1|cump3|schoolkid-gen4|1675\n|player|p2|Contango|artist|1630\n|teamsize|p1|6\n|teamsize|p2|6\n|gen|8\n|tier|[Gen 8] OU\n|rated|\n|rule|Sleep Clause Mod: Limit one foe put to sleep\n|rule|Species Clause: Limit one of each Pok\u00e9mon\n|rule|OHKO Clause: OHKO moves are banned\n|rule|Evasion Items Clause: Evasion items are banned\n|rule|Evasion Moves Clause: Evasion moves are banned\n|rule|Endless Battle Clause: Forcing endless battles is banned\n|rule|HP Percentage Mod: HP is shown in percentages\n|rule|Dynamax Clause: You cannot dynamax\n|clearpoke\n|poke|p1|Swampert, M|\n|poke|p1|Mandibuzz, F|\n|poke|p1|Rillaboom, M|\n|poke|p1|Magnezone|\n|poke|p1|Tapu Lele|\n|poke|p1|Dragapult, F|\n|poke|p2|Tapu Koko|\n|poke|p2|Urshifu-*, M|\n|poke|p2|Blacephalon|\n|poke|p2|Ferrothorn, M|\n|poke|p2|Landorus-Therian, M|\n|poke|p2|Rotom-Wash|\n|teampreview\n|\n|t:|1663176720\n|start\n|switch|p1a: Dragapult|Dragapult, F, shiny|100\/100\n|switch|p2a: Landorus|Landorus-Therian, M|100\/100\n|-ability|p2a: Landorus|Intimidate|boost\n|-fail|p1a: Dragapult|unboost|[from] ability: Clear Body|[of] p1a: Dragapult\n|turn|1\n|\n|t:|1663176722\n|move|p1a: Dragapult|U-turn|p2a: Landorus\n|-resisted|p2a: Landorus\n|-damage|p2a: Landorus|82\/100\n|\n|t:|1663176724\n|switch|p1a: Mandibuzz|Mandibuzz, F|100\/100|[from]move: U-turn\n|move|p2a: Landorus|Knock Off|p1a: Mandibuzz\n|-resisted|p1a: Mandibuzz\n|-damage|p1a: Mandibuzz|92\/100\n|-enditem|p1a: Mandibuzz|Heavy-Duty Boots|[from] move: Knock Off|[of] p2a: Landorus\n|\n|-heal|p2a: Landorus|88\/100|[from] item: Leftovers\n|upkeep\n|turn|2\n|\n|t:|1663176728\n|move|p2a: Landorus|U-turn|p1a: Mandibuzz\n|-damage|p1a: Mandibuzz|80\/100\n|\n|t:|1663176729\n|switch|p2a: Rotom|Rotom-Wash|100\/100|[from]move: U-turn\n|move|p1a: Mandibuzz|U-turn|p2a: Rotom\n|-damage|p2a: Rotom|89\/100\n|\n|t:|1663176732\n|switch|p1a: Rillaboom|Rillaboom, M|100\/100|[from]move: U-turn\n|-fieldstart|move: Grassy Terrain|[from] ability: Grassy Surge|[of] p1a: Rillaboom\n|\n|-heal|p2a: Rotom|95\/100|[from] item: Leftovers\n|upkeep\n|turn|3\n|\n|t:|1663176740\n|switch|p2a: Ferrothorn|Ferrothorn, M|100\/100\n|move|p1a: Rillaboom|U-turn|p2a: Ferrothorn\n|-damage|p2a: Ferrothorn|79\/100\n|-damage|p1a: Rillaboom|88\/100|[from] ability: Iron Barbs|[of] p2a: Ferrothorn\n|\n|t:|1663176743\n|switch|p1a: Magnezone|Magnezone, shiny|100\/100|[from]move: U-turn\n|\n|-heal|p2a: Ferrothorn|85\/100|[from] Grassy Terrain\n|-heal|p2a: Ferrothorn|92\/100|[from] item: Leftovers\n|upkeep\n|turn|4\n|\n|t:|1663176747\n|move|p1a: Magnezone|Iron Defense|p1a: Magnezone\n|-boost|p1a: Magnezone|def|2\n|move|p2a: Ferrothorn|Stealth Rock|p1a: Magnezone\n|-sidestart|p1: cump3|move: Stealth Rock\n|\n|-heal|p2a: Ferrothorn|98\/100|[from] Grassy Terrain\n|-heal|p2a: Ferrothorn|100\/100|[from] item: Leftovers\n|upkeep\n|turn|5\n|\n|t:|1663176753\n|move|p1a: Magnezone|Iron Defense|p1a: Magnezone\n|-boost|p1a: Magnezone|def|2\n|move|p2a: Ferrothorn|Iron Defense|p2a: Ferrothorn\n|-boost|p2a: Ferrothorn|def|2\n|\n|upkeep\n|turn|6\n|\n|t:|1663176757\n|move|p1a: Magnezone|Body Press|p2a: Ferrothorn\n|-supereffective|p2a: Ferrothorn\n|-damage|p2a: Ferrothorn|50\/100\n|-damage|p1a: Magnezone|88\/100|[from] ability: Iron Barbs|[of] p2a: Ferrothorn\n|move|p2a: Ferrothorn|Iron Defense|p2a: Ferrothorn\n|-boost|p2a: Ferrothorn|def|2\n|\n|-heal|p1a: Magnezone|94\/100|[from] Grassy Terrain\n|-heal|p1a: Magnezone|100\/100|[from] item: Leftovers\n|-heal|p2a: Ferrothorn|56\/100|[from] Grassy Terrain\n|-heal|p2a: Ferrothorn|62\/100|[from] item: Leftovers\n|-fieldend|move: Grassy Terrain\n|upkeep\n|turn|7\n|\n|t:|1663176761\n|move|p1a: Magnezone|Body Press|p2a: Ferrothorn\n|-supereffective|p2a: Ferrothorn\n|-damage|p2a: Ferrothorn|30\/100\n|-damage|p1a: Magnezone|88\/100|[from] ability: Iron Barbs|[of] p2a: Ferrothorn\n|move|p2a: Ferrothorn|Iron Defense|p2a: Ferrothorn\n|-boost|p2a: Ferrothorn|def|2\n|\n|-heal|p1a: Magnezone|94\/100|[from] item: Leftovers\n|-heal|p2a: Ferrothorn|36\/100|[from] item: Leftovers\n|upkeep\n|turn|8\n|\n|t:|1663176767\n|move|p1a: Magnezone|Body Press|p2a: Ferrothorn\n|-supereffective|p2a: Ferrothorn\n|-damage|p2a: Ferrothorn|11\/100\n|-damage|p1a: Magnezone|82\/100|[from] ability: Iron Barbs|[of] p2a: Ferrothorn\n|move|p2a: Ferrothorn|Body Press|p1a: Magnezone\n|-supereffective|p1a: Magnezone\n|-damage|p1a: Magnezone|21\/100\n|\n|-heal|p1a: Magnezone|27\/100|[from] item: Leftovers\n|-heal|p2a: Ferrothorn|18\/100|[from] item: Leftovers\n|upkeep\n|turn|9\n|\n|t:|1663176770\n|move|p1a: Magnezone|Body Press|p2a: Ferrothorn\n|-supereffective|p2a: Ferrothorn\n|-damage|p2a: Ferrothorn|0 fnt\n|-damage|p1a: Magnezone|15\/100|[from] ability: Iron Barbs|[of] p2a: Ferrothorn\n|faint|p2a: Ferrothorn\n|\n|-heal|p1a: Magnezone|21\/100|[from] item: Leftovers\n|upkeep\n|\n|t:|1663176773\n|switch|p2a: Blacephalon|Blacephalon|100\/100\n|turn|10\n|\n|t:|1663176776\n|switch|p1a: Swampert|Swampert, M|100\/100\n|-damage|p1a: Swampert|94\/100|[from] Stealth Rock\n|move|p2a: Blacephalon|Flamethrower|p1a: Swampert\n|-resisted|p1a: Swampert\n|-damage|p1a: Swampert|76\/100\n|\n|-heal|p1a: Swampert|82\/100|[from] item: Leftovers\n|upkeep\n|turn|11\n|\n|t:|1663176780\n|switch|p2a: Rotom|Rotom-Wash|95\/100\n|move|p1a: Swampert|Flip Turn|p2a: Rotom\n|-resisted|p2a: Rotom\n|-damage|p2a: Rotom|84\/100\n|\n|t:|1663176783\n|switch|p1a: Rillaboom|Rillaboom, M|88\/100|[from]move: Flip Turn\n|-damage|p1a: Rillaboom|76\/100|[from] Stealth Rock\n|-fieldstart|move: Grassy Terrain|[from] ability: Grassy Surge|[of] p1a: Rillaboom\n|\n|-heal|p1a: Rillaboom|82\/100|[from] Grassy Terrain\n|-heal|p2a: Rotom|90\/100|[from] item: Leftovers\n|upkeep\n|turn|12\n|\n|t:|1663176788\n|switch|p2a: Landorus|Landorus-Therian, M|88\/100\n|-ability|p2a: Landorus|Intimidate|boost\n|-unboost|p1a: Rillaboom|atk|1\n|move|p1a: Rillaboom|Grassy Glide|p2a: Landorus\n|-damage|p2a: Landorus|43\/100\n|\n|-heal|p1a: Rillaboom|88\/100|[from] Grassy Terrain\n|-heal|p2a: Landorus|49\/100|[from] item: Leftovers\n|upkeep\n|turn|13\n|\n|t:|1663176801\n|switch|p1a: Magnezone|Magnezone, shiny|21\/100\n|-damage|p1a: Magnezone|15\/100|[from] Stealth Rock\n|move|p2a: Landorus|U-turn|p1a: Magnezone\n|-resisted|p1a: Magnezone\n|-damage|p1a: Magnezone|7\/100\n|\n|t:|1663176812\n|switch|p2a: Blacephalon|Blacephalon|100\/100|[from]move: U-turn\n|\n|-heal|p1a: Magnezone|13\/100|[from] Grassy Terrain\n|-heal|p1a: Magnezone|19\/100|[from] item: Leftovers\n|upkeep\n|turn|14\n|\n|t:|1663176819\n|switch|p1a: Swampert|Swampert, M|82\/100\n|-damage|p1a: Swampert|76\/100|[from] Stealth Rock\n|move|p2a: Blacephalon|Flamethrower|p1a: Swampert\n|-resisted|p1a: Swampert\n|-damage|p1a: Swampert|59\/100\n|\n|-heal|p1a: Swampert|65\/100|[from] Grassy Terrain\n|-heal|p1a: Swampert|71\/100|[from] item: Leftovers\n|upkeep\n|turn|15\n|\n|t:|1663176825\n|switch|p2a: Rotom|Rotom-Wash|90\/100\n|move|p1a: Swampert|Flip Turn|p2a: Rotom\n|-resisted|p2a: Rotom\n|-damage|p2a: Rotom|78\/100\n|\n|t:|1663176829\n|switch|p1a: Tapu Lele|Tapu Lele, shiny|100\/100|[from]move: Flip Turn\n|-damage|p1a: Tapu Lele|88\/100|[from] Stealth Rock\n|-fieldstart|move: Psychic Terrain|[from] ability: Psychic Surge|[of] p1a: Tapu Lele\n|\n|-heal|p2a: Rotom|84\/100|[from] item: Leftovers\n|upkeep\n|turn|16\n|\n|t:|1663176832\n|move|p1a: Tapu Lele|Psyshock|p2a: Rotom\n|-damage|p2a: Rotom|0 fnt\n|faint|p2a: Rotom\n|\n|upkeep\n|\n|t:|1663176835\n|switch|p2a: Urshifu|Urshifu-Rapid-Strike, M|100\/100\n|turn|17\n|\n|t:|1663176838\n|switch|p1a: Magnezone|Magnezone, shiny|19\/100\n|-damage|p1a: Magnezone|13\/100|[from] Stealth Rock\n|move|p2a: Urshifu|Surging Strikes|p1a: Magnezone\n|-crit|p1a: Magnezone\n|-damage|p1a: Magnezone|0 fnt\n|faint|p1a: Magnezone\n|-hitcount|p1: Magnezone|1\n|\n|upkeep\n|\n|t:|1663176839\n|switch|p1a: Rillaboom|Rillaboom, M|88\/100\n|-damage|p1a: Rillaboom|76\/100|[from] Stealth Rock\n|-fieldstart|move: Grassy Terrain|[from] ability: Grassy Surge|[of] p1a: Rillaboom\n|turn|18\n|\n|t:|1663176841\n|switch|p2a: Landorus|Landorus-Therian, M|49\/100\n|-ability|p2a: Landorus|Intimidate|boost\n|-unboost|p1a: Rillaboom|atk|1\n|move|p1a: Rillaboom|Grassy Glide|p2a: Landorus\n|-damage|p2a: Landorus|2\/100\n|\n|-heal|p1a: Rillaboom|82\/100|[from] Grassy Terrain\n|-heal|p2a: Landorus|8\/100|[from] item: Leftovers\n|upkeep\n|turn|19\n|\n|t:|1663176851\n|move|p1a: Rillaboom|Grassy Glide|p2a: Landorus\n|-damage|p2a: Landorus|0 fnt\n|faint|p2a: Landorus\n|\n|-heal|p1a: Rillaboom|88\/100|[from] Grassy Terrain\n|upkeep\n|\n|t:|1663176854\n|switch|p2a: Tapu Koko|Tapu Koko|100\/100\n|-fieldstart|move: Electric Terrain|[from] ability: Electric Surge|[of] p2a: Tapu Koko\n|turn|20\n|\n|t:|1663176859\n|switch|p1a: Mandibuzz|Mandibuzz, F|80\/100\n|-damage|p1a: Mandibuzz|55\/100|[from] Stealth Rock\n|move|p2a: Tapu Koko|U-turn|p1a: Mandibuzz\n|-damage|p1a: Mandibuzz|45\/100\n|\n|t:|1663176862\n|switch|p2a: Urshifu|Urshifu-Rapid-Strike, M|100\/100|[from]move: U-turn\n|\n|upkeep\n|turn|21\n|\n|t:|1663176866\n|move|p2a: Urshifu|Surging Strikes|p1a: Mandibuzz\n|-crit|p1a: Mandibuzz\n|-damage|p1a: Mandibuzz|30\/100\n|-crit|p1a: Mandibuzz\n|-damage|p1a: Mandibuzz|13\/100\n|-crit|p1a: Mandibuzz\n|-damage|p1a: Mandibuzz|0 fnt\n|faint|p1a: Mandibuzz\n|-hitcount|p1: Mandibuzz|3\n|\n|upkeep\n|\n|t:|1663176868\n|switch|p1a: Rillaboom|Rillaboom, M|88\/100\n|-damage|p1a: Rillaboom|76\/100|[from] Stealth Rock\n|-fieldstart|move: Grassy Terrain|[from] ability: Grassy Surge|[of] p1a: Rillaboom\n|turn|22\n|\n|t:|1663176881\n|switch|p2a: Tapu Koko|Tapu Koko|100\/100\n|-fieldstart|move: Electric Terrain|[from] ability: Electric Surge|[of] p2a: Tapu Koko\n|move|p1a: Rillaboom|Grassy Glide|p2a: Tapu Koko\n|-damage|p2a: Tapu Koko|18\/100\n|\n|upkeep\n|turn|23\n|inactive|Battle timer is ON: inactive players will automatically lose when time's up. (requested by Contango)\n|\n|t:|1663176897\n|switch|p1a: Tapu Lele|Tapu Lele, shiny|88\/100\n|-damage|p1a: Tapu Lele|76\/100|[from] Stealth Rock\n|-fieldstart|move: Psychic Terrain|[from] ability: Psychic Surge|[of] p1a: Tapu Lele\n|move|p2a: Tapu Koko|U-turn|p1a: Tapu Lele\n|-damage|p1a: Tapu Lele|51\/100\n|\n|t:|1663176899\n|switch|p2a: Urshifu|Urshifu-Rapid-Strike, M|100\/100|[from]move: U-turn\n|\n|upkeep\n|turn|24\n|\n|t:|1663176903\n|move|p2a: Urshifu|Surging Strikes|p1a: Tapu Lele\n|-crit|p1a: Tapu Lele\n|-damage|p1a: Tapu Lele|7\/100\n|-crit|p1a: Tapu Lele\n|-damage|p1a: Tapu Lele|0 fnt\n|faint|p1a: Tapu Lele\n|-hitcount|p1: Tapu Lele|2\n|\n|upkeep\n|\n|t:|1663176904\n|switch|p1a: Rillaboom|Rillaboom, M|76\/100\n|-damage|p1a: Rillaboom|64\/100|[from] Stealth Rock\n|-fieldstart|move: Grassy Terrain|[from] ability: Grassy Surge|[of] p1a: Rillaboom\n|turn|25\n|\n|t:|1663176910\n|switch|p2a: Tapu Koko|Tapu Koko|18\/100\n|-fieldstart|move: Electric Terrain|[from] ability: Electric Surge|[of] p2a: Tapu Koko\n|move|p1a: Rillaboom|Grassy Glide|p2a: Tapu Koko\n|-damage|p2a: Tapu Koko|0 fnt\n|faint|p2a: Tapu Koko\n|\n|upkeep\n|\n|t:|1663176915\n|switch|p2a: Blacephalon|Blacephalon|100\/100\n|turn|26\n|\n|t:|1663176919\n|switch|p2a: Urshifu|Urshifu-Rapid-Strike, M|100\/100\n|switch|p1a: Swampert|Swampert, M|71\/100\n|-damage|p1a: Swampert|65\/100|[from] Stealth Rock\n|\n|-heal|p1a: Swampert|71\/100|[from] item: Leftovers\n|upkeep\n|turn|27\n|\n|t:|1663176923\n|switch|p1a: Dragapult|Dragapult, F, shiny|100\/100\n|-damage|p1a: Dragapult|88\/100|[from] Stealth Rock\n|move|p2a: Urshifu|Surging Strikes|p1a: Dragapult\n|-resisted|p1a: Dragapult\n|-crit|p1a: Dragapult\n|-damage|p1a: Dragapult|66\/100\n|-resisted|p1a: Dragapult\n|-crit|p1a: Dragapult\n|-damage|p1a: Dragapult|45\/100\n|-resisted|p1a: Dragapult\n|-crit|p1a: Dragapult\n|-damage|p1a: Dragapult|24\/100\n|-hitcount|p1a: Dragapult|3\n|\n|upkeep\n|turn|28\n|\n|t:|1663176927\n|move|p1a: Dragapult|Dragon Darts|p2a: Urshifu\n|-damage|p2a: Urshifu|57\/100\n|-anim|p1a: Dragapult|Dragon Darts|p2a: Urshifu\n|-damage|p2a: Urshifu|17\/100\n|move|p2a: Urshifu|Surging Strikes|p1a: Dragapult\n|-resisted|p1a: Dragapult\n|-crit|p1a: Dragapult\n|-damage|p1a: Dragapult|6\/100\n|-resisted|p1a: Dragapult\n|-crit|p1a: Dragapult\n|-damage|p1a: Dragapult|0 fnt\n|faint|p1a: Dragapult\n|-hitcount|p1: Dragapult|2\n|\n|upkeep\n|\n|t:|1663176931\n|switch|p1a: Rillaboom|Rillaboom, M|64\/100\n|-damage|p1a: Rillaboom|51\/100|[from] Stealth Rock\n|-fieldstart|move: Grassy Terrain|[from] ability: Grassy Surge|[of] p1a: Rillaboom\n|turn|29\n|\n|t:|1663176935\n|move|p1a: Rillaboom|Grassy Glide|p2a: Urshifu\n|-supereffective|p2a: Urshifu\n|-crit|p2a: Urshifu\n|-damage|p2a: Urshifu|0 fnt\n|faint|p2a: Urshifu\n|\n|-heal|p1a: Rillaboom|57\/100|[from] Grassy Terrain\n|upkeep\n|\n|t:|1663176938\n|switch|p2a: Blacephalon|Blacephalon|100\/100\n|turn|30\n|\n|t:|1663176939\n|move|p1a: Rillaboom|Grassy Glide|p2a: Blacephalon\n|-resisted|p2a: Blacephalon\n|-damage|p2a: Blacephalon|20\/100\n|move|p2a: Blacephalon|Shadow Ball|p1a: Rillaboom\n|-damage|p1a: Rillaboom|0 fnt\n|faint|p1a: Rillaboom\n|-ability|p2a: Blacephalon|Beast Boost|boost\n|-boost|p2a: Blacephalon|spa|1\n|\n|-heal|p2a: Blacephalon|26\/100|[from] Grassy Terrain\n|upkeep\n|\n|t:|1663176941\n|switch|p1a: Swampert|Swampert, M|71\/100\n|-damage|p1a: Swampert|65\/100|[from] Stealth Rock\n|turn|31\n|\n|t:|1663176943\n|move|p2a: Blacephalon|Shadow Ball|p1a: Swampert\n|-damage|p1a: Swampert|18\/100\n|move|p1a: Swampert|Flip Turn|p2a: Blacephalon\n|-supereffective|p2a: Blacephalon\n|-damage|p2a: Blacephalon|0 fnt\n|faint|p2a: Blacephalon\n|\n|win|cump3\n|raw|cump3's rating: 1675 &rarr; <strong>1692<\/strong><br \/>(+17 for winning)\n|raw|Contango's rating: 1630 &rarr; <strong>1613<\/strong><br \/>(-17 for losing)\n","uploadtime":1663176947,"views":37,"p1id":"cump3","p2id":"contango","formatid":"gen8ou","rating":1613,"private":0,"password":null}