{"id":"gen8ou-1668891644","p1":"antarctozolt","p2":"S B Like a Diamond","format":"gen8ou","log":"|j|\u2606antarctozolt\n|j|\u2606S B Like a Diamond\n|inactive|Battle timer is ON: inactive players will automatically lose when time's up.\n|t:|1663986365\n|gametype|singles\n|player|p1|antarctozolt|skier|\n|player|p2|S B Like a Diamond|unknown|\n|teamsize|p1|6\n|teamsize|p2|6\n|gen|8\n|tier|[Gen 8] OU\n|rated|Tournament battle\n|rule|Sleep Clause Mod: Limit one foe put to sleep\n|rule|Species Clause: Limit one of each Pok\u00e9mon\n|rule|OHKO Clause: OHKO moves are banned\n|rule|Evasion Items Clause: Evasion items are banned\n|rule|Evasion Moves Clause: Evasion moves are banned\n|rule|Endless Battle Clause: Forcing endless battles is banned\n|rule|HP Percentage Mod: HP is shown in percentages\n|rule|Dynamax Clause: You cannot dynamax\n|clearpoke\n|poke|p1|Mew|\n|poke|p1|Dragapult, F|\n|poke|p1|Blaziken, M|\n|poke|p1|Weavile, F|\n|poke|p1|Kartana|\n|poke|p1|Landorus-Therian, M|\n|poke|p2|Rillaboom, M|\n|poke|p2|Slowking-Galar, F|\n|poke|p2|Heatran, M|\n|poke|p2|Mandibuzz, F|\n|poke|p2|Dragonite, F|\n|poke|p2|Swampert, F|\n|teampreview\n|inactive|antarctozolt also wants the timer to be on.\n|inactive|S B Like a Diamond also wants the timer to be on.\n|j| cHiCo\n|j| ShellBellShedinja\n|\n|t:|1663986395\n|start\n|switch|p1a: Mew|Mew|100\/100\n|switch|p2a: Slowking|Slowking-Galar, F|100\/100\n|turn|1\n|j| white ceiling\n|\n|t:|1663986400\n|move|p1a: Mew|Thunder Wave|p2a: Slowking\n|-status|p2a: Slowking|par\n|move|p2a: Slowking|Sludge Bomb|p1a: Mew\n|-damage|p1a: Mew|61\/100\n|\n|upkeep\n|turn|2\n|\n|t:|1663986405\n|move|p1a: Mew|Stealth Rock|p2a: Slowking\n|-sidestart|p2: S B Like a Diamond|move: Stealth Rock\n|move|p2a: Slowking|Sludge Bomb||[still]\n|-damage|p1a: Mew|26\/100\n|-status|p1a: Mew|psn\n|-activate|p1a: Mew|ability: Synchronize\n|-fail|p1a: Mew\n|\n|-damage|p1a: Mew|14\/100 psn|[from] psn\n|upkeep\n|turn|3\n|\n|t:|1663986406\n|move|p1a: Mew|Spikes|p2a: Slowking\n|-sidestart|p2: S B Like a Diamond|Spikes\n|move|p2a: Slowking|Sludge Bomb|p1a: Mew\n|-damage|p1a: Mew|0 fnt\n|faint|p1a: Mew\n|\n|upkeep\n|\n|t:|1663986408\n|switch|p1a: Weavile|Weavile, F|100\/100\n|-ability|p1a: Weavile|Pressure\n|turn|4\n|\n|t:|1663986411\n|move|p1a: Weavile|Swords Dance|p1a: Weavile\n|-boost|p1a: Weavile|atk|2\n|cant|p2a: Slowking|par\n|\n|upkeep\n|turn|5\n|\n|t:|1663986413\n|move|p1a: Weavile|Knock Off|p2a: Slowking\n|-supereffective|p2a: Slowking\n|-crit|p2a: Slowking\n|-enditem|p2a: Slowking|Colbur Berry|[eat]\n|-enditem|p2a: Slowking|Colbur Berry|[weaken]\n|-damage|p2a: Slowking|0 fnt\n|faint|p2a: Slowking\n|-damage|p1a: Weavile|91\/100|[from] item: Life Orb\n|\n|upkeep\n|\n|t:|1663986420\n|switch|p2a: Heatran|Heatran, M|100\/100\n|-damage|p2a: Heatran|88\/100|[from] Stealth Rock\n|-damage|p2a: Heatran|76\/100|[from] Spikes\n|turn|6\n|\n|t:|1663986422\n|move|p1a: Weavile|Knock Off|p2a: Heatran\n|-damage|p2a: Heatran|0 fnt\n|-enditem|p2a: Heatran|Leftovers|[from] move: Knock Off|[of] p1a: Weavile\n|faint|p2a: Heatran\n|-damage|p1a: Weavile|81\/100|[from] item: Life Orb\n|\n|upkeep\n|\n|t:|1663986426\n|switch|p2a: Rillaboom|Rillaboom, M|100\/100\n|-damage|p2a: Rillaboom|88\/100|[from] Stealth Rock\n|-damage|p2a: Rillaboom|76\/100|[from] Spikes\n|-fieldstart|move: Grassy Terrain|[from] ability: Grassy Surge|[of] p2a: Rillaboom\n|turn|7\n|\n|t:|1663986428\n|move|p1a: Weavile|Ice Shard|p2a: Rillaboom\n|-supereffective|p2a: Rillaboom\n|-damage|p2a: Rillaboom|0 fnt\n|faint|p2a: Rillaboom\n|-damage|p1a: Weavile|71\/100|[from] item: Life Orb\n|\n|-heal|p1a: Weavile|77\/100|[from] Grassy Terrain\n|upkeep\n|-message|S B Like a Diamond forfeited.\n|\n|win|antarctozolt\n|n|\u2606antarctozolt|antarctozolt\n|n|\u2606S B Like a Diamond|sblikeadiamond\n|n| cHiCo|chico\n|n| ShellBellShedinja|shellbellshedinja\n|n| white ceiling|whiteceiling\n|l|\u2606S B Like a Diamond\n|c|\u2606antarctozolt|imagine c-teaming me\n|c|\u2606antarctozolt|then losing this fast LOL\n|c|\u2606antarctozolt|gg.\n","uploadtime":1663986454,"views":93,"p1id":"antarctozolt","p2id":"sblikeadiamond","formatid":"gen8ou","rating":0,"private":0,"password":null}