{"id":"gen8ou-1666767376","p1":"Justin UA","p2":"cump3","format":"gen8ou","log":"|j|\u2606Justin UA\n|j|\u2606cump3\n|t:|1663444086\n|gametype|singles\n|player|p1|Justin UA|ethan|1755\n|player|p2|cump3|schoolkid-gen4|1705\n|teamsize|p1|6\n|teamsize|p2|6\n|gen|8\n|tier|[Gen 8] OU\n|rated|\n|rule|Sleep Clause Mod: Limit one foe put to sleep\n|rule|Species Clause: Limit one of each Pok\u00e9mon\n|rule|OHKO Clause: OHKO moves are banned\n|rule|Evasion Items Clause: Evasion items are banned\n|rule|Evasion Moves Clause: Evasion moves are banned\n|rule|Endless Battle Clause: Forcing endless battles is banned\n|rule|HP Percentage Mod: HP is shown in percentages\n|rule|Dynamax Clause: You cannot dynamax\n|clearpoke\n|poke|p1|Dragapult, F|\n|poke|p1|Urshifu-*, F|\n|poke|p1|Tapu Lele|\n|poke|p1|Heatran, F|\n|poke|p1|Corviknight, M|\n|poke|p1|Landorus-Therian, M|\n|poke|p2|Skarmory, F|\n|poke|p2|Tapu Koko|\n|poke|p2|Bisharp, M|\n|poke|p2|Hawlucha, F|\n|poke|p2|Latias, F|\n|poke|p2|Jirachi|\n|teampreview\n|c|\u2606cump3|hf\n|j| t-yeu\n|c|\u2606Justin UA|u2\n|j| 0SiegeWarfare\n|\n|t:|1663444115\n|start\n|switch|p1a: Heatran|Heatran, F|100\/100\n|switch|p2a: Skarmory|Skarmory, F, shiny|100\/100\n|turn|1\n|\n|t:|1663444118\n|move|p2a: Skarmory|Stealth Rock|p1a: Heatran\n|-sidestart|p1: Justin UA|move: Stealth Rock\n|move|p1a: Heatran|Magma Storm|p2a: Skarmory|[miss]\n|-miss|p1a: Heatran|p2a: Skarmory\n|\n|upkeep\n|turn|2\n|\n|t:|1663444120\n|move|p2a: Skarmory|Spikes|p1a: Heatran\n|-sidestart|p1: Justin UA|Spikes\n|move|p1a: Heatran|Magma Storm|p2a: Skarmory|[miss]\n|-miss|p1a: Heatran|p2a: Skarmory\n|\n|upkeep\n|turn|3\n|\n|t:|1663444124\n|move|p2a: Skarmory|Spikes|p1a: Heatran\n|-sidestart|p1: Justin UA|Spikes\n|move|p1a: Heatran|Magma Storm|p2a: Skarmory\n|-supereffective|p2a: Skarmory\n|-ability|p2a: Skarmory|Sturdy\n|-damage|p2a: Skarmory|1\/100\n|-activate|p2a: Skarmory|move: Magma Storm|[of] p1a: Heatran\n|\n|-damage|p2a: Skarmory|0 fnt|[from] move: Magma Storm|[partiallytrapped]\n|faint|p2a: Skarmory\n|upkeep\n|c| 0SiegeWarfare|...\n|\n|t:|1663444159\n|switch|p2a: Tapu Koko|Tapu Koko, shiny|100\/100\n|-fieldstart|move: Electric Terrain|[from] ability: Electric Surge|[of] p2a: Tapu Koko\n|turn|4\n|j| S0loUnBasicNo0b\n|\n|t:|1663444166\n|move|p2a: Tapu Koko|Light Screen|p2a: Tapu Koko\n|-sidestart|p2: cump3|move: Light Screen\n|move|p1a: Heatran|Magma Storm|p2a: Tapu Koko\n|-damage|p2a: Tapu Koko|76\/100\n|-activate|p2a: Tapu Koko|move: Magma Storm|[of] p1a: Heatran\n|\n|-damage|p2a: Tapu Koko|64\/100|[from] move: Magma Storm|[partiallytrapped]\n|upkeep\n|turn|5\n|\n|t:|1663444170\n|move|p2a: Tapu Koko|Reflect|p2a: Tapu Koko\n|-sidestart|p2: cump3|Reflect\n|move|p1a: Heatran|Earth Power|p2a: Tapu Koko\n|-supereffective|p2a: Tapu Koko\n|-crit|p2a: Tapu Koko\n|-damage|p2a: Tapu Koko|0 fnt\n|faint|p2a: Tapu Koko\n|\n|upkeep\n|\n|t:|1663444175\n|switch|p2a: Hawlucha|Hawlucha, F|100\/100\n|-enditem|p2a: Hawlucha|Electric Seed\n|-boost|p2a: Hawlucha|def|1|[from] item: Electric Seed\n|turn|6\n|\n|t:|1663444178\n|move|p2a: Hawlucha|Substitute|p2a: Hawlucha\n|-start|p2a: Hawlucha|Substitute\n|-damage|p2a: Hawlucha|76\/100\n|move|p1a: Heatran|Toxic||[still]\n|-fail|p1a: Heatran\n|\n|upkeep\n|turn|7\n|\n|t:|1663444185\n|move|p2a: Hawlucha|Swords Dance|p2a: Hawlucha\n|-boost|p2a: Hawlucha|atk|2\n|move|p1a: Heatran|Magma Storm|p2a: Hawlucha\n|-crit|p2a: Hawlucha\n|-end|p2a: Hawlucha|Substitute\n|\n|upkeep\n|turn|8\n|\n|t:|1663444191\n|move|p2a: Hawlucha|Substitute|p2a: Hawlucha\n|-start|p2a: Hawlucha|Substitute\n|-damage|p2a: Hawlucha|51\/100\n|move|p1a: Heatran|Magma Storm|p2a: Hawlucha|[miss]\n|-miss|p1a: Heatran|p2a: Hawlucha\n|\n|-fieldend|move: Electric Terrain\n|upkeep\n|turn|9\n|j| HSGHWTF\n|\n|t:|1663444201\n|switch|p1a: Corviknight|Corviknight, M|100\/100\n|-damage|p1a: Corviknight|88\/100|[from] Stealth Rock\n|-ability|p1a: Corviknight|Pressure\n|move|p2a: Hawlucha|Swords Dance|p2a: Hawlucha\n|-boost|p2a: Hawlucha|atk|2\n|\n|-heal|p1a: Corviknight|94\/100|[from] item: Leftovers\n|upkeep\n|turn|10\n|\n|t:|1663444210\n|move|p2a: Hawlucha|Drain Punch|p1a: Corviknight\n|-damage|p1a: Corviknight|27\/100\n|-heal|p2a: Hawlucha|88\/100|[from] drain|[of] p1a: Corviknight\n|move|p1a: Corviknight|Defog|p2a: Hawlucha\n|-sideend|p2: cump3|Reflect\n|-sideend|p2: cump3|move: Light Screen\n|-sideend|p1: Justin UA|Spikes|[from] move: Defog|[of] p1a: Corviknight\n|-sideend|p1: Justin UA|Stealth Rock|[from] move: Defog|[of] p1a: Corviknight\n|\n|-heal|p1a: Corviknight|33\/100|[from] item: Leftovers\n|upkeep\n|turn|11\n|\n|t:|1663444214\n|move|p2a: Hawlucha|Drain Punch|p1a: Corviknight\n|-damage|p1a: Corviknight|0 fnt\n|-heal|p2a: Hawlucha|100\/100|[from] drain|[of] p1a: Corviknight\n|faint|p1a: Corviknight\n|\n|upkeep\n|\n|t:|1663444228\n|switch|p1a: Landorus|Landorus-Therian, M|100\/100\n|-ability|p1a: Landorus|Intimidate|boost\n|-immune|p2a: Hawlucha\n|turn|12\n|\n|t:|1663444230\n|move|p2a: Hawlucha|Acrobatics|p1a: Landorus\n|-damage|p1a: Landorus|0 fnt\n|faint|p1a: Landorus\n|\n|upkeep\n|\n|t:|1663444236\n|switch|p1a: Dragapult|Dragapult, F, shiny|100\/100\n|turn|13\n|\n|t:|1663444239\n|move|p2a: Hawlucha|Acrobatics|p1a: Dragapult\n|-damage|p1a: Dragapult|0 fnt\n|faint|p1a: Dragapult\n|\n|upkeep\n|l| HSGHWTF\n|c|\u2606Justin UA|fuck\n|c|\u2606Justin UA|gg\n|-message|Justin UA forfeited.\n|j| HSGHWTF\n|c|\u2606cump3|gg\n|\n|win|cump3\n|raw|Justin UA's rating: 1755 &rarr; <strong>1732<\/strong><br \/>(-23 for losing)\n|raw|cump3's rating: 1705 &rarr; <strong>1728<\/strong><br \/>(+23 for winning)\n|l|\u2606Justin UA\n|l| HSGHWTF\n||Ladder isn't responding, score probably updated but might not have (Request timeout).\n","uploadtime":1663444260,"views":33,"p1id":"justinua","p2id":"cump3","formatid":"gen8ou","rating":1728,"private":0,"password":null}