{"id":"gen8ou-1705269428","p1":"minimax_ai","p2":"BugCatcherWeevil","format":"gen8ou","log":"|j|\u2606minimax_ai\n|j|\u2606BugCatcherWeevil\n|t:|1667861614\n|gametype|singles\n|player|p1|minimax_ai|169|1738\n|player|p2|BugCatcherWeevil|266|1755\n|teamsize|p1|6\n|teamsize|p2|6\n|gen|8\n|tier|[Gen 8] OU\n|rated|\n|rule|Sleep Clause Mod: Limit one foe put to sleep\n|rule|Species Clause: Limit one of each Pok\u00e9mon\n|rule|OHKO Clause: OHKO moves are banned\n|rule|Evasion Items Clause: Evasion items are banned\n|rule|Evasion Moves Clause: Evasion moves are banned\n|rule|Endless Battle Clause: Forcing endless battles is banned\n|rule|HP Percentage Mod: HP is shown in percentages\n|rule|Dynamax Clause: You cannot dynamax\n|clearpoke\n|poke|p1|Rotom-Wash|\n|poke|p1|Weavile, M|\n|poke|p1|Landorus-Therian, M|\n|poke|p1|Heatran, M|\n|poke|p1|Tangrowth, M|\n|poke|p1|Melmetal|\n|poke|p2|Arctozolt|\n|poke|p2|Tornadus-Therian, M|\n|poke|p2|Heatran, F|\n|poke|p2|Landorus-Therian, M|\n|poke|p2|Hatterene, F|\n|poke|p2|Vanilluxe, F|\n|teampreview\n|c|\u2606minimax_ai|hf\n|inactive|Battle timer is ON: inactive players will automatically lose when time's up. (requested by minimax_ai)\n|\n|t:|1667861628\n|start\n|switch|p1a: Melmetal|Melmetal|100\/100\n|switch|p2a: Landorus|Landorus-Therian, M|100\/100\n|-ability|p2a: Landorus|Intimidate|boost\n|-unboost|p1a: Melmetal|atk|1\n|turn|1\n|\n|t:|1667861630\n|move|p2a: Landorus|U-turn|p1a: Melmetal\n|-resisted|p1a: Melmetal\n|-damage|p1a: Melmetal|94\/100\n|\n|t:|1667861633\n|switch|p2a: Heatran|Heatran, F|100\/100|[from]move: U-turn\n|move|p1a: Melmetal|Ice Punch|p2a: Heatran\n|-resisted|p2a: Heatran\n|-damage|p2a: Heatran|96\/100\n|-status|p1a: Melmetal|brn|[from] ability: Flame Body|[of] p2a: Heatran\n|\n|-heal|p2a: Heatran|100\/100|[from] item: Leftovers\n|-damage|p1a: Melmetal|88\/100 brn|[from] brn\n|upkeep\n|turn|2\n|\n|t:|1667861636\n|switch|p1a: rotomwash|Rotom-Wash|100\/100\n|move|p2a: Heatran|Stealth Rock|p1a: rotomwash\n|-sidestart|p1: minimax_ai|move: Stealth Rock\n|\n|upkeep\n|turn|3\n|\n|t:|1667861641\n|switch|p2a: Vanilluxe|Vanilluxe, F|100\/100\n|-weather|Hail|[from] ability: Snow Warning|[of] p2a: Vanilluxe\n|move|p1a: rotomwash|Nasty Plot|p1a: rotomwash\n|-boost|p1a: rotomwash|spa|2\n|\n|-weather|Hail|[upkeep]\n|-damage|p1a: rotomwash|94\/100|[from] Hail\n|-heal|p1a: rotomwash|100\/100|[from] item: Leftovers\n|upkeep\n|turn|4\n|\n|t:|1667861647\n|switch|p1a: Heatran|Heatran, M|100\/100\n|-damage|p1a: Heatran|88\/100|[from] Stealth Rock\n|-item|p1a: Heatran|Air Balloon\n|move|p2a: Vanilluxe|Freeze-Dry|p1a: Heatran\n|-resisted|p1a: Heatran\n|-damage|p1a: Heatran|77\/100\n|-enditem|p1a: Heatran|Air Balloon\n|\n|-weather|Hail|[upkeep]\n|-damage|p1a: Heatran|71\/100|[from] Hail\n|upkeep\n|turn|5\n|\n|t:|1667861652\n|switch|p2a: Hatterene|Hatterene, F|100\/100\n|move|p1a: Heatran|Stealth Rock|p2a: Hatterene\n|move|p2a: Hatterene|Stealth Rock||[from]ability: Magic Bounce|[still]\n|-fail|p2a: Hatterene\n|\n|-weather|Hail|[upkeep]\n|-damage|p1a: Heatran|65\/100|[from] Hail\n|-damage|p2a: Hatterene|95\/100|[from] Hail\n|-heal|p2a: Hatterene|100\/100|[from] item: Leftovers\n|upkeep\n|turn|6\n|\n|t:|1667861658\n|switch|p2a: Tornadus|Tornadus-Therian, M|100\/100\n|move|p1a: Heatran|Magma Storm|p2a: Tornadus\n|-damage|p2a: Tornadus|61\/100\n|-activate|p2a: Tornadus|move: Magma Storm|[of] p1a: Heatran\n|\n|-weather|Hail|[upkeep]\n|-damage|p2a: Tornadus|55\/100|[from] Hail\n|-damage|p1a: Heatran|58\/100|[from] Hail\n|-damage|p2a: Tornadus|43\/100|[from] move: Magma Storm|[partiallytrapped]\n|upkeep\n|turn|7\n|\n|t:|1667861662\n|move|p2a: Tornadus|U-turn|p1a: Heatran\n|-resisted|p1a: Heatran\n|-damage|p1a: Heatran|55\/100\n|\n|t:|1667861665\n|switch|p2a: Hatterene|Hatterene, F|100\/100|[from]move: U-turn\n|move|p1a: Heatran|Stealth Rock|p2a: Hatterene\n|move|p2a: Hatterene|Stealth Rock||[from]ability: Magic Bounce|[still]\n|-fail|p2a: Hatterene\n|\n|-weather|none\n|upkeep\n|turn|8\n|\n|t:|1667861669\n|move|p1a: Heatran|Magma Storm|p2a: Hatterene\n|-damage|p2a: Hatterene|45\/100\n|-activate|p2a: Hatterene|move: Magma Storm|[of] p1a: Heatran\n|move|p2a: Hatterene|Future Sight|p1a: Heatran\n|-start|p2a: Hatterene|move: Future Sight\n|\n|-heal|p2a: Hatterene|51\/100|[from] item: Leftovers\n|-damage|p2a: Hatterene|39\/100|[from] move: Magma Storm|[partiallytrapped]\n|upkeep\n|turn|9\n|\n|t:|1667861673\n|move|p1a: Heatran|Magma Storm|p2a: Hatterene|[miss]\n|-miss|p1a: Heatran|p2a: Hatterene\n|move|p2a: Hatterene|Calm Mind|p2a: Hatterene\n|-boost|p2a: Hatterene|spa|1\n|-boost|p2a: Hatterene|spd|1\n|\n|-heal|p2a: Hatterene|45\/100|[from] item: Leftovers\n|-damage|p2a: Hatterene|32\/100|[from] move: Magma Storm|[partiallytrapped]\n|upkeep\n|turn|10\n|\n|t:|1667861677\n|move|p1a: Heatran|Magma Storm|p2a: Hatterene\n|-damage|p2a: Hatterene|0 fnt\n|faint|p2a: Hatterene\n|\n|-end|p1a: Heatran|move: Future Sight\n|-resisted|p1a: Heatran\n|-damage|p1a: Heatran|27\/100\n|upkeep\n|\n|t:|1667861686\n|switch|p2a: Landorus|Landorus-Therian, M|100\/100\n|-ability|p2a: Landorus|Intimidate|boost\n|-unboost|p1a: Heatran|atk|1\n|turn|11\n|\n|t:|1667861688\n|move|p1a: Heatran|Magma Storm|p2a: Landorus|[miss]\n|-miss|p1a: Heatran|p2a: Landorus\n|move|p2a: Landorus|Earthquake|p1a: Heatran\n|-supereffective|p1a: Heatran\n|-damage|p1a: Heatran|0 fnt\n|faint|p1a: Heatran\n|\n|upkeep\n|\n|t:|1667861688\n|switch|p1a: rotomwash|Rotom-Wash|100\/100\n|-damage|p1a: rotomwash|88\/100|[from] Stealth Rock\n|turn|12\n|\n|t:|1667861691\n|move|p1a: rotomwash|Nasty Plot|p1a: rotomwash\n|-boost|p1a: rotomwash|spa|2\n|move|p2a: Landorus|U-turn|p1a: rotomwash\n|-damage|p1a: rotomwash|65\/100\n|\n|t:|1667861696\n|switch|p2a: Vanilluxe|Vanilluxe, F|100\/100|[from]move: U-turn\n|-weather|Hail|[from] ability: Snow Warning|[of] p2a: Vanilluxe\n|\n|-weather|Hail|[upkeep]\n|-damage|p1a: rotomwash|59\/100|[from] Hail\n|-heal|p1a: rotomwash|65\/100|[from] item: Leftovers\n|upkeep\n|turn|13\n|\n|t:|1667861697\n|move|p1a: rotomwash|Hydro Pump|p2a: Vanilluxe|[miss]\n|-miss|p1a: rotomwash|p2a: Vanilluxe\n|move|p2a: Vanilluxe|Freeze-Dry|p1a: rotomwash\n|-supereffective|p1a: rotomwash\n|-damage|p1a: rotomwash|0 fnt\n|faint|p1a: rotomwash\n|\n|-weather|Hail|[upkeep]\n|upkeep\n|\n|t:|1667861697\n|switch|p1a: Weavile|Weavile, M|100\/100\n|-damage|p1a: Weavile|76\/100|[from] Stealth Rock\n|-ability|p1a: Weavile|Pressure\n|turn|14\n|\n|t:|1667861700\n|switch|p2a: Heatran|Heatran, F|100\/100\n|move|p1a: Weavile|Knock Off|p2a: Heatran\n|-damage|p2a: Heatran|44\/100\n|-enditem|p2a: Heatran|Leftovers|[from] move: Knock Off|[of] p1a: Weavile\n|\n|-weather|Hail|[upkeep]\n|-damage|p2a: Heatran|37\/100|[from] Hail\n|upkeep\n|turn|15\n|\n|t:|1667861706\n|move|p1a: Weavile|Knock Off|p2a: Heatran\n|-damage|p2a: Heatran|4\/100\n|move|p2a: Heatran|Lava Plume|p1a: Weavile\n|-supereffective|p1a: Weavile\n|-damage|p1a: Weavile|0 fnt\n|faint|p1a: Weavile\n|\n|-weather|Hail|[upkeep]\n|-damage|p2a: Heatran|0 fnt|[from] Hail\n|faint|p2a: Heatran\n|upkeep\n|\n|t:|1667861711\n|switch|p1a: Melmetal|Melmetal|88\/100 brn\n|switch|p2a: Landorus|Landorus-Therian, M|100\/100\n|-ability|p2a: Landorus|Intimidate|boost\n|-unboost|p1a: Melmetal|atk|1\n|-damage|p1a: Melmetal|82\/100 brn|[from] Stealth Rock\n|turn|16\n|\n|t:|1667861715\n|move|p2a: Landorus|U-turn|p1a: Melmetal\n|-resisted|p1a: Melmetal\n|-damage|p1a: Melmetal|76\/100 brn\n|\n|t:|1667861717\n|switch|p2a: Tornadus|Tornadus-Therian, M|76\/100|[from]move: U-turn\n|move|p1a: Melmetal|Ice Punch|p2a: Tornadus\n|-supereffective|p2a: Tornadus\n|-damage|p2a: Tornadus|54\/100\n|\n|-weather|none\n|-damage|p1a: Melmetal|70\/100 brn|[from] brn\n|upkeep\n|turn|17\n|\n|t:|1667861722\n|move|p2a: Tornadus|U-turn|p1a: Melmetal\n|-resisted|p1a: Melmetal\n|-damage|p1a: Melmetal|66\/100 brn\n|\n|t:|1667861726\n|switch|p2a: Landorus|Landorus-Therian, M|100\/100|[from]move: U-turn\n|-ability|p2a: Landorus|Intimidate|boost\n|-unboost|p1a: Melmetal|atk|1\n|move|p1a: Melmetal|Double Iron Bash|p2a: Landorus\n|-damage|p2a: Landorus|91\/100\n|-damage|p2a: Landorus|81\/100\n|-hitcount|p2a: Landorus|2\n|\n|-heal|p2a: Landorus|87\/100|[from] item: Leftovers\n|-damage|p1a: Melmetal|59\/100 brn|[from] brn\n|upkeep\n|turn|18\n|\n|t:|1667861730\n|move|p2a: Landorus|U-turn|p1a: Melmetal\n|-resisted|p1a: Melmetal\n|-damage|p1a: Melmetal|53\/100 brn\n|\n|t:|1667861733\n|switch|p2a: Tornadus|Tornadus-Therian, M|87\/100|[from]move: U-turn\n|move|p1a: Melmetal|Double Iron Bash|p2a: Tornadus\n|-damage|p2a: Tornadus|76\/100\n|-damage|p2a: Tornadus|66\/100\n|-hitcount|p2a: Tornadus|2\n|\n|-damage|p1a: Melmetal|47\/100 brn|[from] brn\n|upkeep\n|turn|19\n|\n|t:|1667861738\n|move|p2a: Tornadus|U-turn|p1a: Melmetal\n|-resisted|p1a: Melmetal\n|-damage|p1a: Melmetal|42\/100 brn\n|\n|t:|1667861740\n|switch|p2a: Landorus|Landorus-Therian, M|87\/100|[from]move: U-turn\n|-ability|p2a: Landorus|Intimidate|boost\n|-unboost|p1a: Melmetal|atk|1\n|move|p1a: Melmetal|Double Iron Bash|p2a: Landorus\n|-damage|p2a: Landorus|79\/100\n|-damage|p2a: Landorus|70\/100\n|-hitcount|p2a: Landorus|2\n|\n|-heal|p2a: Landorus|76\/100|[from] item: Leftovers\n|-damage|p1a: Melmetal|36\/100 brn|[from] brn\n|upkeep\n|turn|20\n|\n|t:|1667861742\n|switch|p1a: landorustherian|Landorus-Therian, M|100\/100\n|-damage|p1a: landorustherian|88\/100|[from] Stealth Rock\n|-ability|p1a: landorustherian|Intimidate|boost\n|-unboost|p2a: Landorus|atk|1\n|move|p2a: Landorus|Earthquake|p1a: landorustherian\n|-immune|p1a: landorustherian\n|\n|-heal|p1a: landorustherian|94\/100|[from] item: Leftovers\n|-heal|p2a: Landorus|82\/100|[from] item: Leftovers\n|upkeep\n|turn|21\n|\n|t:|1667861745\n|move|p1a: landorustherian|Toxic|p2a: Landorus\n|-status|p2a: Landorus|tox\n|move|p2a: Landorus|U-turn|p1a: landorustherian\n|-resisted|p1a: landorustherian\n|-damage|p1a: landorustherian|87\/100\n|\n|t:|1667861747\n|switch|p2a: Vanilluxe|Vanilluxe, F|100\/100|[from]move: U-turn\n|-weather|Hail|[from] ability: Snow Warning|[of] p2a: Vanilluxe\n|\n|-weather|Hail|[upkeep]\n|-damage|p1a: landorustherian|81\/100|[from] Hail\n|-heal|p1a: landorustherian|87\/100|[from] item: Leftovers\n|upkeep\n|turn|22\n|\n|t:|1667861748\n|switch|p1a: Melmetal|Melmetal|36\/100 brn\n|-damage|p1a: Melmetal|30\/100 brn|[from] Stealth Rock\n|move|p2a: Vanilluxe|Blizzard|p1a: Melmetal\n|-resisted|p1a: Melmetal\n|-damage|p1a: Melmetal|14\/100 brn\n|\n|-weather|Hail|[upkeep]\n|-damage|p1a: Melmetal|8\/100 brn|[from] Hail\n|-damage|p1a: Melmetal|2\/100 brn|[from] brn\n|upkeep\n|turn|23\n|\n|t:|1667861751\n|move|p2a: Vanilluxe|Blizzard|p1a: Melmetal\n|-resisted|p1a: Melmetal\n|-damage|p1a: Melmetal|0 fnt\n|faint|p1a: Melmetal\n|\n|-weather|Hail|[upkeep]\n|upkeep\n|\n|t:|1667861751\n|switch|p1a: landorustherian|Landorus-Therian, M|87\/100\n|-damage|p1a: landorustherian|75\/100|[from] Stealth Rock\n|-ability|p1a: landorustherian|Intimidate|boost\n|-unboost|p2a: Vanilluxe|atk|1\n|turn|24\n|j| Jongruenwald\n|\n|t:|1667861753\n|move|p2a: Vanilluxe|Blizzard|p1a: landorustherian\n|-supereffective|p1a: landorustherian\n|-damage|p1a: landorustherian|0 fnt\n|faint|p1a: landorustherian\n|\n|-weather|Hail|[upkeep]\n|upkeep\n|\n|t:|1667861753\n|switch|p1a: Tangrowth|Tangrowth, M|100\/100\n|-damage|p1a: Tangrowth|88\/100|[from] Stealth Rock\n|turn|25\n|\n|t:|1667861754\n|move|p2a: Vanilluxe|Blizzard|p1a: Tangrowth\n|-supereffective|p1a: Tangrowth\n|-damage|p1a: Tangrowth|0 fnt\n|faint|p1a: Tangrowth\n|\n|win|BugCatcherWeevil\n|raw|minimax_ai's rating: 1738 &rarr; <strong>1719<\/strong><br \/>(-19 for losing)\n|raw|BugCatcherWeevil's rating: 1755 &rarr; <strong>1774<\/strong><br \/>(+19 for winning)\n|c|\u2606minimax_ai|gg\n","uploadtime":1667861756,"views":9,"p1id":"minimaxai","p2id":"bugcatcherweevil","formatid":"gen8ou","rating":1719,"private":0,"password":null}