{"id":"gen8ou-1270580710","p1":"Cattleya1","p2":"wsdfg","format":"gen8ou","log":"|html|<div class=\"broadcast-blue\"><strong>[Gen 8] OU is currently suspecting Spectrier! For information on how to participate check out the <a href=\"https:\/\/www.smogon.com\/forums\/threads\/np-ss-ou-suspect-process-round-9-old-town-road.3676744\/\">suspect thread<\/a>.<\/strong><\/div>\n|j|\u2606Cattleya1\n|j|\u2606wsdfg\n|t:|1611761906\n|player|p1|Cattleya1|caitlin|1800\n|player|p2|wsdfg|burglar|1706\n|teamsize|p1|6\n|teamsize|p2|6\n|gametype|singles\n|gen|8\n|tier|[Gen 8] OU\n|rated|\n|clearpoke\n|poke|p1|Zygarde-10%|\n|poke|p1|Corviknight, F|\n|poke|p1|Swampert, F|\n|poke|p1|Rillaboom, F|\n|poke|p1|Volcarona, F|\n|poke|p1|Kommo-o, F|\n|poke|p2|Blissey, F|\n|poke|p2|Dragapult, F|\n|poke|p2|Clefable, F|\n|poke|p2|Toxapex, M|\n|poke|p2|Garchomp, M|\n|poke|p2|Corviknight, M|\n|rule|Sleep Clause Mod: Limit one foe put to sleep\n|rule|Species Clause: Limit one of each Pok\u00e9mon\n|rule|OHKO Clause: OHKO moves are banned\n|rule|Evasion Moves Clause: Evasion moves are banned\n|rule|Endless Battle Clause: Forcing endless battles is banned\n|rule|HP Percentage Mod: HP is shown in percentages\n|rule|Dynamax Clause: You cannot dynamax\n|teampreview\n|inactive|Battle timer is ON: inactive players will automatically lose when time's up. (requested by Cattleya1)\n|\n|t:|1611761942\n|start\n|switch|p1a: Swampert|Swampert, F, shiny|100\/100\n|switch|p2a: Dragapult|Dragapult, F|100\/100\n|turn|1\n|\n|t:|1611761946\n|move|p2a: Dragapult|U-turn|p1a: Swampert\n|-damage|p1a: Swampert|83\/100\n|\n|t:|1611761948\n|switch|p2a: Corviknight|Corviknight, M|100\/100|[from]move: U-turn\n|-ability|p2a: Corviknight|Pressure\n|move|p1a: Swampert|Stealth Rock|p2a: Corviknight\n|-sidestart|p2: wsdfg|move: Stealth Rock\n|\n|-heal|p1a: Swampert|90\/100|[from] item: Leftovers\n|upkeep\n|turn|2\n|\n|t:|1611761950\n|move|p2a: Corviknight|Defog|p1a: Swampert\n|-unboost|p1a: Swampert|evasion|1\n|-sideend|p2: wsdfg|Stealth Rock|[from] move: Defog|[of] p2a: Corviknight\n|move|p1a: Swampert|Flip Turn|p2a: Corviknight\n|-damage|p2a: Corviknight|88\/100\n|-damage|p1a: Swampert|73\/100|[from] item: Rocky Helmet|[of] p2a: Corviknight\n|\n|t:|1611761953\n|switch|p1a: Zygarde|Zygarde-10%|100\/100|[from]move: Flip Turn\n|-ability|p1a: Zygarde|Aura Break\n|\n|upkeep\n|turn|3\n|\n|t:|1611761965\n|switch|p2a: Clefable|Clefable, F|100\/100\n|move|p1a: Zygarde|Thousand Arrows|p2a: Clefable\n|-damage|p2a: Clefable|56\/100\n|\n|upkeep\n|turn|4\n|\n|t:|1611761972\n|switch|p1a: Swampert|Swampert, F, shiny|73\/100\n|move|p2a: Clefable|Soft-Boiled|p2a: Clefable\n|-heal|p2a: Clefable|100\/100\n|\n|-heal|p1a: Swampert|79\/100|[from] item: Leftovers\n|upkeep\n|turn|5\n|\n|t:|1611761975\n|move|p2a: Clefable|Moonblast|p1a: Swampert\n|-damage|p1a: Swampert|52\/100\n|-unboost|p1a: Swampert|spa|1\n|move|p1a: Swampert|Stealth Rock|p2a: Clefable\n|-sidestart|p2: wsdfg|move: Stealth Rock\n|\n|-heal|p1a: Swampert|58\/100|[from] item: Leftovers\n|upkeep\n|turn|6\n|\n|t:|1611761980\n|switch|p2a: Corviknight|Corviknight, M|88\/100\n|-damage|p2a: Corviknight|75\/100|[from] Stealth Rock\n|-ability|p2a: Corviknight|Pressure\n|move|p1a: Swampert|Flip Turn|p2a: Corviknight\n|-damage|p2a: Corviknight|60\/100\n|-damage|p1a: Swampert|42\/100|[from] item: Rocky Helmet|[of] p2a: Corviknight\n|\n|t:|1611761984\n|switch|p1a: Volcarona|Volcarona, F, shiny|100\/100|[from]move: Flip Turn\n|\n|upkeep\n|turn|7\n|\n|t:|1611761993\n|switch|p1a: Kommo-o|Kommo-o, F, shiny|100\/100\n|switch|p2a: Toxapex|Toxapex, M|100\/100\n|-damage|p2a: Toxapex|88\/100|[from] Stealth Rock\n|\n|upkeep\n|turn|8\n|\n|t:|1611761997\n|move|p1a: Kommo-o|Substitute|p1a: Kommo-o\n|-start|p1a: Kommo-o|Substitute\n|-damage|p1a: Kommo-o|75\/100\n|move|p2a: Toxapex|Recover|p2a: Toxapex\n|-heal|p2a: Toxapex|100\/100\n|\n|upkeep\n|turn|9\n|\n|t:|1611762000\n|move|p1a: Kommo-o|Earthquake|p2a: Toxapex\n|-supereffective|p2a: Toxapex\n|-damage|p2a: Toxapex|59\/100\n|move|p2a: Toxapex|Haze|p2a: Toxapex\n|-clearallboost\n|\n|upkeep\n|turn|10\n|\n|t:|1611762011\n|switch|p2a: Garchomp|Garchomp, M|100\/100\n|-damage|p2a: Garchomp|94\/100|[from] Stealth Rock\n|move|p1a: Kommo-o|Earthquake|p2a: Garchomp\n|-damage|p2a: Garchomp|66\/100\n|\n|upkeep\n|turn|11\n|\n|t:|1611762018\n|switch|p1a: Corviknight|Corviknight, F, shiny|100\/100\n|-ability|p1a: Corviknight|Pressure\n|move|p2a: Garchomp|Scale Shot|p1a: Corviknight\n|-resisted|p1a: Corviknight\n|-damage|p1a: Corviknight|95\/100\n|-resisted|p1a: Corviknight\n|-damage|p1a: Corviknight|89\/100\n|-resisted|p1a: Corviknight\n|-damage|p1a: Corviknight|84\/100\n|-resisted|p1a: Corviknight\n|-damage|p1a: Corviknight|79\/100\n|-resisted|p1a: Corviknight\n|-damage|p1a: Corviknight|74\/100\n|-hitcount|p1a: Corviknight|5\n|-unboost|p2a: Garchomp|def|1\n|-boost|p2a: Garchomp|spe|1\n|-damage|p2a: Garchomp|56\/100|[from] item: Life Orb\n|\n|upkeep\n|turn|12\n|\n|t:|1611762021\n|switch|p2a: Corviknight|Corviknight, M|60\/100\n|-damage|p2a: Corviknight|48\/100|[from] Stealth Rock\n|-ability|p2a: Corviknight|Pressure\n|move|p1a: Corviknight|Brave Bird|p2a: Corviknight\n|-resisted|p2a: Corviknight\n|-damage|p2a: Corviknight|37\/100\n|-damage|p1a: Corviknight|57\/100|[from] item: Rocky Helmet|[of] p2a: Corviknight\n|-damage|p1a: Corviknight|54\/100|[from] Recoil\n|\n|upkeep\n|turn|13\n|j| Xuxa vegana\n|\n|t:|1611762024\n|switch|p1a: Volcarona|Volcarona, F, shiny|100\/100\n|move|p2a: Corviknight|Defog|p1a: Volcarona\n|-unboost|p1a: Volcarona|evasion|1\n|-sideend|p2: wsdfg|Stealth Rock|[from] move: Defog|[of] p2a: Corviknight\n|\n|upkeep\n|turn|14\n|\n|t:|1611762034\n|switch|p2a: Toxapex|Toxapex, M|92\/100\n|move|p1a: Volcarona|Fiery Dance|p2a: Toxapex\n|-resisted|p2a: Toxapex\n|-damage|p2a: Toxapex|73\/100\n|-boost|p1a: Volcarona|spa|1\n|\n|upkeep\n|turn|15\n|\n|t:|1611762038\n|move|p1a: Volcarona|Psychic|p2a: Toxapex\n|-supereffective|p2a: Toxapex\n|-damage|p2a: Toxapex|0 fnt\n|faint|p2a: Toxapex\n|\n|upkeep\n|\n|t:|1611762041\n|switch|p2a: Garchomp|Garchomp, M|56\/100\n|turn|16\n|\n|t:|1611762047\n|switch|p1a: Corviknight|Corviknight, F, shiny|54\/100\n|-ability|p1a: Corviknight|Pressure\n|move|p2a: Garchomp|Swords Dance|p2a: Garchomp\n|-boost|p2a: Garchomp|atk|2\n|\n|upkeep\n|turn|17\n|\n|t:|1611762050\n|move|p2a: Garchomp|Stone Edge|p1a: Corviknight|[miss]\n|-miss|p2a: Garchomp|p1a: Corviknight\n|move|p1a: Corviknight|Roost|p1a: Corviknight\n|-heal|p1a: Corviknight|100\/100\n|-singleturn|p1a: Corviknight|move: Roost\n|\n|upkeep\n|turn|18\n|\n|t:|1611762053\n|move|p2a: Garchomp|Stone Edge|p1a: Corviknight\n|-damage|p1a: Corviknight|51\/100\n|-damage|p2a: Garchomp|46\/100|[from] item: Life Orb\n|move|p1a: Corviknight|Brave Bird|p2a: Garchomp\n|-damage|p2a: Garchomp|8\/100\n|-damage|p1a: Corviknight|38\/100|[from] ability: Rough Skin|[of] p2a: Garchomp\n|-damage|p1a: Corviknight|27\/100|[from] Recoil\n|\n|upkeep\n|turn|19\n|\n|t:|1611762057\n|move|p2a: Garchomp|Scale Shot|p1a: Corviknight\n|-resisted|p1a: Corviknight\n|-damage|p1a: Corviknight|17\/100\n|-resisted|p1a: Corviknight\n|-damage|p1a: Corviknight|8\/100\n|-resisted|p1a: Corviknight\n|-damage|p1a: Corviknight|0 fnt\n|-hitcount|p1a: Corviknight|3\n|-unboost|p2a: Garchomp|def|1\n|-boost|p2a: Garchomp|spe|1\n|-damage|p2a: Garchomp|0 fnt|[from] item: Life Orb\n|faint|p1a: Corviknight\n|faint|p2a: Garchomp\n|\n|upkeep\n|\n|t:|1611762061\n|switch|p2a: Dragapult|Dragapult, F|100\/100\n|switch|p1a: Swampert|Swampert, F, shiny|42\/100\n|turn|20\n|\n|t:|1611762063\n|move|p2a: Dragapult|Draco Meteor|p1a: Swampert|[miss]\n|-miss|p2a: Dragapult|p1a: Swampert\n|move|p1a: Swampert|Stealth Rock|p2a: Dragapult\n|-sidestart|p2: wsdfg|move: Stealth Rock\n|\n|-heal|p1a: Swampert|48\/100|[from] item: Leftovers\n|upkeep\n|turn|21\n|\n|t:|1611762066\n|move|p2a: Dragapult|Draco Meteor|p1a: Swampert\n|-damage|p1a: Swampert|10\/100\n|-unboost|p2a: Dragapult|spa|2\n|move|p1a: Swampert|Flip Turn|p2a: Dragapult\n|-resisted|p2a: Dragapult\n|-damage|p2a: Dragapult|86\/100\n|\n|t:|1611762067\n|switch|p1a: Volcarona|Volcarona, F, shiny|100\/100|[from]move: Flip Turn\n|\n|upkeep\n|turn|22\n|\n|t:|1611762069\n|move|p2a: Dragapult|Thunder Wave|p1a: Volcarona\n|-status|p1a: Volcarona|par\n|cant|p1a: Volcarona|par\n|\n|upkeep\n|turn|23\n|\n|t:|1611762074\n|switch|p2a: Clefable|Clefable, F|100\/100\n|move|p1a: Volcarona|Quiver Dance|p1a: Volcarona\n|-boost|p1a: Volcarona|spa|1\n|-boost|p1a: Volcarona|spd|1\n|-boost|p1a: Volcarona|spe|1\n|\n|upkeep\n|turn|24\n|\n|t:|1611762075\n|cant|p1a: Volcarona|par\n|move|p2a: Clefable|Calm Mind|p2a: Clefable\n|-boost|p2a: Clefable|spa|1\n|-boost|p2a: Clefable|spd|1\n|\n|upkeep\n|turn|25\n|\n|t:|1611762080\n|switch|p1a: Rillaboom|Rillaboom, F, shiny|100\/100\n|-fieldstart|move: Grassy Terrain|[from] ability: Grassy Surge|[of] p1a: Rillaboom\n|move|p2a: Clefable|Calm Mind|p2a: Clefable\n|-boost|p2a: Clefable|spa|1\n|-boost|p2a: Clefable|spd|1\n|\n|upkeep\n|turn|26\n|\n|t:|1611762083\n|move|p1a: Rillaboom|Swords Dance|p1a: Rillaboom\n|-boost|p1a: Rillaboom|atk|2\n|move|p2a: Clefable|Moonblast|p1a: Rillaboom\n|-damage|p1a: Rillaboom|0 fnt\n|faint|p1a: Rillaboom\n|\n|upkeep\n|\n|t:|1611762088\n|switch|p1a: Zygarde|Zygarde-10%|100\/100\n|-ability|p1a: Zygarde|Aura Break\n|turn|27\n|\n|t:|1611762090\n|move|p1a: Zygarde|Iron Tail|p2a: Clefable\n|-supereffective|p2a: Clefable\n|-damage|p2a: Clefable|28\/100\n|move|p2a: Clefable|Moonblast|p1a: Zygarde\n|-supereffective|p1a: Zygarde\n|-damage|p1a: Zygarde|0 fnt\n|faint|p1a: Zygarde\n|\n|-heal|p2a: Clefable|35\/100|[from] Grassy Terrain\n|upkeep\n|\n|t:|1611762095\n|switch|p1a: Volcarona|Volcarona, F, shiny|100\/100 par\n|turn|28\n|\n|t:|1611762096\n|move|p2a: Clefable|Soft-Boiled|p2a: Clefable\n|-heal|p2a: Clefable|85\/100\n|move|p1a: Volcarona|Quiver Dance|p1a: Volcarona\n|-boost|p1a: Volcarona|spa|1\n|-boost|p1a: Volcarona|spd|1\n|-boost|p1a: Volcarona|spe|1\n|\n|-heal|p2a: Clefable|91\/100|[from] Grassy Terrain\n|upkeep\n|turn|29\n|\n|t:|1611762098\n|cant|p1a: Volcarona|par\n|move|p2a: Clefable|Calm Mind|p2a: Clefable\n|-boost|p2a: Clefable|spa|1\n|-boost|p2a: Clefable|spd|1\n|\n|-heal|p2a: Clefable|97\/100|[from] Grassy Terrain\n|-fieldend|move: Grassy Terrain\n|upkeep\n|turn|30\n|\n|t:|1611762100\n|move|p1a: Volcarona|Quiver Dance|p1a: Volcarona\n|-boost|p1a: Volcarona|spa|1\n|-boost|p1a: Volcarona|spd|1\n|-boost|p1a: Volcarona|spe|1\n|move|p2a: Clefable|Calm Mind|p2a: Clefable\n|-boost|p2a: Clefable|spa|1\n|-boost|p2a: Clefable|spd|1\n|\n|upkeep\n|turn|31\n|\n|t:|1611762101\n|move|p1a: Volcarona|Quiver Dance|p1a: Volcarona\n|-boost|p1a: Volcarona|spa|1\n|-boost|p1a: Volcarona|spd|1\n|-boost|p1a: Volcarona|spe|1\n|move|p2a: Clefable|Calm Mind|p2a: Clefable\n|-boost|p2a: Clefable|spa|1\n|-boost|p2a: Clefable|spd|1\n|\n|upkeep\n|turn|32\n|\n|t:|1611762103\n|move|p1a: Volcarona|Quiver Dance|p1a: Volcarona\n|-boost|p1a: Volcarona|spa|1\n|-boost|p1a: Volcarona|spd|1\n|-boost|p1a: Volcarona|spe|1\n|move|p2a: Clefable|Calm Mind|p2a: Clefable\n|-boost|p2a: Clefable|spa|1\n|-boost|p2a: Clefable|spd|1\n|\n|upkeep\n|turn|33\n|\n|t:|1611762104\n|cant|p1a: Volcarona|par\n|move|p2a: Clefable|Thunderbolt|p1a: Volcarona\n|-damage|p1a: Volcarona|65\/100 par\n|\n|upkeep\n|turn|34\n|\n|t:|1611762106\n|move|p1a: Volcarona|Giga Drain|p2a: Clefable\n|-damage|p2a: Clefable|77\/100\n|-heal|p1a: Volcarona|77\/100 par|[from] drain|[of] p2a: Clefable\n|move|p2a: Clefable|Thunderbolt|p1a: Volcarona\n|-damage|p1a: Volcarona|41\/100 par\n|\n|upkeep\n|turn|35\n|\n|t:|1611762109\n|move|p1a: Volcarona|Giga Drain|p2a: Clefable\n|-damage|p2a: Clefable|58\/100\n|-heal|p1a: Volcarona|54\/100 par|[from] drain|[of] p2a: Clefable\n|move|p2a: Clefable|Thunderbolt|p1a: Volcarona\n|-damage|p1a: Volcarona|19\/100 par\n|\n|upkeep\n|turn|36\n|\n|t:|1611762114\n|move|p1a: Volcarona|Fiery Dance|p2a: Clefable\n|-damage|p2a: Clefable|21\/100\n|-boost|p1a: Volcarona|spa|1\n|move|p2a: Clefable|Soft-Boiled|p2a: Clefable\n|-heal|p2a: Clefable|71\/100\n|\n|upkeep\n|turn|37\n|\n|t:|1611762118\n|move|p1a: Volcarona|Fiery Dance|p2a: Clefable\n|-damage|p2a: Clefable|29\/100\n|move|p2a: Clefable|Thunderbolt|p1a: Volcarona\n|-damage|p1a: Volcarona|0 fnt\n|faint|p1a: Volcarona\n|\n|upkeep\n|\n|t:|1611762120\n|switch|p1a: Kommo-o|Kommo-o, F, shiny|75\/100\n|turn|38\n|\n|t:|1611762125\n|move|p1a: Kommo-o|Earthquake|p2a: Clefable\n|-damage|p2a: Clefable|6\/100\n|move|p2a: Clefable|Moonblast|p1a: Kommo-o\n|-supereffective|p1a: Kommo-o\n|-damage|p1a: Kommo-o|0 fnt\n|faint|p1a: Kommo-o\n|\n|upkeep\n|\n|t:|1611762126\n|switch|p1a: Swampert|Swampert, F, shiny|10\/100\n|turn|39\n|j| air isn't fair\n|j| KingStripe\n|\n|t:|1611762128\n|move|p2a: Clefable|Moonblast|p1a: Swampert\n|-damage|p1a: Swampert|0 fnt\n|faint|p1a: Swampert\n|\n|win|wsdfg\n|l| KingStripe\n|l|\u2606wsdfg\n|l|\u2606Cattleya1\n||Ladder (probably) updated, but score could not be retrieved (Request timeout).\n","uploadtime":1611762315,"views":20,"p1id":"cattleya1","p2id":"wsdfg","formatid":"gen8ou","rating":0,"private":0,"password":null}