{"id":"gen8ou-1642916865","p1":"d18l","p2":"LT93OQ Iznamakin","format":"gen8ou","log":"|j|\u2606d18l\n|j|\u2606LT93OQ Iznamakin\n|t:|1660875656\n|gametype|singles\n|player|p1|d18l|backpacker|1732\n|player|p2|LT93OQ Iznamakin|chase|1628\n|teamsize|p1|6\n|teamsize|p2|6\n|gen|8\n|tier|[Gen 8] OU\n|rated|\n|rule|Sleep Clause Mod: Limit one foe put to sleep\n|rule|Species Clause: Limit one of each Pok\u00e9mon\n|rule|OHKO Clause: OHKO moves are banned\n|rule|Evasion Items Clause: Evasion items are banned\n|rule|Evasion Moves Clause: Evasion moves are banned\n|rule|Endless Battle Clause: Forcing endless battles is banned\n|rule|HP Percentage Mod: HP is shown in percentages\n|rule|Dynamax Clause: You cannot dynamax\n|clearpoke\n|poke|p1|Tapu Koko|\n|poke|p1|Victini|\n|poke|p1|Landorus-Therian, M|\n|poke|p1|Tornadus-Therian, M|\n|poke|p1|Rotom-Wash|\n|poke|p1|Ferrothorn, M|\n|poke|p2|Tyranitar, M|\n|poke|p2|Tornadus-Therian, M|\n|poke|p2|Ferrothorn, M|\n|poke|p2|Landorus-Therian, M|\n|poke|p2|Dragapult, M|\n|poke|p2|Slowking, M|\n|teampreview\n|inactive|Battle timer is ON: inactive players will automatically lose when time's up. (requested by LT93OQ Iznamakin)\n|\n|t:|1660875682\n|start\n|switch|p1a: Tornadus|Tornadus-Therian, M|100\/100\n|switch|p2a: Landorus|Landorus-Therian, M|100\/100\n|-ability|p2a: Landorus|Intimidate|boost\n|-unboost|p1a: Tornadus|atk|1\n|turn|1\n|\n|t:|1660875689\n|move|p1a: Tornadus|U-turn|p2a: Landorus\n|-resisted|p2a: Landorus\n|-damage|p2a: Landorus|96\/100\n|\n|t:|1660875692\n|switch|p1a: Rotom|Rotom-Wash|100\/100|[from]move: U-turn\n|move|p2a: Landorus|Toxic|p1a: Rotom\n|-status|p1a: Rotom|tox\n|\n|-heal|p2a: Landorus|100\/100|[from] item: Leftovers\n|-damage|p1a: Rotom|95\/100 tox|[from] psn\n|upkeep\n|turn|2\n|\n|t:|1660875697\n|switch|p2a: Slowking|Slowking, M|100\/100\n|move|p1a: Rotom|Will-O-Wisp|p2a: Slowking\n|-status|p2a: Slowking|brn\n|\n|-damage|p1a: Rotom|83\/100 tox|[from] psn\n|-damage|p2a: Slowking|94\/100 brn|[from] brn\n|upkeep\n|turn|3\n|\n|t:|1660875701\n|move|p1a: Rotom|Volt Switch|p2a: Slowking\n|-supereffective|p2a: Slowking\n|-damage|p2a: Slowking|67\/100 brn\n|\n|t:|1660875705\n|switch|p1a: Ferrothorn|Ferrothorn, M|100\/100|[from]move: Volt Switch\n|move|p2a: Slowking|Teleport|p2a: Slowking\n|\n|t:|1660875708\n|switch|p2a: Dragapult|Dragapult, M|100\/100|[from]move: Teleport\n|\n|upkeep\n|turn|4\n|\n|t:|1660875711\n|switch|p1a: Tornadus|Tornadus-Therian, M|100\/100\n|move|p2a: Dragapult|Flamethrower|p1a: Tornadus\n|-damage|p1a: Tornadus|74\/100\n|\n|upkeep\n|turn|5\n|\n|t:|1660875717\n|switch|p2a: Landorus|Landorus-Therian, M|100\/100\n|-ability|p2a: Landorus|Intimidate|boost\n|-unboost|p1a: Tornadus|atk|1\n|move|p1a: Tornadus|Knock Off|p2a: Landorus\n|-damage|p2a: Landorus|88\/100\n|-enditem|p2a: Landorus|Leftovers|[from] move: Knock Off|[of] p1a: Tornadus\n|\n|upkeep\n|turn|6\n|\n|t:|1660875722\n|move|p1a: Tornadus|U-turn|p2a: Landorus\n|-resisted|p2a: Landorus\n|-damage|p2a: Landorus|83\/100\n|\n|t:|1660875725\n|switch|p1a: Ferrothorn|Ferrothorn, M|100\/100|[from]move: U-turn\n|move|p2a: Landorus|Stealth Rock|p1a: Ferrothorn\n|-sidestart|p1: d18l|move: Stealth Rock\n|\n|upkeep\n|turn|7\n|\n|t:|1660875727\n|switch|p2a: Slowking|Slowking, M|99\/100 brn\n|move|p1a: Ferrothorn|Stealth Rock|p2a: Slowking\n|-sidestart|p2: LT93OQ Iznamakin|move: Stealth Rock\n|\n|-damage|p2a: Slowking|94\/100 brn|[from] brn\n|upkeep\n|turn|8\n|j| Bombrilho\n|\n|t:|1660875736\n|switch|p1a: Tornadus|Tornadus-Therian, M|100\/100\n|-damage|p1a: Tornadus|76\/100|[from] Stealth Rock\n|move|p2a: Slowking|Future Sight|p1a: Tornadus\n|-start|p2a: Slowking|move: Future Sight\n|\n|-damage|p2a: Slowking|88\/100 brn|[from] brn\n|upkeep\n|turn|9\n|\n|t:|1660875742\n|move|p1a: Tornadus|Knock Off|p2a: Slowking\n|-supereffective|p2a: Slowking\n|-damage|p2a: Slowking|46\/100 brn\n|-enditem|p2a: Slowking|Heavy-Duty Boots|[from] move: Knock Off|[of] p1a: Tornadus\n|move|p2a: Slowking|Teleport|p2a: Slowking\n|\n|t:|1660875746\n|switch|p2a: Tornadus|Tornadus-Therian, M, shiny|100\/100|[from]move: Teleport\n|\n|upkeep\n|turn|10\n|\n|t:|1660875758\n|switch|p1a: Rotom|Rotom-Wash|83\/100 tox\n|-damage|p1a: Rotom|70\/100 tox|[from] Stealth Rock\n|move|p2a: Tornadus|Knock Off|p1a: Rotom\n|-damage|p1a: Rotom|52\/100 tox\n|-damage|p2a: Tornadus|84\/100|[from] item: Rocky Helmet|[of] p1a: Rotom\n|-enditem|p1a: Rotom|Rocky Helmet|[from] move: Knock Off|[of] p2a: Tornadus\n|\n|-end|p1a: Rotom|move: Future Sight\n|-damage|p1a: Rotom|12\/100 tox\n|-damage|p1a: Rotom|6\/100 tox|[from] psn\n|upkeep\n|turn|11\n|\n|t:|1660875770\n|move|p2a: Tornadus|Knock Off|p1a: Rotom\n|-damage|p1a: Rotom|0 fnt\n|faint|p1a: Rotom\n|\n|upkeep\n|\n|t:|1660875779\n|switch|p1a: Landorus|Landorus-Therian, M|100\/100\n|-damage|p1a: Landorus|88\/100|[from] Stealth Rock\n|-ability|p1a: Landorus|Intimidate|boost\n|-unboost|p2a: Tornadus|atk|1\n|turn|12\n|\n|t:|1660875784\n|move|p2a: Tornadus|Knock Off|p1a: Landorus\n|-damage|p1a: Landorus|76\/100\n|-enditem|p1a: Landorus|Leftovers|[from] move: Knock Off|[of] p2a: Tornadus\n|move|p1a: Landorus|Toxic|p2a: Tornadus\n|-status|p2a: Tornadus|tox\n|\n|-damage|p2a: Tornadus|78\/100 tox|[from] psn\n|upkeep\n|turn|13\n|\n|t:|1660875788\n|move|p2a: Tornadus|Hurricane|p1a: Landorus\n|-damage|p1a: Landorus|42\/100\n|move|p1a: Landorus|U-turn|p2a: Tornadus\n|-resisted|p2a: Tornadus\n|-damage|p2a: Tornadus|67\/100 tox\n|\n|t:|1660875794\n|switch|p1a: Tapu Koko|Tapu Koko|100\/100|[from]move: U-turn\n|-damage|p1a: Tapu Koko|88\/100|[from] Stealth Rock\n|-fieldstart|move: Electric Terrain|[from] ability: Electric Surge|[of] p1a: Tapu Koko\n|\n|-damage|p2a: Tornadus|55\/100 tox|[from] psn\n|upkeep\n|turn|14\n|\n|t:|1660875799\n|switch|p2a: Ferrothorn|Ferrothorn, M|100\/100\n|-damage|p2a: Ferrothorn|94\/100|[from] Stealth Rock\n|move|p1a: Tapu Koko|Volt Switch|p2a: Ferrothorn\n|-resisted|p2a: Ferrothorn\n|-damage|p2a: Ferrothorn|71\/100\n|\n|t:|1660875802\n|switch|p1a: Victini|Victini|100\/100|[from]move: Volt Switch\n|\n|-heal|p2a: Ferrothorn|77\/100|[from] item: Leftovers\n|upkeep\n|turn|15\n|l| Bombrilho\n|\n|t:|1660875827\n|switch|p2a: Landorus|Landorus-Therian, M|83\/100\n|-damage|p2a: Landorus|70\/100|[from] Stealth Rock\n|-ability|p2a: Landorus|Intimidate|boost\n|-unboost|p1a: Victini|atk|1\n|move|p1a: Victini|V-create|p2a: Landorus\n|-damage|p2a: Landorus|18\/100\n|-unboost|p1a: Victini|spe|1\n|-unboost|p1a: Victini|def|1\n|-unboost|p1a: Victini|spd|1\n|\n|upkeep\n|turn|16\n|\n|t:|1660875848\n|switch|p1a: Landorus|Landorus-Therian, M|42\/100\n|-damage|p1a: Landorus|29\/100|[from] Stealth Rock\n|-ability|p1a: Landorus|Intimidate|boost\n|-unboost|p2a: Landorus|atk|1\n|switch|p2a: Dragapult|Dragapult, M|100\/100\n|-damage|p2a: Dragapult|88\/100|[from] Stealth Rock\n|\n|upkeep\n|turn|17\n|\n|t:|1660875854\n|switch|p1a: Tornadus|Tornadus-Therian, M|100\/100\n|-damage|p1a: Tornadus|76\/100|[from] Stealth Rock\n|move|p2a: Dragapult|Shadow Ball|p1a: Tornadus\n|-damage|p1a: Tornadus|42\/100\n|\n|-fieldend|move: Electric Terrain\n|upkeep\n|turn|18\n|\n|t:|1660875862\n|switch|p2a: Ferrothorn|Ferrothorn, M|77\/100\n|-damage|p2a: Ferrothorn|71\/100|[from] Stealth Rock\n|move|p1a: Tornadus|Knock Off|p2a: Ferrothorn\n|-damage|p2a: Ferrothorn|60\/100\n|-damage|p1a: Tornadus|29\/100|[from] ability: Iron Barbs|[of] p2a: Ferrothorn\n|-enditem|p2a: Ferrothorn|Leftovers|[from] move: Knock Off|[of] p1a: Tornadus\n|\n|upkeep\n|turn|19\n|\n|t:|1660875868\n|move|p1a: Tornadus|Heat Wave|p2a: Ferrothorn|[miss]\n|-miss|p1a: Tornadus|p2a: Ferrothorn\n|move|p2a: Ferrothorn|Spikes|p1a: Tornadus\n|-sidestart|p1: d18l|Spikes\n|\n|upkeep\n|turn|20\n|\n|t:|1660875873\n|switch|p2a: Tornadus|Tornadus-Therian, M, shiny|88\/100 tox\n|move|p1a: Tornadus|Heat Wave|p2a: Tornadus\n|-damage|p2a: Tornadus|65\/100 tox\n|\n|-damage|p2a: Tornadus|59\/100 tox|[from] psn\n|upkeep\n|turn|21\n|\n|t:|1660875888\n|switch|p1a: Tapu Koko|Tapu Koko|88\/100\n|-damage|p1a: Tapu Koko|76\/100|[from] Stealth Rock\n|-damage|p1a: Tapu Koko|63\/100|[from] Spikes\n|-fieldstart|move: Electric Terrain|[from] ability: Electric Surge|[of] p1a: Tapu Koko\n|move|p2a: Tornadus|U-turn|p1a: Tapu Koko\n|-resisted|p1a: Tapu Koko\n|-damage|p1a: Tapu Koko|52\/100\n|\n|t:|1660875893\n|switch|p2a: Dragapult|Dragapult, M|88\/100|[from]move: U-turn\n|-damage|p2a: Dragapult|76\/100|[from] Stealth Rock\n|\n|upkeep\n|turn|22\n|\n|t:|1660875904\n|switch|p1a: Landorus|Landorus-Therian, M|29\/100\n|-damage|p1a: Landorus|17\/100|[from] Stealth Rock\n|-ability|p1a: Landorus|Intimidate|boost\n|-unboost|p2a: Dragapult|atk|1\n|move|p2a: Dragapult|Shadow Ball|p1a: Landorus\n|-damage|p1a: Landorus|0 fnt\n|faint|p1a: Landorus\n|\n|upkeep\n|\n|t:|1660875905\n|switch|p1a: Tornadus|Tornadus-Therian, M|62\/100\n|-damage|p1a: Tornadus|38\/100|[from] Stealth Rock\n|turn|23\n|\n|t:|1660875909\n|switch|p2a: Ferrothorn|Ferrothorn, M|60\/100\n|-damage|p2a: Ferrothorn|54\/100|[from] Stealth Rock\n|move|p1a: Tornadus|Knock Off|p2a: Ferrothorn\n|-damage|p2a: Ferrothorn|47\/100\n|-damage|p1a: Tornadus|25\/100|[from] ability: Iron Barbs|[of] p2a: Ferrothorn\n|\n|upkeep\n|turn|24\n|\n|t:|1660875916\n|switch|p2a: Tornadus|Tornadus-Therian, M, shiny|92\/100 tox\n|move|p1a: Tornadus|Heat Wave|p2a: Tornadus\n|-damage|p2a: Tornadus|66\/100 tox\n|\n|-damage|p2a: Tornadus|60\/100 tox|[from] psn\n|upkeep\n|turn|25\n|\n|t:|1660875924\n|switch|p1a: Victini|Victini|100\/100\n|move|p2a: Tornadus|U-turn|p1a: Victini\n|-damage|p1a: Victini|85\/100\n|\n|t:|1660875929\n|switch|p2a: Dragapult|Dragapult, M|76\/100|[from]move: U-turn\n|-damage|p2a: Dragapult|64\/100|[from] Stealth Rock\n|\n|-fieldend|move: Electric Terrain\n|upkeep\n|turn|26\n|-message|d18l forfeited.\n|\n|win|LT93OQ Iznamakin\n|raw|d18l's rating: 1732 &rarr; <strong>1706<\/strong><br \/>(-26 for losing)\n|raw|LT93OQ Iznamakin's rating: 1628 &rarr; <strong>1654<\/strong><br \/>(+26 for winning)\n|l|\u2606LT93OQ Iznamakin\n","uploadtime":1660875937,"views":29,"p1id":"d18l","p2id":"lt93oqiznamakin","formatid":"gen8ou","rating":1654,"private":0,"password":null}