{"id":"gen8ou-1555435825","p1":"Colonel Rivai","p2":"A3720","format":"gen8ou","log":"|j|\u2606Colonel Rivai\n|j|\u2606A3720\n|t:|1650216998\n|gametype|singles\n|player|p1|Colonel Rivai|102|1645\n|player|p2|A3720|265|1702\n|teamsize|p1|6\n|teamsize|p2|6\n|gen|8\n|tier|[Gen 8] OU\n|rated|\n|rule|Sleep Clause Mod: Limit one foe put to sleep\n|rule|Species Clause: Limit one of each Pok\u00e9mon\n|rule|OHKO Clause: OHKO moves are banned\n|rule|Evasion Moves Clause: Evasion moves are banned\n|rule|Endless Battle Clause: Forcing endless battles is banned\n|rule|HP Percentage Mod: HP is shown in percentages\n|rule|Dynamax Clause: You cannot dynamax\n|clearpoke\n|poke|p1|Glastrier|\n|poke|p1|Tapu Fini|\n|poke|p1|Ferrothorn, M|\n|poke|p1|Krookodile, F|\n|poke|p1|Zapdos|\n|poke|p1|Victini|\n|poke|p2|Silvally-*|\n|poke|p2|Rillaboom, F|\n|poke|p2|Magnezone|\n|poke|p2|Tyranitar, F|\n|poke|p2|Dracozolt|\n|poke|p2|Tentacruel, F|\n|teampreview\n|\n|t:|1650217017\n|start\n|switch|p1a: Hellcat|Victini|100\/100\n|switch|p2a: Rillaboom|Rillaboom, F|100\/100\n|-fieldstart|move: Grassy Terrain|[from] ability: Grassy Surge|[of] p2a: Rillaboom\n|turn|1\n|inactive|Battle timer is ON: inactive players will automatically lose when time's up. (requested by Colonel Rivai)\n|\n|t:|1650217023\n|switch|p2a: Tentacruel|Tentacruel, F|100\/100\n|move|p1a: Hellcat|U-turn|p2a: Tentacruel\n|-resisted|p2a: Tentacruel\n|-crit|p2a: Tentacruel\n|-damage|p2a: Tentacruel|87\/100\n|\n|t:|1650217029\n|switch|p1a: Tesla|Zapdos|100\/100|[from]move: U-turn\n|\n|-heal|p2a: Tentacruel|93\/100|[from] Grassy Terrain\n|-heal|p2a: Tentacruel|99\/100|[from] item: Black Sludge\n|upkeep\n|turn|2\n|\n|t:|1650217038\n|switch|p2a: Tyranitar|Tyranitar, F|100\/100\n|-weather|Sandstorm|[from] ability: Sand Stream|[of] p2a: Tyranitar\n|move|p1a: Tesla|Volt Switch|p2a: Tyranitar\n|-damage|p2a: Tyranitar|87\/100\n|\n|t:|1650217046\n|switch|p1a: Panamera|Glastrier|100\/100|[from]move: Volt Switch\n|\n|-weather|Sandstorm|[upkeep]\n|-damage|p1a: Panamera|94\/100|[from] Sandstorm\n|-heal|p2a: Tyranitar|93\/100|[from] Grassy Terrain\n|-heal|p1a: Panamera|100\/100|[from] Grassy Terrain\n|upkeep\n|turn|3\n|inactive|A3720 has 120 seconds left.\n|\n|t:|1650217079\n|switch|p2a: Tentacruel|Tentacruel, F|99\/100\n|move|p1a: Panamera|Close Combat|p2a: Tentacruel\n|-resisted|p2a: Tentacruel\n|-crit|p2a: Tentacruel\n|-damage|p2a: Tentacruel|48\/100\n|-unboost|p1a: Panamera|def|1\n|-unboost|p1a: Panamera|spd|1\n|\n|-weather|Sandstorm|[upkeep]\n|-damage|p2a: Tentacruel|42\/100|[from] Sandstorm\n|-damage|p1a: Panamera|94\/100|[from] Sandstorm\n|-heal|p2a: Tentacruel|48\/100|[from] Grassy Terrain\n|-heal|p2a: Tentacruel|54\/100|[from] item: Black Sludge\n|-heal|p1a: Panamera|100\/100|[from] Grassy Terrain\n|upkeep\n|turn|4\n|\n|t:|1650217089\n|switch|p1a: F-150|Ferrothorn, M|100\/100\n|move|p2a: Tentacruel|Knock Off|p1a: F-150\n|-damage|p1a: F-150|91\/100\n|-damage|p2a: Tentacruel|42\/100|[from] ability: Iron Barbs|[of] p1a: F-150\n|-damage|p2a: Tentacruel|25\/100|[from] item: Rocky Helmet|[of] p1a: F-150\n|-enditem|p1a: F-150|Rocky Helmet|[from] move: Knock Off|[of] p2a: Tentacruel\n|\n|-weather|Sandstorm|[upkeep]\n|-damage|p2a: Tentacruel|19\/100|[from] Sandstorm\n|-heal|p2a: Tentacruel|25\/100|[from] Grassy Terrain\n|-heal|p2a: Tentacruel|31\/100|[from] item: Black Sludge\n|-heal|p1a: F-150|98\/100|[from] Grassy Terrain\n|upkeep\n|turn|5\n|inactive|A3720 has 120 seconds left.\n|\n|t:|1650217114\n|switch|p2a: Magnezone|Magnezone|100\/100\n|switch|p1a: Hellcat|Victini|100\/100\n|\n|-weather|Sandstorm|[upkeep]\n|-damage|p1a: Hellcat|94\/100|[from] Sandstorm\n|-heal|p1a: Hellcat|100\/100|[from] Grassy Terrain\n|-fieldend|move: Grassy Terrain\n|upkeep\n|turn|6\n|\n|t:|1650217118\n|switch|p2a: Tentacruel|Tentacruel, F|31\/100\n|move|p1a: Hellcat|V-create|p2a: Tentacruel\n|-resisted|p2a: Tentacruel\n|-damage|p2a: Tentacruel|0 fnt\n|-unboost|p1a: Hellcat|spe|1\n|-unboost|p1a: Hellcat|def|1\n|-unboost|p1a: Hellcat|spd|1\n|faint|p2a: Tentacruel\n|\n|-weather|Sandstorm|[upkeep]\n|-damage|p1a: Hellcat|94\/100|[from] Sandstorm\n|upkeep\n|\n|t:|1650217122\n|switch|p2a: Silvally|Silvally-Rock|100\/100\n|turn|7\n|\n|t:|1650217132\n|switch|p1a: Charger|Krookodile, F|100\/100\n|move|p2a: Silvally|Swords Dance|p2a: Silvally\n|-boost|p2a: Silvally|atk|2\n|\n|-weather|Sandstorm|[upkeep]\n|upkeep\n|turn|8\n|\n|t:|1650217135\n|move|p1a: Charger|Earthquake|p2a: Silvally\n|-supereffective|p2a: Silvally\n|-damage|p2a: Silvally|1\/100\n|move|p2a: Silvally|Ice Fang|p1a: Charger\n|-supereffective|p1a: Charger\n|-damage|p1a: Charger|14\/100\n|-status|p1a: Charger|frz\n|\n|-weather|Sandstorm|[upkeep]\n|upkeep\n|turn|9\n|inactive|A3720 has 120 seconds left.\n|\n|t:|1650217169\n|cant|p1a: Charger|frz\n|move|p2a: Silvally|Flame Charge|p1a: Charger\n|-damage|p1a: Charger|0 fnt\n|-boost|p2a: Silvally|spe|1\n|faint|p1a: Charger\n|\n|-weather|none\n|upkeep\n|\n|t:|1650217181\n|switch|p1a: Tesla|Zapdos|100\/100\n|turn|10\n|\n|t:|1650217184\n|move|p2a: Silvally|Multi-Attack|p1a: Tesla\n|-supereffective|p1a: Tesla\n|-damage|p1a: Tesla|0 fnt\n|faint|p1a: Tesla\n|\n|upkeep\n|j| De5tr0yr\n|\n|t:|1650217189\n|switch|p1a: Hellcat|Victini|94\/100\n|turn|11\n|\n|t:|1650217193\n|switch|p1a: F-150|Ferrothorn, M|98\/100\n|move|p2a: Silvally|Multi-Attack|p1a: F-150\n|-resisted|p1a: F-150\n|-damage|p1a: F-150|70\/100\n|-damage|p2a: Silvally|0 fnt|[from] ability: Iron Barbs|[of] p1a: F-150\n|faint|p2a: Silvally\n|\n|upkeep\n|\n|t:|1650217201\n|switch|p2a: Magnezone|Magnezone|100\/100\n|turn|12\n|l| De5tr0yr\n|\n|t:|1650217206\n|move|p2a: Magnezone|Iron Defense|p2a: Magnezone\n|-boost|p2a: Magnezone|def|2\n|move|p1a: F-150|Body Press|p2a: Magnezone\n|-supereffective|p2a: Magnezone\n|-damage|p2a: Magnezone|71\/100\n|-damage|p1a: F-150|54\/100|[from] item: Rocky Helmet|[of] p2a: Magnezone\n|\n|upkeep\n|turn|13\n|\n|t:|1650217209\n|move|p2a: Magnezone|Iron Defense|p2a: Magnezone\n|-boost|p2a: Magnezone|def|2\n|move|p1a: F-150|Body Press|p2a: Magnezone\n|-supereffective|p2a: Magnezone\n|-damage|p2a: Magnezone|51\/100\n|-damage|p1a: F-150|37\/100|[from] item: Rocky Helmet|[of] p2a: Magnezone\n|\n|upkeep\n|turn|14\n|\n|t:|1650217213\n|move|p2a: Magnezone|Body Press|p1a: F-150\n|-supereffective|p1a: F-150\n|-damage|p1a: F-150|0 fnt\n|-damage|p2a: Magnezone|38\/100|[from] ability: Iron Barbs|[of] p1a: F-150\n|faint|p1a: F-150\n|\n|upkeep\n|\n|t:|1650217215\n|switch|p1a: Hellcat|Victini|94\/100\n|turn|15\n|\n|t:|1650217220\n|switch|p2a: Tyranitar|Tyranitar, F|93\/100\n|-weather|Sandstorm|[from] ability: Sand Stream|[of] p2a: Tyranitar\n|move|p1a: Hellcat|V-create|p2a: Tyranitar\n|-resisted|p2a: Tyranitar\n|-damage|p2a: Tyranitar|63\/100\n|-unboost|p1a: Hellcat|spe|1\n|-unboost|p1a: Hellcat|def|1\n|-unboost|p1a: Hellcat|spd|1\n|\n|-weather|Sandstorm|[upkeep]\n|-damage|p1a: Hellcat|88\/100|[from] Sandstorm\n|upkeep\n|turn|16\n|\n|t:|1650217232\n|move|p1a: Hellcat|U-turn|p2a: Tyranitar\n|-supereffective|p2a: Tyranitar\n|-damage|p2a: Tyranitar|31\/100\n|\n|t:|1650217235\n|switch|p1a: Panamera|Glastrier|100\/100|[from]move: U-turn\n|move|p2a: Tyranitar|Stealth Rock|p1a: Panamera\n|-sidestart|p1: Colonel Rivai|move: Stealth Rock\n|\n|-weather|Sandstorm|[upkeep]\n|-damage|p1a: Panamera|94\/100|[from] Sandstorm\n|upkeep\n|turn|17\n|\n|t:|1650217240\n|switch|p2a: Magnezone|Magnezone|38\/100\n|move|p1a: Panamera|Icicle Crash|p2a: Magnezone\n|-resisted|p2a: Magnezone\n|-damage|p2a: Magnezone|4\/100\n|\n|-weather|Sandstorm|[upkeep]\n|-damage|p1a: Panamera|88\/100|[from] Sandstorm\n|upkeep\n|turn|18\n|\n|t:|1650217249\n|switch|p1a: Shelby|Tapu Fini|100\/100\n|-damage|p1a: Shelby|88\/100|[from] Stealth Rock\n|-fieldstart|move: Misty Terrain|[from] ability: Misty Surge|[of] p1a: Shelby\n|move|p2a: Magnezone|Discharge|p1a: Shelby\n|-supereffective|p1a: Shelby\n|-damage|p1a: Shelby|31\/100\n|\n|-weather|Sandstorm|[upkeep]\n|-damage|p1a: Shelby|24\/100|[from] Sandstorm\n|-heal|p1a: Shelby|31\/100|[from] item: Leftovers\n|upkeep\n|turn|19\n|\n|t:|1650217253\n|move|p2a: Magnezone|Discharge|p1a: Shelby\n|-supereffective|p1a: Shelby\n|-crit|p1a: Shelby\n|-damage|p1a: Shelby|0 fnt\n|faint|p1a: Shelby\n|\n|-weather|Sandstorm|[upkeep]\n|upkeep\n|\n|t:|1650217255\n|switch|p1a: Hellcat|Victini|88\/100\n|turn|20\n|\n|t:|1650217259\n|move|p1a: Hellcat|Bolt Strike|p2a: Magnezone\n|-resisted|p2a: Magnezone\n|-damage|p2a: Magnezone|0 fnt\n|-damage|p1a: Hellcat|72\/100|[from] item: Rocky Helmet|[of] p2a: Magnezone\n|faint|p2a: Magnezone\n|\n|-weather|Sandstorm|[upkeep]\n|-damage|p1a: Hellcat|66\/100|[from] Sandstorm\n|upkeep\n|\n|t:|1650217264\n|switch|p2a: Dracozolt|Dracozolt|100\/100\n|turn|21\n|\n|t:|1650217267\n|move|p2a: Dracozolt|Bolt Beak|p1a: Hellcat\n|-damage|p1a: Hellcat|0 fnt\n|faint|p1a: Hellcat\n|-damage|p2a: Dracozolt|91\/100|[from] item: Life Orb\n|\n|-weather|Sandstorm|[upkeep]\n|upkeep\n|j| thesky12321\n|\n|t:|1650217268\n|switch|p1a: Panamera|Glastrier|88\/100\n|-damage|p1a: Panamera|63\/100|[from] Stealth Rock\n|turn|22\n|\n|t:|1650217271\n|move|p2a: Dracozolt|Bolt Beak|p1a: Panamera\n|-damage|p1a: Panamera|0 fnt\n|faint|p1a: Panamera\n|-damage|p2a: Dracozolt|81\/100|[from] item: Life Orb\n|\n|win|A3720\n|raw|Colonel Rivai's rating: 1645 &rarr; <strong>1627<\/strong><br \/>(-18 for losing)\n|raw|A3720's rating: 1682 &rarr; <strong>1700<\/strong><br \/>(+18 for winning)\n|l| thesky12321\n|l|\u2606Colonel Rivai\n","uploadtime":1650217279,"views":36,"p1id":"colonelrivai","p2id":"a3720","formatid":"gen8ou","rating":1627,"private":0,"password":null}