{"id":"gen8ou-1685483797","p1":"FvkboyCharmander","p2":"minimax_ai","format":"gen8ou","log":"|html|<div class=\"broadcast-blue\"><strong>[Gen 8] OU is currently suspecting Melmetal! For information on how to participate check out the <a href=\"https:\/\/www.smogon.com\/forums\/threads\/np-ss-ou-suspect-process-round-12-monster-mash.3709234\/\">suspect thread<\/a>.<\/strong><\/div>\n|j|\u2606FvkboyCharmander\n|j|\u2606minimax_ai\n|t:|1665744871\n|gametype|singles\n|player|p1|FvkboyCharmander|1|1585\n|player|p2|minimax_ai|101|1578\n|teamsize|p1|6\n|teamsize|p2|6\n|gen|8\n|tier|[Gen 8] OU\n|rated|\n|rule|Sleep Clause Mod: Limit one foe put to sleep\n|rule|Species Clause: Limit one of each Pok\u00e9mon\n|rule|OHKO Clause: OHKO moves are banned\n|rule|Evasion Items Clause: Evasion items are banned\n|rule|Evasion Moves Clause: Evasion moves are banned\n|rule|Endless Battle Clause: Forcing endless battles is banned\n|rule|HP Percentage Mod: HP is shown in percentages\n|rule|Dynamax Clause: You cannot dynamax\n|clearpoke\n|poke|p1|Ninetales-Alola, M|\n|poke|p1|Blaziken, F|\n|poke|p1|Azumarill, M|\n|poke|p1|Landorus-Therian, M|\n|poke|p1|Rillaboom, F|\n|poke|p1|Hawlucha, F|\n|poke|p2|Rotom-Wash|\n|poke|p2|Weavile, F|\n|poke|p2|Landorus-Therian, M|\n|poke|p2|Heatran, M|\n|poke|p2|Tangrowth, M|\n|poke|p2|Melmetal|\n|teampreview\n|c|\u2606minimax_ai|hf\n|inactive|Battle timer is ON: inactive players will automatically lose when time's up. (requested by minimax_ai)\n|\n|t:|1665744887\n|start\n|switch|p1a: Rillaboom|Rillaboom, F|100\/100\n|switch|p2a: landorustherian|Landorus-Therian, M|100\/100\n|-fieldstart|move: Grassy Terrain|[from] ability: Grassy Surge|[of] p1a: Rillaboom\n|-ability|p2a: landorustherian|Intimidate|boost\n|-unboost|p1a: Rillaboom|atk|1\n|turn|1\n|\n|t:|1665744893\n|switch|p1a: Landorus|Landorus-Therian, M|100\/100\n|-ability|p1a: Landorus|Intimidate|boost\n|-unboost|p2a: landorustherian|atk|1\n|move|p2a: landorustherian|Toxic|p1a: Landorus|[miss]\n|-miss|p2a: landorustherian|p1a: Landorus\n|\n|upkeep\n|turn|2\n|\n|t:|1665744909\n|move|p1a: Landorus|Toxic|p2a: landorustherian\n|-status|p2a: landorustherian|tox\n|move|p2a: landorustherian|Toxic|p1a: Landorus\n|-status|p1a: Landorus|tox\n|\n|-damage|p1a: Landorus|94\/100 tox|[from] psn\n|-damage|p2a: landorustherian|94\/100 tox|[from] psn\n|upkeep\n|turn|3\n|\n|t:|1665744910\n|switch|p2a: rotomwash|Rotom-Wash|100\/100\n|move|p1a: Landorus|Stealth Rock|p2a: rotomwash\n|-sidestart|p2: minimax_ai|move: Stealth Rock\n|\n|-damage|p1a: Landorus|82\/100 tox|[from] psn\n|upkeep\n|turn|4\n|\n|t:|1665744913\n|move|p1a: Landorus|Toxic|p2a: rotomwash\n|-status|p2a: rotomwash|tox\n|move|p2a: rotomwash|Thunderbolt|p1a: Landorus\n|-immune|p1a: Landorus\n|\n|-damage|p1a: Landorus|63\/100 tox|[from] psn\n|-damage|p2a: rotomwash|94\/100 tox|[from] psn\n|upkeep\n|turn|5\n|\n|t:|1665744916\n|move|p1a: Landorus|Knock Off|p2a: rotomwash\n|-damage|p2a: rotomwash|57\/100 tox\n|-enditem|p2a: rotomwash|Leftovers|[from] move: Knock Off|[of] p1a: Landorus\n|move|p2a: rotomwash|Thunderbolt|p1a: Landorus\n|-immune|p1a: Landorus\n|\n|-damage|p1a: Landorus|38\/100 tox|[from] psn\n|-damage|p2a: rotomwash|45\/100 tox|[from] psn\n|-fieldend|move: Grassy Terrain\n|upkeep\n|turn|6\n|\n|t:|1665744918\n|move|p1a: Landorus|Stealth Rock||[still]\n|-fail|p1a: Landorus\n|move|p2a: rotomwash|Thunderbolt|p1a: Landorus\n|-immune|p1a: Landorus\n|\n|-damage|p1a: Landorus|7\/100 tox|[from] psn\n|-damage|p2a: rotomwash|26\/100 tox|[from] psn\n|upkeep\n|turn|7\n|\n|t:|1665744922\n|move|p1a: Landorus|Knock Off|p2a: rotomwash\n|-damage|p2a: rotomwash|0 fnt\n|faint|p2a: rotomwash\n|\n|-damage|p1a: Landorus|0 fnt|[from] psn\n|faint|p1a: Landorus\n|upkeep\n|\n|t:|1665744925\n|switch|p1a: Ninetales|Ninetales-Alola, M|100\/100\n|switch|p2a: Tangrowth|Tangrowth, M|100\/100\n|-weather|Hail|[from] ability: Snow Warning|[of] p1a: Ninetales\n|-damage|p2a: Tangrowth|88\/100|[from] Stealth Rock\n|turn|8\n|\n|t:|1665744931\n|switch|p2a: Melmetal|Melmetal|100\/100\n|-damage|p2a: Melmetal|94\/100|[from] Stealth Rock\n|move|p1a: Ninetales|Aurora Veil|p1a: Ninetales\n|-sidestart|p1: FvkboyCharmander|move: Aurora Veil\n|\n|-weather|Hail|[upkeep]\n|-damage|p2a: Melmetal|88\/100|[from] Hail\n|upkeep\n|turn|9\n|\n|t:|1665744933\n|move|p1a: Ninetales|Freeze-Dry|p2a: Melmetal\n|-resisted|p2a: Melmetal\n|-damage|p2a: Melmetal|81\/100\n|move|p2a: Melmetal|Double Iron Bash|p1a: Ninetales\n|-supereffective|p1a: Ninetales\n|-damage|p1a: Ninetales|0 fnt\n|faint|p1a: Ninetales\n|-hitcount|p1: Ninetales|1\n|\n|-weather|Hail|[upkeep]\n|-damage|p2a: Melmetal|75\/100|[from] Hail\n|upkeep\n|\n|t:|1665744935\n|switch|p1a: Blaziken|Blaziken, F|100\/100\n|turn|10\n|\n|t:|1665744938\n|move|p1a: Blaziken|Close Combat|p2a: Melmetal\n|-supereffective|p2a: Melmetal\n|-damage|p2a: Melmetal|0 fnt\n|-unboost|p1a: Blaziken|def|1\n|-unboost|p1a: Blaziken|spd|1\n|faint|p2a: Melmetal\n|-damage|p1a: Blaziken|91\/100|[from] item: Life Orb\n|\n|-weather|Hail|[upkeep]\n|-damage|p1a: Blaziken|85\/100|[from] Hail\n|-ability|p1a: Blaziken|Speed Boost|boost\n|-boost|p1a: Blaziken|spe|1\n|upkeep\n|\n|t:|1665744938\n|switch|p2a: landorustherian|Landorus-Therian, M|94\/100 tox\n|-damage|p2a: landorustherian|82\/100 tox|[from] Stealth Rock\n|-ability|p2a: landorustherian|Intimidate|boost\n|-unboost|p1a: Blaziken|atk|1\n|turn|11\n|\n|t:|1665744941\n|move|p1a: Blaziken|Flare Blitz|p2a: landorustherian\n|-damage|p2a: landorustherian|24\/100 tox\n|-damage|p1a: Blaziken|60\/100|[from] Recoil\n|-damage|p1a: Blaziken|50\/100|[from] item: Life Orb\n|move|p2a: landorustherian|Defog|p1a: Blaziken\n|-unboost|p1a: Blaziken|evasion|1\n|-sideend|p1: FvkboyCharmander|move: Aurora Veil\n|-sideend|p2: minimax_ai|Stealth Rock|[from] move: Defog|[of] p2a: landorustherian\n|\n|-weather|Hail|[upkeep]\n|-damage|p1a: Blaziken|45\/100|[from] Hail\n|-damage|p2a: landorustherian|18\/100 tox|[from] Hail\n|-heal|p2a: landorustherian|24\/100 tox|[from] item: Leftovers\n|-damage|p2a: landorustherian|18\/100 tox|[from] psn\n|-ability|p1a: Blaziken|Speed Boost|boost\n|-boost|p1a: Blaziken|spe|1\n|upkeep\n|turn|12\n|\n|t:|1665744945\n|move|p1a: Blaziken|Flare Blitz|p2a: landorustherian\n|-crit|p2a: landorustherian\n|-damage|p2a: landorustherian|0 fnt\n|faint|p2a: landorustherian\n|-damage|p1a: Blaziken|37\/100|[from] Recoil\n|-damage|p1a: Blaziken|27\/100|[from] item: Life Orb\n|\n|-weather|none\n|-ability|p1a: Blaziken|Speed Boost|boost\n|-boost|p1a: Blaziken|spe|1\n|upkeep\n|\n|t:|1665744945\n|switch|p2a: Tangrowth|Tangrowth, M|100\/100\n|turn|13\n|\n|t:|1665744947\n|move|p1a: Blaziken|Flare Blitz|p2a: Tangrowth\n|-supereffective|p2a: Tangrowth\n|-damage|p2a: Tangrowth|45\/100\n|-damage|p1a: Blaziken|11\/100|[from] item: Rocky Helmet|[of] p2a: Tangrowth\n|-damage|p1a: Blaziken|0 fnt|[from] Recoil\n|faint|p1a: Blaziken\n|move|p2a: Tangrowth|Giga Drain|p1: Blaziken|[notarget]\n|-fail|p2a: Tangrowth\n|\n|upkeep\n|\n|t:|1665744950\n|switch|p1a: Rillaboom|Rillaboom, F|100\/100\n|-fieldstart|move: Grassy Terrain|[from] ability: Grassy Surge|[of] p1a: Rillaboom\n|turn|14\n|\n|t:|1665744955\n|switch|p1a: Hawlucha|Hawlucha, F|100\/100\n|-enditem|p1a: Hawlucha|Grassy Seed\n|-boost|p1a: Hawlucha|def|1|[from] item: Grassy Seed\n|switch|p2a: Heatran|Heatran, M|100\/100\n|-item|p2a: Heatran|Air Balloon\n|\n|upkeep\n|turn|15\n|\n|t:|1665744958\n|move|p1a: Hawlucha|Close Combat|p2a: Heatran\n|-supereffective|p2a: Heatran\n|-damage|p2a: Heatran|0 fnt\n|-unboost|p1a: Hawlucha|def|1\n|-unboost|p1a: Hawlucha|spd|1\n|-enditem|p2a: Heatran|Air Balloon\n|faint|p2a: Heatran\n|\n|upkeep\n|\n|t:|1665744958\n|switch|p2a: Tangrowth|Tangrowth, M|78\/100\n|turn|16\n|\n|t:|1665744961\n|move|p1a: Hawlucha|Acrobatics|p2a: Tangrowth\n|-supereffective|p2a: Tangrowth\n|-damage|p2a: Tangrowth|29\/100\n|-damage|p1a: Hawlucha|84\/100|[from] item: Rocky Helmet|[of] p2a: Tangrowth\n|move|p2a: Tangrowth|Sleep Powder|p1a: Hawlucha|[miss]\n|-miss|p2a: Tangrowth|p1a: Hawlucha\n|\n|-heal|p2a: Tangrowth|35\/100|[from] Grassy Terrain\n|upkeep\n|turn|17\n|\n|t:|1665744964\n|move|p1a: Hawlucha|Acrobatics|p2a: Tangrowth\n|-supereffective|p2a: Tangrowth\n|-damage|p2a: Tangrowth|0 fnt\n|-damage|p1a: Hawlucha|68\/100|[from] item: Rocky Helmet|[of] p2a: Tangrowth\n|faint|p2a: Tangrowth\n|\n|upkeep\n|\n|t:|1665744964\n|switch|p2a: Weavile|Weavile, F|100\/100\n|-ability|p2a: Weavile|Pressure\n|turn|18\n|\n|t:|1665744967\n|move|p2a: Weavile|Ice Shard|p1a: Hawlucha\n|-supereffective|p1a: Hawlucha\n|-damage|p1a: Hawlucha|1\/100\n|move|p1a: Hawlucha|Close Combat|p2a: Weavile\n|-supereffective|p2a: Weavile\n|-damage|p2a: Weavile|0 fnt\n|-unboost|p1a: Hawlucha|def|1\n|-unboost|p1a: Hawlucha|spd|1\n|faint|p2a: Weavile\n|\n|win|FvkboyCharmander\n|raw|FvkboyCharmander's rating: 1585 &rarr; <strong>1605<\/strong><br \/>(+20 for winning)\n|raw|minimax_ai's rating: 1578 &rarr; <strong>1558<\/strong><br \/>(-20 for losing)\n|c|\u2606minimax_ai|gg\n","uploadtime":1665744968,"views":10,"p1id":"fvkboycharmander","p2id":"minimaxai","formatid":"gen8ou","rating":1558,"private":0,"password":null}