{"id":"gen8ou-1697235776","p1":"LT94JE Allistair","p2":"knexhawk2","format":"gen8ou","log":"|j|\u2606LT94JE Allistair\n|j|\u2606knexhawk2\n|t:|1666977532\n|gametype|singles\n|player|p1|LT94JE Allistair|169|1845\n|player|p2|knexhawk2|red-masters|1859\n|teamsize|p1|6\n|teamsize|p2|6\n|gen|8\n|tier|[Gen 8] OU\n|rated|\n|rule|Sleep Clause Mod: Limit one foe put to sleep\n|rule|Species Clause: Limit one of each Pok\u00e9mon\n|rule|OHKO Clause: OHKO moves are banned\n|rule|Evasion Items Clause: Evasion items are banned\n|rule|Evasion Moves Clause: Evasion moves are banned\n|rule|Endless Battle Clause: Forcing endless battles is banned\n|rule|HP Percentage Mod: HP is shown in percentages\n|rule|Dynamax Clause: You cannot dynamax\n|clearpoke\n|poke|p1|Mew|\n|poke|p1|Slurpuff, F|\n|poke|p1|Vanilluxe, M|\n|poke|p1|Jirachi|\n|poke|p1|Weavile, F|\n|poke|p1|Tapu Fini|\n|poke|p2|Hippowdon, M|\n|poke|p2|Blissey, F|\n|poke|p2|Corviknight, F|\n|poke|p2|Quagsire, M|\n|poke|p2|Toxapex, M|\n|poke|p2|Tornadus-Therian, M|\n|teampreview\n|j| 0SiegeWarfare\n|inactive|Battle timer is ON: inactive players will automatically lose when time's up. (requested by knexhawk2)\n|\n|t:|1666977589\n|start\n|switch|p1a: Vanilluxe|Vanilluxe, M|100\/100\n|switch|p2a: Toxapex|Toxapex, M|100\/100\n|-weather|Hail|[from] ability: Snow Warning|[of] p1a: Vanilluxe\n|turn|1\n|\n|t:|1666977592\n|move|p1a: Vanilluxe|Taunt|p2a: Toxapex\n|-start|p2a: Toxapex|move: Taunt\n|cant|p2a: Toxapex|move: Taunt|Light Screen\n|\n|-weather|Hail|[upkeep]\n|-damage|p2a: Toxapex|94\/100|[from] Hail\n|upkeep\n|turn|2\n|\n|t:|1666977595\n|move|p1a: Vanilluxe|Aurora Veil|p1a: Vanilluxe\n|-sidestart|p1: LT94JE Allistair|move: Aurora Veil\n|move|p2a: Toxapex|Knock Off|p1a: Vanilluxe\n|-damage|p1a: Vanilluxe|89\/100\n|-enditem|p1a: Vanilluxe|Light Clay|[from] move: Knock Off|[of] p2a: Toxapex\n|\n|-weather|Hail|[upkeep]\n|-damage|p2a: Toxapex|88\/100|[from] Hail\n|upkeep\n|turn|3\n|\n|t:|1666977599\n|switch|p2a: Hippowdon|Hippowdon, M|100\/100\n|-weather|Sandstorm|[from] ability: Sand Stream|[of] p2a: Hippowdon\n|move|p1a: Vanilluxe|Explosion|p2a: Hippowdon\n|-damage|p2a: Hippowdon|51\/100\n|faint|p1a: Vanilluxe\n|\n|-weather|Sandstorm|[upkeep]\n|-heal|p2a: Hippowdon|57\/100|[from] item: Leftovers\n|upkeep\n|\n|t:|1666977605\n|switch|p1a: Mew|Mew|100\/100\n|turn|4\n|\n|t:|1666977609\n|move|p1a: Mew|Taunt|p2a: Hippowdon\n|-start|p2a: Hippowdon|move: Taunt\n|move|p2a: Hippowdon|Earthquake|p1a: Mew\n|-damage|p1a: Mew|83\/100\n|\n|-weather|Sandstorm|[upkeep]\n|-damage|p1a: Mew|77\/100|[from] Sandstorm\n|-heal|p2a: Hippowdon|63\/100|[from] item: Leftovers\n|upkeep\n|turn|5\n|\n|t:|1666977614\n|switch|p2a: Blissey|Blissey, F|100\/100\n|move|p1a: Mew|Cosmic Power|p1a: Mew\n|-boost|p1a: Mew|def|1\n|-boost|p1a: Mew|spd|1\n|\n|-weather|Sandstorm|[upkeep]\n|-damage|p1a: Mew|71\/100|[from] Sandstorm\n|-damage|p2a: Blissey|94\/100|[from] Sandstorm\n|-heal|p2a: Blissey|100\/100|[from] item: Leftovers\n|upkeep\n|turn|6\n|\n|t:|1666977617\n|move|p1a: Mew|Taunt|p2a: Blissey\n|-start|p2a: Blissey|move: Taunt\n|move|p2a: Blissey|Seismic Toss|p1a: Mew\n|-damage|p1a: Mew|41\/100\n|\n|-weather|Sandstorm|[upkeep]\n|-damage|p1a: Mew|35\/100|[from] Sandstorm\n|-damage|p2a: Blissey|94\/100|[from] Sandstorm\n|-heal|p2a: Blissey|100\/100|[from] item: Leftovers\n|upkeep\n|turn|7\n|\n|t:|1666977619\n|move|p1a: Mew|Roost|p1a: Mew\n|-heal|p1a: Mew|85\/100\n|-singleturn|p1a: Mew|move: Roost\n|move|p2a: Blissey|Seismic Toss|p1a: Mew\n|-damage|p1a: Mew|56\/100\n|\n|-weather|none\n|upkeep\n|turn|8\n|\n|t:|1666977623\n|move|p1a: Mew|Roost|p1a: Mew\n|-heal|p1a: Mew|100\/100\n|-singleturn|p1a: Mew|move: Roost\n|move|p2a: Blissey|Seismic Toss|p1a: Mew\n|-damage|p1a: Mew|71\/100\n|\n|-end|p2a: Blissey|move: Taunt\n|upkeep\n|turn|9\n|\n|t:|1666977625\n|move|p1a: Mew|Taunt|p2a: Blissey\n|-start|p2a: Blissey|move: Taunt\n|move|p2a: Blissey|Seismic Toss|p1a: Mew\n|-damage|p1a: Mew|42\/100\n|\n|-sideend|p1: LT94JE Allistair|move: Aurora Veil\n|upkeep\n|turn|10\n|\n|t:|1666977627\n|move|p1a: Mew|Roost|p1a: Mew\n|-heal|p1a: Mew|92\/100\n|-singleturn|p1a: Mew|move: Roost\n|move|p2a: Blissey|Seismic Toss|p1a: Mew\n|-damage|p1a: Mew|63\/100\n|\n|upkeep\n|turn|11\n|\n|t:|1666977633\n|move|p1a: Mew|Cosmic Power|p1a: Mew\n|-boost|p1a: Mew|def|1\n|-boost|p1a: Mew|spd|1\n|move|p2a: Blissey|Seismic Toss|p1a: Mew\n|-damage|p1a: Mew|33\/100\n|\n|-end|p2a: Blissey|move: Taunt\n|upkeep\n|turn|12\n|\n|t:|1666977636\n|move|p1a: Mew|Taunt|p2a: Blissey\n|-start|p2a: Blissey|move: Taunt\n|move|p2a: Blissey|Seismic Toss|p1a: Mew\n|-damage|p1a: Mew|4\/100\n|\n|upkeep\n|turn|13\n|\n|t:|1666977637\n|move|p1a: Mew|Roost|p1a: Mew\n|-heal|p1a: Mew|54\/100\n|-singleturn|p1a: Mew|move: Roost\n|move|p2a: Blissey|Seismic Toss|p1a: Mew\n|-damage|p1a: Mew|25\/100\n|\n|upkeep\n|turn|14\n|\n|t:|1666977639\n|move|p1a: Mew|Roost|p1a: Mew\n|-heal|p1a: Mew|75\/100\n|-singleturn|p1a: Mew|move: Roost\n|move|p2a: Blissey|Seismic Toss|p1a: Mew\n|-damage|p1a: Mew|46\/100\n|\n|-end|p2a: Blissey|move: Taunt\n|upkeep\n|turn|15\n|\n|t:|1666977642\n|move|p1a: Mew|Taunt|p2a: Blissey\n|-start|p2a: Blissey|move: Taunt\n|move|p2a: Blissey|Seismic Toss|p1a: Mew\n|-damage|p1a: Mew|16\/100\n|\n|upkeep\n|turn|16\n|\n|t:|1666977644\n|move|p1a: Mew|Roost|p1a: Mew\n|-heal|p1a: Mew|66\/100\n|-singleturn|p1a: Mew|move: Roost\n|move|p2a: Blissey|Seismic Toss|p1a: Mew\n|-damage|p1a: Mew|37\/100\n|\n|upkeep\n|turn|17\n|\n|t:|1666977647\n|move|p1a: Mew|Roost|p1a: Mew\n|-heal|p1a: Mew|87\/100\n|-singleturn|p1a: Mew|move: Roost\n|move|p2a: Blissey|Seismic Toss|p1a: Mew\n|-damage|p1a: Mew|58\/100\n|\n|-end|p2a: Blissey|move: Taunt\n|upkeep\n|turn|18\n|\n|t:|1666977651\n|move|p1a: Mew|Taunt|p2a: Blissey\n|-start|p2a: Blissey|move: Taunt\n|move|p2a: Blissey|Seismic Toss|p1a: Mew\n|-damage|p1a: Mew|29\/100\n|\n|upkeep\n|turn|19\n|\n|t:|1666977652\n|move|p1a: Mew|Roost|p1a: Mew\n|-heal|p1a: Mew|79\/100\n|-singleturn|p1a: Mew|move: Roost\n|move|p2a: Blissey|Seismic Toss|p1a: Mew\n|-damage|p1a: Mew|49\/100\n|\n|upkeep\n|turn|20\n|\n|t:|1666977655\n|move|p1a: Mew|Roost|p1a: Mew\n|-heal|p1a: Mew|99\/100\n|-singleturn|p1a: Mew|move: Roost\n|move|p2a: Blissey|Seismic Toss|p1a: Mew\n|-damage|p1a: Mew|70\/100\n|\n|-end|p2a: Blissey|move: Taunt\n|upkeep\n|turn|21\n|\n|t:|1666977657\n|move|p1a: Mew|Taunt|p2a: Blissey\n|-start|p2a: Blissey|move: Taunt\n|move|p2a: Blissey|Seismic Toss|p1a: Mew\n|-damage|p1a: Mew|41\/100\n|\n|upkeep\n|turn|22\n|\n|t:|1666977658\n|move|p1a: Mew|Roost|p1a: Mew\n|-heal|p1a: Mew|91\/100\n|-singleturn|p1a: Mew|move: Roost\n|move|p2a: Blissey|Seismic Toss|p1a: Mew\n|-damage|p1a: Mew|62\/100\n|\n|upkeep\n|turn|23\n|\n|t:|1666977663\n|move|p1a: Mew|Cosmic Power|p1a: Mew\n|-boost|p1a: Mew|def|1\n|-boost|p1a: Mew|spd|1\n|move|p2a: Blissey|Seismic Toss|p1a: Mew\n|-damage|p1a: Mew|32\/100\n|\n|-end|p2a: Blissey|move: Taunt\n|upkeep\n|turn|24\n|\n|t:|1666977665\n|move|p1a: Mew|Taunt|p2a: Blissey\n|-start|p2a: Blissey|move: Taunt\n|move|p2a: Blissey|Seismic Toss|p1a: Mew\n|-damage|p1a: Mew|3\/100\n|\n|upkeep\n|turn|25\n|\n|t:|1666977667\n|move|p1a: Mew|Roost|p1a: Mew\n|-heal|p1a: Mew|53\/100\n|-singleturn|p1a: Mew|move: Roost\n|move|p2a: Blissey|Seismic Toss|p1a: Mew\n|-damage|p1a: Mew|24\/100\n|\n|upkeep\n|turn|26\n|\n|t:|1666977670\n|move|p1a: Mew|Roost|p1a: Mew\n|-heal|p1a: Mew|74\/100\n|-singleturn|p1a: Mew|move: Roost\n|move|p2a: Blissey|Seismic Toss|p1a: Mew\n|-damage|p1a: Mew|45\/100\n|\n|-end|p2a: Blissey|move: Taunt\n|upkeep\n|turn|27\n|\n|t:|1666977673\n|move|p1a: Mew|Taunt|p2a: Blissey\n|-start|p2a: Blissey|move: Taunt\n|move|p2a: Blissey|Seismic Toss|p1a: Mew\n|-damage|p1a: Mew|15\/100\n|\n|upkeep\n|turn|28\n|\n|t:|1666977675\n|move|p1a: Mew|Roost|p1a: Mew\n|-heal|p1a: Mew|66\/100\n|-singleturn|p1a: Mew|move: Roost\n|move|p2a: Blissey|Seismic Toss|p1a: Mew\n|-damage|p1a: Mew|36\/100\n|\n|upkeep\n|turn|29\n|\n|t:|1666977678\n|move|p1a: Mew|Roost|p1a: Mew\n|-heal|p1a: Mew|86\/100\n|-singleturn|p1a: Mew|move: Roost\n|move|p2a: Blissey|Seismic Toss|p1a: Mew\n|-damage|p1a: Mew|57\/100\n|\n|-end|p2a: Blissey|move: Taunt\n|upkeep\n|turn|30\n|\n|t:|1666977681\n|move|p1a: Mew|Taunt|p2a: Blissey\n|-start|p2a: Blissey|move: Taunt\n|move|p2a: Blissey|Seismic Toss|p1a: Mew\n|-damage|p1a: Mew|28\/100\n|\n|upkeep\n|turn|31\n|\n|t:|1666977682\n|move|p1a: Mew|Roost|p1a: Mew\n|-heal|p1a: Mew|78\/100\n|-singleturn|p1a: Mew|move: Roost\n|move|p2a: Blissey|Seismic Toss|p1a: Mew\n|-damage|p1a: Mew|49\/100\n|\n|upkeep\n|turn|32\n|j| charge Q\n|\n|t:|1666977685\n|move|p1a: Mew|Roost|p1a: Mew\n|-heal|p1a: Mew|99\/100\n|-singleturn|p1a: Mew|move: Roost\n|move|p2a: Blissey|Seismic Toss|p1a: Mew\n|-damage|p1a: Mew|69\/100\n|\n|-end|p2a: Blissey|move: Taunt\n|upkeep\n|turn|33\n|j| Corporate Sponsors\n|\n|t:|1666977691\n|move|p1a: Mew|Stored Power|p2a: Blissey\n|-damage|p2a: Blissey|83\/100\n|move|p2a: Blissey|Seismic Toss|p1a: Mew\n|-damage|p1a: Mew|40\/100\n|\n|-heal|p2a: Blissey|89\/100|[from] item: Leftovers\n|upkeep\n|turn|34\n|\n|t:|1666977694\n|move|p1a: Mew|Taunt|p2a: Blissey\n|-start|p2a: Blissey|move: Taunt\n|cant|p2a: Blissey|move: Taunt|Toxic\n|\n|-heal|p2a: Blissey|96\/100|[from] item: Leftovers\n|upkeep\n|turn|35\n|j| CanUrepeat\n|\n|t:|1666977697\n|move|p1a: Mew|Stored Power|p2a: Blissey\n|-damage|p2a: Blissey|77\/100\n|move|p2a: Blissey|Seismic Toss|p1a: Mew\n|-damage|p1a: Mew|11\/100\n|\n|-heal|p2a: Blissey|83\/100|[from] item: Leftovers\n|upkeep\n|turn|36\n|\n|t:|1666977700\n|move|p1a: Mew|Stored Power|p2a: Blissey\n|-damage|p2a: Blissey|65\/100\n|move|p2a: Blissey|Seismic Toss|p1a: Mew\n|-damage|p1a: Mew|0 fnt\n|faint|p1a: Mew\n|\n|-heal|p2a: Blissey|71\/100|[from] item: Leftovers\n|-end|p2a: Blissey|move: Taunt\n|upkeep\n|\n|t:|1666977704\n|switch|p1a: Weavile|Weavile, F|100\/100\n|-ability|p1a: Weavile|Pressure\n|turn|37\n|\n|t:|1666977705\n|switch|p2a: Toxapex|Toxapex, M|100\/100\n|move|p1a: Weavile|Swords Dance|p1a: Weavile\n|-boost|p1a: Weavile|atk|2\n|\n|upkeep\n|turn|38\n|\n|t:|1666977709\n|switch|p2a: God|Quagsire, M|100\/100\n|move|p1a: Weavile|Triple Axel|p2a: God\n|-damage|p2a: God|90\/100\n|-damage|p2a: God|70\/100\n|-damage|p2a: God|41\/100\n|-hitcount|p2a: God|3\n|-damage|p1a: Weavile|91\/100|[from] item: Life Orb\n|\n|-heal|p2a: God|47\/100|[from] item: Leftovers\n|upkeep\n|turn|39\n|\n|t:|1666977714\n|move|p2a: God|Protect|p2a: God\n|-singleturn|p2a: God|Protect\n|move|p1a: Weavile|Knock Off|p2a: God\n|-activate|p2a: God|move: Protect\n|\n|-heal|p2a: God|54\/100|[from] item: Leftovers\n|upkeep\n|turn|40\n|\n|t:|1666977718\n|switch|p2a: Toxapex|Toxapex, M|100\/100\n|move|p1a: Weavile|Knock Off|p2a: Toxapex\n|-damage|p2a: Toxapex|9\/100\n|-damage|p1a: Weavile|74\/100|[from] item: Rocky Helmet|[of] p2a: Toxapex\n|-enditem|p2a: Toxapex|Rocky Helmet|[from] move: Knock Off|[of] p1a: Weavile\n|-damage|p1a: Weavile|64\/100|[from] item: Life Orb\n|\n|upkeep\n|turn|41\n|\n|t:|1666977724\n|move|p1a: Weavile|Knock Off|p2a: Toxapex\n|-crit|p2a: Toxapex\n|-damage|p2a: Toxapex|0 fnt\n|faint|p2a: Toxapex\n|-damage|p1a: Weavile|54\/100|[from] item: Life Orb\n|\n|upkeep\n|\n|t:|1666977726\n|switch|p2a: God|Quagsire, M|54\/100\n|turn|42\n|\n|t:|1666977731\n|move|p2a: God|Protect|p2a: God\n|-singleturn|p2a: God|Protect\n|move|p1a: Weavile|Knock Off|p2a: God\n|-activate|p2a: God|move: Protect\n|\n|-heal|p2a: God|60\/100|[from] item: Leftovers\n|upkeep\n|turn|43\n|\n|t:|1666977741\n|move|p1a: Weavile|Knock Off|p2a: God\n|-damage|p2a: God|14\/100\n|-enditem|p2a: God|Leftovers|[from] move: Knock Off|[of] p1a: Weavile\n|-damage|p1a: Weavile|44\/100|[from] item: Life Orb\n|move|p2a: God|Toxic|p1a: Weavile\n|-status|p1a: Weavile|tox\n|\n|-damage|p1a: Weavile|38\/100 tox|[from] psn\n|upkeep\n|turn|44\n|\n|t:|1666977748\n|move|p2a: God|Protect|p2a: God\n|-singleturn|p2a: God|Protect\n|move|p1a: Weavile|Swords Dance|p1a: Weavile\n|-boost|p1a: Weavile|atk|2\n|\n|-damage|p1a: Weavile|26\/100 tox|[from] psn\n|upkeep\n|turn|45\n|\n|t:|1666977759\n|move|p1a: Weavile|Knock Off|p2a: God\n|-damage|p2a: God|0 fnt\n|faint|p2a: God\n|-damage|p1a: Weavile|16\/100 tox|[from] item: Life Orb\n|\n|-damage|p1a: Weavile|0 fnt|[from] psn\n|faint|p1a: Weavile\n|upkeep\n|\n|t:|1666977771\n|switch|p1a: Slurpuff|Slurpuff, F|100\/100\n|switch|p2a: Hippowdon|Hippowdon, M|63\/100\n|-weather|Sandstorm|[from] ability: Sand Stream|[of] p2a: Hippowdon\n|turn|46\n|\n|t:|1666977775\n|move|p1a: Slurpuff|Magic Coat|p1a: Slurpuff\n|-singleturn|p1a: Slurpuff|move: Magic Coat\n|move|p2a: Hippowdon|Slack Off|p2a: Hippowdon\n|-heal|p2a: Hippowdon|100\/100\n|\n|-weather|Sandstorm|[upkeep]\n|-damage|p1a: Slurpuff|94\/100|[from] Sandstorm\n|upkeep\n|turn|47\n|\n|t:|1666977778\n|switch|p2a: Blissey|Blissey, F|71\/100\n|move|p1a: Slurpuff|Magic Coat|p1a: Slurpuff\n|-singleturn|p1a: Slurpuff|move: Magic Coat\n|\n|-weather|Sandstorm|[upkeep]\n|-damage|p1a: Slurpuff|88\/100|[from] Sandstorm\n|-damage|p2a: Blissey|65\/100|[from] Sandstorm\n|-heal|p2a: Blissey|71\/100|[from] item: Leftovers\n|upkeep\n|turn|48\n|\n|t:|1666977781\n|move|p1a: Slurpuff|Sticky Web|p2a: Blissey\n|-sidestart|p2: knexhawk2|move: Sticky Web\n|move|p2a: Blissey|Soft-Boiled|p2a: Blissey\n|-heal|p2a: Blissey|100\/100\n|\n|-weather|Sandstorm|[upkeep]\n|-damage|p1a: Slurpuff|82\/100|[from] Sandstorm\n|-damage|p2a: Blissey|94\/100|[from] Sandstorm\n|-heal|p2a: Blissey|100\/100|[from] item: Leftovers\n|upkeep\n|turn|49\n|\n|t:|1666977785\n|switch|p2a: Corviknight|Corviknight, F|100\/100\n|-ability|p2a: Corviknight|Pressure\n|move|p1a: Slurpuff|Magic Coat|p1a: Slurpuff\n|-singleturn|p1a: Slurpuff|move: Magic Coat\n|\n|-weather|Sandstorm|[upkeep]\n|-damage|p1a: Slurpuff|76\/100|[from] Sandstorm\n|upkeep\n|turn|50\n|\n|t:|1666977788\n|move|p1a: Slurpuff|Yawn|p2a: Corviknight\n|-start|p2a: Corviknight|move: Yawn|[of] p1a: Slurpuff\n|move|p2a: Corviknight|Defog|p1a: Slurpuff\n|-unboost|p1a: Slurpuff|evasion|1\n|-sideend|p2: knexhawk2|Sticky Web|[from] move: Defog|[of] p2a: Corviknight\n|\n|-weather|none\n|upkeep\n|turn|51\n|\n|t:|1666977791\n|switch|p2a: Tornadus|Tornadus-Therian, M|100\/100\n|move|p1a: Slurpuff|Sticky Web|p2a: Tornadus\n|-sidestart|p2: knexhawk2|move: Sticky Web\n|\n|upkeep\n|turn|52\n|\n|t:|1666977793\n|move|p2a: Tornadus|Defog|p1a: Slurpuff\n|-unboost|p1a: Slurpuff|evasion|1\n|-sideend|p2: knexhawk2|Sticky Web|[from] move: Defog|[of] p2a: Tornadus\n|move|p1a: Slurpuff|Yawn|p2a: Tornadus\n|-start|p2a: Tornadus|move: Yawn|[of] p1a: Slurpuff\n|\n|upkeep\n|turn|53\n|\n|t:|1666977795\n|switch|p2a: Corviknight|Corviknight, F|100\/100\n|-ability|p2a: Corviknight|Pressure\n|move|p1a: Slurpuff|Sticky Web|p2a: Corviknight\n|-sidestart|p2: knexhawk2|move: Sticky Web\n|\n|upkeep\n|turn|54\n|\n|t:|1666977797\n|move|p1a: Slurpuff|Misty Explosion|p2a: Corviknight\n|-resisted|p2a: Corviknight\n|-damage|p2a: Corviknight|87\/100\n|faint|p1a: Slurpuff\n|move|p2a: Corviknight|Defog|p1: Slurpuff|[notarget]\n|-fail|p2a: Corviknight\n|\n|-heal|p2a: Corviknight|93\/100|[from] item: Leftovers\n|upkeep\n|\n|t:|1666977803\n|switch|p1a: Tapu Fini|Tapu Fini|100\/100\n|turn|55\n|\n|t:|1666977806\n|switch|p2a: Tornadus|Tornadus-Therian, M|100\/100\n|move|p1a: Tapu Fini|Calm Mind|p1a: Tapu Fini\n|-boost|p1a: Tapu Fini|spa|1\n|-boost|p1a: Tapu Fini|spd|1\n|\n|upkeep\n|turn|56\n|\n|t:|1666977810\n|move|p2a: Tornadus|Knock Off|p1a: Tapu Fini\n|-resisted|p1a: Tapu Fini\n|-damage|p1a: Tapu Fini|90\/100\n|-enditem|p1a: Tapu Fini|Weakness Policy|[from] move: Knock Off|[of] p2a: Tornadus\n|move|p1a: Tapu Fini|Calm Mind|p1a: Tapu Fini\n|-boost|p1a: Tapu Fini|spa|1\n|-boost|p1a: Tapu Fini|spd|1\n|\n|upkeep\n|turn|57\n|\n|t:|1666977814\n|move|p2a: Tornadus|U-turn|p1a: Tapu Fini\n|-resisted|p1a: Tapu Fini\n|-damage|p1a: Tapu Fini|82\/100\n|\n|t:|1666977815\n|switch|p2a: Hippowdon|Hippowdon, M|100\/100|[from]move: U-turn\n|-activate|p2a: Hippowdon|move: Sticky Web\n|-unboost|p2a: Hippowdon|spe|1\n|-weather|Sandstorm|[from] ability: Sand Stream|[of] p2a: Hippowdon\n|move|p1a: Tapu Fini|Calm Mind|p1a: Tapu Fini\n|-boost|p1a: Tapu Fini|spa|1\n|-boost|p1a: Tapu Fini|spd|1\n|\n|-weather|Sandstorm|[upkeep]\n|-damage|p1a: Tapu Fini|76\/100|[from] Sandstorm\n|upkeep\n|turn|58\n|l| CanUrepeat\n|\n|t:|1666977819\n|switch|p2a: Blissey|Blissey, F|100\/100\n|-activate|p2a: Blissey|move: Sticky Web\n|-unboost|p2a: Blissey|spe|1\n|move|p1a: Tapu Fini|Surf|p2a: Blissey\n|-crit|p2a: Blissey\n|-damage|p2a: Blissey|48\/100\n|\n|-weather|Sandstorm|[upkeep]\n|-damage|p1a: Tapu Fini|70\/100|[from] Sandstorm\n|-damage|p2a: Blissey|42\/100|[from] Sandstorm\n|-heal|p2a: Blissey|48\/100|[from] item: Leftovers\n|upkeep\n|turn|59\n|\n|t:|1666977823\n|move|p1a: Tapu Fini|Taunt|p2a: Blissey\n|-start|p2a: Blissey|move: Taunt\n|cant|p2a: Blissey|move: Taunt|Soft-Boiled\n|\n|-weather|Sandstorm|[upkeep]\n|-damage|p1a: Tapu Fini|64\/100|[from] Sandstorm\n|-damage|p2a: Blissey|42\/100|[from] Sandstorm\n|-heal|p2a: Blissey|48\/100|[from] item: Leftovers\n|upkeep\n|turn|60\n|\n|t:|1666977825\n|move|p1a: Tapu Fini|Draining Kiss|p2a: Blissey\n|-damage|p2a: Blissey|29\/100\n|-heal|p1a: Tapu Fini|99\/100|[from] drain|[of] p2a: Blissey\n|move|p2a: Blissey|Seismic Toss|p1a: Tapu Fini\n|-damage|p1a: Tapu Fini|65\/100\n|\n|-weather|Sandstorm|[upkeep]\n|-damage|p1a: Tapu Fini|59\/100|[from] Sandstorm\n|-damage|p2a: Blissey|23\/100|[from] Sandstorm\n|-heal|p2a: Blissey|29\/100|[from] item: Leftovers\n|upkeep\n|turn|61\n|\n|t:|1666977828\n|move|p1a: Tapu Fini|Draining Kiss|p2a: Blissey\n|-damage|p2a: Blissey|11\/100\n|-heal|p1a: Tapu Fini|94\/100|[from] drain|[of] p2a: Blissey\n|move|p2a: Blissey|Seismic Toss|p1a: Tapu Fini\n|-damage|p1a: Tapu Fini|58\/100\n|\n|-weather|none\n|-heal|p2a: Blissey|17\/100|[from] item: Leftovers\n|-end|p2a: Blissey|move: Taunt\n|upkeep\n|turn|62\n|\n|t:|1666977836\n|switch|p2a: Corviknight|Corviknight, F|93\/100\n|-ability|p2a: Corviknight|Pressure\n|move|p1a: Tapu Fini|Taunt|p2a: Corviknight\n|-start|p2a: Corviknight|move: Taunt\n|\n|-heal|p2a: Corviknight|99\/100|[from] item: Leftovers\n|upkeep\n|turn|63\n|\n|t:|1666977842\n|move|p1a: Tapu Fini|Surf|p2a: Corviknight\n|-damage|p2a: Corviknight|13\/100\n|move|p2a: Corviknight|Brave Bird|p1a: Tapu Fini\n|-damage|p1a: Tapu Fini|20\/100\n|-damage|p2a: Corviknight|4\/100|[from] Recoil\n|\n|-heal|p2a: Corviknight|10\/100|[from] item: Leftovers\n|upkeep\n|turn|64\n|\n|t:|1666977850\n|move|p1a: Tapu Fini|Draining Kiss|p2a: Corviknight\n|-resisted|p2a: Corviknight\n|-damage|p2a: Corviknight|0 fnt\n|-heal|p1a: Tapu Fini|31\/100|[from] drain|[of] p2a: Corviknight\n|faint|p2a: Corviknight\n|\n|upkeep\n|\n|t:|1666977853\n|switch|p2a: Tornadus|Tornadus-Therian, M|100\/100\n|turn|65\n|\n|t:|1666977855\n|move|p2a: Tornadus|Heat Wave|p1a: Tapu Fini\n|-resisted|p1a: Tapu Fini\n|-damage|p1a: Tapu Fini|26\/100\n|move|p1a: Tapu Fini|Draining Kiss|p2a: Tornadus\n|-damage|p2a: Tornadus|47\/100\n|-heal|p1a: Tapu Fini|78\/100|[from] drain|[of] p2a: Tornadus\n|\n|upkeep\n|turn|66\n|-message|knexhawk2 forfeited.\n|\n|win|LT94JE Allistair\n|raw|LT94JE Allistair's rating: 1845 &rarr; <strong>1866<\/strong><br \/>(+21 for winning)\n|raw|knexhawk2's rating: 1859 &rarr; <strong>1838<\/strong><br \/>(-21 for losing)\n|l|\u2606knexhawk2\n|l|\u2606LT94JE Allistair\n||Ladder isn't responding, score probably updated but might not have (Request timeout).\n|l| Corporate Sponsors\n","uploadtime":1666978384,"views":21,"p1id":"lt94jeallistair","p2id":"knexhawk2","formatid":"gen8ou","rating":1838,"private":0,"password":null}