{"id":"gen8ou-1585739245","p1":"Adel19","p2":"Titout","format":"gen8ou","log":"|j|\u2606Adel19\n|j|\u2606Titout\n|t:|1653891483\n|gametype|singles\n|player|p1|Adel19|101|1825\n|player|p2|Titout|170|1794\n|teamsize|p1|6\n|teamsize|p2|6\n|gen|8\n|tier|[Gen 8] OU\n|rated|\n|rule|Sleep Clause Mod: Limit one foe put to sleep\n|rule|Species Clause: Limit one of each Pok\u00e9mon\n|rule|OHKO Clause: OHKO moves are banned\n|rule|Evasion Moves Clause: Evasion moves are banned\n|rule|Endless Battle Clause: Forcing endless battles is banned\n|rule|HP Percentage Mod: HP is shown in percentages\n|rule|Dynamax Clause: You cannot dynamax\n|clearpoke\n|poke|p1|Landorus-Therian, M|\n|poke|p1|Zeraora|\n|poke|p1|Kartana|\n|poke|p1|Tapu Fini|\n|poke|p1|Blissey, F|\n|poke|p1|Tapu Lele|\n|poke|p2|Pelipper, F|\n|poke|p2|Barraskewda, F|\n|poke|p2|Ludicolo, F|\n|poke|p2|Zapdos|\n|poke|p2|Ferrothorn, M|\n|poke|p2|Drednaw, M|\n|teampreview\n|inactive|Battle timer is ON: inactive players will automatically lose when time's up. (requested by Adel19)\n|\n|t:|1653891512\n|start\n|switch|p1a: Tapu Lele|Tapu Lele|100\/100\n|switch|p2a: Pelipper|Pelipper, F|100\/100\n|-fieldstart|move: Psychic Terrain|[from] ability: Psychic Surge|[of] p1a: Tapu Lele\n|-weather|RainDance|[from] ability: Drizzle|[of] p2a: Pelipper\n|turn|1\n|\n|t:|1653891514\n|switch|p2a: Ferrothorn|Ferrothorn, M|100\/100\n|move|p1a: Tapu Lele|Psychic|p2a: Ferrothorn\n|-resisted|p2a: Ferrothorn\n|-damage|p2a: Ferrothorn|72\/100\n|\n|-weather|RainDance|[upkeep]\n|-heal|p2a: Ferrothorn|79\/100|[from] item: Leftovers\n|upkeep\n|turn|2\n|\n|t:|1653891520\n|switch|p1a: Kartana|Kartana|100\/100\n|switch|p2a: Ludicolo|Ludicolo, F|100\/100\n|\n|-weather|RainDance|[upkeep]\n|upkeep\n|turn|3\n|\n|t:|1653891524\n|switch|p1a: Blissey|Blissey, F|100\/100\n|move|p2a: Ludicolo|Surf|p1a: Blissey\n|-damage|p1a: Blissey|70\/100\n|-damage|p2a: Ludicolo|91\/100|[from] item: Life Orb\n|\n|-weather|RainDance|[upkeep]\n|upkeep\n|turn|4\n|\n|t:|1653891529\n|switch|p2a: Barraskewda|Barraskewda, F|100\/100\n|move|p1a: Blissey|Stealth Rock|p2a: Barraskewda\n|-sidestart|p2: Titout|move: Stealth Rock\n|\n|-weather|RainDance|[upkeep]\n|upkeep\n|turn|5\n|\n|t:|1653891532\n|switch|p1a: Tapu Fini|Tapu Fini|100\/100\n|-fieldstart|move: Misty Terrain|[from] ability: Misty Surge|[of] p1a: Tapu Fini\n|move|p2a: Barraskewda|Flip Turn|p1a: Tapu Fini\n|-resisted|p1a: Tapu Fini\n|-damage|p1a: Tapu Fini|73\/100\n|\n|t:|1653891537\n|switch|p2a: Zapdos|Zapdos|100\/100|[from]move: Flip Turn\n|\n|-weather|RainDance|[upkeep]\n|-heal|p1a: Tapu Fini|80\/100|[from] item: Leftovers\n|upkeep\n|turn|6\n|\n|t:|1653891540\n|switch|p1a: Blissey|Blissey, F|70\/100\n|move|p2a: Zapdos|Volt Switch|p1a: Blissey\n|-damage|p1a: Blissey|57\/100\n|\n|t:|1653891542\n|switch|p2a: Barraskewda|Barraskewda, F|100\/100|[from]move: Volt Switch\n|-damage|p2a: Barraskewda|88\/100|[from] Stealth Rock\n|\n|-weather|RainDance|[upkeep]\n|upkeep\n|turn|7\n|\n|t:|1653891547\n|switch|p1a: Tapu Fini|Tapu Fini|80\/100\n|move|p2a: Barraskewda|Flip Turn|p1a: Tapu Fini\n|-resisted|p1a: Tapu Fini\n|-damage|p1a: Tapu Fini|52\/100\n|\n|t:|1653891550\n|switch|p2a: Zapdos|Zapdos|100\/100|[from]move: Flip Turn\n|\n|-weather|RainDance|[upkeep]\n|-heal|p1a: Tapu Fini|58\/100|[from] item: Leftovers\n|upkeep\n|turn|8\n|\n|t:|1653891555\n|switch|p1a: Blissey|Blissey, F|57\/100\n|move|p2a: Zapdos|Hurricane|p1a: Blissey\n|-damage|p1a: Blissey|38\/100\n|\n|-weather|none\n|upkeep\n|turn|9\n|j| Current Clown\n|\n|t:|1653891564\n|move|p2a: Zapdos|Volt Switch|p1a: Blissey\n|-damage|p1a: Blissey|25\/100\n|\n|t:|1653891567\n|switch|p2a: Drednaw|Drednaw, M|100\/100|[from]move: Volt Switch\n|-damage|p2a: Drednaw|88\/100|[from] Stealth Rock\n|move|p1a: Blissey|Soft-Boiled|p1a: Blissey\n|-heal|p1a: Blissey|75\/100\n|\n|-fieldend|Misty Terrain\n|upkeep\n|turn|10\n|\n|t:|1653891573\n|switch|p1a: Kartana|Kartana|100\/100\n|move|p2a: Drednaw|Swords Dance|p2a: Drednaw\n|-boost|p2a: Drednaw|atk|2\n|\n|upkeep\n|turn|11\n|\n|t:|1653891582\n|switch|p2a: Zapdos|Zapdos|100\/100\n|move|p1a: Kartana|Leaf Blade|p2a: Zapdos\n|-resisted|p2a: Zapdos\n|-damage|p2a: Zapdos|74\/100\n|\n|upkeep\n|turn|12\n|\n|t:|1653891588\n|switch|p1a: Blissey|Blissey, F|75\/100\n|move|p2a: Zapdos|Volt Switch|p1a: Blissey\n|-damage|p1a: Blissey|61\/100\n|\n|t:|1653891591\n|switch|p2a: Pelipper|Pelipper, F|100\/100|[from]move: Volt Switch\n|-damage|p2a: Pelipper|75\/100|[from] Stealth Rock\n|-weather|RainDance|[from] ability: Drizzle|[of] p2a: Pelipper\n|\n|-weather|RainDance|[upkeep]\n|upkeep\n|turn|13\n|\n|t:|1653891598\n|switch|p1a: Tapu Fini|Tapu Fini|58\/100\n|-fieldstart|move: Misty Terrain|[from] ability: Misty Surge|[of] p1a: Tapu Fini\n|move|p2a: Pelipper|Defog|p1a: Tapu Fini\n|-unboost|p1a: Tapu Fini|evasion|1\n|-sideend|p2: Titout|Stealth Rock|[from] move: Defog|[of] p2a: Pelipper\n|-fieldend|Misty Terrain\n|\n|-weather|RainDance|[upkeep]\n|-heal|p1a: Tapu Fini|64\/100|[from] item: Leftovers\n|upkeep\n|turn|14\n|\n|t:|1653891605\n|switch|p2a: Ferrothorn|Ferrothorn, M|79\/100\n|move|p1a: Tapu Fini|Moonblast|p2a: Ferrothorn\n|-resisted|p2a: Ferrothorn\n|-damage|p2a: Ferrothorn|68\/100\n|\n|-weather|RainDance|[upkeep]\n|-heal|p1a: Tapu Fini|70\/100|[from] item: Leftovers\n|-heal|p2a: Ferrothorn|74\/100|[from] item: Leftovers\n|upkeep\n|turn|15\n|\n|t:|1653891617\n|move|p1a: Tapu Fini|Taunt|p2a: Ferrothorn\n|-start|p2a: Ferrothorn|move: Taunt\n|cant|p2a: Ferrothorn|move: Taunt|Stealth Rock\n|\n|-weather|RainDance|[upkeep]\n|-heal|p1a: Tapu Fini|76\/100|[from] item: Leftovers\n|-heal|p2a: Ferrothorn|80\/100|[from] item: Leftovers\n|upkeep\n|turn|16\n|\n|t:|1653891621\n|switch|p1a: Kartana|Kartana|100\/100\n|switch|p2a: Ludicolo|Ludicolo, F|91\/100\n|\n|-weather|RainDance|[upkeep]\n|upkeep\n|turn|17\n|\n|t:|1653891626\n|switch|p1a: Blissey|Blissey, F|61\/100\n|move|p2a: Ludicolo|Surf|p1a: Blissey\n|-damage|p1a: Blissey|32\/100\n|-damage|p2a: Ludicolo|81\/100|[from] item: Life Orb\n|\n|-weather|RainDance|[upkeep]\n|upkeep\n|turn|18\n|\n|t:|1653891648\n|switch|p2a: Barraskewda|Barraskewda, F|88\/100\n|move|p1a: Blissey|Soft-Boiled|p1a: Blissey\n|-heal|p1a: Blissey|82\/100\n|\n|-weather|RainDance|[upkeep]\n|upkeep\n|turn|19\n|\n|t:|1653891651\n|switch|p1a: Tapu Fini|Tapu Fini|76\/100\n|-fieldstart|move: Misty Terrain|[from] ability: Misty Surge|[of] p1a: Tapu Fini\n|move|p2a: Barraskewda|Flip Turn|p1a: Tapu Fini\n|-resisted|p1a: Tapu Fini\n|-damage|p1a: Tapu Fini|52\/100\n|\n|t:|1653891654\n|switch|p2a: Zapdos|Zapdos|74\/100|[from]move: Flip Turn\n|\n|-weather|none\n|-heal|p1a: Tapu Fini|58\/100|[from] item: Leftovers\n|upkeep\n|turn|20\n|\n|t:|1653891662\n|switch|p2a: Pelipper|Pelipper, F|75\/100\n|-weather|RainDance|[from] ability: Drizzle|[of] p2a: Pelipper\n|switch|p1a: Landorus|Landorus-Therian, M|100\/100\n|-ability|p1a: Landorus|Intimidate|boost\n|-unboost|p2a: Pelipper|atk|1\n|\n|-weather|RainDance|[upkeep]\n|upkeep\n|turn|21\n|\n|t:|1653891665\n|move|p1a: Landorus|Stone Edge|p2a: Pelipper\n|-supereffective|p2a: Pelipper\n|-damage|p2a: Pelipper|17\/100\n|move|p2a: Pelipper|U-turn|p1a: Landorus\n|-resisted|p1a: Landorus\n|-damage|p1a: Landorus|97\/100\n|\n|t:|1653891670\n|switch|p2a: Barraskewda|Barraskewda, F|88\/100|[from]move: U-turn\n|\n|-weather|RainDance|[upkeep]\n|upkeep\n|turn|22\n|\n|t:|1653891677\n|switch|p1a: Tapu Fini|Tapu Fini|58\/100\n|move|p2a: Barraskewda|Flip Turn|p1a: Tapu Fini\n|-resisted|p1a: Tapu Fini\n|-damage|p1a: Tapu Fini|32\/100\n|\n|t:|1653891679\n|switch|p2a: Drednaw|Drednaw, M|88\/100|[from]move: Flip Turn\n|\n|-weather|RainDance|[upkeep]\n|-heal|p1a: Tapu Fini|38\/100|[from] item: Leftovers\n|upkeep\n|turn|23\n|\n|t:|1653891684\n|move|p2a: Drednaw|Swords Dance|p2a: Drednaw\n|-boost|p2a: Drednaw|atk|2\n|move|p1a: Tapu Fini|Surf|p2a: Drednaw\n|-damage|p2a: Drednaw|10\/100\n|\n|-weather|RainDance|[upkeep]\n|-heal|p1a: Tapu Fini|44\/100|[from] item: Leftovers\n|-fieldend|Misty Terrain\n|upkeep\n|turn|24\n|\n|t:|1653891688\n|move|p2a: Drednaw|Liquidation|p1a: Tapu Fini\n|-resisted|p1a: Tapu Fini\n|-crit|p1a: Tapu Fini\n|-damage|p1a: Tapu Fini|0 fnt\n|faint|p1a: Tapu Fini\n|-damage|p2a: Drednaw|0 fnt|[from] item: Life Orb\n|faint|p2a: Drednaw\n|\n|-weather|RainDance|[upkeep]\n|upkeep\n|j| uasdhybfjhsbf\n|l| uasdhybfjhsbf\n|inactive|Adel19 has 120 seconds left.\n|\n|t:|1653891721\n|switch|p2a: Barraskewda|Barraskewda, F|88\/100\n|switch|p1a: Landorus|Landorus-Therian, M|97\/100\n|-ability|p1a: Landorus|Intimidate|boost\n|-unboost|p2a: Barraskewda|atk|1\n|turn|25\n|\n|t:|1653891724\n|switch|p1a: Kartana|Kartana|100\/100\n|move|p2a: Barraskewda|Liquidation|p1a: Kartana\n|-resisted|p1a: Kartana\n|-damage|p1a: Kartana|69\/100\n|\n|-weather|RainDance|[upkeep]\n|upkeep\n|turn|26\n|\n|t:|1653891729\n|switch|p2a: Zapdos|Zapdos|74\/100\n|move|p1a: Kartana|Knock Off|p2a: Zapdos\n|-damage|p2a: Zapdos|33\/100\n|-enditem|p2a: Zapdos|Heavy-Duty Boots|[from] move: Knock Off|[of] p1a: Kartana\n|\n|-weather|RainDance|[upkeep]\n|upkeep\n|turn|27\n|j| hxxx185h\n|\n|t:|1653891734\n|switch|p1a: Landorus|Landorus-Therian, M|97\/100\n|-ability|p1a: Landorus|Intimidate|boost\n|-unboost|p2a: Zapdos|atk|1\n|move|p2a: Zapdos|Roost|p2a: Zapdos\n|-heal|p2a: Zapdos|83\/100\n|-singleturn|p2a: Zapdos|move: Roost\n|\n|-weather|none\n|upkeep\n|turn|28\n|\n|t:|1653891749\n|switch|p1a: Blissey|Blissey, F|82\/100\n|move|p2a: Zapdos|Hurricane|p1a: Blissey|[miss]\n|-miss|p2a: Zapdos|p1a: Blissey\n|\n|upkeep\n|turn|29\n|\n|t:|1653891753\n|switch|p2a: Pelipper|Pelipper, F|17\/100\n|-weather|RainDance|[from] ability: Drizzle|[of] p2a: Pelipper\n|move|p1a: Blissey|Stealth Rock|p2a: Pelipper\n|-sidestart|p2: Titout|move: Stealth Rock\n|\n|-weather|RainDance|[upkeep]\n|upkeep\n|turn|30\n|\n|t:|1653891755\n|move|p2a: Pelipper|Defog|p1a: Blissey\n|-unboost|p1a: Blissey|evasion|1\n|-sideend|p2: Titout|Stealth Rock|[from] move: Defog|[of] p2a: Pelipper\n|move|p1a: Blissey|Seismic Toss|p2a: Pelipper\n|-damage|p2a: Pelipper|0 fnt\n|faint|p2a: Pelipper\n|\n|-weather|RainDance|[upkeep]\n|upkeep\n|\n|t:|1653891758\n|switch|p2a: Barraskewda|Barraskewda, F|88\/100\n|turn|31\n|\n|t:|1653891770\n|switch|p1a: Landorus|Landorus-Therian, M|97\/100\n|-ability|p1a: Landorus|Intimidate|boost\n|-unboost|p2a: Barraskewda|atk|1\n|move|p2a: Barraskewda|Liquidation|p1a: Landorus\n|-supereffective|p1a: Landorus\n|-damage|p1a: Landorus|0 fnt\n|faint|p1a: Landorus\n|\n|-weather|RainDance|[upkeep]\n|upkeep\n|inactive|Adel19 has 120 seconds left.\n|\n|t:|1653891803\n|switch|p1a: Kartana|Kartana|69\/100\n|turn|32\n|\n|t:|1653891807\n|switch|p2a: Zapdos|Zapdos|83\/100\n|move|p1a: Kartana|Leaf Blade|p2a: Zapdos\n|-resisted|p2a: Zapdos\n|-damage|p2a: Zapdos|54\/100\n|\n|-weather|RainDance|[upkeep]\n|upkeep\n|turn|33\n|\n|t:|1653891818\n|move|p1a: Kartana|Swords Dance|p1a: Kartana\n|-boost|p1a: Kartana|atk|2\n|move|p2a: Zapdos|Volt Switch|p1a: Kartana\n|-resisted|p1a: Kartana\n|-damage|p1a: Kartana|25\/100\n|\n|t:|1653891820\n|switch|p2a: Barraskewda|Barraskewda, F|88\/100|[from]move: Volt Switch\n|\n|-weather|RainDance|[upkeep]\n|upkeep\n|turn|34\n|\n|t:|1653891829\n|move|p2a: Barraskewda|Liquidation|p1a: Kartana\n|-resisted|p1a: Kartana\n|-damage|p1a: Kartana|0 fnt\n|faint|p1a: Kartana\n|\n|-weather|RainDance|[upkeep]\n|upkeep\n|\n|t:|1653891837\n|switch|p1a: Blissey|Blissey, F|82\/100\n|turn|35\n|\n|t:|1653891839\n|move|p2a: Barraskewda|Liquidation|p1a: Blissey\n|-damage|p1a: Blissey|0 fnt\n|faint|p1a: Blissey\n|\n|-weather|RainDance|[upkeep]\n|upkeep\n|\n|t:|1653891841\n|switch|p1a: Tapu Lele|Tapu Lele|100\/100\n|-fieldstart|move: Psychic Terrain|[from] ability: Psychic Surge|[of] p1a: Tapu Lele\n|turn|36\n|\n|t:|1653891843\n|move|p2a: Barraskewda|Liquidation|p1a: Tapu Lele\n|-damage|p1a: Tapu Lele|0 fnt\n|faint|p1a: Tapu Lele\n|\n|-weather|none\n|upkeep\n|\n|t:|1653891844\n|switch|p1a: Zeraora|Zeraora|100\/100\n|turn|37\n|\n|t:|1653891851\n|move|p1a: Zeraora|Bulk Up|p1a: Zeraora\n|-boost|p1a: Zeraora|atk|1\n|-boost|p1a: Zeraora|def|1\n|move|p2a: Barraskewda|Liquidation|p1a: Zeraora\n|-damage|p1a: Zeraora|34\/100\n|\n|upkeep\n|turn|38\n|\n|t:|1653891858\n|switch|p2a: Ferrothorn|Ferrothorn, M|80\/100\n|move|p1a: Zeraora|Plasma Fists|p2a: Ferrothorn\n|-resisted|p2a: Ferrothorn\n|-damage|p2a: Ferrothorn|52\/100\n|-fieldactivate|move: Ion Deluge\n|-hint|Normal-type moves become Electric-type after using Plasma Fists.\n|-damage|p1a: Zeraora|22\/100|[from] ability: Iron Barbs|[of] p2a: Ferrothorn\n|\n|-heal|p2a: Ferrothorn|58\/100|[from] item: Leftovers\n|upkeep\n|turn|39\n|\n|t:|1653891866\n|switch|p2a: Zapdos|Zapdos|54\/100\n|move|p1a: Zeraora|Drain Punch|p2a: Zapdos\n|-resisted|p2a: Zapdos\n|-damage|p2a: Zapdos|33\/100\n|-heal|p1a: Zeraora|33\/100|[from] drain|[of] p2a: Zapdos\n|\n|upkeep\n|turn|40\n|\n|t:|1653891877\n|move|p1a: Zeraora|Plasma Fists|p2a: Zapdos\n|-damage|p2a: Zapdos|0 fnt\n|-fieldactivate|move: Ion Deluge\n|-hint|Normal-type moves become Electric-type after using Plasma Fists.\n|faint|p2a: Zapdos\n|\n|-fieldend|move: Psychic Terrain\n|upkeep\n|\n|t:|1653891882\n|switch|p2a: Ludicolo|Ludicolo, F|81\/100\n|turn|41\n|\n|t:|1653891885\n|move|p1a: Zeraora|Plasma Fists|p2a: Ludicolo\n|-damage|p2a: Ludicolo|0 fnt\n|-fieldactivate|move: Ion Deluge\n|-hint|Normal-type moves become Electric-type after using Plasma Fists.\n|faint|p2a: Ludicolo\n|\n|upkeep\n|\n|t:|1653891890\n|switch|p2a: Ferrothorn|Ferrothorn, M|58\/100\n|turn|42\n|\n|t:|1653891895\n|move|p1a: Zeraora|Drain Punch|p2a: Ferrothorn\n|-supereffective|p2a: Ferrothorn\n|-damage|p2a: Ferrothorn|0 fnt\n|-heal|p1a: Zeraora|65\/100|[from] drain|[of] p2a: Ferrothorn\n|-damage|p1a: Zeraora|53\/100|[from] ability: Iron Barbs|[of] p2a: Ferrothorn\n|faint|p2a: Ferrothorn\n|\n|upkeep\n|\n|t:|1653891897\n|switch|p2a: Barraskewda|Barraskewda, F|88\/100\n|turn|43\n|\n|t:|1653891899\n|move|p1a: Zeraora|Plasma Fists|p2a: Barraskewda\n|-supereffective|p2a: Barraskewda\n|-damage|p2a: Barraskewda|0 fnt\n|-fieldactivate|move: Ion Deluge\n|-hint|Normal-type moves become Electric-type after using Plasma Fists.\n|faint|p2a: Barraskewda\n|\n|win|Adel19\n|raw|Adel19's rating: 1825 &rarr; <strong>1843<\/strong><br \/>(+18 for winning)\n|raw|Titout's rating: 1794 &rarr; <strong>1776<\/strong><br \/>(-18 for losing)\n|l|\u2606Titout\n","uploadtime":1653891911,"views":61,"p1id":"adel19","p2id":"titout","formatid":"gen8ou","rating":1776,"private":0,"password":null}