{"id":"gen8ou-1603429451","p1":"booby#jelly","p2":"Steve Omelette","format":"gen8ou","log":"|j|\u2606booby#jelly\n|j|\u2606Steve Omelette\n|t:|1656096689\n|gametype|singles\n|player|p1|booby#jelly|mira|1797\n|player|p2|Steve Omelette|265|1881\n|teamsize|p1|6\n|teamsize|p2|6\n|gen|8\n|tier|[Gen 8] OU\n|rated|\n|rule|Sleep Clause Mod: Limit one foe put to sleep\n|rule|Species Clause: Limit one of each Pok\u00e9mon\n|rule|OHKO Clause: OHKO moves are banned\n|rule|Evasion Moves Clause: Evasion moves are banned\n|rule|Endless Battle Clause: Forcing endless battles is banned\n|rule|HP Percentage Mod: HP is shown in percentages\n|rule|Dynamax Clause: You cannot dynamax\n|clearpoke\n|poke|p1|Hawlucha, M|\n|poke|p1|Kommo-o, F|\n|poke|p1|Tapu Lele|\n|poke|p1|Kartana|\n|poke|p1|Bisharp, M|\n|poke|p1|Volcarona, F|\n|poke|p2|Tapu Fini|\n|poke|p2|Weavile, M|\n|poke|p2|Landorus-Therian, M|\n|poke|p2|Zapdos|\n|poke|p2|Melmetal|\n|poke|p2|Buzzwole|\n|teampreview\n|inactive|Battle timer is ON: inactive players will automatically lose when time's up. (requested by booby#jelly)\n|\n|t:|1656096713\n|start\n|switch|p1a: 300|Bisharp, M, shiny|100\/100\n|switch|p2a: Buzzwole|Buzzwole|100\/100\n|turn|1\n|j| clflucker\n|\n|t:|1656096724\n|switch|p1a: UwU|Tapu Lele|100\/100\n|-fieldstart|move: Psychic Terrain|[from] ability: Psychic Surge|[of] p1a: UwU\n|move|p2a: Buzzwole|Close Combat|p1a: UwU\n|-resisted|p1a: UwU\n|-damage|p1a: UwU|60\/100\n|-unboost|p2a: Buzzwole|def|1\n|-unboost|p2a: Buzzwole|spd|1\n|\n|upkeep\n|turn|2\n|\n|t:|1656096735\n|move|p1a: UwU|Moonblast|p2a: Buzzwole\n|-supereffective|p2a: Buzzwole\n|-damage|p2a: Buzzwole|0 fnt\n|faint|p2a: Buzzwole\n|\n|upkeep\n|\n|t:|1656096739\n|switch|p2a: Melmetal|Melmetal|100\/100\n|turn|3\n|\n|t:|1656096745\n|switch|p1a: 300|Bisharp, M, shiny|100\/100\n|move|p2a: Melmetal|Earthquake|p1a: 300\n|-supereffective|p1a: 300\n|-damage|p1a: 300|18\/100\n|\n|upkeep\n|turn|4\n|\n|t:|1656096751\n|move|p1a: 300|Knock Off|p2a: Melmetal\n|-damage|p2a: Melmetal|68\/100\n|-enditem|p2a: Melmetal|Leftovers|[from] move: Knock Off|[of] p1a: 300\n|move|p2a: Melmetal|Earthquake|p1a: 300\n|-supereffective|p1a: 300\n|-damage|p1a: 300|0 fnt\n|faint|p1a: 300\n|\n|upkeep\n|\n|t:|1656096765\n|switch|p1a: oh-fifou|Kommo-o, F, shiny|100\/100\n|turn|5\n|\n|t:|1656096770\n|switch|p2a: Tapu Fini|Tapu Fini|100\/100\n|-fieldstart|move: Misty Terrain|[from] ability: Misty Surge|[of] p2a: Tapu Fini\n|move|p1a: oh-fifou|Clangorous Soul|p1a: oh-fifou\n|-boost|p1a: oh-fifou|atk|1\n|-boost|p1a: oh-fifou|def|1\n|-boost|p1a: oh-fifou|spa|1\n|-boost|p1a: oh-fifou|spd|1\n|-boost|p1a: oh-fifou|spe|1\n|-damage|p1a: oh-fifou|68\/100\n|-enditem|p1a: oh-fifou|Throat Spray\n|-boost|p1a: oh-fifou|spa|1|[from] item: Throat Spray\n|\n|upkeep\n|turn|6\n|\n|t:|1656096783\n|move|p1a: oh-fifou|Boomburst|p2a: Tapu Fini\n|-damage|p2a: Tapu Fini|44\/100\n|move|p2a: Tapu Fini|Moonblast|p1a: oh-fifou\n|-supereffective|p1a: oh-fifou\n|-damage|p1a: oh-fifou|0 fnt\n|faint|p1a: oh-fifou\n|\n|-heal|p2a: Tapu Fini|50\/100|[from] item: Leftovers\n|upkeep\n|j| pokeaimfan96\n|\n|t:|1656096792\n|switch|p1a: PITOU|Kartana|100\/100\n|turn|7\n|\n|t:|1656096796\n|switch|p2a: Melmetal|Melmetal|68\/100\n|move|p1a: PITOU|Leaf Blade|p2a: Melmetal\n|-resisted|p2a: Melmetal\n|-damage|p2a: Melmetal|48\/100\n|-damage|p1a: PITOU|90\/100|[from] item: Life Orb\n|\n|upkeep\n|turn|8\n|j| Not_Taken_Name637\n|\n|t:|1656096803\n|move|p1a: PITOU|Swords Dance|p1a: PITOU\n|-boost|p1a: PITOU|atk|2\n|move|p2a: Melmetal|Earthquake|p1a: PITOU\n|-damage|p1a: PITOU|51\/100\n|\n|upkeep\n|turn|9\n|\n|t:|1656096813\n|switch|p2a: Tapu Fini|Tapu Fini|50\/100\n|move|p1a: PITOU|Swords Dance|p1a: PITOU\n|-boost|p1a: PITOU|atk|2\n|\n|-heal|p2a: Tapu Fini|57\/100|[from] item: Leftovers\n|-fieldend|Misty Terrain\n|upkeep\n|turn|10\n|\n|t:|1656096820\n|move|p1a: PITOU|Leaf Blade|p2a: Tapu Fini\n|-supereffective|p2a: Tapu Fini\n|-damage|p2a: Tapu Fini|0 fnt\n|faint|p2a: Tapu Fini\n|-ability|p1a: PITOU|Beast Boost|boost\n|-boost|p1a: PITOU|atk|1\n|-damage|p1a: PITOU|41\/100|[from] item: Life Orb\n|\n|upkeep\n|\n|t:|1656096821\n|switch|p2a: Weavile|Weavile, M|100\/100\n|-ability|p2a: Weavile|Pressure\n|turn|11\n|j| Razayforce\n|\n|t:|1656096832\n|switch|p1a: UwU|Tapu Lele|60\/100\n|-fieldstart|move: Psychic Terrain|[from] ability: Psychic Surge|[of] p1a: UwU\n|move|p2a: Weavile|Knock Off|p1a: UwU\n|-damage|p1a: UwU|0 fnt\n|-enditem|p1a: UwU|Choice Specs|[from] move: Knock Off|[of] p2a: Weavile\n|faint|p1a: UwU\n|\n|upkeep\n|\n|t:|1656096840\n|switch|p1a: Metro\u00efd|Hawlucha, M|100\/100\n|-enditem|p1a: Metro\u00efd|Psychic Seed\n|-boost|p1a: Metro\u00efd|spd|1|[from] item: Psychic Seed\n|turn|12\n|\n|t:|1656096851\n|switch|p2a: Zapdos|Zapdos|100\/100\n|move|p1a: Metro\u00efd|Swords Dance|p1a: Metro\u00efd\n|-boost|p1a: Metro\u00efd|atk|2\n|\n|upkeep\n|turn|13\n|\n|t:|1656096856\n|move|p1a: Metro\u00efd|Stone Edge|p2a: Zapdos\n|-supereffective|p2a: Zapdos\n|-damage|p2a: Zapdos|0 fnt\n|faint|p2a: Zapdos\n|\n|upkeep\n|j| GohannBestPerso\n|\n|t:|1656096861\n|switch|p2a: Landorus|Landorus-Therian, M|100\/100\n|-ability|p2a: Landorus|Intimidate|boost\n|-unboost|p1a: Metro\u00efd|atk|1\n|turn|14\n|\n|t:|1656096865\n|switch|p2a: Melmetal|Melmetal|48\/100\n|move|p1a: Metro\u00efd|Acrobatics|p2a: Melmetal\n|-resisted|p2a: Melmetal\n|-damage|p2a: Melmetal|26\/100\n|\n|upkeep\n|turn|15\n|\n|t:|1656096874\n|move|p1a: Metro\u00efd|Close Combat|p2a: Melmetal\n|-supereffective|p2a: Melmetal\n|-damage|p2a: Melmetal|0 fnt\n|-unboost|p1a: Metro\u00efd|def|1\n|-unboost|p1a: Metro\u00efd|spd|1\n|faint|p2a: Melmetal\n|\n|-fieldend|move: Psychic Terrain\n|upkeep\n|\n|t:|1656096875\n|switch|p2a: Weavile|Weavile, M|100\/100\n|-ability|p2a: Weavile|Pressure\n|turn|16\n|\n|t:|1656096883\n|move|p2a: Weavile|Ice Shard|p1a: Metro\u00efd\n|-supereffective|p1a: Metro\u00efd\n|-damage|p1a: Metro\u00efd|0 fnt\n|faint|p1a: Metro\u00efd\n|\n|upkeep\n|\n|t:|1656096890\n|switch|p1a: VTT de COURSE|Volcarona, F, shiny|100\/100\n|turn|17\n|\n|t:|1656096896\n|switch|p2a: Landorus|Landorus-Therian, M|100\/100\n|-ability|p2a: Landorus|Intimidate|boost\n|-unboost|p1a: VTT de COURSE|atk|1\n|move|p1a: VTT de COURSE|Quiver Dance|p1a: VTT de COURSE\n|-boost|p1a: VTT de COURSE|spa|1\n|-boost|p1a: VTT de COURSE|spd|1\n|-boost|p1a: VTT de COURSE|spe|1\n|\n|upkeep\n|turn|18\n|\n|t:|1656096905\n|move|p1a: VTT de COURSE|Flamethrower|p2a: Landorus\n|-damage|p2a: Landorus|49\/100\n|move|p2a: Landorus|Earthquake|p1a: VTT de COURSE\n|-damage|p1a: VTT de COURSE|24\/100\n|\n|-heal|p2a: Landorus|55\/100|[from] item: Leftovers\n|upkeep\n|turn|19\n|\n|t:|1656096916\n|move|p1a: VTT de COURSE|Flamethrower|p2a: Landorus\n|-damage|p2a: Landorus|3\/100\n|move|p2a: Landorus|Earthquake|p1a: VTT de COURSE\n|-damage|p1a: VTT de COURSE|0 fnt\n|faint|p1a: VTT de COURSE\n|\n|-heal|p2a: Landorus|9\/100|[from] item: Leftovers\n|upkeep\n|c|\u2606booby#jelly|gg\n|c|\u2606Steve Omelette|gg\n|-message|booby#jelly forfeited.\n|\n|win|Steve Omelette\n|raw|booby#jelly's rating: 1797 &rarr; <strong>1782<\/strong><br \/>(-15 for losing)\n|raw|Steve Omelette's rating: 1881 &rarr; <strong>1896<\/strong><br \/>(+15 for winning)\n|l|\u2606booby#jelly\n|l|\u2606Steve Omelette\n|l| GohannBestPerso\n","uploadtime":1656096928,"views":73,"p1id":"boobyjelly","p2id":"steveomelette","formatid":"gen8ou","rating":1782,"private":0,"password":null}