{"id":"gen8ou-1198856821","p1":"hh66tt","p2":"wsdfg","format":"gen8ou","log":"|j|\u2606hh66tt\n|j|\u2606wsdfg\n|t:|1602003996\n|player|p1|hh66tt|266|1815\n|player|p2|wsdfg|lady|1698\n|teamsize|p1|6\n|teamsize|p2|6\n|gametype|singles\n|gen|8\n|tier|[Gen 8] OU\n|rated|\n|clearpoke\n|poke|p1|Indeedee, M|\n|poke|p1|Hawlucha, M|\n|poke|p1|Xatu, M|\n|poke|p1|Alakazam, M|\n|poke|p1|Cloyster, F|\n|poke|p1|Volcarona, F|\n|poke|p2|Zeraora|\n|poke|p2|Clefable, M|\n|poke|p2|Excadrill, M|\n|poke|p2|Ferrothorn, F|\n|poke|p2|Hydreigon, M|\n|poke|p2|Hippowdon, M|\n|rule|Sleep Clause Mod: Limit one foe put to sleep\n|rule|Species Clause: Limit one of each Pok\u00e9mon\n|rule|OHKO Clause: OHKO moves are banned\n|rule|Evasion Moves Clause: Evasion moves are banned\n|rule|Endless Battle Clause: Forcing endless battles is banned\n|rule|HP Percentage Mod: HP is shown in percentages\n|rule|Dynamax Clause: You cannot dynamax\n|teampreview\n|j| LuzDeDia\n|inactive|Battle timer is ON: inactive players will automatically lose when time's up. (requested by hh66tt)\n|\n|t:|1602004009\n|start\n|switch|p1a: Indeedee|Indeedee, M|100\/100\n|switch|p2a: Zeraora|Zeraora|100\/100\n|-fieldstart|move: Psychic Terrain|[from] ability: Psychic Surge|[of] p1a: Indeedee\n|turn|1\n|\n|t:|1602004013\n|switch|p1a: Xatu|Xatu, M|100\/100\n|move|p2a: Zeraora|Knock Off|p1a: Xatu\n|-supereffective|p1a: Xatu\n|-damage|p1a: Xatu|30\/100\n|-enditem|p1a: Xatu|Eject Button|[from] move: Knock Off|[of] p2a: Zeraora\n|\n|upkeep\n|turn|2\n|\n|t:|1602004019\n|move|p2a: Zeraora|Volt Switch|p1a: Xatu\n|-supereffective|p1a: Xatu\n|-damage|p1a: Xatu|0 fnt\n|faint|p1a: Xatu\n|\n|t:|1602004023\n|switch|p2a: Hippowdon|Hippowdon, M|100\/100|[from]move: Volt Switch\n|-weather|Sandstorm|[from] ability: Sand Stream|[of] p2a: Hippowdon\n|\n|-weather|Sandstorm|[upkeep]\n|upkeep\n|\n|t:|1602004034\n|switch|p1a: Alakazam|Alakazam, M|100\/100\n|turn|3\n|\n|t:|1602004037\n|move|p1a: Alakazam|Nasty Plot|p1a: Alakazam\n|-boost|p1a: Alakazam|spa|2\n|move|p2a: Hippowdon|Earthquake|p1a: Alakazam\n|-enditem|p1a: Alakazam|Focus Sash\n|-damage|p1a: Alakazam|1\/100\n|\n|-weather|Sandstorm|[upkeep]\n|upkeep\n|turn|4\n|\n|t:|1602004051\n|move|p1a: Alakazam|Expanding Force|p2a: Hippowdon\n|-damage|p2a: Hippowdon|0 fnt\n|faint|p2a: Hippowdon\n|\n|-weather|Sandstorm|[upkeep]\n|upkeep\n|\n|t:|1602004053\n|switch|p2a: Excadrill|Excadrill, M|100\/100\n|turn|5\n|\n|t:|1602004057\n|switch|p1a: Hawlucha|Hawlucha, M, shiny|100\/100\n|-enditem|p1a: Hawlucha|Psychic Seed\n|-boost|p1a: Hawlucha|spd|1|[from] item: Psychic Seed\n|move|p2a: Excadrill|Iron Head|p1a: Hawlucha\n|-damage|p1a: Hawlucha|56\/100\n|\n|-weather|Sandstorm|[upkeep]\n|-damage|p1a: Hawlucha|50\/100|[from] Sandstorm\n|upkeep\n|turn|6\n|\n|t:|1602004064\n|switch|p2a: Clefable|Clefable, M|100\/100\n|move|p1a: Hawlucha|Close Combat|p2a: Clefable\n|-resisted|p2a: Clefable\n|-crit|p2a: Clefable\n|-damage|p2a: Clefable|54\/100\n|-unboost|p1a: Hawlucha|def|1\n|-unboost|p1a: Hawlucha|spd|1\n|\n|-weather|none\n|-heal|p2a: Clefable|60\/100|[from] item: Leftovers\n|upkeep\n|turn|7\n|\n|t:|1602004069\n|move|p1a: Hawlucha|Acrobatics|p2a: Clefable\n|-damage|p2a: Clefable|5\/100\n|move|p2a: Clefable|Moonblast|p1a: Hawlucha\n|-supereffective|p1a: Hawlucha\n|-damage|p1a: Hawlucha|0 fnt\n|faint|p1a: Hawlucha\n|\n|-heal|p2a: Clefable|11\/100|[from] item: Leftovers\n|upkeep\n|\n|t:|1602004074\n|switch|p1a: Alakazam|Alakazam, M|1\/100\n|turn|8\n|\n|t:|1602004077\n|move|p1a: Alakazam|Dazzling Gleam|p2a: Clefable\n|-damage|p2a: Clefable|0 fnt\n|faint|p2a: Clefable\n|\n|-fieldend|move: Psychic Terrain\n|upkeep\n|\n|t:|1602004079\n|switch|p2a: Zeraora|Zeraora|100\/100\n|turn|9\n|\n|t:|1602004082\n|switch|p1a: Indeedee|Indeedee, M|100\/100\n|-fieldstart|move: Psychic Terrain|[from] ability: Psychic Surge|[of] p1a: Indeedee\n|move|p2a: Zeraora|Knock Off|p1a: Indeedee\n|-supereffective|p1a: Indeedee\n|-damage|p1a: Indeedee|0 fnt\n|-enditem|p1a: Indeedee|Terrain Extender|[from] move: Knock Off|[of] p2a: Zeraora\n|faint|p1a: Indeedee\n|\n|upkeep\n|\n|t:|1602004096\n|switch|p1a: Volcarona|Volcarona, F|100\/100\n|turn|10\n|\n|t:|1602004099\n|move|p2a: Zeraora|Plasma Fists|p1a: Volcarona\n|-damage|p1a: Volcarona|30\/100\n|-fieldactivate|move: Ion Deluge\n|move|p1a: Volcarona|Quiver Dance|p1a: Volcarona\n|-boost|p1a: Volcarona|spa|1\n|-boost|p1a: Volcarona|spd|1\n|-boost|p1a: Volcarona|spe|1\n|\n|upkeep\n|turn|11\n|j| NDHB\n|\n|t:|1602004105\n|move|p1a: Volcarona|Bug Buzz|p2a: Zeraora\n|-damage|p2a: Zeraora|0 fnt\n|faint|p2a: Zeraora\n|\n|upkeep\n|\n|t:|1602004109\n|switch|p2a: Ferrothorn|Ferrothorn, F|100\/100\n|turn|12\n|\n|t:|1602004111\n|move|p1a: Volcarona|Fiery Dance|p2a: Ferrothorn\n|-supereffective|p2a: Ferrothorn\n|-damage|p2a: Ferrothorn|0 fnt\n|faint|p2a: Ferrothorn\n|\n|upkeep\n|-message|wsdfg forfeited.\n|\n|win|hh66tt\n|l|\u2606wsdfg\n|l|\u2606hh66tt\n|l| LuzDeDia\n||Ladder (probably) updated, but score could not be retrieved (Request timeout).\n","uploadtime":1602004174,"views":23,"p1id":"hh66tt","p2id":"wsdfg","formatid":"gen8ou","rating":0,"private":0,"password":null}