{"id":"gen8ou-1384975567","p1":"Lt84jm okumura","p2":"Coach Jones 6fifth","format":"gen8ou","log":"|raw|<div class=\"broadcast-blue\"><strong>This battle is required to be public due to a player having a name starting with 'lt84jm'.<\/div>\n|j|\u2606Lt84jm okumura\n|j|\u2606Coach Jones 6fifth\n|t:|1627392413\n|gametype|singles\n|player|p1|Lt84jm okumura|tate|1800\n|player|p2|Coach Jones 6fifth|lusamine-nihilego|1811\n|teamsize|p1|6\n|teamsize|p2|6\n|gen|8\n|tier|[Gen 8] OU\n|rated|\n|rule|Sleep Clause Mod: Limit one foe put to sleep\n|rule|Species Clause: Limit one of each Pok\u00e9mon\n|rule|OHKO Clause: OHKO moves are banned\n|rule|Evasion Moves Clause: Evasion moves are banned\n|rule|Endless Battle Clause: Forcing endless battles is banned\n|rule|HP Percentage Mod: HP is shown in percentages\n|rule|Dynamax Clause: You cannot dynamax\n|clearpoke\n|poke|p1|Slowking-Galar, M|\n|poke|p1|Weavile, F|\n|poke|p1|Magnezone|\n|poke|p1|Garchomp, M|\n|poke|p1|Corviknight, M|\n|poke|p1|Urshifu-*, F|\n|poke|p2|Porygon2|\n|poke|p2|Tornadus-Therian, M|\n|poke|p2|Dragapult, M|\n|poke|p2|Magnezone|\n|poke|p2|Seismitoad, F|\n|poke|p2|Aegislash, M|\n|teampreview\n|j| ifeellikethat\n|\n|t:|1627392434\n|start\n|switch|p1a: Urshifu|Urshifu-Rapid-Strike, F|100\/100\n|switch|p2a: Tornadus|Tornadus-Therian, M|100\/100\n|turn|1\n|\n|t:|1627392440\n|switch|p1a: Corviknight|Corviknight, M, shiny|100\/100\n|-ability|p1a: Corviknight|Pressure\n|move|p2a: Tornadus|Knock Off|p1a: Corviknight\n|-damage|p1a: Corviknight|89\/100\n|-damage|p2a: Tornadus|84\/100|[from] item: Rocky Helmet|[of] p1a: Corviknight\n|-enditem|p1a: Corviknight|Rocky Helmet|[from] move: Knock Off|[of] p2a: Tornadus\n|\n|upkeep\n|turn|2\n|\n|t:|1627392445\n|move|p2a: Tornadus|U-turn|p1a: Corviknight\n|-resisted|p1a: Corviknight\n|-damage|p1a: Corviknight|87\/100\n|\n|t:|1627392448\n|switch|p2a: Magnezone|Magnezone|100\/100|[from]move: U-turn\n|move|p1a: Corviknight|U-turn|p2a: Magnezone\n|-resisted|p2a: Magnezone\n|-damage|p2a: Magnezone|94\/100\n|\n|t:|1627392451\n|switch|p1a: Magnezone|Magnezone|100\/100|[from]move: U-turn\n|\n|upkeep\n|turn|3\n|\n|t:|1627392457\n|move|p1a: Magnezone|Volt Switch|p2a: Magnezone\n|-resisted|p2a: Magnezone\n|-damage|p2a: Magnezone|53\/100\n|\n|t:|1627392459\n|switch|p1a: Garchomp|Garchomp, M, shiny|100\/100|[from]move: Volt Switch\n|move|p2a: Magnezone|Body Press|p1a: Garchomp\n|-damage|p1a: Garchomp|82\/100\n|-damage|p2a: Magnezone|40\/100|[from] ability: Rough Skin|[of] p1a: Garchomp\n|\n|-heal|p1a: Garchomp|89\/100|[from] item: Leftovers\n|upkeep\n|turn|4\n|\n|t:|1627392465\n|switch|p2a: Dragapult|Dragapult, M|100\/100\n|move|p1a: Garchomp|Stealth Rock|p2a: Dragapult\n|-sidestart|p2: Coach Jones 6fifth|move: Stealth Rock\n|\n|-heal|p1a: Garchomp|95\/100|[from] item: Leftovers\n|upkeep\n|turn|5\n|\n|t:|1627392468\n|move|p1a: Garchomp|Protect|p1a: Garchomp\n|-singleturn|p1a: Garchomp|Protect\n|move|p2a: Dragapult|Dragon Darts|p1a: Garchomp\n|-activate|p1a: Garchomp|move: Protect\n|\n|-heal|p1a: Garchomp|100\/100|[from] item: Leftovers\n|upkeep\n|turn|6\n|\n|t:|1627392473\n|switch|p1a: Magnezone|Magnezone|100\/100\n|move|p2a: Dragapult|Dragon Darts|p1a: Magnezone\n|-resisted|p1a: Magnezone\n|-damage|p1a: Magnezone|77\/100\n|-anim|p2a: Dragapult|Dragon Darts|p1a: Magnezone\n|-resisted|p1a: Magnezone\n|-damage|p1a: Magnezone|55\/100\n|\n|upkeep\n|turn|7\n|\n|t:|1627392477\n|switch|p2a: Seismitoad|Seismitoad, F|100\/100\n|-damage|p2a: Seismitoad|94\/100|[from] Stealth Rock\n|move|p1a: Magnezone|Toxic|p2a: Seismitoad\n|-status|p2a: Seismitoad|tox\n|\n|-heal|p2a: Seismitoad|100\/100 tox|[from] item: Leftovers\n|-damage|p2a: Seismitoad|94\/100 tox|[from] psn\n|upkeep\n|turn|8\n|\n|t:|1627392482\n|switch|p1a: Corviknight|Corviknight, M, shiny|87\/100\n|-ability|p1a: Corviknight|Pressure\n|move|p2a: Seismitoad|Stealth Rock|p1a: Corviknight\n|-sidestart|p1: Lt84jm okumura|move: Stealth Rock\n|\n|-heal|p2a: Seismitoad|100\/100 tox|[from] item: Leftovers\n|-damage|p2a: Seismitoad|88\/100 tox|[from] psn\n|upkeep\n|turn|9\n|\n|t:|1627392485\n|switch|p2a: Magnezone|Magnezone|40\/100\n|-damage|p2a: Magnezone|34\/100|[from] Stealth Rock\n|move|p1a: Corviknight|Brave Bird|p2a: Magnezone\n|-resisted|p2a: Magnezone\n|-damage|p2a: Magnezone|26\/100\n|-damage|p1a: Corviknight|85\/100|[from] Recoil\n|\n|upkeep\n|turn|10\n|j| I like ghosts\n|\n|t:|1627392488\n|move|p2a: Magnezone|Thunderbolt|p1a: Corviknight\n|-supereffective|p1a: Corviknight\n|-damage|p1a: Corviknight|0 fnt\n|faint|p1a: Corviknight\n|\n|upkeep\n|\n|t:|1627392490\n|switch|p1a: Weavile|Weavile, F|100\/100\n|-ability|p1a: Weavile|Pressure\n|turn|11\n|\n|t:|1627392508\n|move|p1a: Weavile|Knock Off|p2a: Magnezone\n|-damage|p2a: Magnezone|0 fnt\n|-enditem|p2a: Magnezone|Chople Berry|[from] move: Knock Off|[of] p1a: Weavile\n|faint|p2a: Magnezone\n|\n|upkeep\n|\n|t:|1627392519\n|switch|p2a: Aegislash|Aegislash, M, shiny|100\/100\n|-damage|p2a: Aegislash|94\/100|[from] Stealth Rock\n|turn|12\n|\n|t:|1627392523\n|switch|p1a: Garchomp|Garchomp, M, shiny|100\/100\n|-damage|p1a: Garchomp|94\/100|[from] Stealth Rock\n|-formechange|p2a: Aegislash|Aegislash-Blade||[from] ability: Stance Change\n|move|p2a: Aegislash|Flash Cannon|p1a: Garchomp\n|-damage|p1a: Garchomp|51\/100\n|\n|-heal|p1a: Garchomp|57\/100|[from] item: Leftovers\n|-heal|p2a: Aegislash|100\/100|[from] item: Leftovers\n|upkeep\n|turn|13\n|\n|t:|1627392528\n|switch|p2a: Tornadus|Tornadus-Therian, M|100\/100\n|move|p1a: Garchomp|Toxic|p2a: Tornadus\n|-status|p2a: Tornadus|tox\n|\n|-heal|p1a: Garchomp|64\/100|[from] item: Leftovers\n|-damage|p2a: Tornadus|94\/100 tox|[from] psn\n|upkeep\n|turn|14\n|\n|t:|1627392533\n|switch|p2a: Dragapult|Dragapult, M|100\/100\n|-damage|p2a: Dragapult|88\/100|[from] Stealth Rock\n|move|p1a: Garchomp|Protect||[still]\n|-fail|p1a: Garchomp\n|\n|-heal|p1a: Garchomp|70\/100|[from] item: Leftovers\n|upkeep\n|turn|15\n|\n|t:|1627392536\n|switch|p1a: Magnezone|Magnezone|55\/100\n|-damage|p1a: Magnezone|49\/100|[from] Stealth Rock\n|move|p2a: Dragapult|Dragon Darts|p1a: Magnezone\n|-resisted|p1a: Magnezone\n|-damage|p1a: Magnezone|26\/100\n|-anim|p2a: Dragapult|Dragon Darts|p1a: Magnezone\n|-resisted|p1a: Magnezone\n|-damage|p1a: Magnezone|5\/100\n|\n|upkeep\n|turn|16\n|\n|t:|1627392537\n|move|p2a: Dragapult|Dragon Darts|p1a: Magnezone\n|-resisted|p1a: Magnezone\n|-damage|p1a: Magnezone|0 fnt\n|faint|p1a: Magnezone\n|\n|upkeep\n|\n|t:|1627392540\n|switch|p1a: Weavile|Weavile, F|100\/100\n|-ability|p1a: Weavile|Pressure\n|turn|17\n|\n|t:|1627392547\n|switch|p2a: Porygon2|Porygon2|100\/100\n|-damage|p2a: Porygon2|88\/100|[from] Stealth Rock\n|-ability|p2a: Porygon2|Pressure|[from] ability: Trace|[of] p1a: Weavile\n|-ability|p2a: Porygon2|Pressure\n|move|p1a: Weavile|Swords Dance|p1a: Weavile\n|-boost|p1a: Weavile|atk|2\n|\n|upkeep\n|turn|18\n|\n|t:|1627392550\n|move|p1a: Weavile|Knock Off|p2a: Porygon2\n|-damage|p2a: Porygon2|34\/100\n|-enditem|p2a: Porygon2|Eviolite|[from] move: Knock Off|[of] p1a: Weavile\n|move|p2a: Porygon2|Thunder Wave|p1a: Weavile\n|-status|p1a: Weavile|par\n|\n|upkeep\n|turn|19\n|\n|t:|1627392554\n|move|p1a: Weavile|Knock Off|p2a: Porygon2\n|-damage|p2a: Porygon2|0 fnt\n|faint|p2a: Porygon2\n|\n|upkeep\n|\n|t:|1627392561\n|switch|p2a: Aegislash|Aegislash, M, shiny|100\/100\n|-damage|p2a: Aegislash|94\/100|[from] Stealth Rock\n|turn|20\n|\n|t:|1627392564\n|switch|p1a: Urshifu|Urshifu-Rapid-Strike, F|100\/100\n|-damage|p1a: Urshifu|94\/100|[from] Stealth Rock\n|-formechange|p2a: Aegislash|Aegislash-Blade||[from] ability: Stance Change\n|move|p2a: Aegislash|Close Combat|p1a: Urshifu\n|-damage|p1a: Urshifu|61\/100\n|-unboost|p2a: Aegislash|def|1\n|-unboost|p2a: Aegislash|spd|1\n|\n|-heal|p2a: Aegislash|100\/100|[from] item: Leftovers\n|upkeep\n|turn|21\n|\n|t:|1627392570\n|move|p1a: Urshifu|Surging Strikes|p2a: Aegislash\n|-crit|p2a: Aegislash\n|-damage|p2a: Aegislash|9\/100\n|-crit|p2a: Aegislash\n|-damage|p2a: Aegislash|0 fnt\n|faint|p2a: Aegislash\n|-hitcount|p2: Aegislash|2\n|\n|upkeep\n|\n|t:|1627392572\n|switch|p2a: Dragapult|Dragapult, M|88\/100\n|-damage|p2a: Dragapult|76\/100|[from] Stealth Rock\n|turn|22\n|\n|t:|1627392579\n|switch|p1a: Garchomp|Garchomp, M, shiny|70\/100\n|-damage|p1a: Garchomp|64\/100|[from] Stealth Rock\n|move|p2a: Dragapult|Dragon Darts|p1a: Garchomp\n|-supereffective|p1a: Garchomp\n|-damage|p1a: Garchomp|0 fnt\n|faint|p1a: Garchomp\n|\n|upkeep\n|\n|t:|1627392580\n|switch|p1a: Weavile|Weavile, F|100\/100 par\n|-ability|p1a: Weavile|Pressure\n|turn|23\n|\n|t:|1627392583\n|move|p1a: Weavile|Ice Shard|p2a: Dragapult\n|-supereffective|p2a: Dragapult\n|-damage|p2a: Dragapult|20\/100\n|move|p2a: Dragapult|Dragon Darts|p1a: Weavile\n|-damage|p1a: Weavile|36\/100 par\n|-anim|p2a: Dragapult|Dragon Darts|p1a: Weavile\n|-damage|p1a: Weavile|0 fnt\n|faint|p1a: Weavile\n|\n|upkeep\n|\n|t:|1627392587\n|switch|p1a: Urshifu|Urshifu-Rapid-Strike, F|61\/100\n|-damage|p1a: Urshifu|55\/100|[from] Stealth Rock\n|turn|24\n|\n|t:|1627392591\n|switch|p2a: Seismitoad|Seismitoad, F|88\/100 tox\n|-damage|p2a: Seismitoad|82\/100 tox|[from] Stealth Rock\n|move|p1a: Urshifu|Aqua Jet|p2a: Seismitoad\n|-heal|p2a: Seismitoad|100\/100 tox|[from] ability: Water Absorb|[of] p1a: Urshifu\n|\n|-damage|p2a: Seismitoad|94\/100 tox|[from] psn\n|upkeep\n|turn|25\n|\n|t:|1627392593\n|switch|p1a: Slowking|Slowking-Galar, M, shiny|100\/100\n|-damage|p1a: Slowking|88\/100|[from] Stealth Rock\n|move|p2a: Seismitoad|Earthquake|p1a: Slowking\n|-supereffective|p1a: Slowking\n|-damage|p1a: Slowking|22\/100\n|\n|-heal|p2a: Seismitoad|100\/100 tox|[from] item: Leftovers\n|-damage|p2a: Seismitoad|88\/100 tox|[from] psn\n|upkeep\n|turn|26\n|\n|t:|1627392596\n|move|p2a: Seismitoad|Earthquake|p1a: Slowking\n|-supereffective|p1a: Slowking\n|-damage|p1a: Slowking|0 fnt\n|faint|p1a: Slowking\n|\n|-heal|p2a: Seismitoad|94\/100 tox|[from] item: Leftovers\n|-damage|p2a: Seismitoad|76\/100 tox|[from] psn\n|upkeep\n|\n|t:|1627392598\n|switch|p1a: Urshifu|Urshifu-Rapid-Strike, F|55\/100\n|-damage|p1a: Urshifu|49\/100|[from] Stealth Rock\n|turn|27\n|\n|t:|1627392599\n|move|p1a: Urshifu|Close Combat|p2a: Seismitoad\n|-damage|p2a: Seismitoad|10\/100 tox\n|-unboost|p1a: Urshifu|def|1\n|-unboost|p1a: Urshifu|spd|1\n|move|p2a: Seismitoad|Earthquake|p1a: Urshifu\n|-damage|p1a: Urshifu|0 fnt\n|faint|p1a: Urshifu\n|\n|win|Coach Jones 6fifth\n|raw|Lt84jm okumura's rating: 1800 &rarr; <strong>1781<\/strong><br \/>(-19 for losing)\n|raw|Coach Jones 6fifth's rating: 1811 &rarr; <strong>1830<\/strong><br \/>(+19 for winning)\n|l|\u2606Lt84jm okumura\n","uploadtime":1627392614,"views":127,"p1id":"lt84jmokumura","p2id":"coachjones6fifth","formatid":"gen8ou","rating":1781,"private":0,"password":null}