{"id":"gen8ou-1661169245","p1":"galarian dragapult","p2":"TPerZ","format":"gen8ou","log":"|j|\u2606galarian dragapult\n|j|\u2606TPerZ\n|t:|1662850628\n|gametype|singles\n|player|p1|galarian dragapult|zinzolin|1783\n|player|p2|TPerZ|doctor|1703\n|teamsize|p1|6\n|teamsize|p2|6\n|gen|8\n|tier|[Gen 8] OU\n|rated|\n|rule|Sleep Clause Mod: Limit one foe put to sleep\n|rule|Species Clause: Limit one of each Pok\u00e9mon\n|rule|OHKO Clause: OHKO moves are banned\n|rule|Evasion Items Clause: Evasion items are banned\n|rule|Evasion Moves Clause: Evasion moves are banned\n|rule|Endless Battle Clause: Forcing endless battles is banned\n|rule|HP Percentage Mod: HP is shown in percentages\n|rule|Dynamax Clause: You cannot dynamax\n|clearpoke\n|poke|p1|Buzzwole|\n|poke|p1|Toxapex, M|\n|poke|p1|Aegislash, M|\n|poke|p1|Hippowdon, F|\n|poke|p1|Tornadus-Therian, M|\n|poke|p1|Tapu Lele|\n|poke|p2|Hydreigon, M|\n|poke|p2|Urshifu-*, F|\n|poke|p2|Scolipede, M|\n|poke|p2|Gastrodon-East, F|\n|poke|p2|Ninetales-Alola, F|\n|poke|p2|Corviknight, M|\n|teampreview\n|inactive|Battle timer is ON: inactive players will automatically lose when time's up. (requested by TPerZ)\n|\n|t:|1662850636\n|start\n|switch|p1a: Tornadus|Tornadus-Therian, M|100\/100\n|switch|p2a: German|Hydreigon, M|100\/100\n|turn|1\n|\n|t:|1662850641\n|switch|p2a: Croaker|Corviknight, M|100\/100\n|move|p1a: Tornadus|Knock Off|p2a: Croaker\n|-damage|p2a: Croaker|86\/100\n|-damage|p1a: Tornadus|84\/100|[from] item: Rocky Helmet|[of] p2a: Croaker\n|-enditem|p2a: Croaker|Rocky Helmet|[from] move: Knock Off|[of] p1a: Tornadus\n|\n|upkeep\n|turn|2\n|\n|t:|1662850648\n|move|p1a: Tornadus|Hurricane|p2a: Croaker|[miss]\n|-miss|p1a: Tornadus|p2a: Croaker\n|move|p2a: Croaker|U-turn|p1a: Tornadus\n|-resisted|p1a: Tornadus\n|-damage|p1a: Tornadus|76\/100\n|\n|t:|1662850656\n|switch|p2a: German|Hydreigon, M|100\/100|[from]move: U-turn\n|\n|upkeep\n|turn|3\n|j|+Dragonillis\n|\n|t:|1662850661\n|switch|p1a: Aegislash|Aegislash, M|100\/100\n|move|p2a: German|Nasty Plot|p2a: German\n|-boost|p2a: German|spa|2\n|\n|upkeep\n|turn|4\n|\n|t:|1662850670\n|move|p2a: German|Dark Pulse|p1a: Aegislash\n|-supereffective|p1a: Aegislash\n|-damage|p1a: Aegislash|9\/100\n|cant|p1a: Aegislash|flinch\n|\n|-heal|p1a: Aegislash|16\/100|[from] item: Leftovers\n|upkeep\n|turn|5\n|\n|t:|1662850677\n|move|p2a: German|Dark Pulse|p1a: Aegislash\n|-supereffective|p1a: Aegislash\n|-damage|p1a: Aegislash|0 fnt\n|faint|p1a: Aegislash\n|\n|upkeep\n|\n|t:|1662850678\n|switch|p1a: Tapu Lele|Tapu Lele, shiny|100\/100\n|-fieldstart|move: Psychic Terrain|[from] ability: Psychic Surge|[of] p1a: Tapu Lele\n|turn|6\n|\n|t:|1662850685\n|switch|p2a: Croaker|Corviknight, M|86\/100\n|move|p1a: Tapu Lele|Thunderbolt|p2a: Croaker\n|-supereffective|p2a: Croaker\n|-damage|p2a: Croaker|4\/100\n|\n|upkeep\n|turn|7\n|\n|t:|1662850691\n|switch|p2a: Pepe|Gastrodon-East, F|100\/100\n|move|p1a: Tapu Lele|Thunderbolt|p2a: Pepe\n|-immune|p2a: Pepe\n|\n|upkeep\n|turn|8\n|j| urcarurfly\n|\n|t:|1662850698\n|switch|p1a: Tornadus|Tornadus-Therian, M|100\/100\n|switch|p2a: Croaker|Corviknight, M|4\/100\n|\n|upkeep\n|turn|9\n|\n|t:|1662850704\n|move|p1a: Tornadus|Knock Off|p2a: Croaker\n|-damage|p2a: Croaker|0 fnt\n|faint|p2a: Croaker\n|\n|upkeep\n|\n|t:|1662850709\n|switch|p2a: Dimi|Ninetales-Alola, F|100\/100\n|-weather|Hail|[from] ability: Snow Warning|[of] p2a: Dimi\n|turn|10\n|\n|t:|1662850717\n|move|p1a: Tornadus|U-turn|p2a: Dimi\n|-resisted|p2a: Dimi\n|-damage|p2a: Dimi|89\/100\n|\n|t:|1662850718\n|switch|p1a: Hippowdon|Hippowdon, F|100\/100|[from]move: U-turn\n|-weather|Sandstorm|[from] ability: Sand Stream|[of] p1a: Hippowdon\n|move|p2a: Dimi|Blizzard|p1a: Hippowdon\n|-supereffective|p1a: Hippowdon\n|-damage|p1a: Hippowdon|43\/100\n|\n|-weather|Sandstorm|[upkeep]\n|-damage|p2a: Dimi|83\/100|[from] Sandstorm\n|-heal|p1a: Hippowdon|49\/100|[from] item: Leftovers\n|-fieldend|move: Psychic Terrain\n|upkeep\n|turn|11\n|j| KappaHalo\n|\n|t:|1662850731\n|switch|p2a: German|Hydreigon, M|100\/100\n|switch|p1a: Toxapex|Toxapex, M, shiny|100\/100\n|\n|-weather|Sandstorm|[upkeep]\n|-damage|p2a: German|94\/100|[from] Sandstorm\n|-damage|p1a: Toxapex|95\/100|[from] Sandstorm\n|upkeep\n|turn|12\n|\n|t:|1662850739\n|move|p2a: German|Dark Pulse|p1a: Toxapex\n|-damage|p1a: Toxapex|59\/100\n|move|p1a: Toxapex|Poison Jab|p2a: German\n|-damage|p2a: German|70\/100\n|-status|p2a: German|psn\n|\n|-weather|Sandstorm|[upkeep]\n|-damage|p2a: German|64\/100 psn|[from] Sandstorm\n|-damage|p1a: Toxapex|53\/100|[from] Sandstorm\n|-damage|p2a: German|52\/100 psn|[from] psn\n|upkeep\n|turn|13\n|j| Jongruenwald\n|\n|t:|1662850749\n|switch|p1a: Tornadus|Tornadus-Therian, M|100\/100\n|move|p2a: German|Draco Meteor|p1a: Tornadus\n|-crit|p1a: Tornadus\n|-damage|p1a: Tornadus|0 fnt\n|-unboost|p2a: German|spa|2\n|faint|p1a: Tornadus\n|\n|-weather|Sandstorm|[upkeep]\n|-damage|p2a: German|46\/100 psn|[from] Sandstorm\n|-damage|p2a: German|33\/100 psn|[from] psn\n|upkeep\n|l| Jongruenwald\n|\n|t:|1662850753\n|switch|p1a: Tapu Lele|Tapu Lele, shiny|100\/100\n|-fieldstart|move: Psychic Terrain|[from] ability: Psychic Surge|[of] p1a: Tapu Lele\n|turn|14\n|\n|t:|1662850763\n|switch|p2a: Pepe|Gastrodon-East, F|100\/100\n|move|p1a: Tapu Lele|Moonblast|p2a: Pepe\n|-damage|p2a: Pepe|27\/100\n|-unboost|p2a: Pepe|spa|1\n|\n|-weather|none\n|-heal|p2a: Pepe|33\/100|[from] item: Leftovers\n|upkeep\n|turn|15\n|\n|t:|1662850771\n|move|p1a: Tapu Lele|Moonblast|p2a: Pepe\n|-damage|p2a: Pepe|0 fnt\n|faint|p2a: Pepe\n|\n|upkeep\n|\n|t:|1662850779\n|switch|p2a: German|Hydreigon, M|33\/100 psn\n|turn|16\n|\n|t:|1662850782\n|move|p2a: German|Flash Cannon|p1a: Tapu Lele\n|-supereffective|p1a: Tapu Lele\n|-damage|p1a: Tapu Lele|39\/100\n|move|p1a: Tapu Lele|Moonblast|p2a: German\n|-supereffective|p2a: German\n|-damage|p2a: German|0 fnt\n|faint|p2a: German\n|\n|upkeep\n|\n|t:|1662850793\n|switch|p2a: Dimi|Ninetales-Alola, F|83\/100\n|-weather|Hail|[from] ability: Snow Warning|[of] p2a: Dimi\n|turn|17\n|\n|t:|1662850804\n|switch|p1a: Hippowdon|Hippowdon, F|49\/100\n|-weather|Sandstorm|[from] ability: Sand Stream|[of] p1a: Hippowdon\n|move|p2a: Dimi|Blizzard|p1a: Hippowdon\n|-supereffective|p1a: Hippowdon\n|-damage|p1a: Hippowdon|0 fnt\n|faint|p1a: Hippowdon\n|\n|-weather|Sandstorm|[upkeep]\n|-damage|p2a: Dimi|77\/100|[from] Sandstorm\n|upkeep\n|\n|t:|1662850807\n|switch|p1a: Toxapex|Toxapex, M, shiny|86\/100\n|turn|18\n|\n|t:|1662850816\n|switch|p2a: Morgan|Scolipede, M|100\/100\n|move|p1a: Toxapex|Scald|p2a: Morgan\n|-damage|p2a: Morgan|73\/100\n|-status|p2a: Morgan|brn\n|\n|-weather|Sandstorm|[upkeep]\n|-damage|p2a: Morgan|67\/100 brn|[from] Sandstorm\n|-damage|p1a: Toxapex|80\/100|[from] Sandstorm\n|-heal|p2a: Morgan|73\/100 brn|[from] item: Black Sludge\n|-damage|p2a: Morgan|67\/100 brn|[from] brn\n|-fieldend|move: Psychic Terrain\n|upkeep\n|turn|19\n|l| urcarurfly\n|\n|t:|1662850828\n|switch|p1a: Buzzwole|Buzzwole, shiny|100\/100\n|move|p2a: Morgan|Swords Dance|p2a: Morgan\n|-boost|p2a: Morgan|atk|2\n|\n|-weather|Sandstorm|[upkeep]\n|-damage|p2a: Morgan|61\/100 brn|[from] Sandstorm\n|-damage|p1a: Buzzwole|94\/100|[from] Sandstorm\n|-heal|p2a: Morgan|67\/100 brn|[from] item: Black Sludge\n|-damage|p2a: Morgan|61\/100 brn|[from] brn\n|-ability|p2a: Morgan|Speed Boost|boost\n|-boost|p2a: Morgan|spe|1\n|upkeep\n|turn|20\n|\n|t:|1662850839\n|switch|p1a: Toxapex|Toxapex, M, shiny|100\/100\n|move|p2a: Morgan|Swords Dance|p2a: Morgan\n|-boost|p2a: Morgan|atk|2\n|\n|-weather|Sandstorm|[upkeep]\n|-damage|p2a: Morgan|55\/100 brn|[from] Sandstorm\n|-damage|p1a: Toxapex|95\/100|[from] Sandstorm\n|-heal|p2a: Morgan|61\/100 brn|[from] item: Black Sludge\n|-damage|p2a: Morgan|55\/100 brn|[from] brn\n|-ability|p2a: Morgan|Speed Boost|boost\n|-boost|p2a: Morgan|spe|1\n|upkeep\n|turn|21\n|\n|t:|1662850850\n|move|p2a: Morgan|Earthquake|p1a: Toxapex\n|-supereffective|p1a: Toxapex\n|-damage|p1a: Toxapex|37\/100\n|move|p1a: Toxapex|Haze|p1a: Toxapex\n|-clearallboost\n|\n|-weather|none\n|-heal|p2a: Morgan|61\/100 brn|[from] item: Black Sludge\n|-damage|p2a: Morgan|55\/100 brn|[from] brn\n|-ability|p2a: Morgan|Speed Boost|boost\n|-boost|p2a: Morgan|spe|1\n|upkeep\n|turn|22\n|\n|t:|1662850860\n|switch|p2a: Dimi|Ninetales-Alola, F|77\/100\n|-weather|Hail|[from] ability: Snow Warning|[of] p2a: Dimi\n|move|p1a: Toxapex|Recover|p1a: Toxapex\n|-heal|p1a: Toxapex|87\/100\n|\n|-weather|Hail|[upkeep]\n|-damage|p1a: Toxapex|81\/100|[from] Hail\n|upkeep\n|turn|23\n|j| BabyPigsAreLaughin\n|\n|t:|1662850869\n|move|p2a: Dimi|Freeze-Dry|p1a: Toxapex\n|-supereffective|p1a: Toxapex\n|-damage|p1a: Toxapex|33\/100\n|move|p1a: Toxapex|Recover|p1a: Toxapex\n|-heal|p1a: Toxapex|83\/100\n|\n|-weather|Hail|[upkeep]\n|-damage|p1a: Toxapex|77\/100|[from] Hail\n|upkeep\n|turn|24\n|\n|t:|1662850889\n|move|p2a: Dimi|Freeze-Dry|p1a: Toxapex\n|-supereffective|p1a: Toxapex\n|-damage|p1a: Toxapex|31\/100\n|move|p1a: Toxapex|Poison Jab|p2a: Dimi\n|-supereffective|p2a: Dimi\n|-damage|p2a: Dimi|20\/100\n|\n|-weather|Hail|[upkeep]\n|-damage|p1a: Toxapex|25\/100|[from] Hail\n|upkeep\n|turn|25\n|j| Comfey bean bag\n|\n|t:|1662850899\n|switch|p1a: Tapu Lele|Tapu Lele, shiny|39\/100\n|-fieldstart|move: Psychic Terrain|[from] ability: Psychic Surge|[of] p1a: Tapu Lele\n|move|p2a: Dimi|Freeze-Dry|p1a: Tapu Lele\n|-damage|p1a: Tapu Lele|10\/100\n|\n|-weather|Hail|[upkeep]\n|-damage|p1a: Tapu Lele|4\/100|[from] Hail\n|upkeep\n|turn|26\n|\n|t:|1662850908\n|move|p2a: Dimi|Freeze-Dry|p1a: Tapu Lele\n|-damage|p1a: Tapu Lele|0 fnt\n|faint|p1a: Tapu Lele\n|\n|-weather|none\n|upkeep\n|\n|t:|1662850916\n|switch|p1a: Buzzwole|Buzzwole, shiny|94\/100\n|turn|27\n|\n|t:|1662850920\n|move|p2a: Dimi|Moonblast|p1a: Buzzwole\n|-supereffective|p1a: Buzzwole\n|-damage|p1a: Buzzwole|0 fnt\n|faint|p1a: Buzzwole\n|\n|upkeep\n|\n|t:|1662850922\n|switch|p1a: Toxapex|Toxapex, M, shiny|59\/100\n|turn|28\n|\n|t:|1662850928\n|switch|p2a: Chief|Urshifu-Rapid-Strike, F|100\/100\n|move|p1a: Toxapex|Recover|p1a: Toxapex\n|-heal|p1a: Toxapex|100\/100\n|\n|upkeep\n|turn|29\n|\n|t:|1662850934\n|move|p2a: Chief|Thunder Punch|p1a: Toxapex\n|-supereffective|p1a: Toxapex\n|-damage|p1a: Toxapex|66\/100\n|move|p1a: Toxapex|Scald|p2a: Chief\n|-resisted|p2a: Chief\n|-damage|p2a: Chief|90\/100\n|\n|-fieldend|move: Psychic Terrain\n|upkeep\n|turn|30\n|\n|t:|1662850942\n|switch|p2a: Dimi|Ninetales-Alola, F|20\/100\n|-weather|Hail|[from] ability: Snow Warning|[of] p2a: Dimi\n|move|p1a: Toxapex|Recover|p1a: Toxapex\n|-heal|p1a: Toxapex|100\/100\n|\n|-weather|Hail|[upkeep]\n|-damage|p1a: Toxapex|95\/100|[from] Hail\n|upkeep\n|turn|31\n|\n|t:|1662850955\n|move|p2a: Dimi|Freeze-Dry|p1a: Toxapex\n|-supereffective|p1a: Toxapex\n|-damage|p1a: Toxapex|47\/100\n|move|p1a: Toxapex|Poison Jab|p2a: Dimi\n|-supereffective|p2a: Dimi\n|-damage|p2a: Dimi|0 fnt\n|faint|p2a: Dimi\n|\n|-weather|Hail|[upkeep]\n|-damage|p1a: Toxapex|41\/100|[from] Hail\n|upkeep\n|\n|t:|1662850964\n|switch|p2a: Chief|Urshifu-Rapid-Strike, F|90\/100\n|turn|32\n|\n|t:|1662850967\n|move|p2a: Chief|Thunder Punch|p1a: Toxapex\n|-supereffective|p1a: Toxapex\n|-damage|p1a: Toxapex|4\/100\n|move|p1a: Toxapex|Recover|p1a: Toxapex\n|-heal|p1a: Toxapex|54\/100\n|\n|-weather|Hail|[upkeep]\n|-damage|p2a: Chief|84\/100|[from] Hail\n|-damage|p1a: Toxapex|48\/100|[from] Hail\n|upkeep\n|turn|33\n|\n|t:|1662850975\n|move|p2a: Chief|Thunder Punch|p1a: Toxapex\n|-supereffective|p1a: Toxapex\n|-damage|p1a: Toxapex|15\/100\n|move|p1a: Toxapex|Recover|p1a: Toxapex\n|-heal|p1a: Toxapex|65\/100\n|\n|-weather|Hail|[upkeep]\n|-damage|p2a: Chief|78\/100|[from] Hail\n|-damage|p1a: Toxapex|59\/100|[from] Hail\n|upkeep\n|turn|34\n|\n|t:|1662850984\n|move|p2a: Chief|Thunder Punch|p1a: Toxapex\n|-supereffective|p1a: Toxapex\n|-damage|p1a: Toxapex|25\/100\n|move|p1a: Toxapex|Recover|p1a: Toxapex\n|-heal|p1a: Toxapex|75\/100\n|\n|-weather|none\n|upkeep\n|turn|35\n|\n|t:|1662850990\n|move|p2a: Chief|Thunder Punch|p1a: Toxapex\n|-supereffective|p1a: Toxapex\n|-damage|p1a: Toxapex|42\/100\n|move|p1a: Toxapex|Recover|p1a: Toxapex\n|-heal|p1a: Toxapex|92\/100\n|\n|upkeep\n|turn|36\n|\n|t:|1662850997\n|switch|p2a: Morgan|Scolipede, M|55\/100 brn\n|move|p1a: Toxapex|Scald|p2a: Morgan\n|-damage|p2a: Morgan|29\/100 brn\n|\n|-heal|p2a: Morgan|35\/100 brn|[from] item: Black Sludge\n|-damage|p2a: Morgan|29\/100 brn|[from] brn\n|upkeep\n|turn|37\n|\n|t:|1662851005\n|move|p2a: Morgan|Earthquake|p1a: Toxapex\n|-supereffective|p1a: Toxapex\n|-damage|p1a: Toxapex|71\/100\n|move|p1a: Toxapex|Scald|p2a: Morgan\n|-damage|p2a: Morgan|4\/100 brn\n|\n|-heal|p2a: Morgan|10\/100 brn|[from] item: Black Sludge\n|-damage|p2a: Morgan|4\/100 brn|[from] brn\n|-ability|p2a: Morgan|Speed Boost|boost\n|-boost|p2a: Morgan|spe|1\n|upkeep\n|turn|38\n|\n|t:|1662851015\n|move|p2a: Morgan|Earthquake|p1a: Toxapex\n|-supereffective|p1a: Toxapex\n|-damage|p1a: Toxapex|52\/100\n|move|p1a: Toxapex|Recover|p1a: Toxapex\n|-heal|p1a: Toxapex|100\/100\n|\n|-heal|p2a: Morgan|10\/100 brn|[from] item: Black Sludge\n|-damage|p2a: Morgan|4\/100 brn|[from] brn\n|-ability|p2a: Morgan|Speed Boost|boost\n|-boost|p2a: Morgan|spe|1\n|upkeep\n|turn|39\n|\n|t:|1662851040\n|move|p2a: Morgan|Earthquake|p1a: Toxapex\n|-supereffective|p1a: Toxapex\n|-damage|p1a: Toxapex|81\/100\n|move|p1a: Toxapex|Scald|p2a: Morgan\n|-damage|p2a: Morgan|0 fnt\n|faint|p2a: Morgan\n|\n|upkeep\n|\n|t:|1662851049\n|switch|p2a: Chief|Urshifu-Rapid-Strike, F|78\/100\n|turn|40\n|\n|t:|1662851052\n|move|p2a: Chief|Thunder Punch|p1a: Toxapex\n|-supereffective|p1a: Toxapex\n|-damage|p1a: Toxapex|44\/100\n|move|p1a: Toxapex|Recover|p1a: Toxapex\n|-heal|p1a: Toxapex|95\/100\n|\n|upkeep\n|turn|41\n|\n|t:|1662851062\n|move|p2a: Chief|Thunder Punch|p1a: Toxapex\n|-supereffective|p1a: Toxapex\n|-damage|p1a: Toxapex|58\/100\n|move|p1a: Toxapex|Scald|p2a: Chief\n|-resisted|p2a: Chief\n|-damage|p2a: Chief|68\/100\n|\n|upkeep\n|turn|42\n|\n|t:|1662851069\n|move|p2a: Chief|Thunder Punch|p1a: Toxapex\n|-supereffective|p1a: Toxapex\n|-damage|p1a: Toxapex|23\/100\n|move|p1a: Toxapex|Recover|p1a: Toxapex\n|-heal|p1a: Toxapex|73\/100\n|\n|upkeep\n|turn|43\n|\n|t:|1662851075\n|move|p2a: Chief|Thunder Punch|p1a: Toxapex\n|-supereffective|p1a: Toxapex\n|-damage|p1a: Toxapex|35\/100\n|move|p1a: Toxapex|Recover|p1a: Toxapex\n|-heal|p1a: Toxapex|85\/100\n|\n|upkeep\n|turn|44\n|\n|t:|1662851081\n|move|p2a: Chief|Thunder Punch|p1a: Toxapex\n|-supereffective|p1a: Toxapex\n|-damage|p1a: Toxapex|48\/100\n|move|p1a: Toxapex|Scald|p2a: Chief\n|-resisted|p2a: Chief\n|-damage|p2a: Chief|59\/100\n|-status|p2a: Chief|brn\n|\n|-damage|p2a: Chief|53\/100 brn|[from] brn\n|upkeep\n|turn|45\n|c|\u2606galarian dragapult|ty\n|\n|t:|1662851089\n|move|p2a: Chief|Thunder Punch|p1a: Toxapex\n|-supereffective|p1a: Toxapex\n|-damage|p1a: Toxapex|30\/100\n|move|p1a: Toxapex|Recover|p1a: Toxapex\n|-heal|p1a: Toxapex|80\/100\n|\n|-damage|p2a: Chief|47\/100 brn|[from] brn\n|upkeep\n|turn|46\n|\n|t:|1662851101\n|move|p2a: Chief|Thunder Punch|p1a: Toxapex\n|-supereffective|p1a: Toxapex\n|-damage|p1a: Toxapex|62\/100\n|move|p1a: Toxapex|Poison Jab|p2a: Chief\n|-damage|p2a: Chief|31\/100 brn\n|\n|-damage|p2a: Chief|25\/100 brn|[from] brn\n|upkeep\n|turn|47\n|j| xHypnosis\n|l| xHypnosis\n|\n|t:|1662851109\n|move|p2a: Chief|Thunder Punch|p1a: Toxapex\n|-supereffective|p1a: Toxapex\n|-damage|p1a: Toxapex|45\/100\n|move|p1a: Toxapex|Recover|p1a: Toxapex\n|-heal|p1a: Toxapex|95\/100\n|\n|-damage|p2a: Chief|18\/100 brn|[from] brn\n|upkeep\n|turn|48\n|c|\u2606galarian dragapult|gg\n|\n|t:|1662851116\n|move|p2a: Chief|Drain Punch|p1a: Toxapex\n|-resisted|p1a: Toxapex\n|-damage|p1a: Toxapex|89\/100\n|-heal|p2a: Chief|21\/100 brn|[from] drain|[of] p1a: Toxapex\n|move|p1a: Toxapex|Poison Jab|p2a: Chief\n|-damage|p2a: Chief|4\/100 brn\n|\n|-damage|p2a: Chief|0 fnt|[from] brn\n|faint|p2a: Chief\n|\n|win|galarian dragapult\n|upkeep\n|raw|galarian dragapult's rating: 1783 &rarr; <strong>1798<\/strong><br \/>(+15 for winning)\n|raw|TPerZ's rating: 1703 &rarr; <strong>1688<\/strong><br \/>(-15 for losing)\n|l|\u2606TPerZ\n|l| KappaHalo\n|j|\u2606TPerZ\n|player|p2|TPerZ|doctor\n|l|\u2606TPerZ\n|player|p2|\n|l|\u2606galarian dragapult\n||Ladder isn't responding, score probably updated but might not have (Request timeout).\n|j| Jongruenwald\n|l| Jongruenwald\n|l| Comfey bean bag\n","uploadtime":1662851432,"views":24,"p1id":"galariandragapult","p2id":"tperz","formatid":"gen8ou","rating":1688,"private":0,"password":null}