{"id":"gen8ou-1127619354","p1":"2222mm","p2":"WookieCookies","format":"gen8ou","log":"|j|\u26062222mm\n|j|\u2606WookieCookies\n|player|p1|2222mm|wallace|1451\n|player|p2|WookieCookies|crasherwake|1503\n|teamsize|p1|6\n|teamsize|p2|6\n|gametype|singles\n|gen|8\n|tier|[Gen 8] OU\n|rated|\n|clearpoke\n|poke|p1|Pelipper, M|\n|poke|p1|Mantine, M|\n|poke|p1|Seismitoad, M|\n|poke|p1|Ferrothorn, F|\n|poke|p1|Jirachi|\n|poke|p1|Barraskewda, F|\n|poke|p2|Cinderace, M|\n|poke|p2|Clefable, M|\n|poke|p2|Toxapex, F|\n|poke|p2|Zeraora|\n|poke|p2|Mandibuzz, F|\n|poke|p2|Mamoswine, F|\n|rule|Sleep Clause Mod: Limit one foe put to sleep\n|rule|Species Clause: Limit one of each Pok\u00e9mon\n|rule|OHKO Clause: OHKO moves are banned\n|rule|Evasion Moves Clause: Evasion moves are banned\n|rule|Endless Battle Clause: Forcing endless battles is banned\n|rule|HP Percentage Mod: HP is shown in percentages\n|rule|Dynamax Clause: You cannot dynamax\n|teampreview\n|inactive|Battle timer is ON: inactive players will automatically lose when time's up. (requested by 2222mm)\n|\n|start\n|switch|p1a: Ferrothorn|Ferrothorn, F, shiny|100\/100\n|switch|p2a: Zeraora|Zeraora|100\/100\n|turn|1\n|inactive|WookieCookies has 120 seconds left.\n|\n|switch|p1a: Pelipper|Pelipper, M|100\/100\n|-weather|RainDance|[from] ability: Drizzle|[of] p1a: Pelipper\n|move|p2a: Zeraora|Close Combat|p1a: Pelipper\n|-resisted|p1a: Pelipper\n|-damage|p1a: Pelipper|83\/100\n|-unboost|p2a: Zeraora|def|1\n|-unboost|p2a: Zeraora|spd|1\n|\n|-weather|RainDance|[upkeep]\n|upkeep\n|turn|2\n|\n|switch|p1a: Seismitoad|Seismitoad, M|100\/100\n|move|p2a: Zeraora|Plasma Fists|p1a: Seismitoad\n|-immune|p1a: Seismitoad\n|\n|-weather|RainDance|[upkeep]\n|upkeep\n|turn|3\n|\n|switch|p2a: Mandibuzz|Mandibuzz, F|100\/100\n|move|p1a: Seismitoad|Liquidation|p2a: Mandibuzz\n|-damage|p2a: Mandibuzz|57\/100\n|-damage|p1a: Seismitoad|91\/100|[from] item: Life Orb\n|\n|-weather|RainDance|[upkeep]\n|upkeep\n|turn|4\n|\n|move|p1a: Seismitoad|Knock Off|p2a: Mandibuzz\n|-resisted|p2a: Mandibuzz\n|-damage|p2a: Mandibuzz|46\/100\n|-enditem|p2a: Mandibuzz|Heavy-Duty Boots|[from] move: Knock Off|[of] p1a: Seismitoad\n|-damage|p1a: Seismitoad|81\/100|[from] item: Life Orb\n|move|p2a: Mandibuzz|Roost|p2a: Mandibuzz\n|-heal|p2a: Mandibuzz|96\/100\n|-singleturn|p2a: Mandibuzz|move: Roost\n|\n|-weather|RainDance|[upkeep]\n|upkeep\n|turn|5\n|\n|switch|p1a: Ferrothorn|Ferrothorn, F, shiny|100\/100\n|move|p2a: Mandibuzz|Foul Play|p1a: Ferrothorn\n|-damage|p1a: Ferrothorn|83\/100\n|-damage|p2a: Mandibuzz|84\/100|[from] ability: Iron Barbs|[of] p1a: Ferrothorn\n|-damage|p2a: Mandibuzz|67\/100|[from] item: Rocky Helmet|[of] p1a: Ferrothorn\n|\n|-weather|RainDance|[upkeep]\n|upkeep\n|turn|6\n|\n|move|p2a: Mandibuzz|Taunt|p1a: Ferrothorn\n|-start|p1a: Ferrothorn|move: Taunt\n|cant|p1a: Ferrothorn|move: Taunt|Stealth Rock\n|\n|-weather|RainDance|[upkeep]\n|upkeep\n|turn|7\n|inactive|WookieCookies has 120 seconds left.\n|\n|switch|p2a: Zeraora|Zeraora|100\/100\n|move|p1a: Ferrothorn|Body Press|p2a: Zeraora\n|-damage|p2a: Zeraora|53\/100\n|\n|-weather|RainDance|[upkeep]\n|upkeep\n|turn|8\n|\n|switch|p2a: Clefable|Clefable, M|100\/100\n|move|p1a: Ferrothorn|Body Press|p2a: Clefable\n|-resisted|p2a: Clefable\n|-damage|p2a: Clefable|85\/100\n|\n|-weather|none\n|-heal|p2a: Clefable|91\/100|[from] item: Leftovers\n|-end|p1a: Ferrothorn|move: Taunt\n|upkeep\n|turn|9\n|\n|move|p2a: Clefable|Wish|p2a: Clefable\n|move|p1a: Ferrothorn|Stealth Rock|p2a: Clefable\n|-sidestart|p2: WookieCookies|move: Stealth Rock\n|\n|-heal|p2a: Clefable|97\/100|[from] item: Leftovers\n|upkeep\n|turn|10\n|\n|switch|p1a: Pelipper|Pelipper, M|83\/100\n|-weather|RainDance|[from] ability: Drizzle|[of] p1a: Pelipper\n|move|p2a: Clefable|Teleport|p2a: Clefable\n|\n|switch|p2a: Zeraora|Zeraora|53\/100|[from]move: Teleport\n|-damage|p2a: Zeraora|41\/100|[from] Stealth Rock\n|\n|-weather|RainDance|[upkeep]\n|-heal|p2a: Zeraora|100\/100|[from] move: Wish|[wisher] Clefable\n|upkeep\n|turn|11\n|\n|switch|p1a: Ferrothorn|Ferrothorn, F, shiny|83\/100\n|move|p2a: Zeraora|Grass Knot|p1a: Ferrothorn\n|-resisted|p1a: Ferrothorn\n|-damage|p1a: Ferrothorn|79\/100\n|-damage|p2a: Zeraora|88\/100|[from] ability: Iron Barbs|[of] p1a: Ferrothorn\n|-damage|p2a: Zeraora|72\/100|[from] item: Rocky Helmet|[of] p1a: Ferrothorn\n|\n|-weather|RainDance|[upkeep]\n|upkeep\n|turn|12\n|inactive|WookieCookies has 120 seconds left.\n|\n|switch|p2a: Clefable|Clefable, M|97\/100\n|move|p1a: Ferrothorn|Body Press|p2a: Clefable\n|-resisted|p2a: Clefable\n|-damage|p2a: Clefable|80\/100\n|\n|-weather|RainDance|[upkeep]\n|-heal|p2a: Clefable|86\/100|[from] item: Leftovers\n|upkeep\n|turn|13\n|inactive|WookieCookies has 120 seconds left.\n|\n|switch|p1a: Mantine|Mantine, M|100\/100\n|move|p2a: Clefable|Wish|p2a: Clefable\n|\n|-weather|RainDance|[upkeep]\n|-heal|p2a: Clefable|92\/100|[from] item: Leftovers\n|upkeep\n|turn|14\n|inactive|WookieCookies has 120 seconds left.\n|\n|move|p1a: Mantine|Hurricane|p2a: Clefable\n|-damage|p2a: Clefable|44\/100\n|move|p2a: Clefable|Teleport|p2a: Clefable\n|\n|switch|p2a: Mandibuzz|Mandibuzz, F|67\/100|[from]move: Teleport\n|-damage|p2a: Mandibuzz|42\/100|[from] Stealth Rock\n|\n|-weather|RainDance|[upkeep]\n|-heal|p2a: Mandibuzz|89\/100|[from] move: Wish|[wisher] Clefable\n|upkeep\n|turn|15\n|\n|move|p1a: Mantine|Hurricane|p2a: Mandibuzz\n|-damage|p2a: Mandibuzz|27\/100\n|-start|p2a: Mandibuzz|confusion\n|-activate|p2a: Mandibuzz|confusion\n|move|p2a: Mandibuzz|Defog|p1a: Mantine\n|-unboost|p1a: Mantine|evasion|1\n|-sideend|p2: WookieCookies|Stealth Rock|[from] move: Defog|[of] p2a: Mandibuzz\n|\n|-weather|RainDance|[upkeep]\n|upkeep\n|turn|16\n|\n|switch|p2a: Toxapex|Toxapex, F|100\/100\n|move|p1a: Mantine|Hurricane|p2a: Toxapex\n|-damage|p2a: Toxapex|42\/100\n|-start|p2a: Toxapex|confusion\n|\n|-weather|RainDance|[upkeep]\n|-heal|p2a: Toxapex|48\/100|[from] item: Black Sludge\n|upkeep\n|turn|17\n|\n|switch|p2a: Zeraora|Zeraora|72\/100\n|move|p1a: Mantine|Hurricane|p2a: Zeraora\n|-resisted|p2a: Zeraora\n|-damage|p2a: Zeraora|30\/100\n|\n|-weather|none\n|upkeep\n|turn|18\n|\n|switch|p2a: Cinderace|Cinderace, M|100\/100\n|switch|p1a: Jirachi|Jirachi, shiny|100\/100\n|\n|upkeep\n|turn|19\n|\n|switch|p1a: Pelipper|Pelipper, M|83\/100\n|-weather|RainDance|[from] ability: Drizzle|[of] p1a: Pelipper\n|move|p2a: Cinderace|U-turn|p1a: Pelipper\n|-start|p2a: Cinderace|typechange|Bug|[from] ability: Libero\n|-resisted|p1a: Pelipper\n|-damage|p1a: Pelipper|62\/100\n|\n|switch|p2a: Clefable|Clefable, M|44\/100|[from]move: U-turn\n|\n|-weather|RainDance|[upkeep]\n|-heal|p2a: Clefable|50\/100|[from] item: Leftovers\n|upkeep\n|turn|20\n|\n|switch|p1a: Jirachi|Jirachi, shiny|100\/100\n|move|p2a: Clefable|Wish|p2a: Clefable\n|\n|-weather|RainDance|[upkeep]\n|-heal|p2a: Clefable|57\/100|[from] item: Leftovers\n|upkeep\n|turn|21\n|\n|move|p2a: Clefable|Protect|p2a: Clefable\n|-singleturn|p2a: Clefable|Protect\n|move|p1a: Jirachi|Trick|p2a: Clefable\n|-activate|p2a: Clefable|move: Protect\n|\n|-weather|RainDance|[upkeep]\n|-heal|p2a: Clefable|100\/100|[from] move: Wish|[wisher] Clefable\n|upkeep\n|turn|22\n|inactive|WookieCookies has 90 seconds left.\n|\n|switch|p1a: Mantine|Mantine, M|100\/100\n|switch|p2a: Mamoswine|Mamoswine, F|100\/100\n|\n|-weather|RainDance|[upkeep]\n|upkeep\n|turn|23\n|\n|switch|p1a: Jirachi|Jirachi, shiny|100\/100\n|move|p2a: Mamoswine|Icicle Crash|p1a: Jirachi\n|-resisted|p1a: Jirachi\n|-damage|p1a: Jirachi|65\/100\n|\n|-weather|RainDance|[upkeep]\n|upkeep\n|turn|24\n|\n|switch|p2a: Toxapex|Toxapex, F|81\/100\n|move|p1a: Jirachi|Iron Head|p2a: Toxapex\n|-resisted|p2a: Toxapex\n|-crit|p2a: Toxapex\n|-damage|p2a: Toxapex|66\/100\n|\n|-weather|RainDance|[upkeep]\n|-heal|p2a: Toxapex|72\/100|[from] item: Black Sludge\n|upkeep\n|turn|25\n|\n|switch|p1a: Ferrothorn|Ferrothorn, F, shiny|79\/100\n|move|p2a: Toxapex|Toxic|p1a: Ferrothorn\n|-immune|p1a: Ferrothorn\n|\n|-weather|RainDance|[upkeep]\n|-heal|p2a: Toxapex|78\/100|[from] item: Black Sludge\n|upkeep\n|turn|26\n|\n|move|p2a: Toxapex|Scald|p1a: Ferrothorn\n|-resisted|p1a: Ferrothorn\n|-damage|p1a: Ferrothorn|69\/100\n|move|p1a: Ferrothorn|Stealth Rock|p2a: Toxapex\n|-sidestart|p2: WookieCookies|move: Stealth Rock\n|\n|-weather|none\n|-heal|p2a: Toxapex|85\/100|[from] item: Black Sludge\n|upkeep\n|turn|27\n|\n|move|p2a: Toxapex|Toxic|p1a: Ferrothorn\n|-immune|p1a: Ferrothorn\n|move|p1a: Ferrothorn|Knock Off|p2a: Toxapex\n|-crit|p2a: Toxapex\n|-damage|p2a: Toxapex|64\/100\n|-enditem|p2a: Toxapex|Black Sludge|[from] move: Knock Off|[of] p1a: Ferrothorn\n|\n|upkeep\n|turn|28\n|\n|switch|p1a: Jirachi|Jirachi, shiny|65\/100\n|move|p2a: Toxapex|Scald|p1a: Jirachi\n|-crit|p1a: Jirachi\n|-damage|p1a: Jirachi|40\/100\n|-status|p1a: Jirachi|brn\n|\n|-damage|p1a: Jirachi|34\/100 brn|[from] brn\n|upkeep\n|turn|29\n|inactive|WookieCookies has 60 seconds left.\n|\n|switch|p2a: Mamoswine|Mamoswine, F|100\/100\n|-damage|p2a: Mamoswine|88\/100|[from] Stealth Rock\n|move|p1a: Jirachi|U-turn|p2a: Mamoswine\n|-damage|p2a: Mamoswine|76\/100\n|\n|switch|p1a: Pelipper|Pelipper, M|62\/100|[from]move: U-turn\n|-weather|RainDance|[from] ability: Drizzle|[of] p1a: Pelipper\n|\n|-weather|RainDance|[upkeep]\n|upkeep\n|turn|30\n|inactive|WookieCookies has 60 seconds left.\n|\n|switch|p1a: Ferrothorn|Ferrothorn, F, shiny|69\/100\n|move|p2a: Mamoswine|Icicle Crash|p1a: Ferrothorn\n|-damage|p1a: Ferrothorn|25\/100\n|\n|-weather|RainDance|[upkeep]\n|upkeep\n|turn|31\n|\n|move|p2a: Mamoswine|Icicle Crash|p1a: Ferrothorn\n|-damage|p1a: Ferrothorn|0 fnt\n|faint|p1a: Ferrothorn\n|\n|-weather|RainDance|[upkeep]\n|upkeep\n|\n|switch|p1a: Mantine|Mantine, M|100\/100\n|turn|32\n|\n|switch|p2a: Toxapex|Toxapex, F|97\/100\n|-damage|p2a: Toxapex|84\/100|[from] Stealth Rock\n|move|p1a: Mantine|Surf|p2a: Toxapex\n|-resisted|p2a: Toxapex\n|-damage|p2a: Toxapex|48\/100\n|\n|-weather|RainDance|[upkeep]\n|upkeep\n|turn|33\n|\n|switch|p1a: Jirachi|Jirachi, shiny|34\/100 brn\n|move|p2a: Toxapex|Toxic||[still]\n|-fail|p2a: Toxapex\n|\n|-weather|RainDance|[upkeep]\n|-damage|p1a: Jirachi|28\/100 brn|[from] brn\n|upkeep\n|turn|34\n|\n|move|p1a: Jirachi|Trick|p2a: Toxapex\n|-activate|p1a: Jirachi|move: Trick|[of] p2a: Toxapex\n|-item|p2a: Toxapex|Choice Scarf|[from] move: Trick\n|-enditem|p1a: Jirachi|Choice Scarf|[silent]|[from] move: Trick\n|move|p2a: Toxapex|Recover|p2a: Toxapex\n|-heal|p2a: Toxapex|98\/100\n|\n|-weather|RainDance|[upkeep]\n|-damage|p1a: Jirachi|22\/100 brn|[from] brn\n|upkeep\n|turn|35\n|\n|move|p1a: Jirachi|U-turn|p2a: Toxapex\n|-resisted|p2a: Toxapex\n|-damage|p2a: Toxapex|95\/100\n|\n|switch|p1a: Mantine|Mantine, M|100\/100|[from]move: U-turn\n|move|p2a: Toxapex|Recover|p2a: Toxapex\n|-heal|p2a: Toxapex|100\/100\n|\n|-weather|RainDance|[upkeep]\n|upkeep\n|turn|36\n|\n|move|p1a: Mantine|Hurricane|p2a: Toxapex\n|-damage|p2a: Toxapex|41\/100\n|move|p2a: Toxapex|Recover|p2a: Toxapex\n|-heal|p2a: Toxapex|91\/100\n|\n|-weather|none\n|upkeep\n|turn|37\n|\n|switch|p2a: Zeraora|Zeraora|30\/100\n|-damage|p2a: Zeraora|18\/100|[from] Stealth Rock\n|move|p1a: Mantine|Hurricane|p2a: Zeraora\n|-resisted|p2a: Zeraora\n|-damage|p2a: Zeraora|0 fnt\n|faint|p2a: Zeraora\n|\n|upkeep\n|\n|switch|p2a: Mandibuzz|Mandibuzz, F|27\/100\n|-damage|p2a: Mandibuzz|2\/100|[from] Stealth Rock\n|turn|38\n|\n|move|p1a: Mantine|Hurricane|p2a: Mandibuzz\n|-damage|p2a: Mandibuzz|0 fnt\n|faint|p2a: Mandibuzz\n|\n|upkeep\n|\n|switch|p2a: Mamoswine|Mamoswine, F|76\/100\n|-damage|p2a: Mamoswine|64\/100|[from] Stealth Rock\n|turn|39\n|\n|switch|p1a: Jirachi|Jirachi, shiny|22\/100 brn\n|move|p2a: Mamoswine|Icicle Crash|p1a: Jirachi\n|-resisted|p1a: Jirachi\n|-crit|p1a: Jirachi\n|-damage|p1a: Jirachi|0 fnt\n|faint|p1a: Jirachi\n|\n|upkeep\n|\n|switch|p1a: Pelipper|Pelipper, M|62\/100\n|-weather|RainDance|[from] ability: Drizzle|[of] p1a: Pelipper\n|turn|40\n|\n|move|p2a: Mamoswine|Icicle Crash|p1a: Pelipper\n|-damage|p1a: Pelipper|0 fnt\n|faint|p1a: Pelipper\n|\n|-weather|RainDance|[upkeep]\n|upkeep\n|\n|switch|p1a: Seismitoad|Seismitoad, M|81\/100\n|turn|41\n|inactive|WookieCookies has 60 seconds left.\n|inactive|WookieCookies has 30 seconds left.\n|inactive|WookieCookies has 20 seconds left.\n|inactive|WookieCookies has 15 seconds left.\n|inactive|WookieCookies has 10 seconds left.\n|inactive|WookieCookies has 5 seconds left.\n|-message|WookieCookies lost due to inactivity.\n|\n|win|2222mm\n|l|\u2606WookieCookies\n|raw|2222mm's rating: 1438 &rarr; <strong>1461<\/strong><br \/>(+23 for winning)\n|raw|WookieCookies's rating: 1503 &rarr; <strong>1480<\/strong><br \/>(-23 for losing)\n","uploadtime":1591404583,"views":24,"p1id":"2222mm","p2id":"wookiecookies","formatid":"gen8ou","rating":1461,"private":0,"password":null}