{"id":"gen8ou-1145321715","p1":"cfm250","p2":"cold.exe","format":"gen8ou","log":"|j|\u2606cfm250\n|j|\u2606cold.exe\n|player|p1|cfm250|acetrainer|1385\n|player|p2|cold.exe|flannery|1407\n|teamsize|p1|6\n|teamsize|p2|6\n|gametype|singles\n|gen|8\n|tier|[Gen 8] OU\n|rated|\n|clearpoke\n|poke|p1|Pelipper, F|\n|poke|p1|Ferrothorn, F|\n|poke|p1|Barraskewda, M|\n|poke|p1|Kingdra, M|\n|poke|p1|Seismitoad, F|\n|poke|p1|Magearna|\n|poke|p2|Diggersby, F|\n|poke|p2|Azumarill, F|\n|poke|p2|Mandibuzz, F|\n|poke|p2|Rotom-Heat|\n|poke|p2|Rillaboom, M|\n|poke|p2|Cinderace, M|\n|rule|Sleep Clause Mod: Limit one foe put to sleep\n|rule|Species Clause: Limit one of each Pok\u00e9mon\n|rule|OHKO Clause: OHKO moves are banned\n|rule|Evasion Moves Clause: Evasion moves are banned\n|rule|Endless Battle Clause: Forcing endless battles is banned\n|rule|HP Percentage Mod: HP is shown in percentages\n|rule|Dynamax Clause: You cannot dynamax\n|teampreview\n|inactive|Battle timer is ON: inactive players will automatically lose when time's up. (requested by cfm250)\n|\n|start\n|switch|p1a: Kingdra|Kingdra, M, shiny|100\/100\n|switch|p2a: Bruh|Cinderace, M|100\/100\n|turn|1\n|\n|switch|p2a: Rillaboom|Rillaboom, M|100\/100\n|-fieldstart|move: Grassy Terrain|[from] ability: Grassy Surge|[of] p2a: Rillaboom\n|move|p1a: Kingdra|Hydro Pump|p2a: Rillaboom\n|-resisted|p2a: Rillaboom\n|-damage|p2a: Rillaboom|55\/100\n|-damage|p1a: Kingdra|91\/100|[from] item: Life Orb\n|\n|-heal|p1a: Kingdra|97\/100|[from] Grassy Terrain\n|-heal|p2a: Rillaboom|61\/100|[from] Grassy Terrain\n|upkeep\n|turn|2\n|\n|switch|p2a: Bruh|Cinderace, M|100\/100\n|move|p1a: Kingdra|Ice Beam|p2a: Bruh\n|-resisted|p2a: Bruh\n|-damage|p2a: Bruh|75\/100\n|-damage|p1a: Kingdra|87\/100|[from] item: Life Orb\n|\n|-heal|p2a: Bruh|81\/100|[from] Grassy Terrain\n|-heal|p1a: Kingdra|93\/100|[from] Grassy Terrain\n|upkeep\n|turn|3\n|\n|switch|p1a: Pelipper|Pelipper, F|100\/100\n|-weather|RainDance|[from] ability: Drizzle|[of] p1a: Pelipper\n|move|p2a: Bruh|Focus Blast|p1a: Pelipper|[miss]\n|-start|p2a: Bruh|typechange|Fighting|[from] ability: Libero\n|-miss|p2a: Bruh|p1a: Pelipper\n|\n|-weather|RainDance|[upkeep]\n|-heal|p2a: Bruh|87\/100|[from] Grassy Terrain\n|upkeep\n|turn|4\n|\n|move|p2a: Bruh|Electro Ball|p1a: Pelipper\n|-start|p2a: Bruh|typechange|Electric|[from] ability: Libero\n|-supereffective|p1a: Pelipper\n|-damage|p1a: Pelipper|0 fnt\n|-damage|p2a: Bruh|77\/100|[from] item: Life Orb\n|faint|p1a: Pelipper\n|\n|-weather|RainDance|[upkeep]\n|-heal|p2a: Bruh|83\/100|[from] Grassy Terrain\n|upkeep\n|\n|switch|p1a: Kingdra|Kingdra, M, shiny|93\/100\n|turn|5\n|\n|switch|p2a: Rotom|Rotom-Heat|100\/100\n|move|p1a: Kingdra|Hydro Pump|p2a: Rotom\n|-supereffective|p2a: Rotom\n|-damage|p2a: Rotom|0 fnt\n|-damage|p1a: Kingdra|83\/100|[from] item: Life Orb\n|faint|p2a: Rotom\n|\n|-weather|RainDance|[upkeep]\n|-heal|p1a: Kingdra|89\/100|[from] Grassy Terrain\n|-fieldend|move: Grassy Terrain\n|upkeep\n|\n|switch|p2a: Rillaboom|Rillaboom, M|61\/100\n|-fieldstart|move: Grassy Terrain|[from] ability: Grassy Surge|[of] p2a: Rillaboom\n|turn|6\n|\n|move|p2a: Rillaboom|Grassy Glide|p1a: Kingdra\n|-damage|p1a: Kingdra|3\/100\n|-damage|p2a: Rillaboom|51\/100|[from] item: Life Orb\n|move|p1a: Kingdra|Ice Beam|p2a: Rillaboom\n|-supereffective|p2a: Rillaboom\n|-damage|p2a: Rillaboom|0 fnt\n|-damage|p1a: Kingdra|0 fnt|[from] item: Life Orb\n|faint|p2a: Rillaboom\n|faint|p1a: Kingdra\n|\n|-weather|RainDance|[upkeep]\n|upkeep\n|\n|switch|p2a: Mandibuzz|Mandibuzz, F|100\/100\n|switch|p1a: Magearna|Magearna|100\/100\n|turn|7\n|\n|switch|p2a: Diggersby|Diggersby, F|100\/100\n|move|p1a: Magearna|Volt Switch|p2a: Diggersby\n|-immune|p2a: Diggersby\n|\n|-weather|RainDance|[upkeep]\n|upkeep\n|turn|8\n|\n|switch|p1a: Ferrothorn|Ferrothorn, F|100\/100\n|move|p2a: Diggersby|Earthquake|p1a: Ferrothorn\n|-damage|p1a: Ferrothorn|72\/100\n|\n|-weather|RainDance|[upkeep]\n|-heal|p1a: Ferrothorn|78\/100|[from] item: Leftovers\n|-heal|p1a: Ferrothorn|85\/100|[from] Grassy Terrain\n|upkeep\n|turn|9\n|\n|switch|p2a: Bruh|Cinderace, M|83\/100\n|move|p1a: Ferrothorn|Leech Seed|p2a: Bruh\n|-start|p2a: Bruh|move: Leech Seed\n|\n|-weather|RainDance|[upkeep]\n|-heal|p2a: Bruh|89\/100|[from] Grassy Terrain\n|-heal|p1a: Ferrothorn|91\/100|[from] item: Leftovers\n|-heal|p1a: Ferrothorn|97\/100|[from] Grassy Terrain\n|-damage|p2a: Bruh|77\/100|[from] Leech Seed|[of] p1a: Ferrothorn\n|-heal|p1a: Ferrothorn|100\/100|[silent]\n|upkeep\n|turn|10\n|\n|switch|p1a: Seismitoad|Seismitoad, F|100\/100\n|move|p2a: Bruh|Focus Blast|p1a: Seismitoad|[miss]\n|-start|p2a: Bruh|typechange|Fighting|[from] ability: Libero\n|-miss|p2a: Bruh|p1a: Seismitoad\n|\n|-weather|none\n|-heal|p2a: Bruh|83\/100|[from] Grassy Terrain\n|-fieldend|move: Grassy Terrain\n|-damage|p2a: Bruh|70\/100|[from] Leech Seed|[of] p1a: Seismitoad\n|upkeep\n|turn|11\n|\n|switch|p2a: Mandibuzz|Mandibuzz, F|100\/100\n|move|p1a: Seismitoad|Hydro Pump|p2a: Mandibuzz\n|-damage|p2a: Mandibuzz|51\/100\n|-damage|p1a: Seismitoad|91\/100|[from] item: Life Orb\n|\n|upkeep\n|turn|12\n|\n|move|p1a: Seismitoad|Stealth Rock|p2a: Mandibuzz\n|-sidestart|p2: cold.exe|move: Stealth Rock\n|move|p2a: Mandibuzz|Roost|p2a: Mandibuzz\n|-heal|p2a: Mandibuzz|100\/100\n|-singleturn|p2a: Mandibuzz|move: Roost\n|\n|upkeep\n|turn|13\n|\n|move|p1a: Seismitoad|Hydro Pump|p2a: Mandibuzz\n|-damage|p2a: Mandibuzz|51\/100\n|-damage|p1a: Seismitoad|81\/100|[from] item: Life Orb\n|move|p2a: Mandibuzz|Defog|p1a: Seismitoad\n|-unboost|p1a: Seismitoad|evasion|1\n|-sideend|p2: cold.exe|Stealth Rock|[from] move: Defog|[of] p2a: Mandibuzz\n|\n|upkeep\n|turn|14\n|\n|move|p1a: Seismitoad|Hydro Pump|p2a: Mandibuzz\n|-damage|p2a: Mandibuzz|1\/100\n|-damage|p1a: Seismitoad|71\/100|[from] item: Life Orb\n|move|p2a: Mandibuzz|Roost|p2a: Mandibuzz\n|-heal|p2a: Mandibuzz|51\/100\n|-singleturn|p2a: Mandibuzz|move: Roost\n|\n|upkeep\n|turn|15\n|\n|move|p1a: Seismitoad|Hydro Pump|p2a: Mandibuzz\n|-damage|p2a: Mandibuzz|0 fnt\n|-damage|p1a: Seismitoad|61\/100|[from] item: Life Orb\n|faint|p2a: Mandibuzz\n|\n|upkeep\n|\n|switch|p2a: Bruh|Cinderace, M|70\/100\n|turn|16\n|\n|move|p2a: Bruh|Focus Blast|p1a: Seismitoad\n|-start|p2a: Bruh|typechange|Fighting|[from] ability: Libero\n|-damage|p1a: Seismitoad|0 fnt\n|-damage|p2a: Bruh|60\/100|[from] item: Life Orb\n|faint|p1a: Seismitoad\n|\n|upkeep\n|\n|switch|p1a: Barraskewda|Barraskewda, M, shiny|100\/100\n|turn|17\n|\n|switch|p2a: Azumarill|Azumarill, F|100\/100\n|move|p1a: Barraskewda|Waterfall|p2a: Azumarill\n|-resisted|p2a: Azumarill\n|-damage|p2a: Azumarill|63\/100\n|\n|upkeep\n|turn|18\n|\n|switch|p2a: Diggersby|Diggersby, F|100\/100\n|move|p1a: Barraskewda|Waterfall|p2a: Diggersby\n|-supereffective|p2a: Diggersby\n|-damage|p2a: Diggersby|0 fnt\n|faint|p2a: Diggersby\n|\n|upkeep\n|-message|cold.exe forfeited.\n|\n|win|cfm250\n|l|\u2606cold.exe\n|raw|cfm250's rating: 1385 &rarr; <strong>1405<\/strong><br \/>(+20 for winning)\n|raw|cold.exe's rating: 1390 &rarr; <strong>1370<\/strong><br \/>(-20 for losing)\n","uploadtime":1593916938,"views":11,"p1id":"cfm250","p2id":"coldexe","formatid":"gen8ou","rating":1370,"private":0,"password":null}