{"id":"gen8ou-1571720421","p1":"inkmyskin","p2":"Delibird Heart","format":"gen8ou","log":"|j|\u2606inkmyskin\n|j|\u2606Delibird Heart\n|t:|1652191582\n|gametype|singles\n|player|p1|inkmyskin|riley|1864\n|player|p2|Delibird Heart|koga-gen1|1826\n|teamsize|p1|6\n|teamsize|p2|6\n|gen|8\n|tier|[Gen 8] OU\n|rated|\n|rule|Sleep Clause Mod: Limit one foe put to sleep\n|rule|Species Clause: Limit one of each Pok\u00e9mon\n|rule|OHKO Clause: OHKO moves are banned\n|rule|Evasion Moves Clause: Evasion moves are banned\n|rule|Endless Battle Clause: Forcing endless battles is banned\n|rule|HP Percentage Mod: HP is shown in percentages\n|rule|Dynamax Clause: You cannot dynamax\n|clearpoke\n|poke|p1|Dragapult, F|\n|poke|p1|Victini|\n|poke|p1|Tapu Fini|\n|poke|p1|Tangrowth, M|\n|poke|p1|Melmetal|\n|poke|p1|Zapdos|\n|poke|p2|Mienshao, M|\n|poke|p2|Landorus-Therian, M|\n|poke|p2|Tapu Koko|\n|poke|p2|Tangrowth, F|\n|poke|p2|Coalossal, M|\n|poke|p2|Slowking, M|\n|teampreview\n|inactive|Battle timer is ON: inactive players will automatically lose when time's up. (requested by Delibird Heart)\n|j| James Vs The World\n|\n|t:|1652191598\n|start\n|switch|p1a: Dragapult|Dragapult, F, shiny|100\/100\n|switch|p2a: Tapu Koko|Tapu Koko|100\/100\n|-fieldstart|move: Electric Terrain|[from] ability: Electric Surge|[of] p2a: Tapu Koko\n|turn|1\n|\n|t:|1652191609\n|move|p1a: Dragapult|Shadow Ball|p2a: Tapu Koko\n|-damage|p2a: Tapu Koko|16\/100\n|move|p2a: Tapu Koko|U-turn|p1a: Dragapult\n|-resisted|p1a: Dragapult\n|-damage|p1a: Dragapult|90\/100\n|j| womenfist\n|inactive|Delibird Heart has 120 seconds left.\n|c|\u2606Delibird Heart|but why\n|j| mistelpil\n|c|\u2606Delibird Heart|why risk saccing it turn 1\n|c|\u2606Delibird Heart|lol\n|l| James Vs The World\n|\n|t:|1652191647\n|switch|p2a: Landorus|Landorus-Therian, M|100\/100|[from]move: U-turn\n|-ability|p2a: Landorus|Intimidate|boost\n|-unboost|p1a: Dragapult|atk|1\n|\n|upkeep\n|turn|2\n|c|\u2606inkmyskin|u turn volt switch too obvious\n|inactive|Delibird Heart has 90 seconds left.\n|c|\u2606Delibird Heart|yes but still u never know, u lose nothing by clicking u turn and u might just lose pult turn 1 if i click gleam\n|c|\u2606Delibird Heart|thats why its a bad play\n|inactive|inkmyskin has 120 seconds left.\n|j| Fewoah\n|c|\u2606Delibird Heart|it has too high risk\n|\n|t:|1652191700\n|move|p1a: Dragapult|Shadow Ball|p2a: Landorus\n|-damage|p2a: Landorus|28\/100\n|-unboost|p2a: Landorus|spd|1\n|move|p2a: Landorus|Stealth Rock|p1a: Dragapult\n|-sidestart|p1: inkmyskin|move: Stealth Rock\n|\n|upkeep\n|turn|3\n|-message|Delibird Heart forfeited.\n|\n|win|inkmyskin\n|raw|inkmyskin's rating: 1864 &rarr; <strong>1882<\/strong><br \/>(+18 for winning)\n|raw|Delibird Heart's rating: 1826 &rarr; <strong>1808<\/strong><br \/>(-18 for losing)\n|l|\u2606Delibird Heart\n|c| mistelpil|inmyskin\n|c| mistelpil|any chance you show team? :)p\n||Ladder isn't responding, score probably updated but might not have (Request timeout).\n","uploadtime":1652191712,"views":17,"p1id":"inkmyskin","p2id":"delibirdheart","formatid":"gen8ou","rating":1808,"private":0,"password":null}