{"id":"gen8ou-1694217970","p1":"tawny's alt","p2":"Kwaga","format":"gen8ou","log":"|html|<div class=\"broadcast-blue\"><strong>[Gen 8] OU is currently suspecting Melmetal! For information on how to participate check out the <a href=\"https:\/\/www.smogon.com\/forums\/threads\/np-ss-ou-suspect-process-round-12-monster-mash.3709234\/\">suspect thread<\/a>.<\/strong><\/div>\n|j|\u2606tawny's alt\n|j|\u2606Kwaga\n|t:|1666679620\n|gametype|singles\n|player|p1|tawny's alt|102|1576\n|player|p2|Kwaga|brock-gen1rb|1704\n|teamsize|p1|6\n|teamsize|p2|6\n|gen|8\n|tier|[Gen 8] OU\n|rated|\n|rule|Sleep Clause Mod: Limit one foe put to sleep\n|rule|Species Clause: Limit one of each Pok\u00e9mon\n|rule|OHKO Clause: OHKO moves are banned\n|rule|Evasion Items Clause: Evasion items are banned\n|rule|Evasion Moves Clause: Evasion moves are banned\n|rule|Endless Battle Clause: Forcing endless battles is banned\n|rule|HP Percentage Mod: HP is shown in percentages\n|rule|Dynamax Clause: You cannot dynamax\n|clearpoke\n|poke|p1|Kartana|\n|poke|p1|Garchomp, M|\n|poke|p1|Dragapult, F|\n|poke|p1|Ferrothorn, F|\n|poke|p1|Toxapex, M|\n|poke|p1|Mandibuzz, F|\n|poke|p2|Weavile, M|\n|poke|p2|Dragapult, M|\n|poke|p2|Volcanion|\n|poke|p2|Volcarona, F|\n|poke|p2|Garchomp, M|\n|poke|p2|Corviknight, M|\n|teampreview\n|\n|t:|1666679633\n|start\n|switch|p1a: Kartana|Kartana|100\/100\n|switch|p2a: Garchomp|Garchomp, M|100\/100\n|turn|1\n|\n|t:|1666679637\n|switch|p1a: Ferrothorn|Ferrothorn, F|100\/100\n|move|p2a: Garchomp|Protect||[still]\n|-fail|p2a: Garchomp\n|\n|upkeep\n|turn|2\n|\n|t:|1666679647\n|switch|p2a: Corviknight|Corviknight, M|100\/100\n|-ability|p2a: Corviknight|Pressure\n|move|p1a: Ferrothorn|Leech Seed|p2a: Corviknight|[miss]\n|-miss|p1a: Ferrothorn|p2a: Corviknight\n|\n|upkeep\n|turn|3\n|\n|t:|1666679652\n|move|p2a: Corviknight|Substitute|p2a: Corviknight\n|-start|p2a: Corviknight|Substitute\n|-damage|p2a: Corviknight|76\/100\n|move|p1a: Ferrothorn|Leech Seed||[still]\n|-fail|p1a: Ferrothorn\n|\n|-heal|p2a: Corviknight|82\/100|[from] item: Leftovers\n|upkeep\n|turn|4\n|\n|t:|1666679658\n|switch|p1a: Dragapult|Dragapult, F|100\/100\n|move|p2a: Corviknight|Bulk Up|p2a: Corviknight\n|-boost|p2a: Corviknight|atk|1\n|-boost|p2a: Corviknight|def|1\n|\n|-heal|p2a: Corviknight|88\/100|[from] item: Leftovers\n|upkeep\n|turn|5\n|\n|t:|1666679664\n|switch|p1a: Toxapex|Toxapex, M|100\/100\n|move|p2a: Corviknight|Roost|p2a: Corviknight\n|-heal|p2a: Corviknight|100\/100\n|-singleturn|p2a: Corviknight|move: Roost\n|\n|upkeep\n|turn|6\n|\n|t:|1666679670\n|move|p2a: Corviknight|Brave Bird|p1a: Toxapex\n|-damage|p1a: Toxapex|61\/100\n|-damage|p2a: Corviknight|90\/100|[from] Recoil\n|move|p1a: Toxapex|Haze|p1a: Toxapex\n|-clearallboost\n|\n|-heal|p2a: Corviknight|96\/100|[from] item: Leftovers\n|-heal|p1a: Toxapex|67\/100|[from] item: Black Sludge\n|upkeep\n|turn|7\n|\n|t:|1666679673\n|move|p2a: Corviknight|Bulk Up|p2a: Corviknight\n|-boost|p2a: Corviknight|atk|1\n|-boost|p2a: Corviknight|def|1\n|move|p1a: Toxapex|Scald|p2a: Corviknight\n|-activate|p2a: Corviknight|move: Substitute|[damage]\n|\n|-heal|p2a: Corviknight|100\/100|[from] item: Leftovers\n|-heal|p1a: Toxapex|73\/100|[from] item: Black Sludge\n|upkeep\n|turn|8\n|\n|t:|1666679679\n|move|p2a: Corviknight|Brave Bird|p1a: Toxapex\n|-damage|p1a: Toxapex|34\/100\n|-damage|p2a: Corviknight|91\/100|[from] Recoil\n|move|p1a: Toxapex|Haze|p1a: Toxapex\n|-clearallboost\n|\n|-heal|p2a: Corviknight|97\/100|[from] item: Leftovers\n|-heal|p1a: Toxapex|41\/100|[from] item: Black Sludge\n|upkeep\n|turn|9\n|\n|t:|1666679682\n|move|p2a: Corviknight|Bulk Up|p2a: Corviknight\n|-boost|p2a: Corviknight|atk|1\n|-boost|p2a: Corviknight|def|1\n|move|p1a: Toxapex|Scald|p2a: Corviknight\n|-activate|p2a: Corviknight|move: Substitute|[damage]\n|\n|-heal|p2a: Corviknight|100\/100|[from] item: Leftovers\n|-heal|p1a: Toxapex|47\/100|[from] item: Black Sludge\n|upkeep\n|turn|10\n|\n|t:|1666679685\n|move|p2a: Corviknight|Brave Bird|p1a: Toxapex\n|-damage|p1a: Toxapex|8\/100\n|-damage|p2a: Corviknight|91\/100|[from] Recoil\n|move|p1a: Toxapex|Haze|p1a: Toxapex\n|-clearallboost\n|\n|-heal|p2a: Corviknight|97\/100|[from] item: Leftovers\n|-heal|p1a: Toxapex|15\/100|[from] item: Black Sludge\n|upkeep\n|turn|11\n|\n|t:|1666679688\n|switch|p1a: Dragapult|Dragapult, F|100\/100\n|move|p2a: Corviknight|Brave Bird|p1a: Dragapult\n|-damage|p1a: Dragapult|52\/100\n|-damage|p2a: Corviknight|84\/100|[from] Recoil\n|\n|-heal|p1a: Dragapult|58\/100|[from] item: Leftovers\n|-heal|p2a: Corviknight|90\/100|[from] item: Leftovers\n|upkeep\n|turn|12\n|\n|t:|1666679692\n|switch|p2a: Garchomp|Garchomp, M|100\/100\n|move|p1a: Dragapult|Dragon Darts|p2a: Garchomp\n|-supereffective|p2a: Garchomp\n|-damage|p2a: Garchomp|60\/100\n|-anim|p1a: Dragapult|Dragon Darts|p2a: Garchomp\n|-supereffective|p2a: Garchomp\n|-damage|p2a: Garchomp|17\/100\n|\n|-heal|p1a: Dragapult|64\/100|[from] item: Leftovers\n|-heal|p2a: Garchomp|23\/100|[from] item: Leftovers\n|upkeep\n|turn|13\n|\n|t:|1666679697\n|switch|p2a: Corviknight|Corviknight, M|90\/100\n|-ability|p2a: Corviknight|Pressure\n|move|p1a: Dragapult|Dragon Dance|p1a: Dragapult\n|-boost|p1a: Dragapult|atk|1\n|-boost|p1a: Dragapult|spe|1\n|\n|-heal|p1a: Dragapult|70\/100|[from] item: Leftovers\n|-heal|p2a: Corviknight|96\/100|[from] item: Leftovers\n|upkeep\n|turn|14\n|\n|t:|1666679702\n|move|p1a: Dragapult|Fire Blast|p2a: Corviknight\n|-supereffective|p2a: Corviknight\n|-damage|p2a: Corviknight|59\/100\n|move|p2a: Corviknight|Bulk Up|p2a: Corviknight\n|-boost|p2a: Corviknight|atk|1\n|-boost|p2a: Corviknight|def|1\n|\n|-heal|p1a: Dragapult|76\/100|[from] item: Leftovers\n|-heal|p2a: Corviknight|65\/100|[from] item: Leftovers\n|upkeep\n|turn|15\n|\n|t:|1666679712\n|switch|p1a: Kartana|Kartana|100\/100\n|move|p2a: Corviknight|Roost|p2a: Corviknight\n|-heal|p2a: Corviknight|100\/100\n|-singleturn|p2a: Corviknight|move: Roost\n|\n|upkeep\n|turn|16\n|\n|t:|1666679719\n|move|p1a: Kartana|Sacred Sword|p2a: Corviknight\n|-damage|p2a: Corviknight|48\/100\n|move|p2a: Corviknight|Bulk Up|p2a: Corviknight\n|-boost|p2a: Corviknight|atk|1\n|-boost|p2a: Corviknight|def|1\n|\n|-heal|p2a: Corviknight|54\/100|[from] item: Leftovers\n|upkeep\n|turn|17\n|\n|t:|1666679725\n|switch|p2a: Volcarona|Volcarona, F|100\/100\n|move|p1a: Kartana|Sacred Sword|p2a: Volcarona\n|-resisted|p2a: Volcarona\n|-damage|p2a: Volcarona|74\/100\n|\n|upkeep\n|turn|18\n|\n|t:|1666679730\n|switch|p1a: Garchomp|Garchomp, M|100\/100\n|switch|p2a: Weavile|Weavile, M|100\/100\n|-ability|p2a: Weavile|Pressure\n|\n|upkeep\n|turn|19\n|\n|t:|1666679733\n|switch|p1a: Dragapult|Dragapult, F|76\/100\n|move|p2a: Weavile|Knock Off|p1a: Dragapult\n|-supereffective|p1a: Dragapult\n|-damage|p1a: Dragapult|0 fnt\n|-enditem|p1a: Dragapult|Leftovers|[from] move: Knock Off|[of] p2a: Weavile\n|faint|p1a: Dragapult\n|\n|upkeep\n|\n|t:|1666679738\n|switch|p1a: Ferrothorn|Ferrothorn, F|100\/100\n|turn|20\n|\n|t:|1666679746\n|move|p2a: Weavile|Knock Off|p1a: Ferrothorn\n|-damage|p1a: Ferrothorn|46\/100\n|-damage|p2a: Weavile|88\/100|[from] ability: Iron Barbs|[of] p1a: Ferrothorn\n|-enditem|p1a: Ferrothorn|Leftovers|[from] move: Knock Off|[of] p2a: Weavile\n|move|p1a: Ferrothorn|Leech Seed|p2a: Weavile\n|-start|p2a: Weavile|move: Leech Seed\n|\n|-damage|p2a: Weavile|76\/100|[from] Leech Seed|[of] p1a: Ferrothorn\n|-heal|p1a: Ferrothorn|56\/100|[silent]\n|upkeep\n|turn|21\n|\n|t:|1666679749\n|switch|p2a: Corviknight|Corviknight, M|54\/100\n|-ability|p2a: Corviknight|Pressure\n|move|p1a: Ferrothorn|Gyro Ball|p2a: Corviknight\n|-resisted|p2a: Corviknight\n|-damage|p2a: Corviknight|41\/100\n|\n|-heal|p2a: Corviknight|47\/100|[from] item: Leftovers\n|upkeep\n|turn|22\n|-message|tawny's alt forfeited.\n|\n|win|Kwaga\n|raw|tawny&apos;s alt's rating: 1576 &rarr; <strong>1563<\/strong><br \/>(-13 for losing)\n|raw|Kwaga's rating: 1704 &rarr; <strong>1717<\/strong><br \/>(+13 for winning)\n|l|\u2606tawny's alt\n","uploadtime":1666679756,"views":16,"p1id":"tawnysalt","p2id":"kwaga","formatid":"gen8ou","rating":1563,"private":0,"password":null}