{"id":"gen8ou-1667068780","p1":"Darkman64","p2":"minimax_ai","format":"gen8ou","log":"|j|\u2606Darkman64\n|j|\u2606minimax_ai\n|t:|1663475545\n|gametype|singles\n|player|p1|Darkman64|juan|1542\n|player|p2|minimax_ai|lusamine-nihilego|1568\n|teamsize|p1|6\n|teamsize|p2|6\n|gen|8\n|tier|[Gen 8] OU\n|rated|\n|rule|Sleep Clause Mod: Limit one foe put to sleep\n|rule|Species Clause: Limit one of each Pok\u00e9mon\n|rule|OHKO Clause: OHKO moves are banned\n|rule|Evasion Items Clause: Evasion items are banned\n|rule|Evasion Moves Clause: Evasion moves are banned\n|rule|Endless Battle Clause: Forcing endless battles is banned\n|rule|HP Percentage Mod: HP is shown in percentages\n|rule|Dynamax Clause: You cannot dynamax\n|clearpoke\n|poke|p1|Weavile, F|\n|poke|p1|Slowbro, M|\n|poke|p1|Landorus-Therian, M|\n|poke|p1|Urshifu-*, M|\n|poke|p1|Ferrothorn, M|\n|poke|p1|Clefable, M|\n|poke|p2|Rotom-Wash|\n|poke|p2|Weavile, F|\n|poke|p2|Landorus-Therian, M|\n|poke|p2|Heatran, M|\n|poke|p2|Tangrowth, M|\n|poke|p2|Melmetal|\n|teampreview\n|c|\u2606minimax_ai|hf\n|inactive|Battle timer is ON: inactive players will automatically lose when time's up. (requested by minimax_ai)\n|c|\u2606Darkman64|u2+\n|\n|t:|1663475555\n|start\n|switch|p1a: Weavile|Weavile, F|100\/100\n|switch|p2a: landorustherian|Landorus-Therian, M|100\/100\n|-ability|p1a: Weavile|Pressure\n|-ability|p2a: landorustherian|Intimidate|boost\n|-unboost|p1a: Weavile|atk|1\n|turn|1\n|\n|t:|1663475561\n|switch|p2a: Tangrowth|Tangrowth, M|100\/100\n|move|p1a: Weavile|Triple Axel|p2a: Tangrowth|[miss]\n|-miss|p1a: Weavile|p2a: Tangrowth\n|\n|upkeep\n|turn|2\n|\n|t:|1663475567\n|switch|p1a: Ferrothorn|Ferrothorn, M|100\/100\n|move|p2a: Tangrowth|Giga Drain|p1a: Ferrothorn\n|-resisted|p1a: Ferrothorn\n|-crit|p1a: Ferrothorn\n|-damage|p1a: Ferrothorn|93\/100\n|\n|-heal|p1a: Ferrothorn|99\/100|[from] item: Leftovers\n|upkeep\n|turn|3\n|\n|t:|1663475569\n|switch|p2a: Heatran|Heatran, M|100\/100\n|-item|p2a: Heatran|Air Balloon\n|move|p1a: Ferrothorn|Knock Off|p2a: Heatran\n|-damage|p2a: Heatran|79\/100\n|-enditem|p2a: Heatran|Air Balloon\n|\n|-heal|p1a: Ferrothorn|100\/100|[from] item: Leftovers\n|upkeep\n|turn|4\n|\n|t:|1663475574\n|switch|p1a: Landorus|Landorus-Therian, M|100\/100\n|-ability|p1a: Landorus|Intimidate|boost\n|-unboost|p2a: Heatran|atk|1\n|move|p2a: Heatran|Stealth Rock|p1a: Landorus\n|-sidestart|p1: Darkman64|move: Stealth Rock\n|\n|upkeep\n|turn|5\n|\n|t:|1663475576\n|switch|p2a: rotomwash|Rotom-Wash|100\/100\n|move|p1a: Landorus|Defog|p2a: rotomwash\n|-unboost|p2a: rotomwash|evasion|1\n|-sideend|p1: Darkman64|Stealth Rock|[from] move: Defog|[of] p1a: Landorus\n|\n|upkeep\n|turn|6\n|\n|t:|1663475578\n|move|p2a: rotomwash|Hydro Pump|p1a: Landorus\n|-supereffective|p1a: Landorus\n|-damage|p1a: Landorus|41\/100\n|move|p1a: Landorus|Toxic|p2a: rotomwash\n|-status|p2a: rotomwash|tox\n|\n|-heal|p1a: Landorus|47\/100|[from] item: Leftovers\n|-damage|p2a: rotomwash|94\/100 tox|[from] psn\n|upkeep\n|turn|7\n|\n|t:|1663475582\n|switch|p1a: Ferrothorn|Ferrothorn, M|100\/100\n|move|p2a: rotomwash|Hydro Pump|p1a: Ferrothorn\n|-resisted|p1a: Ferrothorn\n|-damage|p1a: Ferrothorn|82\/100\n|\n|-heal|p2a: rotomwash|100\/100 tox|[from] item: Leftovers\n|-heal|p1a: Ferrothorn|88\/100|[from] item: Leftovers\n|-damage|p2a: rotomwash|88\/100 tox|[from] psn\n|upkeep\n|turn|8\n|\n|t:|1663475585\n|switch|p2a: landorustherian|Landorus-Therian, M|100\/100\n|-ability|p2a: landorustherian|Intimidate|boost\n|-unboost|p1a: Ferrothorn|atk|1\n|switch|p1a: Landorus|Landorus-Therian, M|47\/100\n|-ability|p1a: Landorus|Intimidate|boost\n|-unboost|p2a: landorustherian|atk|1\n|\n|-heal|p1a: Landorus|53\/100|[from] item: Leftovers\n|upkeep\n|turn|9\n|\n|t:|1663475587\n|move|p2a: landorustherian|U-turn|p1a: Landorus\n|-resisted|p1a: Landorus\n|-damage|p1a: Landorus|46\/100\n|\n|t:|1663475588\n|switch|p2a: rotomwash|Rotom-Wash|88\/100 tox|[from]move: U-turn\n|move|p1a: Landorus|Toxic|p2a: rotomwash\n|-fail|p2a: rotomwash|tox\n|\n|-heal|p2a: rotomwash|94\/100 tox|[from] item: Leftovers\n|-heal|p1a: Landorus|52\/100|[from] item: Leftovers\n|-damage|p2a: rotomwash|88\/100 tox|[from] psn\n|upkeep\n|turn|10\n|\n|t:|1663475593\n|move|p2a: rotomwash|Hydro Pump|p1a: Landorus\n|-supereffective|p1a: Landorus\n|-damage|p1a: Landorus|0 fnt\n|faint|p1a: Landorus\n|\n|-heal|p2a: rotomwash|94\/100 tox|[from] item: Leftovers\n|-damage|p2a: rotomwash|82\/100 tox|[from] psn\n|upkeep\n|\n|t:|1663475595\n|switch|p1a: Urshifu|Urshifu-Rapid-Strike, M|100\/100\n|turn|11\n|\n|t:|1663475596\n|switch|p2a: Tangrowth|Tangrowth, M|100\/100\n|move|p1a: Urshifu|Close Combat|p2a: Tangrowth\n|-damage|p2a: Tangrowth|50\/100\n|-unboost|p1a: Urshifu|def|1\n|-unboost|p1a: Urshifu|spd|1\n|-damage|p1a: Urshifu|84\/100|[from] item: Rocky Helmet|[of] p2a: Tangrowth\n|\n|upkeep\n|turn|12\n|\n|t:|1663475599\n|switch|p2a: landorustherian|Landorus-Therian, M|100\/100\n|-ability|p2a: landorustherian|Intimidate|boost\n|-unboost|p1a: Urshifu|atk|1\n|move|p1a: Urshifu|Close Combat|p2a: landorustherian\n|-resisted|p2a: landorustherian\n|-damage|p2a: landorustherian|71\/100\n|-unboost|p1a: Urshifu|def|1\n|-unboost|p1a: Urshifu|spd|1\n|\n|-heal|p2a: landorustherian|77\/100|[from] item: Leftovers\n|upkeep\n|turn|13\n|\n|t:|1663475603\n|switch|p1a: Slowbro|Slowbro, M|100\/100\n|move|p2a: landorustherian|Earthquake|p1a: Slowbro\n|-damage|p1a: Slowbro|71\/100\n|\n|-heal|p2a: landorustherian|83\/100|[from] item: Leftovers\n|upkeep\n|turn|14\n|\n|t:|1663475608\n|move|p2a: landorustherian|U-turn|p1a: Slowbro\n|-supereffective|p1a: Slowbro\n|-damage|p1a: Slowbro|43\/100\n|\n|t:|1663475609\n|switch|p2a: Tangrowth|Tangrowth, M|84\/100|[from]move: U-turn\n|move|p1a: Slowbro|Teleport|p1a: Slowbro\n|\n|t:|1663475612\n|switch|p1a: Weavile|Weavile, F|100\/100|[from]move: Teleport\n|-ability|p1a: Weavile|Pressure\n|\n|upkeep\n|turn|15\n|\n|t:|1663475616\n|switch|p2a: Heatran|Heatran, M|79\/100\n|move|p1a: Weavile|Knock Off|p2a: Heatran\n|-damage|p2a: Heatran|33\/100\n|\n|upkeep\n|turn|16\n|\n|t:|1663475618\n|switch|p2a: landorustherian|Landorus-Therian, M|83\/100\n|-ability|p2a: landorustherian|Intimidate|boost\n|-unboost|p1a: Weavile|atk|1\n|move|p1a: Weavile|Knock Off|p2a: landorustherian\n|-damage|p2a: landorustherian|35\/100\n|-enditem|p2a: landorustherian|Leftovers|[from] move: Knock Off|[of] p1a: Weavile\n|\n|upkeep\n|turn|17\n|\n|t:|1663475621\n|move|p1a: Weavile|Knock Off|p2a: landorustherian\n|-damage|p2a: landorustherian|4\/100\n|move|p2a: landorustherian|Earthquake|p1a: Weavile\n|-damage|p1a: Weavile|21\/100\n|\n|upkeep\n|turn|18\n|\n|t:|1663475624\n|switch|p2a: Tangrowth|Tangrowth, M|100\/100\n|move|p1a: Weavile|Knock Off|p2a: Tangrowth\n|-damage|p2a: Tangrowth|75\/100\n|-damage|p1a: Weavile|5\/100|[from] item: Rocky Helmet|[of] p2a: Tangrowth\n|-enditem|p2a: Tangrowth|Rocky Helmet|[from] move: Knock Off|[of] p1a: Weavile\n|\n|upkeep\n|turn|19\n|\n|t:|1663475629\n|switch|p1a: Clefable|Clefable, M|100\/100\n|move|p2a: Tangrowth|Knock Off|p1a: Clefable\n|-resisted|p1a: Clefable\n|-damage|p1a: Clefable|92\/100\n|-enditem|p1a: Clefable|Leftovers|[from] move: Knock Off|[of] p2a: Tangrowth\n|\n|upkeep\n|turn|20\n|\n|t:|1663475632\n|switch|p2a: Melmetal|Melmetal|100\/100\n|move|p1a: Clefable|Teleport|p1a: Clefable\n|\n|t:|1663475634\n|switch|p1a: Urshifu|Urshifu-Rapid-Strike, M|84\/100|[from]move: Teleport\n|\n|upkeep\n|turn|21\n|\n|t:|1663475636\n|switch|p2a: Tangrowth|Tangrowth, M|100\/100\n|move|p1a: Urshifu|Close Combat|p2a: Tangrowth\n|-damage|p2a: Tangrowth|52\/100\n|-unboost|p1a: Urshifu|def|1\n|-unboost|p1a: Urshifu|spd|1\n|\n|upkeep\n|turn|22\n|\n|t:|1663475638\n|move|p1a: Urshifu|Close Combat|p2a: Tangrowth\n|-damage|p2a: Tangrowth|0 fnt\n|-unboost|p1a: Urshifu|def|1\n|-unboost|p1a: Urshifu|spd|1\n|faint|p2a: Tangrowth\n|\n|upkeep\n|\n|t:|1663475638\n|switch|p2a: Weavile|Weavile, F|100\/100\n|-ability|p2a: Weavile|Pressure\n|turn|23\n|\n|t:|1663475643\n|switch|p1a: Ferrothorn|Ferrothorn, M|88\/100\n|move|p2a: Weavile|Knock Off|p1a: Ferrothorn\n|-crit|p1a: Ferrothorn\n|-damage|p1a: Ferrothorn|26\/100\n|-damage|p2a: Weavile|88\/100|[from] ability: Iron Barbs|[of] p1a: Ferrothorn\n|-enditem|p1a: Ferrothorn|Leftovers|[from] move: Knock Off|[of] p2a: Weavile\n|\n|upkeep\n|turn|24\n|\n|t:|1663475645\n|move|p2a: Weavile|Knock Off|p1a: Ferrothorn\n|-damage|p1a: Ferrothorn|0 fnt\n|-damage|p2a: Weavile|76\/100|[from] ability: Iron Barbs|[of] p1a: Ferrothorn\n|faint|p1a: Ferrothorn\n|\n|upkeep\n|\n|t:|1663475649\n|switch|p1a: Urshifu|Urshifu-Rapid-Strike, M|84\/100\n|turn|25\n|\n|t:|1663475650\n|switch|p2a: landorustherian|Landorus-Therian, M|4\/100\n|-ability|p2a: landorustherian|Intimidate|boost\n|-unboost|p1a: Urshifu|atk|1\n|move|p1a: Urshifu|U-turn|p2a: landorustherian\n|-resisted|p2a: landorustherian\n|-damage|p2a: landorustherian|0 fnt\n|faint|p2a: landorustherian\n|\n|t:|1663475654\n|switch|p1a: Weavile|Weavile, F|5\/100|[from]move: U-turn\n|-ability|p1a: Weavile|Pressure\n|\n|upkeep\n|\n|t:|1663475654\n|switch|p2a: Melmetal|Melmetal|100\/100\n|turn|26\n|\n|t:|1663475663\n|switch|p1a: Slowbro|Slowbro, M|76\/100\n|move|p2a: Melmetal|Thunder Punch|p1a: Slowbro\n|-supereffective|p1a: Slowbro\n|-damage|p1a: Slowbro|34\/100\n|\n|upkeep\n|turn|27\n|\n|t:|1663475668\n|switch|p1a: Clefable|Clefable, M|92\/100\n|move|p2a: Melmetal|Thunder Punch|p1a: Clefable\n|-damage|p1a: Clefable|66\/100\n|\n|upkeep\n|turn|28\n|\n|t:|1663475675\n|move|p1a: Clefable|Protect|p1a: Clefable\n|-singleturn|p1a: Clefable|Protect\n|move|p2a: Melmetal|Thunder Punch|p1a: Clefable\n|-activate|p1a: Clefable|move: Protect\n|\n|upkeep\n|turn|29\n|\n|t:|1663475677\n|move|p1a: Clefable|Wish|p1a: Clefable\n|move|p2a: Melmetal|Thunder Punch|p1a: Clefable\n|-damage|p1a: Clefable|42\/100\n|\n|upkeep\n|turn|30\n|\n|t:|1663475680\n|move|p1a: Clefable|Protect|p1a: Clefable\n|-singleturn|p1a: Clefable|Protect\n|move|p2a: Melmetal|Thunder Punch|p1a: Clefable\n|-activate|p1a: Clefable|move: Protect\n|\n|-heal|p1a: Clefable|92\/100|[from] move: Wish|[wisher] Clefable\n|upkeep\n|turn|31\n|\n|t:|1663475683\n|move|p1a: Clefable|Wish|p1a: Clefable\n|move|p2a: Melmetal|Thunder Punch|p1a: Clefable\n|-damage|p1a: Clefable|67\/100\n|\n|upkeep\n|turn|32\n|\n|t:|1663475687\n|switch|p1a: Slowbro|Slowbro, M|67\/100\n|move|p2a: Melmetal|Thunder Punch|p1a: Slowbro\n|-supereffective|p1a: Slowbro\n|-damage|p1a: Slowbro|22\/100\n|\n|-heal|p1a: Slowbro|72\/100|[from] move: Wish|[wisher] Clefable\n|upkeep\n|turn|33\n|\n|t:|1663475690\n|move|p2a: Melmetal|Thunder Punch|p1a: Slowbro\n|-supereffective|p1a: Slowbro\n|-damage|p1a: Slowbro|30\/100\n|move|p1a: Slowbro|Teleport|p1a: Slowbro\n|\n|t:|1663475692\n|switch|p1a: Urshifu|Urshifu-Rapid-Strike, M|84\/100|[from]move: Teleport\n|\n|upkeep\n|turn|34\n|\n|t:|1663475694\n|switch|p2a: rotomwash|Rotom-Wash|82\/100 tox\n|move|p1a: Urshifu|Close Combat|p2a: rotomwash\n|-damage|p2a: rotomwash|0 fnt\n|-unboost|p1a: Urshifu|def|1\n|-unboost|p1a: Urshifu|spd|1\n|faint|p2a: rotomwash\n|\n|upkeep\n|\n|t:|1663475694\n|switch|p2a: Weavile|Weavile, F|76\/100\n|-ability|p2a: Weavile|Pressure\n|turn|35\n|\n|t:|1663475700\n|move|p2a: Weavile|Knock Off|p1a: Urshifu\n|-resisted|p1a: Urshifu\n|-damage|p1a: Urshifu|28\/100\n|-enditem|p1a: Urshifu|Choice Band|[from] move: Knock Off|[of] p2a: Weavile\n|move|p1a: Urshifu|Close Combat|p2a: Weavile\n|-supereffective|p2a: Weavile\n|-damage|p2a: Weavile|0 fnt\n|-unboost|p1a: Urshifu|def|1\n|-unboost|p1a: Urshifu|spd|1\n|faint|p2a: Weavile\n|\n|upkeep\n|\n|t:|1663475700\n|switch|p2a: Melmetal|Melmetal|100\/100\n|turn|36\n|\n|t:|1663475705\n|move|p1a: Urshifu|U-turn|p2a: Melmetal\n|-resisted|p2a: Melmetal\n|-damage|p2a: Melmetal|94\/100\n|\n|t:|1663475708\n|switch|p1a: Clefable|Clefable, M|67\/100|[from]move: U-turn\n|move|p2a: Melmetal|Double Iron Bash|p1a: Clefable\n|-supereffective|p1a: Clefable\n|-damage|p1a: Clefable|7\/100\n|-supereffective|p1a: Clefable\n|-damage|p1a: Clefable|0 fnt\n|faint|p1a: Clefable\n|-hitcount|p1: Clefable|2\n|\n|upkeep\n|\n|t:|1663475710\n|switch|p1a: Weavile|Weavile, F|5\/100\n|-ability|p1a: Weavile|Pressure\n|turn|37\n|\n|t:|1663475713\n|move|p1a: Weavile|Low Kick|p2a: Melmetal\n|-supereffective|p2a: Melmetal\n|-damage|p2a: Melmetal|30\/100\n|move|p2a: Melmetal|Double Iron Bash|p1a: Weavile\n|-supereffective|p1a: Weavile\n|-damage|p1a: Weavile|0 fnt\n|faint|p1a: Weavile\n|-hitcount|p1: Weavile|1\n|\n|upkeep\n|\n|t:|1663475715\n|switch|p1a: Urshifu|Urshifu-Rapid-Strike, M|28\/100\n|turn|38\n|\n|t:|1663475717\n|switch|p2a: Heatran|Heatran, M|33\/100\n|move|p1a: Urshifu|Close Combat|p2a: Heatran\n|-supereffective|p2a: Heatran\n|-damage|p2a: Heatran|0 fnt\n|-unboost|p1a: Urshifu|def|1\n|-unboost|p1a: Urshifu|spd|1\n|faint|p2a: Heatran\n|\n|upkeep\n|\n|t:|1663475717\n|switch|p2a: Melmetal|Melmetal|30\/100\n|turn|39\n|c|\u2606Darkman64|gg\n|\n|t:|1663475723\n|move|p1a: Urshifu|Surging Strikes|p2a: Melmetal\n|-crit|p2a: Melmetal\n|-damage|p2a: Melmetal|18\/100\n|-crit|p2a: Melmetal\n|-damage|p2a: Melmetal|7\/100\n|-crit|p2a: Melmetal\n|-damage|p2a: Melmetal|0 fnt\n|faint|p2a: Melmetal\n|-hitcount|p2: Melmetal|3\n|\n|win|Darkman64\n|raw|Darkman64's rating: 1542 &rarr; <strong>1563<\/strong><br \/>(+21 for winning)\n|raw|minimax_ai's rating: 1568 &rarr; <strong>1547<\/strong><br \/>(-21 for losing)\n|c|\u2606minimax_ai|gg\n","uploadtime":1663475725,"views":13,"p1id":"darkman64","p2id":"minimaxai","formatid":"gen8ou","rating":1547,"private":0,"password":null}