{"id":"gen8ou-1062114311","p1":"ferromolybdenum","p2":"DamianKoks123","format":"gen8ou","log":"|j|\u2606ferromolybdenum\n|j|\u2606DamianKoks123\n|player|p1|ferromolybdenum|lucas|1654\n|player|p2|DamianKoks123|169|1600\n|teamsize|p1|6\n|teamsize|p2|6\n|gametype|singles\n|gen|8\n|tier|[Gen 8] OU\n|rated|\n|clearpoke\n|poke|p1|Kyurem-Black|\n|poke|p1|Melmetal|\n|poke|p1|Clefable, M|\n|poke|p1|Corviknight, M|\n|poke|p1|Zeraora|\n|poke|p1|Seismitoad, F|\n|poke|p2|Ribombee, F|\n|poke|p2|Mimikyu, F|\n|poke|p2|Excadrill, F|\n|poke|p2|Dracovish|\n|poke|p2|Toxtricity, M|\n|poke|p2|Bisharp, F|\n|rule|Sleep Clause Mod: Limit one foe put to sleep\n|rule|Species Clause: Limit one of each Pok\u00e9mon\n|rule|OHKO Clause: OHKO moves are banned\n|rule|Evasion Moves Clause: Evasion moves are banned\n|rule|Endless Battle Clause: Forcing endless battles is banned\n|rule|HP Percentage Mod: HP is shown in percentages\n|rule|Dynamax Clause: You cannot dynamax\n|teampreview\n|\n|start\n|switch|p1a: Zeraora|Zeraora|100\/100\n|switch|p2a: Ribombee|Ribombee, F|100\/100\n|turn|1\n|inactive|Battle timer is ON: inactive players will automatically lose when time's up. (requested by DamianKoks123)\n|\n|move|p1a: Zeraora|Plasma Fists|p2a: Ribombee\n|-enditem|p2a: Ribombee|Focus Sash\n|-damage|p2a: Ribombee|1\/100\n|-fieldactivate|move: Ion Deluge\n|-damage|p1a: Zeraora|91\/100|[from] item: Life Orb\n|move|p2a: Ribombee|Sticky Web|p1a: Zeraora\n|-sidestart|p1: ferromolybdenum|move: Sticky Web\n|\n|upkeep\n|turn|2\n|\n|switch|p2a: DORYUZUUUUUuUU|Excadrill, F|100\/100\n|-ability|p2a: DORYUZUUUUUuUU|Mold Breaker\n|-item|p2a: DORYUZUUUUUuUU|Air Balloon\n|move|p1a: Zeraora|Plasma Fists|p2a: DORYUZUUUUUuUU\n|-immune|p2a: DORYUZUUUUUuUU\n|\n|upkeep\n|turn|3\n|\n|switch|p1a: Corviknight|Corviknight, M|100\/100\n|-ability|p1a: Corviknight|Pressure\n|switch|p2a: Vish Strikes Back|Dracovish|100\/100\n|\n|upkeep\n|turn|4\n|\n|switch|p2a: Elec'ric Guitar|Toxtricity, M|100\/100\n|switch|p1a: Seismitoad|Seismitoad, F|100\/100\n|-activate|p1a: Seismitoad|move: Sticky Web\n|-unboost|p1a: Seismitoad|spe|1\n|\n|upkeep\n|turn|5\n|\n|switch|p1a: Kyurem|Kyurem-Black|100\/100\n|-activate|p1a: Kyurem|move: Sticky Web\n|-unboost|p1a: Kyurem|spe|1\n|-ability|p1a: Kyurem|Teravolt\n|move|p2a: Elec'ric Guitar|Boomburst|p1a: Kyurem\n|-damage|p1a: Kyurem|9\/100\n|\n|upkeep\n|turn|6\n|\n|move|p2a: Elec'ric Guitar|Boomburst|p1a: Kyurem\n|-damage|p1a: Kyurem|0 fnt\n|faint|p1a: Kyurem\n|\n|upkeep\n|\n|switch|p1a: Corviknight|Corviknight, M|100\/100\n|-ability|p1a: Corviknight|Pressure\n|turn|7\n|\n|switch|p2a: Ribombee|Ribombee, F|1\/100\n|move|p1a: Corviknight|Defog|p2a: Ribombee\n|-unboost|p2a: Ribombee|evasion|1\n|-sideend|p1: ferromolybdenum|Sticky Web|[from] move: Defog|[of] p1a: Corviknight\n|\n|upkeep\n|turn|8\n|\n|move|p2a: Ribombee|Stun Spore|p1a: Corviknight\n|-status|p1a: Corviknight|par\n|move|p1a: Corviknight|Defog|p2a: Ribombee\n|-unboost|p2a: Ribombee|evasion|1\n|\n|upkeep\n|turn|9\n|\n|move|p2a: Ribombee|Sticky Web|p1a: Corviknight\n|-sidestart|p1: ferromolybdenum|move: Sticky Web\n|move|p1a: Corviknight|Brave Bird|p2a: Ribombee\n|-supereffective|p2a: Ribombee\n|-damage|p2a: Ribombee|0 fnt\n|-damage|p1a: Corviknight|99\/100 par|[from] Recoil\n|faint|p2a: Ribombee\n|\n|-heal|p1a: Corviknight|100\/100 par|[from] item: Leftovers\n|upkeep\n|\n|switch|p2a: Vish Strikes Back|Dracovish|100\/100\n|turn|10\n|\n|move|p2a: Vish Strikes Back|Fishious Rend|p1a: Corviknight\n|-damage|p1a: Corviknight|1\/100 par\n|move|p1a: Corviknight|Defog|p2a: Vish Strikes Back\n|-unboost|p2a: Vish Strikes Back|evasion|1\n|-sideend|p1: ferromolybdenum|Sticky Web|[from] move: Defog|[of] p1a: Corviknight\n|\n|-heal|p1a: Corviknight|8\/100 par|[from] item: Leftovers\n|upkeep\n|turn|11\n|\n|switch|p2a: Elec'ric Guitar|Toxtricity, M|100\/100\n|switch|p1a: Seismitoad|Seismitoad, F|100\/100\n|\n|upkeep\n|turn|12\n|\n|switch|p1a: Corviknight|Corviknight, M|8\/100 par\n|-ability|p1a: Corviknight|Pressure\n|move|p2a: Elec'ric Guitar|Boomburst|p1a: Corviknight\n|-resisted|p1a: Corviknight\n|-damage|p1a: Corviknight|0 fnt\n|faint|p1a: Corviknight\n|\n|upkeep\n|\n|switch|p1a: Zeraora|Zeraora|91\/100\n|turn|13\n|\n|move|p1a: Zeraora|Knock Off|p2a: Elec'ric Guitar\n|-damage|p2a: Elec'ric Guitar|41\/100\n|-enditem|p2a: Elec'ric Guitar|Choice Specs|[from] move: Knock Off|[of] p1a: Zeraora\n|-damage|p1a: Zeraora|81\/100|[from] item: Life Orb\n|move|p2a: Elec'ric Guitar|Boomburst|p1a: Zeraora\n|-damage|p1a: Zeraora|0 fnt\n|faint|p1a: Zeraora\n|\n|upkeep\n|\n|switch|p1a: Melmetal|Melmetal|100\/100\n|turn|14\n|\n|move|p2a: Elec'ric Guitar|Volt Switch|p1a: Melmetal\n|-damage|p1a: Melmetal|66\/100\n|\n|switch|p2a: DORYUZUUUUUuUU|Excadrill, F|100\/100|[from]move: Volt Switch\n|-ability|p2a: DORYUZUUUUUuUU|Mold Breaker\n|-item|p2a: DORYUZUUUUUuUU|Air Balloon\n|move|p1a: Melmetal|High Horsepower|p2a: DORYUZUUUUUuUU\n|-immune|p2a: DORYUZUUUUUuUU\n|\n|upkeep\n|turn|15\n|-message|ferromolybdenum forfeited.\n|\n|win|DamianKoks123\n|l|\u2606ferromolybdenum\n|j| Data Mine O\n|l| Data Mine O\n||Ladder (probably) updated, but score could not be retrieved (Response not received).\n","uploadtime":1581528376,"views":20,"p1id":"ferromolybdenum","p2id":"damiankoks123","formatid":"gen8ou","rating":0,"private":0,"password":null}