{"id":"gen8ou-1641040748","p1":"ironwater","p2":"antarctozolt","format":"gen8ou","log":"|j|\u2606ironwater\n|j|\u203dantarctozolt\n|inactive|Battle timer is ON: inactive players will automatically lose when time's up.\n|t:|1660665419\n|gametype|singles\n|player|p1|ironwater|melony|\n|player|p2|antarctozolt|skier|\n|teamsize|p1|6\n|teamsize|p2|6\n|gen|8\n|tier|[Gen 8] OU\n|rated|Tournament battle\n|rule|Sleep Clause Mod: Limit one foe put to sleep\n|rule|Species Clause: Limit one of each Pok\u00e9mon\n|rule|OHKO Clause: OHKO moves are banned\n|rule|Evasion Items Clause: Evasion items are banned\n|rule|Evasion Moves Clause: Evasion moves are banned\n|rule|Endless Battle Clause: Forcing endless battles is banned\n|rule|HP Percentage Mod: HP is shown in percentages\n|rule|Dynamax Clause: You cannot dynamax\n|clearpoke\n|poke|p1|Tyranitar, M|\n|poke|p1|Excadrill, M|\n|poke|p1|Rotom-Wash|\n|poke|p1|Tangrowth, F|\n|poke|p1|Clefable, F|\n|poke|p1|Slowking-Galar, M|\n|poke|p2|Mew|\n|poke|p2|Zeraora|\n|poke|p2|Kartana|\n|poke|p2|Blacephalon|\n|poke|p2|Tapu Bulu|\n|poke|p2|Weavile, F|\n|teampreview\n|c|\u2606ironwater|hf\n|j| jazzyooop\n|l| jazzyooop\n|j| retb3\n|j|@Mimikyu Stardust\n|inactive|ironwater has 120 seconds left.\n|inactive|antarctozolt has 120 seconds left.\n|\n|t:|1660665461\n|start\n|switch|p1a: Tyranitar|Tyranitar, M|100\/100\n|switch|p2a: Mew|Mew|100\/100\n|-weather|Sandstorm|[from] ability: Sand Stream|[of] p1a: Tyranitar\n|turn|1\n|j|%Sww-Suwa\n|\n|t:|1660665465\n|move|p2a: Mew|Stealth Rock|p1a: Tyranitar\n|-sidestart|p1: ironwater|move: Stealth Rock\n|move|p1a: Tyranitar|Crunch|p2a: Mew\n|-supereffective|p2a: Mew\n|-enditem|p2a: Mew|Colbur Berry|[eat]\n|-enditem|p2a: Mew|Colbur Berry|[weaken]\n|-damage|p2a: Mew|46\/100\n|\n|-weather|Sandstorm|[upkeep]\n|-damage|p2a: Mew|40\/100|[from] Sandstorm\n|upkeep\n|turn|2\n|\n|t:|1660665470\n|move|p2a: Mew|Spikes|p1a: Tyranitar\n|-sidestart|p1: ironwater|Spikes\n|move|p1a: Tyranitar|Crunch|p2a: Mew\n|-supereffective|p2a: Mew\n|-damage|p2a: Mew|0 fnt\n|faint|p2a: Mew\n|\n|-weather|Sandstorm|[upkeep]\n|upkeep\n|j| jazzyooop\n|\n|t:|1660665475\n|switch|p2a: Zeraora|Zeraora|100\/100\n|turn|3\n|\n|t:|1660665479\n|switch|p1a: Tangrowth|Tangrowth, F|100\/100\n|-damage|p1a: Tangrowth|88\/100|[from] Stealth Rock\n|-damage|p1a: Tangrowth|76\/100|[from] Spikes\n|move|p2a: Zeraora|Knock Off|p1a: Tangrowth\n|-damage|p1a: Tangrowth|60\/100\n|-damage|p2a: Zeraora|84\/100|[from] item: Rocky Helmet|[of] p1a: Tangrowth\n|-enditem|p1a: Tangrowth|Rocky Helmet|[from] move: Knock Off|[of] p2a: Zeraora\n|\n|-weather|Sandstorm|[upkeep]\n|-damage|p2a: Zeraora|78\/100|[from] Sandstorm\n|-damage|p1a: Tangrowth|54\/100|[from] Sandstorm\n|upkeep\n|turn|4\n|\n|t:|1660665488\n|move|p2a: Zeraora|Close Combat|p1a: Tangrowth\n|-damage|p1a: Tangrowth|32\/100\n|-unboost|p2a: Zeraora|def|1\n|-unboost|p2a: Zeraora|spd|1\n|-enditem|p2a: Zeraora|Eject Pack\n|j| iqpweqorhqrowipe1\n|j| criminelly\n|\n|t:|1660665491\n|switch|p2a: Kartana|Kartana|100\/100\n|move|p1a: Tangrowth|Knock Off|p2a: Kartana\n|-damage|p2a: Kartana|77\/100\n|-enditem|p2a: Kartana|Choice Scarf|[from] move: Knock Off|[of] p1a: Tangrowth\n|\n|-weather|Sandstorm|[upkeep]\n|-damage|p1a: Tangrowth|26\/100|[from] Sandstorm\n|upkeep\n|turn|5\n|j| TR23\n|\n|t:|1660665517\n|switch|p1a: Slowking|Slowking-Galar, M|100\/100\n|move|p2a: Kartana|Smart Strike|p1a: Slowking\n|-damage|p1a: Slowking|61\/100\n|\n|-weather|none\n|upkeep\n|turn|6\n|\n|t:|1660665535\n|switch|p1a: Clefable|Clefable, F|100\/100\n|move|p2a: Kartana|Smart Strike|p1a: Clefable\n|-supereffective|p1a: Clefable\n|-damage|p1a: Clefable|30\/100\n|-damage|p2a: Kartana|60\/100|[from] item: Rocky Helmet|[of] p1a: Clefable\n|\n|upkeep\n|turn|7\n|j| Pedrich2\n|inactive|ironwater has 120 seconds left.\n|\n|t:|1660665551\n|move|p2a: Kartana|Smart Strike|p1a: Clefable\n|-supereffective|p1a: Clefable\n|-damage|p1a: Clefable|0 fnt\n|-damage|p2a: Kartana|44\/100|[from] item: Rocky Helmet|[of] p1a: Clefable\n|faint|p1a: Clefable\n|-ability|p2a: Kartana|Beast Boost|boost\n|-boost|p2a: Kartana|atk|1\n|\n|upkeep\n|inactive|ironwater has 120 seconds left.\n|\n|t:|1660665556\n|switch|p1a: Slowking|Slowking-Galar, M|95\/100\n|turn|8\n|\n|t:|1660665559\n|move|p2a: Kartana|Knock Off|p1a: Slowking\n|-supereffective|p1a: Slowking\n|-damage|p1a: Slowking|0 fnt\n|-enditem|p1a: Slowking|Heavy-Duty Boots|[from] move: Knock Off|[of] p2a: Kartana\n|faint|p1a: Slowking\n|-ability|p2a: Kartana|Beast Boost|boost\n|-boost|p2a: Kartana|atk|1\n|\n|upkeep\n|\n|t:|1660665564\n|switch|p1a: Tyranitar|Tyranitar, M|100\/100\n|-damage|p1a: Tyranitar|88\/100|[from] Stealth Rock\n|-damage|p1a: Tyranitar|76\/100|[from] Spikes\n|-weather|Sandstorm|[from] ability: Sand Stream|[of] p1a: Tyranitar\n|turn|9\n|\n|t:|1660665567\n|move|p2a: Kartana|Leaf Blade|p1a: Tyranitar\n|-supereffective|p1a: Tyranitar\n|-damage|p1a: Tyranitar|0 fnt\n|faint|p1a: Tyranitar\n|-ability|p2a: Kartana|Beast Boost|boost\n|-boost|p2a: Kartana|atk|1\n|\n|-weather|Sandstorm|[upkeep]\n|upkeep\n|\n|t:|1660665568\n|switch|p1a: Excadrill|Excadrill, M|100\/100\n|-damage|p1a: Excadrill|97\/100|[from] Stealth Rock\n|-damage|p1a: Excadrill|85\/100|[from] Spikes\n|turn|10\n|\n|t:|1660665573\n|switch|p2a: Tapu Bulu|Tapu Bulu|100\/100\n|-fieldstart|move: Grassy Terrain|[from] ability: Grassy Surge|[of] p2a: Tapu Bulu\n|move|p1a: Excadrill|Iron Head|p2a: Tapu Bulu\n|-supereffective|p2a: Tapu Bulu\n|-damage|p2a: Tapu Bulu|0 fnt\n|faint|p2a: Tapu Bulu\n|\n|-weather|Sandstorm|[upkeep]\n|-heal|p1a: Excadrill|91\/100|[from] Grassy Terrain\n|upkeep\n|\n|t:|1660665576\n|switch|p2a: Kartana|Kartana|44\/100\n|turn|11\n|\n|t:|1660665581\n|move|p1a: Excadrill|Iron Head|p2a: Kartana\n|-resisted|p2a: Kartana\n|-damage|p2a: Kartana|9\/100\n|move|p2a: Kartana|Leaf Blade|p1a: Excadrill\n|-damage|p1a: Excadrill|0 fnt\n|faint|p1a: Excadrill\n|-ability|p2a: Kartana|Beast Boost|boost\n|-boost|p2a: Kartana|atk|1\n|\n|-weather|Sandstorm|[upkeep]\n|-heal|p2a: Kartana|15\/100|[from] Grassy Terrain\n|upkeep\n|\n|t:|1660665583\n|switch|p1a: Tangrowth|Tangrowth, F|59\/100\n|-damage|p1a: Tangrowth|47\/100|[from] Stealth Rock\n|-damage|p1a: Tangrowth|34\/100|[from] Spikes\n|turn|12\n|\n|t:|1660665586\n|move|p2a: Kartana|Smart Strike|p1a: Tangrowth\n|-damage|p1a: Tangrowth|0 fnt\n|faint|p1a: Tangrowth\n|-ability|p2a: Kartana|Beast Boost|boost\n|-boost|p2a: Kartana|atk|1\n|\n|-weather|Sandstorm|[upkeep]\n|-heal|p2a: Kartana|21\/100|[from] Grassy Terrain\n|upkeep\n|c|\u2606ironwater|gg\n|-message|ironwater forfeited.\n|\n|win|antarctozolt\n|n|\u2606ironwater|ironwater\n|n|\u203dantarctozolt|antarctozolt\n|n| retb3|retb3\n|n| Mimikyu Stardust|mimikyustardust\n|n| Sww-Suwa|swwsuwa\n|n| jazzyooop|jazzyooop\n|n| iqpweqorhqrowipe1|iqpweqorhqrowipe1\n|n| criminelly|criminelly\n|n| TR23|tr23\n|n| Pedrich2|pedrich2\n|l| Sww-Suwa\n|l| TR23\n","uploadtime":1660665595,"views":148,"p1id":"ironwater","p2id":"antarctozolt","formatid":"gen8ou","rating":0,"private":0,"password":null}