{"id":"gen8ou-1377561201","p1":"LT82ZW 2B!","p2":"SMxVale","format":"gen8ou","log":"|j|\u2606LT82ZW 2B!\n|j|\u2606SMxVale\n|t:|1626369355\n|gametype|singles\n|player|p1|LT82ZW 2B!|elesa|1769\n|player|p2|SMxVale|sabrina|1761\n|teamsize|p1|6\n|teamsize|p2|6\n|gen|8\n|tier|[Gen 8] OU\n|rated|\n|rule|Sleep Clause Mod: Limit one foe put to sleep\n|rule|Species Clause: Limit one of each Pok\u00e9mon\n|rule|OHKO Clause: OHKO moves are banned\n|rule|Evasion Moves Clause: Evasion moves are banned\n|rule|Endless Battle Clause: Forcing endless battles is banned\n|rule|HP Percentage Mod: HP is shown in percentages\n|rule|Dynamax Clause: You cannot dynamax\n|clearpoke\n|poke|p1|Torkoal, M|\n|poke|p1|Venusaur, M|\n|poke|p1|Heatran, M|\n|poke|p1|Victini|\n|poke|p1|Landorus-Therian, M|\n|poke|p1|Tapu Fini|\n|poke|p2|Dragonite, F|\n|poke|p2|Magnezone|\n|poke|p2|Landorus-Therian, M|\n|poke|p2|Weavile, M|\n|poke|p2|Tapu Fini|\n|poke|p2|Melmetal|\n|teampreview\n|\n|t:|1626369373\n|start\n|switch|p1a: Torkoal|Torkoal, M|100\/100\n|switch|p2a: Landorus|Landorus-Therian, M|100\/100\n|-ability|p2a: Landorus|Intimidate|boost\n|-unboost|p1a: Torkoal|atk|1\n|-weather|SunnyDay|[from] ability: Drought|[of] p1a: Torkoal\n|turn|1\n|inactive|Battle timer is ON: inactive players will automatically lose when time's up. (requested by SMxVale)\n|\n|t:|1626369379\n|switch|p1a: Landorus|Landorus-Therian, M|100\/100\n|-ability|p1a: Landorus|Intimidate|boost\n|-unboost|p2a: Landorus|atk|1\n|move|p2a: Landorus|Earthquake|p1a: Landorus\n|-immune|p1a: Landorus\n|\n|-weather|SunnyDay|[upkeep]\n|upkeep\n|turn|2\n|\n|t:|1626369384\n|move|p2a: Landorus|Toxic|p1a: Landorus\n|-status|p1a: Landorus|tox\n|move|p1a: Landorus|U-turn|p2a: Landorus\n|-resisted|p2a: Landorus\n|-damage|p2a: Landorus|91\/100\n|\n|t:|1626369388\n|switch|p1a: Victini|Victini|100\/100|[from]move: U-turn\n|\n|-weather|SunnyDay|[upkeep]\n|-heal|p2a: Landorus|97\/100|[from] item: Leftovers\n|upkeep\n|turn|3\n|\n|t:|1626369404\n|switch|p2a: Dragonite|Dragonite, F|100\/100\n|move|p1a: Victini|V-create|p2a: Dragonite\n|-resisted|p2a: Dragonite\n|-damage|p2a: Dragonite|70\/100\n|-unboost|p1a: Victini|spe|1\n|-unboost|p1a: Victini|def|1\n|-unboost|p1a: Victini|spd|1\n|\n|-weather|SunnyDay|[upkeep]\n|upkeep\n|turn|4\n|\n|t:|1626369427\n|switch|p1a: Landorus|Landorus-Therian, M|100\/100 tox\n|-ability|p1a: Landorus|Intimidate|boost\n|-unboost|p2a: Dragonite|atk|1\n|move|p2a: Dragonite|Dual Wingbeat|p1a: Landorus\n|-damage|p1a: Landorus|78\/100 tox\n|-damage|p1a: Landorus|54\/100 tox\n|-hitcount|p1a: Landorus|2\n|\n|-weather|SunnyDay|[upkeep]\n|-heal|p1a: Landorus|60\/100 tox|[from] item: Leftovers\n|-damage|p1a: Landorus|54\/100 tox|[from] psn\n|upkeep\n|turn|5\n|\n|t:|1626369438\n|move|p2a: Dragonite|Dual Wingbeat|p1a: Landorus\n|-damage|p1a: Landorus|29\/100 tox\n|-damage|p1a: Landorus|7\/100 tox\n|-hitcount|p1a: Landorus|2\n|move|p1a: Landorus|U-turn|p2a: Dragonite\n|-resisted|p2a: Dragonite\n|-damage|p2a: Dragonite|57\/100\n|\n|t:|1626369441\n|switch|p1a: Victini|Victini|100\/100|[from]move: U-turn\n|\n|-weather|SunnyDay|[upkeep]\n|upkeep\n|turn|6\n|inactive|SMxVale has 120 seconds left.\n|\n|t:|1626369465\n|switch|p2a: Tapu Fini|Tapu Fini|100\/100\n|-fieldstart|move: Misty Terrain|[from] ability: Misty Surge|[of] p2a: Tapu Fini\n|move|p1a: Victini|Glaciate|p2a: Tapu Fini\n|-resisted|p2a: Tapu Fini\n|-damage|p2a: Tapu Fini|95\/100\n|-unboost|p2a: Tapu Fini|spe|1\n|\n|-weather|SunnyDay|[upkeep]\n|-heal|p2a: Tapu Fini|100\/100|[from] item: Leftovers\n|upkeep\n|turn|7\n|inactive|SMxVale has 120 seconds left.\n|\n|t:|1626369477\n|move|p1a: Victini|Bolt Strike|p2a: Tapu Fini|[miss]\n|-miss|p1a: Victini|p2a: Tapu Fini\n|move|p2a: Tapu Fini|Nature's Madness|p1a: Victini\n|-damage|p1a: Victini|51\/100\n|\n|-weather|SunnyDay|[upkeep]\n|upkeep\n|turn|8\n|inactive|SMxVale has 120 seconds left.\n|\n|t:|1626369496\n|move|p1a: Victini|Bolt Strike|p2a: Tapu Fini\n|-supereffective|p2a: Tapu Fini\n|-damage|p2a: Tapu Fini|42\/100\n|move|p2a: Tapu Fini|Nature's Madness|p1a: Victini\n|-damage|p1a: Victini|26\/100\n|\n|-weather|none\n|-heal|p2a: Tapu Fini|48\/100|[from] item: Leftovers\n|upkeep\n|turn|9\n|inactive|SMxVale has 120 seconds left.\n|\n|t:|1626369513\n|switch|p2a: Landorus|Landorus-Therian, M|97\/100\n|-ability|p2a: Landorus|Intimidate|boost\n|-unboost|p1a: Victini|atk|1\n|move|p1a: Victini|Glaciate|p2a: Landorus\n|-supereffective|p2a: Landorus\n|-damage|p2a: Landorus|33\/100\n|-unboost|p2a: Landorus|spe|1\n|\n|-heal|p2a: Landorus|39\/100|[from] item: Leftovers\n|upkeep\n|turn|10\n|\n|t:|1626369526\n|switch|p2a: Tapu Fini|Tapu Fini|48\/100\n|move|p1a: Victini|Glaciate|p2a: Tapu Fini\n|-resisted|p2a: Tapu Fini\n|-damage|p2a: Tapu Fini|43\/100\n|-unboost|p2a: Tapu Fini|spe|1\n|\n|-heal|p2a: Tapu Fini|49\/100|[from] item: Leftovers\n|-fieldend|Misty Terrain\n|upkeep\n|turn|11\n|\n|t:|1626369539\n|move|p1a: Victini|U-turn|p2a: Tapu Fini\n|-resisted|p2a: Tapu Fini\n|-damage|p2a: Tapu Fini|44\/100\n|\n|t:|1626369542\n|switch|p1a: Torkoal|Torkoal, M|100\/100|[from]move: U-turn\n|-weather|SunnyDay|[from] ability: Drought|[of] p1a: Torkoal\n|move|p2a: Tapu Fini|Whirlpool|p1a: Torkoal\n|-supereffective|p1a: Torkoal\n|-damage|p1a: Torkoal|86\/100\n|-activate|p1a: Torkoal|move: Whirlpool|[of] p2a: Tapu Fini\n|\n|-weather|SunnyDay|[upkeep]\n|-heal|p2a: Tapu Fini|50\/100|[from] item: Leftovers\n|-damage|p1a: Torkoal|74\/100|[from] move: Whirlpool|[partiallytrapped]\n|upkeep\n|turn|12\n|inactive|SMxVale has 120 seconds left.\n|\n|t:|1626369551\n|move|p2a: Tapu Fini|Taunt|p1a: Torkoal\n|-start|p1a: Torkoal|move: Taunt\n|move|p1a: Torkoal|Lava Plume|p2a: Tapu Fini\n|-resisted|p2a: Tapu Fini\n|-damage|p2a: Tapu Fini|37\/100\n|\n|-weather|SunnyDay|[upkeep]\n|-heal|p2a: Tapu Fini|43\/100|[from] item: Leftovers\n|-damage|p1a: Torkoal|61\/100|[from] move: Whirlpool|[partiallytrapped]\n|upkeep\n|turn|13\n|\n|t:|1626369557\n|move|p2a: Tapu Fini|Nature's Madness|p1a: Torkoal\n|-damage|p1a: Torkoal|31\/100\n|move|p1a: Torkoal|Rapid Spin|p2a: Tapu Fini\n|-damage|p2a: Tapu Fini|35\/100\n|-boost|p1a: Torkoal|spe|1\n|-end|p1a: Torkoal|Whirlpool|[partiallytrapped]\n|\n|-weather|SunnyDay|[upkeep]\n|-heal|p2a: Tapu Fini|41\/100|[from] item: Leftovers\n|upkeep\n|turn|14\n|\n|t:|1626369568\n|switch|p1a: Landorus|Landorus-Therian, M|7\/100 tox\n|-ability|p1a: Landorus|Intimidate|boost\n|-unboost|p2a: Tapu Fini|atk|1\n|move|p2a: Tapu Fini|Whirlpool|p1a: Landorus|[miss]\n|-miss|p2a: Tapu Fini|p1a: Landorus\n|\n|-weather|SunnyDay|[upkeep]\n|-heal|p1a: Landorus|13\/100 tox|[from] item: Leftovers\n|-heal|p2a: Tapu Fini|48\/100|[from] item: Leftovers\n|-damage|p1a: Landorus|7\/100 tox|[from] psn\n|upkeep\n|turn|15\n|\n|t:|1626369574\n|move|p1a: Landorus|Knock Off|p2a: Tapu Fini\n|-resisted|p2a: Tapu Fini\n|-damage|p2a: Tapu Fini|34\/100\n|-enditem|p2a: Tapu Fini|Leftovers|[from] move: Knock Off|[of] p1a: Landorus\n|move|p2a: Tapu Fini|Moonblast|p1a: Landorus\n|-damage|p1a: Landorus|0 fnt\n|faint|p1a: Landorus\n|\n|-weather|SunnyDay|[upkeep]\n|upkeep\n|\n|t:|1626369577\n|switch|p1a: Victini|Victini|26\/100\n|turn|16\n|\n|t:|1626369581\n|move|p1a: Victini|V-create|p2a: Tapu Fini\n|-resisted|p2a: Tapu Fini\n|-damage|p2a: Tapu Fini|0 fnt\n|-unboost|p1a: Victini|spe|1\n|-unboost|p1a: Victini|def|1\n|-unboost|p1a: Victini|spd|1\n|faint|p2a: Tapu Fini\n|\n|-weather|SunnyDay|[upkeep]\n|upkeep\n|\n|t:|1626369590\n|switch|p2a: Landorus|Landorus-Therian, M|39\/100\n|-ability|p2a: Landorus|Intimidate|boost\n|-unboost|p1a: Victini|atk|1\n|turn|17\n|\n|t:|1626369606\n|move|p2a: Landorus|Earthquake|p1a: Victini\n|-supereffective|p1a: Victini\n|-damage|p1a: Victini|0 fnt\n|faint|p1a: Victini\n|\n|-weather|SunnyDay|[upkeep]\n|-heal|p2a: Landorus|45\/100|[from] item: Leftovers\n|upkeep\n|\n|t:|1626369608\n|switch|p1a: Heatran|Heatran, M|100\/100\n|turn|18\n|\n|t:|1626369611\n|move|p1a: Heatran|Eruption|p2a: Landorus\n|-damage|p2a: Landorus|0 fnt\n|faint|p2a: Landorus\n|\n|-weather|none\n|upkeep\n|\n|t:|1626369616\n|switch|p2a: Dragonite|Dragonite, F|57\/100\n|turn|19\n|\n|t:|1626369623\n|switch|p1a: Torkoal|Torkoal, M|31\/100\n|-weather|SunnyDay|[from] ability: Drought|[of] p1a: Torkoal\n|move|p2a: Dragonite|Dual Wingbeat|p1a: Torkoal\n|-damage|p1a: Torkoal|11\/100\n|-damage|p1a: Torkoal|0 fnt\n|faint|p1a: Torkoal\n|-hitcount|p1: Torkoal|2\n|\n|-weather|SunnyDay|[upkeep]\n|upkeep\n|\n|t:|1626369645\n|switch|p1a: Heatran|Heatran, M|100\/100\n|turn|20\n|\n|t:|1626369676\n|switch|p2a: Magnezone|Magnezone|100\/100\n|move|p1a: Heatran|Eruption|p2a: Magnezone\n|-supereffective|p2a: Magnezone\n|-damage|p2a: Magnezone|0 fnt\n|faint|p2a: Magnezone\n|\n|-weather|SunnyDay|[upkeep]\n|upkeep\n|\n|t:|1626369679\n|switch|p2a: Dragonite|Dragonite, F|57\/100\n|turn|21\n|\n|t:|1626369680\n|move|p1a: Heatran|Eruption|p2a: Dragonite\n|-resisted|p2a: Dragonite\n|-damage|p2a: Dragonite|0 fnt\n|faint|p2a: Dragonite\n|\n|-weather|SunnyDay|[upkeep]\n|upkeep\n|-message|SMxVale forfeited.\n|\n|win|LT82ZW 2B!\n|raw|LT82ZW 2B!'s rating: 1769 &rarr; <strong>1789<\/strong><br \/>(+20 for winning)\n|raw|SMxVale's rating: 1761 &rarr; <strong>1741<\/strong><br \/>(-20 for losing)\n|l|\u2606SMxVale\n","uploadtime":1626369696,"views":12,"p1id":"lt82zw2b","p2id":"smxvale","formatid":"gen8ou","rating":1741,"private":0,"password":null}