{"id":"gen8ou-1670063863","p1":"chansey and lulu","p2":"drop a baby","format":"gen8ou","log":"|j|\u2606chansey and lulu\n|j|\u2606drop a baby\n|t:|1663791298\n|gametype|singles\n|player|p1|chansey and lulu|hooligans|1728\n|player|p2|drop a baby|chase|1665\n|teamsize|p1|6\n|teamsize|p2|6\n|gen|8\n|tier|[Gen 8] OU\n|rated|\n|rule|Sleep Clause Mod: Limit one foe put to sleep\n|rule|Species Clause: Limit one of each Pok\u00e9mon\n|rule|OHKO Clause: OHKO moves are banned\n|rule|Evasion Items Clause: Evasion items are banned\n|rule|Evasion Moves Clause: Evasion moves are banned\n|rule|Endless Battle Clause: Forcing endless battles is banned\n|rule|HP Percentage Mod: HP is shown in percentages\n|rule|Dynamax Clause: You cannot dynamax\n|clearpoke\n|poke|p1|Tapu Lele|\n|poke|p1|Blacephalon|\n|poke|p1|Tyranitar, F|\n|poke|p1|Landorus-Therian, M|\n|poke|p1|Corviknight, M|\n|poke|p1|Toxapex, M|\n|poke|p2|Zeraora|\n|poke|p2|Volcanion|\n|poke|p2|Landorus-Therian, M|\n|poke|p2|Volcarona, M|\n|poke|p2|Blacephalon|\n|poke|p2|Moltres-Galar|\n|teampreview\n|inactive|Battle timer is ON: inactive players will automatically lose when time's up. (requested by drop a baby)\n|j| CameronQWERT\n|\n|t:|1663791319\n|start\n|switch|p1a: Landorus|Landorus-Therian, M|100\/100\n|switch|p2a: Landorus|Landorus-Therian, M|100\/100\n|-ability|p2a: Landorus|Intimidate|boost\n|-unboost|p1a: Landorus|atk|1\n|-ability|p1a: Landorus|Intimidate|boost\n|-unboost|p2a: Landorus|atk|1\n|turn|1\n|\n|t:|1663791327\n|move|p2a: Landorus|Stealth Rock|p1a: Landorus\n|-sidestart|p1: chansey and lulu|move: Stealth Rock\n|move|p1a: Landorus|Knock Off|p2a: Landorus\n|-damage|p2a: Landorus|75\/100\n|-enditem|p2a: Landorus|Normal Gem|[from] move: Knock Off|[of] p1a: Landorus\n|\n|upkeep\n|turn|2\n|\n|t:|1663791338\n|switch|p2a: Volcanion|Volcanion|100\/100\n|move|p1a: Landorus|U-turn|p2a: Volcanion\n|-resisted|p2a: Volcanion\n|-damage|p2a: Volcanion|94\/100\n|\n|t:|1663791345\n|switch|p1a: Tapu Lele|Tapu Lele|100\/100|[from]move: U-turn\n|-damage|p1a: Tapu Lele|88\/100|[from] Stealth Rock\n|-fieldstart|move: Psychic Terrain|[from] ability: Psychic Surge|[of] p1a: Tapu Lele\n|\n|upkeep\n|turn|3\n|\n|t:|1663791352\n|switch|p2a: Moltres|Moltres-Galar|100\/100\n|move|p1a: Tapu Lele|Psychic|p2a: Moltres\n|-immune|p2a: Moltres\n|\n|upkeep\n|turn|4\n|\n|t:|1663791359\n|switch|p1a: Tyranitar|Tyranitar, F|100\/100\n|-damage|p1a: Tyranitar|88\/100|[from] Stealth Rock\n|-weather|Sandstorm|[from] ability: Sand Stream|[of] p1a: Tyranitar\n|switch|p2a: Landorus|Landorus-Therian, M|75\/100\n|-ability|p2a: Landorus|Intimidate|boost\n|-unboost|p1a: Tyranitar|atk|1\n|\n|-weather|Sandstorm|[upkeep]\n|upkeep\n|turn|5\n|\n|t:|1663791370\n|switch|p1a: Corviknight|Corviknight, M|100\/100\n|-damage|p1a: Corviknight|88\/100|[from] Stealth Rock\n|-ability|p1a: Corviknight|Pressure\n|move|p2a: Landorus|Explosion|p1a: Corviknight\n|-resisted|p1a: Corviknight\n|-damage|p1a: Corviknight|56\/100\n|faint|p2a: Landorus\n|\n|-weather|Sandstorm|[upkeep]\n|upkeep\n|j| JackTen\n|\n|t:|1663791383\n|switch|p2a: Volcarona|Volcarona, M|100\/100\n|turn|6\n|\n|t:|1663791387\n|move|p2a: Volcarona|Quiver Dance|p2a: Volcarona\n|-boost|p2a: Volcarona|spa|1\n|-boost|p2a: Volcarona|spd|1\n|-boost|p2a: Volcarona|spe|1\n|move|p1a: Corviknight|Defog|p2a: Volcarona\n|-unboost|p2a: Volcarona|evasion|1\n|-sideend|p1: chansey and lulu|Stealth Rock|[from] move: Defog|[of] p1a: Corviknight\n|-fieldend|move: Psychic Terrain\n|\n|-weather|Sandstorm|[upkeep]\n|-damage|p2a: Volcarona|94\/100|[from] Sandstorm\n|upkeep\n|turn|7\n|\n|t:|1663791397\n|switch|p1a: Tyranitar|Tyranitar, F|88\/100\n|move|p2a: Volcarona|Quiver Dance|p2a: Volcarona\n|-boost|p2a: Volcarona|spa|1\n|-boost|p2a: Volcarona|spd|1\n|-boost|p2a: Volcarona|spe|1\n|\n|-weather|Sandstorm|[upkeep]\n|-damage|p2a: Volcarona|88\/100|[from] Sandstorm\n|upkeep\n|turn|8\n|\n|t:|1663791406\n|move|p2a: Volcarona|Bug Buzz|p1a: Tyranitar\n|-supereffective|p1a: Tyranitar\n|-damage|p1a: Tyranitar|0 fnt\n|faint|p1a: Tyranitar\n|-damage|p2a: Volcarona|78\/100|[from] item: Life Orb\n|\n|-weather|none\n|upkeep\n|\n|t:|1663791415\n|switch|p1a: Toxapex|Toxapex, M|100\/100\n|turn|9\n|\n|t:|1663791420\n|move|p2a: Volcarona|Psychic|p1a: Toxapex\n|-supereffective|p1a: Toxapex\n|-damage|p1a: Toxapex|0 fnt\n|faint|p1a: Toxapex\n|-damage|p2a: Volcarona|68\/100|[from] item: Life Orb\n|\n|upkeep\n|\n|t:|1663791425\n|switch|p1a: Landorus|Landorus-Therian, M|100\/100\n|-ability|p1a: Landorus|Intimidate|boost\n|-unboost|p2a: Volcarona|atk|1\n|turn|10\n|j| born with smaids\n|\n|t:|1663791431\n|move|p2a: Volcarona|Fire Blast|p1a: Landorus\n|-damage|p1a: Landorus|0 fnt\n|faint|p1a: Landorus\n|-damage|p2a: Volcarona|58\/100|[from] item: Life Orb\n|\n|upkeep\n|-message|chansey and lulu forfeited.\n|\n|win|drop a baby\n|raw|chansey and lulu's rating: 1728 &rarr; <strong>1704<\/strong><br \/>(-24 for losing)\n|raw|drop a baby's rating: 1665 &rarr; <strong>1689<\/strong><br \/>(+24 for winning)\n|l|\u2606chansey and lulu\n|l| CameronQWERT\n|l| born with smaids\n||Ladder isn't responding, score probably updated but might not have (Request timeout).\n","uploadtime":1663791454,"views":69,"p1id":"chanseyandlulu","p2id":"dropababy","formatid":"gen8ou","rating":1689,"private":0,"password":null}