{"id":"gen8ou-1646897213","p1":"cump2","p2":"UnarmoredReiner","format":"gen8ou","log":"|j|\u2606cump2\n|j|\u2606UnarmoredReiner\n|t:|1661321990\n|gametype|singles\n|player|p1|cump2|doctor|1679\n|player|p2|UnarmoredReiner|scientist-gen4|1652\n|teamsize|p1|6\n|teamsize|p2|6\n|gen|8\n|tier|[Gen 8] OU\n|rated|\n|rule|Sleep Clause Mod: Limit one foe put to sleep\n|rule|Species Clause: Limit one of each Pok\u00e9mon\n|rule|OHKO Clause: OHKO moves are banned\n|rule|Evasion Items Clause: Evasion items are banned\n|rule|Evasion Moves Clause: Evasion moves are banned\n|rule|Endless Battle Clause: Forcing endless battles is banned\n|rule|HP Percentage Mod: HP is shown in percentages\n|rule|Dynamax Clause: You cannot dynamax\n|clearpoke\n|poke|p1|Clefable, F|\n|poke|p1|Ferrothorn, M|\n|poke|p1|Buzzwole|\n|poke|p1|Dragonite, F|\n|poke|p1|Weavile, M|\n|poke|p1|Tapu Koko|\n|poke|p2|Toxtricity, M|\n|poke|p2|Landorus-Therian, M|\n|poke|p2|Scizor, M|\n|poke|p2|Dragapult, M|\n|poke|p2|Slowbro, M|\n|poke|p2|Tyranitar, M|\n|teampreview\n|inactive|Battle timer is ON: inactive players will automatically lose when time's up. (requested by UnarmoredReiner)\n|c|\u2606cump2|hf\n|inactive|UnarmoredReiner has 120 seconds left.\n|inactive|UnarmoredReiner has 90 seconds left.\n|\n|t:|1661322054\n|start\n|switch|p1a: Ferrothorn|Ferrothorn, M, shiny|100\/100\n|switch|p2a: Tyranitar|Tyranitar, M|100\/100\n|-weather|Sandstorm|[from] ability: Sand Stream|[of] p2a: Tyranitar\n|turn|1\n|c|\u2606UnarmoredReiner|Glg\n|c|\u2606UnarmoredReiner|Glhf*\n|\n|t:|1661322070\n|switch|p2a: Landorus|Landorus-Therian, M|100\/100\n|-ability|p2a: Landorus|Intimidate|boost\n|-unboost|p1a: Ferrothorn|atk|1\n|switch|p1a: Dragonite|Dragonite, F, shiny|100\/100\n|\n|-weather|Sandstorm|[upkeep]\n|-damage|p1a: Dragonite|94\/100|[from] Sandstorm\n|upkeep\n|turn|2\n|\n|t:|1661322080\n|switch|p2a: Slowbro|Slowbro, M|100\/100\n|move|p1a: Dragonite|Ice Punch|p2a: Slowbro\n|-resisted|p2a: Slowbro\n|-damage|p2a: Slowbro|93\/100\n|-damage|p1a: Dragonite|78\/100|[from] item: Rocky Helmet|[of] p2a: Slowbro\n|\n|-weather|Sandstorm|[upkeep]\n|-damage|p1a: Dragonite|72\/100|[from] Sandstorm\n|-damage|p2a: Slowbro|87\/100|[from] Sandstorm\n|upkeep\n|turn|3\n|\n|t:|1661322084\n|switch|p1a: Clefable|Clefable, F|100\/100\n|move|p2a: Slowbro|Future Sight|p1a: Clefable\n|-start|p2a: Slowbro|move: Future Sight\n|\n|-weather|Sandstorm|[upkeep]\n|-damage|p2a: Slowbro|81\/100|[from] Sandstorm\n|upkeep\n|turn|4\n|\n|t:|1661322086\n|move|p1a: Clefable|Stealth Rock|p2a: Slowbro\n|-sidestart|p2: UnarmoredReiner|move: Stealth Rock\n|move|p2a: Slowbro|Teleport|p2a: Slowbro\n|\n|t:|1661322089\n|switch|p2a: Toxtricity|Toxtricity, M, shiny|100\/100|[from]move: Teleport\n|-damage|p2a: Toxtricity|88\/100|[from] Stealth Rock\n|\n|-weather|Sandstorm|[upkeep]\n|-damage|p2a: Toxtricity|82\/100|[from] Sandstorm\n|upkeep\n|turn|5\n|\n|t:|1661322094\n|switch|p1a: Ferrothorn|Ferrothorn, M, shiny|100\/100\n|move|p2a: Toxtricity|Shift Gear|p2a: Toxtricity\n|-boost|p2a: Toxtricity|spe|2\n|-boost|p2a: Toxtricity|atk|1\n|\n|-weather|none\n|-end|p1a: Ferrothorn|move: Future Sight\n|-resisted|p1a: Ferrothorn\n|-damage|p1a: Ferrothorn|88\/100\n|-heal|p1a: Ferrothorn|95\/100|[from] item: Leftovers\n|upkeep\n|turn|6\n|\n|t:|1661322101\n|move|p2a: Toxtricity|Fire Punch|p1a: Ferrothorn\n|-supereffective|p1a: Ferrothorn\n|-damage|p1a: Ferrothorn|0 fnt\n|-damage|p2a: Toxtricity|70\/100|[from] ability: Iron Barbs|[of] p1a: Ferrothorn\n|faint|p1a: Ferrothorn\n|-damage|p2a: Toxtricity|60\/100|[from] item: Life Orb\n|\n|upkeep\n|\n|t:|1661322126\n|switch|p1a: Clefable|Clefable, F|100\/100\n|turn|7\n|\n|t:|1661322129\n|move|p2a: Toxtricity|Gunk Shot|p1a: Clefable\n|-supereffective|p1a: Clefable\n|-damage|p1a: Clefable|0 fnt\n|faint|p1a: Clefable\n|-damage|p2a: Toxtricity|50\/100|[from] item: Life Orb\n|\n|upkeep\n|\n|t:|1661322143\n|switch|p1a: Weavile|Weavile, M|100\/100\n|-ability|p1a: Weavile|Pressure\n|turn|8\n|\n|t:|1661322152\n|move|p2a: Toxtricity|Fire Punch|p1a: Weavile\n|-supereffective|p1a: Weavile\n|-damage|p1a: Weavile|0 fnt\n|faint|p1a: Weavile\n|-damage|p2a: Toxtricity|40\/100|[from] item: Life Orb\n|\n|upkeep\n|\n|t:|1661322156\n|switch|p1a: Buzzwole|Buzzwole|100\/100\n|turn|9\n|\n|t:|1661322172\n|move|p2a: Toxtricity|Gunk Shot|p1a: Buzzwole|[miss]\n|-miss|p2a: Toxtricity|p1a: Buzzwole\n|move|p1a: Buzzwole|Ice Punch|p2a: Toxtricity\n|-damage|p2a: Toxtricity|3\/100\n|\n|upkeep\n|turn|10\n|j| Pisslax\n|\n|t:|1661322178\n|move|p2a: Toxtricity|Gunk Shot|p1a: Buzzwole|[miss]\n|-miss|p2a: Toxtricity|p1a: Buzzwole\n|move|p1a: Buzzwole|Ice Punch|p2a: Toxtricity\n|-damage|p2a: Toxtricity|0 fnt\n|faint|p2a: Toxtricity\n|-ability|p1a: Buzzwole|Beast Boost|boost\n|-boost|p1a: Buzzwole|def|1\n|\n|upkeep\n|\n|t:|1661322180\n|switch|p2a: Dragapult|Dragapult, M|100\/100\n|-damage|p2a: Dragapult|88\/100|[from] Stealth Rock\n|turn|11\n|l| Pisslax\n|\n|t:|1661322184\n|move|p2a: Dragapult|Shadow Ball|p1a: Buzzwole\n|-damage|p1a: Buzzwole|26\/100\n|move|p1a: Buzzwole|Ice Punch|p2a: Dragapult\n|-supereffective|p2a: Dragapult\n|-damage|p2a: Dragapult|26\/100\n|\n|upkeep\n|turn|12\n|\n|t:|1661322201\n|switch|p1a: Dragonite|Dragonite, F, shiny|72\/100\n|move|p2a: Dragapult|Shadow Ball|p1a: Dragonite\n|-damage|p1a: Dragonite|24\/100\n|\n|upkeep\n|turn|13\n|\n|t:|1661322204\n|move|p2a: Dragapult|Shadow Ball|p1a: Dragonite\n|-damage|p1a: Dragonite|0 fnt\n|faint|p1a: Dragonite\n|\n|upkeep\n|\n|t:|1661322206\n|switch|p1a: Tapu Koko|Tapu Koko, shiny|100\/100\n|-fieldstart|move: Electric Terrain|[from] ability: Electric Surge|[of] p1a: Tapu Koko\n|turn|14\n|\n|t:|1661322209\n|switch|p2a: Landorus|Landorus-Therian, M|100\/100\n|-damage|p2a: Landorus|88\/100|[from] Stealth Rock\n|-ability|p2a: Landorus|Intimidate|boost\n|-unboost|p1a: Tapu Koko|atk|1\n|switch|p1a: Buzzwole|Buzzwole|26\/100\n|\n|-heal|p2a: Landorus|94\/100|[from] item: Leftovers\n|upkeep\n|turn|15\n|\n|t:|1661322212\n|move|p2a: Landorus|Toxic|p1a: Buzzwole\n|-status|p1a: Buzzwole|tox\n|move|p1a: Buzzwole|Roost|p1a: Buzzwole\n|-heal|p1a: Buzzwole|76\/100 tox\n|-singleturn|p1a: Buzzwole|move: Roost\n|\n|-heal|p2a: Landorus|99\/100|[from] item: Leftovers\n|-damage|p1a: Buzzwole|70\/100 tox|[from] psn\n|upkeep\n|turn|16\n|\n|t:|1661322215\n|move|p2a: Landorus|Defog|p1a: Buzzwole\n|-unboost|p1a: Buzzwole|evasion|1\n|-sideend|p2: UnarmoredReiner|Stealth Rock|[from] move: Defog|[of] p2a: Landorus\n|-fieldend|move: Electric Terrain\n|move|p1a: Buzzwole|Ice Punch|p2a: Landorus\n|-supereffective|p2a: Landorus\n|-damage|p2a: Landorus|7\/100\n|\n|-heal|p2a: Landorus|13\/100|[from] item: Leftovers\n|-damage|p1a: Buzzwole|58\/100 tox|[from] psn\n|upkeep\n|turn|17\n|\n|t:|1661322220\n|move|p2a: Landorus|Earthquake|p1a: Buzzwole\n|-resisted|p1a: Buzzwole\n|-damage|p1a: Buzzwole|46\/100 tox\n|move|p1a: Buzzwole|Ice Punch|p2a: Landorus\n|-supereffective|p2a: Landorus\n|-damage|p2a: Landorus|0 fnt\n|faint|p2a: Landorus\n|-ability|p1a: Buzzwole|Beast Boost|boost\n|-boost|p1a: Buzzwole|def|1\n|\n|-damage|p1a: Buzzwole|28\/100 tox|[from] psn\n|upkeep\n|\n|t:|1661322223\n|switch|p2a: Dragapult|Dragapult, M|26\/100\n|turn|18\n|\n|t:|1661322225\n|move|p2a: Dragapult|Shadow Ball|p1a: Buzzwole\n|-damage|p1a: Buzzwole|0 fnt\n|faint|p1a: Buzzwole\n|\n|upkeep\n|\n|t:|1661322227\n|switch|p1a: Tapu Koko|Tapu Koko, shiny|100\/100\n|-fieldstart|move: Electric Terrain|[from] ability: Electric Surge|[of] p1a: Tapu Koko\n|turn|19\n|\n|t:|1661322228\n|move|p2a: Dragapult|Shadow Ball|p1a: Tapu Koko\n|-damage|p1a: Tapu Koko|16\/100\n|move|p1a: Tapu Koko|Calm Mind|p1a: Tapu Koko\n|-boost|p1a: Tapu Koko|spa|1\n|-boost|p1a: Tapu Koko|spd|1\n|\n|upkeep\n|turn|20\n|\n|t:|1661322231\n|move|p2a: Dragapult|Shadow Ball|p1a: Tapu Koko\n|-damage|p1a: Tapu Koko|0 fnt\n|faint|p1a: Tapu Koko\n|\n|win|UnarmoredReiner\n|raw|cump2's rating: 1679 &rarr; <strong>1657<\/strong><br \/>(-22 for losing)\n|raw|UnarmoredReiner's rating: 1652 &rarr; <strong>1674<\/strong><br \/>(+22 for winning)\n|l|\u2606cump2\n","uploadtime":1661322239,"views":36,"p1id":"cump2","p2id":"unarmoredreiner","formatid":"gen8ou","rating":1657,"private":0,"password":null}