{"id":"gen8ou-1456130237","p1":"JaegerJaquezz","p2":"galarian dragapult","format":"gen8ou","log":"|j|\u2606JaegerJaquezz\n|j|\u2606galarian dragapult\n|t:|1637190898\n|gametype|singles\n|player|p1|JaegerJaquezz|brawly|1639\n|player|p2|galarian dragapult|169|1785\n|teamsize|p1|6\n|teamsize|p2|6\n|gen|8\n|tier|[Gen 8] OU\n|rated|\n|rule|Sleep Clause Mod: Limit one foe put to sleep\n|rule|Species Clause: Limit one of each Pok\u00e9mon\n|rule|OHKO Clause: OHKO moves are banned\n|rule|Evasion Moves Clause: Evasion moves are banned\n|rule|Endless Battle Clause: Forcing endless battles is banned\n|rule|HP Percentage Mod: HP is shown in percentages\n|rule|Dynamax Clause: You cannot dynamax\n|clearpoke\n|poke|p1|Garchomp, M|\n|poke|p1|Magnezone|\n|poke|p1|Tapu Fini|\n|poke|p1|Volcarona, F|\n|poke|p1|Hawlucha, F|\n|poke|p1|Mamoswine, M|\n|poke|p2|Corviknight, M|\n|poke|p2|Dragapult, M|\n|poke|p2|Blissey, F|\n|poke|p2|Victini|\n|poke|p2|Tapu Fini|\n|poke|p2|Nidoking, M|\n|teampreview\n|j| Ilovebugs345\n|\n|t:|1637190906\n|start\n|switch|p1a: Mamoswine|Mamoswine, M|100\/100\n|switch|p2a: Tapu Fini|Tapu Fini|100\/100\n|-fieldstart|move: Misty Terrain|[from] ability: Misty Surge|[of] p2a: Tapu Fini\n|turn|1\n|inactive|Battle timer is ON: inactive players will automatically lose when time's up. (requested by galarian dragapult)\n|\n|t:|1637190917\n|move|p2a: Tapu Fini|Hydro Pump|p1a: Mamoswine\n|-supereffective|p1a: Mamoswine\n|-enditem|p1a: Mamoswine|Focus Sash\n|-damage|p1a: Mamoswine|1\/100\n|move|p1a: Mamoswine|Stealth Rock|p2a: Tapu Fini\n|-sidestart|p2: galarian dragapult|move: Stealth Rock\n|\n|upkeep\n|turn|2\n|\n|t:|1637190924\n|move|p2a: Tapu Fini|Hydro Pump|p1a: Mamoswine\n|-supereffective|p1a: Mamoswine\n|-damage|p1a: Mamoswine|0 fnt\n|faint|p1a: Mamoswine\n|\n|upkeep\n|\n|t:|1637190930\n|switch|p1a: Magnezone|Magnezone|100\/100\n|turn|3\n|\n|t:|1637190947\n|switch|p2a: Victini|Victini|100\/100\n|-damage|p2a: Victini|76\/100|[from] Stealth Rock\n|move|p1a: Magnezone|Flash Cannon|p2a: Victini\n|-resisted|p2a: Victini\n|-damage|p2a: Victini|54\/100\n|\n|upkeep\n|turn|4\n|\n|t:|1637190953\n|switch|p1a: Tapu Fini|Tapu Fini|100\/100\n|move|p2a: Victini|Glaciate|p1a: Tapu Fini\n|-resisted|p1a: Tapu Fini\n|-damage|p1a: Tapu Fini|93\/100\n|-unboost|p1a: Tapu Fini|spe|1\n|\n|upkeep\n|turn|5\n|\n|t:|1637190965\n|move|p2a: Victini|Thunder|p1a: Tapu Fini\n|-supereffective|p1a: Tapu Fini\n|-damage|p1a: Tapu Fini|29\/100\n|move|p1a: Tapu Fini|Trick|p2a: Victini\n|-activate|p1a: Tapu Fini|move: Trick|[of] p2a: Victini\n|-item|p2a: Victini|Choice Scarf|[from] move: Trick\n|-item|p1a: Tapu Fini|Expert Belt|[from] move: Trick\n|\n|-fieldend|Misty Terrain\n|upkeep\n|turn|6\n|l| Ilovebugs345\n|\n|t:|1637190975\n|switch|p2a: Corviknight|Corviknight, M|100\/100\n|-damage|p2a: Corviknight|88\/100|[from] Stealth Rock\n|-ability|p2a: Corviknight|Pressure\n|switch|p1a: Garchomp|Garchomp, M|100\/100\n|\n|upkeep\n|turn|7\n|\n|t:|1637190984\n|move|p1a: Garchomp|Fire Fang|p2a: Corviknight\n|-supereffective|p2a: Corviknight\n|-damage|p2a: Corviknight|47\/100\n|-damage|p1a: Garchomp|84\/100|[from] item: Rocky Helmet|[of] p2a: Corviknight\n|move|p2a: Corviknight|Defog|p1a: Garchomp\n|-unboost|p1a: Garchomp|evasion|1\n|-sideend|p2: galarian dragapult|Stealth Rock|[from] move: Defog|[of] p2a: Corviknight\n|\n|upkeep\n|turn|8\n|\n|t:|1637190992\n|move|p1a: Garchomp|Fire Fang|p2a: Corviknight\n|-supereffective|p2a: Corviknight\n|-damage|p2a: Corviknight|6\/100\n|-status|p2a: Corviknight|brn\n|-damage|p1a: Garchomp|67\/100|[from] item: Rocky Helmet|[of] p2a: Corviknight\n|move|p2a: Corviknight|U-turn|p1a: Garchomp\n|-damage|p1a: Garchomp|60\/100\n|-damage|p2a: Corviknight|0 fnt|[from] ability: Rough Skin|[of] p1a: Garchomp\n|faint|p2a: Corviknight\n|\n|upkeep\n|\n|t:|1637191001\n|switch|p2a: Tapu Fini|Tapu Fini|100\/100\n|-fieldstart|move: Misty Terrain|[from] ability: Misty Surge|[of] p2a: Tapu Fini\n|turn|9\n|\n|t:|1637191012\n|switch|p1a: Tapu Fini|Tapu Fini|29\/100\n|move|p2a: Tapu Fini|Moonblast|p1a: Tapu Fini\n|-damage|p1a: Tapu Fini|5\/100\n|\n|upkeep\n|turn|10\n|\n|t:|1637191017\n|switch|p1a: Magnezone|Magnezone|100\/100\n|move|p2a: Tapu Fini|Moonblast|p1a: Magnezone\n|-resisted|p1a: Magnezone\n|-damage|p1a: Magnezone|89\/100\n|-unboost|p1a: Magnezone|spa|1\n|\n|upkeep\n|turn|11\n|\n|t:|1637191025\n|switch|p2a: Blissey|Blissey, F|100\/100\n|move|p1a: Magnezone|Volt Switch|p2a: Blissey\n|-damage|p2a: Blissey|91\/100\n|\n|t:|1637191031\n|switch|p1a: Hawlucha|Hawlucha, F|100\/100|[from]move: Volt Switch\n|-enditem|p1a: Hawlucha|Misty Seed\n|-boost|p1a: Hawlucha|spd|1|[from] item: Misty Seed\n|\n|upkeep\n|turn|12\n|\n|t:|1637191037\n|move|p1a: Hawlucha|Swords Dance|p1a: Hawlucha\n|-boost|p1a: Hawlucha|atk|2\n|move|p2a: Blissey|Toxic|p1a: Hawlucha\n|-status|p1a: Hawlucha|tox\n|\n|-damage|p1a: Hawlucha|94\/100 tox|[from] psn\n|upkeep\n|turn|13\n|\n|t:|1637191045\n|switch|p2a: Victini|Victini|54\/100\n|move|p1a: Hawlucha|Acrobatics|p2a: Victini\n|-damage|p2a: Victini|0 fnt\n|faint|p2a: Victini\n|\n|-damage|p1a: Hawlucha|82\/100 tox|[from] psn\n|-fieldend|Misty Terrain\n|upkeep\n|\n|t:|1637191047\n|switch|p2a: Tapu Fini|Tapu Fini|100\/100\n|-fieldstart|move: Misty Terrain|[from] ability: Misty Surge|[of] p2a: Tapu Fini\n|turn|14\n|\n|t:|1637191056\n|move|p1a: Hawlucha|Acrobatics|p2a: Tapu Fini\n|-damage|p2a: Tapu Fini|27\/100\n|move|p2a: Tapu Fini|Moonblast|p1a: Hawlucha\n|-supereffective|p1a: Hawlucha\n|-damage|p1a: Hawlucha|19\/100 tox\n|\n|-damage|p1a: Hawlucha|1\/100 tox|[from] psn\n|upkeep\n|turn|15\n|inactive|galarian dragapult has 120 seconds left.\n|\n|t:|1637191102\n|switch|p2a: Nidoking|Nidoking, M|100\/100\n|move|p1a: Hawlucha|Acrobatics|p2a: Nidoking\n|-damage|p2a: Nidoking|0 fnt\n|faint|p2a: Nidoking\n|\n|-damage|p1a: Hawlucha|0 fnt|[from] psn\n|faint|p1a: Hawlucha\n|upkeep\n|j| 70to90gxe\n|c|\u2606JaegerJaquezz|why keep fini?\n|c|\u2606galarian dragapult|scale shot\n|inactive|galarian dragapult has 90 seconds left.\n|c|\u2606JaegerJaquezz|i see\n|\n|t:|1637191149\n|switch|p1a: Tapu Fini|Tapu Fini|5\/100\n|switch|p2a: Dragapult|Dragapult, M|100\/100\n|turn|16\n|\n|t:|1637191155\n|move|p2a: Dragapult|U-turn|p1a: Tapu Fini\n|-resisted|p1a: Tapu Fini\n|-damage|p1a: Tapu Fini|0 fnt\n|faint|p1a: Tapu Fini\n|\n|t:|1637191157\n|switch|p2a: Tapu Fini|Tapu Fini|27\/100|[from]move: U-turn\n|\n|upkeep\n|\n|t:|1637191161\n|switch|p1a: Magnezone|Magnezone|89\/100\n|turn|17\n|\n|t:|1637191164\n|switch|p2a: Blissey|Blissey, F|91\/100\n|move|p1a: Magnezone|Volt Switch|p2a: Blissey\n|-damage|p2a: Blissey|75\/100\n|\n|t:|1637191169\n|switch|p1a: Garchomp|Garchomp, M|60\/100|[from]move: Volt Switch\n|\n|upkeep\n|turn|18\n|\n|t:|1637191181\n|switch|p2a: Tapu Fini|Tapu Fini|27\/100\n|move|p1a: Garchomp|Earthquake|p2a: Tapu Fini\n|-damage|p2a: Tapu Fini|0 fnt\n|faint|p2a: Tapu Fini\n|\n|-fieldend|Misty Terrain\n|upkeep\n|\n|t:|1637191183\n|switch|p2a: Dragapult|Dragapult, M|100\/100\n|turn|19\n|\n|t:|1637191197\n|switch|p1a: Magnezone|Magnezone|89\/100\n|move|p2a: Dragapult|Dragon Darts|p1a: Magnezone\n|-resisted|p1a: Magnezone\n|-damage|p1a: Magnezone|69\/100\n|-anim|p2a: Dragapult|Dragon Darts|p1a: Magnezone\n|-resisted|p1a: Magnezone\n|-damage|p1a: Magnezone|50\/100\n|\n|upkeep\n|turn|20\n|\n|t:|1637191206\n|move|p2a: Dragapult|Dragon Darts|p1a: Magnezone\n|-resisted|p1a: Magnezone\n|-damage|p1a: Magnezone|31\/100\n|-anim|p2a: Dragapult|Dragon Darts|p1a: Magnezone\n|-resisted|p1a: Magnezone\n|-damage|p1a: Magnezone|14\/100\n|move|p1a: Magnezone|Volt Switch|p2a: Dragapult\n|-resisted|p2a: Dragapult\n|-damage|p2a: Dragapult|73\/100\n|\n|t:|1637191214\n|switch|p1a: Volcarona|Volcarona, F|100\/100|[from]move: Volt Switch\n|\n|upkeep\n|turn|21\n|\n|t:|1637191219\n|move|p2a: Dragapult|Dragon Darts|p1a: Volcarona\n|-damage|p1a: Volcarona|38\/100\n|-anim|p2a: Dragapult|Dragon Darts|p1a: Volcarona\n|-damage|p1a: Volcarona|0 fnt\n|faint|p1a: Volcarona\n|\n|upkeep\n|\n|t:|1637191229\n|switch|p1a: Garchomp|Garchomp, M|60\/100\n|turn|22\n|c|\u2606galarian dragapult|scarf chomp lol\n|\n|t:|1637191235\n|move|p2a: Dragapult|Dragon Darts|p1a: Garchomp\n|-supereffective|p1a: Garchomp\n|-damage|p1a: Garchomp|0 fnt\n|faint|p1a: Garchomp\n|\n|upkeep\n|c|\u2606JaegerJaquezz|gg\n|c|\u2606galarian dragapult|ah\n|\n|t:|1637191240\n|switch|p1a: Magnezone|Magnezone|14\/100\n|turn|23\n|c|\u2606galarian dragapult|gg man\n|\n|t:|1637191244\n|move|p2a: Dragapult|Dragon Darts|p1a: Magnezone\n|-resisted|p1a: Magnezone\n|-damage|p1a: Magnezone|0 fnt\n|faint|p1a: Magnezone\n|\n|win|galarian dragapult\n|raw|JaegerJaquezz's rating: 1639 &rarr; <strong>1627<\/strong><br \/>(-12 for losing)\n|raw|galarian dragapult's rating: 1785 &rarr; <strong>1797<\/strong><br \/>(+12 for winning)\n|l|\u2606JaegerJaquezz\n||Ladder isn't responding, score probably updated but might not have (Request timeout).\n","uploadtime":1637191391,"views":53,"p1id":"jaegerjaquezz","p2id":"galariandragapult","formatid":"gen8ou","rating":1627,"private":0,"password":null}