{"id":"gen8ou-1647770673","p1":"JoJo321","p2":"LT94JE Fuse","format":"gen8ou","log":"|raw|<div class=\"broadcast-blue\"><strong>This battle is required to be public due to a player having a name starting with 'lt94je'.<\/div>\n|j|\u2606JoJo321\n|j|\u2606LT94JE Fuse\n|t:|1661417973\n|gametype|singles\n|player|p1|JoJo321|rood|1671\n|player|p2|LT94JE Fuse|yellow|1748\n|teamsize|p1|6\n|teamsize|p2|6\n|gen|8\n|tier|[Gen 8] OU\n|rated|\n|rule|Sleep Clause Mod: Limit one foe put to sleep\n|rule|Species Clause: Limit one of each Pok\u00e9mon\n|rule|OHKO Clause: OHKO moves are banned\n|rule|Evasion Items Clause: Evasion items are banned\n|rule|Evasion Moves Clause: Evasion moves are banned\n|rule|Endless Battle Clause: Forcing endless battles is banned\n|rule|HP Percentage Mod: HP is shown in percentages\n|rule|Dynamax Clause: You cannot dynamax\n|clearpoke\n|poke|p1|Tapu Lele|\n|poke|p1|Landorus-Therian, M|\n|poke|p1|Zapdos|\n|poke|p1|Volcanion|\n|poke|p1|Dragapult, M|\n|poke|p1|Melmetal|\n|poke|p2|Necrozma|\n|poke|p2|Tapu Lele|\n|poke|p2|Urshifu-*, M|\n|poke|p2|Tornadus-Therian, M|\n|poke|p2|Landorus-Therian, M|\n|poke|p2|Ferrothorn, F|\n|teampreview\n|c|\u2606LT94JE Fuse|Hf\n|\n|t:|1661418034\n|start\n|switch|p1a: Landorus|Landorus-Therian, M|100\/100\n|switch|p2a: Tapu Lele|Tapu Lele|100\/100\n|-fieldstart|move: Psychic Terrain|[from] ability: Psychic Surge|[of] p2a: Tapu Lele\n|-ability|p1a: Landorus|Intimidate|boost\n|-unboost|p2a: Tapu Lele|atk|1\n|turn|1\n|\n|t:|1661418053\n|switch|p2a: Necrozma|Necrozma|100\/100\n|move|p1a: Landorus|Stealth Rock|p2a: Necrozma\n|-sidestart|p2: LT94JE Fuse|move: Stealth Rock\n|\n|upkeep\n|turn|2\n|\n|t:|1661418069\n|move|p1a: Landorus|U-turn|p2a: Necrozma\n|-supereffective|p2a: Necrozma\n|-damage|p2a: Necrozma|68\/100\n|\n|t:|1661418097\n|switch|p1a: Melmetal|Melmetal|100\/100|[from]move: U-turn\n|move|p2a: Necrozma|Expanding Force|p1a: Melmetal\n|-resisted|p1a: Melmetal\n|-damage|p1a: Melmetal|46\/100\n|\n|-heal|p1a: Melmetal|52\/100|[from] item: Leftovers\n|upkeep\n|turn|3\n|\n|t:|1661418120\n|switch|p2a: Landorus|Landorus-Therian, M|100\/100\n|-damage|p2a: Landorus|88\/100|[from] Stealth Rock\n|-ability|p2a: Landorus|Intimidate|boost\n|-unboost|p1a: Melmetal|atk|1\n|move|p1a: Melmetal|Protect||[still]\n|-fail|p1a: Melmetal\n|\n|-heal|p2a: Landorus|94\/100|[from] item: Leftovers\n|-heal|p1a: Melmetal|58\/100|[from] item: Leftovers\n|upkeep\n|turn|4\n|\n|t:|1661418126\n|switch|p1a: Landorus|Landorus-Therian, M|100\/100\n|-ability|p1a: Landorus|Intimidate|boost\n|-unboost|p2a: Landorus|atk|1\n|move|p2a: Landorus|Defog|p1a: Landorus\n|-unboost|p1a: Landorus|evasion|1\n|-sideend|p2: LT94JE Fuse|Stealth Rock|[from] move: Defog|[of] p2a: Landorus\n|-fieldend|move: Psychic Terrain\n|\n|-heal|p2a: Landorus|99\/100|[from] item: Leftovers\n|upkeep\n|turn|5\n|\n|t:|1661418175\n|switch|p2a: Urshifu|Urshifu-Rapid-Strike, M|100\/100\n|move|p1a: Landorus|Stealth Rock|p2a: Urshifu\n|-sidestart|p2: LT94JE Fuse|move: Stealth Rock\n|\n|upkeep\n|turn|6\n|\n|t:|1661418178\n|switch|p1a: Zapdos|Zapdos|100\/100\n|move|p2a: Urshifu|U-turn|p1a: Zapdos\n|-resisted|p1a: Zapdos\n|-damage|p1a: Zapdos|85\/100\n|-status|p2a: Urshifu|par|[from] ability: Static|[of] p1a: Zapdos\n|\n|t:|1661418202\n|switch|p2a: Landorus|Landorus-Therian, M|99\/100|[from]move: U-turn\n|-damage|p2a: Landorus|88\/100|[from] Stealth Rock\n|-ability|p2a: Landorus|Intimidate|boost\n|-unboost|p1a: Zapdos|atk|1\n|\n|-heal|p2a: Landorus|94\/100|[from] item: Leftovers\n|upkeep\n|turn|7\n|\n|t:|1661418218\n|move|p1a: Zapdos|Hurricane|p2a: Landorus\n|-damage|p2a: Landorus|61\/100\n|-start|p2a: Landorus|confusion\n|-activate|p2a: Landorus|confusion\n|move|p2a: Landorus|Defog|p1a: Zapdos\n|-unboost|p1a: Zapdos|evasion|1\n|-sideend|p2: LT94JE Fuse|Stealth Rock|[from] move: Defog|[of] p2a: Landorus\n|\n|-heal|p2a: Landorus|67\/100|[from] item: Leftovers\n|upkeep\n|turn|8\n|\n|t:|1661418251\n|move|p1a: Zapdos|Hurricane|p2a: Landorus|[miss]\n|-miss|p1a: Zapdos|p2a: Landorus\n|-activate|p2a: Landorus|confusion\n|move|p2a: Landorus|Toxic|p1a: Zapdos\n|-status|p1a: Zapdos|tox\n|\n|-heal|p2a: Landorus|73\/100|[from] item: Leftovers\n|-damage|p1a: Zapdos|79\/100 tox|[from] psn\n|upkeep\n|turn|9\n|\n|t:|1661418257\n|move|p1a: Zapdos|Hurricane|p2a: Landorus\n|-damage|p2a: Landorus|38\/100\n|-activate|p2a: Landorus|confusion\n|move|p2a: Landorus|U-turn|p1a: Zapdos\n|-resisted|p1a: Zapdos\n|-damage|p1a: Zapdos|70\/100 tox\n|\n|t:|1661418303\n|switch|p2a: Tapu Lele|Tapu Lele|100\/100|[from]move: U-turn\n|-fieldstart|move: Psychic Terrain|[from] ability: Psychic Surge|[of] p2a: Tapu Lele\n|\n|-damage|p1a: Zapdos|58\/100 tox|[from] psn\n|upkeep\n|turn|10\n|\n|t:|1661418315\n|switch|p2a: Ferrothorn|Ferrothorn, F|100\/100\n|switch|p1a: Melmetal|Melmetal|58\/100\n|\n|-heal|p1a: Melmetal|64\/100|[from] item: Leftovers\n|upkeep\n|turn|11\n|\n|t:|1661418353\n|switch|p1a: Volcanion|Volcanion|100\/100\n|move|p2a: Ferrothorn|Stealth Rock|p1a: Volcanion\n|-sidestart|p1: JoJo321|move: Stealth Rock\n|\n|upkeep\n|turn|12\n|\n|t:|1661418368\n|switch|p2a: Tornadus|Tornadus-Therian, M|100\/100\n|move|p1a: Volcanion|Steam Eruption|p2a: Tornadus\n|-damage|p2a: Tornadus|64\/100\n|-status|p2a: Tornadus|brn\n|\n|-damage|p2a: Tornadus|58\/100 brn|[from] brn\n|upkeep\n|turn|13\n|j| bug_t\n|\n|t:|1661418399\n|move|p2a: Tornadus|Knock Off|p1a: Volcanion\n|-damage|p1a: Volcanion|92\/100\n|-enditem|p1a: Volcanion|Heavy-Duty Boots|[from] move: Knock Off|[of] p2a: Tornadus\n|move|p1a: Volcanion|Steam Eruption|p2a: Tornadus\n|-damage|p2a: Tornadus|15\/100 brn\n|\n|-damage|p2a: Tornadus|9\/100 brn|[from] brn\n|-fieldend|move: Psychic Terrain\n|upkeep\n|turn|14\n|\n|t:|1661418404\n|move|p2a: Tornadus|U-turn|p1a: Volcanion\n|-resisted|p1a: Volcanion\n|-damage|p1a: Volcanion|88\/100\n|\n|t:|1661418407\n|switch|p2a: Urshifu|Urshifu-Rapid-Strike, M|100\/100 par|[from]move: U-turn\n|move|p1a: Volcanion|Steam Eruption|p2a: Urshifu\n|-resisted|p2a: Urshifu\n|-damage|p2a: Urshifu|60\/100 par\n|\n|upkeep\n|turn|15\n|\n|t:|1661418411\n|switch|p1a: Dragapult|Dragapult, M|100\/100\n|-damage|p1a: Dragapult|88\/100|[from] Stealth Rock\n|cant|p2a: Urshifu|par\n|\n|upkeep\n|turn|16\n|\n|t:|1661418417\n|move|p1a: Dragapult|Dragon Darts|p2a: Urshifu\n|-damage|p2a: Urshifu|25\/100 par\n|-anim|p1a: Dragapult|Dragon Darts|p2a: Urshifu\n|-damage|p2a: Urshifu|0 fnt\n|faint|p2a: Urshifu\n|\n|upkeep\n|\n|t:|1661418420\n|switch|p2a: Tapu Lele|Tapu Lele|100\/100\n|-fieldstart|move: Psychic Terrain|[from] ability: Psychic Surge|[of] p2a: Tapu Lele\n|turn|17\n|\n|t:|1661418447\n|switch|p1a: Zapdos|Zapdos|58\/100 tox\n|move|p2a: Tapu Lele|Moonblast|p1a: Zapdos\n|-damage|p1a: Zapdos|0 fnt\n|faint|p1a: Zapdos\n|\n|upkeep\n|\n|t:|1661418451\n|switch|p1a: Melmetal|Melmetal|64\/100\n|-damage|p1a: Melmetal|58\/100|[from] Stealth Rock\n|turn|18\n|\n|t:|1661418458\n|switch|p2a: Ferrothorn|Ferrothorn, F|100\/100\n|switch|p1a: Volcanion|Volcanion|88\/100\n|-damage|p1a: Volcanion|63\/100|[from] Stealth Rock\n|\n|upkeep\n|turn|19\n|\n|t:|1661418471\n|switch|p2a: Landorus|Landorus-Therian, M|38\/100\n|-ability|p2a: Landorus|Intimidate|boost\n|-unboost|p1a: Volcanion|atk|1\n|move|p1a: Volcanion|Flamethrower|p2a: Landorus\n|-damage|p2a: Landorus|3\/100\n|\n|-heal|p2a: Landorus|9\/100|[from] item: Leftovers\n|upkeep\n|turn|20\n|\n|t:|1661418475\n|move|p1a: Volcanion|Flamethrower|p2a: Landorus\n|-damage|p2a: Landorus|0 fnt\n|faint|p2a: Landorus\n|\n|upkeep\n|\n|t:|1661418476\n|switch|p2a: Necrozma|Necrozma|68\/100\n|turn|21\n|\n|t:|1661418512\n|switch|p1a: Yoko|Tapu Lele|100\/100\n|-damage|p1a: Yoko|88\/100|[from] Stealth Rock\n|move|p2a: Necrozma|Photon Geyser|p1a: Yoko\n|-resisted|p1a: Yoko\n|-damage|p1a: Yoko|31\/100\n|\n|-fieldend|move: Psychic Terrain\n|upkeep\n|turn|22\n|\n|t:|1661418546\n|switch|p1a: Volcanion|Volcanion|63\/100\n|-damage|p1a: Volcanion|38\/100|[from] Stealth Rock\n|switch|p2a: Ferrothorn|Ferrothorn, F|100\/100\n|\n|upkeep\n|turn|23\n|\n|t:|1661418568\n|switch|p2a: Tornadus|Tornadus-Therian, M|42\/100 brn\n|move|p1a: Volcanion|Flamethrower|p2a: Tornadus\n|-damage|p2a: Tornadus|12\/100 brn\n|\n|-damage|p2a: Tornadus|5\/100 brn|[from] brn\n|upkeep\n|turn|24\n|\n|t:|1661418574\n|move|p2a: Tornadus|Hurricane|p1a: Volcanion\n|-damage|p1a: Volcanion|0 fnt\n|faint|p1a: Volcanion\n|\n|-damage|p2a: Tornadus|0 fnt|[from] brn\n|faint|p2a: Tornadus\n|upkeep\n|\n|t:|1661418580\n|switch|p2a: Tapu Lele|Tapu Lele|100\/100\n|switch|p1a: Landorus|Landorus-Therian, M|100\/100\n|-fieldstart|move: Psychic Terrain|[from] ability: Psychic Surge|[of] p2a: Tapu Lele\n|-damage|p1a: Landorus|88\/100|[from] Stealth Rock\n|-ability|p1a: Landorus|Intimidate|boost\n|-unboost|p2a: Tapu Lele|atk|1\n|turn|25\n|-message|JoJo321 forfeited.\n|\n|win|LT94JE Fuse\n|raw|JoJo321's rating: 1618 &rarr; <strong>1604<\/strong><br \/>(-14 for losing)\n|raw|LT94JE Fuse's rating: 1719 &rarr; <strong>1733<\/strong><br \/>(+14 for winning)\n|l|\u2606JoJo321\n|c|\u2606LT94JE Fuse|Gg\n||Ladder isn't responding, score probably updated but might not have (Request timeout).\n","uploadtime":1661418965,"views":112,"p1id":"jojo321","p2id":"lt94jefuse","formatid":"gen8ou","rating":1604,"private":0,"password":null}