{"id":"gen8ou-1640790163","p1":"kenshirouye","p2":"Mimikyu Stardust","format":"gen8ou","log":"|j|\u2606kenshirouye\n|j|\u2606Mimikyu Stardust\n|t:|1660633148\n|gametype|singles\n|player|p1|kenshirouye|265|1599\n|player|p2|Mimikyu Stardust|#wcop2022asia|1673\n|teamsize|p1|6\n|teamsize|p2|6\n|gen|8\n|tier|[Gen 8] OU\n|rated|\n|rule|Sleep Clause Mod: Limit one foe put to sleep\n|rule|Species Clause: Limit one of each Pok\u00e9mon\n|rule|OHKO Clause: OHKO moves are banned\n|rule|Evasion Items Clause: Evasion items are banned\n|rule|Evasion Moves Clause: Evasion moves are banned\n|rule|Endless Battle Clause: Forcing endless battles is banned\n|rule|HP Percentage Mod: HP is shown in percentages\n|rule|Dynamax Clause: You cannot dynamax\n|clearpoke\n|poke|p1|Blacephalon|\n|poke|p1|Mamoswine, F|\n|poke|p1|Urshifu-*, F|\n|poke|p1|Hydreigon, M|\n|poke|p1|Tapu Bulu|\n|poke|p1|Zapdos|\n|poke|p2|Mew|\n|poke|p2|Weavile, M|\n|poke|p2|Celesteela|\n|poke|p2|Garchomp, M|\n|poke|p2|Blacephalon|\n|poke|p2|Crawdaunt, F|\n|teampreview\n|inactive|Battle timer is ON: inactive players will automatically lose when time's up. (requested by kenshirouye)\n|\n|t:|1660633161\n|start\n|switch|p1a: Blacephalon|Blacephalon|100\/100\n|switch|p2a: Mew|Mew, shiny|100\/100\n|turn|1\n|\n|t:|1660633163\n|move|p1a: Blacephalon|Shadow Ball|p2a: Mew\n|-supereffective|p2a: Mew\n|-damage|p2a: Mew|11\/100\n|move|p2a: Mew|Thunder Wave|p1a: Blacephalon\n|-status|p1a: Blacephalon|par\n|\n|upkeep\n|turn|2\n|\n|t:|1660633167\n|move|p2a: Mew|Stealth Rock|p1a: Blacephalon\n|-sidestart|p1: kenshirouye|move: Stealth Rock\n|move|p1a: Blacephalon|Shadow Ball|p2a: Mew\n|-supereffective|p2a: Mew\n|-damage|p2a: Mew|0 fnt\n|faint|p2a: Mew\n|-ability|p1a: Blacephalon|Beast Boost|boost\n|-boost|p1a: Blacephalon|spa|1\n|\n|upkeep\n|l|\u2606Mimikyu Stardust\n|inactive|Mimikyu Stardust disconnected and has a minute to reconnect!\n|player|p2|\n|j|\u2606Mimikyu Stardust\n|inactive|Mimikyu Stardust reconnected and has 125 seconds left.\n|player|p2|Mimikyu Stardust|#wcop2022asia\n|inactive|Mimikyu Stardust has 120 seconds left.\n|\n|t:|1660633210\n|switch|p2a: Weavile|Weavile, M, shiny|100\/100\n|-ability|p2a: Weavile|Pressure\n|turn|3\n|\n|t:|1660633217\n|move|p2a: Weavile|Knock Off|p1a: Blacephalon\n|-supereffective|p1a: Blacephalon\n|-damage|p1a: Blacephalon|0 fnt\n|-enditem|p1a: Blacephalon|Choice Scarf|[from] move: Knock Off|[of] p2a: Weavile\n|faint|p1a: Blacephalon\n|-damage|p2a: Weavile|91\/100|[from] item: Life Orb\n|\n|upkeep\n|\n|t:|1660633222\n|switch|p1a: Urshifu|Urshifu-Rapid-Strike, F|100\/100\n|-damage|p1a: Urshifu|94\/100|[from] Stealth Rock\n|turn|4\n|\n|t:|1660633228\n|switch|p2a: Garchomp|Garchomp, M, shiny|100\/100\n|move|p1a: Urshifu|Bulk Up|p1a: Urshifu\n|-boost|p1a: Urshifu|atk|1\n|-boost|p1a: Urshifu|def|1\n|\n|upkeep\n|turn|5\n|\n|t:|1660633239\n|move|p2a: Garchomp|Earthquake|p1a: Urshifu\n|-damage|p1a: Urshifu|62\/100\n|move|p1a: Urshifu|Surging Strikes|p2a: Garchomp\n|-crit|p2a: Garchomp\n|-damage|p2a: Garchomp|70\/100\n|-activate|p2a: Garchomp|ability: Rough Skin\n|-activate|p1a: Urshifu|item: Protective Pads\n|-crit|p2a: Garchomp\n|-damage|p2a: Garchomp|37\/100\n|-activate|p2a: Garchomp|ability: Rough Skin\n|-activate|p1a: Urshifu|item: Protective Pads\n|-crit|p2a: Garchomp\n|-damage|p2a: Garchomp|7\/100\n|-activate|p2a: Garchomp|ability: Rough Skin\n|-activate|p1a: Urshifu|item: Protective Pads\n|-hitcount|p2a: Garchomp|3\n|\n|upkeep\n|turn|6\n|\n|t:|1660633250\n|move|p1a: Urshifu|Aqua Jet|p2a: Garchomp\n|-damage|p2a: Garchomp|0 fnt\n|-activate|p2a: Garchomp|ability: Rough Skin\n|-activate|p1a: Urshifu|item: Protective Pads\n|faint|p2a: Garchomp\n|\n|upkeep\n|\n|t:|1660633257\n|switch|p2a: Celesteela|Celesteela, shiny|100\/100\n|turn|7\n|\n|t:|1660633268\n|move|p1a: Urshifu|Surging Strikes|p2a: Celesteela\n|-crit|p2a: Celesteela\n|-damage|p2a: Celesteela|70\/100\n|-crit|p2a: Celesteela\n|-damage|p2a: Celesteela|40\/100\n|-crit|p2a: Celesteela\n|-damage|p2a: Celesteela|9\/100\n|-hitcount|p2a: Celesteela|3\n|move|p2a: Celesteela|Air Slash|p1a: Urshifu\n|-supereffective|p1a: Urshifu\n|-damage|p1a: Urshifu|0 fnt\n|faint|p1a: Urshifu\n|-ability|p2a: Celesteela|Beast Boost|boost\n|-boost|p2a: Celesteela|spa|1\n|\n|upkeep\n|\n|t:|1660633276\n|switch|p1a: Mamoswine|Mamoswine, F|100\/100\n|-damage|p1a: Mamoswine|88\/100|[from] Stealth Rock\n|turn|8\n|\n|t:|1660633293\n|move|p1a: Mamoswine|Ice Shard|p2a: Celesteela\n|-damage|p2a: Celesteela|0 fnt\n|faint|p2a: Celesteela\n|\n|upkeep\n|inactive|Mimikyu Stardust has 120 seconds left.\n|inactive|Mimikyu Stardust has 90 seconds left.\n|\n|t:|1660633348\n|switch|p2a: Crawdaunt|Crawdaunt, F, shiny|100\/100\n|turn|9\n|inactive|Mimikyu Stardust has 90 seconds left.\n|j| supermikimiki\n|\n|t:|1660633369\n|switch|p1a: Tapu Bulu|Tapu Bulu|100\/100\n|-damage|p1a: Tapu Bulu|88\/100|[from] Stealth Rock\n|-fieldstart|move: Grassy Terrain|[from] ability: Grassy Surge|[of] p1a: Tapu Bulu\n|move|p2a: Crawdaunt|Aqua Jet|p1a: Tapu Bulu\n|-resisted|p1a: Tapu Bulu\n|-damage|p1a: Tapu Bulu|71\/100\n|-damage|p2a: Crawdaunt|91\/100|[from] item: Life Orb\n|\n|-heal|p2a: Crawdaunt|97\/100|[from] Grassy Terrain\n|-heal|p1a: Tapu Bulu|77\/100|[from] Grassy Terrain\n|upkeep\n|turn|10\n|inactive|Mimikyu Stardust has 60 seconds left.\n|\n|t:|1660633400\n|switch|p2a: Blacephalon|Blacephalon, shiny|100\/100\n|move|p1a: Tapu Bulu|Horn Leech|p2a: Blacephalon\n|-resisted|p2a: Blacephalon\n|-damage|p2a: Blacephalon|40\/100\n|-heal|p1a: Tapu Bulu|99\/100|[from] drain|[of] p2a: Blacephalon\n|\n|-heal|p2a: Blacephalon|46\/100|[from] Grassy Terrain\n|-heal|p1a: Tapu Bulu|100\/100|[from] Grassy Terrain\n|upkeep\n|turn|11\n|\n|t:|1660633406\n|move|p2a: Blacephalon|Flamethrower|p1a: Tapu Bulu\n|-supereffective|p1a: Tapu Bulu\n|-damage|p1a: Tapu Bulu|23\/100\n|move|p1a: Tapu Bulu|Horn Leech|p2a: Blacephalon\n|-resisted|p2a: Blacephalon\n|-damage|p2a: Blacephalon|0 fnt\n|-heal|p1a: Tapu Bulu|39\/100|[from] drain|[of] p2a: Blacephalon\n|faint|p2a: Blacephalon\n|\n|-heal|p1a: Tapu Bulu|45\/100|[from] Grassy Terrain\n|upkeep\n|\n|t:|1660633410\n|switch|p2a: Weavile|Weavile, M, shiny|91\/100\n|-ability|p2a: Weavile|Pressure\n|turn|12\n|\n|t:|1660633427\n|move|p2a: Weavile|Ice Shard|p1a: Tapu Bulu\n|-supereffective|p1a: Tapu Bulu\n|-damage|p1a: Tapu Bulu|0 fnt\n|faint|p1a: Tapu Bulu\n|-damage|p2a: Weavile|81\/100|[from] item: Life Orb\n|\n|-heal|p2a: Weavile|87\/100|[from] Grassy Terrain\n|upkeep\n|\n|t:|1660633434\n|switch|p1a: Zapdos|Zapdos|100\/100\n|turn|13\n|inactive|Mimikyu Stardust has 90 seconds left.\n|\n|t:|1660633463\n|move|p2a: Weavile|Triple Axel|p1a: Zapdos\n|-supereffective|p1a: Zapdos\n|-damage|p1a: Zapdos|80\/100\n|-supereffective|p1a: Zapdos\n|-damage|p1a: Zapdos|43\/100\n|-supereffective|p1a: Zapdos\n|-crit|p1a: Zapdos\n|-damage|p1a: Zapdos|0 fnt\n|-status|p2a: Weavile|par|[from] ability: Static|[of] p1a: Zapdos\n|faint|p1a: Zapdos\n|-hitcount|p1: Zapdos|3\n|-damage|p2a: Weavile|77\/100 par|[from] item: Life Orb\n|\n|-heal|p2a: Weavile|83\/100 par|[from] Grassy Terrain\n|-fieldend|move: Grassy Terrain\n|upkeep\n|\n|t:|1660633474\n|switch|p1a: Mamoswine|Mamoswine, F|88\/100\n|-damage|p1a: Mamoswine|76\/100|[from] Stealth Rock\n|turn|14\n|\n|t:|1660633486\n|switch|p2a: Crawdaunt|Crawdaunt, F, shiny|97\/100\n|move|p1a: Mamoswine|Earthquake|p2a: Crawdaunt\n|-damage|p2a: Crawdaunt|15\/100\n|\n|upkeep\n|turn|15\n|\n|t:|1660633497\n|move|p2a: Crawdaunt|Aqua Jet|p1a: Mamoswine\n|-supereffective|p1a: Mamoswine\n|-damage|p1a: Mamoswine|0 fnt\n|faint|p1a: Mamoswine\n|-damage|p2a: Crawdaunt|6\/100|[from] item: Life Orb\n|\n|upkeep\n|\n|t:|1660633501\n|switch|p1a: Hydreigon|Hydreigon, M|100\/100\n|-damage|p1a: Hydreigon|88\/100|[from] Stealth Rock\n|turn|16\n|inactive|Mimikyu Stardust has 90 seconds left.\n|\n|t:|1660633516\n|move|p2a: Crawdaunt|Aqua Jet|p1a: Hydreigon\n|-resisted|p1a: Hydreigon\n|-damage|p1a: Hydreigon|64\/100\n|-damage|p2a: Crawdaunt|0 fnt|[from] item: Life Orb\n|faint|p2a: Crawdaunt\n|move|p1a: Hydreigon|Dark Pulse|p2: Crawdaunt|[notarget]\n|-fail|p1a: Hydreigon\n|\n|upkeep\n|\n|t:|1660633518\n|switch|p2a: Weavile|Weavile, M, shiny|83\/100 par\n|-ability|p2a: Weavile|Pressure\n|turn|17\n|\n|t:|1660633534\n|move|p2a: Weavile|Ice Shard|p1a: Hydreigon\n|-supereffective|p1a: Hydreigon\n|-damage|p1a: Hydreigon|4\/100\n|-damage|p2a: Weavile|73\/100 par|[from] item: Life Orb\n|move|p1a: Hydreigon|Draco Meteor|p2a: Weavile|[miss]\n|-miss|p1a: Hydreigon|p2a: Weavile\n|\n|upkeep\n|turn|18\n|\n|t:|1660633552\n|move|p2a: Weavile|Ice Shard|p1a: Hydreigon\n|-supereffective|p1a: Hydreigon\n|-damage|p1a: Hydreigon|0 fnt\n|faint|p1a: Hydreigon\n|-damage|p2a: Weavile|63\/100 par|[from] item: Life Orb\n|\n|win|Mimikyu Stardust\n|raw|kenshirouye's rating: 1599 &rarr; <strong>1582<\/strong><br \/>(-17 for losing)\n|raw|Mimikyu Stardust's rating: 1654 &rarr; <strong>1671<\/strong><br \/>(+17 for winning)\n|l|\u2606Mimikyu Stardust\n|l|\u2606kenshirouye\n","uploadtime":1660633603,"views":73,"p1id":"kenshirouye","p2id":"mimikyustardust","formatid":"gen8ou","rating":1582,"private":0,"password":null}