{"id":"gen8ou-1399233103","p1":"Archerdagoat","p2":"whichjuanz","format":"gen8ou","log":"|j|\u2606Archerdagoat\n|j|\u2606whichjuanz\n|t:|1629325760\n|gametype|singles\n|player|p1|Archerdagoat|hoopster|1788\n|player|p2|whichjuanz|hiker-gen4|1735\n|teamsize|p1|6\n|teamsize|p2|6\n|gen|8\n|tier|[Gen 8] OU\n|rated|\n|rule|Sleep Clause Mod: Limit one foe put to sleep\n|rule|Species Clause: Limit one of each Pok\u00e9mon\n|rule|OHKO Clause: OHKO moves are banned\n|rule|Evasion Moves Clause: Evasion moves are banned\n|rule|Endless Battle Clause: Forcing endless battles is banned\n|rule|HP Percentage Mod: HP is shown in percentages\n|rule|Dynamax Clause: You cannot dynamax\n|clearpoke\n|poke|p1|Dracozolt|\n|poke|p1|Urshifu-*, F|\n|poke|p1|Hippowdon, F|\n|poke|p1|Clefable, F|\n|poke|p1|Melmetal|\n|poke|p1|Zapdos|\n|poke|p2|Buzzwole|\n|poke|p2|Kartana|\n|poke|p2|Blacephalon|\n|poke|p2|Celesteela|\n|poke|p2|Nihilego|\n|poke|p2|Stakataka|\n|teampreview\n|inactive|Battle timer is ON: inactive players will automatically lose when time's up. (requested by whichjuanz)\n|j| Disliked\n|\n|t:|1629325781\n|start\n|switch|p1a: Urshifu|Urshifu-Rapid-Strike, F|100\/100\n|switch|p2a: Pennywise|Blacephalon|100\/100\n|turn|1\n|j| climax HUNTER\n|\n|t:|1629325790\n|move|p2a: Pennywise|Hypnosis|p1a: Urshifu\n|-status|p1a: Urshifu|slp|[from] move: Hypnosis\n|cant|p1a: Urshifu|slp\n|\n|upkeep\n|turn|2\n|\n|t:|1629325795\n|switch|p1a: Hippowdon|Hippowdon, F|100\/100\n|-weather|Sandstorm|[from] ability: Sand Stream|[of] p1a: Hippowdon\n|move|p2a: Pennywise|Shadow Ball|p1a: Hippowdon\n|-damage|p1a: Hippowdon|58\/100\n|\n|-weather|Sandstorm|[upkeep]\n|-damage|p2a: Pennywise|94\/100|[from] Sandstorm\n|upkeep\n|turn|3\n|j| SebusWebus\n|\n|t:|1629325802\n|move|p2a: Pennywise|Flamethrower|p1a: Hippowdon\n|-damage|p1a: Hippowdon|10\/100\n|move|p1a: Hippowdon|Slack Off|p1a: Hippowdon\n|-heal|p1a: Hippowdon|60\/100\n|\n|-weather|Sandstorm|[upkeep]\n|-damage|p2a: Pennywise|88\/100|[from] Sandstorm\n|upkeep\n|turn|4\n|\n|t:|1629325806\n|move|p2a: Pennywise|Flamethrower|p1a: Hippowdon\n|-damage|p1a: Hippowdon|9\/100\n|move|p1a: Hippowdon|Earthquake|p2a: Pennywise\n|-supereffective|p2a: Pennywise\n|-damage|p2a: Pennywise|0 fnt\n|faint|p2a: Pennywise\n|\n|-weather|Sandstorm|[upkeep]\n|upkeep\n|\n|t:|1629325814\n|switch|p2a: Edward|Kartana|100\/100\n|turn|5\n|\n|t:|1629325816\n|switch|p1a: Zapdos|Zapdos|100\/100\n|move|p2a: Edward|Swords Dance|p2a: Edward\n|-boost|p2a: Edward|atk|2\n|\n|-weather|Sandstorm|[upkeep]\n|-damage|p1a: Zapdos|94\/100|[from] Sandstorm\n|-heal|p1a: Zapdos|100\/100|[from] item: Leftovers\n|upkeep\n|turn|6\n|j| BigMeatDodo\n|\n|t:|1629325822\n|switch|p2a: Sphere|Nihilego|100\/100\n|move|p1a: Zapdos|Heat Wave|p2a: Sphere\n|-resisted|p2a: Sphere\n|-damage|p2a: Sphere|94\/100\n|\n|-weather|Sandstorm|[upkeep]\n|-damage|p1a: Zapdos|94\/100|[from] Sandstorm\n|-heal|p1a: Zapdos|100\/100|[from] item: Leftovers\n|upkeep\n|turn|7\n|\n|t:|1629325828\n|switch|p1a: Melmetal|Melmetal|100\/100\n|move|p2a: Sphere|Meteor Beam||[still]\n|-prepare|p2a: Sphere|Meteor Beam\n|-boost|p2a: Sphere|spa|1\n|-enditem|p2a: Sphere|Power Herb\n|-anim|p2a: Sphere|Meteor Beam|p1a: Melmetal\n|-resisted|p1a: Melmetal\n|-damage|p1a: Melmetal|55\/100\n|\n|-weather|Sandstorm|[upkeep]\n|upkeep\n|turn|8\n|\n|t:|1629325831\n|move|p2a: Sphere|Thunder Wave|p1a: Melmetal|[miss]\n|-miss|p2a: Sphere|p1a: Melmetal\n|move|p1a: Melmetal|Double Iron Bash|p2a: Sphere\n|-supereffective|p2a: Sphere\n|-damage|p2a: Sphere|0 fnt\n|faint|p2a: Sphere\n|-hitcount|p2: Sphere|1\n|\n|-weather|Sandstorm|[upkeep]\n|upkeep\n|\n|t:|1629325834\n|switch|p2a: Edward|Kartana|100\/100\n|turn|9\n|\n|t:|1629325841\n|switch|p2a: Kaguya|Celesteela, shiny|100\/100\n|switch|p1a: Zapdos|Zapdos|100\/100\n|\n|-weather|none\n|upkeep\n|turn|10\n|\n|t:|1629325844\n|move|p1a: Zapdos|Thunderbolt|p2a: Kaguya\n|-supereffective|p2a: Kaguya\n|-damage|p2a: Kaguya|18\/100\n|move|p2a: Kaguya|Meteor Beam||[still]\n|-prepare|p2a: Kaguya|Meteor Beam\n|-boost|p2a: Kaguya|spa|1\n|-enditem|p2a: Kaguya|Power Herb\n|-anim|p2a: Kaguya|Meteor Beam|p1a: Zapdos|[miss]\n|-miss|p2a: Kaguya|p1a: Zapdos\n|\n|upkeep\n|turn|11\n|\n|t:|1629325850\n|move|p1a: Zapdos|Heat Wave|p2a: Kaguya\n|-supereffective|p2a: Kaguya\n|-damage|p2a: Kaguya|0 fnt\n|faint|p2a: Kaguya\n|\n|upkeep\n|\n|t:|1629325852\n|switch|p2a: Lament|Stakataka|100\/100\n|turn|12\n|j| andrethagiiant\n|-activate|p2a: Lament|item: Quick Claw\n|\n|t:|1629325858\n|switch|p1a: Hippowdon|Hippowdon, F|9\/100\n|-weather|Sandstorm|[from] ability: Sand Stream|[of] p1a: Hippowdon\n|move|p2a: Lament|Stone Edge|p1a: Hippowdon|[miss]\n|-miss|p2a: Lament|p1a: Hippowdon\n|\n|-weather|Sandstorm|[upkeep]\n|upkeep\n|turn|13\n|\n|t:|1629325878\n|switch|p1a: Urshifu|Urshifu-Rapid-Strike, F|100\/100 slp\n|switch|p2a: Pinhead|Buzzwole|100\/100\n|\n|-weather|Sandstorm|[upkeep]\n|-damage|p1a: Urshifu|94\/100 slp|[from] Sandstorm\n|-damage|p2a: Pinhead|94\/100|[from] Sandstorm\n|upkeep\n|turn|14\n|\n|t:|1629325884\n|switch|p1a: Clefable|Clefable, F|100\/100\n|move|p2a: Pinhead|Bulk Up|p2a: Pinhead\n|-boost|p2a: Pinhead|atk|1\n|-boost|p2a: Pinhead|def|1\n|\n|-weather|Sandstorm|[upkeep]\n|-damage|p2a: Pinhead|88\/100|[from] Sandstorm\n|-damage|p1a: Clefable|94\/100|[from] Sandstorm\n|-heal|p1a: Clefable|100\/100|[from] item: Leftovers\n|upkeep\n|turn|15\n|-activate|p2a: Pinhead|item: Quick Claw\n|\n|t:|1629325886\n|move|p2a: Pinhead|Ice Punch|p1a: Clefable\n|-damage|p1a: Clefable|80\/100\n|move|p1a: Clefable|Wish|p1a: Clefable\n|\n|-weather|Sandstorm|[upkeep]\n|-damage|p2a: Pinhead|82\/100|[from] Sandstorm\n|-damage|p1a: Clefable|74\/100|[from] Sandstorm\n|-heal|p1a: Clefable|80\/100|[from] item: Leftovers\n|upkeep\n|turn|16\n|-activate|p2a: Pinhead|item: Quick Claw\n|\n|t:|1629325890\n|move|p2a: Pinhead|Ice Punch|p1a: Clefable\n|-damage|p1a: Clefable|59\/100\n|move|p1a: Clefable|Moonblast|p2a: Pinhead\n|-supereffective|p2a: Pinhead\n|-damage|p2a: Pinhead|0 fnt\n|faint|p2a: Pinhead\n|\n|-weather|Sandstorm|[upkeep]\n|-damage|p1a: Clefable|53\/100|[from] Sandstorm\n|-heal|p1a: Clefable|100\/100|[from] move: Wish|[wisher] Clefable\n|upkeep\n|\n|t:|1629325894\n|switch|p2a: Lament|Stakataka|100\/100\n|turn|17\n|l| andrethagiiant\n|j| Sick call ranger\n|j| andrethagiiant\n|l| andrethagiiant\n|\n|t:|1629325908\n|move|p1a: Clefable|Wish|p1a: Clefable\n|move|p2a: Lament|Trick Room|p2a: Lament\n|-fieldstart|move: Trick Room|[of] p2a: Lament\n|\n|-weather|Sandstorm|[upkeep]\n|-damage|p1a: Clefable|94\/100|[from] Sandstorm\n|-heal|p1a: Clefable|100\/100|[from] item: Leftovers\n|upkeep\n|turn|18\n|-activate|p2a: Lament|item: Quick Claw\n|\n|t:|1629325912\n|switch|p1a: Melmetal|Melmetal|55\/100\n|move|p2a: Lament|Heat Crash|p1a: Melmetal\n|-supereffective|p1a: Melmetal\n|-damage|p1a: Melmetal|39\/100\n|\n|-weather|Sandstorm|[upkeep]\n|-heal|p1a: Melmetal|81\/100|[from] move: Wish|[wisher] Clefable\n|upkeep\n|turn|19\n|\n|t:|1629325920\n|move|p2a: Lament|Heat Crash|p1a: Melmetal\n|-supereffective|p1a: Melmetal\n|-damage|p1a: Melmetal|63\/100\n|move|p1a: Melmetal|Double Iron Bash|p2a: Lament\n|-damage|p2a: Lament|58\/100\n|-damage|p2a: Lament|14\/100\n|-hitcount|p2a: Lament|2\n|\n|-weather|none\n|upkeep\n|turn|20\n|\n|t:|1629325927\n|move|p2a: Lament|Heat Crash|p1a: Melmetal\n|-supereffective|p1a: Melmetal\n|-damage|p1a: Melmetal|46\/100\n|move|p1a: Melmetal|Double Iron Bash|p2a: Lament\n|-damage|p2a: Lament|0 fnt\n|faint|p2a: Lament\n|-hitcount|p2: Lament|1\n|\n|upkeep\n|\n|t:|1629325929\n|switch|p2a: Edward|Kartana|100\/100\n|turn|21\n|\n|t:|1629325932\n|switch|p1a: Zapdos|Zapdos|100\/100\n|move|p2a: Edward|Swords Dance|p2a: Edward\n|-boost|p2a: Edward|atk|2\n|\n|-fieldend|move: Trick Room\n|upkeep\n|turn|22\n|-message|whichjuanz forfeited.\n|\n|win|Archerdagoat\n|l|\u2606whichjuanz\n|l| Disliked\n|raw|Archerdagoat's rating: 1788 &rarr; <strong>1805<\/strong><br \/>(+17 for winning)\n|raw|whichjuanz's rating: 1735 &rarr; <strong>1718<\/strong><br \/>(-17 for losing)\n|l| Sick call ranger\n|l| SebusWebus\n||Ladder isn't responding, score probably updated but might not have (Request timeout).\n","uploadtime":1629325953,"views":17,"p1id":"archerdagoat","p2id":"whichjuanz","formatid":"gen8ou","rating":1718,"private":0,"password":null}