{"id":"gen8ou-1704707343","p1":"Folabi69","p2":"damorush","format":"gen8ou","log":"|j|\u2606Folabi69\n|j|\u2606damorush\n|t:|1667809858\n|gametype|singles\n|player|p1|Folabi69|lucas|1773\n|player|p2|damorush|1|1729\n|teamsize|p1|6\n|teamsize|p2|6\n|gen|8\n|tier|[Gen 8] OU\n|rated|\n|rule|Sleep Clause Mod: Limit one foe put to sleep\n|rule|Species Clause: Limit one of each Pok\u00e9mon\n|rule|OHKO Clause: OHKO moves are banned\n|rule|Evasion Items Clause: Evasion items are banned\n|rule|Evasion Moves Clause: Evasion moves are banned\n|rule|Endless Battle Clause: Forcing endless battles is banned\n|rule|HP Percentage Mod: HP is shown in percentages\n|rule|Dynamax Clause: You cannot dynamax\n|clearpoke\n|poke|p1|Volcanion|\n|poke|p1|Landorus-Therian, M|\n|poke|p1|Zapdos|\n|poke|p1|Melmetal|\n|poke|p1|Tapu Lele|\n|poke|p1|Dragapult, M|\n|poke|p2|Mew|\n|poke|p2|Dragapult, M|\n|poke|p2|Rillaboom, F|\n|poke|p2|Kartana|\n|poke|p2|Nidoking, M|\n|poke|p2|Zapdos-Galar|\n|teampreview\n|inactive|Battle timer is ON: inactive players will automatically lose when time's up. (requested by Folabi69)\n|\n|t:|1667809866\n|start\n|switch|p1a: Dragapult|Dragapult, M|100\/100\n|switch|p2a: Mew|Mew|100\/100\n|turn|1\n|\n|t:|1667809872\n|move|p1a: Dragapult|Dragon Darts|p2a: Mew\n|-damage|p2a: Mew|66\/100\n|-anim|p1a: Dragapult|Dragon Darts|p2a: Mew\n|-damage|p2a: Mew|27\/100\n|move|p2a: Mew|Stealth Rock|p1a: Dragapult\n|-sidestart|p1: Folabi69|move: Stealth Rock\n|\n|upkeep\n|turn|2\n|\n|t:|1667809879\n|move|p1a: Dragapult|Dragon Darts|p2a: Mew\n|-damage|p2a: Mew|0 fnt\n|faint|p2a: Mew\n|\n|upkeep\n|\n|t:|1667809884\n|switch|p2a: Kartana|Kartana|100\/100\n|turn|3\n|\n|t:|1667809890\n|switch|p1a: Landorus|Landorus-Therian, M|100\/100\n|-damage|p1a: Landorus|88\/100|[from] Stealth Rock\n|-ability|p1a: Landorus|Intimidate|boost\n|-unboost|p2a: Kartana|atk|1\n|switch|p2a: Nidoking|Nidoking, M|100\/100\n|\n|-heal|p1a: Landorus|94\/100|[from] item: Leftovers\n|upkeep\n|turn|4\n|\n|t:|1667809901\n|switch|p1a: Melmetal|Melmetal|100\/100\n|-damage|p1a: Melmetal|94\/100|[from] Stealth Rock\n|move|p2a: Nidoking|Ice Beam|p1a: Melmetal\n|-resisted|p1a: Melmetal\n|-damage|p1a: Melmetal|81\/100\n|\n|upkeep\n|turn|5\n|\n|t:|1667809908\n|move|p2a: Nidoking|Earth Power|p1a: Melmetal\n|-supereffective|p1a: Melmetal\n|-damage|p1a: Melmetal|0 fnt\n|faint|p1a: Melmetal\n|\n|upkeep\n|\n|t:|1667809916\n|switch|p1a: Tapu Lele|Tapu Lele|100\/100\n|-damage|p1a: Tapu Lele|88\/100|[from] Stealth Rock\n|-fieldstart|move: Psychic Terrain|[from] ability: Psychic Surge|[of] p1a: Tapu Lele\n|turn|6\n|j| SquidSamples11\n|\n|t:|1667809921\n|switch|p2a: Rillaboom|Rillaboom, F|100\/100\n|-fieldstart|move: Grassy Terrain|[from] ability: Grassy Surge|[of] p2a: Rillaboom\n|move|p1a: Tapu Lele|Psychic|p2a: Rillaboom\n|-damage|p2a: Rillaboom|27\/100\n|\n|-heal|p1a: Tapu Lele|94\/100|[from] Grassy Terrain\n|-heal|p2a: Rillaboom|33\/100|[from] Grassy Terrain\n|upkeep\n|turn|7\n|\n|t:|1667809932\n|switch|p1a: Zapdos|Zapdos|100\/100\n|move|p2a: Rillaboom|Knock Off|p1a: Zapdos\n|-damage|p1a: Zapdos|63\/100\n|-enditem|p1a: Zapdos|Heavy-Duty Boots|[from] move: Knock Off|[of] p2a: Rillaboom\n|-damage|p2a: Rillaboom|23\/100|[from] item: Life Orb\n|\n|-heal|p2a: Rillaboom|30\/100|[from] Grassy Terrain\n|upkeep\n|turn|8\n|\n|t:|1667809943\n|switch|p1a: Tapu Lele|Tapu Lele|94\/100\n|-damage|p1a: Tapu Lele|82\/100|[from] Stealth Rock\n|-fieldstart|move: Psychic Terrain|[from] ability: Psychic Surge|[of] p1a: Tapu Lele\n|switch|p2a: Nidoking|Nidoking, M|100\/100\n|\n|upkeep\n|turn|9\n|l| SquidSamples11\n|\n|t:|1667809952\n|switch|p2a: Rillaboom|Rillaboom, F|30\/100\n|-fieldstart|move: Grassy Terrain|[from] ability: Grassy Surge|[of] p2a: Rillaboom\n|move|p1a: Tapu Lele|Psychic|p2a: Rillaboom\n|-damage|p2a: Rillaboom|0 fnt\n|faint|p2a: Rillaboom\n|\n|-heal|p1a: Tapu Lele|88\/100|[from] Grassy Terrain\n|upkeep\n|\n|t:|1667809962\n|switch|p2a: Dragapult|Dragapult, M|100\/100\n|turn|10\n|\n|t:|1667809972\n|switch|p1a: Landorus|Landorus-Therian, M|94\/100\n|-damage|p1a: Landorus|82\/100|[from] Stealth Rock\n|-ability|p1a: Landorus|Intimidate|boost\n|-fail|p2a: Dragapult|unboost|[from] ability: Clear Body|[of] p2a: Dragapult\n|move|p2a: Dragapult|Dragon Dance|p2a: Dragapult\n|-boost|p2a: Dragapult|atk|1\n|-boost|p2a: Dragapult|spe|1\n|\n|-heal|p1a: Landorus|88\/100|[from] item: Leftovers\n|upkeep\n|turn|11\n|\n|t:|1667809983\n|move|p2a: Dragapult|Dragon Darts|p1a: Landorus\n|-crit|p1a: Landorus\n|-damage|p1a: Landorus|22\/100\n|-anim|p2a: Dragapult|Dragon Darts|p1a: Landorus\n|-damage|p1a: Landorus|0 fnt\n|faint|p1a: Landorus\n|\n|upkeep\n|\n|t:|1667809987\n|switch|p1a: Dragapult|Dragapult, M|100\/100\n|-damage|p1a: Dragapult|88\/100|[from] Stealth Rock\n|turn|12\n|\n|t:|1667809993\n|move|p1a: Dragapult|Sucker Punch|p2a: Dragapult\n|-supereffective|p2a: Dragapult\n|-damage|p2a: Dragapult|0 fnt\n|faint|p2a: Dragapult\n|\n|-heal|p1a: Dragapult|94\/100|[from] Grassy Terrain\n|upkeep\n|\n|t:|1667810001\n|switch|p2a: Kartana|Kartana|100\/100\n|turn|13\n|\n|t:|1667810005\n|switch|p1a: Zapdos|Zapdos|63\/100\n|-damage|p1a: Zapdos|38\/100|[from] Stealth Rock\n|move|p2a: Kartana|Swords Dance|p2a: Kartana\n|-boost|p2a: Kartana|atk|2\n|\n|-fieldend|move: Grassy Terrain\n|upkeep\n|turn|14\n|\n|t:|1667810014\n|move|p2a: Kartana|Knock Off|p1a: Zapdos\n|-damage|p1a: Zapdos|3\/100\n|move|p1a: Zapdos|Hurricane|p2a: Kartana\n|-damage|p2a: Kartana|0 fnt\n|faint|p2a: Kartana\n|\n|upkeep\n|\n|t:|1667810021\n|switch|p2a: Zapdos|Zapdos-Galar|100\/100\n|turn|15\n|c|\u2606Folabi69|Gf\n|c|\u2606Folabi69|Gg\n|\n|t:|1667810025\n|move|p2a: Zapdos|Brave Bird|p1a: Zapdos\n|-resisted|p1a: Zapdos\n|-crit|p1a: Zapdos\n|-damage|p1a: Zapdos|0 fnt\n|faint|p1a: Zapdos\n|-damage|p2a: Zapdos|99\/100|[from] Recoil\n|\n|upkeep\n|\n|t:|1667810030\n|switch|p1a: Volcanion|Volcanion|100\/100\n|turn|16\n|\n|t:|1667810037\n|move|p2a: Zapdos|Brave Bird|p1a: Volcanion\n|-damage|p1a: Volcanion|33\/100\n|-damage|p2a: Zapdos|79\/100|[from] Recoil\n|move|p1a: Volcanion|Flamethrower|p2a: Zapdos\n|-damage|p2a: Zapdos|29\/100\n|\n|upkeep\n|turn|17\n|\n|t:|1667810045\n|move|p2a: Zapdos|Brave Bird|p1a: Volcanion\n|-damage|p1a: Volcanion|0 fnt\n|faint|p1a: Volcanion\n|-damage|p2a: Zapdos|19\/100|[from] Recoil\n|\n|upkeep\n|\n|t:|1667810048\n|switch|p1a: Dragapult|Dragapult, M|94\/100\n|-damage|p1a: Dragapult|82\/100|[from] Stealth Rock\n|turn|18\n|\n|t:|1667810054\n|move|p2a: Zapdos|Brave Bird|p1a: Dragapult\n|-damage|p1a: Dragapult|0 fnt\n|faint|p1a: Dragapult\n|-damage|p2a: Zapdos|0 fnt|[from] Recoil\n|faint|p2a: Zapdos\n|\n|upkeep\n|-message|damorush forfeited.\n|\n|win|Folabi69\n|raw|Folabi69's rating: 1773 &rarr; <strong>1790<\/strong><br \/>(+17 for winning)\n|raw|damorush's rating: 1729 &rarr; <strong>1712<\/strong><br \/>(-17 for losing)\n|l|\u2606damorush\n|l|\u2606Folabi69\n","uploadtime":1667810073,"views":6,"p1id":"folabi69","p2id":"damorush","formatid":"gen8ou","rating":1712,"private":0,"password":null}