{"id":"gen8ou-1694073637","p1":"ninjadouche","p2":"Darkman64","format":"gen8ou","log":"|html|<div class=\"broadcast-blue\"><strong>[Gen 8] OU is currently suspecting Melmetal! For information on how to participate check out the <a href=\"https:\/\/www.smogon.com\/forums\/threads\/np-ss-ou-suspect-process-round-12-monster-mash.3709234\/\">suspect thread<\/a>.<\/strong><\/div>\n|j|\u2606ninjadouche\n|j|\u2606Darkman64\n|t:|1666660596\n|gametype|singles\n|player|p1|ninjadouche|burglar|1593\n|player|p2|Darkman64|juan|1558\n|teamsize|p1|6\n|teamsize|p2|6\n|gen|8\n|tier|[Gen 8] OU\n|rated|\n|rule|Sleep Clause Mod: Limit one foe put to sleep\n|rule|Species Clause: Limit one of each Pok\u00e9mon\n|rule|OHKO Clause: OHKO moves are banned\n|rule|Evasion Items Clause: Evasion items are banned\n|rule|Evasion Moves Clause: Evasion moves are banned\n|rule|Endless Battle Clause: Forcing endless battles is banned\n|rule|HP Percentage Mod: HP is shown in percentages\n|rule|Dynamax Clause: You cannot dynamax\n|clearpoke\n|poke|p1|Marowak-Alola, M|\n|poke|p1|Ninetales, F|\n|poke|p1|Rotom-Wash|\n|poke|p1|Snorlax, M|\n|poke|p1|Shiftry, M|\n|poke|p1|Aggron, F|\n|poke|p2|Weavile, M|\n|poke|p2|Slowbro, F|\n|poke|p2|Landorus-Therian, M|\n|poke|p2|Urshifu-*, M|\n|poke|p2|Ferrothorn, M|\n|poke|p2|Clefable, M|\n|teampreview\n|c|\u2606ninjadouche|hf\n|\n|t:|1666660640\n|start\n|switch|p1a: Rotom|Rotom-Wash|100\/100\n|switch|p2a: Weavile|Weavile, M|100\/100\n|-ability|p2a: Weavile|Pressure\n|turn|1\n|\n|t:|1666660648\n|move|p2a: Weavile|Knock Off|p1a: Rotom\n|-damage|p1a: Rotom|36\/100\n|-enditem|p1a: Rotom|Leftovers|[from] move: Knock Off|[of] p2a: Weavile\n|move|p1a: Rotom|Will-O-Wisp|p2a: Weavile\n|-status|p2a: Weavile|brn\n|\n|-damage|p2a: Weavile|94\/100 brn|[from] brn\n|upkeep\n|turn|2\n|\n|t:|1666660658\n|move|p2a: Weavile|Knock Off|p1a: Rotom\n|-damage|p1a: Rotom|14\/100\n|move|p1a: Rotom|Volt Switch|p2a: Weavile\n|-damage|p2a: Weavile|57\/100 brn\n|\n|t:|1666660665\n|switch|p1a: Ninetales|Ninetales, F, shiny|100\/100|[from]move: Volt Switch\n|-weather|SunnyDay|[from] ability: Drought|[of] p1a: Ninetales\n|\n|-weather|SunnyDay|[upkeep]\n|-damage|p2a: Weavile|51\/100 brn|[from] brn\n|upkeep\n|turn|3\n|j| jly8\n|\n|t:|1666660670\n|move|p2a: Weavile|Knock Off|p1a: Ninetales\n|-damage|p1a: Ninetales|44\/100\n|-enditem|p1a: Ninetales|Choice Specs|[from] move: Knock Off|[of] p2a: Weavile\n|move|p1a: Ninetales|Overheat|p2a: Weavile\n|-supereffective|p2a: Weavile\n|-damage|p2a: Weavile|0 fnt\n|-unboost|p1a: Ninetales|spa|2\n|faint|p2a: Weavile\n|\n|-weather|SunnyDay|[upkeep]\n|upkeep\n|\n|t:|1666660678\n|switch|p2a: Urshifu|Urshifu-Rapid-Strike, M|100\/100\n|turn|4\n|\n|t:|1666660685\n|switch|p1a: Rotom|Rotom-Wash|14\/100\n|move|p2a: Urshifu|U-turn|p1a: Rotom\n|-damage|p1a: Rotom|0 fnt\n|faint|p1a: Rotom\n|\n|t:|1666660690\n|switch|p2a: Slowbro|Slowbro, F|100\/100|[from]move: U-turn\n|\n|-weather|SunnyDay|[upkeep]\n|upkeep\n|\n|t:|1666660703\n|switch|p1a: Marowak|Marowak-Alola, M|100\/100\n|turn|5\n|\n|t:|1666660708\n|move|p1a: Marowak|Poltergeist|p2a: Slowbro\n|-activate|p2a: Slowbro|move: Poltergeist|Heavy-Duty Boots\n|-supereffective|p2a: Slowbro\n|-damage|p2a: Slowbro|0 fnt\n|faint|p2a: Slowbro\n|\n|-weather|SunnyDay|[upkeep]\n|upkeep\n|\n|t:|1666660710\n|switch|p2a: Landorus|Landorus-Therian, M|100\/100\n|-ability|p2a: Landorus|Intimidate|boost\n|-unboost|p1a: Marowak|atk|1\n|turn|6\n|\n|t:|1666660715\n|move|p2a: Landorus|Earthquake|p1a: Marowak\n|-supereffective|p1a: Marowak\n|-damage|p1a: Marowak|3\/100\n|move|p1a: Marowak|Flare Blitz|p2a: Landorus\n|-damage|p2a: Landorus|9\/100\n|-damage|p1a: Marowak|0 fnt|[from] Recoil\n|faint|p1a: Marowak\n|\n|-weather|none\n|-heal|p2a: Landorus|15\/100|[from] item: Leftovers\n|upkeep\n|\n|t:|1666660722\n|switch|p1a: Ninetales|Ninetales, F, shiny|44\/100\n|-weather|SunnyDay|[from] ability: Drought|[of] p1a: Ninetales\n|turn|7\n|\n|t:|1666660735\n|move|p1a: Ninetales|Overheat|p2a: Landorus\n|-damage|p2a: Landorus|0 fnt\n|-unboost|p1a: Ninetales|spa|2\n|faint|p2a: Landorus\n|\n|-weather|SunnyDay|[upkeep]\n|upkeep\n|\n|t:|1666660737\n|switch|p2a: Urshifu|Urshifu-Rapid-Strike, M|100\/100\n|turn|8\n|\n|t:|1666660742\n|switch|p1a: Aggron|Aggron, F|100\/100\n|move|p2a: Urshifu|U-turn|p1a: Aggron\n|-resisted|p1a: Aggron\n|-damage|p1a: Aggron|89\/100\n|\n|t:|1666660744\n|switch|p2a: Clefable|Clefable, M|100\/100|[from]move: U-turn\n|\n|-weather|SunnyDay|[upkeep]\n|upkeep\n|turn|9\n|\n|t:|1666660748\n|switch|p2a: Urshifu|Urshifu-Rapid-Strike, M|100\/100\n|switch|p1a: Snorlax|Snorlax, M|100\/100\n|\n|-weather|SunnyDay|[upkeep]\n|upkeep\n|turn|10\n|\n|t:|1666660755\n|switch|p1a: Aggron|Aggron, F|89\/100\n|move|p2a: Urshifu|Close Combat|p1a: Aggron\n|-supereffective|p1a: Aggron\n|-damage|p1a: Aggron|0 fnt\n|-unboost|p2a: Urshifu|def|1\n|-unboost|p2a: Urshifu|spd|1\n|faint|p1a: Aggron\n|\n|-weather|SunnyDay|[upkeep]\n|upkeep\n|\n|t:|1666660761\n|switch|p1a: Shiftry|Shiftry, M|100\/100\n|turn|11\n|\n|t:|1666660767\n|switch|p2a: Ferrothorn|Ferrothorn, M|100\/100\n|move|p1a: Shiftry|Solar Blade||[still]\n|-prepare|p1a: Shiftry|Solar Blade\n|-anim|p1a: Shiftry|Solar Blade|p2a: Ferrothorn\n|-resisted|p2a: Ferrothorn\n|-damage|p2a: Ferrothorn|90\/100\n|-damage|p1a: Shiftry|88\/100|[from] ability: Iron Barbs|[of] p2a: Ferrothorn\n|-damage|p1a: Shiftry|78\/100|[from] item: Life Orb\n|\n|-weather|none\n|-heal|p2a: Ferrothorn|97\/100|[from] item: Leftovers\n|upkeep\n|turn|12\n|\n|t:|1666660772\n|switch|p1a: Ninetales|Ninetales, F, shiny|44\/100\n|-weather|SunnyDay|[from] ability: Drought|[of] p1a: Ninetales\n|switch|p2a: Clefable|Clefable, M|100\/100\n|\n|-weather|SunnyDay|[upkeep]\n|upkeep\n|turn|13\n|\n|t:|1666660777\n|move|p1a: Ninetales|Overheat|p2a: Clefable\n|-damage|p2a: Clefable|33\/100\n|-unboost|p1a: Ninetales|spa|2\n|move|p2a: Clefable|Teleport|p2a: Clefable\n|\n|t:|1666660782\n|switch|p2a: Urshifu|Urshifu-Rapid-Strike, M|100\/100|[from]move: Teleport\n|\n|-weather|SunnyDay|[upkeep]\n|upkeep\n|turn|14\n|\n|t:|1666660787\n|switch|p1a: Snorlax|Snorlax, M|100\/100\n|move|p2a: Urshifu|Close Combat|p1a: Snorlax\n|-supereffective|p1a: Snorlax\n|-damage|p1a: Snorlax|0 fnt\n|-unboost|p2a: Urshifu|def|1\n|-unboost|p2a: Urshifu|spd|1\n|faint|p1a: Snorlax\n|\n|-weather|SunnyDay|[upkeep]\n|upkeep\n|\n|t:|1666660788\n|switch|p1a: Shiftry|Shiftry, M|78\/100\n|turn|15\n|\n|t:|1666660792\n|switch|p2a: Clefable|Clefable, M|33\/100\n|move|p1a: Shiftry|Solar Blade||[still]\n|-prepare|p1a: Shiftry|Solar Blade\n|-anim|p1a: Shiftry|Solar Blade|p2a: Clefable\n|-damage|p2a: Clefable|0 fnt\n|faint|p2a: Clefable\n|-damage|p1a: Shiftry|68\/100|[from] item: Life Orb\n|\n|-weather|SunnyDay|[upkeep]\n|upkeep\n|\n|t:|1666660796\n|switch|p2a: Urshifu|Urshifu-Rapid-Strike, M|100\/100\n|turn|16\n|\n|t:|1666660806\n|switch|p2a: Ferrothorn|Ferrothorn, M|97\/100\n|move|p1a: Shiftry|Solar Blade||[still]\n|-prepare|p1a: Shiftry|Solar Blade\n|-anim|p1a: Shiftry|Solar Blade|p2a: Ferrothorn\n|-resisted|p2a: Ferrothorn\n|-damage|p2a: Ferrothorn|85\/100\n|-damage|p1a: Shiftry|56\/100|[from] ability: Iron Barbs|[of] p2a: Ferrothorn\n|-damage|p1a: Shiftry|46\/100|[from] item: Life Orb\n|\n|-weather|none\n|-heal|p2a: Ferrothorn|91\/100|[from] item: Leftovers\n|upkeep\n|turn|17\n|\n|t:|1666660812\n|switch|p1a: Ninetales|Ninetales, F, shiny|44\/100\n|-weather|SunnyDay|[from] ability: Drought|[of] p1a: Ninetales\n|switch|p2a: Urshifu|Urshifu-Rapid-Strike, M|100\/100\n|\n|-weather|SunnyDay|[upkeep]\n|upkeep\n|turn|18\n|\n|t:|1666660816\n|move|p1a: Ninetales|Solar Beam||[still]\n|-prepare|p1a: Ninetales|Solar Beam\n|-anim|p1a: Ninetales|Solar Beam|p2a: Urshifu\n|-supereffective|p2a: Urshifu\n|-damage|p2a: Urshifu|9\/100\n|move|p2a: Urshifu|U-turn|p1a: Ninetales\n|-resisted|p1a: Ninetales\n|-damage|p1a: Ninetales|17\/100\n|\n|t:|1666660819\n|switch|p2a: Ferrothorn|Ferrothorn, M|91\/100|[from]move: U-turn\n|\n|-weather|SunnyDay|[upkeep]\n|-heal|p2a: Ferrothorn|98\/100|[from] item: Leftovers\n|upkeep\n|turn|19\n|\n|t:|1666660823\n|move|p1a: Ninetales|Overheat|p2a: Ferrothorn|[miss]\n|-miss|p1a: Ninetales|p2a: Ferrothorn\n|move|p2a: Ferrothorn|Spikes|p1a: Ninetales\n|-sidestart|p1: ninjadouche|Spikes\n|\n|-weather|SunnyDay|[upkeep]\n|-heal|p2a: Ferrothorn|100\/100|[from] item: Leftovers\n|upkeep\n|turn|20\n|\n|t:|1666660827\n|move|p1a: Ninetales|Overheat|p2a: Ferrothorn\n|-supereffective|p2a: Ferrothorn\n|-damage|p2a: Ferrothorn|0 fnt\n|-unboost|p1a: Ninetales|spa|2\n|faint|p2a: Ferrothorn\n|\n|-weather|SunnyDay|[upkeep]\n|upkeep\n|c|\u2606Darkman64|gg\n|\n|t:|1666660831\n|switch|p2a: Urshifu|Urshifu-Rapid-Strike, M|9\/100\n|turn|21\n|\n|t:|1666660834\n|move|p1a: Ninetales|Solar Beam||[still]\n|-prepare|p1a: Ninetales|Solar Beam\n|-anim|p1a: Ninetales|Solar Beam|p2a: Urshifu\n|-supereffective|p2a: Urshifu\n|-damage|p2a: Urshifu|0 fnt\n|faint|p2a: Urshifu\n|\n|win|ninjadouche\n|raw|ninjadouche's rating: 1593 &rarr; <strong>1612<\/strong><br \/>(+19 for winning)\n|raw|Darkman64's rating: 1581 &rarr; <strong>1562<\/strong><br \/>(-19 for losing)\n|c|\u2606ninjadouche|gg\n|l|\u2606Darkman64\n|l| jly8\n||Ladder isn't responding, score probably updated but might not have (Request timeout).\n|l|\u2606ninjadouche\n|j|\u2606ninjadouche\n|player|p1|ninjadouche|burglar\n","uploadtime":1666660852,"views":2,"p1id":"ninjadouche","p2id":"darkman64","formatid":"gen8ou","rating":1562,"private":0,"password":null}