{"id":"gen8ou-1422130247","p1":"SoZza","p2":"Sombra Diurna","format":"gen8ou","log":"|j|\u2606SoZza\n|j|\u2606Sombra Diurna\n|t:|1632357111\n|gametype|singles\n|player|p1|SoZza|psychic-gen4|1725\n|player|p2|Sombra Diurna|blue|1796\n|teamsize|p1|6\n|teamsize|p2|6\n|gen|8\n|tier|[Gen 8] OU\n|rated|\n|rule|Sleep Clause Mod: Limit one foe put to sleep\n|rule|Species Clause: Limit one of each Pok\u00e9mon\n|rule|OHKO Clause: OHKO moves are banned\n|rule|Evasion Moves Clause: Evasion moves are banned\n|rule|Endless Battle Clause: Forcing endless battles is banned\n|rule|HP Percentage Mod: HP is shown in percentages\n|rule|Dynamax Clause: You cannot dynamax\n|clearpoke\n|poke|p1|Gengar, F|\n|poke|p1|Dragapult, M|\n|poke|p1|Toxapex, F|\n|poke|p1|Corviknight, F|\n|poke|p1|Hydreigon, M|\n|poke|p1|Slowking-Galar, M|\n|poke|p2|Slowbro, M|\n|poke|p2|Garchomp, M|\n|poke|p2|Hatterene, F|\n|poke|p2|Ferrothorn, M|\n|poke|p2|Drampa, M|\n|poke|p2|Marowak-Alola, F|\n|teampreview\n|j| KangkongNation\n|j| Ismail-Mimox\n|\n|t:|1632357123\n|start\n|switch|p1a: Gengar|Gengar, F|100\/100\n|switch|p2a: Sharko|Garchomp, M|100\/100\n|turn|1\n|\n|t:|1632357134\n|switch|p1a: Corviknight|Corviknight, F|100\/100\n|-ability|p1a: Corviknight|Pressure\n|move|p2a: Sharko|Scale Shot|p1a: Corviknight\n|-resisted|p1a: Corviknight\n|-damage|p1a: Corviknight|96\/100\n|-resisted|p1a: Corviknight\n|-damage|p1a: Corviknight|92\/100\n|-hitcount|p1a: Corviknight|2\n|-unboost|p2a: Sharko|def|1\n|-boost|p2a: Sharko|spe|1\n|\n|upkeep\n|turn|2\n|inactive|Battle timer is ON: inactive players will automatically lose when time's up. (requested by SoZza)\n|\n|t:|1632357145\n|move|p2a: Sharko|Swords Dance|p2a: Sharko\n|-boost|p2a: Sharko|atk|2\n|move|p1a: Corviknight|Iron Head|p2a: Sharko\n|-damage|p2a: Sharko|62\/100\n|-damage|p1a: Corviknight|79\/100|[from] ability: Rough Skin|[of] p2a: Sharko\n|\n|-heal|p2a: Sharko|68\/100|[from] item: Leftovers\n|upkeep\n|turn|3\n|\n|t:|1632357155\n|move|p2a: Sharko|Swords Dance|p2a: Sharko\n|-boost|p2a: Sharko|atk|2\n|move|p1a: Corviknight|U-turn|p2a: Sharko\n|-damage|p2a: Sharko|45\/100\n|-damage|p1a: Corviknight|67\/100|[from] ability: Rough Skin|[of] p2a: Sharko\n|\n|t:|1632357161\n|switch|p1a: Gengar|Gengar, F|100\/100|[from]move: U-turn\n|\n|-heal|p2a: Sharko|51\/100|[from] item: Leftovers\n|upkeep\n|turn|4\n|\n|t:|1632357174\n|move|p1a: Gengar|Shadow Ball|p2a: Sharko\n|-damage|p2a: Sharko|8\/100\n|move|p2a: Sharko|Scale Shot|p1a: Gengar\n|-crit|p1a: Gengar\n|-damage|p1a: Gengar|0 fnt\n|faint|p1a: Gengar\n|-hitcount|p1: Gengar|1\n|-unboost|p2a: Sharko|def|1\n|-boost|p2a: Sharko|spe|1\n|\n|-heal|p2a: Sharko|14\/100|[from] item: Leftovers\n|upkeep\n|\n|t:|1632357185\n|switch|p1a: Corviknight|Corviknight, F|67\/100\n|-ability|p1a: Corviknight|Pressure\n|turn|5\n|\n|t:|1632357190\n|move|p2a: Sharko|Stone Edge|p1a: Corviknight\n|-crit|p1a: Corviknight\n|-damage|p1a: Corviknight|0 fnt\n|faint|p1a: Corviknight\n|\n|-heal|p2a: Sharko|20\/100|[from] item: Leftovers\n|upkeep\n|-message|SoZza forfeited.\n|\n|win|Sombra Diurna\n|raw|SoZza's rating: 1725 &rarr; <strong>1709<\/strong><br \/>(-16 for losing)\n|raw|Sombra Diurna's rating: 1796 &rarr; <strong>1812<\/strong><br \/>(+16 for winning)\n|l|\u2606SoZza\n|l| Ismail-Mimox\n|l| KangkongNation\n||Ladder isn't responding, score probably updated but might not have (Request timeout).\n","uploadtime":1632357201,"views":25,"p1id":"sozza","p2id":"sombradiurna","formatid":"gen8ou","rating":1709,"private":0,"password":null}