{"id":"gen8ou-1651201645","p1":"minimax_ai","p2":"bizarman","format":"gen8ou","log":"|j|\u2606minimax_ai\n|j|\u2606bizarman\n|t:|1661795428\n|gametype|singles\n|player|p1|minimax_ai|lusamine-nihilego|1531\n|player|p2|bizarman|scientist-gen4|1595\n|teamsize|p1|6\n|teamsize|p2|6\n|gen|8\n|tier|[Gen 8] OU\n|rated|\n|rule|Sleep Clause Mod: Limit one foe put to sleep\n|rule|Species Clause: Limit one of each Pok\u00e9mon\n|rule|OHKO Clause: OHKO moves are banned\n|rule|Evasion Items Clause: Evasion items are banned\n|rule|Evasion Moves Clause: Evasion moves are banned\n|rule|Endless Battle Clause: Forcing endless battles is banned\n|rule|HP Percentage Mod: HP is shown in percentages\n|rule|Dynamax Clause: You cannot dynamax\n|clearpoke\n|poke|p1|Rotom-Wash|\n|poke|p1|Weavile, M|\n|poke|p1|Landorus-Therian, M|\n|poke|p1|Heatran, M|\n|poke|p1|Tangrowth, M|\n|poke|p1|Melmetal|\n|poke|p2|Volcanion|\n|poke|p2|Tapu Koko|\n|poke|p2|Ferrothorn, M|\n|poke|p2|Landorus-Therian, M|\n|poke|p2|Tornadus-Therian, M|\n|poke|p2|Garchomp, F|\n|teampreview\n|c|\u2606minimax_ai|hf\n|inactive|Battle timer is ON: inactive players will automatically lose when time's up. (requested by minimax_ai)\n|\n|t:|1661795437\n|start\n|switch|p1a: landorustherian|Landorus-Therian, M|100\/100\n|switch|p2a: Landorus|Landorus-Therian, M|100\/100\n|-ability|p1a: landorustherian|Intimidate|boost\n|-unboost|p2a: Landorus|atk|1\n|-ability|p2a: Landorus|Intimidate|boost\n|-unboost|p1a: landorustherian|atk|1\n|turn|1\n|\n|t:|1661795445\n|move|p1a: landorustherian|Toxic|p2a: Landorus\n|-status|p2a: Landorus|tox\n|move|p2a: Landorus|Toxic|p1a: landorustherian\n|-status|p1a: landorustherian|tox\n|\n|-damage|p1a: landorustherian|94\/100 tox|[from] psn\n|-damage|p2a: Landorus|94\/100 tox|[from] psn\n|upkeep\n|turn|2\n|\n|t:|1661795452\n|switch|p1a: rotomwash|Rotom-Wash|100\/100\n|move|p2a: Landorus|Stealth Rock|p1a: rotomwash\n|-sidestart|p1: minimax_ai|move: Stealth Rock\n|\n|-heal|p2a: Landorus|100\/100 tox|[from] item: Leftovers\n|-damage|p2a: Landorus|88\/100 tox|[from] psn\n|upkeep\n|turn|3\n|\n|t:|1661795459\n|switch|p2a: Ferrothorn|Ferrothorn, M|100\/100\n|move|p1a: rotomwash|Nasty Plot|p1a: rotomwash\n|-boost|p1a: rotomwash|spa|2\n|\n|upkeep\n|turn|4\n|\n|t:|1661795465\n|switch|p1a: Tangrowth|Tangrowth, M|100\/100\n|-damage|p1a: Tangrowth|88\/100|[from] Stealth Rock\n|move|p2a: Ferrothorn|Leech Seed|p1a: Tangrowth\n|-immune|p1a: Tangrowth\n|\n|upkeep\n|turn|5\n|\n|t:|1661795474\n|move|p1a: Tangrowth|Focus Blast|p2a: Ferrothorn\n|-supereffective|p2a: Ferrothorn\n|-damage|p2a: Ferrothorn|53\/100\n|move|p2a: Ferrothorn|Thunder Wave|p1a: Tangrowth|[miss]\n|-miss|p2a: Ferrothorn|p1a: Tangrowth\n|\n|-heal|p2a: Ferrothorn|60\/100|[from] item: Leftovers\n|upkeep\n|turn|6\n|\n|t:|1661795483\n|move|p1a: Tangrowth|Focus Blast|p2a: Ferrothorn\n|-supereffective|p2a: Ferrothorn\n|-damage|p2a: Ferrothorn|17\/100\n|move|p2a: Ferrothorn|Spikes|p1a: Tangrowth\n|-sidestart|p1: minimax_ai|Spikes\n|\n|-heal|p2a: Ferrothorn|23\/100|[from] item: Leftovers\n|upkeep\n|turn|7\n|\n|t:|1661795490\n|switch|p2a: Tornadus|Tornadus-Therian, M|100\/100\n|move|p1a: Tangrowth|Focus Blast|p2a: Tornadus\n|-resisted|p2a: Tornadus\n|-damage|p2a: Tornadus|84\/100\n|\n|upkeep\n|turn|8\n|\n|t:|1661795496\n|switch|p1a: rotomwash|Rotom-Wash|100\/100\n|-damage|p1a: rotomwash|88\/100|[from] Stealth Rock\n|move|p2a: Tornadus|Knock Off|p1a: rotomwash\n|-damage|p1a: rotomwash|67\/100\n|-enditem|p1a: rotomwash|Leftovers|[from] move: Knock Off|[of] p2a: Tornadus\n|\n|upkeep\n|turn|9\n|\n|t:|1661795503\n|move|p2a: Tornadus|U-turn|p1a: rotomwash\n|-damage|p1a: rotomwash|52\/100\n|\n|t:|1661795509\n|switch|p2a: Ferrothorn|Ferrothorn, M|23\/100|[from]move: U-turn\n|move|p1a: rotomwash|Hydro Pump|p2a: Ferrothorn\n|-resisted|p2a: Ferrothorn\n|-damage|p2a: Ferrothorn|8\/100\n|\n|-heal|p2a: Ferrothorn|14\/100|[from] item: Leftovers\n|upkeep\n|turn|10\n|\n|t:|1661795518\n|move|p1a: rotomwash|Hydro Pump|p2a: Ferrothorn\n|-resisted|p2a: Ferrothorn\n|-damage|p2a: Ferrothorn|0 fnt\n|faint|p2a: Ferrothorn\n|\n|upkeep\n|\n|t:|1661795523\n|switch|p2a: Tapu Koko|Tapu Koko|100\/100\n|-fieldstart|move: Electric Terrain|[from] ability: Electric Surge|[of] p2a: Tapu Koko\n|turn|11\n|\n|t:|1661795527\n|switch|p1a: Heatran|Heatran, M|100\/100\n|-damage|p1a: Heatran|88\/100|[from] Stealth Rock\n|-item|p1a: Heatran|Air Balloon\n|move|p2a: Tapu Koko|Dazzling Gleam|p1a: Heatran\n|-resisted|p1a: Heatran\n|-damage|p1a: Heatran|80\/100\n|-enditem|p1a: Heatran|Air Balloon\n|\n|upkeep\n|turn|12\n|\n|t:|1661795536\n|switch|p2a: Garchomp|Garchomp, F|100\/100\n|move|p1a: Heatran|Magma Storm|p2a: Garchomp\n|-resisted|p2a: Garchomp\n|-damage|p2a: Garchomp|72\/100\n|-activate|p2a: Garchomp|move: Magma Storm|[of] p1a: Heatran\n|\n|-heal|p2a: Garchomp|78\/100|[from] item: Leftovers\n|-damage|p2a: Garchomp|66\/100|[from] move: Magma Storm|[partiallytrapped]\n|upkeep\n|turn|13\n|\n|t:|1661795546\n|switch|p1a: landorustherian|Landorus-Therian, M|94\/100 tox\n|-damage|p1a: landorustherian|82\/100 tox|[from] Stealth Rock\n|-ability|p1a: landorustherian|Intimidate|boost\n|-unboost|p2a: Garchomp|atk|1\n|move|p2a: Garchomp|Earthquake|p1a: landorustherian\n|-immune|p1a: landorustherian\n|\n|-heal|p2a: Garchomp|72\/100|[from] item: Leftovers\n|-heal|p1a: landorustherian|88\/100 tox|[from] item: Leftovers\n|-damage|p1a: landorustherian|82\/100 tox|[from] psn\n|-end|p2a: Garchomp|Magma Storm|[partiallytrapped]|[silent]\n|upkeep\n|turn|14\n|\n|t:|1661795561\n|switch|p2a: Landorus|Landorus-Therian, M|88\/100 tox\n|-ability|p2a: Landorus|Intimidate|boost\n|-unboost|p1a: landorustherian|atk|1\n|move|p1a: landorustherian|Defog|p2a: Landorus\n|-unboost|p2a: Landorus|evasion|1\n|-sideend|p1: minimax_ai|Spikes|[from] move: Defog|[of] p1a: landorustherian\n|-sideend|p1: minimax_ai|Stealth Rock|[from] move: Defog|[of] p1a: landorustherian\n|-fieldend|move: Electric Terrain\n|\n|-heal|p1a: landorustherian|88\/100 tox|[from] item: Leftovers\n|-heal|p2a: Landorus|94\/100 tox|[from] item: Leftovers\n|-damage|p1a: landorustherian|76\/100 tox|[from] psn\n|-damage|p2a: Landorus|88\/100 tox|[from] psn\n|upkeep\n|turn|15\n|\n|t:|1661795572\n|switch|p1a: rotomwash|Rotom-Wash|52\/100\n|move|p2a: Landorus|Stealth Rock|p1a: rotomwash\n|-sidestart|p1: minimax_ai|move: Stealth Rock\n|\n|-heal|p2a: Landorus|94\/100 tox|[from] item: Leftovers\n|-damage|p2a: Landorus|82\/100 tox|[from] psn\n|upkeep\n|turn|16\n|\n|t:|1661795581\n|switch|p2a: Volcanion|Volcanion|100\/100\n|move|p1a: rotomwash|Pain Split|p2a: Volcanion\n|-sethp|p2a: Volcanion|77\/100|[from] move: Pain Split|[silent]\n|-sethp|p1a: rotomwash|76\/100|[from] move: Pain Split\n|\n|upkeep\n|turn|17\n|\n|t:|1661795591\n|switch|p2a: Tapu Koko|Tapu Koko|100\/100\n|-fieldstart|move: Electric Terrain|[from] ability: Electric Surge|[of] p2a: Tapu Koko\n|move|p1a: rotomwash|Thunderbolt|p2a: Tapu Koko\n|-resisted|p2a: Tapu Koko\n|-damage|p2a: Tapu Koko|74\/100\n|\n|upkeep\n|turn|18\n|\n|t:|1661795599\n|switch|p1a: Melmetal|Melmetal|100\/100\n|-damage|p1a: Melmetal|94\/100|[from] Stealth Rock\n|move|p2a: Tapu Koko|Thunderbolt|p1a: Melmetal\n|-damage|p1a: Melmetal|68\/100\n|\n|upkeep\n|turn|19\n|\n|t:|1661795605\n|move|p2a: Tapu Koko|U-turn|p1a: Melmetal\n|-resisted|p1a: Melmetal\n|-damage|p1a: Melmetal|64\/100\n|\n|t:|1661795608\n|switch|p2a: Landorus|Landorus-Therian, M|82\/100 tox|[from]move: U-turn\n|-ability|p2a: Landorus|Intimidate|boost\n|-unboost|p1a: Melmetal|atk|1\n|move|p1a: Melmetal|Thunder Punch|p2a: Landorus\n|-immune|p2a: Landorus\n|\n|-heal|p2a: Landorus|88\/100 tox|[from] item: Leftovers\n|-damage|p2a: Landorus|82\/100 tox|[from] psn\n|upkeep\n|turn|20\n|\n|t:|1661795619\n|switch|p1a: rotomwash|Rotom-Wash|76\/100\n|-damage|p1a: rotomwash|63\/100|[from] Stealth Rock\n|move|p2a: Landorus|U-turn|p1a: rotomwash\n|-damage|p1a: rotomwash|41\/100\n|\n|t:|1661795625\n|switch|p2a: Tapu Koko|Tapu Koko|74\/100|[from]move: U-turn\n|\n|upkeep\n|turn|21\n|\n|t:|1661795629\n|switch|p1a: Heatran|Heatran, M|80\/100\n|-damage|p1a: Heatran|67\/100|[from] Stealth Rock\n|move|p2a: Tapu Koko|Thunderbolt|p1a: Heatran\n|-damage|p1a: Heatran|18\/100\n|\n|-fieldend|move: Electric Terrain\n|upkeep\n|turn|22\n|\n|t:|1661795635\n|move|p2a: Tapu Koko|Thunderbolt|p1a: Heatran\n|-damage|p1a: Heatran|0 fnt\n|faint|p1a: Heatran\n|\n|upkeep\n|\n|t:|1661795635\n|switch|p1a: landorustherian|Landorus-Therian, M|76\/100 tox\n|-damage|p1a: landorustherian|64\/100 tox|[from] Stealth Rock\n|-ability|p1a: landorustherian|Intimidate|boost\n|-unboost|p2a: Tapu Koko|atk|1\n|turn|23\n|\n|t:|1661795644\n|move|p2a: Tapu Koko|U-turn|p1a: landorustherian\n|-resisted|p1a: landorustherian\n|-damage|p1a: landorustherian|58\/100 tox\n|\n|t:|1661795648\n|switch|p2a: Landorus|Landorus-Therian, M|82\/100 tox|[from]move: U-turn\n|-ability|p2a: Landorus|Intimidate|boost\n|-unboost|p1a: landorustherian|atk|1\n|move|p1a: landorustherian|Earthquake|p2a: Landorus\n|-immune|p2a: Landorus\n|\n|-heal|p1a: landorustherian|64\/100 tox|[from] item: Leftovers\n|-heal|p2a: Landorus|88\/100 tox|[from] item: Leftovers\n|-damage|p1a: landorustherian|58\/100 tox|[from] psn\n|-damage|p2a: Landorus|82\/100 tox|[from] psn\n|upkeep\n|turn|24\n|\n|t:|1661795658\n|move|p1a: landorustherian|Earthquake|p2a: Landorus\n|-immune|p2a: Landorus\n|move|p2a: Landorus|U-turn|p1a: landorustherian\n|-resisted|p1a: landorustherian\n|-damage|p1a: landorustherian|47\/100 tox\n|\n|t:|1661795666\n|switch|p2a: Tornadus|Tornadus-Therian, M|100\/100|[from]move: U-turn\n|\n|-heal|p1a: landorustherian|54\/100 tox|[from] item: Leftovers\n|-damage|p1a: landorustherian|41\/100 tox|[from] psn\n|upkeep\n|turn|25\n|\n|t:|1661795672\n|move|p2a: Tornadus|Hurricane|p1a: landorustherian\n|-damage|p1a: landorustherian|13\/100 tox\n|move|p1a: landorustherian|Defog|p2a: Tornadus\n|-unboost|p2a: Tornadus|evasion|1\n|-sideend|p1: minimax_ai|Stealth Rock|[from] move: Defog|[of] p1a: landorustherian\n|\n|-heal|p1a: landorustherian|19\/100 tox|[from] item: Leftovers\n|-damage|p1a: landorustherian|1\/100 tox|[from] psn\n|upkeep\n|turn|26\n|\n|t:|1661795680\n|move|p2a: Tornadus|Knock Off|p1a: landorustherian\n|-damage|p1a: landorustherian|0 fnt\n|-enditem|p1a: landorustherian|Leftovers|[from] move: Knock Off|[of] p2a: Tornadus\n|faint|p1a: landorustherian\n|\n|upkeep\n|\n|t:|1661795680\n|switch|p1a: rotomwash|Rotom-Wash|41\/100\n|turn|27\n|\n|t:|1661795688\n|move|p2a: Tornadus|U-turn|p1a: rotomwash\n|-damage|p1a: rotomwash|25\/100\n|\n|t:|1661795693\n|switch|p2a: Tapu Koko|Tapu Koko|74\/100|[from]move: U-turn\n|-fieldstart|move: Electric Terrain|[from] ability: Electric Surge|[of] p2a: Tapu Koko\n|move|p1a: rotomwash|Pain Split|p2a: Tapu Koko\n|-sethp|p2a: Tapu Koko|51\/100|[from] move: Pain Split|[silent]\n|-sethp|p1a: rotomwash|47\/100|[from] move: Pain Split\n|\n|upkeep\n|turn|28\n|\n|t:|1661795701\n|move|p2a: Tapu Koko|Thunderbolt|p1a: rotomwash\n|-damage|p1a: rotomwash|0 fnt\n|faint|p1a: rotomwash\n|\n|upkeep\n|\n|t:|1661795701\n|switch|p1a: Tangrowth|Tangrowth, M|100\/100\n|turn|29\n|\n|t:|1661795711\n|switch|p2a: Landorus|Landorus-Therian, M|82\/100 tox\n|-ability|p2a: Landorus|Intimidate|boost\n|-unboost|p1a: Tangrowth|atk|1\n|move|p1a: Tangrowth|Knock Off|p2a: Landorus\n|-damage|p2a: Landorus|68\/100 tox\n|-enditem|p2a: Landorus|Leftovers|[from] move: Knock Off|[of] p1a: Tangrowth\n|\n|-damage|p2a: Landorus|61\/100 tox|[from] psn\n|upkeep\n|turn|30\n|\n|t:|1661795720\n|move|p2a: Landorus|Stealth Rock|p1a: Tangrowth\n|-sidestart|p1: minimax_ai|move: Stealth Rock\n|move|p1a: Tangrowth|Knock Off|p2a: Landorus\n|-damage|p2a: Landorus|52\/100 tox\n|\n|-damage|p2a: Landorus|40\/100 tox|[from] psn\n|upkeep\n|turn|31\n|\n|t:|1661795726\n|move|p2a: Landorus|Toxic|p1a: Tangrowth\n|-status|p1a: Tangrowth|tox\n|move|p1a: Tangrowth|Giga Drain|p2a: Landorus\n|-damage|p2a: Landorus|18\/100 tox\n|\n|-damage|p2a: Landorus|0 fnt|[from] psn\n|faint|p2a: Landorus\n|-damage|p1a: Tangrowth|94\/100 tox|[from] psn\n|-fieldend|move: Electric Terrain\n|upkeep\n|\n|t:|1661795734\n|switch|p2a: Volcanion|Volcanion|77\/100\n|turn|32\n|\n|t:|1661795738\n|move|p2a: Volcanion|Flamethrower|p1a: Tangrowth\n|-supereffective|p1a: Tangrowth\n|-damage|p1a: Tangrowth|0 fnt\n|faint|p1a: Tangrowth\n|\n|upkeep\n|\n|t:|1661795739\n|switch|p1a: Weavile|Weavile, M|100\/100\n|-damage|p1a: Weavile|76\/100|[from] Stealth Rock\n|-ability|p1a: Weavile|Pressure\n|turn|33\n|\n|t:|1661795747\n|move|p1a: Weavile|Knock Off|p2a: Volcanion\n|-damage|p2a: Volcanion|10\/100\n|-enditem|p2a: Volcanion|Choice Specs|[from] move: Knock Off|[of] p1a: Weavile\n|move|p2a: Volcanion|Flamethrower|p1a: Weavile\n|-supereffective|p1a: Weavile\n|-damage|p1a: Weavile|0 fnt\n|faint|p1a: Weavile\n|\n|upkeep\n|\n|t:|1661795747\n|switch|p1a: Melmetal|Melmetal|64\/100\n|-damage|p1a: Melmetal|57\/100|[from] Stealth Rock\n|turn|34\n|\n|t:|1661795756\n|move|p2a: Volcanion|Flamethrower|p1a: Melmetal\n|-supereffective|p1a: Melmetal\n|-damage|p1a: Melmetal|0 fnt\n|faint|p1a: Melmetal\n|\n|win|bizarman\n|raw|minimax_ai's rating: 1531 &rarr; <strong>1515<\/strong><br \/>(-16 for losing)\n|raw|bizarman's rating: 1595 &rarr; <strong>1611<\/strong><br \/>(+16 for winning)\n|c|\u2606minimax_ai|gg\n","uploadtime":1661795758,"views":24,"p1id":"minimaxai","p2id":"bizarman","formatid":"gen8ou","rating":1515,"private":0,"password":null}