{"id":"gen8ou-1670188049","p1":"minimax_ai","p2":"CoconutCrabs","format":"gen8ou","log":"|j|\u2606minimax_ai\n|j|\u2606CoconutCrabs\n|t:|1663802883\n|gametype|singles\n|player|p1|minimax_ai|lusamine-nihilego|1561\n|player|p2|CoconutCrabs|2|1692\n|teamsize|p1|6\n|teamsize|p2|6\n|gen|8\n|tier|[Gen 8] OU\n|rated|\n|rule|Sleep Clause Mod: Limit one foe put to sleep\n|rule|Species Clause: Limit one of each Pok\u00e9mon\n|rule|OHKO Clause: OHKO moves are banned\n|rule|Evasion Items Clause: Evasion items are banned\n|rule|Evasion Moves Clause: Evasion moves are banned\n|rule|Endless Battle Clause: Forcing endless battles is banned\n|rule|HP Percentage Mod: HP is shown in percentages\n|rule|Dynamax Clause: You cannot dynamax\n|clearpoke\n|poke|p1|Rotom-Wash|\n|poke|p1|Weavile, F|\n|poke|p1|Landorus-Therian, M|\n|poke|p1|Heatran, M|\n|poke|p1|Tangrowth, F|\n|poke|p1|Melmetal|\n|poke|p2|Heatran, M|\n|poke|p2|Excadrill, F|\n|poke|p2|Tornadus-Therian, M|\n|poke|p2|Toxapex, M|\n|poke|p2|Tangrowth, M|\n|poke|p2|Tyranitar, F|\n|teampreview\n|inactive|Battle timer is ON: inactive players will automatically lose when time's up. (requested by CoconutCrabs)\n|c|\u2606minimax_ai|hf\n|inactive|minimax_ai also wants the timer to be on.\n|inactive|CoconutCrabs has 120 seconds left.\n|\n|t:|1663802919\n|start\n|switch|p1a: Melmetal|Melmetal|100\/100\n|switch|p2a: Tornadus|Tornadus-Therian, M|100\/100\n|turn|1\n|\n|t:|1663802921\n|move|p2a: Tornadus|Focus Blast|p1a: Melmetal\n|-supereffective|p1a: Melmetal\n|-damage|p1a: Melmetal|42\/100\n|move|p1a: Melmetal|Ice Punch|p2a: Tornadus\n|-supereffective|p2a: Tornadus\n|-damage|p2a: Tornadus|2\/100\n|\n|upkeep\n|turn|2\n|\n|t:|1663802926\n|move|p2a: Tornadus|Focus Blast|p1a: Melmetal|[miss]\n|-miss|p2a: Tornadus|p1a: Melmetal\n|move|p1a: Melmetal|Ice Punch|p2a: Tornadus\n|-supereffective|p2a: Tornadus\n|-damage|p2a: Tornadus|0 fnt\n|faint|p2a: Tornadus\n|\n|upkeep\n|\n|t:|1663802931\n|switch|p2a: Excadrill|Excadrill, F|100\/100\n|turn|3\n|\n|t:|1663802933\n|switch|p2a: Heatran|Heatran, M|100\/100\n|switch|p1a: landorustherian|Landorus-Therian, M|100\/100\n|-ability|p1a: landorustherian|Intimidate|boost\n|-unboost|p2a: Heatran|atk|1\n|\n|upkeep\n|turn|4\n|\n|t:|1663802937\n|move|p2a: Heatran|Eruption|p1a: landorustherian\n|-damage|p1a: landorustherian|44\/100\n|move|p1a: landorustherian|Earthquake|p2a: Heatran\n|-supereffective|p2a: Heatran\n|-damage|p2a: Heatran|0 fnt\n|faint|p2a: Heatran\n|\n|-heal|p1a: landorustherian|50\/100|[from] item: Leftovers\n|upkeep\n|-message|CoconutCrabs forfeited.\n|\n|win|minimax_ai\n|raw|minimax_ai's rating: 1561 &rarr; <strong>1588<\/strong><br \/>(+27 for winning)\n|raw|CoconutCrabs's rating: 1692 &rarr; <strong>1665<\/strong><br \/>(-27 for losing)\n|c|\u2606minimax_ai|gg\n|l|\u2606CoconutCrabs\n","uploadtime":1663802940,"views":48,"p1id":"minimaxai","p2id":"coconutcrabs","formatid":"gen8ou","rating":1588,"private":0,"password":null}