{"id":"gen8ou-1619167305","p1":"bigtestsofbig","p2":"rigmortus","format":"gen8ou","log":"|j|\u2606bigtestsofbig\n|j|\u2606rigmortus\n|t:|1658064623\n|gametype|singles\n|player|p1|bigtestsofbig|medium|1686\n|player|p2|rigmortus|101|1825\n|teamsize|p1|6\n|teamsize|p2|6\n|gen|8\n|tier|[Gen 8] OU\n|rated|\n|rule|Sleep Clause Mod: Limit one foe put to sleep\n|rule|Species Clause: Limit one of each Pok\u00e9mon\n|rule|OHKO Clause: OHKO moves are banned\n|rule|Evasion Moves Clause: Evasion moves are banned\n|rule|Endless Battle Clause: Forcing endless battles is banned\n|rule|HP Percentage Mod: HP is shown in percentages\n|rule|Dynamax Clause: You cannot dynamax\n|clearpoke\n|poke|p1|Urshifu-*, F|\n|poke|p1|Tyranitar, F|\n|poke|p1|Excadrill, F|\n|poke|p1|Zapdos|\n|poke|p1|Ferrothorn, M|\n|poke|p1|Tapu Lele|\n|poke|p2|Slowbro, M|\n|poke|p2|Garchomp, M|\n|poke|p2|Weavile, M|\n|poke|p2|Tornadus-Therian, M|\n|poke|p2|Landorus-Therian, M|\n|poke|p2|Melmetal|\n|teampreview\n|inactive|Battle timer is ON: inactive players will automatically lose when time's up. (requested by bigtestsofbig)\n|j| simplegent\n|\n|t:|1658064648\n|start\n|switch|p1a: Zapdos|Zapdos|100\/100\n|switch|p2a: Landorus|Landorus-Therian, M|100\/100\n|-ability|p2a: Landorus|Intimidate|boost\n|-unboost|p1a: Zapdos|atk|1\n|turn|1\n|\n|t:|1658064652\n|move|p1a: Zapdos|Hurricane|p2a: Landorus\n|-damage|p2a: Landorus|68\/100\n|-start|p2a: Landorus|confusion\n|-activate|p2a: Landorus|confusion\n|move|p2a: Landorus|Toxic|p1a: Zapdos\n|-status|p1a: Zapdos|tox\n|\n|-heal|p2a: Landorus|74\/100|[from] item: Leftovers\n|-damage|p1a: Zapdos|94\/100 tox|[from] psn\n|upkeep\n|turn|2\n|j| Severre\n|\n|t:|1658064663\n|move|p1a: Zapdos|Hurricane|p2a: Landorus\n|-damage|p2a: Landorus|40\/100\n|-activate|p2a: Landorus|confusion\n|-damage|p2a: Landorus|27\/100|[from] confusion\n|\n|-heal|p2a: Landorus|33\/100|[from] item: Leftovers\n|-damage|p1a: Zapdos|82\/100 tox|[from] psn\n|upkeep\n|turn|3\n|j| tigers jaw\n|\n|t:|1658064672\n|switch|p2a: Melmetal|Melmetal|100\/100\n|move|p1a: Zapdos|Volt Switch|p2a: Melmetal\n|-damage|p2a: Melmetal|76\/100\n|\n|t:|1658064681\n|switch|p1a: Ferrothorn|Ferrothorn, M|100\/100|[from]move: Volt Switch\n|\n|-heal|p2a: Melmetal|82\/100|[from] item: Leftovers\n|upkeep\n|turn|4\n|\n|t:|1658064690\n|switch|p2a: Tornadus|Tornadus-Therian, M|100\/100\n|move|p1a: Ferrothorn|Stealth Rock|p2a: Tornadus\n|-sidestart|p2: rigmortus|move: Stealth Rock\n|\n|upkeep\n|turn|5\n|\n|t:|1658064694\n|switch|p1a: Tyranitar|Tyranitar, F|100\/100\n|-weather|Sandstorm|[from] ability: Sand Stream|[of] p1a: Tyranitar\n|move|p2a: Tornadus|Defog|p1a: Tyranitar\n|-unboost|p1a: Tyranitar|evasion|1\n|-sideend|p2: rigmortus|Stealth Rock|[from] move: Defog|[of] p2a: Tornadus\n|\n|-weather|Sandstorm|[upkeep]\n|-damage|p2a: Tornadus|94\/100|[from] Sandstorm\n|upkeep\n|turn|6\n|\n|t:|1658064711\n|move|p2a: Tornadus|U-turn|p1a: Tyranitar\n|-supereffective|p1a: Tyranitar\n|-damage|p1a: Tyranitar|75\/100\n|\n|t:|1658064720\n|switch|p2a: Slowbro|Slowbro, M|100\/100|[from]move: U-turn\n|move|p1a: Tyranitar|Fire Punch|p2a: Slowbro\n|-resisted|p2a: Slowbro\n|-damage|p2a: Slowbro|87\/100\n|\n|-weather|Sandstorm|[upkeep]\n|-damage|p2a: Slowbro|81\/100|[from] Sandstorm\n|upkeep\n|turn|7\n|\n|t:|1658064728\n|switch|p1a: Ferrothorn|Ferrothorn, M|100\/100\n|move|p2a: Slowbro|Teleport|p2a: Slowbro\n|\n|t:|1658064732\n|switch|p2a: Tornadus|Tornadus-Therian, M|100\/100|[from]move: Teleport\n|\n|-weather|Sandstorm|[upkeep]\n|-damage|p2a: Tornadus|94\/100|[from] Sandstorm\n|upkeep\n|turn|8\n|j| anaklusmos\n|\n|t:|1658064747\n|move|p2a: Tornadus|Heat Wave|p1a: Ferrothorn\n|-supereffective|p1a: Ferrothorn\n|-damage|p1a: Ferrothorn|31\/100\n|move|p1a: Ferrothorn|Stealth Rock|p2a: Tornadus\n|-sidestart|p2: rigmortus|move: Stealth Rock\n|\n|-weather|Sandstorm|[upkeep]\n|-damage|p2a: Tornadus|88\/100|[from] Sandstorm\n|-heal|p1a: Ferrothorn|37\/100|[from] item: Leftovers\n|upkeep\n|turn|9\n|\n|t:|1658064755\n|move|p2a: Tornadus|Defog|p1a: Ferrothorn\n|-unboost|p1a: Ferrothorn|evasion|1\n|-sideend|p2: rigmortus|Stealth Rock|[from] move: Defog|[of] p2a: Tornadus\n|move|p1a: Ferrothorn|Leech Seed|p2a: Tornadus\n|-start|p2a: Tornadus|move: Leech Seed\n|\n|-weather|none\n|-heal|p1a: Ferrothorn|43\/100|[from] item: Leftovers\n|-damage|p2a: Tornadus|76\/100|[from] Leech Seed|[of] p1a: Ferrothorn\n|-heal|p1a: Ferrothorn|56\/100|[silent]\n|upkeep\n|turn|10\n|\n|t:|1658064764\n|switch|p2a: Landorus|Landorus-Therian, M|33\/100\n|-ability|p2a: Landorus|Intimidate|boost\n|-unboost|p1a: Ferrothorn|atk|1\n|switch|p1a: Zapdos|Zapdos|82\/100 tox\n|\n|-heal|p2a: Landorus|39\/100|[from] item: Leftovers\n|-damage|p1a: Zapdos|76\/100 tox|[from] psn\n|upkeep\n|turn|11\n|\n|t:|1658064777\n|switch|p2a: Tornadus|Tornadus-Therian, M|100\/100\n|move|p1a: Zapdos|Hurricane|p2a: Tornadus\n|-damage|p2a: Tornadus|50\/100\n|\n|-damage|p1a: Zapdos|64\/100 tox|[from] psn\n|upkeep\n|turn|12\n|\n|t:|1658064785\n|switch|p2a: Melmetal|Melmetal|82\/100\n|move|p1a: Zapdos|Roost|p1a: Zapdos\n|-heal|p1a: Zapdos|100\/100 tox\n|-singleturn|p1a: Zapdos|move: Roost\n|\n|-heal|p2a: Melmetal|88\/100|[from] item: Leftovers\n|-damage|p1a: Zapdos|82\/100 tox|[from] psn\n|upkeep\n|turn|13\n|\n|t:|1658064793\n|move|p1a: Zapdos|Volt Switch|p2a: Melmetal\n|-damage|p2a: Melmetal|60\/100\n|j| pichu 3212\n|\n|t:|1658064799\n|switch|p1a: Urshifu|Urshifu-Rapid-Strike, F|100\/100|[from]move: Volt Switch\n|move|p2a: Melmetal|Superpower|p1a: Urshifu\n|-damage|p1a: Urshifu|50\/100\n|-unboost|p2a: Melmetal|atk|1\n|-unboost|p2a: Melmetal|def|1\n|\n|-heal|p2a: Melmetal|66\/100|[from] item: Leftovers\n|upkeep\n|turn|14\n|\n|t:|1658064807\n|switch|p2a: Tornadus|Tornadus-Therian, M|84\/100\n|move|p1a: Urshifu|U-turn|p2a: Tornadus\n|-resisted|p2a: Tornadus\n|-damage|p2a: Tornadus|72\/100\n|\n|t:|1658064812\n|switch|p1a: Tyranitar|Tyranitar, F|75\/100|[from]move: U-turn\n|-weather|Sandstorm|[from] ability: Sand Stream|[of] p1a: Tyranitar\n|\n|-weather|Sandstorm|[upkeep]\n|-damage|p2a: Tornadus|66\/100|[from] Sandstorm\n|upkeep\n|turn|15\n|\n|t:|1658064817\n|move|p2a: Tornadus|U-turn|p1a: Tyranitar\n|-supereffective|p1a: Tyranitar\n|-damage|p1a: Tyranitar|47\/100\n|\n|t:|1658064821\n|switch|p2a: Slowbro|Slowbro, M|100\/100|[from]move: U-turn\n|move|p1a: Tyranitar|Crunch|p2a: Slowbro\n|-supereffective|p2a: Slowbro\n|-enditem|p2a: Slowbro|Colbur Berry|[eat]\n|-enditem|p2a: Slowbro|Colbur Berry|[weaken]\n|-damage|p2a: Slowbro|59\/100\n|-unboost|p2a: Slowbro|def|1\n|\n|-weather|Sandstorm|[upkeep]\n|-damage|p2a: Slowbro|53\/100|[from] Sandstorm\n|upkeep\n|turn|16\n|\n|t:|1658064837\n|switch|p2a: Weavile|Weavile, M|100\/100\n|move|p1a: Tyranitar|Crunch|p2a: Weavile\n|-resisted|p2a: Weavile\n|-damage|p2a: Weavile|44\/100\n|\n|-weather|Sandstorm|[upkeep]\n|-damage|p2a: Weavile|38\/100|[from] Sandstorm\n|upkeep\n|turn|17\n|\n|t:|1658064845\n|switch|p1a: Ferrothorn|Ferrothorn, M|56\/100\n|move|p2a: Weavile|Knock Off|p1a: Ferrothorn\n|-damage|p1a: Ferrothorn|2\/100\n|-damage|p2a: Weavile|25\/100|[from] ability: Iron Barbs|[of] p1a: Ferrothorn\n|-enditem|p1a: Ferrothorn|Leftovers|[from] move: Knock Off|[of] p2a: Weavile\n|\n|-weather|Sandstorm|[upkeep]\n|-damage|p2a: Weavile|19\/100|[from] Sandstorm\n|upkeep\n|turn|18\n|\n|t:|1658064859\n|move|p2a: Weavile|Knock Off|p1a: Ferrothorn\n|-damage|p1a: Ferrothorn|0 fnt\n|-damage|p2a: Weavile|7\/100|[from] ability: Iron Barbs|[of] p1a: Ferrothorn\n|faint|p1a: Ferrothorn\n|\n|-weather|none\n|upkeep\n|\n|t:|1658064870\n|switch|p1a: Tapu Lele|Tapu Lele|100\/100\n|-fieldstart|move: Psychic Terrain|[from] ability: Psychic Surge|[of] p1a: Tapu Lele\n|turn|19\n|\n|t:|1658064875\n|switch|p2a: Tornadus|Tornadus-Therian, M|99\/100\n|move|p1a: Tapu Lele|Thunderbolt|p2a: Tornadus\n|-supereffective|p2a: Tornadus\n|-damage|p2a: Tornadus|38\/100\n|\n|upkeep\n|turn|20\n|\n|t:|1658064883\n|switch|p1a: Urshifu|Urshifu-Rapid-Strike, F|50\/100\n|switch|p2a: Landorus|Landorus-Therian, M|39\/100\n|-ability|p2a: Landorus|Intimidate|boost\n|-unboost|p1a: Urshifu|atk|1\n|\n|-heal|p2a: Landorus|45\/100|[from] item: Leftovers\n|upkeep\n|turn|21\n|\n|t:|1658064889\n|switch|p2a: Slowbro|Slowbro, M|86\/100\n|move|p1a: Urshifu|U-turn|p2a: Slowbro\n|-supereffective|p2a: Slowbro\n|-damage|p2a: Slowbro|64\/100\n|\n|t:|1658064892\n|switch|p1a: Tyranitar|Tyranitar, F|47\/100|[from]move: U-turn\n|-weather|Sandstorm|[from] ability: Sand Stream|[of] p1a: Tyranitar\n|\n|-weather|Sandstorm|[upkeep]\n|-damage|p2a: Slowbro|58\/100|[from] Sandstorm\n|upkeep\n|turn|22\n|\n|t:|1658064896\n|switch|p2a: Weavile|Weavile, M|7\/100\n|move|p1a: Tyranitar|Crunch|p2a: Weavile\n|-resisted|p2a: Weavile\n|-damage|p2a: Weavile|0 fnt\n|faint|p2a: Weavile\n|\n|-weather|Sandstorm|[upkeep]\n|upkeep\n|\n|t:|1658064907\n|switch|p2a: Melmetal|Melmetal|66\/100\n|turn|23\n|\n|t:|1658064913\n|switch|p1a: Urshifu|Urshifu-Rapid-Strike, F|50\/100\n|move|p2a: Melmetal|Double Iron Bash|p1a: Urshifu\n|-resisted|p1a: Urshifu\n|-damage|p1a: Urshifu|30\/100\n|-resisted|p1a: Urshifu\n|-damage|p1a: Urshifu|6\/100\n|-hitcount|p1a: Urshifu|2\n|\n|-weather|Sandstorm|[upkeep]\n|-damage|p1a: Urshifu|0 fnt|[from] Sandstorm\n|faint|p1a: Urshifu\n|-heal|p2a: Melmetal|73\/100|[from] item: Leftovers\n|-fieldend|move: Psychic Terrain\n|upkeep\n|\n|t:|1658064920\n|switch|p1a: Excadrill|Excadrill, F|100\/100\n|turn|24\n|\n|t:|1658064931\n|switch|p2a: Landorus|Landorus-Therian, M|45\/100\n|-ability|p2a: Landorus|Intimidate|boost\n|-unboost|p1a: Excadrill|atk|1\n|move|p1a: Excadrill|Rock Slide|p2a: Landorus\n|-damage|p2a: Landorus|18\/100\n|\n|-weather|Sandstorm|[upkeep]\n|-heal|p2a: Landorus|24\/100|[from] item: Leftovers\n|upkeep\n|turn|25\n|\n|t:|1658064940\n|switch|p1a: Zapdos|Zapdos|82\/100 tox\n|switch|p2a: Slowbro|Slowbro, M|91\/100\n|\n|-weather|none\n|-damage|p1a: Zapdos|76\/100 tox|[from] psn\n|upkeep\n|turn|26\n|\n|t:|1658064948\n|switch|p2a: Landorus|Landorus-Therian, M|24\/100\n|-ability|p2a: Landorus|Intimidate|boost\n|-unboost|p1a: Zapdos|atk|1\n|move|p1a: Zapdos|Hurricane|p2a: Landorus\n|-crit|p2a: Landorus\n|-damage|p2a: Landorus|0 fnt\n|faint|p2a: Landorus\n|\n|-damage|p1a: Zapdos|64\/100 tox|[from] psn\n|upkeep\n|\n|t:|1658064953\n|switch|p2a: Garchomp|Garchomp, M|100\/100\n|turn|27\n|\n|t:|1658064966\n|switch|p1a: Tapu Lele|Tapu Lele|100\/100\n|-fieldstart|move: Psychic Terrain|[from] ability: Psychic Surge|[of] p1a: Tapu Lele\n|move|p2a: Garchomp|Scale Shot|p1a: Tapu Lele\n|-immune|p1a: Tapu Lele\n|\n|upkeep\n|turn|28\n|l| Severre\n|\n|t:|1658064972\n|switch|p2a: Slowbro|Slowbro, M|100\/100\n|move|p1a: Tapu Lele|Moonblast|p2a: Slowbro\n|-damage|p2a: Slowbro|54\/100\n|-unboost|p2a: Slowbro|spa|1\n|\n|upkeep\n|turn|29\n|\n|t:|1658064975\n|switch|p2a: Melmetal|Melmetal|73\/100\n|move|p1a: Tapu Lele|Moonblast|p2a: Melmetal\n|-resisted|p2a: Melmetal\n|-damage|p2a: Melmetal|51\/100\n|-unboost|p2a: Melmetal|spa|1\n|\n|-heal|p2a: Melmetal|57\/100|[from] item: Leftovers\n|upkeep\n|turn|30\n|\n|t:|1658064979\n|switch|p1a: Zapdos|Zapdos|64\/100 tox\n|move|p2a: Melmetal|Double Iron Bash|p1a: Zapdos\n|-resisted|p1a: Zapdos\n|-damage|p1a: Zapdos|49\/100 tox\n|-status|p2a: Melmetal|par|[from] ability: Static|[of] p1a: Zapdos\n|-resisted|p1a: Zapdos\n|-damage|p1a: Zapdos|33\/100 tox\n|-hitcount|p1a: Zapdos|2\n|\n|-heal|p2a: Melmetal|63\/100 par|[from] item: Leftovers\n|-damage|p1a: Zapdos|27\/100 tox|[from] psn\n|upkeep\n|turn|31\n|\n|t:|1658064988\n|move|p1a: Zapdos|Roost|p1a: Zapdos\n|-heal|p1a: Zapdos|78\/100 tox\n|-singleturn|p1a: Zapdos|move: Roost\n|move|p2a: Melmetal|Double Iron Bash|p1a: Zapdos\n|-resisted|p1a: Zapdos\n|-damage|p1a: Zapdos|62\/100 tox\n|-resisted|p1a: Zapdos\n|-damage|p1a: Zapdos|46\/100 tox\n|-hitcount|p1a: Zapdos|2\n|\n|-heal|p2a: Melmetal|69\/100 par|[from] item: Leftovers\n|-damage|p1a: Zapdos|34\/100 tox|[from] psn\n|-fieldend|move: Psychic Terrain\n|upkeep\n|turn|32\n|\n|t:|1658065003\n|switch|p2a: Garchomp|Garchomp, M|100\/100\n|move|p1a: Zapdos|Roost|p1a: Zapdos\n|-heal|p1a: Zapdos|84\/100 tox\n|-singleturn|p1a: Zapdos|move: Roost\n|\n|-damage|p1a: Zapdos|66\/100 tox|[from] psn\n|upkeep\n|turn|33\n|\n|t:|1658065011\n|move|p2a: Garchomp|Earthquake|p1a: Zapdos\n|-immune|p1a: Zapdos\n|move|p1a: Zapdos|Hurricane|p2a: Garchomp\n|-damage|p2a: Garchomp|49\/100\n|-start|p2a: Garchomp|confusion\n|\n|-heal|p2a: Garchomp|55\/100|[from] item: Leftovers\n|-damage|p1a: Zapdos|42\/100 tox|[from] psn\n|upkeep\n|turn|34\n|\n|t:|1658065018\n|switch|p1a: Tapu Lele|Tapu Lele|100\/100\n|-fieldstart|move: Psychic Terrain|[from] ability: Psychic Surge|[of] p1a: Tapu Lele\n|-activate|p2a: Garchomp|confusion\n|move|p2a: Garchomp|Earthquake|p1a: Tapu Lele\n|-damage|p1a: Tapu Lele|13\/100\n|\n|-heal|p2a: Garchomp|61\/100|[from] item: Leftovers\n|upkeep\n|turn|35\n|\n|t:|1658065029\n|switch|p2a: Melmetal|Melmetal|69\/100 par\n|move|p1a: Tapu Lele|Focus Blast|p2a: Melmetal\n|-supereffective|p2a: Melmetal\n|-crit|p2a: Melmetal\n|-damage|p2a: Melmetal|0 fnt\n|faint|p2a: Melmetal\n|\n|upkeep\n|\n|t:|1658065033\n|switch|p2a: Garchomp|Garchomp, M|61\/100\n|turn|36\n|\n|t:|1658065049\n|switch|p1a: Tyranitar|Tyranitar, F|47\/100\n|-weather|Sandstorm|[from] ability: Sand Stream|[of] p1a: Tyranitar\n|move|p2a: Garchomp|Earthquake|p1a: Tyranitar\n|-supereffective|p1a: Tyranitar\n|-damage|p1a: Tyranitar|0 fnt\n|faint|p1a: Tyranitar\n|\n|-weather|Sandstorm|[upkeep]\n|-heal|p2a: Garchomp|67\/100|[from] item: Leftovers\n|upkeep\n|\n|t:|1658065052\n|switch|p1a: Tapu Lele|Tapu Lele|13\/100\n|turn|37\n|\n|t:|1658065069\n|switch|p2a: Slowbro|Slowbro, M|87\/100\n|move|p1a: Tapu Lele|Moonblast|p2a: Slowbro\n|-damage|p2a: Slowbro|43\/100\n|\n|-weather|Sandstorm|[upkeep]\n|-damage|p1a: Tapu Lele|7\/100|[from] Sandstorm\n|-damage|p2a: Slowbro|37\/100|[from] Sandstorm\n|upkeep\n|turn|38\n|\n|t:|1658065074\n|move|p1a: Tapu Lele|Moonblast|p2a: Slowbro\n|-damage|p2a: Slowbro|0 fnt\n|faint|p2a: Slowbro\n|\n|-weather|Sandstorm|[upkeep]\n|-damage|p1a: Tapu Lele|1\/100|[from] Sandstorm\n|-fieldend|move: Psychic Terrain\n|upkeep\n|inactive|rigmortus has 120 seconds left.\n|\n|t:|1658065107\n|switch|p2a: Garchomp|Garchomp, M|67\/100\n|turn|39\n|\n|t:|1658065116\n|switch|p1a: Excadrill|Excadrill, F|100\/100\n|switch|p2a: Tornadus|Tornadus-Therian, M|71\/100\n|\n|-weather|Sandstorm|[upkeep]\n|-damage|p2a: Tornadus|65\/100|[from] Sandstorm\n|upkeep\n|turn|40\n|inactive|rigmortus has 120 seconds left.\n|l| tigers jaw\n|inactive|bigtestsofbig has 120 seconds left.\n|\n|t:|1658065150\n|move|p1a: Excadrill|Iron Head|p2a: Tornadus\n|-damage|p2a: Tornadus|0 fnt\n|faint|p2a: Tornadus\n|\n|-weather|none\n|upkeep\n|\n|t:|1658065153\n|switch|p2a: Garchomp|Garchomp, M|67\/100\n|turn|41\n|c|\u2606bigtestsofbig|gg\n|\n|t:|1658065159\n|move|p2a: Garchomp|Scale Shot|p1a: Excadrill\n|-resisted|p1a: Excadrill\n|-damage|p1a: Excadrill|91\/100\n|-resisted|p1a: Excadrill\n|-damage|p1a: Excadrill|81\/100\n|-resisted|p1a: Excadrill\n|-damage|p1a: Excadrill|71\/100\n|-hitcount|p1a: Excadrill|3\n|-unboost|p2a: Garchomp|def|1\n|-boost|p2a: Garchomp|spe|1\n|move|p1a: Excadrill|Iron Head|p2a: Garchomp\n|-damage|p2a: Garchomp|0 fnt\n|-damage|p1a: Excadrill|58\/100|[from] ability: Rough Skin|[of] p2a: Garchomp\n|faint|p2a: Garchomp\n|\n|win|bigtestsofbig\n|raw|bigtestsofbig's rating: 1686 &rarr; <strong>1714<\/strong><br \/>(+28 for winning)\n|raw|rigmortus's rating: 1825 &rarr; <strong>1797<\/strong><br \/>(-28 for losing)\n|l|\u2606rigmortus\n|l| pichu 3212\n|l| simplegent\n||Ladder isn't responding, score probably updated but might not have (Request timeout).\n|l|\u2606bigtestsofbig\n|j|\u2606bigtestsofbig\n|player|p1|bigtestsofbig|medium\n","uploadtime":1658065785,"views":81,"p1id":"bigtestsofbig","p2id":"rigmortus","formatid":"gen8ou","rating":1714,"private":0,"password":null}