{"id":"gen8ou-1674355191","p1":"SkipTheDripBayless","p2":"August is Falling","format":"gen8ou","log":"|j|\u2606SkipTheDripBayless\n|j|\u2606August is Falling\n|t:|1664559088\n|gametype|singles\n|player|p1|SkipTheDripBayless|#roaladder|1879\n|player|p2|August is Falling|dawn-gen4pt|1792\n|teamsize|p1|6\n|teamsize|p2|6\n|gen|8\n|tier|[Gen 8] OU\n|rated|\n|rule|Sleep Clause Mod: Limit one foe put to sleep\n|rule|Species Clause: Limit one of each Pok\u00e9mon\n|rule|OHKO Clause: OHKO moves are banned\n|rule|Evasion Items Clause: Evasion items are banned\n|rule|Evasion Moves Clause: Evasion moves are banned\n|rule|Endless Battle Clause: Forcing endless battles is banned\n|rule|HP Percentage Mod: HP is shown in percentages\n|rule|Dynamax Clause: You cannot dynamax\n|clearpoke\n|poke|p1|Victini|\n|poke|p1|Dragonite, F|\n|poke|p1|Tapu Koko|\n|poke|p1|Gastrodon, M|\n|poke|p1|Kartana|\n|poke|p1|Ferrothorn, F|\n|poke|p2|Scizor, M|\n|poke|p2|Rotom-Wash|\n|poke|p2|Swampert, F|\n|poke|p2|Dragapult, M|\n|poke|p2|Hydreigon, M|\n|poke|p2|Clefable, M|\n|teampreview\n|inactive|Battle timer is ON: inactive players will automatically lose when time's up. (requested by SkipTheDripBayless)\n|\n|t:|1664559114\n|start\n|switch|p1a: Tapu Koko|Tapu Koko|100\/100\n|switch|p2a: Clefable|Clefable, M, shiny|100\/100\n|-fieldstart|move: Electric Terrain|[from] ability: Electric Surge|[of] p1a: Tapu Koko\n|turn|1\n|\n|t:|1664559118\n|move|p2a: Clefable|Protect|p2a: Clefable\n|-singleturn|p2a: Clefable|Protect\n|move|p1a: Tapu Koko|Volt Switch|p2a: Clefable\n|-activate|p2a: Clefable|move: Protect\n|\n|upkeep\n|turn|2\n|\n|t:|1664559124\n|switch|p2a: Swampert|Swampert, F, shiny|100\/100\n|move|p1a: Tapu Koko|Nature's Madness|p2a: Swampert\n|-damage|p2a: Swampert|50\/100\n|\n|-heal|p2a: Swampert|57\/100|[from] item: Leftovers\n|upkeep\n|turn|3\n|\n|t:|1664559129\n|move|p1a: Tapu Koko|Dazzling Gleam|p2a: Swampert\n|-damage|p2a: Swampert|27\/100\n|move|p2a: Swampert|Stealth Rock|p1a: Tapu Koko\n|-sidestart|p1: SkipTheDripBayless|move: Stealth Rock\n|\n|-heal|p2a: Swampert|33\/100|[from] item: Leftovers\n|upkeep\n|turn|4\n|\n|t:|1664559133\n|switch|p1a: Ferrothorn|Ferrothorn, F|100\/100\n|-damage|p1a: Ferrothorn|94\/100|[from] Stealth Rock\n|switch|p2a: Clefable|Clefable, M, shiny|100\/100\n|\n|upkeep\n|turn|5\n|\n|t:|1664559138\n|move|p2a: Clefable|Wish|p2a: Clefable\n|move|p1a: Ferrothorn|Stealth Rock|p2a: Clefable\n|-sidestart|p2: August is Falling|move: Stealth Rock\n|\n|-fieldend|move: Electric Terrain\n|upkeep\n|turn|6\n|\n|t:|1664559140\n|move|p1a: Ferrothorn|Spikes|p2a: Clefable\n|-sidestart|p2: August is Falling|Spikes\n|move|p2a: Clefable|Teleport|p2a: Clefable\n|\n|t:|1664559144\n|switch|p2a: Swampert|Swampert, F, shiny|33\/100|[from]move: Teleport\n|-damage|p2a: Swampert|27\/100|[from] Stealth Rock\n|-damage|p2a: Swampert|15\/100|[from] Spikes\n|\n|-heal|p2a: Swampert|63\/100|[from] move: Wish|[wisher] Clefable\n|-heal|p2a: Swampert|70\/100|[from] item: Leftovers\n|upkeep\n|turn|7\n|\n|t:|1664559149\n|switch|p2a: Rotom|Rotom-Wash, shiny|100\/100\n|-damage|p2a: Rotom|88\/100|[from] Stealth Rock\n|move|p1a: Ferrothorn|Leech Seed|p2a: Rotom\n|-start|p2a: Rotom|move: Leech Seed\n|\n|-heal|p2a: Rotom|94\/100|[from] item: Leftovers\n|-damage|p2a: Rotom|82\/100|[from] Leech Seed|[of] p1a: Ferrothorn\n|-heal|p1a: Ferrothorn|100\/100|[silent]\n|upkeep\n|turn|8\n|\n|t:|1664559155\n|move|p2a: Rotom|Will-O-Wisp|p1a: Ferrothorn\n|-status|p1a: Ferrothorn|brn\n|move|p1a: Ferrothorn|Stealth Rock||[still]\n|-fail|p1a: Ferrothorn\n|\n|-heal|p2a: Rotom|88\/100|[from] item: Leftovers\n|-damage|p2a: Rotom|75\/100|[from] Leech Seed|[of] p1a: Ferrothorn\n|-damage|p1a: Ferrothorn|94\/100 brn|[from] brn\n|upkeep\n|turn|9\n|\n|t:|1664559164\n|move|p2a: Rotom|Volt Switch|p1a: Ferrothorn\n|-resisted|p1a: Ferrothorn\n|-damage|p1a: Ferrothorn|83\/100 brn\n|\n|t:|1664559166\n|switch|p2a: Clefable|Clefable, M, shiny|100\/100|[from]move: Volt Switch\n|move|p1a: Ferrothorn|Stealth Rock||[still]\n|-fail|p1a: Ferrothorn\n|\n|-damage|p1a: Ferrothorn|76\/100 brn|[from] brn\n|upkeep\n|turn|10\n|\n|t:|1664559170\n|switch|p1a: Victini|Victini|100\/100\n|move|p2a: Clefable|Moonblast|p1a: Victini\n|-resisted|p1a: Victini\n|-damage|p1a: Victini|84\/100\n|-unboost|p1a: Victini|spa|1\n|\n|upkeep\n|turn|11\n|\n|t:|1664559175\n|move|p2a: Clefable|Protect|p2a: Clefable\n|-singleturn|p2a: Clefable|Protect\n|move|p1a: Victini|Encore|p2a: Clefable\n|-activate|p2a: Clefable|move: Protect\n|\n|upkeep\n|turn|12\n|\n|t:|1664559180\n|switch|p2a: Dragapult|Dragapult, M, shiny|100\/100\n|move|p1a: Victini|V-create|p2a: Dragapult\n|-resisted|p2a: Dragapult\n|-damage|p2a: Dragapult|48\/100\n|-unboost|p1a: Victini|spe|1\n|-unboost|p1a: Victini|def|1\n|-unboost|p1a: Victini|spd|1\n|\n|upkeep\n|turn|13\n|\n|t:|1664559186\n|switch|p1a: Gastrodon|Gastrodon, M|100\/100\n|move|p2a: Dragapult|Dragon Darts|p1a: Gastrodon\n|-damage|p1a: Gastrodon|74\/100\n|-anim|p2a: Dragapult|Dragon Darts|p1a: Gastrodon\n|-damage|p1a: Gastrodon|46\/100\n|\n|upkeep\n|turn|14\n|\n|t:|1664559191\n|switch|p1a: Tapu Koko|Tapu Koko|100\/100\n|-fieldstart|move: Electric Terrain|[from] ability: Electric Surge|[of] p1a: Tapu Koko\n|move|p2a: Dragapult|Dragon Darts|p1a: Tapu Koko\n|-immune|p1a: Tapu Koko\n|\n|upkeep\n|turn|15\n|\n|t:|1664559196\n|switch|p2a: Clefable|Clefable, M, shiny|100\/100\n|move|p1a: Tapu Koko|Dazzling Gleam|p2a: Clefable\n|-damage|p2a: Clefable|79\/100\n|\n|-heal|p2a: Clefable|85\/100|[from] item: Leftovers\n|upkeep\n|turn|16\n|\n|t:|1664559200\n|switch|p1a: Victini|Victini|84\/100\n|move|p2a: Clefable|Wish|p2a: Clefable\n|\n|-heal|p2a: Clefable|91\/100|[from] item: Leftovers\n|upkeep\n|turn|17\n|\n|t:|1664559206\n|switch|p2a: Hydreigon|Hydreigon, M|100\/100\n|-damage|p2a: Hydreigon|88\/100|[from] Stealth Rock\n|move|p1a: Victini|U-turn|p2a: Hydreigon\n|-supereffective|p2a: Hydreigon\n|-damage|p2a: Hydreigon|43\/100\n|\n|t:|1664559209\n|switch|p1a: Tapu Koko|Tapu Koko|100\/100|[from]move: U-turn\n|\n|-heal|p2a: Hydreigon|100\/100|[from] move: Wish|[wisher] Clefable\n|upkeep\n|turn|18\n|\n|t:|1664559219\n|move|p2a: Hydreigon|Earth Power|p1a: Tapu Koko\n|-supereffective|p1a: Tapu Koko\n|-damage|p1a: Tapu Koko|2\/100\n|move|p1a: Tapu Koko|Volt Switch|p2a: Hydreigon\n|-resisted|p2a: Hydreigon\n|-damage|p2a: Hydreigon|79\/100\n|\n|t:|1664559227\n|switch|p1a: Kartana|Kartana|100\/100|[from]move: Volt Switch\n|-damage|p1a: Kartana|94\/100|[from] Stealth Rock\n|\n|-fieldend|move: Electric Terrain\n|upkeep\n|turn|19\n|j| PkmnMasterEclipse\n|\n|t:|1664559234\n|switch|p2a: Scizor|Scizor, M|100\/100\n|-damage|p2a: Scizor|88\/100|[from] Stealth Rock\n|-damage|p2a: Scizor|75\/100|[from] Spikes\n|move|p1a: Kartana|Sacred Sword|p2a: Scizor\n|-damage|p2a: Scizor|32\/100\n|\n|-heal|p2a: Scizor|39\/100|[from] item: Leftovers\n|upkeep\n|turn|20\n|\n|t:|1664559243\n|switch|p1a: Tapu Koko|Tapu Koko|2\/100\n|-fieldstart|move: Electric Terrain|[from] ability: Electric Surge|[of] p1a: Tapu Koko\n|switch|p2a: Dragapult|Dragapult, M, shiny|48\/100\n|\n|upkeep\n|turn|21\n|\n|t:|1664559245\n|switch|p1a: Ferrothorn|Ferrothorn, F|76\/100 brn\n|-damage|p1a: Ferrothorn|70\/100 brn|[from] Stealth Rock\n|move|p2a: Dragapult|U-turn|p1a: Ferrothorn\n|-damage|p1a: Ferrothorn|57\/100 brn\n|-damage|p2a: Dragapult|36\/100|[from] ability: Iron Barbs|[of] p1a: Ferrothorn\n|-damage|p2a: Dragapult|19\/100|[from] item: Rocky Helmet|[of] p1a: Ferrothorn\n|\n|t:|1664559248\n|switch|p2a: Scizor|Scizor, M|39\/100|[from]move: U-turn\n|-damage|p2a: Scizor|26\/100|[from] Stealth Rock\n|-damage|p2a: Scizor|14\/100|[from] Spikes\n|\n|-heal|p2a: Scizor|20\/100|[from] item: Leftovers\n|-damage|p1a: Ferrothorn|51\/100 brn|[from] brn\n|upkeep\n|turn|22\n|\n|t:|1664559251\n|switch|p1a: Victini|Victini|84\/100\n|move|p2a: Scizor|Roost|p2a: Scizor\n|-heal|p2a: Scizor|70\/100\n|-singleturn|p2a: Scizor|move: Roost\n|\n|-heal|p2a: Scizor|76\/100|[from] item: Leftovers\n|upkeep\n|turn|23\n|\n|t:|1664559259\n|switch|p2a: Swampert|Swampert, F, shiny|70\/100\n|-damage|p2a: Swampert|63\/100|[from] Stealth Rock\n|-damage|p2a: Swampert|51\/100|[from] Spikes\n|move|p1a: Victini|V-create|p2a: Swampert\n|-resisted|p2a: Swampert\n|-damage|p2a: Swampert|25\/100\n|-unboost|p1a: Victini|spe|1\n|-unboost|p1a: Victini|def|1\n|-unboost|p1a: Victini|spd|1\n|\n|-heal|p2a: Swampert|31\/100|[from] item: Leftovers\n|upkeep\n|turn|24\n|\n|t:|1664559262\n|move|p1a: Victini|U-turn|p2a: Swampert\n|-damage|p2a: Swampert|19\/100\n|\n|t:|1664559268\n|switch|p1a: Kartana|Kartana|94\/100|[from]move: U-turn\n|-damage|p1a: Kartana|88\/100|[from] Stealth Rock\n|move|p2a: Swampert|Flip Turn|p1a: Kartana\n|-resisted|p1a: Kartana\n|-damage|p1a: Kartana|70\/100\n|\n|t:|1664559275\n|switch|p2a: Hydreigon|Hydreigon, M|79\/100|[from]move: Flip Turn\n|-damage|p2a: Hydreigon|66\/100|[from] Stealth Rock\n|\n|-fieldend|move: Electric Terrain\n|upkeep\n|turn|25\n|\n|t:|1664559284\n|switch|p1a: Dragonite|Dragonite, F|100\/100\n|move|p2a: Hydreigon|Dark Pulse|p1a: Dragonite\n|-damage|p1a: Dragonite|80\/100\n|\n|upkeep\n|turn|26\n|\n|t:|1664559291\n|switch|p2a: Clefable|Clefable, M, shiny|91\/100\n|move|p1a: Dragonite|Roost|p1a: Dragonite\n|-heal|p1a: Dragonite|100\/100\n|-singleturn|p1a: Dragonite|move: Roost\n|\n|-heal|p2a: Clefable|97\/100|[from] item: Leftovers\n|upkeep\n|turn|27\n|\n|t:|1664559295\n|switch|p1a: Victini|Victini|84\/100\n|move|p2a: Clefable|Teleport|p2a: Clefable\n|j| nuzlock32323\n|\n|t:|1664559309\n|switch|p2a: Hydreigon|Hydreigon, M|66\/100|[from]move: Teleport\n|-damage|p2a: Hydreigon|54\/100|[from] Stealth Rock\n|\n|upkeep\n|turn|28\n|inactive|SkipTheDripBayless has 120 seconds left.\n|\n|t:|1664559339\n|switch|p1a: Tapu Koko|Tapu Koko|2\/100\n|-fieldstart|move: Electric Terrain|[from] ability: Electric Surge|[of] p1a: Tapu Koko\n|move|p2a: Hydreigon|Dark Pulse|p1a: Tapu Koko\n|-resisted|p1a: Tapu Koko\n|-damage|p1a: Tapu Koko|0 fnt\n|faint|p1a: Tapu Koko\n|\n|upkeep\n|inactive|SkipTheDripBayless has 120 seconds left.\n|\n|t:|1664559346\n|switch|p1a: Gastrodon|Gastrodon, M|46\/100\n|turn|29\n|\n|t:|1664559348\n|move|p2a: Hydreigon|Dark Pulse|p1a: Gastrodon\n|-damage|p1a: Gastrodon|17\/100\n|cant|p1a: Gastrodon|flinch\n|\n|upkeep\n|turn|30\n|\n|t:|1664559351\n|move|p2a: Hydreigon|Dark Pulse|p1a: Gastrodon\n|-damage|p1a: Gastrodon|0 fnt\n|faint|p1a: Gastrodon\n|\n|upkeep\n|\n|t:|1664559354\n|switch|p1a: Dragonite|Dragonite, F|100\/100\n|turn|31\n|\n|t:|1664559357\n|switch|p2a: Rotom|Rotom-Wash, shiny|75\/100\n|-damage|p2a: Rotom|63\/100|[from] Stealth Rock\n|move|p1a: Dragonite|Dragon Dance|p1a: Dragonite\n|-boost|p1a: Dragonite|atk|1\n|-boost|p1a: Dragonite|spe|1\n|\n|-heal|p2a: Rotom|69\/100|[from] item: Leftovers\n|upkeep\n|turn|32\n|\n|t:|1664559361\n|switch|p1a: Victini|Victini|84\/100\n|move|p2a: Rotom|Will-O-Wisp|p1a: Victini\n|-immune|p1a: Victini\n|\n|-heal|p2a: Rotom|75\/100|[from] item: Leftovers\n|-fieldend|move: Electric Terrain\n|upkeep\n|turn|33\n|\n|t:|1664559366\n|move|p1a: Victini|Encore|p2a: Rotom\n|-start|p2a: Rotom|Encore\n|move|p2a: Rotom|Will-O-Wisp|p1a: Victini\n|-immune|p1a: Victini\n|\n|-heal|p2a: Rotom|82\/100|[from] item: Leftovers\n|upkeep\n|turn|34\n|\n|t:|1664559369\n|switch|p2a: Swampert|Swampert, F, shiny|19\/100\n|-damage|p2a: Swampert|13\/100|[from] Stealth Rock\n|-damage|p2a: Swampert|0 fnt|[from] Spikes\n|faint|p2a: Swampert\n|move|p1a: Victini|Bolt Strike|p2: Swampert|[notarget]\n|-fail|p1a: Victini\n|\n|upkeep\n|\n|t:|1664559382\n|switch|p2a: Rotom|Rotom-Wash, shiny|82\/100\n|-damage|p2a: Rotom|69\/100|[from] Stealth Rock\n|turn|35\n|\n|t:|1664559386\n|move|p1a: Victini|Bolt Strike|p2a: Rotom\n|-damage|p2a: Rotom|37\/100\n|move|p2a: Rotom|Volt Switch|p1a: Victini\n|-damage|p1a: Victini|59\/100\n|\n|t:|1664559392\n|switch|p2a: Dragapult|Dragapult, M, shiny|19\/100|[from]move: Volt Switch\n|\n|upkeep\n|turn|36\n|\n|t:|1664559402\n|move|p2a: Dragapult|Dragon Darts|p1a: Victini\n|-damage|p1a: Victini|34\/100\n|-anim|p2a: Dragapult|Dragon Darts|p1a: Victini\n|-damage|p1a: Victini|11\/100\n|move|p1a: Victini|V-create|p2a: Dragapult\n|-resisted|p2a: Dragapult\n|-damage|p2a: Dragapult|0 fnt\n|-unboost|p1a: Victini|spe|1\n|-unboost|p1a: Victini|def|1\n|-unboost|p1a: Victini|spd|1\n|faint|p2a: Dragapult\n|\n|upkeep\n|j| Test fratecc\n|\n|t:|1664559411\n|switch|p2a: Hydreigon|Hydreigon, M|54\/100\n|-damage|p2a: Hydreigon|42\/100|[from] Stealth Rock\n|turn|37\n|\n|t:|1664559417\n|switch|p1a: Dragonite|Dragonite, F|100\/100\n|move|p2a: Hydreigon|Dark Pulse|p1a: Dragonite\n|-damage|p1a: Dragonite|78\/100\n|\n|upkeep\n|turn|38\n|\n|t:|1664559423\n|switch|p2a: Clefable|Clefable, M, shiny|97\/100\n|move|p1a: Dragonite|Roost|p1a: Dragonite\n|-heal|p1a: Dragonite|100\/100\n|-singleturn|p1a: Dragonite|move: Roost\n|\n|-heal|p2a: Clefable|100\/100|[from] item: Leftovers\n|upkeep\n|turn|39\n|\n|t:|1664559431\n|switch|p1a: Kartana|Kartana|70\/100\n|-damage|p1a: Kartana|64\/100|[from] Stealth Rock\n|move|p2a: Clefable|Moonblast|p1a: Kartana\n|-resisted|p1a: Kartana\n|-damage|p1a: Kartana|14\/100\n|\n|upkeep\n|turn|40\n|\n|t:|1664559436\n|move|p2a: Clefable|Protect|p2a: Clefable\n|-singleturn|p2a: Clefable|Protect\n|move|p1a: Kartana|Smart Strike|p2a: Clefable\n|-activate|p2a: Clefable|move: Protect\n|\n|upkeep\n|turn|41\n|\n|t:|1664559441\n|switch|p2a: Scizor|Scizor, M|76\/100\n|-damage|p2a: Scizor|63\/100|[from] Stealth Rock\n|-damage|p2a: Scizor|51\/100|[from] Spikes\n|move|p1a: Kartana|Smart Strike|p2a: Scizor\n|-resisted|p2a: Scizor\n|-damage|p2a: Scizor|28\/100\n|\n|-heal|p2a: Scizor|34\/100|[from] item: Leftovers\n|upkeep\n|turn|42\n|\n|t:|1664559444\n|switch|p1a: Dragonite|Dragonite, F|100\/100\n|move|p2a: Scizor|Roost|p2a: Scizor\n|-heal|p2a: Scizor|84\/100\n|-singleturn|p2a: Scizor|move: Roost\n|\n|-heal|p2a: Scizor|90\/100|[from] item: Leftovers\n|upkeep\n|turn|43\n|\n|t:|1664559446\n|move|p1a: Dragonite|Dragon Dance|p1a: Dragonite\n|-boost|p1a: Dragonite|atk|1\n|-boost|p1a: Dragonite|spe|1\n|move|p2a: Scizor|U-turn|p1a: Dragonite\n|-resisted|p1a: Dragonite\n|-damage|p1a: Dragonite|92\/100\n|\n|t:|1664559450\n|switch|p2a: Hydreigon|Hydreigon, M|42\/100|[from]move: U-turn\n|-damage|p2a: Hydreigon|29\/100|[from] Stealth Rock\n|\n|upkeep\n|turn|44\n|\n|t:|1664559453\n|switch|p1a: Ferrothorn|Ferrothorn, F|51\/100 brn\n|-damage|p1a: Ferrothorn|45\/100 brn|[from] Stealth Rock\n|move|p2a: Hydreigon|Draco Meteor|p1a: Ferrothorn\n|-resisted|p1a: Ferrothorn\n|-damage|p1a: Ferrothorn|17\/100 brn\n|-unboost|p2a: Hydreigon|spa|2\n|\n|-damage|p1a: Ferrothorn|11\/100 brn|[from] brn\n|upkeep\n|turn|45\n|j| glutexos\n|\n|t:|1664559461\n|switch|p2a: Clefable|Clefable, M, shiny|100\/100\n|switch|p1a: Dragonite|Dragonite, F|92\/100\n|\n|upkeep\n|turn|46\n|\n|t:|1664559466\n|switch|p1a: Kartana|Kartana|14\/100\n|-damage|p1a: Kartana|8\/100|[from] Stealth Rock\n|move|p2a: Clefable|Moonblast|p1a: Kartana\n|-resisted|p1a: Kartana\n|-damage|p1a: Kartana|0 fnt\n|faint|p1a: Kartana\n|\n|upkeep\n|\n|t:|1664559469\n|switch|p1a: Victini|Victini|11\/100\n|turn|47\n|\n|t:|1664559474\n|move|p2a: Clefable|Protect|p2a: Clefable\n|-singleturn|p2a: Clefable|Protect\n|move|p1a: Victini|V-create|p2a: Clefable\n|-activate|p2a: Clefable|move: Protect\n|\n|upkeep\n|turn|48\n|\n|t:|1664559481\n|switch|p2a: Rotom|Rotom-Wash, shiny|37\/100\n|-damage|p2a: Rotom|25\/100|[from] Stealth Rock\n|move|p1a: Victini|V-create|p2a: Rotom\n|-resisted|p2a: Rotom\n|-damage|p2a: Rotom|0 fnt\n|-unboost|p1a: Victini|spe|1\n|-unboost|p1a: Victini|def|1\n|-unboost|p1a: Victini|spd|1\n|faint|p2a: Rotom\n|\n|upkeep\n|\n|t:|1664559483\n|switch|p2a: Scizor|Scizor, M|90\/100\n|-damage|p2a: Scizor|77\/100|[from] Stealth Rock\n|-damage|p2a: Scizor|65\/100|[from] Spikes\n|turn|49\n|\n|t:|1664559486\n|switch|p1a: Dragonite|Dragonite, F|92\/100\n|move|p2a: Scizor|Bullet Punch|p1a: Dragonite\n|-damage|p1a: Dragonite|63\/100\n|\n|-heal|p2a: Scizor|71\/100|[from] item: Leftovers\n|upkeep\n|turn|50\n|\n|t:|1664559489\n|move|p1a: Dragonite|Roost|p1a: Dragonite\n|-heal|p1a: Dragonite|100\/100\n|-singleturn|p1a: Dragonite|move: Roost\n|move|p2a: Scizor|Swords Dance|p2a: Scizor\n|-boost|p2a: Scizor|atk|2\n|\n|-heal|p2a: Scizor|77\/100|[from] item: Leftovers\n|upkeep\n|turn|51\n|-message|SkipTheDripBayless forfeited.\n|\n|win|August is Falling\n|raw|SkipTheDripBayless's rating: 1879 &rarr; <strong>1854<\/strong><br \/>(-25 for losing)\n|raw|August is Falling's rating: 1792 &rarr; <strong>1817<\/strong><br \/>(+25 for winning)\n|l|\u2606SkipTheDripBayless\n|l| PkmnMasterEclipse\n|l|\u2606August is Falling\n|l| glutexos\n","uploadtime":1664559521,"views":47,"p1id":"skipthedripbayless","p2id":"augustisfalling","formatid":"gen8ou","rating":1817,"private":0,"password":null}