{"id":"gen8ou-1301506703","p1":"Criis_38_","p2":"Therockcena","format":"gen8ou","log":"|j|\u2606Criis_38_\n|j|\u2606Therockcena\n|t:|1615764290\n|player|p1|Criis_38_|102|1280\n|player|p2|Therockcena|101|1332\n|teamsize|p1|6\n|teamsize|p2|6\n|gametype|singles\n|gen|8\n|tier|[Gen 8] OU\n|rated|\n|clearpoke\n|poke|p1|Krookodile, M|\n|poke|p1|Sceptile, F|\n|poke|p1|Melmetal|\n|poke|p1|Tapu Fini|\n|poke|p1|Coalossal, M|\n|poke|p1|Latias, F|\n|poke|p2|Melmetal|\n|poke|p2|Tapu Koko|\n|poke|p2|Regieleki|\n|poke|p2|Slowbro, M|\n|poke|p2|Tornadus-Therian, M|\n|poke|p2|Raichu-Alola, M|\n|rule|Sleep Clause Mod: Limit one foe put to sleep\n|rule|Species Clause: Limit one of each Pok\u00e9mon\n|rule|OHKO Clause: OHKO moves are banned\n|rule|Evasion Moves Clause: Evasion moves are banned\n|rule|Endless Battle Clause: Forcing endless battles is banned\n|rule|HP Percentage Mod: HP is shown in percentages\n|rule|Dynamax Clause: You cannot dynamax\n|teampreview\n|inactive|Battle timer is ON: inactive players will automatically lose when time's up. (requested by Therockcena)\n|\n|t:|1615764305\n|start\n|switch|p1a: Krookodile|Krookodile, M, shiny|100\/100\n|switch|p2a: Tapu Koko|Tapu Koko|100\/100\n|-fieldstart|move: Electric Terrain|[from] ability: Electric Surge|[of] p2a: Tapu Koko\n|turn|1\n|\n|t:|1615764317\n|switch|p2a: Slowbro|Slowbro, M|100\/100\n|move|p1a: Krookodile|Earthquake|p2a: Slowbro\n|-damage|p2a: Slowbro|47\/100\n|-damage|p1a: Krookodile|91\/100|[from] item: Life Orb\n|\n|-heal|p2a: Slowbro|53\/100|[from] item: Leftovers\n|upkeep\n|turn|2\n|\n|t:|1615764334\n|switch|p2a: Tornadus|Tornadus-Therian, M|100\/100\n|move|p1a: Krookodile|Knock Off|p2a: Tornadus\n|-damage|p2a: Tornadus|54\/100\n|-enditem|p2a: Tornadus|Heavy-Duty Boots|[from] move: Knock Off|[of] p1a: Krookodile\n|-damage|p1a: Krookodile|81\/100|[from] item: Life Orb\n|\n|upkeep\n|turn|3\n|\n|t:|1615764347\n|switch|p1a: Coalossal|Coalossal, M, shiny|100\/100\n|move|p2a: Tornadus|Hurricane|p1a: Coalossal\n|-resisted|p1a: Coalossal\n|-damage|p1a: Coalossal|83\/100\n|\n|upkeep\n|turn|4\n|\n|t:|1615764354\n|switch|p2a: Slowbro|Slowbro, M|86\/100\n|move|p1a: Coalossal|Stealth Rock|p2a: Slowbro\n|-sidestart|p2: Therockcena|move: Stealth Rock\n|\n|-heal|p2a: Slowbro|92\/100|[from] item: Leftovers\n|upkeep\n|turn|5\n|\n|t:|1615764367\n|switch|p1a: Tapu Fini|Tapu Fini|100\/100\n|-fieldstart|move: Misty Terrain|[from] ability: Misty Surge|[of] p1a: Tapu Fini\n|move|p2a: Slowbro|Scald|p1a: Tapu Fini\n|-resisted|p1a: Tapu Fini\n|-damage|p1a: Tapu Fini|93\/100\n|\n|-heal|p1a: Tapu Fini|99\/100|[from] item: Leftovers\n|-heal|p2a: Slowbro|98\/100|[from] item: Leftovers\n|upkeep\n|turn|6\n|\n|t:|1615764374\n|move|p1a: Tapu Fini|Whirlpool|p2a: Slowbro\n|-resisted|p2a: Slowbro\n|-damage|p2a: Slowbro|94\/100\n|-activate|p2a: Slowbro|move: Whirlpool|[of] p1a: Tapu Fini\n|move|p2a: Slowbro|Teleport|p2a: Slowbro\n|\n|t:|1615764379\n|switch|p2a: Tornadus|Tornadus-Therian, M|87\/100|[from]move: Teleport\n|-damage|p2a: Tornadus|62\/100|[from] Stealth Rock\n|\n|-heal|p1a: Tapu Fini|100\/100|[from] item: Leftovers\n|upkeep\n|turn|7\n|\n|t:|1615764388\n|move|p2a: Tornadus|Defog|p1a: Tapu Fini\n|-unboost|p1a: Tapu Fini|evasion|1\n|-sideend|p2: Therockcena|Stealth Rock|[from] move: Defog|[of] p2a: Tornadus\n|-fieldend|Misty Terrain\n|move|p1a: Tapu Fini|Whirlpool|p2a: Tornadus\n|-damage|p2a: Tornadus|50\/100\n|-activate|p2a: Tornadus|move: Whirlpool|[of] p1a: Tapu Fini\n|\n|-damage|p2a: Tornadus|37\/100|[from] move: Whirlpool|[partiallytrapped]\n|upkeep\n|turn|8\n|\n|t:|1615764393\n|move|p2a: Tornadus|Hurricane|p1a: Tapu Fini\n|-damage|p1a: Tapu Fini|74\/100\n|move|p1a: Tapu Fini|Draining Kiss|p2a: Tornadus\n|-damage|p2a: Tornadus|20\/100\n|-heal|p1a: Tapu Fini|87\/100|[from] drain|[of] p2a: Tornadus\n|\n|-heal|p1a: Tapu Fini|94\/100|[from] item: Leftovers\n|-damage|p2a: Tornadus|8\/100|[from] move: Whirlpool|[partiallytrapped]\n|upkeep\n|turn|9\n|\n|t:|1615764398\n|move|p2a: Tornadus|Hurricane|p1a: Tapu Fini\n|-damage|p1a: Tapu Fini|68\/100\n|move|p1a: Tapu Fini|Draining Kiss|p2a: Tornadus\n|-crit|p2a: Tornadus\n|-damage|p2a: Tornadus|0 fnt\n|-heal|p1a: Tapu Fini|74\/100|[from] drain|[of] p2a: Tornadus\n|faint|p2a: Tornadus\n|\n|-heal|p1a: Tapu Fini|80\/100|[from] item: Leftovers\n|upkeep\n|\n|t:|1615764403\n|switch|p2a: Tapu Koko|Tapu Koko|100\/100\n|-fieldstart|move: Electric Terrain|[from] ability: Electric Surge|[of] p2a: Tapu Koko\n|turn|10\n|\n|t:|1615764410\n|switch|p1a: Melmetal|Melmetal|100\/100\n|move|p2a: Tapu Koko|Volt Switch|p1a: Melmetal\n|-damage|p1a: Melmetal|75\/100\n|\n|t:|1615764416\n|switch|p2a: Regieleki|Regieleki|100\/100|[from]move: Volt Switch\n|\n|upkeep\n|turn|11\n|\n|t:|1615764421\n|move|p2a: Regieleki|Volt Switch|p1a: Melmetal\n|-damage|p1a: Melmetal|9\/100\n|\n|t:|1615764426\n|switch|p2a: Slowbro|Slowbro, M|100\/100|[from]move: Volt Switch\n|move|p1a: Melmetal|Earthquake|p2a: Slowbro\n|-damage|p2a: Slowbro|66\/100\n|\n|-heal|p2a: Slowbro|72\/100|[from] item: Leftovers\n|upkeep\n|turn|12\n|\n|t:|1615764438\n|switch|p1a: Tapu Fini|Tapu Fini|80\/100\n|-fieldstart|move: Misty Terrain|[from] ability: Misty Surge|[of] p1a: Tapu Fini\n|move|p2a: Slowbro|Teleport|p2a: Slowbro\n|\n|t:|1615764441\n|switch|p2a: Tapu Koko|Tapu Koko|100\/100|[from]move: Teleport\n|-fieldstart|move: Electric Terrain|[from] ability: Electric Surge|[of] p2a: Tapu Koko\n|\n|-heal|p1a: Tapu Fini|86\/100|[from] item: Leftovers\n|upkeep\n|turn|13\n|\n|t:|1615764450\n|switch|p1a: Latias|Latias, F, shiny|100\/100\n|move|p2a: Tapu Koko|Volt Switch|p1a: Latias\n|-resisted|p1a: Latias\n|-damage|p1a: Latias|82\/100\n|\n|t:|1615764454\n|switch|p2a: Melmetal|Melmetal|100\/100|[from]move: Volt Switch\n|\n|upkeep\n|turn|14\n|\n|t:|1615764464\n|switch|p1a: Coalossal|Coalossal, M, shiny|83\/100\n|move|p2a: Melmetal|Double Iron Bash|p1a: Coalossal\n|-damage|p1a: Coalossal|64\/100\n|-damage|p1a: Coalossal|46\/100\n|-hitcount|p1a: Coalossal|2\n|\n|upkeep\n|turn|15\n|\n|t:|1615764476\n|move|p2a: Melmetal|Earthquake|p1a: Coalossal\n|-supereffective|p1a: Coalossal\n|-damage|p1a: Coalossal|0 fnt\n|faint|p1a: Coalossal\n|\n|upkeep\n|\n|t:|1615764498\n|switch|p1a: Melmetal|Melmetal|9\/100\n|turn|16\n|\n|t:|1615764505\n|move|p1a: Melmetal|Earthquake|p2a: Melmetal\n|-supereffective|p2a: Melmetal\n|-damage|p2a: Melmetal|57\/100\n|move|p2a: Melmetal|Earthquake|p1a: Melmetal\n|-supereffective|p1a: Melmetal\n|-damage|p1a: Melmetal|0 fnt\n|faint|p1a: Melmetal\n|\n|upkeep\n|\n|t:|1615764515\n|switch|p1a: Latias|Latias, F, shiny|82\/100\n|turn|17\n|\n|t:|1615764522\n|move|p1a: Latias|Draco Meteor|p2a: Melmetal\n|-resisted|p2a: Melmetal\n|-damage|p2a: Melmetal|44\/100\n|-unboost|p1a: Latias|spa|2\n|move|p2a: Melmetal|Double Iron Bash|p1a: Latias\n|-damage|p1a: Latias|40\/100\n|-damage|p1a: Latias|0 fnt\n|-hitcount|p1a: Latias|2\n|faint|p1a: Latias\n|\n|upkeep\n|\n|t:|1615764530\n|switch|p1a: Krookodile|Krookodile, M, shiny|81\/100\n|turn|18\n|\n|t:|1615764542\n|move|p1a: Krookodile|Earthquake|p2a: Melmetal\n|-supereffective|p2a: Melmetal\n|-damage|p2a: Melmetal|0 fnt\n|-damage|p1a: Krookodile|71\/100|[from] item: Life Orb\n|faint|p2a: Melmetal\n|-ability|p1a: Krookodile|Moxie|boost\n|-boost|p1a: Krookodile|atk|1\n|\n|upkeep\n|\n|t:|1615764547\n|switch|p2a: Tapu Koko|Tapu Koko|100\/100\n|turn|19\n|\n|t:|1615764552\n|move|p2a: Tapu Koko|Dazzling Gleam|p1a: Krookodile\n|-supereffective|p1a: Krookodile\n|-damage|p1a: Krookodile|0 fnt\n|faint|p1a: Krookodile\n|\n|-fieldend|move: Electric Terrain\n|upkeep\n|\n|t:|1615764556\n|switch|p1a: Tapu Fini|Tapu Fini|86\/100\n|-fieldstart|move: Misty Terrain|[from] ability: Misty Surge|[of] p1a: Tapu Fini\n|turn|20\n|\n|t:|1615764563\n|switch|p2a: Slowbro|Slowbro, M|100\/100\n|switch|p1a: Sceptile|Sceptile, F|100\/100\n|-enditem|p1a: Sceptile|Misty Seed\n|-boost|p1a: Sceptile|spd|1|[from] item: Misty Seed\n|\n|upkeep\n|turn|21\n|\n|t:|1615764570\n|move|p1a: Sceptile|Dragon Dance|p1a: Sceptile\n|-boost|p1a: Sceptile|atk|1\n|-boost|p1a: Sceptile|spe|1\n|move|p2a: Slowbro|Teleport|p2a: Slowbro\n|\n|t:|1615764572\n|switch|p2a: Tapu Koko|Tapu Koko|100\/100|[from]move: Teleport\n|-fieldstart|move: Electric Terrain|[from] ability: Electric Surge|[of] p2a: Tapu Koko\n|\n|upkeep\n|turn|22\n|\n|t:|1615764578\n|move|p1a: Sceptile|Earthquake|p2a: Tapu Koko\n|-supereffective|p2a: Tapu Koko\n|-damage|p2a: Tapu Koko|0 fnt\n|faint|p2a: Tapu Koko\n|\n|upkeep\n|\n|t:|1615764581\n|switch|p2a: Slowbro|Slowbro, M|100\/100\n|turn|23\n|\n|t:|1615764584\n|move|p1a: Sceptile|Leaf Blade|p2a: Slowbro\n|-supereffective|p2a: Slowbro\n|-damage|p2a: Slowbro|16\/100\n|move|p2a: Slowbro|Ice Beam|p1a: Sceptile\n|-supereffective|p1a: Sceptile\n|-damage|p1a: Sceptile|64\/100\n|\n|-heal|p2a: Slowbro|22\/100|[from] item: Leftovers\n|upkeep\n|turn|24\n|\n|t:|1615764590\n|move|p1a: Sceptile|Leaf Blade|p2a: Slowbro\n|-supereffective|p2a: Slowbro\n|-damage|p2a: Slowbro|0 fnt\n|faint|p2a: Slowbro\n|\n|upkeep\n|\n|t:|1615764600\n|switch|p2a: Raichu|Raichu-Alola, M|100\/100\n|turn|25\n|\n|t:|1615764603\n|move|p1a: Sceptile|Earthquake|p2a: Raichu\n|-supereffective|p2a: Raichu\n|-damage|p2a: Raichu|0 fnt\n|faint|p2a: Raichu\n|\n|upkeep\n|\n|t:|1615764605\n|switch|p2a: Regieleki|Regieleki|100\/100\n|turn|26\n|\n|t:|1615764608\n|move|p1a: Sceptile|Earthquake|p2a: Regieleki\n|-supereffective|p2a: Regieleki\n|-damage|p2a: Regieleki|0 fnt\n|faint|p2a: Regieleki\n|\n|win|Criis_38_\n|raw|Criis_38_'s rating: 1270 &rarr; <strong>1289<\/strong><br \/>(+19 for winning)\n|raw|Therockcena's rating: 1332 &rarr; <strong>1313<\/strong><br \/>(-19 for losing)\n|l|\u2606Therockcena\n|c|\u2606Criis_38_|gg\n|raw|Criis_38_'s rating: 1271 &rarr; <strong>1300<\/strong><br \/>(+29 for winning)\n|raw|Therockcena's rating: 1333 &rarr; <strong>1309<\/strong><br \/>(-24 for losing)\n","uploadtime":1615764617,"views":4,"p1id":"criis38","p2id":"therockcena","formatid":"gen8ou","rating":1300,"private":0,"password":null}