{"id":"gen8ou-1143830151","p1":"Q114","p2":"Meroz","format":"gen8ou","log":"|j|\u2606Q114\n|j|\u2606Meroz\n|player|p1|Q114|101|1851\n|player|p2|Meroz|101|1902\n|teamsize|p1|6\n|teamsize|p2|6\n|gametype|singles\n|gen|8\n|tier|[Gen 8] OU\n|rated|\n|clearpoke\n|poke|p1|Chansey, F|\n|poke|p1|Toxapex, F|\n|poke|p1|Clefable, M|\n|poke|p1|Corviknight, M|\n|poke|p1|Mew|\n|poke|p1|Mandibuzz, F|\n|poke|p2|Gengar, F|\n|poke|p2|Magearna|\n|poke|p2|Kommo-o, F|\n|poke|p2|Terrakion|\n|poke|p2|Comfey, F|\n|poke|p2|Cinderace, F|\n|rule|Sleep Clause Mod: Limit one foe put to sleep\n|rule|Species Clause: Limit one of each Pok\u00e9mon\n|rule|OHKO Clause: OHKO moves are banned\n|rule|Evasion Moves Clause: Evasion moves are banned\n|rule|Endless Battle Clause: Forcing endless battles is banned\n|rule|HP Percentage Mod: HP is shown in percentages\n|rule|Dynamax Clause: You cannot dynamax\n|teampreview\n|\n|start\n|switch|p1a: Toxapex|Toxapex, F, shiny|100\/100\n|switch|p2a: Kommo-o|Kommo-o, F|100\/100\n|turn|1\n|\n|move|p2a: Kommo-o|Earthquake|p1a: Toxapex\n|-supereffective|p1a: Toxapex\n|-crit|p1a: Toxapex\n|-damage|p1a: Toxapex|54\/100\n|move|p1a: Toxapex|Knock Off|p2a: Kommo-o\n|-resisted|p2a: Kommo-o\n|-crit|p2a: Kommo-o\n|-damage|p2a: Kommo-o|93\/100\n|-enditem|p2a: Kommo-o|Leftovers|[from] move: Knock Off|[of] p1a: Toxapex\n|\n|-heal|p1a: Toxapex|60\/100|[from] item: Black Sludge\n|upkeep\n|turn|2\n|j| OUTZ Hechi\n|\n|switch|p1a: Corviknight|Corviknight, M|100\/100\n|-ability|p1a: Corviknight|Pressure\n|move|p2a: Kommo-o|Stealth Rock|p1a: Corviknight\n|-sidestart|p1: Q114|move: Stealth Rock\n|\n|upkeep\n|turn|3\n|l| OUTZ Hechi\n|j| OUTZ Hechi\n|\n|switch|p2a: Gengar|Gengar, F|100\/100\n|move|p1a: Corviknight|Defog|p2a: Gengar\n|-unboost|p2a: Gengar|evasion|1\n|-sideend|p1: Q114|Stealth Rock|[from] move: Defog|[of] p1a: Corviknight\n|\n|upkeep\n|turn|4\n|\n|switch|p1a: Toxapex|Toxapex, F, shiny|94\/100\n|move|p2a: Gengar|Shadow Ball|p1a: Toxapex\n|-damage|p1a: Toxapex|59\/100\n|\n|-heal|p1a: Toxapex|65\/100|[from] item: Black Sludge\n|upkeep\n|turn|5\n|\n|move|p2a: Gengar|Nasty Plot|p2a: Gengar\n|-boost|p2a: Gengar|spa|2\n|move|p1a: Toxapex|Knock Off|p2a: Gengar\n|-supereffective|p2a: Gengar\n|-damage|p2a: Gengar|37\/100\n|-enditem|p2a: Gengar|Black Sludge|[from] move: Knock Off|[of] p1a: Toxapex\n|\n|-heal|p1a: Toxapex|70\/100|[from] item: Black Sludge\n|upkeep\n|turn|6\n|l| OUTZ Hechi\n|j| Unlucky account\n|\n|switch|p1a: Corviknight|Corviknight, M|100\/100\n|-ability|p1a: Corviknight|Pressure\n|move|p2a: Gengar|Shadow Ball|p1a: Corviknight\n|-damage|p1a: Corviknight|18\/100\n|\n|upkeep\n|turn|7\n|\n|move|p2a: Gengar|Shadow Ball|p1a: Corviknight\n|-damage|p1a: Corviknight|0 fnt\n|faint|p1a: Corviknight\n|\n|upkeep\n|j| youssef4871\n|\n|switch|p1a: Toxapex|Toxapex, F, shiny|100\/100\n|turn|8\n|j| OUTZ Hechi\n|j| Arnaud senju vgc\n|j| PKS R3al Khaos\n|j| Galbart Glover\n|\n|switch|p2a: Kommo-o|Kommo-o, F|93\/100\n|move|p1a: Toxapex|Knock Off|p2a: Kommo-o\n|-resisted|p2a: Kommo-o\n|-damage|p2a: Kommo-o|90\/100\n|\n|upkeep\n|turn|9\n|\n|move|p2a: Kommo-o|Stealth Rock|p1a: Toxapex\n|-sidestart|p1: Q114|move: Stealth Rock\n|move|p1a: Toxapex|Scald|p2a: Kommo-o\n|-resisted|p2a: Kommo-o\n|-crit|p2a: Kommo-o\n|-damage|p2a: Kommo-o|79\/100\n|\n|upkeep\n|turn|10\n|\n|move|p2a: Kommo-o|Earthquake|p1a: Toxapex\n|-supereffective|p1a: Toxapex\n|-damage|p1a: Toxapex|72\/100\n|move|p1a: Toxapex|Scald|p2a: Kommo-o\n|-resisted|p2a: Kommo-o\n|-damage|p2a: Kommo-o|71\/100\n|-status|p2a: Kommo-o|brn\n|\n|-heal|p1a: Toxapex|78\/100|[from] item: Black Sludge\n|-damage|p2a: Kommo-o|65\/100 brn|[from] brn\n|upkeep\n|turn|11\n|j| Jey2\n|\n|switch|p2a: Magearna|Magearna|100\/100\n|move|p1a: Toxapex|Scald|p2a: Magearna\n|-damage|p2a: Magearna|89\/100\n|\n|-heal|p1a: Toxapex|84\/100|[from] item: Black Sludge\n|upkeep\n|turn|12\n|\n|move|p2a: Magearna|Thunderbolt|p1a: Toxapex\n|-supereffective|p1a: Toxapex\n|-damage|p1a: Toxapex|42\/100\n|move|p1a: Toxapex|Scald|p2a: Magearna\n|-damage|p2a: Magearna|78\/100\n|\n|-heal|p1a: Toxapex|48\/100|[from] item: Black Sludge\n|upkeep\n|turn|13\n|\n|switch|p1a: Chansey|Chansey, F|100\/100\n|-damage|p1a: Chansey|88\/100|[from] Stealth Rock\n|move|p2a: Magearna|Thunderbolt|p1a: Chansey\n|-damage|p1a: Chansey|80\/100\n|\n|upkeep\n|turn|14\n|\n|switch|p1a: Toxapex|Toxapex, F, shiny|82\/100\n|-damage|p1a: Toxapex|69\/100|[from] Stealth Rock\n|move|p2a: Magearna|Volt Switch|p1a: Toxapex\n|-supereffective|p1a: Toxapex\n|-damage|p1a: Toxapex|34\/100\n|\n|switch|p2a: Terrakion|Terrakion|100\/100|[from]move: Volt Switch\n|\n|-heal|p1a: Toxapex|40\/100|[from] item: Black Sludge\n|upkeep\n|turn|15\n|\n|switch|p1a: Clefable|Clefable, M|100\/100\n|-damage|p1a: Clefable|88\/100|[from] Stealth Rock\n|move|p2a: Terrakion|Earthquake|p1a: Clefable\n|-damage|p1a: Clefable|62\/100\n|\n|-heal|p1a: Clefable|68\/100|[from] item: Leftovers\n|upkeep\n|turn|16\n|\n|switch|p2a: Magearna|Magearna|78\/100\n|move|p1a: Clefable|Wish|p1a: Clefable\n|\n|-heal|p1a: Clefable|74\/100|[from] item: Leftovers\n|upkeep\n|turn|17\n|\n|switch|p1a: Toxapex|Toxapex, F, shiny|73\/100\n|-damage|p1a: Toxapex|61\/100|[from] Stealth Rock\n|move|p2a: Magearna|Draining Kiss|p1a: Toxapex\n|-resisted|p1a: Toxapex\n|-damage|p1a: Toxapex|52\/100\n|-heal|p2a: Magearna|84\/100|[from] drain|[of] p1a: Toxapex\n|\n|-heal|p1a: Toxapex|100\/100|[from] move: Wish|[wisher] Clefable\n|upkeep\n|turn|18\n|\n|move|p2a: Magearna|Thunderbolt|p1a: Toxapex\n|-supereffective|p1a: Toxapex\n|-damage|p1a: Toxapex|56\/100\n|move|p1a: Toxapex|Scald|p2a: Magearna\n|-damage|p2a: Magearna|72\/100\n|\n|-heal|p1a: Toxapex|62\/100|[from] item: Black Sludge\n|upkeep\n|turn|19\n|l| OUTZ Hechi\n|\n|switch|p1a: Mew|Mew|100\/100\n|-damage|p1a: Mew|88\/100|[from] Stealth Rock\n|move|p2a: Magearna|Thunderbolt|p1a: Mew\n|-damage|p1a: Mew|73\/100\n|\n|upkeep\n|turn|20\n|\n|switch|p2a: Kommo-o|Kommo-o, F|65\/100 brn\n|move|p1a: Mew|Spikes|p2a: Kommo-o\n|-sidestart|p2: Meroz|Spikes\n|\n|-damage|p2a: Kommo-o|59\/100 brn|[from] brn\n|upkeep\n|turn|21\n|j| supahotmeme\n|l| supahotmeme\n|\n|switch|p1a: Mandibuzz|Mandibuzz, F, shiny|100\/100\n|switch|p2a: Magearna|Magearna|72\/100\n|-damage|p2a: Magearna|60\/100|[from] Spikes\n|\n|upkeep\n|turn|22\n|j| yolovid19\n|j| supahotmeme\n|l| supahotmeme\n|\n|switch|p1a: Mew|Mew|73\/100\n|-damage|p1a: Mew|61\/100|[from] Stealth Rock\n|move|p2a: Magearna|Draining Kiss|p1a: Mew\n|-damage|p1a: Mew|48\/100\n|-heal|p2a: Magearna|70\/100|[from] drain|[of] p1a: Mew\n|\n|upkeep\n|turn|23\n|j| LorageHp\n|\n|switch|p2a: Kommo-o|Kommo-o, F|59\/100 brn\n|-damage|p2a: Kommo-o|47\/100 brn|[from] Spikes\n|move|p1a: Mew|Roost|p1a: Mew\n|-heal|p1a: Mew|99\/100\n|-singleturn|p1a: Mew|move: Roost\n|\n|-damage|p2a: Kommo-o|40\/100 brn|[from] brn\n|upkeep\n|turn|24\n|l| LorageHp\n|\n|switch|p1a: Toxapex|Toxapex, F, shiny|95\/100\n|-damage|p1a: Toxapex|83\/100|[from] Stealth Rock\n|switch|p2a: Magearna|Magearna|70\/100\n|-damage|p2a: Magearna|57\/100|[from] Spikes\n|\n|-heal|p1a: Toxapex|89\/100|[from] item: Black Sludge\n|upkeep\n|turn|25\n|\n|move|p2a: Magearna|Thunderbolt|p1a: Toxapex\n|-supereffective|p1a: Toxapex\n|-damage|p1a: Toxapex|47\/100\n|move|p1a: Toxapex|Scald|p2a: Magearna\n|-damage|p2a: Magearna|45\/100\n|-status|p2a: Magearna|brn\n|-enditem|p2a: Magearna|Sitrus Berry|[eat]\n|-heal|p2a: Magearna|70\/100 brn|[from] item: Sitrus Berry\n|\n|-heal|p1a: Toxapex|53\/100|[from] item: Black Sludge\n|-damage|p2a: Magearna|64\/100 brn|[from] brn\n|upkeep\n|turn|26\n|\n|switch|p1a: Mew|Mew|99\/100\n|-damage|p1a: Mew|86\/100|[from] Stealth Rock\n|move|p2a: Magearna|Thunderbolt|p1a: Mew\n|-damage|p1a: Mew|70\/100\n|\n|-damage|p2a: Magearna|58\/100 brn|[from] brn\n|upkeep\n|turn|27\n|\n|switch|p2a: Kommo-o|Kommo-o, F|40\/100 brn\n|-damage|p2a: Kommo-o|28\/100 brn|[from] Spikes\n|move|p1a: Mew|Psychic|p2a: Kommo-o\n|-supereffective|p2a: Kommo-o\n|-damage|p2a: Kommo-o|0 fnt\n|faint|p2a: Kommo-o\n|\n|upkeep\n|j| Gronkledurr\n|\n|switch|p2a: Cinderace|Cinderace, F|100\/100\n|turn|28\n|j| supahotmeme\n|\n|switch|p1a: Mandibuzz|Mandibuzz, F, shiny|100\/100\n|move|p2a: Cinderace|U-turn|p1a: Mandibuzz\n|-start|p2a: Cinderace|typechange|Bug|[from] ability: Libero\n|-damage|p1a: Mandibuzz|82\/100\n|\n|switch|p2a: Comfey|Comfey, F|100\/100|[from]move: U-turn\n|-damage|p2a: Comfey|88\/100|[from] Spikes\n|\n|upkeep\n|turn|29\n|\n|switch|p1a: Chansey|Chansey, F|80\/100\n|-damage|p1a: Chansey|67\/100|[from] Stealth Rock\n|move|p2a: Comfey|Calm Mind|p2a: Comfey\n|-boost|p2a: Comfey|spa|1\n|-boost|p2a: Comfey|spd|1\n|\n|upkeep\n|turn|30\n|\n|switch|p2a: Gengar|Gengar, F|37\/100\n|-damage|p2a: Gengar|25\/100|[from] Spikes\n|move|p1a: Chansey|Toxic|p2a: Gengar\n|-immune|p2a: Gengar\n|\n|upkeep\n|turn|31\n|\n|switch|p1a: Toxapex|Toxapex, F, shiny|86\/100\n|-damage|p1a: Toxapex|74\/100|[from] Stealth Rock\n|move|p2a: Gengar|Sludge Wave|p1a: Toxapex\n|-resisted|p1a: Toxapex\n|-damage|p1a: Toxapex|52\/100\n|\n|-heal|p1a: Toxapex|58\/100|[from] item: Black Sludge\n|upkeep\n|turn|32\n|\n|switch|p2a: Magearna|Magearna|58\/100 brn\n|-damage|p2a: Magearna|45\/100 brn|[from] Spikes\n|move|p1a: Toxapex|Knock Off|p2a: Magearna\n|-resisted|p2a: Magearna\n|-damage|p2a: Magearna|42\/100 brn\n|\n|-heal|p1a: Toxapex|64\/100|[from] item: Black Sludge\n|-damage|p2a: Magearna|36\/100 brn|[from] brn\n|upkeep\n|turn|33\n|\n|switch|p1a: Mew|Mew|70\/100\n|-damage|p1a: Mew|58\/100|[from] Stealth Rock\n|move|p2a: Magearna|Thunderbolt|p1a: Mew\n|-damage|p1a: Mew|40\/100\n|\n|-damage|p2a: Magearna|30\/100 brn|[from] brn\n|upkeep\n|turn|34\n|j| Halfking\n|inactive|Battle timer is ON: inactive players will automatically lose when time's up. (requested by Meroz)\n|\n|move|p1a: Mew|Psychic|p2a: Magearna\n|-resisted|p2a: Magearna\n|-damage|p2a: Magearna|18\/100 brn\n|move|p2a: Magearna|Draining Kiss|p1a: Mew\n|-damage|p1a: Mew|27\/100\n|-heal|p2a: Magearna|29\/100 brn|[from] drain|[of] p1a: Mew\n|\n|-damage|p2a: Magearna|23\/100 brn|[from] brn\n|upkeep\n|turn|35\n|j| lol nice dc pc\n|\n|switch|p1a: Chansey|Chansey, F|67\/100\n|-damage|p1a: Chansey|55\/100|[from] Stealth Rock\n|move|p2a: Magearna|Draining Kiss|p1a: Chansey\n|-damage|p1a: Chansey|49\/100\n|-heal|p2a: Magearna|33\/100 brn|[from] drain|[of] p1a: Chansey\n|\n|-damage|p2a: Magearna|27\/100 brn|[from] brn\n|upkeep\n|turn|36\n|\n|move|p2a: Magearna|Draining Kiss|p1a: Chansey\n|-damage|p1a: Chansey|42\/100\n|-heal|p2a: Magearna|36\/100 brn|[from] drain|[of] p1a: Chansey\n|move|p1a: Chansey|Soft-Boiled|p1a: Chansey\n|-heal|p1a: Chansey|92\/100\n|\n|-damage|p2a: Magearna|30\/100 brn|[from] brn\n|upkeep\n|turn|37\n|\n|move|p2a: Magearna|Volt Switch|p1a: Chansey\n|-damage|p1a: Chansey|86\/100\n|\n|switch|p2a: Gengar|Gengar, F|25\/100|[from]move: Volt Switch\n|-damage|p2a: Gengar|12\/100|[from] Spikes\n|move|p1a: Chansey|Stealth Rock|p2a: Gengar\n|-sidestart|p2: Meroz|move: Stealth Rock\n|\n|upkeep\n|turn|38\n|\n|switch|p1a: Toxapex|Toxapex, F, shiny|98\/100\n|-damage|p1a: Toxapex|85\/100|[from] Stealth Rock\n|move|p2a: Gengar|Nasty Plot|p2a: Gengar\n|-boost|p2a: Gengar|spa|2\n|\n|-heal|p1a: Toxapex|91\/100|[from] item: Black Sludge\n|upkeep\n|turn|39\n|\n|move|p2a: Gengar|Shadow Ball|p1a: Toxapex\n|-damage|p1a: Toxapex|27\/100\n|move|p1a: Toxapex|Knock Off|p2a: Gengar\n|-supereffective|p2a: Gengar\n|-damage|p2a: Gengar|0 fnt\n|faint|p2a: Gengar\n|\n|-heal|p1a: Toxapex|33\/100|[from] item: Black Sludge\n|upkeep\n|l| Gronkledurr\n|\n|switch|p2a: Comfey|Comfey, F|88\/100\n|-damage|p2a: Comfey|76\/100|[from] Spikes\n|-damage|p2a: Comfey|63\/100|[from] Stealth Rock\n|turn|40\n|\n|switch|p2a: Cinderace|Cinderace, F|100\/100\n|switch|p1a: Chansey|Chansey, F|86\/100\n|-damage|p1a: Chansey|73\/100|[from] Stealth Rock\n|\n|upkeep\n|turn|41\n|\n|switch|p1a: Mandibuzz|Mandibuzz, F, shiny|82\/100\n|move|p2a: Cinderace|Court Change|p2a: Cinderace\n|-start|p2a: Cinderace|typechange|Normal|[from] ability: Libero\n|-sideend|p2: Meroz|Spikes|[silent]\n|-sidestart|p1: Q114|Spikes|[silent]\n|-sideend|p2: Meroz|Stealth Rock|[silent]\n|-sideend|p1: Q114|Stealth Rock|[silent]\n|-sidestart|p2: Meroz|Stealth Rock|[silent]\n|-sidestart|p1: Q114|Stealth Rock|[silent]\n|-activate|p2a: Cinderace|move: Court Change\n|\n|upkeep\n|turn|42\n|j| dwawdwf\n|\n|move|p2a: Cinderace|U-turn|p1a: Mandibuzz\n|-start|p2a: Cinderace|typechange|Bug|[from] ability: Libero\n|-damage|p1a: Mandibuzz|61\/100\n|\n|switch|p2a: Terrakion|Terrakion|100\/100|[from]move: U-turn\n|-damage|p2a: Terrakion|94\/100|[from] Stealth Rock\n|move|p1a: Mandibuzz|Defog|p2a: Terrakion\n|-unboost|p2a: Terrakion|evasion|1\n|-sideend|p2: Meroz|Stealth Rock|[from] move: Defog|[of] p1a: Mandibuzz\n|-sideend|p1: Q114|Spikes|[from] move: Defog|[of] p1a: Mandibuzz\n|-sideend|p1: Q114|Stealth Rock|[from] move: Defog|[of] p1a: Mandibuzz\n|\n|upkeep\n|turn|43\n|\n|switch|p1a: Toxapex|Toxapex, F, shiny|66\/100\n|move|p2a: Terrakion|Rock Slide|p1a: Toxapex\n|-damage|p1a: Toxapex|41\/100\n|\n|-heal|p1a: Toxapex|47\/100|[from] item: Black Sludge\n|upkeep\n|turn|44\n|j| 47dhd\n|\n|move|p2a: Terrakion|Rock Slide|p1a: Toxapex\n|-damage|p1a: Toxapex|24\/100\n|cant|p1a: Toxapex|flinch\n|\n|-heal|p1a: Toxapex|30\/100|[from] item: Black Sludge\n|upkeep\n|turn|45\n|\n|switch|p2a: Comfey|Comfey, F|63\/100\n|move|p1a: Toxapex|Scald|p2a: Comfey\n|-damage|p2a: Comfey|44\/100\n|\n|-heal|p1a: Toxapex|36\/100|[from] item: Black Sludge\n|upkeep\n|turn|46\n|\n|switch|p1a: Chansey|Chansey, F|73\/100\n|move|p2a: Comfey|Draining Kiss|p1a: Chansey\n|-damage|p1a: Chansey|64\/100\n|-heal|p2a: Comfey|61\/100|[from] drain|[of] p1a: Chansey\n|-damage|p2a: Comfey|51\/100|[from] item: Life Orb\n|\n|upkeep\n|turn|47\n|j| dra15\n|\n|switch|p2a: Terrakion|Terrakion|94\/100\n|move|p1a: Chansey|Toxic|p2a: Terrakion\n|-status|p2a: Terrakion|tox\n|\n|-damage|p2a: Terrakion|88\/100 tox|[from] psn\n|upkeep\n|turn|48\n|-message|Meroz forfeited.\n|\n|win|Q114\n|l|\u2606Meroz\n|l| dra15\n||Ladder (probably) updated, but score could not be retrieved (Request timeout).\n|l| Jey2\n","uploadtime":1593706706,"views":72,"p1id":"q114","p2id":"meroz","formatid":"gen8ou","rating":0,"private":0,"password":null}