{"id":"gen8ou-1574336613","p1":"darthputin","p2":"2(H2O)-Alt","format":"gen8ou","log":"|j|\u2606darthputin\n|j|\u26062(H2O)-Alt\n|t:|1652482140\n|gametype|singles\n|player|p1|darthputin|steven|1625\n|player|p2|2(H2O)-Alt|ninjaboy|1535\n|teamsize|p1|6\n|teamsize|p2|6\n|gen|8\n|tier|[Gen 8] OU\n|rated|\n|rule|Sleep Clause Mod: Limit one foe put to sleep\n|rule|Species Clause: Limit one of each Pok\u00e9mon\n|rule|OHKO Clause: OHKO moves are banned\n|rule|Evasion Moves Clause: Evasion moves are banned\n|rule|Endless Battle Clause: Forcing endless battles is banned\n|rule|HP Percentage Mod: HP is shown in percentages\n|rule|Dynamax Clause: You cannot dynamax\n|clearpoke\n|poke|p1|Dragonite, F|\n|poke|p1|Tapu Koko|\n|poke|p1|Blissey, F|\n|poke|p1|Ditto|\n|poke|p1|Kartana|\n|poke|p1|Hawlucha, M|\n|poke|p2|Tapu Lele|\n|poke|p2|Tyranitar, M|\n|poke|p2|Toxapex, M|\n|poke|p2|Corviknight, M|\n|poke|p2|Blacephalon|\n|poke|p2|Landorus-Therian, M|\n|teampreview\n|inactive|Battle timer is ON: inactive players will automatically lose when time's up. (requested by 2(H2O)-Alt)\n|\n|t:|1652482147\n|start\n|switch|p1a: Tapu Koko|Tapu Koko|100\/100\n|switch|p2a: Landorus|Landorus-Therian, M|100\/100\n|-fieldstart|move: Electric Terrain|[from] ability: Electric Surge|[of] p1a: Tapu Koko\n|-ability|p2a: Landorus|Intimidate|boost\n|-unboost|p1a: Tapu Koko|atk|1\n|turn|1\n|\n|t:|1652482156\n|move|p1a: Tapu Koko|U-turn|p2a: Landorus\n|-resisted|p2a: Landorus\n|-damage|p2a: Landorus|96\/100\n|\n|t:|1652482159\n|switch|p1a: Ditto|Ditto|100\/100|[from]move: U-turn\n|-transform|p1a: Ditto|p2a: Landorus|[from] ability: Imposter\n|-ability|p1a: Ditto|Intimidate|boost\n|-unboost|p2a: Landorus|atk|1\n|move|p2a: Landorus|Stealth Rock|p1a: Ditto\n|-sidestart|p1: darthputin|move: Stealth Rock\n|\n|-heal|p2a: Landorus|100\/100|[from] item: Leftovers\n|upkeep\n|turn|2\n|\n|t:|1652482170\n|move|p1a: Ditto|Stealth Rock|p2a: Landorus\n|-sidestart|p2: 2(H2O)-Alt|move: Stealth Rock\n|move|p2a: Landorus|Toxic|p1a: Ditto\n|-status|p1a: Ditto|tox\n|\n|-damage|p1a: Ditto|94\/100 tox|[from] psn\n|upkeep\n|turn|3\n|\n|t:|1652482178\n|switch|p1a: Blissey|Blissey, F|100\/100\n|-damage|p1a: Blissey|88\/100|[from] Stealth Rock\n|move|p2a: Landorus|U-turn|p1a: Blissey\n|-damage|p1a: Blissey|74\/100\n|\n|t:|1652482185\n|switch|p2a: Tapu Lele|Tapu Lele|100\/100|[from]move: U-turn\n|-damage|p2a: Tapu Lele|88\/100|[from] Stealth Rock\n|-fieldstart|move: Psychic Terrain|[from] ability: Psychic Surge|[of] p2a: Tapu Lele\n|\n|-heal|p1a: Blissey|81\/100|[from] item: Leftovers\n|upkeep\n|turn|4\n|\n|t:|1652482193\n|move|p1a: Blissey|Protect|p1a: Blissey\n|-singleturn|p1a: Blissey|Protect\n|move|p2a: Tapu Lele|Future Sight|p1a: Blissey\n|-start|p2a: Tapu Lele|move: Future Sight\n|\n|-heal|p1a: Blissey|87\/100|[from] item: Leftovers\n|upkeep\n|turn|5\n|j| DA COME UP \u2605\u5f61\n|\n|t:|1652482200\n|switch|p2a: Tyranitar|Tyranitar, M|100\/100\n|-damage|p2a: Tyranitar|88\/100|[from] Stealth Rock\n|-weather|Sandstorm|[from] ability: Sand Stream|[of] p2a: Tyranitar\n|move|p1a: Blissey|Soft-Boiled|p1a: Blissey\n|-heal|p1a: Blissey|100\/100\n|\n|-weather|Sandstorm|[upkeep]\n|-damage|p1a: Blissey|94\/100|[from] Sandstorm\n|-heal|p1a: Blissey|100\/100|[from] item: Leftovers\n|upkeep\n|turn|6\n|\n|t:|1652482212\n|move|p1a: Blissey|Protect|p1a: Blissey\n|-singleturn|p1a: Blissey|Protect\n|move|p2a: Tyranitar|Stone Edge|p1a: Blissey\n|-activate|p1a: Blissey|move: Protect\n|\n|-weather|Sandstorm|[upkeep]\n|-damage|p1a: Blissey|94\/100|[from] Sandstorm\n|-end|p1a: Blissey|move: Future Sight\n|-damage|p1a: Blissey|66\/100\n|-heal|p1a: Blissey|73\/100|[from] item: Leftovers\n|upkeep\n|turn|7\n|\n|t:|1652482223\n|switch|p1a: Kartana|Kartana|100\/100\n|-damage|p1a: Kartana|94\/100|[from] Stealth Rock\n|move|p2a: Tyranitar|Stone Edge|p1a: Kartana\n|-resisted|p1a: Kartana\n|-damage|p1a: Kartana|46\/100\n|\n|-weather|Sandstorm|[upkeep]\n|-heal|p1a: Kartana|52\/100|[from] item: Leftovers\n|-fieldend|move: Psychic Terrain\n|upkeep\n|turn|8\n|\n|t:|1652482234\n|switch|p2a: Corviknight|Corviknight, M|100\/100\n|-damage|p2a: Corviknight|88\/100|[from] Stealth Rock\n|-ability|p2a: Corviknight|Pressure\n|move|p1a: Kartana|Swords Dance|p1a: Kartana\n|-boost|p1a: Kartana|atk|2\n|\n|-weather|Sandstorm|[upkeep]\n|-heal|p1a: Kartana|58\/100|[from] item: Leftovers\n|upkeep\n|turn|9\n|\n|t:|1652482245\n|move|p1a: Kartana|Sacred Sword|p2a: Corviknight\n|-damage|p2a: Corviknight|36\/100\n|-damage|p1a: Kartana|41\/100|[from] item: Rocky Helmet|[of] p2a: Corviknight\n|move|p2a: Corviknight|Body Press|p1a: Kartana\n|-supereffective|p1a: Kartana\n|-damage|p1a: Kartana|0 fnt\n|faint|p1a: Kartana\n|\n|-weather|none\n|upkeep\n|\n|t:|1652482248\n|switch|p1a: Tapu Koko|Tapu Koko|100\/100\n|-fieldstart|move: Electric Terrain|[from] ability: Electric Surge|[of] p1a: Tapu Koko\n|turn|10\n|\n|t:|1652482258\n|move|p1a: Tapu Koko|Thunderbolt|p2a: Corviknight\n|-supereffective|p2a: Corviknight\n|-damage|p2a: Corviknight|0 fnt\n|faint|p2a: Corviknight\n|\n|upkeep\n|\n|t:|1652482264\n|switch|p2a: Tapu Lele|Tapu Lele|88\/100\n|-damage|p2a: Tapu Lele|76\/100|[from] Stealth Rock\n|-fieldstart|move: Psychic Terrain|[from] ability: Psychic Surge|[of] p2a: Tapu Lele\n|turn|11\n|\n|t:|1652482271\n|switch|p1a: Ditto|Ditto|94\/100 tox\n|-damage|p1a: Ditto|82\/100 tox|[from] Stealth Rock\n|-transform|p1a: Ditto|p2a: Tapu Lele|[from] ability: Imposter\n|move|p2a: Tapu Lele|Focus Blast|p1a: Ditto|[miss]\n|-miss|p2a: Tapu Lele|p1a: Ditto\n|\n|-damage|p1a: Ditto|76\/100 tox|[from] psn\n|upkeep\n|turn|12\n|\n|t:|1652482283\n|switch|p2a: Tyranitar|Tyranitar, M|88\/100\n|-damage|p2a: Tyranitar|76\/100|[from] Stealth Rock\n|-weather|Sandstorm|[from] ability: Sand Stream|[of] p2a: Tyranitar\n|move|p1a: Ditto|Moonblast|p2a: Tyranitar\n|-supereffective|p2a: Tyranitar\n|-damage|p2a: Tyranitar|25\/100\n|-unboost|p2a: Tyranitar|spa|1\n|\n|-weather|Sandstorm|[upkeep]\n|-damage|p1a: Ditto|70\/100 tox|[from] Sandstorm\n|-damage|p1a: Ditto|58\/100 tox|[from] psn\n|upkeep\n|turn|13\n|\n|t:|1652482296\n|switch|p2a: Toxapex|Toxapex, M|100\/100\n|-damage|p2a: Toxapex|88\/100|[from] Stealth Rock\n|move|p1a: Ditto|Moonblast|p2a: Toxapex\n|-resisted|p2a: Toxapex\n|-damage|p2a: Toxapex|67\/100\n|-enditem|p2a: Toxapex|Eject Button\n|\n|t:|1652482306\n|switch|p2a: Landorus|Landorus-Therian, M|100\/100\n|-damage|p2a: Landorus|88\/100|[from] Stealth Rock\n|-ability|p2a: Landorus|Intimidate|boost\n|-unboost|p1a: Ditto|atk|1\n|\n|-weather|Sandstorm|[upkeep]\n|-damage|p1a: Ditto|52\/100 tox|[from] Sandstorm\n|-heal|p2a: Landorus|94\/100|[from] item: Leftovers\n|-damage|p1a: Ditto|34\/100 tox|[from] psn\n|upkeep\n|turn|14\n|\n|t:|1652482318\n|switch|p1a: Blissey|Blissey, F|73\/100\n|-damage|p1a: Blissey|60\/100|[from] Stealth Rock\n|move|p2a: Landorus|U-turn|p1a: Blissey\n|-damage|p1a: Blissey|40\/100\n|\n|t:|1652482324\n|switch|p2a: Tyranitar|Tyranitar, M|25\/100|[from]move: U-turn\n|-damage|p2a: Tyranitar|12\/100|[from] Stealth Rock\n|\n|-weather|Sandstorm|[upkeep]\n|-damage|p1a: Blissey|34\/100|[from] Sandstorm\n|-heal|p1a: Blissey|40\/100|[from] item: Leftovers\n|upkeep\n|turn|15\n|\n|t:|1652482339\n|move|p1a: Blissey|Protect|p1a: Blissey\n|-singleturn|p1a: Blissey|Protect\n|move|p2a: Tyranitar|Stone Edge|p1a: Blissey\n|-activate|p1a: Blissey|move: Protect\n|\n|-weather|Sandstorm|[upkeep]\n|-damage|p1a: Blissey|34\/100|[from] Sandstorm\n|-heal|p1a: Blissey|40\/100|[from] item: Leftovers\n|-fieldend|move: Psychic Terrain\n|upkeep\n|turn|16\n|\n|t:|1652482348\n|switch|p1a: Ditto|Ditto|34\/100 tox\n|-damage|p1a: Ditto|22\/100 tox|[from] Stealth Rock\n|-transform|p1a: Ditto|p2a: Tyranitar|[from] ability: Imposter\n|move|p2a: Tyranitar|Stone Edge|p1a: Ditto\n|-damage|p1a: Ditto|0 fnt\n|faint|p1a: Ditto\n|\n|-weather|none\n|upkeep\n|\n|t:|1652482350\n|switch|p1a: Tapu Koko|Tapu Koko|100\/100\n|-fieldstart|move: Electric Terrain|[from] ability: Electric Surge|[of] p1a: Tapu Koko\n|turn|17\n|\n|t:|1652482363\n|switch|p2a: Landorus|Landorus-Therian, M|94\/100\n|-damage|p2a: Landorus|82\/100|[from] Stealth Rock\n|-ability|p2a: Landorus|Intimidate|boost\n|-unboost|p1a: Tapu Koko|atk|1\n|move|p1a: Tapu Koko|Dazzling Gleam|p2a: Landorus\n|-damage|p2a: Landorus|55\/100\n|\n|-heal|p2a: Landorus|61\/100|[from] item: Leftovers\n|upkeep\n|turn|18\n|\n|t:|1652482373\n|move|p1a: Tapu Koko|Dazzling Gleam|p2a: Landorus\n|-damage|p2a: Landorus|34\/100\n|move|p2a: Landorus|Toxic|p1a: Tapu Koko\n|-status|p1a: Tapu Koko|tox\n|\n|-heal|p2a: Landorus|40\/100|[from] item: Leftovers\n|-damage|p1a: Tapu Koko|94\/100 tox|[from] psn\n|upkeep\n|turn|19\n|\n|t:|1652482396\n|switch|p2a: Tyranitar|Tyranitar, M|12\/100\n|-damage|p2a: Tyranitar|0 fnt|[from] Stealth Rock\n|faint|p2a: Tyranitar\n|move|p1a: Tapu Koko|U-turn|p2: Tyranitar|[notarget]\n|-fail|p1a: Tapu Koko\n|\n|-damage|p1a: Tapu Koko|82\/100 tox|[from] psn\n|upkeep\n|\n|t:|1652482405\n|switch|p2a: Tapu Lele|Tapu Lele|76\/100\n|-damage|p2a: Tapu Lele|63\/100|[from] Stealth Rock\n|-fieldstart|move: Psychic Terrain|[from] ability: Psychic Surge|[of] p2a: Tapu Lele\n|turn|20\n|\n|t:|1652482411\n|switch|p1a: Blissey|Blissey, F|40\/100\n|-damage|p1a: Blissey|27\/100|[from] Stealth Rock\n|move|p2a: Tapu Lele|Future Sight|p1a: Blissey\n|-start|p2a: Tapu Lele|move: Future Sight\n|\n|-heal|p1a: Blissey|33\/100|[from] item: Leftovers\n|upkeep\n|turn|21\n|\n|t:|1652482419\n|switch|p2a: Blacephalon|Blacephalon|100\/100\n|-damage|p2a: Blacephalon|76\/100|[from] Stealth Rock\n|move|p1a: Blissey|Soft-Boiled|p1a: Blissey\n|-heal|p1a: Blissey|83\/100\n|\n|-heal|p1a: Blissey|90\/100|[from] item: Leftovers\n|upkeep\n|turn|22\n|\n|t:|1652482428\n|move|p1a: Blissey|Protect|p1a: Blissey\n|-singleturn|p1a: Blissey|Protect\n|move|p2a: Blacephalon|Psyshock|p1a: Blissey\n|-activate|p1a: Blissey|move: Protect\n|\n|-end|p1a: Blissey|move: Future Sight\n|-damage|p1a: Blissey|62\/100\n|-heal|p1a: Blissey|68\/100|[from] item: Leftovers\n|upkeep\n|turn|23\n|\n|t:|1652482438\n|move|p2a: Blacephalon|Psyshock|p1a: Blissey\n|-damage|p1a: Blissey|32\/100\n|move|p1a: Blissey|Soft-Boiled|p1a: Blissey\n|-heal|p1a: Blissey|82\/100\n|\n|-heal|p1a: Blissey|89\/100|[from] item: Leftovers\n|upkeep\n|turn|24\n|-message|2(H2O)-Alt forfeited.\n|\n|win|darthputin\n|raw|darthputin's rating: 1625 &rarr; <strong>1640<\/strong><br \/>(+15 for winning)\n|raw|2(H2O)-Alt's rating: 1535 &rarr; <strong>1520<\/strong><br \/>(-15 for losing)\n|l|\u26062(H2O)-Alt\n|l| DA COME UP \u2605\u5f61\n||Ladder isn't responding, score probably updated but might not have (Request timeout).\n","uploadtime":1652482453,"views":68,"p1id":"darthputin","p2id":"2h2oalt","formatid":"gen8ou","rating":1520,"private":0,"password":null}