{"id":"gen8ou-1669051385","p1":"FuckboyCharmander","p2":"bizarman","format":"gen8ou","log":"|j|\u2606FuckboyCharmander\n|j|\u2606bizarman\n|t:|1664009499\n|gametype|singles\n|player|p1|FuckboyCharmander|169|1718\n|player|p2|bizarman|scientist-gen4|1704\n|teamsize|p1|6\n|teamsize|p2|6\n|gen|8\n|tier|[Gen 8] OU\n|rated|\n|rule|Sleep Clause Mod: Limit one foe put to sleep\n|rule|Species Clause: Limit one of each Pok\u00e9mon\n|rule|OHKO Clause: OHKO moves are banned\n|rule|Evasion Items Clause: Evasion items are banned\n|rule|Evasion Moves Clause: Evasion moves are banned\n|rule|Endless Battle Clause: Forcing endless battles is banned\n|rule|HP Percentage Mod: HP is shown in percentages\n|rule|Dynamax Clause: You cannot dynamax\n|clearpoke\n|poke|p1|Ninetales-Alola, F|\n|poke|p1|Blaziken, M|\n|poke|p1|Azumarill, M|\n|poke|p1|Landorus-Therian, M|\n|poke|p1|Rillaboom, M|\n|poke|p1|Hawlucha, F|\n|poke|p2|Garchomp, M|\n|poke|p2|Heatran, M|\n|poke|p2|Corviknight, M|\n|poke|p2|Zeraora|\n|poke|p2|Tapu Lele|\n|poke|p2|Rotom-Wash|\n|teampreview\n|inactive|Battle timer is ON: inactive players will automatically lose when time's up. (requested by bizarman)\n|inactive|FuckboyCharmander has 120 seconds left.\n|\n|t:|1664009540\n|start\n|switch|p1a: Landorus|Landorus-Therian, M|100\/100\n|switch|p2a: Heatran|Heatran, M|100\/100\n|-ability|p1a: Landorus|Intimidate|boost\n|-unboost|p2a: Heatran|atk|1\n|turn|1\n|\n|t:|1664009556\n|switch|p1a: Blaziken|Blaziken, M|100\/100\n|switch|p2a: Corviknight|Corviknight, M|100\/100\n|-ability|p2a: Corviknight|Pressure\n|\n|upkeep\n|turn|2\n|\n|t:|1664009562\n|move|p1a: Blaziken|Swords Dance|p1a: Blaziken\n|-boost|p1a: Blaziken|atk|2\n|move|p2a: Corviknight|Brave Bird|p1a: Blaziken\n|-supereffective|p1a: Blaziken\n|-damage|p1a: Blaziken|0 fnt\n|faint|p1a: Blaziken\n|-damage|p2a: Corviknight|75\/100|[from] Recoil\n|\n|upkeep\n|\n|t:|1664009569\n|switch|p1a: Azumarill|Azumarill, M|100\/100\n|turn|3\n|\n|t:|1664009575\n|move|p2a: Corviknight|U-turn|p1a: Azumarill\n|-resisted|p1a: Azumarill\n|-damage|p1a: Azumarill|93\/100\n|\n|t:|1664009578\n|switch|p2a: Rotom|Rotom-Wash|100\/100|[from]move: U-turn\n|move|p1a: Azumarill|Superpower|p2a: Rotom\n|-damage|p2a: Rotom|46\/100\n|-unboost|p1a: Azumarill|atk|1\n|-unboost|p1a: Azumarill|def|1\n|-damage|p1a: Azumarill|83\/100|[from] item: Life Orb\n|\n|-heal|p2a: Rotom|52\/100|[from] item: Leftovers\n|upkeep\n|turn|4\n|\n|t:|1664009588\n|switch|p1a: Rillaboom|Rillaboom, M|100\/100\n|-fieldstart|move: Grassy Terrain|[from] ability: Grassy Surge|[of] p1a: Rillaboom\n|move|p2a: Rotom|Pain Split|p1a: Rillaboom\n|-sethp|p1a: Rillaboom|74\/100|[from] move: Pain Split|[silent]\n|-sethp|p2a: Rotom|83\/100|[from] move: Pain Split\n|\n|-heal|p1a: Rillaboom|80\/100|[from] Grassy Terrain\n|-heal|p2a: Rotom|89\/100|[from] item: Leftovers\n|upkeep\n|turn|5\n|j| TwoTreesWaiting\n|\n|t:|1664009599\n|switch|p2a: Corviknight|Corviknight, M|75\/100\n|-ability|p2a: Corviknight|Pressure\n|move|p1a: Rillaboom|Swords Dance|p1a: Rillaboom\n|-boost|p1a: Rillaboom|atk|2\n|\n|-heal|p1a: Rillaboom|86\/100|[from] Grassy Terrain\n|upkeep\n|turn|6\n|\n|t:|1664009606\n|move|p1a: Rillaboom|Knock Off|p2a: Corviknight\n|-damage|p2a: Corviknight|16\/100\n|-damage|p1a: Rillaboom|69\/100|[from] item: Rocky Helmet|[of] p2a: Corviknight\n|-enditem|p2a: Corviknight|Rocky Helmet|[from] move: Knock Off|[of] p1a: Rillaboom\n|-damage|p1a: Rillaboom|59\/100|[from] item: Life Orb\n|move|p2a: Corviknight|Brave Bird|p1a: Rillaboom\n|-supereffective|p1a: Rillaboom\n|-damage|p1a: Rillaboom|0 fnt\n|faint|p1a: Rillaboom\n|-damage|p2a: Corviknight|0 fnt|[from] Recoil\n|faint|p2a: Corviknight\n|\n|upkeep\n|\n|t:|1664009618\n|switch|p1a: Hawlucha|Hawlucha, F|100\/100\n|switch|p2a: Heatran|Heatran, M|100\/100\n|-enditem|p1a: Hawlucha|Grassy Seed\n|-boost|p1a: Hawlucha|def|1|[from] item: Grassy Seed\n|turn|7\n|\n|t:|1664009625\n|move|p1a: Hawlucha|Substitute|p1a: Hawlucha\n|-start|p1a: Hawlucha|Substitute\n|-damage|p1a: Hawlucha|76\/100\n|move|p2a: Heatran|Magma Storm|p1a: Hawlucha\n|-end|p1a: Hawlucha|Substitute\n|\n|upkeep\n|turn|8\n|\n|t:|1664009632\n|switch|p2a: Rotom|Rotom-Wash|89\/100\n|move|p1a: Hawlucha|Substitute|p1a: Hawlucha\n|-start|p1a: Hawlucha|Substitute\n|-damage|p1a: Hawlucha|51\/100\n|\n|-heal|p2a: Rotom|95\/100|[from] item: Leftovers\n|-fieldend|move: Grassy Terrain\n|upkeep\n|turn|9\n|\n|t:|1664009639\n|move|p1a: Hawlucha|Swords Dance|p1a: Hawlucha\n|-boost|p1a: Hawlucha|atk|2\n|move|p2a: Rotom|Volt Switch|p1a: Hawlucha\n|-supereffective|p1a: Hawlucha\n|-end|p1a: Hawlucha|Substitute\n|inactive|bizarman has 120 seconds left.\n|\n|t:|1664009675\n|switch|p2a: Garchomp|Garchomp, M|100\/100|[from]move: Volt Switch\n|\n|upkeep\n|turn|10\n|\n|t:|1664009679\n|move|p1a: Hawlucha|Close Combat|p2a: Garchomp\n|-damage|p2a: Garchomp|0 fnt\n|-unboost|p1a: Hawlucha|def|1\n|-unboost|p1a: Hawlucha|spd|1\n|-damage|p1a: Hawlucha|38\/100|[from] ability: Rough Skin|[of] p2a: Garchomp\n|faint|p2a: Garchomp\n|\n|upkeep\n|\n|t:|1664009686\n|switch|p2a: Tapu Lele|Tapu Lele|100\/100\n|-fieldstart|move: Psychic Terrain|[from] ability: Psychic Surge|[of] p2a: Tapu Lele\n|turn|11\n|\n|t:|1664009690\n|move|p1a: Hawlucha|Acrobatics|p2a: Tapu Lele\n|-damage|p2a: Tapu Lele|0 fnt\n|faint|p2a: Tapu Lele\n|\n|upkeep\n|\n|t:|1664009695\n|switch|p2a: Rotom|Rotom-Wash|95\/100\n|turn|12\n|\n|t:|1664009697\n|move|p1a: Hawlucha|Close Combat|p2a: Rotom\n|-damage|p2a: Rotom|11\/100\n|-unboost|p1a: Hawlucha|def|1\n|-unboost|p1a: Hawlucha|spd|1\n|move|p2a: Rotom|Volt Switch|p1a: Hawlucha\n|-supereffective|p1a: Hawlucha\n|-damage|p1a: Hawlucha|0 fnt\n|faint|p1a: Hawlucha\n|c|\u2606bizarman|i am stupid lol\n|\n|t:|1664009715\n|switch|p2a: Heatran|Heatran, M|100\/100|[from]move: Volt Switch\n|\n|upkeep\n|\n|t:|1664009719\n|switch|p1a: Landorus|Landorus-Therian, M|100\/100\n|-ability|p1a: Landorus|Intimidate|boost\n|-unboost|p2a: Heatran|atk|1\n|turn|13\n|\n|t:|1664009723\n|move|p1a: Landorus|Earthquake|p2a: Heatran\n|-supereffective|p2a: Heatran\n|-damage|p2a: Heatran|0 fnt\n|faint|p2a: Heatran\n|\n|upkeep\n|\n|t:|1664009727\n|switch|p2a: Rotom|Rotom-Wash|11\/100\n|turn|14\n|\n|t:|1664009730\n|move|p1a: Landorus|Knock Off|p2a: Rotom\n|-damage|p2a: Rotom|0 fnt\n|-enditem|p2a: Rotom|Leftovers|[from] move: Knock Off|[of] p1a: Landorus\n|faint|p2a: Rotom\n|\n|upkeep\n|-message|bizarman forfeited.\n|\n|win|FuckboyCharmander\n|raw|FuckboyCharmander's rating: 1718 &rarr; <strong>1737<\/strong><br \/>(+19 for winning)\n|raw|bizarman's rating: 1704 &rarr; <strong>1685<\/strong><br \/>(-19 for losing)\n|l|\u2606bizarman\n|l|\u2606FuckboyCharmander\n","uploadtime":1664009820,"views":34,"p1id":"fuckboycharmander","p2id":"bizarman","formatid":"gen8ou","rating":1685,"private":0,"password":null}