{"id":"gen8ou-1529715021","p1":"Taiki12123","p2":"bramitoboy","format":"gen8ou","log":"|j|\u2606Taiki12123\n|j|\u2606bramitoboy\n|t:|1647167045\n|gametype|singles\n|player|p1|Taiki12123|101|1686\n|player|p2|bramitoboy|102|1739\n|teamsize|p1|6\n|teamsize|p2|6\n|gen|8\n|tier|[Gen 8] OU\n|rated|\n|rule|Sleep Clause Mod: Limit one foe put to sleep\n|rule|Species Clause: Limit one of each Pok\u00e9mon\n|rule|OHKO Clause: OHKO moves are banned\n|rule|Evasion Moves Clause: Evasion moves are banned\n|rule|Endless Battle Clause: Forcing endless battles is banned\n|rule|HP Percentage Mod: HP is shown in percentages\n|rule|Dynamax Clause: You cannot dynamax\n|clearpoke\n|poke|p1|Landorus-Therian, M|\n|poke|p1|Aegislash, M|\n|poke|p1|Regieleki|\n|poke|p1|Tapu Fini|\n|poke|p1|Hydreigon, F|\n|poke|p1|Victini|\n|poke|p2|Zarude-Dada|\n|poke|p2|Keldeo-Resolute|\n|poke|p2|Tapu Lele|\n|poke|p2|Tapu Koko|\n|poke|p2|Heatran, F|\n|poke|p2|Landorus-Therian, M|\n|teampreview\n|inactive|Battle timer is ON: inactive players will automatically lose when time's up. (requested by Taiki12123)\n|\n|t:|1647167054\n|start\n|switch|p1a: Victini|Victini|100\/100\n|switch|p2a: Tapu Koko|Tapu Koko|100\/100\n|-fieldstart|move: Electric Terrain|[from] ability: Electric Surge|[of] p2a: Tapu Koko\n|turn|1\n|\n|t:|1647167073\n|move|p2a: Tapu Koko|Thunderbolt|p1a: Victini\n|-damage|p1a: Victini|55\/100\n|move|p1a: Victini|Final Gambit|p2a: Tapu Koko\n|-damage|p2a: Tapu Koko|22\/100\n|faint|p1a: Victini\n|\n|upkeep\n|j| klihjuz\n|\n|t:|1647167080\n|switch|p1a: Hydreigon|Hydreigon, F|100\/100\n|turn|2\n|j| LT_Alt1\n|j| waraha\n|\n|t:|1647167086\n|switch|p2a: Keldeo|Keldeo-Resolute|100\/100\n|move|p1a: Hydreigon|Dark Pulse|p2a: Keldeo\n|-resisted|p2a: Keldeo\n|-damage|p2a: Keldeo|76\/100\n|-ability|p2a: Keldeo|Justified|boost\n|-boost|p2a: Keldeo|atk|1\n|\n|-heal|p2a: Keldeo|82\/100|[from] item: Leftovers\n|upkeep\n|turn|3\n|\n|t:|1647167092\n|switch|p1a: Tapu Fini|Tapu Fini|100\/100\n|-fieldstart|move: Misty Terrain|[from] ability: Misty Surge|[of] p1a: Tapu Fini\n|switch|p2a: Zarude|Zarude-Dada|100\/100\n|\n|upkeep\n|turn|4\n|\n|t:|1647167099\n|switch|p1a: Hydreigon|Hydreigon, F|100\/100\n|move|p2a: Zarude|Power Whip|p1a: Hydreigon\n|-resisted|p1a: Hydreigon\n|-damage|p1a: Hydreigon|60\/100\n|-damage|p2a: Zarude|91\/100|[from] item: Life Orb\n|\n|upkeep\n|turn|5\n|\n|t:|1647167115\n|switch|p2a: Heatran|Heatran, F|100\/100\n|-item|p2a: Heatran|Air Balloon\n|move|p1a: Hydreigon|Draco Meteor|p2a: Heatran\n|-resisted|p2a: Heatran\n|-damage|p2a: Heatran|71\/100\n|-unboost|p1a: Hydreigon|spa|2\n|-enditem|p2a: Heatran|Air Balloon\n|\n|upkeep\n|turn|6\n|\n|t:|1647167125\n|switch|p1a: Tapu Fini|Tapu Fini|100\/100\n|switch|p2a: Zarude|Zarude-Dada|91\/100\n|\n|upkeep\n|turn|7\n|j| 9o5p23\n|\n|t:|1647167132\n|switch|p1a: Aegislash|Aegislash, M|100\/100\n|move|p2a: Zarude|Power Whip|p1a: Aegislash\n|-resisted|p1a: Aegislash\n|-damage|p1a: Aegislash|69\/100\n|-damage|p2a: Zarude|81\/100|[from] item: Life Orb\n|\n|-heal|p1a: Aegislash|75\/100|[from] item: Leftovers\n|-fieldend|Misty Terrain\n|upkeep\n|turn|8\n|\n|t:|1647167137\n|move|p1a: Aegislash|King's Shield|p1a: Aegislash\n|-singleturn|p1a: Aegislash|Protect\n|move|p2a: Zarude|Bulk Up|p2a: Zarude\n|-boost|p2a: Zarude|atk|1\n|-boost|p2a: Zarude|def|1\n|\n|-heal|p1a: Aegislash|82\/100|[from] item: Leftovers\n|upkeep\n|turn|9\n|\n|t:|1647167144\n|move|p2a: Zarude|Darkest Lariat|p1a: Aegislash\n|-supereffective|p1a: Aegislash\n|-damage|p1a: Aegislash|0 fnt\n|faint|p1a: Aegislash\n|-damage|p2a: Zarude|71\/100|[from] item: Life Orb\n|\n|upkeep\n|\n|t:|1647167147\n|switch|p1a: Landorus|Landorus-Therian, M|100\/100\n|-ability|p1a: Landorus|Intimidate|boost\n|-unboost|p2a: Zarude|atk|1\n|turn|10\n|\n|t:|1647167153\n|switch|p2a: Landorus|Landorus-Therian, M|100\/100\n|-ability|p2a: Landorus|Intimidate|boost\n|-unboost|p1a: Landorus|atk|1\n|move|p1a: Landorus|U-turn|p2a: Landorus\n|-resisted|p2a: Landorus\n|-damage|p2a: Landorus|95\/100\n|-damage|p1a: Landorus|84\/100|[from] item: Rocky Helmet|[of] p2a: Landorus\n|\n|t:|1647167159\n|switch|p1a: Tapu Fini|Tapu Fini|100\/100|[from]move: U-turn\n|-fieldstart|move: Misty Terrain|[from] ability: Misty Surge|[of] p1a: Tapu Fini\n|\n|upkeep\n|turn|11\n|\n|t:|1647167165\n|switch|p2a: Tapu Lele|Tapu Lele|100\/100\n|-fieldstart|move: Psychic Terrain|[from] ability: Psychic Surge|[of] p2a: Tapu Lele\n|move|p1a: Tapu Fini|Moonblast|p2a: Tapu Lele\n|-damage|p2a: Tapu Lele|77\/100\n|\n|upkeep\n|turn|12\n|\n|t:|1647167179\n|move|p2a: Tapu Lele|Psyshock|p1a: Tapu Fini\n|-damage|p1a: Tapu Fini|61\/100\n|move|p1a: Tapu Fini|Nature's Madness|p2a: Tapu Lele\n|-damage|p2a: Tapu Lele|39\/100\n|\n|-heal|p1a: Tapu Fini|67\/100|[from] item: Leftovers\n|upkeep\n|turn|13\n|\n|t:|1647167186\n|move|p2a: Tapu Lele|Moonblast|p1a: Tapu Fini\n|-damage|p1a: Tapu Fini|21\/100\n|-unboost|p1a: Tapu Fini|spa|1\n|move|p1a: Tapu Fini|Moonblast|p2a: Tapu Lele\n|-damage|p2a: Tapu Lele|22\/100\n|\n|-heal|p1a: Tapu Fini|28\/100|[from] item: Leftovers\n|upkeep\n|turn|14\n|\n|t:|1647167195\n|move|p2a: Tapu Lele|Moonblast|p1a: Tapu Fini\n|-damage|p1a: Tapu Fini|0 fnt\n|faint|p1a: Tapu Fini\n|\n|upkeep\n|\n|t:|1647167197\n|switch|p1a: Hydreigon|Hydreigon, F|60\/100\n|turn|15\n|\n|t:|1647167208\n|switch|p2a: Keldeo|Keldeo-Resolute|82\/100\n|move|p1a: Hydreigon|Hydro Pump|p2a: Keldeo\n|-resisted|p2a: Keldeo\n|-damage|p2a: Keldeo|61\/100\n|\n|-heal|p2a: Keldeo|67\/100|[from] item: Leftovers\n|-fieldend|move: Psychic Terrain\n|upkeep\n|turn|16\n|\n|t:|1647167213\n|switch|p1a: Regieleki|Regieleki|100\/100\n|move|p2a: Keldeo|Substitute|p2a: Keldeo\n|-start|p2a: Keldeo|Substitute\n|-damage|p2a: Keldeo|42\/100\n|\n|-heal|p2a: Keldeo|48\/100|[from] item: Leftovers\n|upkeep\n|turn|17\n|\n|t:|1647167218\n|move|p1a: Regieleki|Volt Switch|p2a: Keldeo\n|-supereffective|p2a: Keldeo\n|-end|p2a: Keldeo|Substitute\n|\n|t:|1647167224\n|switch|p1a: Hydreigon|Hydreigon, F|60\/100|[from]move: Volt Switch\n|move|p2a: Keldeo|Substitute|p2a: Keldeo\n|-start|p2a: Keldeo|Substitute\n|-damage|p2a: Keldeo|23\/100\n|\n|-heal|p2a: Keldeo|30\/100|[from] item: Leftovers\n|upkeep\n|turn|18\n|\n|t:|1647167230\n|switch|p1a: Landorus|Landorus-Therian, M|84\/100\n|-ability|p1a: Landorus|Intimidate|boost\n|-immune|p2a: Keldeo\n|move|p2a: Keldeo|Secret Sword|p1a: Landorus\n|-resisted|p1a: Landorus\n|-damage|p1a: Landorus|68\/100\n|\n|-heal|p2a: Keldeo|36\/100|[from] item: Leftovers\n|-heal|p1a: Landorus|74\/100|[from] item: Leftovers\n|upkeep\n|turn|19\n|\n|t:|1647167241\n|move|p2a: Keldeo|Scald|p1a: Landorus\n|-supereffective|p1a: Landorus\n|-damage|p1a: Landorus|0 fnt\n|faint|p1a: Landorus\n|\n|-heal|p2a: Keldeo|42\/100|[from] item: Leftovers\n|upkeep\n|\n|t:|1647167245\n|switch|p1a: Regieleki|Regieleki|100\/100\n|turn|20\n|\n|t:|1647167257\n|move|p1a: Regieleki|Thunder Cage|p2a: Keldeo\n|-supereffective|p2a: Keldeo\n|-end|p2a: Keldeo|Substitute\n|move|p2a: Keldeo|Secret Sword|p1a: Regieleki\n|-damage|p1a: Regieleki|20\/100\n|\n|-heal|p2a: Keldeo|48\/100|[from] item: Leftovers\n|upkeep\n|turn|21\n|l| LT_Alt1\n|j| LT_Alt1\n|\n|t:|1647167265\n|switch|p2a: Landorus|Landorus-Therian, M|95\/100\n|-ability|p2a: Landorus|Intimidate|boost\n|-unboost|p1a: Regieleki|atk|1\n|move|p1a: Regieleki|Explosion|p2a: Landorus\n|-damage|p2a: Landorus|70\/100\n|faint|p1a: Regieleki\n|\n|upkeep\n|\n|t:|1647167267\n|switch|p1a: Hydreigon|Hydreigon, F|60\/100\n|turn|22\n|l| LT_Alt1\n|\n|t:|1647167273\n|switch|p2a: Keldeo|Keldeo-Resolute|48\/100\n|move|p1a: Hydreigon|Dark Pulse|p2a: Keldeo\n|-resisted|p2a: Keldeo\n|-damage|p2a: Keldeo|26\/100\n|-ability|p2a: Keldeo|Justified|boost\n|-boost|p2a: Keldeo|atk|1\n|\n|-heal|p2a: Keldeo|33\/100|[from] item: Leftovers\n|upkeep\n|turn|23\n|j| Soldier Of Jesus\n|l| Soldier Of Jesus\n|\n|t:|1647167281\n|move|p1a: Hydreigon|Dark Pulse|p2a: Keldeo\n|-resisted|p2a: Keldeo\n|-damage|p2a: Keldeo|10\/100\n|-ability|p2a: Keldeo|Justified|boost\n|-boost|p2a: Keldeo|atk|1\n|cant|p2a: Keldeo|flinch\n|\n|-heal|p2a: Keldeo|17\/100|[from] item: Leftovers\n|upkeep\n|turn|24\n|c|\u2606bramitoboy|noooo\n|j| Fitzcarraldo\n|c|\u2606bramitoboy|I wanted 6 0\n|\n|t:|1647167297\n|switch|p2a: Zarude|Zarude-Dada|71\/100\n|move|p1a: Hydreigon|Dark Pulse|p2a: Zarude\n|-resisted|p2a: Zarude\n|-damage|p2a: Zarude|51\/100\n|\n|upkeep\n|turn|25\n|\n|t:|1647167302\n|move|p1a: Hydreigon|Dark Pulse|p2a: Zarude\n|-resisted|p2a: Zarude\n|-damage|p2a: Zarude|32\/100\n|move|p2a: Zarude|Synthesis|p2a: Zarude\n|-heal|p2a: Zarude|82\/100\n|\n|upkeep\n|turn|26\n|\n|t:|1647167310\n|move|p1a: Hydreigon|Dark Pulse|p2a: Zarude\n|-resisted|p2a: Zarude\n|-damage|p2a: Zarude|62\/100\n|move|p2a: Zarude|Darkest Lariat|p1a: Hydreigon\n|-resisted|p1a: Hydreigon\n|-damage|p1a: Hydreigon|27\/100\n|-damage|p2a: Zarude|52\/100|[from] item: Life Orb\n|\n|upkeep\n|turn|27\n|l| 9o5p23\n|\n|t:|1647167318\n|move|p1a: Hydreigon|Dark Pulse|p2a: Zarude\n|-resisted|p2a: Zarude\n|-damage|p2a: Zarude|33\/100\n|move|p2a: Zarude|Darkest Lariat|p1a: Hydreigon\n|-resisted|p1a: Hydreigon\n|-damage|p1a: Hydreigon|0 fnt\n|faint|p1a: Hydreigon\n|-damage|p2a: Zarude|23\/100|[from] item: Life Orb\n|\n|win|bramitoboy\n|raw|Taiki12123's rating: 1686 &rarr; <strong>1669<\/strong><br \/>(-17 for losing)\n|raw|bramitoboy's rating: 1739 &rarr; <strong>1756<\/strong><br \/>(+17 for winning)\n|l|\u2606Taiki12123\n","uploadtime":1647167325,"views":55,"p1id":"taiki12123","p2id":"bramitoboy","formatid":"gen8ou","rating":1669,"private":0,"password":null}