{"id":"gen8ou-1453917980","p1":"LudwigFrog","p2":"mkyn","format":"gen8ou","log":"|j|\u2606LudwigFrog\n|j|\u2606mkyn\n|t:|1636905547\n|gametype|singles\n|player|p1|LudwigFrog|hilbert-wonderlauncher|1698\n|player|p2|mkyn|morty|1739\n|teamsize|p1|6\n|teamsize|p2|6\n|gen|8\n|tier|[Gen 8] OU\n|rated|\n|rule|Sleep Clause Mod: Limit one foe put to sleep\n|rule|Species Clause: Limit one of each Pok\u00e9mon\n|rule|OHKO Clause: OHKO moves are banned\n|rule|Evasion Moves Clause: Evasion moves are banned\n|rule|Endless Battle Clause: Forcing endless battles is banned\n|rule|HP Percentage Mod: HP is shown in percentages\n|rule|Dynamax Clause: You cannot dynamax\n|clearpoke\n|poke|p1|Tapu Koko|\n|poke|p1|Hawlucha, F|\n|poke|p1|Mew|\n|poke|p1|Blacephalon|\n|poke|p1|Kyurem|\n|poke|p1|Garchomp, F|\n|poke|p2|Landorus-Therian, M|\n|poke|p2|Blissey, F|\n|poke|p2|Slowbro, F|\n|poke|p2|Primarina, M|\n|poke|p2|Melmetal|\n|poke|p2|Stakataka|\n|teampreview\n|inactive|Battle timer is ON: inactive players will automatically lose when time's up. (requested by LudwigFrog)\n|\n|t:|1636905561\n|start\n|switch|p1a: Tapu Koko|Tapu Koko|100\/100\n|switch|p2a: Melmetal|Melmetal|100\/100\n|-fieldstart|move: Electric Terrain|[from] ability: Electric Surge|[of] p1a: Tapu Koko\n|turn|1\n|\n|t:|1636905564\n|move|p1a: Tapu Koko|Reflect|p1a: Tapu Koko\n|-sidestart|p1: LudwigFrog|Reflect\n|move|p2a: Melmetal|Double Iron Bash|p1a: Tapu Koko\n|-damage|p1a: Tapu Koko|61\/100\n|-damage|p1a: Tapu Koko|24\/100\n|-hitcount|p1a: Tapu Koko|2\n|\n|upkeep\n|turn|2\n|\n|t:|1636905569\n|move|p1a: Tapu Koko|U-turn|p2a: Melmetal\n|-resisted|p2a: Melmetal\n|-damage|p2a: Melmetal|96\/100\n|\n|t:|1636905571\n|switch|p1a: Garchomp|Garchomp, F|100\/100|[from]move: U-turn\n|move|p2a: Melmetal|Double Iron Bash|p1a: Garchomp\n|-damage|p1a: Garchomp|69\/100\n|-damage|p2a: Melmetal|83\/100|[from] ability: Rough Skin|[of] p1a: Garchomp\n|-damage|p1a: Garchomp|33\/100\n|-damage|p2a: Melmetal|71\/100|[from] ability: Rough Skin|[of] p1a: Garchomp\n|-hitcount|p1a: Garchomp|2\n|\n|-heal|p1a: Garchomp|39\/100|[from] item: Leftovers\n|upkeep\n|turn|3\n|\n|t:|1636905574\n|move|p1a: Garchomp|Earthquake|p2a: Melmetal\n|-supereffective|p2a: Melmetal\n|-damage|p2a: Melmetal|16\/100\n|move|p2a: Melmetal|Double Iron Bash|p1a: Garchomp\n|-damage|p1a: Garchomp|8\/100\n|-damage|p2a: Melmetal|3\/100|[from] ability: Rough Skin|[of] p1a: Garchomp\n|-damage|p1a: Garchomp|0 fnt\n|-damage|p2a: Melmetal|0 fnt|[from] ability: Rough Skin|[of] p1a: Garchomp\n|faint|p1a: Garchomp\n|faint|p2a: Melmetal\n|-hitcount|p1: Garchomp|2\n|\n|upkeep\n|\n|t:|1636905580\n|switch|p1a: Tapu Koko|Tapu Koko|24\/100\n|switch|p2a: Primarina|Primarina, M|100\/100\n|turn|4\n|\n|t:|1636905587\n|move|p1a: Tapu Koko|Light Screen|p1a: Tapu Koko\n|-sidestart|p1: LudwigFrog|move: Light Screen\n|move|p2a: Primarina|Flip Turn|p1a: Tapu Koko\n|-damage|p1a: Tapu Koko|16\/100\n|\n|t:|1636905590\n|switch|p2a: Landorus|Landorus-Therian, M|100\/100|[from]move: Flip Turn\n|-ability|p2a: Landorus|Intimidate|boost\n|-unboost|p1a: Tapu Koko|atk|1\n|\n|upkeep\n|turn|5\n|\n|t:|1636905594\n|move|p1a: Tapu Koko|Taunt|p2a: Landorus\n|-start|p2a: Landorus|move: Taunt\n|cant|p2a: Landorus|move: Taunt|Stealth Rock\n|\n|-fieldend|move: Electric Terrain\n|upkeep\n|turn|6\n|\n|t:|1636905598\n|move|p1a: Tapu Koko|U-turn|p2a: Landorus\n|-resisted|p2a: Landorus\n|-damage|p2a: Landorus|96\/100\n|-damage|p1a: Tapu Koko|0 fnt|[from] item: Rocky Helmet|[of] p2a: Landorus\n|faint|p1a: Tapu Koko\n|move|p2a: Landorus|Earthquake|p1: Tapu Koko|[notarget]\n|-fail|p2a: Landorus\n|\n|upkeep\n|\n|t:|1636905603\n|switch|p1a: Mew|Mew|100\/100\n|turn|7\n|\n|t:|1636905612\n|move|p1a: Mew|Cosmic Power|p1a: Mew\n|-boost|p1a: Mew|def|1\n|-boost|p1a: Mew|spd|1\n|move|p2a: Landorus|U-turn|p1a: Mew\n|-supereffective|p1a: Mew\n|-damage|p1a: Mew|88\/100\n|-enditem|p1a: Mew|Weakness Policy\n|-boost|p1a: Mew|atk|2|[from] item: Weakness Policy\n|-boost|p1a: Mew|spa|2|[from] item: Weakness Policy\n|\n|t:|1636905616\n|switch|p2a: Primarina|Primarina, M|100\/100|[from]move: U-turn\n|\n|upkeep\n|turn|8\n|\n|t:|1636905619\n|switch|p2a: Landorus|Landorus-Therian, M|96\/100\n|-ability|p2a: Landorus|Intimidate|boost\n|-unboost|p1a: Mew|atk|1\n|move|p1a: Mew|Cosmic Power|p1a: Mew\n|-boost|p1a: Mew|def|1\n|-boost|p1a: Mew|spd|1\n|\n|-sideend|p1: LudwigFrog|Reflect\n|upkeep\n|turn|9\n|\n|t:|1636905622\n|move|p1a: Mew|Taunt|p2a: Landorus\n|-start|p2a: Landorus|move: Taunt\n|cant|p2a: Landorus|move: Taunt|Toxic\n|\n|upkeep\n|turn|10\n|\n|t:|1636905629\n|move|p1a: Mew|Cosmic Power|p1a: Mew\n|-boost|p1a: Mew|def|1\n|-boost|p1a: Mew|spd|1\n|move|p2a: Landorus|Earthquake|p1a: Mew\n|-damage|p1a: Mew|72\/100\n|\n|upkeep\n|turn|11\n|\n|t:|1636905634\n|move|p1a: Mew|Cosmic Power|p1a: Mew\n|-boost|p1a: Mew|def|1\n|-boost|p1a: Mew|spd|1\n|move|p2a: Landorus|Earthquake|p1a: Mew\n|-damage|p1a: Mew|59\/100\n|\n|-end|p2a: Landorus|move: Taunt\n|-sideend|p1: LudwigFrog|move: Light Screen\n|upkeep\n|turn|12\n|\n|t:|1636905636\n|move|p1a: Mew|Cosmic Power|p1a: Mew\n|-boost|p1a: Mew|def|1\n|-boost|p1a: Mew|spd|1\n|move|p2a: Landorus|Earthquake|p1a: Mew\n|-damage|p1a: Mew|48\/100\n|\n|upkeep\n|turn|13\n|j| Olaho\n|\n|t:|1636905640\n|move|p1a: Mew|Taunt|p2a: Landorus\n|-start|p2a: Landorus|move: Taunt\n|move|p2a: Landorus|Earthquake|p1a: Mew\n|-damage|p1a: Mew|36\/100\n|\n|upkeep\n|turn|14\n|\n|t:|1636905642\n|move|p1a: Mew|Roost|p1a: Mew\n|-heal|p1a: Mew|86\/100\n|-singleturn|p1a: Mew|move: Roost\n|move|p2a: Landorus|Earthquake|p1a: Mew\n|-crit|p1a: Mew\n|-damage|p1a: Mew|29\/100\n|\n|upkeep\n|turn|15\n|j| Brim.AI\n|\n|t:|1636905645\n|move|p1a: Mew|Roost|p1a: Mew\n|-heal|p1a: Mew|79\/100\n|-singleturn|p1a: Mew|move: Roost\n|move|p2a: Landorus|Earthquake|p1a: Mew\n|-damage|p1a: Mew|68\/100\n|\n|-end|p2a: Landorus|move: Taunt\n|upkeep\n|turn|16\n|\n|t:|1636905648\n|move|p1a: Mew|Taunt|p2a: Landorus\n|-start|p2a: Landorus|move: Taunt\n|move|p2a: Landorus|Earthquake|p1a: Mew\n|-damage|p1a: Mew|56\/100\n|\n|upkeep\n|turn|17\n|\n|t:|1636905650\n|move|p1a: Mew|Roost|p1a: Mew\n|-heal|p1a: Mew|100\/100\n|-singleturn|p1a: Mew|move: Roost\n|move|p2a: Landorus|U-turn|p1a: Mew\n|-supereffective|p1a: Mew\n|-damage|p1a: Mew|89\/100\n|\n|t:|1636905652\n|switch|p2a: Primarina|Primarina, M|100\/100|[from]move: U-turn\n|\n|upkeep\n|turn|18\n|\n|t:|1636905654\n|move|p1a: Mew|Stored Power|p2a: Primarina\n|-damage|p2a: Primarina|0 fnt\n|faint|p2a: Primarina\n|\n|upkeep\n|\n|t:|1636905656\n|switch|p2a: Blissey|Blissey, F|100\/100\n|turn|19\n|\n|t:|1636905663\n|move|p1a: Mew|Taunt|p2a: Blissey\n|-start|p2a: Blissey|move: Taunt\n|cant|p2a: Blissey|move: Taunt|Soft-Boiled\n|\n|upkeep\n|turn|20\n|\n|t:|1636905666\n|switch|p2a: Landorus|Landorus-Therian, M|96\/100\n|-ability|p2a: Landorus|Intimidate|boost\n|-unboost|p1a: Mew|atk|1\n|move|p1a: Mew|Cosmic Power|p1a: Mew\n|-boost|p1a: Mew|def|1\n|-boost|p1a: Mew|spd|1\n|\n|upkeep\n|turn|21\n|\n|t:|1636905670\n|switch|p2a: Blissey|Blissey, F|100\/100\n|move|p1a: Mew|Taunt|p2a: Blissey\n|-start|p2a: Blissey|move: Taunt\n|\n|upkeep\n|turn|22\n|\n|t:|1636905673\n|switch|p2a: Landorus|Landorus-Therian, M|96\/100\n|-ability|p2a: Landorus|Intimidate|boost\n|-unboost|p1a: Mew|atk|1\n|move|p1a: Mew|Stored Power|p2a: Landorus\n|-damage|p2a: Landorus|0 fnt\n|faint|p2a: Landorus\n|\n|upkeep\n|\n|t:|1636905675\n|switch|p2a: Blissey|Blissey, F|100\/100\n|turn|23\n|\n|t:|1636905681\n|move|p1a: Mew|Stored Power|p2a: Blissey\n|-damage|p2a: Blissey|19\/100\n|move|p2a: Blissey|Soft-Boiled|p2a: Blissey\n|-heal|p2a: Blissey|69\/100\n|\n|upkeep\n|turn|24\n|\n|t:|1636905685\n|switch|p2a: Slowbro|Slowbro, F|100\/100\n|move|p1a: Mew|Stored Power|p2a: Slowbro\n|-resisted|p2a: Slowbro\n|-damage|p2a: Slowbro|0 fnt\n|faint|p2a: Slowbro\n|\n|upkeep\n|c|\u2606LudwigFrog|gg\n|\n|t:|1636905688\n|switch|p2a: Stakataka|Stakataka|100\/100\n|-item|p2a: Stakataka|Air Balloon\n|turn|25\n|\n|t:|1636905690\n|move|p1a: Mew|Taunt|p2a: Stakataka\n|-start|p2a: Stakataka|move: Taunt\n|move|p2a: Stakataka|Gyro Ball|p1a: Mew\n|-damage|p1a: Mew|71\/100\n|\n|upkeep\n|turn|26\n|\n|t:|1636905694\n|move|p1a: Mew|Stored Power|p2a: Stakataka\n|-resisted|p2a: Stakataka\n|-damage|p2a: Stakataka|2\/100\n|-enditem|p2a: Stakataka|Air Balloon\n|move|p2a: Stakataka|Gyro Ball|p1a: Mew\n|-damage|p1a: Mew|52\/100\n|\n|upkeep\n|turn|27\n|\n|t:|1636905697\n|move|p1a: Mew|Stored Power|p2a: Stakataka\n|-resisted|p2a: Stakataka\n|-crit|p2a: Stakataka\n|-damage|p2a: Stakataka|0 fnt\n|faint|p2a: Stakataka\n|\n|upkeep\n|-message|mkyn forfeited.\n|\n|win|LudwigFrog\n|raw|LudwigFrog's rating: 1698 &rarr; <strong>1720<\/strong><br \/>(+22 for winning)\n|raw|mkyn's rating: 1739 &rarr; <strong>1717<\/strong><br \/>(-22 for losing)\n|l|\u2606mkyn\n|l| Brim.AI\n","uploadtime":1636905707,"views":41,"p1id":"ludwigfrog","p2id":"mkyn","formatid":"gen8ou","rating":1717,"private":0,"password":null}