{"id":"gen8ou-1691617646","p1":"PANDA EXPRESS HR","p2":"Lucians Call","format":"gen8ou","log":"|html|<div class=\"broadcast-blue\"><strong>[Gen 8] OU is currently suspecting Melmetal! For information on how to participate check out the <a href=\"https:\/\/www.smogon.com\/forums\/threads\/np-ss-ou-suspect-process-round-12-monster-mash.3709234\/\">suspect thread<\/a>.<\/strong><\/div>\n|j|\u2606PANDA EXPRESS HR\n|j|\u2606Lucians Call\n|t:|1666388679\n|gametype|singles\n|player|p1|PANDA EXPRESS HR|1|1741\n|player|p2|Lucians Call|furisodegirl-blue|1816\n|teamsize|p1|6\n|teamsize|p2|6\n|gen|8\n|tier|[Gen 8] OU\n|rated|\n|rule|Sleep Clause Mod: Limit one foe put to sleep\n|rule|Species Clause: Limit one of each Pok\u00e9mon\n|rule|OHKO Clause: OHKO moves are banned\n|rule|Evasion Items Clause: Evasion items are banned\n|rule|Evasion Moves Clause: Evasion moves are banned\n|rule|Endless Battle Clause: Forcing endless battles is banned\n|rule|HP Percentage Mod: HP is shown in percentages\n|rule|Dynamax Clause: You cannot dynamax\n|clearpoke\n|poke|p1|Grimmsnarl, M|\n|poke|p1|Lycanroc-Dusk, F|\n|poke|p1|Ferrothorn, F|\n|poke|p1|Volcanion|\n|poke|p1|Zapdos|\n|poke|p1|Zygarde-10%|\n|poke|p2|Slowking-Galar, F|\n|poke|p2|Volcarona, M|\n|poke|p2|Tornadus-Therian, M|\n|poke|p2|Ferrothorn, F|\n|poke|p2|Garchomp, F|\n|poke|p2|Zeraora|\n|teampreview\n|inactive|Battle timer is ON: inactive players will automatically lose when time's up. (requested by Lucians Call)\n|\n|t:|1666388691\n|start\n|switch|p1a: Grimmsnarl|Grimmsnarl, M|100\/100\n|switch|p2a: Garchomp|Garchomp, F|100\/100\n|turn|1\n|\n|t:|1666388700\n|switch|p2a: Slowking|Slowking-Galar, F|100\/100\n|move|p1a: Grimmsnarl|Spirit Break|p2a: Slowking\n|-resisted|p2a: Slowking\n|-damage|p2a: Slowking|75\/100\n|-unboost|p2a: Slowking|spa|1\n|-damage|p1a: Grimmsnarl|91\/100|[from] item: Life Orb\n|\n|upkeep\n|turn|2\n|\n|t:|1666388707\n|switch|p2a: Tornadus|Tornadus-Therian, M|100\/100\n|move|p1a: Grimmsnarl|Sucker Punch||[still]\n|-fail|p1a: Grimmsnarl\n|\n|upkeep\n|turn|3\n|\n|t:|1666388713\n|move|p1a: Grimmsnarl|Substitute|p1a: Grimmsnarl\n|-start|p1a: Grimmsnarl|Substitute\n|-damage|p1a: Grimmsnarl|66\/100\n|move|p2a: Tornadus|Hurricane|p1a: Grimmsnarl\n|-end|p1a: Grimmsnarl|Substitute\n|\n|upkeep\n|turn|4\n|\n|t:|1666388718\n|move|p1a: Grimmsnarl|Substitute|p1a: Grimmsnarl\n|-start|p1a: Grimmsnarl|Substitute\n|-damage|p1a: Grimmsnarl|41\/100\n|move|p2a: Tornadus|Hurricane|p1a: Grimmsnarl\n|-end|p1a: Grimmsnarl|Substitute\n|\n|upkeep\n|turn|5\n|\n|t:|1666388720\n|move|p1a: Grimmsnarl|Sucker Punch|p2a: Tornadus\n|-damage|p2a: Tornadus|46\/100\n|-damage|p1a: Grimmsnarl|31\/100|[from] item: Life Orb\n|move|p2a: Tornadus|Hurricane|p1a: Grimmsnarl\n|-damage|p1a: Grimmsnarl|0 fnt\n|faint|p1a: Grimmsnarl\n|\n|upkeep\n|\n|t:|1666388724\n|switch|p1a: Zapdos|Zapdos|100\/100\n|turn|6\n|\n|t:|1666388727\n|switch|p2a: Garchomp|Garchomp, F|100\/100\n|move|p1a: Zapdos|Hurricane|p2a: Garchomp|[miss]\n|-miss|p1a: Zapdos|p2a: Garchomp\n|\n|upkeep\n|turn|7\n|\n|t:|1666388730\n|move|p1a: Zapdos|Hurricane|p2a: Garchomp\n|-damage|p2a: Garchomp|43\/100\n|move|p2a: Garchomp|Toxic|p1a: Zapdos\n|-status|p1a: Zapdos|tox\n|\n|-heal|p2a: Garchomp|50\/100|[from] item: Leftovers\n|-damage|p1a: Zapdos|94\/100 tox|[from] psn\n|upkeep\n|turn|8\n|\n|t:|1666388735\n|move|p2a: Garchomp|Protect|p2a: Garchomp\n|-singleturn|p2a: Garchomp|Protect\n|move|p1a: Zapdos|Hurricane|p2a: Garchomp\n|-activate|p2a: Garchomp|move: Protect\n|\n|-heal|p2a: Garchomp|56\/100|[from] item: Leftovers\n|-damage|p1a: Zapdos|82\/100 tox|[from] psn\n|upkeep\n|turn|9\n|\n|t:|1666388739\n|move|p1a: Zapdos|Hurricane|p2a: Garchomp\n|-damage|p2a: Garchomp|4\/100\n|move|p2a: Garchomp|Stealth Rock|p1a: Zapdos\n|-sidestart|p1: PANDA EXPRESS HR|move: Stealth Rock\n|\n|-heal|p2a: Garchomp|10\/100|[from] item: Leftovers\n|-damage|p1a: Zapdos|63\/100 tox|[from] psn\n|upkeep\n|turn|10\n|\n|t:|1666388744\n|switch|p1a: Ferrothorn|Ferrothorn, F|100\/100\n|-damage|p1a: Ferrothorn|94\/100|[from] Stealth Rock\n|move|p2a: Garchomp|Earthquake|p1a: Ferrothorn\n|-damage|p1a: Ferrothorn|59\/100\n|\n|-heal|p2a: Garchomp|16\/100|[from] item: Leftovers\n|-heal|p1a: Ferrothorn|66\/100|[from] item: Leftovers\n|upkeep\n|turn|11\n|\n|t:|1666388746\n|move|p2a: Garchomp|Earthquake|p1a: Ferrothorn\n|-damage|p1a: Ferrothorn|31\/100\n|move|p1a: Ferrothorn|Spikes|p2a: Garchomp\n|-sidestart|p2: Lucians Call|Spikes\n|\n|-heal|p2a: Garchomp|22\/100|[from] item: Leftovers\n|-heal|p1a: Ferrothorn|37\/100|[from] item: Leftovers\n|upkeep\n|turn|12\n|\n|t:|1666388749\n|move|p2a: Garchomp|Earthquake|p1a: Ferrothorn\n|-damage|p1a: Ferrothorn|7\/100\n|move|p1a: Ferrothorn|Leech Seed|p2a: Garchomp\n|-start|p2a: Garchomp|move: Leech Seed\n|\n|-heal|p2a: Garchomp|28\/100|[from] item: Leftovers\n|-heal|p1a: Ferrothorn|13\/100|[from] item: Leftovers\n|-damage|p2a: Garchomp|16\/100|[from] Leech Seed|[of] p1a: Ferrothorn\n|-heal|p1a: Ferrothorn|28\/100|[silent]\n|upkeep\n|turn|13\n|\n|t:|1666388753\n|switch|p2a: Volcarona|Volcarona, M|100\/100\n|-damage|p2a: Volcarona|88\/100|[from] Spikes\n|move|p1a: Ferrothorn|Spikes|p2a: Volcarona\n|-sidestart|p2: Lucians Call|Spikes\n|\n|-heal|p1a: Ferrothorn|34\/100|[from] item: Leftovers\n|upkeep\n|turn|14\n|\n|t:|1666388758\n|move|p2a: Volcarona|Bug Buzz|p1a: Ferrothorn\n|-damage|p1a: Ferrothorn|0 fnt\n|faint|p1a: Ferrothorn\n|\n|upkeep\n|\n|t:|1666388764\n|switch|p1a: Zapdos|Zapdos|63\/100 tox\n|-damage|p1a: Zapdos|38\/100 tox|[from] Stealth Rock\n|turn|15\n|\n|t:|1666388770\n|switch|p2a: Garchomp|Garchomp, F|16\/100\n|-damage|p2a: Garchomp|0 fnt|[from] Spikes\n|faint|p2a: Garchomp\n|move|p1a: Zapdos|Hurricane|p2: Garchomp|[notarget]\n|-fail|p1a: Zapdos\n|\n|-damage|p1a: Zapdos|32\/100 tox|[from] psn\n|upkeep\n|\n|t:|1666388774\n|switch|p2a: Zeraora|Zeraora|100\/100\n|-damage|p2a: Zeraora|84\/100|[from] Spikes\n|turn|16\n|\n|t:|1666388778\n|move|p2a: Zeraora|Plasma Fists|p1a: Zapdos\n|-damage|p1a: Zapdos|0 fnt\n|-fieldactivate|move: Ion Deluge\n|-hint|Normal-type moves become Electric-type after using Plasma Fists.\n|faint|p1a: Zapdos\n|\n|-heal|p2a: Zeraora|90\/100|[from] item: Leftovers\n|upkeep\n|\n|t:|1666388780\n|switch|p1a: Zygarde|Zygarde-10%|100\/100\n|-damage|p1a: Zygarde|94\/100|[from] Stealth Rock\n|-ability|p1a: Zygarde|Aura Break\n|turn|17\n|j| hurdurdurd\n|j| OUTDc7g9xn\n|\n|t:|1666388800\n|switch|p2a: Volcarona|Volcarona, M|88\/100\n|-damage|p2a: Volcarona|72\/100|[from] Spikes\n|move|p1a: Zygarde|Thousand Arrows|p2a: Volcarona\n|-damage|p2a: Volcarona|0 fnt\n|faint|p2a: Volcarona\n|\n|upkeep\n|\n|t:|1666388802\n|switch|p2a: Tornadus|Tornadus-Therian, M|79\/100\n|turn|18\n|\n|t:|1666388807\n|move|p1a: Zygarde|Thousand Arrows|p2a: Tornadus\n|-damage|p2a: Tornadus|21\/100\n|-start|p2a: Tornadus|Smack Down\n|move|p2a: Tornadus|Icy Wind|p1a: Zygarde\n|-supereffective|p1a: Zygarde\n|-damage|p1a: Zygarde|9\/100\n|-unboost|p1a: Zygarde|spe|1\n|\n|upkeep\n|turn|19\n|j| RNN YasuKe\n|\n|t:|1666388817\n|move|p2a: Tornadus|U-turn|p1a: Zygarde\n|-damage|p1a: Zygarde|0 fnt\n|faint|p1a: Zygarde\n|\n|t:|1666388824\n|switch|p2a: Zeraora|Zeraora|90\/100|[from]move: U-turn\n|-damage|p2a: Zeraora|74\/100|[from] Spikes\n|\n|-heal|p2a: Zeraora|80\/100|[from] item: Leftovers\n|upkeep\n|\n|t:|1666388827\n|switch|p1a: Lycanroc|Lycanroc-Dusk, F|100\/100\n|-damage|p1a: Lycanroc|88\/100|[from] Stealth Rock\n|turn|20\n|\n|t:|1666388831\n|switch|p2a: Ferrothorn|Ferrothorn, F|100\/100\n|-damage|p2a: Ferrothorn|84\/100|[from] Spikes\n|move|p1a: Lycanroc|Accelerock|p2a: Ferrothorn\n|-resisted|p2a: Ferrothorn\n|-damage|p2a: Ferrothorn|76\/100\n|-damage|p1a: Lycanroc|76\/100|[from] ability: Iron Barbs|[of] p2a: Ferrothorn\n|-damage|p1a: Lycanroc|59\/100|[from] item: Rocky Helmet|[of] p2a: Ferrothorn\n|\n|upkeep\n|turn|21\n|l| hurdurdurd\n|\n|t:|1666388834\n|move|p1a: Lycanroc|Swords Dance|p1a: Lycanroc\n|-boost|p1a: Lycanroc|atk|2\n|move|p2a: Ferrothorn|Power Whip|p1a: Lycanroc|[miss]\n|-miss|p2a: Ferrothorn|p1a: Lycanroc\n|\n|upkeep\n|turn|22\n|\n|t:|1666388837\n|move|p1a: Lycanroc|Close Combat|p2a: Ferrothorn\n|-supereffective|p2a: Ferrothorn\n|-damage|p2a: Ferrothorn|0 fnt\n|-unboost|p1a: Lycanroc|def|1\n|-unboost|p1a: Lycanroc|spd|1\n|-damage|p1a: Lycanroc|47\/100|[from] ability: Iron Barbs|[of] p2a: Ferrothorn\n|-damage|p1a: Lycanroc|30\/100|[from] item: Rocky Helmet|[of] p2a: Ferrothorn\n|faint|p2a: Ferrothorn\n|\n|upkeep\n|j| Misterioussaint\n|\n|t:|1666388848\n|switch|p2a: Slowking|Slowking-Galar, F|100\/100\n|-damage|p2a: Slowking|84\/100|[from] Spikes\n|turn|23\n|\n|t:|1666388851\n|move|p1a: Lycanroc|Iron Head|p2a: Slowking\n|-damage|p2a: Slowking|25\/100\n|move|p2a: Slowking|Ice Beam|p1a: Lycanroc\n|-damage|p1a: Lycanroc|0 fnt\n|faint|p1a: Lycanroc\n|\n|upkeep\n|\n|t:|1666388856\n|switch|p1a: Volcanion|Volcanion|100\/100\n|turn|24\n|\n|t:|1666388863\n|move|p1a: Volcanion|Earth Power|p2a: Slowking\n|-supereffective|p2a: Slowking\n|-damage|p2a: Slowking|0 fnt\n|faint|p2a: Slowking\n|\n|upkeep\n|\n|t:|1666388865\n|switch|p2a: Zeraora|Zeraora|80\/100\n|-damage|p2a: Zeraora|63\/100|[from] Spikes\n|turn|25\n|\n|t:|1666388867\n|move|p2a: Zeraora|Plasma Fists|p1a: Volcanion\n|-supereffective|p1a: Volcanion\n|-damage|p1a: Volcanion|44\/100\n|-fieldactivate|move: Ion Deluge\n|-hint|Normal-type moves become Electric-type after using Plasma Fists.\n|move|p1a: Volcanion|Earth Power|p2a: Zeraora\n|-supereffective|p2a: Zeraora\n|-damage|p2a: Zeraora|0 fnt\n|faint|p2a: Zeraora\n|\n|upkeep\n|\n|t:|1666388874\n|switch|p2a: Tornadus|Tornadus-Therian, M|54\/100\n|turn|26\n|\n|t:|1666388876\n|move|p2a: Tornadus|Hurricane|p1a: Volcanion\n|-damage|p1a: Volcanion|2\/100\n|-start|p1a: Volcanion|confusion\n|-activate|p1a: Volcanion|confusion\n|move|p1a: Volcanion|Steam Eruption|p2a: Tornadus\n|-damage|p2a: Tornadus|3\/100\n|\n|upkeep\n|turn|27\n|j| cypherstest\n|-message|PANDA EXPRESS HR forfeited.\n|\n|win|Lucians Call\n|raw|PANDA EXPRESS HR's rating: 1741 &rarr; <strong>1725<\/strong><br \/>(-16 for losing)\n|raw|Lucians Call's rating: 1816 &rarr; <strong>1832<\/strong><br \/>(+16 for winning)\n|l|\u2606PANDA EXPRESS HR\n|l|\u2606Lucians Call\n|l| cypherstest\n|l| Misterioussaint\n||Ladder isn't responding, score probably updated but might not have (Request timeout).\n","uploadtime":1666388968,"views":19,"p1id":"pandaexpresshr","p2id":"lucianscall","formatid":"gen8ou","rating":1725,"private":0,"password":null}