{"id":"gen8ou-1099462604","p1":"djok barra hi","p2":"testotesto321","format":"gen8ou","log":"|raw|<div class=\"broadcast-red\"><strong>This battle is invite-only!<\/strong><br \/>Users must be invited with <code>\/invite<\/code> (or be staff) to join<\/div>\n|j|\u2606djok barra hi\n|j|\u2606testotesto321\n|player|p1|djok barra hi|lucas|1697\n|player|p2|testotesto321|bellelba|1646\n|teamsize|p1|6\n|teamsize|p2|6\n|gametype|singles\n|gen|8\n|tier|[Gen 8] OU\n|rated|\n|html|<div class=\"broadcast-red\"><strong>OU is currently suspecting Melmetal! For information on how to participate check out the <a href=\"https:\/\/www.smogon.com\/forums\/threads\/3662190\/\">suspect thread<\/a>.<\/strong><\/div>\n|clearpoke\n|poke|p1|Cloyster, F|\n|poke|p1|Bisharp, F|\n|poke|p1|Excadrill, F|\n|poke|p1|Zeraora|\n|poke|p1|Hawlucha, F|\n|poke|p1|Ninetales-Alola, F|\n|poke|p2|Dragapult, M|\n|poke|p2|Zeraora|\n|poke|p2|Gengar, F|\n|poke|p2|Kommo-o, F|\n|poke|p2|Corviknight, F|\n|poke|p2|Toxapex, F|\n|rule|Sleep Clause Mod: Limit one foe put to sleep\n|rule|Species Clause: Limit one of each Pok\u00e9mon\n|rule|OHKO Clause: OHKO moves are banned\n|rule|Evasion Moves Clause: Evasion moves are banned\n|rule|Endless Battle Clause: Forcing endless battles is banned\n|rule|HP Percentage Mod: HP is shown in percentages\n|rule|Dynamax Clause: You cannot dynamax\n|teampreview\n|inactive|Battle timer is ON: inactive players will automatically lose when time's up. (requested by djok barra hi)\n|\n|start\n|switch|p1a: Excadrill|Excadrill, F|100\/100\n|switch|p2a: Corviknight|Corviknight, F, shiny|100\/100\n|-ability|p1a: Excadrill|Mold Breaker\n|-ability|p2a: Corviknight|Pressure\n|turn|1\n|\n|move|p1a: Excadrill|Stealth Rock|p2a: Corviknight\n|-sidestart|p2: testotesto321|move: Stealth Rock\n|move|p2a: Corviknight|Iron Head|p1a: Excadrill\n|-resisted|p1a: Excadrill\n|-damage|p1a: Excadrill|84\/100\n|\n|upkeep\n|turn|2\n|\n|switch|p1a: Bisharp|Bisharp, F|100\/100\n|move|p2a: Corviknight|Defog|p1a: Bisharp\n|-unboost|p1a: Bisharp|evasion|1\n|-ability|p1a: Bisharp|Defiant\n|-boost|p1a: Bisharp|atk|2\n|-sideend|p2: testotesto321|Stealth Rock|[from] move: Defog|[of] p2a: Corviknight\n|\n|upkeep\n|turn|3\n|\n|move|p1a: Bisharp|Knock Off|p2a: Corviknight\n|-damage|p2a: Corviknight|3\/100\n|-enditem|p2a: Corviknight|Leftovers|[from] move: Knock Off|[of] p1a: Bisharp\n|move|p2a: Corviknight|U-turn|p1a: Bisharp\n|-damage|p1a: Bisharp|82\/100\n|\n|switch|p2a: Kommo-o|Kommo-o, F|100\/100|[from]move: U-turn\n|\n|upkeep\n|turn|4\n|\n|switch|p1a: Ninetales|Ninetales-Alola, F|100\/100\n|-weather|Hail|[from] ability: Snow Warning|[of] p1a: Ninetales\n|move|p2a: Kommo-o|Body Press|p1a: Ninetales\n|-damage|p1a: Ninetales|41\/100\n|\n|-weather|Hail|[upkeep]\n|-damage|p2a: Kommo-o|94\/100|[from] Hail\n|-heal|p2a: Kommo-o|100\/100|[from] item: Leftovers\n|upkeep\n|turn|5\n|\n|switch|p2a: Corviknight|Corviknight, F, shiny|3\/100\n|-ability|p2a: Corviknight|Pressure\n|move|p1a: Ninetales|Aurora Veil|p1a: Ninetales\n|-sidestart|p1: djok barra hi|move: Aurora Veil\n|\n|-weather|Hail|[upkeep]\n|-damage|p2a: Corviknight|0 fnt|[from] Hail\n|faint|p2a: Corviknight\n|upkeep\n|\n|switch|p2a: Zeraora|Zeraora|100\/100\n|turn|6\n|\n|move|p2a: Zeraora|Bulk Up|p2a: Zeraora\n|-boost|p2a: Zeraora|atk|1\n|-boost|p2a: Zeraora|def|1\n|move|p1a: Ninetales|Encore|p2a: Zeraora\n|-start|p2a: Zeraora|Encore\n|\n|-weather|Hail|[upkeep]\n|-damage|p2a: Zeraora|95\/100|[from] Hail\n|-heal|p2a: Zeraora|100\/100|[from] item: Leftovers\n|upkeep\n|turn|7\n|\n|switch|p1a: Excadrill|Excadrill, F|84\/100\n|-ability|p1a: Excadrill|Mold Breaker\n|move|p2a: Zeraora|Bulk Up|p2a: Zeraora\n|-boost|p2a: Zeraora|atk|1\n|-boost|p2a: Zeraora|def|1\n|\n|-weather|Hail|[upkeep]\n|-damage|p2a: Zeraora|95\/100|[from] Hail\n|-damage|p1a: Excadrill|78\/100|[from] Hail\n|-heal|p2a: Zeraora|100\/100|[from] item: Leftovers\n|upkeep\n|turn|8\n|\n|switch|p2a: Kommo-o|Kommo-o, F|100\/100\n|move|p1a: Excadrill|Earthquake|p2a: Kommo-o\n|-damage|p2a: Kommo-o|71\/100\n|\n|-weather|none\n|-heal|p2a: Kommo-o|77\/100|[from] item: Leftovers\n|upkeep\n|turn|9\n|\n|move|p1a: Excadrill|Stealth Rock|p2a: Kommo-o\n|-sidestart|p2: testotesto321|move: Stealth Rock\n|move|p2a: Kommo-o|Body Press|p1a: Excadrill\n|-supereffective|p1a: Excadrill\n|-damage|p1a: Excadrill|10\/100\n|\n|-heal|p2a: Kommo-o|83\/100|[from] item: Leftovers\n|upkeep\n|turn|10\n|\n|move|p1a: Excadrill|Steel Beam|p2a: Kommo-o\n|-damage|p2a: Kommo-o|56\/100\n|-damage|p1a: Excadrill|0 fnt|[from] mindblown\n|faint|p1a: Excadrill\n|move|p2a: Kommo-o|Stealth Rock|p1: Excadrill\n|-sidestart|p1: djok barra hi|move: Stealth Rock\n|\n|-heal|p2a: Kommo-o|62\/100|[from] item: Leftovers\n|upkeep\n|\n|switch|p1a: Hawlucha|Hawlucha, F|100\/100\n|-damage|p1a: Hawlucha|88\/100|[from] Stealth Rock\n|turn|11\n|\n|switch|p2a: Toxapex|Toxapex, F, shiny|100\/100\n|-damage|p2a: Toxapex|88\/100|[from] Stealth Rock\n|move|p1a: Hawlucha|Swords Dance|p1a: Hawlucha\n|-boost|p1a: Hawlucha|atk|2\n|\n|-heal|p2a: Toxapex|94\/100|[from] item: Black Sludge\n|upkeep\n|turn|12\n|\n|switch|p2a: Gengar|Gengar, F|100\/100\n|-damage|p2a: Gengar|88\/100|[from] Stealth Rock\n|move|p1a: Hawlucha|Sky Attack||[still]\n|-prepare|p1a: Hawlucha|Sky Attack|p2a: Gengar\n|-enditem|p1a: Hawlucha|Power Herb\n|-anim|p1a: Hawlucha|Sky Attack|p2a: Gengar\n|-damage|p2a: Gengar|0 fnt\n|-start|p1a: Hawlucha|Disable|Sky Attack|[from] ability: Cursed Body|[of] p2a: Gengar\n|faint|p2a: Gengar\n|\n|-sideend|p1: djok barra hi|move: Aurora Veil\n|upkeep\n|\n|switch|p2a: Toxapex|Toxapex, F, shiny|100\/100\n|-damage|p2a: Toxapex|88\/100|[from] Stealth Rock\n|turn|13\n|\n|move|p1a: Hawlucha|Acrobatics|p2a: Toxapex\n|-damage|p2a: Toxapex|29\/100\n|move|p2a: Toxapex|Toxic|p1a: Hawlucha\n|-status|p1a: Hawlucha|tox\n|\n|-heal|p2a: Toxapex|36\/100|[from] item: Black Sludge\n|-damage|p1a: Hawlucha|82\/100 tox|[from] psn\n|upkeep\n|turn|14\n|inactive|testotesto321 has 120 seconds left.\n|\n|switch|p2a: Dragapult|Dragapult, M|100\/100\n|-damage|p2a: Dragapult|88\/100|[from] Stealth Rock\n|move|p1a: Hawlucha|Acrobatics|p2a: Dragapult\n|-damage|p2a: Dragapult|0 fnt\n|faint|p2a: Dragapult\n|\n|-damage|p1a: Hawlucha|70\/100 tox|[from] psn\n|upkeep\n|\n|switch|p2a: Toxapex|Toxapex, F, shiny|69\/100\n|-damage|p2a: Toxapex|56\/100|[from] Stealth Rock\n|turn|15\n|\n|move|p1a: Hawlucha|Acrobatics|p2a: Toxapex\n|-damage|p2a: Toxapex|2\/100\n|move|p2a: Toxapex|Recover|p2a: Toxapex\n|-heal|p2a: Toxapex|52\/100\n|\n|-heal|p2a: Toxapex|58\/100|[from] item: Black Sludge\n|-damage|p1a: Hawlucha|52\/100 tox|[from] psn\n|-end|p1a: Hawlucha|Disable\n|upkeep\n|turn|16\n|\n|move|p1a: Hawlucha|Swords Dance|p1a: Hawlucha\n|-boost|p1a: Hawlucha|atk|2\n|move|p2a: Toxapex|Recover|p2a: Toxapex\n|-heal|p2a: Toxapex|100\/100\n|\n|-damage|p1a: Hawlucha|27\/100 tox|[from] psn\n|upkeep\n|turn|17\n|\n|move|p1a: Hawlucha|Acrobatics|p2a: Toxapex\n|-damage|p2a: Toxapex|4\/100\n|move|p2a: Toxapex|Haze|p2a: Toxapex\n|-clearallboost\n|\n|-heal|p2a: Toxapex|10\/100|[from] item: Black Sludge\n|-damage|p1a: Hawlucha|0 fnt|[from] psn\n|faint|p1a: Hawlucha\n|upkeep\n|\n|switch|p1a: Ninetales|Ninetales-Alola, F|41\/100\n|-damage|p1a: Ninetales|16\/100|[from] Stealth Rock\n|-weather|Hail|[from] ability: Snow Warning|[of] p1a: Ninetales\n|turn|18\n|\n|switch|p2a: Zeraora|Zeraora|100\/100\n|-damage|p2a: Zeraora|88\/100|[from] Stealth Rock\n|move|p1a: Ninetales|Aurora Veil|p1a: Ninetales\n|-sidestart|p1: djok barra hi|move: Aurora Veil\n|\n|-weather|Hail|[upkeep]\n|-damage|p2a: Zeraora|82\/100|[from] Hail\n|-heal|p2a: Zeraora|88\/100|[from] item: Leftovers\n|upkeep\n|turn|19\n|\n|move|p2a: Zeraora|Plasma Fists|p1a: Ninetales\n|-damage|p1a: Ninetales|0 fnt\n|-fieldactivate|move: Ion Deluge\n|faint|p1a: Ninetales\n|\n|-weather|Hail|[upkeep]\n|-damage|p2a: Zeraora|82\/100|[from] Hail\n|-heal|p2a: Zeraora|88\/100|[from] item: Leftovers\n|upkeep\n|\n|switch|p1a: Cloyster|Cloyster, F|100\/100\n|-damage|p1a: Cloyster|76\/100|[from] Stealth Rock\n|turn|20\n|\n|move|p2a: Zeraora|Plasma Fists|p1a: Cloyster\n|-supereffective|p1a: Cloyster\n|-damage|p1a: Cloyster|38\/100\n|-fieldactivate|move: Ion Deluge\n|move|p1a: Cloyster|Shell Smash|p1a: Cloyster\n|-unboost|p1a: Cloyster|def|1\n|-unboost|p1a: Cloyster|spd|1\n|-boost|p1a: Cloyster|atk|2\n|-boost|p1a: Cloyster|spa|2\n|-boost|p1a: Cloyster|spe|2\n|\n|-weather|Hail|[upkeep]\n|-damage|p2a: Zeraora|82\/100|[from] Hail\n|-heal|p2a: Zeraora|88\/100|[from] item: Leftovers\n|upkeep\n|turn|21\n|\n|move|p1a: Cloyster|Icicle Spear|p2a: Zeraora\n|-damage|p2a: Zeraora|57\/100\n|-damage|p2a: Zeraora|23\/100\n|-damage|p2a: Zeraora|0 fnt\n|-hitcount|p2a: Zeraora|3\n|faint|p2a: Zeraora\n|\n|-weather|Hail|[upkeep]\n|upkeep\n|\n|switch|p2a: Toxapex|Toxapex, F, shiny|43\/100\n|-damage|p2a: Toxapex|31\/100|[from] Stealth Rock\n|turn|22\n|\n|switch|p2a: Kommo-o|Kommo-o, F|62\/100\n|-damage|p2a: Kommo-o|56\/100|[from] Stealth Rock\n|move|p1a: Cloyster|Rock Blast|p2a: Kommo-o\n|-immune|p2a: Kommo-o|[from] ability: Bulletproof\n|\n|-weather|none\n|-heal|p2a: Kommo-o|62\/100|[from] item: Leftovers\n|upkeep\n|turn|23\n|\n|move|p1a: Cloyster|Icicle Spear|p2a: Kommo-o\n|-supereffective|p2a: Kommo-o\n|-damage|p2a: Kommo-o|35\/100\n|-supereffective|p2a: Kommo-o\n|-damage|p2a: Kommo-o|6\/100\n|-supereffective|p2a: Kommo-o\n|-damage|p2a: Kommo-o|0 fnt\n|-hitcount|p2a: Kommo-o|3\n|faint|p2a: Kommo-o\n|\n|upkeep\n|\n|switch|p2a: Toxapex|Toxapex, F, shiny|64\/100\n|-damage|p2a: Toxapex|51\/100|[from] Stealth Rock\n|turn|24\n|\n|move|p1a: Cloyster|Rock Blast|p2a: Toxapex\n|-crit|p2a: Toxapex\n|-damage|p2a: Toxapex|37\/100\n|-damage|p2a: Toxapex|28\/100\n|-damage|p2a: Toxapex|18\/100\n|-damage|p2a: Toxapex|9\/100\n|-damage|p2a: Toxapex|0 fnt\n|-hitcount|p2a: Toxapex|5\n|faint|p2a: Toxapex\n|\n|win|djok barra hi\n|l|\u2606testotesto321\n|c|\u2606djok barra hi|\/log djok barra hi made this room public.\n","uploadtime":1587305586,"views":21,"p1id":"djokbarrahi","p2id":"testotesto321","formatid":"gen8ou","rating":0,"private":0,"password":null}