{"id":"gen8ou-1671882804","p1":"Down$hift","p2":"Steez Ibanez","format":"gen8ou","log":"|j|\u2606Down$hift\n|j|\u2606Steez Ibanez\n|t:|1664307762\n|gametype|singles\n|player|p1|Down$hift|teamrocket|1698\n|player|p2|Steez Ibanez|kukui|1948\n|teamsize|p1|6\n|teamsize|p2|6\n|gen|8\n|tier|[Gen 8] OU\n|rated|\n|rule|Sleep Clause Mod: Limit one foe put to sleep\n|rule|Species Clause: Limit one of each Pok\u00e9mon\n|rule|OHKO Clause: OHKO moves are banned\n|rule|Evasion Items Clause: Evasion items are banned\n|rule|Evasion Moves Clause: Evasion moves are banned\n|rule|Endless Battle Clause: Forcing endless battles is banned\n|rule|HP Percentage Mod: HP is shown in percentages\n|rule|Dynamax Clause: You cannot dynamax\n|clearpoke\n|poke|p1|Regigigas|\n|poke|p1|Weezing-Galar, F|\n|poke|p1|Landorus-Therian, M|\n|poke|p1|Dragapult, F|\n|poke|p1|Slowbro, F|\n|poke|p1|Toxapex, F|\n|poke|p2|Blaziken, M|\n|poke|p2|Garchomp, M|\n|poke|p2|Zapdos|\n|poke|p2|Ferrothorn, M|\n|poke|p2|Landorus-Therian, M|\n|poke|p2|Tapu Fini|\n|teampreview\n|c|\u2606Down$hift|hf\n|\n|t:|1664307784\n|start\n|switch|p1a: Dimmadome|Weezing-Galar, F|100\/100\n|switch|p2a: Simba|Landorus-Therian, M|100\/100\n|-ability|p2a: Simba|Intimidate|boost\n|-unboost|p1a: Dimmadome|atk|1\n|turn|1\n|inactive|Battle timer is ON: inactive players will automatically lose when time's up. (requested by Down$hift)\n|\n|t:|1664307794\n|move|p2a: Simba|U-turn|p1a: Dimmadome\n|-resisted|p1a: Dimmadome\n|-damage|p1a: Dimmadome|96\/100\n|-damage|p2a: Simba|84\/100|[from] item: Rocky Helmet|[of] p1a: Dimmadome\n|\n|t:|1664307796\n|switch|p2a: Watcher|Tapu Fini|100\/100|[from]move: U-turn\n|-fieldstart|move: Misty Terrain|[from] ability: Misty Surge|[of] p2a: Watcher\n|move|p1a: Dimmadome|Will-O-Wisp|p2a: Watcher\n|-activate|p2a: Watcher|move: Misty Terrain\n|\n|upkeep\n|turn|2\n|\n|t:|1664307799\n|switch|p1a: Pr\u00e9dast\u00e9rie|Toxapex, F|100\/100\n|move|p2a: Watcher|Calm Mind|p2a: Watcher\n|-boost|p2a: Watcher|spa|1\n|-boost|p2a: Watcher|spd|1\n|\n|upkeep\n|turn|3\n|\n|t:|1664307802\n|switch|p2a: Samehada|Garchomp, M|100\/100\n|move|p1a: Pr\u00e9dast\u00e9rie|Gunk Shot|p2a: Samehada\n|-resisted|p2a: Samehada\n|-damage|p2a: Samehada|66\/100\n|\n|-heal|p2a: Samehada|72\/100|[from] item: Leftovers\n|upkeep\n|turn|4\n|\n|t:|1664307805\n|switch|p1a: Dimmadome|Weezing-Galar, F|96\/100\n|move|p2a: Samehada|Stealth Rock|p1a: Dimmadome\n|-sidestart|p1: Down$hift|move: Stealth Rock\n|\n|-heal|p2a: Samehada|79\/100|[from] item: Leftovers\n|upkeep\n|turn|5\n|\n|t:|1664307810\n|switch|p2a: Johnny Blaze|Blaziken, M|100\/100\n|move|p1a: Dimmadome|Defog|p2a: Johnny Blaze\n|-unboost|p2a: Johnny Blaze|evasion|1\n|-sideend|p1: Down$hift|Stealth Rock|[from] move: Defog|[of] p1a: Dimmadome\n|-fieldend|Misty Terrain\n|\n|upkeep\n|turn|6\n|\n|t:|1664307813\n|switch|p2a: Samehada|Garchomp, M|79\/100\n|switch|p1a: LandOUrus-T|Landorus-Therian, M|100\/100\n|-ability|p1a: LandOUrus-T|Intimidate|boost\n|-unboost|p2a: Samehada|atk|1\n|\n|-heal|p2a: Samehada|85\/100|[from] item: Leftovers\n|upkeep\n|turn|7\n|\n|t:|1664307820\n|switch|p1a: Dimmadome|Weezing-Galar, F|96\/100\n|move|p2a: Samehada|Stealth Rock|p1a: Dimmadome\n|-sidestart|p1: Down$hift|move: Stealth Rock\n|\n|-heal|p2a: Samehada|91\/100|[from] item: Leftovers\n|upkeep\n|turn|8\n|\n|t:|1664307845\n|switch|p2a: Johnny Blaze|Blaziken, M|100\/100\n|move|p1a: Dimmadome|Defog|p2a: Johnny Blaze\n|-unboost|p2a: Johnny Blaze|evasion|1\n|-sideend|p1: Down$hift|Stealth Rock|[from] move: Defog|[of] p1a: Dimmadome\n|\n|upkeep\n|turn|9\n|\n|t:|1664307848\n|switch|p1a: Pr\u00e9dast\u00e9rie|Toxapex, F|100\/100\n|move|p2a: Johnny Blaze|Swords Dance|p2a: Johnny Blaze\n|-boost|p2a: Johnny Blaze|atk|2\n|\n|-ability|p2a: Johnny Blaze|Speed Boost|boost\n|-boost|p2a: Johnny Blaze|spe|1\n|upkeep\n|turn|10\n|\n|t:|1664307851\n|switch|p2a: Abomination|Ferrothorn, M|100\/100\n|switch|p1a: LandOUrus-T|Landorus-Therian, M|100\/100\n|-ability|p1a: LandOUrus-T|Intimidate|boost\n|-unboost|p2a: Abomination|atk|1\n|\n|upkeep\n|turn|11\n|j| StupidIdiotMe\n|\n|t:|1664307861\n|switch|p1a: Dimmadome|Weezing-Galar, F|96\/100\n|move|p2a: Abomination|Knock Off|p1a: Dimmadome\n|-resisted|p1a: Dimmadome\n|-damage|p1a: Dimmadome|92\/100\n|-damage|p2a: Abomination|84\/100|[from] item: Rocky Helmet|[of] p1a: Dimmadome\n|-enditem|p1a: Dimmadome|Rocky Helmet|[from] move: Knock Off|[of] p2a: Abomination\n|\n|upkeep\n|turn|12\n|\n|t:|1664307876\n|switch|p2a: Watcher|Tapu Fini|100\/100\n|-fieldstart|move: Misty Terrain|[from] ability: Misty Surge|[of] p2a: Watcher\n|move|p1a: Dimmadome|Will-O-Wisp|p2a: Watcher\n|-activate|p2a: Watcher|move: Misty Terrain\n|\n|upkeep\n|turn|13\n|\n|t:|1664307880\n|switch|p2a: Abomination|Ferrothorn, M|84\/100\n|switch|p1a: Pr\u00e9dast\u00e9rie|Toxapex, F|100\/100\n|\n|upkeep\n|turn|14\n|\n|t:|1664307884\n|switch|p1a: Dimmadome|Weezing-Galar, F|92\/100\n|move|p2a: Abomination|Leech Seed|p1a: Dimmadome\n|-start|p1a: Dimmadome|move: Leech Seed\n|\n|-damage|p1a: Dimmadome|79\/100|[from] Leech Seed|[of] p2a: Abomination\n|-heal|p2a: Abomination|96\/100|[silent]\n|upkeep\n|turn|15\n|\n|t:|1664307897\n|switch|p1a: ur slow|Slowbro, F|100\/100\n|move|p2a: Abomination|Spikes|p1a: ur slow\n|-sidestart|p1: Down$hift|Spikes\n|\n|upkeep\n|turn|16\n|\n|t:|1664307905\n|move|p2a: Abomination|Spikes|p1a: ur slow\n|-sidestart|p1: Down$hift|Spikes\n|move|p1a: ur slow|Teleport|p1a: ur slow\n|\n|t:|1664307906\n|switch|p1a: Dimmadome|Weezing-Galar, F|79\/100|[from]move: Teleport\n|\n|-fieldend|Misty Terrain\n|upkeep\n|turn|17\n|\n|t:|1664307919\n|move|p1a: Dimmadome|Defog|p2a: Abomination\n|-unboost|p2a: Abomination|evasion|1\n|-sideend|p1: Down$hift|Spikes|[from] move: Defog|[of] p1a: Dimmadome\n|move|p2a: Abomination|Leech Seed|p1a: Dimmadome\n|-start|p1a: Dimmadome|move: Leech Seed\n|\n|-damage|p1a: Dimmadome|67\/100|[from] Leech Seed|[of] p2a: Abomination\n|-heal|p2a: Abomination|100\/100|[silent]\n|upkeep\n|turn|18\n|\n|t:|1664307924\n|switch|p1a: Pr\u00e9dast\u00e9rie|Toxapex, F|100\/100\n|move|p2a: Abomination|Spikes|p1a: Pr\u00e9dast\u00e9rie\n|-sidestart|p1: Down$hift|Spikes\n|\n|upkeep\n|turn|19\n|\n|t:|1664307935\n|switch|p2a: Bolt|Zapdos|100\/100\n|move|p1a: Pr\u00e9dast\u00e9rie|Knock Off|p2a: Bolt\n|-crit|p2a: Bolt\n|-damage|p2a: Bolt|61\/100\n|-enditem|p2a: Bolt|Heavy-Duty Boots|[from] move: Knock Off|[of] p1a: Pr\u00e9dast\u00e9rie\n|\n|upkeep\n|turn|20\n|\n|t:|1664307942\n|switch|p1a: BIacephaIon|Regigigas|100\/100\n|-damage|p1a: BIacephaIon|88\/100|[from] Spikes\n|-start|p1a: BIacephaIon|ability: Slow Start\n|move|p2a: Bolt|Roost|p2a: Bolt\n|-heal|p2a: Bolt|100\/100\n|-singleturn|p2a: Bolt|move: Roost\n|\n|-heal|p1a: BIacephaIon|94\/100|[from] item: Leftovers\n|upkeep\n|turn|21\n|\n|t:|1664307946\n|move|p2a: Bolt|Discharge|p1a: BIacephaIon\n|-damage|p1a: BIacephaIon|75\/100\n|move|p1a: BIacephaIon|Knock Off|p2a: Bolt\n|-damage|p2a: Bolt|93\/100\n|\n|-heal|p1a: BIacephaIon|81\/100|[from] item: Leftovers\n|upkeep\n|turn|22\n|\n|t:|1664307950\n|switch|p2a: Abomination|Ferrothorn, M|100\/100\n|move|p1a: BIacephaIon|Power-Up Punch|p2a: Abomination\n|-supereffective|p2a: Abomination\n|-damage|p2a: Abomination|93\/100\n|-boost|p1a: BIacephaIon|atk|1\n|-damage|p1a: BIacephaIon|68\/100|[from] ability: Iron Barbs|[of] p2a: Abomination\n|-damage|p1a: BIacephaIon|52\/100|[from] item: Rocky Helmet|[of] p2a: Abomination\n|\n|-heal|p1a: BIacephaIon|58\/100|[from] item: Leftovers\n|upkeep\n|turn|23\n|\n|t:|1664307958\n|-end|p1a: BIacephaIon|Slow Start|[silent]\n|switch|p1a: ur slow|Slowbro, F|100\/100\n|switch|p2a: Johnny Blaze|Blaziken, M|100\/100\n|\n|upkeep\n|turn|24\n|\n|t:|1664307963\n|switch|p2a: Watcher|Tapu Fini|100\/100\n|-fieldstart|move: Misty Terrain|[from] ability: Misty Surge|[of] p2a: Watcher\n|move|p1a: ur slow|Scald|p2a: Watcher\n|-resisted|p2a: Watcher\n|-damage|p2a: Watcher|89\/100\n|\n|-heal|p2a: Watcher|96\/100|[from] item: Leftovers\n|upkeep\n|turn|25\n|\n|t:|1664307967\n|move|p2a: Watcher|Taunt|p1a: ur slow\n|-start|p1a: ur slow|move: Taunt\n|move|p1a: ur slow|Future Sight|p2a: Watcher\n|-start|p1a: ur slow|move: Future Sight\n|\n|-heal|p2a: Watcher|100\/100|[from] item: Leftovers\n|upkeep\n|turn|26\n|\n|t:|1664307969\n|switch|p1a: Pr\u00e9dast\u00e9rie|Toxapex, F|100\/100\n|-damage|p1a: Pr\u00e9dast\u00e9rie|88\/100|[from] Spikes\n|move|p2a: Watcher|Calm Mind|p2a: Watcher\n|-boost|p2a: Watcher|spa|1\n|-boost|p2a: Watcher|spd|1\n|\n|upkeep\n|turn|27\n|\n|t:|1664307972\n|switch|p2a: Abomination|Ferrothorn, M|93\/100\n|move|p1a: Pr\u00e9dast\u00e9rie|Knock Off|p2a: Abomination\n|-damage|p2a: Abomination|73\/100\n|-damage|p1a: Pr\u00e9dast\u00e9rie|76\/100|[from] ability: Iron Barbs|[of] p2a: Abomination\n|-damage|p1a: Pr\u00e9dast\u00e9rie|59\/100|[from] item: Rocky Helmet|[of] p2a: Abomination\n|-enditem|p2a: Abomination|Rocky Helmet|[from] move: Knock Off|[of] p1a: Pr\u00e9dast\u00e9rie\n|\n|-end|p2a: Abomination|move: Future Sight\n|-resisted|p2a: Abomination\n|-damage|p2a: Abomination|57\/100\n|upkeep\n|turn|28\n|\n|t:|1664307980\n|switch|p1a: ur slow|Slowbro, F|100\/100\n|switch|p2a: Johnny Blaze|Blaziken, M|100\/100\n|\n|-fieldend|Misty Terrain\n|upkeep\n|turn|29\n|\n|t:|1664307984\n|switch|p2a: Bolt|Zapdos|93\/100\n|move|p1a: ur slow|Scald|p2a: Bolt\n|-damage|p2a: Bolt|67\/100\n|\n|upkeep\n|turn|30\n|\n|t:|1664307991\n|switch|p1a: LandOUrus-T|Landorus-Therian, M|100\/100\n|-ability|p1a: LandOUrus-T|Intimidate|boost\n|-unboost|p2a: Bolt|atk|1\n|move|p2a: Bolt|Discharge|p1a: LandOUrus-T\n|-immune|p1a: LandOUrus-T\n|\n|upkeep\n|turn|31\n|\n|t:|1664307994\n|move|p1a: LandOUrus-T|Toxic|p2a: Bolt\n|-status|p2a: Bolt|tox\n|move|p2a: Bolt|Roost|p2a: Bolt\n|-heal|p2a: Bolt|100\/100 tox\n|-singleturn|p2a: Bolt|move: Roost\n|\n|-damage|p2a: Bolt|94\/100 tox|[from] psn\n|upkeep\n|turn|32\n|\n|t:|1664307998\n|switch|p2a: Abomination|Ferrothorn, M|57\/100\n|move|p1a: LandOUrus-T|Stealth Rock|p2a: Abomination\n|-sidestart|p2: Steez Ibanez|move: Stealth Rock\n|\n|upkeep\n|turn|33\n|\n|t:|1664308001\n|move|p1a: LandOUrus-T|Earthquake|p2a: Abomination\n|-damage|p2a: Abomination|27\/100\n|move|p2a: Abomination|Gyro Ball|p1a: LandOUrus-T\n|-damage|p1a: LandOUrus-T|62\/100\n|\n|-heal|p1a: LandOUrus-T|68\/100|[from] item: Leftovers\n|upkeep\n|turn|34\n|\n|t:|1664308004\n|switch|p2a: Simba|Landorus-Therian, M|84\/100\n|-damage|p2a: Simba|72\/100|[from] Stealth Rock\n|-ability|p2a: Simba|Intimidate|boost\n|-unboost|p1a: LandOUrus-T|atk|1\n|move|p1a: LandOUrus-T|Earthquake|p2a: Simba\n|-immune|p2a: Simba\n|\n|-heal|p1a: LandOUrus-T|74\/100|[from] item: Leftovers\n|upkeep\n|turn|35\n|\n|t:|1664308010\n|switch|p1a: Dimmadome|Weezing-Galar, F|67\/100\n|move|p2a: Simba|Knock Off|p1a: Dimmadome\n|-resisted|p1a: Dimmadome\n|-damage|p1a: Dimmadome|59\/100\n|\n|upkeep\n|turn|36\n|\n|t:|1664308017\n|switch|p2a: Abomination|Ferrothorn, M|27\/100\n|-damage|p2a: Abomination|21\/100|[from] Stealth Rock\n|move|p1a: Dimmadome|Strange Steam|p2a: Abomination\n|-resisted|p2a: Abomination\n|-damage|p2a: Abomination|9\/100\n|\n|upkeep\n|turn|37\n|\n|t:|1664308021\n|move|p1a: Dimmadome|Strange Steam|p2a: Abomination\n|-resisted|p2a: Abomination\n|-damage|p2a: Abomination|0 fnt\n|faint|p2a: Abomination\n|\n|upkeep\n|\n|t:|1664308023\n|switch|p2a: Johnny Blaze|Blaziken, M|100\/100\n|turn|38\n|\n|t:|1664308029\n|switch|p2a: Samehada|Garchomp, M|91\/100\n|-damage|p2a: Samehada|85\/100|[from] Stealth Rock\n|switch|p1a: LandOUrus-T|Landorus-Therian, M|74\/100\n|-ability|p1a: LandOUrus-T|Intimidate|boost\n|-unboost|p2a: Samehada|atk|1\n|\n|-heal|p2a: Samehada|91\/100|[from] item: Leftovers\n|-heal|p1a: LandOUrus-T|80\/100|[from] item: Leftovers\n|upkeep\n|turn|39\n|\n|t:|1664308033\n|move|p2a: Samehada|Stealth Rock|p1a: LandOUrus-T\n|-sidestart|p1: Down$hift|move: Stealth Rock\n|move|p1a: LandOUrus-T|Toxic|p2a: Samehada\n|-status|p2a: Samehada|tox\n|\n|-heal|p2a: Samehada|97\/100 tox|[from] item: Leftovers\n|-heal|p1a: LandOUrus-T|86\/100|[from] item: Leftovers\n|-damage|p2a: Samehada|91\/100 tox|[from] psn\n|upkeep\n|turn|40\n|\n|t:|1664308038\n|switch|p2a: Simba|Landorus-Therian, M|72\/100\n|-damage|p2a: Simba|59\/100|[from] Stealth Rock\n|-ability|p2a: Simba|Intimidate|boost\n|-unboost|p1a: LandOUrus-T|atk|1\n|switch|p1a: ur slow|Slowbro, F|100\/100\n|\n|upkeep\n|turn|41\n|\n|t:|1664308041\n|switch|p1a: Dimmadome|Weezing-Galar, F|59\/100\n|-damage|p1a: Dimmadome|46\/100|[from] Stealth Rock\n|move|p2a: Simba|U-turn|p1a: Dimmadome\n|-resisted|p1a: Dimmadome\n|-damage|p1a: Dimmadome|42\/100\n|\n|t:|1664308044\n|switch|p2a: Johnny Blaze|Blaziken, M|100\/100|[from]move: U-turn\n|\n|upkeep\n|turn|42\n|\n|t:|1664308052\n|switch|p2a: Watcher|Tapu Fini|100\/100\n|-damage|p2a: Watcher|88\/100|[from] Stealth Rock\n|-fieldstart|move: Misty Terrain|[from] ability: Misty Surge|[of] p2a: Watcher\n|switch|p1a: ur slow|Slowbro, F|100\/100\n|\n|-heal|p2a: Watcher|94\/100|[from] item: Leftovers\n|upkeep\n|turn|43\n|\n|t:|1664308056\n|move|p2a: Watcher|Taunt|p1a: ur slow\n|-start|p1a: ur slow|move: Taunt\n|move|p1a: ur slow|Future Sight|p2a: Watcher\n|-start|p1a: ur slow|move: Future Sight\n|\n|-heal|p2a: Watcher|100\/100|[from] item: Leftovers\n|upkeep\n|turn|44\n|\n|t:|1664308062\n|switch|p2a: Bolt|Zapdos|94\/100 tox\n|-damage|p2a: Bolt|69\/100 tox|[from] Stealth Rock\n|switch|p1a: Pr\u00e9dast\u00e9rie|Toxapex, F|93\/100\n|-damage|p1a: Pr\u00e9dast\u00e9rie|80\/100|[from] Spikes\n|-damage|p1a: Pr\u00e9dast\u00e9rie|68\/100|[from] Stealth Rock\n|\n|-damage|p2a: Bolt|63\/100 tox|[from] psn\n|upkeep\n|turn|45\n|\n|t:|1664308066\n|move|p2a: Bolt|Roost|p2a: Bolt\n|-heal|p2a: Bolt|100\/100 tox\n|-singleturn|p2a: Bolt|move: Roost\n|move|p1a: Pr\u00e9dast\u00e9rie|Gunk Shot|p2a: Bolt\n|-crit|p2a: Bolt\n|-damage|p2a: Bolt|33\/100 tox\n|\n|-end|p2a: Bolt|move: Future Sight\n|-damage|p2a: Bolt|0 fnt\n|faint|p2a: Bolt\n|upkeep\n|\n|t:|1664308074\n|switch|p2a: Samehada|Garchomp, M|91\/100 tox\n|-damage|p2a: Samehada|85\/100 tox|[from] Stealth Rock\n|turn|46\n|j| sle7in\n|\n|t:|1664308079\n|switch|p2a: Johnny Blaze|Blaziken, M|100\/100\n|switch|p1a: ur slow|Slowbro, F|100\/100\n|\n|-fieldend|Misty Terrain\n|upkeep\n|turn|47\n|\n|t:|1664308086\n|switch|p2a: Watcher|Tapu Fini|100\/100\n|-damage|p2a: Watcher|88\/100|[from] Stealth Rock\n|-fieldstart|move: Misty Terrain|[from] ability: Misty Surge|[of] p2a: Watcher\n|move|p1a: ur slow|Scald|p2a: Watcher\n|-resisted|p2a: Watcher\n|-damage|p2a: Watcher|77\/100\n|\n|-heal|p2a: Watcher|83\/100|[from] item: Leftovers\n|upkeep\n|turn|48\n|\n|t:|1664308091\n|move|p2a: Watcher|Calm Mind|p2a: Watcher\n|-boost|p2a: Watcher|spa|1\n|-boost|p2a: Watcher|spd|1\n|move|p1a: ur slow|Future Sight|p2a: Watcher\n|-start|p1a: ur slow|move: Future Sight\n|\n|-heal|p2a: Watcher|89\/100|[from] item: Leftovers\n|upkeep\n|turn|49\n|\n|t:|1664308095\n|switch|p1a: Pr\u00e9dast\u00e9rie|Toxapex, F|100\/100\n|-damage|p1a: Pr\u00e9dast\u00e9rie|88\/100|[from] Spikes\n|-damage|p1a: Pr\u00e9dast\u00e9rie|76\/100|[from] Stealth Rock\n|move|p2a: Watcher|Surf|p1a: Pr\u00e9dast\u00e9rie\n|-resisted|p1a: Pr\u00e9dast\u00e9rie\n|-damage|p1a: Pr\u00e9dast\u00e9rie|56\/100\n|\n|-heal|p2a: Watcher|96\/100|[from] item: Leftovers\n|upkeep\n|turn|50\n|\n|t:|1664308098\n|switch|p2a: Samehada|Garchomp, M|85\/100 tox\n|-damage|p2a: Samehada|79\/100 tox|[from] Stealth Rock\n|move|p1a: Pr\u00e9dast\u00e9rie|Gunk Shot|p2a: Samehada\n|-resisted|p2a: Samehada\n|-crit|p2a: Samehada\n|-damage|p2a: Samehada|32\/100 tox\n|\n|-end|p2a: Samehada|move: Future Sight\n|-damage|p2a: Samehada|0 fnt\n|faint|p2a: Samehada\n|upkeep\n|\n|t:|1664308101\n|switch|p2a: Johnny Blaze|Blaziken, M|100\/100\n|turn|51\n|\n|t:|1664308105\n|switch|p2a: Watcher|Tapu Fini|96\/100\n|-damage|p2a: Watcher|83\/100|[from] Stealth Rock\n|switch|p1a: LandOUrus-T|Landorus-Therian, M|86\/100\n|-damage|p1a: LandOUrus-T|74\/100|[from] Stealth Rock\n|-ability|p1a: LandOUrus-T|Intimidate|boost\n|-unboost|p2a: Watcher|atk|1\n|\n|-heal|p1a: LandOUrus-T|80\/100|[from] item: Leftovers\n|-heal|p2a: Watcher|89\/100|[from] item: Leftovers\n|-fieldend|Misty Terrain\n|upkeep\n|turn|52\n|j| Dono3\n|\n|t:|1664308116\n|switch|p2a: Simba|Landorus-Therian, M|59\/100\n|-damage|p2a: Simba|47\/100|[from] Stealth Rock\n|-ability|p2a: Simba|Intimidate|boost\n|-unboost|p1a: LandOUrus-T|atk|1\n|move|p1a: LandOUrus-T|Toxic|p2a: Simba|[miss]\n|-miss|p1a: LandOUrus-T|p2a: Simba\n|\n|-heal|p1a: LandOUrus-T|86\/100|[from] item: Leftovers\n|upkeep\n|turn|53\n|\n|t:|1664308128\n|switch|p1a: Dimmadome|Weezing-Galar, F|42\/100\n|-damage|p1a: Dimmadome|30\/100|[from] Stealth Rock\n|move|p2a: Simba|Knock Off|p1a: Dimmadome\n|-resisted|p1a: Dimmadome\n|-damage|p1a: Dimmadome|21\/100\n|\n|upkeep\n|turn|54\n|\n|t:|1664308136\n|switch|p2a: Johnny Blaze|Blaziken, M|100\/100\n|move|p1a: Dimmadome|Pain Split|p2a: Johnny Blaze\n|-sethp|p2a: Johnny Blaze|62\/100|[from] move: Pain Split|[silent]\n|-sethp|p1a: Dimmadome|56\/100|[from] move: Pain Split\n|\n|upkeep\n|turn|55\n|\n|t:|1664308140\n|switch|p2a: Watcher|Tapu Fini|89\/100\n|-damage|p2a: Watcher|77\/100|[from] Stealth Rock\n|-fieldstart|move: Misty Terrain|[from] ability: Misty Surge|[of] p2a: Watcher\n|switch|p1a: LandOUrus-T|Landorus-Therian, M|86\/100\n|-damage|p1a: LandOUrus-T|74\/100|[from] Stealth Rock\n|-ability|p1a: LandOUrus-T|Intimidate|boost\n|-unboost|p2a: Watcher|atk|1\n|\n|-heal|p1a: LandOUrus-T|80\/100|[from] item: Leftovers\n|-heal|p2a: Watcher|83\/100|[from] item: Leftovers\n|upkeep\n|turn|56\n|\n|t:|1664308142\n|switch|p1a: Pr\u00e9dast\u00e9rie|Toxapex, F|89\/100\n|-damage|p1a: Pr\u00e9dast\u00e9rie|77\/100|[from] Spikes\n|-damage|p1a: Pr\u00e9dast\u00e9rie|65\/100|[from] Stealth Rock\n|move|p2a: Watcher|Calm Mind|p2a: Watcher\n|-boost|p2a: Watcher|spa|1\n|-boost|p2a: Watcher|spd|1\n|\n|-heal|p2a: Watcher|89\/100|[from] item: Leftovers\n|upkeep\n|turn|57\n|\n|t:|1664308145\n|move|p2a: Watcher|Calm Mind|p2a: Watcher\n|-boost|p2a: Watcher|spa|1\n|-boost|p2a: Watcher|spd|1\n|move|p1a: Pr\u00e9dast\u00e9rie|Gunk Shot|p2a: Watcher\n|-supereffective|p2a: Watcher\n|-crit|p2a: Watcher\n|-damage|p2a: Watcher|0 fnt\n|faint|p2a: Watcher\n|\n|upkeep\n|l| StupidIdiotMe\n|c|\u2606Steez Ibanez|gg\n|c|\u2606Down$hift|gg\n|-message|Steez Ibanez forfeited.\n|\n|win|Down$hift\n|raw|Down$hift's rating: 1698 &rarr; <strong>1729<\/strong><br \/>(+31 for winning)\n|raw|Steez Ibanez's rating: 1923 &rarr; <strong>1892<\/strong><br \/>(-31 for losing)\n|l|\u2606Steez Ibanez\n|j| sufy512\n||Ladder isn't responding, score probably updated but might not have (Request timeout).\n|j| KfcGuyHeLikesFries\n|j| GengarAdept\n|j| Thetoastedrebirth\n|j| kiko besamoros\n|j| TheWelshCorgi\n|l| KfcGuyHeLikesFries\n|j| Egg Custap\n|l| TheWelshCorgi\n|l| kiko besamoros\n|l| sufy512\n|l| Thetoastedrebirth\n|l| Egg Custap\n|l| Dono3\n|l| GengarAdept\n|l| sle7in\n","uploadtime":1664309541,"views":64,"p1id":"downhift","p2id":"steezibanez","formatid":"gen8ou","rating":1729,"private":0,"password":null}