{"id":"gen8ou-1512889856","p1":"enpathy","p2":"Mollymiltoast","format":"gen8ou","log":"|j|\u2606enpathy\n|j|\u2606Mollymiltoast\n|t:|1645098701\n|gametype|singles\n|player|p1|enpathy|265|1641\n|player|p2|Mollymiltoast|cyclist|1749\n|teamsize|p1|6\n|teamsize|p2|6\n|gen|8\n|tier|[Gen 8] OU\n|rated|\n|rule|Sleep Clause Mod: Limit one foe put to sleep\n|rule|Species Clause: Limit one of each Pok\u00e9mon\n|rule|OHKO Clause: OHKO moves are banned\n|rule|Evasion Moves Clause: Evasion moves are banned\n|rule|Endless Battle Clause: Forcing endless battles is banned\n|rule|HP Percentage Mod: HP is shown in percentages\n|rule|Dynamax Clause: You cannot dynamax\n|clearpoke\n|poke|p1|Landorus-Therian, M|\n|poke|p1|Corviknight, M|\n|poke|p1|Tapu Koko|\n|poke|p1|Toxapex, F|\n|poke|p1|Weavile, M|\n|poke|p1|Blacephalon|\n|poke|p2|Torkoal, M|\n|poke|p2|Dragapult, F|\n|poke|p2|Venusaur, M|\n|poke|p2|Heatran, F|\n|poke|p2|Landorus-Therian, M|\n|poke|p2|Tapu Fini|\n|teampreview\n|inactive|Battle timer is ON: inactive players will automatically lose when time's up. (requested by enpathy)\n|j| lucky and godawful\n|j| Trp0\n|\n|t:|1645098734\n|start\n|switch|p1a: Blacephalon|Blacephalon|100\/100\n|switch|p2a: Tapu Fini|Tapu Fini|100\/100\n|-fieldstart|move: Misty Terrain|[from] ability: Misty Surge|[of] p2a: Tapu Fini\n|turn|1\n|j| Byron Gym Leader\n|j| Piloufis\n|\n|t:|1645098739\n|switch|p1a: Toxapex|Toxapex, F|100\/100\n|move|p2a: Tapu Fini|Scald|p1a: Toxapex\n|-resisted|p1a: Toxapex\n|-damage|p1a: Toxapex|91\/100\n|-enditem|p1a: Toxapex|Eject Button\n|\n|t:|1645098744\n|switch|p1a: Tapu Koko|Tapu Koko|100\/100\n|-fieldstart|move: Electric Terrain|[from] ability: Electric Surge|[of] p1a: Tapu Koko\n|\n|upkeep\n|turn|2\n|\n|t:|1645098749\n|switch|p2a: Torkoal|Torkoal, M|100\/100\n|-weather|SunnyDay|[from] ability: Drought|[of] p2a: Torkoal\n|move|p1a: Tapu Koko|Toxic|p2a: Torkoal\n|-status|p2a: Torkoal|tox\n|\n|-weather|SunnyDay|[upkeep]\n|-damage|p2a: Torkoal|94\/100 tox|[from] psn\n|upkeep\n|turn|3\n|\n|t:|1645098752\n|move|p1a: Tapu Koko|Thunderbolt|p2a: Torkoal\n|-damage|p2a: Torkoal|38\/100 tox\n|move|p2a: Torkoal|Stealth Rock|p1a: Tapu Koko\n|-sidestart|p1: enpathy|move: Stealth Rock\n|\n|-weather|SunnyDay|[upkeep]\n|-damage|p2a: Torkoal|26\/100 tox|[from] psn\n|upkeep\n|turn|4\n|j| Jacksonville Magic\n|\n|t:|1645098766\n|switch|p2a: Heatran|Heatran, F|100\/100\n|move|p1a: Tapu Koko|U-turn|p2a: Heatran\n|-resisted|p2a: Heatran\n|-damage|p2a: Heatran|97\/100\n|\n|t:|1645098773\n|switch|p1a: Toxapex|Toxapex, F|100\/100|[from]move: U-turn\n|-damage|p1a: Toxapex|88\/100|[from] Stealth Rock\n|\n|-weather|SunnyDay|[upkeep]\n|upkeep\n|turn|5\n|\n|t:|1645098780\n|switch|p2a: Venusaur|Venusaur, M|100\/100\n|move|p1a: Toxapex|Knock Off|p2a: Venusaur\n|-damage|p2a: Venusaur|79\/100\n|-enditem|p2a: Venusaur|Life Orb|[from] move: Knock Off|[of] p1a: Toxapex\n|\n|-weather|SunnyDay|[upkeep]\n|-fieldend|move: Electric Terrain\n|upkeep\n|turn|6\n|\n|t:|1645098783\n|move|p2a: Venusaur|Growth|p2a: Venusaur\n|-boost|p2a: Venusaur|atk|2\n|-boost|p2a: Venusaur|spa|2\n|move|p1a: Toxapex|Haze|p1a: Toxapex\n|-clearallboost\n|\n|-weather|SunnyDay|[upkeep]\n|upkeep\n|turn|7\n|\n|t:|1645098787\n|move|p2a: Venusaur|Growth|p2a: Venusaur\n|-boost|p2a: Venusaur|atk|2\n|-boost|p2a: Venusaur|spa|2\n|move|p1a: Toxapex|Haze|p1a: Toxapex\n|-clearallboost\n|\n|-weather|SunnyDay|[upkeep]\n|upkeep\n|turn|8\n|\n|t:|1645098790\n|move|p2a: Venusaur|Growth|p2a: Venusaur\n|-boost|p2a: Venusaur|atk|2\n|-boost|p2a: Venusaur|spa|2\n|move|p1a: Toxapex|Haze|p1a: Toxapex\n|-clearallboost\n|\n|-weather|SunnyDay|[upkeep]\n|upkeep\n|turn|9\n|j| spectatoring\n|\n|t:|1645098794\n|switch|p1a: Blacephalon|Blacephalon|100\/100\n|-damage|p1a: Blacephalon|76\/100|[from] Stealth Rock\n|move|p2a: Venusaur|Weather Ball|p1a: Blacephalon\n|-resisted|p1a: Blacephalon\n|-damage|p1a: Blacephalon|38\/100\n|\n|-weather|none\n|upkeep\n|turn|10\n|l| Jacksonville Magic\n|\n|t:|1645098799\n|switch|p2a: Tapu Fini|Tapu Fini|100\/100\n|-fieldstart|move: Misty Terrain|[from] ability: Misty Surge|[of] p2a: Tapu Fini\n|move|p1a: Blacephalon|Shadow Ball|p2a: Tapu Fini\n|-damage|p2a: Tapu Fini|41\/100\n|\n|-heal|p2a: Tapu Fini|47\/100|[from] item: Leftovers\n|upkeep\n|turn|11\n|\n|t:|1645098803\n|switch|p2a: Torkoal|Torkoal, M|26\/100 tox\n|-weather|SunnyDay|[from] ability: Drought|[of] p2a: Torkoal\n|move|p1a: Blacephalon|Shadow Ball|p2a: Torkoal\n|-damage|p2a: Torkoal|0 fnt\n|faint|p2a: Torkoal\n|-ability|p1a: Blacephalon|Beast Boost|boost\n|-boost|p1a: Blacephalon|spa|1\n|\n|-weather|SunnyDay|[upkeep]\n|upkeep\n|j| ModernEra\n|\n|t:|1645098805\n|switch|p2a: Venusaur|Venusaur, M|79\/100\n|turn|12\n|\n|t:|1645098814\n|move|p2a: Venusaur|Earth Power|p1a: Blacephalon\n|-supereffective|p1a: Blacephalon\n|-crit|p1a: Blacephalon\n|-damage|p1a: Blacephalon|0 fnt\n|faint|p1a: Blacephalon\n|\n|-weather|SunnyDay|[upkeep]\n|upkeep\n|\n|t:|1645098819\n|switch|p1a: Landorus|Landorus-Therian, M|100\/100\n|-damage|p1a: Landorus|88\/100|[from] Stealth Rock\n|-ability|p1a: Landorus|Intimidate|boost\n|-unboost|p2a: Venusaur|atk|1\n|turn|13\n|\n|t:|1645098826\n|move|p2a: Venusaur|Giga Drain|p1a: Landorus\n|-damage|p1a: Landorus|61\/100\n|-heal|p2a: Venusaur|96\/100|[from] drain|[of] p1a: Landorus\n|move|p1a: Landorus|U-turn|p2a: Venusaur\n|-damage|p2a: Venusaur|67\/100\n|\n|t:|1645098829\n|switch|p1a: Weavile|Weavile, M|100\/100|[from]move: U-turn\n|-damage|p1a: Weavile|76\/100|[from] Stealth Rock\n|-ability|p1a: Weavile|Pressure\n|\n|-weather|SunnyDay|[upkeep]\n|upkeep\n|turn|14\n|\n|t:|1645098831\n|switch|p2a: Heatran|Heatran, F|97\/100\n|move|p1a: Weavile|Ice Shard|p2a: Heatran\n|-resisted|p2a: Heatran\n|-damage|p2a: Heatran|88\/100\n|\n|-weather|SunnyDay|[upkeep]\n|-fieldend|Misty Terrain\n|upkeep\n|turn|15\n|\n|t:|1645098833\n|switch|p1a: Toxapex|Toxapex, F|100\/100\n|-damage|p1a: Toxapex|88\/100|[from] Stealth Rock\n|move|p2a: Heatran|Eruption|p1a: Toxapex\n|-resisted|p1a: Toxapex\n|-damage|p1a: Toxapex|52\/100\n|\n|-weather|SunnyDay|[upkeep]\n|upkeep\n|turn|16\n|\n|t:|1645098843\n|switch|p2a: Venusaur|Venusaur, M|67\/100\n|move|p1a: Toxapex|Recover|p1a: Toxapex\n|-heal|p1a: Toxapex|100\/100\n|\n|-weather|SunnyDay|[upkeep]\n|upkeep\n|turn|17\n|\n|t:|1645098847\n|move|p2a: Venusaur|Earth Power|p1a: Toxapex\n|-supereffective|p1a: Toxapex\n|-damage|p1a: Toxapex|62\/100\n|move|p1a: Toxapex|Haze|p1a: Toxapex\n|-clearallboost\n|\n|-weather|SunnyDay|[upkeep]\n|upkeep\n|turn|18\n|\n|t:|1645098852\n|move|p2a: Venusaur|Growth|p2a: Venusaur\n|-boost|p2a: Venusaur|atk|2\n|-boost|p2a: Venusaur|spa|2\n|move|p1a: Toxapex|Haze|p1a: Toxapex\n|-clearallboost\n|\n|-weather|none\n|upkeep\n|turn|19\n|\n|t:|1645098858\n|switch|p2a: Landorus|Landorus-Therian, M|100\/100\n|-ability|p2a: Landorus|Intimidate|boost\n|-unboost|p1a: Toxapex|atk|1\n|switch|p1a: Corviknight|Corviknight, M|100\/100\n|-damage|p1a: Corviknight|88\/100|[from] Stealth Rock\n|-ability|p1a: Corviknight|Pressure\n|\n|upkeep\n|turn|20\n|\n|t:|1645098861\n|move|p2a: Landorus|Smack Down|p1a: Corviknight\n|-damage|p1a: Corviknight|77\/100\n|-start|p1a: Corviknight|Smack Down\n|move|p1a: Corviknight|Defog|p2a: Landorus\n|-unboost|p2a: Landorus|evasion|1\n|-sideend|p1: enpathy|Stealth Rock|[from] move: Defog|[of] p1a: Corviknight\n|\n|upkeep\n|turn|21\n|\n|t:|1645098868\n|switch|p2a: Tapu Fini|Tapu Fini|47\/100\n|-fieldstart|move: Misty Terrain|[from] ability: Misty Surge|[of] p2a: Tapu Fini\n|switch|p1a: Landorus|Landorus-Therian, M|61\/100\n|-ability|p1a: Landorus|Intimidate|boost\n|-unboost|p2a: Tapu Fini|atk|1\n|\n|-heal|p2a: Tapu Fini|53\/100|[from] item: Leftovers\n|-heal|p1a: Landorus|67\/100|[from] item: Leftovers\n|upkeep\n|turn|22\n|\n|t:|1645098872\n|switch|p1a: Tapu Koko|Tapu Koko|100\/100\n|-fieldstart|move: Electric Terrain|[from] ability: Electric Surge|[of] p1a: Tapu Koko\n|move|p2a: Tapu Fini|Scald|p1a: Tapu Koko\n|-damage|p1a: Tapu Koko|54\/100\n|\n|-heal|p2a: Tapu Fini|60\/100|[from] item: Leftovers\n|upkeep\n|turn|23\n|j| Rocket's Snorlax\n|\n|t:|1645098889\n|switch|p2a: Landorus|Landorus-Therian, M|100\/100\n|-ability|p2a: Landorus|Intimidate|boost\n|-unboost|p1a: Tapu Koko|atk|1\n|move|p1a: Tapu Koko|Roost|p1a: Tapu Koko\n|-heal|p1a: Tapu Koko|100\/100\n|-singleturn|p1a: Tapu Koko|move: Roost\n|\n|upkeep\n|turn|24\n|j| Martinolenul\n|\n|t:|1645098902\n|move|p1a: Tapu Koko|U-turn|p2a: Landorus\n|-resisted|p2a: Landorus\n|-damage|p2a: Landorus|95\/100\n|\n|t:|1645098904\n|switch|p1a: Corviknight|Corviknight, M|77\/100|[from]move: U-turn\n|-ability|p1a: Corviknight|Pressure\n|move|p2a: Landorus|Smack Down|p1a: Corviknight\n|-damage|p1a: Corviknight|65\/100\n|-start|p1a: Corviknight|Smack Down\n|\n|-heal|p2a: Landorus|100\/100|[from] item: Leftovers\n|upkeep\n|turn|25\n|\n|t:|1645098919\n|switch|p1a: Landorus|Landorus-Therian, M|67\/100\n|-ability|p1a: Landorus|Intimidate|boost\n|-unboost|p2a: Landorus|atk|1\n|move|p2a: Landorus|Bulk Up|p2a: Landorus\n|-boost|p2a: Landorus|atk|1\n|-boost|p2a: Landorus|def|1\n|\n|-heal|p1a: Landorus|73\/100|[from] item: Leftovers\n|upkeep\n|turn|26\n|l| Piloufis\n|\n|t:|1645098922\n|move|p2a: Landorus|Substitute|p2a: Landorus\n|-start|p2a: Landorus|Substitute\n|-damage|p2a: Landorus|76\/100\n|move|p1a: Landorus|U-turn|p2a: Landorus\n|-resisted|p2a: Landorus\n|-activate|p2a: Landorus|move: Substitute|[damage]\n|\n|t:|1645098924\n|switch|p1a: Weavile|Weavile, M|76\/100|[from]move: U-turn\n|-ability|p1a: Weavile|Pressure\n|\n|-heal|p2a: Landorus|82\/100|[from] item: Leftovers\n|-fieldend|move: Electric Terrain\n|upkeep\n|turn|27\n|\n|t:|1645098926\n|switch|p2a: Heatran|Heatran, F|88\/100\n|move|p1a: Weavile|Triple Axel|p2a: Heatran\n|-resisted|p2a: Heatran\n|-damage|p2a: Heatran|84\/100\n|-resisted|p2a: Heatran\n|-damage|p2a: Heatran|76\/100\n|-hitcount|p2a: Heatran|2\n|\n|upkeep\n|turn|28\n|\n|t:|1645098938\n|switch|p2a: Landorus|Landorus-Therian, M|82\/100\n|-ability|p2a: Landorus|Intimidate|boost\n|-unboost|p1a: Weavile|atk|1\n|switch|p1a: Toxapex|Toxapex, F|96\/100\n|\n|-heal|p2a: Landorus|88\/100|[from] item: Leftovers\n|upkeep\n|turn|29\n|\n|t:|1645098945\n|switch|p1a: Landorus|Landorus-Therian, M|73\/100\n|-ability|p1a: Landorus|Intimidate|boost\n|-unboost|p2a: Landorus|atk|1\n|move|p2a: Landorus|Substitute|p2a: Landorus\n|-start|p2a: Landorus|Substitute\n|-damage|p2a: Landorus|63\/100\n|\n|-heal|p2a: Landorus|69\/100|[from] item: Leftovers\n|-heal|p1a: Landorus|80\/100|[from] item: Leftovers\n|upkeep\n|turn|30\n|\n|t:|1645098947\n|move|p2a: Landorus|Bulk Up|p2a: Landorus\n|-boost|p2a: Landorus|atk|1\n|-boost|p2a: Landorus|def|1\n|move|p1a: Landorus|U-turn|p2a: Landorus\n|-resisted|p2a: Landorus\n|-activate|p2a: Landorus|move: Substitute|[damage]\n|\n|t:|1645098950\n|switch|p1a: Weavile|Weavile, M|76\/100|[from]move: U-turn\n|-ability|p1a: Weavile|Pressure\n|\n|-heal|p2a: Landorus|75\/100|[from] item: Leftovers\n|upkeep\n|turn|31\n|\n|t:|1645098952\n|switch|p2a: Heatran|Heatran, F|76\/100\n|move|p1a: Weavile|Triple Axel|p2a: Heatran|[miss]\n|-miss|p1a: Weavile|p2a: Heatran\n|\n|upkeep\n|turn|32\n|\n|t:|1645098963\n|switch|p2a: Landorus|Landorus-Therian, M|75\/100\n|-ability|p2a: Landorus|Intimidate|boost\n|-unboost|p1a: Weavile|atk|1\n|switch|p1a: Toxapex|Toxapex, F|100\/100\n|\n|-heal|p2a: Landorus|81\/100|[from] item: Leftovers\n|upkeep\n|turn|33\n|\n|t:|1645098967\n|switch|p1a: Landorus|Landorus-Therian, M|80\/100\n|-ability|p1a: Landorus|Intimidate|boost\n|-unboost|p2a: Landorus|atk|1\n|move|p2a: Landorus|Substitute|p2a: Landorus\n|-start|p2a: Landorus|Substitute\n|-damage|p2a: Landorus|56\/100\n|\n|-heal|p2a: Landorus|62\/100|[from] item: Leftovers\n|-heal|p1a: Landorus|86\/100|[from] item: Leftovers\n|upkeep\n|turn|34\n|\n|t:|1645098969\n|move|p2a: Landorus|Bulk Up|p2a: Landorus\n|-boost|p2a: Landorus|atk|1\n|-boost|p2a: Landorus|def|1\n|move|p1a: Landorus|U-turn|p2a: Landorus\n|-resisted|p2a: Landorus\n|-activate|p2a: Landorus|move: Substitute|[damage]\n|\n|t:|1645098971\n|switch|p1a: Weavile|Weavile, M|76\/100|[from]move: U-turn\n|-ability|p1a: Weavile|Pressure\n|\n|-heal|p2a: Landorus|68\/100|[from] item: Leftovers\n|upkeep\n|turn|35\n|\n|t:|1645098973\n|switch|p2a: Heatran|Heatran, F|76\/100\n|move|p1a: Weavile|Triple Axel|p2a: Heatran\n|-resisted|p2a: Heatran\n|-damage|p2a: Heatran|72\/100\n|-resisted|p2a: Heatran\n|-damage|p2a: Heatran|64\/100\n|-status|p1a: Weavile|brn|[from] ability: Flame Body|[of] p2a: Heatran\n|-resisted|p2a: Heatran\n|-crit|p2a: Heatran\n|-damage|p2a: Heatran|56\/100\n|-hitcount|p2a: Heatran|3\n|\n|-damage|p1a: Weavile|70\/100 brn|[from] brn\n|upkeep\n|turn|36\n|j| BabyPigsAreLaughin\n|\n|t:|1645098997\n|switch|p1a: Landorus|Landorus-Therian, M|86\/100\n|-ability|p1a: Landorus|Intimidate|boost\n|-unboost|p2a: Heatran|atk|1\n|move|p2a: Heatran|Earth Power|p1a: Landorus\n|-immune|p1a: Landorus\n|\n|-heal|p1a: Landorus|92\/100|[from] item: Leftovers\n|upkeep\n|turn|37\n|\n|t:|1645099008\n|switch|p2a: Tapu Fini|Tapu Fini|60\/100\n|-fieldstart|move: Misty Terrain|[from] ability: Misty Surge|[of] p2a: Tapu Fini\n|move|p1a: Landorus|Earthquake|p2a: Tapu Fini\n|-damage|p2a: Tapu Fini|19\/100\n|\n|-heal|p2a: Tapu Fini|25\/100|[from] item: Leftovers\n|-heal|p1a: Landorus|98\/100|[from] item: Leftovers\n|upkeep\n|turn|38\n|\n|t:|1645099012\n|switch|p1a: Toxapex|Toxapex, F|100\/100\n|move|p2a: Tapu Fini|Scald|p1a: Toxapex\n|-resisted|p1a: Toxapex\n|-damage|p1a: Toxapex|91\/100\n|\n|-heal|p2a: Tapu Fini|32\/100|[from] item: Leftovers\n|upkeep\n|turn|39\n|\n|t:|1645099016\n|switch|p2a: Venusaur|Venusaur, M|67\/100\n|move|p1a: Toxapex|Knock Off|p2a: Venusaur\n|-damage|p2a: Venusaur|54\/100\n|\n|upkeep\n|turn|40\n|j| Jacksonville Magic\n|\n|t:|1645099019\n|switch|p1a: Corviknight|Corviknight, M|65\/100\n|-ability|p1a: Corviknight|Pressure\n|move|p2a: Venusaur|Earth Power|p1a: Corviknight\n|-immune|p1a: Corviknight\n|\n|upkeep\n|turn|41\n|\n|t:|1645099026\n|switch|p2a: Landorus|Landorus-Therian, M|68\/100\n|-ability|p2a: Landorus|Intimidate|boost\n|-unboost|p1a: Corviknight|atk|1\n|move|p1a: Corviknight|U-turn|p2a: Landorus\n|-resisted|p2a: Landorus\n|-damage|p2a: Landorus|63\/100\n|\n|t:|1645099030\n|switch|p1a: Weavile|Weavile, M|70\/100 brn|[from]move: U-turn\n|-ability|p1a: Weavile|Pressure\n|\n|-heal|p2a: Landorus|69\/100|[from] item: Leftovers\n|-damage|p1a: Weavile|63\/100 brn|[from] brn\n|-fieldend|Misty Terrain\n|upkeep\n|turn|42\n|\n|t:|1645099036\n|switch|p2a: Tapu Fini|Tapu Fini|32\/100\n|-fieldstart|move: Misty Terrain|[from] ability: Misty Surge|[of] p2a: Tapu Fini\n|move|p1a: Weavile|Knock Off|p2a: Tapu Fini\n|-resisted|p2a: Tapu Fini\n|-damage|p2a: Tapu Fini|13\/100\n|-enditem|p2a: Tapu Fini|Leftovers|[from] move: Knock Off|[of] p1a: Weavile\n|\n|-damage|p1a: Weavile|57\/100 brn|[from] brn\n|upkeep\n|turn|43\n|\n|t:|1645099046\n|switch|p1a: Tapu Koko|Tapu Koko|100\/100\n|-fieldstart|move: Electric Terrain|[from] ability: Electric Surge|[of] p1a: Tapu Koko\n|move|p2a: Tapu Fini|Calm Mind|p2a: Tapu Fini\n|-boost|p2a: Tapu Fini|spa|1\n|-boost|p2a: Tapu Fini|spd|1\n|\n|upkeep\n|turn|44\n|\n|t:|1645099050\n|switch|p2a: Venusaur|Venusaur, M|54\/100\n|move|p1a: Tapu Koko|Thunderbolt|p2a: Venusaur\n|-resisted|p2a: Venusaur\n|-damage|p2a: Venusaur|33\/100\n|\n|upkeep\n|turn|45\n|\n|t:|1645099054\n|switch|p2a: Landorus|Landorus-Therian, M|69\/100\n|-ability|p2a: Landorus|Intimidate|boost\n|-unboost|p1a: Tapu Koko|atk|1\n|move|p1a: Tapu Koko|U-turn|p2a: Landorus\n|-resisted|p2a: Landorus\n|-damage|p2a: Landorus|64\/100\n|\n|t:|1645099059\n|switch|p1a: Weavile|Weavile, M|57\/100 brn|[from]move: U-turn\n|-ability|p1a: Weavile|Pressure\n|\n|-heal|p2a: Landorus|70\/100|[from] item: Leftovers\n|-damage|p1a: Weavile|51\/100 brn|[from] brn\n|upkeep\n|turn|46\n|\n|t:|1645099062\n|switch|p2a: Heatran|Heatran, F|56\/100\n|move|p1a: Weavile|Knock Off|p2a: Heatran\n|-damage|p2a: Heatran|18\/100\n|-enditem|p2a: Heatran|Choice Scarf|[from] move: Knock Off|[of] p1a: Weavile\n|\n|-damage|p1a: Weavile|45\/100 brn|[from] brn\n|upkeep\n|turn|47\n|\n|t:|1645099067\n|switch|p2a: Landorus|Landorus-Therian, M|70\/100\n|-ability|p2a: Landorus|Intimidate|boost\n|-unboost|p1a: Weavile|atk|1\n|move|p1a: Weavile|Knock Off|p2a: Landorus\n|-damage|p2a: Landorus|45\/100\n|-enditem|p2a: Landorus|Leftovers|[from] move: Knock Off|[of] p1a: Weavile\n|\n|-damage|p1a: Weavile|39\/100 brn|[from] brn\n|-fieldend|move: Electric Terrain\n|upkeep\n|turn|48\n|\n|t:|1645099075\n|switch|p1a: Corviknight|Corviknight, M|65\/100\n|-ability|p1a: Corviknight|Pressure\n|move|p2a: Landorus|Bulk Up|p2a: Landorus\n|-boost|p2a: Landorus|atk|1\n|-boost|p2a: Landorus|def|1\n|\n|upkeep\n|turn|49\n|\n|t:|1645099090\n|move|p2a: Landorus|Bulk Up|p2a: Landorus\n|-boost|p2a: Landorus|atk|1\n|-boost|p2a: Landorus|def|1\n|move|p1a: Corviknight|U-turn|p2a: Landorus\n|-resisted|p2a: Landorus\n|-crit|p2a: Landorus\n|-damage|p2a: Landorus|34\/100\n|\n|t:|1645099092\n|switch|p1a: Weavile|Weavile, M|39\/100 brn|[from]move: U-turn\n|-ability|p1a: Weavile|Pressure\n|\n|-damage|p1a: Weavile|33\/100 brn|[from] brn\n|upkeep\n|turn|50\n|\n|t:|1645099100\n|move|p1a: Weavile|Ice Shard|p2a: Landorus\n|-supereffective|p2a: Landorus\n|-damage|p2a: Landorus|3\/100\n|move|p2a: Landorus|Smack Down|p1a: Weavile\n|-supereffective|p1a: Weavile\n|-damage|p1a: Weavile|0 fnt\n|faint|p1a: Weavile\n|\n|upkeep\n|\n|t:|1645099104\n|switch|p1a: Tapu Koko|Tapu Koko|100\/100\n|-fieldstart|move: Electric Terrain|[from] ability: Electric Surge|[of] p1a: Tapu Koko\n|turn|51\n|\n|t:|1645099112\n|switch|p2a: Heatran|Heatran, F|18\/100\n|move|p1a: Tapu Koko|U-turn|p2a: Heatran\n|-resisted|p2a: Heatran\n|-damage|p2a: Heatran|14\/100\n|j| TKMOZ\n|\n|t:|1645099125\n|switch|p1a: Toxapex|Toxapex, F|100\/100|[from]move: U-turn\n|\n|upkeep\n|turn|52\n|\n|t:|1645099129\n|move|p2a: Heatran|Earth Power|p1a: Toxapex\n|-supereffective|p1a: Toxapex\n|-damage|p1a: Toxapex|54\/100\n|move|p1a: Toxapex|Scald|p2a: Heatran\n|-supereffective|p2a: Heatran\n|-damage|p2a: Heatran|0 fnt\n|faint|p2a: Heatran\n|\n|upkeep\n|\n|t:|1645099133\n|switch|p2a: Dragapult|Dragapult, F|100\/100\n|turn|53\n|\n|t:|1645099141\n|move|p2a: Dragapult|Dragon Darts|p1a: Toxapex\n|-crit|p1a: Toxapex\n|-damage|p1a: Toxapex|10\/100\n|-anim|p2a: Dragapult|Dragon Darts|p1a: Toxapex\n|-damage|p1a: Toxapex|0 fnt\n|faint|p1a: Toxapex\n|\n|upkeep\n|\n|t:|1645099142\n|switch|p1a: Tapu Koko|Tapu Koko|100\/100\n|turn|54\n|\n|t:|1645099167\n|switch|p2a: Venusaur|Venusaur, M|33\/100\n|move|p1a: Tapu Koko|U-turn|p2a: Venusaur\n|-damage|p2a: Venusaur|11\/100\n|\n|t:|1645099170\n|switch|p1a: Corviknight|Corviknight, M|65\/100|[from]move: U-turn\n|-ability|p1a: Corviknight|Pressure\n|\n|upkeep\n|turn|55\n|\n|t:|1645099174\n|switch|p2a: Dragapult|Dragapult, F|100\/100\n|move|p1a: Corviknight|Roost|p1a: Corviknight\n|-heal|p1a: Corviknight|100\/100\n|-singleturn|p1a: Corviknight|move: Roost\n|\n|-fieldend|move: Electric Terrain\n|upkeep\n|turn|56\n|\n|t:|1645099191\n|switch|p1a: Tapu Koko|Tapu Koko|100\/100\n|-fieldstart|move: Electric Terrain|[from] ability: Electric Surge|[of] p1a: Tapu Koko\n|move|p2a: Dragapult|U-turn|p1a: Tapu Koko\n|-resisted|p1a: Tapu Koko\n|-damage|p1a: Tapu Koko|81\/100\n|-damage|p2a: Dragapult|84\/100|[from] item: Rocky Helmet|[of] p1a: Tapu Koko\n|l| Jacksonville Magic\n|\n|t:|1645099201\n|switch|p2a: Tapu Fini|Tapu Fini|13\/100|[from]move: U-turn\n|-fieldstart|move: Misty Terrain|[from] ability: Misty Surge|[of] p2a: Tapu Fini\n|\n|upkeep\n|turn|57\n|\n|t:|1645099204\n|switch|p2a: Dragapult|Dragapult, F|84\/100\n|move|p1a: Tapu Koko|Thunderbolt|p2a: Dragapult\n|-resisted|p2a: Dragapult\n|-damage|p2a: Dragapult|64\/100\n|\n|upkeep\n|turn|58\n|\n|t:|1645099210\n|move|p1a: Tapu Koko|Roost|p1a: Tapu Koko\n|-heal|p1a: Tapu Koko|100\/100\n|-singleturn|p1a: Tapu Koko|move: Roost\n|move|p2a: Dragapult|Phantom Force||[still]\n|-prepare|p2a: Dragapult|Phantom Force\n|\n|upkeep\n|turn|59\n|\n|t:|1645099212\n|switch|p1a: Corviknight|Corviknight, M|100\/100\n|-ability|p1a: Corviknight|Pressure\n|move|p2a: Dragapult|Phantom Force|p1a: Corviknight|[from]lockedmove\n|-damage|p1a: Corviknight|56\/100\n|-damage|p2a: Dragapult|48\/100|[from] item: Rocky Helmet|[of] p1a: Corviknight\n|\n|upkeep\n|turn|60\n|\n|t:|1645099219\n|switch|p2a: Tapu Fini|Tapu Fini|13\/100\n|move|p1a: Corviknight|Roost|p1a: Corviknight\n|-heal|p1a: Corviknight|100\/100\n|-singleturn|p1a: Corviknight|move: Roost\n|\n|-fieldend|Misty Terrain\n|upkeep\n|turn|61\n|\n|t:|1645099221\n|switch|p1a: Tapu Koko|Tapu Koko|100\/100\n|-fieldstart|move: Electric Terrain|[from] ability: Electric Surge|[of] p1a: Tapu Koko\n|move|p2a: Tapu Fini|Scald|p1a: Tapu Koko\n|-damage|p1a: Tapu Koko|56\/100\n|\n|upkeep\n|turn|62\n|\n|t:|1645099225\n|switch|p2a: Dragapult|Dragapult, F|48\/100\n|move|p1a: Tapu Koko|Thunderbolt|p2a: Dragapult\n|-resisted|p2a: Dragapult\n|-damage|p2a: Dragapult|23\/100\n|\n|upkeep\n|turn|63\n|\n|t:|1645099231\n|move|p1a: Tapu Koko|Roost|p1a: Tapu Koko\n|-heal|p1a: Tapu Koko|100\/100\n|-singleturn|p1a: Tapu Koko|move: Roost\n|move|p2a: Dragapult|Steel Wing|p1a: Tapu Koko\n|-damage|p1a: Tapu Koko|64\/100\n|-damage|p2a: Dragapult|6\/100|[from] item: Rocky Helmet|[of] p1a: Tapu Koko\n|\n|upkeep\n|turn|64\n|\n|t:|1645099236\n|switch|p2a: Landorus|Landorus-Therian, M|3\/100\n|-ability|p2a: Landorus|Intimidate|boost\n|-unboost|p1a: Tapu Koko|atk|1\n|move|p1a: Tapu Koko|Thunderbolt|p2a: Landorus\n|-immune|p2a: Landorus\n|\n|upkeep\n|turn|65\n|\n|t:|1645099239\n|switch|p2a: Tapu Fini|Tapu Fini|13\/100\n|-fieldstart|move: Misty Terrain|[from] ability: Misty Surge|[of] p2a: Tapu Fini\n|move|p1a: Tapu Koko|U-turn|p2a: Tapu Fini\n|-resisted|p2a: Tapu Fini\n|-damage|p2a: Tapu Fini|8\/100\n|\n|t:|1645099243\n|switch|p1a: Corviknight|Corviknight, M|100\/100|[from]move: U-turn\n|-ability|p1a: Corviknight|Pressure\n|\n|upkeep\n|turn|66\n|\n|t:|1645099247\n|move|p2a: Tapu Fini|Scald|p1a: Corviknight\n|-damage|p1a: Corviknight|70\/100\n|move|p1a: Corviknight|U-turn|p2a: Tapu Fini\n|-resisted|p2a: Tapu Fini\n|-damage|p2a: Tapu Fini|1\/100\n|\n|t:|1645099248\n|switch|p1a: Tapu Koko|Tapu Koko|64\/100|[from]move: U-turn\n|-fieldstart|move: Electric Terrain|[from] ability: Electric Surge|[of] p1a: Tapu Koko\n|\n|upkeep\n|turn|67\n|\n|t:|1645099254\n|move|p1a: Tapu Koko|Thunderbolt|p2a: Tapu Fini\n|-supereffective|p2a: Tapu Fini\n|-damage|p2a: Tapu Fini|0 fnt\n|faint|p2a: Tapu Fini\n|\n|upkeep\n|\n|t:|1645099261\n|switch|p2a: Venusaur|Venusaur, M|11\/100\n|turn|68\n|\n|t:|1645099264\n|switch|p2a: Landorus|Landorus-Therian, M|3\/100\n|-ability|p2a: Landorus|Intimidate|boost\n|-unboost|p1a: Tapu Koko|atk|1\n|move|p1a: Tapu Koko|Thunderbolt|p2a: Landorus\n|-immune|p2a: Landorus\n|\n|upkeep\n|turn|69\n|\n|t:|1645099269\n|switch|p2a: Venusaur|Venusaur, M|11\/100\n|move|p1a: Tapu Koko|U-turn|p2a: Venusaur\n|-damage|p2a: Venusaur|0 fnt\n|faint|p2a: Venusaur\n|\n|t:|1645099273\n|switch|p1a: Corviknight|Corviknight, M|70\/100|[from]move: U-turn\n|-ability|p1a: Corviknight|Pressure\n|\n|upkeep\n|-message|Mollymiltoast forfeited.\n|\n|win|enpathy\n|raw|enpathy's rating: 1641 &rarr; <strong>1667<\/strong><br \/>(+26 for winning)\n|raw|Mollymiltoast's rating: 1749 &rarr; <strong>1723<\/strong><br \/>(-26 for losing)\n|l|\u2606Mollymiltoast\n|l|\u2606enpathy\n|l| TKMOZ\n|l| spectatoring\n|l| Byron Gym Leader\n|l| BabyPigsAreLaughin\n|l| Trp0\n|j|\u2606enpathy\n|player|p1|enpathy|265\n","uploadtime":1645099376,"views":131,"p1id":"enpathy","p2id":"mollymiltoast","formatid":"gen8ou","rating":1667,"private":0,"password":null}