{"id":"gen8ou-1125943204","p1":"Q114","p2":"826aska","format":"gen8ou","log":"|j|\u2606Q114\n|j|\u2606826aska\n|player|p1|Q114|102|1768\n|player|p2|826aska|erika|1707\n|teamsize|p1|6\n|teamsize|p2|6\n|gametype|singles\n|gen|8\n|tier|[Gen 8] OU\n|rated|\n|clearpoke\n|poke|p1|Toxapex, F|\n|poke|p1|Ferrothorn, M|\n|poke|p1|Seismitoad, F|\n|poke|p1|Tyranitar, M|\n|poke|p1|Clefable, M|\n|poke|p1|Corviknight, M|\n|poke|p2|Hydreigon, M|\n|poke|p2|Darmanitan, M|\n|poke|p2|Corviknight, M|\n|poke|p2|Clefable, F|\n|poke|p2|Toxapex, M|\n|poke|p2|Kyurem|\n|rule|Sleep Clause Mod: Limit one foe put to sleep\n|rule|Species Clause: Limit one of each Pok\u00e9mon\n|rule|OHKO Clause: OHKO moves are banned\n|rule|Evasion Moves Clause: Evasion moves are banned\n|rule|Endless Battle Clause: Forcing endless battles is banned\n|rule|HP Percentage Mod: HP is shown in percentages\n|rule|Dynamax Clause: You cannot dynamax\n|teampreview\n|j| Cookin'Drugs\n|j| Toxic Imperatrix\n|inactive|Battle timer is ON: inactive players will automatically lose when time's up. (requested by Q114)\n|\n|start\n|switch|p1a: Toxapex|Toxapex, F|100\/100\n|switch|p2a: Kyurem|Kyurem, shiny|100\/100\n|-ability|p2a: Kyurem|Pressure\n|turn|1\n|l| Cookin'Drugs\n|\n|switch|p1a: Ferrothorn|Ferrothorn, M|100\/100\n|move|p2a: Kyurem|Freeze-Dry|p1a: Ferrothorn\n|-damage|p1a: Ferrothorn|61\/100\n|\n|-heal|p1a: Ferrothorn|67\/100|[from] item: Leftovers\n|upkeep\n|turn|2\n|\n|move|p2a: Kyurem|Freeze-Dry|p1a: Ferrothorn\n|-crit|p1a: Ferrothorn\n|-damage|p1a: Ferrothorn|5\/100\n|move|p1a: Ferrothorn|Leech Seed|p2a: Kyurem\n|-start|p2a: Kyurem|move: Leech Seed\n|\n|-heal|p1a: Ferrothorn|11\/100|[from] item: Leftovers\n|-damage|p2a: Kyurem|88\/100|[from] Leech Seed|[of] p1a: Ferrothorn\n|-heal|p1a: Ferrothorn|25\/100|[silent]\n|upkeep\n|turn|3\n|\n|switch|p2a: Darmanitan|Darmanitan, M|100\/100\n|move|p1a: Ferrothorn|Protect||[still]\n|-fail|p1a: Ferrothorn\n|\n|-heal|p1a: Ferrothorn|31\/100|[from] item: Leftovers\n|upkeep\n|turn|4\n|\n|move|p1a: Ferrothorn|Protect|p1a: Ferrothorn\n|-singleturn|p1a: Ferrothorn|Protect\n|move|p2a: Darmanitan|Flare Blitz|p1a: Ferrothorn\n|-activate|p1a: Ferrothorn|move: Protect\n|\n|-heal|p1a: Ferrothorn|37\/100|[from] item: Leftovers\n|upkeep\n|turn|5\n|\n|switch|p2a: Kyurem|Kyurem, shiny|88\/100\n|-ability|p2a: Kyurem|Pressure\n|switch|p1a: Toxapex|Toxapex, F|100\/100\n|\n|upkeep\n|turn|6\n|\n|switch|p1a: Tyranitar|Tyranitar, M|100\/100\n|-weather|Sandstorm|[from] ability: Sand Stream|[of] p1a: Tyranitar\n|move|p2a: Kyurem|Freeze-Dry|p1a: Tyranitar\n|-damage|p1a: Tyranitar|83\/100\n|-status|p1a: Tyranitar|frz\n|\n|-weather|Sandstorm|[upkeep]\n|-damage|p2a: Kyurem|82\/100|[from] Sandstorm\n|upkeep\n|turn|7\n|j| Cookin'Drugs\n|j| Proftreez\n|l| Cookin'Drugs\n|\n|switch|p2a: Darmanitan|Darmanitan, M|100\/100\n|switch|p1a: Ferrothorn|Ferrothorn, M|37\/100\n|\n|-weather|Sandstorm|[upkeep]\n|-damage|p2a: Darmanitan|95\/100|[from] Sandstorm\n|-heal|p1a: Ferrothorn|43\/100|[from] item: Leftovers\n|upkeep\n|turn|8\n|\n|move|p1a: Ferrothorn|Protect|p1a: Ferrothorn\n|-singleturn|p1a: Ferrothorn|Protect\n|move|p2a: Darmanitan|Flare Blitz|p1a: Ferrothorn\n|-activate|p1a: Ferrothorn|move: Protect\n|\n|-weather|Sandstorm|[upkeep]\n|-damage|p2a: Darmanitan|89\/100|[from] Sandstorm\n|-heal|p1a: Ferrothorn|49\/100|[from] item: Leftovers\n|upkeep\n|turn|9\n|j| xxxsaaawxxx\n|\n|switch|p1a: Toxapex|Toxapex, F|100\/100\n|move|p2a: Darmanitan|Flare Blitz|p1a: Toxapex\n|-resisted|p1a: Toxapex\n|-damage|p1a: Toxapex|62\/100\n|-damage|p2a: Darmanitan|77\/100|[from] Recoil\n|\n|-weather|Sandstorm|[upkeep]\n|-damage|p2a: Darmanitan|71\/100|[from] Sandstorm\n|-damage|p1a: Toxapex|56\/100|[from] Sandstorm\n|-heal|p1a: Toxapex|62\/100|[from] item: Black Sludge\n|upkeep\n|turn|10\n|j| IDHB\n|\n|switch|p1a: Corviknight|Corviknight, M|100\/100\n|-ability|p1a: Corviknight|Pressure\n|move|p2a: Darmanitan|Zen Headbutt|p1a: Corviknight\n|-resisted|p1a: Corviknight\n|-damage|p1a: Corviknight|85\/100\n|-damage|p2a: Darmanitan|55\/100|[from] item: Rocky Helmet|[of] p1a: Corviknight\n|\n|-weather|none\n|upkeep\n|turn|11\n|\n|switch|p1a: Toxapex|Toxapex, F|95\/100\n|move|p2a: Darmanitan|Flare Blitz|p1a: Toxapex\n|-resisted|p1a: Toxapex\n|-damage|p1a: Toxapex|59\/100\n|-damage|p2a: Darmanitan|45\/100|[from] Recoil\n|\n|-heal|p1a: Toxapex|65\/100|[from] item: Black Sludge\n|upkeep\n|turn|12\n|\n|switch|p2a: Kyurem|Kyurem, shiny|82\/100\n|-ability|p2a: Kyurem|Pressure\n|switch|p1a: Corviknight|Corviknight, M|85\/100\n|-ability|p1a: Corviknight|Pressure\n|\n|upkeep\n|turn|13\n|\n|switch|p1a: Tyranitar|Tyranitar, M|83\/100 frz\n|-weather|Sandstorm|[from] ability: Sand Stream|[of] p1a: Tyranitar\n|move|p2a: Kyurem|Ice Beam|p1a: Tyranitar\n|-damage|p1a: Tyranitar|62\/100 frz\n|\n|-weather|Sandstorm|[upkeep]\n|-damage|p2a: Kyurem|76\/100|[from] Sandstorm\n|upkeep\n|turn|14\n|\n|switch|p2a: Haishera =w=|Clefable, F|100\/100\n|switch|p1a: Toxapex|Toxapex, F|98\/100\n|\n|-weather|Sandstorm|[upkeep]\n|-damage|p2a: Haishera =w=|94\/100|[from] Sandstorm\n|-damage|p1a: Toxapex|92\/100|[from] Sandstorm\n|-heal|p2a: Haishera =w=|100\/100|[from] item: Leftovers\n|-heal|p1a: Toxapex|98\/100|[from] item: Black Sludge\n|upkeep\n|turn|15\n|\n|move|p2a: Haishera =w=|Wish|p2a: Haishera =w=\n|move|p1a: Toxapex|Knock Off|p2a: Haishera =w=\n|-resisted|p2a: Haishera =w=\n|-damage|p2a: Haishera =w=|95\/100\n|-enditem|p2a: Haishera =w=|Leftovers|[from] move: Knock Off|[of] p1a: Toxapex\n|\n|-weather|Sandstorm|[upkeep]\n|-damage|p2a: Haishera =w=|89\/100|[from] Sandstorm\n|-damage|p1a: Toxapex|92\/100|[from] Sandstorm\n|-heal|p1a: Toxapex|98\/100|[from] item: Black Sludge\n|upkeep\n|turn|16\n|\n|switch|p2a: Kyurem|Kyurem, shiny|76\/100\n|-ability|p2a: Kyurem|Pressure\n|move|p1a: Toxapex|Toxic Spikes|p2a: Kyurem\n|-sidestart|p2: 826aska|move: Toxic Spikes\n|\n|-weather|Sandstorm|[upkeep]\n|-damage|p2a: Kyurem|70\/100|[from] Sandstorm\n|-damage|p1a: Toxapex|92\/100|[from] Sandstorm\n|-heal|p2a: Kyurem|100\/100|[from] move: Wish|[wisher] Haishera =w=\n|-heal|p1a: Toxapex|98\/100|[from] item: Black Sludge\n|upkeep\n|turn|17\n|\n|switch|p1a: Tyranitar|Tyranitar, M|62\/100 frz\n|move|p2a: Kyurem|Freeze-Dry|p1a: Tyranitar\n|-damage|p1a: Tyranitar|44\/100 frz\n|\n|-weather|none\n|upkeep\n|turn|18\n|\n|move|p2a: Kyurem|Freeze-Dry|p1a: Tyranitar\n|-damage|p1a: Tyranitar|19\/100 frz\n|cant|p1a: Tyranitar|frz\n|\n|upkeep\n|turn|19\n|\n|switch|p1a: Corviknight|Corviknight, M|85\/100\n|-ability|p1a: Corviknight|Pressure\n|move|p2a: Kyurem|Freeze-Dry|p1a: Corviknight\n|-damage|p1a: Corviknight|30\/100\n|\n|upkeep\n|turn|20\n|\n|switch|p1a: Clefable|Clefable, M|100\/100\n|move|p2a: Kyurem|Freeze-Dry|p1a: Clefable\n|-damage|p1a: Clefable|43\/100\n|-status|p1a: Clefable|frz\n|\n|-heal|p1a: Clefable|49\/100 frz|[from] item: Leftovers\n|upkeep\n|turn|21\n|c|\u2606826aska|Sorry\n|c|\u2606826aska|thats a lil too much\n|inactive|Q114 has 120 seconds left.\n|c| xxxsaaawxxx|not your fault though\n|c| xxxsaaawxxx|thats the game we play in its finest\n|inactive|Q114 has 90 seconds left.\n|inactive|Q114 has 60 seconds left.\n|c| Toxic Imperatrix|Toxa can unfreeze with scald\n|c|\u2606826aska|Good tip\n|inactive|Q114 has 30 seconds left.\n|inactive|Q114 has 20 seconds left.\n|c| xxxsaaawxxx|lol freeze dry its super effective againts toxa\n|inactive|Q114 has 15 seconds left.\n|j| myjava\n|inactive|Q114 has 10 seconds left.\n|c|\u2606826aska|What happened\n|inactive|Q114 has 5 seconds left.\n|-message|Q114 lost due to inactivity.\n|\n|win|826aska\n|raw|Q114's rating: 1787 &rarr; <strong>1762<\/strong><br \/>(-25 for losing)\n|raw|826aska's rating: 1708 &rarr; <strong>1732<\/strong><br \/>(+24 for winning)\n","uploadtime":1591181684,"views":67,"p1id":"q114","p2id":"826aska","formatid":"gen8ou","rating":1732,"private":0,"password":null}