{"id":"gen8ou-1582255209","p1":"Steelix Fusion","p2":"RggV_YT","format":"gen8ou","log":"|j|\u2606Steelix Fusion\n|j|\u2606RggV_YT\n|t:|1653455466\n|gametype|singles\n|player|p1|Steelix Fusion|marshal|1581\n|player|p2|RggV_YT|scientist-gen4|1661\n|teamsize|p1|6\n|teamsize|p2|6\n|gen|8\n|tier|[Gen 8] OU\n|rated|\n|rule|Sleep Clause Mod: Limit one foe put to sleep\n|rule|Species Clause: Limit one of each Pok\u00e9mon\n|rule|OHKO Clause: OHKO moves are banned\n|rule|Evasion Moves Clause: Evasion moves are banned\n|rule|Endless Battle Clause: Forcing endless battles is banned\n|rule|HP Percentage Mod: HP is shown in percentages\n|rule|Dynamax Clause: You cannot dynamax\n|clearpoke\n|poke|p1|Ninetales-Alola, M|\n|poke|p1|Klefki, M|\n|poke|p1|Scolipede, M|\n|poke|p1|Weavile, M|\n|poke|p1|Steelix, M|\n|poke|p1|Gyarados, M|\n|poke|p2|Heliolisk, F|\n|poke|p2|Torkoal, F|\n|poke|p2|Heatran, M|\n|poke|p2|Venusaur, F|\n|poke|p2|Landorus-Therian, M|\n|poke|p2|Weavile, M|\n|teampreview\n|inactive|Battle timer is ON: inactive players will automatically lose when time's up. (requested by RggV_YT)\n|\n|t:|1653455489\n|start\n|switch|p1a: Klefki|Klefki, M|100\/100\n|switch|p2a: Heatran|Heatran, M|100\/100\n|-item|p2a: Heatran|Air Balloon\n|turn|1\n|j| Djjduddh\n|\n|t:|1653455495\n|move|p1a: Klefki|Light Screen|p1a: Klefki\n|-sidestart|p1: Steelix Fusion|move: Light Screen\n|move|p2a: Heatran|Magma Storm|p1a: Klefki|[miss]\n|-miss|p2a: Heatran|p1a: Klefki\n|\n|upkeep\n|turn|2\n|\n|t:|1653455500\n|move|p1a: Klefki|Thunder Wave|p2a: Heatran\n|-status|p2a: Heatran|par\n|move|p2a: Heatran|Magma Storm|p1a: Klefki\n|-supereffective|p1a: Klefki\n|-damage|p1a: Klefki|42\/100\n|-activate|p1a: Klefki|move: Magma Storm|[of] p2a: Heatran\n|\n|-damage|p1a: Klefki|29\/100|[from] move: Magma Storm|[partiallytrapped]\n|upkeep\n|turn|3\n|\n|t:|1653455507\n|move|p1a: Klefki|Reflect|p1a: Klefki\n|-sidestart|p1: Steelix Fusion|Reflect\n|move|p2a: Heatran|Magma Storm|p1a: Klefki\n|-supereffective|p1a: Klefki\n|-damage|p1a: Klefki|0 fnt\n|faint|p1a: Klefki\n|\n|upkeep\n|\n|t:|1653455512\n|switch|p1a: Gyarados|Gyarados, M, shiny|100\/100\n|turn|4\n|\n|t:|1653455516\n|switch|p2a: Heliolisk|Heliolisk, F, shiny|100\/100\n|move|p1a: Gyarados|Dragon Dance|p1a: Gyarados\n|-boost|p1a: Gyarados|atk|1\n|-boost|p1a: Gyarados|spe|1\n|\n|upkeep\n|turn|5\n|\n|t:|1653455521\n|move|p2a: Heliolisk|Volt Switch|p1a: Gyarados\n|-supereffective|p1a: Gyarados\n|-damage|p1a: Gyarados|32\/100\n|\n|t:|1653455528\n|switch|p2a: Landorus|Landorus-Therian, M|100\/100|[from]move: Volt Switch\n|-ability|p2a: Landorus|Intimidate|boost\n|-unboost|p1a: Gyarados|atk|1\n|move|p1a: Gyarados|Earthquake|p2a: Landorus\n|-immune|p2a: Landorus\n|\n|-heal|p1a: Gyarados|38\/100|[from] item: Leftovers\n|upkeep\n|turn|6\n|\n|t:|1653455536\n|move|p1a: Gyarados|Dragon Dance|p1a: Gyarados\n|-boost|p1a: Gyarados|atk|1\n|-boost|p1a: Gyarados|spe|1\n|move|p2a: Landorus|Toxic|p1a: Gyarados\n|-status|p1a: Gyarados|tox\n|\n|-heal|p1a: Gyarados|44\/100 tox|[from] item: Leftovers\n|-damage|p1a: Gyarados|38\/100 tox|[from] psn\n|upkeep\n|turn|7\n|l| Djjduddh\n|\n|t:|1653455543\n|switch|p2a: Torkoal|Torkoal, F|100\/100\n|-weather|SunnyDay|[from] ability: Drought|[of] p2a: Torkoal\n|move|p1a: Gyarados|Waterfall|p2a: Torkoal\n|-supereffective|p2a: Torkoal\n|-damage|p2a: Torkoal|60\/100\n|\n|-weather|SunnyDay|[upkeep]\n|-heal|p1a: Gyarados|44\/100 tox|[from] item: Leftovers\n|-damage|p1a: Gyarados|32\/100 tox|[from] psn\n|upkeep\n|turn|8\n|\n|t:|1653455552\n|switch|p2a: Landorus|Landorus-Therian, M|100\/100\n|-ability|p2a: Landorus|Intimidate|boost\n|-unboost|p1a: Gyarados|atk|1\n|move|p1a: Gyarados|Waterfall|p2a: Landorus\n|-supereffective|p2a: Landorus\n|-damage|p2a: Landorus|70\/100\n|\n|-weather|SunnyDay|[upkeep]\n|-heal|p1a: Gyarados|38\/100 tox|[from] item: Leftovers\n|-heal|p2a: Landorus|76\/100|[from] item: Leftovers\n|-damage|p1a: Gyarados|20\/100 tox|[from] psn\n|-sideend|p1: Steelix Fusion|move: Light Screen\n|upkeep\n|turn|9\n|\n|t:|1653455563\n|switch|p2a: Venusaur|Venusaur, F|100\/100\n|move|p1a: Gyarados|Waterfall|p2a: Venusaur\n|-resisted|p2a: Venusaur\n|-damage|p2a: Venusaur|85\/100\n|\n|-weather|SunnyDay|[upkeep]\n|-heal|p1a: Gyarados|26\/100 tox|[from] item: Leftovers\n|-damage|p1a: Gyarados|1\/100 tox|[from] psn\n|upkeep\n|turn|10\n|\n|t:|1653455573\n|move|p2a: Venusaur|Giga Drain|p1a: Gyarados\n|-damage|p1a: Gyarados|0 fnt\n|-heal|p2a: Venusaur|86\/100|[from] drain|[of] p1a: Gyarados\n|faint|p1a: Gyarados\n|-damage|p2a: Venusaur|76\/100|[from] item: Life Orb\n|\n|-weather|SunnyDay|[upkeep]\n|-sideend|p1: Steelix Fusion|Reflect\n|upkeep\n|j| Djjduddh\n|\n|t:|1653455579\n|switch|p1a: Ninetales|Ninetales-Alola, M|100\/100\n|-weather|Hail|[from] ability: Snow Warning|[of] p1a: Ninetales\n|turn|11\n|\n|t:|1653455584\n|switch|p1a: Weavile|Weavile, M|100\/100\n|-ability|p1a: Weavile|Pressure\n|switch|p2a: Torkoal|Torkoal, F|60\/100\n|-weather|SunnyDay|[from] ability: Drought|[of] p2a: Torkoal\n|\n|-weather|SunnyDay|[upkeep]\n|upkeep\n|turn|12\n|\n|t:|1653455593\n|move|p1a: Weavile|Knock Off|p2a: Torkoal\n|-damage|p2a: Torkoal|18\/100\n|-enditem|p2a: Torkoal|Heat Rock|[from] move: Knock Off|[of] p1a: Weavile\n|-damage|p1a: Weavile|91\/100|[from] item: Life Orb\n|move|p2a: Torkoal|Lava Plume|p1a: Weavile\n|-supereffective|p1a: Weavile\n|-damage|p1a: Weavile|0 fnt\n|faint|p1a: Weavile\n|\n|-weather|SunnyDay|[upkeep]\n|upkeep\n|\n|t:|1653455602\n|switch|p1a: Ninetales|Ninetales-Alola, M|100\/100\n|-weather|Hail|[from] ability: Snow Warning|[of] p1a: Ninetales\n|turn|13\n|\n|t:|1653455606\n|switch|p2a: Heatran|Heatran, M|100\/100 par\n|-item|p2a: Heatran|Air Balloon\n|move|p1a: Ninetales|Aurora Veil|p1a: Ninetales\n|-sidestart|p1: Steelix Fusion|move: Aurora Veil\n|\n|-weather|Hail|[upkeep]\n|-damage|p2a: Heatran|94\/100 par|[from] Hail\n|upkeep\n|turn|14\n|\n|t:|1653455612\n|move|p1a: Ninetales|Freeze-Dry|p2a: Heatran\n|-resisted|p2a: Heatran\n|-damage|p2a: Heatran|89\/100 par\n|-enditem|p2a: Heatran|Air Balloon\n|move|p2a: Heatran|Magma Storm|p1a: Ninetales\n|-supereffective|p1a: Ninetales\n|-damage|p1a: Ninetales|42\/100\n|-activate|p1a: Ninetales|move: Magma Storm|[of] p2a: Heatran\n|\n|-weather|Hail|[upkeep]\n|-damage|p2a: Heatran|83\/100 par|[from] Hail\n|-damage|p1a: Ninetales|30\/100|[from] move: Magma Storm|[partiallytrapped]\n|upkeep\n|turn|15\n|\n|t:|1653455629\n|move|p1a: Ninetales|Encore|p2a: Heatran\n|-start|p2a: Heatran|Encore\n|move|p2a: Heatran|Magma Storm|p1a: Ninetales|[miss]\n|-miss|p2a: Heatran|p1a: Ninetales\n|\n|-weather|Hail|[upkeep]\n|-damage|p2a: Heatran|77\/100 par|[from] Hail\n|-damage|p1a: Ninetales|18\/100|[from] move: Magma Storm|[partiallytrapped]\n|upkeep\n|turn|16\n|\n|t:|1653455638\n|switch|p2a: Torkoal|Torkoal, F|18\/100\n|-weather|SunnyDay|[from] ability: Drought|[of] p2a: Torkoal\n|move|p1a: Ninetales|Freeze-Dry|p2a: Torkoal\n|-resisted|p2a: Torkoal\n|-damage|p2a: Torkoal|5\/100\n|\n|-weather|SunnyDay|[upkeep]\n|-end|p1a: Ninetales|Magma Storm|[partiallytrapped]|[silent]\n|upkeep\n|turn|17\n|\n|t:|1653455646\n|switch|p2a: Heliolisk|Heliolisk, F, shiny|100\/100\n|move|p1a: Ninetales|Freeze-Dry|p2a: Heliolisk\n|-damage|p2a: Heliolisk|72\/100\n|\n|-weather|SunnyDay|[upkeep]\n|-damage|p2a: Heliolisk|59\/100|[from] ability: Solar Power|[of] p2a: Heliolisk\n|upkeep\n|turn|18\n|\n|t:|1653455655\n|switch|p1a: Steelix|Steelix, M, shiny|100\/100\n|move|p2a: Heliolisk|Weather Ball|p1a: Steelix\n|-supereffective|p1a: Steelix\n|-damage|p1a: Steelix|35\/100\n|\n|-weather|SunnyDay|[upkeep]\n|-damage|p2a: Heliolisk|47\/100|[from] ability: Solar Power|[of] p2a: Heliolisk\n|-heal|p1a: Steelix|41\/100|[from] item: Leftovers\n|upkeep\n|turn|19\n|\n|t:|1653455664\n|switch|p1a: Ninetales|Ninetales-Alola, M|18\/100\n|-weather|Hail|[from] ability: Snow Warning|[of] p1a: Ninetales\n|move|p2a: Heliolisk|Weather Ball|p1a: Ninetales\n|-resisted|p1a: Ninetales\n|-damage|p1a: Ninetales|9\/100\n|\n|-weather|Hail|[upkeep]\n|-damage|p2a: Heliolisk|41\/100|[from] Hail\n|upkeep\n|turn|20\n|\n|t:|1653455676\n|switch|p2a: Torkoal|Torkoal, F|5\/100\n|-weather|SunnyDay|[from] ability: Drought|[of] p2a: Torkoal\n|move|p1a: Ninetales|Freeze-Dry|p2a: Torkoal\n|-resisted|p2a: Torkoal\n|-damage|p2a: Torkoal|0 fnt\n|faint|p2a: Torkoal\n|\n|-weather|SunnyDay|[upkeep]\n|-sideend|p1: Steelix Fusion|move: Aurora Veil\n|upkeep\n|\n|t:|1653455680\n|switch|p2a: Heliolisk|Heliolisk, F, shiny|41\/100\n|turn|21\n|\n|t:|1653455689\n|switch|p1a: Steelix|Steelix, M, shiny|41\/100\n|move|p2a: Heliolisk|Weather Ball|p1a: Steelix\n|-supereffective|p1a: Steelix\n|-damage|p1a: Steelix|0 fnt\n|faint|p1a: Steelix\n|\n|-weather|SunnyDay|[upkeep]\n|-damage|p2a: Heliolisk|28\/100|[from] ability: Solar Power|[of] p2a: Heliolisk\n|upkeep\n|\n|t:|1653455697\n|switch|p1a: Ninetales|Ninetales-Alola, M|9\/100\n|-weather|Hail|[from] ability: Snow Warning|[of] p1a: Ninetales\n|turn|22\n|\n|t:|1653455706\n|move|p2a: Heliolisk|Weather Ball|p1a: Ninetales\n|-resisted|p1a: Ninetales\n|-damage|p1a: Ninetales|0 fnt\n|faint|p1a: Ninetales\n|\n|-weather|Hail|[upkeep]\n|-damage|p2a: Heliolisk|22\/100|[from] Hail\n|upkeep\n|\n|t:|1653455712\n|switch|p1a: Scolipede|Scolipede, M|100\/100\n|turn|23\n|\n|t:|1653455716\n|move|p2a: Heliolisk|Weather Ball|p1a: Scolipede\n|-damage|p1a: Scolipede|46\/100\n|move|p1a: Scolipede|Swords Dance|p1a: Scolipede\n|-boost|p1a: Scolipede|atk|2\n|\n|-weather|Hail|[upkeep]\n|-damage|p2a: Heliolisk|16\/100|[from] Hail\n|-damage|p1a: Scolipede|40\/100|[from] Hail\n|-ability|p1a: Scolipede|Speed Boost|boost\n|-boost|p1a: Scolipede|spe|1\n|upkeep\n|turn|24\n|\n|t:|1653455725\n|move|p2a: Heliolisk|Weather Ball|p1a: Scolipede\n|-damage|p1a: Scolipede|0 fnt\n|faint|p1a: Scolipede\n|\n|win|RggV_YT\n|raw|Steelix Fusion's rating: 1581 &rarr; <strong>1566<\/strong><br \/>(-15 for losing)\n|raw|RggV_YT's rating: 1661 &rarr; <strong>1676<\/strong><br \/>(+15 for winning)\n|c|\u2606Steelix Fusion|forgot\n|l|\u2606RggV_YT\n|j|\u2606RggV_YT\n|player|p2|RggV_YT|scientist-gen4\n|c|\u2606Steelix Fusion|how shitty that set is\n|l|\u2606Steelix Fusion\n|c|\u2606RggV_YT|Gg\n|l|\u2606RggV_YT\n|player|p2|\n","uploadtime":1653455822,"views":21,"p1id":"steelixfusion","p2id":"rggvyt","formatid":"gen8ou","rating":1566,"private":0,"password":null}