{"id":"gen8ou-1630079056","p1":"Kanye is batman","p2":"LT91BBOSCARGADORES","format":"gen8ou","log":"|raw|<div class=\"broadcast-blue\"><strong>This battle is required to be public due to a player having a name starting with 'lt91bb'.<\/div>\n|j|\u2606Kanye is batman\n|j|\u2606LT91BBOSCARGADORES\n|t:|1659381522\n|gametype|singles\n|player|p1|Kanye is batman|silver|1625\n|player|p2|LT91BBOSCARGADORES|blaine|1667\n|teamsize|p1|6\n|teamsize|p2|6\n|gen|8\n|tier|[Gen 8] OU\n|rated|\n|rule|Sleep Clause Mod: Limit one foe put to sleep\n|rule|Species Clause: Limit one of each Pok\u00e9mon\n|rule|OHKO Clause: OHKO moves are banned\n|rule|Evasion Moves Clause: Evasion moves are banned\n|rule|Endless Battle Clause: Forcing endless battles is banned\n|rule|HP Percentage Mod: HP is shown in percentages\n|rule|Dynamax Clause: You cannot dynamax\n|clearpoke\n|poke|p1|Pelipper, M|\n|poke|p1|Barraskewda, F|\n|poke|p1|Ferrothorn, F|\n|poke|p1|Seismitoad, M|\n|poke|p1|Tapu Koko|\n|poke|p1|Tornadus-Therian, M|\n|poke|p2|Heatran, M|\n|poke|p2|Rillaboom, F|\n|poke|p2|Garchomp, F|\n|poke|p2|Volcarona, F|\n|poke|p2|Weavile, M|\n|poke|p2|Hawlucha, M|\n|teampreview\n|inactive|Battle timer is ON: inactive players will automatically lose when time's up. (requested by Kanye is batman)\n|j| LegendaryMusashi\n|\n|t:|1659381534\n|start\n|switch|p1a: Big Gulp sponsor|Pelipper, M|100\/100\n|switch|p2a: Rillaboom|Rillaboom, F|100\/100\n|-fieldstart|move: Grassy Terrain|[from] ability: Grassy Surge|[of] p2a: Rillaboom\n|-weather|RainDance|[from] ability: Drizzle|[of] p1a: Big Gulp sponsor\n|turn|1\n|\n|t:|1659381541\n|switch|p1a: Lando Black sheep|Tornadus-Therian, M|100\/100\n|move|p2a: Rillaboom|U-turn|p1a: Lando Black sheep\n|-resisted|p1a: Lando Black sheep\n|-crit|p1a: Lando Black sheep\n|-damage|p1a: Lando Black sheep|68\/100\n|\n|t:|1659381557\n|switch|p2a: Weavile|Weavile, M|100\/100|[from]move: U-turn\n|-ability|p2a: Weavile|Pressure\n|\n|-weather|RainDance|[upkeep]\n|upkeep\n|turn|2\n|\n|t:|1659381568\n|switch|p1a: Hates rain|Ferrothorn, F|100\/100\n|move|p2a: Weavile|Swords Dance|p2a: Weavile\n|-boost|p2a: Weavile|atk|2\n|\n|-weather|RainDance|[upkeep]\n|upkeep\n|turn|3\n|\n|t:|1659381572\n|move|p2a: Weavile|Low Kick|p1a: Hates rain\n|-supereffective|p1a: Hates rain\n|-damage|p1a: Hates rain|18\/100\n|-damage|p2a: Weavile|88\/100|[from] ability: Iron Barbs|[of] p1a: Hates rain\n|move|p1a: Hates rain|Gyro Ball|p2a: Weavile\n|-supereffective|p2a: Weavile\n|-damage|p2a: Weavile|0 fnt\n|faint|p2a: Weavile\n|\n|-weather|RainDance|[upkeep]\n|-heal|p1a: Hates rain|24\/100|[from] Grassy Terrain\n|-heal|p1a: Hates rain|31\/100|[from] item: Leftovers\n|upkeep\n|\n|t:|1659381589\n|switch|p2a: Volcarona|Volcarona, F|100\/100\n|turn|4\n|\n|t:|1659381597\n|switch|p1a: Agent \u00a5|Seismitoad, M, shiny|100\/100\n|move|p2a: Volcarona|Quiver Dance|p2a: Volcarona\n|-boost|p2a: Volcarona|spa|1\n|-boost|p2a: Volcarona|spd|1\n|-boost|p2a: Volcarona|spe|1\n|\n|-weather|RainDance|[upkeep]\n|upkeep\n|turn|5\n|\n|t:|1659381606\n|switch|p2a: Rillaboom|Rillaboom, F|100\/100\n|move|p1a: Agent \u00a5|Weather Ball|p2a: Rillaboom\n|-resisted|p2a: Rillaboom\n|-damage|p2a: Rillaboom|49\/100\n|-damage|p1a: Agent \u00a5|91\/100|[from] item: Life Orb\n|\n|-weather|RainDance|[upkeep]\n|-heal|p1a: Agent \u00a5|97\/100|[from] Grassy Terrain\n|-heal|p2a: Rillaboom|55\/100|[from] Grassy Terrain\n|-fieldend|move: Grassy Terrain\n|upkeep\n|turn|6\n|\n|t:|1659381625\n|switch|p1a: Lando Black sheep|Tornadus-Therian, M|100\/100\n|move|p2a: Rillaboom|Knock Off|p1a: Lando Black sheep\n|-damage|p1a: Lando Black sheep|42\/100\n|-enditem|p1a: Lando Black sheep|Heavy-Duty Boots|[from] move: Knock Off|[of] p2a: Rillaboom\n|\n|-weather|RainDance|[upkeep]\n|upkeep\n|turn|7\n|\n|t:|1659381634\n|switch|p2a: Heatran|Heatran, M|100\/100\n|-item|p2a: Heatran|Air Balloon\n|move|p1a: Lando Black sheep|U-turn|p2a: Heatran\n|-resisted|p2a: Heatran\n|-damage|p2a: Heatran|96\/100\n|-enditem|p2a: Heatran|Air Balloon\n|\n|t:|1659381642\n|switch|p1a: Agent \u00a5|Seismitoad, M, shiny|97\/100|[from]move: U-turn\n|\n|-weather|RainDance|[upkeep]\n|upkeep\n|turn|8\n|\n|t:|1659381670\n|switch|p2a: Volcarona|Volcarona, F|100\/100\n|move|p1a: Agent \u00a5|Weather Ball|p2a: Volcarona\n|-supereffective|p2a: Volcarona\n|-damage|p2a: Volcarona|0 fnt\n|faint|p2a: Volcarona\n|-damage|p1a: Agent \u00a5|87\/100|[from] item: Life Orb\n|\n|-weather|none\n|upkeep\n|\n|t:|1659381677\n|switch|p2a: Garchomp|Garchomp, F|100\/100\n|turn|9\n|\n|t:|1659381681\n|switch|p1a: Speed Overdose|Tapu Koko|100\/100\n|-fieldstart|move: Electric Terrain|[from] ability: Electric Surge|[of] p1a: Speed Overdose\n|move|p2a: Garchomp|Swords Dance|p2a: Garchomp\n|-boost|p2a: Garchomp|atk|2\n|\n|upkeep\n|turn|10\n|\n|t:|1659381688\n|move|p1a: Speed Overdose|Dazzling Gleam|p2a: Garchomp\n|-supereffective|p2a: Garchomp\n|-damage|p2a: Garchomp|0 fnt\n|faint|p2a: Garchomp\n|\n|upkeep\n|\n|t:|1659381693\n|switch|p2a: Rillaboom|Rillaboom, F|55\/100\n|-fieldstart|move: Grassy Terrain|[from] ability: Grassy Surge|[of] p2a: Rillaboom\n|turn|11\n|c|\u2606Kanye is batman|Gg\n|\n|t:|1659381704\n|switch|p1a: Hates rain|Ferrothorn, F|31\/100\n|move|p2a: Rillaboom|U-turn|p1a: Hates rain\n|-damage|p1a: Hates rain|9\/100\n|-damage|p2a: Rillaboom|43\/100|[from] ability: Iron Barbs|[of] p1a: Hates rain\n|\n|t:|1659381707\n|switch|p2a: Hawlucha|Hawlucha, M|100\/100|[from]move: U-turn\n|-enditem|p2a: Hawlucha|Grassy Seed\n|-boost|p2a: Hawlucha|def|1|[from] item: Grassy Seed\n|\n|-heal|p1a: Hates rain|15\/100|[from] Grassy Terrain\n|-heal|p1a: Hates rain|22\/100|[from] item: Leftovers\n|upkeep\n|turn|12\n|\n|t:|1659381714\n|move|p2a: Hawlucha|Swords Dance|p2a: Hawlucha\n|-boost|p2a: Hawlucha|atk|2\n|move|p1a: Hates rain|Gyro Ball|p2a: Hawlucha\n|-damage|p2a: Hawlucha|61\/100\n|\n|-heal|p1a: Hates rain|28\/100|[from] Grassy Terrain\n|-heal|p1a: Hates rain|34\/100|[from] item: Leftovers\n|upkeep\n|turn|13\n|\n|t:|1659381729\n|move|p2a: Hawlucha|Swords Dance|p2a: Hawlucha\n|-boost|p2a: Hawlucha|atk|2\n|move|p1a: Hates rain|Gyro Ball|p2a: Hawlucha\n|-damage|p2a: Hawlucha|21\/100\n|\n|-heal|p1a: Hates rain|40\/100|[from] Grassy Terrain\n|-heal|p1a: Hates rain|47\/100|[from] item: Leftovers\n|upkeep\n|turn|14\n|\n|t:|1659381734\n|move|p2a: Hawlucha|Acrobatics|p1a: Hates rain\n|-damage|p1a: Hates rain|0 fnt\n|-damage|p2a: Hawlucha|9\/100|[from] ability: Iron Barbs|[of] p1a: Hates rain\n|faint|p1a: Hates rain\n|\n|upkeep\n|\n|t:|1659381737\n|switch|p1a: Big Gulp sponsor|Pelipper, M|100\/100\n|-weather|RainDance|[from] ability: Drizzle|[of] p1a: Big Gulp sponsor\n|turn|15\n|\n|t:|1659381744\n|move|p2a: Hawlucha|Acrobatics|p1a: Big Gulp sponsor\n|-damage|p1a: Big Gulp sponsor|0 fnt\n|faint|p1a: Big Gulp sponsor\n|\n|-weather|RainDance|[upkeep]\n|-fieldend|move: Grassy Terrain\n|upkeep\n|\n|t:|1659381747\n|switch|p1a: One fish two fish|Barraskewda, F|100\/100\n|turn|16\n|\n|t:|1659381755\n|move|p1a: One fish two fish|Flip Turn|p2a: Hawlucha\n|-damage|p2a: Hawlucha|0 fnt\n|faint|p2a: Hawlucha\n|\n|t:|1659381764\n|switch|p1a: Lando Black sheep|Tornadus-Therian, M|76\/100|[from]move: Flip Turn\n|\n|-weather|RainDance|[upkeep]\n|upkeep\n|\n|t:|1659381774\n|switch|p2a: Heatran|Heatran, M|96\/100\n|turn|17\n|\n|t:|1659381782\n|move|p1a: Lando Black sheep|U-turn|p2a: Heatran\n|-resisted|p2a: Heatran\n|-damage|p2a: Heatran|93\/100\n|\n|t:|1659381785\n|switch|p1a: One fish two fish|Barraskewda, F|100\/100|[from]move: U-turn\n|move|p2a: Heatran|Stealth Rock|p1a: One fish two fish\n|-sidestart|p1: Kanye is batman|move: Stealth Rock\n|\n|-weather|RainDance|[upkeep]\n|upkeep\n|turn|18\n|\n|t:|1659381802\n|move|p1a: One fish two fish|Liquidation|p2a: Heatran\n|-supereffective|p2a: Heatran\n|-damage|p2a: Heatran|0 fnt\n|faint|p2a: Heatran\n|\n|-weather|RainDance|[upkeep]\n|upkeep\n|\n|t:|1659381804\n|switch|p2a: Rillaboom|Rillaboom, F|43\/100\n|-fieldstart|move: Grassy Terrain|[from] ability: Grassy Surge|[of] p2a: Rillaboom\n|turn|19\n|\n|t:|1659381809\n|move|p2a: Rillaboom|Grassy Glide|p1a: One fish two fish\n|-supereffective|p1a: One fish two fish\n|-damage|p1a: One fish two fish|0 fnt\n|faint|p1a: One fish two fish\n|\n|-weather|RainDance|[upkeep]\n|-heal|p2a: Rillaboom|49\/100|[from] Grassy Terrain\n|upkeep\n|\n|t:|1659381811\n|switch|p1a: Lando Black sheep|Tornadus-Therian, M|100\/100\n|-damage|p1a: Lando Black sheep|76\/100|[from] Stealth Rock\n|turn|20\n|\n|t:|1659381816\n|move|p2a: Rillaboom|Grassy Glide|p1a: Lando Black sheep\n|-resisted|p1a: Lando Black sheep\n|-damage|p1a: Lando Black sheep|38\/100\n|move|p1a: Lando Black sheep|Hurricane|p2a: Rillaboom\n|-supereffective|p2a: Rillaboom\n|-damage|p2a: Rillaboom|0 fnt\n|faint|p2a: Rillaboom\n|\n|win|Kanye is batman\n|raw|Kanye is batman's rating: 1625 &rarr; <strong>1647<\/strong><br \/>(+22 for winning)\n|raw|LT91BBOSCARGADORES's rating: 1667 &rarr; <strong>1645<\/strong><br \/>(-22 for losing)\n|l| LegendaryMusashi\n||Ladder isn't responding, score probably updated but might not have (Request timeout).\n","uploadtime":1659381837,"views":19,"p1id":"kanyeisbatman","p2id":"lt91bboscargadores","formatid":"gen8ou","rating":1645,"private":0,"password":null}