{"id":"gen8ou-1554795452","p1":"A3720","p2":"Down$hift","format":"gen8ou","log":"|j|\u2606A3720\n|j|\u2606Down$hift\n|t:|1650130804\n|gametype|singles\n|player|p1|A3720|265|1651\n|player|p2|Down$hift|teamrocket|1856\n|teamsize|p1|6\n|teamsize|p2|6\n|gen|8\n|tier|[Gen 8] OU\n|rated|\n|rule|Sleep Clause Mod: Limit one foe put to sleep\n|rule|Species Clause: Limit one of each Pok\u00e9mon\n|rule|OHKO Clause: OHKO moves are banned\n|rule|Evasion Moves Clause: Evasion moves are banned\n|rule|Endless Battle Clause: Forcing endless battles is banned\n|rule|HP Percentage Mod: HP is shown in percentages\n|rule|Dynamax Clause: You cannot dynamax\n|clearpoke\n|poke|p1|Tapu Koko|\n|poke|p1|Weavile, F|\n|poke|p1|Garchomp, M|\n|poke|p1|Kartana|\n|poke|p1|Thundurus, M|\n|poke|p1|Melmetal|\n|poke|p2|Weavile, F|\n|poke|p2|Kartana|\n|poke|p2|Blacephalon|\n|poke|p2|Rillaboom, F|\n|poke|p2|Landorus-Therian, M|\n|poke|p2|Melmetal|\n|teampreview\n|c|\u2606Down$hift|hf\n|j| hypno#1\n|inactive|Battle timer is ON: inactive players will automatically lose when time's up. (requested by Down$hift)\n|\n|t:|1650130843\n|start\n|switch|p1a: Garchomp|Garchomp, M|100\/100\n|switch|p2a: Axeleration!|Weavile, F|100\/100\n|turn|1\n|\n|t:|1650130870\n|switch|p1a: Melmetal|Melmetal|100\/100\n|move|p2a: Axeleration!|Swords Dance|p2a: Axeleration!\n|-boost|p2a: Axeleration!|atk|2\n|\n|upkeep\n|turn|2\n|\n|t:|1650130876\n|move|p2a: Axeleration!|Beat Up|p1a: Melmetal\n|-damage|p1a: Melmetal|90\/100\n|-damage|p1a: Melmetal|76\/100\n|-damage|p1a: Melmetal|64\/100\n|-damage|p1a: Melmetal|54\/100\n|-damage|p1a: Melmetal|42\/100\n|-damage|p1a: Melmetal|29\/100\n|-hitcount|p1a: Melmetal|6\n|move|p1a: Melmetal|Double Iron Bash|p2a: Axeleration!\n|-supereffective|p2a: Axeleration!\n|-enditem|p2a: Axeleration!|Focus Sash\n|-damage|p2a: Axeleration!|1\/100\n|-supereffective|p2a: Axeleration!\n|-damage|p2a: Axeleration!|0 fnt\n|faint|p2a: Axeleration!\n|-hitcount|p2: Axeleration!|2\n|\n|upkeep\n|\n|t:|1650130884\n|switch|p2a: THE WRLD REVOLVING|Blacephalon|100\/100\n|turn|3\n|\n|t:|1650130892\n|move|p2a: THE WRLD REVOLVING|Shadow Ball|p1a: Melmetal\n|-damage|p1a: Melmetal|0 fnt\n|faint|p1a: Melmetal\n|-ability|p2a: THE WRLD REVOLVING|Beast Boost|boost\n|-boost|p2a: THE WRLD REVOLVING|spa|1\n|\n|upkeep\n|\n|t:|1650130897\n|switch|p1a: Weavile|Weavile, F|100\/100\n|-ability|p1a: Weavile|Pressure\n|turn|4\n|\n|t:|1650130902\n|switch|p2a: Nuts of Steel|Melmetal|100\/100\n|move|p1a: Weavile|Knock Off|p2a: Nuts of Steel\n|-damage|p2a: Nuts of Steel|65\/100\n|-enditem|p2a: Nuts of Steel|Eject Button|[from] move: Knock Off|[of] p1a: Weavile\n|\n|upkeep\n|turn|5\n|\n|t:|1650130919\n|switch|p1a: Garchomp|Garchomp, M|100\/100\n|move|p2a: Nuts of Steel|Double Iron Bash|p1a: Garchomp\n|-damage|p1a: Garchomp|68\/100\n|-damage|p2a: Nuts of Steel|53\/100|[from] ability: Rough Skin|[of] p1a: Garchomp\n|-damage|p2a: Nuts of Steel|37\/100|[from] item: Rocky Helmet|[of] p1a: Garchomp\n|-damage|p1a: Garchomp|36\/100\n|-damage|p2a: Nuts of Steel|24\/100|[from] ability: Rough Skin|[of] p1a: Garchomp\n|-damage|p2a: Nuts of Steel|8\/100|[from] item: Rocky Helmet|[of] p1a: Garchomp\n|-hitcount|p1a: Garchomp|2\n|\n|upkeep\n|turn|6\n|\n|t:|1650130936\n|switch|p2a: LandOUrus-T|Landorus-Therian, M|100\/100\n|-ability|p2a: LandOUrus-T|Intimidate|boost\n|-unboost|p1a: Garchomp|atk|1\n|move|p1a: Garchomp|Stealth Rock|p2a: LandOUrus-T\n|-sidestart|p2: Down$hift|move: Stealth Rock\n|\n|upkeep\n|turn|7\n|\n|t:|1650130946\n|move|p2a: LandOUrus-T|Stealth Rock|p1a: Garchomp\n|-sidestart|p1: A3720|move: Stealth Rock\n|move|p1a: Garchomp|Toxic|p2a: LandOUrus-T\n|-status|p2a: LandOUrus-T|tox\n|\n|-damage|p2a: LandOUrus-T|95\/100 tox|[from] psn\n|upkeep\n|turn|8\n|l| hypno#1\n|j| rainspam101\n|\n|t:|1650130961\n|move|p2a: LandOUrus-T|Earthquake|p1a: Garchomp\n|-damage|p1a: Garchomp|0 fnt\n|faint|p1a: Garchomp\n|\n|-damage|p2a: LandOUrus-T|83\/100 tox|[from] psn\n|upkeep\n|inactive|A3720 has 120 seconds left.\n|\n|t:|1650130991\n|switch|p1a: Weavile|Weavile, F|100\/100\n|-ability|p1a: Weavile|Pressure\n|turn|9\n|\n|t:|1650130996\n|switch|p2a: Nuts of Steel|Melmetal|8\/100\n|-damage|p2a: Nuts of Steel|1\/100|[from] Stealth Rock\n|move|p1a: Weavile|Triple Axel|p2a: Nuts of Steel\n|-resisted|p2a: Nuts of Steel\n|-damage|p2a: Nuts of Steel|0 fnt\n|faint|p2a: Nuts of Steel\n|-hitcount|p2: Nuts of Steel|1\n|\n|upkeep\n|\n|t:|1650131001\n|switch|p2a: Papercut|Kartana|100\/100\n|-damage|p2a: Papercut|94\/100|[from] Stealth Rock\n|turn|10\n|\n|t:|1650131013\n|move|p1a: Weavile|Ice Shard|p2a: Papercut\n|-damage|p2a: Papercut|71\/100\n|move|p2a: Papercut|Smart Strike|p1a: Weavile\n|-supereffective|p1a: Weavile\n|-damage|p1a: Weavile|0 fnt\n|faint|p1a: Weavile\n|-ability|p2a: Papercut|Beast Boost|boost\n|-boost|p2a: Papercut|atk|1\n|\n|upkeep\n|inactive|A3720 has 120 seconds left.\n|\n|t:|1650131029\n|switch|p1a: Thundurus|Thundurus, M|100\/100\n|turn|11\n|\n|t:|1650131033\n|switch|p2a: LandOUrus-T|Landorus-Therian, M|83\/100 tox\n|-damage|p2a: LandOUrus-T|70\/100 tox|[from] Stealth Rock\n|-ability|p2a: LandOUrus-T|Intimidate|boost\n|-unboost|p1a: Thundurus|atk|1\n|move|p1a: Thundurus|Thunder Wave|p2a: LandOUrus-T\n|-immune|p2a: LandOUrus-T\n|\n|-damage|p2a: LandOUrus-T|64\/100 tox|[from] psn\n|upkeep\n|turn|12\n|\n|t:|1650131039\n|move|p1a: Thundurus|Psychic|p2a: LandOUrus-T\n|-damage|p2a: LandOUrus-T|27\/100 tox\n|-enditem|p2a: LandOUrus-T|Eject Button\n|\n|t:|1650131042\n|switch|p2a: THE WRLD REVOLVING|Blacephalon|100\/100\n|-damage|p2a: THE WRLD REVOLVING|76\/100|[from] Stealth Rock\n|\n|upkeep\n|turn|13\n|\n|t:|1650131053\n|move|p1a: Thundurus|Thunder Wave|p2a: THE WRLD REVOLVING\n|-status|p2a: THE WRLD REVOLVING|par\n|move|p2a: THE WRLD REVOLVING|Flamethrower|p1a: Thundurus\n|-damage|p1a: Thundurus|0 fnt\n|faint|p1a: Thundurus\n|-ability|p2a: THE WRLD REVOLVING|Beast Boost|boost\n|-boost|p2a: THE WRLD REVOLVING|spa|1\n|\n|upkeep\n|j| hypno#1\n|l| hypno#1\n|inactive|A3720 has 120 seconds left.\n|\n|t:|1650131085\n|switch|p1a: Kartana|Kartana|100\/100\n|-damage|p1a: Kartana|94\/100|[from] Stealth Rock\n|turn|14\n|\n|t:|1650131091\n|move|p1a: Kartana|Knock Off|p2a: THE WRLD REVOLVING\n|-supereffective|p2a: THE WRLD REVOLVING\n|-damage|p2a: THE WRLD REVOLVING|0 fnt\n|-enditem|p2a: THE WRLD REVOLVING|Choice Specs|[from] move: Knock Off|[of] p1a: Kartana\n|faint|p2a: THE WRLD REVOLVING\n|-ability|p1a: Kartana|Beast Boost|boost\n|-boost|p1a: Kartana|spe|1\n|\n|upkeep\n|inactive|Down$hift has 120 seconds left.\n|\n|t:|1650131123\n|switch|p2a: \ud83c\udfb5Grass Monkey!\ud83c\udfb5|Rillaboom, F|100\/100\n|-damage|p2a: \ud83c\udfb5Grass Monkey!\ud83c\udfb5|88\/100|[from] Stealth Rock\n|-fieldstart|move: Grassy Terrain|[from] ability: Grassy Surge|[of] p2a: \ud83c\udfb5Grass Monkey!\ud83c\udfb5\n|turn|15\n|\n|t:|1650131134\n|move|p1a: Kartana|Knock Off|p2a: \ud83c\udfb5Grass Monkey!\ud83c\udfb5\n|-damage|p2a: \ud83c\udfb5Grass Monkey!\ud83c\udfb5|51\/100\n|-enditem|p2a: \ud83c\udfb5Grass Monkey!\ud83c\udfb5|Life Orb|[from] move: Knock Off|[of] p1a: Kartana\n|move|p2a: \ud83c\udfb5Grass Monkey!\ud83c\udfb5|Swords Dance|p2a: \ud83c\udfb5Grass Monkey!\ud83c\udfb5\n|-boost|p2a: \ud83c\udfb5Grass Monkey!\ud83c\udfb5|atk|2\n|\n|-heal|p1a: Kartana|100\/100|[from] Grassy Terrain\n|-heal|p2a: \ud83c\udfb5Grass Monkey!\ud83c\udfb5|57\/100|[from] Grassy Terrain\n|upkeep\n|turn|16\n|\n|t:|1650131143\n|move|p1a: Kartana|Sacred Sword|p2a: \ud83c\udfb5Grass Monkey!\ud83c\udfb5\n|-damage|p2a: \ud83c\udfb5Grass Monkey!\ud83c\udfb5|26\/100\n|move|p2a: \ud83c\udfb5Grass Monkey!\ud83c\udfb5|Superpower|p1a: Kartana\n|-supereffective|p1a: Kartana\n|-damage|p1a: Kartana|0 fnt\n|-unboost|p2a: \ud83c\udfb5Grass Monkey!\ud83c\udfb5|atk|1\n|-unboost|p2a: \ud83c\udfb5Grass Monkey!\ud83c\udfb5|def|1\n|faint|p1a: Kartana\n|\n|-heal|p2a: \ud83c\udfb5Grass Monkey!\ud83c\udfb5|32\/100|[from] Grassy Terrain\n|upkeep\n|\n|t:|1650131146\n|switch|p1a: Tapu Koko|Tapu Koko|100\/100\n|-fieldstart|move: Electric Terrain|[from] ability: Electric Surge|[of] p1a: Tapu Koko\n|turn|17\n|\n|t:|1650131149\n|switch|p2a: LandOUrus-T|Landorus-Therian, M|27\/100 tox\n|-damage|p2a: LandOUrus-T|15\/100 tox|[from] Stealth Rock\n|-ability|p2a: LandOUrus-T|Intimidate|boost\n|-unboost|p1a: Tapu Koko|atk|1\n|move|p1a: Tapu Koko|Dazzling Gleam|p2a: LandOUrus-T\n|-damage|p2a: LandOUrus-T|0 fnt\n|faint|p2a: LandOUrus-T\n|\n|upkeep\n|\n|t:|1650131151\n|switch|p2a: \ud83c\udfb5Grass Monkey!\ud83c\udfb5|Rillaboom, F|32\/100\n|-damage|p2a: \ud83c\udfb5Grass Monkey!\ud83c\udfb5|20\/100|[from] Stealth Rock\n|-fieldstart|move: Grassy Terrain|[from] ability: Grassy Surge|[of] p2a: \ud83c\udfb5Grass Monkey!\ud83c\udfb5\n|turn|18\n|\n|t:|1650131155\n|move|p2a: \ud83c\udfb5Grass Monkey!\ud83c\udfb5|Grassy Glide|p1a: Tapu Koko\n|-damage|p1a: Tapu Koko|34\/100\n|move|p1a: Tapu Koko|Dazzling Gleam|p2a: \ud83c\udfb5Grass Monkey!\ud83c\udfb5\n|-damage|p2a: \ud83c\udfb5Grass Monkey!\ud83c\udfb5|0 fnt\n|faint|p2a: \ud83c\udfb5Grass Monkey!\ud83c\udfb5\n|\n|-heal|p1a: Tapu Koko|40\/100|[from] Grassy Terrain\n|upkeep\n|\n|t:|1650131157\n|switch|p2a: Papercut|Kartana|71\/100\n|-damage|p2a: Papercut|65\/100|[from] Stealth Rock\n|turn|19\n|\n|t:|1650131163\n|move|p2a: Papercut|Leaf Blade|p1a: Tapu Koko\n|-damage|p1a: Tapu Koko|0 fnt\n|faint|p1a: Tapu Koko\n|\n|win|Down$hift\n|raw|A3720's rating: 1651 &rarr; <strong>1642<\/strong><br \/>(-9 for losing)\n|raw|Down$hift's rating: 1856 &rarr; <strong>1865<\/strong><br \/>(+9 for winning)\n|c|\u2606Down$hift|gg\n|c|\u2606A3720|gg\n||Ladder isn't responding, score probably updated but might not have (Request timeout).\n","uploadtime":1650131176,"views":352,"p1id":"a3720","p2id":"downhift","formatid":"gen8ou","rating":1642,"private":0,"password":null}