{"id":"gen8ou-1386244399","p1":"Coach Jones 6fifth","p2":"LT84JM stareal","format":"gen8ou","log":"|raw|<div class=\"broadcast-blue\"><strong>This battle is required to be public due to a player having a name starting with 'lt84jm'.<\/div>\n|j|\u2606Coach Jones 6fifth\n|j|\u2606LT84JM stareal\n|t:|1627562714\n|gametype|singles\n|player|p1|Coach Jones 6fifth|lusamine-nihilego|1897\n|player|p2|LT84JM stareal|101|1902\n|teamsize|p1|6\n|teamsize|p2|6\n|gen|8\n|tier|[Gen 8] OU\n|rated|\n|rule|Sleep Clause Mod: Limit one foe put to sleep\n|rule|Species Clause: Limit one of each Pok\u00e9mon\n|rule|OHKO Clause: OHKO moves are banned\n|rule|Evasion Moves Clause: Evasion moves are banned\n|rule|Endless Battle Clause: Forcing endless battles is banned\n|rule|HP Percentage Mod: HP is shown in percentages\n|rule|Dynamax Clause: You cannot dynamax\n|clearpoke\n|poke|p1|Heatran, M|\n|poke|p1|Rillaboom, F|\n|poke|p1|Zapdos|\n|poke|p1|Slowbro, F|\n|poke|p1|Landorus-Therian, M|\n|poke|p1|Dragapult, F|\n|poke|p2|Kartana|\n|poke|p2|Magnezone|\n|poke|p2|Tapu Lele|\n|poke|p2|Dragonite, F|\n|poke|p2|Urshifu-*, F|\n|poke|p2|Blissey, F|\n|teampreview\n|j| LT84JM Farawyn98\n|j| LT84JMM\n|j| LT84JM Lorenz\n|j| from you\n|j| d18l\n|j| Deum Patrem\n|\n|t:|1627562744\n|start\n|switch|p1a: Zapdos|Zapdos|100\/100\n|switch|p2a: Kartana|Kartana|100\/100\n|turn|1\n|j| DeadByFlinch\n|\n|t:|1627562750\n|switch|p2a: Blissey|Blissey, F|100\/100\n|move|p1a: Zapdos|Volt Switch|p2a: Blissey\n|-damage|p2a: Blissey|90\/100\n|\n|t:|1627562756\n|switch|p1a: Landorus|Landorus-Therian, M|100\/100|[from]move: Volt Switch\n|-ability|p1a: Landorus|Intimidate|boost\n|-unboost|p2a: Blissey|atk|1\n|\n|upkeep\n|turn|2\n|\n|t:|1627562760\n|switch|p2a: Urshifu|Urshifu-Rapid-Strike, F|100\/100\n|move|p1a: Landorus|Stealth Rock|p2a: Urshifu\n|-sidestart|p2: LT84JM stareal|move: Stealth Rock\n|\n|upkeep\n|turn|3\n|\n|t:|1627562764\n|switch|p1a: Slowbro|Slowbro, F|100\/100\n|move|p2a: Urshifu|U-turn|p1a: Slowbro\n|-supereffective|p1a: Slowbro\n|-damage|p1a: Slowbro|70\/100\n|\n|t:|1627562768\n|switch|p2a: Tapu Lele|Tapu Lele|100\/100|[from]move: U-turn\n|-damage|p2a: Tapu Lele|88\/100|[from] Stealth Rock\n|-fieldstart|move: Psychic Terrain|[from] ability: Psychic Surge|[of] p2a: Tapu Lele\n|\n|upkeep\n|turn|4\n|\n|t:|1627562771\n|switch|p1a: Heatran|Heatran, M|100\/100\n|move|p2a: Tapu Lele|Future Sight|p1a: Heatran\n|-start|p2a: Tapu Lele|move: Future Sight\n|\n|upkeep\n|turn|5\n|\n|t:|1627562776\n|switch|p2a: Urshifu|Urshifu-Rapid-Strike, F|100\/100\n|-damage|p2a: Urshifu|94\/100|[from] Stealth Rock\n|switch|p1a: Slowbro|Slowbro, F|100\/100\n|\n|upkeep\n|turn|6\n|\n|t:|1627562783\n|move|p2a: Urshifu|U-turn|p1a: Slowbro\n|-supereffective|p1a: Slowbro\n|-damage|p1a: Slowbro|74\/100\n|j| Eating Stall\n|\n|t:|1627562787\n|switch|p2a: Tapu Lele|Tapu Lele|88\/100|[from]move: U-turn\n|-damage|p2a: Tapu Lele|76\/100|[from] Stealth Rock\n|move|p1a: Slowbro|Teleport|p1a: Slowbro\n|j| starmind\n|\n|t:|1627562792\n|switch|p1a: Heatran|Heatran, M|100\/100|[from]move: Teleport\n|\n|-end|p1a: Heatran|move: Future Sight\n|-resisted|p1a: Heatran\n|-damage|p1a: Heatran|69\/100\n|-heal|p1a: Heatran|75\/100|[from] item: Leftovers\n|upkeep\n|turn|7\n|\n|t:|1627562795\n|switch|p1a: Slowbro|Slowbro, F|100\/100\n|move|p2a: Tapu Lele|Focus Blast|p1a: Slowbro\n|-resisted|p1a: Slowbro\n|-damage|p1a: Slowbro|76\/100\n|\n|-fieldend|move: Psychic Terrain\n|upkeep\n|turn|8\n|\n|t:|1627562800\n|move|p2a: Tapu Lele|Moonblast|p1a: Slowbro\n|-crit|p1a: Slowbro\n|-damage|p1a: Slowbro|0 fnt\n|faint|p1a: Slowbro\n|\n|upkeep\n|\n|t:|1627562805\n|switch|p1a: Rillaboom|Rillaboom, F|100\/100\n|-fieldstart|move: Grassy Terrain|[from] ability: Grassy Surge|[of] p1a: Rillaboom\n|turn|9\n|\n|t:|1627562811\n|switch|p2a: Magnezone|Magnezone|100\/100\n|-damage|p2a: Magnezone|94\/100|[from] Stealth Rock\n|move|p1a: Rillaboom|U-turn|p2a: Magnezone\n|-resisted|p2a: Magnezone\n|-damage|p2a: Magnezone|80\/100\n|j| Sheik\n|\n|t:|1627562820\n|switch|p1a: Landorus|Landorus-Therian, M|100\/100|[from]move: U-turn\n|-ability|p1a: Landorus|Intimidate|boost\n|-unboost|p2a: Magnezone|atk|1\n|\n|-heal|p2a: Magnezone|86\/100|[from] Grassy Terrain\n|upkeep\n|turn|10\n|\n|t:|1627562825\n|switch|p2a: Urshifu|Urshifu-Rapid-Strike, F|94\/100\n|-damage|p2a: Urshifu|88\/100|[from] Stealth Rock\n|move|p1a: Landorus|Knock Off|p2a: Urshifu\n|-resisted|p2a: Urshifu\n|-damage|p2a: Urshifu|72\/100\n|-enditem|p2a: Urshifu|Protective Pads|[from] move: Knock Off|[of] p1a: Landorus\n|\n|-heal|p2a: Urshifu|79\/100|[from] Grassy Terrain\n|upkeep\n|turn|11\n|\n|t:|1627562833\n|switch|p1a: Dragapult|Dragapult, F, shiny|100\/100\n|move|p2a: Urshifu|U-turn|p1a: Dragapult\n|-resisted|p1a: Dragapult\n|-damage|p1a: Dragapult|84\/100\n|\n|t:|1627562837\n|switch|p2a: Kartana|Kartana|100\/100|[from]move: U-turn\n|-damage|p2a: Kartana|94\/100|[from] Stealth Rock\n|\n|-heal|p2a: Kartana|100\/100|[from] Grassy Terrain\n|-heal|p1a: Dragapult|90\/100|[from] Grassy Terrain\n|upkeep\n|turn|12\n|\n|t:|1627562844\n|switch|p2a: Blissey|Blissey, F|90\/100\n|switch|p1a: Zapdos|Zapdos|100\/100\n|\n|-heal|p2a: Blissey|96\/100|[from] Grassy Terrain\n|upkeep\n|turn|13\n|l| Sheik\n|\n|t:|1627562853\n|switch|p1a: Rillaboom|Rillaboom, F|100\/100\n|move|p2a: Blissey|Teleport|p2a: Blissey\n|j| myboneshurt\n|\n|t:|1627562864\n|switch|p2a: Urshifu|Urshifu-Rapid-Strike, F|79\/100|[from]move: Teleport\n|-damage|p2a: Urshifu|72\/100|[from] Stealth Rock\n|\n|-heal|p2a: Urshifu|79\/100|[from] Grassy Terrain\n|-fieldend|move: Grassy Terrain\n|upkeep\n|turn|14\n|\n|t:|1627562871\n|switch|p1a: Dragapult|Dragapult, F, shiny|90\/100\n|move|p2a: Urshifu|U-turn|p1a: Dragapult\n|-resisted|p1a: Dragapult\n|-damage|p1a: Dragapult|73\/100\n|\n|t:|1627562875\n|switch|p2a: Blissey|Blissey, F|96\/100|[from]move: U-turn\n|\n|upkeep\n|turn|15\n|\n|t:|1627562878\n|move|p1a: Dragapult|U-turn|p2a: Blissey\n|-damage|p2a: Blissey|82\/100\n|\n|t:|1627562879\n|switch|p1a: Rillaboom|Rillaboom, F|100\/100|[from]move: U-turn\n|-fieldstart|move: Grassy Terrain|[from] ability: Grassy Surge|[of] p1a: Rillaboom\n|move|p2a: Blissey|Teleport|p2a: Blissey\n|\n|t:|1627562884\n|switch|p2a: Tapu Lele|Tapu Lele|76\/100|[from]move: Teleport\n|-damage|p2a: Tapu Lele|63\/100|[from] Stealth Rock\n|-fieldstart|move: Psychic Terrain|[from] ability: Psychic Surge|[of] p2a: Tapu Lele\n|\n|upkeep\n|turn|16\n|\n|t:|1627562888\n|switch|p1a: Heatran|Heatran, M|75\/100\n|move|p2a: Tapu Lele|Psychic|p1a: Heatran\n|-resisted|p1a: Heatran\n|-damage|p1a: Heatran|49\/100\n|-unboost|p1a: Heatran|spd|1\n|\n|-heal|p1a: Heatran|55\/100|[from] item: Leftovers\n|upkeep\n|turn|17\n|\n|t:|1627562891\n|switch|p1a: Dragapult|Dragapult, F, shiny|73\/100\n|move|p2a: Tapu Lele|Focus Blast|p1a: Dragapult\n|-immune|p1a: Dragapult\n|\n|upkeep\n|turn|18\n|\n|t:|1627562895\n|switch|p2a: Blissey|Blissey, F|82\/100\n|move|p1a: Dragapult|U-turn|p2a: Blissey\n|-damage|p2a: Blissey|67\/100\n|\n|t:|1627562896\n|switch|p1a: Rillaboom|Rillaboom, F|100\/100|[from]move: U-turn\n|-fieldstart|move: Grassy Terrain|[from] ability: Grassy Surge|[of] p1a: Rillaboom\n|\n|-heal|p2a: Blissey|73\/100|[from] Grassy Terrain\n|upkeep\n|turn|19\n|\n|t:|1627562900\n|switch|p2a: Magnezone|Magnezone|86\/100\n|-damage|p2a: Magnezone|80\/100|[from] Stealth Rock\n|move|p1a: Rillaboom|U-turn|p2a: Magnezone\n|-resisted|p2a: Magnezone\n|-damage|p2a: Magnezone|64\/100\n|\n|t:|1627562902\n|switch|p1a: Dragapult|Dragapult, F, shiny|73\/100|[from]move: U-turn\n|\n|-heal|p1a: Dragapult|79\/100|[from] Grassy Terrain\n|-heal|p2a: Magnezone|70\/100|[from] Grassy Terrain\n|upkeep\n|turn|20\n|\n|t:|1627562905\n|switch|p2a: Blissey|Blissey, F|73\/100\n|move|p1a: Dragapult|U-turn|p2a: Blissey\n|-damage|p2a: Blissey|58\/100\n|\n|t:|1627562907\n|switch|p1a: Rillaboom|Rillaboom, F|100\/100|[from]move: U-turn\n|\n|-heal|p2a: Blissey|64\/100|[from] Grassy Terrain\n|upkeep\n|turn|21\n|\n|t:|1627562910\n|switch|p2a: Magnezone|Magnezone|70\/100\n|-damage|p2a: Magnezone|64\/100|[from] Stealth Rock\n|move|p1a: Rillaboom|U-turn|p2a: Magnezone\n|-resisted|p2a: Magnezone\n|-damage|p2a: Magnezone|49\/100\n|\n|t:|1627562912\n|switch|p1a: Dragapult|Dragapult, F, shiny|79\/100|[from]move: U-turn\n|\n|-heal|p1a: Dragapult|85\/100|[from] Grassy Terrain\n|-heal|p2a: Magnezone|55\/100|[from] Grassy Terrain\n|upkeep\n|turn|22\n|\n|t:|1627562914\n|switch|p2a: Blissey|Blissey, F|64\/100\n|move|p1a: Dragapult|U-turn|p2a: Blissey\n|-damage|p2a: Blissey|49\/100\n|\n|t:|1627562915\n|switch|p1a: Rillaboom|Rillaboom, F|100\/100|[from]move: U-turn\n|\n|-heal|p2a: Blissey|55\/100|[from] Grassy Terrain\n|-fieldend|move: Grassy Terrain\n|upkeep\n|turn|23\n|\n|t:|1627562918\n|switch|p2a: Magnezone|Magnezone|55\/100\n|-damage|p2a: Magnezone|49\/100|[from] Stealth Rock\n|move|p1a: Rillaboom|Superpower|p2a: Magnezone\n|-supereffective|p2a: Magnezone\n|-enditem|p2a: Magnezone|Chople Berry|[eat]\n|-enditem|p2a: Magnezone|Chople Berry|[weaken]\n|-damage|p2a: Magnezone|0 fnt\n|-unboost|p1a: Rillaboom|atk|1\n|-unboost|p1a: Rillaboom|def|1\n|faint|p2a: Magnezone\n|\n|upkeep\n|\n|t:|1627562920\n|switch|p2a: Tapu Lele|Tapu Lele|63\/100\n|-damage|p2a: Tapu Lele|51\/100|[from] Stealth Rock\n|-fieldstart|move: Psychic Terrain|[from] ability: Psychic Surge|[of] p2a: Tapu Lele\n|turn|24\n|\n|t:|1627562925\n|switch|p1a: Landorus|Landorus-Therian, M|100\/100\n|-ability|p1a: Landorus|Intimidate|boost\n|-unboost|p2a: Tapu Lele|atk|1\n|move|p2a: Tapu Lele|Psychic|p1a: Landorus\n|-damage|p1a: Landorus|38\/100\n|\n|-heal|p1a: Landorus|44\/100|[from] item: Leftovers\n|upkeep\n|turn|25\n|\n|t:|1627562928\n|switch|p1a: Heatran|Heatran, M|55\/100\n|move|p2a: Tapu Lele|Psychic|p1a: Heatran\n|-resisted|p1a: Heatran\n|-damage|p1a: Heatran|30\/100\n|\n|-heal|p1a: Heatran|37\/100|[from] item: Leftovers\n|upkeep\n|turn|26\n|\n|t:|1627562931\n|move|p2a: Tapu Lele|Focus Blast|p1a: Heatran|[miss]\n|-miss|p2a: Tapu Lele|p1a: Heatran\n|move|p1a: Heatran|Heavy Slam|p2a: Tapu Lele\n|-supereffective|p2a: Tapu Lele\n|-damage|p2a: Tapu Lele|0 fnt\n|faint|p2a: Tapu Lele\n|\n|-heal|p1a: Heatran|43\/100|[from] item: Leftovers\n|upkeep\n|\n|t:|1627562936\n|switch|p2a: Urshifu|Urshifu-Rapid-Strike, F|79\/100\n|-damage|p2a: Urshifu|72\/100|[from] Stealth Rock\n|turn|27\n|\n|t:|1627562942\n|switch|p1a: Zapdos|Zapdos|100\/100\n|move|p2a: Urshifu|Surging Strikes|p1a: Zapdos\n|-crit|p1a: Zapdos\n|-damage|p1a: Zapdos|86\/100\n|-crit|p1a: Zapdos\n|-damage|p1a: Zapdos|73\/100\n|-status|p2a: Urshifu|par|[from] ability: Static|[of] p1a: Zapdos\n|-crit|p1a: Zapdos\n|-damage|p1a: Zapdos|59\/100\n|-hitcount|p1a: Zapdos|3\n|\n|upkeep\n|turn|28\n|\n|t:|1627562945\n|-singleturn|p2a: Urshifu|move: Focus Punch\n|move|p1a: Zapdos|Volt Switch|p2a: Urshifu\n|-supereffective|p2a: Urshifu\n|-damage|p2a: Urshifu|0 fnt\n|faint|p2a: Urshifu\n|j| txtxtxt\n|\n|t:|1627562969\n|switch|p1a: Landorus|Landorus-Therian, M|44\/100|[from]move: Volt Switch\n|\n|-heal|p1a: Landorus|50\/100|[from] item: Leftovers\n|-fieldend|move: Psychic Terrain\n|upkeep\n|inactive|Battle timer is ON: inactive players will automatically lose when time's up. (requested by Coach Jones 6fifth)\n|\n|t:|1627562985\n|switch|p2a: Dragonite|Dragonite, F|100\/100\n|turn|29\n|\n|t:|1627562987\n|move|p2a: Dragonite|Dragon Dance|p2a: Dragonite\n|-boost|p2a: Dragonite|atk|1\n|-boost|p2a: Dragonite|spe|1\n|move|p1a: Landorus|Toxic|p2a: Dragonite\n|-status|p2a: Dragonite|tox\n|\n|-heal|p1a: Landorus|56\/100|[from] item: Leftovers\n|-damage|p2a: Dragonite|94\/100 tox|[from] psn\n|upkeep\n|turn|30\n|\n|t:|1627562990\n|move|p2a: Dragonite|Ice Punch|p1a: Landorus\n|-supereffective|p1a: Landorus\n|-damage|p1a: Landorus|0 fnt\n|faint|p1a: Landorus\n|\n|-damage|p2a: Dragonite|82\/100 tox|[from] psn\n|upkeep\n|\n|t:|1627562996\n|switch|p1a: Heatran|Heatran, M|43\/100\n|turn|31\n|j| waste yrself\n|j| AlIoutdragadarts\n|\n|t:|1627563007\n|switch|p2a: Blissey|Blissey, F|55\/100\n|move|p1a: Heatran|Heavy Slam|p2a: Blissey\n|-damage|p2a: Blissey|27\/100\n|\n|-heal|p1a: Heatran|49\/100|[from] item: Leftovers\n|upkeep\n|turn|32\n|\n|t:|1627563011\n|switch|p2a: Kartana|Kartana|100\/100\n|-damage|p2a: Kartana|94\/100|[from] Stealth Rock\n|move|p1a: Heatran|Heavy Slam|p2a: Kartana\n|-resisted|p2a: Kartana\n|-damage|p2a: Kartana|77\/100\n|\n|-heal|p1a: Heatran|55\/100|[from] item: Leftovers\n|upkeep\n|turn|33\n|j| LT84JM KON\n|\n|t:|1627563016\n|move|p2a: Kartana|Knock Off|p1a: Heatran\n|-damage|p1a: Heatran|21\/100\n|-enditem|p1a: Heatran|Leftovers|[from] move: Knock Off|[of] p2a: Kartana\n|move|p1a: Heatran|Earth Power|p2a: Kartana\n|-damage|p2a: Kartana|0 fnt\n|faint|p2a: Kartana\n|\n|upkeep\n|\n|t:|1627563024\n|switch|p2a: Dragonite|Dragonite, F|82\/100 tox\n|turn|34\n|\n|t:|1627563027\n|move|p2a: Dragonite|Earthquake|p1a: Heatran\n|-supereffective|p1a: Heatran\n|-crit|p1a: Heatran\n|-damage|p1a: Heatran|0 fnt\n|faint|p1a: Heatran\n|\n|-damage|p2a: Dragonite|76\/100 tox|[from] psn\n|upkeep\n|\n|t:|1627563030\n|switch|p1a: Dragapult|Dragapult, F, shiny|85\/100\n|turn|35\n|\n|t:|1627563034\n|switch|p2a: Blissey|Blissey, F|27\/100\n|move|p1a: Dragapult|Draco Meteor|p2a: Blissey\n|-damage|p2a: Blissey|0 fnt\n|-unboost|p1a: Dragapult|spa|2\n|faint|p2a: Blissey\n|\n|upkeep\n|\n|t:|1627563037\n|switch|p2a: Dragonite|Dragonite, F|76\/100 tox\n|turn|36\n|\n|t:|1627563040\n|move|p1a: Dragapult|Draco Meteor|p2a: Dragonite\n|-supereffective|p2a: Dragonite\n|-damage|p2a: Dragonite|0 fnt\n|-unboost|p1a: Dragapult|spa|2\n|faint|p2a: Dragonite\n|\n|win|Coach Jones 6fifth\n|raw|Coach Jones 6fifth's rating: 1897 &rarr; <strong>1917<\/strong><br \/>(+20 for winning)\n|raw|LT84JM stareal's rating: 1902 &rarr; <strong>1882<\/strong><br \/>(-20 for losing)\n|l|\u2606LT84JM stareal\n|l| LT84JM KON\n|l| myboneshurt\n|l| LT84JM Farawyn98\n|l| LT84JM Lorenz\n|l|\u2606Coach Jones 6fifth\n|l| waste yrself\n|l| Eating Stall\n|l| LT84JMM\n|l| starmind\n|l| d18l\n|l| txtxtxt\n|l| AlIoutdragadarts\n|l| DeadByFlinch\n","uploadtime":1627563045,"views":184,"p1id":"coachjones6fifth","p2id":"lt84jmstareal","formatid":"gen8ou","rating":1882,"private":0,"password":null}