{"id":"gen8ou-1221306806","p1":"ChiefBoom","p2":"BugCatcherWeevil","format":"gen8ou","log":"|j|\u2606ChiefBoom\n|j|\u2606BugCatcherWeevil\n|t:|1605097827\n|player|p1|ChiefBoom|1|1789\n|player|p2|BugCatcherWeevil|7|1769\n|teamsize|p1|6\n|teamsize|p2|6\n|gametype|singles\n|gen|8\n|tier|[Gen 8] OU\n|rated|\n|clearpoke\n|poke|p1|Tapu Lele|\n|poke|p1|Melmetal|\n|poke|p1|Moltres|\n|poke|p1|Landorus-Therian, M|\n|poke|p1|Tapu Fini|\n|poke|p1|Urshifu-*, M|\n|poke|p2|Dracozolt|\n|poke|p2|Tyranitar, F|\n|poke|p2|Excadrill, M|\n|poke|p2|Hippowdon, M|\n|poke|p2|Buzzwole|\n|poke|p2|Zapdos|\n|rule|Sleep Clause Mod: Limit one foe put to sleep\n|rule|Species Clause: Limit one of each Pok\u00e9mon\n|rule|OHKO Clause: OHKO moves are banned\n|rule|Evasion Moves Clause: Evasion moves are banned\n|rule|Endless Battle Clause: Forcing endless battles is banned\n|rule|HP Percentage Mod: HP is shown in percentages\n|rule|Dynamax Clause: You cannot dynamax\n|teampreview\n|j| Boi 240\n|j| hacksareus10\n|j| Commando 55\n|j| Alcazone\n|inactive|Battle timer is ON: inactive players will automatically lose when time's up. (requested by ChiefBoom)\n|\n|t:|1605097923\n|start\n|switch|p1a: Urshifu|Urshifu, M|100\/100\n|switch|p2a: Zapdos|Zapdos|100\/100\n|turn|1\n|\n|t:|1605097932\n|switch|p2a: Buzzwole|Buzzwole|100\/100\n|move|p1a: Urshifu|Bulk Up|p1a: Urshifu\n|-boost|p1a: Urshifu|atk|1\n|-boost|p1a: Urshifu|def|1\n|\n|upkeep\n|turn|2\n|\n|t:|1605097940\n|switch|p1a: Moltres|Moltres|100\/100\n|move|p2a: Buzzwole|Drain Punch|p1a: Moltres\n|-resisted|p1a: Moltres\n|-damage|p1a: Moltres|86\/100\n|\n|upkeep\n|turn|3\n|\n|t:|1605097951\n|switch|p1a: Landorus|Landorus-Therian, M|100\/100\n|-ability|p1a: Landorus|Intimidate|boost\n|-unboost|p2a: Buzzwole|atk|1\n|switch|p2a: Tyranitar|Tyranitar, F|100\/100\n|-weather|Sandstorm|[from] ability: Sand Stream|[of] p2a: Tyranitar\n|\n|-weather|Sandstorm|[upkeep]\n|upkeep\n|turn|4\n|\n|t:|1605097961\n|move|p1a: Landorus|U-turn|p2a: Tyranitar\n|-supereffective|p2a: Tyranitar\n|-damage|p2a: Tyranitar|55\/100\n|\n|t:|1605097969\n|switch|p1a: Tapu Fini|Tapu Fini|100\/100|[from]move: U-turn\n|-fieldstart|move: Misty Terrain|[from] ability: Misty Surge|[of] p1a: Tapu Fini\n|move|p2a: Tyranitar|Ice Beam|p1a: Tapu Fini\n|-resisted|p1a: Tapu Fini\n|-damage|p1a: Tapu Fini|91\/100\n|\n|-weather|Sandstorm|[upkeep]\n|-damage|p1a: Tapu Fini|85\/100|[from] Sandstorm\n|-heal|p1a: Tapu Fini|91\/100|[from] item: Leftovers\n|upkeep\n|turn|5\n|\n|t:|1605097977\n|switch|p2a: Zapdos|Zapdos|100\/100\n|move|p1a: Tapu Fini|Whirlpool|p2a: Zapdos\n|-damage|p2a: Zapdos|90\/100\n|-activate|p2a: Zapdos|move: Whirlpool|[of] p1a: Tapu Fini\n|\n|-weather|Sandstorm|[upkeep]\n|-damage|p2a: Zapdos|84\/100|[from] Sandstorm\n|-damage|p1a: Tapu Fini|85\/100|[from] Sandstorm\n|-heal|p1a: Tapu Fini|91\/100|[from] item: Leftovers\n|-damage|p2a: Zapdos|71\/100|[from] move: Whirlpool|[partiallytrapped]\n|upkeep\n|turn|6\n|l| Alcazone\n|\n|t:|1605097984\n|switch|p1a: Landorus|Landorus-Therian, M|100\/100\n|-ability|p1a: Landorus|Intimidate|boost\n|-unboost|p2a: Zapdos|atk|1\n|move|p2a: Zapdos|Volt Switch|p1a: Landorus\n|-immune|p1a: Landorus\n|\n|-weather|Sandstorm|[upkeep]\n|-damage|p2a: Zapdos|65\/100|[from] Sandstorm\n|-end|p2a: Zapdos|Whirlpool|[partiallytrapped]|[silent]\n|upkeep\n|turn|7\n|\n|t:|1605097990\n|move|p2a: Zapdos|Roost|p2a: Zapdos\n|-heal|p2a: Zapdos|100\/100\n|-singleturn|p2a: Zapdos|move: Roost\n|move|p1a: Landorus|Stone Edge|p2a: Zapdos\n|-crit|p2a: Zapdos\n|-damage|p2a: Zapdos|55\/100\n|\n|-weather|none\n|upkeep\n|turn|8\n|\n|t:|1605098003\n|switch|p2a: Buzzwole|Buzzwole|100\/100\n|move|p1a: Landorus|Stealth Rock|p2a: Buzzwole\n|-sidestart|p2: BugCatcherWeevil|move: Stealth Rock\n|\n|-fieldend|Misty Terrain\n|upkeep\n|turn|9\n|\n|t:|1605098015\n|switch|p1a: Moltres|Moltres|86\/100\n|move|p2a: Buzzwole|Ice Punch|p1a: Moltres\n|-crit|p1a: Moltres\n|-damage|p1a: Moltres|55\/100\n|-status|p1a: Moltres|frz\n|-status|p2a: Buzzwole|brn|[from] ability: Flame Body|[of] p1a: Moltres\n|\n|-damage|p2a: Buzzwole|94\/100 brn|[from] brn\n|upkeep\n|turn|10\n|\n|t:|1605098024\n|switch|p2a: Hippowdon|Hippowdon, M|100\/100\n|-damage|p2a: Hippowdon|94\/100|[from] Stealth Rock\n|-weather|Sandstorm|[from] ability: Sand Stream|[of] p2a: Hippowdon\n|cant|p1a: Moltres|frz\n|\n|-weather|Sandstorm|[upkeep]\n|-damage|p1a: Moltres|49\/100 frz|[from] Sandstorm\n|upkeep\n|turn|11\n|\n|t:|1605098028\n|cant|p1a: Moltres|frz\n|move|p2a: Hippowdon|Stealth Rock|p1a: Moltres\n|-sidestart|p1: ChiefBoom|move: Stealth Rock\n|\n|-weather|Sandstorm|[upkeep]\n|-damage|p1a: Moltres|43\/100 frz|[from] Sandstorm\n|upkeep\n|turn|12\n|\n|t:|1605098031\n|switch|p2a: Excadrill|Excadrill, M|100\/100\n|-damage|p2a: Excadrill|97\/100|[from] Stealth Rock\n|cant|p1a: Moltres|frz\n|\n|-weather|Sandstorm|[upkeep]\n|-damage|p1a: Moltres|37\/100 frz|[from] Sandstorm\n|upkeep\n|turn|13\n|\n|t:|1605098037\n|move|p2a: Excadrill|Rock Slide|p1a: Moltres\n|-supereffective|p1a: Moltres\n|-damage|p1a: Moltres|0 fnt\n|-damage|p2a: Excadrill|87\/100|[from] item: Life Orb\n|faint|p1a: Moltres\n|\n|-weather|Sandstorm|[upkeep]\n|upkeep\n|\n|t:|1605098040\n|switch|p1a: Landorus|Landorus-Therian, M|100\/100\n|-damage|p1a: Landorus|88\/100|[from] Stealth Rock\n|-ability|p1a: Landorus|Intimidate|boost\n|-unboost|p2a: Excadrill|atk|1\n|turn|14\n|\n|t:|1605098050\n|switch|p2a: Buzzwole|Buzzwole|94\/100 brn\n|-damage|p2a: Buzzwole|82\/100 brn|[from] Stealth Rock\n|move|p1a: Landorus|Earthquake|p2a: Buzzwole\n|-resisted|p2a: Buzzwole\n|-damage|p2a: Buzzwole|64\/100 brn\n|\n|-weather|Sandstorm|[upkeep]\n|-damage|p2a: Buzzwole|58\/100 brn|[from] Sandstorm\n|-heal|p1a: Landorus|94\/100|[from] item: Leftovers\n|-damage|p2a: Buzzwole|52\/100 brn|[from] brn\n|upkeep\n|turn|15\n|\n|t:|1605098061\n|move|p1a: Landorus|U-turn|p2a: Buzzwole\n|-resisted|p2a: Buzzwole\n|-damage|p2a: Buzzwole|44\/100 brn\n|-damage|p1a: Landorus|78\/100|[from] item: Rocky Helmet|[of] p2a: Buzzwole\n|\n|t:|1605098064\n|switch|p1a: Tapu Lele|Tapu Lele|100\/100|[from]move: U-turn\n|-damage|p1a: Tapu Lele|88\/100|[from] Stealth Rock\n|-fieldstart|move: Psychic Terrain|[from] ability: Psychic Surge|[of] p1a: Tapu Lele\n|move|p2a: Buzzwole|Roost|p2a: Buzzwole\n|-heal|p2a: Buzzwole|94\/100 brn\n|-singleturn|p2a: Buzzwole|move: Roost\n|\n|-weather|Sandstorm|[upkeep]\n|-damage|p1a: Tapu Lele|82\/100|[from] Sandstorm\n|-damage|p2a: Buzzwole|88\/100 brn|[from] Sandstorm\n|-damage|p2a: Buzzwole|82\/100 brn|[from] brn\n|upkeep\n|turn|16\n|\n|t:|1605098074\n|switch|p2a: Excadrill|Excadrill, M|87\/100\n|-damage|p2a: Excadrill|84\/100|[from] Stealth Rock\n|move|p1a: Tapu Lele|Moonblast|p2a: Excadrill\n|-resisted|p2a: Excadrill\n|-damage|p2a: Excadrill|33\/100\n|\n|-weather|Sandstorm|[upkeep]\n|-damage|p1a: Tapu Lele|76\/100|[from] Sandstorm\n|upkeep\n|turn|17\n|\n|t:|1605098085\n|switch|p1a: Landorus|Landorus-Therian, M|78\/100\n|-damage|p1a: Landorus|65\/100|[from] Stealth Rock\n|-ability|p1a: Landorus|Intimidate|boost\n|-unboost|p2a: Excadrill|atk|1\n|move|p2a: Excadrill|Iron Head|p1a: Landorus\n|-damage|p1a: Landorus|25\/100\n|-damage|p2a: Excadrill|23\/100|[from] item: Life Orb\n|\n|-weather|none\n|-heal|p1a: Landorus|31\/100|[from] item: Leftovers\n|upkeep\n|turn|18\n|\n|t:|1605098101\n|move|p2a: Excadrill|Swords Dance|p2a: Excadrill\n|-boost|p2a: Excadrill|atk|2\n|move|p1a: Landorus|Earthquake|p2a: Excadrill\n|-supereffective|p2a: Excadrill\n|-damage|p2a: Excadrill|0 fnt\n|faint|p2a: Excadrill\n|\n|-heal|p1a: Landorus|37\/100|[from] item: Leftovers\n|upkeep\n|\n|t:|1605098108\n|switch|p2a: Hippowdon|Hippowdon, M|94\/100\n|-damage|p2a: Hippowdon|88\/100|[from] Stealth Rock\n|-weather|Sandstorm|[from] ability: Sand Stream|[of] p2a: Hippowdon\n|turn|19\n|\n|t:|1605098114\n|switch|p1a: Tapu Fini|Tapu Fini|91\/100\n|-damage|p1a: Tapu Fini|79\/100|[from] Stealth Rock\n|-fieldstart|move: Misty Terrain|[from] ability: Misty Surge|[of] p1a: Tapu Fini\n|move|p2a: Hippowdon|Whirlwind|p1a: Tapu Fini\n|drag|p1a: Landorus|Landorus-Therian, M|37\/100\n|-damage|p1a: Landorus|24\/100|[from] Stealth Rock\n|-ability|p1a: Landorus|Intimidate|boost\n|-unboost|p2a: Hippowdon|atk|1\n|\n|-weather|Sandstorm|[upkeep]\n|-heal|p1a: Landorus|30\/100|[from] item: Leftovers\n|upkeep\n|turn|20\n|\n|t:|1605098125\n|move|p1a: Landorus|Earthquake|p2a: Hippowdon\n|-damage|p2a: Hippowdon|57\/100\n|move|p2a: Hippowdon|Slack Off|p2a: Hippowdon\n|-heal|p2a: Hippowdon|100\/100\n|\n|-weather|Sandstorm|[upkeep]\n|-heal|p1a: Landorus|37\/100|[from] item: Leftovers\n|upkeep\n|turn|21\n|\n|t:|1605098137\n|move|p1a: Landorus|Earthquake|p2a: Hippowdon\n|-damage|p2a: Hippowdon|70\/100\n|move|p2a: Hippowdon|Whirlwind|p1a: Landorus\n|drag|p1a: Tapu Lele|Tapu Lele|76\/100\n|-damage|p1a: Tapu Lele|63\/100|[from] Stealth Rock\n|-fieldstart|move: Psychic Terrain|[from] ability: Psychic Surge|[of] p1a: Tapu Lele\n|\n|-weather|Sandstorm|[upkeep]\n|-damage|p1a: Tapu Lele|57\/100|[from] Sandstorm\n|upkeep\n|turn|22\n|\n|t:|1605098156\n|switch|p2a: Tyranitar|Tyranitar, F|55\/100\n|-damage|p2a: Tyranitar|42\/100|[from] Stealth Rock\n|move|p1a: Tapu Lele|Moonblast|p2a: Tyranitar\n|-supereffective|p2a: Tyranitar\n|-damage|p2a: Tyranitar|0 fnt\n|faint|p2a: Tyranitar\n|\n|-weather|Sandstorm|[upkeep]\n|-damage|p1a: Tapu Lele|51\/100|[from] Sandstorm\n|upkeep\n|\n|t:|1605098160\n|switch|p2a: Dracozolt|Dracozolt|100\/100\n|-damage|p2a: Dracozolt|88\/100|[from] Stealth Rock\n|turn|23\n|\n|t:|1605098168\n|switch|p1a: Tapu Fini|Tapu Fini|79\/100\n|-damage|p1a: Tapu Fini|66\/100|[from] Stealth Rock\n|-fieldstart|move: Misty Terrain|[from] ability: Misty Surge|[of] p1a: Tapu Fini\n|move|p2a: Dracozolt|Bolt Beak|p1a: Tapu Fini\n|-supereffective|p1a: Tapu Fini\n|-damage|p1a: Tapu Fini|0 fnt\n|-damage|p2a: Dracozolt|78\/100|[from] item: Life Orb\n|faint|p1a: Tapu Fini\n|\n|-weather|Sandstorm|[upkeep]\n|upkeep\n|\n|t:|1605098171\n|switch|p1a: Melmetal|Melmetal|100\/100\n|-damage|p1a: Melmetal|94\/100|[from] Stealth Rock\n|turn|24\n|\n|t:|1605098176\n|switch|p2a: Buzzwole|Buzzwole|82\/100 brn\n|-damage|p2a: Buzzwole|69\/100 brn|[from] Stealth Rock\n|move|p1a: Melmetal|Ice Punch|p2a: Buzzwole\n|-damage|p2a: Buzzwole|40\/100 brn\n|-damage|p1a: Melmetal|78\/100|[from] item: Rocky Helmet|[of] p2a: Buzzwole\n|\n|-weather|Sandstorm|[upkeep]\n|-damage|p2a: Buzzwole|34\/100 brn|[from] Sandstorm\n|-damage|p2a: Buzzwole|27\/100 brn|[from] brn\n|upkeep\n|turn|25\n|j| krooom\n|\n|t:|1605098191\n|switch|p1a: Tapu Lele|Tapu Lele|51\/100\n|-damage|p1a: Tapu Lele|39\/100|[from] Stealth Rock\n|-fieldstart|move: Psychic Terrain|[from] ability: Psychic Surge|[of] p1a: Tapu Lele\n|move|p2a: Buzzwole|Roost|p2a: Buzzwole\n|-heal|p2a: Buzzwole|77\/100 brn\n|-singleturn|p2a: Buzzwole|move: Roost\n|\n|-weather|Sandstorm|[upkeep]\n|-damage|p1a: Tapu Lele|33\/100|[from] Sandstorm\n|-damage|p2a: Buzzwole|71\/100 brn|[from] Sandstorm\n|-damage|p2a: Buzzwole|65\/100 brn|[from] brn\n|upkeep\n|turn|26\n|\n|t:|1605098211\n|switch|p2a: Zapdos|Zapdos|55\/100\n|move|p1a: Tapu Lele|Psychic|p2a: Zapdos\n|-damage|p2a: Zapdos|0 fnt\n|faint|p2a: Zapdos\n|\n|-weather|none\n|upkeep\n|\n|t:|1605098213\n|switch|p2a: Hippowdon|Hippowdon, M|70\/100\n|-damage|p2a: Hippowdon|64\/100|[from] Stealth Rock\n|-weather|Sandstorm|[from] ability: Sand Stream|[of] p2a: Hippowdon\n|turn|27\n|j| Glazou\n|\n|t:|1605098224\n|move|p1a: Tapu Lele|Psychic|p2a: Hippowdon\n|-damage|p2a: Hippowdon|0 fnt\n|faint|p2a: Hippowdon\n|\n|-weather|Sandstorm|[upkeep]\n|-damage|p1a: Tapu Lele|27\/100|[from] Sandstorm\n|upkeep\n|\n|t:|1605098226\n|switch|p2a: Dracozolt|Dracozolt|78\/100\n|-damage|p2a: Dracozolt|66\/100|[from] Stealth Rock\n|turn|28\n|\n|t:|1605098233\n|switch|p1a: Landorus|Landorus-Therian, M|37\/100\n|-damage|p1a: Landorus|24\/100|[from] Stealth Rock\n|-ability|p1a: Landorus|Intimidate|boost\n|-unboost|p2a: Dracozolt|atk|1\n|move|p2a: Dracozolt|Flamethrower|p1a: Landorus\n|-crit|p1a: Landorus\n|-damage|p1a: Landorus|0 fnt\n|-damage|p2a: Dracozolt|56\/100|[from] item: Life Orb\n|faint|p1a: Landorus\n|\n|-weather|Sandstorm|[upkeep]\n|upkeep\n|\n|t:|1605098238\n|switch|p1a: Melmetal|Melmetal|78\/100\n|-damage|p1a: Melmetal|72\/100|[from] Stealth Rock\n|turn|29\n|\n|t:|1605098247\n|switch|p2a: Buzzwole|Buzzwole|65\/100 brn\n|-damage|p2a: Buzzwole|53\/100 brn|[from] Stealth Rock\n|move|p1a: Melmetal|Double Iron Bash|p2a: Buzzwole\n|-damage|p2a: Buzzwole|12\/100 brn\n|-damage|p1a: Melmetal|55\/100|[from] item: Rocky Helmet|[of] p2a: Buzzwole\n|-damage|p2a: Buzzwole|0 fnt\n|-damage|p1a: Melmetal|38\/100|[from] item: Rocky Helmet|[of] p2a: Buzzwole\n|-hitcount|p2a: Buzzwole|2\n|faint|p2a: Buzzwole\n|\n|-weather|Sandstorm|[upkeep]\n|-fieldend|move: Psychic Terrain\n|upkeep\n|\n|t:|1605098250\n|switch|p2a: Dracozolt|Dracozolt|56\/100\n|-damage|p2a: Dracozolt|43\/100|[from] Stealth Rock\n|turn|30\n|\n|t:|1605098253\n|move|p2a: Dracozolt|Bolt Beak|p1a: Melmetal\n|-damage|p1a: Melmetal|0 fnt\n|-damage|p2a: Dracozolt|33\/100|[from] item: Life Orb\n|faint|p1a: Melmetal\n|\n|-weather|Sandstorm|[upkeep]\n|upkeep\n|\n|t:|1605098257\n|switch|p1a: Urshifu|Urshifu, M|100\/100\n|-damage|p1a: Urshifu|94\/100|[from] Stealth Rock\n|turn|31\n|\n|t:|1605098262\n|move|p1a: Urshifu|Sucker Punch|p2a: Dracozolt\n|-damage|p2a: Dracozolt|0 fnt\n|-damage|p1a: Urshifu|84\/100|[from] item: Life Orb\n|faint|p2a: Dracozolt\n|\n|win|ChiefBoom\n|c|\u2606ChiefBoom|gg\n|l|\u2606BugCatcherWeevil\n|raw|ChiefBoom's rating: 1789 &rarr; <strong>1808<\/strong><br \/>(+19 for winning)\n|raw|BugCatcherWeevil's rating: 1769 &rarr; <strong>1750<\/strong><br \/>(-19 for losing)\n|l| Commando 55\n","uploadtime":1605098273,"views":21,"p1id":"chiefboom","p2id":"bugcatcherweevil","formatid":"gen8ou","rating":1750,"private":0,"password":null}