{"id":"gen8ou-1534748931","p1":"lebanesestinker","p2":"Trans Marill","format":"gen8ou","log":"|j|\u2606lebanesestinker\n|j|\u2606Trans Marill\n|t:|1647789324\n|gametype|singles\n|player|p1|lebanesestinker|li|1456\n|player|p2|Trans Marill|pokemonbreederf-gen4|1520\n|teamsize|p1|6\n|teamsize|p2|6\n|gen|8\n|tier|[Gen 8] OU\n|rated|\n|rule|Sleep Clause Mod: Limit one foe put to sleep\n|rule|Species Clause: Limit one of each Pok\u00e9mon\n|rule|OHKO Clause: OHKO moves are banned\n|rule|Evasion Moves Clause: Evasion moves are banned\n|rule|Endless Battle Clause: Forcing endless battles is banned\n|rule|HP Percentage Mod: HP is shown in percentages\n|rule|Dynamax Clause: You cannot dynamax\n|clearpoke\n|poke|p1|Grimmsnarl, M|\n|poke|p1|Garchomp, F|\n|poke|p1|Slowbro-Galar, M|\n|poke|p1|Dragonite, F|\n|poke|p1|Volcarona, F|\n|poke|p1|Jirachi|\n|poke|p2|Pyukumuku, M|\n|poke|p2|Ditto|\n|poke|p2|Mew|\n|poke|p2|Snorlax, F|\n|poke|p2|Goodra, M|\n|poke|p2|Moltres|\n|teampreview\n|inactive|Battle timer is ON: inactive players will automatically lose when time's up. (requested by lebanesestinker)\n|\n|t:|1647789349\n|start\n|switch|p1a: Grimmsnarl|Grimmsnarl, M|100\/100\n|switch|p2a: Snorlax|Snorlax, F|100\/100\n|turn|1\n|\n|t:|1647789352\n|move|p1a: Grimmsnarl|Taunt|p2a: Snorlax\n|-start|p2a: Snorlax|move: Taunt\n|move|p2a: Snorlax|Body Slam|p1a: Grimmsnarl\n|-damage|p1a: Grimmsnarl|60\/100\n|\n|upkeep\n|turn|2\n|\n|t:|1647789354\n|move|p1a: Grimmsnarl|Reflect|p1a: Grimmsnarl\n|-sidestart|p1: lebanesestinker|Reflect\n|move|p2a: Snorlax|Body Slam|p1a: Grimmsnarl\n|-damage|p1a: Grimmsnarl|38\/100\n|-status|p1a: Grimmsnarl|par\n|\n|upkeep\n|turn|3\n|\n|t:|1647789356\n|move|p1a: Grimmsnarl|Light Screen|p1a: Grimmsnarl\n|-sidestart|p1: lebanesestinker|move: Light Screen\n|move|p2a: Snorlax|Body Slam|p1a: Grimmsnarl\n|-damage|p1a: Grimmsnarl|16\/100 par\n|\n|-end|p2a: Snorlax|move: Taunt\n|upkeep\n|turn|4\n|\n|t:|1647789358\n|move|p1a: Grimmsnarl|Taunt|p2a: Snorlax\n|-start|p2a: Snorlax|move: Taunt\n|cant|p2a: Snorlax|move: Taunt|Curse\n|\n|upkeep\n|turn|5\n|\n|t:|1647789366\n|switch|p1a: Slowbro|Slowbro-Galar, M|100\/100\n|move|p2a: Snorlax|Body Slam|p1a: Slowbro\n|-damage|p1a: Slowbro|86\/100\n|-status|p1a: Slowbro|par\n|\n|upkeep\n|turn|6\n|\n|t:|1647789376\n|move|p2a: Snorlax|Darkest Lariat|p1a: Slowbro\n|-supereffective|p1a: Slowbro\n|-damage|p1a: Slowbro|67\/100 par\n|move|p1a: Slowbro|Nasty Plot|p1a: Slowbro\n|-boost|p1a: Slowbro|spa|2\n|\n|-end|p2a: Snorlax|move: Taunt\n|upkeep\n|turn|7\n|-activate|p1a: Slowbro|item: Quick Claw\n|\n|t:|1647789383\n|switch|p2a: Pyukumuku|Pyukumuku, M|100\/100\n|move|p1a: Slowbro|Psyshock|p2a: Pyukumuku\n|-damage|p2a: Pyukumuku|74\/100\n|\n|upkeep\n|turn|8\n|-activate|p1a: Slowbro|ability: Quick Draw\n|\n|t:|1647789391\n|move|p1a: Slowbro|Sludge Bomb|p2a: Pyukumuku\n|-damage|p2a: Pyukumuku|37\/100\n|move|p2a: Pyukumuku|Recover|p2a: Pyukumuku\n|-heal|p2a: Pyukumuku|87\/100\n|\n|upkeep\n|turn|9\n|\n|t:|1647789398\n|cant|p1a: Slowbro|par\n|move|p2a: Pyukumuku|Block|p1a: Slowbro\n|-activate|p1a: Slowbro|trapped\n|\n|-sideend|p1: lebanesestinker|Reflect\n|upkeep\n|turn|10\n|-activate|p1a: Slowbro|ability: Quick Draw\n|\n|t:|1647789402\n|cant|p1a: Slowbro|par\n|move|p2a: Pyukumuku|Taunt|p1a: Slowbro\n|-start|p1a: Slowbro|move: Taunt\n|\n|-sideend|p1: lebanesestinker|move: Light Screen\n|upkeep\n|turn|11\n|\n|t:|1647789406\n|move|p1a: Slowbro|Sludge Bomb|p2a: Pyukumuku\n|-damage|p2a: Pyukumuku|51\/100\n|-status|p2a: Pyukumuku|psn\n|move|p2a: Pyukumuku|Recover|p2a: Pyukumuku\n|-heal|p2a: Pyukumuku|100\/100 psn\n|\n|-damage|p2a: Pyukumuku|88\/100 psn|[from] psn\n|upkeep\n|turn|12\n|\n|t:|1647789412\n|move|p1a: Slowbro|Sludge Bomb|p2a: Pyukumuku\n|-damage|p2a: Pyukumuku|49\/100 psn\n|move|p2a: Pyukumuku|Recover|p2a: Pyukumuku\n|-heal|p2a: Pyukumuku|99\/100 psn\n|\n|-damage|p2a: Pyukumuku|86\/100 psn|[from] psn\n|upkeep\n|turn|13\n|-activate|p1a: Slowbro|ability: Quick Draw\n|\n|t:|1647789417\n|move|p1a: Slowbro|Flamethrower|p2a: Pyukumuku\n|-resisted|p2a: Pyukumuku\n|-damage|p2a: Pyukumuku|75\/100 psn\n|move|p2a: Pyukumuku|Recover|p2a: Pyukumuku\n|-heal|p2a: Pyukumuku|100\/100 psn\n|\n|-damage|p2a: Pyukumuku|88\/100 psn|[from] psn\n|-end|p1a: Slowbro|move: Taunt\n|upkeep\n|turn|14\n|-activate|p1a: Slowbro|ability: Quick Draw\n|\n|t:|1647789423\n|cant|p1a: Slowbro|par\n|move|p2a: Pyukumuku|Recover|p2a: Pyukumuku\n|-heal|p2a: Pyukumuku|100\/100 psn\n|\n|-damage|p2a: Pyukumuku|88\/100 psn|[from] psn\n|upkeep\n|turn|15\n|\n|t:|1647789427\n|move|p1a: Slowbro|Nasty Plot|p1a: Slowbro\n|-boost|p1a: Slowbro|spa|2\n|move|p2a: Pyukumuku|Recover|p2a: Pyukumuku\n|-heal|p2a: Pyukumuku|100\/100 psn\n|\n|-damage|p2a: Pyukumuku|88\/100 psn|[from] psn\n|upkeep\n|turn|16\n|c|\u2606Trans Marill|Jesus what are quick draw\u2019s odds?\n|\n|t:|1647789439\n|cant|p1a: Slowbro|par\n|move|p2a: Pyukumuku|Recover|p2a: Pyukumuku\n|-heal|p2a: Pyukumuku|100\/100 psn\n|\n|-damage|p2a: Pyukumuku|88\/100 psn|[from] psn\n|upkeep\n|turn|17\n|\n|t:|1647789442\n|move|p1a: Slowbro|Nasty Plot|p1a: Slowbro\n|-boost|p1a: Slowbro|spa|2\n|move|p2a: Pyukumuku|Recover|p2a: Pyukumuku\n|-heal|p2a: Pyukumuku|100\/100 psn\n|\n|-damage|p2a: Pyukumuku|88\/100 psn|[from] psn\n|upkeep\n|turn|18\n|-activate|p1a: Slowbro|ability: Quick Draw\n|\n|t:|1647789445\n|move|p1a: Slowbro|Flamethrower|p2a: Pyukumuku\n|-resisted|p2a: Pyukumuku\n|-damage|p2a: Pyukumuku|75\/100 psn\n|move|p2a: Pyukumuku|Taunt|p1a: Slowbro\n|-start|p1a: Slowbro|move: Taunt\n|\n|-damage|p2a: Pyukumuku|63\/100 psn|[from] psn\n|upkeep\n|turn|19\n|\n|t:|1647789452\n|move|p1a: Slowbro|Flamethrower|p2a: Pyukumuku\n|-resisted|p2a: Pyukumuku\n|-damage|p2a: Pyukumuku|51\/100 psn\n|move|p2a: Pyukumuku|Recover|p2a: Pyukumuku\n|-heal|p2a: Pyukumuku|100\/100 psn\n|\n|-damage|p2a: Pyukumuku|88\/100 psn|[from] psn\n|upkeep\n|turn|20\n|\n|t:|1647789457\n|move|p1a: Slowbro|Flamethrower|p2a: Pyukumuku\n|-resisted|p2a: Pyukumuku\n|-damage|p2a: Pyukumuku|76\/100 psn\n|move|p2a: Pyukumuku|Recover|p2a: Pyukumuku\n|-heal|p2a: Pyukumuku|100\/100 psn\n|\n|-damage|p2a: Pyukumuku|88\/100 psn|[from] psn\n|upkeep\n|turn|21\n|-activate|p1a: Slowbro|ability: Quick Draw\n|\n|t:|1647789461\n|move|p1a: Slowbro|Flamethrower|p2a: Pyukumuku\n|-resisted|p2a: Pyukumuku\n|-damage|p2a: Pyukumuku|75\/100 psn\n|move|p2a: Pyukumuku|Recover|p2a: Pyukumuku\n|-heal|p2a: Pyukumuku|100\/100 psn\n|\n|-damage|p2a: Pyukumuku|88\/100 psn|[from] psn\n|-end|p1a: Slowbro|move: Taunt\n|upkeep\n|turn|22\n|\n|t:|1647789467\n|move|p1a: Slowbro|Nasty Plot|p1a: Slowbro\n|-boost|p1a: Slowbro|spa|0\n|move|p2a: Pyukumuku|Recover|p2a: Pyukumuku\n|-heal|p2a: Pyukumuku|100\/100 psn\n|\n|-damage|p2a: Pyukumuku|88\/100 psn|[from] psn\n|upkeep\n|turn|23\n|\n|t:|1647789473\n|move|p1a: Slowbro|Sludge Bomb|p2a: Pyukumuku\n|-damage|p2a: Pyukumuku|53\/100 psn\n|move|p2a: Pyukumuku|Recover|p2a: Pyukumuku\n|-heal|p2a: Pyukumuku|100\/100 psn\n|\n|-damage|p2a: Pyukumuku|88\/100 psn|[from] psn\n|upkeep\n|turn|24\n|\n|t:|1647789478\n|move|p1a: Slowbro|Nasty Plot|p1a: Slowbro\n|-boost|p1a: Slowbro|spa|0\n|move|p2a: Pyukumuku|Taunt|p1a: Slowbro\n|-start|p1a: Slowbro|move: Taunt\n|\n|-damage|p2a: Pyukumuku|76\/100 psn|[from] psn\n|upkeep\n|turn|25\n|\n|t:|1647789481\n|move|p1a: Slowbro|Sludge Bomb|p2a: Pyukumuku\n|-damage|p2a: Pyukumuku|37\/100 psn\n|move|p2a: Pyukumuku|Recover|p2a: Pyukumuku\n|-heal|p2a: Pyukumuku|87\/100 psn\n|\n|-damage|p2a: Pyukumuku|75\/100 psn|[from] psn\n|upkeep\n|turn|26\n|\n|t:|1647789485\n|move|p1a: Slowbro|Flamethrower|p2a: Pyukumuku\n|-resisted|p2a: Pyukumuku\n|-damage|p2a: Pyukumuku|63\/100 psn\n|move|p2a: Pyukumuku|Recover|p2a: Pyukumuku\n|-heal|p2a: Pyukumuku|100\/100 psn\n|\n|-damage|p2a: Pyukumuku|88\/100 psn|[from] psn\n|upkeep\n|turn|27\n|\n|t:|1647789489\n|cant|p1a: Slowbro|par\n|move|p2a: Pyukumuku|Recover|p2a: Pyukumuku\n|-heal|p2a: Pyukumuku|100\/100 psn\n|-enditem|p2a: Pyukumuku|Leppa Berry|[eat]\n|-activate|p2a: Pyukumuku|item: Leppa Berry|Recover|[consumed]\n|\n|-damage|p2a: Pyukumuku|88\/100 psn|[from] psn\n|-end|p1a: Slowbro|move: Taunt\n|upkeep\n|turn|28\n|\n|t:|1647789493\n|cant|p1a: Slowbro|par\n|move|p2a: Pyukumuku|Taunt|p1a: Slowbro\n|-start|p1a: Slowbro|move: Taunt\n|\n|-damage|p2a: Pyukumuku|76\/100 psn|[from] psn\n|upkeep\n|turn|29\n|-activate|p1a: Slowbro|item: Quick Claw\n|\n|t:|1647789496\n|move|p1a: Slowbro|Flamethrower|p2a: Pyukumuku\n|-resisted|p2a: Pyukumuku\n|-damage|p2a: Pyukumuku|64\/100 psn\n|move|p2a: Pyukumuku|Recover|p2a: Pyukumuku\n|-heal|p2a: Pyukumuku|100\/100 psn\n|\n|-damage|p2a: Pyukumuku|88\/100 psn|[from] psn\n|upkeep\n|turn|30\n|\n|t:|1647789502\n|move|p1a: Slowbro|Flamethrower|p2a: Pyukumuku\n|-resisted|p2a: Pyukumuku\n|-damage|p2a: Pyukumuku|75\/100 psn\n|move|p2a: Pyukumuku|Recover|p2a: Pyukumuku\n|-heal|p2a: Pyukumuku|100\/100 psn\n|\n|-damage|p2a: Pyukumuku|88\/100 psn|[from] psn\n|upkeep\n|turn|31\n|-activate|p1a: Slowbro|ability: Quick Draw\n|\n|t:|1647789505\n|move|p1a: Slowbro|Flamethrower|p2a: Pyukumuku\n|-resisted|p2a: Pyukumuku\n|-damage|p2a: Pyukumuku|77\/100 psn\n|move|p2a: Pyukumuku|Recover|p2a: Pyukumuku\n|-heal|p2a: Pyukumuku|100\/100 psn\n|\n|-damage|p2a: Pyukumuku|88\/100 psn|[from] psn\n|-end|p1a: Slowbro|move: Taunt\n|upkeep\n|turn|32\n|\n|t:|1647789510\n|move|p1a: Slowbro|Flamethrower|p2a: Pyukumuku\n|-resisted|p2a: Pyukumuku\n|-damage|p2a: Pyukumuku|77\/100 psn\n|move|p2a: Pyukumuku|Taunt|p1a: Slowbro\n|-start|p1a: Slowbro|move: Taunt\n|\n|-damage|p2a: Pyukumuku|64\/100 psn|[from] psn\n|upkeep\n|turn|33\n|-activate|p1a: Slowbro|ability: Quick Draw\n|\n|t:|1647789516\n|move|p1a: Slowbro|Flamethrower|p2a: Pyukumuku\n|-resisted|p2a: Pyukumuku\n|-damage|p2a: Pyukumuku|53\/100 psn\n|move|p2a: Pyukumuku|Recover|p2a: Pyukumuku\n|-heal|p2a: Pyukumuku|100\/100 psn\n|\n|-damage|p2a: Pyukumuku|88\/100 psn|[from] psn\n|upkeep\n|turn|34\n|\n|t:|1647789522\n|cant|p1a: Slowbro|par\n|move|p2a: Pyukumuku|Recycle|p2a: Pyukumuku\n|-item|p2a: Pyukumuku|Leppa Berry|[from] move: Recycle\n|\n|-damage|p2a: Pyukumuku|76\/100 psn|[from] psn\n|upkeep\n|turn|35\n|\n|t:|1647789527\n|move|p1a: Slowbro|Sludge Bomb|p2a: Pyukumuku\n|-damage|p2a: Pyukumuku|38\/100 psn\n|move|p2a: Pyukumuku|Recover|p2a: Pyukumuku\n|-heal|p2a: Pyukumuku|88\/100 psn\n|\n|-damage|p2a: Pyukumuku|76\/100 psn|[from] psn\n|-end|p1a: Slowbro|move: Taunt\n|upkeep\n|turn|36\n|\n|t:|1647789531\n|move|p1a: Slowbro|Psyshock|p2a: Pyukumuku\n|-damage|p2a: Pyukumuku|50\/100 psn\n|move|p2a: Pyukumuku|Recover|p2a: Pyukumuku\n|-heal|p2a: Pyukumuku|100\/100 psn\n|\n|-damage|p2a: Pyukumuku|88\/100 psn|[from] psn\n|upkeep\n|turn|37\n|-activate|p1a: Slowbro|ability: Quick Draw\n|\n|t:|1647789535\n|move|p1a: Slowbro|Psyshock|p2a: Pyukumuku\n|-damage|p2a: Pyukumuku|61\/100 psn\n|move|p2a: Pyukumuku|Recover|p2a: Pyukumuku\n|-heal|p2a: Pyukumuku|100\/100 psn\n|\n|-damage|p2a: Pyukumuku|88\/100 psn|[from] psn\n|upkeep\n|turn|38\n|inactive|lebanesestinker has 120 seconds left.\n|inactive|lebanesestinker has 90 seconds left.\n|\n|t:|1647789596\n|move|p1a: Slowbro|Flamethrower|p2a: Pyukumuku\n|-resisted|p2a: Pyukumuku\n|-damage|p2a: Pyukumuku|75\/100 psn\n|move|p2a: Pyukumuku|Taunt|p1a: Slowbro\n|-start|p1a: Slowbro|move: Taunt\n|\n|-damage|p2a: Pyukumuku|63\/100 psn|[from] psn\n|upkeep\n|turn|39\n|inactive|lebanesestinker has 90 seconds left.\n|\n|t:|1647789607\n|move|p1a: Slowbro|Psyshock|p2a: Pyukumuku\n|-damage|p2a: Pyukumuku|37\/100 psn\n|move|p2a: Pyukumuku|Recover|p2a: Pyukumuku\n|-heal|p2a: Pyukumuku|87\/100 psn\n|\n|-damage|p2a: Pyukumuku|75\/100 psn|[from] psn\n|upkeep\n|turn|40\n|\n|t:|1647789611\n|move|p1a: Slowbro|Sludge Bomb|p2a: Pyukumuku\n|-damage|p2a: Pyukumuku|38\/100 psn\n|move|p2a: Pyukumuku|Recover|p2a: Pyukumuku\n|-heal|p2a: Pyukumuku|88\/100 psn\n|\n|-damage|p2a: Pyukumuku|76\/100 psn|[from] psn\n|upkeep\n|turn|41\n|inactive|lebanesestinker has 90 seconds left.\n|-activate|p1a: Slowbro|ability: Quick Draw\n|\n|t:|1647789643\n|move|p1a: Slowbro|Psyshock|p2a: Pyukumuku\n|-damage|p2a: Pyukumuku|49\/100 psn\n|move|p2a: Pyukumuku|Recover|p2a: Pyukumuku\n|-heal|p2a: Pyukumuku|99\/100 psn\n|-enditem|p2a: Pyukumuku|Leppa Berry|[eat]\n|-activate|p2a: Pyukumuku|item: Leppa Berry|Recover|[consumed]\n|\n|-damage|p2a: Pyukumuku|87\/100 psn|[from] psn\n|-end|p1a: Slowbro|move: Taunt\n|upkeep\n|turn|42\n|\n|t:|1647789652\n|move|p1a: Slowbro|Nasty Plot|p1a: Slowbro\n|-boost|p1a: Slowbro|spa|0\n|move|p2a: Pyukumuku|Recycle|p2a: Pyukumuku\n|-item|p2a: Pyukumuku|Leppa Berry|[from] move: Recycle\n|\n|-damage|p2a: Pyukumuku|74\/100 psn|[from] psn\n|upkeep\n|turn|43\n|inactive|lebanesestinker has 90 seconds left.\n|-activate|p1a: Slowbro|item: Quick Claw\n|\n|t:|1647789676\n|move|p1a: Slowbro|Nasty Plot|p1a: Slowbro\n|-boost|p1a: Slowbro|spa|0\n|move|p2a: Pyukumuku|Recover|p2a: Pyukumuku\n|-heal|p2a: Pyukumuku|100\/100 psn\n|\n|-damage|p2a: Pyukumuku|88\/100 psn|[from] psn\n|upkeep\n|turn|44\n|\n|t:|1647789679\n|move|p1a: Slowbro|Nasty Plot|p1a: Slowbro\n|-boost|p1a: Slowbro|spa|0\n|move|p2a: Pyukumuku|Taunt|p1a: Slowbro\n|-start|p1a: Slowbro|move: Taunt\n|\n|-damage|p2a: Pyukumuku|76\/100 psn|[from] psn\n|upkeep\n|turn|45\n|inactive|lebanesestinker has 90 seconds left.\n|\n|t:|1647789711\n|move|p1a: Slowbro|Psyshock|p2a: Pyukumuku\n|-damage|p2a: Pyukumuku|52\/100 psn\n|move|p2a: Pyukumuku|Recover|p2a: Pyukumuku\n|-heal|p2a: Pyukumuku|100\/100 psn\n|\n|-damage|p2a: Pyukumuku|88\/100 psn|[from] psn\n|upkeep\n|turn|46\n|-activate|p1a: Slowbro|ability: Quick Draw\n|\n|t:|1647789714\n|move|p1a: Slowbro|Sludge Bomb|p2a: Pyukumuku\n|-damage|p2a: Pyukumuku|50\/100 psn\n|move|p2a: Pyukumuku|Recover|p2a: Pyukumuku\n|-heal|p2a: Pyukumuku|99\/100 psn\n|\n|-damage|p2a: Pyukumuku|87\/100 psn|[from] psn\n|upkeep\n|turn|47\n|-activate|p1a: Slowbro|item: Quick Claw\n|\n|t:|1647789717\n|move|p1a: Slowbro|Flamethrower|p2a: Pyukumuku\n|-resisted|p2a: Pyukumuku\n|-damage|p2a: Pyukumuku|74\/100 psn\n|move|p2a: Pyukumuku|Recover|p2a: Pyukumuku\n|-heal|p2a: Pyukumuku|100\/100 psn\n|\n|-damage|p2a: Pyukumuku|88\/100 psn|[from] psn\n|-end|p1a: Slowbro|move: Taunt\n|upkeep\n|turn|48\n|inactive|lebanesestinker has 90 seconds left.\n|\n|t:|1647789731\n|move|p1a: Slowbro|Flamethrower|p2a: Pyukumuku\n|-resisted|p2a: Pyukumuku\n|-damage|p2a: Pyukumuku|75\/100 psn\n|move|p2a: Pyukumuku|Taunt|p1a: Slowbro\n|-start|p1a: Slowbro|move: Taunt\n|\n|-damage|p2a: Pyukumuku|63\/100 psn|[from] psn\n|upkeep\n|turn|49\n|inactive|lebanesestinker has 90 seconds left.\n|-activate|p1a: Slowbro|ability: Quick Draw\n|\n|t:|1647789754\n|move|p1a: Slowbro|Flamethrower|p2a: Pyukumuku\n|-resisted|p2a: Pyukumuku\n|-damage|p2a: Pyukumuku|50\/100 psn\n|move|p2a: Pyukumuku|Recover|p2a: Pyukumuku\n|-heal|p2a: Pyukumuku|99\/100 psn\n|\n|-damage|p2a: Pyukumuku|88\/100 psn|[from] psn\n|upkeep\n|turn|50\n|\n|t:|1647789759\n|move|p1a: Slowbro|Flamethrower|p2a: Pyukumuku\n|-resisted|p2a: Pyukumuku\n|-damage|p2a: Pyukumuku|75\/100 psn\n|move|p2a: Pyukumuku|Recover|p2a: Pyukumuku\n|-heal|p2a: Pyukumuku|100\/100 psn\n|\n|-damage|p2a: Pyukumuku|88\/100 psn|[from] psn\n|upkeep\n|turn|51\n|inactive|lebanesestinker has 90 seconds left.\n|-activate|p1a: Slowbro|ability: Quick Draw\n|\n|t:|1647789765\n|move|p1a: Slowbro|Flamethrower|p2a: Pyukumuku\n|-resisted|p2a: Pyukumuku\n|-damage|p2a: Pyukumuku|76\/100 psn\n|move|p2a: Pyukumuku|Recover|p2a: Pyukumuku\n|-heal|p2a: Pyukumuku|100\/100 psn\n|\n|-damage|p2a: Pyukumuku|88\/100 psn|[from] psn\n|-end|p1a: Slowbro|move: Taunt\n|upkeep\n|turn|52\n|\n|t:|1647789769\n|move|p1a: Slowbro|Flamethrower|p2a: Pyukumuku\n|-resisted|p2a: Pyukumuku\n|-damage|p2a: Pyukumuku|77\/100 psn\n|move|p2a: Pyukumuku|Taunt|p1a: Slowbro\n|-start|p1a: Slowbro|move: Taunt\n|\n|-damage|p2a: Pyukumuku|64\/100 psn|[from] psn\n|upkeep\n|turn|53\n|\n|t:|1647789772\n|move|p1a: Slowbro|Flamethrower|p2a: Pyukumuku\n|-resisted|p2a: Pyukumuku\n|-damage|p2a: Pyukumuku|52\/100 psn\n|move|p2a: Pyukumuku|Recover|p2a: Pyukumuku\n|-heal|p2a: Pyukumuku|100\/100 psn\n|\n|-damage|p2a: Pyukumuku|88\/100 psn|[from] psn\n|upkeep\n|turn|54\n|inactive|lebanesestinker has 90 seconds left.\n|\n|t:|1647789816\n|move|p1a: Slowbro|Flamethrower|p2a: Pyukumuku\n|-resisted|p2a: Pyukumuku\n|-damage|p2a: Pyukumuku|75\/100 psn\n|move|p2a: Pyukumuku|Recover|p2a: Pyukumuku\n|-heal|p2a: Pyukumuku|100\/100 psn\n|\n|-damage|p2a: Pyukumuku|88\/100 psn|[from] psn\n|upkeep\n|turn|55\n|inactive|lebanesestinker has 60 seconds left.\n|inactive|lebanesestinker has 30 seconds left.\n|inactive|lebanesestinker has 20 seconds left.\n|inactive|lebanesestinker has 15 seconds left.\n|inactive|lebanesestinker has 10 seconds left.\n|\n|t:|1647789896\n|move|p1a: Slowbro|Flamethrower|p2a: Pyukumuku\n|-resisted|p2a: Pyukumuku\n|-damage|p2a: Pyukumuku|75\/100 psn\n|move|p2a: Pyukumuku|Recover|p2a: Pyukumuku\n|-heal|p2a: Pyukumuku|100\/100 psn\n|-enditem|p2a: Pyukumuku|Leppa Berry|[eat]\n|-activate|p2a: Pyukumuku|item: Leppa Berry|Recover|[consumed]\n|\n|-damage|p2a: Pyukumuku|88\/100 psn|[from] psn\n|-end|p1a: Slowbro|move: Taunt\n|upkeep\n|turn|56\n|inactive|lebanesestinker has 20 seconds left this turn.\n|-activate|p1a: Slowbro|ability: Quick Draw\n|\n|t:|1647789900\n|move|p1a: Slowbro|Psyshock|p2a: Pyukumuku\n|-damage|p2a: Pyukumuku|63\/100 psn\n|move|p2a: Pyukumuku|Recover|p2a: Pyukumuku\n|-heal|p2a: Pyukumuku|100\/100 psn\n|\n|-damage|p2a: Pyukumuku|88\/100 psn|[from] psn\n|upkeep\n|turn|57\n|inactive|lebanesestinker has 30 seconds left this turn.\n|\n|t:|1647789902\n|move|p1a: Slowbro|Nasty Plot|p1a: Slowbro\n|-boost|p1a: Slowbro|spa|0\n|move|p2a: Pyukumuku|Taunt|p1a: Slowbro\n|-start|p1a: Slowbro|move: Taunt\n|\n|-damage|p2a: Pyukumuku|76\/100 psn|[from] psn\n|upkeep\n|turn|58\n|\n|t:|1647789905\n|move|p1a: Slowbro|Psyshock|p2a: Pyukumuku\n|-damage|p2a: Pyukumuku|51\/100 psn\n|move|p2a: Pyukumuku|Recover|p2a: Pyukumuku\n|-heal|p2a: Pyukumuku|100\/100 psn\n|\n|-damage|p2a: Pyukumuku|88\/100 psn|[from] psn\n|upkeep\n|turn|59\n|-activate|p1a: Slowbro|ability: Quick Draw\n|\n|t:|1647789907\n|move|p1a: Slowbro|Sludge Bomb|p2a: Pyukumuku\n|-damage|p2a: Pyukumuku|54\/100 psn\n|move|p2a: Pyukumuku|Recover|p2a: Pyukumuku\n|-heal|p2a: Pyukumuku|100\/100 psn\n|\n|-damage|p2a: Pyukumuku|88\/100 psn|[from] psn\n|upkeep\n|turn|60\n|\n|t:|1647789910\n|cant|p1a: Slowbro|par\n|move|p2a: Pyukumuku|Recycle|p2a: Pyukumuku\n|-item|p2a: Pyukumuku|Leppa Berry|[from] move: Recycle\n|\n|-damage|p2a: Pyukumuku|76\/100 psn|[from] psn\n|-end|p1a: Slowbro|move: Taunt\n|upkeep\n|turn|61\n|\n|t:|1647789914\n|move|p1a: Slowbro|Nasty Plot|p1a: Slowbro\n|-boost|p1a: Slowbro|spa|0\n|move|p2a: Pyukumuku|Recover|p2a: Pyukumuku\n|-heal|p2a: Pyukumuku|100\/100 psn\n|\n|-damage|p2a: Pyukumuku|88\/100 psn|[from] psn\n|upkeep\n|turn|62\n|\n|t:|1647789930\n|move|p1a: Slowbro|Nasty Plot|p1a: Slowbro\n|-boost|p1a: Slowbro|spa|0\n|move|p2a: Pyukumuku|Taunt|p1a: Slowbro\n|-start|p1a: Slowbro|move: Taunt\n|\n|-damage|p2a: Pyukumuku|76\/100 psn|[from] psn\n|upkeep\n|turn|63\n|\n|t:|1647789934\n|move|p1a: Slowbro|Flamethrower|p2a: Pyukumuku\n|-resisted|p2a: Pyukumuku\n|-damage|p2a: Pyukumuku|63\/100 psn\n|move|p2a: Pyukumuku|Recover|p2a: Pyukumuku\n|-heal|p2a: Pyukumuku|100\/100 psn\n|\n|-damage|p2a: Pyukumuku|88\/100 psn|[from] psn\n|upkeep\n|turn|64\n|-activate|p1a: Slowbro|item: Quick Claw\n|\n|t:|1647789938\n|move|p1a: Slowbro|Flamethrower|p2a: Pyukumuku\n|-resisted|p2a: Pyukumuku\n|-damage|p2a: Pyukumuku|76\/100 psn\n|move|p2a: Pyukumuku|Recover|p2a: Pyukumuku\n|-heal|p2a: Pyukumuku|100\/100 psn\n|\n|-damage|p2a: Pyukumuku|88\/100 psn|[from] psn\n|upkeep\n|turn|65\n|-activate|p1a: Slowbro|ability: Quick Draw\n|\n|t:|1647789941\n|cant|p1a: Slowbro|par\n|move|p2a: Pyukumuku|Recover|p2a: Pyukumuku\n|-heal|p2a: Pyukumuku|100\/100 psn\n|\n|-damage|p2a: Pyukumuku|88\/100 psn|[from] psn\n|-end|p1a: Slowbro|move: Taunt\n|upkeep\n|turn|66\n|\n|t:|1647789952\n|cant|p1a: Slowbro|par\n|move|p2a: Pyukumuku|Taunt|p1a: Slowbro\n|-start|p1a: Slowbro|move: Taunt\n|\n|-damage|p2a: Pyukumuku|76\/100 psn|[from] psn\n|upkeep\n|turn|67\n|-activate|p1a: Slowbro|ability: Quick Draw\n|\n|t:|1647789955\n|move|p1a: Slowbro|Flamethrower|p2a: Pyukumuku\n|-resisted|p2a: Pyukumuku\n|-damage|p2a: Pyukumuku|63\/100 psn\n|move|p2a: Pyukumuku|Recover|p2a: Pyukumuku\n|-heal|p2a: Pyukumuku|100\/100 psn\n|\n|-damage|p2a: Pyukumuku|88\/100 psn|[from] psn\n|upkeep\n|turn|68\n|inactive|lebanesestinker has 90 seconds left.\n|\n|t:|1647789999\n|move|p1a: Slowbro|Sludge Bomb|p2a: Pyukumuku\n|-damage|p2a: Pyukumuku|53\/100 psn\n|move|p2a: Pyukumuku|Recover|p2a: Pyukumuku\n|-heal|p2a: Pyukumuku|100\/100 psn\n|\n|-damage|p2a: Pyukumuku|88\/100 psn|[from] psn\n|upkeep\n|turn|69\n|\n|t:|1647790001\n|move|p1a: Slowbro|Sludge Bomb|p2a: Pyukumuku\n|-damage|p2a: Pyukumuku|54\/100 psn\n|move|p2a: Pyukumuku|Recover|p2a: Pyukumuku\n|-heal|p2a: Pyukumuku|100\/100 psn\n|-enditem|p2a: Pyukumuku|Leppa Berry|[eat]\n|-activate|p2a: Pyukumuku|item: Leppa Berry|Recover|[consumed]\n|\n|-damage|p2a: Pyukumuku|88\/100 psn|[from] psn\n|-end|p1a: Slowbro|move: Taunt\n|upkeep\n|turn|70\n|-activate|p1a: Slowbro|item: Quick Claw\n|\n|t:|1647790004\n|move|p1a: Slowbro|Nasty Plot|p1a: Slowbro\n|-boost|p1a: Slowbro|spa|0\n|move|p2a: Pyukumuku|Taunt|p1a: Slowbro\n|-start|p1a: Slowbro|move: Taunt\n|\n|-damage|p2a: Pyukumuku|76\/100 psn|[from] psn\n|upkeep\n|turn|71\n|-activate|p1a: Slowbro|ability: Quick Draw\n|\n|t:|1647790012\n|move|p1a: Slowbro|Sludge Bomb|p2a: Pyukumuku\n|-damage|p2a: Pyukumuku|36\/100 psn\n|move|p2a: Pyukumuku|Recover|p2a: Pyukumuku\n|-heal|p2a: Pyukumuku|86\/100 psn\n|\n|-damage|p2a: Pyukumuku|74\/100 psn|[from] psn\n|upkeep\n|turn|72\n|\n|t:|1647790016\n|move|p1a: Slowbro|Sludge Bomb|p2a: Pyukumuku\n|-damage|p2a: Pyukumuku|39\/100 psn\n|move|p2a: Pyukumuku|Recover|p2a: Pyukumuku\n|-heal|p2a: Pyukumuku|89\/100 psn\n|\n|-damage|p2a: Pyukumuku|77\/100 psn|[from] psn\n|upkeep\n|turn|73\n|-activate|p1a: Slowbro|ability: Quick Draw\n|\n|t:|1647790041\n|move|p1a: Slowbro|Sludge Bomb|p2a: Pyukumuku\n|-damage|p2a: Pyukumuku|36\/100 psn\n|move|p2a: Pyukumuku|Recover|p2a: Pyukumuku\n|-heal|p2a: Pyukumuku|86\/100 psn\n|\n|-damage|p2a: Pyukumuku|74\/100 psn|[from] psn\n|-end|p1a: Slowbro|move: Taunt\n|upkeep\n|turn|74\n|inactive|lebanesestinker has 90 seconds left.\n|\n|t:|1647790061\n|move|p1a: Slowbro|Nasty Plot|p1a: Slowbro\n|-boost|p1a: Slowbro|spa|0\n|move|p2a: Pyukumuku|Recover|p2a: Pyukumuku\n|-heal|p2a: Pyukumuku|100\/100 psn\n|\n|-damage|p2a: Pyukumuku|88\/100 psn|[from] psn\n|upkeep\n|turn|75\n|-activate|p1a: Slowbro|item: Quick Claw\n|\n|t:|1647790062\n|move|p1a: Slowbro|Nasty Plot|p1a: Slowbro\n|-boost|p1a: Slowbro|spa|0\n|move|p2a: Pyukumuku|Recycle|p2a: Pyukumuku\n|-item|p2a: Pyukumuku|Leppa Berry|[from] move: Recycle\n|\n|-damage|p2a: Pyukumuku|76\/100 psn|[from] psn\n|upkeep\n|turn|76\n|\n|t:|1647790066\n|move|p1a: Slowbro|Nasty Plot|p1a: Slowbro\n|-boost|p1a: Slowbro|spa|0\n|move|p2a: Pyukumuku|Recover|p2a: Pyukumuku\n|-heal|p2a: Pyukumuku|100\/100 psn\n|\n|-damage|p2a: Pyukumuku|88\/100 psn|[from] psn\n|upkeep\n|turn|77\n|inactive|lebanesestinker has 90 seconds left.\n|\n|t:|1647790121\n|cant|p1a: Slowbro|par\n|move|p2a: Pyukumuku|Taunt|p1a: Slowbro\n|-start|p1a: Slowbro|move: Taunt\n|\n|-damage|p2a: Pyukumuku|76\/100 psn|[from] psn\n|upkeep\n|turn|78\n|-activate|p1a: Slowbro|ability: Quick Draw\n|\n|t:|1647790125\n|move|p1a: Slowbro|Sludge Bomb|p2a: Pyukumuku\n|-damage|p2a: Pyukumuku|36\/100 psn\n|move|p2a: Pyukumuku|Recover|p2a: Pyukumuku\n|-heal|p2a: Pyukumuku|86\/100 psn\n|\n|-damage|p2a: Pyukumuku|74\/100 psn|[from] psn\n|upkeep\n|turn|79\n|\n|t:|1647790129\n|move|p1a: Slowbro|Sludge Bomb|p2a: Pyukumuku\n|-damage|p2a: Pyukumuku|35\/100 psn\n|move|p2a: Pyukumuku|Recover|p2a: Pyukumuku\n|-heal|p2a: Pyukumuku|85\/100 psn\n|\n|-damage|p2a: Pyukumuku|72\/100 psn|[from] psn\n|upkeep\n|turn|80\n|inactive|lebanesestinker has 90 seconds left.\n|\n|t:|1647790147\n|move|p1a: Slowbro|Psyshock|p2a: Pyukumuku\n|-damage|p2a: Pyukumuku|45\/100 psn\n|move|p2a: Pyukumuku|Recover|p2a: Pyukumuku\n|-heal|p2a: Pyukumuku|95\/100 psn\n|\n|-damage|p2a: Pyukumuku|83\/100 psn|[from] psn\n|-end|p1a: Slowbro|move: Taunt\n|upkeep\n|turn|81\n|inactive|lebanesestinker has 90 seconds left.\n|\n|t:|1647790167\n|move|p1a: Slowbro|Nasty Plot|p1a: Slowbro\n|-boost|p1a: Slowbro|spa|0\n|move|p2a: Pyukumuku|Recover|p2a: Pyukumuku\n|-heal|p2a: Pyukumuku|100\/100 psn\n|\n|-damage|p2a: Pyukumuku|88\/100 psn|[from] psn\n|upkeep\n|turn|82\n|inactive|lebanesestinker has 60 seconds left.\n|\n|t:|1647790202\n|move|p1a: Slowbro|Psyshock|p2a: Pyukumuku\n|-damage|p2a: Pyukumuku|61\/100 psn\n|move|p2a: Pyukumuku|Taunt|p1a: Slowbro\n|-start|p1a: Slowbro|move: Taunt\n|\n|-damage|p2a: Pyukumuku|49\/100 psn|[from] psn\n|upkeep\n|turn|83\n|-activate|p1a: Slowbro|item: Quick Claw\n|\n|t:|1647790204\n|move|p1a: Slowbro|Psyshock|p2a: Pyukumuku\n|-damage|p2a: Pyukumuku|25\/100 psn\n|move|p2a: Pyukumuku|Recover|p2a: Pyukumuku\n|-heal|p2a: Pyukumuku|75\/100 psn\n|-enditem|p2a: Pyukumuku|Leppa Berry|[eat]\n|-activate|p2a: Pyukumuku|item: Leppa Berry|Recover|[consumed]\n|\n|-damage|p2a: Pyukumuku|62\/100 psn|[from] psn\n|upkeep\n|turn|84\n|\n|t:|1647790209\n|move|p1a: Slowbro|Psyshock|p2a: Pyukumuku\n|-damage|p2a: Pyukumuku|36\/100 psn\n|move|p2a: Pyukumuku|Recover|p2a: Pyukumuku\n|-heal|p2a: Pyukumuku|86\/100 psn\n|\n|-damage|p2a: Pyukumuku|74\/100 psn|[from] psn\n|upkeep\n|turn|85\n|-activate|p1a: Slowbro|ability: Quick Draw\n|\n|t:|1647790211\n|move|p1a: Slowbro|Psyshock|p2a: Pyukumuku\n|-damage|p2a: Pyukumuku|48\/100 psn\n|move|p2a: Pyukumuku|Recover|p2a: Pyukumuku\n|-heal|p2a: Pyukumuku|98\/100 psn\n|\n|-damage|p2a: Pyukumuku|86\/100 psn|[from] psn\n|-end|p1a: Slowbro|move: Taunt\n|upkeep\n|turn|86\n|-activate|p1a: Slowbro|item: Quick Claw\n|\n|t:|1647790215\n|cant|p1a: Slowbro|par\n|move|p2a: Pyukumuku|Recycle|p2a: Pyukumuku\n|-item|p2a: Pyukumuku|Leppa Berry|[from] move: Recycle\n|\n|-damage|p2a: Pyukumuku|73\/100 psn|[from] psn\n|upkeep\n|turn|87\n|\n|t:|1647790218\n|move|p1a: Slowbro|Psyshock|p2a: Pyukumuku\n|-damage|p2a: Pyukumuku|50\/100 psn\n|move|p2a: Pyukumuku|Taunt|p1a: Slowbro\n|-start|p1a: Slowbro|move: Taunt\n|\n|-damage|p2a: Pyukumuku|37\/100 psn|[from] psn\n|upkeep\n|turn|88\n|\n|t:|1647790219\n|move|p1a: Slowbro|Psyshock|p2a: Pyukumuku\n|-damage|p2a: Pyukumuku|13\/100 psn\n|move|p2a: Pyukumuku|Recover|p2a: Pyukumuku\n|-heal|p2a: Pyukumuku|63\/100 psn\n|\n|-damage|p2a: Pyukumuku|50\/100 psn|[from] psn\n|upkeep\n|turn|89\n|\n|t:|1647790221\n|move|p1a: Slowbro|Psyshock|p2a: Pyukumuku\n|-damage|p2a: Pyukumuku|26\/100 psn\n|move|p2a: Pyukumuku|Recover|p2a: Pyukumuku\n|-heal|p2a: Pyukumuku|76\/100 psn\n|\n|-damage|p2a: Pyukumuku|64\/100 psn|[from] psn\n|upkeep\n|turn|90\n|inactive|lebanesestinker has 120 seconds left.\n|-activate|p1a: Slowbro|ability: Quick Draw\n|\n|t:|1647790245\n|-activate|p1a: Slowbro|move: Struggle\n|move|p1a: Slowbro|Struggle|p2a: Pyukumuku\n|-damage|p2a: Pyukumuku|58\/100 psn\n|-damage|p1a: Slowbro|42\/100 par|[from] recoil\n|move|p2a: Pyukumuku|Recover|p2a: Pyukumuku\n|-heal|p2a: Pyukumuku|100\/100 psn\n|\n|-damage|p2a: Pyukumuku|88\/100 psn|[from] psn\n|-end|p1a: Slowbro|move: Taunt\n|upkeep\n|turn|91\n|\n|t:|1647790251\n|move|p1a: Slowbro|Nasty Plot|p1a: Slowbro\n|-boost|p1a: Slowbro|spa|0\n|move|p2a: Pyukumuku|Recover|p2a: Pyukumuku\n|-heal|p2a: Pyukumuku|100\/100 psn\n|\n|-damage|p2a: Pyukumuku|88\/100 psn|[from] psn\n|upkeep\n|turn|92\n|inactive|lebanesestinker has 120 seconds left.\n|\n|t:|1647790269\n|move|p1a: Slowbro|Nasty Plot|p1a: Slowbro\n|-boost|p1a: Slowbro|spa|0\n|move|p2a: Pyukumuku|Recover|p2a: Pyukumuku\n|-heal|p2a: Pyukumuku|100\/100 psn\n|\n|-damage|p2a: Pyukumuku|88\/100 psn|[from] psn\n|upkeep\n|turn|93\n|-activate|p1a: Slowbro|item: Quick Claw\n|\n|t:|1647790277\n|move|p1a: Slowbro|Nasty Plot|p1a: Slowbro\n|-boost|p1a: Slowbro|spa|0\n|move|p2a: Pyukumuku|Recover|p2a: Pyukumuku\n|-heal|p2a: Pyukumuku|100\/100 psn\n|\n|-damage|p2a: Pyukumuku|88\/100 psn|[from] psn\n|upkeep\n|turn|94\n|\n|t:|1647790285\n|move|p1a: Slowbro|Nasty Plot|p1a: Slowbro\n|-boost|p1a: Slowbro|spa|0\n|move|p2a: Pyukumuku|Recover|p2a: Pyukumuku\n|-heal|p2a: Pyukumuku|100\/100 psn\n|\n|-damage|p2a: Pyukumuku|88\/100 psn|[from] psn\n|upkeep\n|turn|95\n|\n|t:|1647790287\n|move|p1a: Slowbro|Nasty Plot|p1a: Slowbro\n|-boost|p1a: Slowbro|spa|0\n|move|p2a: Pyukumuku|Recover|p2a: Pyukumuku\n|-heal|p2a: Pyukumuku|100\/100 psn\n|-enditem|p2a: Pyukumuku|Leppa Berry|[eat]\n|-activate|p2a: Pyukumuku|item: Leppa Berry|Recover|[consumed]\n|\n|-damage|p2a: Pyukumuku|88\/100 psn|[from] psn\n|upkeep\n|turn|96\n|\n|t:|1647790289\n|cant|p1a: Slowbro|par\n|move|p2a: Pyukumuku|Recycle|p2a: Pyukumuku\n|-item|p2a: Pyukumuku|Leppa Berry|[from] move: Recycle\n|\n|-damage|p2a: Pyukumuku|76\/100 psn|[from] psn\n|upkeep\n|turn|97\n|\n|t:|1647790296\n|cant|p1a: Slowbro|par\n|move|p2a: Pyukumuku|Recover|p2a: Pyukumuku\n|-heal|p2a: Pyukumuku|100\/100 psn\n|\n|-damage|p2a: Pyukumuku|88\/100 psn|[from] psn\n|upkeep\n|turn|98\n|-activate|p1a: Slowbro|item: Quick Claw\n|\n|t:|1647790298\n|switch|p2a: Ditto|Ditto|100\/100\n|-transform|p2a: Ditto|p1a: Slowbro|[from] ability: Imposter\n|move|p1a: Slowbro|Nasty Plot|p1a: Slowbro\n|-boost|p1a: Slowbro|spa|0\n|\n|upkeep\n|turn|99\n|inactive|lebanesestinker has 120 seconds left.\n|\n|t:|1647790330\n|switch|p1a: Grimmsnarl|Grimmsnarl, M|16\/100 par\n|move|p2a: Ditto|Flamethrower|p1a: Grimmsnarl\n|-damage|p1a: Grimmsnarl|0 fnt\n|faint|p1a: Grimmsnarl\n|\n|upkeep\n|inactive|lebanesestinker has 120 seconds left.\n|\n|t:|1647790338\n|switch|p1a: Dragonite|Dragonite, F|100\/100\n|turn|100\n|\n|t:|1647790342\n|move|p1a: Dragonite|Dragon Dance|p1a: Dragonite\n|-boost|p1a: Dragonite|atk|1\n|-boost|p1a: Dragonite|spe|1\n|move|p2a: Ditto|Sludge Bomb|p1a: Dragonite\n|-damage|p1a: Dragonite|17\/100\n|\n|upkeep\n|turn|101\n|inactive|lebanesestinker has 120 seconds left.\n|-activate|p2a: Ditto|ability: Quick Draw\n|\n|t:|1647790364\n|move|p2a: Ditto|Psyshock|p1a: Dragonite\n|-damage|p1a: Dragonite|0 fnt\n|faint|p1a: Dragonite\n|\n|upkeep\n|inactive|lebanesestinker has 90 seconds left.\n|\n|t:|1647790412\n|switch|p1a: Garchomp|Garchomp, F|100\/100\n|turn|102\n|\n|t:|1647790416\n|move|p1a: Garchomp|Earthquake|p2a: Ditto\n|-supereffective|p2a: Ditto\n|-enditem|p2a: Ditto|Focus Sash\n|-damage|p2a: Ditto|1\/100\n|-damage|p1a: Garchomp|91\/100|[from] item: Life Orb\n|move|p2a: Ditto|Psyshock|p1a: Garchomp\n|-damage|p1a: Garchomp|0 fnt\n|faint|p1a: Garchomp\n|\n|upkeep\n|\n|t:|1647790422\n|switch|p1a: Slowbro|Slowbro-Galar, M|42\/100 par\n|turn|103\n|\n|t:|1647790425\n|move|p2a: Ditto|Flamethrower|p1a: Slowbro\n|-damage|p1a: Slowbro|0 fnt\n|faint|p1a: Slowbro\n|\n|upkeep\n|\n|t:|1647790427\n|switch|p1a: Volcarona|Volcarona, F|100\/100\n|turn|104\n|-activate|p2a: Ditto|ability: Quick Draw\n|\n|t:|1647790430\n|move|p2a: Ditto|Sludge Bomb|p1a: Volcarona\n|-damage|p1a: Volcarona|0 fnt\n|faint|p1a: Volcarona\n|\n|upkeep\n|inactive|lebanesestinker has 90 seconds left.\n|c|\u2606Trans Marill|Cool set\n|\n|t:|1647790457\n|switch|p1a: Jirachi|Jirachi|100\/100\n|turn|105\n|\n|t:|1647790460\n|move|p1a: Jirachi|Cosmic Power|p1a: Jirachi\n|-boost|p1a: Jirachi|def|1\n|-boost|p1a: Jirachi|spd|1\n|move|p2a: Ditto|Flamethrower|p1a: Jirachi\n|-supereffective|p1a: Jirachi\n|-damage|p1a: Jirachi|0 fnt\n|faint|p1a: Jirachi\n|\n|win|Trans Marill\n|raw|lebanesestinker's rating: 1456 &rarr; <strong>1440<\/strong><br \/>(-16 for losing)\n|raw|Trans Marill's rating: 1520 &rarr; <strong>1536<\/strong><br \/>(+16 for winning)\n","uploadtime":1647790466,"views":19,"p1id":"lebanesestinker","p2id":"transmarill","formatid":"gen8ou","rating":1440,"private":0,"password":null}