{"id":"gen8ou-1682489798","p1":"Who'sTheKing?","p2":"ty-tyui\u21bb","format":"gen8ou","log":"|j|\u2606Who'sTheKing?\n|j|\u2606ty-tyui\u21bb\n|t:|1665429507\n|gametype|singles\n|player|p1|Who'sTheKing?|janine|1519\n|player|p2|ty-tyui\u21bb|kamado|1533\n|teamsize|p1|6\n|teamsize|p2|6\n|gen|8\n|tier|[Gen 8] OU\n|rated|\n|rule|Sleep Clause Mod: Limit one foe put to sleep\n|rule|Species Clause: Limit one of each Pok\u00e9mon\n|rule|OHKO Clause: OHKO moves are banned\n|rule|Evasion Items Clause: Evasion items are banned\n|rule|Evasion Moves Clause: Evasion moves are banned\n|rule|Endless Battle Clause: Forcing endless battles is banned\n|rule|HP Percentage Mod: HP is shown in percentages\n|rule|Dynamax Clause: You cannot dynamax\n|clearpoke\n|poke|p1|Amoonguss, F|\n|poke|p1|Slowking, M|\n|poke|p1|Corviknight, M|\n|poke|p1|Weavile, F|\n|poke|p1|Garchomp, M|\n|poke|p1|Volcarona, M|\n|poke|p2|Mienshao, M|\n|poke|p2|Ninetales-Alola, F|\n|poke|p2|Blacephalon|\n|poke|p2|Landorus-Therian, M|\n|poke|p2|Corviknight, M|\n|poke|p2|Rotom-Wash|\n|teampreview\n|inactive|Battle timer is ON: inactive players will automatically lose when time's up. (requested by Who'sTheKing?)\n|\n|t:|1665429519\n|start\n|switch|p1a: Amoonguss|Amoonguss, F|100\/100\n|switch|p2a: Ninetales|Ninetales-Alola, F|100\/100\n|-weather|Hail|[from] ability: Snow Warning|[of] p2a: Ninetales\n|turn|1\n|\n|t:|1665429525\n|move|p2a: Ninetales|Blizzard|p1a: Amoonguss\n|-supereffective|p1a: Amoonguss\n|-damage|p1a: Amoonguss|1\/100\n|move|p1a: Amoonguss|Toxic|p2a: Ninetales\n|-status|p2a: Ninetales|tox\n|\n|-weather|Hail|[upkeep]\n|-damage|p1a: Amoonguss|0 fnt|[from] Hail\n|faint|p1a: Amoonguss\n|-damage|p2a: Ninetales|95\/100 tox|[from] psn\n|upkeep\n|\n|t:|1665429530\n|switch|p1a: Volcarona|Volcarona, M|100\/100\n|turn|2\n|\n|t:|1665429534\n|switch|p2a: Rotom|Rotom-Wash|100\/100\n|switch|p1a: Weavile|Weavile, F|100\/100\n|-ability|p1a: Weavile|Pressure\n|\n|-weather|Hail|[upkeep]\n|-damage|p2a: Rotom|94\/100|[from] Hail\n|-heal|p2a: Rotom|100\/100|[from] item: Leftovers\n|upkeep\n|turn|3\n|\n|t:|1665429538\n|switch|p1a: Slowking|Slowking, M|100\/100\n|move|p2a: Rotom|Thunder Wave|p1a: Slowking\n|-status|p1a: Slowking|par\n|\n|-weather|Hail|[upkeep]\n|-damage|p2a: Rotom|94\/100|[from] Hail\n|-damage|p1a: Slowking|94\/100 par|[from] Hail\n|-heal|p2a: Rotom|100\/100|[from] item: Leftovers\n|upkeep\n|turn|4\n|\n|t:|1665429543\n|move|p2a: Rotom|Volt Switch|p1a: Slowking\n|-supereffective|p1a: Slowking\n|-damage|p1a: Slowking|62\/100 par\n|\n|t:|1665429545\n|switch|p2a: Mienshao|Mienshao, M, shiny|100\/100|[from]move: Volt Switch\n|cant|p1a: Slowking|par\n|\n|-weather|Hail|[upkeep]\n|-damage|p2a: Mienshao|95\/100|[from] Hail\n|-damage|p1a: Slowking|56\/100 par|[from] Hail\n|upkeep\n|turn|5\n|\n|t:|1665429548\n|switch|p1a: Corviknight|Corviknight, M|100\/100\n|-ability|p1a: Corviknight|Pressure\n|move|p2a: Mienshao|Knock Off|p1a: Corviknight\n|-damage|p1a: Corviknight|75\/100\n|-damage|p2a: Mienshao|78\/100|[from] item: Rocky Helmet|[of] p1a: Corviknight\n|-enditem|p1a: Corviknight|Rocky Helmet|[from] move: Knock Off|[of] p2a: Mienshao\n|-damage|p2a: Mienshao|68\/100|[from] item: Life Orb\n|\n|-weather|none\n|upkeep\n|turn|6\n|\n|t:|1665429554\n|move|p2a: Mienshao|U-turn|p1a: Corviknight\n|-resisted|p1a: Corviknight\n|-damage|p1a: Corviknight|70\/100\n|-damage|p2a: Mienshao|58\/100|[from] item: Life Orb\n|\n|t:|1665429555\n|switch|p2a: Rotom|Rotom-Wash|100\/100|[from]move: U-turn\n|move|p1a: Corviknight|U-turn|p2a: Rotom\n|-damage|p2a: Rotom|84\/100\n|\n|t:|1665429563\n|switch|p1a: Garchomp|Garchomp, M|100\/100|[from]move: U-turn\n|\n|-heal|p2a: Rotom|90\/100|[from] item: Leftovers\n|upkeep\n|turn|7\n|\n|t:|1665429566\n|switch|p2a: Ninetales|Ninetales-Alola, F|95\/100 tox\n|-weather|Hail|[from] ability: Snow Warning|[of] p2a: Ninetales\n|move|p1a: Garchomp|Swords Dance|p1a: Garchomp\n|-boost|p1a: Garchomp|atk|2\n|\n|-weather|Hail|[upkeep]\n|-damage|p1a: Garchomp|94\/100|[from] Hail\n|-heal|p1a: Garchomp|100\/100|[from] item: Leftovers\n|-damage|p2a: Ninetales|89\/100 tox|[from] psn\n|upkeep\n|turn|8\n|\n|t:|1665429570\n|switch|p1a: Slowking|Slowking, M|90\/100 par\n|move|p2a: Ninetales|Freeze-Dry|p1a: Slowking\n|-supereffective|p1a: Slowking\n|-damage|p1a: Slowking|44\/100 par\n|\n|-weather|Hail|[upkeep]\n|-damage|p1a: Slowking|38\/100 par|[from] Hail\n|-damage|p2a: Ninetales|77\/100 tox|[from] psn\n|upkeep\n|turn|9\n|\n|t:|1665429578\n|switch|p2a: Rotom|Rotom-Wash|90\/100\n|switch|p1a: Weavile|Weavile, F|100\/100\n|-ability|p1a: Weavile|Pressure\n|\n|-weather|Hail|[upkeep]\n|-damage|p2a: Rotom|84\/100|[from] Hail\n|-heal|p2a: Rotom|90\/100|[from] item: Leftovers\n|upkeep\n|turn|10\n|\n|t:|1665429582\n|move|p1a: Weavile|Knock Off|p2a: Rotom\n|-damage|p2a: Rotom|7\/100\n|-enditem|p2a: Rotom|Leftovers|[from] move: Knock Off|[of] p1a: Weavile\n|move|p2a: Rotom|Volt Switch|p1a: Weavile\n|-damage|p1a: Weavile|67\/100\n|\n|t:|1665429590\n|switch|p2a: Blacephalon|Blacephalon, shiny|100\/100|[from]move: Volt Switch\n|\n|-weather|Hail|[upkeep]\n|-damage|p2a: Blacephalon|94\/100|[from] Hail\n|upkeep\n|turn|11\n|\n|t:|1665429605\n|switch|p1a: Corviknight|Corviknight, M|70\/100\n|-ability|p1a: Corviknight|Pressure\n|move|p2a: Blacephalon|Flamethrower|p1a: Corviknight\n|-supereffective|p1a: Corviknight\n|-damage|p1a: Corviknight|0 fnt\n|faint|p1a: Corviknight\n|-ability|p2a: Blacephalon|Beast Boost|boost\n|-boost|p2a: Blacephalon|spa|1\n|\n|-weather|none\n|upkeep\n|\n|t:|1665429611\n|switch|p1a: Slowking|Slowking, M|71\/100 par\n|turn|12\n|\n|t:|1665429614\n|switch|p2a: Rotom|Rotom-Wash|7\/100\n|move|p1a: Slowking|Teleport|p1a: Slowking\n|\n|t:|1665429621\n|switch|p1a: Volcarona|Volcarona, M|100\/100|[from]move: Teleport\n|\n|upkeep\n|turn|13\n|\n|t:|1665429626\n|move|p1a: Volcarona|Psychic|p2a: Rotom\n|-damage|p2a: Rotom|0 fnt\n|faint|p2a: Rotom\n|\n|upkeep\n|\n|t:|1665429631\n|switch|p2a: Landorus|Landorus-Therian, M|100\/100\n|-ability|p2a: Landorus|Intimidate|boost\n|-unboost|p1a: Volcarona|atk|1\n|turn|14\n|\n|t:|1665429633\n|switch|p1a: Garchomp|Garchomp, M|100\/100\n|move|p2a: Landorus|Toxic|p1a: Garchomp\n|-status|p1a: Garchomp|tox\n|\n|-damage|p1a: Garchomp|94\/100 tox|[from] psn\n|upkeep\n|turn|15\n|\n|t:|1665429639\n|switch|p2a: Corviknight|Corviknight, M|100\/100\n|-ability|p2a: Corviknight|Pressure\n|move|p1a: Garchomp|Stealth Rock|p2a: Corviknight\n|-sidestart|p2: ty-tyui\u21bb|move: Stealth Rock\n|\n|-heal|p1a: Garchomp|100\/100 tox|[from] item: Leftovers\n|-damage|p1a: Garchomp|88\/100 tox|[from] psn\n|upkeep\n|turn|16\n|\n|t:|1665429642\n|switch|p1a: Volcarona|Volcarona, M|100\/100\n|move|p2a: Corviknight|Defog|p1a: Volcarona\n|-unboost|p1a: Volcarona|evasion|1\n|-sideend|p2: ty-tyui\u21bb|Stealth Rock|[from] move: Defog|[of] p2a: Corviknight\n|\n|upkeep\n|turn|17\n|\n|t:|1665429645\n|move|p1a: Volcarona|Quiver Dance|p1a: Volcarona\n|-boost|p1a: Volcarona|spa|1\n|-boost|p1a: Volcarona|spd|1\n|-boost|p1a: Volcarona|spe|1\n|move|p2a: Corviknight|Brave Bird|p1a: Volcarona\n|-supereffective|p1a: Volcarona\n|-damage|p1a: Volcarona|33\/100\n|-damage|p2a: Corviknight|80\/100|[from] Recoil\n|\n|upkeep\n|turn|18\n|l|\u2606Who'sTheKing?\n|inactive|Who'sTheKing? disconnected and has a minute to reconnect!\n|player|p1|\n|j|\u2606Who'sTheKing?\n|inactive|Who'sTheKing? reconnected and has 125 seconds left.\n|player|p1|Who'sTheKing?|janine\n|\n|t:|1665429674\n|switch|p2a: Landorus|Landorus-Therian, M|100\/100\n|-ability|p2a: Landorus|Intimidate|boost\n|-unboost|p1a: Volcarona|atk|1\n|move|p1a: Volcarona|Roost|p1a: Volcarona\n|-heal|p1a: Volcarona|83\/100\n|-singleturn|p1a: Volcarona|move: Roost\n|\n|upkeep\n|turn|19\n|\n|t:|1665429677\n|switch|p1a: Weavile|Weavile, F|67\/100\n|-ability|p1a: Weavile|Pressure\n|move|p2a: Landorus|Toxic|p1a: Weavile\n|-status|p1a: Weavile|tox\n|\n|-damage|p1a: Weavile|61\/100 tox|[from] psn\n|upkeep\n|turn|20\n|\n|t:|1665429682\n|switch|p2a: Corviknight|Corviknight, M|80\/100\n|-ability|p2a: Corviknight|Pressure\n|move|p1a: Weavile|Triple Axel|p2a: Corviknight\n|-damage|p2a: Corviknight|69\/100\n|-damage|p1a: Weavile|45\/100 tox|[from] item: Rocky Helmet|[of] p2a: Corviknight\n|-damage|p2a: Corviknight|46\/100\n|-damage|p1a: Weavile|29\/100 tox|[from] item: Rocky Helmet|[of] p2a: Corviknight\n|-damage|p2a: Corviknight|14\/100\n|-damage|p1a: Weavile|12\/100 tox|[from] item: Rocky Helmet|[of] p2a: Corviknight\n|-hitcount|p2a: Corviknight|3\n|\n|-damage|p1a: Weavile|0 fnt|[from] psn\n|faint|p1a: Weavile\n|upkeep\n|\n|t:|1665429685\n|switch|p1a: Garchomp|Garchomp, M|88\/100 tox\n|turn|21\n|\n|t:|1665429691\n|move|p1a: Garchomp|Stone Edge|p2a: Corviknight\n|-damage|p2a: Corviknight|0 fnt\n|faint|p2a: Corviknight\n|\n|-heal|p1a: Garchomp|94\/100 tox|[from] item: Leftovers\n|-damage|p1a: Garchomp|88\/100 tox|[from] psn\n|upkeep\n|\n|t:|1665429696\n|switch|p2a: Ninetales|Ninetales-Alola, F|77\/100 tox\n|-weather|Hail|[from] ability: Snow Warning|[of] p2a: Ninetales\n|turn|22\n|\n|t:|1665429702\n|move|p2a: Ninetales|Freeze-Dry|p1a: Garchomp\n|-supereffective|p1a: Garchomp\n|-damage|p1a: Garchomp|0 fnt\n|faint|p1a: Garchomp\n|\n|-weather|Hail|[upkeep]\n|-damage|p2a: Ninetales|71\/100 tox|[from] psn\n|upkeep\n|\n|t:|1665429704\n|switch|p1a: Volcarona|Volcarona, M|83\/100\n|turn|23\n|\n|t:|1665429708\n|switch|p2a: Landorus|Landorus-Therian, M|100\/100\n|-ability|p2a: Landorus|Intimidate|boost\n|-unboost|p1a: Volcarona|atk|1\n|move|p1a: Volcarona|Quiver Dance|p1a: Volcarona\n|-boost|p1a: Volcarona|spa|1\n|-boost|p1a: Volcarona|spd|1\n|-boost|p1a: Volcarona|spe|1\n|\n|-weather|Hail|[upkeep]\n|-damage|p1a: Volcarona|77\/100|[from] Hail\n|-damage|p2a: Landorus|94\/100|[from] Hail\n|-heal|p2a: Landorus|100\/100|[from] item: Leftovers\n|upkeep\n|turn|24\n|\n|t:|1665429710\n|move|p1a: Volcarona|Quiver Dance|p1a: Volcarona\n|-boost|p1a: Volcarona|spa|1\n|-boost|p1a: Volcarona|spd|1\n|-boost|p1a: Volcarona|spe|1\n|move|p2a: Landorus|Toxic|p1a: Volcarona|[miss]\n|-miss|p2a: Landorus|p1a: Volcarona\n|\n|-weather|Hail|[upkeep]\n|-damage|p1a: Volcarona|71\/100|[from] Hail\n|-damage|p2a: Landorus|94\/100|[from] Hail\n|-heal|p2a: Landorus|100\/100|[from] item: Leftovers\n|upkeep\n|turn|25\n|\n|t:|1665429714\n|move|p1a: Volcarona|Flamethrower|p2a: Landorus\n|-damage|p2a: Landorus|37\/100\n|move|p2a: Landorus|Toxic|p1a: Volcarona\n|-status|p1a: Volcarona|tox\n|\n|-weather|Hail|[upkeep]\n|-damage|p1a: Volcarona|65\/100 tox|[from] Hail\n|-damage|p2a: Landorus|31\/100|[from] Hail\n|-heal|p2a: Landorus|37\/100|[from] item: Leftovers\n|-damage|p1a: Volcarona|58\/100 tox|[from] psn\n|upkeep\n|turn|26\n|j| Ran Kob\n|\n|t:|1665429719\n|move|p1a: Volcarona|Flamethrower|p2a: Landorus\n|-damage|p2a: Landorus|0 fnt\n|faint|p2a: Landorus\n|\n|-weather|none\n|-damage|p1a: Volcarona|46\/100 tox|[from] psn\n|upkeep\n|\n|t:|1665429724\n|switch|p2a: Blacephalon|Blacephalon, shiny|94\/100\n|turn|27\n|\n|t:|1665429726\n|move|p2a: Blacephalon|Shadow Ball|p1a: Volcarona\n|-damage|p1a: Volcarona|24\/100 tox\n|move|p1a: Volcarona|Psychic|p2a: Blacephalon\n|-damage|p2a: Blacephalon|0 fnt\n|faint|p2a: Blacephalon\n|\n|-damage|p1a: Volcarona|5\/100 tox|[from] psn\n|upkeep\n|\n|t:|1665429738\n|switch|p2a: Mienshao|Mienshao, M, shiny|91\/100\n|turn|28\n|\n|t:|1665429742\n|move|p1a: Volcarona|Psychic|p2a: Mienshao\n|-supereffective|p2a: Mienshao\n|-damage|p2a: Mienshao|0 fnt\n|faint|p2a: Mienshao\n|\n|-damage|p1a: Volcarona|0 fnt|[from] psn\n|faint|p1a: Volcarona\n|upkeep\n|\n|t:|1665429744\n|switch|p2a: Ninetales|Ninetales-Alola, F|71\/100 tox\n|switch|p1a: Slowking|Slowking, M|100\/100 par\n|-weather|Hail|[from] ability: Snow Warning|[of] p2a: Ninetales\n|turn|29\n|\n|t:|1665429748\n|move|p2a: Ninetales|Freeze-Dry|p1a: Slowking\n|-supereffective|p1a: Slowking\n|-damage|p1a: Slowking|50\/100 par\n|move|p1a: Slowking|Slack Off|p1a: Slowking\n|-heal|p1a: Slowking|99\/100 par\n|\n|-weather|Hail|[upkeep]\n|-damage|p1a: Slowking|94\/100 par|[from] Hail\n|-damage|p2a: Ninetales|65\/100 tox|[from] psn\n|upkeep\n|turn|30\n|\n|t:|1665429754\n|move|p2a: Ninetales|Freeze-Dry|p1a: Slowking\n|-supereffective|p1a: Slowking\n|-damage|p1a: Slowking|46\/100 par\n|cant|p1a: Slowking|par\n|\n|-weather|Hail|[upkeep]\n|-damage|p1a: Slowking|40\/100 par|[from] Hail\n|-damage|p2a: Ninetales|53\/100 tox|[from] psn\n|upkeep\n|turn|31\n|c|\u2606ty-tyui\u21bb|gg\n|\n|t:|1665429761\n|move|p2a: Ninetales|Freeze-Dry|p1a: Slowking\n|-supereffective|p1a: Slowking\n|-damage|p1a: Slowking|0 fnt\n|faint|p1a: Slowking\n|\n|win|ty-tyui\u21bb\n|raw|Who&apos;sTheKing?'s rating: 1519 &rarr; <strong>1500<\/strong><br \/>(-19 for losing)\n|raw|ty-tyui\u21bb's rating: 1533 &rarr; <strong>1552<\/strong><br \/>(+19 for winning)\n|l|\u2606Who'sTheKing?\n","uploadtime":1665429768,"views":14,"p1id":"whostheking","p2id":"tytyui","formatid":"gen8ou","rating":1500,"private":0,"password":null}