{"id":"gen8ou-1649576358","p1":"LT94JE Minerva","p2":"return nirvana","format":"gen8ou","log":"|raw|<div class=\"broadcast-blue\"><strong>This battle is required to be public due to a player having a name starting with 'lt94je'.<\/div>\n|j|\u2606LT94JE Minerva\n|j|\u2606return nirvana\n|t:|1661614394\n|gametype|singles\n|player|p1|LT94JE Minerva|cynthia-gen7|1733\n|player|p2|return nirvana|cynthia-masters2|1833\n|teamsize|p1|6\n|teamsize|p2|6\n|gen|8\n|tier|[Gen 8] OU\n|rated|\n|rule|Sleep Clause Mod: Limit one foe put to sleep\n|rule|Species Clause: Limit one of each Pok\u00e9mon\n|rule|OHKO Clause: OHKO moves are banned\n|rule|Evasion Items Clause: Evasion items are banned\n|rule|Evasion Moves Clause: Evasion moves are banned\n|rule|Endless Battle Clause: Forcing endless battles is banned\n|rule|HP Percentage Mod: HP is shown in percentages\n|rule|Dynamax Clause: You cannot dynamax\n|clearpoke\n|poke|p1|Tapu Lele|\n|poke|p1|Kartana|\n|poke|p1|Magnezone|\n|poke|p1|Mandibuzz, F|\n|poke|p1|Slowking, M|\n|poke|p1|Landorus-Therian, M|\n|poke|p2|Mew|\n|poke|p2|Blacephalon|\n|poke|p2|Whimsicott, F|\n|poke|p2|Kartana|\n|poke|p2|Urshifu-*, M|\n|poke|p2|Tornadus, M|\n|teampreview\n|j| Fleeting Lullaby\n|\n|t:|1661614421\n|start\n|switch|p1a: Eraser Girl|Tapu Lele|100\/100\n|switch|p2a: Mew|Mew, shiny|100\/100\n|-fieldstart|move: Psychic Terrain|[from] ability: Psychic Surge|[of] p1a: Eraser Girl\n|turn|1\n|j| LT94JE Genesis\n|\n|t:|1661614424\n|move|p2a: Mew|Stealth Rock|p1a: Eraser Girl\n|-sidestart|p1: LT94JE Minerva|move: Stealth Rock\n|move|p1a: Eraser Girl|Moonblast|p2a: Mew\n|-damage|p2a: Mew|17\/100\n|\n|upkeep\n|turn|2\n|\n|t:|1661614430\n|move|p2a: Mew|Tailwind|p2a: Mew\n|-sidestart|p2: return nirvana|move: Tailwind\n|move|p1a: Eraser Girl|Moonblast|p2a: Mew\n|-damage|p2a: Mew|0 fnt\n|faint|p2a: Mew\n|\n|upkeep\n|\n|t:|1661614436\n|switch|p2a: Urshifu|Urshifu-Rapid-Strike, M|100\/100\n|turn|3\n|\n|t:|1661614439\n|switch|p1a: Motherland|Slowking, M|100\/100\n|move|p2a: Urshifu|Surging Strikes|p1a: Motherland\n|-resisted|p1a: Motherland\n|-crit|p1a: Motherland\n|-damage|p1a: Motherland|85\/100\n|-resisted|p1a: Motherland\n|-crit|p1a: Motherland\n|-damage|p1a: Motherland|69\/100\n|-resisted|p1a: Motherland\n|-crit|p1a: Motherland\n|-damage|p1a: Motherland|54\/100\n|-hitcount|p1a: Motherland|3\n|\n|upkeep\n|turn|4\n|\n|t:|1661614445\n|switch|p2a: Kartana|Kartana, shiny|100\/100\n|move|p1a: Motherland|Teleport|p1a: Motherland\n|\n|t:|1661614452\n|switch|p1a: Ashura Chan|Mandibuzz, F|100\/100|[from]move: Teleport\n|\n|upkeep\n|turn|5\n|\n|t:|1661614457\n|move|p2a: Kartana|Smart Strike|p1a: Ashura Chan\n|-damage|p1a: Ashura Chan|58\/100\n|move|p1a: Ashura Chan|Defog|p2a: Kartana\n|-unboost|p2a: Kartana|evasion|1\n|-sideend|p1: LT94JE Minerva|Stealth Rock|[from] move: Defog|[of] p1a: Ashura Chan\n|-fieldend|move: Psychic Terrain\n|\n|-sideend|p2: return nirvana|move: Tailwind\n|upkeep\n|turn|6\n|\n|t:|1661614463\n|switch|p2a: Tornadus|Tornadus, M, shiny|100\/100\n|move|p1a: Ashura Chan|Roost|p1a: Ashura Chan\n|-heal|p1a: Ashura Chan|100\/100\n|-singleturn|p1a: Ashura Chan|move: Roost\n|\n|upkeep\n|turn|7\n|\n|t:|1661614466\n|move|p2a: Tornadus|Hurricane|p1a: Ashura Chan\n|-damage|p1a: Ashura Chan|47\/100\n|-start|p1a: Ashura Chan|confusion\n|-damage|p2a: Tornadus|91\/100|[from] item: Life Orb\n|-activate|p1a: Ashura Chan|confusion\n|-damage|p1a: Ashura Chan|43\/100|[from] confusion\n|\n|upkeep\n|turn|8\n|\n|t:|1661614471\n|switch|p1a: Motherland|Slowking, M|87\/100\n|move|p2a: Tornadus|Hurricane|p1a: Motherland\n|-damage|p1a: Motherland|41\/100\n|-damage|p2a: Tornadus|81\/100|[from] item: Life Orb\n|\n|upkeep\n|turn|9\n|l| LT94JE Genesis\n|\n|t:|1661614492\n|switch|p1a: Radio Noise|Magnezone|100\/100\n|move|p2a: Tornadus|Hurricane|p1a: Radio Noise\n|-resisted|p1a: Radio Noise\n|-damage|p1a: Radio Noise|78\/100\n|-damage|p2a: Tornadus|71\/100|[from] item: Life Orb\n|\n|-heal|p1a: Radio Noise|84\/100|[from] item: Leftovers\n|upkeep\n|turn|10\n|\n|t:|1661614496\n|switch|p1a: Motherland|Slowking, M|75\/100\n|move|p2a: Tornadus|Hurricane|p1a: Motherland\n|-damage|p1a: Motherland|25\/100\n|-damage|p2a: Tornadus|62\/100|[from] item: Life Orb\n|\n|upkeep\n|turn|11\n|\n|t:|1661614502\n|switch|p1a: Radio Noise|Magnezone|84\/100\n|move|p2a: Tornadus|Hurricane|p1a: Radio Noise\n|-resisted|p1a: Radio Noise\n|-damage|p1a: Radio Noise|61\/100\n|-damage|p2a: Tornadus|52\/100|[from] item: Life Orb\n|\n|-heal|p1a: Radio Noise|67\/100|[from] item: Leftovers\n|upkeep\n|turn|12\n|\n|t:|1661614506\n|move|p2a: Tornadus|Heat Wave|p1a: Radio Noise|[miss]\n|-miss|p2a: Tornadus|p1a: Radio Noise\n|move|p1a: Radio Noise|Thunderbolt|p2a: Tornadus\n|-supereffective|p2a: Tornadus\n|-damage|p2a: Tornadus|0 fnt\n|faint|p2a: Tornadus\n|\n|-heal|p1a: Radio Noise|73\/100|[from] item: Leftovers\n|upkeep\n|\n|t:|1661614522\n|switch|p2a: Blacephalon|Blacephalon, shiny|100\/100\n|turn|13\n|\n|t:|1661614528\n|move|p2a: Blacephalon|Shadow Ball|p1a: Radio Noise\n|-damage|p1a: Radio Noise|0 fnt\n|faint|p1a: Radio Noise\n|-ability|p2a: Blacephalon|Beast Boost|boost\n|-boost|p2a: Blacephalon|spa|1\n|\n|upkeep\n|\n|t:|1661614538\n|switch|p1a: Readymade|Kartana|100\/100\n|turn|14\n|\n|t:|1661614540\n|switch|p2a: Urshifu|Urshifu-Rapid-Strike, M|100\/100\n|move|p1a: Readymade|Knock Off|p2a: Urshifu\n|-resisted|p2a: Urshifu\n|-damage|p2a: Urshifu|79\/100\n|-enditem|p2a: Urshifu|Choice Band|[from] move: Knock Off|[of] p1a: Readymade\n|\n|upkeep\n|turn|15\n|\n|t:|1661614546\n|switch|p1a: Motherland|Slowking, M|58\/100\n|move|p2a: Urshifu|Surging Strikes|p1a: Motherland\n|-resisted|p1a: Motherland\n|-crit|p1a: Motherland\n|-damage|p1a: Motherland|49\/100\n|-resisted|p1a: Motherland\n|-crit|p1a: Motherland\n|-damage|p1a: Motherland|38\/100\n|-resisted|p1a: Motherland\n|-crit|p1a: Motherland\n|-damage|p1a: Motherland|28\/100\n|-hitcount|p1a: Motherland|3\n|\n|upkeep\n|turn|16\n|\n|t:|1661614551\n|switch|p1a: Rasen|Landorus-Therian, M|100\/100\n|-ability|p1a: Rasen|Intimidate|boost\n|-unboost|p2a: Urshifu|atk|1\n|move|p2a: Urshifu|Close Combat|p1a: Rasen\n|-resisted|p1a: Rasen\n|-damage|p1a: Rasen|78\/100\n|-unboost|p2a: Urshifu|def|1\n|-unboost|p2a: Urshifu|spd|1\n|\n|-heal|p1a: Rasen|84\/100|[from] item: Leftovers\n|upkeep\n|turn|17\n|\n|t:|1661614554\n|switch|p1a: Motherland|Slowking, M|61\/100\n|move|p2a: Urshifu|Surging Strikes|p1a: Motherland\n|-resisted|p1a: Motherland\n|-crit|p1a: Motherland\n|-damage|p1a: Motherland|50\/100\n|-resisted|p1a: Motherland\n|-crit|p1a: Motherland\n|-damage|p1a: Motherland|40\/100\n|-resisted|p1a: Motherland\n|-crit|p1a: Motherland\n|-damage|p1a: Motherland|30\/100\n|-hitcount|p1a: Motherland|3\n|\n|upkeep\n|turn|18\n|\n|t:|1661614559\n|move|p2a: Urshifu|Surging Strikes|p1a: Motherland\n|-resisted|p1a: Motherland\n|-crit|p1a: Motherland\n|-damage|p1a: Motherland|20\/100\n|-resisted|p1a: Motherland\n|-crit|p1a: Motherland\n|-damage|p1a: Motherland|10\/100\n|-resisted|p1a: Motherland\n|-crit|p1a: Motherland\n|-damage|p1a: Motherland|0 fnt\n|faint|p1a: Motherland\n|-hitcount|p1: Motherland|3\n|\n|upkeep\n|\n|t:|1661614561\n|switch|p1a: Readymade|Kartana|100\/100\n|turn|19\n|\n|t:|1661614592\n|move|p1a: Readymade|Leaf Blade|p2a: Urshifu\n|-supereffective|p2a: Urshifu\n|-damage|p2a: Urshifu|0 fnt\n|faint|p2a: Urshifu\n|-ability|p1a: Readymade|Beast Boost|boost\n|-boost|p1a: Readymade|atk|1\n|\n|upkeep\n|\n|t:|1661614593\n|switch|p2a: Whimsicott|Whimsicott, F, shiny|100\/100\n|turn|20\n|\n|t:|1661614602\n|move|p1a: Readymade|Leaf Blade|p2a: Whimsicott\n|-resisted|p2a: Whimsicott\n|-crit|p2a: Whimsicott\n|-damage|p2a: Whimsicott|26\/100\n|move|p2a: Whimsicott|U-turn|p1a: Readymade\n|-crit|p1a: Readymade\n|-damage|p1a: Readymade|81\/100\n|\n|t:|1661614607\n|switch|p2a: Kartana|Kartana, shiny|100\/100|[from]move: U-turn\n|\n|upkeep\n|turn|21\n|\n|t:|1661614611\n|switch|p1a: Rasen|Landorus-Therian, M|84\/100\n|-ability|p1a: Rasen|Intimidate|boost\n|-unboost|p2a: Kartana|atk|1\n|move|p2a: Kartana|Smart Strike|p1a: Rasen\n|-damage|p1a: Rasen|42\/100\n|\n|-heal|p1a: Rasen|48\/100|[from] item: Leftovers\n|upkeep\n|turn|22\n|\n|t:|1661614615\n|move|p2a: Kartana|Smart Strike|p1a: Rasen\n|-damage|p1a: Rasen|2\/100\n|move|p1a: Rasen|Stealth Rock|p2a: Kartana\n|-sidestart|p2: return nirvana|move: Stealth Rock\n|\n|-heal|p1a: Rasen|8\/100|[from] item: Leftovers\n|upkeep\n|turn|23\n|\n|t:|1661614619\n|move|p2a: Kartana|Smart Strike|p1a: Rasen\n|-damage|p1a: Rasen|0 fnt\n|faint|p1a: Rasen\n|-ability|p2a: Kartana|Beast Boost|boost\n|-boost|p2a: Kartana|atk|1\n|\n|upkeep\n|\n|t:|1661614621\n|switch|p1a: Readymade|Kartana|81\/100\n|turn|24\n|\n|t:|1661614625\n|switch|p2a: Blacephalon|Blacephalon, shiny|100\/100\n|-damage|p2a: Blacephalon|76\/100|[from] Stealth Rock\n|move|p1a: Readymade|Knock Off|p2a: Blacephalon\n|-supereffective|p2a: Blacephalon\n|-damage|p2a: Blacephalon|0 fnt\n|-enditem|p2a: Blacephalon|Choice Specs|[from] move: Knock Off|[of] p1a: Readymade\n|faint|p2a: Blacephalon\n|-ability|p1a: Readymade|Beast Boost|boost\n|-boost|p1a: Readymade|atk|1\n|\n|upkeep\n|\n|t:|1661614628\n|switch|p2a: Kartana|Kartana, shiny|100\/100\n|-damage|p2a: Kartana|94\/100|[from] Stealth Rock\n|turn|25\n|\n|t:|1661614631\n|move|p1a: Readymade|Knock Off|p2a: Kartana\n|-damage|p2a: Kartana|26\/100\n|-enditem|p2a: Kartana|Choice Band|[from] move: Knock Off|[of] p1a: Readymade\n|move|p2a: Kartana|Sacred Sword|p1a: Readymade\n|-supereffective|p1a: Readymade\n|-damage|p1a: Readymade|0 fnt\n|faint|p1a: Readymade\n|-ability|p2a: Kartana|Beast Boost|boost\n|-boost|p2a: Kartana|atk|1\n|\n|upkeep\n|\n|t:|1661614639\n|switch|p1a: Ashura Chan|Mandibuzz, F|43\/100\n|turn|26\n|\n|t:|1661614649\n|move|p2a: Kartana|Smart Strike|p1a: Ashura Chan\n|-damage|p1a: Ashura Chan|0 fnt\n|faint|p1a: Ashura Chan\n|-ability|p2a: Kartana|Beast Boost|boost\n|-boost|p2a: Kartana|atk|1\n|\n|upkeep\n|-message|LT94JE Minerva forfeited.\n|\n|win|return nirvana\n|raw|LT94JE Minerva's rating: 1733 &rarr; <strong>1717<\/strong><br \/>(-16 for losing)\n|raw|return nirvana's rating: 1808 &rarr; <strong>1824<\/strong><br \/>(+16 for winning)\n|l|\u2606LT94JE Minerva\n","uploadtime":1661614673,"views":74,"p1id":"lt94jeminerva","p2id":"returnnirvana","formatid":"gen8ou","rating":1717,"private":0,"password":null}