{"id":"gen8ou-1172469295","p1":"LT72MS Acey!","p2":"relic stone","format":"gen8ou","log":"|raw|<div class=\"broadcast-blue\"><strong>This battle is required to be public due to a player having a name prefixed by 'LT72MS'.<\/div>\n|j|\u2606LT72MS Acey!\n|j|\u2606relic stone\n|t:|1597966139\n|player|p1|LT72MS Acey!|winona-gen6|1773\n|player|p2|relic stone|lusamine-nihilego|1806\n|teamsize|p1|6\n|teamsize|p2|6\n|gametype|singles\n|gen|8\n|tier|[Gen 8] OU\n|rated|\n|clearpoke\n|poke|p1|Alakazam, F|\n|poke|p1|Mandibuzz, F|\n|poke|p1|Hippowdon, M|\n|poke|p1|Excadrill, M|\n|poke|p1|Toxapex, F|\n|poke|p1|Indeedee, M|\n|poke|p2|Hippowdon, M|\n|poke|p2|Volcarona, M|\n|poke|p2|Ferrothorn, M|\n|poke|p2|Hydreigon, M|\n|poke|p2|Azumarill, M|\n|poke|p2|Excadrill, M|\n|rule|Sleep Clause Mod: Limit one foe put to sleep\n|rule|Species Clause: Limit one of each Pok\u00e9mon\n|rule|OHKO Clause: OHKO moves are banned\n|rule|Evasion Moves Clause: Evasion moves are banned\n|rule|Endless Battle Clause: Forcing endless battles is banned\n|rule|HP Percentage Mod: HP is shown in percentages\n|rule|Dynamax Clause: You cannot dynamax\n|teampreview\n|\n|t:|1597966190\n|start\n|switch|p1a: Mandibuzz|Mandibuzz, F|100\/100\n|switch|p2a: Hades|Hippowdon, M|100\/100\n|-weather|Sandstorm|[from] ability: Sand Stream|[of] p2a: Hades\n|turn|1\n|inactive|Battle timer is ON: inactive players will automatically lose when time's up. (requested by LT72MS Acey!)\n|\n|t:|1597966203\n|switch|p1a: Toxapex|Toxapex, F|100\/100\n|move|p2a: Hades|Toxic|p1a: Toxapex\n|-immune|p1a: Toxapex\n|\n|-weather|Sandstorm|[upkeep]\n|-damage|p1a: Toxapex|94\/100|[from] Sandstorm\n|upkeep\n|turn|2\n|\n|t:|1597966228\n|move|p2a: Hades|Stealth Rock|p1a: Toxapex\n|-sidestart|p1: LT72MS Acey!|move: Stealth Rock\n|move|p1a: Toxapex|Scald|p2a: Hades\n|-supereffective|p2a: Hades\n|-damage|p2a: Hades|78\/100\n|-status|p2a: Hades|brn\n|\n|-weather|Sandstorm|[upkeep]\n|-damage|p1a: Toxapex|88\/100|[from] Sandstorm\n|-damage|p2a: Hades|71\/100 brn|[from] brn\n|upkeep\n|turn|3\n|inactive|LT72MS Acey! has 120 seconds left.\n|inactive|LT72MS Acey! has 90 seconds left.\n|\n|t:|1597966282\n|switch|p2a: Temple|Ferrothorn, M|100\/100\n|move|p1a: Toxapex|Knock Off|p2a: Temple\n|-damage|p2a: Temple|90\/100\n|-damage|p1a: Toxapex|75\/100|[from] ability: Iron Barbs|[of] p2a: Temple\n|-enditem|p2a: Temple|Leftovers|[from] move: Knock Off|[of] p1a: Toxapex\n|\n|-weather|Sandstorm|[upkeep]\n|-damage|p1a: Toxapex|69\/100|[from] Sandstorm\n|upkeep\n|turn|4\n|inactive|LT72MS Acey! has 90 seconds left.\n|inactive|relic stone has 120 seconds left.\n|inactive|LT72MS Acey! has 60 seconds left.\n|\n|t:|1597966323\n|move|p1a: Toxapex|Scald|p2a: Temple\n|-resisted|p2a: Temple\n|-damage|p2a: Temple|84\/100\n|move|p2a: Temple|Knock Off|p1a: Toxapex\n|-damage|p1a: Toxapex|55\/100\n|-damage|p2a: Temple|68\/100|[from] item: Rocky Helmet|[of] p1a: Toxapex\n|-enditem|p1a: Toxapex|Rocky Helmet|[from] move: Knock Off|[of] p2a: Temple\n|\n|-weather|Sandstorm|[upkeep]\n|-damage|p1a: Toxapex|49\/100|[from] Sandstorm\n|upkeep\n|turn|5\n|inactive|relic stone has 120 seconds left.\n|inactive|relic stone has 90 seconds left.\n|\n|t:|1597966381\n|move|p1a: Toxapex|Scald|p2a: Temple\n|-resisted|p2a: Temple\n|-damage|p2a: Temple|62\/100\n|move|p2a: Temple|Leech Seed|p1a: Toxapex\n|-start|p1a: Toxapex|move: Leech Seed\n|\n|-weather|Sandstorm|[upkeep]\n|-damage|p1a: Toxapex|42\/100|[from] Sandstorm\n|-damage|p1a: Toxapex|30\/100|[from] Leech Seed|[of] p2a: Temple\n|-heal|p2a: Temple|73\/100|[silent]\n|upkeep\n|turn|6\n|inactive|LT72MS Acey! has 60 seconds left.\n|\n|t:|1597966409\n|move|p1a: Toxapex|Recover|p1a: Toxapex\n|-heal|p1a: Toxapex|80\/100\n|move|p2a: Temple|Spikes|p1a: Toxapex\n|-sidestart|p1: LT72MS Acey!|Spikes\n|\n|-weather|Sandstorm|[upkeep]\n|-damage|p1a: Toxapex|74\/100|[from] Sandstorm\n|-damage|p1a: Toxapex|61\/100|[from] Leech Seed|[of] p2a: Temple\n|-heal|p2a: Temple|84\/100|[silent]\n|upkeep\n|turn|7\n|inactive|LT72MS Acey! has 60 seconds left.\n|inactive|relic stone has 60 seconds left.\n|inactive|relic stone has 30 seconds left.\n|inactive|relic stone has 20 seconds left.\n|inactive|relic stone has 15 seconds left.\n|\n|t:|1597966487\n|move|p1a: Toxapex|Scald|p2a: Temple\n|-resisted|p2a: Temple\n|-damage|p2a: Temple|79\/100\n|move|p2a: Temple|Spikes|p1a: Toxapex\n|-sidestart|p1: LT72MS Acey!|Spikes\n|\n|-weather|Sandstorm|[upkeep]\n|-damage|p1a: Toxapex|55\/100|[from] Sandstorm\n|-damage|p1a: Toxapex|42\/100|[from] Leech Seed|[of] p2a: Temple\n|-heal|p2a: Temple|90\/100|[silent]\n|upkeep\n|turn|8\n|inactive|relic stone has 25 seconds left this turn.\n|\n|t:|1597966494\n|switch|p1a: Mandibuzz|Mandibuzz, F|100\/100\n|switch|p2a: Amaterasu|Volcarona, M, shiny|100\/100\n|\n|-weather|none\n|upkeep\n|turn|9\n|inactive|relic stone has 30 seconds left.\n|\n|t:|1597966502\n|move|p2a: Amaterasu|Substitute|p2a: Amaterasu\n|-start|p2a: Amaterasu|Substitute\n|-damage|p2a: Amaterasu|75\/100\n|move|p1a: Mandibuzz|Defog|p2a: Amaterasu\n|-sideend|p1: LT72MS Acey!|Spikes|[from] move: Defog|[of] p1a: Mandibuzz\n|-sideend|p1: LT72MS Acey!|Stealth Rock|[from] move: Defog|[of] p1a: Mandibuzz\n|\n|upkeep\n|turn|10\n|\n|t:|1597966518\n|move|p2a: Amaterasu|Quiver Dance|p2a: Amaterasu\n|-boost|p2a: Amaterasu|spa|1\n|-boost|p2a: Amaterasu|spd|1\n|-boost|p2a: Amaterasu|spe|1\n|move|p1a: Mandibuzz|U-turn|p2a: Amaterasu\n|-resisted|p2a: Amaterasu\n|-activate|p2a: Amaterasu|move: Substitute|[damage]\n|\n|t:|1597966522\n|switch|p1a: Toxapex|Toxapex, F|75\/100|[from]move: U-turn\n|\n|upkeep\n|turn|11\n|\n|t:|1597966547\n|move|p2a: Amaterasu|Psychic|p1a: Toxapex\n|-supereffective|p1a: Toxapex\n|-damage|p1a: Toxapex|15\/100\n|move|p1a: Toxapex|Haze|p1a: Toxapex\n|-clearallboost\n|\n|upkeep\n|turn|12\n|inactive|LT72MS Acey! has 60 seconds left.\n|\n|t:|1597966563\n|switch|p1a: Hippowdon|Hippowdon, M|100\/100\n|-weather|Sandstorm|[from] ability: Sand Stream|[of] p1a: Hippowdon\n|move|p2a: Amaterasu|Quiver Dance|p2a: Amaterasu\n|-boost|p2a: Amaterasu|spa|1\n|-boost|p2a: Amaterasu|spd|1\n|-boost|p2a: Amaterasu|spe|1\n|\n|-weather|Sandstorm|[upkeep]\n|-damage|p2a: Amaterasu|69\/100|[from] Sandstorm\n|upkeep\n|turn|13\n|\n|t:|1597966567\n|move|p2a: Amaterasu|Fiery Dance|p1a: Hippowdon\n|-damage|p1a: Hippowdon|59\/100\n|move|p1a: Hippowdon|Rock Slide|p2a: Amaterasu\n|-supereffective|p2a: Amaterasu\n|-end|p2a: Amaterasu|Substitute\n|\n|-weather|Sandstorm|[upkeep]\n|-damage|p2a: Amaterasu|63\/100|[from] Sandstorm\n|upkeep\n|turn|14\n|\n|t:|1597966575\n|switch|p2a: Impaler|Excadrill, M|100\/100\n|move|p1a: Hippowdon|Rock Slide|p2a: Impaler\n|-resisted|p2a: Impaler\n|-damage|p2a: Impaler|94\/100\n|\n|-weather|Sandstorm|[upkeep]\n|upkeep\n|turn|15\n|\n|t:|1597966581\n|move|p2a: Impaler|Earthquake|p1a: Hippowdon\n|-damage|p1a: Hippowdon|0 fnt\n|faint|p1a: Hippowdon\n|\n|-weather|Sandstorm|[upkeep]\n|upkeep\n|\n|t:|1597966592\n|switch|p1a: Mandibuzz|Mandibuzz, F|100\/100\n|turn|16\n|\n|t:|1597966601\n|switch|p2a: Temple|Ferrothorn, M|90\/100\n|move|p1a: Mandibuzz|U-turn|p2a: Temple\n|-damage|p2a: Temple|81\/100\n|-damage|p1a: Mandibuzz|88\/100|[from] ability: Iron Barbs|[of] p2a: Temple\n|\n|t:|1597966606\n|switch|p1a: Indeedee|Indeedee, M|100\/100|[from]move: U-turn\n|-fieldstart|move: Psychic Terrain|[from] ability: Psychic Surge|[of] p1a: Indeedee\n|\n|-weather|Sandstorm|[upkeep]\n|-damage|p1a: Indeedee|94\/100|[from] Sandstorm\n|upkeep\n|turn|17\n|inactive|relic stone has 60 seconds left.\n|\n|t:|1597966630\n|move|p1a: Indeedee|Mystical Fire|p2a: Temple\n|-supereffective|p2a: Temple\n|-damage|p2a: Temple|14\/100\n|-unboost|p2a: Temple|spa|1\n|move|p2a: Temple|Knock Off|p1a: Indeedee\n|-supereffective|p1a: Indeedee\n|-damage|p1a: Indeedee|2\/100\n|-enditem|p1a: Indeedee|Choice Scarf|[from] move: Knock Off|[of] p2a: Temple\n|\n|-weather|Sandstorm|[upkeep]\n|-damage|p1a: Indeedee|0 fnt|[from] Sandstorm\n|faint|p1a: Indeedee\n|upkeep\n|\n|t:|1597966638\n|switch|p1a: Excadrill|Excadrill, M|100\/100\n|turn|18\n|\n|t:|1597966642\n|move|p1a: Excadrill|Earthquake|p2a: Temple\n|-damage|p2a: Temple|0 fnt\n|faint|p2a: Temple\n|\n|-weather|Sandstorm|[upkeep]\n|upkeep\n|\n|t:|1597966650\n|switch|p2a: Hybrid|Hydreigon, M|100\/100\n|turn|19\n|\n|t:|1597966654\n|move|p1a: Excadrill|Iron Head|p2a: Hybrid\n|-damage|p2a: Hybrid|42\/100\n|move|p2a: Hybrid|Flamethrower|p1a: Excadrill\n|-supereffective|p1a: Excadrill\n|-damage|p1a: Excadrill|25\/100\n|\n|-weather|none\n|-heal|p1a: Excadrill|31\/100|[from] item: Leftovers\n|upkeep\n|turn|20\n|inactive|relic stone has 90 seconds left.\n|inactive|relic stone has 60 seconds left.\n|\n|t:|1597966711\n|switch|p1a: Toxapex|Toxapex, F|48\/100\n|move|p2a: Hybrid|Flamethrower|p1a: Toxapex\n|-resisted|p1a: Toxapex\n|-damage|p1a: Toxapex|36\/100\n|\n|-fieldend|move: Psychic Terrain\n|upkeep\n|turn|21\n|\n|t:|1597966719\n|switch|p2a: Amaterasu|Volcarona, M, shiny|63\/100\n|move|p1a: Toxapex|Knock Off|p2a: Amaterasu\n|-damage|p2a: Amaterasu|43\/100\n|-enditem|p2a: Amaterasu|Heavy-Duty Boots|[from] move: Knock Off|[of] p1a: Toxapex\n|\n|upkeep\n|turn|22\n|\n|t:|1597966726\n|switch|p1a: Mandibuzz|Mandibuzz, F|88\/100\n|move|p2a: Amaterasu|Quiver Dance|p2a: Amaterasu\n|-boost|p2a: Amaterasu|spa|1\n|-boost|p2a: Amaterasu|spd|1\n|-boost|p2a: Amaterasu|spe|1\n|\n|upkeep\n|turn|23\n|\n|t:|1597966732\n|move|p2a: Amaterasu|Fiery Dance|p1a: Mandibuzz\n|-damage|p1a: Mandibuzz|41\/100\n|move|p1a: Mandibuzz|Foul Play|p2a: Amaterasu\n|-damage|p2a: Amaterasu|20\/100\n|\n|upkeep\n|turn|24\n|\n|t:|1597966736\n|move|p2a: Amaterasu|Fiery Dance|p1a: Mandibuzz\n|-damage|p1a: Mandibuzz|0 fnt\n|faint|p1a: Mandibuzz\n|\n|upkeep\n|\n|t:|1597966738\n|switch|p1a: Toxapex|Toxapex, F|70\/100\n|turn|25\n|\n|t:|1597966743\n|move|p2a: Amaterasu|Psychic|p1a: Toxapex\n|-supereffective|p1a: Toxapex\n|-damage|p1a: Toxapex|9\/100\n|move|p1a: Toxapex|Haze|p1a: Toxapex\n|-clearallboost\n|\n|upkeep\n|turn|26\n|\n|t:|1597966748\n|move|p2a: Amaterasu|Fiery Dance|p1a: Toxapex\n|-resisted|p1a: Toxapex\n|-damage|p1a: Toxapex|0 fnt\n|faint|p1a: Toxapex\n|\n|upkeep\n|\n|t:|1597966749\n|switch|p1a: Alakazam|Alakazam, F|100\/100\n|turn|27\n|\n|t:|1597966754\n|move|p1a: Alakazam|Psychic|p2a: Amaterasu\n|-damage|p2a: Amaterasu|0 fnt\n|faint|p2a: Amaterasu\n|\n|upkeep\n|\n|t:|1597966756\n|switch|p2a: Hybrid|Hydreigon, M|42\/100\n|turn|28\n|\n|t:|1597966759\n|move|p2a: Hybrid|U-turn|p1a: Alakazam\n|-supereffective|p1a: Alakazam\n|-damage|p1a: Alakazam|22\/100\n|\n|t:|1597966760\n|switch|p2a: Impaler|Excadrill, M|94\/100|[from]move: U-turn\n|move|p1a: Alakazam|Focus Blast|p2a: Impaler\n|-supereffective|p2a: Impaler\n|-damage|p2a: Impaler|0 fnt\n|faint|p2a: Impaler\n|\n|upkeep\n|\n|t:|1597966762\n|switch|p2a: Hybrid|Hydreigon, M|42\/100\n|turn|29\n|\n|t:|1597966764\n|move|p2a: Hybrid|Flamethrower|p1a: Alakazam\n|-damage|p1a: Alakazam|0 fnt\n|faint|p1a: Alakazam\n|\n|upkeep\n|\n|t:|1597966765\n|switch|p1a: Excadrill|Excadrill, M|31\/100\n|turn|30\n|c|\u2606relic stone|gg\n|-message|LT72MS Acey! forfeited.\n|\n|win|relic stone\n|l|\u2606LT72MS Acey!\n","uploadtime":1597966772,"views":159,"p1id":"lt72msacey","p2id":"relicstone","formatid":"gen8ou","rating":0,"private":0,"password":null}