{"id":"gen8ou-1634333634","p1":"JooshP","p2":"LT92Pfizer","format":"gen8ou","log":"|raw|<div class=\"broadcast-blue\"><strong>This battle is required to be public due to a player having a name starting with 'lt92pf'.<\/div>\n|j|\u2606JooshP\n|j|\u2606LT92Pfizer\n|t:|1659889992\n|gametype|singles\n|player|p1|JooshP|red|1721\n|player|p2|LT92Pfizer|preschooler|1654\n|teamsize|p1|6\n|teamsize|p2|6\n|gen|8\n|tier|[Gen 8] OU\n|rated|\n|rule|Sleep Clause Mod: Limit one foe put to sleep\n|rule|Species Clause: Limit one of each Pok\u00e9mon\n|rule|OHKO Clause: OHKO moves are banned\n|rule|Evasion Items Clause: Evasion items are banned\n|rule|Evasion Moves Clause: Evasion moves are banned\n|rule|Endless Battle Clause: Forcing endless battles is banned\n|rule|HP Percentage Mod: HP is shown in percentages\n|rule|Dynamax Clause: You cannot dynamax\n|clearpoke\n|poke|p1|Urshifu-*, M|\n|poke|p1|Skarmory, M|\n|poke|p1|Clefable, F|\n|poke|p1|Toxapex, M|\n|poke|p1|Dragonite, M|\n|poke|p1|Volcarona, F|\n|poke|p2|Weavile, F|\n|poke|p2|Aegislash, F|\n|poke|p2|Ferrothorn, M|\n|poke|p2|Heatran, M|\n|poke|p2|Zapdos-Galar|\n|poke|p2|Landorus-Therian, M|\n|teampreview\n|j| lt92pf cuzzie\n|c|\u2606LT92Pfizer|yo shifu volc semistall\n|c|\u2606LT92Pfizer|i'm here\n|inactive|Battle timer is ON: inactive players will automatically lose when time's up. (requested by LT92Pfizer)\n|inactive|LT92Pfizer has 120 seconds left.\n|inactive|LT92Pfizer has 90 seconds left.\n|c|\u2606JooshP|Just don\u2019t run into eleki lmao\n|inactive|LT92Pfizer has 60 seconds left.\n|\n|t:|1659890119\n|start\n|switch|p1a: Clefable|Clefable, F|100\/100\n|switch|p2a: crash bandicoot|Weavile, F|100\/100\n|-ability|p2a: crash bandicoot|Pressure\n|turn|1\n|\n|t:|1659890136\n|move|p2a: crash bandicoot|Triple Axel|p1a: Clefable|[miss]\n|-miss|p2a: crash bandicoot|p1a: Clefable\n|move|p1a: Clefable|Moonblast|p2a: crash bandicoot\n|-supereffective|p2a: crash bandicoot\n|-damage|p2a: crash bandicoot|21\/100\n|\n|upkeep\n|turn|2\n|\n|t:|1659890145\n|switch|p2a: fire and flames|Heatran, M|100\/100\n|-item|p2a: fire and flames|Air Balloon\n|switch|p1a: Toxapex|Toxapex, M|100\/100\n|\n|upkeep\n|turn|3\n|\n|t:|1659890149\n|switch|p1a: Urshifu|Urshifu-Rapid-Strike, M|100\/100\n|move|p2a: fire and flames|Stealth Rock|p1a: Urshifu\n|-sidestart|p1: JooshP|move: Stealth Rock\n|\n|upkeep\n|turn|4\n|\n|t:|1659890153\n|switch|p2a: gimme 1more turn|Ferrothorn, M|100\/100\n|move|p1a: Urshifu|Surging Strikes|p2a: gimme 1more turn\n|-resisted|p2a: gimme 1more turn\n|-crit|p2a: gimme 1more turn\n|-damage|p2a: gimme 1more turn|93\/100\n|-damage|p1a: Urshifu|88\/100|[from] ability: Iron Barbs|[of] p2a: gimme 1more turn\n|-damage|p1a: Urshifu|72\/100|[from] item: Rocky Helmet|[of] p2a: gimme 1more turn\n|-resisted|p2a: gimme 1more turn\n|-crit|p2a: gimme 1more turn\n|-damage|p2a: gimme 1more turn|84\/100\n|-damage|p1a: Urshifu|59\/100|[from] ability: Iron Barbs|[of] p2a: gimme 1more turn\n|-damage|p1a: Urshifu|43\/100|[from] item: Rocky Helmet|[of] p2a: gimme 1more turn\n|-resisted|p2a: gimme 1more turn\n|-crit|p2a: gimme 1more turn\n|-damage|p2a: gimme 1more turn|76\/100\n|-damage|p1a: Urshifu|31\/100|[from] ability: Iron Barbs|[of] p2a: gimme 1more turn\n|-damage|p1a: Urshifu|14\/100|[from] item: Rocky Helmet|[of] p2a: gimme 1more turn\n|-hitcount|p2a: gimme 1more turn|3\n|\n|upkeep\n|turn|5\n|inactive|LT92Pfizer has 120 seconds left.\n|\n|t:|1659890170\n|switch|p1a: Volcarona|Volcarona, F|100\/100\n|switch|p2a: feckless|Aegislash, F|100\/100\n|\n|upkeep\n|turn|6\n|\n|t:|1659890176\n|switch|p1a: Urshifu|Urshifu-Rapid-Strike, M|14\/100\n|-damage|p1a: Urshifu|8\/100|[from] Stealth Rock\n|switch|p2a: fire and flames|Heatran, M|100\/100\n|-item|p2a: fire and flames|Air Balloon\n|\n|upkeep\n|turn|7\n|\n|t:|1659890181\n|switch|p2a: feckless|Aegislash, F|100\/100\n|move|p1a: Urshifu|Surging Strikes|p2a: feckless\n|-crit|p2a: feckless\n|-damage|p2a: feckless|72\/100\n|-crit|p2a: feckless\n|-damage|p2a: feckless|48\/100\n|-crit|p2a: feckless\n|-damage|p2a: feckless|22\/100\n|-hitcount|p2a: feckless|3\n|\n|upkeep\n|turn|8\n|\n|t:|1659890188\n|-formechange|p2a: feckless|Aegislash-Blade||[from] ability: Stance Change\n|move|p2a: feckless|Shadow Sneak|p1a: Urshifu\n|-damage|p1a: Urshifu|0 fnt\n|faint|p1a: Urshifu\n|\n|upkeep\n|c|\u2606LT92Pfizer|savage man\n|c|\u2606LT92Pfizer|doesn't care about the helmet\n|c|\u2606LT92Pfizer|i respect\n|inactive|JooshP has 120 seconds left.\n|c|\u2606JooshP|Thought you\u2019d go aegi the first time lmao\n|\n|t:|1659890225\n|switch|p1a: Volcarona|Volcarona, F|100\/100\n|turn|9\n|inactive|JooshP has 120 seconds left.\n|\n|t:|1659890238\n|switch|p2a: fire and flames|Heatran, M|100\/100\n|-item|p2a: fire and flames|Air Balloon\n|move|p1a: Volcarona|Bug Buzz|p2a: fire and flames\n|-resisted|p2a: fire and flames\n|-damage|p2a: fire and flames|89\/100\n|-enditem|p2a: fire and flames|Air Balloon\n|\n|upkeep\n|turn|10\n|inactive|JooshP has 120 seconds left.\n|\n|t:|1659890247\n|switch|p1a: Clefable|Clefable, F|100\/100\n|move|p2a: fire and flames|Magma Storm|p1a: Clefable\n|-damage|p1a: Clefable|63\/100\n|-activate|p1a: Clefable|move: Magma Storm|[of] p2a: fire and flames\n|\n|-heal|p1a: Clefable|69\/100|[from] item: Leftovers\n|upkeep\n|turn|11\n|\n|t:|1659890250\n|move|p2a: fire and flames|Eruption|p1a: Clefable\n|-damage|p1a: Clefable|19\/100\n|move|p1a: Clefable|Stealth Rock|p2a: fire and flames\n|-sidestart|p2: LT92Pfizer|move: Stealth Rock\n|\n|-heal|p1a: Clefable|25\/100|[from] item: Leftovers\n|upkeep\n|turn|12\n|c|\u2606LT92Pfizer|nuke\n|\n|t:|1659890259\n|move|p2a: fire and flames|Eruption|p1a: Clefable\n|-damage|p1a: Clefable|0 fnt\n|faint|p1a: Clefable\n|\n|upkeep\n|\n|t:|1659890262\n|switch|p1a: Volcarona|Volcarona, F|100\/100\n|turn|13\n|\n|t:|1659890267\n|switch|p1a: Toxapex|Toxapex, M|100\/100\n|-damage|p1a: Toxapex|88\/100|[from] Stealth Rock\n|move|p2a: fire and flames|Magma Storm|p1a: Toxapex\n|-resisted|p1a: Toxapex\n|-damage|p1a: Toxapex|66\/100\n|-activate|p1a: Toxapex|move: Magma Storm|[of] p2a: fire and flames\n|\n|-heal|p1a: Toxapex|71\/100|[from] item: Black Sludge\n|-damage|p1a: Toxapex|59\/100|[from] move: Magma Storm|[partiallytrapped]\n|upkeep\n|turn|14\n|c|\u2606JooshP|I miss clicked lmao\n|\n|t:|1659890282\n|move|p2a: fire and flames|Earth Power|p1a: Toxapex\n|-supereffective|p1a: Toxapex\n|-damage|p1a: Toxapex|8\/100\n|move|p1a: Toxapex|Recover|p1a: Toxapex\n|-heal|p1a: Toxapex|58\/100\n|\n|-heal|p1a: Toxapex|64\/100|[from] item: Black Sludge\n|-damage|p1a: Toxapex|52\/100|[from] move: Magma Storm|[partiallytrapped]\n|upkeep\n|turn|15\n|c|\u2606LT92Pfizer|sad\n|\n|t:|1659890287\n|move|p2a: fire and flames|Earth Power|p1a: Toxapex\n|-supereffective|p1a: Toxapex\n|-damage|p1a: Toxapex|3\/100\n|move|p1a: Toxapex|Knock Off|p2a: fire and flames\n|-damage|p2a: fire and flames|78\/100\n|\n|-heal|p1a: Toxapex|9\/100|[from] item: Black Sludge\n|-damage|p1a: Toxapex|0 fnt|[from] move: Magma Storm|[partiallytrapped]\n|faint|p1a: Toxapex\n|upkeep\n|\n|t:|1659890289\n|switch|p1a: Dragonite|Dragonite, M|100\/100\n|turn|16\n|\n|t:|1659890298\n|switch|p2a: gimme 1more turn|Ferrothorn, M|76\/100\n|-damage|p2a: gimme 1more turn|70\/100|[from] Stealth Rock\n|move|p1a: Dragonite|Earthquake|p2a: gimme 1more turn\n|-damage|p2a: gimme 1more turn|51\/100\n|\n|upkeep\n|turn|17\n|\n|t:|1659890301\n|switch|p1a: Skarmory|Skarmory, M|100\/100\n|-damage|p1a: Skarmory|88\/100|[from] Stealth Rock\n|move|p2a: gimme 1more turn|Leech Seed|p1a: Skarmory\n|-start|p1a: Skarmory|move: Leech Seed\n|\n|-damage|p1a: Skarmory|76\/100|[from] Leech Seed|[of] p2a: gimme 1more turn\n|-heal|p2a: gimme 1more turn|63\/100|[silent]\n|upkeep\n|turn|18\n|\n|t:|1659890310\n|move|p1a: Skarmory|Spikes|p2a: gimme 1more turn\n|-sidestart|p2: LT92Pfizer|Spikes\n|move|p2a: gimme 1more turn|Leech Seed||[still]\n|-fail|p2a: gimme 1more turn\n|\n|-damage|p1a: Skarmory|64\/100|[from] Leech Seed|[of] p2a: gimme 1more turn\n|-heal|p2a: gimme 1more turn|75\/100|[silent]\n|upkeep\n|turn|19\n|\n|t:|1659890320\n|switch|p1a: Volcarona|Volcarona, F|100\/100\n|switch|p2a: feckless|Aegislash, F|22\/100\n|-damage|p2a: feckless|16\/100|[from] Stealth Rock\n|-damage|p2a: feckless|4\/100|[from] Spikes\n|\n|upkeep\n|turn|20\n|\n|t:|1659890324\n|move|p1a: Volcarona|Flamethrower|p2a: feckless\n|-supereffective|p2a: feckless\n|-damage|p2a: feckless|0 fnt\n|faint|p2a: feckless\n|\n|upkeep\n|\n|t:|1659890337\n|switch|p2a: has nightmares|Zapdos-Galar|100\/100\n|-damage|p2a: has nightmares|88\/100|[from] Stealth Rock\n|turn|21\n|\n|t:|1659890341\n|switch|p1a: Skarmory|Skarmory, M|64\/100\n|-damage|p1a: Skarmory|51\/100|[from] Stealth Rock\n|move|p2a: has nightmares|Thunderous Kick|p1a: Skarmory\n|-damage|p1a: Skarmory|24\/100\n|-unboost|p1a: Skarmory|def|1\n|\n|upkeep\n|turn|22\n|\n|t:|1659890345\n|move|p2a: has nightmares|Thunderous Kick|p1a: Skarmory\n|-damage|p1a: Skarmory|0 fnt\n|faint|p1a: Skarmory\n|\n|upkeep\n|\n|t:|1659890352\n|switch|p1a: Volcarona|Volcarona, F|100\/100\n|turn|23\n|\n|t:|1659890354\n|move|p1a: Volcarona|Quiver Dance|p1a: Volcarona\n|-boost|p1a: Volcarona|spa|1\n|-boost|p1a: Volcarona|spd|1\n|-boost|p1a: Volcarona|spe|1\n|move|p2a: has nightmares|Brave Bird|p1a: Volcarona\n|-supereffective|p1a: Volcarona\n|-damage|p1a: Volcarona|0 fnt\n|faint|p1a: Volcarona\n|-damage|p2a: has nightmares|56\/100|[from] Recoil\n|\n|upkeep\n|\n|t:|1659890357\n|switch|p1a: Dragonite|Dragonite, M|100\/100\n|turn|24\n|\n|t:|1659890361\n|move|p2a: has nightmares|U-turn|p1a: Dragonite\n|-resisted|p1a: Dragonite\n|-damage|p1a: Dragonite|94\/100\n|c| lt92pf cuzzie|Omy\n|\n|t:|1659890366\n|switch|p2a: seeking justice|Landorus-Therian, M|100\/100|[from]move: U-turn\n|-damage|p2a: seeking justice|88\/100|[from] Stealth Rock\n|-ability|p2a: seeking justice|Intimidate|boost\n|-unboost|p1a: Dragonite|atk|1\n|move|p1a: Dragonite|Dragon Dance|p1a: Dragonite\n|-boost|p1a: Dragonite|atk|1\n|-boost|p1a: Dragonite|spe|1\n|\n|upkeep\n|turn|25\n|c|\u2606JooshP|Welp, this has been an embarrassing showing lol\n|c|\u2606JooshP|GG\n|\n|t:|1659890380\n|move|p2a: seeking justice|Stone Edge|p1a: Dragonite\n|-supereffective|p1a: Dragonite\n|-damage|p1a: Dragonite|6\/100\n|move|p1a: Dragonite|Ice Punch|p2a: seeking justice\n|-supereffective|p2a: seeking justice\n|-damage|p2a: seeking justice|0 fnt\n|faint|p2a: seeking justice\n|\n|upkeep\n|c|\u2606LT92Pfizer|gg\n|c|\u2606LT92Pfizer|didn't even abuse him not having a shadow resist\n|c|\u2606LT92Pfizer|er\n|c|\u2606LT92Pfizer|ghost\n|\n|t:|1659890394\n|switch|p2a: gimme 1more turn|Ferrothorn, M|75\/100\n|-damage|p2a: gimme 1more turn|69\/100|[from] Stealth Rock\n|-damage|p2a: gimme 1more turn|56\/100|[from] Spikes\n|turn|26\n|c| lt92pf cuzzie|Shadow indeed\n|\n|t:|1659890397\n|move|p1a: Dragonite|Roost|p1a: Dragonite\n|-heal|p1a: Dragonite|57\/100\n|-singleturn|p1a: Dragonite|move: Roost\n|move|p2a: gimme 1more turn|Leech Seed|p1a: Dragonite\n|-start|p1a: Dragonite|move: Leech Seed\n|\n|-damage|p1a: Dragonite|44\/100|[from] Leech Seed|[of] p2a: gimme 1more turn\n|-heal|p2a: gimme 1more turn|68\/100|[silent]\n|upkeep\n|turn|27\n|c|\u2606LT92Pfizer|LOL\n|c|\u2606JooshP|Bird type\n|c| lt92pf cuzzie|Yui espeed dnite\n|\n|t:|1659890405\n|move|p1a: Dragonite|Dragon Dance|p1a: Dragonite\n|-boost|p1a: Dragonite|atk|1\n|-boost|p1a: Dragonite|spe|1\n|move|p2a: gimme 1more turn|Thunder Wave|p1a: Dragonite\n|-status|p1a: Dragonite|par\n|\n|-damage|p1a: Dragonite|32\/100 par|[from] Leech Seed|[of] p2a: gimme 1more turn\n|-heal|p2a: gimme 1more turn|79\/100|[silent]\n|upkeep\n|turn|28\n|\n|t:|1659890425\n|switch|p2a: has nightmares|Zapdos-Galar|56\/100\n|-damage|p2a: has nightmares|43\/100|[from] Stealth Rock\n|move|p1a: Dragonite|Roost|p1a: Dragonite\n|-heal|p1a: Dragonite|82\/100 par\n|-singleturn|p1a: Dragonite|move: Roost\n|\n|-damage|p1a: Dragonite|70\/100 par|[from] Leech Seed|[of] p2a: has nightmares\n|-heal|p2a: has nightmares|56\/100|[silent]\n|upkeep\n|turn|29\n|\n|t:|1659890430\n|move|p2a: has nightmares|Brave Bird|p1a: Dragonite\n|-damage|p1a: Dragonite|5\/100 par\n|-damage|p2a: has nightmares|35\/100|[from] Recoil\n|move|p1a: Dragonite|Dragon Dance|p1a: Dragonite\n|-boost|p1a: Dragonite|atk|1\n|-boost|p1a: Dragonite|spe|1\n|\n|-damage|p1a: Dragonite|0 fnt|[from] Leech Seed|[of] p2a: has nightmares\n|-heal|p2a: has nightmares|40\/100|[silent]\n|faint|p1a: Dragonite\n|\n|win|LT92Pfizer\n|upkeep\n|raw|JooshP's rating: 1721 &rarr; <strong>1697<\/strong><br \/>(-24 for losing)\n|raw|LT92Pfizer's rating: 1654 &rarr; <strong>1678<\/strong><br \/>(+24 for winning)\n|c|\u2606LT92Pfizer|beebee\n|c|\u2606LT92Pfizer|geegee\n|c|\u2606LT92Pfizer|bb for the gg\n|c|\u2606JooshP|gg\n|l|\u2606JooshP\n||Ladder isn't responding, score probably updated but might not have (Request timeout).\n","uploadtime":1659890445,"views":36,"p1id":"jooshp","p2id":"lt92pfizer","formatid":"gen8ou","rating":1678,"private":0,"password":null}