{"id":"gen8ou-1681543187","p1":"fa kin nob tem","p2":"misplayin","format":"gen8ou","log":"|j|\u2606fa kin nob tem\n|j|\u2606misplayin\n|t:|1665329114\n|gametype|singles\n|player|p1|fa kin nob tem|266|1620\n|player|p2|misplayin|pokemonrangerf-gen4|1735\n|teamsize|p1|6\n|teamsize|p2|6\n|gen|8\n|tier|[Gen 8] OU\n|rated|\n|rule|Sleep Clause Mod: Limit one foe put to sleep\n|rule|Species Clause: Limit one of each Pok\u00e9mon\n|rule|OHKO Clause: OHKO moves are banned\n|rule|Evasion Items Clause: Evasion items are banned\n|rule|Evasion Moves Clause: Evasion moves are banned\n|rule|Endless Battle Clause: Forcing endless battles is banned\n|rule|HP Percentage Mod: HP is shown in percentages\n|rule|Dynamax Clause: You cannot dynamax\n|clearpoke\n|poke|p1|Lanturn, F|\n|poke|p1|Tapu Bulu|\n|poke|p1|Heatran, M|\n|poke|p1|Clefable, F|\n|poke|p1|Corviknight, M|\n|poke|p1|Kartana|\n|poke|p2|Obstagoon, F|\n|poke|p2|Garchomp, F|\n|poke|p2|Pelipper, F|\n|poke|p2|Buzzwole|\n|poke|p2|Tornadus-Therian, M|\n|poke|p2|Tapu Koko|\n|teampreview\n|inactive|Battle timer is ON: inactive players will automatically lose when time's up. (requested by misplayin)\n|inactive|fa kin nob tem also wants the timer to be on.\n|inactive|misplayin has 120 seconds left.\n|\n|t:|1665329171\n|start\n|switch|p1a: Tapu Bulu|Tapu Bulu|100\/100\n|switch|p2a: Garchomp|Garchomp, F|100\/100\n|-fieldstart|move: Grassy Terrain|[from] ability: Grassy Surge|[of] p1a: Tapu Bulu\n|turn|1\n|\n|t:|1665329177\n|switch|p2a: Buzzwole|Buzzwole|100\/100\n|move|p1a: Tapu Bulu|Toxic|p2a: Buzzwole\n|-status|p2a: Buzzwole|tox\n|\n|-damage|p2a: Buzzwole|94\/100 tox|[from] psn\n|upkeep\n|turn|2\n|\n|t:|1665329183\n|switch|p2a: Pelipper|Pelipper, F|100\/100\n|-weather|RainDance|[from] ability: Drizzle|[of] p2a: Pelipper\n|switch|p1a: Corviknight|Corviknight, M|100\/100\n|-ability|p1a: Corviknight|Pressure\n|\n|-weather|RainDance|[upkeep]\n|upkeep\n|turn|3\n|\n|t:|1665329186\n|switch|p1a: Lanturn|Lanturn, F|100\/100\n|move|p2a: Pelipper|Weather Ball|p1a: Lanturn\n|-resisted|p1a: Lanturn\n|-damage|p1a: Lanturn|64\/100\n|\n|-weather|RainDance|[upkeep]\n|-heal|p1a: Lanturn|70\/100|[from] Grassy Terrain\n|-heal|p1a: Lanturn|77\/100|[from] item: Leftovers\n|upkeep\n|turn|4\n|\n|t:|1665329192\n|switch|p2a: Garchomp|Garchomp, F|100\/100\n|move|p1a: Lanturn|Scald|p2a: Garchomp\n|-damage|p2a: Garchomp|78\/100\n|\n|-weather|RainDance|[upkeep]\n|-heal|p2a: Garchomp|84\/100|[from] Grassy Terrain\n|-heal|p2a: Garchomp|90\/100|[from] item: Leftovers\n|-heal|p1a: Lanturn|83\/100|[from] Grassy Terrain\n|-heal|p1a: Lanturn|89\/100|[from] item: Leftovers\n|upkeep\n|turn|5\n|\n|t:|1665329203\n|move|p2a: Garchomp|Stealth Rock|p1a: Lanturn\n|-sidestart|p1: fa kin nob tem|move: Stealth Rock\n|move|p1a: Lanturn|Scald|p2a: Garchomp\n|-damage|p2a: Garchomp|67\/100\n|\n|-weather|RainDance|[upkeep]\n|-heal|p2a: Garchomp|73\/100|[from] Grassy Terrain\n|-heal|p2a: Garchomp|79\/100|[from] item: Leftovers\n|-heal|p1a: Lanturn|95\/100|[from] Grassy Terrain\n|-heal|p1a: Lanturn|100\/100|[from] item: Leftovers\n|-fieldend|move: Grassy Terrain\n|upkeep\n|turn|6\n|\n|t:|1665329206\n|switch|p1a: Tapu Bulu|Tapu Bulu|100\/100\n|-damage|p1a: Tapu Bulu|88\/100|[from] Stealth Rock\n|-fieldstart|move: Grassy Terrain|[from] ability: Grassy Surge|[of] p1a: Tapu Bulu\n|move|p2a: Garchomp|Protect||[still]\n|-fail|p2a: Garchomp\n|\n|-weather|none\n|-heal|p2a: Garchomp|85\/100|[from] Grassy Terrain\n|-heal|p2a: Garchomp|92\/100|[from] item: Leftovers\n|-heal|p1a: Tapu Bulu|94\/100|[from] Grassy Terrain\n|-heal|p1a: Tapu Bulu|100\/100|[from] item: Leftovers\n|upkeep\n|turn|7\n|\n|t:|1665329212\n|switch|p2a: Buzzwole|Buzzwole|94\/100 tox\n|move|p1a: Tapu Bulu|Toxic|p2a: Buzzwole\n|-fail|p2a: Buzzwole|tox\n|\n|-heal|p2a: Buzzwole|100\/100 tox|[from] Grassy Terrain\n|-damage|p2a: Buzzwole|94\/100 tox|[from] psn\n|upkeep\n|turn|8\n|\n|t:|1665329218\n|switch|p2a: Pelipper|Pelipper, F|100\/100\n|-weather|RainDance|[from] ability: Drizzle|[of] p2a: Pelipper\n|switch|p1a: Corviknight|Corviknight, M|100\/100\n|-damage|p1a: Corviknight|88\/100|[from] Stealth Rock\n|-ability|p1a: Corviknight|Pressure\n|\n|-weather|RainDance|[upkeep]\n|upkeep\n|turn|9\n|\n|t:|1665329222\n|switch|p1a: Lanturn|Lanturn, F|100\/100\n|-damage|p1a: Lanturn|88\/100|[from] Stealth Rock\n|move|p2a: Pelipper|Weather Ball|p1a: Lanturn\n|-resisted|p1a: Lanturn\n|-damage|p1a: Lanturn|56\/100\n|\n|-weather|RainDance|[upkeep]\n|-heal|p1a: Lanturn|63\/100|[from] Grassy Terrain\n|-heal|p1a: Lanturn|69\/100|[from] item: Leftovers\n|upkeep\n|turn|10\n|\n|t:|1665329228\n|switch|p2a: Garchomp|Garchomp, F|92\/100\n|move|p1a: Lanturn|Scald|p2a: Garchomp\n|-damage|p2a: Garchomp|69\/100\n|\n|-weather|RainDance|[upkeep]\n|-heal|p2a: Garchomp|76\/100|[from] Grassy Terrain\n|-heal|p2a: Garchomp|82\/100|[from] item: Leftovers\n|-heal|p1a: Lanturn|75\/100|[from] Grassy Terrain\n|-heal|p1a: Lanturn|81\/100|[from] item: Leftovers\n|-fieldend|move: Grassy Terrain\n|upkeep\n|turn|11\n|\n|t:|1665329232\n|switch|p1a: Corviknight|Corviknight, M|88\/100\n|-damage|p1a: Corviknight|75\/100|[from] Stealth Rock\n|-ability|p1a: Corviknight|Pressure\n|move|p2a: Garchomp|Toxic|p1a: Corviknight\n|-immune|p1a: Corviknight\n|\n|-weather|RainDance|[upkeep]\n|-heal|p2a: Garchomp|88\/100|[from] item: Leftovers\n|upkeep\n|turn|12\n|\n|t:|1665329235\n|move|p2a: Garchomp|Protect|p2a: Garchomp\n|-singleturn|p2a: Garchomp|Protect\n|move|p1a: Corviknight|Defog|p2a: Garchomp\n|-activate|p2a: Garchomp|move: Protect\n|\n|-weather|none\n|-heal|p2a: Garchomp|94\/100|[from] item: Leftovers\n|upkeep\n|turn|13\n|\n|t:|1665329238\n|switch|p2a: Pelipper|Pelipper, F|100\/100\n|-weather|RainDance|[from] ability: Drizzle|[of] p2a: Pelipper\n|move|p1a: Corviknight|Defog|p2a: Pelipper\n|-unboost|p2a: Pelipper|evasion|1\n|-sideend|p1: fa kin nob tem|Stealth Rock|[from] move: Defog|[of] p1a: Corviknight\n|\n|-weather|RainDance|[upkeep]\n|upkeep\n|turn|14\n|\n|t:|1665329246\n|switch|p1a: Lanturn|Lanturn, F|81\/100\n|move|p2a: Pelipper|Weather Ball|p1a: Lanturn\n|-resisted|p1a: Lanturn\n|-damage|p1a: Lanturn|49\/100\n|\n|-weather|RainDance|[upkeep]\n|-heal|p1a: Lanturn|55\/100|[from] item: Leftovers\n|upkeep\n|turn|15\n|\n|t:|1665329251\n|switch|p2a: Garchomp|Garchomp, F|94\/100\n|move|p1a: Lanturn|Volt Switch|p2a: Garchomp\n|-immune|p2a: Garchomp\n|\n|-weather|RainDance|[upkeep]\n|-heal|p2a: Garchomp|100\/100|[from] item: Leftovers\n|-heal|p1a: Lanturn|61\/100|[from] item: Leftovers\n|upkeep\n|turn|16\n|\n|t:|1665329255\n|switch|p1a: Tapu Bulu|Tapu Bulu|100\/100\n|-fieldstart|move: Grassy Terrain|[from] ability: Grassy Surge|[of] p1a: Tapu Bulu\n|move|p2a: Garchomp|Toxic|p1a: Tapu Bulu\n|-status|p1a: Tapu Bulu|tox\n|\n|-weather|RainDance|[upkeep]\n|-damage|p1a: Tapu Bulu|94\/100 tox|[from] psn\n|upkeep\n|turn|17\n|\n|t:|1665329259\n|switch|p2a: Buzzwole|Buzzwole|94\/100 tox\n|move|p1a: Tapu Bulu|Horn Leech|p2a: Buzzwole\n|-resisted|p2a: Buzzwole\n|-damage|p2a: Buzzwole|81\/100 tox\n|-heal|p1a: Tapu Bulu|100\/100 tox|[from] drain|[of] p2a: Buzzwole\n|-damage|p1a: Tapu Bulu|84\/100 tox|[from] item: Rocky Helmet|[of] p2a: Buzzwole\n|\n|-weather|none\n|-heal|p2a: Buzzwole|88\/100 tox|[from] Grassy Terrain\n|-heal|p1a: Tapu Bulu|90\/100 tox|[from] Grassy Terrain\n|-heal|p1a: Tapu Bulu|96\/100 tox|[from] item: Leftovers\n|-damage|p2a: Buzzwole|81\/100 tox|[from] psn\n|-damage|p1a: Tapu Bulu|84\/100 tox|[from] psn\n|upkeep\n|turn|18\n|\n|t:|1665329263\n|switch|p1a: Corviknight|Corviknight, M|75\/100\n|-ability|p1a: Corviknight|Pressure\n|move|p2a: Buzzwole|Ice Punch|p1a: Corviknight\n|-damage|p1a: Corviknight|61\/100\n|-damage|p2a: Buzzwole|65\/100 tox|[from] item: Rocky Helmet|[of] p1a: Corviknight\n|\n|-heal|p2a: Buzzwole|71\/100 tox|[from] Grassy Terrain\n|-damage|p2a: Buzzwole|59\/100 tox|[from] psn\n|upkeep\n|turn|19\n|\n|t:|1665329268\n|move|p2a: Buzzwole|Roost|p2a: Buzzwole\n|-heal|p2a: Buzzwole|100\/100 tox\n|-singleturn|p2a: Buzzwole|move: Roost\n|move|p1a: Corviknight|Roost|p1a: Corviknight\n|-heal|p1a: Corviknight|100\/100\n|-singleturn|p1a: Corviknight|move: Roost\n|\n|-damage|p2a: Buzzwole|82\/100 tox|[from] psn\n|upkeep\n|turn|20\n|\n|t:|1665329271\n|switch|p2a: Garchomp|Garchomp, F|100\/100\n|switch|p1a: Lanturn|Lanturn, F|61\/100\n|\n|-heal|p1a: Lanturn|67\/100|[from] Grassy Terrain\n|-heal|p1a: Lanturn|74\/100|[from] item: Leftovers\n|-fieldend|move: Grassy Terrain\n|upkeep\n|turn|21\n|\n|t:|1665329274\n|switch|p1a: Tapu Bulu|Tapu Bulu|84\/100 tox\n|-fieldstart|move: Grassy Terrain|[from] ability: Grassy Surge|[of] p1a: Tapu Bulu\n|move|p2a: Garchomp|Stealth Rock|p1a: Tapu Bulu\n|-sidestart|p1: fa kin nob tem|move: Stealth Rock\n|\n|-heal|p1a: Tapu Bulu|90\/100 tox|[from] Grassy Terrain\n|-heal|p1a: Tapu Bulu|96\/100 tox|[from] item: Leftovers\n|-damage|p1a: Tapu Bulu|90\/100 tox|[from] psn\n|upkeep\n|turn|22\n|\n|t:|1665329278\n|switch|p2a: Pelipper|Pelipper, F|100\/100\n|-weather|RainDance|[from] ability: Drizzle|[of] p2a: Pelipper\n|switch|p1a: Corviknight|Corviknight, M|100\/100\n|-damage|p1a: Corviknight|88\/100|[from] Stealth Rock\n|-ability|p1a: Corviknight|Pressure\n|\n|-weather|RainDance|[upkeep]\n|upkeep\n|turn|23\n|\n|t:|1665329281\n|switch|p1a: Lanturn|Lanturn, F|74\/100\n|-damage|p1a: Lanturn|61\/100|[from] Stealth Rock\n|move|p2a: Pelipper|Weather Ball|p1a: Lanturn\n|-resisted|p1a: Lanturn\n|-damage|p1a: Lanturn|27\/100\n|\n|-weather|RainDance|[upkeep]\n|-heal|p1a: Lanturn|34\/100|[from] Grassy Terrain\n|-heal|p1a: Lanturn|40\/100|[from] item: Leftovers\n|upkeep\n|turn|24\n|\n|t:|1665329284\n|move|p2a: Pelipper|Weather Ball|p1a: Lanturn\n|-resisted|p1a: Lanturn\n|-damage|p1a: Lanturn|6\/100\n|move|p1a: Lanturn|Scald|p2a: Pelipper\n|-resisted|p2a: Pelipper\n|-damage|p2a: Pelipper|74\/100\n|\n|-weather|RainDance|[upkeep]\n|-heal|p1a: Lanturn|13\/100|[from] Grassy Terrain\n|-heal|p1a: Lanturn|19\/100|[from] item: Leftovers\n|upkeep\n|turn|25\n|\n|t:|1665329287\n|move|p2a: Pelipper|Weather Ball|p1a: Lanturn\n|-resisted|p1a: Lanturn\n|-damage|p1a: Lanturn|0 fnt\n|faint|p1a: Lanturn\n|\n|-weather|RainDance|[upkeep]\n|-fieldend|move: Grassy Terrain\n|upkeep\n|\n|t:|1665329288\n|switch|p1a: Kartana|Kartana|100\/100\n|-damage|p1a: Kartana|94\/100|[from] Stealth Rock\n|turn|26\n|\n|t:|1665329291\n|switch|p2a: Buzzwole|Buzzwole|82\/100 tox\n|move|p1a: Kartana|Leaf Blade|p2a: Buzzwole\n|-resisted|p2a: Buzzwole\n|-damage|p2a: Buzzwole|60\/100 tox\n|-damage|p1a: Kartana|78\/100|[from] item: Rocky Helmet|[of] p2a: Buzzwole\n|\n|-weather|none\n|-damage|p2a: Buzzwole|54\/100 tox|[from] psn\n|upkeep\n|turn|27\n|\n|t:|1665329296\n|switch|p1a: Heatran|Heatran, M|100\/100\n|-damage|p1a: Heatran|88\/100|[from] Stealth Rock\n|move|p2a: Buzzwole|Roost|p2a: Buzzwole\n|-heal|p2a: Buzzwole|100\/100 tox\n|-singleturn|p2a: Buzzwole|move: Roost\n|\n|-heal|p1a: Heatran|94\/100|[from] item: Leftovers\n|-damage|p2a: Buzzwole|88\/100 tox|[from] psn\n|upkeep\n|turn|28\n|\n|t:|1665329300\n|switch|p2a: Garchomp|Garchomp, F|100\/100\n|move|p1a: Heatran|Stealth Rock|p2a: Garchomp\n|-sidestart|p2: misplayin|move: Stealth Rock\n|\n|-heal|p1a: Heatran|100\/100|[from] item: Leftovers\n|upkeep\n|turn|29\n|\n|t:|1665329306\n|switch|p2a: Tapu Koko|Tapu Koko|100\/100\n|-fieldstart|move: Electric Terrain|[from] ability: Electric Surge|[of] p2a: Tapu Koko\n|move|p1a: Heatran|Toxic|p2a: Tapu Koko\n|-status|p2a: Tapu Koko|tox\n|\n|-damage|p2a: Tapu Koko|94\/100 tox|[from] psn\n|upkeep\n|turn|30\n|\n|t:|1665329309\n|move|p2a: Tapu Koko|U-turn|p1a: Heatran\n|-resisted|p1a: Heatran\n|-damage|p1a: Heatran|98\/100\n|\n|t:|1665329311\n|switch|p2a: Garchomp|Garchomp, F|100\/100|[from]move: U-turn\n|-damage|p2a: Garchomp|94\/100|[from] Stealth Rock\n|move|p1a: Heatran|Lava Plume|p2a: Garchomp\n|-resisted|p2a: Garchomp\n|-damage|p2a: Garchomp|83\/100\n|-status|p2a: Garchomp|brn\n|\n|-heal|p2a: Garchomp|89\/100 brn|[from] item: Leftovers\n|-heal|p1a: Heatran|100\/100|[from] item: Leftovers\n|-damage|p2a: Garchomp|83\/100 brn|[from] brn\n|upkeep\n|turn|31\n|\n|t:|1665329315\n|switch|p1a: Corviknight|Corviknight, M|88\/100\n|-damage|p1a: Corviknight|75\/100|[from] Stealth Rock\n|-ability|p1a: Corviknight|Pressure\n|move|p2a: Garchomp|Earthquake|p1a: Corviknight\n|-immune|p1a: Corviknight\n|\n|-heal|p2a: Garchomp|89\/100 brn|[from] item: Leftovers\n|-damage|p2a: Garchomp|83\/100 brn|[from] brn\n|upkeep\n|turn|32\n|\n|t:|1665329322\n|switch|p2a: Tapu Koko|Tapu Koko|94\/100 tox\n|move|p1a: Corviknight|Roost|p1a: Corviknight\n|-heal|p1a: Corviknight|100\/100\n|-singleturn|p1a: Corviknight|move: Roost\n|\n|-damage|p2a: Tapu Koko|88\/100 tox|[from] psn\n|upkeep\n|turn|33\n|\n|t:|1665329325\n|switch|p1a: Tapu Bulu|Tapu Bulu|90\/100 tox\n|-damage|p1a: Tapu Bulu|78\/100 tox|[from] Stealth Rock\n|-fieldstart|move: Grassy Terrain|[from] ability: Grassy Surge|[of] p1a: Tapu Bulu\n|move|p2a: Tapu Koko|Defog|p1a: Tapu Bulu\n|-unboost|p1a: Tapu Bulu|evasion|1\n|-sideend|p1: fa kin nob tem|Stealth Rock|[from] move: Defog|[of] p2a: Tapu Koko\n|-sideend|p2: misplayin|Stealth Rock|[from] move: Defog|[of] p2a: Tapu Koko\n|-fieldend|move: Grassy Terrain\n|\n|-heal|p1a: Tapu Bulu|84\/100 tox|[from] item: Leftovers\n|-damage|p2a: Tapu Koko|76\/100 tox|[from] psn\n|-damage|p1a: Tapu Bulu|78\/100 tox|[from] psn\n|upkeep\n|turn|34\n|\n|t:|1665329333\n|move|p2a: Tapu Koko|U-turn|p1a: Tapu Bulu\n|-damage|p1a: Tapu Bulu|65\/100 tox\n|\n|t:|1665329337\n|switch|p2a: Buzzwole|Buzzwole|88\/100 tox|[from]move: U-turn\n|move|p1a: Tapu Bulu|Horn Leech|p2a: Buzzwole\n|-resisted|p2a: Buzzwole\n|-damage|p2a: Buzzwole|77\/100 tox\n|-heal|p1a: Tapu Bulu|71\/100 tox|[from] drain|[of] p2a: Buzzwole\n|-damage|p1a: Tapu Bulu|55\/100 tox|[from] item: Rocky Helmet|[of] p2a: Buzzwole\n|\n|-heal|p1a: Tapu Bulu|61\/100 tox|[from] item: Leftovers\n|-damage|p2a: Buzzwole|71\/100 tox|[from] psn\n|-damage|p1a: Tapu Bulu|49\/100 tox|[from] psn\n|upkeep\n|turn|35\n|\n|t:|1665329352\n|switch|p2a: Pelipper|Pelipper, F|74\/100\n|-weather|RainDance|[from] ability: Drizzle|[of] p2a: Pelipper\n|switch|p1a: Heatran|Heatran, M|100\/100\n|\n|-weather|RainDance|[upkeep]\n|upkeep\n|turn|36\n|\n|t:|1665329354\n|move|p1a: Heatran|Protect|p1a: Heatran\n|-singleturn|p1a: Heatran|Protect\n|move|p2a: Pelipper|Weather Ball|p1a: Heatran\n|-activate|p1a: Heatran|move: Protect\n|\n|-weather|RainDance|[upkeep]\n|upkeep\n|turn|37\n|\n|t:|1665329361\n|switch|p1a: Tapu Bulu|Tapu Bulu|49\/100 tox\n|-fieldstart|move: Grassy Terrain|[from] ability: Grassy Surge|[of] p1a: Tapu Bulu\n|move|p2a: Pelipper|Weather Ball|p1a: Tapu Bulu\n|-resisted|p1a: Tapu Bulu\n|-damage|p1a: Tapu Bulu|0 fnt\n|faint|p1a: Tapu Bulu\n|\n|-weather|RainDance|[upkeep]\n|upkeep\n|\n|t:|1665329362\n|switch|p1a: Kartana|Kartana|78\/100\n|turn|38\n|\n|t:|1665329366\n|switch|p2a: Tornadus|Tornadus-Therian, M|100\/100\n|move|p1a: Kartana|Leaf Blade|p2a: Tornadus\n|-resisted|p2a: Tornadus\n|-damage|p2a: Tornadus|28\/100\n|\n|-weather|RainDance|[upkeep]\n|-heal|p1a: Kartana|84\/100|[from] Grassy Terrain\n|upkeep\n|turn|39\n|\n|t:|1665329370\n|switch|p2a: Buzzwole|Buzzwole|71\/100 tox\n|move|p1a: Kartana|Leaf Blade|p2a: Buzzwole\n|-resisted|p2a: Buzzwole\n|-damage|p2a: Buzzwole|39\/100 tox\n|-damage|p1a: Kartana|67\/100|[from] item: Rocky Helmet|[of] p2a: Buzzwole\n|\n|-weather|none\n|-heal|p1a: Kartana|73\/100|[from] Grassy Terrain\n|-heal|p2a: Buzzwole|45\/100 tox|[from] Grassy Terrain\n|-damage|p2a: Buzzwole|39\/100 tox|[from] psn\n|upkeep\n|turn|40\n|\n|t:|1665329377\n|switch|p1a: Corviknight|Corviknight, M|100\/100\n|-ability|p1a: Corviknight|Pressure\n|move|p2a: Buzzwole|Roost|p2a: Buzzwole\n|-heal|p2a: Buzzwole|89\/100 tox\n|-singleturn|p2a: Buzzwole|move: Roost\n|\n|-heal|p2a: Buzzwole|95\/100 tox|[from] Grassy Terrain\n|-damage|p2a: Buzzwole|83\/100 tox|[from] psn\n|upkeep\n|turn|41\n|\n|t:|1665329387\n|switch|p2a: Tapu Koko|Tapu Koko|76\/100 tox\n|-fieldstart|move: Electric Terrain|[from] ability: Electric Surge|[of] p2a: Tapu Koko\n|move|p1a: Corviknight|Brave Bird|p2a: Tapu Koko\n|-resisted|p2a: Tapu Koko\n|-crit|p2a: Tapu Koko\n|-damage|p2a: Tapu Koko|36\/100 tox\n|-damage|p1a: Corviknight|91\/100|[from] Recoil\n|\n|-damage|p2a: Tapu Koko|30\/100 tox|[from] psn\n|upkeep\n|turn|42\n|\n|t:|1665329391\n|move|p2a: Tapu Koko|Thunderbolt|p1a: Corviknight\n|-supereffective|p1a: Corviknight\n|-damage|p1a: Corviknight|0 fnt\n|faint|p1a: Corviknight\n|\n|-damage|p2a: Tapu Koko|18\/100 tox|[from] psn\n|upkeep\n|\n|t:|1665329394\n|switch|p1a: Kartana|Kartana|73\/100\n|turn|43\n|\n|t:|1665329397\n|switch|p2a: Buzzwole|Buzzwole|83\/100 tox\n|switch|p1a: Heatran|Heatran, M|100\/100\n|\n|-damage|p2a: Buzzwole|77\/100 tox|[from] psn\n|upkeep\n|turn|44\n|\n|t:|1665329402\n|switch|p2a: Pelipper|Pelipper, F|74\/100\n|-weather|RainDance|[from] ability: Drizzle|[of] p2a: Pelipper\n|move|p1a: Heatran|Stealth Rock|p2a: Pelipper\n|-sidestart|p2: misplayin|move: Stealth Rock\n|\n|-weather|RainDance|[upkeep]\n|upkeep\n|turn|45\n|\n|t:|1665329404\n|move|p1a: Heatran|Protect|p1a: Heatran\n|-singleturn|p1a: Heatran|Protect\n|move|p2a: Pelipper|Weather Ball|p1a: Heatran\n|-activate|p1a: Heatran|move: Protect\n|\n|-weather|RainDance|[upkeep]\n|-fieldend|move: Electric Terrain\n|upkeep\n|turn|46\n|\n|t:|1665329409\n|move|p2a: Pelipper|Weather Ball|p1a: Heatran\n|-supereffective|p1a: Heatran\n|-damage|p1a: Heatran|0 fnt\n|faint|p1a: Heatran\n|\n|-weather|RainDance|[upkeep]\n|upkeep\n|\n|t:|1665329411\n|switch|p1a: Kartana|Kartana|73\/100\n|turn|47\n|\n|t:|1665329419\n|switch|p2a: Buzzwole|Buzzwole|77\/100 tox\n|-damage|p2a: Buzzwole|64\/100 tox|[from] Stealth Rock\n|move|p1a: Kartana|Smart Strike|p2a: Buzzwole\n|-damage|p2a: Buzzwole|26\/100 tox\n|-damage|p1a: Kartana|57\/100|[from] item: Rocky Helmet|[of] p2a: Buzzwole\n|\n|-weather|RainDance|[upkeep]\n|-damage|p2a: Buzzwole|20\/100 tox|[from] psn\n|upkeep\n|turn|48\n|j| Pinkmons are funny\n|l| Pinkmons are funny\n|\n|t:|1665329424\n|move|p1a: Kartana|Smart Strike|p2a: Buzzwole\n|-damage|p2a: Buzzwole|0 fnt\n|-damage|p1a: Kartana|40\/100|[from] item: Rocky Helmet|[of] p2a: Buzzwole\n|faint|p2a: Buzzwole\n|-ability|p1a: Kartana|Beast Boost|boost\n|-boost|p1a: Kartana|atk|1\n|\n|-weather|none\n|upkeep\n|\n|t:|1665329427\n|switch|p2a: Garchomp|Garchomp, F|83\/100 brn\n|-damage|p2a: Garchomp|76\/100 brn|[from] Stealth Rock\n|turn|49\n|\n|t:|1665329430\n|switch|p1a: Clefable|Clefable, F|100\/100\n|move|p2a: Garchomp|Earthquake|p1a: Clefable\n|-damage|p1a: Clefable|78\/100\n|\n|-heal|p2a: Garchomp|83\/100 brn|[from] item: Leftovers\n|-heal|p1a: Clefable|84\/100|[from] item: Leftovers\n|-damage|p2a: Garchomp|76\/100 brn|[from] brn\n|upkeep\n|turn|50\n|\n|t:|1665329435\n|switch|p2a: Pelipper|Pelipper, F|74\/100\n|-damage|p2a: Pelipper|49\/100|[from] Stealth Rock\n|-weather|RainDance|[from] ability: Drizzle|[of] p2a: Pelipper\n|move|p1a: Clefable|Wish|p1a: Clefable\n|\n|-weather|RainDance|[upkeep]\n|-heal|p1a: Clefable|90\/100|[from] item: Leftovers\n|upkeep\n|turn|51\n|\n|t:|1665329440\n|move|p2a: Pelipper|Weather Ball|p1a: Clefable\n|-damage|p1a: Clefable|17\/100\n|move|p1a: Clefable|Moonblast|p2a: Pelipper\n|-damage|p2a: Pelipper|0 fnt\n|faint|p2a: Pelipper\n|\n|-weather|RainDance|[upkeep]\n|-heal|p1a: Clefable|67\/100|[from] move: Wish|[wisher] Clefable\n|-heal|p1a: Clefable|73\/100|[from] item: Leftovers\n|upkeep\n|\n|t:|1665329447\n|switch|p2a: Tapu Koko|Tapu Koko|18\/100 tox\n|-fieldstart|move: Electric Terrain|[from] ability: Electric Surge|[of] p2a: Tapu Koko\n|turn|52\n|\n|t:|1665329452\n|move|p1a: Clefable|Protect|p1a: Clefable\n|-singleturn|p1a: Clefable|Protect\n|move|p2a: Tapu Koko|Thunderbolt|p1a: Clefable\n|-activate|p1a: Clefable|move: Protect\n|\n|-weather|RainDance|[upkeep]\n|-heal|p1a: Clefable|79\/100|[from] item: Leftovers\n|-damage|p2a: Tapu Koko|12\/100 tox|[from] psn\n|upkeep\n|turn|53\n|\n|t:|1665329455\n|move|p2a: Tapu Koko|Thunderbolt|p1a: Clefable\n|-damage|p1a: Clefable|46\/100\n|move|p1a: Clefable|Wish|p1a: Clefable\n|\n|-weather|RainDance|[upkeep]\n|-heal|p1a: Clefable|52\/100|[from] item: Leftovers\n|-damage|p2a: Tapu Koko|0 fnt|[from] psn\n|faint|p2a: Tapu Koko\n|upkeep\n|\n|t:|1665329459\n|switch|p2a: Obstagoon|Obstagoon, F|100\/100\n|-damage|p2a: Obstagoon|88\/100|[from] Stealth Rock\n|turn|54\n|\n|t:|1665329466\n|switch|p2a: Tornadus|Tornadus-Therian, M|62\/100\n|-damage|p2a: Tornadus|37\/100|[from] Stealth Rock\n|move|p1a: Clefable|Protect||[still]\n|-fail|p1a: Clefable\n|\n|-weather|none\n|-heal|p1a: Clefable|100\/100|[from] move: Wish|[wisher] Clefable\n|upkeep\n|turn|55\n|\n|t:|1665329470\n|move|p2a: Tornadus|Knock Off|p1a: Clefable\n|-resisted|p1a: Clefable\n|-damage|p1a: Clefable|89\/100\n|-enditem|p1a: Clefable|Leftovers|[from] move: Knock Off|[of] p2a: Tornadus\n|move|p1a: Clefable|Wish|p1a: Clefable\n|\n|upkeep\n|turn|56\n|\n|t:|1665329473\n|move|p2a: Tornadus|Hurricane|p1a: Clefable\n|-damage|p1a: Clefable|62\/100\n|move|p1a: Clefable|Moonblast|p2a: Tornadus\n|-damage|p2a: Tornadus|18\/100\n|-unboost|p2a: Tornadus|spa|1\n|\n|-heal|p1a: Clefable|100\/100|[from] move: Wish|[wisher] Clefable\n|-fieldend|move: Electric Terrain\n|upkeep\n|turn|57\n|\n|t:|1665329478\n|move|p2a: Tornadus|Hurricane|p1a: Clefable\n|-damage|p1a: Clefable|83\/100\n|move|p1a: Clefable|Wish|p1a: Clefable\n|\n|upkeep\n|turn|58\n|\n|t:|1665329481\n|move|p2a: Tornadus|Hurricane|p1a: Clefable\n|-damage|p1a: Clefable|65\/100\n|-start|p1a: Clefable|confusion\n|-activate|p1a: Clefable|confusion\n|-damage|p1a: Clefable|58\/100|[from] confusion\n|\n|-heal|p1a: Clefable|100\/100|[from] move: Wish|[wisher] Clefable\n|upkeep\n|turn|59\n|j| Pinkmons are funny\n|\n|t:|1665329484\n|move|p2a: Tornadus|Hurricane|p1a: Clefable\n|-damage|p1a: Clefable|81\/100\n|-activate|p1a: Clefable|confusion\n|move|p1a: Clefable|Wish|p1a: Clefable\n|\n|upkeep\n|turn|60\n|\n|t:|1665329487\n|move|p2a: Tornadus|Hurricane|p1a: Clefable|[miss]\n|-miss|p2a: Tornadus|p1a: Clefable\n|-activate|p1a: Clefable|confusion\n|-damage|p1a: Clefable|75\/100|[from] confusion\n|\n|-heal|p1a: Clefable|100\/100|[from] move: Wish|[wisher] Clefable\n|upkeep\n|turn|61\n|\n|t:|1665329496\n|move|p2a: Tornadus|Hurricane|p1a: Clefable\n|-damage|p1a: Clefable|83\/100\n|-end|p1a: Clefable|confusion\n|move|p1a: Clefable|Wish|p1a: Clefable\n|\n|upkeep\n|turn|62\n|\n|t:|1665329499\n|move|p2a: Tornadus|Hurricane|p1a: Clefable\n|-damage|p1a: Clefable|64\/100\n|move|p1a: Clefable|Moonblast|p2a: Tornadus\n|-damage|p2a: Tornadus|0 fnt\n|faint|p2a: Tornadus\n|\n|-heal|p1a: Clefable|100\/100|[from] move: Wish|[wisher] Clefable\n|upkeep\n|\n|t:|1665329503\n|switch|p2a: Garchomp|Garchomp, F|76\/100 brn\n|-damage|p2a: Garchomp|70\/100 brn|[from] Stealth Rock\n|turn|63\n|\n|t:|1665329508\n|move|p2a: Garchomp|Protect|p2a: Garchomp\n|-singleturn|p2a: Garchomp|Protect\n|move|p1a: Clefable|Wish|p1a: Clefable\n|\n|-heal|p2a: Garchomp|76\/100 brn|[from] item: Leftovers\n|-damage|p2a: Garchomp|70\/100 brn|[from] brn\n|upkeep\n|turn|64\n|\n|t:|1665329513\n|switch|p2a: Obstagoon|Obstagoon, F|88\/100\n|-damage|p2a: Obstagoon|76\/100|[from] Stealth Rock\n|move|p1a: Clefable|Moonblast|p2a: Obstagoon\n|-supereffective|p2a: Obstagoon\n|-damage|p2a: Obstagoon|3\/100\n|\n|-status|p2a: Obstagoon|brn|[from] item: Flame Orb\n|upkeep\n|turn|65\n|\n|t:|1665329518\n|move|p1a: Clefable|Protect|p1a: Clefable\n|-singleturn|p1a: Clefable|Protect\n|move|p2a: Obstagoon|Facade|p1a: Clefable\n|-activate|p1a: Clefable|move: Protect\n|\n|-damage|p2a: Obstagoon|0 fnt|[from] brn\n|faint|p2a: Obstagoon\n|upkeep\n|-message|misplayin forfeited.\n|\n|win|fa kin nob tem\n|raw|fa kin nob tem's rating: 1620 &rarr; <strong>1646<\/strong><br \/>(+26 for winning)\n|raw|misplayin's rating: 1735 &rarr; <strong>1709<\/strong><br \/>(-26 for losing)\n|l|\u2606misplayin\n|l| Pinkmons are funny\n||Ladder isn't responding, score probably updated but might not have (Request timeout).\n","uploadtime":1665329527,"views":17,"p1id":"fakinnobtem","p2id":"misplayin","formatid":"gen8ou","rating":1646,"private":0,"password":null}