{"id":"gen8ou-1376300182","p1":"Lenape","p2":"LT82ZW Ayante","format":"gen8ou","log":"|raw|<div class=\"broadcast-blue\"><strong>This battle is required to be public due to a player having a name starting with 'lt82zw'.<\/div>\n|j|\u2606Lenape\n|j|\u2606LT82ZW Ayante\n|t:|1626205165\n|gametype|singles\n|player|p1|Lenape|169|1774\n|player|p2|LT82ZW Ayante|koga|1803\n|teamsize|p1|6\n|teamsize|p2|6\n|gen|8\n|tier|[Gen 8] OU\n|rated|\n|rule|Sleep Clause Mod: Limit one foe put to sleep\n|rule|Species Clause: Limit one of each Pok\u00e9mon\n|rule|OHKO Clause: OHKO moves are banned\n|rule|Evasion Moves Clause: Evasion moves are banned\n|rule|Endless Battle Clause: Forcing endless battles is banned\n|rule|HP Percentage Mod: HP is shown in percentages\n|rule|Dynamax Clause: You cannot dynamax\n|clearpoke\n|poke|p1|Rotom-Heat|\n|poke|p1|Corviknight, M|\n|poke|p1|Sylveon, F|\n|poke|p1|Rhyperior, M|\n|poke|p1|Toxapex, F|\n|poke|p1|Umbreon, M|\n|poke|p2|Tapu Fini|\n|poke|p2|Kommo-o, M|\n|poke|p2|Magnezone|\n|poke|p2|Landorus-Therian, M|\n|poke|p2|Slowking-Galar, F|\n|poke|p2|Corviknight, F|\n|teampreview\n|j| r5875g879676\n|j| lt82zw raizen\n|inactive|Battle timer is ON: inactive players will automatically lose when time's up. (requested by Lenape)\n|\n|t:|1626205174\n|start\n|switch|p1a: Rotom|Rotom-Heat|100\/100\n|switch|p2a: Landorus|Landorus-Therian, M|100\/100\n|-ability|p2a: Landorus|Intimidate|boost\n|-unboost|p1a: Rotom|atk|1\n|turn|1\n|\n|t:|1626205186\n|switch|p2a: Kommo-o|Kommo-o, M|100\/100\n|move|p1a: Rotom|Trick|p2a: Kommo-o\n|-activate|p1a: Rotom|move: Trick|[of] p2a: Kommo-o\n|-item|p2a: Kommo-o|Choice Scarf|[from] move: Trick\n|-item|p1a: Rotom|Rocky Helmet|[from] move: Trick\n|\n|upkeep\n|turn|2\n|\n|t:|1626205193\n|move|p2a: Kommo-o|Stealth Rock|p1a: Rotom\n|-sidestart|p1: Lenape|move: Stealth Rock\n|move|p1a: Rotom|Will-O-Wisp|p2a: Kommo-o\n|-status|p2a: Kommo-o|brn\n|\n|-damage|p2a: Kommo-o|94\/100 brn|[from] brn\n|upkeep\n|turn|3\n|\n|t:|1626205198\n|switch|p2a: Tapu Fini|Tapu Fini|100\/100\n|-fieldstart|move: Misty Terrain|[from] ability: Misty Surge|[of] p2a: Tapu Fini\n|move|p1a: Rotom|Defog|p2a: Tapu Fini\n|-unboost|p2a: Tapu Fini|evasion|1\n|-sideend|p1: Lenape|Stealth Rock|[from] move: Defog|[of] p1a: Rotom\n|-fieldend|Misty Terrain\n|\n|upkeep\n|turn|4\n|\n|t:|1626205203\n|switch|p2a: Slowking|Slowking-Galar, F|100\/100\n|move|p1a: Rotom|Discharge|p2a: Slowking\n|-damage|p2a: Slowking|88\/100\n|\n|upkeep\n|turn|5\n|\n|t:|1626205208\n|move|p1a: Rotom|Discharge|p2a: Slowking\n|-damage|p2a: Slowking|73\/100\n|move|p2a: Slowking|Scald|p1a: Rotom\n|-supereffective|p1a: Rotom\n|-damage|p1a: Rotom|54\/100\n|\n|upkeep\n|turn|6\n|\n|t:|1626205214\n|switch|p1a: Umbreon|Umbreon, M|100\/100\n|move|p2a: Slowking|Scald|p1a: Umbreon\n|-damage|p1a: Umbreon|84\/100\n|\n|-heal|p1a: Umbreon|90\/100|[from] item: Leftovers\n|upkeep\n|turn|7\n|\n|t:|1626205217\n|move|p1a: Umbreon|Wish|p1a: Umbreon\n|move|p2a: Slowking|Sludge Bomb|p1a: Umbreon\n|-damage|p1a: Umbreon|60\/100\n|\n|-heal|p1a: Umbreon|66\/100|[from] item: Leftovers\n|upkeep\n|turn|8\n|\n|t:|1626205220\n|move|p1a: Umbreon|Foul Play|p2a: Slowking\n|-supereffective|p2a: Slowking\n|-damage|p2a: Slowking|38\/100\n|move|p2a: Slowking|Sludge Bomb|p1a: Umbreon\n|-damage|p1a: Umbreon|37\/100\n|\n|-heal|p1a: Umbreon|87\/100|[from] move: Wish|[wisher] Umbreon\n|-heal|p1a: Umbreon|93\/100|[from] item: Leftovers\n|upkeep\n|turn|9\n|\n|t:|1626205223\n|move|p1a: Umbreon|Wish|p1a: Umbreon\n|move|p2a: Slowking|Sludge Bomb|p1a: Umbreon\n|-damage|p1a: Umbreon|64\/100\n|\n|-heal|p1a: Umbreon|71\/100|[from] item: Leftovers\n|upkeep\n|turn|10\n|\n|t:|1626205226\n|switch|p2a: Corviknight|Corviknight, F|100\/100\n|move|p1a: Umbreon|Foul Play|p2a: Corviknight\n|-damage|p2a: Corviknight|78\/100\n|\n|-heal|p1a: Umbreon|100\/100|[from] move: Wish|[wisher] Umbreon\n|-heal|p2a: Corviknight|84\/100|[from] item: Leftovers\n|upkeep\n|turn|11\n|\n|t:|1626205228\n|move|p2a: Corviknight|U-turn|p1a: Umbreon\n|-supereffective|p1a: Umbreon\n|-damage|p1a: Umbreon|82\/100\n|j| lonely crowd\n|\n|t:|1626205231\n|switch|p2a: Tapu Fini|Tapu Fini|100\/100|[from]move: U-turn\n|-fieldstart|move: Misty Terrain|[from] ability: Misty Surge|[of] p2a: Tapu Fini\n|move|p1a: Umbreon|Wish|p1a: Umbreon\n|\n|-heal|p1a: Umbreon|88\/100|[from] item: Leftovers\n|upkeep\n|turn|12\n|\n|t:|1626205233\n|switch|p1a: Rotom|Rotom-Heat|54\/100\n|move|p2a: Tapu Fini|Calm Mind|p2a: Tapu Fini\n|-boost|p2a: Tapu Fini|spa|1\n|-boost|p2a: Tapu Fini|spd|1\n|\n|-heal|p1a: Rotom|100\/100|[from] move: Wish|[wisher] Umbreon\n|upkeep\n|turn|13\n|c|\u2606Lenape|Gg\n|l| lonely crowd\n|\n|t:|1626205253\n|switch|p1a: Toxapex|Toxapex, F|100\/100\n|move|p2a: Tapu Fini|Surf|p1a: Toxapex\n|-resisted|p1a: Toxapex\n|-crit|p1a: Toxapex\n|-damage|p1a: Toxapex|62\/100\n|\n|-heal|p1a: Toxapex|68\/100|[from] item: Black Sludge\n|upkeep\n|turn|14\n|\n|t:|1626205257\n|switch|p1a: Sylveon|Sylveon, F|100\/100\n|move|p2a: Tapu Fini|Taunt|p1a: Sylveon\n|-start|p1a: Sylveon|move: Taunt\n|\n|upkeep\n|turn|15\n|\n|t:|1626205261\n|move|p2a: Tapu Fini|Calm Mind|p2a: Tapu Fini\n|-boost|p2a: Tapu Fini|spa|1\n|-boost|p2a: Tapu Fini|spd|1\n|move|p1a: Sylveon|Hyper Voice|p2a: Tapu Fini\n|-damage|p2a: Tapu Fini|85\/100\n|\n|-heal|p2a: Tapu Fini|91\/100|[from] item: Leftovers\n|-fieldend|Misty Terrain\n|upkeep\n|turn|16\n|\n|t:|1626205263\n|move|p2a: Tapu Fini|Calm Mind|p2a: Tapu Fini\n|-boost|p2a: Tapu Fini|spa|1\n|-boost|p2a: Tapu Fini|spd|1\n|move|p1a: Sylveon|Hyper Voice|p2a: Tapu Fini\n|-damage|p2a: Tapu Fini|78\/100\n|\n|-heal|p2a: Tapu Fini|84\/100|[from] item: Leftovers\n|-end|p1a: Sylveon|move: Taunt\n|upkeep\n|turn|17\n|\n|t:|1626205265\n|move|p2a: Tapu Fini|Taunt|p1a: Sylveon\n|-start|p1a: Sylveon|move: Taunt\n|move|p1a: Sylveon|Hyper Voice|p2a: Tapu Fini\n|-damage|p2a: Tapu Fini|70\/100\n|\n|-heal|p2a: Tapu Fini|76\/100|[from] item: Leftovers\n|upkeep\n|turn|18\n|\n|t:|1626205268\n|move|p2a: Tapu Fini|Calm Mind|p2a: Tapu Fini\n|-boost|p2a: Tapu Fini|spa|1\n|-boost|p2a: Tapu Fini|spd|1\n|move|p1a: Sylveon|Hyper Voice|p2a: Tapu Fini\n|-damage|p2a: Tapu Fini|65\/100\n|\n|-heal|p2a: Tapu Fini|71\/100|[from] item: Leftovers\n|upkeep\n|turn|19\n|\n|t:|1626205271\n|move|p2a: Tapu Fini|Calm Mind|p2a: Tapu Fini\n|-boost|p2a: Tapu Fini|spa|1\n|-boost|p2a: Tapu Fini|spd|1\n|move|p1a: Sylveon|Hyper Voice|p2a: Tapu Fini\n|-damage|p2a: Tapu Fini|62\/100\n|\n|-heal|p2a: Tapu Fini|68\/100|[from] item: Leftovers\n|-end|p1a: Sylveon|move: Taunt\n|upkeep\n|turn|20\n|\n|t:|1626205273\n|move|p2a: Tapu Fini|Taunt|p1a: Sylveon\n|-start|p1a: Sylveon|move: Taunt\n|move|p1a: Sylveon|Hyper Voice|p2a: Tapu Fini\n|-damage|p2a: Tapu Fini|58\/100\n|\n|-heal|p2a: Tapu Fini|64\/100|[from] item: Leftovers\n|upkeep\n|turn|21\n|\n|t:|1626205275\n|switch|p1a: Toxapex|Toxapex, F|100\/100\n|move|p2a: Tapu Fini|Calm Mind|p2a: Tapu Fini\n|-boost|p2a: Tapu Fini|spa|1\n|-boost|p2a: Tapu Fini|spd|1\n|\n|-heal|p2a: Tapu Fini|71\/100|[from] item: Leftovers\n|upkeep\n|turn|22\n|\n|t:|1626205279\n|move|p2a: Tapu Fini|Taunt|p1a: Toxapex\n|-start|p1a: Toxapex|move: Taunt\n|move|p1a: Toxapex|Scald|p2a: Tapu Fini\n|-resisted|p2a: Tapu Fini\n|-damage|p2a: Tapu Fini|69\/100\n|\n|-heal|p2a: Tapu Fini|75\/100|[from] item: Leftovers\n|upkeep\n|turn|23\n|\n|t:|1626205282\n|move|p2a: Tapu Fini|Draining Kiss|p1a: Toxapex\n|-resisted|p1a: Toxapex\n|-crit|p1a: Toxapex\n|-damage|p1a: Toxapex|42\/100\n|-heal|p2a: Tapu Fini|100\/100|[from] drain|[of] p1a: Toxapex\n|move|p1a: Toxapex|Scald|p2a: Tapu Fini\n|-resisted|p2a: Tapu Fini\n|-damage|p2a: Tapu Fini|99\/100\n|\n|-heal|p2a: Tapu Fini|100\/100|[from] item: Leftovers\n|-heal|p1a: Toxapex|49\/100|[from] item: Black Sludge\n|upkeep\n|turn|24\n|\n|t:|1626205286\n|switch|p1a: Rotom|Rotom-Heat|100\/100\n|move|p2a: Tapu Fini|Surf|p1a: Rotom\n|-supereffective|p1a: Rotom\n|-damage|p1a: Rotom|0 fnt\n|faint|p1a: Rotom\n|\n|upkeep\n|\n|t:|1626205288\n|switch|p1a: Toxapex|Toxapex, F|82\/100\n|turn|25\n|\n|t:|1626205290\n|move|p2a: Tapu Fini|Taunt|p1a: Toxapex\n|-start|p1a: Toxapex|move: Taunt\n|move|p1a: Toxapex|Scald|p2a: Tapu Fini\n|-resisted|p2a: Tapu Fini\n|-damage|p2a: Tapu Fini|98\/100\n|\n|-heal|p2a: Tapu Fini|100\/100|[from] item: Leftovers\n|-heal|p1a: Toxapex|88\/100|[from] item: Black Sludge\n|upkeep\n|turn|26\n|\n|t:|1626205293\n|move|p2a: Tapu Fini|Surf|p1a: Toxapex\n|-resisted|p1a: Toxapex\n|-damage|p1a: Toxapex|16\/100\n|move|p1a: Toxapex|Scald|p2a: Tapu Fini\n|-resisted|p2a: Tapu Fini\n|-damage|p2a: Tapu Fini|98\/100\n|\n|-heal|p2a: Tapu Fini|100\/100|[from] item: Leftovers\n|-heal|p1a: Toxapex|22\/100|[from] item: Black Sludge\n|upkeep\n|turn|27\n|\n|t:|1626205296\n|switch|p1a: Sylveon|Sylveon, F|100\/100\n|move|p2a: Tapu Fini|Surf|p1a: Sylveon\n|-damage|p1a: Sylveon|12\/100\n|\n|-heal|p1a: Sylveon|18\/100|[from] item: Leftovers\n|upkeep\n|turn|28\n|\n|t:|1626205299\n|move|p1a: Sylveon|Protect|p1a: Sylveon\n|-singleturn|p1a: Sylveon|Protect\n|move|p2a: Tapu Fini|Draining Kiss|p1a: Sylveon\n|-activate|p1a: Sylveon|move: Protect\n|\n|-heal|p1a: Sylveon|24\/100|[from] item: Leftovers\n|upkeep\n|turn|29\n|\n|t:|1626205301\n|move|p2a: Tapu Fini|Draining Kiss|p1a: Sylveon\n|-damage|p1a: Sylveon|0 fnt\n|faint|p1a: Sylveon\n|\n|upkeep\n|\n|t:|1626205303\n|switch|p1a: Toxapex|Toxapex, F|55\/100\n|turn|30\n|\n|t:|1626205307\n|switch|p1a: Rhyperior|Rhyperior, M|100\/100\n|move|p2a: Tapu Fini|Surf|p1a: Rhyperior\n|-supereffective|p1a: Rhyperior\n|-damage|p1a: Rhyperior|0 fnt\n|faint|p1a: Rhyperior\n|\n|upkeep\n|\n|t:|1626205309\n|switch|p1a: Toxapex|Toxapex, F|89\/100\n|turn|31\n|\n|t:|1626205311\n|move|p2a: Tapu Fini|Taunt|p1a: Toxapex\n|-start|p1a: Toxapex|move: Taunt\n|cant|p1a: Toxapex|move: Taunt|Toxic\n|\n|-heal|p1a: Toxapex|95\/100|[from] item: Black Sludge\n|upkeep\n|turn|32\n|\n|t:|1626205314\n|move|p2a: Tapu Fini|Surf|p1a: Toxapex\n|-resisted|p1a: Toxapex\n|-damage|p1a: Toxapex|25\/100\n|move|p1a: Toxapex|Scald|p2a: Tapu Fini\n|-resisted|p2a: Tapu Fini\n|-damage|p2a: Tapu Fini|99\/100\n|\n|-heal|p2a: Tapu Fini|100\/100|[from] item: Leftovers\n|-heal|p1a: Toxapex|31\/100|[from] item: Black Sludge\n|upkeep\n|turn|33\n|\n|t:|1626205319\n|move|p2a: Tapu Fini|Surf|p1a: Toxapex\n|-resisted|p1a: Toxapex\n|-damage|p1a: Toxapex|0 fnt\n|faint|p1a: Toxapex\n|\n|upkeep\n|\n|t:|1626205321\n|switch|p1a: Corviknight|Corviknight, M|100\/100\n|-ability|p1a: Corviknight|Pressure\n|turn|34\n|\n|t:|1626205322\n|move|p2a: Tapu Fini|Surf|p1a: Corviknight\n|-damage|p1a: Corviknight|0 fnt\n|faint|p1a: Corviknight\n|\n|upkeep\n|\n|t:|1626205325\n|switch|p1a: Umbreon|Umbreon, M|88\/100\n|turn|35\n|\n|t:|1626205326\n|move|p2a: Tapu Fini|Surf|p1a: Umbreon\n|-damage|p1a: Umbreon|0 fnt\n|faint|p1a: Umbreon\n|\n|win|LT82ZW Ayante\n|raw|Lenape's rating: 1774 &rarr; <strong>1756<\/strong><br \/>(-18 for losing)\n|raw|LT82ZW Ayante's rating: 1804 &rarr; <strong>1822<\/strong><br \/>(+18 for winning)\n|l|\u2606Lenape\n|l|\u2606LT82ZW Ayante\n||Ladder isn't responding, score probably updated but might not have (Request timeout).\n|l| lt82zw raizen\n","uploadtime":1626205476,"views":35,"p1id":"lenape","p2id":"lt82zwayante","formatid":"gen8ou","rating":1756,"private":0,"password":null}