{"id":"gen8ou-1248422687","p1":"Ahsan-219","p2":"wsdfg","format":"gen8ou","log":"|j|\u203dAhsan-219\n|j|\u2606wsdfg\n|t:|1608647635\n|player|p1|Ahsan-219|clemont|1990\n|player|p2|wsdfg|burglar|1843\n|teamsize|p1|6\n|teamsize|p2|6\n|gametype|singles\n|gen|8\n|tier|[Gen 8] OU\n|rated|\n|clearpoke\n|poke|p1|Garchomp, F|\n|poke|p1|Heatran, M|\n|poke|p1|Clefable, M|\n|poke|p1|Toxapex, F|\n|poke|p1|Zapdos|\n|poke|p1|Kartana|\n|poke|p2|Garchomp, M|\n|poke|p2|Clefable, M|\n|poke|p2|Landorus-Therian, M|\n|poke|p2|Tyranitar, M|\n|poke|p2|Spectrier|\n|poke|p2|Volcarona, F|\n|rule|Sleep Clause Mod: Limit one foe put to sleep\n|rule|Species Clause: Limit one of each Pok\u00e9mon\n|rule|OHKO Clause: OHKO moves are banned\n|rule|Evasion Moves Clause: Evasion moves are banned\n|rule|Endless Battle Clause: Forcing endless battles is banned\n|rule|HP Percentage Mod: HP is shown in percentages\n|rule|Dynamax Clause: You cannot dynamax\n|teampreview\n|inactive|Battle timer is ON: inactive players will automatically lose when time's up. (requested by Ahsan-219)\n|j| gangster and sht\n|\n|t:|1608647654\n|start\n|switch|p1a: Kartana|Kartana|100\/100\n|switch|p2a: Spectrier|Spectrier|100\/100\n|turn|1\n|\n|t:|1608647658\n|switch|p1a: Toxapex|Toxapex, F|100\/100\n|move|p2a: Spectrier|Shadow Ball|p1a: Toxapex\n|-damage|p1a: Toxapex|57\/100\n|\n|-heal|p1a: Toxapex|63\/100|[from] item: Leftovers\n|upkeep\n|turn|2\n|c| gangster and sht|kart cut thru!!\n|c| gangster and sht|yeah\n|j| Stupid nooby\n|j| DoubleTiddiesUltra\n|\n|t:|1608647674\n|switch|p2a: Garchomp|Garchomp, M|100\/100\n|move|p1a: Toxapex|Recover|p1a: Toxapex\n|-heal|p1a: Toxapex|100\/100\n|\n|upkeep\n|turn|3\n|j| yuchun250\n|\n|t:|1608647680\n|switch|p1a: Clefable|Clefable, M|100\/100\n|move|p2a: Garchomp|Swords Dance|p2a: Garchomp\n|-boost|p2a: Garchomp|atk|2\n|\n|upkeep\n|turn|4\n|\n|t:|1608647683\n|move|p2a: Garchomp|Earthquake|p1a: Clefable\n|-damage|p1a: Clefable|0 fnt\n|-damage|p2a: Garchomp|91\/100|[from] item: Life Orb\n|faint|p1a: Clefable\n|\n|upkeep\n|\n|t:|1608647688\n|switch|p1a: Kartana|Kartana|100\/100\n|turn|5\n|\n|t:|1608647695\n|move|p1a: Kartana|Leaf Blade|p2a: Garchomp\n|-damage|p2a: Garchomp|0 fnt\n|-damage|p1a: Kartana|88\/100|[from] ability: Rough Skin|[of] p2a: Garchomp\n|faint|p2a: Garchomp\n|-ability|p1a: Kartana|Beast Boost|boost\n|-boost|p1a: Kartana|atk|1\n|\n|upkeep\n|\n|t:|1608647699\n|switch|p2a: Volcarona|Volcarona, F|100\/100\n|turn|6\n|c| gangster and sht|kart! kart!\n|\n|t:|1608647710\n|switch|p1a: Garchomp|Garchomp, F|100\/100\n|switch|p2a: Landorus|Landorus-Therian, M|100\/100\n|-ability|p2a: Landorus|Intimidate|boost\n|-unboost|p1a: Garchomp|atk|1\n|\n|upkeep\n|turn|7\n|\n|t:|1608647713\n|move|p1a: Garchomp|Stealth Rock|p2a: Landorus\n|-sidestart|p2: wsdfg|move: Stealth Rock\n|move|p2a: Landorus|Toxic|p1a: Garchomp\n|-status|p1a: Garchomp|tox\n|\n|-damage|p1a: Garchomp|94\/100 tox|[from] psn\n|upkeep\n|turn|8\n|\n|t:|1608647721\n|switch|p1a: Zapdos|Zapdos|100\/100\n|-ability|p1a: Zapdos|Pressure\n|move|p2a: Landorus|Defog|p1a: Zapdos\n|-unboost|p1a: Zapdos|evasion|1\n|-sideend|p2: wsdfg|Stealth Rock|[from] move: Defog|[of] p2a: Landorus\n|\n|upkeep\n|turn|9\n|\n|t:|1608647724\n|move|p2a: Landorus|Protect|p2a: Landorus\n|-singleturn|p2a: Landorus|Protect\n|move|p1a: Zapdos|Hurricane|p2a: Landorus\n|-activate|p2a: Landorus|move: Protect\n|\n|upkeep\n|turn|10\n|\n|t:|1608647729\n|move|p1a: Zapdos|Hurricane|p2a: Landorus\n|-damage|p2a: Landorus|52\/100\n|-start|p2a: Landorus|confusion\n|-activate|p2a: Landorus|confusion\n|move|p2a: Landorus|Toxic|p1a: Zapdos\n|-status|p1a: Zapdos|tox\n|\n|-heal|p2a: Landorus|58\/100|[from] item: Leftovers\n|-damage|p1a: Zapdos|94\/100 tox|[from] psn\n|upkeep\n|turn|11\n|\n|t:|1608647733\n|switch|p1a: Garchomp|Garchomp, F|94\/100 tox\n|-activate|p2a: Landorus|confusion\n|move|p2a: Landorus|Protect||[still]\n|-fail|p2a: Landorus\n|\n|-heal|p2a: Landorus|64\/100|[from] item: Leftovers\n|-damage|p1a: Garchomp|88\/100 tox|[from] psn\n|upkeep\n|turn|12\n|j| Vessev\n|\n|t:|1608647737\n|switch|p2a: Spectrier|Spectrier|100\/100\n|move|p1a: Garchomp|Scale Shot|p2a: Spectrier\n|-damage|p2a: Spectrier|76\/100\n|-damage|p2a: Spectrier|50\/100\n|-hitcount|p2a: Spectrier|2\n|-unboost|p1a: Garchomp|def|1\n|-boost|p1a: Garchomp|spe|1\n|-damage|p1a: Garchomp|78\/100 tox|[from] item: Life Orb\n|\n|-damage|p1a: Garchomp|66\/100 tox|[from] psn\n|upkeep\n|turn|13\n|\n|t:|1608647742\n|switch|p2a: Landorus|Landorus-Therian, M|64\/100\n|-ability|p2a: Landorus|Intimidate|boost\n|-unboost|p1a: Garchomp|atk|1\n|move|p1a: Garchomp|Stealth Rock|p2a: Landorus\n|-sidestart|p2: wsdfg|move: Stealth Rock\n|\n|-heal|p2a: Landorus|70\/100|[from] item: Leftovers\n|-damage|p1a: Garchomp|48\/100 tox|[from] psn\n|upkeep\n|turn|14\n|l| yuchun250\n|\n|t:|1608647751\n|switch|p1a: Heatran|Heatran, M|100\/100\n|move|p2a: Landorus|Defog|p1a: Heatran\n|-unboost|p1a: Heatran|evasion|1\n|-sideend|p2: wsdfg|Stealth Rock|[from] move: Defog|[of] p2a: Landorus\n|\n|-heal|p2a: Landorus|76\/100|[from] item: Leftovers\n|upkeep\n|turn|15\n|\n|t:|1608647761\n|move|p2a: Landorus|Protect|p2a: Landorus\n|-singleturn|p2a: Landorus|Protect\n|move|p1a: Heatran|Eruption|p2a: Landorus\n|-activate|p2a: Landorus|move: Protect\n|\n|-heal|p2a: Landorus|82\/100|[from] item: Leftovers\n|upkeep\n|turn|16\n|j| bulchasqu\n|\n|t:|1608647769\n|switch|p2a: Tyranitar|Tyranitar, M|100\/100\n|-weather|Sandstorm|[from] ability: Sand Stream|[of] p2a: Tyranitar\n|move|p1a: Heatran|Eruption|p2a: Tyranitar\n|-resisted|p2a: Tyranitar\n|-damage|p2a: Tyranitar|86\/100\n|\n|-weather|Sandstorm|[upkeep]\n|-heal|p2a: Tyranitar|92\/100|[from] item: Leftovers\n|upkeep\n|turn|17\n|\n|t:|1608647775\n|switch|p1a: Garchomp|Garchomp, F|48\/100 tox\n|move|p2a: Tyranitar|Stealth Rock|p1a: Garchomp\n|-sidestart|p1: Ahsan-219|move: Stealth Rock\n|\n|-weather|Sandstorm|[upkeep]\n|-heal|p2a: Tyranitar|98\/100|[from] item: Leftovers\n|-damage|p1a: Garchomp|41\/100 tox|[from] psn\n|upkeep\n|turn|18\n|\n|t:|1608647778\n|switch|p2a: Landorus|Landorus-Therian, M|82\/100\n|-ability|p2a: Landorus|Intimidate|boost\n|-unboost|p1a: Garchomp|atk|1\n|move|p1a: Garchomp|Stealth Rock|p2a: Landorus\n|-sidestart|p2: wsdfg|move: Stealth Rock\n|\n|-weather|Sandstorm|[upkeep]\n|-heal|p2a: Landorus|88\/100|[from] item: Leftovers\n|-damage|p1a: Garchomp|29\/100 tox|[from] psn\n|upkeep\n|turn|19\n|\n|t:|1608647785\n|switch|p1a: Zapdos|Zapdos|94\/100 tox\n|-ability|p1a: Zapdos|Pressure\n|move|p2a: Landorus|Earthquake|p1a: Zapdos\n|-immune|p1a: Zapdos\n|\n|-weather|Sandstorm|[upkeep]\n|-damage|p1a: Zapdos|88\/100 tox|[from] Sandstorm\n|-heal|p2a: Landorus|94\/100|[from] item: Leftovers\n|-damage|p1a: Zapdos|82\/100 tox|[from] psn\n|upkeep\n|turn|20\n|\n|t:|1608647792\n|move|p2a: Landorus|Protect|p2a: Landorus\n|-singleturn|p2a: Landorus|Protect\n|move|p1a: Zapdos|Hurricane|p2a: Landorus\n|-activate|p2a: Landorus|move: Protect\n|\n|-weather|none\n|-heal|p2a: Landorus|100\/100|[from] item: Leftovers\n|-damage|p1a: Zapdos|69\/100 tox|[from] psn\n|upkeep\n|turn|21\n|\n|t:|1608647797\n|switch|p1a: Kartana|Kartana|88\/100\n|-damage|p1a: Kartana|82\/100|[from] Stealth Rock\n|switch|p2a: Tyranitar|Tyranitar, M|98\/100\n|-damage|p2a: Tyranitar|86\/100|[from] Stealth Rock\n|-weather|Sandstorm|[from] ability: Sand Stream|[of] p2a: Tyranitar\n|\n|-weather|Sandstorm|[upkeep]\n|-heal|p2a: Tyranitar|92\/100|[from] item: Leftovers\n|upkeep\n|turn|22\n|\n|t:|1608647802\n|switch|p2a: Volcarona|Volcarona, F|100\/100\n|move|p1a: Kartana|Leaf Blade|p2a: Volcarona\n|-resisted|p2a: Volcarona\n|-damage|p2a: Volcarona|64\/100\n|\n|-weather|Sandstorm|[upkeep]\n|-damage|p2a: Volcarona|58\/100|[from] Sandstorm\n|upkeep\n|turn|23\n|\n|t:|1608647815\n|switch|p1a: Toxapex|Toxapex, F|100\/100\n|-damage|p1a: Toxapex|88\/100|[from] Stealth Rock\n|switch|p2a: Clefable|Clefable, M|100\/100\n|\n|-weather|Sandstorm|[upkeep]\n|-damage|p1a: Toxapex|82\/100|[from] Sandstorm\n|-heal|p1a: Toxapex|88\/100|[from] item: Leftovers\n|upkeep\n|turn|24\n|\n|t:|1608647822\n|switch|p1a: Heatran|Heatran, M|100\/100\n|-damage|p1a: Heatran|88\/100|[from] Stealth Rock\n|move|p2a: Clefable|Wish|p2a: Clefable\n|\n|-weather|Sandstorm|[upkeep]\n|upkeep\n|turn|25\n|\n|t:|1608647829\n|move|p2a: Clefable|Protect|p2a: Clefable\n|-singleturn|p2a: Clefable|Protect\n|move|p1a: Heatran|Flash Cannon|p2a: Clefable\n|-activate|p2a: Clefable|move: Protect\n|\n|-weather|none\n|upkeep\n|turn|26\n|\n|t:|1608647834\n|move|p1a: Heatran|Flash Cannon|p2a: Clefable\n|-supereffective|p2a: Clefable\n|-damage|p2a: Clefable|47\/100\n|-unboost|p2a: Clefable|spd|1\n|move|p2a: Clefable|Wish|p2a: Clefable\n|\n|-heal|p2a: Clefable|53\/100|[from] item: Leftovers\n|upkeep\n|turn|27\n|\n|t:|1608647836\n|move|p2a: Clefable|Protect|p2a: Clefable\n|-singleturn|p2a: Clefable|Protect\n|move|p1a: Heatran|Flash Cannon|p2a: Clefable\n|-activate|p2a: Clefable|move: Protect\n|\n|-heal|p2a: Clefable|100\/100|[from] move: Wish|[wisher] Clefable\n|upkeep\n|turn|28\n|\n|t:|1608647839\n|switch|p2a: Tyranitar|Tyranitar, M|92\/100\n|-damage|p2a: Tyranitar|79\/100|[from] Stealth Rock\n|-weather|Sandstorm|[from] ability: Sand Stream|[of] p2a: Tyranitar\n|move|p1a: Heatran|Flash Cannon|p2a: Tyranitar\n|-supereffective|p2a: Tyranitar\n|-damage|p2a: Tyranitar|45\/100\n|-unboost|p2a: Tyranitar|spd|1\n|\n|-weather|Sandstorm|[upkeep]\n|-heal|p2a: Tyranitar|51\/100|[from] item: Leftovers\n|upkeep\n|turn|29\n|\n|t:|1608647843\n|move|p1a: Heatran|Flash Cannon|p2a: Tyranitar\n|-supereffective|p2a: Tyranitar\n|-damage|p2a: Tyranitar|0 fnt\n|faint|p2a: Tyranitar\n|\n|-weather|Sandstorm|[upkeep]\n|upkeep\n|\n|t:|1608647848\n|switch|p2a: Landorus|Landorus-Therian, M|100\/100\n|-damage|p2a: Landorus|88\/100|[from] Stealth Rock\n|-ability|p2a: Landorus|Intimidate|boost\n|-unboost|p1a: Heatran|atk|1\n|turn|30\n|\n|t:|1608647857\n|switch|p1a: Zapdos|Zapdos|69\/100 tox\n|-ability|p1a: Zapdos|Pressure\n|move|p2a: Landorus|Earthquake|p1a: Zapdos\n|-immune|p1a: Zapdos\n|\n|-weather|Sandstorm|[upkeep]\n|-damage|p1a: Zapdos|63\/100 tox|[from] Sandstorm\n|-heal|p2a: Landorus|94\/100|[from] item: Leftovers\n|-damage|p1a: Zapdos|57\/100 tox|[from] psn\n|upkeep\n|turn|31\n|\n|t:|1608647863\n|switch|p2a: Clefable|Clefable, M|100\/100\n|move|p1a: Zapdos|Hurricane|p2a: Clefable\n|-damage|p2a: Clefable|70\/100\n|\n|-weather|Sandstorm|[upkeep]\n|-damage|p1a: Zapdos|50\/100 tox|[from] Sandstorm\n|-heal|p2a: Clefable|76\/100|[from] item: Leftovers\n|-damage|p1a: Zapdos|38\/100 tox|[from] psn\n|upkeep\n|turn|32\n|\n|t:|1608647868\n|move|p1a: Zapdos|Roost|p1a: Zapdos\n|-heal|p1a: Zapdos|88\/100 tox\n|-singleturn|p1a: Zapdos|move: Roost\n|move|p2a: Clefable|Moonblast|p1a: Zapdos\n|-damage|p1a: Zapdos|57\/100 tox\n|\n|-weather|none\n|-heal|p2a: Clefable|82\/100|[from] item: Leftovers\n|-damage|p1a: Zapdos|38\/100 tox|[from] psn\n|upkeep\n|turn|33\n|\n|t:|1608647872\n|move|p1a: Zapdos|Thunderbolt|p2a: Clefable\n|-damage|p2a: Clefable|55\/100\n|-status|p2a: Clefable|par\n|move|p2a: Clefable|Moonblast|p1a: Zapdos\n|-damage|p1a: Zapdos|10\/100 tox\n|-unboost|p1a: Zapdos|spa|1\n|\n|-heal|p2a: Clefable|61\/100 par|[from] item: Leftovers\n|-damage|p1a: Zapdos|0 fnt|[from] psn\n|faint|p1a: Zapdos\n|upkeep\n|\n|t:|1608647874\n|switch|p1a: Kartana|Kartana|82\/100\n|-damage|p1a: Kartana|76\/100|[from] Stealth Rock\n|turn|34\n|\n|t:|1608647880\n|cant|p2a: Clefable|par\n|move|p1a: Kartana|Leaf Blade|p2a: Clefable\n|-damage|p2a: Clefable|0 fnt\n|faint|p2a: Clefable\n|-ability|p1a: Kartana|Beast Boost|boost\n|-boost|p1a: Kartana|atk|1\n|\n|upkeep\n|\n|t:|1608647882\n|switch|p2a: Volcarona|Volcarona, F|58\/100\n|turn|35\n|l| bulchasqu\n|c| gangster and sht|kart kart!!\n|j| snakebytx12\n|\n|t:|1608647899\n|switch|p1a: Toxapex|Toxapex, F|100\/100\n|-damage|p1a: Toxapex|88\/100|[from] Stealth Rock\n|move|p2a: Volcarona|Bug Buzz|p1a: Toxapex\n|-resisted|p1a: Toxapex\n|-damage|p1a: Toxapex|71\/100\n|\n|-heal|p1a: Toxapex|77\/100|[from] item: Leftovers\n|upkeep\n|turn|36\n|\n|t:|1608647903\n|move|p2a: Volcarona|Psychic|p1a: Toxapex\n|-supereffective|p1a: Toxapex\n|-damage|p1a: Toxapex|33\/100\n|move|p1a: Toxapex|Toxic|p2a: Volcarona\n|-status|p2a: Volcarona|tox\n|\n|-heal|p1a: Toxapex|40\/100|[from] item: Leftovers\n|-damage|p2a: Volcarona|52\/100 tox|[from] psn\n|upkeep\n|turn|37\n|\n|t:|1608647911\n|switch|p2a: Landorus|Landorus-Therian, M|94\/100\n|-damage|p2a: Landorus|82\/100|[from] Stealth Rock\n|-ability|p2a: Landorus|Intimidate|boost\n|-unboost|p1a: Toxapex|atk|1\n|switch|p1a: Heatran|Heatran, M|88\/100\n|-damage|p1a: Heatran|76\/100|[from] Stealth Rock\n|\n|-heal|p2a: Landorus|88\/100|[from] item: Leftovers\n|upkeep\n|turn|38\n|\n|t:|1608647917\n|switch|p1a: Garchomp|Garchomp, F|29\/100 tox\n|-damage|p1a: Garchomp|23\/100 tox|[from] Stealth Rock\n|move|p2a: Landorus|Earthquake|p1a: Garchomp\n|-damage|p1a: Garchomp|0 fnt\n|faint|p1a: Garchomp\n|\n|-heal|p2a: Landorus|94\/100|[from] item: Leftovers\n|upkeep\n|\n|t:|1608647919\n|switch|p1a: Kartana|Kartana|76\/100\n|-damage|p1a: Kartana|70\/100|[from] Stealth Rock\n|turn|39\n|\n|t:|1608647924\n|move|p2a: Landorus|Protect|p2a: Landorus\n|-singleturn|p2a: Landorus|Protect\n|move|p1a: Kartana|Leaf Blade|p2a: Landorus\n|-activate|p2a: Landorus|move: Protect\n|\n|-heal|p2a: Landorus|99\/100|[from] item: Leftovers\n|upkeep\n|turn|40\n|\n|t:|1608647928\n|switch|p2a: Volcarona|Volcarona, F|52\/100 tox\n|move|p1a: Kartana|Leaf Blade|p2a: Volcarona\n|-resisted|p2a: Volcarona\n|-damage|p2a: Volcarona|16\/100 tox\n|\n|-damage|p2a: Volcarona|10\/100 tox|[from] psn\n|upkeep\n|turn|41\n|\n|t:|1608647930\n|move|p1a: Kartana|Leaf Blade|p2a: Volcarona\n|-resisted|p2a: Volcarona\n|-damage|p2a: Volcarona|0 fnt\n|faint|p2a: Volcarona\n|-ability|p1a: Kartana|Beast Boost|boost\n|-boost|p1a: Kartana|atk|1\n|\n|upkeep\n|\n|t:|1608647936\n|switch|p2a: Spectrier|Spectrier|50\/100\n|-damage|p2a: Spectrier|38\/100|[from] Stealth Rock\n|turn|42\n|c| gangster and sht|kart !!\n|\n|t:|1608647939\n|switch|p1a: Toxapex|Toxapex, F|73\/100\n|-damage|p1a: Toxapex|60\/100|[from] Stealth Rock\n|move|p2a: Spectrier|Shadow Ball|p1a: Toxapex\n|-damage|p1a: Toxapex|15\/100\n|-unboost|p1a: Toxapex|spd|1\n|\n|-heal|p1a: Toxapex|21\/100|[from] item: Leftovers\n|upkeep\n|turn|43\n|\n|t:|1608647941\n|move|p2a: Spectrier|Shadow Ball|p1a: Toxapex\n|-damage|p1a: Toxapex|0 fnt\n|faint|p1a: Toxapex\n|-ability|p2a: Spectrier|Grim Neigh|boost\n|-boost|p2a: Spectrier|spa|1\n|\n|upkeep\n|\n|t:|1608647943\n|switch|p1a: Heatran|Heatran, M|76\/100\n|-damage|p1a: Heatran|63\/100|[from] Stealth Rock\n|turn|44\n|\n|t:|1608647950\n|move|p1a: Heatran|Eruption|p2a: Spectrier\n|-damage|p2a: Spectrier|0 fnt\n|faint|p2a: Spectrier\n|\n|upkeep\n|\n|t:|1608647952\n|switch|p2a: Landorus|Landorus-Therian, M|99\/100\n|-damage|p2a: Landorus|88\/100|[from] Stealth Rock\n|-ability|p2a: Landorus|Intimidate|boost\n|-unboost|p1a: Heatran|atk|1\n|turn|45\n|\n|t:|1608647953\n|move|p2a: Landorus|Protect|p2a: Landorus\n|-singleturn|p2a: Landorus|Protect\n|move|p1a: Heatran|Eruption|p2a: Landorus\n|-activate|p2a: Landorus|move: Protect\n|\n|-heal|p2a: Landorus|94\/100|[from] item: Leftovers\n|upkeep\n|turn|46\n|c| gangster and sht|kart cut thru1!!\n|j| sapaspoiap\n|\n|t:|1608647981\n|move|p1a: Heatran|Eruption|p2a: Landorus\n|-damage|p2a: Landorus|42\/100\n|move|p2a: Landorus|Earthquake|p1a: Heatran\n|-supereffective|p1a: Heatran\n|-damage|p1a: Heatran|0 fnt\n|faint|p1a: Heatran\n|\n|-heal|p2a: Landorus|48\/100|[from] item: Leftovers\n|upkeep\n|c| DoubleTiddiesUltra|lol\n|\n|t:|1608647991\n|switch|p1a: Kartana|Kartana|70\/100\n|-damage|p1a: Kartana|63\/100|[from] Stealth Rock\n|turn|47\n|c| gangster and sht|kart!\n|\n|t:|1608647999\n|move|p2a: Landorus|Protect|p2a: Landorus\n|-singleturn|p2a: Landorus|Protect\n|move|p1a: Kartana|Leaf Blade|p2a: Landorus\n|-activate|p2a: Landorus|move: Protect\n|\n|-heal|p2a: Landorus|54\/100|[from] item: Leftovers\n|upkeep\n|turn|48\n|\n|t:|1608648001\n|move|p1a: Kartana|Leaf Blade|p2a: Landorus\n|-damage|p2a: Landorus|0 fnt\n|faint|p2a: Landorus\n|\n|win|Ahsan-219\n","uploadtime":1608648004,"views":110,"p1id":"ahsan219","p2id":"wsdfg","formatid":"gen8ou","rating":0,"private":0,"password":null}