{"id":"gen8ou-1674070518","p1":"LT94JE Allistair","p2":"quixana","format":"gen8ou","log":"|j|\u2606LT94JE Allistair\n|j|\u2606quixana\n|t:|1664534917\n|gametype|singles\n|player|p1|LT94JE Allistair|169|1691\n|player|p2|quixana|ethan-pokeathlon|1691\n|teamsize|p1|6\n|teamsize|p2|6\n|gen|8\n|tier|[Gen 8] OU\n|rated|\n|rule|Sleep Clause Mod: Limit one foe put to sleep\n|rule|Species Clause: Limit one of each Pok\u00e9mon\n|rule|OHKO Clause: OHKO moves are banned\n|rule|Evasion Items Clause: Evasion items are banned\n|rule|Evasion Moves Clause: Evasion moves are banned\n|rule|Endless Battle Clause: Forcing endless battles is banned\n|rule|HP Percentage Mod: HP is shown in percentages\n|rule|Dynamax Clause: You cannot dynamax\n|clearpoke\n|poke|p1|Mew|\n|poke|p1|Slurpuff, F|\n|poke|p1|Vanilluxe, M|\n|poke|p1|Tapu Fini|\n|poke|p1|Weavile, F|\n|poke|p1|Scizor, F|\n|poke|p2|Ferrothorn, F|\n|poke|p2|Victini|\n|poke|p2|Tapu Fini|\n|poke|p2|Landorus-Therian, M|\n|poke|p2|Buzzwole|\n|poke|p2|Gengar, M|\n|teampreview\n|inactive|Battle timer is ON: inactive players will automatically lose when time's up. (requested by LT94JE Allistair)\n|\n|t:|1664534976\n|start\n|switch|p1a: Slurpuff|Slurpuff, F|100\/100\n|switch|p2a: Tapu Fini|Tapu Fini|100\/100\n|-fieldstart|move: Misty Terrain|[from] ability: Misty Surge|[of] p2a: Tapu Fini\n|turn|1\n|\n|t:|1664534990\n|move|p1a: Slurpuff|Sticky Web|p2a: Tapu Fini\n|-sidestart|p2: quixana|move: Sticky Web\n|move|p2a: Tapu Fini|Moonblast|p1a: Slurpuff\n|-damage|p1a: Slurpuff|45\/100\n|\n|upkeep\n|turn|2\n|\n|t:|1664535003\n|switch|p2a: Gengar|Gengar, M|100\/100\n|-activate|p2a: Gengar|move: Sticky Web\n|-unboost|p2a: Gengar|spe|1\n|move|p1a: Slurpuff|Misty Explosion|p2a: Gengar\n|-resisted|p2a: Gengar\n|-damage|p2a: Gengar|62\/100\n|faint|p1a: Slurpuff\n|\n|upkeep\n|\n|t:|1664535025\n|switch|p1a: Weavile|Weavile, F|100\/100\n|-ability|p1a: Weavile|Pressure\n|turn|3\n|\n|t:|1664535038\n|switch|p2a: Buzzwole|Buzzwole|100\/100\n|-activate|p2a: Buzzwole|move: Sticky Web\n|-unboost|p2a: Buzzwole|spe|1\n|move|p1a: Weavile|Knock Off|p2a: Buzzwole\n|-resisted|p2a: Buzzwole\n|-damage|p2a: Buzzwole|84\/100\n|-enditem|p2a: Buzzwole|Choice Band|[from] move: Knock Off|[of] p1a: Weavile\n|\n|upkeep\n|turn|4\n|\n|t:|1664535064\n|switch|p1a: Tapu Fini|Tapu Fini|100\/100\n|move|p2a: Buzzwole|Close Combat|p1a: Tapu Fini\n|-resisted|p1a: Tapu Fini\n|-damage|p1a: Tapu Fini|75\/100\n|-unboost|p2a: Buzzwole|def|1\n|-unboost|p2a: Buzzwole|spd|1\n|\n|upkeep\n|turn|5\n|\n|t:|1664535071\n|switch|p1a: Vanilluxe|Vanilluxe, M|100\/100\n|-weather|Hail|[from] ability: Snow Warning|[of] p1a: Vanilluxe\n|switch|p2a: Tapu Fini|Tapu Fini|100\/100\n|-activate|p2a: Tapu Fini|move: Sticky Web\n|-unboost|p2a: Tapu Fini|spe|1\n|\n|-weather|Hail|[upkeep]\n|-damage|p2a: Tapu Fini|94\/100|[from] Hail\n|-heal|p2a: Tapu Fini|100\/100|[from] item: Leftovers\n|-fieldend|Misty Terrain\n|upkeep\n|turn|6\n|\n|t:|1664535075\n|switch|p2a: Ferrothorn|Ferrothorn, F|100\/100\n|-activate|p2a: Ferrothorn|move: Sticky Web\n|-unboost|p2a: Ferrothorn|spe|1\n|move|p1a: Vanilluxe|Taunt|p2a: Ferrothorn\n|-start|p2a: Ferrothorn|move: Taunt\n|\n|-weather|Hail|[upkeep]\n|-damage|p2a: Ferrothorn|94\/100|[from] Hail\n|-heal|p2a: Ferrothorn|100\/100|[from] item: Leftovers\n|upkeep\n|turn|7\n|\n|t:|1664535080\n|move|p1a: Vanilluxe|Aurora Veil|p1a: Vanilluxe\n|-sidestart|p1: LT94JE Allistair|move: Aurora Veil\n|move|p2a: Ferrothorn|Knock Off|p1a: Vanilluxe\n|-damage|p1a: Vanilluxe|86\/100\n|-enditem|p1a: Vanilluxe|Light Clay|[from] move: Knock Off|[of] p2a: Ferrothorn\n|\n|-weather|Hail|[upkeep]\n|-damage|p2a: Ferrothorn|94\/100|[from] Hail\n|-heal|p2a: Ferrothorn|100\/100|[from] item: Leftovers\n|upkeep\n|turn|8\n|\n|t:|1664535085\n|switch|p2a: Tapu Fini|Tapu Fini|100\/100\n|-activate|p2a: Tapu Fini|move: Sticky Web\n|-unboost|p2a: Tapu Fini|spe|1\n|-fieldstart|move: Misty Terrain|[from] ability: Misty Surge|[of] p2a: Tapu Fini\n|move|p1a: Vanilluxe|Taunt|p2a: Tapu Fini\n|-start|p2a: Tapu Fini|move: Taunt\n|\n|-weather|Hail|[upkeep]\n|-damage|p2a: Tapu Fini|94\/100|[from] Hail\n|-heal|p2a: Tapu Fini|100\/100|[from] item: Leftovers\n|upkeep\n|turn|9\n|\n|t:|1664535095\n|switch|p2a: Ferrothorn|Ferrothorn, F|100\/100\n|-activate|p2a: Ferrothorn|move: Sticky Web\n|-unboost|p2a: Ferrothorn|spe|1\n|move|p1a: Vanilluxe|Explosion|p2a: Ferrothorn\n|-resisted|p2a: Ferrothorn\n|-damage|p2a: Ferrothorn|75\/100\n|faint|p1a: Vanilluxe\n|\n|-weather|none\n|-heal|p2a: Ferrothorn|81\/100|[from] item: Leftovers\n|upkeep\n|\n|t:|1664535099\n|switch|p1a: Mew|Mew|100\/100\n|turn|10\n|\n|t:|1664535109\n|move|p1a: Mew|Taunt|p2a: Ferrothorn\n|-start|p2a: Ferrothorn|move: Taunt\n|cant|p2a: Ferrothorn|move: Taunt|Leech Seed\n|\n|-heal|p2a: Ferrothorn|87\/100|[from] item: Leftovers\n|upkeep\n|turn|11\n|\n|t:|1664535113\n|switch|p2a: Tapu Fini|Tapu Fini|100\/100\n|-activate|p2a: Tapu Fini|move: Sticky Web\n|-unboost|p2a: Tapu Fini|spe|1\n|move|p1a: Mew|Cosmic Power|p1a: Mew\n|-boost|p1a: Mew|def|1\n|-boost|p1a: Mew|spd|1\n|\n|upkeep\n|turn|12\n|\n|t:|1664535125\n|move|p1a: Mew|Taunt|p2a: Tapu Fini\n|-start|p2a: Tapu Fini|move: Taunt\n|cant|p2a: Tapu Fini|move: Taunt|Defog\n|\n|-fieldend|Misty Terrain\n|upkeep\n|turn|13\n|\n|t:|1664535132\n|switch|p2a: Gengar|Gengar, M|62\/100\n|-activate|p2a: Gengar|move: Sticky Web\n|-unboost|p2a: Gengar|spe|1\n|move|p1a: Mew|Cosmic Power|p1a: Mew\n|-boost|p1a: Mew|def|1\n|-boost|p1a: Mew|spd|1\n|\n|upkeep\n|turn|14\n|\n|t:|1664535139\n|switch|p2a: Tapu Fini|Tapu Fini|100\/100\n|-activate|p2a: Tapu Fini|move: Sticky Web\n|-unboost|p2a: Tapu Fini|spe|1\n|-fieldstart|move: Misty Terrain|[from] ability: Misty Surge|[of] p2a: Tapu Fini\n|move|p1a: Mew|Stored Power|p2a: Tapu Fini\n|-crit|p2a: Tapu Fini\n|-damage|p2a: Tapu Fini|67\/100\n|\n|-heal|p2a: Tapu Fini|73\/100|[from] item: Leftovers\n|-sideend|p1: LT94JE Allistair|move: Aurora Veil\n|upkeep\n|turn|15\n|inactive|quixana has 120 seconds left.\n|\n|t:|1664535179\n|move|p1a: Mew|Taunt|p2a: Tapu Fini\n|-start|p2a: Tapu Fini|move: Taunt\n|cant|p2a: Tapu Fini|move: Taunt|Defog\n|\n|-heal|p2a: Tapu Fini|79\/100|[from] item: Leftovers\n|upkeep\n|turn|16\n|inactive|LT94JE Allistair has 120 seconds left.\n|inactive|quixana has 90 seconds left.\n|inactive|LT94JE Allistair has 90 seconds left.\n|\n|t:|1664535267\n|switch|p2a: Victini|Victini|100\/100\n|-activate|p2a: Victini|move: Sticky Web\n|-unboost|p2a: Victini|spe|1\n|move|p1a: Mew|Cosmic Power|p1a: Mew\n|-boost|p1a: Mew|def|1\n|-boost|p1a: Mew|spd|1\n|\n|upkeep\n|turn|17\n|inactive|quixana has 90 seconds left.\n|\n|t:|1664535277\n|move|p1a: Mew|Taunt|p2a: Victini\n|-start|p2a: Victini|move: Taunt\n|move|p2a: Victini|Glaciate|p1a: Mew\n|-damage|p1a: Mew|93\/100\n|-unboost|p1a: Mew|spe|1\n|\n|upkeep\n|turn|18\n|\n|t:|1664535283\n|switch|p2a: Gengar|Gengar, M|62\/100\n|-activate|p2a: Gengar|move: Sticky Web\n|-unboost|p2a: Gengar|spe|1\n|move|p1a: Mew|Stored Power|p2a: Gengar\n|-supereffective|p2a: Gengar\n|-damage|p2a: Gengar|0 fnt\n|-start|p1a: Mew|Disable|Stored Power|[from] ability: Cursed Body|[of] p2a: Gengar\n|faint|p2a: Gengar\n|\n|-fieldend|Misty Terrain\n|upkeep\n|\n|t:|1664535288\n|switch|p2a: Buzzwole|Buzzwole|84\/100\n|-activate|p2a: Buzzwole|move: Sticky Web\n|-unboost|p2a: Buzzwole|spe|1\n|turn|19\n|\n|t:|1664535297\n|move|p1a: Mew|Cosmic Power|p1a: Mew\n|-boost|p1a: Mew|def|1\n|-boost|p1a: Mew|spd|1\n|move|p2a: Buzzwole|Leech Life|p1a: Mew\n|-supereffective|p1a: Mew\n|-crit|p1a: Mew\n|-damage|p1a: Mew|0 fnt\n|-heal|p2a: Buzzwole|100\/100|[from] drain|[of] p1a: Mew\n|faint|p1a: Mew\n|-ability|p2a: Buzzwole|Beast Boost|boost\n|-boost|p2a: Buzzwole|atk|1\n|\n|upkeep\n|c|\u2606LT94JE Allistair|lmao\n|c|\u2606quixana|nah\n|inactive|LT94JE Allistair has 90 seconds left.\n|c|\u2606quixana|you were going to let me trick you\n|\n|t:|1664535331\n|switch|p1a: Tapu Fini|Tapu Fini|75\/100\n|-fieldstart|move: Misty Terrain|[from] ability: Misty Surge|[of] p1a: Tapu Fini\n|turn|20\n|\n|t:|1664535348\n|switch|p1a: Scizor|Scizor, F|100\/100\n|switch|p2a: Tapu Fini|Tapu Fini|79\/100\n|-activate|p2a: Tapu Fini|move: Sticky Web\n|-unboost|p2a: Tapu Fini|spe|1\n|\n|-heal|p2a: Tapu Fini|85\/100|[from] item: Leftovers\n|upkeep\n|turn|21\n|\n|t:|1664535356\n|move|p1a: Scizor|Swords Dance|p1a: Scizor\n|-boost|p1a: Scizor|atk|2\n|move|p2a: Tapu Fini|Defog|p1a: Scizor\n|-unboost|p1a: Scizor|evasion|1\n|-sideend|p2: quixana|Sticky Web|[from] move: Defog|[of] p2a: Tapu Fini\n|-fieldend|Misty Terrain\n|\n|-heal|p2a: Tapu Fini|91\/100|[from] item: Leftovers\n|upkeep\n|turn|22\n|\n|t:|1664535365\n|switch|p2a: Landorus|Landorus-Therian, M|100\/100\n|-ability|p2a: Landorus|Intimidate|boost\n|-unboost|p1a: Scizor|atk|1\n|move|p1a: Scizor|Swords Dance|p1a: Scizor\n|-boost|p1a: Scizor|atk|2\n|\n|upkeep\n|turn|23\n|\n|t:|1664535371\n|move|p2a: Landorus|Earthquake|p1a: Scizor\n|-damage|p1a: Scizor|30\/100\n|move|p1a: Scizor|Knock Off|p2a: Landorus\n|-damage|p2a: Landorus|0 fnt\n|-enditem|p2a: Landorus|Leftovers|[from] move: Knock Off|[of] p1a: Scizor\n|faint|p2a: Landorus\n|\n|upkeep\n|\n|t:|1664535374\n|switch|p2a: Victini|Victini|100\/100\n|turn|24\n|\n|t:|1664535381\n|move|p1a: Scizor|Bullet Punch|p2a: Victini\n|-resisted|p2a: Victini\n|-damage|p2a: Victini|60\/100\n|move|p2a: Victini|Blue Flare|p1a: Scizor\n|-supereffective|p1a: Scizor\n|-damage|p1a: Scizor|0 fnt\n|faint|p1a: Scizor\n|\n|upkeep\n|\n|t:|1664535384\n|switch|p1a: Weavile|Weavile, F|100\/100\n|-ability|p1a: Weavile|Pressure\n|turn|25\n|\n|t:|1664535401\n|switch|p2a: Tapu Fini|Tapu Fini|91\/100\n|-fieldstart|move: Misty Terrain|[from] ability: Misty Surge|[of] p2a: Tapu Fini\n|move|p1a: Weavile|Knock Off|p2a: Tapu Fini\n|-resisted|p2a: Tapu Fini\n|-damage|p2a: Tapu Fini|73\/100\n|-enditem|p2a: Tapu Fini|Leftovers|[from] move: Knock Off|[of] p1a: Weavile\n|\n|upkeep\n|turn|26\n|\n|t:|1664535404\n|switch|p1a: Tapu Fini|Tapu Fini|75\/100\n|move|p2a: Tapu Fini|Knock Off|p1a: Tapu Fini\n|-resisted|p1a: Tapu Fini\n|-damage|p1a: Tapu Fini|70\/100\n|-enditem|p1a: Tapu Fini|Weakness Policy|[from] move: Knock Off|[of] p2a: Tapu Fini\n|\n|upkeep\n|turn|27\n|\n|t:|1664535419\n|switch|p2a: Ferrothorn|Ferrothorn, F|87\/100\n|move|p1a: Tapu Fini|Calm Mind|p1a: Tapu Fini\n|-boost|p1a: Tapu Fini|spa|1\n|-boost|p1a: Tapu Fini|spd|1\n|\n|-heal|p2a: Ferrothorn|94\/100|[from] item: Leftovers\n|upkeep\n|turn|28\n|\n|t:|1664535423\n|move|p1a: Tapu Fini|Taunt|p2a: Ferrothorn\n|-start|p2a: Ferrothorn|move: Taunt\n|move|p2a: Ferrothorn|Gyro Ball|p1a: Tapu Fini\n|-damage|p1a: Tapu Fini|35\/100\n|\n|-heal|p2a: Ferrothorn|99\/100|[from] item: Leftovers\n|upkeep\n|turn|29\n|\n|t:|1664535426\n|move|p1a: Tapu Fini|Surf|p2a: Ferrothorn\n|-resisted|p2a: Ferrothorn\n|-damage|p2a: Ferrothorn|85\/100\n|move|p2a: Ferrothorn|Gyro Ball|p1a: Tapu Fini\n|-damage|p1a: Tapu Fini|0 fnt\n|faint|p1a: Tapu Fini\n|\n|-heal|p2a: Ferrothorn|91\/100|[from] item: Leftovers\n|-fieldend|Misty Terrain\n|upkeep\n|-message|LT94JE Allistair forfeited.\n|\n|win|quixana\n|raw|LT94JE Allistair's rating: 1691 &rarr; <strong>1671<\/strong><br \/>(-20 for losing)\n|raw|quixana's rating: 1691 &rarr; <strong>1711<\/strong><br \/>(+20 for winning)\n|l|\u2606LT94JE Allistair\n||Ladder isn't responding, score probably updated but might not have (Request timeout).\n","uploadtime":1664535435,"views":34,"p1id":"lt94jeallistair","p2id":"quixana","formatid":"gen8ou","rating":1671,"private":0,"password":null}