{"id":"gen8ou-1634003220","p1":"MichaelSmells123","p2":"Lou dort","format":"gen8ou","log":"|j|\u2606MichaelSmells123\n|j|\u2606Lou dort\n|inactive|Battle timer is ON: inactive players will automatically lose when time's up.\n|t:|1659843543\n|gametype|singles\n|player|p1|MichaelSmells123|265|\n|player|p2|Lou dort|hilbert-wonderlauncher|\n|teamsize|p1|6\n|teamsize|p2|6\n|gen|8\n|tier|[Gen 8] OU\n|rated|Tournament battle\n|rule|Sleep Clause Mod: Limit one foe put to sleep\n|rule|Species Clause: Limit one of each Pok\u00e9mon\n|rule|OHKO Clause: OHKO moves are banned\n|rule|Evasion Items Clause: Evasion items are banned\n|rule|Evasion Moves Clause: Evasion moves are banned\n|rule|Endless Battle Clause: Forcing endless battles is banned\n|rule|HP Percentage Mod: HP is shown in percentages\n|rule|Dynamax Clause: You cannot dynamax\n|clearpoke\n|poke|p1|Slowking-Galar, F|\n|poke|p1|Weavile, M|\n|poke|p1|Magnezone|\n|poke|p1|Garchomp, F|\n|poke|p1|Corviknight, F|\n|poke|p1|Urshifu-*, F|\n|poke|p2|Dhelmise|\n|poke|p2|Tapu Fini|\n|poke|p2|Garchomp, F|\n|poke|p2|Heatran, F|\n|poke|p2|Tapu Koko|\n|poke|p2|Dragonite, M|\n|teampreview\n|inactive|Lou dort also wants the timer to be on.\n|\n|t:|1659843562\n|start\n|switch|p1a: Garchomp|Garchomp, F, shiny|100\/100\n|switch|p2a: Chaos|Heatran, F, shiny|100\/100\n|turn|1\n|\n|t:|1659843579\n|switch|p2a: Raven|Tapu Fini, shiny|100\/100\n|-fieldstart|move: Misty Terrain|[from] ability: Misty Surge|[of] p2a: Raven\n|move|p1a: Garchomp|Stealth Rock|p2a: Raven\n|-sidestart|p2: Lou dort|move: Stealth Rock\n|\n|upkeep\n|turn|2\n|j| Juni01\n|\n|t:|1659843590\n|switch|p1a: Magnezone|Magnezone|100\/100\n|move|p2a: Raven|Moonblast|p1a: Magnezone\n|-resisted|p1a: Magnezone\n|-damage|p1a: Magnezone|81\/100\n|\n|upkeep\n|turn|3\n|j| yeshahr\n|\n|t:|1659843601\n|switch|p2a: Zangetsu|Garchomp, F, shiny|100\/100\n|-damage|p2a: Zangetsu|94\/100|[from] Stealth Rock\n|move|p1a: Magnezone|Flash Cannon|p2a: Zangetsu\n|-damage|p2a: Zangetsu|20\/100\n|\n|-heal|p2a: Zangetsu|26\/100|[from] item: Leftovers\n|upkeep\n|turn|4\n|\n|t:|1659843609\n|switch|p1a: Corviknight|Corviknight, F, shiny|100\/100\n|-ability|p1a: Corviknight|Pressure\n|move|p2a: Zangetsu|Earthquake|p1a: Corviknight\n|-immune|p1a: Corviknight\n|\n|-heal|p2a: Zangetsu|32\/100|[from] item: Leftovers\n|upkeep\n|turn|5\n|\n|t:|1659843615\n|move|p2a: Zangetsu|Swords Dance|p2a: Zangetsu\n|-boost|p2a: Zangetsu|atk|2\n|move|p1a: Corviknight|U-turn|p2a: Zangetsu\n|-damage|p2a: Zangetsu|18\/100\n|-damage|p1a: Corviknight|88\/100|[from] ability: Rough Skin|[of] p2a: Zangetsu\n|\n|t:|1659843627\n|switch|p1a: Urshifu|Urshifu-Rapid-Strike, F|100\/100|[from]move: U-turn\n|\n|-heal|p2a: Zangetsu|25\/100|[from] item: Leftovers\n|-fieldend|Misty Terrain\n|upkeep\n|turn|6\n|l| yeshahr\n|\n|t:|1659843650\n|move|p1a: Urshifu|Aqua Jet|p2a: Zangetsu\n|-damage|p2a: Zangetsu|0 fnt\n|-damage|p1a: Urshifu|88\/100|[from] ability: Rough Skin|[of] p2a: Zangetsu\n|faint|p2a: Zangetsu\n|\n|upkeep\n|\n|t:|1659843655\n|switch|p2a: Quintessa|Tapu Koko, shiny|100\/100\n|-fieldstart|move: Electric Terrain|[from] ability: Electric Surge|[of] p2a: Quintessa\n|turn|7\n|j| yeshahr\n|j| BlisseyMaster13\n|c| BlisseyMaster13|hi dorty\n|c|\u2606Lou dort|???\n|c| BlisseyMaster13|LOL kek\n|c| yeshahr|i read that as dorky\n|c| yeshahr|\ud83d\udc80\n|c| BlisseyMaster13|sorry that was rude\n|inactive|MichaelSmells123 has 120 seconds left.\n|c| BlisseyMaster13|dorky LOL\n|\n|t:|1659843707\n|switch|p1a: Magnezone|Magnezone|81\/100\n|move|p2a: Quintessa|Dazzling Gleam|p1a: Magnezone\n|-resisted|p1a: Magnezone\n|-damage|p1a: Magnezone|57\/100\n|\n|upkeep\n|turn|8\n|c|\u2606Lou dort|not the best mu for me\n|l|\u2606MichaelSmells123\n|inactive|MichaelSmells123 disconnected and has a minute to reconnect!\n|player|p1|\n|c| BlisseyMaster13|free win\n|c|\u2606Lou dort|pls stay disconnected\n|j|\u2606MichaelSmells123\n|inactive|MichaelSmells123 reconnected and has 80 seconds left.\n|player|p1|MichaelSmells123|265\n|\n|t:|1659843741\n|move|p2a: Quintessa|U-turn|p1a: Magnezone\n|-resisted|p1a: Magnezone\n|-damage|p1a: Magnezone|49\/100\n|c|\u2606Lou dort|. . .\n|c| BlisseyMaster13|nope\n|\n|t:|1659843745\n|switch|p2a: Chaos|Heatran, F, shiny|100\/100|[from]move: U-turn\n|-damage|p2a: Chaos|88\/100|[from] Stealth Rock\n|move|p1a: Magnezone|Volt Switch|p2a: Chaos\n|-damage|p2a: Chaos|34\/100\n|\n|t:|1659843760\n|switch|p1a: Urshifu|Urshifu-Rapid-Strike, F|88\/100|[from]move: Volt Switch\n|\n|-heal|p2a: Chaos|41\/100|[from] item: Leftovers\n|upkeep\n|turn|9\n|c|\u2606Lou dort|dont click surging strikes im flame body heatran\n|\n|t:|1659843775\n|move|p1a: Urshifu|U-turn|p2a: Chaos\n|-resisted|p2a: Chaos\n|-damage|p2a: Chaos|32\/100\n|c|\u2606Lou dort|lucky\n|\n|t:|1659843780\n|switch|p1a: Slowking|Slowking-Galar, F, shiny|100\/100|[from]move: U-turn\n|move|p2a: Chaos|Stealth Rock|p1a: Slowking\n|-sidestart|p1: MichaelSmells123|move: Stealth Rock\n|\n|-heal|p2a: Chaos|39\/100|[from] item: Leftovers\n|upkeep\n|turn|10\n|\n|t:|1659843784\n|switch|p2a: Red Anchor|Dhelmise, shiny|100\/100\n|-damage|p2a: Red Anchor|88\/100|[from] Stealth Rock\n|move|p1a: Slowking|Future Sight|p2a: Red Anchor\n|-start|p1a: Slowking|move: Future Sight\n|\n|upkeep\n|turn|11\n|\n|t:|1659843789\n|switch|p1a: Corviknight|Corviknight, F, shiny|88\/100\n|-damage|p1a: Corviknight|75\/100|[from] Stealth Rock\n|-ability|p1a: Corviknight|Pressure\n|move|p2a: Red Anchor|Poltergeist|p1a: Corviknight\n|-activate|p1a: Corviknight|move: Poltergeist|Rocky Helmet\n|-damage|p1a: Corviknight|37\/100\n|\n|-fieldend|move: Electric Terrain\n|upkeep\n|turn|12\n|inactive|MichaelSmells123 has 90 seconds left.\n|\n|t:|1659843804\n|move|p1a: Corviknight|Roost|p1a: Corviknight\n|-heal|p1a: Corviknight|87\/100\n|-singleturn|p1a: Corviknight|move: Roost\n|move|p2a: Red Anchor|Poltergeist|p1a: Corviknight\n|-activate|p1a: Corviknight|move: Poltergeist|Rocky Helmet\n|-damage|p1a: Corviknight|52\/100\n|\n|-end|p2a: Red Anchor|move: Future Sight\n|-damage|p2a: Red Anchor|46\/100\n|upkeep\n|turn|13\n|\n|t:|1659843812\n|switch|p2a: Quintessa|Tapu Koko, shiny|100\/100\n|-fieldstart|move: Electric Terrain|[from] ability: Electric Surge|[of] p2a: Quintessa\n|move|p1a: Corviknight|Roost|p1a: Corviknight\n|-heal|p1a: Corviknight|100\/100\n|-singleturn|p1a: Corviknight|move: Roost\n|\n|upkeep\n|turn|14\n|\n|t:|1659843819\n|switch|p1a: Slowking|Slowking-Galar, F, shiny|100\/100\n|-damage|p1a: Slowking|88\/100|[from] Stealth Rock\n|move|p2a: Quintessa|Dazzling Gleam|p1a: Slowking\n|-resisted|p1a: Slowking\n|-damage|p1a: Slowking|79\/100\n|\n|upkeep\n|turn|15\n|c| BlisseyMaster13|go lou dorky\n|\n|t:|1659843827\n|move|p2a: Quintessa|U-turn|p1a: Slowking\n|-damage|p1a: Slowking|62\/100\n|\n|t:|1659843829\n|switch|p2a: Chaos|Heatran, F, shiny|39\/100|[from]move: U-turn\n|-damage|p2a: Chaos|26\/100|[from] Stealth Rock\n|move|p1a: Slowking|Future Sight|p2a: Chaos\n|-start|p1a: Slowking|move: Future Sight\n|\n|-heal|p2a: Chaos|32\/100|[from] item: Leftovers\n|upkeep\n|turn|16\n|c| BlisseyMaster13|as the joke goes\n|\n|t:|1659843843\n|switch|p1a: Garchomp|Garchomp, F, shiny|100\/100\n|-damage|p1a: Garchomp|94\/100|[from] Stealth Rock\n|move|p2a: Chaos|Earth Power|p1a: Garchomp\n|-damage|p1a: Garchomp|68\/100\n|\n|-heal|p2a: Chaos|39\/100|[from] item: Leftovers\n|upkeep\n|turn|17\n|\n|t:|1659843860\n|switch|p2a: Red Anchor|Dhelmise, shiny|46\/100\n|-damage|p2a: Red Anchor|33\/100|[from] Stealth Rock\n|move|p1a: Garchomp|Dragon Tail|p2a: Red Anchor\n|-damage|p2a: Red Anchor|5\/100\n|drag|p2a: Chaos|Heatran, F, shiny|39\/100\n|-damage|p2a: Chaos|26\/100|[from] Stealth Rock\n|\n|-end|p2a: Chaos|move: Future Sight\n|-resisted|p2a: Chaos\n|-damage|p2a: Chaos|9\/100\n|-heal|p2a: Chaos|15\/100|[from] item: Leftovers\n|-fieldend|move: Electric Terrain\n|upkeep\n|turn|18\n|\n|t:|1659843875\n|switch|p2a: Raven|Tapu Fini, shiny|100\/100\n|-damage|p2a: Raven|88\/100|[from] Stealth Rock\n|-fieldstart|move: Misty Terrain|[from] ability: Misty Surge|[of] p2a: Raven\n|move|p1a: Garchomp|Earthquake|p2a: Raven\n|-damage|p2a: Raven|48\/100\n|\n|-heal|p2a: Raven|54\/100|[from] item: Leftovers\n|upkeep\n|turn|19\n|\n|t:|1659843894\n|switch|p2a: Leviathan|Dragonite, M, shiny|100\/100\n|switch|p1a: Slowking|Slowking-Galar, F, shiny|95\/100\n|-damage|p1a: Slowking|82\/100|[from] Stealth Rock\n|\n|upkeep\n|turn|20\n|\n|t:|1659843899\n|move|p2a: Leviathan|Earthquake|p1a: Slowking\n|-supereffective|p1a: Slowking\n|-damage|p1a: Slowking|10\/100\n|move|p1a: Slowking|Ice Beam|p2a: Leviathan\n|-supereffective|p2a: Leviathan\n|-damage|p2a: Leviathan|51\/100\n|\n|upkeep\n|turn|21\n|\n|t:|1659843909\n|switch|p2a: Quintessa|Tapu Koko, shiny|100\/100\n|-fieldstart|move: Electric Terrain|[from] ability: Electric Surge|[of] p2a: Quintessa\n|switch|p1a: Corviknight|Corviknight, F, shiny|100\/100\n|-damage|p1a: Corviknight|88\/100|[from] Stealth Rock\n|-ability|p1a: Corviknight|Pressure\n|\n|upkeep\n|turn|22\n|inactive|MichaelSmells123 has 120 seconds left.\n|\n|t:|1659843914\n|switch|p1a: Magnezone|Magnezone|49\/100\n|-damage|p1a: Magnezone|42\/100|[from] Stealth Rock\n|move|p2a: Quintessa|Thunderbolt|p1a: Magnezone\n|-resisted|p1a: Magnezone\n|-damage|p1a: Magnezone|11\/100\n|\n|upkeep\n|turn|23\n|inactive|MichaelSmells123 has 120 seconds left.\n|\n|t:|1659843925\n|move|p2a: Quintessa|Dazzling Gleam|p1a: Magnezone\n|-resisted|p1a: Magnezone\n|-damage|p1a: Magnezone|0 fnt\n|faint|p1a: Magnezone\n|\n|upkeep\n|inactive|MichaelSmells123 has 120 seconds left.\n|\n|t:|1659843934\n|switch|p1a: Urshifu|Urshifu-Rapid-Strike, F|88\/100\n|-damage|p1a: Urshifu|82\/100|[from] Stealth Rock\n|turn|24\n|\n|t:|1659843942\n|switch|p2a: Red Anchor|Dhelmise, shiny|5\/100\n|-damage|p2a: Red Anchor|0 fnt|[from] Stealth Rock\n|faint|p2a: Red Anchor\n|move|p1a: Urshifu|Surging Strikes|p2: Red Anchor|[notarget]\n|-fail|p1a: Urshifu\n|\n|upkeep\n|\n|t:|1659843944\n|switch|p2a: Raven|Tapu Fini, shiny|54\/100\n|-damage|p2a: Raven|41\/100|[from] Stealth Rock\n|-fieldstart|move: Misty Terrain|[from] ability: Misty Surge|[of] p2a: Raven\n|turn|25\n|\n|t:|1659843963\n|switch|p2a: Quintessa|Tapu Koko, shiny|100\/100\n|-fieldstart|move: Electric Terrain|[from] ability: Electric Surge|[of] p2a: Quintessa\n|move|p1a: Urshifu|Surging Strikes|p2a: Quintessa\n|-crit|p2a: Quintessa\n|-damage|p2a: Quintessa|60\/100\n|-crit|p2a: Quintessa\n|-damage|p2a: Quintessa|21\/100\n|-crit|p2a: Quintessa\n|-damage|p2a: Quintessa|0 fnt\n|faint|p2a: Quintessa\n|-hitcount|p2: Quintessa|3\n|\n|upkeep\n|c|\u2606Lou dort|????\n|l| Juni01\n|\n|t:|1659843985\n|switch|p2a: Leviathan|Dragonite, M, shiny|51\/100\n|turn|26\n|\n|t:|1659843991\n|move|p1a: Urshifu|Surging Strikes|p2a: Leviathan\n|-resisted|p2a: Leviathan\n|-crit|p2a: Leviathan\n|-damage|p2a: Leviathan|37\/100\n|-resisted|p2a: Leviathan\n|-crit|p2a: Leviathan\n|-damage|p2a: Leviathan|24\/100\n|-resisted|p2a: Leviathan\n|-crit|p2a: Leviathan\n|-damage|p2a: Leviathan|11\/100\n|-hitcount|p2a: Leviathan|3\n|move|p2a: Leviathan|Roost|p2a: Leviathan\n|-heal|p2a: Leviathan|61\/100\n|-singleturn|p2a: Leviathan|move: Roost\n|\n|upkeep\n|turn|27\n|c|\u2606Lou dort|why did u stay in vs moonblast\n|\n|t:|1659844008\n|switch|p1a: Corviknight|Corviknight, F, shiny|88\/100\n|-damage|p1a: Corviknight|75\/100|[from] Stealth Rock\n|-ability|p1a: Corviknight|Pressure\n|move|p2a: Leviathan|Roost|p2a: Leviathan\n|-heal|p2a: Leviathan|100\/100\n|-singleturn|p2a: Leviathan|move: Roost\n|\n|upkeep\n|turn|28\n|\n|t:|1659844018\n|move|p2a: Leviathan|Dragon Dance|p2a: Leviathan\n|-boost|p2a: Leviathan|atk|1\n|-boost|p2a: Leviathan|spe|1\n|move|p1a: Corviknight|Roost|p1a: Corviknight\n|-heal|p1a: Corviknight|100\/100\n|-singleturn|p1a: Corviknight|move: Roost\n|\n|upkeep\n|turn|29\n|\n|t:|1659844025\n|move|p2a: Leviathan|Dragon Dance|p2a: Leviathan\n|-boost|p2a: Leviathan|atk|1\n|-boost|p2a: Leviathan|spe|1\n|move|p1a: Corviknight|U-turn|p2a: Leviathan\n|-resisted|p2a: Leviathan\n|-damage|p2a: Leviathan|97\/100\n|c|\u2606MichaelSmells123|why didn't you moonblast\n|\n|t:|1659844042\n|switch|p1a: Weavile|Weavile, M|100\/100|[from]move: U-turn\n|-ability|p1a: Weavile|Pressure\n|\n|-fieldend|move: Electric Terrain\n|upkeep\n|turn|30\n|c|\u2606Lou dort|because i thought the switch to glowking was obvious\n|\n|t:|1659844050\n|move|p1a: Weavile|Ice Shard|p2a: Leviathan\n|-supereffective|p2a: Leviathan\n|-damage|p2a: Leviathan|23\/100\n|move|p2a: Leviathan|Dual Wingbeat|p1a: Weavile\n|-damage|p1a: Weavile|36\/100\n|-damage|p1a: Weavile|0 fnt\n|faint|p1a: Weavile\n|-hitcount|p1: Weavile|2\n|\n|upkeep\n|\n|t:|1659844058\n|switch|p1a: Garchomp|Garchomp, F, shiny|68\/100\n|-damage|p1a: Garchomp|62\/100|[from] Stealth Rock\n|turn|31\n|\n|t:|1659844062\n|move|p2a: Leviathan|Earthquake|p1a: Garchomp\n|-damage|p1a: Garchomp|18\/100\n|move|p1a: Garchomp|Dragon Tail|p2a: Leviathan\n|-supereffective|p2a: Leviathan\n|-damage|p2a: Leviathan|0 fnt\n|faint|p2a: Leviathan\n|\n|upkeep\n|\n|t:|1659844084\n|switch|p2a: Raven|Tapu Fini, shiny|41\/100\n|-damage|p2a: Raven|29\/100|[from] Stealth Rock\n|-fieldstart|move: Misty Terrain|[from] ability: Misty Surge|[of] p2a: Raven\n|turn|32\n|\n|t:|1659844094\n|move|p2a: Raven|Moonblast|p1a: Garchomp\n|-supereffective|p1a: Garchomp\n|-damage|p1a: Garchomp|0 fnt\n|faint|p1a: Garchomp\n|\n|-heal|p2a: Raven|35\/100|[from] item: Leftovers\n|upkeep\n|\n|t:|1659844112\n|switch|p1a: Slowking|Slowking-Galar, F, shiny|44\/100\n|-damage|p1a: Slowking|31\/100|[from] Stealth Rock\n|turn|33\n|\n|t:|1659844120\n|switch|p2a: Chaos|Heatran, F, shiny|15\/100\n|-damage|p2a: Chaos|2\/100|[from] Stealth Rock\n|switch|p1a: Corviknight|Corviknight, F, shiny|100\/100\n|-damage|p1a: Corviknight|88\/100|[from] Stealth Rock\n|-ability|p1a: Corviknight|Pressure\n|\n|-heal|p2a: Chaos|9\/100|[from] item: Leftovers\n|upkeep\n|turn|34\n|\n|t:|1659844131\n|switch|p1a: Urshifu|Urshifu-Rapid-Strike, F|82\/100\n|-damage|p1a: Urshifu|76\/100|[from] Stealth Rock\n|move|p2a: Chaos|Magma Storm|p1a: Urshifu|[miss]\n|-miss|p2a: Chaos|p1a: Urshifu\n|\n|-heal|p2a: Chaos|15\/100|[from] item: Leftovers\n|upkeep\n|turn|35\n|-message|Lou dort forfeited.\n|\n|win|MichaelSmells123\n|n|\u2606Lou dort|loudort\n|n| yeshahr|yeshahr\n|n| BlisseyMaster13|blisseymaster13\n|n|\u2606MichaelSmells123|michaelsmells123\n|l|\u2606Lou dort\n|l| BlisseyMaster13\n","uploadtime":1659844150,"views":17,"p1id":"michaelsmells123","p2id":"loudort","formatid":"gen8ou","rating":0,"private":0,"password":null}