{"id":"gen8ou-1546084149","p1":"Zfxcy","p2":"soap776","format":"gen8ou","log":"|j|\u2606Zfxcy\n|j|\u2606soap776\n|t:|1649108265\n|gametype|singles\n|player|p1|Zfxcy|hugh|1585\n|player|p2|soap776|nate|1566\n|teamsize|p1|6\n|teamsize|p2|6\n|gen|8\n|tier|[Gen 8] OU\n|rated|\n|rule|Sleep Clause Mod: Limit one foe put to sleep\n|rule|Species Clause: Limit one of each Pok\u00e9mon\n|rule|OHKO Clause: OHKO moves are banned\n|rule|Evasion Moves Clause: Evasion moves are banned\n|rule|Endless Battle Clause: Forcing endless battles is banned\n|rule|HP Percentage Mod: HP is shown in percentages\n|rule|Dynamax Clause: You cannot dynamax\n|clearpoke\n|poke|p1|Zeraora|\n|poke|p1|Buzzwole|\n|poke|p1|Dragonite, F|\n|poke|p1|Slowking-Galar, F|\n|poke|p1|Scizor, F|\n|poke|p1|Toxapex, M|\n|poke|p2|Tapu Lele|\n|poke|p2|Heatran, F|\n|poke|p2|Tornadus-Therian, M|\n|poke|p2|Kommo-o, M|\n|poke|p2|Garchomp, F|\n|poke|p2|Slowbro, M|\n|teampreview\n|c|\u2606Zfxcy|Hm\n|inactive|Battle timer is ON: inactive players will automatically lose when time's up. (requested by Zfxcy)\n|\n|t:|1649108293\n|start\n|switch|p1a: Pexxy|Toxapex, M|100\/100\n|switch|p2a: Garchomp|Garchomp, F|100\/100\n|turn|1\n|\n|t:|1649108298\n|switch|p1a: Swole|Buzzwole|100\/100\n|move|p2a: Garchomp|Earthquake|p1a: Swole\n|-resisted|p1a: Swole\n|-damage|p1a: Swole|88\/100\n|\n|upkeep\n|turn|2\n|\n|t:|1649108306\n|switch|p2a: Tornadus|Tornadus-Therian, M|100\/100\n|move|p1a: Swole|Toxic|p2a: Tornadus\n|-status|p2a: Tornadus|tox\n|\n|-damage|p2a: Tornadus|94\/100 tox|[from] psn\n|upkeep\n|turn|3\n|\n|t:|1649108314\n|switch|p1a: Pexxy|Toxapex, M|100\/100\n|move|p2a: Tornadus|Knock Off|p1a: Pexxy\n|-damage|p1a: Pexxy|89\/100\n|-damage|p2a: Tornadus|78\/100 tox|[from] item: Rocky Helmet|[of] p1a: Pexxy\n|-enditem|p1a: Pexxy|Rocky Helmet|[from] move: Knock Off|[of] p2a: Tornadus\n|\n|-damage|p2a: Tornadus|66\/100 tox|[from] psn\n|upkeep\n|turn|4\n|\n|t:|1649108319\n|move|p2a: Tornadus|Hurricane|p1a: Pexxy\n|-damage|p1a: Pexxy|54\/100\n|move|p1a: Pexxy|Toxic Spikes|p2a: Tornadus\n|-sidestart|p2: soap776|move: Toxic Spikes\n|\n|-damage|p2a: Tornadus|47\/100 tox|[from] psn\n|upkeep\n|turn|5\n|\n|t:|1649108326\n|move|p2a: Tornadus|U-turn|p1a: Pexxy\n|-resisted|p1a: Pexxy\n|-damage|p1a: Pexxy|49\/100\n|\n|t:|1649108331\n|switch|p2a: Heatran|Heatran, F|100\/100|[from]move: U-turn\n|move|p1a: Pexxy|Toxic Spikes|p2a: Heatran\n|-sidestart|p2: soap776|move: Toxic Spikes\n|\n|upkeep\n|turn|6\n|\n|t:|1649108336\n|move|p1a: Pexxy|Baneful Bunker|p1a: Pexxy\n|-singleturn|p1a: Pexxy|move: Protect\n|move|p2a: Heatran|Stealth Rock|p1a: Pexxy\n|-sidestart|p1: Zfxcy|move: Stealth Rock\n|\n|upkeep\n|turn|7\n|\n|t:|1649108341\n|switch|p2a: Tornadus|Tornadus-Therian, M|81\/100 tox\n|switch|p1a: Galland|Dragonite, F, shiny|100\/100\n|\n|-damage|p2a: Tornadus|75\/100 tox|[from] psn\n|upkeep\n|turn|8\n|\n|t:|1649108347\n|move|p2a: Tornadus|Knock Off|p1a: Galland\n|-crit|p1a: Galland\n|-damage|p1a: Galland|85\/100\n|-enditem|p1a: Galland|Heavy-Duty Boots|[from] move: Knock Off|[of] p2a: Tornadus\n|move|p1a: Galland|Ice Beam|p2a: Tornadus\n|-supereffective|p2a: Tornadus\n|-damage|p2a: Tornadus|19\/100 tox\n|\n|-damage|p2a: Tornadus|7\/100 tox|[from] psn\n|upkeep\n|turn|9\n|\n|t:|1649108363\n|switch|p2a: Slowbro|Slowbro, M|100\/100\n|move|p1a: Galland|Thunder Wave|p2a: Slowbro\n|-status|p2a: Slowbro|par\n|\n|upkeep\n|turn|10\n|\n|t:|1649108373\n|switch|p1a: Gus|Slowking-Galar, F|100\/100\n|-damage|p1a: Gus|88\/100|[from] Stealth Rock\n|cant|p2a: Slowbro|par\n|\n|upkeep\n|turn|11\n|\n|t:|1649108377\n|move|p1a: Gus|Ice Beam|p2a: Slowbro\n|-resisted|p2a: Slowbro\n|-damage|p2a: Slowbro|85\/100 par\n|move|p2a: Slowbro|Future Sight|p1a: Gus\n|-start|p2a: Slowbro|move: Future Sight\n|\n|upkeep\n|turn|12\n|\n|t:|1649108381\n|switch|p2a: Heatran|Heatran, F|100\/100\n|move|p1a: Gus|Future Sight|p2a: Heatran\n|-start|p1a: Gus|move: Future Sight\n|\n|upkeep\n|turn|13\n|\n|t:|1649108387\n|move|p2a: Heatran|Magma Storm|p1a: Gus\n|-damage|p1a: Gus|69\/100\n|-activate|p1a: Gus|move: Magma Storm|[of] p2a: Heatran\n|move|p1a: Gus|Earthquake|p2a: Heatran\n|-supereffective|p2a: Heatran\n|-damage|p2a: Heatran|43\/100\n|\n|-end|p1a: Gus|move: Future Sight\n|-damage|p1a: Gus|51\/100\n|-heal|p2a: Heatran|49\/100|[from] item: Leftovers\n|-damage|p1a: Gus|39\/100|[from] move: Magma Storm|[partiallytrapped]\n|upkeep\n|turn|14\n|\n|t:|1649108410\n|switch|p2a: Tapu Lele|Tapu Lele|100\/100\n|-status|p2a: Tapu Lele|tox\n|-fieldstart|move: Psychic Terrain|[from] ability: Psychic Surge|[of] p2a: Tapu Lele\n|move|p1a: Gus|Earthquake|p2a: Tapu Lele\n|-damage|p2a: Tapu Lele|77\/100 tox\n|\n|-end|p2a: Tapu Lele|move: Future Sight\n|-resisted|p2a: Tapu Lele\n|-damage|p2a: Tapu Lele|41\/100 tox\n|-damage|p2a: Tapu Lele|35\/100 tox|[from] psn\n|-end|p1a: Gus|Magma Storm|[partiallytrapped]|[silent]\n|upkeep\n|turn|15\n|\n|t:|1649108418\n|switch|p1a: Skillz|Scizor, F|100\/100\n|-damage|p1a: Skillz|88\/100|[from] Stealth Rock\n|move|p2a: Tapu Lele|Future Sight|p1a: Skillz\n|-start|p2a: Tapu Lele|move: Future Sight\n|\n|-heal|p1a: Skillz|94\/100|[from] item: Leftovers\n|-damage|p2a: Tapu Lele|23\/100 tox|[from] psn\n|upkeep\n|turn|16\n|\n|t:|1649108422\n|switch|p2a: Heatran|Heatran, F|49\/100\n|move|p1a: Skillz|Superpower|p2a: Heatran\n|-supereffective|p2a: Heatran\n|-damage|p2a: Heatran|0 fnt\n|-unboost|p1a: Skillz|atk|1\n|-unboost|p1a: Skillz|def|1\n|-status|p1a: Skillz|brn|[from] ability: Flame Body|[of] p2a: Heatran\n|faint|p2a: Heatran\n|\n|-heal|p1a: Skillz|99\/100 brn|[from] item: Leftovers\n|-damage|p1a: Skillz|94\/100 brn|[from] brn\n|upkeep\n|\n|t:|1649108432\n|switch|p2a: Tornadus|Tornadus-Therian, M|40\/100 tox\n|turn|17\n|\n|t:|1649108454\n|move|p1a: Skillz|Bullet Punch|p2a: Tornadus\n|-hint|Psychic Terrain doesn't affect Pok\u00e9mon immune to Ground.\n|-damage|p2a: Tornadus|29\/100 tox\n|move|p2a: Tornadus|Defog|p1a: Skillz\n|-unboost|p1a: Skillz|evasion|1\n|-sideend|p1: Zfxcy|Stealth Rock|[from] move: Defog|[of] p2a: Tornadus\n|-sideend|p2: soap776|Toxic Spikes|[from] move: Defog|[of] p2a: Tornadus\n|-fieldend|move: Psychic Terrain\n|\n|-end|p1a: Skillz|move: Future Sight\n|-resisted|p1a: Skillz\n|-damage|p1a: Skillz|65\/100 brn\n|-heal|p1a: Skillz|71\/100 brn|[from] item: Leftovers\n|-damage|p2a: Tornadus|23\/100 tox|[from] psn\n|-damage|p1a: Skillz|65\/100 brn|[from] brn\n|upkeep\n|turn|18\n|\n|t:|1649108468\n|switch|p2a: Garchomp|Garchomp, F|100\/100\n|switch|p1a: Pexxy|Toxapex, M|82\/100\n|\n|upkeep\n|turn|19\n|\n|t:|1649108474\n|switch|p2a: Tornadus|Tornadus-Therian, M|56\/100 tox\n|switch|p1a: Swole|Buzzwole|88\/100\n|\n|-damage|p2a: Tornadus|50\/100 tox|[from] psn\n|upkeep\n|turn|20\n|\n|t:|1649108489\n|switch|p1a: Zeno Bell|Zeraora, shiny|100\/100\n|move|p2a: Tornadus|Hurricane|p1a: Zeno Bell\n|-resisted|p1a: Zeno Bell\n|-damage|p1a: Zeno Bell|75\/100\n|\n|-heal|p1a: Zeno Bell|81\/100|[from] item: Leftovers\n|-damage|p2a: Tornadus|38\/100 tox|[from] psn\n|upkeep\n|turn|21\n|\n|t:|1649108504\n|switch|p2a: Garchomp|Garchomp, F|100\/100\n|move|p1a: Zeno Bell|Play Rough|p2a: Garchomp\n|-supereffective|p2a: Garchomp\n|-damage|p2a: Garchomp|48\/100\n|-damage|p1a: Zeno Bell|69\/100|[from] ability: Rough Skin|[of] p2a: Garchomp\n|\n|-heal|p1a: Zeno Bell|75\/100|[from] item: Leftovers\n|upkeep\n|turn|22\n|\n|t:|1649108509\n|switch|p1a: Swole|Buzzwole|88\/100\n|move|p2a: Garchomp|Earthquake|p1a: Swole\n|-resisted|p1a: Swole\n|-damage|p1a: Swole|74\/100\n|\n|upkeep\n|turn|23\n|\n|t:|1649108515\n|switch|p2a: Slowbro|Slowbro, M|100\/100 par\n|move|p1a: Swole|Ice Punch|p2a: Slowbro\n|-resisted|p2a: Slowbro\n|-damage|p2a: Slowbro|92\/100 par\n|\n|upkeep\n|turn|24\n|\n|t:|1649108527\n|switch|p1a: Pexxy|Toxapex, M|100\/100\n|move|p2a: Slowbro|Future Sight|p1a: Pexxy\n|-start|p2a: Slowbro|move: Future Sight\n|\n|upkeep\n|turn|25\n|\n|t:|1649108532\n|switch|p2a: Tornadus|Tornadus-Therian, M|71\/100 tox\n|move|p1a: Pexxy|Toxic Spikes|p2a: Tornadus\n|-sidestart|p2: soap776|move: Toxic Spikes\n|\n|-damage|p2a: Tornadus|65\/100 tox|[from] psn\n|upkeep\n|turn|26\n|\n|t:|1649108539\n|switch|p1a: Skillz|Scizor, F|65\/100 brn\n|move|p2a: Tornadus|Defog|p1a: Skillz\n|-unboost|p1a: Skillz|evasion|1\n|-sideend|p2: soap776|Toxic Spikes|[from] move: Defog|[of] p2a: Tornadus\n|\n|-end|p1a: Skillz|move: Future Sight\n|-resisted|p1a: Skillz\n|-damage|p1a: Skillz|44\/100 brn\n|-heal|p1a: Skillz|50\/100 brn|[from] item: Leftovers\n|-damage|p2a: Tornadus|53\/100 tox|[from] psn\n|-damage|p1a: Skillz|44\/100 brn|[from] brn\n|upkeep\n|turn|27\n|\n|t:|1649108543\n|move|p2a: Tornadus|Hurricane|p1a: Skillz\n|-damage|p1a: Skillz|8\/100 brn\n|move|p1a: Skillz|Roost|p1a: Skillz\n|-heal|p1a: Skillz|58\/100 brn\n|-singleturn|p1a: Skillz|move: Roost\n|\n|-heal|p1a: Skillz|64\/100 brn|[from] item: Leftovers\n|-damage|p2a: Tornadus|35\/100 tox|[from] psn\n|-damage|p1a: Skillz|58\/100 brn|[from] brn\n|upkeep\n|turn|28\n|\n|t:|1649108554\n|switch|p2a: Slowbro|Slowbro, M|100\/100 par\n|switch|p1a: Zeno Bell|Zeraora, shiny|75\/100\n|\n|-heal|p1a: Zeno Bell|81\/100|[from] item: Leftovers\n|upkeep\n|turn|29\n|\n|t:|1649108561\n|move|p1a: Zeno Bell|Plasma Fists|p2a: Slowbro\n|-supereffective|p2a: Slowbro\n|-damage|p2a: Slowbro|42\/100 par\n|-fieldactivate|move: Ion Deluge\n|-hint|Normal-type moves become Electric-type after using Plasma Fists.\n|move|p2a: Slowbro|Scald|p1a: Zeno Bell\n|-damage|p1a: Zeno Bell|46\/100\n|-status|p1a: Zeno Bell|brn\n|\n|-heal|p1a: Zeno Bell|52\/100 brn|[from] item: Leftovers\n|-damage|p1a: Zeno Bell|46\/100 brn|[from] brn\n|upkeep\n|turn|30\n|\n|t:|1649108578\n|switch|p1a: Gus|Slowking-Galar, F|72\/100\n|switch|p2a: Garchomp|Garchomp, F|48\/100\n|\n|upkeep\n|turn|31\n|\n|t:|1649108584\n|switch|p1a: Swole|Buzzwole|74\/100\n|move|p2a: Garchomp|Earthquake|p1a: Swole\n|-resisted|p1a: Swole\n|-damage|p1a: Swole|61\/100\n|\n|upkeep\n|turn|32\n|\n|t:|1649108599\n|switch|p2a: Tapu Lele|Tapu Lele|23\/100 tox\n|-fieldstart|move: Psychic Terrain|[from] ability: Psychic Surge|[of] p2a: Tapu Lele\n|move|p1a: Swole|Toxic|p2a: Tapu Lele|[miss]\n|-miss|p1a: Swole|p2a: Tapu Lele\n|\n|-damage|p2a: Tapu Lele|17\/100 tox|[from] psn\n|upkeep\n|turn|33\n|\n|t:|1649108607\n|switch|p1a: Skillz|Scizor, F|58\/100 brn\n|move|p2a: Tapu Lele|Psyshock|p1a: Skillz\n|-resisted|p1a: Skillz\n|-damage|p1a: Skillz|16\/100 brn\n|\n|-heal|p1a: Skillz|22\/100 brn|[from] item: Leftovers\n|-damage|p2a: Tapu Lele|4\/100 tox|[from] psn\n|-damage|p1a: Skillz|16\/100 brn|[from] brn\n|upkeep\n|turn|34\n|\n|t:|1649108617\n|move|p2a: Tapu Lele|Psyshock|p1a: Skillz\n|-resisted|p1a: Skillz\n|-damage|p1a: Skillz|0 fnt\n|faint|p1a: Skillz\n|\n|-damage|p2a: Tapu Lele|0 fnt|[from] psn\n|faint|p2a: Tapu Lele\n|upkeep\n|\n|t:|1649108628\n|switch|p2a: Kommo-o|Kommo-o, M|100\/100\n|switch|p1a: Pexxy|Toxapex, M|100\/100\n|turn|35\n|\n|t:|1649108639\n|switch|p2a: Garchomp|Garchomp, F|48\/100\n|move|p1a: Pexxy|Scald|p2a: Garchomp\n|-damage|p2a: Garchomp|29\/100\n|\n|upkeep\n|turn|36\n|\n|t:|1649108648\n|move|p1a: Pexxy|Baneful Bunker|p1a: Pexxy\n|-singleturn|p1a: Pexxy|move: Protect\n|move|p2a: Garchomp|Fire Fang|p1a: Pexxy\n|-activate|p1a: Pexxy|move: Protect\n|-status|p2a: Garchomp|psn\n|\n|-damage|p2a: Garchomp|17\/100 psn|[from] psn\n|-fieldend|move: Psychic Terrain\n|upkeep\n|turn|37\n|\n|t:|1649108654\n|move|p2a: Garchomp|Fire Fang|p1a: Pexxy\n|-resisted|p1a: Pexxy\n|-damage|p1a: Pexxy|93\/100\n|move|p1a: Pexxy|Toxic Spikes|p2a: Garchomp\n|-sidestart|p2: soap776|move: Toxic Spikes\n|\n|-damage|p2a: Garchomp|4\/100 psn|[from] psn\n|upkeep\n|turn|38\n|\n|t:|1649108661\n|switch|p2a: Tornadus|Tornadus-Therian, M|68\/100 tox\n|move|p1a: Pexxy|Toxic Spikes|p2a: Tornadus\n|-sidestart|p2: soap776|move: Toxic Spikes\n|\n|-damage|p2a: Tornadus|62\/100 tox|[from] psn\n|upkeep\n|turn|39\n|\n|t:|1649108669\n|switch|p1a: Gus|Slowking-Galar, F|100\/100\n|move|p2a: Tornadus|Defog|p1a: Gus\n|-unboost|p1a: Gus|evasion|1\n|-sideend|p2: soap776|Toxic Spikes|[from] move: Defog|[of] p2a: Tornadus\n|\n|-damage|p2a: Tornadus|50\/100 tox|[from] psn\n|upkeep\n|turn|40\n|\n|t:|1649108671\n|move|p2a: Tornadus|Knock Off|p1a: Gus\n|-supereffective|p1a: Gus\n|-damage|p1a: Gus|54\/100\n|-enditem|p1a: Gus|Assault Vest|[from] move: Knock Off|[of] p2a: Tornadus\n|move|p1a: Gus|Future Sight|p2a: Tornadus\n|-start|p1a: Gus|move: Future Sight\n|\n|-damage|p2a: Tornadus|31\/100 tox|[from] psn\n|upkeep\n|turn|41\n|\n|t:|1649108678\n|switch|p1a: Pexxy|Toxapex, M|100\/100\n|move|p2a: Tornadus|U-turn|p1a: Pexxy\n|-resisted|p1a: Pexxy\n|-damage|p1a: Pexxy|96\/100\n|\n|t:|1649108683\n|switch|p2a: Garchomp|Garchomp, F|4\/100 psn|[from]move: U-turn\n|\n|-damage|p2a: Garchomp|0 fnt|[from] psn\n|faint|p2a: Garchomp\n|upkeep\n|\n|t:|1649108688\n|switch|p2a: Slowbro|Slowbro, M|76\/100 par\n|turn|42\n|\n|t:|1649108692\n|move|p1a: Pexxy|Toxic Spikes|p2a: Slowbro\n|-sidestart|p2: soap776|move: Toxic Spikes\n|cant|p2a: Slowbro|par\n|\n|-end|p2a: Slowbro|move: Future Sight\n|-resisted|p2a: Slowbro\n|-damage|p2a: Slowbro|48\/100 par\n|upkeep\n|turn|43\n|\n|t:|1649108695\n|move|p1a: Pexxy|Toxic Spikes|p2a: Slowbro\n|-sidestart|p2: soap776|move: Toxic Spikes\n|move|p2a: Slowbro|Future Sight|p1a: Pexxy\n|-start|p2a: Slowbro|move: Future Sight\n|\n|upkeep\n|turn|44\n|\n|t:|1649108699\n|switch|p1a: Gus|Slowking-Galar, F|88\/100\n|cant|p2a: Slowbro|par\n|\n|upkeep\n|turn|45\n|\n|t:|1649108705\n|switch|p2a: Tornadus|Tornadus-Therian, M|65\/100 tox\n|move|p1a: Gus|Sludge Bomb|p2a: Tornadus\n|-damage|p2a: Tornadus|22\/100 tox\n|\n|-end|p1a: Gus|move: Future Sight\n|-damage|p1a: Gus|60\/100\n|-damage|p2a: Tornadus|16\/100 tox|[from] psn\n|upkeep\n|turn|46\n|\n|t:|1649108709\n|move|p2a: Tornadus|Knock Off|p1a: Gus\n|-supereffective|p1a: Gus\n|-damage|p1a: Gus|28\/100\n|move|p1a: Gus|Sludge Bomb|p2a: Tornadus\n|-damage|p2a: Tornadus|0 fnt\n|faint|p2a: Tornadus\n|\n|upkeep\n|\n|t:|1649108713\n|switch|p2a: Kommo-o|Kommo-o, M|100\/100\n|-status|p2a: Kommo-o|tox\n|turn|47\n|\n|t:|1649108716\n|switch|p1a: Pexxy|Toxapex, M|100\/100\n|move|p2a: Kommo-o|Clangorous Soul|p2a: Kommo-o\n|-boost|p2a: Kommo-o|atk|1\n|-boost|p2a: Kommo-o|def|1\n|-boost|p2a: Kommo-o|spa|1\n|-boost|p2a: Kommo-o|spd|1\n|-boost|p2a: Kommo-o|spe|1\n|-damage|p2a: Kommo-o|68\/100 tox\n|-enditem|p2a: Kommo-o|Throat Spray\n|-boost|p2a: Kommo-o|spa|1|[from] item: Throat Spray\n|\n|-damage|p2a: Kommo-o|61\/100 tox|[from] psn\n|upkeep\n|turn|48\n|\n|t:|1649108719\n|move|p2a: Kommo-o|Clanging Scales|p1a: Pexxy\n|-damage|p1a: Pexxy|21\/100\n|-unboost|p2a: Kommo-o|def|1\n|move|p1a: Pexxy|Haze|p1a: Pexxy\n|-clearallboost\n|\n|-damage|p2a: Kommo-o|49\/100 tox|[from] psn\n|upkeep\n|turn|49\n|\n|t:|1649108730\n|move|p1a: Pexxy|Baneful Bunker|p1a: Pexxy\n|-singleturn|p1a: Pexxy|move: Protect\n|move|p2a: Kommo-o|Boomburst|p1a: Pexxy\n|-activate|p1a: Pexxy|move: Protect\n|\n|-damage|p2a: Kommo-o|30\/100 tox|[from] psn\n|upkeep\n|turn|50\n|\n|t:|1649108734\n|switch|p1a: Gus|Slowking-Galar, F|62\/100\n|move|p2a: Kommo-o|Boomburst|p1a: Gus\n|-damage|p1a: Gus|31\/100\n|\n|-damage|p2a: Kommo-o|6\/100 tox|[from] psn\n|upkeep\n|turn|51\n|\n|t:|1649108745\n|switch|p1a: Pexxy|Toxapex, M|54\/100\n|move|p2a: Kommo-o|Clanging Scales|p1a: Pexxy\n|-damage|p1a: Pexxy|13\/100\n|-unboost|p2a: Kommo-o|def|1\n|\n|-damage|p2a: Kommo-o|0 fnt|[from] psn\n|faint|p2a: Kommo-o\n|upkeep\n|-message|soap776 forfeited.\n|\n|win|Zfxcy\n|raw|Zfxcy's rating: 1585 &rarr; <strong>1604<\/strong><br \/>(+19 for winning)\n|raw|soap776's rating: 1566 &rarr; <strong>1547<\/strong><br \/>(-19 for losing)\n|l|\u2606soap776\n||Ladder isn't responding, score probably updated but might not have (Request timeout).\n","uploadtime":1649108799,"views":5,"p1id":"zfxcy","p2id":"soap776","formatid":"gen8ou","rating":1547,"private":0,"password":null}