{"id":"gen8ou-1473769333","p1":"Hajmola","p2":"PlayForDreams","format":"gen8ou","log":"|j|\u2606Hajmola\n|j|\u2606PlayForDreams\n|t:|1639576476\n|gametype|singles\n|player|p1|Hajmola|doctor|1652\n|player|p2|PlayForDreams|roxie|1706\n|teamsize|p1|6\n|teamsize|p2|6\n|gen|8\n|tier|[Gen 8] OU\n|rated|\n|rule|Sleep Clause Mod: Limit one foe put to sleep\n|rule|Species Clause: Limit one of each Pok\u00e9mon\n|rule|OHKO Clause: OHKO moves are banned\n|rule|Evasion Moves Clause: Evasion moves are banned\n|rule|Endless Battle Clause: Forcing endless battles is banned\n|rule|HP Percentage Mod: HP is shown in percentages\n|rule|Dynamax Clause: You cannot dynamax\n|clearpoke\n|poke|p1|Nidoking, M|\n|poke|p1|Slowbro, F|\n|poke|p1|Heatran, M|\n|poke|p1|Zarude|\n|poke|p1|Rotom-Wash|\n|poke|p1|Buzzwole|\n|poke|p2|Zapdos|\n|poke|p2|Thundurus-Therian, M|\n|poke|p2|Corviknight, M|\n|poke|p2|Landorus-Therian, M|\n|poke|p2|Mantine, M|\n|poke|p2|Skarmory, M|\n|teampreview\n|inactive|Battle timer is ON: inactive players will automatically lose when time's up. (requested by Hajmola)\n|inactive|PlayForDreams has 120 seconds left.\n|\n|t:|1639576535\n|start\n|switch|p1a: Nidoking|Nidoking, M|100\/100\n|switch|p2a: Landorus|Landorus-Therian, M, shiny|100\/100\n|-ability|p2a: Landorus|Intimidate|boost\n|-unboost|p1a: Nidoking|atk|1\n|turn|1\n|\n|t:|1639576546\n|switch|p1a: Rotom|Rotom-Wash|100\/100\n|switch|p2a: Mantine|Mantine, M, shiny|100\/100\n|\n|upkeep\n|turn|2\n|\n|t:|1639576559\n|switch|p2a: Zapdos|Zapdos, shiny|100\/100\n|-ability|p2a: Zapdos|Pressure\n|move|p1a: Rotom|Volt Switch|p2a: Zapdos\n|-damage|p2a: Zapdos|82\/100\n|\n|t:|1639576567\n|switch|p1a: Heatran|Heatran, M|100\/100|[from]move: Volt Switch\n|\n|upkeep\n|turn|3\n|\n|t:|1639576572\n|move|p2a: Zapdos|Volt Switch|p1a: Heatran\n|-damage|p1a: Heatran|80\/100\n|\n|t:|1639576576\n|switch|p2a: Landorus|Landorus-Therian, M, shiny|100\/100|[from]move: Volt Switch\n|-ability|p2a: Landorus|Intimidate|boost\n|-unboost|p1a: Heatran|atk|1\n|move|p1a: Heatran|Stealth Rock|p2a: Landorus\n|-sidestart|p2: PlayForDreams|move: Stealth Rock\n|\n|-heal|p1a: Heatran|87\/100|[from] item: Leftovers\n|upkeep\n|turn|4\n|\n|t:|1639576586\n|switch|p1a: Slowbro|Slowbro, F|100\/100\n|move|p2a: Landorus|Earthquake|p1a: Slowbro\n|-damage|p1a: Slowbro|72\/100\n|\n|upkeep\n|turn|5\n|\n|t:|1639576595\n|move|p2a: Landorus|Stealth Rock|p1a: Slowbro\n|-sidestart|p1: Hajmola|move: Stealth Rock\n|move|p1a: Slowbro|Teleport|p1a: Slowbro\n|\n|t:|1639576600\n|switch|p1a: Nidoking|Nidoking, M|100\/100|[from]move: Teleport\n|-damage|p1a: Nidoking|95\/100|[from] Stealth Rock\n|\n|upkeep\n|turn|6\n|\n|t:|1639576605\n|switch|p1a: Rotom|Rotom-Wash|100\/100\n|-damage|p1a: Rotom|88\/100|[from] Stealth Rock\n|switch|p2a: Mantine|Mantine, M, shiny|100\/100\n|\n|-heal|p1a: Rotom|94\/100|[from] item: Leftovers\n|upkeep\n|turn|7\n|\n|t:|1639576619\n|switch|p2a: Zapdos|Zapdos, shiny|82\/100\n|-ability|p2a: Zapdos|Pressure\n|move|p1a: Rotom|Volt Switch|p2a: Zapdos\n|-damage|p2a: Zapdos|64\/100\n|\n|t:|1639576630\n|switch|p1a: Nidoking|Nidoking, M|95\/100|[from]move: Volt Switch\n|-damage|p1a: Nidoking|89\/100|[from] Stealth Rock\n|\n|upkeep\n|turn|8\n|\n|t:|1639576635\n|switch|p2a: Mantine|Mantine, M, shiny|100\/100\n|move|p1a: Nidoking|Sludge Wave|p2a: Mantine\n|-damage|p2a: Mantine|59\/100\n|\n|upkeep\n|turn|9\n|j| SherlockTroll\n|\n|t:|1639576645\n|switch|p1a: Rotom|Rotom-Wash|94\/100\n|-damage|p1a: Rotom|82\/100|[from] Stealth Rock\n|move|p2a: Mantine|Roost|p2a: Mantine\n|-heal|p2a: Mantine|100\/100\n|-singleturn|p2a: Mantine|move: Roost\n|\n|-heal|p1a: Rotom|88\/100|[from] item: Leftovers\n|upkeep\n|turn|10\n|\n|t:|1639576656\n|switch|p2a: Landorus|Landorus-Therian, M, shiny|100\/100\n|-damage|p2a: Landorus|88\/100|[from] Stealth Rock\n|-ability|p2a: Landorus|Intimidate|boost\n|-unboost|p1a: Rotom|atk|1\n|move|p1a: Rotom|Volt Switch|p2a: Landorus\n|-immune|p2a: Landorus\n|\n|-heal|p2a: Landorus|94\/100|[from] item: Leftovers\n|-heal|p1a: Rotom|94\/100|[from] item: Leftovers\n|upkeep\n|turn|11\n|\n|t:|1639576666\n|move|p2a: Landorus|Toxic|p1a: Rotom\n|-status|p1a: Rotom|tox\n|move|p1a: Rotom|Hydro Pump|p2a: Landorus\n|-supereffective|p2a: Landorus\n|-damage|p2a: Landorus|37\/100\n|\n|-heal|p2a: Landorus|43\/100|[from] item: Leftovers\n|-heal|p1a: Rotom|100\/100 tox|[from] item: Leftovers\n|-damage|p1a: Rotom|94\/100 tox|[from] psn\n|upkeep\n|turn|12\n|\n|t:|1639576676\n|move|p2a: Landorus|U-turn|p1a: Rotom\n|-damage|p1a: Rotom|73\/100 tox\n|\n|t:|1639576682\n|switch|p2a: Thundurus|Thundurus-Therian, M|100\/100|[from]move: U-turn\n|move|p1a: Rotom|Volt Switch|p2a: Thundurus\n|-immune|p2a: Thundurus|[from] ability: Volt Absorb\n|\n|-heal|p1a: Rotom|79\/100 tox|[from] item: Leftovers\n|-damage|p1a: Rotom|67\/100 tox|[from] psn\n|upkeep\n|turn|13\n|\n|t:|1639576702\n|move|p2a: Thundurus|Thunderbolt|p1a: Rotom\n|-damage|p1a: Rotom|21\/100 tox\n|move|p1a: Rotom|Hydro Pump|p2a: Thundurus|[miss]\n|-miss|p1a: Rotom|p2a: Thundurus\n|\n|-heal|p1a: Rotom|27\/100 tox|[from] item: Leftovers\n|-damage|p1a: Rotom|8\/100 tox|[from] psn\n|upkeep\n|turn|14\n|\n|t:|1639576711\n|move|p2a: Thundurus|Grass Knot|p1a: Rotom\n|-supereffective|p1a: Rotom\n|-damage|p1a: Rotom|0 fnt\n|faint|p1a: Rotom\n|\n|upkeep\n|\n|t:|1639576717\n|switch|p1a: Nidoking|Nidoking, M|89\/100\n|-damage|p1a: Nidoking|83\/100|[from] Stealth Rock\n|turn|15\n|inactive|PlayForDreams has 120 seconds left.\n|\n|t:|1639576751\n|switch|p2a: Landorus|Landorus-Therian, M, shiny|43\/100\n|-damage|p2a: Landorus|31\/100|[from] Stealth Rock\n|-ability|p2a: Landorus|Intimidate|boost\n|-unboost|p1a: Nidoking|atk|1\n|move|p1a: Nidoking|Ice Beam|p2a: Landorus\n|-supereffective|p2a: Landorus\n|-damage|p2a: Landorus|0 fnt\n|faint|p2a: Landorus\n|\n|upkeep\n|inactive|PlayForDreams has 120 seconds left.\n|\n|t:|1639576765\n|switch|p2a: Mantine|Mantine, M, shiny|100\/100\n|turn|16\n|inactive|PlayForDreams has 120 seconds left.\n|\n|t:|1639576779\n|switch|p1a: Slowbro|Slowbro, F|100\/100\n|move|p2a: Mantine|Scald|p1a: Slowbro\n|-resisted|p1a: Slowbro\n|-damage|p1a: Slowbro|89\/100\n|-status|p1a: Slowbro|brn\n|\n|-damage|p1a: Slowbro|83\/100 brn|[from] brn\n|upkeep\n|turn|17\n|inactive|PlayForDreams has 120 seconds left.\n|\n|t:|1639576800\n|switch|p2a: Thundurus|Thundurus-Therian, M|100\/100\n|move|p1a: Slowbro|Future Sight|p2a: Thundurus\n|-start|p1a: Slowbro|move: Future Sight\n|\n|-damage|p1a: Slowbro|77\/100 brn|[from] brn\n|upkeep\n|turn|18\n|\n|t:|1639576814\n|switch|p1a: Heatran|Heatran, M|87\/100\n|-damage|p1a: Heatran|74\/100|[from] Stealth Rock\n|move|p2a: Thundurus|Nasty Plot|p2a: Thundurus\n|-boost|p2a: Thundurus|spa|2\n|\n|-heal|p1a: Heatran|80\/100|[from] item: Leftovers\n|upkeep\n|turn|19\n|\n|t:|1639576823\n|move|p2a: Thundurus|Focus Blast|p1a: Heatran\n|-supereffective|p1a: Heatran\n|-damage|p1a: Heatran|0 fnt\n|faint|p1a: Heatran\n|\n|-end|p2a: Thundurus|move: Future Sight\n|-damage|p2a: Thundurus|44\/100\n|upkeep\n|\n|t:|1639576828\n|switch|p1a: Zarude|Zarude|100\/100\n|-damage|p1a: Zarude|88\/100|[from] Stealth Rock\n|turn|20\n|inactive|PlayForDreams has 120 seconds left.\n|\n|t:|1639576838\n|switch|p2a: Skarmory|Skarmory, M, shiny|100\/100\n|-damage|p2a: Skarmory|88\/100|[from] Stealth Rock\n|move|p1a: Zarude|Darkest Lariat|p2a: Skarmory\n|-damage|p2a: Skarmory|65\/100\n|-damage|p1a: Zarude|72\/100|[from] item: Rocky Helmet|[of] p2a: Skarmory\n|\n|-heal|p1a: Zarude|78\/100|[from] item: Leftovers\n|upkeep\n|turn|21\n|inactive|PlayForDreams has 120 seconds left.\n|\n|t:|1639576852\n|move|p1a: Zarude|Bulk Up|p1a: Zarude\n|-boost|p1a: Zarude|atk|1\n|-boost|p1a: Zarude|def|1\n|move|p2a: Skarmory|Roost|p2a: Skarmory\n|-heal|p2a: Skarmory|100\/100\n|-singleturn|p2a: Skarmory|move: Roost\n|\n|-heal|p1a: Zarude|84\/100|[from] item: Leftovers\n|upkeep\n|turn|22\n|\n|t:|1639576861\n|move|p1a: Zarude|Bulk Up|p1a: Zarude\n|-boost|p1a: Zarude|atk|1\n|-boost|p1a: Zarude|def|1\n|move|p2a: Skarmory|Iron Defense|p2a: Skarmory\n|-boost|p2a: Skarmory|def|2\n|\n|-heal|p1a: Zarude|90\/100|[from] item: Leftovers\n|upkeep\n|turn|23\n|inactive|Hajmola has 120 seconds left.\n|inactive|Hajmola has 90 seconds left.\n|\n|t:|1639576934\n|switch|p1a: Slowbro|Slowbro, F|100\/100 brn\n|move|p2a: Skarmory|Body Press|p1a: Slowbro\n|-resisted|p1a: Slowbro\n|-damage|p1a: Slowbro|83\/100 brn\n|\n|-damage|p1a: Slowbro|77\/100 brn|[from] brn\n|upkeep\n|turn|24\n|inactive|Hajmola has 90 seconds left.\n|\n|t:|1639576945\n|move|p2a: Skarmory|Spikes|p1a: Slowbro\n|-sidestart|p1: Hajmola|Spikes\n|move|p1a: Slowbro|Future Sight|p2a: Skarmory\n|-start|p1a: Slowbro|move: Future Sight\n|\n|-damage|p1a: Slowbro|71\/100 brn|[from] brn\n|upkeep\n|turn|25\n|inactive|Hajmola has 90 seconds left.\n|\n|t:|1639576962\n|move|p2a: Skarmory|Spikes|p1a: Slowbro\n|-sidestart|p1: Hajmola|Spikes\n|move|p1a: Slowbro|Teleport|p1a: Slowbro\n|\n|t:|1639576964\n|switch|p1a: Nidoking|Nidoking, M|83\/100|[from]move: Teleport\n|-damage|p1a: Nidoking|77\/100|[from] Stealth Rock\n|-damage|p1a: Nidoking|60\/100|[from] Spikes\n|\n|upkeep\n|turn|26\n|inactive|Hajmola has 90 seconds left.\n|\n|t:|1639576992\n|switch|p2a: Zapdos|Zapdos, shiny|64\/100\n|-ability|p2a: Zapdos|Pressure\n|move|p1a: Nidoking|Sludge Wave|p2a: Zapdos\n|-damage|p2a: Zapdos|20\/100\n|\n|-end|p2a: Zapdos|move: Future Sight\n|-damage|p2a: Zapdos|0 fnt\n|faint|p2a: Zapdos\n|upkeep\n|inactive|PlayForDreams has 120 seconds left.\n|\n|t:|1639577002\n|switch|p2a: Mantine|Mantine, M, shiny|100\/100\n|turn|27\n|\n|t:|1639577010\n|switch|p1a: Zarude|Zarude|90\/100\n|-damage|p1a: Zarude|77\/100|[from] Stealth Rock\n|-damage|p1a: Zarude|61\/100|[from] Spikes\n|switch|p2a: Thundurus|Thundurus-Therian, M|44\/100\n|\n|-heal|p1a: Zarude|67\/100|[from] item: Leftovers\n|upkeep\n|turn|28\n|\n|t:|1639577020\n|switch|p2a: Skarmory|Skarmory, M, shiny|100\/100\n|-damage|p2a: Skarmory|88\/100|[from] Stealth Rock\n|move|p1a: Zarude|Jungle Healing|p1a: Zarude\n|-heal|p1a: Zarude|92\/100\n|\n|-heal|p1a: Zarude|98\/100|[from] item: Leftovers\n|upkeep\n|turn|29\n|\n|t:|1639577033\n|move|p1a: Zarude|Bulk Up|p1a: Zarude\n|-boost|p1a: Zarude|atk|1\n|-boost|p1a: Zarude|def|1\n|move|p2a: Skarmory|Spikes|p1a: Zarude\n|-sidestart|p1: Hajmola|Spikes\n|\n|-heal|p1a: Zarude|100\/100|[from] item: Leftovers\n|upkeep\n|turn|30\n|\n|t:|1639577040\n|move|p1a: Zarude|Bulk Up|p1a: Zarude\n|-boost|p1a: Zarude|atk|1\n|-boost|p1a: Zarude|def|1\n|move|p2a: Skarmory|Iron Defense|p2a: Skarmory\n|-boost|p2a: Skarmory|def|2\n|\n|upkeep\n|turn|31\n|\n|t:|1639577066\n|move|p1a: Zarude|Darkest Lariat|p2a: Skarmory\n|-damage|p2a: Skarmory|36\/100\n|-damage|p1a: Zarude|84\/100|[from] item: Rocky Helmet|[of] p2a: Skarmory\n|move|p2a: Skarmory|Roost|p2a: Skarmory\n|-heal|p2a: Skarmory|86\/100\n|-singleturn|p2a: Skarmory|move: Roost\n|\n|-heal|p1a: Zarude|90\/100|[from] item: Leftovers\n|upkeep\n|turn|32\n|inactive|Hajmola has 120 seconds left.\n|\n|t:|1639577078\n|move|p1a: Zarude|Bulk Up|p1a: Zarude\n|-boost|p1a: Zarude|atk|1\n|-boost|p1a: Zarude|def|1\n|move|p2a: Skarmory|Body Press|p1a: Zarude\n|-supereffective|p1a: Zarude\n|-damage|p1a: Zarude|41\/100\n|\n|-heal|p1a: Zarude|47\/100|[from] item: Leftovers\n|upkeep\n|turn|33\n|inactive|Hajmola has 120 seconds left.\n|inactive|Hajmola has 90 seconds left.\n|inactive|Hajmola has 60 seconds left.\n|\n|t:|1639577163\n|move|p1a: Zarude|Bulk Up|p1a: Zarude\n|-boost|p1a: Zarude|atk|1\n|-boost|p1a: Zarude|def|1\n|move|p2a: Skarmory|Body Press|p1a: Zarude\n|-supereffective|p1a: Zarude\n|-damage|p1a: Zarude|11\/100\n|\n|-heal|p1a: Zarude|18\/100|[from] item: Leftovers\n|upkeep\n|turn|34\n|\n|t:|1639577177\n|move|p1a: Zarude|Darkest Lariat|p2a: Skarmory\n|-damage|p2a: Skarmory|14\/100\n|-damage|p1a: Zarude|1\/100|[from] item: Rocky Helmet|[of] p2a: Skarmory\n|move|p2a: Skarmory|Body Press|p1a: Zarude\n|-supereffective|p1a: Zarude\n|-damage|p1a: Zarude|0 fnt\n|faint|p1a: Zarude\n|\n|upkeep\n|inactive|Hajmola has 30 seconds left.\n|\n|t:|1639577201\n|switch|p1a: Nidoking|Nidoking, M|60\/100\n|-damage|p1a: Nidoking|35\/100|[from] Spikes\n|-damage|p1a: Nidoking|30\/100|[from] Stealth Rock\n|turn|35\n|\n|t:|1639577217\n|move|p1a: Nidoking|Ice Beam|p2a: Skarmory\n|-damage|p2a: Skarmory|0 fnt\n|faint|p2a: Skarmory\n|\n|upkeep\n|inactive|PlayForDreams has 120 seconds left.\n|\n|t:|1639577250\n|switch|p2a: Thundurus|Thundurus-Therian, M|44\/100\n|turn|36\n|\n|t:|1639577273\n|switch|p1a: Buzzwole|Buzzwole|100\/100\n|move|p2a: Thundurus|Grass Knot|p1a: Buzzwole\n|-resisted|p1a: Buzzwole\n|-damage|p1a: Buzzwole|72\/100\n|\n|upkeep\n|turn|37\n|\n|t:|1639577283\n|move|p2a: Thundurus|Thunderbolt|p1a: Buzzwole\n|-damage|p1a: Buzzwole|8\/100\n|move|p1a: Buzzwole|Ice Punch|p2a: Thundurus\n|-supereffective|p2a: Thundurus\n|-damage|p2a: Thundurus|0 fnt\n|faint|p2a: Thundurus\n|-ability|p1a: Buzzwole|Beast Boost|boost\n|-boost|p1a: Buzzwole|def|1\n|\n|upkeep\n|\n|t:|1639577297\n|switch|p2a: Corviknight|Corviknight, M, shiny|100\/100\n|-damage|p2a: Corviknight|88\/100|[from] Stealth Rock\n|-ability|p2a: Corviknight|Pressure\n|turn|38\n|\n|t:|1639577303\n|switch|p1a: Slowbro|Slowbro, F|100\/100 brn\n|move|p2a: Corviknight|Brave Bird|p1a: Slowbro\n|-damage|p1a: Slowbro|80\/100 brn\n|-damage|p2a: Corviknight|81\/100|[from] Recoil\n|\n|-heal|p2a: Corviknight|87\/100|[from] item: Leftovers\n|-damage|p1a: Slowbro|74\/100 brn|[from] brn\n|upkeep\n|turn|39\n|inactive|PlayForDreams has 120 seconds left.\n|\n|t:|1639577313\n|move|p2a: Corviknight|Substitute|p2a: Corviknight\n|-start|p2a: Corviknight|Substitute\n|-damage|p2a: Corviknight|62\/100\n|move|p1a: Slowbro|Scald|p2a: Corviknight\n|-activate|p2a: Corviknight|move: Substitute|[damage]\n|\n|-heal|p2a: Corviknight|69\/100|[from] item: Leftovers\n|-damage|p1a: Slowbro|68\/100 brn|[from] brn\n|upkeep\n|turn|40\n|inactive|Hajmola has 60 seconds left.\n|inactive|PlayForDreams has 120 seconds left.\n|\n|t:|1639577331\n|move|p2a: Corviknight|Bulk Up|p2a: Corviknight\n|-boost|p2a: Corviknight|atk|1\n|-boost|p2a: Corviknight|def|1\n|move|p1a: Slowbro|Scald|p2a: Corviknight\n|-end|p2a: Corviknight|Substitute\n|\n|-heal|p2a: Corviknight|75\/100|[from] item: Leftovers\n|-damage|p1a: Slowbro|61\/100 brn|[from] brn\n|upkeep\n|turn|41\n|\n|t:|1639577340\n|move|p2a: Corviknight|Substitute|p2a: Corviknight\n|-start|p2a: Corviknight|Substitute\n|-damage|p2a: Corviknight|50\/100\n|move|p1a: Slowbro|Scald|p2a: Corviknight\n|-activate|p2a: Corviknight|move: Substitute|[damage]\n|\n|-heal|p2a: Corviknight|56\/100|[from] item: Leftovers\n|-damage|p1a: Slowbro|55\/100 brn|[from] brn\n|upkeep\n|turn|42\n|\n|t:|1639577349\n|move|p2a: Corviknight|Roost|p2a: Corviknight\n|-heal|p2a: Corviknight|100\/100\n|-singleturn|p2a: Corviknight|move: Roost\n|move|p1a: Slowbro|Future Sight|p2a: Corviknight\n|-start|p1a: Slowbro|move: Future Sight\n|\n|-damage|p1a: Slowbro|49\/100 brn|[from] brn\n|upkeep\n|turn|43\n|\n|t:|1639577356\n|move|p2a: Corviknight|Bulk Up|p2a: Corviknight\n|-boost|p2a: Corviknight|atk|1\n|-boost|p2a: Corviknight|def|1\n|move|p1a: Slowbro|Slack Off|p1a: Slowbro\n|-heal|p1a: Slowbro|99\/100 brn\n|\n|-damage|p1a: Slowbro|93\/100 brn|[from] brn\n|upkeep\n|turn|44\n|\n|t:|1639577367\n|move|p2a: Corviknight|Bulk Up|p2a: Corviknight\n|-boost|p2a: Corviknight|atk|1\n|-boost|p2a: Corviknight|def|1\n|move|p1a: Slowbro|Teleport|p1a: Slowbro\n|\n|t:|1639577371\n|switch|p1a: Nidoking|Nidoking, M|30\/100|[from]move: Teleport\n|-damage|p1a: Nidoking|24\/100|[from] Stealth Rock\n|-damage|p1a: Nidoking|0 fnt|[from] Spikes\n|faint|p1a: Nidoking\n|\n|-end|p2a: Corviknight|move: Future Sight\n|-resisted|p2a: Corviknight\n|-end|p2a: Corviknight|Substitute\n|upkeep\n|-message|Hajmola forfeited.\n|\n|win|PlayForDreams\n|raw|Hajmola's rating: 1652 &rarr; <strong>1635<\/strong><br \/>(-17 for losing)\n|raw|PlayForDreams's rating: 1706 &rarr; <strong>1723<\/strong><br \/>(+17 for winning)\n|l|\u2606Hajmola\n|c|\u2606PlayForDreams|gg\n|l| SherlockTroll\n","uploadtime":1639577414,"views":36,"p1id":"hajmola","p2id":"playfordreams","formatid":"gen8ou","rating":1635,"private":0,"password":null}