{"id":"gen8ou-1127381285","p1":"weak to nothing","p2":"Blue chen","format":"gen8ou","log":"|j|\u2606weak to nothing\n|j|\u2606Blue chen\n|player|p1|weak to nothing|skierf|1628\n|player|p2|Blue chen|karen|1615\n|teamsize|p1|6\n|teamsize|p2|6\n|gametype|singles\n|gen|8\n|tier|[Gen 8] OU\n|rated|\n|clearpoke\n|poke|p1|Mew|\n|poke|p1|Clefable, F|\n|poke|p1|Quagsire, M|\n|poke|p1|Snorlax, F|\n|poke|p1|Toxapex, M|\n|poke|p1|Corviknight, M|\n|poke|p2|Shuckle, M|\n|poke|p2|Inteleon, M|\n|poke|p2|Cinderace, M|\n|poke|p2|Kyurem|\n|poke|p2|Dracozolt|\n|poke|p2|Zeraora|\n|rule|Sleep Clause Mod: Limit one foe put to sleep\n|rule|Species Clause: Limit one of each Pok\u00e9mon\n|rule|OHKO Clause: OHKO moves are banned\n|rule|Evasion Moves Clause: Evasion moves are banned\n|rule|Endless Battle Clause: Forcing endless battles is banned\n|rule|HP Percentage Mod: HP is shown in percentages\n|rule|Dynamax Clause: You cannot dynamax\n|teampreview\n|\n|start\n|switch|p1a: Mew|Mew|100\/100\n|switch|p2a: Cinderace|Cinderace, M|100\/100\n|turn|1\n|\n|switch|p1a: Toxapex|Toxapex, M, shiny|100\/100\n|move|p2a: Cinderace|U-turn|p1a: Toxapex\n|-start|p2a: Cinderace|typechange|Bug|[from] ability: Libero\n|-resisted|p1a: Toxapex\n|-damage|p1a: Toxapex|91\/100\n|\n|switch|p2a: Dracozolt|Dracozolt|100\/100|[from]move: U-turn\n|\n|-heal|p1a: Toxapex|97\/100|[from] item: Black Sludge\n|upkeep\n|turn|2\n|\n|switch|p1a: Quagsire|Quagsire, M, shiny|100\/100\n|move|p2a: Dracozolt|Substitute|p2a: Dracozolt\n|-start|p2a: Dracozolt|Substitute\n|-damage|p2a: Dracozolt|76\/100\n|\n|upkeep\n|turn|3\n|\n|move|p2a: Dracozolt|Outrage|p1a: Quagsire\n|-damage|p1a: Quagsire|59\/100\n|move|p1a: Quagsire|Recover|p1a: Quagsire\n|-heal|p1a: Quagsire|100\/100\n|\n|upkeep\n|turn|4\n|\n|move|p2a: Dracozolt|Outrage|p1a: Quagsire|[from]lockedmove\n|-crit|p1a: Quagsire\n|-damage|p1a: Quagsire|24\/100\n|move|p1a: Quagsire|Recover|p1a: Quagsire\n|-heal|p1a: Quagsire|74\/100\n|\n|-heal|p1a: Quagsire|80\/100|[from] item: Leftovers\n|upkeep\n|turn|5\n|\n|move|p2a: Dracozolt|Outrage|p1a: Quagsire|[from]lockedmove\n|-damage|p1a: Quagsire|25\/100\n|-start|p2a: Dracozolt|confusion|[fatigue]\n|move|p1a: Quagsire|Recover|p1a: Quagsire\n|-heal|p1a: Quagsire|75\/100\n|\n|-heal|p1a: Quagsire|81\/100|[from] item: Leftovers\n|upkeep\n|turn|6\n|\n|-activate|p2a: Dracozolt|confusion\n|-damage|p2a: Dracozolt|56\/100|[from] confusion\n|move|p1a: Quagsire|Toxic||[still]\n|-fail|p1a: Quagsire\n|\n|-heal|p1a: Quagsire|87\/100|[from] item: Leftovers\n|upkeep\n|turn|7\n|\n|-activate|p2a: Dracozolt|confusion\n|move|p2a: Dracozolt|Earthquake|p1a: Quagsire\n|-damage|p1a: Quagsire|65\/100\n|move|p1a: Quagsire|Recover|p1a: Quagsire\n|-heal|p1a: Quagsire|100\/100\n|\n|upkeep\n|turn|8\n|\n|-activate|p2a: Dracozolt|confusion\n|move|p2a: Dracozolt|Earthquake|p1a: Quagsire\n|-damage|p1a: Quagsire|75\/100\n|move|p1a: Quagsire|Recover|p1a: Quagsire\n|-heal|p1a: Quagsire|100\/100\n|\n|upkeep\n|turn|9\n|\n|-activate|p2a: Dracozolt|confusion\n|move|p2a: Dracozolt|Earthquake|p1a: Quagsire\n|-damage|p1a: Quagsire|68\/100\n|move|p1a: Quagsire|Scald|p2a: Dracozolt\n|-resisted|p2a: Dracozolt\n|-activate|p2a: Dracozolt|move: Substitute|[damage]\n|\n|-heal|p1a: Quagsire|74\/100|[from] item: Leftovers\n|upkeep\n|turn|10\n|\n|-end|p2a: Dracozolt|confusion\n|move|p2a: Dracozolt|Earthquake|p1a: Quagsire\n|-damage|p1a: Quagsire|40\/100\n|move|p1a: Quagsire|Recover|p1a: Quagsire\n|-heal|p1a: Quagsire|90\/100\n|\n|-heal|p1a: Quagsire|96\/100|[from] item: Leftovers\n|upkeep\n|turn|11\n|\n|switch|p1a: Corviknight|Corviknight, M, shiny|100\/100\n|-ability|p1a: Corviknight|Pressure\n|move|p2a: Dracozolt|Earthquake|p1a: Corviknight\n|-immune|p1a: Corviknight\n|\n|upkeep\n|turn|12\n|\n|switch|p1a: Quagsire|Quagsire, M, shiny|96\/100\n|move|p2a: Dracozolt|Bolt Beak|p1a: Quagsire\n|-immune|p1a: Quagsire\n|\n|-heal|p1a: Quagsire|100\/100|[from] item: Leftovers\n|upkeep\n|turn|13\n|j| DonSalvatore1825\n|\n|move|p2a: Dracozolt|Earthquake|p1a: Quagsire\n|-damage|p1a: Quagsire|79\/100\n|move|p1a: Quagsire|Scald|p2a: Dracozolt\n|-resisted|p2a: Dracozolt\n|-end|p2a: Dracozolt|Substitute\n|\n|-heal|p1a: Quagsire|85\/100|[from] item: Leftovers\n|upkeep\n|turn|14\n|inactive|Battle timer is ON: inactive players will automatically lose when time's up. (requested by Blue chen)\n|\n|move|p2a: Dracozolt|Substitute|p2a: Dracozolt\n|-start|p2a: Dracozolt|Substitute\n|-damage|p2a: Dracozolt|31\/100\n|move|p1a: Quagsire|Recover|p1a: Quagsire\n|-heal|p1a: Quagsire|100\/100\n|\n|upkeep\n|turn|15\n|\n|move|p2a: Dracozolt|Outrage|p1a: Quagsire\n|-damage|p1a: Quagsire|58\/100\n|move|p1a: Quagsire|Scald|p2a: Dracozolt\n|-resisted|p2a: Dracozolt\n|-activate|p2a: Dracozolt|move: Substitute|[damage]\n|\n|-heal|p1a: Quagsire|64\/100|[from] item: Leftovers\n|upkeep\n|turn|16\n|\n|move|p2a: Dracozolt|Outrage|p1a: Quagsire|[from]lockedmove\n|-damage|p1a: Quagsire|13\/100\n|move|p1a: Quagsire|Recover|p1a: Quagsire\n|-heal|p1a: Quagsire|63\/100\n|\n|-heal|p1a: Quagsire|69\/100|[from] item: Leftovers\n|upkeep\n|turn|17\n|\n|switch|p1a: Corviknight|Corviknight, M, shiny|100\/100\n|-ability|p1a: Corviknight|Pressure\n|move|p2a: Dracozolt|Outrage|p1a: Corviknight|[from]lockedmove\n|-resisted|p1a: Corviknight\n|-crit|p1a: Corviknight\n|-damage|p1a: Corviknight|65\/100\n|-start|p2a: Dracozolt|confusion|[fatigue]\n|\n|-heal|p1a: Corviknight|71\/100|[from] item: Leftovers\n|upkeep\n|turn|18\n|\n|-activate|p2a: Dracozolt|confusion\n|move|p2a: Dracozolt|Outrage|p1a: Corviknight\n|-resisted|p1a: Corviknight\n|-damage|p1a: Corviknight|43\/100\n|move|p1a: Corviknight|Iron Defense|p1a: Corviknight\n|-boost|p1a: Corviknight|def|2\n|\n|-heal|p1a: Corviknight|49\/100|[from] item: Leftovers\n|upkeep\n|turn|19\n|\n|-activate|p2a: Dracozolt|confusion\n|move|p2a: Dracozolt|Outrage|p1a: Corviknight|[from]lockedmove\n|-resisted|p1a: Corviknight\n|-damage|p1a: Corviknight|33\/100\n|move|p1a: Corviknight|Roost|p1a: Corviknight\n|-heal|p1a: Corviknight|83\/100\n|-singleturn|p1a: Corviknight|move: Roost\n|\n|-heal|p1a: Corviknight|89\/100|[from] item: Leftovers\n|upkeep\n|turn|20\n|\n|-activate|p2a: Dracozolt|confusion\n|-damage|p2a: Dracozolt|5\/100|[from] confusion\n|move|p1a: Corviknight|Iron Defense|p1a: Corviknight\n|-boost|p1a: Corviknight|def|2\n|\n|-heal|p1a: Corviknight|96\/100|[from] item: Leftovers\n|upkeep\n|turn|21\n|\n|-activate|p2a: Dracozolt|confusion\n|move|p2a: Dracozolt|Bolt Beak|p1a: Corviknight\n|-supereffective|p1a: Corviknight\n|-damage|p1a: Corviknight|61\/100\n|move|p1a: Corviknight|Body Press|p2a: Dracozolt\n|-end|p2a: Dracozolt|Substitute\n|\n|-heal|p1a: Corviknight|67\/100|[from] item: Leftovers\n|upkeep\n|turn|22\n|\n|-end|p2a: Dracozolt|confusion\n|move|p2a: Dracozolt|Bolt Beak|p1a: Corviknight\n|-supereffective|p1a: Corviknight\n|-damage|p1a: Corviknight|24\/100\n|move|p1a: Corviknight|Roost|p1a: Corviknight\n|-heal|p1a: Corviknight|74\/100\n|-singleturn|p1a: Corviknight|move: Roost\n|\n|-heal|p1a: Corviknight|80\/100|[from] item: Leftovers\n|upkeep\n|turn|23\n|\n|move|p2a: Dracozolt|Bolt Beak|p1a: Corviknight\n|-supereffective|p1a: Corviknight\n|-damage|p1a: Corviknight|34\/100\n|move|p1a: Corviknight|Body Press|p2a: Dracozolt\n|-damage|p2a: Dracozolt|0 fnt\n|faint|p2a: Dracozolt\n|\n|-heal|p1a: Corviknight|40\/100|[from] item: Leftovers\n|upkeep\n|\n|switch|p2a: Kyurem|Kyurem|100\/100\n|-ability|p2a: Kyurem|Pressure\n|turn|24\n|\n|switch|p1a: Snorlax|Snorlax, F|100\/100\n|move|p2a: Kyurem|Ice Beam|p1a: Snorlax\n|-damage|p1a: Snorlax|90\/100\n|\n|-heal|p1a: Snorlax|96\/100|[from] item: Leftovers\n|upkeep\n|turn|25\n|\n|switch|p2a: Shuckle|Shuckle, M|100\/100\n|move|p1a: Snorlax|Body Slam|p2a: Shuckle\n|-resisted|p2a: Shuckle\n|-damage|p2a: Shuckle|92\/100\n|-enditem|p2a: Shuckle|Red Card|[of] p1a: Snorlax\n|drag|p1a: Clefable|Clefable, F|100\/100\n|\n|upkeep\n|turn|26\n|\n|switch|p1a: Corviknight|Corviknight, M, shiny|40\/100\n|-ability|p1a: Corviknight|Pressure\n|move|p2a: Shuckle|Stealth Rock|p1a: Corviknight\n|-sidestart|p1: weak to nothing|move: Stealth Rock\n|\n|-heal|p1a: Corviknight|46\/100|[from] item: Leftovers\n|upkeep\n|turn|27\n|\n|move|p1a: Corviknight|Defog|p2a: Shuckle\n|-unboost|p2a: Shuckle|evasion|1\n|-sideend|p1: weak to nothing|Stealth Rock|[from] move: Defog|[of] p1a: Corviknight\n|move|p2a: Shuckle|Encore|p1a: Corviknight\n|-start|p1a: Corviknight|Encore\n|\n|-heal|p1a: Corviknight|52\/100|[from] item: Leftovers\n|upkeep\n|turn|28\n|\n|move|p1a: Corviknight|Defog|p2a: Shuckle\n|-unboost|p2a: Shuckle|evasion|1\n|move|p2a: Shuckle|Stealth Rock|p1a: Corviknight\n|-sidestart|p1: weak to nothing|move: Stealth Rock\n|\n|-heal|p1a: Corviknight|59\/100|[from] item: Leftovers\n|upkeep\n|turn|29\n|\n|move|p1a: Corviknight|Defog|p2a: Shuckle\n|-unboost|p2a: Shuckle|evasion|1\n|-sideend|p1: weak to nothing|Stealth Rock|[from] move: Defog|[of] p1a: Corviknight\n|move|p2a: Shuckle|Final Gambit|p1a: Corviknight\n|-damage|p1a: Corviknight|3\/100\n|faint|p2a: Shuckle\n|\n|-heal|p1a: Corviknight|9\/100|[from] item: Leftovers\n|upkeep\n|\n|switch|p2a: Inteleon|Inteleon, M|100\/100\n|turn|30\n|j| Black Thunderbolt\n|\n|switch|p1a: Toxapex|Toxapex, M, shiny|100\/100\n|move|p2a: Inteleon|Focus Energy|p2a: Inteleon\n|-start|p2a: Inteleon|move: Focus Energy\n|\n|upkeep\n|turn|31\n|\n|move|p2a: Inteleon|Air Slash|p1a: Toxapex\n|-crit|p1a: Toxapex\n|-damage|p1a: Toxapex|50\/100\n|move|p1a: Toxapex|Knock Off|p2a: Inteleon\n|-damage|p2a: Inteleon|76\/100\n|-enditem|p2a: Inteleon|Scope Lens|[from] move: Knock Off|[of] p1a: Toxapex\n|\n|-heal|p1a: Toxapex|56\/100|[from] item: Black Sludge\n|upkeep\n|turn|32\n|\n|switch|p1a: Corviknight|Corviknight, M, shiny|9\/100\n|-ability|p1a: Corviknight|Pressure\n|move|p2a: Inteleon|Snipe Shot|p1a: Corviknight\n|-crit|p1a: Corviknight\n|-damage|p1a: Corviknight|0 fnt\n|faint|p1a: Corviknight\n|\n|upkeep\n|\n|switch|p1a: Snorlax|Snorlax, F|96\/100\n|turn|33\n|\n|move|p2a: Inteleon|Snipe Shot|p1a: Snorlax\n|-crit|p1a: Snorlax\n|-damage|p1a: Snorlax|53\/100\n|move|p1a: Snorlax|Body Slam|p2a: Inteleon\n|-damage|p2a: Inteleon|24\/100\n|\n|-heal|p1a: Snorlax|59\/100|[from] item: Leftovers\n|upkeep\n|turn|34\n|\n|move|p2a: Inteleon|Snipe Shot|p1a: Snorlax\n|-crit|p1a: Snorlax\n|-damage|p1a: Snorlax|19\/100\n|move|p1a: Snorlax|Body Slam|p2a: Inteleon\n|-damage|p2a: Inteleon|0 fnt\n|faint|p2a: Inteleon\n|\n|-heal|p1a: Snorlax|25\/100|[from] item: Leftovers\n|upkeep\n|\n|switch|p2a: Zeraora|Zeraora|100\/100\n|turn|35\n|\n|switch|p1a: Mew|Mew|100\/100\n|move|p2a: Zeraora|Knock Off|p1a: Mew\n|-supereffective|p1a: Mew\n|-enditem|p1a: Mew|Colbur Berry|[eat]\n|-enditem|p1a: Mew|Colbur Berry|[weaken]\n|-damage|p1a: Mew|73\/100\n|-damage|p2a: Zeraora|91\/100|[from] item: Life Orb\n|\n|upkeep\n|turn|36\n|\n|switch|p2a: Cinderace|Cinderace, M|100\/100\n|move|p1a: Mew|Soft-Boiled|p1a: Mew\n|-heal|p1a: Mew|100\/100\n|\n|upkeep\n|turn|37\n|\n|switch|p1a: Toxapex|Toxapex, M, shiny|89\/100\n|move|p2a: Cinderace|U-turn|p1a: Toxapex\n|-start|p2a: Cinderace|typechange|Bug|[from] ability: Libero\n|-resisted|p1a: Toxapex\n|-damage|p1a: Toxapex|79\/100\n|\n|switch|p2a: Kyurem|Kyurem|100\/100|[from]move: U-turn\n|-ability|p2a: Kyurem|Pressure\n|\n|-heal|p1a: Toxapex|86\/100|[from] item: Black Sludge\n|upkeep\n|turn|38\n|\n|switch|p1a: Clefable|Clefable, F|100\/100\n|move|p2a: Kyurem|Substitute|p2a: Kyurem\n|-start|p2a: Kyurem|Substitute\n|-damage|p2a: Kyurem|75\/100\n|\n|upkeep\n|turn|39\n|\n|move|p2a: Kyurem|Ice Beam|p1a: Clefable\n|-damage|p1a: Clefable|71\/100\n|move|p1a: Clefable|Wish|p1a: Clefable\n|\n|-heal|p1a: Clefable|77\/100|[from] item: Leftovers\n|upkeep\n|turn|40\n|\n|move|p2a: Kyurem|Earth Power|p1a: Clefable\n|-damage|p1a: Clefable|55\/100\n|move|p1a: Clefable|Moonblast|p2a: Kyurem\n|-supereffective|p2a: Kyurem\n|-end|p2a: Kyurem|Substitute\n|\n|-heal|p1a: Clefable|100\/100|[from] move: Wish|[wisher] Clefable\n|upkeep\n|turn|41\n|\n|switch|p2a: Zeraora|Zeraora|91\/100\n|move|p1a: Clefable|Wish|p1a: Clefable\n|\n|upkeep\n|turn|42\n|\n|switch|p1a: Mew|Mew|100\/100\n|move|p2a: Zeraora|Knock Off|p1a: Mew\n|-supereffective|p1a: Mew\n|-damage|p1a: Mew|66\/100\n|-damage|p2a: Zeraora|81\/100|[from] item: Life Orb\n|\n|-heal|p1a: Mew|100\/100|[from] move: Wish|[wisher] Clefable\n|upkeep\n|turn|43\n|\n|move|p2a: Zeraora|Plasma Fists|p1a: Mew\n|-damage|p1a: Mew|63\/100\n|-fieldactivate|move: Ion Deluge\n|-damage|p2a: Zeraora|71\/100|[from] item: Life Orb\n|move|p1a: Mew|Psychic|p2a: Zeraora\n|-damage|p2a: Zeraora|30\/100\n|\n|upkeep\n|turn|44\n|\n|move|p2a: Zeraora|Plasma Fists|p1a: Mew\n|-damage|p1a: Mew|24\/100\n|-fieldactivate|move: Ion Deluge\n|-damage|p2a: Zeraora|20\/100|[from] item: Life Orb\n|move|p1a: Mew|Soft-Boiled|p1a: Mew\n|-heal|p1a: Mew|74\/100\n|\n|upkeep\n|turn|45\n|\n|move|p2a: Zeraora|Plasma Fists|p1a: Mew\n|-damage|p1a: Mew|37\/100\n|-fieldactivate|move: Ion Deluge\n|-damage|p2a: Zeraora|11\/100|[from] item: Life Orb\n|move|p1a: Mew|Soft-Boiled|p1a: Mew\n|-heal|p1a: Mew|87\/100\n|\n|upkeep\n|turn|46\n|\n|move|p2a: Zeraora|Knock Off|p1a: Mew\n|-supereffective|p1a: Mew\n|-damage|p1a: Mew|50\/100\n|-damage|p2a: Zeraora|1\/100|[from] item: Life Orb\n|move|p1a: Mew|Psychic|p2a: Zeraora\n|-damage|p2a: Zeraora|0 fnt\n|faint|p2a: Zeraora\n|\n|upkeep\n|\n|switch|p2a: Kyurem|Kyurem|75\/100\n|-ability|p2a: Kyurem|Pressure\n|turn|47\n|\n|move|p2a: Kyurem|Ice Beam|p1a: Mew\n|-damage|p1a: Mew|11\/100\n|move|p1a: Mew|Psychic|p2a: Kyurem\n|-damage|p2a: Kyurem|45\/100\n|\n|upkeep\n|turn|48\n|\n|move|p2a: Kyurem|Roost|p2a: Kyurem\n|-heal|p2a: Kyurem|95\/100\n|-singleturn|p2a: Kyurem|move: Roost\n|move|p1a: Mew|Psychic|p2a: Kyurem\n|-damage|p2a: Kyurem|68\/100\n|\n|upkeep\n|turn|49\n|\n|move|p2a: Kyurem|Roost|p2a: Kyurem\n|-heal|p2a: Kyurem|100\/100\n|-singleturn|p2a: Kyurem|move: Roost\n|move|p1a: Mew|Psychic|p2a: Kyurem\n|-damage|p2a: Kyurem|70\/100\n|-unboost|p2a: Kyurem|spd|1\n|\n|upkeep\n|turn|50\n|\n|move|p2a: Kyurem|Ice Beam|p1a: Mew\n|-damage|p1a: Mew|0 fnt\n|faint|p1a: Mew\n|\n|upkeep\n|\n|switch|p1a: Snorlax|Snorlax, F|25\/100\n|turn|51\n|\n|move|p2a: Kyurem|Ice Beam|p1a: Snorlax\n|-damage|p1a: Snorlax|13\/100\n|move|p1a: Snorlax|Rest|p1a: Snorlax\n|-status|p1a: Snorlax|slp|[from] move: Rest\n|-heal|p1a: Snorlax|100\/100 slp|[silent]\n|\n|upkeep\n|turn|52\n|\n|move|p2a: Kyurem|Earth Power|p1a: Snorlax\n|-damage|p1a: Snorlax|87\/100 slp\n|cant|p1a: Snorlax|slp\n|\n|-heal|p1a: Snorlax|93\/100 slp|[from] item: Leftovers\n|upkeep\n|turn|53\n|\n|move|p2a: Kyurem|Earth Power|p1a: Snorlax\n|-damage|p1a: Snorlax|76\/100 slp\n|cant|p1a: Snorlax|slp\n|\n|-heal|p1a: Snorlax|82\/100 slp|[from] item: Leftovers\n|upkeep\n|turn|54\n|\n|move|p2a: Kyurem|Earth Power|p1a: Snorlax\n|-damage|p1a: Snorlax|64\/100 slp\n|-curestatus|p1a: Snorlax|slp|[msg]\n|move|p1a: Snorlax|Body Slam|p2a: Kyurem\n|-damage|p2a: Kyurem|38\/100\n|\n|-heal|p1a: Snorlax|70\/100|[from] item: Leftovers\n|upkeep\n|turn|55\n|\n|move|p2a: Kyurem|Earth Power|p1a: Snorlax\n|-damage|p1a: Snorlax|47\/100\n|move|p1a: Snorlax|Body Slam|p2a: Kyurem\n|-damage|p2a: Kyurem|6\/100\n|\n|-heal|p1a: Snorlax|53\/100|[from] item: Leftovers\n|upkeep\n|turn|56\n|\n|switch|p2a: Cinderace|Cinderace, M|100\/100\n|move|p1a: Snorlax|Body Slam|p2a: Cinderace\n|-damage|p2a: Cinderace|54\/100\n|-status|p2a: Cinderace|par\n|\n|-heal|p1a: Snorlax|59\/100|[from] item: Leftovers\n|upkeep\n|turn|57\n|\n|switch|p1a: Toxapex|Toxapex, M, shiny|100\/100\n|move|p2a: Cinderace|U-turn|p1a: Toxapex\n|-start|p2a: Cinderace|typechange|Bug|[from] ability: Libero\n|-resisted|p1a: Toxapex\n|-damage|p1a: Toxapex|90\/100\n|\n|switch|p2a: Kyurem|Kyurem|6\/100|[from]move: U-turn\n|-ability|p2a: Kyurem|Pressure\n|\n|-heal|p1a: Toxapex|96\/100|[from] item: Black Sludge\n|upkeep\n|turn|58\n|\n|move|p2a: Kyurem|Roost|p2a: Kyurem\n|-heal|p2a: Kyurem|56\/100\n|-singleturn|p2a: Kyurem|move: Roost\n|move|p1a: Toxapex|Knock Off|p2a: Kyurem\n|-damage|p2a: Kyurem|42\/100\n|-enditem|p2a: Kyurem|Metronome|[from] move: Knock Off|[of] p1a: Toxapex\n|\n|-heal|p1a: Toxapex|100\/100|[from] item: Black Sludge\n|upkeep\n|turn|59\n|-message|Blue chen forfeited.\n|\n|win|weak to nothing\n|l|\u2606Blue chen\n","uploadtime":1591376911,"views":30,"p1id":"weaktonothing","p2id":"bluechen","formatid":"gen8ou","rating":0,"private":0,"password":null}