{"id":"gen8ou-1649483037","p1":"Kikoobuster","p2":"homerac","format":"gen8ou","log":"|j|\u2606Kikoobuster\n|j|\u2606homerac\n|t:|1661604323\n|gametype|singles\n|player|p1|Kikoobuster|170|1305\n|player|p2|homerac|102|1255\n|teamsize|p1|6\n|teamsize|p2|6\n|gen|8\n|tier|[Gen 8] OU\n|rated|\n|rule|Sleep Clause Mod: Limit one foe put to sleep\n|rule|Species Clause: Limit one of each Pok\u00e9mon\n|rule|OHKO Clause: OHKO moves are banned\n|rule|Evasion Items Clause: Evasion items are banned\n|rule|Evasion Moves Clause: Evasion moves are banned\n|rule|Endless Battle Clause: Forcing endless battles is banned\n|rule|HP Percentage Mod: HP is shown in percentages\n|rule|Dynamax Clause: You cannot dynamax\n|clearpoke\n|poke|p1|Ninetales-Alola, M|\n|poke|p1|Thundurus-Therian, M|\n|poke|p1|Toxicroak, M|\n|poke|p1|Mandibuzz, F|\n|poke|p1|Slowking, F|\n|poke|p1|Cobalion|\n|poke|p2|Hippowdon, M|\n|poke|p2|Excadrill, F|\n|poke|p2|Dracozolt|\n|poke|p2|Corviknight, F|\n|poke|p2|Nidoking, M|\n|poke|p2|Weezing, F|\n|teampreview\n|inactive|Battle timer is ON: inactive players will automatically lose when time's up. (requested by Kikoobuster)\n|\n|t:|1661604333\n|start\n|switch|p1a: Ninetales|Ninetales-Alola, M|100\/100\n|switch|p2a: Excadrill|Excadrill, F|100\/100\n|-weather|Hail|[from] ability: Snow Warning|[of] p1a: Ninetales\n|turn|1\n|\n|t:|1661604339\n|switch|p1a: Mandibuzz|Mandibuzz, F|100\/100\n|move|p2a: Excadrill|Iron Head|p1a: Mandibuzz\n|-damage|p1a: Mandibuzz|70\/100\n|\n|-weather|Hail|[upkeep]\n|-damage|p2a: Excadrill|94\/100|[from] Hail\n|upkeep\n|turn|2\n|\n|t:|1661604348\n|switch|p2a: Corviknight|Corviknight, F|100\/100\n|-ability|p2a: Corviknight|Pressure\n|move|p1a: Mandibuzz|Roost|p1a: Mandibuzz\n|-heal|p1a: Mandibuzz|100\/100\n|-singleturn|p1a: Mandibuzz|move: Roost\n|\n|-weather|Hail|[upkeep]\n|-damage|p2a: Corviknight|94\/100|[from] Hail\n|-heal|p2a: Corviknight|100\/100|[from] item: Leftovers\n|upkeep\n|turn|3\n|\n|t:|1661604359\n|move|p1a: Mandibuzz|U-turn|p2a: Corviknight\n|-resisted|p2a: Corviknight\n|-damage|p2a: Corviknight|99\/100\n|\n|t:|1661604363\n|switch|p1a: Thundurus|Thundurus-Therian, M|100\/100|[from]move: U-turn\n|move|p2a: Corviknight|U-turn|p1a: Thundurus\n|-resisted|p1a: Thundurus\n|-damage|p1a: Thundurus|90\/100\n|\n|t:|1661604373\n|switch|p2a: Nidoking|Nidoking, M|100\/100|[from]move: U-turn\n|\n|-weather|Hail|[upkeep]\n|-damage|p1a: Thundurus|84\/100|[from] Hail\n|-damage|p2a: Nidoking|94\/100|[from] Hail\n|upkeep\n|turn|4\n|\n|t:|1661604383\n|move|p1a: Thundurus|Weather Ball|p2a: Nidoking\n|-supereffective|p2a: Nidoking\n|-damage|p2a: Nidoking|0 fnt\n|faint|p2a: Nidoking\n|\n|-weather|Hail|[upkeep]\n|-damage|p1a: Thundurus|78\/100|[from] Hail\n|upkeep\n|\n|t:|1661604392\n|switch|p2a: Hippowdon|Hippowdon, M|100\/100\n|-weather|Sandstorm|[from] ability: Sand Stream|[of] p2a: Hippowdon\n|turn|5\n|\n|t:|1661604399\n|switch|p1a: Ninetales|Ninetales-Alola, M|100\/100\n|-weather|Hail|[from] ability: Snow Warning|[of] p1a: Ninetales\n|switch|p2a: Dracozolt|Dracozolt|100\/100\n|\n|-weather|Hail|[upkeep]\n|-damage|p2a: Dracozolt|94\/100|[from] Hail\n|upkeep\n|turn|6\n|\n|t:|1661604409\n|switch|p2a: Excadrill|Excadrill, F|94\/100\n|move|p1a: Ninetales|Aurora Veil|p1a: Ninetales\n|-sidestart|p1: Kikoobuster|move: Aurora Veil\n|\n|-weather|Hail|[upkeep]\n|-damage|p2a: Excadrill|88\/100|[from] Hail\n|upkeep\n|turn|7\n|\n|t:|1661604416\n|switch|p1a: Slowking|Slowking, F|100\/100\n|switch|p2a: Hippowdon|Hippowdon, M|100\/100\n|-weather|Sandstorm|[from] ability: Sand Stream|[of] p2a: Hippowdon\n|\n|-weather|Sandstorm|[upkeep]\n|-damage|p1a: Slowking|94\/100|[from] Sandstorm\n|upkeep\n|turn|8\n|\n|t:|1661604425\n|move|p2a: Hippowdon|Toxic|p1a: Slowking|[miss]\n|-miss|p2a: Hippowdon|p1a: Slowking\n|move|p1a: Slowking|Future Sight|p2a: Hippowdon\n|-start|p1a: Slowking|move: Future Sight\n|\n|-weather|Sandstorm|[upkeep]\n|-damage|p1a: Slowking|88\/100|[from] Sandstorm\n|upkeep\n|turn|9\n|\n|t:|1661604431\n|move|p2a: Hippowdon|Stealth Rock|p1a: Slowking\n|-sidestart|p1: Kikoobuster|move: Stealth Rock\n|move|p1a: Slowking|Scald|p2a: Hippowdon\n|-supereffective|p2a: Hippowdon\n|-damage|p2a: Hippowdon|44\/100\n|\n|-weather|Sandstorm|[upkeep]\n|-damage|p1a: Slowking|82\/100|[from] Sandstorm\n|upkeep\n|turn|10\n|\n|t:|1661604438\n|switch|p2a: Corviknight|Corviknight, F|99\/100\n|-ability|p2a: Corviknight|Pressure\n|move|p1a: Slowking|Scald|p2a: Corviknight\n|-damage|p2a: Corviknight|70\/100\n|\n|-weather|Sandstorm|[upkeep]\n|-damage|p1a: Slowking|76\/100|[from] Sandstorm\n|-end|p2a: Corviknight|move: Future Sight\n|-resisted|p2a: Corviknight\n|-damage|p2a: Corviknight|51\/100\n|-heal|p2a: Corviknight|57\/100|[from] item: Leftovers\n|-sideend|p1: Kikoobuster|move: Aurora Veil\n|upkeep\n|turn|11\n|\n|t:|1661604450\n|move|p2a: Corviknight|Roost|p2a: Corviknight\n|-heal|p2a: Corviknight|100\/100\n|-singleturn|p2a: Corviknight|move: Roost\n|move|p1a: Slowking|Future Sight|p2a: Corviknight\n|-start|p1a: Slowking|move: Future Sight\n|\n|-weather|Sandstorm|[upkeep]\n|-damage|p1a: Slowking|70\/100|[from] Sandstorm\n|upkeep\n|turn|12\n|\n|t:|1661604459\n|move|p2a: Corviknight|U-turn|p1a: Slowking\n|-supereffective|p1a: Slowking\n|-damage|p1a: Slowking|42\/100\n|-damage|p2a: Corviknight|84\/100|[from] item: Rocky Helmet|[of] p1a: Slowking\n|\n|t:|1661604464\n|switch|p2a: Dracozolt|Dracozolt|94\/100|[from]move: U-turn\n|move|p1a: Slowking|Teleport|p1a: Slowking\n|\n|t:|1661604467\n|switch|p1a: Ninetales|Ninetales-Alola, M|100\/100|[from]move: Teleport\n|-damage|p1a: Ninetales|76\/100|[from] Stealth Rock\n|-weather|Hail|[from] ability: Snow Warning|[of] p1a: Ninetales\n|\n|-weather|Hail|[upkeep]\n|-damage|p2a: Dracozolt|88\/100|[from] Hail\n|upkeep\n|turn|13\n|\n|t:|1661604475\n|switch|p2a: Corviknight|Corviknight, F|84\/100\n|-ability|p2a: Corviknight|Pressure\n|move|p1a: Ninetales|Moonblast|p2a: Corviknight\n|-resisted|p2a: Corviknight\n|-damage|p2a: Corviknight|70\/100\n|-unboost|p2a: Corviknight|spa|1\n|\n|-weather|Hail|[upkeep]\n|-damage|p2a: Corviknight|64\/100|[from] Hail\n|-end|p2a: Corviknight|move: Future Sight\n|-resisted|p2a: Corviknight\n|-damage|p2a: Corviknight|44\/100\n|-heal|p2a: Corviknight|50\/100|[from] item: Leftovers\n|upkeep\n|turn|14\n|\n|t:|1661604488\n|switch|p1a: Thundurus|Thundurus-Therian, M|78\/100\n|move|p2a: Corviknight|Roost|p2a: Corviknight\n|-heal|p2a: Corviknight|99\/100\n|-singleturn|p2a: Corviknight|move: Roost\n|\n|-weather|Hail|[upkeep]\n|-damage|p1a: Thundurus|72\/100|[from] Hail\n|-damage|p2a: Corviknight|94\/100|[from] Hail\n|-heal|p2a: Corviknight|99\/100|[from] item: Leftovers\n|upkeep\n|turn|15\n|\n|t:|1661604499\n|switch|p2a: Weezing|Weezing, F|100\/100\n|move|p1a: Thundurus|Thunderbolt|p2a: Weezing\n|-damage|p2a: Weezing|7\/100\n|\n|-weather|Hail|[upkeep]\n|-damage|p1a: Thundurus|66\/100|[from] Hail\n|-damage|p2a: Weezing|1\/100|[from] Hail\n|-heal|p2a: Weezing|7\/100|[from] item: Black Sludge\n|upkeep\n|turn|16\n|\n|t:|1661604508\n|move|p1a: Thundurus|Weather Ball|p2a: Weezing\n|-crit|p2a: Weezing\n|-damage|p2a: Weezing|0 fnt\n|faint|p2a: Weezing\n|\n|-weather|Hail|[upkeep]\n|-damage|p1a: Thundurus|60\/100|[from] Hail\n|upkeep\n|\n|t:|1661604520\n|switch|p2a: Hippowdon|Hippowdon, M|44\/100\n|-weather|Sandstorm|[from] ability: Sand Stream|[of] p2a: Hippowdon\n|turn|17\n|\n|t:|1661604526\n|switch|p1a: Mandibuzz|Mandibuzz, F|100\/100\n|move|p2a: Hippowdon|Slack Off|p2a: Hippowdon\n|-heal|p2a: Hippowdon|94\/100\n|\n|-weather|Sandstorm|[upkeep]\n|upkeep\n|turn|18\n|\n|t:|1661604533\n|move|p1a: Mandibuzz|Defog|p2a: Hippowdon\n|-unboost|p2a: Hippowdon|evasion|1\n|-sideend|p1: Kikoobuster|Stealth Rock|[from] move: Defog|[of] p1a: Mandibuzz\n|move|p2a: Hippowdon|Toxic|p1a: Mandibuzz\n|-status|p1a: Mandibuzz|tox\n|\n|-weather|Sandstorm|[upkeep]\n|-damage|p1a: Mandibuzz|94\/100 tox|[from] psn\n|upkeep\n|turn|19\n|\n|t:|1661604541\n|move|p1a: Mandibuzz|U-turn|p2a: Hippowdon\n|-damage|p2a: Hippowdon|88\/100\n|\n|t:|1661604543\n|switch|p1a: Ninetales|Ninetales-Alola, M|76\/100|[from]move: U-turn\n|-weather|Hail|[from] ability: Snow Warning|[of] p1a: Ninetales\n|move|p2a: Hippowdon|Stealth Rock|p1a: Ninetales\n|-sidestart|p1: Kikoobuster|move: Stealth Rock\n|\n|-weather|Hail|[upkeep]\n|-damage|p2a: Hippowdon|82\/100|[from] Hail\n|upkeep\n|turn|20\n|\n|t:|1661604552\n|switch|p2a: Corviknight|Corviknight, F|99\/100\n|-ability|p2a: Corviknight|Pressure\n|move|p1a: Ninetales|Hypnosis|p2a: Corviknight|[miss]\n|-miss|p1a: Ninetales|p2a: Corviknight\n|\n|-weather|Hail|[upkeep]\n|-damage|p2a: Corviknight|94\/100|[from] Hail\n|-heal|p2a: Corviknight|99\/100|[from] item: Leftovers\n|upkeep\n|turn|21\n|\n|t:|1661604562\n|move|p1a: Ninetales|Hypnosis|p2a: Corviknight|[miss]\n|-miss|p1a: Ninetales|p2a: Corviknight\n|move|p2a: Corviknight|U-turn|p1a: Ninetales\n|-resisted|p1a: Ninetales\n|-damage|p1a: Ninetales|66\/100\n|\n|t:|1661604567\n|switch|p2a: Hippowdon|Hippowdon, M|82\/100|[from]move: U-turn\n|-weather|Sandstorm|[from] ability: Sand Stream|[of] p2a: Hippowdon\n|\n|-weather|Sandstorm|[upkeep]\n|-damage|p1a: Ninetales|60\/100|[from] Sandstorm\n|upkeep\n|turn|22\n|\n|t:|1661604574\n|switch|p2a: Corviknight|Corviknight, F|99\/100\n|-ability|p2a: Corviknight|Pressure\n|move|p1a: Ninetales|Hypnosis|p2a: Corviknight\n|-status|p2a: Corviknight|slp|[from] move: Hypnosis\n|\n|-weather|Sandstorm|[upkeep]\n|-damage|p1a: Ninetales|54\/100|[from] Sandstorm\n|-heal|p2a: Corviknight|100\/100 slp|[from] item: Leftovers\n|upkeep\n|turn|23\n|\n|t:|1661604587\n|switch|p1a: Mandibuzz|Mandibuzz, F|94\/100 tox\n|cant|p2a: Corviknight|slp\n|\n|-weather|Sandstorm|[upkeep]\n|-damage|p1a: Mandibuzz|88\/100 tox|[from] psn\n|upkeep\n|turn|24\n|inactive|homerac has 120 seconds left.\n|\n|t:|1661604636\n|switch|p2a: Dracozolt|Dracozolt|88\/100\n|move|p1a: Mandibuzz|Defog|p2a: Dracozolt\n|-unboost|p2a: Dracozolt|evasion|1\n|-sideend|p1: Kikoobuster|Stealth Rock|[from] move: Defog|[of] p1a: Mandibuzz\n|\n|-weather|Sandstorm|[upkeep]\n|-damage|p1a: Mandibuzz|76\/100 tox|[from] psn\n|upkeep\n|turn|25\n|\n|t:|1661604656\n|switch|p1a: Thundurus|Thundurus-Therian, M|60\/100\n|move|p2a: Dracozolt|Dragon Claw|p1a: Thundurus\n|-damage|p1a: Thundurus|6\/100\n|\n|-weather|Sandstorm|[upkeep]\n|-damage|p1a: Thundurus|0 fnt|[from] Sandstorm\n|faint|p1a: Thundurus\n|upkeep\n|\n|t:|1661604663\n|switch|p1a: Ninetales|Ninetales-Alola, M|54\/100\n|-weather|Hail|[from] ability: Snow Warning|[of] p1a: Ninetales\n|turn|26\n|\n|t:|1661604667\n|switch|p2a: Corviknight|Corviknight, F|100\/100 slp\n|-ability|p2a: Corviknight|Pressure\n|move|p1a: Ninetales|Aurora Veil|p1a: Ninetales\n|-sidestart|p1: Kikoobuster|move: Aurora Veil\n|\n|-weather|Hail|[upkeep]\n|-damage|p2a: Corviknight|94\/100 slp|[from] Hail\n|-heal|p2a: Corviknight|100\/100 slp|[from] item: Leftovers\n|upkeep\n|turn|27\n|\n|t:|1661604676\n|switch|p1a: Toxicroak|Toxicroak, M|100\/100\n|-item|p1a: Toxicroak|Air Balloon\n|cant|p2a: Corviknight|slp\n|\n|-weather|Hail|[upkeep]\n|-damage|p1a: Toxicroak|94\/100|[from] Hail\n|-damage|p2a: Corviknight|94\/100 slp|[from] Hail\n|-heal|p2a: Corviknight|100\/100 slp|[from] item: Leftovers\n|upkeep\n|turn|28\n|\n|t:|1661604685\n|move|p1a: Toxicroak|Swords Dance|p1a: Toxicroak\n|-boost|p1a: Toxicroak|atk|2\n|-curestatus|p2a: Corviknight|slp|[msg]\n|move|p2a: Corviknight|U-turn|p1a: Toxicroak\n|-resisted|p1a: Toxicroak\n|-damage|p1a: Toxicroak|92\/100\n|-enditem|p1a: Toxicroak|Air Balloon\n|\n|t:|1661604693\n|switch|p2a: Hippowdon|Hippowdon, M|82\/100|[from]move: U-turn\n|-weather|Sandstorm|[from] ability: Sand Stream|[of] p2a: Hippowdon\n|\n|-weather|Sandstorm|[upkeep]\n|-damage|p1a: Toxicroak|86\/100|[from] Sandstorm\n|upkeep\n|turn|29\n|\n|t:|1661604700\n|switch|p2a: Corviknight|Corviknight, F|100\/100\n|-ability|p2a: Corviknight|Pressure\n|move|p1a: Toxicroak|Knock Off|p2a: Corviknight\n|-crit|p2a: Corviknight\n|-damage|p2a: Corviknight|50\/100\n|-enditem|p2a: Corviknight|Leftovers|[from] move: Knock Off|[of] p1a: Toxicroak\n|\n|-weather|Sandstorm|[upkeep]\n|-damage|p1a: Toxicroak|79\/100|[from] Sandstorm\n|upkeep\n|turn|30\n|\n|t:|1661604710\n|move|p1a: Toxicroak|Drain Punch|p2a: Corviknight\n|-damage|p2a: Corviknight|11\/100\n|-heal|p1a: Toxicroak|100\/100|[from] drain|[of] p2a: Corviknight\n|move|p2a: Corviknight|Roost|p2a: Corviknight\n|-heal|p2a: Corviknight|61\/100\n|-singleturn|p2a: Corviknight|move: Roost\n|\n|-weather|Sandstorm|[upkeep]\n|-damage|p1a: Toxicroak|94\/100|[from] Sandstorm\n|-sideend|p1: Kikoobuster|move: Aurora Veil\n|upkeep\n|turn|31\n|\n|t:|1661604720\n|move|p1a: Toxicroak|Swords Dance|p1a: Toxicroak\n|-boost|p1a: Toxicroak|atk|2\n|move|p2a: Corviknight|Roost|p2a: Corviknight\n|-heal|p2a: Corviknight|100\/100\n|-singleturn|p2a: Corviknight|move: Roost\n|\n|-weather|Sandstorm|[upkeep]\n|-damage|p1a: Toxicroak|88\/100|[from] Sandstorm\n|upkeep\n|turn|32\n|\n|t:|1661604728\n|move|p1a: Toxicroak|Drain Punch|p2a: Corviknight\n|-damage|p2a: Corviknight|43\/100\n|-heal|p1a: Toxicroak|100\/100|[from] drain|[of] p2a: Corviknight\n|move|p2a: Corviknight|U-turn|p1a: Toxicroak\n|-resisted|p1a: Toxicroak\n|-damage|p1a: Toxicroak|95\/100\n|\n|t:|1661604735\n|switch|p2a: Excadrill|Excadrill, F|88\/100|[from]move: U-turn\n|\n|-weather|Sandstorm|[upkeep]\n|-damage|p1a: Toxicroak|89\/100|[from] Sandstorm\n|upkeep\n|turn|33\n|\n|t:|1661604742\n|switch|p2a: Corviknight|Corviknight, F|43\/100\n|-ability|p2a: Corviknight|Pressure\n|switch|p1a: Mandibuzz|Mandibuzz, F|76\/100 tox\n|\n|-weather|Sandstorm|[upkeep]\n|-damage|p1a: Mandibuzz|70\/100 tox|[from] psn\n|upkeep\n|turn|34\n|\n|t:|1661604750\n|move|p1a: Mandibuzz|U-turn|p2a: Corviknight\n|-resisted|p2a: Corviknight\n|-damage|p2a: Corviknight|41\/100\n|\n|t:|1661604753\n|switch|p1a: Ninetales|Ninetales-Alola, M|54\/100|[from]move: U-turn\n|-weather|Hail|[from] ability: Snow Warning|[of] p1a: Ninetales\n|move|p2a: Corviknight|Roost|p2a: Corviknight\n|-heal|p2a: Corviknight|91\/100\n|-singleturn|p2a: Corviknight|move: Roost\n|\n|-weather|Hail|[upkeep]\n|-damage|p2a: Corviknight|85\/100|[from] Hail\n|upkeep\n|turn|35\n|\n|t:|1661604763\n|move|p1a: Ninetales|Aurora Veil|p1a: Ninetales\n|-sidestart|p1: Kikoobuster|move: Aurora Veil\n|move|p2a: Corviknight|U-turn|p1a: Ninetales\n|-resisted|p1a: Ninetales\n|-damage|p1a: Ninetales|50\/100\n|\n|t:|1661604768\n|switch|p2a: Hippowdon|Hippowdon, M|82\/100|[from]move: U-turn\n|-weather|Sandstorm|[from] ability: Sand Stream|[of] p2a: Hippowdon\n|\n|-weather|Sandstorm|[upkeep]\n|-damage|p1a: Ninetales|44\/100|[from] Sandstorm\n|upkeep\n|turn|36\n|\n|t:|1661604775\n|switch|p2a: Corviknight|Corviknight, F|85\/100\n|-ability|p2a: Corviknight|Pressure\n|move|p1a: Ninetales|Hypnosis|p2a: Corviknight|[miss]\n|-miss|p1a: Ninetales|p2a: Corviknight\n|\n|-weather|Sandstorm|[upkeep]\n|-damage|p1a: Ninetales|38\/100|[from] Sandstorm\n|upkeep\n|turn|37\n|\n|t:|1661604783\n|move|p1a: Ninetales|Hypnosis|p2a: Corviknight\n|-status|p2a: Corviknight|slp|[from] move: Hypnosis\n|cant|p2a: Corviknight|slp\n|\n|-weather|Sandstorm|[upkeep]\n|-damage|p1a: Ninetales|32\/100|[from] Sandstorm\n|upkeep\n|turn|38\n|\n|t:|1661604791\n|switch|p1a: Slowking|Slowking, F|75\/100\n|cant|p2a: Corviknight|slp\n|\n|-weather|Sandstorm|[upkeep]\n|-damage|p1a: Slowking|69\/100|[from] Sandstorm\n|upkeep\n|turn|39\n|\n|t:|1661604799\n|cant|p2a: Corviknight|slp\n|move|p1a: Slowking|Future Sight|p2a: Corviknight\n|-start|p1a: Slowking|move: Future Sight\n|\n|-weather|Sandstorm|[upkeep]\n|-damage|p1a: Slowking|63\/100|[from] Sandstorm\n|-sideend|p1: Kikoobuster|move: Aurora Veil\n|upkeep\n|turn|40\n|\n|t:|1661604806\n|-curestatus|p2a: Corviknight|slp|[msg]\n|move|p2a: Corviknight|Roost|p2a: Corviknight\n|-heal|p2a: Corviknight|100\/100\n|-singleturn|p2a: Corviknight|move: Roost\n|move|p1a: Slowking|Scald|p2a: Corviknight\n|-damage|p2a: Corviknight|75\/100\n|\n|-weather|Sandstorm|[upkeep]\n|-damage|p1a: Slowking|57\/100|[from] Sandstorm\n|upkeep\n|turn|41\n|\n|t:|1661604816\n|move|p2a: Corviknight|Roost|p2a: Corviknight\n|-heal|p2a: Corviknight|100\/100\n|-singleturn|p2a: Corviknight|move: Roost\n|move|p1a: Slowking|Slack Off|p1a: Slowking\n|-heal|p1a: Slowking|100\/100\n|\n|-weather|Sandstorm|[upkeep]\n|-damage|p1a: Slowking|94\/100|[from] Sandstorm\n|-end|p2a: Corviknight|move: Future Sight\n|-resisted|p2a: Corviknight\n|-crit|p2a: Corviknight\n|-damage|p2a: Corviknight|70\/100\n|upkeep\n|turn|42\n|\n|t:|1661604826\n|move|p2a: Corviknight|U-turn|p1a: Slowking\n|-supereffective|p1a: Slowking\n|-crit|p1a: Slowking\n|-damage|p1a: Slowking|46\/100\n|-damage|p2a: Corviknight|54\/100|[from] item: Rocky Helmet|[of] p1a: Slowking\n|\n|t:|1661604838\n|switch|p2a: Dracozolt|Dracozolt|88\/100|[from]move: U-turn\n|move|p1a: Slowking|Future Sight|p2a: Dracozolt\n|-start|p1a: Slowking|move: Future Sight\n|\n|-weather|none\n|upkeep\n|turn|43\n|\n|t:|1661604851\n|switch|p1a: Mandibuzz|Mandibuzz, F|70\/100 tox\n|move|p2a: Dracozolt|Bolt Beak|p1a: Mandibuzz\n|-supereffective|p1a: Mandibuzz\n|-damage|p1a: Mandibuzz|0 fnt\n|faint|p1a: Mandibuzz\n|\n|upkeep\n|\n|t:|1661604856\n|switch|p1a: Ninetales|Ninetales-Alola, M|32\/100\n|-weather|Hail|[from] ability: Snow Warning|[of] p1a: Ninetales\n|turn|44\n|\n|t:|1661604861\n|switch|p2a: Corviknight|Corviknight, F|54\/100\n|-ability|p2a: Corviknight|Pressure\n|move|p1a: Ninetales|Hypnosis|p2a: Corviknight|[miss]\n|-miss|p1a: Ninetales|p2a: Corviknight\n|\n|-weather|Hail|[upkeep]\n|-damage|p2a: Corviknight|48\/100|[from] Hail\n|-end|p2a: Corviknight|move: Future Sight\n|-resisted|p2a: Corviknight\n|-crit|p2a: Corviknight\n|-damage|p2a: Corviknight|16\/100\n|upkeep\n|turn|45\n|\n|t:|1661604871\n|move|p1a: Ninetales|Hypnosis|p2a: Corviknight\n|-status|p2a: Corviknight|slp|[from] move: Hypnosis\n|cant|p2a: Corviknight|slp\n|\n|-weather|Hail|[upkeep]\n|-damage|p2a: Corviknight|10\/100 slp|[from] Hail\n|upkeep\n|turn|46\n|\n|t:|1661604877\n|move|p1a: Ninetales|Freeze-Dry|p2a: Corviknight\n|-damage|p2a: Corviknight|0 fnt\n|faint|p2a: Corviknight\n|\n|-weather|Hail|[upkeep]\n|upkeep\n|\n|t:|1661604890\n|switch|p2a: Excadrill|Excadrill, F|88\/100\n|turn|47\n|\n|t:|1661604908\n|move|p1a: Ninetales|Aurora Veil|p1a: Ninetales\n|-sidestart|p1: Kikoobuster|move: Aurora Veil\n|move|p2a: Excadrill|Rapid Spin|p1a: Ninetales\n|-damage|p1a: Ninetales|18\/100\n|-boost|p2a: Excadrill|spe|1\n|\n|-weather|Hail|[upkeep]\n|-damage|p2a: Excadrill|82\/100|[from] Hail\n|upkeep\n|turn|48\n|\n|t:|1661604917\n|move|p2a: Excadrill|Earthquake|p1a: Ninetales\n|-damage|p1a: Ninetales|0 fnt\n|faint|p1a: Ninetales\n|\n|-weather|Hail|[upkeep]\n|-damage|p2a: Excadrill|76\/100|[from] Hail\n|upkeep\n|\n|t:|1661604919\n|switch|p1a: Slowking|Slowking, F|79\/100\n|turn|49\n|\n|t:|1661604927\n|switch|p2a: Hippowdon|Hippowdon, M|82\/100\n|-weather|Sandstorm|[from] ability: Sand Stream|[of] p2a: Hippowdon\n|move|p1a: Slowking|Scald|p2a: Hippowdon\n|-supereffective|p2a: Hippowdon\n|-damage|p2a: Hippowdon|20\/100\n|\n|-weather|Sandstorm|[upkeep]\n|-damage|p1a: Slowking|73\/100|[from] Sandstorm\n|upkeep\n|turn|50\n|\n|t:|1661604937\n|move|p2a: Hippowdon|Stealth Rock|p1a: Slowking\n|-sidestart|p1: Kikoobuster|move: Stealth Rock\n|move|p1a: Slowking|Future Sight|p2a: Hippowdon\n|-start|p1a: Slowking|move: Future Sight\n|\n|-weather|Sandstorm|[upkeep]\n|-damage|p1a: Slowking|67\/100|[from] Sandstorm\n|upkeep\n|turn|51\n|\n|t:|1661604944\n|move|p2a: Hippowdon|Slack Off|p2a: Hippowdon\n|-heal|p2a: Hippowdon|70\/100\n|move|p1a: Slowking|Scald|p2a: Hippowdon\n|-supereffective|p2a: Hippowdon\n|-damage|p2a: Hippowdon|8\/100\n|-status|p2a: Hippowdon|brn\n|\n|-weather|Sandstorm|[upkeep]\n|-damage|p1a: Slowking|61\/100|[from] Sandstorm\n|-damage|p2a: Hippowdon|2\/100 brn|[from] brn\n|-sideend|p1: Kikoobuster|move: Aurora Veil\n|upkeep\n|turn|52\n|\n|t:|1661604956\n|move|p2a: Hippowdon|Toxic|p1a: Slowking\n|-status|p1a: Slowking|tox\n|move|p1a: Slowking|Scald|p2a: Hippowdon\n|-supereffective|p2a: Hippowdon\n|-damage|p2a: Hippowdon|0 fnt\n|faint|p2a: Hippowdon\n|\n|-weather|Sandstorm|[upkeep]\n|-damage|p1a: Slowking|55\/100 tox|[from] Sandstorm\n|-hint|Future Sight did not hit because the target is fainted.\n|-damage|p1a: Slowking|49\/100 tox|[from] psn\n|upkeep\n|\n|t:|1661604967\n|switch|p2a: Excadrill|Excadrill, F|76\/100\n|turn|53\n|\n|t:|1661604975\n|switch|p1a: Toxicroak|Toxicroak, M|89\/100\n|-damage|p1a: Toxicroak|83\/100|[from] Stealth Rock\n|move|p2a: Excadrill|Earthquake|p1a: Toxicroak\n|-supereffective|p1a: Toxicroak\n|-damage|p1a: Toxicroak|0 fnt\n|faint|p1a: Toxicroak\n|\n|-weather|Sandstorm|[upkeep]\n|upkeep\n|\n|t:|1661604977\n|switch|p1a: Slowking|Slowking, F|82\/100 tox\n|-damage|p1a: Slowking|70\/100 tox|[from] Stealth Rock\n|turn|54\n|\n|t:|1661604985\n|move|p2a: Excadrill|Earthquake|p1a: Slowking\n|-damage|p1a: Slowking|4\/100 tox\n|move|p1a: Slowking|Scald|p2a: Excadrill\n|-supereffective|p2a: Excadrill\n|-damage|p2a: Excadrill|4\/100\n|-status|p2a: Excadrill|brn\n|\n|-weather|Sandstorm|[upkeep]\n|-damage|p1a: Slowking|0 fnt|[from] Sandstorm\n|faint|p1a: Slowking\n|-damage|p2a: Excadrill|0 fnt|[from] brn\n|faint|p2a: Excadrill\n|upkeep\n|\n|t:|1661604997\n|switch|p2a: Dracozolt|Dracozolt|88\/100\n|switch|p1a: Cobalion|Cobalion|100\/100\n|-damage|p1a: Cobalion|97\/100|[from] Stealth Rock\n|turn|55\n|\n|t:|1661605004\n|move|p2a: Dracozolt|Earthquake|p1a: Cobalion\n|-supereffective|p1a: Cobalion\n|-damage|p1a: Cobalion|36\/100\n|move|p1a: Cobalion|Close Combat|p2a: Dracozolt\n|-damage|p2a: Dracozolt|30\/100\n|-unboost|p1a: Cobalion|def|1\n|-unboost|p1a: Cobalion|spd|1\n|\n|-weather|Sandstorm|[upkeep]\n|upkeep\n|turn|56\n|\n|t:|1661605013\n|move|p2a: Dracozolt|Earthquake|p1a: Cobalion\n|-supereffective|p1a: Cobalion\n|-damage|p1a: Cobalion|0 fnt\n|faint|p1a: Cobalion\n|\n|win|homerac\n|raw|Kikoobuster's rating: 1305 &rarr; <strong>1282<\/strong><br \/>(-23 for losing)\n|raw|homerac's rating: 1255 &rarr; <strong>1284<\/strong><br \/>(+29 for winning)\n|c|\u2606Kikoobuster|gg it was close\n|l|\u2606homerac\n","uploadtime":1661605027,"views":7,"p1id":"kikoobuster","p2id":"homerac","formatid":"gen8ou","rating":1282,"private":0,"password":null}