{"id":"gen8ou-1685913765","p1":"classicdoughnut","p2":"ty-tyui\u21bb","format":"gen8ou","log":"|html|<div class=\"broadcast-blue\"><strong>[Gen 8] OU is currently suspecting Melmetal! For information on how to participate check out the <a href=\"https:\/\/www.smogon.com\/forums\/threads\/np-ss-ou-suspect-process-round-12-monster-mash.3709234\/\">suspect thread<\/a>.<\/strong><\/div>\n|j|\u2606classicdoughnut\n|j|\u2606ty-tyui\u21bb\n|t:|1665781016\n|gametype|singles\n|player|p1|classicdoughnut|1|1633\n|player|p2|ty-tyui\u21bb|grace|1608\n|teamsize|p1|6\n|teamsize|p2|6\n|gen|8\n|tier|[Gen 8] OU\n|rated|\n|rule|Sleep Clause Mod: Limit one foe put to sleep\n|rule|Species Clause: Limit one of each Pok\u00e9mon\n|rule|OHKO Clause: OHKO moves are banned\n|rule|Evasion Items Clause: Evasion items are banned\n|rule|Evasion Moves Clause: Evasion moves are banned\n|rule|Endless Battle Clause: Forcing endless battles is banned\n|rule|HP Percentage Mod: HP is shown in percentages\n|rule|Dynamax Clause: You cannot dynamax\n|clearpoke\n|poke|p1|Clefable, M|\n|poke|p1|Rotom-Wash|\n|poke|p1|Zapdos-Galar|\n|poke|p1|Latios, M|\n|poke|p1|Landorus-Therian, M|\n|poke|p1|Melmetal|\n|poke|p2|Mienshao, M|\n|poke|p2|Ninetales-Alola, F|\n|poke|p2|Blacephalon|\n|poke|p2|Landorus-Therian, M|\n|poke|p2|Corviknight, M|\n|poke|p2|Rotom-Wash|\n|teampreview\n|inactive|Battle timer is ON: inactive players will automatically lose when time's up. (requested by classicdoughnut)\n|\n|t:|1665781023\n|start\n|switch|p1a: Mike|Melmetal, shiny|100\/100\n|switch|p2a: Ninetales|Ninetales-Alola, F|100\/100\n|-weather|Hail|[from] ability: Snow Warning|[of] p2a: Ninetales\n|turn|1\n|\n|t:|1665781026\n|switch|p2a: Corviknight|Corviknight, M|100\/100\n|-ability|p2a: Corviknight|Pressure\n|move|p1a: Mike|Double Iron Bash|p2a: Corviknight\n|-resisted|p2a: Corviknight\n|-damage|p2a: Corviknight|85\/100\n|-damage|p1a: Mike|84\/100|[from] item: Rocky Helmet|[of] p2a: Corviknight\n|-resisted|p2a: Corviknight\n|-damage|p2a: Corviknight|70\/100\n|-damage|p1a: Mike|67\/100|[from] item: Rocky Helmet|[of] p2a: Corviknight\n|-hitcount|p2a: Corviknight|2\n|\n|-weather|Hail|[upkeep]\n|-damage|p2a: Corviknight|63\/100|[from] Hail\n|-damage|p1a: Mike|61\/100|[from] Hail\n|upkeep\n|turn|2\n|\n|t:|1665781032\n|move|p2a: Corviknight|Roost|p2a: Corviknight\n|-heal|p2a: Corviknight|100\/100\n|-singleturn|p2a: Corviknight|move: Roost\n|move|p1a: Mike|Earthquake|p2a: Corviknight\n|-supereffective|p2a: Corviknight\n|-damage|p2a: Corviknight|39\/100\n|\n|-weather|Hail|[upkeep]\n|-damage|p2a: Corviknight|33\/100|[from] Hail\n|-damage|p1a: Mike|55\/100|[from] Hail\n|upkeep\n|turn|3\n|\n|t:|1665781041\n|move|p2a: Corviknight|Roost|p2a: Corviknight\n|-heal|p2a: Corviknight|83\/100\n|-singleturn|p2a: Corviknight|move: Roost\n|move|p1a: Mike|Thunder Punch|p2a: Corviknight\n|-damage|p2a: Corviknight|60\/100\n|-damage|p1a: Mike|38\/100|[from] item: Rocky Helmet|[of] p2a: Corviknight\n|\n|-weather|Hail|[upkeep]\n|-damage|p2a: Corviknight|53\/100|[from] Hail\n|-damage|p1a: Mike|32\/100|[from] Hail\n|upkeep\n|turn|4\n|\n|t:|1665781046\n|move|p2a: Corviknight|Roost|p2a: Corviknight\n|-heal|p2a: Corviknight|100\/100\n|-singleturn|p2a: Corviknight|move: Roost\n|move|p1a: Mike|Earthquake|p2a: Corviknight\n|-supereffective|p2a: Corviknight\n|-damage|p2a: Corviknight|49\/100\n|\n|-weather|Hail|[upkeep]\n|-damage|p2a: Corviknight|43\/100|[from] Hail\n|-damage|p1a: Mike|26\/100|[from] Hail\n|upkeep\n|turn|5\n|\n|t:|1665781050\n|move|p2a: Corviknight|Roost|p2a: Corviknight\n|-heal|p2a: Corviknight|93\/100\n|-singleturn|p2a: Corviknight|move: Roost\n|move|p1a: Mike|Earthquake|p2a: Corviknight\n|-supereffective|p2a: Corviknight\n|-damage|p2a: Corviknight|34\/100\n|\n|-weather|none\n|upkeep\n|turn|6\n|\n|t:|1665781054\n|move|p2a: Corviknight|U-turn|p1a: Mike\n|-resisted|p1a: Mike\n|-damage|p1a: Mike|22\/100\n|\n|t:|1665781056\n|switch|p2a: Landorus|Landorus-Therian, M|100\/100|[from]move: U-turn\n|-ability|p2a: Landorus|Intimidate|boost\n|-unboost|p1a: Mike|atk|1\n|move|p1a: Mike|Earthquake|p2a: Landorus\n|-immune|p2a: Landorus\n|\n|upkeep\n|turn|7\n|j| call the crew\n|\n|t:|1665781061\n|move|p2a: Landorus|Stealth Rock|p1a: Mike\n|-sidestart|p1: classicdoughnut|move: Stealth Rock\n|move|p1a: Mike|Ice Punch|p2a: Landorus\n|-supereffective|p2a: Landorus\n|-damage|p2a: Landorus|1\/100\n|-status|p2a: Landorus|frz\n|\n|-heal|p2a: Landorus|7\/100 frz|[from] item: Leftovers\n|upkeep\n|turn|8\n|j| inv solak plz\n|\n|t:|1665781074\n|cant|p2a: Landorus|frz\n|move|p1a: Mike|Ice Punch|p2a: Landorus\n|-supereffective|p2a: Landorus\n|-damage|p2a: Landorus|0 fnt\n|faint|p2a: Landorus\n|\n|upkeep\n|\n|t:|1665781078\n|switch|p2a: Blacephalon|Blacephalon, shiny|100\/100\n|turn|9\n|\n|t:|1665781091\n|move|p2a: Blacephalon|Shadow Ball|p1a: Mike\n|-damage|p1a: Mike|0 fnt\n|faint|p1a: Mike\n|-ability|p2a: Blacephalon|Beast Boost|boost\n|-boost|p2a: Blacephalon|spa|1\n|\n|upkeep\n|\n|t:|1665781096\n|switch|p1a: Avalon|Latios, M, shiny|100\/100\n|-damage|p1a: Avalon|88\/100|[from] Stealth Rock\n|turn|10\n|\n|t:|1665781098\n|move|p2a: Blacephalon|Shadow Ball|p1a: Avalon\n|-supereffective|p1a: Avalon\n|-damage|p1a: Avalon|0 fnt\n|faint|p1a: Avalon\n|-ability|p2a: Blacephalon|Beast Boost|boost\n|-boost|p2a: Blacephalon|spa|1\n|\n|upkeep\n|\n|t:|1665781113\n|switch|p1a: Phantom|Rotom-Wash, shiny|100\/100\n|-damage|p1a: Phantom|88\/100|[from] Stealth Rock\n|turn|11\n|\n|t:|1665781116\n|move|p2a: Blacephalon|Shadow Ball|p1a: Phantom\n|-damage|p1a: Phantom|0 fnt\n|faint|p1a: Phantom\n|-ability|p2a: Blacephalon|Beast Boost|boost\n|-boost|p2a: Blacephalon|spa|1\n|\n|upkeep\n|-message|classicdoughnut forfeited.\n|\n|win|ty-tyui\u21bb\n|raw|classicdoughnut's rating: 1633 &rarr; <strong>1612<\/strong><br \/>(-21 for losing)\n|raw|ty-tyui\u21bb's rating: 1608 &rarr; <strong>1629<\/strong><br \/>(+21 for winning)\n|l|\u2606classicdoughnut\n|l| inv solak plz\n||Ladder isn't responding, score probably updated but might not have (Request timeout).\n","uploadtime":1665781126,"views":10,"p1id":"classicdoughnut","p2id":"tytyui","formatid":"gen8ou","rating":1612,"private":0,"password":null}