{"id":"gen8ou-1687452405","p1":"njhjj","p2":"ChandosH","format":"gen8ou","log":"|html|<div class=\"broadcast-blue\"><strong>[Gen 8] OU is currently suspecting Melmetal! For information on how to participate check out the <a href=\"https:\/\/www.smogon.com\/forums\/threads\/np-ss-ou-suspect-process-round-12-monster-mash.3709234\/\">suspect thread<\/a>.<\/strong><\/div>\n|j|\u2606njhjj\n|j|\u2606ChandosH\n|t:|1665961591\n|gametype|singles\n|player|p1|njhjj|170|1571\n|player|p2|ChandosH|n-masters|1537\n|teamsize|p1|6\n|teamsize|p2|6\n|gen|8\n|tier|[Gen 8] OU\n|rated|\n|rule|Sleep Clause Mod: Limit one foe put to sleep\n|rule|Species Clause: Limit one of each Pok\u00e9mon\n|rule|OHKO Clause: OHKO moves are banned\n|rule|Evasion Items Clause: Evasion items are banned\n|rule|Evasion Moves Clause: Evasion moves are banned\n|rule|Endless Battle Clause: Forcing endless battles is banned\n|rule|HP Percentage Mod: HP is shown in percentages\n|rule|Dynamax Clause: You cannot dynamax\n|clearpoke\n|poke|p1|Dragalge, F|\n|poke|p1|Gyarados, F|\n|poke|p1|Excadrill, F|\n|poke|p1|Volcarona, M|\n|poke|p1|Ninetales-Alola, M|\n|poke|p1|Kartana|\n|poke|p2|Keldeo-Resolute|\n|poke|p2|Tapu Lele|\n|poke|p2|Dragapult, M|\n|poke|p2|Ferrothorn, M|\n|poke|p2|Landorus-Therian, M|\n|poke|p2|Heatran, M|\n|teampreview\n|c|\u2606njhjj|glhf\n|inactive|Battle timer is ON: inactive players will automatically lose when time's up. (requested by njhjj)\n|c|\u2606ChandosH|u too\n|\n|t:|1665961614\n|start\n|switch|p1a: Dragalge|Dragalge, F|100\/100\n|switch|p2a: Dragapult|Dragapult, M|100\/100\n|turn|1\n|\n|t:|1665961619\n|switch|p1a: Ninetales|Ninetales-Alola, M|100\/100\n|-weather|Hail|[from] ability: Snow Warning|[of] p1a: Ninetales\n|move|p2a: Dragapult|U-turn|p1a: Ninetales\n|-resisted|p1a: Ninetales\n|-damage|p1a: Ninetales|75\/100\n|\n|t:|1665961626\n|switch|p2a: Heatran|Heatran, M|100\/100|[from]move: U-turn\n|\n|-weather|Hail|[upkeep]\n|-damage|p2a: Heatran|94\/100|[from] Hail\n|-heal|p2a: Heatran|100\/100|[from] item: Leftovers\n|upkeep\n|turn|2\n|\n|t:|1665961631\n|move|p1a: Ninetales|Aurora Veil|p1a: Ninetales\n|-sidestart|p1: njhjj|move: Aurora Veil\n|move|p2a: Heatran|Stealth Rock|p1a: Ninetales\n|-sidestart|p1: njhjj|move: Stealth Rock\n|\n|-weather|Hail|[upkeep]\n|-damage|p2a: Heatran|94\/100|[from] Hail\n|-heal|p2a: Heatran|100\/100|[from] item: Leftovers\n|upkeep\n|turn|3\n|\n|t:|1665961637\n|move|p1a: Ninetales|Moonblast|p2a: Heatran\n|-resisted|p2a: Heatran\n|-damage|p2a: Heatran|94\/100\n|-unboost|p2a: Heatran|spa|1\n|move|p2a: Heatran|Magma Storm|p1a: Ninetales\n|-supereffective|p1a: Ninetales\n|-damage|p1a: Ninetales|40\/100\n|-activate|p1a: Ninetales|move: Magma Storm|[of] p2a: Heatran\n|\n|-weather|Hail|[upkeep]\n|-damage|p2a: Heatran|88\/100|[from] Hail\n|-heal|p2a: Heatran|94\/100|[from] item: Leftovers\n|-damage|p1a: Ninetales|28\/100|[from] move: Magma Storm|[partiallytrapped]\n|upkeep\n|turn|4\n|\n|t:|1665961646\n|move|p1a: Ninetales|Moonblast|p2a: Heatran\n|-resisted|p2a: Heatran\n|-damage|p2a: Heatran|87\/100\n|move|p2a: Heatran|Earth Power|p1a: Ninetales\n|-damage|p1a: Ninetales|18\/100\n|\n|-weather|Hail|[upkeep]\n|-damage|p2a: Heatran|81\/100|[from] Hail\n|-heal|p2a: Heatran|87\/100|[from] item: Leftovers\n|-damage|p1a: Ninetales|6\/100|[from] move: Magma Storm|[partiallytrapped]\n|upkeep\n|turn|5\n|\n|t:|1665961654\n|move|p1a: Ninetales|Moonblast|p2a: Heatran\n|-resisted|p2a: Heatran\n|-damage|p2a: Heatran|80\/100\n|move|p2a: Heatran|Taunt|p1a: Ninetales\n|-start|p1a: Ninetales|move: Taunt\n|\n|-weather|none\n|-heal|p2a: Heatran|87\/100|[from] item: Leftovers\n|-damage|p1a: Ninetales|0 fnt|[from] move: Magma Storm|[partiallytrapped]\n|faint|p1a: Ninetales\n|upkeep\n|\n|t:|1665961662\n|switch|p1a: Gyarados|Gyarados, F|100\/100\n|-damage|p1a: Gyarados|76\/100|[from] Stealth Rock\n|turn|6\n|\n|t:|1665961678\n|switch|p2a: Ferrothorn|Ferrothorn, M|100\/100\n|move|p1a: Gyarados|Taunt|p2a: Ferrothorn\n|-start|p2a: Ferrothorn|move: Taunt\n|\n|upkeep\n|turn|7\n|\n|t:|1665961684\n|move|p1a: Gyarados|Dragon Dance|p1a: Gyarados\n|-boost|p1a: Gyarados|atk|1\n|-boost|p1a: Gyarados|spe|1\n|move|p2a: Ferrothorn|Knock Off|p1a: Gyarados\n|-damage|p1a: Gyarados|63\/100\n|-enditem|p1a: Gyarados|Lum Berry|[from] move: Knock Off|[of] p2a: Ferrothorn\n|\n|upkeep\n|turn|8\n|\n|t:|1665961691\n|move|p1a: Gyarados|Dragon Dance|p1a: Gyarados\n|-boost|p1a: Gyarados|atk|1\n|-boost|p1a: Gyarados|spe|1\n|move|p2a: Ferrothorn|Power Whip|p1a: Gyarados\n|-damage|p1a: Gyarados|37\/100\n|\n|-end|p2a: Ferrothorn|move: Taunt\n|upkeep\n|turn|9\n|\n|t:|1665961701\n|move|p1a: Gyarados|Earthquake|p2a: Ferrothorn\n|-damage|p2a: Ferrothorn|48\/100\n|move|p2a: Ferrothorn|Leech Seed|p1a: Gyarados|[miss]\n|-miss|p2a: Ferrothorn|p1a: Gyarados\n|\n|-heal|p2a: Ferrothorn|54\/100|[from] item: Leftovers\n|-sideend|p1: njhjj|move: Aurora Veil\n|upkeep\n|turn|10\n|\n|t:|1665961714\n|move|p1a: Gyarados|Waterfall|p2a: Ferrothorn\n|-resisted|p2a: Ferrothorn\n|-damage|p2a: Ferrothorn|24\/100\n|-damage|p1a: Gyarados|25\/100|[from] ability: Iron Barbs|[of] p2a: Ferrothorn\n|move|p2a: Ferrothorn|Power Whip|p1a: Gyarados\n|-damage|p1a: Gyarados|0 fnt\n|faint|p1a: Gyarados\n|\n|-heal|p2a: Ferrothorn|30\/100|[from] item: Leftovers\n|upkeep\n|\n|t:|1665961733\n|switch|p1a: Kartana|Kartana|100\/100\n|-damage|p1a: Kartana|94\/100|[from] Stealth Rock\n|turn|11\n|inactive|ChandosH has 120 seconds left.\n|\n|t:|1665961791\n|switch|p2a: Landorus|Landorus-Therian, M|100\/100\n|-ability|p2a: Landorus|Intimidate|boost\n|-unboost|p1a: Kartana|atk|1\n|move|p1a: Kartana|Swords Dance|p1a: Kartana\n|-boost|p1a: Kartana|atk|2\n|\n|upkeep\n|turn|12\n|inactive|njhjj has 120 seconds left.\n|\n|t:|1665961816\n|move|p1a: Kartana|Swords Dance|p1a: Kartana\n|-boost|p1a: Kartana|atk|2\n|move|p2a: Landorus|U-turn|p1a: Kartana\n|-damage|p1a: Kartana|72\/100\n|\n|t:|1665961824\n|switch|p2a: Dragapult|Dragapult, M|100\/100|[from]move: U-turn\n|\n|upkeep\n|turn|13\n|\n|t:|1665961837\n|move|p2a: Dragapult|Fire Blast|p1a: Kartana\n|-supereffective|p1a: Kartana\n|-crit|p1a: Kartana\n|-damage|p1a: Kartana|0 fnt\n|faint|p1a: Kartana\n|\n|upkeep\n|\n|t:|1665961845\n|switch|p1a: Volcarona|Volcarona, M|100\/100\n|turn|14\n|\n|t:|1665961849\n|switch|p2a: Tapu Lele|Tapu Lele|100\/100\n|-fieldstart|move: Psychic Terrain|[from] ability: Psychic Surge|[of] p2a: Tapu Lele\n|move|p1a: Volcarona|Quiver Dance|p1a: Volcarona\n|-boost|p1a: Volcarona|spa|1\n|-boost|p1a: Volcarona|spd|1\n|-boost|p1a: Volcarona|spe|1\n|\n|upkeep\n|turn|15\n|inactive|njhjj has 120 seconds left.\n|\n|t:|1665961879\n|move|p2a: Tapu Lele|Psyshock|p1a: Volcarona\n|-damage|p1a: Volcarona|21\/100\n|move|p1a: Volcarona|Fiery Dance|p2a: Tapu Lele\n|-damage|p2a: Tapu Lele|28\/100\n|\n|upkeep\n|turn|16\n|\n|t:|1665961885\n|move|p2a: Tapu Lele|Psyshock|p1a: Volcarona\n|-damage|p1a: Volcarona|0 fnt\n|faint|p1a: Volcarona\n|\n|upkeep\n|inactive|njhjj has 120 seconds left.\n|\n|t:|1665961903\n|switch|p1a: Excadrill|Excadrill, F|100\/100\n|-damage|p1a: Excadrill|98\/100|[from] Stealth Rock\n|turn|17\n|inactive|njhjj has 120 seconds left.\n|inactive|ChandosH has 120 seconds left.\n|\n|t:|1665961938\n|switch|p2a: Landorus|Landorus-Therian, M|100\/100\n|-ability|p2a: Landorus|Intimidate|boost\n|-unboost|p1a: Excadrill|atk|1\n|move|p1a: Excadrill|Rapid Spin|p2a: Landorus\n|-damage|p2a: Landorus|87\/100\n|-boost|p1a: Excadrill|spe|1\n|-sideend|p1: njhjj|Stealth Rock|[from] move: Rapid Spin|[of] p1a: Excadrill\n|\n|-heal|p2a: Landorus|93\/100|[from] item: Leftovers\n|upkeep\n|turn|18\n|inactive|njhjj has 120 seconds left.\n|\n|t:|1665961958\n|move|p1a: Excadrill|Iron Head|p2a: Landorus\n|-damage|p2a: Landorus|62\/100\n|move|p2a: Landorus|Earthquake|p1a: Excadrill\n|-supereffective|p1a: Excadrill\n|-damage|p1a: Excadrill|0 fnt\n|faint|p1a: Excadrill\n|\n|-heal|p2a: Landorus|68\/100|[from] item: Leftovers\n|-fieldend|move: Psychic Terrain\n|upkeep\n|\n|t:|1665961965\n|switch|p1a: Dragalge|Dragalge, F|100\/100\n|turn|19\n|c|\u2606ChandosH|Gg\n|\n|t:|1665961969\n|move|p2a: Landorus|Earthquake|p1a: Dragalge\n|-supereffective|p1a: Dragalge\n|-damage|p1a: Dragalge|0 fnt\n|faint|p1a: Dragalge\n|\n|win|ChandosH\n|raw|njhjj's rating: 1571 &rarr; <strong>1549<\/strong><br \/>(-22 for losing)\n|raw|ChandosH's rating: 1537 &rarr; <strong>1559<\/strong><br \/>(+22 for winning)\n|c|\u2606njhjj|gg\n||Ladder isn't responding, score probably updated but might not have (Request timeout).\n","uploadtime":1665961980,"views":14,"p1id":"njhjj","p2id":"chandosh","formatid":"gen8ou","rating":1549,"private":0,"password":null}