{"id":"gen8ou-1686259282","p1":"TheRayVGC","p2":"quixana","format":"gen8ou","log":"|html|<div class=\"broadcast-blue\"><strong>[Gen 8] OU is currently suspecting Melmetal! For information on how to participate check out the <a href=\"https:\/\/www.smogon.com\/forums\/threads\/np-ss-ou-suspect-process-round-12-monster-mash.3709234\/\">suspect thread<\/a>.<\/strong><\/div>\n|j|\u2606TheRayVGC\n|j|\u2606quixana\n|t:|1665824703\n|gametype|singles\n|player|p1|TheRayVGC|elesa|1727\n|player|p2|quixana|ethan-pokeathlon|1830\n|teamsize|p1|6\n|teamsize|p2|6\n|gen|8\n|tier|[Gen 8] OU\n|rated|\n|rule|Sleep Clause Mod: Limit one foe put to sleep\n|rule|Species Clause: Limit one of each Pok\u00e9mon\n|rule|OHKO Clause: OHKO moves are banned\n|rule|Evasion Items Clause: Evasion items are banned\n|rule|Evasion Moves Clause: Evasion moves are banned\n|rule|Endless Battle Clause: Forcing endless battles is banned\n|rule|HP Percentage Mod: HP is shown in percentages\n|rule|Dynamax Clause: You cannot dynamax\n|clearpoke\n|poke|p1|Venusaur, F|\n|poke|p1|Torkoal, M|\n|poke|p1|Heatran, M|\n|poke|p1|Landorus-Therian, M|\n|poke|p1|Tapu Koko|\n|poke|p1|Weavile, F|\n|poke|p2|Dragapult, M|\n|poke|p2|Rotom-Wash|\n|poke|p2|Landorus-Therian, M|\n|poke|p2|Melmetal|\n|poke|p2|Weavile, M|\n|poke|p2|Kartana|\n|teampreview\n|\n|t:|1665824717\n|start\n|switch|p1a: Tapu Koko|Tapu Koko|100\/100\n|switch|p2a: Phantom|Rotom-Wash, shiny|100\/100\n|-fieldstart|move: Electric Terrain|[from] ability: Electric Surge|[of] p1a: Tapu Koko\n|turn|1\n|\n|t:|1665824723\n|move|p1a: Tapu Koko|Volt Switch|p2a: Phantom\n|-crit|p2a: Phantom\n|-damage|p2a: Phantom|0 fnt\n|faint|p2a: Phantom\n|j| SmartInPhysics\n|\n|t:|1665824727\n|switch|p1a: Torkoal|Torkoal, M|100\/100|[from]move: Volt Switch\n|-weather|SunnyDay|[from] ability: Drought|[of] p1a: Torkoal\n|\n|-weather|SunnyDay|[upkeep]\n|upkeep\n|\n|t:|1665824736\n|switch|p2a: Leviathan|Dragapult, M, shiny|100\/100\n|turn|2\n|\n|t:|1665824743\n|switch|p1a: Landorus|Landorus-Therian, M|100\/100\n|-ability|p1a: Landorus|Intimidate|boost\n|-unboost|p2a: Leviathan|atk|1\n|move|p2a: Leviathan|Shadow Ball|p1a: Landorus\n|-damage|p1a: Landorus|55\/100\n|\n|-weather|SunnyDay|[upkeep]\n|-heal|p1a: Landorus|61\/100|[from] item: Leftovers\n|upkeep\n|turn|3\n|j| Jongruenwald\n|\n|t:|1665824751\n|switch|p2a: Enten|Landorus-Therian, M, shiny|100\/100\n|-ability|p2a: Enten|Intimidate|boost\n|-unboost|p1a: Landorus|atk|1\n|move|p1a: Landorus|Knock Off|p2a: Enten\n|-damage|p2a: Enten|82\/100\n|-enditem|p2a: Enten|Leftovers|[from] move: Knock Off|[of] p1a: Landorus\n|\n|-weather|SunnyDay|[upkeep]\n|-heal|p1a: Landorus|67\/100|[from] item: Leftovers\n|upkeep\n|turn|4\n|\n|t:|1665824754\n|move|p1a: Landorus|U-turn|p2a: Enten\n|-resisted|p2a: Enten\n|-damage|p2a: Enten|76\/100\n|\n|t:|1665824760\n|switch|p1a: Heatran|Heatran, M|100\/100|[from]move: U-turn\n|-item|p1a: Heatran|Air Balloon\n|move|p2a: Enten|Stealth Rock|p1a: Heatran\n|-sidestart|p1: TheRayVGC|move: Stealth Rock\n|\n|-weather|SunnyDay|[upkeep]\n|upkeep\n|turn|5\n|\n|t:|1665824765\n|move|p1a: Heatran|Eruption|p2a: Enten\n|-damage|p2a: Enten|0 fnt\n|faint|p2a: Enten\n|\n|-weather|SunnyDay|[upkeep]\n|-fieldend|move: Electric Terrain\n|upkeep\n|\n|t:|1665824767\n|switch|p2a: Leviathan|Dragapult, M, shiny|100\/100\n|turn|6\n|\n|t:|1665824778\n|move|p2a: Leviathan|Shadow Ball|p1a: Heatran\n|-damage|p1a: Heatran|41\/100\n|-enditem|p1a: Heatran|Air Balloon\n|move|p1a: Heatran|Magma Storm|p2a: Leviathan\n|-resisted|p2a: Leviathan\n|-damage|p2a: Leviathan|43\/100\n|-activate|p2a: Leviathan|move: Magma Storm|[of] p1a: Heatran\n|\n|-weather|SunnyDay|[upkeep]\n|-damage|p2a: Leviathan|30\/100|[from] move: Magma Storm|[partiallytrapped]\n|upkeep\n|turn|7\n|\n|t:|1665824781\n|move|p2a: Leviathan|Shadow Ball|p1a: Heatran\n|-damage|p1a: Heatran|0 fnt\n|faint|p1a: Heatran\n|\n|-weather|SunnyDay|[upkeep]\n|-end|p2a: Leviathan|Magma Storm|[partiallytrapped]|[silent]\n|upkeep\n|\n|t:|1665824785\n|switch|p1a: Venusaur|Venusaur, F|100\/100\n|-damage|p1a: Venusaur|88\/100|[from] Stealth Rock\n|turn|8\n|j| Realm-oReapers \u2661\n|\n|t:|1665824815\n|switch|p2a: Fate|Melmetal, shiny|100\/100\n|move|p1a: Venusaur|Weather Ball|p2a: Fate\n|-supereffective|p2a: Fate\n|-damage|p2a: Fate|0 fnt\n|faint|p2a: Fate\n|-damage|p1a: Venusaur|78\/100|[from] item: Life Orb\n|\n|-weather|none\n|upkeep\n|\n|t:|1665824826\n|switch|p2a: Bandit|Weavile, M, shiny|100\/100\n|-ability|p2a: Bandit|Pressure\n|turn|9\n|\n|t:|1665824836\n|switch|p1a: Landorus|Landorus-Therian, M|67\/100\n|-damage|p1a: Landorus|55\/100|[from] Stealth Rock\n|-ability|p1a: Landorus|Intimidate|boost\n|-unboost|p2a: Bandit|atk|1\n|move|p2a: Bandit|Knock Off|p1a: Landorus\n|-damage|p1a: Landorus|9\/100\n|-enditem|p1a: Landorus|Leftovers|[from] move: Knock Off|[of] p2a: Bandit\n|\n|upkeep\n|turn|10\n|\n|t:|1665824840\n|move|p2a: Bandit|Knock Off|p1a: Landorus\n|-damage|p1a: Landorus|0 fnt\n|faint|p1a: Landorus\n|\n|upkeep\n|\n|t:|1665824845\n|switch|p1a: Tapu Koko|Tapu Koko|100\/100\n|-damage|p1a: Tapu Koko|88\/100|[from] Stealth Rock\n|-fieldstart|move: Electric Terrain|[from] ability: Electric Surge|[of] p1a: Tapu Koko\n|turn|11\n|\n|t:|1665824858\n|move|p1a: Tapu Koko|Volt Switch|p2a: Bandit\n|-damage|p2a: Bandit|24\/100\n|\n|t:|1665824863\n|switch|p1a: Torkoal|Torkoal, M|100\/100|[from]move: Volt Switch\n|-damage|p1a: Torkoal|76\/100|[from] Stealth Rock\n|-weather|SunnyDay|[from] ability: Drought|[of] p1a: Torkoal\n|move|p2a: Bandit|Knock Off|p1a: Torkoal\n|-damage|p1a: Torkoal|45\/100\n|-enditem|p1a: Torkoal|Heat Rock|[from] move: Knock Off|[of] p2a: Bandit\n|\n|-weather|SunnyDay|[upkeep]\n|upkeep\n|turn|12\n|\n|t:|1665824876\n|switch|p2a: Leviathan|Dragapult, M, shiny|30\/100\n|move|p1a: Torkoal|Rapid Spin|p2a: Leviathan\n|-immune|p2a: Leviathan\n|\n|-weather|SunnyDay|[upkeep]\n|upkeep\n|turn|13\n|\n|t:|1665824886\n|switch|p1a: Tapu Koko|Tapu Koko|88\/100\n|-damage|p1a: Tapu Koko|76\/100|[from] Stealth Rock\n|move|p2a: Leviathan|Flamethrower|p1a: Tapu Koko\n|-damage|p1a: Tapu Koko|0 fnt\n|faint|p1a: Tapu Koko\n|\n|-weather|SunnyDay|[upkeep]\n|upkeep\n|\n|t:|1665824888\n|switch|p1a: Venusaur|Venusaur, F|78\/100\n|-damage|p1a: Venusaur|66\/100|[from] Stealth Rock\n|turn|14\n|\n|t:|1665824901\n|move|p1a: Venusaur|Earth Power|p2a: Leviathan\n|-damage|p2a: Leviathan|0 fnt\n|faint|p2a: Leviathan\n|-damage|p1a: Venusaur|56\/100|[from] item: Life Orb\n|\n|-weather|SunnyDay|[upkeep]\n|upkeep\n|\n|t:|1665824904\n|switch|p2a: Bandit|Weavile, M, shiny|24\/100\n|-ability|p2a: Bandit|Pressure\n|turn|15\n|\n|t:|1665824906\n|move|p2a: Bandit|Ice Shard|p1a: Venusaur\n|-supereffective|p1a: Venusaur\n|-damage|p1a: Venusaur|0 fnt\n|faint|p1a: Venusaur\n|\n|-weather|SunnyDay|[upkeep]\n|-fieldend|move: Electric Terrain\n|upkeep\n|\n|t:|1665824910\n|switch|p1a: Weavile|Weavile, F|100\/100\n|-damage|p1a: Weavile|76\/100|[from] Stealth Rock\n|-ability|p1a: Weavile|Pressure\n|turn|16\n|\n|t:|1665824917\n|move|p2a: Bandit|Ice Shard|p1a: Weavile\n|-resisted|p1a: Weavile\n|-damage|p1a: Weavile|51\/100\n|move|p1a: Weavile|Knock Off|p2a: Bandit\n|-resisted|p2a: Bandit\n|-damage|p2a: Bandit|0 fnt\n|-enditem|p2a: Bandit|Choice Band|[from] move: Knock Off|[of] p1a: Weavile\n|faint|p2a: Bandit\n|\n|-weather|SunnyDay|[upkeep]\n|upkeep\n|\n|t:|1665824922\n|switch|p2a: Deathstroke|Kartana, shiny|100\/100\n|turn|17\n|\n|t:|1665824928\n|move|p2a: Deathstroke|Sacred Sword|p1a: Weavile\n|-supereffective|p1a: Weavile\n|-crit|p1a: Weavile\n|-damage|p1a: Weavile|0 fnt\n|faint|p1a: Weavile\n|-ability|p2a: Deathstroke|Beast Boost|boost\n|-boost|p2a: Deathstroke|atk|1\n|\n|-weather|SunnyDay|[upkeep]\n|upkeep\n|\n|t:|1665824930\n|switch|p1a: Torkoal|Torkoal, M|45\/100\n|-damage|p1a: Torkoal|20\/100|[from] Stealth Rock\n|turn|18\n|\n|t:|1665824932\n|move|p2a: Deathstroke|Sacred Sword|p1a: Torkoal\n|-damage|p1a: Torkoal|0 fnt\n|faint|p1a: Torkoal\n|\n|win|quixana\n|raw|TheRayVGC's rating: 1727 &rarr; <strong>1713<\/strong><br \/>(-14 for losing)\n|raw|quixana's rating: 1830 &rarr; <strong>1844<\/strong><br \/>(+14 for winning)\n|l|\u2606TheRayVGC\n|l| SmartInPhysics\n|l| Realm-oReapers \u2661\n|l| Jongruenwald\n||Ladder isn't responding, score probably updated but might not have (Request timeout).\n","uploadtime":1665824936,"views":24,"p1id":"therayvgc","p2id":"quixana","formatid":"gen8ou","rating":1713,"private":0,"password":null}