{"id":"gen8ou-1623738228","p1":"Sww-Suwa","p2":"cogonahorse","format":"gen8ou","log":"|j|\u2606Sww-Suwa\n|j|\u2606cogonahorse\n|inactive|Battle timer is ON: inactive players will automatically lose when time's up.\n|t:|1658611082\n|gametype|singles\n|player|p1|Sww-Suwa|lisia|\n|player|p2|cogonahorse|hilbert-wonderlauncher|\n|teamsize|p1|3\n|teamsize|p2|3\n|gen|8\n|tier|[Gen 8] OU\n|rated|Tournament battle\n|rule|Sleep Clause Mod: Limit one foe put to sleep\n|rule|Species Clause: Limit one of each Pok\u00e9mon\n|rule|OHKO Clause: OHKO moves are banned\n|rule|Evasion Moves Clause: Evasion moves are banned\n|rule|Endless Battle Clause: Forcing endless battles is banned\n|rule|HP Percentage Mod: HP is shown in percentages\n|clearpoke\n|poke|p1|Charizard, M|\n|poke|p1|Venusaur, M|\n|poke|p1|Blastoise, F|\n|poke|p2|Venusaur, M|\n|poke|p2|Charizard, F|\n|poke|p2|Blastoise, F|\n|teampreview\n|j|%ian_yo\n|j|+Pinkacross\n|j|+h moment\n|c|\u2606Sww-Suwa|hf\n|j| yaboiAshK.\n|\n|t:|1658611087\n|start\n|switch|p1a: Blastoise|Blastoise, F|100\/100\n|switch|p2a: Charizard|Charizard, F|100\/100\n|turn|1\n|c|\u2606cogonahorse|hf\n|j| Forwards\n|\n|t:|1658611092\n|detailschange|p2a: Charizard|Charizard-Mega-Y, F\n|-mega|p2a: Charizard|Charizard|Charizardite Y\n|-weather|SunnyDay|[from] ability: Drought|[of] p2a: Charizard\n|detailschange|p1a: Blastoise|Blastoise-Mega, F\n|-mega|p1a: Blastoise|Blastoise|Blastoisinite\n|move|p2a: Charizard|Solar Beam||[still]\n|-prepare|p2a: Charizard|Solar Beam\n|-anim|p2a: Charizard|Solar Beam|p1a: Blastoise\n|-supereffective|p1a: Blastoise\n|-damage|p1a: Blastoise|0 fnt\n|faint|p1a: Blastoise\n|\n|-weather|SunnyDay|[upkeep]\n|upkeep\n|c|\u2606Sww-Suwa|stoise\n|c|\u2606Sww-Suwa|you are\n|c|\u2606Sww-Suwa|so bad\n|c|\u2606Sww-Suwa|dided turn1\n|c|\u2606Sww-Suwa|all 5 games\n|c|\u2606cogonahorse|oof\n|c| yaboiAshK.|lmajgksj\n|\n|t:|1658611109\n|switch|p1a: Charizard|Charizard, M|100\/100\n|turn|2\n|c|+h moment|maybe charizard is just op\n|j| TheNewBrends11@!\n|\n|t:|1658611115\n|move|p1a: Charizard|Ancient Power|p2a: Charizard\n|-supereffective|p2a: Charizard\n|-damage|p2a: Charizard|0 fnt\n|faint|p2a: Charizard\n|\n|-weather|SunnyDay|[upkeep]\n|-damage|p1a: Charizard|88\/100|[from] ability: Solar Power|[of] p1a: Charizard\n|upkeep\n|c| yaboiAshK.|charizard supremacy PURRR\n|\n|t:|1658611120\n|switch|p2a: Venusaur|Venusaur, M|100\/100\n|turn|3\n|\n|t:|1658611125\n|-start|p1a: Charizard|Dynamax|\n|-heal|p1a: Charizard|88\/100|[silent]\n|move|p2a: Venusaur|Sludge Bomb|p1a: Charizard\n|-damage|p1a: Charizard|55\/100\n|-damage|p2a: Venusaur|91\/100|[from] item: Life Orb\n|move|p1a: Charizard|Max Airstream|p2a: Venusaur\n|-supereffective|p2a: Venusaur\n|-damage|p2a: Venusaur|0 fnt\n|-boost|p1a: Charizard|spe|1\n|faint|p2a: Venusaur\n|\n|-weather|SunnyDay|[upkeep]\n|-damage|p1a: Charizard|48\/100|[from] ability: Solar Power|[of] p1a: Charizard\n|upkeep\n|\n|t:|1658611127\n|switch|p2a: Blastoise|Blastoise, F|100\/100\n|turn|4\n|l| Forwards\n|\n|t:|1658611138\n|move|p1a: Charizard|Max Overgrowth|p2a: Blastoise\n|-supereffective|p2a: Blastoise\n|-enditem|p2a: Blastoise|Focus Sash\n|-damage|p2a: Blastoise|1\/100\n|-fieldstart|move: Grassy Terrain\n|move|p2a: Blastoise|Shell Smash|p2a: Blastoise\n|-unboost|p2a: Blastoise|def|1\n|-unboost|p2a: Blastoise|spd|1\n|-boost|p2a: Blastoise|atk|2\n|-boost|p2a: Blastoise|spa|2\n|-boost|p2a: Blastoise|spe|2\n|\n|-weather|SunnyDay|[upkeep]\n|-damage|p1a: Charizard|42\/100|[from] ability: Solar Power|[of] p1a: Charizard\n|-heal|p2a: Blastoise|7\/100|[from] Grassy Terrain\n|upkeep\n|turn|5\n|\n|t:|1658611147\n|-start|p2a: Blastoise|Dynamax|\n|-heal|p2a: Blastoise|7\/100|[silent]\n|move|p2a: Blastoise|Max Geyser|p1a: Charizard\n|-supereffective|p1a: Charizard\n|-damage|p1a: Charizard|0 fnt\n|-weather|RainDance\n|faint|p1a: Charizard\n|\n|-weather|RainDance|[upkeep]\n|-heal|p2a: Blastoise|10\/100|[from] Grassy Terrain\n|upkeep\n|j| o7 CloudyEJ\n|\n|t:|1658611150\n|switch|p1a: Venusaur|Venusaur, M|100\/100\n|turn|6\n|l| o7 CloudyEJ\n|c| yaboiAshK.|oop\n|\n|t:|1658611158\n|move|p2a: Blastoise|Max Hailstorm|p1a: Venusaur\n|-supereffective|p1a: Venusaur\n|-damage|p1a: Venusaur|0 fnt\n|-weather|Hail\n|faint|p1a: Venusaur\n|\n|win|cogonahorse\n|n|\u2606Sww-Suwa|swwsuwa\n|n|\u2606cogonahorse|cogonahorse\n|n| ian_yo|ianyo\n|n| Pinkacross|pinkacross\n|n| h moment|hmoment\n|n| yaboiAshK.|yaboiashk\n|n| TheNewBrends11@!|thenewbrends11\n|c|\u2606Sww-Suwa|what\n|l| yaboiAshK.\n|l| TheNewBrends11\n|c|\u2606Sww-Suwa|ggs\n|c|\u2606cogonahorse|ggs\n|l|\u2606Sww-Suwa\n|l| Pinkacross\n|l| ian_yo\n|j| IceGuysFinishLast\n|j| Forwards\n|l| Forwards\n","uploadtime":1658611159,"views":98,"p1id":"swwsuwa","p2id":"cogonahorse","formatid":"gen8ou","rating":0,"private":0,"password":null}