{"id":"gen8ou-1694843943","p1":"ghecisbestvillain","p2":"Thajester","format":"gen8ou","log":"|html|<div class=\"broadcast-blue\"><strong>[Gen 8] OU is currently suspecting Melmetal! For information on how to participate check out the <a href=\"https:\/\/www.smogon.com\/forums\/threads\/np-ss-ou-suspect-process-round-12-monster-mash.3709234\/\">suspect thread<\/a>.<\/strong><\/div>\n|j|\u2606ghecisbestvillain\n|j|\u2606Thajester\n|t:|1666735625\n|gametype|singles\n|player|p1|ghecisbestvillain|scientist-gen4|1793\n|player|p2|Thajester|1|1804\n|teamsize|p1|6\n|teamsize|p2|6\n|gen|8\n|tier|[Gen 8] OU\n|rated|\n|rule|Sleep Clause Mod: Limit one foe put to sleep\n|rule|Species Clause: Limit one of each Pok\u00e9mon\n|rule|OHKO Clause: OHKO moves are banned\n|rule|Evasion Items Clause: Evasion items are banned\n|rule|Evasion Moves Clause: Evasion moves are banned\n|rule|Endless Battle Clause: Forcing endless battles is banned\n|rule|HP Percentage Mod: HP is shown in percentages\n|rule|Dynamax Clause: You cannot dynamax\n|clearpoke\n|poke|p1|Chansey, F|\n|poke|p1|Toxapex, M|\n|poke|p1|Buzzwole|\n|poke|p1|Landorus-Therian, M|\n|poke|p1|Slowking, M|\n|poke|p1|Clefable, M|\n|poke|p2|Garchomp, F|\n|poke|p2|Scizor, M|\n|poke|p2|Aegislash, M|\n|poke|p2|Dragonite, M|\n|poke|p2|Urshifu-*, F|\n|poke|p2|Zapdos|\n|teampreview\n|inactive|Battle timer is ON: inactive players will automatically lose when time's up. (requested by ghecisbestvillain)\n|\n|t:|1666735666\n|start\n|switch|p1a: Evangelion boring|Landorus-Therian, M|100\/100\n|switch|p2a: Urshifu|Urshifu-Rapid-Strike, F|100\/100\n|-ability|p1a: Evangelion boring|Intimidate|boost\n|-unboost|p2a: Urshifu|atk|1\n|turn|1\n|inactive|Thajester has 120 seconds left.\n|\n|t:|1666735699\n|switch|p1a: Evangelion trashy|Toxapex, M|100\/100\n|move|p2a: Urshifu|U-turn|p1a: Evangelion trashy\n|-resisted|p1a: Evangelion trashy\n|-damage|p1a: Evangelion trashy|96\/100\n|-damage|p2a: Urshifu|84\/100|[from] item: Rocky Helmet|[of] p1a: Evangelion trashy\n|inactive|Thajester has 120 seconds left.\n|\n|t:|1666735708\n|switch|p2a: Zapdos|Zapdos|100\/100|[from]move: U-turn\n|\n|upkeep\n|turn|2\n|\n|t:|1666735724\n|move|p2a: Zapdos|Thunderbolt|p1a: Evangelion trashy\n|-supereffective|p1a: Evangelion trashy\n|-damage|p1a: Evangelion trashy|26\/100\n|move|p1a: Evangelion trashy|Knock Off|p2a: Zapdos\n|-damage|p2a: Zapdos|81\/100\n|-enditem|p2a: Zapdos|Heavy-Duty Boots|[from] move: Knock Off|[of] p1a: Evangelion trashy\n|\n|upkeep\n|turn|3\n|\n|t:|1666735732\n|switch|p1a: One Piece shitty|Slowking, M|100\/100\n|move|p2a: Zapdos|Hurricane|p1a: One Piece shitty\n|-damage|p1a: One Piece shitty|79\/100\n|\n|upkeep\n|turn|4\n|\n|t:|1666735739\n|move|p2a: Zapdos|Thunderbolt|p1a: One Piece shitty\n|-supereffective|p1a: One Piece shitty\n|-damage|p1a: One Piece shitty|43\/100\n|move|p1a: One Piece shitty|Future Sight|p2a: Zapdos\n|-start|p1a: One Piece shitty|move: Future Sight\n|\n|upkeep\n|turn|5\n|\n|t:|1666735744\n|switch|p1a: HXH is overrated|Chansey, F|100\/100\n|move|p2a: Zapdos|Volt Switch|p1a: HXH is overrated\n|-damage|p1a: HXH is overrated|90\/100\n|\n|t:|1666735749\n|switch|p2a: Scizor|Scizor, M|100\/100|[from]move: Volt Switch\n|\n|upkeep\n|turn|6\n|\n|t:|1666735754\n|switch|p1a: Evangelion boring|Landorus-Therian, M|100\/100\n|-ability|p1a: Evangelion boring|Intimidate|boost\n|-unboost|p2a: Scizor|atk|1\n|move|p2a: Scizor|U-turn|p1a: Evangelion boring\n|-resisted|p1a: Evangelion boring\n|-damage|p1a: Evangelion boring|85\/100\n|\n|t:|1666735763\n|switch|p2a: Urshifu|Urshifu-Rapid-Strike, F|84\/100|[from]move: U-turn\n|\n|-end|p2a: Urshifu|move: Future Sight\n|-supereffective|p2a: Urshifu\n|-damage|p2a: Urshifu|0 fnt\n|faint|p2a: Urshifu\n|-heal|p1a: Evangelion boring|92\/100|[from] item: Leftovers\n|upkeep\n|\n|t:|1666735775\n|switch|p2a: Dragonite|Dragonite, M|100\/100\n|turn|7\n|\n|t:|1666735802\n|switch|p1a: HXH is overrated|Chansey, F|90\/100\n|move|p2a: Dragonite|Dragon Dance|p2a: Dragonite\n|-boost|p2a: Dragonite|atk|1\n|-boost|p2a: Dragonite|spe|1\n|\n|upkeep\n|turn|8\n|\n|t:|1666735812\n|move|p2a: Dragonite|Earthquake|p1a: HXH is overrated\n|-damage|p1a: HXH is overrated|47\/100\n|move|p1a: HXH is overrated|Stealth Rock|p2a: Dragonite\n|-sidestart|p2: Thajester|move: Stealth Rock\n|\n|upkeep\n|turn|9\n|j| Jongruenwald\n|j| fyiulgji\n|\n|t:|1666735819\n|switch|p1a: Evangelion boring|Landorus-Therian, M|92\/100\n|-ability|p1a: Evangelion boring|Intimidate|boost\n|-unboost|p2a: Dragonite|atk|1\n|move|p2a: Dragonite|Outrage|p1a: Evangelion boring\n|-crit|p1a: Evangelion boring\n|-damage|p1a: Evangelion boring|23\/100\n|\n|-heal|p1a: Evangelion boring|29\/100|[from] item: Leftovers\n|upkeep\n|turn|10\n|\n|t:|1666735829\n|switch|p1a: Naruto garbage|Clefable, M|100\/100\n|move|p2a: Dragonite|Outrage|p1a: Naruto garbage|[from]lockedmove\n|-immune|p1a: Naruto garbage\n|-start|p2a: Dragonite|confusion|[fatigue]\n|\n|upkeep\n|turn|11\n|\n|t:|1666735837\n|switch|p2a: Aegislash|Aegislash, M|100\/100\n|-damage|p2a: Aegislash|94\/100|[from] Stealth Rock\n|move|p1a: Naruto garbage|Moonblast|p2a: Aegislash\n|-resisted|p2a: Aegislash\n|-damage|p2a: Aegislash|78\/100\n|\n|upkeep\n|turn|12\n|j| Panfles\n|\n|t:|1666735852\n|switch|p1a: One Piece shitty|Slowking, M|76\/100\n|-formechange|p2a: Aegislash|Aegislash-Blade||[from] ability: Stance Change\n|move|p2a: Aegislash|Shadow Ball|p1a: One Piece shitty\n|-supereffective|p1a: One Piece shitty\n|-damage|p1a: One Piece shitty|30\/100\n|-damage|p2a: Aegislash|68\/100|[from] item: Life Orb\n|\n|upkeep\n|turn|13\n|\n|t:|1666735861\n|switch|p1a: Evangelion trashy|Toxapex, M|59\/100\n|move|p2a: Aegislash|Shadow Ball|p1a: Evangelion trashy\n|-damage|p1a: Evangelion trashy|13\/100\n|-damage|p2a: Aegislash|58\/100|[from] item: Life Orb\n|\n|upkeep\n|turn|14\n|\n|t:|1666735869\n|switch|p1a: Evangelion boring|Landorus-Therian, M|29\/100\n|-ability|p1a: Evangelion boring|Intimidate|boost\n|-unboost|p2a: Aegislash|atk|1\n|move|p2a: Aegislash|Close Combat|p1a: Evangelion boring\n|-resisted|p1a: Evangelion boring\n|-damage|p1a: Evangelion boring|17\/100\n|-unboost|p2a: Aegislash|def|1\n|-unboost|p2a: Aegislash|spd|1\n|-damage|p2a: Aegislash|48\/100|[from] item: Life Orb\n|\n|-heal|p1a: Evangelion boring|23\/100|[from] item: Leftovers\n|upkeep\n|turn|15\n|\n|t:|1666735882\n|switch|p1a: Naruto garbage|Clefable, M|100\/100\n|move|p2a: Aegislash|Shadow Ball|p1a: Naruto garbage\n|-damage|p1a: Naruto garbage|62\/100\n|-damage|p2a: Aegislash|38\/100|[from] item: Life Orb\n|\n|-heal|p1a: Naruto garbage|68\/100|[from] item: Leftovers\n|upkeep\n|turn|16\n|\n|t:|1666735892\n|switch|p1a: Evangelion trashy|Toxapex, M|46\/100\n|move|p2a: Aegislash|Flash Cannon|p1a: Evangelion trashy\n|-resisted|p1a: Evangelion trashy\n|-crit|p1a: Evangelion trashy\n|-damage|p1a: Evangelion trashy|10\/100\n|-damage|p2a: Aegislash|28\/100|[from] item: Life Orb\n|\n|upkeep\n|turn|17\n|\n|t:|1666735899\n|switch|p1a: HXH is overrated|Chansey, F|47\/100\n|move|p2a: Aegislash|Flash Cannon|p1a: HXH is overrated\n|-damage|p1a: HXH is overrated|30\/100\n|-damage|p2a: Aegislash|19\/100|[from] item: Life Orb\n|\n|upkeep\n|turn|18\n|\n|t:|1666735907\n|switch|p1a: Evangelion trashy|Toxapex, M|44\/100\n|move|p2a: Aegislash|Close Combat|p1a: Evangelion trashy\n|-resisted|p1a: Evangelion trashy\n|-damage|p1a: Evangelion trashy|34\/100\n|-unboost|p2a: Aegislash|def|1\n|-unboost|p2a: Aegislash|spd|1\n|-damage|p2a: Aegislash|2\/100|[from] item: Rocky Helmet|[of] p1a: Evangelion trashy\n|-damage|p2a: Aegislash|0 fnt|[from] item: Life Orb\n|faint|p2a: Aegislash\n|\n|upkeep\n|\n|t:|1666735918\n|switch|p2a: Zapdos|Zapdos|81\/100\n|-damage|p2a: Zapdos|57\/100|[from] Stealth Rock\n|turn|19\n|\n|t:|1666735922\n|switch|p1a: HXH is overrated|Chansey, F|30\/100\n|move|p2a: Zapdos|Volt Switch|p1a: HXH is overrated\n|-damage|p1a: HXH is overrated|19\/100\n|\n|t:|1666735928\n|switch|p2a: Scizor|Scizor, M|100\/100|[from]move: Volt Switch\n|-damage|p2a: Scizor|88\/100|[from] Stealth Rock\n|\n|upkeep\n|turn|20\n|j| Renigni\n|\n|t:|1666735933\n|switch|p1a: Evangelion trashy|Toxapex, M|67\/100\n|move|p2a: Scizor|Knock Off|p1a: Evangelion trashy\n|-damage|p1a: Evangelion trashy|35\/100\n|-damage|p2a: Scizor|72\/100|[from] item: Rocky Helmet|[of] p1a: Evangelion trashy\n|-enditem|p1a: Evangelion trashy|Rocky Helmet|[from] move: Knock Off|[of] p2a: Scizor\n|\n|upkeep\n|turn|21\n|\n|t:|1666735942\n|switch|p2a: Garchomp|Garchomp, F|100\/100\n|-damage|p2a: Garchomp|94\/100|[from] Stealth Rock\n|move|p1a: Evangelion trashy|Recover|p1a: Evangelion trashy\n|-heal|p1a: Evangelion trashy|86\/100\n|\n|upkeep\n|turn|22\n|\n|t:|1666735949\n|switch|p1a: DB Super shoddy|Buzzwole|100\/100\n|move|p2a: Garchomp|Stealth Rock|p1a: DB Super shoddy\n|-sidestart|p1: ghecisbestvillain|move: Stealth Rock\n|\n|upkeep\n|turn|23\n|\n|t:|1666735954\n|move|p2a: Garchomp|Toxic|p1a: DB Super shoddy\n|-status|p1a: DB Super shoddy|tox\n|move|p1a: DB Super shoddy|Toxic|p2a: Garchomp\n|-status|p2a: Garchomp|tox\n|\n|-damage|p2a: Garchomp|88\/100 tox|[from] psn\n|-damage|p1a: DB Super shoddy|94\/100 tox|[from] psn\n|upkeep\n|turn|24\n|\n|t:|1666735963\n|switch|p1a: One Piece shitty|Slowking, M|63\/100\n|-damage|p1a: One Piece shitty|51\/100|[from] Stealth Rock\n|move|p2a: Garchomp|Fire Blast|p1a: One Piece shitty\n|-resisted|p1a: One Piece shitty\n|-damage|p1a: One Piece shitty|47\/100\n|\n|-damage|p2a: Garchomp|76\/100 tox|[from] psn\n|upkeep\n|turn|25\n|\n|t:|1666735974\n|switch|p1a: Evangelion boring|Landorus-Therian, M|23\/100\n|-damage|p1a: Evangelion boring|11\/100|[from] Stealth Rock\n|-ability|p1a: Evangelion boring|Intimidate|boost\n|-unboost|p2a: Garchomp|atk|1\n|move|p2a: Garchomp|Earthquake|p1a: Evangelion boring\n|-immune|p1a: Evangelion boring\n|\n|-heal|p1a: Evangelion boring|17\/100|[from] item: Leftovers\n|-damage|p2a: Garchomp|57\/100 tox|[from] psn\n|upkeep\n|turn|26\n|\n|t:|1666735986\n|switch|p1a: Evangelion trashy|Toxapex, M|100\/100\n|-damage|p1a: Evangelion trashy|88\/100|[from] Stealth Rock\n|move|p2a: Garchomp|Fire Blast|p1a: Evangelion trashy\n|-resisted|p1a: Evangelion trashy\n|-damage|p1a: Evangelion trashy|80\/100\n|\n|-damage|p2a: Garchomp|32\/100 tox|[from] psn\n|upkeep\n|turn|27\n|\n|t:|1666735996\n|move|p2a: Garchomp|Earthquake|p1a: Evangelion trashy\n|-supereffective|p1a: Evangelion trashy\n|-damage|p1a: Evangelion trashy|45\/100\n|move|p1a: Evangelion trashy|Recover|p1a: Evangelion trashy\n|-heal|p1a: Evangelion trashy|96\/100\n|\n|-damage|p2a: Garchomp|1\/100 tox|[from] psn\n|upkeep\n|turn|28\n|\n|t:|1666736004\n|move|p2a: Garchomp|Earthquake|p1a: Evangelion trashy\n|-supereffective|p1a: Evangelion trashy\n|-damage|p1a: Evangelion trashy|57\/100\n|move|p1a: Evangelion trashy|Recover|p1a: Evangelion trashy\n|-heal|p1a: Evangelion trashy|100\/100\n|\n|-damage|p2a: Garchomp|0 fnt|[from] psn\n|faint|p2a: Garchomp\n|upkeep\n|\n|t:|1666736013\n|switch|p2a: Zapdos|Zapdos|57\/100\n|-damage|p2a: Zapdos|32\/100|[from] Stealth Rock\n|turn|29\n|\n|t:|1666736018\n|switch|p1a: HXH is overrated|Chansey, F|19\/100\n|-damage|p1a: HXH is overrated|7\/100|[from] Stealth Rock\n|move|p2a: Zapdos|Defog|p1a: HXH is overrated\n|-unboost|p1a: HXH is overrated|evasion|1\n|-sideend|p1: ghecisbestvillain|Stealth Rock|[from] move: Defog|[of] p2a: Zapdos\n|-sideend|p2: Thajester|Stealth Rock|[from] move: Defog|[of] p2a: Zapdos\n|\n|upkeep\n|turn|30\n|\n|t:|1666736029\n|move|p2a: Zapdos|Thunderbolt|p1a: HXH is overrated\n|-damage|p1a: HXH is overrated|0 fnt\n|faint|p1a: HXH is overrated\n|\n|upkeep\n|\n|t:|1666736038\n|switch|p1a: One Piece shitty|Slowking, M|80\/100\n|turn|31\n|\n|t:|1666736041\n|move|p2a: Zapdos|Volt Switch|p1a: One Piece shitty\n|-supereffective|p1a: One Piece shitty\n|-damage|p1a: One Piece shitty|48\/100\n|\n|t:|1666736044\n|switch|p2a: Scizor|Scizor, M|72\/100|[from]move: Volt Switch\n|move|p1a: One Piece shitty|Future Sight|p2a: Scizor\n|-start|p1a: One Piece shitty|move: Future Sight\n|\n|upkeep\n|turn|32\n|\n|t:|1666736051\n|switch|p1a: Evangelion trashy|Toxapex, M|100\/100\n|move|p2a: Scizor|U-turn|p1a: Evangelion trashy\n|-resisted|p1a: Evangelion trashy\n|-damage|p1a: Evangelion trashy|82\/100\n|\n|t:|1666736057\n|switch|p2a: Zapdos|Zapdos|32\/100|[from]move: U-turn\n|\n|upkeep\n|turn|33\n|\n|t:|1666736073\n|switch|p1a: One Piece shitty|Slowking, M|82\/100\n|move|p2a: Zapdos|Volt Switch|p1a: One Piece shitty\n|-supereffective|p1a: One Piece shitty\n|-damage|p1a: One Piece shitty|51\/100\n|\n|t:|1666736079\n|switch|p2a: Scizor|Scizor, M|72\/100|[from]move: Volt Switch\n|\n|-end|p2a: Scizor|move: Future Sight\n|-resisted|p2a: Scizor\n|-damage|p2a: Scizor|39\/100\n|upkeep\n|turn|34\n|\n|t:|1666736086\n|switch|p1a: Evangelion trashy|Toxapex, M|100\/100\n|move|p2a: Scizor|U-turn|p1a: Evangelion trashy\n|-resisted|p1a: Evangelion trashy\n|-damage|p1a: Evangelion trashy|82\/100\n|\n|t:|1666736108\n|switch|p2a: Zapdos|Zapdos|32\/100|[from]move: U-turn\n|\n|upkeep\n|turn|35\n|\n|t:|1666736128\n|switch|p1a: One Piece shitty|Slowking, M|84\/100\n|move|p2a: Zapdos|Thunderbolt|p1a: One Piece shitty\n|-supereffective|p1a: One Piece shitty\n|-damage|p1a: One Piece shitty|49\/100\n|\n|upkeep\n|turn|36\n|\n|t:|1666736135\n|switch|p2a: Scizor|Scizor, M|39\/100\n|move|p1a: One Piece shitty|Flamethrower|p2a: Scizor\n|-supereffective|p2a: Scizor\n|-damage|p2a: Scizor|0 fnt\n|faint|p2a: Scizor\n|\n|upkeep\n|\n|t:|1666736143\n|switch|p2a: Dragonite|Dragonite, M|100\/100\n|turn|37\n|\n|t:|1666736146\n|move|p2a: Dragonite|Dragon Dance|p2a: Dragonite\n|-boost|p2a: Dragonite|atk|1\n|-boost|p2a: Dragonite|spe|1\n|move|p1a: One Piece shitty|Ice Beam|p2a: Dragonite\n|-supereffective|p2a: Dragonite\n|-damage|p2a: Dragonite|53\/100\n|\n|upkeep\n|turn|38\n|\n|t:|1666736156\n|switch|p1a: Evangelion trashy|Toxapex, M|100\/100\n|move|p2a: Dragonite|Earthquake|p1a: Evangelion trashy\n|-supereffective|p1a: Evangelion trashy\n|-damage|p1a: Evangelion trashy|26\/100\n|\n|upkeep\n|turn|39\n|\n|t:|1666736166\n|switch|p1a: Evangelion boring|Landorus-Therian, M|17\/100\n|-ability|p1a: Evangelion boring|Intimidate|boost\n|-unboost|p2a: Dragonite|atk|1\n|move|p2a: Dragonite|Extreme Speed|p1a: Evangelion boring\n|-crit|p1a: Evangelion boring\n|-damage|p1a: Evangelion boring|0 fnt\n|faint|p1a: Evangelion boring\n|\n|upkeep\n|\n|t:|1666736174\n|switch|p1a: Naruto garbage|Clefable, M|68\/100\n|turn|40\n|\n|t:|1666736178\n|move|p2a: Dragonite|Earthquake|p1a: Naruto garbage\n|-damage|p1a: Naruto garbage|26\/100\n|move|p1a: Naruto garbage|Moonblast|p2a: Dragonite\n|-supereffective|p2a: Dragonite\n|-damage|p2a: Dragonite|0 fnt\n|faint|p2a: Dragonite\n|\n|-heal|p1a: Naruto garbage|32\/100|[from] item: Leftovers\n|upkeep\n|\n|t:|1666736187\n|switch|p2a: Zapdos|Zapdos|32\/100\n|turn|41\n|\n|t:|1666736191\n|move|p2a: Zapdos|Thunderbolt|p1a: Naruto garbage\n|-damage|p1a: Naruto garbage|0 fnt\n|faint|p1a: Naruto garbage\n|\n|upkeep\n|\n|t:|1666736195\n|switch|p1a: One Piece shitty|Slowking, M|83\/100\n|turn|42\n|\n|t:|1666736200\n|move|p2a: Zapdos|Hurricane|p1a: One Piece shitty\n|-damage|p1a: One Piece shitty|60\/100\n|move|p1a: One Piece shitty|Future Sight|p2a: Zapdos\n|-start|p1a: One Piece shitty|move: Future Sight\n|\n|upkeep\n|turn|43\n|\n|t:|1666736206\n|switch|p1a: Evangelion trashy|Toxapex, M|59\/100\n|move|p2a: Zapdos|Thunderbolt|p1a: Evangelion trashy\n|-supereffective|p1a: Evangelion trashy\n|-damage|p1a: Evangelion trashy|0 fnt\n|faint|p1a: Evangelion trashy\n|\n|upkeep\n|\n|t:|1666736212\n|switch|p1a: One Piece shitty|Slowking, M|94\/100\n|turn|44\n|\n|t:|1666736217\n|move|p2a: Zapdos|Hurricane|p1a: One Piece shitty\n|-damage|p1a: One Piece shitty|69\/100\n|-start|p1a: One Piece shitty|confusion\n|-activate|p1a: One Piece shitty|confusion\n|move|p1a: One Piece shitty|Ice Beam|p2a: Zapdos\n|-supereffective|p2a: Zapdos\n|-damage|p2a: Zapdos|0 fnt\n|faint|p2a: Zapdos\n|\n|win|ghecisbestvillain\n|raw|ghecisbestvillain's rating: 1793 &rarr; <strong>1814<\/strong><br \/>(+21 for winning)\n|raw|Thajester's rating: 1804 &rarr; <strong>1783<\/strong><br \/>(-21 for losing)\n|l|\u2606ghecisbestvillain\n|l|\u2606Thajester\n|l| Renigni\n|l| Jongruenwald\n||Ladder isn't responding, score probably updated but might not have (Request timeout).\n|l| fyiulgji\n","uploadtime":1666736463,"views":10,"p1id":"ghecisbestvillain","p2id":"thajester","formatid":"gen8ou","rating":1783,"private":0,"password":null}