{"id":"gen8ou-1291141073","p1":"AJ\u222fBolt\u222fHJ\u222f","p2":"Kazt_5","format":"gen8ou","log":"|j|\u2606AJ\u222fBolt\u222fHJ\u222f\n|j|\u2606Kazt_5\n|inactive|Battle timer is ON: inactive players will automatically lose when time's up.\n|t:|1614463119\n|player|p1|AJ\u222fBolt\u222fHJ\u222f|gladion|\n|player|p2|Kazt_5|dawn|\n|teamsize|p1|6\n|teamsize|p2|6\n|gametype|singles\n|gen|8\n|tier|[Gen 8] OU\n|rated|Tournament battle\n|clearpoke\n|poke|p1|Electivire, M|\n|poke|p1|Lucario, M|\n|poke|p1|Zoroark, F|\n|poke|p1|Lycanroc-Dusk, M|\n|poke|p1|Salamence, M|\n|poke|p1|Gengar, M|\n|poke|p2|Tapu Lele|\n|poke|p2|Slowking-Galar, M|\n|poke|p2|Urshifu-*, F|\n|poke|p2|Corviknight, M|\n|poke|p2|Dragapult, F|\n|poke|p2|Swampert, M|\n|rule|Sleep Clause Mod: Limit one foe put to sleep\n|rule|Species Clause: Limit one of each Pok\u00e9mon\n|rule|OHKO Clause: OHKO moves are banned\n|rule|Evasion Moves Clause: Evasion moves are banned\n|rule|Endless Battle Clause: Forcing endless battles is banned\n|rule|HP Percentage Mod: HP is shown in percentages\n|rule|Dynamax Clause: You cannot dynamax\n|teampreview\n|j| ScruffyNerfHerdier\n|c|\u2606Kazt_5|cursed name\n|c|\u2606Kazt_5|hf\n|inactive|Kazt_5 has 120 seconds left.\n|c|\u2606AJ\u222fBolt\u222fHJ\u222f|u2\n|c|\u2606Kazt_5|fuck this isnt the team i wanted to use\n|j| GreaterPlays\n|inactive|AJ\u222fBolt\u222fHJ\u222f has 120 seconds left.\n|l|\u2606Kazt_5\n|inactive|Kazt_5 disconnected and has a minute to reconnect!\n|player|p2|\n|\n|t:|1614463179\n|start\n|switch|p1a: Electro Bolt|Electivire, M|100\/100\n|switch|p2a: Dragapult|Dragapult, F|100\/100\n|turn|1\n|j|\u2606Kazt_5\n|inactive|Kazt_5 reconnected and has 145 seconds left.\n|player|p2|Kazt_5|dawn\n|\n|t:|1614463197\n|move|p2a: Dragapult|U-turn|p1a: Electro Bolt\n|-supereffective|p1a: Electro Bolt\n|-damage|p1a: Electro Bolt|6\/100\n|replace|p1a: Night Shadow|Zoroark, F\n|-end|p1a: Night Shadow|Illusion\n|\n|t:|1614463203\n|switch|p2a: Swampert|Swampert, M|100\/100|[from]move: U-turn\n|move|p1a: Night Shadow|Night Daze|p2a: Swampert\n|-damage|p2a: Swampert|63\/100\n|-unboost|p2a: Swampert|accuracy|1\n|-damage|p1a: Night Shadow|0 fnt|[from] item: Life Orb\n|faint|p1a: Night Shadow\n|\n|-heal|p2a: Swampert|69\/100|[from] item: Leftovers\n|upkeep\n|j| Pepinilloroxo\n|\n|t:|1614463223\n|switch|p1a: Dragon Meteor|Salamence, M|100\/100\n|turn|2\n|\n|t:|1614463234\n|switch|p2a: Dragapult|Dragapult, F|100\/100\n|move|p1a: Dragon Meteor|Dragon Claw|p2a: Dragapult\n|-supereffective|p2a: Dragapult\n|-damage|p2a: Dragapult|0 fnt\n|faint|p2a: Dragapult\n|-ability|p1a: Dragon Meteor|Moxie|boost\n|-boost|p1a: Dragon Meteor|atk|1\n|\n|upkeep\n|\n|t:|1614463239\n|switch|p2a: Swampert|Swampert, M|69\/100\n|turn|3\n|\n|t:|1614463248\n|move|p1a: Dragon Meteor|Dragon Claw|p2a: Swampert\n|-damage|p2a: Swampert|6\/100\n|move|p2a: Swampert|Toxic|p1a: Dragon Meteor\n|-status|p1a: Dragon Meteor|tox\n|\n|-heal|p2a: Swampert|12\/100|[from] item: Leftovers\n|-damage|p1a: Dragon Meteor|94\/100 tox|[from] psn\n|upkeep\n|turn|4\n|\n|t:|1614463261\n|switch|p2a: Corviknight|Corviknight, M|100\/100\n|-ability|p2a: Corviknight|Pressure\n|move|p1a: Dragon Meteor|Earthquake|p2a: Corviknight\n|-immune|p2a: Corviknight\n|\n|-heal|p1a: Dragon Meteor|100\/100 tox|[from] item: Leftovers\n|-damage|p1a: Dragon Meteor|88\/100 tox|[from] psn\n|upkeep\n|turn|5\n|\n|t:|1614463271\n|switch|p1a: Lycan Edge|Lycanroc-Dusk, M|100\/100\n|move|p2a: Corviknight|Brave Bird|p1a: Lycan Edge\n|-resisted|p1a: Lycan Edge\n|-damage|p1a: Lycan Edge|68\/100\n|-damage|p2a: Corviknight|93\/100|[from] Recoil\n|\n|upkeep\n|turn|6\n|\n|t:|1614463281\n|move|p1a: Lycan Edge|Close Combat|p2a: Corviknight\n|-damage|p2a: Corviknight|52\/100\n|-unboost|p1a: Lycan Edge|def|1\n|-unboost|p1a: Lycan Edge|spd|1\n|-damage|p1a: Lycan Edge|51\/100|[from] item: Rocky Helmet|[of] p2a: Corviknight\n|-damage|p1a: Lycan Edge|41\/100|[from] item: Life Orb\n|move|p2a: Corviknight|U-turn|p1a: Lycan Edge\n|-damage|p1a: Lycan Edge|7\/100\n|\n|t:|1614463290\n|switch|p2a: Urshifu|Urshifu-Rapid-Strike, F|100\/100|[from]move: U-turn\n|\n|upkeep\n|turn|7\n|\n|t:|1614463300\n|move|p2a: Urshifu|Aqua Jet|p1a: Lycan Edge\n|-supereffective|p1a: Lycan Edge\n|-damage|p1a: Lycan Edge|0 fnt\n|faint|p1a: Lycan Edge\n|\n|upkeep\n|\n|t:|1614463307\n|switch|p1a: Dragon Meteor|Salamence, M|88\/100 tox\n|turn|8\n|\n|t:|1614463311\n|switch|p2a: Corviknight|Corviknight, M|52\/100\n|-ability|p2a: Corviknight|Pressure\n|move|p1a: Dragon Meteor|Dragon Claw|p2a: Corviknight\n|-resisted|p2a: Corviknight\n|-damage|p2a: Corviknight|40\/100\n|-damage|p1a: Dragon Meteor|72\/100 tox|[from] item: Rocky Helmet|[of] p2a: Corviknight\n|\n|-heal|p1a: Dragon Meteor|78\/100 tox|[from] item: Leftovers\n|-damage|p1a: Dragon Meteor|72\/100 tox|[from] psn\n|upkeep\n|turn|9\n|\n|t:|1614463315\n|switch|p1a: Cario|Lucario, M|100\/100\n|move|p2a: Corviknight|Roost|p2a: Corviknight\n|-heal|p2a: Corviknight|90\/100\n|-singleturn|p2a: Corviknight|move: Roost\n|\n|upkeep\n|turn|10\n|\n|t:|1614463320\n|move|p1a: Cario|Aura Sphere|p2a: Corviknight\n|-damage|p2a: Corviknight|48\/100\n|-damage|p1a: Cario|91\/100|[from] item: Life Orb\n|move|p2a: Corviknight|U-turn|p1a: Cario\n|-resisted|p1a: Cario\n|-damage|p1a: Cario|83\/100\n|\n|t:|1614463327\n|switch|p2a: Urshifu|Urshifu-Rapid-Strike, F|100\/100|[from]move: U-turn\n|\n|upkeep\n|turn|11\n|\n|t:|1614463331\n|switch|p1a: Dragon Meteor|Salamence, M|72\/100 tox\n|move|p2a: Urshifu|Surging Strikes|p1a: Dragon Meteor\n|-resisted|p1a: Dragon Meteor\n|-crit|p1a: Dragon Meteor\n|-damage|p1a: Dragon Meteor|54\/100 tox\n|-resisted|p1a: Dragon Meteor\n|-crit|p1a: Dragon Meteor\n|-damage|p1a: Dragon Meteor|37\/100 tox\n|-resisted|p1a: Dragon Meteor\n|-crit|p1a: Dragon Meteor\n|-damage|p1a: Dragon Meteor|20\/100 tox\n|-hitcount|p1a: Dragon Meteor|3\n|\n|-heal|p1a: Dragon Meteor|26\/100 tox|[from] item: Leftovers\n|-damage|p1a: Dragon Meteor|20\/100 tox|[from] psn\n|upkeep\n|turn|12\n|\n|t:|1614463339\n|switch|p2a: Corviknight|Corviknight, M|48\/100\n|-ability|p2a: Corviknight|Pressure\n|move|p1a: Dragon Meteor|Dragon Claw|p2a: Corviknight\n|-resisted|p2a: Corviknight\n|-damage|p2a: Corviknight|35\/100\n|-damage|p1a: Dragon Meteor|3\/100 tox|[from] item: Rocky Helmet|[of] p2a: Corviknight\n|\n|-heal|p1a: Dragon Meteor|9\/100 tox|[from] item: Leftovers\n|-damage|p1a: Dragon Meteor|0 fnt|[from] psn\n|faint|p1a: Dragon Meteor\n|upkeep\n|\n|t:|1614463344\n|switch|p1a: Shadow Ghost|Gengar, M|100\/100\n|turn|13\n|\n|t:|1614463355\n|move|p1a: Shadow Ghost|Shadow Ball|p2a: Corviknight\n|-damage|p2a: Corviknight|0 fnt\n|-damage|p1a: Shadow Ghost|91\/100|[from] item: Life Orb\n|faint|p2a: Corviknight\n|\n|upkeep\n|\n|t:|1614463368\n|switch|p2a: Slowking|Slowking-Galar, M|100\/100\n|turn|14\n|\n|t:|1614463374\n|switch|p1a: Cario|Lucario, M|83\/100\n|move|p2a: Slowking|Future Sight|p1a: Cario\n|-start|p2a: Slowking|move: Future Sight\n|\n|upkeep\n|turn|15\n|l| GreaterPlays\n|\n|t:|1614463387\n|switch|p2a: Swampert|Swampert, M|12\/100\n|move|p1a: Cario|Earthquake|p2a: Swampert\n|-damage|p2a: Swampert|0 fnt\n|-damage|p1a: Cario|73\/100|[from] item: Life Orb\n|faint|p2a: Swampert\n|\n|upkeep\n|\n|t:|1614463391\n|switch|p2a: Urshifu|Urshifu-Rapid-Strike, F|100\/100\n|turn|16\n|\n|t:|1614463394\n|move|p2a: Urshifu|Surging Strikes|p1a: Cario\n|-crit|p1a: Cario\n|-damage|p1a: Cario|18\/100\n|-crit|p1a: Cario\n|-damage|p1a: Cario|0 fnt\n|-hitcount|p1a: Cario|2\n|faint|p1a: Cario\n|\n|-hint|Future Sight did not hit because the target is fainted.\n|upkeep\n|\n|t:|1614463401\n|switch|p1a: Shadow Ghost|Gengar, M|91\/100\n|turn|17\n|inactive|Kazt_5 has 120 seconds left.\n|\n|t:|1614463443\n|move|p1a: Shadow Ghost|Thunderbolt|p2a: Urshifu\n|-supereffective|p2a: Urshifu\n|-damage|p2a: Urshifu|0 fnt\n|-damage|p1a: Shadow Ghost|81\/100|[from] item: Life Orb\n|faint|p2a: Urshifu\n|\n|upkeep\n|\n|t:|1614463453\n|switch|p2a: Slowking|Slowking-Galar, M|100\/100\n|turn|18\n|\n|t:|1614463461\n|move|p1a: Shadow Ghost|Shadow Ball|p2a: Slowking\n|-supereffective|p2a: Slowking\n|-damage|p2a: Slowking|48\/100\n|-unboost|p2a: Slowking|spd|1\n|-damage|p1a: Shadow Ghost|71\/100|[from] item: Life Orb\n|move|p2a: Slowking|Surf|p1a: Shadow Ghost\n|-crit|p1a: Shadow Ghost\n|-damage|p1a: Shadow Ghost|0 fnt\n|-start|p2a: Slowking|Disable|Surf|[from] ability: Cursed Body|[of] p1a: Shadow Ghost\n|faint|p1a: Shadow Ghost\n|\n|upkeep\n|\n|t:|1614463468\n|switch|p1a: Electro Bolt|Electivire, M|100\/100\n|turn|19\n|\n|t:|1614463472\n|move|p1a: Electro Bolt|Wild Charge|p2a: Slowking\n|-damage|p2a: Slowking|0 fnt\n|-damage|p1a: Electro Bolt|86\/100|[from] Recoil\n|-damage|p1a: Electro Bolt|76\/100|[from] item: Life Orb\n|faint|p2a: Slowking\n|\n|upkeep\n|\n|t:|1614463476\n|switch|p2a: Tapu Lele|Tapu Lele|100\/100\n|-fieldstart|move: Psychic Terrain|[from] ability: Psychic Surge|[of] p2a: Tapu Lele\n|turn|20\n|c|\u2606AJ\u222fBolt\u222fHJ\u222f|gg\n|inactive|Kazt_5 has 120 seconds left.\n|l| ScruffyNerfHerdier\n|\n|t:|1614463516\n|move|p2a: Tapu Lele|Psyshock|p1a: Electro Bolt\n|-damage|p1a: Electro Bolt|0 fnt\n|faint|p1a: Electro Bolt\n|\n|win|Kazt_5\n|n|\u2606AJ\u222fBolt\u222fHJ\u222f|ajbolthj\n|n|\u2606Kazt_5|kazt5\n|n| Pepinilloroxo|pepinilloroxo\n|c|\u2606Kazt_5|gg\n|l|\u2606Kazt_5\n","uploadtime":1614463544,"views":31,"p1id":"ajbolthj","p2id":"kazt5","formatid":"gen8ou","rating":0,"private":0,"password":null}