{"id":"gen8ou-1616437098","p1":"Ohmboy Tesla","p2":"teamskullenoxa","format":"gen8ou","log":"|j|\u2606Ohmboy Tesla\n|j|\u2606teamskullenoxa\n|t:|1657723546\n|gametype|singles\n|player|p1|Ohmboy Tesla|eusine|1519\n|player|p2|teamskullenoxa|102|1567\n|teamsize|p1|6\n|teamsize|p2|6\n|gen|8\n|tier|[Gen 8] OU\n|rated|\n|rule|Sleep Clause Mod: Limit one foe put to sleep\n|rule|Species Clause: Limit one of each Pok\u00e9mon\n|rule|OHKO Clause: OHKO moves are banned\n|rule|Evasion Moves Clause: Evasion moves are banned\n|rule|Endless Battle Clause: Forcing endless battles is banned\n|rule|HP Percentage Mod: HP is shown in percentages\n|rule|Dynamax Clause: You cannot dynamax\n|clearpoke\n|poke|p1|Landorus-Therian, M|\n|poke|p1|Buzzwole|\n|poke|p1|Clefable, F|\n|poke|p1|Kartana|\n|poke|p1|Tapu Koko|\n|poke|p1|Slowking, M|\n|poke|p2|Starmie|\n|poke|p2|Magnezone|\n|poke|p2|Tapu Lele|\n|poke|p2|Corviknight, F|\n|poke|p2|Obstagoon, F|\n|poke|p2|Zeraora|\n|teampreview\n|\n|t:|1657723568\n|start\n|switch|p1a: Lt. Surge|Tapu Koko|100\/100\n|switch|p2a: Starmie|Starmie|100\/100\n|-fieldstart|move: Electric Terrain|[from] ability: Electric Surge|[of] p1a: Lt. Surge\n|turn|1\n|\n|t:|1657723577\n|switch|p2a: Zeraora|Zeraora|100\/100\n|move|p1a: Lt. Surge|U-turn|p2a: Zeraora\n|-damage|p2a: Zeraora|77\/100\n|\n|t:|1657723583\n|switch|p1a: Flooffy Paws|Landorus-Therian, M|100\/100|[from]move: U-turn\n|-ability|p1a: Flooffy Paws|Intimidate|boost\n|-unboost|p2a: Zeraora|atk|1\n|\n|upkeep\n|turn|2\n|\n|t:|1657723588\n|switch|p2a: Corviknight|Corviknight, F|100\/100\n|-ability|p2a: Corviknight|Pressure\n|move|p1a: Flooffy Paws|Knock Off|p2a: Corviknight\n|-damage|p2a: Corviknight|81\/100\n|-enditem|p2a: Corviknight|Leftovers|[from] move: Knock Off|[of] p1a: Flooffy Paws\n|\n|upkeep\n|turn|3\n|\n|t:|1657723599\n|move|p1a: Flooffy Paws|U-turn|p2a: Corviknight\n|-resisted|p2a: Corviknight\n|-crit|p2a: Corviknight\n|-damage|p2a: Corviknight|75\/100\n|\n|t:|1657723602\n|switch|p1a: Lt. Surge|Tapu Koko|100\/100|[from]move: U-turn\n|move|p2a: Corviknight|U-turn|p1a: Lt. Surge\n|-resisted|p1a: Lt. Surge\n|-damage|p1a: Lt. Surge|91\/100\n|\n|t:|1657723608\n|switch|p2a: Tapu Lele|Tapu Lele|100\/100|[from]move: U-turn\n|-fieldstart|move: Psychic Terrain|[from] ability: Psychic Surge|[of] p2a: Tapu Lele\n|\n|upkeep\n|turn|4\n|\n|t:|1657723619\n|switch|p1a: Slowking|Slowking, M|100\/100\n|move|p2a: Tapu Lele|Calm Mind|p2a: Tapu Lele\n|-boost|p2a: Tapu Lele|spa|1\n|-boost|p2a: Tapu Lele|spd|1\n|\n|upkeep\n|turn|5\n|\n|t:|1657723624\n|move|p2a: Tapu Lele|Calm Mind|p2a: Tapu Lele\n|-boost|p2a: Tapu Lele|spa|1\n|-boost|p2a: Tapu Lele|spd|1\n|move|p1a: Slowking|Teleport|p1a: Slowking\n|\n|t:|1657723627\n|switch|p1a: Micro Cuts|Kartana|100\/100|[from]move: Teleport\n|\n|upkeep\n|turn|6\n|\n|t:|1657723630\n|switch|p2a: Magnezone|Magnezone|100\/100\n|move|p1a: Micro Cuts|Smart Strike|p2a: Magnezone\n|-resisted|p2a: Magnezone\n|-damage|p2a: Magnezone|88\/100\n|-damage|p1a: Micro Cuts|91\/100|[from] item: Life Orb\n|\n|upkeep\n|turn|7\n|\n|t:|1657723634\n|move|p1a: Micro Cuts|Swords Dance|p1a: Micro Cuts\n|-boost|p1a: Micro Cuts|atk|2\n|move|p2a: Magnezone|Body Press|p1a: Micro Cuts\n|-supereffective|p1a: Micro Cuts\n|-damage|p1a: Micro Cuts|22\/100\n|\n|upkeep\n|turn|8\n|\n|t:|1657723642\n|switch|p2a: Starmie|Starmie|100\/100\n|move|p1a: Micro Cuts|Sacred Sword|p2a: Starmie\n|-resisted|p2a: Starmie\n|-damage|p2a: Starmie|25\/100\n|-damage|p1a: Micro Cuts|12\/100|[from] item: Life Orb\n|\n|upkeep\n|turn|9\n|\n|t:|1657723650\n|switch|p1a: Slowking|Slowking, M|100\/100\n|move|p2a: Starmie|Thunder|p1a: Slowking\n|-supereffective|p1a: Slowking\n|-damage|p1a: Slowking|25\/100\n|\n|upkeep\n|turn|10\n|\n|t:|1657723657\n|move|p2a: Starmie|Thunder|p1a: Slowking|[miss]\n|-miss|p2a: Starmie|p1a: Slowking\n|move|p1a: Slowking|Teleport|p1a: Slowking\n|\n|t:|1657723660\n|switch|p1a: Lt. Surge|Tapu Koko|91\/100|[from]move: Teleport\n|-fieldstart|move: Electric Terrain|[from] ability: Electric Surge|[of] p1a: Lt. Surge\n|\n|upkeep\n|turn|11\n|\n|t:|1657723668\n|switch|p2a: Corviknight|Corviknight, F|75\/100\n|-ability|p2a: Corviknight|Pressure\n|move|p1a: Lt. Surge|U-turn|p2a: Corviknight\n|-resisted|p2a: Corviknight\n|-damage|p2a: Corviknight|73\/100\n|\n|t:|1657723677\n|switch|p1a: Slowking|Slowking, M|59\/100|[from]move: U-turn\n|\n|upkeep\n|turn|12\n|\n|t:|1657723680\n|move|p2a: Corviknight|U-turn|p1a: Slowking\n|-supereffective|p1a: Slowking\n|-damage|p1a: Slowking|29\/100\n|\n|t:|1657723689\n|switch|p2a: Obstagoon|Obstagoon, F|100\/100|[from]move: U-turn\n|move|p1a: Slowking|Teleport|p1a: Slowking\n|\n|t:|1657723699\n|switch|p1a: Flooffy Paws|Landorus-Therian, M|100\/100|[from]move: Teleport\n|-ability|p1a: Flooffy Paws|Intimidate|boost\n|-unboost|p2a: Obstagoon|atk|1\n|\n|-status|p2a: Obstagoon|brn|[from] item: Flame Orb\n|upkeep\n|turn|13\n|\n|t:|1657723704\n|move|p2a: Obstagoon|Knock Off|p1a: Flooffy Paws\n|-damage|p1a: Flooffy Paws|62\/100\n|-enditem|p1a: Flooffy Paws|Leftovers|[from] move: Knock Off|[of] p2a: Obstagoon\n|move|p1a: Flooffy Paws|U-turn|p2a: Obstagoon\n|-supereffective|p2a: Obstagoon\n|-crit|p2a: Obstagoon\n|-damage|p2a: Obstagoon|28\/100 brn\n|\n|t:|1657723713\n|switch|p1a: Lt. Surge|Tapu Koko|91\/100|[from]move: U-turn\n|\n|-damage|p2a: Obstagoon|22\/100 brn|[from] brn\n|upkeep\n|turn|14\n|\n|t:|1657723722\n|switch|p2a: Magnezone|Magnezone|88\/100\n|move|p1a: Lt. Surge|U-turn|p2a: Magnezone\n|-resisted|p2a: Magnezone\n|-damage|p2a: Magnezone|82\/100\n|\n|t:|1657723732\n|switch|p1a: Flooffy Paws|Landorus-Therian, M|62\/100|[from]move: U-turn\n|-ability|p1a: Flooffy Paws|Intimidate|boost\n|-unboost|p2a: Magnezone|atk|1\n|\n|-fieldend|move: Electric Terrain\n|upkeep\n|turn|15\n|\n|t:|1657723741\n|switch|p2a: Corviknight|Corviknight, F|73\/100\n|-ability|p2a: Corviknight|Pressure\n|move|p1a: Flooffy Paws|Earthquake|p2a: Corviknight\n|-immune|p2a: Corviknight\n|\n|upkeep\n|turn|16\n|\n|t:|1657723747\n|move|p1a: Flooffy Paws|U-turn|p2a: Corviknight\n|-resisted|p2a: Corviknight\n|-damage|p2a: Corviknight|69\/100\n|\n|t:|1657723751\n|switch|p1a: Lt. Surge|Tapu Koko|91\/100|[from]move: U-turn\n|-fieldstart|move: Electric Terrain|[from] ability: Electric Surge|[of] p1a: Lt. Surge\n|move|p2a: Corviknight|U-turn|p1a: Lt. Surge\n|-resisted|p1a: Lt. Surge\n|-damage|p1a: Lt. Surge|80\/100\n|\n|t:|1657723756\n|switch|p2a: Zeraora|Zeraora|77\/100|[from]move: U-turn\n|\n|upkeep\n|turn|17\n|\n|t:|1657723760\n|move|p2a: Zeraora|Plasma Fists|p1a: Lt. Surge\n|-resisted|p1a: Lt. Surge\n|-damage|p1a: Lt. Surge|40\/100\n|-fieldactivate|move: Ion Deluge\n|-hint|Normal-type moves become Electric-type after using Plasma Fists.\n|move|p1a: Lt. Surge|U-turn|p2a: Zeraora\n|-damage|p2a: Zeraora|54\/100\n|\n|t:|1657723768\n|switch|p1a: Flooffy Paws|Landorus-Therian, M|62\/100|[from]move: U-turn\n|-ability|p1a: Flooffy Paws|Intimidate|boost\n|-unboost|p2a: Zeraora|atk|1\n|\n|upkeep\n|turn|18\n|\n|t:|1657723773\n|move|p2a: Zeraora|Knock Off|p1a: Flooffy Paws\n|-damage|p1a: Flooffy Paws|48\/100\n|move|p1a: Flooffy Paws|U-turn|p2a: Zeraora\n|-crit|p2a: Zeraora\n|-damage|p2a: Zeraora|9\/100\n|\n|t:|1657723781\n|switch|p1a: Lt. Surge|Tapu Koko|40\/100|[from]move: U-turn\n|\n|upkeep\n|turn|19\n|\n|t:|1657723785\n|move|p2a: Zeraora|Volt Switch|p1a: Lt. Surge\n|-resisted|p1a: Lt. Surge\n|-damage|p1a: Lt. Surge|19\/100\n|\n|t:|1657723788\n|switch|p2a: Magnezone|Magnezone|82\/100|[from]move: Volt Switch\n|move|p1a: Lt. Surge|Roost|p1a: Lt. Surge\n|-heal|p1a: Lt. Surge|69\/100\n|-singleturn|p1a: Lt. Surge|move: Roost\n|\n|upkeep\n|turn|20\n|\n|t:|1657723802\n|move|p1a: Lt. Surge|U-turn|p2a: Magnezone\n|-resisted|p2a: Magnezone\n|-damage|p2a: Magnezone|76\/100\n|\n|t:|1657723804\n|switch|p1a: Flooffy Paws|Landorus-Therian, M|48\/100|[from]move: U-turn\n|-ability|p1a: Flooffy Paws|Intimidate|boost\n|-unboost|p2a: Magnezone|atk|1\n|move|p2a: Magnezone|Thunderbolt|p1a: Flooffy Paws\n|-immune|p1a: Flooffy Paws\n|\n|-fieldend|move: Electric Terrain\n|upkeep\n|turn|21\n|j| Nana Baba\n|\n|t:|1657723810\n|switch|p2a: Corviknight|Corviknight, F|69\/100\n|-ability|p2a: Corviknight|Pressure\n|move|p1a: Flooffy Paws|U-turn|p2a: Corviknight\n|-resisted|p2a: Corviknight\n|-damage|p2a: Corviknight|66\/100\n|\n|t:|1657723817\n|switch|p1a: Lt. Surge|Tapu Koko|69\/100|[from]move: U-turn\n|-fieldstart|move: Electric Terrain|[from] ability: Electric Surge|[of] p1a: Lt. Surge\n|\n|upkeep\n|turn|22\n|\n|t:|1657723822\n|switch|p2a: Zeraora|Zeraora|9\/100\n|move|p1a: Lt. Surge|U-turn|p2a: Zeraora\n|-damage|p2a: Zeraora|0 fnt\n|faint|p2a: Zeraora\n|\n|t:|1657723834\n|switch|p1a: Cwefabwe|Clefable, F|100\/100|[from]move: U-turn\n|\n|upkeep\n|\n|t:|1657723838\n|switch|p2a: Magnezone|Magnezone|76\/100\n|turn|23\n|\n|t:|1657723851\n|move|p2a: Magnezone|Flash Cannon|p1a: Cwefabwe\n|-supereffective|p1a: Cwefabwe\n|-damage|p1a: Cwefabwe|16\/100\n|move|p1a: Cwefabwe|Stealth Rock|p2a: Magnezone\n|-sidestart|p2: teamskullenoxa|move: Stealth Rock\n|\n|-heal|p1a: Cwefabwe|22\/100|[from] item: Leftovers\n|upkeep\n|turn|24\n|\n|t:|1657723860\n|move|p2a: Magnezone|Flash Cannon|p1a: Cwefabwe\n|-supereffective|p1a: Cwefabwe\n|-damage|p1a: Cwefabwe|0 fnt\n|faint|p1a: Cwefabwe\n|\n|upkeep\n|\n|t:|1657723862\n|switch|p1a: Flooffy Paws|Landorus-Therian, M|48\/100\n|-ability|p1a: Flooffy Paws|Intimidate|boost\n|-unboost|p2a: Magnezone|atk|1\n|turn|25\n|\n|t:|1657723866\n|move|p1a: Flooffy Paws|U-turn|p2a: Magnezone\n|-resisted|p2a: Magnezone\n|-crit|p2a: Magnezone\n|-damage|p2a: Magnezone|61\/100\n|\n|t:|1657723880\n|switch|p1a: Slowking|Slowking, M|62\/100|[from]move: U-turn\n|move|p2a: Magnezone|Flash Cannon|p1a: Slowking\n|-resisted|p1a: Slowking\n|-damage|p1a: Slowking|49\/100\n|\n|-fieldend|move: Electric Terrain\n|upkeep\n|turn|26\n|\n|t:|1657723883\n|switch|p1a: Flooffy Paws|Landorus-Therian, M|48\/100\n|-ability|p1a: Flooffy Paws|Intimidate|boost\n|-unboost|p2a: Magnezone|atk|1\n|move|p2a: Magnezone|Thunderbolt|p1a: Flooffy Paws\n|-immune|p1a: Flooffy Paws\n|\n|upkeep\n|turn|27\n|\n|t:|1657723888\n|move|p1a: Flooffy Paws|U-turn|p2a: Magnezone\n|-resisted|p2a: Magnezone\n|-crit|p2a: Magnezone\n|-damage|p2a: Magnezone|46\/100\n|\n|t:|1657723890\n|switch|p1a: Slowking|Slowking, M|83\/100|[from]move: U-turn\n|move|p2a: Magnezone|Thunderbolt|p1a: Slowking\n|-supereffective|p1a: Slowking\n|-damage|p1a: Slowking|16\/100\n|\n|upkeep\n|turn|28\n|\n|t:|1657723896\n|move|p2a: Magnezone|Flash Cannon|p1a: Slowking\n|-resisted|p1a: Slowking\n|-damage|p1a: Slowking|4\/100\n|move|p1a: Slowking|Teleport|p1a: Slowking\n|\n|t:|1657723900\n|switch|p1a: Flooffy Paws|Landorus-Therian, M|48\/100|[from]move: Teleport\n|-ability|p1a: Flooffy Paws|Intimidate|boost\n|-unboost|p2a: Magnezone|atk|1\n|\n|upkeep\n|turn|29\n|\n|t:|1657723907\n|switch|p2a: Corviknight|Corviknight, F|66\/100\n|-damage|p2a: Corviknight|53\/100|[from] Stealth Rock\n|-ability|p2a: Corviknight|Pressure\n|move|p1a: Flooffy Paws|U-turn|p2a: Corviknight\n|-resisted|p2a: Corviknight\n|-damage|p2a: Corviknight|50\/100\n|\n|t:|1657723914\n|switch|p1a: Lt. Surge|Tapu Koko|69\/100|[from]move: U-turn\n|-fieldstart|move: Electric Terrain|[from] ability: Electric Surge|[of] p1a: Lt. Surge\n|\n|upkeep\n|turn|30\n|\n|t:|1657723918\n|switch|p2a: Obstagoon|Obstagoon, F|22\/100 brn\n|-damage|p2a: Obstagoon|10\/100 brn|[from] Stealth Rock\n|move|p1a: Lt. Surge|Thunderbolt|p2a: Obstagoon\n|-damage|p2a: Obstagoon|0 fnt\n|faint|p2a: Obstagoon\n|\n|upkeep\n|\n|t:|1657723919\n|switch|p2a: Tapu Lele|Tapu Lele|100\/100\n|-damage|p2a: Tapu Lele|88\/100|[from] Stealth Rock\n|-fieldstart|move: Psychic Terrain|[from] ability: Psychic Surge|[of] p2a: Tapu Lele\n|turn|31\n|\n|t:|1657723928\n|move|p1a: Lt. Surge|U-turn|p2a: Tapu Lele\n|-damage|p2a: Tapu Lele|65\/100\n|\n|t:|1657723933\n|switch|p1a: Slowking|Slowking, M|37\/100|[from]move: U-turn\n|move|p2a: Tapu Lele|Calm Mind|p2a: Tapu Lele\n|-boost|p2a: Tapu Lele|spa|1\n|-boost|p2a: Tapu Lele|spd|1\n|\n|upkeep\n|turn|32\n|\n|t:|1657723937\n|move|p2a: Tapu Lele|Moonblast|p1a: Slowking\n|-damage|p1a: Slowking|0 fnt\n|faint|p1a: Slowking\n|\n|upkeep\n|\n|t:|1657723939\n|switch|p1a: Micro Cuts|Kartana|12\/100\n|turn|33\n|\n|t:|1657723947\n|switch|p1a: Flooffy Paws|Landorus-Therian, M|48\/100\n|-ability|p1a: Flooffy Paws|Intimidate|boost\n|-unboost|p2a: Tapu Lele|atk|1\n|switch|p2a: Corviknight|Corviknight, F|50\/100\n|-damage|p2a: Corviknight|38\/100|[from] Stealth Rock\n|-ability|p2a: Corviknight|Pressure\n|\n|upkeep\n|turn|34\n|\n|t:|1657723954\n|move|p1a: Flooffy Paws|U-turn|p2a: Corviknight\n|-resisted|p2a: Corviknight\n|-damage|p2a: Corviknight|34\/100\n|\n|t:|1657723958\n|switch|p1a: Lt. Surge|Tapu Koko|69\/100|[from]move: U-turn\n|-fieldstart|move: Electric Terrain|[from] ability: Electric Surge|[of] p1a: Lt. Surge\n|move|p2a: Corviknight|Roost|p2a: Corviknight\n|-heal|p2a: Corviknight|84\/100\n|-singleturn|p2a: Corviknight|move: Roost\n|\n|upkeep\n|turn|35\n|\n|t:|1657723966\n|switch|p2a: Starmie|Starmie|25\/100\n|-damage|p2a: Starmie|13\/100|[from] Stealth Rock\n|move|p1a: Lt. Surge|Thunderbolt|p2a: Starmie\n|-supereffective|p2a: Starmie\n|-damage|p2a: Starmie|0 fnt\n|faint|p2a: Starmie\n|\n|upkeep\n|\n|t:|1657723970\n|switch|p2a: Magnezone|Magnezone|46\/100\n|-damage|p2a: Magnezone|40\/100|[from] Stealth Rock\n|turn|36\n|\n|t:|1657723981\n|move|p1a: Lt. Surge|U-turn|p2a: Magnezone\n|-resisted|p2a: Magnezone\n|-damage|p2a: Magnezone|34\/100\n|\n|t:|1657723983\n|switch|p1a: Bulk Biceps|Buzzwole|100\/100|[from]move: U-turn\n|move|p2a: Magnezone|Flash Cannon|p1a: Bulk Biceps\n|-damage|p1a: Bulk Biceps|41\/100\n|\n|upkeep\n|turn|37\n|\n|t:|1657723987\n|move|p1a: Bulk Biceps|Close Combat|p2a: Magnezone\n|-supereffective|p2a: Magnezone\n|-damage|p2a: Magnezone|0 fnt\n|-unboost|p1a: Bulk Biceps|def|1\n|-unboost|p1a: Bulk Biceps|spd|1\n|faint|p2a: Magnezone\n|-ability|p1a: Bulk Biceps|Beast Boost|boost\n|-boost|p1a: Bulk Biceps|def|1\n|\n|upkeep\n|\n|t:|1657723991\n|switch|p2a: Corviknight|Corviknight, F|84\/100\n|-damage|p2a: Corviknight|72\/100|[from] Stealth Rock\n|-ability|p2a: Corviknight|Pressure\n|turn|38\n|\n|t:|1657723995\n|move|p1a: Bulk Biceps|Close Combat|p2a: Corviknight\n|-damage|p2a: Corviknight|36\/100\n|-unboost|p1a: Bulk Biceps|def|1\n|-unboost|p1a: Bulk Biceps|spd|1\n|move|p2a: Corviknight|Defog|p1a: Bulk Biceps\n|-unboost|p1a: Bulk Biceps|evasion|1\n|-sideend|p2: teamskullenoxa|Stealth Rock|[from] move: Defog|[of] p2a: Corviknight\n|-fieldend|move: Electric Terrain\n|\n|upkeep\n|turn|39\n|\n|t:|1657724001\n|move|p1a: Bulk Biceps|Close Combat|p2a: Corviknight\n|-damage|p2a: Corviknight|3\/100\n|-unboost|p1a: Bulk Biceps|def|1\n|-unboost|p1a: Bulk Biceps|spd|1\n|move|p2a: Corviknight|Roost|p2a: Corviknight\n|-heal|p2a: Corviknight|53\/100\n|-singleturn|p2a: Corviknight|move: Roost\n|\n|upkeep\n|turn|40\n|\n|t:|1657724006\n|move|p1a: Bulk Biceps|Close Combat|p2a: Corviknight\n|-damage|p2a: Corviknight|21\/100\n|-unboost|p1a: Bulk Biceps|def|1\n|-unboost|p1a: Bulk Biceps|spd|1\n|move|p2a: Corviknight|Roost|p2a: Corviknight\n|-heal|p2a: Corviknight|71\/100\n|-singleturn|p2a: Corviknight|move: Roost\n|\n|upkeep\n|turn|41\n|\n|t:|1657724010\n|switch|p1a: Lt. Surge|Tapu Koko|69\/100\n|-fieldstart|move: Electric Terrain|[from] ability: Electric Surge|[of] p1a: Lt. Surge\n|move|p2a: Corviknight|U-turn|p1a: Lt. Surge\n|-resisted|p1a: Lt. Surge\n|-damage|p1a: Lt. Surge|59\/100\n|\n|t:|1657724011\n|switch|p2a: Tapu Lele|Tapu Lele|65\/100|[from]move: U-turn\n|-fieldstart|move: Psychic Terrain|[from] ability: Psychic Surge|[of] p2a: Tapu Lele\n|\n|upkeep\n|turn|42\n|\n|t:|1657724017\n|move|p1a: Lt. Surge|U-turn|p2a: Tapu Lele\n|-damage|p2a: Tapu Lele|41\/100\n|\n|t:|1657724020\n|switch|p1a: Bulk Biceps|Buzzwole|41\/100|[from]move: U-turn\n|move|p2a: Tapu Lele|Moonblast|p1a: Bulk Biceps\n|-supereffective|p1a: Bulk Biceps\n|-damage|p1a: Bulk Biceps|0 fnt\n|faint|p1a: Bulk Biceps\n|\n|upkeep\n|\n|t:|1657724023\n|switch|p1a: Lt. Surge|Tapu Koko|59\/100\n|-fieldstart|move: Electric Terrain|[from] ability: Electric Surge|[of] p1a: Lt. Surge\n|turn|43\n|\n|t:|1657724028\n|move|p1a: Lt. Surge|Thunderbolt|p2a: Tapu Lele\n|-damage|p2a: Tapu Lele|0 fnt\n|faint|p2a: Tapu Lele\n|\n|upkeep\n|\n|t:|1657724030\n|switch|p2a: Corviknight|Corviknight, F|71\/100\n|-ability|p2a: Corviknight|Pressure\n|turn|44\n|\n|t:|1657724034\n|move|p1a: Lt. Surge|Thunderbolt|p2a: Corviknight\n|-supereffective|p2a: Corviknight\n|-damage|p2a: Corviknight|0 fnt\n|faint|p2a: Corviknight\n|\n|win|Ohmboy Tesla\n|raw|Ohmboy Tesla's rating: 1519 &rarr; <strong>1542<\/strong><br \/>(+23 for winning)\n|raw|teamskullenoxa's rating: 1567 &rarr; <strong>1544<\/strong><br \/>(-23 for losing)\n|c|\u2606Ohmboy Tesla|gg\n|l|\u2606Ohmboy Tesla\n||Ladder isn't responding, score probably updated but might not have (Request timeout).\n|l|\u2606teamskullenoxa\n","uploadtime":1657724213,"views":23,"p1id":"ohmboytesla","p2id":"teamskullenoxa","formatid":"gen8ou","rating":1542,"private":0,"password":null}