{"id":"gen8ou-1687629027","p1":"Dynamania","p2":"ChandosH","format":"gen8ou","log":"|html|<div class=\"broadcast-blue\"><strong>[Gen 8] OU is currently suspecting Melmetal! For information on how to participate check out the <a href=\"https:\/\/www.smogon.com\/forums\/threads\/np-ss-ou-suspect-process-round-12-monster-mash.3709234\/\">suspect thread<\/a>.<\/strong><\/div>\n|j|\u2606Dynamania\n|j|\u2606ChandosH\n|t:|1665983195\n|gametype|singles\n|player|p1|Dynamania|169|1627\n|player|p2|ChandosH|n-masters|1605\n|teamsize|p1|6\n|teamsize|p2|6\n|gen|8\n|tier|[Gen 8] OU\n|rated|\n|rule|Sleep Clause Mod: Limit one foe put to sleep\n|rule|Species Clause: Limit one of each Pok\u00e9mon\n|rule|OHKO Clause: OHKO moves are banned\n|rule|Evasion Items Clause: Evasion items are banned\n|rule|Evasion Moves Clause: Evasion moves are banned\n|rule|Endless Battle Clause: Forcing endless battles is banned\n|rule|HP Percentage Mod: HP is shown in percentages\n|rule|Dynamax Clause: You cannot dynamax\n|clearpoke\n|poke|p1|Seismitoad, F|\n|poke|p1|Weavile, F|\n|poke|p1|Zapdos|\n|poke|p1|Buzzwole|\n|poke|p1|Tapu Lele|\n|poke|p1|Heatran, M|\n|poke|p2|Keldeo-Resolute|\n|poke|p2|Tapu Lele|\n|poke|p2|Dragapult, F|\n|poke|p2|Ferrothorn, M|\n|poke|p2|Landorus-Therian, M|\n|poke|p2|Heatran, F|\n|teampreview\n|inactive|Battle timer is ON: inactive players will automatically lose when time's up. (requested by Dynamania)\n|\n|t:|1665983231\n|start\n|switch|p1a: Seismitoad|Seismitoad, F|100\/100\n|switch|p2a: Dragapult|Dragapult, F|100\/100\n|turn|1\n|\n|t:|1665983237\n|move|p2a: Dragapult|U-turn|p1a: Seismitoad\n|-damage|p1a: Seismitoad|62\/100\n|\n|t:|1665983240\n|switch|p2a: Ferrothorn|Ferrothorn, M|100\/100|[from]move: U-turn\n|move|p1a: Seismitoad|Earthquake|p2a: Ferrothorn\n|-damage|p2a: Ferrothorn|75\/100\n|\n|-heal|p1a: Seismitoad|68\/100|[from] item: Leftovers\n|-heal|p2a: Ferrothorn|81\/100|[from] item: Leftovers\n|upkeep\n|turn|2\n|\n|t:|1665983247\n|switch|p1a: Zapdos|Zapdos|100\/100\n|move|p2a: Ferrothorn|Spikes|p1a: Zapdos\n|-sidestart|p1: Dynamania|Spikes\n|\n|-heal|p2a: Ferrothorn|87\/100|[from] item: Leftovers\n|upkeep\n|turn|3\n|\n|t:|1665983250\n|switch|p2a: Landorus|Landorus-Therian, M|100\/100\n|-ability|p2a: Landorus|Intimidate|boost\n|-unboost|p1a: Zapdos|atk|1\n|move|p1a: Zapdos|Hurricane|p2a: Landorus\n|-damage|p2a: Landorus|55\/100\n|-start|p2a: Landorus|confusion\n|\n|-heal|p2a: Landorus|61\/100|[from] item: Leftovers\n|upkeep\n|turn|4\n|\n|t:|1665983254\n|move|p1a: Zapdos|Hurricane|p2a: Landorus\n|-damage|p2a: Landorus|14\/100\n|-activate|p2a: Landorus|confusion\n|move|p2a: Landorus|Toxic|p1a: Zapdos\n|-status|p1a: Zapdos|tox\n|\n|-heal|p2a: Landorus|20\/100|[from] item: Leftovers\n|-damage|p1a: Zapdos|94\/100 tox|[from] psn\n|upkeep\n|turn|5\n|\n|t:|1665983261\n|move|p1a: Zapdos|Hurricane|p2a: Landorus\n|-damage|p2a: Landorus|0 fnt\n|faint|p2a: Landorus\n|\n|-damage|p1a: Zapdos|82\/100 tox|[from] psn\n|upkeep\n|\n|t:|1665983271\n|switch|p2a: Ferrothorn|Ferrothorn, M|87\/100\n|turn|6\n|\n|t:|1665983289\n|move|p1a: Zapdos|Hurricane|p2a: Ferrothorn\n|-damage|p2a: Ferrothorn|50\/100\n|move|p2a: Ferrothorn|Leech Seed|p1a: Zapdos|[miss]\n|-miss|p2a: Ferrothorn|p1a: Zapdos\n|\n|-heal|p2a: Ferrothorn|57\/100|[from] item: Leftovers\n|-damage|p1a: Zapdos|64\/100 tox|[from] psn\n|upkeep\n|turn|7\n|c|\u2606ChandosH|no guard zapdos lmao\n|\n|t:|1665983311\n|move|p1a: Zapdos|Hurricane|p2a: Ferrothorn|[miss]\n|-miss|p1a: Zapdos|p2a: Ferrothorn\n|move|p2a: Ferrothorn|Leech Seed|p1a: Zapdos\n|-start|p1a: Zapdos|move: Leech Seed\n|\n|-heal|p2a: Ferrothorn|63\/100|[from] item: Leftovers\n|-damage|p1a: Zapdos|52\/100 tox|[from] Leech Seed|[of] p2a: Ferrothorn\n|-heal|p2a: Ferrothorn|76\/100|[silent]\n|-damage|p1a: Zapdos|28\/100 tox|[from] psn\n|upkeep\n|turn|8\n|\n|t:|1665983318\n|move|p1a: Zapdos|Volt Switch|p2a: Ferrothorn\n|-resisted|p2a: Ferrothorn\n|-damage|p2a: Ferrothorn|64\/100\n|\n|t:|1665983321\n|switch|p1a: Heatran|Heatran, M|100\/100|[from]move: Volt Switch\n|-damage|p1a: Heatran|88\/100|[from] Spikes\n|move|p2a: Ferrothorn|Knock Off|p1a: Heatran\n|-damage|p1a: Heatran|70\/100\n|-enditem|p1a: Heatran|Leftovers|[from] move: Knock Off|[of] p2a: Ferrothorn\n|\n|-heal|p2a: Ferrothorn|70\/100|[from] item: Leftovers\n|upkeep\n|turn|9\n|\n|t:|1665983327\n|switch|p2a: Keldeo|Keldeo-Resolute|100\/100\n|move|p1a: Heatran|Earth Power|p2a: Keldeo\n|-damage|p2a: Keldeo|71\/100\n|\n|-heal|p2a: Keldeo|77\/100|[from] item: Leftovers\n|upkeep\n|turn|10\n|\n|t:|1665983335\n|move|p2a: Keldeo|Secret Sword|p1a: Heatran\n|-supereffective|p1a: Heatran\n|-damage|p1a: Heatran|0 fnt\n|faint|p1a: Heatran\n|\n|-heal|p2a: Keldeo|83\/100|[from] item: Leftovers\n|upkeep\n|\n|t:|1665983352\n|switch|p1a: Tapu Lele|Tapu Lele|100\/100\n|-damage|p1a: Tapu Lele|88\/100|[from] Spikes\n|-fieldstart|move: Psychic Terrain|[from] ability: Psychic Surge|[of] p1a: Tapu Lele\n|turn|11\n|j| Brungulus\n|\n|t:|1665983372\n|switch|p2a: Ferrothorn|Ferrothorn, M|70\/100\n|move|p1a: Tapu Lele|Focus Blast|p2a: Ferrothorn\n|-supereffective|p2a: Ferrothorn\n|-damage|p2a: Ferrothorn|19\/100\n|\n|-heal|p2a: Ferrothorn|25\/100|[from] item: Leftovers\n|upkeep\n|turn|12\n|\n|t:|1665983381\n|switch|p2a: Dragapult|Dragapult, F|100\/100\n|move|p1a: Tapu Lele|Focus Blast|p2a: Dragapult\n|-immune|p2a: Dragapult\n|\n|upkeep\n|turn|13\n|\n|t:|1665983386\n|switch|p1a: Weavile|Weavile, F|100\/100\n|-ability|p1a: Weavile|Pressure\n|move|p2a: Dragapult|Dragon Darts|p1a: Weavile\n|-damage|p1a: Weavile|31\/100\n|-anim|p2a: Dragapult|Dragon Darts|p1a: Weavile\n|-damage|p1a: Weavile|0 fnt\n|faint|p1a: Weavile\n|\n|upkeep\n|\n|t:|1665983388\n|switch|p1a: Tapu Lele|Tapu Lele|88\/100\n|-damage|p1a: Tapu Lele|76\/100|[from] Spikes\n|turn|14\n|\n|t:|1665983395\n|switch|p2a: Heatran|Heatran, F|100\/100\n|move|p1a: Tapu Lele|Focus Blast|p2a: Heatran\n|-supereffective|p2a: Heatran\n|-damage|p2a: Heatran|21\/100\n|-unboost|p2a: Heatran|spd|1\n|\n|-heal|p2a: Heatran|27\/100|[from] item: Leftovers\n|upkeep\n|turn|15\n|\n|t:|1665983406\n|switch|p1a: Seismitoad|Seismitoad, F|68\/100\n|-damage|p1a: Seismitoad|56\/100|[from] Spikes\n|move|p2a: Heatran|Magma Storm|p1a: Seismitoad\n|-resisted|p1a: Seismitoad\n|-damage|p1a: Seismitoad|37\/100\n|-activate|p1a: Seismitoad|move: Magma Storm|[of] p2a: Heatran\n|\n|-heal|p2a: Heatran|33\/100|[from] item: Leftovers\n|-heal|p1a: Seismitoad|43\/100|[from] item: Leftovers\n|-damage|p1a: Seismitoad|31\/100|[from] move: Magma Storm|[partiallytrapped]\n|-fieldend|move: Psychic Terrain\n|upkeep\n|turn|16\n|j| Kyurem\n|\n|t:|1665983433\n|move|p2a: Heatran|Stealth Rock|p1a: Seismitoad\n|-sidestart|p1: Dynamania|move: Stealth Rock\n|move|p1a: Seismitoad|Earthquake|p2a: Heatran\n|-supereffective|p2a: Heatran\n|-damage|p2a: Heatran|0 fnt\n|faint|p2a: Heatran\n|\n|-heal|p1a: Seismitoad|37\/100|[from] item: Leftovers\n|-end|p1a: Seismitoad|Magma Storm|[partiallytrapped]|[silent]\n|upkeep\n|inactive|ChandosH has 120 seconds left.\n|\n|t:|1665983445\n|switch|p2a: Keldeo|Keldeo-Resolute|83\/100\n|turn|17\n|\n|t:|1665983448\n|move|p2a: Keldeo|Secret Sword|p1a: Seismitoad\n|-damage|p1a: Seismitoad|0 fnt\n|faint|p1a: Seismitoad\n|\n|-heal|p2a: Keldeo|90\/100|[from] item: Leftovers\n|upkeep\n|\n|t:|1665983457\n|switch|p1a: Tapu Lele|Tapu Lele|76\/100\n|-damage|p1a: Tapu Lele|63\/100|[from] Spikes\n|-damage|p1a: Tapu Lele|51\/100|[from] Stealth Rock\n|-fieldstart|move: Psychic Terrain|[from] ability: Psychic Surge|[of] p1a: Tapu Lele\n|turn|18\n|\n|t:|1665983461\n|switch|p2a: Ferrothorn|Ferrothorn, M|25\/100\n|move|p1a: Tapu Lele|Moonblast|p2a: Ferrothorn\n|-resisted|p2a: Ferrothorn\n|-damage|p2a: Ferrothorn|10\/100\n|\n|-heal|p2a: Ferrothorn|16\/100|[from] item: Leftovers\n|upkeep\n|turn|19\n|\n|t:|1665983469\n|move|p1a: Tapu Lele|Moonblast|p2a: Ferrothorn\n|-resisted|p2a: Ferrothorn\n|-damage|p2a: Ferrothorn|0 fnt\n|faint|p2a: Ferrothorn\n|\n|upkeep\n|\n|t:|1665983473\n|switch|p2a: Tapu Lele|Tapu Lele|100\/100\n|turn|20\n|\n|t:|1665983478\n|move|p1a: Tapu Lele|Moonblast|p2a: Tapu Lele\n|-damage|p2a: Tapu Lele|52\/100\n|move|p2a: Tapu Lele|Moonblast|p1a: Tapu Lele\n|-damage|p1a: Tapu Lele|0 fnt\n|faint|p1a: Tapu Lele\n|\n|upkeep\n|-message|Dynamania forfeited.\n|\n|win|ChandosH\n|raw|Dynamania's rating: 1627 &rarr; <strong>1606<\/strong><br \/>(-21 for losing)\n|raw|ChandosH's rating: 1605 &rarr; <strong>1626<\/strong><br \/>(+21 for winning)\n|l|\u2606Dynamania\n|c|\u2606ChandosH|Gg\n","uploadtime":1665983490,"views":14,"p1id":"dynamania","p2id":"chandosh","formatid":"gen8ou","rating":1606,"private":0,"password":null}