{"id":"gen8ou-1182749248","p1":"70accicebeam","p2":"Rheinmetal","format":"gen8ou","log":"|j|\u260670accicebeam\n|j|\u2606Rheinmetal\n|t:|1599489249\n|player|p1|70accicebeam|161|1388\n|player|p2|Rheinmetal|cynthia|1394\n|teamsize|p1|6\n|teamsize|p2|6\n|gametype|singles\n|gen|8\n|tier|[Gen 8] OU\n|rated|\n|clearpoke\n|poke|p1|Crawdaunt, F|\n|poke|p1|Ditto|\n|poke|p1|Gengar, F|\n|poke|p1|Magnezone|\n|poke|p1|Scizor, F|\n|poke|p1|Volcarona, F|\n|poke|p2|Torkoal, M|\n|poke|p2|Charizard, F|\n|poke|p2|Venusaur, M|\n|poke|p2|Excadrill, F|\n|poke|p2|Togekiss, F|\n|poke|p2|Urshifu-*, F|\n|rule|Sleep Clause Mod: Limit one foe put to sleep\n|rule|Species Clause: Limit one of each Pok\u00e9mon\n|rule|OHKO Clause: OHKO moves are banned\n|rule|Evasion Moves Clause: Evasion moves are banned\n|rule|Endless Battle Clause: Forcing endless battles is banned\n|rule|HP Percentage Mod: HP is shown in percentages\n|rule|Dynamax Clause: You cannot dynamax\n|teampreview\n|inactive|Battle timer is ON: inactive players will automatically lose when time's up. (requested by Rheinmetal)\n|\n|t:|1599489265\n|start\n|switch|p1a: Ditto|Ditto|100\/100\n|switch|p2a: Oppenheimer|Torkoal, M|100\/100\n|-transform|p1a: Ditto|p2a: Oppenheimer|[from] ability: Imposter\n|-weather|SunnyDay|[from] ability: Drought|[of] p1a: Ditto\n|turn|1\n|\n|t:|1599489286\n|switch|p2a: Nuclear|Charizard, F, shiny|100\/100\n|move|p1a: Ditto|Stealth Rock|p2a: Nuclear\n|-sidestart|p2: Rheinmetal|move: Stealth Rock\n|\n|-weather|SunnyDay|[upkeep]\n|-damage|p2a: Nuclear|88\/100|[from] ability: Solar Power|[of] p2a: Nuclear\n|upkeep\n|turn|2\n|\n|t:|1599489298\n|switch|p1a: Scizor|Scizor, F|100\/100\n|move|p2a: Nuclear|Weather Ball|p1a: Scizor\n|-supereffective|p1a: Scizor\n|-damage|p1a: Scizor|0 fnt\n|faint|p1a: Scizor\n|\n|-weather|SunnyDay|[upkeep]\n|-damage|p2a: Nuclear|76\/100|[from] ability: Solar Power|[of] p2a: Nuclear\n|upkeep\n|\n|t:|1599489303\n|switch|p1a: Ditto|Ditto|100\/100\n|-transform|p1a: Ditto|p2a: Nuclear|[from] ability: Imposter\n|turn|3\n|\n|t:|1599489311\n|move|p1a: Ditto|Weather Ball|p2a: Nuclear\n|-resisted|p2a: Nuclear\n|-damage|p2a: Nuclear|3\/100\n|move|p2a: Nuclear|Weather Ball|p1a: Ditto\n|-resisted|p1a: Ditto\n|-damage|p1a: Ditto|0 fnt\n|faint|p1a: Ditto\n|\n|-weather|SunnyDay|[upkeep]\n|-damage|p2a: Nuclear|0 fnt|[from] ability: Solar Power|[of] p2a: Nuclear\n|faint|p2a: Nuclear\n|upkeep\n|\n|t:|1599489323\n|switch|p2a: Excadrill|Excadrill, F|100\/100\n|switch|p1a: Gengar|Gengar, F|100\/100\n|-damage|p2a: Excadrill|97\/100|[from] Stealth Rock\n|-ability|p2a: Excadrill|Mold Breaker\n|turn|4\n|\n|t:|1599489328\n|move|p1a: Gengar|Focus Blast|p2a: Excadrill\n|-supereffective|p2a: Excadrill\n|-damage|p2a: Excadrill|10\/100\n|move|p2a: Excadrill|Stealth Rock|p1a: Gengar\n|-sidestart|p1: 70accicebeam|move: Stealth Rock\n|\n|-weather|SunnyDay|[upkeep]\n|-heal|p2a: Excadrill|17\/100|[from] item: Leftovers\n|upkeep\n|turn|5\n|\n|t:|1599489335\n|switch|p2a: Venusaur|Venusaur, M|100\/100\n|-damage|p2a: Venusaur|88\/100|[from] Stealth Rock\n|move|p1a: Gengar|Focus Blast|p2a: Venusaur\n|-resisted|p2a: Venusaur\n|-damage|p2a: Venusaur|64\/100\n|\n|-weather|none\n|upkeep\n|turn|6\n|\n|t:|1599489339\n|switch|p1a: Magnezone|Magnezone|100\/100\n|-damage|p1a: Magnezone|94\/100|[from] Stealth Rock\n|move|p2a: Venusaur|Earth Power|p1a: Magnezone\n|-supereffective|p1a: Magnezone\n|-damage|p1a: Magnezone|0 fnt\n|-damage|p2a: Venusaur|54\/100|[from] item: Life Orb\n|faint|p1a: Magnezone\n|\n|upkeep\n|\n|t:|1599489349\n|switch|p1a: Volcarona|Volcarona, F|100\/100\n|-damage|p1a: Volcarona|51\/100|[from] Stealth Rock\n|turn|7\n|\n|t:|1599489358\n|switch|p2a: Oppenheimer|Torkoal, M|100\/100\n|-damage|p2a: Oppenheimer|75\/100|[from] Stealth Rock\n|-weather|SunnyDay|[from] ability: Drought|[of] p2a: Oppenheimer\n|move|p1a: Volcarona|Quiver Dance|p1a: Volcarona\n|-boost|p1a: Volcarona|spa|1\n|-boost|p1a: Volcarona|spd|1\n|-boost|p1a: Volcarona|spe|1\n|\n|-weather|SunnyDay|[upkeep]\n|-heal|p1a: Volcarona|57\/100|[from] item: Leftovers\n|upkeep\n|turn|8\n|\n|t:|1599489370\n|move|p1a: Volcarona|Quiver Dance|p1a: Volcarona\n|-boost|p1a: Volcarona|spa|1\n|-boost|p1a: Volcarona|spd|1\n|-boost|p1a: Volcarona|spe|1\n|move|p2a: Oppenheimer|Lava Plume|p1a: Volcarona\n|-damage|p1a: Volcarona|38\/100\n|\n|-weather|SunnyDay|[upkeep]\n|-heal|p1a: Volcarona|44\/100|[from] item: Leftovers\n|upkeep\n|turn|9\n|\n|t:|1599489375\n|move|p1a: Volcarona|Quiver Dance|p1a: Volcarona\n|-boost|p1a: Volcarona|spa|1\n|-boost|p1a: Volcarona|spd|1\n|-boost|p1a: Volcarona|spe|1\n|move|p2a: Oppenheimer|Rapid Spin|p1a: Volcarona\n|-damage|p1a: Volcarona|34\/100\n|-boost|p2a: Oppenheimer|spe|1\n|-sideend|p2: Rheinmetal|Stealth Rock|[from] move: Rapid Spin|[of] p2a: Oppenheimer\n|\n|-weather|SunnyDay|[upkeep]\n|-heal|p1a: Volcarona|40\/100|[from] item: Leftovers\n|upkeep\n|turn|10\n|\n|t:|1599489380\n|move|p1a: Volcarona|Giga Drain|p2a: Oppenheimer\n|-resisted|p2a: Oppenheimer\n|-damage|p2a: Oppenheimer|24\/100\n|-heal|p1a: Volcarona|68\/100|[from] drain|[of] p2a: Oppenheimer\n|move|p2a: Oppenheimer|Lava Plume|p1a: Volcarona\n|-damage|p1a: Volcarona|54\/100\n|\n|-weather|SunnyDay|[upkeep]\n|-heal|p1a: Volcarona|60\/100|[from] item: Leftovers\n|upkeep\n|turn|11\n|\n|t:|1599489383\n|move|p1a: Volcarona|Giga Drain|p2a: Oppenheimer\n|-resisted|p2a: Oppenheimer\n|-damage|p2a: Oppenheimer|0 fnt\n|-heal|p1a: Volcarona|73\/100|[from] drain|[of] p2a: Oppenheimer\n|faint|p2a: Oppenheimer\n|\n|-weather|SunnyDay|[upkeep]\n|-heal|p1a: Volcarona|79\/100|[from] item: Leftovers\n|upkeep\n|\n|t:|1599489396\n|switch|p2a: Urshifu|Urshifu, F|100\/100\n|turn|12\n|\n|t:|1599489402\n|move|p2a: Urshifu|Sucker Punch|p1a: Volcarona\n|-damage|p1a: Volcarona|10\/100\n|-damage|p2a: Urshifu|91\/100|[from] item: Life Orb\n|move|p1a: Volcarona|Flamethrower|p2a: Urshifu\n|-damage|p2a: Urshifu|0 fnt\n|faint|p2a: Urshifu\n|\n|-weather|SunnyDay|[upkeep]\n|-heal|p1a: Volcarona|16\/100|[from] item: Leftovers\n|upkeep\n|\n|t:|1599489406\n|switch|p2a: Togekiss|Togekiss, F|100\/100\n|turn|13\n|\n|t:|1599489409\n|move|p1a: Volcarona|Flamethrower|p2a: Togekiss\n|-damage|p2a: Togekiss|0 fnt\n|faint|p2a: Togekiss\n|\n|-weather|SunnyDay|[upkeep]\n|-heal|p1a: Volcarona|22\/100|[from] item: Leftovers\n|upkeep\n|-message|Rheinmetal forfeited.\n|\n|win|70accicebeam\n|l|\u2606Rheinmetal\n","uploadtime":1599489427,"views":20,"p1id":"70accicebeam","p2id":"rheinmetal","formatid":"gen8ou","rating":0,"private":0,"password":null}