{"id":"gen8ou-1175342955","p1":"Rorschach I","p2":"LT73IU Cora","format":"gen8ou","log":"|raw|<div class=\"broadcast-blue\"><strong>This battle is required to be public due to a player having a name starting with 'LT73IU'.<\/div>\n|j|\u2606Rorschach I\n|j|\u2606LT73IU Cora\n|t:|1598391725\n|player|p1|Rorschach I|cynthia|1957\n|player|p2|LT73IU Cora|aromalady|1830\n|teamsize|p1|6\n|teamsize|p2|6\n|gametype|singles\n|gen|8\n|tier|[Gen 8] OU\n|rated|\n|clearpoke\n|poke|p1|Pelipper, F|\n|poke|p1|Tangrowth, F|\n|poke|p1|Zeraora|\n|poke|p1|Urshifu-*, F|\n|poke|p1|Excadrill, F|\n|poke|p1|Toxapex, M|\n|poke|p2|Toxapex, M|\n|poke|p2|Urshifu-*, M|\n|poke|p2|Excadrill, F|\n|poke|p2|Skarmory, M|\n|poke|p2|Hippowdon, M|\n|poke|p2|Clefable, M|\n|rule|Sleep Clause Mod: Limit one foe put to sleep\n|rule|Species Clause: Limit one of each Pok\u00e9mon\n|rule|OHKO Clause: OHKO moves are banned\n|rule|Evasion Moves Clause: Evasion moves are banned\n|rule|Endless Battle Clause: Forcing endless battles is banned\n|rule|HP Percentage Mod: HP is shown in percentages\n|rule|Dynamax Clause: You cannot dynamax\n|teampreview\n|\n|t:|1598391737\n|start\n|switch|p1a: Toxapex|Toxapex, M|100\/100\n|switch|p2a: Toxapex|Toxapex, M|100\/100\n|turn|1\n|j| meat lockers\n|\n|t:|1598391743\n|switch|p2a: Clefable|Clefable, M|100\/100\n|move|p1a: Toxapex|Knock Off|p2a: Clefable\n|-resisted|p2a: Clefable\n|-damage|p2a: Clefable|95\/100\n|-enditem|p2a: Clefable|Life Orb|[from] move: Knock Off|[of] p1a: Toxapex\n|\n|upkeep\n|turn|2\n|j| Song Of Spirit\n|\n|t:|1598391748\n|switch|p1a: Excadrill|Excadrill, F|100\/100\n|-ability|p1a: Excadrill|Mold Breaker\n|move|p2a: Clefable|Calm Mind|p2a: Clefable\n|-boost|p2a: Clefable|spa|1\n|-boost|p2a: Clefable|spd|1\n|\n|upkeep\n|turn|3\n|\n|t:|1598391752\n|switch|p2a: Skarmory|Skarmory, M|100\/100\n|move|p1a: Excadrill|Iron Head|p2a: Skarmory\n|-resisted|p2a: Skarmory\n|-damage|p2a: Skarmory|91\/100\n|-damage|p1a: Excadrill|84\/100|[from] item: Rocky Helmet|[of] p2a: Skarmory\n|\n|-heal|p1a: Excadrill|90\/100|[from] item: Leftovers\n|upkeep\n|turn|4\n|\n|t:|1598391756\n|switch|p1a: Pelipper|Pelipper, F|100\/100\n|-weather|RainDance|[from] ability: Drizzle|[of] p1a: Pelipper\n|move|p2a: Skarmory|Spikes|p1a: Pelipper\n|-sidestart|p1: Rorschach I|Spikes\n|\n|-weather|RainDance|[upkeep]\n|upkeep\n|turn|5\n|\n|t:|1598391761\n|switch|p2a: Toxapex|Toxapex, M|100\/100\n|move|p1a: Pelipper|Hurricane|p2a: Toxapex\n|-damage|p2a: Toxapex|48\/100\n|\n|-weather|RainDance|[upkeep]\n|-heal|p2a: Toxapex|54\/100|[from] item: Black Sludge\n|upkeep\n|turn|6\n|\n|t:|1598391764\n|switch|p2a: Hippowdon|Hippowdon, M|100\/100\n|-weather|Sandstorm|[from] ability: Sand Stream|[of] p2a: Hippowdon\n|move|p1a: Pelipper|Hurricane|p2a: Hippowdon|[miss]\n|-miss|p1a: Pelipper|p2a: Hippowdon\n|\n|-weather|Sandstorm|[upkeep]\n|-damage|p1a: Pelipper|94\/100|[from] Sandstorm\n|upkeep\n|turn|7\n|\n|t:|1598391768\n|move|p1a: Pelipper|Hurricane|p2a: Hippowdon\n|-damage|p2a: Hippowdon|42\/100\n|move|p2a: Hippowdon|Toxic|p1a: Pelipper\n|-status|p1a: Pelipper|tox\n|\n|-weather|Sandstorm|[upkeep]\n|-damage|p1a: Pelipper|88\/100 tox|[from] Sandstorm\n|-heal|p2a: Hippowdon|48\/100|[from] item: Leftovers\n|-damage|p1a: Pelipper|82\/100 tox|[from] psn\n|upkeep\n|turn|8\n|\n|t:|1598391774\n|switch|p1a: Tangrowth|Tangrowth, F|100\/100\n|-damage|p1a: Tangrowth|88\/100|[from] Spikes\n|switch|p2a: Toxapex|Toxapex, M|87\/100\n|\n|-weather|Sandstorm|[upkeep]\n|-damage|p1a: Tangrowth|82\/100|[from] Sandstorm\n|-damage|p2a: Toxapex|81\/100|[from] Sandstorm\n|-heal|p2a: Toxapex|87\/100|[from] item: Black Sludge\n|upkeep\n|turn|9\n|j| odin77\n|\n|t:|1598391780\n|move|p1a: Tangrowth|Sleep Powder|p2a: Toxapex|[miss]\n|-miss|p1a: Tangrowth|p2a: Toxapex\n|move|p2a: Toxapex|Knock Off|p1a: Tangrowth\n|-damage|p1a: Tangrowth|75\/100\n|-damage|p2a: Toxapex|70\/100|[from] item: Rocky Helmet|[of] p1a: Tangrowth\n|-enditem|p1a: Tangrowth|Rocky Helmet|[from] move: Knock Off|[of] p2a: Toxapex\n|\n|-weather|Sandstorm|[upkeep]\n|-damage|p1a: Tangrowth|69\/100|[from] Sandstorm\n|-damage|p2a: Toxapex|65\/100|[from] Sandstorm\n|-heal|p2a: Toxapex|70\/100|[from] item: Black Sludge\n|upkeep\n|turn|10\n|j| Zachary07\n|\n|t:|1598391786\n|switch|p2a: Skarmory|Skarmory, M|91\/100\n|move|p1a: Tangrowth|Sleep Powder|p2a: Skarmory\n|-status|p2a: Skarmory|slp|[from] move: Sleep Powder\n|\n|-weather|none\n|upkeep\n|turn|11\n|j| Livio ElTito\n|\n|t:|1598391791\n|switch|p2a: Toxapex|Toxapex, M|100\/100\n|switch|p1a: Pelipper|Pelipper, F|82\/100 tox\n|-weather|RainDance|[from] ability: Drizzle|[of] p1a: Pelipper\n|\n|-weather|RainDance|[upkeep]\n|-damage|p1a: Pelipper|76\/100 tox|[from] psn\n|upkeep\n|turn|12\n|\n|t:|1598391794\n|move|p1a: Pelipper|U-turn|p2a: Toxapex\n|-resisted|p2a: Toxapex\n|-damage|p2a: Toxapex|98\/100\n|j| BROTHAOPTIONS\n|j| Arhetti\n|\n|t:|1598391800\n|switch|p1a: Tangrowth|Tangrowth, F|100\/100|[from]move: U-turn\n|-damage|p1a: Tangrowth|88\/100|[from] Spikes\n|move|p2a: Toxapex|Knock Off|p1a: Tangrowth\n|-damage|p1a: Tangrowth|83\/100\n|\n|-weather|RainDance|[upkeep]\n|-heal|p2a: Toxapex|100\/100|[from] item: Black Sludge\n|upkeep\n|turn|13\n|j| Not Sean Hannity\n|l| odin77\n|\n|t:|1598391806\n|move|p1a: Tangrowth|Knock Off|p2a: Toxapex\n|-damage|p2a: Toxapex|87\/100\n|-enditem|p2a: Toxapex|Black Sludge|[from] move: Knock Off|[of] p1a: Tangrowth\n|move|p2a: Toxapex|Scald|p1a: Tangrowth\n|-resisted|p1a: Tangrowth\n|-damage|p1a: Tangrowth|65\/100\n|\n|-weather|RainDance|[upkeep]\n|upkeep\n|turn|14\n|j|+Jordy\n|\n|t:|1598391820\n|move|p1a: Tangrowth|Leaf Storm|p2a: Toxapex\n|-damage|p2a: Toxapex|48\/100\n|-unboost|p1a: Tangrowth|spa|2\n|move|p2a: Toxapex|Scald|p1a: Tangrowth\n|-resisted|p1a: Tangrowth\n|-damage|p1a: Tangrowth|46\/100\n|-status|p1a: Tangrowth|brn\n|\n|-weather|RainDance|[upkeep]\n|-damage|p1a: Tangrowth|39\/100 brn|[from] brn\n|upkeep\n|turn|15\n|j| LowGxeDoritos\n|j| storm zone\n|\n|t:|1598391826\n|switch|p1a: Zeraora|Zeraora|100\/100\n|-damage|p1a: Zeraora|88\/100|[from] Spikes\n|switch|p2a: Hippowdon|Hippowdon, M|48\/100\n|-weather|Sandstorm|[from] ability: Sand Stream|[of] p2a: Hippowdon\n|\n|-weather|Sandstorm|[upkeep]\n|-damage|p1a: Zeraora|82\/100|[from] Sandstorm\n|-heal|p2a: Hippowdon|54\/100|[from] item: Leftovers\n|upkeep\n|turn|16\n|\n|t:|1598391831\n|move|p1a: Zeraora|Grass Knot|p2a: Hippowdon\n|-supereffective|p2a: Hippowdon\n|-damage|p2a: Hippowdon|6\/100\n|move|p2a: Hippowdon|Slack Off|p2a: Hippowdon\n|-heal|p2a: Hippowdon|56\/100\n|\n|-weather|Sandstorm|[upkeep]\n|-damage|p1a: Zeraora|76\/100|[from] Sandstorm\n|-heal|p2a: Hippowdon|62\/100|[from] item: Leftovers\n|upkeep\n|turn|17\n|j| Piyush21\n|j| atha\n|\n|t:|1598391837\n|switch|p1a: Pelipper|Pelipper, F|76\/100 tox\n|-weather|RainDance|[from] ability: Drizzle|[of] p1a: Pelipper\n|move|p2a: Hippowdon|Slack Off|p2a: Hippowdon\n|-heal|p2a: Hippowdon|100\/100\n|\n|-weather|RainDance|[upkeep]\n|-damage|p1a: Pelipper|70\/100 tox|[from] psn\n|upkeep\n|turn|18\n|j| lt73iu V\n|l| lt73iu V\n|\n|t:|1598391846\n|switch|p2a: Toxapex|Toxapex, M|81\/100\n|move|p1a: Pelipper|Weather Ball|p2a: Toxapex\n|-resisted|p2a: Toxapex\n|-damage|p2a: Toxapex|40\/100\n|\n|-weather|RainDance|[upkeep]\n|-damage|p1a: Pelipper|58\/100 tox|[from] psn\n|upkeep\n|turn|19\n|\n|t:|1598391852\n|switch|p1a: Urshifu|Urshifu-Rapid-Strike, F|100\/100\n|-damage|p1a: Urshifu|88\/100|[from] Spikes\n|switch|p2a: Urshifu|Urshifu-Rapid-Strike, M|100\/100\n|\n|-weather|RainDance|[upkeep]\n|upkeep\n|turn|20\n|j| LT73IU Kappucci\n|\n|t:|1598391859\n|move|p1a: Urshifu|U-turn|p2a: Urshifu\n|-resisted|p2a: Urshifu\n|-damage|p2a: Urshifu|86\/100\n|\n|t:|1598391863\n|switch|p1a: Toxapex|Toxapex, M|100\/100|[from]move: U-turn\n|-damage|p1a: Toxapex|88\/100|[from] Spikes\n|move|p2a: Urshifu|Close Combat|p1a: Toxapex\n|-resisted|p1a: Toxapex\n|-damage|p1a: Toxapex|52\/100\n|-unboost|p2a: Urshifu|def|1\n|-unboost|p2a: Urshifu|spd|1\n|-damage|p2a: Urshifu|70\/100|[from] item: Rocky Helmet|[of] p1a: Toxapex\n|\n|-weather|RainDance|[upkeep]\n|upkeep\n|turn|21\n|\n|t:|1598391870\n|switch|p2a: Toxapex|Toxapex, M|73\/100\n|move|p1a: Toxapex|Scald|p2a: Toxapex\n|-resisted|p2a: Toxapex\n|-damage|p2a: Toxapex|63\/100\n|\n|-weather|none\n|upkeep\n|turn|22\n|j| Waveshaper\n|\n|t:|1598391875\n|switch|p1a: Tangrowth|Tangrowth, F|73\/100 brn\n|-damage|p1a: Tangrowth|60\/100 brn|[from] Spikes\n|switch|p2a: Clefable|Clefable, M|95\/100\n|\n|-damage|p1a: Tangrowth|54\/100 brn|[from] brn\n|upkeep\n|turn|23\n|\n|t:|1598391879\n|switch|p1a: Excadrill|Excadrill, F|90\/100\n|-damage|p1a: Excadrill|78\/100|[from] Spikes\n|-ability|p1a: Excadrill|Mold Breaker\n|move|p2a: Clefable|Moonblast|p1a: Excadrill\n|-resisted|p1a: Excadrill\n|-damage|p1a: Excadrill|62\/100\n|-unboost|p1a: Excadrill|spa|1\n|\n|-heal|p1a: Excadrill|68\/100|[from] item: Leftovers\n|upkeep\n|turn|24\n|j| LT73IUyovandormait\n|j| egalvanc\n|\n|t:|1598391882\n|switch|p2a: Hippowdon|Hippowdon, M|100\/100\n|-weather|Sandstorm|[from] ability: Sand Stream|[of] p2a: Hippowdon\n|move|p1a: Excadrill|Rapid Spin|p2a: Hippowdon\n|-damage|p2a: Hippowdon|89\/100\n|-boost|p1a: Excadrill|spe|1\n|-sideend|p1: Rorschach I|Spikes|[from] move: Rapid Spin|[of] p1a: Excadrill\n|\n|-weather|Sandstorm|[upkeep]\n|-heal|p1a: Excadrill|74\/100|[from] item: Leftovers\n|-heal|p2a: Hippowdon|95\/100|[from] item: Leftovers\n|upkeep\n|turn|25\n|\n|t:|1598391885\n|switch|p1a: Pelipper|Pelipper, F|58\/100 tox\n|-weather|RainDance|[from] ability: Drizzle|[of] p1a: Pelipper\n|move|p2a: Hippowdon|Earthquake|p1a: Pelipper\n|-immune|p1a: Pelipper\n|\n|-weather|RainDance|[upkeep]\n|-heal|p2a: Hippowdon|100\/100|[from] item: Leftovers\n|-damage|p1a: Pelipper|51\/100 tox|[from] psn\n|upkeep\n|turn|26\n|l| LT73IUyovandormait\n|\n|t:|1598391890\n|switch|p2a: Toxapex|Toxapex, M|97\/100\n|move|p1a: Pelipper|Hurricane|p2a: Toxapex\n|-damage|p2a: Toxapex|37\/100\n|\n|-weather|RainDance|[upkeep]\n|-damage|p1a: Pelipper|39\/100 tox|[from] psn\n|upkeep\n|turn|27\n|j|+Sacri'\n|\n|t:|1598391900\n|switch|p1a: Urshifu|Urshifu-Rapid-Strike, F|88\/100\n|switch|p2a: Hippowdon|Hippowdon, M|100\/100\n|-weather|Sandstorm|[from] ability: Sand Stream|[of] p2a: Hippowdon\n|\n|-weather|Sandstorm|[upkeep]\n|-damage|p1a: Urshifu|82\/100|[from] Sandstorm\n|upkeep\n|turn|28\n|j|+ShootingStarmie\n|\n|t:|1598391909\n|switch|p2a: Skarmory|Skarmory, M|91\/100 slp\n|move|p1a: Urshifu|U-turn|p2a: Skarmory\n|-resisted|p2a: Skarmory\n|-crit|p2a: Skarmory\n|-damage|p2a: Skarmory|85\/100 slp\n|-damage|p1a: Urshifu|66\/100|[from] item: Rocky Helmet|[of] p2a: Skarmory\n|\n|t:|1598391913\n|switch|p1a: Zeraora|Zeraora|76\/100|[from]move: U-turn\n|\n|-weather|Sandstorm|[upkeep]\n|-damage|p1a: Zeraora|70\/100|[from] Sandstorm\n|upkeep\n|turn|29\n|\n|t:|1598391920\n|switch|p2a: Clefable|Clefable, M|95\/100\n|move|p1a: Zeraora|Grass Knot|p2a: Clefable\n|-damage|p2a: Clefable|78\/100\n|\n|-weather|Sandstorm|[upkeep]\n|-damage|p1a: Zeraora|64\/100|[from] Sandstorm\n|upkeep\n|turn|30\n|j| SanJl\n|j| mannyth\n|\n|t:|1598391923\n|switch|p2a: Hippowdon|Hippowdon, M|100\/100\n|move|p1a: Zeraora|Volt Switch|p2a: Hippowdon\n|-immune|p2a: Hippowdon\n|\n|-weather|Sandstorm|[upkeep]\n|-damage|p1a: Zeraora|58\/100|[from] Sandstorm\n|upkeep\n|turn|31\n|j| Swaggy Fuccboi\n|j| samqian\n|inactive|Battle timer is ON: inactive players will automatically lose when time's up. (requested by LT73IU Cora)\n|j| cypherstest\n|\n|t:|1598391937\n|switch|p1a: Tangrowth|Tangrowth, F|87\/100 brn\n|move|p2a: Hippowdon|Stealth Rock|p1a: Tangrowth\n|-sidestart|p1: Rorschach I|move: Stealth Rock\n|\n|-weather|none\n|-damage|p1a: Tangrowth|81\/100 brn|[from] brn\n|upkeep\n|turn|32\n|j| LT73IU Hydreigon\n|-message|Rorschach I forfeited.\n|\n|win|LT73IU Cora\n|l|\u2606Rorschach I\n|l| meat lockers\n|l| mannyth\n|l| Not Sean Hannity\n|l| SanJl\n|l|\u2606LT73IU Cora\n|l| atha\n|j| atha\n|l| Waveshaper\n|l| atha\n|l|+Sacri'\n|l| Zachary07\n||Ladder (probably) updated, but score could not be retrieved (Request timeout).\n|l| Arhetti\n|j| lt73iu leo\n|j| leaftowind \u035c..\n|l| cypherstest\n|j| LT73IU INSULT\n|l| samqian\n|l| Livio ElTito\n|j| Tace\n|l| Piyush21\n|l| Tace\n|j| Piyush21\n|l| Piyush21\n|l| leaftowind \u035c..\n|j| LT73IU Sagiri\n|j| Wail Wailord\n|l| LT73IU Sagiri\n|l| Wail Wailord\n|l| LT73IU Kappucci\n|l| LT73IU INSULT\n|l| storm zone\n|l|+Jordy\n|l| Swaggy Fuccboi\n|l| BROTHAOPTIONS\n|l| Song Of Spirit\n|j| Song Of Spirit\n|l| Song Of Spirit\n|l| LT73IU Hydreigon\n|j| Boulicrok\n|l| Boulicrok\n|l| lt73iu leo\n|j| Cookieco\n|l| Cookieco\n","uploadtime":1598391973,"views":163,"p1id":"rorschachi","p2id":"lt73iucora","formatid":"gen8ou","rating":0,"private":0,"password":null}