{"id":"gen8ou-1607155816","p1":"Flashybee","p2":"shagohod crew","format":"gen8ou","log":"|j|\u2606Flashybee\n|j|\u2606shagohod crew\n|t:|1656558653\n|gametype|singles\n|player|p1|Flashybee|silver|1519\n|player|p2|shagohod crew|266|1501\n|teamsize|p1|6\n|teamsize|p2|6\n|gen|8\n|tier|[Gen 8] OU\n|rated|\n|rule|Sleep Clause Mod: Limit one foe put to sleep\n|rule|Species Clause: Limit one of each Pok\u00e9mon\n|rule|OHKO Clause: OHKO moves are banned\n|rule|Evasion Moves Clause: Evasion moves are banned\n|rule|Endless Battle Clause: Forcing endless battles is banned\n|rule|HP Percentage Mod: HP is shown in percentages\n|rule|Dynamax Clause: You cannot dynamax\n|clearpoke\n|poke|p1|Victini|\n|poke|p1|Landorus-Therian, M|\n|poke|p1|Ferrothorn, M|\n|poke|p1|Ninetales-Alola, M|\n|poke|p1|Rotom-Wash|\n|poke|p1|Zeraora|\n|poke|p2|Zapdos|\n|poke|p2|Weavile, F|\n|poke|p2|Kartana|\n|poke|p2|Landorus-Therian, M|\n|poke|p2|Volcanion|\n|poke|p2|Melmetal|\n|teampreview\n|\n|t:|1656558665\n|start\n|switch|p1a: Rotom|Rotom-Wash|100\/100\n|switch|p2a: Volcanion|Volcanion|100\/100\n|turn|1\n|\n|t:|1656558670\n|move|p2a: Volcanion|Steam Eruption|p1a: Rotom\n|-resisted|p1a: Rotom\n|-damage|p1a: Rotom|58\/100\n|move|p1a: Rotom|Volt Switch|p2a: Volcanion\n|-supereffective|p2a: Volcanion\n|-damage|p2a: Volcanion|25\/100\n|\n|t:|1656558678\n|switch|p1a: Zeraora|Zeraora|100\/100|[from]move: Volt Switch\n|\n|upkeep\n|turn|2\n|\n|t:|1656558683\n|switch|p2a: Landorus|Landorus-Therian, M|100\/100\n|-ability|p2a: Landorus|Intimidate|boost\n|-unboost|p1a: Zeraora|atk|1\n|move|p1a: Zeraora|Knock Off|p2a: Landorus\n|-damage|p2a: Landorus|74\/100\n|-enditem|p2a: Landorus|Leftovers|[from] move: Knock Off|[of] p1a: Zeraora\n|-damage|p1a: Zeraora|91\/100|[from] item: Life Orb\n|\n|upkeep\n|turn|3\n|\n|t:|1656558692\n|switch|p1a: Rotom|Rotom-Wash|58\/100\n|move|p2a: Landorus|Stealth Rock|p1a: Rotom\n|-sidestart|p1: Flashybee|move: Stealth Rock\n|\n|-heal|p1a: Rotom|64\/100|[from] item: Leftovers\n|upkeep\n|turn|4\n|\n|t:|1656558696\n|move|p2a: Landorus|U-turn|p1a: Rotom\n|-damage|p1a: Rotom|37\/100\n|\n|t:|1656558699\n|switch|p2a: Volcanion|Volcanion|25\/100|[from]move: U-turn\n|move|p1a: Rotom|Defog|p2a: Volcanion\n|-unboost|p2a: Volcanion|evasion|1\n|-sideend|p1: Flashybee|Stealth Rock|[from] move: Defog|[of] p1a: Rotom\n|\n|-heal|p1a: Rotom|44\/100|[from] item: Leftovers\n|upkeep\n|turn|5\n|\n|t:|1656558709\n|move|p2a: Volcanion|Steam Eruption|p1a: Rotom\n|-resisted|p1a: Rotom\n|-damage|p1a: Rotom|0 fnt\n|faint|p1a: Rotom\n|\n|upkeep\n|\n|t:|1656558720\n|switch|p1a: Victini|Victini|100\/100\n|turn|6\n|\n|t:|1656558723\n|move|p1a: Victini|Psychic|p2a: Volcanion\n|-damage|p2a: Volcanion|0 fnt\n|faint|p2a: Volcanion\n|\n|upkeep\n|\n|t:|1656558728\n|switch|p2a: Weavile|Weavile, F|100\/100\n|-ability|p2a: Weavile|Pressure\n|turn|7\n|\n|t:|1656558745\n|switch|p1a: Ferrothorn|Ferrothorn, M|100\/100\n|move|p2a: Weavile|Beat Up|p1a: Ferrothorn\n|-damage|p1a: Ferrothorn|90\/100\n|-damage|p1a: Ferrothorn|78\/100\n|-damage|p1a: Ferrothorn|66\/100\n|-damage|p1a: Ferrothorn|57\/100\n|-damage|p1a: Ferrothorn|46\/100\n|-hitcount|p1a: Ferrothorn|5\n|\n|-heal|p1a: Ferrothorn|52\/100|[from] item: Leftovers\n|upkeep\n|turn|8\n|\n|t:|1656558757\n|move|p2a: Weavile|Beat Up|p1a: Ferrothorn\n|-damage|p1a: Ferrothorn|42\/100\n|-damage|p1a: Ferrothorn|29\/100\n|-damage|p1a: Ferrothorn|19\/100\n|-damage|p1a: Ferrothorn|10\/100\n|-damage|p1a: Ferrothorn|0 fnt\n|faint|p1a: Ferrothorn\n|-hitcount|p1: Ferrothorn|5\n|\n|upkeep\n|\n|t:|1656558777\n|switch|p1a: Ninetales|Ninetales-Alola, M|100\/100\n|-weather|Hail|[from] ability: Snow Warning|[of] p1a: Ninetales\n|turn|9\n|\n|t:|1656558793\n|move|p1a: Ninetales|Moonblast|p2a: Weavile\n|-supereffective|p2a: Weavile\n|-damage|p2a: Weavile|0 fnt\n|faint|p2a: Weavile\n|\n|-weather|Hail|[upkeep]\n|upkeep\n|\n|t:|1656558803\n|switch|p2a: Melmetal|Melmetal|100\/100\n|turn|10\n|\n|t:|1656558809\n|switch|p1a: Landorus|Landorus-Therian, M|100\/100\n|-ability|p1a: Landorus|Intimidate|boost\n|-unboost|p2a: Melmetal|atk|1\n|move|p2a: Melmetal|Double Iron Bash|p1a: Landorus\n|-damage|p1a: Landorus|49\/100\n|-damage|p1a: Landorus|0 fnt\n|faint|p1a: Landorus\n|-hitcount|p1: Landorus|2\n|\n|-weather|Hail|[upkeep]\n|-damage|p2a: Melmetal|94\/100|[from] Hail\n|upkeep\n|\n|t:|1656558817\n|switch|p1a: Victini|Victini|100\/100\n|turn|11\n|\n|t:|1656558828\n|switch|p2a: Zapdos|Zapdos|100\/100\n|move|p1a: Victini|Blue Flare|p2a: Zapdos\n|-damage|p2a: Zapdos|40\/100\n|\n|-weather|Hail|[upkeep]\n|-damage|p1a: Victini|94\/100|[from] Hail\n|-damage|p2a: Zapdos|34\/100|[from] Hail\n|upkeep\n|turn|12\n|\n|t:|1656558835\n|move|p1a: Victini|Psychic|p2a: Zapdos\n|-damage|p2a: Zapdos|0 fnt\n|faint|p2a: Zapdos\n|\n|-weather|Hail|[upkeep]\n|-damage|p1a: Victini|88\/100|[from] Hail\n|upkeep\n|\n|t:|1656558843\n|switch|p2a: Landorus|Landorus-Therian, M|74\/100\n|-ability|p2a: Landorus|Intimidate|boost\n|-unboost|p1a: Victini|atk|1\n|turn|13\n|\n|t:|1656558856\n|move|p1a: Victini|Blue Flare|p2a: Landorus\n|-damage|p2a: Landorus|35\/100\n|move|p2a: Landorus|Earthquake|p1a: Victini\n|-supereffective|p1a: Victini\n|-damage|p1a: Victini|0 fnt\n|faint|p1a: Victini\n|\n|-weather|none\n|upkeep\n|\n|t:|1656558868\n|switch|p1a: Ninetales|Ninetales-Alola, M|100\/100\n|-weather|Hail|[from] ability: Snow Warning|[of] p1a: Ninetales\n|turn|14\n|\n|t:|1656558880\n|switch|p1a: Zeraora|Zeraora|91\/100\n|move|p2a: Landorus|Earthquake|p1a: Zeraora\n|-supereffective|p1a: Zeraora\n|-crit|p1a: Zeraora\n|-damage|p1a: Zeraora|0 fnt\n|faint|p1a: Zeraora\n|\n|-weather|Hail|[upkeep]\n|-damage|p2a: Landorus|29\/100|[from] Hail\n|upkeep\n|\n|t:|1656558885\n|switch|p1a: Ninetales|Ninetales-Alola, M|100\/100\n|turn|15\n|\n|t:|1656558888\n|move|p1a: Ninetales|Blizzard|p2a: Landorus\n|-supereffective|p2a: Landorus\n|-damage|p2a: Landorus|0 fnt\n|faint|p2a: Landorus\n|\n|-weather|Hail|[upkeep]\n|upkeep\n|\n|t:|1656558893\n|switch|p2a: Kartana|Kartana|100\/100\n|turn|16\n|\n|t:|1656558895\n|move|p2a: Kartana|Smart Strike|p1a: Ninetales\n|-supereffective|p1a: Ninetales\n|-damage|p1a: Ninetales|0 fnt\n|faint|p1a: Ninetales\n|\n|win|shagohod crew\n|raw|Flashybee's rating: 1519 &rarr; <strong>1498<\/strong><br \/>(-21 for losing)\n|raw|shagohod crew's rating: 1501 &rarr; <strong>1522<\/strong><br \/>(+21 for winning)\n|l|\u2606Flashybee\n||Ladder isn't responding, score probably updated but might not have (Request timeout).\n","uploadtime":1656558904,"views":11,"p1id":"flashybee","p2id":"shagohodcrew","formatid":"gen8ou","rating":1498,"private":0,"password":null}