{"id":"gen8ou-1275784877","p1":"damorush","p2":"Zmon8426","format":"gen8ou","log":"|html|<div class=\"broadcast-blue\"><strong>[Gen 8] OU is currently suspecting Spectrier! For information on how to participate check out the <a href=\"https:\/\/www.smogon.com\/forums\/threads\/np-ss-ou-suspect-process-round-9-old-town-road.3676744\/\">suspect thread<\/a>.<\/strong><\/div>\n|j|\u2606damorush\n|j|\u2606Zmon8426\n|t:|1612426842\n|player|p1|damorush|steven|1448\n|player|p2|Zmon8426|2|1456\n|teamsize|p1|6\n|teamsize|p2|6\n|gametype|singles\n|gen|8\n|tier|[Gen 8] OU\n|rated|\n|clearpoke\n|poke|p1|Urshifu-*, F|\n|poke|p1|Spectrier|\n|poke|p1|Heatran, F|\n|poke|p1|Tapu Koko|\n|poke|p1|Shuckle, M|\n|poke|p1|Hawlucha, M|\n|poke|p2|Tapu Koko|\n|poke|p2|Raichu-Alola, F|\n|poke|p2|Buzzwole|\n|poke|p2|Victini|\n|poke|p2|Rotom-Wash|\n|poke|p2|Landorus-Therian, M|\n|rule|Sleep Clause Mod: Limit one foe put to sleep\n|rule|Species Clause: Limit one of each Pok\u00e9mon\n|rule|OHKO Clause: OHKO moves are banned\n|rule|Evasion Moves Clause: Evasion moves are banned\n|rule|Endless Battle Clause: Forcing endless battles is banned\n|rule|HP Percentage Mod: HP is shown in percentages\n|rule|Dynamax Clause: You cannot dynamax\n|teampreview\n|inactive|Battle timer is ON: inactive players will automatically lose when time's up. (requested by Zmon8426)\n|j| SkyQueen\n|\n|t:|1612426856\n|start\n|switch|p1a: Shuckle|Shuckle, M|100\/100\n|switch|p2a: Tapu Koko|Tapu Koko|100\/100\n|-fieldstart|move: Electric Terrain|[from] ability: Electric Surge|[of] p2a: Tapu Koko\n|turn|1\n|\n|t:|1612426871\n|move|p2a: Tapu Koko|Thunderbolt|p1a: Shuckle\n|-damage|p1a: Shuckle|66\/100\n|-status|p1a: Shuckle|par\n|-enditem|p1a: Shuckle|Red Card|[of] p2a: Tapu Koko\n|drag|p2a: Raichu|Raichu-Alola, F|100\/100\n|move|p1a: Shuckle|Sticky Web|p2a: Raichu\n|-sidestart|p2: Zmon8426|move: Sticky Web\n|\n|upkeep\n|turn|2\n|\n|t:|1612426881\n|move|p2a: Raichu|Rising Voltage|p1a: Shuckle\n|-damage|p1a: Shuckle|0 fnt\n|faint|p1a: Shuckle\n|\n|upkeep\n|\n|t:|1612426893\n|switch|p1a: Heatran|Heatran, F|100\/100\n|turn|3\n|\n|t:|1612426899\n|move|p2a: Raichu|Rising Voltage|p1a: Heatran\n|-damage|p1a: Heatran|0 fnt\n|faint|p1a: Heatran\n|\n|upkeep\n|\n|t:|1612426905\n|switch|p1a: Tapu Koko|Tapu Koko|100\/100\n|turn|4\n|\n|t:|1612426908\n|move|p2a: Raichu|Rising Voltage|p1a: Tapu Koko\n|-resisted|p1a: Tapu Koko\n|-damage|p1a: Tapu Koko|25\/100\n|move|p1a: Tapu Koko|U-turn|p2a: Raichu\n|-supereffective|p2a: Raichu\n|-damage|p2a: Raichu|24\/100\n|\n|t:|1612426914\n|switch|p1a: Urshifu|Urshifu-Rapid-Strike, F|100\/100|[from]move: U-turn\n|\n|upkeep\n|turn|5\n|\n|t:|1612426921\n|switch|p2a: Buzzwole|Buzzwole|100\/100\n|-activate|p2a: Buzzwole|move: Sticky Web\n|-unboost|p2a: Buzzwole|spe|1\n|move|p1a: Urshifu|Aqua Jet|p2a: Buzzwole\n|-damage|p2a: Buzzwole|87\/100\n|-damage|p1a: Urshifu|84\/100|[from] item: Rocky Helmet|[of] p2a: Buzzwole\n|-damage|p1a: Urshifu|74\/100|[from] item: Life Orb\n|\n|upkeep\n|turn|6\n|\n|t:|1612426934\n|switch|p1a: Hawlucha|Hawlucha, M|100\/100\n|-enditem|p1a: Hawlucha|Electric Seed\n|-boost|p1a: Hawlucha|def|1|[from] item: Electric Seed\n|switch|p2a: Rotom|Rotom-Wash|100\/100\n|\n|upkeep\n|turn|7\n|\n|t:|1612426941\n|move|p1a: Hawlucha|Close Combat|p2a: Rotom\n|-damage|p2a: Rotom|48\/100\n|-unboost|p1a: Hawlucha|def|1\n|-unboost|p1a: Hawlucha|spd|1\n|move|p2a: Rotom|Discharge|p1a: Hawlucha\n|-supereffective|p1a: Hawlucha\n|-damage|p1a: Hawlucha|0 fnt\n|faint|p1a: Hawlucha\n|\n|upkeep\n|\n|t:|1612426950\n|switch|p1a: Spectrier|Spectrier|100\/100\n|turn|8\n|\n|t:|1612426954\n|move|p1a: Spectrier|Shadow Ball|p2a: Rotom\n|-damage|p2a: Rotom|9\/100\n|move|p2a: Rotom|Volt Switch|p1a: Spectrier\n|-damage|p1a: Spectrier|68\/100\n|\n|t:|1612426965\n|switch|p2a: Landorus|Landorus-Therian, M|100\/100|[from]move: Volt Switch\n|-ability|p2a: Landorus|Intimidate|boost\n|-unboost|p1a: Spectrier|atk|1\n|\n|-fieldend|move: Electric Terrain\n|upkeep\n|turn|9\n|\n|t:|1612426972\n|move|p1a: Spectrier|Shadow Ball|p2a: Landorus\n|-damage|p2a: Landorus|33\/100\n|move|p2a: Landorus|Knock Off|p1a: Spectrier\n|-supereffective|p1a: Spectrier\n|-damage|p1a: Spectrier|0 fnt\n|-enditem|p1a: Spectrier|Choice Specs|[from] move: Knock Off|[of] p2a: Landorus\n|faint|p1a: Spectrier\n|\n|upkeep\n|-message|damorush forfeited.\n|\n|win|Zmon8426\n|l|\u2606damorush\n","uploadtime":1612426984,"views":4,"p1id":"damorush","p2id":"zmon8426","formatid":"gen8ou","rating":0,"private":0,"password":null}