{"id":"gen8ou-1632645908","p1":"LT92PFcry","p2":"dmt dreams","format":"gen8ou","log":"|raw|<div class=\"broadcast-blue\"><strong>This battle is required to be public due to a player having a name starting with 'lt92pf'.<\/div>\n|j|\u2606LT92PFcry\n|j|\u2606dmt dreams\n|t:|1659680073\n|gametype|singles\n|player|p1|LT92PFcry|#dpppl2022luckylucarios|1917\n|player|p2|dmt dreams|101|1905\n|teamsize|p1|6\n|teamsize|p2|6\n|gen|8\n|tier|[Gen 8] OU\n|rated|\n|rule|Sleep Clause Mod: Limit one foe put to sleep\n|rule|Species Clause: Limit one of each Pok\u00e9mon\n|rule|OHKO Clause: OHKO moves are banned\n|rule|Evasion Items Clause: Evasion items are banned\n|rule|Evasion Moves Clause: Evasion moves are banned\n|rule|Endless Battle Clause: Forcing endless battles is banned\n|rule|HP Percentage Mod: HP is shown in percentages\n|rule|Dynamax Clause: You cannot dynamax\n|clearpoke\n|poke|p1|Dragonite, M|\n|poke|p1|Magnezone|\n|poke|p1|Kartana|\n|poke|p1|Moltres-Galar|\n|poke|p1|Landorus-Therian, M|\n|poke|p1|Tapu Lele|\n|poke|p2|Nihilego|\n|poke|p2|Zeraora|\n|poke|p2|Landorus-Therian, M|\n|poke|p2|Melmetal|\n|poke|p2|Kartana|\n|poke|p2|Blacephalon|\n|teampreview\n|inactive|Battle timer is ON: inactive players will automatically lose when time's up. (requested by LT92PFcry)\n|j| defarge\n|j| ripreckful\n|inactive|dmt dreams has 120 seconds left.\n|j| pokeaimfan96\n|j| Haxgo\n|l| defarge\n|inactive|dmt dreams has 90 seconds left.\n|\n|t:|1659680138\n|start\n|switch|p1a: Landorus|Landorus-Therian, M|100\/100\n|switch|p2a: Landorus|Landorus-Therian, M|100\/100\n|-ability|p1a: Landorus|Intimidate|boost\n|-unboost|p2a: Landorus|atk|1\n|-ability|p2a: Landorus|Intimidate|boost\n|-unboost|p1a: Landorus|atk|1\n|turn|1\n|j| LT92PF Futility\n|\n|t:|1659680144\n|move|p1a: Landorus|Toxic|p2a: Landorus\n|-status|p2a: Landorus|tox\n|move|p2a: Landorus|Toxic|p1a: Landorus\n|-status|p1a: Landorus|tox\n|\n|-damage|p1a: Landorus|94\/100 tox|[from] psn\n|-damage|p2a: Landorus|94\/100 tox|[from] psn\n|upkeep\n|turn|2\n|\n|t:|1659680147\n|move|p1a: Landorus|Stealth Rock|p2a: Landorus\n|-sidestart|p2: dmt dreams|move: Stealth Rock\n|move|p2a: Landorus|Stealth Rock|p1a: Landorus\n|-sidestart|p1: LT92PFcry|move: Stealth Rock\n|\n|-heal|p1a: Landorus|100\/100 tox|[from] item: Leftovers\n|-heal|p2a: Landorus|100\/100 tox|[from] item: Leftovers\n|-damage|p1a: Landorus|88\/100 tox|[from] psn\n|-damage|p2a: Landorus|88\/100 tox|[from] psn\n|upkeep\n|turn|3\n|\n|t:|1659680155\n|move|p1a: Landorus|U-turn|p2a: Landorus\n|-resisted|p2a: Landorus\n|-damage|p2a: Landorus|82\/100 tox\n|\n|t:|1659680157\n|switch|p1a: Dragonite|Dragonite, M|100\/100|[from]move: U-turn\n|move|p2a: Landorus|U-turn|p1a: Dragonite\n|-resisted|p1a: Dragonite\n|-damage|p1a: Dragonite|97\/100\n|j| joeding\n|\n|t:|1659680164\n|switch|p2a: Nihilego|Nihilego|100\/100|[from]move: U-turn\n|-damage|p2a: Nihilego|88\/100|[from] Stealth Rock\n|\n|upkeep\n|turn|4\n|j|+pichus\n|\n|t:|1659680192\n|switch|p1a: Magnezone|Magnezone|100\/100\n|-damage|p1a: Magnezone|94\/100|[from] Stealth Rock\n|move|p2a: Nihilego|Meteor Beam||[still]\n|-prepare|p2a: Nihilego|Meteor Beam\n|-boost|p2a: Nihilego|spa|1\n|-enditem|p2a: Nihilego|Power Herb\n|-anim|p2a: Nihilego|Meteor Beam|p1a: Magnezone\n|-resisted|p1a: Magnezone\n|-damage|p1a: Magnezone|42\/100\n|\n|-heal|p1a: Magnezone|48\/100|[from] item: Leftovers\n|upkeep\n|turn|5\n|\n|t:|1659680197\n|move|p1a: Magnezone|Protect|p1a: Magnezone\n|-singleturn|p1a: Magnezone|Protect\n|move|p2a: Nihilego|Power Gem|p1a: Magnezone\n|-activate|p1a: Magnezone|move: Protect\n|\n|-heal|p1a: Magnezone|55\/100|[from] item: Leftovers\n|upkeep\n|turn|6\n|\n|t:|1659680203\n|move|p2a: Nihilego|Power Gem|p1a: Magnezone\n|-resisted|p1a: Magnezone\n|-damage|p1a: Magnezone|18\/100\n|move|p1a: Magnezone|Body Press|p2a: Nihilego\n|-damage|p2a: Nihilego|40\/100\n|\n|-heal|p1a: Magnezone|24\/100|[from] item: Leftovers\n|upkeep\n|turn|7\n|\n|t:|1659680208\n|move|p1a: Magnezone|Protect|p1a: Magnezone\n|-singleturn|p1a: Magnezone|Protect\n|move|p2a: Nihilego|Power Gem|p1a: Magnezone\n|-activate|p1a: Magnezone|move: Protect\n|\n|-heal|p1a: Magnezone|30\/100|[from] item: Leftovers\n|upkeep\n|turn|8\n|\n|t:|1659680209\n|move|p1a: Magnezone|Protect|p1a: Magnezone\n|-singleturn|p1a: Magnezone|Protect\n|move|p2a: Nihilego|Power Gem|p1a: Magnezone\n|-activate|p1a: Magnezone|move: Protect\n|\n|-heal|p1a: Magnezone|36\/100|[from] item: Leftovers\n|upkeep\n|turn|9\n|\n|t:|1659680215\n|move|p2a: Nihilego|Power Gem|p1a: Magnezone\n|-resisted|p1a: Magnezone\n|-damage|p1a: Magnezone|2\/100\n|move|p1a: Magnezone|Body Press|p2a: Nihilego\n|-damage|p2a: Nihilego|0 fnt\n|faint|p2a: Nihilego\n|\n|-heal|p1a: Magnezone|8\/100|[from] item: Leftovers\n|upkeep\n|j| defarge\n|j| dragonite_fan09\n|\n|t:|1659680220\n|switch|p2a: Zeraora|Zeraora|100\/100\n|turn|10\n|\n|t:|1659680235\n|move|p2a: Zeraora|Knock Off|p1a: Magnezone\n|-damage|p1a: Magnezone|0 fnt\n|-enditem|p1a: Magnezone|Leftovers|[from] move: Knock Off|[of] p2a: Zeraora\n|faint|p1a: Magnezone\n|\n|upkeep\n|\n|t:|1659680244\n|switch|p1a: Tapu Lele|Tapu Lele|100\/100\n|-damage|p1a: Tapu Lele|88\/100|[from] Stealth Rock\n|-fieldstart|move: Psychic Terrain|[from] ability: Psychic Surge|[of] p1a: Tapu Lele\n|turn|11\n|\n|t:|1659680248\n|move|p2a: Zeraora|Knock Off|p1a: Tapu Lele\n|-damage|p1a: Tapu Lele|44\/100\n|-enditem|p1a: Tapu Lele|Twisted Spoon|[from] move: Knock Off|[of] p2a: Zeraora\n|move|p1a: Tapu Lele|Focus Blast|p2a: Zeraora|[miss]\n|-miss|p1a: Tapu Lele|p2a: Zeraora\n|\n|upkeep\n|turn|12\n|\n|t:|1659680254\n|switch|p1a: Landorus|Landorus-Therian, M|88\/100 tox\n|-damage|p1a: Landorus|76\/100 tox|[from] Stealth Rock\n|-ability|p1a: Landorus|Intimidate|boost\n|-unboost|p2a: Zeraora|atk|1\n|move|p2a: Zeraora|Knock Off|p1a: Landorus\n|-damage|p1a: Landorus|55\/100 tox\n|-enditem|p1a: Landorus|Leftovers|[from] move: Knock Off|[of] p2a: Zeraora\n|\n|-damage|p1a: Landorus|49\/100 tox|[from] psn\n|upkeep\n|turn|13\n|\n|t:|1659680260\n|move|p2a: Zeraora|Knock Off|p1a: Landorus\n|-damage|p1a: Landorus|35\/100 tox\n|move|p1a: Landorus|U-turn|p2a: Zeraora\n|-damage|p2a: Zeraora|69\/100\n|n| Lt92pf suf|sufys12\n|\n|t:|1659680262\n|switch|p1a: Kartana|Kartana|100\/100|[from]move: U-turn\n|-damage|p1a: Kartana|94\/100|[from] Stealth Rock\n|\n|upkeep\n|turn|14\n|\n|t:|1659680267\n|switch|p2a: Landorus|Landorus-Therian, M|82\/100 tox\n|-damage|p2a: Landorus|69\/100 tox|[from] Stealth Rock\n|-ability|p2a: Landorus|Intimidate|boost\n|-unboost|p1a: Kartana|atk|1\n|move|p1a: Kartana|Leaf Blade|p2a: Landorus\n|-damage|p2a: Landorus|28\/100 tox\n|\n|-heal|p2a: Landorus|34\/100 tox|[from] item: Leftovers\n|-damage|p2a: Landorus|28\/100 tox|[from] psn\n|upkeep\n|turn|15\n|\n|t:|1659680276\n|switch|p1a: Tapu Lele|Tapu Lele|44\/100\n|-damage|p1a: Tapu Lele|31\/100|[from] Stealth Rock\n|switch|p2a: Kartana|Kartana|100\/100\n|-damage|p2a: Kartana|94\/100|[from] Stealth Rock\n|\n|-fieldend|move: Psychic Terrain\n|upkeep\n|turn|16\n|\n|t:|1659680291\n|switch|p1a: Moltres|Moltres-Galar|100\/100\n|move|p2a: Kartana|Smart Strike|p1a: Moltres\n|-damage|p1a: Moltres|56\/100\n|\n|upkeep\n|turn|17\n|\n|t:|1659680307\n|switch|p2a: Landorus|Landorus-Therian, M|28\/100 tox\n|-damage|p2a: Landorus|15\/100 tox|[from] Stealth Rock\n|-ability|p2a: Landorus|Intimidate|boost\n|-unboost|p1a: Moltres|atk|1\n|move|p1a: Moltres|Agility|p1a: Moltres\n|-boost|p1a: Moltres|spe|2\n|\n|-heal|p2a: Landorus|21\/100 tox|[from] item: Leftovers\n|-damage|p2a: Landorus|15\/100 tox|[from] psn\n|upkeep\n|turn|18\n|\n|t:|1659680326\n|move|p1a: Moltres|Nasty Plot|p1a: Moltres\n|-boost|p1a: Moltres|spa|2\n|move|p2a: Landorus|Toxic|p1a: Moltres\n|-status|p1a: Moltres|tox\n|\n|-heal|p2a: Landorus|21\/100 tox|[from] item: Leftovers\n|-damage|p1a: Moltres|50\/100 tox|[from] psn\n|-damage|p2a: Landorus|9\/100 tox|[from] psn\n|upkeep\n|turn|19\n|\n|t:|1659680331\n|move|p1a: Moltres|Fiery Wrath|p2a: Landorus\n|-crit|p2a: Landorus\n|-damage|p2a: Landorus|0 fnt\n|faint|p2a: Landorus\n|\n|-damage|p1a: Moltres|38\/100 tox|[from] psn\n|upkeep\n|\n|t:|1659680333\n|switch|p2a: Melmetal|Melmetal|100\/100\n|-damage|p2a: Melmetal|94\/100|[from] Stealth Rock\n|turn|20\n|\n|t:|1659680335\n|move|p2a: Melmetal|Protect|p2a: Melmetal\n|-singleturn|p2a: Melmetal|Protect\n|move|p1a: Moltres|Fiery Wrath|p2a: Melmetal\n|-activate|p2a: Melmetal|move: Protect\n|\n|-heal|p2a: Melmetal|100\/100|[from] item: Leftovers\n|-damage|p1a: Moltres|20\/100 tox|[from] psn\n|upkeep\n|turn|21\n|\n|t:|1659680348\n|move|p2a: Melmetal|Protect|p2a: Melmetal\n|-singleturn|p2a: Melmetal|Protect\n|move|p1a: Moltres|Fiery Wrath|p2a: Melmetal\n|-activate|p2a: Melmetal|move: Protect\n|\n|-damage|p1a: Moltres|0 fnt|[from] psn\n|faint|p1a: Moltres\n|upkeep\n|j| Charennnn\n|\n|t:|1659680365\n|switch|p1a: Kartana|Kartana|94\/100\n|-damage|p1a: Kartana|88\/100|[from] Stealth Rock\n|turn|22\n|\n|t:|1659680371\n|move|p1a: Kartana|Knock Off|p2a: Melmetal\n|-damage|p2a: Melmetal|74\/100\n|-enditem|p2a: Melmetal|Leftovers|[from] move: Knock Off|[of] p1a: Kartana\n|move|p2a: Melmetal|Double Iron Bash|p1a: Kartana\n|-resisted|p1a: Kartana\n|-damage|p1a: Kartana|65\/100\n|-resisted|p1a: Kartana\n|-crit|p1a: Kartana\n|-damage|p1a: Kartana|28\/100\n|-hitcount|p1a: Kartana|2\n|\n|upkeep\n|turn|23\n|inactive|LT92PFcry has 120 seconds left.\n|\n|t:|1659680402\n|switch|p1a: Tapu Lele|Tapu Lele|31\/100\n|-damage|p1a: Tapu Lele|19\/100|[from] Stealth Rock\n|-fieldstart|move: Psychic Terrain|[from] ability: Psychic Surge|[of] p1a: Tapu Lele\n|move|p2a: Melmetal|Double Iron Bash|p1a: Tapu Lele\n|-supereffective|p1a: Tapu Lele\n|-damage|p1a: Tapu Lele|0 fnt\n|faint|p1a: Tapu Lele\n|-hitcount|p1: Tapu Lele|1\n|\n|upkeep\n|\n|t:|1659680404\n|switch|p1a: Landorus|Landorus-Therian, M|35\/100 tox\n|-damage|p1a: Landorus|23\/100 tox|[from] Stealth Rock\n|-ability|p1a: Landorus|Intimidate|boost\n|-unboost|p2a: Melmetal|atk|1\n|turn|24\n|\n|t:|1659680407\n|move|p2a: Melmetal|Protect|p2a: Melmetal\n|-singleturn|p2a: Melmetal|Protect\n|move|p1a: Landorus|Earthquake|p2a: Melmetal\n|-activate|p2a: Melmetal|move: Protect\n|\n|-damage|p1a: Landorus|17\/100 tox|[from] psn\n|upkeep\n|turn|25\n|\n|t:|1659680411\n|switch|p2a: Blacephalon|Blacephalon|100\/100\n|-damage|p2a: Blacephalon|76\/100|[from] Stealth Rock\n|move|p1a: Landorus|Earthquake|p2a: Blacephalon\n|-supereffective|p2a: Blacephalon\n|-damage|p2a: Blacephalon|0 fnt\n|faint|p2a: Blacephalon\n|\n|-damage|p1a: Landorus|5\/100 tox|[from] psn\n|upkeep\n|\n|t:|1659680416\n|switch|p2a: Kartana|Kartana|94\/100\n|-damage|p2a: Kartana|88\/100|[from] Stealth Rock\n|turn|26\n|\n|t:|1659680436\n|move|p2a: Kartana|Smart Strike|p1a: Landorus\n|-damage|p1a: Landorus|0 fnt\n|faint|p1a: Landorus\n|-ability|p2a: Kartana|Beast Boost|boost\n|-boost|p2a: Kartana|atk|1\n|\n|upkeep\n|\n|t:|1659680439\n|switch|p1a: Dragonite|Dragonite, M|97\/100\n|turn|27\n|\n|t:|1659680444\n|move|p2a: Kartana|Smart Strike|p1a: Dragonite\n|-damage|p1a: Dragonite|36\/100\n|move|p1a: Dragonite|Earthquake|p2a: Kartana\n|-crit|p2a: Kartana\n|-damage|p2a: Kartana|30\/100\n|\n|-fieldend|move: Psychic Terrain\n|upkeep\n|turn|28\n|j| Fleuraina\n|\n|t:|1659680453\n|move|p2a: Kartana|Smart Strike|p1a: Dragonite\n|-damage|p1a: Dragonite|0 fnt\n|faint|p1a: Dragonite\n|-ability|p2a: Kartana|Beast Boost|boost\n|-boost|p2a: Kartana|atk|1\n|\n|upkeep\n|\n|t:|1659680455\n|switch|p1a: Kartana|Kartana|28\/100\n|-damage|p1a: Kartana|22\/100|[from] Stealth Rock\n|turn|29\n|\n|t:|1659680457\n|move|p2a: Kartana|Smart Strike|p1a: Kartana\n|-resisted|p1a: Kartana\n|-damage|p1a: Kartana|0 fnt\n|faint|p1a: Kartana\n|\n|win|dmt dreams\n|raw|LT92PFcry's rating: 1917 &rarr; <strong>1896<\/strong><br \/>(-21 for losing)\n|raw|dmt dreams's rating: 1905 &rarr; <strong>1926<\/strong><br \/>(+21 for winning)\n","uploadtime":1659680460,"views":128,"p1id":"lt92pfcry","p2id":"dmtdreams","formatid":"gen8ou","rating":1896,"private":0,"password":null}