{"id":"gen8ou-1540291884","p1":"cump4","p2":"Kwaga","format":"gen8ou","log":"|j|\u203dcump4\n|j|\u2606Kwaga\n|t:|1648437387\n|gametype|singles\n|player|p1|cump4|gentleman-gen4|1468\n|player|p2|Kwaga|preschooler|1550\n|teamsize|p1|6\n|teamsize|p2|6\n|gen|8\n|tier|[Gen 8] OU\n|rated|\n|rule|Sleep Clause Mod: Limit one foe put to sleep\n|rule|Species Clause: Limit one of each Pok\u00e9mon\n|rule|OHKO Clause: OHKO moves are banned\n|rule|Evasion Moves Clause: Evasion moves are banned\n|rule|Endless Battle Clause: Forcing endless battles is banned\n|rule|HP Percentage Mod: HP is shown in percentages\n|rule|Dynamax Clause: You cannot dynamax\n|clearpoke\n|poke|p1|Landorus-Therian, M|\n|poke|p1|Urshifu-*, M|\n|poke|p1|Dragapult, F|\n|poke|p1|Corviknight, F|\n|poke|p1|Heatran, F|\n|poke|p1|Tapu Lele|\n|poke|p2|Garchomp, F|\n|poke|p2|Ferrothorn, F|\n|poke|p2|Clefable, F|\n|poke|p2|Rotom-Wash|\n|poke|p2|Tornadus-Therian, M|\n|poke|p2|Weavile, M|\n|teampreview\n|inactive|Battle timer is ON: inactive players will automatically lose when time's up. (requested by Kwaga)\n|\n|t:|1648437444\n|start\n|switch|p1a: Urshifu|Urshifu-Rapid-Strike, M|100\/100\n|switch|p2a: Clefable|Clefable, F|100\/100\n|turn|1\n|\n|t:|1648437452\n|move|p1a: Urshifu|U-turn|p2a: Clefable\n|-resisted|p2a: Clefable\n|-damage|p2a: Clefable|87\/100\n|\n|t:|1648437473\n|switch|p1a: Heatran|Heatran, F|100\/100|[from]move: U-turn\n|move|p2a: Clefable|Thunder|p1a: Heatran\n|-crit|p1a: Heatran\n|-damage|p1a: Heatran|74\/100\n|\n|-heal|p1a: Heatran|80\/100|[from] item: Leftovers\n|upkeep\n|turn|2\n|\n|t:|1648437481\n|switch|p2a: Garchomp|Garchomp, F|100\/100\n|move|p1a: Heatran|Magma Storm|p2a: Garchomp\n|-resisted|p2a: Garchomp\n|-damage|p2a: Garchomp|76\/100\n|-activate|p2a: Garchomp|move: Magma Storm|[of] p1a: Heatran\n|\n|-heal|p2a: Garchomp|82\/100|[from] item: Leftovers\n|-heal|p1a: Heatran|86\/100|[from] item: Leftovers\n|-damage|p2a: Garchomp|70\/100|[from] move: Magma Storm|[partiallytrapped]\n|upkeep\n|turn|3\n|\n|t:|1648437496\n|switch|p1a: Corviknight|Corviknight, F, shiny|100\/100\n|-ability|p1a: Corviknight|Pressure\n|move|p2a: Garchomp|Stealth Rock|p1a: Corviknight\n|-sidestart|p1: cump4|move: Stealth Rock\n|\n|-heal|p2a: Garchomp|76\/100|[from] item: Leftovers\n|-end|p2a: Garchomp|Magma Storm|[partiallytrapped]|[silent]\n|upkeep\n|turn|4\n|\n|t:|1648437505\n|switch|p2a: Rotom|Rotom-Wash|100\/100\n|move|p1a: Corviknight|Defog|p2a: Rotom\n|-unboost|p2a: Rotom|evasion|1\n|-sideend|p1: cump4|Stealth Rock|[from] move: Defog|[of] p1a: Corviknight\n|\n|upkeep\n|turn|5\n|\n|t:|1648437519\n|move|p2a: Rotom|Volt Switch|p1a: Corviknight\n|-supereffective|p1a: Corviknight\n|-damage|p1a: Corviknight|55\/100\n|\n|t:|1648437525\n|switch|p2a: Ferrothorn|Ferrothorn, F|100\/100|[from]move: Volt Switch\n|move|p1a: Corviknight|U-turn|p2a: Ferrothorn\n|-damage|p2a: Ferrothorn|92\/100\n|-damage|p1a: Corviknight|42\/100|[from] ability: Iron Barbs|[of] p2a: Ferrothorn\n|\n|t:|1648437528\n|switch|p1a: Heatran|Heatran, F|86\/100|[from]move: U-turn\n|\n|-heal|p1a: Heatran|92\/100|[from] item: Leftovers\n|-heal|p2a: Ferrothorn|98\/100|[from] item: Leftovers\n|upkeep\n|turn|6\n|\n|t:|1648437531\n|switch|p2a: Garchomp|Garchomp, F|76\/100\n|move|p1a: Heatran|Magma Storm|p2a: Garchomp\n|-resisted|p2a: Garchomp\n|-damage|p2a: Garchomp|54\/100\n|-activate|p2a: Garchomp|move: Magma Storm|[of] p1a: Heatran\n|\n|-heal|p2a: Garchomp|60\/100|[from] item: Leftovers\n|-heal|p1a: Heatran|98\/100|[from] item: Leftovers\n|-damage|p2a: Garchomp|48\/100|[from] move: Magma Storm|[partiallytrapped]\n|upkeep\n|turn|7\n|\n|t:|1648437539\n|switch|p1a: Corviknight|Corviknight, F, shiny|42\/100\n|-ability|p1a: Corviknight|Pressure\n|move|p2a: Garchomp|Stealth Rock|p1a: Corviknight\n|-sidestart|p1: cump4|move: Stealth Rock\n|\n|-heal|p2a: Garchomp|54\/100|[from] item: Leftovers\n|-end|p2a: Garchomp|Magma Storm|[partiallytrapped]|[silent]\n|upkeep\n|turn|8\n|\n|t:|1648437551\n|switch|p2a: Ferrothorn|Ferrothorn, F|98\/100\n|move|p1a: Corviknight|Roost|p1a: Corviknight\n|-heal|p1a: Corviknight|92\/100\n|-singleturn|p1a: Corviknight|move: Roost\n|\n|-heal|p2a: Ferrothorn|100\/100|[from] item: Leftovers\n|upkeep\n|turn|9\n|\n|t:|1648437553\n|switch|p1a: Heatran|Heatran, F|98\/100\n|-damage|p1a: Heatran|86\/100|[from] Stealth Rock\n|move|p2a: Ferrothorn|Knock Off|p1a: Heatran\n|-damage|p1a: Heatran|67\/100\n|-enditem|p1a: Heatran|Leftovers|[from] move: Knock Off|[of] p2a: Ferrothorn\n|\n|upkeep\n|turn|10\n|\n|t:|1648437560\n|switch|p2a: Rotom|Rotom-Wash|100\/100\n|move|p1a: Heatran|Magma Storm|p2a: Rotom\n|-resisted|p2a: Rotom\n|-damage|p2a: Rotom|82\/100\n|-activate|p2a: Rotom|move: Magma Storm|[of] p1a: Heatran\n|\n|-heal|p2a: Rotom|88\/100|[from] item: Leftovers\n|-damage|p2a: Rotom|75\/100|[from] move: Magma Storm|[partiallytrapped]\n|upkeep\n|turn|11\n|\n|t:|1648437565\n|switch|p1a: Dragapult|Dragapult, F|100\/100\n|-damage|p1a: Dragapult|88\/100|[from] Stealth Rock\n|move|p2a: Rotom|Hydro Pump|p1a: Dragapult\n|-resisted|p1a: Dragapult\n|-damage|p1a: Dragapult|62\/100\n|\n|-heal|p2a: Rotom|81\/100|[from] item: Leftovers\n|-end|p2a: Rotom|Magma Storm|[partiallytrapped]|[silent]\n|upkeep\n|turn|12\n|\n|t:|1648437575\n|switch|p2a: Clefable|Clefable, F|87\/100\n|move|p1a: Dragapult|Dragon Darts|p2a: Clefable\n|-immune|p2a: Clefable\n|\n|upkeep\n|turn|13\n|\n|t:|1648437581\n|switch|p1a: Corviknight|Corviknight, F, shiny|92\/100\n|-damage|p1a: Corviknight|80\/100|[from] Stealth Rock\n|-ability|p1a: Corviknight|Pressure\n|switch|p2a: Garchomp|Garchomp, F|54\/100\n|\n|-heal|p2a: Garchomp|60\/100|[from] item: Leftovers\n|upkeep\n|turn|14\n|\n|t:|1648437586\n|switch|p2a: Ferrothorn|Ferrothorn, F|100\/100\n|move|p1a: Corviknight|Defog|p2a: Ferrothorn\n|-unboost|p2a: Ferrothorn|evasion|1\n|-sideend|p1: cump4|Stealth Rock|[from] move: Defog|[of] p1a: Corviknight\n|\n|upkeep\n|turn|15\n|\n|t:|1648437589\n|switch|p1a: Heatran|Heatran, F|67\/100\n|move|p2a: Ferrothorn|Leech Seed|p1a: Heatran|[miss]\n|-miss|p2a: Ferrothorn|p1a: Heatran\n|\n|upkeep\n|turn|16\n|\n|t:|1648437593\n|switch|p2a: Garchomp|Garchomp, F|60\/100\n|move|p1a: Heatran|Toxic|p2a: Garchomp\n|-status|p2a: Garchomp|tox\n|\n|-heal|p2a: Garchomp|66\/100 tox|[from] item: Leftovers\n|-damage|p2a: Garchomp|60\/100 tox|[from] psn\n|upkeep\n|turn|17\n|\n|t:|1648437597\n|switch|p1a: Corviknight|Corviknight, F, shiny|80\/100\n|-ability|p1a: Corviknight|Pressure\n|move|p2a: Garchomp|Earthquake|p1a: Corviknight\n|-immune|p1a: Corviknight\n|\n|-heal|p2a: Garchomp|66\/100 tox|[from] item: Leftovers\n|-damage|p2a: Garchomp|54\/100 tox|[from] psn\n|upkeep\n|turn|18\n|\n|t:|1648437600\n|switch|p2a: Ferrothorn|Ferrothorn, F|100\/100\n|move|p1a: Corviknight|U-turn|p2a: Ferrothorn\n|-damage|p2a: Ferrothorn|92\/100\n|-damage|p1a: Corviknight|67\/100|[from] ability: Iron Barbs|[of] p2a: Ferrothorn\n|\n|t:|1648437602\n|switch|p1a: Heatran|Heatran, F|67\/100|[from]move: U-turn\n|\n|-heal|p2a: Ferrothorn|98\/100|[from] item: Leftovers\n|upkeep\n|turn|19\n|\n|t:|1648437605\n|switch|p2a: Rotom|Rotom-Wash|81\/100\n|move|p1a: Heatran|Magma Storm|p2a: Rotom\n|-resisted|p2a: Rotom\n|-crit|p2a: Rotom\n|-damage|p2a: Rotom|54\/100\n|-activate|p2a: Rotom|move: Magma Storm|[of] p1a: Heatran\n|\n|-heal|p2a: Rotom|60\/100|[from] item: Leftovers\n|-damage|p2a: Rotom|47\/100|[from] move: Magma Storm|[partiallytrapped]\n|upkeep\n|turn|20\n|\n|t:|1648437608\n|switch|p1a: Dragapult|Dragapult, F|62\/100\n|move|p2a: Rotom|Thunder Wave|p1a: Dragapult\n|-status|p1a: Dragapult|par\n|\n|-heal|p2a: Rotom|53\/100|[from] item: Leftovers\n|-end|p2a: Rotom|Magma Storm|[partiallytrapped]|[silent]\n|upkeep\n|turn|21\n|\n|t:|1648437613\n|move|p2a: Rotom|Volt Switch|p1a: Dragapult\n|-resisted|p1a: Dragapult\n|-damage|p1a: Dragapult|43\/100 par\n|\n|t:|1648437616\n|switch|p2a: Clefable|Clefable, F|87\/100|[from]move: Volt Switch\n|move|p1a: Dragapult|U-turn|p2a: Clefable\n|-resisted|p2a: Clefable\n|-crit|p2a: Clefable\n|-damage|p2a: Clefable|66\/100\n|\n|t:|1648437620\n|switch|p1a: Urshifu|Urshifu-Rapid-Strike, M|100\/100|[from]move: U-turn\n|\n|upkeep\n|turn|22\n|c|\u2606Kwaga|plz stop critting me\n|c|\u2606Kwaga|ty\n|\n|t:|1648437630\n|move|p1a: Urshifu|U-turn|p2a: Clefable\n|-resisted|p2a: Clefable\n|-damage|p2a: Clefable|50\/100\n|\n|t:|1648437634\n|switch|p1a: Corviknight|Corviknight, F, shiny|67\/100|[from]move: U-turn\n|-ability|p1a: Corviknight|Pressure\n|move|p2a: Clefable|Soft-Boiled|p2a: Clefable\n|-heal|p2a: Clefable|99\/100\n|\n|upkeep\n|turn|23\n|\n|t:|1648437637\n|move|p2a: Clefable|Thunder|p1a: Corviknight|[miss]\n|-miss|p2a: Clefable|p1a: Corviknight\n|move|p1a: Corviknight|Roost|p1a: Corviknight\n|-heal|p1a: Corviknight|100\/100\n|-singleturn|p1a: Corviknight|move: Roost\n|\n|upkeep\n|turn|24\n|\n|t:|1648437645\n|switch|p1a: Landorus|Landorus-Therian, M|100\/100\n|-ability|p1a: Landorus|Intimidate|boost\n|-unboost|p2a: Clefable|atk|1\n|move|p2a: Clefable|Calm Mind|p2a: Clefable\n|-boost|p2a: Clefable|spa|1\n|-boost|p2a: Clefable|spd|1\n|\n|upkeep\n|turn|25\n|\n|t:|1648437649\n|move|p1a: Landorus|Earthquake|p2a: Clefable\n|-crit|p2a: Clefable\n|-damage|p2a: Clefable|40\/100\n|move|p2a: Clefable|Moonblast|p1a: Landorus\n|-damage|p1a: Landorus|51\/100\n|\n|-heal|p1a: Landorus|57\/100|[from] item: Leftovers\n|upkeep\n|turn|26\n|c|\u2606Kwaga|yo stop\n|\n|t:|1648437656\n|move|p1a: Landorus|Earthquake|p2a: Clefable\n|-damage|p2a: Clefable|2\/100\n|move|p2a: Clefable|Soft-Boiled|p2a: Clefable\n|-heal|p2a: Clefable|52\/100\n|\n|-heal|p1a: Landorus|63\/100|[from] item: Leftovers\n|upkeep\n|turn|27\n|\n|t:|1648437660\n|move|p1a: Landorus|U-turn|p2a: Clefable\n|-resisted|p2a: Clefable\n|-damage|p2a: Clefable|42\/100\n|\n|t:|1648437668\n|switch|p1a: Tapu Lele|Tapu Lele, shiny|100\/100|[from]move: U-turn\n|-fieldstart|move: Psychic Terrain|[from] ability: Psychic Surge|[of] p1a: Tapu Lele\n|move|p2a: Clefable|Soft-Boiled|p2a: Clefable\n|-heal|p2a: Clefable|92\/100\n|\n|upkeep\n|turn|28\n|\n|t:|1648437677\n|switch|p2a: Weavile|Weavile, M|100\/100\n|-ability|p2a: Weavile|Pressure\n|move|p1a: Tapu Lele|Psyshock|p2a: Weavile\n|-immune|p2a: Weavile\n|\n|upkeep\n|turn|29\n|\n|t:|1648437683\n|switch|p1a: Corviknight|Corviknight, F, shiny|100\/100\n|-ability|p1a: Corviknight|Pressure\n|move|p2a: Weavile|Knock Off|p1a: Corviknight\n|-damage|p1a: Corviknight|57\/100\n|-damage|p2a: Weavile|84\/100|[from] item: Rocky Helmet|[of] p1a: Corviknight\n|-enditem|p1a: Corviknight|Rocky Helmet|[from] move: Knock Off|[of] p2a: Weavile\n|\n|upkeep\n|turn|30\n|\n|t:|1648437693\n|switch|p2a: Ferrothorn|Ferrothorn, F|98\/100\n|switch|p1a: Heatran|Heatran, F|67\/100\n|\n|-heal|p2a: Ferrothorn|100\/100|[from] item: Leftovers\n|upkeep\n|turn|31\n|\n|t:|1648437698\n|switch|p2a: Rotom|Rotom-Wash|53\/100\n|move|p1a: Heatran|Magma Storm|p2a: Rotom\n|-resisted|p2a: Rotom\n|-damage|p2a: Rotom|34\/100\n|-activate|p2a: Rotom|move: Magma Storm|[of] p1a: Heatran\n|\n|-heal|p2a: Rotom|40\/100|[from] item: Leftovers\n|-damage|p2a: Rotom|28\/100|[from] move: Magma Storm|[partiallytrapped]\n|-fieldend|move: Psychic Terrain\n|upkeep\n|turn|32\n|\n|t:|1648437705\n|switch|p1a: Corviknight|Corviknight, F, shiny|57\/100\n|-ability|p1a: Corviknight|Pressure\n|move|p2a: Rotom|Pain Split|p1a: Corviknight\n|-sethp|p1a: Corviknight|39\/100|[from] move: Pain Split|[silent]\n|-sethp|p2a: Rotom|52\/100|[from] move: Pain Split\n|\n|-heal|p2a: Rotom|58\/100|[from] item: Leftovers\n|-end|p2a: Rotom|Magma Storm|[partiallytrapped]|[silent]\n|upkeep\n|turn|33\n|\n|t:|1648437735\n|move|p2a: Rotom|Volt Switch|p1a: Corviknight\n|-supereffective|p1a: Corviknight\n|-damage|p1a: Corviknight|0 fnt\n|faint|p1a: Corviknight\n|\n|t:|1648437742\n|switch|p2a: Tornadus|Tornadus-Therian, M|100\/100|[from]move: Volt Switch\n|\n|upkeep\n|\n|t:|1648437746\n|switch|p1a: Tapu Lele|Tapu Lele, shiny|100\/100\n|-fieldstart|move: Psychic Terrain|[from] ability: Psychic Surge|[of] p1a: Tapu Lele\n|turn|34\n|\n|t:|1648437750\n|move|p1a: Tapu Lele|Thunder|p2a: Tornadus\n|-supereffective|p2a: Tornadus\n|-damage|p2a: Tornadus|20\/100\n|move|p2a: Tornadus|U-turn|p1a: Tapu Lele\n|-damage|p1a: Tapu Lele|79\/100\n|\n|t:|1648437755\n|switch|p2a: Garchomp|Garchomp, F|54\/100 tox|[from]move: U-turn\n|\n|-heal|p2a: Garchomp|60\/100 tox|[from] item: Leftovers\n|-damage|p2a: Garchomp|54\/100 tox|[from] psn\n|upkeep\n|turn|35\n|\n|t:|1648437758\n|switch|p1a: Landorus|Landorus-Therian, M|63\/100\n|-ability|p1a: Landorus|Intimidate|boost\n|-unboost|p2a: Garchomp|atk|1\n|move|p2a: Garchomp|Stealth Rock|p1a: Landorus\n|-sidestart|p1: cump4|move: Stealth Rock\n|\n|-heal|p2a: Garchomp|60\/100 tox|[from] item: Leftovers\n|-heal|p1a: Landorus|70\/100|[from] item: Leftovers\n|-damage|p2a: Garchomp|48\/100 tox|[from] psn\n|upkeep\n|turn|36\n|\n|t:|1648437766\n|switch|p2a: Ferrothorn|Ferrothorn, F|100\/100\n|move|p1a: Landorus|Toxic|p2a: Ferrothorn\n|-immune|p2a: Ferrothorn\n|\n|-heal|p1a: Landorus|76\/100|[from] item: Leftovers\n|upkeep\n|turn|37\n|\n|t:|1648437770\n|move|p1a: Landorus|Stealth Rock|p2a: Ferrothorn\n|-sidestart|p2: Kwaga|move: Stealth Rock\n|move|p2a: Ferrothorn|Leech Seed|p1a: Landorus\n|-start|p1a: Landorus|move: Leech Seed\n|\n|-heal|p1a: Landorus|82\/100|[from] item: Leftovers\n|-damage|p1a: Landorus|69\/100|[from] Leech Seed|[of] p2a: Ferrothorn\n|upkeep\n|turn|38\n|\n|t:|1648437774\n|switch|p1a: Heatran|Heatran, F|67\/100\n|-damage|p1a: Heatran|55\/100|[from] Stealth Rock\n|move|p2a: Ferrothorn|Leech Seed|p1a: Heatran\n|-start|p1a: Heatran|move: Leech Seed\n|\n|-damage|p1a: Heatran|42\/100|[from] Leech Seed|[of] p2a: Ferrothorn\n|-fieldend|move: Psychic Terrain\n|upkeep\n|turn|39\n|\n|t:|1648437780\n|switch|p2a: Garchomp|Garchomp, F|48\/100 tox\n|-damage|p2a: Garchomp|41\/100 tox|[from] Stealth Rock\n|move|p1a: Heatran|Toxic|p2a: Garchomp\n|-fail|p2a: Garchomp|tox\n|\n|-heal|p2a: Garchomp|48\/100 tox|[from] item: Leftovers\n|-damage|p1a: Heatran|30\/100|[from] Leech Seed|[of] p2a: Garchomp\n|-heal|p2a: Garchomp|61\/100 tox|[silent]\n|-damage|p2a: Garchomp|55\/100 tox|[from] psn\n|upkeep\n|turn|40\n|-message|cump4 forfeited.\n|\n|win|Kwaga\n|raw|cump4's rating: 1490 &rarr; <strong>1473<\/strong><br \/>(-17 for losing)\n|raw|Kwaga's rating: 1550 &rarr; <strong>1567<\/strong><br \/>(+17 for winning)\n|l|\u203dcump4\n","uploadtime":1648437787,"views":27,"p1id":"cump4","p2id":"kwaga","formatid":"gen8ou","rating":1473,"private":0,"password":null}