{"id":"gen8ou-1619828114","p1":"ripreckful","p2":"I Chronos I","format":"gen8ou","log":"|j|\u2606ripreckful\n|j|\u2606I Chronos I\n|inactive|Battle timer is ON: inactive players will automatically lose when time's up.\n|t:|1658146541\n|gametype|singles\n|player|p1|ripreckful|lucas|\n|player|p2|I Chronos I|pryce|\n|teamsize|p1|6\n|teamsize|p2|6\n|gen|8\n|tier|[Gen 8] OU\n|rated|Tournament battle\n|rule|Sleep Clause Mod: Limit one foe put to sleep\n|rule|Species Clause: Limit one of each Pok\u00e9mon\n|rule|OHKO Clause: OHKO moves are banned\n|rule|Evasion Moves Clause: Evasion moves are banned\n|rule|Endless Battle Clause: Forcing endless battles is banned\n|rule|HP Percentage Mod: HP is shown in percentages\n|rule|Dynamax Clause: You cannot dynamax\n|clearpoke\n|poke|p1|Zarude|\n|poke|p1|Clefable, M|\n|poke|p1|Slowking-Galar, M|\n|poke|p1|Ferrothorn, F|\n|poke|p1|Landorus-Therian, M|\n|poke|p1|Moltres|\n|poke|p2|Hippowdon, M|\n|poke|p2|Slowking-Galar, F|\n|poke|p2|Urshifu-*, F|\n|poke|p2|Tapu Lele|\n|poke|p2|Primarina, F|\n|poke|p2|Mandibuzz, F|\n|teampreview\n|inactive|ripreckful also wants the timer to be on.\n|j| Swagataka\n|c|\u2606I Chronos I|Gl hf !\n|c|\u2606ripreckful|u2\n|\n|t:|1658146564\n|start\n|switch|p1a: Landorus|Landorus-Therian, M|100\/100\n|switch|p2a: Primarina|Primarina, F|100\/100\n|-ability|p1a: Landorus|Intimidate|boost\n|-unboost|p2a: Primarina|atk|1\n|turn|1\n|\n|t:|1658146581\n|move|p1a: Landorus|Earthquake|p2a: Primarina\n|-damage|p2a: Primarina|0 fnt\n|faint|p2a: Primarina\n|\n|upkeep\n|\n|t:|1658146587\n|switch|p2a: Urshifu|Urshifu-Rapid-Strike, F|100\/100\n|turn|2\n|\n|t:|1658146595\n|switch|p1a: Ferrothorn|Ferrothorn, F|100\/100\n|move|p2a: Urshifu|Surging Strikes|p1a: Ferrothorn\n|-resisted|p1a: Ferrothorn\n|-crit|p1a: Ferrothorn\n|-damage|p1a: Ferrothorn|95\/100\n|-activate|p1a: Ferrothorn|ability: Iron Barbs\n|-activate|p2a: Urshifu|item: Protective Pads\n|-resisted|p1a: Ferrothorn\n|-crit|p1a: Ferrothorn\n|-damage|p1a: Ferrothorn|89\/100\n|-activate|p1a: Ferrothorn|ability: Iron Barbs\n|-activate|p2a: Urshifu|item: Protective Pads\n|-resisted|p1a: Ferrothorn\n|-crit|p1a: Ferrothorn\n|-damage|p1a: Ferrothorn|83\/100\n|-activate|p1a: Ferrothorn|ability: Iron Barbs\n|-activate|p2a: Urshifu|item: Protective Pads\n|-hitcount|p1a: Ferrothorn|3\n|\n|upkeep\n|turn|3\n|\n|t:|1658146599\n|switch|p1a: Clefable|Clefable, M|100\/100\n|move|p2a: Urshifu|Close Combat|p1a: Clefable\n|-resisted|p1a: Clefable\n|-damage|p1a: Clefable|78\/100\n|-unboost|p2a: Urshifu|def|1\n|-unboost|p2a: Urshifu|spd|1\n|\n|upkeep\n|turn|4\n|\n|t:|1658146603\n|move|p2a: Urshifu|U-turn|p1a: Clefable\n|-resisted|p1a: Clefable\n|-damage|p1a: Clefable|70\/100\n|\n|t:|1658146606\n|switch|p2a: Slowking|Slowking-Galar, F|100\/100|[from]move: U-turn\n|move|p1a: Clefable|Trick|p2a: Slowking\n|-activate|p1a: Clefable|move: Trick|[of] p2a: Slowking\n|-item|p2a: Slowking|Sticky Barb|[from] move: Trick\n|-item|p1a: Clefable|Assault Vest|[from] move: Trick\n|\n|-damage|p2a: Slowking|88\/100|[from] item: Sticky Barb\n|upkeep\n|turn|5\n|\n|t:|1658146614\n|switch|p1a: Slowking|Slowking-Galar, M|100\/100\n|move|p2a: Slowking|Future Sight|p1a: Slowking\n|-start|p2a: Slowking|move: Future Sight\n|\n|-damage|p2a: Slowking|76\/100|[from] item: Sticky Barb\n|upkeep\n|turn|6\n|\n|t:|1658146621\n|switch|p2a: Urshifu|Urshifu-Rapid-Strike, F|100\/100\n|move|p1a: Slowking|Future Sight|p2a: Urshifu\n|-start|p1a: Slowking|move: Future Sight\n|\n|upkeep\n|turn|7\n|\n|t:|1658146627\n|move|p2a: Urshifu|Surging Strikes|p1a: Slowking\n|-crit|p1a: Slowking\n|-damage|p1a: Slowking|84\/100\n|-crit|p1a: Slowking\n|-damage|p1a: Slowking|68\/100\n|-crit|p1a: Slowking\n|-damage|p1a: Slowking|50\/100\n|-hitcount|p1a: Slowking|3\n|move|p1a: Slowking|Sludge Bomb|p2a: Urshifu\n|-damage|p2a: Urshifu|47\/100\n|\n|-end|p1a: Slowking|move: Future Sight\n|-crit|p1a: Slowking\n|-damage|p1a: Slowking|8\/100\n|upkeep\n|turn|8\n|\n|t:|1658146640\n|switch|p1a: Clefable|Clefable, M|70\/100\n|move|p2a: Urshifu|U-turn|p1a: Clefable\n|-resisted|p1a: Clefable\n|-damage|p1a: Clefable|61\/100\n|\n|t:|1658146643\n|switch|p2a: Slowking|Slowking-Galar, F|100\/100|[from]move: U-turn\n|\n|-end|p2a: Slowking|move: Future Sight\n|-damage|p2a: Slowking|63\/100\n|-damage|p2a: Slowking|51\/100|[from] item: Sticky Barb\n|upkeep\n|turn|9\n|\n|t:|1658146647\n|switch|p1a: Slowking|Slowking-Galar, M|42\/100\n|move|p2a: Slowking|Future Sight|p1a: Slowking\n|-start|p2a: Slowking|move: Future Sight\n|\n|-damage|p2a: Slowking|38\/100|[from] item: Sticky Barb\n|upkeep\n|turn|10\n|\n|t:|1658146652\n|switch|p2a: Tapu Lele|Tapu Lele|100\/100\n|-fieldstart|move: Psychic Terrain|[from] ability: Psychic Surge|[of] p2a: Tapu Lele\n|move|p1a: Slowking|Sludge Bomb|p2a: Tapu Lele\n|-supereffective|p2a: Tapu Lele\n|-damage|p2a: Tapu Lele|29\/100\n|\n|upkeep\n|turn|11\n|\n|t:|1658146667\n|switch|p1a: Moltres|Moltres|100\/100\n|move|p2a: Tapu Lele|Moonblast|p1a: Moltres\n|-resisted|p1a: Moltres\n|-damage|p1a: Moltres|74\/100\n|\n|-end|p1a: Moltres|move: Future Sight\n|-damage|p1a: Moltres|0 fnt\n|faint|p1a: Moltres\n|upkeep\n|\n|t:|1658146673\n|switch|p1a: Ferrothorn|Ferrothorn, F|83\/100\n|turn|12\n|\n|t:|1658146678\n|switch|p2a: Slowking|Slowking-Galar, F|72\/100\n|move|p1a: Ferrothorn|Stealth Rock|p2a: Slowking\n|-sidestart|p2: I Chronos I|move: Stealth Rock\n|\n|-damage|p2a: Slowking|59\/100|[from] item: Sticky Barb\n|upkeep\n|turn|13\n|\n|t:|1658146683\n|switch|p1a: Landorus|Landorus-Therian, M|100\/100\n|-ability|p1a: Landorus|Intimidate|boost\n|-unboost|p2a: Slowking|atk|1\n|move|p2a: Slowking|Future Sight|p1a: Landorus\n|-start|p2a: Slowking|move: Future Sight\n|\n|-damage|p2a: Slowking|47\/100|[from] item: Sticky Barb\n|upkeep\n|turn|14\n|\n|t:|1658146689\n|switch|p2a: Mandibuzz|Mandibuzz, F|100\/100\n|move|p1a: Landorus|Stone Edge|p2a: Mandibuzz|[miss]\n|-miss|p1a: Landorus|p2a: Mandibuzz\n|\n|-fieldend|move: Psychic Terrain\n|upkeep\n|turn|15\n|\n|t:|1658146703\n|switch|p1a: Ferrothorn|Ferrothorn, F|83\/100\n|switch|p2a: Hippowdon|Hippowdon, M|100\/100\n|-damage|p2a: Hippowdon|94\/100|[from] Stealth Rock\n|-weather|Sandstorm|[from] ability: Sand Stream|[of] p2a: Hippowdon\n|\n|-weather|Sandstorm|[upkeep]\n|-end|p1a: Ferrothorn|move: Future Sight\n|-resisted|p1a: Ferrothorn\n|-damage|p1a: Ferrothorn|56\/100\n|-heal|p2a: Hippowdon|100\/100|[from] item: Leftovers\n|upkeep\n|turn|16\n|j| Iceman8911\n|\n|t:|1658146719\n|switch|p2a: Mandibuzz|Mandibuzz, F|100\/100\n|move|p1a: Ferrothorn|Leech Seed|p2a: Mandibuzz\n|-start|p2a: Mandibuzz|move: Leech Seed\n|\n|-weather|Sandstorm|[upkeep]\n|-damage|p2a: Mandibuzz|88\/100|[from] Leech Seed|[of] p1a: Ferrothorn\n|-heal|p1a: Ferrothorn|71\/100|[silent]\n|upkeep\n|turn|17\n|\n|t:|1658146723\n|move|p2a: Mandibuzz|Defog|p1a: Ferrothorn\n|-unboost|p1a: Ferrothorn|evasion|1\n|-sideend|p2: I Chronos I|Stealth Rock|[from] move: Defog|[of] p2a: Mandibuzz\n|move|p1a: Ferrothorn|Spikes|p2a: Mandibuzz\n|-sidestart|p2: I Chronos I|Spikes\n|\n|-weather|Sandstorm|[upkeep]\n|-damage|p2a: Mandibuzz|76\/100|[from] Leech Seed|[of] p1a: Ferrothorn\n|-heal|p1a: Ferrothorn|86\/100|[silent]\n|upkeep\n|turn|18\n|\n|t:|1658146727\n|switch|p2a: Slowking|Slowking-Galar, F|80\/100\n|-damage|p2a: Slowking|68\/100|[from] Spikes\n|move|p1a: Ferrothorn|Stealth Rock|p2a: Slowking\n|-sidestart|p2: I Chronos I|move: Stealth Rock\n|\n|-weather|Sandstorm|[upkeep]\n|-damage|p2a: Slowking|61\/100|[from] Sandstorm\n|-damage|p2a: Slowking|49\/100|[from] item: Sticky Barb\n|upkeep\n|turn|19\n|\n|t:|1658146735\n|switch|p1a: Landorus|Landorus-Therian, M|100\/100\n|-ability|p1a: Landorus|Intimidate|boost\n|-unboost|p2a: Slowking|atk|1\n|move|p2a: Slowking|Flamethrower|p1a: Landorus\n|-damage|p1a: Landorus|61\/100\n|\n|-weather|none\n|-damage|p2a: Slowking|37\/100|[from] item: Sticky Barb\n|upkeep\n|turn|20\n|\n|t:|1658146740\n|switch|p2a: Hippowdon|Hippowdon, M|100\/100\n|-damage|p2a: Hippowdon|88\/100|[from] Spikes\n|-damage|p2a: Hippowdon|82\/100|[from] Stealth Rock\n|-weather|Sandstorm|[from] ability: Sand Stream|[of] p2a: Hippowdon\n|move|p1a: Landorus|U-turn|p2a: Hippowdon\n|-damage|p2a: Hippowdon|53\/100\n|\n|t:|1658146746\n|switch|p1a: Zarude|Zarude|100\/100|[from]move: U-turn\n|\n|-weather|Sandstorm|[upkeep]\n|-damage|p1a: Zarude|94\/100|[from] Sandstorm\n|-heal|p1a: Zarude|100\/100|[from] item: Leftovers\n|-heal|p2a: Hippowdon|59\/100|[from] item: Leftovers\n|upkeep\n|turn|21\n|\n|t:|1658146762\n|switch|p2a: Mandibuzz|Mandibuzz, F|76\/100\n|move|p1a: Zarude|Bulk Up|p1a: Zarude\n|-boost|p1a: Zarude|atk|1\n|-boost|p1a: Zarude|def|1\n|\n|-weather|Sandstorm|[upkeep]\n|-damage|p1a: Zarude|94\/100|[from] Sandstorm\n|-heal|p1a: Zarude|100\/100|[from] item: Leftovers\n|upkeep\n|turn|22\n|\n|t:|1658146767\n|move|p1a: Zarude|Bulk Up|p1a: Zarude\n|-boost|p1a: Zarude|atk|1\n|-boost|p1a: Zarude|def|1\n|move|p2a: Mandibuzz|Defog|p1a: Zarude\n|-unboost|p1a: Zarude|evasion|1\n|-sideend|p2: I Chronos I|Spikes|[from] move: Defog|[of] p2a: Mandibuzz\n|-sideend|p2: I Chronos I|Stealth Rock|[from] move: Defog|[of] p2a: Mandibuzz\n|\n|-weather|Sandstorm|[upkeep]\n|-damage|p1a: Zarude|94\/100|[from] Sandstorm\n|-heal|p1a: Zarude|100\/100|[from] item: Leftovers\n|upkeep\n|turn|23\n|\n|t:|1658146774\n|move|p1a: Zarude|Power Whip|p2a: Mandibuzz\n|-resisted|p2a: Mandibuzz\n|-damage|p2a: Mandibuzz|45\/100\n|move|p2a: Mandibuzz|U-turn|p1a: Zarude\n|-supereffective|p1a: Zarude\n|-damage|p1a: Zarude|82\/100\n|\n|t:|1658146781\n|switch|p2a: Tapu Lele|Tapu Lele|29\/100|[from]move: U-turn\n|-fieldstart|move: Psychic Terrain|[from] ability: Psychic Surge|[of] p2a: Tapu Lele\n|\n|-weather|Sandstorm|[upkeep]\n|-damage|p2a: Tapu Lele|23\/100|[from] Sandstorm\n|-damage|p1a: Zarude|76\/100|[from] Sandstorm\n|-heal|p1a: Zarude|82\/100|[from] item: Leftovers\n|upkeep\n|turn|24\n|\n|t:|1658146785\n|switch|p1a: Slowking|Slowking-Galar, M|75\/100\n|move|p2a: Tapu Lele|Moonblast|p1a: Slowking\n|-resisted|p1a: Slowking\n|-damage|p1a: Slowking|63\/100\n|\n|-weather|none\n|upkeep\n|turn|25\n|\n|t:|1658146792\n|switch|p2a: Hippowdon|Hippowdon, M|59\/100\n|-weather|Sandstorm|[from] ability: Sand Stream|[of] p2a: Hippowdon\n|move|p1a: Slowking|Scald|p2a: Hippowdon\n|-supereffective|p2a: Hippowdon\n|-damage|p2a: Hippowdon|31\/100\n|\n|-weather|Sandstorm|[upkeep]\n|-damage|p1a: Slowking|57\/100|[from] Sandstorm\n|-heal|p2a: Hippowdon|37\/100|[from] item: Leftovers\n|upkeep\n|turn|26\n|\n|t:|1658146799\n|switch|p1a: Ferrothorn|Ferrothorn, F|86\/100\n|move|p2a: Hippowdon|Slack Off|p2a: Hippowdon\n|-heal|p2a: Hippowdon|87\/100\n|\n|-weather|Sandstorm|[upkeep]\n|-heal|p2a: Hippowdon|93\/100|[from] item: Leftovers\n|upkeep\n|turn|27\n|\n|t:|1658146802\n|switch|p2a: Slowking|Slowking-Galar, F|70\/100\n|move|p1a: Ferrothorn|Stealth Rock|p2a: Slowking\n|-sidestart|p2: I Chronos I|move: Stealth Rock\n|\n|-weather|Sandstorm|[upkeep]\n|-damage|p2a: Slowking|64\/100|[from] Sandstorm\n|-fieldend|move: Psychic Terrain\n|-damage|p2a: Slowking|51\/100|[from] item: Sticky Barb\n|upkeep\n|turn|28\n|\n|t:|1658146810\n|switch|p1a: Slowking|Slowking-Galar, M|90\/100\n|move|p2a: Slowking|Ice Beam|p1a: Slowking\n|-crit|p1a: Slowking\n|-damage|p1a: Slowking|71\/100\n|\n|-weather|Sandstorm|[upkeep]\n|-damage|p2a: Slowking|45\/100|[from] Sandstorm\n|-damage|p1a: Slowking|65\/100|[from] Sandstorm\n|-damage|p2a: Slowking|33\/100|[from] item: Sticky Barb\n|upkeep\n|turn|29\n|\n|t:|1658146818\n|switch|p2a: Hippowdon|Hippowdon, M|93\/100\n|-damage|p2a: Hippowdon|87\/100|[from] Stealth Rock\n|move|p1a: Slowking|Future Sight|p2a: Hippowdon\n|-start|p1a: Slowking|move: Future Sight\n|\n|-weather|none\n|-heal|p2a: Hippowdon|93\/100|[from] item: Leftovers\n|upkeep\n|turn|30\n|\n|t:|1658146835\n|switch|p2a: Mandibuzz|Mandibuzz, F|45\/100\n|switch|p1a: Zarude|Zarude|82\/100\n|\n|-heal|p1a: Zarude|88\/100|[from] item: Leftovers\n|upkeep\n|turn|31\n|j| Rafe132\n|\n|t:|1658146839\n|move|p1a: Zarude|Power Whip|p2a: Mandibuzz\n|-resisted|p2a: Mandibuzz\n|-damage|p2a: Mandibuzz|30\/100\n|move|p2a: Mandibuzz|Roost|p2a: Mandibuzz\n|-heal|p2a: Mandibuzz|80\/100\n|-singleturn|p2a: Mandibuzz|move: Roost\n|\n|-end|p2a: Mandibuzz|move: Future Sight\n|-immune|p2a: Mandibuzz\n|-heal|p1a: Zarude|94\/100|[from] item: Leftovers\n|upkeep\n|turn|32\n|\n|t:|1658146843\n|move|p1a: Zarude|Bulk Up|p1a: Zarude\n|-boost|p1a: Zarude|atk|1\n|-boost|p1a: Zarude|def|1\n|move|p2a: Mandibuzz|Defog|p1a: Zarude\n|-unboost|p1a: Zarude|evasion|1\n|-sideend|p2: I Chronos I|Stealth Rock|[from] move: Defog|[of] p2a: Mandibuzz\n|\n|-heal|p1a: Zarude|100\/100|[from] item: Leftovers\n|upkeep\n|turn|33\n|l| Rafe132\n|\n|t:|1658146849\n|move|p1a: Zarude|Darkest Lariat|p2a: Mandibuzz\n|-resisted|p2a: Mandibuzz\n|-damage|p2a: Mandibuzz|65\/100\n|move|p2a: Mandibuzz|U-turn|p1a: Zarude\n|-supereffective|p1a: Zarude\n|-damage|p1a: Zarude|73\/100\n|\n|t:|1658146862\n|switch|p2a: Tapu Lele|Tapu Lele|23\/100|[from]move: U-turn\n|-fieldstart|move: Psychic Terrain|[from] ability: Psychic Surge|[of] p2a: Tapu Lele\n|\n|-heal|p1a: Zarude|79\/100|[from] item: Leftovers\n|upkeep\n|turn|34\n|\n|t:|1658146869\n|switch|p1a: Slowking|Slowking-Galar, M|98\/100\n|move|p2a: Tapu Lele|Moonblast|p1a: Slowking\n|-resisted|p1a: Slowking\n|-damage|p1a: Slowking|87\/100\n|\n|upkeep\n|turn|35\n|\n|t:|1658146873\n|switch|p2a: Slowking|Slowking-Galar, F|66\/100\n|move|p1a: Slowking|Future Sight|p2a: Slowking\n|-start|p1a: Slowking|move: Future Sight\n|\n|-damage|p2a: Slowking|54\/100|[from] item: Sticky Barb\n|upkeep\n|turn|36\n|\n|t:|1658146878\n|move|p1a: Slowking|Scald|p2a: Slowking\n|-damage|p2a: Slowking|38\/100\n|move|p2a: Slowking|Future Sight|p1a: Slowking\n|-start|p2a: Slowking|move: Future Sight\n|\n|-damage|p2a: Slowking|25\/100|[from] item: Sticky Barb\n|upkeep\n|turn|37\n|\n|t:|1658146887\n|switch|p2a: Hippowdon|Hippowdon, M|93\/100\n|-weather|Sandstorm|[from] ability: Sand Stream|[of] p2a: Hippowdon\n|move|p1a: Slowking|Scald|p2a: Hippowdon\n|-supereffective|p2a: Hippowdon\n|-damage|p2a: Hippowdon|64\/100\n|\n|-weather|Sandstorm|[upkeep]\n|-damage|p1a: Slowking|80\/100|[from] Sandstorm\n|-end|p2a: Hippowdon|move: Future Sight\n|-damage|p2a: Hippowdon|21\/100\n|-heal|p2a: Hippowdon|27\/100|[from] item: Leftovers\n|-fieldend|move: Psychic Terrain\n|upkeep\n|turn|38\n|\n|t:|1658146909\n|switch|p1a: Zarude|Zarude|79\/100\n|move|p2a: Hippowdon|Slack Off|p2a: Hippowdon\n|-heal|p2a: Hippowdon|77\/100\n|\n|-weather|Sandstorm|[upkeep]\n|-damage|p1a: Zarude|73\/100|[from] Sandstorm\n|-end|p1a: Zarude|move: Future Sight\n|-immune|p1a: Zarude\n|-heal|p1a: Zarude|79\/100|[from] item: Leftovers\n|-heal|p2a: Hippowdon|84\/100|[from] item: Leftovers\n|upkeep\n|turn|39\n|\n|t:|1658146917\n|switch|p1a: Ferrothorn|Ferrothorn, F|86\/100\n|switch|p2a: Mandibuzz|Mandibuzz, F|65\/100\n|\n|-weather|Sandstorm|[upkeep]\n|upkeep\n|turn|40\n|\n|t:|1658146925\n|switch|p2a: Slowking|Slowking-Galar, F|59\/100\n|move|p1a: Ferrothorn|Leech Seed|p2a: Slowking\n|-start|p2a: Slowking|move: Leech Seed\n|\n|-weather|Sandstorm|[upkeep]\n|-damage|p2a: Slowking|53\/100|[from] Sandstorm\n|-damage|p2a: Slowking|40\/100|[from] Leech Seed|[of] p1a: Ferrothorn\n|-heal|p1a: Ferrothorn|99\/100|[silent]\n|-damage|p2a: Slowking|28\/100|[from] item: Sticky Barb\n|upkeep\n|turn|41\n|\n|t:|1658146933\n|switch|p1a: Slowking|Slowking-Galar, M|100\/100\n|move|p2a: Slowking|Future Sight|p1a: Slowking\n|-start|p2a: Slowking|move: Future Sight\n|\n|-weather|none\n|-damage|p2a: Slowking|15\/100|[from] Leech Seed|[of] p1a: Slowking\n|-damage|p2a: Slowking|3\/100|[from] item: Sticky Barb\n|upkeep\n|turn|42\n|\n|t:|1658146946\n|switch|p2a: Hippowdon|Hippowdon, M|84\/100\n|-weather|Sandstorm|[from] ability: Sand Stream|[of] p2a: Hippowdon\n|move|p1a: Slowking|Scald|p2a: Hippowdon\n|-supereffective|p2a: Hippowdon\n|-crit|p2a: Hippowdon\n|-damage|p2a: Hippowdon|42\/100\n|\n|-weather|Sandstorm|[upkeep]\n|-damage|p1a: Slowking|94\/100|[from] Sandstorm\n|-heal|p2a: Hippowdon|48\/100|[from] item: Leftovers\n|upkeep\n|turn|43\n|\n|t:|1658146956\n|switch|p2a: Urshifu|Urshifu-Rapid-Strike, F|47\/100\n|switch|p1a: Zarude|Zarude|79\/100\n|\n|-weather|Sandstorm|[upkeep]\n|-damage|p1a: Zarude|73\/100|[from] Sandstorm\n|-damage|p2a: Urshifu|41\/100|[from] Sandstorm\n|-end|p1a: Zarude|move: Future Sight\n|-immune|p1a: Zarude\n|-heal|p1a: Zarude|79\/100|[from] item: Leftovers\n|upkeep\n|turn|44\n|\n|t:|1658146963\n|move|p1a: Zarude|Power Whip|p2a: Urshifu\n|-supereffective|p2a: Urshifu\n|-damage|p2a: Urshifu|0 fnt\n|faint|p2a: Urshifu\n|\n|-weather|Sandstorm|[upkeep]\n|-damage|p1a: Zarude|73\/100|[from] Sandstorm\n|-heal|p1a: Zarude|79\/100|[from] item: Leftovers\n|upkeep\n|-message|I Chronos I forfeited.\n|\n|win|ripreckful\n|n|\u2606ripreckful|ripreckful\n|n|\u2606I Chronos I|ichronosi\n|n| Swagataka|swagataka\n|n| Iceman8911|iceman8911\n","uploadtime":1658146971,"views":143,"p1id":"ripreckful","p2id":"ichronosi","formatid":"gen8ou","rating":0,"private":0,"password":null}