{"id":"gen8ou-1681365822","p1":"minimax_ai","p2":"ldailey19","format":"gen8ou","log":"|j|\u2606minimax_ai\n|j|\u2606ldailey19\n|t:|1665305422\n|gametype|singles\n|player|p1|minimax_ai|lusamine-nihilego|1456\n|player|p2|ldailey19|lance|1462\n|teamsize|p1|6\n|teamsize|p2|6\n|gen|8\n|tier|[Gen 8] OU\n|rated|\n|rule|Sleep Clause Mod: Limit one foe put to sleep\n|rule|Species Clause: Limit one of each Pok\u00e9mon\n|rule|OHKO Clause: OHKO moves are banned\n|rule|Evasion Items Clause: Evasion items are banned\n|rule|Evasion Moves Clause: Evasion moves are banned\n|rule|Endless Battle Clause: Forcing endless battles is banned\n|rule|HP Percentage Mod: HP is shown in percentages\n|rule|Dynamax Clause: You cannot dynamax\n|clearpoke\n|poke|p1|Rotom-Wash|\n|poke|p1|Weavile, F|\n|poke|p1|Landorus-Therian, M|\n|poke|p1|Heatran, M|\n|poke|p1|Tangrowth, F|\n|poke|p1|Melmetal|\n|poke|p2|Magnezone|\n|poke|p2|Weavile, F|\n|poke|p2|Urshifu-*, M|\n|poke|p2|Heatran, M|\n|poke|p2|Landorus-Therian, M|\n|poke|p2|Dragapult, F|\n|teampreview\n|inactive|Battle timer is ON: inactive players will automatically lose when time's up. (requested by ldailey19)\n|c|\u2606minimax_ai|hf\n|inactive|minimax_ai also wants the timer to be on.\n|\n|t:|1665305437\n|start\n|switch|p1a: rotomwash|Rotom-Wash|100\/100\n|switch|p2a: Dragapult|Dragapult, F, shiny|100\/100\n|turn|1\n|\n|t:|1665305447\n|switch|p1a: Melmetal|Melmetal|100\/100\n|move|p2a: Dragapult|Dragon Darts|p1a: Melmetal\n|-resisted|p1a: Melmetal\n|-damage|p1a: Melmetal|93\/100\n|-anim|p2a: Dragapult|Dragon Darts|p1a: Melmetal\n|-resisted|p1a: Melmetal\n|-damage|p1a: Melmetal|86\/100\n|\n|upkeep\n|turn|2\n|\n|t:|1665305472\n|move|p2a: Dragapult|U-turn|p1a: Melmetal\n|-resisted|p1a: Melmetal\n|-damage|p1a: Melmetal|80\/100\n|\n|t:|1665305475\n|switch|p2a: Landorus|Landorus-Therian, M|100\/100|[from]move: U-turn\n|-ability|p2a: Landorus|Intimidate|boost\n|-unboost|p1a: Melmetal|atk|1\n|move|p1a: Melmetal|Double Iron Bash|p2a: Landorus\n|-damage|p2a: Landorus|82\/100\n|-damage|p1a: Melmetal|63\/100|[from] item: Rocky Helmet|[of] p2a: Landorus\n|-damage|p2a: Landorus|62\/100\n|-damage|p1a: Melmetal|47\/100|[from] item: Rocky Helmet|[of] p2a: Landorus\n|-hitcount|p2a: Landorus|2\n|\n|upkeep\n|turn|3\n|\n|t:|1665305489\n|switch|p1a: landorustherian|Landorus-Therian, M|100\/100\n|-ability|p1a: landorustherian|Intimidate|boost\n|-unboost|p2a: Landorus|atk|1\n|move|p2a: Landorus|Knock Off|p1a: landorustherian\n|-damage|p1a: landorustherian|79\/100\n|-enditem|p1a: landorustherian|Leftovers|[from] move: Knock Off|[of] p2a: Landorus\n|\n|upkeep\n|turn|4\n|inactive|ldailey19 has 120 seconds left.\n|\n|t:|1665305520\n|move|p2a: Landorus|Knock Off|p1a: landorustherian\n|-damage|p1a: landorustherian|66\/100\n|move|p1a: landorustherian|Earthquake|p2a: Landorus\n|-immune|p2a: Landorus\n|\n|upkeep\n|turn|5\n|inactive|ldailey19 has 120 seconds left.\n|\n|t:|1665305527\n|move|p2a: Landorus|Stealth Rock|p1a: landorustherian\n|-sidestart|p1: minimax_ai|move: Stealth Rock\n|move|p1a: landorustherian|Earthquake|p2a: Landorus\n|-immune|p2a: Landorus\n|\n|upkeep\n|turn|6\n|\n|t:|1665305532\n|move|p2a: Landorus|Knock Off|p1a: landorustherian\n|-damage|p1a: landorustherian|54\/100\n|move|p1a: landorustherian|Defog|p2a: Landorus\n|-unboost|p2a: Landorus|evasion|1\n|-sideend|p1: minimax_ai|Stealth Rock|[from] move: Defog|[of] p1a: landorustherian\n|\n|upkeep\n|turn|7\n|\n|t:|1665305539\n|move|p2a: Landorus|Knock Off|p1a: landorustherian\n|-damage|p1a: landorustherian|40\/100\n|move|p1a: landorustherian|Earthquake|p2a: Landorus\n|-immune|p2a: Landorus\n|\n|upkeep\n|turn|8\n|\n|t:|1665305544\n|move|p2a: Landorus|Knock Off|p1a: landorustherian\n|-damage|p1a: landorustherian|28\/100\n|move|p1a: landorustherian|Earthquake|p2a: Landorus\n|-immune|p2a: Landorus\n|\n|upkeep\n|turn|9\n|\n|t:|1665305550\n|move|p2a: Landorus|Knock Off|p1a: landorustherian\n|-damage|p1a: landorustherian|13\/100\n|move|p1a: landorustherian|Earthquake|p2a: Landorus\n|-immune|p2a: Landorus\n|\n|upkeep\n|turn|10\n|\n|t:|1665305556\n|switch|p1a: Heatran|Heatran, M|100\/100\n|-item|p1a: Heatran|Air Balloon\n|move|p2a: Landorus|Stealth Rock|p1a: Heatran\n|-sidestart|p1: minimax_ai|move: Stealth Rock\n|\n|upkeep\n|turn|11\n|\n|t:|1665305565\n|move|p1a: Heatran|Stealth Rock|p2a: Landorus\n|-sidestart|p2: ldailey19|move: Stealth Rock\n|move|p2a: Landorus|Knock Off|p1a: Heatran\n|-damage|p1a: Heatran|80\/100\n|-enditem|p1a: Heatran|Air Balloon\n|\n|upkeep\n|turn|12\n|\n|t:|1665305571\n|move|p1a: Heatran|Eruption|p2a: Landorus\n|-damage|p2a: Landorus|0 fnt\n|faint|p2a: Landorus\n|\n|upkeep\n|\n|t:|1665305595\n|switch|p2a: Heatran|Heatran, M, shiny|100\/100\n|-damage|p2a: Heatran|88\/100|[from] Stealth Rock\n|-item|p2a: Heatran|Air Balloon\n|turn|13\n|\n|t:|1665305598\n|switch|p1a: rotomwash|Rotom-Wash|100\/100\n|-damage|p1a: rotomwash|88\/100|[from] Stealth Rock\n|move|p2a: Heatran|Toxic|p1a: rotomwash\n|-status|p1a: rotomwash|tox\n|\n|-heal|p1a: rotomwash|94\/100 tox|[from] item: Leftovers\n|-damage|p1a: rotomwash|88\/100 tox|[from] psn\n|upkeep\n|turn|14\n|\n|t:|1665305607\n|move|p2a: Heatran|Protect|p2a: Heatran\n|-singleturn|p2a: Heatran|Protect\n|move|p1a: rotomwash|Thunderbolt|p2a: Heatran\n|-activate|p2a: Heatran|move: Protect\n|\n|-heal|p1a: rotomwash|94\/100 tox|[from] item: Leftovers\n|-damage|p1a: rotomwash|82\/100 tox|[from] psn\n|upkeep\n|turn|15\n|\n|t:|1665305619\n|switch|p2a: Magnezone|Magnezone, shiny|100\/100\n|-damage|p2a: Magnezone|94\/100|[from] Stealth Rock\n|move|p1a: rotomwash|Hydro Pump|p2a: Magnezone\n|-crit|p2a: Magnezone\n|-damage|p2a: Magnezone|51\/100\n|\n|-heal|p1a: rotomwash|88\/100 tox|[from] item: Leftovers\n|-damage|p1a: rotomwash|69\/100 tox|[from] psn\n|upkeep\n|turn|16\n|\n|t:|1665305624\n|move|p1a: rotomwash|Hydro Pump|p2a: Magnezone\n|-damage|p2a: Magnezone|20\/100\n|move|p2a: Magnezone|Volt Switch|p1a: rotomwash\n|-damage|p1a: rotomwash|13\/100 tox\n|\n|t:|1665305638\n|switch|p2a: Dragapult|Dragapult, F, shiny|100\/100|[from]move: Volt Switch\n|-damage|p2a: Dragapult|88\/100|[from] Stealth Rock\n|\n|-heal|p1a: rotomwash|19\/100 tox|[from] item: Leftovers\n|-damage|p1a: rotomwash|0 fnt|[from] psn\n|faint|p1a: rotomwash\n|upkeep\n|\n|t:|1665305638\n|switch|p1a: Melmetal|Melmetal|47\/100\n|-damage|p1a: Melmetal|41\/100|[from] Stealth Rock\n|turn|17\n|\n|t:|1665305649\n|move|p2a: Dragapult|Flamethrower|p1a: Melmetal\n|-supereffective|p1a: Melmetal\n|-damage|p1a: Melmetal|20\/100\n|move|p1a: Melmetal|Thunder Punch|p2a: Dragapult\n|-resisted|p2a: Dragapult\n|-damage|p2a: Dragapult|67\/100\n|\n|upkeep\n|turn|18\n|\n|t:|1665305657\n|switch|p1a: landorustherian|Landorus-Therian, M|13\/100\n|-damage|p1a: landorustherian|1\/100|[from] Stealth Rock\n|-ability|p1a: landorustherian|Intimidate|boost\n|-unboost|p2a: Dragapult|atk|1\n|move|p2a: Dragapult|Flamethrower|p1a: landorustherian\n|-damage|p1a: landorustherian|0 fnt\n|faint|p1a: landorustherian\n|\n|upkeep\n|\n|t:|1665305657\n|switch|p1a: Heatran|Heatran, M|80\/100\n|-damage|p1a: Heatran|68\/100|[from] Stealth Rock\n|turn|19\n|\n|t:|1665305666\n|switch|p2a: Heatran|Heatran, M, shiny|88\/100\n|-damage|p2a: Heatran|75\/100|[from] Stealth Rock\n|-item|p2a: Heatran|Air Balloon\n|move|p1a: Heatran|Magma Storm|p2a: Heatran\n|-start|p2a: Heatran|ability: Flash Fire\n|\n|upkeep\n|turn|20\n|\n|t:|1665305671\n|switch|p1a: Melmetal|Melmetal|20\/100\n|-damage|p1a: Melmetal|14\/100|[from] Stealth Rock\n|move|p2a: Heatran|Earth Power|p1a: Melmetal\n|-supereffective|p1a: Melmetal\n|-damage|p1a: Melmetal|0 fnt\n|faint|p1a: Melmetal\n|\n|upkeep\n|\n|t:|1665305671\n|switch|p1a: Weavile|Weavile, F|100\/100\n|-damage|p1a: Weavile|76\/100|[from] Stealth Rock\n|-ability|p1a: Weavile|Pressure\n|turn|21\n|\n|t:|1665305678\n|move|p1a: Weavile|Knock Off|p2a: Heatran\n|-damage|p2a: Heatran|17\/100\n|-enditem|p2a: Heatran|Air Balloon\n|move|p2a: Heatran|Flamethrower|p1a: Weavile\n|-supereffective|p1a: Weavile\n|-damage|p1a: Weavile|0 fnt\n|faint|p1a: Weavile\n|\n|upkeep\n|\n|t:|1665305678\n|switch|p1a: Heatran|Heatran, M|68\/100\n|-damage|p1a: Heatran|55\/100|[from] Stealth Rock\n|turn|22\n|\n|t:|1665305682\n|move|p1a: Heatran|Earth Power|p2a: Heatran\n|-supereffective|p2a: Heatran\n|-damage|p2a: Heatran|0 fnt\n|faint|p2a: Heatran\n|\n|upkeep\n|\n|t:|1665305693\n|switch|p2a: Urshifu|Urshifu-Rapid-Strike, M|100\/100\n|-damage|p2a: Urshifu|94\/100|[from] Stealth Rock\n|turn|23\n|\n|t:|1665305695\n|switch|p1a: Tangrowth|Tangrowth, F|100\/100\n|-damage|p1a: Tangrowth|88\/100|[from] Stealth Rock\n|move|p2a: Urshifu|Close Combat|p1a: Tangrowth\n|-damage|p1a: Tangrowth|55\/100\n|-unboost|p2a: Urshifu|def|1\n|-unboost|p2a: Urshifu|spd|1\n|-damage|p2a: Urshifu|78\/100|[from] item: Rocky Helmet|[of] p1a: Tangrowth\n|\n|upkeep\n|turn|24\n|\n|t:|1665305700\n|switch|p2a: Magnezone|Magnezone, shiny|20\/100\n|-damage|p2a: Magnezone|14\/100|[from] Stealth Rock\n|move|p1a: Tangrowth|Sleep Powder|p2a: Magnezone\n|-status|p2a: Magnezone|slp|[from] move: Sleep Powder\n|\n|upkeep\n|turn|25\n|\n|t:|1665305707\n|switch|p2a: Weavile|Weavile, F|100\/100\n|-damage|p2a: Weavile|76\/100|[from] Stealth Rock\n|-ability|p2a: Weavile|Pressure\n|move|p1a: Tangrowth|Knock Off|p2a: Weavile\n|-resisted|p2a: Weavile\n|-damage|p2a: Weavile|55\/100\n|-enditem|p2a: Weavile|Choice Band|[from] move: Knock Off|[of] p1a: Tangrowth\n|\n|upkeep\n|turn|26\n|\n|t:|1665305710\n|move|p2a: Weavile|Knock Off|p1a: Tangrowth\n|-damage|p1a: Tangrowth|29\/100\n|-damage|p2a: Weavile|39\/100|[from] item: Rocky Helmet|[of] p1a: Tangrowth\n|-enditem|p1a: Tangrowth|Rocky Helmet|[from] move: Knock Off|[of] p2a: Weavile\n|move|p1a: Tangrowth|Giga Drain|p2a: Weavile\n|-damage|p2a: Weavile|0 fnt\n|-heal|p1a: Tangrowth|42\/100|[from] drain|[of] p2a: Weavile\n|faint|p2a: Weavile\n|\n|upkeep\n|\n|t:|1665305721\n|switch|p2a: Dragapult|Dragapult, F, shiny|67\/100\n|-damage|p2a: Dragapult|54\/100|[from] Stealth Rock\n|turn|27\n|\n|t:|1665305729\n|switch|p1a: Heatran|Heatran, M|55\/100\n|-damage|p1a: Heatran|43\/100|[from] Stealth Rock\n|move|p2a: Dragapult|U-turn|p1a: Heatran\n|-resisted|p1a: Heatran\n|-damage|p1a: Heatran|37\/100\n|\n|t:|1665305733\n|switch|p2a: Urshifu|Urshifu-Rapid-Strike, M|78\/100|[from]move: U-turn\n|-damage|p2a: Urshifu|72\/100|[from] Stealth Rock\n|\n|upkeep\n|turn|28\n|\n|t:|1665305736\n|switch|p1a: Tangrowth|Tangrowth, F|75\/100\n|-damage|p1a: Tangrowth|63\/100|[from] Stealth Rock\n|move|p2a: Urshifu|Close Combat|p1a: Tangrowth\n|-damage|p1a: Tangrowth|33\/100\n|-unboost|p2a: Urshifu|def|1\n|-unboost|p2a: Urshifu|spd|1\n|\n|upkeep\n|turn|29\n|\n|t:|1665305745\n|switch|p2a: Magnezone|Magnezone, shiny|14\/100 slp\n|-damage|p2a: Magnezone|8\/100 slp|[from] Stealth Rock\n|move|p1a: Tangrowth|Knock Off|p2a: Magnezone\n|-damage|p2a: Magnezone|0 fnt\n|-enditem|p2a: Magnezone|Assault Vest|[from] move: Knock Off|[of] p1a: Tangrowth\n|faint|p2a: Magnezone\n|\n|upkeep\n|\n|t:|1665305755\n|switch|p2a: Dragapult|Dragapult, F, shiny|54\/100\n|-damage|p2a: Dragapult|42\/100|[from] Stealth Rock\n|turn|30\n|\n|t:|1665305762\n|switch|p1a: Heatran|Heatran, M|37\/100\n|-damage|p1a: Heatran|25\/100|[from] Stealth Rock\n|move|p2a: Dragapult|U-turn|p1a: Heatran\n|-resisted|p1a: Heatran\n|-damage|p1a: Heatran|19\/100\n|\n|t:|1665305767\n|switch|p2a: Urshifu|Urshifu-Rapid-Strike, M|72\/100|[from]move: U-turn\n|-damage|p2a: Urshifu|66\/100|[from] Stealth Rock\n|\n|upkeep\n|turn|31\n|\n|t:|1665305769\n|move|p2a: Urshifu|Close Combat|p1a: Heatran\n|-supereffective|p1a: Heatran\n|-damage|p1a: Heatran|0 fnt\n|-unboost|p2a: Urshifu|def|1\n|-unboost|p2a: Urshifu|spd|1\n|faint|p1a: Heatran\n|\n|upkeep\n|\n|t:|1665305769\n|switch|p1a: Tangrowth|Tangrowth, F|66\/100\n|-damage|p1a: Tangrowth|54\/100|[from] Stealth Rock\n|turn|32\n|\n|t:|1665305786\n|move|p2a: Urshifu|Close Combat|p1a: Tangrowth\n|-damage|p1a: Tangrowth|22\/100\n|-unboost|p2a: Urshifu|def|1\n|-unboost|p2a: Urshifu|spd|1\n|move|p1a: Tangrowth|Knock Off|p2a: Urshifu\n|-resisted|p2a: Urshifu\n|-damage|p2a: Urshifu|44\/100\n|-enditem|p2a: Urshifu|Focus Sash|[from] move: Knock Off|[of] p1a: Tangrowth\n|\n|upkeep\n|turn|33\n|\n|t:|1665305794\n|move|p2a: Urshifu|Close Combat|p1a: Tangrowth\n|-damage|p1a: Tangrowth|0 fnt\n|-unboost|p2a: Urshifu|def|1\n|-unboost|p2a: Urshifu|spd|1\n|faint|p1a: Tangrowth\n|\n|win|ldailey19\n|raw|minimax_ai's rating: 1456 &rarr; <strong>1436<\/strong><br \/>(-20 for losing)\n|raw|ldailey19's rating: 1462 &rarr; <strong>1482<\/strong><br \/>(+20 for winning)\n|c|\u2606minimax_ai|gg\n|l|\u2606minimax_ai\n","uploadtime":1665305796,"views":10,"p1id":"minimaxai","p2id":"ldailey19","formatid":"gen8ou","rating":1436,"private":0,"password":null}