{"id":"gen8ou-1681549099","p1":"Pok et Glace","p2":"michaelscottmyers","format":"gen8ou","log":"|j|\u2606Pok et Glace\n|j|\u2606michaelscottmyers\n|t:|1665329690\n|gametype|singles\n|player|p1|Pok et Glace|cynthia-masters|1716\n|player|p2|michaelscottmyers|169|1641\n|teamsize|p1|6\n|teamsize|p2|6\n|gen|8\n|tier|[Gen 8] OU\n|rated|\n|rule|Sleep Clause Mod: Limit one foe put to sleep\n|rule|Species Clause: Limit one of each Pok\u00e9mon\n|rule|OHKO Clause: OHKO moves are banned\n|rule|Evasion Items Clause: Evasion items are banned\n|rule|Evasion Moves Clause: Evasion moves are banned\n|rule|Endless Battle Clause: Forcing endless battles is banned\n|rule|HP Percentage Mod: HP is shown in percentages\n|rule|Dynamax Clause: You cannot dynamax\n|clearpoke\n|poke|p1|Entei|\n|poke|p1|Dragapult, M|\n|poke|p1|Rotom-Wash|\n|poke|p1|Ferrothorn, F|\n|poke|p1|Landorus-Therian, M|\n|poke|p1|Amoonguss, M|\n|poke|p2|Garchomp, M|\n|poke|p2|Tornadus-Therian, M|\n|poke|p2|Dhelmise|\n|poke|p2|Ferrothorn, F|\n|poke|p2|Weavile, F|\n|poke|p2|Volcanion|\n|teampreview\n|j| Matheus RW\n|\n|t:|1665329712\n|start\n|switch|p1a: Landorus|Landorus-Therian, M|100\/100\n|switch|p2a: Weavile|Weavile, F|100\/100\n|-ability|p2a: Weavile|Pressure\n|-ability|p1a: Landorus|Intimidate|boost\n|-unboost|p2a: Weavile|atk|1\n|turn|1\n|inactive|Battle timer is ON: inactive players will automatically lose when time's up. (requested by michaelscottmyers)\n|\n|t:|1665329719\n|switch|p1a: Ferrothorn|Ferrothorn, F|100\/100\n|move|p2a: Weavile|Knock Off|p1a: Ferrothorn\n|-damage|p1a: Ferrothorn|72\/100\n|-damage|p2a: Weavile|88\/100|[from] ability: Iron Barbs|[of] p1a: Ferrothorn\n|-enditem|p1a: Ferrothorn|Leftovers|[from] move: Knock Off|[of] p2a: Weavile\n|\n|upkeep\n|turn|2\n|j| DJStankyJunk\n|\n|t:|1665329727\n|switch|p2a: Tornadus|Tornadus-Therian, M, shiny|100\/100\n|move|p1a: Ferrothorn|Stealth Rock|p2a: Tornadus\n|-sidestart|p2: michaelscottmyers|move: Stealth Rock\n|\n|upkeep\n|turn|3\n|\n|t:|1665329732\n|switch|p1a: Landorus|Landorus-Therian, M|100\/100\n|-ability|p1a: Landorus|Intimidate|boost\n|-unboost|p2a: Tornadus|atk|1\n|move|p2a: Tornadus|Defog|p1a: Landorus\n|-unboost|p1a: Landorus|evasion|1\n|-sideend|p2: michaelscottmyers|Stealth Rock|[from] move: Defog|[of] p2a: Tornadus\n|\n|upkeep\n|turn|4\n|\n|t:|1665329739\n|move|p2a: Tornadus|Hurricane|p1a: Landorus\n|-damage|p1a: Landorus|69\/100\n|move|p1a: Landorus|Toxic|p2a: Tornadus\n|-status|p2a: Tornadus|tox\n|\n|-heal|p1a: Landorus|75\/100|[from] item: Leftovers\n|-damage|p2a: Tornadus|94\/100 tox|[from] psn\n|upkeep\n|turn|5\n|\n|t:|1665329747\n|move|p2a: Tornadus|Hurricane|p1a: Landorus\n|-damage|p1a: Landorus|44\/100\n|move|p1a: Landorus|U-turn|p2a: Tornadus\n|-resisted|p2a: Tornadus\n|-damage|p2a: Tornadus|85\/100 tox\n|\n|t:|1665329754\n|switch|p1a: Dragapult|Dragapult, M|100\/100|[from]move: U-turn\n|\n|-damage|p2a: Tornadus|73\/100 tox|[from] psn\n|upkeep\n|turn|6\n|\n|t:|1665329762\n|move|p1a: Dragapult|Draco Meteor|p2a: Tornadus\n|-crit|p2a: Tornadus\n|-damage|p2a: Tornadus|0 fnt\n|-unboost|p1a: Dragapult|spa|2\n|faint|p2a: Tornadus\n|\n|upkeep\n|\n|t:|1665329791\n|switch|p2a: Garchomp|Garchomp, M, shiny|100\/100\n|turn|7\n|\n|t:|1665329795\n|switch|p1a: Rotom|Rotom-Wash|100\/100\n|move|p2a: Garchomp|Swords Dance|p2a: Garchomp\n|-boost|p2a: Garchomp|atk|2\n|\n|upkeep\n|turn|8\n|\n|t:|1665329801\n|move|p2a: Garchomp|Substitute|p2a: Garchomp\n|-start|p2a: Garchomp|Substitute\n|-damage|p2a: Garchomp|76\/100\n|move|p1a: Rotom|Will-O-Wisp||[still]\n|-fail|p1a: Rotom\n|\n|-heal|p2a: Garchomp|82\/100|[from] item: Leftovers\n|upkeep\n|turn|9\n|\n|t:|1665329814\n|move|p2a: Garchomp|Scale Shot|p1a: Rotom\n|-damage|p1a: Rotom|79\/100\n|-damage|p1a: Rotom|56\/100\n|-hitcount|p1a: Rotom|2\n|-unboost|p2a: Garchomp|def|1\n|-boost|p2a: Garchomp|spe|1\n|move|p1a: Rotom|Hydro Pump|p2a: Garchomp|[miss]\n|-miss|p1a: Rotom|p2a: Garchomp\n|\n|-heal|p2a: Garchomp|88\/100|[from] item: Leftovers\n|-heal|p1a: Rotom|62\/100|[from] item: Leftovers\n|upkeep\n|turn|10\n|c|\u2606Pok et Glace|noice\n|\n|t:|1665329826\n|move|p2a: Garchomp|Scale Shot|p1a: Rotom\n|-damage|p1a: Rotom|42\/100\n|-damage|p1a: Rotom|20\/100\n|-damage|p1a: Rotom|0 fnt\n|faint|p1a: Rotom\n|-hitcount|p1: Rotom|3\n|-unboost|p2a: Garchomp|def|1\n|-boost|p2a: Garchomp|spe|1\n|\n|-heal|p2a: Garchomp|94\/100|[from] item: Leftovers\n|upkeep\n|\n|t:|1665329834\n|switch|p1a: Ferrothorn|Ferrothorn, F|72\/100\n|turn|11\n|c|\u2606michaelscottmyers|yh noice\n|\n|t:|1665329840\n|move|p2a: Garchomp|Earthquake|p1a: Ferrothorn\n|-damage|p1a: Ferrothorn|12\/100\n|move|p1a: Ferrothorn|Body Press|p2a: Garchomp\n|-end|p2a: Garchomp|Substitute\n|\n|-heal|p2a: Garchomp|99\/100|[from] item: Leftovers\n|upkeep\n|turn|12\n|\n|t:|1665329850\n|move|p2a: Garchomp|Swords Dance|p2a: Garchomp\n|-boost|p2a: Garchomp|atk|2\n|move|p1a: Ferrothorn|Body Press|p2a: Garchomp\n|-damage|p2a: Garchomp|41\/100\n|-damage|p1a: Ferrothorn|0 fnt|[from] ability: Rough Skin|[of] p2a: Garchomp\n|faint|p1a: Ferrothorn\n|\n|-heal|p2a: Garchomp|47\/100|[from] item: Leftovers\n|upkeep\n|\n|t:|1665329856\n|switch|p1a: Entei|Entei|100\/100\n|turn|13\n|\n|t:|1665329866\n|switch|p2a: Dhelmise|Dhelmise, shiny|100\/100\n|move|p1a: Entei|Extreme Speed|p2a: Dhelmise\n|-immune|p2a: Dhelmise\n|\n|upkeep\n|turn|14\n|\n|t:|1665329875\n|switch|p1a: Amoonguss|Amoonguss, M|100\/100\n|move|p2a: Dhelmise|Swords Dance|p2a: Dhelmise\n|-boost|p2a: Dhelmise|atk|2\n|\n|upkeep\n|turn|15\n|\n|t:|1665329882\n|move|p2a: Dhelmise|Poltergeist|p1a: Amoonguss\n|-activate|p1a: Amoonguss|move: Poltergeist|Assault Vest\n|-damage|p1a: Amoonguss|0 fnt\n|faint|p1a: Amoonguss\n|\n|upkeep\n|\n|t:|1665329886\n|switch|p1a: Dragapult|Dragapult, M|100\/100\n|turn|16\n|j| fork gaming\n|\n|t:|1665329894\n|switch|p2a: Ferrothorn|Ferrothorn, F|100\/100\n|move|p1a: Dragapult|Shadow Ball|p2a: Ferrothorn\n|-damage|p2a: Ferrothorn|70\/100\n|\n|-heal|p2a: Ferrothorn|77\/100|[from] item: Leftovers\n|upkeep\n|turn|17\n|j| Pinkmons are funny\n|\n|t:|1665329903\n|switch|p1a: Entei|Entei|100\/100\n|move|p2a: Ferrothorn|Thunder Wave|p1a: Entei|[miss]\n|-miss|p2a: Ferrothorn|p1a: Entei\n|\n|-heal|p2a: Ferrothorn|83\/100|[from] item: Leftovers\n|upkeep\n|turn|18\n|\n|t:|1665329910\n|switch|p2a: Volcanion|Volcanion|100\/100\n|move|p1a: Entei|Sacred Fire|p2a: Volcanion\n|-resisted|p2a: Volcanion\n|-damage|p2a: Volcanion|86\/100\n|\n|upkeep\n|turn|19\n|\n|t:|1665329917\n|switch|p1a: Dragapult|Dragapult, M|100\/100\n|move|p2a: Volcanion|Steam Eruption|p1a: Dragapult\n|-resisted|p1a: Dragapult\n|-damage|p1a: Dragapult|54\/100\n|\n|upkeep\n|turn|20\n|inactive|michaelscottmyers has 120 seconds left.\n|\n|t:|1665329947\n|move|p1a: Dragapult|Shadow Ball|p2a: Volcanion\n|-damage|p2a: Volcanion|51\/100\n|move|p2a: Volcanion|Earth Power|p1a: Dragapult\n|-damage|p1a: Dragapult|3\/100\n|\n|upkeep\n|turn|21\n|inactive|michaelscottmyers has 120 seconds left.\n|\n|t:|1665329958\n|move|p1a: Dragapult|Shadow Ball|p2a: Volcanion\n|-damage|p2a: Volcanion|13\/100\n|move|p2a: Volcanion|Steam Eruption|p1a: Dragapult\n|-resisted|p1a: Dragapult\n|-damage|p1a: Dragapult|0 fnt\n|faint|p1a: Dragapult\n|\n|upkeep\n|\n|t:|1665329973\n|switch|p1a: Entei|Entei|100\/100\n|turn|22\n|\n|t:|1665329977\n|move|p1a: Entei|Sacred Fire|p2a: Volcanion\n|-resisted|p2a: Volcanion\n|-damage|p2a: Volcanion|0 fnt\n|faint|p2a: Volcanion\n|\n|upkeep\n|\n|t:|1665329996\n|switch|p2a: Garchomp|Garchomp, M, shiny|47\/100\n|turn|23\n|l| Pinkmons are funny\n|inactive|michaelscottmyers has 120 seconds left.\n|\n|t:|1665330015\n|switch|p2a: Ferrothorn|Ferrothorn, F|83\/100\n|move|p1a: Entei|Sacred Fire|p2a: Ferrothorn\n|-supereffective|p2a: Ferrothorn\n|-damage|p2a: Ferrothorn|0 fnt\n|faint|p2a: Ferrothorn\n|\n|upkeep\n|inactive|michaelscottmyers has 120 seconds left.\n|\n|t:|1665330029\n|switch|p2a: Weavile|Weavile, F|88\/100\n|-ability|p2a: Weavile|Pressure\n|turn|24\n|\n|t:|1665330033\n|move|p2a: Weavile|Knock Off|p1a: Entei\n|-damage|p1a: Entei|23\/100\n|-enditem|p1a: Entei|Choice Band|[from] move: Knock Off|[of] p2a: Weavile\n|move|p1a: Entei|Sacred Fire|p2a: Weavile\n|-supereffective|p2a: Weavile\n|-damage|p2a: Weavile|0 fnt\n|faint|p2a: Weavile\n|\n|upkeep\n|\n|t:|1665330041\n|switch|p2a: Garchomp|Garchomp, M, shiny|47\/100\n|turn|25\n|\n|t:|1665330044\n|switch|p1a: Landorus|Landorus-Therian, M|44\/100\n|-ability|p1a: Landorus|Intimidate|boost\n|-unboost|p2a: Garchomp|atk|1\n|move|p2a: Garchomp|Scale Shot|p1a: Landorus\n|-damage|p1a: Landorus|36\/100\n|-damage|p1a: Landorus|27\/100\n|-hitcount|p1a: Landorus|2\n|-unboost|p2a: Garchomp|def|1\n|-boost|p2a: Garchomp|spe|1\n|\n|-heal|p2a: Garchomp|54\/100|[from] item: Leftovers\n|-heal|p1a: Landorus|33\/100|[from] item: Leftovers\n|upkeep\n|turn|26\n|\n|t:|1665330057\n|switch|p2a: Dhelmise|Dhelmise, shiny|100\/100\n|move|p1a: Landorus|U-turn|p2a: Dhelmise\n|-damage|p2a: Dhelmise|78\/100\n|\n|t:|1665330061\n|switch|p1a: Entei|Entei|23\/100|[from]move: U-turn\n|\n|-heal|p2a: Dhelmise|84\/100|[from] item: Leftovers\n|upkeep\n|turn|27\n|\n|t:|1665330068\n|move|p1a: Entei|Sacred Fire|p2a: Dhelmise\n|-supereffective|p2a: Dhelmise\n|-damage|p2a: Dhelmise|0 fnt\n|faint|p2a: Dhelmise\n|\n|upkeep\n|\n|t:|1665330072\n|switch|p2a: Garchomp|Garchomp, M, shiny|54\/100\n|turn|28\n|\n|t:|1665330082\n|move|p1a: Entei|Extreme Speed|p2a: Garchomp\n|-damage|p2a: Garchomp|27\/100\n|-damage|p1a: Entei|11\/100|[from] ability: Rough Skin|[of] p2a: Garchomp\n|move|p2a: Garchomp|Substitute|p2a: Garchomp\n|-start|p2a: Garchomp|Substitute\n|-damage|p2a: Garchomp|2\/100\n|\n|-heal|p2a: Garchomp|8\/100|[from] item: Leftovers\n|upkeep\n|turn|29\n|\n|t:|1665330091\n|move|p1a: Entei|Extreme Speed|p2a: Garchomp\n|-end|p2a: Garchomp|Substitute\n|move|p2a: Garchomp|Scale Shot|p1a: Entei\n|-damage|p1a: Entei|0 fnt\n|faint|p1a: Entei\n|-hitcount|p1: Entei|1\n|-unboost|p2a: Garchomp|def|1\n|-boost|p2a: Garchomp|spe|1\n|\n|-heal|p2a: Garchomp|14\/100|[from] item: Leftovers\n|upkeep\n|\n|t:|1665330095\n|switch|p1a: Landorus|Landorus-Therian, M|33\/100\n|-ability|p1a: Landorus|Intimidate|boost\n|-unboost|p2a: Garchomp|atk|1\n|turn|30\n|\n|t:|1665330104\n|move|p2a: Garchomp|Scale Shot|p1a: Landorus\n|-damage|p1a: Landorus|23\/100\n|-damage|p1a: Landorus|15\/100\n|-damage|p1a: Landorus|5\/100\n|-hitcount|p1a: Landorus|3\n|-unboost|p2a: Garchomp|def|1\n|-boost|p2a: Garchomp|spe|1\n|move|p1a: Landorus|Earthquake|p2a: Garchomp\n|-damage|p2a: Garchomp|0 fnt\n|faint|p2a: Garchomp\n|\n|win|Pok et Glace\n|raw|Pok et Glace's rating: 1716 &rarr; <strong>1732<\/strong><br \/>(+16 for winning)\n|raw|michaelscottmyers's rating: 1641 &rarr; <strong>1625<\/strong><br \/>(-16 for losing)\n|l|\u2606michaelscottmyers\n|c|\u2606Pok et Glace|damn gg\n|l| fork gaming\n|l| DJStankyJunk\n","uploadtime":1665330128,"views":24,"p1id":"poketglace","p2id":"michaelscottmyers","formatid":"gen8ou","rating":1625,"private":0,"password":null}