{"id":"gen8ou-1534149657","p1":"da2018","p2":"Colonel Rivai","format":"gen8ou","log":"|j|\u2606da2018\n|j|\u2606Colonel Rivai\n|t:|1647707611\n|gametype|singles\n|player|p1|da2018|1|1606\n|player|p2|Colonel Rivai|2|1647\n|teamsize|p1|6\n|teamsize|p2|6\n|gen|8\n|tier|[Gen 8] OU\n|rated|\n|rule|Sleep Clause Mod: Limit one foe put to sleep\n|rule|Species Clause: Limit one of each Pok\u00e9mon\n|rule|OHKO Clause: OHKO moves are banned\n|rule|Evasion Moves Clause: Evasion moves are banned\n|rule|Endless Battle Clause: Forcing endless battles is banned\n|rule|HP Percentage Mod: HP is shown in percentages\n|rule|Dynamax Clause: You cannot dynamax\n|clearpoke\n|poke|p1|Tapu Lele|\n|poke|p1|Dragapult, M|\n|poke|p1|Landorus-Therian, M|\n|poke|p1|Weavile, F|\n|poke|p1|Tapu Fini|\n|poke|p1|Heatran, F|\n|poke|p2|Hydreigon, F|\n|poke|p2|Kartana|\n|poke|p2|Blacephalon|\n|poke|p2|Landorus-Therian, M|\n|poke|p2|Melmetal|\n|poke|p2|Toxapex, F|\n|teampreview\n|inactive|Battle timer is ON: inactive players will automatically lose when time's up. (requested by Colonel Rivai)\n|\n|t:|1647707639\n|start\n|switch|p1a: Landorus|Landorus-Therian, M|100\/100\n|switch|p2a: Hydreigon|Hydreigon, F|100\/100\n|-ability|p1a: Landorus|Intimidate|boost\n|-unboost|p2a: Hydreigon|atk|1\n|turn|1\n|\n|t:|1647707643\n|move|p2a: Hydreigon|Beat Up|p1a: Landorus\n|-damage|p1a: Landorus|93\/100\n|-damage|p1a: Landorus|82\/100\n|-damage|p1a: Landorus|74\/100\n|-damage|p1a: Landorus|65\/100\n|-damage|p1a: Landorus|56\/100\n|-damage|p1a: Landorus|50\/100\n|-hitcount|p1a: Landorus|6\n|move|p1a: Landorus|Knock Off|p2a: Hydreigon\n|-resisted|p2a: Hydreigon\n|-damage|p2a: Hydreigon|82\/100\n|-enditem|p2a: Hydreigon|Choice Band|[from] move: Knock Off|[of] p1a: Landorus\n|\n|-heal|p1a: Landorus|56\/100|[from] item: Leftovers\n|upkeep\n|turn|2\n|\n|t:|1647707651\n|move|p2a: Hydreigon|U-turn|p1a: Landorus\n|-resisted|p1a: Landorus\n|-damage|p1a: Landorus|49\/100\n|\n|t:|1647707654\n|switch|p2a: Landorus|Landorus-Therian, M|100\/100|[from]move: U-turn\n|-ability|p2a: Landorus|Intimidate|boost\n|-unboost|p1a: Landorus|atk|1\n|move|p1a: Landorus|U-turn|p2a: Landorus\n|-resisted|p2a: Landorus\n|-damage|p2a: Landorus|93\/100\n|c|\u2606da2018|band hyreigon is bad bro\n|c|\u2606Colonel Rivai|i agree\n|\n|t:|1647707676\n|switch|p1a: Tapu Lele|Tapu Lele|100\/100|[from]move: U-turn\n|-fieldstart|move: Psychic Terrain|[from] ability: Psychic Surge|[of] p1a: Tapu Lele\n|\n|-heal|p2a: Landorus|99\/100|[from] item: Leftovers\n|upkeep\n|turn|3\n|\n|t:|1647707680\n|switch|p2a: Melmetal|Melmetal|100\/100\n|move|p1a: Tapu Lele|Psychic|p2a: Melmetal\n|-resisted|p2a: Melmetal\n|-damage|p2a: Melmetal|70\/100\n|\n|upkeep\n|turn|4\n|\n|t:|1647707687\n|switch|p1a: Heatran|Heatran, F|100\/100\n|move|p2a: Melmetal|Superpower|p1a: Heatran\n|-supereffective|p1a: Heatran\n|-damage|p1a: Heatran|12\/100\n|-unboost|p2a: Melmetal|atk|1\n|-unboost|p2a: Melmetal|def|1\n|-status|p2a: Melmetal|brn|[from] ability: Flame Body|[of] p1a: Heatran\n|\n|-heal|p1a: Heatran|18\/100|[from] item: Leftovers\n|-damage|p2a: Melmetal|64\/100 brn|[from] brn\n|upkeep\n|turn|5\n|\n|t:|1647707698\n|switch|p2a: Landorus|Landorus-Therian, M|99\/100\n|-ability|p2a: Landorus|Intimidate|boost\n|-unboost|p1a: Heatran|atk|1\n|move|p1a: Heatran|Stealth Rock|p2a: Landorus\n|-sidestart|p2: Colonel Rivai|move: Stealth Rock\n|\n|-heal|p2a: Landorus|100\/100|[from] item: Leftovers\n|-heal|p1a: Heatran|24\/100|[from] item: Leftovers\n|upkeep\n|turn|6\n|\n|t:|1647707702\n|switch|p1a: Landorus|Landorus-Therian, M|49\/100\n|-ability|p1a: Landorus|Intimidate|boost\n|-unboost|p2a: Landorus|atk|1\n|move|p2a: Landorus|Defog|p1a: Landorus\n|-unboost|p1a: Landorus|evasion|1\n|-sideend|p2: Colonel Rivai|Stealth Rock|[from] move: Defog|[of] p2a: Landorus\n|-fieldend|move: Psychic Terrain\n|\n|-heal|p1a: Landorus|55\/100|[from] item: Leftovers\n|upkeep\n|turn|7\n|\n|t:|1647707706\n|move|p2a: Landorus|Stealth Rock|p1a: Landorus\n|-sidestart|p1: da2018|move: Stealth Rock\n|move|p1a: Landorus|U-turn|p2a: Landorus\n|-resisted|p2a: Landorus\n|-damage|p2a: Landorus|90\/100\n|\n|t:|1647707713\n|switch|p1a: Tapu Lele|Tapu Lele|100\/100|[from]move: U-turn\n|-damage|p1a: Tapu Lele|88\/100|[from] Stealth Rock\n|-fieldstart|move: Psychic Terrain|[from] ability: Psychic Surge|[of] p1a: Tapu Lele\n|\n|-heal|p2a: Landorus|96\/100|[from] item: Leftovers\n|upkeep\n|turn|8\n|\n|t:|1647707722\n|move|p1a: Tapu Lele|Psychic|p2a: Landorus\n|-damage|p2a: Landorus|27\/100\n|move|p2a: Landorus|U-turn|p1a: Tapu Lele\n|-damage|p1a: Tapu Lele|66\/100\n|\n|t:|1647707725\n|switch|p2a: Hydreigon|Hydreigon, F|82\/100|[from]move: U-turn\n|\n|upkeep\n|turn|9\n|\n|t:|1647707731\n|switch|p1a: Heatran|Heatran, F|24\/100\n|-damage|p1a: Heatran|12\/100|[from] Stealth Rock\n|move|p2a: Hydreigon|Iron Tail|p1a: Heatran\n|-resisted|p1a: Heatran\n|-crit|p1a: Heatran\n|-damage|p1a: Heatran|3\/100\n|\n|-heal|p1a: Heatran|9\/100|[from] item: Leftovers\n|upkeep\n|turn|10\n|\n|t:|1647707739\n|move|p2a: Hydreigon|Beat Up|p1a: Heatran\n|-damage|p1a: Heatran|2\/100\n|-damage|p1a: Heatran|0 fnt\n|faint|p1a: Heatran\n|-hitcount|p1: Heatran|2\n|\n|upkeep\n|\n|t:|1647707763\n|switch|p1a: Weavile|Weavile, F|100\/100\n|-ability|p1a: Weavile|Pressure\n|turn|11\n|\n|t:|1647707768\n|switch|p2a: Toxapex|Toxapex, F|100\/100\n|move|p1a: Weavile|Triple Axel|p2a: Toxapex\n|-resisted|p2a: Toxapex\n|-damage|p2a: Toxapex|98\/100\n|-damage|p1a: Weavile|84\/100|[from] item: Rocky Helmet|[of] p2a: Toxapex\n|-hitcount|p2a: Toxapex|1\n|\n|-fieldend|move: Psychic Terrain\n|upkeep\n|turn|12\n|\n|t:|1647707773\n|move|p1a: Weavile|Knock Off|p2a: Toxapex\n|-damage|p2a: Toxapex|68\/100\n|-damage|p1a: Weavile|68\/100|[from] item: Rocky Helmet|[of] p2a: Toxapex\n|-enditem|p2a: Toxapex|Rocky Helmet|[from] move: Knock Off|[of] p1a: Weavile\n|move|p2a: Toxapex|Toxic|p1a: Weavile\n|-status|p1a: Weavile|tox\n|\n|-damage|p1a: Weavile|62\/100 tox|[from] psn\n|upkeep\n|turn|13\n|\n|t:|1647707777\n|move|p1a: Weavile|Swords Dance|p1a: Weavile\n|-boost|p1a: Weavile|atk|2\n|move|p2a: Toxapex|Recover|p2a: Toxapex\n|-heal|p2a: Toxapex|100\/100\n|\n|-damage|p1a: Weavile|50\/100 tox|[from] psn\n|upkeep\n|turn|14\n|\n|t:|1647707780\n|switch|p1a: Tapu Lele|Tapu Lele|66\/100\n|-damage|p1a: Tapu Lele|54\/100|[from] Stealth Rock\n|-fieldstart|move: Psychic Terrain|[from] ability: Psychic Surge|[of] p1a: Tapu Lele\n|move|p2a: Toxapex|Haze|p2a: Toxapex\n|-clearallboost\n|\n|upkeep\n|turn|15\n|\n|t:|1647707789\n|switch|p2a: Hydreigon|Hydreigon, F|82\/100\n|move|p1a: Tapu Lele|Moonblast|p2a: Hydreigon\n|-supereffective|p2a: Hydreigon\n|-damage|p2a: Hydreigon|0 fnt\n|faint|p2a: Hydreigon\n|\n|upkeep\n|\n|t:|1647707795\n|switch|p2a: Blacephalon|Blacephalon|100\/100\n|turn|16\n|\n|t:|1647707800\n|switch|p1a: Tapu Fini|Tapu Fini|100\/100\n|-damage|p1a: Tapu Fini|88\/100|[from] Stealth Rock\n|-fieldstart|move: Misty Terrain|[from] ability: Misty Surge|[of] p1a: Tapu Fini\n|move|p2a: Blacephalon|Shadow Ball|p1a: Tapu Fini\n|-damage|p1a: Tapu Fini|52\/100\n|\n|-heal|p1a: Tapu Fini|58\/100|[from] item: Leftovers\n|upkeep\n|turn|17\n|\n|t:|1647707810\n|switch|p2a: Melmetal|Melmetal|64\/100 brn\n|move|p1a: Tapu Fini|Draining Kiss|p2a: Melmetal\n|-resisted|p2a: Melmetal\n|-damage|p2a: Melmetal|59\/100 brn\n|-heal|p1a: Tapu Fini|63\/100|[from] drain|[of] p2a: Melmetal\n|\n|-heal|p1a: Tapu Fini|69\/100|[from] item: Leftovers\n|-damage|p2a: Melmetal|53\/100 brn|[from] brn\n|upkeep\n|turn|18\n|\n|t:|1647707817\n|switch|p1a: Landorus|Landorus-Therian, M|55\/100\n|-damage|p1a: Landorus|43\/100|[from] Stealth Rock\n|-ability|p1a: Landorus|Intimidate|boost\n|-unboost|p2a: Melmetal|atk|1\n|move|p2a: Melmetal|Double Iron Bash|p1a: Landorus\n|-damage|p1a: Landorus|30\/100\n|-damage|p1a: Landorus|14\/100\n|-hitcount|p1a: Landorus|2\n|\n|-heal|p1a: Landorus|20\/100|[from] item: Leftovers\n|-damage|p2a: Melmetal|47\/100 brn|[from] brn\n|upkeep\n|turn|19\n|\n|t:|1647707825\n|move|p1a: Landorus|Defog|p2a: Melmetal\n|-unboost|p2a: Melmetal|evasion|1\n|-sideend|p1: da2018|Stealth Rock|[from] move: Defog|[of] p1a: Landorus\n|-fieldend|Misty Terrain\n|move|p2a: Melmetal|Double Iron Bash|p1a: Landorus\n|-damage|p1a: Landorus|6\/100\n|-damage|p1a: Landorus|0 fnt\n|faint|p1a: Landorus\n|-hitcount|p1: Landorus|2\n|\n|-damage|p2a: Melmetal|41\/100 brn|[from] brn\n|upkeep\n|\n|t:|1647707829\n|switch|p1a: Weavile|Weavile, F|50\/100 tox\n|-ability|p1a: Weavile|Pressure\n|turn|20\n|\n|t:|1647707834\n|move|p1a: Weavile|Knock Off|p2a: Melmetal\n|-damage|p2a: Melmetal|13\/100 brn\n|-enditem|p2a: Melmetal|Assault Vest|[from] move: Knock Off|[of] p1a: Weavile\n|move|p2a: Melmetal|Double Iron Bash|p1a: Weavile\n|-supereffective|p1a: Weavile\n|-damage|p1a: Weavile|0 fnt\n|faint|p1a: Weavile\n|-hitcount|p1: Weavile|1\n|\n|-damage|p2a: Melmetal|7\/100 brn|[from] brn\n|upkeep\n|\n|t:|1647707839\n|switch|p1a: Tapu Lele|Tapu Lele|54\/100\n|-fieldstart|move: Psychic Terrain|[from] ability: Psychic Surge|[of] p1a: Tapu Lele\n|turn|21\n|\n|t:|1647707841\n|move|p1a: Tapu Lele|Psychic|p2a: Melmetal\n|-resisted|p2a: Melmetal\n|-damage|p2a: Melmetal|0 fnt\n|faint|p2a: Melmetal\n|\n|upkeep\n|\n|t:|1647707843\n|switch|p2a: Blacephalon|Blacephalon|100\/100\n|turn|22\n|\n|t:|1647707852\n|switch|p2a: Kartana|Kartana|100\/100\n|move|p1a: Tapu Lele|Psychic|p2a: Kartana\n|-resisted|p2a: Kartana\n|-damage|p2a: Kartana|0 fnt\n|faint|p2a: Kartana\n|\n|upkeep\n|\n|t:|1647707855\n|switch|p2a: Blacephalon|Blacephalon|100\/100\n|turn|23\n|c|\u2606Colonel Rivai|wtf\n|c|\u2606da2018|hko my fini my only switch in to blace\n|\n|t:|1647707883\n|move|p2a: Blacephalon|Shadow Ball|p1a: Tapu Lele\n|-supereffective|p1a: Tapu Lele\n|-damage|p1a: Tapu Lele|0 fnt\n|faint|p1a: Tapu Lele\n|-ability|p2a: Blacephalon|Beast Boost|boost\n|-boost|p2a: Blacephalon|spa|1\n|\n|upkeep\n|\n|t:|1647707887\n|switch|p1a: Tapu Fini|Tapu Fini|69\/100\n|-fieldstart|move: Misty Terrain|[from] ability: Misty Surge|[of] p1a: Tapu Fini\n|turn|24\n|\n|t:|1647707890\n|move|p2a: Blacephalon|Shadow Ball|p1a: Tapu Fini\n|-damage|p1a: Tapu Fini|8\/100\n|move|p1a: Tapu Fini|Calm Mind|p1a: Tapu Fini\n|-boost|p1a: Tapu Fini|spa|1\n|-boost|p1a: Tapu Fini|spd|1\n|\n|-heal|p1a: Tapu Fini|14\/100|[from] item: Leftovers\n|upkeep\n|turn|25\n|c|\u2606Colonel Rivai|gg\n|-message|da2018 forfeited.\n|\n|win|Colonel Rivai\n|raw|da2018's rating: 1606 &rarr; <strong>1588<\/strong><br \/>(-18 for losing)\n|raw|Colonel Rivai's rating: 1647 &rarr; <strong>1665<\/strong><br \/>(+18 for winning)\n|c|\u2606da2018|gg\n|l|\u2606Colonel Rivai\n","uploadtime":1647707906,"views":37,"p1id":"da2018","p2id":"colonelrivai","formatid":"gen8ou","rating":1588,"private":0,"password":null}