{"id":"gen8ou-1670488278","p1":"minimax_ai","p2":"gotsnsd","format":"gen8ou","log":"|j|\u2606minimax_ai\n|j|\u2606gotsnsd\n|t:|1663841107\n|gametype|singles\n|player|p1|minimax_ai|lusamine-nihilego|1666\n|player|p2|gotsnsd|beauty-gen2jp|1684\n|teamsize|p1|6\n|teamsize|p2|6\n|gen|8\n|tier|[Gen 8] OU\n|rated|\n|rule|Sleep Clause Mod: Limit one foe put to sleep\n|rule|Species Clause: Limit one of each Pok\u00e9mon\n|rule|OHKO Clause: OHKO moves are banned\n|rule|Evasion Items Clause: Evasion items are banned\n|rule|Evasion Moves Clause: Evasion moves are banned\n|rule|Endless Battle Clause: Forcing endless battles is banned\n|rule|HP Percentage Mod: HP is shown in percentages\n|rule|Dynamax Clause: You cannot dynamax\n|clearpoke\n|poke|p1|Rotom-Wash|\n|poke|p1|Weavile, F|\n|poke|p1|Landorus-Therian, M|\n|poke|p1|Heatran, M|\n|poke|p1|Tangrowth, F|\n|poke|p1|Melmetal|\n|poke|p2|Nidoking, M|\n|poke|p2|Dragapult, M|\n|poke|p2|Clefable, M|\n|poke|p2|Slowking, M|\n|poke|p2|Kartana|\n|poke|p2|Rotom-Heat|\n|teampreview\n|c|\u2606minimax_ai|hf\n|inactive|Battle timer is ON: inactive players will automatically lose when time's up. (requested by minimax_ai)\n|\n|t:|1663841114\n|start\n|switch|p1a: Heatran|Heatran, M|100\/100\n|switch|p2a: Clefable|Clefable, M|100\/100\n|-item|p1a: Heatran|Air Balloon\n|turn|1\n|\n|t:|1663841119\n|switch|p2a: Slowking|Slowking, M|100\/100\n|move|p1a: Heatran|Stealth Rock|p2a: Slowking\n|-sidestart|p2: gotsnsd|move: Stealth Rock\n|\n|upkeep\n|turn|2\n|\n|t:|1663841122\n|switch|p1a: rotomwash|Rotom-Wash|100\/100\n|move|p2a: Slowking|Scald|p1a: rotomwash\n|-resisted|p1a: rotomwash\n|-damage|p1a: rotomwash|87\/100\n|-status|p1a: rotomwash|brn\n|\n|-heal|p1a: rotomwash|93\/100 brn|[from] item: Leftovers\n|-damage|p1a: rotomwash|87\/100 brn|[from] brn\n|upkeep\n|turn|3\n|\n|t:|1663841127\n|move|p1a: rotomwash|Thunderbolt|p2a: Slowking\n|-supereffective|p2a: Slowking\n|-damage|p2a: Slowking|54\/100\n|move|p2a: Slowking|Future Sight|p1a: rotomwash\n|-start|p2a: Slowking|move: Future Sight\n|\n|-heal|p1a: rotomwash|93\/100 brn|[from] item: Leftovers\n|-damage|p1a: rotomwash|87\/100 brn|[from] brn\n|upkeep\n|turn|4\n|\n|t:|1663841134\n|move|p1a: rotomwash|Thunderbolt|p2a: Slowking\n|-supereffective|p2a: Slowking\n|-damage|p2a: Slowking|9\/100\n|move|p2a: Slowking|Slack Off|p2a: Slowking\n|-heal|p2a: Slowking|59\/100\n|\n|-heal|p1a: rotomwash|93\/100 brn|[from] item: Leftovers\n|-damage|p1a: rotomwash|87\/100 brn|[from] brn\n|upkeep\n|turn|5\n|j| Vickyris\n|\n|t:|1663841139\n|switch|p1a: Weavile|Weavile, F|100\/100\n|-ability|p1a: Weavile|Pressure\n|move|p2a: Slowking|Slack Off|p2a: Slowking\n|-heal|p2a: Slowking|100\/100\n|\n|-end|p1a: Weavile|move: Future Sight\n|-immune|p1a: Weavile\n|upkeep\n|turn|6\n|l| Vickyris\n|\n|t:|1663841146\n|switch|p2a: Clefable|Clefable, M|100\/100\n|move|p1a: Weavile|Knock Off|p2a: Clefable\n|-resisted|p2a: Clefable\n|-damage|p2a: Clefable|68\/100\n|-enditem|p2a: Clefable|Leftovers|[from] move: Knock Off|[of] p1a: Weavile\n|\n|upkeep\n|turn|7\n|\n|t:|1663841151\n|switch|p1a: Heatran|Heatran, M|100\/100\n|-item|p1a: Heatran|Air Balloon\n|move|p2a: Clefable|Knock Off|p1a: Heatran\n|-damage|p1a: Heatran|85\/100\n|-enditem|p1a: Heatran|Air Balloon\n|\n|upkeep\n|turn|8\n|\n|t:|1663841156\n|switch|p2a: Slowking|Slowking, M|100\/100\n|-damage|p2a: Slowking|88\/100|[from] Stealth Rock\n|move|p1a: Heatran|Magma Storm|p2a: Slowking|[miss]\n|-miss|p1a: Heatran|p2a: Slowking\n|\n|upkeep\n|turn|9\n|\n|t:|1663841159\n|switch|p1a: rotomwash|Rotom-Wash|87\/100 brn\n|move|p2a: Slowking|Teleport|p2a: Slowking\n|\n|t:|1663841163\n|switch|p2a: Kartana|Kartana|100\/100|[from]move: Teleport\n|-damage|p2a: Kartana|94\/100|[from] Stealth Rock\n|\n|-heal|p1a: rotomwash|93\/100 brn|[from] item: Leftovers\n|-damage|p1a: rotomwash|87\/100 brn|[from] brn\n|upkeep\n|turn|10\n|inactive|gotsnsd has 120 seconds left.\n|\n|t:|1663841204\n|switch|p2a: Nidoking|Nidoking, M|100\/100\n|-damage|p2a: Nidoking|95\/100|[from] Stealth Rock\n|switch|p1a: Tangrowth|Tangrowth, F|100\/100\n|\n|upkeep\n|turn|11\n|\n|t:|1663841208\n|switch|p1a: Melmetal|Melmetal|100\/100\n|move|p2a: Nidoking|Sludge Wave|p1a: Melmetal\n|-immune|p1a: Melmetal\n|\n|upkeep\n|turn|12\n|\n|t:|1663841212\n|switch|p2a: Rotom|Rotom-Heat|100\/100\n|move|p1a: Melmetal|Ice Punch|p2a: Rotom\n|-resisted|p2a: Rotom\n|-damage|p2a: Rotom|84\/100\n|-status|p2a: Rotom|frz\n|\n|upkeep\n|turn|13\n|j| cbbab\n|\n|t:|1663841222\n|switch|p1a: rotomwash|Rotom-Wash|87\/100 brn\n|cant|p2a: Rotom|frz\n|\n|-heal|p1a: rotomwash|93\/100 brn|[from] item: Leftovers\n|-damage|p1a: rotomwash|87\/100 brn|[from] brn\n|upkeep\n|turn|14\n|\n|t:|1663841227\n|switch|p2a: Slowking|Slowking, M|100\/100\n|-damage|p2a: Slowking|88\/100|[from] Stealth Rock\n|move|p1a: rotomwash|Hydro Pump|p2a: Slowking|[miss]\n|-miss|p1a: rotomwash|p2a: Slowking\n|\n|-heal|p1a: rotomwash|93\/100 brn|[from] item: Leftovers\n|-damage|p1a: rotomwash|87\/100 brn|[from] brn\n|upkeep\n|turn|15\n|\n|t:|1663841230\n|move|p1a: rotomwash|Thunderbolt|p2a: Slowking\n|-supereffective|p2a: Slowking\n|-damage|p2a: Slowking|42\/100\n|move|p2a: Slowking|Future Sight|p1a: rotomwash\n|-start|p2a: Slowking|move: Future Sight\n|\n|-heal|p1a: rotomwash|93\/100 brn|[from] item: Leftovers\n|-damage|p1a: rotomwash|87\/100 brn|[from] brn\n|upkeep\n|turn|16\n|\n|t:|1663841235\n|switch|p2a: Rotom|Rotom-Heat|84\/100 frz\n|move|p1a: rotomwash|Thunderbolt|p2a: Rotom\n|-resisted|p2a: Rotom\n|-damage|p2a: Rotom|65\/100 frz\n|\n|-heal|p1a: rotomwash|93\/100 brn|[from] item: Leftovers\n|-damage|p1a: rotomwash|87\/100 brn|[from] brn\n|upkeep\n|turn|17\n|\n|t:|1663841238\n|switch|p1a: Weavile|Weavile, F|100\/100\n|-ability|p1a: Weavile|Pressure\n|-curestatus|p2a: Rotom|frz|[msg]\n|move|p2a: Rotom|Overheat|p1a: Weavile\n|-supereffective|p1a: Weavile\n|-damage|p1a: Weavile|0 fnt\n|-unboost|p2a: Rotom|spa|2\n|faint|p1a: Weavile\n|\n|-hint|Future Sight did not hit because the target is fainted.\n|upkeep\n|\n|t:|1663841238\n|switch|p1a: rotomwash|Rotom-Wash|87\/100 brn\n|turn|18\n|\n|t:|1663841251\n|switch|p2a: Dragapult|Dragapult, M|100\/100\n|-damage|p2a: Dragapult|88\/100|[from] Stealth Rock\n|move|p1a: rotomwash|Hydro Pump|p2a: Dragapult\n|-resisted|p2a: Dragapult\n|-crit|p2a: Dragapult\n|-damage|p2a: Dragapult|41\/100\n|\n|-heal|p1a: rotomwash|93\/100 brn|[from] item: Leftovers\n|-damage|p1a: rotomwash|87\/100 brn|[from] brn\n|upkeep\n|turn|19\n|\n|t:|1663841257\n|switch|p1a: Melmetal|Melmetal|100\/100\n|move|p2a: Dragapult|Dragon Darts|p1a: Melmetal\n|-resisted|p1a: Melmetal\n|-damage|p1a: Melmetal|90\/100\n|-anim|p2a: Dragapult|Dragon Darts|p1a: Melmetal\n|-resisted|p1a: Melmetal\n|-damage|p1a: Melmetal|80\/100\n|\n|upkeep\n|turn|20\n|\n|t:|1663841277\n|switch|p2a: Rotom|Rotom-Heat|65\/100\n|move|p1a: Melmetal|Ice Punch|p2a: Rotom\n|-resisted|p2a: Rotom\n|-damage|p2a: Rotom|47\/100\n|\n|upkeep\n|turn|21\n|\n|t:|1663841293\n|move|p2a: Rotom|Defog|p1a: Melmetal\n|-unboost|p1a: Melmetal|evasion|1\n|-sideend|p2: gotsnsd|Stealth Rock|[from] move: Defog|[of] p2a: Rotom\n|move|p1a: Melmetal|Ice Punch|p2a: Rotom\n|-resisted|p2a: Rotom\n|-damage|p2a: Rotom|28\/100\n|\n|upkeep\n|turn|22\n|\n|t:|1663841296\n|switch|p1a: landorustherian|Landorus-Therian, M|100\/100\n|-ability|p1a: landorustherian|Intimidate|boost\n|-unboost|p2a: Rotom|atk|1\n|move|p2a: Rotom|Overheat|p1a: landorustherian\n|-damage|p1a: landorustherian|64\/100\n|-unboost|p2a: Rotom|spa|2\n|\n|-heal|p1a: landorustherian|70\/100|[from] item: Leftovers\n|upkeep\n|turn|23\n|\n|t:|1663841303\n|switch|p2a: Clefable|Clefable, M|68\/100\n|move|p1a: landorustherian|Earthquake|p2a: Clefable\n|-damage|p2a: Clefable|26\/100\n|\n|-heal|p1a: landorustherian|76\/100|[from] item: Leftovers\n|upkeep\n|turn|24\n|\n|t:|1663841308\n|switch|p2a: Rotom|Rotom-Heat|28\/100\n|move|p1a: landorustherian|Earthquake|p2a: Rotom\n|-immune|p2a: Rotom|[from] ability: Levitate\n|\n|-heal|p1a: landorustherian|82\/100|[from] item: Leftovers\n|upkeep\n|turn|25\n|\n|t:|1663841312\n|move|p2a: Rotom|Nasty Plot|p2a: Rotom\n|-boost|p2a: Rotom|spa|2\n|move|p1a: landorustherian|Toxic|p2a: Rotom\n|-status|p2a: Rotom|tox\n|\n|-heal|p1a: landorustherian|88\/100|[from] item: Leftovers\n|-damage|p2a: Rotom|22\/100 tox|[from] psn\n|upkeep\n|turn|26\n|\n|t:|1663841316\n|move|p2a: Rotom|Discharge|p1a: landorustherian\n|-immune|p1a: landorustherian\n|move|p1a: landorustherian|U-turn|p2a: Rotom\n|-resisted|p2a: Rotom\n|-damage|p2a: Rotom|11\/100 tox\n|\n|t:|1663841317\n|switch|p1a: Heatran|Heatran, M|85\/100|[from]move: U-turn\n|\n|-damage|p2a: Rotom|0 fnt|[from] psn\n|faint|p2a: Rotom\n|upkeep\n|\n|t:|1663841328\n|switch|p2a: Nidoking|Nidoking, M|95\/100\n|turn|27\n|\n|t:|1663841332\n|switch|p1a: Melmetal|Melmetal|80\/100\n|move|p2a: Nidoking|Earth Power|p1a: Melmetal\n|-supereffective|p1a: Melmetal\n|-damage|p1a: Melmetal|11\/100\n|\n|upkeep\n|turn|28\n|\n|t:|1663841337\n|move|p2a: Nidoking|Flamethrower|p1a: Melmetal\n|-supereffective|p1a: Melmetal\n|-damage|p1a: Melmetal|0 fnt\n|faint|p1a: Melmetal\n|\n|upkeep\n|\n|t:|1663841337\n|switch|p1a: rotomwash|Rotom-Wash|87\/100 brn\n|turn|29\n|\n|t:|1663841341\n|move|p1a: rotomwash|Hydro Pump|p2a: Nidoking\n|-supereffective|p2a: Nidoking\n|-damage|p2a: Nidoking|0 fnt\n|faint|p2a: Nidoking\n|\n|-heal|p1a: rotomwash|93\/100 brn|[from] item: Leftovers\n|-damage|p1a: rotomwash|87\/100 brn|[from] brn\n|upkeep\n|\n|t:|1663841345\n|switch|p2a: Slowking|Slowking, M|75\/100\n|turn|30\n|\n|t:|1663841347\n|move|p1a: rotomwash|Thunderbolt|p2a: Slowking\n|-supereffective|p2a: Slowking\n|-damage|p2a: Slowking|30\/100\n|move|p2a: Slowking|Future Sight|p1a: rotomwash\n|-start|p2a: Slowking|move: Future Sight\n|\n|-heal|p1a: rotomwash|93\/100 brn|[from] item: Leftovers\n|-damage|p1a: rotomwash|87\/100 brn|[from] brn\n|upkeep\n|turn|31\n|\n|t:|1663841353\n|switch|p2a: Kartana|Kartana|94\/100\n|move|p1a: rotomwash|Thunderbolt|p2a: Kartana\n|-resisted|p2a: Kartana\n|-damage|p2a: Kartana|41\/100\n|\n|-heal|p1a: rotomwash|93\/100 brn|[from] item: Leftovers\n|-damage|p1a: rotomwash|87\/100 brn|[from] brn\n|upkeep\n|turn|32\n|\n|t:|1663841365\n|switch|p2a: Dragapult|Dragapult, M|41\/100\n|switch|p1a: Tangrowth|Tangrowth, F|100\/100\n|\n|-end|p1a: Tangrowth|move: Future Sight\n|-crit|p1a: Tangrowth\n|-damage|p1a: Tangrowth|5\/100\n|upkeep\n|turn|33\n|\n|t:|1663841373\n|switch|p1a: Heatran|Heatran, M|85\/100\n|move|p2a: Dragapult|U-turn|p1a: Heatran\n|-resisted|p1a: Heatran\n|-crit|p1a: Heatran\n|-damage|p1a: Heatran|72\/100\n|\n|t:|1663841382\n|switch|p2a: Kartana|Kartana|41\/100|[from]move: U-turn\n|\n|upkeep\n|turn|34\n|\n|t:|1663841386\n|switch|p1a: Tangrowth|Tangrowth, F|39\/100\n|move|p2a: Kartana|Sacred Sword|p1a: Tangrowth\n|-damage|p1a: Tangrowth|11\/100\n|-damage|p2a: Kartana|24\/100|[from] item: Rocky Helmet|[of] p1a: Tangrowth\n|-damage|p2a: Kartana|14\/100|[from] item: Life Orb\n|\n|upkeep\n|turn|35\n|\n|t:|1663841403\n|move|p2a: Kartana|Synthesis|p2a: Kartana\n|-heal|p2a: Kartana|64\/100\n|move|p1a: Tangrowth|Giga Drain|p2a: Kartana\n|-resisted|p2a: Kartana\n|-damage|p2a: Kartana|44\/100\n|-heal|p1a: Tangrowth|18\/100|[from] drain|[of] p2a: Kartana\n|\n|upkeep\n|turn|36\n|\n|t:|1663841410\n|switch|p1a: landorustherian|Landorus-Therian, M|88\/100\n|-ability|p1a: landorustherian|Intimidate|boost\n|-unboost|p2a: Kartana|atk|1\n|move|p2a: Kartana|Sacred Sword|p1a: landorustherian\n|-resisted|p1a: landorustherian\n|-damage|p1a: landorustherian|71\/100\n|-damage|p2a: Kartana|34\/100|[from] item: Life Orb\n|\n|-heal|p1a: landorustherian|77\/100|[from] item: Leftovers\n|upkeep\n|turn|37\n|\n|t:|1663841415\n|move|p2a: Kartana|Leaf Blade|p1a: landorustherian\n|-damage|p1a: landorustherian|28\/100\n|-damage|p2a: Kartana|24\/100|[from] item: Life Orb\n|move|p1a: landorustherian|Earthquake|p2a: Kartana\n|-damage|p2a: Kartana|0 fnt\n|faint|p2a: Kartana\n|\n|-heal|p1a: landorustherian|34\/100|[from] item: Leftovers\n|upkeep\n|\n|t:|1663841421\n|switch|p2a: Dragapult|Dragapult, M|41\/100\n|turn|38\n|\n|t:|1663841424\n|switch|p1a: Heatran|Heatran, M|72\/100\n|move|p2a: Dragapult|Dragon Darts|p1a: Heatran\n|-resisted|p1a: Heatran\n|-damage|p1a: Heatran|52\/100\n|-anim|p2a: Dragapult|Dragon Darts|p1a: Heatran\n|-resisted|p1a: Heatran\n|-damage|p1a: Heatran|32\/100\n|\n|upkeep\n|turn|39\n|\n|t:|1663841428\n|move|p2a: Dragapult|Dragon Darts|p1a: Heatran\n|-resisted|p1a: Heatran\n|-damage|p1a: Heatran|13\/100\n|-anim|p2a: Dragapult|Dragon Darts|p1a: Heatran\n|-resisted|p1a: Heatran\n|-damage|p1a: Heatran|0 fnt\n|faint|p1a: Heatran\n|\n|upkeep\n|\n|t:|1663841428\n|switch|p1a: Tangrowth|Tangrowth, F|51\/100\n|turn|40\n|\n|t:|1663841431\n|move|p2a: Dragapult|Dragon Darts|p1a: Tangrowth\n|-damage|p1a: Tangrowth|32\/100\n|-anim|p2a: Dragapult|Dragon Darts|p1a: Tangrowth\n|-damage|p1a: Tangrowth|12\/100\n|move|p1a: Tangrowth|Knock Off|p2a: Dragapult\n|-supereffective|p2a: Dragapult\n|-damage|p2a: Dragapult|0 fnt\n|-enditem|p2a: Dragapult|Choice Band|[from] move: Knock Off|[of] p1a: Tangrowth\n|faint|p2a: Dragapult\n|\n|upkeep\n|\n|t:|1663841437\n|switch|p2a: Clefable|Clefable, M|26\/100\n|turn|41\n|\n|t:|1663841445\n|switch|p1a: landorustherian|Landorus-Therian, M|34\/100\n|-ability|p1a: landorustherian|Intimidate|boost\n|-unboost|p2a: Clefable|atk|1\n|move|p2a: Clefable|Moonblast|p1a: landorustherian\n|-damage|p1a: landorustherian|12\/100\n|\n|-heal|p1a: landorustherian|18\/100|[from] item: Leftovers\n|upkeep\n|turn|42\n|\n|t:|1663841452\n|move|p1a: landorustherian|Earthquake|p2a: Clefable\n|-damage|p2a: Clefable|0 fnt\n|faint|p2a: Clefable\n|\n|-heal|p1a: landorustherian|24\/100|[from] item: Leftovers\n|upkeep\n|\n|t:|1663841454\n|switch|p2a: Slowking|Slowking, M|64\/100\n|turn|43\n|\n|t:|1663841460\n|move|p1a: landorustherian|Earthquake|p2a: Slowking\n|-damage|p2a: Slowking|20\/100\n|move|p2a: Slowking|Scald|p1a: landorustherian\n|-supereffective|p1a: landorustherian\n|-damage|p1a: landorustherian|0 fnt\n|faint|p1a: landorustherian\n|\n|upkeep\n|\n|t:|1663841460\n|switch|p1a: Tangrowth|Tangrowth, F|45\/100\n|turn|44\n|\n|t:|1663841465\n|move|p1a: Tangrowth|Giga Drain|p2a: Slowking\n|-supereffective|p2a: Slowking\n|-damage|p2a: Slowking|0 fnt\n|-heal|p1a: Tangrowth|54\/100|[from] drain|[of] p2a: Slowking\n|faint|p2a: Slowking\n|\n|win|minimax_ai\n|raw|minimax_ai's rating: 1666 &rarr; <strong>1687<\/strong><br \/>(+21 for winning)\n|raw|gotsnsd's rating: 1684 &rarr; <strong>1663<\/strong><br \/>(-21 for losing)\n|c|\u2606minimax_ai|gg\n","uploadtime":1663841467,"views":14,"p1id":"minimaxai","p2id":"gotsnsd","formatid":"gen8ou","rating":1663,"private":0,"password":null}