{"id":"gen8ou-1635499015","p1":"HOF69","p2":"LT92PF hiye","format":"gen8ou","log":"|j|\u2606HOF69\n|j|\u2606LT92PF hiye\n|t:|1660016370\n|gametype|singles\n|player|p1|HOF69|red|1789\n|player|p2|LT92PF hiye|#wcop2020uswest|1865\n|teamsize|p1|6\n|teamsize|p2|6\n|gen|8\n|tier|[Gen 8] OU\n|rated|\n|rule|Sleep Clause Mod: Limit one foe put to sleep\n|rule|Species Clause: Limit one of each Pok\u00e9mon\n|rule|OHKO Clause: OHKO moves are banned\n|rule|Evasion Items Clause: Evasion items are banned\n|rule|Evasion Moves Clause: Evasion moves are banned\n|rule|Endless Battle Clause: Forcing endless battles is banned\n|rule|HP Percentage Mod: HP is shown in percentages\n|rule|Dynamax Clause: You cannot dynamax\n|clearpoke\n|poke|p1|Blacephalon|\n|poke|p1|Gengar, M|\n|poke|p1|Landorus-Therian, M|\n|poke|p1|Krookodile, M|\n|poke|p1|Tapu Lele|\n|poke|p1|Kartana|\n|poke|p2|Landorus-Therian, M|\n|poke|p2|Tangrowth, F|\n|poke|p2|Zapdos|\n|poke|p2|Tyranitar, F|\n|poke|p2|Excadrill, M|\n|poke|p2|Toxapex, F|\n|teampreview\n|j| LT91BB Livio\n|j| Yung Mus\n|j| atvin\n|\n|t:|1660016387\n|start\n|switch|p1a: Krookodile|Krookodile, M|100\/100\n|switch|p2a: Raiden|Zapdos|100\/100\n|-ability|p1a: Krookodile|Intimidate|boost\n|-unboost|p2a: Raiden|atk|1\n|turn|1\n|\n|t:|1660016390\n|move|p2a: Raiden|Hurricane|p1a: Krookodile|[miss]\n|-miss|p2a: Raiden|p1a: Krookodile\n|move|p1a: Krookodile|Stealth Rock|p2a: Raiden\n|-sidestart|p2: LT92PF hiye|move: Stealth Rock\n|\n|upkeep\n|turn|2\n|c| atvin|the goat hof69\n|c|\u2606LT92PF hiye|no\n|c|\u2606LT92PF hiye|no\n|c|\u2606LT92PF hiye|no\n|c|\u2606LT92PF hiye|no\n|c| atvin|yes\n|\n|t:|1660016395\n|move|p2a: Raiden|Hurricane|p1a: Krookodile\n|-enditem|p1a: Krookodile|Focus Sash\n|-damage|p1a: Krookodile|1\/100\n|move|p1a: Krookodile|Knock Off|p2a: Raiden\n|-damage|p2a: Raiden|41\/100\n|-enditem|p2a: Raiden|Choice Specs|[from] move: Knock Off|[of] p1a: Krookodile\n|\n|upkeep\n|turn|3\n|\n|t:|1660016401\n|move|p2a: Raiden|Heat Wave|p1a: Krookodile\n|-damage|p1a: Krookodile|0 fnt\n|faint|p1a: Krookodile\n|\n|upkeep\n|c|\u2606HOF69|lol\n|inactive|Battle timer is ON: inactive players will automatically lose when time's up. (requested by LT92PF hiye)\n|\n|t:|1660016416\n|switch|p1a: Gengar|Gengar, M, shiny|100\/100\n|turn|4\n|\n|t:|1660016424\n|switch|p2a: SUNDOWNER|Tyranitar, F|100\/100\n|-damage|p2a: SUNDOWNER|88\/100|[from] Stealth Rock\n|-weather|Sandstorm|[from] ability: Sand Stream|[of] p2a: SUNDOWNER\n|move|p1a: Gengar|Shadow Ball|p2a: SUNDOWNER\n|-resisted|p2a: SUNDOWNER\n|-damage|p2a: SUNDOWNER|74\/100\n|-unboost|p2a: SUNDOWNER|spd|1\n|\n|-weather|Sandstorm|[upkeep]\n|-damage|p1a: Gengar|94\/100|[from] Sandstorm\n|upkeep\n|turn|5\n|j| Unowndragon\n|\n|t:|1660016427\n|switch|p2a: I REALIZE|Toxapex, F|100\/100\n|-damage|p2a: I REALIZE|88\/100|[from] Stealth Rock\n|move|p1a: Gengar|Focus Blast|p2a: I REALIZE\n|-resisted|p2a: I REALIZE\n|-damage|p2a: I REALIZE|75\/100\n|\n|-weather|Sandstorm|[upkeep]\n|-damage|p1a: Gengar|88\/100|[from] Sandstorm\n|-damage|p2a: I REALIZE|69\/100|[from] Sandstorm\n|upkeep\n|turn|6\n|j| Tace\n|j| boogiewdahoodie\n|j| LT92PF magmafires\n|\n|t:|1660016432\n|switch|p2a: SANDSTREAM SAM|Excadrill, M|100\/100\n|-damage|p2a: SANDSTREAM SAM|97\/100|[from] Stealth Rock\n|move|p1a: Gengar|Shadow Ball|p2a: SANDSTREAM SAM\n|-damage|p2a: SANDSTREAM SAM|46\/100\n|\n|-weather|Sandstorm|[upkeep]\n|-damage|p1a: Gengar|82\/100|[from] Sandstorm\n|-heal|p2a: SANDSTREAM SAM|52\/100|[from] item: Leftovers\n|upkeep\n|turn|7\n|j| Pokemh\n|l| Tace\n|c| LT92PF magmafires|hmm did you misclick?\n|j| AlIoutdragadarts\n|c| Pokemh|hmm\n|c|\u2606HOF69|who?\n|inactive|HOF69 has 120 seconds left.\n|\n|t:|1660016465\n|switch|p1a: Landorus|Landorus-Therian, M|100\/100\n|-ability|p1a: Landorus|Intimidate|boost\n|-unboost|p2a: SANDSTREAM SAM|atk|1\n|move|p2a: SANDSTREAM SAM|Rapid Spin|p1a: Landorus\n|-damage|p1a: Landorus|87\/100\n|-boost|p2a: SANDSTREAM SAM|spe|1\n|-sideend|p2: LT92PF hiye|Stealth Rock|[from] move: Rapid Spin|[of] p2a: SANDSTREAM SAM\n|\n|-weather|Sandstorm|[upkeep]\n|-heal|p2a: SANDSTREAM SAM|58\/100|[from] item: Leftovers\n|upkeep\n|turn|8\n|c| atvin|:o\n|\n|t:|1660016478\n|move|p2a: SANDSTREAM SAM|Iron Head|p1a: Landorus\n|-damage|p1a: Landorus|54\/100\n|move|p1a: Landorus|U-turn|p2a: SANDSTREAM SAM\n|-resisted|p2a: SANDSTREAM SAM\n|-damage|p2a: SANDSTREAM SAM|40\/100\n|c| atvin|oh wow\n|\n|t:|1660016483\n|switch|p1a: Gengar|Gengar, M, shiny|82\/100|[from]move: U-turn\n|\n|-weather|none\n|-heal|p2a: SANDSTREAM SAM|46\/100|[from] item: Leftovers\n|upkeep\n|turn|9\n|\n|t:|1660016489\n|move|p2a: SANDSTREAM SAM|Earthquake|p1a: Gengar\n|-supereffective|p1a: Gengar\n|-damage|p1a: Gengar|0 fnt\n|faint|p1a: Gengar\n|\n|-heal|p2a: SANDSTREAM SAM|53\/100|[from] item: Leftovers\n|upkeep\n|c|\u2606LT92PF hiye|kek\n|c| atvin|oh WOW\n|c|\u2606LT92PF hiye|ok\n|j| lt92pf velcro\n|c| boogiewdahoodie|wow blarg actually made a play!!\n|\n|t:|1660016496\n|switch|p1a: Kartana|Kartana|100\/100\n|turn|10\n|c|\u2606LT92PF hiye|ya nvr done tht beofr\n|\n|t:|1660016509\n|switch|p2a: STANDING HERE|Tangrowth, F|100\/100\n|move|p1a: Kartana|Swords Dance|p1a: Kartana\n|-boost|p1a: Kartana|atk|2\n|\n|upkeep\n|turn|11\n|\n|t:|1660016512\n|move|p1a: Kartana|Knock Off|p2a: STANDING HERE\n|-damage|p2a: STANDING HERE|52\/100\n|-enditem|p2a: STANDING HERE|Rocky Helmet|[from] move: Knock Off|[of] p1a: Kartana\n|move|p2a: STANDING HERE|Focus Blast|p1a: Kartana|[miss]\n|-miss|p2a: STANDING HERE|p1a: Kartana\n|\n|upkeep\n|turn|12\n|c| boogiewdahoodie|okay bestie\n|c| atvin|k\n|c|\u2606LT92PF hiye|:)\n|\n|t:|1660016529\n|move|p1a: Kartana|Sacred Sword|p2a: STANDING HERE\n|-damage|p2a: STANDING HERE|7\/100\n|move|p2a: STANDING HERE|Focus Blast|p1a: Kartana\n|-supereffective|p1a: Kartana\n|-damage|p1a: Kartana|0 fnt\n|faint|p1a: Kartana\n|\n|upkeep\n|c| LT92PF magmafires|blargh ghosting hiye oh my god O_O\n|\n|t:|1660016539\n|switch|p1a: Tapu Lele|Tapu Lele|100\/100\n|-fieldstart|move: Psychic Terrain|[from] ability: Psychic Surge|[of] p1a: Tapu Lele\n|turn|13\n|c|\u2606LT92PF hiye|alvin take notes bud\n|c| atvin|O_O\n|inactive|LT92PF hiye has 120 seconds left.\n|j| Tace\n|j| vusty\n|c| boogiewdahoodie|,\n|\n|t:|1660016584\n|switch|p2a: I REALIZE|Toxapex, F|100\/100\n|move|p1a: Tapu Lele|Moonblast|p2a: I REALIZE\n|-resisted|p2a: I REALIZE\n|-damage|p2a: I REALIZE|82\/100\n|-unboost|p2a: I REALIZE|spa|1\n|\n|upkeep\n|turn|14\n|l| vusty\n|l| Tace\n|\n|t:|1660016593\n|move|p1a: Tapu Lele|Psyshock|p2a: I REALIZE\n|-supereffective|p2a: I REALIZE\n|-damage|p2a: I REALIZE|0 fnt\n|faint|p2a: I REALIZE\n|\n|upkeep\n|\n|t:|1660016597\n|switch|p2a: Landorus|Landorus-Therian, M|100\/100\n|-ability|p2a: Landorus|Intimidate|boost\n|-unboost|p1a: Tapu Lele|atk|1\n|turn|15\n|\n|t:|1660016611\n|move|p2a: Landorus|Earthquake|p1a: Tapu Lele\n|-damage|p1a: Tapu Lele|0 fnt\n|faint|p1a: Tapu Lele\n|\n|upkeep\n|-message|HOF69 forfeited.\n|\n|win|LT92PF hiye\n|raw|HOF69's rating: 1789 &rarr; <strong>1773<\/strong><br \/>(-16 for losing)\n|raw|LT92PF hiye's rating: 1865 &rarr; <strong>1881<\/strong><br \/>(+16 for winning)\n|c|\u2606LT92PF hiye|:O\n|l|\u2606HOF69\n","uploadtime":1660016619,"views":73,"p1id":"hof69","p2id":"lt92pfhiye","formatid":"gen8ou","rating":1773,"private":0,"password":null}