{"id":"gen8ou-1059058505","p1":"berunkasuteru \u262d","p2":"ferromolybdenum","format":"gen8ou","log":"|j|\u2606berunkasuteru \u262d\n|j|\u2606ferromolybdenum\n|player|p1|berunkasuteru \u262d|lorelei-gen1rb|1498\n|player|p2|ferromolybdenum|lucas|1558\n|teamsize|p1|6\n|teamsize|p2|6\n|gametype|singles\n|gen|8\n|tier|[Gen 8] OU\n|rated|\n|clearpoke\n|poke|p1|Mew|\n|poke|p1|Grimmsnarl, M|\n|poke|p1|Cloyster, F|\n|poke|p1|Obstagoon, F|\n|poke|p1|Cinderace, M|\n|poke|p1|Hydreigon, M|\n|poke|p2|Hatterene, F|\n|poke|p2|Seismitoad, F|\n|poke|p2|Corviknight, F|\n|poke|p2|Dragapult, F|\n|poke|p2|Aegislash, M|\n|poke|p2|Clefable, F|\n|rule|Sleep Clause Mod: Limit one foe put to sleep\n|rule|Species Clause: Limit one of each Pok\u00e9mon\n|rule|OHKO Clause: OHKO moves are banned\n|rule|Evasion Moves Clause: Evasion moves are banned\n|rule|Endless Battle Clause: Forcing endless battles is banned\n|rule|HP Percentage Mod: HP is shown in percentages\n|rule|Dynamax Clause: You cannot dynamax\n|teampreview\n|\n|start\n|switch|p1a: Cinderace|Cinderace, M|100\/100\n|switch|p2a: Aegislash|Aegislash, M|100\/100\n|turn|1\n|\n|switch|p2a: Seismitoad|Seismitoad, F|100\/100\n|move|p1a: Cinderace|U-turn|p2a: Seismitoad\n|-crit|p2a: Seismitoad\n|-damage|p2a: Seismitoad|62\/100\n|\n|switch|p1a: Grimmsnarl|Grimmsnarl, M|100\/100|[from]move: U-turn\n|\n|-heal|p2a: Seismitoad|68\/100|[from] item: Leftovers\n|upkeep\n|turn|2\n|\n|switch|p2a: Corviknight|Corviknight, F|100\/100\n|-ability|p2a: Corviknight|Pressure\n|move|p1a: Grimmsnarl|Taunt|p2a: Corviknight\n|-start|p2a: Corviknight|move: Taunt\n|\n|upkeep\n|turn|3\n|\n|move|p1a: Grimmsnarl|Reflect|p1a: Grimmsnarl\n|-sidestart|p1: berunkasuteru \u262d|Reflect\n|move|p2a: Corviknight|Brave Bird|p1a: Grimmsnarl\n|-damage|p1a: Grimmsnarl|77\/100\n|-damage|p2a: Corviknight|93\/100|[from] Recoil\n|\n|-heal|p2a: Corviknight|99\/100|[from] item: Leftovers\n|upkeep\n|turn|4\n|\n|switch|p1a: Cinderace|Cinderace, M|100\/100\n|move|p2a: Corviknight|Brave Bird|p1a: Cinderace\n|-damage|p1a: Cinderace|75\/100\n|-damage|p2a: Corviknight|93\/100|[from] Recoil\n|\n|-heal|p2a: Corviknight|99\/100|[from] item: Leftovers\n|-end|p2a: Corviknight|move: Taunt\n|upkeep\n|turn|5\n|\n|switch|p2a: Seismitoad|Seismitoad, F|68\/100\n|move|p1a: Cinderace|Pyro Ball|p2a: Seismitoad\n|-resisted|p2a: Seismitoad\n|-damage|p2a: Seismitoad|36\/100\n|\n|-heal|p2a: Seismitoad|42\/100|[from] item: Leftovers\n|upkeep\n|turn|6\n|\n|switch|p1a: Grimmsnarl|Grimmsnarl, M|77\/100\n|move|p2a: Seismitoad|Stealth Rock|p1a: Grimmsnarl\n|-sidestart|p1: berunkasuteru \u262d|move: Stealth Rock\n|\n|-heal|p2a: Seismitoad|48\/100|[from] item: Leftovers\n|upkeep\n|turn|7\n|\n|move|p1a: Grimmsnarl|Taunt|p2a: Seismitoad\n|-start|p2a: Seismitoad|move: Taunt\n|cant|p2a: Seismitoad|move: Taunt|Toxic\n|\n|-heal|p2a: Seismitoad|54\/100|[from] item: Leftovers\n|upkeep\n|turn|8\n|\n|move|p1a: Grimmsnarl|Light Screen|p1a: Grimmsnarl\n|-sidestart|p1: berunkasuteru \u262d|move: Light Screen\n|move|p2a: Seismitoad|Scald|p1a: Grimmsnarl\n|-damage|p1a: Grimmsnarl|70\/100\n|\n|-heal|p2a: Seismitoad|60\/100|[from] item: Leftovers\n|upkeep\n|turn|9\n|\n|move|p2a: Seismitoad|Scald|p1a: Grimmsnarl\n|-damage|p1a: Grimmsnarl|62\/100\n|move|p1a: Grimmsnarl|Spirit Break|p2a: Seismitoad\n|-damage|p2a: Seismitoad|36\/100\n|-unboost|p2a: Seismitoad|spa|1\n|\n|-heal|p2a: Seismitoad|42\/100|[from] item: Leftovers\n|-end|p2a: Seismitoad|move: Taunt\n|upkeep\n|turn|10\n|\n|switch|p2a: Corviknight|Corviknight, F|99\/100\n|-ability|p2a: Corviknight|Pressure\n|move|p1a: Grimmsnarl|Spirit Break|p2a: Corviknight\n|-resisted|p2a: Corviknight\n|-damage|p2a: Corviknight|90\/100\n|-unboost|p2a: Corviknight|spa|1\n|\n|-heal|p2a: Corviknight|96\/100|[from] item: Leftovers\n|-sideend|p1: berunkasuteru \u262d|Reflect\n|upkeep\n|turn|11\n|\n|move|p1a: Grimmsnarl|Reflect|p1a: Grimmsnarl\n|-sidestart|p1: berunkasuteru \u262d|Reflect\n|move|p2a: Corviknight|Brave Bird|p1a: Grimmsnarl\n|-damage|p1a: Grimmsnarl|38\/100\n|-damage|p2a: Corviknight|89\/100|[from] Recoil\n|\n|-heal|p2a: Corviknight|95\/100|[from] item: Leftovers\n|upkeep\n|turn|12\n|\n|switch|p1a: Obstagoon|Obstagoon, F|100\/100\n|-damage|p1a: Obstagoon|88\/100|[from] Stealth Rock\n|move|p2a: Corviknight|Brave Bird|p1a: Obstagoon\n|-damage|p1a: Obstagoon|71\/100\n|-damage|p2a: Corviknight|90\/100|[from] Recoil\n|\n|-heal|p2a: Corviknight|97\/100|[from] item: Leftovers\n|-status|p1a: Obstagoon|brn|[from] item: Flame Orb\n|upkeep\n|turn|13\n|\n|move|p1a: Obstagoon|Knock Off|p2a: Corviknight\n|-damage|p2a: Corviknight|59\/100\n|-enditem|p2a: Corviknight|Leftovers|[from] move: Knock Off|[of] p1a: Obstagoon\n|move|p2a: Corviknight|Body Press|p1a: Obstagoon\n|-supereffective|p1a: Obstagoon\n|-damage|p1a: Obstagoon|12\/100 brn\n|\n|-damage|p1a: Obstagoon|6\/100 brn|[from] brn\n|upkeep\n|turn|14\n|\n|move|p1a: Obstagoon|Obstruct|p1a: Obstagoon\n|-singleturn|p1a: Obstagoon|Protect\n|move|p2a: Corviknight|Roost|p2a: Corviknight\n|-heal|p2a: Corviknight|100\/100\n|-singleturn|p2a: Corviknight|move: Roost\n|\n|-damage|p1a: Obstagoon|0 fnt|[from] brn\n|faint|p1a: Obstagoon\n|upkeep\n|\n|switch|p1a: Hydreigon|Hydreigon, M|100\/100\n|-damage|p1a: Hydreigon|88\/100|[from] Stealth Rock\n|turn|15\n|\n|switch|p2a: Clefable|Clefable, F|100\/100\n|move|p1a: Hydreigon|Nasty Plot|p1a: Hydreigon\n|-boost|p1a: Hydreigon|spa|2\n|\n|-sideend|p1: berunkasuteru \u262d|move: Light Screen\n|upkeep\n|turn|16\n|\n|move|p1a: Hydreigon|Flash Cannon|p2a: Clefable\n|-supereffective|p2a: Clefable\n|-damage|p2a: Clefable|0 fnt\n|-damage|p1a: Hydreigon|78\/100|[from] item: Life Orb\n|faint|p2a: Clefable\n|\n|upkeep\n|\n|switch|p2a: Dragapult|Dragapult, F|100\/100\n|turn|17\n|\n|switch|p1a: Grimmsnarl|Grimmsnarl, M|38\/100\n|-damage|p1a: Grimmsnarl|26\/100|[from] Stealth Rock\n|move|p2a: Dragapult|Draco Meteor|p1a: Grimmsnarl\n|-immune|p1a: Grimmsnarl\n|\n|upkeep\n|turn|18\n|\n|switch|p2a: Corviknight|Corviknight, F|100\/100\n|-ability|p2a: Corviknight|Pressure\n|move|p1a: Grimmsnarl|Light Screen|p1a: Grimmsnarl\n|-sidestart|p1: berunkasuteru \u262d|move: Light Screen\n|\n|-sideend|p1: berunkasuteru \u262d|Reflect\n|upkeep\n|turn|19\n|\n|move|p1a: Grimmsnarl|Reflect|p1a: Grimmsnarl\n|-sidestart|p1: berunkasuteru \u262d|Reflect\n|move|p2a: Corviknight|Brave Bird|p1a: Grimmsnarl\n|-damage|p1a: Grimmsnarl|4\/100\n|-damage|p2a: Corviknight|93\/100|[from] Recoil\n|\n|upkeep\n|turn|20\n|\n|move|p1a: Grimmsnarl|Taunt|p2a: Corviknight\n|-start|p2a: Corviknight|move: Taunt\n|move|p2a: Corviknight|Body Press|p1a: Grimmsnarl\n|-damage|p1a: Grimmsnarl|0 fnt\n|faint|p1a: Grimmsnarl\n|\n|upkeep\n|\n|switch|p1a: Cinderace|Cinderace, M|75\/100\n|-damage|p1a: Cinderace|50\/100|[from] Stealth Rock\n|turn|21\n|\n|switch|p2a: Seismitoad|Seismitoad, F|42\/100\n|move|p1a: Cinderace|Pyro Ball|p2a: Seismitoad\n|-resisted|p2a: Seismitoad\n|-damage|p2a: Seismitoad|11\/100\n|\n|-heal|p2a: Seismitoad|17\/100|[from] item: Leftovers\n|upkeep\n|turn|22\n|\n|move|p1a: Cinderace|Pyro Ball|p2a: Seismitoad\n|-resisted|p2a: Seismitoad\n|-damage|p2a: Seismitoad|0 fnt\n|faint|p2a: Seismitoad\n|\n|upkeep\n|\n|switch|p2a: Dragapult|Dragapult, F|100\/100\n|turn|23\n|\n|move|p2a: Dragapult|Draco Meteor|p1a: Cinderace\n|-damage|p1a: Cinderace|0 fnt\n|-unboost|p2a: Dragapult|spa|2\n|faint|p1a: Cinderace\n|\n|upkeep\n|\n|switch|p1a: Cloyster|Cloyster, F|100\/100\n|-damage|p1a: Cloyster|76\/100|[from] Stealth Rock\n|turn|24\n|\n|switch|p2a: Corviknight|Corviknight, F|93\/100\n|-ability|p2a: Corviknight|Pressure\n|move|p1a: Cloyster|Icicle Spear|p2a: Corviknight\n|-damage|p2a: Corviknight|87\/100\n|-damage|p2a: Corviknight|80\/100\n|-damage|p2a: Corviknight|73\/100\n|-damage|p2a: Corviknight|67\/100\n|-damage|p2a: Corviknight|60\/100\n|-hitcount|p2a: Corviknight|5\n|\n|upkeep\n|turn|25\n|\n|move|p1a: Cloyster|Shell Smash|p1a: Cloyster\n|-unboost|p1a: Cloyster|def|1\n|-unboost|p1a: Cloyster|spd|1\n|-boost|p1a: Cloyster|atk|2\n|-boost|p1a: Cloyster|spa|2\n|-boost|p1a: Cloyster|spe|2\n|move|p2a: Corviknight|Body Press|p1a: Cloyster\n|-supereffective|p1a: Cloyster\n|-damage|p1a: Cloyster|40\/100\n|\n|-sideend|p1: berunkasuteru \u262d|move: Light Screen\n|upkeep\n|turn|26\n|\n|switch|p2a: Aegislash|Aegislash, M|100\/100\n|move|p1a: Cloyster|Icicle Spear|p2a: Aegislash\n|-resisted|p2a: Aegislash\n|-damage|p2a: Aegislash|92\/100\n|-resisted|p2a: Aegislash\n|-damage|p2a: Aegislash|82\/100\n|-resisted|p2a: Aegislash\n|-damage|p2a: Aegislash|72\/100\n|-resisted|p2a: Aegislash\n|-damage|p2a: Aegislash|62\/100\n|-resisted|p2a: Aegislash\n|-damage|p2a: Aegislash|54\/100\n|-hitcount|p2a: Aegislash|5\n|\n|-heal|p2a: Aegislash|60\/100|[from] item: Leftovers\n|-sideend|p1: berunkasuteru \u262d|Reflect\n|upkeep\n|turn|27\n|\n|-formechange|p2a: Aegislash|Aegislash-Blade||[from] ability: Stance Change\n|move|p2a: Aegislash|Shadow Sneak|p1a: Cloyster\n|-damage|p1a: Cloyster|15\/100\n|move|p1a: Cloyster|Icicle Spear|p2a: Aegislash\n|-resisted|p2a: Aegislash\n|-damage|p2a: Aegislash|38\/100\n|-resisted|p2a: Aegislash\n|-damage|p2a: Aegislash|18\/100\n|-resisted|p2a: Aegislash\n|-damage|p2a: Aegislash|0 fnt\n|-hitcount|p2a: Aegislash|3\n|faint|p2a: Aegislash\n|\n|upkeep\n|\n|switch|p2a: Hatterene|Hatterene, F|100\/100\n|turn|28\n|\n|move|p1a: Cloyster|Icicle Spear|p2a: Hatterene\n|-damage|p2a: Hatterene|81\/100\n|-damage|p2a: Hatterene|62\/100\n|-damage|p2a: Hatterene|41\/100\n|-crit|p2a: Hatterene\n|-damage|p2a: Hatterene|10\/100\n|-damage|p2a: Hatterene|0 fnt\n|-hitcount|p2a: Hatterene|5\n|faint|p2a: Hatterene\n|\n|upkeep\n|\n|switch|p2a: Corviknight|Corviknight, F|60\/100\n|-ability|p2a: Corviknight|Pressure\n|turn|29\n|\n|move|p1a: Cloyster|Icicle Spear|p2a: Corviknight\n|-damage|p2a: Corviknight|47\/100\n|-damage|p2a: Corviknight|34\/100\n|-damage|p2a: Corviknight|20\/100\n|-damage|p2a: Corviknight|8\/100\n|-damage|p2a: Corviknight|0 fnt\n|-hitcount|p2a: Corviknight|5\n|faint|p2a: Corviknight\n|\n|upkeep\n|\n|switch|p2a: Dragapult|Dragapult, F|100\/100\n|turn|30\n|\n|move|p1a: Cloyster|Icicle Spear|p2a: Dragapult\n|-supereffective|p2a: Dragapult\n|-damage|p2a: Dragapult|40\/100\n|-supereffective|p2a: Dragapult\n|-damage|p2a: Dragapult|0 fnt\n|-hitcount|p2a: Dragapult|2\n|faint|p2a: Dragapult\n|\n|win|berunkasuteru \u262d\n|l|\u2606ferromolybdenum\n|raw|berunkasuteru \u262d's rating: 1520 &rarr; <strong>1543<\/strong><br \/>(+23 for winning)\n|raw|ferromolybdenum's rating: 1578 &rarr; <strong>1554<\/strong><br \/>(-24 for losing)\n","uploadtime":1581028334,"views":16,"p1id":"berunkasuteru","p2id":"ferromolybdenum","formatid":"gen8ou","rating":1543,"private":0,"password":null}