{"id":"gen8ou-1335910630","p1":"M4RKUTIO","p2":"I'M AT MY LIMIT","format":"gen8ou","log":"|j|\u2606M4RKUTIO\n|j|\u2606I'M AT MY LIMIT\n|t:|1620362270\n|gametype|singles\n|player|p1|M4RKUTIO|cynthia|1508\n|player|p2|I'M AT MY LIMIT|rosa|1524\n|teamsize|p1|6\n|teamsize|p2|6\n|gen|8\n|tier|[Gen 8] OU\n|rated|\n|clearpoke\n|poke|p1|Garchomp, F|\n|poke|p1|Tangrowth, F|\n|poke|p1|Tapu Lele|\n|poke|p1|Heatran, M|\n|poke|p1|Urshifu-*, M|\n|poke|p1|Corviknight, M|\n|poke|p2|Corviknight, M|\n|poke|p2|Slowbro, M|\n|poke|p2|Garchomp, F|\n|poke|p2|Volcarona, M|\n|poke|p2|Audino, M|\n|poke|p2|Melmetal|\n|rule|Sleep Clause Mod: Limit one foe put to sleep\n|rule|Species Clause: Limit one of each Pok\u00e9mon\n|rule|OHKO Clause: OHKO moves are banned\n|rule|Evasion Moves Clause: Evasion moves are banned\n|rule|Endless Battle Clause: Forcing endless battles is banned\n|rule|HP Percentage Mod: HP is shown in percentages\n|rule|Dynamax Clause: You cannot dynamax\n|teampreview\n|inactive|Battle timer is ON: inactive players will automatically lose when time's up. (requested by I'M AT MY LIMIT)\n|inactive|I'M AT MY LIMIT has 120 seconds left.\n|\n|t:|1620362304\n|start\n|switch|p1a: Tangrowth|Tangrowth, F|100\/100\n|switch|p2a: BlissClefPex \ud83c\udf20|Audino, M|100\/100\n|turn|1\n|inactive|I'M AT MY LIMIT has 120 seconds left.\n|c|\u2606I'M AT MY LIMIT|Star take this game\n|\n|t:|1620362358\n|move|p2a: BlissClefPex \ud83c\udf20|Knock Off|p1a: Tangrowth\n|-damage|p1a: Tangrowth|93\/100\n|-damage|p2a: BlissClefPex \ud83c\udf20|84\/100|[from] item: Rocky Helmet|[of] p1a: Tangrowth\n|-enditem|p1a: Tangrowth|Rocky Helmet|[from] move: Knock Off|[of] p2a: BlissClefPex \ud83c\udf20\n|move|p1a: Tangrowth|Knock Off|p2a: BlissClefPex \ud83c\udf20\n|-damage|p2a: BlissClefPex \ud83c\udf20|61\/100\n|-enditem|p2a: BlissClefPex \ud83c\udf20|Leftovers|[from] move: Knock Off|[of] p1a: Tangrowth\n|\n|upkeep\n|turn|2\n|\n|t:|1620362372\n|switch|p2a: Slowbruh \ud83c\udfc3|Slowbro, M|100\/100\n|move|p1a: Tangrowth|Focus Blast|p2a: Slowbruh \ud83c\udfc3\n|-resisted|p2a: Slowbruh \ud83c\udfc3\n|-damage|p2a: Slowbruh \ud83c\udfc3|85\/100\n|\n|upkeep\n|turn|3\n|\n|t:|1620362380\n|move|p1a: Tangrowth|Knock Off|p2a: Slowbruh \ud83c\udfc3\n|-supereffective|p2a: Slowbruh \ud83c\udfc3\n|-damage|p2a: Slowbruh \ud83c\udfc3|60\/100\n|-enditem|p2a: Slowbruh \ud83c\udfc3|Heavy-Duty Boots|[from] move: Knock Off|[of] p1a: Tangrowth\n|move|p2a: Slowbruh \ud83c\udfc3|Future Sight|p1a: Tangrowth\n|-start|p2a: Slowbruh \ud83c\udfc3|move: Future Sight\n|\n|upkeep\n|turn|4\n|\n|t:|1620362382\n|switch|p2a: Land shark \ud83c\udf0a\u2600|Garchomp, F|100\/100\n|move|p1a: Tangrowth|Giga Drain|p2a: Land shark \ud83c\udf0a\u2600\n|-damage|p2a: Land shark \ud83c\udf0a\u2600|81\/100\n|-heal|p1a: Tangrowth|100\/100|[from] drain|[of] p2a: Land shark \ud83c\udf0a\u2600\n|\n|-heal|p2a: Land shark \ud83c\udf0a\u2600|87\/100|[from] item: Leftovers\n|upkeep\n|turn|5\n|\n|t:|1620362385\n|switch|p1a: Corviknight|Corviknight, M|100\/100\n|-ability|p1a: Corviknight|Pressure\n|move|p2a: Land shark \ud83c\udf0a\u2600|Dragon Tail|p1a: Corviknight\n|-resisted|p1a: Corviknight\n|-damage|p1a: Corviknight|89\/100\n|drag|p1a: Garchomp|Garchomp, F|100\/100\n|\n|-end|p1a: Garchomp|move: Future Sight\n|-damage|p1a: Garchomp|55\/100\n|-heal|p2a: Land shark \ud83c\udf0a\u2600|93\/100|[from] item: Leftovers\n|upkeep\n|turn|6\n|\n|t:|1620362389\n|move|p1a: Garchomp|Scale Shot|p2a: Land shark \ud83c\udf0a\u2600\n|-supereffective|p2a: Land shark \ud83c\udf0a\u2600\n|-damage|p2a: Land shark \ud83c\udf0a\u2600|65\/100\n|-supereffective|p2a: Land shark \ud83c\udf0a\u2600\n|-damage|p2a: Land shark \ud83c\udf0a\u2600|38\/100\n|-supereffective|p2a: Land shark \ud83c\udf0a\u2600\n|-damage|p2a: Land shark \ud83c\udf0a\u2600|11\/100\n|-supereffective|p2a: Land shark \ud83c\udf0a\u2600\n|-damage|p2a: Land shark \ud83c\udf0a\u2600|0 fnt\n|-hitcount|p2a: Land shark \ud83c\udf0a\u2600|4\n|faint|p2a: Land shark \ud83c\udf0a\u2600\n|-unboost|p1a: Garchomp|def|1\n|-boost|p1a: Garchomp|spe|1\n|-damage|p1a: Garchomp|45\/100|[from] item: Life Orb\n|\n|upkeep\n|inactive|I'M AT MY LIMIT has 120 seconds left.\n|\n|t:|1620362414\n|switch|p2a: Slowbruh \ud83c\udfc3|Slowbro, M|93\/100\n|turn|7\n|\n|t:|1620362418\n|switch|p1a: Urshifu|Urshifu-Rapid-Strike, M|100\/100\n|move|p2a: Slowbruh \ud83c\udfc3|Scald|p1a: Urshifu\n|-resisted|p1a: Urshifu\n|-damage|p1a: Urshifu|78\/100\n|\n|upkeep\n|turn|8\n|\n|t:|1620362420\n|move|p1a: Urshifu|U-turn|p2a: Slowbruh \ud83c\udfc3\n|-supereffective|p2a: Slowbruh \ud83c\udfc3\n|-damage|p2a: Slowbruh \ud83c\udfc3|47\/100\n|\n|t:|1620362429\n|switch|p1a: Tapu Lele|Tapu Lele|100\/100|[from]move: U-turn\n|-fieldstart|move: Psychic Terrain|[from] ability: Psychic Surge|[of] p1a: Tapu Lele\n|move|p2a: Slowbruh \ud83c\udfc3|Scald|p1a: Tapu Lele\n|-damage|p1a: Tapu Lele|71\/100\n|-status|p1a: Tapu Lele|brn\n|\n|-damage|p1a: Tapu Lele|65\/100 brn|[from] brn\n|upkeep\n|turn|9\n|\n|t:|1620362434\n|switch|p2a: IRON GIANT \ud83d\udd27|Melmetal|100\/100\n|move|p1a: Tapu Lele|Moonblast|p2a: IRON GIANT \ud83d\udd27\n|-resisted|p2a: IRON GIANT \ud83d\udd27\n|-damage|p2a: IRON GIANT \ud83d\udd27|81\/100\n|\n|-damage|p1a: Tapu Lele|59\/100 brn|[from] brn\n|upkeep\n|turn|10\n|\n|t:|1620362438\n|switch|p1a: Corviknight|Corviknight, M|89\/100\n|-ability|p1a: Corviknight|Pressure\n|move|p2a: IRON GIANT \ud83d\udd27|Earthquake|p1a: Corviknight\n|-immune|p1a: Corviknight\n|\n|-heal|p1a: Corviknight|95\/100|[from] item: Leftovers\n|upkeep\n|turn|11\n|\n|t:|1620362442\n|switch|p2a: Slowbruh \ud83c\udfc3|Slowbro, M|80\/100\n|move|p1a: Corviknight|U-turn|p2a: Slowbruh \ud83c\udfc3\n|-supereffective|p2a: Slowbruh \ud83c\udfc3\n|-damage|p2a: Slowbruh \ud83c\udfc3|63\/100\n|\n|t:|1620362450\n|switch|p1a: Tangrowth|Tangrowth, F|100\/100|[from]move: U-turn\n|\n|upkeep\n|turn|12\n|\n|t:|1620362455\n|switch|p2a: BlissClefPex \ud83c\udf20|Audino, M|94\/100\n|move|p1a: Tangrowth|Sleep Powder|p2a: BlissClefPex \ud83c\udf20|[miss]\n|-miss|p1a: Tangrowth|p2a: BlissClefPex \ud83c\udf20\n|\n|-fieldend|move: Psychic Terrain\n|upkeep\n|turn|13\n|j| Tapu fever\n|\n|t:|1620362464\n|switch|p2a: Amazon prime|Corviknight, M, shiny|100\/100\n|-ability|p2a: Amazon prime|Pressure\n|move|p1a: Tangrowth|Knock Off|p2a: Amazon prime\n|-damage|p2a: Amazon prime|86\/100\n|-enditem|p2a: Amazon prime|Shed Shell|[from] move: Knock Off|[of] p1a: Tangrowth\n|\n|upkeep\n|turn|14\n|\n|t:|1620362471\n|move|p2a: Amazon prime|Iron Defense|p2a: Amazon prime\n|-boost|p2a: Amazon prime|def|2\n|move|p1a: Tangrowth|Sleep Powder|p2a: Amazon prime\n|-status|p2a: Amazon prime|slp|[from] move: Sleep Powder\n|\n|upkeep\n|turn|15\n|\n|t:|1620362476\n|switch|p2a: BlissClefPex \ud83c\udf20|Audino, M|100\/100\n|switch|p1a: Heatran|Heatran, M|100\/100\n|\n|upkeep\n|turn|16\n|\n|t:|1620362487\n|move|p1a: Heatran|Stealth Rock|p2a: BlissClefPex \ud83c\udf20\n|-sidestart|p2: I'M AT MY LIMIT|move: Stealth Rock\n|move|p2a: BlissClefPex \ud83c\udf20|Knock Off|p1a: Heatran\n|-damage|p1a: Heatran|89\/100\n|-enditem|p1a: Heatran|Leftovers|[from] move: Knock Off|[of] p2a: BlissClefPex \ud83c\udf20\n|\n|upkeep\n|turn|17\n|\n|t:|1620362494\n|move|p1a: Heatran|Magma Storm|p2a: BlissClefPex \ud83c\udf20\n|-crit|p2a: BlissClefPex \ud83c\udf20\n|-damage|p2a: BlissClefPex \ud83c\udf20|55\/100\n|-activate|p2a: BlissClefPex \ud83c\udf20|move: Magma Storm|[of] p1a: Heatran\n|move|p2a: BlissClefPex \ud83c\udf20|Wish|p2a: BlissClefPex \ud83c\udf20\n|\n|-damage|p2a: BlissClefPex \ud83c\udf20|42\/100|[from] move: Magma Storm|[partiallytrapped]\n|upkeep\n|turn|18\n|\n|t:|1620362497\n|move|p2a: BlissClefPex \ud83c\udf20|Protect|p2a: BlissClefPex \ud83c\udf20\n|-singleturn|p2a: BlissClefPex \ud83c\udf20|Protect\n|move|p1a: Heatran|Toxic|p2a: BlissClefPex \ud83c\udf20\n|-activate|p2a: BlissClefPex \ud83c\udf20|move: Protect\n|\n|-heal|p2a: BlissClefPex \ud83c\udf20|92\/100|[from] move: Wish|[wisher] BlissClefPex \ud83c\udf20\n|-damage|p2a: BlissClefPex \ud83c\udf20|80\/100|[from] move: Magma Storm|[partiallytrapped]\n|upkeep\n|turn|19\n|\n|t:|1620362500\n|move|p2a: BlissClefPex \ud83c\udf20|Protect||[still]\n|-fail|p2a: BlissClefPex \ud83c\udf20\n|move|p1a: Heatran|Toxic|p2a: BlissClefPex \ud83c\udf20\n|-status|p2a: BlissClefPex \ud83c\udf20|tox\n|\n|-damage|p2a: BlissClefPex \ud83c\udf20|74\/100 tox|[from] psn\n|-damage|p2a: BlissClefPex \ud83c\udf20|61\/100 tox|[from] move: Magma Storm|[partiallytrapped]\n|upkeep\n|turn|20\n|\n|t:|1620362516\n|move|p1a: Heatran|Earth Power|p2a: BlissClefPex \ud83c\udf20\n|-damage|p2a: BlissClefPex \ud83c\udf20|45\/100 tox\n|move|p2a: BlissClefPex \ud83c\udf20|Wish|p2a: BlissClefPex \ud83c\udf20\n|\n|-damage|p2a: BlissClefPex \ud83c\udf20|33\/100 tox|[from] psn\n|-damage|p2a: BlissClefPex \ud83c\udf20|21\/100 tox|[from] move: Magma Storm|[partiallytrapped]\n|upkeep\n|turn|21\n|\n|t:|1620362525\n|move|p2a: BlissClefPex \ud83c\udf20|Protect|p2a: BlissClefPex \ud83c\udf20\n|-singleturn|p2a: BlissClefPex \ud83c\udf20|Protect\n|move|p1a: Heatran|Magma Storm|p2a: BlissClefPex \ud83c\udf20\n|-activate|p2a: BlissClefPex \ud83c\udf20|move: Protect\n|\n|-heal|p2a: BlissClefPex \ud83c\udf20|71\/100 tox|[from] move: Wish|[wisher] BlissClefPex \ud83c\udf20\n|-damage|p2a: BlissClefPex \ud83c\udf20|52\/100 tox|[from] psn\n|-end|p2a: BlissClefPex \ud83c\udf20|Magma Storm|[partiallytrapped]\n|upkeep\n|turn|22\n|\n|t:|1620362530\n|switch|p2a: Slowbruh \ud83c\udfc3|Slowbro, M|96\/100\n|-damage|p2a: Slowbruh \ud83c\udfc3|84\/100|[from] Stealth Rock\n|move|p1a: Heatran|Magma Storm|p2a: Slowbruh \ud83c\udfc3|[miss]\n|-miss|p1a: Heatran|p2a: Slowbruh \ud83c\udfc3\n|\n|upkeep\n|turn|23\n|\n|t:|1620362537\n|switch|p1a: Corviknight|Corviknight, M|95\/100\n|-ability|p1a: Corviknight|Pressure\n|move|p2a: Slowbruh \ud83c\udfc3|Scald|p1a: Corviknight\n|-damage|p1a: Corviknight|75\/100\n|\n|-heal|p1a: Corviknight|81\/100|[from] item: Leftovers\n|upkeep\n|turn|24\n|\n|t:|1620362544\n|move|p1a: Corviknight|U-turn|p2a: Slowbruh \ud83c\udfc3\n|-supereffective|p2a: Slowbruh \ud83c\udfc3\n|-damage|p2a: Slowbruh \ud83c\udfc3|68\/100\n|\n|t:|1620362548\n|switch|p1a: Garchomp|Garchomp, F|45\/100|[from]move: U-turn\n|move|p2a: Slowbruh \ud83c\udfc3|Teleport|p2a: Slowbruh \ud83c\udfc3\n|\n|t:|1620362557\n|switch|p2a: BlissClefPex \ud83c\udf20|Audino, M|86\/100 tox|[from]move: Teleport\n|-damage|p2a: BlissClefPex \ud83c\udf20|73\/100 tox|[from] Stealth Rock\n|\n|-damage|p2a: BlissClefPex \ud83c\udf20|67\/100 tox|[from] psn\n|upkeep\n|turn|25\n|\n|t:|1620362560\n|switch|p2a: Slowbruh \ud83c\udfc3|Slowbro, M|100\/100\n|-damage|p2a: Slowbruh \ud83c\udfc3|88\/100|[from] Stealth Rock\n|move|p1a: Garchomp|Earthquake|p2a: Slowbruh \ud83c\udfc3\n|-damage|p2a: Slowbruh \ud83c\udfc3|50\/100\n|-damage|p1a: Garchomp|35\/100|[from] item: Life Orb\n|\n|upkeep\n|turn|26\n|\n|t:|1620362568\n|move|p1a: Garchomp|Earthquake|p2a: Slowbruh \ud83c\udfc3\n|-damage|p2a: Slowbruh \ud83c\udfc3|8\/100\n|-damage|p1a: Garchomp|25\/100|[from] item: Life Orb\n|move|p2a: Slowbruh \ud83c\udfc3|Scald|p1a: Garchomp\n|-damage|p1a: Garchomp|0 fnt\n|faint|p1a: Garchomp\n|\n|upkeep\n|\n|t:|1620362575\n|switch|p1a: Urshifu|Urshifu-Rapid-Strike, M|78\/100\n|turn|27\n|c|\u2606I'M AT MY LIMIT|We might need to make slowbro max def\n|c|\u2606I'M AT MY LIMIT|bro\n|c|\u2606I'M AT MY LIMIT|if we lose this\n|c|\u2606I'M AT MY LIMIT|its actually just because i\n|c|\u2606I'M AT MY LIMIT|wait waht\n|c|\u2606I'M AT MY LIMIT|is the bro\n|inactive|I'M AT MY LIMIT has 120 seconds left.\n|c|\u2606I'M AT MY LIMIT|Like\n|c|\u2606I'M AT MY LIMIT|Fuck\n|c|\u2606I'M AT MY LIMIT|naw that should be good\n|c|\u2606I'M AT MY LIMIT|Um\n|c|\u2606I'M AT MY LIMIT|Yeah ok\n|c|\u2606I'M AT MY LIMIT|if we lose its because i sacked chomp thinking he knew better\n|c|\u2606I'M AT MY LIMIT|that was just bad on my end\n|\n|t:|1620362634\n|switch|p2a: Amazon prime|Corviknight, M, shiny|86\/100 slp\n|-damage|p2a: Amazon prime|74\/100 slp|[from] Stealth Rock\n|-ability|p2a: Amazon prime|Pressure\n|move|p1a: Urshifu|Close Combat|p2a: Amazon prime\n|-damage|p2a: Amazon prime|15\/100 slp\n|-unboost|p1a: Urshifu|def|1\n|-unboost|p1a: Urshifu|spd|1\n|\n|upkeep\n|turn|28\n|c|\u2606I'M AT MY LIMIT|Fair\n|\n|t:|1620362643\n|switch|p2a: KYUREJ \ud83e\udd19|Volcarona, M, shiny|100\/100\n|move|p1a: Urshifu|Close Combat|p2a: KYUREJ \ud83e\udd19\n|-resisted|p2a: KYUREJ \ud83e\udd19\n|-damage|p2a: KYUREJ \ud83e\udd19|56\/100\n|-unboost|p1a: Urshifu|def|1\n|-unboost|p1a: Urshifu|spd|1\n|\n|upkeep\n|turn|29\n|\n|t:|1620362649\n|switch|p1a: Heatran|Heatran, M|89\/100\n|move|p2a: KYUREJ \ud83e\udd19|Roost|p2a: KYUREJ \ud83e\udd19\n|-heal|p2a: KYUREJ \ud83e\udd19|100\/100\n|-singleturn|p2a: KYUREJ \ud83e\udd19|move: Roost\n|\n|upkeep\n|turn|30\n|\n|t:|1620362655\n|switch|p2a: Amazon prime|Corviknight, M, shiny|15\/100 slp\n|-damage|p2a: Amazon prime|2\/100 slp|[from] Stealth Rock\n|-ability|p2a: Amazon prime|Pressure\n|move|p1a: Heatran|Magma Storm|p2a: Amazon prime\n|-supereffective|p2a: Amazon prime\n|-damage|p2a: Amazon prime|0 fnt\n|faint|p2a: Amazon prime\n|\n|upkeep\n|\n|t:|1620362657\n|switch|p2a: Slowbruh \ud83c\udfc3|Slowbro, M|41\/100\n|-damage|p2a: Slowbruh \ud83c\udfc3|28\/100|[from] Stealth Rock\n|turn|31\n|c|\u2606I'M AT MY LIMIT|Atleast your not losing to bullshit like i did \ud83d\ude12\n|\n|t:|1620362664\n|switch|p2a: BlissClefPex \ud83c\udf20|Audino, M|99\/100 tox\n|-damage|p2a: BlissClefPex \ud83c\udf20|88\/100 tox|[from] Stealth Rock\n|move|p1a: Heatran|Toxic|p2a: BlissClefPex \ud83c\udf20\n|-fail|p2a: BlissClefPex \ud83c\udf20|tox\n|\n|-damage|p2a: BlissClefPex \ud83c\udf20|82\/100 tox|[from] psn\n|upkeep\n|turn|32\n|\n|t:|1620362670\n|switch|p1a: Corviknight|Corviknight, M|81\/100\n|-ability|p1a: Corviknight|Pressure\n|move|p2a: BlissClefPex \ud83c\udf20|Heal Bell|p2a: BlissClefPex \ud83c\udf20\n|-activate|p2a: BlissClefPex \ud83c\udf20|move: Heal Bell\n|-curestatus|p2a: BlissClefPex \ud83c\udf20|tox|[msg]\n|\n|-heal|p1a: Corviknight|87\/100|[from] item: Leftovers\n|upkeep\n|turn|33\n|\n|t:|1620362681\n|move|p1a: Corviknight|U-turn|p2a: BlissClefPex \ud83c\udf20\n|-damage|p2a: BlissClefPex \ud83c\udf20|67\/100\n|\n|t:|1620362683\n|switch|p1a: Tapu Lele|Tapu Lele|59\/100 brn|[from]move: U-turn\n|-fieldstart|move: Psychic Terrain|[from] ability: Psychic Surge|[of] p1a: Tapu Lele\n|move|p2a: BlissClefPex \ud83c\udf20|Knock Off|p1a: Tapu Lele\n|-damage|p1a: Tapu Lele|37\/100 brn\n|-enditem|p1a: Tapu Lele|Choice Scarf|[from] move: Knock Off|[of] p2a: BlissClefPex \ud83c\udf20\n|\n|-damage|p1a: Tapu Lele|31\/100 brn|[from] brn\n|upkeep\n|turn|34\n|\n|t:|1620362689\n|move|p2a: BlissClefPex \ud83c\udf20|Protect|p2a: BlissClefPex \ud83c\udf20\n|-singleturn|p2a: BlissClefPex \ud83c\udf20|Protect\n|move|p1a: Tapu Lele|Focus Blast|p2a: BlissClefPex \ud83c\udf20\n|-activate|p2a: BlissClefPex \ud83c\udf20|move: Protect\n|\n|-damage|p1a: Tapu Lele|25\/100 brn|[from] brn\n|upkeep\n|turn|35\n|\n|t:|1620362702\n|switch|p1a: Urshifu|Urshifu-Rapid-Strike, M|78\/100\n|switch|p2a: IRON GIANT \ud83d\udd27|Melmetal|81\/100\n|-damage|p2a: IRON GIANT \ud83d\udd27|75\/100|[from] Stealth Rock\n|\n|upkeep\n|turn|36\n|\n|t:|1620362711\n|switch|p2a: KYUREJ \ud83e\udd19|Volcarona, M, shiny|100\/100\n|move|p1a: Urshifu|Close Combat|p2a: KYUREJ \ud83e\udd19\n|-resisted|p2a: KYUREJ \ud83e\udd19\n|-damage|p2a: KYUREJ \ud83e\udd19|60\/100\n|-unboost|p1a: Urshifu|def|1\n|-unboost|p1a: Urshifu|spd|1\n|\n|upkeep\n|turn|37\n|\n|t:|1620362716\n|switch|p1a: Heatran|Heatran, M|89\/100\n|move|p2a: KYUREJ \ud83e\udd19|Roost|p2a: KYUREJ \ud83e\udd19\n|-heal|p2a: KYUREJ \ud83e\udd19|100\/100\n|-singleturn|p2a: KYUREJ \ud83e\udd19|move: Roost\n|\n|-fieldend|move: Psychic Terrain\n|upkeep\n|turn|38\n|\n|t:|1620362721\n|switch|p2a: Slowbruh \ud83c\udfc3|Slowbro, M|62\/100\n|-damage|p2a: Slowbruh \ud83c\udfc3|49\/100|[from] Stealth Rock\n|switch|p1a: Urshifu|Urshifu-Rapid-Strike, M|78\/100\n|\n|upkeep\n|turn|39\n|\n|t:|1620362727\n|switch|p2a: KYUREJ \ud83e\udd19|Volcarona, M, shiny|100\/100\n|move|p1a: Urshifu|U-turn|p2a: KYUREJ \ud83e\udd19\n|-resisted|p2a: KYUREJ \ud83e\udd19\n|-damage|p2a: KYUREJ \ud83e\udd19|83\/100\n|\n|t:|1620362734\n|switch|p1a: Heatran|Heatran, M|89\/100|[from]move: U-turn\n|\n|upkeep\n|turn|40\n|\n|t:|1620362738\n|switch|p2a: Slowbruh \ud83c\udfc3|Slowbro, M|82\/100\n|-damage|p2a: Slowbruh \ud83c\udfc3|70\/100|[from] Stealth Rock\n|move|p1a: Heatran|Toxic|p2a: Slowbruh \ud83c\udfc3\n|-status|p2a: Slowbruh \ud83c\udfc3|tox\n|\n|-damage|p2a: Slowbruh \ud83c\udfc3|64\/100 tox|[from] psn\n|upkeep\n|turn|41\n|\n|t:|1620362743\n|move|p1a: Heatran|Magma Storm|p2a: Slowbruh \ud83c\udfc3\n|-resisted|p2a: Slowbruh \ud83c\udfc3\n|-damage|p2a: Slowbruh \ud83c\udfc3|43\/100 tox\n|-activate|p2a: Slowbruh \ud83c\udfc3|move: Magma Storm|[of] p1a: Heatran\n|move|p2a: Slowbruh \ud83c\udfc3|Teleport|p2a: Slowbruh \ud83c\udfc3\n|\n|t:|1620362748\n|switch|p2a: BlissClefPex \ud83c\udf20|Audino, M|99\/100|[from]move: Teleport\n|-damage|p2a: BlissClefPex \ud83c\udf20|88\/100|[from] Stealth Rock\n|\n|upkeep\n|turn|42\n|\n|t:|1620362754\n|switch|p1a: Tangrowth|Tangrowth, F|100\/100\n|move|p2a: BlissClefPex \ud83c\udf20|Protect||[still]\n|-fail|p2a: BlissClefPex \ud83c\udf20\n|\n|upkeep\n|turn|43\n|\n|t:|1620362762\n|move|p2a: BlissClefPex \ud83c\udf20|Heal Bell|p2a: BlissClefPex \ud83c\udf20\n|-activate|p2a: BlissClefPex \ud83c\udf20|move: Heal Bell\n|-curestatus|p2: Slowbruh \ud83c\udfc3|tox|[msg]\n|move|p1a: Tangrowth|Sleep Powder|p2a: BlissClefPex \ud83c\udf20\n|-status|p2a: BlissClefPex \ud83c\udf20|slp|[from] move: Sleep Powder\n|\n|upkeep\n|turn|44\n|\n|t:|1620362771\n|cant|p2a: BlissClefPex \ud83c\udf20|slp\n|move|p1a: Tangrowth|Focus Blast|p2a: BlissClefPex \ud83c\udf20|[miss]\n|-miss|p1a: Tangrowth|p2a: BlissClefPex \ud83c\udf20\n|\n|upkeep\n|turn|45\n|\n|t:|1620362774\n|switch|p1a: Urshifu|Urshifu-Rapid-Strike, M|78\/100\n|cant|p2a: BlissClefPex \ud83c\udf20|slp\n|\n|upkeep\n|turn|46\n|\n|t:|1620362780\n|switch|p2a: Slowbruh \ud83c\udfc3|Slowbro, M|76\/100\n|-damage|p2a: Slowbruh \ud83c\udfc3|63\/100|[from] Stealth Rock\n|move|p1a: Urshifu|Surging Strikes|p2a: Slowbruh \ud83c\udfc3\n|-resisted|p2a: Slowbruh \ud83c\udfc3\n|-crit|p2a: Slowbruh \ud83c\udfc3\n|-damage|p2a: Slowbruh \ud83c\udfc3|55\/100\n|-resisted|p2a: Slowbruh \ud83c\udfc3\n|-crit|p2a: Slowbruh \ud83c\udfc3\n|-damage|p2a: Slowbruh \ud83c\udfc3|46\/100\n|-resisted|p2a: Slowbruh \ud83c\udfc3\n|-crit|p2a: Slowbruh \ud83c\udfc3\n|-damage|p2a: Slowbruh \ud83c\udfc3|38\/100\n|-hitcount|p2a: Slowbruh \ud83c\udfc3|3\n|\n|upkeep\n|turn|47\n|\n|t:|1620362791\n|switch|p1a: Corviknight|Corviknight, M|87\/100\n|-ability|p1a: Corviknight|Pressure\n|move|p2a: Slowbruh \ud83c\udfc3|Slack Off|p2a: Slowbruh \ud83c\udfc3\n|-heal|p2a: Slowbruh \ud83c\udfc3|88\/100\n|\n|-heal|p1a: Corviknight|94\/100|[from] item: Leftovers\n|upkeep\n|turn|48\n|c|\u2606I'M AT MY LIMIT|that and because\n|c|\u2606I'M AT MY LIMIT|we didn't burn that shifu\n|c|\u2606I'M AT MY LIMIT|lmao\n|inactive|I'M AT MY LIMIT has 120 seconds left.\n|\n|t:|1620362825\n|move|p1a: Corviknight|U-turn|p2a: Slowbruh \ud83c\udfc3\n|-supereffective|p2a: Slowbruh \ud83c\udfc3\n|-damage|p2a: Slowbruh \ud83c\udfc3|72\/100\n|\n|t:|1620362831\n|switch|p1a: Tapu Lele|Tapu Lele|25\/100 brn|[from]move: U-turn\n|-fieldstart|move: Psychic Terrain|[from] ability: Psychic Surge|[of] p1a: Tapu Lele\n|move|p2a: Slowbruh \ud83c\udfc3|Scald|p1a: Tapu Lele\n|-damage|p1a: Tapu Lele|0 fnt\n|faint|p1a: Tapu Lele\n|\n|upkeep\n|\n|t:|1620362834\n|switch|p1a: Tangrowth|Tangrowth, F|100\/100\n|turn|49\n|j| Marce95\n|\n|t:|1620362840\n|move|p1a: Tangrowth|Knock Off|p2a: Slowbruh \ud83c\udfc3\n|-supereffective|p2a: Slowbruh \ud83c\udfc3\n|-damage|p2a: Slowbruh \ud83c\udfc3|55\/100\n|move|p2a: Slowbruh \ud83c\udfc3|Future Sight|p1a: Tangrowth\n|-start|p2a: Slowbruh \ud83c\udfc3|move: Future Sight\n|\n|upkeep\n|turn|50\n|\n|t:|1620362853\n|switch|p2a: BlissClefPex \ud83c\udf20|Audino, M|100\/100 slp\n|-damage|p2a: BlissClefPex \ud83c\udf20|88\/100 slp|[from] Stealth Rock\n|move|p1a: Tangrowth|Giga Drain|p2a: BlissClefPex \ud83c\udf20\n|-damage|p2a: BlissClefPex \ud83c\udf20|68\/100 slp\n|\n|upkeep\n|turn|51\n|c|\u2606I'M AT MY LIMIT|Solution just burn the urshifu\n|c|\u2606I'M AT MY LIMIT|Im joking\n|\n|t:|1620362879\n|cant|p2a: BlissClefPex \ud83c\udf20|slp\n|move|p1a: Tangrowth|Focus Blast|p2a: BlissClefPex \ud83c\udf20\n|-supereffective|p2a: BlissClefPex \ud83c\udf20\n|-damage|p2a: BlissClefPex \ud83c\udf20|31\/100 slp\n|\n|-end|p1a: Tangrowth|move: Future Sight\n|-damage|p1a: Tangrowth|18\/100\n|upkeep\n|turn|52\n|c|\u2606I'M AT MY LIMIT|lol\n|c|\u2606I'M AT MY LIMIT|oh\n|c|\u2606I'M AT MY LIMIT|Yo wtf\n|c|\u2606I'M AT MY LIMIT|i thought he was gonna die\n|c|\u2606I'M AT MY LIMIT|He toom that lim\n|inactive|M4RKUTIO has 120 seconds left.\n|\n|t:|1620362897\n|switch|p2a: IRON GIANT \ud83d\udd27|Melmetal|75\/100\n|-damage|p2a: IRON GIANT \ud83d\udd27|69\/100|[from] Stealth Rock\n|switch|p1a: Corviknight|Corviknight, M|94\/100\n|-ability|p1a: Corviknight|Pressure\n|\n|-heal|p1a: Corviknight|99\/100|[from] item: Leftovers\n|-fieldend|move: Psychic Terrain\n|upkeep\n|turn|53\n|c|\u2606I'M AT MY LIMIT|*like a champ\n|c|\u2606I'M AT MY LIMIT|Goddamnn\n|c| Marce95|wtf with that damage\n|c|\u2606I'M AT MY LIMIT|if we had rocks\n|inactive|I'M AT MY LIMIT has 120 seconds left.\n|c|\u2606I'M AT MY LIMIT|i would be good too\n|c|\u2606I'M AT MY LIMIT|so really\n|c|\u2606I'M AT MY LIMIT|chomp sack\n|c|\u2606I'M AT MY LIMIT|was huge\n|\n|t:|1620362938\n|switch|p2a: Slowbruh \ud83c\udfc3|Slowbro, M|88\/100\n|-damage|p2a: Slowbruh \ud83c\udfc3|75\/100|[from] Stealth Rock\n|move|p1a: Corviknight|U-turn|p2a: Slowbruh \ud83c\udfc3\n|-supereffective|p2a: Slowbruh \ud83c\udfc3\n|-damage|p2a: Slowbruh \ud83c\udfc3|59\/100\n|\n|t:|1620362944\n|switch|p1a: Tangrowth|Tangrowth, F|51\/100|[from]move: U-turn\n|\n|upkeep\n|turn|54\n|\n|t:|1620362945\n|switch|p2a: BlissClefPex \ud83c\udf20|Audino, M|65\/100 slp\n|-damage|p2a: BlissClefPex \ud83c\udf20|52\/100 slp|[from] Stealth Rock\n|move|p1a: Tangrowth|Giga Drain|p2a: BlissClefPex \ud83c\udf20\n|-damage|p2a: BlissClefPex \ud83c\udf20|33\/100 slp\n|-heal|p1a: Tangrowth|61\/100|[from] drain|[of] p2a: BlissClefPex \ud83c\udf20\n|\n|upkeep\n|turn|55\n|\n|t:|1620362954\n|switch|p2a: Slowbruh \ud83c\udfc3|Slowbro, M|92\/100\n|-damage|p2a: Slowbruh \ud83c\udfc3|79\/100|[from] Stealth Rock\n|move|p1a: Tangrowth|Focus Blast|p2a: Slowbruh \ud83c\udfc3\n|-resisted|p2a: Slowbruh \ud83c\udfc3\n|-damage|p2a: Slowbruh \ud83c\udfc3|63\/100\n|\n|upkeep\n|turn|56\n|\n|t:|1620362965\n|move|p1a: Tangrowth|Focus Blast|p2a: Slowbruh \ud83c\udfc3\n|-resisted|p2a: Slowbruh \ud83c\udfc3\n|-damage|p2a: Slowbruh \ud83c\udfc3|48\/100\n|-unboost|p2a: Slowbruh \ud83c\udfc3|spd|1\n|move|p2a: Slowbruh \ud83c\udfc3|Teleport|p2a: Slowbruh \ud83c\udfc3\n|\n|t:|1620362968\n|switch|p2a: BlissClefPex \ud83c\udf20|Audino, M|66\/100 slp|[from]move: Teleport\n|-damage|p2a: BlissClefPex \ud83c\udf20|54\/100 slp|[from] Stealth Rock\n|\n|upkeep\n|turn|57\n|\n|t:|1620362970\n|-curestatus|p2a: BlissClefPex \ud83c\udf20|slp|[msg]\n|move|p2a: BlissClefPex \ud83c\udf20|Wish|p2a: BlissClefPex \ud83c\udf20\n|move|p1a: Tangrowth|Focus Blast|p2a: BlissClefPex \ud83c\udf20\n|-supereffective|p2a: BlissClefPex \ud83c\udf20\n|-damage|p2a: BlissClefPex \ud83c\udf20|14\/100\n|\n|upkeep\n|turn|58\n|\n|t:|1620362976\n|move|p2a: BlissClefPex \ud83c\udf20|Protect|p2a: BlissClefPex \ud83c\udf20\n|-singleturn|p2a: BlissClefPex \ud83c\udf20|Protect\n|move|p1a: Tangrowth|Giga Drain|p2a: BlissClefPex \ud83c\udf20\n|-activate|p2a: BlissClefPex \ud83c\udf20|move: Protect\n|\n|-heal|p2a: BlissClefPex \ud83c\udf20|64\/100|[from] move: Wish|[wisher] BlissClefPex \ud83c\udf20\n|upkeep\n|turn|59\n|\n|t:|1620362980\n|move|p2a: BlissClefPex \ud83c\udf20|Wish|p2a: BlissClefPex \ud83c\udf20\n|move|p1a: Tangrowth|Sleep Powder|p2a: BlissClefPex \ud83c\udf20|[miss]\n|-miss|p1a: Tangrowth|p2a: BlissClefPex \ud83c\udf20\n|\n|upkeep\n|turn|60\n|\n|t:|1620362986\n|switch|p2a: IRON GIANT \ud83d\udd27|Melmetal|69\/100\n|-damage|p2a: IRON GIANT \ud83d\udd27|62\/100|[from] Stealth Rock\n|switch|p1a: Corviknight|Corviknight, M|99\/100\n|-ability|p1a: Corviknight|Pressure\n|\n|-heal|p2a: IRON GIANT \ud83d\udd27|100\/100|[from] move: Wish|[wisher] BlissClefPex \ud83c\udf20\n|-heal|p1a: Corviknight|100\/100|[from] item: Leftovers\n|upkeep\n|turn|61\n|\n|t:|1620362993\n|move|p1a: Corviknight|U-turn|p2a: IRON GIANT \ud83d\udd27\n|-resisted|p2a: IRON GIANT \ud83d\udd27\n|-damage|p2a: IRON GIANT \ud83d\udd27|97\/100\n|\n|t:|1620362998\n|switch|p1a: Tangrowth|Tangrowth, F|94\/100|[from]move: U-turn\n|move|p2a: IRON GIANT \ud83d\udd27|Double Iron Bash|p1a: Tangrowth\n|-damage|p1a: Tangrowth|73\/100\n|-damage|p1a: Tangrowth|49\/100\n|-hitcount|p1a: Tangrowth|2\n|\n|upkeep\n|turn|62\n|\n|t:|1620363008\n|move|p1a: Tangrowth|Sleep Powder|p2a: IRON GIANT \ud83d\udd27\n|-status|p2a: IRON GIANT \ud83d\udd27|slp|[from] move: Sleep Powder\n|cant|p2a: IRON GIANT \ud83d\udd27|slp\n|\n|upkeep\n|turn|63\n|c|\u2606I'M AT MY LIMIT|I forgor why we had slowbro\n|\n|t:|1620363013\n|switch|p2a: BlissClefPex \ud83c\udf20|Audino, M|97\/100\n|-damage|p2a: BlissClefPex \ud83c\udf20|84\/100|[from] Stealth Rock\n|move|p1a: Tangrowth|Focus Blast|p2a: BlissClefPex \ud83c\udf20\n|-supereffective|p2a: BlissClefPex \ud83c\udf20\n|-damage|p2a: BlissClefPex \ud83c\udf20|47\/100\n|-unboost|p2a: BlissClefPex \ud83c\udf20|spd|1\n|\n|upkeep\n|turn|64\n|c|\u2606I'M AT MY LIMIT|*forgot\n|c|\u2606I'M AT MY LIMIT|its good for disruption\n|\n|t:|1620363025\n|switch|p2a: KYUREJ \ud83e\udd19|Volcarona, M, shiny|83\/100\n|switch|p1a: Heatran|Heatran, M|89\/100\n|\n|upkeep\n|turn|65\n|\n|t:|1620363032\n|switch|p2a: Slowbruh \ud83c\udfc3|Slowbro, M|82\/100\n|-damage|p2a: Slowbruh \ud83c\udfc3|69\/100|[from] Stealth Rock\n|move|p1a: Heatran|Earth Power|p2a: Slowbruh \ud83c\udfc3\n|-damage|p2a: Slowbruh \ud83c\udfc3|42\/100\n|\n|upkeep\n|turn|66\n|c|\u2606I'M AT MY LIMIT|Oh fair\n|\n|t:|1620363043\n|move|p1a: Heatran|Toxic|p2a: Slowbruh \ud83c\udfc3\n|-status|p2a: Slowbruh \ud83c\udfc3|tox\n|move|p2a: Slowbruh \ud83c\udfc3|Slack Off|p2a: Slowbruh \ud83c\udfc3\n|-heal|p2a: Slowbruh \ud83c\udfc3|92\/100 tox\n|\n|-damage|p2a: Slowbruh \ud83c\udfc3|86\/100 tox|[from] psn\n|upkeep\n|turn|67\n|\n|t:|1620363061\n|switch|p1a: Tangrowth|Tangrowth, F|82\/100\n|move|p2a: Slowbruh \ud83c\udfc3|Teleport|p2a: Slowbruh \ud83c\udfc3\n|\n|t:|1620363064\n|switch|p2a: BlissClefPex \ud83c\udf20|Audino, M|80\/100|[from]move: Teleport\n|-damage|p2a: BlissClefPex \ud83c\udf20|68\/100|[from] Stealth Rock\n|\n|upkeep\n|turn|68\n|\n|t:|1620363076\n|move|p2a: BlissClefPex \ud83c\udf20|Wish|p2a: BlissClefPex \ud83c\udf20\n|move|p1a: Tangrowth|Giga Drain|p2a: BlissClefPex \ud83c\udf20\n|-damage|p2a: BlissClefPex \ud83c\udf20|50\/100\n|-heal|p1a: Tangrowth|91\/100|[from] drain|[of] p2a: BlissClefPex \ud83c\udf20\n|\n|upkeep\n|turn|69\n|\n|t:|1620363086\n|switch|p1a: Urshifu|Urshifu-Rapid-Strike, M|78\/100\n|move|p2a: BlissClefPex \ud83c\udf20|Knock Off|p1a: Urshifu\n|-resisted|p1a: Urshifu\n|-damage|p1a: Urshifu|71\/100\n|-enditem|p1a: Urshifu|Choice Band|[from] move: Knock Off|[of] p2a: BlissClefPex \ud83c\udf20\n|\n|-heal|p2a: BlissClefPex \ud83c\udf20|100\/100|[from] move: Wish|[wisher] BlissClefPex \ud83c\udf20\n|upkeep\n|turn|70\n|c|\u2606I'M AT MY LIMIT|well\n|\n|t:|1620363111\n|switch|p1a: Heatran|Heatran, M|89\/100\n|switch|p2a: Slowbruh \ud83c\udfc3|Slowbro, M|100\/100 tox\n|-damage|p2a: Slowbruh \ud83c\udfc3|88\/100 tox|[from] Stealth Rock\n|\n|-damage|p2a: Slowbruh \ud83c\udfc3|82\/100 tox|[from] psn\n|upkeep\n|turn|71\n|\n|t:|1620363120\n|move|p1a: Heatran|Earth Power|p2a: Slowbruh \ud83c\udfc3\n|-damage|p2a: Slowbruh \ud83c\udfc3|55\/100 tox\n|move|p2a: Slowbruh \ud83c\udfc3|Scald|p1a: Heatran\n|-supereffective|p1a: Heatran\n|-damage|p1a: Heatran|48\/100\n|\n|-damage|p2a: Slowbruh \ud83c\udfc3|43\/100 tox|[from] psn\n|upkeep\n|turn|72\n|c|\u2606I'M AT MY LIMIT|that's big boy damage\n|\n|t:|1620363139\n|switch|p1a: Urshifu|Urshifu-Rapid-Strike, M|71\/100\n|switch|p2a: BlissClefPex \ud83c\udf20|Audino, M|100\/100\n|-damage|p2a: BlissClefPex \ud83c\udf20|88\/100|[from] Stealth Rock\n|\n|upkeep\n|turn|73\n|inactive|I'M AT MY LIMIT has 120 seconds left.\n|c|\u2606I'M AT MY LIMIT|wish i had just went for the burn now\n|\n|t:|1620363185\n|switch|p2a: Slowbruh \ud83c\udfc3|Slowbro, M|76\/100 tox\n|-damage|p2a: Slowbruh \ud83c\udfc3|63\/100 tox|[from] Stealth Rock\n|move|p1a: Urshifu|Close Combat|p2a: Slowbruh \ud83c\udfc3\n|-resisted|p2a: Slowbruh \ud83c\udfc3\n|-damage|p2a: Slowbruh \ud83c\udfc3|46\/100 tox\n|-unboost|p1a: Urshifu|def|1\n|-unboost|p1a: Urshifu|spd|1\n|\n|-damage|p2a: Slowbruh \ud83c\udfc3|40\/100 tox|[from] psn\n|upkeep\n|turn|74\n|\n|t:|1620363198\n|switch|p2a: KYUREJ \ud83e\udd19|Volcarona, M, shiny|83\/100\n|move|p1a: Urshifu|Surging Strikes|p2a: KYUREJ \ud83e\udd19\n|-supereffective|p2a: KYUREJ \ud83e\udd19\n|-crit|p2a: KYUREJ \ud83e\udd19\n|-damage|p2a: KYUREJ \ud83e\udd19|47\/100\n|-supereffective|p2a: KYUREJ \ud83e\udd19\n|-crit|p2a: KYUREJ \ud83e\udd19\n|-damage|p2a: KYUREJ \ud83e\udd19|10\/100\n|-supereffective|p2a: KYUREJ \ud83e\udd19\n|-crit|p2a: KYUREJ \ud83e\udd19\n|-damage|p2a: KYUREJ \ud83e\udd19|0 fnt\n|-status|p1a: Urshifu|brn|[from] ability: Flame Body|[of] p2a: KYUREJ \ud83e\udd19\n|-hitcount|p2a: KYUREJ \ud83e\udd19|3\n|faint|p2a: KYUREJ \ud83e\udd19\n|\n|-damage|p1a: Urshifu|65\/100 brn|[from] brn\n|upkeep\n|l| Tapu fever\n|c|\u2606I'M AT MY LIMIT|well played\n|inactive|I'M AT MY LIMIT has 90 seconds left.\n|c|\u2606I'M AT MY LIMIT|i mean we had to go for it\n|c| Marce95|super F\n|\n|t:|1620363218\n|switch|p2a: BlissClefPex \ud83c\udf20|Audino, M|100\/100\n|-damage|p2a: BlissClefPex \ud83c\udf20|88\/100|[from] Stealth Rock\n|turn|75\n|\n|t:|1620363238\n|move|p1a: Urshifu|Surging Strikes|p2a: BlissClefPex \ud83c\udf20\n|-crit|p2a: BlissClefPex \ud83c\udf20\n|-damage|p2a: BlissClefPex \ud83c\udf20|79\/100\n|-crit|p2a: BlissClefPex \ud83c\udf20\n|-damage|p2a: BlissClefPex \ud83c\udf20|70\/100\n|-crit|p2a: BlissClefPex \ud83c\udf20\n|-damage|p2a: BlissClefPex \ud83c\udf20|60\/100\n|-hitcount|p2a: BlissClefPex \ud83c\udf20|3\n|move|p2a: BlissClefPex \ud83c\udf20|Heal Bell|p2a: BlissClefPex \ud83c\udf20\n|-activate|p2a: BlissClefPex \ud83c\udf20|move: Heal Bell\n|-curestatus|p2: Slowbruh \ud83c\udfc3|tox|[msg]\n|-curestatus|p2: IRON GIANT \ud83d\udd27|slp|[msg]\n|\n|-damage|p1a: Urshifu|59\/100 brn|[from] brn\n|upkeep\n|turn|76\n|\n|t:|1620363243\n|switch|p2a: Slowbruh \ud83c\udfc3|Slowbro, M|73\/100\n|-damage|p2a: Slowbruh \ud83c\udfc3|61\/100|[from] Stealth Rock\n|move|p1a: Urshifu|Close Combat|p2a: Slowbruh \ud83c\udfc3\n|-resisted|p2a: Slowbruh \ud83c\udfc3\n|-damage|p2a: Slowbruh \ud83c\udfc3|51\/100\n|-unboost|p1a: Urshifu|def|1\n|-unboost|p1a: Urshifu|spd|1\n|\n|-damage|p1a: Urshifu|53\/100 brn|[from] brn\n|upkeep\n|turn|77\n|c|\u2606I'M AT MY LIMIT|Well you got the burn\n|\n|t:|1620363246\n|switch|p2a: BlissClefPex \ud83c\udf20|Audino, M|93\/100\n|-damage|p2a: BlissClefPex \ud83c\udf20|81\/100|[from] Stealth Rock\n|move|p1a: Urshifu|U-turn|p2a: BlissClefPex \ud83c\udf20\n|-damage|p2a: BlissClefPex \ud83c\udf20|70\/100\n|\n|t:|1620363250\n|switch|p1a: Tangrowth|Tangrowth, F|100\/100|[from]move: U-turn\n|\n|upkeep\n|turn|78\n|\n|t:|1620363253\n|switch|p2a: IRON GIANT \ud83d\udd27|Melmetal|97\/100\n|-damage|p2a: IRON GIANT \ud83d\udd27|90\/100|[from] Stealth Rock\n|move|p1a: Tangrowth|Sleep Powder|p2a: IRON GIANT \ud83d\udd27|[miss]\n|-miss|p1a: Tangrowth|p2a: IRON GIANT \ud83d\udd27\n|\n|upkeep\n|turn|79\n|c|\u2606I'M AT MY LIMIT|At the cost of the wincon but burn\n|l| Marce95\n|c|\u2606I'M AT MY LIMIT|i mean\n|c|\u2606I'M AT MY LIMIT|idk\n|inactive|I'M AT MY LIMIT has 120 seconds left.\n|\n|t:|1620363278\n|move|p1a: Tangrowth|Knock Off|p2a: IRON GIANT \ud83d\udd27\n|-damage|p2a: IRON GIANT \ud83d\udd27|78\/100\n|-enditem|p2a: IRON GIANT \ud83d\udd27|Assault Vest|[from] move: Knock Off|[of] p1a: Tangrowth\n|move|p2a: IRON GIANT \ud83d\udd27|Double Iron Bash|p1a: Tangrowth\n|-damage|p1a: Tangrowth|76\/100\n|-damage|p1a: Tangrowth|52\/100\n|-hitcount|p1a: Tangrowth|2\n|\n|upkeep\n|turn|80\n|\n|t:|1620363293\n|move|p1a: Tangrowth|Giga Drain|p2a: IRON GIANT \ud83d\udd27\n|-resisted|p2a: IRON GIANT \ud83d\udd27\n|-damage|p2a: IRON GIANT \ud83d\udd27|65\/100\n|-heal|p1a: Tangrowth|59\/100|[from] drain|[of] p2a: IRON GIANT \ud83d\udd27\n|move|p2a: IRON GIANT \ud83d\udd27|Thunder Punch|p1a: Tangrowth\n|-resisted|p1a: Tangrowth\n|-damage|p1a: Tangrowth|50\/100\n|\n|upkeep\n|turn|81\n|\n|t:|1620363303\n|move|p1a: Tangrowth|Sleep Powder|p2a: IRON GIANT \ud83d\udd27\n|-status|p2a: IRON GIANT \ud83d\udd27|slp|[from] move: Sleep Powder\n|cant|p2a: IRON GIANT \ud83d\udd27|slp\n|\n|upkeep\n|turn|82\n|\n|t:|1620363310\n|switch|p1a: Urshifu|Urshifu-Rapid-Strike, M|53\/100 brn\n|switch|p2a: BlissClefPex \ud83c\udf20|Audino, M|100\/100\n|-damage|p2a: BlissClefPex \ud83c\udf20|88\/100|[from] Stealth Rock\n|\n|-damage|p1a: Urshifu|47\/100 brn|[from] brn\n|upkeep\n|turn|83\n|\n|t:|1620363313\n|switch|p2a: Slowbruh \ud83c\udfc3|Slowbro, M|84\/100\n|-damage|p2a: Slowbruh \ud83c\udfc3|72\/100|[from] Stealth Rock\n|move|p1a: Urshifu|Close Combat|p2a: Slowbruh \ud83c\udfc3\n|-resisted|p2a: Slowbruh \ud83c\udfc3\n|-damage|p2a: Slowbruh \ud83c\udfc3|62\/100\n|-unboost|p1a: Urshifu|def|1\n|-unboost|p1a: Urshifu|spd|1\n|\n|-damage|p1a: Urshifu|40\/100 brn|[from] brn\n|upkeep\n|turn|84\n|\n|t:|1620363317\n|move|p1a: Urshifu|U-turn|p2a: Slowbruh \ud83c\udfc3\n|-supereffective|p2a: Slowbruh \ud83c\udfc3\n|-crit|p2a: Slowbruh \ud83c\udfc3\n|-damage|p2a: Slowbruh \ud83c\udfc3|38\/100\n|\n|t:|1620363323\n|switch|p1a: Tangrowth|Tangrowth, F|83\/100|[from]move: U-turn\n|move|p2a: Slowbruh \ud83c\udfc3|Future Sight|p1a: Tangrowth\n|-start|p2a: Slowbruh \ud83c\udfc3|move: Future Sight\n|\n|upkeep\n|turn|85\n|j| Marce95\n|\n|t:|1620363328\n|switch|p1a: Urshifu|Urshifu-Rapid-Strike, M|40\/100 brn\n|switch|p2a: BlissClefPex \ud83c\udf20|Audino, M|100\/100\n|-damage|p2a: BlissClefPex \ud83c\udf20|88\/100|[from] Stealth Rock\n|\n|-damage|p1a: Urshifu|34\/100 brn|[from] brn\n|upkeep\n|turn|86\n|\n|t:|1620363333\n|move|p2a: BlissClefPex \ud83c\udf20|Protect|p2a: BlissClefPex \ud83c\udf20\n|-singleturn|p2a: BlissClefPex \ud83c\udf20|Protect\n|move|p1a: Urshifu|U-turn|p2a: BlissClefPex \ud83c\udf20\n|-damage|p2a: BlissClefPex \ud83c\udf20|76\/100\n|\n|t:|1620363343\n|switch|p1a: Corviknight|Corviknight, M|100\/100|[from]move: U-turn\n|-ability|p1a: Corviknight|Pressure\n|\n|-end|p1a: Corviknight|move: Future Sight\n|-resisted|p1a: Corviknight\n|-damage|p1a: Corviknight|86\/100\n|-heal|p1a: Corviknight|92\/100|[from] item: Leftovers\n|upkeep\n|turn|87\n|\n|t:|1620363348\n|switch|p2a: Slowbruh \ud83c\udfc3|Slowbro, M|72\/100\n|-damage|p2a: Slowbruh \ud83c\udfc3|59\/100|[from] Stealth Rock\n|move|p1a: Corviknight|Brave Bird|p2a: Slowbruh \ud83c\udfc3\n|-crit|p2a: Slowbruh \ud83c\udfc3\n|-damage|p2a: Slowbruh \ud83c\udfc3|26\/100\n|-damage|p1a: Corviknight|82\/100|[from] Recoil\n|\n|-heal|p1a: Corviknight|88\/100|[from] item: Leftovers\n|upkeep\n|turn|88\n|\n|t:|1620363355\n|switch|p2a: BlissClefPex \ud83c\udf20|Audino, M|100\/100\n|-damage|p2a: BlissClefPex \ud83c\udf20|88\/100|[from] Stealth Rock\n|move|p1a: Corviknight|U-turn|p2a: BlissClefPex \ud83c\udf20\n|-damage|p2a: BlissClefPex \ud83c\udf20|75\/100\n|inactive|M4RKUTIO has 120 seconds left.\n|\n|t:|1620363385\n|switch|p1a: Heatran|Heatran, M|48\/100|[from]move: U-turn\n|\n|upkeep\n|turn|89\n|\n|t:|1620363395\n|move|p1a: Heatran|Toxic|p2a: BlissClefPex \ud83c\udf20\n|-status|p2a: BlissClefPex \ud83c\udf20|tox\n|move|p2a: BlissClefPex \ud83c\udf20|Wish|p2a: BlissClefPex \ud83c\udf20\n|\n|-damage|p2a: BlissClefPex \ud83c\udf20|69\/100 tox|[from] psn\n|upkeep\n|turn|90\n|\n|t:|1620363401\n|switch|p1a: Corviknight|Corviknight, M|88\/100\n|-ability|p1a: Corviknight|Pressure\n|move|p2a: BlissClefPex \ud83c\udf20|Knock Off|p1a: Corviknight\n|-damage|p1a: Corviknight|76\/100\n|-enditem|p1a: Corviknight|Leftovers|[from] move: Knock Off|[of] p2a: BlissClefPex \ud83c\udf20\n|\n|-heal|p2a: BlissClefPex \ud83c\udf20|100\/100 tox|[from] move: Wish|[wisher] BlissClefPex \ud83c\udf20\n|-damage|p2a: BlissClefPex \ud83c\udf20|88\/100 tox|[from] psn\n|upkeep\n|turn|91\n|\n|t:|1620363420\n|switch|p2a: Slowbruh \ud83c\udfc3|Slowbro, M|59\/100\n|-damage|p2a: Slowbruh \ud83c\udfc3|47\/100|[from] Stealth Rock\n|move|p1a: Corviknight|Brave Bird|p2a: Slowbruh \ud83c\udfc3\n|-damage|p2a: Slowbruh \ud83c\udfc3|24\/100\n|-damage|p1a: Corviknight|68\/100|[from] Recoil\n|\n|upkeep\n|turn|92\n|j| Tapu fever\n|\n|t:|1620363430\n|switch|p2a: IRON GIANT \ud83d\udd27|Melmetal|65\/100 slp\n|-damage|p2a: IRON GIANT \ud83d\udd27|58\/100 slp|[from] Stealth Rock\n|move|p1a: Corviknight|Brave Bird|p2a: IRON GIANT \ud83d\udd27\n|-resisted|p2a: IRON GIANT \ud83d\udd27\n|-damage|p2a: IRON GIANT \ud83d\udd27|49\/100 slp\n|-damage|p1a: Corviknight|65\/100|[from] Recoil\n|\n|upkeep\n|turn|93\n|\n|t:|1620363434\n|move|p1a: Corviknight|Roost|p1a: Corviknight\n|-heal|p1a: Corviknight|100\/100\n|-singleturn|p1a: Corviknight|move: Roost\n|cant|p2a: IRON GIANT \ud83d\udd27|slp\n|\n|upkeep\n|turn|94\n|\n|t:|1620363439\n|switch|p1a: Tangrowth|Tangrowth, F|100\/100\n|switch|p2a: Slowbruh \ud83c\udfc3|Slowbro, M|57\/100\n|-damage|p2a: Slowbruh \ud83c\udfc3|45\/100|[from] Stealth Rock\n|\n|upkeep\n|turn|95\n|\n|t:|1620363443\n|switch|p2a: BlissClefPex \ud83c\udf20|Audino, M|100\/100 tox\n|-damage|p2a: BlissClefPex \ud83c\udf20|88\/100 tox|[from] Stealth Rock\n|move|p1a: Tangrowth|Giga Drain|p2a: BlissClefPex \ud83c\udf20\n|-damage|p2a: BlissClefPex \ud83c\udf20|70\/100 tox\n|\n|-damage|p2a: BlissClefPex \ud83c\udf20|64\/100 tox|[from] psn\n|upkeep\n|turn|96\n|\n|t:|1620363455\n|switch|p2a: Slowbruh \ud83c\udfc3|Slowbro, M|78\/100\n|-damage|p2a: Slowbruh \ud83c\udfc3|65\/100|[from] Stealth Rock\n|switch|p1a: Corviknight|Corviknight, M|100\/100\n|-ability|p1a: Corviknight|Pressure\n|\n|upkeep\n|turn|97\n|\n|t:|1620363464\n|move|p1a: Corviknight|Brave Bird|p2a: Slowbruh \ud83c\udfc3\n|-damage|p2a: Slowbruh \ud83c\udfc3|44\/100\n|-damage|p1a: Corviknight|93\/100|[from] Recoil\n|move|p2a: Slowbruh \ud83c\udfc3|Future Sight|p1a: Corviknight\n|-start|p2a: Slowbruh \ud83c\udfc3|move: Future Sight\n|\n|upkeep\n|turn|98\n|\n|t:|1620363467\n|move|p1a: Corviknight|Brave Bird|p2a: Slowbruh \ud83c\udfc3\n|-damage|p2a: Slowbruh \ud83c\udfc3|21\/100\n|-damage|p1a: Corviknight|86\/100|[from] Recoil\n|move|p2a: Slowbruh \ud83c\udfc3|Slack Off|p2a: Slowbruh \ud83c\udfc3\n|-heal|p2a: Slowbruh \ud83c\udfc3|71\/100\n|\n|upkeep\n|turn|99\n|\n|t:|1620363471\n|move|p1a: Corviknight|Brave Bird|p2a: Slowbruh \ud83c\udfc3\n|-damage|p2a: Slowbruh \ud83c\udfc3|48\/100\n|-damage|p1a: Corviknight|78\/100|[from] Recoil\n|move|p2a: Slowbruh \ud83c\udfc3|Scald|p1a: Corviknight\n|-damage|p1a: Corviknight|59\/100\n|-status|p1a: Corviknight|brn\n|\n|-end|p1a: Corviknight|move: Future Sight\n|-resisted|p1a: Corviknight\n|-damage|p1a: Corviknight|44\/100 brn\n|-damage|p1a: Corviknight|37\/100 brn|[from] brn\n|upkeep\n|turn|100\n|c|\u2606I'M AT MY LIMIT|nice\n|\n|t:|1620363476\n|move|p1a: Corviknight|Roost|p1a: Corviknight\n|-heal|p1a: Corviknight|87\/100 brn\n|-singleturn|p1a: Corviknight|move: Roost\n|move|p2a: Slowbruh \ud83c\udfc3|Slack Off|p2a: Slowbruh \ud83c\udfc3\n|-heal|p2a: Slowbruh \ud83c\udfc3|98\/100\n|\n|-damage|p1a: Corviknight|81\/100 brn|[from] brn\n|upkeep\n|turn|101\n|inactive|M4RKUTIO has 120 seconds left.\n|\n|t:|1620363521\n|move|p1a: Corviknight|U-turn|p2a: Slowbruh \ud83c\udfc3\n|-supereffective|p2a: Slowbruh \ud83c\udfc3\n|-damage|p2a: Slowbruh \ud83c\udfc3|89\/100\n|\n|t:|1620363522\n|switch|p1a: Tangrowth|Tangrowth, F|100\/100|[from]move: U-turn\n|move|p2a: Slowbruh \ud83c\udfc3|Scald|p1a: Tangrowth\n|-resisted|p1a: Tangrowth\n|-damage|p1a: Tangrowth|80\/100\n|\n|upkeep\n|turn|102\n|l| Marce95\n|\n|t:|1620363538\n|switch|p1a: Urshifu|Urshifu-Rapid-Strike, M|34\/100 brn\n|switch|p2a: BlissClefPex \ud83c\udf20|Audino, M|98\/100 tox\n|-damage|p2a: BlissClefPex \ud83c\udf20|85\/100 tox|[from] Stealth Rock\n|\n|-damage|p1a: Urshifu|28\/100 brn|[from] brn\n|-damage|p2a: BlissClefPex \ud83c\udf20|79\/100 tox|[from] psn\n|upkeep\n|turn|103\n|\n|t:|1620363544\n|switch|p2a: Slowbruh \ud83c\udfc3|Slowbro, M|100\/100\n|-damage|p2a: Slowbruh \ud83c\udfc3|88\/100|[from] Stealth Rock\n|move|p1a: Urshifu|Surging Strikes|p2a: Slowbruh \ud83c\udfc3\n|-resisted|p2a: Slowbruh \ud83c\udfc3\n|-crit|p2a: Slowbruh \ud83c\udfc3\n|-damage|p2a: Slowbruh \ud83c\udfc3|85\/100\n|-resisted|p2a: Slowbruh \ud83c\udfc3\n|-crit|p2a: Slowbruh \ud83c\udfc3\n|-damage|p2a: Slowbruh \ud83c\udfc3|83\/100\n|-resisted|p2a: Slowbruh \ud83c\udfc3\n|-crit|p2a: Slowbruh \ud83c\udfc3\n|-damage|p2a: Slowbruh \ud83c\udfc3|80\/100\n|-hitcount|p2a: Slowbruh \ud83c\udfc3|3\n|\n|-damage|p1a: Urshifu|22\/100 brn|[from] brn\n|upkeep\n|turn|104\n|\n|t:|1620363548\n|move|p1a: Urshifu|U-turn|p2a: Slowbruh \ud83c\udfc3\n|-supereffective|p2a: Slowbruh \ud83c\udfc3\n|-damage|p2a: Slowbruh \ud83c\udfc3|66\/100\n|\n|t:|1620363552\n|switch|p1a: Corviknight|Corviknight, M|81\/100 brn|[from]move: U-turn\n|-ability|p1a: Corviknight|Pressure\n|move|p2a: Slowbruh \ud83c\udfc3|Teleport|p2a: Slowbruh \ud83c\udfc3\n|\n|t:|1620363555\n|switch|p2a: BlissClefPex \ud83c\udf20|Audino, M|100\/100 tox|[from]move: Teleport\n|-damage|p2a: BlissClefPex \ud83c\udf20|88\/100 tox|[from] Stealth Rock\n|\n|-damage|p1a: Corviknight|75\/100 brn|[from] brn\n|-damage|p2a: BlissClefPex \ud83c\udf20|82\/100 tox|[from] psn\n|upkeep\n|turn|105\n|\n|t:|1620363558\n|move|p1a: Corviknight|Roost|p1a: Corviknight\n|-heal|p1a: Corviknight|100\/100 brn\n|-singleturn|p1a: Corviknight|move: Roost\n|move|p2a: BlissClefPex \ud83c\udf20|Wish|p2a: BlissClefPex \ud83c\udf20\n|\n|-damage|p1a: Corviknight|94\/100 brn|[from] brn\n|-damage|p2a: BlissClefPex \ud83c\udf20|70\/100 tox|[from] psn\n|upkeep\n|turn|106\n|\n|t:|1620363563\n|switch|p2a: IRON GIANT \ud83d\udd27|Melmetal|49\/100 slp\n|-damage|p2a: IRON GIANT \ud83d\udd27|42\/100 slp|[from] Stealth Rock\n|move|p1a: Corviknight|Brave Bird|p2a: IRON GIANT \ud83d\udd27\n|-resisted|p2a: IRON GIANT \ud83d\udd27\n|-damage|p2a: IRON GIANT \ud83d\udd27|37\/100 slp\n|-damage|p1a: Corviknight|92\/100 brn|[from] Recoil\n|\n|-heal|p2a: IRON GIANT \ud83d\udd27|82\/100 slp|[from] move: Wish|[wisher] BlissClefPex \ud83c\udf20\n|-damage|p1a: Corviknight|86\/100 brn|[from] brn\n|upkeep\n|turn|107\n|\n|t:|1620363568\n|switch|p2a: Slowbruh \ud83c\udfc3|Slowbro, M|99\/100\n|-damage|p2a: Slowbruh \ud83c\udfc3|87\/100|[from] Stealth Rock\n|move|p1a: Corviknight|Roost|p1a: Corviknight\n|-heal|p1a: Corviknight|100\/100 brn\n|-singleturn|p1a: Corviknight|move: Roost\n|\n|-damage|p1a: Corviknight|94\/100 brn|[from] brn\n|upkeep\n|turn|108\n|\n|t:|1620363570\n|switch|p2a: BlissClefPex \ud83c\udf20|Audino, M|100\/100 tox\n|-damage|p2a: BlissClefPex \ud83c\udf20|88\/100 tox|[from] Stealth Rock\n|move|p1a: Corviknight|U-turn|p2a: BlissClefPex \ud83c\udf20\n|-damage|p2a: BlissClefPex \ud83c\udf20|81\/100 tox\n|j| Marce95\n|\n|t:|1620363575\n|switch|p1a: Heatran|Heatran, M|48\/100|[from]move: U-turn\n|\n|-damage|p2a: BlissClefPex \ud83c\udf20|75\/100 tox|[from] psn\n|upkeep\n|turn|109\n|\n|t:|1620363580\n|switch|p2a: Slowbruh \ud83c\udfc3|Slowbro, M|100\/100\n|-damage|p2a: Slowbruh \ud83c\udfc3|88\/100|[from] Stealth Rock\n|move|p1a: Heatran|Toxic|p2a: Slowbruh \ud83c\udfc3\n|-status|p2a: Slowbruh \ud83c\udfc3|tox\n|\n|-damage|p2a: Slowbruh \ud83c\udfc3|82\/100 tox|[from] psn\n|upkeep\n|turn|110\n|\n|t:|1620363591\n|switch|p1a: Tangrowth|Tangrowth, F|100\/100\n|move|p2a: Slowbruh \ud83c\udfc3|Scald|p1a: Tangrowth\n|-resisted|p1a: Tangrowth\n|-damage|p1a: Tangrowth|78\/100\n|\n|-damage|p2a: Slowbruh \ud83c\udfc3|70\/100 tox|[from] psn\n|upkeep\n|turn|111\n|\n|t:|1620363598\n|switch|p1a: Urshifu|Urshifu-Rapid-Strike, M|22\/100 brn\n|switch|p2a: IRON GIANT \ud83d\udd27|Melmetal|82\/100 slp\n|-damage|p2a: IRON GIANT \ud83d\udd27|76\/100 slp|[from] Stealth Rock\n|\n|-damage|p1a: Urshifu|16\/100 brn|[from] brn\n|upkeep\n|turn|112\n|\n|t:|1620363604\n|switch|p2a: Slowbruh \ud83c\udfc3|Slowbro, M|100\/100 tox\n|-damage|p2a: Slowbruh \ud83c\udfc3|88\/100 tox|[from] Stealth Rock\n|move|p1a: Urshifu|U-turn|p2a: Slowbruh \ud83c\udfc3\n|-supereffective|p2a: Slowbruh \ud83c\udfc3\n|-damage|p2a: Slowbruh \ud83c\udfc3|75\/100 tox\n|l| Marce95\n|\n|t:|1620363609\n|switch|p1a: Tangrowth|Tangrowth, F|100\/100|[from]move: U-turn\n|\n|-damage|p2a: Slowbruh \ud83c\udfc3|69\/100 tox|[from] psn\n|upkeep\n|turn|113\n|\n|t:|1620363616\n|switch|p2a: BlissClefPex \ud83c\udf20|Audino, M|100\/100 tox\n|-damage|p2a: BlissClefPex \ud83c\udf20|88\/100 tox|[from] Stealth Rock\n|move|p1a: Tangrowth|Knock Off|p2a: BlissClefPex \ud83c\udf20\n|-damage|p2a: BlissClefPex \ud83c\udf20|73\/100 tox\n|\n|-damage|p2a: BlissClefPex \ud83c\udf20|67\/100 tox|[from] psn\n|upkeep\n|turn|114\n|\n|t:|1620363623\n|switch|p2a: Slowbruh \ud83c\udfc3|Slowbro, M|100\/100 tox\n|-damage|p2a: Slowbruh \ud83c\udfc3|88\/100 tox|[from] Stealth Rock\n|switch|p1a: Corviknight|Corviknight, M|94\/100 brn\n|-ability|p1a: Corviknight|Pressure\n|\n|-damage|p1a: Corviknight|88\/100 brn|[from] brn\n|-damage|p2a: Slowbruh \ud83c\udfc3|82\/100 tox|[from] psn\n|upkeep\n|turn|115\n|\n|t:|1620363626\n|switch|p2a: BlissClefPex \ud83c\udf20|Audino, M|99\/100 tox\n|-damage|p2a: BlissClefPex \ud83c\udf20|87\/100 tox|[from] Stealth Rock\n|move|p1a: Corviknight|U-turn|p2a: BlissClefPex \ud83c\udf20\n|-damage|p2a: BlissClefPex \ud83c\udf20|80\/100 tox\n|\n|t:|1620363632\n|switch|p1a: Tangrowth|Tangrowth, F|100\/100|[from]move: U-turn\n|\n|-damage|p2a: BlissClefPex \ud83c\udf20|74\/100 tox|[from] psn\n|upkeep\n|turn|116\n|\n|t:|1620363638\n|switch|p2a: IRON GIANT \ud83d\udd27|Melmetal|76\/100 slp\n|-damage|p2a: IRON GIANT \ud83d\udd27|70\/100 slp|[from] Stealth Rock\n|move|p1a: Tangrowth|Focus Blast|p2a: IRON GIANT \ud83d\udd27\n|-supereffective|p2a: IRON GIANT \ud83d\udd27\n|-damage|p2a: IRON GIANT \ud83d\udd27|10\/100 slp\n|-unboost|p2a: IRON GIANT \ud83d\udd27|spd|1\n|\n|upkeep\n|turn|117\n|j| Marce95\n|\n|t:|1620363647\n|switch|p2a: BlissClefPex \ud83c\udf20|Audino, M|100\/100 tox\n|-damage|p2a: BlissClefPex \ud83c\udf20|88\/100 tox|[from] Stealth Rock\n|move|p1a: Tangrowth|Giga Drain|p2a: BlissClefPex \ud83c\udf20\n|-damage|p2a: BlissClefPex \ud83c\udf20|71\/100 tox\n|\n|-damage|p2a: BlissClefPex \ud83c\udf20|65\/100 tox|[from] psn\n|upkeep\n|turn|118\n|\n|t:|1620363660\n|switch|p2a: Slowbruh \ud83c\udfc3|Slowbro, M|100\/100 tox\n|-damage|p2a: Slowbruh \ud83c\udfc3|88\/100 tox|[from] Stealth Rock\n|switch|p1a: Corviknight|Corviknight, M|88\/100 brn\n|-ability|p1a: Corviknight|Pressure\n|\n|-damage|p1a: Corviknight|82\/100 brn|[from] brn\n|-damage|p2a: Slowbruh \ud83c\udfc3|82\/100 tox|[from] psn\n|upkeep\n|turn|119\n|\n|t:|1620363674\n|switch|p2a: BlissClefPex \ud83c\udf20|Audino, M|98\/100 tox\n|-damage|p2a: BlissClefPex \ud83c\udf20|86\/100 tox|[from] Stealth Rock\n|move|p1a: Corviknight|U-turn|p2a: BlissClefPex \ud83c\udf20\n|-damage|p2a: BlissClefPex \ud83c\udf20|79\/100 tox\n|\n|t:|1620363683\n|switch|p1a: Heatran|Heatran, M|48\/100|[from]move: U-turn\n|\n|-damage|p2a: BlissClefPex \ud83c\udf20|73\/100 tox|[from] psn\n|upkeep\n|turn|120\n|c|\u2606I'M AT MY LIMIT|we need to give that sp def?\n|l| Tapu fever\n|c|\u2606I'M AT MY LIMIT|Give what\n|\n|t:|1620363702\n|switch|p1a: Corviknight|Corviknight, M|82\/100 brn\n|-ability|p1a: Corviknight|Pressure\n|move|p2a: BlissClefPex \ud83c\udf20|Heal Bell|p2a: BlissClefPex \ud83c\udf20\n|-activate|p2a: BlissClefPex \ud83c\udf20|move: Heal Bell\n|-curestatus|p2a: BlissClefPex \ud83c\udf20|tox|[msg]\n|-curestatus|p2: IRON GIANT \ud83d\udd27|slp|[msg]\n|-curestatus|p2: Slowbruh \ud83c\udfc3|tox|[msg]\n|\n|-damage|p1a: Corviknight|75\/100 brn|[from] brn\n|upkeep\n|turn|121\n|\n|t:|1620363713\n|move|p1a: Corviknight|U-turn|p2a: BlissClefPex \ud83c\udf20\n|-damage|p2a: BlissClefPex \ud83c\udf20|67\/100\n|\n|t:|1620363715\n|switch|p1a: Tangrowth|Tangrowth, F|100\/100|[from]move: U-turn\n|move|p2a: BlissClefPex \ud83c\udf20|Wish|p2a: BlissClefPex \ud83c\udf20\n|\n|upkeep\n|turn|122\n|j| Tapu fever\n|\n|t:|1620363727\n|move|p2a: BlissClefPex \ud83c\udf20|Knock Off|p1a: Tangrowth\n|-damage|p1a: Tangrowth|95\/100\n|move|p1a: Tangrowth|Knock Off|p2a: BlissClefPex \ud83c\udf20\n|-damage|p2a: BlissClefPex \ud83c\udf20|51\/100\n|\n|-heal|p2a: BlissClefPex \ud83c\udf20|100\/100|[from] move: Wish|[wisher] BlissClefPex \ud83c\udf20\n|upkeep\n|turn|123\n|\n|t:|1620363737\n|move|p2a: BlissClefPex \ud83c\udf20|Knock Off|p1a: Tangrowth\n|-damage|p1a: Tangrowth|90\/100\n|move|p1a: Tangrowth|Sleep Powder|p2a: BlissClefPex \ud83c\udf20\n|-status|p2a: BlissClefPex \ud83c\udf20|slp|[from] move: Sleep Powder\n|\n|upkeep\n|turn|124\n|\n|t:|1620363745\n|switch|p1a: Corviknight|Corviknight, M|75\/100 brn\n|-ability|p1a: Corviknight|Pressure\n|cant|p2a: BlissClefPex \ud83c\udf20|slp\n|\n|-damage|p1a: Corviknight|69\/100 brn|[from] brn\n|upkeep\n|turn|125\n|\n|t:|1620363748\n|move|p1a: Corviknight|Brave Bird|p2a: BlissClefPex \ud83c\udf20\n|-damage|p2a: BlissClefPex \ud83c\udf20|83\/100 slp\n|-damage|p1a: Corviknight|63\/100 brn|[from] Recoil\n|-curestatus|p2a: BlissClefPex \ud83c\udf20|slp|[msg]\n|move|p2a: BlissClefPex \ud83c\udf20|Knock Off|p1a: Corviknight\n|-damage|p1a: Corviknight|55\/100 brn\n|\n|-damage|p1a: Corviknight|49\/100 brn|[from] brn\n|upkeep\n|turn|126\n|\n|t:|1620363751\n|move|p1a: Corviknight|Brave Bird|p2a: BlissClefPex \ud83c\udf20\n|-crit|p2a: BlissClefPex \ud83c\udf20\n|-damage|p2a: BlissClefPex \ud83c\udf20|57\/100\n|-damage|p1a: Corviknight|40\/100 brn|[from] Recoil\n|move|p2a: BlissClefPex \ud83c\udf20|Knock Off|p1a: Corviknight\n|-damage|p1a: Corviknight|32\/100 brn\n|\n|-damage|p1a: Corviknight|26\/100 brn|[from] brn\n|upkeep\n|turn|127\n|\n|t:|1620363754\n|switch|p2a: Slowbruh \ud83c\udfc3|Slowbro, M|100\/100\n|-damage|p2a: Slowbruh \ud83c\udfc3|88\/100|[from] Stealth Rock\n|move|p1a: Corviknight|Roost|p1a: Corviknight\n|-heal|p1a: Corviknight|76\/100 brn\n|-singleturn|p1a: Corviknight|move: Roost\n|\n|-damage|p1a: Corviknight|69\/100 brn|[from] brn\n|upkeep\n|turn|128\n|\n|t:|1620363758\n|switch|p2a: BlissClefPex \ud83c\udf20|Audino, M|90\/100\n|-damage|p2a: BlissClefPex \ud83c\udf20|78\/100|[from] Stealth Rock\n|move|p1a: Corviknight|Roost|p1a: Corviknight\n|-heal|p1a: Corviknight|100\/100 brn\n|-singleturn|p1a: Corviknight|move: Roost\n|\n|-damage|p1a: Corviknight|94\/100 brn|[from] brn\n|upkeep\n|turn|129\n|\n|t:|1620363760\n|switch|p2a: Slowbruh \ud83c\udfc3|Slowbro, M|100\/100\n|-damage|p2a: Slowbruh \ud83c\udfc3|88\/100|[from] Stealth Rock\n|move|p1a: Corviknight|U-turn|p2a: Slowbruh \ud83c\udfc3\n|-supereffective|p2a: Slowbruh \ud83c\udfc3\n|-damage|p2a: Slowbruh \ud83c\udfc3|80\/100\n|\n|t:|1620363777\n|switch|p1a: Tangrowth|Tangrowth, F|100\/100|[from]move: U-turn\n|\n|upkeep\n|turn|130\n|\n|t:|1620363780\n|switch|p1a: Heatran|Heatran, M|48\/100\n|switch|p2a: BlissClefPex \ud83c\udf20|Audino, M|100\/100\n|-damage|p2a: BlissClefPex \ud83c\udf20|88\/100|[from] Stealth Rock\n|\n|upkeep\n|turn|131\n|\n|t:|1620363789\n|switch|p2a: Slowbruh \ud83c\udfc3|Slowbro, M|100\/100\n|-damage|p2a: Slowbruh \ud83c\udfc3|88\/100|[from] Stealth Rock\n|move|p1a: Heatran|Earth Power|p2a: Slowbruh \ud83c\udfc3\n|-damage|p2a: Slowbruh \ud83c\udfc3|63\/100\n|-unboost|p2a: Slowbruh \ud83c\udfc3|spd|1\n|\n|upkeep\n|turn|132\n|\n|t:|1620363809\n|switch|p1a: Tangrowth|Tangrowth, F|100\/100\n|move|p2a: Slowbruh \ud83c\udfc3|Teleport|p2a: Slowbruh \ud83c\udfc3\n|c|\u2606I'M AT MY LIMIT|i think magma was the play there idk though\n|\n|t:|1620363822\n|switch|p2a: BlissClefPex \ud83c\udf20|Audino, M|100\/100|[from]move: Teleport\n|-damage|p2a: BlissClefPex \ud83c\udf20|88\/100|[from] Stealth Rock\n|\n|upkeep\n|turn|133\n|\n|t:|1620363829\n|move|p2a: BlissClefPex \ud83c\udf20|Knock Off|p1a: Tangrowth\n|-damage|p1a: Tangrowth|95\/100\n|move|p1a: Tangrowth|Sleep Powder|p2a: BlissClefPex \ud83c\udf20\n|-status|p2a: BlissClefPex \ud83c\udf20|slp|[from] move: Sleep Powder\n|\n|upkeep\n|turn|134\n|\n|t:|1620363833\n|switch|p1a: Urshifu|Urshifu-Rapid-Strike, M|16\/100 brn\n|cant|p2a: BlissClefPex \ud83c\udf20|slp\n|\n|-damage|p1a: Urshifu|10\/100 brn|[from] brn\n|upkeep\n|turn|135\n|\n|t:|1620363838\n|switch|p2a: Slowbruh \ud83c\udfc3|Slowbro, M|96\/100\n|-damage|p2a: Slowbruh \ud83c\udfc3|84\/100|[from] Stealth Rock\n|move|p1a: Urshifu|Surging Strikes|p2a: Slowbruh \ud83c\udfc3\n|-resisted|p2a: Slowbruh \ud83c\udfc3\n|-crit|p2a: Slowbruh \ud83c\udfc3\n|-damage|p2a: Slowbruh \ud83c\udfc3|81\/100\n|-resisted|p2a: Slowbruh \ud83c\udfc3\n|-crit|p2a: Slowbruh \ud83c\udfc3\n|-damage|p2a: Slowbruh \ud83c\udfc3|78\/100\n|-resisted|p2a: Slowbruh \ud83c\udfc3\n|-crit|p2a: Slowbruh \ud83c\udfc3\n|-damage|p2a: Slowbruh \ud83c\udfc3|76\/100\n|-hitcount|p2a: Slowbruh \ud83c\udfc3|3\n|\n|-damage|p1a: Urshifu|3\/100 brn|[from] brn\n|upkeep\n|turn|136\n|\n|t:|1620363841\n|move|p1a: Urshifu|U-turn|p2a: Slowbruh \ud83c\udfc3\n|-supereffective|p2a: Slowbruh \ud83c\udfc3\n|-damage|p2a: Slowbruh \ud83c\udfc3|61\/100\n|\n|t:|1620363849\n|switch|p1a: Tangrowth|Tangrowth, F|100\/100|[from]move: U-turn\n|move|p2a: Slowbruh \ud83c\udfc3|Teleport|p2a: Slowbruh \ud83c\udfc3\n|\n|t:|1620363852\n|switch|p2a: BlissClefPex \ud83c\udf20|Audino, M|100\/100 slp|[from]move: Teleport\n|-damage|p2a: BlissClefPex \ud83c\udf20|88\/100 slp|[from] Stealth Rock\n|\n|upkeep\n|turn|137\n|\n|t:|1620363857\n|cant|p2a: BlissClefPex \ud83c\udf20|slp\n|move|p1a: Tangrowth|Giga Drain|p2a: BlissClefPex \ud83c\udf20\n|-damage|p2a: BlissClefPex \ud83c\udf20|69\/100 slp\n|\n|upkeep\n|turn|138\n|\n|t:|1620363861\n|switch|p1a: Corviknight|Corviknight, M|94\/100 brn\n|-ability|p1a: Corviknight|Pressure\n|cant|p2a: BlissClefPex \ud83c\udf20|slp\n|\n|-damage|p1a: Corviknight|88\/100 brn|[from] brn\n|upkeep\n|turn|139\n|\n|t:|1620363864\n|switch|p2a: Slowbruh \ud83c\udfc3|Slowbro, M|94\/100\n|-damage|p2a: Slowbruh \ud83c\udfc3|82\/100|[from] Stealth Rock\n|move|p1a: Corviknight|Brave Bird|p2a: Slowbruh \ud83c\udfc3\n|-damage|p2a: Slowbruh \ud83c\udfc3|71\/100\n|-damage|p1a: Corviknight|84\/100 brn|[from] Recoil\n|\n|-damage|p1a: Corviknight|78\/100 brn|[from] brn\n|upkeep\n|turn|140\n|\n|t:|1620363876\n|move|p1a: Corviknight|Brave Bird|p2a: Slowbruh \ud83c\udfc3\n|-crit|p2a: Slowbruh \ud83c\udfc3\n|-damage|p2a: Slowbruh \ud83c\udfc3|55\/100\n|-damage|p1a: Corviknight|73\/100 brn|[from] Recoil\n|move|p2a: Slowbruh \ud83c\udfc3|Teleport|p2a: Slowbruh \ud83c\udfc3\n|\n|t:|1620363878\n|switch|p2a: BlissClefPex \ud83c\udf20|Audino, M|100\/100 slp|[from]move: Teleport\n|-damage|p2a: BlissClefPex \ud83c\udf20|88\/100 slp|[from] Stealth Rock\n|\n|-damage|p1a: Corviknight|66\/100 brn|[from] brn\n|upkeep\n|turn|141\n|\n|t:|1620363881\n|switch|p2a: Slowbruh \ud83c\udfc3|Slowbro, M|88\/100\n|-damage|p2a: Slowbruh \ud83c\udfc3|75\/100|[from] Stealth Rock\n|move|p1a: Corviknight|Roost|p1a: Corviknight\n|-heal|p1a: Corviknight|100\/100 brn\n|-singleturn|p1a: Corviknight|move: Roost\n|\n|-damage|p1a: Corviknight|94\/100 brn|[from] brn\n|upkeep\n|turn|142\n|\n|t:|1620363887\n|move|p1a: Corviknight|U-turn|p2a: Slowbruh \ud83c\udfc3\n|-supereffective|p2a: Slowbruh \ud83c\udfc3\n|-damage|p2a: Slowbruh \ud83c\udfc3|67\/100\n|c| Marce95|this is like metapod vs metapod\n|\n|t:|1620363896\n|switch|p1a: Tangrowth|Tangrowth, F|100\/100|[from]move: U-turn\n|move|p2a: Slowbruh \ud83c\udfc3|Future Sight|p1a: Tangrowth\n|-start|p2a: Slowbruh \ud83c\udfc3|move: Future Sight\n|\n|upkeep\n|turn|143\n|c|\u2606I'M AT MY LIMIT|i mean more like\n|c|\u2606I'M AT MY LIMIT|metapod versus a level 100 magikarp\n|c|\u2606I'M AT MY LIMIT|with only splash\n|c|\u2606I'M AT MY LIMIT|eventually we are going to win this i think\n|inactive|I'M AT MY LIMIT has 120 seconds left.\n|l| Marce95\n|\n|t:|1620363929\n|switch|p1a: Heatran|Heatran, M|48\/100\n|switch|p2a: BlissClefPex \ud83c\udf20|Audino, M|100\/100 slp\n|-damage|p2a: BlissClefPex \ud83c\udf20|88\/100 slp|[from] Stealth Rock\n|\n|upkeep\n|turn|144\n|\n|t:|1620363935\n|switch|p2a: Slowbruh \ud83c\udfc3|Slowbro, M|100\/100\n|-damage|p2a: Slowbruh \ud83c\udfc3|88\/100|[from] Stealth Rock\n|move|p1a: Heatran|Earth Power|p2a: Slowbruh \ud83c\udfc3\n|-damage|p2a: Slowbruh \ud83c\udfc3|63\/100\n|\n|-end|p1a: Heatran|move: Future Sight\n|-resisted|p1a: Heatran\n|-damage|p1a: Heatran|34\/100\n|upkeep\n|turn|145\n|\n|t:|1620363939\n|move|p1a: Heatran|Toxic|p2a: Slowbruh \ud83c\udfc3\n|-status|p2a: Slowbruh \ud83c\udfc3|tox\n|move|p2a: Slowbruh \ud83c\udfc3|Scald|p1a: Heatran\n|-supereffective|p1a: Heatran\n|-damage|p1a: Heatran|0 fnt\n|faint|p1a: Heatran\n|\n|-damage|p2a: Slowbruh \ud83c\udfc3|57\/100 tox|[from] psn\n|upkeep\n|\n|t:|1620363946\n|switch|p1a: Tangrowth|Tangrowth, F|100\/100\n|turn|146\n|\n|t:|1620363951\n|switch|p2a: BlissClefPex \ud83c\udf20|Audino, M|100\/100 slp\n|-damage|p2a: BlissClefPex \ud83c\udf20|88\/100 slp|[from] Stealth Rock\n|move|p1a: Tangrowth|Giga Drain|p2a: BlissClefPex \ud83c\udf20\n|-damage|p2a: BlissClefPex \ud83c\udf20|70\/100 slp\n|\n|upkeep\n|turn|147\n|\n|t:|1620363954\n|-curestatus|p2a: BlissClefPex \ud83c\udf20|slp|[msg]\n|move|p2a: BlissClefPex \ud83c\udf20|Heal Bell|p2a: BlissClefPex \ud83c\udf20\n|-activate|p2a: BlissClefPex \ud83c\udf20|move: Heal Bell\n|-curestatus|p2: Slowbruh \ud83c\udfc3|tox|[msg]\n|move|p1a: Tangrowth|Giga Drain|p2a: BlissClefPex \ud83c\udf20\n|-damage|p2a: BlissClefPex \ud83c\udf20|50\/100\n|\n|upkeep\n|turn|148\n|j| Marce95\n|\n|t:|1620363962\n|move|p2a: BlissClefPex \ud83c\udf20|Wish|p2a: BlissClefPex \ud83c\udf20\n|move|p1a: Tangrowth|Sleep Powder|p2a: BlissClefPex \ud83c\udf20\n|-status|p2a: BlissClefPex \ud83c\udf20|slp|[from] move: Sleep Powder\n|\n|upkeep\n|turn|149\n|\n|t:|1620363967\n|cant|p2a: BlissClefPex \ud83c\udf20|slp\n|move|p1a: Tangrowth|Knock Off|p2a: BlissClefPex \ud83c\udf20\n|-damage|p2a: BlissClefPex \ud83c\udf20|36\/100 slp\n|\n|-heal|p2a: BlissClefPex \ud83c\udf20|86\/100 slp|[from] move: Wish|[wisher] BlissClefPex \ud83c\udf20\n|upkeep\n|turn|150\n|c|\u2606I'M AT MY LIMIT|because his sleep is giving us more pp\n|\n|t:|1620363979\n|-curestatus|p2a: BlissClefPex \ud83c\udf20|slp|[msg]\n|move|p2a: BlissClefPex \ud83c\udf20|Knock Off|p1a: Tangrowth\n|-damage|p1a: Tangrowth|96\/100\n|move|p1a: Tangrowth|Knock Off|p2a: BlissClefPex \ud83c\udf20\n|-damage|p2a: BlissClefPex \ud83c\udf20|73\/100\n|\n|upkeep\n|turn|151\n|\n|t:|1620363987\n|switch|p2a: Slowbruh \ud83c\udfc3|Slowbro, M|90\/100\n|-damage|p2a: Slowbruh \ud83c\udfc3|78\/100|[from] Stealth Rock\n|move|p1a: Tangrowth|Knock Off|p2a: Slowbruh \ud83c\udfc3\n|-supereffective|p2a: Slowbruh \ud83c\udfc3\n|-damage|p2a: Slowbruh \ud83c\udfc3|59\/100\n|\n|upkeep\n|turn|152\n|\n|t:|1620363991\n|switch|p2a: BlissClefPex \ud83c\udf20|Audino, M|100\/100\n|-damage|p2a: BlissClefPex \ud83c\udf20|88\/100|[from] Stealth Rock\n|move|p1a: Tangrowth|Knock Off|p2a: BlissClefPex \ud83c\udf20\n|-damage|p2a: BlissClefPex \ud83c\udf20|74\/100\n|\n|upkeep\n|turn|153\n|\n|t:|1620363995\n|switch|p2a: Slowbruh \ud83c\udfc3|Slowbro, M|92\/100\n|-damage|p2a: Slowbruh \ud83c\udfc3|80\/100|[from] Stealth Rock\n|move|p1a: Tangrowth|Knock Off|p2a: Slowbruh \ud83c\udfc3\n|-supereffective|p2a: Slowbruh \ud83c\udfc3\n|-damage|p2a: Slowbruh \ud83c\udfc3|63\/100\n|\n|upkeep\n|turn|154\n|\n|t:|1620363997\n|switch|p2a: BlissClefPex \ud83c\udf20|Audino, M|100\/100\n|-damage|p2a: BlissClefPex \ud83c\udf20|88\/100|[from] Stealth Rock\n|move|p1a: Tangrowth|Knock Off|p2a: BlissClefPex \ud83c\udf20\n|-damage|p2a: BlissClefPex \ud83c\udf20|75\/100\n|\n|upkeep\n|turn|155\n|\n|t:|1620364000\n|move|p2a: BlissClefPex \ud83c\udf20|Knock Off|p1a: Tangrowth\n|-damage|p1a: Tangrowth|90\/100\n|move|p1a: Tangrowth|Sleep Powder|p2a: BlissClefPex \ud83c\udf20\n|-status|p2a: BlissClefPex \ud83c\udf20|slp|[from] move: Sleep Powder\n|\n|upkeep\n|turn|156\n|\n|t:|1620364003\n|cant|p2a: BlissClefPex \ud83c\udf20|slp\n|move|p1a: Tangrowth|Knock Off|p2a: BlissClefPex \ud83c\udf20\n|-damage|p2a: BlissClefPex \ud83c\udf20|61\/100 slp\n|\n|upkeep\n|turn|157\n|\n|t:|1620364008\n|cant|p2a: BlissClefPex \ud83c\udf20|slp\n|move|p1a: Tangrowth|Giga Drain|p2a: BlissClefPex \ud83c\udf20\n|-damage|p2a: BlissClefPex \ud83c\udf20|41\/100 slp\n|-heal|p1a: Tangrowth|100\/100|[from] drain|[of] p2a: BlissClefPex \ud83c\udf20\n|\n|upkeep\n|turn|158\n|\n|t:|1620364011\n|-curestatus|p2a: BlissClefPex \ud83c\udf20|slp|[msg]\n|move|p2a: BlissClefPex \ud83c\udf20|Wish|p2a: BlissClefPex \ud83c\udf20\n|move|p1a: Tangrowth|Knock Off|p2a: BlissClefPex \ud83c\udf20\n|-damage|p2a: BlissClefPex \ud83c\udf20|27\/100\n|\n|upkeep\n|turn|159\n|\n|t:|1620364017\n|move|p2a: BlissClefPex \ud83c\udf20|Protect|p2a: BlissClefPex \ud83c\udf20\n|-singleturn|p2a: BlissClefPex \ud83c\udf20|Protect\n|move|p1a: Tangrowth|Sleep Powder|p2a: BlissClefPex \ud83c\udf20\n|-activate|p2a: BlissClefPex \ud83c\udf20|move: Protect\n|\n|-heal|p2a: BlissClefPex \ud83c\udf20|77\/100|[from] move: Wish|[wisher] BlissClefPex \ud83c\udf20\n|upkeep\n|turn|160\n|c|\u2606I'M AT MY LIMIT|lol\n|c| Marce95|at least they both don't have heal bell xd\n|\n|t:|1620364027\n|move|p2a: BlissClefPex \ud83c\udf20|Knock Off|p1a: Tangrowth\n|-damage|p1a: Tangrowth|95\/100\n|move|p1a: Tangrowth|Knock Off|p2a: BlissClefPex \ud83c\udf20\n|-damage|p2a: BlissClefPex \ud83c\udf20|62\/100\n|\n|upkeep\n|turn|161\n|\n|t:|1620364037\n|switch|p2a: Slowbruh \ud83c\udfc3|Slowbro, M|96\/100\n|-damage|p2a: Slowbruh \ud83c\udfc3|84\/100|[from] Stealth Rock\n|move|p1a: Tangrowth|Giga Drain|p2a: Slowbruh \ud83c\udfc3\n|-supereffective|p2a: Slowbruh \ud83c\udfc3\n|-damage|p2a: Slowbruh \ud83c\udfc3|25\/100\n|-heal|p1a: Tangrowth|100\/100|[from] drain|[of] p2a: Slowbruh \ud83c\udfc3\n|\n|upkeep\n|turn|162\n|\n|t:|1620364046\n|switch|p2a: BlissClefPex \ud83c\udf20|Audino, M|95\/100\n|-damage|p2a: BlissClefPex \ud83c\udf20|82\/100|[from] Stealth Rock\n|move|p1a: Tangrowth|Knock Off|p2a: BlissClefPex \ud83c\udf20\n|-damage|p2a: BlissClefPex \ud83c\udf20|69\/100\n|\n|upkeep\n|turn|163\n|\n|t:|1620364055\n|switch|p2a: IRON GIANT \ud83d\udd27|Melmetal|10\/100\n|-damage|p2a: IRON GIANT \ud83d\udd27|4\/100|[from] Stealth Rock\n|move|p1a: Tangrowth|Knock Off|p2a: IRON GIANT \ud83d\udd27\n|-damage|p2a: IRON GIANT \ud83d\udd27|0 fnt\n|faint|p2a: IRON GIANT \ud83d\udd27\n|\n|upkeep\n|\n|t:|1620364057\n|switch|p2a: Slowbruh \ud83c\udfc3|Slowbro, M|58\/100\n|-damage|p2a: Slowbruh \ud83c\udfc3|45\/100|[from] Stealth Rock\n|turn|164\n|\n|t:|1620364062\n|switch|p2a: BlissClefPex \ud83c\udf20|Audino, M|100\/100\n|-damage|p2a: BlissClefPex \ud83c\udf20|88\/100|[from] Stealth Rock\n|move|p1a: Tangrowth|Giga Drain|p2a: BlissClefPex \ud83c\udf20\n|-crit|p2a: BlissClefPex \ud83c\udf20\n|-damage|p2a: BlissClefPex \ud83c\udf20|62\/100\n|\n|upkeep\n|turn|165\n|\n|t:|1620364068\n|move|p2a: BlissClefPex \ud83c\udf20|Wish|p2a: BlissClefPex \ud83c\udf20\n|move|p1a: Tangrowth|Knock Off|p2a: BlissClefPex \ud83c\udf20\n|-damage|p2a: BlissClefPex \ud83c\udf20|49\/100\n|\n|upkeep\n|turn|166\n|\n|t:|1620364074\n|switch|p2a: Slowbruh \ud83c\udfc3|Slowbro, M|79\/100\n|-damage|p2a: Slowbruh \ud83c\udfc3|66\/100|[from] Stealth Rock\n|move|p1a: Tangrowth|Sleep Powder|p2a: Slowbruh \ud83c\udfc3\n|-status|p2a: Slowbruh \ud83c\udfc3|slp|[from] move: Sleep Powder\n|\n|-heal|p2a: Slowbruh \ud83c\udfc3|100\/100 slp|[from] move: Wish|[wisher] BlissClefPex \ud83c\udf20\n|upkeep\n|turn|167\n|\n|t:|1620364077\n|switch|p2a: BlissClefPex \ud83c\udf20|Audino, M|82\/100\n|-damage|p2a: BlissClefPex \ud83c\udf20|70\/100|[from] Stealth Rock\n|move|p1a: Tangrowth|Knock Off|p2a: BlissClefPex \ud83c\udf20\n|-damage|p2a: BlissClefPex \ud83c\udf20|56\/100\n|\n|upkeep\n|turn|168\n|\n|t:|1620364081\n|switch|p2a: Slowbruh \ud83c\udfc3|Slowbro, M|100\/100 slp\n|-damage|p2a: Slowbruh \ud83c\udfc3|88\/100 slp|[from] Stealth Rock\n|move|p1a: Tangrowth|Knock Off|p2a: Slowbruh \ud83c\udfc3\n|-supereffective|p2a: Slowbruh \ud83c\udfc3\n|-damage|p2a: Slowbruh \ud83c\udfc3|70\/100 slp\n|\n|upkeep\n|turn|169\n|\n|t:|1620364084\n|switch|p2a: BlissClefPex \ud83c\udf20|Audino, M|89\/100\n|-damage|p2a: BlissClefPex \ud83c\udf20|77\/100|[from] Stealth Rock\n|move|p1a: Tangrowth|Knock Off|p2a: BlissClefPex \ud83c\udf20\n|-damage|p2a: BlissClefPex \ud83c\udf20|61\/100\n|\n|upkeep\n|turn|170\n|\n|t:|1620364086\n|switch|p2a: Slowbruh \ud83c\udfc3|Slowbro, M|100\/100 slp\n|-damage|p2a: Slowbruh \ud83c\udfc3|88\/100 slp|[from] Stealth Rock\n|move|p1a: Tangrowth|Knock Off|p2a: Slowbruh \ud83c\udfc3\n|-supereffective|p2a: Slowbruh \ud83c\udfc3\n|-damage|p2a: Slowbruh \ud83c\udfc3|69\/100 slp\n|\n|upkeep\n|turn|171\n|\n|t:|1620364089\n|switch|p1a: Corviknight|Corviknight, M|94\/100 brn\n|-ability|p1a: Corviknight|Pressure\n|switch|p2a: BlissClefPex \ud83c\udf20|Audino, M|95\/100\n|-damage|p2a: BlissClefPex \ud83c\udf20|82\/100|[from] Stealth Rock\n|\n|-damage|p1a: Corviknight|88\/100 brn|[from] brn\n|upkeep\n|turn|172\n|c|\u2606I'M AT MY LIMIT|yeah i think this is gg\n|\n|t:|1620364098\n|switch|p2a: Slowbruh \ud83c\udfc3|Slowbro, M|100\/100 slp\n|-damage|p2a: Slowbruh \ud83c\udfc3|88\/100 slp|[from] Stealth Rock\n|move|p1a: Corviknight|U-turn|p2a: Slowbruh \ud83c\udfc3\n|-supereffective|p2a: Slowbruh \ud83c\udfc3\n|-damage|p2a: Slowbruh \ud83c\udfc3|79\/100 slp\n|\n|t:|1620364103\n|switch|p1a: Urshifu|Urshifu-Rapid-Strike, M|3\/100 brn|[from]move: U-turn\n|\n|-damage|p1a: Urshifu|0 fnt|[from] brn\n|faint|p1a: Urshifu\n|upkeep\n|\n|t:|1620364105\n|switch|p1a: Tangrowth|Tangrowth, F|100\/100\n|turn|173\n|\n|t:|1620364115\n|switch|p1a: Corviknight|Corviknight, M|88\/100 brn\n|-ability|p1a: Corviknight|Pressure\n|switch|p2a: BlissClefPex \ud83c\udf20|Audino, M|100\/100\n|-damage|p2a: BlissClefPex \ud83c\udf20|88\/100|[from] Stealth Rock\n|\n|-damage|p1a: Corviknight|82\/100 brn|[from] brn\n|upkeep\n|turn|174\n|\n|t:|1620364119\n|switch|p2a: Slowbruh \ud83c\udfc3|Slowbro, M|100\/100 slp\n|-damage|p2a: Slowbruh \ud83c\udfc3|88\/100 slp|[from] Stealth Rock\n|move|p1a: Corviknight|U-turn|p2a: Slowbruh \ud83c\udfc3\n|-supereffective|p2a: Slowbruh \ud83c\udfc3\n|-damage|p2a: Slowbruh \ud83c\udfc3|80\/100 slp\n|\n|t:|1620364121\n|switch|p1a: Tangrowth|Tangrowth, F|100\/100|[from]move: U-turn\n|\n|upkeep\n|turn|175\n|\n|t:|1620364126\n|move|p1a: Tangrowth|Giga Drain|p2a: Slowbruh \ud83c\udfc3\n|-supereffective|p2a: Slowbruh \ud83c\udfc3\n|-damage|p2a: Slowbruh \ud83c\udfc3|18\/100 slp\n|cant|p2a: Slowbruh \ud83c\udfc3|slp\n|\n|upkeep\n|turn|176\n|\n|t:|1620364130\n|switch|p1a: Corviknight|Corviknight, M|82\/100 brn\n|-ability|p1a: Corviknight|Pressure\n|switch|p2a: BlissClefPex \ud83c\udf20|Audino, M|100\/100\n|-damage|p2a: BlissClefPex \ud83c\udf20|88\/100|[from] Stealth Rock\n|\n|-damage|p1a: Corviknight|75\/100 brn|[from] brn\n|upkeep\n|turn|177\n|\n|t:|1620364132\n|switch|p2a: Slowbruh \ud83c\udfc3|Slowbro, M|52\/100 slp\n|-damage|p2a: Slowbruh \ud83c\udfc3|39\/100 slp|[from] Stealth Rock\n|move|p1a: Corviknight|U-turn|p2a: Slowbruh \ud83c\udfc3\n|-supereffective|p2a: Slowbruh \ud83c\udfc3\n|-damage|p2a: Slowbruh \ud83c\udfc3|31\/100 slp\n|\n|t:|1620364139\n|switch|p1a: Tangrowth|Tangrowth, F|100\/100|[from]move: U-turn\n|\n|upkeep\n|turn|178\n|\n|t:|1620364142\n|switch|p1a: Corviknight|Corviknight, M|75\/100 brn\n|-ability|p1a: Corviknight|Pressure\n|switch|p2a: BlissClefPex \ud83c\udf20|Audino, M|100\/100\n|-damage|p2a: BlissClefPex \ud83c\udf20|88\/100|[from] Stealth Rock\n|\n|-damage|p1a: Corviknight|69\/100 brn|[from] brn\n|upkeep\n|turn|179\n|\n|t:|1620364145\n|switch|p2a: Slowbruh \ud83c\udfc3|Slowbro, M|64\/100 slp\n|-damage|p2a: Slowbruh \ud83c\udfc3|52\/100 slp|[from] Stealth Rock\n|move|p1a: Corviknight|U-turn|p2a: Slowbruh \ud83c\udfc3\n|-supereffective|p2a: Slowbruh \ud83c\udfc3\n|-damage|p2a: Slowbruh \ud83c\udfc3|44\/100 slp\n|\n|t:|1620364151\n|switch|p1a: Tangrowth|Tangrowth, F|100\/100|[from]move: U-turn\n|\n|upkeep\n|turn|180\n|\n|t:|1620364153\n|switch|p2a: BlissClefPex \ud83c\udf20|Audino, M|100\/100\n|-damage|p2a: BlissClefPex \ud83c\udf20|88\/100|[from] Stealth Rock\n|move|p1a: Tangrowth|Knock Off|p2a: BlissClefPex \ud83c\udf20\n|-damage|p2a: BlissClefPex \ud83c\udf20|75\/100\n|\n|upkeep\n|turn|181\n|inactive|M4RKUTIO has 120 seconds left.\n|\n|t:|1620364184\n|move|p2a: BlissClefPex \ud83c\udf20|Wish|p2a: BlissClefPex \ud83c\udf20\n|move|p1a: Tangrowth|Giga Drain|p2a: BlissClefPex \ud83c\udf20\n|-damage|p2a: BlissClefPex \ud83c\udf20|56\/100\n|\n|upkeep\n|turn|182\n|c|\u2606I'M AT MY LIMIT|gg\n|-message|M4RKUTIO forfeited.\n|\n|win|I'M AT MY LIMIT\n|raw|M4RKUTIO's rating: 1508 &rarr; <strong>1489<\/strong><br \/>(-19 for losing)\n|raw|I&apos;M AT MY LIMIT's rating: 1524 &rarr; <strong>1543<\/strong><br \/>(+19 for winning)\n|l|\u2606M4RKUTIO\n|c|\u2606I'M AT MY LIMIT|Gah\n","uploadtime":1620364203,"views":114,"p1id":"m4rkutio","p2id":"imatmylimit","formatid":"gen8ou","rating":1489,"private":0,"password":null}