{"id":"gen8ou-1660321369","p1":"kakarotto13","p2":"2(H2O)-Alt","format":"gen8ou","log":"|j|\u2606kakarotto13\n|j|\u26062(H2O)-Alt\n|t:|1662757417\n|gametype|singles\n|player|p1|kakarotto13|101|1683\n|player|p2|2(H2O)-Alt|chase|1752\n|teamsize|p1|6\n|teamsize|p2|6\n|gen|8\n|tier|[Gen 8] OU\n|rated|\n|rule|Sleep Clause Mod: Limit one foe put to sleep\n|rule|Species Clause: Limit one of each Pok\u00e9mon\n|rule|OHKO Clause: OHKO moves are banned\n|rule|Evasion Items Clause: Evasion items are banned\n|rule|Evasion Moves Clause: Evasion moves are banned\n|rule|Endless Battle Clause: Forcing endless battles is banned\n|rule|HP Percentage Mod: HP is shown in percentages\n|rule|Dynamax Clause: You cannot dynamax\n|clearpoke\n|poke|p1|Landorus-Therian, M|\n|poke|p1|Blissey, F|\n|poke|p1|Buzzwole|\n|poke|p1|Tapu Koko|\n|poke|p1|Urshifu-*, M|\n|poke|p1|Dragapult, F|\n|poke|p2|Golurk|\n|poke|p2|Tornadus-Therian, M|\n|poke|p2|Slowking, M|\n|poke|p2|Tapu Lele|\n|poke|p2|Ferrothorn, M|\n|poke|p2|Tyranitar, M|\n|teampreview\n|inactive|Battle timer is ON: inactive players will automatically lose when time's up. (requested by 2(H2O)-Alt)\n|\n|t:|1662757428\n|start\n|switch|p1a: Urshifu|Urshifu-Rapid-Strike, M|100\/100\n|switch|p2a: Tornadus|Tornadus-Therian, M|100\/100\n|turn|1\n|\n|t:|1662757438\n|switch|p1a: Blissey|Blissey, F|100\/100\n|move|p2a: Tornadus|U-turn|p1a: Blissey\n|-damage|p1a: Blissey|87\/100\n|\n|t:|1662757441\n|switch|p2a: Slowking|Slowking, M|100\/100|[from]move: U-turn\n|\n|upkeep\n|turn|2\n|\n|t:|1662757447\n|move|p1a: Blissey|Stealth Rock|p2a: Slowking\n|-sidestart|p2: 2(H2O)-Alt|move: Stealth Rock\n|move|p2a: Slowking|Future Sight|p1a: Blissey\n|-start|p2a: Slowking|move: Future Sight\n|\n|upkeep\n|turn|3\n|\n|t:|1662757451\n|move|p1a: Blissey|Toxic|p2a: Slowking\n|-status|p2a: Slowking|tox\n|move|p2a: Slowking|Teleport|p2a: Slowking\n|\n|t:|1662757455\n|switch|p2a: Golurk|Golurk|100\/100|[from]move: Teleport\n|-damage|p2a: Golurk|95\/100|[from] Stealth Rock\n|\n|upkeep\n|turn|4\n|j| Melophetamine\n|\n|t:|1662757468\n|move|p2a: Golurk|Dynamic Punch|p1a: Blissey\n|-supereffective|p1a: Blissey\n|-damage|p1a: Blissey|0 fnt\n|faint|p1a: Blissey\n|\n|-hint|Future Sight did not hit because the target is fainted.\n|upkeep\n|\n|t:|1662757476\n|switch|p1a: Urshifu|Urshifu-Rapid-Strike, M|100\/100\n|turn|5\n|\n|t:|1662757481\n|switch|p2a: Ferrothorn|Ferrothorn, M|100\/100\n|-damage|p2a: Ferrothorn|94\/100|[from] Stealth Rock\n|move|p1a: Urshifu|Close Combat|p2a: Ferrothorn\n|-supereffective|p2a: Ferrothorn\n|-damage|p2a: Ferrothorn|0 fnt\n|-unboost|p1a: Urshifu|def|1\n|-unboost|p1a: Urshifu|spd|1\n|-damage|p1a: Urshifu|88\/100|[from] ability: Iron Barbs|[of] p2a: Ferrothorn\n|faint|p2a: Ferrothorn\n|\n|upkeep\n|\n|t:|1662757489\n|switch|p2a: Tapu Lele|Tapu Lele|100\/100\n|-damage|p2a: Tapu Lele|88\/100|[from] Stealth Rock\n|-fieldstart|move: Psychic Terrain|[from] ability: Psychic Surge|[of] p2a: Tapu Lele\n|turn|6\n|\n|t:|1662757499\n|switch|p1a: Tapu Koko|Tapu Koko|100\/100\n|-fieldstart|move: Electric Terrain|[from] ability: Electric Surge|[of] p1a: Tapu Koko\n|move|p2a: Tapu Lele|Moonblast|p1a: Tapu Koko\n|-damage|p1a: Tapu Koko|16\/100\n|-unboost|p1a: Tapu Koko|spa|1\n|\n|upkeep\n|turn|7\n|\n|t:|1662757509\n|move|p1a: Tapu Koko|Volt Switch|p2a: Tapu Lele\n|-damage|p2a: Tapu Lele|56\/100\n|\n|t:|1662757517\n|switch|p1a: Landorus|Landorus-Therian, M|100\/100|[from]move: Volt Switch\n|-ability|p1a: Landorus|Intimidate|boost\n|-unboost|p2a: Tapu Lele|atk|1\n|move|p2a: Tapu Lele|Moonblast|p1a: Landorus\n|-damage|p1a: Landorus|37\/100\n|\n|-heal|p1a: Landorus|43\/100|[from] item: Leftovers\n|upkeep\n|turn|8\n|\n|t:|1662757528\n|move|p2a: Tapu Lele|Moonblast|p1a: Landorus\n|-damage|p1a: Landorus|0 fnt\n|faint|p1a: Landorus\n|\n|upkeep\n|\n|t:|1662757537\n|switch|p1a: Urshifu|Urshifu-Rapid-Strike, M|88\/100\n|turn|9\n|\n|t:|1662757546\n|switch|p2a: Slowking|Slowking, M|100\/100 tox\n|move|p1a: Urshifu|U-turn|p2a: Slowking\n|-supereffective|p2a: Slowking\n|-damage|p2a: Slowking|27\/100 tox\n|\n|t:|1662757552\n|switch|p1a: Tapu Koko|Tapu Koko|16\/100|[from]move: U-turn\n|\n|-damage|p2a: Slowking|21\/100 tox|[from] psn\n|upkeep\n|turn|10\n|\n|t:|1662757560\n|switch|p2a: Tornadus|Tornadus-Therian, M|100\/100\n|move|p1a: Tapu Koko|U-turn|p2a: Tornadus\n|-resisted|p2a: Tornadus\n|-damage|p2a: Tornadus|93\/100\n|\n|t:|1662757567\n|switch|p1a: Dragapult|Dragapult, F|100\/100|[from]move: U-turn\n|\n|-fieldend|move: Electric Terrain\n|upkeep\n|turn|11\n|\n|t:|1662757575\n|move|p1a: Dragapult|U-turn|p2a: Tornadus\n|-resisted|p2a: Tornadus\n|-damage|p2a: Tornadus|84\/100\n|j| The Hail Incident\n|\n|t:|1662757587\n|switch|p1a: Urshifu|Urshifu-Rapid-Strike, M|88\/100|[from]move: U-turn\n|move|p2a: Tornadus|Defog|p1a: Urshifu\n|-unboost|p1a: Urshifu|evasion|1\n|-sideend|p2: 2(H2O)-Alt|Stealth Rock|[from] move: Defog|[of] p2a: Tornadus\n|\n|upkeep\n|turn|12\n|j| KappaHalo\n|inactive|kakarotto13 has 120 seconds left.\n|inactive|kakarotto13 has 90 seconds left.\n|\n|t:|1662757672\n|switch|p1a: Dragapult|Dragapult, F|100\/100\n|move|p2a: Tornadus|Hurricane|p1a: Dragapult\n|-damage|p1a: Dragapult|43\/100\n|\n|upkeep\n|turn|13\n|\n|t:|1662757679\n|switch|p2a: Tyranitar|Tyranitar, M|100\/100\n|-weather|Sandstorm|[from] ability: Sand Stream|[of] p2a: Tyranitar\n|move|p1a: Dragapult|Draco Meteor|p2a: Tyranitar\n|-damage|p2a: Tyranitar|55\/100\n|-unboost|p1a: Dragapult|spa|2\n|\n|-weather|Sandstorm|[upkeep]\n|-damage|p1a: Dragapult|37\/100|[from] Sandstorm\n|upkeep\n|turn|14\n|\n|t:|1662757694\n|switch|p1a: Buzzwole|Buzzwole|100\/100\n|move|p2a: Tyranitar|Stone Edge|p1a: Buzzwole\n|-crit|p1a: Buzzwole\n|-damage|p1a: Buzzwole|22\/100\n|\n|-weather|Sandstorm|[upkeep]\n|-damage|p1a: Buzzwole|16\/100|[from] Sandstorm\n|upkeep\n|turn|15\n|\n|t:|1662757716\n|switch|p2a: Tornadus|Tornadus-Therian, M|100\/100\n|move|p1a: Buzzwole|Ice Punch|p2a: Tornadus\n|-supereffective|p2a: Tornadus\n|-damage|p2a: Tornadus|40\/100\n|\n|-weather|Sandstorm|[upkeep]\n|-damage|p2a: Tornadus|34\/100|[from] Sandstorm\n|-damage|p1a: Buzzwole|9\/100|[from] Sandstorm\n|upkeep\n|turn|16\n|\n|t:|1662757726\n|move|p2a: Tornadus|Hurricane|p1a: Buzzwole\n|-supereffective|p1a: Buzzwole\n|-damage|p1a: Buzzwole|0 fnt\n|faint|p1a: Buzzwole\n|\n|-weather|Sandstorm|[upkeep]\n|-damage|p2a: Tornadus|28\/100|[from] Sandstorm\n|upkeep\n|\n|t:|1662757741\n|switch|p1a: Tapu Koko|Tapu Koko|16\/100\n|-fieldstart|move: Electric Terrain|[from] ability: Electric Surge|[of] p1a: Tapu Koko\n|turn|17\n|\n|t:|1662757746\n|move|p1a: Tapu Koko|U-turn|p2a: Tornadus\n|-resisted|p2a: Tornadus\n|-damage|p2a: Tornadus|20\/100\n|\n|t:|1662757750\n|switch|p1a: Urshifu|Urshifu-Rapid-Strike, M|88\/100|[from]move: U-turn\n|move|p2a: Tornadus|U-turn|p1a: Urshifu\n|-resisted|p1a: Urshifu\n|-damage|p1a: Urshifu|81\/100\n|\n|t:|1662757755\n|switch|p2a: Tapu Lele|Tapu Lele|56\/100|[from]move: U-turn\n|-fieldstart|move: Psychic Terrain|[from] ability: Psychic Surge|[of] p2a: Tapu Lele\n|\n|-weather|none\n|upkeep\n|turn|18\n|inactive|kakarotto13 has 90 seconds left.\n|\n|t:|1662757762\n|move|p2a: Tapu Lele|Moonblast|p1a: Urshifu\n|-supereffective|p1a: Urshifu\n|-damage|p1a: Urshifu|0 fnt\n|faint|p1a: Urshifu\n|\n|upkeep\n|inactive|kakarotto13 has 90 seconds left.\n|\n|t:|1662757773\n|switch|p1a: Tapu Koko|Tapu Koko|16\/100\n|-fieldstart|move: Electric Terrain|[from] ability: Electric Surge|[of] p1a: Tapu Koko\n|turn|19\n|\n|t:|1662757778\n|switch|p2a: Tornadus|Tornadus-Therian, M|53\/100\n|move|p1a: Tapu Koko|Thunderbolt|p2a: Tornadus\n|-supereffective|p2a: Tornadus\n|-damage|p2a: Tornadus|0 fnt\n|faint|p2a: Tornadus\n|\n|upkeep\n|\n|t:|1662757784\n|switch|p2a: Golurk|Golurk|95\/100\n|turn|20\n|-message|kakarotto13 forfeited.\n|\n|win|2(H2O)-Alt\n|raw|kakarotto13's rating: 1683 &rarr; <strong>1667<\/strong><br \/>(-16 for losing)\n|raw|2(H2O)-Alt's rating: 1752 &rarr; <strong>1768<\/strong><br \/>(+16 for winning)\n|l|\u2606kakarotto13\n|l| KappaHalo\n|l|\u26062(H2O)-Alt\n|l| The Hail Incident\n|j|\u26062(H2O)-Alt\n|player|p2|2(H2O)-Alt|chase\n","uploadtime":1662757818,"views":75,"p1id":"kakarotto13","p2id":"2h2oalt","formatid":"gen8ou","rating":1667,"private":0,"password":null}