{"id":"gen8ou-1165445528","p1":"LT71LX Abd1710","p2":"isheavydead","format":"gen8ou","log":"|j|\u2606LT71LX Abd1710\n|j|\u2606isheavydead\n|t:|1596904298\n|player|p1|LT71LX Abd1710|bruno|1566\n|player|p2|isheavydead|265|1632\n|teamsize|p1|6\n|teamsize|p2|6\n|gametype|singles\n|gen|8\n|tier|[Gen 8] OU\n|rated|\n|clearpoke\n|poke|p1|Zeraora|\n|poke|p1|Blissey, F|\n|poke|p1|Skarmory, M|\n|poke|p1|Clefable, M|\n|poke|p1|Toxapex, M|\n|poke|p1|Ditto|\n|poke|p2|Haxorus, F|\n|poke|p2|Volcarona, F|\n|poke|p2|Ninetales-Alola, M|\n|poke|p2|Excadrill, F|\n|poke|p2|Urshifu-*, F|\n|poke|p2|Azumarill, F|\n|rule|Sleep Clause Mod: Limit one foe put to sleep\n|rule|Species Clause: Limit one of each Pok\u00e9mon\n|rule|OHKO Clause: OHKO moves are banned\n|rule|Evasion Moves Clause: Evasion moves are banned\n|rule|Endless Battle Clause: Forcing endless battles is banned\n|rule|HP Percentage Mod: HP is shown in percentages\n|rule|Dynamax Clause: You cannot dynamax\n|teampreview\n|j| Veronica volt\n|inactive|Battle timer is ON: inactive players will automatically lose when time's up. (requested by LT71LX Abd1710)\n|l| Veronica volt\n|\n|t:|1596904331\n|start\n|switch|p1a: Ditto|Ditto|100\/100\n|switch|p2a: Ninetales|Ninetales-Alola, M, shiny|100\/100\n|-weather|Hail|[from] ability: Snow Warning|[of] p2a: Ninetales\n|-transform|p1a: Ditto|p2a: Ninetales|[from] ability: Imposter\n|turn|1\n|\n|t:|1596904342\n|move|p1a: Ditto|Aurora Veil|p1a: Ditto\n|-sidestart|p1: LT71LX Abd1710|move: Aurora Veil\n|move|p2a: Ninetales|Aurora Veil|p2a: Ninetales\n|-sidestart|p2: isheavydead|move: Aurora Veil\n|\n|-weather|Hail|[upkeep]\n|upkeep\n|turn|2\n|\n|t:|1596904354\n|switch|p1a: Blissey|Blissey, F|100\/100\n|switch|p2a: Haxorus|Haxorus, F, shiny|100\/100\n|-ability|p2a: Haxorus|Mold Breaker\n|\n|-weather|Hail|[upkeep]\n|-damage|p2a: Haxorus|94\/100|[from] Hail\n|-damage|p1a: Blissey|94\/100|[from] Hail\n|upkeep\n|turn|3\n|\n|t:|1596904371\n|switch|p1a: Skarmory|Skarmory, M|100\/100\n|move|p2a: Haxorus|Swords Dance|p2a: Haxorus\n|-boost|p2a: Haxorus|atk|2\n|\n|-weather|Hail|[upkeep]\n|-damage|p2a: Haxorus|88\/100|[from] Hail\n|-damage|p1a: Skarmory|95\/100|[from] Hail\n|-heal|p1a: Skarmory|100\/100|[from] item: Leftovers\n|upkeep\n|turn|4\n|\n|t:|1596904384\n|move|p2a: Haxorus|Close Combat|p1a: Skarmory\n|-damage|p1a: Skarmory|76\/100\n|-unboost|p2a: Haxorus|def|1\n|-unboost|p2a: Haxorus|spd|1\n|move|p1a: Skarmory|Spikes|p2a: Haxorus\n|-sidestart|p2: isheavydead|Spikes\n|\n|-weather|Hail|[upkeep]\n|-damage|p2a: Haxorus|82\/100|[from] Hail\n|-damage|p1a: Skarmory|70\/100|[from] Hail\n|-heal|p1a: Skarmory|76\/100|[from] item: Leftovers\n|upkeep\n|turn|5\n|\n|t:|1596904390\n|switch|p2a: Excadrill|Excadrill, F, shiny|100\/100\n|-damage|p2a: Excadrill|88\/100|[from] Spikes\n|-ability|p2a: Excadrill|Mold Breaker\n|move|p1a: Skarmory|Toxic|p2a: Excadrill\n|-immune|p2a: Excadrill\n|\n|-weather|none\n|-heal|p1a: Skarmory|82\/100|[from] item: Leftovers\n|-sideend|p1: LT71LX Abd1710|move: Aurora Veil\n|upkeep\n|turn|6\n|\n|t:|1596904396\n|move|p2a: Excadrill|Stealth Rock|p1a: Skarmory\n|-sidestart|p1: LT71LX Abd1710|move: Stealth Rock\n|move|p1a: Skarmory|Body Press|p2a: Excadrill\n|-supereffective|p2a: Excadrill\n|-damage|p2a: Excadrill|40\/100\n|\n|-heal|p1a: Skarmory|88\/100|[from] item: Leftovers\n|upkeep\n|turn|7\n|\n|t:|1596904403\n|move|p2a: Excadrill|Rapid Spin|p1a: Skarmory\n|-resisted|p1a: Skarmory\n|-damage|p1a: Skarmory|83\/100\n|-boost|p2a: Excadrill|spe|1\n|-sideend|p2: isheavydead|Spikes|[from] move: Rapid Spin|[of] p2a: Excadrill\n|move|p1a: Skarmory|Spikes|p2a: Excadrill\n|-sidestart|p2: isheavydead|Spikes\n|\n|-heal|p1a: Skarmory|89\/100|[from] item: Leftovers\n|upkeep\n|turn|8\n|\n|t:|1596904410\n|move|p2a: Excadrill|Rapid Spin|p1a: Skarmory\n|-resisted|p1a: Skarmory\n|-damage|p1a: Skarmory|83\/100\n|-boost|p2a: Excadrill|spe|1\n|-sideend|p2: isheavydead|Spikes|[from] move: Rapid Spin|[of] p2a: Excadrill\n|move|p1a: Skarmory|Body Press|p2a: Excadrill\n|-supereffective|p2a: Excadrill\n|-damage|p2a: Excadrill|0 fnt\n|faint|p2a: Excadrill\n|\n|-heal|p1a: Skarmory|89\/100|[from] item: Leftovers\n|-sideend|p2: isheavydead|move: Aurora Veil\n|upkeep\n|\n|t:|1596904439\n|switch|p2a: Volcarona|Volcarona, F|100\/100\n|turn|9\n|\n|t:|1596904443\n|switch|p2a: Azumarill|Azumarill, F|100\/100\n|switch|p1a: Blissey|Blissey, F|94\/100\n|\n|upkeep\n|turn|10\n|\n|t:|1596904449\n|switch|p1a: Toxapex|Toxapex, M|100\/100\n|-damage|p1a: Toxapex|88\/100|[from] Stealth Rock\n|move|p2a: Azumarill|Belly Drum|p2a: Azumarill\n|-damage|p2a: Azumarill|50\/100\n|-setboost|p2a: Azumarill|atk|6|[from] move: Belly Drum\n|-enditem|p2a: Azumarill|Sitrus Berry|[eat]\n|-heal|p2a: Azumarill|75\/100|[from] item: Sitrus Berry\n|\n|upkeep\n|turn|11\n|\n|t:|1596904453\n|move|p2a: Azumarill|Knock Off|p1a: Toxapex\n|-damage|p1a: Toxapex|0 fnt\n|-damage|p2a: Azumarill|59\/100|[from] item: Rocky Helmet|[of] p1a: Toxapex\n|-enditem|p1a: Toxapex|Rocky Helmet|[from] move: Knock Off|[of] p2a: Azumarill\n|faint|p1a: Toxapex\n|\n|upkeep\n|\n|t:|1596904476\n|switch|p1a: Ditto|Ditto|100\/100\n|-damage|p1a: Ditto|88\/100|[from] Stealth Rock\n|-transform|p1a: Ditto|p2a: Azumarill|[from] ability: Imposter\n|turn|12\n|\n|t:|1596904482\n|move|p1a: Ditto|Play Rough|p2a: Azumarill\n|-damage|p2a: Azumarill|0 fnt\n|faint|p2a: Azumarill\n|\n|upkeep\n|\n|t:|1596904488\n|switch|p2a: Ninetales|Ninetales-Alola, M, shiny|100\/100\n|-weather|Hail|[from] ability: Snow Warning|[of] p2a: Ninetales\n|turn|13\n|\n|t:|1596904494\n|switch|p1a: Blissey|Blissey, F|94\/100\n|move|p2a: Ninetales|Aurora Veil|p2a: Ninetales\n|-sidestart|p2: isheavydead|move: Aurora Veil\n|\n|-weather|Hail|[upkeep]\n|-damage|p1a: Blissey|88\/100|[from] Hail\n|upkeep\n|turn|14\n|\n|t:|1596904501\n|move|p2a: Ninetales|Freeze-Dry|p1a: Blissey\n|-damage|p1a: Blissey|80\/100\n|move|p1a: Blissey|Toxic|p2a: Ninetales\n|-status|p2a: Ninetales|tox\n|\n|-weather|Hail|[upkeep]\n|-damage|p1a: Blissey|74\/100|[from] Hail\n|-damage|p2a: Ninetales|94\/100 tox|[from] psn\n|upkeep\n|turn|15\n|\n|t:|1596904508\n|switch|p2a: Haxorus|Haxorus, F, shiny|82\/100\n|-ability|p2a: Haxorus|Mold Breaker\n|move|p1a: Blissey|Teleport|p1a: Blissey\n|\n|t:|1596904515\n|switch|p1a: Skarmory|Skarmory, M|89\/100|[from]move: Teleport\n|-damage|p1a: Skarmory|77\/100|[from] Stealth Rock\n|\n|-weather|Hail|[upkeep]\n|-damage|p2a: Haxorus|76\/100|[from] Hail\n|-damage|p1a: Skarmory|71\/100|[from] Hail\n|-heal|p1a: Skarmory|77\/100|[from] item: Leftovers\n|upkeep\n|turn|16\n|\n|t:|1596904520\n|move|p2a: Haxorus|Swords Dance|p2a: Haxorus\n|-boost|p2a: Haxorus|atk|2\n|move|p1a: Skarmory|Toxic|p2a: Haxorus\n|-status|p2a: Haxorus|tox\n|-enditem|p2a: Haxorus|Lum Berry|[eat]\n|-curestatus|p2a: Haxorus|tox|[msg]\n|\n|-weather|Hail|[upkeep]\n|-damage|p2a: Haxorus|70\/100|[from] Hail\n|-damage|p1a: Skarmory|71\/100|[from] Hail\n|-heal|p1a: Skarmory|77\/100|[from] item: Leftovers\n|upkeep\n|turn|17\n|\n|t:|1596904526\n|move|p2a: Haxorus|Close Combat|p1a: Skarmory\n|-damage|p1a: Skarmory|28\/100\n|-unboost|p2a: Haxorus|def|1\n|-unboost|p2a: Haxorus|spd|1\n|move|p1a: Skarmory|Toxic|p2a: Haxorus\n|-status|p2a: Haxorus|tox\n|\n|-weather|none\n|-heal|p1a: Skarmory|34\/100|[from] item: Leftovers\n|-damage|p2a: Haxorus|64\/100 tox|[from] psn\n|upkeep\n|turn|18\n|\n|t:|1596904536\n|switch|p1a: Clefable|Clefable, M|100\/100\n|move|p2a: Haxorus|Close Combat|p1a: Clefable\n|-resisted|p1a: Clefable\n|-damage|p1a: Clefable|68\/100\n|-unboost|p2a: Haxorus|def|1\n|-unboost|p2a: Haxorus|spd|1\n|\n|-heal|p1a: Clefable|74\/100|[from] item: Leftovers\n|-damage|p2a: Haxorus|51\/100 tox|[from] psn\n|upkeep\n|turn|19\n|\n|t:|1596904543\n|switch|p1a: Skarmory|Skarmory, M|34\/100\n|-damage|p1a: Skarmory|21\/100|[from] Stealth Rock\n|move|p2a: Haxorus|Poison Jab|p1a: Skarmory\n|-immune|p1a: Skarmory\n|\n|-heal|p1a: Skarmory|27\/100|[from] item: Leftovers\n|-damage|p2a: Haxorus|33\/100 tox|[from] psn\n|upkeep\n|turn|20\n|\n|t:|1596904551\n|move|p2a: Haxorus|Close Combat|p1a: Skarmory\n|-damage|p1a: Skarmory|0 fnt\n|-unboost|p2a: Haxorus|def|1\n|-unboost|p2a: Haxorus|spd|1\n|faint|p1a: Skarmory\n|\n|-damage|p2a: Haxorus|8\/100 tox|[from] psn\n|-sideend|p2: isheavydead|move: Aurora Veil\n|upkeep\n|\n|t:|1596904555\n|switch|p1a: Ditto|Ditto|88\/100\n|-damage|p1a: Ditto|76\/100|[from] Stealth Rock\n|-transform|p1a: Ditto|p2a: Haxorus|[from] ability: Imposter\n|-ability|p1a: Ditto|Mold Breaker\n|turn|21\n|\n|t:|1596904571\n|move|p1a: Ditto|Poison Jab|p2a: Haxorus\n|-damage|p2a: Haxorus|0 fnt\n|faint|p2a: Haxorus\n|\n|upkeep\n|\n|t:|1596904580\n|switch|p2a: Volcarona|Volcarona, F|100\/100\n|turn|22\n|\n|t:|1596904586\n|switch|p1a: Blissey|Blissey, F|74\/100\n|switch|p2a: Ninetales|Ninetales-Alola, M, shiny|94\/100 tox\n|-weather|Hail|[from] ability: Snow Warning|[of] p2a: Ninetales\n|\n|-weather|Hail|[upkeep]\n|-damage|p1a: Blissey|68\/100|[from] Hail\n|-damage|p2a: Ninetales|88\/100 tox|[from] psn\n|upkeep\n|turn|23\n|\n|t:|1596904593\n|move|p2a: Ninetales|Aurora Veil|p2a: Ninetales\n|-sidestart|p2: isheavydead|move: Aurora Veil\n|move|p1a: Blissey|Seismic Toss|p2a: Ninetales\n|-damage|p2a: Ninetales|60\/100 tox\n|\n|-weather|Hail|[upkeep]\n|-damage|p1a: Blissey|62\/100|[from] Hail\n|-damage|p2a: Ninetales|48\/100 tox|[from] psn\n|upkeep\n|turn|24\n|\n|t:|1596904600\n|move|p2a: Ninetales|Encore|p1a: Blissey\n|-start|p1a: Blissey|Encore\n|move|p1a: Blissey|Seismic Toss|p2a: Ninetales\n|-damage|p2a: Ninetales|19\/100 tox\n|\n|-weather|Hail|[upkeep]\n|-damage|p1a: Blissey|56\/100|[from] Hail\n|-damage|p2a: Ninetales|1\/100 tox|[from] psn\n|upkeep\n|turn|25\n|\n|t:|1596904607\n|switch|p1a: Clefable|Clefable, M|74\/100\n|move|p2a: Ninetales|Moonblast|p1a: Clefable\n|-damage|p1a: Clefable|48\/100\n|\n|-weather|Hail|[upkeep]\n|-heal|p1a: Clefable|54\/100|[from] item: Leftovers\n|-damage|p2a: Ninetales|0 fnt|[from] psn\n|faint|p2a: Ninetales\n|upkeep\n|\n|t:|1596904611\n|switch|p2a: Volcarona|Volcarona, F|100\/100\n|turn|26\n|\n|t:|1596904617\n|switch|p2a: Urshifu|Urshifu, F|100\/100\n|switch|p1a: Blissey|Blissey, F|56\/100\n|\n|-weather|none\n|upkeep\n|turn|27\n|\n|t:|1596904624\n|move|p2a: Urshifu|Bulk Up|p2a: Urshifu\n|-boost|p2a: Urshifu|atk|1\n|-boost|p2a: Urshifu|def|1\n|move|p1a: Blissey|Toxic|p2a: Urshifu\n|-status|p2a: Urshifu|tox\n|\n|-damage|p2a: Urshifu|94\/100 tox|[from] psn\n|upkeep\n|turn|28\n|\n|t:|1596904631\n|switch|p1a: Clefable|Clefable, M|54\/100\n|move|p2a: Urshifu|Wicked Blow|p1a: Clefable\n|-resisted|p1a: Clefable\n|-crit|p1a: Clefable\n|-damage|p1a: Clefable|13\/100\n|\n|-heal|p1a: Clefable|19\/100|[from] item: Leftovers\n|-damage|p2a: Urshifu|82\/100 tox|[from] psn\n|upkeep\n|turn|29\n|inactive|isheavydead has 120 seconds left.\n|\n|t:|1596904670\n|move|p2a: Urshifu|Drain Punch|p1a: Clefable\n|-resisted|p1a: Clefable\n|-damage|p1a: Clefable|0 fnt\n|-heal|p2a: Urshifu|93\/100 tox|[from] drain|[of] p1a: Clefable\n|faint|p1a: Clefable\n|\n|-damage|p2a: Urshifu|74\/100 tox|[from] psn\n|upkeep\n|\n|t:|1596904684\n|switch|p1a: Zeraora|Zeraora|100\/100\n|turn|30\n|inactive|isheavydead has 120 seconds left.\n|\n|t:|1596904718\n|switch|p2a: Volcarona|Volcarona, F|100\/100\n|move|p1a: Zeraora|Close Combat|p2a: Volcarona\n|-resisted|p2a: Volcarona\n|-damage|p2a: Volcarona|89\/100\n|-unboost|p1a: Zeraora|def|1\n|-unboost|p1a: Zeraora|spd|1\n|-status|p1a: Zeraora|brn|[from] ability: Flame Body|[of] p2a: Volcarona\n|\n|-damage|p1a: Zeraora|95\/100 brn|[from] brn\n|-sideend|p2: isheavydead|move: Aurora Veil\n|upkeep\n|turn|31\n|\n|t:|1596904728\n|switch|p2a: Urshifu|Urshifu, F|74\/100 tox\n|move|p1a: Zeraora|Volt Switch|p2a: Urshifu\n|-damage|p2a: Urshifu|42\/100 tox\n|\n|t:|1596904735\n|switch|p1a: Ditto|Ditto|76\/100|[from]move: Volt Switch\n|-damage|p1a: Ditto|63\/100|[from] Stealth Rock\n|-transform|p1a: Ditto|p2a: Urshifu|[from] ability: Imposter\n|\n|-damage|p2a: Urshifu|36\/100 tox|[from] psn\n|upkeep\n|turn|32\n|inactive|isheavydead has 120 seconds left.\n|\n|t:|1596904742\n|switch|p2a: Volcarona|Volcarona, F|89\/100\n|move|p1a: Ditto|Drain Punch|p2a: Volcarona\n|-resisted|p2a: Volcarona\n|-damage|p2a: Volcarona|65\/100\n|-heal|p1a: Ditto|76\/100|[from] drain|[of] p2a: Volcarona\n|\n|upkeep\n|turn|33\n|\n|t:|1596904748\n|switch|p1a: Zeraora|Zeraora|95\/100 brn\n|move|p2a: Volcarona|Fiery Dance|p1a: Zeraora\n|-damage|p1a: Zeraora|48\/100 brn\n|-boost|p2a: Volcarona|spa|1\n|\n|-damage|p1a: Zeraora|42\/100 brn|[from] brn\n|upkeep\n|turn|34\n|\n|t:|1596904761\n|move|p1a: Zeraora|Plasma Fists|p2a: Volcarona\n|-damage|p2a: Volcarona|35\/100\n|-fieldactivate|move: Ion Deluge\n|move|p2a: Volcarona|Quiver Dance|p2a: Volcarona\n|-boost|p2a: Volcarona|spa|1\n|-boost|p2a: Volcarona|spd|1\n|-boost|p2a: Volcarona|spe|1\n|\n|-damage|p1a: Zeraora|36\/100 brn|[from] brn\n|upkeep\n|turn|35\n|\n|t:|1596904768\n|move|p2a: Volcarona|Fiery Dance|p1a: Zeraora\n|-damage|p1a: Zeraora|0 fnt\n|faint|p1a: Zeraora\n|\n|upkeep\n|\n|t:|1596904771\n|switch|p1a: Ditto|Ditto|76\/100\n|-damage|p1a: Ditto|64\/100|[from] Stealth Rock\n|-transform|p1a: Ditto|p2a: Volcarona|[from] ability: Imposter\n|turn|36\n|\n|t:|1596904779\n|move|p1a: Ditto|Fiery Dance|p2a: Volcarona\n|-damage|p2a: Volcarona|0 fnt\n|faint|p2a: Volcarona\n|\n|upkeep\n|\n|t:|1596904781\n|switch|p2a: Urshifu|Urshifu, F|36\/100 tox\n|turn|37\n|\n|t:|1596904784\n|switch|p1a: Blissey|Blissey, F|56\/100\n|move|p2a: Urshifu|Sucker Punch||[still]\n|-fail|p2a: Urshifu\n|\n|-damage|p2a: Urshifu|30\/100 tox|[from] psn\n|upkeep\n|turn|38\n|\n|t:|1596904790\n|move|p2a: Urshifu|Drain Punch|p1a: Blissey\n|-supereffective|p1a: Blissey\n|-damage|p1a: Blissey|0 fnt\n|-heal|p2a: Urshifu|88\/100 tox|[from] drain|[of] p1a: Blissey\n|faint|p1a: Blissey\n|\n|-damage|p2a: Urshifu|76\/100 tox|[from] psn\n|upkeep\n|\n|t:|1596904796\n|switch|p1a: Ditto|Ditto|64\/100\n|-damage|p1a: Ditto|51\/100|[from] Stealth Rock\n|-transform|p1a: Ditto|p2a: Urshifu|[from] ability: Imposter\n|turn|39\n|\n|t:|1596904801\n|move|p1a: Ditto|Drain Punch|p2a: Urshifu\n|-supereffective|p2a: Urshifu\n|-damage|p2a: Urshifu|1\/100 tox\n|-heal|p1a: Ditto|94\/100|[from] drain|[of] p2a: Urshifu\n|move|p2a: Urshifu|Drain Punch|p1a: Ditto\n|-supereffective|p1a: Ditto\n|-damage|p1a: Ditto|9\/100\n|-heal|p2a: Urshifu|38\/100 tox|[from] drain|[of] p1a: Ditto\n|\n|-damage|p2a: Urshifu|20\/100 tox|[from] psn\n|upkeep\n|turn|40\n|\n|t:|1596904807\n|move|p2a: Urshifu|Sucker Punch|p1a: Ditto\n|-resisted|p1a: Ditto\n|-damage|p1a: Ditto|0 fnt\n|faint|p1a: Ditto\n|\n|win|isheavydead\n|c|\u2606isheavydead|gg\n|c|\u2606LT71LX Abd1710|So close\n|c|\u2606LT71LX Abd1710|Gg\n|c|\u2606isheavydead|ikr\n|l|\u2606LT71LX Abd1710\n|c|\u2606isheavydead|gg\n|j| sdgdgsadgs\n|j| Chemical_Jackfruit\n|j| eleeeeesa\n|j| Chati.s\n|j| luchaboom\n|l| Chati.s\n|l| eleeeeesa\n||Ladder (probably) updated, but score could not be retrieved (Request timeout).\n","uploadtime":1596904827,"views":89,"p1id":"lt71lxabd1710","p2id":"isheavydead","formatid":"gen8ou","rating":0,"private":0,"password":null}