{"id":"gen8ou-1690957670","p1":"zhuzai777","p2":"gotsnsd","format":"gen8ou","log":"|html|<div class=\"broadcast-blue\"><strong>[Gen 8] OU is currently suspecting Melmetal! For information on how to participate check out the <a href=\"https:\/\/www.smogon.com\/forums\/threads\/np-ss-ou-suspect-process-round-12-monster-mash.3709234\/\">suspect thread<\/a>.<\/strong><\/div>\n|j|\u2606zhuzai777\n|j|\u2606gotsnsd\n|t:|1666321778\n|gametype|singles\n|player|p1|zhuzai777|101|1437\n|player|p2|gotsnsd|beauty-gen2jp|1459\n|teamsize|p1|6\n|teamsize|p2|6\n|gen|8\n|tier|[Gen 8] OU\n|rated|\n|rule|Sleep Clause Mod: Limit one foe put to sleep\n|rule|Species Clause: Limit one of each Pok\u00e9mon\n|rule|OHKO Clause: OHKO moves are banned\n|rule|Evasion Items Clause: Evasion items are banned\n|rule|Evasion Moves Clause: Evasion moves are banned\n|rule|Endless Battle Clause: Forcing endless battles is banned\n|rule|HP Percentage Mod: HP is shown in percentages\n|rule|Dynamax Clause: You cannot dynamax\n|clearpoke\n|poke|p1|Melmetal|\n|poke|p1|Regieleki|\n|poke|p1|Landorus-Therian, M|\n|poke|p1|Zapdos-Galar|\n|poke|p1|Corviknight, M|\n|poke|p1|Dragapult, M|\n|poke|p2|Tornadus-Therian, M|\n|poke|p2|Tapu Lele|\n|poke|p2|Urshifu-*, M|\n|poke|p2|Zeraora|\n|poke|p2|Landorus-Therian, M|\n|poke|p2|Ferrothorn, M|\n|teampreview\n|\n|t:|1666321791\n|start\n|switch|p1a: Regieleki|Regieleki|100\/100\n|switch|p2a: Zeraora|Zeraora|100\/100\n|turn|1\n|\n|t:|1666321801\n|switch|p1a: Corviknight|Corviknight, M|100\/100\n|-ability|p1a: Corviknight|Pressure\n|move|p2a: Zeraora|Knock Off|p1a: Corviknight\n|-damage|p1a: Corviknight|84\/100\n|-damage|p2a: Zeraora|84\/100|[from] item: Rocky Helmet|[of] p1a: Corviknight\n|-enditem|p1a: Corviknight|Rocky Helmet|[from] move: Knock Off|[of] p2a: Zeraora\n|\n|upkeep\n|turn|2\n|\n|t:|1666321810\n|switch|p2a: Ferrothorn|Ferrothorn, M|100\/100\n|switch|p1a: Landorus|Landorus-Therian, M|100\/100\n|-ability|p1a: Landorus|Intimidate|boost\n|-unboost|p2a: Ferrothorn|atk|1\n|\n|upkeep\n|turn|3\n|\n|t:|1666321819\n|move|p1a: Landorus|Stealth Rock|p2a: Ferrothorn\n|-sidestart|p2: gotsnsd|move: Stealth Rock\n|move|p2a: Ferrothorn|Stealth Rock|p1a: Landorus\n|-sidestart|p1: zhuzai777|move: Stealth Rock\n|\n|upkeep\n|turn|4\n|\n|t:|1666321825\n|move|p1a: Landorus|Earthquake|p2a: Ferrothorn\n|-damage|p2a: Ferrothorn|71\/100\n|move|p2a: Ferrothorn|Leech Seed|p1a: Landorus\n|-start|p1a: Landorus|move: Leech Seed\n|\n|-damage|p1a: Landorus|88\/100|[from] Leech Seed|[of] p2a: Ferrothorn\n|-heal|p2a: Ferrothorn|84\/100|[silent]\n|upkeep\n|turn|5\n|\n|t:|1666321833\n|switch|p1a: Zapdos|Zapdos-Galar|100\/100\n|-damage|p1a: Zapdos|88\/100|[from] Stealth Rock\n|switch|p2a: Landorus|Landorus-Therian, M|100\/100\n|-damage|p2a: Landorus|88\/100|[from] Stealth Rock\n|-ability|p2a: Landorus|Intimidate|boost\n|-unboost|p1a: Zapdos|atk|1\n|-ability|p1a: Zapdos|Defiant|boost\n|-boost|p1a: Zapdos|atk|2\n|\n|-heal|p2a: Landorus|94\/100|[from] item: Leftovers\n|upkeep\n|turn|6\n|j| daningqwq\n|\n|t:|1666321846\n|move|p1a: Zapdos|Brave Bird|p2a: Landorus\n|-damage|p2a: Landorus|0 fnt\n|faint|p2a: Landorus\n|-damage|p1a: Zapdos|51\/100|[from] Recoil\n|\n|upkeep\n|inactive|Battle timer is ON: inactive players will automatically lose when time's up. (requested by gotsnsd)\n|\n|t:|1666321857\n|switch|p2a: Zeraora|Zeraora|84\/100\n|turn|7\n|\n|t:|1666321862\n|switch|p1a: Landorus|Landorus-Therian, M|88\/100\n|-damage|p1a: Landorus|76\/100|[from] Stealth Rock\n|-ability|p1a: Landorus|Intimidate|boost\n|-unboost|p2a: Zeraora|atk|1\n|move|p2a: Zeraora|Knock Off|p1a: Landorus\n|-damage|p1a: Landorus|54\/100\n|-enditem|p1a: Landorus|Leftovers|[from] move: Knock Off|[of] p2a: Zeraora\n|\n|upkeep\n|turn|8\n|\n|t:|1666321874\n|switch|p2a: Ferrothorn|Ferrothorn, M|84\/100\n|-damage|p2a: Ferrothorn|78\/100|[from] Stealth Rock\n|switch|p1a: Zapdos|Zapdos-Galar|51\/100\n|-damage|p1a: Zapdos|39\/100|[from] Stealth Rock\n|\n|upkeep\n|turn|9\n|\n|t:|1666321886\n|move|p1a: Zapdos|Brave Bird|p2a: Ferrothorn\n|-damage|p2a: Ferrothorn|19\/100\n|-damage|p1a: Zapdos|26\/100|[from] ability: Iron Barbs|[of] p2a: Ferrothorn\n|-damage|p1a: Zapdos|10\/100|[from] item: Rocky Helmet|[of] p2a: Ferrothorn\n|-damage|p1a: Zapdos|0 fnt|[from] Recoil\n|faint|p1a: Zapdos\n|move|p2a: Ferrothorn|Body Press|p1: Zapdos|[notarget]\n|-fail|p2a: Ferrothorn\n|\n|upkeep\n|inactive|zhuzai777 has 120 seconds left.\n|\n|t:|1666321915\n|switch|p1a: Dragapult|Dragapult, M|100\/100\n|-damage|p1a: Dragapult|88\/100|[from] Stealth Rock\n|turn|10\n|\n|t:|1666321920\n|switch|p2a: Tornadus|Tornadus-Therian, M|100\/100\n|move|p1a: Dragapult|Dragon Darts|p2a: Tornadus\n|-damage|p2a: Tornadus|56\/100\n|-anim|p1a: Dragapult|Dragon Darts|p2a: Tornadus\n|-damage|p2a: Tornadus|14\/100\n|\n|upkeep\n|turn|11\n|\n|t:|1666321929\n|switch|p1a: Melmetal|Melmetal|100\/100\n|-damage|p1a: Melmetal|94\/100|[from] Stealth Rock\n|switch|p2a: Tapu Lele|Tapu Lele|100\/100\n|-damage|p2a: Tapu Lele|88\/100|[from] Stealth Rock\n|-fieldstart|move: Psychic Terrain|[from] ability: Psychic Surge|[of] p2a: Tapu Lele\n|\n|upkeep\n|turn|12\n|\n|t:|1666321941\n|move|p2a: Tapu Lele|Focus Blast|p1a: Melmetal\n|-supereffective|p1a: Melmetal\n|-damage|p1a: Melmetal|0 fnt\n|faint|p1a: Melmetal\n|\n|upkeep\n|inactive|zhuzai777 has 120 seconds left.\n|\n|t:|1666321958\n|switch|p1a: Landorus|Landorus-Therian, M|54\/100\n|-damage|p1a: Landorus|42\/100|[from] Stealth Rock\n|-ability|p1a: Landorus|Intimidate|boost\n|-unboost|p2a: Tapu Lele|atk|1\n|turn|13\n|\n|t:|1666321967\n|switch|p2a: Ferrothorn|Ferrothorn, M|19\/100\n|-damage|p2a: Ferrothorn|13\/100|[from] Stealth Rock\n|move|p1a: Landorus|U-turn|p2a: Ferrothorn\n|-damage|p2a: Ferrothorn|0 fnt\n|-damage|p1a: Landorus|30\/100|[from] ability: Iron Barbs|[of] p2a: Ferrothorn\n|-damage|p1a: Landorus|13\/100|[from] item: Rocky Helmet|[of] p2a: Ferrothorn\n|faint|p2a: Ferrothorn\n|inactive|zhuzai777 has 120 seconds left.\n|\n|t:|1666321986\n|switch|p1a: Regieleki|Regieleki|100\/100|[from]move: U-turn\n|-damage|p1a: Regieleki|88\/100|[from] Stealth Rock\n|\n|upkeep\n|\n|t:|1666322004\n|switch|p2a: Zeraora|Zeraora|84\/100\n|turn|14\n|\n|t:|1666322009\n|switch|p1a: Landorus|Landorus-Therian, M|13\/100\n|-damage|p1a: Landorus|1\/100|[from] Stealth Rock\n|-ability|p1a: Landorus|Intimidate|boost\n|-unboost|p2a: Zeraora|atk|1\n|move|p2a: Zeraora|Bulk Up|p2a: Zeraora\n|-boost|p2a: Zeraora|atk|1\n|-boost|p2a: Zeraora|def|1\n|\n|upkeep\n|turn|15\n|\n|t:|1666322018\n|move|p2a: Zeraora|Knock Off|p1a: Landorus\n|-damage|p1a: Landorus|0 fnt\n|faint|p1a: Landorus\n|\n|-fieldend|move: Psychic Terrain\n|upkeep\n|\n|t:|1666322024\n|switch|p1a: Corviknight|Corviknight, M|84\/100\n|-damage|p1a: Corviknight|71\/100|[from] Stealth Rock\n|-ability|p1a: Corviknight|Pressure\n|turn|16\n|inactive|gotsnsd has 120 seconds left.\n|\n|t:|1666322062\n|move|p2a: Zeraora|Plasma Fists|p1a: Corviknight\n|-supereffective|p1a: Corviknight\n|-damage|p1a: Corviknight|17\/100\n|-fieldactivate|move: Ion Deluge\n|-hint|Normal-type moves become Electric-type after using Plasma Fists.\n|move|p1a: Corviknight|U-turn|p2a: Zeraora\n|-damage|p2a: Zeraora|71\/100\n|\n|t:|1666322069\n|switch|p1a: Dragapult|Dragapult, M|88\/100|[from]move: U-turn\n|-damage|p1a: Dragapult|76\/100|[from] Stealth Rock\n|\n|upkeep\n|turn|17\n|\n|t:|1666322075\n|move|p1a: Dragapult|Sucker Punch|p2a: Zeraora\n|-crit|p2a: Zeraora\n|-damage|p2a: Zeraora|3\/100\n|move|p2a: Zeraora|Knock Off|p1a: Dragapult\n|-supereffective|p1a: Dragapult\n|-damage|p1a: Dragapult|0 fnt\n|-enditem|p1a: Dragapult|Choice Band|[from] move: Knock Off|[of] p2a: Zeraora\n|faint|p1a: Dragapult\n|\n|upkeep\n|\n|t:|1666322085\n|switch|p1a: Regieleki|Regieleki|88\/100\n|-damage|p1a: Regieleki|76\/100|[from] Stealth Rock\n|turn|18\n|\n|t:|1666322091\n|move|p1a: Regieleki|Ancient Power|p2a: Zeraora\n|-damage|p2a: Zeraora|0 fnt\n|faint|p2a: Zeraora\n|\n|upkeep\n|\n|t:|1666322106\n|switch|p2a: Urshifu|Urshifu-Rapid-Strike, M|100\/100\n|-damage|p2a: Urshifu|94\/100|[from] Stealth Rock\n|turn|19\n|\n|t:|1666322112\n|switch|p1a: Corviknight|Corviknight, M|17\/100\n|-damage|p1a: Corviknight|5\/100|[from] Stealth Rock\n|-ability|p1a: Corviknight|Pressure\n|move|p2a: Urshifu|Surging Strikes|p1a: Corviknight\n|-crit|p1a: Corviknight\n|-damage|p1a: Corviknight|0 fnt\n|faint|p1a: Corviknight\n|-hitcount|p1: Corviknight|1\n|\n|upkeep\n|\n|t:|1666322122\n|switch|p1a: Regieleki|Regieleki|76\/100\n|-damage|p1a: Regieleki|64\/100|[from] Stealth Rock\n|turn|20\n|\n|t:|1666322127\n|move|p1a: Regieleki|Thunderbolt|p2a: Urshifu\n|-supereffective|p2a: Urshifu\n|-damage|p2a: Urshifu|0 fnt\n|faint|p2a: Urshifu\n|\n|upkeep\n|\n|t:|1666322130\n|switch|p2a: Tapu Lele|Tapu Lele|88\/100\n|-damage|p2a: Tapu Lele|76\/100|[from] Stealth Rock\n|-fieldstart|move: Psychic Terrain|[from] ability: Psychic Surge|[of] p2a: Tapu Lele\n|turn|21\n|\n|t:|1666322137\n|move|p1a: Regieleki|Thunderbolt|p2a: Tapu Lele\n|-damage|p2a: Tapu Lele|0 fnt\n|faint|p2a: Tapu Lele\n|\n|upkeep\n|-message|gotsnsd forfeited.\n|\n|win|zhuzai777\n|raw|zhuzai777's rating: 1437 &rarr; <strong>1458<\/strong><br \/>(+21 for winning)\n|raw|gotsnsd's rating: 1459 &rarr; <strong>1438<\/strong><br \/>(-21 for losing)\n|l|\u2606gotsnsd\n|j|\u2606gotsnsd\n|player|p2|gotsnsd|beauty-gen2jp\n||Ladder isn't responding, score probably updated but might not have (Request timeout).\n|l|\u2606gotsnsd\n|player|p2|\n","uploadtime":1666322187,"views":8,"p1id":"zhuzai777","p2id":"gotsnsd","formatid":"gen8ou","rating":1438,"private":0,"password":null}