{"id":"gen8ou-1577277762","p1":"Hubbabalooz","p2":"TestingTesting1","format":"gen8ou","log":"|j|\u2606Hubbabalooz\n|j|\u2606TestingTesting1\n|t:|1652848857\n|gametype|singles\n|player|p1|Hubbabalooz|102|1625\n|player|p2|TestingTesting1|1|1582\n|teamsize|p1|6\n|teamsize|p2|6\n|gen|8\n|tier|[Gen 8] OU\n|rated|\n|rule|Sleep Clause Mod: Limit one foe put to sleep\n|rule|Species Clause: Limit one of each Pok\u00e9mon\n|rule|OHKO Clause: OHKO moves are banned\n|rule|Evasion Moves Clause: Evasion moves are banned\n|rule|Endless Battle Clause: Forcing endless battles is banned\n|rule|HP Percentage Mod: HP is shown in percentages\n|rule|Dynamax Clause: You cannot dynamax\n|clearpoke\n|poke|p1|Hawlucha, M|\n|poke|p1|Espeon, F|\n|poke|p1|Volcarona, F|\n|poke|p1|Slurpuff, F|\n|poke|p1|Tapu Lele|\n|poke|p1|Polteageist-Antique|\n|poke|p2|Slowbro, F|\n|poke|p2|Diggersby, M|\n|poke|p2|Tapu Koko|\n|poke|p2|Heatran, M|\n|poke|p2|Corviknight, F|\n|poke|p2|Exeggutor-Alola, M|\n|teampreview\n|inactive|Battle timer is ON: inactive players will automatically lose when time's up. (requested by Hubbabalooz)\n|\n|t:|1652848871\n|start\n|switch|p1a: Tapu Lele|Tapu Lele|100\/100\n|switch|p2a: Tapu Koko|Tapu Koko|100\/100\n|-fieldstart|move: Electric Terrain|[from] ability: Electric Surge|[of] p2a: Tapu Koko\n|-fieldstart|move: Psychic Terrain|[from] ability: Psychic Surge|[of] p1a: Tapu Lele\n|turn|1\n|\n|t:|1652848878\n|switch|p1a: Slurpuff|Slurpuff, F|100\/100\n|-enditem|p1a: Slurpuff|Psychic Seed\n|-boost|p1a: Slurpuff|spd|1|[from] item: Psychic Seed\n|move|p2a: Tapu Koko|U-turn|p1a: Slurpuff\n|-resisted|p1a: Slurpuff\n|-damage|p1a: Slurpuff|94\/100\n|\n|t:|1652848886\n|switch|p2a: Heatran|Heatran, M|100\/100|[from]move: U-turn\n|-item|p2a: Heatran|Air Balloon\n|\n|upkeep\n|turn|2\n|\n|t:|1652848892\n|switch|p1a: Espeon|Espeon, F|100\/100\n|move|p2a: Heatran|Eruption|p1a: Espeon\n|-damage|p1a: Espeon|0 fnt\n|faint|p1a: Espeon\n|\n|upkeep\n|\n|t:|1652848904\n|switch|p1a: Hawlucha|Hawlucha, M|100\/100\n|-enditem|p1a: Hawlucha|Psychic Seed\n|-boost|p1a: Hawlucha|spd|1|[from] item: Psychic Seed\n|turn|3\n|\n|t:|1652848908\n|switch|p2a: Tapu Koko|Tapu Koko|100\/100\n|-fieldstart|move: Electric Terrain|[from] ability: Electric Surge|[of] p2a: Tapu Koko\n|move|p1a: Hawlucha|Substitute|p1a: Hawlucha\n|-start|p1a: Hawlucha|Substitute\n|-damage|p1a: Hawlucha|76\/100\n|\n|upkeep\n|turn|4\n|\n|t:|1652848915\n|move|p1a: Hawlucha|Swords Dance|p1a: Hawlucha\n|-boost|p1a: Hawlucha|atk|2\n|move|p2a: Tapu Koko|Thunderbolt|p1a: Hawlucha\n|-supereffective|p1a: Hawlucha\n|-end|p1a: Hawlucha|Substitute\n|\n|upkeep\n|turn|5\n|\n|t:|1652848922\n|move|p1a: Hawlucha|Close Combat|p2a: Tapu Koko\n|-resisted|p2a: Tapu Koko\n|-crit|p2a: Tapu Koko\n|-damage|p2a: Tapu Koko|0 fnt\n|-unboost|p1a: Hawlucha|def|1\n|-unboost|p1a: Hawlucha|spd|1\n|faint|p2a: Tapu Koko\n|\n|upkeep\n|\n|t:|1652848929\n|switch|p2a: Corviknight|Corviknight, F|100\/100\n|-ability|p2a: Corviknight|Pressure\n|turn|6\n|\n|t:|1652848933\n|move|p1a: Hawlucha|Substitute|p1a: Hawlucha\n|-start|p1a: Hawlucha|Substitute\n|-damage|p1a: Hawlucha|51\/100\n|move|p2a: Corviknight|Brave Bird|p1a: Hawlucha\n|-supereffective|p1a: Hawlucha\n|-end|p1a: Hawlucha|Substitute\n|-damage|p2a: Corviknight|94\/100|[from] Recoil|[of] p1a: Hawlucha\n|\n|-heal|p2a: Corviknight|99\/100|[from] item: Leftovers\n|upkeep\n|turn|7\n|\n|t:|1652848942\n|move|p1a: Hawlucha|Close Combat|p2a: Corviknight\n|-damage|p2a: Corviknight|23\/100\n|-unboost|p1a: Hawlucha|def|1\n|-unboost|p1a: Hawlucha|spd|1\n|move|p2a: Corviknight|Brave Bird|p1a: Hawlucha\n|-supereffective|p1a: Hawlucha\n|-damage|p1a: Hawlucha|0 fnt\n|faint|p1a: Hawlucha\n|-damage|p2a: Corviknight|9\/100|[from] Recoil\n|\n|-heal|p2a: Corviknight|16\/100|[from] item: Leftovers\n|-fieldend|move: Electric Terrain\n|upkeep\n|\n|t:|1652848944\n|switch|p1a: Tapu Lele|Tapu Lele|100\/100\n|-fieldstart|move: Psychic Terrain|[from] ability: Psychic Surge|[of] p1a: Tapu Lele\n|turn|8\n|\n|t:|1652848957\n|move|p1a: Tapu Lele|Focus Blast|p2a: Corviknight\n|-damage|p2a: Corviknight|0 fnt\n|faint|p2a: Corviknight\n|\n|upkeep\n|j| Aphro mari\n|\n|t:|1652848970\n|switch|p2a: Slowbro|Slowbro, F|100\/100\n|turn|9\n|\n|t:|1652848975\n|switch|p1a: Slurpuff|Slurpuff, F|94\/100\n|move|p2a: Slowbro|Scald|p1a: Slurpuff\n|-damage|p1a: Slurpuff|59\/100\n|-status|p1a: Slurpuff|brn\n|\n|-damage|p1a: Slurpuff|53\/100 brn|[from] brn\n|upkeep\n|turn|10\n|\n|t:|1652848987\n|move|p1a: Slurpuff|Sticky Web|p2a: Slowbro\n|-sidestart|p2: TestingTesting1|move: Sticky Web\n|move|p2a: Slowbro|Scald|p1a: Slurpuff\n|-damage|p1a: Slurpuff|22\/100 brn\n|\n|-damage|p1a: Slurpuff|16\/100 brn|[from] brn\n|upkeep\n|turn|11\n|\n|t:|1652848998\n|move|p1a: Slurpuff|Endeavor|p2a: Slowbro\n|-damage|p2a: Slowbro|15\/100\n|move|p2a: Slowbro|Scald|p1a: Slurpuff\n|-damage|p1a: Slurpuff|0 fnt\n|faint|p1a: Slurpuff\n|\n|upkeep\n|\n|t:|1652849011\n|switch|p1a: Polteageist|Polteageist-Antique|100\/100\n|turn|12\n|\n|t:|1652849017\n|move|p1a: Polteageist|Shell Smash|p1a: Polteageist\n|-unboost|p1a: Polteageist|def|1\n|-unboost|p1a: Polteageist|spd|1\n|-boost|p1a: Polteageist|atk|2\n|-boost|p1a: Polteageist|spa|2\n|-boost|p1a: Polteageist|spe|2\n|move|p2a: Slowbro|Scald|p1a: Polteageist\n|-damage|p1a: Polteageist|56\/100\n|-status|p1a: Polteageist|brn\n|\n|-damage|p1a: Polteageist|50\/100 brn|[from] brn\n|upkeep\n|turn|13\n|\n|t:|1652849028\n|move|p1a: Polteageist|Giga Drain|p2a: Slowbro\n|-supereffective|p2a: Slowbro\n|-damage|p2a: Slowbro|0 fnt\n|-heal|p1a: Polteageist|60\/100 brn|[from] drain|[of] p2a: Slowbro\n|faint|p2a: Slowbro\n|\n|-damage|p1a: Polteageist|54\/100 brn|[from] brn\n|upkeep\n|\n|t:|1652849035\n|switch|p2a: Heatran|Heatran, M|100\/100\n|-item|p2a: Heatran|Air Balloon\n|turn|14\n|\n|t:|1652849041\n|move|p1a: Polteageist|Shadow Ball|p2a: Heatran\n|-damage|p2a: Heatran|9\/100\n|-enditem|p2a: Heatran|Air Balloon\n|move|p2a: Heatran|Earth Power|p1a: Polteageist\n|-damage|p1a: Polteageist|0 fnt\n|faint|p1a: Polteageist\n|\n|upkeep\n|\n|t:|1652849045\n|switch|p1a: Volcarona|Volcarona, F|100\/100\n|turn|15\n|\n|t:|1652849054\n|move|p1a: Volcarona|Psychic|p2a: Heatran\n|-resisted|p2a: Heatran\n|-damage|p2a: Heatran|0 fnt\n|faint|p2a: Heatran\n|-damage|p1a: Volcarona|91\/100|[from] item: Life Orb\n|\n|-fieldend|move: Psychic Terrain\n|upkeep\n|\n|t:|1652849068\n|switch|p2a: Diggersby|Diggersby, M|100\/100\n|-activate|p2a: Diggersby|move: Sticky Web\n|-unboost|p2a: Diggersby|spe|1\n|turn|16\n|\n|t:|1652849075\n|move|p1a: Volcarona|Flamethrower|p2a: Diggersby\n|-damage|p2a: Diggersby|9\/100\n|-damage|p1a: Volcarona|81\/100|[from] item: Life Orb\n|move|p2a: Diggersby|Earthquake|p1a: Volcarona\n|-damage|p1a: Volcarona|0 fnt\n|faint|p1a: Volcarona\n|\n|upkeep\n|\n|t:|1652849078\n|switch|p1a: Tapu Lele|Tapu Lele|100\/100\n|-fieldstart|move: Psychic Terrain|[from] ability: Psychic Surge|[of] p1a: Tapu Lele\n|turn|17\n|\n|t:|1652849085\n|move|p1a: Tapu Lele|Moonblast|p2a: Diggersby\n|-damage|p2a: Diggersby|0 fnt\n|faint|p2a: Diggersby\n|\n|upkeep\n|\n|t:|1652849089\n|switch|p2a: Exeggutor|Exeggutor-Alola, M|100\/100\n|-activate|p2a: Exeggutor|move: Sticky Web\n|-unboost|p2a: Exeggutor|spe|1\n|turn|18\n|\n|t:|1652849093\n|move|p2a: Exeggutor|Endure|p2a: Exeggutor\n|-singleturn|p2a: Exeggutor|move: Endure\n|move|p1a: Tapu Lele|Moonblast|p2a: Exeggutor\n|-supereffective|p2a: Exeggutor\n|-activate|p2a: Exeggutor|move: Endure\n|-damage|p2a: Exeggutor|1\/100\n|\n|upkeep\n|turn|19\n|c|\u2606TestingTesting1|crit leaf storm\n|-enditem|p2a: Exeggutor|Custap Berry|[eat]\n|-activate|p2a: Exeggutor|item: Custap Berry|[consumed]\n|\n|t:|1652849108\n|move|p2a: Exeggutor|Leaf Storm|p1a: Tapu Lele\n|-crit|p1a: Tapu Lele\n|-damage|p1a: Tapu Lele|0 fnt\n|-unboost|p2a: Exeggutor|spa|2\n|faint|p1a: Tapu Lele\n|\n|win|TestingTesting1\n|raw|Hubbabalooz's rating: 1625 &rarr; <strong>1603<\/strong><br \/>(-22 for losing)\n|raw|TestingTesting1's rating: 1582 &rarr; <strong>1604<\/strong><br \/>(+22 for winning)\n|c|\u2606TestingTesting1|omg im sorry\n|l|\u2606Hubbabalooz\n","uploadtime":1652849121,"views":8,"p1id":"hubbabalooz","p2id":"testingtesting1","formatid":"gen8ou","rating":1603,"private":0,"password":null}