{"id":"gen8ou-1646026121","p1":"mekki the poison","p2":"LT94JE A","format":"gen8ou","log":"|raw|<div class=\"broadcast-blue\"><strong>This battle is required to be public due to a player having a name starting with 'lt94je'.<\/div>\n|j|\u2606mekki the poison\n|j|\u2606LT94JE A\n|t:|1661228178\n|gametype|singles\n|player|p1|mekki the poison|#airfare|1614\n|player|p2|LT94JE A|psychic-gen6|1626\n|teamsize|p1|6\n|teamsize|p2|6\n|gen|8\n|tier|[Gen 8] OU\n|rated|\n|rule|Sleep Clause Mod: Limit one foe put to sleep\n|rule|Species Clause: Limit one of each Pok\u00e9mon\n|rule|OHKO Clause: OHKO moves are banned\n|rule|Evasion Items Clause: Evasion items are banned\n|rule|Evasion Moves Clause: Evasion moves are banned\n|rule|Endless Battle Clause: Forcing endless battles is banned\n|rule|HP Percentage Mod: HP is shown in percentages\n|rule|Dynamax Clause: You cannot dynamax\n|clearpoke\n|poke|p1|Blissey, F|\n|poke|p1|Pyukumuku, L94, F|\n|poke|p1|Corviknight, F|\n|poke|p1|Toxapex, M|\n|poke|p1|Clefable, F|\n|poke|p1|Gastrodon, F|\n|poke|p2|Urshifu-*, M|\n|poke|p2|Tyranitar, M|\n|poke|p2|Excadrill, M|\n|poke|p2|Zapdos|\n|poke|p2|Ferrothorn, M|\n|poke|p2|Tapu Lele|\n|teampreview\n|c|\u2606LT94JE A|airfare?\n|inactive|Battle timer is ON: inactive players will automatically lose when time's up. (requested by LT94JE A)\n|\n|t:|1661228231\n|start\n|switch|p1a: Toxapex|Toxapex, M|100\/100\n|switch|p2a: Ferrothorn|Ferrothorn, M, shiny|100\/100\n|turn|1\n|\n|t:|1661228238\n|switch|p2a: Tapu Lele|Tapu Lele, shiny|100\/100\n|-fieldstart|move: Psychic Terrain|[from] ability: Psychic Surge|[of] p2a: Tapu Lele\n|move|p1a: Toxapex|Knock Off|p2a: Tapu Lele\n|-damage|p2a: Tapu Lele|79\/100\n|-enditem|p2a: Tapu Lele|Choice Scarf|[from] move: Knock Off|[of] p1a: Toxapex\n|\n|upkeep\n|turn|2\n|\n|t:|1661228246\n|switch|p1a: Blissey|Blissey, F|100\/100\n|move|p2a: Tapu Lele|Future Sight|p1a: Blissey\n|-start|p2a: Tapu Lele|move: Future Sight\n|\n|upkeep\n|turn|3\n|\n|t:|1661228254\n|switch|p2a: Urshifu|Urshifu-Rapid-Strike, M|100\/100\n|move|p1a: Blissey|Toxic|p2a: Urshifu\n|-status|p2a: Urshifu|tox\n|\n|-damage|p2a: Urshifu|94\/100 tox|[from] psn\n|upkeep\n|turn|4\n|\n|t:|1661228261\n|switch|p1a: Clefable|Clefable, F|100\/100\n|move|p2a: Urshifu|Close Combat|p1a: Clefable\n|-resisted|p1a: Clefable\n|-damage|p1a: Clefable|78\/100\n|-unboost|p2a: Urshifu|def|1\n|-unboost|p2a: Urshifu|spd|1\n|\n|-end|p1a: Clefable|move: Future Sight\n|-damage|p1a: Clefable|0 fnt\n|faint|p1a: Clefable\n|-damage|p2a: Urshifu|82\/100 tox|[from] psn\n|upkeep\n|\n|t:|1661228267\n|switch|p1a: Blissey|Blissey, F|100\/100\n|turn|5\n|\n|t:|1661228272\n|switch|p1a: Toxapex|Toxapex, M|100\/100\n|move|p2a: Urshifu|U-turn|p1a: Toxapex\n|-resisted|p1a: Toxapex\n|-damage|p1a: Toxapex|93\/100\n|\n|t:|1661228277\n|switch|p2a: Excadrill|Excadrill, M, shiny|100\/100|[from]move: U-turn\n|\n|-fieldend|move: Psychic Terrain\n|upkeep\n|turn|6\n|\n|t:|1661228281\n|switch|p1a: Corviknight|Corviknight, F|100\/100\n|-ability|p1a: Corviknight|Pressure\n|move|p2a: Excadrill|Earthquake|p1a: Corviknight\n|-immune|p1a: Corviknight\n|\n|upkeep\n|turn|7\n|\n|t:|1661228285\n|switch|p2a: Ferrothorn|Ferrothorn, M, shiny|100\/100\n|switch|p1a: Blissey|Blissey, F|100\/100\n|\n|upkeep\n|turn|8\n|\n|t:|1661228289\n|switch|p1a: Corviknight|Corviknight, F|100\/100\n|-ability|p1a: Corviknight|Pressure\n|move|p2a: Ferrothorn|Stealth Rock|p1a: Corviknight\n|-sidestart|p1: mekki the poison|move: Stealth Rock\n|\n|upkeep\n|turn|9\n|\n|t:|1661228292\n|move|p1a: Corviknight|Defog|p2a: Ferrothorn\n|-unboost|p2a: Ferrothorn|evasion|1\n|-sideend|p1: mekki the poison|Stealth Rock|[from] move: Defog|[of] p1a: Corviknight\n|move|p2a: Ferrothorn|Leech Seed|p1a: Corviknight\n|-start|p1a: Corviknight|move: Leech Seed\n|\n|-damage|p1a: Corviknight|88\/100|[from] Leech Seed|[of] p2a: Ferrothorn\n|upkeep\n|turn|10\n|\n|t:|1661228296\n|move|p1a: Corviknight|Iron Defense|p1a: Corviknight\n|-boost|p1a: Corviknight|def|2\n|move|p2a: Ferrothorn|Stealth Rock|p1a: Corviknight\n|-sidestart|p1: mekki the poison|move: Stealth Rock\n|\n|-heal|p1a: Corviknight|94\/100|[from] item: Leftovers\n|-damage|p1a: Corviknight|82\/100|[from] Leech Seed|[of] p2a: Ferrothorn\n|upkeep\n|turn|11\n|\n|t:|1661228298\n|move|p1a: Corviknight|Defog|p2a: Ferrothorn\n|-unboost|p2a: Ferrothorn|evasion|1\n|-sideend|p1: mekki the poison|Stealth Rock|[from] move: Defog|[of] p1a: Corviknight\n|move|p2a: Ferrothorn|Knock Off|p1a: Corviknight\n|-damage|p1a: Corviknight|76\/100\n|-enditem|p1a: Corviknight|Leftovers|[from] move: Knock Off|[of] p2a: Ferrothorn\n|\n|-damage|p1a: Corviknight|63\/100|[from] Leech Seed|[of] p2a: Ferrothorn\n|upkeep\n|turn|12\n|\n|t:|1661228301\n|move|p1a: Corviknight|Roost|p1a: Corviknight\n|-heal|p1a: Corviknight|100\/100\n|-singleturn|p1a: Corviknight|move: Roost\n|move|p2a: Ferrothorn|Stealth Rock|p1a: Corviknight\n|-sidestart|p1: mekki the poison|move: Stealth Rock\n|\n|-damage|p1a: Corviknight|88\/100|[from] Leech Seed|[of] p2a: Ferrothorn\n|upkeep\n|turn|13\n|\n|t:|1661228303\n|switch|p2a: Zapdos|Zapdos, shiny|100\/100\n|move|p1a: Corviknight|Defog|p2a: Zapdos\n|-unboost|p2a: Zapdos|evasion|1\n|-sideend|p1: mekki the poison|Stealth Rock|[from] move: Defog|[of] p1a: Corviknight\n|\n|-damage|p1a: Corviknight|75\/100|[from] Leech Seed|[of] p2a: Zapdos\n|upkeep\n|turn|14\n|\n|t:|1661228306\n|switch|p2a: Ferrothorn|Ferrothorn, M, shiny|100\/100\n|switch|p1a: Gastrodon|Gastrodon, F|100\/100\n|\n|upkeep\n|turn|15\n|\n|t:|1661228309\n|switch|p1a: Corviknight|Corviknight, F|75\/100\n|-ability|p1a: Corviknight|Pressure\n|move|p2a: Ferrothorn|Stealth Rock|p1a: Corviknight\n|-sidestart|p1: mekki the poison|move: Stealth Rock\n|\n|upkeep\n|turn|16\n|\n|t:|1661228311\n|move|p1a: Corviknight|Defog|p2a: Ferrothorn\n|-unboost|p2a: Ferrothorn|evasion|1\n|-sideend|p1: mekki the poison|Stealth Rock|[from] move: Defog|[of] p1a: Corviknight\n|move|p2a: Ferrothorn|Leech Seed|p1a: Corviknight\n|-start|p1a: Corviknight|move: Leech Seed\n|\n|-damage|p1a: Corviknight|63\/100|[from] Leech Seed|[of] p2a: Ferrothorn\n|upkeep\n|turn|17\n|\n|t:|1661228314\n|move|p1a: Corviknight|Roost|p1a: Corviknight\n|-heal|p1a: Corviknight|100\/100\n|-singleturn|p1a: Corviknight|move: Roost\n|move|p2a: Ferrothorn|Stealth Rock|p1a: Corviknight\n|-sidestart|p1: mekki the poison|move: Stealth Rock\n|\n|-damage|p1a: Corviknight|88\/100|[from] Leech Seed|[of] p2a: Ferrothorn\n|upkeep\n|turn|18\n|\n|t:|1661228319\n|move|p1a: Corviknight|Defog|p2a: Ferrothorn\n|-unboost|p2a: Ferrothorn|evasion|1\n|-sideend|p1: mekki the poison|Stealth Rock|[from] move: Defog|[of] p1a: Corviknight\n|move|p2a: Ferrothorn|Stealth Rock|p1a: Corviknight\n|-sidestart|p1: mekki the poison|move: Stealth Rock\n|\n|-damage|p1a: Corviknight|75\/100|[from] Leech Seed|[of] p2a: Ferrothorn\n|upkeep\n|turn|19\n|\n|t:|1661228324\n|move|p1a: Corviknight|Defog|p2a: Ferrothorn\n|-unboost|p2a: Ferrothorn|evasion|1\n|-sideend|p1: mekki the poison|Stealth Rock|[from] move: Defog|[of] p1a: Corviknight\n|move|p2a: Ferrothorn|Body Press|p1a: Corviknight\n|-damage|p1a: Corviknight|61\/100\n|\n|-damage|p1a: Corviknight|48\/100|[from] Leech Seed|[of] p2a: Ferrothorn\n|upkeep\n|turn|20\n|\n|t:|1661228327\n|switch|p2a: Tapu Lele|Tapu Lele, shiny|79\/100\n|-fieldstart|move: Psychic Terrain|[from] ability: Psychic Surge|[of] p2a: Tapu Lele\n|move|p1a: Corviknight|Roost|p1a: Corviknight\n|-heal|p1a: Corviknight|98\/100\n|-singleturn|p1a: Corviknight|move: Roost\n|\n|-damage|p1a: Corviknight|86\/100|[from] Leech Seed|[of] p2a: Tapu Lele\n|-heal|p2a: Tapu Lele|97\/100|[silent]\n|upkeep\n|turn|21\n|\n|t:|1661228345\n|switch|p1a: Toxapex|Toxapex, M|100\/100\n|move|p2a: Tapu Lele|Future Sight|p1a: Toxapex\n|-start|p2a: Tapu Lele|move: Future Sight\n|\n|upkeep\n|turn|22\n|\n|t:|1661228356\n|switch|p2a: Urshifu|Urshifu-Rapid-Strike, M|82\/100 tox\n|switch|p1a: Gastrodon|Gastrodon, F|100\/100\n|\n|-damage|p2a: Urshifu|76\/100 tox|[from] psn\n|upkeep\n|turn|23\n|\n|t:|1661228364\n|switch|p1a: Pyukumuku|Pyukumuku, L94, F|100\/100\n|move|p2a: Urshifu|Close Combat|p1a: Pyukumuku\n|-damage|p1a: Pyukumuku|25\/100\n|-unboost|p2a: Urshifu|def|1\n|-unboost|p2a: Urshifu|spd|1\n|\n|-end|p1a: Pyukumuku|move: Future Sight\n|-damage|p1a: Pyukumuku|0 fnt\n|faint|p1a: Pyukumuku\n|-damage|p2a: Urshifu|64\/100 tox|[from] psn\n|upkeep\n|inactive|mekki the poison has 120 seconds left.\n|\n|t:|1661228394\n|switch|p1a: Corviknight|Corviknight, F|86\/100\n|-ability|p1a: Corviknight|Pressure\n|turn|24\n|\n|t:|1661228397\n|move|p2a: Urshifu|U-turn|p1a: Corviknight\n|-resisted|p1a: Corviknight\n|-damage|p1a: Corviknight|83\/100\n|\n|t:|1661228399\n|switch|p2a: Ferrothorn|Ferrothorn, M, shiny|100\/100|[from]move: U-turn\n|move|p1a: Corviknight|Roost|p1a: Corviknight\n|-heal|p1a: Corviknight|100\/100\n|-singleturn|p1a: Corviknight|move: Roost\n|\n|-fieldend|move: Psychic Terrain\n|upkeep\n|turn|25\n|\n|t:|1661228404\n|move|p1a: Corviknight|Iron Defense|p1a: Corviknight\n|-boost|p1a: Corviknight|def|2\n|move|p2a: Ferrothorn|Leech Seed|p1a: Corviknight\n|-start|p1a: Corviknight|move: Leech Seed\n|\n|-damage|p1a: Corviknight|88\/100|[from] Leech Seed|[of] p2a: Ferrothorn\n|upkeep\n|turn|26\n|\n|t:|1661228407\n|move|p1a: Corviknight|Body Press|p2a: Ferrothorn\n|-supereffective|p2a: Ferrothorn\n|-damage|p2a: Ferrothorn|33\/100\n|-damage|p1a: Corviknight|75\/100|[from] ability: Iron Barbs|[of] p2a: Ferrothorn\n|move|p2a: Ferrothorn|Stealth Rock|p1a: Corviknight\n|-sidestart|p1: mekki the poison|move: Stealth Rock\n|\n|-heal|p2a: Ferrothorn|39\/100|[from] item: Leftovers\n|-damage|p1a: Corviknight|63\/100|[from] Leech Seed|[of] p2a: Ferrothorn\n|-heal|p2a: Ferrothorn|53\/100|[silent]\n|upkeep\n|turn|27\n|\n|t:|1661228413\n|switch|p2a: Zapdos|Zapdos, shiny|100\/100\n|move|p1a: Corviknight|Defog|p2a: Zapdos\n|-unboost|p2a: Zapdos|evasion|1\n|-sideend|p1: mekki the poison|Stealth Rock|[from] move: Defog|[of] p1a: Corviknight\n|\n|-damage|p1a: Corviknight|50\/100|[from] Leech Seed|[of] p2a: Zapdos\n|upkeep\n|turn|28\n|\n|t:|1661228417\n|switch|p1a: Gastrodon|Gastrodon, F|100\/100\n|move|p2a: Zapdos|Volt Switch|p1a: Gastrodon\n|-immune|p1a: Gastrodon\n|\n|upkeep\n|turn|29\n|\n|t:|1661228421\n|move|p2a: Zapdos|Volt Switch|p1a: Gastrodon\n|-immune|p1a: Gastrodon\n|move|p1a: Gastrodon|Scald|p2a: Zapdos\n|-crit|p2a: Zapdos\n|-damage|p2a: Zapdos|67\/100\n|\n|upkeep\n|turn|30\n|\n|t:|1661228427\n|switch|p2a: Ferrothorn|Ferrothorn, M, shiny|53\/100\n|move|p1a: Gastrodon|Scald|p2a: Ferrothorn\n|-resisted|p2a: Ferrothorn\n|-crit|p2a: Ferrothorn\n|-damage|p2a: Ferrothorn|40\/100\n|-status|p2a: Ferrothorn|brn\n|\n|-heal|p2a: Ferrothorn|46\/100 brn|[from] item: Leftovers\n|-damage|p2a: Ferrothorn|40\/100 brn|[from] brn\n|upkeep\n|turn|31\n|\n|t:|1661228432\n|switch|p1a: Corviknight|Corviknight, F|50\/100\n|-ability|p1a: Corviknight|Pressure\n|move|p2a: Ferrothorn|Leech Seed|p1a: Corviknight\n|-start|p1a: Corviknight|move: Leech Seed\n|\n|-heal|p2a: Ferrothorn|46\/100 brn|[from] item: Leftovers\n|-damage|p1a: Corviknight|38\/100|[from] Leech Seed|[of] p2a: Ferrothorn\n|-heal|p2a: Ferrothorn|60\/100 brn|[silent]\n|-damage|p2a: Ferrothorn|54\/100 brn|[from] brn\n|upkeep\n|turn|32\n|\n|t:|1661228436\n|move|p1a: Corviknight|Roost|p1a: Corviknight\n|-heal|p1a: Corviknight|88\/100\n|-singleturn|p1a: Corviknight|move: Roost\n|move|p2a: Ferrothorn|Stealth Rock|p1a: Corviknight\n|-sidestart|p1: mekki the poison|move: Stealth Rock\n|\n|-heal|p2a: Ferrothorn|60\/100 brn|[from] item: Leftovers\n|-damage|p1a: Corviknight|75\/100|[from] Leech Seed|[of] p2a: Ferrothorn\n|-heal|p2a: Ferrothorn|74\/100 brn|[silent]\n|-damage|p2a: Ferrothorn|68\/100 brn|[from] brn\n|upkeep\n|turn|33\n|\n|t:|1661228439\n|move|p1a: Corviknight|Defog|p2a: Ferrothorn\n|-unboost|p2a: Ferrothorn|evasion|1\n|-sideend|p1: mekki the poison|Stealth Rock|[from] move: Defog|[of] p1a: Corviknight\n|move|p2a: Ferrothorn|Body Press|p1a: Corviknight\n|-damage|p1a: Corviknight|67\/100\n|\n|-heal|p2a: Ferrothorn|74\/100 brn|[from] item: Leftovers\n|-damage|p1a: Corviknight|55\/100|[from] Leech Seed|[of] p2a: Ferrothorn\n|-heal|p2a: Ferrothorn|89\/100 brn|[silent]\n|-damage|p2a: Ferrothorn|83\/100 brn|[from] brn\n|upkeep\n|turn|34\n|\n|t:|1661228442\n|move|p1a: Corviknight|Roost|p1a: Corviknight\n|-heal|p1a: Corviknight|100\/100\n|-singleturn|p1a: Corviknight|move: Roost\n|move|p2a: Ferrothorn|Stealth Rock|p1a: Corviknight\n|-sidestart|p1: mekki the poison|move: Stealth Rock\n|\n|-heal|p2a: Ferrothorn|89\/100 brn|[from] item: Leftovers\n|-damage|p1a: Corviknight|88\/100|[from] Leech Seed|[of] p2a: Ferrothorn\n|-heal|p2a: Ferrothorn|100\/100 brn|[silent]\n|-damage|p2a: Ferrothorn|95\/100 brn|[from] brn\n|upkeep\n|turn|35\n|\n|t:|1661228448\n|move|p1a: Corviknight|Defog|p2a: Ferrothorn\n|-unboost|p2a: Ferrothorn|evasion|1\n|-sideend|p1: mekki the poison|Stealth Rock|[from] move: Defog|[of] p1a: Corviknight\n|move|p2a: Ferrothorn|Body Press|p1a: Corviknight\n|-damage|p1a: Corviknight|81\/100\n|\n|-heal|p2a: Ferrothorn|100\/100 brn|[from] item: Leftovers\n|-damage|p1a: Corviknight|68\/100|[from] Leech Seed|[of] p2a: Ferrothorn\n|-damage|p2a: Ferrothorn|95\/100 brn|[from] brn\n|upkeep\n|turn|36\n|\n|t:|1661228455\n|switch|p2a: Tapu Lele|Tapu Lele, shiny|97\/100\n|-fieldstart|move: Psychic Terrain|[from] ability: Psychic Surge|[of] p2a: Tapu Lele\n|move|p1a: Corviknight|Iron Defense|p1a: Corviknight\n|-boost|p1a: Corviknight|def|2\n|\n|-damage|p1a: Corviknight|56\/100|[from] Leech Seed|[of] p2a: Tapu Lele\n|-heal|p2a: Tapu Lele|100\/100|[silent]\n|upkeep\n|turn|37\n|\n|t:|1661228460\n|move|p2a: Tapu Lele|Future Sight|p1a: Corviknight\n|-start|p2a: Tapu Lele|move: Future Sight\n|move|p1a: Corviknight|Roost|p1a: Corviknight\n|-heal|p1a: Corviknight|100\/100\n|-singleturn|p1a: Corviknight|move: Roost\n|\n|-damage|p1a: Corviknight|88\/100|[from] Leech Seed|[of] p2a: Tapu Lele\n|upkeep\n|turn|38\n|\n|t:|1661228468\n|move|p2a: Tapu Lele|Focus Blast|p1a: Corviknight\n|-damage|p1a: Corviknight|47\/100\n|move|p1a: Corviknight|Roost|p1a: Corviknight\n|-heal|p1a: Corviknight|97\/100\n|-singleturn|p1a: Corviknight|move: Roost\n|\n|-damage|p1a: Corviknight|84\/100|[from] Leech Seed|[of] p2a: Tapu Lele\n|upkeep\n|turn|39\n|\n|t:|1661228473\n|switch|p2a: Zapdos|Zapdos, shiny|67\/100\n|switch|p1a: Blissey|Blissey, F|100\/100\n|\n|-end|p1a: Blissey|move: Future Sight\n|-damage|p1a: Blissey|70\/100\n|upkeep\n|turn|40\n|\n|t:|1661228477\n|move|p2a: Zapdos|Volt Switch|p1a: Blissey\n|-damage|p1a: Blissey|59\/100\n|\n|t:|1661228481\n|switch|p2a: Excadrill|Excadrill, M, shiny|100\/100|[from]move: Volt Switch\n|move|p1a: Blissey|Stealth Rock|p2a: Excadrill\n|-sidestart|p2: LT94JE A|move: Stealth Rock\n|\n|-fieldend|move: Psychic Terrain\n|upkeep\n|turn|41\n|\n|t:|1661228484\n|move|p2a: Excadrill|Swords Dance|p2a: Excadrill\n|-boost|p2a: Excadrill|atk|2\n|move|p1a: Blissey|Soft-Boiled|p1a: Blissey\n|-heal|p1a: Blissey|100\/100\n|\n|upkeep\n|turn|42\n|\n|t:|1661228488\n|switch|p1a: Corviknight|Corviknight, F|84\/100\n|-ability|p1a: Corviknight|Pressure\n|move|p2a: Excadrill|Swords Dance|p2a: Excadrill\n|-boost|p2a: Excadrill|atk|2\n|\n|upkeep\n|turn|43\n|\n|t:|1661228490\n|move|p2a: Excadrill|Rock Slide|p1a: Corviknight\n|-damage|p1a: Corviknight|17\/100\n|-damage|p2a: Excadrill|91\/100|[from] item: Life Orb\n|cant|p1a: Corviknight|flinch\n|\n|upkeep\n|turn|44\n|-message|mekki the poison forfeited.\n|\n|win|LT94JE A\n|raw|mekki the poison's rating: 1614 &rarr; <strong>1595<\/strong><br \/>(-19 for losing)\n|raw|LT94JE A's rating: 1626 &rarr; <strong>1645<\/strong><br \/>(+19 for winning)\n|l|\u2606mekki the poison\n","uploadtime":1661228499,"views":71,"p1id":"mekkithepoison","p2id":"lt94jea","formatid":"gen8ou","rating":1595,"private":0,"password":null}