{"id":"gen8ou-1574467523","p1":"RCRover","p2":"Batataplays","format":"gen8ou","log":"|j|\u2606RCRover\n|j|\u2606Batataplays\n|t:|1652499287\n|gametype|singles\n|player|p1|RCRover|leon-tower|1699\n|player|p2|Batataplays|sonia|1713\n|teamsize|p1|6\n|teamsize|p2|6\n|gen|8\n|tier|[Gen 8] OU\n|rated|\n|rule|Sleep Clause Mod: Limit one foe put to sleep\n|rule|Species Clause: Limit one of each Pok\u00e9mon\n|rule|OHKO Clause: OHKO moves are banned\n|rule|Evasion Moves Clause: Evasion moves are banned\n|rule|Endless Battle Clause: Forcing endless battles is banned\n|rule|HP Percentage Mod: HP is shown in percentages\n|rule|Dynamax Clause: You cannot dynamax\n|clearpoke\n|poke|p1|Ferrothorn, M|\n|poke|p1|Landorus-Therian, M|\n|poke|p1|Heatran, M|\n|poke|p1|Tapu Fini|\n|poke|p1|Dragapult, M|\n|poke|p1|Tornadus-Therian, M|\n|poke|p2|Politoed, M|\n|poke|p2|Mandibuzz, F|\n|poke|p2|Landorus-Therian, M|\n|poke|p2|Tapu Lele|\n|poke|p2|Kartana|\n|poke|p2|Urshifu-*, F|\n|teampreview\n|inactive|Battle timer is ON: inactive players will automatically lose when time's up. (requested by RCRover)\n|\n|t:|1652499305\n|start\n|switch|p1a: Tornadus|Tornadus-Therian, M|100\/100\n|switch|p2a: Politoed|Politoed, M|100\/100\n|-weather|RainDance|[from] ability: Drizzle|[of] p2a: Politoed\n|turn|1\n|\n|t:|1652499309\n|move|p1a: Tornadus|Knock Off|p2a: Politoed\n|-damage|p2a: Politoed|73\/100\n|-enditem|p2a: Politoed|Choice Specs|[from] move: Knock Off|[of] p1a: Tornadus\n|move|p2a: Politoed|Weather Ball|p1a: Tornadus\n|-damage|p1a: Tornadus|32\/100\n|\n|-weather|RainDance|[upkeep]\n|upkeep\n|turn|2\n|\n|t:|1652499315\n|move|p1a: Tornadus|U-turn|p2a: Politoed\n|-damage|p2a: Politoed|53\/100\n|\n|t:|1652499326\n|switch|p1a: Dragapult|Dragapult, M|100\/100|[from]move: U-turn\n|move|p2a: Politoed|Focus Blast|p1a: Dragapult\n|-immune|p1a: Dragapult\n|\n|-weather|RainDance|[upkeep]\n|upkeep\n|turn|3\n|\n|t:|1652499333\n|switch|p2a: Mandibuzz|Mandibuzz, F|100\/100\n|move|p1a: Dragapult|Draco Meteor|p2a: Mandibuzz\n|-damage|p2a: Mandibuzz|35\/100\n|-unboost|p1a: Dragapult|spa|2\n|\n|-weather|RainDance|[upkeep]\n|upkeep\n|turn|4\n|\n|t:|1652499338\n|move|p1a: Dragapult|Draco Meteor|p2a: Mandibuzz\n|-damage|p2a: Mandibuzz|3\/100\n|-unboost|p1a: Dragapult|spa|2\n|move|p2a: Mandibuzz|Roost|p2a: Mandibuzz\n|-heal|p2a: Mandibuzz|53\/100\n|-singleturn|p2a: Mandibuzz|move: Roost\n|\n|-weather|RainDance|[upkeep]\n|upkeep\n|turn|5\n|\n|t:|1652499342\n|switch|p1a: Landorus|Landorus-Therian, M|100\/100\n|-ability|p1a: Landorus|Intimidate|boost\n|-unboost|p2a: Mandibuzz|atk|1\n|move|p2a: Mandibuzz|U-turn|p1a: Landorus\n|-resisted|p1a: Landorus\n|-damage|p1a: Landorus|98\/100\n|\n|t:|1652499344\n|switch|p2a: Urshifu|Urshifu-Rapid-Strike, F|100\/100|[from]move: U-turn\n|\n|-weather|none\n|-heal|p1a: Landorus|100\/100|[from] item: Leftovers\n|upkeep\n|turn|6\n|\n|t:|1652499351\n|switch|p1a: Tapu Fini|Tapu Fini|100\/100\n|-fieldstart|move: Misty Terrain|[from] ability: Misty Surge|[of] p1a: Tapu Fini\n|move|p2a: Urshifu|Surging Strikes|p1a: Tapu Fini\n|-resisted|p1a: Tapu Fini\n|-crit|p1a: Tapu Fini\n|-damage|p1a: Tapu Fini|90\/100\n|-resisted|p1a: Tapu Fini\n|-crit|p1a: Tapu Fini\n|-damage|p1a: Tapu Fini|80\/100\n|-resisted|p1a: Tapu Fini\n|-crit|p1a: Tapu Fini\n|-damage|p1a: Tapu Fini|68\/100\n|-hitcount|p1a: Tapu Fini|3\n|\n|-heal|p1a: Tapu Fini|74\/100|[from] item: Leftovers\n|upkeep\n|turn|7\n|\n|t:|1652499361\n|switch|p2a: Politoed|Politoed, M|53\/100\n|-weather|RainDance|[from] ability: Drizzle|[of] p2a: Politoed\n|move|p1a: Tapu Fini|Scald|p2a: Politoed\n|-resisted|p2a: Politoed\n|-damage|p2a: Politoed|34\/100\n|\n|-weather|RainDance|[upkeep]\n|-heal|p1a: Tapu Fini|80\/100|[from] item: Leftovers\n|upkeep\n|turn|8\n|\n|t:|1652499365\n|switch|p2a: Urshifu|Urshifu-Rapid-Strike, F|100\/100\n|move|p1a: Tapu Fini|Draining Kiss|p2a: Urshifu\n|-supereffective|p2a: Urshifu\n|-damage|p2a: Urshifu|49\/100\n|-heal|p1a: Tapu Fini|100\/100|[from] drain|[of] p2a: Urshifu\n|\n|-weather|RainDance|[upkeep]\n|upkeep\n|turn|9\n|\n|t:|1652499370\n|move|p2a: Urshifu|Surging Strikes|p1a: Tapu Fini\n|-resisted|p1a: Tapu Fini\n|-crit|p1a: Tapu Fini\n|-damage|p1a: Tapu Fini|84\/100\n|-resisted|p1a: Tapu Fini\n|-crit|p1a: Tapu Fini\n|-damage|p1a: Tapu Fini|69\/100\n|-resisted|p1a: Tapu Fini\n|-crit|p1a: Tapu Fini\n|-damage|p1a: Tapu Fini|53\/100\n|-hitcount|p1a: Tapu Fini|3\n|move|p1a: Tapu Fini|Draining Kiss|p2a: Urshifu\n|-supereffective|p2a: Urshifu\n|-damage|p2a: Urshifu|1\/100\n|-heal|p1a: Tapu Fini|89\/100|[from] drain|[of] p2a: Urshifu\n|\n|-weather|RainDance|[upkeep]\n|-heal|p1a: Tapu Fini|95\/100|[from] item: Leftovers\n|upkeep\n|turn|10\n|\n|t:|1652499374\n|switch|p1a: Ferrothorn|Ferrothorn, M|100\/100\n|move|p2a: Urshifu|Surging Strikes|p1a: Ferrothorn\n|-resisted|p1a: Ferrothorn\n|-crit|p1a: Ferrothorn\n|-damage|p1a: Ferrothorn|88\/100\n|-damage|p2a: Urshifu|0 fnt|[from] ability: Iron Barbs|[of] p1a: Ferrothorn\n|faint|p2a: Urshifu\n|-hitcount|p1a: Ferrothorn|1\n|\n|-weather|RainDance|[upkeep]\n|-heal|p1a: Ferrothorn|94\/100|[from] item: Leftovers\n|-fieldend|Misty Terrain\n|upkeep\n|\n|t:|1652499377\n|switch|p2a: Tapu Lele|Tapu Lele|100\/100\n|-fieldstart|move: Psychic Terrain|[from] ability: Psychic Surge|[of] p2a: Tapu Lele\n|turn|11\n|\n|t:|1652499385\n|switch|p1a: Tapu Fini|Tapu Fini|95\/100\n|-fieldstart|move: Misty Terrain|[from] ability: Misty Surge|[of] p1a: Tapu Fini\n|move|p2a: Tapu Lele|Focus Blast|p1a: Tapu Fini\n|-resisted|p1a: Tapu Fini\n|-damage|p1a: Tapu Fini|79\/100\n|\n|-weather|none\n|-heal|p1a: Tapu Fini|85\/100|[from] item: Leftovers\n|upkeep\n|turn|12\n|\n|t:|1652499394\n|move|p2a: Tapu Lele|Thunderbolt|p1a: Tapu Fini\n|-supereffective|p1a: Tapu Fini\n|-damage|p1a: Tapu Fini|36\/100\n|move|p1a: Tapu Fini|Scald|p2a: Tapu Lele\n|-damage|p2a: Tapu Lele|74\/100\n|\n|-heal|p1a: Tapu Fini|42\/100|[from] item: Leftovers\n|upkeep\n|turn|13\n|\n|t:|1652499401\n|switch|p1a: Heatran|Heatran, M|100\/100\n|move|p2a: Tapu Lele|Moonblast|p1a: Heatran\n|-resisted|p1a: Heatran\n|-damage|p1a: Heatran|92\/100\n|\n|-heal|p1a: Heatran|98\/100|[from] item: Leftovers\n|upkeep\n|turn|14\n|\n|t:|1652499405\n|switch|p1a: Dragapult|Dragapult, M|100\/100\n|move|p2a: Tapu Lele|Focus Blast|p1a: Dragapult\n|-immune|p1a: Dragapult\n|\n|upkeep\n|turn|15\n|\n|t:|1652499410\n|switch|p2a: Mandibuzz|Mandibuzz, F|53\/100\n|move|p1a: Dragapult|U-turn|p2a: Mandibuzz\n|-damage|p2a: Mandibuzz|43\/100\n|\n|t:|1652499416\n|switch|p1a: Heatran|Heatran, M|98\/100|[from]move: U-turn\n|\n|-heal|p1a: Heatran|100\/100|[from] item: Leftovers\n|-fieldend|Misty Terrain\n|upkeep\n|turn|16\n|\n|t:|1652499420\n|switch|p2a: Politoed|Politoed, M|34\/100\n|-weather|RainDance|[from] ability: Drizzle|[of] p2a: Politoed\n|move|p1a: Heatran|Toxic|p2a: Politoed\n|-status|p2a: Politoed|tox\n|\n|-weather|RainDance|[upkeep]\n|-damage|p2a: Politoed|27\/100 tox|[from] psn\n|upkeep\n|turn|17\n|\n|t:|1652499424\n|switch|p1a: Ferrothorn|Ferrothorn, M|94\/100\n|move|p2a: Politoed|Weather Ball|p1a: Ferrothorn\n|-resisted|p1a: Ferrothorn\n|-damage|p1a: Ferrothorn|64\/100\n|\n|-weather|RainDance|[upkeep]\n|-heal|p1a: Ferrothorn|70\/100|[from] item: Leftovers\n|-damage|p2a: Politoed|15\/100 tox|[from] psn\n|upkeep\n|turn|18\n|\n|t:|1652499429\n|move|p2a: Politoed|Weather Ball|p1a: Ferrothorn\n|-resisted|p1a: Ferrothorn\n|-damage|p1a: Ferrothorn|42\/100\n|move|p1a: Ferrothorn|Spikes|p2a: Politoed\n|-sidestart|p2: Batataplays|Spikes\n|\n|-weather|RainDance|[upkeep]\n|-heal|p1a: Ferrothorn|48\/100|[from] item: Leftovers\n|-damage|p2a: Politoed|0 fnt|[from] psn\n|faint|p2a: Politoed\n|upkeep\n|\n|t:|1652499431\n|switch|p2a: Landorus|Landorus-Therian, M|100\/100\n|-ability|p2a: Landorus|Intimidate|boost\n|-unboost|p1a: Ferrothorn|atk|1\n|turn|19\n|\n|t:|1652499434\n|move|p2a: Landorus|Stealth Rock|p1a: Ferrothorn\n|-sidestart|p1: RCRover|move: Stealth Rock\n|move|p1a: Ferrothorn|Leech Seed|p2a: Landorus\n|-start|p2a: Landorus|move: Leech Seed\n|\n|-weather|RainDance|[upkeep]\n|-heal|p1a: Ferrothorn|54\/100|[from] item: Leftovers\n|-damage|p2a: Landorus|88\/100|[from] Leech Seed|[of] p1a: Ferrothorn\n|-heal|p1a: Ferrothorn|68\/100|[silent]\n|upkeep\n|turn|20\n|\n|t:|1652499437\n|move|p2a: Landorus|U-turn|p1a: Ferrothorn\n|-damage|p1a: Ferrothorn|55\/100\n|-damage|p2a: Landorus|76\/100|[from] ability: Iron Barbs|[of] p1a: Ferrothorn\n|\n|t:|1652499440\n|switch|p2a: Tapu Lele|Tapu Lele|74\/100|[from]move: U-turn\n|-damage|p2a: Tapu Lele|61\/100|[from] Spikes\n|-fieldstart|move: Psychic Terrain|[from] ability: Psychic Surge|[of] p2a: Tapu Lele\n|move|p1a: Ferrothorn|Spikes|p2a: Tapu Lele\n|-sidestart|p2: Batataplays|Spikes\n|\n|-weather|none\n|-heal|p1a: Ferrothorn|61\/100|[from] item: Leftovers\n|upkeep\n|turn|21\n|\n|t:|1652499452\n|move|p2a: Tapu Lele|Moonblast|p1a: Ferrothorn\n|-resisted|p1a: Ferrothorn\n|-damage|p1a: Ferrothorn|40\/100\n|move|p1a: Ferrothorn|Power Whip|p2a: Tapu Lele\n|-damage|p2a: Tapu Lele|22\/100\n|\n|-heal|p1a: Ferrothorn|46\/100|[from] item: Leftovers\n|upkeep\n|turn|22\n|\n|t:|1652499458\n|switch|p1a: Tornadus|Tornadus-Therian, M|66\/100\n|move|p2a: Tapu Lele|Moonblast|p1a: Tornadus\n|-damage|p1a: Tornadus|15\/100\n|\n|upkeep\n|turn|23\n|\n|t:|1652499467\n|switch|p2a: Landorus|Landorus-Therian, M|76\/100\n|-ability|p2a: Landorus|Intimidate|boost\n|-unboost|p1a: Tornadus|atk|1\n|move|p1a: Tornadus|Knock Off|p2a: Landorus\n|-damage|p2a: Landorus|66\/100\n|-enditem|p2a: Landorus|Leftovers|[from] move: Knock Off|[of] p1a: Tornadus\n|\n|upkeep\n|turn|24\n|\n|t:|1652499471\n|move|p1a: Tornadus|U-turn|p2a: Landorus\n|-resisted|p2a: Landorus\n|-damage|p2a: Landorus|63\/100\n|\n|t:|1652499473\n|switch|p1a: Landorus|Landorus-Therian, M|100\/100|[from]move: U-turn\n|-damage|p1a: Landorus|88\/100|[from] Stealth Rock\n|-ability|p1a: Landorus|Intimidate|boost\n|-unboost|p2a: Landorus|atk|1\n|move|p2a: Landorus|U-turn|p1a: Landorus\n|-resisted|p1a: Landorus\n|-damage|p1a: Landorus|82\/100\n|\n|t:|1652499476\n|switch|p2a: Mandibuzz|Mandibuzz, F|43\/100|[from]move: U-turn\n|\n|-heal|p1a: Landorus|88\/100|[from] item: Leftovers\n|-fieldend|move: Psychic Terrain\n|upkeep\n|turn|25\n|\n|t:|1652499479\n|move|p1a: Landorus|Toxic|p2a: Mandibuzz|[miss]\n|-miss|p1a: Landorus|p2a: Mandibuzz\n|move|p2a: Mandibuzz|Foul Play|p1a: Landorus\n|-damage|p1a: Landorus|57\/100\n|\n|-heal|p1a: Landorus|63\/100|[from] item: Leftovers\n|upkeep\n|turn|26\n|\n|t:|1652499486\n|move|p1a: Landorus|Stealth Rock|p2a: Mandibuzz\n|-sidestart|p2: Batataplays|move: Stealth Rock\n|move|p2a: Mandibuzz|Roost|p2a: Mandibuzz\n|-heal|p2a: Mandibuzz|93\/100\n|-singleturn|p2a: Mandibuzz|move: Roost\n|\n|-heal|p1a: Landorus|69\/100|[from] item: Leftovers\n|upkeep\n|turn|27\n|\n|t:|1652499490\n|move|p1a: Landorus|Toxic|p2a: Mandibuzz\n|-status|p2a: Mandibuzz|tox\n|move|p2a: Mandibuzz|Foul Play|p1a: Landorus\n|-damage|p1a: Landorus|33\/100\n|\n|-heal|p1a: Landorus|39\/100|[from] item: Leftovers\n|-damage|p2a: Mandibuzz|87\/100 tox|[from] psn\n|upkeep\n|turn|28\n|\n|t:|1652499493\n|move|p1a: Landorus|U-turn|p2a: Mandibuzz\n|-damage|p2a: Mandibuzz|73\/100 tox\n|\n|t:|1652499496\n|switch|p1a: Tornadus|Tornadus-Therian, M|49\/100|[from]move: U-turn\n|move|p2a: Mandibuzz|U-turn|p1a: Tornadus\n|-resisted|p1a: Tornadus\n|-damage|p1a: Tornadus|43\/100\n|\n|t:|1652499499\n|switch|p2a: Landorus|Landorus-Therian, M|63\/100|[from]move: U-turn\n|-damage|p2a: Landorus|50\/100|[from] Stealth Rock\n|-ability|p2a: Landorus|Intimidate|boost\n|-unboost|p1a: Tornadus|atk|1\n|\n|upkeep\n|turn|29\n|j| 50 at max\n|\n|t:|1652499504\n|move|p1a: Tornadus|U-turn|p2a: Landorus\n|-resisted|p2a: Landorus\n|-damage|p2a: Landorus|47\/100\n|\n|t:|1652499506\n|switch|p1a: Heatran|Heatran, M|100\/100|[from]move: U-turn\n|-damage|p1a: Heatran|88\/100|[from] Stealth Rock\n|move|p2a: Landorus|Toxic|p1a: Heatran\n|-immune|p1a: Heatran\n|\n|-heal|p1a: Heatran|94\/100|[from] item: Leftovers\n|upkeep\n|turn|30\n|\n|t:|1652499515\n|switch|p1a: Tornadus|Tornadus-Therian, M|76\/100\n|move|p2a: Landorus|U-turn|p1a: Tornadus\n|-resisted|p1a: Tornadus\n|-damage|p1a: Tornadus|63\/100\n|\n|t:|1652499518\n|switch|p2a: Mandibuzz|Mandibuzz, F|73\/100 tox|[from]move: U-turn\n|\n|-damage|p2a: Mandibuzz|67\/100 tox|[from] psn\n|upkeep\n|turn|31\n|\n|t:|1652499523\n|move|p1a: Tornadus|U-turn|p2a: Mandibuzz\n|-damage|p2a: Mandibuzz|57\/100 tox\n|\n|t:|1652499534\n|switch|p1a: Heatran|Heatran, M|94\/100|[from]move: U-turn\n|-damage|p1a: Heatran|82\/100|[from] Stealth Rock\n|move|p2a: Mandibuzz|Foul Play|p1a: Heatran\n|-damage|p1a: Heatran|60\/100\n|\n|-heal|p1a: Heatran|66\/100|[from] item: Leftovers\n|-damage|p2a: Mandibuzz|45\/100 tox|[from] psn\n|upkeep\n|turn|32\n|\n|t:|1652499538\n|move|p2a: Mandibuzz|Defog|p1a: Heatran\n|-unboost|p1a: Heatran|evasion|1\n|-sideend|p1: RCRover|Stealth Rock|[from] move: Defog|[of] p2a: Mandibuzz\n|-sideend|p2: Batataplays|Spikes|[from] move: Defog|[of] p2a: Mandibuzz\n|-sideend|p2: Batataplays|Stealth Rock|[from] move: Defog|[of] p2a: Mandibuzz\n|move|p1a: Heatran|Taunt|p2a: Mandibuzz\n|-start|p2a: Mandibuzz|move: Taunt\n|\n|-heal|p1a: Heatran|72\/100|[from] item: Leftovers\n|-damage|p2a: Mandibuzz|27\/100 tox|[from] psn\n|upkeep\n|turn|33\n|\n|t:|1652499542\n|move|p2a: Mandibuzz|U-turn|p1a: Heatran\n|-resisted|p1a: Heatran\n|-damage|p1a: Heatran|70\/100\n|\n|t:|1652499543\n|switch|p2a: Landorus|Landorus-Therian, M|47\/100|[from]move: U-turn\n|-ability|p2a: Landorus|Intimidate|boost\n|-unboost|p1a: Heatran|atk|1\n|move|p1a: Heatran|Magma Storm|p2a: Landorus\n|-damage|p2a: Landorus|0 fnt\n|faint|p2a: Landorus\n|\n|-heal|p1a: Heatran|76\/100|[from] item: Leftovers\n|upkeep\n|\n|t:|1652499546\n|switch|p2a: Tapu Lele|Tapu Lele|22\/100\n|-fieldstart|move: Psychic Terrain|[from] ability: Psychic Surge|[of] p2a: Tapu Lele\n|turn|34\n|\n|t:|1652499549\n|move|p2a: Tapu Lele|Moonblast|p1a: Heatran\n|-resisted|p1a: Heatran\n|-damage|p1a: Heatran|68\/100\n|move|p1a: Heatran|Earth Power|p2a: Tapu Lele\n|-damage|p2a: Tapu Lele|0 fnt\n|faint|p2a: Tapu Lele\n|\n|-heal|p1a: Heatran|74\/100|[from] item: Leftovers\n|upkeep\n|-message|Batataplays forfeited.\n|\n|win|RCRover\n|raw|RCRover's rating: 1699 &rarr; <strong>1720<\/strong><br \/>(+21 for winning)\n|raw|Batataplays's rating: 1713 &rarr; <strong>1692<\/strong><br \/>(-21 for losing)\n|l|\u2606Batataplays\n","uploadtime":1652499564,"views":44,"p1id":"rcrover","p2id":"batataplays","formatid":"gen8ou","rating":1692,"private":0,"password":null}