{"id":"gen8ou-1441715029","p1":"early_human","p2":"Mimi Strdst Stan69","format":"gen8ou","log":"|j|\u203dearly_human\n|j|\u2606Mimi Strdst Stan69\n|t:|1635125732\n|gametype|singles\n|player|p1|early_human|dancer|1880\n|player|p2|Mimi Strdst Stan69|sightseer|1794\n|teamsize|p1|6\n|teamsize|p2|6\n|gen|8\n|tier|[Gen 8] OU\n|rated|\n|rule|Sleep Clause Mod: Limit one foe put to sleep\n|rule|Species Clause: Limit one of each Pok\u00e9mon\n|rule|OHKO Clause: OHKO moves are banned\n|rule|Evasion Moves Clause: Evasion moves are banned\n|rule|Endless Battle Clause: Forcing endless battles is banned\n|rule|HP Percentage Mod: HP is shown in percentages\n|rule|Dynamax Clause: You cannot dynamax\n|clearpoke\n|poke|p1|Moltres-Galar|\n|poke|p1|Aegislash, M|\n|poke|p1|Buzzwole|\n|poke|p1|Latios, M|\n|poke|p1|Landorus-Therian, M|\n|poke|p1|Bisharp, M|\n|poke|p2|Kartana|\n|poke|p2|Garchomp, M|\n|poke|p2|Hydreigon, F|\n|poke|p2|Buzzwole|\n|poke|p2|Tapu Lele|\n|poke|p2|Melmetal|\n|teampreview\n|inactive|Battle timer is ON: inactive players will automatically lose when time's up. (requested by Mimi Strdst Stan69)\n|j| yarcii\n|j| Jjffn\n|inactive|Mimi Strdst Stan69 has 120 seconds left.\n|j| azure nights\n|j| Frank Lopez\n|inactive|Mimi Strdst Stan69 has 90 seconds left.\n|\n|t:|1635125825\n|start\n|switch|p1a: Landorus|Landorus-Therian, M|100\/100\n|switch|p2a: Tapu Lele|Tapu Lele|100\/100\n|-fieldstart|move: Psychic Terrain|[from] ability: Psychic Surge|[of] p2a: Tapu Lele\n|-ability|p1a: Landorus|Intimidate|boost\n|-unboost|p2a: Tapu Lele|atk|1\n|turn|1\n|j| X-Wing Fighter\n|\n|t:|1635125832\n|switch|p1a: Aegislash|Aegislash, M|100\/100\n|move|p2a: Tapu Lele|Moonblast|p1a: Aegislash\n|-resisted|p1a: Aegislash\n|-damage|p1a: Aegislash|80\/100\n|-unboost|p1a: Aegislash|spa|1\n|\n|upkeep\n|turn|2\n|j| Queenss\n|\n|t:|1635125841\n|switch|p2a: Melmetal|Melmetal|100\/100\n|-formechange|p1a: Aegislash|Aegislash-Blade||[from] ability: Stance Change\n|move|p1a: Aegislash|Shadow Ball|p2a: Melmetal\n|-damage|p2a: Melmetal|86\/100\n|\n|upkeep\n|turn|3\n|\n|t:|1635125859\n|switch|p1a: Bisharp|Bisharp, M|100\/100\n|move|p2a: Melmetal|Double Iron Bash|p1a: Bisharp\n|-resisted|p1a: Bisharp\n|-damage|p1a: Bisharp|78\/100\n|-resisted|p1a: Bisharp\n|-damage|p1a: Bisharp|57\/100\n|-hitcount|p1a: Bisharp|2\n|\n|upkeep\n|turn|4\n|\n|t:|1635125865\n|switch|p2a: Buzzwole|Buzzwole|100\/100\n|move|p1a: Bisharp|Low Kick|p2a: Buzzwole\n|-resisted|p2a: Buzzwole\n|-damage|p2a: Buzzwole|86\/100\n|-damage|p1a: Bisharp|40\/100|[from] item: Rocky Helmet|[of] p2a: Buzzwole\n|\n|upkeep\n|turn|5\n|\n|t:|1635125870\n|switch|p1a: Aegislash|Aegislash, M|80\/100\n|move|p2a: Buzzwole|Ice Punch|p1a: Aegislash\n|-resisted|p1a: Aegislash\n|-damage|p1a: Aegislash|68\/100\n|\n|-fieldend|move: Psychic Terrain\n|upkeep\n|turn|6\n|j| eXgirlXjeze\n|\n|t:|1635125882\n|switch|p2a: Melmetal|Melmetal|86\/100\n|-formechange|p1a: Aegislash|Aegislash-Blade||[from] ability: Stance Change\n|move|p1a: Aegislash|Shadow Ball|p2a: Melmetal\n|-damage|p2a: Melmetal|64\/100\n|-unboost|p2a: Melmetal|spd|1\n|\n|upkeep\n|turn|7\n|\n|t:|1635125887\n|-formechange|p1a: Aegislash|Aegislash||[from] ability: Stance Change\n|move|p1a: Aegislash|King's Shield|p1a: Aegislash\n|-singleturn|p1a: Aegislash|Protect\n|move|p2a: Melmetal|Double Iron Bash|p1a: Aegislash\n|-activate|p1a: Aegislash|move: Protect\n|-unboost|p2a: Melmetal|atk|1\n|\n|upkeep\n|turn|8\n|\n|t:|1635125891\n|switch|p1a: Landorus|Landorus-Therian, M|100\/100\n|-ability|p1a: Landorus|Intimidate|boost\n|-unboost|p2a: Melmetal|atk|1\n|switch|p2a: Hydreigon|Hydreigon, F|100\/100\n|\n|upkeep\n|turn|9\n|\n|t:|1635125903\n|move|p2a: Hydreigon|Dark Pulse|p1a: Landorus\n|-damage|p1a: Landorus|27\/100\n|-damage|p2a: Hydreigon|91\/100|[from] item: Life Orb\n|move|p1a: Landorus|Rock Tomb|p2a: Hydreigon\n|-damage|p2a: Hydreigon|65\/100\n|-unboost|p2a: Hydreigon|spe|1\n|\n|upkeep\n|turn|10\n|\n|t:|1635125912\n|move|p1a: Landorus|Stealth Rock|p2a: Hydreigon\n|-sidestart|p2: Mimi Strdst Stan69|move: Stealth Rock\n|move|p2a: Hydreigon|Dark Pulse|p1a: Landorus\n|-damage|p1a: Landorus|0 fnt\n|faint|p1a: Landorus\n|-damage|p2a: Hydreigon|55\/100|[from] item: Life Orb\n|\n|upkeep\n|\n|t:|1635125925\n|switch|p1a: Latios|Latios, M|100\/100\n|turn|11\n|\n|t:|1635125932\n|switch|p2a: Tapu Lele|Tapu Lele|100\/100\n|-damage|p2a: Tapu Lele|88\/100|[from] Stealth Rock\n|-fieldstart|move: Psychic Terrain|[from] ability: Psychic Surge|[of] p2a: Tapu Lele\n|move|p1a: Latios|Draco Meteor|p2a: Tapu Lele\n|-immune|p2a: Tapu Lele\n|\n|upkeep\n|turn|12\n|\n|t:|1635125936\n|switch|p1a: Aegislash|Aegislash, M|68\/100\n|move|p2a: Tapu Lele|Moonblast|p1a: Aegislash\n|-resisted|p1a: Aegislash\n|-damage|p1a: Aegislash|48\/100\n|\n|upkeep\n|turn|13\n|\n|t:|1635125943\n|switch|p2a: Hydreigon|Hydreigon, F|55\/100\n|-damage|p2a: Hydreigon|43\/100|[from] Stealth Rock\n|-formechange|p1a: Aegislash|Aegislash-Blade||[from] ability: Stance Change\n|move|p1a: Aegislash|Shadow Ball|p2a: Hydreigon\n|-resisted|p2a: Hydreigon\n|-damage|p2a: Hydreigon|17\/100\n|\n|upkeep\n|turn|14\n|n| asfjasdfas|queenss\n|\n|t:|1635125961\n|switch|p1a: Bisharp|Bisharp, M|40\/100\n|move|p2a: Hydreigon|Draco Meteor|p1a: Bisharp\n|-resisted|p1a: Bisharp\n|-damage|p1a: Bisharp|1\/100\n|-unboost|p2a: Hydreigon|spa|2\n|-damage|p2a: Hydreigon|8\/100|[from] item: Life Orb\n|\n|upkeep\n|turn|15\n|\n|t:|1635125968\n|move|p2a: Hydreigon|Draco Meteor|p1a: Bisharp\n|-resisted|p1a: Bisharp\n|-damage|p1a: Bisharp|0 fnt\n|-unboost|p2a: Hydreigon|spa|2\n|faint|p1a: Bisharp\n|-damage|p2a: Hydreigon|0 fnt|[from] item: Life Orb\n|faint|p2a: Hydreigon\n|\n|-fieldend|move: Psychic Terrain\n|upkeep\n|\n|t:|1635125979\n|switch|p2a: Kartana|Kartana, shiny|100\/100\n|switch|p1a: Aegislash|Aegislash, M|48\/100\n|-damage|p2a: Kartana|94\/100|[from] Stealth Rock\n|turn|16\n|j| How to lose at ag\n|\n|t:|1635125984\n|switch|p2a: Garchomp|Garchomp, M|100\/100\n|-damage|p2a: Garchomp|94\/100|[from] Stealth Rock\n|move|p1a: Aegislash|King's Shield||[still]\n|-fail|p1a: Aegislash\n|\n|-heal|p2a: Garchomp|100\/100|[from] item: Leftovers\n|upkeep\n|turn|17\n|\n|t:|1635125987\n|switch|p1a: Buzzwole|Buzzwole|100\/100\n|move|p2a: Garchomp|Stealth Rock|p1a: Buzzwole\n|-sidestart|p1: early_human|move: Stealth Rock\n|\n|upkeep\n|turn|18\n|\n|t:|1635125991\n|switch|p2a: Buzzwole|Buzzwole|86\/100\n|-damage|p2a: Buzzwole|74\/100|[from] Stealth Rock\n|move|p1a: Buzzwole|Ice Punch|p2a: Buzzwole\n|-damage|p2a: Buzzwole|48\/100\n|-damage|p1a: Buzzwole|84\/100|[from] item: Rocky Helmet|[of] p2a: Buzzwole\n|\n|upkeep\n|turn|19\n|j| Volc is for pssys\n|\n|t:|1635125994\n|switch|p1a: Aegislash|Aegislash, M|48\/100\n|-damage|p1a: Aegislash|42\/100|[from] Stealth Rock\n|move|p2a: Buzzwole|Roost|p2a: Buzzwole\n|-heal|p2a: Buzzwole|98\/100\n|-singleturn|p2a: Buzzwole|move: Roost\n|\n|upkeep\n|turn|20\n|\n|t:|1635125997\n|move|p2a: Buzzwole|Earthquake|p1a: Aegislash\n|-supereffective|p1a: Aegislash\n|-damage|p1a: Aegislash|0 fnt\n|faint|p1a: Aegislash\n|-ability|p2a: Buzzwole|Beast Boost|boost\n|-boost|p2a: Buzzwole|atk|1\n|\n|upkeep\n|\n|t:|1635126000\n|switch|p1a: Latios|Latios, M|100\/100\n|-damage|p1a: Latios|88\/100|[from] Stealth Rock\n|turn|21\n|\n|t:|1635126002\n|move|p1a: Latios|Psychic|p2a: Buzzwole\n|-supereffective|p2a: Buzzwole\n|-damage|p2a: Buzzwole|0 fnt\n|faint|p2a: Buzzwole\n|\n|upkeep\n|\n|t:|1635126005\n|switch|p2a: Tapu Lele|Tapu Lele|88\/100\n|-damage|p2a: Tapu Lele|76\/100|[from] Stealth Rock\n|-fieldstart|move: Psychic Terrain|[from] ability: Psychic Surge|[of] p2a: Tapu Lele\n|turn|22\n|\n|t:|1635126008\n|switch|p1a: Buzzwole|Buzzwole|84\/100\n|-damage|p1a: Buzzwole|71\/100|[from] Stealth Rock\n|move|p2a: Tapu Lele|Moonblast|p1a: Buzzwole\n|-supereffective|p1a: Buzzwole\n|-damage|p1a: Buzzwole|0 fnt\n|faint|p1a: Buzzwole\n|\n|upkeep\n|\n|t:|1635126010\n|switch|p1a: Moltres|Moltres-Galar|100\/100\n|turn|23\n|\n|t:|1635126014\n|move|p2a: Tapu Lele|Moonblast|p1a: Moltres\n|-supereffective|p1a: Moltres\n|-damage|p1a: Moltres|4\/100\n|-ability|p1a: Moltres|Berserk|boost\n|-boost|p1a: Moltres|spa|1\n|move|p1a: Moltres|Fiery Wrath|p2a: Tapu Lele\n|-damage|p2a: Tapu Lele|3\/100\n|\n|upkeep\n|turn|24\n|-message|early_human forfeited.\n|\n|win|Mimi Strdst Stan69\n|raw|early_human's rating: 1880 &rarr; <strong>1855<\/strong><br \/>(-25 for losing)\n|raw|Mimi Strdst Stan69's rating: 1794 &rarr; <strong>1819<\/strong><br \/>(+25 for winning)\n|l|\u203dearly_human\n|l| Jjffn\n|l| How to lose at ag\n","uploadtime":1635126125,"views":32,"p1id":"earlyhuman","p2id":"mimistrdststan69","formatid":"gen8ou","rating":1819,"private":0,"password":null}