{"id":"gen8ou-1529924690","p1":"Sp0oNl0rD","p2":"RedDiamond1024","format":"gen8ou","log":"|j|\u2606Sp0oNl0rD\n|j|\u2606RedDiamond1024\n|t:|1647195142\n|gametype|singles\n|player|p1|Sp0oNl0rD|blackbelt-gen4dp|\n|player|p2|RedDiamond1024|red|\n|teamsize|p1|6\n|teamsize|p2|6\n|gen|8\n|tier|[Gen 8] OU\n|rule|Sleep Clause Mod: Limit one foe put to sleep\n|rule|Species Clause: Limit one of each Pok\u00e9mon\n|rule|OHKO Clause: OHKO moves are banned\n|rule|Evasion Moves Clause: Evasion moves are banned\n|rule|Endless Battle Clause: Forcing endless battles is banned\n|rule|HP Percentage Mod: HP is shown in percentages\n|rule|Dynamax Clause: You cannot dynamax\n|clearpoke\n|poke|p1|Thundurus, M|\n|poke|p1|Garchomp, F|\n|poke|p1|Melmetal|\n|poke|p1|Mew|\n|poke|p1|Dragapult, M|\n|poke|p1|Kartana|\n|poke|p2|Rillaboom, F|\n|poke|p2|Hawlucha, M|\n|poke|p2|Heatran, M|\n|poke|p2|Slowbro, F|\n|poke|p2|Weavile, M|\n|poke|p2|Landorus-Therian, M|\n|teampreview\n|inactive|Battle timer is ON: inactive players will automatically lose when time's up. (requested by Sp0oNl0rD)\n|\n|t:|1647195158\n|start\n|switch|p1a: Melmetal|Melmetal|100\/100\n|switch|p2a: David|Weavile, M|100\/100\n|-ability|p2a: David|Pressure\n|turn|1\n|\n|t:|1647195168\n|switch|p2a: Behemoth|Slowbro, F|100\/100\n|move|p1a: Melmetal|Double Iron Bash|p2a: Behemoth\n|-resisted|p2a: Behemoth\n|-damage|p2a: Behemoth|85\/100\n|-resisted|p2a: Behemoth\n|-damage|p2a: Behemoth|71\/100\n|-hitcount|p2a: Behemoth|2\n|\n|upkeep\n|turn|2\n|\n|t:|1647195176\n|switch|p1a: Mew|Mew|100\/100\n|move|p2a: Behemoth|Teleport|p2a: Behemoth\n|\n|t:|1647195179\n|switch|p2a: David|Weavile, M|100\/100|[from]move: Teleport\n|-ability|p2a: David|Pressure\n|\n|upkeep\n|turn|3\n|j| Zero0ne1\n|\n|t:|1647195186\n|move|p2a: David|Knock Off|p1a: Mew\n|-supereffective|p1a: Mew\n|-damage|p1a: Mew|14\/100\n|-enditem|p1a: Mew|Custap Berry|[from] move: Knock Off|[of] p2a: David\n|move|p1a: Mew|Thunder Wave|p2a: David\n|-status|p2a: David|par\n|\n|upkeep\n|turn|4\n|\n|t:|1647195194\n|switch|p1a: Melmetal|Melmetal|100\/100\n|move|p2a: David|Ice Shard|p1a: Melmetal\n|-resisted|p1a: Melmetal\n|-damage|p1a: Melmetal|94\/100\n|\n|upkeep\n|turn|5\n|\n|t:|1647195200\n|switch|p2a: Behemoth|Slowbro, F|100\/100\n|move|p1a: Melmetal|Thunder Punch|p2a: Behemoth\n|-supereffective|p2a: Behemoth\n|-damage|p2a: Behemoth|52\/100\n|\n|upkeep\n|turn|6\n|\n|t:|1647195214\n|switch|p2a: Clout lion|Landorus-Therian, M|100\/100\n|-ability|p2a: Clout lion|Intimidate|boost\n|-unboost|p1a: Melmetal|atk|1\n|move|p1a: Melmetal|Thunder Punch|p2a: Clout lion\n|-immune|p2a: Clout lion\n|\n|upkeep\n|turn|7\n|\n|t:|1647195225\n|switch|p1a: Mew|Mew|14\/100\n|move|p2a: Clout lion|U-turn|p1a: Mew\n|-supereffective|p1a: Mew\n|-damage|p1a: Mew|0 fnt\n|faint|p1a: Mew\n|\n|t:|1647195240\n|switch|p2a: Behemoth|Slowbro, F|85\/100|[from]move: U-turn\n|\n|upkeep\n|\n|t:|1647195242\n|switch|p1a: Thundurus|Thundurus, M|100\/100\n|turn|8\n|\n|t:|1647195251\n|move|p1a: Thundurus|Taunt|p2a: Behemoth\n|-start|p2a: Behemoth|move: Taunt\n|cant|p2a: Behemoth|move: Taunt|Teleport\n|\n|upkeep\n|turn|9\n|\n|t:|1647195258\n|switch|p2a: David|Weavile, M|100\/100 par\n|-ability|p2a: David|Pressure\n|move|p1a: Thundurus|Grass Knot|p2a: David\n|-damage|p2a: David|65\/100 par\n|-damage|p1a: Thundurus|91\/100|[from] item: Life Orb\n|\n|upkeep\n|turn|10\n|\n|t:|1647195266\n|move|p1a: Thundurus|Thunderbolt|p2a: David\n|-damage|p2a: David|0 fnt\n|faint|p2a: David\n|-damage|p1a: Thundurus|81\/100|[from] item: Life Orb\n|\n|upkeep\n|\n|t:|1647195271\n|switch|p2a: Broly|Rillaboom, F, shiny|100\/100\n|-fieldstart|move: Grassy Terrain|[from] ability: Grassy Surge|[of] p2a: Broly\n|turn|11\n|\n|t:|1647195280\n|switch|p1a: Garchomp|Garchomp, F|100\/100\n|move|p2a: Broly|U-turn|p1a: Garchomp\n|-damage|p1a: Garchomp|74\/100\n|-activate|p1a: Garchomp|ability: Rough Skin\n|-activate|p2a: Broly|item: Protective Pads\n|c|\u2606Sp0oNl0rD|interesting\n|\n|t:|1647195288\n|switch|p2a: Clout lion|Landorus-Therian, M|100\/100|[from]move: U-turn\n|-ability|p2a: Clout lion|Intimidate|boost\n|-unboost|p1a: Garchomp|atk|1\n|\n|-heal|p1a: Garchomp|80\/100|[from] Grassy Terrain\n|upkeep\n|turn|12\n|\n|t:|1647195297\n|move|p1a: Garchomp|Swords Dance|p1a: Garchomp\n|-boost|p1a: Garchomp|atk|2\n|move|p2a: Clout lion|Earth Power|p1a: Garchomp\n|-damage|p1a: Garchomp|46\/100\n|\n|-heal|p1a: Garchomp|52\/100|[from] Grassy Terrain\n|upkeep\n|turn|13\n|c|\u2606Sp0oNl0rD|ah makes sense\n|\n|t:|1647195307\n|move|p1a: Garchomp|Scale Shot|p2a: Clout lion\n|-damage|p2a: Clout lion|82\/100\n|-damage|p2a: Clout lion|63\/100\n|-damage|p2a: Clout lion|43\/100\n|-damage|p2a: Clout lion|21\/100\n|-hitcount|p2a: Clout lion|4\n|-unboost|p1a: Garchomp|def|1\n|-boost|p1a: Garchomp|spe|1\n|move|p2a: Clout lion|Toxic|p1a: Garchomp\n|-status|p1a: Garchomp|tox\n|\n|-heal|p1a: Garchomp|58\/100 tox|[from] Grassy Terrain\n|-heal|p2a: Clout lion|27\/100|[from] item: Leftovers\n|-damage|p1a: Garchomp|52\/100 tox|[from] psn\n|upkeep\n|turn|14\n|\n|t:|1647195321\n|switch|p2a: Behemoth|Slowbro, F|100\/100\n|move|p1a: Garchomp|Scale Shot|p2a: Behemoth\n|-damage|p2a: Behemoth|87\/100\n|-damage|p2a: Behemoth|74\/100\n|-hitcount|p2a: Behemoth|2\n|-unboost|p1a: Garchomp|def|1\n|-boost|p1a: Garchomp|spe|1\n|\n|-heal|p1a: Garchomp|58\/100 tox|[from] Grassy Terrain\n|-heal|p2a: Behemoth|80\/100|[from] Grassy Terrain\n|-damage|p1a: Garchomp|46\/100 tox|[from] psn\n|upkeep\n|turn|15\n|\n|t:|1647195337\n|switch|p1a: Dragapult|Dragapult, M|100\/100\n|move|p2a: Behemoth|Slack Off|p2a: Behemoth\n|-heal|p2a: Behemoth|100\/100\n|\n|-fieldend|move: Grassy Terrain\n|upkeep\n|turn|16\n|\n|t:|1647195345\n|move|p1a: Dragapult|Dragon Dance|p1a: Dragapult\n|-boost|p1a: Dragapult|atk|1\n|-boost|p1a: Dragapult|spe|1\n|move|p2a: Behemoth|Teleport|p2a: Behemoth\n|\n|t:|1647195349\n|switch|p2a: Broly|Rillaboom, F, shiny|100\/100|[from]move: Teleport\n|-fieldstart|move: Grassy Terrain|[from] ability: Grassy Surge|[of] p2a: Broly\n|\n|upkeep\n|turn|17\n|\n|t:|1647195356\n|switch|p2a: Clout lion|Landorus-Therian, M|27\/100\n|-ability|p2a: Clout lion|Intimidate|boost\n|-fail|p1a: Dragapult|unboost|[from] ability: Clear Body|[of] p1a: Dragapult\n|move|p1a: Dragapult|Dragon Darts|p2a: Clout lion\n|-crit|p2a: Clout lion\n|-damage|p2a: Clout lion|0 fnt\n|faint|p2a: Clout lion\n|-damage|p1a: Dragapult|91\/100|[from] item: Life Orb\n|\n|-heal|p1a: Dragapult|97\/100|[from] Grassy Terrain\n|upkeep\n|\n|t:|1647195366\n|switch|p2a: berserker|Hawlucha, M, shiny|100\/100\n|-enditem|p2a: berserker|Grassy Seed\n|-boost|p2a: berserker|def|1|[from] item: Grassy Seed\n|turn|18\n|\n|t:|1647195371\n|switch|p1a: Garchomp|Garchomp, F|46\/100 tox\n|move|p2a: berserker|Swords Dance|p2a: berserker\n|-boost|p2a: berserker|atk|2\n|\n|-heal|p1a: Garchomp|52\/100 tox|[from] Grassy Terrain\n|-damage|p1a: Garchomp|46\/100 tox|[from] psn\n|upkeep\n|turn|19\n|\n|t:|1647195382\n|move|p2a: berserker|Acrobatics|p1a: Garchomp\n|-damage|p1a: Garchomp|0 fnt\n|-damage|p2a: berserker|88\/100|[from] ability: Rough Skin|[of] p1a: Garchomp\n|faint|p1a: Garchomp\n|\n|upkeep\n|\n|t:|1647195384\n|switch|p1a: Thundurus|Thundurus, M|81\/100\n|turn|20\n|\n|t:|1647195389\n|move|p1a: Thundurus|Thunder Wave|p2a: berserker\n|-status|p2a: berserker|par\n|move|p2a: berserker|Stone Edge|p1a: Thundurus\n|-supereffective|p1a: Thundurus\n|-damage|p1a: Thundurus|0 fnt\n|faint|p1a: Thundurus\n|\n|-fieldend|move: Grassy Terrain\n|upkeep\n|\n|t:|1647195399\n|switch|p1a: Kartana|Kartana, shiny|100\/100\n|turn|21\n|\n|t:|1647195402\n|move|p1a: Kartana|Leaf Blade|p2a: berserker\n|-resisted|p2a: berserker\n|-damage|p2a: berserker|67\/100 par\n|move|p2a: berserker|Close Combat|p1a: Kartana\n|-supereffective|p1a: Kartana\n|-damage|p1a: Kartana|0 fnt\n|-unboost|p2a: berserker|def|1\n|-unboost|p2a: berserker|spd|1\n|faint|p1a: Kartana\n|\n|upkeep\n|\n|t:|1647195405\n|switch|p1a: Dragapult|Dragapult, M|97\/100\n|turn|22\n|\n|t:|1647195413\n|move|p1a: Dragapult|Dragon Darts|p2a: berserker\n|-damage|p2a: berserker|17\/100 par\n|-anim|p1a: Dragapult|Dragon Darts|p2a: berserker\n|-damage|p2a: berserker|0 fnt\n|faint|p2a: berserker\n|-damage|p1a: Dragapult|87\/100|[from] item: Life Orb\n|\n|upkeep\n|\n|t:|1647195419\n|switch|p2a: Clout frog|Heatran, M|100\/100\n|-item|p2a: Clout frog|Air Balloon\n|turn|23\n|\n|t:|1647195424\n|move|p1a: Dragapult|Dragon Dance|p1a: Dragapult\n|-boost|p1a: Dragapult|atk|1\n|-boost|p1a: Dragapult|spe|1\n|move|p2a: Clout frog|Earth Power|p1a: Dragapult\n|-damage|p1a: Dragapult|41\/100\n|\n|upkeep\n|turn|24\n|\n|t:|1647195431\n|switch|p2a: Behemoth|Slowbro, F|100\/100\n|move|p1a: Dragapult|Phantom Force||[still]\n|-prepare|p1a: Dragapult|Phantom Force\n|\n|upkeep\n|turn|25\n|\n|t:|1647195437\n|move|p1a: Dragapult|Phantom Force|p2a: Behemoth|[from]lockedmove\n|-supereffective|p2a: Behemoth\n|-damage|p2a: Behemoth|0 fnt\n|faint|p2a: Behemoth\n|-damage|p1a: Dragapult|31\/100|[from] item: Life Orb\n|\n|upkeep\n|\n|t:|1647195442\n|switch|p2a: Broly|Rillaboom, F, shiny|100\/100\n|-fieldstart|move: Grassy Terrain|[from] ability: Grassy Surge|[of] p2a: Broly\n|turn|26\n|\n|t:|1647195446\n|switch|p1a: Melmetal|Melmetal|94\/100\n|move|p2a: Broly|Grassy Glide|p1a: Melmetal\n|-resisted|p1a: Melmetal\n|-damage|p1a: Melmetal|81\/100\n|\n|-heal|p1a: Melmetal|87\/100|[from] Grassy Terrain\n|upkeep\n|turn|27\n|\n|t:|1647195457\n|switch|p1a: Dragapult|Dragapult, M|31\/100\n|move|p2a: Broly|Superpower|p1a: Dragapult\n|-immune|p1a: Dragapult\n|\n|-heal|p1a: Dragapult|37\/100|[from] Grassy Terrain\n|upkeep\n|turn|28\n|\n|t:|1647195466\n|move|p2a: Broly|Grassy Glide|p1a: Dragapult\n|-resisted|p1a: Dragapult\n|-damage|p1a: Dragapult|0 fnt\n|faint|p1a: Dragapult\n|\n|upkeep\n|\n|t:|1647195467\n|switch|p1a: Melmetal|Melmetal|87\/100\n|turn|29\n|\n|t:|1647195472\n|move|p2a: Broly|Superpower|p1a: Melmetal\n|-supereffective|p1a: Melmetal\n|-damage|p1a: Melmetal|34\/100\n|-unboost|p2a: Broly|atk|1\n|-unboost|p2a: Broly|def|1\n|move|p1a: Melmetal|Double Iron Bash|p2a: Broly\n|-damage|p2a: Broly|29\/100\n|-damage|p2a: Broly|0 fnt\n|faint|p2a: Broly\n|-hitcount|p2: Broly|2\n|\n|-heal|p1a: Melmetal|40\/100|[from] Grassy Terrain\n|upkeep\n|c|\u2606RedDiamond1024|gg\n|l| Zero0ne1\n|\n|t:|1647195482\n|switch|p2a: Clout frog|Heatran, M|100\/100\n|-item|p2a: Clout frog|Air Balloon\n|turn|30\n|c|\u2606Sp0oNl0rD|gg\n|\n|t:|1647195487\n|move|p2a: Clout frog|Eruption|p1a: Melmetal\n|-supereffective|p1a: Melmetal\n|-damage|p1a: Melmetal|0 fnt\n|faint|p1a: Melmetal\n|\n|win|RedDiamond1024\n|l|\u2606Sp0oNl0rD\n|j| on tha ladder pack\n|l| on tha ladder pack\n","uploadtime":1647197150,"views":151,"p1id":"sp0onl0rd","p2id":"reddiamond1024","formatid":"gen8ou","rating":0,"private":0,"password":null}