{"id":"gen8ou-1627936103","p1":"LT91BB L moment","p2":"ArianaBlonde","format":"gen8ou","log":"|raw|<div class=\"broadcast-blue\"><strong>This battle is required to be public due to a player having a name starting with 'lt91bb'.<\/div>\n|j|\u2606LT91BB L moment\n|j|\u2606ArianaBlonde\n|t:|1659114620\n|gametype|singles\n|player|p1|LT91BB L moment|wulfric|1416\n|player|p2|ArianaBlonde|dawn-gen4pt|1410\n|teamsize|p1|6\n|teamsize|p2|6\n|gen|8\n|tier|[Gen 8] OU\n|rated|\n|rule|Sleep Clause Mod: Limit one foe put to sleep\n|rule|Species Clause: Limit one of each Pok\u00e9mon\n|rule|OHKO Clause: OHKO moves are banned\n|rule|Evasion Moves Clause: Evasion moves are banned\n|rule|Endless Battle Clause: Forcing endless battles is banned\n|rule|HP Percentage Mod: HP is shown in percentages\n|rule|Dynamax Clause: You cannot dynamax\n|clearpoke\n|poke|p1|Ninetales-Alola, M|\n|poke|p1|Bewear, M|\n|poke|p1|Garchomp, M|\n|poke|p1|Rillaboom, F|\n|poke|p1|Zeraora|\n|poke|p1|Kartana|\n|poke|p2|Zapdos-Galar|\n|poke|p2|Slowking, F|\n|poke|p2|Ferrothorn, F|\n|poke|p2|Weavile, F|\n|poke|p2|Landorus-Therian, M|\n|poke|p2|Regieleki|\n|teampreview\n|\n|t:|1659114640\n|start\n|switch|p1a: THE FURRY|Ninetales-Alola, M|100\/100\n|switch|p2a: Slowking|Slowking, F|100\/100\n|-weather|Hail|[from] ability: Snow Warning|[of] p1a: THE FURRY\n|turn|1\n|\n|t:|1659114644\n|move|p1a: THE FURRY|Aurora Veil|p1a: THE FURRY\n|-sidestart|p1: LT91BB L moment|move: Aurora Veil\n|move|p2a: Slowking|Future Sight|p1a: THE FURRY\n|-start|p2a: Slowking|move: Future Sight\n|\n|-weather|Hail|[upkeep]\n|-damage|p2a: Slowking|94\/100|[from] Hail\n|upkeep\n|turn|2\n|\n|t:|1659114654\n|switch|p1a: Kartana|Kartana|100\/100\n|move|p2a: Slowking|Teleport|p2a: Slowking\n|\n|t:|1659114659\n|switch|p2a: Zapdos|Zapdos-Galar|100\/100|[from]move: Teleport\n|\n|-weather|Hail|[upkeep]\n|-damage|p1a: Kartana|94\/100|[from] Hail\n|-damage|p2a: Zapdos|94\/100|[from] Hail\n|upkeep\n|turn|3\n|\n|t:|1659114665\n|switch|p1a: THE BEAR|Bewear, M|100\/100\n|move|p2a: Zapdos|Close Combat|p1a: THE BEAR\n|-supereffective|p1a: THE BEAR\n|-damage|p1a: THE BEAR|51\/100\n|-unboost|p2a: Zapdos|def|1\n|-unboost|p2a: Zapdos|spd|1\n|\n|-weather|Hail|[upkeep]\n|-damage|p2a: Zapdos|88\/100|[from] Hail\n|-damage|p1a: THE BEAR|45\/100|[from] Hail\n|-end|p1a: THE BEAR|move: Future Sight\n|-supereffective|p1a: THE BEAR\n|-damage|p1a: THE BEAR|0 fnt\n|faint|p1a: THE BEAR\n|upkeep\n|\n|t:|1659114674\n|switch|p1a: Kartana|Kartana|94\/100\n|turn|4\n|\n|t:|1659114677\n|move|p1a: Kartana|Swords Dance|p1a: Kartana\n|-boost|p1a: Kartana|atk|2\n|move|p2a: Zapdos|Close Combat|p1a: Kartana\n|-supereffective|p1a: Kartana\n|-damage|p1a: Kartana|23\/100\n|-unboost|p2a: Zapdos|def|1\n|-unboost|p2a: Zapdos|spd|1\n|\n|-weather|Hail|[upkeep]\n|-damage|p1a: Kartana|17\/100|[from] Hail\n|-damage|p2a: Zapdos|82\/100|[from] Hail\n|upkeep\n|turn|5\n|\n|t:|1659114696\n|move|p1a: Kartana|Sacred Sword|p2a: Zapdos\n|-resisted|p2a: Zapdos\n|-crit|p2a: Zapdos\n|-damage|p2a: Zapdos|12\/100\n|-damage|p1a: Kartana|7\/100|[from] item: Life Orb\n|move|p2a: Zapdos|Close Combat|p1a: Kartana\n|-supereffective|p1a: Kartana\n|-damage|p1a: Kartana|0 fnt\n|-unboost|p2a: Zapdos|def|1\n|-unboost|p2a: Zapdos|spd|1\n|faint|p1a: Kartana\n|\n|-weather|none\n|upkeep\n|\n|t:|1659114708\n|switch|p1a: THE FURRY|Ninetales-Alola, M|100\/100\n|-weather|Hail|[from] ability: Snow Warning|[of] p1a: THE FURRY\n|turn|6\n|\n|t:|1659114713\n|switch|p2a: Slowking|Slowking, F|100\/100\n|move|p1a: THE FURRY|Freeze-Dry|p2a: Slowking\n|-supereffective|p2a: Slowking\n|-damage|p2a: Slowking|75\/100\n|\n|-weather|Hail|[upkeep]\n|-damage|p2a: Slowking|68\/100|[from] Hail\n|upkeep\n|turn|7\n|\n|t:|1659114734\n|switch|p1a: THE MONKE|Rillaboom, F|100\/100\n|-fieldstart|move: Grassy Terrain|[from] ability: Grassy Surge|[of] p1a: THE MONKE\n|move|p2a: Slowking|Future Sight|p1a: THE MONKE\n|-start|p2a: Slowking|move: Future Sight\n|\n|-weather|Hail|[upkeep]\n|-damage|p1a: THE MONKE|94\/100|[from] Hail\n|-damage|p2a: Slowking|62\/100|[from] Hail\n|-heal|p1a: THE MONKE|100\/100|[from] Grassy Terrain\n|-heal|p2a: Slowking|68\/100|[from] Grassy Terrain\n|upkeep\n|turn|8\n|\n|t:|1659114765\n|switch|p2a: Ferrothorn|Ferrothorn, F|100\/100\n|move|p1a: THE MONKE|Swords Dance|p1a: THE MONKE\n|-boost|p1a: THE MONKE|atk|2\n|\n|-weather|Hail|[upkeep]\n|-damage|p1a: THE MONKE|94\/100|[from] Hail\n|-damage|p2a: Ferrothorn|95\/100|[from] Hail\n|-heal|p1a: THE MONKE|100\/100|[from] Grassy Terrain\n|-heal|p2a: Ferrothorn|100\/100|[from] Grassy Terrain\n|-sideend|p1: LT91BB L moment|move: Aurora Veil\n|upkeep\n|turn|9\n|\n|t:|1659114773\n|switch|p2a: Landorus|Landorus-Therian, M|100\/100\n|-ability|p2a: Landorus|Intimidate|boost\n|-unboost|p1a: THE MONKE|atk|1\n|move|p1a: THE MONKE|Superpower|p2a: Landorus\n|-resisted|p2a: Landorus\n|-damage|p2a: Landorus|63\/100\n|-unboost|p1a: THE MONKE|atk|1\n|-unboost|p1a: THE MONKE|def|1\n|-damage|p1a: THE MONKE|91\/100|[from] item: Life Orb\n|\n|-weather|Hail|[upkeep]\n|-damage|p1a: THE MONKE|84\/100|[from] Hail\n|-damage|p2a: Landorus|57\/100|[from] Hail\n|-end|p1a: THE MONKE|move: Future Sight\n|-crit|p1a: THE MONKE\n|-damage|p1a: THE MONKE|0 fnt\n|faint|p1a: THE MONKE\n|-heal|p2a: Landorus|63\/100|[from] item: Leftovers\n|upkeep\n|-message|LT91BB L moment forfeited.\n|\n|win|ArianaBlonde\n|raw|LT91BB L moment's rating: 1416 &rarr; <strong>1396<\/strong><br \/>(-20 for losing)\n|raw|ArianaBlonde's rating: 1410 &rarr; <strong>1430<\/strong><br \/>(+20 for winning)\n|l|\u2606LT91BB L moment\n||Ladder isn't responding, score probably updated but might not have (Request timeout).\n","uploadtime":1659114855,"views":21,"p1id":"lt91bblmoment","p2id":"arianablonde","formatid":"gen8ou","rating":1396,"private":0,"password":null}