{"id":"gen8ou-1387229662","p1":"BestixL \u263e","p2":"LT84JM Bardock","format":"gen8ou","log":"|raw|<div class=\"broadcast-blue\"><strong>This battle is required to be public due to a player having a name starting with 'lt84jm'.<\/div>\n|j|\u2606BestixL \u263e\n|j|\u2606LT84JM Bardock\n|t:|1627690088\n|gametype|singles\n|player|p1|BestixL \u263e|marley|1890\n|player|p2|LT84JM Bardock|hilbert-wonderlauncher|1729\n|teamsize|p1|6\n|teamsize|p2|6\n|gen|8\n|tier|[Gen 8] OU\n|rated|\n|rule|Sleep Clause Mod: Limit one foe put to sleep\n|rule|Species Clause: Limit one of each Pok\u00e9mon\n|rule|OHKO Clause: OHKO moves are banned\n|rule|Evasion Moves Clause: Evasion moves are banned\n|rule|Endless Battle Clause: Forcing endless battles is banned\n|rule|HP Percentage Mod: HP is shown in percentages\n|rule|Dynamax Clause: You cannot dynamax\n|clearpoke\n|poke|p1|Mamoswine, M|\n|poke|p1|Landorus-Therian, M|\n|poke|p1|Volcanion|\n|poke|p1|Toxapex, M|\n|poke|p1|Corviknight, M|\n|poke|p1|Dragapult, F|\n|poke|p2|Tapu Fini|\n|poke|p2|Landorus-Therian, M|\n|poke|p2|Dragonite, F|\n|poke|p2|Magnezone|\n|poke|p2|Weavile, F|\n|poke|p2|Kartana|\n|teampreview\n|inactive|Battle timer is ON: inactive players will automatically lose when time's up. (requested by BestixL \u263e)\n|j| OnGroveStreet\n|\n|t:|1627690113\n|start\n|switch|p1a: just friends|Toxapex, M, shiny|100\/100\n|switch|p2a: Landorus|Landorus-Therian, M|100\/100\n|-ability|p2a: Landorus|Intimidate|boost\n|-unboost|p1a: just friends|atk|1\n|turn|1\n|j| glava222\n|c| OnGroveStreet|glhf\n|\n|t:|1627690118\n|move|p2a: Landorus|Stealth Rock|p1a: just friends\n|-sidestart|p1: BestixL \u263e|move: Stealth Rock\n|move|p1a: just friends|Knock Off|p2a: Landorus\n|-damage|p2a: Landorus|91\/100\n|-enditem|p2a: Landorus|Normal Gem|[from] move: Knock Off|[of] p1a: just friends\n|\n|upkeep\n|turn|2\n|\n|t:|1627690128\n|switch|p1a: no space|Landorus-Therian, M|100\/100\n|-damage|p1a: no space|88\/100|[from] Stealth Rock\n|-ability|p1a: no space|Intimidate|boost\n|-unboost|p2a: Landorus|atk|1\n|move|p2a: Landorus|Swords Dance|p2a: Landorus\n|-boost|p2a: Landorus|atk|2\n|\n|-heal|p1a: no space|94\/100|[from] item: Leftovers\n|upkeep\n|turn|3\n|\n|t:|1627690138\n|move|p2a: Landorus|Explosion|p1a: no space\n|-damage|p1a: no space|0 fnt\n|faint|p2a: Landorus\n|faint|p1a: no space\n|\n|upkeep\n|j| LT81YL Ruby\n|\n|t:|1627690150\n|switch|p2a: Tapu Fini|Tapu Fini|100\/100\n|switch|p1a: just friends|Toxapex, M, shiny|100\/100\n|-fieldstart|move: Misty Terrain|[from] ability: Misty Surge|[of] p2a: Tapu Fini\n|-damage|p1a: just friends|88\/100|[from] Stealth Rock\n|turn|4\n|\n|t:|1627690158\n|move|p2a: Tapu Fini|Whirlpool|p1a: just friends\n|-resisted|p1a: just friends\n|-damage|p1a: just friends|85\/100\n|-activate|p1a: just friends|move: Whirlpool|[of] p2a: Tapu Fini\n|move|p1a: just friends|Knock Off|p2a: Tapu Fini\n|-resisted|p2a: Tapu Fini\n|-damage|p2a: Tapu Fini|94\/100\n|-enditem|p2a: Tapu Fini|Leftovers|[from] move: Knock Off|[of] p1a: just friends\n|\n|-heal|p1a: just friends|91\/100|[from] item: Black Sludge\n|-damage|p1a: just friends|78\/100|[from] move: Whirlpool|[partiallytrapped]\n|upkeep\n|turn|5\n|\n|t:|1627690164\n|move|p2a: Tapu Fini|Taunt|p1a: just friends\n|-start|p1a: just friends|move: Taunt\n|cant|p1a: just friends|move: Taunt|Recover\n|\n|-heal|p1a: just friends|84\/100|[from] item: Black Sludge\n|-damage|p1a: just friends|72\/100|[from] move: Whirlpool|[partiallytrapped]\n|upkeep\n|turn|6\n|\n|t:|1627690167\n|move|p2a: Tapu Fini|Nature's Madness|p1a: just friends\n|-damage|p1a: just friends|36\/100\n|move|p1a: just friends|Knock Off|p2a: Tapu Fini\n|-resisted|p2a: Tapu Fini\n|-damage|p2a: Tapu Fini|89\/100\n|\n|-heal|p1a: just friends|42\/100|[from] item: Black Sludge\n|-damage|p1a: just friends|30\/100|[from] move: Whirlpool|[partiallytrapped]\n|upkeep\n|turn|7\n|\n|t:|1627690172\n|move|p2a: Tapu Fini|Moonblast|p1a: just friends\n|-resisted|p1a: just friends\n|-damage|p1a: just friends|21\/100\n|move|p1a: just friends|Knock Off|p2a: Tapu Fini\n|-resisted|p2a: Tapu Fini\n|-damage|p2a: Tapu Fini|84\/100\n|\n|-heal|p1a: just friends|27\/100|[from] item: Black Sludge\n|-damage|p1a: just friends|14\/100|[from] move: Whirlpool|[partiallytrapped]\n|-end|p1a: just friends|move: Taunt\n|upkeep\n|turn|8\n|c| OnGroveStreet|jolly or adamant rilla\n|\n|t:|1627690177\n|move|p2a: Tapu Fini|Taunt|p1a: just friends\n|-start|p1a: just friends|move: Taunt\n|cant|p1a: just friends|move: Taunt|Recover\n|\n|-heal|p1a: just friends|20\/100|[from] item: Black Sludge\n|-damage|p1a: just friends|8\/100|[from] move: Whirlpool|[partiallytrapped]\n|-fieldend|Misty Terrain\n|upkeep\n|turn|9\n|\n|t:|1627690181\n|move|p2a: Tapu Fini|Moonblast|p1a: just friends\n|-resisted|p1a: just friends\n|-damage|p1a: just friends|0 fnt\n|faint|p1a: just friends\n|\n|upkeep\n|c|\u2606LT84JM Bardock|modest\n|c| OnGroveStreet|nice\n|c| OnGroveStreet|i like timid\n|c|\u2606LT84JM Bardock|same\n|\n|t:|1627690207\n|switch|p1a: Itsuki|Volcanion|100\/100\n|-damage|p1a: Itsuki|76\/100|[from] Stealth Rock\n|turn|10\n|c|\u2606LT84JM Bardock|because i'm timid in real life\n|c| OnGroveStreet|aye\n|\n|t:|1627690225\n|switch|p2a: Dragonite|Dragonite, F|100\/100\n|move|p1a: Itsuki|Sludge Wave|p2a: Dragonite\n|-damage|p2a: Dragonite|84\/100\n|\n|upkeep\n|turn|11\n|\n|t:|1627690232\n|switch|p1a: the reaper|Corviknight, M, shiny|100\/100\n|-damage|p1a: the reaper|88\/100|[from] Stealth Rock\n|-ability|p1a: the reaper|Pressure\n|move|p2a: Dragonite|Earthquake|p1a: the reaper\n|-immune|p1a: the reaper\n|\n|-heal|p1a: the reaper|94\/100|[from] item: Leftovers\n|upkeep\n|turn|12\n|\n|t:|1627690236\n|switch|p2a: Magnezone|Magnezone|100\/100\n|move|p1a: the reaper|Defog|p2a: Magnezone\n|-unboost|p2a: Magnezone|evasion|1\n|-sideend|p1: BestixL \u263e|Stealth Rock|[from] move: Defog|[of] p1a: the reaper\n|\n|-heal|p1a: the reaper|99\/100|[from] item: Leftovers\n|upkeep\n|turn|13\n|\n|t:|1627690241\n|move|p2a: Magnezone|Thunderbolt|p1a: the reaper\n|-supereffective|p1a: the reaper\n|-damage|p1a: the reaper|6\/100\n|move|p1a: the reaper|Body Press|p2a: Magnezone\n|-supereffective|p2a: Magnezone\n|-crit|p2a: Magnezone\n|-enditem|p2a: Magnezone|Chople Berry|[eat]\n|-enditem|p2a: Magnezone|Chople Berry|[weaken]\n|-damage|p2a: Magnezone|69\/100\n|\n|-heal|p1a: the reaper|12\/100|[from] item: Leftovers\n|upkeep\n|turn|14\n|\n|t:|1627690249\n|move|p2a: Magnezone|Thunderbolt|p1a: the reaper\n|-supereffective|p1a: the reaper\n|-damage|p1a: the reaper|0 fnt\n|faint|p1a: the reaper\n|\n|upkeep\n|\n|t:|1627690266\n|switch|p1a: Yotsuba|Dragapult, F|100\/100\n|turn|15\n|\n|t:|1627690290\n|move|p1a: Yotsuba|Dragon Dance|p1a: Yotsuba\n|-boost|p1a: Yotsuba|atk|1\n|-boost|p1a: Yotsuba|spe|1\n|move|p2a: Magnezone|Steel Beam|p1a: Yotsuba\n|-damage|p1a: Yotsuba|13\/100\n|-damage|p2a: Magnezone|19\/100|[from] mindblown\n|\n|-heal|p1a: Yotsuba|19\/100|[from] item: Leftovers\n|upkeep\n|turn|16\n|\n|t:|1627690297\n|move|p1a: Yotsuba|Dragon Darts|p2a: Magnezone\n|-resisted|p2a: Magnezone\n|-damage|p2a: Magnezone|3\/100\n|-anim|p1a: Yotsuba|Dragon Darts|p2a: Magnezone\n|-resisted|p2a: Magnezone\n|-damage|p2a: Magnezone|0 fnt\n|faint|p2a: Magnezone\n|\n|-heal|p1a: Yotsuba|25\/100|[from] item: Leftovers\n|upkeep\n|c| OnGroveStreet|my favorite is adamant blissey\n|\n|t:|1627690304\n|switch|p2a: Weavile|Weavile, F|100\/100\n|-ability|p2a: Weavile|Pressure\n|turn|17\n|c| OnGroveStreet|with a choice band\n|c|\u2606LT84JM Bardock|same\n|c|\u2606LT84JM Bardock|with giga impact\n|\n|t:|1627690332\n|switch|p1a: 2 soon|Mamoswine, M|100\/100\n|move|p2a: Weavile|Ice Shard|p1a: 2 soon\n|-crit|p1a: 2 soon\n|-damage|p1a: 2 soon|84\/100\n|\n|-heal|p1a: 2 soon|90\/100|[from] item: Leftovers\n|upkeep\n|turn|18\n|c|\u2606LT84JM Bardock|and calm mind in case the opponent knocks my item\n|c| OnGroveStreet|exactly\n|c|\u2606LT84JM Bardock|do you hear btw\n|c|\u2606LT84JM Bardock|the wolves\n|inactive|LT84JM Bardock has 120 seconds left.\n|c| OnGroveStreet|ye\n|c|\u2606LT84JM Bardock|:O\n|\n|t:|1627690384\n|switch|p2a: Dragonite|Dragonite, F|84\/100\n|move|p1a: 2 soon|Heavy Slam|p2a: Dragonite\n|-damage|p2a: Dragonite|66\/100\n|\n|-heal|p1a: 2 soon|96\/100|[from] item: Leftovers\n|upkeep\n|turn|19\n|\n|t:|1627690394\n|move|p1a: 2 soon|Ice Shard|p2a: Dragonite\n|-supereffective|p2a: Dragonite\n|-damage|p2a: Dragonite|0 fnt\n|faint|p2a: Dragonite\n|\n|-heal|p1a: 2 soon|100\/100|[from] item: Leftovers\n|upkeep\n|\n|t:|1627690407\n|switch|p2a: Kartana|Kartana|100\/100\n|turn|20\n|\n|t:|1627690412\n|switch|p1a: Yotsuba|Dragapult, F|25\/100\n|move|p2a: Kartana|Knock Off|p1a: Yotsuba\n|-supereffective|p1a: Yotsuba\n|-damage|p1a: Yotsuba|0 fnt\n|-enditem|p1a: Yotsuba|Leftovers|[from] move: Knock Off|[of] p2a: Kartana\n|faint|p1a: Yotsuba\n|-ability|p2a: Kartana|Beast Boost|boost\n|-boost|p2a: Kartana|atk|1\n|\n|upkeep\n|\n|t:|1627690416\n|switch|p1a: Itsuki|Volcanion|76\/100\n|turn|21\n|\n|t:|1627690420\n|move|p2a: Kartana|Leaf Blade|p1a: Itsuki\n|-damage|p1a: Itsuki|0 fnt\n|faint|p1a: Itsuki\n|-ability|p2a: Kartana|Beast Boost|boost\n|-boost|p2a: Kartana|atk|1\n|\n|upkeep\n|c| OnGroveStreet|cb bliss 195 attack\n|-message|BestixL \u263e forfeited.\n|\n|win|LT84JM Bardock\n|raw|BestixL \u263e's rating: 1866 &rarr; <strong>1839<\/strong><br \/>(-27 for losing)\n|raw|LT84JM Bardock's rating: 1748 &rarr; <strong>1775<\/strong><br \/>(+27 for winning)\n|l|\u2606BestixL \u263e\n|c| LT81YL Ruby|MDRRRR\n|c| OnGroveStreet|giga impact\n","uploadtime":1627690431,"views":375,"p1id":"bestixl","p2id":"lt84jmbardock","formatid":"gen8ou","rating":1775,"private":0,"password":null}