{"id":"gen8ou-1297344662","p1":"Hgfhhfghfff","p2":"spirs","format":"gen8ou","log":"|j|\u2606Hgfhhfghfff\n|j|\u2606spirs\n|t:|1615247338\n|player|p1|Hgfhhfghfff|101|1520\n|player|p2|spirs|furisodegirl-black|1464\n|teamsize|p1|6\n|teamsize|p2|6\n|gametype|singles\n|gen|8\n|tier|[Gen 8] OU\n|rated|\n|clearpoke\n|poke|p1|Mandibuzz, F|\n|poke|p1|Zeraora|\n|poke|p1|Rillaboom, M|\n|poke|p1|Jirachi|\n|poke|p1|Keldeo-Resolute|\n|poke|p1|Nihilego|\n|poke|p2|Zapdos|\n|poke|p2|Slowbro, M|\n|poke|p2|Tapu Fini|\n|poke|p2|Magnezone|\n|poke|p2|Garchomp, F|\n|poke|p2|Krookodile, F|\n|rule|Sleep Clause Mod: Limit one foe put to sleep\n|rule|Species Clause: Limit one of each Pok\u00e9mon\n|rule|OHKO Clause: OHKO moves are banned\n|rule|Evasion Moves Clause: Evasion moves are banned\n|rule|Endless Battle Clause: Forcing endless battles is banned\n|rule|HP Percentage Mod: HP is shown in percentages\n|rule|Dynamax Clause: You cannot dynamax\n|teampreview\n|\n|t:|1615247373\n|start\n|switch|p1a: Keldeo|Keldeo-Resolute|100\/100\n|switch|p2a: Garchomp|Garchomp, F|100\/100\n|turn|1\n|\n|t:|1615247382\n|switch|p2a: Tapu Fini|Tapu Fini|100\/100\n|-fieldstart|move: Misty Terrain|[from] ability: Misty Surge|[of] p2a: Tapu Fini\n|move|p1a: Keldeo|Substitute|p1a: Keldeo\n|-start|p1a: Keldeo|Substitute\n|-damage|p1a: Keldeo|76\/100\n|\n|-heal|p1a: Keldeo|82\/100|[from] item: Leftovers\n|upkeep\n|turn|2\n|\n|t:|1615247385\n|move|p1a: Keldeo|Scald|p2a: Tapu Fini\n|-resisted|p2a: Tapu Fini\n|-damage|p2a: Tapu Fini|83\/100\n|move|p2a: Tapu Fini|Calm Mind|p2a: Tapu Fini\n|-boost|p2a: Tapu Fini|spa|1\n|-boost|p2a: Tapu Fini|spd|1\n|\n|-heal|p1a: Keldeo|88\/100|[from] item: Leftovers\n|-heal|p2a: Tapu Fini|89\/100|[from] item: Leftovers\n|upkeep\n|turn|3\n|\n|t:|1615247395\n|move|p1a: Keldeo|Secret Sword|p2a: Tapu Fini\n|-resisted|p2a: Tapu Fini\n|-damage|p2a: Tapu Fini|69\/100\n|move|p2a: Tapu Fini|Draining Kiss|p1a: Keldeo\n|-supereffective|p1a: Keldeo\n|-end|p1a: Keldeo|Substitute\n|-heal|p2a: Tapu Fini|86\/100|[from] drain|[of] p1a: Keldeo\n|\n|-heal|p1a: Keldeo|94\/100|[from] item: Leftovers\n|-heal|p2a: Tapu Fini|92\/100|[from] item: Leftovers\n|upkeep\n|turn|4\n|\n|t:|1615247402\n|switch|p1a: Jirachi|Jirachi, shiny|100\/100\n|move|p2a: Tapu Fini|Scald|p1a: Jirachi\n|-damage|p1a: Jirachi|47\/100\n|\n|-heal|p1a: Jirachi|54\/100|[from] item: Leftovers\n|-heal|p2a: Tapu Fini|98\/100|[from] item: Leftovers\n|upkeep\n|turn|5\n|\n|t:|1615247407\n|move|p1a: Jirachi|Iron Head|p2a: Tapu Fini\n|-damage|p2a: Tapu Fini|73\/100\n|cant|p2a: Tapu Fini|flinch\n|\n|-heal|p1a: Jirachi|60\/100|[from] item: Leftovers\n|-heal|p2a: Tapu Fini|79\/100|[from] item: Leftovers\n|-fieldend|Misty Terrain\n|upkeep\n|turn|6\n|\n|t:|1615247413\n|switch|p2a: Zapdos|Zapdos|100\/100\n|move|p1a: Jirachi|Iron Head|p2a: Zapdos\n|-resisted|p2a: Zapdos\n|-damage|p2a: Zapdos|86\/100\n|-status|p1a: Jirachi|par|[from] ability: Static|[of] p2a: Zapdos\n|\n|-heal|p1a: Jirachi|66\/100 par|[from] item: Leftovers\n|upkeep\n|turn|7\n|\n|t:|1615247421\n|switch|p1a: Nihilego|Nihilego, shiny|100\/100\n|move|p2a: Zapdos|Heat Wave|p1a: Nihilego\n|-resisted|p1a: Nihilego\n|-damage|p1a: Nihilego|87\/100\n|\n|upkeep\n|turn|8\n|\n|t:|1615247432\n|switch|p1a: Keldeo|Keldeo-Resolute|94\/100\n|switch|p2a: Magnezone|Magnezone|100\/100\n|\n|-heal|p1a: Keldeo|100\/100|[from] item: Leftovers\n|upkeep\n|turn|9\n|\n|t:|1615247439\n|switch|p2a: Tapu Fini|Tapu Fini|79\/100\n|-fieldstart|move: Misty Terrain|[from] ability: Misty Surge|[of] p2a: Tapu Fini\n|move|p1a: Keldeo|Substitute|p1a: Keldeo\n|-start|p1a: Keldeo|Substitute\n|-damage|p1a: Keldeo|76\/100\n|\n|-heal|p1a: Keldeo|82\/100|[from] item: Leftovers\n|-heal|p2a: Tapu Fini|85\/100|[from] item: Leftovers\n|upkeep\n|turn|10\n|\n|t:|1615247443\n|move|p1a: Keldeo|Scald|p2a: Tapu Fini\n|-resisted|p2a: Tapu Fini\n|-damage|p2a: Tapu Fini|70\/100\n|move|p2a: Tapu Fini|Draining Kiss|p1a: Keldeo\n|-supereffective|p1a: Keldeo\n|-end|p1a: Keldeo|Substitute\n|-heal|p2a: Tapu Fini|87\/100|[from] drain|[of] p1a: Keldeo\n|\n|-heal|p1a: Keldeo|88\/100|[from] item: Leftovers\n|-heal|p2a: Tapu Fini|93\/100|[from] item: Leftovers\n|upkeep\n|turn|11\n|\n|t:|1615247454\n|switch|p1a: Rillaboom|Rillaboom, M, shiny|100\/100\n|-fieldstart|move: Grassy Terrain|[from] ability: Grassy Surge|[of] p1a: Rillaboom\n|move|p2a: Tapu Fini|Scald|p1a: Rillaboom\n|-resisted|p1a: Rillaboom\n|-damage|p1a: Rillaboom|74\/100\n|-status|p1a: Rillaboom|brn\n|\n|-heal|p1a: Rillaboom|80\/100 brn|[from] Grassy Terrain\n|-heal|p2a: Tapu Fini|99\/100|[from] Grassy Terrain\n|-heal|p2a: Tapu Fini|100\/100|[from] item: Leftovers\n|-damage|p1a: Rillaboom|74\/100 brn|[from] brn\n|upkeep\n|turn|12\n|\n|t:|1615247461\n|switch|p2a: Zapdos|Zapdos|86\/100\n|move|p1a: Rillaboom|Wood Hammer|p2a: Zapdos\n|-resisted|p2a: Zapdos\n|-damage|p2a: Zapdos|51\/100\n|-damage|p1a: Rillaboom|61\/100 brn|[from] Recoil\n|\n|-heal|p1a: Rillaboom|67\/100 brn|[from] Grassy Terrain\n|-damage|p1a: Rillaboom|61\/100 brn|[from] brn\n|upkeep\n|turn|13\n|\n|t:|1615247473\n|move|p1a: Rillaboom|Wood Hammer|p2a: Zapdos\n|-resisted|p2a: Zapdos\n|-damage|p2a: Zapdos|20\/100\n|-damage|p1a: Rillaboom|49\/100 brn|[from] Recoil\n|move|p2a: Zapdos|Roost|p2a: Zapdos\n|-heal|p2a: Zapdos|70\/100\n|-singleturn|p2a: Zapdos|move: Roost\n|\n|-heal|p1a: Rillaboom|56\/100 brn|[from] Grassy Terrain\n|-heal|p2a: Zapdos|76\/100|[from] Grassy Terrain\n|-damage|p1a: Rillaboom|49\/100 brn|[from] brn\n|upkeep\n|turn|14\n|\n|t:|1615247480\n|switch|p1a: Nihilego|Nihilego, shiny|87\/100\n|move|p2a: Zapdos|Roost|p2a: Zapdos\n|-heal|p2a: Zapdos|100\/100\n|-singleturn|p2a: Zapdos|move: Roost\n|\n|-heal|p1a: Nihilego|93\/100|[from] Grassy Terrain\n|upkeep\n|turn|15\n|\n|t:|1615247488\n|switch|p2a: Magnezone|Magnezone|100\/100\n|move|p1a: Nihilego|Sludge Wave|p2a: Magnezone\n|-immune|p2a: Magnezone\n|\n|-heal|p1a: Nihilego|99\/100|[from] Grassy Terrain\n|-fieldend|move: Grassy Terrain\n|upkeep\n|turn|16\n|\n|t:|1615247496\n|switch|p1a: Jirachi|Jirachi, shiny|66\/100 par\n|move|p2a: Magnezone|Flash Cannon|p1a: Jirachi\n|-resisted|p1a: Jirachi\n|-damage|p1a: Jirachi|32\/100 par\n|\n|-heal|p1a: Jirachi|38\/100 par|[from] item: Leftovers\n|upkeep\n|turn|17\n|\n|t:|1615247502\n|switch|p2a: Zapdos|Zapdos|100\/100\n|cant|p1a: Jirachi|par\n|\n|-heal|p1a: Jirachi|44\/100 par|[from] item: Leftovers\n|upkeep\n|turn|18\n|\n|t:|1615247507\n|move|p2a: Zapdos|Heat Wave|p1a: Jirachi\n|-supereffective|p1a: Jirachi\n|-damage|p1a: Jirachi|0 fnt\n|faint|p1a: Jirachi\n|\n|upkeep\n|\n|t:|1615247514\n|switch|p1a: Zeraora|Zeraora, shiny|100\/100\n|turn|19\n|\n|t:|1615247521\n|move|p1a: Zeraora|Knock Off|p2a: Zapdos\n|-damage|p2a: Zapdos|72\/100\n|-enditem|p2a: Zapdos|Heavy-Duty Boots|[from] move: Knock Off|[of] p1a: Zeraora\n|move|p2a: Zapdos|Heat Wave|p1a: Zeraora|[miss]\n|-miss|p2a: Zapdos|p1a: Zeraora\n|\n|upkeep\n|turn|20\n|\n|t:|1615247528\n|move|p1a: Zeraora|Plasma Fists|p2a: Zapdos\n|-damage|p2a: Zapdos|28\/100\n|-fieldactivate|move: Ion Deluge\n|move|p2a: Zapdos|Heat Wave|p1a: Zeraora\n|-damage|p1a: Zeraora|46\/100\n|-status|p1a: Zeraora|brn\n|\n|-damage|p1a: Zeraora|40\/100 brn|[from] brn\n|upkeep\n|turn|21\n|\n|t:|1615247536\n|move|p1a: Zeraora|Volt Switch|p2a: Zapdos\n|-crit|p2a: Zapdos\n|-damage|p2a: Zapdos|0 fnt\n|faint|p2a: Zapdos\n|\n|t:|1615247543\n|switch|p1a: Rillaboom|Rillaboom, M, shiny|49\/100 brn|[from]move: Volt Switch\n|-fieldstart|move: Grassy Terrain|[from] ability: Grassy Surge|[of] p1a: Rillaboom\n|\n|-heal|p1a: Rillaboom|56\/100 brn|[from] Grassy Terrain\n|-damage|p1a: Rillaboom|49\/100 brn|[from] brn\n|upkeep\n|\n|t:|1615247550\n|switch|p2a: Magnezone|Magnezone|100\/100\n|turn|22\n|\n|t:|1615247555\n|move|p1a: Rillaboom|Drain Punch|p2a: Magnezone\n|-supereffective|p2a: Magnezone\n|-damage|p2a: Magnezone|61\/100\n|-heal|p1a: Rillaboom|69\/100 brn|[from] drain|[of] p2a: Magnezone\n|move|p2a: Magnezone|Flash Cannon|p1a: Rillaboom\n|-damage|p1a: Rillaboom|0 fnt\n|faint|p1a: Rillaboom\n|\n|-heal|p2a: Magnezone|67\/100|[from] Grassy Terrain\n|upkeep\n|\n|t:|1615247566\n|switch|p1a: Zeraora|Zeraora, shiny|40\/100 brn\n|turn|23\n|\n|t:|1615247573\n|move|p1a: Zeraora|Close Combat|p2a: Magnezone\n|-supereffective|p2a: Magnezone\n|-damage|p2a: Magnezone|27\/100\n|-unboost|p1a: Zeraora|def|1\n|-unboost|p1a: Zeraora|spd|1\n|move|p2a: Magnezone|Flash Cannon|p1a: Zeraora\n|-resisted|p1a: Zeraora\n|-damage|p1a: Zeraora|0 fnt\n|faint|p1a: Zeraora\n|\n|-heal|p2a: Magnezone|33\/100|[from] Grassy Terrain\n|upkeep\n|\n|t:|1615247583\n|switch|p1a: Nihilego|Nihilego, shiny|99\/100\n|turn|24\n|\n|t:|1615247586\n|move|p1a: Nihilego|Meteor Beam||[still]\n|-prepare|p1a: Nihilego|Meteor Beam\n|-boost|p1a: Nihilego|spa|1\n|-enditem|p1a: Nihilego|Power Herb\n|-anim|p1a: Nihilego|Meteor Beam|p2a: Magnezone|[miss]\n|-miss|p1a: Nihilego|p2a: Magnezone\n|move|p2a: Magnezone|Flash Cannon|p1a: Nihilego\n|-supereffective|p1a: Nihilego\n|-damage|p1a: Nihilego|8\/100\n|\n|-heal|p1a: Nihilego|14\/100|[from] Grassy Terrain\n|-heal|p2a: Magnezone|39\/100|[from] Grassy Terrain\n|upkeep\n|turn|25\n|\n|t:|1615247595\n|move|p1a: Nihilego|Thunderbolt|p2a: Magnezone\n|-resisted|p2a: Magnezone\n|-damage|p2a: Magnezone|16\/100\n|move|p2a: Magnezone|Flash Cannon|p1a: Nihilego\n|-supereffective|p1a: Nihilego\n|-damage|p1a: Nihilego|0 fnt\n|faint|p1a: Nihilego\n|\n|-heal|p2a: Magnezone|22\/100|[from] Grassy Terrain\n|-fieldend|move: Grassy Terrain\n|upkeep\n|inactive|Battle timer is ON: inactive players will automatically lose when time's up. (requested by spirs)\n|inactive|Hgfhhfghfff has 120 seconds left.\n|inactive|Hgfhhfghfff has 90 seconds left.\n|inactive|Hgfhhfghfff has 60 seconds left.\n|inactive|Hgfhhfghfff has 30 seconds left.\n|inactive|Hgfhhfghfff has 20 seconds left.\n|inactive|Hgfhhfghfff has 15 seconds left.\n|inactive|Hgfhhfghfff has 10 seconds left.\n|inactive|Hgfhhfghfff has 5 seconds left.\n|-message|Hgfhhfghfff lost due to inactivity.\n|\n|win|spirs\n|raw|Hgfhhfghfff's rating: 1520 &rarr; <strong>1497<\/strong><br \/>(-23 for losing)\n|raw|spirs's rating: 1464 &rarr; <strong>1487<\/strong><br \/>(+23 for winning)\n","uploadtime":1615247811,"views":7,"p1id":"hgfhhfghfff","p2id":"spirs","formatid":"gen8ou","rating":1487,"private":0,"password":null}