{"id":"gen8ou-1673813989","p1":"IIIodyne","p2":"JoJo Reference #10","format":"gen8ou","log":"|j|\u2606IIIodyne\n|j|\u2606JoJo Reference #10\n|t:|1664500232\n|gametype|singles\n|player|p1|IIIodyne|170|1737\n|player|p2|JoJo Reference #10|1|1748\n|teamsize|p1|6\n|teamsize|p2|6\n|gen|8\n|tier|[Gen 8] OU\n|rated|\n|rule|Sleep Clause Mod: Limit one foe put to sleep\n|rule|Species Clause: Limit one of each Pok\u00e9mon\n|rule|OHKO Clause: OHKO moves are banned\n|rule|Evasion Items Clause: Evasion items are banned\n|rule|Evasion Moves Clause: Evasion moves are banned\n|rule|Endless Battle Clause: Forcing endless battles is banned\n|rule|HP Percentage Mod: HP is shown in percentages\n|rule|Dynamax Clause: You cannot dynamax\n|clearpoke\n|poke|p1|Snorlax, F|\n|poke|p1|Suicune|\n|poke|p1|Melmetal|\n|poke|p1|Victini|\n|poke|p1|Landorus-Therian, M|\n|poke|p1|Zapdos|\n|poke|p2|Torkoal, F|\n|poke|p2|Venusaur, F|\n|poke|p2|Heatran, M|\n|poke|p2|Mandibuzz, F|\n|poke|p2|Rhyperior, M|\n|poke|p2|Volcanion|\n|teampreview\n|\n|t:|1664500250\n|start\n|switch|p1a: Landorus|Landorus-Therian, M|100\/100\n|switch|p2a: Torkoal|Torkoal, F|100\/100\n|-ability|p1a: Landorus|Intimidate|boost\n|-unboost|p2a: Torkoal|atk|1\n|-weather|SunnyDay|[from] ability: Drought|[of] p2a: Torkoal\n|turn|1\n|\n|t:|1664500254\n|move|p1a: Landorus|Earthquake|p2a: Torkoal\n|-supereffective|p2a: Torkoal\n|-damage|p2a: Torkoal|34\/100\n|move|p2a: Torkoal|Stealth Rock|p1a: Landorus\n|-sidestart|p1: IIIodyne|move: Stealth Rock\n|\n|-weather|SunnyDay|[upkeep]\n|upkeep\n|turn|2\n|\n|t:|1664500260\n|switch|p2a: Mandibuzz|Mandibuzz, F|100\/100\n|move|p1a: Landorus|Earthquake|p2a: Mandibuzz\n|-immune|p2a: Mandibuzz\n|\n|-weather|SunnyDay|[upkeep]\n|upkeep\n|turn|3\n|\n|t:|1664500263\n|switch|p1a: Zapdos|Zapdos|100\/100\n|move|p2a: Mandibuzz|U-turn|p1a: Zapdos\n|-resisted|p1a: Zapdos\n|-damage|p1a: Zapdos|94\/100\n|\n|t:|1664500269\n|switch|p2a: Heatran|Heatran, M|100\/100|[from]move: U-turn\n|\n|-weather|SunnyDay|[upkeep]\n|upkeep\n|turn|4\n|j| Iphone312\n|\n|t:|1664500275\n|switch|p1a: Snorlax|Snorlax, F|100\/100\n|-damage|p1a: Snorlax|88\/100|[from] Stealth Rock\n|move|p2a: Heatran|Magma Storm|p1a: Snorlax\n|-damage|p1a: Snorlax|72\/100\n|-activate|p1a: Snorlax|move: Magma Storm|[of] p2a: Heatran\n|\n|-weather|SunnyDay|[upkeep]\n|-heal|p1a: Snorlax|78\/100|[from] item: Leftovers\n|-damage|p1a: Snorlax|66\/100|[from] move: Magma Storm|[partiallytrapped]\n|upkeep\n|turn|5\n|\n|t:|1664500282\n|switch|p2a: Rhyperior|Rhyperior, M|100\/100\n|move|p1a: Snorlax|Body Slam|p2a: Rhyperior\n|-resisted|p2a: Rhyperior\n|-damage|p2a: Rhyperior|89\/100\n|\n|-weather|SunnyDay|[upkeep]\n|-heal|p2a: Rhyperior|96\/100|[from] item: Leftovers\n|-heal|p1a: Snorlax|72\/100|[from] item: Leftovers\n|-end|p1a: Snorlax|Magma Storm|[partiallytrapped]|[silent]\n|upkeep\n|turn|6\n|\n|t:|1664500306\n|switch|p1a: Melmetal|Melmetal|100\/100\n|-damage|p1a: Melmetal|94\/100|[from] Stealth Rock\n|move|p2a: Rhyperior|Swords Dance|p2a: Rhyperior\n|-boost|p2a: Rhyperior|atk|2\n|\n|-weather|SunnyDay|[upkeep]\n|-heal|p2a: Rhyperior|100\/100|[from] item: Leftovers\n|upkeep\n|turn|7\n|\n|t:|1664500313\n|switch|p1a: Landorus|Landorus-Therian, M|100\/100\n|-damage|p1a: Landorus|88\/100|[from] Stealth Rock\n|-ability|p1a: Landorus|Intimidate|boost\n|-unboost|p2a: Rhyperior|atk|1\n|move|p2a: Rhyperior|Earthquake|p1a: Landorus\n|-immune|p1a: Landorus\n|\n|-weather|SunnyDay|[upkeep]\n|upkeep\n|turn|8\n|j| HaxxIsPain\n|\n|t:|1664500319\n|move|p1a: Landorus|U-turn|p2a: Rhyperior\n|-damage|p2a: Rhyperior|81\/100\n|\n|t:|1664500321\n|switch|p1a: Suicune|Suicune|100\/100|[from]move: U-turn\n|-damage|p1a: Suicune|88\/100|[from] Stealth Rock\n|-ability|p1a: Suicune|Pressure\n|move|p2a: Rhyperior|Stone Edge|p1a: Suicune\n|-crit|p1a: Suicune\n|-damage|p1a: Suicune|8\/100\n|\n|-weather|none\n|-heal|p1a: Suicune|14\/100|[from] item: Leftovers\n|-heal|p2a: Rhyperior|87\/100|[from] item: Leftovers\n|upkeep\n|turn|9\n|j| Tactics4630\n|\n|t:|1664500328\n|switch|p2a: Volcanion|Volcanion|100\/100\n|move|p1a: Suicune|Scald|p2a: Volcanion\n|-immune|p2a: Volcanion|[from] ability: Water Absorb\n|\n|-heal|p1a: Suicune|20\/100|[from] item: Leftovers\n|upkeep\n|turn|10\n|\n|t:|1664500340\n|move|p2a: Volcanion|Steam Eruption|p1a: Suicune\n|-resisted|p1a: Suicune\n|-damage|p1a: Suicune|0 fnt\n|faint|p1a: Suicune\n|\n|upkeep\n|\n|t:|1664500344\n|switch|p1a: Zapdos|Zapdos|94\/100\n|turn|11\n|\n|t:|1664500348\n|switch|p2a: Rhyperior|Rhyperior, M|87\/100\n|move|p1a: Zapdos|Defog|p2a: Rhyperior\n|-unboost|p2a: Rhyperior|evasion|1\n|-sideend|p1: IIIodyne|Stealth Rock|[from] move: Defog|[of] p1a: Zapdos\n|\n|-heal|p2a: Rhyperior|93\/100|[from] item: Leftovers\n|upkeep\n|turn|12\n|\n|t:|1664500350\n|move|p1a: Zapdos|Volt Switch|p2a: Rhyperior\n|-immune|p2a: Rhyperior\n|move|p2a: Rhyperior|Stone Edge|p1a: Zapdos|[miss]\n|-miss|p2a: Rhyperior|p1a: Zapdos\n|\n|-heal|p2a: Rhyperior|99\/100|[from] item: Leftovers\n|upkeep\n|turn|13\n|\n|t:|1664500358\n|switch|p1a: Melmetal|Melmetal|94\/100\n|move|p2a: Rhyperior|Swords Dance|p2a: Rhyperior\n|-boost|p2a: Rhyperior|atk|2\n|\n|-heal|p2a: Rhyperior|100\/100|[from] item: Leftovers\n|upkeep\n|turn|14\n|\n|t:|1664500365\n|move|p2a: Rhyperior|Earthquake|p1a: Melmetal\n|-supereffective|p1a: Melmetal\n|-damage|p1a: Melmetal|0 fnt\n|faint|p1a: Melmetal\n|\n|upkeep\n|\n|t:|1664500372\n|switch|p1a: Landorus|Landorus-Therian, M|88\/100\n|-ability|p1a: Landorus|Intimidate|boost\n|-unboost|p2a: Rhyperior|atk|1\n|turn|15\n|\n|t:|1664500375\n|move|p1a: Landorus|Earthquake|p2a: Rhyperior\n|-supereffective|p2a: Rhyperior\n|-damage|p2a: Rhyperior|43\/100\n|move|p2a: Rhyperior|Stone Edge|p1a: Landorus\n|-damage|p1a: Landorus|0 fnt\n|faint|p1a: Landorus\n|\n|-heal|p2a: Rhyperior|49\/100|[from] item: Leftovers\n|upkeep\n|\n|t:|1664500383\n|switch|p1a: Victini|Victini|100\/100\n|turn|16\n|\n|t:|1664500385\n|move|p1a: Victini|V-create|p2a: Rhyperior\n|-resisted|p2a: Rhyperior\n|-damage|p2a: Rhyperior|5\/100\n|-unboost|p1a: Victini|spe|1\n|-unboost|p1a: Victini|def|1\n|-unboost|p1a: Victini|spd|1\n|move|p2a: Rhyperior|Stone Edge|p1a: Victini\n|-supereffective|p1a: Victini\n|-damage|p1a: Victini|0 fnt\n|faint|p1a: Victini\n|\n|-heal|p2a: Rhyperior|11\/100|[from] item: Leftovers\n|upkeep\n|-message|IIIodyne forfeited.\n|\n|win|JoJo Reference #10\n|raw|IIIodyne's rating: 1737 &rarr; <strong>1718<\/strong><br \/>(-19 for losing)\n|raw|JoJo Reference #10's rating: 1748 &rarr; <strong>1767<\/strong><br \/>(+19 for winning)\n","uploadtime":1664500395,"views":30,"p1id":"iiiodyne","p2id":"jojoreference10","formatid":"gen8ou","rating":1718,"private":0,"password":null}