{"id":"gen8ou-1650434928","p1":"atvin","p2":"wish kisser","format":"gen8ou","log":"|j|\u2606atvin\n|j|\u2606wish kisser\n|t:|1661712306\n|gametype|singles\n|player|p1|atvin|266|1753\n|player|p2|wish kisser|ethan|1724\n|teamsize|p1|6\n|teamsize|p2|6\n|gen|8\n|tier|[Gen 8] OU\n|rated|\n|rule|Sleep Clause Mod: Limit one foe put to sleep\n|rule|Species Clause: Limit one of each Pok\u00e9mon\n|rule|OHKO Clause: OHKO moves are banned\n|rule|Evasion Items Clause: Evasion items are banned\n|rule|Evasion Moves Clause: Evasion moves are banned\n|rule|Endless Battle Clause: Forcing endless battles is banned\n|rule|HP Percentage Mod: HP is shown in percentages\n|rule|Dynamax Clause: You cannot dynamax\n|clearpoke\n|poke|p1|Kartana|\n|poke|p1|Landorus-Therian, M|\n|poke|p1|Bisharp, F|\n|poke|p1|Scizor, M|\n|poke|p1|Blaziken, M|\n|poke|p1|Dragapult, M|\n|poke|p2|Dragapult, F|\n|poke|p2|Zapdos|\n|poke|p2|Nihilego|\n|poke|p2|Ferrothorn, M|\n|poke|p2|Landorus-Therian, M|\n|poke|p2|Crawdaunt, M|\n|teampreview\n|\n|t:|1661712327\n|start\n|switch|p1a: Landorus|Landorus-Therian, M|100\/100\n|switch|p2a: Dragapult|Dragapult, F|100\/100\n|-ability|p1a: Landorus|Intimidate|boost\n|-unboost|p2a: Dragapult|atk|1\n|turn|1\n|j| Flying ducheman\n|\n|t:|1661712331\n|move|p2a: Dragapult|Shadow Ball|p1a: Landorus\n|-damage|p1a: Landorus|21\/100\n|-unboost|p1a: Landorus|spd|1\n|move|p1a: Landorus|Earthquake|p2a: Dragapult\n|-damage|p2a: Dragapult|17\/100\n|\n|upkeep\n|turn|2\n|l| Flying ducheman\n|\n|t:|1661712341\n|switch|p1a: Bisharp|Bisharp, F|100\/100\n|move|p2a: Dragapult|Shadow Ball|p1a: Bisharp\n|-resisted|p1a: Bisharp\n|-damage|p1a: Bisharp|56\/100\n|\n|upkeep\n|turn|3\n|\n|t:|1661712345\n|move|p2a: Dragapult|Shadow Ball|p1a: Bisharp\n|-resisted|p1a: Bisharp\n|-damage|p1a: Bisharp|10\/100\n|move|p1a: Bisharp|Knock Off|p2a: Dragapult\n|-supereffective|p2a: Dragapult\n|-damage|p2a: Dragapult|0 fnt\n|-enditem|p2a: Dragapult|Choice Specs|[from] move: Knock Off|[of] p1a: Bisharp\n|faint|p2a: Dragapult\n|\n|upkeep\n|\n|t:|1661712350\n|switch|p2a: Ferrothorn|Ferrothorn, M|100\/100\n|turn|4\n|\n|t:|1661712356\n|switch|p1a: Blaziken|Blaziken, M|100\/100\n|move|p2a: Ferrothorn|Stealth Rock|p1a: Blaziken\n|-sidestart|p1: atvin|move: Stealth Rock\n|\n|upkeep\n|turn|5\n|\n|t:|1661712359\n|switch|p2a: Landorus|Landorus-Therian, M|100\/100\n|-ability|p2a: Landorus|Intimidate|boost\n|-unboost|p1a: Blaziken|atk|1\n|move|p1a: Blaziken|Flare Blitz|p2a: Landorus\n|-damage|p2a: Landorus|47\/100\n|-damage|p1a: Blaziken|78\/100|[from] Recoil\n|-damage|p1a: Blaziken|68\/100|[from] item: Life Orb\n|\n|-heal|p2a: Landorus|53\/100|[from] item: Leftovers\n|-ability|p1a: Blaziken|Speed Boost|boost\n|-boost|p1a: Blaziken|spe|1\n|upkeep\n|turn|6\n|\n|t:|1661712365\n|switch|p2a: Zapdos|Zapdos|100\/100\n|move|p1a: Blaziken|Flare Blitz|p2a: Zapdos\n|-damage|p2a: Zapdos|35\/100\n|-damage|p1a: Blaziken|45\/100|[from] Recoil\n|-damage|p1a: Blaziken|35\/100|[from] item: Life Orb\n|\n|-ability|p1a: Blaziken|Speed Boost|boost\n|-boost|p1a: Blaziken|spe|1\n|upkeep\n|turn|7\n|\n|t:|1661712370\n|switch|p2a: Landorus|Landorus-Therian, M|53\/100\n|-ability|p2a: Landorus|Intimidate|boost\n|-unboost|p1a: Blaziken|atk|1\n|move|p1a: Blaziken|Flare Blitz|p2a: Landorus\n|-damage|p2a: Landorus|9\/100\n|-status|p2a: Landorus|brn\n|-damage|p1a: Blaziken|17\/100|[from] Recoil\n|-damage|p1a: Blaziken|7\/100|[from] item: Life Orb\n|\n|-heal|p2a: Landorus|15\/100 brn|[from] item: Leftovers\n|-damage|p2a: Landorus|9\/100 brn|[from] brn\n|-ability|p1a: Blaziken|Speed Boost|boost\n|-boost|p1a: Blaziken|spe|1\n|upkeep\n|turn|8\n|\n|t:|1661712377\n|move|p1a: Blaziken|Flare Blitz|p2a: Landorus\n|-damage|p2a: Landorus|0 fnt\n|faint|p2a: Landorus\n|-damage|p1a: Blaziken|3\/100|[from] Recoil\n|-damage|p1a: Blaziken|0 fnt|[from] item: Life Orb\n|faint|p1a: Blaziken\n|\n|upkeep\n|\n|t:|1661712402\n|switch|p1a: Bisharp|Bisharp, F|10\/100\n|switch|p2a: Zapdos|Zapdos|35\/100\n|-damage|p1a: Bisharp|3\/100|[from] Stealth Rock\n|turn|9\n|\n|t:|1661712409\n|move|p2a: Zapdos|Heat Wave|p1a: Bisharp\n|-supereffective|p1a: Bisharp\n|-damage|p1a: Bisharp|0 fnt\n|faint|p1a: Bisharp\n|\n|upkeep\n|\n|t:|1661712412\n|switch|p1a: Dragapult|Dragapult, M|100\/100\n|-damage|p1a: Dragapult|88\/100|[from] Stealth Rock\n|turn|10\n|\n|t:|1661712414\n|move|p1a: Dragapult|Shadow Ball|p2a: Zapdos\n|-damage|p2a: Zapdos|0 fnt\n|faint|p2a: Zapdos\n|\n|upkeep\n|\n|t:|1661712418\n|switch|p2a: Nihilego|Nihilego|100\/100\n|turn|11\n|\n|t:|1661712421\n|switch|p1a: Landorus|Landorus-Therian, M|21\/100\n|-damage|p1a: Landorus|9\/100|[from] Stealth Rock\n|-ability|p1a: Landorus|Intimidate|boost\n|-unboost|p2a: Nihilego|atk|1\n|move|p2a: Nihilego|Power Gem|p1a: Landorus\n|-damage|p1a: Landorus|0 fnt\n|faint|p1a: Landorus\n|-ability|p2a: Nihilego|Beast Boost|boost\n|-boost|p2a: Nihilego|spe|1\n|\n|upkeep\n|\n|t:|1661712433\n|switch|p1a: Scizor|Scizor, M|100\/100\n|-damage|p1a: Scizor|88\/100|[from] Stealth Rock\n|turn|12\n|\n|t:|1661712442\n|move|p1a: Scizor|Bullet Punch|p2a: Nihilego\n|-supereffective|p2a: Nihilego\n|-damage|p2a: Nihilego|0 fnt\n|faint|p2a: Nihilego\n|-damage|p1a: Scizor|78\/100|[from] item: Life Orb\n|\n|upkeep\n|\n|t:|1661712445\n|switch|p2a: Ferrothorn|Ferrothorn, M|100\/100\n|turn|13\n|\n|t:|1661712448\n|move|p1a: Scizor|Swords Dance|p1a: Scizor\n|-boost|p1a: Scizor|atk|2\n|move|p2a: Ferrothorn|Body Press|p1a: Scizor\n|-damage|p1a: Scizor|41\/100\n|\n|upkeep\n|turn|14\n|\n|t:|1661712450\n|switch|p2a: Crawdaunt|Crawdaunt, M|100\/100\n|move|p1a: Scizor|Superpower|p2a: Crawdaunt\n|-supereffective|p2a: Crawdaunt\n|-damage|p2a: Crawdaunt|0 fnt\n|-unboost|p1a: Scizor|atk|1\n|-unboost|p1a: Scizor|def|1\n|faint|p2a: Crawdaunt\n|-damage|p1a: Scizor|31\/100|[from] item: Life Orb\n|\n|upkeep\n|\n|t:|1661712454\n|switch|p2a: Ferrothorn|Ferrothorn, M|100\/100\n|turn|15\n|\n|t:|1661712456\n|move|p1a: Scizor|Superpower|p2a: Ferrothorn\n|-supereffective|p2a: Ferrothorn\n|-damage|p2a: Ferrothorn|4\/100\n|-unboost|p1a: Scizor|atk|1\n|-unboost|p1a: Scizor|def|1\n|-damage|p1a: Scizor|18\/100|[from] ability: Iron Barbs|[of] p2a: Ferrothorn\n|-damage|p1a: Scizor|8\/100|[from] item: Life Orb\n|move|p2a: Ferrothorn|Body Press|p1a: Scizor\n|-damage|p1a: Scizor|0 fnt\n|faint|p1a: Scizor\n|\n|-heal|p2a: Ferrothorn|11\/100|[from] item: Leftovers\n|upkeep\n|\n|t:|1661712460\n|switch|p1a: Dragapult|Dragapult, M|88\/100\n|-damage|p1a: Dragapult|76\/100|[from] Stealth Rock\n|turn|16\n|\n|t:|1661712462\n|move|p1a: Dragapult|Draco Meteor|p2a: Ferrothorn\n|-resisted|p2a: Ferrothorn\n|-damage|p2a: Ferrothorn|0 fnt\n|-unboost|p1a: Dragapult|spa|2\n|faint|p2a: Ferrothorn\n|\n|win|atvin\n|raw|atvin's rating: 1753 &rarr; <strong>1771<\/strong><br \/>(+18 for winning)\n|raw|wish kisser's rating: 1724 &rarr; <strong>1706<\/strong><br \/>(-18 for losing)\n|l|\u2606wish kisser\n","uploadtime":1661712469,"views":140,"p1id":"atvin","p2id":"wishkisser","formatid":"gen8ou","rating":1706,"private":0,"password":null}