{"id":"gen8ou-1607027602","p1":"pinorska","p2":"Pinkacross","format":"gen8ou","log":"|j|\u2606pinorska\n|j|\u2606Pinkacross\n|inactive|Battle timer is ON: inactive players will automatically lose when time's up.\n|t:|1656543214\n|gametype|singles\n|player|p1|pinorska|jasmine-gen2|\n|player|p2|Pinkacross|artist|\n|teamsize|p1|6\n|teamsize|p2|6\n|gen|8\n|tier|[Gen 8] OU\n|rated|Tournament battle\n|rule|Sleep Clause Mod: Limit one foe put to sleep\n|rule|Species Clause: Limit one of each Pok\u00e9mon\n|rule|OHKO Clause: OHKO moves are banned\n|rule|Evasion Moves Clause: Evasion moves are banned\n|rule|Endless Battle Clause: Forcing endless battles is banned\n|rule|HP Percentage Mod: HP is shown in percentages\n|rule|Dynamax Clause: You cannot dynamax\n|clearpoke\n|poke|p1|Decidueye, M|\n|poke|p1|Slowbro, F|\n|poke|p1|Landorus-Therian, M|\n|poke|p1|Dragonite, M|\n|poke|p1|Heatran, F|\n|poke|p1|Weavile, F|\n|poke|p2|Nihilego|\n|poke|p2|Tapu Lele|\n|poke|p2|Ferrothorn, M|\n|poke|p2|Diggersby, F|\n|poke|p2|Slowbro, F|\n|poke|p2|Tornadus-Therian, M|\n|teampreview\n|inactive|pinorska also wants the timer to be on.\n|j| ItsZyphon\n|j| Mantine in 1v1\n|j| zReptar\n|c|\u2606pinorska|hf goat\n|c| Mantine in 1v1|This is going to be goated\n|c|\u2606Pinkacross|hf\n|c|\u2606Pinkacross|love the decidueye\n|\n|t:|1656543234\n|start\n|switch|p1a: Heatran|Heatran, F|100\/100\n|switch|p2a: Tornadus|Tornadus-Therian, M|100\/100\n|turn|1\n|c| Mantine in 1v1|Whoa zreptar\n|\n|t:|1656543237\n|move|p2a: Tornadus|Taunt|p1a: Heatran\n|-start|p1a: Heatran|move: Taunt\n|move|p1a: Heatran|Magma Storm|p2a: Tornadus\n|-damage|p2a: Tornadus|44\/100\n|-activate|p2a: Tornadus|move: Magma Storm|[of] p1a: Heatran\n|\n|-damage|p2a: Tornadus|31\/100|[from] move: Magma Storm|[partiallytrapped]\n|upkeep\n|turn|2\n|c| Mantine in 1v1|aren\u2019t you call the crew?\n|\n|t:|1656543241\n|move|p2a: Tornadus|U-turn|p1a: Heatran\n|-resisted|p1a: Heatran\n|-damage|p1a: Heatran|97\/100\n|-status|p2a: Tornadus|brn|[from] ability: Flame Body|[of] p1a: Heatran\n|\n|t:|1656543244\n|switch|p2a: Slowbro|Slowbro, F|100\/100|[from]move: U-turn\n|move|p1a: Heatran|Magma Storm|p2a: Slowbro\n|-resisted|p2a: Slowbro\n|-damage|p2a: Slowbro|80\/100\n|-activate|p2a: Slowbro|move: Magma Storm|[of] p1a: Heatran\n|\n|-damage|p2a: Slowbro|67\/100|[from] move: Magma Storm|[partiallytrapped]\n|upkeep\n|turn|3\n|\n|t:|1656543247\n|move|p1a: Heatran|Solar Beam||[still]\n|-prepare|p1a: Heatran|Solar Beam\n|-enditem|p1a: Heatran|Power Herb\n|-anim|p1a: Heatran|Solar Beam|p2a: Slowbro\n|-supereffective|p2a: Slowbro\n|-damage|p2a: Slowbro|0 fnt\n|faint|p2a: Slowbro\n|\n|-end|p1a: Heatran|move: Taunt\n|upkeep\n|c| Mantine in 1v1|awesome stall teams I see you using bro\n|\n|t:|1656543250\n|switch|p2a: Diggersby|Diggersby, F|100\/100\n|turn|4\n|c|\u2606Pinkacross|wow\n|\n|t:|1656543253\n|move|p2a: Diggersby|Body Slam|p1a: Heatran\n|-resisted|p1a: Heatran\n|-damage|p1a: Heatran|52\/100\n|-status|p1a: Heatran|par\n|move|p1a: Heatran|Magma Storm|p2a: Diggersby\n|-damage|p2a: Diggersby|27\/100\n|-activate|p2a: Diggersby|move: Magma Storm|[of] p1a: Heatran\n|\n|-damage|p2a: Diggersby|15\/100|[from] move: Magma Storm|[partiallytrapped]\n|upkeep\n|turn|5\n|c|\u2606Pinkacross|the read\n|c|\u2606Pinkacross|jeez\n|c|\u2606Pinkacross|im getting smoked\n|c| zReptar|Damn\n|\n|t:|1656543264\n|switch|p1a: Landorus|Landorus-Therian, M|100\/100\n|-ability|p1a: Landorus|Intimidate|boost\n|-unboost|p2a: Diggersby|atk|1\n|move|p2a: Diggersby|Body Slam|p1a: Landorus\n|-damage|p1a: Landorus|46\/100\n|-status|p1a: Landorus|par\n|\n|-heal|p1a: Landorus|52\/100 par|[from] item: Leftovers\n|-end|p2a: Diggersby|Magma Storm|[partiallytrapped]|[silent]\n|upkeep\n|turn|6\n|j| RedDiamond1024\n|\n|t:|1656543270\n|move|p2a: Diggersby|Body Slam|p1a: Landorus\n|-damage|p1a: Landorus|0 fnt\n|faint|p1a: Landorus\n|\n|upkeep\n|\n|t:|1656543274\n|switch|p1a: Weavile|Weavile, F|100\/100\n|-ability|p1a: Weavile|Pressure\n|turn|7\n|\n|t:|1656543278\n|switch|p2a: Ferrothorn|Ferrothorn, M|100\/100\n|move|p1a: Weavile|Swords Dance|p1a: Weavile\n|-boost|p1a: Weavile|atk|2\n|\n|upkeep\n|turn|8\n|c| Mantine in 1v1|Pink meets pink\n|c| Mantine in 1v1|who is more heat\n|c| zReptar|Also mantine thatndependsni could be and i could not be\n|\n|t:|1656543292\n|move|p1a: Weavile|Knock Off|p2a: Ferrothorn\n|-damage|p2a: Ferrothorn|47\/100\n|-damage|p1a: Weavile|88\/100|[from] ability: Iron Barbs|[of] p2a: Ferrothorn\n|-damage|p1a: Weavile|72\/100|[from] item: Rocky Helmet|[of] p2a: Ferrothorn\n|-enditem|p2a: Ferrothorn|Rocky Helmet|[from] move: Knock Off|[of] p1a: Weavile\n|move|p2a: Ferrothorn|Body Press|p1a: Weavile\n|-supereffective|p1a: Weavile\n|-damage|p1a: Weavile|0 fnt\n|faint|p1a: Weavile\n|\n|upkeep\n|\n|t:|1656543297\n|switch|p1a: Decidueye|Decidueye, M|100\/100\n|turn|9\n|j| L'chonk2\n|j|%Sww-Suwa\n|c| Mantine in 1v1|?????\n|c| zReptar|Exactlt\n|c|\u2606pinorska|are u build enough to go digg\n|\n|t:|1656543316\n|switch|p2a: Diggersby|Diggersby, F|15\/100\n|move|p1a: Decidueye|Poltergeist|p2a: Diggersby\n|-immune|p2a: Diggersby\n|\n|upkeep\n|turn|10\n|c| Mantine in 1v1|Bro I know you are call the crew\n|l| ItsZyphon\n|c| Mantine in 1v1|you said so when I asked you on the account\n|\n|t:|1656543325\n|move|p2a: Diggersby|Body Slam|p1a: Decidueye\n|-immune|p1a: Decidueye\n|move|p1a: Decidueye|Poltergeist|p2a: Diggersby\n|-immune|p2a: Diggersby\n|\n|upkeep\n|turn|11\n|c| Mantine in 1v1|!!\n|\n|t:|1656543328\n|move|p2a: Diggersby|Body Slam|p1a: Decidueye\n|-immune|p1a: Decidueye\n|move|p1a: Decidueye|Poltergeist|p2a: Diggersby\n|-immune|p2a: Diggersby\n|\n|upkeep\n|turn|12\n|c| zReptar|Sheesh\n|\n|t:|1656543334\n|switch|p1a: Slowbro|Slowbro, F|100\/100\n|move|p2a: Diggersby|Body Slam|p1a: Slowbro\n|-damage|p1a: Slowbro|53\/100\n|\n|upkeep\n|turn|13\n|\n|t:|1656543337\n|move|p2a: Diggersby|Body Slam|p1a: Slowbro\n|-damage|p1a: Slowbro|3\/100\n|move|p1a: Slowbro|Scald|p2a: Diggersby\n|-supereffective|p2a: Diggersby\n|-crit|p2a: Diggersby\n|-damage|p2a: Diggersby|0 fnt\n|faint|p2a: Diggersby\n|\n|upkeep\n|c| Mantine in 1v1|Wtf\n|\n|t:|1656543339\n|switch|p2a: Nihilego|Nihilego|100\/100\n|turn|14\n|\n|t:|1656543344\n|switch|p1a: Heatran|Heatran, F|52\/100 par\n|move|p2a: Nihilego|Power Gem|p1a: Heatran\n|-damage|p1a: Heatran|0 fnt\n|faint|p1a: Heatran\n|-ability|p2a: Nihilego|Beast Boost|boost\n|-boost|p2a: Nihilego|spa|1\n|\n|upkeep\n|\n|t:|1656543347\n|switch|p1a: Dragonite|Dragonite, M|100\/100\n|turn|15\n|c| Mantine in 1v1|Why did that work\n|\n|t:|1656543349\n|move|p2a: Nihilego|Power Gem|p1a: Dragonite\n|-supereffective|p1a: Dragonite\n|-damage|p1a: Dragonite|0 fnt\n|faint|p1a: Dragonite\n|-ability|p2a: Nihilego|Beast Boost|boost\n|-boost|p2a: Nihilego|spa|1\n|\n|upkeep\n|c| L'chonk2|honestly that was funny to watch\n|c| zReptar|Its over\n|c|\u2606Pinkacross|specs\n|c|\u2606Pinkacross|gg\n|c|\u2606pinorska|why did that\n|c| Mantine in 1v1|Bro\n|c|\u2606pinorska|die\n|c|\u2606pinorska|LOL\n|c|\u2606pinorska|NO\n|\n|t:|1656543358\n|switch|p1a: Decidueye|Decidueye, M|100\/100\n|turn|16\n|c|\u2606Pinkacross|specs nihi is insanely strong\n|\n|t:|1656543361\n|move|p1a: Decidueye|Shadow Sneak|p2a: Nihilego\n|-damage|p2a: Nihilego|49\/100\n|move|p2a: Nihilego|Power Gem|p1a: Decidueye\n|-damage|p1a: Decidueye|0 fnt\n|faint|p1a: Decidueye\n|-ability|p2a: Nihilego|Beast Boost|boost\n|-boost|p2a: Nihilego|spa|1\n|\n|upkeep\n|\n|t:|1656543363\n|switch|p1a: Slowbro|Slowbro, F|36\/100\n|turn|17\n|c| zReptar|Specs nihi power\n|\n|t:|1656543369\n|move|p2a: Nihilego|Power Gem|p1a: Slowbro\n|-damage|p1a: Slowbro|0 fnt\n|faint|p1a: Slowbro\n|\n|win|Pinkacross\n|n|\u2606pinorska|pinorska\n|n|\u2606Pinkacross|pinkacross\n|n| Mantine in 1v1|mantinein1v1\n|n| zReptar|zreptar\n|n| RedDiamond1024|reddiamond1024\n|n| L'chonk2|lchonk2\n|n| Sww-Suwa|swwsuwa\n|c|\u2606pinorska|pinkacross is goated\n","uploadtime":1656543372,"views":283,"p1id":"pinorska","p2id":"pinkacross","formatid":"gen8ou","rating":0,"private":0,"password":null}