{"id":"gen8ou-1689673895","p1":"Kamikaz 100","p2":"Aim on mai wei","format":"gen8ou","log":"|html|<div class=\"broadcast-blue\"><strong>[Gen 8] OU is currently suspecting Melmetal! For information on how to participate check out the <a href=\"https:\/\/www.smogon.com\/forums\/threads\/np-ss-ou-suspect-process-round-12-monster-mash.3709234\/\">suspect thread<\/a>.<\/strong><\/div>\n|j|\u2606Kamikaz 100\n|j|\u2606Aim on mai wei\n|t:|1666196142\n|gametype|singles\n|player|p1|Kamikaz 100|richboy-gen4|1803\n|player|p2|Aim on mai wei|102|1882\n|teamsize|p1|6\n|teamsize|p2|6\n|gen|8\n|tier|[Gen 8] OU\n|rated|\n|rule|Sleep Clause Mod: Limit one foe put to sleep\n|rule|Species Clause: Limit one of each Pok\u00e9mon\n|rule|OHKO Clause: OHKO moves are banned\n|rule|Evasion Items Clause: Evasion items are banned\n|rule|Evasion Moves Clause: Evasion moves are banned\n|rule|Endless Battle Clause: Forcing endless battles is banned\n|rule|HP Percentage Mod: HP is shown in percentages\n|rule|Dynamax Clause: You cannot dynamax\n|clearpoke\n|poke|p1|Volcanion|\n|poke|p1|Landorus-Therian, M|\n|poke|p1|Zapdos|\n|poke|p1|Melmetal|\n|poke|p1|Tapu Lele|\n|poke|p1|Dragapult, F|\n|poke|p2|Gastrodon, F|\n|poke|p2|Blissey, F|\n|poke|p2|Slowking-Galar, F|\n|poke|p2|Toxapex, M|\n|poke|p2|Clefable, M|\n|poke|p2|Corviknight, F|\n|teampreview\n|inactive|Battle timer is ON: inactive players will automatically lose when time's up. (requested by Kamikaz 100)\n|\n|t:|1666196165\n|start\n|switch|p1a: Landorus|Landorus-Therian, M|100\/100\n|switch|p2a: Toxapex|Toxapex, M|100\/100\n|-ability|p1a: Landorus|Intimidate|boost\n|-unboost|p2a: Toxapex|atk|1\n|turn|1\n|\n|t:|1666196172\n|move|p1a: Landorus|Earthquake|p2a: Toxapex\n|-supereffective|p2a: Toxapex\n|-damage|p2a: Toxapex|44\/100\n|move|p2a: Toxapex|Toxic|p1a: Landorus\n|-status|p1a: Landorus|tox\n|\n|-damage|p1a: Landorus|94\/100 tox|[from] psn\n|upkeep\n|turn|2\n|\n|t:|1666196178\n|switch|p2a: Corviknight|Corviknight, F|100\/100\n|-ability|p2a: Corviknight|Pressure\n|move|p1a: Landorus|Stealth Rock|p2a: Corviknight\n|-sidestart|p2: Aim on mai wei|move: Stealth Rock\n|\n|-heal|p1a: Landorus|100\/100 tox|[from] item: Leftovers\n|-damage|p1a: Landorus|88\/100 tox|[from] psn\n|upkeep\n|turn|3\n|\n|t:|1666196189\n|switch|p1a: Volcanion|Volcanion|100\/100\n|move|p2a: Corviknight|Defog|p1a: Volcanion\n|-unboost|p1a: Volcanion|evasion|1\n|-sideend|p2: Aim on mai wei|Stealth Rock|[from] move: Defog|[of] p2a: Corviknight\n|\n|upkeep\n|turn|4\n|\n|t:|1666196194\n|switch|p2a: Blissey|Blissey, F|100\/100\n|move|p1a: Volcanion|Steam Eruption|p2a: Blissey\n|-damage|p2a: Blissey|79\/100\n|\n|upkeep\n|turn|5\n|\n|t:|1666196202\n|switch|p1a: Dragapult|Dragapult, F|100\/100\n|move|p2a: Blissey|Stealth Rock|p1a: Dragapult\n|-sidestart|p1: Kamikaz 100|move: Stealth Rock\n|\n|upkeep\n|turn|6\n|\n|t:|1666196210\n|switch|p2a: Toxapex|Toxapex, M|78\/100\n|move|p1a: Dragapult|Dragon Darts|p2a: Toxapex\n|-damage|p2a: Toxapex|56\/100\n|-anim|p1a: Dragapult|Dragon Darts|p2a: Toxapex\n|-crit|p2a: Toxapex\n|-damage|p2a: Toxapex|23\/100\n|\n|upkeep\n|turn|7\n|\n|t:|1666196221\n|switch|p1a: Melmetal|Melmetal|100\/100\n|-damage|p1a: Melmetal|94\/100|[from] Stealth Rock\n|switch|p2a: Clefable|Clefable, M|100\/100\n|\n|upkeep\n|turn|8\n|\n|t:|1666196225\n|switch|p2a: Gastrodon|Gastrodon, F|100\/100\n|move|p1a: Melmetal|Thunder Punch|p2a: Gastrodon\n|-immune|p2a: Gastrodon\n|\n|upkeep\n|turn|9\n|j| Knabben\n|\n|t:|1666196241\n|move|p2a: Gastrodon|Scald|p1a: Melmetal\n|-damage|p1a: Melmetal|81\/100\n|move|p1a: Melmetal|Double Iron Bash|p2a: Gastrodon\n|-resisted|p2a: Gastrodon\n|-damage|p2a: Gastrodon|79\/100\n|-resisted|p2a: Gastrodon\n|-damage|p2a: Gastrodon|58\/100\n|-hitcount|p2a: Gastrodon|2\n|\n|-heal|p2a: Gastrodon|64\/100|[from] item: Leftovers\n|upkeep\n|turn|10\n|\n|t:|1666196250\n|move|p2a: Gastrodon|Recover|p2a: Gastrodon\n|-heal|p2a: Gastrodon|100\/100\n|move|p1a: Melmetal|Superpower|p2a: Gastrodon\n|-damage|p2a: Gastrodon|53\/100\n|-unboost|p1a: Melmetal|atk|1\n|-unboost|p1a: Melmetal|def|1\n|\n|-heal|p2a: Gastrodon|59\/100|[from] item: Leftovers\n|upkeep\n|turn|11\n|\n|t:|1666196257\n|switch|p1a: Volcanion|Volcanion|100\/100\n|move|p2a: Gastrodon|Recover|p2a: Gastrodon\n|-heal|p2a: Gastrodon|100\/100\n|\n|upkeep\n|turn|12\n|\n|t:|1666196260\n|switch|p2a: Blissey|Blissey, F|79\/100\n|move|p1a: Volcanion|Sludge Bomb|p2a: Blissey\n|-damage|p2a: Blissey|67\/100\n|\n|upkeep\n|turn|13\n|\n|t:|1666196265\n|move|p1a: Volcanion|Steam Eruption|p2a: Blissey\n|-damage|p2a: Blissey|43\/100\n|-status|p2a: Blissey|brn\n|move|p2a: Blissey|Soft-Boiled|p2a: Blissey\n|-heal|p2a: Blissey|93\/100 brn\n|\n|-damage|p2a: Blissey|87\/100 brn|[from] brn\n|upkeep\n|turn|14\n|\n|t:|1666196272\n|move|p1a: Volcanion|Flamethrower|p2a: Blissey\n|-damage|p2a: Blissey|70\/100 brn\n|move|p2a: Blissey|Thunder Wave|p1a: Volcanion|[miss]\n|-miss|p2a: Blissey|p1a: Volcanion\n|\n|-damage|p2a: Blissey|64\/100 brn|[from] brn\n|upkeep\n|turn|15\n|\n|t:|1666196279\n|switch|p1a: Landorus|Landorus-Therian, M|88\/100 tox\n|-damage|p1a: Landorus|76\/100 tox|[from] Stealth Rock\n|-ability|p1a: Landorus|Intimidate|boost\n|-unboost|p2a: Blissey|atk|1\n|move|p2a: Blissey|Soft-Boiled|p2a: Blissey\n|-heal|p2a: Blissey|100\/100 brn\n|\n|-heal|p1a: Landorus|82\/100 tox|[from] item: Leftovers\n|-damage|p1a: Landorus|76\/100 tox|[from] psn\n|-damage|p2a: Blissey|94\/100 brn|[from] brn\n|upkeep\n|turn|16\n|\n|t:|1666196286\n|-curestatus|p2a: Blissey|brn|[from] ability: Natural Cure\n|switch|p2a: Corviknight|Corviknight, F|100\/100\n|-ability|p2a: Corviknight|Pressure\n|move|p1a: Landorus|Stealth Rock|p2a: Corviknight\n|-sidestart|p2: Aim on mai wei|move: Stealth Rock\n|\n|-heal|p1a: Landorus|82\/100 tox|[from] item: Leftovers\n|-damage|p1a: Landorus|70\/100 tox|[from] psn\n|upkeep\n|turn|17\n|\n|t:|1666196294\n|move|p1a: Landorus|U-turn|p2a: Corviknight\n|-resisted|p2a: Corviknight\n|-damage|p2a: Corviknight|97\/100\n|\n|t:|1666196296\n|switch|p1a: Zapdos|Zapdos|100\/100|[from]move: U-turn\n|move|p2a: Corviknight|Defog|p1a: Zapdos\n|-unboost|p1a: Zapdos|evasion|1\n|-sideend|p1: Kamikaz 100|Stealth Rock|[from] move: Defog|[of] p2a: Corviknight\n|-sideend|p2: Aim on mai wei|Stealth Rock|[from] move: Defog|[of] p2a: Corviknight\n|\n|upkeep\n|turn|18\n|\n|t:|1666196302\n|switch|p2a: Blissey|Blissey, F|94\/100\n|move|p1a: Zapdos|Hurricane|p2a: Blissey|[miss]\n|-miss|p1a: Zapdos|p2a: Blissey\n|\n|upkeep\n|turn|19\n|\n|t:|1666196308\n|move|p1a: Zapdos|Discharge|p2a: Blissey\n|-crit|p2a: Blissey\n|-damage|p2a: Blissey|77\/100\n|-status|p2a: Blissey|par\n|move|p2a: Blissey|Stealth Rock|p1a: Zapdos\n|-sidestart|p1: Kamikaz 100|move: Stealth Rock\n|\n|upkeep\n|turn|20\n|\n|t:|1666196316\n|move|p1a: Zapdos|Defog|p2a: Blissey\n|-unboost|p2a: Blissey|evasion|1\n|-sideend|p1: Kamikaz 100|Stealth Rock|[from] move: Defog|[of] p1a: Zapdos\n|move|p2a: Blissey|Soft-Boiled|p2a: Blissey\n|-heal|p2a: Blissey|100\/100 par\n|\n|upkeep\n|turn|21\n|\n|t:|1666196321\n|switch|p1a: Dragapult|Dragapult, F|100\/100\n|move|p2a: Blissey|Stealth Rock|p1a: Dragapult\n|-sidestart|p1: Kamikaz 100|move: Stealth Rock\n|\n|upkeep\n|turn|22\n|\n|t:|1666196329\n|-curestatus|p2a: Blissey|par|[from] ability: Natural Cure\n|switch|p2a: Toxapex|Toxapex, M|56\/100\n|move|p1a: Dragapult|U-turn|p2a: Toxapex\n|-resisted|p2a: Toxapex\n|-damage|p2a: Toxapex|45\/100\n|\n|t:|1666196334\n|switch|p1a: Tapu Lele|Tapu Lele|100\/100|[from]move: U-turn\n|-damage|p1a: Tapu Lele|88\/100|[from] Stealth Rock\n|-fieldstart|move: Psychic Terrain|[from] ability: Psychic Surge|[of] p1a: Tapu Lele\n|\n|upkeep\n|turn|23\n|\n|t:|1666196341\n|switch|p2a: Slowking|Slowking-Galar, F|100\/100\n|move|p1a: Tapu Lele|Psyshock|p2a: Slowking\n|-damage|p2a: Slowking|45\/100\n|\n|upkeep\n|turn|24\n|\n|t:|1666196349\n|switch|p2a: Corviknight|Corviknight, F|97\/100\n|-ability|p2a: Corviknight|Pressure\n|move|p1a: Tapu Lele|Psyshock|p2a: Corviknight\n|-resisted|p2a: Corviknight\n|-damage|p2a: Corviknight|78\/100\n|\n|upkeep\n|turn|25\n|\n|t:|1666196359\n|switch|p1a: Zapdos|Zapdos|100\/100\n|move|p2a: Corviknight|Roost|p2a: Corviknight\n|-heal|p2a: Corviknight|100\/100\n|-singleturn|p2a: Corviknight|move: Roost\n|\n|upkeep\n|turn|26\n|j| Jongruenwald\n|\n|t:|1666196370\n|switch|p2a: Slowking|Slowking-Galar, F|78\/100\n|move|p1a: Zapdos|Defog|p2a: Slowking\n|-unboost|p2a: Slowking|evasion|1\n|-sideend|p1: Kamikaz 100|Stealth Rock|[from] move: Defog|[of] p1a: Zapdos\n|-fieldend|move: Psychic Terrain\n|\n|upkeep\n|turn|27\n|\n|t:|1666196374\n|switch|p2a: Blissey|Blissey, F|100\/100\n|move|p1a: Zapdos|Discharge|p2a: Blissey\n|-damage|p2a: Blissey|88\/100\n|-status|p2a: Blissey|par\n|\n|upkeep\n|turn|28\n|\n|t:|1666196379\n|switch|p1a: Dragapult|Dragapult, F|100\/100\n|move|p2a: Blissey|Stealth Rock|p1a: Dragapult\n|-sidestart|p1: Kamikaz 100|move: Stealth Rock\n|\n|upkeep\n|turn|29\n|\n|t:|1666196390\n|-curestatus|p2a: Blissey|par|[from] ability: Natural Cure\n|switch|p2a: Toxapex|Toxapex, M|78\/100\n|move|p1a: Dragapult|Dragon Darts|p2a: Toxapex\n|-damage|p2a: Toxapex|57\/100\n|-anim|p1a: Dragapult|Dragon Darts|p2a: Toxapex\n|-damage|p2a: Toxapex|34\/100\n|\n|upkeep\n|turn|30\n|\n|t:|1666196399\n|switch|p1a: Melmetal|Melmetal|81\/100\n|-damage|p1a: Melmetal|75\/100|[from] Stealth Rock\n|switch|p2a: Clefable|Clefable, M|100\/100\n|\n|upkeep\n|turn|31\n|\n|t:|1666196406\n|switch|p2a: Gastrodon|Gastrodon, F|100\/100\n|move|p1a: Melmetal|Earthquake|p2a: Gastrodon\n|-damage|p2a: Gastrodon|62\/100\n|\n|-heal|p2a: Gastrodon|68\/100|[from] item: Leftovers\n|upkeep\n|turn|32\n|\n|t:|1666196415\n|switch|p1a: Tapu Lele|Tapu Lele|88\/100\n|-damage|p1a: Tapu Lele|76\/100|[from] Stealth Rock\n|-fieldstart|move: Psychic Terrain|[from] ability: Psychic Surge|[of] p1a: Tapu Lele\n|move|p2a: Gastrodon|Recover|p2a: Gastrodon\n|-heal|p2a: Gastrodon|100\/100\n|\n|upkeep\n|turn|33\n|\n|t:|1666196419\n|move|p2a: Gastrodon|Protect|p2a: Gastrodon\n|-singleturn|p2a: Gastrodon|Protect\n|move|p1a: Tapu Lele|Focus Blast|p2a: Gastrodon\n|-activate|p2a: Gastrodon|move: Protect\n|\n|upkeep\n|turn|34\n|-message|Kamikaz 100 forfeited.\n|\n|win|Aim on mai wei\n|raw|Kamikaz 100's rating: 1803 &rarr; <strong>1787<\/strong><br \/>(-16 for losing)\n|raw|Aim on mai wei's rating: 1882 &rarr; <strong>1898<\/strong><br \/>(+16 for winning)\n|l|\u2606Kamikaz 100\n|l|\u2606Aim on mai wei\n|l| Jongruenwald\n","uploadtime":1666196477,"views":27,"p1id":"kamikaz100","p2id":"aimonmaiwei","formatid":"gen8ou","rating":1787,"private":0,"password":null}