{"id":"gen8ou-1627510014","p1":"LT91BB EclipseY","p2":"FleetFoxxx","format":"gen8ou","log":"|raw|<div class=\"broadcast-blue\"><strong>This battle is required to be public due to a player having a name starting with 'lt91bb'.<\/div>\n|j|\u2606LT91BB EclipseY\n|j|\u2606FleetFoxxx\n|t:|1659058997\n|gametype|singles\n|player|p1|LT91BB EclipseY|cynthia-gen4|1597\n|player|p2|FleetFoxxx|flannery|1566\n|teamsize|p1|6\n|teamsize|p2|6\n|gen|8\n|tier|[Gen 8] OU\n|rated|\n|rule|Sleep Clause Mod: Limit one foe put to sleep\n|rule|Species Clause: Limit one of each Pok\u00e9mon\n|rule|OHKO Clause: OHKO moves are banned\n|rule|Evasion Moves Clause: Evasion moves are banned\n|rule|Endless Battle Clause: Forcing endless battles is banned\n|rule|HP Percentage Mod: HP is shown in percentages\n|rule|Dynamax Clause: You cannot dynamax\n|clearpoke\n|poke|p1|Slowking-Galar, M|\n|poke|p1|Tyranitar, M|\n|poke|p1|Excadrill, M|\n|poke|p1|Ferrothorn, M|\n|poke|p1|Tornadus-Therian, M|\n|poke|p1|Clefable, F|\n|poke|p2|Nidoking, M|\n|poke|p2|Hydreigon, F|\n|poke|p2|Melmetal|\n|poke|p2|Tapu Lele|\n|poke|p2|Urshifu-*, M|\n|poke|p2|Dragapult, F|\n|teampreview\n|j| Kindred_Soul\n|inactive|Battle timer is ON: inactive players will automatically lose when time's up. (requested by LT91BB EclipseY)\n|\n|t:|1659059013\n|start\n|switch|p1a: Tornadus|Tornadus-Therian, M|100\/100\n|switch|p2a: Urshifu|Urshifu-Rapid-Strike, M|100\/100\n|turn|1\n|\n|t:|1659059020\n|switch|p2a: Melmetal|Melmetal|100\/100\n|move|p1a: Tornadus|Knock Off|p2a: Melmetal\n|-damage|p2a: Melmetal|90\/100\n|-enditem|p2a: Melmetal|Protective Pads|[from] move: Knock Off|[of] p1a: Tornadus\n|\n|upkeep\n|turn|2\n|\n|t:|1659059026\n|move|p1a: Tornadus|U-turn|p2a: Melmetal\n|-resisted|p2a: Melmetal\n|-damage|p2a: Melmetal|86\/100\n|\n|t:|1659059027\n|switch|p1a: Ferrothorn|Ferrothorn, M|100\/100|[from]move: U-turn\n|move|p2a: Melmetal|Thunder Wave|p1a: Ferrothorn\n|-status|p1a: Ferrothorn|par\n|\n|upkeep\n|turn|3\n|\n|t:|1659059035\n|switch|p2a: Dragapult|Dragapult, F|100\/100\n|move|p1a: Ferrothorn|Spikes|p2a: Dragapult\n|-sidestart|p2: FleetFoxxx|Spikes\n|\n|upkeep\n|turn|4\n|\n|t:|1659059038\n|switch|p1a: Tornadus|Tornadus-Therian, M|100\/100\n|move|p2a: Dragapult|U-turn|p1a: Tornadus\n|-resisted|p1a: Tornadus\n|-damage|p1a: Tornadus|90\/100\n|\n|t:|1659059057\n|switch|p2a: Nidoking|Nidoking, M|100\/100|[from]move: U-turn\n|-damage|p2a: Nidoking|88\/100|[from] Spikes\n|\n|upkeep\n|turn|5\n|\n|t:|1659059060\n|move|p1a: Tornadus|Knock Off|p2a: Nidoking\n|-damage|p2a: Nidoking|59\/100\n|-enditem|p2a: Nidoking|Life Orb|[from] move: Knock Off|[of] p1a: Tornadus\n|move|p2a: Nidoking|Ice Beam|p1a: Tornadus\n|-supereffective|p1a: Tornadus\n|-damage|p1a: Tornadus|52\/100\n|\n|upkeep\n|turn|6\n|\n|t:|1659059064\n|move|p1a: Tornadus|Icy Wind|p2a: Nidoking\n|-supereffective|p2a: Nidoking\n|-damage|p2a: Nidoking|21\/100\n|-unboost|p2a: Nidoking|spe|1\n|move|p2a: Nidoking|Ice Beam|p1a: Tornadus\n|-supereffective|p1a: Tornadus\n|-damage|p1a: Tornadus|10\/100\n|\n|upkeep\n|turn|7\n|\n|t:|1659059071\n|switch|p2a: Melmetal|Melmetal|86\/100\n|-damage|p2a: Melmetal|73\/100|[from] Spikes\n|move|p1a: Tornadus|Icy Wind|p2a: Melmetal\n|-resisted|p2a: Melmetal\n|-damage|p2a: Melmetal|66\/100\n|-unboost|p2a: Melmetal|spe|1\n|\n|upkeep\n|turn|8\n|\n|t:|1659059079\n|move|p1a: Tornadus|U-turn|p2a: Melmetal\n|-resisted|p2a: Melmetal\n|-damage|p2a: Melmetal|62\/100\n|\n|t:|1659059080\n|switch|p1a: Ferrothorn|Ferrothorn, M|100\/100 par|[from]move: U-turn\n|move|p2a: Melmetal|Earthquake|p1a: Ferrothorn\n|-damage|p1a: Ferrothorn|76\/100 par\n|\n|-heal|p1a: Ferrothorn|83\/100 par|[from] item: Leftovers\n|upkeep\n|turn|9\n|\n|t:|1659059089\n|switch|p2a: Dragapult|Dragapult, F|100\/100\n|-damage|p2a: Dragapult|88\/100|[from] Spikes\n|move|p1a: Ferrothorn|Leech Seed|p2a: Dragapult\n|-start|p2a: Dragapult|move: Leech Seed\n|\n|-heal|p1a: Ferrothorn|89\/100 par|[from] item: Leftovers\n|-damage|p2a: Dragapult|76\/100|[from] Leech Seed|[of] p1a: Ferrothorn\n|-heal|p1a: Ferrothorn|99\/100 par|[silent]\n|upkeep\n|turn|10\n|\n|t:|1659059095\n|switch|p1a: Tyranitar|Tyranitar, M|100\/100\n|-weather|Sandstorm|[from] ability: Sand Stream|[of] p1a: Tyranitar\n|move|p2a: Dragapult|U-turn|p1a: Tyranitar\n|-supereffective|p1a: Tyranitar\n|-damage|p1a: Tyranitar|68\/100\n|\n|t:|1659059099\n|switch|p2a: Urshifu|Urshifu-Rapid-Strike, M|100\/100|[from]move: U-turn\n|-damage|p2a: Urshifu|88\/100|[from] Spikes\n|\n|-weather|Sandstorm|[upkeep]\n|-damage|p2a: Urshifu|82\/100|[from] Sandstorm\n|upkeep\n|turn|11\n|\n|t:|1659059103\n|switch|p1a: Clefable|Clefable, F|100\/100\n|move|p2a: Urshifu|Close Combat|p1a: Clefable\n|-resisted|p1a: Clefable\n|-damage|p1a: Clefable|63\/100\n|-unboost|p2a: Urshifu|def|1\n|-unboost|p2a: Urshifu|spd|1\n|-damage|p2a: Urshifu|66\/100|[from] item: Rocky Helmet|[of] p1a: Clefable\n|\n|-weather|Sandstorm|[upkeep]\n|-damage|p2a: Urshifu|59\/100|[from] Sandstorm\n|upkeep\n|turn|12\n|\n|t:|1659059107\n|switch|p2a: Nidoking|Nidoking, M|21\/100\n|-damage|p2a: Nidoking|9\/100|[from] Spikes\n|move|p1a: Clefable|Stealth Rock|p2a: Nidoking\n|-sidestart|p2: FleetFoxxx|move: Stealth Rock\n|\n|-weather|Sandstorm|[upkeep]\n|upkeep\n|turn|13\n|\n|t:|1659059114\n|switch|p1a: Tornadus|Tornadus-Therian, M|43\/100\n|move|p2a: Nidoking|Earth Power|p1a: Tornadus\n|-immune|p1a: Tornadus\n|\n|-weather|Sandstorm|[upkeep]\n|-damage|p1a: Tornadus|37\/100|[from] Sandstorm\n|upkeep\n|turn|14\n|\n|t:|1659059118\n|move|p1a: Tornadus|U-turn|p2a: Nidoking\n|-resisted|p2a: Nidoking\n|-damage|p2a: Nidoking|0 fnt\n|faint|p2a: Nidoking\n|\n|t:|1659059120\n|switch|p1a: Excadrill|Excadrill, M|100\/100|[from]move: U-turn\n|\n|-weather|none\n|upkeep\n|\n|t:|1659059131\n|switch|p2a: Urshifu|Urshifu-Rapid-Strike, M|59\/100\n|-damage|p2a: Urshifu|47\/100|[from] Spikes\n|-damage|p2a: Urshifu|41\/100|[from] Stealth Rock\n|turn|15\n|\n|t:|1659059135\n|switch|p1a: Clefable|Clefable, F|63\/100\n|move|p2a: Urshifu|U-turn|p1a: Clefable\n|-resisted|p1a: Clefable\n|-damage|p1a: Clefable|49\/100\n|-damage|p2a: Urshifu|25\/100|[from] item: Rocky Helmet|[of] p1a: Clefable\n|\n|t:|1659059141\n|switch|p2a: Tapu Lele|Tapu Lele|100\/100|[from]move: U-turn\n|-damage|p2a: Tapu Lele|88\/100|[from] Spikes\n|-damage|p2a: Tapu Lele|76\/100|[from] Stealth Rock\n|-fieldstart|move: Psychic Terrain|[from] ability: Psychic Surge|[of] p2a: Tapu Lele\n|\n|upkeep\n|turn|16\n|\n|t:|1659059144\n|switch|p1a: Slowking|Slowking-Galar, M|100\/100\n|move|p2a: Tapu Lele|Moonblast|p1a: Slowking\n|-resisted|p1a: Slowking\n|-damage|p1a: Slowking|69\/100\n|\n|upkeep\n|turn|17\n|\n|t:|1659059150\n|switch|p2a: Dragapult|Dragapult, F|76\/100\n|-damage|p2a: Dragapult|64\/100|[from] Spikes\n|-damage|p2a: Dragapult|51\/100|[from] Stealth Rock\n|move|p1a: Slowking|Psyshock|p2a: Dragapult\n|-damage|p2a: Dragapult|0 fnt\n|faint|p2a: Dragapult\n|\n|upkeep\n|\n|t:|1659059159\n|switch|p2a: Hydreigon|Hydreigon, F|100\/100\n|-damage|p2a: Hydreigon|88\/100|[from] Stealth Rock\n|turn|18\n|\n|t:|1659059161\n|move|p2a: Hydreigon|Dark Pulse|p1a: Slowking\n|-supereffective|p1a: Slowking\n|-crit|p1a: Slowking\n|-enditem|p1a: Slowking|Colbur Berry|[eat]\n|-enditem|p1a: Slowking|Colbur Berry|[weaken]\n|-damage|p1a: Slowking|18\/100\n|move|p1a: Slowking|Sludge Bomb|p2a: Hydreigon\n|-damage|p2a: Hydreigon|35\/100\n|\n|upkeep\n|turn|19\n|\n|t:|1659059172\n|switch|p2a: Melmetal|Melmetal|62\/100\n|-damage|p2a: Melmetal|49\/100|[from] Spikes\n|-damage|p2a: Melmetal|43\/100|[from] Stealth Rock\n|move|p1a: Slowking|Sludge Bomb|p2a: Melmetal\n|-immune|p2a: Melmetal\n|\n|-fieldend|move: Psychic Terrain\n|upkeep\n|turn|20\n|\n|t:|1659059177\n|move|p1a: Slowking|Scald|p2a: Melmetal\n|-damage|p2a: Melmetal|16\/100\n|-status|p2a: Melmetal|brn\n|move|p2a: Melmetal|Earthquake|p1a: Slowking\n|-supereffective|p1a: Slowking\n|-damage|p1a: Slowking|0 fnt\n|faint|p1a: Slowking\n|\n|-damage|p2a: Melmetal|10\/100 brn|[from] brn\n|upkeep\n|\n|t:|1659059181\n|switch|p1a: Tyranitar|Tyranitar, M|68\/100\n|-weather|Sandstorm|[from] ability: Sand Stream|[of] p1a: Tyranitar\n|turn|21\n|\n|t:|1659059183\n|move|p1a: Tyranitar|Crunch|p2a: Melmetal\n|-damage|p2a: Melmetal|0 fnt\n|faint|p2a: Melmetal\n|\n|-weather|Sandstorm|[upkeep]\n|upkeep\n|\n|t:|1659059186\n|switch|p2a: Urshifu|Urshifu-Rapid-Strike, M|25\/100\n|-damage|p2a: Urshifu|12\/100|[from] Spikes\n|-damage|p2a: Urshifu|6\/100|[from] Stealth Rock\n|turn|22\n|l| Kindred_Soul\n|inactive|LT91BB EclipseY has 120 seconds left.\n|\n|t:|1659059218\n|switch|p1a: Clefable|Clefable, F|49\/100\n|move|p2a: Urshifu|Surging Strikes|p1a: Clefable\n|-crit|p1a: Clefable\n|-damage|p1a: Clefable|25\/100\n|-damage|p2a: Urshifu|0 fnt|[from] item: Rocky Helmet|[of] p1a: Clefable\n|faint|p2a: Urshifu\n|-hitcount|p1a: Clefable|1\n|\n|-weather|Sandstorm|[upkeep]\n|upkeep\n|\n|t:|1659059221\n|switch|p2a: Tapu Lele|Tapu Lele|76\/100\n|-damage|p2a: Tapu Lele|63\/100|[from] Spikes\n|-damage|p2a: Tapu Lele|51\/100|[from] Stealth Rock\n|-fieldstart|move: Psychic Terrain|[from] ability: Psychic Surge|[of] p2a: Tapu Lele\n|turn|23\n|\n|t:|1659059223\n|move|p2a: Tapu Lele|Moonblast|p1a: Clefable\n|-damage|p1a: Clefable|0 fnt\n|faint|p1a: Clefable\n|\n|-weather|Sandstorm|[upkeep]\n|-damage|p2a: Tapu Lele|45\/100|[from] Sandstorm\n|upkeep\n|\n|t:|1659059225\n|switch|p1a: Excadrill|Excadrill, M|100\/100\n|turn|24\n|\n|t:|1659059227\n|switch|p2a: Hydreigon|Hydreigon, F|35\/100\n|-damage|p2a: Hydreigon|22\/100|[from] Stealth Rock\n|move|p1a: Excadrill|Iron Head|p2a: Hydreigon\n|-damage|p2a: Hydreigon|0 fnt\n|faint|p2a: Hydreigon\n|\n|-weather|Sandstorm|[upkeep]\n|upkeep\n|-message|FleetFoxxx forfeited.\n|\n|win|LT91BB EclipseY\n|raw|LT91BB EclipseY's rating: 1597 &rarr; <strong>1615<\/strong><br \/>(+18 for winning)\n|raw|FleetFoxxx's rating: 1566 &rarr; <strong>1548<\/strong><br \/>(-18 for losing)\n|l|\u2606FleetFoxxx\n","uploadtime":1659059233,"views":11,"p1id":"lt91bbeclipsey","p2id":"fleetfoxxx","formatid":"gen8ou","rating":1548,"private":0,"password":null}