{"id":"gen8ou-1444978150","p1":"Mutako Z","p2":"your mom 84","format":"gen8ou","log":"|j|\u2606Mutako Z\n|j|\u2606your mom 84\n|t:|1635538734\n|gametype|singles\n|player|p1|Mutako Z|28|1678\n|player|p2|your mom 84|lucas|1702\n|teamsize|p1|6\n|teamsize|p2|6\n|gen|8\n|tier|[Gen 8] OU\n|rated|\n|rule|Sleep Clause Mod: Limit one foe put to sleep\n|rule|Species Clause: Limit one of each Pok\u00e9mon\n|rule|OHKO Clause: OHKO moves are banned\n|rule|Evasion Moves Clause: Evasion moves are banned\n|rule|Endless Battle Clause: Forcing endless battles is banned\n|rule|HP Percentage Mod: HP is shown in percentages\n|rule|Dynamax Clause: You cannot dynamax\n|clearpoke\n|poke|p1|Hippowdon, F|\n|poke|p1|Tyranitar, M|\n|poke|p1|Excadrill, M|\n|poke|p1|Dracozolt|\n|poke|p1|Zapdos|\n|poke|p1|Scizor, M|\n|poke|p2|Ninetales-Alola, M|\n|poke|p2|Latios, M|\n|poke|p2|Kartana|\n|poke|p2|Azumarill, F|\n|poke|p2|Excadrill, M|\n|poke|p2|Garchomp, F|\n|teampreview\n|inactive|Battle timer is ON: inactive players will automatically lose when time's up. (requested by your mom 84)\n|j| 8th Hokage Killua\n|j| kniojbhvyutcdr\n|\n|t:|1635538755\n|start\n|switch|p1a: Hippowdon|Hippowdon, F|100\/100\n|switch|p2a: Garchomp|Garchomp, F|100\/100\n|-weather|Sandstorm|[from] ability: Sand Stream|[of] p1a: Hippowdon\n|turn|1\n|\n|t:|1635538763\n|move|p2a: Garchomp|Stealth Rock|p1a: Hippowdon\n|-sidestart|p1: Mutako Z|move: Stealth Rock\n|move|p1a: Hippowdon|Stealth Rock|p2a: Garchomp\n|-sidestart|p2: your mom 84|move: Stealth Rock\n|\n|-weather|Sandstorm|[upkeep]\n|upkeep\n|turn|2\n|\n|t:|1635538780\n|move|p2a: Garchomp|Swords Dance|p2a: Garchomp\n|-boost|p2a: Garchomp|atk|2\n|move|p1a: Hippowdon|Yawn|p2a: Garchomp\n|-start|p2a: Garchomp|move: Yawn|[of] p1a: Hippowdon\n|\n|-weather|Sandstorm|[upkeep]\n|upkeep\n|turn|3\n|\n|t:|1635538789\n|move|p2a: Garchomp|Earthquake|p1a: Hippowdon\n|-crit|p1a: Hippowdon\n|-damage|p1a: Hippowdon|24\/100\n|move|p1a: Hippowdon|Earthquake|p2a: Garchomp\n|-damage|p2a: Garchomp|65\/100\n|\n|-weather|Sandstorm|[upkeep]\n|-heal|p2a: Garchomp|71\/100|[from] item: Leftovers\n|-end|p2a: Garchomp|move: Yawn|[silent]\n|-status|p2a: Garchomp|slp\n|upkeep\n|turn|4\n|\n|t:|1635538800\n|cant|p2a: Garchomp|slp\n|move|p1a: Hippowdon|Yawn||[still]\n|-fail|p1a: Hippowdon\n|\n|-weather|Sandstorm|[upkeep]\n|-heal|p2a: Garchomp|77\/100 slp|[from] item: Leftovers\n|upkeep\n|turn|5\n|\n|t:|1635538805\n|cant|p2a: Garchomp|slp\n|move|p1a: Hippowdon|Ice Fang|p2a: Garchomp|[miss]\n|-miss|p1a: Hippowdon|p2a: Garchomp\n|\n|-weather|Sandstorm|[upkeep]\n|-heal|p2a: Garchomp|83\/100 slp|[from] item: Leftovers\n|upkeep\n|turn|6\n|\n|t:|1635538812\n|cant|p2a: Garchomp|slp\n|move|p1a: Hippowdon|Ice Fang|p2a: Garchomp\n|-supereffective|p2a: Garchomp\n|-damage|p2a: Garchomp|22\/100 slp\n|\n|-weather|Sandstorm|[upkeep]\n|-heal|p2a: Garchomp|28\/100 slp|[from] item: Leftovers\n|upkeep\n|turn|7\n|\n|t:|1635538820\n|switch|p1a: Zapdos|Zapdos|100\/100\n|-curestatus|p2a: Garchomp|slp|[msg]\n|move|p2a: Garchomp|Earthquake|p1a: Zapdos\n|-immune|p1a: Zapdos\n|\n|-weather|Sandstorm|[upkeep]\n|-damage|p1a: Zapdos|94\/100|[from] Sandstorm\n|-heal|p2a: Garchomp|34\/100|[from] item: Leftovers\n|upkeep\n|turn|8\n|\n|t:|1635538829\n|move|p2a: Garchomp|Stone Edge|p1a: Zapdos\n|-supereffective|p1a: Zapdos\n|-damage|p1a: Zapdos|0 fnt\n|faint|p1a: Zapdos\n|\n|-weather|none\n|-heal|p2a: Garchomp|40\/100|[from] item: Leftovers\n|upkeep\n|\n|t:|1635538839\n|switch|p1a: Hippowdon|Hippowdon, F|24\/100\n|-damage|p1a: Hippowdon|18\/100|[from] Stealth Rock\n|-weather|Sandstorm|[from] ability: Sand Stream|[of] p1a: Hippowdon\n|turn|9\n|\n|t:|1635538852\n|move|p2a: Garchomp|Earthquake|p1a: Hippowdon\n|-damage|p1a: Hippowdon|0 fnt\n|faint|p1a: Hippowdon\n|\n|-weather|Sandstorm|[upkeep]\n|-heal|p2a: Garchomp|46\/100|[from] item: Leftovers\n|upkeep\n|\n|t:|1635538859\n|switch|p1a: Excadrill|Excadrill, M|100\/100\n|-damage|p1a: Excadrill|97\/100|[from] Stealth Rock\n|turn|10\n|\n|t:|1635538870\n|move|p1a: Excadrill|Earthquake|p2a: Garchomp\n|-damage|p2a: Garchomp|0 fnt\n|faint|p2a: Garchomp\n|-damage|p1a: Excadrill|87\/100|[from] item: Life Orb\n|\n|-weather|Sandstorm|[upkeep]\n|upkeep\n|\n|t:|1635538878\n|switch|p2a: Ninetales|Ninetales-Alola, M|100\/100\n|-damage|p2a: Ninetales|76\/100|[from] Stealth Rock\n|-weather|Hail|[from] ability: Snow Warning|[of] p2a: Ninetales\n|turn|11\n|\n|t:|1635538886\n|switch|p2a: Kartana|Kartana|100\/100\n|-damage|p2a: Kartana|94\/100|[from] Stealth Rock\n|move|p1a: Excadrill|Iron Head|p2a: Kartana\n|-resisted|p2a: Kartana\n|-damage|p2a: Kartana|66\/100\n|-damage|p1a: Excadrill|78\/100|[from] item: Life Orb\n|\n|-weather|Hail|[upkeep]\n|-damage|p2a: Kartana|60\/100|[from] Hail\n|-damage|p1a: Excadrill|71\/100|[from] Hail\n|-heal|p2a: Kartana|66\/100|[from] item: Leftovers\n|upkeep\n|turn|12\n|\n|t:|1635538901\n|move|p2a: Kartana|Swords Dance|p2a: Kartana\n|-boost|p2a: Kartana|atk|2\n|move|p1a: Excadrill|Earthquake|p2a: Kartana\n|-damage|p2a: Kartana|7\/100\n|-damage|p1a: Excadrill|61\/100|[from] item: Life Orb\n|\n|-weather|Hail|[upkeep]\n|-damage|p2a: Kartana|0 fnt|[from] Hail\n|-damage|p1a: Excadrill|55\/100|[from] Hail\n|faint|p2a: Kartana\n|upkeep\n|\n|t:|1635538908\n|switch|p2a: Azumarill|Azumarill, F|100\/100\n|-damage|p2a: Azumarill|88\/100|[from] Stealth Rock\n|turn|13\n|\n|t:|1635538915\n|switch|p1a: Scizor|Scizor, M|100\/100\n|-damage|p1a: Scizor|88\/100|[from] Stealth Rock\n|move|p2a: Azumarill|Aqua Jet|p1a: Scizor\n|-damage|p1a: Scizor|70\/100\n|-damage|p2a: Azumarill|72\/100|[from] item: Rocky Helmet|[of] p1a: Scizor\n|\n|-weather|Hail|[upkeep]\n|-damage|p2a: Azumarill|66\/100|[from] Hail\n|-damage|p1a: Scizor|64\/100|[from] Hail\n|upkeep\n|turn|14\n|\n|t:|1635538929\n|move|p2a: Azumarill|Knock Off|p1a: Scizor\n|-damage|p1a: Scizor|32\/100\n|-damage|p2a: Azumarill|49\/100|[from] item: Rocky Helmet|[of] p1a: Scizor\n|-enditem|p1a: Scizor|Rocky Helmet|[from] move: Knock Off|[of] p2a: Azumarill\n|-enditem|p2a: Azumarill|Sitrus Berry|[eat]\n|-heal|p2a: Azumarill|74\/100|[from] item: Sitrus Berry\n|move|p1a: Scizor|Roost|p1a: Scizor\n|-heal|p1a: Scizor|82\/100\n|-singleturn|p1a: Scizor|move: Roost\n|\n|-weather|Hail|[upkeep]\n|-damage|p2a: Azumarill|68\/100|[from] Hail\n|-damage|p1a: Scizor|76\/100|[from] Hail\n|upkeep\n|turn|15\n|\n|t:|1635538940\n|move|p2a: Azumarill|Belly Drum|p2a: Azumarill\n|-damage|p2a: Azumarill|18\/100\n|-setboost|p2a: Azumarill|atk|6|[from] move: Belly Drum\n|move|p1a: Scizor|Swords Dance|p1a: Scizor\n|-boost|p1a: Scizor|atk|2\n|\n|-weather|none\n|upkeep\n|turn|16\n|\n|t:|1635538947\n|move|p2a: Azumarill|Aqua Jet|p1a: Scizor\n|-damage|p1a: Scizor|0 fnt\n|faint|p1a: Scizor\n|\n|upkeep\n|inactive|Mutako Z has 120 seconds left.\n|\n|t:|1635539000\n|switch|p1a: Tyranitar|Tyranitar, M|100\/100\n|-damage|p1a: Tyranitar|88\/100|[from] Stealth Rock\n|-weather|Sandstorm|[from] ability: Sand Stream|[of] p1a: Tyranitar\n|turn|17\n|inactive|Mutako Z has 90 seconds left.\n|\n|t:|1635539024\n|switch|p1a: Dracozolt|Dracozolt|100\/100\n|-damage|p1a: Dracozolt|88\/100|[from] Stealth Rock\n|move|p2a: Azumarill|Aqua Jet|p1a: Dracozolt\n|-resisted|p1a: Dracozolt\n|-damage|p1a: Dracozolt|26\/100\n|\n|-weather|Sandstorm|[upkeep]\n|-damage|p2a: Azumarill|12\/100|[from] Sandstorm\n|upkeep\n|turn|18\n|inactive|Mutako Z has 90 seconds left.\n|\n|t:|1635539039\n|move|p2a: Azumarill|Aqua Jet|p1a: Dracozolt\n|-resisted|p1a: Dracozolt\n|-damage|p1a: Dracozolt|0 fnt\n|faint|p1a: Dracozolt\n|\n|-weather|Sandstorm|[upkeep]\n|-damage|p2a: Azumarill|6\/100|[from] Sandstorm\n|upkeep\n|\n|t:|1635539058\n|switch|p1a: Excadrill|Excadrill, M|55\/100\n|-damage|p1a: Excadrill|52\/100|[from] Stealth Rock\n|turn|19\n|\n|t:|1635539061\n|move|p2a: Azumarill|Aqua Jet|p1a: Excadrill\n|-supereffective|p1a: Excadrill\n|-damage|p1a: Excadrill|0 fnt\n|faint|p1a: Excadrill\n|\n|-weather|Sandstorm|[upkeep]\n|-damage|p2a: Azumarill|0 fnt|[from] Sandstorm\n|faint|p2a: Azumarill\n|upkeep\n|inactive|Mutako Z has 90 seconds left.\n|\n|t:|1635539068\n|switch|p1a: Tyranitar|Tyranitar, M|88\/100\n|switch|p2a: Excadrill|Excadrill, M|100\/100\n|-damage|p2a: Excadrill|97\/100|[from] Stealth Rock\n|-ability|p2a: Excadrill|Mold Breaker\n|-damage|p1a: Tyranitar|76\/100|[from] Stealth Rock\n|turn|20\n|\n|t:|1635539076\n|move|p2a: Excadrill|Earthquake|p1a: Tyranitar\n|-supereffective|p1a: Tyranitar\n|-enditem|p1a: Tyranitar|Shuca Berry|[eat]\n|-enditem|p1a: Tyranitar|Shuca Berry|[weaken]\n|-damage|p1a: Tyranitar|8\/100\n|-damage|p2a: Excadrill|87\/100|[from] item: Life Orb\n|move|p1a: Tyranitar|Dragon Dance|p1a: Tyranitar\n|-boost|p1a: Tyranitar|atk|1\n|-boost|p1a: Tyranitar|spe|1\n|\n|-weather|Sandstorm|[upkeep]\n|upkeep\n|turn|21\n|\n|t:|1635539086\n|move|p1a: Tyranitar|Earthquake|p2a: Excadrill\n|-supereffective|p2a: Excadrill\n|-damage|p2a: Excadrill|0 fnt\n|faint|p2a: Excadrill\n|\n|-weather|none\n|upkeep\n|\n|t:|1635539090\n|switch|p2a: Ninetales|Ninetales-Alola, M|76\/100\n|-damage|p2a: Ninetales|51\/100|[from] Stealth Rock\n|-weather|Hail|[from] ability: Snow Warning|[of] p2a: Ninetales\n|turn|22\n|\n|t:|1635539100\n|move|p1a: Tyranitar|Fire Punch|p2a: Ninetales\n|-supereffective|p2a: Ninetales\n|-damage|p2a: Ninetales|0 fnt\n|faint|p2a: Ninetales\n|\n|-weather|Hail|[upkeep]\n|-damage|p1a: Tyranitar|2\/100|[from] Hail\n|upkeep\n|\n|t:|1635539103\n|switch|p2a: Latios|Latios, M|100\/100\n|-damage|p2a: Latios|88\/100|[from] Stealth Rock\n|turn|23\n|inactive|Mutako Z has 120 seconds left.\n|\n|t:|1635539109\n|move|p1a: Tyranitar|Ice Punch|p2a: Latios\n|-supereffective|p2a: Latios\n|-damage|p2a: Latios|0 fnt\n|faint|p2a: Latios\n|\n|win|Mutako Z\n|raw|Mutako Z's rating: 1678 &rarr; <strong>1699<\/strong><br \/>(+21 for winning)\n|raw|your mom 84's rating: 1702 &rarr; <strong>1681<\/strong><br \/>(-21 for losing)\n|l|\u2606your mom 84\n|c|\u2606Mutako Z|gg\n||Ladder isn't responding, score probably updated but might not have (Request timeout).\n","uploadtime":1635539151,"views":12,"p1id":"mutakoz","p2id":"yourmom84","formatid":"gen8ou","rating":1681,"private":0,"password":null}