{"id":"gen8ou-1640157290","p1":"LT93OQ Lio","p2":"Hostile Takeovers","format":"gen8ou","log":"|raw|<div class=\"broadcast-blue\"><strong>This battle is required to be public due to a player having a name starting with 'lt93oq'.<\/div>\n|j|\u2606LT93OQ Lio\n|j|\u2606Hostile Takeovers\n|t:|1660564950\n|gametype|singles\n|player|p1|LT93OQ Lio|2|1783\n|player|p2|Hostile Takeovers|giovanni-gen3|1787\n|teamsize|p1|6\n|teamsize|p2|6\n|gen|8\n|tier|[Gen 8] OU\n|rated|\n|rule|Sleep Clause Mod: Limit one foe put to sleep\n|rule|Species Clause: Limit one of each Pok\u00e9mon\n|rule|OHKO Clause: OHKO moves are banned\n|rule|Evasion Items Clause: Evasion items are banned\n|rule|Evasion Moves Clause: Evasion moves are banned\n|rule|Endless Battle Clause: Forcing endless battles is banned\n|rule|HP Percentage Mod: HP is shown in percentages\n|rule|Dynamax Clause: You cannot dynamax\n|clearpoke\n|poke|p1|Clefable, F|\n|poke|p1|Tapu Koko|\n|poke|p1|Victini|\n|poke|p1|Skarmory, F|\n|poke|p1|Toxapex, F|\n|poke|p1|Gastrodon, M|\n|poke|p2|Dragonite, M|\n|poke|p2|Ferrothorn, F|\n|poke|p2|Clefable, F|\n|poke|p2|Heatran, M|\n|poke|p2|Rillaboom, M|\n|poke|p2|Zapdos|\n|teampreview\n|inactive|Battle timer is ON: inactive players will automatically lose when time's up. (requested by Hostile Takeovers)\n|j| Flante666\n|inactive|Hostile Takeovers has 120 seconds left.\n|\n|t:|1660564988\n|start\n|switch|p1a: Toxapex|Toxapex, F|100\/100\n|switch|p2a: Ally|Rillaboom, M|100\/100\n|-fieldstart|move: Grassy Terrain|[from] ability: Grassy Surge|[of] p2a: Ally\n|turn|1\n|\n|t:|1660564994\n|switch|p1a: Skarmory|Skarmory, F|100\/100\n|move|p2a: Ally|Knock Off|p1a: Skarmory\n|-damage|p1a: Skarmory|71\/100\n|-damage|p2a: Ally|84\/100|[from] item: Rocky Helmet|[of] p1a: Skarmory\n|-enditem|p1a: Skarmory|Rocky Helmet|[from] move: Knock Off|[of] p2a: Ally\n|\n|-heal|p2a: Ally|90\/100|[from] Grassy Terrain\n|upkeep\n|turn|2\n|\n|t:|1660565004\n|switch|p2a: Comrade|Heatran, M|100\/100\n|move|p1a: Skarmory|Roost|p1a: Skarmory\n|-heal|p1a: Skarmory|100\/100\n|-singleturn|p1a: Skarmory|move: Roost\n|\n|upkeep\n|turn|3\n|\n|t:|1660565011\n|switch|p1a: Toxapex|Toxapex, F|100\/100\n|switch|p2a: Companion|Clefable, F|100\/100\n|\n|upkeep\n|turn|4\n|\n|t:|1660565016\n|move|p2a: Companion|Stealth Rock|p1a: Toxapex\n|-sidestart|p1: LT93OQ Lio|move: Stealth Rock\n|move|p1a: Toxapex|Knock Off|p2a: Companion\n|-resisted|p2a: Companion\n|-damage|p2a: Companion|94\/100\n|-enditem|p2a: Companion|Leftovers|[from] move: Knock Off|[of] p1a: Toxapex\n|\n|-heal|p2a: Companion|100\/100|[from] Grassy Terrain\n|upkeep\n|turn|5\n|\n|t:|1660565024\n|move|p2a: Companion|Thunder Wave|p1a: Toxapex\n|-status|p1a: Toxapex|par\n|move|p1a: Toxapex|Light Screen|p1a: Toxapex\n|-sidestart|p1: LT93OQ Lio|move: Light Screen\n|\n|-fieldend|move: Grassy Terrain\n|upkeep\n|turn|6\n|\n|t:|1660565038\n|switch|p2a: Cohort|Ferrothorn, F|100\/100\n|switch|p1a: Clefable|Clefable, F|100\/100\n|\n|upkeep\n|turn|7\n|\n|t:|1660565043\n|move|p1a: Clefable|Stealth Rock|p2a: Cohort\n|-sidestart|p2: Hostile Takeovers|move: Stealth Rock\n|move|p2a: Cohort|Knock Off|p1a: Clefable\n|-resisted|p1a: Clefable\n|-damage|p1a: Clefable|91\/100\n|-enditem|p1a: Clefable|Leftovers|[from] move: Knock Off|[of] p2a: Cohort\n|\n|upkeep\n|turn|8\n|\n|t:|1660565050\n|move|p1a: Clefable|Aromatherapy|p1a: Clefable\n|-activate|p1a: Clefable|move: Aromatherapy\n|-curestatus|p1: Toxapex|par|[msg]\n|move|p2a: Cohort|Spikes|p1a: Clefable\n|-sidestart|p1: LT93OQ Lio|Spikes\n|\n|upkeep\n|turn|9\n|\n|t:|1660565060\n|switch|p2a: Comrade|Heatran, M|100\/100\n|-damage|p2a: Comrade|88\/100|[from] Stealth Rock\n|move|p1a: Clefable|Moonblast|p2a: Comrade\n|-resisted|p2a: Comrade\n|-damage|p2a: Comrade|83\/100\n|\n|-heal|p2a: Comrade|90\/100|[from] item: Leftovers\n|-sideend|p1: LT93OQ Lio|move: Light Screen\n|upkeep\n|turn|10\n|\n|t:|1660565069\n|switch|p1a: Toxapex|Toxapex, F|100\/100\n|-damage|p1a: Toxapex|88\/100|[from] Stealth Rock\n|-damage|p1a: Toxapex|75\/100|[from] Spikes\n|move|p2a: Comrade|Magma Storm|p1a: Toxapex|[miss]\n|-miss|p2a: Comrade|p1a: Toxapex\n|\n|-heal|p2a: Comrade|96\/100|[from] item: Leftovers\n|upkeep\n|turn|11\n|\n|t:|1660565079\n|switch|p2a: Cohort|Ferrothorn, F|100\/100\n|-damage|p2a: Cohort|94\/100|[from] Stealth Rock\n|move|p1a: Toxapex|Knock Off|p2a: Cohort\n|-damage|p2a: Cohort|85\/100\n|-damage|p1a: Toxapex|63\/100|[from] ability: Iron Barbs|[of] p2a: Cohort\n|-damage|p1a: Toxapex|47\/100|[from] item: Rocky Helmet|[of] p2a: Cohort\n|-enditem|p2a: Cohort|Rocky Helmet|[from] move: Knock Off|[of] p1a: Toxapex\n|\n|upkeep\n|turn|12\n|\n|t:|1660565089\n|switch|p1a: Clefable|Clefable, F|91\/100\n|move|p2a: Cohort|Knock Off|p1a: Clefable\n|-resisted|p1a: Clefable\n|-damage|p1a: Clefable|86\/100\n|\n|upkeep\n|turn|13\n|\n|t:|1660565094\n|switch|p2a: Comrade|Heatran, M|96\/100\n|-damage|p2a: Comrade|83\/100|[from] Stealth Rock\n|move|p1a: Clefable|Moonblast|p2a: Comrade\n|-resisted|p2a: Comrade\n|-damage|p2a: Comrade|79\/100\n|\n|-heal|p2a: Comrade|85\/100|[from] item: Leftovers\n|upkeep\n|turn|14\n|\n|t:|1660565103\n|switch|p1a: Gastrodon|Gastrodon, M|100\/100\n|move|p2a: Comrade|Magma Storm|p1a: Gastrodon\n|-resisted|p1a: Gastrodon\n|-damage|p1a: Gastrodon|86\/100\n|-activate|p1a: Gastrodon|move: Magma Storm|[of] p2a: Comrade\n|\n|-heal|p2a: Comrade|91\/100|[from] item: Leftovers\n|-damage|p1a: Gastrodon|73\/100|[from] move: Magma Storm|[partiallytrapped]\n|upkeep\n|turn|15\n|\n|t:|1660565115\n|move|p2a: Comrade|Protect|p2a: Comrade\n|-singleturn|p2a: Comrade|Protect\n|move|p1a: Gastrodon|Earthquake|p2a: Comrade\n|-activate|p2a: Comrade|move: Protect\n|\n|-heal|p2a: Comrade|98\/100|[from] item: Leftovers\n|-damage|p1a: Gastrodon|61\/100|[from] move: Magma Storm|[partiallytrapped]\n|upkeep\n|turn|16\n|\n|t:|1660565123\n|switch|p2a: Ally|Rillaboom, M|90\/100\n|-damage|p2a: Ally|78\/100|[from] Stealth Rock\n|-fieldstart|move: Grassy Terrain|[from] ability: Grassy Surge|[of] p2a: Ally\n|move|p1a: Gastrodon|Recover|p1a: Gastrodon\n|-heal|p1a: Gastrodon|100\/100\n|\n|-heal|p2a: Ally|84\/100|[from] Grassy Terrain\n|-end|p1a: Gastrodon|Magma Storm|[partiallytrapped]|[silent]\n|upkeep\n|turn|17\n|\n|t:|1660565132\n|switch|p1a: Skarmory|Skarmory, F|100\/100\n|-damage|p1a: Skarmory|88\/100|[from] Stealth Rock\n|move|p2a: Ally|U-turn|p1a: Skarmory\n|-resisted|p1a: Skarmory\n|-damage|p1a: Skarmory|83\/100\n|\n|t:|1660565137\n|switch|p2a: Partner|Zapdos|100\/100|[from]move: U-turn\n|-ability|p2a: Partner|Pressure\n|\n|upkeep\n|turn|18\n|\n|t:|1660565142\n|switch|p1a: Gastrodon|Gastrodon, M|100\/100\n|move|p2a: Partner|Toxic|p1a: Gastrodon\n|-status|p1a: Gastrodon|tox\n|\n|-damage|p1a: Gastrodon|94\/100 tox|[from] psn\n|upkeep\n|turn|19\n|\n|t:|1660565151\n|switch|p1a: Clefable|Clefable, F|86\/100\n|move|p2a: Partner|Hurricane|p1a: Clefable\n|-damage|p1a: Clefable|39\/100\n|-start|p1a: Clefable|confusion\n|\n|-heal|p1a: Clefable|45\/100|[from] Grassy Terrain\n|upkeep\n|turn|20\n|\n|t:|1660565162\n|switch|p1a: Victini|Victini|100\/100\n|move|p2a: Partner|Hurricane|p1a: Victini\n|-damage|p1a: Victini|48\/100\n|\n|-heal|p1a: Victini|54\/100|[from] Grassy Terrain\n|-fieldend|move: Grassy Terrain\n|upkeep\n|turn|21\n|\n|t:|1660565169\n|switch|p2a: Comrade|Heatran, M|98\/100\n|-damage|p2a: Comrade|85\/100|[from] Stealth Rock\n|move|p1a: Victini|V-create|p2a: Comrade\n|-start|p2a: Comrade|ability: Flash Fire\n|\n|-heal|p2a: Comrade|91\/100|[from] item: Leftovers\n|upkeep\n|turn|22\n|\n|t:|1660565177\n|move|p1a: Victini|U-turn|p2a: Comrade\n|-resisted|p2a: Comrade\n|-damage|p2a: Comrade|88\/100\n|\n|t:|1660565180\n|switch|p1a: Gastrodon|Gastrodon, M|94\/100 tox|[from]move: U-turn\n|move|p2a: Comrade|Magma Storm|p1a: Gastrodon\n|-resisted|p1a: Gastrodon\n|-damage|p1a: Gastrodon|73\/100 tox\n|-activate|p1a: Gastrodon|move: Magma Storm|[of] p2a: Comrade\n|\n|-heal|p2a: Comrade|94\/100|[from] item: Leftovers\n|-damage|p1a: Gastrodon|66\/100 tox|[from] psn\n|-damage|p1a: Gastrodon|54\/100 tox|[from] move: Magma Storm|[partiallytrapped]\n|upkeep\n|turn|23\n|\n|t:|1660565190\n|move|p2a: Comrade|Protect|p2a: Comrade\n|-singleturn|p2a: Comrade|Protect\n|move|p1a: Gastrodon|Recover|p1a: Gastrodon\n|-heal|p1a: Gastrodon|100\/100 tox\n|\n|-heal|p2a: Comrade|99\/100|[from] item: Leftovers\n|-damage|p1a: Gastrodon|88\/100 tox|[from] psn\n|-damage|p1a: Gastrodon|76\/100 tox|[from] move: Magma Storm|[partiallytrapped]\n|upkeep\n|turn|24\n|\n|t:|1660565199\n|-end|p2a: Comrade|ability: Flash Fire|[silent]\n|switch|p2a: Ally|Rillaboom, M|84\/100\n|-damage|p2a: Ally|72\/100|[from] Stealth Rock\n|-fieldstart|move: Grassy Terrain|[from] ability: Grassy Surge|[of] p2a: Ally\n|move|p1a: Gastrodon|Recover|p1a: Gastrodon\n|-heal|p1a: Gastrodon|100\/100 tox\n|\n|-heal|p2a: Ally|78\/100|[from] Grassy Terrain\n|-damage|p1a: Gastrodon|82\/100 tox|[from] psn\n|-end|p1a: Gastrodon|Magma Storm|[partiallytrapped]|[silent]\n|upkeep\n|turn|25\n|\n|t:|1660565209\n|switch|p1a: Skarmory|Skarmory, F|83\/100\n|-damage|p1a: Skarmory|70\/100|[from] Stealth Rock\n|move|p2a: Ally|U-turn|p1a: Skarmory\n|-resisted|p1a: Skarmory\n|-damage|p1a: Skarmory|65\/100\n|\n|t:|1660565215\n|switch|p2a: Partner|Zapdos|100\/100|[from]move: U-turn\n|-ability|p2a: Partner|Pressure\n|\n|upkeep\n|turn|26\n|j| Hastein\n|\n|t:|1660565229\n|move|p2a: Partner|Thunderbolt|p1a: Skarmory\n|-supereffective|p1a: Skarmory\n|-damage|p1a: Skarmory|0 fnt\n|faint|p1a: Skarmory\n|\n|upkeep\n|-message|LT93OQ Lio forfeited.\n|\n|win|Hostile Takeovers\n|raw|LT93OQ Lio's rating: 1783 &rarr; <strong>1763<\/strong><br \/>(-20 for losing)\n|raw|Hostile Takeovers's rating: 1787 &rarr; <strong>1807<\/strong><br \/>(+20 for winning)\n|l|\u2606LT93OQ Lio\n","uploadtime":1660565242,"views":66,"p1id":"lt93oqlio","p2id":"hostiletakeovers","formatid":"gen8ou","rating":1763,"private":0,"password":null}