{"id":"gen8ou-1655598373","p1":"marco8","p2":"yuwenzhao","format":"gen8ou","log":"|j|\u2606marco8\n|j|\u2606yuwenzhao\n|t:|1662259996\n|gametype|singles\n|player|p1|marco8|lucas|1423\n|player|p2|yuwenzhao|dawn|1473\n|teamsize|p1|6\n|teamsize|p2|6\n|gen|8\n|tier|[Gen 8] OU\n|rated|\n|rule|Sleep Clause Mod: Limit one foe put to sleep\n|rule|Species Clause: Limit one of each Pok\u00e9mon\n|rule|OHKO Clause: OHKO moves are banned\n|rule|Evasion Items Clause: Evasion items are banned\n|rule|Evasion Moves Clause: Evasion moves are banned\n|rule|Endless Battle Clause: Forcing endless battles is banned\n|rule|HP Percentage Mod: HP is shown in percentages\n|rule|Dynamax Clause: You cannot dynamax\n|clearpoke\n|poke|p1|Nidoking, M|\n|poke|p1|Kartana|\n|poke|p1|Corviknight, M|\n|poke|p1|Blissey, F|\n|poke|p1|Latias, F|\n|poke|p1|Hippowdon, F|\n|poke|p2|Rillaboom, M|\n|poke|p2|Zarude-Dada|\n|poke|p2|Kartana|\n|poke|p2|Volcanion|\n|poke|p2|Nihilego|\n|poke|p2|Zapdos|\n|teampreview\n|inactive|Battle timer is ON: inactive players will automatically lose when time's up. (requested by marco8)\n|\n|t:|1662260011\n|start\n|switch|p1a: Corviknight|Corviknight, M, shiny|100\/100\n|switch|p2a: Volcanion|Volcanion|100\/100\n|-ability|p1a: Corviknight|Pressure\n|turn|1\n|\n|t:|1662260028\n|switch|p1a: Latias|Latias, F|100\/100\n|move|p2a: Volcanion|Steam Eruption|p1a: Latias\n|-resisted|p1a: Latias\n|-damage|p1a: Latias|83\/100\n|\n|-heal|p1a: Latias|89\/100|[from] item: Leftovers\n|upkeep\n|turn|2\n|\n|t:|1662260041\n|switch|p2a: Zarude|Zarude-Dada|100\/100\n|move|p1a: Latias|Thunder Wave|p2a: Zarude\n|-status|p2a: Zarude|par\n|\n|-heal|p1a: Latias|95\/100|[from] item: Leftovers\n|upkeep\n|turn|3\n|\n|t:|1662260051\n|switch|p1a: Corviknight|Corviknight, M, shiny|100\/100\n|-ability|p1a: Corviknight|Pressure\n|move|p2a: Zarude|U-turn|p1a: Corviknight\n|-resisted|p1a: Corviknight\n|-damage|p1a: Corviknight|97\/100\n|-damage|p2a: Zarude|84\/100 par|[from] item: Rocky Helmet|[of] p1a: Corviknight\n|inactive|yuwenzhao has 120 seconds left.\n|\n|t:|1662260079\n|switch|p2a: Kartana|Kartana|100\/100|[from]move: U-turn\n|\n|upkeep\n|turn|4\n|\n|t:|1662260084\n|move|p2a: Kartana|Swords Dance|p2a: Kartana\n|-boost|p2a: Kartana|atk|2\n|move|p1a: Corviknight|Body Press|p2a: Kartana\n|-supereffective|p2a: Kartana\n|-damage|p2a: Kartana|44\/100\n|\n|upkeep\n|turn|5\n|\n|t:|1662260090\n|move|p2a: Kartana|Knock Off|p1a: Corviknight\n|-damage|p1a: Corviknight|27\/100\n|-damage|p2a: Kartana|27\/100|[from] item: Rocky Helmet|[of] p1a: Corviknight\n|-enditem|p1a: Corviknight|Rocky Helmet|[from] move: Knock Off|[of] p2a: Kartana\n|-damage|p2a: Kartana|17\/100|[from] item: Life Orb\n|move|p1a: Corviknight|Body Press|p2a: Kartana\n|-supereffective|p2a: Kartana\n|-damage|p2a: Kartana|0 fnt\n|faint|p2a: Kartana\n|\n|upkeep\n|\n|t:|1662260106\n|switch|p2a: Nihilego|Nihilego|100\/100\n|turn|6\n|\n|t:|1662260109\n|switch|p1a: Blissey|Blissey, F|100\/100\n|move|p2a: Nihilego|Meteor Beam||[still]\n|-prepare|p2a: Nihilego|Meteor Beam\n|-boost|p2a: Nihilego|spa|1\n|-enditem|p2a: Nihilego|Power Herb\n|-anim|p2a: Nihilego|Meteor Beam|p1a: Blissey\n|-damage|p1a: Blissey|66\/100\n|\n|upkeep\n|turn|7\n|\n|t:|1662260118\n|move|p2a: Nihilego|Stealth Rock|p1a: Blissey\n|-sidestart|p1: marco8|move: Stealth Rock\n|move|p1a: Blissey|Teleport|p1a: Blissey\n|\n|t:|1662260124\n|switch|p1a: Kartana|Kartana|100\/100|[from]move: Teleport\n|-damage|p1a: Kartana|94\/100|[from] Stealth Rock\n|\n|upkeep\n|turn|8\n|\n|t:|1662260130\n|switch|p2a: Zarude|Zarude-Dada|84\/100 par\n|move|p1a: Kartana|Knock Off|p2a: Zarude\n|-resisted|p2a: Zarude\n|-crit|p2a: Zarude\n|-damage|p2a: Zarude|52\/100 par\n|-enditem|p2a: Zarude|Choice Scarf|[from] move: Knock Off|[of] p1a: Kartana\n|\n|upkeep\n|turn|9\n|\n|t:|1662260140\n|switch|p1a: Corviknight|Corviknight, M, shiny|27\/100\n|-damage|p1a: Corviknight|15\/100|[from] Stealth Rock\n|-ability|p1a: Corviknight|Pressure\n|move|p2a: Zarude|Close Combat|p1a: Corviknight\n|-damage|p1a: Corviknight|0 fnt\n|-unboost|p2a: Zarude|def|1\n|-unboost|p2a: Zarude|spd|1\n|faint|p1a: Corviknight\n|\n|upkeep\n|\n|t:|1662260158\n|switch|p1a: Nidoking|Nidoking, M, shiny|100\/100\n|-damage|p1a: Nidoking|95\/100|[from] Stealth Rock\n|turn|10\n|\n|t:|1662260168\n|move|p1a: Nidoking|Sludge Wave|p2a: Zarude\n|-supereffective|p2a: Zarude\n|-damage|p2a: Zarude|0 fnt\n|faint|p2a: Zarude\n|\n|upkeep\n|\n|t:|1662260197\n|switch|p2a: Zapdos|Zapdos|100\/100\n|turn|11\n|\n|t:|1662260201\n|move|p2a: Zapdos|Hurricane|p1a: Nidoking|[miss]\n|-miss|p2a: Zapdos|p1a: Nidoking\n|move|p1a: Nidoking|Ice Beam|p2a: Zapdos\n|-supereffective|p2a: Zapdos\n|-damage|p2a: Zapdos|28\/100\n|\n|upkeep\n|turn|12\n|\n|t:|1662260207\n|move|p2a: Zapdos|Hurricane|p1a: Nidoking|[miss]\n|-miss|p2a: Zapdos|p1a: Nidoking\n|move|p1a: Nidoking|Ice Beam|p2a: Zapdos\n|-supereffective|p2a: Zapdos\n|-damage|p2a: Zapdos|0 fnt\n|faint|p2a: Zapdos\n|\n|upkeep\n|\n|t:|1662260214\n|switch|p2a: Rillaboom|Rillaboom, M|100\/100\n|-fieldstart|move: Grassy Terrain|[from] ability: Grassy Surge|[of] p2a: Rillaboom\n|turn|13\n|\n|t:|1662260218\n|move|p1a: Nidoking|Sludge Wave|p2a: Rillaboom\n|-supereffective|p2a: Rillaboom\n|-damage|p2a: Rillaboom|0 fnt\n|faint|p2a: Rillaboom\n|\n|-heal|p1a: Nidoking|100\/100|[from] Grassy Terrain\n|upkeep\n|-message|yuwenzhao forfeited.\n|\n|win|marco8\n|raw|marco8's rating: 1423 &rarr; <strong>1446<\/strong><br \/>(+23 for winning)\n|raw|yuwenzhao's rating: 1473 &rarr; <strong>1450<\/strong><br \/>(-23 for losing)\n|l|\u2606yuwenzhao\n","uploadtime":1662260229,"views":14,"p1id":"marco8","p2id":"yuwenzhao","formatid":"gen8ou","rating":1446,"private":0,"password":null}