{"id":"gen8ou-1370029763","p1":"Shootingwolf","p2":"LT81YL Toshi","format":"gen8ou","log":"|raw|<div class=\"broadcast-blue\"><strong>This battle is required to be public due to a player having a name starting with 'lt81yl'.<\/div>\n|j|\u2606Shootingwolf\n|j|\u2606LT81YL Toshi\n|t:|1625345702\n|gametype|singles\n|player|p1|Shootingwolf|riley|1549\n|player|p2|LT81YL Toshi|palmer|1569\n|teamsize|p1|6\n|teamsize|p2|6\n|gen|8\n|tier|[Gen 8] OU\n|rated|\n|rule|Sleep Clause Mod: Limit one foe put to sleep\n|rule|Species Clause: Limit one of each Pok\u00e9mon\n|rule|OHKO Clause: OHKO moves are banned\n|rule|Evasion Moves Clause: Evasion moves are banned\n|rule|Endless Battle Clause: Forcing endless battles is banned\n|rule|HP Percentage Mod: HP is shown in percentages\n|rule|Dynamax Clause: You cannot dynamax\n|clearpoke\n|poke|p1|Garchomp, M|\n|poke|p1|Buzzwole|\n|poke|p1|Landorus-Therian, M|\n|poke|p1|Slowking-Galar, F|\n|poke|p1|Zeraora|\n|poke|p1|Corviknight, M|\n|poke|p2|Tapu Fini|\n|poke|p2|Buzzwole|\n|poke|p2|Melmetal|\n|poke|p2|Landorus-Therian, M|\n|poke|p2|Dragapult, M|\n|poke|p2|Zeraora|\n|teampreview\n|\n|t:|1625345721\n|start\n|switch|p1a: Buzzwole|Buzzwole|100\/100\n|switch|p2a: Landorus|Landorus-Therian, M|100\/100\n|-ability|p2a: Landorus|Intimidate|boost\n|-unboost|p1a: Buzzwole|atk|1\n|turn|1\n|\n|t:|1625345745\n|switch|p2a: Tapu Fini|Tapu Fini|100\/100\n|-fieldstart|move: Misty Terrain|[from] ability: Misty Surge|[of] p2a: Tapu Fini\n|move|p1a: Buzzwole|Ice Punch|p2a: Tapu Fini\n|-resisted|p2a: Tapu Fini\n|-damage|p2a: Tapu Fini|94\/100\n|\n|-heal|p2a: Tapu Fini|100\/100|[from] item: Leftovers\n|upkeep\n|turn|2\n|\n|t:|1625345758\n|switch|p2a: Zeraora|Zeraora|100\/100\n|switch|p1a: Slowking|Slowking-Galar, F, shiny|100\/100\n|\n|upkeep\n|turn|3\n|\n|t:|1625345794\n|switch|p1a: Buzzwole|Buzzwole|100\/100\n|move|p2a: Zeraora|Knock Off|p1a: Buzzwole\n|-resisted|p1a: Buzzwole\n|-damage|p1a: Buzzwole|94\/100\n|-damage|p2a: Zeraora|84\/100|[from] item: Rocky Helmet|[of] p1a: Buzzwole\n|-enditem|p1a: Buzzwole|Rocky Helmet|[from] move: Knock Off|[of] p2a: Zeraora\n|\n|upkeep\n|turn|4\n|\n|t:|1625345811\n|switch|p2a: Buzzwole|Buzzwole|100\/100\n|switch|p1a: Zeraora|Zeraora|100\/100\n|\n|upkeep\n|turn|5\n|\n|t:|1625345828\n|switch|p1a: Buzzwole|Buzzwole|94\/100\n|switch|p2a: Landorus|Landorus-Therian, M|100\/100\n|-ability|p2a: Landorus|Intimidate|boost\n|-unboost|p1a: Buzzwole|atk|1\n|\n|-fieldend|Misty Terrain\n|upkeep\n|turn|6\n|\n|t:|1625345839\n|switch|p2a: Buzzwole|Buzzwole|100\/100\n|move|p1a: Buzzwole|Ice Punch|p2a: Buzzwole\n|-damage|p2a: Buzzwole|92\/100\n|-damage|p1a: Buzzwole|77\/100|[from] item: Rocky Helmet|[of] p2a: Buzzwole\n|\n|upkeep\n|turn|7\n|\n|t:|1625345844\n|switch|p2a: Tapu Fini|Tapu Fini|100\/100\n|-fieldstart|move: Misty Terrain|[from] ability: Misty Surge|[of] p2a: Tapu Fini\n|move|p1a: Buzzwole|Toxic|p2a: Tapu Fini\n|-activate|p2a: Tapu Fini|move: Misty Terrain\n|\n|upkeep\n|turn|8\n|\n|t:|1625345859\n|switch|p2a: Zeraora|Zeraora|84\/100\n|switch|p1a: Slowking|Slowking-Galar, F, shiny|100\/100\n|\n|upkeep\n|turn|9\n|\n|t:|1625345880\n|move|p2a: Zeraora|Bulk Up|p2a: Zeraora\n|-boost|p2a: Zeraora|atk|1\n|-boost|p2a: Zeraora|def|1\n|move|p1a: Slowking|Earthquake|p2a: Zeraora\n|-supereffective|p2a: Zeraora\n|-damage|p2a: Zeraora|54\/100\n|\n|upkeep\n|turn|10\n|\n|t:|1625345888\n|switch|p1a: Landorus|Landorus-Therian, M, shiny|100\/100\n|-ability|p1a: Landorus|Intimidate|boost\n|-unboost|p2a: Zeraora|atk|1\n|move|p2a: Zeraora|Knock Off|p1a: Landorus\n|-crit|p1a: Landorus\n|-damage|p1a: Landorus|67\/100\n|-enditem|p1a: Landorus|Leftovers|[from] move: Knock Off|[of] p2a: Zeraora\n|\n|upkeep\n|turn|11\n|\n|t:|1625345894\n|switch|p2a: Landorus|Landorus-Therian, M|100\/100\n|-ability|p2a: Landorus|Intimidate|boost\n|-unboost|p1a: Landorus|atk|1\n|move|p1a: Landorus|Stealth Rock|p2a: Landorus\n|-sidestart|p2: LT81YL Toshi|move: Stealth Rock\n|\n|-fieldend|Misty Terrain\n|upkeep\n|turn|12\n|\n|t:|1625345898\n|move|p1a: Landorus|Toxic|p2a: Landorus\n|-status|p2a: Landorus|tox\n|move|p2a: Landorus|Stealth Rock|p1a: Landorus\n|-sidestart|p1: Shootingwolf|move: Stealth Rock\n|\n|-damage|p2a: Landorus|94\/100 tox|[from] psn\n|upkeep\n|turn|13\n|\n|t:|1625345904\n|move|p1a: Landorus|U-turn|p2a: Landorus\n|-resisted|p2a: Landorus\n|-damage|p2a: Landorus|87\/100 tox\n|\n|t:|1625345914\n|switch|p1a: Buzzwole|Buzzwole|77\/100|[from]move: U-turn\n|-damage|p1a: Buzzwole|65\/100|[from] Stealth Rock\n|move|p2a: Landorus|U-turn|p1a: Buzzwole\n|-resisted|p1a: Buzzwole\n|-damage|p1a: Buzzwole|59\/100\n|\n|t:|1625345921\n|switch|p2a: Dragapult|Dragapult, M|100\/100|[from]move: U-turn\n|-damage|p2a: Dragapult|88\/100|[from] Stealth Rock\n|\n|upkeep\n|turn|14\n|\n|t:|1625345941\n|switch|p1a: Slowking|Slowking-Galar, F, shiny|100\/100\n|-damage|p1a: Slowking|88\/100|[from] Stealth Rock\n|move|p2a: Dragapult|Shadow Ball|p1a: Slowking\n|-supereffective|p1a: Slowking\n|-damage|p1a: Slowking|42\/100\n|\n|upkeep\n|turn|15\n|\n|t:|1625345949\n|switch|p1a: Corviknight|Corviknight, M, shiny|100\/100\n|-damage|p1a: Corviknight|88\/100|[from] Stealth Rock\n|move|p2a: Dragapult|Shadow Ball|p1a: Corviknight\n|-damage|p1a: Corviknight|50\/100\n|\n|-heal|p1a: Corviknight|56\/100|[from] item: Leftovers\n|upkeep\n|turn|16\n|\n|t:|1625345957\n|move|p2a: Dragapult|Shadow Ball|p1a: Corviknight\n|-damage|p1a: Corviknight|22\/100\n|move|p1a: Corviknight|Roost|p1a: Corviknight\n|-heal|p1a: Corviknight|72\/100\n|-singleturn|p1a: Corviknight|move: Roost\n|\n|-heal|p1a: Corviknight|78\/100|[from] item: Leftovers\n|upkeep\n|turn|17\n|\n|t:|1625345967\n|move|p2a: Dragapult|Shadow Ball|p1a: Corviknight\n|-damage|p1a: Corviknight|42\/100\n|move|p1a: Corviknight|Roost|p1a: Corviknight\n|-heal|p1a: Corviknight|92\/100\n|-singleturn|p1a: Corviknight|move: Roost\n|\n|-heal|p1a: Corviknight|98\/100|[from] item: Leftovers\n|upkeep\n|turn|18\n|\n|t:|1625345977\n|move|p2a: Dragapult|Shadow Ball|p1a: Corviknight\n|-damage|p1a: Corviknight|59\/100\n|move|p1a: Corviknight|Roost|p1a: Corviknight\n|-heal|p1a: Corviknight|100\/100\n|-singleturn|p1a: Corviknight|move: Roost\n|\n|upkeep\n|turn|19\n|\n|t:|1625345989\n|move|p2a: Dragapult|Shadow Ball|p1a: Corviknight\n|-damage|p1a: Corviknight|61\/100\n|move|p1a: Corviknight|U-turn|p2a: Dragapult\n|-resisted|p2a: Dragapult\n|-damage|p2a: Dragapult|78\/100\n|\n|t:|1625346003\n|switch|p1a: Zeraora|Zeraora|100\/100|[from]move: U-turn\n|\n|upkeep\n|turn|20\n|\n|t:|1625346009\n|switch|p1a: Corviknight|Corviknight, M, shiny|61\/100\n|-damage|p1a: Corviknight|49\/100|[from] Stealth Rock\n|switch|p2a: Landorus|Landorus-Therian, M|87\/100 tox\n|-damage|p2a: Landorus|75\/100 tox|[from] Stealth Rock\n|-ability|p2a: Landorus|Intimidate|boost\n|-ability|p1a: Corviknight|Mirror Armor\n|-unboost|p2a: Landorus|atk|1\n|\n|-heal|p2a: Landorus|81\/100 tox|[from] item: Leftovers\n|-heal|p1a: Corviknight|55\/100|[from] item: Leftovers\n|-damage|p2a: Landorus|75\/100 tox|[from] psn\n|upkeep\n|turn|21\n|\n|t:|1625346026\n|switch|p2a: Tapu Fini|Tapu Fini|100\/100\n|-damage|p2a: Tapu Fini|88\/100|[from] Stealth Rock\n|-fieldstart|move: Misty Terrain|[from] ability: Misty Surge|[of] p2a: Tapu Fini\n|move|p1a: Corviknight|Roost|p1a: Corviknight\n|-heal|p1a: Corviknight|100\/100\n|-singleturn|p1a: Corviknight|move: Roost\n|\n|-heal|p2a: Tapu Fini|94\/100|[from] item: Leftovers\n|upkeep\n|turn|22\n|\n|t:|1625346033\n|move|p2a: Tapu Fini|Calm Mind|p2a: Tapu Fini\n|-boost|p2a: Tapu Fini|spa|1\n|-boost|p2a: Tapu Fini|spd|1\n|move|p1a: Corviknight|U-turn|p2a: Tapu Fini\n|-resisted|p2a: Tapu Fini\n|-damage|p2a: Tapu Fini|88\/100\n|\n|t:|1625346038\n|switch|p1a: Zeraora|Zeraora|100\/100|[from]move: U-turn\n|\n|-heal|p2a: Tapu Fini|94\/100|[from] item: Leftovers\n|upkeep\n|turn|23\n|\n|t:|1625346043\n|switch|p2a: Landorus|Landorus-Therian, M|75\/100 tox\n|-damage|p2a: Landorus|63\/100 tox|[from] Stealth Rock\n|-ability|p2a: Landorus|Intimidate|boost\n|-unboost|p1a: Zeraora|atk|1\n|move|p1a: Zeraora|Plasma Fists|p2a: Landorus\n|-immune|p2a: Landorus\n|\n|-heal|p2a: Landorus|69\/100 tox|[from] item: Leftovers\n|-damage|p2a: Landorus|63\/100 tox|[from] psn\n|upkeep\n|turn|24\n|\n|t:|1625346050\n|move|p1a: Zeraora|Knock Off|p2a: Landorus\n|-damage|p2a: Landorus|43\/100 tox\n|-enditem|p2a: Landorus|Leftovers|[from] move: Knock Off|[of] p1a: Zeraora\n|move|p2a: Landorus|U-turn|p1a: Zeraora\n|-damage|p1a: Zeraora|71\/100\n|\n|t:|1625346063\n|switch|p2a: Melmetal|Melmetal|100\/100|[from]move: U-turn\n|-damage|p2a: Melmetal|94\/100|[from] Stealth Rock\n|\n|upkeep\n|turn|25\n|\n|t:|1625346081\n|switch|p1a: Corviknight|Corviknight, M, shiny|100\/100\n|-damage|p1a: Corviknight|88\/100|[from] Stealth Rock\n|move|p2a: Melmetal|Superpower|p1a: Corviknight\n|-damage|p1a: Corviknight|57\/100\n|-unboost|p2a: Melmetal|atk|1\n|-unboost|p2a: Melmetal|def|1\n|\n|-heal|p1a: Corviknight|63\/100|[from] item: Leftovers\n|-fieldend|Misty Terrain\n|upkeep\n|turn|26\n|\n|t:|1625346097\n|switch|p2a: Tapu Fini|Tapu Fini|94\/100\n|-damage|p2a: Tapu Fini|82\/100|[from] Stealth Rock\n|-fieldstart|move: Misty Terrain|[from] ability: Misty Surge|[of] p2a: Tapu Fini\n|move|p1a: Corviknight|Roost|p1a: Corviknight\n|-heal|p1a: Corviknight|100\/100\n|-singleturn|p1a: Corviknight|move: Roost\n|\n|-heal|p2a: Tapu Fini|88\/100|[from] item: Leftovers\n|upkeep\n|turn|27\n|\n|t:|1625346104\n|move|p2a: Tapu Fini|Surf|p1a: Corviknight\n|-damage|p1a: Corviknight|79\/100\n|move|p1a: Corviknight|U-turn|p2a: Tapu Fini\n|-resisted|p2a: Tapu Fini\n|-damage|p2a: Tapu Fini|82\/100\n|\n|t:|1625346111\n|switch|p1a: Zeraora|Zeraora|71\/100|[from]move: U-turn\n|\n|-heal|p2a: Tapu Fini|88\/100|[from] item: Leftovers\n|upkeep\n|turn|28\n|\n|t:|1625346117\n|switch|p2a: Landorus|Landorus-Therian, M|43\/100 tox\n|-damage|p2a: Landorus|31\/100 tox|[from] Stealth Rock\n|-ability|p2a: Landorus|Intimidate|boost\n|-unboost|p1a: Zeraora|atk|1\n|move|p1a: Zeraora|Knock Off|p2a: Landorus\n|-damage|p2a: Landorus|17\/100 tox\n|\n|-damage|p2a: Landorus|11\/100 tox|[from] psn\n|upkeep\n|turn|29\n|\n|t:|1625346126\n|switch|p2a: Buzzwole|Buzzwole|92\/100\n|-damage|p2a: Buzzwole|80\/100|[from] Stealth Rock\n|move|p1a: Zeraora|Knock Off|p2a: Buzzwole\n|-resisted|p2a: Buzzwole\n|-damage|p2a: Buzzwole|75\/100\n|-damage|p1a: Zeraora|54\/100|[from] item: Rocky Helmet|[of] p2a: Buzzwole\n|-enditem|p2a: Buzzwole|Rocky Helmet|[from] move: Knock Off|[of] p1a: Zeraora\n|\n|upkeep\n|turn|30\n|\n|t:|1625346137\n|switch|p1a: Buzzwole|Buzzwole|59\/100\n|-damage|p1a: Buzzwole|47\/100|[from] Stealth Rock\n|move|p2a: Buzzwole|Close Combat|p1a: Buzzwole\n|-resisted|p1a: Buzzwole\n|-damage|p1a: Buzzwole|35\/100\n|-unboost|p2a: Buzzwole|def|1\n|-unboost|p2a: Buzzwole|spd|1\n|\n|-fieldend|Misty Terrain\n|upkeep\n|turn|31\n|\n|t:|1625346144\n|switch|p2a: Tapu Fini|Tapu Fini|88\/100\n|-damage|p2a: Tapu Fini|75\/100|[from] Stealth Rock\n|-fieldstart|move: Misty Terrain|[from] ability: Misty Surge|[of] p2a: Tapu Fini\n|move|p1a: Buzzwole|Roost|p1a: Buzzwole\n|-heal|p1a: Buzzwole|85\/100\n|-singleturn|p1a: Buzzwole|move: Roost\n|\n|-heal|p2a: Tapu Fini|82\/100|[from] item: Leftovers\n|upkeep\n|turn|32\n|\n|t:|1625346154\n|switch|p1a: Slowking|Slowking-Galar, F, shiny|75\/100\n|-damage|p1a: Slowking|63\/100|[from] Stealth Rock\n|move|p2a: Tapu Fini|Calm Mind|p2a: Tapu Fini\n|-boost|p2a: Tapu Fini|spa|1\n|-boost|p2a: Tapu Fini|spd|1\n|\n|-heal|p2a: Tapu Fini|88\/100|[from] item: Leftovers\n|upkeep\n|turn|33\n|\n|t:|1625346166\n|move|p2a: Tapu Fini|Surf|p1a: Slowking\n|-damage|p1a: Slowking|41\/100\n|move|p1a: Slowking|Future Sight|p2a: Tapu Fini\n|-start|p1a: Slowking|move: Future Sight\n|\n|-heal|p2a: Tapu Fini|94\/100|[from] item: Leftovers\n|upkeep\n|turn|34\n|\n|t:|1625346173\n|move|p2a: Tapu Fini|Surf|p1a: Slowking\n|-damage|p1a: Slowking|21\/100\n|move|p1a: Slowking|Sludge Bomb|p2a: Tapu Fini\n|-supereffective|p2a: Tapu Fini\n|-damage|p2a: Tapu Fini|60\/100\n|\n|-heal|p2a: Tapu Fini|66\/100|[from] item: Leftovers\n|upkeep\n|turn|35\n|\n|t:|1625346193\n|move|p2a: Tapu Fini|Surf|p1a: Slowking\n|-damage|p1a: Slowking|3\/100\n|move|p1a: Slowking|Sludge Bomb|p2a: Tapu Fini\n|-supereffective|p2a: Tapu Fini\n|-damage|p2a: Tapu Fini|31\/100\n|\n|-end|p2a: Tapu Fini|move: Future Sight\n|-damage|p2a: Tapu Fini|9\/100\n|-heal|p2a: Tapu Fini|15\/100|[from] item: Leftovers\n|-fieldend|Misty Terrain\n|upkeep\n|turn|36\n|\n|t:|1625346211\n|switch|p1a: Corviknight|Corviknight, M, shiny|79\/100\n|-damage|p1a: Corviknight|67\/100|[from] Stealth Rock\n|move|p2a: Tapu Fini|Moonblast|p1a: Corviknight\n|-resisted|p1a: Corviknight\n|-damage|p1a: Corviknight|51\/100\n|\n|-heal|p2a: Tapu Fini|21\/100|[from] item: Leftovers\n|-heal|p1a: Corviknight|57\/100|[from] item: Leftovers\n|upkeep\n|turn|37\n|\n|t:|1625346219\n|move|p2a: Tapu Fini|Surf|p1a: Corviknight\n|-damage|p1a: Corviknight|26\/100\n|move|p1a: Corviknight|Brave Bird|p2a: Tapu Fini\n|-damage|p2a: Tapu Fini|0 fnt\n|faint|p2a: Tapu Fini\n|-damage|p1a: Corviknight|20\/100|[from] Recoil\n|\n|-heal|p1a: Corviknight|26\/100|[from] item: Leftovers\n|upkeep\n|\n|t:|1625346228\n|switch|p2a: Dragapult|Dragapult, M|78\/100\n|-damage|p2a: Dragapult|65\/100|[from] Stealth Rock\n|turn|38\n|\n|t:|1625346268\n|switch|p1a: Landorus|Landorus-Therian, M, shiny|67\/100\n|-damage|p1a: Landorus|55\/100|[from] Stealth Rock\n|-ability|p1a: Landorus|Intimidate|boost\n|-unboost|p2a: Dragapult|atk|1\n|move|p2a: Dragapult|Shadow Ball|p1a: Landorus\n|-damage|p1a: Landorus|3\/100\n|\n|upkeep\n|turn|39\n|\n|t:|1625346277\n|move|p2a: Dragapult|Shadow Ball|p1a: Landorus\n|-damage|p1a: Landorus|0 fnt\n|faint|p1a: Landorus\n|\n|upkeep\n|\n|t:|1625346285\n|switch|p1a: Garchomp|Garchomp, M|100\/100\n|-damage|p1a: Garchomp|94\/100|[from] Stealth Rock\n|turn|40\n|\n|t:|1625346292\n|switch|p2a: Landorus|Landorus-Therian, M|11\/100 tox\n|-damage|p2a: Landorus|0 fnt|[from] Stealth Rock\n|faint|p2a: Landorus\n|move|p1a: Garchomp|Swords Dance|p1a: Garchomp\n|-boost|p1a: Garchomp|atk|2\n|\n|upkeep\n|\n|t:|1625346297\n|switch|p2a: Dragapult|Dragapult, M|65\/100\n|-damage|p2a: Dragapult|53\/100|[from] Stealth Rock\n|turn|41\n|\n|t:|1625346303\n|switch|p1a: Corviknight|Corviknight, M, shiny|26\/100\n|-damage|p1a: Corviknight|14\/100|[from] Stealth Rock\n|move|p2a: Dragapult|Draco Meteor|p1a: Corviknight\n|-resisted|p1a: Corviknight\n|-damage|p1a: Corviknight|0 fnt\n|-unboost|p2a: Dragapult|spa|2\n|faint|p1a: Corviknight\n|\n|upkeep\n|\n|t:|1625346318\n|switch|p1a: Zeraora|Zeraora|54\/100\n|turn|42\n|\n|t:|1625346322\n|switch|p1a: Slowking|Slowking-Galar, F, shiny|36\/100\n|-damage|p1a: Slowking|24\/100|[from] Stealth Rock\n|switch|p2a: Buzzwole|Buzzwole|75\/100\n|-damage|p2a: Buzzwole|63\/100|[from] Stealth Rock\n|\n|upkeep\n|turn|43\n|\n|t:|1625346331\n|move|p2a: Buzzwole|Leech Life|p1a: Slowking\n|-damage|p1a: Slowking|0 fnt\n|-heal|p2a: Buzzwole|74\/100|[from] drain|[of] p1a: Slowking\n|faint|p1a: Slowking\n|-ability|p2a: Buzzwole|Beast Boost|boost\n|-boost|p2a: Buzzwole|def|1\n|\n|upkeep\n|\n|t:|1625346338\n|switch|p1a: Buzzwole|Buzzwole|85\/100\n|-damage|p1a: Buzzwole|72\/100|[from] Stealth Rock\n|turn|44\n|\n|t:|1625346348\n|switch|p2a: Melmetal|Melmetal|94\/100\n|-damage|p2a: Melmetal|88\/100|[from] Stealth Rock\n|move|p1a: Buzzwole|Toxic|p2a: Melmetal\n|-immune|p2a: Melmetal\n|\n|upkeep\n|turn|45\n|\n|t:|1625346360\n|move|p1a: Buzzwole|Roost|p1a: Buzzwole\n|-heal|p1a: Buzzwole|100\/100\n|-singleturn|p1a: Buzzwole|move: Roost\n|move|p2a: Melmetal|Double Iron Bash|p1a: Buzzwole\n|-damage|p1a: Buzzwole|83\/100\n|-damage|p1a: Buzzwole|65\/100\n|-hitcount|p1a: Buzzwole|2\n|\n|upkeep\n|turn|46\n|\n|t:|1625346368\n|move|p1a: Buzzwole|Ice Punch|p2a: Melmetal\n|-resisted|p2a: Melmetal\n|-damage|p2a: Melmetal|82\/100\n|move|p2a: Melmetal|Double Iron Bash|p1a: Buzzwole\n|-damage|p1a: Buzzwole|48\/100\n|-damage|p1a: Buzzwole|31\/100\n|-hitcount|p1a: Buzzwole|2\n|\n|upkeep\n|turn|47\n|\n|t:|1625346376\n|switch|p2a: Dragapult|Dragapult, M|53\/100\n|-damage|p2a: Dragapult|41\/100|[from] Stealth Rock\n|move|p1a: Buzzwole|Ice Punch|p2a: Dragapult\n|-supereffective|p2a: Dragapult\n|-damage|p2a: Dragapult|0 fnt\n|faint|p2a: Dragapult\n|-ability|p1a: Buzzwole|Beast Boost|boost\n|-boost|p1a: Buzzwole|def|1\n|\n|upkeep\n|\n|t:|1625346380\n|switch|p2a: Zeraora|Zeraora|54\/100\n|turn|48\n|\n|t:|1625346385\n|move|p2a: Zeraora|Bulk Up|p2a: Zeraora\n|-boost|p2a: Zeraora|atk|1\n|-boost|p2a: Zeraora|def|1\n|move|p1a: Buzzwole|Roost|p1a: Buzzwole\n|-heal|p1a: Buzzwole|81\/100\n|-singleturn|p1a: Buzzwole|move: Roost\n|\n|upkeep\n|turn|49\n|\n|t:|1625346390\n|move|p2a: Zeraora|Bulk Up|p2a: Zeraora\n|-boost|p2a: Zeraora|atk|1\n|-boost|p2a: Zeraora|def|1\n|move|p1a: Buzzwole|Toxic|p2a: Zeraora\n|-status|p2a: Zeraora|tox\n|\n|-damage|p2a: Zeraora|48\/100 tox|[from] psn\n|upkeep\n|turn|50\n|\n|t:|1625346396\n|move|p2a: Zeraora|Close Combat|p1a: Buzzwole\n|-resisted|p1a: Buzzwole\n|-damage|p1a: Buzzwole|70\/100\n|-unboost|p2a: Zeraora|def|1\n|-unboost|p2a: Zeraora|spd|1\n|move|p1a: Buzzwole|Drain Punch|p2a: Zeraora\n|-damage|p2a: Zeraora|16\/100 tox\n|-heal|p1a: Buzzwole|82\/100|[from] drain|[of] p2a: Zeraora\n|\n|-damage|p2a: Zeraora|4\/100 tox|[from] psn\n|upkeep\n|turn|51\n|\n|t:|1625346407\n|move|p2a: Zeraora|Plasma Fists|p1a: Buzzwole\n|-damage|p1a: Buzzwole|53\/100\n|move|p1a: Buzzwole|Roost|p1a: Buzzwole\n|-heal|p1a: Buzzwole|100\/100\n|-singleturn|p1a: Buzzwole|move: Roost\n|\n|-damage|p2a: Zeraora|0 fnt|[from] psn\n|faint|p2a: Zeraora\n|upkeep\n|c|\u2606LT81YL Toshi|gg nice predict\n|-message|LT81YL Toshi forfeited.\n|\n|win|Shootingwolf\n|raw|Shootingwolf's rating: 1566 &rarr; <strong>1586<\/strong><br \/>(+20 for winning)\n|raw|LT81YL Toshi's rating: 1569 &rarr; <strong>1549<\/strong><br \/>(-20 for losing)\n|l|\u2606LT81YL Toshi\n","uploadtime":1625346438,"views":28,"p1id":"shootingwolf","p2id":"lt81yltoshi","formatid":"gen8ou","rating":1549,"private":0,"password":null}