{"id":"gen8ou-1164443443","p1":"LT71LX ABR","p2":"Redemption","format":"gen8ou","log":"|raw|<div class=\"broadcast-blue\"><strong>This battle is required to be public due to a player having a name prefixed by 'LT71LX'.<\/div>\n|j|\u2606LT71LX ABR\n|j|\u2606Redemption\n|t:|1596745276\n|player|p1|LT71LX ABR|hilbert-dueldisk|1774\n|player|p2|Redemption|flint|1700\n|teamsize|p1|6\n|teamsize|p2|6\n|gametype|singles\n|gen|8\n|tier|[Gen 8] OU\n|rated|\n|clearpoke\n|poke|p1|Ditto|\n|poke|p1|Gastrodon-East, M|\n|poke|p1|Corviknight, M|\n|poke|p1|Clefable, F|\n|poke|p1|Toxapex, M|\n|poke|p1|Rotom-Heat|\n|poke|p2|Zarude|\n|poke|p2|Clefable, F|\n|poke|p2|Zeraora|\n|poke|p2|Dragapult, M|\n|poke|p2|Ferrothorn, M|\n|poke|p2|Pelipper, M|\n|rule|Sleep Clause Mod: Limit one foe put to sleep\n|rule|Species Clause: Limit one of each Pok\u00e9mon\n|rule|OHKO Clause: OHKO moves are banned\n|rule|Evasion Moves Clause: Evasion moves are banned\n|rule|Endless Battle Clause: Forcing endless battles is banned\n|rule|HP Percentage Mod: HP is shown in percentages\n|rule|Dynamax Clause: You cannot dynamax\n|teampreview\n|j| WildWave \u263e\u2605\n|j| LCRR Ninho\n|j| huicorn\n|j| LT71LX Light\n|j| LT71LX Vessev\n|j| lt71lx rel\n|j| LT71LX Tace\n|j| LT71LX Gura\n|j| BoomBoomBoo\n|j| pogtoniumisfound\n|\n|t:|1596745318\n|start\n|switch|p1a: Clefable|Clefable, F|100\/100\n|switch|p2a: M\u00e9lo \u00e0 chauffer|Clefable, F|100\/100\n|turn|1\n|j| you make my tm26\n|\n|t:|1596745321\n|move|p2a: M\u00e9lo \u00e0 chauffer|Stealth Rock|p1a: Clefable\n|-sidestart|p1: LT71LX ABR|move: Stealth Rock\n|move|p1a: Clefable|Knock Off|p2a: M\u00e9lo \u00e0 chauffer\n|-resisted|p2a: M\u00e9lo \u00e0 chauffer\n|-damage|p2a: M\u00e9lo \u00e0 chauffer|94\/100\n|-enditem|p2a: M\u00e9lo \u00e0 chauffer|Leftovers|[from] move: Knock Off|[of] p1a: Clefable\n|\n|upkeep\n|turn|2\n|j| LT71LXLuthier\n|j| LT71LX lady bug\n|j| Pavijo28\n|j| eebsofresh\n|j| nimm mich rasmus\n|j| Lluiselmega\n|l| LCRR Ninho\n|\n|t:|1596745369\n|switch|p2a: Yannick Noacier|Ferrothorn, M|100\/100\n|move|p1a: Clefable|Stealth Rock|p2a: Yannick Noacier\n|-sidestart|p2: Redemption|move: Stealth Rock\n|\n|upkeep\n|turn|3\n|\n|t:|1596745374\n|move|p1a: Clefable|Knock Off|p2a: Yannick Noacier\n|-damage|p2a: Yannick Noacier|90\/100\n|-activate|p2a: Yannick Noacier|ability: Iron Barbs\n|-enditem|p2a: Yannick Noacier|Leftovers|[from] move: Knock Off|[of] p1a: Clefable\n|move|p2a: Yannick Noacier|Knock Off|p1a: Clefable\n|-resisted|p1a: Clefable\n|-damage|p1a: Clefable|92\/100\n|-enditem|p1a: Clefable|Leftovers|[from] move: Knock Off|[of] p2a: Yannick Noacier\n|\n|upkeep\n|turn|4\n|j| tazz\n|\n|t:|1596745379\n|move|p1a: Clefable|Moonblast|p2a: Yannick Noacier\n|-resisted|p2a: Yannick Noacier\n|-damage|p2a: Yannick Noacier|76\/100\n|move|p2a: Yannick Noacier|Spikes|p1a: Clefable\n|-sidestart|p1: LT71LX ABR|Spikes\n|\n|upkeep\n|turn|5\n|j| Mara Sattei\n|\n|t:|1596745392\n|move|p1a: Clefable|Moonblast|p2a: Yannick Noacier\n|-resisted|p2a: Yannick Noacier\n|-crit|p2a: Yannick Noacier\n|-damage|p2a: Yannick Noacier|57\/100\n|-unboost|p2a: Yannick Noacier|spa|1\n|move|p2a: Yannick Noacier|Spikes|p1a: Clefable\n|-sidestart|p1: LT71LX ABR|Spikes\n|\n|upkeep\n|turn|6\n|\n|t:|1596745400\n|switch|p2a: M\u00e9lo \u00e0 chauffer|Clefable, F|94\/100\n|move|p1a: Clefable|Moonblast|p2a: M\u00e9lo \u00e0 chauffer\n|-damage|p2a: M\u00e9lo \u00e0 chauffer|64\/100\n|\n|upkeep\n|turn|7\n|n| tazz|tazz\n|\n|t:|1596745410\n|switch|p1a: Corviknight|Corviknight, M|100\/100\n|-damage|p1a: Corviknight|88\/100|[from] Stealth Rock\n|-ability|p1a: Corviknight|Pressure\n|move|p2a: M\u00e9lo \u00e0 chauffer|Calm Mind|p2a: M\u00e9lo \u00e0 chauffer\n|-boost|p2a: M\u00e9lo \u00e0 chauffer|spa|1\n|-boost|p2a: M\u00e9lo \u00e0 chauffer|spd|1\n|\n|upkeep\n|turn|8\n|\n|t:|1596745416\n|move|p2a: M\u00e9lo \u00e0 chauffer|Calm Mind|p2a: M\u00e9lo \u00e0 chauffer\n|-boost|p2a: M\u00e9lo \u00e0 chauffer|spa|1\n|-boost|p2a: M\u00e9lo \u00e0 chauffer|spd|1\n|move|p1a: Corviknight|Defog|p2a: M\u00e9lo \u00e0 chauffer\n|-unboost|p2a: M\u00e9lo \u00e0 chauffer|evasion|1\n|-sideend|p2: Redemption|Stealth Rock|[from] move: Defog|[of] p1a: Corviknight\n|-sideend|p1: LT71LX ABR|Spikes|[from] move: Defog|[of] p1a: Corviknight\n|-sideend|p1: LT71LX ABR|Stealth Rock|[from] move: Defog|[of] p1a: Corviknight\n|\n|upkeep\n|turn|9\n|\n|t:|1596745422\n|switch|p1a: Toxapex|Toxapex, M|100\/100\n|move|p2a: M\u00e9lo \u00e0 chauffer|Stealth Rock|p1a: Toxapex\n|-sidestart|p1: LT71LX ABR|move: Stealth Rock\n|\n|upkeep\n|turn|10\n|l| WildWave \u263e\u2605\n|j| TheOnlyGhads\n|\n|t:|1596745431\n|move|p2a: M\u00e9lo \u00e0 chauffer|Calm Mind|p2a: M\u00e9lo \u00e0 chauffer\n|-boost|p2a: M\u00e9lo \u00e0 chauffer|spa|1\n|-boost|p2a: M\u00e9lo \u00e0 chauffer|spd|1\n|move|p1a: Toxapex|Knock Off|p2a: M\u00e9lo \u00e0 chauffer\n|-resisted|p2a: M\u00e9lo \u00e0 chauffer\n|-damage|p2a: M\u00e9lo \u00e0 chauffer|60\/100\n|\n|upkeep\n|turn|11\n|j| WildWave \u263e\u2605\n|\n|t:|1596745434\n|move|p2a: M\u00e9lo \u00e0 chauffer|Soft-Boiled|p2a: M\u00e9lo \u00e0 chauffer\n|-heal|p2a: M\u00e9lo \u00e0 chauffer|100\/100\n|move|p1a: Toxapex|Haze|p1a: Toxapex\n|-clearallboost\n|\n|upkeep\n|turn|12\n|n| tazz|tazz\n|\n|t:|1596745450\n|switch|p2a: Yannick Noacier|Ferrothorn, M|57\/100\n|move|p1a: Toxapex|Knock Off|p2a: Yannick Noacier\n|-damage|p2a: Yannick Noacier|51\/100\n|-damage|p1a: Toxapex|88\/100|[from] ability: Iron Barbs|[of] p2a: Yannick Noacier\n|\n|upkeep\n|turn|13\n|j| LT71LX Stareal\n|j| ayevon\n|c| nimm mich rasmus|wtf is\n|c| nimm mich rasmus|zarude\n|l| LT71LX Stareal\n|c| nimm mich rasmus|has this shit been out forever\n|j| LUCK>SKILL\n|c|\u2606LT71LX ABR|today\n|c| nimm mich rasmus|ah okay\n|\n|t:|1596745489\n|switch|p1a: Clefable|Clefable, F|92\/100\n|move|p2a: Yannick Noacier|Power Whip|p1a: Clefable\n|-damage|p1a: Clefable|62\/100\n|\n|upkeep\n|turn|14\n|\n|t:|1596745496\n|switch|p2a: B\u00e9kipe de France|Pelipper, M|100\/100\n|-weather|RainDance|[from] ability: Drizzle|[of] p2a: B\u00e9kipe de France\n|move|p1a: Clefable|Stealth Rock|p2a: B\u00e9kipe de France\n|-sidestart|p2: Redemption|move: Stealth Rock\n|\n|-weather|RainDance|[upkeep]\n|upkeep\n|turn|15\n|j| xShibaTatsuya \u53f8\u6ce2\u9054\u4e5f\n|\n|t:|1596745504\n|switch|p1a: Gastrodon|Gastrodon-East, M|100\/100\n|-damage|p1a: Gastrodon|94\/100|[from] Stealth Rock\n|move|p2a: B\u00e9kipe de France|Weather Ball|p1a: Gastrodon\n|-ability|p1a: Gastrodon|Storm Drain|boost\n|-boost|p1a: Gastrodon|spa|1\n|\n|-weather|RainDance|[upkeep]\n|-heal|p1a: Gastrodon|100\/100|[from] item: Leftovers\n|upkeep\n|turn|16\n|\n|t:|1596745515\n|switch|p2a: Zarrive !|Zarude|100\/100\n|-damage|p2a: Zarrive !|88\/100|[from] Stealth Rock\n|move|p1a: Gastrodon|Scald|p2a: Zarrive !\n|-resisted|p2a: Zarrive !\n|-damage|p2a: Zarrive !|61\/100\n|\n|-weather|RainDance|[upkeep]\n|upkeep\n|turn|17\n|\n|t:|1596745529\n|switch|p1a: Corviknight|Corviknight, M|88\/100\n|-damage|p1a: Corviknight|76\/100|[from] Stealth Rock\n|-ability|p1a: Corviknight|Pressure\n|move|p2a: Zarrive !|Darkest Lariat|p1a: Corviknight\n|-damage|p1a: Corviknight|40\/100\n|-damage|p2a: Zarrive !|45\/100|[from] item: Rocky Helmet|[of] p1a: Corviknight\n|\n|-weather|RainDance|[upkeep]\n|upkeep\n|turn|18\n|j| SLHDSN\n|\n|t:|1596745539\n|move|p2a: Zarrive !|Darkest Lariat|p1a: Corviknight\n|-damage|p1a: Corviknight|5\/100\n|-damage|p2a: Zarrive !|28\/100|[from] item: Rocky Helmet|[of] p1a: Corviknight\n|move|p1a: Corviknight|Roost|p1a: Corviknight\n|-heal|p1a: Corviknight|55\/100\n|-singleturn|p1a: Corviknight|move: Roost\n|\n|-weather|none\n|upkeep\n|turn|19\n|\n|t:|1596745553\n|switch|p2a: B\u00e9kipe de France|Pelipper, M|100\/100\n|-weather|RainDance|[from] ability: Drizzle|[of] p2a: B\u00e9kipe de France\n|move|p1a: Corviknight|U-turn|p2a: B\u00e9kipe de France\n|-resisted|p2a: B\u00e9kipe de France\n|-damage|p2a: B\u00e9kipe de France|91\/100\n|\n|t:|1596745556\n|switch|p1a: Rotom|Rotom-Heat|100\/100|[from]move: U-turn\n|\n|-weather|RainDance|[upkeep]\n|upkeep\n|turn|20\n|j| Neako\n|\n|t:|1596745561\n|switch|p2a: M\u00e9lo \u00e0 chauffer|Clefable, F|100\/100\n|move|p1a: Rotom|Volt Switch|p2a: M\u00e9lo \u00e0 chauffer\n|-damage|p2a: M\u00e9lo \u00e0 chauffer|77\/100\n|\n|t:|1596745569\n|switch|p1a: Clefable|Clefable, F|62\/100|[from]move: Volt Switch\n|\n|-weather|RainDance|[upkeep]\n|upkeep\n|turn|21\n|l| nimm mich rasmus\n|j| mishiimono\n|\n|t:|1596745582\n|switch|p2a: Drague de rue|Dragapult, M|100\/100\n|move|p1a: Clefable|Soft-Boiled|p1a: Clefable\n|-heal|p1a: Clefable|100\/100\n|\n|-weather|RainDance|[upkeep]\n|upkeep\n|turn|22\n|\n|t:|1596745589\n|switch|p1a: Toxapex|Toxapex, M|100\/100\n|-damage|p1a: Toxapex|88\/100|[from] Stealth Rock\n|move|p2a: Drague de rue|Steel Wing|p1a: Toxapex\n|-resisted|p1a: Toxapex\n|-damage|p1a: Toxapex|81\/100\n|-damage|p2a: Drague de rue|84\/100|[from] item: Rocky Helmet|[of] p1a: Toxapex\n|\n|-weather|RainDance|[upkeep]\n|upkeep\n|turn|23\n|j| Flygon1908\n|\n|t:|1596745598\n|move|p2a: Drague de rue|Thunder Wave|p1a: Toxapex\n|-status|p1a: Toxapex|par\n|move|p1a: Toxapex|Scald|p2a: Drague de rue\n|-resisted|p2a: Drague de rue\n|-damage|p2a: Drague de rue|66\/100\n|-status|p2a: Drague de rue|brn\n|\n|-weather|none\n|-damage|p2a: Drague de rue|60\/100 brn|[from] brn\n|upkeep\n|turn|24\n|\n|t:|1596745610\n|switch|p2a: Zera de goutti\u00e8re|Zeraora|100\/100\n|move|p1a: Toxapex|Scald|p2a: Zera de goutti\u00e8re\n|-damage|p2a: Zera de goutti\u00e8re|80\/100\n|\n|upkeep\n|turn|25\n|\n|t:|1596745622\n|move|p2a: Zera de goutti\u00e8re|Knock Off|p1a: Toxapex\n|-damage|p1a: Toxapex|64\/100 par\n|-damage|p2a: Zera de goutti\u00e8re|63\/100|[from] item: Rocky Helmet|[of] p1a: Toxapex\n|-enditem|p1a: Toxapex|Rocky Helmet|[from] move: Knock Off|[of] p2a: Zera de goutti\u00e8re\n|move|p1a: Toxapex|Knock Off|p2a: Zera de goutti\u00e8re\n|-damage|p2a: Zera de goutti\u00e8re|42\/100\n|-enditem|p2a: Zera de goutti\u00e8re|Heavy-Duty Boots|[from] move: Knock Off|[of] p1a: Toxapex\n|\n|upkeep\n|turn|26\n|\n|t:|1596745628\n|move|p2a: Zera de goutti\u00e8re|Knock Off|p1a: Toxapex\n|-damage|p1a: Toxapex|51\/100 par\n|move|p1a: Toxapex|Recover|p1a: Toxapex\n|-heal|p1a: Toxapex|100\/100 par\n|\n|upkeep\n|turn|27\n|\n|t:|1596745632\n|switch|p1a: Gastrodon|Gastrodon-East, M|100\/100\n|-damage|p1a: Gastrodon|94\/100|[from] Stealth Rock\n|move|p2a: Zera de goutti\u00e8re|Knock Off|p1a: Gastrodon\n|-damage|p1a: Gastrodon|62\/100\n|-enditem|p1a: Gastrodon|Leftovers|[from] move: Knock Off|[of] p2a: Zera de goutti\u00e8re\n|\n|upkeep\n|turn|28\n|j| ironwater\n|\n|t:|1596745635\n|switch|p2a: Zarrive !|Zarude|28\/100\n|-damage|p2a: Zarrive !|16\/100|[from] Stealth Rock\n|move|p1a: Gastrodon|Recover|p1a: Gastrodon\n|-heal|p1a: Gastrodon|100\/100\n|\n|upkeep\n|turn|29\n|l| BoomBoomBoo\n|\n|t:|1596745645\n|switch|p1a: Corviknight|Corviknight, M|55\/100\n|-damage|p1a: Corviknight|43\/100|[from] Stealth Rock\n|-ability|p1a: Corviknight|Pressure\n|move|p2a: Zarrive !|Darkest Lariat|p1a: Corviknight\n|-damage|p1a: Corviknight|4\/100\n|-damage|p2a: Zarrive !|0 fnt|[from] item: Rocky Helmet|[of] p1a: Corviknight\n|faint|p2a: Zarrive !\n|\n|upkeep\n|\n|t:|1596745654\n|switch|p2a: B\u00e9kipe de France|Pelipper, M|91\/100\n|-weather|RainDance|[from] ability: Drizzle|[of] p2a: B\u00e9kipe de France\n|turn|30\n|j| magicarpe_lvl100\n|\n|t:|1596745660\n|switch|p1a: Rotom|Rotom-Heat|100\/100\n|move|p2a: B\u00e9kipe de France|Hurricane|p1a: Rotom\n|-resisted|p1a: Rotom\n|-damage|p1a: Rotom|74\/100\n|\n|-weather|RainDance|[upkeep]\n|upkeep\n|turn|31\n|\n|t:|1596745668\n|switch|p1a: Gastrodon|Gastrodon-East, M|100\/100\n|-damage|p1a: Gastrodon|94\/100|[from] Stealth Rock\n|move|p2a: B\u00e9kipe de France|Weather Ball|p1a: Gastrodon\n|-ability|p1a: Gastrodon|Storm Drain|boost\n|-boost|p1a: Gastrodon|spa|1\n|\n|-weather|RainDance|[upkeep]\n|upkeep\n|turn|32\n|\n|t:|1596745676\n|switch|p2a: M\u00e9lo \u00e0 chauffer|Clefable, F|77\/100\n|move|p1a: Gastrodon|Scald|p2a: M\u00e9lo \u00e0 chauffer\n|-damage|p2a: M\u00e9lo \u00e0 chauffer|22\/100\n|-status|p2a: M\u00e9lo \u00e0 chauffer|brn\n|\n|-weather|RainDance|[upkeep]\n|upkeep\n|turn|33\n|\n|t:|1596745682\n|move|p2a: M\u00e9lo \u00e0 chauffer|Soft-Boiled|p2a: M\u00e9lo \u00e0 chauffer\n|-heal|p2a: M\u00e9lo \u00e0 chauffer|72\/100 brn\n|move|p1a: Gastrodon|Scald|p2a: M\u00e9lo \u00e0 chauffer\n|-damage|p2a: M\u00e9lo \u00e0 chauffer|14\/100 brn\n|\n|-weather|RainDance|[upkeep]\n|upkeep\n|turn|34\n|\n|t:|1596745687\n|move|p2a: M\u00e9lo \u00e0 chauffer|Soft-Boiled|p2a: M\u00e9lo \u00e0 chauffer\n|-heal|p2a: M\u00e9lo \u00e0 chauffer|64\/100 brn\n|move|p1a: Gastrodon|Scald|p2a: M\u00e9lo \u00e0 chauffer\n|-damage|p2a: M\u00e9lo \u00e0 chauffer|5\/100 brn\n|\n|-weather|none\n|upkeep\n|turn|35\n|\n|t:|1596745693\n|move|p2a: M\u00e9lo \u00e0 chauffer|Soft-Boiled|p2a: M\u00e9lo \u00e0 chauffer\n|-heal|p2a: M\u00e9lo \u00e0 chauffer|55\/100 brn\n|move|p1a: Gastrodon|Scald|p2a: M\u00e9lo \u00e0 chauffer\n|-damage|p2a: M\u00e9lo \u00e0 chauffer|20\/100 brn\n|\n|upkeep\n|turn|36\n|\n|t:|1596745698\n|move|p2a: M\u00e9lo \u00e0 chauffer|Soft-Boiled|p2a: M\u00e9lo \u00e0 chauffer\n|-heal|p2a: M\u00e9lo \u00e0 chauffer|70\/100 brn\n|move|p1a: Gastrodon|Scald|p2a: M\u00e9lo \u00e0 chauffer\n|-damage|p2a: M\u00e9lo \u00e0 chauffer|31\/100 brn\n|\n|upkeep\n|turn|37\n|j| LT71LX croo\n|l| Lluiselmega\n|\n|t:|1596745703\n|move|p2a: M\u00e9lo \u00e0 chauffer|Calm Mind|p2a: M\u00e9lo \u00e0 chauffer\n|-boost|p2a: M\u00e9lo \u00e0 chauffer|spa|1\n|-boost|p2a: M\u00e9lo \u00e0 chauffer|spd|1\n|move|p1a: Gastrodon|Scald|p2a: M\u00e9lo \u00e0 chauffer\n|-damage|p2a: M\u00e9lo \u00e0 chauffer|6\/100 brn\n|\n|upkeep\n|turn|38\n|\n|t:|1596745705\n|move|p2a: M\u00e9lo \u00e0 chauffer|Soft-Boiled|p2a: M\u00e9lo \u00e0 chauffer\n|-heal|p2a: M\u00e9lo \u00e0 chauffer|56\/100 brn\n|move|p1a: Gastrodon|Clear Smog|p2a: M\u00e9lo \u00e0 chauffer\n|-supereffective|p2a: M\u00e9lo \u00e0 chauffer\n|-damage|p2a: M\u00e9lo \u00e0 chauffer|35\/100 brn\n|-clearboost|p2a: M\u00e9lo \u00e0 chauffer\n|\n|upkeep\n|turn|39\n|\n|t:|1596745710\n|move|p2a: M\u00e9lo \u00e0 chauffer|Soft-Boiled|p2a: M\u00e9lo \u00e0 chauffer\n|-heal|p2a: M\u00e9lo \u00e0 chauffer|85\/100 brn\n|move|p1a: Gastrodon|Scald|p2a: M\u00e9lo \u00e0 chauffer\n|-damage|p2a: M\u00e9lo \u00e0 chauffer|48\/100 brn\n|\n|upkeep\n|turn|40\n|j| snycky\n|l| Flygon1908\n|j| Dragai\n|l| TheOnlyGhads\n|l| you make my tm26\n|l| LUCK>SKILL\n|l| Dragai\n|\n|t:|1596745731\n|move|p2a: M\u00e9lo \u00e0 chauffer|Moonblast|p1a: Gastrodon\n|-damage|p1a: Gastrodon|73\/100\n|move|p1a: Gastrodon|Scald|p2a: M\u00e9lo \u00e0 chauffer\n|-damage|p2a: M\u00e9lo \u00e0 chauffer|15\/100 brn\n|\n|upkeep\n|turn|41\n|j| LT71LX Allistair\n|\n|t:|1596745736\n|move|p2a: M\u00e9lo \u00e0 chauffer|Soft-Boiled|p2a: M\u00e9lo \u00e0 chauffer\n|-heal|p2a: M\u00e9lo \u00e0 chauffer|65\/100 brn\n|move|p1a: Gastrodon|Scald|p2a: M\u00e9lo \u00e0 chauffer\n|-damage|p2a: M\u00e9lo \u00e0 chauffer|30\/100 brn\n|\n|upkeep\n|turn|42\n|l| xShibaTatsuya \u53f8\u6ce2\u9054\u4e5f\n|j| TheOnlyGhads\n|\n|t:|1596745740\n|move|p2a: M\u00e9lo \u00e0 chauffer|Soft-Boiled|p2a: M\u00e9lo \u00e0 chauffer\n|-heal|p2a: M\u00e9lo \u00e0 chauffer|80\/100 brn\n|move|p1a: Gastrodon|Clear Smog|p2a: M\u00e9lo \u00e0 chauffer\n|-supereffective|p2a: M\u00e9lo \u00e0 chauffer\n|-damage|p2a: M\u00e9lo \u00e0 chauffer|50\/100 brn\n|-clearboost|p2a: M\u00e9lo \u00e0 chauffer\n|\n|upkeep\n|turn|43\n|j| Dragai\n|\n|t:|1596745743\n|move|p2a: M\u00e9lo \u00e0 chauffer|Moonblast|p1a: Gastrodon\n|-damage|p1a: Gastrodon|52\/100\n|-unboost|p1a: Gastrodon|spa|1\n|move|p1a: Gastrodon|Clear Smog|p2a: M\u00e9lo \u00e0 chauffer\n|-supereffective|p2a: M\u00e9lo \u00e0 chauffer\n|-damage|p2a: M\u00e9lo \u00e0 chauffer|31\/100 brn\n|-clearboost|p2a: M\u00e9lo \u00e0 chauffer\n|\n|upkeep\n|turn|44\n|j| Pokemon Hates Me\n|l| Dragai\n|\n|t:|1596745749\n|move|p2a: M\u00e9lo \u00e0 chauffer|Soft-Boiled|p2a: M\u00e9lo \u00e0 chauffer\n|-heal|p2a: M\u00e9lo \u00e0 chauffer|81\/100 brn\n|move|p1a: Gastrodon|Recover|p1a: Gastrodon\n|-heal|p1a: Gastrodon|100\/100\n|\n|upkeep\n|turn|45\n|\n|t:|1596745754\n|switch|p2a: Yannick Noacier|Ferrothorn, M|51\/100\n|-damage|p2a: Yannick Noacier|45\/100|[from] Stealth Rock\n|move|p1a: Gastrodon|Clear Smog|p2a: Yannick Noacier\n|-immune|p2a: Yannick Noacier\n|\n|upkeep\n|turn|46\n|\n|t:|1596745763\n|switch|p1a: Rotom|Rotom-Heat|74\/100\n|move|p2a: Yannick Noacier|Spikes|p1a: Rotom\n|-sidestart|p1: LT71LX ABR|Spikes\n|\n|upkeep\n|turn|47\n|\n|t:|1596745772\n|switch|p2a: B\u00e9kipe de France|Pelipper, M|91\/100\n|-weather|RainDance|[from] ability: Drizzle|[of] p2a: B\u00e9kipe de France\n|move|p1a: Rotom|Overheat|p2a: B\u00e9kipe de France\n|-resisted|p2a: B\u00e9kipe de France\n|-damage|p2a: B\u00e9kipe de France|73\/100\n|-unboost|p1a: Rotom|spa|2\n|\n|-weather|RainDance|[upkeep]\n|upkeep\n|turn|48\n|\n|t:|1596745779\n|switch|p1a: Gastrodon|Gastrodon-East, M|100\/100\n|-damage|p1a: Gastrodon|94\/100|[from] Stealth Rock\n|-damage|p1a: Gastrodon|82\/100|[from] Spikes\n|switch|p2a: Zera de goutti\u00e8re|Zeraora|42\/100\n|-damage|p2a: Zera de goutti\u00e8re|29\/100|[from] Stealth Rock\n|\n|-weather|RainDance|[upkeep]\n|upkeep\n|turn|49\n|j| Nassimx\n|j| sir guap\n|\n|t:|1596745789\n|switch|p2a: Yannick Noacier|Ferrothorn, M|45\/100\n|-damage|p2a: Yannick Noacier|39\/100|[from] Stealth Rock\n|move|p1a: Gastrodon|Recover|p1a: Gastrodon\n|-heal|p1a: Gastrodon|100\/100\n|\n|-weather|RainDance|[upkeep]\n|upkeep\n|turn|50\n|j| LT71LX vso\n|\n|t:|1596745795\n|switch|p1a: Clefable|Clefable, F|100\/100\n|move|p2a: Yannick Noacier|Knock Off|p1a: Clefable\n|-resisted|p1a: Clefable\n|-damage|p1a: Clefable|94\/100\n|\n|-weather|RainDance|[upkeep]\n|upkeep\n|turn|51\n|l| LT71LX croo\n|\n|t:|1596745800\n|switch|p1a: Rotom|Rotom-Heat|74\/100\n|move|p2a: Yannick Noacier|Spikes|p1a: Rotom\n|-sidestart|p1: LT71LX ABR|Spikes\n|\n|-weather|none\n|upkeep\n|turn|52\n|c| Nassimx|Cc je t'aime redemption\n|\n|t:|1596745808\n|switch|p2a: M\u00e9lo \u00e0 chauffer|Clefable, F|81\/100 brn\n|move|p1a: Rotom|Overheat|p2a: M\u00e9lo \u00e0 chauffer\n|-damage|p2a: M\u00e9lo \u00e0 chauffer|36\/100 brn\n|-unboost|p1a: Rotom|spa|2\n|\n|upkeep\n|turn|53\n|\n|t:|1596745813\n|move|p1a: Rotom|Nasty Plot|p1a: Rotom\n|-boost|p1a: Rotom|spa|2\n|move|p2a: M\u00e9lo \u00e0 chauffer|Soft-Boiled|p2a: M\u00e9lo \u00e0 chauffer\n|-heal|p2a: M\u00e9lo \u00e0 chauffer|86\/100 brn\n|\n|upkeep\n|turn|54\n|\n|t:|1596745819\n|switch|p2a: Drague de rue|Dragapult, M|60\/100 brn\n|move|p1a: Rotom|Nasty Plot|p1a: Rotom\n|-boost|p1a: Rotom|spa|2\n|\n|-damage|p2a: Drague de rue|54\/100 brn|[from] brn\n|upkeep\n|turn|55\n|\n|t:|1596745828\n|move|p2a: Drague de rue|Dragon Darts|p1a: Rotom\n|-damage|p1a: Rotom|59\/100\n|-anim|p2a: Drague de rue|Dragon Darts|p1a: Rotom\n|-damage|p1a: Rotom|45\/100\n|move|p1a: Rotom|Volt Switch|p2a: Drague de rue\n|-resisted|p2a: Drague de rue\n|-damage|p2a: Drague de rue|23\/100 brn\n|l| LT71LX vso\n|c| Nassimx|Do you know who is redemption\n|\n|t:|1596745841\n|switch|p1a: Toxapex|Toxapex, M|100\/100 par|[from]move: Volt Switch\n|-damage|p1a: Toxapex|84\/100 par|[from] Spikes\n|-damage|p1a: Toxapex|72\/100 par|[from] Stealth Rock\n|\n|-damage|p2a: Drague de rue|17\/100 brn|[from] brn\n|upkeep\n|turn|56\n|raw|<div class=\"broadcast-red\"><strong>Moderated chat was set to +!<\/strong><br \/>Only users of rank + and higher can talk.<\/div>\n|\n|t:|1596745854\n|switch|p2a: B\u00e9kipe de France|Pelipper, M|73\/100\n|-weather|RainDance|[from] ability: Drizzle|[of] p2a: B\u00e9kipe de France\n|cant|p1a: Toxapex|par\n|\n|-weather|RainDance|[upkeep]\n|upkeep\n|turn|57\n|\n|t:|1596745863\n|move|p2a: B\u00e9kipe de France|Hurricane|p1a: Toxapex\n|-damage|p1a: Toxapex|32\/100 par\n|move|p1a: Toxapex|Knock Off|p2a: B\u00e9kipe de France\n|-damage|p2a: B\u00e9kipe de France|52\/100\n|-enditem|p2a: B\u00e9kipe de France|Heavy-Duty Boots|[from] move: Knock Off|[of] p1a: Toxapex\n|\n|-weather|RainDance|[upkeep]\n|upkeep\n|turn|58\n|\n|t:|1596745874\n|switch|p1a: Corviknight|Corviknight, M|4\/100\n|-damage|p1a: Corviknight|0 fnt|[from] Stealth Rock\n|faint|p1a: Corviknight\n|move|p2a: B\u00e9kipe de France|Roost|p2a: B\u00e9kipe de France\n|-heal|p2a: B\u00e9kipe de France|100\/100\n|-singleturn|p2a: B\u00e9kipe de France|move: Roost\n|\n|-weather|RainDance|[upkeep]\n|upkeep\n|\n|t:|1596745883\n|switch|p1a: Ditto|Ditto|100\/100\n|-damage|p1a: Ditto|88\/100|[from] Stealth Rock\n|-damage|p1a: Ditto|71\/100|[from] Spikes\n|-transform|p1a: Ditto|p2a: B\u00e9kipe de France|[from] ability: Imposter\n|turn|59\n|\n|t:|1596745934\n|switch|p2a: Drague de rue|Dragapult, M|17\/100 brn\n|move|p1a: Ditto|Hurricane|p2a: Drague de rue\n|-damage|p2a: Drague de rue|0 fnt\n|faint|p2a: Drague de rue\n|\n|-weather|RainDance|[upkeep]\n|upkeep\n|\n|t:|1596745943\n|switch|p2a: Zera de goutti\u00e8re|Zeraora|29\/100\n|-damage|p2a: Zera de goutti\u00e8re|17\/100|[from] Stealth Rock\n|turn|60\n|\n|t:|1596745949\n|switch|p1a: Gastrodon|Gastrodon-East, M|100\/100\n|-damage|p1a: Gastrodon|84\/100|[from] Spikes\n|-damage|p1a: Gastrodon|78\/100|[from] Stealth Rock\n|move|p2a: Zera de goutti\u00e8re|Close Combat|p1a: Gastrodon\n|-damage|p1a: Gastrodon|39\/100\n|-unboost|p2a: Zera de goutti\u00e8re|def|1\n|-unboost|p2a: Zera de goutti\u00e8re|spd|1\n|\n|-weather|none\n|upkeep\n|turn|61\n|\n|t:|1596745958\n|switch|p1a: Clefable|Clefable, F|94\/100\n|move|p2a: Zera de goutti\u00e8re|Close Combat|p1a: Clefable\n|-resisted|p1a: Clefable\n|-damage|p1a: Clefable|79\/100\n|-unboost|p2a: Zera de goutti\u00e8re|def|1\n|-unboost|p2a: Zera de goutti\u00e8re|spd|1\n|\n|upkeep\n|turn|62\n|\n|t:|1596745964\n|move|p2a: Zera de goutti\u00e8re|Volt Switch|p1a: Clefable\n|-damage|p1a: Clefable|60\/100\n|\n|t:|1596745968\n|switch|p2a: M\u00e9lo \u00e0 chauffer|Clefable, F|86\/100 brn|[from]move: Volt Switch\n|move|p1a: Clefable|Moonblast|p2a: M\u00e9lo \u00e0 chauffer\n|-damage|p2a: M\u00e9lo \u00e0 chauffer|56\/100 brn\n|-unboost|p2a: M\u00e9lo \u00e0 chauffer|spa|1\n|\n|upkeep\n|turn|63\n|\n|t:|1596745976\n|move|p2a: M\u00e9lo \u00e0 chauffer|Calm Mind|p2a: M\u00e9lo \u00e0 chauffer\n|-boost|p2a: M\u00e9lo \u00e0 chauffer|spa|1\n|-boost|p2a: M\u00e9lo \u00e0 chauffer|spd|1\n|move|p1a: Clefable|Moonblast|p2a: M\u00e9lo \u00e0 chauffer\n|-damage|p2a: M\u00e9lo \u00e0 chauffer|37\/100 brn\n|\n|upkeep\n|turn|64\n|\n|t:|1596745983\n|move|p2a: M\u00e9lo \u00e0 chauffer|Calm Mind|p2a: M\u00e9lo \u00e0 chauffer\n|-boost|p2a: M\u00e9lo \u00e0 chauffer|spa|1\n|-boost|p2a: M\u00e9lo \u00e0 chauffer|spd|1\n|move|p1a: Clefable|Soft-Boiled|p1a: Clefable\n|-heal|p1a: Clefable|100\/100\n|\n|upkeep\n|turn|65\n|\n|t:|1596745995\n|switch|p1a: Toxapex|Toxapex, M|66\/100 par\n|-damage|p1a: Toxapex|49\/100 par|[from] Spikes\n|-damage|p1a: Toxapex|37\/100 par|[from] Stealth Rock\n|move|p2a: M\u00e9lo \u00e0 chauffer|Moonblast|p1a: Toxapex\n|-resisted|p1a: Toxapex\n|-damage|p1a: Toxapex|17\/100 par\n|-unboost|p1a: Toxapex|spa|1\n|\n|upkeep\n|turn|66\n|\n|t:|1596746011\n|move|p2a: M\u00e9lo \u00e0 chauffer|Calm Mind|p2a: M\u00e9lo \u00e0 chauffer\n|-boost|p2a: M\u00e9lo \u00e0 chauffer|spa|1\n|-boost|p2a: M\u00e9lo \u00e0 chauffer|spd|1\n|cant|p1a: Toxapex|par\n|\n|upkeep\n|turn|67\n|\n|t:|1596746022\n|move|p2a: M\u00e9lo \u00e0 chauffer|Moonblast|p1a: Toxapex\n|-resisted|p1a: Toxapex\n|-damage|p1a: Toxapex|0 fnt\n|faint|p1a: Toxapex\n|\n|upkeep\n|\n|t:|1596746025\n|switch|p1a: Rotom|Rotom-Heat|45\/100\n|turn|68\n|\n|t:|1596746032\n|move|p1a: Rotom|Nasty Plot|p1a: Rotom\n|-boost|p1a: Rotom|spa|2\n|move|p2a: M\u00e9lo \u00e0 chauffer|Moonblast|p1a: Rotom\n|-resisted|p1a: Rotom\n|-damage|p1a: Rotom|12\/100\n|\n|upkeep\n|turn|69\n|inactive|Battle timer is ON: inactive players will automatically lose when time's up. (requested by LT71LX ABR)\n|inactive|Redemption has 120 seconds left.\n|\n|t:|1596746173\n|move|p1a: Rotom|Overheat|p2a: M\u00e9lo \u00e0 chauffer\n|-damage|p2a: M\u00e9lo \u00e0 chauffer|0 fnt\n|-unboost|p1a: Rotom|spa|2\n|faint|p2a: M\u00e9lo \u00e0 chauffer\n|\n|upkeep\n|c|\u2606Redemption|LE BOSS\n|c|\u2606LT71LX ABR|see no need for whip misses\n|c|\u2606LT71LX ABR|will beat u anyway\n|inactive|Redemption has 120 seconds left.\n|c|\u2606Redemption|cocky\n|c|\u2606LT71LX ABR|ur the one getting all insulting\n|c|\u2606LT71LX ABR|bc of misses that dont matter\n|c|\u2606LT71LX ABR|i am only reacting\n|inactive|Redemption has 90 seconds left.\n|c|\u2606Redemption|le boss is a compliment\n|c|\u2606Redemption|:(\n|inactive|Redemption has 60 seconds left.\n|\n|t:|1596746274\n|switch|p2a: Zera de goutti\u00e8re|Zeraora|17\/100\n|-damage|p2a: Zera de goutti\u00e8re|5\/100|[from] Stealth Rock\n|turn|70\n|\n|t:|1596746289\n|switch|p1a: Gastrodon|Gastrodon-East, M|39\/100\n|-damage|p1a: Gastrodon|22\/100|[from] Spikes\n|-damage|p1a: Gastrodon|16\/100|[from] Stealth Rock\n|move|p2a: Zera de goutti\u00e8re|Knock Off|p1a: Gastrodon\n|-damage|p1a: Gastrodon|0 fnt\n|faint|p1a: Gastrodon\n|\n|upkeep\n|\n|t:|1596746292\n|switch|p1a: Ditto|Ditto|71\/100\n|-damage|p1a: Ditto|55\/100|[from] Spikes\n|-damage|p1a: Ditto|42\/100|[from] Stealth Rock\n|-transform|p1a: Ditto|p2a: Zera de goutti\u00e8re|[from] ability: Imposter\n|turn|71\n|inactive|Redemption has 30 seconds left.\n|inactive|Redemption has 20 seconds left.\n|inactive|Redemption has 15 seconds left.\n|\n|t:|1596746338\n|move|p1a: Ditto|Close Combat|p2a: Zera de goutti\u00e8re\n|-damage|p2a: Zera de goutti\u00e8re|0 fnt\n|-unboost|p1a: Ditto|def|1\n|-unboost|p1a: Ditto|spd|1\n|faint|p2a: Zera de goutti\u00e8re\n|\n|upkeep\n|inactive|Redemption has 20 seconds left this turn.\n|\n|t:|1596746343\n|switch|p2a: B\u00e9kipe de France|Pelipper, M|100\/100\n|-damage|p2a: B\u00e9kipe de France|76\/100|[from] Stealth Rock\n|-weather|RainDance|[from] ability: Drizzle|[of] p2a: B\u00e9kipe de France\n|turn|72\n|inactive|Redemption has 30 seconds left this turn.\n|inactive|Redemption has 20 seconds left.\n|\n|t:|1596746355\n|move|p1a: Ditto|Close Combat|p2a: B\u00e9kipe de France\n|-resisted|p2a: B\u00e9kipe de France\n|-damage|p2a: B\u00e9kipe de France|49\/100\n|-unboost|p1a: Ditto|def|1\n|-unboost|p1a: Ditto|spd|1\n|move|p2a: B\u00e9kipe de France|Weather Ball|p1a: Ditto\n|-damage|p1a: Ditto|0 fnt\n|faint|p1a: Ditto\n|\n|-weather|RainDance|[upkeep]\n|upkeep\n|inactive|Redemption has 25 seconds left this turn.\n|\n|t:|1596746357\n|switch|p1a: Rotom|Rotom-Heat|12\/100\n|turn|73\n|c|\u2606Redemption|gg\n|inactive|Redemption has 30 seconds left.\n|c|\u2606LT71LX ABR|gg\n|c|\u2606Redemption|dont overeact im just kidding\n|inactive|Redemption has 20 seconds left.\n|\n|t:|1596746373\n|move|p1a: Rotom|Volt Switch|p2a: B\u00e9kipe de France\n|-supereffective|p2a: B\u00e9kipe de France\n|-damage|p2a: B\u00e9kipe de France|0 fnt\n|faint|p2a: B\u00e9kipe de France\n|inactive|Redemption has 25 seconds left this turn.\n|\n|t:|1596746376\n|switch|p1a: Clefable|Clefable, F|100\/100|[from]move: Volt Switch\n|\n|-weather|RainDance|[upkeep]\n|upkeep\n|inactive|Redemption has 30 seconds left this turn.\n|\n|t:|1596746380\n|switch|p2a: Yannick Noacier|Ferrothorn, M|39\/100\n|-damage|p2a: Yannick Noacier|32\/100|[from] Stealth Rock\n|turn|74\n|\n|t:|1596746383\n|move|p1a: Clefable|Moonblast|p2a: Yannick Noacier\n|-resisted|p2a: Yannick Noacier\n|-damage|p2a: Yannick Noacier|19\/100\n|move|p2a: Yannick Noacier|Power Whip|p1a: Clefable\n|-damage|p1a: Clefable|69\/100\n|\n|-weather|RainDance|[upkeep]\n|upkeep\n|turn|75\n|\n|t:|1596746390\n|move|p1a: Clefable|Soft-Boiled|p1a: Clefable\n|-heal|p1a: Clefable|100\/100\n|move|p2a: Yannick Noacier|Power Whip|p1a: Clefable\n|-damage|p1a: Clefable|69\/100\n|\n|-weather|RainDance|[upkeep]\n|upkeep\n|turn|76\n|\n|t:|1596746405\n|move|p1a: Clefable|Soft-Boiled|p1a: Clefable\n|-heal|p1a: Clefable|100\/100\n|move|p2a: Yannick Noacier|Power Whip|p1a: Clefable\n|-damage|p1a: Clefable|69\/100\n|\n|-weather|none\n|upkeep\n|turn|77\n|inactive|Redemption has 30 seconds left.\n|-message|Redemption forfeited.\n|\n|win|LT71LX ABR\n|inactive|Redemption has 30 seconds left this turn.\n|l|\u2606Redemption\n|l|\u2606LT71LX ABR\n||Ladder (probably) updated, but score could not be retrieved (Request timeout).\n","uploadtime":1596746441,"views":740,"p1id":"lt71lxabr","p2id":"redemption","formatid":"gen8ou","rating":0,"private":0,"password":null}