{"id":"gen8ou-1598976528","p1":"imchokingrn","p2":"Kikoobuster","format":"gen8ou","log":"|j|\u2606imchokingrn\n|j|\u2606Kikoobuster\n|t:|1655559279\n|gametype|singles\n|player|p1|imchokingrn|backpacker|1616\n|player|p2|Kikoobuster|266|1577\n|teamsize|p1|6\n|teamsize|p2|6\n|gen|8\n|tier|[Gen 8] OU\n|rated|\n|rule|Sleep Clause Mod: Limit one foe put to sleep\n|rule|Species Clause: Limit one of each Pok\u00e9mon\n|rule|OHKO Clause: OHKO moves are banned\n|rule|Evasion Moves Clause: Evasion moves are banned\n|rule|Endless Battle Clause: Forcing endless battles is banned\n|rule|HP Percentage Mod: HP is shown in percentages\n|rule|Dynamax Clause: You cannot dynamax\n|clearpoke\n|poke|p1|Nidoking, M|\n|poke|p1|Tornadus-Therian, M|\n|poke|p1|Ferrothorn, M|\n|poke|p1|Weavile, F|\n|poke|p1|Garchomp, M|\n|poke|p1|Tapu Fini|\n|poke|p2|Lycanroc-Dusk, F|\n|poke|p2|Excadrill, M|\n|poke|p2|Hawlucha, M|\n|poke|p2|Azumarill, F|\n|poke|p2|Zeraora|\n|poke|p2|Rillaboom, F|\n|teampreview\n|inactive|Battle timer is ON: inactive players will automatically lose when time's up. (requested by Kikoobuster)\n|\n|t:|1655559299\n|start\n|switch|p1a: Garchomp|Garchomp, M|100\/100\n|switch|p2a: Lycanroc|Lycanroc-Dusk, F|100\/100\n|turn|1\n|\n|t:|1655559302\n|move|p2a: Lycanroc|Stealth Rock|p1a: Garchomp\n|-sidestart|p1: imchokingrn|move: Stealth Rock\n|move|p1a: Garchomp|Toxic|p2a: Lycanroc\n|-status|p2a: Lycanroc|tox\n|\n|-damage|p2a: Lycanroc|94\/100 tox|[from] psn\n|upkeep\n|turn|2\n|\n|t:|1655559308\n|switch|p2a: Rillaboom|Rillaboom, F|100\/100\n|-fieldstart|move: Grassy Terrain|[from] ability: Grassy Surge|[of] p2a: Rillaboom\n|move|p1a: Garchomp|Earthquake|p2a: Rillaboom\n|-resisted|p2a: Rillaboom\n|-damage|p2a: Rillaboom|88\/100\n|\n|-heal|p2a: Rillaboom|94\/100|[from] Grassy Terrain\n|upkeep\n|turn|3\n|\n|t:|1655559314\n|switch|p1a: Ferrothorn|Ferrothorn, M|100\/100\n|-damage|p1a: Ferrothorn|95\/100|[from] Stealth Rock\n|move|p2a: Rillaboom|Knock Off|p1a: Ferrothorn\n|-damage|p1a: Ferrothorn|68\/100\n|-damage|p2a: Rillaboom|82\/100|[from] ability: Iron Barbs|[of] p1a: Ferrothorn\n|-damage|p2a: Rillaboom|66\/100|[from] item: Rocky Helmet|[of] p1a: Ferrothorn\n|-enditem|p1a: Ferrothorn|Rocky Helmet|[from] move: Knock Off|[of] p2a: Rillaboom\n|\n|-heal|p2a: Rillaboom|72\/100|[from] Grassy Terrain\n|-heal|p1a: Ferrothorn|74\/100|[from] Grassy Terrain\n|upkeep\n|turn|4\n|\n|t:|1655559323\n|switch|p2a: Zeraora|Zeraora|100\/100\n|move|p1a: Ferrothorn|Power Whip|p2a: Zeraora\n|-damage|p2a: Zeraora|25\/100\n|\n|-heal|p2a: Zeraora|31\/100|[from] Grassy Terrain\n|-heal|p2a: Zeraora|37\/100|[from] item: Leftovers\n|-heal|p1a: Ferrothorn|80\/100|[from] Grassy Terrain\n|upkeep\n|turn|5\n|\n|t:|1655559327\n|switch|p1a: Garchomp|Garchomp, M|100\/100\n|-damage|p1a: Garchomp|94\/100|[from] Stealth Rock\n|move|p2a: Zeraora|Blaze Kick|p1a: Garchomp\n|-resisted|p1a: Garchomp\n|-damage|p1a: Garchomp|83\/100\n|-damage|p2a: Zeraora|25\/100|[from] ability: Rough Skin|[of] p1a: Garchomp\n|\n|-heal|p2a: Zeraora|31\/100|[from] Grassy Terrain\n|-heal|p2a: Zeraora|37\/100|[from] item: Leftovers\n|-heal|p1a: Garchomp|89\/100|[from] Grassy Terrain\n|-heal|p1a: Garchomp|95\/100|[from] item: Leftovers\n|upkeep\n|turn|6\n|\n|t:|1655559330\n|move|p2a: Zeraora|Play Rough|p1a: Garchomp\n|-supereffective|p1a: Garchomp\n|-damage|p1a: Garchomp|44\/100\n|-damage|p2a: Zeraora|25\/100|[from] ability: Rough Skin|[of] p1a: Garchomp\n|move|p1a: Garchomp|Stealth Rock|p2a: Zeraora\n|-sidestart|p2: Kikoobuster|move: Stealth Rock\n|\n|-heal|p2a: Zeraora|31\/100|[from] Grassy Terrain\n|-heal|p2a: Zeraora|37\/100|[from] item: Leftovers\n|-heal|p1a: Garchomp|50\/100|[from] Grassy Terrain\n|-heal|p1a: Garchomp|56\/100|[from] item: Leftovers\n|-fieldend|move: Grassy Terrain\n|upkeep\n|turn|7\n|\n|t:|1655559334\n|move|p1a: Garchomp|Protect|p1a: Garchomp\n|-singleturn|p1a: Garchomp|Protect\n|move|p2a: Zeraora|Play Rough|p1a: Garchomp\n|-activate|p1a: Garchomp|move: Protect\n|\n|-heal|p2a: Zeraora|43\/100|[from] item: Leftovers\n|-heal|p1a: Garchomp|62\/100|[from] item: Leftovers\n|upkeep\n|turn|8\n|\n|t:|1655559337\n|move|p2a: Zeraora|Play Rough|p1a: Garchomp\n|-supereffective|p1a: Garchomp\n|-damage|p1a: Garchomp|12\/100\n|-damage|p2a: Zeraora|30\/100|[from] ability: Rough Skin|[of] p1a: Garchomp\n|move|p1a: Garchomp|Earthquake|p2a: Zeraora\n|-supereffective|p2a: Zeraora\n|-damage|p2a: Zeraora|0 fnt\n|faint|p2a: Zeraora\n|\n|-heal|p1a: Garchomp|19\/100|[from] item: Leftovers\n|upkeep\n|\n|t:|1655559344\n|switch|p2a: Rillaboom|Rillaboom, F|72\/100\n|-damage|p2a: Rillaboom|59\/100|[from] Stealth Rock\n|-fieldstart|move: Grassy Terrain|[from] ability: Grassy Surge|[of] p2a: Rillaboom\n|turn|9\n|\n|t:|1655559347\n|move|p1a: Garchomp|Protect|p1a: Garchomp\n|-singleturn|p1a: Garchomp|Protect\n|move|p2a: Rillaboom|Grassy Glide|p1a: Garchomp\n|-activate|p1a: Garchomp|move: Protect\n|\n|-heal|p2a: Rillaboom|66\/100|[from] Grassy Terrain\n|-heal|p1a: Garchomp|25\/100|[from] Grassy Terrain\n|-heal|p1a: Garchomp|31\/100|[from] item: Leftovers\n|upkeep\n|turn|10\n|\n|t:|1655559351\n|switch|p1a: Ferrothorn|Ferrothorn, M|80\/100\n|-damage|p1a: Ferrothorn|74\/100|[from] Stealth Rock\n|move|p2a: Rillaboom|Grassy Glide|p1a: Ferrothorn\n|-resisted|p1a: Ferrothorn\n|-damage|p1a: Ferrothorn|64\/100\n|-damage|p2a: Rillaboom|53\/100|[from] ability: Iron Barbs|[of] p1a: Ferrothorn\n|\n|-heal|p2a: Rillaboom|59\/100|[from] Grassy Terrain\n|-heal|p1a: Ferrothorn|70\/100|[from] Grassy Terrain\n|upkeep\n|turn|11\n|\n|t:|1655559359\n|switch|p2a: Hawlucha|Hawlucha, M|100\/100\n|-damage|p2a: Hawlucha|88\/100|[from] Stealth Rock\n|-enditem|p2a: Hawlucha|Grassy Seed\n|-boost|p2a: Hawlucha|def|1|[from] item: Grassy Seed\n|move|p1a: Ferrothorn|Leech Seed|p2a: Hawlucha\n|-start|p2a: Hawlucha|move: Leech Seed\n|\n|-heal|p1a: Ferrothorn|76\/100|[from] Grassy Terrain\n|-damage|p2a: Hawlucha|76\/100|[from] Leech Seed|[of] p1a: Ferrothorn\n|-heal|p1a: Ferrothorn|86\/100|[silent]\n|upkeep\n|turn|12\n|\n|t:|1655559366\n|switch|p1a: Tapu Fini|Tapu Fini|100\/100\n|-damage|p1a: Tapu Fini|88\/100|[from] Stealth Rock\n|-fieldstart|move: Misty Terrain|[from] ability: Misty Surge|[of] p1a: Tapu Fini\n|move|p2a: Hawlucha|Close Combat|p1a: Tapu Fini\n|-resisted|p1a: Tapu Fini\n|-damage|p1a: Tapu Fini|67\/100\n|-unboost|p2a: Hawlucha|def|1\n|-unboost|p2a: Hawlucha|spd|1\n|\n|-heal|p1a: Tapu Fini|73\/100|[from] item: Leftovers\n|-damage|p2a: Hawlucha|63\/100|[from] Leech Seed|[of] p1a: Tapu Fini\n|-heal|p1a: Tapu Fini|84\/100|[silent]\n|upkeep\n|turn|13\n|\n|t:|1655559369\n|move|p2a: Hawlucha|Acrobatics|p1a: Tapu Fini\n|-damage|p1a: Tapu Fini|49\/100\n|move|p1a: Tapu Fini|Moonblast|p2a: Hawlucha\n|-supereffective|p2a: Hawlucha\n|-damage|p2a: Hawlucha|0 fnt\n|faint|p2a: Hawlucha\n|\n|-heal|p1a: Tapu Fini|55\/100|[from] item: Leftovers\n|upkeep\n|\n|t:|1655559373\n|switch|p2a: Rillaboom|Rillaboom, F|59\/100\n|-damage|p2a: Rillaboom|47\/100|[from] Stealth Rock\n|-fieldstart|move: Grassy Terrain|[from] ability: Grassy Surge|[of] p2a: Rillaboom\n|turn|14\n|\n|t:|1655559379\n|switch|p1a: Tornadus|Tornadus-Therian, M|100\/100\n|-damage|p1a: Tornadus|76\/100|[from] Stealth Rock\n|move|p2a: Rillaboom|U-turn|p1a: Tornadus\n|-resisted|p1a: Tornadus\n|-damage|p1a: Tornadus|54\/100\n|\n|t:|1655559390\n|switch|p2a: Azumarill|Azumarill, F|100\/100|[from]move: U-turn\n|-damage|p2a: Azumarill|88\/100|[from] Stealth Rock\n|\n|-heal|p2a: Azumarill|94\/100|[from] Grassy Terrain\n|upkeep\n|turn|15\n|\n|t:|1655559393\n|move|p1a: Tornadus|Knock Off|p2a: Azumarill\n|-resisted|p2a: Azumarill\n|-crit|p2a: Azumarill\n|-damage|p2a: Azumarill|77\/100\n|-enditem|p2a: Azumarill|Sitrus Berry|[from] move: Knock Off|[of] p1a: Tornadus\n|move|p2a: Azumarill|Belly Drum|p2a: Azumarill\n|-damage|p2a: Azumarill|27\/100\n|-setboost|p2a: Azumarill|atk|6|[from] move: Belly Drum\n|\n|-heal|p2a: Azumarill|34\/100|[from] Grassy Terrain\n|upkeep\n|turn|16\n|\n|t:|1655559401\n|switch|p1a: Ferrothorn|Ferrothorn, M|86\/100\n|-damage|p1a: Ferrothorn|80\/100|[from] Stealth Rock\n|move|p2a: Azumarill|Aqua Jet|p1a: Ferrothorn\n|-resisted|p1a: Ferrothorn\n|-damage|p1a: Ferrothorn|51\/100\n|-damage|p2a: Azumarill|21\/100|[from] ability: Iron Barbs|[of] p1a: Ferrothorn\n|\n|-heal|p2a: Azumarill|27\/100|[from] Grassy Terrain\n|-heal|p1a: Ferrothorn|57\/100|[from] Grassy Terrain\n|upkeep\n|turn|17\n|\n|t:|1655559407\n|switch|p1a: Garchomp|Garchomp, M|31\/100\n|-damage|p1a: Garchomp|25\/100|[from] Stealth Rock\n|move|p2a: Azumarill|Knock Off|p1a: Garchomp\n|-damage|p1a: Garchomp|0 fnt\n|-damage|p2a: Azumarill|15\/100|[from] ability: Rough Skin|[of] p1a: Garchomp\n|-enditem|p1a: Garchomp|Leftovers|[from] move: Knock Off|[of] p2a: Azumarill\n|faint|p1a: Garchomp\n|\n|-heal|p2a: Azumarill|21\/100|[from] Grassy Terrain\n|upkeep\n|\n|t:|1655559412\n|switch|p1a: Ferrothorn|Ferrothorn, M|57\/100\n|-damage|p1a: Ferrothorn|51\/100|[from] Stealth Rock\n|turn|18\n|\n|t:|1655559414\n|move|p2a: Azumarill|Knock Off|p1a: Ferrothorn\n|-damage|p1a: Ferrothorn|0 fnt\n|-damage|p2a: Azumarill|9\/100|[from] ability: Iron Barbs|[of] p1a: Ferrothorn\n|faint|p1a: Ferrothorn\n|\n|-heal|p2a: Azumarill|15\/100|[from] Grassy Terrain\n|-fieldend|move: Grassy Terrain\n|upkeep\n|\n|t:|1655559419\n|switch|p1a: Weavile|Weavile, F|100\/100\n|-ability|p1a: Weavile|Pressure\n|turn|19\n|\n|t:|1655559421\n|move|p1a: Weavile|Ice Shard|p2a: Azumarill\n|-resisted|p2a: Azumarill\n|-damage|p2a: Azumarill|3\/100\n|move|p2a: Azumarill|Aqua Jet|p1a: Weavile\n|-damage|p1a: Weavile|0 fnt\n|faint|p1a: Weavile\n|\n|upkeep\n|-message|imchokingrn forfeited.\n|\n|win|Kikoobuster\n|raw|imchokingrn's rating: 1616 &rarr; <strong>1594<\/strong><br \/>(-22 for losing)\n|raw|Kikoobuster's rating: 1577 &rarr; <strong>1599<\/strong><br \/>(+22 for winning)\n|c|\u2606Kikoobuster|gg\n|l|\u2606Kikoobuster\n|j| Sp0onl0rd\n|l| Sp0onl0rd\n||Ladder isn't responding, score probably updated but might not have (Request timeout).\n","uploadtime":1655559438,"views":10,"p1id":"imchokingrn","p2id":"kikoobuster","formatid":"gen8ou","rating":1594,"private":0,"password":null}