{"id":"gen8ou-1622924873","p1":"bizarman","p2":"biaoges","format":"gen8ou","log":"|j|\u2606bizarman\n|j|\u203dbiaoges\n|t:|1658508189\n|gametype|singles\n|player|p1|bizarman|scientist-gen4|1770\n|player|p2|biaoges|169|1758\n|teamsize|p1|6\n|teamsize|p2|6\n|gen|8\n|tier|[Gen 8] OU\n|rated|\n|rule|Sleep Clause Mod: Limit one foe put to sleep\n|rule|Species Clause: Limit one of each Pok\u00e9mon\n|rule|OHKO Clause: OHKO moves are banned\n|rule|Evasion Moves Clause: Evasion moves are banned\n|rule|Endless Battle Clause: Forcing endless battles is banned\n|rule|HP Percentage Mod: HP is shown in percentages\n|rule|Dynamax Clause: You cannot dynamax\n|clearpoke\n|poke|p1|Nidoking, M|\n|poke|p1|Blissey, F|\n|poke|p1|Dragapult, M|\n|poke|p1|Heatran, M|\n|poke|p1|Buzzwole|\n|poke|p1|Landorus-Therian, M|\n|poke|p2|Moltres-Galar|\n|poke|p2|Urshifu-*, F|\n|poke|p2|Landorus-Therian, M|\n|poke|p2|Blaziken, F|\n|poke|p2|Hatterene, F|\n|poke|p2|Ninetales-Alola, F|\n|teampreview\n|j| Makuryu\n|j| 2x4is8Skin\n|inactive|Battle timer is ON: inactive players will automatically lose when time's up. (requested by bizarman)\n|j| Abcdefp\n|inactive|biaoges has 120 seconds left.\n|\n|t:|1658508240\n|start\n|switch|p1a: Bebin|Dragapult, M|100\/100\n|switch|p2a: Landorus|Landorus-Therian, M|100\/100\n|-ability|p2a: Landorus|Intimidate|boost\n|-unboost|p1a: Bebin|atk|1\n|turn|1\n|\n|t:|1658508250\n|switch|p1a: Domas|Landorus-Therian, M|100\/100\n|-ability|p1a: Domas|Intimidate|boost\n|-unboost|p2a: Landorus|atk|1\n|move|p2a: Landorus|Earthquake|p1a: Domas\n|-immune|p1a: Domas\n|\n|upkeep\n|turn|2\n|\n|t:|1658508257\n|move|p2a: Landorus|Stealth Rock|p1a: Domas\n|-sidestart|p1: bizarman|move: Stealth Rock\n|move|p1a: Domas|Knock Off|p2a: Landorus\n|-damage|p2a: Landorus|63\/100\n|-enditem|p2a: Landorus|Focus Sash|[from] move: Knock Off|[of] p1a: Domas\n|\n|upkeep\n|turn|3\n|j| 9905ILF\n|\n|t:|1658508269\n|switch|p1a: Bebin|Dragapult, M|100\/100\n|-damage|p1a: Bebin|88\/100|[from] Stealth Rock\n|move|p2a: Landorus|Swords Dance|p2a: Landorus\n|-boost|p2a: Landorus|atk|2\n|\n|upkeep\n|turn|4\n|l| 9905ILF\n|\n|t:|1658508275\n|move|p1a: Bebin|Draco Meteor|p2a: Landorus\n|-damage|p2a: Landorus|0 fnt\n|-unboost|p1a: Bebin|spa|2\n|faint|p2a: Landorus\n|\n|upkeep\n|j| KRAFT Goose\n|l| KRAFT Goose\n|inactive|biaoges has 120 seconds left.\n|inactive|biaoges has 90 seconds left.\n|\n|t:|1658508336\n|switch|p2a: Blaziken|Blaziken, F|100\/100\n|turn|5\n|j| wocaowocao\n|\n|t:|1658508340\n|move|p1a: Bebin|Draco Meteor|p2a: Blaziken\n|-damage|p2a: Blaziken|34\/100\n|-unboost|p1a: Bebin|spa|2\n|move|p2a: Blaziken|Swords Dance|p2a: Blaziken\n|-boost|p2a: Blaziken|atk|2\n|\n|-ability|p2a: Blaziken|Speed Boost|boost\n|-boost|p2a: Blaziken|spe|1\n|upkeep\n|turn|6\n|\n|t:|1658508351\n|move|p1a: Bebin|Draco Meteor|p2a: Blaziken\n|-damage|p2a: Blaziken|0 fnt\n|-unboost|p1a: Bebin|spa|2\n|faint|p2a: Blaziken\n|\n|upkeep\n|inactive|biaoges has 90 seconds left.\n|\n|t:|1658508374\n|switch|p2a: Urshifu|Urshifu-Rapid-Strike, F|100\/100\n|turn|7\n|l| wocaowocao\n|\n|t:|1658508378\n|switch|p1a: Dorshe|Buzzwole|100\/100\n|-damage|p1a: Dorshe|88\/100|[from] Stealth Rock\n|move|p2a: Urshifu|Bulk Up|p2a: Urshifu\n|-boost|p2a: Urshifu|atk|1\n|-boost|p2a: Urshifu|def|1\n|\n|upkeep\n|turn|8\n|\n|t:|1658508388\n|move|p2a: Urshifu|Substitute|p2a: Urshifu\n|-start|p2a: Urshifu|Substitute\n|-damage|p2a: Urshifu|76\/100\n|move|p1a: Dorshe|Earthquake|p2a: Urshifu\n|-activate|p2a: Urshifu|move: Substitute|[damage]\n|\n|-heal|p2a: Urshifu|82\/100|[from] item: Leftovers\n|upkeep\n|turn|9\n|\n|t:|1658508397\n|move|p1a: Dorshe|Close Combat|p2a: Urshifu\n|-end|p2a: Urshifu|Substitute\n|-unboost|p1a: Dorshe|def|1\n|-unboost|p1a: Dorshe|spd|1\n|move|p2a: Urshifu|Bulk Up|p2a: Urshifu\n|-boost|p2a: Urshifu|atk|1\n|-boost|p2a: Urshifu|def|1\n|\n|-heal|p2a: Urshifu|88\/100|[from] item: Leftovers\n|upkeep\n|turn|10\n|\n|t:|1658508406\n|move|p2a: Urshifu|Surging Strikes|p1a: Dorshe\n|-crit|p1a: Dorshe\n|-damage|p1a: Dorshe|46\/100\n|-damage|p2a: Urshifu|71\/100|[from] item: Rocky Helmet|[of] p1a: Dorshe\n|-crit|p1a: Dorshe\n|-damage|p1a: Dorshe|5\/100\n|-damage|p2a: Urshifu|55\/100|[from] item: Rocky Helmet|[of] p1a: Dorshe\n|-crit|p1a: Dorshe\n|-damage|p1a: Dorshe|0 fnt\n|-damage|p2a: Urshifu|38\/100|[from] item: Rocky Helmet|[of] p1a: Dorshe\n|faint|p1a: Dorshe\n|-hitcount|p1: Dorshe|3\n|\n|-heal|p2a: Urshifu|44\/100|[from] item: Leftovers\n|upkeep\n|\n|t:|1658508418\n|switch|p1a: Bebin|Dragapult, M|88\/100\n|-damage|p1a: Bebin|76\/100|[from] Stealth Rock\n|turn|11\n|\n|t:|1658508421\n|switch|p2a: Moltres|Moltres-Galar|100\/100\n|move|p1a: Bebin|Shadow Ball|p2a: Moltres\n|-resisted|p2a: Moltres\n|-damage|p2a: Moltres|77\/100\n|\n|-heal|p2a: Moltres|84\/100|[from] item: Leftovers\n|upkeep\n|turn|12\n|\n|t:|1658508430\n|switch|p1a: Hiling|Blissey, F|100\/100\n|switch|p2a: Urshifu|Urshifu-Rapid-Strike, F|44\/100\n|\n|-heal|p2a: Urshifu|50\/100|[from] item: Leftovers\n|upkeep\n|turn|13\n|\n|t:|1658508445\n|switch|p1a: Domas|Landorus-Therian, M|100\/100\n|-damage|p1a: Domas|88\/100|[from] Stealth Rock\n|-ability|p1a: Domas|Intimidate|boost\n|-unboost|p2a: Urshifu|atk|1\n|move|p2a: Urshifu|Surging Strikes|p1a: Domas\n|-supereffective|p1a: Domas\n|-crit|p1a: Domas\n|-damage|p1a: Domas|45\/100\n|-supereffective|p1a: Domas\n|-crit|p1a: Domas\n|-damage|p1a: Domas|5\/100\n|-supereffective|p1a: Domas\n|-crit|p1a: Domas\n|-damage|p1a: Domas|0 fnt\n|faint|p1a: Domas\n|-hitcount|p1: Domas|3\n|\n|-heal|p2a: Urshifu|57\/100|[from] item: Leftovers\n|upkeep\n|\n|t:|1658508459\n|switch|p1a: Bebin|Dragapult, M|76\/100\n|-damage|p1a: Bebin|64\/100|[from] Stealth Rock\n|turn|14\n|\n|t:|1658508465\n|move|p1a: Bebin|Shadow Ball|p2a: Urshifu\n|-damage|p2a: Urshifu|0 fnt\n|faint|p2a: Urshifu\n|\n|upkeep\n|\n|t:|1658508468\n|switch|p2a: Moltres|Moltres-Galar|84\/100\n|turn|15\n|\n|t:|1658508473\n|switch|p1a: Hiling|Blissey, F|100\/100\n|move|p2a: Moltres|Substitute|p2a: Moltres\n|-start|p2a: Moltres|Substitute\n|-damage|p2a: Moltres|59\/100\n|\n|-heal|p2a: Moltres|65\/100|[from] item: Leftovers\n|upkeep\n|turn|16\n|\n|t:|1658508479\n|move|p2a: Moltres|Nasty Plot|p2a: Moltres\n|-boost|p2a: Moltres|spa|2\n|move|p1a: Hiling|Seismic Toss|p2a: Moltres\n|-end|p2a: Moltres|Substitute\n|\n|-heal|p2a: Moltres|71\/100|[from] item: Leftovers\n|upkeep\n|turn|17\n|\n|t:|1658508486\n|move|p2a: Moltres|Fiery Wrath|p1a: Hiling\n|-damage|p1a: Hiling|69\/100\n|move|p1a: Hiling|Seismic Toss|p2a: Moltres\n|-damage|p2a: Moltres|42\/100\n|-ability|p2a: Moltres|Berserk|boost\n|-boost|p2a: Moltres|spa|1\n|\n|-heal|p2a: Moltres|48\/100|[from] item: Leftovers\n|upkeep\n|turn|18\n|\n|t:|1658508494\n|move|p2a: Moltres|Air Slash|p1a: Hiling\n|-damage|p1a: Hiling|34\/100\n|move|p1a: Hiling|Toxic|p2a: Moltres\n|-status|p2a: Moltres|tox\n|\n|-heal|p2a: Moltres|54\/100 tox|[from] item: Leftovers\n|-damage|p2a: Moltres|48\/100 tox|[from] psn\n|upkeep\n|turn|19\n|\n|t:|1658508503\n|move|p2a: Moltres|Fiery Wrath|p1a: Hiling\n|-damage|p1a: Hiling|0 fnt\n|faint|p1a: Hiling\n|\n|-heal|p2a: Moltres|54\/100 tox|[from] item: Leftovers\n|-damage|p2a: Moltres|42\/100 tox|[from] psn\n|upkeep\n|\n|t:|1658508511\n|switch|p1a: Bebin|Dragapult, M|64\/100\n|-damage|p1a: Bebin|51\/100|[from] Stealth Rock\n|turn|20\n|inactive|bizarman has 120 seconds left.\n|\n|t:|1658508558\n|move|p1a: Bebin|Draco Meteor|p2a: Moltres\n|-damage|p2a: Moltres|0 fnt\n|-unboost|p1a: Bebin|spa|2\n|faint|p2a: Moltres\n|\n|upkeep\n|inactive|biaoges has 120 seconds left.\n|\n|t:|1658508617\n|switch|p2a: Hatterene|Hatterene, F|100\/100\n|turn|21\n|\n|t:|1658508620\n|switch|p1a: Boji|Nidoking, M|100\/100\n|-damage|p1a: Boji|95\/100|[from] Stealth Rock\n|move|p2a: Hatterene|Calm Mind|p2a: Hatterene\n|-boost|p2a: Hatterene|spa|1\n|-boost|p2a: Hatterene|spd|1\n|\n|upkeep\n|turn|22\n|\n|t:|1658508629\n|move|p1a: Boji|Sludge Wave|p2a: Hatterene\n|-supereffective|p2a: Hatterene\n|-damage|p2a: Hatterene|12\/100\n|move|p2a: Hatterene|Psyshock|p1a: Boji\n|-supereffective|p1a: Boji\n|-damage|p1a: Boji|0 fnt\n|faint|p1a: Boji\n|\n|-heal|p2a: Hatterene|18\/100|[from] item: Leftovers\n|upkeep\n|\n|t:|1658508637\n|switch|p1a: Bebin|Dragapult, M|51\/100\n|-damage|p1a: Bebin|39\/100|[from] Stealth Rock\n|turn|23\n|\n|t:|1658508640\n|move|p1a: Bebin|Shadow Ball|p2a: Hatterene\n|-supereffective|p2a: Hatterene\n|-damage|p2a: Hatterene|0 fnt\n|faint|p2a: Hatterene\n|\n|upkeep\n|\n|t:|1658508641\n|switch|p2a: Ninetales|Ninetales-Alola, F|100\/100\n|-weather|Hail|[from] ability: Snow Warning|[of] p2a: Ninetales\n|turn|24\n|\n|t:|1658508649\n|move|p1a: Bebin|Shadow Ball|p2a: Ninetales\n|-damage|p2a: Ninetales|45\/100\n|move|p2a: Ninetales|Freeze-Dry|p1a: Bebin\n|-supereffective|p1a: Bebin\n|-damage|p1a: Bebin|0 fnt\n|faint|p1a: Bebin\n|\n|-weather|Hail|[upkeep]\n|upkeep\n|\n|t:|1658508656\n|switch|p1a: Apeas|Heatran, M|100\/100\n|-damage|p1a: Apeas|88\/100|[from] Stealth Rock\n|-item|p1a: Apeas|Air Balloon\n|turn|25\n|\n|t:|1658508661\n|move|p2a: Ninetales|Freeze-Dry|p1a: Apeas\n|-resisted|p1a: Apeas\n|-damage|p1a: Apeas|84\/100\n|-enditem|p1a: Apeas|Air Balloon\n|move|p1a: Apeas|Magma Storm|p2a: Ninetales\n|-supereffective|p2a: Ninetales\n|-crit|p2a: Ninetales\n|-damage|p2a: Ninetales|0 fnt\n|faint|p2a: Ninetales\n|\n|win|bizarman\n|raw|bizarman's rating: 1770 &rarr; <strong>1789<\/strong><br \/>(+19 for winning)\n|raw|biaoges's rating: 1758 &rarr; <strong>1739<\/strong><br \/>(-19 for losing)\n|c|\u2606bizarman|gg\n|l|\u2606bizarman\n","uploadtime":1658508666,"views":27,"p1id":"bizarman","p2id":"biaoges","formatid":"gen8ou","rating":1739,"private":0,"password":null}