{"id":"gen8ubers-1101877549","p1":"Blue chen","p2":"Ballfire","format":"gen8ubers","log":"|j|\u2606Blue chen\n|j|\u2606Ballfire\n|player|p1|Blue chen|clair|1737\n|player|p2|Ballfire|aromalady|1667\n|teamsize|p1|6\n|teamsize|p2|6\n|gametype|singles\n|gen|8\n|tier|[Gen 8] Ubers\n|rated|\n|clearpoke\n|poke|p1|Eternatus|\n|poke|p1|Lunala|\n|poke|p1|Zamazenta|\n|poke|p1|Ferrothorn, M|\n|poke|p1|Necrozma-Dusk-Mane|\n|poke|p1|Zacian-Crowned|\n|poke|p2|Lunala|\n|poke|p2|Quagsire, F|\n|poke|p2|Umbreon, M|\n|poke|p2|Corviknight, M|\n|poke|p2|Hatterene, F|\n|poke|p2|Zacian-Crowned|\n|rule|Sleep Clause Mod: Limit one foe put to sleep\n|rule|Species Clause: Limit one of each Pok\u00e9mon\n|rule|OHKO Clause: OHKO moves are banned\n|rule|Evasion Moves Clause: Evasion moves are banned\n|rule|Endless Battle Clause: Forcing endless battles is banned\n|rule|HP Percentage Mod: HP is shown in percentages\n|html|Ubers Dynamax Clause: Pok\u00e9mon on the <a href=\"https:\/\/www.smogon.com\/dex\/ss\/formats\/uber\/\">Ubers Dynamax Banlist<\/a> cannot Dynamax.\n|teampreview\n|\n|start\n|switch|p1a: Zacian|Zacian-Crowned|100\/100\n|switch|p2a: Corviknight|Corviknight, M|100\/100\n|-ability|p1a: Zacian|Intrepid Sword|boost\n|-boost|p1a: Zacian|atk|1\n|-ability|p2a: Corviknight|Pressure\n|turn|1\n|\n|switch|p2a: Quagsire|Quagsire, F|100\/100\n|move|p1a: Zacian|Close Combat|p2a: Quagsire\n|-damage|p2a: Quagsire|66\/100\n|-unboost|p1a: Zacian|def|1\n|-unboost|p1a: Zacian|spd|1\n|\n|-heal|p2a: Quagsire|72\/100|[from] item: Leftovers\n|upkeep\n|turn|2\n|inactive|Battle timer is ON: inactive players will automatically lose when time's up. (requested by Ballfire)\n|\n|switch|p1a: Ferrothorn|Ferrothorn, M|100\/100\n|move|p2a: Quagsire|Recover|p2a: Quagsire\n|-heal|p2a: Quagsire|100\/100\n|\n|upkeep\n|turn|3\n|\n|switch|p2a: Hatterene|Hatterene, F|100\/100\n|move|p1a: Ferrothorn|Knock Off|p2a: Hatterene\n|-damage|p2a: Hatterene|77\/100\n|-enditem|p2a: Hatterene|Leftovers|[from] move: Knock Off|[of] p1a: Ferrothorn\n|\n|upkeep\n|turn|4\n|\n|switch|p1a: Necrozma|Necrozma-Dusk-Mane|100\/100\n|move|p2a: Hatterene|Nuzzle|p1a: Necrozma\n|-damage|p1a: Necrozma|98\/100\n|-status|p1a: Necrozma|par\n|\n|-heal|p1a: Necrozma|100\/100 par|[from] item: Leftovers\n|upkeep\n|turn|5\n|\n|switch|p2a: Corviknight|Corviknight, M|100\/100\n|-ability|p2a: Corviknight|Pressure\n|move|p1a: Necrozma|Thunder Wave|p2a: Corviknight|[miss]\n|-miss|p1a: Necrozma|p2a: Corviknight\n|\n|upkeep\n|turn|6\n|\n|move|p2a: Corviknight|Body Press|p1a: Necrozma\n|-damage|p1a: Necrozma|86\/100 par\n|move|p1a: Necrozma|Knock Off|p2a: Corviknight\n|-damage|p2a: Corviknight|79\/100\n|-enditem|p2a: Corviknight|Leftovers|[from] move: Knock Off|[of] p1a: Necrozma\n|\n|-heal|p1a: Necrozma|92\/100 par|[from] item: Leftovers\n|upkeep\n|turn|7\n|\n|move|p2a: Corviknight|Roost|p2a: Corviknight\n|-heal|p2a: Corviknight|100\/100\n|-singleturn|p2a: Corviknight|move: Roost\n|move|p1a: Necrozma|Thunder Wave|p2a: Corviknight\n|-status|p2a: Corviknight|par\n|\n|-heal|p1a: Necrozma|98\/100 par|[from] item: Leftovers\n|upkeep\n|turn|8\n|\n|switch|p1a: Ferrothorn|Ferrothorn, M|100\/100\n|move|p2a: Corviknight|U-turn|p1a: Ferrothorn\n|-damage|p1a: Ferrothorn|92\/100\n|-damage|p2a: Corviknight|88\/100 par|[from] ability: Iron Barbs|[of] p1a: Ferrothorn\n|\n|switch|p2a: Hatterene|Hatterene, F|77\/100|[from]move: U-turn\n|\n|-heal|p1a: Ferrothorn|99\/100|[from] item: Leftovers\n|upkeep\n|turn|9\n|\n|switch|p1a: Necrozma|Necrozma-Dusk-Mane|98\/100 par\n|move|p2a: Hatterene|Baton Pass|p2a: Hatterene\n|\n|switch|p2a: Lunala|Lunala|100\/100|[from]move: Baton Pass\n|\n|-heal|p1a: Necrozma|100\/100 par|[from] item: Leftovers\n|upkeep\n|turn|10\n|\n|move|p2a: Lunala|Hex|p1a: Necrozma\n|-supereffective|p1a: Necrozma\n|-damage|p1a: Necrozma|34\/100 par\n|move|p1a: Necrozma|Thunder Wave|p2a: Lunala\n|-status|p2a: Lunala|par\n|\n|-heal|p1a: Necrozma|40\/100 par|[from] item: Leftovers\n|upkeep\n|turn|11\n|\n|switch|p1a: Ferrothorn|Ferrothorn, M|99\/100\n|cant|p2a: Lunala|par\n|\n|-heal|p1a: Ferrothorn|100\/100|[from] item: Leftovers\n|upkeep\n|turn|12\n|\n|switch|p2a: Umbreon|Umbreon, M|100\/100\n|-start|p1a: Ferrothorn|Dynamax\n|-heal|p1a: Ferrothorn|100\/100|[silent]\n|move|p1a: Ferrothorn|Max Darkness|p2a: Umbreon\n|-resisted|p2a: Umbreon\n|-damage|p2a: Umbreon|90\/100\n|-unboost|p2a: Umbreon|spd|1\n|\n|-heal|p2a: Umbreon|96\/100|[from] item: Leftovers\n|upkeep\n|turn|13\n|\n|move|p2a: Umbreon|Heal Bell|p2a: Umbreon\n|-activate|p2a: Umbreon|move: Heal Bell\n|-curestatus|p2: Corviknight|par|[msg]\n|-curestatus|p2: Lunala|par|[msg]\n|move|p1a: Ferrothorn|Max Knuckle|p2a: Umbreon\n|-supereffective|p2a: Umbreon\n|-damage|p2a: Umbreon|67\/100\n|-boost|p1a: Ferrothorn|atk|1\n|\n|-heal|p2a: Umbreon|73\/100|[from] item: Leftovers\n|upkeep\n|turn|14\n|\n|switch|p2a: Zacian|Zacian-Crowned|100\/100\n|-ability|p2a: Zacian|Intrepid Sword|boost\n|-boost|p2a: Zacian|atk|1\n|move|p1a: Ferrothorn|Max Darkness|p2a: Zacian\n|-resisted|p2a: Zacian\n|-damage|p2a: Zacian|81\/100\n|-unboost|p2a: Zacian|spd|1\n|\n|-end|p1a: Ferrothorn|Dynamax\n|-heal|p1a: Ferrothorn|100\/100|[silent]\n|upkeep\n|turn|15\n|\n|switch|p1a: Zacian|Zacian-Crowned|100\/100\n|-ability|p1a: Zacian|Intrepid Sword|boost\n|-boost|p1a: Zacian|atk|1\n|move|p2a: Zacian|Swords Dance|p2a: Zacian\n|-boost|p2a: Zacian|atk|2\n|\n|upkeep\n|turn|16\n|\n|switch|p2a: Quagsire|Quagsire, F|100\/100\n|move|p1a: Zacian|Behemoth Blade|p2a: Quagsire\n|-resisted|p2a: Quagsire\n|-damage|p2a: Quagsire|79\/100\n|\n|-heal|p2a: Quagsire|86\/100|[from] item: Leftovers\n|upkeep\n|turn|17\n|\n|switch|p1a: Ferrothorn|Ferrothorn, M|100\/100\n|move|p2a: Quagsire|Scald|p1a: Ferrothorn\n|-resisted|p1a: Ferrothorn\n|-damage|p1a: Ferrothorn|94\/100\n|-status|p1a: Ferrothorn|brn\n|\n|-heal|p2a: Quagsire|92\/100|[from] item: Leftovers\n|-heal|p1a: Ferrothorn|99\/100 brn|[from] item: Leftovers\n|-damage|p1a: Ferrothorn|94\/100 brn|[from] brn\n|upkeep\n|turn|18\n|\n|switch|p2a: Hatterene|Hatterene, F|77\/100\n|move|p1a: Ferrothorn|Knock Off|p2a: Hatterene\n|-damage|p2a: Hatterene|69\/100\n|\n|-heal|p1a: Ferrothorn|99\/100 brn|[from] item: Leftovers\n|-damage|p1a: Ferrothorn|94\/100 brn|[from] brn\n|upkeep\n|turn|19\n|\n|switch|p1a: Necrozma|Necrozma-Dusk-Mane|40\/100 par\n|move|p2a: Hatterene|Mystical Fire|p1a: Necrozma\n|-supereffective|p1a: Necrozma\n|-damage|p1a: Necrozma|2\/100 par\n|-unboost|p1a: Necrozma|spa|1\n|\n|-heal|p1a: Necrozma|8\/100 par|[from] item: Leftovers\n|upkeep\n|turn|20\n|\n|move|p2a: Hatterene|Mystical Fire|p1a: Necrozma\n|-supereffective|p1a: Necrozma\n|-damage|p1a: Necrozma|0 fnt\n|faint|p1a: Necrozma\n|\n|upkeep\n|\n|switch|p1a: Lunala|Lunala|100\/100\n|turn|21\n|\n|switch|p1a: Zamazenta|Zamazenta|100\/100\n|-ability|p1a: Zamazenta|Dauntless Shield|boost\n|-boost|p1a: Zamazenta|def|1\n|move|p2a: Hatterene|Nuzzle|p1a: Zamazenta\n|-damage|p1a: Zamazenta|98\/100\n|-status|p1a: Zamazenta|par\n|\n|upkeep\n|turn|22\n|\n|switch|p2a: Quagsire|Quagsire, F|92\/100\n|move|p1a: Zamazenta|Crunch|p2a: Quagsire\n|-damage|p2a: Quagsire|71\/100\n|\n|-heal|p2a: Quagsire|77\/100|[from] item: Leftovers\n|upkeep\n|turn|23\n|\n|cant|p1a: Zamazenta|par\n|move|p2a: Quagsire|Curse|p2a: Quagsire\n|-unboost|p2a: Quagsire|spe|1\n|-boost|p2a: Quagsire|atk|1\n|-boost|p2a: Quagsire|def|1\n|\n|-heal|p2a: Quagsire|83\/100|[from] item: Leftovers\n|upkeep\n|turn|24\n|\n|cant|p1a: Zamazenta|par\n|move|p2a: Quagsire|Earthquake|p1a: Zamazenta\n|-damage|p1a: Zamazenta|59\/100 par\n|\n|-heal|p2a: Quagsire|89\/100|[from] item: Leftovers\n|upkeep\n|turn|25\n|\n|cant|p1a: Zamazenta|par\n|move|p2a: Quagsire|Earthquake|p1a: Zamazenta\n|-damage|p1a: Zamazenta|17\/100 par\n|\n|-heal|p2a: Quagsire|95\/100|[from] item: Leftovers\n|upkeep\n|turn|26\n|\n|move|p1a: Zamazenta|Close Combat|p2a: Quagsire\n|-crit|p2a: Quagsire\n|-damage|p2a: Quagsire|31\/100\n|-unboost|p1a: Zamazenta|def|1\n|-unboost|p1a: Zamazenta|spd|1\n|move|p2a: Quagsire|Earthquake|p1a: Zamazenta\n|-damage|p1a: Zamazenta|0 fnt\n|faint|p1a: Zamazenta\n|\n|-heal|p2a: Quagsire|37\/100|[from] item: Leftovers\n|upkeep\n|\n|switch|p1a: Eternatus|Eternatus|100\/100\n|-ability|p1a: Eternatus|Pressure\n|turn|27\n|\n|switch|p2a: Zacian|Zacian-Crowned|81\/100\n|-ability|p2a: Zacian|Intrepid Sword|boost\n|-boost|p2a: Zacian|atk|1\n|move|p1a: Eternatus|Dynamax Cannon|p2a: Zacian\n|-immune|p2a: Zacian\n|\n|upkeep\n|turn|28\n|\n|move|p2a: Zacian|Behemoth Blade|p1a: Eternatus\n|-damage|p1a: Eternatus|15\/100\n|move|p1a: Eternatus|Flamethrower|p2a: Zacian\n|-supereffective|p2a: Zacian\n|-damage|p2a: Zacian|0 fnt\n|-damage|p1a: Eternatus|5\/100|[from] item: Life Orb\n|faint|p2a: Zacian\n|\n|upkeep\n|\n|switch|p2a: Umbreon|Umbreon, M|73\/100\n|turn|29\n|\n|move|p1a: Eternatus|Recover|p1a: Eternatus\n|-heal|p1a: Eternatus|55\/100\n|move|p2a: Umbreon|Wish|p2a: Umbreon\n|\n|-heal|p2a: Umbreon|79\/100|[from] item: Leftovers\n|upkeep\n|turn|30\n|\n|move|p1a: Eternatus|Flamethrower|p2a: Umbreon\n|-damage|p2a: Umbreon|55\/100\n|-damage|p1a: Eternatus|45\/100|[from] item: Life Orb\n|move|p2a: Umbreon|Snarl|p1a: Eternatus\n|-damage|p1a: Eternatus|35\/100\n|-unboost|p1a: Eternatus|spa|1\n|\n|-heal|p2a: Umbreon|100\/100|[from] move: Wish|[wisher] Umbreon\n|upkeep\n|turn|31\n|\n|move|p1a: Eternatus|Recover|p1a: Eternatus\n|-heal|p1a: Eternatus|85\/100\n|move|p2a: Umbreon|Wish|p2a: Umbreon\n|\n|upkeep\n|turn|32\n|\n|switch|p1a: Zacian|Zacian-Crowned|100\/100\n|-ability|p1a: Zacian|Intrepid Sword|boost\n|-boost|p1a: Zacian|atk|1\n|switch|p2a: Lunala|Lunala|100\/100\n|\n|upkeep\n|turn|33\n|\n|move|p1a: Zacian|Substitute|p1a: Zacian\n|-start|p1a: Zacian|Substitute\n|-damage|p1a: Zacian|76\/100\n|move|p2a: Lunala|Thunder Wave||[still]\n|-fail|p2a: Lunala\n|\n|upkeep\n|turn|34\n|\n|move|p1a: Zacian|Behemoth Blade|p2a: Lunala\n|-damage|p2a: Lunala|63\/100\n|move|p2a: Lunala|Hex|p1a: Zacian\n|-end|p1a: Zacian|Substitute\n|\n|upkeep\n|turn|35\n|\n|move|p1a: Zacian|Substitute|p1a: Zacian\n|-start|p1a: Zacian|Substitute\n|-damage|p1a: Zacian|51\/100\n|move|p2a: Lunala|Hex|p1a: Zacian\n|-end|p1a: Zacian|Substitute\n|\n|upkeep\n|turn|36\n|\n|move|p1a: Zacian|Behemoth Blade|p2a: Lunala\n|-damage|p2a: Lunala|0 fnt\n|faint|p2a: Lunala\n|\n|upkeep\n|\n|switch|p2a: Quagsire|Quagsire, F|37\/100\n|turn|37\n|\n|-start|p2a: Quagsire|Dynamax\n|-heal|p2a: Quagsire|37\/100|[silent]\n|move|p1a: Zacian|Close Combat|p2a: Quagsire\n|-damage|p2a: Quagsire|21\/100\n|-unboost|p1a: Zacian|def|1\n|-unboost|p1a: Zacian|spd|1\n|move|p2a: Quagsire|Max Quake|p1a: Zacian\n|-supereffective|p1a: Zacian\n|-damage|p1a: Zacian|0 fnt\n|-boost|p2a: Quagsire|spd|1\n|faint|p1a: Zacian\n|\n|-heal|p2a: Quagsire|24\/100|[from] item: Leftovers\n|upkeep\n|\n|switch|p1a: Ferrothorn|Ferrothorn, M|94\/100 brn\n|turn|38\n|\n|move|p2a: Quagsire|Max Quake|p1a: Ferrothorn\n|-damage|p1a: Ferrothorn|68\/100 brn\n|-boost|p2a: Quagsire|spd|1\n|move|p1a: Ferrothorn|Knock Off|p2a: Quagsire\n|-damage|p2a: Quagsire|20\/100\n|-enditem|p2a: Quagsire|Leftovers|[from] move: Knock Off|[of] p1a: Ferrothorn\n|\n|-heal|p1a: Ferrothorn|74\/100 brn|[from] item: Leftovers\n|-damage|p1a: Ferrothorn|68\/100 brn|[from] brn\n|upkeep\n|turn|39\n|\n|move|p2a: Quagsire|Max Quake|p1a: Ferrothorn\n|-damage|p1a: Ferrothorn|44\/100 brn\n|-boost|p2a: Quagsire|spd|1\n|move|p1a: Ferrothorn|Stealth Rock|p2a: Quagsire\n|-sidestart|p2: Ballfire|move: Stealth Rock\n|\n|-heal|p1a: Ferrothorn|50\/100 brn|[from] item: Leftovers\n|-damage|p1a: Ferrothorn|44\/100 brn|[from] brn\n|-end|p2a: Quagsire|Dynamax\n|-heal|p2a: Quagsire|20\/100|[silent]\n|upkeep\n|turn|40\n|\n|move|p2a: Quagsire|Recover|p2a: Quagsire\n|-heal|p2a: Quagsire|70\/100\n|move|p1a: Ferrothorn|Leech Seed|p2a: Quagsire\n|-start|p2a: Quagsire|move: Leech Seed\n|\n|-heal|p1a: Ferrothorn|50\/100 brn|[from] item: Leftovers\n|-damage|p2a: Quagsire|58\/100|[from] Leech Seed|[of] p1a: Ferrothorn\n|-heal|p1a: Ferrothorn|64\/100 brn|[silent]\n|-damage|p1a: Ferrothorn|58\/100 brn|[from] brn\n|upkeep\n|turn|41\n|\n|move|p2a: Quagsire|Recover|p2a: Quagsire\n|-heal|p2a: Quagsire|100\/100\n|move|p1a: Ferrothorn|Knock Off|p2a: Quagsire\n|-damage|p2a: Quagsire|96\/100\n|\n|-heal|p1a: Ferrothorn|64\/100 brn|[from] item: Leftovers\n|-damage|p2a: Quagsire|83\/100|[from] Leech Seed|[of] p1a: Ferrothorn\n|-heal|p1a: Ferrothorn|78\/100 brn|[silent]\n|-damage|p1a: Ferrothorn|72\/100 brn|[from] brn\n|upkeep\n|turn|42\n|\n|move|p2a: Quagsire|Curse|p2a: Quagsire\n|-unboost|p2a: Quagsire|spe|1\n|-boost|p2a: Quagsire|atk|1\n|-boost|p2a: Quagsire|def|1\n|move|p1a: Ferrothorn|Body Press|p2a: Quagsire\n|-damage|p2a: Quagsire|76\/100\n|\n|-heal|p1a: Ferrothorn|78\/100 brn|[from] item: Leftovers\n|-damage|p2a: Quagsire|64\/100|[from] Leech Seed|[of] p1a: Ferrothorn\n|-heal|p1a: Ferrothorn|92\/100 brn|[silent]\n|-damage|p1a: Ferrothorn|86\/100 brn|[from] brn\n|upkeep\n|turn|43\n|inactive|Blue chen has 120 seconds left.\n|\n|switch|p1a: Lunala|Lunala|100\/100\n|move|p2a: Quagsire|Recover|p2a: Quagsire\n|-heal|p2a: Quagsire|100\/100\n|\n|-damage|p2a: Quagsire|88\/100|[from] Leech Seed|[of] p1a: Lunala\n|upkeep\n|turn|44\n|\n|move|p1a: Lunala|Moongeist Beam|p2a: Quagsire\n|-damage|p2a: Quagsire|62\/100\n|move|p2a: Quagsire|Scald|p1a: Lunala\n|-damage|p1a: Lunala|94\/100\n|\n|-damage|p2a: Quagsire|49\/100|[from] Leech Seed|[of] p1a: Lunala\n|-heal|p1a: Lunala|100\/100|[silent]\n|upkeep\n|turn|45\n|\n|move|p1a: Lunala|Moongeist Beam|p2a: Quagsire\n|-damage|p2a: Quagsire|24\/100\n|move|p2a: Quagsire|Recover|p2a: Quagsire\n|-heal|p2a: Quagsire|74\/100\n|\n|-damage|p2a: Quagsire|62\/100|[from] Leech Seed|[of] p1a: Lunala\n|upkeep\n|turn|46\n|inactive|Blue chen has 90 seconds left.\n|\n|move|p1a: Lunala|Moongeist Beam|p2a: Quagsire\n|-damage|p2a: Quagsire|33\/100\n|move|p2a: Quagsire|Recover|p2a: Quagsire\n|-heal|p2a: Quagsire|83\/100\n|\n|-damage|p2a: Quagsire|70\/100|[from] Leech Seed|[of] p1a: Lunala\n|upkeep\n|turn|47\n|inactive|Blue chen has 90 seconds left.\n|\n|switch|p1a: Eternatus|Eternatus|85\/100\n|-ability|p1a: Eternatus|Pressure\n|move|p2a: Quagsire|Recover|p2a: Quagsire\n|-heal|p2a: Quagsire|100\/100\n|\n|-damage|p2a: Quagsire|88\/100|[from] Leech Seed|[of] p1a: Eternatus\n|-heal|p1a: Eternatus|96\/100|[silent]\n|upkeep\n|turn|48\n|inactive|Blue chen has 90 seconds left.\n|\n|move|p1a: Eternatus|Substitute|p1a: Eternatus\n|-start|p1a: Eternatus|Substitute\n|-damage|p1a: Eternatus|71\/100\n|move|p2a: Quagsire|Curse|p2a: Quagsire\n|-unboost|p2a: Quagsire|spe|1\n|-boost|p2a: Quagsire|atk|1\n|-boost|p2a: Quagsire|def|1\n|\n|-damage|p2a: Quagsire|76\/100|[from] Leech Seed|[of] p1a: Eternatus\n|-heal|p1a: Eternatus|83\/100|[silent]\n|upkeep\n|turn|49\n|\n|move|p1a: Eternatus|Dynamax Cannon|p2a: Quagsire\n|-damage|p2a: Quagsire|41\/100\n|-damage|p1a: Eternatus|73\/100|[from] item: Life Orb\n|move|p2a: Quagsire|Recover|p2a: Quagsire\n|-heal|p2a: Quagsire|91\/100\n|\n|-damage|p2a: Quagsire|78\/100|[from] Leech Seed|[of] p1a: Eternatus\n|-heal|p1a: Eternatus|85\/100|[silent]\n|upkeep\n|turn|50\n|j| Ryu Fenrir\n|\n|move|p1a: Eternatus|Dynamax Cannon|p2a: Quagsire\n|-damage|p2a: Quagsire|42\/100\n|-damage|p1a: Eternatus|75\/100|[from] item: Life Orb\n|move|p2a: Quagsire|Recover|p2a: Quagsire\n|-heal|p2a: Quagsire|92\/100\n|\n|-damage|p2a: Quagsire|79\/100|[from] Leech Seed|[of] p1a: Eternatus\n|-heal|p1a: Eternatus|86\/100|[silent]\n|upkeep\n|turn|51\n|\n|move|p1a: Eternatus|Flamethrower|p2a: Quagsire\n|-resisted|p2a: Quagsire\n|-damage|p2a: Quagsire|69\/100\n|-damage|p1a: Eternatus|76\/100|[from] item: Life Orb\n|move|p2a: Quagsire|Recover|p2a: Quagsire\n|-heal|p2a: Quagsire|100\/100\n|\n|-damage|p2a: Quagsire|88\/100|[from] Leech Seed|[of] p1a: Eternatus\n|-heal|p1a: Eternatus|88\/100|[silent]\n|upkeep\n|turn|52\n|\n|move|p1a: Eternatus|Dynamax Cannon|p2a: Quagsire\n|-damage|p2a: Quagsire|50\/100\n|-damage|p1a: Eternatus|78\/100|[from] item: Life Orb\n|move|p2a: Quagsire|Earthquake|p1a: Eternatus\n|-supereffective|p1a: Eternatus\n|-end|p1a: Eternatus|Substitute\n|\n|-damage|p2a: Quagsire|38\/100|[from] Leech Seed|[of] p1a: Eternatus\n|-heal|p1a: Eternatus|90\/100|[silent]\n|upkeep\n|turn|53\n|\n|move|p1a: Eternatus|Dynamax Cannon|p2a: Quagsire\n|-damage|p2a: Quagsire|3\/100\n|-damage|p1a: Eternatus|80\/100|[from] item: Life Orb\n|move|p2a: Quagsire|Earthquake|p1a: Eternatus\n|-supereffective|p1a: Eternatus\n|-damage|p1a: Eternatus|0 fnt\n|faint|p1a: Eternatus\n|\n|upkeep\n|\n|switch|p1a: Lunala|Lunala|100\/100\n|turn|54\n|\n|move|p1a: Lunala|Hex|p2a: Quagsire\n|-damage|p2a: Quagsire|0 fnt\n|faint|p2a: Quagsire\n|\n|upkeep\n|\n|switch|p2a: Umbreon|Umbreon, M|100\/100\n|-damage|p2a: Umbreon|88\/100|[from] Stealth Rock\n|turn|55\n|\n|switch|p1a: Ferrothorn|Ferrothorn, M|86\/100 brn\n|move|p2a: Umbreon|Snarl|p1a: Ferrothorn\n|-damage|p1a: Ferrothorn|75\/100 brn\n|-unboost|p1a: Ferrothorn|spa|1\n|\n|-heal|p2a: Umbreon|94\/100|[from] item: Leftovers\n|-heal|p1a: Ferrothorn|81\/100 brn|[from] item: Leftovers\n|-damage|p1a: Ferrothorn|75\/100 brn|[from] brn\n|upkeep\n|turn|56\n|l| Ryu Fenrir\n|inactive|Blue chen has 90 seconds left.\n|j| AgressivEbolAidCOV\n|\n|switch|p2a: Corviknight|Corviknight, M|88\/100\n|-damage|p2a: Corviknight|75\/100|[from] Stealth Rock\n|-ability|p2a: Corviknight|Pressure\n|move|p1a: Ferrothorn|Knock Off|p2a: Corviknight\n|-damage|p2a: Corviknight|71\/100\n|\n|-heal|p1a: Ferrothorn|81\/100 brn|[from] item: Leftovers\n|-damage|p1a: Ferrothorn|75\/100 brn|[from] brn\n|upkeep\n|turn|57\n|inactive|Blue chen has 60 seconds left.\n|\n|move|p2a: Corviknight|Defog|p1a: Ferrothorn\n|-unboost|p1a: Ferrothorn|evasion|1\n|-sideend|p2: Ballfire|Stealth Rock|[from] move: Defog|[of] p2a: Corviknight\n|move|p1a: Ferrothorn|Leech Seed|p2a: Corviknight\n|-start|p2a: Corviknight|move: Leech Seed\n|\n|-heal|p1a: Ferrothorn|81\/100 brn|[from] item: Leftovers\n|-damage|p2a: Corviknight|59\/100|[from] Leech Seed|[of] p1a: Ferrothorn\n|-heal|p1a: Ferrothorn|95\/100 brn|[silent]\n|-damage|p1a: Ferrothorn|89\/100 brn|[from] brn\n|upkeep\n|turn|58\n|inactive|Blue chen has 60 seconds left.\n|\n|move|p2a: Corviknight|Roost|p2a: Corviknight\n|-heal|p2a: Corviknight|100\/100\n|-singleturn|p2a: Corviknight|move: Roost\n|move|p1a: Ferrothorn|Stealth Rock|p2a: Corviknight\n|-sidestart|p2: Ballfire|move: Stealth Rock\n|\n|-heal|p1a: Ferrothorn|95\/100 brn|[from] item: Leftovers\n|-damage|p2a: Corviknight|88\/100|[from] Leech Seed|[of] p1a: Ferrothorn\n|-heal|p1a: Ferrothorn|100\/100 brn|[silent]\n|-damage|p1a: Ferrothorn|94\/100 brn|[from] brn\n|upkeep\n|turn|59\n|inactive|Blue chen has 60 seconds left.\n|-message|Blue chen forfeited.\n|\n|win|Ballfire\n|l|\u2606Blue chen\n|c| AgressivEbolAidCOV|how do you beat umbreon\n|raw|Blue chen's rating: 1712 &rarr; <strong>1689<\/strong><br \/>(-23 for losing)\n|raw|Ballfire's rating: 1667 &rarr; <strong>1689<\/strong><br \/>(+22 for winning)\n|c| AgressivEbolAidCOV|oh nvm\n","uploadtime":1587643045,"views":142,"p1id":"bluechen","p2id":"ballfire","formatid":"gen8ubers","rating":1689,"private":0,"password":null}