{"id":"gen8ou-1695733862","p1":"Bunch24","p2":"ChandosH","format":"gen8ou","log":"|html|<div class=\"broadcast-blue\"><strong>[Gen 8] OU is currently suspecting Melmetal! For information on how to participate check out the <a href=\"https:\/\/www.smogon.com\/forums\/threads\/np-ss-ou-suspect-process-round-12-monster-mash.3709234\/\">suspect thread<\/a>.<\/strong><\/div>\n|j|\u2606Bunch24\n|j|\u2606ChandosH\n|t:|1666822799\n|gametype|singles\n|player|p1|Bunch24|101|1772\n|player|p2|ChandosH|n-masters|1772\n|teamsize|p1|6\n|teamsize|p2|6\n|gen|8\n|tier|[Gen 8] OU\n|rated|\n|rule|Sleep Clause Mod: Limit one foe put to sleep\n|rule|Species Clause: Limit one of each Pok\u00e9mon\n|rule|OHKO Clause: OHKO moves are banned\n|rule|Evasion Items Clause: Evasion items are banned\n|rule|Evasion Moves Clause: Evasion moves are banned\n|rule|Endless Battle Clause: Forcing endless battles is banned\n|rule|HP Percentage Mod: HP is shown in percentages\n|rule|Dynamax Clause: You cannot dynamax\n|clearpoke\n|poke|p1|Tyranitar, M|\n|poke|p1|Dugtrio-Alola, M|\n|poke|p1|Excadrill, F|\n|poke|p1|Corviknight, M|\n|poke|p1|Tornadus-Therian, M|\n|poke|p1|Dragapult, F|\n|poke|p2|Toxapex, M|\n|poke|p2|Skarmory, F|\n|poke|p2|Clefable, M|\n|poke|p2|Tapu Koko|\n|poke|p2|Hippowdon, F|\n|poke|p2|Reuniclus, F|\n|teampreview\n|inactive|Battle timer is ON: inactive players will automatically lose when time's up. (requested by ChandosH)\n|\n|t:|1666822873\n|start\n|switch|p1a: Dragapult|Dragapult, F|100\/100\n|switch|p2a: Clefable|Clefable, M|100\/100\n|turn|1\n|\n|t:|1666822885\n|switch|p1a: Corviknight|Corviknight, M|100\/100\n|-ability|p1a: Corviknight|Pressure\n|move|p2a: Clefable|Calm Mind|p2a: Clefable\n|-boost|p2a: Clefable|spa|1\n|-boost|p2a: Clefable|spd|1\n|\n|upkeep\n|turn|2\n|\n|t:|1666822893\n|move|p2a: Clefable|Flamethrower|p1a: Corviknight\n|-supereffective|p1a: Corviknight\n|-damage|p1a: Corviknight|41\/100\n|move|p1a: Corviknight|U-turn|p2a: Clefable\n|-resisted|p2a: Clefable\n|-damage|p2a: Clefable|95\/100\n|\n|t:|1666822898\n|switch|p1a: Dugtrio|Dugtrio-Alola, M|100\/100|[from]move: U-turn\n|\n|-heal|p2a: Clefable|100\/100|[from] item: Leftovers\n|upkeep\n|turn|3\n|\n|t:|1666822907\n|switch|p2a: Skarmory|Skarmory, F|100\/100\n|move|p1a: Dugtrio|Iron Head|p2a: Skarmory\n|-resisted|p2a: Skarmory\n|-damage|p2a: Skarmory|86\/100\n|-damage|p1a: Dugtrio|84\/100|[from] item: Rocky Helmet|[of] p2a: Skarmory\n|-damage|p1a: Dugtrio|74\/100|[from] item: Life Orb\n|\n|upkeep\n|turn|4\n|\n|t:|1666822920\n|switch|p1a: Dragapult|Dragapult, F|100\/100\n|move|p2a: Skarmory|Spikes|p1a: Dragapult\n|-sidestart|p1: Bunch24|Spikes\n|\n|upkeep\n|turn|5\n|\n|t:|1666822944\n|switch|p2a: Hippowdon|Hippowdon, F|100\/100\n|-weather|Sandstorm|[from] ability: Sand Stream|[of] p2a: Hippowdon\n|move|p1a: Dragapult|Will-O-Wisp|p2a: Hippowdon\n|-status|p2a: Hippowdon|brn\n|\n|-weather|Sandstorm|[upkeep]\n|-damage|p1a: Dragapult|95\/100|[from] Sandstorm\n|-damage|p2a: Hippowdon|94\/100 brn|[from] brn\n|upkeep\n|turn|6\n|j| monkaSaur\n|\n|t:|1666822963\n|switch|p1a: Corviknight|Corviknight, M|41\/100\n|-ability|p1a: Corviknight|Pressure\n|move|p2a: Hippowdon|Stealth Rock|p1a: Corviknight\n|-sidestart|p1: Bunch24|move: Stealth Rock\n|\n|-weather|Sandstorm|[upkeep]\n|-heal|p2a: Hippowdon|100\/100 brn|[from] item: Leftovers\n|-damage|p2a: Hippowdon|94\/100 brn|[from] brn\n|upkeep\n|turn|7\n|\n|t:|1666822970\n|switch|p2a: Tapu Koko|Tapu Koko|100\/100\n|-fieldstart|move: Electric Terrain|[from] ability: Electric Surge|[of] p2a: Tapu Koko\n|move|p1a: Corviknight|Defog|p2a: Tapu Koko\n|-unboost|p2a: Tapu Koko|evasion|1\n|-sideend|p1: Bunch24|Spikes|[from] move: Defog|[of] p1a: Corviknight\n|-sideend|p1: Bunch24|Stealth Rock|[from] move: Defog|[of] p1a: Corviknight\n|-fieldend|move: Electric Terrain\n|\n|-weather|Sandstorm|[upkeep]\n|-damage|p2a: Tapu Koko|94\/100|[from] Sandstorm\n|upkeep\n|turn|8\n|\n|t:|1666822977\n|move|p2a: Tapu Koko|Dazzling Gleam|p1a: Corviknight\n|-resisted|p1a: Corviknight\n|-damage|p1a: Corviknight|24\/100\n|move|p1a: Corviknight|Roost|p1a: Corviknight\n|-heal|p1a: Corviknight|74\/100\n|-singleturn|p1a: Corviknight|move: Roost\n|\n|-weather|Sandstorm|[upkeep]\n|-damage|p2a: Tapu Koko|88\/100|[from] Sandstorm\n|upkeep\n|turn|9\n|\n|t:|1666822985\n|switch|p1a: Dugtrio|Dugtrio-Alola, M|74\/100\n|move|p2a: Tapu Koko|Thunderbolt|p1a: Dugtrio\n|-immune|p1a: Dugtrio\n|\n|-weather|none\n|upkeep\n|turn|10\n|\n|t:|1666822990\n|switch|p2a: Skarmory|Skarmory, F|86\/100\n|switch|p1a: Corviknight|Corviknight, M|74\/100\n|-ability|p1a: Corviknight|Pressure\n|\n|upkeep\n|turn|11\n|\n|t:|1666822997\n|move|p2a: Skarmory|Spikes|p1a: Corviknight\n|-sidestart|p1: Bunch24|Spikes\n|move|p1a: Corviknight|Defog|p2a: Skarmory\n|-unboost|p2a: Skarmory|evasion|1\n|-sideend|p1: Bunch24|Spikes|[from] move: Defog|[of] p1a: Corviknight\n|\n|upkeep\n|turn|12\n|\n|t:|1666823009\n|switch|p1a: Tornadus|Tornadus-Therian, M|100\/100\n|move|p2a: Skarmory|Spikes|p1a: Tornadus\n|-sidestart|p1: Bunch24|Spikes\n|\n|upkeep\n|turn|13\n|\n|t:|1666823018\n|switch|p1a: Corviknight|Corviknight, M|74\/100\n|-ability|p1a: Corviknight|Pressure\n|switch|p2a: Tapu Koko|Tapu Koko|88\/100\n|-fieldstart|move: Electric Terrain|[from] ability: Electric Surge|[of] p2a: Tapu Koko\n|\n|upkeep\n|turn|14\n|\n|t:|1666823024\n|switch|p1a: Excadrill|Excadrill, F|100\/100\n|-damage|p1a: Excadrill|88\/100|[from] Spikes\n|move|p2a: Tapu Koko|Thunderbolt|p1a: Excadrill\n|-immune|p1a: Excadrill\n|\n|-heal|p1a: Excadrill|94\/100|[from] item: Leftovers\n|upkeep\n|turn|15\n|\n|t:|1666823030\n|switch|p2a: Skarmory|Skarmory, F|86\/100\n|move|p1a: Excadrill|Rock Slide|p2a: Skarmory\n|-damage|p2a: Skarmory|71\/100\n|\n|-heal|p1a: Excadrill|99\/100|[from] item: Leftovers\n|upkeep\n|turn|16\n|\n|t:|1666823044\n|switch|p1a: Corviknight|Corviknight, M|74\/100\n|-ability|p1a: Corviknight|Pressure\n|move|p2a: Skarmory|Roost|p2a: Skarmory\n|-heal|p2a: Skarmory|100\/100\n|-singleturn|p2a: Skarmory|move: Roost\n|\n|upkeep\n|turn|17\n|\n|t:|1666823051\n|move|p2a: Skarmory|Body Press|p1a: Corviknight\n|-damage|p1a: Corviknight|55\/100\n|-damage|p2a: Skarmory|84\/100|[from] item: Rocky Helmet|[of] p1a: Corviknight\n|move|p1a: Corviknight|Defog|p2a: Skarmory\n|-unboost|p2a: Skarmory|evasion|1\n|-sideend|p1: Bunch24|Spikes|[from] move: Defog|[of] p1a: Corviknight\n|-fieldend|move: Electric Terrain\n|\n|upkeep\n|turn|18\n|\n|t:|1666823059\n|move|p2a: Skarmory|Spikes|p1a: Corviknight\n|-sidestart|p1: Bunch24|Spikes\n|move|p1a: Corviknight|Roost|p1a: Corviknight\n|-heal|p1a: Corviknight|100\/100\n|-singleturn|p1a: Corviknight|move: Roost\n|\n|upkeep\n|turn|19\n|\n|t:|1666823065\n|switch|p2a: Tapu Koko|Tapu Koko|88\/100\n|-fieldstart|move: Electric Terrain|[from] ability: Electric Surge|[of] p2a: Tapu Koko\n|move|p1a: Corviknight|Defog|p2a: Tapu Koko\n|-unboost|p2a: Tapu Koko|evasion|1\n|-sideend|p1: Bunch24|Spikes|[from] move: Defog|[of] p1a: Corviknight\n|-fieldend|move: Electric Terrain\n|\n|upkeep\n|turn|20\n|\n|t:|1666823077\n|switch|p2a: Skarmory|Skarmory, F|84\/100\n|switch|p1a: Excadrill|Excadrill, F|99\/100\n|\n|-heal|p1a: Excadrill|100\/100|[from] item: Leftovers\n|upkeep\n|turn|21\n|\n|t:|1666823084\n|switch|p1a: Corviknight|Corviknight, M|100\/100\n|-ability|p1a: Corviknight|Pressure\n|move|p2a: Skarmory|Spikes|p1a: Corviknight\n|-sidestart|p1: Bunch24|Spikes\n|\n|upkeep\n|turn|22\n|\n|t:|1666823102\n|switch|p2a: Tapu Koko|Tapu Koko|88\/100\n|-fieldstart|move: Electric Terrain|[from] ability: Electric Surge|[of] p2a: Tapu Koko\n|move|p1a: Corviknight|Defog|p2a: Tapu Koko\n|-unboost|p2a: Tapu Koko|evasion|1\n|-sideend|p1: Bunch24|Spikes|[from] move: Defog|[of] p1a: Corviknight\n|-fieldend|move: Electric Terrain\n|\n|upkeep\n|turn|23\n|\n|t:|1666823112\n|switch|p1a: Excadrill|Excadrill, F|100\/100\n|move|p2a: Tapu Koko|Thunderbolt|p1a: Excadrill\n|-immune|p1a: Excadrill\n|\n|upkeep\n|turn|24\n|\n|t:|1666823118\n|switch|p2a: Skarmory|Skarmory, F|84\/100\n|switch|p1a: Dragapult|Dragapult, F|95\/100\n|\n|upkeep\n|turn|25\n|\n|t:|1666823139\n|switch|p2a: Hippowdon|Hippowdon, F|94\/100 brn\n|-weather|Sandstorm|[from] ability: Sand Stream|[of] p2a: Hippowdon\n|move|p1a: Dragapult|Hex|p2a: Hippowdon\n|-damage|p2a: Hippowdon|55\/100 brn\n|\n|-weather|Sandstorm|[upkeep]\n|-damage|p1a: Dragapult|89\/100|[from] Sandstorm\n|-heal|p2a: Hippowdon|61\/100 brn|[from] item: Leftovers\n|-damage|p2a: Hippowdon|55\/100 brn|[from] brn\n|upkeep\n|turn|26\n|\n|t:|1666823147\n|move|p1a: Dragapult|Hydro Pump|p2a: Hippowdon\n|-supereffective|p2a: Hippowdon\n|-damage|p2a: Hippowdon|4\/100 brn\n|move|p2a: Hippowdon|Slack Off|p2a: Hippowdon\n|-heal|p2a: Hippowdon|54\/100 brn\n|\n|-weather|Sandstorm|[upkeep]\n|-damage|p1a: Dragapult|83\/100|[from] Sandstorm\n|-heal|p2a: Hippowdon|60\/100 brn|[from] item: Leftovers\n|-damage|p2a: Hippowdon|54\/100 brn|[from] brn\n|upkeep\n|turn|27\n|inactive|ChandosH has 120 seconds left.\n|\n|t:|1666823186\n|switch|p1a: Corviknight|Corviknight, M|100\/100\n|-ability|p1a: Corviknight|Pressure\n|move|p2a: Hippowdon|Slack Off|p2a: Hippowdon\n|-heal|p2a: Hippowdon|100\/100 brn\n|\n|-weather|Sandstorm|[upkeep]\n|-damage|p2a: Hippowdon|94\/100 brn|[from] brn\n|upkeep\n|turn|28\n|\n|t:|1666823191\n|move|p1a: Corviknight|Body Press|p2a: Hippowdon\n|-damage|p2a: Hippowdon|76\/100 brn\n|move|p2a: Hippowdon|Stealth Rock|p1a: Corviknight\n|-sidestart|p1: Bunch24|move: Stealth Rock\n|\n|-weather|Sandstorm|[upkeep]\n|-heal|p2a: Hippowdon|82\/100 brn|[from] item: Leftovers\n|-damage|p2a: Hippowdon|76\/100 brn|[from] brn\n|upkeep\n|turn|29\n|inactive|ChandosH has 120 seconds left.\n|\n|t:|1666823202\n|move|p1a: Corviknight|Defog|p2a: Hippowdon\n|-unboost|p2a: Hippowdon|evasion|1\n|-sideend|p1: Bunch24|Stealth Rock|[from] move: Defog|[of] p1a: Corviknight\n|move|p2a: Hippowdon|Earthquake|p1a: Corviknight\n|-immune|p1a: Corviknight\n|\n|-weather|none\n|-heal|p2a: Hippowdon|82\/100 brn|[from] item: Leftovers\n|-damage|p2a: Hippowdon|76\/100 brn|[from] brn\n|upkeep\n|turn|30\n|\n|t:|1666823215\n|switch|p1a: Dragapult|Dragapult, F|83\/100\n|move|p2a: Hippowdon|Stealth Rock|p1a: Dragapult\n|-sidestart|p1: Bunch24|move: Stealth Rock\n|\n|-heal|p2a: Hippowdon|82\/100 brn|[from] item: Leftovers\n|-damage|p2a: Hippowdon|76\/100 brn|[from] brn\n|upkeep\n|turn|31\n|\n|t:|1666823219\n|move|p1a: Dragapult|Hex|p2a: Hippowdon\n|-damage|p2a: Hippowdon|33\/100 brn\n|move|p2a: Hippowdon|Slack Off|p2a: Hippowdon\n|-heal|p2a: Hippowdon|83\/100 brn\n|\n|-heal|p2a: Hippowdon|89\/100 brn|[from] item: Leftovers\n|-damage|p2a: Hippowdon|83\/100 brn|[from] brn\n|upkeep\n|turn|32\n|\n|t:|1666823225\n|move|p1a: Dragapult|Hex|p2a: Hippowdon\n|-damage|p2a: Hippowdon|45\/100 brn\n|move|p2a: Hippowdon|Slack Off|p2a: Hippowdon\n|-heal|p2a: Hippowdon|95\/100 brn\n|\n|-heal|p2a: Hippowdon|100\/100 brn|[from] item: Leftovers\n|-damage|p2a: Hippowdon|94\/100 brn|[from] brn\n|upkeep\n|turn|33\n|\n|t:|1666823232\n|switch|p1a: Corviknight|Corviknight, M|100\/100\n|-damage|p1a: Corviknight|88\/100|[from] Stealth Rock\n|-ability|p1a: Corviknight|Pressure\n|move|p2a: Hippowdon|Toxic|p1a: Corviknight\n|-immune|p1a: Corviknight\n|\n|-heal|p2a: Hippowdon|100\/100 brn|[from] item: Leftovers\n|-damage|p2a: Hippowdon|94\/100 brn|[from] brn\n|upkeep\n|turn|34\n|\n|t:|1666823239\n|move|p1a: Corviknight|Defog|p2a: Hippowdon\n|-unboost|p2a: Hippowdon|evasion|1\n|-sideend|p1: Bunch24|Stealth Rock|[from] move: Defog|[of] p1a: Corviknight\n|move|p2a: Hippowdon|Stealth Rock|p1a: Corviknight\n|-sidestart|p1: Bunch24|move: Stealth Rock\n|\n|-heal|p2a: Hippowdon|100\/100 brn|[from] item: Leftovers\n|-damage|p2a: Hippowdon|94\/100 brn|[from] brn\n|upkeep\n|turn|35\n|\n|t:|1666823247\n|move|p1a: Corviknight|Defog|p2a: Hippowdon\n|-unboost|p2a: Hippowdon|evasion|1\n|-sideend|p1: Bunch24|Stealth Rock|[from] move: Defog|[of] p1a: Corviknight\n|move|p2a: Hippowdon|Toxic|p1a: Corviknight\n|-immune|p1a: Corviknight\n|\n|-heal|p2a: Hippowdon|100\/100 brn|[from] item: Leftovers\n|-damage|p2a: Hippowdon|94\/100 brn|[from] brn\n|upkeep\n|turn|36\n|\n|t:|1666823258\n|switch|p1a: Dragapult|Dragapult, F|83\/100\n|move|p2a: Hippowdon|Stealth Rock|p1a: Dragapult\n|-sidestart|p1: Bunch24|move: Stealth Rock\n|\n|-heal|p2a: Hippowdon|100\/100 brn|[from] item: Leftovers\n|-damage|p2a: Hippowdon|94\/100 brn|[from] brn\n|upkeep\n|turn|37\n|\n|t:|1666823266\n|switch|p1a: Corviknight|Corviknight, M|88\/100\n|-damage|p1a: Corviknight|76\/100|[from] Stealth Rock\n|-ability|p1a: Corviknight|Pressure\n|move|p2a: Hippowdon|Toxic|p1a: Corviknight\n|-immune|p1a: Corviknight\n|\n|-heal|p2a: Hippowdon|100\/100 brn|[from] item: Leftovers\n|-damage|p2a: Hippowdon|94\/100 brn|[from] brn\n|upkeep\n|turn|38\n|j| KokoCherryMango\n|\n|t:|1666823274\n|switch|p2a: Tapu Koko|Tapu Koko|88\/100\n|-fieldstart|move: Electric Terrain|[from] ability: Electric Surge|[of] p2a: Tapu Koko\n|move|p1a: Corviknight|Body Press|p2a: Tapu Koko\n|-resisted|p2a: Tapu Koko\n|-damage|p2a: Tapu Koko|71\/100\n|\n|upkeep\n|turn|39\n|\n|t:|1666823283\n|switch|p1a: Excadrill|Excadrill, F|100\/100\n|-damage|p1a: Excadrill|97\/100|[from] Stealth Rock\n|move|p2a: Tapu Koko|Thunderbolt|p1a: Excadrill\n|-immune|p1a: Excadrill\n|\n|-heal|p1a: Excadrill|100\/100|[from] item: Leftovers\n|upkeep\n|turn|40\n|\n|t:|1666823292\n|switch|p2a: Skarmory|Skarmory, F|84\/100\n|switch|p1a: Tornadus|Tornadus-Therian, M|100\/100\n|\n|upkeep\n|turn|41\n|l| monkaSaur\n|\n|t:|1666823301\n|switch|p2a: Tapu Koko|Tapu Koko|71\/100\n|move|p1a: Tornadus|Heat Wave|p2a: Tapu Koko\n|-damage|p2a: Tapu Koko|26\/100\n|\n|upkeep\n|turn|42\n|\n|t:|1666823309\n|move|p2a: Tapu Koko|Roost|p2a: Tapu Koko\n|-heal|p2a: Tapu Koko|77\/100\n|-singleturn|p2a: Tapu Koko|move: Roost\n|move|p1a: Tornadus|Heat Wave|p2a: Tapu Koko\n|-damage|p2a: Tapu Koko|32\/100\n|-status|p2a: Tapu Koko|brn\n|\n|-damage|p2a: Tapu Koko|26\/100 brn|[from] brn\n|-fieldend|move: Electric Terrain\n|upkeep\n|turn|43\n|j| sack2005\n|inactive|Bunch24 has 120 seconds left.\n|\n|t:|1666823340\n|move|p2a: Tapu Koko|Roost|p2a: Tapu Koko\n|-heal|p2a: Tapu Koko|76\/100 brn\n|-singleturn|p2a: Tapu Koko|move: Roost\n|move|p1a: Tornadus|Heat Wave|p2a: Tapu Koko\n|-damage|p2a: Tapu Koko|27\/100 brn\n|\n|-damage|p2a: Tapu Koko|21\/100 brn|[from] brn\n|upkeep\n|turn|44\n|\n|t:|1666823349\n|move|p2a: Tapu Koko|Roost|p2a: Tapu Koko\n|-heal|p2a: Tapu Koko|71\/100 brn\n|-singleturn|p2a: Tapu Koko|move: Roost\n|move|p1a: Tornadus|Heat Wave|p2a: Tapu Koko\n|-damage|p2a: Tapu Koko|23\/100 brn\n|\n|-damage|p2a: Tapu Koko|17\/100 brn|[from] brn\n|upkeep\n|turn|45\n|\n|t:|1666823370\n|move|p2a: Tapu Koko|Volt Switch|p1a: Tornadus\n|-supereffective|p1a: Tornadus\n|-damage|p1a: Tornadus|22\/100\n|\n|t:|1666823381\n|switch|p2a: Toxapex|Toxapex, M|100\/100|[from]move: Volt Switch\n|move|p1a: Tornadus|Heat Wave|p2a: Toxapex\n|-resisted|p2a: Toxapex\n|-damage|p2a: Toxapex|88\/100\n|\n|upkeep\n|turn|46\n|\n|t:|1666823391\n|switch|p1a: Tyranitar|Tyranitar, M|100\/100\n|-damage|p1a: Tyranitar|88\/100|[from] Stealth Rock\n|-weather|Sandstorm|[from] ability: Sand Stream|[of] p1a: Tyranitar\n|move|p2a: Toxapex|Knock Off|p1a: Tyranitar\n|-resisted|p1a: Tyranitar\n|-damage|p1a: Tyranitar|83\/100\n|-enditem|p1a: Tyranitar|Smooth Rock|[from] move: Knock Off|[of] p2a: Toxapex\n|\n|-weather|Sandstorm|[upkeep]\n|-damage|p2a: Toxapex|82\/100|[from] Sandstorm\n|upkeep\n|turn|47\n|inactive|ChandosH has 120 seconds left.\n|\n|t:|1666823412\n|move|p1a: Tyranitar|Thunder Wave|p2a: Toxapex\n|-status|p2a: Toxapex|par\n|move|p2a: Toxapex|Scald|p1a: Tyranitar\n|-supereffective|p1a: Tyranitar\n|-damage|p1a: Tyranitar|69\/100\n|\n|-weather|Sandstorm|[upkeep]\n|-damage|p2a: Toxapex|76\/100 par|[from] Sandstorm\n|upkeep\n|turn|48\n|inactive|ChandosH has 120 seconds left.\n|\n|t:|1666823422\n|move|p1a: Tyranitar|Stealth Rock|p2a: Toxapex\n|-sidestart|p2: ChandosH|move: Stealth Rock\n|move|p2a: Toxapex|Scald|p1a: Tyranitar\n|-supereffective|p1a: Tyranitar\n|-damage|p1a: Tyranitar|54\/100\n|\n|-weather|Sandstorm|[upkeep]\n|-damage|p2a: Toxapex|70\/100 par|[from] Sandstorm\n|upkeep\n|turn|49\n|\n|t:|1666823432\n|move|p1a: Tyranitar|Earthquake|p2a: Toxapex\n|-supereffective|p2a: Toxapex\n|-damage|p2a: Toxapex|33\/100 par\n|move|p2a: Toxapex|Scald|p1a: Tyranitar\n|-supereffective|p1a: Tyranitar\n|-damage|p1a: Tyranitar|41\/100\n|\n|-weather|Sandstorm|[upkeep]\n|-damage|p2a: Toxapex|26\/100 par|[from] Sandstorm\n|upkeep\n|turn|50\n|\n|t:|1666823443\n|switch|p1a: Tornadus|Tornadus-Therian, M|55\/100\n|switch|p2a: Skarmory|Skarmory, F|84\/100\n|-damage|p2a: Skarmory|72\/100|[from] Stealth Rock\n|\n|-weather|Sandstorm|[upkeep]\n|-damage|p1a: Tornadus|49\/100|[from] Sandstorm\n|upkeep\n|turn|51\n|inactive|ChandosH has 120 seconds left.\n|j| israviso07\n|\n|t:|1666823462\n|switch|p2a: Hippowdon|Hippowdon, F|94\/100 brn\n|-damage|p2a: Hippowdon|88\/100 brn|[from] Stealth Rock\n|move|p1a: Tornadus|Nasty Plot|p1a: Tornadus\n|-boost|p1a: Tornadus|spa|2\n|\n|-weather|Sandstorm|[upkeep]\n|-damage|p1a: Tornadus|43\/100|[from] Sandstorm\n|-heal|p2a: Hippowdon|94\/100 brn|[from] item: Leftovers\n|-damage|p2a: Hippowdon|88\/100 brn|[from] brn\n|upkeep\n|turn|52\n|inactive|ChandosH has 120 seconds left.\n|\n|t:|1666823472\n|move|p1a: Tornadus|Hurricane|p2a: Hippowdon\n|-damage|p2a: Hippowdon|9\/100 brn\n|move|p2a: Hippowdon|Toxic|p1a: Tornadus|[miss]\n|-miss|p2a: Hippowdon|p1a: Tornadus\n|\n|-weather|Sandstorm|[upkeep]\n|-damage|p1a: Tornadus|37\/100|[from] Sandstorm\n|-heal|p2a: Hippowdon|15\/100 brn|[from] item: Leftovers\n|-damage|p2a: Hippowdon|9\/100 brn|[from] brn\n|upkeep\n|turn|53\n|\n|t:|1666823481\n|move|p1a: Tornadus|Heat Wave|p2a: Hippowdon\n|-damage|p2a: Hippowdon|0 fnt\n|faint|p2a: Hippowdon\n|\n|-weather|none\n|upkeep\n|\n|t:|1666823486\n|switch|p2a: Tapu Koko|Tapu Koko|17\/100 brn\n|-fieldstart|move: Electric Terrain|[from] ability: Electric Surge|[of] p2a: Tapu Koko\n|turn|54\n|l| israviso07\n|\n|t:|1666823498\n|switch|p1a: Excadrill|Excadrill, F|100\/100\n|-damage|p1a: Excadrill|97\/100|[from] Stealth Rock\n|move|p2a: Tapu Koko|Roost|p2a: Tapu Koko\n|-heal|p2a: Tapu Koko|67\/100 brn\n|-singleturn|p2a: Tapu Koko|move: Roost\n|\n|-heal|p1a: Excadrill|100\/100|[from] item: Leftovers\n|-damage|p2a: Tapu Koko|61\/100 brn|[from] brn\n|upkeep\n|turn|55\n|j| charge Q\n|\n|t:|1666823505\n|switch|p2a: Skarmory|Skarmory, F|72\/100\n|-damage|p2a: Skarmory|59\/100|[from] Stealth Rock\n|move|p1a: Excadrill|Rock Slide|p2a: Skarmory\n|-damage|p2a: Skarmory|42\/100\n|\n|upkeep\n|turn|56\n|\n|t:|1666823515\n|switch|p1a: Tornadus|Tornadus-Therian, M|70\/100\n|move|p2a: Skarmory|Roost|p2a: Skarmory\n|-heal|p2a: Skarmory|92\/100\n|-singleturn|p2a: Skarmory|move: Roost\n|\n|upkeep\n|turn|57\n|\n|t:|1666823524\n|switch|p2a: Tapu Koko|Tapu Koko|61\/100 brn\n|move|p1a: Tornadus|Hurricane|p2a: Tapu Koko\n|-resisted|p2a: Tapu Koko\n|-damage|p2a: Tapu Koko|23\/100 brn\n|\n|-damage|p2a: Tapu Koko|17\/100 brn|[from] brn\n|upkeep\n|turn|58\n|\n|t:|1666823537\n|switch|p1a: Excadrill|Excadrill, F|100\/100\n|-damage|p1a: Excadrill|97\/100|[from] Stealth Rock\n|move|p2a: Tapu Koko|Roost|p2a: Tapu Koko\n|-heal|p2a: Tapu Koko|67\/100 brn\n|-singleturn|p2a: Tapu Koko|move: Roost\n|\n|-heal|p1a: Excadrill|100\/100|[from] item: Leftovers\n|-damage|p2a: Tapu Koko|61\/100 brn|[from] brn\n|-fieldend|move: Electric Terrain\n|upkeep\n|turn|59\n|\n|t:|1666823543\n|switch|p2a: Skarmory|Skarmory, F|92\/100\n|-damage|p2a: Skarmory|80\/100|[from] Stealth Rock\n|move|p1a: Excadrill|Rock Slide|p2a: Skarmory\n|-damage|p2a: Skarmory|63\/100\n|\n|upkeep\n|turn|60\n|\n|t:|1666823554\n|switch|p1a: Tornadus|Tornadus-Therian, M|100\/100\n|move|p2a: Skarmory|Spikes|p1a: Tornadus\n|-sidestart|p1: Bunch24|Spikes\n|\n|upkeep\n|turn|61\n|\n|t:|1666823561\n|switch|p2a: Tapu Koko|Tapu Koko|61\/100 brn\n|-fieldstart|move: Electric Terrain|[from] ability: Electric Surge|[of] p2a: Tapu Koko\n|move|p1a: Tornadus|Heat Wave|p2a: Tapu Koko\n|-damage|p2a: Tapu Koko|13\/100 brn\n|\n|-damage|p2a: Tapu Koko|7\/100 brn|[from] brn\n|upkeep\n|turn|62\n|\n|t:|1666823572\n|move|p2a: Tapu Koko|Thunderbolt|p1a: Tornadus\n|-supereffective|p1a: Tornadus\n|-damage|p1a: Tornadus|0 fnt\n|faint|p1a: Tornadus\n|\n|-damage|p2a: Tapu Koko|0 fnt|[from] brn\n|faint|p2a: Tapu Koko\n|upkeep\n|c|\u2606ChandosH|Nice\n|\n|t:|1666823591\n|switch|p2a: Clefable|Clefable, M|100\/100\n|switch|p1a: Corviknight|Corviknight, M|76\/100\n|-damage|p1a: Corviknight|64\/100|[from] Stealth Rock\n|-ability|p1a: Corviknight|Pressure\n|turn|63\n|\n|t:|1666823607\n|move|p2a: Clefable|Calm Mind|p2a: Clefable\n|-boost|p2a: Clefable|spa|1\n|-boost|p2a: Clefable|spd|1\n|move|p1a: Corviknight|Defog|p2a: Clefable\n|-unboost|p2a: Clefable|evasion|1\n|-sideend|p2: ChandosH|Stealth Rock|[from] move: Defog|[of] p1a: Corviknight\n|-sideend|p1: Bunch24|Spikes|[from] move: Defog|[of] p1a: Corviknight\n|-sideend|p1: Bunch24|Stealth Rock|[from] move: Defog|[of] p1a: Corviknight\n|-fieldend|move: Electric Terrain\n|\n|upkeep\n|turn|64\n|\n|t:|1666823615\n|switch|p1a: Tyranitar|Tyranitar, M|41\/100\n|-weather|Sandstorm|[from] ability: Sand Stream|[of] p1a: Tyranitar\n|move|p2a: Clefable|Flamethrower|p1a: Tyranitar\n|-resisted|p1a: Tyranitar\n|-crit|p1a: Tyranitar\n|-damage|p1a: Tyranitar|32\/100\n|\n|-weather|Sandstorm|[upkeep]\n|upkeep\n|turn|65\n|\n|t:|1666823620\n|move|p2a: Clefable|Moonblast|p1a: Tyranitar\n|-supereffective|p1a: Tyranitar\n|-damage|p1a: Tyranitar|0 fnt\n|faint|p1a: Tyranitar\n|\n|-weather|Sandstorm|[upkeep]\n|upkeep\n|\n|t:|1666823622\n|switch|p1a: Dugtrio|Dugtrio-Alola, M|74\/100\n|turn|66\n|\n|t:|1666823628\n|switch|p2a: Skarmory|Skarmory, F|63\/100\n|move|p1a: Dugtrio|Stone Edge|p2a: Skarmory|[miss]\n|-miss|p1a: Dugtrio|p2a: Skarmory\n|\n|-weather|Sandstorm|[upkeep]\n|upkeep\n|turn|67\n|\n|t:|1666823634\n|move|p1a: Dugtrio|Stone Edge|p2a: Skarmory|[miss]\n|-miss|p1a: Dugtrio|p2a: Skarmory\n|move|p2a: Skarmory|Roost|p2a: Skarmory\n|-heal|p2a: Skarmory|100\/100\n|-singleturn|p2a: Skarmory|move: Roost\n|\n|-weather|Sandstorm|[upkeep]\n|upkeep\n|turn|68\n|\n|t:|1666823642\n|switch|p1a: Dragapult|Dragapult, F|83\/100\n|move|p2a: Skarmory|Spikes|p1a: Dragapult\n|-sidestart|p1: Bunch24|Spikes\n|\n|-weather|none\n|upkeep\n|turn|69\n|\n|t:|1666823650\n|switch|p2a: Clefable|Clefable, M|100\/100\n|move|p1a: Dragapult|Hex|p2a: Clefable\n|-damage|p2a: Clefable|75\/100\n|\n|-heal|p2a: Clefable|81\/100|[from] item: Leftovers\n|upkeep\n|turn|70\n|\n|t:|1666823659\n|switch|p1a: Excadrill|Excadrill, F|100\/100\n|-damage|p1a: Excadrill|88\/100|[from] Spikes\n|move|p2a: Clefable|Flamethrower|p1a: Excadrill\n|-supereffective|p1a: Excadrill\n|-damage|p1a: Excadrill|36\/100\n|\n|-heal|p1a: Excadrill|42\/100|[from] item: Leftovers\n|-heal|p2a: Clefable|87\/100|[from] item: Leftovers\n|upkeep\n|turn|71\n|\n|t:|1666823671\n|switch|p1a: Dragapult|Dragapult, F|83\/100\n|-damage|p1a: Dragapult|70\/100|[from] Spikes\n|switch|p2a: Skarmory|Skarmory, F|100\/100\n|\n|upkeep\n|turn|72\n|\n|t:|1666823684\n|switch|p2a: Toxapex|Toxapex, M|60\/100 par\n|move|p1a: Dragapult|Will-O-Wisp||[still]\n|-fail|p1a: Dragapult\n|\n|upkeep\n|turn|73\n|\n|t:|1666823704\n|switch|p1a: Dugtrio|Dugtrio-Alola, M|74\/100\n|-damage|p1a: Dugtrio|62\/100|[from] Spikes\n|move|p2a: Toxapex|Knock Off|p1a: Dugtrio\n|-damage|p1a: Dugtrio|30\/100\n|-enditem|p1a: Dugtrio|Life Orb|[from] move: Knock Off|[of] p2a: Toxapex\n|\n|upkeep\n|turn|74\n|\n|t:|1666823715\n|switch|p1a: Corviknight|Corviknight, M|64\/100\n|-ability|p1a: Corviknight|Pressure\n|switch|p2a: Skarmory|Skarmory, F|100\/100\n|\n|upkeep\n|turn|75\n|\n|t:|1666823728\n|move|p2a: Skarmory|Body Press|p1a: Corviknight\n|-crit|p1a: Corviknight\n|-damage|p1a: Corviknight|36\/100\n|-damage|p2a: Skarmory|84\/100|[from] item: Rocky Helmet|[of] p1a: Corviknight\n|move|p1a: Corviknight|Defog|p2a: Skarmory\n|-unboost|p2a: Skarmory|evasion|1\n|-sideend|p1: Bunch24|Spikes|[from] move: Defog|[of] p1a: Corviknight\n|\n|upkeep\n|turn|76\n|\n|t:|1666823739\n|switch|p1a: Dragapult|Dragapult, F|70\/100\n|move|p2a: Skarmory|Spikes|p1a: Dragapult\n|-sidestart|p1: Bunch24|Spikes\n|\n|upkeep\n|turn|77\n|\n|t:|1666823748\n|switch|p2a: Clefable|Clefable, M|87\/100\n|move|p1a: Dragapult|Hex|p2a: Clefable\n|-damage|p2a: Clefable|61\/100\n|\n|-heal|p2a: Clefable|67\/100|[from] item: Leftovers\n|upkeep\n|turn|78\n|\n|t:|1666823756\n|move|p1a: Dragapult|Will-O-Wisp|p2a: Clefable\n|-status|p2a: Clefable|brn\n|move|p2a: Clefable|Soft-Boiled|p2a: Clefable\n|-heal|p2a: Clefable|100\/100 brn\n|\n|upkeep\n|turn|79\n|\n|t:|1666823766\n|switch|p1a: Dugtrio|Dugtrio-Alola, M|30\/100\n|-damage|p1a: Dugtrio|18\/100|[from] Spikes\n|move|p2a: Clefable|Calm Mind|p2a: Clefable\n|-boost|p2a: Clefable|spa|1\n|-boost|p2a: Clefable|spd|1\n|\n|upkeep\n|turn|80\n|\n|t:|1666823770\n|switch|p1a: Dragapult|Dragapult, F|70\/100\n|-damage|p1a: Dragapult|58\/100|[from] Spikes\n|switch|p2a: Skarmory|Skarmory, F|84\/100\n|\n|upkeep\n|turn|81\n|\n|t:|1666823778\n|switch|p2a: Toxapex|Toxapex, M|93\/100 par\n|move|p1a: Dragapult|Hex|p2a: Toxapex\n|-damage|p2a: Toxapex|46\/100 par\n|\n|upkeep\n|turn|82\n|\n|t:|1666823789\n|move|p1a: Dragapult|Hex|p2a: Toxapex\n|-damage|p2a: Toxapex|2\/100 par\n|move|p2a: Toxapex|Knock Off|p1a: Dragapult\n|-supereffective|p1a: Dragapult\n|-damage|p1a: Dragapult|21\/100\n|-enditem|p1a: Dragapult|Expert Belt|[from] move: Knock Off|[of] p2a: Toxapex\n|\n|upkeep\n|turn|83\n|\n|t:|1666823814\n|move|p1a: Dragapult|Hex|p2a: Toxapex\n|-damage|p2a: Toxapex|0 fnt\n|faint|p2a: Toxapex\n|\n|upkeep\n|inactive|ChandosH has 120 seconds left.\n|\n|t:|1666823826\n|switch|p2a: Clefable|Clefable, M|100\/100 brn\n|turn|84\n|j| Milkman2101\n|inactive|ChandosH has 120 seconds left.\n|\n|t:|1666823841\n|switch|p1a: Dugtrio|Dugtrio-Alola, M|18\/100\n|-damage|p1a: Dugtrio|6\/100|[from] Spikes\n|move|p2a: Clefable|Moonblast|p1a: Dugtrio\n|-resisted|p1a: Dugtrio\n|-damage|p1a: Dugtrio|0 fnt\n|faint|p1a: Dugtrio\n|\n|upkeep\n|\n|t:|1666823844\n|switch|p1a: Excadrill|Excadrill, F|42\/100\n|-damage|p1a: Excadrill|30\/100|[from] Spikes\n|turn|85\n|inactive|ChandosH has 120 seconds left.\n|\n|t:|1666823865\n|move|p1a: Excadrill|Iron Head|p2a: Clefable\n|-supereffective|p2a: Clefable\n|-damage|p2a: Clefable|24\/100 brn\n|move|p2a: Clefable|Flamethrower|p1a: Excadrill\n|-supereffective|p1a: Excadrill\n|-damage|p1a: Excadrill|0 fnt\n|faint|p1a: Excadrill\n|\n|-heal|p2a: Clefable|30\/100 brn|[from] item: Leftovers\n|upkeep\n|\n|t:|1666823871\n|switch|p1a: Dragapult|Dragapult, F|21\/100\n|-damage|p1a: Dragapult|8\/100|[from] Spikes\n|turn|86\n|inactive|ChandosH has 120 seconds left.\n|l| Milkman2101\n|\n|t:|1666823884\n|move|p1a: Dragapult|Hex|p2a: Clefable\n|-damage|p2a: Clefable|0 fnt\n|faint|p2a: Clefable\n|\n|upkeep\n|\n|t:|1666823887\n|switch|p2a: Reuniclus|Reuniclus, F|100\/100\n|turn|87\n|\n|t:|1666823896\n|move|p1a: Dragapult|Hex|p2a: Reuniclus\n|-supereffective|p2a: Reuniclus\n|-damage|p2a: Reuniclus|45\/100\n|move|p2a: Reuniclus|Psyshock|p1a: Dragapult\n|-damage|p1a: Dragapult|0 fnt\n|faint|p1a: Dragapult\n|\n|-heal|p2a: Reuniclus|51\/100|[from] item: Leftovers\n|upkeep\n|\n|t:|1666823898\n|switch|p1a: Corviknight|Corviknight, M|36\/100\n|-ability|p1a: Corviknight|Pressure\n|turn|88\n|\n|t:|1666823902\n|move|p1a: Corviknight|U-turn|p2a: Reuniclus\n|-supereffective|p2a: Reuniclus\n|-damage|p2a: Reuniclus|32\/100\n|move|p2a: Reuniclus|Recover|p2a: Reuniclus\n|-heal|p2a: Reuniclus|82\/100\n|\n|-heal|p2a: Reuniclus|88\/100|[from] item: Leftovers\n|upkeep\n|turn|89\n|\n|t:|1666823909\n|move|p1a: Corviknight|Roost|p1a: Corviknight\n|-heal|p1a: Corviknight|86\/100\n|-singleturn|p1a: Corviknight|move: Roost\n|move|p2a: Reuniclus|Calm Mind|p2a: Reuniclus\n|-boost|p2a: Reuniclus|spa|1\n|-boost|p2a: Reuniclus|spd|1\n|\n|-heal|p2a: Reuniclus|94\/100|[from] item: Leftovers\n|upkeep\n|turn|90\n|\n|t:|1666823913\n|move|p1a: Corviknight|U-turn|p2a: Reuniclus\n|-supereffective|p2a: Reuniclus\n|-damage|p2a: Reuniclus|72\/100\n|move|p2a: Reuniclus|Thunder|p1a: Corviknight\n|-supereffective|p1a: Corviknight\n|-damage|p1a: Corviknight|0 fnt\n|faint|p1a: Corviknight\n|\n|win|ChandosH\n|raw|Bunch24's rating: 1772 &rarr; <strong>1752<\/strong><br \/>(-20 for losing)\n|raw|ChandosH's rating: 1772 &rarr; <strong>1792<\/strong><br \/>(+20 for winning)\n|c|\u2606ChandosH|Gg\n|c|\u2606Bunch24|Gg\n|l| sack2005\n||Ladder isn't responding, score probably updated but might not have (Request timeout).\n","uploadtime":1666823925,"views":20,"p1id":"bunch24","p2id":"chandosh","formatid":"gen8ou","rating":1752,"private":0,"password":null}