{"id":"gen8ou-1614897101","p1":"CloudNineee","p2":"Steve Omelette","format":"gen8ou","log":"|j|\u203dCloudNineee\n|j|\u2606Steve Omelette\n|t:|1657538690\n|gametype|singles\n|player|p1|CloudNineee|101|1854\n|player|p2|Steve Omelette|102|1823\n|teamsize|p1|6\n|teamsize|p2|6\n|gen|8\n|tier|[Gen 8] OU\n|rated|\n|rule|Sleep Clause Mod: Limit one foe put to sleep\n|rule|Species Clause: Limit one of each Pok\u00e9mon\n|rule|OHKO Clause: OHKO moves are banned\n|rule|Evasion Moves Clause: Evasion moves are banned\n|rule|Endless Battle Clause: Forcing endless battles is banned\n|rule|HP Percentage Mod: HP is shown in percentages\n|rule|Dynamax Clause: You cannot dynamax\n|clearpoke\n|poke|p1|Gastrodon, M|\n|poke|p1|Corviknight, M|\n|poke|p1|Toxapex, M|\n|poke|p1|Zapdos|\n|poke|p1|Blissey, F|\n|poke|p1|Clefable, M|\n|poke|p2|Tapu Koko|\n|poke|p2|Landorus-Therian, M|\n|poke|p2|Dragonite, M|\n|poke|p2|Ferrothorn, F|\n|poke|p2|Clefable, M|\n|poke|p2|Urshifu-*, M|\n|teampreview\n|inactive|Battle timer is ON: inactive players will automatically lose when time's up. (requested by CloudNineee)\n|\n|t:|1657538714\n|start\n|switch|p1a: Toxapex|Toxapex, M|100\/100\n|switch|p2a: Tapu Koko|Tapu Koko|100\/100\n|-fieldstart|move: Electric Terrain|[from] ability: Electric Surge|[of] p2a: Tapu Koko\n|turn|1\n|j| lakob\n|\n|t:|1657538721\n|switch|p1a: Gastrodon|Gastrodon, M|100\/100\n|move|p2a: Tapu Koko|Volt Switch|p1a: Gastrodon\n|-immune|p1a: Gastrodon\n|\n|upkeep\n|turn|2\n|\n|t:|1657538724\n|switch|p2a: Clefable|Clefable, M|100\/100\n|move|p1a: Gastrodon|Scald|p2a: Clefable\n|-damage|p2a: Clefable|75\/100\n|\n|-heal|p2a: Clefable|81\/100|[from] item: Leftovers\n|upkeep\n|turn|3\n|\n|t:|1657538729\n|switch|p2a: Ferrothorn|Ferrothorn, F|100\/100\n|switch|p1a: Toxapex|Toxapex, M|100\/100\n|\n|upkeep\n|turn|4\n|\n|t:|1657538733\n|switch|p2a: Clefable|Clefable, M|81\/100\n|move|p1a: Toxapex|Knock Off|p2a: Clefable\n|-resisted|p2a: Clefable\n|-damage|p2a: Clefable|76\/100\n|-enditem|p2a: Clefable|Leftovers|[from] move: Knock Off|[of] p1a: Toxapex\n|\n|upkeep\n|turn|5\n|\n|t:|1657538736\n|move|p2a: Clefable|Soft-Boiled|p2a: Clefable\n|-heal|p2a: Clefable|100\/100\n|move|p1a: Toxapex|Toxic Spikes|p2a: Clefable\n|-sidestart|p2: Steve Omelette|move: Toxic Spikes\n|\n|-fieldend|move: Electric Terrain\n|upkeep\n|turn|6\n|\n|t:|1657538739\n|move|p2a: Clefable|Thunder Wave|p1a: Toxapex\n|-status|p1a: Toxapex|par\n|move|p1a: Toxapex|Toxic Spikes|p2a: Clefable\n|-sidestart|p2: Steve Omelette|move: Toxic Spikes\n|\n|upkeep\n|turn|7\n|\n|t:|1657538744\n|move|p2a: Clefable|Calm Mind|p2a: Clefable\n|-boost|p2a: Clefable|spa|1\n|-boost|p2a: Clefable|spd|1\n|move|p1a: Toxapex|Knock Off|p2a: Clefable\n|-resisted|p2a: Clefable\n|-damage|p2a: Clefable|97\/100\n|\n|upkeep\n|turn|8\n|\n|t:|1657538749\n|switch|p1a: Blissey|Blissey, F|100\/100\n|move|p2a: Clefable|Calm Mind|p2a: Clefable\n|-boost|p2a: Clefable|spa|1\n|-boost|p2a: Clefable|spd|1\n|\n|upkeep\n|turn|9\n|\n|t:|1657538752\n|switch|p2a: Ferrothorn|Ferrothorn, F|100\/100\n|move|p1a: Blissey|Stealth Rock|p2a: Ferrothorn\n|-sidestart|p2: Steve Omelette|move: Stealth Rock\n|\n|upkeep\n|turn|10\n|\n|t:|1657538754\n|switch|p1a: Toxapex|Toxapex, M|100\/100 par\n|move|p2a: Ferrothorn|Spikes|p1a: Toxapex\n|-sidestart|p1: CloudNineee|Spikes\n|\n|upkeep\n|turn|11\n|\n|t:|1657538757\n|switch|p2a: Clefable|Clefable, M|97\/100\n|-status|p2a: Clefable|tox\n|cant|p1a: Toxapex|par\n|\n|upkeep\n|turn|12\n|\n|t:|1657538759\n|move|p2a: Clefable|Calm Mind|p2a: Clefable\n|-boost|p2a: Clefable|spa|1\n|-boost|p2a: Clefable|spd|1\n|cant|p1a: Toxapex|par\n|\n|upkeep\n|turn|13\n|\n|t:|1657538761\n|move|p2a: Clefable|Calm Mind|p2a: Clefable\n|-boost|p2a: Clefable|spa|1\n|-boost|p2a: Clefable|spd|1\n|move|p1a: Toxapex|Toxic Spikes||[still]\n|-fail|p1a: Toxapex\n|\n|upkeep\n|turn|14\n|\n|t:|1657538764\n|move|p2a: Clefable|Calm Mind|p2a: Clefable\n|-boost|p2a: Clefable|spa|1\n|-boost|p2a: Clefable|spd|1\n|move|p1a: Toxapex|Knock Off|p2a: Clefable\n|-resisted|p2a: Clefable\n|-damage|p2a: Clefable|93\/100 tox\n|\n|upkeep\n|turn|15\n|\n|t:|1657538772\n|switch|p1a: Blissey|Blissey, F|100\/100\n|-damage|p1a: Blissey|88\/100|[from] Spikes\n|move|p2a: Clefable|Moonblast|p1a: Blissey\n|-damage|p1a: Blissey|59\/100\n|\n|-heal|p1a: Blissey|65\/100|[from] item: Leftovers\n|upkeep\n|turn|16\n|\n|t:|1657538777\n|switch|p2a: Landorus|Landorus-Therian, M|100\/100\n|-damage|p2a: Landorus|88\/100|[from] Stealth Rock\n|-ability|p2a: Landorus|Intimidate|boost\n|-unboost|p1a: Blissey|atk|1\n|move|p1a: Blissey|Soft-Boiled|p1a: Blissey\n|-heal|p1a: Blissey|100\/100\n|\n|-heal|p2a: Landorus|94\/100|[from] item: Leftovers\n|upkeep\n|turn|17\n|\n|t:|1657538782\n|move|p2a: Landorus|Knock Off|p1a: Blissey\n|-damage|p1a: Blissey|74\/100\n|-enditem|p1a: Blissey|Leftovers|[from] move: Knock Off|[of] p2a: Landorus\n|move|p1a: Blissey|Toxic|p2a: Landorus\n|-status|p2a: Landorus|tox\n|\n|-heal|p2a: Landorus|100\/100 tox|[from] item: Leftovers\n|-damage|p2a: Landorus|94\/100 tox|[from] psn\n|upkeep\n|turn|18\n|j| tapu moxo\n|\n|t:|1657538787\n|move|p2a: Landorus|U-turn|p1a: Blissey\n|-damage|p1a: Blissey|54\/100\n|\n|t:|1657538790\n|switch|p2a: Ferrothorn|Ferrothorn, F|100\/100|[from]move: U-turn\n|-damage|p2a: Ferrothorn|94\/100|[from] Stealth Rock\n|move|p1a: Blissey|Soft-Boiled|p1a: Blissey\n|-heal|p1a: Blissey|100\/100\n|\n|-heal|p2a: Ferrothorn|100\/100|[from] item: Leftovers\n|upkeep\n|turn|19\n|\n|t:|1657538794\n|switch|p1a: Toxapex|Toxapex, M|100\/100 par\n|-damage|p1a: Toxapex|88\/100 par|[from] Spikes\n|move|p2a: Ferrothorn|Leech Seed|p1a: Toxapex\n|-start|p1a: Toxapex|move: Leech Seed\n|\n|-damage|p1a: Toxapex|75\/100 par|[from] Leech Seed|[of] p2a: Ferrothorn\n|upkeep\n|turn|20\n|\n|t:|1657538797\n|switch|p2a: Clefable|Clefable, M|93\/100 tox\n|switch|p1a: Zapdos|Zapdos|100\/100\n|\n|upkeep\n|turn|21\n|\n|t:|1657538800\n|move|p1a: Zapdos|Thunderbolt|p2a: Clefable\n|-damage|p2a: Clefable|57\/100 tox\n|move|p2a: Clefable|Calm Mind|p2a: Clefable\n|-boost|p2a: Clefable|spa|1\n|-boost|p2a: Clefable|spd|1\n|\n|upkeep\n|turn|22\n|\n|t:|1657538804\n|move|p1a: Zapdos|Thunderbolt|p2a: Clefable\n|-damage|p2a: Clefable|33\/100 tox\n|move|p2a: Clefable|Soft-Boiled|p2a: Clefable\n|-heal|p2a: Clefable|83\/100 tox\n|\n|upkeep\n|turn|23\n|\n|t:|1657538807\n|switch|p1a: Toxapex|Toxapex, M|100\/100 par\n|-damage|p1a: Toxapex|88\/100 par|[from] Spikes\n|move|p2a: Clefable|Calm Mind|p2a: Clefable\n|-boost|p2a: Clefable|spa|1\n|-boost|p2a: Clefable|spd|1\n|\n|upkeep\n|turn|24\n|\n|t:|1657538810\n|switch|p1a: Blissey|Blissey, F|100\/100\n|-damage|p1a: Blissey|88\/100|[from] Spikes\n|move|p2a: Clefable|Calm Mind|p2a: Clefable\n|-boost|p2a: Clefable|spa|1\n|-boost|p2a: Clefable|spd|1\n|\n|upkeep\n|turn|25\n|\n|t:|1657538812\n|move|p2a: Clefable|Calm Mind|p2a: Clefable\n|-boost|p2a: Clefable|spa|1\n|-boost|p2a: Clefable|spd|1\n|move|p1a: Blissey|Seismic Toss|p2a: Clefable\n|-damage|p2a: Clefable|58\/100 tox\n|\n|upkeep\n|turn|26\n|\n|t:|1657538814\n|move|p2a: Clefable|Moonblast|p1a: Blissey\n|-damage|p1a: Blissey|56\/100\n|-unboost|p1a: Blissey|spa|1\n|move|p1a: Blissey|Seismic Toss|p2a: Clefable\n|-damage|p2a: Clefable|32\/100 tox\n|\n|upkeep\n|turn|27\n|\n|t:|1657538817\n|move|p2a: Clefable|Soft-Boiled|p2a: Clefable\n|-heal|p2a: Clefable|82\/100 tox\n|move|p1a: Blissey|Soft-Boiled|p1a: Blissey\n|-heal|p1a: Blissey|100\/100\n|\n|upkeep\n|turn|28\n|\n|t:|1657538820\n|switch|p1a: Toxapex|Toxapex, M|100\/100 par\n|-damage|p1a: Toxapex|88\/100 par|[from] Spikes\n|move|p2a: Clefable|Moonblast|p1a: Toxapex\n|-resisted|p1a: Toxapex\n|-damage|p1a: Toxapex|46\/100 par\n|\n|upkeep\n|turn|29\n|\n|t:|1657538824\n|switch|p1a: Clefable|Clefable, M|100\/100\n|-damage|p1a: Clefable|88\/100|[from] Spikes\n|move|p2a: Clefable|Moonblast|p1a: Clefable\n|-crit|p1a: Clefable\n|-damage|p1a: Clefable|44\/100\n|-unboost|p1a: Clefable|spa|1\n|\n|-heal|p1a: Clefable|50\/100|[from] item: Leftovers\n|upkeep\n|turn|30\n|\n|t:|1657538828\n|move|p2a: Clefable|Thunder Wave|p1a: Clefable\n|-status|p1a: Clefable|par\n|move|p1a: Clefable|Soft-Boiled|p1a: Clefable\n|-heal|p1a: Clefable|100\/100 par\n|\n|upkeep\n|turn|31\n|\n|t:|1657538830\n|move|p2a: Clefable|Moonblast|p1a: Clefable\n|-damage|p1a: Clefable|72\/100 par\n|-unboost|p1a: Clefable|spa|1\n|cant|p1a: Clefable|par\n|\n|-heal|p1a: Clefable|78\/100 par|[from] item: Leftovers\n|upkeep\n|turn|32\n|\n|t:|1657538834\n|move|p2a: Clefable|Moonblast|p1a: Clefable\n|-damage|p1a: Clefable|51\/100 par\n|-unboost|p1a: Clefable|spa|1\n|move|p1a: Clefable|Soft-Boiled|p1a: Clefable\n|-heal|p1a: Clefable|100\/100 par\n|\n|upkeep\n|turn|33\n|\n|t:|1657538839\n|switch|p2a: Ferrothorn|Ferrothorn, F|100\/100\n|-damage|p2a: Ferrothorn|94\/100|[from] Stealth Rock\n|move|p1a: Clefable|Calm Mind|p1a: Clefable\n|-boost|p1a: Clefable|spa|1\n|-boost|p1a: Clefable|spd|1\n|\n|-heal|p2a: Ferrothorn|100\/100|[from] item: Leftovers\n|upkeep\n|turn|34\n|\n|t:|1657538843\n|switch|p1a: Zapdos|Zapdos|100\/100\n|move|p2a: Ferrothorn|Spikes|p1a: Zapdos\n|-sidestart|p1: CloudNineee|Spikes\n|\n|upkeep\n|turn|35\n|\n|t:|1657538846\n|switch|p2a: Tapu Koko|Tapu Koko|100\/100\n|-fieldstart|move: Electric Terrain|[from] ability: Electric Surge|[of] p2a: Tapu Koko\n|move|p1a: Zapdos|Defog|p2a: Tapu Koko\n|-unboost|p2a: Tapu Koko|evasion|1\n|-sideend|p2: Steve Omelette|Toxic Spikes|[from] move: Defog|[of] p1a: Zapdos\n|-sideend|p2: Steve Omelette|Stealth Rock|[from] move: Defog|[of] p1a: Zapdos\n|-sideend|p1: CloudNineee|Spikes|[from] move: Defog|[of] p1a: Zapdos\n|-fieldend|move: Electric Terrain\n|\n|upkeep\n|turn|36\n|\n|t:|1657538855\n|switch|p1a: Gastrodon|Gastrodon, M|100\/100\n|move|p2a: Tapu Koko|Nature's Madness|p1a: Gastrodon\n|-damage|p1a: Gastrodon|50\/100\n|\n|-heal|p1a: Gastrodon|57\/100|[from] item: Leftovers\n|upkeep\n|turn|37\n|\n|t:|1657538860\n|switch|p2a: Ferrothorn|Ferrothorn, F|100\/100\n|move|p1a: Gastrodon|Scald|p2a: Ferrothorn\n|-resisted|p2a: Ferrothorn\n|-damage|p2a: Ferrothorn|91\/100\n|-status|p2a: Ferrothorn|brn\n|\n|-heal|p1a: Gastrodon|63\/100|[from] item: Leftovers\n|-heal|p2a: Ferrothorn|97\/100 brn|[from] item: Leftovers\n|-damage|p2a: Ferrothorn|91\/100 brn|[from] brn\n|upkeep\n|turn|38\n|\n|t:|1657538865\n|switch|p1a: Zapdos|Zapdos|100\/100\n|move|p2a: Ferrothorn|Spikes|p1a: Zapdos\n|-sidestart|p1: CloudNineee|Spikes\n|\n|-heal|p2a: Ferrothorn|97\/100 brn|[from] item: Leftovers\n|-damage|p2a: Ferrothorn|91\/100 brn|[from] brn\n|upkeep\n|turn|39\n|\n|t:|1657538868\n|switch|p2a: Tapu Koko|Tapu Koko|100\/100\n|-fieldstart|move: Electric Terrain|[from] ability: Electric Surge|[of] p2a: Tapu Koko\n|move|p1a: Zapdos|Defog|p2a: Tapu Koko\n|-unboost|p2a: Tapu Koko|evasion|1\n|-sideend|p1: CloudNineee|Spikes|[from] move: Defog|[of] p1a: Zapdos\n|-fieldend|move: Electric Terrain\n|\n|upkeep\n|turn|40\n|\n|t:|1657538872\n|switch|p1a: Gastrodon|Gastrodon, M|63\/100\n|move|p2a: Tapu Koko|Nature's Madness|p1a: Gastrodon\n|-damage|p1a: Gastrodon|32\/100\n|\n|-heal|p1a: Gastrodon|38\/100|[from] item: Leftovers\n|upkeep\n|turn|41\n|\n|t:|1657538877\n|switch|p2a: Dragonite|Dragonite, M|100\/100\n|move|p1a: Gastrodon|Recover|p1a: Gastrodon\n|-heal|p1a: Gastrodon|88\/100\n|\n|-heal|p1a: Gastrodon|94\/100|[from] item: Leftovers\n|upkeep\n|turn|42\n|\n|t:|1657538882\n|switch|p1a: Toxapex|Toxapex, M|79\/100 par\n|move|p2a: Dragonite|Heal Bell|p2a: Dragonite\n|-activate|p2a: Dragonite|move: Heal Bell\n|-curestatus|p2: Clefable|tox|[msg]\n|-curestatus|p2: Landorus|tox|[msg]\n|-curestatus|p2: Ferrothorn|brn|[msg]\n|\n|upkeep\n|turn|43\n|\n|t:|1657538890\n|switch|p2a: Clefable|Clefable, M|82\/100\n|cant|p1a: Toxapex|par\n|\n|upkeep\n|turn|44\n|\n|t:|1657538897\n|switch|p1a: Gastrodon|Gastrodon, M|94\/100\n|move|p2a: Clefable|Calm Mind|p2a: Clefable\n|-boost|p2a: Clefable|spa|1\n|-boost|p2a: Clefable|spd|1\n|\n|-heal|p1a: Gastrodon|99\/100|[from] item: Leftovers\n|upkeep\n|turn|45\n|\n|t:|1657538900\n|switch|p2a: Ferrothorn|Ferrothorn, F|91\/100\n|switch|p1a: Toxapex|Toxapex, M|100\/100 par\n|\n|-heal|p2a: Ferrothorn|97\/100|[from] item: Leftovers\n|upkeep\n|turn|46\n|\n|t:|1657538903\n|switch|p2a: Clefable|Clefable, M|82\/100\n|move|p1a: Toxapex|Knock Off|p2a: Clefable\n|-resisted|p2a: Clefable\n|-damage|p2a: Clefable|78\/100\n|\n|upkeep\n|turn|47\n|\n|t:|1657538907\n|move|p2a: Clefable|Calm Mind|p2a: Clefable\n|-boost|p2a: Clefable|spa|1\n|-boost|p2a: Clefable|spd|1\n|move|p1a: Toxapex|Toxic Spikes|p2a: Clefable\n|-sidestart|p2: Steve Omelette|move: Toxic Spikes\n|\n|upkeep\n|turn|48\n|\n|t:|1657538910\n|switch|p1a: Gastrodon|Gastrodon, M|99\/100\n|move|p2a: Clefable|Calm Mind|p2a: Clefable\n|-boost|p2a: Clefable|spa|1\n|-boost|p2a: Clefable|spd|1\n|\n|-heal|p1a: Gastrodon|100\/100|[from] item: Leftovers\n|upkeep\n|turn|49\n|\n|t:|1657538912\n|switch|p1a: Toxapex|Toxapex, M|100\/100 par\n|move|p2a: Clefable|Moonblast|p1a: Toxapex\n|-resisted|p1a: Toxapex\n|-damage|p1a: Toxapex|74\/100 par\n|-unboost|p1a: Toxapex|spa|1\n|\n|upkeep\n|turn|50\n|\n|t:|1657538915\n|switch|p1a: Gastrodon|Gastrodon, M|100\/100\n|move|p2a: Clefable|Calm Mind|p2a: Clefable\n|-boost|p2a: Clefable|spa|1\n|-boost|p2a: Clefable|spd|1\n|\n|upkeep\n|turn|51\n|\n|t:|1657538917\n|switch|p1a: Toxapex|Toxapex, M|100\/100 par\n|move|p2a: Clefable|Moonblast|p1a: Toxapex\n|-resisted|p1a: Toxapex\n|-damage|p1a: Toxapex|68\/100 par\n|-unboost|p1a: Toxapex|spa|1\n|\n|upkeep\n|turn|52\n|\n|t:|1657538920\n|switch|p1a: Gastrodon|Gastrodon, M|100\/100\n|move|p2a: Clefable|Calm Mind|p2a: Clefable\n|-boost|p2a: Clefable|spa|1\n|-boost|p2a: Clefable|spd|1\n|\n|upkeep\n|turn|53\n|\n|t:|1657538922\n|move|p1a: Gastrodon|Protect|p1a: Gastrodon\n|-singleturn|p1a: Gastrodon|Protect\n|move|p2a: Clefable|Moonblast|p1a: Gastrodon\n|-activate|p1a: Gastrodon|move: Protect\n|\n|upkeep\n|turn|54\n|\n|t:|1657538925\n|switch|p1a: Toxapex|Toxapex, M|100\/100 par\n|move|p2a: Clefable|Moonblast|p1a: Toxapex\n|-resisted|p1a: Toxapex\n|-damage|p1a: Toxapex|63\/100 par\n|\n|upkeep\n|turn|55\n|\n|t:|1657538929\n|move|p2a: Clefable|Moonblast|p1a: Toxapex\n|-resisted|p1a: Toxapex\n|-damage|p1a: Toxapex|25\/100 par\n|move|p1a: Toxapex|Recover|p1a: Toxapex\n|-heal|p1a: Toxapex|75\/100 par\n|\n|upkeep\n|turn|56\n|\n|t:|1657538934\n|move|p2a: Clefable|Calm Mind|p2a: Clefable\n|-boost|p2a: Clefable|spa|1\n|-boost|p2a: Clefable|spd|1\n|move|p1a: Toxapex|Recover|p1a: Toxapex\n|-heal|p1a: Toxapex|100\/100 par\n|\n|upkeep\n|turn|57\n|\n|t:|1657538937\n|switch|p1a: Corviknight|Corviknight, M|100\/100\n|-ability|p1a: Corviknight|Pressure\n|move|p2a: Clefable|Moonblast|p1a: Corviknight\n|-resisted|p1a: Corviknight\n|-damage|p1a: Corviknight|54\/100\n|\n|-heal|p1a: Corviknight|60\/100|[from] item: Leftovers\n|upkeep\n|turn|58\n|\n|t:|1657538947\n|move|p1a: Corviknight|Roost|p1a: Corviknight\n|-heal|p1a: Corviknight|100\/100\n|-singleturn|p1a: Corviknight|move: Roost\n|move|p2a: Clefable|Thunder Wave|p1a: Corviknight\n|-status|p1a: Corviknight|par\n|\n|upkeep\n|turn|59\n|\n|t:|1657538950\n|move|p2a: Clefable|Calm Mind|p2a: Clefable\n|-boost|p2a: Clefable|spa|1\n|-boost|p2a: Clefable|spd|1\n|cant|p1a: Corviknight|par\n|\n|upkeep\n|turn|60\n|\n|t:|1657538953\n|move|p2a: Clefable|Moonblast|p1a: Corviknight\n|-resisted|p1a: Corviknight\n|-damage|p1a: Corviknight|49\/100 par\n|move|p1a: Corviknight|Roost|p1a: Corviknight\n|-heal|p1a: Corviknight|99\/100 par\n|-singleturn|p1a: Corviknight|move: Roost\n|\n|-heal|p1a: Corviknight|100\/100 par|[from] item: Leftovers\n|upkeep\n|turn|61\n|\n|t:|1657538957\n|switch|p1a: Toxapex|Toxapex, M|100\/100 par\n|move|p2a: Clefable|Moonblast|p1a: Toxapex\n|-resisted|p1a: Toxapex\n|-damage|p1a: Toxapex|46\/100 par\n|-unboost|p1a: Toxapex|spa|1\n|\n|upkeep\n|turn|62\n|\n|t:|1657538962\n|switch|p1a: Clefable|Clefable, M|100\/100 par\n|move|p2a: Clefable|Moonblast|p1a: Clefable\n|-damage|p1a: Clefable|73\/100 par\n|\n|-heal|p1a: Clefable|79\/100 par|[from] item: Leftovers\n|upkeep\n|turn|63\n|\n|t:|1657538966\n|switch|p2a: Landorus|Landorus-Therian, M|94\/100\n|-ability|p2a: Landorus|Intimidate|boost\n|-unboost|p1a: Clefable|atk|1\n|cant|p1a: Clefable|par\n|\n|-heal|p2a: Landorus|100\/100|[from] item: Leftovers\n|-heal|p1a: Clefable|85\/100 par|[from] item: Leftovers\n|upkeep\n|turn|64\n|\n|t:|1657538973\n|switch|p1a: Corviknight|Corviknight, M|100\/100 par\n|-ability|p1a: Corviknight|Pressure\n|move|p2a: Landorus|Knock Off|p1a: Corviknight\n|-damage|p1a: Corviknight|81\/100 par\n|-enditem|p1a: Corviknight|Leftovers|[from] move: Knock Off|[of] p2a: Landorus\n|\n|upkeep\n|turn|65\n|\n|t:|1657538978\n|move|p2a: Landorus|Stealth Rock|p1a: Corviknight\n|-sidestart|p1: CloudNineee|move: Stealth Rock\n|move|p1a: Corviknight|Iron Defense|p1a: Corviknight\n|-boost|p1a: Corviknight|def|2\n|\n|upkeep\n|turn|66\n|\n|t:|1657538982\n|switch|p2a: Tapu Koko|Tapu Koko|100\/100\n|-fieldstart|move: Electric Terrain|[from] ability: Electric Surge|[of] p2a: Tapu Koko\n|cant|p1a: Corviknight|par\n|\n|upkeep\n|turn|67\n|\n|t:|1657538985\n|switch|p1a: Gastrodon|Gastrodon, M|100\/100\n|-damage|p1a: Gastrodon|94\/100|[from] Stealth Rock\n|move|p2a: Tapu Koko|Nature's Madness|p1a: Gastrodon\n|-damage|p1a: Gastrodon|47\/100\n|\n|-heal|p1a: Gastrodon|54\/100|[from] item: Leftovers\n|upkeep\n|turn|68\n|\n|t:|1657538990\n|switch|p2a: Ferrothorn|Ferrothorn, F|97\/100\n|move|p1a: Gastrodon|Scald|p2a: Ferrothorn\n|-resisted|p2a: Ferrothorn\n|-damage|p2a: Ferrothorn|87\/100\n|-status|p2a: Ferrothorn|brn\n|\n|-heal|p1a: Gastrodon|60\/100|[from] item: Leftovers\n|-heal|p2a: Ferrothorn|93\/100 brn|[from] item: Leftovers\n|-damage|p2a: Ferrothorn|87\/100 brn|[from] brn\n|upkeep\n|turn|69\n|\n|t:|1657538997\n|switch|p1a: Zapdos|Zapdos|100\/100\n|move|p2a: Ferrothorn|Leech Seed|p1a: Zapdos\n|-start|p1a: Zapdos|move: Leech Seed\n|\n|-heal|p2a: Ferrothorn|93\/100 brn|[from] item: Leftovers\n|-damage|p1a: Zapdos|88\/100|[from] Leech Seed|[of] p2a: Ferrothorn\n|-heal|p2a: Ferrothorn|100\/100 brn|[silent]\n|-damage|p2a: Ferrothorn|94\/100 brn|[from] brn\n|upkeep\n|turn|70\n|\n|t:|1657539000\n|switch|p1a: Toxapex|Toxapex, M|79\/100 par\n|-damage|p1a: Toxapex|66\/100 par|[from] Stealth Rock\n|move|p2a: Ferrothorn|Spikes|p1a: Toxapex\n|-sidestart|p1: CloudNineee|Spikes\n|\n|-heal|p2a: Ferrothorn|100\/100 brn|[from] item: Leftovers\n|-damage|p2a: Ferrothorn|94\/100 brn|[from] brn\n|-fieldend|move: Electric Terrain\n|upkeep\n|turn|71\n|\n|t:|1657539011\n|switch|p2a: Tapu Koko|Tapu Koko|100\/100\n|-fieldstart|move: Electric Terrain|[from] ability: Electric Surge|[of] p2a: Tapu Koko\n|move|p1a: Toxapex|Knock Off|p2a: Tapu Koko\n|-resisted|p2a: Tapu Koko\n|-crit|p2a: Tapu Koko\n|-damage|p2a: Tapu Koko|86\/100\n|-enditem|p2a: Tapu Koko|Heavy-Duty Boots|[from] move: Knock Off|[of] p1a: Toxapex\n|\n|upkeep\n|turn|72\n|\n|t:|1657539017\n|switch|p1a: Blissey|Blissey, F|100\/100\n|-damage|p1a: Blissey|88\/100|[from] Stealth Rock\n|-damage|p1a: Blissey|76\/100|[from] Spikes\n|move|p2a: Tapu Koko|Dazzling Gleam|p1a: Blissey\n|-damage|p1a: Blissey|63\/100\n|\n|upkeep\n|turn|73\n|\n|t:|1657539020\n|move|p2a: Tapu Koko|Volt Switch|p1a: Blissey\n|-crit|p1a: Blissey\n|-damage|p1a: Blissey|42\/100\n|\n|t:|1657539023\n|switch|p2a: Landorus|Landorus-Therian, M|100\/100|[from]move: Volt Switch\n|-ability|p2a: Landorus|Intimidate|boost\n|-unboost|p1a: Blissey|atk|1\n|move|p1a: Blissey|Toxic|p2a: Landorus\n|-status|p2a: Landorus|tox\n|\n|-damage|p2a: Landorus|94\/100 tox|[from] psn\n|upkeep\n|turn|74\n|\n|t:|1657539028\n|switch|p1a: Zapdos|Zapdos|88\/100\n|move|p2a: Landorus|U-turn|p1a: Zapdos\n|-resisted|p1a: Zapdos\n|-damage|p1a: Zapdos|80\/100\n|\n|t:|1657539033\n|switch|p2a: Clefable|Clefable, M|78\/100|[from]move: U-turn\n|-status|p2a: Clefable|psn\n|\n|upkeep\n|turn|75\n|\n|t:|1657539036\n|move|p1a: Zapdos|Defog|p2a: Clefable\n|-unboost|p2a: Clefable|evasion|1\n|-sideend|p2: Steve Omelette|Toxic Spikes|[from] move: Defog|[of] p1a: Zapdos\n|-sideend|p1: CloudNineee|Spikes|[from] move: Defog|[of] p1a: Zapdos\n|-sideend|p1: CloudNineee|Stealth Rock|[from] move: Defog|[of] p1a: Zapdos\n|-fieldend|move: Electric Terrain\n|move|p2a: Clefable|Moonblast|p1a: Zapdos\n|-damage|p1a: Zapdos|51\/100\n|\n|upkeep\n|turn|76\n|j| Arnaud senju vgc\n|-message|Steve Omelette forfeited.\n|\n|win|CloudNineee\n|raw|CloudNineee's rating: 1854 &rarr; <strong>1872<\/strong><br \/>(+18 for winning)\n|raw|Steve Omelette's rating: 1823 &rarr; <strong>1805<\/strong><br \/>(-18 for losing)\n|l|\u2606Steve Omelette\n||Ladder isn't responding, score probably updated but might not have (Request timeout).\n|l|\u203dCloudNineee\n|l| tapu moxo\n","uploadtime":1657539629,"views":84,"p1id":"cloudnineee","p2id":"steveomelette","formatid":"gen8ou","rating":1805,"private":0,"password":null}