{"id":"gen8ou-1376162010","p1":"Lenape","p2":"LT82ZW Dasmer","format":"gen8ou","log":"|raw|<div class=\"broadcast-blue\"><strong>This battle is required to be public due to a player having a name starting with 'lt82zw'.<\/div>\n|j|\u2606Lenape\n|j|\u2606LT82ZW Dasmer\n|t:|1626191198\n|gametype|singles\n|player|p1|Lenape|169|1786\n|player|p2|LT82ZW Dasmer|lance-gen2|1843\n|teamsize|p1|6\n|teamsize|p2|6\n|gen|8\n|tier|[Gen 8] OU\n|rated|\n|rule|Sleep Clause Mod: Limit one foe put to sleep\n|rule|Species Clause: Limit one of each Pok\u00e9mon\n|rule|OHKO Clause: OHKO moves are banned\n|rule|Evasion Moves Clause: Evasion moves are banned\n|rule|Endless Battle Clause: Forcing endless battles is banned\n|rule|HP Percentage Mod: HP is shown in percentages\n|rule|Dynamax Clause: You cannot dynamax\n|clearpoke\n|poke|p1|Rotom-Heat|\n|poke|p1|Corviknight, M|\n|poke|p1|Sylveon, F|\n|poke|p1|Rhyperior, M|\n|poke|p1|Toxapex, F|\n|poke|p1|Umbreon, M|\n|poke|p2|Melmetal|\n|poke|p2|Magnezone|\n|poke|p2|Weavile, M|\n|poke|p2|Gastrodon, F|\n|poke|p2|Dragonite, M|\n|poke|p2|Clefable, F|\n|teampreview\n|inactive|Battle timer is ON: inactive players will automatically lose when time's up. (requested by Lenape)\n|\n|t:|1626191204\n|start\n|switch|p1a: Rotom|Rotom-Heat|100\/100\n|switch|p2a: Clefable|Clefable, F|100\/100\n|turn|1\n|\n|t:|1626191207\n|move|p1a: Rotom|Trick|p2a: Clefable\n|-activate|p1a: Rotom|move: Trick|[of] p2a: Clefable\n|-item|p2a: Clefable|Choice Scarf|[from] move: Trick\n|-item|p1a: Rotom|Choice Scarf|[from] move: Trick\n|move|p2a: Clefable|Trick|p1a: Rotom\n|-activate|p2a: Clefable|move: Trick|[of] p1a: Rotom\n|-item|p1a: Rotom|Choice Scarf|[from] move: Trick\n|-item|p2a: Clefable|Choice Scarf|[from] move: Trick\n|\n|upkeep\n|turn|2\n|j| Mario34\n|l| Mario34\n|\n|t:|1626191215\n|move|p1a: Rotom|Discharge|p2a: Clefable\n|-damage|p2a: Clefable|77\/100\n|move|p2a: Clefable|Stealth Rock|p1a: Rotom\n|-sidestart|p1: Lenape|move: Stealth Rock\n|\n|upkeep\n|turn|3\n|\n|t:|1626191222\n|switch|p1a: Toxapex|Toxapex, F|100\/100\n|-damage|p1a: Toxapex|88\/100|[from] Stealth Rock\n|switch|p2a: Gastrodon|Gastrodon, F|100\/100\n|\n|-heal|p1a: Toxapex|94\/100|[from] item: Black Sludge\n|upkeep\n|turn|4\n|\n|t:|1626191224\n|switch|p2a: Clefable|Clefable, F|77\/100\n|move|p1a: Toxapex|Toxic|p2a: Clefable\n|-status|p2a: Clefable|tox\n|\n|-heal|p1a: Toxapex|100\/100|[from] item: Black Sludge\n|upkeep\n|turn|5\n|\n|t:|1626191231\n|switch|p1a: Rotom|Rotom-Heat|100\/100\n|-damage|p1a: Rotom|75\/100|[from] Stealth Rock\n|move|p2a: Clefable|Trick|p1a: Rotom\n|-activate|p2a: Clefable|move: Trick|[of] p1a: Rotom\n|-item|p1a: Rotom|Choice Scarf|[from] move: Trick\n|-item|p2a: Clefable|Choice Scarf|[from] move: Trick\n|\n|upkeep\n|turn|6\n|j| Arakd\u2019eau\u271e\n|\n|t:|1626191234\n|move|p1a: Rotom|Defog|p2a: Clefable\n|-unboost|p2a: Clefable|evasion|1\n|-sideend|p1: Lenape|Stealth Rock|[from] move: Defog|[of] p1a: Rotom\n|move|p2a: Clefable|Soft-Boiled|p2a: Clefable\n|-heal|p2a: Clefable|100\/100 tox\n|\n|upkeep\n|turn|7\n|l| Arakd\u2019eau\u271e\n|\n|t:|1626191242\n|switch|p1a: Rhyperior|Rhyperior, M|100\/100\n|switch|p2a: Magnezone|Magnezone|100\/100\n|\n|upkeep\n|turn|8\n|j| cute pink team\n|\n|t:|1626191247\n|switch|p2a: Dragonite|Dragonite, M|100\/100\n|move|p1a: Rhyperior|Stealth Rock|p2a: Dragonite\n|-sidestart|p2: LT82ZW Dasmer|move: Stealth Rock\n|\n|upkeep\n|turn|9\n|\n|t:|1626191252\n|switch|p1a: Toxapex|Toxapex, F|100\/100\n|move|p2a: Dragonite|Earthquake|p1a: Toxapex\n|-supereffective|p1a: Toxapex\n|-damage|p1a: Toxapex|63\/100\n|\n|-heal|p1a: Toxapex|69\/100|[from] item: Black Sludge\n|upkeep\n|turn|10\n|j| LT82ZW HA\n|\n|t:|1626191259\n|switch|p2a: Clefable|Clefable, F|100\/100 tox\n|move|p1a: Toxapex|Toxic|p2a: Clefable\n|-fail|p2a: Clefable|tox\n|\n|-heal|p1a: Toxapex|75\/100|[from] item: Black Sludge\n|upkeep\n|turn|11\n|j| LT82ZW cha\n|\n|t:|1626191262\n|switch|p1a: Rotom|Rotom-Heat|75\/100\n|move|p2a: Clefable|Stealth Rock|p1a: Rotom\n|-sidestart|p1: Lenape|move: Stealth Rock\n|\n|upkeep\n|turn|12\n|\n|t:|1626191267\n|switch|p2a: Gastrodon|Gastrodon, F|100\/100\n|-damage|p2a: Gastrodon|94\/100|[from] Stealth Rock\n|move|p1a: Rotom|Will-O-Wisp|p2a: Gastrodon\n|-status|p2a: Gastrodon|brn\n|\n|-heal|p2a: Gastrodon|100\/100 brn|[from] item: Leftovers\n|-damage|p2a: Gastrodon|94\/100 brn|[from] brn\n|upkeep\n|turn|13\n|l| LT82ZW HA\n|\n|t:|1626191279\n|switch|p1a: Sylveon|Sylveon, F|100\/100\n|-damage|p1a: Sylveon|88\/100|[from] Stealth Rock\n|move|p2a: Gastrodon|Toxic|p1a: Sylveon\n|-status|p1a: Sylveon|tox\n|\n|-heal|p1a: Sylveon|94\/100 tox|[from] item: Leftovers\n|-heal|p2a: Gastrodon|100\/100 brn|[from] item: Leftovers\n|-damage|p1a: Sylveon|88\/100 tox|[from] psn\n|-damage|p2a: Gastrodon|94\/100 brn|[from] brn\n|upkeep\n|turn|14\n|\n|t:|1626191284\n|move|p1a: Sylveon|Wish|p1a: Sylveon\n|move|p2a: Gastrodon|Earthquake|p1a: Sylveon\n|-damage|p1a: Sylveon|71\/100 tox\n|\n|-heal|p1a: Sylveon|77\/100 tox|[from] item: Leftovers\n|-heal|p2a: Gastrodon|100\/100 brn|[from] item: Leftovers\n|-damage|p1a: Sylveon|65\/100 tox|[from] psn\n|-damage|p2a: Gastrodon|94\/100 brn|[from] brn\n|upkeep\n|turn|15\n|\n|t:|1626191289\n|move|p1a: Sylveon|Hyper Voice|p2a: Gastrodon\n|-damage|p2a: Gastrodon|66\/100 brn\n|move|p2a: Gastrodon|Toxic|p1a: Sylveon\n|-fail|p1a: Sylveon|tox\n|\n|-heal|p1a: Sylveon|100\/100 tox|[from] move: Wish|[wisher] Sylveon\n|-heal|p2a: Gastrodon|72\/100 brn|[from] item: Leftovers\n|-damage|p1a: Sylveon|82\/100 tox|[from] psn\n|-damage|p2a: Gastrodon|66\/100 brn|[from] brn\n|upkeep\n|turn|16\n|j| Lt82zw Yakoplays\n|\n|t:|1626191293\n|switch|p1a: Umbreon|Umbreon, M|100\/100\n|-damage|p1a: Umbreon|88\/100|[from] Stealth Rock\n|move|p2a: Gastrodon|Recover|p2a: Gastrodon\n|-heal|p2a: Gastrodon|100\/100 brn\n|\n|-heal|p1a: Umbreon|94\/100|[from] item: Leftovers\n|-damage|p2a: Gastrodon|94\/100 brn|[from] brn\n|upkeep\n|turn|17\n|\n|t:|1626191295\n|move|p1a: Umbreon|Foul Play|p2a: Gastrodon\n|-damage|p2a: Gastrodon|63\/100 brn\n|move|p2a: Gastrodon|Toxic|p1a: Umbreon\n|-status|p1a: Umbreon|tox\n|\n|-heal|p1a: Umbreon|99\/100 tox|[from] item: Leftovers\n|-heal|p2a: Gastrodon|69\/100 brn|[from] item: Leftovers\n|-damage|p1a: Umbreon|94\/100 tox|[from] psn\n|-damage|p2a: Gastrodon|63\/100 brn|[from] brn\n|upkeep\n|turn|18\n|\n|t:|1626191298\n|move|p1a: Umbreon|Heal Bell|p1a: Umbreon\n|-activate|p1a: Umbreon|move: Heal Bell\n|-curestatus|p1a: Umbreon|tox|[msg]\n|-curestatus|p1: Sylveon|tox|[msg]\n|move|p2a: Gastrodon|Recover|p2a: Gastrodon\n|-heal|p2a: Gastrodon|100\/100 brn\n|\n|-heal|p1a: Umbreon|99\/100|[from] item: Leftovers\n|-damage|p2a: Gastrodon|94\/100 brn|[from] brn\n|upkeep\n|turn|19\n|\n|t:|1626191300\n|move|p1a: Umbreon|Protect|p1a: Umbreon\n|-singleturn|p1a: Umbreon|Protect\n|move|p2a: Gastrodon|Toxic|p1a: Umbreon\n|-activate|p1a: Umbreon|move: Protect\n|\n|-heal|p1a: Umbreon|100\/100|[from] item: Leftovers\n|-heal|p2a: Gastrodon|100\/100 brn|[from] item: Leftovers\n|-damage|p2a: Gastrodon|94\/100 brn|[from] brn\n|upkeep\n|turn|20\n|\n|t:|1626191304\n|switch|p1a: Toxapex|Toxapex, F|100\/100\n|-damage|p1a: Toxapex|88\/100|[from] Stealth Rock\n|move|p2a: Gastrodon|Toxic|p1a: Toxapex\n|-immune|p1a: Toxapex\n|\n|-heal|p1a: Toxapex|94\/100|[from] item: Black Sludge\n|-heal|p2a: Gastrodon|100\/100 brn|[from] item: Leftovers\n|-damage|p2a: Gastrodon|94\/100 brn|[from] brn\n|upkeep\n|turn|21\n|\n|t:|1626191309\n|switch|p1a: Rhyperior|Rhyperior, M|100\/100\n|-damage|p1a: Rhyperior|94\/100|[from] Stealth Rock\n|switch|p2a: Clefable|Clefable, F|100\/100 tox\n|\n|-heal|p1a: Rhyperior|100\/100|[from] item: Leftovers\n|upkeep\n|turn|22\n|\n|t:|1626191312\n|move|p2a: Clefable|Trick|p1a: Rhyperior\n|-activate|p2a: Clefable|move: Trick|[of] p1a: Rhyperior\n|-item|p1a: Rhyperior|Choice Scarf|[from] move: Trick\n|-item|p2a: Clefable|Leftovers|[from] move: Trick\n|move|p1a: Rhyperior|Heavy Slam|p2a: Clefable\n|-supereffective|p2a: Clefable\n|-damage|p2a: Clefable|41\/100 tox\n|\n|-heal|p2a: Clefable|47\/100 tox|[from] item: Leftovers\n|upkeep\n|turn|23\n|\n|t:|1626191321\n|switch|p1a: Rotom|Rotom-Heat|75\/100\n|-damage|p1a: Rotom|50\/100|[from] Stealth Rock\n|switch|p2a: Magnezone|Magnezone|100\/100\n|-damage|p2a: Magnezone|94\/100|[from] Stealth Rock\n|\n|-heal|p2a: Magnezone|100\/100|[from] item: Leftovers\n|upkeep\n|turn|24\n|j| aaaaaayyy\n|\n|t:|1626191336\n|switch|p1a: Rhyperior|Rhyperior, M|100\/100\n|-damage|p1a: Rhyperior|94\/100|[from] Stealth Rock\n|move|p2a: Magnezone|Body Press|p1a: Rhyperior\n|-supereffective|p1a: Rhyperior\n|-damage|p1a: Rhyperior|71\/100\n|\n|upkeep\n|turn|25\n|\n|t:|1626191343\n|switch|p2a: Dragonite|Dragonite, M|100\/100\n|move|p1a: Rhyperior|Earthquake|p2a: Dragonite\n|-immune|p2a: Dragonite\n|\n|upkeep\n|turn|26\n|j| Mario34\n|j| LT82ZW Sharifa\n|\n|t:|1626191347\n|switch|p2a: Magnezone|Magnezone|100\/100\n|-damage|p2a: Magnezone|94\/100|[from] Stealth Rock\n|switch|p1a: Umbreon|Umbreon, M|100\/100\n|-damage|p1a: Umbreon|88\/100|[from] Stealth Rock\n|\n|-heal|p2a: Magnezone|100\/100|[from] item: Leftovers\n|-heal|p1a: Umbreon|94\/100|[from] item: Leftovers\n|upkeep\n|turn|27\n|\n|t:|1626191352\n|switch|p1a: Rhyperior|Rhyperior, M|71\/100\n|-damage|p1a: Rhyperior|64\/100|[from] Stealth Rock\n|move|p2a: Magnezone|Substitute|p2a: Magnezone\n|-start|p2a: Magnezone|Substitute\n|-damage|p2a: Magnezone|75\/100\n|\n|-heal|p2a: Magnezone|82\/100|[from] item: Leftovers\n|upkeep\n|turn|28\n|\n|t:|1626191356\n|move|p2a: Magnezone|Body Press|p1a: Rhyperior\n|-supereffective|p1a: Rhyperior\n|-damage|p1a: Rhyperior|41\/100\n|move|p1a: Rhyperior|Earthquake|p2a: Magnezone\n|-supereffective|p2a: Magnezone\n|-end|p2a: Magnezone|Substitute\n|\n|-heal|p2a: Magnezone|88\/100|[from] item: Leftovers\n|upkeep\n|turn|29\n|\n|t:|1626191359\n|switch|p2a: Dragonite|Dragonite, M|100\/100\n|move|p1a: Rhyperior|Earthquake|p2a: Dragonite\n|-immune|p2a: Dragonite\n|\n|upkeep\n|turn|30\n|\n|t:|1626191361\n|switch|p1a: Rotom|Rotom-Heat|50\/100\n|-damage|p1a: Rotom|25\/100|[from] Stealth Rock\n|move|p2a: Dragonite|Flamethrower|p1a: Rotom\n|-resisted|p1a: Rotom\n|-damage|p1a: Rotom|14\/100\n|\n|upkeep\n|turn|31\n|\n|t:|1626191367\n|switch|p2a: Clefable|Clefable, F|47\/100 tox\n|move|p1a: Rotom|Trick|p2a: Clefable\n|-activate|p1a: Rotom|move: Trick|[of] p2a: Clefable\n|-item|p2a: Clefable|Choice Scarf|[from] move: Trick\n|-item|p1a: Rotom|Leftovers|[from] move: Trick\n|\n|-heal|p1a: Rotom|21\/100|[from] item: Leftovers\n|upkeep\n|turn|32\n|l| Mario34\n|\n|t:|1626191378\n|move|p2a: Clefable|Trick|p1a: Rotom\n|-activate|p2a: Clefable|move: Trick|[of] p1a: Rotom\n|-item|p1a: Rotom|Choice Scarf|[from] move: Trick\n|-item|p2a: Clefable|Leftovers|[from] move: Trick\n|move|p1a: Rotom|Discharge|p2a: Clefable\n|-damage|p2a: Clefable|23\/100 tox\n|\n|-heal|p2a: Clefable|29\/100 tox|[from] item: Leftovers\n|upkeep\n|turn|33\n|\n|t:|1626191384\n|move|p1a: Rotom|Discharge|p2a: Clefable\n|-damage|p2a: Clefable|8\/100 tox\n|move|p2a: Clefable|Soft-Boiled|p2a: Clefable\n|-heal|p2a: Clefable|58\/100 tox\n|\n|-heal|p2a: Clefable|64\/100 tox|[from] item: Leftovers\n|upkeep\n|turn|34\n|\n|t:|1626191389\n|switch|p1a: Toxapex|Toxapex, F|100\/100\n|-damage|p1a: Toxapex|88\/100|[from] Stealth Rock\n|move|p2a: Clefable|Soft-Boiled|p2a: Clefable\n|-heal|p2a: Clefable|100\/100 tox\n|\n|-heal|p1a: Toxapex|94\/100|[from] item: Black Sludge\n|upkeep\n|turn|35\n|\n|t:|1626191394\n|switch|p1a: Rhyperior|Rhyperior, M|41\/100\n|-damage|p1a: Rhyperior|34\/100|[from] Stealth Rock\n|move|p2a: Clefable|Stealth Rock||[still]\n|-fail|p2a: Clefable\n|\n|upkeep\n|turn|36\n|\n|t:|1626191399\n|move|p1a: Rhyperior|Rock Blast|p2a: Clefable\n|-damage|p2a: Clefable|90\/100 tox\n|-damage|p2a: Clefable|80\/100 tox\n|-damage|p2a: Clefable|70\/100 tox\n|-hitcount|p2a: Clefable|3\n|move|p2a: Clefable|Soft-Boiled|p2a: Clefable\n|-heal|p2a: Clefable|100\/100 tox\n|\n|upkeep\n|turn|37\n|c|\u2606Lenape|mAGNEZONE TRAPS FTW\n|c|\u2606Lenape|Bring back arena and trap and shadow tag\n|inactive|Lenape has 120 seconds left.\n|c|\u2606Lenape|May as well use all the traping if one is allowed\n|-message|Lenape forfeited.\n|\n|win|LT82ZW Dasmer\n|l|\u2606Lenape\n|raw|Lenape's rating: 1786 &rarr; <strong>1769<\/strong><br \/>(-17 for losing)\n|raw|LT82ZW Dasmer's rating: 1843 &rarr; <strong>1860<\/strong><br \/>(+17 for winning)\n|c|\u2606LT82ZW Dasmer|no llores\n|l| LT82ZW cha\n||Ladder isn't responding, score probably updated but might not have (Request timeout).\n|l|\u2606LT82ZW Dasmer\n|n| Dios papu pro|aaaaaayyy\n|c| Dios papu pro|jajaja\n|j| Steez Ibanez\n|l| Steez Ibanez\n|l| Dios papu pro\n|j| Dios papu pro\n|l| Dios papu pro\n|l| Lt82zw Yakoplays\n|n| misty boss gym|cutepinkteam\n|l| LT82ZW Sharifa\n","uploadtime":1626191952,"views":46,"p1id":"lenape","p2id":"lt82zwdasmer","formatid":"gen8ou","rating":1769,"private":0,"password":null}