{"id":"gen8ou-1613817087","p1":"Sww-Suwa","p2":"Down$hift","format":"gen8ou","log":"|j|\u2606Sww-Suwa\n|j|\u2606Down$hift\n|inactive|Battle timer is ON: inactive players will automatically lose when time's up.\n|t:|1657395224\n|gametype|singles\n|player|p1|Sww-Suwa|lisia|\n|player|p2|Down$hift|teamrocket|\n|teamsize|p1|6\n|teamsize|p2|6\n|gen|8\n|tier|[Gen 8] OU\n|rated|Tournament battle\n|rule|Sleep Clause Mod: Limit one foe put to sleep\n|rule|OHKO Clause: OHKO moves are banned\n|rule|Evasion Moves Clause: Evasion moves are banned\n|rule|Endless Battle Clause: Forcing endless battles is banned\n|rule|HP Percentage Mod: HP is shown in percentages\n|rule|Dynamax Clause: You cannot dynamax\n|clearpoke\n|poke|p1|Tapu Koko|\n|poke|p1|Tapu Lele|\n|poke|p1|Slurpuff, F|\n|poke|p1|Togekiss, F|\n|poke|p1|Clefable, M|\n|poke|p1|Tapu Bulu|\n|poke|p2|Clefable, M|\n|poke|p2|Klefki, M|\n|poke|p2|Grimmsnarl, M|\n|poke|p2|Silvally-*|\n|poke|p2|Azumarill, M|\n|poke|p2|Tapu Bulu|\n|teampreview\n|c|\u2606Down$hift|hf\n|j| ripreckful\n|c|\u2606Sww-Suwa|hf\n|j| prof dankness\n|\n|t:|1657395231\n|start\n|switch|p1a: Slurpuff|Slurpuff, F|100\/100\n|switch|p2a: Pink Menace|Clefable, M|100\/100\n|turn|1\n|j| nxvnt\n|l| nxvnt\n|\n|t:|1657395238\n|move|p1a: Slurpuff|Sticky Web|p2a: Pink Menace\n|-sidestart|p2: Down$hift|move: Sticky Web\n|move|p2a: Pink Menace|Stealth Rock|p1a: Slurpuff\n|-sidestart|p1: Sww-Suwa|move: Stealth Rock\n|\n|upkeep\n|turn|2\n|\n|t:|1657395242\n|move|p1a: Slurpuff|Yawn|p2a: Pink Menace\n|-start|p2a: Pink Menace|move: Yawn|[of] p1a: Slurpuff\n|move|p2a: Pink Menace|Encore|p1a: Slurpuff\n|-start|p1a: Slurpuff|Encore\n|\n|upkeep\n|turn|3\n|\n|t:|1657395248\n|switch|p2a: Imp possible|Grimmsnarl, M|100\/100\n|-activate|p2a: Imp possible|move: Sticky Web\n|-unboost|p2a: Imp possible|spe|1\n|move|p1a: Slurpuff|Yawn|p2a: Imp possible\n|-start|p2a: Imp possible|move: Yawn|[of] p1a: Slurpuff\n|\n|upkeep\n|turn|4\n|j| Serp IV\n|\n|t:|1657395257\n|switch|p1a: Tapu Bulu|Tapu Bulu, shiny|100\/100\n|-damage|p1a: Tapu Bulu|88\/100|[from] Stealth Rock\n|-fieldstart|move: Grassy Terrain|[from] ability: Grassy Surge|[of] p1a: Tapu Bulu\n|switch|p2a: Pink Menace|Clefable, M|100\/100\n|-activate|p2a: Pink Menace|move: Sticky Web\n|-unboost|p2a: Pink Menace|spe|1\n|\n|-heal|p1a: Tapu Bulu|94\/100|[from] Grassy Terrain\n|upkeep\n|turn|5\n|\n|t:|1657395261\n|move|p1a: Tapu Bulu|Wood Hammer|p2a: Pink Menace\n|-enditem|p2a: Pink Menace|Focus Sash\n|-damage|p2a: Pink Menace|1\/100\n|-damage|p1a: Tapu Bulu|48\/100|[from] Recoil\n|move|p2a: Pink Menace|Thunder Wave|p1a: Tapu Bulu\n|-status|p1a: Tapu Bulu|par\n|\n|-heal|p2a: Pink Menace|7\/100|[from] Grassy Terrain\n|-heal|p1a: Tapu Bulu|54\/100 par|[from] Grassy Terrain\n|upkeep\n|turn|6\n|\n|t:|1657395266\n|move|p2a: Pink Menace|Healing Wish|p2a: Pink Menace\n|faint|p2a: Pink Menace\n|cant|p1a: Tapu Bulu|par\n|\n|-heal|p1a: Tapu Bulu|60\/100 par|[from] Grassy Terrain\n|upkeep\n|\n|t:|1657395272\n|switch|p2a: Arceus Stats!|Silvally-Fairy|100\/100\n|-activate|p2a: Arceus Stats!|move: Sticky Web\n|-unboost|p2a: Arceus Stats!|spe|1\n|turn|7\n|c|\u2606Down$hift|misclick\n|c|\u2606Down$hift|oh well\n|\n|t:|1657395282\n|move|p2a: Arceus Stats!|Multi-Attack|p1a: Tapu Bulu\n|-damage|p1a: Tapu Bulu|5\/100 par\n|move|p1a: Tapu Bulu|Wood Hammer|p2a: Arceus Stats!\n|-damage|p2a: Arceus Stats!|0 fnt\n|faint|p2a: Arceus Stats!\n|-damage|p1a: Tapu Bulu|0 fnt|[from] Recoil\n|faint|p1a: Tapu Bulu\n|\n|upkeep\n|j| AmygdalanResponse\n|c|\u2606Down$hift|my fingers are so fat today\n|\n|t:|1657395301\n|switch|p2a: Imp possible|Grimmsnarl, M|100\/100\n|switch|p1a: Tapu Koko|Tapu Koko, shiny|100\/100\n|-damage|p1a: Tapu Koko|88\/100|[from] Stealth Rock\n|-fieldstart|move: Electric Terrain|[from] ability: Electric Surge|[of] p1a: Tapu Koko\n|-activate|p2a: Imp possible|move: Sticky Web\n|-unboost|p2a: Imp possible|spe|1\n|turn|8\n|\n|t:|1657395308\n|move|p2a: Imp possible|Light Screen|p2a: Imp possible\n|-sidestart|p2: Down$hift|move: Light Screen\n|move|p1a: Tapu Koko|Volt Switch|p2a: Imp possible\n|-damage|p2a: Imp possible|77\/100\n|\n|t:|1657395314\n|switch|p1a: Clefable|Clefable, M|100\/100|[from]move: Volt Switch\n|-damage|p1a: Clefable|88\/100|[from] Stealth Rock\n|-enditem|p1a: Clefable|Electric Seed\n|-boost|p1a: Clefable|def|1|[from] item: Electric Seed\n|\n|upkeep\n|turn|9\n|\n|t:|1657395318\n|move|p2a: Imp possible|Taunt|p1a: Clefable\n|-start|p1a: Clefable|move: Taunt\n|move|p1a: Clefable|Moonblast|p2a: Imp possible\n|-supereffective|p2a: Imp possible\n|-damage|p2a: Imp possible|49\/100\n|\n|upkeep\n|turn|10\n|\n|t:|1657395321\n|move|p1a: Clefable|Moonblast|p2a: Imp possible\n|-supereffective|p2a: Imp possible\n|-damage|p2a: Imp possible|21\/100\n|-unboost|p2a: Imp possible|spa|1\n|move|p2a: Imp possible|Spirit Break|p1a: Clefable\n|-damage|p1a: Clefable|71\/100\n|-unboost|p1a: Clefable|spa|1\n|\n|upkeep\n|turn|11\n|\n|t:|1657395324\n|move|p2a: Imp possible|Reflect|p2a: Imp possible\n|-sidestart|p2: Down$hift|Reflect\n|move|p1a: Clefable|Moonblast|p2a: Imp possible\n|-supereffective|p2a: Imp possible\n|-damage|p2a: Imp possible|1\/100\n|\n|-end|p1a: Clefable|move: Taunt\n|upkeep\n|turn|12\n|\n|t:|1657395327\n|move|p2a: Imp possible|Taunt|p1a: Clefable\n|-start|p1a: Clefable|move: Taunt\n|move|p1a: Clefable|Moonblast|p2a: Imp possible\n|-supereffective|p2a: Imp possible\n|-damage|p2a: Imp possible|0 fnt\n|faint|p2a: Imp possible\n|\n|-fieldend|move: Electric Terrain\n|upkeep\n|inactive|Down$hift has 120 seconds left.\n|\n|t:|1657395375\n|switch|p2a: GrassFedAlolaBred|Tapu Bulu|100\/100\n|-activate|p2a: GrassFedAlolaBred|move: Sticky Web\n|-unboost|p2a: GrassFedAlolaBred|spe|1\n|-fieldstart|move: Grassy Terrain|[from] ability: Grassy Surge|[of] p2a: GrassFedAlolaBred\n|turn|13\n|\n|t:|1657395381\n|switch|p1a: Slurpuff|Slurpuff, F|100\/100\n|-damage|p1a: Slurpuff|88\/100|[from] Stealth Rock\n|move|p2a: GrassFedAlolaBred|Horn Leech|p1a: Slurpuff\n|-damage|p1a: Slurpuff|2\/100\n|-damage|p2a: GrassFedAlolaBred|91\/100|[from] item: Life Orb\n|\n|-heal|p1a: Slurpuff|8\/100|[from] Grassy Terrain\n|-heal|p2a: GrassFedAlolaBred|97\/100|[from] Grassy Terrain\n|upkeep\n|turn|14\n|inactive|Down$hift has 120 seconds left.\n|\n|t:|1657395395\n|move|p1a: Slurpuff|Yawn|p2a: GrassFedAlolaBred\n|-start|p2a: GrassFedAlolaBred|move: Yawn|[of] p1a: Slurpuff\n|move|p2a: GrassFedAlolaBred|Horn Leech|p1a: Slurpuff\n|-damage|p1a: Slurpuff|0 fnt\n|-heal|p2a: GrassFedAlolaBred|100\/100|[from] drain|[of] p1a: Slurpuff\n|faint|p1a: Slurpuff\n|-damage|p2a: GrassFedAlolaBred|91\/100|[from] item: Life Orb\n|\n|-heal|p2a: GrassFedAlolaBred|97\/100|[from] Grassy Terrain\n|upkeep\n|\n|t:|1657395400\n|switch|p1a: Tapu Lele|Tapu Lele|100\/100\n|-damage|p1a: Tapu Lele|88\/100|[from] Stealth Rock\n|-fieldstart|move: Psychic Terrain|[from] ability: Psychic Surge|[of] p1a: Tapu Lele\n|turn|15\n|\n|t:|1657395410\n|switch|p2a: Kinder|Azumarill, M|100\/100\n|-activate|p2a: Kinder|move: Sticky Web\n|-unboost|p2a: Kinder|spe|1\n|move|p1a: Tapu Lele|Iron Defense|p1a: Tapu Lele\n|-boost|p1a: Tapu Lele|def|2\n|\n|-heal|p1a: Tapu Lele|94\/100|[from] item: Leftovers\n|-sideend|p2: Down$hift|move: Light Screen\n|upkeep\n|turn|16\n|\n|t:|1657395419\n|move|p1a: Tapu Lele|Calm Mind|p1a: Tapu Lele\n|-boost|p1a: Tapu Lele|spa|1\n|-boost|p1a: Tapu Lele|spd|1\n|move|p2a: Kinder|Belly Drum|p2a: Kinder\n|-damage|p2a: Kinder|50\/100\n|-setboost|p2a: Kinder|atk|6|[from] move: Belly Drum\n|-enditem|p2a: Kinder|Sitrus Berry|[eat]\n|-heal|p2a: Kinder|75\/100|[from] item: Sitrus Berry\n|\n|-heal|p1a: Tapu Lele|99\/100|[from] item: Leftovers\n|upkeep\n|turn|17\n|\n|t:|1657395424\n|move|p1a: Tapu Lele|Stored Power|p2a: Kinder\n|-damage|p2a: Kinder|0 fnt\n|faint|p2a: Kinder\n|\n|-heal|p1a: Tapu Lele|100\/100|[from] item: Leftovers\n|upkeep\n|\n|t:|1657395426\n|switch|p2a: BooBooKeys|Klefki, M|100\/100\n|-activate|p2a: BooBooKeys|move: Sticky Web\n|-unboost|p2a: BooBooKeys|spe|1\n|turn|18\n|\n|t:|1657395432\n|move|p2a: BooBooKeys|Calm Mind|p2a: BooBooKeys\n|-boost|p2a: BooBooKeys|spa|1\n|-boost|p2a: BooBooKeys|spd|1\n|move|p1a: Tapu Lele|Iron Defense|p1a: Tapu Lele\n|-boost|p1a: Tapu Lele|def|2\n|\n|-sideend|p2: Down$hift|Reflect\n|upkeep\n|turn|19\n|\n|t:|1657395436\n|switch|p1a: Togekiss|Togekiss, F|100\/100\n|-damage|p1a: Togekiss|76\/100|[from] Stealth Rock\n|move|p2a: BooBooKeys|Calm Mind|p2a: BooBooKeys\n|-boost|p2a: BooBooKeys|spa|1\n|-boost|p2a: BooBooKeys|spd|1\n|\n|-fieldend|move: Psychic Terrain\n|upkeep\n|turn|20\n|\n|t:|1657395439\n|switch|p2a: GrassFedAlolaBred|Tapu Bulu|97\/100\n|-heal|p2a: GrassFedAlolaBred|100\/100|[from] move: Healing Wish\n|-activate|p2a: GrassFedAlolaBred|move: Sticky Web\n|-unboost|p2a: GrassFedAlolaBred|spe|1\n|-fieldstart|move: Grassy Terrain|[from] ability: Grassy Surge|[of] p2a: GrassFedAlolaBred\n|move|p1a: Togekiss|Trick|p2a: GrassFedAlolaBred\n|-activate|p1a: Togekiss|move: Trick|[of] p2a: GrassFedAlolaBred\n|-item|p2a: GrassFedAlolaBred|Choice Specs|[from] move: Trick\n|-item|p1a: Togekiss|Life Orb|[from] move: Trick\n|\n|upkeep\n|turn|21\n|\n|t:|1657395446\n|move|p1a: Togekiss|Air Slash|p2a: GrassFedAlolaBred\n|-supereffective|p2a: GrassFedAlolaBred\n|-damage|p2a: GrassFedAlolaBred|0 fnt\n|faint|p2a: GrassFedAlolaBred\n|-damage|p1a: Togekiss|66\/100|[from] item: Life Orb\n|\n|upkeep\n|\n|t:|1657395449\n|switch|p2a: BooBooKeys|Klefki, M|100\/100\n|-activate|p2a: BooBooKeys|move: Sticky Web\n|-unboost|p2a: BooBooKeys|spe|1\n|turn|22\n|\n|t:|1657395451\n|switch|p1a: Clefable|Clefable, M|71\/100\n|-damage|p1a: Clefable|59\/100|[from] Stealth Rock\n|move|p2a: BooBooKeys|Calm Mind|p2a: BooBooKeys\n|-boost|p2a: BooBooKeys|spa|1\n|-boost|p2a: BooBooKeys|spd|1\n|\n|-heal|p1a: Clefable|65\/100|[from] Grassy Terrain\n|upkeep\n|turn|23\n|\n|t:|1657395457\n|move|p2a: BooBooKeys|Calm Mind|p2a: BooBooKeys\n|-boost|p2a: BooBooKeys|spa|1\n|-boost|p2a: BooBooKeys|spd|1\n|move|p1a: Clefable|Thunder Wave|p2a: BooBooKeys\n|-status|p2a: BooBooKeys|par\n|\n|-heal|p1a: Clefable|71\/100|[from] Grassy Terrain\n|upkeep\n|turn|24\n|\n|t:|1657395460\n|move|p2a: BooBooKeys|Calm Mind|p2a: BooBooKeys\n|-boost|p2a: BooBooKeys|spa|1\n|-boost|p2a: BooBooKeys|spd|1\n|move|p1a: Clefable|Calm Mind|p1a: Clefable\n|-boost|p1a: Clefable|spa|1\n|-boost|p1a: Clefable|spd|1\n|\n|-heal|p1a: Clefable|77\/100|[from] Grassy Terrain\n|-fieldend|move: Grassy Terrain\n|upkeep\n|turn|25\n|\n|t:|1657395462\n|move|p2a: BooBooKeys|Calm Mind|p2a: BooBooKeys\n|-boost|p2a: BooBooKeys|spa|1\n|-boost|p2a: BooBooKeys|spd|1\n|move|p1a: Clefable|Calm Mind|p1a: Clefable\n|-boost|p1a: Clefable|spa|1\n|-boost|p1a: Clefable|spd|1\n|\n|upkeep\n|turn|26\n|\n|t:|1657395464\n|cant|p2a: BooBooKeys|par\n|move|p1a: Clefable|Calm Mind|p1a: Clefable\n|-boost|p1a: Clefable|spa|1\n|-boost|p1a: Clefable|spd|1\n|\n|upkeep\n|turn|27\n|\n|t:|1657395466\n|cant|p2a: BooBooKeys|par\n|move|p1a: Clefable|Moonblast|p2a: BooBooKeys\n|-resisted|p2a: BooBooKeys\n|-damage|p2a: BooBooKeys|68\/100 par\n|\n|-heal|p2a: BooBooKeys|74\/100 par|[from] item: Leftovers\n|upkeep\n|turn|28\n|\n|t:|1657395469\n|cant|p2a: BooBooKeys|par\n|move|p1a: Clefable|Moonblast|p2a: BooBooKeys\n|-resisted|p2a: BooBooKeys\n|-damage|p2a: BooBooKeys|44\/100 par\n|\n|-heal|p2a: BooBooKeys|50\/100 par|[from] item: Leftovers\n|upkeep\n|turn|29\n|\n|t:|1657395472\n|move|p1a: Clefable|Moonblast|p2a: BooBooKeys\n|-resisted|p2a: BooBooKeys\n|-damage|p2a: BooBooKeys|17\/100 par\n|cant|p2a: BooBooKeys|par\n|\n|-heal|p2a: BooBooKeys|23\/100 par|[from] item: Leftovers\n|upkeep\n|turn|30\n|c|\u2606Down$hift|gg\n|c|\u2606Sww-Suwa|gg\n|c|\u2606Down$hift|i needed silvally\n|c|\u2606Down$hift|ugh\n|c|\u2606Down$hift|i hate my fingers\n|j| RUMYMOME\n|c|\u2606Down$hift|sd flame charge won\n|-message|Down$hift forfeited.\n|\n|win|Sww-Suwa\n|n|\u2606Sww-Suwa|swwsuwa\n|n|\u2606Down$hift|downhift\n|n| ripreckful|ripreckful\n|n| prof dankness|profdankness\n|n| Serp IV|serpiv\n|n| AmygdalanResponse|amygdalanresponse\n|n| RUMYMOME|rumymome\n","uploadtime":1657395494,"views":122,"p1id":"swwsuwa","p2id":"downhift","formatid":"gen8ou","rating":0,"private":0,"password":null}