{"id":"gen8ou-1166901418","p1":"Rishie","p2":"gaijineagle","format":"gen8ou","log":"|j|\u2606Rishie\n|j|\u2606gaijineagle\n|t:|1597127682\n|player|p1|Rishie|blue|1134\n|player|p2|gaijineagle|170|1125\n|teamsize|p1|6\n|teamsize|p2|6\n|gametype|singles\n|gen|8\n|tier|[Gen 8] OU\n|rated|\n|clearpoke\n|poke|p1|Urshifu-*, M|\n|poke|p1|Zeraora|\n|poke|p1|Volcarona, F|\n|poke|p1|Comfey, F|\n|poke|p1|Dragapult, M|\n|poke|p1|Corviknight, F|\n|poke|p2|Dragapult, F|\n|poke|p2|Hippowdon, F|\n|poke|p2|Clefable, F|\n|poke|p2|Ferrothorn, F|\n|poke|p2|Excadrill, M|\n|poke|p2|Urshifu-*, M|\n|rule|Sleep Clause Mod: Limit one foe put to sleep\n|rule|Species Clause: Limit one of each Pok\u00e9mon\n|rule|OHKO Clause: OHKO moves are banned\n|rule|Evasion Moves Clause: Evasion moves are banned\n|rule|Endless Battle Clause: Forcing endless battles is banned\n|rule|HP Percentage Mod: HP is shown in percentages\n|rule|Dynamax Clause: You cannot dynamax\n|teampreview\n|inactive|Battle timer is ON: inactive players will automatically lose when time's up. (requested by gaijineagle)\n|inactive|gaijineagle has 120 seconds left.\n|inactive|gaijineagle has 90 seconds left.\n|inactive|gaijineagle has 60 seconds left.\n|inactiveoff|Battle timer is now OFF.\n|\n|t:|1597127780\n|start\n|switch|p1a: Volcarona|Volcarona, F|100\/100\n|switch|p2a: Hippowdon|Hippowdon, F|100\/100\n|-weather|Sandstorm|[from] ability: Sand Stream|[of] p2a: Hippowdon\n|turn|1\n|inactive|Battle timer is ON: inactive players will automatically lose when time's up. (requested by Rishie)\n|\n|t:|1597127812\n|move|p1a: Volcarona|Quiver Dance|p1a: Volcarona\n|-boost|p1a: Volcarona|spa|1\n|-boost|p1a: Volcarona|spd|1\n|-boost|p1a: Volcarona|spe|1\n|move|p2a: Hippowdon|Stealth Rock|p1a: Volcarona\n|-sidestart|p1: Rishie|move: Stealth Rock\n|\n|-weather|Sandstorm|[upkeep]\n|-damage|p1a: Volcarona|94\/100|[from] Sandstorm\n|upkeep\n|turn|2\n|\n|t:|1597127824\n|move|p1a: Volcarona|Giga Drain|p2a: Hippowdon\n|-supereffective|p2a: Hippowdon\n|-damage|p2a: Hippowdon|6\/100\n|-heal|p1a: Volcarona|100\/100|[from] drain|[of] p2a: Hippowdon\n|move|p2a: Hippowdon|Whirlwind|p1a: Volcarona\n|drag|p1a: Dragapult|Dragapult, M|100\/100\n|-damage|p1a: Dragapult|88\/100|[from] Stealth Rock\n|\n|-weather|Sandstorm|[upkeep]\n|-damage|p1a: Dragapult|82\/100|[from] Sandstorm\n|upkeep\n|turn|3\n|inactive|gaijineagle has 120 seconds left.\n|\n|t:|1597127872\n|switch|p2a: Ferrothorn|Ferrothorn, F|100\/100\n|move|p1a: Dragapult|Dragon Dance|p1a: Dragapult\n|-boost|p1a: Dragapult|atk|1\n|-boost|p1a: Dragapult|spe|1\n|\n|-weather|Sandstorm|[upkeep]\n|-damage|p1a: Dragapult|76\/100|[from] Sandstorm\n|upkeep\n|turn|4\n|\n|t:|1597127881\n|move|p1a: Dragapult|Dragon Darts|p2a: Ferrothorn\n|-resisted|p2a: Ferrothorn\n|-damage|p2a: Ferrothorn|85\/100\n|-anim|p1a: Dragapult|Dragon Darts|p2a: Ferrothorn\n|-resisted|p2a: Ferrothorn\n|-damage|p2a: Ferrothorn|71\/100\n|move|p2a: Ferrothorn|Knock Off|p1a: Dragapult\n|-supereffective|p1a: Dragapult\n|-damage|p1a: Dragapult|18\/100\n|-enditem|p1a: Dragapult|Dragon Fang|[from] move: Knock Off|[of] p2a: Ferrothorn\n|\n|-weather|Sandstorm|[upkeep]\n|-damage|p1a: Dragapult|12\/100|[from] Sandstorm\n|-heal|p2a: Ferrothorn|77\/100|[from] item: Leftovers\n|upkeep\n|turn|5\n|\n|t:|1597127887\n|move|p1a: Dragapult|Dragon Darts|p2a: Ferrothorn\n|-resisted|p2a: Ferrothorn\n|-damage|p2a: Ferrothorn|64\/100\n|-anim|p1a: Dragapult|Dragon Darts|p2a: Ferrothorn\n|-resisted|p2a: Ferrothorn\n|-damage|p2a: Ferrothorn|54\/100\n|move|p2a: Ferrothorn|Leech Seed|p1a: Dragapult\n|-start|p1a: Dragapult|move: Leech Seed\n|\n|-weather|Sandstorm|[upkeep]\n|-damage|p1a: Dragapult|6\/100|[from] Sandstorm\n|-heal|p2a: Ferrothorn|60\/100|[from] item: Leftovers\n|-damage|p1a: Dragapult|0 fnt|[from] Leech Seed|[of] p2a: Ferrothorn\n|-heal|p2a: Ferrothorn|65\/100|[silent]\n|faint|p1a: Dragapult\n|upkeep\n|\n|t:|1597127891\n|switch|p1a: Volcarona|Volcarona, F|100\/100\n|-damage|p1a: Volcarona|51\/100|[from] Stealth Rock\n|turn|6\n|inactive|gaijineagle has 120 seconds left.\n|\n|t:|1597127926\n|move|p1a: Volcarona|Quiver Dance|p1a: Volcarona\n|-boost|p1a: Volcarona|spa|1\n|-boost|p1a: Volcarona|spd|1\n|-boost|p1a: Volcarona|spe|1\n|move|p2a: Ferrothorn|Knock Off|p1a: Volcarona\n|-damage|p1a: Volcarona|16\/100\n|-damage|p2a: Ferrothorn|49\/100|[from] item: Rocky Helmet|[of] p1a: Volcarona\n|-status|p2a: Ferrothorn|brn|[from] ability: Flame Body|[of] p1a: Volcarona\n|-enditem|p1a: Volcarona|Rocky Helmet|[from] move: Knock Off|[of] p2a: Ferrothorn\n|\n|-weather|Sandstorm|[upkeep]\n|-damage|p1a: Volcarona|10\/100|[from] Sandstorm\n|-heal|p2a: Ferrothorn|55\/100 brn|[from] item: Leftovers\n|-damage|p2a: Ferrothorn|49\/100 brn|[from] brn\n|upkeep\n|turn|7\n|\n|t:|1597127940\n|move|p1a: Volcarona|Fiery Dance|p2a: Ferrothorn\n|-supereffective|p2a: Ferrothorn\n|-crit|p2a: Ferrothorn\n|-damage|p2a: Ferrothorn|0 fnt\n|-boost|p1a: Volcarona|spa|1\n|faint|p2a: Ferrothorn\n|\n|-weather|Sandstorm|[upkeep]\n|-damage|p1a: Volcarona|4\/100|[from] Sandstorm\n|upkeep\n|inactive|gaijineagle has 90 seconds left.\n|\n|t:|1597127957\n|switch|p2a: Dragapult|Dragapult, F|100\/100\n|turn|8\n|\n|t:|1597127966\n|move|p1a: Volcarona|Giga Drain|p2a: Dragapult\n|-resisted|p2a: Dragapult\n|-damage|p2a: Dragapult|58\/100\n|-heal|p1a: Volcarona|26\/100|[from] drain|[of] p2a: Dragapult\n|move|p2a: Dragapult|Dragon Darts|p1a: Volcarona\n|-damage|p1a: Volcarona|0 fnt\n|-damage|p2a: Dragapult|48\/100|[from] item: Life Orb\n|faint|p1a: Volcarona\n|\n|-weather|none\n|upkeep\n|\n|t:|1597127971\n|switch|p1a: Comfey|Comfey, F|100\/100\n|-damage|p1a: Comfey|88\/100|[from] Stealth Rock\n|turn|9\n|\n|t:|1597127986\n|switch|p2a: Hippowdon|Hippowdon, F|6\/100\n|-weather|Sandstorm|[from] ability: Sand Stream|[of] p2a: Hippowdon\n|move|p1a: Comfey|Calm Mind|p1a: Comfey\n|-boost|p1a: Comfey|spa|1\n|-boost|p1a: Comfey|spd|1\n|\n|-weather|Sandstorm|[upkeep]\n|-damage|p1a: Comfey|82\/100|[from] Sandstorm\n|upkeep\n|turn|10\n|\n|t:|1597128000\n|move|p1a: Comfey|Giga Drain|p2a: Hippowdon\n|-supereffective|p2a: Hippowdon\n|-damage|p2a: Hippowdon|0 fnt\n|-heal|p1a: Comfey|86\/100|[from] drain|[of] p2a: Hippowdon\n|faint|p2a: Hippowdon\n|\n|-weather|Sandstorm|[upkeep]\n|-damage|p1a: Comfey|80\/100|[from] Sandstorm\n|upkeep\n|\n|t:|1597128006\n|switch|p2a: Excadrill|Excadrill, M|100\/100\n|turn|11\n|\n|t:|1597128012\n|move|p1a: Comfey|Giga Drain|p2a: Excadrill\n|-damage|p2a: Excadrill|55\/100\n|-heal|p1a: Comfey|100\/100|[from] drain|[of] p2a: Excadrill\n|move|p2a: Excadrill|Iron Head|p1a: Comfey\n|-supereffective|p1a: Comfey\n|-damage|p1a: Comfey|0 fnt\n|-damage|p2a: Excadrill|45\/100|[from] item: Life Orb\n|faint|p1a: Comfey\n|\n|-weather|Sandstorm|[upkeep]\n|upkeep\n|\n|t:|1597128020\n|switch|p1a: Urshifu|Urshifu-Rapid-Strike, M|100\/100\n|-damage|p1a: Urshifu|94\/100|[from] Stealth Rock\n|turn|12\n|inactive|gaijineagle has 120 seconds left.\n|inactive|gaijineagle has 90 seconds left.\n|\n|t:|1597128063\n|switch|p2a: Clefable|Clefable, F|100\/100\n|move|p1a: Urshifu|Surging Strikes|p2a: Clefable\n|-crit|p2a: Clefable\n|-damage|p2a: Clefable|78\/100\n|-crit|p2a: Clefable\n|-damage|p2a: Clefable|55\/100\n|-crit|p2a: Clefable\n|-damage|p2a: Clefable|30\/100\n|-hitcount|p2a: Clefable|3\n|\n|-weather|Sandstorm|[upkeep]\n|-damage|p1a: Urshifu|88\/100|[from] Sandstorm\n|upkeep\n|turn|13\n|\n|t:|1597128072\n|move|p1a: Urshifu|Surging Strikes|p2a: Clefable\n|-crit|p2a: Clefable\n|-damage|p2a: Clefable|8\/100\n|-crit|p2a: Clefable\n|-damage|p2a: Clefable|0 fnt\n|-hitcount|p2a: Clefable|2\n|faint|p2a: Clefable\n|\n|-weather|Sandstorm|[upkeep]\n|-damage|p1a: Urshifu|82\/100|[from] Sandstorm\n|upkeep\n|\n|t:|1597128077\n|switch|p2a: Urshifu|Urshifu, M|100\/100\n|turn|14\n|inactive|gaijineagle has 90 seconds left.\n|\n|t:|1597128106\n|switch|p1a: Corviknight|Corviknight, F|100\/100\n|-damage|p1a: Corviknight|88\/100|[from] Stealth Rock\n|move|p2a: Urshifu|Close Combat|p1a: Corviknight\n|-damage|p1a: Corviknight|23\/100\n|-unboost|p2a: Urshifu|def|1\n|-unboost|p2a: Urshifu|spd|1\n|-damage|p2a: Urshifu|84\/100|[from] item: Rocky Helmet|[of] p1a: Corviknight\n|-damage|p2a: Urshifu|74\/100|[from] item: Life Orb\n|\n|-weather|Sandstorm|[upkeep]\n|-damage|p2a: Urshifu|68\/100|[from] Sandstorm\n|upkeep\n|turn|15\n|\n|t:|1597128123\n|move|p2a: Urshifu|Close Combat|p1a: Corviknight\n|-damage|p1a: Corviknight|0 fnt\n|-unboost|p2a: Urshifu|def|1\n|-unboost|p2a: Urshifu|spd|1\n|-damage|p2a: Urshifu|52\/100|[from] item: Rocky Helmet|[of] p1a: Corviknight\n|-damage|p2a: Urshifu|42\/100|[from] item: Life Orb\n|faint|p1a: Corviknight\n|\n|-weather|Sandstorm|[upkeep]\n|-damage|p2a: Urshifu|35\/100|[from] Sandstorm\n|upkeep\n|\n|t:|1597128127\n|switch|p1a: Urshifu|Urshifu-Rapid-Strike, M|82\/100\n|-damage|p1a: Urshifu|76\/100|[from] Stealth Rock\n|turn|16\n|\n|t:|1597128135\n|move|p1a: Urshifu|Surging Strikes|p2a: Urshifu\n|-crit|p2a: Urshifu\n|-damage|p2a: Urshifu|0 fnt\n|-hitcount|p2a: Urshifu|1\n|faint|p2a: Urshifu\n|\n|-weather|none\n|upkeep\n|\n|t:|1597128163\n|switch|p2a: Dragapult|Dragapult, F|48\/100\n|turn|17\n|\n|t:|1597128170\n|move|p2a: Dragapult|Thunderbolt|p1a: Urshifu\n|-supereffective|p1a: Urshifu\n|-damage|p1a: Urshifu|0 fnt\n|-damage|p2a: Dragapult|38\/100|[from] item: Life Orb\n|faint|p1a: Urshifu\n|\n|upkeep\n|\n|t:|1597128173\n|switch|p1a: Zeraora|Zeraora|100\/100\n|-damage|p1a: Zeraora|88\/100|[from] Stealth Rock\n|turn|18\n|\n|t:|1597128185\n|move|p1a: Zeraora|Plasma Fists|p2a: Dragapult\n|-resisted|p2a: Dragapult\n|-damage|p2a: Dragapult|0 fnt\n|-fieldactivate|move: Ion Deluge\n|-damage|p1a: Zeraora|78\/100|[from] item: Life Orb\n|faint|p2a: Dragapult\n|\n|upkeep\n|\n|t:|1597128192\n|switch|p2a: Excadrill|Excadrill, M|45\/100\n|turn|19\n|\n|t:|1597128206\n|move|p1a: Zeraora|Drain Punch|p2a: Excadrill\n|-supereffective|p2a: Excadrill\n|-damage|p2a: Excadrill|0 fnt\n|-heal|p1a: Zeraora|100\/100|[from] drain|[of] p2a: Excadrill\n|-damage|p1a: Zeraora|91\/100|[from] item: Life Orb\n|faint|p2a: Excadrill\n|\n|win|Rishie\n|raw|Rishie's rating: 1157 &rarr; <strong>1180<\/strong><br \/>(+23 for winning)\n|raw|gaijineagle's rating: 1126 &rarr; <strong>1103<\/strong><br \/>(-23 for losing)\n|c|\u2606gaijineagle|gg\n","uploadtime":1597128228,"views":18,"p1id":"rishie","p2id":"gaijineagle","formatid":"gen8ou","rating":1103,"private":0,"password":null}