{"id":"gen8ou-1669090234","p1":"minimax_ai","p2":"I0SIS","format":"gen8ou","log":"|j|\u2606minimax_ai\n|j|\u2606I0SIS\n|t:|1663696045\n|gametype|singles\n|player|p1|minimax_ai|lusamine-nihilego|1524\n|player|p2|I0SIS|170|1587\n|teamsize|p1|6\n|teamsize|p2|6\n|gen|8\n|tier|[Gen 8] OU\n|rated|\n|rule|Sleep Clause Mod: Limit one foe put to sleep\n|rule|Species Clause: Limit one of each Pok\u00e9mon\n|rule|OHKO Clause: OHKO moves are banned\n|rule|Evasion Items Clause: Evasion items are banned\n|rule|Evasion Moves Clause: Evasion moves are banned\n|rule|Endless Battle Clause: Forcing endless battles is banned\n|rule|HP Percentage Mod: HP is shown in percentages\n|rule|Dynamax Clause: You cannot dynamax\n|clearpoke\n|poke|p1|Rotom-Wash|\n|poke|p1|Weavile, M|\n|poke|p1|Landorus-Therian, M|\n|poke|p1|Heatran, M|\n|poke|p1|Tangrowth, F|\n|poke|p1|Melmetal|\n|poke|p2|Ferrothorn, M|\n|poke|p2|Rotom-Wash|\n|poke|p2|Umbreon, F|\n|poke|p2|Pelipper, F|\n|poke|p2|Crobat, M|\n|poke|p2|Mamoswine, M|\n|teampreview\n|c|\u2606minimax_ai|hf\n|inactive|Battle timer is ON: inactive players will automatically lose when time's up. (requested by minimax_ai)\n|\n|t:|1663696053\n|start\n|switch|p1a: Heatran|Heatran, M|100\/100\n|switch|p2a: Mamoswine|Mamoswine, M|100\/100\n|-item|p1a: Heatran|Air Balloon\n|turn|1\n|\n|t:|1663696058\n|switch|p2a: Rotom|Rotom-Wash, shiny|100\/100\n|move|p1a: Heatran|Eruption|p2a: Rotom\n|-resisted|p2a: Rotom\n|-damage|p2a: Rotom|59\/100\n|\n|upkeep\n|turn|2\n|\n|t:|1663696061\n|move|p1a: Heatran|Magma Storm|p2a: Rotom|[miss]\n|-miss|p1a: Heatran|p2a: Rotom\n|move|p2a: Rotom|Pain Split|p1a: Heatran\n|-sethp|p1a: Heatran|78\/100|[from] move: Pain Split|[silent]\n|-sethp|p2a: Rotom|83\/100|[from] move: Pain Split\n|\n|upkeep\n|turn|3\n|\n|t:|1663696062\n|switch|p1a: rotomwash|Rotom-Wash|100\/100\n|move|p2a: Rotom|Volt Switch|p1a: rotomwash\n|-damage|p1a: rotomwash|74\/100\n|\n|t:|1663696065\n|switch|p2a: Ferrothorn|Ferrothorn, M|100\/100|[from]move: Volt Switch\n|\n|-heal|p1a: rotomwash|80\/100|[from] item: Leftovers\n|upkeep\n|turn|4\n|\n|t:|1663696069\n|switch|p1a: landorustherian|Landorus-Therian, M|100\/100\n|-ability|p1a: landorustherian|Intimidate|boost\n|-unboost|p2a: Ferrothorn|atk|1\n|move|p2a: Ferrothorn|Knock Off|p1a: landorustherian\n|-damage|p1a: landorustherian|87\/100\n|-enditem|p1a: landorustherian|Leftovers|[from] move: Knock Off|[of] p2a: Ferrothorn\n|\n|upkeep\n|turn|5\n|\n|t:|1663696071\n|move|p1a: landorustherian|U-turn|p2a: Ferrothorn\n|-damage|p2a: Ferrothorn|85\/100\n|-damage|p1a: landorustherian|75\/100|[from] ability: Iron Barbs|[of] p2a: Ferrothorn\n|\n|t:|1663696071\n|switch|p1a: Heatran|Heatran, M|78\/100|[from]move: U-turn\n|-item|p1a: Heatran|Air Balloon\n|move|p2a: Ferrothorn|Leech Seed|p1a: Heatran\n|-start|p1a: Heatran|move: Leech Seed\n|\n|-heal|p2a: Ferrothorn|91\/100|[from] item: Leftovers\n|-damage|p1a: Heatran|66\/100|[from] Leech Seed|[of] p2a: Ferrothorn\n|-heal|p2a: Ferrothorn|100\/100|[silent]\n|upkeep\n|turn|6\n|\n|t:|1663696074\n|switch|p2a: Rotom|Rotom-Wash, shiny|83\/100\n|move|p1a: Heatran|Stealth Rock|p2a: Rotom\n|-sidestart|p2: I0SIS|move: Stealth Rock\n|\n|-damage|p1a: Heatran|53\/100|[from] Leech Seed|[of] p2a: Rotom\n|-heal|p2a: Rotom|96\/100|[silent]\n|upkeep\n|turn|7\n|\n|t:|1663696075\n|switch|p1a: rotomwash|Rotom-Wash|80\/100\n|move|p2a: Rotom|Defog|p1a: rotomwash\n|-unboost|p1a: rotomwash|evasion|1\n|-sideend|p2: I0SIS|Stealth Rock|[from] move: Defog|[of] p2a: Rotom\n|\n|-heal|p1a: rotomwash|86\/100|[from] item: Leftovers\n|upkeep\n|turn|8\n|\n|t:|1663696077\n|move|p1a: rotomwash|Thunderbolt|p2a: Rotom\n|-damage|p2a: Rotom|59\/100\n|move|p2a: Rotom|Volt Switch|p1a: rotomwash\n|-damage|p1a: rotomwash|59\/100\n|\n|t:|1663696082\n|switch|p2a: Ferrothorn|Ferrothorn, M|100\/100|[from]move: Volt Switch\n|\n|-heal|p1a: rotomwash|66\/100|[from] item: Leftovers\n|upkeep\n|turn|9\n|\n|t:|1663696084\n|switch|p1a: landorustherian|Landorus-Therian, M|75\/100\n|-ability|p1a: landorustherian|Intimidate|boost\n|-unboost|p2a: Ferrothorn|atk|1\n|move|p2a: Ferrothorn|Leech Seed|p1a: landorustherian\n|-start|p1a: landorustherian|move: Leech Seed\n|\n|-damage|p1a: landorustherian|62\/100|[from] Leech Seed|[of] p2a: Ferrothorn\n|upkeep\n|turn|10\n|\n|t:|1663696087\n|move|p1a: landorustherian|U-turn|p2a: Ferrothorn\n|-damage|p2a: Ferrothorn|83\/100\n|-damage|p1a: landorustherian|50\/100|[from] ability: Iron Barbs|[of] p2a: Ferrothorn\n|\n|t:|1663696087\n|switch|p1a: Tangrowth|Tangrowth, F|100\/100|[from]move: U-turn\n|move|p2a: Ferrothorn|Stealth Rock|p1a: Tangrowth\n|-sidestart|p1: minimax_ai|move: Stealth Rock\n|\n|-heal|p2a: Ferrothorn|89\/100|[from] item: Leftovers\n|upkeep\n|turn|11\n|\n|t:|1663696091\n|move|p1a: Tangrowth|Sleep Powder|p2a: Ferrothorn\n|-immune|p2a: Ferrothorn\n|move|p2a: Ferrothorn|Knock Off|p1a: Tangrowth\n|-damage|p1a: Tangrowth|94\/100\n|-damage|p2a: Ferrothorn|73\/100|[from] item: Rocky Helmet|[of] p1a: Tangrowth\n|-enditem|p1a: Tangrowth|Rocky Helmet|[from] move: Knock Off|[of] p2a: Ferrothorn\n|\n|-heal|p2a: Ferrothorn|79\/100|[from] item: Leftovers\n|upkeep\n|turn|12\n|\n|t:|1663696100\n|switch|p2a: Crobat|Crobat, M|100\/100\n|move|p1a: Tangrowth|Giga Drain|p2a: Crobat\n|-resisted|p2a: Crobat\n|-damage|p2a: Crobat|91\/100\n|-heal|p1a: Tangrowth|98\/100|[from] drain|[of] p2a: Crobat\n|\n|upkeep\n|turn|13\n|\n|t:|1663696105\n|switch|p1a: Melmetal|Melmetal|100\/100\n|-damage|p1a: Melmetal|94\/100|[from] Stealth Rock\n|move|p2a: Crobat|Sludge Bomb|p1a: Melmetal\n|-immune|p1a: Melmetal\n|\n|upkeep\n|turn|14\n|\n|t:|1663696107\n|switch|p2a: Rotom|Rotom-Wash, shiny|59\/100\n|move|p1a: Melmetal|Thunder Punch|p2a: Rotom\n|-damage|p2a: Rotom|33\/100\n|-damage|p1a: Melmetal|78\/100|[from] item: Rocky Helmet|[of] p2a: Rotom\n|\n|upkeep\n|turn|15\n|\n|t:|1663696109\n|move|p2a: Rotom|Pain Split|p1a: Melmetal\n|-sethp|p1a: Melmetal|50\/100|[from] move: Pain Split|[silent]\n|-sethp|p2a: Rotom|73\/100|[from] move: Pain Split\n|move|p1a: Melmetal|Ice Punch|p2a: Rotom\n|-resisted|p2a: Rotom\n|-damage|p2a: Rotom|60\/100\n|-damage|p1a: Melmetal|34\/100|[from] item: Rocky Helmet|[of] p2a: Rotom\n|\n|upkeep\n|turn|16\n|\n|t:|1663696112\n|move|p2a: Rotom|Hydro Pump|p1a: Melmetal\n|-damage|p1a: Melmetal|13\/100\n|move|p1a: Melmetal|Ice Punch|p2a: Rotom\n|-resisted|p2a: Rotom\n|-damage|p2a: Rotom|47\/100\n|-damage|p1a: Melmetal|0 fnt|[from] item: Rocky Helmet|[of] p2a: Rotom\n|faint|p1a: Melmetal\n|\n|upkeep\n|\n|t:|1663696112\n|switch|p1a: Weavile|Weavile, M|100\/100\n|-damage|p1a: Weavile|76\/100|[from] Stealth Rock\n|-ability|p1a: Weavile|Pressure\n|turn|17\n|\n|t:|1663696121\n|switch|p2a: Umbreon|Umbreon, F, shiny|100\/100\n|move|p1a: Weavile|Knock Off|p2a: Umbreon\n|-resisted|p2a: Umbreon\n|-damage|p2a: Umbreon|81\/100\n|-enditem|p2a: Umbreon|Leftovers|[from] move: Knock Off|[of] p1a: Weavile\n|\n|upkeep\n|turn|18\n|\n|t:|1663696123\n|switch|p1a: rotomwash|Rotom-Wash|66\/100\n|-damage|p1a: rotomwash|53\/100|[from] Stealth Rock\n|move|p2a: Umbreon|Wish|p2a: Umbreon\n|\n|-heal|p1a: rotomwash|59\/100|[from] item: Leftovers\n|upkeep\n|turn|19\n|\n|t:|1663696125\n|switch|p2a: Ferrothorn|Ferrothorn, M|79\/100\n|move|p1a: rotomwash|Nasty Plot|p1a: rotomwash\n|-boost|p1a: rotomwash|spa|2\n|\n|-heal|p2a: Ferrothorn|100\/100|[from] move: Wish|[wisher] Umbreon\n|-heal|p1a: rotomwash|66\/100|[from] item: Leftovers\n|upkeep\n|turn|20\n|\n|t:|1663696128\n|switch|p1a: Tangrowth|Tangrowth, F|100\/100\n|-damage|p1a: Tangrowth|88\/100|[from] Stealth Rock\n|move|p2a: Ferrothorn|Leech Seed|p1a: Tangrowth\n|-immune|p1a: Tangrowth\n|\n|upkeep\n|turn|21\n|\n|t:|1663696132\n|switch|p2a: Umbreon|Umbreon, F, shiny|81\/100\n|move|p1a: Tangrowth|Giga Drain|p2a: Umbreon\n|-damage|p2a: Umbreon|63\/100\n|-heal|p1a: Tangrowth|97\/100|[from] drain|[of] p2a: Umbreon\n|\n|upkeep\n|turn|22\n|\n|t:|1663696133\n|move|p2a: Umbreon|Wish|p2a: Umbreon\n|move|p1a: Tangrowth|Sleep Powder|p2a: Umbreon\n|-status|p2a: Umbreon|slp|[from] move: Sleep Powder\n|\n|upkeep\n|turn|23\n|\n|t:|1663696136\n|switch|p2a: Rotom|Rotom-Wash, shiny|47\/100\n|move|p1a: Tangrowth|Giga Drain|p2a: Rotom\n|-supereffective|p2a: Rotom\n|-damage|p2a: Rotom|0 fnt\n|-heal|p1a: Tangrowth|100\/100|[from] drain|[of] p2a: Rotom\n|faint|p2a: Rotom\n|\n|upkeep\n|\n|t:|1663696140\n|switch|p2a: Crobat|Crobat, M|91\/100\n|turn|24\n|\n|t:|1663696143\n|switch|p1a: Heatran|Heatran, M|53\/100\n|-damage|p1a: Heatran|41\/100|[from] Stealth Rock\n|-item|p1a: Heatran|Air Balloon\n|move|p2a: Crobat|Hurricane|p1a: Heatran\n|-resisted|p1a: Heatran\n|-damage|p1a: Heatran|14\/100\n|-enditem|p1a: Heatran|Air Balloon\n|-damage|p2a: Crobat|81\/100|[from] item: Life Orb\n|\n|upkeep\n|turn|25\n|\n|t:|1663696150\n|switch|p2a: Pelipper|Pelipper, F, shiny|100\/100\n|-weather|RainDance|[from] ability: Drizzle|[of] p2a: Pelipper\n|move|p1a: Heatran|Magma Storm|p2a: Pelipper|[miss]\n|-miss|p1a: Heatran|p2a: Pelipper\n|\n|-weather|RainDance|[upkeep]\n|upkeep\n|turn|26\n|\n|t:|1663696154\n|switch|p1a: rotomwash|Rotom-Wash|66\/100\n|-damage|p1a: rotomwash|53\/100|[from] Stealth Rock\n|move|p2a: Pelipper|Weather Ball|p1a: rotomwash\n|-resisted|p1a: rotomwash\n|-damage|p1a: rotomwash|0 fnt\n|faint|p1a: rotomwash\n|\n|-weather|RainDance|[upkeep]\n|upkeep\n|\n|t:|1663696154\n|switch|p1a: Tangrowth|Tangrowth, F|100\/100\n|-damage|p1a: Tangrowth|88\/100|[from] Stealth Rock\n|turn|27\n|\n|t:|1663696157\n|switch|p1a: Heatran|Heatran, M|14\/100\n|-damage|p1a: Heatran|2\/100|[from] Stealth Rock\n|move|p2a: Pelipper|Weather Ball|p1a: Heatran\n|-supereffective|p1a: Heatran\n|-damage|p1a: Heatran|0 fnt\n|faint|p1a: Heatran\n|\n|-weather|RainDance|[upkeep]\n|upkeep\n|\n|t:|1663696157\n|switch|p1a: Tangrowth|Tangrowth, F|100\/100\n|-damage|p1a: Tangrowth|88\/100|[from] Stealth Rock\n|turn|28\n|\n|t:|1663696162\n|switch|p2a: Crobat|Crobat, M|81\/100\n|move|p1a: Tangrowth|Giga Drain|p2a: Crobat\n|-resisted|p2a: Crobat\n|-damage|p2a: Crobat|72\/100\n|-heal|p1a: Tangrowth|92\/100|[from] drain|[of] p2a: Crobat\n|\n|-weather|RainDance|[upkeep]\n|upkeep\n|turn|29\n|\n|t:|1663696163\n|switch|p1a: Weavile|Weavile, M|76\/100\n|-damage|p1a: Weavile|51\/100|[from] Stealth Rock\n|-ability|p1a: Weavile|Pressure\n|move|p2a: Crobat|Hurricane|p1a: Weavile\n|-damage|p1a: Weavile|0 fnt\n|faint|p1a: Weavile\n|-damage|p2a: Crobat|62\/100|[from] item: Life Orb\n|\n|-weather|none\n|upkeep\n|\n|t:|1663696164\n|switch|p1a: landorustherian|Landorus-Therian, M|50\/100\n|-damage|p1a: landorustherian|38\/100|[from] Stealth Rock\n|-ability|p1a: landorustherian|Intimidate|boost\n|-unboost|p2a: Crobat|atk|1\n|turn|30\n|\n|t:|1663696172\n|switch|p2a: Umbreon|Umbreon, F, shiny|63\/100 slp\n|move|p1a: landorustherian|Toxic||[still]\n|-fail|p1a: landorustherian\n|\n|upkeep\n|turn|31\n|\n|t:|1663696176\n|move|p1a: landorustherian|Toxic||[still]\n|-fail|p1a: landorustherian\n|cant|p2a: Umbreon|slp\n|\n|upkeep\n|turn|32\n|\n|t:|1663696177\n|move|p1a: landorustherian|Toxic||[still]\n|-fail|p1a: landorustherian\n|cant|p2a: Umbreon|slp\n|\n|upkeep\n|turn|33\n|\n|t:|1663696180\n|move|p1a: landorustherian|Toxic||[still]\n|-fail|p1a: landorustherian\n|cant|p2a: Umbreon|slp\n|\n|upkeep\n|turn|34\n|\n|t:|1663696182\n|move|p1a: landorustherian|Toxic||[still]\n|-fail|p1a: landorustherian\n|-curestatus|p2a: Umbreon|slp|[msg]\n|move|p2a: Umbreon|Wish|p2a: Umbreon\n|\n|upkeep\n|turn|35\n|\n|t:|1663696184\n|switch|p2a: Crobat|Crobat, M|62\/100\n|move|p1a: landorustherian|U-turn|p2a: Crobat\n|-resisted|p2a: Crobat\n|-damage|p2a: Crobat|55\/100\n|\n|t:|1663696184\n|switch|p1a: Tangrowth|Tangrowth, F|100\/100|[from]move: U-turn\n|-damage|p1a: Tangrowth|88\/100|[from] Stealth Rock\n|\n|-heal|p2a: Crobat|100\/100|[from] move: Wish|[wisher] Umbreon\n|upkeep\n|turn|36\n|\n|t:|1663696187\n|switch|p2a: Pelipper|Pelipper, F, shiny|100\/100\n|-weather|RainDance|[from] ability: Drizzle|[of] p2a: Pelipper\n|move|p1a: Tangrowth|Knock Off|p2a: Pelipper\n|-damage|p2a: Pelipper|70\/100\n|-enditem|p2a: Pelipper|Choice Specs|[from] move: Knock Off|[of] p1a: Tangrowth\n|\n|-weather|RainDance|[upkeep]\n|upkeep\n|turn|37\n|\n|t:|1663696189\n|switch|p1a: landorustherian|Landorus-Therian, M|38\/100\n|-damage|p1a: landorustherian|25\/100|[from] Stealth Rock\n|-ability|p1a: landorustherian|Intimidate|boost\n|-unboost|p2a: Pelipper|atk|1\n|move|p2a: Pelipper|Hurricane|p1a: landorustherian\n|-damage|p1a: landorustherian|0 fnt\n|faint|p1a: landorustherian\n|\n|-weather|RainDance|[upkeep]\n|upkeep\n|\n|t:|1663696189\n|switch|p1a: Tangrowth|Tangrowth, F|100\/100\n|-damage|p1a: Tangrowth|88\/100|[from] Stealth Rock\n|turn|38\n|\n|t:|1663696191\n|move|p2a: Pelipper|Hurricane|p1a: Tangrowth\n|-supereffective|p1a: Tangrowth\n|-damage|p1a: Tangrowth|0 fnt\n|faint|p1a: Tangrowth\n|\n|win|I0SIS\n|raw|minimax_ai's rating: 1524 &rarr; <strong>1508<\/strong><br \/>(-16 for losing)\n|raw|I0SIS's rating: 1587 &rarr; <strong>1603<\/strong><br \/>(+16 for winning)\n|c|\u2606minimax_ai|gg\n","uploadtime":1663696192,"views":29,"p1id":"minimaxai","p2id":"i0sis","formatid":"gen8ou","rating":1508,"private":0,"password":null}