{"id":"gen8ou-1674909018","p1":"AlIoutdragadarts","p2":"hypervortexreturns","format":"gen8ou","log":"|j|\u2606AlIoutdragadarts\n|j|\u203dhypervortexreturns\n|t:|1664622614\n|gametype|singles\n|player|p1|AlIoutdragadarts|dawn|1748\n|player|p2|hypervortexreturns|2|1863\n|teamsize|p1|6\n|teamsize|p2|6\n|gen|8\n|tier|[Gen 8] OU\n|rated|\n|rule|Sleep Clause Mod: Limit one foe put to sleep\n|rule|Species Clause: Limit one of each Pok\u00e9mon\n|rule|OHKO Clause: OHKO moves are banned\n|rule|Evasion Items Clause: Evasion items are banned\n|rule|Evasion Moves Clause: Evasion moves are banned\n|rule|Endless Battle Clause: Forcing endless battles is banned\n|rule|HP Percentage Mod: HP is shown in percentages\n|rule|Dynamax Clause: You cannot dynamax\n|clearpoke\n|poke|p1|Excadrill, M|\n|poke|p1|Hippowdon, M|\n|poke|p1|Toxapex, M|\n|poke|p1|Clefable, F|\n|poke|p1|Skarmory, M|\n|poke|p1|Hydreigon, M|\n|poke|p2|Hydreigon, F|\n|poke|p2|Zapdos|\n|poke|p2|Tangrowth, F|\n|poke|p2|Corviknight, F|\n|poke|p2|Excadrill, F|\n|poke|p2|Azumarill, F|\n|teampreview\n|inactive|Battle timer is ON: inactive players will automatically lose when time's up. (requested by AlIoutdragadarts)\n|\n|t:|1664622634\n|start\n|switch|p1a: Hippowdon|Hippowdon, M, shiny|100\/100\n|switch|p2a: Tangrowth|Tangrowth, F|100\/100\n|-weather|Sandstorm|[from] ability: Sand Stream|[of] p1a: Hippowdon\n|turn|1\n|\n|t:|1664622647\n|move|p1a: Hippowdon|Stealth Rock|p2a: Tangrowth\n|-sidestart|p2: hypervortexreturns|move: Stealth Rock\n|move|p2a: Tangrowth|Sleep Powder|p1a: Hippowdon\n|-status|p1a: Hippowdon|slp|[from] move: Sleep Powder\n|\n|-weather|Sandstorm|[upkeep]\n|-damage|p2a: Tangrowth|94\/100|[from] Sandstorm\n|upkeep\n|turn|2\n|j| Palladiawa A\n|\n|t:|1664622671\n|switch|p1a: Clefable|Clefable, F, shiny|100\/100\n|switch|p2a: Azumarill|Azumarill, F|100\/100\n|-damage|p2a: Azumarill|88\/100|[from] Stealth Rock\n|\n|-weather|Sandstorm|[upkeep]\n|-damage|p2a: Azumarill|82\/100|[from] Sandstorm\n|upkeep\n|turn|3\n|\n|t:|1664622689\n|move|p2a: Azumarill|Belly Drum|p2a: Azumarill\n|-damage|p2a: Azumarill|32\/100\n|-setboost|p2a: Azumarill|atk|6|[from] move: Belly Drum\n|-enditem|p2a: Azumarill|Sitrus Berry|[eat]\n|-heal|p2a: Azumarill|57\/100|[from] item: Sitrus Berry\n|move|p1a: Clefable|Thunder|p2a: Azumarill\n|-supereffective|p2a: Azumarill\n|-damage|p2a: Azumarill|0 fnt\n|faint|p2a: Azumarill\n|\n|-weather|Sandstorm|[upkeep]\n|upkeep\n|inactive|hypervortexreturns has 120 seconds left.\n|c| Palladiawa A|lol\n|\n|t:|1664622704\n|switch|p2a: Excadrill|Excadrill, F|100\/100\n|-damage|p2a: Excadrill|97\/100|[from] Stealth Rock\n|-ability|p2a: Excadrill|Mold Breaker\n|turn|4\n|inactive|AlIoutdragadarts has 120 seconds left.\n|j| qdhwefdw\n|inactive|AlIoutdragadarts has 90 seconds left.\n|\n|t:|1664622777\n|switch|p1a: Skarmory|Skarmory, M, shiny|100\/100\n|move|p2a: Excadrill|Stealth Rock|p1a: Skarmory\n|-sidestart|p1: AlIoutdragadarts|move: Stealth Rock\n|\n|-weather|Sandstorm|[upkeep]\n|-heal|p2a: Excadrill|100\/100|[from] item: Leftovers\n|upkeep\n|turn|5\n|l| qdhwefdw\n|inactive|hypervortexreturns has 120 seconds left.\n|\n|t:|1664622807\n|switch|p2a: Zapdos|Zapdos|100\/100\n|move|p1a: Skarmory|Spikes|p2a: Zapdos\n|-sidestart|p2: hypervortexreturns|Spikes\n|\n|-weather|none\n|upkeep\n|turn|6\n|inactive|AlIoutdragadarts has 90 seconds left.\n|\n|t:|1664622828\n|switch|p1a: Toxapex|Toxapex, M, shiny|100\/100\n|-damage|p1a: Toxapex|88\/100|[from] Stealth Rock\n|move|p2a: Zapdos|Hurricane|p1a: Toxapex|[miss]\n|-miss|p2a: Zapdos|p1a: Toxapex\n|\n|-heal|p1a: Toxapex|94\/100|[from] item: Black Sludge\n|upkeep\n|turn|7\n|\n|t:|1664622840\n|move|p2a: Zapdos|Discharge|p1a: Toxapex\n|-supereffective|p1a: Toxapex\n|-damage|p1a: Toxapex|52\/100\n|-status|p1a: Toxapex|par\n|move|p1a: Toxapex|Light Screen|p1a: Toxapex\n|-sidestart|p1: AlIoutdragadarts|move: Light Screen\n|\n|-heal|p1a: Toxapex|58\/100 par|[from] item: Black Sludge\n|upkeep\n|turn|8\n|\n|t:|1664622857\n|switch|p1a: Excadrill|Excadrill, M, shiny|100\/100\n|-damage|p1a: Excadrill|97\/100|[from] Stealth Rock\n|move|p2a: Zapdos|Discharge|p1a: Excadrill\n|-immune|p1a: Excadrill\n|\n|-heal|p1a: Excadrill|100\/100|[from] item: Leftovers\n|upkeep\n|turn|9\n|j| darkcloud1986\n|\n|t:|1664622869\n|switch|p2a: Tangrowth|Tangrowth, F|100\/100\n|-damage|p2a: Tangrowth|88\/100|[from] Stealth Rock\n|-damage|p2a: Tangrowth|76\/100|[from] Spikes\n|move|p1a: Excadrill|Rapid Spin|p2a: Tangrowth\n|-damage|p2a: Tangrowth|67\/100\n|-boost|p1a: Excadrill|spe|1\n|-damage|p1a: Excadrill|84\/100|[from] item: Rocky Helmet|[of] p2a: Tangrowth\n|-sideend|p1: AlIoutdragadarts|Stealth Rock|[from] move: Rapid Spin|[of] p1a: Excadrill\n|\n|-heal|p1a: Excadrill|90\/100|[from] item: Leftovers\n|upkeep\n|turn|10\n|j| pika2333\n|inactive|AlIoutdragadarts has 90 seconds left.\n|inactive|AlIoutdragadarts has 60 seconds left.\n|\n|t:|1664622918\n|switch|p1a: Clefable|Clefable, F, shiny|100\/100\n|move|p2a: Tangrowth|Knock Off|p1a: Clefable\n|-resisted|p1a: Clefable\n|-damage|p1a: Clefable|91\/100\n|-enditem|p1a: Clefable|Life Orb|[from] move: Knock Off|[of] p2a: Tangrowth\n|\n|upkeep\n|turn|11\n|\n|t:|1664622935\n|switch|p2a: Zapdos|Zapdos|100\/100\n|move|p1a: Clefable|Moonblast|p2a: Zapdos\n|-damage|p2a: Zapdos|67\/100\n|\n|-sideend|p1: AlIoutdragadarts|move: Light Screen\n|upkeep\n|turn|12\n|\n|t:|1664622947\n|move|p2a: Zapdos|Discharge|p1a: Clefable\n|-damage|p1a: Clefable|58\/100\n|move|p1a: Clefable|Calm Mind|p1a: Clefable\n|-boost|p1a: Clefable|spa|1\n|-boost|p1a: Clefable|spd|1\n|\n|upkeep\n|turn|13\n|inactive|hypervortexreturns has 90 seconds left.\n|\n|t:|1664622965\n|switch|p2a: Excadrill|Excadrill, F|100\/100\n|-damage|p2a: Excadrill|97\/100|[from] Stealth Rock\n|-damage|p2a: Excadrill|85\/100|[from] Spikes\n|-ability|p2a: Excadrill|Mold Breaker\n|move|p1a: Clefable|Soft-Boiled|p1a: Clefable\n|-heal|p1a: Clefable|100\/100\n|\n|-heal|p2a: Excadrill|91\/100|[from] item: Leftovers\n|upkeep\n|turn|14\n|inactive|hypervortexreturns has 90 seconds left.\n|\n|t:|1664622979\n|switch|p1a: Skarmory|Skarmory, M, shiny|100\/100\n|move|p2a: Excadrill|Stealth Rock|p1a: Skarmory\n|-sidestart|p1: AlIoutdragadarts|move: Stealth Rock\n|\n|-heal|p2a: Excadrill|97\/100|[from] item: Leftovers\n|upkeep\n|turn|15\n|\n|t:|1664622988\n|switch|p2a: Zapdos|Zapdos|67\/100\n|move|p1a: Skarmory|Spikes|p2a: Zapdos\n|-sidestart|p2: hypervortexreturns|Spikes\n|\n|upkeep\n|turn|16\n|inactive|hypervortexreturns has 90 seconds left.\n|\n|t:|1664623005\n|switch|p1a: Hydreigon|Hydreigon, M, shiny|100\/100\n|-damage|p1a: Hydreigon|88\/100|[from] Stealth Rock\n|move|p2a: Zapdos|Discharge|p1a: Hydreigon\n|-resisted|p1a: Hydreigon\n|-crit|p1a: Hydreigon\n|-damage|p1a: Hydreigon|62\/100\n|\n|-heal|p1a: Hydreigon|68\/100|[from] item: Leftovers\n|upkeep\n|turn|17\n|inactive|hypervortexreturns has 90 seconds left.\n|\n|t:|1664623020\n|move|p2a: Zapdos|Hurricane|p1a: Hydreigon\n|-damage|p1a: Hydreigon|19\/100\n|move|p1a: Hydreigon|Dark Pulse|p2a: Zapdos\n|-damage|p2a: Zapdos|31\/100\n|\n|-heal|p1a: Hydreigon|25\/100|[from] item: Leftovers\n|upkeep\n|turn|18\n|inactive|hypervortexreturns has 90 seconds left.\n|\n|t:|1664623040\n|switch|p1a: Toxapex|Toxapex, M, shiny|91\/100 par\n|-damage|p1a: Toxapex|79\/100 par|[from] Stealth Rock\n|move|p2a: Zapdos|Hurricane|p1a: Toxapex\n|-damage|p1a: Toxapex|48\/100 par\n|\n|-heal|p1a: Toxapex|54\/100 par|[from] item: Black Sludge\n|upkeep\n|turn|19\n|\n|t:|1664623051\n|move|p2a: Zapdos|Roost|p2a: Zapdos\n|-heal|p2a: Zapdos|81\/100\n|-singleturn|p2a: Zapdos|move: Roost\n|move|p1a: Toxapex|Light Screen|p1a: Toxapex\n|-sidestart|p1: AlIoutdragadarts|move: Light Screen\n|\n|-heal|p1a: Toxapex|60\/100 par|[from] item: Black Sludge\n|upkeep\n|turn|20\n|\n|t:|1664623061\n|switch|p1a: Excadrill|Excadrill, M, shiny|90\/100\n|-damage|p1a: Excadrill|87\/100|[from] Stealth Rock\n|move|p2a: Zapdos|Hurricane|p1a: Excadrill\n|-resisted|p1a: Excadrill\n|-damage|p1a: Excadrill|71\/100\n|\n|-heal|p1a: Excadrill|77\/100|[from] item: Leftovers\n|upkeep\n|turn|21\n|\n|t:|1664623074\n|switch|p2a: Tangrowth|Tangrowth, F|99\/100\n|-damage|p2a: Tangrowth|88\/100|[from] Stealth Rock\n|-damage|p2a: Tangrowth|71\/100|[from] Spikes\n|move|p1a: Excadrill|Swords Dance|p1a: Excadrill\n|-boost|p1a: Excadrill|atk|2\n|\n|-heal|p1a: Excadrill|83\/100|[from] item: Leftovers\n|upkeep\n|turn|22\n|\n|t:|1664623090\n|move|p1a: Excadrill|Iron Head|p2a: Tangrowth\n|-damage|p2a: Tangrowth|25\/100\n|-damage|p1a: Excadrill|67\/100|[from] item: Rocky Helmet|[of] p2a: Tangrowth\n|cant|p2a: Tangrowth|flinch\n|\n|-heal|p1a: Excadrill|73\/100|[from] item: Leftovers\n|upkeep\n|turn|23\n|\n|t:|1664623107\n|move|p1a: Excadrill|Rapid Spin|p2a: Tangrowth\n|-damage|p2a: Tangrowth|6\/100\n|-boost|p1a: Excadrill|spe|1\n|-damage|p1a: Excadrill|56\/100|[from] item: Rocky Helmet|[of] p2a: Tangrowth\n|-sideend|p1: AlIoutdragadarts|Stealth Rock|[from] move: Rapid Spin|[of] p1a: Excadrill\n|move|p2a: Tangrowth|Knock Off|p1a: Excadrill\n|-damage|p1a: Excadrill|23\/100\n|-enditem|p1a: Excadrill|Leftovers|[from] move: Knock Off|[of] p2a: Tangrowth\n|\n|-sideend|p1: AlIoutdragadarts|move: Light Screen\n|upkeep\n|turn|24\n|j| Ctannn\n|inactive|hypervortexreturns has 60 seconds left.\n|c| Palladiawa A|lol you should cal\n|\n|t:|1664623145\n|move|p1a: Excadrill|Iron Head|p2a: Tangrowth\n|-damage|p2a: Tangrowth|0 fnt\n|-damage|p1a: Excadrill|7\/100|[from] item: Rocky Helmet|[of] p2a: Tangrowth\n|faint|p2a: Tangrowth\n|\n|upkeep\n|\n|t:|1664623171\n|switch|p2a: Zapdos|Zapdos|81\/100\n|turn|25\n|\n|t:|1664623176\n|move|p1a: Excadrill|Iron Head|p2a: Zapdos\n|-resisted|p2a: Zapdos\n|-damage|p2a: Zapdos|41\/100\n|cant|p2a: Zapdos|flinch\n|\n|upkeep\n|turn|26\n|\n|t:|1664623186\n|switch|p2a: Corviknight|Corviknight, F|100\/100\n|-damage|p2a: Corviknight|88\/100|[from] Stealth Rock\n|-ability|p2a: Corviknight|Pressure\n|move|p1a: Excadrill|Iron Head|p2a: Corviknight\n|-resisted|p2a: Corviknight\n|-damage|p2a: Corviknight|53\/100\n|\n|-heal|p2a: Corviknight|59\/100|[from] item: Leftovers\n|upkeep\n|turn|27\n|\n|t:|1664623202\n|move|p1a: Excadrill|Iron Head|p2a: Corviknight\n|-resisted|p2a: Corviknight\n|-damage|p2a: Corviknight|26\/100\n|move|p2a: Corviknight|Brave Bird|p1a: Excadrill\n|-resisted|p1a: Excadrill\n|-damage|p1a: Excadrill|0 fnt\n|faint|p1a: Excadrill\n|-damage|p2a: Corviknight|24\/100|[from] Recoil\n|\n|-heal|p2a: Corviknight|30\/100|[from] item: Leftovers\n|upkeep\n|\n|t:|1664623208\n|switch|p1a: Hydreigon|Hydreigon, M, shiny|25\/100\n|turn|28\n|l| darkcloud1986\n|\n|t:|1664623227\n|switch|p2a: Zapdos|Zapdos|41\/100\n|move|p1a: Hydreigon|Dark Pulse|p2a: Zapdos\n|-damage|p2a: Zapdos|3\/100\n|\n|-heal|p1a: Hydreigon|31\/100|[from] item: Leftovers\n|upkeep\n|turn|29\n|\n|t:|1664623245\n|move|p2a: Zapdos|Roost|p2a: Zapdos\n|-heal|p2a: Zapdos|53\/100\n|-singleturn|p2a: Zapdos|move: Roost\n|move|p1a: Hydreigon|Roost|p1a: Hydreigon\n|-heal|p1a: Hydreigon|81\/100\n|-singleturn|p1a: Hydreigon|move: Roost\n|\n|-heal|p1a: Hydreigon|87\/100|[from] item: Leftovers\n|upkeep\n|turn|30\n|j| qdhwefdw\n|\n|t:|1664623256\n|switch|p1a: Toxapex|Toxapex, M, shiny|94\/100 par\n|move|p2a: Zapdos|Toxic||[still]\n|-fail|p2a: Zapdos\n|\n|-heal|p1a: Toxapex|99\/100 par|[from] item: Black Sludge\n|upkeep\n|turn|31\n|\n|t:|1664623276\n|move|p2a: Zapdos|Roost|p2a: Zapdos\n|-heal|p2a: Zapdos|100\/100\n|-singleturn|p2a: Zapdos|move: Roost\n|move|p1a: Toxapex|Light Screen|p1a: Toxapex\n|-sidestart|p1: AlIoutdragadarts|move: Light Screen\n|\n|-heal|p1a: Toxapex|100\/100 par|[from] item: Black Sludge\n|upkeep\n|turn|32\n|\n|t:|1664623288\n|switch|p1a: Clefable|Clefable, F, shiny|100\/100\n|move|p2a: Zapdos|Hurricane|p1a: Clefable\n|-damage|p1a: Clefable|78\/100\n|-start|p1a: Clefable|confusion\n|\n|upkeep\n|turn|33\n|\n|t:|1664623298\n|move|p2a: Zapdos|Discharge|p1a: Clefable\n|-damage|p1a: Clefable|62\/100\n|-status|p1a: Clefable|par\n|-activate|p1a: Clefable|confusion\n|move|p1a: Clefable|Soft-Boiled|p1a: Clefable\n|-heal|p1a: Clefable|100\/100 par\n|\n|upkeep\n|turn|34\n|\n|t:|1664623313\n|switch|p2a: Excadrill|Excadrill, F|97\/100\n|-damage|p2a: Excadrill|94\/100|[from] Stealth Rock\n|-damage|p2a: Excadrill|78\/100|[from] Spikes\n|-ability|p2a: Excadrill|Mold Breaker\n|-activate|p1a: Clefable|confusion\n|move|p1a: Clefable|Calm Mind|p1a: Clefable\n|-boost|p1a: Clefable|spa|1\n|-boost|p1a: Clefable|spd|1\n|\n|-heal|p2a: Excadrill|84\/100|[from] item: Leftovers\n|upkeep\n|turn|35\n|j| Me1oNz\n|c| Palladiawa A|you should wake up hippo first\n|\n|t:|1664623328\n|switch|p1a: Skarmory|Skarmory, M, shiny|100\/100\n|move|p2a: Excadrill|Stealth Rock|p1a: Skarmory\n|-sidestart|p1: AlIoutdragadarts|move: Stealth Rock\n|\n|-heal|p2a: Excadrill|90\/100|[from] item: Leftovers\n|-sideend|p1: AlIoutdragadarts|move: Light Screen\n|upkeep\n|turn|36\n|\n|t:|1664623342\n|switch|p2a: Zapdos|Zapdos|100\/100\n|move|p1a: Skarmory|Spikes|p2a: Zapdos\n|-sidestart|p2: hypervortexreturns|Spikes\n|\n|upkeep\n|turn|37\n|\n|t:|1664623351\n|switch|p1a: Hippowdon|Hippowdon, M, shiny|100\/100 slp\n|-damage|p1a: Hippowdon|94\/100 slp|[from] Stealth Rock\n|-weather|Sandstorm|[from] ability: Sand Stream|[of] p1a: Hippowdon\n|move|p2a: Zapdos|Discharge|p1a: Hippowdon\n|-immune|p1a: Hippowdon\n|\n|-weather|Sandstorm|[upkeep]\n|-damage|p2a: Zapdos|94\/100|[from] Sandstorm\n|-heal|p1a: Hippowdon|100\/100 slp|[from] item: Leftovers\n|upkeep\n|turn|38\n|\n|t:|1664623365\n|move|p2a: Zapdos|Hurricane|p1a: Hippowdon\n|-damage|p1a: Hippowdon|69\/100 slp\n|cant|p1a: Hippowdon|slp\n|\n|-weather|Sandstorm|[upkeep]\n|-damage|p2a: Zapdos|88\/100|[from] Sandstorm\n|-heal|p1a: Hippowdon|75\/100 slp|[from] item: Leftovers\n|upkeep\n|turn|39\n|j| Stylexp\n|\n|t:|1664623382\n|move|p2a: Zapdos|Hurricane|p1a: Hippowdon\n|-damage|p1a: Hippowdon|41\/100 slp\n|-start|p1a: Hippowdon|confusion\n|-curestatus|p1a: Hippowdon|slp|[msg]\n|-activate|p1a: Hippowdon|confusion\n|move|p1a: Hippowdon|Slack Off|p1a: Hippowdon\n|-heal|p1a: Hippowdon|91\/100\n|\n|-weather|Sandstorm|[upkeep]\n|-damage|p2a: Zapdos|82\/100|[from] Sandstorm\n|-heal|p1a: Hippowdon|97\/100|[from] item: Leftovers\n|upkeep\n|turn|40\n|l| Stylexp\n|\n|t:|1664623395\n|move|p2a: Zapdos|Toxic|p1a: Hippowdon\n|-status|p1a: Hippowdon|tox\n|-activate|p1a: Hippowdon|confusion\n|-damage|p1a: Hippowdon|90\/100 tox|[from] confusion\n|\n|-weather|Sandstorm|[upkeep]\n|-damage|p2a: Zapdos|75\/100|[from] Sandstorm\n|-heal|p1a: Hippowdon|96\/100 tox|[from] item: Leftovers\n|-damage|p1a: Hippowdon|90\/100 tox|[from] psn\n|upkeep\n|turn|41\n|inactive|hypervortexreturns has 30 seconds left.\n|\n|t:|1664623411\n|switch|p2a: Corviknight|Corviknight, F|30\/100\n|-damage|p2a: Corviknight|17\/100|[from] Stealth Rock\n|-ability|p2a: Corviknight|Pressure\n|-activate|p1a: Hippowdon|confusion\n|move|p1a: Hippowdon|Toxic|p2a: Corviknight\n|-immune|p2a: Corviknight\n|\n|-weather|none\n|-heal|p2a: Corviknight|24\/100|[from] item: Leftovers\n|-heal|p1a: Hippowdon|96\/100 tox|[from] item: Leftovers\n|-damage|p1a: Hippowdon|84\/100 tox|[from] psn\n|upkeep\n|turn|42\n|inactive|hypervortexreturns has 30 seconds left.\n|\n|t:|1664623426\n|switch|p1a: Hydreigon|Hydreigon, M, shiny|87\/100\n|-damage|p1a: Hydreigon|74\/100|[from] Stealth Rock\n|move|p2a: Corviknight|Roost|p2a: Corviknight\n|-heal|p2a: Corviknight|74\/100\n|-singleturn|p2a: Corviknight|move: Roost\n|\n|-heal|p1a: Hydreigon|80\/100|[from] item: Leftovers\n|-heal|p2a: Corviknight|80\/100|[from] item: Leftovers\n|upkeep\n|turn|43\n|inactive|hypervortexreturns has 30 seconds left.\n|\n|t:|1664623440\n|switch|p2a: Zapdos|Zapdos|75\/100\n|move|p1a: Hydreigon|Nasty Plot|p1a: Hydreigon\n|-boost|p1a: Hydreigon|spa|2\n|\n|-heal|p1a: Hydreigon|86\/100|[from] item: Leftovers\n|upkeep\n|turn|44\n|inactive|hypervortexreturns has 30 seconds left.\n|\n|t:|1664623451\n|move|p2a: Zapdos|Toxic|p1a: Hydreigon\n|-status|p1a: Hydreigon|tox\n|move|p1a: Hydreigon|Dark Pulse|p2a: Zapdos\n|-damage|p2a: Zapdos|3\/100\n|\n|-heal|p1a: Hydreigon|92\/100 tox|[from] item: Leftovers\n|-damage|p1a: Hydreigon|86\/100 tox|[from] psn\n|upkeep\n|turn|45\n|inactive|hypervortexreturns has 30 seconds left.\n|\n|t:|1664623463\n|move|p2a: Zapdos|Hurricane|p1a: Hydreigon|[miss]\n|-miss|p2a: Zapdos|p1a: Hydreigon\n|move|p1a: Hydreigon|Dark Pulse|p2a: Zapdos\n|-damage|p2a: Zapdos|0 fnt\n|faint|p2a: Zapdos\n|\n|-heal|p1a: Hydreigon|92\/100 tox|[from] item: Leftovers\n|-damage|p1a: Hydreigon|80\/100 tox|[from] psn\n|upkeep\n|inactive|hypervortexreturns has 30 seconds left this turn.\n|inactive|hypervortexreturns has 20 seconds left.\n|\n|t:|1664623474\n|switch|p2a: Hydreigon|Hydreigon, F|100\/100\n|-damage|p2a: Hydreigon|88\/100|[from] Stealth Rock\n|turn|46\n|inactive|hypervortexreturns has 30 seconds left this turn.\n|inactive|hypervortexreturns has 20 seconds left.\n|\n|t:|1664623484\n|switch|p1a: Clefable|Clefable, F, shiny|100\/100 par\n|move|p2a: Hydreigon|Nasty Plot|p2a: Hydreigon\n|-boost|p2a: Hydreigon|spa|2\n|\n|-heal|p2a: Hydreigon|94\/100|[from] item: Leftovers\n|upkeep\n|turn|47\n|inactive|hypervortexreturns has 30 seconds left this turn.\n|inactive|hypervortexreturns has 20 seconds left.\n|inactive|hypervortexreturns has 15 seconds left.\n|\n|t:|1664623500\n|move|p2a: Hydreigon|Earth Power|p1a: Clefable\n|-damage|p1a: Clefable|50\/100 par\n|cant|p1a: Clefable|par\n|\n|-heal|p2a: Hydreigon|100\/100|[from] item: Leftovers\n|upkeep\n|turn|48\n|inactive|hypervortexreturns has 25 seconds left this turn.\n|inactive|hypervortexreturns has 20 seconds left.\n|\n|t:|1664623508\n|move|p2a: Hydreigon|Earth Power|p1a: Clefable\n|-damage|p1a: Clefable|5\/100 par\n|move|p1a: Clefable|Moonblast|p2a: Hydreigon\n|-supereffective|p2a: Hydreigon\n|-damage|p2a: Hydreigon|0 fnt\n|faint|p2a: Hydreigon\n|\n|upkeep\n|inactive|hypervortexreturns has 25 seconds left this turn.\n|inactive|hypervortexreturns has 20 seconds left.\n|inactive|hypervortexreturns has 15 seconds left.\n|inactive|hypervortexreturns has 10 seconds left.\n|\n|t:|1664623527\n|switch|p2a: Corviknight|Corviknight, F|80\/100\n|-damage|p2a: Corviknight|67\/100|[from] Stealth Rock\n|-ability|p2a: Corviknight|Pressure\n|turn|49\n|inactive|hypervortexreturns has 20 seconds left this turn.\n|j| Stylexp\n|inactive|hypervortexreturns has 15 seconds left.\n|\n|t:|1664623534\n|move|p2a: Corviknight|Brave Bird|p1a: Clefable\n|-damage|p1a: Clefable|0 fnt\n|faint|p1a: Clefable\n|-damage|p2a: Corviknight|66\/100|[from] Recoil\n|\n|-heal|p2a: Corviknight|72\/100|[from] item: Leftovers\n|upkeep\n|inactive|hypervortexreturns has 20 seconds left this turn.\n|\n|t:|1664623542\n|switch|p1a: Hydreigon|Hydreigon, M, shiny|80\/100 tox\n|-damage|p1a: Hydreigon|68\/100 tox|[from] Stealth Rock\n|turn|50\n|inactive|hypervortexreturns has 30 seconds left this turn.\n|inactive|hypervortexreturns has 20 seconds left.\n|\n|t:|1664623554\n|move|p1a: Hydreigon|Nasty Plot|p1a: Hydreigon\n|-boost|p1a: Hydreigon|spa|2\n|move|p2a: Corviknight|Brave Bird|p1a: Hydreigon\n|-damage|p1a: Hydreigon|31\/100 tox\n|-damage|p2a: Corviknight|62\/100|[from] Recoil\n|\n|-heal|p1a: Hydreigon|37\/100 tox|[from] item: Leftovers\n|-heal|p2a: Corviknight|68\/100|[from] item: Leftovers\n|-damage|p1a: Hydreigon|31\/100 tox|[from] psn\n|upkeep\n|turn|51\n|inactive|hypervortexreturns has 30 seconds left this turn.\n|inactive|hypervortexreturns has 20 seconds left.\n|l| pika2333\n|inactive|hypervortexreturns has 15 seconds left.\n|\n|t:|1664623574\n|move|p1a: Hydreigon|Roost|p1a: Hydreigon\n|-heal|p1a: Hydreigon|81\/100 tox\n|-singleturn|p1a: Hydreigon|move: Roost\n|move|p2a: Corviknight|Roost|p2a: Corviknight\n|-heal|p2a: Corviknight|100\/100\n|-singleturn|p2a: Corviknight|move: Roost\n|\n|-heal|p1a: Hydreigon|87\/100 tox|[from] item: Leftovers\n|-damage|p1a: Hydreigon|75\/100 tox|[from] psn\n|upkeep\n|turn|52\n|inactive|hypervortexreturns has 25 seconds left this turn.\n|inactive|hypervortexreturns has 20 seconds left.\n|inactive|hypervortexreturns has 15 seconds left.\n|l| qdhwefdw\n|inactive|hypervortexreturns has 10 seconds left.\n|\n|t:|1664623589\n|move|p1a: Hydreigon|Dark Pulse|p2a: Corviknight\n|-damage|p2a: Corviknight|52\/100\n|move|p2a: Corviknight|Brave Bird|p1a: Hydreigon\n|-damage|p1a: Hydreigon|32\/100 tox\n|-damage|p2a: Corviknight|39\/100|[from] Recoil\n|\n|-heal|p1a: Hydreigon|38\/100 tox|[from] item: Leftovers\n|-heal|p2a: Corviknight|45\/100|[from] item: Leftovers\n|-damage|p1a: Hydreigon|20\/100 tox|[from] psn\n|upkeep\n|turn|53\n|inactive|hypervortexreturns has 20 seconds left this turn.\n|inactive|hypervortexreturns has 15 seconds left.\n|inactive|hypervortexreturns has 10 seconds left.\n|\n|t:|1664623602\n|switch|p2a: Excadrill|Excadrill, F|90\/100\n|-damage|p2a: Excadrill|87\/100|[from] Stealth Rock\n|-damage|p2a: Excadrill|62\/100|[from] Spikes\n|-ability|p2a: Excadrill|Mold Breaker\n|move|p1a: Hydreigon|Dark Pulse|p2a: Excadrill\n|-damage|p2a: Excadrill|0 fnt\n|faint|p2a: Excadrill\n|\n|-heal|p1a: Hydreigon|26\/100 tox|[from] item: Leftovers\n|-damage|p1a: Hydreigon|2\/100 tox|[from] psn\n|upkeep\n|inactive|hypervortexreturns has 15 seconds left this turn.\n|inactive|hypervortexreturns has 10 seconds left.\n|inactive|hypervortexreturns has 5 seconds left.\n|\n|t:|1664623615\n|switch|p2a: Corviknight|Corviknight, F|45\/100\n|-damage|p2a: Corviknight|33\/100|[from] Stealth Rock\n|-ability|p2a: Corviknight|Pressure\n|turn|54\n|inactive|hypervortexreturns has 15 seconds left this turn.\n|inactive|hypervortexreturns has 10 seconds left.\n|\n|t:|1664623621\n|move|p1a: Hydreigon|Dark Pulse|p2a: Corviknight\n|-damage|p2a: Corviknight|0 fnt\n|faint|p2a: Corviknight\n|\n|win|AlIoutdragadarts\n|inactive|hypervortexreturns has 15 seconds left this turn.\n|raw|AlIoutdragadarts's rating: 1748 &rarr; <strong>1773<\/strong><br \/>(+25 for winning)\n|raw|hypervortexreturns's rating: 1840 &rarr; <strong>1815<\/strong><br \/>(-25 for losing)\n","uploadtime":1664623629,"views":67,"p1id":"alioutdragadarts","p2id":"hypervortexreturns","formatid":"gen8ou","rating":1773,"private":0,"password":null}