{"id":"gen8ou-1701806214","p1":"Hajmola","p2":"LolzMachine","format":"gen8ou","log":"|j|\u2606Hajmola\n|j|\u2606LolzMachine\n|t:|1667488856\n|gametype|singles\n|player|p1|Hajmola|doctor|1781\n|player|p2|LolzMachine|1|1794\n|teamsize|p1|6\n|teamsize|p2|6\n|gen|8\n|tier|[Gen 8] OU\n|rated|\n|rule|Sleep Clause Mod: Limit one foe put to sleep\n|rule|Species Clause: Limit one of each Pok\u00e9mon\n|rule|OHKO Clause: OHKO moves are banned\n|rule|Evasion Items Clause: Evasion items are banned\n|rule|Evasion Moves Clause: Evasion moves are banned\n|rule|Endless Battle Clause: Forcing endless battles is banned\n|rule|HP Percentage Mod: HP is shown in percentages\n|rule|Dynamax Clause: You cannot dynamax\n|clearpoke\n|poke|p1|Tornadus-Therian, M|\n|poke|p1|Gastrodon-East, F|\n|poke|p1|Toxapex, F|\n|poke|p1|Mew|\n|poke|p1|Corviknight, F|\n|poke|p1|Clefable, M|\n|poke|p2|Haxorus, F|\n|poke|p2|Ferrothorn, F|\n|poke|p2|Landorus-Therian, M|\n|poke|p2|Tyranitar, F|\n|poke|p2|Volcarona, F|\n|poke|p2|Buzzwole|\n|teampreview\n|j| sammag\n|\n|t:|1667488878\n|start\n|switch|p1a: Toxapex|Toxapex, F|100\/100\n|switch|p2a: Landorus|Landorus-Therian, M|100\/100\n|-ability|p2a: Landorus|Intimidate|boost\n|-unboost|p1a: Toxapex|atk|1\n|turn|1\n|j| Pullaya\n|\n|t:|1667488880\n|move|p2a: Landorus|Earthquake|p1a: Toxapex\n|-supereffective|p1a: Toxapex\n|-damage|p1a: Toxapex|21\/100\n|move|p1a: Toxapex|Toxic Spikes|p2a: Landorus\n|-sidestart|p2: LolzMachine|move: Toxic Spikes\n|\n|upkeep\n|turn|2\n|\n|t:|1667488887\n|switch|p1a: Tornadus|Tornadus-Therian, M|100\/100\n|move|p2a: Landorus|Smack Down|p1a: Tornadus\n|-supereffective|p1a: Tornadus\n|-damage|p1a: Tornadus|61\/100\n|-start|p1a: Tornadus|Smack Down\n|\n|upkeep\n|turn|3\n|\n|t:|1667488893\n|move|p1a: Tornadus|U-turn|p2a: Landorus\n|-resisted|p2a: Landorus\n|-damage|p2a: Landorus|91\/100\n|\n|t:|1667488913\n|switch|p1a: Corviknight|Corviknight, F|100\/100|[from]move: U-turn\n|-ability|p1a: Corviknight|Pressure\n|move|p2a: Landorus|Earthquake|p1a: Corviknight\n|-immune|p1a: Corviknight\n|\n|upkeep\n|turn|4\n|\n|t:|1667488918\n|move|p2a: Landorus|Stealth Rock|p1a: Corviknight\n|-sidestart|p1: Hajmola|move: Stealth Rock\n|move|p1a: Corviknight|Brave Bird|p2a: Landorus\n|-damage|p2a: Landorus|47\/100\n|-damage|p1a: Corviknight|89\/100|[from] Recoil\n|\n|-heal|p1a: Corviknight|95\/100|[from] item: Leftovers\n|upkeep\n|turn|5\n|\n|t:|1667488929\n|switch|p2a: Ferrothorn|Ferrothorn, F|100\/100\n|move|p1a: Corviknight|Brave Bird|p2a: Ferrothorn\n|-damage|p2a: Ferrothorn|80\/100\n|-damage|p1a: Corviknight|82\/100|[from] ability: Iron Barbs|[of] p2a: Ferrothorn\n|-damage|p1a: Corviknight|66\/100|[from] item: Rocky Helmet|[of] p2a: Ferrothorn\n|-damage|p1a: Corviknight|60\/100|[from] Recoil\n|\n|-heal|p1a: Corviknight|66\/100|[from] item: Leftovers\n|upkeep\n|turn|6\n|\n|t:|1667488936\n|move|p1a: Corviknight|Roost|p1a: Corviknight\n|-heal|p1a: Corviknight|100\/100\n|-singleturn|p1a: Corviknight|move: Roost\n|move|p2a: Ferrothorn|Spikes|p1a: Corviknight\n|-sidestart|p1: Hajmola|Spikes\n|\n|upkeep\n|turn|7\n|\n|t:|1667488939\n|move|p1a: Corviknight|Defog|p2a: Ferrothorn\n|-unboost|p2a: Ferrothorn|evasion|1\n|-sideend|p2: LolzMachine|Toxic Spikes|[from] move: Defog|[of] p1a: Corviknight\n|-sideend|p1: Hajmola|Spikes|[from] move: Defog|[of] p1a: Corviknight\n|-sideend|p1: Hajmola|Stealth Rock|[from] move: Defog|[of] p1a: Corviknight\n|move|p2a: Ferrothorn|Knock Off|p1a: Corviknight\n|-damage|p1a: Corviknight|84\/100\n|-enditem|p1a: Corviknight|Leftovers|[from] move: Knock Off|[of] p2a: Ferrothorn\n|\n|upkeep\n|turn|8\n|\n|t:|1667488942\n|switch|p1a: Tornadus|Tornadus-Therian, M|94\/100\n|move|p2a: Ferrothorn|Spikes|p1a: Tornadus\n|-sidestart|p1: Hajmola|Spikes\n|\n|upkeep\n|turn|9\n|\n|t:|1667488946\n|switch|p2a: Tyranitar|Tyranitar, F|100\/100\n|-weather|Sandstorm|[from] ability: Sand Stream|[of] p2a: Tyranitar\n|move|p1a: Tornadus|Knock Off|p2a: Tyranitar\n|-resisted|p2a: Tyranitar\n|-damage|p2a: Tyranitar|92\/100\n|-enditem|p2a: Tyranitar|Weakness Policy|[from] move: Knock Off|[of] p1a: Tornadus\n|\n|-weather|Sandstorm|[upkeep]\n|-damage|p1a: Tornadus|88\/100|[from] Sandstorm\n|upkeep\n|turn|10\n|\n|t:|1667488953\n|move|p1a: Tornadus|U-turn|p2a: Tyranitar\n|-supereffective|p2a: Tyranitar\n|-damage|p2a: Tyranitar|64\/100\n|inactive|Battle timer is ON: inactive players will automatically lose when time's up. (requested by LolzMachine)\n|\n|t:|1667488999\n|switch|p1a: Corviknight|Corviknight, F|84\/100|[from]move: U-turn\n|-ability|p1a: Corviknight|Pressure\n|move|p2a: Tyranitar|Stone Edge|p1a: Corviknight\n|-damage|p1a: Corviknight|36\/100\n|\n|-weather|Sandstorm|[upkeep]\n|upkeep\n|turn|11\n|\n|t:|1667489005\n|switch|p1a: Gastrodon|Gastrodon-East, F|100\/100\n|-damage|p1a: Gastrodon|88\/100|[from] Spikes\n|move|p2a: Tyranitar|Fire Punch|p1a: Gastrodon\n|-resisted|p1a: Gastrodon\n|-damage|p1a: Gastrodon|71\/100\n|\n|-weather|Sandstorm|[upkeep]\n|-heal|p1a: Gastrodon|77\/100|[from] item: Leftovers\n|upkeep\n|turn|12\n|\n|t:|1667489011\n|switch|p2a: Ferrothorn|Ferrothorn, F|80\/100\n|move|p1a: Gastrodon|Recover|p1a: Gastrodon\n|-heal|p1a: Gastrodon|100\/100\n|\n|-weather|Sandstorm|[upkeep]\n|upkeep\n|turn|13\n|\n|t:|1667489016\n|switch|p1a: Corviknight|Corviknight, F|36\/100\n|-ability|p1a: Corviknight|Pressure\n|switch|p2a: Volcarona|Volcarona, F|100\/100\n|\n|-weather|none\n|upkeep\n|turn|14\n|\n|t:|1667489021\n|switch|p1a: Tornadus|Tornadus-Therian, M|100\/100\n|move|p2a: Volcarona|Fire Blast|p1a: Tornadus\n|-damage|p1a: Tornadus|60\/100\n|\n|upkeep\n|turn|15\n|\n|t:|1667489028\n|switch|p2a: Ferrothorn|Ferrothorn, F|80\/100\n|move|p1a: Tornadus|Hurricane|p2a: Ferrothorn\n|-damage|p2a: Ferrothorn|47\/100\n|-start|p2a: Ferrothorn|confusion\n|\n|upkeep\n|turn|16\n|j| cypherstest\n|\n|t:|1667489040\n|switch|p2a: Landorus|Landorus-Therian, M|47\/100\n|-ability|p2a: Landorus|Intimidate|boost\n|-unboost|p1a: Tornadus|atk|1\n|move|p1a: Tornadus|Heat Wave|p2a: Landorus|[miss]\n|-miss|p1a: Tornadus|p2a: Landorus\n|\n|upkeep\n|turn|17\n|\n|t:|1667489052\n|switch|p2a: Tyranitar|Tyranitar, F|64\/100\n|-weather|Sandstorm|[from] ability: Sand Stream|[of] p2a: Tyranitar\n|move|p1a: Tornadus|U-turn|p2a: Tyranitar\n|-supereffective|p2a: Tyranitar\n|-damage|p2a: Tyranitar|44\/100\n|\n|t:|1667489059\n|switch|p1a: Gastrodon|Gastrodon-East, F|100\/100|[from]move: U-turn\n|-damage|p1a: Gastrodon|88\/100|[from] Spikes\n|\n|-weather|Sandstorm|[upkeep]\n|-heal|p1a: Gastrodon|94\/100|[from] item: Leftovers\n|upkeep\n|turn|18\n|\n|t:|1667489063\n|move|p2a: Tyranitar|Stone Edge|p1a: Gastrodon\n|-resisted|p1a: Gastrodon\n|-damage|p1a: Gastrodon|65\/100\n|move|p1a: Gastrodon|Earthquake|p2a: Tyranitar\n|-supereffective|p2a: Tyranitar\n|-damage|p2a: Tyranitar|0 fnt\n|faint|p2a: Tyranitar\n|\n|-weather|Sandstorm|[upkeep]\n|-heal|p1a: Gastrodon|71\/100|[from] item: Leftovers\n|upkeep\n|\n|t:|1667489067\n|switch|p2a: Buzzwole|Buzzwole|100\/100\n|turn|19\n|\n|t:|1667489073\n|switch|p1a: Clefable|Clefable, M|100\/100\n|move|p2a: Buzzwole|Ice Punch|p1a: Clefable\n|-damage|p1a: Clefable|80\/100\n|\n|-weather|Sandstorm|[upkeep]\n|-damage|p2a: Buzzwole|94\/100|[from] Sandstorm\n|-damage|p1a: Clefable|74\/100|[from] Sandstorm\n|upkeep\n|turn|20\n|\n|t:|1667489080\n|move|p2a: Buzzwole|Ice Punch|p1a: Clefable\n|-damage|p1a: Clefable|51\/100\n|move|p1a: Clefable|Soft-Boiled|p1a: Clefable\n|-heal|p1a: Clefable|100\/100\n|\n|-weather|Sandstorm|[upkeep]\n|-damage|p2a: Buzzwole|88\/100|[from] Sandstorm\n|-damage|p1a: Clefable|94\/100|[from] Sandstorm\n|upkeep\n|turn|21\n|\n|t:|1667489084\n|switch|p2a: Ferrothorn|Ferrothorn, F|47\/100\n|move|p1a: Clefable|Moonblast|p2a: Ferrothorn\n|-resisted|p2a: Ferrothorn\n|-damage|p2a: Ferrothorn|35\/100\n|-unboost|p2a: Ferrothorn|spa|1\n|\n|-weather|none\n|upkeep\n|turn|22\n|\n|t:|1667489090\n|switch|p1a: Corviknight|Corviknight, F|36\/100\n|-ability|p1a: Corviknight|Pressure\n|switch|p2a: Haxorus|Haxorus, F|100\/100\n|-ability|p2a: Haxorus|Mold Breaker\n|\n|upkeep\n|turn|23\n|\n|t:|1667489094\n|switch|p1a: Clefable|Clefable, M|94\/100\n|move|p2a: Haxorus|Close Combat|p1a: Clefable\n|-resisted|p1a: Clefable\n|-damage|p1a: Clefable|71\/100\n|-unboost|p2a: Haxorus|def|1\n|-unboost|p2a: Haxorus|spd|1\n|\n|upkeep\n|turn|24\n|\n|t:|1667489098\n|switch|p2a: Ferrothorn|Ferrothorn, F|35\/100\n|move|p1a: Clefable|Soft-Boiled|p1a: Clefable\n|-heal|p1a: Clefable|100\/100\n|\n|upkeep\n|turn|25\n|\n|t:|1667489103\n|switch|p1a: Corviknight|Corviknight, F|36\/100\n|-ability|p1a: Corviknight|Pressure\n|move|p2a: Ferrothorn|Body Press|p1a: Corviknight\n|-damage|p1a: Corviknight|10\/100\n|\n|upkeep\n|turn|26\n|\n|t:|1667489110\n|switch|p2a: Volcarona|Volcarona, F|100\/100\n|move|p1a: Corviknight|Roost|p1a: Corviknight\n|-heal|p1a: Corviknight|60\/100\n|-singleturn|p1a: Corviknight|move: Roost\n|\n|upkeep\n|turn|27\n|\n|t:|1667489117\n|switch|p1a: Toxapex|Toxapex, F|54\/100\n|-damage|p1a: Toxapex|42\/100|[from] Spikes\n|move|p2a: Volcarona|Fire Blast|p1a: Toxapex|[miss]\n|-miss|p2a: Volcarona|p1a: Toxapex\n|\n|upkeep\n|turn|28\n|\n|t:|1667489124\n|move|p2a: Volcarona|Quiver Dance|p2a: Volcarona\n|-boost|p2a: Volcarona|spa|1\n|-boost|p2a: Volcarona|spd|1\n|-boost|p2a: Volcarona|spe|1\n|move|p1a: Toxapex|Recover|p1a: Toxapex\n|-heal|p1a: Toxapex|92\/100\n|\n|upkeep\n|turn|29\n|\n|t:|1667489136\n|move|p2a: Volcarona|Psychic|p1a: Toxapex\n|-supereffective|p1a: Toxapex\n|-damage|p1a: Toxapex|15\/100\n|move|p1a: Toxapex|Haze|p1a: Toxapex\n|-clearallboost\n|\n|upkeep\n|turn|30\n|\n|t:|1667489140\n|switch|p1a: Gastrodon|Gastrodon-East, F|71\/100\n|-damage|p1a: Gastrodon|58\/100|[from] Spikes\n|move|p2a: Volcarona|Quiver Dance|p2a: Volcarona\n|-boost|p2a: Volcarona|spa|1\n|-boost|p2a: Volcarona|spd|1\n|-boost|p2a: Volcarona|spe|1\n|\n|-heal|p1a: Gastrodon|65\/100|[from] item: Leftovers\n|upkeep\n|turn|31\n|\n|t:|1667489142\n|move|p2a: Volcarona|Bug Buzz|p1a: Gastrodon\n|-crit|p1a: Gastrodon\n|-damage|p1a: Gastrodon|0 fnt\n|faint|p1a: Gastrodon\n|\n|upkeep\n|\n|t:|1667489147\n|switch|p1a: Tornadus|Tornadus-Therian, M|94\/100\n|turn|32\n|\n|t:|1667489149\n|move|p2a: Volcarona|Fire Blast|p1a: Tornadus\n|-damage|p1a: Tornadus|39\/100\n|move|p1a: Tornadus|Hurricane|p2a: Volcarona\n|-supereffective|p2a: Volcarona\n|-damage|p2a: Volcarona|46\/100\n|-start|p2a: Volcarona|confusion\n|\n|upkeep\n|turn|33\n|j| Mimitheboss\n|inactive|Hajmola has 120 seconds left.\n|\n|t:|1667489186\n|switch|p1a: Corviknight|Corviknight, F|60\/100\n|-ability|p1a: Corviknight|Pressure\n|-activate|p2a: Volcarona|confusion\n|move|p2a: Volcarona|Quiver Dance|p2a: Volcarona\n|-boost|p2a: Volcarona|spa|1\n|-boost|p2a: Volcarona|spd|1\n|-boost|p2a: Volcarona|spe|1\n|\n|upkeep\n|turn|34\n|\n|t:|1667489192\n|-activate|p2a: Volcarona|confusion\n|-damage|p2a: Volcarona|38\/100|[from] confusion\n|move|p1a: Corviknight|Brave Bird|p2a: Volcarona\n|-supereffective|p2a: Volcarona\n|-damage|p2a: Volcarona|0 fnt\n|faint|p2a: Volcarona\n|-damage|p1a: Corviknight|50\/100|[from] Recoil\n|\n|upkeep\n|\n|t:|1667489194\n|switch|p2a: Haxorus|Haxorus, F|100\/100\n|-ability|p2a: Haxorus|Mold Breaker\n|turn|35\n|\n|t:|1667489213\n|move|p2a: Haxorus|Poison Jab|p1a: Corviknight\n|-immune|p1a: Corviknight\n|move|p1a: Corviknight|Brave Bird|p2a: Haxorus\n|-damage|p2a: Haxorus|52\/100\n|-damage|p1a: Corviknight|38\/100|[from] Recoil\n|\n|upkeep\n|turn|36\n|-message|LolzMachine forfeited.\n|\n|win|Hajmola\n|raw|Hajmola's rating: 1781 &rarr; <strong>1802<\/strong><br \/>(+21 for winning)\n|raw|LolzMachine's rating: 1794 &rarr; <strong>1773<\/strong><br \/>(-21 for losing)\n|l|\u2606LolzMachine\n|l| cypherstest\n|l|\u2606Hajmola\n|l| Mimitheboss\n||Ladder isn't responding, score probably updated but might not have (Request timeout).\n","uploadtime":1667489277,"views":15,"p1id":"hajmola","p2id":"lolzmachine","formatid":"gen8ou","rating":1773,"private":0,"password":null}