{"id":"gen8ou-1545866972","p1":"hqstest","p2":"Shim-0N","format":"gen8ou","log":"|j|\u2606hqstest\n|j|\u2606Shim-0N\n|t:|1649089467\n|gametype|singles\n|player|p1|hqstest|cynthia|1435\n|player|p2|Shim-0N|preschooler|1446\n|teamsize|p1|6\n|teamsize|p2|6\n|gen|8\n|tier|[Gen 8] OU\n|rated|\n|rule|Sleep Clause Mod: Limit one foe put to sleep\n|rule|Species Clause: Limit one of each Pok\u00e9mon\n|rule|OHKO Clause: OHKO moves are banned\n|rule|Evasion Moves Clause: Evasion moves are banned\n|rule|Endless Battle Clause: Forcing endless battles is banned\n|rule|HP Percentage Mod: HP is shown in percentages\n|rule|Dynamax Clause: You cannot dynamax\n|clearpoke\n|poke|p1|Ninetales-Alola, F|\n|poke|p1|Kartana|\n|poke|p1|Tapu Lele|\n|poke|p1|Landorus-Therian, M|\n|poke|p1|Moltres-Galar|\n|poke|p1|Urshifu-*, M|\n|poke|p2|Pelipper, F|\n|poke|p2|Barraskewda, M|\n|poke|p2|Urshifu-*, M|\n|poke|p2|Thundurus-Therian, M|\n|poke|p2|Ferrothorn, M|\n|poke|p2|Zapdos-Galar|\n|teampreview\n|inactive|Battle timer is ON: inactive players will automatically lose when time's up. (requested by Shim-0N)\n|\n|t:|1649089487\n|start\n|switch|p1a: Tapu Lele|Tapu Lele|100\/100\n|switch|p2a: Pelipper|Pelipper, F|100\/100\n|-fieldstart|move: Psychic Terrain|[from] ability: Psychic Surge|[of] p1a: Tapu Lele\n|-weather|RainDance|[from] ability: Drizzle|[of] p2a: Pelipper\n|turn|1\n|\n|t:|1649089508\n|switch|p2a: Ferrothorn|Ferrothorn, M|100\/100\n|move|p1a: Tapu Lele|Psychic|p2a: Ferrothorn\n|-resisted|p2a: Ferrothorn\n|-damage|p2a: Ferrothorn|60\/100\n|-unboost|p2a: Ferrothorn|spd|1\n|\n|-weather|RainDance|[upkeep]\n|-heal|p2a: Ferrothorn|66\/100|[from] item: Leftovers\n|upkeep\n|turn|2\n|inactive|Shim-0N has 120 seconds left.\n|\n|t:|1649089538\n|move|p1a: Tapu Lele|Psychic|p2a: Ferrothorn\n|-resisted|p2a: Ferrothorn\n|-damage|p2a: Ferrothorn|6\/100\n|move|p2a: Ferrothorn|Stealth Rock|p1a: Tapu Lele\n|-sidestart|p1: hqstest|move: Stealth Rock\n|\n|-weather|RainDance|[upkeep]\n|-heal|p2a: Ferrothorn|12\/100|[from] item: Leftovers\n|upkeep\n|turn|3\n|\n|t:|1649089547\n|switch|p1a: Ninetales|Ninetales-Alola, F|100\/100\n|-damage|p1a: Ninetales|76\/100|[from] Stealth Rock\n|-weather|Hail|[from] ability: Snow Warning|[of] p1a: Ninetales\n|move|p2a: Ferrothorn|Spikes|p1a: Ninetales\n|-sidestart|p1: hqstest|Spikes\n|\n|-weather|Hail|[upkeep]\n|-damage|p2a: Ferrothorn|6\/100|[from] Hail\n|-heal|p2a: Ferrothorn|12\/100|[from] item: Leftovers\n|upkeep\n|turn|4\n|inactive|Shim-0N has 120 seconds left.\n|\n|t:|1649089562\n|move|p1a: Ninetales|Aurora Veil|p1a: Ninetales\n|-sidestart|p1: hqstest|move: Aurora Veil\n|move|p2a: Ferrothorn|Leech Seed|p1a: Ninetales\n|-start|p1a: Ninetales|move: Leech Seed\n|\n|-weather|Hail|[upkeep]\n|-damage|p2a: Ferrothorn|6\/100|[from] Hail\n|-heal|p2a: Ferrothorn|12\/100|[from] item: Leftovers\n|-damage|p1a: Ninetales|63\/100|[from] Leech Seed|[of] p2a: Ferrothorn\n|-heal|p2a: Ferrothorn|24\/100|[silent]\n|upkeep\n|turn|5\n|\n|t:|1649089576\n|switch|p1a: Kartana|Kartana|100\/100\n|-damage|p1a: Kartana|94\/100|[from] Stealth Rock\n|-damage|p1a: Kartana|82\/100|[from] Spikes\n|move|p2a: Ferrothorn|Spikes|p1a: Kartana\n|-sidestart|p1: hqstest|Spikes\n|\n|-weather|Hail|[upkeep]\n|-damage|p1a: Kartana|76\/100|[from] Hail\n|-damage|p2a: Ferrothorn|18\/100|[from] Hail\n|-heal|p2a: Ferrothorn|24\/100|[from] item: Leftovers\n|-fieldend|move: Psychic Terrain\n|upkeep\n|turn|6\n|inactive|Shim-0N has 120 seconds left.\n|\n|t:|1649089588\n|move|p1a: Kartana|Swords Dance|p1a: Kartana\n|-boost|p1a: Kartana|atk|2\n|move|p2a: Ferrothorn|Knock Off|p1a: Kartana\n|-damage|p1a: Kartana|64\/100\n|-enditem|p1a: Kartana|Adrenaline Orb|[from] move: Knock Off|[of] p2a: Ferrothorn\n|\n|-weather|Hail|[upkeep]\n|-damage|p1a: Kartana|58\/100|[from] Hail\n|-damage|p2a: Ferrothorn|18\/100|[from] Hail\n|-heal|p2a: Ferrothorn|24\/100|[from] item: Leftovers\n|upkeep\n|turn|7\n|inactive|Shim-0N has 120 seconds left.\n|\n|t:|1649089599\n|move|p1a: Kartana|Knock Off|p2a: Ferrothorn\n|-damage|p2a: Ferrothorn|0 fnt\n|-damage|p1a: Kartana|45\/100|[from] ability: Iron Barbs|[of] p2a: Ferrothorn\n|-enditem|p2a: Ferrothorn|Leftovers|[from] move: Knock Off|[of] p1a: Kartana\n|faint|p2a: Ferrothorn\n|-ability|p1a: Kartana|Beast Boost|boost\n|-boost|p1a: Kartana|atk|1\n|\n|-weather|none\n|upkeep\n|\n|t:|1649089613\n|switch|p2a: Pelipper|Pelipper, F|100\/100\n|-weather|RainDance|[from] ability: Drizzle|[of] p2a: Pelipper\n|turn|8\n|\n|t:|1649089618\n|move|p1a: Kartana|Leaf Blade|p2a: Pelipper\n|-damage|p2a: Pelipper|0 fnt\n|faint|p2a: Pelipper\n|-ability|p1a: Kartana|Beast Boost|boost\n|-boost|p1a: Kartana|atk|1\n|\n|-weather|RainDance|[upkeep]\n|upkeep\n|\n|t:|1649089627\n|switch|p2a: Zapdos|Zapdos-Galar|100\/100\n|turn|9\n|\n|t:|1649089631\n|move|p2a: Zapdos|Brave Bird|p1a: Kartana\n|-damage|p1a: Kartana|9\/100\n|-damage|p2a: Zapdos|91\/100|[from] Recoil\n|move|p1a: Kartana|Leaf Blade|p2a: Zapdos\n|-resisted|p2a: Zapdos\n|-damage|p2a: Zapdos|0 fnt\n|faint|p2a: Zapdos\n|-ability|p1a: Kartana|Beast Boost|boost\n|-boost|p1a: Kartana|atk|1\n|\n|-weather|RainDance|[upkeep]\n|upkeep\n|inactive|Shim-0N has 120 seconds left.\n|\n|t:|1649089642\n|switch|p2a: Barraskewda|Barraskewda, M|100\/100\n|turn|10\n|\n|t:|1649089654\n|move|p2a: Barraskewda|Flip Turn|p1a: Kartana\n|-resisted|p1a: Kartana\n|-damage|p1a: Kartana|0 fnt\n|faint|p1a: Kartana\n|\n|t:|1649089659\n|switch|p2a: Thundurus|Thundurus-Therian, M|100\/100|[from]move: Flip Turn\n|\n|-weather|RainDance|[upkeep]\n|upkeep\n|\n|t:|1649089662\n|switch|p1a: Ninetales|Ninetales-Alola, F|63\/100\n|-damage|p1a: Ninetales|47\/100|[from] Spikes\n|-damage|p1a: Ninetales|22\/100|[from] Stealth Rock\n|-weather|Hail|[from] ability: Snow Warning|[of] p1a: Ninetales\n|turn|11\n|\n|t:|1649089671\n|move|p1a: Ninetales|Freeze-Dry|p2a: Thundurus\n|-supereffective|p2a: Thundurus\n|-damage|p2a: Thundurus|48\/100\n|move|p2a: Thundurus|Rain Dance|p2a: Thundurus\n|-weather|RainDance\n|\n|-weather|RainDance|[upkeep]\n|-sideend|p1: hqstest|move: Aurora Veil\n|upkeep\n|turn|12\n|\n|t:|1649089679\n|move|p1a: Ninetales|Freeze-Dry|p2a: Thundurus\n|-supereffective|p2a: Thundurus\n|-damage|p2a: Thundurus|0 fnt\n|faint|p2a: Thundurus\n|\n|-weather|RainDance|[upkeep]\n|upkeep\n|\n|t:|1649089687\n|switch|p2a: Barraskewda|Barraskewda, M|100\/100\n|turn|13\n|\n|t:|1649089691\n|move|p2a: Barraskewda|Flip Turn|p1a: Ninetales\n|-damage|p1a: Ninetales|0 fnt\n|faint|p1a: Ninetales\n|\n|t:|1649089696\n|switch|p2a: Urshifu|Urshifu-Rapid-Strike, M|100\/100|[from]move: Flip Turn\n|\n|-weather|RainDance|[upkeep]\n|upkeep\n|\n|t:|1649089717\n|switch|p1a: Urshifu|Urshifu-Rapid-Strike, M|100\/100\n|-damage|p1a: Urshifu|94\/100|[from] Stealth Rock\n|-damage|p1a: Urshifu|78\/100|[from] Spikes\n|turn|14\n|\n|t:|1649089727\n|move|p1a: Urshifu|Surging Strikes|p2a: Urshifu\n|-resisted|p2a: Urshifu\n|-crit|p2a: Urshifu\n|-damage|p2a: Urshifu|86\/100\n|-resisted|p2a: Urshifu\n|-crit|p2a: Urshifu\n|-damage|p2a: Urshifu|71\/100\n|-resisted|p2a: Urshifu\n|-crit|p2a: Urshifu\n|-damage|p2a: Urshifu|57\/100\n|-hitcount|p2a: Urshifu|3\n|move|p2a: Urshifu|Surging Strikes|p1a: Urshifu\n|-resisted|p1a: Urshifu\n|-crit|p1a: Urshifu\n|-damage|p1a: Urshifu|62\/100\n|-resisted|p1a: Urshifu\n|-crit|p1a: Urshifu\n|-damage|p1a: Urshifu|47\/100\n|-resisted|p1a: Urshifu\n|-crit|p1a: Urshifu\n|-damage|p1a: Urshifu|34\/100\n|-hitcount|p1a: Urshifu|3\n|\n|-weather|RainDance|[upkeep]\n|upkeep\n|turn|15\n|\n|t:|1649089747\n|move|p1a: Urshifu|Surging Strikes|p2a: Urshifu\n|-resisted|p2a: Urshifu\n|-crit|p2a: Urshifu\n|-damage|p2a: Urshifu|41\/100\n|-resisted|p2a: Urshifu\n|-crit|p2a: Urshifu\n|-damage|p2a: Urshifu|26\/100\n|-resisted|p2a: Urshifu\n|-crit|p2a: Urshifu\n|-damage|p2a: Urshifu|12\/100\n|-hitcount|p2a: Urshifu|3\n|move|p2a: Urshifu|Surging Strikes|p1a: Urshifu\n|-resisted|p1a: Urshifu\n|-crit|p1a: Urshifu\n|-damage|p1a: Urshifu|20\/100\n|-resisted|p1a: Urshifu\n|-crit|p1a: Urshifu\n|-damage|p1a: Urshifu|4\/100\n|-resisted|p1a: Urshifu\n|-crit|p1a: Urshifu\n|-damage|p1a: Urshifu|0 fnt\n|faint|p1a: Urshifu\n|-hitcount|p1: Urshifu|3\n|\n|-weather|none\n|upkeep\n|\n|t:|1649089764\n|switch|p1a: Landorus|Landorus-Therian, M|100\/100\n|-damage|p1a: Landorus|88\/100|[from] Stealth Rock\n|-ability|p1a: Landorus|Intimidate|boost\n|-unboost|p2a: Urshifu|atk|1\n|turn|16\n|\n|t:|1649089770\n|move|p1a: Landorus|Earthquake|p2a: Urshifu\n|-damage|p2a: Urshifu|0 fnt\n|faint|p2a: Urshifu\n|\n|upkeep\n|\n|t:|1649089775\n|switch|p2a: Barraskewda|Barraskewda, M|100\/100\n|turn|17\n|\n|t:|1649089779\n|move|p1a: Landorus|Earthquake|p2a: Barraskewda\n|-damage|p2a: Barraskewda|0 fnt\n|faint|p2a: Barraskewda\n|\n|win|hqstest\n|raw|hqstest's rating: 1435 &rarr; <strong>1456<\/strong><br \/>(+21 for winning)\n|raw|Shim-0N's rating: 1446 &rarr; <strong>1425<\/strong><br \/>(-21 for losing)\n|l|\u2606Shim-0N\n","uploadtime":1649089787,"views":9,"p1id":"hqstest","p2id":"shim0n","formatid":"gen8ou","rating":1425,"private":0,"password":null}