{"id":"gen8ou-1646863048","p1":"2222mm","p2":"LT94JE F","format":"gen8ou","log":"|raw|<div class=\"broadcast-blue\"><strong>This battle is required to be public due to a player having a name starting with 'lt94je'.<\/div>\n|j|\u26062222mm\n|j|\u2606LT94JE F\n|t:|1661316542\n|gametype|singles\n|player|p1|2222mm|2|1749\n|player|p2|LT94JE F|skyla-masters2|1695\n|teamsize|p1|6\n|teamsize|p2|6\n|gen|8\n|tier|[Gen 8] OU\n|rated|\n|rule|Sleep Clause Mod: Limit one foe put to sleep\n|rule|Species Clause: Limit one of each Pok\u00e9mon\n|rule|OHKO Clause: OHKO moves are banned\n|rule|Evasion Items Clause: Evasion items are banned\n|rule|Evasion Moves Clause: Evasion moves are banned\n|rule|Endless Battle Clause: Forcing endless battles is banned\n|rule|HP Percentage Mod: HP is shown in percentages\n|rule|Dynamax Clause: You cannot dynamax\n|clearpoke\n|poke|p1|Tapu Fini|\n|poke|p1|Landorus-Therian, M|\n|poke|p1|Ferrothorn, F|\n|poke|p1|Blacephalon|\n|poke|p1|Glastrier|\n|poke|p1|Kartana|\n|poke|p2|Landorus-Therian, M|\n|poke|p2|Ferrothorn, M|\n|poke|p2|Tapu Fini|\n|poke|p2|Zapdos|\n|poke|p2|Weavile, M|\n|poke|p2|Blacephalon|\n|teampreview\n|inactive|Battle timer is ON: inactive players will automatically lose when time's up. (requested by LT94JE F)\n|\n|t:|1661316566\n|start\n|switch|p1a: Tapu Fini|Tapu Fini|100\/100\n|switch|p2a: Bandit|Weavile, M, shiny|100\/100\n|-fieldstart|move: Misty Terrain|[from] ability: Misty Surge|[of] p1a: Tapu Fini\n|-ability|p2a: Bandit|Pressure\n|turn|1\n|\n|t:|1661316574\n|switch|p2a: Raven|Tapu Fini, shiny|100\/100\n|move|p1a: Tapu Fini|Trick|p2a: Raven\n|-activate|p1a: Tapu Fini|move: Trick|[of] p2a: Raven\n|-item|p2a: Raven|Choice Scarf|[from] move: Trick\n|-item|p1a: Tapu Fini|Leftovers|[from] move: Trick\n|\n|upkeep\n|turn|2\n|\n|t:|1661316584\n|switch|p2a: Temple|Ferrothorn, M, shiny|100\/100\n|move|p1a: Tapu Fini|Moonblast|p2a: Temple\n|-resisted|p2a: Temple\n|-damage|p2a: Temple|86\/100\n|\n|upkeep\n|turn|3\n|\n|t:|1661316600\n|switch|p1a: Ferrothorn|Ferrothorn, F|100\/100\n|move|p2a: Temple|Stealth Rock|p1a: Ferrothorn\n|-sidestart|p1: 2222mm|move: Stealth Rock\n|\n|upkeep\n|turn|4\n|\n|t:|1661316611\n|switch|p2a: Byakko|Zapdos, shiny|100\/100\n|move|p1a: Ferrothorn|Leech Seed|p2a: Byakko\n|-start|p2a: Byakko|move: Leech Seed\n|\n|-damage|p2a: Byakko|88\/100|[from] Leech Seed|[of] p1a: Ferrothorn\n|upkeep\n|turn|5\n|\n|t:|1661316616\n|switch|p1a: Landorus|Landorus-Therian, M|100\/100\n|-damage|p1a: Landorus|88\/100|[from] Stealth Rock\n|-ability|p1a: Landorus|Intimidate|boost\n|-unboost|p2a: Byakko|atk|1\n|move|p2a: Byakko|Hurricane|p1a: Landorus|[miss]\n|-miss|p2a: Byakko|p1a: Landorus\n|\n|-damage|p2a: Byakko|76\/100|[from] Leech Seed|[of] p1a: Landorus\n|-heal|p1a: Landorus|99\/100|[silent]\n|-fieldend|Misty Terrain\n|upkeep\n|turn|6\n|\n|t:|1661316625\n|switch|p2a: Enten|Landorus-Therian, M, shiny|100\/100\n|-ability|p2a: Enten|Intimidate|boost\n|-unboost|p1a: Landorus|atk|1\n|move|p1a: Landorus|Stealth Rock|p2a: Enten\n|-sidestart|p2: LT94JE F|move: Stealth Rock\n|\n|upkeep\n|turn|7\n|\n|t:|1661316633\n|move|p1a: Landorus|Fling|p2a: Enten\n|-damage|p2a: Enten|94\/100\n|-status|p2a: Enten|par\n|-enditem|p1a: Landorus|Light Ball|[from] move: Fling\n|cant|p2a: Enten|par\n|\n|-heal|p2a: Enten|99\/100 par|[from] item: Leftovers\n|upkeep\n|turn|8\n|\n|t:|1661316642\n|move|p1a: Landorus|U-turn|p2a: Enten\n|-resisted|p2a: Enten\n|-damage|p2a: Enten|93\/100 par\n|\n|t:|1661316646\n|switch|p1a: Tapu Fini|Tapu Fini|100\/100|[from]move: U-turn\n|-damage|p1a: Tapu Fini|88\/100|[from] Stealth Rock\n|-fieldstart|move: Misty Terrain|[from] ability: Misty Surge|[of] p1a: Tapu Fini\n|move|p2a: Enten|Defog|p1a: Tapu Fini\n|-unboost|p1a: Tapu Fini|evasion|1\n|-sideend|p1: 2222mm|Stealth Rock|[from] move: Defog|[of] p2a: Enten\n|-sideend|p2: LT94JE F|Stealth Rock|[from] move: Defog|[of] p2a: Enten\n|-fieldend|Misty Terrain\n|\n|-heal|p1a: Tapu Fini|94\/100|[from] item: Leftovers\n|-heal|p2a: Enten|99\/100 par|[from] item: Leftovers\n|upkeep\n|turn|9\n|\n|t:|1661316658\n|switch|p1a: Blacephalon|Blacephalon|100\/100\n|cant|p2a: Enten|par\n|\n|-heal|p2a: Enten|100\/100 par|[from] item: Leftovers\n|upkeep\n|turn|10\n|\n|t:|1661316666\n|switch|p1a: Ferrothorn|Ferrothorn, F|100\/100\n|move|p2a: Enten|Earthquake|p1a: Ferrothorn\n|-damage|p1a: Ferrothorn|69\/100\n|\n|-heal|p1a: Ferrothorn|75\/100|[from] item: Leftovers\n|upkeep\n|turn|11\n|\n|t:|1661316671\n|switch|p2a: Byakko|Zapdos, shiny|76\/100\n|move|p1a: Ferrothorn|Spikes|p2a: Byakko\n|-sidestart|p2: LT94JE F|Spikes\n|\n|-heal|p1a: Ferrothorn|81\/100|[from] item: Leftovers\n|upkeep\n|turn|12\n|\n|t:|1661316688\n|switch|p1a: Landorus|Landorus-Therian, M|99\/100\n|-ability|p1a: Landorus|Intimidate|boost\n|-unboost|p2a: Byakko|atk|1\n|move|p2a: Byakko|Hurricane|p1a: Landorus\n|-damage|p1a: Landorus|34\/100\n|\n|upkeep\n|turn|13\n|\n|t:|1661316700\n|move|p2a: Byakko|Hurricane|p1a: Landorus|[miss]\n|-miss|p2a: Byakko|p1a: Landorus\n|move|p1a: Landorus|U-turn|p2a: Byakko\n|-resisted|p2a: Byakko\n|-crit|p2a: Byakko\n|-damage|p2a: Byakko|54\/100\n|-status|p1a: Landorus|par|[from] ability: Static|[of] p2a: Byakko\n|\n|t:|1661316704\n|switch|p1a: Blacephalon|Blacephalon|100\/100|[from]move: U-turn\n|\n|upkeep\n|turn|14\n|\n|t:|1661316710\n|switch|p2a: Enten|Landorus-Therian, M, shiny|100\/100 par\n|-ability|p2a: Enten|Intimidate|boost\n|-unboost|p1a: Blacephalon|atk|1\n|move|p1a: Blacephalon|Shadow Ball|p2a: Enten\n|-damage|p2a: Enten|45\/100 par\n|\n|-heal|p2a: Enten|51\/100 par|[from] item: Leftovers\n|upkeep\n|turn|15\n|\n|t:|1661316721\n|switch|p2a: Bandit|Weavile, M, shiny|100\/100\n|-damage|p2a: Bandit|88\/100|[from] Spikes\n|-ability|p2a: Bandit|Pressure\n|move|p1a: Blacephalon|Shadow Ball|p2a: Bandit\n|-resisted|p2a: Bandit\n|-damage|p2a: Bandit|38\/100\n|\n|upkeep\n|turn|16\n|\n|t:|1661316748\n|switch|p1a: Tapu Fini|Tapu Fini|94\/100\n|-fieldstart|move: Misty Terrain|[from] ability: Misty Surge|[of] p1a: Tapu Fini\n|move|p2a: Bandit|Beat Up|p1a: Tapu Fini\n|-resisted|p1a: Tapu Fini\n|-damage|p1a: Tapu Fini|88\/100\n|-resisted|p1a: Tapu Fini\n|-damage|p1a: Tapu Fini|84\/100\n|-resisted|p1a: Tapu Fini\n|-damage|p1a: Tapu Fini|79\/100\n|-resisted|p1a: Tapu Fini\n|-damage|p1a: Tapu Fini|74\/100\n|-resisted|p1a: Tapu Fini\n|-damage|p1a: Tapu Fini|68\/100\n|-hitcount|p1a: Tapu Fini|5\n|\n|-heal|p1a: Tapu Fini|74\/100|[from] item: Leftovers\n|upkeep\n|turn|17\n|inactive|2222mm has 120 seconds left.\n|\n|t:|1661316777\n|move|p2a: Bandit|Beat Up|p1a: Tapu Fini\n|-resisted|p1a: Tapu Fini\n|-damage|p1a: Tapu Fini|68\/100\n|-resisted|p1a: Tapu Fini\n|-damage|p1a: Tapu Fini|63\/100\n|-resisted|p1a: Tapu Fini\n|-damage|p1a: Tapu Fini|59\/100\n|-resisted|p1a: Tapu Fini\n|-damage|p1a: Tapu Fini|53\/100\n|-resisted|p1a: Tapu Fini\n|-crit|p1a: Tapu Fini\n|-damage|p1a: Tapu Fini|44\/100\n|-hitcount|p1a: Tapu Fini|5\n|move|p1a: Tapu Fini|Moonblast|p2a: Bandit\n|-supereffective|p2a: Bandit\n|-damage|p2a: Bandit|0 fnt\n|faint|p2a: Bandit\n|\n|-heal|p1a: Tapu Fini|50\/100|[from] item: Leftovers\n|upkeep\n|\n|t:|1661316780\n|switch|p2a: Byakko|Zapdos, shiny|54\/100\n|turn|18\n|inactive|2222mm has 120 seconds left.\n|\n|t:|1661316786\n|move|p2a: Byakko|Hurricane|p1a: Tapu Fini\n|-damage|p1a: Tapu Fini|0 fnt\n|faint|p1a: Tapu Fini\n|\n|upkeep\n|inactive|2222mm has 120 seconds left.\n|\n|t:|1661316791\n|switch|p1a: Blacephalon|Blacephalon|100\/100\n|turn|19\n|\n|t:|1661316794\n|switch|p2a: Enten|Landorus-Therian, M, shiny|51\/100 par\n|-ability|p2a: Enten|Intimidate|boost\n|-unboost|p1a: Blacephalon|atk|1\n|move|p1a: Blacephalon|Shadow Ball|p2a: Enten\n|-damage|p2a: Enten|0 fnt\n|faint|p2a: Enten\n|-ability|p1a: Blacephalon|Beast Boost|boost\n|-boost|p1a: Blacephalon|spa|1\n|\n|upkeep\n|\n|t:|1661316796\n|switch|p2a: Hyperspace|Blacephalon, shiny|100\/100\n|-damage|p2a: Hyperspace|88\/100|[from] Spikes\n|turn|20\n|\n|t:|1661316811\n|switch|p1a: Landorus|Landorus-Therian, M|34\/100 par\n|-ability|p1a: Landorus|Intimidate|boost\n|-unboost|p2a: Hyperspace|atk|1\n|move|p2a: Hyperspace|Shadow Ball|p1a: Landorus\n|-damage|p1a: Landorus|0 fnt\n|faint|p1a: Landorus\n|-ability|p2a: Hyperspace|Beast Boost|boost\n|-boost|p2a: Hyperspace|spa|1\n|\n|-fieldend|Misty Terrain\n|upkeep\n|\n|t:|1661316822\n|switch|p1a: Kartana|Kartana, shiny|100\/100\n|turn|21\n|\n|t:|1661316835\n|switch|p1a: Blacephalon|Blacephalon|100\/100\n|switch|p2a: Byakko|Zapdos, shiny|54\/100\n|\n|upkeep\n|turn|22\n|\n|t:|1661316842\n|switch|p2a: Raven|Tapu Fini, shiny|100\/100\n|-damage|p2a: Raven|88\/100|[from] Spikes\n|-fieldstart|move: Misty Terrain|[from] ability: Misty Surge|[of] p2a: Raven\n|move|p1a: Blacephalon|Shadow Ball|p2a: Raven\n|-damage|p2a: Raven|28\/100\n|\n|upkeep\n|turn|23\n|\n|t:|1661316856\n|switch|p2a: Byakko|Zapdos, shiny|54\/100\n|switch|p1a: Ferrothorn|Ferrothorn, F|81\/100\n|\n|-heal|p1a: Ferrothorn|87\/100|[from] item: Leftovers\n|upkeep\n|turn|24\n|\n|t:|1661316863\n|move|p2a: Byakko|Heat Wave|p1a: Ferrothorn\n|-supereffective|p1a: Ferrothorn\n|-damage|p1a: Ferrothorn|0 fnt\n|faint|p1a: Ferrothorn\n|\n|upkeep\n|\n|t:|1661316869\n|switch|p1a: Blacephalon|Blacephalon|100\/100\n|turn|25\n|\n|t:|1661316872\n|switch|p2a: Raven|Tapu Fini, shiny|28\/100\n|-damage|p2a: Raven|15\/100|[from] Spikes\n|move|p1a: Blacephalon|Shadow Ball|p2a: Raven\n|-damage|p2a: Raven|0 fnt\n|faint|p2a: Raven\n|-ability|p1a: Blacephalon|Beast Boost|boost\n|-boost|p1a: Blacephalon|spa|1\n|\n|upkeep\n|\n|t:|1661316874\n|switch|p2a: Hyperspace|Blacephalon, shiny|88\/100\n|-damage|p2a: Hyperspace|76\/100|[from] Spikes\n|turn|26\n|\n|t:|1661316877\n|switch|p1a: Glastrier|Glastrier|100\/100\n|move|p2a: Hyperspace|Shadow Ball|p1a: Glastrier\n|-damage|p1a: Glastrier|61\/100\n|\n|-fieldend|Misty Terrain\n|upkeep\n|turn|27\n|\n|t:|1661316882\n|switch|p2a: Temple|Ferrothorn, M, shiny|86\/100\n|-damage|p2a: Temple|74\/100|[from] Spikes\n|move|p1a: Glastrier|Icicle Crash|p2a: Temple\n|-damage|p2a: Temple|48\/100\n|\n|upkeep\n|turn|28\n|\n|t:|1661316893\n|move|p1a: Glastrier|Icicle Crash|p2a: Temple\n|-damage|p2a: Temple|19\/100\n|move|p2a: Temple|Body Press|p1a: Glastrier\n|-supereffective|p1a: Glastrier\n|-damage|p1a: Glastrier|19\/100\n|\n|upkeep\n|turn|29\n|\n|t:|1661316916\n|switch|p1a: Kartana|Kartana, shiny|100\/100\n|move|p2a: Temple|Stealth Rock|p1a: Kartana\n|-sidestart|p1: 2222mm|move: Stealth Rock\n|\n|upkeep\n|turn|30\n|\n|t:|1661316926\n|move|p1a: Kartana|Knock Off|p2a: Temple\n|-damage|p2a: Temple|0 fnt\n|-damage|p1a: Kartana|88\/100|[from] ability: Iron Barbs|[of] p2a: Temple\n|-damage|p1a: Kartana|72\/100|[from] item: Rocky Helmet|[of] p2a: Temple\n|-enditem|p2a: Temple|Rocky Helmet|[from] move: Knock Off|[of] p1a: Kartana\n|faint|p2a: Temple\n|-ability|p1a: Kartana|Beast Boost|boost\n|-boost|p1a: Kartana|atk|1\n|\n|upkeep\n|\n|t:|1661316928\n|switch|p2a: Byakko|Zapdos, shiny|54\/100\n|turn|31\n|\n|t:|1661316938\n|move|p1a: Kartana|Knock Off|p2a: Byakko\n|-damage|p2a: Byakko|0 fnt\n|-enditem|p2a: Byakko|Choice Specs|[from] move: Knock Off|[of] p1a: Kartana\n|faint|p2a: Byakko\n|-ability|p1a: Kartana|Beast Boost|boost\n|-boost|p1a: Kartana|atk|1\n|\n|upkeep\n|\n|t:|1661316939\n|switch|p2a: Hyperspace|Blacephalon, shiny|76\/100\n|-damage|p2a: Hyperspace|64\/100|[from] Spikes\n|turn|32\n|\n|t:|1661316941\n|move|p1a: Kartana|Knock Off|p2a: Hyperspace\n|-supereffective|p2a: Hyperspace\n|-damage|p2a: Hyperspace|0 fnt\n|-enditem|p2a: Hyperspace|Choice Scarf|[from] move: Knock Off|[of] p1a: Kartana\n|faint|p2a: Hyperspace\n|\n|win|2222mm\n|raw|2222mm's rating: 1749 &rarr; <strong>1766<\/strong><br \/>(+17 for winning)\n|raw|LT94JE F's rating: 1695 &rarr; <strong>1678<\/strong><br \/>(-17 for losing)\n|l|\u2606LT94JE F\n","uploadtime":1661316950,"views":33,"p1id":"2222mm","p2id":"lt94jef","formatid":"gen8ou","rating":1678,"private":0,"password":null}