{"id":"gen8ou-1686906411","p1":"Darkman64","p2":"pickin up pieces","format":"gen8ou","log":"|html|<div class=\"broadcast-blue\"><strong>[Gen 8] OU is currently suspecting Melmetal! For information on how to participate check out the <a href=\"https:\/\/www.smogon.com\/forums\/threads\/np-ss-ou-suspect-process-round-12-monster-mash.3709234\/\">suspect thread<\/a>.<\/strong><\/div>\n|j|\u2606Darkman64\n|j|\u2606pickin up pieces\n|t:|1665896847\n|gametype|singles\n|player|p1|Darkman64|juan|1714\n|player|p2|pickin up pieces|2|1740\n|teamsize|p1|6\n|teamsize|p2|6\n|gen|8\n|tier|[Gen 8] OU\n|rated|\n|rule|Sleep Clause Mod: Limit one foe put to sleep\n|rule|Species Clause: Limit one of each Pok\u00e9mon\n|rule|OHKO Clause: OHKO moves are banned\n|rule|Evasion Items Clause: Evasion items are banned\n|rule|Evasion Moves Clause: Evasion moves are banned\n|rule|Endless Battle Clause: Forcing endless battles is banned\n|rule|HP Percentage Mod: HP is shown in percentages\n|rule|Dynamax Clause: You cannot dynamax\n|clearpoke\n|poke|p1|Weavile, M|\n|poke|p1|Slowbro, M|\n|poke|p1|Landorus-Therian, M|\n|poke|p1|Urshifu-*, M|\n|poke|p1|Ferrothorn, M|\n|poke|p1|Clefable, M|\n|poke|p2|Melmetal|\n|poke|p2|Dragapult, F|\n|poke|p2|Garchomp, F|\n|poke|p2|Zapdos|\n|poke|p2|Ferrothorn, M|\n|poke|p2|Clefable, F|\n|teampreview\n|inactive|Battle timer is ON: inactive players will automatically lose when time's up. (requested by Darkman64)\n|j| IM AT MY LIMIT\n|j| Outhippowdon\n|j| Spookypatata\n|c| Spookypatata|bro\n|inactive|pickin up pieces has 120 seconds left.\n|c|\u2606Darkman64|a?\n|\n|t:|1665896907\n|start\n|switch|p1a: Weavile|Weavile, M|100\/100\n|switch|p2a: Zapdos|Zapdos|100\/100\n|-ability|p1a: Weavile|Pressure\n|turn|1\n|\n|t:|1665896918\n|move|p1a: Weavile|Triple Axel|p2a: Zapdos\n|-supereffective|p2a: Zapdos\n|-damage|p2a: Zapdos|64\/100\n|-supereffective|p2a: Zapdos\n|-damage|p2a: Zapdos|0 fnt\n|faint|p2a: Zapdos\n|-hitcount|p2: Zapdos|2\n|\n|upkeep\n|j| FlynnKingsley\n|j| sfghfdfahag\n|c| Spookypatata|lead game on point kev\n|c| Spookypatata|jg\n|c| Spookypatata|gj\n|c|\u2606Darkman64|k\n|inactive|pickin up pieces has 120 seconds left.\n|c|\u2606Darkman64|que es lead game\n|j| KangkongNation2\n|\n|t:|1665896964\n|switch|p2a: Ferrothorn|Ferrothorn, M|100\/100\n|turn|2\n|\n|t:|1665896967\n|switch|p1a: Slowbro|Slowbro, M|100\/100\n|move|p2a: Ferrothorn|Stealth Rock|p1a: Slowbro\n|-sidestart|p1: Darkman64|move: Stealth Rock\n|\n|upkeep\n|turn|3\n|j| fork gaming\n|l| KangkongNation2\n|\n|t:|1665896980\n|move|p2a: Ferrothorn|Stealth Rock||[still]\n|-fail|p2a: Ferrothorn\n|move|p1a: Slowbro|Teleport|p1a: Slowbro\n|\n|t:|1665896983\n|switch|p1a: Urshifu|Urshifu-Rapid-Strike, M|100\/100|[from]move: Teleport\n|-damage|p1a: Urshifu|94\/100|[from] Stealth Rock\n|\n|upkeep\n|turn|4\n|l| FlynnKingsley\n|inactive|pickin up pieces has 120 seconds left.\n|\n|t:|1665896991\n|switch|p2a: Dragapult|Dragapult, F|100\/100\n|move|p1a: Urshifu|Surging Strikes|p2a: Dragapult\n|-resisted|p2a: Dragapult\n|-crit|p2a: Dragapult\n|-damage|p2a: Dragapult|81\/100\n|-resisted|p2a: Dragapult\n|-crit|p2a: Dragapult\n|-damage|p2a: Dragapult|60\/100\n|-resisted|p2a: Dragapult\n|-crit|p2a: Dragapult\n|-damage|p2a: Dragapult|39\/100\n|-hitcount|p2a: Dragapult|3\n|\n|upkeep\n|turn|5\n|\n|t:|1665896996\n|switch|p1a: Ferrothorn|Ferrothorn, M|100\/100\n|-damage|p1a: Ferrothorn|94\/100|[from] Stealth Rock\n|move|p2a: Dragapult|U-turn|p1a: Ferrothorn\n|-damage|p1a: Ferrothorn|85\/100\n|-damage|p2a: Dragapult|27\/100|[from] ability: Iron Barbs|[of] p1a: Ferrothorn\n|\n|t:|1665897003\n|switch|p2a: Garchomp|Garchomp, F|100\/100|[from]move: U-turn\n|\n|-heal|p1a: Ferrothorn|91\/100|[from] item: Leftovers\n|upkeep\n|turn|6\n|\n|t:|1665897005\n|move|p2a: Garchomp|Substitute|p2a: Garchomp\n|-start|p2a: Garchomp|Substitute\n|-damage|p2a: Garchomp|76\/100\n|move|p1a: Ferrothorn|Leech Seed||[still]\n|-fail|p1a: Ferrothorn\n|\n|-heal|p1a: Ferrothorn|98\/100|[from] item: Leftovers\n|upkeep\n|turn|7\n|\n|t:|1665897008\n|switch|p1a: Slowbro|Slowbro, M|100\/100\n|move|p2a: Garchomp|Swords Dance|p2a: Garchomp\n|-boost|p2a: Garchomp|atk|2\n|\n|upkeep\n|turn|8\n|\n|t:|1665897010\n|move|p2a: Garchomp|Earthquake|p1a: Slowbro\n|-damage|p1a: Slowbro|16\/100\n|-damage|p2a: Garchomp|66\/100|[from] item: Life Orb\n|move|p1a: Slowbro|Scald|p2a: Garchomp\n|-end|p2a: Garchomp|Substitute\n|\n|upkeep\n|turn|9\n|\n|t:|1665897014\n|switch|p1a: Clefable|Clefable, M|100\/100\n|-damage|p1a: Clefable|88\/100|[from] Stealth Rock\n|move|p2a: Garchomp|Scale Shot|p1a: Clefable\n|-immune|p1a: Clefable\n|\n|-heal|p1a: Clefable|94\/100|[from] item: Leftovers\n|upkeep\n|turn|10\n|j| njhjj\n|\n|t:|1665897017\n|move|p2a: Garchomp|Earthquake|p1a: Clefable\n|-damage|p1a: Clefable|44\/100\n|-damage|p2a: Garchomp|56\/100|[from] item: Life Orb\n|move|p1a: Clefable|Moonblast|p2a: Garchomp\n|-supereffective|p2a: Garchomp\n|-crit|p2a: Garchomp\n|-damage|p2a: Garchomp|0 fnt\n|faint|p2a: Garchomp\n|\n|-heal|p1a: Clefable|50\/100|[from] item: Leftovers\n|upkeep\n|\n|t:|1665897026\n|switch|p2a: Melmetal|Melmetal|100\/100\n|turn|11\n|\n|t:|1665897030\n|move|p1a: Clefable|Protect|p1a: Clefable\n|-singleturn|p1a: Clefable|Protect\n|move|p2a: Melmetal|Substitute|p2a: Melmetal\n|-start|p2a: Melmetal|Substitute\n|-damage|p2a: Melmetal|76\/100\n|\n|-heal|p1a: Clefable|56\/100|[from] item: Leftovers\n|-heal|p2a: Melmetal|82\/100|[from] item: Leftovers\n|upkeep\n|turn|12\n|\n|t:|1665897033\n|switch|p1a: Ferrothorn|Ferrothorn, M|98\/100\n|-damage|p1a: Ferrothorn|91\/100|[from] Stealth Rock\n|move|p2a: Melmetal|Earthquake|p1a: Ferrothorn\n|-damage|p1a: Ferrothorn|69\/100\n|\n|-heal|p2a: Melmetal|88\/100|[from] item: Leftovers\n|-heal|p1a: Ferrothorn|75\/100|[from] item: Leftovers\n|upkeep\n|turn|13\n|\n|t:|1665897036\n|move|p2a: Melmetal|Earthquake|p1a: Ferrothorn\n|-crit|p1a: Ferrothorn\n|-damage|p1a: Ferrothorn|38\/100\n|move|p1a: Ferrothorn|Spikes|p2a: Melmetal\n|-sidestart|p2: pickin up pieces|Spikes\n|\n|-heal|p2a: Melmetal|94\/100|[from] item: Leftovers\n|-heal|p1a: Ferrothorn|45\/100|[from] item: Leftovers\n|upkeep\n|turn|14\n|\n|t:|1665897040\n|switch|p1a: Landorus|Landorus-Therian, M|100\/100\n|-damage|p1a: Landorus|88\/100|[from] Stealth Rock\n|-ability|p1a: Landorus|Intimidate|boost\n|-immune|p2a: Melmetal\n|move|p2a: Melmetal|Double Iron Bash|p1a: Landorus\n|-damage|p1a: Landorus|45\/100\n|-damage|p1a: Landorus|4\/100\n|-hitcount|p1a: Landorus|2\n|\n|-heal|p1a: Landorus|10\/100|[from] item: Leftovers\n|-heal|p2a: Melmetal|99\/100|[from] item: Leftovers\n|upkeep\n|turn|15\n|\n|t:|1665897043\n|move|p1a: Landorus|Earthquake|p2a: Melmetal\n|-supereffective|p2a: Melmetal\n|-end|p2a: Melmetal|Substitute\n|move|p2a: Melmetal|Double Iron Bash|p1a: Landorus\n|-damage|p1a: Landorus|0 fnt\n|faint|p1a: Landorus\n|-hitcount|p1: Landorus|1\n|\n|-heal|p2a: Melmetal|100\/100|[from] item: Leftovers\n|upkeep\n|\n|t:|1665897045\n|switch|p1a: Urshifu|Urshifu-Rapid-Strike, M|94\/100\n|-damage|p1a: Urshifu|88\/100|[from] Stealth Rock\n|turn|16\n|\n|t:|1665897050\n|switch|p2a: Ferrothorn|Ferrothorn, M|100\/100\n|-damage|p2a: Ferrothorn|88\/100|[from] Spikes\n|move|p1a: Urshifu|Close Combat|p2a: Ferrothorn\n|-supereffective|p2a: Ferrothorn\n|-damage|p2a: Ferrothorn|0 fnt\n|-unboost|p1a: Urshifu|def|1\n|-unboost|p1a: Urshifu|spd|1\n|-damage|p1a: Urshifu|76\/100|[from] ability: Iron Barbs|[of] p2a: Ferrothorn\n|faint|p2a: Ferrothorn\n|\n|upkeep\n|\n|t:|1665897052\n|switch|p2a: Dragapult|Dragapult, F|27\/100\n|-damage|p2a: Dragapult|14\/100|[from] Spikes\n|turn|17\n|\n|t:|1665897058\n|switch|p1a: Slowbro|Slowbro, M|50\/100\n|move|p2a: Dragapult|Shadow Ball|p1a: Slowbro\n|-supereffective|p1a: Slowbro\n|-damage|p1a: Slowbro|0 fnt\n|faint|p1a: Slowbro\n|\n|upkeep\n|l| IM AT MY LIMIT\n|\n|t:|1665897067\n|switch|p1a: Weavile|Weavile, M|100\/100\n|-damage|p1a: Weavile|76\/100|[from] Stealth Rock\n|-ability|p1a: Weavile|Pressure\n|turn|18\n|\n|t:|1665897072\n|move|p1a: Weavile|Ice Shard|p2a: Dragapult\n|-supereffective|p2a: Dragapult\n|-damage|p2a: Dragapult|0 fnt\n|faint|p2a: Dragapult\n|\n|upkeep\n|\n|t:|1665897074\n|switch|p2a: Melmetal|Melmetal|100\/100\n|-damage|p2a: Melmetal|88\/100|[from] Spikes\n|turn|19\n|\n|t:|1665897080\n|switch|p1a: Ferrothorn|Ferrothorn, M|45\/100\n|-damage|p1a: Ferrothorn|38\/100|[from] Stealth Rock\n|move|p2a: Melmetal|Earthquake|p1a: Ferrothorn\n|-damage|p1a: Ferrothorn|16\/100\n|\n|-heal|p2a: Melmetal|94\/100|[from] item: Leftovers\n|-heal|p1a: Ferrothorn|22\/100|[from] item: Leftovers\n|upkeep\n|turn|20\n|\n|t:|1665897082\n|move|p2a: Melmetal|Earthquake|p1a: Ferrothorn\n|-damage|p1a: Ferrothorn|0 fnt\n|faint|p1a: Ferrothorn\n|\n|-heal|p2a: Melmetal|99\/100|[from] item: Leftovers\n|upkeep\n|\n|t:|1665897086\n|switch|p1a: Urshifu|Urshifu-Rapid-Strike, M|76\/100\n|-damage|p1a: Urshifu|70\/100|[from] Stealth Rock\n|turn|21\n|\n|t:|1665897095\n|move|p1a: Urshifu|Close Combat|p2a: Melmetal\n|-supereffective|p2a: Melmetal\n|-damage|p2a: Melmetal|0 fnt\n|-unboost|p1a: Urshifu|def|1\n|-unboost|p1a: Urshifu|spd|1\n|faint|p2a: Melmetal\n|\n|upkeep\n|\n|t:|1665897097\n|switch|p2a: Clefable|Clefable, F|100\/100\n|turn|22\n|\n|t:|1665897100\n|switch|p1a: Clefable|Clefable, M|56\/100\n|-damage|p1a: Clefable|43\/100|[from] Stealth Rock\n|move|p2a: Clefable|Moonblast|p1a: Clefable\n|-damage|p1a: Clefable|7\/100\n|-unboost|p1a: Clefable|spa|1\n|\n|-heal|p1a: Clefable|13\/100|[from] item: Leftovers\n|upkeep\n|turn|23\n|\n|t:|1665897102\n|move|p2a: Clefable|Moonblast|p1a: Clefable\n|-damage|p1a: Clefable|0 fnt\n|faint|p1a: Clefable\n|\n|upkeep\n|\n|t:|1665897108\n|switch|p1a: Urshifu|Urshifu-Rapid-Strike, M|70\/100\n|-damage|p1a: Urshifu|64\/100|[from] Stealth Rock\n|turn|24\n|\n|t:|1665897111\n|move|p1a: Urshifu|Surging Strikes|p2a: Clefable\n|-crit|p2a: Clefable\n|-damage|p2a: Clefable|70\/100\n|-crit|p2a: Clefable\n|-damage|p2a: Clefable|41\/100\n|-crit|p2a: Clefable\n|-damage|p2a: Clefable|12\/100\n|-hitcount|p2a: Clefable|3\n|move|p2a: Clefable|Moonblast|p1a: Urshifu\n|-supereffective|p1a: Urshifu\n|-damage|p1a: Urshifu|0 fnt\n|faint|p1a: Urshifu\n|\n|upkeep\n|c|\u2606Darkman64|gg\n|\n|t:|1665897114\n|switch|p1a: Weavile|Weavile, M|76\/100\n|-damage|p1a: Weavile|51\/100|[from] Stealth Rock\n|-ability|p1a: Weavile|Pressure\n|turn|25\n|\n|t:|1665897118\n|move|p1a: Weavile|Ice Shard|p2a: Clefable\n|-damage|p2a: Clefable|0 fnt\n|faint|p2a: Clefable\n|\n|win|Darkman64\n|raw|Darkman64's rating: 1714 &rarr; <strong>1735<\/strong><br \/>(+21 for winning)\n|raw|pickin up pieces's rating: 1740 &rarr; <strong>1719<\/strong><br \/>(-21 for losing)\n","uploadtime":1665897125,"views":7,"p1id":"darkman64","p2id":"pickinuppieces","formatid":"gen8ou","rating":1719,"private":0,"password":null}