{"id":"gen8ou-1554675774","p1":"Strawberry Yumemi","p2":"FENDINI","format":"gen8ou","log":"|j|\u2606Strawberry Yumemi\n|j|\u2606FENDINI\n|t:|1650117371\n|gametype|singles\n|player|p1|Strawberry Yumemi|170|1813\n|player|p2|FENDINI|n|1764\n|teamsize|p1|6\n|teamsize|p2|6\n|gen|8\n|tier|[Gen 8] OU\n|rated|\n|rule|Sleep Clause Mod: Limit one foe put to sleep\n|rule|Species Clause: Limit one of each Pok\u00e9mon\n|rule|OHKO Clause: OHKO moves are banned\n|rule|Evasion Moves Clause: Evasion moves are banned\n|rule|Endless Battle Clause: Forcing endless battles is banned\n|rule|HP Percentage Mod: HP is shown in percentages\n|rule|Dynamax Clause: You cannot dynamax\n|clearpoke\n|poke|p1|Dragapult, F|\n|poke|p1|Slowking, F|\n|poke|p1|Landorus-Therian, M|\n|poke|p1|Melmetal|\n|poke|p1|Zeraora|\n|poke|p1|Dragonite, F|\n|poke|p2|Weavile, M|\n|poke|p2|Garchomp, M|\n|poke|p2|Tornadus-Therian, M|\n|poke|p2|Clefable, F|\n|poke|p2|Rotom-Wash|\n|poke|p2|Ferrothorn, M|\n|teampreview\n|inactive|Battle timer is ON: inactive players will automatically lose when time's up. (requested by Strawberry Yumemi)\n|j| immasetup\n|j| Wrain\n|j| Palladiawa\n|\n|t:|1650117394\n|start\n|switch|p1a: Melmetal|Melmetal|100\/100\n|switch|p2a: Tornadus|Tornadus-Therian, M|100\/100\n|turn|1\n|j| tapu moxo\n|inactive|FENDINI has 120 seconds left.\n|j| xiao123\n|l| xiao123\n|inactive|Strawberry Yumemi has 120 seconds left.\n|\n|t:|1650117434\n|switch|p2a: Rotom|Rotom-Wash|100\/100\n|switch|p1a: Slowking|Slowking, F|100\/100\n|\n|upkeep\n|turn|2\n|inactive|FENDINI has 120 seconds left.\n|\n|t:|1650117440\n|move|p2a: Rotom|Volt Switch|p1a: Slowking\n|-supereffective|p1a: Slowking\n|-damage|p1a: Slowking|62\/100\n|\n|t:|1650117442\n|switch|p2a: Weavile|Weavile, M|100\/100|[from]move: Volt Switch\n|-ability|p2a: Weavile|Pressure\n|move|p1a: Slowking|Teleport|p1a: Slowking\n|inactive|Strawberry Yumemi has 120 seconds left.\n|j| xiao123\n|\n|t:|1650117464\n|switch|p1a: Melmetal|Melmetal|100\/100|[from]move: Teleport\n|\n|upkeep\n|turn|3\n|l| xiao123\n|inactive|Strawberry Yumemi has 120 seconds left.\n|\n|t:|1650117471\n|switch|p2a: Rotom|Rotom-Wash|100\/100\n|move|p1a: Melmetal|Superpower|p2a: Rotom\n|-crit|p2a: Rotom\n|-damage|p2a: Rotom|23\/100\n|-unboost|p1a: Melmetal|atk|1\n|-unboost|p1a: Melmetal|def|1\n|\n|-heal|p2a: Rotom|29\/100|[from] item: Leftovers\n|upkeep\n|turn|4\n|inactive|Strawberry Yumemi has 120 seconds left.\n|j| Go b4 it gets dark\n|\n|t:|1650117489\n|switch|p1a: Slowking|Slowking, F|95\/100\n|move|p2a: Rotom|Pain Split|p1a: Slowking\n|-sethp|p1a: Slowking|59\/100|[from] move: Pain Split|[silent]\n|-sethp|p2a: Rotom|76\/100|[from] move: Pain Split\n|\n|-heal|p2a: Rotom|82\/100|[from] item: Leftovers\n|upkeep\n|turn|5\n|\n|t:|1650117496\n|move|p2a: Rotom|Volt Switch|p1a: Slowking\n|-supereffective|p1a: Slowking\n|-damage|p1a: Slowking|16\/100\n|\n|t:|1650117504\n|switch|p2a: Weavile|Weavile, M|100\/100|[from]move: Volt Switch\n|-ability|p2a: Weavile|Pressure\n|move|p1a: Slowking|Teleport|p1a: Slowking\n|l| Wrain\n|\n|t:|1650117519\n|switch|p1a: Melmetal|Melmetal|100\/100|[from]move: Teleport\n|\n|upkeep\n|turn|6\n|\n|t:|1650117530\n|switch|p2a: Rotom|Rotom-Wash|82\/100\n|switch|p1a: Dragonite|Dragonite, F|100\/100\n|\n|-heal|p2a: Rotom|88\/100|[from] item: Leftovers\n|upkeep\n|turn|7\n|\n|t:|1650117535\n|move|p1a: Dragonite|Toxic|p2a: Rotom\n|-status|p2a: Rotom|tox\n|move|p2a: Rotom|Volt Switch|p1a: Dragonite\n|-damage|p1a: Dragonite|89\/100\n|\n|t:|1650117545\n|switch|p2a: Weavile|Weavile, M|100\/100|[from]move: Volt Switch\n|-ability|p2a: Weavile|Pressure\n|\n|upkeep\n|turn|8\n|l| Go b4 it gets dark\n|j| rebube\n|j| xiao123\n|\n|t:|1650117575\n|move|p2a: Weavile|Knock Off|p1a: Dragonite\n|-damage|p1a: Dragonite|26\/100\n|-enditem|p1a: Dragonite|Heavy-Duty Boots|[from] move: Knock Off|[of] p2a: Weavile\n|move|p1a: Dragonite|Fire Blast|p2a: Weavile\n|-supereffective|p2a: Weavile\n|-damage|p2a: Weavile|17\/100\n|\n|upkeep\n|turn|9\n|\n|t:|1650117585\n|move|p2a: Weavile|Knock Off|p1a: Dragonite\n|-damage|p1a: Dragonite|0 fnt\n|faint|p1a: Dragonite\n|\n|upkeep\n|\n|t:|1650117590\n|switch|p1a: Landorus|Landorus-Therian, M|100\/100\n|-ability|p1a: Landorus|Intimidate|boost\n|-unboost|p2a: Weavile|atk|1\n|turn|10\n|j| Go b4 it gets dark\n|j| supahotnicememe\n|\n|t:|1650117603\n|switch|p2a: Ferrothorn|Ferrothorn, M|100\/100\n|move|p1a: Landorus|U-turn|p2a: Ferrothorn\n|-crit|p2a: Ferrothorn\n|-damage|p2a: Ferrothorn|79\/100\n|-damage|p1a: Landorus|88\/100|[from] ability: Iron Barbs|[of] p2a: Ferrothorn\n|j| trash unknown team\n|j| JJ09LIE\n|inactive|Strawberry Yumemi has 120 seconds left.\n|\n|t:|1650117642\n|switch|p1a: Dragapult|Dragapult, F|100\/100|[from]move: U-turn\n|\n|-heal|p2a: Ferrothorn|85\/100|[from] item: Leftovers\n|upkeep\n|turn|11\n|l| immasetup\n|\n|t:|1650117649\n|switch|p2a: Tornadus|Tornadus-Therian, M|100\/100\n|move|p1a: Dragapult|Shadow Ball|p2a: Tornadus\n|-damage|p2a: Tornadus|53\/100\n|-unboost|p2a: Tornadus|spd|1\n|\n|upkeep\n|turn|12\n|inactive|Strawberry Yumemi has 120 seconds left.\n|\n|t:|1650117660\n|switch|p2a: Clefable|Clefable, F|100\/100\n|move|p1a: Dragapult|Shadow Ball|p2a: Clefable\n|-damage|p2a: Clefable|55\/100\n|-unboost|p2a: Clefable|spd|1\n|\n|upkeep\n|turn|13\n|inactive|Strawberry Yumemi has 120 seconds left.\n|\n|t:|1650117673\n|switch|p2a: Rotom|Rotom-Wash|88\/100 tox\n|move|p1a: Dragapult|Shadow Ball|p2a: Rotom\n|-damage|p2a: Rotom|47\/100 tox\n|\n|-heal|p2a: Rotom|53\/100 tox|[from] item: Leftovers\n|-damage|p2a: Rotom|47\/100 tox|[from] psn\n|upkeep\n|turn|14\n|inactive|Strawberry Yumemi has 120 seconds left.\n|\n|t:|1650117689\n|switch|p1a: Slowking|Slowking, F|49\/100\n|move|p2a: Rotom|Thunder Wave|p1a: Slowking\n|-status|p1a: Slowking|par\n|\n|-heal|p2a: Rotom|53\/100 tox|[from] item: Leftovers\n|-damage|p2a: Rotom|41\/100 tox|[from] psn\n|upkeep\n|turn|15\n|\n|t:|1650117696\n|move|p2a: Rotom|Volt Switch|p1a: Slowking\n|-supereffective|p1a: Slowking\n|-damage|p1a: Slowking|12\/100 par\n|\n|t:|1650117703\n|switch|p2a: Weavile|Weavile, M|17\/100|[from]move: Volt Switch\n|-ability|p2a: Weavile|Pressure\n|cant|p1a: Slowking|par\n|\n|upkeep\n|turn|16\n|\n|t:|1650117710\n|move|p2a: Weavile|Knock Off|p1a: Slowking\n|-supereffective|p1a: Slowking\n|-damage|p1a: Slowking|0 fnt\n|-enditem|p1a: Slowking|Heavy-Duty Boots|[from] move: Knock Off|[of] p2a: Weavile\n|faint|p1a: Slowking\n|\n|upkeep\n|\n|t:|1650117712\n|switch|p1a: Dragapult|Dragapult, F|100\/100\n|turn|17\n|c| tapu moxo|weavile: tier S+ mon?\n|\n|t:|1650117731\n|switch|p2a: Rotom|Rotom-Wash|41\/100 tox\n|move|p1a: Dragapult|Shadow Ball|p2a: Rotom\n|-damage|p2a: Rotom|2\/100 tox\n|-unboost|p2a: Rotom|spd|1\n|\n|-heal|p2a: Rotom|8\/100 tox|[from] item: Leftovers\n|-damage|p2a: Rotom|2\/100 tox|[from] psn\n|upkeep\n|turn|18\n|\n|t:|1650117737\n|move|p1a: Dragapult|Shadow Ball|p2a: Rotom\n|-damage|p2a: Rotom|0 fnt\n|faint|p2a: Rotom\n|\n|upkeep\n|\n|t:|1650117752\n|switch|p2a: Clefable|Clefable, F|55\/100\n|turn|19\n|\n|t:|1650117757\n|switch|p1a: Melmetal|Melmetal|100\/100\n|move|p2a: Clefable|Soft-Boiled|p2a: Clefable\n|-heal|p2a: Clefable|100\/100\n|\n|upkeep\n|turn|20\n|\n|t:|1650117770\n|switch|p2a: Garchomp|Garchomp, M|100\/100\n|move|p1a: Melmetal|Superpower|p2a: Garchomp\n|-damage|p2a: Garchomp|58\/100\n|-unboost|p1a: Melmetal|atk|1\n|-unboost|p1a: Melmetal|def|1\n|-damage|p1a: Melmetal|88\/100|[from] ability: Rough Skin|[of] p2a: Garchomp\n|\n|-heal|p2a: Garchomp|64\/100|[from] item: Leftovers\n|upkeep\n|turn|21\n|\n|t:|1650117783\n|switch|p1a: Landorus|Landorus-Therian, M|88\/100\n|-ability|p1a: Landorus|Intimidate|boost\n|-unboost|p2a: Garchomp|atk|1\n|move|p2a: Garchomp|Swords Dance|p2a: Garchomp\n|-boost|p2a: Garchomp|atk|2\n|\n|-heal|p2a: Garchomp|71\/100|[from] item: Leftovers\n|-heal|p1a: Landorus|94\/100|[from] item: Leftovers\n|upkeep\n|turn|22\n|\n|t:|1650117791\n|move|p2a: Garchomp|Stone Edge|p1a: Landorus\n|-damage|p1a: Landorus|48\/100\n|move|p1a: Landorus|Earthquake|p2a: Garchomp\n|-damage|p2a: Garchomp|24\/100\n|\n|-heal|p2a: Garchomp|30\/100|[from] item: Leftovers\n|-heal|p1a: Landorus|54\/100|[from] item: Leftovers\n|upkeep\n|turn|23\n|\n|t:|1650117817\n|switch|p2a: Tornadus|Tornadus-Therian, M|86\/100\n|move|p1a: Landorus|Earthquake|p2a: Tornadus\n|-immune|p2a: Tornadus\n|\n|-heal|p1a: Landorus|60\/100|[from] item: Leftovers\n|upkeep\n|turn|24\n|j| 0SiegeWarfare\n|\n|t:|1650117836\n|switch|p1a: Melmetal|Melmetal|88\/100\n|move|p2a: Tornadus|Knock Off|p1a: Melmetal\n|-damage|p1a: Melmetal|77\/100\n|-enditem|p1a: Melmetal|Assault Vest|[from] move: Knock Off|[of] p2a: Tornadus\n|\n|upkeep\n|turn|25\n|\n|t:|1650117856\n|switch|p2a: Ferrothorn|Ferrothorn, M|85\/100\n|move|p1a: Melmetal|Double Iron Bash|p2a: Ferrothorn\n|-resisted|p2a: Ferrothorn\n|-damage|p2a: Ferrothorn|74\/100\n|-damage|p1a: Melmetal|64\/100|[from] ability: Iron Barbs|[of] p2a: Ferrothorn\n|-resisted|p2a: Ferrothorn\n|-damage|p2a: Ferrothorn|62\/100\n|-damage|p1a: Melmetal|52\/100|[from] ability: Iron Barbs|[of] p2a: Ferrothorn\n|-hitcount|p2a: Ferrothorn|2\n|\n|-heal|p2a: Ferrothorn|68\/100|[from] item: Leftovers\n|upkeep\n|turn|26\n|\n|t:|1650117870\n|move|p1a: Melmetal|Superpower|p2a: Ferrothorn\n|-supereffective|p2a: Ferrothorn\n|-damage|p2a: Ferrothorn|18\/100\n|-unboost|p1a: Melmetal|atk|1\n|-unboost|p1a: Melmetal|def|1\n|-damage|p1a: Melmetal|40\/100|[from] ability: Iron Barbs|[of] p2a: Ferrothorn\n|move|p2a: Ferrothorn|Body Press|p1a: Melmetal\n|-supereffective|p1a: Melmetal\n|-damage|p1a: Melmetal|0 fnt\n|faint|p1a: Melmetal\n|\n|-heal|p2a: Ferrothorn|24\/100|[from] item: Leftovers\n|upkeep\n|j| Oakdeon\n|\n|t:|1650117888\n|switch|p1a: Zeraora|Zeraora|100\/100\n|turn|27\n|\n|t:|1650117910\n|move|p1a: Zeraora|Bulk Up|p1a: Zeraora\n|-boost|p1a: Zeraora|atk|1\n|-boost|p1a: Zeraora|def|1\n|move|p2a: Ferrothorn|Leech Seed|p1a: Zeraora\n|-start|p1a: Zeraora|move: Leech Seed\n|\n|-heal|p2a: Ferrothorn|30\/100|[from] item: Leftovers\n|-damage|p1a: Zeraora|88\/100|[from] Leech Seed|[of] p2a: Ferrothorn\n|-heal|p2a: Ferrothorn|41\/100|[silent]\n|upkeep\n|turn|28\n|\n|t:|1650117917\n|move|p1a: Zeraora|Close Combat|p2a: Ferrothorn\n|-supereffective|p2a: Ferrothorn\n|-damage|p2a: Ferrothorn|0 fnt\n|-unboost|p1a: Zeraora|def|1\n|-unboost|p1a: Zeraora|spd|1\n|-damage|p1a: Zeraora|76\/100|[from] ability: Iron Barbs|[of] p2a: Ferrothorn\n|faint|p2a: Ferrothorn\n|\n|upkeep\n|j| registorm\n|inactive|FENDINI has 120 seconds left.\n|\n|t:|1650117944\n|switch|p2a: Clefable|Clefable, F|100\/100\n|turn|29\n|\n|t:|1650117967\n|switch|p1a: Landorus|Landorus-Therian, M|60\/100\n|-ability|p1a: Landorus|Intimidate|boost\n|-unboost|p2a: Clefable|atk|1\n|move|p2a: Clefable|Moonblast|p1a: Landorus\n|-damage|p1a: Landorus|29\/100\n|\n|-heal|p1a: Landorus|35\/100|[from] item: Leftovers\n|upkeep\n|turn|30\n|l| Oakdeon\n|inactive|FENDINI has 120 seconds left.\n|\n|t:|1650118003\n|move|p1a: Landorus|Earthquake|p2a: Clefable\n|-damage|p2a: Clefable|62\/100\n|move|p2a: Clefable|Calm Mind|p2a: Clefable\n|-boost|p2a: Clefable|spa|1\n|-boost|p2a: Clefable|spd|1\n|\n|-heal|p1a: Landorus|41\/100|[from] item: Leftovers\n|upkeep\n|turn|31\n|l| JJ09LIE\n|inactive|Strawberry Yumemi has 120 seconds left.\n|l| registorm\n|\n|t:|1650118040\n|move|p1a: Landorus|Earthquake|p2a: Clefable\n|-damage|p2a: Clefable|21\/100\n|move|p2a: Clefable|Soft-Boiled|p2a: Clefable\n|-heal|p2a: Clefable|71\/100\n|\n|-heal|p1a: Landorus|47\/100|[from] item: Leftovers\n|upkeep\n|turn|32\n|l| xiao123\n|inactive|FENDINI has 120 seconds left.\n|\n|t:|1650118053\n|switch|p2a: Tornadus|Tornadus-Therian, M|100\/100\n|move|p1a: Landorus|Earthquake|p2a: Tornadus\n|-immune|p2a: Tornadus\n|\n|-heal|p1a: Landorus|53\/100|[from] item: Leftovers\n|upkeep\n|turn|33\n|j| xiao123\n|l| xiao123\n|l| Go b4 it gets dark\n|l| tapu moxo\n|\n|t:|1650118081\n|move|p2a: Tornadus|Knock Off|p1a: Landorus\n|-damage|p1a: Landorus|33\/100\n|-enditem|p1a: Landorus|Leftovers|[from] move: Knock Off|[of] p2a: Tornadus\n|move|p1a: Landorus|U-turn|p2a: Tornadus\n|-resisted|p2a: Tornadus\n|-damage|p2a: Tornadus|88\/100\n|\n|t:|1650118087\n|switch|p1a: Zeraora|Zeraora|76\/100|[from]move: U-turn\n|\n|upkeep\n|turn|34\n|\n|t:|1650118097\n|switch|p2a: Clefable|Clefable, F|71\/100\n|move|p1a: Zeraora|Bulk Up|p1a: Zeraora\n|-boost|p1a: Zeraora|atk|1\n|-boost|p1a: Zeraora|def|1\n|\n|upkeep\n|turn|35\n|j| GodCake\n|l| GodCake\n|j| nodragondanceinrb\n|inactive|FENDINI has 120 seconds left.\n|inactive|Strawberry Yumemi has 90 seconds left.\n|\n|t:|1650118153\n|move|p1a: Zeraora|Plasma Fists|p2a: Clefable\n|-damage|p2a: Clefable|13\/100\n|-fieldactivate|move: Ion Deluge\n|-hint|Normal-type moves become Electric-type after using Plasma Fists.\n|move|p2a: Clefable|Moonblast|p1a: Zeraora\n|-damage|p1a: Zeraora|26\/100\n|-unboost|p1a: Zeraora|spa|1\n|\n|upkeep\n|turn|36\n|\n|t:|1650118167\n|switch|p2a: Garchomp|Garchomp, M|30\/100\n|move|p1a: Zeraora|Plasma Fists|p2a: Garchomp\n|-immune|p2a: Garchomp\n|\n|-heal|p2a: Garchomp|37\/100|[from] item: Leftovers\n|upkeep\n|turn|37\n|inactive|Strawberry Yumemi has 90 seconds left.\n|\n|t:|1650118193\n|move|p1a: Zeraora|Close Combat|p2a: Garchomp\n|-damage|p2a: Garchomp|0 fnt\n|-unboost|p1a: Zeraora|def|1\n|-unboost|p1a: Zeraora|spd|1\n|-damage|p1a: Zeraora|14\/100|[from] ability: Rough Skin|[of] p2a: Garchomp\n|faint|p2a: Garchomp\n|\n|upkeep\n|\n|t:|1650118196\n|switch|p2a: Weavile|Weavile, M|17\/100\n|-ability|p2a: Weavile|Pressure\n|turn|38\n|inactive|Strawberry Yumemi has 90 seconds left.\n|\n|t:|1650118203\n|switch|p1a: Landorus|Landorus-Therian, M|33\/100\n|-ability|p1a: Landorus|Intimidate|boost\n|-unboost|p2a: Weavile|atk|1\n|move|p2a: Weavile|Ice Shard|p1a: Landorus\n|-supereffective|p1a: Landorus\n|-damage|p1a: Landorus|0 fnt\n|faint|p1a: Landorus\n|\n|upkeep\n|inactive|Strawberry Yumemi has 90 seconds left.\n|\n|t:|1650118208\n|switch|p1a: Dragapult|Dragapult, F|100\/100\n|turn|39\n|\n|t:|1650118213\n|switch|p2a: Clefable|Clefable, F|13\/100\n|move|p1a: Dragapult|Shadow Ball|p2a: Clefable\n|-damage|p2a: Clefable|0 fnt\n|faint|p2a: Clefable\n|\n|upkeep\n|\n|t:|1650118214\n|switch|p2a: Tornadus|Tornadus-Therian, M|100\/100\n|turn|40\n|j| xjbw\n|\n|t:|1650118221\n|move|p1a: Dragapult|Shadow Ball|p2a: Tornadus\n|-damage|p2a: Tornadus|50\/100\n|move|p2a: Tornadus|Knock Off|p1a: Dragapult\n|-supereffective|p1a: Dragapult\n|-damage|p1a: Dragapult|46\/100\n|-enditem|p1a: Dragapult|Choice Specs|[from] move: Knock Off|[of] p2a: Tornadus\n|\n|upkeep\n|turn|41\n|l| xjbw\n|\n|t:|1650118228\n|move|p1a: Dragapult|Draco Meteor|p2a: Tornadus\n|-damage|p2a: Tornadus|0 fnt\n|-unboost|p1a: Dragapult|spa|2\n|faint|p2a: Tornadus\n|\n|upkeep\n|\n|t:|1650118229\n|switch|p2a: Weavile|Weavile, M|17\/100\n|-ability|p2a: Weavile|Pressure\n|turn|42\n|\n|t:|1650118233\n|move|p2a: Weavile|Ice Shard|p1a: Dragapult\n|-supereffective|p1a: Dragapult\n|-damage|p1a: Dragapult|0 fnt\n|faint|p1a: Dragapult\n|\n|upkeep\n|\n|t:|1650118235\n|switch|p1a: Zeraora|Zeraora|14\/100\n|turn|43\n|c|\u2606FENDINI|gg\n|\n|t:|1650118242\n|move|p2a: Weavile|Ice Shard|p1a: Zeraora\n|-damage|p1a: Zeraora|0 fnt\n|faint|p1a: Zeraora\n|\n|win|FENDINI\n|raw|Strawberry Yumemi's rating: 1795 &rarr; <strong>1773<\/strong><br \/>(-22 for losing)\n|raw|FENDINI's rating: 1764 &rarr; <strong>1786<\/strong><br \/>(+22 for winning)\n","uploadtime":1650118248,"views":23,"p1id":"strawberryyumemi","p2id":"fendini","formatid":"gen8ou","rating":1773,"private":0,"password":null}