{"id":"gen8ou-1622736865","p1":"Steve Omelette","p2":"ian_yo","format":"gen8ou","log":"|j|\u2606Steve Omelette\n|j|\u2606ian_yo\n|t:|1658486787\n|gametype|singles\n|player|p1|Steve Omelette|266|1886\n|player|p2|ian_yo|skier|1866\n|teamsize|p1|6\n|teamsize|p2|6\n|gen|8\n|tier|[Gen 8] OU\n|rated|\n|rule|Sleep Clause Mod: Limit one foe put to sleep\n|rule|Species Clause: Limit one of each Pok\u00e9mon\n|rule|OHKO Clause: OHKO moves are banned\n|rule|Evasion Moves Clause: Evasion moves are banned\n|rule|Endless Battle Clause: Forcing endless battles is banned\n|rule|HP Percentage Mod: HP is shown in percentages\n|rule|Dynamax Clause: You cannot dynamax\n|clearpoke\n|poke|p1|Ferrothorn, F|\n|poke|p1|Rotom-Wash|\n|poke|p1|Tyranitar, F|\n|poke|p1|Excadrill, M|\n|poke|p1|Clefable, M|\n|poke|p1|Dragapult, F|\n|poke|p2|Mew|\n|poke|p2|Sharpedo, M|\n|poke|p2|Garchomp, M|\n|poke|p2|Moltres-Galar|\n|poke|p2|Blaziken, M|\n|poke|p2|Kartana|\n|teampreview\n|inactive|Battle timer is ON: inactive players will automatically lose when time's up. (requested by ian_yo)\n|j| Ran Kob\n|l| Ran Kob\n|j| Ran Kob\n|\n|t:|1658486815\n|start\n|switch|p1a: Tyranitar|Tyranitar, F|100\/100\n|switch|p2a: Mew|Mew|100\/100\n|-weather|Sandstorm|[from] ability: Sand Stream|[of] p1a: Tyranitar\n|turn|1\n|\n|t:|1658486819\n|move|p2a: Mew|Stealth Rock|p1a: Tyranitar\n|-sidestart|p1: Steve Omelette|move: Stealth Rock\n|move|p1a: Tyranitar|Crunch|p2a: Mew\n|-supereffective|p2a: Mew\n|-enditem|p2a: Mew|Colbur Berry|[eat]\n|-enditem|p2a: Mew|Colbur Berry|[weaken]\n|-damage|p2a: Mew|43\/100\n|\n|-weather|Sandstorm|[upkeep]\n|-damage|p2a: Mew|37\/100|[from] Sandstorm\n|upkeep\n|turn|2\n|\n|t:|1658486823\n|move|p2a: Mew|Spikes|p1a: Tyranitar\n|-sidestart|p1: Steve Omelette|Spikes\n|move|p1a: Tyranitar|Crunch|p2a: Mew\n|-supereffective|p2a: Mew\n|-damage|p2a: Mew|0 fnt\n|faint|p2a: Mew\n|\n|-weather|Sandstorm|[upkeep]\n|upkeep\n|\n|t:|1658486825\n|switch|p2a: Blaziken|Blaziken, M|100\/100\n|turn|3\n|\n|t:|1658486830\n|move|p2a: Blaziken|Swords Dance|p2a: Blaziken\n|-boost|p2a: Blaziken|atk|2\n|move|p1a: Tyranitar|Crunch|p2a: Blaziken\n|-resisted|p2a: Blaziken\n|-damage|p2a: Blaziken|54\/100\n|\n|-weather|Sandstorm|[upkeep]\n|-damage|p2a: Blaziken|48\/100|[from] Sandstorm\n|-heal|p2a: Blaziken|54\/100|[from] item: Leftovers\n|-ability|p2a: Blaziken|Speed Boost|boost\n|-boost|p2a: Blaziken|spe|1\n|upkeep\n|turn|4\n|j| VN Star\n|\n|t:|1658486841\n|switch|p1a: Clefable|Clefable, M|100\/100\n|move|p2a: Blaziken|Close Combat|p1a: Clefable\n|-resisted|p1a: Clefable\n|-damage|p1a: Clefable|49\/100\n|-unboost|p2a: Blaziken|def|1\n|-unboost|p2a: Blaziken|spd|1\n|-damage|p2a: Blaziken|37\/100|[from] item: Rocky Helmet|[of] p1a: Clefable\n|\n|-weather|Sandstorm|[upkeep]\n|-damage|p2a: Blaziken|31\/100|[from] Sandstorm\n|-heal|p2a: Blaziken|37\/100|[from] item: Leftovers\n|-ability|p2a: Blaziken|Speed Boost|boost\n|-boost|p2a: Blaziken|spe|1\n|upkeep\n|turn|5\n|\n|t:|1658486849\n|move|p2a: Blaziken|Flare Blitz|p1a: Clefable\n|-damage|p1a: Clefable|0 fnt\n|-damage|p2a: Blaziken|21\/100|[from] item: Rocky Helmet|[of] p1a: Clefable\n|faint|p1a: Clefable\n|-damage|p2a: Blaziken|1\/100|[from] Recoil\n|\n|-weather|none\n|-heal|p2a: Blaziken|7\/100|[from] item: Leftovers\n|-ability|p2a: Blaziken|Speed Boost|boost\n|-boost|p2a: Blaziken|spe|1\n|upkeep\n|\n|t:|1658486852\n|switch|p1a: Tyranitar|Tyranitar, F|100\/100\n|-damage|p1a: Tyranitar|88\/100|[from] Stealth Rock\n|-damage|p1a: Tyranitar|76\/100|[from] Spikes\n|-weather|Sandstorm|[from] ability: Sand Stream|[of] p1a: Tyranitar\n|turn|6\n|\n|t:|1658486856\n|switch|p1a: Ferrothorn|Ferrothorn, F|100\/100\n|-damage|p1a: Ferrothorn|95\/100|[from] Stealth Rock\n|-damage|p1a: Ferrothorn|82\/100|[from] Spikes\n|move|p2a: Blaziken|Flare Blitz|p1a: Ferrothorn\n|-supereffective|p1a: Ferrothorn\n|-damage|p1a: Ferrothorn|0 fnt\n|-damage|p2a: Blaziken|0 fnt|[from] ability: Iron Barbs|[of] p1a: Ferrothorn\n|faint|p1a: Ferrothorn\n|faint|p2a: Blaziken\n|\n|-weather|Sandstorm|[upkeep]\n|upkeep\n|\n|t:|1658486866\n|switch|p2a: Kartana|Kartana|100\/100\n|switch|p1a: Dragapult|Dragapult, F|100\/100\n|-damage|p1a: Dragapult|88\/100|[from] Stealth Rock\n|-damage|p1a: Dragapult|76\/100|[from] Spikes\n|turn|7\n|\n|t:|1658486869\n|move|p2a: Kartana|Knock Off|p1a: Dragapult\n|-supereffective|p1a: Dragapult\n|-damage|p1a: Dragapult|0 fnt\n|-enditem|p1a: Dragapult|Choice Specs|[from] move: Knock Off|[of] p2a: Kartana\n|faint|p1a: Dragapult\n|-ability|p2a: Kartana|Beast Boost|boost\n|-boost|p2a: Kartana|atk|1\n|\n|-weather|Sandstorm|[upkeep]\n|upkeep\n|-message|Steve Omelette forfeited.\n|\n|win|ian_yo\n|raw|Steve Omelette's rating: 1886 &rarr; <strong>1865<\/strong><br \/>(-21 for losing)\n|raw|ian_yo's rating: 1866 &rarr; <strong>1887<\/strong><br \/>(+21 for winning)\n|l|\u2606Steve Omelette\n|l|\u2606ian_yo\n|l| Ran Kob\n|j|\u2606ian_yo\n|player|p2|ian_yo|skier\n","uploadtime":1658487288,"views":120,"p1id":"steveomelette","p2id":"ianyo","formatid":"gen8ou","rating":1865,"private":0,"password":null}