{"id":"gen8ou-1116175975","p1":"Ash's Alt","p2":"A","format":"gen8ou","log":"|j|\u2606Ash's Alt\n|j|\u2606A\n|player|p1|Ash's Alt|169|1607\n|player|p2|A|clemont|1577\n|teamsize|p1|6\n|teamsize|p2|6\n|gametype|singles\n|gen|8\n|tier|[Gen 8] OU\n|rated|\n|clearpoke\n|poke|p1|Terrakion|\n|poke|p1|Ninetales-Alola, M|\n|poke|p1|Dracovish|\n|poke|p1|Necrozma|\n|poke|p1|Conkeldurr, M|\n|poke|p1|Zeraora|\n|poke|p2|Dracovish|\n|poke|p2|Seismitoad, M|\n|poke|p2|Snorlax, M|\n|poke|p2|Clefable, F|\n|poke|p2|Jirachi|\n|poke|p2|Mew|\n|rule|Sleep Clause Mod: Limit one foe put to sleep\n|rule|Species Clause: Limit one of each Pok\u00e9mon\n|rule|OHKO Clause: OHKO moves are banned\n|rule|Evasion Moves Clause: Evasion moves are banned\n|rule|Endless Battle Clause: Forcing endless battles is banned\n|rule|HP Percentage Mod: HP is shown in percentages\n|rule|Dynamax Clause: You cannot dynamax\n|teampreview\n|inactive|Battle timer is ON: inactive players will automatically lose when time's up. (requested by A)\n|\n|start\n|switch|p1a: Dracovish|Dracovish|100\/100\n|switch|p2a: SLEEPY BABY|Clefable, F|100\/100\n|turn|1\n|\n|switch|p1a: Ninetales|Ninetales-Alola, M|100\/100\n|-weather|Hail|[from] ability: Snow Warning|[of] p1a: Ninetales\n|move|p2a: SLEEPY BABY|Moonblast|p1a: Ninetales\n|-damage|p1a: Ninetales|59\/100\n|\n|-weather|Hail|[upkeep]\n|upkeep\n|turn|2\n|\n|switch|p2a: haha funny|Mew|100\/100\n|move|p1a: Ninetales|Aurora Veil|p1a: Ninetales\n|-sidestart|p1: Ash's Alt|move: Aurora Veil\n|\n|-weather|Hail|[upkeep]\n|-damage|p2a: haha funny|94\/100|[from] Hail\n|upkeep\n|turn|3\n|\n|move|p1a: Ninetales|Hypnosis|p2a: haha funny\n|-status|p2a: haha funny|slp|[from] move: Hypnosis\n|cant|p2a: haha funny|slp\n|\n|-weather|Hail|[upkeep]\n|-damage|p2a: haha funny|88\/100 slp|[from] Hail\n|upkeep\n|turn|4\n|\n|switch|p1a: Terrakion|Terrakion|100\/100\n|switch|p2a: SLEEPY BABY|Clefable, F|100\/100\n|\n|-weather|Hail|[upkeep]\n|-damage|p1a: Terrakion|94\/100|[from] Hail\n|-heal|p1a: Terrakion|100\/100|[from] item: Leftovers\n|upkeep\n|turn|5\n|\n|move|p1a: Terrakion|Swords Dance|p1a: Terrakion\n|-boost|p1a: Terrakion|atk|2\n|move|p2a: SLEEPY BABY|Trick|p1a: Terrakion\n|-activate|p2a: SLEEPY BABY|move: Trick|[of] p1a: Terrakion\n|-item|p1a: Terrakion|Choice Scarf|[from] move: Trick\n|-item|p2a: SLEEPY BABY|Leftovers|[from] move: Trick\n|\n|-weather|none\n|upkeep\n|turn|6\n|\n|switch|p2a: haha funny|Mew|88\/100 slp\n|move|p1a: Terrakion|Stone Edge|p2a: haha funny\n|-crit|p2a: haha funny\n|-damage|p2a: haha funny|0 fnt\n|faint|p2a: haha funny\n|\n|upkeep\n|\n|switch|p2a: Seismitoad|Seismitoad, M|100\/100\n|turn|7\n|\n|move|p1a: Terrakion|Stone Edge|p2a: Seismitoad\n|-resisted|p2a: Seismitoad\n|-damage|p2a: Seismitoad|60\/100\n|move|p2a: Seismitoad|Scald|p1a: Terrakion\n|-supereffective|p1a: Terrakion\n|-damage|p1a: Terrakion|74\/100\n|\n|-heal|p2a: Seismitoad|66\/100|[from] item: Leftovers\n|upkeep\n|turn|8\n|\n|move|p1a: Terrakion|Stone Edge|p2a: Seismitoad|[miss]\n|-miss|p1a: Terrakion|p2a: Seismitoad\n|move|p2a: Seismitoad|Scald|p1a: Terrakion\n|-supereffective|p1a: Terrakion\n|-crit|p1a: Terrakion\n|-damage|p1a: Terrakion|0 fnt\n|faint|p1a: Terrakion\n|\n|-heal|p2a: Seismitoad|72\/100|[from] item: Leftovers\n|upkeep\n|\n|switch|p1a: Conkeldurr|Conkeldurr, M|100\/100\n|turn|9\n|\n|move|p1a: Conkeldurr|Drain Punch|p2a: Seismitoad\n|-damage|p2a: Seismitoad|39\/100\n|move|p2a: Seismitoad|Knock Off|p1a: Conkeldurr\n|-resisted|p1a: Conkeldurr\n|-damage|p1a: Conkeldurr|95\/100\n|-enditem|p1a: Conkeldurr|Flame Orb|[from] move: Knock Off|[of] p2a: Seismitoad\n|\n|-heal|p2a: Seismitoad|45\/100|[from] item: Leftovers\n|-sideend|p1: Ash's Alt|move: Aurora Veil\n|upkeep\n|turn|10\n|\n|switch|p2a: SLEEPY BABY|Clefable, F|100\/100\n|move|p1a: Conkeldurr|Drain Punch|p2a: SLEEPY BABY\n|-resisted|p2a: SLEEPY BABY\n|-damage|p2a: SLEEPY BABY|75\/100\n|-heal|p1a: Conkeldurr|100\/100|[from] drain|[of] p2a: SLEEPY BABY\n|\n|-heal|p2a: SLEEPY BABY|81\/100|[from] item: Leftovers\n|upkeep\n|turn|11\n|\n|move|p2a: SLEEPY BABY|Moonblast|p1a: Conkeldurr\n|-supereffective|p1a: Conkeldurr\n|-damage|p1a: Conkeldurr|0 fnt\n|faint|p1a: Conkeldurr\n|\n|-heal|p2a: SLEEPY BABY|87\/100|[from] item: Leftovers\n|upkeep\n|\n|switch|p1a: Ninetales|Ninetales-Alola, M|59\/100\n|-weather|Hail|[from] ability: Snow Warning|[of] p1a: Ninetales\n|turn|12\n|\n|move|p1a: Ninetales|Aurora Veil|p1a: Ninetales\n|-sidestart|p1: Ash's Alt|move: Aurora Veil\n|move|p2a: SLEEPY BABY|Fire Blast|p1a: Ninetales\n|-supereffective|p1a: Ninetales\n|-damage|p1a: Ninetales|25\/100\n|-status|p1a: Ninetales|brn\n|\n|-weather|Hail|[upkeep]\n|-heal|p2a: SLEEPY BABY|93\/100|[from] item: Leftovers\n|-damage|p1a: Ninetales|19\/100 brn|[from] brn\n|upkeep\n|turn|13\n|\n|switch|p2a: Seismitoad|Seismitoad, M|45\/100\n|move|p1a: Ninetales|Hypnosis|p2a: Seismitoad|[miss]\n|-miss|p1a: Ninetales|p2a: Seismitoad\n|\n|-weather|Hail|[upkeep]\n|-damage|p2a: Seismitoad|39\/100|[from] Hail\n|-heal|p2a: Seismitoad|45\/100|[from] item: Leftovers\n|-damage|p1a: Ninetales|13\/100 brn|[from] brn\n|upkeep\n|turn|14\n|\n|switch|p2a: BABY SLEEPY|Snorlax, M, shiny|100\/100\n|move|p1a: Ninetales|Freeze-Dry|p2a: BABY SLEEPY\n|-crit|p2a: BABY SLEEPY\n|-damage|p2a: BABY SLEEPY|94\/100\n|\n|-weather|Hail|[upkeep]\n|-damage|p2a: BABY SLEEPY|88\/100|[from] Hail\n|-heal|p2a: BABY SLEEPY|94\/100|[from] item: Leftovers\n|-damage|p1a: Ninetales|7\/100 brn|[from] brn\n|upkeep\n|turn|15\n|\n|move|p1a: Ninetales|Hypnosis|p2a: BABY SLEEPY|[miss]\n|-miss|p1a: Ninetales|p2a: BABY SLEEPY\n|move|p2a: BABY SLEEPY|Curse|p2a: BABY SLEEPY\n|-unboost|p2a: BABY SLEEPY|spe|1\n|-boost|p2a: BABY SLEEPY|atk|1\n|-boost|p2a: BABY SLEEPY|def|1\n|\n|-weather|Hail|[upkeep]\n|-damage|p2a: BABY SLEEPY|88\/100|[from] Hail\n|-heal|p2a: BABY SLEEPY|94\/100|[from] item: Leftovers\n|-damage|p1a: Ninetales|1\/100 brn|[from] brn\n|upkeep\n|turn|16\n|\n|move|p1a: Ninetales|Hypnosis|p2a: BABY SLEEPY\n|-status|p2a: BABY SLEEPY|slp|[from] move: Hypnosis\n|cant|p2a: BABY SLEEPY|slp\n|\n|-weather|none\n|-heal|p2a: BABY SLEEPY|99\/100 slp|[from] item: Leftovers\n|-damage|p1a: Ninetales|0 fnt|[from] brn\n|faint|p1a: Ninetales\n|upkeep\n|\n|switch|p1a: Zeraora|Zeraora|100\/100\n|turn|17\n|\n|move|p1a: Zeraora|Calm Mind|p1a: Zeraora\n|-boost|p1a: Zeraora|spa|1\n|-boost|p1a: Zeraora|spd|1\n|cant|p2a: BABY SLEEPY|slp\n|\n|-heal|p2a: BABY SLEEPY|100\/100 slp|[from] item: Leftovers\n|upkeep\n|turn|18\n|\n|move|p1a: Zeraora|Focus Blast|p2a: BABY SLEEPY\n|-supereffective|p2a: BABY SLEEPY\n|-damage|p2a: BABY SLEEPY|48\/100 slp\n|cant|p2a: BABY SLEEPY|slp\n|\n|-heal|p2a: BABY SLEEPY|54\/100 slp|[from] item: Leftovers\n|upkeep\n|turn|19\n|\n|move|p1a: Zeraora|Focus Blast|p2a: BABY SLEEPY\n|-supereffective|p2a: BABY SLEEPY\n|-damage|p2a: BABY SLEEPY|8\/100 slp\n|-curestatus|p2a: BABY SLEEPY|slp|[msg]\n|move|p2a: BABY SLEEPY|Body Slam|p1a: Zeraora\n|-damage|p1a: Zeraora|65\/100\n|\n|-heal|p1a: Zeraora|71\/100|[from] item: Leftovers\n|-heal|p2a: BABY SLEEPY|14\/100|[from] item: Leftovers\n|-sideend|p1: Ash's Alt|move: Aurora Veil\n|upkeep\n|turn|20\n|\n|move|p1a: Zeraora|Thunderbolt|p2a: BABY SLEEPY\n|-damage|p2a: BABY SLEEPY|0 fnt\n|faint|p2a: BABY SLEEPY\n|\n|-heal|p1a: Zeraora|77\/100|[from] item: Leftovers\n|upkeep\n|\n|switch|p2a: REAL MANS|Dracovish, shiny|100\/100\n|turn|21\n|\n|move|p1a: Zeraora|Thunderbolt|p2a: REAL MANS\n|-damage|p2a: REAL MANS|13\/100\n|move|p2a: REAL MANS|Fishious Rend|p1a: Zeraora\n|-damage|p1a: Zeraora|0 fnt\n|faint|p1a: Zeraora\n|\n|upkeep\n|\n|switch|p1a: Dracovish|Dracovish|100\/100\n|turn|22\n|\n|move|p2a: REAL MANS|Draco Meteor|p1a: Dracovish\n|-supereffective|p1a: Dracovish\n|-damage|p1a: Dracovish|18\/100\n|-unboost|p2a: REAL MANS|spa|2\n|move|p1a: Dracovish|Psychic Fangs|p2a: REAL MANS\n|-damage|p2a: REAL MANS|0 fnt\n|faint|p2a: REAL MANS\n|\n|upkeep\n|c|\u2606Ash's Alt|?????\n|\n|switch|p2a: UH OH STINKY|Jirachi|100\/100\n|turn|23\n|\n|move|p2a: UH OH STINKY|Calm Mind|p2a: UH OH STINKY\n|-boost|p2a: UH OH STINKY|spa|1\n|-boost|p2a: UH OH STINKY|spd|1\n|move|p1a: Dracovish|Psychic Fangs|p2a: UH OH STINKY\n|-resisted|p2a: UH OH STINKY\n|-damage|p2a: UH OH STINKY|87\/100\n|\n|-heal|p2a: UH OH STINKY|94\/100|[from] item: Leftovers\n|upkeep\n|turn|24\n|\n|switch|p1a: Necrozma|Necrozma|100\/100\n|move|p2a: UH OH STINKY|Thunderbolt|p1a: Necrozma\n|-damage|p1a: Necrozma|62\/100\n|-status|p1a: Necrozma|par\n|\n|-heal|p2a: UH OH STINKY|99\/100|[from] item: Leftovers\n|upkeep\n|turn|25\n|\n|move|p2a: UH OH STINKY|Thunderbolt|p1a: Necrozma\n|-damage|p1a: Necrozma|26\/100 par\n|move|p1a: Necrozma|Autotomize|p1a: Necrozma\n|-boost|p1a: Necrozma|spe|2\n|-start|p1a: Necrozma|Autotomize\n|\n|-heal|p2a: UH OH STINKY|100\/100|[from] item: Leftovers\n|upkeep\n|turn|26\n|\n|move|p2a: UH OH STINKY|Thunderbolt|p1a: Necrozma\n|-damage|p1a: Necrozma|0 fnt\n|faint|p1a: Necrozma\n|\n|upkeep\n|-message|Ash's Alt forfeited.\n|\n|win|A\n|l|\u2606Ash's Alt\n|raw|Ash&apos;s Alt's rating: 1607 &rarr; <strong>1585<\/strong><br \/>(-22 for losing)\n|raw|A's rating: 1577 &rarr; <strong>1599<\/strong><br \/>(+22 for winning)\n|j| super random guy\n|l| super random guy\n|j| super random guy\n|l| super random guy\n|j| super random guy\n","uploadtime":1589713957,"views":19,"p1id":"ashsalt","p2id":"a","formatid":"gen8ou","rating":1585,"private":0,"password":null}