{"id":"gen8ou-1688862629","p1":"Steez Ibanez","p2":"Huskothy","format":"gen8ou","log":"|html|<div class=\"broadcast-blue\"><strong>[Gen 8] OU is currently suspecting Melmetal! For information on how to participate check out the <a href=\"https:\/\/www.smogon.com\/forums\/threads\/np-ss-ou-suspect-process-round-12-monster-mash.3709234\/\">suspect thread<\/a>.<\/strong><\/div>\n|j|\u2606Steez Ibanez\n|j|\u2606Huskothy\n|t:|1666112409\n|gametype|singles\n|player|p1|Steez Ibanez|acetrainer-gen7|1779\n|player|p2|Huskothy|lucas|1747\n|teamsize|p1|6\n|teamsize|p2|6\n|gen|8\n|tier|[Gen 8] OU\n|rated|\n|rule|Sleep Clause Mod: Limit one foe put to sleep\n|rule|Species Clause: Limit one of each Pok\u00e9mon\n|rule|OHKO Clause: OHKO moves are banned\n|rule|Evasion Items Clause: Evasion items are banned\n|rule|Evasion Moves Clause: Evasion moves are banned\n|rule|Endless Battle Clause: Forcing endless battles is banned\n|rule|HP Percentage Mod: HP is shown in percentages\n|rule|Dynamax Clause: You cannot dynamax\n|clearpoke\n|poke|p1|Heatran, M|\n|poke|p1|Dragapult, M|\n|poke|p1|Clefable, M|\n|poke|p1|Garchomp, M|\n|poke|p1|Zapdos|\n|poke|p1|Ferrothorn, M|\n|poke|p2|Sudowoodo, F|\n|poke|p2|Rillaboom, F|\n|poke|p2|Mandibuzz, F|\n|poke|p2|Tapu Fini|\n|poke|p2|Garchomp, M|\n|poke|p2|Victini|\n|teampreview\n|\n|t:|1666112414\n|start\n|switch|p1a: Toothless|Dragapult, M|100\/100\n|switch|p2a: Sudowoodo|Sudowoodo, F|100\/100\n|turn|1\n|\n|t:|1666112417\n|move|p2a: Sudowoodo|Sucker Punch|p1a: Toothless\n|-supereffective|p1a: Toothless\n|-damage|p1a: Toothless|15\/100\n|move|p1a: Toothless|U-turn|p2a: Sudowoodo\n|-damage|p2a: Sudowoodo|80\/100\n|\n|t:|1666112420\n|switch|p1a: Samehada|Garchomp, M|100\/100|[from]move: U-turn\n|\n|upkeep\n|turn|2\n|\n|t:|1666112423\n|switch|p2a: Rillaboom|Rillaboom, F|100\/100\n|-fieldstart|move: Grassy Terrain|[from] ability: Grassy Surge|[of] p2a: Rillaboom\n|move|p1a: Samehada|Earthquake|p2a: Rillaboom\n|-resisted|p2a: Rillaboom\n|-damage|p2a: Rillaboom|87\/100\n|\n|-heal|p2a: Rillaboom|93\/100|[from] Grassy Terrain\n|upkeep\n|turn|3\n|\n|t:|1666112427\n|move|p1a: Samehada|Fire Fang|p2a: Rillaboom\n|-supereffective|p2a: Rillaboom\n|-damage|p2a: Rillaboom|43\/100\n|move|p2a: Rillaboom|U-turn|p1a: Samehada\n|-damage|p1a: Samehada|61\/100\n|-damage|p2a: Rillaboom|30\/100|[from] ability: Rough Skin|[of] p1a: Samehada\n|\n|t:|1666112435\n|switch|p2a: Victini|Victini|100\/100|[from]move: U-turn\n|\n|-heal|p1a: Samehada|67\/100|[from] Grassy Terrain\n|-heal|p1a: Samehada|73\/100|[from] item: Leftovers\n|upkeep\n|turn|4\n|\n|t:|1666112442\n|switch|p1a: Abomination|Ferrothorn, M|100\/100\n|move|p2a: Victini|Glaciate|p1a: Abomination\n|-damage|p1a: Abomination|88\/100\n|-unboost|p1a: Abomination|spe|1\n|\n|-heal|p1a: Abomination|94\/100|[from] Grassy Terrain\n|upkeep\n|turn|5\n|\n|t:|1666112444\n|switch|p1a: Hephaestus|Heatran, M|100\/100\n|-item|p1a: Hephaestus|Air Balloon\n|move|p2a: Victini|Glaciate|p1a: Hephaestus\n|-resisted|p1a: Hephaestus\n|-crit|p1a: Hephaestus\n|-damage|p1a: Hephaestus|96\/100\n|-unboost|p1a: Hephaestus|spe|1\n|-enditem|p1a: Hephaestus|Air Balloon\n|\n|-heal|p1a: Hephaestus|100\/100|[from] Grassy Terrain\n|upkeep\n|turn|6\n|\n|t:|1666112447\n|move|p2a: Victini|U-turn|p1a: Hephaestus\n|-resisted|p1a: Hephaestus\n|-damage|p1a: Hephaestus|96\/100\n|\n|t:|1666112451\n|switch|p2a: Garchomp|Garchomp, M|100\/100|[from]move: U-turn\n|move|p1a: Hephaestus|Stealth Rock|p2a: Garchomp\n|-sidestart|p2: Huskothy|move: Stealth Rock\n|\n|-heal|p1a: Hephaestus|100\/100|[from] Grassy Terrain\n|-fieldend|move: Grassy Terrain\n|upkeep\n|turn|7\n|\n|t:|1666112454\n|switch|p1a: Toothless|Dragapult, M|15\/100\n|move|p2a: Garchomp|Swords Dance|p2a: Garchomp\n|-boost|p2a: Garchomp|atk|2\n|\n|upkeep\n|turn|8\n|\n|t:|1666112456\n|switch|p2a: Mandibuzz|Mandibuzz, F|100\/100\n|move|p1a: Toothless|Dragon Darts|p2a: Mandibuzz\n|-damage|p2a: Mandibuzz|87\/100\n|-anim|p1a: Toothless|Dragon Darts|p2a: Mandibuzz\n|-damage|p2a: Mandibuzz|73\/100\n|\n|upkeep\n|turn|9\n|\n|t:|1666112460\n|move|p1a: Toothless|U-turn|p2a: Mandibuzz\n|-damage|p2a: Mandibuzz|60\/100\n|\n|t:|1666112462\n|switch|p1a: Majinn|Clefable, M|100\/100|[from]move: U-turn\n|move|p2a: Mandibuzz|Roost|p2a: Mandibuzz\n|-heal|p2a: Mandibuzz|100\/100\n|-singleturn|p2a: Mandibuzz|move: Roost\n|\n|upkeep\n|turn|10\n|\n|t:|1666112465\n|move|p2a: Mandibuzz|Defog|p1a: Majinn\n|-unboost|p1a: Majinn|evasion|1\n|-sideend|p2: Huskothy|Stealth Rock|[from] move: Defog|[of] p2a: Mandibuzz\n|move|p1a: Majinn|Thunder Wave|p2a: Mandibuzz\n|-status|p2a: Mandibuzz|par\n|\n|upkeep\n|turn|11\n|\n|t:|1666112469\n|switch|p2a: Victini|Victini|100\/100\n|move|p1a: Majinn|Moonblast|p2a: Victini\n|-resisted|p2a: Victini\n|-damage|p2a: Victini|85\/100\n|-unboost|p2a: Victini|spa|1\n|\n|upkeep\n|turn|12\n|\n|t:|1666112472\n|move|p2a: Victini|U-turn|p1a: Majinn\n|-resisted|p1a: Majinn\n|-damage|p1a: Majinn|91\/100\n|\n|t:|1666112475\n|switch|p2a: Sudowoodo|Sudowoodo, F|80\/100|[from]move: U-turn\n|move|p1a: Majinn|Soft-Boiled|p1a: Majinn\n|-heal|p1a: Majinn|100\/100\n|\n|upkeep\n|turn|13\n|\n|t:|1666112485\n|move|p2a: Sudowoodo|Head Smash|p1a: Majinn\n|-damage|p1a: Majinn|0 fnt\n|faint|p1a: Majinn\n|\n|upkeep\n|\n|t:|1666112489\n|switch|p1a: Samehada|Garchomp, M|73\/100\n|turn|14\n|\n|t:|1666112495\n|switch|p2a: Mandibuzz|Mandibuzz, F|100\/100 par\n|move|p1a: Samehada|Earthquake|p2a: Mandibuzz\n|-immune|p2a: Mandibuzz\n|\n|-heal|p1a: Samehada|79\/100|[from] item: Leftovers\n|upkeep\n|turn|15\n|\n|t:|1666112497\n|switch|p1a: Abomination|Ferrothorn, M|94\/100\n|cant|p2a: Mandibuzz|par\n|\n|upkeep\n|turn|16\n|\n|t:|1666112500\n|switch|p2a: Victini|Victini|85\/100\n|move|p1a: Abomination|Spikes|p2a: Victini\n|-sidestart|p2: Huskothy|Spikes\n|\n|upkeep\n|turn|17\n|\n|t:|1666112503\n|switch|p1a: Hephaestus|Heatran, M|100\/100\n|move|p2a: Victini|U-turn|p1a: Hephaestus\n|-resisted|p1a: Hephaestus\n|-damage|p1a: Hephaestus|96\/100\n|\n|t:|1666112505\n|switch|p2a: Garchomp|Garchomp, M|100\/100|[from]move: U-turn\n|-damage|p2a: Garchomp|88\/100|[from] Spikes\n|\n|upkeep\n|turn|18\n|\n|t:|1666112518\n|switch|p1a: Bolt|Zapdos|100\/100\n|move|p2a: Garchomp|Stealth Rock|p1a: Bolt\n|-sidestart|p1: Steez Ibanez|move: Stealth Rock\n|\n|upkeep\n|turn|19\n|\n|t:|1666112521\n|move|p2a: Garchomp|Swords Dance|p2a: Garchomp\n|-boost|p2a: Garchomp|atk|2\n|move|p1a: Bolt|Toxic|p2a: Garchomp\n|-status|p2a: Garchomp|tox\n|\n|-damage|p2a: Garchomp|82\/100 tox|[from] psn\n|upkeep\n|turn|20\n|\n|t:|1666112538\n|move|p2a: Garchomp|Stone Edge|p1a: Bolt\n|-supereffective|p1a: Bolt\n|-crit|p1a: Bolt\n|-damage|p1a: Bolt|0 fnt\n|faint|p1a: Bolt\n|\n|-damage|p2a: Garchomp|70\/100 tox|[from] psn\n|upkeep\n|\n|t:|1666112541\n|switch|p1a: Toothless|Dragapult, M|15\/100\n|turn|21\n|\n|t:|1666112544\n|switch|p2a: Mandibuzz|Mandibuzz, F|100\/100 par\n|move|p1a: Toothless|Dragon Darts|p2a: Mandibuzz\n|-damage|p2a: Mandibuzz|86\/100 par\n|-anim|p1a: Toothless|Dragon Darts|p2a: Mandibuzz\n|-damage|p2a: Mandibuzz|71\/100 par\n|\n|upkeep\n|turn|22\n|\n|t:|1666112546\n|move|p1a: Toothless|Dragon Darts|p2a: Mandibuzz\n|-damage|p2a: Mandibuzz|58\/100 par\n|-anim|p1a: Toothless|Dragon Darts|p2a: Mandibuzz\n|-damage|p2a: Mandibuzz|44\/100 par\n|move|p2a: Mandibuzz|Foul Play|p1a: Toothless\n|-supereffective|p1a: Toothless\n|-damage|p1a: Toothless|0 fnt\n|faint|p1a: Toothless\n|\n|upkeep\n|\n|t:|1666112549\n|switch|p1a: Hephaestus|Heatran, M|96\/100\n|-damage|p1a: Hephaestus|83\/100|[from] Stealth Rock\n|turn|23\n|\n|t:|1666112553\n|move|p1a: Hephaestus|Eruption|p2a: Mandibuzz\n|-damage|p2a: Mandibuzz|0 fnt\n|faint|p2a: Mandibuzz\n|\n|upkeep\n|j| lags\n|\n|t:|1666112555\n|switch|p2a: Garchomp|Garchomp, M|70\/100 tox\n|-damage|p2a: Garchomp|57\/100 tox|[from] Spikes\n|turn|24\n|l| lags\n|\n|t:|1666112557\n|switch|p1a: Abomination|Ferrothorn, M|94\/100\n|-damage|p1a: Abomination|88\/100|[from] Stealth Rock\n|move|p2a: Garchomp|Earthquake|p1a: Abomination\n|-damage|p1a: Abomination|59\/100\n|\n|-damage|p2a: Garchomp|51\/100 tox|[from] psn\n|upkeep\n|turn|25\n|\n|t:|1666112565\n|move|p2a: Garchomp|Earthquake|p1a: Abomination\n|-damage|p1a: Abomination|30\/100\n|move|p1a: Abomination|Gyro Ball|p2a: Garchomp\n|-damage|p2a: Garchomp|5\/100 tox\n|-damage|p1a: Abomination|18\/100|[from] ability: Rough Skin|[of] p2a: Garchomp\n|\n|-damage|p2a: Garchomp|0 fnt|[from] psn\n|faint|p2a: Garchomp\n|upkeep\n|\n|t:|1666112585\n|switch|p2a: Sudowoodo|Sudowoodo, F|80\/100\n|-damage|p2a: Sudowoodo|67\/100|[from] Spikes\n|turn|26\n|\n|t:|1666112591\n|switch|p1a: Samehada|Garchomp, M|79\/100\n|-damage|p1a: Samehada|73\/100|[from] Stealth Rock\n|move|p2a: Sudowoodo|Head Smash|p1a: Samehada\n|-resisted|p1a: Samehada\n|-damage|p1a: Samehada|20\/100\n|-damage|p2a: Sudowoodo|55\/100|[from] ability: Rough Skin|[of] p1a: Samehada\n|\n|-heal|p1a: Samehada|27\/100|[from] item: Leftovers\n|upkeep\n|turn|27\n|\n|t:|1666112607\n|switch|p2a: Tapu Fini|Tapu Fini|100\/100\n|-damage|p2a: Tapu Fini|88\/100|[from] Spikes\n|-fieldstart|move: Misty Terrain|[from] ability: Misty Surge|[of] p2a: Tapu Fini\n|move|p1a: Samehada|Earthquake|p2a: Tapu Fini\n|-damage|p2a: Tapu Fini|49\/100\n|\n|-heal|p1a: Samehada|33\/100|[from] item: Leftovers\n|upkeep\n|turn|28\n|\n|t:|1666112617\n|switch|p1a: Hephaestus|Heatran, M|83\/100\n|-damage|p1a: Hephaestus|71\/100|[from] Stealth Rock\n|switch|p2a: Rillaboom|Rillaboom, F|30\/100\n|-damage|p2a: Rillaboom|18\/100|[from] Spikes\n|-fieldstart|move: Grassy Terrain|[from] ability: Grassy Surge|[of] p2a: Rillaboom\n|\n|-heal|p2a: Rillaboom|24\/100|[from] Grassy Terrain\n|-heal|p1a: Hephaestus|77\/100|[from] Grassy Terrain\n|upkeep\n|turn|29\n|\n|t:|1666112621\n|switch|p2a: Victini|Victini|85\/100\n|switch|p1a: Abomination|Ferrothorn, M|18\/100\n|-damage|p1a: Abomination|12\/100|[from] Stealth Rock\n|\n|-heal|p2a: Victini|91\/100|[from] Grassy Terrain\n|-heal|p1a: Abomination|18\/100|[from] Grassy Terrain\n|upkeep\n|turn|30\n|\n|t:|1666112625\n|switch|p1a: Hephaestus|Heatran, M|77\/100\n|-damage|p1a: Hephaestus|65\/100|[from] Stealth Rock\n|move|p2a: Victini|V-create|p1a: Hephaestus\n|-start|p1a: Hephaestus|ability: Flash Fire\n|\n|-heal|p2a: Victini|97\/100|[from] Grassy Terrain\n|-heal|p1a: Hephaestus|71\/100|[from] Grassy Terrain\n|upkeep\n|turn|31\n|j| Hiker Holber\n|l| Hiker Holber\n|\n|t:|1666112629\n|move|p2a: Victini|Bolt Strike|p1a: Hephaestus\n|-damage|p1a: Hephaestus|34\/100\n|move|p1a: Hephaestus|Stealth Rock|p2a: Victini\n|-sidestart|p2: Huskothy|move: Stealth Rock\n|\n|-heal|p2a: Victini|100\/100|[from] Grassy Terrain\n|-heal|p1a: Hephaestus|40\/100|[from] Grassy Terrain\n|upkeep\n|turn|32\n|\n|t:|1666112633\n|move|p2a: Victini|Bolt Strike|p1a: Hephaestus|[miss]\n|-miss|p2a: Victini|p1a: Hephaestus\n|move|p1a: Hephaestus|Earth Power|p2a: Victini\n|-supereffective|p2a: Victini\n|-damage|p2a: Victini|30\/100\n|\n|-heal|p2a: Victini|36\/100|[from] Grassy Terrain\n|-heal|p1a: Hephaestus|46\/100|[from] Grassy Terrain\n|-fieldend|move: Grassy Terrain\n|upkeep\n|turn|33\n|\n|t:|1666112636\n|move|p2a: Victini|Glaciate|p1a: Hephaestus\n|-resisted|p1a: Hephaestus\n|-damage|p1a: Hephaestus|43\/100\n|-unboost|p1a: Hephaestus|spe|1\n|move|p1a: Hephaestus|Earth Power|p2a: Victini\n|-supereffective|p2a: Victini\n|-damage|p2a: Victini|0 fnt\n|faint|p2a: Victini\n|\n|upkeep\n|\n|t:|1666112642\n|switch|p2a: Tapu Fini|Tapu Fini|49\/100\n|-damage|p2a: Tapu Fini|36\/100|[from] Spikes\n|-damage|p2a: Tapu Fini|24\/100|[from] Stealth Rock\n|-fieldstart|move: Misty Terrain|[from] ability: Misty Surge|[of] p2a: Tapu Fini\n|turn|34\n|\n|t:|1666112647\n|move|p2a: Tapu Fini|Scald|p1a: Hephaestus\n|-supereffective|p1a: Hephaestus\n|-crit|p1a: Hephaestus\n|-damage|p1a: Hephaestus|0 fnt\n|faint|p1a: Hephaestus\n|\n|upkeep\n|\n|t:|1666112649\n|switch|p1a: Abomination|Ferrothorn, M|18\/100\n|-damage|p1a: Abomination|12\/100|[from] Stealth Rock\n|turn|35\n|\n|t:|1666112651\n|move|p2a: Tapu Fini|Scald|p1a: Abomination\n|-resisted|p1a: Abomination\n|-damage|p1a: Abomination|0 fnt\n|faint|p1a: Abomination\n|\n|upkeep\n|\n|t:|1666112654\n|switch|p1a: Samehada|Garchomp, M|33\/100\n|-damage|p1a: Samehada|27\/100|[from] Stealth Rock\n|turn|36\n|\n|t:|1666112656\n|move|p1a: Samehada|Earthquake|p2a: Tapu Fini\n|-damage|p2a: Tapu Fini|0 fnt\n|faint|p2a: Tapu Fini\n|\n|-heal|p1a: Samehada|33\/100|[from] item: Leftovers\n|upkeep\n|\n|t:|1666112657\n|switch|p2a: Rillaboom|Rillaboom, F|24\/100\n|-damage|p2a: Rillaboom|12\/100|[from] Spikes\n|-damage|p2a: Rillaboom|0 fnt|[from] Stealth Rock\n|faint|p2a: Rillaboom\n|\n|t:|1666112659\n|switch|p2a: Sudowoodo|Sudowoodo, F|55\/100\n|-damage|p2a: Sudowoodo|42\/100|[from] Spikes\n|-damage|p2a: Sudowoodo|30\/100|[from] Stealth Rock\n|turn|37\n|\n|t:|1666112663\n|move|p1a: Samehada|Swords Dance|p1a: Samehada\n|-boost|p1a: Samehada|atk|2\n|move|p2a: Sudowoodo|Wood Hammer|p1a: Samehada\n|-damage|p1a: Samehada|0 fnt\n|-damage|p2a: Sudowoodo|18\/100|[from] ability: Rough Skin|[of] p1a: Samehada\n|faint|p1a: Samehada\n|\n|win|Huskothy\n|raw|Steez Ibanez's rating: 1779 &rarr; <strong>1757<\/strong><br \/>(-22 for losing)\n|raw|Huskothy's rating: 1747 &rarr; <strong>1769<\/strong><br \/>(+22 for winning)\n|c|\u2606Huskothy|gg\n|c|\u2606Steez Ibanez|gg\n|l|\u2606Steez Ibanez\n||Ladder isn't responding, score probably updated but might not have (Request timeout).\n","uploadtime":1666112671,"views":24,"p1id":"steezibanez","p2id":"huskothy","formatid":"gen8ou","rating":1757,"private":0,"password":null}