{"id":"gen8ou-1477732675","p1":"plainjain","p2":"beastyj157","format":"gen8ou","log":"|j|\u2606plainjain\n|j|\u2606beastyj157\n|t:|1640128935\n|gametype|singles\n|player|p1|plainjain|backersf|1555\n|player|p2|beastyj157|veteran|1555\n|teamsize|p1|6\n|teamsize|p2|6\n|gen|8\n|tier|[Gen 8] OU\n|rated|\n|rule|Sleep Clause Mod: Limit one foe put to sleep\n|rule|Species Clause: Limit one of each Pok\u00e9mon\n|rule|OHKO Clause: OHKO moves are banned\n|rule|Evasion Moves Clause: Evasion moves are banned\n|rule|Endless Battle Clause: Forcing endless battles is banned\n|rule|HP Percentage Mod: HP is shown in percentages\n|rule|Dynamax Clause: You cannot dynamax\n|clearpoke\n|poke|p1|Tyranitar, M|\n|poke|p1|Dracozolt|\n|poke|p1|Omastar, M|\n|poke|p1|Landorus-Therian, M|\n|poke|p1|Excadrill, F|\n|poke|p1|Hippowdon, F|\n|poke|p2|Weavile, F|\n|poke|p2|Dragapult, F|\n|poke|p2|Ferrothorn, M|\n|poke|p2|Zapdos|\n|poke|p2|Heatran, M|\n|poke|p2|Nidoking, M|\n|teampreview\n|inactive|Battle timer is ON: inactive players will automatically lose when time's up. (requested by beastyj157)\n|\n|t:|1640128954\n|start\n|switch|p1a: Hippowdon|Hippowdon, F|100\/100\n|switch|p2a: Ferro|Ferrothorn, M|100\/100\n|-weather|Sandstorm|[from] ability: Sand Stream|[of] p1a: Hippowdon\n|turn|1\n|\n|t:|1640128971\n|switch|p1a: Landorus|Landorus-Therian, M|100\/100\n|-ability|p1a: Landorus|Intimidate|boost\n|-unboost|p2a: Ferro|atk|1\n|move|p2a: Ferro|Knock Off|p1a: Landorus\n|-damage|p1a: Landorus|85\/100\n|-enditem|p1a: Landorus|Leftovers|[from] move: Knock Off|[of] p2a: Ferro\n|\n|-weather|Sandstorm|[upkeep]\n|upkeep\n|turn|2\n|\n|t:|1640128979\n|move|p1a: Landorus|Knock Off|p2a: Ferro\n|-crit|p2a: Ferro\n|-damage|p2a: Ferro|58\/100\n|-damage|p1a: Landorus|73\/100|[from] ability: Iron Barbs|[of] p2a: Ferro\n|-enditem|p2a: Ferro|Leftovers|[from] move: Knock Off|[of] p1a: Landorus\n|move|p2a: Ferro|Spikes|p1a: Landorus\n|-sidestart|p1: plainjain|Spikes\n|\n|-weather|Sandstorm|[upkeep]\n|upkeep\n|turn|3\n|\n|t:|1640128987\n|move|p1a: Landorus|Earthquake|p2a: Ferro\n|-crit|p2a: Ferro\n|-damage|p2a: Ferro|0 fnt\n|faint|p2a: Ferro\n|\n|-weather|Sandstorm|[upkeep]\n|upkeep\n|c|\u2606plainjain|two crits in a row\n|c|\u2606plainjain|tuff\n|c|\u2606beastyj157|Wow\n|\n|t:|1640129000\n|switch|p2a: Calamity|Weavile, F|100\/100\n|-ability|p2a: Calamity|Pressure\n|turn|4\n|\n|t:|1640129007\n|switch|p1a: Excadrill|Excadrill, F|100\/100\n|-damage|p1a: Excadrill|88\/100|[from] Spikes\n|move|p2a: Calamity|Swords Dance|p2a: Calamity\n|-boost|p2a: Calamity|atk|2\n|\n|-weather|Sandstorm|[upkeep]\n|-damage|p2a: Calamity|94\/100|[from] Sandstorm\n|upkeep\n|turn|5\n|\n|t:|1640129017\n|switch|p2a: Zappy|Zapdos|100\/100\n|move|p1a: Excadrill|Iron Head|p2a: Zappy\n|-resisted|p2a: Zappy\n|-damage|p2a: Zappy|80\/100\n|\n|-weather|Sandstorm|[upkeep]\n|-damage|p2a: Zappy|74\/100|[from] Sandstorm\n|upkeep\n|turn|6\n|\n|t:|1640129025\n|switch|p1a: Landorus|Landorus-Therian, M|73\/100\n|-ability|p1a: Landorus|Intimidate|boost\n|-unboost|p2a: Zappy|atk|1\n|move|p2a: Zappy|Hurricane|p1a: Landorus\n|-damage|p1a: Landorus|12\/100\n|\n|-weather|Sandstorm|[upkeep]\n|-damage|p2a: Zappy|68\/100|[from] Sandstorm\n|upkeep\n|turn|7\n|\n|t:|1640129037\n|move|p1a: Landorus|Defog|p2a: Zappy\n|-unboost|p2a: Zappy|evasion|1\n|-sideend|p1: plainjain|Spikes|[from] move: Defog|[of] p1a: Landorus\n|move|p2a: Zappy|Hurricane|p1a: Landorus\n|-crit|p1a: Landorus\n|-damage|p1a: Landorus|0 fnt\n|faint|p1a: Landorus\n|\n|-weather|Sandstorm|[upkeep]\n|-damage|p2a: Zappy|62\/100|[from] Sandstorm\n|upkeep\n|\n|t:|1640129049\n|switch|p1a: Hippowdon|Hippowdon, F|100\/100\n|turn|8\n|\n|t:|1640129063\n|switch|p2a: Calamity|Weavile, F|94\/100\n|-ability|p2a: Calamity|Pressure\n|move|p1a: Hippowdon|Toxic|p2a: Calamity\n|-status|p2a: Calamity|tox\n|\n|-weather|none\n|-damage|p2a: Calamity|88\/100 tox|[from] psn\n|upkeep\n|turn|9\n|\n|t:|1640129075\n|switch|p1a: Tyranitar|Tyranitar, M|100\/100\n|-weather|Sandstorm|[from] ability: Sand Stream|[of] p1a: Tyranitar\n|move|p2a: Calamity|Swords Dance|p2a: Calamity\n|-boost|p2a: Calamity|atk|2\n|\n|-weather|Sandstorm|[upkeep]\n|-damage|p2a: Calamity|82\/100 tox|[from] Sandstorm\n|-damage|p2a: Calamity|70\/100 tox|[from] psn\n|upkeep\n|turn|10\n|\n|t:|1640129086\n|switch|p1a: Hippowdon|Hippowdon, F|100\/100\n|move|p2a: Calamity|Triple Axel|p1a: Hippowdon|[miss]\n|-miss|p2a: Calamity|p1a: Hippowdon\n|\n|-weather|Sandstorm|[upkeep]\n|-damage|p2a: Calamity|64\/100 tox|[from] Sandstorm\n|-damage|p2a: Calamity|46\/100 tox|[from] psn\n|upkeep\n|turn|11\n|\n|t:|1640129095\n|switch|p1a: Excadrill|Excadrill, F|88\/100\n|move|p2a: Calamity|Triple Axel|p1a: Excadrill\n|-damage|p1a: Excadrill|60\/100\n|-hitcount|p1a: Excadrill|1\n|\n|-weather|Sandstorm|[upkeep]\n|-damage|p2a: Calamity|40\/100 tox|[from] Sandstorm\n|-damage|p2a: Calamity|16\/100 tox|[from] psn\n|upkeep\n|turn|12\n|c|\u2606beastyj157|Ok\n|c|\u2606plainjain|this is not your match man\n|c|\u2606beastyj157|what is ur luck\n|c|\u2606plainjain|i feel for you\n|\n|t:|1640129125\n|move|p2a: Calamity|Ice Shard|p1a: Excadrill\n|-damage|p1a: Excadrill|0 fnt\n|faint|p1a: Excadrill\n|\n|-weather|Sandstorm|[upkeep]\n|-damage|p2a: Calamity|10\/100 tox|[from] Sandstorm\n|-damage|p2a: Calamity|0 fnt|[from] psn\n|faint|p2a: Calamity\n|upkeep\n|inactive|plainjain has 120 seconds left.\n|\n|t:|1640129140\n|switch|p2a: Heatran|Heatran, M|100\/100\n|switch|p1a: Dracozolt|Dracozolt|100\/100\n|turn|13\n|\n|t:|1640129145\n|move|p1a: Dracozolt|Bolt Beak|p2a: Heatran\n|-damage|p2a: Heatran|14\/100\n|move|p2a: Heatran|Earth Power|p1a: Dracozolt\n|-supereffective|p1a: Dracozolt\n|-crit|p1a: Dracozolt\n|-damage|p1a: Dracozolt|0 fnt\n|faint|p1a: Dracozolt\n|\n|-weather|Sandstorm|[upkeep]\n|-heal|p2a: Heatran|20\/100|[from] item: Leftovers\n|upkeep\n|c|\u2606beastyj157|Thst god\n|c|\u2606beastyj157|thank\n|inactive|plainjain has 120 seconds left.\n|\n|t:|1640129162\n|switch|p1a: Omastar|Omastar, M|100\/100\n|turn|14\n|inactive|plainjain has 120 seconds left.\n|c|\u2606plainjain|might want to start praying to a different one\n|\n|t:|1640129174\n|move|p2a: Heatran|Earth Power|p1a: Omastar\n|-supereffective|p1a: Omastar\n|-damage|p1a: Omastar|40\/100\n|move|p1a: Omastar|Shell Smash|p1a: Omastar\n|-unboost|p1a: Omastar|def|1\n|-unboost|p1a: Omastar|spd|1\n|-boost|p1a: Omastar|atk|2\n|-boost|p1a: Omastar|spa|2\n|-boost|p1a: Omastar|spe|2\n|\n|-weather|Sandstorm|[upkeep]\n|-heal|p2a: Heatran|26\/100|[from] item: Leftovers\n|upkeep\n|turn|15\n|inactive|plainjain has 120 seconds left.\n|\n|t:|1640129186\n|move|p1a: Omastar|Earth Power|p2a: Heatran\n|-supereffective|p2a: Heatran\n|-damage|p2a: Heatran|0 fnt\n|faint|p2a: Heatran\n|\n|-weather|Sandstorm|[upkeep]\n|upkeep\n|\n|t:|1640129193\n|switch|p2a: Zappy|Zapdos|62\/100\n|turn|16\n|\n|t:|1640129196\n|move|p1a: Omastar|Ice Beam|p2a: Zappy\n|-supereffective|p2a: Zappy\n|-damage|p2a: Zappy|0 fnt\n|faint|p2a: Zappy\n|\n|-weather|none\n|upkeep\n|\n|t:|1640129199\n|switch|p2a: Nidoking|Nidoking, M|100\/100\n|turn|17\n|\n|t:|1640129203\n|move|p1a: Omastar|Earth Power|p2a: Nidoking\n|-supereffective|p2a: Nidoking\n|-damage|p2a: Nidoking|0 fnt\n|faint|p2a: Nidoking\n|\n|upkeep\n|c|\u2606beastyj157|Gg\n|c|\u2606plainjain|gg\n|\n|t:|1640129209\n|switch|p2a: Dpult|Dragapult, F|100\/100\n|turn|18\n|\n|t:|1640129213\n|move|p2a: Dpult|Shadow Ball|p1a: Omastar\n|-damage|p1a: Omastar|0 fnt\n|faint|p1a: Omastar\n|\n|upkeep\n|\n|t:|1640129219\n|switch|p1a: Hippowdon|Hippowdon, F|100\/100\n|-weather|Sandstorm|[from] ability: Sand Stream|[of] p1a: Hippowdon\n|turn|19\n|c|\u2606beastyj157|I OUTSPEED\n|c|\u2606plainjain|lol\n|c|\u2606beastyj157|WHY DID I THROW\n|\n|t:|1640129226\n|move|p2a: Dpult|Shadow Ball|p1a: Hippowdon\n|-damage|p1a: Hippowdon|46\/100\n|move|p1a: Hippowdon|Toxic|p2a: Dpult\n|-status|p2a: Dpult|tox\n|\n|-weather|Sandstorm|[upkeep]\n|-damage|p2a: Dpult|95\/100 tox|[from] Sandstorm\n|-damage|p2a: Dpult|89\/100 tox|[from] psn\n|upkeep\n|turn|20\n|\n|t:|1640129235\n|move|p2a: Dpult|Shadow Ball|p1a: Hippowdon\n|-damage|p1a: Hippowdon|0 fnt\n|faint|p1a: Hippowdon\n|\n|-weather|Sandstorm|[upkeep]\n|-damage|p2a: Dpult|83\/100 tox|[from] Sandstorm\n|-damage|p2a: Dpult|71\/100 tox|[from] psn\n|upkeep\n|c|\u2606beastyj157|Ong\n|c|\u2606beastyj157|omg\n|\n|t:|1640129242\n|switch|p1a: Tyranitar|Tyranitar, M|100\/100\n|turn|21\n|\n|t:|1640129246\n|move|p2a: Dpult|Shadow Ball|p1a: Tyranitar\n|-resisted|p1a: Tyranitar\n|-damage|p1a: Tyranitar|87\/100\n|move|p1a: Tyranitar|Crunch|p2a: Dpult\n|-supereffective|p2a: Dpult\n|-damage|p2a: Dpult|0 fnt\n|faint|p2a: Dpult\n|\n|win|plainjain\n|raw|plainjain's rating: 1555 &rarr; <strong>1575<\/strong><br \/>(+20 for winning)\n|raw|beastyj157's rating: 1555 &rarr; <strong>1535<\/strong><br \/>(-20 for losing)\n|c|\u2606beastyj157|Gg\n|c|\u2606plainjain|gg\n|l|\u2606beastyj157\n","uploadtime":1640129255,"views":22,"p1id":"plainjain","p2id":"beastyj157","formatid":"gen8ou","rating":1535,"private":0,"password":null}