{"id":"gen8ou-1494057666","p1":"Contorted Lies","p2":"MrBanana45_SA22","format":"gen8ou","log":"|j|\u2606Contorted Lies\n|j|\u2606MrBanana45_SA22\n|t:|1642547377\n|gametype|singles\n|player|p1|Contorted Lies|102|1678\n|player|p2|MrBanana45_SA22|swimmerf-gen4|1510\n|teamsize|p1|6\n|teamsize|p2|6\n|gen|8\n|tier|[Gen 8] OU\n|rated|\n|rule|Sleep Clause Mod: Limit one foe put to sleep\n|rule|Species Clause: Limit one of each Pok\u00e9mon\n|rule|OHKO Clause: OHKO moves are banned\n|rule|Evasion Moves Clause: Evasion moves are banned\n|rule|Endless Battle Clause: Forcing endless battles is banned\n|rule|HP Percentage Mod: HP is shown in percentages\n|rule|Dynamax Clause: You cannot dynamax\n|clearpoke\n|poke|p1|Weavile, F|\n|poke|p1|Landorus-Therian, M|\n|poke|p1|Ferrothorn, F|\n|poke|p1|Urshifu-*, M|\n|poke|p1|Heatran, F|\n|poke|p1|Latios, M|\n|poke|p2|Terrakion|\n|poke|p2|Garchomp, F|\n|poke|p2|Tapu Lele|\n|poke|p2|Corviknight, M|\n|poke|p2|Blacephalon|\n|poke|p2|Volcanion|\n|teampreview\n|c|\u2606MrBanana45_SA22|Glhf\n|\n|t:|1642547394\n|start\n|switch|p1a: Weavile|Weavile, F|100\/100\n|switch|p2a: Terra|Terrakion, shiny|100\/100\n|-ability|p1a: Weavile|Pressure\n|turn|1\n|\n|t:|1642547400\n|move|p1a: Weavile|Low Kick|p2a: Terra\n|-supereffective|p2a: Terra\n|-damage|p2a: Terra|0 fnt\n|faint|p2a: Terra\n|\n|upkeep\n|\n|t:|1642547405\n|switch|p2a: Chomp|Garchomp, F|100\/100\n|turn|2\n|\n|t:|1642547409\n|switch|p1a: Landorus|Landorus-Therian, M|100\/100\n|-ability|p1a: Landorus|Intimidate|boost\n|-unboost|p2a: Chomp|atk|1\n|move|p2a: Chomp|Stealth Rock|p1a: Landorus\n|-sidestart|p1: Contorted Lies|move: Stealth Rock\n|\n|upkeep\n|turn|3\n|\n|t:|1642547416\n|move|p1a: Landorus|U-turn|p2a: Chomp\n|-damage|p2a: Chomp|80\/100\n|-damage|p1a: Landorus|88\/100|[from] ability: Rough Skin|[of] p2a: Chomp\n|\n|t:|1642547422\n|switch|p1a: Urshifu|Urshifu-Rapid-Strike, M|100\/100|[from]move: U-turn\n|-damage|p1a: Urshifu|94\/100|[from] Stealth Rock\n|move|p2a: Chomp|Toxic|p1a: Urshifu\n|-status|p1a: Urshifu|tox\n|\n|-heal|p1a: Urshifu|100\/100 tox|[from] item: Leftovers\n|-heal|p2a: Chomp|86\/100|[from] item: Leftovers\n|-damage|p1a: Urshifu|94\/100 tox|[from] psn\n|upkeep\n|turn|4\n|\n|t:|1642547426\n|switch|p2a: Volgcanion|Volcanion|100\/100\n|move|p1a: Urshifu|Bulk Up|p1a: Urshifu\n|-boost|p1a: Urshifu|atk|1\n|-boost|p1a: Urshifu|def|1\n|\n|-heal|p1a: Urshifu|100\/100 tox|[from] item: Leftovers\n|-damage|p1a: Urshifu|88\/100 tox|[from] psn\n|upkeep\n|turn|5\n|\n|t:|1642547432\n|switch|p2a: Opacandastar|Blacephalon, shiny|100\/100\n|move|p1a: Urshifu|Close Combat|p2a: Opacandastar\n|-immune|p2a: Opacandastar\n|\n|-heal|p1a: Urshifu|94\/100 tox|[from] item: Leftovers\n|-damage|p1a: Urshifu|76\/100 tox|[from] psn\n|upkeep\n|turn|6\n|\n|t:|1642547435\n|switch|p2a: Tapu Lerdo|Tapu Lele, shiny|100\/100\n|-fieldstart|move: Psychic Terrain|[from] ability: Psychic Surge|[of] p2a: Tapu Lerdo\n|move|p1a: Urshifu|Aqua Jet|p2a: Tapu Lerdo\n|-activate|p2a: Tapu Lerdo|move: Psychic Terrain\n|\n|-heal|p1a: Urshifu|82\/100 tox|[from] item: Leftovers\n|-damage|p1a: Urshifu|57\/100 tox|[from] psn\n|upkeep\n|turn|7\n|\n|t:|1642547440\n|switch|p2a: Volgcanion|Volcanion|100\/100\n|move|p1a: Urshifu|Surging Strikes|p2a: Volgcanion\n|-immune|p2a: Volgcanion|[from] ability: Water Absorb\n|\n|-heal|p1a: Urshifu|64\/100 tox|[from] item: Leftovers\n|-damage|p1a: Urshifu|33\/100 tox|[from] psn\n|upkeep\n|turn|8\n|\n|t:|1642547444\n|move|p1a: Urshifu|Surging Strikes|p2a: Volgcanion\n|-immune|p2a: Volgcanion|[from] ability: Water Absorb\n|move|p2a: Volgcanion|Steam Eruption|p1a: Urshifu\n|-resisted|p1a: Urshifu\n|-damage|p1a: Urshifu|0 fnt\n|faint|p1a: Urshifu\n|\n|upkeep\n|\n|t:|1642547447\n|switch|p1a: Latios|Latios, M|100\/100\n|-damage|p1a: Latios|88\/100|[from] Stealth Rock\n|turn|9\n|\n|t:|1642547450\n|switch|p2a: Corvi|Corviknight, M, shiny|100\/100\n|-ability|p2a: Corvi|Pressure\n|move|p1a: Latios|Defog|p2a: Corvi\n|-unboost|p2a: Corvi|evasion|1\n|-sideend|p1: Contorted Lies|Stealth Rock|[from] move: Defog|[of] p1a: Latios\n|-fieldend|move: Psychic Terrain\n|\n|-heal|p1a: Latios|94\/100|[from] item: Leftovers\n|upkeep\n|turn|10\n|\n|t:|1642547458\n|switch|p1a: Landorus|Landorus-Therian, M|88\/100\n|-ability|p1a: Landorus|Intimidate|boost\n|-unboost|p2a: Corvi|atk|1\n|move|p2a: Corvi|U-turn|p1a: Landorus\n|-resisted|p1a: Landorus\n|-damage|p1a: Landorus|83\/100\n|\n|t:|1642547463\n|switch|p2a: Chomp|Garchomp, F|86\/100|[from]move: U-turn\n|\n|-heal|p2a: Chomp|92\/100|[from] item: Leftovers\n|upkeep\n|turn|11\n|\n|t:|1642547467\n|move|p1a: Landorus|U-turn|p2a: Chomp\n|-damage|p2a: Chomp|73\/100\n|-damage|p1a: Landorus|71\/100|[from] ability: Rough Skin|[of] p2a: Chomp\n|\n|t:|1642547468\n|switch|p1a: Weavile|Weavile, F|100\/100|[from]move: U-turn\n|-ability|p1a: Weavile|Pressure\n|move|p2a: Chomp|Stealth Rock|p1a: Weavile\n|-sidestart|p1: Contorted Lies|move: Stealth Rock\n|\n|-heal|p2a: Chomp|80\/100|[from] item: Leftovers\n|upkeep\n|turn|12\n|\n|t:|1642547473\n|switch|p2a: Corvi|Corviknight, M, shiny|100\/100\n|-ability|p2a: Corvi|Pressure\n|move|p1a: Weavile|Knock Off|p2a: Corvi\n|-damage|p2a: Corvi|51\/100\n|-damage|p1a: Weavile|84\/100|[from] item: Rocky Helmet|[of] p2a: Corvi\n|-enditem|p2a: Corvi|Rocky Helmet|[from] move: Knock Off|[of] p1a: Weavile\n|\n|upkeep\n|turn|13\n|\n|t:|1642547491\n|switch|p1a: Ferrothorn|Ferrothorn, F|100\/100\n|-damage|p1a: Ferrothorn|94\/100|[from] Stealth Rock\n|move|p2a: Corvi|Roost|p2a: Corvi\n|-heal|p2a: Corvi|100\/100\n|-singleturn|p2a: Corvi|move: Roost\n|\n|-heal|p1a: Ferrothorn|100\/100|[from] item: Leftovers\n|upkeep\n|turn|14\n|\n|t:|1642547499\n|switch|p2a: Volgcanion|Volcanion|100\/100\n|move|p1a: Ferrothorn|Spikes|p2a: Volgcanion\n|-sidestart|p2: MrBanana45_SA22|Spikes\n|\n|upkeep\n|turn|15\n|\n|t:|1642547501\n|switch|p1a: Latios|Latios, M|94\/100\n|-damage|p1a: Latios|82\/100|[from] Stealth Rock\n|move|p2a: Volgcanion|Substitute|p2a: Volgcanion\n|-start|p2a: Volgcanion|Substitute\n|-damage|p2a: Volgcanion|76\/100\n|\n|-heal|p1a: Latios|88\/100|[from] item: Leftovers\n|-heal|p2a: Volgcanion|82\/100|[from] item: Leftovers\n|upkeep\n|turn|16\n|\n|t:|1642547504\n|move|p1a: Latios|Psychic|p2a: Volgcanion\n|-end|p2a: Volgcanion|Substitute\n|move|p2a: Volgcanion|Sludge Bomb|p1a: Latios\n|-damage|p1a: Latios|50\/100\n|-status|p1a: Latios|psn\n|\n|-heal|p1a: Latios|56\/100 psn|[from] item: Leftovers\n|-heal|p2a: Volgcanion|88\/100|[from] item: Leftovers\n|-damage|p1a: Latios|44\/100 psn|[from] psn\n|upkeep\n|turn|17\n|\n|t:|1642547512\n|switch|p2a: Tapu Lerdo|Tapu Lele, shiny|100\/100\n|-damage|p2a: Tapu Lerdo|88\/100|[from] Spikes\n|-fieldstart|move: Psychic Terrain|[from] ability: Psychic Surge|[of] p2a: Tapu Lerdo\n|move|p1a: Latios|Recover|p1a: Latios\n|-heal|p1a: Latios|94\/100 psn\n|\n|-heal|p1a: Latios|99\/100 psn|[from] item: Leftovers\n|-damage|p1a: Latios|88\/100 psn|[from] psn\n|upkeep\n|turn|18\n|\n|t:|1642547518\n|switch|p1a: Heatran|Heatran, F|100\/100\n|-damage|p1a: Heatran|88\/100|[from] Stealth Rock\n|switch|p2a: Volgcanion|Volcanion|88\/100\n|-damage|p2a: Volgcanion|76\/100|[from] Spikes\n|\n|-heal|p2a: Volgcanion|82\/100|[from] item: Leftovers\n|-heal|p1a: Heatran|94\/100|[from] item: Leftovers\n|upkeep\n|turn|19\n|\n|t:|1642547532\n|move|p2a: Volgcanion|Steam Eruption|p1a: Heatran\n|-supereffective|p1a: Heatran\n|-damage|p1a: Heatran|10\/100\n|move|p1a: Heatran|Earth Power|p2a: Volgcanion\n|-supereffective|p2a: Volgcanion\n|-damage|p2a: Volgcanion|21\/100\n|-unboost|p2a: Volgcanion|spd|1\n|\n|-heal|p2a: Volgcanion|28\/100|[from] item: Leftovers\n|-heal|p1a: Heatran|17\/100|[from] item: Leftovers\n|upkeep\n|turn|20\n|\n|t:|1642547536\n|switch|p1a: Latios|Latios, M|88\/100 psn\n|-damage|p1a: Latios|75\/100 psn|[from] Stealth Rock\n|move|p2a: Volgcanion|Steam Eruption|p1a: Latios\n|-resisted|p1a: Latios\n|-damage|p1a: Latios|41\/100 psn\n|\n|-heal|p1a: Latios|47\/100 psn|[from] item: Leftovers\n|-heal|p2a: Volgcanion|34\/100|[from] item: Leftovers\n|-damage|p1a: Latios|35\/100 psn|[from] psn\n|upkeep\n|turn|21\n|\n|t:|1642547541\n|move|p1a: Latios|Recover|p1a: Latios\n|-heal|p1a: Latios|85\/100 psn\n|move|p2a: Volgcanion|Substitute|p2a: Volgcanion\n|-start|p2a: Volgcanion|Substitute\n|-damage|p2a: Volgcanion|9\/100\n|\n|-heal|p1a: Latios|91\/100 psn|[from] item: Leftovers\n|-heal|p2a: Volgcanion|15\/100|[from] item: Leftovers\n|-damage|p1a: Latios|79\/100 psn|[from] psn\n|-fieldend|move: Psychic Terrain\n|upkeep\n|turn|22\n|\n|t:|1642547547\n|move|p1a: Latios|Psychic|p2a: Volgcanion\n|-end|p2a: Volgcanion|Substitute\n|move|p2a: Volgcanion|Sludge Bomb|p1a: Latios\n|-damage|p1a: Latios|44\/100 psn\n|\n|-heal|p1a: Latios|50\/100 psn|[from] item: Leftovers\n|-heal|p2a: Volgcanion|21\/100|[from] item: Leftovers\n|-damage|p1a: Latios|37\/100 psn|[from] psn\n|upkeep\n|turn|23\n|\n|t:|1642547552\n|switch|p2a: Tapu Lerdo|Tapu Lele, shiny|88\/100\n|-damage|p2a: Tapu Lerdo|76\/100|[from] Spikes\n|-fieldstart|move: Psychic Terrain|[from] ability: Psychic Surge|[of] p2a: Tapu Lerdo\n|move|p1a: Latios|Recover|p1a: Latios\n|-heal|p1a: Latios|88\/100 psn\n|\n|-heal|p1a: Latios|94\/100 psn|[from] item: Leftovers\n|-damage|p1a: Latios|81\/100 psn|[from] psn\n|upkeep\n|turn|24\n|\n|t:|1642547560\n|switch|p1a: Heatran|Heatran, F|17\/100\n|-damage|p1a: Heatran|4\/100|[from] Stealth Rock\n|move|p2a: Tapu Lerdo|Draining Kiss|p1a: Heatran\n|-resisted|p1a: Heatran\n|-damage|p1a: Heatran|0 fnt\n|-heal|p2a: Tapu Lerdo|80\/100|[from] drain|[of] p1a: Heatran\n|faint|p1a: Heatran\n|\n|upkeep\n|\n|t:|1642547569\n|switch|p1a: Weavile|Weavile, F|84\/100\n|-damage|p1a: Weavile|59\/100|[from] Stealth Rock\n|-ability|p1a: Weavile|Pressure\n|turn|25\n|\n|t:|1642547573\n|move|p1a: Weavile|Icicle Crash|p2a: Tapu Lerdo|[miss]\n|-miss|p1a: Weavile|p2a: Tapu Lerdo\n|move|p2a: Tapu Lerdo|Draining Kiss|p1a: Weavile\n|-supereffective|p1a: Weavile\n|-damage|p1a: Weavile|0 fnt\n|-heal|p2a: Tapu Lerdo|100\/100|[from] drain|[of] p1a: Weavile\n|faint|p1a: Weavile\n|\n|upkeep\n|-message|Contorted Lies forfeited.\n|\n|win|MrBanana45_SA22\n|raw|Contorted Lies's rating: 1678 &rarr; <strong>1649<\/strong><br \/>(-29 for losing)\n|raw|MrBanana45_SA22's rating: 1510 &rarr; <strong>1539<\/strong><br \/>(+29 for winning)\n|l|\u2606Contorted Lies\n||Ladder isn't responding, score probably updated but might not have (Request timeout).\n","uploadtime":1642547587,"views":35,"p1id":"contortedlies","p2id":"mrbanana45sa22","formatid":"gen8ou","rating":1539,"private":0,"password":null}