{"id":"gen8ou-1655288690","p1":"Xertaiinutiile","p2":"Suricata2000","format":"gen8ou","log":"|j|\u2606Xertaiinutiile\n|j|\u2606Suricata2000\n|t:|1662229790\n|gametype|singles\n|player|p1|Xertaiinutiile|medium-gen2jp|1545\n|player|p2|Suricata2000|cynthia|1625\n|teamsize|p1|6\n|teamsize|p2|6\n|gen|8\n|tier|[Gen 8] OU\n|rated|\n|rule|Sleep Clause Mod: Limit one foe put to sleep\n|rule|Species Clause: Limit one of each Pok\u00e9mon\n|rule|OHKO Clause: OHKO moves are banned\n|rule|Evasion Items Clause: Evasion items are banned\n|rule|Evasion Moves Clause: Evasion moves are banned\n|rule|Endless Battle Clause: Forcing endless battles is banned\n|rule|HP Percentage Mod: HP is shown in percentages\n|rule|Dynamax Clause: You cannot dynamax\n|clearpoke\n|poke|p1|Dusknoir, F|\n|poke|p1|Tangrowth, F|\n|poke|p1|Blissey, F|\n|poke|p1|Corviknight, M|\n|poke|p1|Quagsire, F|\n|poke|p1|Umbreon, M|\n|poke|p2|Clefable, M|\n|poke|p2|Tornadus-Therian, M|\n|poke|p2|Nidoking, M|\n|poke|p2|Slowbro, F|\n|poke|p2|Urshifu-*, F|\n|poke|p2|Ferrothorn, F|\n|teampreview\n|inactive|Battle timer is ON: inactive players will automatically lose when time's up. (requested by Xertaiinutiile)\n|j| Perspectieve\n|\n|t:|1662229813\n|start\n|switch|p1a: Blissey|Blissey, F, shiny|100\/100\n|switch|p2a: Clefable|Clefable, M|100\/100\n|turn|1\n|\n|t:|1662229823\n|move|p2a: Clefable|Knock Off|p1a: Blissey\n|-damage|p1a: Blissey|87\/100\n|-enditem|p1a: Blissey|Heavy-Duty Boots|[from] move: Knock Off|[of] p2a: Clefable\n|move|p1a: Blissey|Toxic|p2a: Clefable|[miss]\n|-miss|p1a: Blissey|p2a: Clefable\n|\n|upkeep\n|turn|2\n|\n|t:|1662229832\n|move|p2a: Clefable|Knock Off|p1a: Blissey\n|-damage|p1a: Blissey|78\/100\n|move|p1a: Blissey|Stealth Rock|p2a: Clefable\n|-sidestart|p2: Suricata2000|move: Stealth Rock\n|\n|upkeep\n|turn|3\n|\n|t:|1662229840\n|move|p2a: Clefable|Knock Off|p1a: Blissey\n|-damage|p1a: Blissey|69\/100\n|move|p1a: Blissey|Toxic|p2a: Clefable\n|-status|p2a: Clefable|tox\n|\n|upkeep\n|turn|4\n|\n|t:|1662229852\n|switch|p2a: Ferrothorn|Ferrothorn, F|100\/100\n|-damage|p2a: Ferrothorn|95\/100|[from] Stealth Rock\n|move|p1a: Blissey|Soft-Boiled|p1a: Blissey\n|-heal|p1a: Blissey|100\/100\n|\n|-heal|p2a: Ferrothorn|100\/100|[from] item: Leftovers\n|upkeep\n|turn|5\n|\n|t:|1662229864\n|switch|p1a: Tangrowth|Tangrowth, F|100\/100\n|move|p2a: Ferrothorn|Knock Off|p1a: Tangrowth\n|-damage|p1a: Tangrowth|85\/100\n|-enditem|p1a: Tangrowth|Assault Vest|[from] move: Knock Off|[of] p2a: Ferrothorn\n|\n|upkeep\n|turn|6\n|\n|t:|1662229876\n|switch|p2a: Clefable|Clefable, M|100\/100 tox\n|move|p1a: Tangrowth|Knock Off|p2a: Clefable\n|-resisted|p2a: Clefable\n|-damage|p2a: Clefable|89\/100 tox\n|-enditem|p2a: Clefable|Leftovers|[from] move: Knock Off|[of] p1a: Tangrowth\n|\n|upkeep\n|turn|7\n|\n|t:|1662229884\n|move|p2a: Clefable|Moonblast|p1a: Tangrowth\n|-damage|p1a: Tangrowth|56\/100\n|-unboost|p1a: Tangrowth|spa|1\n|move|p1a: Tangrowth|Sludge Bomb|p2a: Clefable\n|-supereffective|p2a: Clefable\n|-damage|p2a: Clefable|65\/100 tox\n|\n|upkeep\n|turn|8\n|\n|t:|1662229894\n|switch|p1a: Dusknoir|Dusknoir, F, shiny|100\/100\n|-ability|p1a: Dusknoir|Pressure\n|move|p2a: Clefable|Soft-Boiled|p2a: Clefable\n|-heal|p2a: Clefable|100\/100 tox\n|\n|upkeep\n|turn|9\n|\n|t:|1662229904\n|move|p1a: Dusknoir|Infestation|p2a: Clefable\n|-resisted|p2a: Clefable\n|-damage|p2a: Clefable|99\/100 tox\n|-activate|p2a: Clefable|move: Infestation|[of] p1a: Dusknoir\n|move|p2a: Clefable|Knock Off|p1a: Dusknoir\n|-supereffective|p1a: Dusknoir\n|-damage|p1a: Dusknoir|73\/100\n|-enditem|p1a: Dusknoir|Binding Band|[from] move: Knock Off|[of] p2a: Clefable\n|\n|upkeep\n|turn|10\n|l| Perspectieve\n|\n|t:|1662229917\n|move|p1a: Dusknoir|Taunt|p2a: Clefable\n|-start|p2a: Clefable|move: Taunt\n|move|p2a: Clefable|Moonblast|p1a: Dusknoir\n|-damage|p1a: Dusknoir|47\/100\n|\n|upkeep\n|turn|11\n|\n|t:|1662229931\n|move|p1a: Dusknoir|Infestation|p2a: Clefable\n|-resisted|p2a: Clefable\n|-damage|p2a: Clefable|98\/100 tox\n|move|p2a: Clefable|Moonblast|p1a: Dusknoir\n|-damage|p1a: Dusknoir|22\/100\n|-unboost|p1a: Dusknoir|spa|1\n|\n|upkeep\n|turn|12\n|\n|t:|1662229941\n|move|p1a: Dusknoir|Pain Split|p2a: Clefable\n|-sethp|p2a: Clefable|57\/100 tox|[from] move: Pain Split|[silent]\n|-sethp|p1a: Dusknoir|76\/100|[from] move: Pain Split\n|move|p2a: Clefable|Moonblast|p1a: Dusknoir\n|-damage|p1a: Dusknoir|51\/100\n|\n|-end|p2a: Clefable|move: Taunt\n|upkeep\n|turn|13\n|\n|t:|1662229956\n|move|p1a: Dusknoir|Taunt|p2a: Clefable\n|-start|p2a: Clefable|move: Taunt\n|move|p2a: Clefable|Moonblast|p1a: Dusknoir\n|-damage|p1a: Dusknoir|23\/100\n|\n|-end|p2a: Clefable|Infestation|[partiallytrapped]\n|upkeep\n|turn|14\n|\n|t:|1662229965\n|move|p1a: Dusknoir|Pain Split|p2a: Clefable\n|-sethp|p2a: Clefable|37\/100 tox|[from] move: Pain Split|[silent]\n|-sethp|p1a: Dusknoir|49\/100|[from] move: Pain Split\n|move|p2a: Clefable|Moonblast|p1a: Dusknoir\n|-damage|p1a: Dusknoir|23\/100\n|-unboost|p1a: Dusknoir|spa|1\n|\n|upkeep\n|turn|15\n|\n|t:|1662229980\n|move|p1a: Dusknoir|Pain Split|p2a: Clefable\n|-sethp|p2a: Clefable|27\/100 tox|[from] move: Pain Split|[silent]\n|-sethp|p1a: Dusknoir|36\/100|[from] move: Pain Split\n|move|p2a: Clefable|Knock Off|p1a: Dusknoir\n|-supereffective|p1a: Dusknoir\n|-damage|p1a: Dusknoir|20\/100\n|\n|-end|p2a: Clefable|move: Taunt\n|upkeep\n|turn|16\n|\n|t:|1662230001\n|move|p1a: Dusknoir|Night Shade|p2a: Clefable\n|-damage|p2a: Clefable|2\/100 tox\n|move|p2a: Clefable|Knock Off|p1a: Dusknoir\n|-supereffective|p1a: Dusknoir\n|-damage|p1a: Dusknoir|2\/100\n|\n|upkeep\n|turn|17\n|\n|t:|1662230019\n|move|p1a: Dusknoir|Night Shade|p2a: Clefable\n|-damage|p2a: Clefable|0 fnt\n|faint|p2a: Clefable\n|\n|upkeep\n|\n|t:|1662230027\n|switch|p2a: Tornadus|Tornadus-Therian, M, shiny|100\/100\n|turn|18\n|\n|t:|1662230033\n|switch|p1a: Quagsire|Quagsire, F|100\/100\n|move|p2a: Tornadus|U-turn|p1a: Quagsire\n|-damage|p1a: Quagsire|89\/100\n|-damage|p2a: Tornadus|84\/100|[from] item: Rocky Helmet|[of] p1a: Quagsire\n|\n|t:|1662230040\n|switch|p2a: Ferrothorn|Ferrothorn, F|100\/100|[from]move: U-turn\n|-damage|p2a: Ferrothorn|95\/100|[from] Stealth Rock\n|\n|-heal|p2a: Ferrothorn|100\/100|[from] item: Leftovers\n|upkeep\n|turn|19\n|\n|t:|1662230050\n|switch|p1a: Tangrowth|Tangrowth, F|89\/100\n|move|p2a: Ferrothorn|Knock Off|p1a: Tangrowth\n|-damage|p1a: Tangrowth|79\/100\n|\n|upkeep\n|turn|20\n|\n|t:|1662230058\n|move|p1a: Tangrowth|Knock Off|p2a: Ferrothorn\n|-crit|p2a: Ferrothorn\n|-damage|p2a: Ferrothorn|80\/100\n|-damage|p1a: Tangrowth|66\/100|[from] ability: Iron Barbs|[of] p2a: Ferrothorn\n|-enditem|p2a: Ferrothorn|Leftovers|[from] move: Knock Off|[of] p1a: Tangrowth\n|move|p2a: Ferrothorn|Stealth Rock|p1a: Tangrowth\n|-sidestart|p1: Xertaiinutiile|move: Stealth Rock\n|\n|upkeep\n|turn|21\n|\n|t:|1662230074\n|switch|p2a: Slowbro|Slowbro, F|100\/100\n|move|p1a: Tangrowth|Knock Off|p2a: Slowbro\n|-supereffective|p2a: Slowbro\n|-damage|p2a: Slowbro|73\/100\n|-enditem|p2a: Slowbro|Heavy-Duty Boots|[from] move: Knock Off|[of] p1a: Tangrowth\n|\n|upkeep\n|turn|22\n|\n|t:|1662230083\n|switch|p1a: Dusknoir|Dusknoir, F, shiny|2\/100\n|-damage|p1a: Dusknoir|0 fnt|[from] Stealth Rock\n|faint|p1a: Dusknoir\n|move|p2a: Slowbro|Toxic|p1: Dusknoir|[notarget]\n|-fail|p2a: Slowbro\n|\n|upkeep\n|\n|t:|1662230094\n|switch|p1a: Umbreon|Umbreon, M, shiny|100\/100\n|-damage|p1a: Umbreon|88\/100|[from] Stealth Rock\n|turn|23\n|\n|t:|1662230102\n|move|p1a: Umbreon|Wish|p1a: Umbreon\n|move|p2a: Slowbro|Teleport|p2a: Slowbro\n|\n|t:|1662230111\n|switch|p2a: Tornadus|Tornadus-Therian, M, shiny|100\/100|[from]move: Teleport\n|\n|-heal|p1a: Umbreon|94\/100|[from] item: Leftovers\n|upkeep\n|turn|24\n|\n|t:|1662230119\n|switch|p1a: Blissey|Blissey, F, shiny|100\/100\n|-damage|p1a: Blissey|88\/100|[from] Stealth Rock\n|move|p2a: Tornadus|Knock Off|p1a: Blissey\n|-damage|p1a: Blissey|77\/100\n|\n|-heal|p1a: Blissey|100\/100|[from] move: Wish|[wisher] Umbreon\n|upkeep\n|turn|25\n|\n|t:|1662230130\n|move|p2a: Tornadus|U-turn|p1a: Blissey\n|-damage|p1a: Blissey|89\/100\n|\n|t:|1662230135\n|switch|p2a: Ferrothorn|Ferrothorn, F|80\/100|[from]move: U-turn\n|-damage|p2a: Ferrothorn|74\/100|[from] Stealth Rock\n|move|p1a: Blissey|Seismic Toss|p2a: Ferrothorn\n|-damage|p2a: Ferrothorn|46\/100\n|-damage|p1a: Blissey|76\/100|[from] ability: Iron Barbs|[of] p2a: Ferrothorn\n|\n|upkeep\n|turn|26\n|\n|t:|1662230148\n|switch|p2a: Nidoking|Nidoking, M|100\/100\n|-damage|p2a: Nidoking|95\/100|[from] Stealth Rock\n|move|p1a: Blissey|Seismic Toss|p2a: Nidoking\n|-damage|p2a: Nidoking|62\/100\n|\n|upkeep\n|turn|27\n|-message|Suricata2000 forfeited.\n|\n|win|Xertaiinutiile\n|raw|Xertaiinutiile's rating: 1545 &rarr; <strong>1570<\/strong><br \/>(+25 for winning)\n|raw|Suricata2000's rating: 1625 &rarr; <strong>1600<\/strong><br \/>(-25 for losing)\n|l|\u2606Suricata2000\n","uploadtime":1662230164,"views":36,"p1id":"xertaiinutiile","p2id":"suricata2000","formatid":"gen8ou","rating":1570,"private":0,"password":null}