{"id":"gen8ou-1223208796","p1":"ThedebatableReaper","p2":"Alice l'ecrevisse","format":"gen8ou","log":"|j|\u2606ThedebatableReaper\n|j|\u2606Alice l'ecrevisse\n|t:|1605312481\n|player|p1|ThedebatableReaper|steven|1935\n|player|p2|Alice l'ecrevisse|roxie|1775\n|teamsize|p1|6\n|teamsize|p2|6\n|gametype|singles\n|gen|8\n|tier|[Gen 8] OU\n|rated|\n|clearpoke\n|poke|p1|Latios, M|\n|poke|p1|Urshifu-*, M|\n|poke|p1|Heatran, M|\n|poke|p1|Tapu Fini|\n|poke|p1|Zapdos-Galar|\n|poke|p1|Nidoking, M|\n|poke|p2|Tapu Fini|\n|poke|p2|Heatran, M|\n|poke|p2|Mandibuzz, F|\n|poke|p2|Pheromosa|\n|poke|p2|Regieleki|\n|poke|p2|Kyurem-Black|\n|rule|Sleep Clause Mod: Limit one foe put to sleep\n|rule|Species Clause: Limit one of each Pok\u00e9mon\n|rule|OHKO Clause: OHKO moves are banned\n|rule|Evasion Moves Clause: Evasion moves are banned\n|rule|Endless Battle Clause: Forcing endless battles is banned\n|rule|HP Percentage Mod: HP is shown in percentages\n|rule|Dynamax Clause: You cannot dynamax\n|teampreview\n|j| znpp\n|j| Danuine\n|j| yiyue\n|j| Fart Stinky\n|j| METARKA\n|j| Irinacio\n|\n|t:|1605312511\n|start\n|switch|p1a: Zapdos|Zapdos-Galar|100\/100\n|switch|p2a: Regieleki|Regieleki|100\/100\n|turn|1\n|c| Danuine|press f for metarka commentary\n|c| METARKA|And here we are again my guys\n|c| Danuine|f\n|c| Fart Stinky|We have METARKA the pro commentator\n|c| Fart Stinky|f\n|c| METARKA|is regieleki dual screen setter ?\n|\n|t:|1605312527\n|move|p2a: Regieleki|Thunderbolt|p1a: Zapdos\n|-supereffective|p1a: Zapdos\n|-damage|p1a: Zapdos|0 fnt\n|faint|p1a: Zapdos\n|\n|upkeep\n|c| METARKA|or boots\n|\n|t:|1605312531\n|switch|p1a: Nidoking|Nidoking, M|100\/100\n|turn|2\n|c| Irinacio|K\n|c| METARKA|and it's probably a boot set\n|c| Fart Stinky|Wow an OHKO!\n|c| METARKA|amazing read from alice\n|c| Irinacio|Imagine doesn't have coverage\n|c| METARKA|who made his opponent think of a screen setter\n|c| Danuine|he's going to click sub\n|c|\u2606ThedebatableReaper|ngl that what i thought lol\n|\n|t:|1605312577\n|switch|p2a: Heatran|Heatran, M|100\/100\n|move|p1a: Nidoking|Sludge Wave|p2a: Heatran\n|-immune|p2a: Heatran\n|\n|upkeep\n|turn|3\n|c| METARKA|hahaha\n|c| METARKA|oh amazing read again from alice\n|\n|t:|1605312586\n|switch|p1a: Latios|Latios, M|100\/100\n|switch|p2a: Mandibuzz|Mandibuzz, F|100\/100\n|\n|upkeep\n|turn|4\n|c| Fart Stinky|METARKA was the zapdos important in this battle?\n|c| METARKA|does he have 200iq ?\n|\n|t:|1605312595\n|switch|p1a: Tapu Fini|Tapu Fini, shiny|100\/100\n|-fieldstart|move: Misty Terrain|[from] ability: Misty Surge|[of] p1a: Tapu Fini\n|move|p2a: Mandibuzz|Foul Play|p1a: Tapu Fini\n|-resisted|p1a: Tapu Fini\n|-damage|p1a: Tapu Fini|94\/100\n|\n|-heal|p1a: Tapu Fini|100\/100|[from] item: Leftovers\n|upkeep\n|turn|5\n|c| Danuine|i would have double sludge waved\n|j| MoonHigh\n|c| METARKA|zapdos wasn't that importan\n|\n|t:|1605312608\n|move|p1a: Tapu Fini|Calm Mind|p1a: Tapu Fini\n|-boost|p1a: Tapu Fini|spa|1\n|-boost|p1a: Tapu Fini|spd|1\n|move|p2a: Mandibuzz|U-turn|p1a: Tapu Fini\n|-resisted|p1a: Tapu Fini\n|-damage|p1a: Tapu Fini|96\/100\n|c| METARKA|couldnt break through alot of mons\n|j| CrazysConstruction\n|\n|t:|1605312613\n|switch|p2a: Regieleki|Regieleki|100\/100|[from]move: U-turn\n|\n|-heal|p1a: Tapu Fini|100\/100|[from] item: Leftovers\n|upkeep\n|turn|6\n|\n|t:|1605312618\n|switch|p1a: Nidoking|Nidoking, M|100\/100\n|move|p2a: Regieleki|Thunderbolt|p1a: Nidoking\n|-immune|p1a: Nidoking\n|\n|upkeep\n|turn|7\n|l| CrazysConstruction\n|c| Danuine|unless it was scarf\n|c| Irinacio|Lol,yeah it wasn't important but could kill Kyub\n|\n|t:|1605312629\n|switch|p2a: Mandibuzz|Mandibuzz, F|100\/100\n|move|p1a: Nidoking|Sludge Wave|p2a: Mandibuzz\n|-damage|p2a: Mandibuzz|45\/100\n|\n|upkeep\n|turn|8\n|c| METARKA|and both players are playing safely right now\n|c| Danuine|then it was good for kyurem and tran\n|j| RakMo\n|j| OUTIT\n|j| kiawe lol\n|c| Fart Stinky|WOW that nidoking dodged that!\n|\n|t:|1605312641\n|move|p1a: Nidoking|Sludge Wave|p2a: Mandibuzz\n|-damage|p2a: Mandibuzz|0 fnt\n|faint|p2a: Mandibuzz\n|\n|-fieldend|Misty Terrain\n|upkeep\n|c| kiawe lol|hi\n|\n|t:|1605312643\n|switch|p2a: Kyurem|Kyurem-Black|100\/100\n|-ability|p2a: Kyurem|Teravolt\n|turn|9\n|c| METARKA|and wow\n|l| MoonHigh\n|\n|t:|1605312650\n|switch|p1a: Tapu Fini|Tapu Fini, shiny|100\/100\n|-fieldstart|move: Misty Terrain|[from] ability: Misty Surge|[of] p1a: Tapu Fini\n|move|p2a: Kyurem|Icicle Spear|p1a: Tapu Fini\n|-resisted|p1a: Tapu Fini\n|-damage|p1a: Tapu Fini|95\/100\n|-resisted|p1a: Tapu Fini\n|-damage|p1a: Tapu Fini|89\/100\n|-resisted|p1a: Tapu Fini\n|-damage|p1a: Tapu Fini|83\/100\n|-hitcount|p1a: Tapu Fini|3\n|\n|-heal|p1a: Tapu Fini|89\/100|[from] item: Leftovers\n|upkeep\n|turn|10\n|c| METARKA|mandibuzz stayed against nidoking\n|j| FalconCat122\n|j| Fratboy\n|c| Irinacio|With dodge you mean freaked up RNG\n|c| FalconCat122|Oooh\n|c| METARKA|he dedice to sac mandibuzz to switch in kyurem\n|\n|t:|1605312665\n|move|p2a: Kyurem|Fusion Bolt|p1a: Tapu Fini\n|-supereffective|p1a: Tapu Fini\n|-damage|p1a: Tapu Fini|27\/100\n|move|p1a: Tapu Fini|Draining Kiss|p2a: Kyurem\n|-supereffective|p2a: Kyurem\n|-damage|p2a: Kyurem|67\/100\n|-heal|p1a: Tapu Fini|56\/100|[from] drain|[of] p2a: Kyurem\n|\n|-heal|p1a: Tapu Fini|62\/100|[from] item: Leftovers\n|upkeep\n|turn|11\n|c| METARKA|but tapu fini comes in the fusion bolt\n|c| kiawe lol|Not a good read for ThedebatableReaper\n|c| METARKA|not caring at all\n|\n|t:|1605312680\n|switch|p1a: Latios|Latios, M|100\/100\n|move|p2a: Kyurem|Dragon Dance|p2a: Kyurem\n|-boost|p2a: Kyurem|atk|1\n|-boost|p2a: Kyurem|spe|1\n|\n|upkeep\n|turn|12\n|c| Fratboy|I literally just beat this guy\n|c| FalconCat122|Switch to heatran\n|c| Irinacio|K\n|c| kiawe lol|but a good read\n|c| METARKA|is latios scarf let's see\n|c| Danuine|inb4 https:\/\/play.pokemonshowdown.com\/battle-gen8ou-1223205965\n|\n|t:|1605312693\n|switch|p2a: Heatran|Heatran, M|100\/100\n|move|p1a: Latios|Draco Meteor|p2a: Heatran\n|-resisted|p2a: Heatran\n|-damage|p2a: Heatran|85\/100\n|-unboost|p1a: Latios|spa|2\n|\n|-heal|p2a: Heatran|92\/100|[from] item: Leftovers\n|upkeep\n|turn|13\n|c| kiawe lol|smart\n|c| Danuine|oops didn;t mean to paste that\n|c| METARKA|Alice is making such good reads lately\n|\n|t:|1605312708\n|switch|p1a: Tapu Fini|Tapu Fini, shiny|62\/100\n|move|p2a: Heatran|Earth Power|p1a: Tapu Fini\n|-damage|p1a: Tapu Fini|40\/100\n|\n|-heal|p1a: Tapu Fini|46\/100|[from] item: Leftovers\n|-heal|p2a: Heatran|98\/100|[from] item: Leftovers\n|-fieldend|Misty Terrain\n|upkeep\n|turn|14\n|c| Danuine|meant to say inb4 scarf draco\n|c| METARKA|might makes him win\n|\n|t:|1605312723\n|move|p1a: Tapu Fini|Surf|p2a: Heatran\n|-supereffective|p2a: Heatran\n|-damage|p2a: Heatran|60\/100\n|move|p2a: Heatran|Taunt|p1a: Tapu Fini\n|-start|p1a: Tapu Fini|move: Taunt\n|\n|-heal|p1a: Tapu Fini|52\/100|[from] item: Leftovers\n|-heal|p2a: Heatran|66\/100|[from] item: Leftovers\n|upkeep\n|turn|15\n|c| Fratboy|Shiny fini is dope\n|\n|t:|1605312732\n|switch|p2a: Tapu Fini|Tapu Fini|100\/100\n|-fieldstart|move: Misty Terrain|[from] ability: Misty Surge|[of] p2a: Tapu Fini\n|move|p1a: Tapu Fini|Surf|p2a: Tapu Fini\n|-resisted|p2a: Tapu Fini\n|-damage|p2a: Tapu Fini|89\/100\n|\n|-heal|p1a: Tapu Fini|58\/100|[from] item: Leftovers\n|-heal|p2a: Tapu Fini|95\/100|[from] item: Leftovers\n|upkeep\n|turn|16\n|c| METARKA|indeed my guy\n|j| CapaRuy\n|c| Fart Stinky|the surf did very little damage!\n|c| METARKA|if you run tapu fini not shiny youre missing out\n|\n|t:|1605312741\n|switch|p1a: Nidoking|Nidoking, M|100\/100\n|move|p2a: Tapu Fini|Whirlpool|p1a: Nidoking\n|-supereffective|p1a: Nidoking\n|-damage|p1a: Nidoking|67\/100\n|-activate|p1a: Nidoking|move: Whirlpool|[of] p2a: Tapu Fini\n|\n|-heal|p2a: Tapu Fini|100\/100|[from] item: Leftovers\n|-damage|p1a: Nidoking|55\/100|[from] move: Whirlpool|[partiallytrapped]\n|upkeep\n|turn|17\n|c| Danuine|you guys remember z solar beam tran?\n|c| kiawe lol|that is gonna bbe a problem\n|c| METARKA|it's obviously a defensive tapu fini\n|c| kiawe lol|yes\n|c| METARKA|with cm taunt surf draining kiss\n|l| RakMo\n|c| METARKA|prob 106 def evs\n|\n|t:|1605312768\n|switch|p2a: Regieleki|Regieleki|100\/100\n|move|p1a: Nidoking|Sludge Wave|p2a: Regieleki\n|-damage|p2a: Regieleki|0 fnt\n|faint|p2a: Regieleki\n|\n|-end|p1a: Nidoking|Whirlpool|[partiallytrapped]|[silent]\n|upkeep\n|c| Fratboy|If that was surf\n|c| kiawe lol|nidoking is in big trounble\n|c| Danuine|whirlpool is so underated as a move\n|\n|t:|1605312773\n|switch|p2a: Pheromosa|Pheromosa|100\/100\n|turn|18\n|c| METARKA|and wow\n|c| METARKA|he sac his regieleki\n|c| FalconCat122|Nido is two hit from whirlpool?\n|\n|t:|1605312784\n|switch|p1a: Tapu Fini|Tapu Fini, shiny|58\/100\n|move|p2a: Pheromosa|Ice Beam|p1a: Tapu Fini\n|-resisted|p1a: Tapu Fini\n|-damage|p1a: Tapu Fini|39\/100\n|-damage|p2a: Pheromosa|91\/100|[from] item: Life Orb\n|\n|-heal|p1a: Tapu Fini|45\/100|[from] item: Leftovers\n|upkeep\n|turn|19\n|c| METARKA|let's see what that will bring to him\n|j| fmegegmeg\n|c| Fart Stinky|WOW an ohko! Revenge on the regi for killing zapdos!\n|c| kiawe lol|why can rhydon and rhyperior use surf\n|\n|t:|1605312793\n|move|p2a: Pheromosa|Shock Wave|p1a: Tapu Fini\n|-supereffective|p1a: Tapu Fini\n|-damage|p1a: Tapu Fini|0 fnt\n|-damage|p2a: Pheromosa|81\/100|[from] item: Life Orb\n|faint|p1a: Tapu Fini\n|-ability|p2a: Pheromosa|Beast Boost|boost\n|-boost|p2a: Pheromosa|spa|1\n|\n|-fieldend|Misty Terrain\n|upkeep\n|c| Danuine|wow, that was the first time i ever saw shockwave mosa\n|c| Irinacio|Not really big surprise\n|c| Fratboy|Yooooo\n|c| kiawe lol|Dang pheromosa\n|c| METARKA|amazing shock wave pheromosa\n|c| kiawe lol|me too\n|\n|t:|1605312815\n|switch|p1a: Latios|Latios, M|100\/100\n|turn|20\n|c| METARKA|what a new strategy set\n|c| Fratboy|I've used it but it was so weak\n|c| kiawe lol|?\n|c| Irinacio|New?\n|c| Irinacio|K\n|c| kiawe lol|why latias\n|c| Danuine|scarf psychic\n|\n|t:|1605312828\n|switch|p2a: Heatran|Heatran, M|66\/100\n|move|p1a: Latios|Surf|p2a: Heatran\n|-supereffective|p2a: Heatran\n|-damage|p2a: Heatran|7\/100\n|\n|-heal|p2a: Heatran|13\/100|[from] item: Leftovers\n|upkeep\n|turn|21\n|c| Fratboy|But I guess with a special mosa it works\n|\n|t:|1605312836\n|switch|p2a: Tapu Fini|Tapu Fini|100\/100\n|-fieldstart|move: Misty Terrain|[from] ability: Misty Surge|[of] p2a: Tapu Fini\n|move|p1a: Latios|Surf|p2a: Tapu Fini\n|-resisted|p2a: Tapu Fini\n|-crit|p2a: Tapu Fini\n|-damage|p2a: Tapu Fini|74\/100\n|\n|-heal|p2a: Tapu Fini|80\/100|[from] item: Leftovers\n|upkeep\n|turn|22\n|c| Irinacio|This is strategy is a lot of things but new\n|c| METARKA|againt tapu finis I guess\n|c| Fart Stinky|Heatran just barely hanging on!\n|c| kiawe lol|lucky not water absorb\n|\n|t:|1605312852\n|switch|p1a: Nidoking|Nidoking, M|55\/100\n|move|p2a: Tapu Fini|Moonblast|p1a: Nidoking\n|-resisted|p1a: Nidoking\n|-crit|p1a: Nidoking\n|-damage|p1a: Nidoking|22\/100\n|-unboost|p1a: Nidoking|spa|1\n|\n|-heal|p2a: Tapu Fini|86\/100|[from] item: Leftovers\n|upkeep\n|turn|23\n|c| Fratboy|Close game\n|\n|t:|1605312861\n|switch|p2a: Heatran|Heatran, M|13\/100\n|move|p1a: Nidoking|Sludge Wave|p2a: Heatran\n|-immune|p2a: Heatran\n|\n|-heal|p2a: Heatran|20\/100|[from] item: Leftovers\n|upkeep\n|turn|24\n|c| kiawe lol|yup the devil no\n|c| METARKA|latios surf, i don't see why but ok !\n|c| Irinacio|C r i t s\n|c| Fart Stinky|the prediction!\n|c| Irinacio|Because Heatran\n|\n|t:|1605312875\n|move|p1a: Nidoking|Earth Power|p2a: Heatran\n|-supereffective|p2a: Heatran\n|-damage|p2a: Heatran|0 fnt\n|faint|p2a: Heatran\n|\n|upkeep\n|c| kiawe lol|nice\n|c| METARKA|alice seems to be pretty good at anticipating\n|\n|t:|1605312884\n|switch|p2a: Kyurem|Kyurem-Black|67\/100\n|-ability|p2a: Kyurem|Teravolt\n|turn|25\n|c| Irinacio|Latios surf is good\n|\n|t:|1605312893\n|move|p1a: Nidoking|Sludge Wave|p2a: Kyurem\n|-damage|p2a: Kyurem|19\/100\n|move|p2a: Kyurem|Earth Power|p1a: Nidoking\n|-supereffective|p1a: Nidoking\n|-crit|p1a: Nidoking\n|-damage|p1a: Nidoking|0 fnt\n|faint|p1a: Nidoking\n|\n|-fieldend|Misty Terrain\n|upkeep\n|c| METARKA|What coverage does surf brings\n|c| kiawe lol|ThedebatableReaper\n|c| kiawe lol|is in troublee\n|c| Irinacio|Firer\n|\n|t:|1605312902\n|switch|p1a: Latios|Latios, M|100\/100\n|turn|26\n|c| Danuine|scarf psycic wins\n|\n|t:|1605312918\n|move|p1a: Latios|Psychic|p2a: Kyurem\n|-damage|p2a: Kyurem|0 fnt\n|faint|p2a: Kyurem\n|\n|upkeep\n|\n|t:|1605312920\n|switch|p2a: Tapu Fini|Tapu Fini|86\/100\n|-fieldstart|move: Misty Terrain|[from] ability: Misty Surge|[of] p2a: Tapu Fini\n|turn|27\n|\n|t:|1605312926\n|move|p1a: Latios|Psychic|p2a: Tapu Fini\n|-damage|p2a: Tapu Fini|29\/100\n|move|p2a: Tapu Fini|Moonblast|p1a: Latios\n|-supereffective|p1a: Latios\n|-damage|p1a: Latios|36\/100\n|\n|-heal|p2a: Tapu Fini|35\/100|[from] item: Leftovers\n|upkeep\n|turn|28\n|c| METARKA|you could run aura sphere for the same result if not better with more coverage but let's see\n|c| kiawe lol|this is most chatty game i been to\n|\n|t:|1605312934\n|move|p1a: Latios|Psychic|p2a: Tapu Fini\n|-damage|p2a: Tapu Fini|0 fnt\n|faint|p2a: Tapu Fini\n|\n|upkeep\n|\n|t:|1605312935\n|switch|p2a: Pheromosa|Pheromosa|81\/100\n|turn|29\n|c| METARKA|and oh it seems latios scarf indeed wins the game\n|\n|t:|1605312939\n|move|p2a: Pheromosa|Ice Beam|p1a: Latios\n|-supereffective|p1a: Latios\n|-damage|p1a: Latios|0 fnt\n|-damage|p2a: Pheromosa|71\/100|[from] item: Life Orb\n|faint|p1a: Latios\n|-ability|p2a: Pheromosa|Beast Boost|boost\n|-boost|p2a: Pheromosa|spa|1\n|\n|upkeep\n|c| Irinacio|k\n|c| METARKA|AND NOW\n|c| Danuine|:o\n|c| Fart Stinky|Whoa!\n|\n|t:|1605312947\n|switch|p1a: Heatran|Heatran, M|100\/100\n|turn|30\n|c| METARKA|ITS A SCARF PHEROMOSA\n|c| kiawe lol|now the real trouble comes\n|c| FalconCat122|Pheromosa triple axel is pretty good\n|c| Danuine|focus miss\n|c|\u2606ThedebatableReaper|no i bluffed lol\n|c| kiawe lol|SCARF!\n|c| METARKA|lmao\n|c| Irinacio|It's life orb\n|c| znpp|it was specs latios\n|l| CapaRuy\n|\n|t:|1605312963\n|move|p2a: Pheromosa|Focus Blast|p1a: Heatran\n|-supereffective|p1a: Heatran\n|-damage|p1a: Heatran|0 fnt\n|-damage|p2a: Pheromosa|61\/100|[from] item: Life Orb\n|faint|p1a: Heatran\n|-ability|p2a: Pheromosa|Beast Boost|boost\n|-boost|p2a: Pheromosa|spa|1\n|\n|upkeep\n|c| Irinacio|What you mean by scarf\n|\n|t:|1605312970\n|switch|p1a: Urshifu|Urshifu, M|100\/100\n|turn|31\n|c| METARKA|is focus miss gonna miss ?\n|c| Danuine|does sucker do enough?\n|c| Irinacio|IT'S RIGHT THERE BRO\n|c| kiawe lol|This mosa is a beast\n|c| METARKA|sucker kills\n|c| Fratboy|Think sucker kills\n|c| Irinacio|\"LIFE ORB\"\n|c| znpp|sucker probably kills\n|c| Danuine|gg\n|c| Fart Stinky|AN epic intense battle\n|c| Irinacio|Scarf pfft\n|c| METARKA|sucker punch kills 100%\n|c| znpp|what item is urshifu though\n|c|\u2606ThedebatableReaper|its orb so idk\n|c| METARKA|unfortunately for alice\n|c| Danuine|ez sucker\n|c| kiawe lol|with all the comentating!\n|c| Danuine|watch mosa click sub\n|c| Fratboy|Omg\n|c| Fratboy|Haha\n|\n|t:|1605313019\n|move|p1a: Urshifu|Sucker Punch||[still]\n|-fail|p1a: Urshifu\n|move|p2a: Pheromosa|Quiver Dance|p2a: Pheromosa\n|-boost|p2a: Pheromosa|spa|1\n|-boost|p2a: Pheromosa|spd|1\n|-boost|p2a: Pheromosa|spe|1\n|\n|-fieldend|Misty Terrain\n|upkeep\n|turn|32\n|c| kiawe lol|with a speed to 441\n|c| Fart Stinky|The anticipation!\n|c| Danuine|BRUH\n|c| METARKA|OH MY GOD\n|c| Fart Stinky|WOW!!!\n|c| METARKA|ITS A SUCKER GOD BATTLE\n|c| Irinacio|K\n|c| Danuine|IF THIS IS BANDED OR SCARF ALICE WINS\n|c| Fart Stinky|alice jumps back!!\n|\n|t:|1605313050\n|move|p1a: Urshifu|Sucker Punch||[still]\n|-fail|p1a: Urshifu\n|move|p2a: Pheromosa|Quiver Dance|p2a: Pheromosa\n|-boost|p2a: Pheromosa|spa|1\n|-boost|p2a: Pheromosa|spd|1\n|-boost|p2a: Pheromosa|spe|1\n|\n|upkeep\n|turn|33\n|c| znpp|if it was scarf urshifu would be faster\n|c| kiawe lol|Everyong thought mosa was gonna attack but use a status move!\n|c| METARKA|let's see if thedebatable is banded or bluffing\n|c| kiawe lol|and again\n|\n|t:|1605313069\n|move|p2a: Pheromosa|Quiver Dance|p2a: Pheromosa\n|-boost|p2a: Pheromosa|spa|1\n|-boost|p2a: Pheromosa|spd|1\n|-boost|p2a: Pheromosa|spe|1\n|move|p1a: Urshifu|Wicked Blow|p2a: Pheromosa\n|-resisted|p2a: Pheromosa\n|-crit|p2a: Pheromosa\n|-damage|p2a: Pheromosa|0 fnt\n|-damage|p1a: Urshifu|91\/100|[from] item: Life Orb\n|faint|p2a: Pheromosa\n|\n|win|ThedebatableReaper\n|c| Danuine|:o\n|c| Irinacio|k\n|c| Irinacio|ebic\n|c|\u2606ThedebatableReaper|gg\n|c| METARKA|AND\n|c| kiawe lol|GAME\n|c|\u2606Alice l'ecrevisse|Gg\n|c| METARKA|IT WAS NOT BANDED\n|c| Fratboy|Gggggg\n|c| Fart Stinky|WOW\n|c| Danuine|that was intense af\n|c| FalconCat122|GG\n|l| znpp\n|c| Fratboy|Great game guys\n|l| FalconCat122\n|c| METARKA|GG THEDABATABLE for intense reading\n|c| kiawe lol|MOST UNEXPECTED THING\n|c| Fart Stinky|lets find anothe battle and link her\n|c| Irinacio|Funny as heck\n|c|\u2606ThedebatableReaper|yeah that was intense\n|c| METARKA|intense bluff and mindmastering\n|c| Fart Stinky|here\n|c| Danuine|https:\/\/play.pokemonshowdown.com\/battle-gen8ou-1223211007\n|l| METARKA\n||Ladder (probably) updated, but score could not be retrieved (Request timeout).\n|c| kiawe lol|BLUFF IQ 5000000000000\n|l| kiawe lol\n|l| Danuine\n|c| Fart Stinky|https:\/\/play.pokemonshowdown.com\/battle-gen8ou-1223212763\n|j| Danuine\n|l| Fart Stinky\n","uploadtime":1605313139,"views":48,"p1id":"thedebatablereaper","p2id":"alicelecrevisse","formatid":"gen8ou","rating":0,"private":0,"password":null}