{"id":"gen8ou-1695800199","p1":"quixana","p2":"sagtheashes","format":"gen8ou","log":"|j|\u2606quixana\n|j|\u2606sagtheashes\n|inactive|Battle timer is ON: inactive players will automatically lose when time's up.\n|t:|1666829244\n|gametype|singles\n|player|p1|quixana|aromalady|\n|player|p2|sagtheashes|maid|\n|teamsize|p1|6\n|teamsize|p2|6\n|gen|8\n|tier|[Gen 8] OU\n|rated|Tournament battle\n|rule|Sleep Clause Mod: Limit one foe put to sleep\n|rule|Species Clause: Limit one of each Pok\u00e9mon\n|rule|OHKO Clause: OHKO moves are banned\n|rule|Evasion Items Clause: Evasion items are banned\n|rule|Evasion Moves Clause: Evasion moves are banned\n|rule|Endless Battle Clause: Forcing endless battles is banned\n|rule|HP Percentage Mod: HP is shown in percentages\n|rule|Dynamax Clause: You cannot dynamax\n|rule|Event Moves Clause: Event-only moves are banned\n|clearpoke\n|poke|p1|Tapu Koko|\n|poke|p1|Hippowdon, M|\n|poke|p1|Clefable, M|\n|poke|p1|Skarmory, F|\n|poke|p1|Reuniclus, F|\n|poke|p1|Toxapex, F|\n|poke|p2|Latias, F|\n|poke|p2|Toxapex, M|\n|poke|p2|Melmetal|\n|poke|p2|Swampert, F|\n|poke|p2|Salamence, M|\n|poke|p2|Blacephalon|\n|teampreview\n|c|\u2606sagtheashes|oh no\n|inactive|quixana has 120 seconds left.\n|\n|t:|1666829277\n|start\n|switch|p1a: Hippowdon|Hippowdon, M|100\/100\n|switch|p2a: Swampert|Swampert, F|100\/100\n|-weather|Sandstorm|[from] ability: Sand Stream|[of] p1a: Hippowdon\n|turn|1\n|\n|t:|1666829289\n|switch|p1a: Skarmory|Skarmory, F|100\/100\n|move|p2a: Swampert|Stealth Rock|p1a: Skarmory\n|-sidestart|p1: quixana|move: Stealth Rock\n|\n|-weather|Sandstorm|[upkeep]\n|upkeep\n|turn|2\n|\n|t:|1666829292\n|move|p1a: Skarmory|Spikes|p2a: Swampert\n|-sidestart|p2: sagtheashes|Spikes\n|move|p2a: Swampert|Flip Turn|p1a: Skarmory\n|-damage|p1a: Skarmory|83\/100\n|-damage|p2a: Swampert|84\/100|[from] item: Rocky Helmet|[of] p1a: Skarmory\n|\n|t:|1666829300\n|switch|p2a: Latias|Latias, F|100\/100|[from]move: Flip Turn\n|\n|-weather|Sandstorm|[upkeep]\n|-damage|p2a: Latias|95\/100|[from] Sandstorm\n|upkeep\n|turn|3\n|j| yeshahr\n|\n|t:|1666829311\n|switch|p1a: Tapu Koko|Tapu Koko|100\/100\n|-fieldstart|move: Electric Terrain|[from] ability: Electric Surge|[of] p1a: Tapu Koko\n|move|p2a: Latias|Agility|p2a: Latias\n|-boost|p2a: Latias|spe|2\n|\n|-weather|Sandstorm|[upkeep]\n|-damage|p2a: Latias|89\/100|[from] Sandstorm\n|-damage|p1a: Tapu Koko|94\/100|[from] Sandstorm\n|upkeep\n|turn|4\n|\n|t:|1666829314\n|move|p2a: Latias|Calm Mind|p2a: Latias\n|-boost|p2a: Latias|spa|1\n|-boost|p2a: Latias|spd|1\n|move|p1a: Tapu Koko|Toxic|p2a: Latias\n|-status|p2a: Latias|tox\n|\n|-weather|Sandstorm|[upkeep]\n|-damage|p2a: Latias|83\/100 tox|[from] Sandstorm\n|-damage|p1a: Tapu Koko|88\/100|[from] Sandstorm\n|-damage|p2a: Latias|77\/100 tox|[from] psn\n|upkeep\n|turn|5\n|l| yeshahr\n|\n|t:|1666829325\n|move|p2a: Latias|Calm Mind|p2a: Latias\n|-boost|p2a: Latias|spa|1\n|-boost|p2a: Latias|spd|1\n|move|p1a: Tapu Koko|Volt Switch|p2a: Latias\n|-resisted|p2a: Latias\n|-damage|p2a: Latias|70\/100 tox\n|\n|t:|1666829327\n|switch|p1a: Reuniclus|Reuniclus, F|100\/100|[from]move: Volt Switch\n|\n|-weather|none\n|-damage|p2a: Latias|58\/100 tox|[from] psn\n|upkeep\n|turn|6\n|\n|t:|1666829347\n|switch|p1a: Hippowdon|Hippowdon, M|100\/100\n|-damage|p1a: Hippowdon|94\/100|[from] Stealth Rock\n|-weather|Sandstorm|[from] ability: Sand Stream|[of] p1a: Hippowdon\n|move|p2a: Latias|Stored Power|p1a: Hippowdon\n|-damage|p1a: Hippowdon|14\/100\n|\n|-weather|Sandstorm|[upkeep]\n|-damage|p2a: Latias|52\/100 tox|[from] Sandstorm\n|-heal|p1a: Hippowdon|20\/100|[from] item: Leftovers\n|-damage|p2a: Latias|34\/100 tox|[from] psn\n|upkeep\n|turn|7\n|\n|t:|1666829355\n|switch|p1a: Reuniclus|Reuniclus, F|100\/100\n|move|p2a: Latias|Stored Power|p1a: Reuniclus\n|-resisted|p1a: Reuniclus\n|-damage|p1a: Reuniclus|65\/100\n|\n|-weather|Sandstorm|[upkeep]\n|-damage|p2a: Latias|28\/100 tox|[from] Sandstorm\n|-heal|p1a: Reuniclus|71\/100|[from] item: Leftovers\n|-damage|p2a: Latias|4\/100 tox|[from] psn\n|-fieldend|move: Electric Terrain\n|upkeep\n|turn|8\n|\n|t:|1666829359\n|move|p2a: Latias|Mystical Fire|p1a: Reuniclus\n|-damage|p1a: Reuniclus|44\/100\n|-unboost|p1a: Reuniclus|spa|1\n|move|p1a: Reuniclus|Recover|p1a: Reuniclus\n|-heal|p1a: Reuniclus|94\/100\n|\n|-weather|Sandstorm|[upkeep]\n|-damage|p2a: Latias|0 fnt|[from] Sandstorm\n|faint|p2a: Latias\n|-heal|p1a: Reuniclus|99\/100|[from] item: Leftovers\n|upkeep\n|\n|t:|1666829367\n|switch|p2a: Toxapex|Toxapex, M|100\/100\n|-damage|p2a: Toxapex|88\/100|[from] Spikes\n|turn|9\n|inactive|quixana has 120 seconds left.\n|\n|t:|1666829403\n|switch|p1a: Tapu Koko|Tapu Koko|88\/100\n|-fieldstart|move: Electric Terrain|[from] ability: Electric Surge|[of] p1a: Tapu Koko\n|move|p2a: Toxapex|Toxic Spikes|p1a: Tapu Koko\n|-sidestart|p1: quixana|move: Toxic Spikes\n|\n|-weather|Sandstorm|[upkeep]\n|-damage|p1a: Tapu Koko|82\/100|[from] Sandstorm\n|-damage|p2a: Toxapex|82\/100|[from] Sandstorm\n|-heal|p2a: Toxapex|88\/100|[from] item: Black Sludge\n|upkeep\n|turn|10\n|inactive|quixana has 120 seconds left.\n|\n|t:|1666829413\n|switch|p2a: Melmetal|Melmetal|100\/100\n|-damage|p2a: Melmetal|88\/100|[from] Spikes\n|move|p1a: Tapu Koko|Volt Switch|p2a: Melmetal\n|-damage|p2a: Melmetal|64\/100\n|\n|t:|1666829425\n|switch|p1a: Skarmory|Skarmory, F|83\/100|[from]move: Volt Switch\n|-damage|p1a: Skarmory|71\/100|[from] Stealth Rock\n|\n|-weather|none\n|upkeep\n|turn|11\n|\n|t:|1666829448\n|move|p1a: Skarmory|Roost|p1a: Skarmory\n|-heal|p1a: Skarmory|100\/100\n|-singleturn|p1a: Skarmory|move: Roost\n|move|p2a: Melmetal|Thunder Punch|p1a: Skarmory\n|-damage|p1a: Skarmory|75\/100\n|-damage|p2a: Melmetal|47\/100|[from] item: Rocky Helmet|[of] p1a: Skarmory\n|\n|upkeep\n|turn|12\n|\n|t:|1666829456\n|move|p1a: Skarmory|Roost|p1a: Skarmory\n|-heal|p1a: Skarmory|100\/100\n|-singleturn|p1a: Skarmory|move: Roost\n|move|p2a: Melmetal|Earthquake|p1a: Skarmory\n|-supereffective|p1a: Skarmory\n|-damage|p1a: Skarmory|52\/100\n|\n|upkeep\n|turn|13\n|\n|t:|1666829470\n|switch|p2a: Blacephalon|Blacephalon|100\/100\n|-damage|p2a: Blacephalon|88\/100|[from] Spikes\n|move|p1a: Skarmory|Roost|p1a: Skarmory\n|-heal|p1a: Skarmory|100\/100\n|-singleturn|p1a: Skarmory|move: Roost\n|\n|-fieldend|move: Electric Terrain\n|upkeep\n|turn|14\n|\n|t:|1666829475\n|switch|p1a: Toxapex|Toxapex, F|100\/100\n|-damage|p1a: Toxapex|88\/100|[from] Stealth Rock\n|-sideend|p1: quixana|move: Toxic Spikes|[of] p1a: Toxapex\n|move|p2a: Blacephalon|Flamethrower|p1a: Toxapex\n|-resisted|p1a: Toxapex\n|-damage|p1a: Toxapex|71\/100\n|\n|-heal|p1a: Toxapex|77\/100|[from] item: Black Sludge\n|upkeep\n|turn|15\n|\n|t:|1666829480\n|switch|p2a: Toxapex|Toxapex, M|100\/100\n|-damage|p2a: Toxapex|88\/100|[from] Spikes\n|move|p1a: Toxapex|Knock Off|p2a: Toxapex\n|-damage|p2a: Toxapex|76\/100\n|-enditem|p2a: Toxapex|Black Sludge|[from] move: Knock Off|[of] p1a: Toxapex\n|\n|-heal|p1a: Toxapex|83\/100|[from] item: Black Sludge\n|upkeep\n|turn|16\n|\n|t:|1666829487\n|switch|p1a: Reuniclus|Reuniclus, F|99\/100\n|move|p2a: Toxapex|Scald|p1a: Reuniclus\n|-damage|p1a: Reuniclus|88\/100\n|-status|p1a: Reuniclus|brn\n|\n|-heal|p1a: Reuniclus|95\/100 brn|[from] item: Leftovers\n|upkeep\n|turn|17\n|\n|t:|1666829492\n|switch|p2a: Melmetal|Melmetal|47\/100\n|-damage|p2a: Melmetal|35\/100|[from] Spikes\n|move|p1a: Reuniclus|Psychic|p2a: Melmetal\n|-resisted|p2a: Melmetal\n|-damage|p2a: Melmetal|21\/100\n|\n|-heal|p1a: Reuniclus|100\/100 brn|[from] item: Leftovers\n|upkeep\n|turn|18\n|\n|t:|1666829511\n|switch|p2a: Blacephalon|Blacephalon|88\/100\n|-damage|p2a: Blacephalon|76\/100|[from] Spikes\n|switch|p1a: Skarmory|Skarmory, F|100\/100\n|-damage|p1a: Skarmory|88\/100|[from] Stealth Rock\n|\n|upkeep\n|turn|19\n|\n|t:|1666829517\n|switch|p1a: Toxapex|Toxapex, F|100\/100\n|-damage|p1a: Toxapex|88\/100|[from] Stealth Rock\n|move|p2a: Blacephalon|Psychic|p1a: Toxapex\n|-supereffective|p1a: Toxapex\n|-damage|p1a: Toxapex|39\/100\n|\n|-heal|p1a: Toxapex|45\/100|[from] item: Black Sludge\n|upkeep\n|turn|20\n|\n|t:|1666829523\n|switch|p1a: Reuniclus|Reuniclus, F|100\/100 brn\n|move|p2a: Blacephalon|Psychic|p1a: Reuniclus\n|-resisted|p1a: Reuniclus\n|-damage|p1a: Reuniclus|89\/100 brn\n|\n|-heal|p1a: Reuniclus|96\/100 brn|[from] item: Leftovers\n|upkeep\n|turn|21\n|\n|t:|1666829532\n|switch|p2a: Toxapex|Toxapex, M|100\/100\n|-damage|p2a: Toxapex|88\/100|[from] Spikes\n|move|p1a: Reuniclus|Psychic|p2a: Toxapex\n|-supereffective|p2a: Toxapex\n|-damage|p2a: Toxapex|38\/100\n|\n|-heal|p1a: Reuniclus|100\/100 brn|[from] item: Leftovers\n|upkeep\n|turn|22\n|\n|t:|1666829538\n|move|p2a: Toxapex|Recover|p2a: Toxapex\n|-heal|p2a: Toxapex|88\/100\n|move|p1a: Reuniclus|Psychic|p2a: Toxapex\n|-supereffective|p2a: Toxapex\n|-damage|p2a: Toxapex|40\/100\n|\n|upkeep\n|turn|23\n|\n|t:|1666829543\n|switch|p2a: Melmetal|Melmetal|21\/100\n|-damage|p2a: Melmetal|9\/100|[from] Spikes\n|move|p1a: Reuniclus|Psychic|p2a: Melmetal\n|-resisted|p2a: Melmetal\n|-damage|p2a: Melmetal|0 fnt\n|faint|p2a: Melmetal\n|\n|upkeep\n|\n|t:|1666829546\n|switch|p2a: Blacephalon|Blacephalon|76\/100\n|-damage|p2a: Blacephalon|64\/100|[from] Spikes\n|turn|24\n|\n|t:|1666829550\n|switch|p1a: Toxapex|Toxapex, F|79\/100\n|-damage|p1a: Toxapex|67\/100|[from] Stealth Rock\n|move|p2a: Blacephalon|Shadow Ball|p1a: Toxapex\n|-damage|p1a: Toxapex|38\/100\n|\n|-heal|p1a: Toxapex|44\/100|[from] item: Black Sludge\n|upkeep\n|turn|25\n|\n|t:|1666829558\n|switch|p2a: Swampert|Swampert, F|84\/100\n|-damage|p2a: Swampert|72\/100|[from] Spikes\n|move|p1a: Toxapex|Recover|p1a: Toxapex\n|-heal|p1a: Toxapex|94\/100\n|\n|-heal|p2a: Swampert|78\/100|[from] item: Leftovers\n|-heal|p1a: Toxapex|99\/100|[from] item: Black Sludge\n|upkeep\n|turn|26\n|\n|t:|1666829564\n|move|p2a: Swampert|Flip Turn|p1a: Toxapex\n|-resisted|p1a: Toxapex\n|-damage|p1a: Toxapex|89\/100\n|\n|t:|1666829567\n|switch|p2a: Toxapex|Toxapex, M|73\/100|[from]move: Flip Turn\n|-damage|p2a: Toxapex|61\/100|[from] Spikes\n|move|p1a: Toxapex|Knock Off|p2a: Toxapex\n|-damage|p2a: Toxapex|53\/100\n|\n|-heal|p1a: Toxapex|95\/100|[from] item: Black Sludge\n|upkeep\n|turn|27\n|\n|t:|1666829586\n|switch|p1a: Tapu Koko|Tapu Koko|82\/100\n|-fieldstart|move: Electric Terrain|[from] ability: Electric Surge|[of] p1a: Tapu Koko\n|move|p2a: Toxapex|Toxic Spikes|p1a: Tapu Koko\n|-sidestart|p1: quixana|move: Toxic Spikes\n|\n|upkeep\n|turn|28\n|\n|t:|1666829594\n|switch|p2a: Swampert|Swampert, F|78\/100\n|-damage|p2a: Swampert|65\/100|[from] Spikes\n|move|p1a: Tapu Koko|Volt Switch|p2a: Swampert\n|-immune|p2a: Swampert\n|\n|-heal|p2a: Swampert|72\/100|[from] item: Leftovers\n|upkeep\n|turn|29\n|\n|t:|1666829603\n|switch|p1a: Skarmory|Skarmory, F|88\/100\n|-damage|p1a: Skarmory|76\/100|[from] Stealth Rock\n|move|p2a: Swampert|Flip Turn|p1a: Skarmory\n|-damage|p1a: Skarmory|58\/100\n|-damage|p2a: Swampert|55\/100|[from] item: Rocky Helmet|[of] p1a: Skarmory\n|\n|t:|1666829609\n|switch|p2a: Salamence|Salamence, M|100\/100|[from]move: Flip Turn\n|\n|upkeep\n|turn|30\n|\n|t:|1666829615\n|switch|p1a: Clefable|Clefable, M|100\/100\n|-status|p1a: Clefable|psn\n|move|p2a: Salamence|Dragon Dance|p2a: Salamence\n|-boost|p2a: Salamence|atk|1\n|-boost|p2a: Salamence|spe|1\n|\n|upkeep\n|turn|31\n|\n|t:|1666829626\n|move|p2a: Salamence|Dual Wingbeat|p1a: Clefable\n|-damage|p1a: Clefable|68\/100 psn\n|-damage|p2a: Salamence|84\/100|[from] item: Rocky Helmet|[of] p1a: Clefable\n|-damage|p1a: Clefable|35\/100 psn\n|-damage|p2a: Salamence|67\/100|[from] item: Rocky Helmet|[of] p1a: Clefable\n|-hitcount|p1a: Clefable|2\n|-damage|p2a: Salamence|57\/100|[from] item: Life Orb\n|move|p1a: Clefable|Moonblast|p2a: Salamence\n|-supereffective|p2a: Salamence\n|-damage|p2a: Salamence|0 fnt\n|faint|p2a: Salamence\n|\n|-fieldend|move: Electric Terrain\n|upkeep\n|j| Satiri1\n|j| knexhawk2\n|\n|t:|1666829646\n|switch|p2a: Blacephalon|Blacephalon|64\/100\n|-damage|p2a: Blacephalon|52\/100|[from] Spikes\n|turn|32\n|\n|t:|1666829651\n|switch|p1a: Toxapex|Toxapex, F|100\/100\n|-damage|p1a: Toxapex|88\/100|[from] Stealth Rock\n|-sideend|p1: quixana|move: Toxic Spikes|[of] p1a: Toxapex\n|move|p2a: Blacephalon|Psychic|p1a: Toxapex\n|-supereffective|p1a: Toxapex\n|-damage|p1a: Toxapex|39\/100\n|\n|-heal|p1a: Toxapex|45\/100|[from] item: Black Sludge\n|upkeep\n|turn|33\n|\n|t:|1666829655\n|switch|p1a: Reuniclus|Reuniclus, F|100\/100 brn\n|move|p2a: Blacephalon|Psychic|p1a: Reuniclus\n|-resisted|p1a: Reuniclus\n|-damage|p1a: Reuniclus|88\/100 brn\n|\n|-heal|p1a: Reuniclus|94\/100 brn|[from] item: Leftovers\n|upkeep\n|turn|34\n|\n|t:|1666829661\n|switch|p2a: Swampert|Swampert, F|55\/100\n|-damage|p2a: Swampert|43\/100|[from] Spikes\n|move|p1a: Reuniclus|Psychic|p2a: Swampert\n|-damage|p2a: Swampert|9\/100\n|\n|-heal|p2a: Swampert|15\/100|[from] item: Leftovers\n|-heal|p1a: Reuniclus|100\/100 brn|[from] item: Leftovers\n|upkeep\n|turn|35\n|\n|t:|1666829666\n|switch|p1a: Skarmory|Skarmory, F|58\/100\n|-damage|p1a: Skarmory|46\/100|[from] Stealth Rock\n|move|p2a: Swampert|Earthquake|p1a: Skarmory\n|-immune|p1a: Skarmory\n|\n|-heal|p2a: Swampert|22\/100|[from] item: Leftovers\n|upkeep\n|turn|36\n|\n|t:|1666829676\n|move|p2a: Swampert|Flip Turn|p1a: Skarmory\n|-damage|p1a: Skarmory|27\/100\n|-damage|p2a: Swampert|5\/100|[from] item: Rocky Helmet|[of] p1a: Skarmory\n|\n|t:|1666829682\n|switch|p2a: Blacephalon|Blacephalon|52\/100|[from]move: Flip Turn\n|-damage|p2a: Blacephalon|40\/100|[from] Spikes\n|move|p1a: Skarmory|Whirlwind|p2a: Blacephalon\n|drag|p2a: Swampert|Swampert, F|5\/100\n|-damage|p2a: Swampert|0 fnt|[from] Spikes\n|faint|p2a: Swampert\n|\n|upkeep\n|\n|t:|1666829686\n|switch|p2a: Toxapex|Toxapex, M|87\/100\n|-damage|p2a: Toxapex|74\/100|[from] Spikes\n|turn|37\n|\n|t:|1666829693\n|move|p1a: Skarmory|Roost|p1a: Skarmory\n|-heal|p1a: Skarmory|77\/100\n|-singleturn|p1a: Skarmory|move: Roost\n|move|p2a: Toxapex|Scald|p1a: Skarmory\n|-crit|p1a: Skarmory\n|-damage|p1a: Skarmory|45\/100\n|\n|upkeep\n|turn|38\n|\n|t:|1666829712\n|move|p1a: Skarmory|Spikes|p2a: Toxapex\n|-sidestart|p2: sagtheashes|Spikes\n|move|p2a: Toxapex|Scald|p1a: Skarmory\n|-damage|p1a: Skarmory|21\/100\n|\n|upkeep\n|turn|39\n|\n|t:|1666829716\n|move|p1a: Skarmory|Roost|p1a: Skarmory\n|-heal|p1a: Skarmory|71\/100\n|-singleturn|p1a: Skarmory|move: Roost\n|move|p2a: Toxapex|Scald|p1a: Skarmory\n|-damage|p1a: Skarmory|48\/100\n|\n|upkeep\n|turn|40\n|\n|t:|1666829718\n|move|p1a: Skarmory|Roost|p1a: Skarmory\n|-heal|p1a: Skarmory|98\/100\n|-singleturn|p1a: Skarmory|move: Roost\n|move|p2a: Toxapex|Scald|p1a: Skarmory\n|-damage|p1a: Skarmory|76\/100\n|\n|upkeep\n|turn|41\n|\n|t:|1666829721\n|move|p1a: Skarmory|Spikes|p2a: Toxapex\n|-sidestart|p2: sagtheashes|Spikes\n|move|p2a: Toxapex|Scald|p1a: Skarmory\n|-damage|p1a: Skarmory|52\/100\n|\n|upkeep\n|turn|42\n|\n|t:|1666829724\n|move|p1a: Skarmory|Roost|p1a: Skarmory\n|-heal|p1a: Skarmory|100\/100\n|-singleturn|p1a: Skarmory|move: Roost\n|move|p2a: Toxapex|Scald|p1a: Skarmory\n|-damage|p1a: Skarmory|76\/100\n|\n|upkeep\n|turn|43\n|\n|t:|1666829728\n|switch|p1a: Clefable|Clefable, M|35\/100 psn\n|move|p2a: Toxapex|Scald|p1a: Clefable\n|-damage|p1a: Clefable|20\/100 psn\n|\n|upkeep\n|turn|44\n|c|\u2606sagtheashes|how no burn\n|\n|t:|1666829737\n|move|p1a: Clefable|Soft-Boiled|p1a: Clefable\n|-heal|p1a: Clefable|70\/100 psn\n|move|p2a: Toxapex|Scald|p1a: Clefable\n|-damage|p1a: Clefable|55\/100 psn\n|\n|upkeep\n|turn|45\n|c|\u2606quixana|idk unlucky\n|\n|t:|1666829741\n|switch|p2a: Blacephalon|Blacephalon|40\/100\n|-damage|p2a: Blacephalon|15\/100|[from] Spikes\n|move|p1a: Clefable|Soft-Boiled|p1a: Clefable\n|-heal|p1a: Clefable|100\/100 psn\n|\n|upkeep\n|turn|46\n|c|\u2606sagtheashes|didnt matter\n|c|\u2606quixana|true\n|\n|t:|1666829760\n|move|p2a: Blacephalon|Psyshock|p1a: Clefable\n|-damage|p1a: Clefable|75\/100 psn\n|move|p1a: Clefable|Moonblast|p2a: Blacephalon\n|-resisted|p2a: Blacephalon\n|-damage|p2a: Blacephalon|0 fnt\n|faint|p2a: Blacephalon\n|\n|upkeep\n|c|\u2606sagtheashes|fuck stall its so good\n|-message|sagtheashes forfeited.\n|\n|win|quixana\n|n|\u2606quixana|quixana\n|n|\u2606sagtheashes|sagtheashes\n|n| Satiri1|satiri1\n|n| knexhawk2|knexhawk2\n|l|\u2606sagtheashes\n|l| Satiri1\n|c|\u2606quixana|gg\n","uploadtime":1666829794,"views":13,"p1id":"quixana","p2id":"sagtheashes","formatid":"gen8ou","rating":0,"private":0,"password":null}