{"id":"gen8ou-1653850313","p1":"Imsobaked","p2":"Stads","format":"gen8ou","log":"|j|\u2606Imsobaked\n|j|\u2606Stads\n|t:|1662068088\n|gametype|singles\n|player|p1|Imsobaked|hiker-gen4|1751\n|player|p2|Stads|102|1858\n|teamsize|p1|6\n|teamsize|p2|6\n|gen|8\n|tier|[Gen 8] OU\n|rated|\n|rule|Sleep Clause Mod: Limit one foe put to sleep\n|rule|Species Clause: Limit one of each Pok\u00e9mon\n|rule|OHKO Clause: OHKO moves are banned\n|rule|Evasion Items Clause: Evasion items are banned\n|rule|Evasion Moves Clause: Evasion moves are banned\n|rule|Endless Battle Clause: Forcing endless battles is banned\n|rule|HP Percentage Mod: HP is shown in percentages\n|rule|Dynamax Clause: You cannot dynamax\n|clearpoke\n|poke|p1|Tapu Lele|\n|poke|p1|Magnezone|\n|poke|p1|Dragonite, M|\n|poke|p1|Clefable, M|\n|poke|p1|Garchomp, F|\n|poke|p1|Blacephalon|\n|poke|p2|Tornadus-Therian, M|\n|poke|p2|Corviknight, M|\n|poke|p2|Kartana|\n|poke|p2|Toxapex, M|\n|poke|p2|Hippowdon, M|\n|poke|p2|Heatran, M|\n|teampreview\n|inactive|Battle timer is ON: inactive players will automatically lose when time's up. (requested by Imsobaked)\n|\n|t:|1662068113\n|start\n|switch|p1a: Clefable|Clefable, M|100\/100\n|switch|p2a: Hippowdon|Hippowdon, M|100\/100\n|-weather|Sandstorm|[from] ability: Sand Stream|[of] p2a: Hippowdon\n|turn|1\n|\n|t:|1662068120\n|switch|p2a: Tornadus|Tornadus-Therian, M|100\/100\n|move|p1a: Clefable|Knock Off|p2a: Tornadus\n|-damage|p2a: Tornadus|81\/100\n|-enditem|p2a: Tornadus|Assault Vest|[from] move: Knock Off|[of] p1a: Clefable\n|\n|-weather|Sandstorm|[upkeep]\n|-damage|p2a: Tornadus|75\/100|[from] Sandstorm\n|upkeep\n|turn|2\n|\n|t:|1662068122\n|move|p2a: Tornadus|Knock Off|p1a: Clefable\n|-resisted|p1a: Clefable\n|-damage|p1a: Clefable|92\/100\n|-damage|p2a: Tornadus|58\/100|[from] item: Rocky Helmet|[of] p1a: Clefable\n|-enditem|p1a: Clefable|Rocky Helmet|[from] move: Knock Off|[of] p2a: Tornadus\n|move|p1a: Clefable|Stealth Rock|p2a: Tornadus\n|-sidestart|p2: Stads|move: Stealth Rock\n|\n|-weather|Sandstorm|[upkeep]\n|-damage|p2a: Tornadus|52\/100|[from] Sandstorm\n|upkeep\n|turn|3\n|\n|t:|1662068125\n|move|p2a: Tornadus|U-turn|p1a: Clefable\n|-resisted|p1a: Clefable\n|-damage|p1a: Clefable|87\/100\n|\n|t:|1662068127\n|switch|p2a: Hippowdon|Hippowdon, M|100\/100|[from]move: U-turn\n|-damage|p2a: Hippowdon|94\/100|[from] Stealth Rock\n|move|p1a: Clefable|Moonblast|p2a: Hippowdon\n|-damage|p2a: Hippowdon|71\/100\n|-unboost|p2a: Hippowdon|spa|1\n|\n|-weather|Sandstorm|[upkeep]\n|-heal|p2a: Hippowdon|78\/100|[from] item: Leftovers\n|upkeep\n|turn|4\n|\n|t:|1662068130\n|move|p1a: Clefable|Knock Off|p2a: Hippowdon\n|-damage|p2a: Hippowdon|68\/100\n|-enditem|p2a: Hippowdon|Leftovers|[from] move: Knock Off|[of] p1a: Clefable\n|move|p2a: Hippowdon|Stealth Rock|p1a: Clefable\n|-sidestart|p1: Imsobaked|move: Stealth Rock\n|\n|-weather|Sandstorm|[upkeep]\n|upkeep\n|turn|5\n|\n|t:|1662068135\n|move|p1a: Clefable|Moonblast|p2a: Hippowdon\n|-damage|p2a: Hippowdon|43\/100\n|move|p2a: Hippowdon|Slack Off|p2a: Hippowdon\n|-heal|p2a: Hippowdon|93\/100\n|\n|-weather|none\n|upkeep\n|turn|6\n|\n|t:|1662068140\n|switch|p1a: Dragonite|Dragonite, M|100\/100\n|-damage|p1a: Dragonite|76\/100|[from] Stealth Rock\n|move|p2a: Hippowdon|Earthquake|p1a: Dragonite\n|-immune|p1a: Dragonite\n|\n|upkeep\n|turn|7\n|\n|t:|1662068142\n|move|p1a: Dragonite|Ice Beam|p2a: Hippowdon\n|-supereffective|p2a: Hippowdon\n|-damage|p2a: Hippowdon|44\/100\n|move|p2a: Hippowdon|Toxic|p1a: Dragonite\n|-status|p1a: Dragonite|tox\n|\n|-damage|p1a: Dragonite|70\/100 tox|[from] psn\n|upkeep\n|turn|8\n|\n|t:|1662068148\n|switch|p2a: Toxapex|Toxapex, M|100\/100\n|-damage|p2a: Toxapex|88\/100|[from] Stealth Rock\n|move|p1a: Dragonite|Earthquake|p2a: Toxapex\n|-supereffective|p2a: Toxapex\n|-damage|p2a: Toxapex|43\/100\n|\n|-damage|p1a: Dragonite|57\/100 tox|[from] psn\n|upkeep\n|turn|9\n|\n|t:|1662068154\n|switch|p2a: Corviknight|Corviknight, M|100\/100\n|-damage|p2a: Corviknight|88\/100|[from] Stealth Rock\n|-ability|p2a: Corviknight|Pressure\n|move|p1a: Dragonite|Thunderbolt|p2a: Corviknight\n|-supereffective|p2a: Corviknight\n|-crit|p2a: Corviknight\n|-damage|p2a: Corviknight|3\/100\n|\n|-heal|p2a: Corviknight|10\/100|[from] item: Leftovers\n|-damage|p1a: Dragonite|39\/100 tox|[from] psn\n|upkeep\n|turn|10\n|\n|t:|1662068157\n|move|p1a: Dragonite|Thunderbolt|p2a: Corviknight\n|-supereffective|p2a: Corviknight\n|-damage|p2a: Corviknight|0 fnt\n|faint|p2a: Corviknight\n|\n|-damage|p1a: Dragonite|14\/100 tox|[from] psn\n|upkeep\n|\n|t:|1662068160\n|switch|p2a: Tornadus|Tornadus-Therian, M|85\/100\n|-damage|p2a: Tornadus|60\/100|[from] Stealth Rock\n|turn|11\n|\n|t:|1662068162\n|move|p2a: Tornadus|Knock Off|p1a: Dragonite\n|-damage|p1a: Dragonite|0 fnt\n|-enditem|p1a: Dragonite|Expert Belt|[from] move: Knock Off|[of] p2a: Tornadus\n|faint|p1a: Dragonite\n|\n|upkeep\n|\n|t:|1662068167\n|switch|p1a: Magnezone|Magnezone|100\/100\n|-damage|p1a: Magnezone|94\/100|[from] Stealth Rock\n|turn|12\n|\n|t:|1662068169\n|move|p2a: Tornadus|Heat Wave|p1a: Magnezone\n|-supereffective|p1a: Magnezone\n|-damage|p1a: Magnezone|35\/100\n|move|p1a: Magnezone|Flash Cannon|p2a: Tornadus\n|-damage|p2a: Tornadus|0 fnt\n|faint|p2a: Tornadus\n|\n|upkeep\n|\n|t:|1662068174\n|switch|p2a: Heatran|Heatran, M|100\/100\n|-damage|p2a: Heatran|88\/100|[from] Stealth Rock\n|turn|13\n|\n|t:|1662068179\n|move|p2a: Heatran|Toxic|p1a: Magnezone\n|-immune|p1a: Magnezone\n|move|p1a: Magnezone|Flash Cannon|p2a: Heatran\n|-resisted|p2a: Heatran\n|-damage|p2a: Heatran|76\/100\n|\n|-heal|p2a: Heatran|82\/100|[from] item: Leftovers\n|upkeep\n|turn|14\n|\n|t:|1662068186\n|move|p2a: Heatran|Toxic|p1a: Magnezone\n|-immune|p1a: Magnezone\n|move|p1a: Magnezone|Flash Cannon|p2a: Heatran\n|-resisted|p2a: Heatran\n|-damage|p2a: Heatran|69\/100\n|\n|-heal|p2a: Heatran|76\/100|[from] item: Leftovers\n|upkeep\n|turn|15\n|\n|t:|1662068189\n|move|p2a: Heatran|Magma Storm|p1a: Magnezone|[miss]\n|-miss|p2a: Heatran|p1a: Magnezone\n|move|p1a: Magnezone|Flash Cannon|p2a: Heatran\n|-resisted|p2a: Heatran\n|-damage|p2a: Heatran|63\/100\n|\n|-heal|p2a: Heatran|69\/100|[from] item: Leftovers\n|upkeep\n|turn|16\n|\n|t:|1662068190\n|move|p2a: Heatran|Magma Storm|p1a: Magnezone\n|-supereffective|p1a: Magnezone\n|-damage|p1a: Magnezone|0 fnt\n|faint|p1a: Magnezone\n|\n|-heal|p2a: Heatran|75\/100|[from] item: Leftovers\n|upkeep\n|\n|t:|1662068193\n|switch|p1a: Garchomp|Garchomp, F|100\/100\n|-damage|p1a: Garchomp|94\/100|[from] Stealth Rock\n|turn|17\n|\n|t:|1662068197\n|move|p1a: Garchomp|Earthquake|p2a: Heatran\n|-supereffective|p2a: Heatran\n|-damage|p2a: Heatran|0 fnt\n|faint|p2a: Heatran\n|\n|upkeep\n|\n|t:|1662068199\n|switch|p2a: Kartana|Kartana|100\/100\n|-damage|p2a: Kartana|94\/100|[from] Stealth Rock\n|turn|18\n|\n|t:|1662068202\n|move|p2a: Kartana|Leaf Blade|p1a: Garchomp\n|-damage|p1a: Garchomp|31\/100\n|-damage|p2a: Kartana|82\/100|[from] ability: Rough Skin|[of] p1a: Garchomp\n|move|p1a: Garchomp|Fire Fang|p2a: Kartana\n|-supereffective|p2a: Kartana\n|-damage|p2a: Kartana|0 fnt\n|faint|p2a: Kartana\n|\n|upkeep\n|-message|Stads forfeited.\n|\n|win|Imsobaked\n|raw|Imsobaked's rating: 1751 &rarr; <strong>1777<\/strong><br \/>(+26 for winning)\n|raw|Stads's rating: 1858 &rarr; <strong>1832<\/strong><br \/>(-26 for losing)\n|l|\u2606Stads\n|l|\u2606Imsobaked\n||Ladder isn't responding, score probably updated but might not have (Request timeout).\n|j|\u2606Imsobaked\n|player|p1|Imsobaked|hiker-gen4\n","uploadtime":1662068472,"views":50,"p1id":"imsobaked","p2id":"stads","formatid":"gen8ou","rating":1777,"private":0,"password":null}