{"id":"gen8pu-1580732518","p1":"xSkelly34","p2":"Oathkeeper","format":"gen8pu","log":"|j|\u2606xSkelly34\n|j|\u2606Oathkeeper\n|t:|1653275147\n|gametype|singles\n|player|p1|xSkelly34|265|\n|player|p2|Oathkeeper|lance-gen1|\n|teamsize|p1|6\n|teamsize|p2|6\n|gen|8\n|tier|[Gen 8] PU\n|rule|Sleep Clause Mod: Limit one foe put to sleep\n|rule|Species Clause: Limit one of each Pok\u00e9mon\n|rule|OHKO Clause: OHKO moves are banned\n|rule|Evasion Moves Clause: Evasion moves are banned\n|rule|Endless Battle Clause: Forcing endless battles is banned\n|rule|HP Percentage Mod: HP is shown in percentages\n|rule|Dynamax Clause: You cannot dynamax\n|clearpoke\n|poke|p1|Ribombee, M|\n|poke|p1|Sneasel, M|\n|poke|p1|Silvally-*|\n|poke|p1|Aggron, F|\n|poke|p1|Eldegoss, F|\n|poke|p1|Lycanroc, M|\n|poke|p2|Mesprit|\n|poke|p2|Togedemaru, M|\n|poke|p2|Scrafty, M|\n|poke|p2|Silvally-*|\n|poke|p2|Archeops, M|\n|poke|p2|Whimsicott, M|\n|teampreview\n|\n|t:|1653275199\n|start\n|switch|p1a: Aggron|Aggron, F|100\/100\n|switch|p2a: Togedemaru|Togedemaru, M|100\/100\n|turn|1\n|\n|t:|1653275206\n|move|p2a: Togedemaru|U-turn|p1a: Aggron\n|-resisted|p1a: Aggron\n|-damage|p1a: Aggron|94\/100\n|\n|t:|1653275212\n|switch|p2a: Scrafty|Scrafty, M|100\/100|[from]move: U-turn\n|move|p1a: Aggron|Stealth Rock|p2a: Scrafty\n|-sidestart|p2: Oathkeeper|move: Stealth Rock\n|\n|-heal|p1a: Aggron|100\/100|[from] item: Leftovers\n|upkeep\n|turn|2\n|\n|t:|1653275250\n|switch|p1a: Ribombee|Ribombee, M|100\/100\n|move|p2a: Scrafty|Close Combat|p1a: Ribombee\n|-resisted|p1a: Ribombee\n|-damage|p1a: Ribombee|62\/100\n|-unboost|p2a: Scrafty|def|1\n|-unboost|p2a: Scrafty|spd|1\n|\n|upkeep\n|turn|3\n|\n|t:|1653275263\n|switch|p2a: Togedemaru|Togedemaru, M|100\/100\n|-damage|p2a: Togedemaru|95\/100|[from] Stealth Rock\n|move|p1a: Ribombee|Roost|p1a: Ribombee\n|-heal|p1a: Ribombee|100\/100\n|-singleturn|p1a: Ribombee|move: Roost\n|\n|upkeep\n|turn|4\n|\n|t:|1653275277\n|switch|p1a: Silvally|Silvally-Water|100\/100\n|move|p2a: Togedemaru|U-turn|p1a: Silvally\n|-damage|p1a: Silvally|86\/100\n|\n|t:|1653275309\n|switch|p2a: Silvally|Silvally-Ghost|100\/100|[from]move: U-turn\n|-damage|p2a: Silvally|88\/100|[from] Stealth Rock\n|\n|upkeep\n|turn|5\n|\n|t:|1653275363\n|move|p2a: Silvally|Multi-Attack|p1a: Silvally\n|-damage|p1a: Silvally|46\/100\n|move|p1a: Silvally|Multi-Attack|p2a: Silvally\n|-damage|p2a: Silvally|44\/100\n|\n|upkeep\n|turn|6\n|\n|t:|1653275391\n|move|p2a: Silvally|Multi-Attack|p1a: Silvally\n|-damage|p1a: Silvally|7\/100\n|move|p1a: Silvally|Multi-Attack|p2a: Silvally\n|-damage|p2a: Silvally|0 fnt\n|faint|p2a: Silvally\n|\n|upkeep\n|\n|t:|1653275400\n|switch|p2a: Togedemaru|Togedemaru, M|95\/100\n|-damage|p2a: Togedemaru|89\/100|[from] Stealth Rock\n|turn|7\n|\n|t:|1653275419\n|switch|p1a: Aggron|Aggron, F|100\/100\n|move|p2a: Togedemaru|U-turn|p1a: Aggron\n|-resisted|p1a: Aggron\n|-crit|p1a: Aggron\n|-damage|p1a: Aggron|92\/100\n|\n|t:|1653275444\n|switch|p2a: Scrafty|Scrafty, M|100\/100|[from]move: U-turn\n|-damage|p2a: Scrafty|95\/100|[from] Stealth Rock\n|\n|-heal|p1a: Aggron|98\/100|[from] item: Leftovers\n|upkeep\n|turn|8\n|\n|t:|1653275511\n|switch|p1a: Ribombee|Ribombee, M|100\/100\n|move|p2a: Scrafty|Close Combat|p1a: Ribombee\n|-resisted|p1a: Ribombee\n|-damage|p1a: Ribombee|65\/100\n|-unboost|p2a: Scrafty|def|1\n|-unboost|p2a: Scrafty|spd|1\n|\n|upkeep\n|turn|9\n|\n|t:|1653275519\n|switch|p2a: Togedemaru|Togedemaru, M|89\/100\n|-damage|p2a: Togedemaru|83\/100|[from] Stealth Rock\n|move|p1a: Ribombee|Roost|p1a: Ribombee\n|-heal|p1a: Ribombee|100\/100\n|-singleturn|p1a: Ribombee|move: Roost\n|\n|upkeep\n|turn|10\n|\n|t:|1653275541\n|switch|p1a: Aggron|Aggron, F|98\/100\n|move|p2a: Togedemaru|U-turn|p1a: Aggron\n|-resisted|p1a: Aggron\n|-damage|p1a: Aggron|93\/100\n|\n|t:|1653275554\n|switch|p2a: Scrafty|Scrafty, M|95\/100|[from]move: U-turn\n|-damage|p2a: Scrafty|89\/100|[from] Stealth Rock\n|\n|-heal|p1a: Aggron|99\/100|[from] item: Leftovers\n|upkeep\n|turn|11\n|\n|t:|1653275564\n|switch|p1a: Ribombee|Ribombee, M|100\/100\n|move|p2a: Scrafty|Close Combat|p1a: Ribombee\n|-resisted|p1a: Ribombee\n|-damage|p1a: Ribombee|63\/100\n|-unboost|p2a: Scrafty|def|1\n|-unboost|p2a: Scrafty|spd|1\n|\n|upkeep\n|turn|12\n|\n|t:|1653275576\n|switch|p2a: Archeops|Archeops, M|100\/100\n|move|p1a: Ribombee|Roost|p1a: Ribombee\n|-heal|p1a: Ribombee|100\/100\n|-singleturn|p1a: Ribombee|move: Roost\n|\n|upkeep\n|turn|13\n|\n|t:|1653275584\n|switch|p1a: Silvally|Silvally-Water|7\/100\n|move|p2a: Archeops|Air Slash|p1a: Silvally\n|-crit|p1a: Silvally\n|-damage|p1a: Silvally|0 fnt\n|faint|p1a: Silvally\n|\n|upkeep\n|\n|t:|1653275588\n|switch|p1a: Sneasel|Sneasel, M|100\/100\n|turn|14\n|\n|t:|1653275619\n|switch|p2a: Mesprit|Mesprit|100\/100\n|-damage|p2a: Mesprit|88\/100|[from] Stealth Rock\n|move|p1a: Sneasel|Triple Axel|p2a: Mesprit\n|-damage|p2a: Mesprit|79\/100\n|-damage|p2a: Mesprit|62\/100\n|-damage|p2a: Mesprit|33\/100\n|-hitcount|p2a: Mesprit|3\n|\n|upkeep\n|turn|15\n|\n|t:|1653275640\n|switch|p1a: Aggron|Aggron, F|99\/100\n|move|p2a: Mesprit|Dazzling Gleam|p1a: Aggron\n|-resisted|p1a: Aggron\n|-damage|p1a: Aggron|87\/100\n|\n|-heal|p1a: Aggron|93\/100|[from] item: Leftovers\n|upkeep\n|turn|16\n|\n|t:|1653275648\n|move|p2a: Mesprit|Shadow Ball|p1a: Aggron\n|-damage|p1a: Aggron|71\/100\n|move|p1a: Aggron|Head Smash|p2a: Mesprit\n|-crit|p2a: Mesprit\n|-damage|p2a: Mesprit|0 fnt\n|faint|p2a: Mesprit\n|\n|-heal|p1a: Aggron|77\/100|[from] item: Leftovers\n|upkeep\n|\n|t:|1653275655\n|switch|p2a: Scrafty|Scrafty, M|89\/100\n|-damage|p2a: Scrafty|83\/100|[from] Stealth Rock\n|turn|17\n|\n|t:|1653275669\n|switch|p1a: Ribombee|Ribombee, M|100\/100\n|move|p2a: Scrafty|Close Combat|p1a: Ribombee\n|-resisted|p1a: Ribombee\n|-damage|p1a: Ribombee|62\/100\n|-unboost|p2a: Scrafty|def|1\n|-unboost|p2a: Scrafty|spd|1\n|\n|upkeep\n|turn|18\n|\n|t:|1653275678\n|switch|p2a: Archeops|Archeops, M|100\/100\n|move|p1a: Ribombee|Roost|p1a: Ribombee\n|-heal|p1a: Ribombee|100\/100\n|-singleturn|p1a: Ribombee|move: Roost\n|\n|upkeep\n|turn|19\n|\n|t:|1653275693\n|switch|p1a: Eldegoss|Eldegoss, F|100\/100\n|move|p2a: Archeops|Stone Edge|p1a: Eldegoss\n|-damage|p1a: Eldegoss|38\/100\n|\n|upkeep\n|turn|20\n|\n|t:|1653275708\n|move|p2a: Archeops|Air Slash|p1a: Eldegoss\n|-supereffective|p1a: Eldegoss\n|-crit|p1a: Eldegoss\n|-damage|p1a: Eldegoss|0 fnt\n|faint|p1a: Eldegoss\n|\n|upkeep\n|\n|t:|1653275710\n|switch|p1a: Lycanroc|Lycanroc, M|100\/100\n|turn|21\n|\n|t:|1653275795\n|move|p1a: Lycanroc|Stone Edge|p2a: Archeops\n|-supereffective|p2a: Archeops\n|-damage|p2a: Archeops|0 fnt\n|faint|p2a: Archeops\n|-damage|p1a: Lycanroc|91\/100|[from] item: Life Orb\n|\n|upkeep\n|\n|t:|1653275798\n|switch|p2a: Whimsicott|Whimsicott, M, shiny|100\/100\n|turn|22\n|\n|t:|1653275806\n|move|p1a: Lycanroc|Accelerock|p2a: Whimsicott\n|-damage|p2a: Whimsicott|62\/100\n|-damage|p1a: Lycanroc|81\/100|[from] item: Life Orb\n|move|p2a: Whimsicott|U-turn|p1a: Lycanroc\n|-damage|p1a: Lycanroc|63\/100\n|\n|t:|1653275812\n|switch|p2a: Togedemaru|Togedemaru, M|83\/100|[from]move: U-turn\n|-damage|p2a: Togedemaru|77\/100|[from] Stealth Rock\n|\n|upkeep\n|turn|23\n|\n|t:|1653275873\n|switch|p1a: Aggron|Aggron, F|77\/100\n|move|p2a: Togedemaru|Iron Head|p1a: Aggron\n|-damage|p1a: Aggron|55\/100\n|\n|-heal|p1a: Aggron|62\/100|[from] item: Leftovers\n|upkeep\n|turn|24\n|\n|t:|1653275919\n|switch|p2a: Scrafty|Scrafty, M|83\/100\n|-damage|p2a: Scrafty|77\/100|[from] Stealth Rock\n|move|p1a: Aggron|Body Press|p2a: Scrafty\n|-supereffective|p2a: Scrafty\n|-damage|p2a: Scrafty|10\/100\n|\n|-heal|p1a: Aggron|68\/100|[from] item: Leftovers\n|upkeep\n|turn|25\n|\n|t:|1653275934\n|switch|p1a: Ribombee|Ribombee, M|100\/100\n|move|p2a: Scrafty|Poison Jab|p1a: Ribombee\n|-supereffective|p1a: Ribombee\n|-damage|p1a: Ribombee|0 fnt\n|faint|p1a: Ribombee\n|\n|upkeep\n|\n|t:|1653275947\n|switch|p1a: Lycanroc|Lycanroc, M|63\/100\n|turn|26\n|\n|t:|1653275952\n|move|p1a: Lycanroc|Accelerock|p2a: Scrafty\n|-resisted|p2a: Scrafty\n|-damage|p2a: Scrafty|0 fnt\n|faint|p2a: Scrafty\n|-damage|p1a: Lycanroc|53\/100|[from] item: Life Orb\n|\n|upkeep\n|\n|t:|1653275960\n|switch|p2a: Whimsicott|Whimsicott, M, shiny|62\/100\n|turn|27\n|\n|t:|1653275964\n|move|p1a: Lycanroc|Accelerock|p2a: Whimsicott\n|-damage|p2a: Whimsicott|25\/100\n|-damage|p1a: Lycanroc|43\/100|[from] item: Life Orb\n|move|p2a: Whimsicott|Energy Ball|p1a: Lycanroc\n|-supereffective|p1a: Lycanroc\n|-damage|p1a: Lycanroc|0 fnt\n|faint|p1a: Lycanroc\n|\n|upkeep\n|\n|t:|1653275977\n|switch|p1a: Aggron|Aggron, F|68\/100\n|turn|28\n|\n|t:|1653275982\n|move|p1a: Aggron|Protect|p1a: Aggron\n|-singleturn|p1a: Aggron|Protect\n|move|p2a: Whimsicott|Energy Ball|p1a: Aggron\n|-activate|p1a: Aggron|move: Protect\n|\n|-heal|p1a: Aggron|74\/100|[from] item: Leftovers\n|upkeep\n|turn|29\n|\n|t:|1653276006\n|move|p2a: Whimsicott|Energy Ball|p1a: Aggron\n|-damage|p1a: Aggron|40\/100\n|move|p1a: Aggron|Body Press|p2a: Whimsicott\n|-resisted|p2a: Whimsicott\n|-damage|p2a: Whimsicott|1\/100\n|\n|-heal|p1a: Aggron|46\/100|[from] item: Leftovers\n|upkeep\n|turn|30\n|\n|t:|1653276014\n|move|p1a: Aggron|Protect|p1a: Aggron\n|-singleturn|p1a: Aggron|Protect\n|move|p2a: Whimsicott|Energy Ball|p1a: Aggron\n|-activate|p1a: Aggron|move: Protect\n|\n|-heal|p1a: Aggron|53\/100|[from] item: Leftovers\n|upkeep\n|turn|31\n|\n|t:|1653276049\n|switch|p1a: Sneasel|Sneasel, M|100\/100\n|move|p2a: Whimsicott|Energy Ball|p1a: Sneasel\n|-damage|p1a: Sneasel|44\/100\n|\n|upkeep\n|turn|32\n|\n|t:|1653276059\n|move|p1a: Sneasel|Ice Shard|p2a: Whimsicott\n|-supereffective|p2a: Whimsicott\n|-crit|p2a: Whimsicott\n|-damage|p2a: Whimsicott|0 fnt\n|faint|p2a: Whimsicott\n|\n|upkeep\n|\n|t:|1653276061\n|switch|p2a: Togedemaru|Togedemaru, M|77\/100\n|-damage|p2a: Togedemaru|71\/100|[from] Stealth Rock\n|turn|33\n|\n|t:|1653276070\n|move|p1a: Sneasel|Ice Shard|p2a: Togedemaru\n|-resisted|p2a: Togedemaru\n|-damage|p2a: Togedemaru|56\/100\n|move|p2a: Togedemaru|Iron Head|p1a: Sneasel\n|-supereffective|p1a: Sneasel\n|-damage|p1a: Sneasel|0 fnt\n|faint|p1a: Sneasel\n|\n|upkeep\n|\n|t:|1653276072\n|switch|p1a: Aggron|Aggron, F|53\/100\n|turn|34\n|\n|t:|1653276074\n|move|p1a: Aggron|Protect|p1a: Aggron\n|-singleturn|p1a: Aggron|Protect\n|move|p2a: Togedemaru|Iron Head|p1a: Aggron\n|-activate|p1a: Aggron|move: Protect\n|\n|-heal|p1a: Aggron|59\/100|[from] item: Leftovers\n|upkeep\n|turn|35\n|\n|t:|1653276078\n|move|p2a: Togedemaru|Iron Head|p1a: Aggron\n|-damage|p1a: Aggron|39\/100\n|cant|p1a: Aggron|flinch\n|\n|-heal|p1a: Aggron|45\/100|[from] item: Leftovers\n|upkeep\n|turn|36\n|\n|t:|1653276082\n|move|p1a: Aggron|Protect|p1a: Aggron\n|-singleturn|p1a: Aggron|Protect\n|move|p2a: Togedemaru|Iron Head|p1a: Aggron\n|-activate|p1a: Aggron|move: Protect\n|\n|-heal|p1a: Aggron|51\/100|[from] item: Leftovers\n|upkeep\n|turn|37\n|\n|t:|1653276084\n|move|p2a: Togedemaru|Iron Head|p1a: Aggron\n|-damage|p1a: Aggron|30\/100\n|cant|p1a: Aggron|flinch\n|\n|-heal|p1a: Aggron|36\/100|[from] item: Leftovers\n|upkeep\n|turn|38\n|\n|t:|1653276087\n|move|p1a: Aggron|Protect|p1a: Aggron\n|-singleturn|p1a: Aggron|Protect\n|move|p2a: Togedemaru|Iron Head|p1a: Aggron\n|-activate|p1a: Aggron|move: Protect\n|\n|-heal|p1a: Aggron|42\/100|[from] item: Leftovers\n|upkeep\n|turn|39\n|\n|t:|1653276089\n|move|p2a: Togedemaru|Iron Head|p1a: Aggron\n|-damage|p1a: Aggron|22\/100\n|move|p1a: Aggron|Body Press|p2a: Togedemaru\n|-supereffective|p2a: Togedemaru\n|-damage|p2a: Togedemaru|0 fnt\n|faint|p2a: Togedemaru\n|\n|win|xSkelly34\n|l|\u2606Oathkeeper\n|c|\u2606xSkelly34|ggs\n","uploadtime":1653276098,"views":570,"p1id":"xskelly34","p2id":"oathkeeper","formatid":"gen8pu","rating":0,"private":0,"password":null}