{"id":"gen8ou-1532100906","p1":"balenciiaga","p2":"stopthreat","format":"gen8ou","log":"|j|\u203dbalenciiaga\n|j|\u2606stopthreat\n|t:|1647453914\n|gametype|singles\n|player|p1|balenciiaga|elesa|1544\n|player|p2|stopthreat|boarder|1489\n|teamsize|p1|6\n|teamsize|p2|6\n|gen|8\n|tier|[Gen 8] OU\n|rated|\n|rule|Sleep Clause Mod: Limit one foe put to sleep\n|rule|Species Clause: Limit one of each Pok\u00e9mon\n|rule|OHKO Clause: OHKO moves are banned\n|rule|Evasion Moves Clause: Evasion moves are banned\n|rule|Endless Battle Clause: Forcing endless battles is banned\n|rule|HP Percentage Mod: HP is shown in percentages\n|rule|Dynamax Clause: You cannot dynamax\n|clearpoke\n|poke|p1|Victini|\n|poke|p1|Swampert, F|\n|poke|p1|Cobalion|\n|poke|p1|Tapu Koko|\n|poke|p1|Landorus-Therian, M|\n|poke|p1|Tornadus-Therian, M|\n|poke|p2|Corviknight, M|\n|poke|p2|Tapu Fini|\n|poke|p2|Dragapult, F|\n|poke|p2|Garchomp, F|\n|poke|p2|Clefable, F|\n|poke|p2|Crawdaunt, M|\n|teampreview\n|\n|t:|1647453919\n|start\n|switch|p1a: Landorus|Landorus-Therian, M|100\/100\n|switch|p2a: Clefable|Clefable, F|100\/100\n|-ability|p1a: Landorus|Intimidate|boost\n|-unboost|p2a: Clefable|atk|1\n|turn|1\n|inactive|Battle timer is ON: inactive players will automatically lose when time's up. (requested by stopthreat)\n|\n|t:|1647453931\n|move|p2a: Clefable|Moonblast|p1a: Landorus\n|-damage|p1a: Landorus|59\/100\n|move|p1a: Landorus|Earthquake|p2a: Clefable\n|-damage|p2a: Clefable|42\/100\n|\n|-heal|p1a: Landorus|65\/100|[from] item: Leftovers\n|upkeep\n|turn|2\n|\n|t:|1647453938\n|switch|p2a: Corviknight|Corviknight, M|100\/100\n|-ability|p2a: Corviknight|Pressure\n|move|p1a: Landorus|U-turn|p2a: Corviknight\n|-resisted|p2a: Corviknight\n|-damage|p2a: Corviknight|96\/100\n|\n|t:|1647453951\n|switch|p1a: Tapu Koko|Tapu Koko|100\/100|[from]move: U-turn\n|-fieldstart|move: Electric Terrain|[from] ability: Electric Surge|[of] p1a: Tapu Koko\n|\n|upkeep\n|turn|3\n|\n|t:|1647453956\n|switch|p2a: Garchomp|Garchomp, F|100\/100\n|move|p1a: Tapu Koko|Dazzling Gleam|p2a: Garchomp\n|-supereffective|p2a: Garchomp\n|-damage|p2a: Garchomp|32\/100\n|\n|-heal|p2a: Garchomp|38\/100|[from] item: Leftovers\n|upkeep\n|turn|4\n|\n|t:|1647453969\n|switch|p1a: Victini|Victini|100\/100\n|switch|p2a: Corviknight|Corviknight, M|96\/100\n|-ability|p2a: Corviknight|Pressure\n|\n|upkeep\n|turn|5\n|\n|t:|1647453974\n|switch|p2a: Tapu Fini|Tapu Fini|100\/100\n|-fieldstart|move: Misty Terrain|[from] ability: Misty Surge|[of] p2a: Tapu Fini\n|move|p1a: Victini|V-create|p2a: Tapu Fini\n|-resisted|p2a: Tapu Fini\n|-damage|p2a: Tapu Fini|60\/100\n|-unboost|p1a: Victini|spe|1\n|-unboost|p1a: Victini|def|1\n|-unboost|p1a: Victini|spd|1\n|\n|-heal|p2a: Tapu Fini|66\/100|[from] item: Leftovers\n|upkeep\n|turn|6\n|\n|t:|1647453981\n|switch|p1a: Tornadus|Tornadus-Therian, M|100\/100\n|move|p2a: Tapu Fini|Surf|p1a: Tornadus\n|-damage|p1a: Tornadus|69\/100\n|\n|-heal|p2a: Tapu Fini|72\/100|[from] item: Leftovers\n|upkeep\n|turn|7\n|\n|t:|1647453984\n|switch|p2a: Garchomp|Garchomp, F|38\/100\n|move|p1a: Tornadus|Knock Off|p2a: Garchomp\n|-damage|p2a: Garchomp|22\/100\n|-damage|p1a: Tornadus|57\/100|[from] ability: Rough Skin|[of] p2a: Garchomp\n|-enditem|p2a: Garchomp|Leftovers|[from] move: Knock Off|[of] p1a: Tornadus\n|\n|upkeep\n|turn|8\n|\n|t:|1647453988\n|move|p1a: Tornadus|Hurricane|p2a: Garchomp|[miss]\n|-miss|p1a: Tornadus|p2a: Garchomp\n|move|p2a: Garchomp|Stealth Rock|p1a: Tornadus\n|-sidestart|p1: balenciiaga|move: Stealth Rock\n|\n|upkeep\n|turn|9\n|\n|t:|1647453991\n|move|p1a: Tornadus|Defog|p2a: Garchomp\n|-unboost|p2a: Garchomp|evasion|1\n|-sideend|p1: balenciiaga|Stealth Rock|[from] move: Defog|[of] p1a: Tornadus\n|-fieldend|Misty Terrain\n|move|p2a: Garchomp|Toxic|p1a: Tornadus\n|-status|p1a: Tornadus|tox\n|\n|-damage|p1a: Tornadus|50\/100 tox|[from] psn\n|upkeep\n|turn|10\n|\n|t:|1647453993\n|move|p1a: Tornadus|Hurricane|p2a: Garchomp\n|-damage|p2a: Garchomp|0 fnt\n|faint|p2a: Garchomp\n|\n|-damage|p1a: Tornadus|38\/100 tox|[from] psn\n|upkeep\n|\n|t:|1647453999\n|switch|p2a: Dragapult|Dragapult, F|100\/100\n|turn|11\n|\n|t:|1647454001\n|move|p2a: Dragapult|Shadow Ball|p1a: Tornadus\n|-damage|p1a: Tornadus|0 fnt\n|faint|p1a: Tornadus\n|\n|upkeep\n|\n|t:|1647454018\n|switch|p1a: Swampert|Swampert, F|100\/100\n|turn|12\n|\n|t:|1647454025\n|switch|p2a: Clefable|Clefable, F|42\/100\n|move|p1a: Swampert|Yawn|p2a: Clefable\n|-start|p2a: Clefable|move: Yawn|[of] p1a: Swampert\n|\n|upkeep\n|turn|13\n|\n|t:|1647454027\n|move|p2a: Clefable|Soft-Boiled|p2a: Clefable\n|-heal|p2a: Clefable|92\/100\n|move|p1a: Swampert|Stealth Rock|p2a: Clefable\n|-sidestart|p2: stopthreat|move: Stealth Rock\n|\n|-end|p2a: Clefable|move: Yawn|[silent]\n|-status|p2a: Clefable|slp\n|upkeep\n|turn|14\n|\n|t:|1647454031\n|cant|p2a: Clefable|slp\n|move|p1a: Swampert|Flip Turn|p2a: Clefable\n|-damage|p2a: Clefable|63\/100 slp\n|\n|t:|1647454034\n|switch|p1a: Victini|Victini|100\/100|[from]move: Flip Turn\n|\n|upkeep\n|turn|15\n|\n|t:|1647454060\n|move|p1a: Victini|V-create|p2a: Clefable\n|-damage|p2a: Clefable|0 fnt\n|-unboost|p1a: Victini|spe|1\n|-unboost|p1a: Victini|def|1\n|-unboost|p1a: Victini|spd|1\n|faint|p2a: Clefable\n|\n|upkeep\n|\n|t:|1647454063\n|switch|p2a: Dragapult|Dragapult, F|100\/100\n|-damage|p2a: Dragapult|88\/100|[from] Stealth Rock\n|turn|16\n|\n|t:|1647454070\n|switch|p1a: Landorus|Landorus-Therian, M|65\/100\n|-ability|p1a: Landorus|Intimidate|boost\n|-unboost|p2a: Dragapult|atk|1\n|move|p2a: Dragapult|Shadow Ball|p1a: Landorus\n|-damage|p1a: Landorus|27\/100\n|\n|-heal|p1a: Landorus|33\/100|[from] item: Leftovers\n|upkeep\n|turn|17\n|\n|t:|1647454095\n|move|p2a: Dragapult|Shadow Ball|p1a: Landorus\n|-crit|p1a: Landorus\n|-damage|p1a: Landorus|0 fnt\n|faint|p1a: Landorus\n|\n|upkeep\n|\n|t:|1647454104\n|switch|p1a: Swampert|Swampert, F|100\/100\n|turn|18\n|\n|t:|1647454112\n|switch|p2a: Corviknight|Corviknight, M|96\/100\n|-damage|p2a: Corviknight|84\/100|[from] Stealth Rock\n|-ability|p2a: Corviknight|Pressure\n|move|p1a: Swampert|Flip Turn|p2a: Corviknight\n|-damage|p2a: Corviknight|66\/100\n|\n|t:|1647454115\n|switch|p1a: Tapu Koko|Tapu Koko|100\/100|[from]move: Flip Turn\n|-fieldstart|move: Electric Terrain|[from] ability: Electric Surge|[of] p1a: Tapu Koko\n|\n|upkeep\n|turn|19\n|\n|t:|1647454127\n|move|p1a: Tapu Koko|Volt Switch|p2a: Corviknight\n|-supereffective|p2a: Corviknight\n|-damage|p2a: Corviknight|0 fnt\n|faint|p2a: Corviknight\n|\n|t:|1647454136\n|switch|p1a: Cobalion|Cobalion|100\/100|[from]move: Volt Switch\n|\n|upkeep\n|\n|t:|1647454144\n|switch|p2a: Tapu Fini|Tapu Fini|72\/100\n|-damage|p2a: Tapu Fini|60\/100|[from] Stealth Rock\n|-fieldstart|move: Misty Terrain|[from] ability: Misty Surge|[of] p2a: Tapu Fini\n|turn|20\n|\n|t:|1647454165\n|move|p1a: Cobalion|Swords Dance|p1a: Cobalion\n|-boost|p1a: Cobalion|atk|2\n|move|p2a: Tapu Fini|Calm Mind|p2a: Tapu Fini\n|-boost|p2a: Tapu Fini|spa|1\n|-boost|p2a: Tapu Fini|spd|1\n|\n|-heal|p2a: Tapu Fini|66\/100|[from] item: Leftovers\n|upkeep\n|turn|21\n|\n|t:|1647454168\n|move|p1a: Cobalion|Iron Head|p2a: Tapu Fini\n|-damage|p2a: Tapu Fini|24\/100\n|move|p2a: Tapu Fini|Draining Kiss|p1a: Cobalion\n|-crit|p1a: Cobalion\n|-damage|p1a: Cobalion|46\/100\n|-heal|p2a: Tapu Fini|62\/100|[from] drain|[of] p1a: Cobalion\n|-damage|p2a: Tapu Fini|46\/100|[from] item: Rocky Helmet|[of] p1a: Cobalion\n|\n|-heal|p2a: Tapu Fini|52\/100|[from] item: Leftovers\n|upkeep\n|turn|22\n|\n|t:|1647454176\n|switch|p2a: Crawdaunt|Crawdaunt, M|100\/100\n|-damage|p2a: Crawdaunt|88\/100|[from] Stealth Rock\n|move|p1a: Cobalion|Iron Head|p2a: Crawdaunt\n|-resisted|p2a: Crawdaunt\n|-damage|p2a: Crawdaunt|41\/100\n|\n|upkeep\n|turn|23\n|\n|t:|1647454181\n|move|p2a: Crawdaunt|Aqua Jet|p1a: Cobalion\n|-damage|p1a: Cobalion|8\/100\n|-damage|p2a: Crawdaunt|25\/100|[from] item: Rocky Helmet|[of] p1a: Cobalion\n|move|p1a: Cobalion|Iron Head|p2a: Crawdaunt\n|-resisted|p2a: Crawdaunt\n|-damage|p2a: Crawdaunt|0 fnt\n|faint|p2a: Crawdaunt\n|\n|upkeep\n|\n|t:|1647454183\n|switch|p2a: Dragapult|Dragapult, F|88\/100\n|-damage|p2a: Dragapult|76\/100|[from] Stealth Rock\n|turn|24\n|\n|t:|1647454187\n|move|p2a: Dragapult|Shadow Ball|p1a: Cobalion\n|-damage|p1a: Cobalion|0 fnt\n|faint|p1a: Cobalion\n|\n|-fieldend|Misty Terrain\n|upkeep\n|\n|t:|1647454193\n|switch|p1a: Swampert|Swampert, F|100\/100\n|turn|25\n|\n|t:|1647454208\n|move|p2a: Dragapult|Shadow Ball|p1a: Swampert\n|-damage|p1a: Swampert|67\/100\n|-unboost|p1a: Swampert|spd|1\n|move|p1a: Swampert|Earthquake|p2a: Dragapult\n|-damage|p2a: Dragapult|29\/100\n|\n|-heal|p1a: Swampert|73\/100|[from] item: Leftovers\n|upkeep\n|turn|26\n|\n|t:|1647454215\n|move|p2a: Dragapult|Shadow Ball|p1a: Swampert\n|-damage|p1a: Swampert|20\/100\n|move|p1a: Swampert|Earthquake|p2a: Dragapult\n|-damage|p2a: Dragapult|0 fnt\n|faint|p2a: Dragapult\n|\n|-heal|p1a: Swampert|26\/100|[from] item: Leftovers\n|upkeep\n|\n|t:|1647454223\n|switch|p2a: Tapu Fini|Tapu Fini|52\/100\n|-damage|p2a: Tapu Fini|39\/100|[from] Stealth Rock\n|-fieldstart|move: Misty Terrain|[from] ability: Misty Surge|[of] p2a: Tapu Fini\n|turn|27\n|\n|t:|1647454226\n|move|p2a: Tapu Fini|Calm Mind|p2a: Tapu Fini\n|-boost|p2a: Tapu Fini|spa|1\n|-boost|p2a: Tapu Fini|spd|1\n|move|p1a: Swampert|Flip Turn|p2a: Tapu Fini\n|-resisted|p2a: Tapu Fini\n|-crit|p2a: Tapu Fini\n|-damage|p2a: Tapu Fini|29\/100\n|\n|t:|1647454228\n|switch|p1a: Tapu Koko|Tapu Koko|100\/100|[from]move: Flip Turn\n|-fieldstart|move: Electric Terrain|[from] ability: Electric Surge|[of] p1a: Tapu Koko\n|\n|-heal|p2a: Tapu Fini|35\/100|[from] item: Leftovers\n|upkeep\n|turn|28\n|\n|t:|1647454231\n|move|p1a: Tapu Koko|Thunderbolt|p2a: Tapu Fini\n|-supereffective|p2a: Tapu Fini\n|-damage|p2a: Tapu Fini|0 fnt\n|faint|p2a: Tapu Fini\n|\n|win|balenciiaga\n|raw|balenciiaga's rating: 1544 &rarr; <strong>1560<\/strong><br \/>(+16 for winning)\n|raw|stopthreat's rating: 1471 &rarr; <strong>1455<\/strong><br \/>(-16 for losing)\n|l|\u2606stopthreat\n||Ladder isn't responding, score probably updated but might not have (Request timeout).\n","uploadtime":1647454248,"views":36,"p1id":"balenciiaga","p2id":"stopthreat","formatid":"gen8ou","rating":1455,"private":0,"password":null}