{"id":"gen8ou-1508844112","p1":"corumba","p2":"nina rosario","format":"gen8ou","log":"|j|\u2606corumba\n|j|\u2606nina rosario\n|t:|1644593233\n|gametype|singles\n|player|p1|corumba|101|1717\n|player|p2|nina rosario|harlequin|1804\n|teamsize|p1|6\n|teamsize|p2|6\n|gen|8\n|tier|[Gen 8] OU\n|rated|\n|rule|Sleep Clause Mod: Limit one foe put to sleep\n|rule|Species Clause: Limit one of each Pok\u00e9mon\n|rule|OHKO Clause: OHKO moves are banned\n|rule|Evasion Moves Clause: Evasion moves are banned\n|rule|Endless Battle Clause: Forcing endless battles is banned\n|rule|HP Percentage Mod: HP is shown in percentages\n|rule|Dynamax Clause: You cannot dynamax\n|clearpoke\n|poke|p1|Melmetal|\n|poke|p1|Mamoswine, F|\n|poke|p1|Ferrothorn, F|\n|poke|p1|Celesteela|\n|poke|p1|Dragapult, F|\n|poke|p1|Dragonite, F|\n|poke|p2|Pelipper, M|\n|poke|p2|Seismitoad, M|\n|poke|p2|Barraskewda, F|\n|poke|p2|Ferrothorn, M|\n|poke|p2|Urshifu-*, M|\n|poke|p2|Zapdos|\n|teampreview\n|inactive|Battle timer is ON: inactive players will automatically lose when time's up. (requested by nina rosario)\n|\n|t:|1644593249\n|start\n|switch|p1a: Ferrothorn|Ferrothorn, F|100\/100\n|switch|p2a: Ferrothorn|Ferrothorn, M|100\/100\n|turn|1\n|\n|t:|1644593253\n|move|p2a: Ferrothorn|Body Press|p1a: Ferrothorn\n|-supereffective|p1a: Ferrothorn\n|-damage|p1a: Ferrothorn|66\/100\n|-damage|p2a: Ferrothorn|88\/100|[from] ability: Iron Barbs|[of] p1a: Ferrothorn\n|move|p1a: Ferrothorn|Thunder Wave|p2a: Ferrothorn\n|-status|p2a: Ferrothorn|par\n|\n|-heal|p1a: Ferrothorn|72\/100|[from] item: Leftovers\n|upkeep\n|turn|2\n|\n|t:|1644593260\n|move|p1a: Ferrothorn|Spikes|p2a: Ferrothorn\n|-sidestart|p2: nina rosario|Spikes\n|cant|p2a: Ferrothorn|par\n|\n|-heal|p1a: Ferrothorn|78\/100|[from] item: Leftovers\n|upkeep\n|turn|3\n|\n|t:|1644593265\n|move|p1a: Ferrothorn|Spikes|p2a: Ferrothorn\n|-sidestart|p2: nina rosario|Spikes\n|move|p2a: Ferrothorn|Knock Off|p1a: Ferrothorn\n|-damage|p1a: Ferrothorn|61\/100\n|-damage|p2a: Ferrothorn|75\/100 par|[from] ability: Iron Barbs|[of] p1a: Ferrothorn\n|-enditem|p1a: Ferrothorn|Leftovers|[from] move: Knock Off|[of] p2a: Ferrothorn\n|\n|upkeep\n|turn|4\n|\n|t:|1644593274\n|switch|p2a: Zapdos|Zapdos|100\/100\n|move|p1a: Ferrothorn|Spikes|p2a: Zapdos\n|-sidestart|p2: nina rosario|Spikes\n|\n|upkeep\n|turn|5\n|\n|t:|1644593278\n|move|p2a: Zapdos|Defog|p1a: Ferrothorn\n|-unboost|p1a: Ferrothorn|evasion|1\n|-sideend|p2: nina rosario|Spikes|[from] move: Defog|[of] p2a: Zapdos\n|move|p1a: Ferrothorn|Leech Seed|p2a: Zapdos\n|-start|p2a: Zapdos|move: Leech Seed\n|\n|-damage|p2a: Zapdos|88\/100|[from] Leech Seed|[of] p1a: Ferrothorn\n|-heal|p1a: Ferrothorn|75\/100|[silent]\n|upkeep\n|turn|6\n|\n|t:|1644593283\n|switch|p2a: Urshifu|Urshifu-Rapid-Strike, M|100\/100\n|move|p1a: Ferrothorn|Spikes|p2a: Urshifu\n|-sidestart|p2: nina rosario|Spikes\n|\n|upkeep\n|turn|7\n|j| UYFGYCFGVXCFGVCGV\n|\n|t:|1644593293\n|switch|p1a: Dragapult|Dragapult, F|100\/100\n|move|p2a: Urshifu|Ice Punch|p1a: Dragapult\n|-supereffective|p1a: Dragapult\n|-damage|p1a: Dragapult|0 fnt\n|faint|p1a: Dragapult\n|-damage|p2a: Urshifu|91\/100|[from] item: Life Orb\n|\n|upkeep\n|\n|t:|1644593307\n|switch|p1a: Celesteela|Celesteela|100\/100\n|turn|8\n|\n|t:|1644593313\n|move|p2a: Urshifu|Thunder Punch|p1a: Celesteela\n|-supereffective|p1a: Celesteela\n|-damage|p1a: Celesteela|26\/100\n|-damage|p2a: Urshifu|81\/100|[from] item: Life Orb\n|move|p1a: Celesteela|Meteor Beam||[still]\n|-prepare|p1a: Celesteela|Meteor Beam\n|-boost|p1a: Celesteela|spa|1\n|-enditem|p1a: Celesteela|Power Herb\n|-anim|p1a: Celesteela|Meteor Beam|p2a: Urshifu\n|-resisted|p2a: Urshifu\n|-damage|p2a: Urshifu|32\/100\n|\n|upkeep\n|turn|9\n|\n|t:|1644593321\n|move|p2a: Urshifu|Close Combat|p1a: Celesteela\n|-crit|p1a: Celesteela\n|-damage|p1a: Celesteela|0 fnt\n|-unboost|p2a: Urshifu|def|1\n|-unboost|p2a: Urshifu|spd|1\n|faint|p1a: Celesteela\n|-damage|p2a: Urshifu|22\/100|[from] item: Life Orb\n|\n|upkeep\n|-message|corumba forfeited.\n|\n|win|nina rosario\n|raw|corumba's rating: 1717 &rarr; <strong>1702<\/strong><br \/>(-15 for losing)\n|raw|nina rosario's rating: 1804 &rarr; <strong>1819<\/strong><br \/>(+15 for winning)\n|l|\u2606corumba\n|n| deathby100cucks|ninarosario\n||Ladder isn't responding, score probably updated but might not have (Request timeout).\n","uploadtime":1644593336,"views":75,"p1id":"corumba","p2id":"ninarosario","formatid":"gen8ou","rating":1702,"private":0,"password":null}