{"id":"gen8ou-1200371475","p1":"Fusien","p2":"Commando 55","format":"gen8ou","log":"|j|\u2606Fusien\n|j|\u2606Commando 55\n|t:|1602237386\n|player|p1|Fusien|roxie|1856\n|player|p2|Commando 55|iris-gen5bw2|1704\n|teamsize|p1|6\n|teamsize|p2|6\n|gametype|singles\n|gen|8\n|tier|[Gen 8] OU\n|rated|\n|clearpoke\n|poke|p1|Urshifu-*, M|\n|poke|p1|Rillaboom, M|\n|poke|p1|Magnezone|\n|poke|p1|Chansey, F|\n|poke|p1|Weezing-Galar, M|\n|poke|p1|Hydreigon, F|\n|poke|p2|Mew|\n|poke|p2|Clefable, M|\n|poke|p2|Kyurem|\n|poke|p2|Urshifu-*, M|\n|poke|p2|Mandibuzz, F|\n|poke|p2|Blissey, F|\n|rule|Sleep Clause Mod: Limit one foe put to sleep\n|rule|Species Clause: Limit one of each Pok\u00e9mon\n|rule|OHKO Clause: OHKO moves are banned\n|rule|Evasion Moves Clause: Evasion moves are banned\n|rule|Endless Battle Clause: Forcing endless battles is banned\n|rule|HP Percentage Mod: HP is shown in percentages\n|rule|Dynamax Clause: You cannot dynamax\n|teampreview\n|inactive|Battle timer is ON: inactive players will automatically lose when time's up. (requested by Commando 55)\n|j| tungulus\n|inactive|Fusien has 120 seconds left.\n|inactive|Fusien has 90 seconds left.\n|c|\u2606Fusien|Glhf\n|\n|t:|1602237476\n|start\n|switch|p1a: Detective Gumshoe|Magnezone|100\/100\n|switch|p2a: Mew|Mew, shiny|100\/100\n|turn|1\n|c|\u2606Commando 55|U2\n|j| pichol\n|\n|t:|1602237495\n|switch|p2a: Blissey|Blissey, F|100\/100\n|move|p1a: Detective Gumshoe|Discharge|p2a: Blissey\n|-damage|p2a: Blissey|68\/100\n|-status|p2a: Blissey|par\n|\n|upkeep\n|turn|2\n|\n|t:|1602237508\n|switch|p1a: Miles Edgeworth|Urshifu, M|100\/100\n|cant|p2a: Blissey|par\n|\n|upkeep\n|turn|3\n|c|\u2606Fusien|Mb\n|\n|t:|1602237514\n|switch|p2a: Clefable|Clefable, M|100\/100\n|move|p1a: Miles Edgeworth|U-turn|p2a: Clefable\n|-resisted|p2a: Clefable\n|-damage|p2a: Clefable|85\/100\n|\n|t:|1602237517\n|switch|p1a: Detective Gumshoe|Magnezone|100\/100|[from]move: U-turn\n|\n|-heal|p2a: Clefable|91\/100|[from] item: Leftovers\n|upkeep\n|turn|4\n|j| Cross2k\n|\n|t:|1602237521\n|move|p2a: Clefable|Protect|p2a: Clefable\n|-singleturn|p2a: Clefable|Protect\n|move|p1a: Detective Gumshoe|Volt Switch|p2a: Clefable\n|-activate|p2a: Clefable|move: Protect\n|\n|-heal|p2a: Clefable|97\/100|[from] item: Leftovers\n|upkeep\n|turn|5\n|inactive|Fusien has 120 seconds left.\n|\n|t:|1602237563\n|move|p1a: Detective Gumshoe|Volt Switch|p2a: Clefable\n|-crit|p2a: Clefable\n|-damage|p2a: Clefable|14\/100\n|\n|t:|1602237566\n|switch|p1a: Mia Fey|Chansey, F|100\/100|[from]move: Volt Switch\n|move|p2a: Clefable|Wish|p2a: Clefable\n|\n|-heal|p2a: Clefable|20\/100|[from] item: Leftovers\n|upkeep\n|turn|6\n|\n|t:|1602237570\n|move|p2a: Clefable|Protect|p2a: Clefable\n|-singleturn|p2a: Clefable|Protect\n|move|p1a: Mia Fey|Stealth Rock|p2a: Clefable\n|-sidestart|p2: Commando 55|move: Stealth Rock\n|\n|-heal|p2a: Clefable|70\/100|[from] move: Wish|[wisher] Clefable\n|-heal|p2a: Clefable|76\/100|[from] item: Leftovers\n|upkeep\n|turn|7\n|\n|t:|1602237572\n|move|p2a: Clefable|Wish|p2a: Clefable\n|move|p1a: Mia Fey|Teleport|p1a: Mia Fey\n|j| Brandon2321\n|\n|t:|1602237574\n|switch|p1a: Detective Gumshoe|Magnezone|100\/100|[from]move: Teleport\n|\n|-heal|p2a: Clefable|82\/100|[from] item: Leftovers\n|upkeep\n|turn|8\n|\n|t:|1602237583\n|move|p2a: Clefable|Protect|p2a: Clefable\n|-singleturn|p2a: Clefable|Protect\n|move|p1a: Detective Gumshoe|Volt Switch|p2a: Clefable\n|-activate|p2a: Clefable|move: Protect\n|\n|-heal|p2a: Clefable|100\/100|[from] move: Wish|[wisher] Clefable\n|upkeep\n|turn|9\n|\n|t:|1602237587\n|move|p1a: Detective Gumshoe|Volt Switch|p2a: Clefable\n|-damage|p2a: Clefable|43\/100\n|\n|t:|1602237590\n|switch|p1a: Mia Fey|Chansey, F|100\/100|[from]move: Volt Switch\n|move|p2a: Clefable|Wish|p2a: Clefable\n|\n|-heal|p2a: Clefable|49\/100|[from] item: Leftovers\n|upkeep\n|turn|10\n|\n|t:|1602237594\n|move|p2a: Clefable|Moonblast|p1a: Mia Fey\n|-damage|p1a: Mia Fey|91\/100\n|move|p1a: Mia Fey|Teleport|p1a: Mia Fey\n|\n|t:|1602237595\n|switch|p1a: Detective Gumshoe|Magnezone|100\/100|[from]move: Teleport\n|\n|-heal|p2a: Clefable|99\/100|[from] move: Wish|[wisher] Clefable\n|-heal|p2a: Clefable|100\/100|[from] item: Leftovers\n|upkeep\n|turn|11\n|\n|t:|1602237598\n|move|p2a: Clefable|Protect|p2a: Clefable\n|-singleturn|p2a: Clefable|Protect\n|move|p1a: Detective Gumshoe|Volt Switch|p2a: Clefable\n|-activate|p2a: Clefable|move: Protect\n|\n|upkeep\n|turn|12\n|\n|t:|1602237610\n|move|p1a: Detective Gumshoe|Volt Switch|p2a: Clefable\n|-damage|p2a: Clefable|45\/100\n|\n|t:|1602237614\n|switch|p1a: Miles Edgeworth|Urshifu, M|100\/100|[from]move: Volt Switch\n|move|p2a: Clefable|Wish|p2a: Clefable\n|\n|-heal|p2a: Clefable|52\/100|[from] item: Leftovers\n|upkeep\n|turn|13\n|\n|t:|1602237629\n|switch|p2a: Kyurem|Kyurem|100\/100\n|-damage|p2a: Kyurem|76\/100|[from] Stealth Rock\n|-ability|p2a: Kyurem|Pressure\n|move|p1a: Miles Edgeworth|U-turn|p2a: Kyurem\n|-damage|p2a: Kyurem|39\/100\n|\n|t:|1602237632\n|switch|p1a: Maya Fey|Hydreigon, F|100\/100|[from]move: U-turn\n|\n|-heal|p2a: Kyurem|89\/100|[from] move: Wish|[wisher] Clefable\n|upkeep\n|turn|14\n|\n|t:|1602237639\n|switch|p2a: Blissey|Blissey, F|68\/100\n|move|p1a: Maya Fey|U-turn|p2a: Blissey\n|-damage|p2a: Blissey|54\/100\n|\n|t:|1602237642\n|switch|p1a: Miles Edgeworth|Urshifu, M|100\/100|[from]move: U-turn\n|\n|upkeep\n|turn|15\n|\n|t:|1602237648\n|switch|p2a: Mandibuzz|Mandibuzz, F|100\/100\n|move|p1a: Miles Edgeworth|U-turn|p2a: Mandibuzz\n|-damage|p2a: Mandibuzz|76\/100\n|\n|t:|1602237650\n|switch|p1a: Detective Gumshoe|Magnezone|100\/100|[from]move: U-turn\n|\n|upkeep\n|turn|16\n|\n|t:|1602237654\n|switch|p2a: Blissey|Blissey, F|54\/100\n|move|p1a: Detective Gumshoe|Volt Switch|p2a: Blissey\n|-crit|p2a: Blissey\n|-damage|p2a: Blissey|11\/100\n|\n|t:|1602237656\n|switch|p1a: Miles Edgeworth|Urshifu, M|100\/100|[from]move: Volt Switch\n|\n|upkeep\n|turn|17\n|\n|t:|1602237664\n|move|p1a: Miles Edgeworth|U-turn|p2a: Blissey\n|-damage|p2a: Blissey|0 fnt\n|faint|p2a: Blissey\n|\n|t:|1602237666\n|switch|p1a: Detective Gumshoe|Magnezone|100\/100|[from]move: U-turn\n|\n|upkeep\n|\n|t:|1602237671\n|switch|p2a: Urshifu|Urshifu-Rapid-Strike, M|100\/100\n|-damage|p2a: Urshifu|94\/100|[from] Stealth Rock\n|turn|18\n|\n|t:|1602237678\n|switch|p1a: Phoenix Wright|Weezing-Galar, M|100\/100\n|-ability|p1a: Phoenix Wright|Neutralizing Gas\n|move|p2a: Urshifu|U-turn|p1a: Phoenix Wright\n|-resisted|p1a: Phoenix Wright\n|-damage|p1a: Phoenix Wright|96\/100\n|\n|t:|1602237681\n|switch|p2a: Mew|Mew, shiny|100\/100|[from]move: U-turn\n|-damage|p2a: Mew|88\/100|[from] Stealth Rock\n|\n|-heal|p1a: Phoenix Wright|100\/100|[from] item: Black Sludge\n|upkeep\n|turn|19\n|j| Tu Haxx = Enfer\n|\n|t:|1602237685\n|move|p2a: Mew|Swords Dance|p2a: Mew\n|-boost|p2a: Mew|atk|2\n|move|p1a: Phoenix Wright|Taunt|p2a: Mew\n|-start|p2a: Mew|move: Taunt\n|\n|upkeep\n|turn|20\n|\n|t:|1602237689\n|switch|p1a: Maya Fey|Hydreigon, F|100\/100\n|move|p2a: Mew|Psychic Fangs|p1a: Maya Fey\n|-immune|p1a: Maya Fey\n|\n|upkeep\n|turn|21\n|inactive|Commando 55 has 120 seconds left.\n|j| meatybawls\n|inactive|Commando 55 has 90 seconds left.\n|\n|t:|1602237754\n|move|p1a: Maya Fey|U-turn|p2a: Mew\n|-supereffective|p2a: Mew\n|-damage|p2a: Mew|55\/100\n|\n|t:|1602237756\n|switch|p1a: Phoenix Wright|Weezing-Galar, M|100\/100|[from]move: U-turn\n|-ability|p1a: Phoenix Wright|Neutralizing Gas\n|move|p2a: Mew|Triple Axel|p1a: Phoenix Wright\n|-crit|p1a: Phoenix Wright\n|-damage|p1a: Phoenix Wright|86\/100\n|-damage|p1a: Phoenix Wright|65\/100\n|-damage|p1a: Phoenix Wright|34\/100\n|-hitcount|p1a: Phoenix Wright|3\n|-damage|p2a: Mew|45\/100|[from] item: Life Orb\n|\n|-heal|p1a: Phoenix Wright|40\/100|[from] item: Black Sludge\n|upkeep\n|turn|22\n|\n|t:|1602237760\n|move|p2a: Mew|Triple Axel|p1a: Phoenix Wright\n|-damage|p1a: Phoenix Wright|29\/100\n|-damage|p1a: Phoenix Wright|8\/100\n|-damage|p1a: Phoenix Wright|0 fnt\n|-hitcount|p1a: Phoenix Wright|3\n|-damage|p2a: Mew|35\/100|[from] item: Life Orb\n|faint|p1a: Phoenix Wright\n|\n|-end|p2a: Mew|move: Taunt\n|upkeep\n|\n|t:|1602237773\n|switch|p1a: Maya Fey|Hydreigon, F|100\/100\n|turn|23\n|\n|t:|1602237777\n|move|p1a: Maya Fey|U-turn|p2a: Mew\n|-supereffective|p2a: Mew\n|-damage|p2a: Mew|3\/100\n|\n|t:|1602237781\n|switch|p1a: Mia Fey|Chansey, F|91\/100|[from]move: U-turn\n|move|p2a: Mew|Psychic Fangs|p1a: Mia Fey\n|-damage|p1a: Mia Fey|34\/100\n|-damage|p2a: Mew|0 fnt|[from] item: Life Orb\n|faint|p2a: Mew\n|\n|upkeep\n|inactive|Commando 55 has 120 seconds left.\n|\n|t:|1602237786\n|switch|p2a: Urshifu|Urshifu-Rapid-Strike, M|94\/100\n|-damage|p2a: Urshifu|88\/100|[from] Stealth Rock\n|turn|24\n|\n|t:|1602237792\n|move|p2a: Urshifu|Close Combat|p1a: Mia Fey\n|-supereffective|p1a: Mia Fey\n|-damage|p1a: Mia Fey|0 fnt\n|-unboost|p2a: Urshifu|def|1\n|-unboost|p2a: Urshifu|spd|1\n|faint|p1a: Mia Fey\n|\n|upkeep\n|\n|t:|1602237797\n|switch|p1a: Maya Fey|Hydreigon, F|100\/100\n|turn|25\n|\n|t:|1602237807\n|switch|p2a: Clefable|Clefable, M|52\/100\n|move|p1a: Maya Fey|U-turn|p2a: Clefable\n|-resisted|p2a: Clefable\n|-damage|p2a: Clefable|46\/100\n|\n|t:|1602237810\n|switch|p1a: Detective Gumshoe|Magnezone|100\/100|[from]move: U-turn\n|\n|-heal|p2a: Clefable|52\/100|[from] item: Leftovers\n|upkeep\n|turn|26\n|\n|t:|1602237815\n|move|p2a: Clefable|Protect|p2a: Clefable\n|-singleturn|p2a: Clefable|Protect\n|move|p1a: Detective Gumshoe|Flash Cannon|p2a: Clefable\n|-activate|p2a: Clefable|move: Protect\n|\n|-heal|p2a: Clefable|58\/100|[from] item: Leftovers\n|upkeep\n|turn|27\n|\n|t:|1602237845\n|switch|p1a: Judge|Rillaboom, M|100\/100\n|-fieldstart|move: Grassy Terrain|[from] ability: Grassy Surge|[of] p1a: Judge\n|move|p2a: Clefable|Teleport|p2a: Clefable\n|\n|t:|1602237851\n|switch|p2a: Kyurem|Kyurem|89\/100|[from]move: Teleport\n|-damage|p2a: Kyurem|64\/100|[from] Stealth Rock\n|-ability|p2a: Kyurem|Pressure\n|\n|-heal|p2a: Kyurem|70\/100|[from] Grassy Terrain\n|upkeep\n|turn|28\n|\n|t:|1602237854\n|switch|p1a: Detective Gumshoe|Magnezone|100\/100\n|move|p2a: Kyurem|Ice Beam|p1a: Detective Gumshoe\n|-resisted|p1a: Detective Gumshoe\n|-damage|p1a: Detective Gumshoe|45\/100\n|\n|-heal|p2a: Kyurem|76\/100|[from] Grassy Terrain\n|-heal|p1a: Detective Gumshoe|51\/100|[from] Grassy Terrain\n|upkeep\n|turn|29\n|\n|t:|1602237859\n|move|p2a: Kyurem|Ice Beam|p1a: Detective Gumshoe\n|-resisted|p1a: Detective Gumshoe\n|-damage|p1a: Detective Gumshoe|4\/100\n|move|p1a: Detective Gumshoe|Volt Switch|p2a: Kyurem\n|-resisted|p2a: Kyurem\n|-damage|p2a: Kyurem|37\/100\n|\n|t:|1602237864\n|switch|p1a: Maya Fey|Hydreigon, F|100\/100|[from]move: Volt Switch\n|\n|-heal|p2a: Kyurem|43\/100|[from] Grassy Terrain\n|upkeep\n|turn|30\n|\n|t:|1602237869\n|switch|p2a: Clefable|Clefable, M|58\/100\n|move|p1a: Maya Fey|U-turn|p2a: Clefable\n|-resisted|p2a: Clefable\n|-damage|p2a: Clefable|53\/100\n|\n|t:|1602237870\n|switch|p1a: Detective Gumshoe|Magnezone|4\/100|[from]move: U-turn\n|\n|-heal|p1a: Detective Gumshoe|10\/100|[from] Grassy Terrain\n|-heal|p2a: Clefable|59\/100|[from] item: Leftovers\n|-heal|p2a: Clefable|65\/100|[from] Grassy Terrain\n|upkeep\n|turn|31\n|\n|t:|1602237874\n|move|p2a: Clefable|Protect|p2a: Clefable\n|-singleturn|p2a: Clefable|Protect\n|move|p1a: Detective Gumshoe|Volt Switch|p2a: Clefable\n|-activate|p2a: Clefable|move: Protect\n|\n|-heal|p1a: Detective Gumshoe|16\/100|[from] Grassy Terrain\n|-heal|p2a: Clefable|71\/100|[from] item: Leftovers\n|-heal|p2a: Clefable|77\/100|[from] Grassy Terrain\n|-fieldend|move: Grassy Terrain\n|upkeep\n|turn|32\n|l| Brandon2321\n|\n|t:|1602237881\n|move|p1a: Detective Gumshoe|Volt Switch|p2a: Clefable\n|-damage|p2a: Clefable|22\/100\n|\n|t:|1602237883\n|switch|p1a: Miles Edgeworth|Urshifu, M|100\/100|[from]move: Volt Switch\n|move|p2a: Clefable|Moonblast|p1a: Miles Edgeworth\n|-supereffective|p1a: Miles Edgeworth\n|-damage|p1a: Miles Edgeworth|0 fnt\n|faint|p1a: Miles Edgeworth\n|\n|-heal|p2a: Clefable|28\/100|[from] item: Leftovers\n|upkeep\n|\n|t:|1602237886\n|switch|p1a: Detective Gumshoe|Magnezone|16\/100\n|turn|33\n|\n|t:|1602237890\n|move|p1a: Detective Gumshoe|Volt Switch|p2a: Clefable\n|-damage|p2a: Clefable|0 fnt\n|faint|p2a: Clefable\n|\n|t:|1602237892\n|switch|p1a: Judge|Rillaboom, M|100\/100|[from]move: Volt Switch\n|-fieldstart|move: Grassy Terrain|[from] ability: Grassy Surge|[of] p1a: Judge\n|\n|upkeep\n|\n|t:|1602237896\n|switch|p2a: Mandibuzz|Mandibuzz, F|76\/100\n|turn|34\n|\n|t:|1602237901\n|move|p1a: Judge|Wood Hammer|p2a: Mandibuzz\n|-resisted|p2a: Mandibuzz\n|-damage|p2a: Mandibuzz|40\/100\n|-damage|p1a: Judge|86\/100|[from] Recoil\n|move|p2a: Mandibuzz|Foul Play|p1a: Judge\n|-damage|p1a: Judge|32\/100\n|\n|-heal|p1a: Judge|39\/100|[from] Grassy Terrain\n|upkeep\n|turn|35\n|\n|t:|1602237911\n|switch|p1a: Detective Gumshoe|Magnezone|16\/100\n|move|p2a: Mandibuzz|Foul Play|p1a: Detective Gumshoe\n|-damage|p1a: Detective Gumshoe|0 fnt\n|faint|p1a: Detective Gumshoe\n|\n|upkeep\n|\n|t:|1602237917\n|switch|p1a: Maya Fey|Hydreigon, F|100\/100\n|turn|36\n|\n|t:|1602237933\n|move|p1a: Maya Fey|U-turn|p2a: Mandibuzz\n|-damage|p2a: Mandibuzz|32\/100\n|\n|t:|1602237935\n|switch|p1a: Judge|Rillaboom, M|39\/100|[from]move: U-turn\n|move|p2a: Mandibuzz|U-turn|p1a: Judge\n|-supereffective|p1a: Judge\n|-damage|p1a: Judge|12\/100\n|\n|t:|1602237941\n|switch|p2a: Kyurem|Kyurem|43\/100|[from]move: U-turn\n|-damage|p2a: Kyurem|18\/100|[from] Stealth Rock\n|-ability|p2a: Kyurem|Pressure\n|\n|-heal|p2a: Kyurem|24\/100|[from] Grassy Terrain\n|-heal|p1a: Judge|18\/100|[from] Grassy Terrain\n|upkeep\n|turn|37\n|\n|t:|1602237947\n|move|p1a: Judge|Grassy Glide|p2a: Kyurem\n|-resisted|p2a: Kyurem\n|-damage|p2a: Kyurem|0 fnt\n|faint|p2a: Kyurem\n|\n|-heal|p1a: Judge|25\/100|[from] Grassy Terrain\n|-fieldend|move: Grassy Terrain\n|upkeep\n|\n|t:|1602237950\n|switch|p2a: Mandibuzz|Mandibuzz, F|32\/100\n|turn|38\n|\n|t:|1602237953\n|switch|p1a: Maya Fey|Hydreigon, F|100\/100\n|move|p2a: Mandibuzz|Roost|p2a: Mandibuzz\n|-heal|p2a: Mandibuzz|82\/100\n|-singleturn|p2a: Mandibuzz|move: Roost\n|\n|upkeep\n|turn|39\n|\n|t:|1602237959\n|move|p1a: Maya Fey|Draco Meteor|p2a: Mandibuzz\n|-damage|p2a: Mandibuzz|28\/100\n|-unboost|p1a: Maya Fey|spa|2\n|move|p2a: Mandibuzz|Roost|p2a: Mandibuzz\n|-heal|p2a: Mandibuzz|78\/100\n|-singleturn|p2a: Mandibuzz|move: Roost\n|\n|upkeep\n|turn|40\n|\n|t:|1602237963\n|move|p1a: Maya Fey|Draco Meteor|p2a: Mandibuzz\n|-damage|p2a: Mandibuzz|51\/100\n|-unboost|p1a: Maya Fey|spa|2\n|move|p2a: Mandibuzz|Foul Play|p1a: Maya Fey\n|-resisted|p1a: Maya Fey\n|-damage|p1a: Maya Fey|83\/100\n|\n|upkeep\n|turn|41\n|\n|t:|1602237966\n|move|p1a: Maya Fey|Draco Meteor|p2a: Mandibuzz\n|-damage|p2a: Mandibuzz|31\/100\n|-unboost|p1a: Maya Fey|spa|2\n|move|p2a: Mandibuzz|Roost|p2a: Mandibuzz\n|-heal|p2a: Mandibuzz|82\/100\n|-singleturn|p2a: Mandibuzz|move: Roost\n|\n|upkeep\n|turn|42\n|\n|t:|1602237968\n|switch|p1a: Judge|Rillaboom, M|25\/100\n|-fieldstart|move: Grassy Terrain|[from] ability: Grassy Surge|[of] p1a: Judge\n|move|p2a: Mandibuzz|Foul Play|p1a: Judge\n|-damage|p1a: Judge|0 fnt\n|faint|p1a: Judge\n|\n|upkeep\n|\n|t:|1602237969\n|switch|p1a: Maya Fey|Hydreigon, F|83\/100\n|turn|43\n|c|\u2606Fusien|Gg\n|-message|Fusien forfeited.\n|\n|win|Commando 55\n|l|\u2606Fusien\n|c|\u2606Commando 55|Gg\n|raw|Fusien's rating: 1856 &rarr; <strong>1828<\/strong><br \/>(-28 for losing)\n|raw|Commando 55's rating: 1704 &rarr; <strong>1733<\/strong><br \/>(+29 for winning)\n|l| tungulus\n","uploadtime":1602238013,"views":116,"p1id":"fusien","p2id":"commando55","formatid":"gen8ou","rating":1733,"private":0,"password":null}