{"id":"gen8ou-1364450057","p1":"Mimikyu Stardust","p2":"roboPOKE","format":"gen8ou","log":"|j|\u2606Mimikyu Stardust\n|j|\u2606roboPOKE\n|t:|1624538699\n|gametype|singles\n|player|p1|Mimikyu Stardust|lillie-z|1666\n|player|p2|roboPOKE|265|1764\n|teamsize|p1|6\n|teamsize|p2|6\n|gen|8\n|tier|[Gen 8] OU\n|rated|\n|rule|Sleep Clause Mod: Limit one foe put to sleep\n|rule|Species Clause: Limit one of each Pok\u00e9mon\n|rule|OHKO Clause: OHKO moves are banned\n|rule|Evasion Moves Clause: Evasion moves are banned\n|rule|Endless Battle Clause: Forcing endless battles is banned\n|rule|HP Percentage Mod: HP is shown in percentages\n|rule|Dynamax Clause: You cannot dynamax\n|clearpoke\n|poke|p1|Raboot, M|\n|poke|p1|Polteageist-Antique|\n|poke|p1|Garchomp, F|\n|poke|p1|Mandibuzz, F|\n|poke|p1|Tapu Lele|\n|poke|p1|Magnezone|\n|poke|p2|Corviknight, M|\n|poke|p2|Sandaconda, F|\n|poke|p2|Slowking, M|\n|poke|p2|Tapu Koko|\n|poke|p2|Hawlucha, F|\n|poke|p2|Buzzwole|\n|teampreview\n|\n|t:|1624538708\n|start\n|switch|p1a: PollenPuffGirl|Tapu Lele|100\/100\n|switch|p2a: Sandaconda|Sandaconda, F|100\/100\n|-fieldstart|move: Psychic Terrain|[from] ability: Psychic Surge|[of] p1a: PollenPuffGirl\n|turn|1\n|inactive|Battle timer is ON: inactive players will automatically lose when time's up. (requested by roboPOKE)\n|c|\u2606roboPOKE|is that a jojo reference?\n|j| Noob2021\n|inactive|Mimikyu Stardust has 120 seconds left.\n|j| Idiotchamp\n|c|\u2606Mimikyu Stardust|no?\n|\n|t:|1624538756\n|move|p1a: PollenPuffGirl|Psychic|p2a: Sandaconda\n|-enditem|p2a: Sandaconda|Focus Sash\n|-damage|p2a: Sandaconda|1\/100\n|-weather|Sandstorm|[from] ability: Sand Spit|[of] p2a: Sandaconda\n|move|p2a: Sandaconda|Glare|p1a: PollenPuffGirl\n|-status|p1a: PollenPuffGirl|par\n|\n|-weather|Sandstorm|[upkeep]\n|-damage|p1a: PollenPuffGirl|94\/100 par|[from] Sandstorm\n|upkeep\n|turn|2\n|c|\u2606Mimikyu Stardust|why do people keep saying that lol\n|inactive|roboPOKE has 120 seconds left.\n|c|\u2606roboPOKE|Stardust Crusaders\n|j| Count Riario\n|\n|t:|1624538811\n|move|p2a: Sandaconda|Stealth Rock|p1a: PollenPuffGirl\n|-sidestart|p1: Mimikyu Stardust|move: Stealth Rock\n|move|p1a: PollenPuffGirl|Psychic|p2a: Sandaconda\n|-damage|p2a: Sandaconda|0 fnt\n|faint|p2a: Sandaconda\n|\n|-weather|Sandstorm|[upkeep]\n|-damage|p1a: PollenPuffGirl|88\/100 par|[from] Sandstorm\n|upkeep\n|\n|t:|1624538824\n|switch|p2a: Slowking|Slowking, M|100\/100\n|turn|3\n|\n|t:|1624538834\n|switch|p1a: Mori Calliope|Mandibuzz, F|100\/100\n|move|p2a: Slowking|Teleport|p2a: Slowking\n|\n|t:|1624538839\n|switch|p2a: Tapu Koko|Tapu Koko|100\/100|[from]move: Teleport\n|-fieldstart|move: Electric Terrain|[from] ability: Electric Surge|[of] p2a: Tapu Koko\n|\n|-weather|Sandstorm|[upkeep]\n|-damage|p2a: Tapu Koko|94\/100|[from] Sandstorm\n|upkeep\n|turn|4\n|\n|t:|1624538843\n|move|p2a: Tapu Koko|Thunderbolt|p1a: Mori Calliope\n|-supereffective|p1a: Mori Calliope\n|-damage|p1a: Mori Calliope|24\/100\n|move|p1a: Mori Calliope|Defog|p2a: Tapu Koko\n|-unboost|p2a: Tapu Koko|evasion|1\n|-sideend|p1: Mimikyu Stardust|Stealth Rock|[from] move: Defog|[of] p1a: Mori Calliope\n|-fieldend|move: Electric Terrain\n|\n|-weather|Sandstorm|[upkeep]\n|-damage|p2a: Tapu Koko|88\/100|[from] Sandstorm\n|upkeep\n|turn|5\n|\n|t:|1624538847\n|switch|p1a: Blue Eyes White|Magnezone, shiny|100\/100\n|move|p2a: Tapu Koko|Dazzling Gleam|p1a: Blue Eyes White\n|-resisted|p1a: Blue Eyes White\n|-damage|p1a: Blue Eyes White|81\/100\n|\n|-weather|none\n|upkeep\n|turn|6\n|\n|t:|1624538853\n|move|p2a: Tapu Koko|Thunderbolt|p1a: Blue Eyes White\n|-resisted|p1a: Blue Eyes White\n|-damage|p1a: Blue Eyes White|61\/100\n|move|p1a: Blue Eyes White|Flash Cannon|p2a: Tapu Koko\n|-damage|p2a: Tapu Koko|22\/100\n|\n|upkeep\n|turn|7\n|\n|t:|1624538861\n|move|p2a: Tapu Koko|Roost|p2a: Tapu Koko\n|-heal|p2a: Tapu Koko|72\/100\n|-singleturn|p2a: Tapu Koko|move: Roost\n|move|p1a: Blue Eyes White|Flash Cannon|p2a: Tapu Koko\n|-damage|p2a: Tapu Koko|3\/100\n|\n|upkeep\n|turn|8\n|\n|t:|1624538865\n|switch|p2a: Slowking|Slowking, M|100\/100\n|move|p1a: Blue Eyes White|Flash Cannon|p2a: Slowking\n|-resisted|p2a: Slowking\n|-damage|p2a: Slowking|87\/100\n|\n|upkeep\n|turn|9\n|\n|t:|1624538868\n|move|p1a: Blue Eyes White|Substitute|p1a: Blue Eyes White\n|-start|p1a: Blue Eyes White|Substitute\n|-damage|p1a: Blue Eyes White|36\/100\n|move|p2a: Slowking|Teleport|p2a: Slowking\n|\n|t:|1624538875\n|switch|p2a: Tapu Koko|Tapu Koko|3\/100|[from]move: Teleport\n|-fieldstart|move: Electric Terrain|[from] ability: Electric Surge|[of] p2a: Tapu Koko\n|\n|upkeep\n|turn|10\n|\n|t:|1624538883\n|move|p2a: Tapu Koko|Thunderbolt|p1a: Blue Eyes White\n|-resisted|p1a: Blue Eyes White\n|-end|p1a: Blue Eyes White|Substitute\n|move|p1a: Blue Eyes White|Flash Cannon|p2a: Tapu Koko\n|-damage|p2a: Tapu Koko|0 fnt\n|faint|p2a: Tapu Koko\n|\n|upkeep\n|\n|t:|1624538897\n|switch|p2a: Hawlucha|Hawlucha, F|100\/100\n|-enditem|p2a: Hawlucha|Electric Seed\n|-boost|p2a: Hawlucha|def|1|[from] item: Electric Seed\n|turn|11\n|\n|t:|1624538901\n|move|p2a: Hawlucha|Close Combat|p1a: Blue Eyes White\n|-supereffective|p1a: Blue Eyes White\n|-damage|p1a: Blue Eyes White|0 fnt\n|-unboost|p2a: Hawlucha|def|1\n|-unboost|p2a: Hawlucha|spd|1\n|faint|p1a: Blue Eyes White\n|\n|upkeep\n|\n|t:|1624538905\n|switch|p1a: Genie|Polteageist-Antique|100\/100\n|turn|12\n|j| Nathanic\n|\n|t:|1624538908\n|move|p2a: Hawlucha|Stone Edge|p1a: Genie\n|-damage|p1a: Genie|41\/100\n|-ability|p1a: Genie|Weak Armor|boost\n|-unboost|p1a: Genie|def|1\n|-boost|p1a: Genie|spe|2\n|move|p1a: Genie|Shell Smash|p1a: Genie\n|-unboost|p1a: Genie|def|1\n|-unboost|p1a: Genie|spd|1\n|-boost|p1a: Genie|atk|2\n|-boost|p1a: Genie|spa|2\n|-boost|p1a: Genie|spe|2\n|\n|upkeep\n|turn|13\n|c|\u2606roboPOKE|oh tat also counts?\n|c|\u2606roboPOKE|thought only contact moves\n|c|\u2606Mimikyu Stardust|!dt weak armor\n|raw|<ul class=\"utilichart\"><li class=\"result\"><span class=\"col namecol\"><a href=\"https:\/\/dex.pokemonshowdown.com\/abilities\/weakarmor\">Weak Armor<\/a><\/span> <span class=\"col abilitydesccol\">If a physical attack hits this Pokemon, Defense is lowered by 1, Speed is raised by 2.<\/span> <\/li><li style=\"clear:both\"><\/li><\/ul>\n|raw|<font size=\"1\"><font color=\"#686868\">Gen:<\/font> 5<\/font>\n\n|c|\u2606Mimikyu Stardust|physical\n|\n|t:|1624538935\n|move|p1a: Genie|Shadow Ball|p2a: Hawlucha\n|-damage|p2a: Hawlucha|0 fnt\n|faint|p2a: Hawlucha\n|\n|-fieldend|move: Electric Terrain\n|upkeep\n|\n|t:|1624538938\n|switch|p2a: Slowking|Slowking, M|100\/100\n|turn|14\n|\n|t:|1624538941\n|move|p1a: Genie|Shadow Ball|p2a: Slowking\n|-supereffective|p2a: Slowking\n|-damage|p2a: Slowking|0 fnt\n|faint|p2a: Slowking\n|\n|upkeep\n|c|\u2606roboPOKE|gg\n|-message|roboPOKE forfeited.\n|\n|win|Mimikyu Stardust\n|raw|Mimikyu Stardust's rating: 1666 &rarr; <strong>1691<\/strong><br \/>(+25 for winning)\n|raw|roboPOKE's rating: 1764 &rarr; <strong>1739<\/strong><br \/>(-25 for losing)\n|l|\u2606roboPOKE\n|l| Nathanic\n|l| Noob2021\n","uploadtime":1624538990,"views":195,"p1id":"mimikyustardust","p2id":"robopoke","formatid":"gen8ou","rating":1691,"private":0,"password":null}