{"id":"gen8ou-1691073738","p1":"MadMat_Tattoo","p2":"HQSNonsense","format":"gen8ou","log":"|html|<div class=\"broadcast-blue\"><strong>[Gen 8] OU is currently suspecting Melmetal! For information on how to participate check out the <a href=\"https:\/\/www.smogon.com\/forums\/threads\/np-ss-ou-suspect-process-round-12-monster-mash.3709234\/\">suspect thread<\/a>.<\/strong><\/div>\n|j|\u2606MadMat_Tattoo\n|j|\u2606HQSNonsense\n|t:|1666339671\n|gametype|singles\n|player|p1|MadMat_Tattoo|biker-gen4|1505\n|player|p2|HQSNonsense|veteranf|1516\n|teamsize|p1|6\n|teamsize|p2|6\n|gen|8\n|tier|[Gen 8] OU\n|rated|\n|rule|Sleep Clause Mod: Limit one foe put to sleep\n|rule|Species Clause: Limit one of each Pok\u00e9mon\n|rule|OHKO Clause: OHKO moves are banned\n|rule|Evasion Items Clause: Evasion items are banned\n|rule|Evasion Moves Clause: Evasion moves are banned\n|rule|Endless Battle Clause: Forcing endless battles is banned\n|rule|HP Percentage Mod: HP is shown in percentages\n|rule|Dynamax Clause: You cannot dynamax\n|clearpoke\n|poke|p1|Hawlucha, M|\n|poke|p1|Garchomp, M|\n|poke|p1|Aegislash, F|\n|poke|p1|Kartana|\n|poke|p1|Weavile, M|\n|poke|p1|Tapu Koko|\n|poke|p2|Scizor, F|\n|poke|p2|Rillaboom, F|\n|poke|p2|Landorus-Therian, M|\n|poke|p2|Urshifu-*, F|\n|poke|p2|Weavile, F|\n|poke|p2|Dragonite, M|\n|teampreview\n|inactive|Battle timer is ON: inactive players will automatically lose when time's up. (requested by HQSNonsense)\n|\n|t:|1666339704\n|start\n|switch|p1a: Garchomp|Garchomp, M|100\/100\n|switch|p2a: Urshifu|Urshifu-Rapid-Strike, F|100\/100\n|turn|1\n|\n|t:|1666339709\n|move|p1a: Garchomp|Swords Dance|p1a: Garchomp\n|-boost|p1a: Garchomp|atk|2\n|move|p2a: Urshifu|Taunt|p1a: Garchomp\n|-start|p1a: Garchomp|move: Taunt\n|\n|upkeep\n|turn|2\n|\n|t:|1666339717\n|move|p1a: Garchomp|Scale Shot|p2a: Urshifu\n|-damage|p2a: Urshifu|76\/100\n|-damage|p2a: Urshifu|48\/100\n|-hitcount|p2a: Urshifu|2\n|-unboost|p1a: Garchomp|def|1\n|-boost|p1a: Garchomp|spe|1\n|move|p2a: Urshifu|Counter|p1a: Garchomp\n|-damage|p1a: Garchomp|48\/100\n|-damage|p2a: Urshifu|36\/100|[from] ability: Rough Skin|[of] p1a: Garchomp\n|-damage|p2a: Urshifu|19\/100|[from] item: Rocky Helmet|[of] p1a: Garchomp\n|\n|upkeep\n|turn|3\n|\n|t:|1666339731\n|move|p1a: Garchomp|Poison Jab|p2a: Urshifu\n|-damage|p2a: Urshifu|0 fnt\n|faint|p2a: Urshifu\n|\n|upkeep\n|\n|t:|1666339736\n|switch|p2a: Weavile|Weavile, F|100\/100\n|-ability|p2a: Weavile|Pressure\n|turn|4\n|\n|t:|1666339742\n|switch|p1a: Kartana|Kartana|100\/100\n|move|p2a: Weavile|Ice Shard|p1a: Kartana\n|-damage|p1a: Kartana|75\/100\n|-damage|p2a: Weavile|91\/100|[from] item: Life Orb\n|\n|upkeep\n|turn|5\n|\n|t:|1666339747\n|move|p1a: Kartana|Knock Off|p2a: Weavile\n|-resisted|p2a: Weavile\n|-damage|p2a: Weavile|46\/100\n|-enditem|p2a: Weavile|Life Orb|[from] move: Knock Off|[of] p1a: Kartana\n|move|p2a: Weavile|Knock Off|p1a: Kartana\n|-damage|p1a: Kartana|22\/100\n|-enditem|p1a: Kartana|Choice Scarf|[from] move: Knock Off|[of] p2a: Weavile\n|\n|upkeep\n|turn|6\n|\n|t:|1666339758\n|move|p2a: Weavile|Knock Off|p1a: Kartana\n|-damage|p1a: Kartana|0 fnt\n|faint|p1a: Kartana\n|\n|upkeep\n|\n|t:|1666339765\n|switch|p1a: Tapu Koko|Tapu Koko|100\/100\n|-fieldstart|move: Electric Terrain|[from] ability: Electric Surge|[of] p1a: Tapu Koko\n|turn|7\n|\n|t:|1666339773\n|move|p1a: Tapu Koko|Dazzling Gleam|p2a: Weavile\n|-supereffective|p2a: Weavile\n|-damage|p2a: Weavile|0 fnt\n|faint|p2a: Weavile\n|\n|upkeep\n|\n|t:|1666339777\n|switch|p2a: Landorus|Landorus-Therian, M|100\/100\n|-ability|p2a: Landorus|Intimidate|boost\n|-unboost|p1a: Tapu Koko|atk|1\n|turn|8\n|\n|t:|1666339780\n|move|p1a: Tapu Koko|Dazzling Gleam|p2a: Landorus\n|-damage|p2a: Landorus|33\/100\n|move|p2a: Landorus|Stealth Rock|p1a: Tapu Koko\n|-sidestart|p1: MadMat_Tattoo|move: Stealth Rock\n|\n|-heal|p2a: Landorus|39\/100|[from] item: Leftovers\n|upkeep\n|turn|9\n|\n|t:|1666339786\n|move|p1a: Tapu Koko|Dazzling Gleam|p2a: Landorus\n|-damage|p2a: Landorus|0 fnt\n|faint|p2a: Landorus\n|\n|upkeep\n|\n|t:|1666339791\n|switch|p2a: Scizor|Scizor, F|100\/100\n|turn|10\n|\n|t:|1666339795\n|switch|p1a: Hawlucha|Hawlucha, M|100\/100\n|-damage|p1a: Hawlucha|88\/100|[from] Stealth Rock\n|-enditem|p1a: Hawlucha|Electric Seed\n|-boost|p1a: Hawlucha|def|1|[from] item: Electric Seed\n|move|p2a: Scizor|Swords Dance|p2a: Scizor\n|-boost|p2a: Scizor|atk|2\n|\n|upkeep\n|turn|11\n|\n|t:|1666339801\n|move|p1a: Hawlucha|Swords Dance|p1a: Hawlucha\n|-boost|p1a: Hawlucha|atk|2\n|move|p2a: Scizor|Swords Dance|p2a: Scizor\n|-boost|p2a: Scizor|atk|2\n|\n|-fieldend|move: Electric Terrain\n|upkeep\n|turn|12\n|\n|t:|1666339805\n|move|p2a: Scizor|Bullet Punch|p1a: Hawlucha\n|-damage|p1a: Hawlucha|0 fnt\n|faint|p1a: Hawlucha\n|-damage|p2a: Scizor|91\/100|[from] item: Life Orb\n|\n|upkeep\n|\n|t:|1666339809\n|switch|p1a: Aegislash|Aegislash, F|100\/100\n|-damage|p1a: Aegislash|94\/100|[from] Stealth Rock\n|turn|13\n|\n|t:|1666339813\n|move|p1a: Aegislash|King's Shield|p1a: Aegislash\n|-singleturn|p1a: Aegislash|Protect\n|move|p2a: Scizor|Bullet Punch|p1a: Aegislash\n|-activate|p1a: Aegislash|move: Protect\n|-unboost|p2a: Scizor|atk|1\n|\n|-heal|p1a: Aegislash|100\/100|[from] item: Leftovers\n|upkeep\n|turn|14\n|\n|t:|1666339817\n|move|p2a: Scizor|Bullet Punch|p1a: Aegislash\n|-resisted|p1a: Aegislash\n|-damage|p1a: Aegislash|46\/100\n|-damage|p2a: Scizor|81\/100|[from] item: Life Orb\n|-formechange|p1a: Aegislash|Aegislash-Blade||[from] ability: Stance Change\n|move|p1a: Aegislash|Shadow Ball|p2a: Scizor\n|-damage|p2a: Scizor|12\/100\n|\n|-heal|p1a: Aegislash|52\/100|[from] item: Leftovers\n|upkeep\n|turn|15\n|\n|t:|1666339824\n|-formechange|p1a: Aegislash|Aegislash||[from] ability: Stance Change\n|move|p1a: Aegislash|King's Shield|p1a: Aegislash\n|-singleturn|p1a: Aegislash|Protect\n|move|p2a: Scizor|Swords Dance|p2a: Scizor\n|-boost|p2a: Scizor|atk|2\n|\n|-heal|p1a: Aegislash|58\/100|[from] item: Leftovers\n|upkeep\n|turn|16\n|\n|t:|1666339831\n|move|p2a: Scizor|Bullet Punch|p1a: Aegislash\n|-resisted|p1a: Aegislash\n|-damage|p1a: Aegislash|0 fnt\n|faint|p1a: Aegislash\n|-damage|p2a: Scizor|2\/100|[from] item: Life Orb\n|\n|upkeep\n|\n|t:|1666339834\n|switch|p1a: Weavile|Weavile, M|100\/100\n|-damage|p1a: Weavile|76\/100|[from] Stealth Rock\n|-ability|p1a: Weavile|Pressure\n|turn|17\n|\n|t:|1666339838\n|move|p1a: Weavile|Ice Shard|p2a: Scizor\n|-resisted|p2a: Scizor\n|-damage|p2a: Scizor|0 fnt\n|faint|p2a: Scizor\n|\n|upkeep\n|\n|t:|1666339842\n|switch|p2a: Rillaboom|Rillaboom, F|100\/100\n|-fieldstart|move: Grassy Terrain|[from] ability: Grassy Surge|[of] p2a: Rillaboom\n|turn|18\n|\n|t:|1666339849\n|switch|p1a: Garchomp|Garchomp, M|48\/100\n|-damage|p1a: Garchomp|42\/100|[from] Stealth Rock\n|move|p2a: Rillaboom|Grassy Glide|p1a: Garchomp\n|-damage|p1a: Garchomp|0 fnt\n|-damage|p2a: Rillaboom|88\/100|[from] ability: Rough Skin|[of] p1a: Garchomp\n|-damage|p2a: Rillaboom|72\/100|[from] item: Rocky Helmet|[of] p1a: Garchomp\n|faint|p1a: Garchomp\n|-damage|p2a: Rillaboom|62\/100|[from] item: Life Orb\n|\n|-heal|p2a: Rillaboom|68\/100|[from] Grassy Terrain\n|upkeep\n|\n|t:|1666339853\n|switch|p1a: Tapu Koko|Tapu Koko|100\/100\n|-damage|p1a: Tapu Koko|88\/100|[from] Stealth Rock\n|-fieldstart|move: Electric Terrain|[from] ability: Electric Surge|[of] p1a: Tapu Koko\n|turn|19\n|\n|t:|1666339862\n|move|p1a: Tapu Koko|Dazzling Gleam|p2a: Rillaboom\n|-damage|p2a: Rillaboom|3\/100\n|move|p2a: Rillaboom|Grassy Glide|p1a: Tapu Koko\n|-damage|p1a: Tapu Koko|26\/100\n|-damage|p2a: Rillaboom|0 fnt|[from] item: Life Orb\n|faint|p2a: Rillaboom\n|\n|upkeep\n|\n|t:|1666339865\n|switch|p2a: Dragonite|Dragonite, M|100\/100\n|turn|20\n|\n|t:|1666339867\n|move|p1a: Tapu Koko|Dazzling Gleam|p2a: Dragonite\n|-supereffective|p2a: Dragonite\n|-damage|p2a: Dragonite|49\/100\n|move|p2a: Dragonite|Dragon Dance|p2a: Dragonite\n|-boost|p2a: Dragonite|atk|1\n|-boost|p2a: Dragonite|spe|1\n|\n|upkeep\n|turn|21\n|\n|t:|1666339875\n|move|p2a: Dragonite|Extreme Speed|p1a: Tapu Koko\n|-damage|p1a: Tapu Koko|0 fnt\n|faint|p1a: Tapu Koko\n|\n|upkeep\n|\n|t:|1666339878\n|switch|p1a: Weavile|Weavile, M|76\/100\n|-damage|p1a: Weavile|51\/100|[from] Stealth Rock\n|-ability|p1a: Weavile|Pressure\n|turn|22\n|\n|t:|1666339881\n|move|p2a: Dragonite|Extreme Speed|p1a: Weavile\n|-damage|p1a: Weavile|0 fnt\n|faint|p1a: Weavile\n|\n|win|HQSNonsense\n|raw|MadMat_Tattoo's rating: 1505 &rarr; <strong>1486<\/strong><br \/>(-19 for losing)\n|raw|HQSNonsense's rating: 1516 &rarr; <strong>1535<\/strong><br \/>(+19 for winning)\n|l|\u2606MadMat_Tattoo\n","uploadtime":1666339889,"views":8,"p1id":"madmattattoo","p2id":"hqsnonsense","formatid":"gen8ou","rating":1486,"private":0,"password":null}