{"id":"gen8ou-1703989667","p1":"spencomatic","p2":"AlphaTherai","format":"gen8ou","log":"|j|\u2606spencomatic\n|j|\u2606AlphaTherai\n|t:|1667725706\n|gametype|singles\n|player|p1|spencomatic|roxie|1645\n|player|p2|AlphaTherai|waitress-gen4|1683\n|teamsize|p1|6\n|teamsize|p2|6\n|gen|8\n|tier|[Gen 8] OU\n|rated|\n|rule|Sleep Clause Mod: Limit one foe put to sleep\n|rule|Species Clause: Limit one of each Pok\u00e9mon\n|rule|OHKO Clause: OHKO moves are banned\n|rule|Evasion Items Clause: Evasion items are banned\n|rule|Evasion Moves Clause: Evasion moves are banned\n|rule|Endless Battle Clause: Forcing endless battles is banned\n|rule|HP Percentage Mod: HP is shown in percentages\n|rule|Dynamax Clause: You cannot dynamax\n|clearpoke\n|poke|p1|Dragapult, F|\n|poke|p1|Urshifu-*, F|\n|poke|p1|Tapu Lele|\n|poke|p1|Landorus-Therian, M|\n|poke|p1|Zapdos|\n|poke|p1|Melmetal|\n|poke|p2|Kartana|\n|poke|p2|Ferrothorn, F|\n|poke|p2|Toxapex, M|\n|poke|p2|Mandibuzz, F|\n|poke|p2|Garchomp, F|\n|poke|p2|Dragapult, M|\n|teampreview\n|inactive|Battle timer is ON: inactive players will automatically lose when time's up. (requested by spencomatic)\n|\n|t:|1667725725\n|start\n|switch|p1a: Dragapult|Dragapult, F|100\/100\n|switch|p2a: Ferrothorn|Ferrothorn, F|100\/100\n|turn|1\n|\n|t:|1667725732\n|switch|p2a: Toxapex|Toxapex, M|100\/100\n|move|p1a: Dragapult|Flamethrower|p2a: Toxapex\n|-resisted|p2a: Toxapex\n|-damage|p2a: Toxapex|86\/100\n|-enditem|p2a: Toxapex|Eject Button\n|\n|t:|1667725736\n|switch|p2a: Garchomp|Garchomp, F|100\/100\n|\n|upkeep\n|turn|2\n|\n|t:|1667725739\n|switch|p1a: Landorus|Landorus-Therian, M|100\/100\n|-ability|p1a: Landorus|Intimidate|boost\n|-unboost|p2a: Garchomp|atk|1\n|move|p2a: Garchomp|Toxic|p1a: Landorus\n|-status|p1a: Landorus|tox\n|\n|-damage|p1a: Landorus|94\/100 tox|[from] psn\n|upkeep\n|turn|3\n|\n|t:|1667725741\n|move|p2a: Garchomp|Stealth Rock|p1a: Landorus\n|-sidestart|p1: spencomatic|move: Stealth Rock\n|move|p1a: Landorus|Knock Off|p2a: Garchomp\n|-damage|p2a: Garchomp|77\/100\n|-damage|p1a: Landorus|82\/100 tox|[from] ability: Rough Skin|[of] p2a: Garchomp\n|-enditem|p2a: Garchomp|Leftovers|[from] move: Knock Off|[of] p1a: Landorus\n|\n|-heal|p1a: Landorus|88\/100 tox|[from] item: Leftovers\n|-damage|p1a: Landorus|76\/100 tox|[from] psn\n|upkeep\n|turn|4\n|\n|t:|1667725745\n|switch|p2a: Ferrothorn|Ferrothorn, F|100\/100\n|switch|p1a: Tapu Lele|Tapu Lele|100\/100\n|-damage|p1a: Tapu Lele|88\/100|[from] Stealth Rock\n|-fieldstart|move: Psychic Terrain|[from] ability: Psychic Surge|[of] p1a: Tapu Lele\n|\n|upkeep\n|turn|5\n|\n|t:|1667725748\n|switch|p1a: Zapdos|Zapdos|100\/100\n|move|p2a: Ferrothorn|Gyro Ball|p1a: Zapdos\n|-resisted|p1a: Zapdos\n|-damage|p1a: Zapdos|82\/100\n|\n|upkeep\n|turn|6\n|\n|t:|1667725752\n|move|p1a: Zapdos|Discharge|p2a: Ferrothorn\n|-resisted|p2a: Ferrothorn\n|-damage|p2a: Ferrothorn|88\/100\n|move|p2a: Ferrothorn|Knock Off|p1a: Zapdos\n|-damage|p1a: Zapdos|65\/100\n|-enditem|p1a: Zapdos|Heavy-Duty Boots|[from] move: Knock Off|[of] p2a: Ferrothorn\n|\n|-heal|p2a: Ferrothorn|94\/100|[from] item: Leftovers\n|upkeep\n|turn|7\n|\n|t:|1667725755\n|move|p1a: Zapdos|Hurricane|p2a: Ferrothorn\n|-damage|p2a: Ferrothorn|60\/100\n|move|p2a: Ferrothorn|Leech Seed|p1a: Zapdos\n|-start|p1a: Zapdos|move: Leech Seed\n|\n|-heal|p2a: Ferrothorn|67\/100|[from] item: Leftovers\n|-damage|p1a: Zapdos|53\/100|[from] Leech Seed|[of] p2a: Ferrothorn\n|-heal|p2a: Ferrothorn|80\/100|[silent]\n|upkeep\n|turn|8\n|\n|t:|1667725758\n|switch|p2a: Garchomp|Garchomp, F|77\/100\n|move|p1a: Zapdos|Roost|p1a: Zapdos\n|-heal|p1a: Zapdos|100\/100\n|-singleturn|p1a: Zapdos|move: Roost\n|\n|-damage|p1a: Zapdos|88\/100|[from] Leech Seed|[of] p2a: Garchomp\n|-heal|p2a: Garchomp|88\/100|[silent]\n|-fieldend|move: Psychic Terrain\n|upkeep\n|turn|9\n|\n|t:|1667725761\n|switch|p1a: Landorus|Landorus-Therian, M|76\/100 tox\n|-damage|p1a: Landorus|64\/100 tox|[from] Stealth Rock\n|-ability|p1a: Landorus|Intimidate|boost\n|-unboost|p2a: Garchomp|atk|1\n|move|p2a: Garchomp|Toxic|p1a: Landorus\n|-fail|p1a: Landorus|tox\n|\n|-heal|p1a: Landorus|70\/100 tox|[from] item: Leftovers\n|-damage|p1a: Landorus|64\/100 tox|[from] psn\n|upkeep\n|turn|10\n|\n|t:|1667725764\n|switch|p2a: Mandibuzz|Mandibuzz, F|100\/100\n|move|p1a: Landorus|Earthquake|p2a: Mandibuzz\n|-immune|p2a: Mandibuzz\n|\n|-heal|p1a: Landorus|70\/100 tox|[from] item: Leftovers\n|-damage|p1a: Landorus|58\/100 tox|[from] psn\n|upkeep\n|turn|11\n|\n|t:|1667725768\n|move|p1a: Landorus|U-turn|p2a: Mandibuzz\n|-damage|p2a: Mandibuzz|87\/100\n|\n|t:|1667725769\n|switch|p1a: Tapu Lele|Tapu Lele|88\/100|[from]move: U-turn\n|-damage|p1a: Tapu Lele|76\/100|[from] Stealth Rock\n|-fieldstart|move: Psychic Terrain|[from] ability: Psychic Surge|[of] p1a: Tapu Lele\n|move|p2a: Mandibuzz|Foul Play|p1a: Tapu Lele\n|-crit|p1a: Tapu Lele\n|-damage|p1a: Tapu Lele|29\/100\n|\n|upkeep\n|turn|12\n|\n|t:|1667725773\n|switch|p2a: Toxapex|Toxapex, M|100\/100\n|move|p1a: Tapu Lele|Future Sight|p2a: Toxapex\n|-start|p1a: Tapu Lele|move: Future Sight\n|\n|upkeep\n|turn|13\n|\n|t:|1667725780\n|switch|p1a: Zapdos|Zapdos|88\/100\n|-damage|p1a: Zapdos|63\/100|[from] Stealth Rock\n|move|p2a: Toxapex|Toxic Spikes|p1a: Zapdos\n|-sidestart|p1: spencomatic|move: Toxic Spikes\n|\n|upkeep\n|turn|14\n|\n|t:|1667725786\n|switch|p2a: Ferrothorn|Ferrothorn, F|80\/100\n|move|p1a: Zapdos|Hurricane|p2a: Ferrothorn\n|-damage|p2a: Ferrothorn|46\/100\n|-start|p2a: Ferrothorn|confusion\n|\n|-end|p2a: Ferrothorn|move: Future Sight\n|-resisted|p2a: Ferrothorn\n|-damage|p2a: Ferrothorn|16\/100\n|-heal|p2a: Ferrothorn|22\/100|[from] item: Leftovers\n|upkeep\n|turn|15\n|\n|t:|1667725788\n|switch|p2a: Garchomp|Garchomp, F|88\/100\n|move|p1a: Zapdos|Hurricane|p2a: Garchomp\n|-damage|p2a: Garchomp|54\/100\n|\n|-fieldend|move: Psychic Terrain\n|upkeep\n|turn|16\n|\n|t:|1667725791\n|move|p1a: Zapdos|Defog|p2a: Garchomp\n|-unboost|p2a: Garchomp|evasion|1\n|-sideend|p1: spencomatic|Toxic Spikes|[from] move: Defog|[of] p1a: Zapdos\n|-sideend|p1: spencomatic|Stealth Rock|[from] move: Defog|[of] p1a: Zapdos\n|move|p2a: Garchomp|Toxic|p1a: Zapdos\n|-status|p1a: Zapdos|tox\n|\n|-damage|p1a: Zapdos|57\/100 tox|[from] psn\n|upkeep\n|turn|17\n|\n|t:|1667725796\n|switch|p1a: Urshifu|Urshifu-Rapid-Strike, F|100\/100\n|move|p2a: Garchomp|Stealth Rock|p1a: Urshifu\n|-sidestart|p1: spencomatic|move: Stealth Rock\n|\n|upkeep\n|turn|18\n|\n|t:|1667725799\n|switch|p2a: Ferrothorn|Ferrothorn, F|22\/100\n|move|p1a: Urshifu|Close Combat|p2a: Ferrothorn\n|-supereffective|p2a: Ferrothorn\n|-damage|p2a: Ferrothorn|0 fnt\n|-unboost|p1a: Urshifu|def|1\n|-unboost|p1a: Urshifu|spd|1\n|-damage|p1a: Urshifu|88\/100|[from] ability: Iron Barbs|[of] p2a: Ferrothorn\n|faint|p2a: Ferrothorn\n|\n|upkeep\n|\n|t:|1667725807\n|switch|p2a: Kartana|Kartana|100\/100\n|turn|19\n|\n|t:|1667725810\n|switch|p1a: Zapdos|Zapdos|57\/100 tox\n|-damage|p1a: Zapdos|33\/100 tox|[from] Stealth Rock\n|move|p2a: Kartana|Leaf Blade|p1a: Zapdos\n|-resisted|p1a: Zapdos\n|-damage|p1a: Zapdos|0 fnt\n|faint|p1a: Zapdos\n|-ability|p2a: Kartana|Beast Boost|boost\n|-boost|p2a: Kartana|atk|1\n|\n|upkeep\n|\n|t:|1667725813\n|switch|p1a: Dragapult|Dragapult, F|100\/100\n|-damage|p1a: Dragapult|88\/100|[from] Stealth Rock\n|turn|20\n|\n|t:|1667725815\n|switch|p2a: Toxapex|Toxapex, M|100\/100\n|move|p1a: Dragapult|Shadow Ball|p2a: Toxapex\n|-damage|p2a: Toxapex|60\/100\n|\n|upkeep\n|turn|21\n|\n|t:|1667725820\n|move|p1a: Dragapult|Shadow Ball|p2a: Toxapex\n|-damage|p2a: Toxapex|20\/100\n|move|p2a: Toxapex|Recover|p2a: Toxapex\n|-heal|p2a: Toxapex|70\/100\n|\n|upkeep\n|turn|22\n|\n|t:|1667725822\n|switch|p2a: Mandibuzz|Mandibuzz, F|87\/100\n|move|p1a: Dragapult|Shadow Ball|p2a: Mandibuzz\n|-resisted|p2a: Mandibuzz\n|-crit|p2a: Mandibuzz\n|-damage|p2a: Mandibuzz|50\/100\n|-unboost|p2a: Mandibuzz|spd|1\n|\n|upkeep\n|turn|23\n|\n|t:|1667725826\n|switch|p1a: Tapu Lele|Tapu Lele|29\/100\n|-damage|p1a: Tapu Lele|16\/100|[from] Stealth Rock\n|-fieldstart|move: Psychic Terrain|[from] ability: Psychic Surge|[of] p1a: Tapu Lele\n|move|p2a: Mandibuzz|Roost|p2a: Mandibuzz\n|-heal|p2a: Mandibuzz|99\/100\n|-singleturn|p2a: Mandibuzz|move: Roost\n|\n|upkeep\n|turn|24\n|\n|t:|1667725828\n|switch|p2a: Toxapex|Toxapex, M|100\/100\n|move|p1a: Tapu Lele|Psyshock|p2a: Toxapex\n|-supereffective|p2a: Toxapex\n|-damage|p2a: Toxapex|17\/100\n|\n|upkeep\n|turn|25\n|\n|t:|1667725832\n|switch|p1a: Melmetal|Melmetal|100\/100\n|-damage|p1a: Melmetal|94\/100|[from] Stealth Rock\n|switch|p2a: Mandibuzz|Mandibuzz, F|99\/100\n|\n|-heal|p1a: Melmetal|100\/100|[from] item: Leftovers\n|upkeep\n|turn|26\n|\n|t:|1667725839\n|switch|p2a: Kartana|Kartana|100\/100\n|move|p1a: Melmetal|Double Iron Bash|p2a: Kartana\n|-resisted|p2a: Kartana\n|-damage|p2a: Kartana|77\/100\n|-resisted|p2a: Kartana\n|-damage|p2a: Kartana|54\/100\n|-hitcount|p2a: Kartana|2\n|\n|upkeep\n|turn|27\n|inactive|AlphaTherai also wants the timer to be on.\n|\n|t:|1667725841\n|move|p2a: Kartana|Knock Off|p1a: Melmetal\n|-damage|p1a: Melmetal|59\/100\n|-enditem|p1a: Melmetal|Leftovers|[from] move: Knock Off|[of] p2a: Kartana\n|move|p1a: Melmetal|Earthquake|p2a: Kartana\n|-damage|p2a: Kartana|13\/100\n|\n|-fieldend|move: Psychic Terrain\n|upkeep\n|turn|28\n|\n|t:|1667725846\n|move|p2a: Kartana|Knock Off|p1a: Melmetal\n|-damage|p1a: Melmetal|33\/100\n|move|p1a: Melmetal|Double Iron Bash|p2a: Kartana\n|-resisted|p2a: Kartana\n|-damage|p2a: Kartana|0 fnt\n|faint|p2a: Kartana\n|-hitcount|p2: Kartana|1\n|\n|upkeep\n|\n|t:|1667725850\n|switch|p2a: Garchomp|Garchomp, F|54\/100\n|turn|29\n|\n|t:|1667725852\n|switch|p1a: Landorus|Landorus-Therian, M|58\/100 tox\n|-damage|p1a: Landorus|45\/100 tox|[from] Stealth Rock\n|-ability|p1a: Landorus|Intimidate|boost\n|-unboost|p2a: Garchomp|atk|1\n|move|p2a: Garchomp|Earthquake|p1a: Landorus\n|-immune|p1a: Landorus\n|\n|-heal|p1a: Landorus|51\/100 tox|[from] item: Leftovers\n|-damage|p1a: Landorus|45\/100 tox|[from] psn\n|upkeep\n|turn|30\n|\n|t:|1667725856\n|move|p2a: Garchomp|Stealth Rock||[still]\n|-fail|p2a: Garchomp\n|move|p1a: Landorus|U-turn|p2a: Garchomp\n|-damage|p2a: Garchomp|35\/100\n|-damage|p1a: Landorus|33\/100 tox|[from] ability: Rough Skin|[of] p2a: Garchomp\n|\n|t:|1667725858\n|switch|p1a: Urshifu|Urshifu-Rapid-Strike, F|88\/100|[from]move: U-turn\n|-damage|p1a: Urshifu|82\/100|[from] Stealth Rock\n|\n|upkeep\n|turn|31\n|\n|t:|1667725860\n|move|p1a: Urshifu|U-turn|p2a: Garchomp\n|-damage|p2a: Garchomp|8\/100\n|-damage|p1a: Urshifu|70\/100|[from] ability: Rough Skin|[of] p2a: Garchomp\n|\n|t:|1667725866\n|switch|p1a: Landorus|Landorus-Therian, M|33\/100 tox|[from]move: U-turn\n|-damage|p1a: Landorus|21\/100 tox|[from] Stealth Rock\n|-ability|p1a: Landorus|Intimidate|boost\n|-unboost|p2a: Garchomp|atk|1\n|move|p2a: Garchomp|Earthquake|p1a: Landorus\n|-immune|p1a: Landorus\n|\n|-heal|p1a: Landorus|27\/100 tox|[from] item: Leftovers\n|-damage|p1a: Landorus|21\/100 tox|[from] psn\n|upkeep\n|turn|32\n|\n|t:|1667725868\n|move|p2a: Garchomp|Stealth Rock||[still]\n|-fail|p2a: Garchomp\n|move|p1a: Landorus|Earthquake|p2a: Garchomp\n|-damage|p2a: Garchomp|0 fnt\n|faint|p2a: Garchomp\n|\n|-heal|p1a: Landorus|27\/100 tox|[from] item: Leftovers\n|-damage|p1a: Landorus|15\/100 tox|[from] psn\n|upkeep\n|\n|t:|1667725870\n|switch|p2a: Dragapult|Dragapult, M|100\/100\n|turn|33\n|\n|t:|1667725872\n|move|p2a: Dragapult|Dragon Dance|p2a: Dragapult\n|-boost|p2a: Dragapult|atk|1\n|-boost|p2a: Dragapult|spe|1\n|move|p1a: Landorus|Knock Off|p2a: Dragapult\n|-supereffective|p2a: Dragapult\n|-damage|p2a: Dragapult|7\/100\n|-enditem|p2a: Dragapult|Leftovers|[from] move: Knock Off|[of] p1a: Landorus\n|\n|-heal|p1a: Landorus|21\/100 tox|[from] item: Leftovers\n|-damage|p1a: Landorus|3\/100 tox|[from] psn\n|upkeep\n|turn|34\n|\n|t:|1667725876\n|move|p2a: Dragapult|Dragon Darts|p1a: Landorus\n|-damage|p1a: Landorus|0 fnt\n|faint|p1a: Landorus\n|\n|upkeep\n|\n|t:|1667725878\n|switch|p1a: Urshifu|Urshifu-Rapid-Strike, F|70\/100\n|-damage|p1a: Urshifu|64\/100|[from] Stealth Rock\n|turn|35\n|\n|t:|1667725880\n|switch|p2a: Mandibuzz|Mandibuzz, F|99\/100\n|move|p1a: Urshifu|Aqua Jet|p2a: Mandibuzz\n|-damage|p2a: Mandibuzz|84\/100\n|\n|upkeep\n|turn|36\n|\n|t:|1667725885\n|switch|p1a: Melmetal|Melmetal|33\/100\n|-damage|p1a: Melmetal|27\/100|[from] Stealth Rock\n|move|p2a: Mandibuzz|Foul Play|p1a: Melmetal\n|-damage|p1a: Melmetal|0 fnt\n|faint|p1a: Melmetal\n|\n|upkeep\n|\n|t:|1667725887\n|switch|p1a: Dragapult|Dragapult, F|88\/100\n|-damage|p1a: Dragapult|76\/100|[from] Stealth Rock\n|turn|37\n|\n|t:|1667725890\n|move|p1a: Dragapult|Draco Meteor|p2a: Mandibuzz\n|-damage|p2a: Mandibuzz|5\/100\n|-unboost|p1a: Dragapult|spa|2\n|move|p2a: Mandibuzz|Foul Play|p1a: Dragapult\n|-supereffective|p1a: Dragapult\n|-damage|p1a: Dragapult|0 fnt\n|faint|p1a: Dragapult\n|\n|upkeep\n|\n|t:|1667725893\n|switch|p1a: Tapu Lele|Tapu Lele|16\/100\n|-damage|p1a: Tapu Lele|4\/100|[from] Stealth Rock\n|-fieldstart|move: Psychic Terrain|[from] ability: Psychic Surge|[of] p1a: Tapu Lele\n|turn|38\n|\n|t:|1667725898\n|move|p1a: Tapu Lele|Thunderbolt|p2a: Mandibuzz\n|-supereffective|p2a: Mandibuzz\n|-damage|p2a: Mandibuzz|0 fnt\n|faint|p2a: Mandibuzz\n|\n|upkeep\n|j| Ran Kob\n|\n|t:|1667725901\n|switch|p2a: Toxapex|Toxapex, M|50\/100\n|turn|39\n|\n|t:|1667725903\n|switch|p2a: Dragapult|Dragapult, M|7\/100\n|move|p1a: Tapu Lele|Thunderbolt|p2a: Dragapult\n|-resisted|p2a: Dragapult\n|-damage|p2a: Dragapult|0 fnt\n|faint|p2a: Dragapult\n|\n|upkeep\n|\n|t:|1667725904\n|switch|p2a: Toxapex|Toxapex, M|83\/100\n|turn|40\n|\n|t:|1667725905\n|move|p1a: Tapu Lele|Thunderbolt|p2a: Toxapex\n|-supereffective|p2a: Toxapex\n|-damage|p2a: Toxapex|41\/100\n|move|p2a: Toxapex|Scald|p1a: Tapu Lele\n|-damage|p1a: Tapu Lele|0 fnt\n|faint|p1a: Tapu Lele\n|\n|upkeep\n|\n|t:|1667725906\n|switch|p1a: Urshifu|Urshifu-Rapid-Strike, F|64\/100\n|-damage|p1a: Urshifu|57\/100|[from] Stealth Rock\n|turn|41\n|\n|t:|1667725908\n|move|p1a: Urshifu|Close Combat|p2a: Toxapex\n|-resisted|p2a: Toxapex\n|-damage|p2a: Toxapex|8\/100\n|-unboost|p1a: Urshifu|def|1\n|-unboost|p1a: Urshifu|spd|1\n|move|p2a: Toxapex|Recover|p2a: Toxapex\n|-heal|p2a: Toxapex|58\/100\n|\n|upkeep\n|turn|42\n|\n|t:|1667725910\n|move|p1a: Urshifu|Close Combat|p2a: Toxapex\n|-resisted|p2a: Toxapex\n|-damage|p2a: Toxapex|23\/100\n|-unboost|p1a: Urshifu|def|1\n|-unboost|p1a: Urshifu|spd|1\n|move|p2a: Toxapex|Recover|p2a: Toxapex\n|-heal|p2a: Toxapex|73\/100\n|\n|-fieldend|move: Psychic Terrain\n|upkeep\n|turn|43\n|\n|t:|1667725912\n|move|p1a: Urshifu|Close Combat|p2a: Toxapex\n|-resisted|p2a: Toxapex\n|-damage|p2a: Toxapex|34\/100\n|-unboost|p1a: Urshifu|def|1\n|-unboost|p1a: Urshifu|spd|1\n|move|p2a: Toxapex|Recover|p2a: Toxapex\n|-heal|p2a: Toxapex|85\/100\n|\n|upkeep\n|turn|44\n|\n|t:|1667725913\n|move|p1a: Urshifu|Close Combat|p2a: Toxapex\n|-resisted|p2a: Toxapex\n|-damage|p2a: Toxapex|47\/100\n|-unboost|p1a: Urshifu|def|1\n|-unboost|p1a: Urshifu|spd|1\n|move|p2a: Toxapex|Recover|p2a: Toxapex\n|-heal|p2a: Toxapex|98\/100\n|\n|upkeep\n|turn|45\n|\n|t:|1667725916\n|move|p1a: Urshifu|Close Combat|p2a: Toxapex\n|-resisted|p2a: Toxapex\n|-damage|p2a: Toxapex|64\/100\n|-unboost|p1a: Urshifu|def|1\n|-unboost|p1a: Urshifu|spd|1\n|move|p2a: Toxapex|Recover|p2a: Toxapex\n|-heal|p2a: Toxapex|100\/100\n|\n|upkeep\n|turn|46\n|l| Ran Kob\n|\n|t:|1667725918\n|move|p1a: Urshifu|Close Combat|p2a: Toxapex\n|-resisted|p2a: Toxapex\n|-damage|p2a: Toxapex|68\/100\n|-unboost|p1a: Urshifu|def|1\n|-unboost|p1a: Urshifu|spd|1\n|move|p2a: Toxapex|Recover|p2a: Toxapex\n|-heal|p2a: Toxapex|100\/100\n|\n|upkeep\n|turn|47\n|\n|t:|1667725920\n|move|p1a: Urshifu|Close Combat|p2a: Toxapex\n|-resisted|p2a: Toxapex\n|-damage|p2a: Toxapex|66\/100\n|move|p2a: Toxapex|Recover|p2a: Toxapex\n|-heal|p2a: Toxapex|100\/100\n|\n|upkeep\n|turn|48\n|-message|spencomatic forfeited.\n|\n|win|AlphaTherai\n|raw|spencomatic's rating: 1645 &rarr; <strong>1627<\/strong><br \/>(-18 for losing)\n|raw|AlphaTherai's rating: 1683 &rarr; <strong>1701<\/strong><br \/>(+18 for winning)\n|l|\u2606spencomatic\n","uploadtime":1667725926,"views":10,"p1id":"spencomatic","p2id":"alphatherai","formatid":"gen8ou","rating":1627,"private":0,"password":null}