{"id":"gen8ou-1384668658","p1":"LT84JM HY","p2":"Coach Jones 6fifth","format":"gen8ou","log":"|raw|<div class=\"broadcast-blue\"><strong>This battle is required to be public due to a player having a name starting with 'lt84jm'.<\/div>\n|j|\u2606LT84JM HY\n|j|\u2606Coach Jones 6fifth\n|t:|1627344008\n|gametype|singles\n|player|p1|LT84JM HY|lady|1697\n|player|p2|Coach Jones 6fifth|lusamine-nihilego|1796\n|teamsize|p1|6\n|teamsize|p2|6\n|gen|8\n|tier|[Gen 8] OU\n|rated|\n|rule|Sleep Clause Mod: Limit one foe put to sleep\n|rule|Species Clause: Limit one of each Pok\u00e9mon\n|rule|OHKO Clause: OHKO moves are banned\n|rule|Evasion Moves Clause: Evasion moves are banned\n|rule|Endless Battle Clause: Forcing endless battles is banned\n|rule|HP Percentage Mod: HP is shown in percentages\n|rule|Dynamax Clause: You cannot dynamax\n|clearpoke\n|poke|p1|Dragapult, F|\n|poke|p1|Gengar, M|\n|poke|p1|Blissey, F|\n|poke|p1|Landorus-Therian, M|\n|poke|p1|Urshifu-*, F|\n|poke|p1|Corviknight, M|\n|poke|p2|Pelipper, M|\n|poke|p2|Barraskewda, M|\n|poke|p2|Regieleki|\n|poke|p2|Tapu Lele|\n|poke|p2|Landorus-Therian, M|\n|poke|p2|Ferrothorn, M|\n|teampreview\n|inactive|Battle timer is ON: inactive players will automatically lose when time's up. (requested by LT84JM HY)\n|j| qwertzc\n|\n|t:|1627344027\n|start\n|switch|p1a: Dragapult|Dragapult, F|100\/100\n|switch|p2a: Tapu Lele|Tapu Lele|100\/100\n|-fieldstart|move: Psychic Terrain|[from] ability: Psychic Surge|[of] p2a: Tapu Lele\n|turn|1\n|\n|t:|1627344031\n|switch|p1a: Blissey|Blissey, F|100\/100\n|move|p2a: Tapu Lele|Moonblast|p1a: Blissey\n|-damage|p1a: Blissey|79\/100\n|\n|upkeep\n|turn|2\n|\n|t:|1627344036\n|switch|p2a: Pelipper|Pelipper, M|100\/100\n|-weather|RainDance|[from] ability: Drizzle|[of] p2a: Pelipper\n|move|p1a: Blissey|Teleport|p1a: Blissey\n|\n|t:|1627344038\n|switch|p1a: Dragapult|Dragapult, F|100\/100|[from]move: Teleport\n|\n|-weather|RainDance|[upkeep]\n|upkeep\n|turn|3\n|\n|t:|1627344040\n|switch|p2a: spikes|Ferrothorn, M|100\/100\n|move|p1a: Dragapult|Draco Meteor|p2a: spikes\n|-resisted|p2a: spikes\n|-damage|p2a: spikes|73\/100\n|-unboost|p1a: Dragapult|spa|2\n|\n|-weather|RainDance|[upkeep]\n|-heal|p2a: spikes|79\/100|[from] item: Leftovers\n|upkeep\n|turn|4\n|\n|t:|1627344051\n|switch|p1a: Landorus|Landorus-Therian, M|100\/100\n|-ability|p1a: Landorus|Intimidate|boost\n|-unboost|p2a: spikes|atk|1\n|switch|p2a: Tapu Lele|Tapu Lele|100\/100\n|\n|-weather|RainDance|[upkeep]\n|upkeep\n|turn|5\n|\n|t:|1627344057\n|move|p2a: Tapu Lele|Future Sight|p1a: Landorus\n|-start|p2a: Tapu Lele|move: Future Sight\n|move|p1a: Landorus|Stealth Rock|p2a: Tapu Lele\n|-sidestart|p2: Coach Jones 6fifth|move: Stealth Rock\n|\n|-weather|RainDance|[upkeep]\n|-fieldend|move: Psychic Terrain\n|upkeep\n|turn|6\n|\n|t:|1627344062\n|switch|p2a: Pelipper|Pelipper, M|100\/100\n|-damage|p2a: Pelipper|75\/100|[from] Stealth Rock\n|move|p1a: Landorus|U-turn|p2a: Pelipper\n|-resisted|p2a: Pelipper\n|-damage|p2a: Pelipper|62\/100\n|\n|t:|1627344067\n|switch|p1a: Blissey|Blissey, F|79\/100|[from]move: U-turn\n|\n|-weather|none\n|upkeep\n|turn|7\n|\n|t:|1627344073\n|move|p2a: Pelipper|U-turn|p1a: Blissey\n|-damage|p1a: Blissey|72\/100\n|\n|t:|1627344075\n|switch|p2a: Barraskewda|Barraskewda, M, shiny|100\/100|[from]move: U-turn\n|-damage|p2a: Barraskewda|88\/100|[from] Stealth Rock\n|move|p1a: Blissey|Seismic Toss|p2a: Barraskewda\n|-damage|p2a: Barraskewda|50\/100\n|\n|-end|p1a: Blissey|move: Future Sight\n|-crit|p1a: Blissey\n|-damage|p1a: Blissey|36\/100\n|upkeep\n|turn|8\n|\n|t:|1627344079\n|switch|p1a: Corviknight|Corviknight, M|100\/100\n|-ability|p1a: Corviknight|Pressure\n|move|p2a: Barraskewda|Flip Turn|p1a: Corviknight\n|-damage|p1a: Corviknight|72\/100\n|-damage|p2a: Barraskewda|34\/100|[from] item: Rocky Helmet|[of] p1a: Corviknight\n|\n|t:|1627344082\n|switch|p2a: Landorus|Landorus-Therian, M|100\/100|[from]move: Flip Turn\n|-damage|p2a: Landorus|88\/100|[from] Stealth Rock\n|-ability|p2a: Landorus|Intimidate|boost\n|-unboost|p1a: Corviknight|atk|1\n|\n|-heal|p2a: Landorus|94\/100|[from] item: Leftovers\n|upkeep\n|turn|9\n|\n|t:|1627344085\n|move|p2a: Landorus|Stealth Rock|p1a: Corviknight\n|-sidestart|p1: LT84JM HY|move: Stealth Rock\n|move|p1a: Corviknight|Roost|p1a: Corviknight\n|-heal|p1a: Corviknight|100\/100\n|-singleturn|p1a: Corviknight|move: Roost\n|\n|-heal|p2a: Landorus|99\/100|[from] item: Leftovers\n|upkeep\n|turn|10\n|\n|t:|1627344090\n|switch|p2a: spikes|Ferrothorn, M|79\/100\n|-damage|p2a: spikes|73\/100|[from] Stealth Rock\n|switch|p1a: Landorus|Landorus-Therian, M|100\/100\n|-damage|p1a: Landorus|88\/100|[from] Stealth Rock\n|-ability|p1a: Landorus|Intimidate|boost\n|-unboost|p2a: spikes|atk|1\n|\n|-heal|p1a: Landorus|94\/100|[from] item: Leftovers\n|-heal|p2a: spikes|79\/100|[from] item: Leftovers\n|upkeep\n|turn|11\n|\n|t:|1627344093\n|move|p1a: Landorus|Earthquake|p2a: spikes\n|-damage|p2a: spikes|46\/100\n|move|p2a: spikes|Leech Seed|p1a: Landorus\n|-start|p1a: Landorus|move: Leech Seed\n|\n|-heal|p1a: Landorus|99\/100|[from] item: Leftovers\n|-heal|p2a: spikes|51\/100|[from] item: Leftovers\n|-damage|p1a: Landorus|88\/100|[from] Leech Seed|[of] p2a: spikes\n|-heal|p2a: spikes|65\/100|[silent]\n|upkeep\n|turn|12\n|\n|t:|1627344097\n|switch|p1a: Urshifu|Urshifu-Rapid-Strike, F|100\/100\n|-damage|p1a: Urshifu|94\/100|[from] Stealth Rock\n|move|p2a: spikes|Knock Off|p1a: Urshifu\n|-resisted|p1a: Urshifu\n|-damage|p1a: Urshifu|87\/100\n|-enditem|p1a: Urshifu|Choice Band|[from] move: Knock Off|[of] p2a: spikes\n|\n|-heal|p2a: spikes|71\/100|[from] item: Leftovers\n|upkeep\n|turn|13\n|\n|t:|1627344103\n|switch|p2a: Tapu Lele|Tapu Lele|100\/100\n|-damage|p2a: Tapu Lele|88\/100|[from] Stealth Rock\n|-fieldstart|move: Psychic Terrain|[from] ability: Psychic Surge|[of] p2a: Tapu Lele\n|move|p1a: Urshifu|Close Combat|p2a: Tapu Lele\n|-resisted|p2a: Tapu Lele\n|-damage|p2a: Tapu Lele|64\/100\n|-unboost|p1a: Urshifu|def|1\n|-unboost|p1a: Urshifu|spd|1\n|\n|upkeep\n|turn|14\n|\n|t:|1627344107\n|switch|p1a: Corviknight|Corviknight, M|100\/100\n|-damage|p1a: Corviknight|88\/100|[from] Stealth Rock\n|-ability|p1a: Corviknight|Pressure\n|move|p2a: Tapu Lele|Thunder|p1a: Corviknight\n|-supereffective|p1a: Corviknight\n|-damage|p1a: Corviknight|13\/100\n|\n|upkeep\n|turn|15\n|\n|t:|1627344113\n|move|p2a: Tapu Lele|Thunder|p1a: Corviknight\n|-supereffective|p1a: Corviknight\n|-damage|p1a: Corviknight|0 fnt\n|faint|p1a: Corviknight\n|\n|upkeep\n|\n|t:|1627344116\n|switch|p1a: Landorus|Landorus-Therian, M|88\/100\n|-damage|p1a: Landorus|76\/100|[from] Stealth Rock\n|-ability|p1a: Landorus|Intimidate|boost\n|-unboost|p2a: Tapu Lele|atk|1\n|turn|16\n|\n|t:|1627344122\n|switch|p2a: Landorus|Landorus-Therian, M|99\/100\n|-damage|p2a: Landorus|88\/100|[from] Stealth Rock\n|-ability|p2a: Landorus|Intimidate|boost\n|-unboost|p1a: Landorus|atk|1\n|move|p1a: Landorus|U-turn|p2a: Landorus\n|-resisted|p2a: Landorus\n|-damage|p2a: Landorus|81\/100\n|\n|t:|1627344125\n|switch|p1a: Urshifu|Urshifu-Rapid-Strike, F|87\/100|[from]move: U-turn\n|-damage|p1a: Urshifu|81\/100|[from] Stealth Rock\n|\n|-heal|p2a: Landorus|87\/100|[from] item: Leftovers\n|upkeep\n|turn|17\n|\n|t:|1627344133\n|move|p1a: Urshifu|Close Combat|p2a: Landorus\n|-resisted|p2a: Landorus\n|-damage|p2a: Landorus|62\/100\n|-unboost|p1a: Urshifu|def|1\n|-unboost|p1a: Urshifu|spd|1\n|move|p2a: Landorus|U-turn|p1a: Urshifu\n|-resisted|p1a: Urshifu\n|-damage|p1a: Urshifu|64\/100\n|\n|t:|1627344136\n|switch|p2a: Tapu Lele|Tapu Lele|64\/100|[from]move: U-turn\n|-damage|p2a: Tapu Lele|51\/100|[from] Stealth Rock\n|\n|-fieldend|move: Psychic Terrain\n|upkeep\n|turn|18\n|\n|t:|1627344141\n|switch|p1a: Blissey|Blissey, F|36\/100\n|move|p2a: Tapu Lele|Psyshock|p1a: Blissey\n|-damage|p1a: Blissey|0 fnt\n|faint|p1a: Blissey\n|\n|upkeep\n|\n|t:|1627344146\n|switch|p1a: Dragapult|Dragapult, F|100\/100\n|-damage|p1a: Dragapult|88\/100|[from] Stealth Rock\n|turn|19\n|\n|t:|1627344149\n|switch|p2a: spikes|Ferrothorn, M|71\/100\n|-damage|p2a: spikes|65\/100|[from] Stealth Rock\n|move|p1a: Dragapult|Shadow Ball|p2a: spikes\n|-damage|p2a: spikes|35\/100\n|\n|-heal|p2a: spikes|41\/100|[from] item: Leftovers\n|upkeep\n|turn|20\n|\n|t:|1627344153\n|switch|p1a: Urshifu|Urshifu-Rapid-Strike, F|64\/100\n|-damage|p1a: Urshifu|58\/100|[from] Stealth Rock\n|move|p2a: spikes|Spikes|p1a: Urshifu\n|-sidestart|p1: LT84JM HY|Spikes\n|\n|-heal|p2a: spikes|47\/100|[from] item: Leftovers\n|upkeep\n|turn|21\n|\n|t:|1627344173\n|move|p1a: Urshifu|Close Combat|p2a: spikes\n|-supereffective|p2a: spikes\n|-damage|p2a: spikes|0 fnt\n|-unboost|p1a: Urshifu|def|1\n|-unboost|p1a: Urshifu|spd|1\n|-damage|p1a: Urshifu|46\/100|[from] ability: Iron Barbs|[of] p2a: spikes\n|faint|p2a: spikes\n|\n|upkeep\n|\n|t:|1627344176\n|switch|p2a: Tapu Lele|Tapu Lele|51\/100\n|-damage|p2a: Tapu Lele|39\/100|[from] Stealth Rock\n|-fieldstart|move: Psychic Terrain|[from] ability: Psychic Surge|[of] p2a: Tapu Lele\n|turn|22\n|\n|t:|1627344181\n|move|p2a: Tapu Lele|Psyshock|p1a: Urshifu\n|-supereffective|p1a: Urshifu\n|-damage|p1a: Urshifu|0 fnt\n|faint|p1a: Urshifu\n|\n|upkeep\n|\n|t:|1627344183\n|switch|p1a: Dragapult|Dragapult, F|88\/100\n|-damage|p1a: Dragapult|76\/100|[from] Stealth Rock\n|-damage|p1a: Dragapult|64\/100|[from] Spikes\n|turn|23\n|\n|t:|1627344185\n|move|p2a: Tapu Lele|Psyshock|p1a: Dragapult\n|-damage|p1a: Dragapult|0 fnt\n|faint|p1a: Dragapult\n|\n|upkeep\n|\n|t:|1627344187\n|switch|p1a: Landorus|Landorus-Therian, M|76\/100\n|-damage|p1a: Landorus|63\/100|[from] Stealth Rock\n|-ability|p1a: Landorus|Intimidate|boost\n|-unboost|p2a: Tapu Lele|atk|1\n|turn|24\n|\n|t:|1627344188\n|move|p2a: Tapu Lele|Psyshock|p1a: Landorus\n|-damage|p1a: Landorus|4\/100\n|move|p1a: Landorus|Earthquake|p2a: Tapu Lele\n|-damage|p2a: Tapu Lele|0 fnt\n|faint|p2a: Tapu Lele\n|\n|-heal|p1a: Landorus|10\/100|[from] item: Leftovers\n|upkeep\n|c|\u2606LT84JM HY|f\n|\n|t:|1627344194\n|switch|p2a: Regieleki|Regieleki, shiny|100\/100\n|turn|25\n|\n|t:|1627344198\n|move|p2a: Regieleki|Ancient Power|p1a: Landorus\n|-damage|p1a: Landorus|0 fnt\n|-boost|p2a: Regieleki|atk|1\n|-boost|p2a: Regieleki|def|1\n|-boost|p2a: Regieleki|spa|1\n|-boost|p2a: Regieleki|spd|1\n|-boost|p2a: Regieleki|spe|1\n|faint|p1a: Landorus\n|\n|upkeep\n|-message|LT84JM HY forfeited.\n|\n|win|Coach Jones 6fifth\n|l|\u2606LT84JM HY\n","uploadtime":1627344206,"views":106,"p1id":"lt84jmhy","p2id":"coachjones6fifth","formatid":"gen8ou","rating":0,"private":0,"password":null}