{"id":"gen8ou-1670090824","p1":"black thunderbolt","p2":"Goinflex","format":"gen8ou","log":"|j|\u2606black thunderbolt\n|j|\u2606Goinflex\n|t:|1664128199\n|gametype|singles\n|player|p1|black thunderbolt|lucas|\n|player|p2|Goinflex|sycamore|\n|teamsize|p1|6\n|teamsize|p2|6\n|gen|8\n|tier|[Gen 8] OU\n|rule|Sleep Clause Mod: Limit one foe put to sleep\n|rule|Species Clause: Limit one of each Pok\u00e9mon\n|rule|OHKO Clause: OHKO moves are banned\n|rule|Evasion Items Clause: Evasion items are banned\n|rule|Evasion Moves Clause: Evasion moves are banned\n|rule|Endless Battle Clause: Forcing endless battles is banned\n|rule|HP Percentage Mod: HP is shown in percentages\n|rule|Dynamax Clause: You cannot dynamax\n|clearpoke\n|poke|p1|Urshifu-*, M|\n|poke|p1|Tyranitar, M|\n|poke|p1|Excadrill, M|\n|poke|p1|Zapdos|\n|poke|p1|Ferrothorn, M|\n|poke|p1|Tapu Lele|\n|poke|p2|Pelipper, M|\n|poke|p2|Zapdos-Galar|\n|poke|p2|Tapu Koko|\n|poke|p2|Tapu Lele|\n|poke|p2|Landorus-Therian, M|\n|poke|p2|Ferrothorn, F|\n|teampreview\n|inactive|Battle timer is ON: inactive players will automatically lose when time's up. (requested by Goinflex)\n|c|\u2606Goinflex|hf!\n|c|\u2606black thunderbolt|\/log black thunderbolt made this room public.\n|inactive|black thunderbolt has 270 seconds left.\n|inactive|Goinflex has 270 seconds left.\n|j| Jeza.p\n|j| Portos2Seconds\n|inactive|black thunderbolt has 240 seconds left.\n|j| ApOcalpse17\n|j| PyProd.\n|j| Vieux Aigri\n|inactive|black thunderbolt has 210 seconds left.\n|\n|t:|1664128290\n|start\n|switch|p1a: Tapu Lele|Tapu Lele, shiny|100\/100\n|switch|p2a: AQUA VITAE|Pelipper, M|100\/100\n|-fieldstart|move: Psychic Terrain|[from] ability: Psychic Surge|[of] p1a: Tapu Lele\n|-weather|RainDance|[from] ability: Drizzle|[of] p2a: AQUA VITAE\n|turn|1\n|inactive|black thunderbolt has 270 seconds left.\n|\n|t:|1664128311\n|switch|p2a: PRIME MINISTER|Ferrothorn, F|100\/100\n|move|p1a: Tapu Lele|Thunderbolt|p2a: PRIME MINISTER\n|-resisted|p2a: PRIME MINISTER\n|-damage|p2a: PRIME MINISTER|91\/100\n|\n|-weather|RainDance|[upkeep]\n|-heal|p2a: PRIME MINISTER|97\/100|[from] item: Leftovers\n|upkeep\n|turn|2\n|\n|t:|1664128318\n|switch|p1a: Ferrothorn|Ferrothorn, M|100\/100\n|move|p2a: PRIME MINISTER|Stealth Rock|p1a: Ferrothorn\n|-sidestart|p1: black thunderbolt|move: Stealth Rock\n|\n|-weather|RainDance|[upkeep]\n|-heal|p2a: PRIME MINISTER|100\/100|[from] item: Leftovers\n|upkeep\n|turn|3\n|\n|t:|1664128328\n|switch|p2a: TOOLS OF WAR|Zapdos-Galar|100\/100\n|move|p1a: Ferrothorn|Stealth Rock|p2a: TOOLS OF WAR\n|-sidestart|p2: Goinflex|move: Stealth Rock\n|\n|-weather|RainDance|[upkeep]\n|upkeep\n|turn|4\n|\n|t:|1664128333\n|switch|p2a: CARGO OF FINERIES|Tapu Koko|100\/100\n|-damage|p2a: CARGO OF FINERIES|88\/100|[from] Stealth Rock\n|-fieldstart|move: Electric Terrain|[from] ability: Electric Surge|[of] p2a: CARGO OF FINERIES\n|switch|p1a: Zapdos|Zapdos|100\/100\n|\n|-weather|RainDance|[upkeep]\n|upkeep\n|turn|5\n|\n|t:|1664128345\n|switch|p1a: Ferrothorn|Ferrothorn, M|100\/100\n|-damage|p1a: Ferrothorn|95\/100|[from] Stealth Rock\n|move|p2a: CARGO OF FINERIES|Thunderbolt|p1a: Ferrothorn\n|-resisted|p1a: Ferrothorn\n|-damage|p1a: Ferrothorn|68\/100\n|\n|-weather|none\n|-heal|p1a: Ferrothorn|74\/100|[from] item: Leftovers\n|upkeep\n|turn|6\n|\n|t:|1664128355\n|move|p2a: CARGO OF FINERIES|Thunderbolt|p1a: Ferrothorn\n|-resisted|p1a: Ferrothorn\n|-damage|p1a: Ferrothorn|48\/100\n|move|p1a: Ferrothorn|Knock Off|p2a: CARGO OF FINERIES\n|-resisted|p2a: CARGO OF FINERIES\n|-damage|p2a: CARGO OF FINERIES|73\/100\n|-enditem|p2a: CARGO OF FINERIES|Choice Specs|[from] move: Knock Off|[of] p1a: Ferrothorn\n|\n|-heal|p1a: Ferrothorn|54\/100|[from] item: Leftovers\n|upkeep\n|turn|7\n|\n|t:|1664128375\n|move|p2a: CARGO OF FINERIES|Volt Switch|p1a: Ferrothorn\n|-resisted|p1a: Ferrothorn\n|-damage|p1a: Ferrothorn|40\/100\n|\n|t:|1664128380\n|switch|p2a: AQUA VITAE|Pelipper, M|100\/100|[from]move: Volt Switch\n|-damage|p2a: AQUA VITAE|76\/100|[from] Stealth Rock\n|-weather|RainDance|[from] ability: Drizzle|[of] p2a: AQUA VITAE\n|move|p1a: Ferrothorn|Knock Off|p2a: AQUA VITAE\n|-damage|p2a: AQUA VITAE|46\/100\n|-enditem|p2a: AQUA VITAE|Choice Specs|[from] move: Knock Off|[of] p1a: Ferrothorn\n|\n|-weather|RainDance|[upkeep]\n|-heal|p1a: Ferrothorn|46\/100|[from] item: Leftovers\n|upkeep\n|turn|8\n|inactive|black thunderbolt has 270 seconds left.\n|inactive|black thunderbolt has 240 seconds left.\n|\n|t:|1664128441\n|switch|p1a: Zapdos|Zapdos|100\/100\n|move|p2a: AQUA VITAE|Hurricane|p1a: Zapdos\n|-resisted|p1a: Zapdos\n|-damage|p1a: Zapdos|78\/100\n|\n|-weather|RainDance|[upkeep]\n|-fieldend|move: Electric Terrain\n|upkeep\n|turn|9\n|inactive|black thunderbolt has 240 seconds left.\n|\n|t:|1664128452\n|switch|p2a: CARGO OF FINERIES|Tapu Koko|73\/100\n|-damage|p2a: CARGO OF FINERIES|61\/100|[from] Stealth Rock\n|-fieldstart|move: Electric Terrain|[from] ability: Electric Surge|[of] p2a: CARGO OF FINERIES\n|move|p1a: Zapdos|Hurricane|p2a: CARGO OF FINERIES\n|-resisted|p2a: CARGO OF FINERIES\n|-damage|p2a: CARGO OF FINERIES|26\/100\n|\n|-weather|RainDance|[upkeep]\n|upkeep\n|turn|10\n|inactive|black thunderbolt has 240 seconds left.\n|\n|t:|1664128484\n|switch|p1a: Excadrill|Excadrill, M|100\/100\n|-damage|p1a: Excadrill|97\/100|[from] Stealth Rock\n|move|p2a: CARGO OF FINERIES|Volt Switch|p1a: Excadrill\n|-immune|p1a: Excadrill\n|\n|-weather|RainDance|[upkeep]\n|upkeep\n|turn|11\n|inactive|black thunderbolt has 210 seconds left.\n|\n|t:|1664128505\n|move|p2a: CARGO OF FINERIES|Volt Switch|p1a: Excadrill\n|-immune|p1a: Excadrill\n|move|p1a: Excadrill|Rapid Spin|p2a: CARGO OF FINERIES\n|-damage|p2a: CARGO OF FINERIES|0 fnt\n|-boost|p1a: Excadrill|spe|1\n|-sideend|p1: black thunderbolt|Stealth Rock|[from] move: Rapid Spin|[of] p1a: Excadrill\n|faint|p2a: CARGO OF FINERIES\n|\n|-weather|none\n|upkeep\n|\n|t:|1664128508\n|switch|p2a: BIRMINGHAM CLIMAX|Landorus-Therian, M|100\/100\n|-damage|p2a: BIRMINGHAM CLIMAX|88\/100|[from] Stealth Rock\n|-ability|p2a: BIRMINGHAM CLIMAX|Intimidate|boost\n|-unboost|p1a: Excadrill|atk|1\n|turn|12\n|inactive|black thunderbolt has 210 seconds left.\n|\n|t:|1664128547\n|switch|p1a: Urshifu|Urshifu-Rapid-Strike, M|100\/100\n|move|p2a: BIRMINGHAM CLIMAX|Defog|p1a: Urshifu\n|-unboost|p1a: Urshifu|evasion|1\n|-sideend|p2: Goinflex|Stealth Rock|[from] move: Defog|[of] p2a: BIRMINGHAM CLIMAX\n|-fieldend|move: Electric Terrain\n|\n|-heal|p2a: BIRMINGHAM CLIMAX|94\/100|[from] item: Leftovers\n|upkeep\n|turn|13\n|\n|t:|1664128555\n|switch|p2a: PRIME MINISTER|Ferrothorn, F|100\/100\n|move|p1a: Urshifu|Surging Strikes|p2a: PRIME MINISTER\n|-resisted|p2a: PRIME MINISTER\n|-crit|p2a: PRIME MINISTER\n|-damage|p2a: PRIME MINISTER|93\/100\n|-activate|p2a: PRIME MINISTER|ability: Iron Barbs\n|-activate|p1a: Urshifu|item: Protective Pads\n|-resisted|p2a: PRIME MINISTER\n|-crit|p2a: PRIME MINISTER\n|-damage|p2a: PRIME MINISTER|85\/100\n|-activate|p2a: PRIME MINISTER|ability: Iron Barbs\n|-activate|p1a: Urshifu|item: Protective Pads\n|-resisted|p2a: PRIME MINISTER\n|-crit|p2a: PRIME MINISTER\n|-damage|p2a: PRIME MINISTER|78\/100\n|-activate|p2a: PRIME MINISTER|ability: Iron Barbs\n|-activate|p1a: Urshifu|item: Protective Pads\n|-hitcount|p2a: PRIME MINISTER|3\n|\n|-heal|p2a: PRIME MINISTER|84\/100|[from] item: Leftovers\n|upkeep\n|turn|14\n|\n|t:|1664128562\n|switch|p2a: ELECTRA HEART|Tapu Lele|100\/100\n|-fieldstart|move: Psychic Terrain|[from] ability: Psychic Surge|[of] p2a: ELECTRA HEART\n|move|p1a: Urshifu|Close Combat|p2a: ELECTRA HEART\n|-resisted|p2a: ELECTRA HEART\n|-crit|p2a: ELECTRA HEART\n|-damage|p2a: ELECTRA HEART|67\/100\n|-unboost|p1a: Urshifu|def|1\n|-unboost|p1a: Urshifu|spd|1\n|\n|upkeep\n|turn|15\n|inactive|black thunderbolt has 180 seconds left.\n|\n|t:|1664128589\n|switch|p2a: TOOLS OF WAR|Zapdos-Galar|100\/100\n|switch|p1a: Ferrothorn|Ferrothorn, M|46\/100\n|\n|-heal|p1a: Ferrothorn|52\/100|[from] item: Leftovers\n|upkeep\n|turn|16\n|\n|t:|1664128593\n|switch|p1a: Zapdos|Zapdos|78\/100\n|move|p2a: TOOLS OF WAR|Close Combat|p1a: Zapdos\n|-resisted|p1a: Zapdos\n|-damage|p1a: Zapdos|42\/100\n|-unboost|p2a: TOOLS OF WAR|def|1\n|-unboost|p2a: TOOLS OF WAR|spd|1\n|\n|upkeep\n|turn|17\n|\n|t:|1664128602\n|move|p2a: TOOLS OF WAR|Close Combat|p1a: Zapdos\n|-resisted|p1a: Zapdos\n|-damage|p1a: Zapdos|7\/100\n|-unboost|p2a: TOOLS OF WAR|def|1\n|-unboost|p2a: TOOLS OF WAR|spd|1\n|move|p1a: Zapdos|Roost|p1a: Zapdos\n|-heal|p1a: Zapdos|57\/100\n|-singleturn|p1a: Zapdos|move: Roost\n|\n|upkeep\n|turn|18\n|\n|t:|1664128612\n|switch|p2a: BIRMINGHAM CLIMAX|Landorus-Therian, M|94\/100\n|-ability|p2a: BIRMINGHAM CLIMAX|Intimidate|boost\n|-unboost|p1a: Zapdos|atk|1\n|move|p1a: Zapdos|Roost|p1a: Zapdos\n|-heal|p1a: Zapdos|100\/100\n|-singleturn|p1a: Zapdos|move: Roost\n|\n|-heal|p2a: BIRMINGHAM CLIMAX|99\/100|[from] item: Leftovers\n|-fieldend|move: Psychic Terrain\n|upkeep\n|turn|19\n|\n|t:|1664128618\n|switch|p1a: Urshifu|Urshifu-Rapid-Strike, M|100\/100\n|move|p2a: BIRMINGHAM CLIMAX|Knock Off|p1a: Urshifu\n|-resisted|p1a: Urshifu\n|-damage|p1a: Urshifu|86\/100\n|-enditem|p1a: Urshifu|Protective Pads|[from] move: Knock Off|[of] p2a: BIRMINGHAM CLIMAX\n|\n|-heal|p2a: BIRMINGHAM CLIMAX|100\/100|[from] item: Leftovers\n|upkeep\n|turn|20\n|inactive|black thunderbolt has 210 seconds left.\n|\n|t:|1664128637\n|switch|p2a: PRIME MINISTER|Ferrothorn, F|84\/100\n|-singleturn|p1a: Urshifu|move: Focus Punch\n|move|p1a: Urshifu|Focus Punch|p2a: PRIME MINISTER\n|-supereffective|p2a: PRIME MINISTER\n|-damage|p2a: PRIME MINISTER|0 fnt\n|-damage|p1a: Urshifu|74\/100|[from] ability: Iron Barbs|[of] p2a: PRIME MINISTER\n|faint|p2a: PRIME MINISTER\n|\n|upkeep\n|c|\u2606Goinflex|ah\n|\n|t:|1664128644\n|switch|p2a: ELECTRA HEART|Tapu Lele|67\/100\n|-fieldstart|move: Psychic Terrain|[from] ability: Psychic Surge|[of] p2a: ELECTRA HEART\n|turn|21\n|inactive|black thunderbolt has 210 seconds left.\n|\n|t:|1664128674\n|switch|p1a: Ferrothorn|Ferrothorn, M|52\/100\n|move|p2a: ELECTRA HEART|Psychic|p1a: Ferrothorn\n|-resisted|p1a: Ferrothorn\n|-damage|p1a: Ferrothorn|30\/100\n|\n|-heal|p1a: Ferrothorn|36\/100|[from] item: Leftovers\n|upkeep\n|turn|22\n|\n|t:|1664128681\n|move|p2a: ELECTRA HEART|Psychic|p1a: Ferrothorn\n|-resisted|p1a: Ferrothorn\n|-damage|p1a: Ferrothorn|11\/100\n|move|p1a: Ferrothorn|Stealth Rock|p2a: ELECTRA HEART\n|-sidestart|p2: Goinflex|move: Stealth Rock\n|\n|-heal|p1a: Ferrothorn|17\/100|[from] item: Leftovers\n|upkeep\n|turn|23\n|\n|t:|1664128688\n|switch|p2a: TOOLS OF WAR|Zapdos-Galar|100\/100\n|-damage|p2a: TOOLS OF WAR|88\/100|[from] Stealth Rock\n|move|p1a: Ferrothorn|Stealth Rock||[still]\n|-fail|p1a: Ferrothorn\n|\n|-heal|p1a: Ferrothorn|23\/100|[from] item: Leftovers\n|upkeep\n|turn|24\n|\n|t:|1664128704\n|switch|p2a: ELECTRA HEART|Tapu Lele|67\/100\n|-damage|p2a: ELECTRA HEART|55\/100|[from] Stealth Rock\n|switch|p1a: Zapdos|Zapdos|100\/100\n|\n|upkeep\n|turn|25\n|\n|t:|1664128708\n|switch|p1a: Ferrothorn|Ferrothorn, M|23\/100\n|move|p2a: ELECTRA HEART|Moonblast|p1a: Ferrothorn\n|-resisted|p1a: Ferrothorn\n|-damage|p1a: Ferrothorn|2\/100\n|\n|-heal|p1a: Ferrothorn|8\/100|[from] item: Leftovers\n|-fieldend|move: Psychic Terrain\n|upkeep\n|turn|26\n|inactive|black thunderbolt has 210 seconds left.\n|\n|t:|1664128721\n|move|p2a: ELECTRA HEART|Moonblast|p1a: Ferrothorn\n|-resisted|p1a: Ferrothorn\n|-damage|p1a: Ferrothorn|0 fnt\n|faint|p1a: Ferrothorn\n|\n|upkeep\n|\n|t:|1664128724\n|switch|p1a: Excadrill|Excadrill, M|97\/100\n|turn|27\n|\n|t:|1664128727\n|switch|p2a: BIRMINGHAM CLIMAX|Landorus-Therian, M|100\/100\n|-damage|p2a: BIRMINGHAM CLIMAX|88\/100|[from] Stealth Rock\n|-ability|p2a: BIRMINGHAM CLIMAX|Intimidate|boost\n|-unboost|p1a: Excadrill|atk|1\n|move|p1a: Excadrill|Iron Head|p2a: BIRMINGHAM CLIMAX\n|-damage|p2a: BIRMINGHAM CLIMAX|43\/100\n|\n|-heal|p2a: BIRMINGHAM CLIMAX|49\/100|[from] item: Leftovers\n|upkeep\n|turn|28\n|\n|t:|1664128744\n|switch|p1a: Zapdos|Zapdos|100\/100\n|move|p2a: BIRMINGHAM CLIMAX|Defog|p1a: Zapdos\n|-unboost|p1a: Zapdos|evasion|1\n|-sideend|p2: Goinflex|Stealth Rock|[from] move: Defog|[of] p2a: BIRMINGHAM CLIMAX\n|\n|-heal|p2a: BIRMINGHAM CLIMAX|55\/100|[from] item: Leftovers\n|upkeep\n|turn|29\n|\n|t:|1664128750\n|move|p1a: Zapdos|Hurricane|p2a: BIRMINGHAM CLIMAX|[miss]\n|-miss|p1a: Zapdos|p2a: BIRMINGHAM CLIMAX\n|move|p2a: BIRMINGHAM CLIMAX|U-turn|p1a: Zapdos\n|-resisted|p1a: Zapdos\n|-damage|p1a: Zapdos|92\/100\n|\n|t:|1664128753\n|switch|p2a: ELECTRA HEART|Tapu Lele|55\/100|[from]move: U-turn\n|-fieldstart|move: Psychic Terrain|[from] ability: Psychic Surge|[of] p2a: ELECTRA HEART\n|\n|upkeep\n|turn|30\n|\n|t:|1664128774\n|switch|p1a: Tapu Lele|Tapu Lele, shiny|100\/100\n|move|p2a: ELECTRA HEART|Moonblast|p1a: Tapu Lele\n|-damage|p1a: Tapu Lele|44\/100\n|\n|upkeep\n|turn|31\n|inactive|black thunderbolt has 210 seconds left.\n|\n|t:|1664128803\n|switch|p1a: Excadrill|Excadrill, M|97\/100\n|move|p2a: ELECTRA HEART|Moonblast|p1a: Excadrill\n|-resisted|p1a: Excadrill\n|-damage|p1a: Excadrill|59\/100\n|\n|upkeep\n|turn|32\n|\n|t:|1664128810\n|switch|p2a: AQUA VITAE|Pelipper, M|46\/100\n|-weather|RainDance|[from] ability: Drizzle|[of] p2a: AQUA VITAE\n|move|p1a: Excadrill|Iron Head|p2a: AQUA VITAE\n|-resisted|p2a: AQUA VITAE\n|-damage|p2a: AQUA VITAE|2\/100\n|\n|-weather|RainDance|[upkeep]\n|upkeep\n|turn|33\n|\n|t:|1664128816\n|move|p1a: Excadrill|Iron Head|p2a: AQUA VITAE\n|-resisted|p2a: AQUA VITAE\n|-damage|p2a: AQUA VITAE|0 fnt\n|faint|p2a: AQUA VITAE\n|\n|-weather|RainDance|[upkeep]\n|-fieldend|move: Psychic Terrain\n|upkeep\n|\n|t:|1664128818\n|switch|p2a: TOOLS OF WAR|Zapdos-Galar|88\/100\n|turn|34\n|\n|t:|1664128825\n|switch|p2a: ELECTRA HEART|Tapu Lele|55\/100\n|-fieldstart|move: Psychic Terrain|[from] ability: Psychic Surge|[of] p2a: ELECTRA HEART\n|switch|p1a: Zapdos|Zapdos|92\/100\n|\n|-weather|RainDance|[upkeep]\n|upkeep\n|turn|35\n|inactive|black thunderbolt has 210 seconds left.\n|inactive|black thunderbolt has 180 seconds left.\n|\n|t:|1664128901\n|switch|p1a: Urshifu|Urshifu-Rapid-Strike, M|74\/100\n|move|p2a: ELECTRA HEART|Moonblast|p1a: Urshifu\n|-supereffective|p1a: Urshifu\n|-damage|p1a: Urshifu|0 fnt\n|faint|p1a: Urshifu\n|\n|-weather|RainDance|[upkeep]\n|upkeep\n|\n|t:|1664128921\n|switch|p1a: Excadrill|Excadrill, M|59\/100\n|turn|36\n|\n|t:|1664128924\n|switch|p2a: BIRMINGHAM CLIMAX|Landorus-Therian, M|55\/100\n|-ability|p2a: BIRMINGHAM CLIMAX|Intimidate|boost\n|-unboost|p1a: Excadrill|atk|1\n|move|p1a: Excadrill|Iron Head|p2a: BIRMINGHAM CLIMAX\n|-damage|p2a: BIRMINGHAM CLIMAX|10\/100\n|\n|-weather|none\n|-heal|p2a: BIRMINGHAM CLIMAX|16\/100|[from] item: Leftovers\n|upkeep\n|turn|37\n|inactive|black thunderbolt has 150 seconds left.\n|\n|t:|1664128961\n|move|p1a: Excadrill|Iron Head|p2a: BIRMINGHAM CLIMAX\n|-crit|p2a: BIRMINGHAM CLIMAX\n|-damage|p2a: BIRMINGHAM CLIMAX|0 fnt\n|faint|p2a: BIRMINGHAM CLIMAX\n|\n|upkeep\n|\n|t:|1664128968\n|switch|p2a: TOOLS OF WAR|Zapdos-Galar|88\/100\n|turn|38\n|inactive|black thunderbolt has 150 seconds left.\n|\n|t:|1664128976\n|switch|p2a: ELECTRA HEART|Tapu Lele|55\/100\n|switch|p1a: Tyranitar|Tyranitar, M|100\/100\n|-weather|Sandstorm|[from] ability: Sand Stream|[of] p1a: Tyranitar\n|\n|-weather|Sandstorm|[upkeep]\n|-damage|p2a: ELECTRA HEART|49\/100|[from] Sandstorm\n|-fieldend|move: Psychic Terrain\n|upkeep\n|turn|39\n|\n|t:|1664128985\n|move|p2a: ELECTRA HEART|Moonblast|p1a: Tyranitar\n|-supereffective|p1a: Tyranitar\n|-damage|p1a: Tyranitar|26\/100\n|move|p1a: Tyranitar|Ice Punch|p2a: ELECTRA HEART\n|-damage|p2a: ELECTRA HEART|0 fnt\n|faint|p2a: ELECTRA HEART\n|\n|-weather|Sandstorm|[upkeep]\n|upkeep\n|c|\u2606Goinflex|gg\n|-message|Goinflex forfeited.\n|\n|win|black thunderbolt\n|l|\u2606Goinflex\n|c|\u2606black thunderbolt|gg\n|l| Vieux Aigri\n|l| PyProd.\n","uploadtime":1664129001,"views":48,"p1id":"blackthunderbolt","p2id":"goinflex","formatid":"gen8ou","rating":0,"private":0,"password":null}