{"id":"gen8ou-1692648762","p1":"IIIodyne","p2":"PahadiPokemon","format":"gen8ou","log":"|html|<div class=\"broadcast-blue\"><strong>[Gen 8] OU is currently suspecting Melmetal! For information on how to participate check out the <a href=\"https:\/\/www.smogon.com\/forums\/threads\/np-ss-ou-suspect-process-round-12-monster-mash.3709234\/\">suspect thread<\/a>.<\/strong><\/div>\n|j|\u2606IIIodyne\n|j|\u2606PahadiPokemon\n|inactive|Battle timer is ON: inactive players will automatically lose when time's up.\n|t:|1666514431\n|gametype|singles\n|player|p1|IIIodyne|265|\n|player|p2|PahadiPokemon|beauty-gen2jp|\n|teamsize|p1|6\n|teamsize|p2|6\n|gen|8\n|tier|[Gen 8] OU\n|rated|Tournament battle\n|rule|Sleep Clause Mod: Limit one foe put to sleep\n|rule|Species Clause: Limit one of each Pok\u00e9mon\n|rule|OHKO Clause: OHKO moves are banned\n|rule|Evasion Items Clause: Evasion items are banned\n|rule|Evasion Moves Clause: Evasion moves are banned\n|rule|Endless Battle Clause: Forcing endless battles is banned\n|rule|HP Percentage Mod: HP is shown in percentages\n|rule|Dynamax Clause: You cannot dynamax\n|clearpoke\n|poke|p1|Snorlax, F|\n|poke|p1|Suicune|\n|poke|p1|Melmetal|\n|poke|p1|Victini|\n|poke|p1|Landorus-Therian, M|\n|poke|p1|Zapdos|\n|poke|p2|Dragapult, M|\n|poke|p2|Urshifu-*, M|\n|poke|p2|Landorus-Therian, M|\n|poke|p2|Melmetal|\n|poke|p2|Zapdos|\n|poke|p2|Slowbro, F|\n|teampreview\n|c|\u2606IIIodyne|hf\n|c|\u2606PahadiPokemon|u2\n|j| Bulymaguir\n|\n|t:|1666514442\n|start\n|switch|p1a: Suicune|Suicune|100\/100\n|switch|p2a: Dragapult|Dragapult, M|100\/100\n|-ability|p1a: Suicune|Pressure\n|turn|1\n|\n|t:|1666514452\n|switch|p1a: Snorlax|Snorlax, F|100\/100\n|move|p2a: Dragapult|U-turn|p1a: Snorlax\n|-damage|p1a: Snorlax|84\/100\n|\n|t:|1666514464\n|switch|p2a: Melmetal|Melmetal|100\/100|[from]move: U-turn\n|\n|-heal|p1a: Snorlax|90\/100|[from] item: Leftovers\n|upkeep\n|turn|2\n|\n|t:|1666514481\n|switch|p1a: Suicune|Suicune|100\/100\n|-ability|p1a: Suicune|Pressure\n|move|p2a: Melmetal|Toxic|p1a: Suicune\n|-status|p1a: Suicune|tox\n|\n|-damage|p1a: Suicune|94\/100 tox|[from] psn\n|upkeep\n|turn|3\n|j| cypherstest\n|\n|t:|1666514493\n|switch|p2a: Zapdos|Zapdos|100\/100\n|move|p1a: Suicune|Scald|p2a: Zapdos\n|-damage|p2a: Zapdos|75\/100\n|\n|-heal|p1a: Suicune|100\/100 tox|[from] item: Leftovers\n|-damage|p1a: Suicune|88\/100 tox|[from] psn\n|upkeep\n|turn|4\n|\n|t:|1666514501\n|switch|p1a: Snorlax|Snorlax, F|90\/100\n|move|p2a: Zapdos|Volt Switch|p1a: Snorlax\n|-damage|p1a: Snorlax|75\/100\n|\n|t:|1666514516\n|switch|p2a: Urshifu|Urshifu-Rapid-Strike, M|100\/100|[from]move: Volt Switch\n|\n|-heal|p1a: Snorlax|81\/100|[from] item: Leftovers\n|upkeep\n|turn|5\n|\n|t:|1666514525\n|switch|p1a: Suicune|Suicune|88\/100 tox\n|-ability|p1a: Suicune|Pressure\n|move|p2a: Urshifu|Surging Strikes|p1a: Suicune\n|-resisted|p1a: Suicune\n|-crit|p1a: Suicune\n|-damage|p1a: Suicune|80\/100 tox\n|-resisted|p1a: Suicune\n|-crit|p1a: Suicune\n|-damage|p1a: Suicune|72\/100 tox\n|-resisted|p1a: Suicune\n|-crit|p1a: Suicune\n|-damage|p1a: Suicune|63\/100 tox\n|-hitcount|p1a: Suicune|3\n|\n|-heal|p1a: Suicune|70\/100 tox|[from] item: Leftovers\n|-damage|p1a: Suicune|63\/100 tox|[from] psn\n|upkeep\n|turn|6\n|\n|t:|1666514534\n|switch|p2a: Zapdos|Zapdos|75\/100\n|switch|p1a: Zapdos|Zapdos|100\/100\n|\n|upkeep\n|turn|7\n|\n|t:|1666514539\n|move|p1a: Zapdos|Volt Switch|p2a: Zapdos\n|-damage|p2a: Zapdos|34\/100\n|\n|t:|1666514541\n|switch|p1a: Landorus|Landorus-Therian, M|100\/100|[from]move: Volt Switch\n|-ability|p1a: Landorus|Intimidate|boost\n|-unboost|p2a: Zapdos|atk|1\n|move|p2a: Zapdos|Volt Switch|p1a: Landorus\n|-immune|p1a: Landorus\n|\n|upkeep\n|turn|8\n|\n|t:|1666514550\n|switch|p2a: Landorus|Landorus-Therian, M|100\/100\n|-ability|p2a: Landorus|Intimidate|boost\n|-unboost|p1a: Landorus|atk|1\n|move|p1a: Landorus|Knock Off|p2a: Landorus\n|-damage|p2a: Landorus|76\/100\n|-enditem|p2a: Landorus|Leftovers|[from] move: Knock Off|[of] p1a: Landorus\n|\n|upkeep\n|turn|9\n|\n|t:|1666514558\n|switch|p1a: Zapdos|Zapdos|100\/100\n|move|p2a: Landorus|Stealth Rock|p1a: Zapdos\n|-sidestart|p1: IIIodyne|move: Stealth Rock\n|\n|upkeep\n|turn|10\n|\n|t:|1666514581\n|move|p1a: Zapdos|Defog|p2a: Landorus\n|-unboost|p2a: Landorus|evasion|1\n|-sideend|p1: IIIodyne|Stealth Rock|[from] move: Defog|[of] p1a: Zapdos\n|move|p2a: Landorus|Knock Off|p1a: Zapdos\n|-damage|p1a: Zapdos|64\/100\n|-status|p2a: Landorus|par|[from] ability: Static|[of] p1a: Zapdos\n|-enditem|p1a: Zapdos|Heavy-Duty Boots|[from] move: Knock Off|[of] p2a: Landorus\n|\n|upkeep\n|turn|11\n|\n|t:|1666514585\n|move|p1a: Zapdos|Hurricane|p2a: Landorus\n|-damage|p2a: Landorus|29\/100 par\n|move|p2a: Landorus|Stealth Rock|p1a: Zapdos\n|-sidestart|p1: IIIodyne|move: Stealth Rock\n|\n|upkeep\n|turn|12\n|\n|t:|1666514590\n|move|p1a: Zapdos|Defog|p2a: Landorus\n|-unboost|p2a: Landorus|evasion|1\n|-sideend|p1: IIIodyne|Stealth Rock|[from] move: Defog|[of] p1a: Zapdos\n|move|p2a: Landorus|U-turn|p1a: Zapdos\n|-resisted|p1a: Zapdos\n|-damage|p1a: Zapdos|52\/100\n|\n|t:|1666514594\n|switch|p2a: Dragapult|Dragapult, M|100\/100|[from]move: U-turn\n|\n|upkeep\n|turn|13\n|\n|t:|1666514600\n|switch|p1a: Snorlax|Snorlax, F|81\/100\n|move|p2a: Dragapult|U-turn|p1a: Snorlax\n|-damage|p1a: Snorlax|65\/100\n|\n|t:|1666514603\n|switch|p2a: Urshifu|Urshifu-Rapid-Strike, M|100\/100|[from]move: U-turn\n|\n|-heal|p1a: Snorlax|71\/100|[from] item: Leftovers\n|upkeep\n|turn|14\n|j| niozdude\n|\n|t:|1666514615\n|switch|p1a: Landorus|Landorus-Therian, M|100\/100\n|-ability|p1a: Landorus|Intimidate|boost\n|-unboost|p2a: Urshifu|atk|1\n|move|p2a: Urshifu|Close Combat|p1a: Landorus\n|-resisted|p1a: Landorus\n|-damage|p1a: Landorus|64\/100\n|-unboost|p2a: Urshifu|def|1\n|-unboost|p2a: Urshifu|spd|1\n|\n|upkeep\n|turn|15\n|\n|t:|1666514635\n|switch|p2a: Zapdos|Zapdos|34\/100\n|move|p1a: Landorus|Knock Off|p2a: Zapdos\n|-damage|p2a: Zapdos|0 fnt\n|-enditem|p2a: Zapdos|Heavy-Duty Boots|[from] move: Knock Off|[of] p1a: Landorus\n|faint|p2a: Zapdos\n|\n|upkeep\n|\n|t:|1666514648\n|switch|p2a: Urshifu|Urshifu-Rapid-Strike, M|100\/100\n|turn|16\n|\n|t:|1666514655\n|switch|p1a: Suicune|Suicune|63\/100 tox\n|-ability|p1a: Suicune|Pressure\n|move|p2a: Urshifu|U-turn|p1a: Suicune\n|-crit|p1a: Suicune\n|-damage|p1a: Suicune|30\/100 tox\n|\n|t:|1666514662\n|switch|p2a: Dragapult|Dragapult, M|100\/100|[from]move: U-turn\n|\n|-heal|p1a: Suicune|36\/100 tox|[from] item: Leftovers\n|-damage|p1a: Suicune|30\/100 tox|[from] psn\n|upkeep\n|turn|17\n|\n|t:|1666514669\n|move|p2a: Dragapult|Draco Meteor|p1a: Suicune\n|-damage|p1a: Suicune|0 fnt\n|-unboost|p2a: Dragapult|spa|2\n|faint|p1a: Suicune\n|\n|upkeep\n|\n|t:|1666514673\n|switch|p1a: Landorus|Landorus-Therian, M|64\/100\n|-ability|p1a: Landorus|Intimidate|boost\n|-unboost|p2a: Dragapult|atk|1\n|turn|18\n|\n|t:|1666514678\n|switch|p2a: Landorus|Landorus-Therian, M|29\/100 par\n|-ability|p2a: Landorus|Intimidate|boost\n|-unboost|p1a: Landorus|atk|1\n|move|p1a: Landorus|Knock Off|p2a: Landorus\n|-damage|p2a: Landorus|14\/100 par\n|\n|upkeep\n|turn|19\n|\n|t:|1666514685\n|move|p1a: Landorus|Knock Off|p2a: Landorus\n|-damage|p2a: Landorus|0 fnt\n|faint|p2a: Landorus\n|\n|upkeep\n|\n|t:|1666514690\n|switch|p2a: Urshifu|Urshifu-Rapid-Strike, M|100\/100\n|turn|20\n|\n|t:|1666514713\n|switch|p1a: Zapdos|Zapdos|52\/100\n|move|p2a: Urshifu|Surging Strikes|p1a: Zapdos\n|-crit|p1a: Zapdos\n|-damage|p1a: Zapdos|18\/100\n|-crit|p1a: Zapdos\n|-damage|p1a: Zapdos|0 fnt\n|faint|p1a: Zapdos\n|-hitcount|p1: Zapdos|2\n|\n|upkeep\n|\n|t:|1666514720\n|switch|p1a: Victini|Victini|100\/100\n|turn|21\n|\n|t:|1666514725\n|switch|p2a: Slowbro|Slowbro, F|100\/100\n|move|p1a: Victini|Bolt Strike|p2a: Slowbro\n|-supereffective|p2a: Slowbro\n|-damage|p2a: Slowbro|30\/100\n|\n|upkeep\n|turn|22\n|\n|t:|1666514732\n|switch|p2a: Dragapult|Dragapult, M|100\/100\n|move|p1a: Victini|Bolt Strike|p2a: Dragapult\n|-resisted|p2a: Dragapult\n|-damage|p2a: Dragapult|63\/100\n|\n|upkeep\n|turn|23\n|\n|t:|1666514739\n|switch|p1a: Snorlax|Snorlax, F|71\/100\n|move|p2a: Dragapult|U-turn|p1a: Snorlax\n|-damage|p1a: Snorlax|56\/100\n|\n|t:|1666514741\n|switch|p2a: Urshifu|Urshifu-Rapid-Strike, M|100\/100|[from]move: U-turn\n|\n|-heal|p1a: Snorlax|62\/100|[from] item: Leftovers\n|upkeep\n|turn|24\n|\n|t:|1666514746\n|move|p2a: Urshifu|Surging Strikes|p1a: Snorlax\n|-crit|p1a: Snorlax\n|-damage|p1a: Snorlax|35\/100\n|-crit|p1a: Snorlax\n|-damage|p1a: Snorlax|7\/100\n|-crit|p1a: Snorlax\n|-damage|p1a: Snorlax|0 fnt\n|faint|p1a: Snorlax\n|-hitcount|p1: Snorlax|3\n|\n|upkeep\n|\n|t:|1666514749\n|switch|p1a: Victini|Victini|100\/100\n|turn|25\n|\n|t:|1666514765\n|switch|p2a: Melmetal|Melmetal|100\/100\n|move|p1a: Victini|V-create|p2a: Melmetal\n|-supereffective|p2a: Melmetal\n|-damage|p2a: Melmetal|0 fnt\n|-unboost|p1a: Victini|spe|1\n|-unboost|p1a: Victini|def|1\n|-unboost|p1a: Victini|spd|1\n|faint|p2a: Melmetal\n|\n|upkeep\n|\n|t:|1666514771\n|switch|p2a: Dragapult|Dragapult, M|63\/100\n|turn|26\n|\n|t:|1666514781\n|switch|p1a: Melmetal|Melmetal|100\/100\n|move|p2a: Dragapult|Shadow Ball|p1a: Melmetal\n|-damage|p1a: Melmetal|60\/100\n|\n|upkeep\n|turn|27\n|\n|t:|1666514788\n|switch|p2a: Slowbro|Slowbro, F|63\/100\n|move|p1a: Melmetal|Double Iron Bash|p2a: Slowbro\n|-resisted|p2a: Slowbro\n|-damage|p2a: Slowbro|49\/100\n|-resisted|p2a: Slowbro\n|-damage|p2a: Slowbro|38\/100\n|-hitcount|p2a: Slowbro|2\n|\n|upkeep\n|turn|28\n|\n|t:|1666514796\n|move|p1a: Melmetal|Thunder Punch|p2a: Slowbro\n|-supereffective|p2a: Slowbro\n|-damage|p2a: Slowbro|0 fnt\n|faint|p2a: Slowbro\n|\n|upkeep\n|\n|t:|1666514802\n|switch|p2a: Urshifu|Urshifu-Rapid-Strike, M|100\/100\n|turn|29\n|\n|t:|1666514814\n|move|p2a: Urshifu|Surging Strikes|p1a: Melmetal\n|-crit|p1a: Melmetal\n|-damage|p1a: Melmetal|41\/100\n|-crit|p1a: Melmetal\n|-damage|p1a: Melmetal|22\/100\n|-crit|p1a: Melmetal\n|-damage|p1a: Melmetal|2\/100\n|-hitcount|p1a: Melmetal|3\n|move|p1a: Melmetal|Thunder Punch|p2a: Urshifu\n|-supereffective|p2a: Urshifu\n|-damage|p2a: Urshifu|25\/100\n|-status|p2a: Urshifu|par\n|\n|upkeep\n|turn|30\n|c|\u2606PahadiPokemon|lol\n|\n|t:|1666514826\n|move|p2a: Urshifu|Surging Strikes|p1a: Melmetal\n|-crit|p1a: Melmetal\n|-damage|p1a: Melmetal|0 fnt\n|faint|p1a: Melmetal\n|-hitcount|p1: Melmetal|1\n|\n|upkeep\n|\n|t:|1666514830\n|switch|p1a: Victini|Victini|100\/100\n|turn|31\n|\n|t:|1666514839\n|switch|p2a: Dragapult|Dragapult, M|63\/100\n|move|p1a: Victini|V-create|p2a: Dragapult\n|-resisted|p2a: Dragapult\n|-damage|p2a: Dragapult|0 fnt\n|-unboost|p1a: Victini|spe|1\n|-unboost|p1a: Victini|def|1\n|-unboost|p1a: Victini|spd|1\n|faint|p2a: Dragapult\n|\n|upkeep\n|\n|t:|1666514844\n|switch|p2a: Urshifu|Urshifu-Rapid-Strike, M|25\/100 par\n|turn|32\n|c|\u2606PahadiPokemon|gg\n|\n|t:|1666514850\n|switch|p1a: Landorus|Landorus-Therian, M|64\/100\n|-ability|p1a: Landorus|Intimidate|boost\n|-unboost|p2a: Urshifu|atk|1\n|cant|p2a: Urshifu|par\n|\n|upkeep\n|turn|33\n|c|\u2606IIIodyne|gg\n|\n|t:|1666514856\n|move|p2a: Urshifu|Aqua Jet|p1a: Landorus\n|-supereffective|p1a: Landorus\n|-damage|p1a: Landorus|14\/100\n|move|p1a: Landorus|Earthquake|p2a: Urshifu\n|-damage|p2a: Urshifu|0 fnt\n|faint|p2a: Urshifu\n|\n|win|IIIodyne\n|n|\u2606IIIodyne|iiiodyne\n|n|\u2606PahadiPokemon|pahadipokemon\n|n| Bulymaguir|bulymaguir\n|n| cypherstest|cypherstest\n|n| niozdude|niozdude\n|l|\u2606PahadiPokemon\n","uploadtime":1666514870,"views":19,"p1id":"iiiodyne","p2id":"pahadipokemon","formatid":"gen8ou","rating":0,"private":0,"password":null}