{"id":"gen8ou-1248802634","p1":"Contorted Lies","p2":"Triss merigold 14","format":"gen8ou","log":"|j|\u2606Contorted Lies\n|j|\u2606Triss merigold 14\n|t:|1608691293\n|player|p1|Contorted Lies|102|1753\n|player|p2|Triss merigold 14|102|1704\n|teamsize|p1|6\n|teamsize|p2|6\n|gametype|singles\n|gen|8\n|tier|[Gen 8] OU\n|rated|\n|clearpoke\n|poke|p1|Urshifu-*, F|\n|poke|p1|Slowking-Galar, F|\n|poke|p1|Rillaboom, F|\n|poke|p1|Garchomp, M|\n|poke|p1|Clefable, M|\n|poke|p1|Latios, M|\n|poke|p2|Toxtricity, F|\n|poke|p2|Garchomp, M|\n|poke|p2|Rillaboom, F|\n|poke|p2|Tornadus-Therian, M|\n|poke|p2|Magearna|\n|poke|p2|Heatran, M|\n|rule|Sleep Clause Mod: Limit one foe put to sleep\n|rule|Species Clause: Limit one of each Pok\u00e9mon\n|rule|OHKO Clause: OHKO moves are banned\n|rule|Evasion Moves Clause: Evasion moves are banned\n|rule|Endless Battle Clause: Forcing endless battles is banned\n|rule|HP Percentage Mod: HP is shown in percentages\n|rule|Dynamax Clause: You cannot dynamax\n|teampreview\n|j| Devon\n|\n|t:|1608691320\n|start\n|switch|p1a: Garchomp|Garchomp, M|100\/100\n|switch|p2a: Tornadus|Tornadus-Therian, M|100\/100\n|turn|1\n|\n|t:|1608691326\n|move|p2a: Tornadus|Knock Off|p1a: Garchomp\n|-damage|p1a: Garchomp|87\/100\n|-damage|p2a: Tornadus|88\/100|[from] ability: Rough Skin|[of] p1a: Garchomp\n|-damage|p2a: Tornadus|71\/100|[from] item: Rocky Helmet|[of] p1a: Garchomp\n|-enditem|p1a: Garchomp|Rocky Helmet|[from] move: Knock Off|[of] p2a: Tornadus\n|move|p1a: Garchomp|Dragon Tail|p2a: Tornadus\n|-damage|p2a: Tornadus|41\/100\n|drag|p2a: Toxtricity|Toxtricity, F|100\/100\n|\n|upkeep\n|turn|2\n|\n|t:|1608691338\n|switch|p2a: Tornadus|Tornadus-Therian, M|74\/100\n|move|p1a: Garchomp|Earthquake|p2a: Tornadus\n|-immune|p2a: Tornadus\n|\n|upkeep\n|turn|3\n|\n|t:|1608691343\n|move|p2a: Tornadus|Hurricane|p1a: Garchomp\n|-damage|p1a: Garchomp|48\/100\n|move|p1a: Garchomp|Dragon Tail|p2a: Tornadus\n|-damage|p2a: Tornadus|43\/100\n|drag|p2a: Heatran|Heatran, M|100\/100\n|\n|upkeep\n|turn|4\n|inactive|Battle timer is ON: inactive players will automatically lose when time's up. (requested by Triss merigold 14)\n|\n|t:|1608691352\n|switch|p2a: Tornadus|Tornadus-Therian, M|76\/100\n|move|p1a: Garchomp|Stealth Rock|p2a: Tornadus\n|-sidestart|p2: Triss merigold 14|move: Stealth Rock\n|\n|upkeep\n|turn|5\n|\n|t:|1608691356\n|move|p2a: Tornadus|Defog|p1a: Garchomp\n|-unboost|p1a: Garchomp|evasion|1\n|-sideend|p2: Triss merigold 14|Stealth Rock|[from] move: Defog|[of] p2a: Tornadus\n|move|p1a: Garchomp|Dragon Tail|p2a: Tornadus\n|-damage|p2a: Tornadus|49\/100\n|drag|p2a: Rillaboom|Rillaboom, F|100\/100\n|-fieldstart|move: Grassy Terrain|[from] ability: Grassy Surge|[of] p2a: Rillaboom\n|\n|-heal|p1a: Garchomp|54\/100|[from] Grassy Terrain\n|upkeep\n|turn|6\n|\n|t:|1608691365\n|move|p2a: Rillaboom|Grassy Glide|p1a: Garchomp\n|-damage|p1a: Garchomp|6\/100\n|-damage|p2a: Rillaboom|88\/100|[from] ability: Rough Skin|[of] p1a: Garchomp\n|move|p1a: Garchomp|Stealth Rock|p2a: Rillaboom\n|-sidestart|p2: Triss merigold 14|move: Stealth Rock\n|\n|-heal|p2a: Rillaboom|94\/100|[from] Grassy Terrain\n|-heal|p1a: Garchomp|12\/100|[from] Grassy Terrain\n|upkeep\n|turn|7\n|\n|t:|1608691374\n|move|p2a: Rillaboom|Grassy Glide|p1a: Garchomp\n|-damage|p1a: Garchomp|0 fnt\n|-damage|p2a: Rillaboom|82\/100|[from] ability: Rough Skin|[of] p1a: Garchomp\n|faint|p1a: Garchomp\n|\n|-heal|p2a: Rillaboom|88\/100|[from] Grassy Terrain\n|upkeep\n|\n|t:|1608691381\n|switch|p1a: Urshifu|Urshifu, F|100\/100\n|turn|8\n|\n|t:|1608691396\n|switch|p2a: Magearna|Magearna|100\/100\n|-damage|p2a: Magearna|95\/100|[from] Stealth Rock\n|move|p1a: Urshifu|Wicked Blow|p2a: Magearna\n|-resisted|p2a: Magearna\n|-crit|p2a: Magearna\n|-damage|p2a: Magearna|48\/100\n|\n|-heal|p2a: Magearna|54\/100|[from] Grassy Terrain\n|upkeep\n|turn|9\n|\n|t:|1608691416\n|switch|p1a: Slowking|Slowking-Galar, F|100\/100\n|move|p2a: Magearna|Volt Switch|p1a: Slowking\n|-damage|p1a: Slowking|81\/100\n|\n|t:|1608691421\n|switch|p2a: Tornadus|Tornadus-Therian, M|82\/100|[from]move: Volt Switch\n|\n|-heal|p1a: Slowking|87\/100|[from] Grassy Terrain\n|-fieldend|move: Grassy Terrain\n|upkeep\n|turn|10\n|\n|t:|1608691427\n|move|p2a: Tornadus|Knock Off|p1a: Slowking\n|-supereffective|p1a: Slowking\n|-damage|p1a: Slowking|46\/100\n|-enditem|p1a: Slowking|Assault Vest|[from] move: Knock Off|[of] p2a: Tornadus\n|move|p1a: Slowking|Sludge Bomb|p2a: Tornadus\n|-damage|p2a: Tornadus|36\/100\n|-status|p2a: Tornadus|psn\n|\n|-damage|p2a: Tornadus|23\/100 psn|[from] psn\n|upkeep\n|turn|11\n|j| mandada90\n|\n|t:|1608691436\n|move|p2a: Tornadus|Defog|p1a: Slowking\n|-unboost|p1a: Slowking|evasion|1\n|-sideend|p2: Triss merigold 14|Stealth Rock|[from] move: Defog|[of] p2a: Tornadus\n|move|p1a: Slowking|Psychic|p2a: Tornadus\n|-damage|p2a: Tornadus|0 fnt\n|faint|p2a: Tornadus\n|\n|upkeep\n|\n|t:|1608691453\n|switch|p2a: Magearna|Magearna|54\/100\n|turn|12\n|\n|t:|1608691460\n|move|p2a: Magearna|Flash Cannon|p1a: Slowking\n|-damage|p1a: Slowking|0 fnt\n|faint|p1a: Slowking\n|-ability|p2a: Magearna|Soul-Heart|boost\n|-boost|p2a: Magearna|spa|1\n|\n|upkeep\n|\n|t:|1608691464\n|switch|p1a: Urshifu|Urshifu, F|100\/100\n|turn|13\n|j| dfuze\n|\n|t:|1608691488\n|move|p1a: Urshifu|Close Combat|p2a: Magearna\n|-damage|p2a: Magearna|0 fnt\n|-unboost|p1a: Urshifu|def|1\n|-unboost|p1a: Urshifu|spd|1\n|faint|p2a: Magearna\n|\n|upkeep\n|\n|t:|1608691495\n|switch|p2a: Rillaboom|Rillaboom, F|88\/100\n|-fieldstart|move: Grassy Terrain|[from] ability: Grassy Surge|[of] p2a: Rillaboom\n|turn|14\n|\n|t:|1608691499\n|switch|p1a: Rillaboom|Rillaboom, F|100\/100\n|move|p2a: Rillaboom|U-turn|p1a: Rillaboom\n|-supereffective|p1a: Rillaboom\n|-damage|p1a: Rillaboom|21\/100\n|\n|t:|1608691505\n|switch|p2a: Heatran|Heatran, M|100\/100|[from]move: U-turn\n|\n|-heal|p1a: Rillaboom|27\/100|[from] item: Leftovers\n|-heal|p1a: Rillaboom|34\/100|[from] Grassy Terrain\n|upkeep\n|turn|15\n|\n|t:|1608691512\n|move|p2a: Heatran|Eruption|p1a: Rillaboom\n|-supereffective|p1a: Rillaboom\n|-damage|p1a: Rillaboom|0 fnt\n|faint|p1a: Rillaboom\n|\n|upkeep\n|\n|t:|1608691515\n|switch|p1a: Latios|Latios, M|100\/100\n|turn|16\n|\n|t:|1608691520\n|move|p1a: Latios|Psychic|p2a: Heatran\n|-resisted|p2a: Heatran\n|-damage|p2a: Heatran|78\/100\n|move|p2a: Heatran|Eruption|p1a: Latios\n|-resisted|p1a: Latios\n|-damage|p1a: Latios|67\/100\n|\n|-heal|p2a: Heatran|84\/100|[from] Grassy Terrain\n|upkeep\n|turn|17\n|\n|t:|1608691531\n|move|p1a: Latios|Psychic|p2a: Heatran\n|-resisted|p2a: Heatran\n|-damage|p2a: Heatran|61\/100\n|move|p2a: Heatran|Eruption|p1a: Latios\n|-resisted|p1a: Latios\n|-damage|p1a: Latios|43\/100\n|\n|-heal|p2a: Heatran|67\/100|[from] Grassy Terrain\n|upkeep\n|turn|18\n|\n|t:|1608691541\n|move|p1a: Latios|Psychic|p2a: Heatran\n|-resisted|p2a: Heatran\n|-damage|p2a: Heatran|45\/100\n|move|p2a: Heatran|Eruption|p1a: Latios\n|-resisted|p1a: Latios\n|-damage|p1a: Latios|25\/100\n|\n|-heal|p2a: Heatran|51\/100|[from] Grassy Terrain\n|-fieldend|move: Grassy Terrain\n|upkeep\n|turn|19\n|\n|t:|1608691549\n|switch|p2a: Rillaboom|Rillaboom, F|88\/100\n|-fieldstart|move: Grassy Terrain|[from] ability: Grassy Surge|[of] p2a: Rillaboom\n|move|p1a: Latios|Psychic|p2a: Rillaboom\n|-damage|p2a: Rillaboom|30\/100\n|\n|-heal|p2a: Rillaboom|36\/100|[from] Grassy Terrain\n|upkeep\n|turn|20\n|\n|t:|1608691558\n|move|p2a: Rillaboom|Grassy Glide|p1a: Latios\n|-resisted|p1a: Latios\n|-damage|p1a: Latios|0 fnt\n|faint|p1a: Latios\n|\n|-heal|p2a: Rillaboom|42\/100|[from] Grassy Terrain\n|upkeep\n|\n|t:|1608691559\n|switch|p1a: Urshifu|Urshifu, F|100\/100\n|turn|21\n|\n|t:|1608691566\n|move|p2a: Rillaboom|Grassy Glide|p1a: Urshifu\n|-damage|p1a: Urshifu|26\/100\n|move|p1a: Urshifu|Wicked Blow|p2a: Rillaboom\n|-crit|p2a: Rillaboom\n|-damage|p2a: Rillaboom|0 fnt\n|faint|p2a: Rillaboom\n|\n|-heal|p1a: Urshifu|32\/100|[from] Grassy Terrain\n|upkeep\n|\n|t:|1608691576\n|switch|p2a: Heatran|Heatran, M|51\/100\n|turn|22\n|\n|t:|1608691585\n|move|p2a: Heatran|Fire Blast|p1a: Urshifu\n|-damage|p1a: Urshifu|0 fnt\n|faint|p1a: Urshifu\n|\n|-heal|p2a: Heatran|57\/100|[from] Grassy Terrain\n|upkeep\n|\n|t:|1608691586\n|switch|p1a: Clefable|Clefable, M|100\/100\n|turn|23\n|\n|t:|1608691595\n|switch|p2a: Garchomp|Garchomp, M|100\/100\n|move|p1a: Clefable|Calm Mind|p1a: Clefable\n|-boost|p1a: Clefable|spa|1\n|-boost|p1a: Clefable|spd|1\n|\n|-fieldend|move: Grassy Terrain\n|upkeep\n|turn|24\n|\n|t:|1608691602\n|move|p2a: Garchomp|Earthquake|p1a: Clefable\n|-damage|p1a: Clefable|62\/100\n|move|p1a: Clefable|Moonblast|p2a: Garchomp\n|-supereffective|p2a: Garchomp\n|-damage|p2a: Garchomp|0 fnt\n|faint|p2a: Garchomp\n|\n|-heal|p1a: Clefable|68\/100|[from] item: Leftovers\n|upkeep\n|l| mandada90\n|j| Vessev\n|\n|t:|1608691610\n|switch|p2a: Heatran|Heatran, M|57\/100\n|turn|25\n|\n|t:|1608691613\n|move|p2a: Heatran|Steel Beam|p1a: Clefable\n|-supereffective|p1a: Clefable\n|-damage|p1a: Clefable|0 fnt\n|-damage|p2a: Heatran|7\/100|[from] mindblown\n|faint|p1a: Clefable\n|\n|win|Triss merigold 14\n|l|\u2606Contorted Lies\n|raw|Contorted Lies's rating: 1731 &rarr; <strong>1710<\/strong><br \/>(-21 for losing)\n|raw|Triss merigold 14's rating: 1702 &rarr; <strong>1723<\/strong><br \/>(+21 for winning)\n|l|\u2606Triss merigold 14\n|l| Devon\n|l| dfuze\n","uploadtime":1608691710,"views":42,"p1id":"contortedlies","p2id":"trissmerigold14","formatid":"gen8ou","rating":1710,"private":0,"password":null}