{"id":"gen8ou-1611662847","p1":"tieracid","p2":"ROBOpoke","format":"gen8ou","log":"|j|\u2606tieracid\n|j|\u2606ROBOpoke\n|t:|1657130393\n|gametype|singles\n|player|p1|tieracid|#splxiiicryonicles|1603\n|player|p2|ROBOpoke|266|1629\n|teamsize|p1|6\n|teamsize|p2|6\n|gen|8\n|tier|[Gen 8] OU\n|rated|\n|rule|Sleep Clause Mod: Limit one foe put to sleep\n|rule|Species Clause: Limit one of each Pok\u00e9mon\n|rule|OHKO Clause: OHKO moves are banned\n|rule|Evasion Moves Clause: Evasion moves are banned\n|rule|Endless Battle Clause: Forcing endless battles is banned\n|rule|HP Percentage Mod: HP is shown in percentages\n|rule|Dynamax Clause: You cannot dynamax\n|clearpoke\n|poke|p1|Volcarona, F|\n|poke|p1|Dragapult, M|\n|poke|p1|Landorus-Therian, M|\n|poke|p1|Weavile, M|\n|poke|p1|Rillaboom, F|\n|poke|p1|Heatran, M|\n|poke|p2|Xatu, M|\n|poke|p2|Dragapult, F|\n|poke|p2|Kartana|\n|poke|p2|Heatran, M|\n|poke|p2|Rotom-Wash|\n|poke|p2|Dragonite, F|\n|teampreview\n|\n|t:|1657130407\n|start\n|switch|p1a: Weavile|Weavile, M|100\/100\n|switch|p2a: Heatran|Heatran, M|100\/100\n|-ability|p1a: Weavile|Pressure\n|turn|1\n|\n|t:|1657130410\n|move|p1a: Weavile|Knock Off|p2a: Heatran\n|-damage|p2a: Heatran|37\/100\n|-enditem|p2a: Heatran|Leftovers|[from] move: Knock Off|[of] p1a: Weavile\n|move|p2a: Heatran|Magma Storm|p1a: Weavile|[miss]\n|-miss|p2a: Heatran|p1a: Weavile\n|\n|upkeep\n|turn|2\n|\n|t:|1657130417\n|move|p1a: Weavile|Knock Off|p2a: Heatran\n|-damage|p2a: Heatran|0 fnt\n|faint|p2a: Heatran\n|\n|upkeep\n|\n|t:|1657130421\n|switch|p2a: Xatu|Xatu, M|100\/100\n|turn|3\n|inactive|Battle timer is ON: inactive players will automatically lose when time's up. (requested by tieracid)\n|\n|t:|1657130424\n|move|p1a: Weavile|Knock Off|p2a: Xatu\n|-supereffective|p2a: Xatu\n|-enditem|p2a: Xatu|Focus Sash\n|-damage|p2a: Xatu|1\/100\n|move|p2a: Xatu|Thunder Wave|p1a: Weavile|[miss]\n|-miss|p2a: Xatu|p1a: Weavile\n|\n|upkeep\n|turn|4\n|\n|t:|1657130430\n|move|p1a: Weavile|Knock Off|p2a: Xatu\n|-supereffective|p2a: Xatu\n|-damage|p2a: Xatu|0 fnt\n|faint|p2a: Xatu\n|\n|upkeep\n|\n|t:|1657130434\n|switch|p2a: Kartana|Kartana|100\/100\n|turn|5\n|\n|t:|1657130436\n|switch|p1a: Volcarona|Volcarona, F|100\/100\n|move|p2a: Kartana|Leaf Blade|p1a: Volcarona\n|-resisted|p1a: Volcarona\n|-damage|p1a: Volcarona|87\/100\n|\n|upkeep\n|turn|6\n|\n|t:|1657130442\n|switch|p1a: Weavile|Weavile, M|100\/100\n|-ability|p1a: Weavile|Pressure\n|move|p2a: Kartana|Leaf Blade|p1a: Weavile\n|-crit|p1a: Weavile\n|-damage|p1a: Weavile|0 fnt\n|faint|p1a: Weavile\n|-ability|p2a: Kartana|Beast Boost|boost\n|-boost|p2a: Kartana|atk|1\n|\n|upkeep\n|\n|t:|1657130447\n|switch|p1a: Volcarona|Volcarona, F|87\/100\n|turn|7\n|\n|t:|1657130453\n|switch|p2a: Dragonite|Dragonite, F|100\/100\n|switch|p1a: Landorus|Landorus-Therian, M|100\/100\n|-ability|p1a: Landorus|Intimidate|boost\n|-unboost|p2a: Dragonite|atk|1\n|\n|upkeep\n|turn|8\n|\n|t:|1657130457\n|switch|p2a: Kartana|Kartana|100\/100\n|move|p1a: Landorus|Toxic|p2a: Kartana\n|-immune|p2a: Kartana\n|\n|upkeep\n|turn|9\n|\n|t:|1657130460\n|switch|p1a: Volcarona|Volcarona, F|87\/100\n|move|p2a: Kartana|Knock Off|p1a: Volcarona\n|-damage|p1a: Volcarona|45\/100\n|-enditem|p1a: Volcarona|Heavy-Duty Boots|[from] move: Knock Off|[of] p2a: Kartana\n|\n|upkeep\n|turn|10\n|\n|t:|1657130463\n|switch|p2a: Dragonite|Dragonite, F|100\/100\n|move|p1a: Volcarona|Flamethrower|p2a: Dragonite\n|-resisted|p2a: Dragonite\n|-damage|p2a: Dragonite|89\/100\n|\n|upkeep\n|turn|11\n|\n|t:|1657130465\n|switch|p1a: Landorus|Landorus-Therian, M|100\/100\n|-ability|p1a: Landorus|Intimidate|boost\n|-unboost|p2a: Dragonite|atk|1\n|move|p2a: Dragonite|Roost|p2a: Dragonite\n|-heal|p2a: Dragonite|100\/100\n|-singleturn|p2a: Dragonite|move: Roost\n|\n|upkeep\n|turn|12\n|\n|t:|1657130468\n|switch|p2a: Kartana|Kartana|100\/100\n|move|p1a: Landorus|U-turn|p2a: Kartana\n|-damage|p2a: Kartana|79\/100\n|\n|t:|1657130475\n|switch|p1a: Dragapult|Dragapult, M|100\/100|[from]move: U-turn\n|\n|upkeep\n|turn|13\n|\n|t:|1657130477\n|switch|p1a: Volcarona|Volcarona, F|45\/100\n|move|p2a: Kartana|Knock Off|p1a: Volcarona\n|-damage|p1a: Volcarona|17\/100\n|-status|p2a: Kartana|brn|[from] ability: Flame Body|[of] p1a: Volcarona\n|\n|-damage|p2a: Kartana|73\/100 brn|[from] brn\n|upkeep\n|turn|14\n|\n|t:|1657130482\n|switch|p2a: Dragonite|Dragonite, F|100\/100\n|switch|p1a: Landorus|Landorus-Therian, M|100\/100\n|-ability|p1a: Landorus|Intimidate|boost\n|-unboost|p2a: Dragonite|atk|1\n|\n|upkeep\n|turn|15\n|\n|t:|1657130484\n|switch|p2a: Kartana|Kartana|73\/100 brn\n|move|p1a: Landorus|Toxic||[still]\n|-fail|p1a: Landorus\n|\n|-damage|p2a: Kartana|67\/100 brn|[from] brn\n|upkeep\n|turn|16\n|\n|t:|1657130487\n|move|p2a: Kartana|Knock Off|p1a: Landorus\n|-damage|p1a: Landorus|78\/100\n|-enditem|p1a: Landorus|Leftovers|[from] move: Knock Off|[of] p2a: Kartana\n|move|p1a: Landorus|Earthquake|p2a: Kartana\n|-damage|p2a: Kartana|14\/100 brn\n|\n|-damage|p2a: Kartana|8\/100 brn|[from] brn\n|upkeep\n|turn|17\n|\n|t:|1657130490\n|switch|p2a: Rotom|Rotom-Wash|100\/100\n|move|p1a: Landorus|U-turn|p2a: Rotom\n|-damage|p2a: Rotom|77\/100\n|\n|t:|1657130494\n|switch|p1a: Dragapult|Dragapult, M|100\/100|[from]move: U-turn\n|\n|-heal|p2a: Rotom|84\/100|[from] item: Leftovers\n|upkeep\n|turn|18\n|\n|t:|1657130497\n|move|p1a: Dragapult|Shadow Ball|p2a: Rotom\n|-damage|p2a: Rotom|43\/100\n|move|p2a: Rotom|Pain Split|p1a: Dragapult\n|-sethp|p1a: Dragapult|71\/100|[from] move: Pain Split|[silent]\n|-sethp|p2a: Rotom|74\/100|[from] move: Pain Split\n|\n|-heal|p2a: Rotom|80\/100|[from] item: Leftovers\n|upkeep\n|turn|19\n|\n|t:|1657130500\n|move|p1a: Dragapult|Shadow Ball|p2a: Rotom\n|-damage|p2a: Rotom|41\/100\n|move|p2a: Rotom|Thunder Wave|p1a: Dragapult\n|-status|p1a: Dragapult|par\n|\n|-heal|p2a: Rotom|47\/100|[from] item: Leftovers\n|upkeep\n|turn|20\n|\n|t:|1657130502\n|move|p1a: Dragapult|Shadow Ball|p2a: Rotom\n|-damage|p2a: Rotom|8\/100\n|move|p2a: Rotom|Hydro Pump|p1a: Dragapult\n|-resisted|p1a: Dragapult\n|-damage|p1a: Dragapult|44\/100 par\n|\n|-heal|p2a: Rotom|15\/100|[from] item: Leftovers\n|upkeep\n|turn|21\n|\n|t:|1657130505\n|move|p1a: Dragapult|Shadow Ball|p2a: Rotom\n|-damage|p2a: Rotom|0 fnt\n|faint|p2a: Rotom\n|\n|upkeep\n|\n|t:|1657130506\n|switch|p2a: Dragonite|Dragonite, F|100\/100\n|turn|22\n|\n|t:|1657130510\n|switch|p1a: Landorus|Landorus-Therian, M|78\/100\n|-ability|p1a: Landorus|Intimidate|boost\n|-unboost|p2a: Dragonite|atk|1\n|move|p2a: Dragonite|Ice Punch|p1a: Landorus\n|-supereffective|p1a: Landorus\n|-damage|p1a: Landorus|2\/100\n|\n|upkeep\n|turn|23\n|\n|t:|1657130516\n|switch|p2a: Kartana|Kartana|8\/100 brn\n|move|p1a: Landorus|Toxic|p2a: Kartana|[miss]\n|-miss|p1a: Landorus|p2a: Kartana\n|\n|-damage|p2a: Kartana|2\/100 brn|[from] brn\n|upkeep\n|turn|24\n|\n|t:|1657130519\n|switch|p1a: Volcarona|Volcarona, F|17\/100\n|move|p2a: Kartana|Knock Off|p1a: Volcarona\n|-damage|p1a: Volcarona|3\/100\n|\n|-damage|p2a: Kartana|0 fnt|[from] brn\n|faint|p2a: Kartana\n|upkeep\n|\n|t:|1657130520\n|switch|p2a: Dragonite|Dragonite, F|100\/100\n|turn|25\n|\n|t:|1657130526\n|switch|p1a: Landorus|Landorus-Therian, M|2\/100\n|-ability|p1a: Landorus|Intimidate|boost\n|-unboost|p2a: Dragonite|atk|1\n|move|p2a: Dragonite|Dragon Dance|p2a: Dragonite\n|-boost|p2a: Dragonite|atk|1\n|-boost|p2a: Dragonite|spe|1\n|\n|upkeep\n|turn|26\n|j| Bobbay John\n|\n|t:|1657130529\n|switch|p1a: Volcarona|Volcarona, F|3\/100\n|move|p2a: Dragonite|Dragon Dance|p2a: Dragonite\n|-boost|p2a: Dragonite|atk|1\n|-boost|p2a: Dragonite|spe|1\n|\n|upkeep\n|turn|27\n|\n|t:|1657130531\n|move|p2a: Dragonite|Dragon Dance|p2a: Dragonite\n|-boost|p2a: Dragonite|atk|1\n|-boost|p2a: Dragonite|spe|1\n|move|p1a: Volcarona|Flamethrower|p2a: Dragonite\n|-resisted|p2a: Dragonite\n|-damage|p2a: Dragonite|89\/100\n|\n|upkeep\n|turn|28\n|\n|t:|1657130533\n|switch|p1a: Landorus|Landorus-Therian, M|2\/100\n|-ability|p1a: Landorus|Intimidate|boost\n|-unboost|p2a: Dragonite|atk|1\n|move|p2a: Dragonite|Dragon Dance|p2a: Dragonite\n|-boost|p2a: Dragonite|atk|1\n|-boost|p2a: Dragonite|spe|1\n|\n|upkeep\n|turn|29\n|\n|t:|1657130536\n|switch|p1a: Volcarona|Volcarona, F|3\/100\n|move|p2a: Dragonite|Ice Punch|p1a: Volcarona\n|-resisted|p1a: Volcarona\n|-damage|p1a: Volcarona|0 fnt\n|faint|p1a: Volcarona\n|\n|upkeep\n|\n|t:|1657130538\n|switch|p1a: Landorus|Landorus-Therian, M|2\/100\n|-ability|p1a: Landorus|Intimidate|boost\n|-unboost|p2a: Dragonite|atk|1\n|turn|30\n|\n|t:|1657130540\n|switch|p1a: Heatran|Heatran, M|100\/100\n|move|p2a: Dragonite|Earthquake|p1a: Heatran\n|-supereffective|p1a: Heatran\n|-damage|p1a: Heatran|0 fnt\n|faint|p1a: Heatran\n|\n|upkeep\n|\n|t:|1657130543\n|switch|p1a: Rillaboom|Rillaboom, F|100\/100\n|-fieldstart|move: Grassy Terrain|[from] ability: Grassy Surge|[of] p1a: Rillaboom\n|turn|31\n|\n|t:|1657130547\n|move|p2a: Dragonite|Dragon Dance|p2a: Dragonite\n|-boost|p2a: Dragonite|atk|1\n|-boost|p2a: Dragonite|spe|1\n|move|p1a: Rillaboom|Knock Off|p2a: Dragonite\n|-damage|p2a: Dragonite|47\/100\n|-enditem|p2a: Dragonite|Heavy-Duty Boots|[from] move: Knock Off|[of] p1a: Rillaboom\n|\n|upkeep\n|turn|32\n|\n|t:|1657130550\n|move|p2a: Dragonite|Roost|p2a: Dragonite\n|-heal|p2a: Dragonite|97\/100\n|-singleturn|p2a: Dragonite|move: Roost\n|move|p1a: Rillaboom|Swords Dance|p1a: Rillaboom\n|-boost|p1a: Rillaboom|atk|2\n|\n|-heal|p2a: Dragonite|100\/100|[from] Grassy Terrain\n|upkeep\n|turn|33\n|\n|t:|1657130553\n|move|p2a: Dragonite|Ice Punch|p1a: Rillaboom\n|-supereffective|p1a: Rillaboom\n|-damage|p1a: Rillaboom|8\/100\n|move|p1a: Rillaboom|Drain Punch|p2a: Dragonite\n|-resisted|p2a: Dragonite\n|-damage|p2a: Dragonite|85\/100\n|-heal|p1a: Rillaboom|14\/100|[from] drain|[of] p2a: Dragonite\n|\n|-heal|p1a: Rillaboom|20\/100|[from] Grassy Terrain\n|-heal|p1a: Rillaboom|27\/100|[from] item: Leftovers\n|upkeep\n|turn|34\n|\n|t:|1657130556\n|move|p2a: Dragonite|Ice Punch|p1a: Rillaboom\n|-supereffective|p1a: Rillaboom\n|-damage|p1a: Rillaboom|0 fnt\n|faint|p1a: Rillaboom\n|\n|upkeep\n|-message|tieracid forfeited.\n|\n|win|ROBOpoke\n|raw|tieracid's rating: 1603 &rarr; <strong>1584<\/strong><br \/>(-19 for losing)\n|raw|ROBOpoke's rating: 1629 &rarr; <strong>1648<\/strong><br \/>(+19 for winning)\n|l|\u2606tieracid\n||Ladder isn't responding, score probably updated but might not have (Request timeout).\n|j| mekki the poison\n","uploadtime":1657130562,"views":14,"p1id":"tieracid","p2id":"robopoke","formatid":"gen8ou","rating":1584,"private":0,"password":null}