{"id":"gen8ou-1288656964","p1":"Datsko","p2":"Kazt_5","format":"gen8ou","log":"|j|\u2606Datsko\n|j|\u2606Kazt_5\n|inactive|Battle timer is ON: inactive players will automatically lose when time's up.\n|t:|1614144088\n|player|p1|Datsko|aaron|\n|player|p2|Kazt_5|dawn|\n|teamsize|p1|6\n|teamsize|p2|6\n|gametype|singles\n|gen|8\n|tier|[Gen 8] OU\n|rated|Tournament battle\n|clearpoke\n|poke|p1|Blacephalon|\n|poke|p1|Urshifu-*, F|\n|poke|p1|Tangrowth, F|\n|poke|p1|Slowking-Galar, F|\n|poke|p1|Landorus-Therian, M|\n|poke|p1|Corviknight, F|\n|poke|p2|Dragapult, M|\n|poke|p2|Clefable, F|\n|poke|p2|Moltres-Galar|\n|poke|p2|Heatran, F|\n|poke|p2|Landorus-Therian, M|\n|poke|p2|Rillaboom, F|\n|rule|Sleep Clause Mod: Limit one foe put to sleep\n|rule|Species Clause: Limit one of each Pok\u00e9mon\n|rule|OHKO Clause: OHKO moves are banned\n|rule|Evasion Moves Clause: Evasion moves are banned\n|rule|Endless Battle Clause: Forcing endless battles is banned\n|rule|HP Percentage Mod: HP is shown in percentages\n|rule|Dynamax Clause: You cannot dynamax\n|teampreview\n|j| Yugizx\n|j| vDvniel\n|j| justatest123\n|c|\u2606Datsko|hf\n|c|\u2606Kazt_5|hf!\n|c|\u2606Kazt_5|free shoutout is you win\n|j| Elephants Remember\n|\n|t:|1614144115\n|start\n|switch|p1a: Cassius Clay|Urshifu-Rapid-Strike, F|100\/100\n|switch|p2a: Rillaboom|Rillaboom, F|100\/100\n|-fieldstart|move: Grassy Terrain|[from] ability: Grassy Surge|[of] p2a: Rillaboom\n|turn|1\n|j| njkhbjgbhk\n|\n|t:|1614144120\n|switch|p1a: Vah Medoh|Corviknight, F|100\/100\n|-ability|p1a: Vah Medoh|Pressure\n|move|p2a: Rillaboom|Grassy Glide|p1a: Vah Medoh\n|-resisted|p1a: Vah Medoh\n|-damage|p1a: Vah Medoh|87\/100\n|-damage|p2a: Rillaboom|84\/100|[from] item: Rocky Helmet|[of] p1a: Vah Medoh\n|-damage|p2a: Rillaboom|74\/100|[from] item: Life Orb\n|\n|-heal|p2a: Rillaboom|80\/100|[from] Grassy Terrain\n|upkeep\n|turn|2\n|j| prof dankness\n|j| Ninja2storm\n|\n|t:|1614144128\n|switch|p2a: Dragapult|Dragapult, M|100\/100\n|move|p1a: Vah Medoh|U-turn|p2a: Dragapult\n|-resisted|p2a: Dragapult\n|-crit|p2a: Dragapult\n|-damage|p2a: Dragapult|86\/100\n|j| Jmann3157\n|\n|t:|1614144131\n|switch|p1a: Air Bud|Landorus-Therian, M|100\/100|[from]move: U-turn\n|-ability|p1a: Air Bud|Intimidate|boost\n|-unboost|p2a: Dragapult|atk|1\n|\n|-heal|p2a: Dragapult|92\/100|[from] Grassy Terrain\n|-heal|p2a: Dragapult|98\/100|[from] item: Leftovers\n|upkeep\n|turn|3\n|c| vDvniel|12 subs\n|\n|t:|1614144139\n|switch|p2a: Landorus|Landorus-Therian, M|100\/100\n|-ability|p2a: Landorus|Intimidate|boost\n|-unboost|p1a: Air Bud|atk|1\n|move|p1a: Air Bud|Stealth Rock|p2a: Landorus\n|-sidestart|p2: Kazt_5|move: Stealth Rock\n|\n|upkeep\n|turn|4\n|c|\u2606Datsko|huh\n|\n|t:|1614144143\n|move|p2a: Landorus|Knock Off|p1a: Air Bud\n|-damage|p1a: Air Bud|80\/100\n|-enditem|p1a: Air Bud|Leftovers|[from] move: Knock Off|[of] p2a: Landorus\n|move|p1a: Air Bud|Toxic|p2a: Landorus\n|-status|p2a: Landorus|tox\n|\n|-damage|p2a: Landorus|94\/100 tox|[from] psn\n|upkeep\n|turn|5\n|c| Ninja2storm|Hey datsko is this the team you were talking about\n|\n|t:|1614144148\n|move|p2a: Landorus|Defog|p1a: Air Bud\n|-unboost|p1a: Air Bud|evasion|1\n|-sideend|p2: Kazt_5|Stealth Rock|[from] move: Defog|[of] p2a: Landorus\n|-fieldend|move: Grassy Terrain\n|move|p1a: Air Bud|U-turn|p2a: Landorus\n|-resisted|p2a: Landorus\n|-damage|p2a: Landorus|89\/100 tox\n|c|\u2606Datsko|no it was going to be a regirock team but i guess i deleted it\n|\n|t:|1614144174\n|switch|p1a: Cassius Clay|Urshifu-Rapid-Strike, F|100\/100|[from]move: U-turn\n|\n|-heal|p2a: Landorus|95\/100 tox|[from] item: Leftovers\n|-damage|p2a: Landorus|83\/100 tox|[from] psn\n|upkeep\n|turn|6\n|c|\u2606Kazt_5|F\n|\n|t:|1614144184\n|switch|p2a: Rillaboom|Rillaboom, F|80\/100\n|-fieldstart|move: Grassy Terrain|[from] ability: Grassy Surge|[of] p2a: Rillaboom\n|move|p1a: Cassius Clay|U-turn|p2a: Rillaboom\n|-supereffective|p2a: Rillaboom\n|-damage|p2a: Rillaboom|0 fnt\n|faint|p2a: Rillaboom\n|l| Ninja2storm\n|j| Ninja2storm\n|c| prof dankness|damn\n|inactive|Datsko has 120 seconds left.\n|c|\u2606Kazt_5|FFFFFFFFFFF\n|\n|t:|1614144195\n|switch|p1a: Air Bud|Landorus-Therian, M|80\/100|[from]move: U-turn\n|\n|upkeep\n|j| whatamidoinng\n|\n|t:|1614144207\n|switch|p2a: Moltres|Moltres-Galar|100\/100\n|turn|7\n|c|\u2606Datsko|this is jjust me being paranoid of rocky helmet clef tbh\n|\n|t:|1614144221\n|move|p2a: Moltres|Substitute|p2a: Moltres\n|-start|p2a: Moltres|Substitute\n|-damage|p2a: Moltres|76\/100\n|move|p1a: Air Bud|Toxic||[still]\n|-fail|p1a: Air Bud\n|\n|-heal|p2a: Moltres|82\/100|[from] item: Leftovers\n|upkeep\n|turn|8\n|\n|t:|1614144224\n|move|p2a: Moltres|Nasty Plot|p2a: Moltres\n|-boost|p2a: Moltres|spa|2\n|move|p1a: Air Bud|U-turn|p2a: Moltres\n|-activate|p2a: Moltres|move: Substitute|[damage]\n|\n|t:|1614144226\n|switch|p1a: Cassius Clay|Urshifu-Rapid-Strike, F|100\/100|[from]move: U-turn\n|\n|-heal|p2a: Moltres|88\/100|[from] item: Leftovers\n|upkeep\n|turn|9\n|c| prof dankness|heat\n|\n|t:|1614144229\n|move|p1a: Cassius Clay|Surging Strikes|p2a: Moltres\n|-crit|p2a: Moltres\n|-end|p2a: Moltres|Substitute\n|-crit|p2a: Moltres\n|-damage|p2a: Moltres|57\/100\n|-crit|p2a: Moltres\n|-damage|p2a: Moltres|28\/100\n|-hitcount|p2a: Moltres|3\n|-ability|p2a: Moltres|Berserk|boost\n|-boost|p2a: Moltres|spa|1\n|move|p2a: Moltres|Air Slash|p1a: Cassius Clay\n|-supereffective|p1a: Cassius Clay\n|-damage|p1a: Cassius Clay|0 fnt\n|faint|p1a: Cassius Clay\n|\n|-heal|p2a: Moltres|34\/100|[from] item: Leftovers\n|upkeep\n|\n|t:|1614144241\n|switch|p1a: \ud83e\udd21|Blacephalon|100\/100\n|turn|10\n|\n|t:|1614144245\n|switch|p2a: Heatran|Heatran, F|100\/100\n|move|p1a: \ud83e\udd21|Flamethrower|p2a: Heatran\n|-start|p2a: Heatran|ability: Flash Fire\n|\n|-fieldend|move: Grassy Terrain\n|upkeep\n|turn|11\n|c| prof dankness|no agility\n|\n|t:|1614144253\n|switch|p1a: Pastagirl|Tangrowth, F|100\/100\n|move|p2a: Heatran|Magma Storm|p1a: Pastagirl\n|-supereffective|p1a: Pastagirl\n|-damage|p1a: Pastagirl|0 fnt\n|faint|p1a: Pastagirl\n|\n|upkeep\n|j| azn 1\n|\n|t:|1614144255\n|switch|p1a: Air Bud|Landorus-Therian, M|80\/100\n|-ability|p1a: Air Bud|Intimidate|boost\n|-unboost|p2a: Heatran|atk|1\n|turn|12\n|c| Yugizx|good nick for blacephalon\n|j| redblueplays\n|\n|t:|1614144268\n|-end|p2a: Heatran|ability: Flash Fire|[silent]\n|switch|p2a: Landorus|Landorus-Therian, M|83\/100 tox\n|-ability|p2a: Landorus|Intimidate|boost\n|-unboost|p1a: Air Bud|atk|1\n|move|p1a: Air Bud|Stealth Rock|p2a: Landorus\n|-sidestart|p2: Kazt_5|move: Stealth Rock\n|\n|-heal|p2a: Landorus|89\/100 tox|[from] item: Leftovers\n|-damage|p2a: Landorus|83\/100 tox|[from] psn\n|upkeep\n|turn|13\n|l| azn 1\n|j| Rukt\n|c|\u2606Datsko|thanks it took my last 3 brain cells to come up w\/ it\n|\n|t:|1614144283\n|move|p2a: Landorus|Defog|p1a: Air Bud\n|-unboost|p1a: Air Bud|evasion|1\n|-sideend|p2: Kazt_5|Stealth Rock|[from] move: Defog|[of] p2a: Landorus\n|move|p1a: Air Bud|U-turn|p2a: Landorus\n|-resisted|p2a: Landorus\n|-damage|p2a: Landorus|77\/100 tox\n|j| kisian\n|\n|t:|1614144289\n|switch|p1a: Vah Medoh|Corviknight, F|87\/100|[from]move: U-turn\n|-ability|p1a: Vah Medoh|Pressure\n|\n|-heal|p2a: Landorus|83\/100 tox|[from] item: Leftovers\n|-damage|p2a: Landorus|71\/100 tox|[from] psn\n|upkeep\n|turn|14\n|\n|t:|1614144293\n|move|p2a: Landorus|Knock Off|p1a: Vah Medoh\n|-damage|p1a: Vah Medoh|62\/100\n|-damage|p2a: Landorus|55\/100 tox|[from] item: Rocky Helmet|[of] p1a: Vah Medoh\n|-enditem|p1a: Vah Medoh|Rocky Helmet|[from] move: Knock Off|[of] p2a: Landorus\n|move|p1a: Vah Medoh|U-turn|p2a: Landorus\n|-resisted|p2a: Landorus\n|-damage|p2a: Landorus|49\/100 tox\n|j| BurlyBear_poke\n|\n|t:|1614144296\n|switch|p1a: \ud83e\udd21|Blacephalon|100\/100|[from]move: U-turn\n|\n|-heal|p2a: Landorus|55\/100 tox|[from] item: Leftovers\n|-damage|p2a: Landorus|37\/100 tox|[from] psn\n|upkeep\n|turn|15\n|\n|t:|1614144305\n|switch|p2a: Heatran|Heatran, F|100\/100\n|move|p1a: \ud83e\udd21|Shadow Ball|p2a: Heatran\n|-damage|p2a: Heatran|71\/100\n|\n|-heal|p2a: Heatran|78\/100|[from] item: Leftovers\n|upkeep\n|turn|16\n|\n|t:|1614144309\n|switch|p1a: GKing the 1st|Slowking-Galar, F|100\/100\n|move|p2a: Heatran|Toxic|p1a: GKing the 1st\n|-immune|p1a: GKing the 1st\n|\n|-heal|p2a: Heatran|84\/100|[from] item: Leftovers\n|upkeep\n|turn|17\n|\n|t:|1614144319\n|switch|p2a: Landorus|Landorus-Therian, M|37\/100 tox\n|-ability|p2a: Landorus|Intimidate|boost\n|-unboost|p1a: GKing the 1st|atk|1\n|move|p1a: GKing the 1st|Future Sight|p2a: Landorus\n|-start|p1a: GKing the 1st|move: Future Sight\n|\n|-heal|p2a: Landorus|43\/100 tox|[from] item: Leftovers\n|-damage|p2a: Landorus|37\/100 tox|[from] psn\n|upkeep\n|turn|18\n|l| justatest123\n|\n|t:|1614144324\n|switch|p1a: Vah Medoh|Corviknight, F|62\/100\n|-ability|p1a: Vah Medoh|Pressure\n|move|p2a: Landorus|U-turn|p1a: Vah Medoh\n|-resisted|p1a: Vah Medoh\n|-crit|p1a: Vah Medoh\n|-damage|p1a: Vah Medoh|56\/100\n|\n|t:|1614144332\n|switch|p2a: Heatran|Heatran, F|84\/100|[from]move: U-turn\n|\n|-heal|p2a: Heatran|90\/100|[from] item: Leftovers\n|upkeep\n|turn|19\n|\n|t:|1614144335\n|move|p2a: Heatran|Stealth Rock|p1a: Vah Medoh\n|-sidestart|p1: Datsko|move: Stealth Rock\n|move|p1a: Vah Medoh|Body Press|p2a: Heatran\n|-supereffective|p2a: Heatran\n|-damage|p2a: Heatran|59\/100\n|\n|-end|p2a: Heatran|move: Future Sight\n|-resisted|p2a: Heatran\n|-damage|p2a: Heatran|41\/100\n|-heal|p2a: Heatran|47\/100|[from] item: Leftovers\n|upkeep\n|turn|20\n|\n|t:|1614144345\n|switch|p2a: Dragapult|Dragapult, M|98\/100\n|switch|p1a: GKing the 1st|Slowking-Galar, F|100\/100\n|-damage|p1a: GKing the 1st|88\/100|[from] Stealth Rock\n|\n|-heal|p2a: Dragapult|100\/100|[from] item: Leftovers\n|upkeep\n|turn|21\n|\n|t:|1614144349\n|move|p2a: Dragapult|Thunder Wave|p1a: GKing the 1st\n|-status|p1a: GKing the 1st|par\n|cant|p1a: GKing the 1st|par\n|\n|upkeep\n|turn|22\n|j| Humpty Dumptruck\n|\n|t:|1614144352\n|move|p2a: Dragapult|Hex|p1a: GKing the 1st\n|-supereffective|p1a: GKing the 1st\n|-damage|p1a: GKing the 1st|41\/100 par\n|move|p1a: GKing the 1st|Sludge Bomb|p2a: Dragapult\n|-resisted|p2a: Dragapult\n|-crit|p2a: Dragapult\n|-damage|p2a: Dragapult|53\/100\n|\n|-heal|p2a: Dragapult|59\/100|[from] item: Leftovers\n|upkeep\n|turn|23\n|\n|t:|1614144356\n|move|p2a: Dragapult|Hex|p1a: GKing the 1st\n|-supereffective|p1a: GKing the 1st\n|-damage|p1a: GKing the 1st|0 fnt\n|faint|p1a: GKing the 1st\n|\n|-heal|p2a: Dragapult|65\/100|[from] item: Leftovers\n|upkeep\n|\n|t:|1614144357\n|switch|p1a: \ud83e\udd21|Blacephalon|100\/100\n|-damage|p1a: \ud83e\udd21|76\/100|[from] Stealth Rock\n|turn|24\n|j| DarkshinobiLadder\n|inactive|Kazt_5 has 120 seconds left.\n|l| njkhbjgbhk\n|c| whatamidoinng|scarf blaceph supremacy\n|\n|t:|1614144409\n|switch|p2a: Landorus|Landorus-Therian, M|37\/100 tox\n|-ability|p2a: Landorus|Intimidate|boost\n|-unboost|p1a: \ud83e\udd21|atk|1\n|move|p1a: \ud83e\udd21|Shadow Ball|p2a: Landorus\n|-damage|p2a: Landorus|0 fnt\n|faint|p2a: Landorus\n|-ability|p1a: \ud83e\udd21|Beast Boost|boost\n|-boost|p1a: \ud83e\udd21|spa|1\n|\n|upkeep\n|inactive|Kazt_5 has 90 seconds left.\n|\n|t:|1614144434\n|switch|p2a: Moltres|Moltres-Galar|34\/100\n|turn|25\n|l| Jmann3157\n|inactive|Datsko has 120 seconds left.\n|\n|t:|1614144481\n|switch|p1a: Air Bud|Landorus-Therian, M|80\/100\n|-damage|p1a: Air Bud|67\/100|[from] Stealth Rock\n|-ability|p1a: Air Bud|Intimidate|boost\n|-unboost|p2a: Moltres|atk|1\n|move|p2a: Moltres|Fiery Wrath|p1a: Air Bud\n|-damage|p1a: Air Bud|29\/100\n|\n|-heal|p2a: Moltres|40\/100|[from] item: Leftovers\n|upkeep\n|turn|26\n|\n|t:|1614144490\n|move|p2a: Moltres|Fiery Wrath|p1a: Air Bud\n|-damage|p1a: Air Bud|0 fnt\n|faint|p1a: Air Bud\n|\n|-heal|p2a: Moltres|46\/100|[from] item: Leftovers\n|upkeep\n|j| Awesome Aayush\n|\n|t:|1614144496\n|switch|p1a: Vah Medoh|Corviknight, F|56\/100\n|-damage|p1a: Vah Medoh|43\/100|[from] Stealth Rock\n|-ability|p1a: Vah Medoh|Pressure\n|turn|27\n|l| DarkshinobiLadder\n|\n|t:|1614144502\n|switch|p2a: Heatran|Heatran, F|47\/100\n|move|p1a: Vah Medoh|Body Press|p2a: Heatran\n|-supereffective|p2a: Heatran\n|-damage|p2a: Heatran|10\/100\n|\n|-heal|p2a: Heatran|16\/100|[from] item: Leftovers\n|upkeep\n|turn|28\n|\n|t:|1614144506\n|move|p2a: Heatran|Magma Storm|p1a: Vah Medoh|[miss]\n|-miss|p2a: Heatran|p1a: Vah Medoh\n|move|p1a: Vah Medoh|Body Press|p2a: Heatran\n|-supereffective|p2a: Heatran\n|-damage|p2a: Heatran|0 fnt\n|faint|p2a: Heatran\n|\n|upkeep\n|j| venson04\n|c|\u2606Datsko|sorry\n|inactive|Kazt_5 has 120 seconds left.\n|\n|t:|1614144511\n|switch|p2a: Clefable|Clefable, F|100\/100\n|turn|29\n|l| venson04\n|c|\u2606Kazt_5|its ok\n|c|\u2606Kazt_5|this wins\n|l| Yugizx\n|\n|t:|1614144521\n|move|p1a: Vah Medoh|U-turn|p2a: Clefable\n|-resisted|p2a: Clefable\n|-damage|p2a: Clefable|94\/100\n|\n|t:|1614144523\n|switch|p1a: \ud83e\udd21|Blacephalon|76\/100|[from]move: U-turn\n|-damage|p1a: \ud83e\udd21|51\/100|[from] Stealth Rock\n|move|p2a: Clefable|Calm Mind|p2a: Clefable\n|-boost|p2a: Clefable|spa|1\n|-boost|p2a: Clefable|spd|1\n|\n|upkeep\n|turn|30\n|l| Awesome Aayush\n|\n|t:|1614144528\n|move|p1a: \ud83e\udd21|Fire Blast|p2a: Clefable\n|-damage|p2a: Clefable|51\/100\n|move|p2a: Clefable|Thunderbolt|p1a: \ud83e\udd21\n|-crit|p1a: \ud83e\udd21\n|-damage|p1a: \ud83e\udd21|0 fnt\n|faint|p1a: \ud83e\udd21\n|\n|upkeep\n|\n|t:|1614144532\n|switch|p1a: Vah Medoh|Corviknight, F|43\/100\n|-damage|p1a: Vah Medoh|31\/100|[from] Stealth Rock\n|-ability|p1a: Vah Medoh|Pressure\n|turn|31\n|c|\u2606Datsko|gg\n|\n|t:|1614144538\n|move|p1a: Vah Medoh|Roost|p1a: Vah Medoh\n|-heal|p1a: Vah Medoh|81\/100\n|-singleturn|p1a: Vah Medoh|move: Roost\n|move|p2a: Clefable|Thunderbolt|p1a: Vah Medoh\n|-damage|p1a: Vah Medoh|57\/100\n|\n|upkeep\n|turn|32\n|c|\u2606Kazt_5|ggs\n|\n|t:|1614144544\n|move|p1a: Vah Medoh|Defog|p2a: Clefable\n|-unboost|p2a: Clefable|evasion|1\n|-sideend|p1: Datsko|Stealth Rock|[from] move: Defog|[of] p1a: Vah Medoh\n|move|p2a: Clefable|Soft-Boiled|p2a: Clefable\n|-heal|p2a: Clefable|100\/100\n|\n|upkeep\n|turn|33\n|\n|t:|1614144548\n|move|p1a: Vah Medoh|Body Press|p2a: Clefable\n|-resisted|p2a: Clefable\n|-damage|p2a: Clefable|92\/100\n|move|p2a: Clefable|Calm Mind|p2a: Clefable\n|-boost|p2a: Clefable|spa|1\n|-boost|p2a: Clefable|spd|1\n|\n|upkeep\n|turn|34\n|\n|t:|1614144550\n|move|p1a: Vah Medoh|Body Press|p2a: Clefable\n|-resisted|p2a: Clefable\n|-damage|p2a: Clefable|84\/100\n|move|p2a: Clefable|Calm Mind|p2a: Clefable\n|-boost|p2a: Clefable|spa|1\n|-boost|p2a: Clefable|spd|1\n|\n|upkeep\n|turn|35\n|\n|t:|1614144553\n|move|p1a: Vah Medoh|Body Press|p2a: Clefable\n|-resisted|p2a: Clefable\n|-damage|p2a: Clefable|76\/100\n|move|p2a: Clefable|Thunderbolt|p1a: Vah Medoh\n|-supereffective|p1a: Vah Medoh\n|-crit|p1a: Vah Medoh\n|-damage|p1a: Vah Medoh|0 fnt\n|faint|p1a: Vah Medoh\n|\n|win|Kazt_5\n|n|\u2606Datsko|datsko\n|n|\u2606Kazt_5|kazt5\n|n| vDvniel|vdvniel\n|n| Elephants Remember|elephantsremember\n|n| prof dankness|profdankness\n|n| Ninja2storm|ninja2storm\n|n| whatamidoinng|whatamidoinng\n|n| redblueplays|redblueplays\n|n| Rukt|rukt\n|n| kisian|kisian\n|n| BurlyBear_poke|burlybearpoke\n|n| Humpty Dumptruck|humptydumptruck\n","uploadtime":1614144555,"views":23,"p1id":"datsko","p2id":"kazt5","formatid":"gen8ou","rating":0,"private":0,"password":null}