{"id":"gen8ou-1641232979","p1":"Redemption","p2":"LT93OQ Gray","format":"gen8ou","log":"|raw|<div class=\"broadcast-blue\"><strong>This battle is required to be public due to a player having a name starting with 'lt93oq'.<\/div>\n|j|\u2606Redemption\n|j|\u2606LT93OQ Gray\n|t:|1660683354\n|gametype|singles\n|player|p1|Redemption|#redemption|1727\n|player|p2|LT93OQ Gray|169|1851\n|teamsize|p1|6\n|teamsize|p2|6\n|gen|8\n|tier|[Gen 8] OU\n|rated|\n|rule|Sleep Clause Mod: Limit one foe put to sleep\n|rule|Species Clause: Limit one of each Pok\u00e9mon\n|rule|OHKO Clause: OHKO moves are banned\n|rule|Evasion Items Clause: Evasion items are banned\n|rule|Evasion Moves Clause: Evasion moves are banned\n|rule|Endless Battle Clause: Forcing endless battles is banned\n|rule|HP Percentage Mod: HP is shown in percentages\n|rule|Dynamax Clause: You cannot dynamax\n|clearpoke\n|poke|p1|Crawdaunt, M|\n|poke|p1|Pelipper, M|\n|poke|p1|Ferrothorn, M|\n|poke|p1|Barraskewda, F|\n|poke|p1|Zapdos|\n|poke|p1|Seismitoad, F|\n|poke|p2|Landorus-Therian, M|\n|poke|p2|Ferrothorn, M|\n|poke|p2|Tapu Koko|\n|poke|p2|Dragonite, M|\n|poke|p2|Buzzwole|\n|poke|p2|Tapu Fini|\n|teampreview\n|inactive|Battle timer is ON: inactive players will automatically lose when time's up. (requested by LT93OQ Gray)\n|j| pls send team\n|j| Wee Hours\n|inactive|Redemption has 120 seconds left.\n|j| sdjlksfjkld\n|\n|t:|1660683424\n|start\n|switch|p1a: Seismitoad|Seismitoad, F|100\/100\n|switch|p2a: Tapu Koko|Tapu Koko|100\/100\n|-fieldstart|move: Electric Terrain|[from] ability: Electric Surge|[of] p2a: Tapu Koko\n|turn|1\n|\n|t:|1660683435\n|move|p2a: Tapu Koko|Grass Knot|p1a: Seismitoad\n|-supereffective|p1a: Seismitoad\n|-damage|p1a: Seismitoad|0 fnt\n|faint|p1a: Seismitoad\n|\n|upkeep\n|l| sdjlksfjkld\n|-message|Redemption forfeited.\n|\n|win|LT93OQ Gray\n|raw|Redemption's rating: 1727 &rarr; <strong>1714<\/strong><br \/>(-13 for losing)\n|raw|LT93OQ Gray's rating: 1851 &rarr; <strong>1864<\/strong><br \/>(+13 for winning)\n|l|\u2606LT93OQ Gray\n|l|\u2606Redemption\n|j| Edrala\n|j| LT93OQ ivyz\n|j| LT93OQ Nowelle\n|j| bulki lando\n|j| neck or da face\n|j| lt93oq ruby\n|l| LT93OQ ivyz\n|j| LT93OQ ivyz\n","uploadtime":1660683488,"views":58,"p1id":"redemption","p2id":"lt93oqgray","formatid":"gen8ou","rating":1714,"private":0,"password":null}