{"id":"gen8ou-1227009918","p1":"Umyboyblue","p2":"ThedebatableReaper","format":"gen8ou","log":"|j|\u2606Umyboyblue\n|j|\u2606ThedebatableReaper\n|t:|1605799367\n|player|p1|Umyboyblue|blue|1916\n|player|p2|ThedebatableReaper|266|1885\n|teamsize|p1|6\n|teamsize|p2|6\n|gametype|singles\n|gen|8\n|tier|[Gen 8] OU\n|rated|\n|clearpoke\n|poke|p1|Magearna-Original|\n|poke|p1|Landorus-Therian, M|\n|poke|p1|Dragonite, M|\n|poke|p1|Pheromosa|\n|poke|p1|Heatran, M|\n|poke|p1|Cinderace, F|\n|poke|p2|Latios, M|\n|poke|p2|Cinderace, F|\n|poke|p2|Heatran, M|\n|poke|p2|Tapu Fini|\n|poke|p2|Zapdos-Galar|\n|poke|p2|Nidoking, M|\n|rule|Sleep Clause Mod: Limit one foe put to sleep\n|rule|Species Clause: Limit one of each Pok\u00e9mon\n|rule|OHKO Clause: OHKO moves are banned\n|rule|Evasion Moves Clause: Evasion moves are banned\n|rule|Endless Battle Clause: Forcing endless battles is banned\n|rule|HP Percentage Mod: HP is shown in percentages\n|rule|Dynamax Clause: You cannot dynamax\n|teampreview\n|j| M10\n|j| assddff\n|j| Limited_Toolkit\n|j| MuesliDeCombat\n|inactive|Battle timer is ON: inactive players will automatically lose when time's up. (requested by ThedebatableReaper)\n|\n|t:|1605799460\n|start\n|switch|p1a: Pheromosa|Pheromosa, shiny|100\/100\n|switch|p2a: Zapdos|Zapdos-Galar|100\/100\n|turn|1\n|\n|t:|1605799470\n|switch|p1a: Heatran|Heatran, M|100\/100\n|move|p2a: Zapdos|Drill Peck|p1a: Heatran\n|-resisted|p1a: Heatran\n|-damage|p1a: Heatran|84\/100\n|\n|-heal|p1a: Heatran|90\/100|[from] item: Leftovers\n|upkeep\n|turn|2\n|\n|t:|1605799481\n|switch|p2a: Tapu Fini|Tapu Fini|100\/100\n|-fieldstart|move: Misty Terrain|[from] ability: Misty Surge|[of] p2a: Tapu Fini\n|move|p1a: Heatran|Magma Storm|p2a: Tapu Fini\n|-resisted|p2a: Tapu Fini\n|-damage|p2a: Tapu Fini|84\/100\n|-activate|p2a: Tapu Fini|move: Magma Storm|[of] p1a: Heatran\n|\n|-heal|p1a: Heatran|97\/100|[from] item: Leftovers\n|-heal|p2a: Tapu Fini|90\/100|[from] item: Leftovers\n|-damage|p2a: Tapu Fini|78\/100|[from] move: Magma Storm|[partiallytrapped]\n|upkeep\n|turn|3\n|\n|t:|1605799502\n|move|p1a: Heatran|Taunt|p2a: Tapu Fini\n|-start|p2a: Tapu Fini|move: Taunt\n|move|p2a: Tapu Fini|Surf|p1a: Heatran\n|-supereffective|p1a: Heatran\n|-damage|p1a: Heatran|53\/100\n|\n|-heal|p1a: Heatran|59\/100|[from] item: Leftovers\n|-heal|p2a: Tapu Fini|84\/100|[from] item: Leftovers\n|-damage|p2a: Tapu Fini|72\/100|[from] move: Magma Storm|[partiallytrapped]\n|upkeep\n|turn|4\n|\n|t:|1605799512\n|move|p1a: Heatran|Stealth Rock|p2a: Tapu Fini\n|-sidestart|p2: ThedebatableReaper|move: Stealth Rock\n|move|p2a: Tapu Fini|Surf|p1a: Heatran\n|-supereffective|p1a: Heatran\n|-damage|p1a: Heatran|18\/100\n|\n|-heal|p1a: Heatran|25\/100|[from] item: Leftovers\n|-heal|p2a: Tapu Fini|78\/100|[from] item: Leftovers\n|-damage|p2a: Tapu Fini|66\/100|[from] move: Magma Storm|[partiallytrapped]\n|upkeep\n|turn|5\n|j| zebcd\n|j| heat conductor\n|j| TheRealVaetosh\n|j| dgdfnvbnzxcvdfg\n|j| vip10086\n|inactive|Umyboyblue has 120 seconds left.\n|l| zebcd\n|j| 0wt0rez\n|inactive|Umyboyblue has 90 seconds left.\n|\n|t:|1605799578\n|move|p1a: Heatran|Earth Power|p2a: Tapu Fini\n|-damage|p2a: Tapu Fini|44\/100\n|-unboost|p2a: Tapu Fini|spd|1\n|move|p2a: Tapu Fini|Surf|p1a: Heatran\n|-supereffective|p1a: Heatran\n|-damage|p1a: Heatran|0 fnt\n|faint|p1a: Heatran\n|\n|-heal|p2a: Tapu Fini|50\/100|[from] item: Leftovers\n|-end|p2a: Tapu Fini|Magma Storm|[partiallytrapped]|[silent]\n|-end|p2a: Tapu Fini|move: Taunt\n|upkeep\n|j| zebcd\n|\n|t:|1605799587\n|switch|p1a: Cinderace|Cinderace, F|100\/100\n|turn|6\n|inactive|Umyboyblue has 90 seconds left.\n|\n|t:|1605799592\n|move|p1a: Cinderace|Gunk Shot|p2a: Tapu Fini\n|-start|p1a: Cinderace|typechange|Poison|[from] ability: Libero\n|-supereffective|p2a: Tapu Fini\n|-damage|p2a: Tapu Fini|0 fnt\n|faint|p2a: Tapu Fini\n|\n|-fieldend|Misty Terrain\n|upkeep\n|\n|t:|1605799604\n|switch|p2a: Cinderace|Cinderace, F|100\/100\n|turn|7\n|l| zebcd\n|j| Dragonmasteroli\n|l| Dragonmasteroli\n|inactive|Umyboyblue has 90 seconds left.\n|j| Dragonmasteroli\n|\n|t:|1605799623\n|move|p2a: Cinderace|Pyro Ball|p1a: Cinderace\n|-damage|p1a: Cinderace|13\/100\n|-status|p1a: Cinderace|brn\n|move|p1a: Cinderace|Gunk Shot|p2a: Cinderace\n|-damage|p2a: Cinderace|54\/100\n|\n|-damage|p1a: Cinderace|7\/100 brn|[from] brn\n|upkeep\n|turn|8\n|l| Dragonmasteroli\n|\n|t:|1605799636\n|move|p1a: Cinderace|Sucker Punch|p2a: Cinderace\n|-start|p1a: Cinderace|typechange|Dark|[from] ability: Libero\n|-damage|p2a: Cinderace|27\/100\n|move|p2a: Cinderace|Sucker Punch||[still]\n|-fail|p2a: Cinderace\n|\n|-damage|p1a: Cinderace|1\/100 brn|[from] brn\n|upkeep\n|turn|9\n|j| Deleting Threats\n|j| LL Pop Smoke\n|j| zebcd\n|\n|t:|1605799645\n|move|p2a: Cinderace|Sucker Punch|p1a: Cinderace\n|-start|p2a: Cinderace|typechange|Dark|[from] ability: Libero\n|-resisted|p1a: Cinderace\n|-damage|p1a: Cinderace|0 fnt\n|faint|p1a: Cinderace\n|\n|upkeep\n|j| AquaVanilla\n|\n|t:|1605799655\n|switch|p1a: Pheromosa|Pheromosa, shiny|100\/100\n|turn|10\n|\n|t:|1605799666\n|move|p1a: Pheromosa|Quiver Dance|p1a: Pheromosa\n|-boost|p1a: Pheromosa|spa|1\n|-boost|p1a: Pheromosa|spd|1\n|-boost|p1a: Pheromosa|spe|1\n|move|p2a: Cinderace|Pyro Ball|p1a: Pheromosa\n|-start|p2a: Cinderace|typechange|Fire|[from] ability: Libero\n|-supereffective|p1a: Pheromosa\n|-damage|p1a: Pheromosa|0 fnt\n|faint|p1a: Pheromosa\n|\n|upkeep\n|\n|t:|1605799671\n|switch|p1a: Landorus|Landorus-Therian, M|100\/100\n|-ability|p1a: Landorus|Intimidate|boost\n|-unboost|p2a: Cinderace|atk|1\n|turn|11\n|l| 0wt0rez\n|\n|t:|1605799692\n|move|p1a: Landorus|Knock Off|p2a: Cinderace\n|-damage|p2a: Cinderace|0 fnt\n|-enditem|p2a: Cinderace|Heavy-Duty Boots|[from] move: Knock Off|[of] p1a: Landorus\n|faint|p2a: Cinderace\n|\n|upkeep\n|j| Omari P\n|\n|t:|1605799699\n|switch|p2a: Nidoking|Nidoking, M|100\/100\n|-damage|p2a: Nidoking|95\/100|[from] Stealth Rock\n|turn|12\n|\n|t:|1605799705\n|move|p1a: Landorus|Knock Off|p2a: Nidoking\n|-damage|p2a: Nidoking|45\/100\n|-enditem|p2a: Nidoking|Life Orb|[from] move: Knock Off|[of] p1a: Landorus\n|move|p2a: Nidoking|Ice Beam|p1a: Landorus\n|-supereffective|p1a: Landorus\n|-damage|p1a: Landorus|0 fnt\n|faint|p1a: Landorus\n|\n|upkeep\n|\n|t:|1605799720\n|switch|p1a: Dragonite|Dragonite, M|100\/100\n|turn|13\n|\n|t:|1605799726\n|move|p2a: Nidoking|Ice Beam|p1a: Dragonite\n|-supereffective|p1a: Dragonite\n|-damage|p1a: Dragonite|32\/100\n|move|p1a: Dragonite|Dragon Dance|p1a: Dragonite\n|-boost|p1a: Dragonite|atk|1\n|-boost|p1a: Dragonite|spe|1\n|\n|upkeep\n|turn|14\n|\n|t:|1605799732\n|move|p1a: Dragonite|Extreme Speed|p2a: Nidoking\n|-damage|p2a: Nidoking|0 fnt\n|faint|p2a: Nidoking\n|\n|upkeep\n|j| Jynx Nuggets\n|\n|t:|1605799737\n|switch|p2a: Zapdos|Zapdos-Galar|100\/100\n|-damage|p2a: Zapdos|88\/100|[from] Stealth Rock\n|turn|15\n|j| Tixzol\n|j| Boi 240\n|\n|t:|1605799756\n|move|p1a: Dragonite|Extreme Speed|p2a: Zapdos\n|-damage|p2a: Zapdos|33\/100\n|move|p2a: Zapdos|Brave Bird|p1a: Dragonite\n|-damage|p1a: Dragonite|0 fnt\n|-damage|p2a: Zapdos|22\/100|[from] Recoil\n|faint|p1a: Dragonite\n|\n|upkeep\n|j| wrfw\n|l| Deleting Threats\n|inactive|Umyboyblue has 120 seconds left.\n|l| wrfw\n|l| TheRealVaetosh\n|l| zebcd\n|-message|Umyboyblue forfeited.\n|\n|win|ThedebatableReaper\n|l|\u2606Umyboyblue\n|l| M10\n|l|\u2606ThedebatableReaper\n","uploadtime":1605799792,"views":87,"p1id":"umyboyblue","p2id":"thedebatablereaper","formatid":"gen8ou","rating":0,"private":0,"password":null}