{"id":"gen8ou-1669568784","p1":"drop a baby","p2":"CokoiZ","format":"gen8ou","log":"|j|\u2606drop a baby\n|j|\u203dCokoiZ\n|t:|1663745935\n|gametype|singles\n|player|p1|drop a baby|chase|1647\n|player|p2|CokoiZ|candice|1545\n|teamsize|p1|6\n|teamsize|p2|6\n|gen|8\n|tier|[Gen 8] OU\n|rated|\n|rule|Sleep Clause Mod: Limit one foe put to sleep\n|rule|Species Clause: Limit one of each Pok\u00e9mon\n|rule|OHKO Clause: OHKO moves are banned\n|rule|Evasion Items Clause: Evasion items are banned\n|rule|Evasion Moves Clause: Evasion moves are banned\n|rule|Endless Battle Clause: Forcing endless battles is banned\n|rule|HP Percentage Mod: HP is shown in percentages\n|rule|Dynamax Clause: You cannot dynamax\n|clearpoke\n|poke|p1|Weavile, M|\n|poke|p1|Slowbro, M|\n|poke|p1|Heatran, M|\n|poke|p1|Landorus-Therian, M|\n|poke|p1|Tornadus-Therian, M|\n|poke|p1|Tyranitar, M|\n|poke|p2|Weezing, F|\n|poke|p2|Slurpuff, M|\n|poke|p2|Bisharp, M|\n|poke|p2|Heatran, M|\n|poke|p2|Tapu Bulu|\n|poke|p2|Dragonite, F|\n|teampreview\n|inactive|Battle timer is ON: inactive players will automatically lose when time's up. (requested by CokoiZ)\n|\n|t:|1663745954\n|start\n|switch|p1a: Tornadus|Tornadus-Therian, M|100\/100\n|switch|p2a: Weezing|Weezing, F|100\/100\n|turn|1\n|\n|t:|1663745960\n|move|p1a: Tornadus|Taunt|p2a: Weezing\n|-start|p2a: Weezing|move: Taunt\n|cant|p2a: Weezing|move: Taunt|Toxic Spikes\n|\n|upkeep\n|turn|2\n|\n|t:|1663745964\n|move|p1a: Tornadus|U-turn|p2a: Weezing\n|-resisted|p2a: Weezing\n|-damage|p2a: Weezing|95\/100\n|\n|t:|1663745966\n|switch|p1a: Landorus|Landorus-Therian, M|100\/100|[from]move: U-turn\n|-ability|p1a: Landorus|Intimidate|boost\n|-unboost|p2a: Weezing|atk|1\n|move|p2a: Weezing|Sludge Bomb|p1a: Landorus\n|-resisted|p1a: Landorus\n|-damage|p1a: Landorus|90\/100\n|\n|-heal|p1a: Landorus|96\/100|[from] item: Leftovers\n|-heal|p2a: Weezing|100\/100|[from] item: Leftovers\n|upkeep\n|turn|3\n|\n|t:|1663745974\n|move|p1a: Landorus|Gravity|p1a: Landorus\n|-fieldstart|move: Gravity\n|move|p2a: Weezing|Sludge Bomb|p1a: Landorus\n|-resisted|p1a: Landorus\n|-damage|p1a: Landorus|87\/100\n|-status|p1a: Landorus|psn\n|\n|-heal|p1a: Landorus|93\/100 psn|[from] item: Leftovers\n|-damage|p1a: Landorus|80\/100 psn|[from] psn\n|-end|p2a: Weezing|move: Taunt\n|upkeep\n|turn|4\n|\n|t:|1663745983\n|switch|p1a: Weavile|Weavile, M|100\/100\n|-ability|p1a: Weavile|Pressure\n|switch|p2a: Tapu Bulu|Tapu Bulu|100\/100\n|-fieldstart|move: Grassy Terrain|[from] ability: Grassy Surge|[of] p2a: Tapu Bulu\n|\n|upkeep\n|turn|5\n|\n|t:|1663745995\n|switch|p2a: Bisharp|Bisharp, M|100\/100\n|move|p1a: Weavile|Knock Off|p2a: Bisharp\n|-resisted|p2a: Bisharp\n|-damage|p2a: Bisharp|68\/100\n|-enditem|p2a: Bisharp|Life Orb|[from] move: Knock Off|[of] p1a: Weavile\n|\n|-heal|p2a: Bisharp|74\/100|[from] Grassy Terrain\n|upkeep\n|turn|6\n|\n|t:|1663746003\n|switch|p1a: Slowbro|Slowbro, M|100\/100\n|move|p2a: Bisharp|Substitute|p2a: Bisharp\n|-start|p2a: Bisharp|Substitute\n|-damage|p2a: Bisharp|50\/100\n|\n|-heal|p2a: Bisharp|55\/100|[from] Grassy Terrain\n|upkeep\n|turn|7\n|\n|t:|1663746007\n|move|p2a: Bisharp|Knock Off|p1a: Slowbro\n|-supereffective|p1a: Slowbro\n|-enditem|p1a: Slowbro|Colbur Berry|[eat]\n|-enditem|p1a: Slowbro|Colbur Berry|[weaken]\n|-damage|p1a: Slowbro|72\/100\n|move|p1a: Slowbro|Body Press|p2a: Bisharp\n|-supereffective|p2a: Bisharp\n|-end|p2a: Bisharp|Substitute\n|\n|-heal|p2a: Bisharp|61\/100|[from] Grassy Terrain\n|-heal|p1a: Slowbro|78\/100|[from] Grassy Terrain\n|-fieldend|move: Gravity\n|upkeep\n|turn|8\n|\n|t:|1663746015\n|switch|p2a: Weezing|Weezing, F|100\/100\n|move|p1a: Slowbro|Teleport|p1a: Slowbro\n|\n|t:|1663746024\n|switch|p1a: Tyranitar|Tyranitar, M|100\/100|[from]move: Teleport\n|-weather|Sandstorm|[from] ability: Sand Stream|[of] p1a: Tyranitar\n|\n|-weather|Sandstorm|[upkeep]\n|-damage|p2a: Weezing|95\/100|[from] Sandstorm\n|-heal|p2a: Weezing|100\/100|[from] item: Leftovers\n|-fieldend|move: Grassy Terrain\n|upkeep\n|turn|9\n|\n|t:|1663746041\n|switch|p2a: Tapu Bulu|Tapu Bulu|100\/100\n|-fieldstart|move: Grassy Terrain|[from] ability: Grassy Surge|[of] p2a: Tapu Bulu\n|move|p1a: Tyranitar|Stone Edge|p2a: Tapu Bulu\n|-damage|p2a: Tapu Bulu|16\/100\n|\n|-weather|Sandstorm|[upkeep]\n|-damage|p2a: Tapu Bulu|9\/100|[from] Sandstorm\n|-heal|p2a: Tapu Bulu|16\/100|[from] Grassy Terrain\n|-heal|p2a: Tapu Bulu|22\/100|[from] item: Leftovers\n|upkeep\n|turn|10\n|\n|t:|1663746048\n|switch|p1a: Tornadus|Tornadus-Therian, M|100\/100\n|move|p2a: Tapu Bulu|Wood Hammer|p1a: Tornadus\n|-resisted|p1a: Tornadus\n|-damage|p1a: Tornadus|66\/100\n|-damage|p2a: Tapu Bulu|10\/100|[from] Recoil\n|\n|-weather|Sandstorm|[upkeep]\n|-damage|p1a: Tornadus|60\/100|[from] Sandstorm\n|-damage|p2a: Tapu Bulu|3\/100|[from] Sandstorm\n|-heal|p2a: Tapu Bulu|10\/100|[from] Grassy Terrain\n|-heal|p2a: Tapu Bulu|16\/100|[from] item: Leftovers\n|upkeep\n|turn|11\n|\n|t:|1663746057\n|move|p2a: Tapu Bulu|Protect|p2a: Tapu Bulu\n|-singleturn|p2a: Tapu Bulu|Protect\n|move|p1a: Tornadus|U-turn|p2a: Tapu Bulu\n|-activate|p2a: Tapu Bulu|move: Protect\n|\n|-weather|Sandstorm|[upkeep]\n|-damage|p1a: Tornadus|54\/100|[from] Sandstorm\n|-damage|p2a: Tapu Bulu|10\/100|[from] Sandstorm\n|-heal|p2a: Tapu Bulu|16\/100|[from] Grassy Terrain\n|-heal|p2a: Tapu Bulu|22\/100|[from] item: Leftovers\n|upkeep\n|turn|12\n|\n|t:|1663746063\n|switch|p2a: Weezing|Weezing, F|100\/100\n|move|p1a: Tornadus|U-turn|p2a: Weezing\n|-resisted|p2a: Weezing\n|-damage|p2a: Weezing|94\/100\n|\n|t:|1663746065\n|switch|p1a: Tyranitar|Tyranitar, M|100\/100|[from]move: U-turn\n|\n|-weather|none\n|-heal|p2a: Weezing|99\/100|[from] item: Leftovers\n|upkeep\n|turn|13\n|\n|t:|1663746078\n|move|p1a: Tyranitar|Stone Edge|p2a: Weezing|[miss]\n|-miss|p1a: Tyranitar|p2a: Weezing\n|move|p2a: Weezing|Toxic Spikes|p1a: Tyranitar\n|-sidestart|p1: drop a baby|move: Toxic Spikes\n|\n|-heal|p2a: Weezing|100\/100|[from] item: Leftovers\n|-fieldend|move: Grassy Terrain\n|upkeep\n|turn|14\n|\n|t:|1663746083\n|move|p1a: Tyranitar|Stone Edge|p2a: Weezing\n|-damage|p2a: Weezing|26\/100\n|move|p2a: Weezing|Toxic Spikes|p1a: Tyranitar\n|-sidestart|p1: drop a baby|move: Toxic Spikes\n|\n|-heal|p2a: Weezing|32\/100|[from] item: Leftovers\n|upkeep\n|turn|15\n|\n|t:|1663746090\n|move|p2a: Weezing|Protect|p2a: Weezing\n|-singleturn|p2a: Weezing|Protect\n|move|p1a: Tyranitar|Stone Edge|p2a: Weezing\n|-activate|p2a: Weezing|move: Protect\n|\n|-heal|p2a: Weezing|38\/100|[from] item: Leftovers\n|upkeep\n|turn|16\n|\n|t:|1663746096\n|switch|p2a: Bisharp|Bisharp, M|61\/100\n|move|p1a: Tyranitar|Stone Edge|p2a: Bisharp\n|-resisted|p2a: Bisharp\n|-damage|p2a: Bisharp|8\/100\n|\n|upkeep\n|turn|17\n|\n|t:|1663746102\n|switch|p1a: Tornadus|Tornadus-Therian, M|87\/100\n|move|p2a: Bisharp|Iron Head|p1a: Tornadus\n|-damage|p1a: Tornadus|46\/100\n|\n|upkeep\n|turn|18\n|\n|t:|1663746112\n|move|p1a: Tornadus|U-turn|p2a: Bisharp\n|-damage|p2a: Bisharp|0 fnt\n|faint|p2a: Bisharp\n|\n|t:|1663746117\n|switch|p1a: Landorus|Landorus-Therian, M|80\/100 psn|[from]move: U-turn\n|\n|-heal|p1a: Landorus|86\/100 psn|[from] item: Leftovers\n|-damage|p1a: Landorus|74\/100 psn|[from] psn\n|upkeep\n|\n|t:|1663746123\n|switch|p2a: Heatran|Heatran, M|100\/100\n|-item|p2a: Heatran|Air Balloon\n|turn|19\n|\n|t:|1663746127\n|move|p1a: Landorus|U-turn|p2a: Heatran\n|-resisted|p2a: Heatran\n|-damage|p2a: Heatran|96\/100\n|-enditem|p2a: Heatran|Air Balloon\n|\n|t:|1663746133\n|switch|p1a: Heatran|Heatran, M|100\/100|[from]move: U-turn\n|move|p2a: Heatran|Eruption|p1a: Heatran\n|-start|p1a: Heatran|ability: Flash Fire\n|\n|upkeep\n|turn|20\n|\n|t:|1663746142\n|-end|p1a: Heatran|ability: Flash Fire|[silent]\n|switch|p1a: Landorus|Landorus-Therian, M|74\/100 psn\n|-ability|p1a: Landorus|Intimidate|boost\n|-unboost|p2a: Heatran|atk|1\n|switch|p2a: Weezing|Weezing, F|38\/100\n|\n|-heal|p1a: Landorus|80\/100 psn|[from] item: Leftovers\n|-heal|p2a: Weezing|44\/100|[from] item: Leftovers\n|-damage|p1a: Landorus|68\/100 psn|[from] psn\n|upkeep\n|turn|21\n|\n|t:|1663746149\n|move|p1a: Landorus|U-turn|p2a: Weezing\n|-resisted|p2a: Weezing\n|-damage|p2a: Weezing|34\/100\n|\n|t:|1663746151\n|switch|p1a: Tornadus|Tornadus-Therian, M|79\/100|[from]move: U-turn\n|move|p2a: Weezing|Sludge Bomb|p1a: Tornadus\n|-damage|p1a: Tornadus|53\/100\n|\n|-heal|p2a: Weezing|40\/100|[from] item: Leftovers\n|upkeep\n|turn|22\n|\n|t:|1663746160\n|move|p1a: Tornadus|Defog|p2a: Weezing\n|-unboost|p2a: Weezing|evasion|1\n|-sideend|p1: drop a baby|Toxic Spikes|[from] move: Defog|[of] p1a: Tornadus\n|move|p2a: Weezing|Sludge Bomb|p1a: Tornadus\n|-damage|p1a: Tornadus|24\/100\n|\n|-heal|p2a: Weezing|46\/100|[from] item: Leftovers\n|upkeep\n|turn|23\n|\n|t:|1663746166\n|move|p1a: Tornadus|U-turn|p2a: Weezing\n|-resisted|p2a: Weezing\n|-damage|p2a: Weezing|40\/100\n|\n|t:|1663746168\n|switch|p1a: Tyranitar|Tyranitar, M|100\/100|[from]move: U-turn\n|-weather|Sandstorm|[from] ability: Sand Stream|[of] p1a: Tyranitar\n|move|p2a: Weezing|Toxic Spikes|p1a: Tyranitar\n|-sidestart|p1: drop a baby|move: Toxic Spikes\n|\n|-weather|Sandstorm|[upkeep]\n|-damage|p2a: Weezing|34\/100|[from] Sandstorm\n|-heal|p2a: Weezing|40\/100|[from] item: Leftovers\n|upkeep\n|turn|24\n|j| envyah\n|\n|t:|1663746175\n|move|p1a: Tyranitar|Stone Edge|p2a: Weezing\n|-damage|p2a: Weezing|0 fnt\n|faint|p2a: Weezing\n|\n|-weather|Sandstorm|[upkeep]\n|upkeep\n|\n|t:|1663746180\n|switch|p2a: Heatran|Heatran, M|96\/100\n|turn|25\n|\n|t:|1663746189\n|move|p2a: Heatran|Flash Cannon|p1a: Tyranitar\n|-supereffective|p1a: Tyranitar\n|-damage|p1a: Tyranitar|51\/100\n|move|p1a: Tyranitar|Stone Edge|p2a: Heatran\n|-damage|p2a: Heatran|19\/100\n|\n|-weather|Sandstorm|[upkeep]\n|upkeep\n|turn|26\n|\n|t:|1663746199\n|switch|p1a: Landorus|Landorus-Therian, M|68\/100 psn\n|-ability|p1a: Landorus|Intimidate|boost\n|-unboost|p2a: Heatran|atk|1\n|move|p2a: Heatran|Flash Cannon|p1a: Landorus\n|-crit|p1a: Landorus\n|-damage|p1a: Landorus|16\/100 psn\n|\n|-weather|Sandstorm|[upkeep]\n|-heal|p1a: Landorus|22\/100 psn|[from] item: Leftovers\n|-damage|p1a: Landorus|9\/100 psn|[from] psn\n|upkeep\n|turn|27\n|\n|t:|1663746210\n|switch|p2a: Tapu Bulu|Tapu Bulu|22\/100\n|-fieldstart|move: Grassy Terrain|[from] ability: Grassy Surge|[of] p2a: Tapu Bulu\n|move|p1a: Landorus|Earthquake|p2a: Tapu Bulu\n|-resisted|p2a: Tapu Bulu\n|-damage|p2a: Tapu Bulu|11\/100\n|\n|-weather|none\n|-heal|p2a: Tapu Bulu|17\/100|[from] Grassy Terrain\n|-heal|p2a: Tapu Bulu|23\/100|[from] item: Leftovers\n|-heal|p1a: Landorus|15\/100 psn|[from] item: Leftovers\n|-damage|p1a: Landorus|3\/100 psn|[from] psn\n|upkeep\n|turn|28\n|j| Ctannn\n|\n|t:|1663746217\n|move|p2a: Tapu Bulu|Wood Hammer|p1a: Landorus\n|-damage|p1a: Landorus|0 fnt\n|faint|p1a: Landorus\n|-damage|p2a: Tapu Bulu|22\/100|[from] Recoil\n|\n|-heal|p2a: Tapu Bulu|28\/100|[from] Grassy Terrain\n|-heal|p2a: Tapu Bulu|35\/100|[from] item: Leftovers\n|upkeep\n|\n|t:|1663746220\n|switch|p1a: Tornadus|Tornadus-Therian, M|58\/100\n|turn|29\n|\n|t:|1663746225\n|move|p1a: Tornadus|Defog|p2a: Tapu Bulu\n|-unboost|p2a: Tapu Bulu|evasion|1\n|-sideend|p1: drop a baby|Toxic Spikes|[from] move: Defog|[of] p1a: Tornadus\n|-fieldend|move: Grassy Terrain\n|move|p2a: Tapu Bulu|Stone Edge|p1a: Tornadus|[miss]\n|-miss|p2a: Tapu Bulu|p1a: Tornadus\n|\n|-heal|p2a: Tapu Bulu|41\/100|[from] item: Leftovers\n|upkeep\n|turn|30\n|\n|t:|1663746231\n|move|p1a: Tornadus|Hurricane|p2a: Tapu Bulu|[miss]\n|-miss|p1a: Tornadus|p2a: Tapu Bulu\n|move|p2a: Tapu Bulu|Stone Edge|p1a: Tornadus|[miss]\n|-miss|p2a: Tapu Bulu|p1a: Tornadus\n|\n|-heal|p2a: Tapu Bulu|47\/100|[from] item: Leftovers\n|upkeep\n|turn|31\n|\n|t:|1663746236\n|move|p1a: Tornadus|U-turn|p2a: Tapu Bulu\n|-damage|p2a: Tapu Bulu|34\/100\n|\n|t:|1663746240\n|switch|p1a: Heatran|Heatran, M|100\/100|[from]move: U-turn\n|move|p2a: Tapu Bulu|Stone Edge|p1a: Heatran|[miss]\n|-miss|p2a: Tapu Bulu|p1a: Heatran\n|\n|-heal|p2a: Tapu Bulu|41\/100|[from] item: Leftovers\n|upkeep\n|turn|32\n|\n|t:|1663746250\n|move|p2a: Tapu Bulu|High Horsepower|p1a: Heatran\n|-supereffective|p1a: Heatran\n|-damage|p1a: Heatran|0 fnt\n|faint|p1a: Heatran\n|\n|-heal|p2a: Tapu Bulu|47\/100|[from] item: Leftovers\n|upkeep\n|\n|t:|1663746258\n|switch|p1a: Weavile|Weavile, M|100\/100\n|-ability|p1a: Weavile|Pressure\n|turn|33\n|\n|t:|1663746265\n|move|p2a: Tapu Bulu|Protect|p2a: Tapu Bulu\n|-singleturn|p2a: Tapu Bulu|Protect\n|move|p1a: Weavile|Triple Axel|p2a: Tapu Bulu\n|-activate|p2a: Tapu Bulu|move: Protect\n|\n|-heal|p2a: Tapu Bulu|53\/100|[from] item: Leftovers\n|upkeep\n|turn|34\n|\n|t:|1663746270\n|switch|p2a: Heatran|Heatran, M|19\/100\n|move|p1a: Weavile|Triple Axel|p2a: Heatran\n|-resisted|p2a: Heatran\n|-damage|p2a: Heatran|17\/100\n|-resisted|p2a: Heatran\n|-damage|p2a: Heatran|13\/100\n|-resisted|p2a: Heatran\n|-damage|p2a: Heatran|6\/100\n|-hitcount|p2a: Heatran|3\n|\n|upkeep\n|turn|35\n|\n|t:|1663746276\n|move|p1a: Weavile|Knock Off|p2a: Heatran\n|-damage|p2a: Heatran|0 fnt\n|faint|p2a: Heatran\n|\n|upkeep\n|\n|t:|1663746279\n|switch|p2a: Slurpuff|Slurpuff, M|100\/100\n|turn|36\n|\n|t:|1663746284\n|move|p1a: Weavile|Triple Axel|p2a: Slurpuff\n|-damage|p2a: Slurpuff|87\/100\n|-damage|p2a: Slurpuff|60\/100\n|-damage|p2a: Slurpuff|20\/100\n|-enditem|p2a: Slurpuff|Aguav Berry|[eat]\n|-heal|p2a: Slurpuff|53\/100|[from] item: Aguav Berry\n|-hitcount|p2a: Slurpuff|3\n|move|p2a: Slurpuff|Drain Punch|p1a: Weavile\n|-supereffective|p1a: Weavile\n|-damage|p1a: Weavile|0 fnt\n|-heal|p2a: Slurpuff|99\/100|[from] drain|[of] p1a: Weavile\n|faint|p1a: Weavile\n|\n|upkeep\n|\n|t:|1663746297\n|switch|p1a: Slowbro|Slowbro, M|100\/100\n|turn|37\n|\n|t:|1663746306\n|move|p2a: Slurpuff|Substitute|p2a: Slurpuff\n|-start|p2a: Slurpuff|Substitute\n|-damage|p2a: Slurpuff|74\/100\n|move|p1a: Slowbro|Future Sight|p2a: Slurpuff\n|-start|p1a: Slowbro|move: Future Sight\n|\n|upkeep\n|turn|38\n|\n|t:|1663746310\n|move|p2a: Slurpuff|Belly Drum|p2a: Slurpuff\n|-damage|p2a: Slurpuff|24\/100\n|-setboost|p2a: Slurpuff|atk|6|[from] move: Belly Drum\n|move|p1a: Slowbro|Teleport|p1a: Slowbro\n|\n|t:|1663746315\n|switch|p1a: Tornadus|Tornadus-Therian, M|91\/100|[from]move: Teleport\n|\n|upkeep\n|turn|39\n|\n|t:|1663746319\n|switch|p1a: Slowbro|Slowbro, M|100\/100\n|move|p2a: Slurpuff|Play Rough|p1a: Slowbro\n|-damage|p1a: Slowbro|15\/100\n|\n|-end|p2a: Slurpuff|move: Future Sight\n|-end|p2a: Slurpuff|Substitute\n|upkeep\n|turn|40\n|-message|drop a baby forfeited.\n|\n|win|CokoiZ\n|raw|drop a baby's rating: 1647 &rarr; <strong>1621<\/strong><br \/>(-26 for losing)\n|raw|CokoiZ's rating: 1545 &rarr; <strong>1571<\/strong><br \/>(+26 for winning)\n|l|\u2606drop a baby\n","uploadtime":1663746332,"views":54,"p1id":"dropababy","p2id":"cokoiz","formatid":"gen8ou","rating":1571,"private":0,"password":null}