{"id":"gen8ou-1596807818","p1":"ZoukEtoile","p2":"yung_iznamakin","format":"gen8ou","log":"|j|\u2606ZoukEtoile\n|j|\u2606yung_iznamakin\n|t:|1655297148\n|gametype|singles\n|player|p1|ZoukEtoile|byron|1643\n|player|p2|yung_iznamakin|lady|1679\n|teamsize|p1|6\n|teamsize|p2|6\n|gen|8\n|tier|[Gen 8] OU\n|rated|\n|rule|Sleep Clause Mod: Limit one foe put to sleep\n|rule|Species Clause: Limit one of each Pok\u00e9mon\n|rule|OHKO Clause: OHKO moves are banned\n|rule|Evasion Moves Clause: Evasion moves are banned\n|rule|Endless Battle Clause: Forcing endless battles is banned\n|rule|HP Percentage Mod: HP is shown in percentages\n|rule|Dynamax Clause: You cannot dynamax\n|clearpoke\n|poke|p1|Ninetales-Alola, M|\n|poke|p1|Arctozolt|\n|poke|p1|Magnezone|\n|poke|p1|Landorus-Therian, M|\n|poke|p1|Nihilego|\n|poke|p1|Dragapult, M|\n|poke|p2|Tapu Lele|\n|poke|p2|Victini|\n|poke|p2|Melmetal|\n|poke|p2|Dragonite, M|\n|poke|p2|Landorus-Therian, M|\n|poke|p2|Urshifu-*, M|\n|teampreview\n|inactive|Battle timer is ON: inactive players will automatically lose when time's up. (requested by yung_iznamakin)\n|\n|t:|1655297165\n|start\n|switch|p1a: Landorus|Landorus-Therian, M|100\/100\n|switch|p2a: Urshifu|Urshifu-Rapid-Strike, M|100\/100\n|-ability|p1a: Landorus|Intimidate|boost\n|-unboost|p2a: Urshifu|atk|1\n|turn|1\n|\n|t:|1655297173\n|switch|p1a: Dragapult|Dragapult, M|100\/100\n|move|p2a: Urshifu|Surging Strikes|p1a: Dragapult\n|-resisted|p1a: Dragapult\n|-crit|p1a: Dragapult\n|-damage|p1a: Dragapult|80\/100\n|-resisted|p1a: Dragapult\n|-crit|p1a: Dragapult\n|-damage|p1a: Dragapult|62\/100\n|-resisted|p1a: Dragapult\n|-crit|p1a: Dragapult\n|-damage|p1a: Dragapult|42\/100\n|-hitcount|p1a: Dragapult|3\n|\n|upkeep\n|turn|2\n|\n|t:|1655297182\n|switch|p2a: Landorus|Landorus-Therian, M|100\/100\n|-ability|p2a: Landorus|Intimidate|boost\n|-unboost|p1a: Dragapult|atk|1\n|move|p1a: Dragapult|Phantom Force||[still]\n|-prepare|p1a: Dragapult|Phantom Force\n|\n|upkeep\n|turn|3\n|\n|t:|1655297188\n|move|p1a: Dragapult|Phantom Force|p2a: Landorus|[from]lockedmove\n|-damage|p2a: Landorus|60\/100\n|move|p2a: Landorus|Earthquake|p1a: Dragapult\n|-damage|p1a: Dragapult|0 fnt\n|faint|p1a: Dragapult\n|\n|-heal|p2a: Landorus|66\/100|[from] item: Leftovers\n|upkeep\n|\n|t:|1655297192\n|switch|p1a: Ninetales|Ninetales-Alola, M|100\/100\n|-weather|Hail|[from] ability: Snow Warning|[of] p1a: Ninetales\n|turn|4\n|\n|t:|1655297195\n|switch|p1a: Arctozolt|Arctozolt|100\/100\n|move|p2a: Landorus|Stealth Rock|p1a: Arctozolt\n|-sidestart|p1: ZoukEtoile|move: Stealth Rock\n|\n|-weather|Hail|[upkeep]\n|-damage|p2a: Landorus|60\/100|[from] Hail\n|-heal|p2a: Landorus|66\/100|[from] item: Leftovers\n|upkeep\n|turn|5\n|\n|t:|1655297202\n|move|p1a: Arctozolt|Blizzard|p2a: Landorus\n|-supereffective|p2a: Landorus\n|-damage|p2a: Landorus|0 fnt\n|faint|p2a: Landorus\n|\n|-weather|Hail|[upkeep]\n|upkeep\n|\n|t:|1655297205\n|switch|p2a: Melmetal|Melmetal|100\/100\n|turn|6\n|\n|t:|1655297209\n|switch|p1a: Magnezone|Magnezone|100\/100\n|-damage|p1a: Magnezone|95\/100|[from] Stealth Rock\n|switch|p2a: Victini|Victini|100\/100\n|\n|-weather|Hail|[upkeep]\n|-damage|p2a: Victini|94\/100|[from] Hail\n|-damage|p1a: Magnezone|89\/100|[from] Hail\n|upkeep\n|turn|7\n|\n|t:|1655297215\n|switch|p1a: Landorus|Landorus-Therian, M|100\/100\n|-damage|p1a: Landorus|88\/100|[from] Stealth Rock\n|-ability|p1a: Landorus|Intimidate|boost\n|-unboost|p2a: Victini|atk|1\n|move|p2a: Victini|V-create|p1a: Landorus\n|-damage|p1a: Landorus|25\/100\n|-unboost|p2a: Victini|spe|1\n|-unboost|p2a: Victini|def|1\n|-unboost|p2a: Victini|spd|1\n|\n|-weather|Hail|[upkeep]\n|-damage|p1a: Landorus|19\/100|[from] Hail\n|-damage|p2a: Victini|88\/100|[from] Hail\n|-heal|p1a: Landorus|25\/100|[from] item: Leftovers\n|upkeep\n|turn|8\n|\n|t:|1655297223\n|switch|p2a: Dragonite|Dragonite, M|100\/100\n|move|p1a: Landorus|Knock Off|p2a: Dragonite\n|-damage|p2a: Dragonite|87\/100\n|-enditem|p2a: Dragonite|Heavy-Duty Boots|[from] move: Knock Off|[of] p1a: Landorus\n|\n|-weather|none\n|-heal|p1a: Landorus|31\/100|[from] item: Leftovers\n|upkeep\n|turn|9\n|\n|t:|1655297228\n|move|p1a: Landorus|U-turn|p2a: Dragonite\n|-resisted|p2a: Dragonite\n|-damage|p2a: Dragonite|77\/100\n|\n|t:|1655297235\n|switch|p1a: Ninetales|Ninetales-Alola, M|100\/100|[from]move: U-turn\n|-damage|p1a: Ninetales|76\/100|[from] Stealth Rock\n|-weather|Hail|[from] ability: Snow Warning|[of] p1a: Ninetales\n|move|p2a: Dragonite|Roost|p2a: Dragonite\n|-heal|p2a: Dragonite|100\/100\n|-singleturn|p2a: Dragonite|move: Roost\n|\n|-weather|Hail|[upkeep]\n|-damage|p2a: Dragonite|94\/100|[from] Hail\n|upkeep\n|turn|10\n|\n|t:|1655297243\n|switch|p2a: Victini|Victini|88\/100\n|move|p1a: Ninetales|Blizzard|p2a: Victini\n|-resisted|p2a: Victini\n|-damage|p2a: Victini|68\/100\n|\n|-weather|Hail|[upkeep]\n|-damage|p2a: Victini|62\/100|[from] Hail\n|upkeep\n|turn|11\n|\n|t:|1655297247\n|switch|p1a: Nihilego|Nihilego|100\/100\n|-damage|p1a: Nihilego|88\/100|[from] Stealth Rock\n|move|p2a: Victini|V-create|p1a: Nihilego\n|-resisted|p1a: Nihilego\n|-damage|p1a: Nihilego|19\/100\n|-unboost|p2a: Victini|spe|1\n|-unboost|p2a: Victini|def|1\n|-unboost|p2a: Victini|spd|1\n|\n|-weather|Hail|[upkeep]\n|-damage|p1a: Nihilego|13\/100|[from] Hail\n|-damage|p2a: Victini|56\/100|[from] Hail\n|upkeep\n|turn|12\n|\n|t:|1655297252\n|switch|p2a: Melmetal|Melmetal|100\/100\n|move|p1a: Nihilego|Meteor Beam||[still]\n|-prepare|p1a: Nihilego|Meteor Beam\n|-boost|p1a: Nihilego|spa|1\n|-enditem|p1a: Nihilego|Power Herb\n|-anim|p1a: Nihilego|Meteor Beam|p2a: Melmetal\n|-resisted|p2a: Melmetal\n|-damage|p2a: Melmetal|76\/100\n|\n|-weather|Hail|[upkeep]\n|-damage|p1a: Nihilego|7\/100|[from] Hail\n|-damage|p2a: Melmetal|70\/100|[from] Hail\n|upkeep\n|turn|13\n|\n|t:|1655297257\n|move|p1a: Nihilego|Stealth Rock|p2a: Melmetal\n|-sidestart|p2: yung_iznamakin|move: Stealth Rock\n|move|p2a: Melmetal|Thunder Punch|p1a: Nihilego\n|-damage|p1a: Nihilego|0 fnt\n|faint|p1a: Nihilego\n|\n|-weather|none\n|upkeep\n|\n|t:|1655297263\n|switch|p1a: Magnezone|Magnezone|89\/100\n|-damage|p1a: Magnezone|83\/100|[from] Stealth Rock\n|turn|14\n|\n|t:|1655297266\n|move|p1a: Magnezone|Iron Defense|p1a: Magnezone\n|-boost|p1a: Magnezone|def|2\n|move|p2a: Melmetal|Earthquake|p1a: Magnezone\n|-supereffective|p1a: Magnezone\n|-damage|p1a: Magnezone|30\/100\n|\n|upkeep\n|turn|15\n|\n|t:|1655297269\n|move|p1a: Magnezone|Body Press|p2a: Melmetal\n|-supereffective|p2a: Melmetal\n|-damage|p2a: Melmetal|7\/100\n|move|p2a: Melmetal|Earthquake|p1a: Magnezone\n|-supereffective|p1a: Magnezone\n|-damage|p1a: Magnezone|0 fnt\n|faint|p1a: Magnezone\n|\n|upkeep\n|\n|t:|1655297282\n|switch|p1a: Arctozolt|Arctozolt|100\/100\n|turn|16\n|\n|t:|1655297291\n|switch|p2a: Dragonite|Dragonite, M|94\/100\n|-damage|p2a: Dragonite|69\/100|[from] Stealth Rock\n|move|p1a: Arctozolt|Bolt Beak|p2a: Dragonite\n|-damage|p2a: Dragonite|15\/100\n|\n|upkeep\n|turn|17\n|\n|t:|1655297296\n|switch|p1a: Landorus|Landorus-Therian, M|31\/100\n|-damage|p1a: Landorus|19\/100|[from] Stealth Rock\n|-ability|p1a: Landorus|Intimidate|boost\n|-unboost|p2a: Dragonite|atk|1\n|move|p2a: Dragonite|Roost|p2a: Dragonite\n|-heal|p2a: Dragonite|65\/100\n|-singleturn|p2a: Dragonite|move: Roost\n|\n|-heal|p1a: Landorus|25\/100|[from] item: Leftovers\n|upkeep\n|turn|18\n|\n|t:|1655297304\n|move|p1a: Landorus|U-turn|p2a: Dragonite\n|-resisted|p2a: Dragonite\n|-damage|p2a: Dragonite|55\/100\n|\n|t:|1655297306\n|switch|p1a: Ninetales|Ninetales-Alola, M|76\/100|[from]move: U-turn\n|-damage|p1a: Ninetales|51\/100|[from] Stealth Rock\n|-weather|Hail|[from] ability: Snow Warning|[of] p1a: Ninetales\n|move|p2a: Dragonite|Roost|p2a: Dragonite\n|-heal|p2a: Dragonite|100\/100\n|-singleturn|p2a: Dragonite|move: Roost\n|\n|-weather|Hail|[upkeep]\n|-damage|p2a: Dragonite|94\/100|[from] Hail\n|upkeep\n|turn|19\n|j| Alola Magikarp\n|\n|t:|1655297325\n|switch|p2a: Melmetal|Melmetal|7\/100\n|-damage|p2a: Melmetal|0 fnt|[from] Stealth Rock\n|faint|p2a: Melmetal\n|move|p1a: Ninetales|Moonblast|p2: Melmetal|[notarget]\n|-fail|p1a: Ninetales\n|\n|-weather|Hail|[upkeep]\n|upkeep\n|\n|t:|1655297330\n|switch|p2a: Tapu Lele|Tapu Lele|100\/100\n|-damage|p2a: Tapu Lele|88\/100|[from] Stealth Rock\n|-fieldstart|move: Psychic Terrain|[from] ability: Psychic Surge|[of] p2a: Tapu Lele\n|turn|20\n|\n|t:|1655297340\n|switch|p1a: Landorus|Landorus-Therian, M|25\/100\n|-damage|p1a: Landorus|12\/100|[from] Stealth Rock\n|-ability|p1a: Landorus|Intimidate|boost\n|-unboost|p2a: Tapu Lele|atk|1\n|move|p2a: Tapu Lele|Psyshock|p1a: Landorus\n|-damage|p1a: Landorus|0 fnt\n|faint|p1a: Landorus\n|\n|-weather|Hail|[upkeep]\n|-damage|p2a: Tapu Lele|82\/100|[from] Hail\n|upkeep\n|\n|t:|1655297344\n|switch|p1a: Arctozolt|Arctozolt|100\/100\n|turn|21\n|\n|t:|1655297347\n|switch|p2a: Dragonite|Dragonite, M|94\/100\n|-damage|p2a: Dragonite|69\/100|[from] Stealth Rock\n|move|p1a: Arctozolt|Bolt Beak|p2a: Dragonite\n|-damage|p2a: Dragonite|18\/100\n|\n|-weather|Hail|[upkeep]\n|-damage|p2a: Dragonite|12\/100|[from] Hail\n|upkeep\n|turn|22\n|\n|t:|1655297351\n|move|p1a: Arctozolt|Bolt Beak|p2a: Dragonite\n|-damage|p2a: Dragonite|0 fnt\n|faint|p2a: Dragonite\n|\n|-weather|none\n|upkeep\n|\n|t:|1655297376\n|switch|p2a: Urshifu|Urshifu-Rapid-Strike, M|100\/100\n|-damage|p2a: Urshifu|94\/100|[from] Stealth Rock\n|turn|23\n|\n|t:|1655297385\n|switch|p1a: Ninetales|Ninetales-Alola, M|51\/100\n|-damage|p1a: Ninetales|26\/100|[from] Stealth Rock\n|-weather|Hail|[from] ability: Snow Warning|[of] p1a: Ninetales\n|move|p2a: Urshifu|Surging Strikes|p1a: Ninetales\n|-crit|p1a: Ninetales\n|-damage|p1a: Ninetales|0 fnt\n|faint|p1a: Ninetales\n|-hitcount|p1: Ninetales|1\n|\n|-weather|Hail|[upkeep]\n|-damage|p2a: Urshifu|88\/100|[from] Hail\n|upkeep\n|\n|t:|1655297387\n|switch|p1a: Arctozolt|Arctozolt|100\/100\n|turn|24\n|\n|t:|1655297390\n|move|p1a: Arctozolt|Bolt Beak|p2a: Urshifu\n|-supereffective|p2a: Urshifu\n|-damage|p2a: Urshifu|0 fnt\n|faint|p2a: Urshifu\n|\n|-weather|Hail|[upkeep]\n|-fieldend|move: Psychic Terrain\n|upkeep\n|\n|t:|1655297393\n|switch|p2a: Victini|Victini|56\/100\n|turn|25\n|\n|t:|1655297411\n|move|p1a: Arctozolt|Bolt Beak|p2a: Victini\n|-damage|p2a: Victini|0 fnt\n|faint|p2a: Victini\n|\n|-weather|Hail|[upkeep]\n|upkeep\n|\n|t:|1655297414\n|switch|p2a: Tapu Lele|Tapu Lele|82\/100\n|-damage|p2a: Tapu Lele|70\/100|[from] Stealth Rock\n|-fieldstart|move: Psychic Terrain|[from] ability: Psychic Surge|[of] p2a: Tapu Lele\n|turn|26\n|\n|t:|1655297417\n|move|p1a: Arctozolt|Bolt Beak|p2a: Tapu Lele\n|-damage|p2a: Tapu Lele|0 fnt\n|faint|p2a: Tapu Lele\n|\n|win|ZoukEtoile\n|raw|ZoukEtoile's rating: 1643 &rarr; <strong>1665<\/strong><br \/>(+22 for winning)\n|raw|yung_iznamakin's rating: 1679 &rarr; <strong>1657<\/strong><br \/>(-22 for losing)\n|l|\u2606yung_iznamakin\n||Ladder isn't responding, score probably updated but might not have (Request timeout).\n","uploadtime":1655297442,"views":69,"p1id":"zouketoile","p2id":"yungiznamakin","formatid":"gen8ou","rating":1657,"private":0,"password":null}