{"id":"gen8ou-1639620741","p1":"LT93OQ Starbit","p2":"roboPOKE","format":"gen8ou","log":"|raw|<div class=\"broadcast-blue\"><strong>This battle is required to be public due to a player having a name starting with 'lt93oq'.<\/div>\n|j|\u2606LT93OQ Starbit\n|j|\u2606roboPOKE\n|t:|1660499580\n|gametype|singles\n|player|p1|LT93OQ Starbit|lucas|1690\n|player|p2|roboPOKE|101|1666\n|teamsize|p1|6\n|teamsize|p2|6\n|gen|8\n|tier|[Gen 8] OU\n|rated|\n|rule|Sleep Clause Mod: Limit one foe put to sleep\n|rule|Species Clause: Limit one of each Pok\u00e9mon\n|rule|OHKO Clause: OHKO moves are banned\n|rule|Evasion Items Clause: Evasion items are banned\n|rule|Evasion Moves Clause: Evasion moves are banned\n|rule|Endless Battle Clause: Forcing endless battles is banned\n|rule|HP Percentage Mod: HP is shown in percentages\n|rule|Dynamax Clause: You cannot dynamax\n|clearpoke\n|poke|p1|Clefable, F|\n|poke|p1|Umbreon, F|\n|poke|p1|Toxapex, F|\n|poke|p1|Corviknight, F|\n|poke|p1|Reuniclus, F|\n|poke|p1|Garchomp, M|\n|poke|p2|Tapu Fini|\n|poke|p2|Moltres-Galar|\n|poke|p2|Rillaboom, M|\n|poke|p2|Hawlucha, F|\n|poke|p2|Kartana|\n|poke|p2|Excadrill, M|\n|teampreview\n|inactive|Battle timer is ON: inactive players will automatically lose when time's up. (requested by roboPOKE)\n|j| Drunkensailer\n|\n|t:|1660499622\n|start\n|switch|p1a: Garchomp|Garchomp, M|100\/100\n|switch|p2a: Excadrill|Excadrill, M|100\/100\n|-ability|p2a: Excadrill|Mold Breaker\n|turn|1\n|\n|t:|1660499628\n|switch|p2a: Rillaboom|Rillaboom, M|100\/100\n|-fieldstart|move: Grassy Terrain|[from] ability: Grassy Surge|[of] p2a: Rillaboom\n|move|p1a: Garchomp|Earthquake|p2a: Rillaboom\n|-resisted|p2a: Rillaboom\n|-damage|p2a: Rillaboom|89\/100\n|\n|-heal|p2a: Rillaboom|96\/100|[from] Grassy Terrain\n|upkeep\n|turn|2\n|\n|t:|1660499637\n|switch|p2a: Tapu Fini|Tapu Fini|100\/100\n|-fieldstart|move: Misty Terrain|[from] ability: Misty Surge|[of] p2a: Tapu Fini\n|move|p1a: Garchomp|Stealth Rock|p2a: Tapu Fini\n|-sidestart|p2: roboPOKE|move: Stealth Rock\n|\n|upkeep\n|turn|3\n|\n|t:|1660499641\n|switch|p1a: Reuniclus|Reuniclus, F|100\/100\n|move|p2a: Tapu Fini|Calm Mind|p2a: Tapu Fini\n|-boost|p2a: Tapu Fini|spa|1\n|-boost|p2a: Tapu Fini|spd|1\n|\n|upkeep\n|turn|4\n|\n|t:|1660499643\n|move|p2a: Tapu Fini|Substitute|p2a: Tapu Fini\n|-start|p2a: Tapu Fini|Substitute\n|-damage|p2a: Tapu Fini|76\/100\n|move|p1a: Reuniclus|Infestation|p2a: Tapu Fini\n|-resisted|p2a: Tapu Fini\n|-activate|p2a: Tapu Fini|move: Substitute|[damage]\n|\n|-heal|p2a: Tapu Fini|82\/100|[from] item: Leftovers\n|upkeep\n|turn|5\n|\n|t:|1660499650\n|switch|p1a: Clefable|Clefable, F|100\/100\n|move|p2a: Tapu Fini|Scald|p1a: Clefable\n|-damage|p1a: Clefable|77\/100\n|\n|-heal|p2a: Tapu Fini|88\/100|[from] item: Leftovers\n|upkeep\n|turn|6\n|\n|t:|1660499656\n|move|p2a: Tapu Fini|Scald|p1a: Clefable\n|-damage|p1a: Clefable|54\/100\n|move|p1a: Clefable|Soft-Boiled|p1a: Clefable\n|-heal|p1a: Clefable|100\/100\n|\n|-heal|p2a: Tapu Fini|94\/100|[from] item: Leftovers\n|-fieldend|Misty Terrain\n|upkeep\n|turn|7\n|\n|t:|1660499664\n|switch|p1a: Toxapex|Toxapex, F|100\/100\n|move|p2a: Tapu Fini|Scald|p1a: Toxapex\n|-resisted|p1a: Toxapex\n|-damage|p1a: Toxapex|84\/100\n|\n|-heal|p2a: Tapu Fini|99\/100|[from] item: Leftovers\n|upkeep\n|turn|8\n|\n|t:|1660499666\n|move|p2a: Tapu Fini|Scald|p1a: Toxapex\n|-resisted|p1a: Toxapex\n|-damage|p1a: Toxapex|69\/100\n|move|p1a: Toxapex|Toxic Spikes|p2a: Tapu Fini\n|-sidestart|p2: roboPOKE|move: Toxic Spikes\n|\n|-heal|p2a: Tapu Fini|100\/100|[from] item: Leftovers\n|upkeep\n|turn|9\n|\n|t:|1660499670\n|switch|p1a: Umbreon|Umbreon, F|100\/100\n|move|p2a: Tapu Fini|Scald|p1a: Umbreon\n|-damage|p1a: Umbreon|75\/100\n|-status|p1a: Umbreon|brn\n|-activate|p1a: Umbreon|ability: Synchronize\n|-status|p2a: Tapu Fini|brn\n|\n|-heal|p1a: Umbreon|81\/100 brn|[from] item: Leftovers\n|-damage|p2a: Tapu Fini|94\/100 brn|[from] brn\n|-damage|p1a: Umbreon|75\/100 brn|[from] brn\n|upkeep\n|turn|10\n|\n|t:|1660499683\n|switch|p1a: Toxapex|Toxapex, F|100\/100\n|move|p2a: Tapu Fini|Calm Mind|p2a: Tapu Fini\n|-boost|p2a: Tapu Fini|spa|1\n|-boost|p2a: Tapu Fini|spd|1\n|\n|-heal|p2a: Tapu Fini|100\/100 brn|[from] item: Leftovers\n|-damage|p2a: Tapu Fini|94\/100 brn|[from] brn\n|upkeep\n|turn|11\n|\n|t:|1660499688\n|move|p2a: Tapu Fini|Scald|p1a: Toxapex\n|-resisted|p1a: Toxapex\n|-damage|p1a: Toxapex|79\/100\n|move|p1a: Toxapex|Toxic Spikes|p2a: Tapu Fini\n|-sidestart|p2: roboPOKE|move: Toxic Spikes\n|\n|-heal|p2a: Tapu Fini|100\/100 brn|[from] item: Leftovers\n|-damage|p2a: Tapu Fini|94\/100 brn|[from] brn\n|upkeep\n|turn|12\n|\n|t:|1660499691\n|move|p2a: Tapu Fini|Scald|p1a: Toxapex\n|-resisted|p1a: Toxapex\n|-damage|p1a: Toxapex|58\/100\n|move|p1a: Toxapex|Haze|p1a: Toxapex\n|-clearallboost\n|\n|-heal|p2a: Tapu Fini|100\/100 brn|[from] item: Leftovers\n|-damage|p2a: Tapu Fini|94\/100 brn|[from] brn\n|upkeep\n|turn|13\n|\n|t:|1660499693\n|switch|p1a: Reuniclus|Reuniclus, F|100\/100\n|move|p2a: Tapu Fini|Scald|p1a: Reuniclus\n|-damage|p1a: Reuniclus|89\/100\n|-status|p1a: Reuniclus|brn\n|\n|-heal|p2a: Tapu Fini|100\/100 brn|[from] item: Leftovers\n|-damage|p2a: Tapu Fini|94\/100 brn|[from] brn\n|-damage|p1a: Reuniclus|83\/100 brn|[from] brn\n|upkeep\n|turn|14\n|\n|t:|1660499696\n|move|p2a: Tapu Fini|Calm Mind|p2a: Tapu Fini\n|-boost|p2a: Tapu Fini|spa|1\n|-boost|p2a: Tapu Fini|spd|1\n|move|p1a: Reuniclus|Psyshock|p2a: Tapu Fini\n|-end|p2a: Tapu Fini|Substitute\n|\n|-heal|p2a: Tapu Fini|100\/100 brn|[from] item: Leftovers\n|-damage|p2a: Tapu Fini|94\/100 brn|[from] brn\n|-damage|p1a: Reuniclus|77\/100 brn|[from] brn\n|upkeep\n|turn|15\n|\n|t:|1660499698\n|switch|p2a: Excadrill|Excadrill, M|100\/100\n|-damage|p2a: Excadrill|97\/100|[from] Stealth Rock\n|-ability|p2a: Excadrill|Mold Breaker\n|move|p1a: Reuniclus|Psyshock|p2a: Excadrill\n|-resisted|p2a: Excadrill\n|-damage|p2a: Excadrill|75\/100\n|\n|-damage|p1a: Reuniclus|71\/100 brn|[from] brn\n|upkeep\n|turn|16\n|\n|t:|1660499701\n|switch|p1a: Garchomp|Garchomp, M|100\/100\n|move|p2a: Excadrill|Rapid Spin|p1a: Garchomp\n|-damage|p1a: Garchomp|86\/100\n|-boost|p2a: Excadrill|spe|1\n|-damage|p2a: Excadrill|62\/100|[from] ability: Rough Skin|[of] p1a: Garchomp\n|-sideend|p2: roboPOKE|Toxic Spikes|[from] move: Rapid Spin|[of] p2a: Excadrill\n|-sideend|p2: roboPOKE|Stealth Rock|[from] move: Rapid Spin|[of] p2a: Excadrill\n|\n|-heal|p1a: Garchomp|92\/100|[from] item: Leftovers\n|upkeep\n|turn|17\n|\n|t:|1660499709\n|move|p2a: Excadrill|Stealth Rock|p1a: Garchomp\n|-sidestart|p1: LT93OQ Starbit|move: Stealth Rock\n|move|p1a: Garchomp|Stealth Rock|p2a: Excadrill\n|-sidestart|p2: roboPOKE|move: Stealth Rock\n|\n|-heal|p1a: Garchomp|99\/100|[from] item: Leftovers\n|upkeep\n|turn|18\n|\n|t:|1660499714\n|move|p2a: Excadrill|Rapid Spin|p1a: Garchomp\n|-damage|p1a: Garchomp|86\/100\n|-boost|p2a: Excadrill|spe|1\n|-damage|p2a: Excadrill|50\/100|[from] ability: Rough Skin|[of] p1a: Garchomp\n|-sideend|p2: roboPOKE|Stealth Rock|[from] move: Rapid Spin|[of] p2a: Excadrill\n|move|p1a: Garchomp|Toxic|p2a: Excadrill\n|-immune|p2a: Excadrill\n|\n|-heal|p1a: Garchomp|92\/100|[from] item: Leftovers\n|upkeep\n|turn|19\n|\n|t:|1660499717\n|move|p2a: Excadrill|Earthquake|p1a: Garchomp\n|-crit|p1a: Garchomp\n|-damage|p1a: Garchomp|30\/100\n|move|p1a: Garchomp|Stealth Rock|p2a: Excadrill\n|-sidestart|p2: roboPOKE|move: Stealth Rock\n|\n|-heal|p1a: Garchomp|36\/100|[from] item: Leftovers\n|upkeep\n|turn|20\n|\n|t:|1660499721\n|move|p2a: Excadrill|Earthquake|p1a: Garchomp\n|-damage|p1a: Garchomp|0 fnt\n|faint|p1a: Garchomp\n|\n|upkeep\n|\n|t:|1660499724\n|switch|p1a: Corviknight|Corviknight, F|100\/100\n|-damage|p1a: Corviknight|88\/100|[from] Stealth Rock\n|-ability|p1a: Corviknight|Pressure\n|turn|21\n|\n|t:|1660499729\n|switch|p2a: Tapu Fini|Tapu Fini|94\/100 brn\n|-damage|p2a: Tapu Fini|82\/100 brn|[from] Stealth Rock\n|-fieldstart|move: Misty Terrain|[from] ability: Misty Surge|[of] p2a: Tapu Fini\n|move|p1a: Corviknight|Defog|p2a: Tapu Fini\n|-unboost|p2a: Tapu Fini|evasion|1\n|-sideend|p2: roboPOKE|Stealth Rock|[from] move: Defog|[of] p1a: Corviknight\n|-sideend|p1: LT93OQ Starbit|Stealth Rock|[from] move: Defog|[of] p1a: Corviknight\n|-fieldend|Misty Terrain\n|\n|-heal|p2a: Tapu Fini|88\/100 brn|[from] item: Leftovers\n|-damage|p2a: Tapu Fini|82\/100 brn|[from] brn\n|upkeep\n|turn|22\n|\n|t:|1660499736\n|switch|p1a: Toxapex|Toxapex, F|92\/100\n|move|p2a: Tapu Fini|Scald|p1a: Toxapex\n|-resisted|p1a: Toxapex\n|-damage|p1a: Toxapex|81\/100\n|\n|-heal|p2a: Tapu Fini|88\/100 brn|[from] item: Leftovers\n|-damage|p2a: Tapu Fini|82\/100 brn|[from] brn\n|upkeep\n|turn|23\n|\n|t:|1660499741\n|move|p2a: Tapu Fini|Substitute|p2a: Tapu Fini\n|-start|p2a: Tapu Fini|Substitute\n|-damage|p2a: Tapu Fini|57\/100 brn\n|move|p1a: Toxapex|Toxic Spikes|p2a: Tapu Fini\n|-sidestart|p2: roboPOKE|move: Toxic Spikes\n|\n|-heal|p2a: Tapu Fini|63\/100 brn|[from] item: Leftovers\n|-damage|p2a: Tapu Fini|57\/100 brn|[from] brn\n|upkeep\n|turn|24\n|\n|t:|1660499744\n|switch|p1a: Reuniclus|Reuniclus, F|100\/100 brn\n|move|p2a: Tapu Fini|Calm Mind|p2a: Tapu Fini\n|-boost|p2a: Tapu Fini|spa|1\n|-boost|p2a: Tapu Fini|spd|1\n|\n|-heal|p2a: Tapu Fini|63\/100 brn|[from] item: Leftovers\n|-damage|p2a: Tapu Fini|57\/100 brn|[from] brn\n|-damage|p1a: Reuniclus|94\/100 brn|[from] brn\n|upkeep\n|turn|25\n|\n|t:|1660499746\n|move|p2a: Tapu Fini|Draining Kiss|p1a: Reuniclus\n|-crit|p1a: Reuniclus\n|-damage|p1a: Reuniclus|79\/100 brn\n|-heal|p2a: Tapu Fini|72\/100 brn|[from] drain|[of] p1a: Reuniclus\n|move|p1a: Reuniclus|Psyshock|p2a: Tapu Fini\n|-activate|p2a: Tapu Fini|move: Substitute|[damage]\n|\n|-heal|p2a: Tapu Fini|78\/100 brn|[from] item: Leftovers\n|-damage|p2a: Tapu Fini|72\/100 brn|[from] brn\n|-damage|p1a: Reuniclus|73\/100 brn|[from] brn\n|upkeep\n|turn|26\n|\n|t:|1660499750\n|move|p2a: Tapu Fini|Draining Kiss|p1a: Reuniclus\n|-damage|p1a: Reuniclus|62\/100 brn\n|-heal|p2a: Tapu Fini|82\/100 brn|[from] drain|[of] p1a: Reuniclus\n|move|p1a: Reuniclus|Psyshock|p2a: Tapu Fini\n|-end|p2a: Tapu Fini|Substitute\n|\n|-heal|p2a: Tapu Fini|88\/100 brn|[from] item: Leftovers\n|-damage|p2a: Tapu Fini|82\/100 brn|[from] brn\n|-damage|p1a: Reuniclus|56\/100 brn|[from] brn\n|upkeep\n|turn|27\n|\n|t:|1660499752\n|move|p2a: Tapu Fini|Substitute|p2a: Tapu Fini\n|-start|p2a: Tapu Fini|Substitute\n|-damage|p2a: Tapu Fini|57\/100 brn\n|move|p1a: Reuniclus|Psyshock|p2a: Tapu Fini\n|-activate|p2a: Tapu Fini|move: Substitute|[damage]\n|\n|-heal|p2a: Tapu Fini|63\/100 brn|[from] item: Leftovers\n|-damage|p2a: Tapu Fini|57\/100 brn|[from] brn\n|-damage|p1a: Reuniclus|50\/100 brn|[from] brn\n|upkeep\n|turn|28\n|\n|t:|1660499757\n|switch|p1a: Clefable|Clefable, F|100\/100\n|move|p2a: Tapu Fini|Scald|p1a: Clefable\n|-damage|p1a: Clefable|74\/100\n|\n|-heal|p2a: Tapu Fini|63\/100 brn|[from] item: Leftovers\n|-damage|p2a: Tapu Fini|57\/100 brn|[from] brn\n|upkeep\n|turn|29\n|\n|t:|1660499761\n|move|p2a: Tapu Fini|Scald|p1a: Clefable\n|-damage|p1a: Clefable|48\/100\n|move|p1a: Clefable|Calm Mind|p1a: Clefable\n|-boost|p1a: Clefable|spa|1\n|-boost|p1a: Clefable|spd|1\n|\n|-heal|p2a: Tapu Fini|63\/100 brn|[from] item: Leftovers\n|-damage|p2a: Tapu Fini|57\/100 brn|[from] brn\n|upkeep\n|turn|30\n|\n|t:|1660499764\n|switch|p2a: Excadrill|Excadrill, M|50\/100\n|-ability|p2a: Excadrill|Mold Breaker\n|move|p1a: Clefable|Soft-Boiled|p1a: Clefable\n|-heal|p1a: Clefable|98\/100\n|\n|upkeep\n|turn|31\n|\n|t:|1660499767\n|switch|p1a: Corviknight|Corviknight, F|88\/100\n|-ability|p1a: Corviknight|Pressure\n|move|p2a: Excadrill|Rapid Spin|p1a: Corviknight\n|-resisted|p1a: Corviknight\n|-damage|p1a: Corviknight|81\/100\n|-boost|p2a: Excadrill|spe|1\n|-sideend|p2: roboPOKE|Toxic Spikes|[from] move: Rapid Spin|[of] p2a: Excadrill\n|\n|upkeep\n|turn|32\n|\n|t:|1660499772\n|move|p2a: Excadrill|Stealth Rock|p1a: Corviknight\n|-sidestart|p1: LT93OQ Starbit|move: Stealth Rock\n|move|p1a: Corviknight|U-turn|p2a: Excadrill\n|-resisted|p2a: Excadrill\n|-damage|p2a: Excadrill|40\/100\n|\n|t:|1660499775\n|switch|p1a: Toxapex|Toxapex, F|100\/100|[from]move: U-turn\n|-damage|p1a: Toxapex|88\/100|[from] Stealth Rock\n|\n|upkeep\n|turn|33\n|\n|t:|1660499782\n|switch|p1a: Corviknight|Corviknight, F|81\/100\n|-damage|p1a: Corviknight|68\/100|[from] Stealth Rock\n|-ability|p1a: Corviknight|Pressure\n|move|p2a: Excadrill|Earthquake|p1a: Corviknight\n|-immune|p1a: Corviknight\n|\n|upkeep\n|turn|34\n|\n|t:|1660499787\n|move|p2a: Excadrill|Steel Beam|p1a: Corviknight\n|-resisted|p1a: Corviknight\n|-damage|p1a: Corviknight|58\/100\n|-damage|p2a: Excadrill|0 fnt|[from] mindblown\n|faint|p2a: Excadrill\n|move|p1a: Corviknight|Defog|p2: Excadrill|[notarget]\n|-fail|p1a: Corviknight\n|\n|upkeep\n|inactive|roboPOKE has 120 seconds left.\n|inactive|roboPOKE has 90 seconds left.\n|\n|t:|1660499865\n|switch|p2a: Kartana|Kartana|100\/100\n|turn|35\n|\n|t:|1660499870\n|move|p2a: Kartana|Swords Dance|p2a: Kartana\n|-boost|p2a: Kartana|atk|2\n|move|p1a: Corviknight|Roost|p1a: Corviknight\n|-heal|p1a: Corviknight|100\/100\n|-singleturn|p1a: Corviknight|move: Roost\n|\n|upkeep\n|turn|36\n|\n|t:|1660499879\n|switch|p1a: Clefable|Clefable, F|98\/100\n|move|p2a: Kartana|Swords Dance|p2a: Kartana\n|-boost|p2a: Kartana|atk|2\n|\n|upkeep\n|turn|37\n|\n|t:|1660499883\n|move|p2a: Kartana|Substitute|p2a: Kartana\n|-start|p2a: Kartana|Substitute\n|-damage|p2a: Kartana|75\/100\n|move|p1a: Clefable|Flamethrower|p2a: Kartana\n|-supereffective|p2a: Kartana\n|-end|p2a: Kartana|Substitute\n|\n|upkeep\n|turn|38\n|\n|t:|1660499888\n|move|p2a: Kartana|Leaf Blade|p1a: Clefable\n|-damage|p1a: Clefable|52\/100\n|move|p1a: Clefable|Flamethrower|p2a: Kartana\n|-supereffective|p2a: Kartana\n|-damage|p2a: Kartana|0 fnt\n|faint|p2a: Kartana\n|\n|upkeep\n|\n|t:|1660499891\n|switch|p2a: Rillaboom|Rillaboom, M|96\/100\n|-fieldstart|move: Grassy Terrain|[from] ability: Grassy Surge|[of] p2a: Rillaboom\n|turn|39\n|\n|t:|1660499895\n|switch|p1a: Corviknight|Corviknight, F|100\/100\n|-damage|p1a: Corviknight|88\/100|[from] Stealth Rock\n|-ability|p1a: Corviknight|Pressure\n|move|p2a: Rillaboom|Grassy Glide|p1a: Corviknight\n|-resisted|p1a: Corviknight\n|-damage|p1a: Corviknight|75\/100\n|-damage|p2a: Rillaboom|86\/100|[from] item: Life Orb\n|\n|-heal|p2a: Rillaboom|92\/100|[from] Grassy Terrain\n|upkeep\n|turn|40\n|\n|t:|1660499907\n|move|p2a: Rillaboom|Swords Dance|p2a: Rillaboom\n|-boost|p2a: Rillaboom|atk|2\n|move|p1a: Corviknight|U-turn|p2a: Rillaboom\n|-supereffective|p2a: Rillaboom\n|-damage|p2a: Rillaboom|64\/100\n|\n|t:|1660499912\n|switch|p1a: Clefable|Clefable, F|52\/100|[from]move: U-turn\n|\n|-heal|p2a: Rillaboom|70\/100|[from] Grassy Terrain\n|-heal|p1a: Clefable|58\/100|[from] Grassy Terrain\n|upkeep\n|turn|41\n|inactive|LT93OQ Starbit has 120 seconds left.\n|\n|t:|1660499966\n|move|p2a: Rillaboom|Knock Off|p1a: Clefable\n|-resisted|p1a: Clefable\n|-damage|p1a: Clefable|40\/100\n|-enditem|p1a: Clefable|Heavy-Duty Boots|[from] move: Knock Off|[of] p2a: Rillaboom\n|-damage|p2a: Rillaboom|61\/100|[from] item: Life Orb\n|move|p1a: Clefable|Soft-Boiled|p1a: Clefable\n|-heal|p1a: Clefable|90\/100\n|\n|-heal|p2a: Rillaboom|67\/100|[from] Grassy Terrain\n|-heal|p1a: Clefable|96\/100|[from] Grassy Terrain\n|upkeep\n|turn|42\n|\n|t:|1660499973\n|switch|p2a: Hawlucha|Hawlucha, F|100\/100\n|-enditem|p2a: Hawlucha|Grassy Seed\n|-boost|p2a: Hawlucha|def|1|[from] item: Grassy Seed\n|move|p1a: Clefable|Flamethrower|p2a: Hawlucha\n|-damage|p2a: Hawlucha|74\/100\n|-status|p2a: Hawlucha|brn\n|\n|-heal|p1a: Clefable|100\/100|[from] Grassy Terrain\n|-damage|p2a: Hawlucha|68\/100 brn|[from] brn\n|upkeep\n|turn|43\n|\n|t:|1660499977\n|switch|p2a: Tapu Fini|Tapu Fini|57\/100 brn\n|-fieldstart|move: Misty Terrain|[from] ability: Misty Surge|[of] p2a: Tapu Fini\n|move|p1a: Clefable|Calm Mind|p1a: Clefable\n|-boost|p1a: Clefable|spa|1\n|-boost|p1a: Clefable|spd|1\n|\n|-heal|p2a: Tapu Fini|63\/100 brn|[from] item: Leftovers\n|-damage|p2a: Tapu Fini|57\/100 brn|[from] brn\n|upkeep\n|turn|44\n|-message|roboPOKE forfeited.\n|\n|win|LT93OQ Starbit\n|raw|LT93OQ Starbit's rating: 1690 &rarr; <strong>1709<\/strong><br \/>(+19 for winning)\n|raw|roboPOKE's rating: 1666 &rarr; <strong>1647<\/strong><br \/>(-19 for losing)\n|l|\u2606roboPOKE\n|l| Drunkensailer\n||Ladder isn't responding, score probably updated but might not have (Request timeout).\n","uploadtime":1660499984,"views":17,"p1id":"lt93oqstarbit","p2id":"robopoke","formatid":"gen8ou","rating":1647,"private":0,"password":null}