{"id":"gen8ou-1300079120","p1":"Stellar Flares","p2":"Shiiftry","format":"gen8ou","log":"|j|\u2606Stellar Flares\n|j|\u2606Shiiftry\n|t:|1615573893\n|player|p1|Stellar Flares|2|\n|player|p2|Shiiftry|blackbelt-gen4dp|\n|teamsize|p1|6\n|teamsize|p2|6\n|gametype|singles\n|gen|8\n|tier|[Gen 8] OU\n|rated|Tournament battle\n|clearpoke\n|poke|p1|Mew|\n|poke|p1|Pelipper, F|\n|poke|p1|Barraskewda, F|\n|poke|p1|Rillaboom, M|\n|poke|p1|Scizor, M|\n|poke|p1|Thundurus-Therian, M|\n|poke|p2|Urshifu-*, F|\n|poke|p2|Tapu Koko|\n|poke|p2|Blissey, F|\n|poke|p2|Heatran, F|\n|poke|p2|Swampert, M|\n|poke|p2|Zapdos|\n|rule|Sleep Clause Mod: Limit one foe put to sleep\n|rule|Species Clause: Limit one of each Pok\u00e9mon\n|rule|OHKO Clause: OHKO moves are banned\n|rule|Evasion Moves Clause: Evasion moves are banned\n|rule|Endless Battle Clause: Forcing endless battles is banned\n|rule|HP Percentage Mod: HP is shown in percentages\n|rule|Dynamax Clause: You cannot dynamax\n|teampreview\n|c|\u2606Shiiftry|hf\n|c|\u2606Shiiftry|encore rain -_-\n|\n|t:|1615573913\n|start\n|switch|p1a: Mew|Mew|100\/100\n|switch|p2a: Tapu Koko|Tapu Koko|100\/100\n|-fieldstart|move: Electric Terrain|[from] ability: Electric Surge|[of] p2a: Tapu Koko\n|turn|1\n|j|%Kabilapok\n|\n|t:|1615573920\n|move|p2a: Tapu Koko|U-turn|p1a: Mew\n|-supereffective|p1a: Mew\n|-damage|p1a: Mew|70\/100\n|inactive|Battle timer is ON: inactive players will automatically lose when time's up. (requested by Shiiftry)\n|\n|t:|1615573925\n|switch|p2a: Swampert|Swampert, M|100\/100|[from]move: U-turn\n|move|p1a: Mew|Spikes|p2a: Swampert\n|-sidestart|p2: Shiiftry|Spikes\n|\n|upkeep\n|turn|2\n|\n|t:|1615573928\n|move|p1a: Mew|Taunt|p2a: Swampert\n|-start|p2a: Swampert|move: Taunt\n|move|p2a: Swampert|Flip Turn|p1a: Mew\n|-damage|p1a: Mew|51\/100\n|\n|t:|1615573939\n|switch|p2a: Tapu Koko|Tapu Koko|100\/100|[from]move: Flip Turn\n|\n|upkeep\n|turn|3\n|\n|t:|1615573944\n|move|p2a: Tapu Koko|U-turn|p1a: Mew\n|-supereffective|p1a: Mew\n|-damage|p1a: Mew|25\/100\n|\n|t:|1615573946\n|switch|p2a: Swampert|Swampert, M|100\/100|[from]move: U-turn\n|-damage|p2a: Swampert|88\/100|[from] Spikes\n|move|p1a: Mew|Soft-Boiled|p1a: Mew\n|-heal|p1a: Mew|75\/100\n|\n|-heal|p2a: Swampert|94\/100|[from] item: Leftovers\n|upkeep\n|turn|4\n|\n|t:|1615573952\n|move|p1a: Mew|Taunt|p2a: Swampert\n|-start|p2a: Swampert|move: Taunt\n|move|p2a: Swampert|Flip Turn|p1a: Mew\n|-damage|p1a: Mew|57\/100\n|\n|t:|1615573959\n|switch|p2a: Zapdos|Zapdos|100\/100|[from]move: Flip Turn\n|\n|upkeep\n|turn|5\n|\n|t:|1615573962\n|move|p1a: Mew|Stealth Rock|p2a: Zapdos\n|-sidestart|p2: Shiiftry|move: Stealth Rock\n|move|p2a: Zapdos|Volt Switch|p1a: Mew\n|-damage|p1a: Mew|34\/100\n|inactive|Shiiftry has 120 seconds left.\n|\n|t:|1615574013\n|switch|p2a: Heatran|Heatran, F|100\/100|[from]move: Volt Switch\n|-damage|p2a: Heatran|88\/100|[from] Spikes\n|-damage|p2a: Heatran|76\/100|[from] Stealth Rock\n|\n|-heal|p2a: Heatran|82\/100|[from] item: Leftovers\n|-fieldend|move: Electric Terrain\n|upkeep\n|turn|6\n|\n|t:|1615574024\n|move|p1a: Mew|Spikes|p2a: Heatran\n|-sidestart|p2: Shiiftry|Spikes\n|move|p2a: Heatran|Toxic|p1a: Mew\n|-status|p1a: Mew|tox\n|-activate|p1a: Mew|ability: Synchronize\n|-immune|p2a: Heatran\n|\n|-heal|p2a: Heatran|88\/100|[from] item: Leftovers\n|-damage|p1a: Mew|28\/100 tox|[from] psn\n|upkeep\n|turn|7\n|\n|t:|1615574033\n|move|p1a: Mew|Spikes|p2a: Heatran\n|-sidestart|p2: Shiiftry|Spikes\n|move|p2a: Heatran|Magma Storm|p1a: Mew\n|-damage|p1a: Mew|0 fnt\n|faint|p1a: Mew\n|\n|-heal|p2a: Heatran|94\/100|[from] item: Leftovers\n|upkeep\n|\n|t:|1615574035\n|switch|p1a: Pelipper|Pelipper, F|100\/100\n|-weather|RainDance|[from] ability: Drizzle|[of] p1a: Pelipper\n|turn|8\n|\n|t:|1615574043\n|switch|p2a: Zapdos|Zapdos|100\/100\n|move|p1a: Pelipper|U-turn|p2a: Zapdos\n|-resisted|p2a: Zapdos\n|-damage|p2a: Zapdos|97\/100\n|inactive|Stellar Flares has 120 seconds left.\n|\n|t:|1615574082\n|switch|p1a: Thundurus|Thundurus-Therian, M|100\/100|[from]move: U-turn\n|\n|-weather|RainDance|[upkeep]\n|upkeep\n|turn|9\n|\n|t:|1615574086\n|move|p1a: Thundurus|Nasty Plot|p1a: Thundurus\n|-boost|p1a: Thundurus|spa|2\n|move|p2a: Zapdos|Defog|p1a: Thundurus\n|-unboost|p1a: Thundurus|evasion|1\n|-sideend|p2: Shiiftry|Spikes|[from] move: Defog|[of] p2a: Zapdos\n|-sideend|p2: Shiiftry|Stealth Rock|[from] move: Defog|[of] p2a: Zapdos\n|\n|-weather|RainDance|[upkeep]\n|upkeep\n|turn|10\n|\n|t:|1615574092\n|switch|p2a: Swampert|Swampert, M|94\/100\n|move|p1a: Thundurus|Nasty Plot|p1a: Thundurus\n|-boost|p1a: Thundurus|spa|2\n|\n|-weather|RainDance|[upkeep]\n|-heal|p2a: Swampert|100\/100|[from] item: Leftovers\n|upkeep\n|turn|11\n|\n|t:|1615574101\n|move|p1a: Thundurus|Focus Blast|p2a: Swampert\n|-damage|p2a: Swampert|0 fnt\n|faint|p2a: Swampert\n|\n|-weather|RainDance|[upkeep]\n|upkeep\n|\n|t:|1615574110\n|switch|p2a: Tapu Koko|Tapu Koko|100\/100\n|-fieldstart|move: Electric Terrain|[from] ability: Electric Surge|[of] p2a: Tapu Koko\n|turn|12\n|\n|t:|1615574113\n|move|p2a: Tapu Koko|U-turn|p1a: Thundurus\n|-resisted|p1a: Thundurus\n|-damage|p1a: Thundurus|88\/100\n|\n|t:|1615574115\n|switch|p2a: Heatran|Heatran, F|94\/100|[from]move: U-turn\n|move|p1a: Thundurus|Thunder|p2a: Heatran\n|-damage|p2a: Heatran|0 fnt\n|faint|p2a: Heatran\n|\n|-weather|RainDance|[upkeep]\n|upkeep\n|c|\u2606Stellar Flares|this defog cost you a lot\n|c|\u2606Shiiftry|ok bro\n|inactive|Shiiftry has 120 seconds left.\n|c|\u2606Shiiftry|pourquoi tu parles anglais sur un tour sur la room fr?\n|\n|t:|1615574151\n|switch|p2a: Tapu Koko|Tapu Koko|100\/100\n|turn|13\n|\n|t:|1615574153\n|move|p2a: Tapu Koko|Dazzling Gleam|p1a: Thundurus\n|-damage|p1a: Thundurus|44\/100\n|move|p1a: Thundurus|Thunder|p2a: Tapu Koko\n|-resisted|p2a: Tapu Koko\n|-damage|p2a: Tapu Koko|0 fnt\n|faint|p2a: Tapu Koko\n|\n|-weather|RainDance|[upkeep]\n|upkeep\n|\n|t:|1615574156\n|switch|p2a: Urshifu|Urshifu-Rapid-Strike, F|100\/100\n|turn|14\n|c|%Kabilapok|rien de mal\n|\n|t:|1615574163\n|switch|p1a: Pelipper|Pelipper, F|100\/100\n|move|p2a: Urshifu|Aqua Jet|p1a: Pelipper\n|-resisted|p1a: Pelipper\n|-damage|p1a: Pelipper|81\/100\n|\n|-weather|RainDance|[upkeep]\n|upkeep\n|turn|15\n|c|\u2606Shiiftry|j'aime pas les gens p\u00e9dants comme ca\n|\n|t:|1615574176\n|move|p2a: Urshifu|U-turn|p1a: Pelipper\n|-resisted|p1a: Pelipper\n|-damage|p1a: Pelipper|66\/100\n|\n|t:|1615574181\n|switch|p2a: Zapdos|Zapdos|97\/100|[from]move: U-turn\n|move|p1a: Pelipper|U-turn|p2a: Zapdos\n|-resisted|p2a: Zapdos\n|-damage|p2a: Zapdos|94\/100\n|\n|t:|1615574188\n|switch|p1a: Barraskewda|Barraskewda, F|100\/100|[from]move: U-turn\n|\n|-weather|none\n|upkeep\n|turn|16\n|\n|t:|1615574192\n|move|p1a: Barraskewda|Flip Turn|p2a: Zapdos\n|-damage|p2a: Zapdos|56\/100\n|-status|p1a: Barraskewda|par|[from] ability: Static|[of] p2a: Zapdos\n|\n|t:|1615574194\n|switch|p1a: Pelipper|Pelipper, F|66\/100|[from]move: Flip Turn\n|-weather|RainDance|[from] ability: Drizzle|[of] p1a: Pelipper\n|move|p2a: Zapdos|Heat Wave|p1a: Pelipper\n|-resisted|p1a: Pelipper\n|-damage|p1a: Pelipper|53\/100\n|\n|-weather|RainDance|[upkeep]\n|-fieldend|move: Electric Terrain\n|upkeep\n|turn|17\n|\n|t:|1615574204\n|move|p2a: Zapdos|Roost|p2a: Zapdos\n|-heal|p2a: Zapdos|100\/100\n|-singleturn|p2a: Zapdos|move: Roost\n|move|p1a: Pelipper|U-turn|p2a: Zapdos\n|-damage|p2a: Zapdos|93\/100\n|\n|t:|1615574209\n|switch|p1a: Barraskewda|Barraskewda, F|100\/100 par|[from]move: U-turn\n|\n|-weather|RainDance|[upkeep]\n|upkeep\n|turn|18\n|\n|t:|1615574212\n|cant|p1a: Barraskewda|par\n|move|p2a: Zapdos|Volt Switch|p1a: Barraskewda\n|-supereffective|p1a: Barraskewda\n|-damage|p1a: Barraskewda|0 fnt\n|faint|p1a: Barraskewda\n|c|\u2606Stellar Flares|what a shame\n|\n|t:|1615574218\n|switch|p2a: Blissey|Blissey, F|100\/100|[from]move: Volt Switch\n|\n|-weather|RainDance|[upkeep]\n|upkeep\n|\n|t:|1615574222\n|switch|p1a: Scizor|Scizor, M|100\/100\n|turn|19\n|\n|t:|1615574228\n|switch|p2a: Zapdos|Zapdos|93\/100\n|move|p1a: Scizor|U-turn|p2a: Zapdos\n|-resisted|p2a: Zapdos\n|-damage|p2a: Zapdos|68\/100\n|\n|t:|1615574233\n|switch|p1a: Rillaboom|Rillaboom, M|100\/100|[from]move: U-turn\n|-fieldstart|move: Grassy Terrain|[from] ability: Grassy Surge|[of] p1a: Rillaboom\n|\n|-weather|RainDance|[upkeep]\n|upkeep\n|turn|20\n|\n|t:|1615574240\n|move|p2a: Zapdos|Heat Wave|p1a: Rillaboom\n|-supereffective|p1a: Rillaboom\n|-damage|p1a: Rillaboom|66\/100\n|move|p1a: Rillaboom|Wood Hammer|p2a: Zapdos\n|-resisted|p2a: Zapdos\n|-damage|p2a: Zapdos|19\/100\n|-damage|p1a: Rillaboom|48\/100|[from] Recoil\n|\n|-weather|RainDance|[upkeep]\n|-heal|p1a: Rillaboom|54\/100|[from] Grassy Terrain\n|upkeep\n|turn|21\n|\n|t:|1615574243\n|move|p2a: Zapdos|Roost|p2a: Zapdos\n|-heal|p2a: Zapdos|69\/100\n|-singleturn|p2a: Zapdos|move: Roost\n|move|p1a: Rillaboom|Wood Hammer|p2a: Zapdos\n|-damage|p2a: Zapdos|0 fnt\n|-status|p1a: Rillaboom|par|[from] ability: Static|[of] p2a: Zapdos\n|-damage|p1a: Rillaboom|29\/100 par|[from] Recoil\n|faint|p2a: Zapdos\n|\n|-weather|RainDance|[upkeep]\n|-heal|p1a: Rillaboom|35\/100 par|[from] Grassy Terrain\n|upkeep\n|\n|t:|1615574247\n|switch|p2a: Blissey|Blissey, F|100\/100\n|turn|22\n|\n|t:|1615574253\n|switch|p1a: Pelipper|Pelipper, F|53\/100\n|move|p2a: Blissey|Seismic Toss|p1a: Pelipper\n|-damage|p1a: Pelipper|15\/100\n|\n|-weather|RainDance|[upkeep]\n|upkeep\n|turn|23\n|\n|t:|1615574258\n|move|p1a: Pelipper|U-turn|p2a: Blissey\n|-damage|p2a: Blissey|93\/100\n|\n|t:|1615574259\n|switch|p1a: Scizor|Scizor, M|100\/100|[from]move: U-turn\n|move|p2a: Blissey|Teleport|p2a: Blissey\n|\n|t:|1615574261\n|switch|p2a: Urshifu|Urshifu-Rapid-Strike, F|100\/100|[from]move: Teleport\n|\n|-weather|none\n|-fieldend|move: Grassy Terrain\n|upkeep\n|turn|24\n|\n|t:|1615574265\n|move|p2a: Urshifu|Surging Strikes|p1a: Scizor\n|-crit|p1a: Scizor\n|-damage|p1a: Scizor|81\/100\n|-crit|p1a: Scizor\n|-damage|p1a: Scizor|63\/100\n|-crit|p1a: Scizor\n|-damage|p1a: Scizor|44\/100\n|-hitcount|p1a: Scizor|3\n|move|p1a: Scizor|U-turn|p2a: Urshifu\n|-resisted|p2a: Urshifu\n|-damage|p2a: Urshifu|72\/100\n|\n|t:|1615574271\n|switch|p1a: Rillaboom|Rillaboom, M|35\/100 par|[from]move: U-turn\n|-fieldstart|move: Grassy Terrain|[from] ability: Grassy Surge|[of] p1a: Rillaboom\n|\n|-heal|p2a: Urshifu|79\/100|[from] Grassy Terrain\n|-heal|p1a: Rillaboom|41\/100 par|[from] Grassy Terrain\n|upkeep\n|turn|25\n|\n|t:|1615574278\n|switch|p2a: Blissey|Blissey, F|93\/100\n|move|p1a: Rillaboom|Grassy Glide|p2a: Blissey\n|-damage|p2a: Blissey|25\/100\n|\n|-heal|p2a: Blissey|31\/100|[from] Grassy Terrain\n|-heal|p1a: Rillaboom|47\/100 par|[from] Grassy Terrain\n|upkeep\n|turn|26\n|\n|t:|1615574281\n|move|p1a: Rillaboom|Grassy Glide|p2a: Blissey\n|-damage|p2a: Blissey|0 fnt\n|faint|p2a: Blissey\n|\n|-heal|p1a: Rillaboom|54\/100 par|[from] Grassy Terrain\n|upkeep\n|\n|t:|1615574283\n|switch|p2a: Urshifu|Urshifu-Rapid-Strike, F|79\/100\n|turn|27\n|\n|t:|1615574285\n|move|p1a: Rillaboom|Grassy Glide|p2a: Urshifu\n|-supereffective|p2a: Urshifu\n|-damage|p2a: Urshifu|0 fnt\n|faint|p2a: Urshifu\n|\n|win|Stellar Flares\n|n|\u2606Stellar Flares|stellarflares\n|n|\u2606Shiiftry|shiiftry\n|n| Kabilapok|kabilapok\n","uploadtime":1615574286,"views":124,"p1id":"stellarflares","p2id":"shiiftry","formatid":"gen8ou","rating":0,"private":0,"password":null}