{"id":"gen8ou-1680691781","p1":"minimax_ai","p2":"tanishq1","format":"gen8ou","log":"|j|\u2606minimax_ai\n|j|\u2606tanishq1\n|t:|1665227707\n|gametype|singles\n|player|p1|minimax_ai|lusamine-nihilego|1558\n|player|p2|tanishq1|2|1672\n|teamsize|p1|6\n|teamsize|p2|6\n|gen|8\n|tier|[Gen 8] OU\n|rated|\n|rule|Sleep Clause Mod: Limit one foe put to sleep\n|rule|Species Clause: Limit one of each Pok\u00e9mon\n|rule|OHKO Clause: OHKO moves are banned\n|rule|Evasion Items Clause: Evasion items are banned\n|rule|Evasion Moves Clause: Evasion moves are banned\n|rule|Endless Battle Clause: Forcing endless battles is banned\n|rule|HP Percentage Mod: HP is shown in percentages\n|rule|Dynamax Clause: You cannot dynamax\n|clearpoke\n|poke|p1|Rotom-Wash|\n|poke|p1|Weavile, F|\n|poke|p1|Landorus-Therian, M|\n|poke|p1|Heatran, M|\n|poke|p1|Tangrowth, M|\n|poke|p1|Melmetal|\n|poke|p2|Urshifu-*, F|\n|poke|p2|Heatran, F|\n|poke|p2|Rotom-Wash|\n|poke|p2|Landorus-Therian, M|\n|poke|p2|Tapu Lele|\n|poke|p2|Kartana|\n|teampreview\n|c|\u2606minimax_ai|hf\n|inactive|Battle timer is ON: inactive players will automatically lose when time's up. (requested by minimax_ai)\n|inactive|tanishq1 has 120 seconds left.\n|\n|t:|1665227754\n|start\n|switch|p1a: landorustherian|Landorus-Therian, M|100\/100\n|switch|p2a: Urshifu|Urshifu-Rapid-Strike, F|100\/100\n|-ability|p1a: landorustherian|Intimidate|boost\n|-unboost|p2a: Urshifu|atk|1\n|turn|1\n|\n|t:|1665227757\n|switch|p1a: Tangrowth|Tangrowth, M|100\/100\n|move|p2a: Urshifu|U-turn|p1a: Tangrowth\n|-supereffective|p1a: Tangrowth\n|-damage|p1a: Tangrowth|76\/100\n|-damage|p2a: Urshifu|84\/100|[from] item: Rocky Helmet|[of] p1a: Tangrowth\n|\n|t:|1665227759\n|switch|p2a: Heatran|Heatran, F|100\/100|[from]move: U-turn\n|-item|p2a: Heatran|Air Balloon\n|\n|upkeep\n|turn|2\n|\n|t:|1665227763\n|switch|p2a: Kartana|Kartana, shiny|100\/100\n|switch|p1a: rotomwash|Rotom-Wash|100\/100\n|\n|upkeep\n|turn|3\n|\n|t:|1665227766\n|switch|p1a: Tangrowth|Tangrowth, M|100\/100\n|move|p2a: Kartana|Swords Dance|p2a: Kartana\n|-boost|p2a: Kartana|atk|2\n|\n|upkeep\n|turn|4\n|\n|t:|1665227768\n|move|p2a: Kartana|Knock Off|p1a: Tangrowth\n|-damage|p1a: Tangrowth|52\/100\n|-enditem|p1a: Tangrowth|Rocky Helmet|[from] move: Knock Off|[of] p2a: Kartana\n|move|p1a: Tangrowth|Focus Blast|p2a: Kartana|[miss]\n|-miss|p1a: Tangrowth|p2a: Kartana\n|\n|upkeep\n|turn|5\n|\n|t:|1665227775\n|switch|p2a: Tapu Lele|Tapu Lele|100\/100\n|-fieldstart|move: Psychic Terrain|[from] ability: Psychic Surge|[of] p2a: Tapu Lele\n|move|p1a: Tangrowth|Focus Blast|p2a: Tapu Lele\n|-resisted|p2a: Tapu Lele\n|-damage|p2a: Tapu Lele|93\/100\n|\n|upkeep\n|turn|6\n|\n|t:|1665227781\n|switch|p2a: Urshifu|Urshifu-Rapid-Strike, F|84\/100\n|switch|p1a: Melmetal|Melmetal|100\/100\n|\n|upkeep\n|turn|7\n|\n|t:|1665227783\n|move|p2a: Urshifu|Close Combat|p1a: Melmetal\n|-supereffective|p1a: Melmetal\n|-damage|p1a: Melmetal|3\/100\n|-unboost|p2a: Urshifu|def|1\n|-unboost|p2a: Urshifu|spd|1\n|move|p1a: Melmetal|Thunder Punch|p2a: Urshifu\n|-supereffective|p2a: Urshifu\n|-damage|p2a: Urshifu|0 fnt\n|faint|p2a: Urshifu\n|\n|upkeep\n|\n|t:|1665227788\n|switch|p2a: Kartana|Kartana, shiny|100\/100\n|turn|8\n|\n|t:|1665227789\n|switch|p1a: Tangrowth|Tangrowth, M|85\/100\n|move|p2a: Kartana|Sacred Sword|p1a: Tangrowth\n|-damage|p1a: Tangrowth|64\/100\n|\n|upkeep\n|turn|9\n|\n|t:|1665227792\n|move|p2a: Kartana|Swords Dance|p2a: Kartana\n|-boost|p2a: Kartana|atk|2\n|move|p1a: Tangrowth|Giga Drain|p2a: Kartana\n|-resisted|p2a: Kartana\n|-damage|p2a: Kartana|78\/100\n|-heal|p1a: Tangrowth|71\/100|[from] drain|[of] p2a: Kartana\n|\n|-fieldend|move: Psychic Terrain\n|upkeep\n|turn|10\n|\n|t:|1665227793\n|move|p2a: Kartana|Sacred Sword|p1a: Tangrowth\n|-damage|p1a: Tangrowth|31\/100\n|move|p1a: Tangrowth|Focus Blast|p2a: Kartana\n|-supereffective|p2a: Kartana\n|-damage|p2a: Kartana|0 fnt\n|faint|p2a: Kartana\n|\n|upkeep\n|\n|t:|1665227796\n|switch|p2a: Heatran|Heatran, F|100\/100\n|-item|p2a: Heatran|Air Balloon\n|turn|11\n|\n|t:|1665227798\n|switch|p1a: rotomwash|Rotom-Wash|100\/100\n|move|p2a: Heatran|Magma Storm|p1a: rotomwash|[miss]\n|-miss|p2a: Heatran|p1a: rotomwash\n|\n|upkeep\n|turn|12\n|\n|t:|1665227801\n|switch|p2a: Rotom|Rotom-Wash, shiny|100\/100\n|move|p1a: rotomwash|Hydro Pump|p2a: Rotom|[miss]\n|-miss|p1a: rotomwash|p2a: Rotom\n|\n|upkeep\n|turn|13\n|\n|t:|1665227803\n|move|p1a: rotomwash|Hydro Pump|p2a: Rotom\n|-resisted|p2a: Rotom\n|-damage|p2a: Rotom|83\/100\n|move|p2a: Rotom|Volt Switch|p1a: rotomwash\n|-damage|p1a: rotomwash|74\/100\n|\n|t:|1665227805\n|switch|p2a: Tapu Lele|Tapu Lele|93\/100|[from]move: Volt Switch\n|-fieldstart|move: Psychic Terrain|[from] ability: Psychic Surge|[of] p2a: Tapu Lele\n|\n|-heal|p1a: rotomwash|80\/100|[from] item: Leftovers\n|upkeep\n|turn|14\n|\n|t:|1665227807\n|switch|p1a: Melmetal|Melmetal|3\/100\n|move|p2a: Tapu Lele|Focus Blast|p1a: Melmetal\n|-supereffective|p1a: Melmetal\n|-damage|p1a: Melmetal|0 fnt\n|faint|p1a: Melmetal\n|\n|upkeep\n|\n|t:|1665227808\n|switch|p1a: Weavile|Weavile, F|100\/100\n|-ability|p1a: Weavile|Pressure\n|turn|15\n|\n|t:|1665227810\n|move|p2a: Tapu Lele|Focus Blast|p1a: Weavile\n|-supereffective|p1a: Weavile\n|-damage|p1a: Weavile|0 fnt\n|faint|p1a: Weavile\n|\n|upkeep\n|\n|t:|1665227810\n|switch|p1a: Tangrowth|Tangrowth, M|64\/100\n|turn|16\n|\n|t:|1665227814\n|switch|p2a: Heatran|Heatran, F|100\/100\n|-item|p2a: Heatran|Air Balloon\n|switch|p1a: landorustherian|Landorus-Therian, M|100\/100\n|-ability|p1a: landorustherian|Intimidate|boost\n|-unboost|p2a: Heatran|atk|1\n|\n|upkeep\n|turn|17\n|\n|t:|1665227817\n|switch|p2a: Landorus|Landorus-Therian, M|100\/100\n|-ability|p2a: Landorus|Intimidate|boost\n|-unboost|p1a: landorustherian|atk|1\n|move|p1a: landorustherian|U-turn|p2a: Landorus\n|-resisted|p2a: Landorus\n|-damage|p2a: Landorus|94\/100\n|\n|t:|1665227817\n|switch|p1a: rotomwash|Rotom-Wash|80\/100|[from]move: U-turn\n|\n|-heal|p1a: rotomwash|86\/100|[from] item: Leftovers\n|-heal|p2a: Landorus|99\/100|[from] item: Leftovers\n|-fieldend|move: Psychic Terrain\n|upkeep\n|turn|18\n|\n|t:|1665227819\n|move|p1a: rotomwash|Hydro Pump|p2a: Landorus\n|-supereffective|p2a: Landorus\n|-damage|p2a: Landorus|41\/100\n|move|p2a: Landorus|Knock Off|p1a: rotomwash\n|-damage|p1a: rotomwash|52\/100\n|-enditem|p1a: rotomwash|Leftovers|[from] move: Knock Off|[of] p2a: Landorus\n|\n|-heal|p2a: Landorus|47\/100|[from] item: Leftovers\n|upkeep\n|turn|19\n|\n|t:|1665227822\n|switch|p1a: landorustherian|Landorus-Therian, M|100\/100\n|-ability|p1a: landorustherian|Intimidate|boost\n|-unboost|p2a: Landorus|atk|1\n|switch|p2a: Rotom|Rotom-Wash, shiny|83\/100\n|\n|-heal|p2a: Rotom|89\/100|[from] item: Leftovers\n|upkeep\n|turn|20\n|\n|t:|1665227825\n|move|p1a: landorustherian|Toxic|p2a: Rotom\n|-status|p2a: Rotom|tox\n|move|p2a: Rotom|Hydro Pump|p1a: landorustherian\n|-supereffective|p1a: landorustherian\n|-damage|p1a: landorustherian|39\/100\n|\n|-heal|p1a: landorustherian|45\/100|[from] item: Leftovers\n|-heal|p2a: Rotom|95\/100 tox|[from] item: Leftovers\n|-damage|p2a: Rotom|89\/100 tox|[from] psn\n|upkeep\n|turn|21\n|\n|t:|1665227828\n|move|p1a: landorustherian|U-turn|p2a: Rotom\n|-damage|p2a: Rotom|64\/100 tox\n|\n|t:|1665227828\n|switch|p1a: Tangrowth|Tangrowth, M|97\/100|[from]move: U-turn\n|move|p2a: Rotom|Volt Switch|p1a: Tangrowth\n|-resisted|p1a: Tangrowth\n|-damage|p1a: Tangrowth|78\/100\n|\n|t:|1665227830\n|switch|p2a: Heatran|Heatran, F|100\/100|[from]move: Volt Switch\n|-item|p2a: Heatran|Air Balloon\n|\n|upkeep\n|turn|22\n|\n|t:|1665227832\n|switch|p1a: Heatran|Heatran, M|100\/100\n|-item|p1a: Heatran|Air Balloon\n|move|p2a: Heatran|Stealth Rock|p1a: Heatran\n|-sidestart|p1: minimax_ai|move: Stealth Rock\n|\n|upkeep\n|turn|23\n|\n|t:|1665227836\n|move|p1a: Heatran|Eruption|p2a: Heatran\n|-start|p2a: Heatran|ability: Flash Fire\n|move|p2a: Heatran|Taunt|p1a: Heatran\n|-start|p1a: Heatran|move: Taunt\n|\n|upkeep\n|turn|24\n|\n|t:|1665227839\n|move|p1a: Heatran|Eruption|p2a: Heatran\n|-immune|p2a: Heatran|[from] ability: Flash Fire\n|move|p2a: Heatran|Earth Power|p1a: Heatran\n|-immune|p1a: Heatran\n|\n|upkeep\n|turn|25\n|\n|t:|1665227841\n|move|p1a: Heatran|Eruption|p2a: Heatran\n|-immune|p2a: Heatran|[from] ability: Flash Fire\n|move|p2a: Heatran|Earth Power|p1a: Heatran\n|-immune|p1a: Heatran\n|\n|upkeep\n|turn|26\n|\n|t:|1665227842\n|move|p1a: Heatran|Eruption|p2a: Heatran\n|-immune|p2a: Heatran|[from] ability: Flash Fire\n|move|p2a: Heatran|Earth Power|p1a: Heatran\n|-immune|p1a: Heatran\n|\n|-end|p1a: Heatran|move: Taunt\n|upkeep\n|turn|27\n|\n|t:|1665227845\n|move|p1a: Heatran|Eruption|p2a: Heatran\n|-immune|p2a: Heatran|[from] ability: Flash Fire\n|move|p2a: Heatran|Taunt|p1a: Heatran\n|-start|p1a: Heatran|move: Taunt\n|\n|upkeep\n|turn|28\n|\n|t:|1665227847\n|move|p1a: Heatran|Eruption|p2a: Heatran\n|-immune|p2a: Heatran|[from] ability: Flash Fire\n|move|p2a: Heatran|Earth Power|p1a: Heatran\n|-immune|p1a: Heatran\n|\n|upkeep\n|turn|29\n|\n|t:|1665227848\n|move|p1a: Heatran|Eruption|p2a: Heatran\n|-immune|p2a: Heatran|[from] ability: Flash Fire\n|move|p2a: Heatran|Magma Storm|p1a: Heatran\n|-start|p1a: Heatran|ability: Flash Fire\n|\n|upkeep\n|turn|30\n|\n|t:|1665227852\n|move|p1a: Heatran|Magma Storm|p2a: Heatran\n|-immune|p2a: Heatran|[from] ability: Flash Fire\n|move|p2a: Heatran|Earth Power|p1a: Heatran\n|-immune|p1a: Heatran\n|\n|-end|p1a: Heatran|move: Taunt\n|upkeep\n|turn|31\n|\n|t:|1665227854\n|move|p1a: Heatran|Magma Storm|p2a: Heatran\n|-immune|p2a: Heatran|[from] ability: Flash Fire\n|move|p2a: Heatran|Stealth Rock||[still]\n|-fail|p2a: Heatran\n|\n|upkeep\n|turn|32\n|\n|t:|1665227856\n|move|p1a: Heatran|Magma Storm|p2a: Heatran\n|-immune|p2a: Heatran|[from] ability: Flash Fire\n|move|p2a: Heatran|Stealth Rock||[still]\n|-fail|p2a: Heatran\n|\n|upkeep\n|turn|33\n|\n|t:|1665227857\n|move|p1a: Heatran|Magma Storm|p2a: Heatran\n|-immune|p2a: Heatran|[from] ability: Flash Fire\n|move|p2a: Heatran|Stealth Rock||[still]\n|-fail|p2a: Heatran\n|\n|upkeep\n|turn|34\n|\n|t:|1665227859\n|move|p1a: Heatran|Magma Storm|p2a: Heatran\n|-immune|p2a: Heatran|[from] ability: Flash Fire\n|move|p2a: Heatran|Stealth Rock||[still]\n|-fail|p2a: Heatran\n|\n|upkeep\n|turn|35\n|\n|t:|1665227861\n|move|p1a: Heatran|Magma Storm|p2a: Heatran\n|-immune|p2a: Heatran|[from] ability: Flash Fire\n|move|p2a: Heatran|Magma Storm|p1a: Heatran\n|-immune|p1a: Heatran|[from] ability: Flash Fire\n|\n|upkeep\n|turn|36\n|\n|t:|1665227862\n|move|p1a: Heatran|Magma Storm|p2a: Heatran\n|-immune|p2a: Heatran|[from] ability: Flash Fire\n|move|p2a: Heatran|Stealth Rock||[still]\n|-fail|p2a: Heatran\n|\n|upkeep\n|turn|37\n|\n|t:|1665227866\n|move|p1a: Heatran|Magma Storm|p2a: Heatran\n|-immune|p2a: Heatran|[from] ability: Flash Fire\n|move|p2a: Heatran|Stealth Rock||[still]\n|-fail|p2a: Heatran\n|\n|upkeep\n|turn|38\n|\n|t:|1665227868\n|move|p1a: Heatran|Eruption|p2a: Heatran\n|-immune|p2a: Heatran|[from] ability: Flash Fire\n|move|p2a: Heatran|Taunt|p1a: Heatran\n|-start|p1a: Heatran|move: Taunt\n|\n|upkeep\n|turn|39\n|\n|t:|1665227872\n|-end|p2a: Heatran|ability: Flash Fire|[silent]\n|switch|p2a: Landorus|Landorus-Therian, M|47\/100\n|-ability|p2a: Landorus|Intimidate|boost\n|-unboost|p1a: Heatran|atk|1\n|move|p1a: Heatran|Earth Power|p2a: Landorus\n|-immune|p2a: Landorus\n|\n|-heal|p2a: Landorus|53\/100|[from] item: Leftovers\n|upkeep\n|turn|40\n|\n|t:|1665227878\n|switch|p2a: Heatran|Heatran, F|100\/100\n|-item|p2a: Heatran|Air Balloon\n|move|p1a: Heatran|Earth Power|p2a: Heatran\n|-immune|p2a: Heatran\n|\n|upkeep\n|turn|41\n|\n|t:|1665227880\n|switch|p2a: Landorus|Landorus-Therian, M|53\/100\n|-ability|p2a: Landorus|Intimidate|boost\n|-unboost|p1a: Heatran|atk|1\n|move|p1a: Heatran|Earth Power|p2a: Landorus\n|-immune|p2a: Landorus\n|\n|-heal|p2a: Landorus|59\/100|[from] item: Leftovers\n|-end|p1a: Heatran|move: Taunt\n|upkeep\n|turn|42\n|\n|t:|1665227882\n|move|p1a: Heatran|Earth Power|p2a: Landorus\n|-immune|p2a: Landorus\n|move|p2a: Landorus|Knock Off|p1a: Heatran\n|-damage|p1a: Heatran|71\/100\n|-enditem|p1a: Heatran|Air Balloon\n|\n|-heal|p2a: Landorus|65\/100|[from] item: Leftovers\n|upkeep\n|turn|43\n|\n|t:|1665227885\n|-end|p1a: Heatran|ability: Flash Fire|[silent]\n|switch|p1a: Tangrowth|Tangrowth, M|100\/100\n|-damage|p1a: Tangrowth|88\/100|[from] Stealth Rock\n|switch|p2a: Heatran|Heatran, F|100\/100\n|-item|p2a: Heatran|Air Balloon\n|\n|upkeep\n|turn|44\n|\n|t:|1665227888\n|switch|p1a: landorustherian|Landorus-Therian, M|45\/100\n|-damage|p1a: landorustherian|33\/100|[from] Stealth Rock\n|-ability|p1a: landorustherian|Intimidate|boost\n|-unboost|p2a: Heatran|atk|1\n|move|p2a: Heatran|Magma Storm|p1a: landorustherian|[miss]\n|-miss|p2a: Heatran|p1a: landorustherian\n|\n|-heal|p1a: landorustherian|39\/100|[from] item: Leftovers\n|upkeep\n|turn|45\n|\n|t:|1665227890\n|move|p2a: Heatran|Magma Storm|p1a: landorustherian\n|-damage|p1a: landorustherian|0 fnt\n|faint|p1a: landorustherian\n|\n|upkeep\n|\n|t:|1665227890\n|switch|p1a: rotomwash|Rotom-Wash|52\/100\n|-damage|p1a: rotomwash|39\/100|[from] Stealth Rock\n|turn|46\n|\n|t:|1665227893\n|switch|p2a: Landorus|Landorus-Therian, M|65\/100\n|-ability|p2a: Landorus|Intimidate|boost\n|-unboost|p1a: rotomwash|atk|1\n|move|p1a: rotomwash|Pain Split|p2a: Landorus\n|-sethp|p2a: Landorus|48\/100|[from] move: Pain Split|[silent]\n|-sethp|p1a: rotomwash|60\/100|[from] move: Pain Split\n|\n|-heal|p2a: Landorus|54\/100|[from] item: Leftovers\n|upkeep\n|turn|47\n|\n|t:|1665227895\n|move|p1a: rotomwash|Hydro Pump|p2a: Landorus\n|-supereffective|p2a: Landorus\n|-damage|p2a: Landorus|0 fnt\n|faint|p2a: Landorus\n|\n|upkeep\n|\n|t:|1665227897\n|switch|p2a: Tapu Lele|Tapu Lele|93\/100\n|-fieldstart|move: Psychic Terrain|[from] ability: Psychic Surge|[of] p2a: Tapu Lele\n|turn|48\n|\n|t:|1665227899\n|move|p2a: Tapu Lele|Psyshock|p1a: rotomwash\n|-damage|p1a: rotomwash|6\/100\n|move|p1a: rotomwash|Pain Split|p2a: Tapu Lele\n|-sethp|p2a: Tapu Lele|50\/100|[from] move: Pain Split|[silent]\n|-sethp|p1a: rotomwash|46\/100|[from] move: Pain Split\n|\n|upkeep\n|turn|49\n|\n|t:|1665227902\n|switch|p1a: Tangrowth|Tangrowth, M|100\/100\n|-damage|p1a: Tangrowth|88\/100|[from] Stealth Rock\n|move|p2a: Tapu Lele|Psyshock|p1a: Tangrowth\n|-damage|p1a: Tangrowth|61\/100\n|\n|upkeep\n|turn|50\n|\n|t:|1665227905\n|switch|p2a: Heatran|Heatran, F|100\/100\n|-item|p2a: Heatran|Air Balloon\n|move|p1a: Tangrowth|Sleep Powder|p2a: Heatran\n|-status|p2a: Heatran|slp|[from] move: Sleep Powder\n|\n|upkeep\n|turn|51\n|\n|t:|1665227907\n|cant|p2a: Heatran|slp\n|move|p1a: Tangrowth|Knock Off|p2a: Heatran\n|-damage|p2a: Heatran|76\/100 slp\n|-enditem|p2a: Heatran|Air Balloon\n|\n|upkeep\n|turn|52\n|\n|t:|1665227909\n|cant|p2a: Heatran|slp\n|move|p1a: Tangrowth|Knock Off|p2a: Heatran\n|-damage|p2a: Heatran|62\/100 slp\n|\n|-fieldend|move: Psychic Terrain\n|upkeep\n|turn|53\n|\n|t:|1665227910\n|-curestatus|p2a: Heatran|slp|[msg]\n|move|p2a: Heatran|Magma Storm|p1a: Tangrowth\n|-supereffective|p1a: Tangrowth\n|-damage|p1a: Tangrowth|0 fnt\n|faint|p1a: Tangrowth\n|\n|upkeep\n|\n|t:|1665227910\n|switch|p1a: rotomwash|Rotom-Wash|46\/100\n|-damage|p1a: rotomwash|33\/100|[from] Stealth Rock\n|turn|54\n|\n|t:|1665227915\n|switch|p2a: Rotom|Rotom-Wash, shiny|64\/100 tox\n|move|p1a: rotomwash|Pain Split|p2a: Rotom\n|-sethp|p2a: Rotom|49\/100 tox|[from] move: Pain Split|[silent]\n|-sethp|p1a: rotomwash|49\/100|[from] move: Pain Split\n|\n|-heal|p2a: Rotom|55\/100 tox|[from] item: Leftovers\n|-damage|p2a: Rotom|49\/100 tox|[from] psn\n|upkeep\n|turn|55\n|\n|t:|1665227918\n|move|p1a: rotomwash|Thunderbolt|p2a: Rotom\n|-damage|p2a: Rotom|22\/100 tox\n|move|p2a: Rotom|Volt Switch|p1a: rotomwash\n|-damage|p1a: rotomwash|21\/100\n|\n|t:|1665227922\n|switch|p2a: Tapu Lele|Tapu Lele|50\/100|[from]move: Volt Switch\n|-fieldstart|move: Psychic Terrain|[from] ability: Psychic Surge|[of] p2a: Tapu Lele\n|\n|upkeep\n|turn|56\n|\n|t:|1665227924\n|move|p2a: Tapu Lele|Moonblast|p1a: rotomwash\n|-damage|p1a: rotomwash|0 fnt\n|faint|p1a: rotomwash\n|\n|upkeep\n|\n|t:|1665227924\n|switch|p1a: Heatran|Heatran, M|71\/100\n|-damage|p1a: Heatran|59\/100|[from] Stealth Rock\n|turn|57\n|\n|t:|1665227928\n|move|p2a: Tapu Lele|Moonblast|p1a: Heatran\n|-resisted|p1a: Heatran\n|-damage|p1a: Heatran|45\/100\n|-unboost|p1a: Heatran|spa|1\n|move|p1a: Heatran|Earth Power|p2a: Tapu Lele\n|-damage|p2a: Tapu Lele|29\/100\n|\n|upkeep\n|turn|58\n|\n|t:|1665227931\n|move|p2a: Tapu Lele|Moonblast|p1a: Heatran\n|-resisted|p1a: Heatran\n|-damage|p1a: Heatran|33\/100\n|move|p1a: Heatran|Earth Power|p2a: Tapu Lele\n|-damage|p2a: Tapu Lele|7\/100\n|\n|upkeep\n|turn|59\n|\n|t:|1665227933\n|move|p2a: Tapu Lele|Moonblast|p1a: Heatran\n|-resisted|p1a: Heatran\n|-damage|p1a: Heatran|22\/100\n|move|p1a: Heatran|Earth Power|p2a: Tapu Lele\n|-damage|p2a: Tapu Lele|0 fnt\n|faint|p2a: Tapu Lele\n|\n|-fieldend|move: Psychic Terrain\n|upkeep\n|\n|t:|1665227936\n|switch|p2a: Rotom|Rotom-Wash, shiny|22\/100 tox\n|turn|60\n|\n|t:|1665227938\n|move|p1a: Heatran|Stealth Rock|p2a: Rotom\n|-sidestart|p2: tanishq1|move: Stealth Rock\n|move|p2a: Rotom|Hydro Pump|p1a: Heatran\n|-supereffective|p1a: Heatran\n|-damage|p1a: Heatran|0 fnt\n|faint|p1a: Heatran\n|\n|win|tanishq1\n|raw|minimax_ai's rating: 1558 &rarr; <strong>1543<\/strong><br \/>(-15 for losing)\n|raw|tanishq1's rating: 1653 &rarr; <strong>1668<\/strong><br \/>(+15 for winning)\n|c|\u2606minimax_ai|gg\n","uploadtime":1665227939,"views":15,"p1id":"minimaxai","p2id":"tanishq1","formatid":"gen8ou","rating":1543,"private":0,"password":null}