{"id":"gen8ou-1170678236","p1":"ezwz","p2":"lt72ms maria amjad","format":"gen8ou","log":"|j|\u2606ezwz\n|j|\u2606lt72ms maria amjad\n|t:|1597704011\n|player|p1|ezwz|youngster-gen4|1862\n|player|p2|lt72ms maria amjad|lucas|1810\n|teamsize|p1|6\n|teamsize|p2|6\n|gametype|singles\n|gen|8\n|tier|[Gen 8] OU\n|rated|\n|clearpoke\n|poke|p1|Pelipper, M|\n|poke|p1|Seismitoad, M|\n|poke|p1|Kingdra, M|\n|poke|p1|Urshifu-*, F|\n|poke|p1|Ferrothorn, F|\n|poke|p1|Mandibuzz, F|\n|poke|p2|Kyurem|\n|poke|p2|Urshifu-*, M|\n|poke|p2|Clefable, M|\n|poke|p2|Toxapex, M|\n|poke|p2|Corviknight, F|\n|poke|p2|Hippowdon, F|\n|rule|Sleep Clause Mod: Limit one foe put to sleep\n|rule|Species Clause: Limit one of each Pok\u00e9mon\n|rule|OHKO Clause: OHKO moves are banned\n|rule|Evasion Moves Clause: Evasion moves are banned\n|rule|Endless Battle Clause: Forcing endless battles is banned\n|rule|HP Percentage Mod: HP is shown in percentages\n|rule|Dynamax Clause: You cannot dynamax\n|teampreview\n|j| gigantische downs\n|j| curopins\n|inactive|Battle timer is ON: inactive players will automatically lose when time's up. (requested by lt72ms maria amjad)\n|\n|t:|1597704030\n|start\n|switch|p1a: Ferrothorn|Ferrothorn, F|100\/100\n|switch|p2a: Kyurem|Kyurem|100\/100\n|-ability|p2a: Kyurem|Pressure\n|turn|1\n|\n|t:|1597704033\n|move|p2a: Kyurem|Ice Beam|p1a: Ferrothorn\n|-crit|p1a: Ferrothorn\n|-damage|p1a: Ferrothorn|0 fnt\n|faint|p1a: Ferrothorn\n|\n|upkeep\n|-message|ezwz forfeited.\n|\n|win|lt72ms maria amjad\n|l|\u2606ezwz\n","uploadtime":1597704047,"views":244,"p1id":"ezwz","p2id":"lt72msmariaamjad","formatid":"gen8ou","rating":0,"private":0,"password":null}