{"id":"gen8ou-1136893006","p1":"guy42","p2":"Blue chen","format":"gen8ou","log":"|j|\u2606guy42\n|j|\u2606Blue chen\n|player|p1|guy42|169|1673\n|player|p2|Blue chen|karen|1675\n|teamsize|p1|6\n|teamsize|p2|6\n|gametype|singles\n|gen|8\n|tier|[Gen 8] OU\n|rated|\n|clearpoke\n|poke|p1|Urshifu-*, F|\n|poke|p1|Azumarill, M|\n|poke|p1|Rillaboom, F|\n|poke|p1|Marowak-Alola, F|\n|poke|p1|Morpeko, F|\n|poke|p1|Magearna|\n|poke|p2|Accelgor, M|\n|poke|p2|Magearna|\n|poke|p2|Urshifu-*, M|\n|poke|p2|Dracozolt|\n|poke|p2|Azumarill, M|\n|poke|p2|Volcarona, M|\n|rule|Sleep Clause Mod: Limit one foe put to sleep\n|rule|Species Clause: Limit one of each Pok\u00e9mon\n|rule|OHKO Clause: OHKO moves are banned\n|rule|Evasion Moves Clause: Evasion moves are banned\n|rule|Endless Battle Clause: Forcing endless battles is banned\n|rule|HP Percentage Mod: HP is shown in percentages\n|rule|Dynamax Clause: You cannot dynamax\n|teampreview\n|\n|start\n|switch|p1a: Urshifu|Urshifu-Rapid-Strike, F|100\/100\n|switch|p2a: Accelgor|Accelgor, M|100\/100\n|turn|1\n|\n|move|p1a: Urshifu|Aqua Jet|p2a: Accelgor\n|-damage|p2a: Accelgor|37\/100\n|move|p2a: Accelgor|Spikes|p1a: Urshifu\n|-sidestart|p1: guy42|Spikes\n|\n|upkeep\n|turn|2\n|\n|switch|p2a: Azumarill|Azumarill, M|100\/100\n|move|p1a: Urshifu|Aqua Jet|p2a: Azumarill\n|-resisted|p2a: Azumarill\n|-damage|p2a: Azumarill|81\/100\n|\n|upkeep\n|turn|3\n|\n|switch|p1a: Rillaboom|Rillaboom, F, shiny|100\/100\n|-damage|p1a: Rillaboom|88\/100|[from] Spikes\n|-fieldstart|move: Grassy Terrain|[from] ability: Grassy Surge|[of] p1a: Rillaboom\n|move|p2a: Azumarill|Play Rough|p1a: Rillaboom\n|-damage|p1a: Rillaboom|25\/100\n|\n|-heal|p1a: Rillaboom|31\/100|[from] item: Leftovers\n|-heal|p1a: Rillaboom|37\/100|[from] Grassy Terrain\n|-heal|p2a: Azumarill|87\/100|[from] Grassy Terrain\n|upkeep\n|turn|4\n|\n|switch|p2a: Volcarona|Volcarona, M|100\/100\n|move|p1a: Rillaboom|Knock Off|p2a: Volcarona\n|-damage|p2a: Volcarona|45\/100\n|-enditem|p2a: Volcarona|Heavy-Duty Boots|[from] move: Knock Off|[of] p1a: Rillaboom\n|\n|-heal|p2a: Volcarona|51\/100|[from] Grassy Terrain\n|-heal|p1a: Rillaboom|43\/100|[from] item: Leftovers\n|-heal|p1a: Rillaboom|49\/100|[from] Grassy Terrain\n|upkeep\n|turn|5\n|\n|switch|p1a: Azumarill|Azumarill, M|100\/100\n|-damage|p1a: Azumarill|88\/100|[from] Spikes\n|move|p2a: Volcarona|Psychic|p1a: Azumarill\n|-damage|p1a: Azumarill|67\/100\n|\n|-heal|p2a: Volcarona|57\/100|[from] Grassy Terrain\n|-heal|p1a: Azumarill|73\/100|[from] item: Leftovers\n|-heal|p1a: Azumarill|79\/100|[from] Grassy Terrain\n|upkeep\n|turn|6\n|\n|switch|p2a: Accelgor|Accelgor, M|37\/100\n|move|p1a: Azumarill|Toxic|p2a: Accelgor\n|-status|p2a: Accelgor|tox\n|\n|-heal|p2a: Accelgor|43\/100 tox|[from] Grassy Terrain\n|-heal|p1a: Azumarill|86\/100|[from] item: Leftovers\n|-heal|p1a: Azumarill|92\/100|[from] Grassy Terrain\n|-damage|p2a: Accelgor|37\/100 tox|[from] psn\n|upkeep\n|turn|7\n|\n|switch|p1a: Morpeko|Morpeko, F, shiny|100\/100\n|move|p2a: Accelgor|Toxic Spikes|p1a: Morpeko\n|-sidestart|p1: guy42|move: Toxic Spikes\n|\n|-heal|p2a: Accelgor|43\/100 tox|[from] Grassy Terrain\n|-fieldend|move: Grassy Terrain\n|-damage|p2a: Accelgor|31\/100 tox|[from] psn\n|-formechange|p1a: Morpeko|Morpeko-Hangry||[from] ability: Hunger Switch\n|upkeep\n|turn|8\n|\n|switch|p1a: Urshifu|Urshifu-Rapid-Strike, F|100\/100\n|-damage|p1a: Urshifu|88\/100|[from] Spikes\n|-status|p1a: Urshifu|psn\n|move|p2a: Accelgor|Final Gambit|p1a: Urshifu\n|-damage|p1a: Urshifu|55\/100 psn\n|faint|p2a: Accelgor\n|\n|-damage|p1a: Urshifu|43\/100 psn|[from] psn\n|upkeep\n|\n|switch|p2a: Volcarona|Volcarona, M|57\/100\n|turn|9\n|\n|switch|p2a: Azumarill|Azumarill, M|87\/100\n|move|p1a: Urshifu|Aqua Jet|p2a: Azumarill\n|-resisted|p2a: Azumarill\n|-crit|p2a: Azumarill\n|-damage|p2a: Azumarill|56\/100\n|\n|-damage|p1a: Urshifu|31\/100 psn|[from] psn\n|upkeep\n|turn|10\n|\n|switch|p1a: Rillaboom|Rillaboom, F, shiny|49\/100\n|-damage|p1a: Rillaboom|37\/100|[from] Spikes\n|-status|p1a: Rillaboom|psn\n|-fieldstart|move: Grassy Terrain|[from] ability: Grassy Surge|[of] p1a: Rillaboom\n|move|p2a: Azumarill|Belly Drum|p2a: Azumarill\n|-damage|p2a: Azumarill|7\/100\n|-setboost|p2a: Azumarill|atk|6|[from] move: Belly Drum\n|-enditem|p2a: Azumarill|Sitrus Berry|[eat]\n|-heal|p2a: Azumarill|31\/100|[from] item: Sitrus Berry\n|\n|-heal|p1a: Rillaboom|43\/100 psn|[from] item: Leftovers\n|-heal|p1a: Rillaboom|49\/100 psn|[from] Grassy Terrain\n|-heal|p2a: Azumarill|37\/100|[from] Grassy Terrain\n|-damage|p1a: Rillaboom|37\/100 psn|[from] psn\n|upkeep\n|turn|11\n|\n|move|p1a: Rillaboom|Grassy Glide|p2a: Azumarill\n|-supereffective|p2a: Azumarill\n|-damage|p2a: Azumarill|0 fnt\n|faint|p2a: Azumarill\n|\n|-heal|p1a: Rillaboom|43\/100 psn|[from] item: Leftovers\n|-heal|p1a: Rillaboom|49\/100 psn|[from] Grassy Terrain\n|-damage|p1a: Rillaboom|37\/100 psn|[from] psn\n|upkeep\n|\n|switch|p2a: Volcarona|Volcarona, M|57\/100\n|turn|12\n|\n|switch|p1a: Azumarill|Azumarill, M|92\/100\n|-damage|p1a: Azumarill|79\/100|[from] Spikes\n|-status|p1a: Azumarill|psn\n|move|p2a: Volcarona|Bug Buzz|p1a: Azumarill\n|-resisted|p1a: Azumarill\n|-damage|p1a: Azumarill|61\/100 psn\n|\n|-heal|p2a: Volcarona|63\/100|[from] Grassy Terrain\n|-heal|p1a: Azumarill|67\/100 psn|[from] item: Leftovers\n|-heal|p1a: Azumarill|74\/100 psn|[from] Grassy Terrain\n|-damage|p1a: Azumarill|61\/100 psn|[from] psn\n|upkeep\n|turn|13\n|\n|switch|p2a: Dracozolt|Dracozolt|100\/100\n|move|p1a: Azumarill|Whirlpool|p2a: Dracozolt\n|-resisted|p2a: Dracozolt\n|-damage|p2a: Dracozolt|94\/100\n|-activate|p2a: Dracozolt|move: Whirlpool|[of] p1a: Azumarill\n|\n|-heal|p2a: Dracozolt|100\/100|[from] Grassy Terrain\n|-heal|p1a: Azumarill|67\/100 psn|[from] item: Leftovers\n|-heal|p1a: Azumarill|74\/100 psn|[from] Grassy Terrain\n|-damage|p1a: Azumarill|61\/100 psn|[from] psn\n|-damage|p2a: Dracozolt|88\/100|[from] move: Whirlpool|[partiallytrapped]\n|upkeep\n|turn|14\n|\n|move|p1a: Azumarill|Protect|p1a: Azumarill\n|-singleturn|p1a: Azumarill|Protect\n|move|p2a: Dracozolt|Bolt Beak|p1a: Azumarill\n|-activate|p1a: Azumarill|move: Protect\n|\n|-heal|p2a: Dracozolt|94\/100|[from] Grassy Terrain\n|-heal|p1a: Azumarill|67\/100 psn|[from] item: Leftovers\n|-heal|p1a: Azumarill|74\/100 psn|[from] Grassy Terrain\n|-fieldend|move: Grassy Terrain\n|-damage|p1a: Azumarill|61\/100 psn|[from] psn\n|-damage|p2a: Dracozolt|82\/100|[from] move: Whirlpool|[partiallytrapped]\n|upkeep\n|turn|15\n|\n|switch|p1a: Rillaboom|Rillaboom, F, shiny|37\/100 psn\n|-damage|p1a: Rillaboom|25\/100 psn|[from] Spikes\n|-fieldstart|move: Grassy Terrain|[from] ability: Grassy Surge|[of] p1a: Rillaboom\n|move|p2a: Dracozolt|Earthquake|p1a: Rillaboom\n|-resisted|p1a: Rillaboom\n|-damage|p1a: Rillaboom|13\/100 psn\n|\n|-heal|p1a: Rillaboom|19\/100 psn|[from] item: Leftovers\n|-heal|p1a: Rillaboom|25\/100 psn|[from] Grassy Terrain\n|-heal|p2a: Dracozolt|88\/100|[from] Grassy Terrain\n|-damage|p1a: Rillaboom|13\/100 psn|[from] psn\n|-end|p2a: Dracozolt|Whirlpool|[partiallytrapped]|[silent]\n|upkeep\n|turn|16\n|\n|switch|p2a: Volcarona|Volcarona, M|63\/100\n|move|p1a: Rillaboom|Knock Off|p2a: Volcarona\n|-damage|p2a: Volcarona|28\/100\n|\n|-heal|p2a: Volcarona|34\/100|[from] Grassy Terrain\n|-heal|p1a: Rillaboom|19\/100 psn|[from] item: Leftovers\n|-heal|p1a: Rillaboom|25\/100 psn|[from] Grassy Terrain\n|-damage|p1a: Rillaboom|13\/100 psn|[from] psn\n|upkeep\n|turn|17\n|\n|move|p2a: Volcarona|Quiver Dance|p2a: Volcarona\n|-boost|p2a: Volcarona|spa|1\n|-boost|p2a: Volcarona|spd|1\n|-boost|p2a: Volcarona|spe|1\n|move|p1a: Rillaboom|Knock Off|p2a: Volcarona\n|-damage|p2a: Volcarona|0 fnt\n|faint|p2a: Volcarona\n|\n|-heal|p1a: Rillaboom|19\/100 psn|[from] item: Leftovers\n|-heal|p1a: Rillaboom|25\/100 psn|[from] Grassy Terrain\n|-damage|p1a: Rillaboom|13\/100 psn|[from] psn\n|upkeep\n|\n|switch|p2a: Magearna|Magearna|100\/100\n|turn|18\n|\n|move|p1a: Rillaboom|Wood Hammer|p2a: Magearna\n|-resisted|p2a: Magearna\n|-damage|p2a: Magearna|70\/100\n|-damage|p1a: Rillaboom|2\/100 psn|[from] Recoil\n|move|p2a: Magearna|Iron Defense|p2a: Magearna\n|-boost|p2a: Magearna|def|2\n|\n|-heal|p1a: Rillaboom|8\/100 psn|[from] item: Leftovers\n|-heal|p1a: Rillaboom|15\/100 psn|[from] Grassy Terrain\n|-heal|p2a: Magearna|76\/100|[from] item: Leftovers\n|-heal|p2a: Magearna|82\/100|[from] Grassy Terrain\n|-damage|p1a: Rillaboom|2\/100 psn|[from] psn\n|upkeep\n|turn|19\n|\n|move|p1a: Rillaboom|Knock Off|p2a: Magearna\n|-resisted|p2a: Magearna\n|-damage|p2a: Magearna|76\/100\n|-enditem|p2a: Magearna|Leftovers|[from] move: Knock Off|[of] p1a: Rillaboom\n|move|p2a: Magearna|Calm Mind|p2a: Magearna\n|-boost|p2a: Magearna|spa|1\n|-boost|p2a: Magearna|spd|1\n|\n|-heal|p1a: Rillaboom|8\/100 psn|[from] item: Leftovers\n|-heal|p1a: Rillaboom|15\/100 psn|[from] Grassy Terrain\n|-heal|p2a: Magearna|82\/100|[from] Grassy Terrain\n|-fieldend|move: Grassy Terrain\n|-damage|p1a: Rillaboom|2\/100 psn|[from] psn\n|upkeep\n|turn|20\n|\n|move|p1a: Rillaboom|Wood Hammer|p2a: Magearna\n|-resisted|p2a: Magearna\n|-damage|p2a: Magearna|71\/100\n|-damage|p1a: Rillaboom|0 fnt|[from] Recoil\n|faint|p1a: Rillaboom\n|-ability|p2a: Magearna|Soul-Heart|boost\n|-boost|p2a: Magearna|spa|1\n|move|p2a: Magearna|Iron Defense|p2a: Magearna\n|-boost|p2a: Magearna|def|2\n|\n|upkeep\n|\n|switch|p1a: Azumarill|Azumarill, M|61\/100 psn\n|-damage|p1a: Azumarill|49\/100 psn|[from] Spikes\n|turn|21\n|\n|move|p2a: Magearna|Stored Power|p1a: Azumarill\n|-damage|p1a: Azumarill|0 fnt\n|faint|p1a: Azumarill\n|-ability|p2a: Magearna|Soul-Heart|boost\n|-boost|p2a: Magearna|spa|1\n|\n|upkeep\n|\n|switch|p1a: Urshifu|Urshifu-Rapid-Strike, F|31\/100 psn\n|-damage|p1a: Urshifu|18\/100 psn|[from] Spikes\n|turn|22\n|\n|move|p1a: Urshifu|Surging Strikes|p2a: Magearna\n|-crit|p2a: Magearna\n|-damage|p2a: Magearna|47\/100\n|-crit|p2a: Magearna\n|-damage|p2a: Magearna|24\/100\n|-crit|p2a: Magearna\n|-damage|p2a: Magearna|0 fnt\n|-hitcount|p2a: Magearna|3\n|faint|p2a: Magearna\n|\n|-damage|p1a: Urshifu|6\/100 psn|[from] psn\n|upkeep\n|\n|switch|p2a: Urshifu|Urshifu-Rapid-Strike, M|100\/100\n|turn|23\n|\n|move|p2a: Urshifu|Bulk Up|p2a: Urshifu\n|-boost|p2a: Urshifu|atk|1\n|-boost|p2a: Urshifu|def|1\n|move|p1a: Urshifu|Surging Strikes|p2a: Urshifu\n|-resisted|p2a: Urshifu\n|-crit|p2a: Urshifu\n|-damage|p2a: Urshifu|83\/100\n|-resisted|p2a: Urshifu\n|-crit|p2a: Urshifu\n|-damage|p2a: Urshifu|66\/100\n|-resisted|p2a: Urshifu\n|-crit|p2a: Urshifu\n|-damage|p2a: Urshifu|49\/100\n|-hitcount|p2a: Urshifu|3\n|\n|-heal|p2a: Urshifu|55\/100|[from] item: Leftovers\n|-damage|p1a: Urshifu|0 fnt|[from] psn\n|faint|p1a: Urshifu\n|upkeep\n|\n|switch|p1a: Morpeko|Morpeko, F, shiny|100\/100\n|turn|24\n|\n|move|p1a: Morpeko|Aura Wheel|p2a: Urshifu\n|-supereffective|p2a: Urshifu\n|-damage|p2a: Urshifu|0 fnt\n|-boost|p1a: Morpeko|spe|1\n|faint|p2a: Urshifu\n|\n|-formechange|p1a: Morpeko|Morpeko-Hangry||[from] ability: Hunger Switch\n|upkeep\n|\n|switch|p2a: Dracozolt|Dracozolt|88\/100\n|turn|25\n|\n|move|p1a: Morpeko|Aura Wheel|p2a: Dracozolt\n|-damage|p2a: Dracozolt|34\/100\n|-boost|p1a: Morpeko|spe|1\n|move|p2a: Dracozolt|Earthquake|p1a: Morpeko\n|-supereffective|p1a: Morpeko\n|-damage|p1a: Morpeko|0 fnt\n|faint|p1a: Morpeko\n|\n|upkeep\n|\n|switch|p1a: Magearna|Magearna|100\/100\n|-damage|p1a: Magearna|88\/100|[from] Spikes\n|turn|26\n|\n|move|p2a: Dracozolt|Bolt Beak|p1a: Magearna\n|-damage|p1a: Magearna|0 fnt\n|faint|p1a: Magearna\n|\n|upkeep\n|\n|switch|p1a: Marowak|Marowak-Alola, F, shiny|100\/100\n|-damage|p1a: Marowak|88\/100|[from] Spikes\n|-status|p1a: Marowak|psn\n|turn|27\n|\n|move|p2a: Dracozolt|Earthquake|p1a: Marowak\n|-supereffective|p1a: Marowak\n|-damage|p1a: Marowak|8\/100 psn\n|move|p1a: Marowak|Knock Off|p2a: Dracozolt\n|-damage|p2a: Dracozolt|0 fnt\n|-enditem|p2a: Dracozolt|Wide Lens|[from] move: Knock Off|[of] p1a: Marowak\n|faint|p2a: Dracozolt\n|\n|win|guy42\n|l|\u2606Blue chen\n","uploadtime":1592769450,"views":14,"p1id":"guy42","p2id":"bluechen","formatid":"gen8ou","rating":0,"private":0,"password":null}