{"id":"gen8ou-1060369800","p1":"madness10","p2":"Sneaky IRL","format":"gen8ou","log":"|j|\u2606madness10\n|j|\u2606Sneaky IRL\n|player|p1|madness10|170|1518\n|player|p2|Sneaky IRL|hilbert|1482\n|teamsize|p1|6\n|teamsize|p2|6\n|gametype|singles\n|gen|8\n|tier|[Gen 8] OU\n|rated|\n|clearpoke\n|poke|p1|Dragapult, F|\n|poke|p1|Conkeldurr, F|\n|poke|p1|Togekiss, M|\n|poke|p1|Seismitoad, M|\n|poke|p1|Mandibuzz, F|\n|poke|p1|Cinderace, M|\n|poke|p2|Dragapult, M|\n|poke|p2|Clefable, M|\n|poke|p2|Ferrothorn, M|\n|poke|p2|Mandibuzz, F|\n|poke|p2|Vanilluxe, F|\n|poke|p2|Weavile, F|\n|rule|Sleep Clause Mod: Limit one foe put to sleep\n|rule|Species Clause: Limit one of each Pok\u00e9mon\n|rule|OHKO Clause: OHKO moves are banned\n|rule|Evasion Moves Clause: Evasion moves are banned\n|rule|Endless Battle Clause: Forcing endless battles is banned\n|rule|HP Percentage Mod: HP is shown in percentages\n|rule|Dynamax Clause: You cannot dynamax\n|teampreview\n|\n|start\n|switch|p1a: Dragapult|Dragapult, F|100\/100\n|switch|p2a: Dragapult|Dragapult, M|100\/100\n|turn|1\n|\n|switch|p2a: Clefable|Clefable, M|100\/100\n|switch|p1a: Mandibuzz|Mandibuzz, F|100\/100\n|\n|upkeep\n|turn|2\n|inactive|Battle timer is ON: inactive players will automatically lose when time's up. (requested by Sneaky IRL)\n|\n|move|p1a: Mandibuzz|Knock Off|p2a: Clefable\n|-resisted|p2a: Clefable\n|-damage|p2a: Clefable|88\/100\n|-enditem|p2a: Clefable|Leftovers|[from] move: Knock Off|[of] p1a: Mandibuzz\n|move|p2a: Clefable|Stealth Rock|p1a: Mandibuzz\n|-sidestart|p1: madness10|move: Stealth Rock\n|\n|upkeep\n|turn|3\n|\n|move|p1a: Mandibuzz|Defog|p2a: Clefable\n|-unboost|p2a: Clefable|evasion|1\n|-sideend|p1: madness10|Stealth Rock|[from] move: Defog|[of] p1a: Mandibuzz\n|move|p2a: Clefable|Wish|p2a: Clefable\n|\n|upkeep\n|turn|4\n|\n|move|p1a: Mandibuzz|U-turn|p2a: Clefable\n|-resisted|p2a: Clefable\n|-damage|p2a: Clefable|82\/100\n|\n|switch|p1a: Cinderace|Cinderace, M|100\/100|[from]move: U-turn\n|move|p2a: Clefable|Stealth Rock|p1a: Cinderace\n|-sidestart|p1: madness10|move: Stealth Rock\n|\n|-heal|p2a: Clefable|100\/100|[from] move: Wish|[wisher] Clefable\n|upkeep\n|turn|5\n|\n|switch|p2a: Dragapult|Dragapult, M|100\/100\n|move|p1a: Cinderace|U-turn|p2a: Dragapult\n|-resisted|p2a: Dragapult\n|-damage|p2a: Dragapult|78\/100\n|\n|switch|p1a: Mandibuzz|Mandibuzz, F|100\/100|[from]move: U-turn\n|\n|upkeep\n|turn|6\n|\n|move|p2a: Dragapult|Thunderbolt|p1a: Mandibuzz\n|-supereffective|p1a: Mandibuzz\n|-damage|p1a: Mandibuzz|58\/100\n|-status|p1a: Mandibuzz|par\n|move|p1a: Mandibuzz|Defog|p2a: Dragapult\n|-unboost|p2a: Dragapult|evasion|1\n|-sideend|p1: madness10|Stealth Rock|[from] move: Defog|[of] p1a: Mandibuzz\n|\n|upkeep\n|turn|7\n|\n|switch|p2a: Clefable|Clefable, M|100\/100\n|move|p1a: Mandibuzz|Roost|p1a: Mandibuzz\n|-heal|p1a: Mandibuzz|100\/100 par\n|-singleturn|p1a: Mandibuzz|move: Roost\n|\n|upkeep\n|turn|8\n|\n|switch|p1a: Togekiss|Togekiss, M|100\/100\n|move|p2a: Clefable|Stealth Rock|p1a: Togekiss\n|-sidestart|p1: madness10|move: Stealth Rock\n|\n|upkeep\n|turn|9\n|\n|move|p1a: Togekiss|Air Slash|p2a: Clefable\n|-damage|p2a: Clefable|77\/100\n|move|p2a: Clefable|Wish|p2a: Clefable\n|\n|upkeep\n|turn|10\n|\n|switch|p2a: Vanilluxe|Vanilluxe, F|100\/100\n|-weather|Hail|[from] ability: Snow Warning|[of] p2a: Vanilluxe\n|move|p1a: Togekiss|Nasty Plot|p1a: Togekiss\n|-boost|p1a: Togekiss|spa|2\n|\n|-weather|Hail|[upkeep]\n|-damage|p1a: Togekiss|94\/100|[from] Hail\n|-heal|p1a: Togekiss|100\/100|[from] item: Leftovers\n|upkeep\n|turn|11\n|\n|move|p2a: Vanilluxe|Blizzard|p1a: Togekiss\n|-supereffective|p1a: Togekiss\n|-damage|p1a: Togekiss|8\/100\n|move|p1a: Togekiss|Air Slash|p2a: Vanilluxe\n|-damage|p2a: Vanilluxe|6\/100\n|\n|-weather|Hail|[upkeep]\n|-damage|p1a: Togekiss|2\/100|[from] Hail\n|-heal|p1a: Togekiss|8\/100|[from] item: Leftovers\n|upkeep\n|turn|12\n|\n|switch|p1a: Cinderace|Cinderace, M|100\/100\n|-damage|p1a: Cinderace|76\/100|[from] Stealth Rock\n|move|p2a: Vanilluxe|Blizzard|p1a: Cinderace\n|-resisted|p1a: Cinderace\n|-damage|p1a: Cinderace|41\/100\n|\n|-weather|Hail|[upkeep]\n|-damage|p1a: Cinderace|35\/100|[from] Hail\n|upkeep\n|turn|13\n|\n|switch|p2a: Dragapult|Dragapult, M|78\/100\n|move|p1a: Cinderace|U-turn|p2a: Dragapult\n|-resisted|p2a: Dragapult\n|-damage|p2a: Dragapult|56\/100\n|\n|switch|p1a: Mandibuzz|Mandibuzz, F|100\/100 par|[from]move: U-turn\n|\n|-weather|Hail|[upkeep]\n|-damage|p2a: Dragapult|50\/100|[from] Hail\n|upkeep\n|turn|14\n|\n|move|p2a: Dragapult|Draco Meteor|p1a: Mandibuzz\n|-damage|p1a: Mandibuzz|45\/100 par\n|-unboost|p2a: Dragapult|spa|2\n|move|p1a: Mandibuzz|Defog|p2a: Dragapult\n|-unboost|p2a: Dragapult|evasion|1\n|-sideend|p1: madness10|Stealth Rock|[from] move: Defog|[of] p1a: Mandibuzz\n|\n|-weather|none\n|upkeep\n|turn|15\n|\n|switch|p2a: Weavile|Weavile, F|100\/100\n|-ability|p2a: Weavile|Pressure\n|move|p1a: Mandibuzz|U-turn|p2a: Weavile\n|-supereffective|p2a: Weavile\n|-damage|p2a: Weavile|64\/100\n|\n|switch|p1a: Conkeldurr|Conkeldurr, F|100\/100|[from]move: U-turn\n|\n|-status|p1a: Conkeldurr|brn|[from] item: Flame Orb\n|upkeep\n|turn|16\n|\n|switch|p2a: Dragapult|Dragapult, M|50\/100\n|move|p1a: Conkeldurr|Ice Punch|p2a: Dragapult\n|-supereffective|p2a: Dragapult\n|-damage|p2a: Dragapult|0 fnt\n|faint|p2a: Dragapult\n|\n|-damage|p1a: Conkeldurr|94\/100 brn|[from] brn\n|upkeep\n|\n|switch|p2a: Clefable|Clefable, M|77\/100\n|turn|17\n|\n|switch|p1a: Togekiss|Togekiss, M|8\/100\n|move|p2a: Clefable|Moonblast|p1a: Togekiss\n|-damage|p1a: Togekiss|0 fnt\n|faint|p1a: Togekiss\n|\n|upkeep\n|\n|switch|p1a: Cinderace|Cinderace, M|35\/100\n|turn|18\n|\n|move|p2a: Clefable|Protect|p2a: Clefable\n|-singleturn|p2a: Clefable|Protect\n|move|p1a: Cinderace|Pyro Ball|p2a: Clefable\n|-activate|p2a: Clefable|move: Protect\n|\n|upkeep\n|turn|19\n|\n|switch|p2a: Mandibuzz|Mandibuzz, F|100\/100\n|move|p1a: Cinderace|Pyro Ball|p2a: Mandibuzz\n|-damage|p2a: Mandibuzz|30\/100\n|\n|upkeep\n|turn|20\n|\n|move|p1a: Cinderace|Pyro Ball|p2a: Mandibuzz\n|-damage|p2a: Mandibuzz|0 fnt\n|faint|p2a: Mandibuzz\n|\n|upkeep\n|\n|switch|p2a: Vanilluxe|Vanilluxe, F|6\/100\n|-weather|Hail|[from] ability: Snow Warning|[of] p2a: Vanilluxe\n|turn|21\n|\n|switch|p1a: Mandibuzz|Mandibuzz, F|45\/100 par\n|move|p2a: Vanilluxe|Blizzard|p1a: Mandibuzz\n|-supereffective|p1a: Mandibuzz\n|-damage|p1a: Mandibuzz|0 fnt\n|faint|p1a: Mandibuzz\n|\n|-weather|Hail|[upkeep]\n|upkeep\n|\n|switch|p1a: Conkeldurr|Conkeldurr, F|94\/100 brn\n|turn|22\n|\n|switch|p2a: Ferrothorn|Ferrothorn, M|100\/100\n|move|p1a: Conkeldurr|Ice Punch|p2a: Ferrothorn\n|-damage|p2a: Ferrothorn|74\/100\n|-damage|p1a: Conkeldurr|82\/100 brn|[from] ability: Iron Barbs|[of] p2a: Ferrothorn\n|\n|-weather|Hail|[upkeep]\n|-damage|p1a: Conkeldurr|76\/100 brn|[from] Hail\n|-damage|p2a: Ferrothorn|67\/100|[from] Hail\n|-heal|p2a: Ferrothorn|74\/100|[from] item: Leftovers\n|-damage|p1a: Conkeldurr|70\/100 brn|[from] brn\n|upkeep\n|turn|23\n|\n|move|p1a: Conkeldurr|Drain Punch|p2a: Ferrothorn\n|-supereffective|p2a: Ferrothorn\n|-damage|p2a: Ferrothorn|0 fnt\n|-heal|p1a: Conkeldurr|100\/100 brn|[from] drain|[of] p2a: Ferrothorn\n|-damage|p1a: Conkeldurr|88\/100 brn|[from] ability: Iron Barbs|[of] p2a: Ferrothorn\n|faint|p2a: Ferrothorn\n|\n|-weather|Hail|[upkeep]\n|-damage|p1a: Conkeldurr|82\/100 brn|[from] Hail\n|-damage|p1a: Conkeldurr|76\/100 brn|[from] brn\n|upkeep\n|\n|switch|p2a: Clefable|Clefable, M|77\/100\n|turn|24\n|\n|switch|p1a: Cinderace|Cinderace, M|35\/100\n|move|p2a: Clefable|Moonblast|p1a: Cinderace\n|-resisted|p1a: Cinderace\n|-damage|p1a: Cinderace|11\/100\n|\n|-weather|Hail|[upkeep]\n|-damage|p1a: Cinderace|5\/100|[from] Hail\n|upkeep\n|turn|25\n|\n|move|p2a: Clefable|Protect|p2a: Clefable\n|-singleturn|p2a: Clefable|Protect\n|move|p1a: Cinderace|U-turn|p2a: Clefable\n|-activate|p2a: Clefable|move: Protect\n|\n|-weather|none\n|upkeep\n|turn|26\n|\n|switch|p2a: Weavile|Weavile, F|64\/100\n|-ability|p2a: Weavile|Pressure\n|move|p1a: Cinderace|U-turn|p2a: Weavile\n|-supereffective|p2a: Weavile\n|-damage|p2a: Weavile|0 fnt\n|faint|p2a: Weavile\n|\n|switch|p1a: Conkeldurr|Conkeldurr, F|76\/100 brn|[from]move: U-turn\n|\n|-damage|p1a: Conkeldurr|70\/100 brn|[from] brn\n|upkeep\n|\n|switch|p2a: Clefable|Clefable, M|77\/100\n|turn|27\n|\n|switch|p2a: Vanilluxe|Vanilluxe, F|6\/100\n|-weather|Hail|[from] ability: Snow Warning|[of] p2a: Vanilluxe\n|move|p1a: Conkeldurr|Ice Punch|p2a: Vanilluxe\n|-resisted|p2a: Vanilluxe\n|-damage|p2a: Vanilluxe|0 fnt\n|faint|p2a: Vanilluxe\n|\n|-weather|Hail|[upkeep]\n|-damage|p1a: Conkeldurr|64\/100 brn|[from] Hail\n|-damage|p1a: Conkeldurr|58\/100 brn|[from] brn\n|upkeep\n|\n|switch|p2a: Clefable|Clefable, M|77\/100\n|turn|28\n|\n|move|p2a: Clefable|Wish|p2a: Clefable\n|move|p1a: Conkeldurr|Ice Punch|p2a: Clefable\n|-damage|p2a: Clefable|27\/100\n|\n|-weather|Hail|[upkeep]\n|-damage|p1a: Conkeldurr|52\/100 brn|[from] Hail\n|-damage|p1a: Conkeldurr|46\/100 brn|[from] brn\n|upkeep\n|turn|29\n|\n|switch|p1a: Cinderace|Cinderace, M|5\/100\n|move|p2a: Clefable|Moonblast|p1a: Cinderace\n|-resisted|p1a: Cinderace\n|-damage|p1a: Cinderace|0 fnt\n|faint|p1a: Cinderace\n|\n|-weather|Hail|[upkeep]\n|-heal|p2a: Clefable|77\/100|[from] move: Wish|[wisher] Clefable\n|upkeep\n|\n|switch|p1a: Dragapult|Dragapult, F|100\/100\n|turn|30\n|\n|move|p1a: Dragapult|Disable|p2a: Clefable\n|-start|p2a: Clefable|Disable|Moonblast\n|move|p2a: Clefable|Wish|p2a: Clefable\n|\n|-weather|Hail|[upkeep]\n|-damage|p1a: Dragapult|94\/100|[from] Hail\n|-heal|p1a: Dragapult|100\/100|[from] item: Leftovers\n|upkeep\n|turn|31\n|\n|move|p1a: Dragapult|Will-O-Wisp|p2a: Clefable\n|-status|p2a: Clefable|brn\n|move|p2a: Clefable|Stealth Rock|p1a: Dragapult\n|-sidestart|p1: madness10|move: Stealth Rock\n|\n|-weather|none\n|-heal|p2a: Clefable|100\/100 brn|[from] move: Wish|[wisher] Clefable\n|upkeep\n|turn|32\n|\n|move|p2a: Clefable|Protect|p2a: Clefable\n|-singleturn|p2a: Clefable|Protect\n|move|p1a: Dragapult|Hex|p2a: Clefable\n|-activate|p2a: Clefable|move: Protect\n|\n|upkeep\n|turn|33\n|\n|move|p1a: Dragapult|Hex|p2a: Clefable\n|-damage|p2a: Clefable|63\/100 brn\n|move|p2a: Clefable|Wish|p2a: Clefable\n|\n|-end|p2a: Clefable|Disable\n|upkeep\n|turn|34\n|\n|move|p1a: Dragapult|Substitute|p1a: Dragapult\n|-start|p1a: Dragapult|Substitute\n|-damage|p1a: Dragapult|75\/100\n|move|p2a: Clefable|Moonblast|p1a: Dragapult\n|-supereffective|p1a: Dragapult\n|-end|p1a: Dragapult|Substitute\n|\n|-heal|p2a: Clefable|100\/100 brn|[from] move: Wish|[wisher] Clefable\n|-heal|p1a: Dragapult|82\/100|[from] item: Leftovers\n|upkeep\n|turn|35\n|\n|move|p2a: Clefable|Protect|p2a: Clefable\n|-singleturn|p2a: Clefable|Protect\n|move|p1a: Dragapult|Disable|p2a: Clefable\n|-activate|p2a: Clefable|move: Protect\n|\n|-heal|p1a: Dragapult|88\/100|[from] item: Leftovers\n|upkeep\n|turn|36\n|\n|move|p1a: Dragapult|Substitute|p1a: Dragapult\n|-start|p1a: Dragapult|Substitute\n|-damage|p1a: Dragapult|63\/100\n|move|p2a: Clefable|Moonblast|p1a: Dragapult\n|-supereffective|p1a: Dragapult\n|-end|p1a: Dragapult|Substitute\n|\n|-heal|p1a: Dragapult|69\/100|[from] item: Leftovers\n|upkeep\n|turn|37\n|\n|move|p1a: Dragapult|Hex|p2a: Clefable\n|-damage|p2a: Clefable|62\/100 brn\n|move|p2a: Clefable|Moonblast|p1a: Dragapult\n|-supereffective|p1a: Dragapult\n|-damage|p1a: Dragapult|0 fnt\n|faint|p1a: Dragapult\n|\n|upkeep\n|\n|switch|p1a: Seismitoad|Seismitoad, M|100\/100\n|-damage|p1a: Seismitoad|94\/100|[from] Stealth Rock\n|turn|38\n|\n|move|p1a: Seismitoad|Liquidation|p2a: Clefable\n|-damage|p2a: Clefable|28\/100 brn\n|move|p2a: Clefable|Wish|p2a: Clefable\n|\n|-heal|p1a: Seismitoad|100\/100|[from] item: Leftovers\n|upkeep\n|turn|39\n|\n|move|p2a: Clefable|Protect|p2a: Clefable\n|-singleturn|p2a: Clefable|Protect\n|move|p1a: Seismitoad|Liquidation|p2a: Clefable\n|-activate|p2a: Clefable|move: Protect\n|\n|-heal|p2a: Clefable|78\/100 brn|[from] move: Wish|[wisher] Clefable\n|upkeep\n|turn|40\n|\n|move|p1a: Seismitoad|Liquidation|p2a: Clefable\n|-damage|p2a: Clefable|46\/100 brn\n|-unboost|p2a: Clefable|def|1\n|move|p2a: Clefable|Wish|p2a: Clefable\n|\n|upkeep\n|turn|41\n|\n|move|p1a: Seismitoad|Earthquake|p2a: Clefable\n|-damage|p2a: Clefable|0 fnt\n|faint|p2a: Clefable\n|\n|win|madness10\n|raw|madness10's rating: 1518 &rarr; <strong>1536<\/strong><br \/>(+18 for winning)\n|raw|Sneaky IRL's rating: 1483 &rarr; <strong>1465<\/strong><br \/>(-18 for losing)\n|c|\u2606Sneaky IRL|Gg\n","uploadtime":1581250854,"views":10,"p1id":"madness10","p2id":"sneakyirl","formatid":"gen8ou","rating":1465,"private":0,"password":null}