{"id":"gen8ou-1689746964","p1":"egal\u2605vanc","p2":"Batataplays","format":"gen8ou","log":"|html|<div class=\"broadcast-blue\"><strong>[Gen 8] OU is currently suspecting Melmetal! For information on how to participate check out the <a href=\"https:\/\/www.smogon.com\/forums\/threads\/np-ss-ou-suspect-process-round-12-monster-mash.3709234\/\">suspect thread<\/a>.<\/strong><\/div>\n|j|\u2606egal\u2605vanc\n|j|\u2606Batataplays\n|t:|1666201407\n|gametype|singles\n|player|p1|egal\u2605vanc|hilbert|\n|player|p2|Batataplays|furisodegirl-blue|\n|teamsize|p1|6\n|teamsize|p2|6\n|gen|8\n|tier|[Gen 8] OU\n|rule|Sleep Clause Mod: Limit one foe put to sleep\n|rule|Species Clause: Limit one of each Pok\u00e9mon\n|rule|OHKO Clause: OHKO moves are banned\n|rule|Evasion Items Clause: Evasion items are banned\n|rule|Evasion Moves Clause: Evasion moves are banned\n|rule|Endless Battle Clause: Forcing endless battles is banned\n|rule|HP Percentage Mod: HP is shown in percentages\n|rule|Dynamax Clause: You cannot dynamax\n|clearpoke\n|poke|p1|Ferrothorn, M|\n|poke|p1|Garchomp, F|\n|poke|p1|Kartana|\n|poke|p1|Melmetal|\n|poke|p1|Zapdos|\n|poke|p1|Moltres-Galar|\n|poke|p2|Tornadus-Therian, M|\n|poke|p2|Magnezone|\n|poke|p2|Pelipper, F|\n|poke|p2|Barraskewda, F|\n|poke|p2|Seismitoad, F|\n|poke|p2|Tapu Lele|\n|teampreview\n|c|\u2606Batataplays|1 min\n|c|\u2606egal\u2605vanc|ok\n|c|\u2606egal\u2605vanc|no timer plz\n|j| More\u2740tto\n|j| Inferno Overdriver\n|j| PedroGreg\n|j| ILoveMashing\u2764\n|j| Sandevistan\n|c|\u2606Batataplays|np\n|\n|t:|1666201469\n|start\n|switch|p1a: Ferrothorn|Ferrothorn, M|100\/100\n|switch|p2a: Tapu Lele|Tapu Lele|100\/100\n|-fieldstart|move: Psychic Terrain|[from] ability: Psychic Surge|[of] p2a: Tapu Lele\n|turn|1\n|j| outd yep\n|j| amphareixon\n|c| Inferno Overdriver|hf Sandevistan\n|j| yastia\n|\n|t:|1666201480\n|switch|p2a: Magnezone|Magnezone|100\/100\n|move|p1a: Ferrothorn|Stealth Rock|p2a: Magnezone\n|-sidestart|p2: Batataplays|move: Stealth Rock\n|\n|upkeep\n|turn|2\n|\n|t:|1666201482\n|move|p2a: Magnezone|Iron Defense|p2a: Magnezone\n|-boost|p2a: Magnezone|def|2\n|move|p1a: Ferrothorn|Spikes|p2a: Magnezone\n|-sidestart|p2: Batataplays|Spikes\n|\n|upkeep\n|turn|3\n|c| Sandevistan|hf\n|l|yastia\n|\n|t:|1666201486\n|move|p2a: Magnezone|Iron Defense|p2a: Magnezone\n|-boost|p2a: Magnezone|def|2\n|move|p1a: Ferrothorn|Spikes|p2a: Magnezone\n|-sidestart|p2: Batataplays|Spikes\n|\n|upkeep\n|turn|4\n|\n|t:|1666201489\n|move|p2a: Magnezone|Body Press|p1a: Ferrothorn\n|-supereffective|p1a: Ferrothorn\n|-enditem|p1a: Ferrothorn|Focus Sash\n|-damage|p1a: Ferrothorn|1\/100\n|-damage|p2a: Magnezone|88\/100|[from] ability: Iron Barbs|[of] p1a: Ferrothorn\n|move|p1a: Ferrothorn|Spikes|p2a: Magnezone\n|-sidestart|p2: Batataplays|Spikes\n|\n|upkeep\n|turn|5\n|\n|t:|1666201495\n|move|p2a: Magnezone|Thunderbolt|p1a: Ferrothorn\n|-resisted|p1a: Ferrothorn\n|-damage|p1a: Ferrothorn|0 fnt\n|faint|p1a: Ferrothorn\n|\n|-fieldend|move: Psychic Terrain\n|upkeep\n|c| Sandevistan|lol\n|\n|t:|1666201497\n|switch|p1a: Zapdos|Zapdos|100\/100\n|-ability|p1a: Zapdos|Pressure\n|turn|6\n|j| Inder\n|j| clean\n|c| Inder|LGI EGAL\n|\n|t:|1666201520\n|move|p1a: Zapdos|Heat Wave|p2a: Magnezone|[miss]\n|-miss|p1a: Zapdos|p2a: Magnezone\n|move|p2a: Magnezone|Thunderbolt|p1a: Zapdos\n|-damage|p1a: Zapdos|59\/100\n|\n|upkeep\n|turn|7\n|c| Sandevistan|sim\n|\n|t:|1666201534\n|move|p1a: Zapdos|Heat Wave|p2a: Magnezone\n|-supereffective|p2a: Magnezone\n|-damage|p2a: Magnezone|0 fnt\n|faint|p2a: Magnezone\n|\n|upkeep\n|\n|t:|1666201539\n|switch|p2a: Tapu Lele|Tapu Lele|100\/100\n|-damage|p2a: Tapu Lele|88\/100|[from] Stealth Rock\n|-damage|p2a: Tapu Lele|63\/100|[from] Spikes\n|-fieldstart|move: Psychic Terrain|[from] ability: Psychic Surge|[of] p2a: Tapu Lele\n|turn|8\n|j| outd fodase\n|\n|t:|1666201546\n|switch|p2a: Pelipper|Pelipper, F|100\/100\n|-damage|p2a: Pelipper|76\/100|[from] Stealth Rock\n|-weather|RainDance|[from] ability: Drizzle|[of] p2a: Pelipper\n|switch|p1a: Melmetal|Melmetal|100\/100\n|\n|-weather|RainDance|[upkeep]\n|upkeep\n|turn|9\n|\n|t:|1666201549\n|move|p2a: Pelipper|Roost|p2a: Pelipper\n|-heal|p2a: Pelipper|100\/100\n|-singleturn|p2a: Pelipper|move: Roost\n|move|p1a: Melmetal|Thunder Punch|p2a: Pelipper\n|-supereffective|p2a: Pelipper\n|-damage|p2a: Pelipper|47\/100\n|\n|-weather|RainDance|[upkeep]\n|upkeep\n|turn|10\n|c| ILoveMashing\u2764|las pleis\n|\n|t:|1666201557\n|move|p2a: Pelipper|U-turn|p1a: Melmetal\n|-resisted|p1a: Melmetal\n|-damage|p1a: Melmetal|98\/100\n|\n|t:|1666201559\n|switch|p2a: Seismitoad|Seismitoad, F|100\/100|[from]move: U-turn\n|-damage|p2a: Seismitoad|95\/100|[from] Stealth Rock\n|-damage|p2a: Seismitoad|70\/100|[from] Spikes\n|move|p1a: Melmetal|Thunder Wave|p2a: Seismitoad\n|-immune|p2a: Seismitoad\n|\n|-weather|RainDance|[upkeep]\n|-heal|p1a: Melmetal|100\/100|[from] item: Leftovers\n|upkeep\n|turn|11\n|\n|t:|1666201562\n|move|p2a: Seismitoad|Earth Power|p1a: Melmetal\n|-supereffective|p1a: Melmetal\n|-damage|p1a: Melmetal|0 fnt\n|faint|p1a: Melmetal\n|-damage|p2a: Seismitoad|60\/100|[from] item: Life Orb\n|\n|-weather|RainDance|[upkeep]\n|upkeep\n|\n|t:|1666201566\n|switch|p1a: Moltres|Moltres-Galar|100\/100\n|turn|12\n|c| Inder|wild\n|\n|t:|1666201576\n|move|p2a: Seismitoad|Weather Ball|p1a: Moltres\n|-damage|p1a: Moltres|30\/100\n|-ability|p1a: Moltres|Berserk|boost\n|-boost|p1a: Moltres|spa|1\n|-damage|p2a: Seismitoad|50\/100|[from] item: Life Orb\n|move|p1a: Moltres|Hurricane|p2a: Seismitoad\n|-damage|p2a: Seismitoad|0 fnt\n|faint|p2a: Seismitoad\n|\n|-weather|RainDance|[upkeep]\n|-fieldend|move: Psychic Terrain\n|upkeep\n|\n|t:|1666201578\n|switch|p2a: Barraskewda|Barraskewda, F|100\/100\n|-damage|p2a: Barraskewda|88\/100|[from] Stealth Rock\n|-damage|p2a: Barraskewda|64\/100|[from] Spikes\n|turn|13\n|\n|t:|1666201584\n|move|p2a: Barraskewda|Liquidation|p1a: Moltres\n|-damage|p1a: Moltres|0 fnt\n|faint|p1a: Moltres\n|\n|-weather|RainDance|[upkeep]\n|upkeep\n|\n|t:|1666201586\n|switch|p1a: Kartana|Kartana|100\/100\n|turn|14\n|c| Inferno Overdriver|eu ai\n|inactive|Battle timer is ON: inactive players will automatically lose when time's up. (requested by egal\u2605vanc)\n|\n|t:|1666201600\n|move|p2a: Barraskewda|Liquidation|p1a: Kartana\n|-resisted|p1a: Kartana\n|-damage|p1a: Kartana|47\/100\n|move|p1a: Kartana|Leaf Blade|p2a: Barraskewda\n|-supereffective|p2a: Barraskewda\n|-damage|p2a: Barraskewda|0 fnt\n|faint|p2a: Barraskewda\n|-ability|p1a: Kartana|Beast Boost|boost\n|-boost|p1a: Kartana|atk|1\n|-damage|p1a: Kartana|37\/100|[from] item: Life Orb\n|\n|-weather|RainDance|[upkeep]\n|upkeep\n|j| Sirwings\n|c| Inferno Overdriver|eu ai\n|\n|t:|1666201606\n|switch|p2a: Tornadus|Tornadus-Therian, M|100\/100\n|turn|15\n|\n|t:|1666201629\n|switch|p2a: Pelipper|Pelipper, F|47\/100\n|-damage|p2a: Pelipper|22\/100|[from] Stealth Rock\n|move|p1a: Kartana|Leaf Blade|p2a: Pelipper\n|-crit|p2a: Pelipper\n|-damage|p2a: Pelipper|0 fnt\n|faint|p2a: Pelipper\n|-ability|p1a: Kartana|Beast Boost|boost\n|-boost|p1a: Kartana|atk|1\n|-damage|p1a: Kartana|28\/100|[from] item: Life Orb\n|\n|-weather|none\n|upkeep\n|\n|t:|1666201632\n|switch|p2a: Tapu Lele|Tapu Lele|63\/100\n|-damage|p2a: Tapu Lele|51\/100|[from] Stealth Rock\n|-damage|p2a: Tapu Lele|26\/100|[from] Spikes\n|-fieldstart|move: Psychic Terrain|[from] ability: Psychic Surge|[of] p2a: Tapu Lele\n|turn|16\n|inactive|egal\u2605vanc has 270 seconds left.\n|c|\u2606egal\u2605vanc|pls\n|inactive|Batataplays has 270 seconds left.\n|j| guille14\n|inactive|Batataplays has 240 seconds left.\n|j| Dasmer03\n|l| amphareixon\n|c| outd fodase|ele eh redacted ser\u00e1 PedroGreg\n|c| Inferno Overdriver|outd fodase e quem\n|c| PedroGreg|qq \u00e9 redacted\n|inactive|Batataplays has 210 seconds left.\n|c| outd fodase|porra pedrogrug\n|c| Inferno Overdriver|mds mas o greg \u00e9 menino\n|c| Inferno Overdriver|kkkkkkkk\n|inactive|Batataplays has 180 seconds left.\n|c| PedroGreg|ta achando que aqui \u00e9 gotham pra ficar soltando charada?\n|c| outd fodase|sim\n|c| PedroGreg|se eu quissese sabe ingles fazia fisk\n|\n|t:|1666201781\n|move|p2a: Tapu Lele|Psychic|p1a: Kartana\n|-resisted|p1a: Kartana\n|-damage|p1a: Kartana|0 fnt\n|faint|p1a: Kartana\n|\n|upkeep\n|inactive|egal\u2605vanc has 270 seconds left.\n|j| Slipped By\n|\n|t:|1666201794\n|switch|p1a: Garchomp|Garchomp, F|100\/100\n|turn|17\n|\n|t:|1666201797\n|move|p2a: Tapu Lele|Psychic|p1a: Garchomp\n|-damage|p1a: Garchomp|23\/100\n|move|p1a: Garchomp|Earthquake|p2a: Tapu Lele\n|-damage|p2a: Tapu Lele|0 fnt\n|faint|p2a: Tapu Lele\n|\n|upkeep\n|\n|t:|1666201800\n|switch|p2a: Tornadus|Tornadus-Therian, M|100\/100\n|turn|18\n|c| outd fodase|uh qq foi isso\n|\n|t:|1666201806\n|move|p2a: Tornadus|Nasty Plot|p2a: Tornadus\n|-boost|p2a: Tornadus|spa|2\n|move|p1a: Garchomp|Scale Shot|p2a: Tornadus\n|-damage|p2a: Tornadus|82\/100\n|-damage|p2a: Tornadus|65\/100\n|-damage|p2a: Tornadus|47\/100\n|-damage|p2a: Tornadus|30\/100\n|-damage|p2a: Tornadus|14\/100\n|-hitcount|p2a: Tornadus|5\n|-unboost|p1a: Garchomp|def|1\n|-boost|p1a: Garchomp|spe|1\n|\n|upkeep\n|turn|19\n|\n|t:|1666201814\n|move|p1a: Garchomp|Fire Fang|p2a: Tornadus\n|-damage|p2a: Tornadus|0 fnt\n|faint|p2a: Tornadus\n|\n|win|egal\u2605vanc\n|c|\u2606egal\u2605vanc|gg\n|c| outd yep|Baita choke\n|c| More\u2740tto|:\n|c|\u2606Batataplays|meh\n|c| outd fodase|qq aconteceu nesse jogo LOOOL\n|c|\u2606Batataplays|gg\n","uploadtime":1666201822,"views":79,"p1id":"egalvanc","p2id":"batataplays","formatid":"gen8ou","rating":0,"private":0,"password":null}