{"id":"gen8ou-1629496159","p1":"FreeGod","p2":"Lou dort","format":"gen8ou","log":"|j|\u2606FreeGod\n|j|\u2606Lou dort\n|t:|1659308745\n|gametype|singles\n|player|p1|FreeGod|silver|1506\n|player|p2|Lou dort|volo-ginkgo|1462\n|teamsize|p1|6\n|teamsize|p2|6\n|gen|8\n|tier|[Gen 8] OU\n|rated|\n|rule|Sleep Clause Mod: Limit one foe put to sleep\n|rule|Species Clause: Limit one of each Pok\u00e9mon\n|rule|OHKO Clause: OHKO moves are banned\n|rule|Evasion Moves Clause: Evasion moves are banned\n|rule|Endless Battle Clause: Forcing endless battles is banned\n|rule|HP Percentage Mod: HP is shown in percentages\n|rule|Dynamax Clause: You cannot dynamax\n|clearpoke\n|poke|p1|Landorus-Therian, M|\n|poke|p1|Slowking-Galar, F|\n|poke|p1|Urshifu-*, F|\n|poke|p1|Ferrothorn, M|\n|poke|p1|Tornadus-Therian, M|\n|poke|p1|Clefable, M|\n|poke|p2|Vanilluxe, F|\n|poke|p2|Magnezone|\n|poke|p2|Garchomp, M|\n|poke|p2|Urshifu-*, F|\n|poke|p2|Ferrothorn, F|\n|poke|p2|Clefable, M|\n|teampreview\n|inactive|Battle timer is ON: inactive players will automatically lose when time's up. (requested by Lou dort)\n|\n|t:|1659308760\n|start\n|switch|p1a: Urshifu|Urshifu-Rapid-Strike, F|100\/100\n|switch|p2a: Clefable|Clefable, M|100\/100\n|turn|1\n|\n|t:|1659308767\n|move|p1a: Urshifu|U-turn|p2a: Clefable\n|-resisted|p2a: Clefable\n|-damage|p2a: Clefable|89\/100\n|\n|t:|1659308773\n|switch|p1a: Tornadus|Tornadus-Therian, M, shiny|100\/100|[from]move: U-turn\n|move|p2a: Clefable|Soft-Boiled|p2a: Clefable\n|-heal|p2a: Clefable|100\/100\n|\n|upkeep\n|turn|2\n|\n|t:|1659308780\n|move|p1a: Tornadus|Knock Off|p2a: Clefable\n|-resisted|p2a: Clefable\n|-damage|p2a: Clefable|92\/100\n|-enditem|p2a: Clefable|Sticky Barb|[from] move: Knock Off|[of] p1a: Tornadus\n|move|p2a: Clefable|Trick|p1a: Tornadus\n|-activate|p2a: Clefable|move: Trick|[of] p1a: Tornadus\n|-enditem|p1a: Tornadus|Heavy-Duty Boots|[silent]|[from] move: Trick\n|-item|p2a: Clefable|Heavy-Duty Boots|[from] move: Trick\n|\n|upkeep\n|turn|3\n|\n|t:|1659308798\n|move|p1a: Tornadus|Hurricane|p2a: Clefable\n|-damage|p2a: Clefable|61\/100\n|move|p2a: Clefable|Stealth Rock|p1a: Tornadus\n|-sidestart|p1: FreeGod|move: Stealth Rock\n|\n|upkeep\n|turn|4\n|\n|t:|1659308802\n|move|p1a: Tornadus|Defog|p2a: Clefable\n|-unboost|p2a: Clefable|evasion|1\n|-sideend|p1: FreeGod|Stealth Rock|[from] move: Defog|[of] p1a: Tornadus\n|move|p2a: Clefable|Moonblast|p1a: Tornadus\n|-damage|p1a: Tornadus|67\/100\n|-unboost|p1a: Tornadus|spa|1\n|\n|upkeep\n|turn|5\n|\n|t:|1659308804\n|move|p1a: Tornadus|Hurricane|p2a: Clefable\n|-damage|p2a: Clefable|41\/100\n|-start|p2a: Clefable|confusion\n|-activate|p2a: Clefable|confusion\n|move|p2a: Clefable|Stealth Rock|p1a: Tornadus\n|-sidestart|p1: FreeGod|move: Stealth Rock\n|\n|upkeep\n|turn|6\n|\n|t:|1659308808\n|move|p1a: Tornadus|Defog|p2a: Clefable\n|-unboost|p2a: Clefable|evasion|1\n|-sideend|p1: FreeGod|Stealth Rock|[from] move: Defog|[of] p1a: Tornadus\n|-activate|p2a: Clefable|confusion\n|move|p2a: Clefable|Soft-Boiled|p2a: Clefable\n|-heal|p2a: Clefable|91\/100\n|\n|upkeep\n|turn|7\n|\n|t:|1659308818\n|move|p1a: Tornadus|U-turn|p2a: Clefable\n|-resisted|p2a: Clefable\n|-damage|p2a: Clefable|85\/100\n|\n|t:|1659308822\n|switch|p1a: Landorus|Landorus-Therian, M|100\/100|[from]move: U-turn\n|-ability|p1a: Landorus|Intimidate|boost\n|-unboost|p2a: Clefable|atk|1\n|-activate|p2a: Clefable|confusion\n|move|p2a: Clefable|Stealth Rock|p1a: Landorus\n|-sidestart|p1: FreeGod|move: Stealth Rock\n|\n|upkeep\n|turn|8\n|\n|t:|1659308828\n|move|p1a: Landorus|Stealth Rock|p2a: Clefable\n|-sidestart|p2: Lou dort|move: Stealth Rock\n|-end|p2a: Clefable|confusion\n|move|p2a: Clefable|Trick|p1a: Landorus\n|-activate|p2a: Clefable|move: Trick|[of] p1a: Landorus\n|-item|p1a: Landorus|Heavy-Duty Boots|[from] move: Trick\n|-item|p2a: Clefable|Leftovers|[from] move: Trick\n|\n|-heal|p2a: Clefable|91\/100|[from] item: Leftovers\n|upkeep\n|turn|9\n|\n|t:|1659308834\n|move|p1a: Landorus|U-turn|p2a: Clefable\n|-resisted|p2a: Clefable\n|-damage|p2a: Clefable|80\/100\n|\n|t:|1659308837\n|switch|p1a: Ferrothorn|Ferrothorn, M|100\/100|[from]move: U-turn\n|-damage|p1a: Ferrothorn|94\/100|[from] Stealth Rock\n|move|p2a: Clefable|Moonblast|p1a: Ferrothorn\n|-resisted|p1a: Ferrothorn\n|-damage|p1a: Ferrothorn|81\/100\n|-unboost|p1a: Ferrothorn|spa|1\n|\n|-heal|p2a: Clefable|87\/100|[from] item: Leftovers\n|upkeep\n|turn|10\n|\n|t:|1659308846\n|switch|p2a: Magnezone|Magnezone|100\/100\n|-damage|p2a: Magnezone|94\/100|[from] Stealth Rock\n|move|p1a: Ferrothorn|Spikes|p2a: Magnezone\n|-sidestart|p2: Lou dort|Spikes\n|\n|-heal|p2a: Magnezone|100\/100|[from] item: Leftovers\n|upkeep\n|turn|11\n|\n|t:|1659308850\n|move|p2a: Magnezone|Iron Defense|p2a: Magnezone\n|-boost|p2a: Magnezone|def|2\n|move|p1a: Ferrothorn|Leech Seed|p2a: Magnezone\n|-start|p2a: Magnezone|move: Leech Seed\n|\n|-damage|p2a: Magnezone|88\/100|[from] Leech Seed|[of] p1a: Ferrothorn\n|-heal|p1a: Ferrothorn|91\/100|[silent]\n|upkeep\n|turn|12\n|\n|t:|1659308853\n|move|p2a: Magnezone|Iron Defense|p2a: Magnezone\n|-boost|p2a: Magnezone|def|2\n|move|p1a: Ferrothorn|Body Press|p2a: Magnezone\n|-supereffective|p2a: Magnezone\n|-damage|p2a: Magnezone|70\/100\n|\n|-heal|p2a: Magnezone|76\/100|[from] item: Leftovers\n|-damage|p2a: Magnezone|63\/100|[from] Leech Seed|[of] p1a: Ferrothorn\n|-heal|p1a: Ferrothorn|100\/100|[silent]\n|upkeep\n|turn|13\n|\n|t:|1659308856\n|move|p2a: Magnezone|Body Press|p1a: Ferrothorn\n|-supereffective|p1a: Ferrothorn\n|-damage|p1a: Ferrothorn|19\/100\n|-damage|p2a: Magnezone|51\/100|[from] ability: Iron Barbs|[of] p1a: Ferrothorn\n|-damage|p2a: Magnezone|34\/100|[from] item: Rocky Helmet|[of] p1a: Ferrothorn\n|move|p1a: Ferrothorn|Spikes|p2a: Magnezone\n|-sidestart|p2: Lou dort|Spikes\n|\n|-heal|p2a: Magnezone|40\/100|[from] item: Leftovers\n|-damage|p2a: Magnezone|28\/100|[from] Leech Seed|[of] p1a: Ferrothorn\n|-heal|p1a: Ferrothorn|29\/100|[silent]\n|upkeep\n|turn|14\n|\n|t:|1659308866\n|move|p2a: Magnezone|Body Press|p1a: Ferrothorn\n|-supereffective|p1a: Ferrothorn\n|-damage|p1a: Ferrothorn|0 fnt\n|-damage|p2a: Magnezone|15\/100|[from] ability: Iron Barbs|[of] p1a: Ferrothorn\n|-damage|p2a: Magnezone|0 fnt|[from] item: Rocky Helmet|[of] p1a: Ferrothorn\n|faint|p1a: Ferrothorn\n|faint|p2a: Magnezone\n|\n|upkeep\n|c|\u2606FreeGod|Lol\n|c|\u2606FreeGod|Get rekt\n|c|\u2606Lou dort|worth\n|\n|t:|1659308885\n|switch|p2a: Vanilluxe|Vanilluxe, F|100\/100\n|switch|p1a: Urshifu|Urshifu-Rapid-Strike, F|100\/100\n|-damage|p1a: Urshifu|94\/100|[from] Stealth Rock\n|-damage|p2a: Vanilluxe|76\/100|[from] Stealth Rock\n|-damage|p2a: Vanilluxe|59\/100|[from] Spikes\n|-weather|Hail|[from] ability: Snow Warning|[of] p2a: Vanilluxe\n|turn|15\n|\n|t:|1659308892\n|switch|p2a: Urshifu|Urshifu-Rapid-Strike, F|100\/100\n|-damage|p2a: Urshifu|94\/100|[from] Stealth Rock\n|-damage|p2a: Urshifu|78\/100|[from] Spikes\n|move|p1a: Urshifu|Surging Strikes|p2a: Urshifu\n|-resisted|p2a: Urshifu\n|-crit|p2a: Urshifu\n|-damage|p2a: Urshifu|68\/100\n|-resisted|p2a: Urshifu\n|-crit|p2a: Urshifu\n|-damage|p2a: Urshifu|58\/100\n|-resisted|p2a: Urshifu\n|-crit|p2a: Urshifu\n|-damage|p2a: Urshifu|47\/100\n|-hitcount|p2a: Urshifu|3\n|\n|-weather|Hail|[upkeep]\n|-damage|p2a: Urshifu|41\/100|[from] Hail\n|-damage|p1a: Urshifu|88\/100|[from] Hail\n|upkeep\n|turn|16\n|\n|t:|1659308903\n|switch|p1a: Landorus|Landorus-Therian, M|100\/100\n|-ability|p1a: Landorus|Intimidate|boost\n|-unboost|p2a: Urshifu|atk|1\n|move|p2a: Urshifu|Close Combat|p1a: Landorus\n|-resisted|p1a: Landorus\n|-damage|p1a: Landorus|82\/100\n|-unboost|p2a: Urshifu|def|1\n|-unboost|p2a: Urshifu|spd|1\n|\n|-weather|Hail|[upkeep]\n|-damage|p2a: Urshifu|35\/100|[from] Hail\n|-damage|p1a: Landorus|76\/100|[from] Hail\n|upkeep\n|turn|17\n|\n|t:|1659308920\n|switch|p2a: Ferrothorn|Ferrothorn, F|100\/100\n|-damage|p2a: Ferrothorn|94\/100|[from] Stealth Rock\n|-damage|p2a: Ferrothorn|78\/100|[from] Spikes\n|move|p1a: Landorus|Toxic|p2a: Ferrothorn\n|-immune|p2a: Ferrothorn\n|\n|-weather|Hail|[upkeep]\n|-damage|p1a: Landorus|70\/100|[from] Hail\n|-damage|p2a: Ferrothorn|72\/100|[from] Hail\n|-heal|p2a: Ferrothorn|78\/100|[from] item: Leftovers\n|upkeep\n|turn|18\n|\n|t:|1659308926\n|move|p1a: Landorus|Earthquake|p2a: Ferrothorn\n|-damage|p2a: Ferrothorn|49\/100\n|move|p2a: Ferrothorn|Leech Seed|p1a: Landorus\n|-start|p1a: Landorus|move: Leech Seed\n|\n|-weather|Hail|[upkeep]\n|-damage|p1a: Landorus|64\/100|[from] Hail\n|-damage|p2a: Ferrothorn|42\/100|[from] Hail\n|-heal|p2a: Ferrothorn|49\/100|[from] item: Leftovers\n|-damage|p1a: Landorus|51\/100|[from] Leech Seed|[of] p2a: Ferrothorn\n|-heal|p2a: Ferrothorn|62\/100|[silent]\n|upkeep\n|turn|19\n|\n|t:|1659308933\n|switch|p1a: Tornadus|Tornadus-Therian, M, shiny|99\/100\n|-damage|p1a: Tornadus|75\/100|[from] Stealth Rock\n|move|p2a: Ferrothorn|Spikes|p1a: Tornadus\n|-sidestart|p1: FreeGod|Spikes\n|\n|-weather|none\n|-heal|p2a: Ferrothorn|68\/100|[from] item: Leftovers\n|upkeep\n|turn|20\n|\n|t:|1659308938\n|move|p1a: Tornadus|Knock Off|p2a: Ferrothorn\n|-damage|p2a: Ferrothorn|57\/100\n|-damage|p1a: Tornadus|63\/100|[from] ability: Iron Barbs|[of] p2a: Ferrothorn\n|-enditem|p2a: Ferrothorn|Leftovers|[from] move: Knock Off|[of] p1a: Tornadus\n|move|p2a: Ferrothorn|Spikes|p1a: Tornadus\n|-sidestart|p1: FreeGod|Spikes\n|\n|upkeep\n|turn|21\n|\n|t:|1659308942\n|move|p1a: Tornadus|Hurricane|p2a: Ferrothorn\n|-crit|p2a: Ferrothorn\n|-damage|p2a: Ferrothorn|2\/100\n|move|p2a: Ferrothorn|Leech Seed|p1a: Tornadus\n|-start|p1a: Tornadus|move: Leech Seed\n|\n|-damage|p1a: Tornadus|50\/100|[from] Leech Seed|[of] p2a: Ferrothorn\n|-heal|p2a: Ferrothorn|15\/100|[silent]\n|upkeep\n|turn|22\n|\n|t:|1659308959\n|switch|p2a: Clefable|Clefable, M|87\/100\n|move|p1a: Tornadus|Defog|p2a: Clefable\n|-unboost|p2a: Clefable|evasion|1\n|-sideend|p2: Lou dort|Spikes|[from] move: Defog|[of] p1a: Tornadus\n|-sideend|p2: Lou dort|Stealth Rock|[from] move: Defog|[of] p1a: Tornadus\n|-sideend|p1: FreeGod|Spikes|[from] move: Defog|[of] p1a: Tornadus\n|-sideend|p1: FreeGod|Stealth Rock|[from] move: Defog|[of] p1a: Tornadus\n|\n|-heal|p2a: Clefable|93\/100|[from] item: Leftovers\n|-damage|p1a: Tornadus|38\/100|[from] Leech Seed|[of] p2a: Clefable\n|-heal|p2a: Clefable|100\/100|[silent]\n|upkeep\n|turn|23\n|\n|t:|1659308966\n|move|p1a: Tornadus|U-turn|p2a: Clefable\n|-resisted|p2a: Clefable\n|-crit|p2a: Clefable\n|-damage|p2a: Clefable|90\/100\n|\n|t:|1659308969\n|switch|p1a: Clefable|Clefable, M|100\/100|[from]move: U-turn\n|move|p2a: Clefable|Stealth Rock|p1a: Clefable\n|-sidestart|p1: FreeGod|move: Stealth Rock\n|\n|-heal|p2a: Clefable|96\/100|[from] item: Leftovers\n|upkeep\n|turn|24\n|\n|t:|1659308974\n|move|p2a: Clefable|Moonblast|p1a: Clefable\n|-damage|p1a: Clefable|72\/100\n|move|p1a: Clefable|Calm Mind|p1a: Clefable\n|-boost|p1a: Clefable|spa|1\n|-boost|p1a: Clefable|spd|1\n|\n|-heal|p2a: Clefable|100\/100|[from] item: Leftovers\n|upkeep\n|turn|25\n|\n|t:|1659308979\n|switch|p2a: Urshifu|Urshifu-Rapid-Strike, F|35\/100\n|move|p1a: Clefable|Calm Mind|p1a: Clefable\n|-boost|p1a: Clefable|spa|1\n|-boost|p1a: Clefable|spd|1\n|\n|upkeep\n|turn|26\n|\n|t:|1659308988\n|switch|p1a: Urshifu|Urshifu-Rapid-Strike, F|88\/100\n|-damage|p1a: Urshifu|82\/100|[from] Stealth Rock\n|move|p2a: Urshifu|Surging Strikes|p1a: Urshifu\n|-resisted|p1a: Urshifu\n|-crit|p1a: Urshifu\n|-damage|p1a: Urshifu|73\/100\n|-resisted|p1a: Urshifu\n|-crit|p1a: Urshifu\n|-damage|p1a: Urshifu|63\/100\n|-resisted|p1a: Urshifu\n|-crit|p1a: Urshifu\n|-damage|p1a: Urshifu|53\/100\n|-hitcount|p1a: Urshifu|3\n|\n|upkeep\n|turn|27\n|\n|t:|1659308992\n|switch|p2a: Ferrothorn|Ferrothorn, F|15\/100\n|move|p1a: Urshifu|Surging Strikes|p2a: Ferrothorn\n|-resisted|p2a: Ferrothorn\n|-crit|p2a: Ferrothorn\n|-damage|p2a: Ferrothorn|10\/100\n|-activate|p2a: Ferrothorn|ability: Iron Barbs\n|-activate|p1a: Urshifu|item: Protective Pads\n|-resisted|p2a: Ferrothorn\n|-crit|p2a: Ferrothorn\n|-damage|p2a: Ferrothorn|4\/100\n|-activate|p2a: Ferrothorn|ability: Iron Barbs\n|-activate|p1a: Urshifu|item: Protective Pads\n|-resisted|p2a: Ferrothorn\n|-crit|p2a: Ferrothorn\n|-damage|p2a: Ferrothorn|0 fnt\n|-activate|p2a: Ferrothorn|ability: Iron Barbs\n|-activate|p1a: Urshifu|item: Protective Pads\n|faint|p2a: Ferrothorn\n|-hitcount|p2: Ferrothorn|3\n|\n|upkeep\n|\n|t:|1659309000\n|switch|p2a: Clefable|Clefable, M|100\/100\n|turn|28\n|\n|t:|1659309005\n|switch|p1a: Landorus|Landorus-Therian, M|51\/100\n|-ability|p1a: Landorus|Intimidate|boost\n|-unboost|p2a: Clefable|atk|1\n|move|p2a: Clefable|Moonblast|p1a: Landorus\n|-damage|p1a: Landorus|30\/100\n|\n|upkeep\n|turn|29\n|\n|t:|1659309008\n|move|p1a: Landorus|Stealth Rock|p2a: Clefable\n|-sidestart|p2: Lou dort|move: Stealth Rock\n|move|p2a: Clefable|Moonblast|p1a: Landorus\n|-damage|p1a: Landorus|5\/100\n|\n|upkeep\n|turn|30\n|\n|t:|1659309013\n|switch|p1a: Slowking|Slowking-Galar, F|100\/100\n|-damage|p1a: Slowking|88\/100|[from] Stealth Rock\n|move|p2a: Clefable|Moonblast|p1a: Slowking\n|-resisted|p1a: Slowking\n|-damage|p1a: Slowking|80\/100\n|-unboost|p1a: Slowking|spa|1\n|\n|upkeep\n|turn|31\n|\n|t:|1659309018\n|switch|p2a: Garchomp|Garchomp, M|100\/100\n|-damage|p2a: Garchomp|94\/100|[from] Stealth Rock\n|move|p1a: Slowking|Future Sight|p2a: Garchomp\n|-start|p1a: Slowking|move: Future Sight\n|\n|-heal|p2a: Garchomp|100\/100|[from] item: Leftovers\n|upkeep\n|turn|32\n|\n|t:|1659309021\n|switch|p1a: Landorus|Landorus-Therian, M|5\/100\n|-ability|p1a: Landorus|Intimidate|boost\n|-unboost|p2a: Garchomp|atk|1\n|move|p2a: Garchomp|Swords Dance|p2a: Garchomp\n|-boost|p2a: Garchomp|atk|2\n|\n|upkeep\n|turn|33\n|\n|t:|1659309024\n|move|p2a: Garchomp|Scale Shot|p1a: Landorus\n|-damage|p1a: Landorus|0 fnt\n|faint|p1a: Landorus\n|-hitcount|p1: Landorus|1\n|-unboost|p2a: Garchomp|def|1\n|-boost|p2a: Garchomp|spe|1\n|\n|-end|p2a: Garchomp|move: Future Sight\n|-damage|p2a: Garchomp|41\/100\n|-heal|p2a: Garchomp|48\/100|[from] item: Leftovers\n|upkeep\n|\n|t:|1659309028\n|switch|p1a: Urshifu|Urshifu-Rapid-Strike, F|53\/100\n|-damage|p1a: Urshifu|47\/100|[from] Stealth Rock\n|turn|34\n|\n|t:|1659309033\n|move|p1a: Urshifu|Aqua Jet|p2a: Garchomp\n|-damage|p2a: Garchomp|19\/100\n|-activate|p2a: Garchomp|ability: Rough Skin\n|-activate|p1a: Urshifu|item: Protective Pads\n|move|p2a: Garchomp|Earthquake|p1a: Urshifu\n|-damage|p1a: Urshifu|0 fnt\n|faint|p1a: Urshifu\n|\n|-heal|p2a: Garchomp|25\/100|[from] item: Leftovers\n|upkeep\n|c|\u2606Lou dort|lol\n|\n|t:|1659309042\n|switch|p1a: Clefable|Clefable, M|72\/100\n|turn|35\n|c|\u2606Lou dort|get rekt\n|\n|t:|1659309047\n|move|p2a: Garchomp|Earthquake|p1a: Clefable\n|-damage|p1a: Clefable|12\/100\n|move|p1a: Clefable|Moonblast|p2a: Garchomp\n|-supereffective|p2a: Garchomp\n|-damage|p2a: Garchomp|0 fnt\n|faint|p2a: Garchomp\n|\n|upkeep\n|\n|t:|1659309051\n|switch|p2a: Urshifu|Urshifu-Rapid-Strike, F|35\/100\n|-damage|p2a: Urshifu|29\/100|[from] Stealth Rock\n|turn|36\n|\n|t:|1659309057\n|move|p2a: Urshifu|Surging Strikes|p1a: Clefable\n|-crit|p1a: Clefable\n|-damage|p1a: Clefable|0 fnt\n|faint|p1a: Clefable\n|-hitcount|p1: Clefable|1\n|\n|upkeep\n|\n|t:|1659309060\n|switch|p1a: Tornadus|Tornadus-Therian, M, shiny|71\/100\n|-damage|p1a: Tornadus|46\/100|[from] Stealth Rock\n|turn|37\n|\n|t:|1659309063\n|move|p2a: Urshifu|Surging Strikes|p1a: Tornadus\n|-crit|p1a: Tornadus\n|-damage|p1a: Tornadus|26\/100\n|-crit|p1a: Tornadus\n|-damage|p1a: Tornadus|6\/100\n|-crit|p1a: Tornadus\n|-damage|p1a: Tornadus|0 fnt\n|faint|p1a: Tornadus\n|-hitcount|p1: Tornadus|3\n|\n|upkeep\n|\n|t:|1659309066\n|switch|p1a: Slowking|Slowking-Galar, F|100\/100\n|-damage|p1a: Slowking|88\/100|[from] Stealth Rock\n|turn|38\n|\n|t:|1659309070\n|move|p2a: Urshifu|Surging Strikes|p1a: Slowking\n|-crit|p1a: Slowking\n|-damage|p1a: Slowking|68\/100\n|-crit|p1a: Slowking\n|-damage|p1a: Slowking|48\/100\n|-crit|p1a: Slowking\n|-damage|p1a: Slowking|27\/100\n|-hitcount|p1a: Slowking|3\n|move|p1a: Slowking|Sludge Bomb|p2a: Urshifu\n|-damage|p2a: Urshifu|0 fnt\n|faint|p2a: Urshifu\n|\n|upkeep\n|\n|t:|1659309071\n|switch|p2a: Vanilluxe|Vanilluxe, F|59\/100\n|-damage|p2a: Vanilluxe|34\/100|[from] Stealth Rock\n|-weather|Hail|[from] ability: Snow Warning|[of] p2a: Vanilluxe\n|turn|39\n|\n|t:|1659309075\n|move|p2a: Vanilluxe|Blizzard|p1a: Slowking\n|-damage|p1a: Slowking|0 fnt\n|faint|p1a: Slowking\n|\n|win|Lou dort\n|raw|FreeGod's rating: 1506 &rarr; <strong>1483<\/strong><br \/>(-23 for losing)\n|raw|Lou dort's rating: 1462 &rarr; <strong>1485<\/strong><br \/>(+23 for winning)\n|c|\u2606FreeGod|Lucky noob\n|l|\u2606FreeGod\n||Ladder isn't responding, score probably updated but might not have (Request timeout).\n","uploadtime":1659309080,"views":14,"p1id":"freegod","p2id":"loudort","formatid":"gen8ou","rating":1483,"private":0,"password":null}