{"id":"gen8ou-1137235545","p1":"Meracx","p2":"Blue chen","format":"gen8ou","log":"|j|\u2606Meracx\n|j|\u2606Blue chen\n|player|p1|Meracx|thorton|1794\n|player|p2|Blue chen|karen|1747\n|teamsize|p1|6\n|teamsize|p2|6\n|gametype|singles\n|gen|8\n|tier|[Gen 8] OU\n|rated|\n|clearpoke\n|poke|p1|Chandelure, M|\n|poke|p1|Azumarill, M|\n|poke|p1|Hydreigon, F|\n|poke|p1|Mandibuzz, F|\n|poke|p1|Ferrothorn, M|\n|poke|p1|Slowbro, M|\n|poke|p2|Accelgor, M|\n|poke|p2|Magearna|\n|poke|p2|Urshifu-*, M|\n|poke|p2|Dracozolt|\n|poke|p2|Azumarill, M|\n|poke|p2|Volcarona, M|\n|rule|Sleep Clause Mod: Limit one foe put to sleep\n|rule|Species Clause: Limit one of each Pok\u00e9mon\n|rule|OHKO Clause: OHKO moves are banned\n|rule|Evasion Moves Clause: Evasion moves are banned\n|rule|Endless Battle Clause: Forcing endless battles is banned\n|rule|HP Percentage Mod: HP is shown in percentages\n|rule|Dynamax Clause: You cannot dynamax\n|teampreview\n|j| OilyBootySpex\n|j| Wahax\n|\n|start\n|switch|p1a: Chandelure|Chandelure, M|100\/100\n|switch|p2a: Accelgor|Accelgor, M|100\/100\n|turn|1\n|j| arr22\n|\n|move|p2a: Accelgor|Toxic Spikes|p1a: Chandelure\n|-sidestart|p1: Meracx|move: Toxic Spikes\n|move|p1a: Chandelure|Flamethrower|p2a: Accelgor\n|-supereffective|p2a: Accelgor\n|-enditem|p2a: Accelgor|Focus Sash\n|-damage|p2a: Accelgor|1\/100\n|\n|upkeep\n|turn|2\n|\n|move|p2a: Accelgor|Spikes|p1a: Chandelure\n|-sidestart|p1: Meracx|Spikes\n|move|p1a: Chandelure|Flamethrower|p2a: Accelgor\n|-supereffective|p2a: Accelgor\n|-crit|p2a: Accelgor\n|-damage|p2a: Accelgor|0 fnt\n|faint|p2a: Accelgor\n|\n|upkeep\n|\n|switch|p2a: Dracozolt|Dracozolt|100\/100\n|turn|3\n|\n|switch|p1a: Ferrothorn|Ferrothorn, M|100\/100\n|-damage|p1a: Ferrothorn|88\/100|[from] Spikes\n|move|p2a: Dracozolt|Bolt Beak|p1a: Ferrothorn|[miss]\n|-miss|p2a: Dracozolt|p1a: Ferrothorn\n|\n|-heal|p1a: Ferrothorn|94\/100|[from] item: Leftovers\n|upkeep\n|turn|4\n|j| NigaJuice\n|\n|move|p2a: Dracozolt|Bolt Beak|p1a: Ferrothorn\n|-resisted|p1a: Ferrothorn\n|-damage|p1a: Ferrothorn|50\/100\n|-damage|p2a: Dracozolt|88\/100|[from] ability: Iron Barbs|[of] p1a: Ferrothorn\n|move|p1a: Ferrothorn|Knock Off|p2a: Dracozolt\n|-damage|p2a: Dracozolt|62\/100\n|-enditem|p2a: Dracozolt|Wide Lens|[from] move: Knock Off|[of] p1a: Ferrothorn\n|\n|-heal|p1a: Ferrothorn|57\/100|[from] item: Leftovers\n|upkeep\n|turn|5\n|\n|move|p2a: Dracozolt|Bolt Beak|p1a: Ferrothorn\n|-resisted|p1a: Ferrothorn\n|-damage|p1a: Ferrothorn|16\/100\n|-damage|p2a: Dracozolt|50\/100|[from] ability: Iron Barbs|[of] p1a: Ferrothorn\n|move|p1a: Ferrothorn|Leech Seed|p2a: Dracozolt\n|-start|p2a: Dracozolt|move: Leech Seed\n|\n|-heal|p1a: Ferrothorn|22\/100|[from] item: Leftovers\n|-damage|p2a: Dracozolt|37\/100|[from] Leech Seed|[of] p1a: Ferrothorn\n|-heal|p1a: Ferrothorn|33\/100|[silent]\n|upkeep\n|turn|6\n|l| NigaJuice\n|\n|move|p2a: Dracozolt|Bolt Beak|p1a: Ferrothorn\n|-resisted|p1a: Ferrothorn\n|-damage|p1a: Ferrothorn|0 fnt\n|-damage|p2a: Dracozolt|25\/100|[from] ability: Iron Barbs|[of] p1a: Ferrothorn\n|faint|p1a: Ferrothorn\n|\n|upkeep\n|\n|switch|p1a: Hydreigon|Hydreigon, F|100\/100\n|turn|7\n|\n|move|p1a: Hydreigon|Dark Pulse|p2a: Dracozolt\n|-damage|p2a: Dracozolt|0 fnt\n|-damage|p1a: Hydreigon|91\/100|[from] item: Life Orb\n|faint|p2a: Dracozolt\n|\n|upkeep\n|j| omgatree6\n|l| Wahax\n|\n|switch|p2a: Volcarona|Volcarona, M|100\/100\n|turn|8\n|\n|switch|p1a: Mandibuzz|Mandibuzz, F|100\/100\n|move|p2a: Volcarona|Bug Buzz|p1a: Mandibuzz\n|-damage|p1a: Mandibuzz|59\/100\n|-unboost|p1a: Mandibuzz|spd|1\n|\n|upkeep\n|turn|9\n|\n|move|p2a: Volcarona|Fire Blast|p1a: Mandibuzz\n|-damage|p1a: Mandibuzz|0 fnt\n|faint|p1a: Mandibuzz\n|\n|upkeep\n|\n|switch|p1a: Chandelure|Chandelure, M|100\/100\n|-damage|p1a: Chandelure|88\/100|[from] Spikes\n|-status|p1a: Chandelure|psn\n|turn|10\n|j| REDEYESplayer\n|\n|move|p2a: Volcarona|Quiver Dance|p2a: Volcarona\n|-boost|p2a: Volcarona|spa|1\n|-boost|p2a: Volcarona|spd|1\n|-boost|p2a: Volcarona|spe|1\n|move|p1a: Chandelure|Calm Mind|p1a: Chandelure\n|-boost|p1a: Chandelure|spa|1\n|-boost|p1a: Chandelure|spd|1\n|\n|-heal|p1a: Chandelure|94\/100 psn|[from] item: Leftovers\n|-damage|p1a: Chandelure|82\/100 psn|[from] psn\n|upkeep\n|turn|11\n|j| Hosta Mahogy\n|\n|move|p2a: Volcarona|Quiver Dance|p2a: Volcarona\n|-boost|p2a: Volcarona|spa|1\n|-boost|p2a: Volcarona|spd|1\n|-boost|p2a: Volcarona|spe|1\n|move|p1a: Chandelure|Flamethrower|p2a: Volcarona\n|-damage|p2a: Volcarona|57\/100\n|\n|-heal|p1a: Chandelure|88\/100 psn|[from] item: Leftovers\n|-damage|p1a: Chandelure|76\/100 psn|[from] psn\n|upkeep\n|turn|12\n|\n|move|p2a: Volcarona|Psychic|p1a: Chandelure\n|-damage|p1a: Chandelure|24\/100 psn\n|move|p1a: Chandelure|Flamethrower|p2a: Volcarona\n|-damage|p2a: Volcarona|14\/100\n|\n|-heal|p1a: Chandelure|30\/100 psn|[from] item: Leftovers\n|-damage|p1a: Chandelure|18\/100 psn|[from] psn\n|upkeep\n|turn|13\n|-message|Meracx forfeited.\n|\n|win|Blue chen\n|l|\u2606Meracx\n|raw|Meracx's rating: 1794 &rarr; <strong>1771<\/strong><br \/>(-23 for losing)\n|raw|Blue chen's rating: 1747 &rarr; <strong>1769<\/strong><br \/>(+22 for winning)\n|l|\u2606Blue chen\n|l| arr22\n|l| REDEYESplayer\n|l| OilyBootySpex\n","uploadtime":1592815747,"views":83,"p1id":"meracx","p2id":"bluechen","formatid":"gen8ou","rating":1769,"private":0,"password":null}