{"id":"gen8ou-1698710238","p1":"MRH1106","p2":"HQSNonsense","format":"gen8ou","log":"|j|\u2606MRH1106\n|j|\u2606HQSNonsense\n|t:|1667154378\n|gametype|singles\n|player|p1|MRH1106|red|1676\n|player|p2|HQSNonsense|veteranf|1631\n|teamsize|p1|6\n|teamsize|p2|6\n|gen|8\n|tier|[Gen 8] OU\n|rated|\n|rule|Sleep Clause Mod: Limit one foe put to sleep\n|rule|Species Clause: Limit one of each Pok\u00e9mon\n|rule|OHKO Clause: OHKO moves are banned\n|rule|Evasion Items Clause: Evasion items are banned\n|rule|Evasion Moves Clause: Evasion moves are banned\n|rule|Endless Battle Clause: Forcing endless battles is banned\n|rule|HP Percentage Mod: HP is shown in percentages\n|rule|Dynamax Clause: You cannot dynamax\n|clearpoke\n|poke|p1|Pelipper, M|\n|poke|p1|Seismitoad, M|\n|poke|p1|Zapdos|\n|poke|p1|Kartana|\n|poke|p1|Barraskewda, M|\n|poke|p1|Crawdaunt, M|\n|poke|p2|Dragapult, M|\n|poke|p2|Weavile, F|\n|poke|p2|Rillaboom, M|\n|poke|p2|Nihilego|\n|poke|p2|Garchomp, F|\n|poke|p2|Celesteela|\n|teampreview\n|inactive|Battle timer is ON: inactive players will automatically lose when time's up. (requested by MRH1106)\n|j| GalarianN00b3\n|\n|t:|1667154400\n|start\n|switch|p1a: BIRD UP \ud83d\udc26 \ud83d\udc26 \ud83d\udc26|Pelipper, M, shiny|100\/100\n|switch|p2a: Nihilego|Nihilego|100\/100\n|-weather|RainDance|[from] ability: Drizzle|[of] p1a: BIRD UP \ud83d\udc26 \ud83d\udc26 \ud83d\udc26\n|turn|1\n|\n|t:|1667154403\n|switch|p1a: le Master \ud83d\udc38 \ud83d\udc38 \ud83d\udc38|Seismitoad, M, shiny|100\/100\n|move|p2a: Nihilego|Grass Knot|p1a: le Master \ud83d\udc38 \ud83d\udc38 \ud83d\udc38\n|-supereffective|p1a: le Master \ud83d\udc38 \ud83d\udc38 \ud83d\udc38\n|-damage|p1a: le Master \ud83d\udc38 \ud83d\udc38 \ud83d\udc38|0 fnt\n|faint|p1a: le Master \ud83d\udc38 \ud83d\udc38 \ud83d\udc38\n|-ability|p2a: Nihilego|Beast Boost|boost\n|-boost|p2a: Nihilego|spe|1\n|\n|-weather|RainDance|[upkeep]\n|upkeep\n|-message|MRH1106 forfeited.\n|\n|win|HQSNonsense\n|raw|MRH1106's rating: 1676 &rarr; <strong>1653<\/strong><br \/>(-23 for losing)\n|raw|HQSNonsense's rating: 1631 &rarr; <strong>1654<\/strong><br \/>(+23 for winning)\n|l|\u2606MRH1106\n|l| GalarianN00b3\n","uploadtime":1667154413,"views":5,"p1id":"mrh1106","p2id":"hqsnonsense","formatid":"gen8ou","rating":1653,"private":0,"password":null}