{"id":"gen8ou-1125938191","p1":"Blue chen","p2":"Metrona","format":"gen8ou","log":"|j|\u2606Blue chen\n|j|\u2606Metrona\n|player|p1|Blue chen|karen|1641\n|player|p2|Metrona|2|1696\n|teamsize|p1|6\n|teamsize|p2|6\n|gametype|singles\n|gen|8\n|tier|[Gen 8] OU\n|rated|\n|clearpoke\n|poke|p1|Shuckle, M|\n|poke|p1|Togekiss, M|\n|poke|p1|Cinderace, M|\n|poke|p1|Kyurem|\n|poke|p1|Dracozolt|\n|poke|p1|Zeraora|\n|poke|p2|Pelipper, F|\n|poke|p2|Barraskewda, F|\n|poke|p2|Frosmoth, M|\n|poke|p2|Weezing-Galar, F|\n|poke|p2|Ferrothorn, M|\n|poke|p2|Heliolisk, F|\n|rule|Sleep Clause Mod: Limit one foe put to sleep\n|rule|Species Clause: Limit one of each Pok\u00e9mon\n|rule|OHKO Clause: OHKO moves are banned\n|rule|Evasion Moves Clause: Evasion moves are banned\n|rule|Endless Battle Clause: Forcing endless battles is banned\n|rule|HP Percentage Mod: HP is shown in percentages\n|rule|Dynamax Clause: You cannot dynamax\n|teampreview\n|\n|start\n|switch|p1a: Dracozolt|Dracozolt|100\/100\n|switch|p2a: Barraskewda|Barraskewda, F|100\/100\n|turn|1\n|\n|switch|p2a: Ferrothorn|Ferrothorn, M|100\/100\n|move|p1a: Dracozolt|Bolt Beak|p2a: Ferrothorn\n|-resisted|p2a: Ferrothorn\n|-damage|p2a: Ferrothorn|59\/100\n|-damage|p1a: Dracozolt|88\/100|[from] ability: Iron Barbs|[of] p2a: Ferrothorn\n|\n|-heal|p2a: Ferrothorn|66\/100|[from] item: Leftovers\n|upkeep\n|turn|2\n|\n|move|p1a: Dracozolt|Fire Fang|p2a: Ferrothorn|[miss]\n|-miss|p1a: Dracozolt|p2a: Ferrothorn\n|move|p2a: Ferrothorn|Leech Seed|p1a: Dracozolt\n|-start|p1a: Dracozolt|move: Leech Seed\n|\n|-heal|p2a: Ferrothorn|72\/100|[from] item: Leftovers\n|-damage|p1a: Dracozolt|76\/100|[from] Leech Seed|[of] p2a: Ferrothorn\n|-heal|p2a: Ferrothorn|83\/100|[silent]\n|upkeep\n|turn|3\n|\n|switch|p1a: Shuckle|Shuckle, M|100\/100\n|switch|p2a: Weezing|Weezing-Galar, F|100\/100\n|-ability|p2a: Weezing|Neutralizing Gas\n|\n|upkeep\n|turn|4\n|\n|move|p2a: Weezing|Sludge Bomb|p1a: Shuckle\n|-resisted|p1a: Shuckle\n|-damage|p1a: Shuckle|92\/100\n|-enditem|p1a: Shuckle|Red Card|[of] p2a: Weezing\n|drag|p2a: Barraskewda|Barraskewda, F|100\/100\n|move|p1a: Shuckle|Encore||[still]\n|-fail|p1a: Shuckle\n|\n|upkeep\n|turn|5\n|\n|move|p2a: Barraskewda|Liquidation|p1a: Shuckle\n|-supereffective|p1a: Shuckle\n|-damage|p1a: Shuckle|17\/100\n|move|p1a: Shuckle|Sticky Web|p2a: Barraskewda\n|-sidestart|p2: Metrona|move: Sticky Web\n|\n|upkeep\n|turn|6\n|\n|move|p2a: Barraskewda|Liquidation|p1a: Shuckle\n|-supereffective|p1a: Shuckle\n|-damage|p1a: Shuckle|0 fnt\n|faint|p1a: Shuckle\n|\n|upkeep\n|\n|switch|p1a: Zeraora|Zeraora|100\/100\n|turn|7\n|\n|switch|p2a: Ferrothorn|Ferrothorn, M|83\/100\n|-activate|p2a: Ferrothorn|move: Sticky Web\n|-unboost|p2a: Ferrothorn|spe|1\n|move|p1a: Zeraora|Knock Off|p2a: Ferrothorn\n|-damage|p2a: Ferrothorn|62\/100\n|-damage|p1a: Zeraora|88\/100|[from] ability: Iron Barbs|[of] p2a: Ferrothorn\n|-enditem|p2a: Ferrothorn|Leftovers|[from] move: Knock Off|[of] p1a: Zeraora\n|\n|-heal|p1a: Zeraora|94\/100|[from] item: Leftovers\n|upkeep\n|turn|8\n|\n|switch|p2a: Weezing|Weezing-Galar, F|100\/100\n|-ability|p2a: Weezing|Neutralizing Gas\n|-activate|p2a: Weezing|move: Sticky Web\n|-unboost|p2a: Weezing|spe|1\n|move|p1a: Zeraora|Close Combat|p2a: Weezing\n|-resisted|p2a: Weezing\n|-damage|p2a: Weezing|94\/100\n|-unboost|p1a: Zeraora|def|1\n|-unboost|p1a: Zeraora|spd|1\n|\n|-heal|p1a: Zeraora|99\/100|[from] item: Leftovers\n|-heal|p2a: Weezing|100\/100|[from] item: Black Sludge\n|upkeep\n|turn|9\n|\n|switch|p1a: Dracozolt|Dracozolt|76\/100\n|move|p2a: Weezing|Defog|p1a: Dracozolt\n|-unboost|p1a: Dracozolt|evasion|1\n|-sideend|p2: Metrona|Sticky Web|[from] move: Defog|[of] p2a: Weezing\n|\n|upkeep\n|turn|10\n|\n|move|p1a: Dracozolt|Bolt Beak|p2a: Weezing\n|-damage|p2a: Weezing|46\/100\n|move|p2a: Weezing|Will-O-Wisp|p1a: Dracozolt\n|-status|p1a: Dracozolt|brn\n|\n|-heal|p2a: Weezing|52\/100|[from] item: Black Sludge\n|-damage|p1a: Dracozolt|69\/100 brn|[from] brn\n|upkeep\n|turn|11\n|\n|move|p1a: Dracozolt|Bolt Beak|p2a: Weezing\n|-damage|p2a: Weezing|27\/100\n|move|p2a: Weezing|Strange Steam|p1a: Dracozolt\n|-supereffective|p1a: Dracozolt\n|-damage|p1a: Dracozolt|0 fnt\n|faint|p1a: Dracozolt\n|\n|-heal|p2a: Weezing|33\/100|[from] item: Black Sludge\n|upkeep\n|\n|switch|p1a: Kyurem|Kyurem|100\/100\n|turn|12\n|\n|-ability|p1a: Kyurem|Pressure\n|switch|p2a: Frosmoth|Frosmoth, M|100\/100\n|move|p1a: Kyurem|Ice Beam|p2a: Frosmoth\n|-resisted|p2a: Frosmoth\n|-crit|p2a: Frosmoth\n|-damage|p2a: Frosmoth|79\/100\n|\n|upkeep\n|turn|13\n|\n|switch|p1a: Cinderace|Cinderace, M|100\/100\n|switch|p2a: Pelipper|Pelipper, F|100\/100\n|-weather|RainDance|[from] ability: Drizzle|[of] p2a: Pelipper\n|\n|-weather|RainDance|[upkeep]\n|upkeep\n|turn|14\n|\n|move|p1a: Cinderace|U-turn|p2a: Pelipper\n|-start|p1a: Cinderace|typechange|Bug|[from] ability: Libero\n|-resisted|p2a: Pelipper\n|-damage|p2a: Pelipper|89\/100\n|\n|switch|p1a: Kyurem|Kyurem|100\/100|[from]move: U-turn\n|-ability|p1a: Kyurem|Pressure\n|move|p2a: Pelipper|U-turn|p1a: Kyurem\n|-damage|p1a: Kyurem|93\/100\n|\n|switch|p2a: Frosmoth|Frosmoth, M|79\/100|[from]move: U-turn\n|\n|-weather|RainDance|[upkeep]\n|upkeep\n|turn|15\n|\n|switch|p1a: Cinderace|Cinderace, M|100\/100\n|move|p2a: Frosmoth|Quiver Dance|p2a: Frosmoth\n|-boost|p2a: Frosmoth|spa|1\n|-boost|p2a: Frosmoth|spd|1\n|-boost|p2a: Frosmoth|spe|1\n|\n|-weather|RainDance|[upkeep]\n|upkeep\n|turn|16\n|\n|move|p2a: Frosmoth|Weather Ball|p1a: Cinderace\n|-supereffective|p1a: Cinderace\n|-damage|p1a: Cinderace|0 fnt\n|faint|p1a: Cinderace\n|\n|-weather|RainDance|[upkeep]\n|upkeep\n|-message|Blue chen forfeited.\n|\n|win|Metrona\n|l|\u2606Blue chen\n|raw|Blue chen's rating: 1641 &rarr; <strong>1624<\/strong><br \/>(-17 for losing)\n|raw|Metrona's rating: 1696 &rarr; <strong>1713<\/strong><br \/>(+17 for winning)\n","uploadtime":1591180534,"views":40,"p1id":"bluechen","p2id":"metrona","formatid":"gen8ou","rating":1624,"private":0,"password":null}