{"id":"gen8ou-1670467227","p1":"galarian dragapult","p2":"minimax_ai","format":"gen8ou","log":"|j|\u2606galarian dragapult\n|j|\u2606minimax_ai\n|t:|1663838096\n|gametype|singles\n|player|p1|galarian dragapult|zinzolin|1627\n|player|p2|minimax_ai|lusamine-nihilego|1665\n|teamsize|p1|6\n|teamsize|p2|6\n|gen|8\n|tier|[Gen 8] OU\n|rated|\n|rule|Sleep Clause Mod: Limit one foe put to sleep\n|rule|Species Clause: Limit one of each Pok\u00e9mon\n|rule|OHKO Clause: OHKO moves are banned\n|rule|Evasion Items Clause: Evasion items are banned\n|rule|Evasion Moves Clause: Evasion moves are banned\n|rule|Endless Battle Clause: Forcing endless battles is banned\n|rule|HP Percentage Mod: HP is shown in percentages\n|rule|Dynamax Clause: You cannot dynamax\n|clearpoke\n|poke|p1|Blacephalon|\n|poke|p1|Blissey, F|\n|poke|p1|Buzzwole|\n|poke|p1|Melmetal|\n|poke|p1|Slowbro, F|\n|poke|p1|Landorus-Therian, M|\n|poke|p2|Rotom-Wash|\n|poke|p2|Weavile, F|\n|poke|p2|Landorus-Therian, M|\n|poke|p2|Heatran, M|\n|poke|p2|Tangrowth, F|\n|poke|p2|Melmetal|\n|teampreview\n|c|\u2606minimax_ai|hf\n|inactive|Battle timer is ON: inactive players will automatically lose when time's up. (requested by minimax_ai)\n|\n|t:|1663838120\n|start\n|switch|p1a: Landorus|Landorus-Therian, M|100\/100\n|switch|p2a: landorustherian|Landorus-Therian, M|100\/100\n|-ability|p2a: landorustherian|Intimidate|boost\n|-unboost|p1a: Landorus|atk|1\n|-ability|p1a: Landorus|Intimidate|boost\n|-unboost|p2a: landorustherian|atk|1\n|turn|1\n|\n|t:|1663838123\n|move|p2a: landorustherian|Toxic|p1a: Landorus\n|-status|p1a: Landorus|tox\n|move|p1a: Landorus|Knock Off|p2a: landorustherian\n|-damage|p2a: landorustherian|80\/100\n|-enditem|p2a: landorustherian|Leftovers|[from] move: Knock Off|[of] p1a: Landorus\n|\n|-damage|p1a: Landorus|94\/100 tox|[from] psn\n|upkeep\n|turn|2\n|\n|t:|1663838129\n|move|p1a: Landorus|U-turn|p2a: landorustherian\n|-resisted|p2a: landorustherian\n|-damage|p2a: landorustherian|73\/100\n|\n|t:|1663838134\n|switch|p1a: Blissey|Blissey, F|100\/100|[from]move: U-turn\n|move|p2a: landorustherian|Toxic|p1a: Blissey\n|-status|p1a: Blissey|tox\n|\n|-damage|p1a: Blissey|94\/100 tox|[from] psn\n|upkeep\n|turn|3\n|\n|t:|1663838137\n|switch|p2a: rotomwash|Rotom-Wash|100\/100\n|move|p1a: Blissey|Toxic|p2a: rotomwash\n|-status|p2a: rotomwash|tox\n|\n|-damage|p2a: rotomwash|94\/100 tox|[from] psn\n|-damage|p1a: Blissey|82\/100 tox|[from] psn\n|upkeep\n|turn|4\n|\n|t:|1663838144\n|move|p2a: rotomwash|Nasty Plot|p2a: rotomwash\n|-boost|p2a: rotomwash|spa|2\n|move|p1a: Blissey|Stealth Rock|p2a: rotomwash\n|-sidestart|p2: minimax_ai|move: Stealth Rock\n|\n|-heal|p2a: rotomwash|100\/100 tox|[from] item: Leftovers\n|-damage|p2a: rotomwash|88\/100 tox|[from] psn\n|-damage|p1a: Blissey|64\/100 tox|[from] psn\n|upkeep\n|turn|5\n|\n|t:|1663838148\n|move|p2a: rotomwash|Hydro Pump|p1a: Blissey\n|-damage|p1a: Blissey|31\/100 tox\n|move|p1a: Blissey|Soft-Boiled|p1a: Blissey\n|-heal|p1a: Blissey|81\/100 tox\n|\n|-heal|p2a: rotomwash|94\/100 tox|[from] item: Leftovers\n|-damage|p2a: rotomwash|75\/100 tox|[from] psn\n|-damage|p1a: Blissey|56\/100 tox|[from] psn\n|upkeep\n|turn|6\n|\n|t:|1663838151\n|-curestatus|p1a: Blissey|tox|[from] ability: Natural Cure\n|switch|p1a: Slowbro|Slowbro, F|100\/100\n|move|p2a: rotomwash|Hydro Pump|p1a: Slowbro\n|-resisted|p1a: Slowbro\n|-damage|p1a: Slowbro|67\/100\n|\n|-heal|p2a: rotomwash|82\/100 tox|[from] item: Leftovers\n|-damage|p2a: rotomwash|57\/100 tox|[from] psn\n|upkeep\n|turn|7\n|j| Still a thing\n|\n|t:|1663838154\n|switch|p1a: Blissey|Blissey, F|56\/100\n|move|p2a: rotomwash|Hydro Pump|p1a: Blissey\n|-damage|p1a: Blissey|27\/100\n|\n|-heal|p2a: rotomwash|63\/100 tox|[from] item: Leftovers\n|-damage|p2a: rotomwash|32\/100 tox|[from] psn\n|upkeep\n|turn|8\n|\n|t:|1663838158\n|move|p2a: rotomwash|Hydro Pump|p1a: Blissey\n|-damage|p1a: Blissey|0 fnt\n|faint|p1a: Blissey\n|\n|-heal|p2a: rotomwash|38\/100 tox|[from] item: Leftovers\n|-damage|p2a: rotomwash|0 fnt|[from] psn\n|faint|p2a: rotomwash\n|upkeep\n|\n|t:|1663838169\n|switch|p2a: Melmetal|Melmetal|100\/100\n|switch|p1a: Buzzwole|Buzzwole|100\/100\n|-damage|p2a: Melmetal|94\/100|[from] Stealth Rock\n|turn|9\n|\n|t:|1663838173\n|switch|p1a: Slowbro|Slowbro, F|99\/100\n|move|p2a: Melmetal|Double Iron Bash|p1a: Slowbro\n|-resisted|p1a: Slowbro\n|-damage|p1a: Slowbro|83\/100\n|-damage|p2a: Melmetal|78\/100|[from] item: Rocky Helmet|[of] p1a: Slowbro\n|-resisted|p1a: Slowbro\n|-damage|p1a: Slowbro|67\/100\n|-damage|p2a: Melmetal|61\/100|[from] item: Rocky Helmet|[of] p1a: Slowbro\n|-hitcount|p1a: Slowbro|2\n|\n|upkeep\n|turn|10\n|\n|t:|1663838175\n|move|p2a: Melmetal|Double Iron Bash|p1a: Slowbro\n|-resisted|p1a: Slowbro\n|-damage|p1a: Slowbro|51\/100\n|-damage|p2a: Melmetal|45\/100|[from] item: Rocky Helmet|[of] p1a: Slowbro\n|-resisted|p1a: Slowbro\n|-damage|p1a: Slowbro|36\/100\n|-damage|p2a: Melmetal|28\/100|[from] item: Rocky Helmet|[of] p1a: Slowbro\n|-hitcount|p1a: Slowbro|2\n|cant|p1a: Slowbro|flinch\n|\n|upkeep\n|turn|11\n|\n|t:|1663838178\n|move|p2a: Melmetal|Double Iron Bash|p1a: Slowbro\n|-resisted|p1a: Slowbro\n|-damage|p1a: Slowbro|19\/100\n|-damage|p2a: Melmetal|12\/100|[from] item: Rocky Helmet|[of] p1a: Slowbro\n|-resisted|p1a: Slowbro\n|-damage|p1a: Slowbro|4\/100\n|-damage|p2a: Melmetal|0 fnt|[from] item: Rocky Helmet|[of] p1a: Slowbro\n|faint|p2a: Melmetal\n|-hitcount|p1a: Slowbro|2\n|move|p1a: Slowbro|Teleport|p1a: Slowbro\n|\n|t:|1663838183\n|switch|p1a: Buzzwole|Buzzwole|100\/100|[from]move: Teleport\n|\n|upkeep\n|\n|t:|1663838183\n|switch|p2a: Tangrowth|Tangrowth, F|100\/100\n|-damage|p2a: Tangrowth|88\/100|[from] Stealth Rock\n|turn|12\n|l| Still a thing\n|\n|t:|1663838188\n|switch|p1a: Landorus|Landorus-Therian, M|94\/100 tox\n|-ability|p1a: Landorus|Intimidate|boost\n|-unboost|p2a: Tangrowth|atk|1\n|move|p2a: Tangrowth|Giga Drain|p1a: Landorus\n|-damage|p1a: Landorus|73\/100 tox\n|-heal|p2a: Tangrowth|98\/100|[from] drain|[of] p1a: Landorus\n|\n|-heal|p1a: Landorus|79\/100 tox|[from] item: Leftovers\n|-damage|p1a: Landorus|73\/100 tox|[from] psn\n|upkeep\n|turn|13\n|\n|t:|1663838192\n|move|p1a: Landorus|Knock Off|p2a: Tangrowth\n|-damage|p2a: Tangrowth|81\/100\n|-damage|p1a: Landorus|57\/100 tox|[from] item: Rocky Helmet|[of] p2a: Tangrowth\n|-enditem|p2a: Tangrowth|Rocky Helmet|[from] move: Knock Off|[of] p1a: Landorus\n|move|p2a: Tangrowth|Sleep Powder|p1a: Landorus|[miss]\n|-miss|p2a: Tangrowth|p1a: Landorus\n|\n|-heal|p1a: Landorus|63\/100 tox|[from] item: Leftovers\n|-damage|p1a: Landorus|50\/100 tox|[from] psn\n|upkeep\n|turn|14\n|\n|t:|1663838196\n|move|p1a: Landorus|U-turn|p2a: Tangrowth\n|-supereffective|p2a: Tangrowth\n|-damage|p2a: Tangrowth|59\/100\n|\n|t:|1663838198\n|switch|p1a: Slowbro|Slowbro, F|37\/100|[from]move: U-turn\n|move|p2a: Tangrowth|Sleep Powder|p1a: Slowbro\n|-status|p1a: Slowbro|slp|[from] move: Sleep Powder\n|\n|upkeep\n|turn|15\n|\n|t:|1663838204\n|switch|p1a: Landorus|Landorus-Therian, M|50\/100 tox\n|-ability|p1a: Landorus|Intimidate|boost\n|-unboost|p2a: Tangrowth|atk|1\n|move|p2a: Tangrowth|Giga Drain|p1a: Landorus\n|-damage|p1a: Landorus|31\/100 tox\n|-heal|p2a: Tangrowth|68\/100|[from] drain|[of] p1a: Landorus\n|\n|-heal|p1a: Landorus|37\/100 tox|[from] item: Leftovers\n|-damage|p1a: Landorus|31\/100 tox|[from] psn\n|upkeep\n|turn|16\n|\n|t:|1663838206\n|switch|p2a: Heatran|Heatran, M|100\/100\n|-damage|p2a: Heatran|88\/100|[from] Stealth Rock\n|-item|p2a: Heatran|Air Balloon\n|move|p1a: Landorus|U-turn|p2a: Heatran\n|-resisted|p2a: Heatran\n|-damage|p2a: Heatran|83\/100\n|-enditem|p2a: Heatran|Air Balloon\n|\n|t:|1663838211\n|switch|p1a: Melmetal|Melmetal|100\/100|[from]move: U-turn\n|\n|upkeep\n|turn|17\n|\n|t:|1663838218\n|move|p2a: Heatran|Eruption|p1a: Melmetal\n|-supereffective|p1a: Melmetal\n|-damage|p1a: Melmetal|0 fnt\n|faint|p1a: Melmetal\n|\n|upkeep\n|\n|t:|1663838220\n|switch|p1a: Buzzwole|Buzzwole|100\/100\n|turn|18\n|\n|t:|1663838221\n|switch|p2a: landorustherian|Landorus-Therian, M|73\/100\n|-damage|p2a: landorustherian|61\/100|[from] Stealth Rock\n|-ability|p2a: landorustherian|Intimidate|boost\n|-unboost|p1a: Buzzwole|atk|1\n|move|p1a: Buzzwole|Close Combat|p2a: landorustherian\n|-resisted|p2a: landorustherian\n|-damage|p2a: landorustherian|44\/100\n|-unboost|p1a: Buzzwole|def|1\n|-unboost|p1a: Buzzwole|spd|1\n|\n|upkeep\n|turn|19\n|\n|t:|1663838224\n|switch|p2a: Tangrowth|Tangrowth, F|100\/100\n|-damage|p2a: Tangrowth|88\/100|[from] Stealth Rock\n|move|p1a: Buzzwole|Ice Punch|p2a: Tangrowth\n|-supereffective|p2a: Tangrowth\n|-damage|p2a: Tangrowth|71\/100\n|\n|upkeep\n|turn|20\n|\n|t:|1663838227\n|switch|p1a: Landorus|Landorus-Therian, M|31\/100 tox\n|-ability|p1a: Landorus|Intimidate|boost\n|-unboost|p2a: Tangrowth|atk|1\n|move|p2a: Tangrowth|Giga Drain|p1a: Landorus\n|-damage|p1a: Landorus|8\/100 tox\n|-heal|p2a: Tangrowth|82\/100|[from] drain|[of] p1a: Landorus\n|\n|-heal|p1a: Landorus|14\/100 tox|[from] item: Leftovers\n|-damage|p1a: Landorus|8\/100 tox|[from] psn\n|upkeep\n|turn|21\n|\n|t:|1663838229\n|move|p1a: Landorus|Knock Off|p2a: Tangrowth\n|-damage|p2a: Tangrowth|71\/100\n|move|p2a: Tangrowth|Giga Drain|p1a: Landorus\n|-damage|p1a: Landorus|0 fnt\n|-heal|p2a: Tangrowth|74\/100|[from] drain|[of] p1a: Landorus\n|faint|p1a: Landorus\n|\n|upkeep\n|\n|t:|1663838230\n|switch|p1a: Blacephalon|Blacephalon|100\/100\n|turn|22\n|\n|t:|1663838233\n|switch|p2a: landorustherian|Landorus-Therian, M|44\/100\n|-damage|p2a: landorustherian|31\/100|[from] Stealth Rock\n|-ability|p2a: landorustherian|Intimidate|boost\n|-unboost|p1a: Blacephalon|atk|1\n|move|p1a: Blacephalon|Shadow Ball|p2a: landorustherian\n|-damage|p2a: landorustherian|0 fnt\n|faint|p2a: landorustherian\n|-ability|p1a: Blacephalon|Beast Boost|boost\n|-boost|p1a: Blacephalon|spa|1\n|\n|upkeep\n|\n|t:|1663838233\n|switch|p2a: Weavile|Weavile, F|100\/100\n|-damage|p2a: Weavile|76\/100|[from] Stealth Rock\n|-ability|p2a: Weavile|Pressure\n|turn|23\n|\n|t:|1663838236\n|switch|p1a: Buzzwole|Buzzwole|100\/100\n|move|p2a: Weavile|Triple Axel|p1a: Buzzwole\n|-damage|p1a: Buzzwole|93\/100\n|-damage|p1a: Buzzwole|80\/100\n|-damage|p1a: Buzzwole|60\/100\n|-hitcount|p1a: Buzzwole|3\n|\n|upkeep\n|turn|24\n|\n|t:|1663838237\n|move|p2a: Weavile|Triple Axel|p1a: Buzzwole\n|-damage|p1a: Buzzwole|53\/100\n|-damage|p1a: Buzzwole|38\/100\n|-damage|p1a: Buzzwole|17\/100\n|-hitcount|p1a: Buzzwole|3\n|move|p1a: Buzzwole|Roost|p1a: Buzzwole\n|-heal|p1a: Buzzwole|67\/100\n|-singleturn|p1a: Buzzwole|move: Roost\n|\n|upkeep\n|turn|25\n|\n|t:|1663838239\n|move|p2a: Weavile|Triple Axel|p1a: Buzzwole\n|-damage|p1a: Buzzwole|61\/100\n|-damage|p1a: Buzzwole|46\/100\n|-damage|p1a: Buzzwole|26\/100\n|-hitcount|p1a: Buzzwole|3\n|move|p1a: Buzzwole|Roost|p1a: Buzzwole\n|-heal|p1a: Buzzwole|76\/100\n|-singleturn|p1a: Buzzwole|move: Roost\n|\n|upkeep\n|turn|26\n|\n|t:|1663838241\n|move|p2a: Weavile|Triple Axel|p1a: Buzzwole\n|-damage|p1a: Buzzwole|69\/100\n|-damage|p1a: Buzzwole|55\/100\n|-damage|p1a: Buzzwole|35\/100\n|-hitcount|p1a: Buzzwole|3\n|move|p1a: Buzzwole|Close Combat|p2a: Weavile\n|-supereffective|p2a: Weavile\n|-damage|p2a: Weavile|0 fnt\n|-unboost|p1a: Buzzwole|def|1\n|-unboost|p1a: Buzzwole|spd|1\n|faint|p2a: Weavile\n|-ability|p1a: Buzzwole|Beast Boost|boost\n|-boost|p1a: Buzzwole|def|1\n|\n|upkeep\n|\n|t:|1663838241\n|switch|p2a: Heatran|Heatran, M|83\/100\n|-damage|p2a: Heatran|70\/100|[from] Stealth Rock\n|turn|27\n|\n|t:|1663838246\n|move|p2a: Heatran|Earth Power|p1a: Buzzwole\n|-resisted|p1a: Buzzwole\n|-damage|p1a: Buzzwole|5\/100\n|move|p1a: Buzzwole|Earthquake|p2a: Heatran\n|-supereffective|p2a: Heatran\n|-damage|p2a: Heatran|0 fnt\n|faint|p2a: Heatran\n|-ability|p1a: Buzzwole|Beast Boost|boost\n|-boost|p1a: Buzzwole|def|1\n|\n|upkeep\n|\n|t:|1663838247\n|switch|p2a: Tangrowth|Tangrowth, F|100\/100\n|-damage|p2a: Tangrowth|88\/100|[from] Stealth Rock\n|turn|28\n|\n|t:|1663838249\n|move|p1a: Buzzwole|Close Combat|p2a: Tangrowth\n|-damage|p2a: Tangrowth|58\/100\n|-unboost|p1a: Buzzwole|def|1\n|-unboost|p1a: Buzzwole|spd|1\n|move|p2a: Tangrowth|Knock Off|p1a: Buzzwole\n|-resisted|p1a: Buzzwole\n|-damage|p1a: Buzzwole|0 fnt\n|-enditem|p1a: Buzzwole|Heavy-Duty Boots|[from] move: Knock Off|[of] p2a: Tangrowth\n|faint|p1a: Buzzwole\n|\n|upkeep\n|\n|t:|1663838251\n|switch|p1a: Blacephalon|Blacephalon|100\/100\n|turn|29\n|\n|t:|1663838252\n|move|p1a: Blacephalon|Flamethrower|p2a: Tangrowth\n|-supereffective|p2a: Tangrowth\n|-damage|p2a: Tangrowth|0 fnt\n|faint|p2a: Tangrowth\n|\n|win|galarian dragapult\n|raw|galarian dragapult's rating: 1627 &rarr; <strong>1649<\/strong><br \/>(+22 for winning)\n|raw|minimax_ai's rating: 1665 &rarr; <strong>1643<\/strong><br \/>(-22 for losing)\n|c|\u2606minimax_ai|gg\n","uploadtime":1663838254,"views":24,"p1id":"galariandragapult","p2id":"minimaxai","formatid":"gen8ou","rating":1643,"private":0,"password":null}