{"id":"gen8nationaldex-1195452626","p1":"Vegas corviknights","p2":"yhdrslb","format":"gen8nationaldex","log":"|j|\u2606Vegas corviknights\n|j|\u2606yhdrslb\n|t:|1601446519\n|player|p1|Vegas corviknights|benga|1313\n|player|p2|yhdrslb|30|1404\n|teamsize|p1|6\n|teamsize|p2|6\n|gametype|singles\n|gen|8\n|tier|[Gen 8] National Dex\n|rated|\n|html|<div class=\"broadcast-blue\"><strong>National Dex is currently suspecting Dracovish! For information on how to participate check out the <a href=\"https:\/\/www.smogon.com\/forums\/threads\/3670967\/\">suspect thread<\/a>.<\/strong><\/div>\n|clearpoke\n|poke|p1|Tapu Koko|\n|poke|p1|Swampert, M|\n|poke|p1|Kingdra, M|\n|poke|p1|Politoed, F|\n|poke|p1|Raichu-Alola, F|\n|poke|p1|Kartana|\n|poke|p2|Cinderace, M|\n|poke|p2|Landorus-Therian, M|\n|poke|p2|Rillaboom, F|\n|poke|p2|Beedrill, F|\n|poke|p2|Dracovish|\n|poke|p2|Zeraora|\n|rule|HP Percentage Mod: HP is shown in percentages\n|rule|Endless Battle Clause: Forcing endless battles is banned\n|rule|OHKO Clause: OHKO moves are banned\n|rule|Evasion Moves Clause: Evasion moves are banned\n|rule|Species Clause: Limit one of each Pok\u00e9mon\n|rule|Dynamax Clause: You cannot dynamax\n|rule|Sleep Clause Mod: Limit one foe put to sleep\n|teampreview\n|inactive|Battle timer is ON: inactive players will automatically lose when time's up. (requested by Vegas corviknights)\n|\n|t:|1601446534\n|start\n|switch|p1a: Moana|Politoed, F, shiny|100\/100\n|switch|p2a: Zeraora|Zeraora|100\/100\n|-weather|RainDance|[from] ability: Drizzle|[of] p1a: Moana\n|turn|1\n|\n|t:|1601446542\n|switch|p1a: Maui|Swampert, M|100\/100\n|move|p2a: Zeraora|Grass Knot|p1a: Maui\n|-supereffective|p1a: Maui\n|-damage|p1a: Maui|0 fnt\n|faint|p1a: Maui\n|\n|-weather|RainDance|[upkeep]\n|upkeep\n|-message|Vegas corviknights forfeited.\n|\n|win|yhdrslb\n|l|\u2606Vegas corviknights\n|raw|Vegas corviknights's rating: 1314 &rarr; <strong>1299<\/strong><br \/>(-15 for losing)\n|raw|yhdrslb's rating: 1404 &rarr; <strong>1419<\/strong><br \/>(+15 for winning)\n","uploadtime":1601446552,"views":6,"p1id":"vegascorviknights","p2id":"yhdrslb","formatid":"gen8nationaldex","rating":1299,"private":0,"password":null}