{"id":"gen8crazyhouse-1573674242","p1":"htcl (>\u25e1<)","p2":"SetsuStsna","format":"gen8crazyhouse","log":"|j|\u2606htcl (>\u25e1<)\n|j|\u2606SetsuStsna\n|inactive|Battle timer is ON: inactive players will automatically lose when time's up.\n|t:|1652405906\n|gametype|singles\n|player|p1|htcl (>\u25e1<)|mira|\n|player|p2|SetsuStsna|irida|\n|teamsize|p1|6\n|teamsize|p2|6\n|gen|8\n|tier|[Gen 8] Crazyhouse\n|rated|Tournament battle\n|rule|Species Clause: Limit one of each Pok\u00e9mon\n|rule|OHKO Clause: OHKO moves are banned\n|rule|Evasion Moves Clause: Evasion moves are banned\n|rule|Endless Battle Clause: Forcing endless battles is banned\n|rule|HP Percentage Mod: HP is shown in percentages\n|rule|Dynamax Clause: You cannot dynamax\n|rule|Sleep Clause: Sleep-inducing moves are banned\n|rule|Evasion Abilities Clause: Evasion abilities are banned\n|clearpoke\n|poke|p1|Druddigon, F|\n|poke|p1|Togekiss, M|\n|poke|p1|Melmetal|\n|poke|p1|Volcarona, M|\n|poke|p1|Hydreigon, F|\n|poke|p1|Zeraora|\n|poke|p2|Zapdos|\n|poke|p2|Weavile, M|\n|poke|p2|Kartana|\n|poke|p2|Landorus-Therian, M|\n|poke|p2|Volcanion|\n|poke|p2|Registeel|\n|teampreview\n|j| SmackPackt\n|c|\u2606SetsuStsna|hf\n|j| yaboiAshK.\n|j| OUTW Geomancy\n|c|\u2606htcl (>\u25e1<)|u2\n|j| Me Nub Spare Me\n|c| Me Nub Spare Me|THE BEST\n|c| Me Nub Spare Me|FIGHTING OFF IN THIS SHOWDOWN\n|c| SmackPackt|smh no hard stall\n|\n|t:|1652405919\n|start\n|switch|p1a: Akane|Druddigon, F|100\/100\n|switch|p2a: Uchicchi|Landorus-Therian, M|100\/100\n|-ability|p1a: Akane|Mold Breaker\n|-ability|p2a: Uchicchi|Intimidate|boost\n|-unboost|p1a: Akane|atk|1\n|turn|1\n|raw|htcl (>\u25e1<)'s team:<br \/><span style=\"white-space:nowrap\"><psicon pokemon=\"druddigon\" \/>\/<\/span>&#8203;<span style=\"white-space:nowrap\"><psicon pokemon=\"togekiss\" \/>\/<\/span>&#8203;<span style=\"white-space:nowrap\"><psicon pokemon=\"melmetal\" \/>\/<\/span>&#8203;<span style=\"white-space:nowrap\"><psicon pokemon=\"volcarona\" \/>\/<\/span>&#8203;<span style=\"white-space:nowrap\"><psicon pokemon=\"hydreigon\" \/>\/<\/span>&#8203;<span style=\"white-space:nowrap\"><psicon pokemon=\"zeraora\" \/><\/span>\n|raw|SetsuStsna's team:<br \/><span style=\"white-space:nowrap\"><psicon pokemon=\"landorustherian\" \/>\/<\/span>&#8203;<span style=\"white-space:nowrap\"><psicon pokemon=\"weavile\" \/>\/<\/span>&#8203;<span style=\"white-space:nowrap\"><psicon pokemon=\"kartana\" \/>\/<\/span>&#8203;<span style=\"white-space:nowrap\"><psicon pokemon=\"zapdos\" \/>\/<\/span>&#8203;<span style=\"white-space:nowrap\"><psicon pokemon=\"volcanion\" \/>\/<\/span>&#8203;<span style=\"white-space:nowrap\"><psicon pokemon=\"registeel\" \/><\/span>\n|j|%Mimikyu Stardust\n|c| Me Nub Spare Me|WHO SHALL WIN\n|\n|t:|1652405924\n|move|p1a: Akane|Glare|p2a: Uchicchi\n|-status|p2a: Uchicchi|par\n|cant|p2a: Uchicchi|par\n|\n|upkeep\n|turn|2\n|raw|htcl (>\u25e1<)'s team:<br \/><span style=\"white-space:nowrap\"><psicon pokemon=\"druddigon\" \/>\/<\/span>&#8203;<span style=\"white-space:nowrap\"><psicon pokemon=\"togekiss\" \/>\/<\/span>&#8203;<span style=\"white-space:nowrap\"><psicon pokemon=\"melmetal\" \/>\/<\/span>&#8203;<span style=\"white-space:nowrap\"><psicon pokemon=\"volcarona\" \/>\/<\/span>&#8203;<span style=\"white-space:nowrap\"><psicon pokemon=\"hydreigon\" \/>\/<\/span>&#8203;<span style=\"white-space:nowrap\"><psicon pokemon=\"zeraora\" \/><\/span>\n|raw|SetsuStsna's team:<br \/><span style=\"white-space:nowrap\"><psicon pokemon=\"landorustherian\" \/>\/<\/span>&#8203;<span style=\"white-space:nowrap\"><psicon pokemon=\"weavile\" \/>\/<\/span>&#8203;<span style=\"white-space:nowrap\"><psicon pokemon=\"kartana\" \/>\/<\/span>&#8203;<span style=\"white-space:nowrap\"><psicon pokemon=\"zapdos\" \/>\/<\/span>&#8203;<span style=\"white-space:nowrap\"><psicon pokemon=\"volcanion\" \/>\/<\/span>&#8203;<span style=\"white-space:nowrap\"><psicon pokemon=\"registeel\" \/><\/span>\n|c| OUTW Geomancy|winner gets the losers OU room position\n|\n|t:|1652405927\n|move|p1a: Akane|Taunt|p2a: Uchicchi\n|-start|p2a: Uchicchi|move: Taunt\n|cant|p2a: Uchicchi|move: Taunt|Toxic\n|\n|upkeep\n|turn|3\n|raw|htcl (>\u25e1<)'s team:<br \/><span style=\"white-space:nowrap\"><psicon pokemon=\"druddigon\" \/>\/<\/span>&#8203;<span style=\"white-space:nowrap\"><psicon pokemon=\"togekiss\" \/>\/<\/span>&#8203;<span style=\"white-space:nowrap\"><psicon pokemon=\"melmetal\" \/>\/<\/span>&#8203;<span style=\"white-space:nowrap\"><psicon pokemon=\"volcarona\" \/>\/<\/span>&#8203;<span style=\"white-space:nowrap\"><psicon pokemon=\"hydreigon\" \/>\/<\/span>&#8203;<span style=\"white-space:nowrap\"><psicon pokemon=\"zeraora\" \/><\/span>\n|raw|SetsuStsna's team:<br \/><span style=\"white-space:nowrap\"><psicon pokemon=\"landorustherian\" \/>\/<\/span>&#8203;<span style=\"white-space:nowrap\"><psicon pokemon=\"weavile\" \/>\/<\/span>&#8203;<span style=\"white-space:nowrap\"><psicon pokemon=\"kartana\" \/>\/<\/span>&#8203;<span style=\"white-space:nowrap\"><psicon pokemon=\"zapdos\" \/>\/<\/span>&#8203;<span style=\"white-space:nowrap\"><psicon pokemon=\"volcanion\" \/>\/<\/span>&#8203;<span style=\"white-space:nowrap\"><psicon pokemon=\"registeel\" \/><\/span>\n|c| OUTW Geomancy|B)\n|c|%Mimikyu Stardust|!pick setsu, htcl\n|c| Mimikyu Stardust|\/raw <div class=\"infobox\"><em>We randomly picked:<\/em> htcl<\/div>\n|\n|t:|1652405933\n|move|p1a: Akane|Stealth Rock|p2a: Uchicchi\n|-sidestart|p2: SetsuStsna|move: Stealth Rock\n|move|p2a: Uchicchi|Earthquake|p1a: Akane\n|-damage|p1a: Akane|50\/100\n|\n|upkeep\n|turn|4\n|raw|htcl (>\u25e1<)'s team:<br \/><span style=\"white-space:nowrap\"><psicon pokemon=\"druddigon\" \/>\/<\/span>&#8203;<span style=\"white-space:nowrap\"><psicon pokemon=\"togekiss\" \/>\/<\/span>&#8203;<span style=\"white-space:nowrap\"><psicon pokemon=\"melmetal\" \/>\/<\/span>&#8203;<span style=\"white-space:nowrap\"><psicon pokemon=\"volcarona\" \/>\/<\/span>&#8203;<span style=\"white-space:nowrap\"><psicon pokemon=\"hydreigon\" \/>\/<\/span>&#8203;<span style=\"white-space:nowrap\"><psicon pokemon=\"zeraora\" \/><\/span>\n|raw|SetsuStsna's team:<br \/><span style=\"white-space:nowrap\"><psicon pokemon=\"landorustherian\" \/>\/<\/span>&#8203;<span style=\"white-space:nowrap\"><psicon pokemon=\"weavile\" \/>\/<\/span>&#8203;<span style=\"white-space:nowrap\"><psicon pokemon=\"kartana\" \/>\/<\/span>&#8203;<span style=\"white-space:nowrap\"><psicon pokemon=\"zapdos\" \/>\/<\/span>&#8203;<span style=\"white-space:nowrap\"><psicon pokemon=\"volcanion\" \/>\/<\/span>&#8203;<span style=\"white-space:nowrap\"><psicon pokemon=\"registeel\" \/><\/span>\n|c|%Mimikyu Stardust|setsu lost\n|\n|t:|1652405938\n|switch|p1a: Lotte Ghana|Hydreigon, F|100\/100\n|move|p2a: Uchicchi|U-turn|p1a: Lotte Ghana\n|-supereffective|p1a: Lotte Ghana\n|-damage|p1a: Lotte Ghana|52\/100\n|c|\u2606htcl (>\u25e1<)|oh wtf\n|j| Marley Mai maiti\n|c|\u2606htcl (>\u25e1<)|who clicks uturn\n|c|\u2606SetsuStsna|the goats\n|\n|t:|1652405953\n|switch|p2a: Weavile|Weavile, M|100\/100|[from]move: U-turn\n|-damage|p2a: Weavile|76\/100|[from] Stealth Rock\n|-ability|p2a: Weavile|Pressure\n|\n|upkeep\n|turn|5\n|raw|htcl (>\u25e1<)'s team:<br \/><span style=\"white-space:nowrap\"><psicon pokemon=\"hydreigon\" \/>\/<\/span>&#8203;<span style=\"white-space:nowrap\"><psicon pokemon=\"togekiss\" \/>\/<\/span>&#8203;<span style=\"white-space:nowrap\"><psicon pokemon=\"melmetal\" \/>\/<\/span>&#8203;<span style=\"white-space:nowrap\"><psicon pokemon=\"volcarona\" \/>\/<\/span>&#8203;<span style=\"white-space:nowrap\"><psicon pokemon=\"druddigon\" \/>\/<\/span>&#8203;<span style=\"white-space:nowrap\"><psicon pokemon=\"zeraora\" \/><\/span>\n|raw|SetsuStsna's team:<br \/><span style=\"white-space:nowrap\"><psicon pokemon=\"weavile\" \/>\/<\/span>&#8203;<span style=\"white-space:nowrap\"><psicon pokemon=\"landorustherian\" \/>\/<\/span>&#8203;<span style=\"white-space:nowrap\"><psicon pokemon=\"kartana\" \/>\/<\/span>&#8203;<span style=\"white-space:nowrap\"><psicon pokemon=\"zapdos\" \/>\/<\/span>&#8203;<span style=\"white-space:nowrap\"><psicon pokemon=\"volcanion\" \/>\/<\/span>&#8203;<span style=\"white-space:nowrap\"><psicon pokemon=\"registeel\" \/><\/span>\n|\n|t:|1652405957\n|switch|p1a: Yuki|Melmetal|100\/100\n|move|p2a: Weavile|Beat Up|p1a: Yuki\n|-crit|p1a: Yuki\n|-damage|p1a: Yuki|87\/100\n|-damage|p1a: Yuki|75\/100\n|-damage|p1a: Yuki|67\/100\n|-damage|p1a: Yuki|59\/100\n|-crit|p1a: Yuki\n|-damage|p1a: Yuki|50\/100\n|-hitcount|p1a: Yuki|5\n|\n|upkeep\n|turn|6\n|raw|htcl (>\u25e1<)'s team:<br \/><span style=\"white-space:nowrap\"><psicon pokemon=\"melmetal\" \/>\/<\/span>&#8203;<span style=\"white-space:nowrap\"><psicon pokemon=\"togekiss\" \/>\/<\/span>&#8203;<span style=\"white-space:nowrap\"><psicon pokemon=\"hydreigon\" \/>\/<\/span>&#8203;<span style=\"white-space:nowrap\"><psicon pokemon=\"volcarona\" \/>\/<\/span>&#8203;<span style=\"white-space:nowrap\"><psicon pokemon=\"druddigon\" \/>\/<\/span>&#8203;<span style=\"white-space:nowrap\"><psicon pokemon=\"zeraora\" \/><\/span>\n|raw|SetsuStsna's team:<br \/><span style=\"white-space:nowrap\"><psicon pokemon=\"weavile\" \/>\/<\/span>&#8203;<span style=\"white-space:nowrap\"><psicon pokemon=\"landorustherian\" \/>\/<\/span>&#8203;<span style=\"white-space:nowrap\"><psicon pokemon=\"kartana\" \/>\/<\/span>&#8203;<span style=\"white-space:nowrap\"><psicon pokemon=\"zapdos\" \/>\/<\/span>&#8203;<span style=\"white-space:nowrap\"><psicon pokemon=\"volcanion\" \/>\/<\/span>&#8203;<span style=\"white-space:nowrap\"><psicon pokemon=\"registeel\" \/><\/span>\n|c|%Mimikyu Stardust|roost\n|c|%Mimikyu Stardust|togekiss\n|c|%Mimikyu Stardust|togekiss\n|\n|t:|1652405968\n|switch|p2a: Volcanion|Volcanion|100\/100\n|-damage|p2a: Volcanion|76\/100|[from] Stealth Rock\n|move|p1a: Yuki|Double Iron Bash|p2a: Volcanion\n|-resisted|p2a: Volcanion\n|-damage|p2a: Volcanion|66\/100\n|-resisted|p2a: Volcanion\n|-damage|p2a: Volcanion|56\/100\n|-hitcount|p2a: Volcanion|2\n|\n|upkeep\n|turn|7\n|raw|htcl (>\u25e1<)'s team:<br \/><span style=\"white-space:nowrap\"><psicon pokemon=\"melmetal\" \/>\/<\/span>&#8203;<span style=\"white-space:nowrap\"><psicon pokemon=\"togekiss\" \/>\/<\/span>&#8203;<span style=\"white-space:nowrap\"><psicon pokemon=\"hydreigon\" \/>\/<\/span>&#8203;<span style=\"white-space:nowrap\"><psicon pokemon=\"volcarona\" \/>\/<\/span>&#8203;<span style=\"white-space:nowrap\"><psicon pokemon=\"druddigon\" \/>\/<\/span>&#8203;<span style=\"white-space:nowrap\"><psicon pokemon=\"zeraora\" \/><\/span>\n|raw|SetsuStsna's team:<br \/><span style=\"white-space:nowrap\"><psicon pokemon=\"volcanion\" \/>\/<\/span>&#8203;<span style=\"white-space:nowrap\"><psicon pokemon=\"landorustherian\" \/>\/<\/span>&#8203;<span style=\"white-space:nowrap\"><psicon pokemon=\"kartana\" \/>\/<\/span>&#8203;<span style=\"white-space:nowrap\"><psicon pokemon=\"zapdos\" \/>\/<\/span>&#8203;<span style=\"white-space:nowrap\"><psicon pokemon=\"weavile\" \/>\/<\/span>&#8203;<span style=\"white-space:nowrap\"><psicon pokemon=\"registeel\" \/><\/span>\n|c|%Mimikyu Stardust|togekiss\n|c|\u2606htcl (>\u25e1<)|no\n|c|%Mimikyu Stardust|togekiss\n|c|\u2606htcl (>\u25e1<)|oh\n|c|\u2606htcl (>\u25e1<)|wtf\n|c|%Mimikyu Stardust|???????????\n|\n|t:|1652405981\n|switch|p1a: Akane|Druddigon, F|50\/100\n|-ability|p1a: Akane|Mold Breaker\n|move|p2a: Volcanion|Steam Eruption|p1a: Akane\n|-resisted|p1a: Akane\n|-damage|p1a: Akane|5\/100\n|\n|upkeep\n|turn|8\n|raw|htcl (>\u25e1<)'s team:<br \/><span style=\"white-space:nowrap\"><psicon pokemon=\"druddigon\" \/>\/<\/span>&#8203;<span style=\"white-space:nowrap\"><psicon pokemon=\"togekiss\" \/>\/<\/span>&#8203;<span style=\"white-space:nowrap\"><psicon pokemon=\"hydreigon\" \/>\/<\/span>&#8203;<span style=\"white-space:nowrap\"><psicon pokemon=\"volcarona\" \/>\/<\/span>&#8203;<span style=\"white-space:nowrap\"><psicon pokemon=\"melmetal\" \/>\/<\/span>&#8203;<span style=\"white-space:nowrap\"><psicon pokemon=\"zeraora\" \/><\/span>\n|raw|SetsuStsna's team:<br \/><span style=\"white-space:nowrap\"><psicon pokemon=\"volcanion\" \/>\/<\/span>&#8203;<span style=\"white-space:nowrap\"><psicon pokemon=\"landorustherian\" \/>\/<\/span>&#8203;<span style=\"white-space:nowrap\"><psicon pokemon=\"kartana\" \/>\/<\/span>&#8203;<span style=\"white-space:nowrap\"><psicon pokemon=\"zapdos\" \/>\/<\/span>&#8203;<span style=\"white-space:nowrap\"><psicon pokemon=\"weavile\" \/>\/<\/span>&#8203;<span style=\"white-space:nowrap\"><psicon pokemon=\"registeel\" \/><\/span>\n|c|\u2606htcl (>\u25e1<)|its fine\n|\n|t:|1652405988\n|move|p2a: Volcanion|Steam Eruption|p1a: Akane|[miss]\n|-miss|p2a: Volcanion|p1a: Akane\n|move|p1a: Akane|Glare|p2a: Volcanion\n|-status|p2a: Volcanion|par\n|\n|upkeep\n|turn|9\n|raw|htcl (>\u25e1<)'s team:<br \/><span style=\"white-space:nowrap\"><psicon pokemon=\"druddigon\" \/>\/<\/span>&#8203;<span style=\"white-space:nowrap\"><psicon pokemon=\"togekiss\" \/>\/<\/span>&#8203;<span style=\"white-space:nowrap\"><psicon pokemon=\"hydreigon\" \/>\/<\/span>&#8203;<span style=\"white-space:nowrap\"><psicon pokemon=\"volcarona\" \/>\/<\/span>&#8203;<span style=\"white-space:nowrap\"><psicon pokemon=\"melmetal\" \/>\/<\/span>&#8203;<span style=\"white-space:nowrap\"><psicon pokemon=\"zeraora\" \/><\/span>\n|raw|SetsuStsna's team:<br \/><span style=\"white-space:nowrap\"><psicon pokemon=\"volcanion\" \/>\/<\/span>&#8203;<span style=\"white-space:nowrap\"><psicon pokemon=\"landorustherian\" \/>\/<\/span>&#8203;<span style=\"white-space:nowrap\"><psicon pokemon=\"kartana\" \/>\/<\/span>&#8203;<span style=\"white-space:nowrap\"><psicon pokemon=\"zapdos\" \/>\/<\/span>&#8203;<span style=\"white-space:nowrap\"><psicon pokemon=\"weavile\" \/>\/<\/span>&#8203;<span style=\"white-space:nowrap\"><psicon pokemon=\"registeel\" \/><\/span>\n|j| FavMon=Garchomp\n|c|\u2606htcl (>\u25e1<)|see\n|c|\u2606htcl (>\u25e1<)|rewarded\n|c|\u2606SetsuStsna|lmao\n|\n|t:|1652405994\n|move|p1a: Akane|Gunk Shot|p2a: Volcanion\n|-crit|p2a: Volcanion\n|-damage|p2a: Volcanion|6\/100 par\n|cant|p2a: Volcanion|par\n|\n|upkeep\n|turn|10\n|raw|htcl (>\u25e1<)'s team:<br \/><span style=\"white-space:nowrap\"><psicon pokemon=\"druddigon\" \/>\/<\/span>&#8203;<span style=\"white-space:nowrap\"><psicon pokemon=\"togekiss\" \/>\/<\/span>&#8203;<span style=\"white-space:nowrap\"><psicon pokemon=\"hydreigon\" \/>\/<\/span>&#8203;<span style=\"white-space:nowrap\"><psicon pokemon=\"volcarona\" \/>\/<\/span>&#8203;<span style=\"white-space:nowrap\"><psicon pokemon=\"melmetal\" \/>\/<\/span>&#8203;<span style=\"white-space:nowrap\"><psicon pokemon=\"zeraora\" \/><\/span>\n|raw|SetsuStsna's team:<br \/><span style=\"white-space:nowrap\"><psicon pokemon=\"volcanion\" \/>\/<\/span>&#8203;<span style=\"white-space:nowrap\"><psicon pokemon=\"landorustherian\" \/>\/<\/span>&#8203;<span style=\"white-space:nowrap\"><psicon pokemon=\"kartana\" \/>\/<\/span>&#8203;<span style=\"white-space:nowrap\"><psicon pokemon=\"zapdos\" \/>\/<\/span>&#8203;<span style=\"white-space:nowrap\"><psicon pokemon=\"weavile\" \/>\/<\/span>&#8203;<span style=\"white-space:nowrap\"><psicon pokemon=\"registeel\" \/><\/span>\n|c| SmackPackt|ez\n|c|\u2606htcl (>\u25e1<)|damn\n|c|\u2606SetsuStsna|YO\n|c|\u2606htcl (>\u25e1<)|im kinda cracked\n|c| SmackPackt|lmao\n|c|%Mimikyu Stardust|htcl is bad\n|c|\u2606SetsuStsna|u r so bad lmao\n|c|%Mimikyu Stardust|but good\n|\n|t:|1652406006\n|switch|p2a: Zapdos|Zapdos|100\/100\n|move|p1a: Akane|Gunk Shot|p2a: Zapdos\n|-damage|p2a: Zapdos|60\/100\n|\n|upkeep\n|turn|11\n|raw|htcl (>\u25e1<)'s team:<br \/><span style=\"white-space:nowrap\"><psicon pokemon=\"druddigon\" \/>\/<\/span>&#8203;<span style=\"white-space:nowrap\"><psicon pokemon=\"togekiss\" \/>\/<\/span>&#8203;<span style=\"white-space:nowrap\"><psicon pokemon=\"hydreigon\" \/>\/<\/span>&#8203;<span style=\"white-space:nowrap\"><psicon pokemon=\"volcarona\" \/>\/<\/span>&#8203;<span style=\"white-space:nowrap\"><psicon pokemon=\"melmetal\" \/>\/<\/span>&#8203;<span style=\"white-space:nowrap\"><psicon pokemon=\"zeraora\" \/><\/span>\n|raw|SetsuStsna's team:<br \/><span style=\"white-space:nowrap\"><psicon pokemon=\"zapdos\" \/>\/<\/span>&#8203;<span style=\"white-space:nowrap\"><psicon pokemon=\"landorustherian\" \/>\/<\/span>&#8203;<span style=\"white-space:nowrap\"><psicon pokemon=\"kartana\" \/>\/<\/span>&#8203;<span style=\"white-space:nowrap\"><psicon pokemon=\"volcanion\" \/>\/<\/span>&#8203;<span style=\"white-space:nowrap\"><psicon pokemon=\"weavile\" \/>\/<\/span>&#8203;<span style=\"white-space:nowrap\"><psicon pokemon=\"registeel\" \/><\/span>\n|c|%Mimikyu Stardust|in the same time\n|c|%Mimikyu Stardust|ily htcl\n|\n|t:|1652406011\n|move|p2a: Zapdos|Hurricane|p1a: Akane\n|-damage|p1a: Akane|0 fnt\n|faint|p1a: Akane\n|poke|p2|Druddigon, F|\n|-message|Akane was captured by SetsuStsna!\n|\n|upkeep\n|c| SmackPackt|htcl is playing the hax team\n|\n|t:|1652406018\n|switch|p1a: Eve|Zeraora|100\/100\n|turn|12\n|raw|htcl (>\u25e1<)'s team:<br \/><span style=\"white-space:nowrap\"><psicon pokemon=\"zeraora\" \/>\/<\/span>&#8203;<span style=\"white-space:nowrap\"><psicon pokemon=\"togekiss\" \/>\/<\/span>&#8203;<span style=\"white-space:nowrap\"><psicon pokemon=\"hydreigon\" \/>\/<\/span>&#8203;<span style=\"white-space:nowrap\"><psicon pokemon=\"volcarona\" \/>\/<\/span>&#8203;<span style=\"white-space:nowrap\"><psicon pokemon=\"melmetal\" \/><\/span>\n|raw|SetsuStsna's team:<br \/><span style=\"white-space:nowrap\"><psicon pokemon=\"zapdos\" \/>\/<\/span>&#8203;<span style=\"white-space:nowrap\"><psicon pokemon=\"landorustherian\" \/>\/<\/span>&#8203;<span style=\"white-space:nowrap\"><psicon pokemon=\"kartana\" \/>\/<\/span>&#8203;<span style=\"white-space:nowrap\"><psicon pokemon=\"volcanion\" \/>\/<\/span>&#8203;<span style=\"white-space:nowrap\"><psicon pokemon=\"weavile\" \/>\/<\/span>&#8203;<span style=\"white-space:nowrap\"><psicon pokemon=\"registeel\" \/>\/<\/span>&#8203;<span style=\"white-space:nowrap\"><psicon pokemon=\"druddigon\" \/><\/span>\n|c|%Mimikyu Stardust|wanna go on a date\n|c| SmackPackt|idk what you guys expected\n|\n|t:|1652406023\n|switch|p2a: Volcanion|Volcanion|6\/100 par\n|-damage|p2a: Volcanion|0 fnt|[from] Stealth Rock\n|faint|p2a: Volcanion\n|move|p1a: Eve|Knock Off|p2: Volcanion|[notarget]\n|-fail|p1a: Eve\n|\n|upkeep\n|\n|t:|1652406028\n|switch|p2a: Registeel|Registeel|100\/100\n|-damage|p2a: Registeel|95\/100|[from] Stealth Rock\n|turn|13\n|raw|htcl (>\u25e1<)'s team:<br \/><span style=\"white-space:nowrap\"><psicon pokemon=\"zeraora\" \/>\/<\/span>&#8203;<span style=\"white-space:nowrap\"><psicon pokemon=\"togekiss\" \/>\/<\/span>&#8203;<span style=\"white-space:nowrap\"><psicon pokemon=\"hydreigon\" \/>\/<\/span>&#8203;<span style=\"white-space:nowrap\"><psicon pokemon=\"volcarona\" \/>\/<\/span>&#8203;<span style=\"white-space:nowrap\"><psicon pokemon=\"melmetal\" \/><\/span>\n|raw|SetsuStsna's team:<br \/><span style=\"white-space:nowrap\"><psicon pokemon=\"registeel\" \/>\/<\/span>&#8203;<span style=\"white-space:nowrap\"><psicon pokemon=\"landorustherian\" \/>\/<\/span>&#8203;<span style=\"white-space:nowrap\"><psicon pokemon=\"kartana\" \/>\/<\/span>&#8203;<span style=\"white-space:nowrap\"><psicon pokemon=\"zapdos\" \/>\/<\/span>&#8203;<span style=\"white-space:nowrap\"><psicon pokemon=\"weavile\" \/>\/<\/span>&#8203;<span style=\"white-space:nowrap;\"><span style=\"opacity:.3\"><psicon pokemon=\"volcanion\" \/><\/span>\/<\/span>&#8203;<span style=\"white-space:nowrap\"><psicon pokemon=\"druddigon\" \/><\/span>\n|\n|t:|1652406035\n|switch|p1a: Momo|Togekiss, M|100\/100\n|move|p2a: Registeel|Earthquake|p1a: Momo\n|-immune|p1a: Momo\n|\n|upkeep\n|turn|14\n|raw|htcl (>\u25e1<)'s team:<br \/><span style=\"white-space:nowrap\"><psicon pokemon=\"togekiss\" \/>\/<\/span>&#8203;<span style=\"white-space:nowrap\"><psicon pokemon=\"zeraora\" \/>\/<\/span>&#8203;<span style=\"white-space:nowrap\"><psicon pokemon=\"hydreigon\" \/>\/<\/span>&#8203;<span style=\"white-space:nowrap\"><psicon pokemon=\"volcarona\" \/>\/<\/span>&#8203;<span style=\"white-space:nowrap\"><psicon pokemon=\"melmetal\" \/><\/span>\n|raw|SetsuStsna's team:<br \/><span style=\"white-space:nowrap\"><psicon pokemon=\"registeel\" \/>\/<\/span>&#8203;<span style=\"white-space:nowrap\"><psicon pokemon=\"landorustherian\" \/>\/<\/span>&#8203;<span style=\"white-space:nowrap\"><psicon pokemon=\"kartana\" \/>\/<\/span>&#8203;<span style=\"white-space:nowrap\"><psicon pokemon=\"zapdos\" \/>\/<\/span>&#8203;<span style=\"white-space:nowrap\"><psicon pokemon=\"weavile\" \/>\/<\/span>&#8203;<span style=\"white-space:nowrap;\"><span style=\"opacity:.3\"><psicon pokemon=\"volcanion\" \/><\/span>\/<\/span>&#8203;<span style=\"white-space:nowrap\"><psicon pokemon=\"druddigon\" \/><\/span>\n|c|\u2606htcl (>\u25e1<)|wtf\n|c|\u2606SetsuStsna|r u crazy?\n|c|\u2606htcl (>\u25e1<)|i thought u were\n|c| OUTW Geomancy|sacking the wincon\n|c| SmackPackt|flinch it down.\n|c|\u2606htcl (>\u25e1<)|the body press set\n|c|\u2606htcl (>\u25e1<)|hello\n|c|%Mimikyu Stardust|slash\n|c|%Mimikyu Stardust|slash\n|c|%Mimikyu Stardust|slash\n|c|%Mimikyu Stardust|slash\n|c|%Mimikyu Stardust|slash\n|c| Me Nub Spare Me|NO SPAMMING OR BAN\n|inactive|SetsuStsna has 120 seconds left.\n|c| OUTW Geomancy|so true\n|c|\u2606htcl (>\u25e1<)|wait so what set are you\n|c|\u2606htcl (>\u25e1<)|is this cb\n|c|\u2606htcl (>\u25e1<)|???\n|\n|t:|1652406077\n|switch|p2a: Akane|Druddigon, F|76\/100\n|-damage|p2a: Akane|63\/100|[from] Stealth Rock\n|-ability|p2a: Akane|Mold Breaker\n|move|p1a: Momo|Air Slash|p2a: Akane\n|-damage|p2a: Akane|25\/100\n|\n|upkeep\n|turn|15\n|raw|htcl (>\u25e1<)'s team:<br \/><span style=\"white-space:nowrap\"><psicon pokemon=\"togekiss\" \/>\/<\/span>&#8203;<span style=\"white-space:nowrap\"><psicon pokemon=\"zeraora\" \/>\/<\/span>&#8203;<span style=\"white-space:nowrap\"><psicon pokemon=\"hydreigon\" \/>\/<\/span>&#8203;<span style=\"white-space:nowrap\"><psicon pokemon=\"volcarona\" \/>\/<\/span>&#8203;<span style=\"white-space:nowrap\"><psicon pokemon=\"melmetal\" \/><\/span>\n|raw|SetsuStsna's team:<br \/><span style=\"white-space:nowrap\"><psicon pokemon=\"druddigon\" \/>\/<\/span>&#8203;<span style=\"white-space:nowrap\"><psicon pokemon=\"landorustherian\" \/>\/<\/span>&#8203;<span style=\"white-space:nowrap\"><psicon pokemon=\"kartana\" \/>\/<\/span>&#8203;<span style=\"white-space:nowrap\"><psicon pokemon=\"zapdos\" \/>\/<\/span>&#8203;<span style=\"white-space:nowrap\"><psicon pokemon=\"weavile\" \/>\/<\/span>&#8203;<span style=\"white-space:nowrap;\"><span style=\"opacity:.3\"><psicon pokemon=\"volcanion\" \/><\/span>\/<\/span>&#8203;<span style=\"white-space:nowrap\"><psicon pokemon=\"registeel\" \/><\/span>\n|\n|t:|1652406080\n|switch|p2a: Registeel|Registeel|95\/100\n|-damage|p2a: Registeel|89\/100|[from] Stealth Rock\n|move|p1a: Momo|Air Slash|p2a: Registeel\n|-resisted|p2a: Registeel\n|-damage|p2a: Registeel|73\/100\n|\n|upkeep\n|turn|16\n|raw|htcl (>\u25e1<)'s team:<br \/><span style=\"white-space:nowrap\"><psicon pokemon=\"togekiss\" \/>\/<\/span>&#8203;<span style=\"white-space:nowrap\"><psicon pokemon=\"zeraora\" \/>\/<\/span>&#8203;<span style=\"white-space:nowrap\"><psicon pokemon=\"hydreigon\" \/>\/<\/span>&#8203;<span style=\"white-space:nowrap\"><psicon pokemon=\"volcarona\" \/>\/<\/span>&#8203;<span style=\"white-space:nowrap\"><psicon pokemon=\"melmetal\" \/><\/span>\n|raw|SetsuStsna's team:<br \/><span style=\"white-space:nowrap\"><psicon pokemon=\"registeel\" \/>\/<\/span>&#8203;<span style=\"white-space:nowrap\"><psicon pokemon=\"landorustherian\" \/>\/<\/span>&#8203;<span style=\"white-space:nowrap\"><psicon pokemon=\"kartana\" \/>\/<\/span>&#8203;<span style=\"white-space:nowrap\"><psicon pokemon=\"zapdos\" \/>\/<\/span>&#8203;<span style=\"white-space:nowrap\"><psicon pokemon=\"weavile\" \/>\/<\/span>&#8203;<span style=\"white-space:nowrap;\"><span style=\"opacity:.3\"><psicon pokemon=\"volcanion\" \/><\/span>\/<\/span>&#8203;<span style=\"white-space:nowrap\"><psicon pokemon=\"druddigon\" \/><\/span>\n|c| OUTW Geomancy|its probably the gen 7 randbats set\n|\n|t:|1652406086\n|switch|p1a: Pink Valentine|Volcarona, M|100\/100\n|move|p2a: Registeel|Heavy Slam|p1a: Pink Valentine\n|-resisted|p1a: Pink Valentine\n|-damage|p1a: Pink Valentine|71\/100\n|-status|p2a: Registeel|brn|[from] ability: Flame Body|[of] p1a: Pink Valentine\n|\n|-damage|p2a: Registeel|67\/100 brn|[from] brn\n|upkeep\n|turn|17\n|raw|htcl (>\u25e1<)'s team:<br \/><span style=\"white-space:nowrap\"><psicon pokemon=\"volcarona\" \/>\/<\/span>&#8203;<span style=\"white-space:nowrap\"><psicon pokemon=\"zeraora\" \/>\/<\/span>&#8203;<span style=\"white-space:nowrap\"><psicon pokemon=\"hydreigon\" \/>\/<\/span>&#8203;<span style=\"white-space:nowrap\"><psicon pokemon=\"togekiss\" \/>\/<\/span>&#8203;<span style=\"white-space:nowrap\"><psicon pokemon=\"melmetal\" \/><\/span>\n|raw|SetsuStsna's team:<br \/><span style=\"white-space:nowrap\"><psicon pokemon=\"registeel\" \/>\/<\/span>&#8203;<span style=\"white-space:nowrap\"><psicon pokemon=\"landorustherian\" \/>\/<\/span>&#8203;<span style=\"white-space:nowrap\"><psicon pokemon=\"kartana\" \/>\/<\/span>&#8203;<span style=\"white-space:nowrap\"><psicon pokemon=\"zapdos\" \/>\/<\/span>&#8203;<span style=\"white-space:nowrap\"><psicon pokemon=\"weavile\" \/>\/<\/span>&#8203;<span style=\"white-space:nowrap;\"><span style=\"opacity:.3\"><psicon pokemon=\"volcanion\" \/><\/span>\/<\/span>&#8203;<span style=\"white-space:nowrap\"><psicon pokemon=\"druddigon\" \/><\/span>\n|c| OUTW Geomancy|rest\n|c|\u2606htcl (>\u25e1<)|damn\n|c| OUTW Geomancy|ihead\n|c|\u2606htcl (>\u25e1<)|im kinda\n|j| Boopi_Bappi\n|c|\u2606htcl (>\u25e1<)|good\n|c|\u2606htcl (>\u25e1<)|with it\n|c|\u2606SetsuStsna|broooo\n|c|\u2606SetsuStsna|i won\n|\n|t:|1652406101\n|switch|p2a: Uchicchi|Landorus-Therian, M|100\/100 par\n|-damage|p2a: Uchicchi|88\/100 par|[from] Stealth Rock\n|-ability|p2a: Uchicchi|Intimidate|boost\n|-unboost|p1a: Pink Valentine|atk|1\n|move|p1a: Pink Valentine|Quiver Dance|p1a: Pink Valentine\n|-boost|p1a: Pink Valentine|spa|1\n|-boost|p1a: Pink Valentine|spd|1\n|-boost|p1a: Pink Valentine|spe|1\n|\n|-heal|p2a: Uchicchi|94\/100 par|[from] item: Leftovers\n|upkeep\n|turn|18\n|raw|htcl (>\u25e1<)'s team:<br \/><span style=\"white-space:nowrap\"><psicon pokemon=\"volcarona\" \/>\/<\/span>&#8203;<span style=\"white-space:nowrap\"><psicon pokemon=\"zeraora\" \/>\/<\/span>&#8203;<span style=\"white-space:nowrap\"><psicon pokemon=\"hydreigon\" \/>\/<\/span>&#8203;<span style=\"white-space:nowrap\"><psicon pokemon=\"togekiss\" \/>\/<\/span>&#8203;<span style=\"white-space:nowrap\"><psicon pokemon=\"melmetal\" \/><\/span>\n|raw|SetsuStsna's team:<br \/><span style=\"white-space:nowrap\"><psicon pokemon=\"landorustherian\" \/>\/<\/span>&#8203;<span style=\"white-space:nowrap\"><psicon pokemon=\"registeel\" \/>\/<\/span>&#8203;<span style=\"white-space:nowrap\"><psicon pokemon=\"kartana\" \/>\/<\/span>&#8203;<span style=\"white-space:nowrap\"><psicon pokemon=\"zapdos\" \/>\/<\/span>&#8203;<span style=\"white-space:nowrap\"><psicon pokemon=\"weavile\" \/>\/<\/span>&#8203;<span style=\"white-space:nowrap;\"><span style=\"opacity:.3\"><psicon pokemon=\"volcanion\" \/><\/span>\/<\/span>&#8203;<span style=\"white-space:nowrap\"><psicon pokemon=\"druddigon\" \/><\/span>\n|c|%Mimikyu Stardust|doesnt this just\n|c|%Mimikyu Stardust|win\n|c|\u2606htcl (>\u25e1<)|full para\n|c|\u2606htcl (>\u25e1<)|on toxic\n|c|\u2606htcl (>\u25e1<)|rn\n|c|%Mimikyu Stardust|on the spot\n|\n|t:|1652406107\n|move|p1a: Pink Valentine|Flamethrower|p2a: Uchicchi\n|-damage|p2a: Uchicchi|50\/100 par\n|move|p2a: Uchicchi|Toxic|p1a: Pink Valentine\n|-status|p1a: Pink Valentine|tox\n|\n|-heal|p2a: Uchicchi|56\/100 par|[from] item: Leftovers\n|-damage|p1a: Pink Valentine|64\/100 tox|[from] psn\n|upkeep\n|turn|19\n|raw|htcl (>\u25e1<)'s team:<br \/><span style=\"white-space:nowrap\"><psicon pokemon=\"volcarona\" \/>\/<\/span>&#8203;<span style=\"white-space:nowrap\"><psicon pokemon=\"zeraora\" \/>\/<\/span>&#8203;<span style=\"white-space:nowrap\"><psicon pokemon=\"hydreigon\" \/>\/<\/span>&#8203;<span style=\"white-space:nowrap\"><psicon pokemon=\"togekiss\" \/>\/<\/span>&#8203;<span style=\"white-space:nowrap\"><psicon pokemon=\"melmetal\" \/><\/span>\n|raw|SetsuStsna's team:<br \/><span style=\"white-space:nowrap\"><psicon pokemon=\"landorustherian\" \/>\/<\/span>&#8203;<span style=\"white-space:nowrap\"><psicon pokemon=\"registeel\" \/>\/<\/span>&#8203;<span style=\"white-space:nowrap\"><psicon pokemon=\"kartana\" \/>\/<\/span>&#8203;<span style=\"white-space:nowrap\"><psicon pokemon=\"zapdos\" \/>\/<\/span>&#8203;<span style=\"white-space:nowrap\"><psicon pokemon=\"weavile\" \/>\/<\/span>&#8203;<span style=\"white-space:nowrap;\"><span style=\"opacity:.3\"><psicon pokemon=\"volcanion\" \/><\/span>\/<\/span>&#8203;<span style=\"white-space:nowrap\"><psicon pokemon=\"druddigon\" \/><\/span>\n|c|\u2606htcl (>\u25e1<)|lame\n|\n|t:|1652406113\n|move|p1a: Pink Valentine|Flamethrower|p2a: Uchicchi\n|-damage|p2a: Uchicchi|9\/100 par\n|cant|p2a: Uchicchi|par\n|\n|-heal|p2a: Uchicchi|15\/100 par|[from] item: Leftovers\n|-damage|p1a: Pink Valentine|52\/100 tox|[from] psn\n|upkeep\n|turn|20\n|raw|htcl (>\u25e1<)'s team:<br \/><span style=\"white-space:nowrap\"><psicon pokemon=\"volcarona\" \/>\/<\/span>&#8203;<span style=\"white-space:nowrap\"><psicon pokemon=\"zeraora\" \/>\/<\/span>&#8203;<span style=\"white-space:nowrap\"><psicon pokemon=\"hydreigon\" \/>\/<\/span>&#8203;<span style=\"white-space:nowrap\"><psicon pokemon=\"togekiss\" \/>\/<\/span>&#8203;<span style=\"white-space:nowrap\"><psicon pokemon=\"melmetal\" \/><\/span>\n|raw|SetsuStsna's team:<br \/><span style=\"white-space:nowrap\"><psicon pokemon=\"landorustherian\" \/>\/<\/span>&#8203;<span style=\"white-space:nowrap\"><psicon pokemon=\"registeel\" \/>\/<\/span>&#8203;<span style=\"white-space:nowrap\"><psicon pokemon=\"kartana\" \/>\/<\/span>&#8203;<span style=\"white-space:nowrap\"><psicon pokemon=\"zapdos\" \/>\/<\/span>&#8203;<span style=\"white-space:nowrap\"><psicon pokemon=\"weavile\" \/>\/<\/span>&#8203;<span style=\"white-space:nowrap;\"><span style=\"opacity:.3\"><psicon pokemon=\"volcanion\" \/><\/span>\/<\/span>&#8203;<span style=\"white-space:nowrap\"><psicon pokemon=\"druddigon\" \/><\/span>\n|c| OUTW Geomancy|44%\n|c|\u2606htcl (>\u25e1<)|honestly\n|c| OUTW Geomancy|wtf\n|c|\u2606htcl (>\u25e1<)|i'll take it\n|c|\u2606SetsuStsna|????????????????????????????????????????????????????????????????????????\n|c|\u2606htcl (>\u25e1<)|para was 1 turn too late\n|c|\u2606htcl (>\u25e1<)|but its fine\n|c|\u2606htcl (>\u25e1<)|good enough\n|\n|t:|1652406129\n|switch|p2a: Akane|Druddigon, F|25\/100\n|-damage|p2a: Akane|13\/100|[from] Stealth Rock\n|-ability|p2a: Akane|Mold Breaker\n|move|p1a: Pink Valentine|Flamethrower|p2a: Akane\n|-resisted|p2a: Akane\n|-damage|p2a: Akane|0 fnt\n|faint|p2a: Akane\n|poke|p1|Druddigon, F|\n|-message|Akane was captured by htcl (>\u25e1<)!\n|\n|-damage|p1a: Pink Valentine|33\/100 tox|[from] psn\n|upkeep\n|c|%Mimikyu Stardust|Setsu \"?????? SO BAD ??????????\" Stsna\n|\n|t:|1652406141\n|switch|p2a: Cornelia|Kartana, shiny|100\/100\n|-damage|p2a: Cornelia|94\/100|[from] Stealth Rock\n|turn|21\n|raw|htcl (>\u25e1<)'s team:<br \/><span style=\"white-space:nowrap\"><psicon pokemon=\"volcarona\" \/>\/<\/span>&#8203;<span style=\"white-space:nowrap\"><psicon pokemon=\"zeraora\" \/>\/<\/span>&#8203;<span style=\"white-space:nowrap\"><psicon pokemon=\"hydreigon\" \/>\/<\/span>&#8203;<span style=\"white-space:nowrap\"><psicon pokemon=\"togekiss\" \/>\/<\/span>&#8203;<span style=\"white-space:nowrap\"><psicon pokemon=\"melmetal\" \/>\/<\/span>&#8203;<span style=\"white-space:nowrap\"><psicon pokemon=\"druddigon\" \/><\/span>\n|raw|SetsuStsna's team:<br \/><span style=\"white-space:nowrap\"><psicon pokemon=\"kartana\" \/>\/<\/span>&#8203;<span style=\"white-space:nowrap\"><psicon pokemon=\"registeel\" \/>\/<\/span>&#8203;<span style=\"white-space:nowrap\"><psicon pokemon=\"zapdos\" \/>\/<\/span>&#8203;<span style=\"white-space:nowrap\"><psicon pokemon=\"weavile\" \/>\/<\/span>&#8203;<span style=\"white-space:nowrap;\"><span style=\"opacity:.3\"><psicon pokemon=\"volcanion\" \/><\/span>\/<\/span>&#8203;<span style=\"white-space:nowrap\"><psicon pokemon=\"landorustherian\" \/><\/span>\n|\n|t:|1652406144\n|move|p2a: Cornelia|Knock Off|p1a: Pink Valentine\n|-damage|p1a: Pink Valentine|0 fnt\n|-enditem|p1a: Pink Valentine|Heavy-Duty Boots|[from] move: Knock Off|[of] p2a: Cornelia\n|faint|p1a: Pink Valentine\n|poke|p2|Volcarona, M|\n|-message|Pink Valentine was captured by SetsuStsna!\n|-ability|p2a: Cornelia|Beast Boost|boost\n|-boost|p2a: Cornelia|atk|1\n|\n|upkeep\n|c|\u2606htcl (>\u25e1<)|wtf\n|c|\u2606SetsuStsna|bro\n|c|\u2606htcl (>\u25e1<)|he didn't get burnt\n|c|\u2606SetsuStsna|he haxxed\n|c| OUTW Geomancy|oh\n|c| OUTW Geomancy|owned\n|c|\u2606htcl (>\u25e1<)|how is this possible\n|c|\u2606SetsuStsna|every single one of my mons\n|c| OUTW Geomancy|skill issue?\n|c|%Mimikyu Stardust|hydrei\n|c|%Mimikyu Stardust|do it\n|\n|t:|1652406163\n|switch|p1a: Momo|Togekiss, M|100\/100\n|turn|22\n|raw|htcl (>\u25e1<)'s team:<br \/><span style=\"white-space:nowrap\"><psicon pokemon=\"togekiss\" \/>\/<\/span>&#8203;<span style=\"white-space:nowrap\"><psicon pokemon=\"zeraora\" \/>\/<\/span>&#8203;<span style=\"white-space:nowrap\"><psicon pokemon=\"hydreigon\" \/>\/<\/span>&#8203;<span style=\"white-space:nowrap\"><psicon pokemon=\"melmetal\" \/>\/<\/span>&#8203;<span style=\"white-space:nowrap\"><psicon pokemon=\"druddigon\" \/><\/span>\n|raw|SetsuStsna's team:<br \/><span style=\"white-space:nowrap\"><psicon pokemon=\"kartana\" \/>\/<\/span>&#8203;<span style=\"white-space:nowrap\"><psicon pokemon=\"registeel\" \/>\/<\/span>&#8203;<span style=\"white-space:nowrap\"><psicon pokemon=\"zapdos\" \/>\/<\/span>&#8203;<span style=\"white-space:nowrap\"><psicon pokemon=\"weavile\" \/>\/<\/span>&#8203;<span style=\"white-space:nowrap;\"><span style=\"opacity:.3\"><psicon pokemon=\"volcanion\" \/><\/span>\/<\/span>&#8203;<span style=\"white-space:nowrap\"><psicon pokemon=\"landorustherian\" \/>\/<\/span>&#8203;<span style=\"white-space:nowrap\"><psicon pokemon=\"volcarona\" \/><\/span>\n|c| OUTW Geomancy|hydreigon dies\n|c|\u2606htcl (>\u25e1<)|absolutely not Mimikyu Stardust\n|c|\u2606htcl (>\u25e1<)|ghosting me the wrong play\n|c|\u2606htcl (>\u25e1<)|again\n|c|\u2606htcl (>\u25e1<)|smh\n|\n|t:|1652406183\n|move|p2a: Cornelia|Knock Off|p1a: Momo\n|-resisted|p1a: Momo\n|-damage|p1a: Momo|66\/100\n|-enditem|p1a: Momo|Choice Scarf|[from] move: Knock Off|[of] p2a: Cornelia\n|move|p1a: Momo|Flamethrower|p2a: Cornelia\n|-supereffective|p2a: Cornelia\n|-damage|p2a: Cornelia|0 fnt\n|faint|p2a: Cornelia\n|poke|p1|Kartana, shiny|\n|-message|Cornelia was captured by htcl (>\u25e1<)!\n|\n|upkeep\n|c|%Mimikyu Stardust|okay\n|c|%Mimikyu Stardust|you lost your scarf\n|c|%Mimikyu Stardust|enjoy your\n|c|\u2606htcl (>\u25e1<)|so?\n|c|\u2606htcl (>\u25e1<)|i didn't need it\n|c|%Mimikyu Stardust|weave answer\n|\n|t:|1652406197\n|switch|p2a: Weavile|Weavile, M|76\/100\n|-damage|p2a: Weavile|51\/100|[from] Stealth Rock\n|-ability|p2a: Weavile|Pressure\n|turn|23\n|raw|htcl (>\u25e1<)'s team:<br \/><span style=\"white-space:nowrap\"><psicon pokemon=\"togekiss\" \/>\/<\/span>&#8203;<span style=\"white-space:nowrap\"><psicon pokemon=\"zeraora\" \/>\/<\/span>&#8203;<span style=\"white-space:nowrap\"><psicon pokemon=\"hydreigon\" \/>\/<\/span>&#8203;<span style=\"white-space:nowrap\"><psicon pokemon=\"melmetal\" \/>\/<\/span>&#8203;<span style=\"white-space:nowrap\"><psicon pokemon=\"druddigon\" \/>\/<\/span>&#8203;<span style=\"white-space:nowrap\"><psicon pokemon=\"kartana\" \/><\/span>\n|raw|SetsuStsna's team:<br \/><span style=\"white-space:nowrap\"><psicon pokemon=\"weavile\" \/>\/<\/span>&#8203;<span style=\"white-space:nowrap\"><psicon pokemon=\"registeel\" \/>\/<\/span>&#8203;<span style=\"white-space:nowrap\"><psicon pokemon=\"zapdos\" \/>\/<\/span>&#8203;<span style=\"white-space:nowrap;\"><span style=\"opacity:.3\"><psicon pokemon=\"volcanion\" \/><\/span>\/<\/span>&#8203;<span style=\"white-space:nowrap\"><psicon pokemon=\"landorustherian\" \/>\/<\/span>&#8203;<span style=\"white-space:nowrap\"><psicon pokemon=\"volcarona\" \/><\/span>\n|c|\u2606htcl (>\u25e1<)|i have an entire\n|c|\u2606htcl (>\u25e1<)|melmetal\n|c| OUTW Geomancy|at 50%\n|c| OUTW Geomancy|for sure\n|\n|t:|1652406205\n|switch|p1a: Yuki|Melmetal|50\/100\n|move|p2a: Weavile|Triple Axel|p1a: Yuki\n|-resisted|p1a: Yuki\n|-damage|p1a: Yuki|45\/100\n|-resisted|p1a: Yuki\n|-damage|p1a: Yuki|34\/100\n|-resisted|p1a: Yuki\n|-damage|p1a: Yuki|21\/100\n|-hitcount|p1a: Yuki|3\n|\n|upkeep\n|turn|24\n|raw|htcl (>\u25e1<)'s team:<br \/><span style=\"white-space:nowrap\"><psicon pokemon=\"melmetal\" \/>\/<\/span>&#8203;<span style=\"white-space:nowrap\"><psicon pokemon=\"zeraora\" \/>\/<\/span>&#8203;<span style=\"white-space:nowrap\"><psicon pokemon=\"hydreigon\" \/>\/<\/span>&#8203;<span style=\"white-space:nowrap\"><psicon pokemon=\"togekiss\" \/>\/<\/span>&#8203;<span style=\"white-space:nowrap\"><psicon pokemon=\"druddigon\" \/>\/<\/span>&#8203;<span style=\"white-space:nowrap\"><psicon pokemon=\"kartana\" \/><\/span>\n|raw|SetsuStsna's team:<br \/><span style=\"white-space:nowrap\"><psicon pokemon=\"weavile\" \/>\/<\/span>&#8203;<span style=\"white-space:nowrap\"><psicon pokemon=\"registeel\" \/>\/<\/span>&#8203;<span style=\"white-space:nowrap\"><psicon pokemon=\"zapdos\" \/>\/<\/span>&#8203;<span style=\"white-space:nowrap;\"><span style=\"opacity:.3\"><psicon pokemon=\"volcanion\" \/><\/span>\/<\/span>&#8203;<span style=\"white-space:nowrap\"><psicon pokemon=\"landorustherian\" \/>\/<\/span>&#8203;<span style=\"white-space:nowrap\"><psicon pokemon=\"volcarona\" \/><\/span>\n|c|\u2606htcl (>\u25e1<)|oh wtf\n|c|\u2606htcl (>\u25e1<)|why does that do so much\n|c|\u2606htcl (>\u25e1<)|miss\n|\n|t:|1652406214\n|move|p2a: Weavile|Triple Axel|p1a: Yuki\n|-resisted|p1a: Yuki\n|-damage|p1a: Yuki|16\/100\n|-resisted|p1a: Yuki\n|-damage|p1a: Yuki|6\/100\n|-resisted|p1a: Yuki\n|-damage|p1a: Yuki|0 fnt\n|faint|p1a: Yuki\n|poke|p2|Melmetal|\n|-message|Yuki was captured by SetsuStsna!\n|-hitcount|p1: Yuki|3\n|\n|upkeep\n|\n|t:|1652406221\n|switch|p1a: Cornelia|Kartana, shiny|76\/100\n|turn|25\n|raw|htcl (>\u25e1<)'s team:<br \/><span style=\"white-space:nowrap\"><psicon pokemon=\"kartana\" \/>\/<\/span>&#8203;<span style=\"white-space:nowrap\"><psicon pokemon=\"zeraora\" \/>\/<\/span>&#8203;<span style=\"white-space:nowrap\"><psicon pokemon=\"hydreigon\" \/>\/<\/span>&#8203;<span style=\"white-space:nowrap\"><psicon pokemon=\"togekiss\" \/>\/<\/span>&#8203;<span style=\"white-space:nowrap\"><psicon pokemon=\"druddigon\" \/><\/span>\n|raw|SetsuStsna's team:<br \/><span style=\"white-space:nowrap\"><psicon pokemon=\"weavile\" \/>\/<\/span>&#8203;<span style=\"white-space:nowrap\"><psicon pokemon=\"registeel\" \/>\/<\/span>&#8203;<span style=\"white-space:nowrap\"><psicon pokemon=\"zapdos\" \/>\/<\/span>&#8203;<span style=\"white-space:nowrap;\"><span style=\"opacity:.3\"><psicon pokemon=\"volcanion\" \/><\/span>\/<\/span>&#8203;<span style=\"white-space:nowrap\"><psicon pokemon=\"landorustherian\" \/>\/<\/span>&#8203;<span style=\"white-space:nowrap\"><psicon pokemon=\"volcarona\" \/>\/<\/span>&#8203;<span style=\"white-space:nowrap\"><psicon pokemon=\"melmetal\" \/><\/span>\n|c|\u2606htcl (>\u25e1<)|its fine\n|c|%Mimikyu Stardust|how htcl lost\n|c|\u2606htcl (>\u25e1<)|i have kartana now\n|\n|t:|1652406231\n|switch|p2a: Zapdos|Zapdos|60\/100\n|move|p1a: Cornelia|Sacred Sword|p2a: Zapdos\n|-resisted|p2a: Zapdos\n|-damage|p2a: Zapdos|38\/100\n|\n|upkeep\n|turn|26\n|raw|htcl (>\u25e1<)'s team:<br \/><span style=\"white-space:nowrap\"><psicon pokemon=\"kartana\" \/>\/<\/span>&#8203;<span style=\"white-space:nowrap\"><psicon pokemon=\"zeraora\" \/>\/<\/span>&#8203;<span style=\"white-space:nowrap\"><psicon pokemon=\"hydreigon\" \/>\/<\/span>&#8203;<span style=\"white-space:nowrap\"><psicon pokemon=\"togekiss\" \/>\/<\/span>&#8203;<span style=\"white-space:nowrap\"><psicon pokemon=\"druddigon\" \/><\/span>\n|raw|SetsuStsna's team:<br \/><span style=\"white-space:nowrap\"><psicon pokemon=\"zapdos\" \/>\/<\/span>&#8203;<span style=\"white-space:nowrap\"><psicon pokemon=\"registeel\" \/>\/<\/span>&#8203;<span style=\"white-space:nowrap\"><psicon pokemon=\"weavile\" \/>\/<\/span>&#8203;<span style=\"white-space:nowrap;\"><span style=\"opacity:.3\"><psicon pokemon=\"volcanion\" \/><\/span>\/<\/span>&#8203;<span style=\"white-space:nowrap\"><psicon pokemon=\"landorustherian\" \/>\/<\/span>&#8203;<span style=\"white-space:nowrap\"><psicon pokemon=\"volcarona\" \/>\/<\/span>&#8203;<span style=\"white-space:nowrap\"><psicon pokemon=\"melmetal\" \/><\/span>\n|\n|t:|1652406240\n|switch|p1a: Eve|Zeraora|100\/100\n|move|p2a: Zapdos|Roost|p2a: Zapdos\n|-heal|p2a: Zapdos|88\/100\n|-singleturn|p2a: Zapdos|move: Roost\n|\n|upkeep\n|turn|27\n|raw|htcl (>\u25e1<)'s team:<br \/><span style=\"white-space:nowrap\"><psicon pokemon=\"zeraora\" \/>\/<\/span>&#8203;<span style=\"white-space:nowrap\"><psicon pokemon=\"kartana\" \/>\/<\/span>&#8203;<span style=\"white-space:nowrap\"><psicon pokemon=\"hydreigon\" \/>\/<\/span>&#8203;<span style=\"white-space:nowrap\"><psicon pokemon=\"togekiss\" \/>\/<\/span>&#8203;<span style=\"white-space:nowrap\"><psicon pokemon=\"druddigon\" \/><\/span>\n|raw|SetsuStsna's team:<br \/><span style=\"white-space:nowrap\"><psicon pokemon=\"zapdos\" \/>\/<\/span>&#8203;<span style=\"white-space:nowrap\"><psicon pokemon=\"registeel\" \/>\/<\/span>&#8203;<span style=\"white-space:nowrap\"><psicon pokemon=\"weavile\" \/>\/<\/span>&#8203;<span style=\"white-space:nowrap;\"><span style=\"opacity:.3\"><psicon pokemon=\"volcanion\" \/><\/span>\/<\/span>&#8203;<span style=\"white-space:nowrap\"><psicon pokemon=\"landorustherian\" \/>\/<\/span>&#8203;<span style=\"white-space:nowrap\"><psicon pokemon=\"volcarona\" \/>\/<\/span>&#8203;<span style=\"white-space:nowrap\"><psicon pokemon=\"melmetal\" \/><\/span>\n|\n|t:|1652406245\n|switch|p2a: Uchicchi|Landorus-Therian, M|15\/100 par\n|-damage|p2a: Uchicchi|3\/100 par|[from] Stealth Rock\n|-ability|p2a: Uchicchi|Intimidate|boost\n|-unboost|p1a: Eve|atk|1\n|move|p1a: Eve|Bulk Up|p1a: Eve\n|-boost|p1a: Eve|atk|1\n|-boost|p1a: Eve|def|1\n|\n|-heal|p2a: Uchicchi|9\/100 par|[from] item: Leftovers\n|upkeep\n|turn|28\n|raw|htcl (>\u25e1<)'s team:<br \/><span style=\"white-space:nowrap\"><psicon pokemon=\"zeraora\" \/>\/<\/span>&#8203;<span style=\"white-space:nowrap\"><psicon pokemon=\"kartana\" \/>\/<\/span>&#8203;<span style=\"white-space:nowrap\"><psicon pokemon=\"hydreigon\" \/>\/<\/span>&#8203;<span style=\"white-space:nowrap\"><psicon pokemon=\"togekiss\" \/>\/<\/span>&#8203;<span style=\"white-space:nowrap\"><psicon pokemon=\"druddigon\" \/><\/span>\n|raw|SetsuStsna's team:<br \/><span style=\"white-space:nowrap\"><psicon pokemon=\"landorustherian\" \/>\/<\/span>&#8203;<span style=\"white-space:nowrap\"><psicon pokemon=\"registeel\" \/>\/<\/span>&#8203;<span style=\"white-space:nowrap\"><psicon pokemon=\"weavile\" \/>\/<\/span>&#8203;<span style=\"white-space:nowrap;\"><span style=\"opacity:.3\"><psicon pokemon=\"volcanion\" \/><\/span>\/<\/span>&#8203;<span style=\"white-space:nowrap\"><psicon pokemon=\"zapdos\" \/>\/<\/span>&#8203;<span style=\"white-space:nowrap\"><psicon pokemon=\"volcarona\" \/>\/<\/span>&#8203;<span style=\"white-space:nowrap\"><psicon pokemon=\"melmetal\" \/><\/span>\n|\n|t:|1652406251\n|switch|p2a: Registeel|Registeel|67\/100 brn\n|-damage|p2a: Registeel|61\/100 brn|[from] Stealth Rock\n|move|p1a: Eve|Knock Off|p2a: Registeel\n|-damage|p2a: Registeel|36\/100 brn\n|-enditem|p2a: Registeel|Choice Band|[from] move: Knock Off|[of] p1a: Eve\n|\n|-damage|p2a: Registeel|30\/100 brn|[from] brn\n|upkeep\n|turn|29\n|raw|htcl (>\u25e1<)'s team:<br \/><span style=\"white-space:nowrap\"><psicon pokemon=\"zeraora\" \/>\/<\/span>&#8203;<span style=\"white-space:nowrap\"><psicon pokemon=\"kartana\" \/>\/<\/span>&#8203;<span style=\"white-space:nowrap\"><psicon pokemon=\"hydreigon\" \/>\/<\/span>&#8203;<span style=\"white-space:nowrap\"><psicon pokemon=\"togekiss\" \/>\/<\/span>&#8203;<span style=\"white-space:nowrap\"><psicon pokemon=\"druddigon\" \/><\/span>\n|raw|SetsuStsna's team:<br \/><span style=\"white-space:nowrap\"><psicon pokemon=\"registeel\" \/>\/<\/span>&#8203;<span style=\"white-space:nowrap\"><psicon pokemon=\"landorustherian\" \/>\/<\/span>&#8203;<span style=\"white-space:nowrap\"><psicon pokemon=\"weavile\" \/>\/<\/span>&#8203;<span style=\"white-space:nowrap;\"><span style=\"opacity:.3\"><psicon pokemon=\"volcanion\" \/><\/span>\/<\/span>&#8203;<span style=\"white-space:nowrap\"><psicon pokemon=\"zapdos\" \/>\/<\/span>&#8203;<span style=\"white-space:nowrap\"><psicon pokemon=\"volcarona\" \/>\/<\/span>&#8203;<span style=\"white-space:nowrap\"><psicon pokemon=\"melmetal\" \/><\/span>\n|\n|t:|1652406253\n|switch|p2a: Uchicchi|Landorus-Therian, M|9\/100 par\n|-damage|p2a: Uchicchi|0 fnt|[from] Stealth Rock\n|faint|p2a: Uchicchi\n|move|p1a: Eve|Bulk Up|p1a: Eve\n|-boost|p1a: Eve|atk|1\n|-boost|p1a: Eve|def|1\n|\n|upkeep\n|c|\u2606htcl (>\u25e1<)|another clean one\n|c|\u2606htcl (>\u25e1<)|with zeraora\n|inactive|SetsuStsna has 120 seconds left.\n|\n|t:|1652406289\n|switch|p2a: Pink Valentine|Volcarona, M|76\/100\n|-damage|p2a: Pink Valentine|26\/100|[from] Stealth Rock\n|turn|30\n|raw|htcl (>\u25e1<)'s team:<br \/><span style=\"white-space:nowrap\"><psicon pokemon=\"zeraora\" \/>\/<\/span>&#8203;<span style=\"white-space:nowrap\"><psicon pokemon=\"kartana\" \/>\/<\/span>&#8203;<span style=\"white-space:nowrap\"><psicon pokemon=\"hydreigon\" \/>\/<\/span>&#8203;<span style=\"white-space:nowrap\"><psicon pokemon=\"togekiss\" \/>\/<\/span>&#8203;<span style=\"white-space:nowrap\"><psicon pokemon=\"druddigon\" \/><\/span>\n|raw|SetsuStsna's team:<br \/><span style=\"white-space:nowrap\"><psicon pokemon=\"volcarona\" \/>\/<\/span>&#8203;<span style=\"white-space:nowrap\"><psicon pokemon=\"registeel\" \/>\/<\/span>&#8203;<span style=\"white-space:nowrap\"><psicon pokemon=\"weavile\" \/>\/<\/span>&#8203;<span style=\"white-space:nowrap;\"><span style=\"opacity:.3\"><psicon pokemon=\"volcanion\" \/><\/span>\/<\/span>&#8203;<span style=\"white-space:nowrap\"><psicon pokemon=\"zapdos\" \/>\/<\/span>&#8203;<span style=\"white-space:nowrap;\"><span style=\"opacity:.3\"><psicon pokemon=\"landorustherian\" \/><\/span>\/<\/span>&#8203;<span style=\"white-space:nowrap\"><psicon pokemon=\"melmetal\" \/><\/span>\n|c|\u2606htcl (>\u25e1<)|unless\n|c|\u2606htcl (>\u25e1<)|this volc\n|c|\u2606htcl (>\u25e1<)|does the dirty\n|c|\u2606htcl (>\u25e1<)|on me\n|\n|t:|1652406298\n|move|p1a: Eve|Plasma Fists|p2a: Pink Valentine\n|-damage|p2a: Pink Valentine|0 fnt\n|-fieldactivate|move: Ion Deluge\n|-hint|Normal-type moves become Electric-type after using Plasma Fists.\n|faint|p2a: Pink Valentine\n|poke|p1|Volcarona, M|\n|-message|Pink Valentine was captured by htcl (>\u25e1<)!\n|\n|upkeep\n|c|\u2606htcl (>\u25e1<)|phew\n|c|\u2606SetsuStsna|well this was an experience\n|inactive|SetsuStsna has 120 seconds left.\n|c| Me Nub Spare Me|For some reason I cant stop thinking how cute Setsu's profile is\n|c| Me Nub Spare Me|XD\n|c|\u2606SetsuStsna|ggs bro\n|c|\u2606htcl (>\u25e1<)|gg\n|-message|SetsuStsna forfeited.\n|\n|win|htcl (>\u25e1<)\n|n|\u2606htcl (>\u25e1<)|htcl\n|n|\u2606SetsuStsna|setsustsna\n|n| SmackPackt|smackpackt\n|n| yaboiAshK.|yaboiashk\n|n| OUTW Geomancy|outwgeomancy\n|n| Me Nub Spare Me|menubspareme\n|n| Mimikyu Stardust|mimikyustardust\n|n| Marley Mai maiti|marleymaimaiti\n|n| FavMon=Garchomp|favmongarchomp\n|n| Boopi_Bappi|boopibappi\n|l|\u2606SetsuStsna\n|l| OUTW Geomancy\n|l| Mimikyu Stardust\n|l| Boopi_Bappi\n|l| Me Nub Spare Me\n","uploadtime":1652406317,"views":12,"p1id":"htcl","p2id":"setsustsna","formatid":"gen8crazyhouse","rating":0,"private":0,"password":null}