{"id":"gen8ou-1670431486","p1":"paquet2tresor","p2":"SkipTheDripBayless","format":"gen8ou","log":"|j|\u2606paquet2tresor\n|j|\u2606SkipTheDripBayless\n|t:|1663832843\n|gametype|singles\n|player|p1|paquet2tresor|dawn-gen4pt|1848\n|player|p2|SkipTheDripBayless|#roaladder|1913\n|teamsize|p1|6\n|teamsize|p2|6\n|gen|8\n|tier|[Gen 8] OU\n|rated|\n|rule|Sleep Clause Mod: Limit one foe put to sleep\n|rule|Species Clause: Limit one of each Pok\u00e9mon\n|rule|OHKO Clause: OHKO moves are banned\n|rule|Evasion Items Clause: Evasion items are banned\n|rule|Evasion Moves Clause: Evasion moves are banned\n|rule|Endless Battle Clause: Forcing endless battles is banned\n|rule|HP Percentage Mod: HP is shown in percentages\n|rule|Dynamax Clause: You cannot dynamax\n|clearpoke\n|poke|p1|Melmetal|\n|poke|p1|Heatran, M|\n|poke|p1|Dragapult, M|\n|poke|p1|Landorus-Therian, M|\n|poke|p1|Zapdos-Galar|\n|poke|p1|Rillaboom, F|\n|poke|p2|Tapu Lele|\n|poke|p2|Corviknight, F|\n|poke|p2|Chansey, F|\n|poke|p2|Mew|\n|poke|p2|Garchomp, M|\n|poke|p2|Buzzwole|\n|teampreview\n|inactive|Battle timer is ON: inactive players will automatically lose when time's up. (requested by SkipTheDripBayless)\n|inactive|paquet2tresor has 120 seconds left.\n|\n|t:|1663832879\n|start\n|switch|p1a: Dragapult|Dragapult, M|100\/100\n|switch|p2a: Tapu Lele|Tapu Lele|100\/100\n|-fieldstart|move: Psychic Terrain|[from] ability: Psychic Surge|[of] p2a: Tapu Lele\n|turn|1\n|\n|t:|1663832887\n|switch|p1a: Heatran|Heatran, M|100\/100\n|move|p2a: Tapu Lele|Focus Blast|p1a: Heatran\n|-supereffective|p1a: Heatran\n|-damage|p1a: Heatran|9\/100\n|\n|-heal|p1a: Heatran|15\/100|[from] item: Leftovers\n|upkeep\n|turn|2\n|\n|t:|1663832896\n|switch|p1a: Dragapult|Dragapult, M|100\/100\n|move|p2a: Tapu Lele|Focus Blast|p1a: Dragapult\n|-immune|p1a: Dragapult\n|\n|upkeep\n|turn|3\n|\n|t:|1663832900\n|switch|p1a: Heatran|Heatran, M|15\/100\n|move|p2a: Tapu Lele|Focus Blast|p1a: Heatran\n|-supereffective|p1a: Heatran\n|-damage|p1a: Heatran|0 fnt\n|faint|p1a: Heatran\n|\n|upkeep\n|j| jly8\n|\n|t:|1663832911\n|switch|p1a: Rillaboom|Rillaboom, F|100\/100\n|-fieldstart|move: Grassy Terrain|[from] ability: Grassy Surge|[of] p1a: Rillaboom\n|turn|4\n|\n|t:|1663832921\n|switch|p2a: Garchomp|Garchomp, M|100\/100\n|move|p1a: Rillaboom|Knock Off|p2a: Garchomp\n|-damage|p2a: Garchomp|75\/100\n|-damage|p1a: Rillaboom|88\/100|[from] ability: Rough Skin|[of] p2a: Garchomp\n|-damage|p1a: Rillaboom|72\/100|[from] item: Rocky Helmet|[of] p2a: Garchomp\n|-enditem|p2a: Garchomp|Rocky Helmet|[from] move: Knock Off|[of] p1a: Rillaboom\n|\n|-heal|p2a: Garchomp|81\/100|[from] Grassy Terrain\n|-heal|p1a: Rillaboom|78\/100|[from] Grassy Terrain\n|upkeep\n|turn|5\n|\n|t:|1663832927\n|move|p2a: Garchomp|Stealth Rock|p1a: Rillaboom\n|-sidestart|p1: paquet2tresor|move: Stealth Rock\n|move|p1a: Rillaboom|Wood Hammer|p2a: Garchomp\n|-damage|p2a: Garchomp|11\/100\n|-damage|p1a: Rillaboom|66\/100|[from] ability: Rough Skin|[of] p2a: Garchomp\n|-damage|p1a: Rillaboom|40\/100|[from] Recoil\n|\n|-heal|p2a: Garchomp|17\/100|[from] Grassy Terrain\n|-heal|p1a: Rillaboom|46\/100|[from] Grassy Terrain\n|upkeep\n|turn|6\n|\n|t:|1663832934\n|move|p1a: Rillaboom|Grassy Glide|p2a: Garchomp\n|-damage|p2a: Garchomp|0 fnt\n|-damage|p1a: Rillaboom|34\/100|[from] ability: Rough Skin|[of] p2a: Garchomp\n|faint|p2a: Garchomp\n|\n|-heal|p1a: Rillaboom|40\/100|[from] Grassy Terrain\n|upkeep\n|\n|t:|1663832941\n|switch|p2a: Buzzwole|Buzzwole|100\/100\n|turn|7\n|\n|t:|1663832944\n|move|p2a: Buzzwole|Ice Punch|p1a: Rillaboom\n|-supereffective|p1a: Rillaboom\n|-damage|p1a: Rillaboom|0 fnt\n|faint|p1a: Rillaboom\n|-ability|p2a: Buzzwole|Beast Boost|boost\n|-boost|p2a: Buzzwole|atk|1\n|\n|upkeep\n|\n|t:|1663832953\n|switch|p1a: Dragapult|Dragapult, M|100\/100\n|-damage|p1a: Dragapult|88\/100|[from] Stealth Rock\n|turn|8\n|\n|t:|1663832962\n|move|p2a: Buzzwole|Ice Punch|p1a: Dragapult\n|-supereffective|p1a: Dragapult\n|-damage|p1a: Dragapult|0 fnt\n|faint|p1a: Dragapult\n|-ability|p2a: Buzzwole|Beast Boost|boost\n|-boost|p2a: Buzzwole|atk|1\n|\n|-fieldend|move: Grassy Terrain\n|upkeep\n|\n|t:|1663832966\n|switch|p1a: Melmetal|Melmetal|100\/100\n|-damage|p1a: Melmetal|94\/100|[from] Stealth Rock\n|turn|9\n|\n|t:|1663832972\n|switch|p2a: Chansey|Chansey, F|100\/100\n|move|p1a: Melmetal|Thunder Punch|p2a: Chansey\n|-damage|p2a: Chansey|77\/100\n|\n|-heal|p1a: Melmetal|100\/100|[from] item: Leftovers\n|upkeep\n|turn|10\n|\n|t:|1663832976\n|move|p1a: Melmetal|Double Iron Bash|p2a: Chansey\n|-damage|p2a: Chansey|47\/100\n|-damage|p2a: Chansey|17\/100\n|-hitcount|p2a: Chansey|2\n|move|p2a: Chansey|Counter|p1a: Melmetal\n|-damage|p1a: Melmetal|5\/100\n|\n|-heal|p1a: Melmetal|11\/100|[from] item: Leftovers\n|upkeep\n|turn|11\n|\n|t:|1663832982\n|move|p2a: Chansey|Seismic Toss|p1a: Melmetal\n|-damage|p1a: Melmetal|0 fnt\n|faint|p1a: Melmetal\n|\n|upkeep\n|\n|t:|1663832987\n|switch|p1a: Landorus|Landorus-Therian, M|100\/100\n|-damage|p1a: Landorus|88\/100|[from] Stealth Rock\n|-ability|p1a: Landorus|Intimidate|boost\n|-unboost|p2a: Chansey|atk|1\n|turn|12\n|\n|t:|1663832990\n|move|p1a: Landorus|Swords Dance|p1a: Landorus\n|-boost|p1a: Landorus|atk|2\n|move|p2a: Chansey|Seismic Toss|p1a: Landorus\n|-damage|p1a: Landorus|61\/100\n|\n|-heal|p1a: Landorus|67\/100|[from] item: Leftovers\n|upkeep\n|turn|13\n|\n|t:|1663832994\n|move|p1a: Landorus|Rock Polish|p1a: Landorus\n|-boost|p1a: Landorus|spe|2\n|move|p2a: Chansey|Seismic Toss|p1a: Landorus\n|-damage|p1a: Landorus|39\/100\n|\n|-heal|p1a: Landorus|45\/100|[from] item: Leftovers\n|upkeep\n|turn|14\n|\n|t:|1663832997\n|move|p1a: Landorus|Swords Dance|p1a: Landorus\n|-boost|p1a: Landorus|atk|2\n|move|p2a: Chansey|Seismic Toss|p1a: Landorus\n|-damage|p1a: Landorus|18\/100\n|\n|-heal|p1a: Landorus|24\/100|[from] item: Leftovers\n|upkeep\n|turn|15\n|\n|t:|1663833001\n|move|p1a: Landorus|Earthquake|p2a: Chansey\n|-damage|p2a: Chansey|0 fnt\n|faint|p2a: Chansey\n|\n|-heal|p1a: Landorus|30\/100|[from] item: Leftovers\n|upkeep\n|\n|t:|1663833003\n|switch|p2a: Buzzwole|Buzzwole|100\/100\n|turn|16\n|\n|t:|1663833005\n|move|p1a: Landorus|Stone Edge|p2a: Buzzwole\n|-damage|p2a: Buzzwole|16\/100\n|move|p2a: Buzzwole|Ice Punch|p1a: Landorus\n|-supereffective|p1a: Landorus\n|-damage|p1a: Landorus|0 fnt\n|faint|p1a: Landorus\n|-ability|p2a: Buzzwole|Beast Boost|boost\n|-boost|p2a: Buzzwole|atk|1\n|\n|upkeep\n|\n|t:|1663833010\n|switch|p1a: Zapdos|Zapdos-Galar|100\/100\n|-damage|p1a: Zapdos|88\/100|[from] Stealth Rock\n|turn|17\n|j| Vickyris\n|\n|t:|1663833012\n|move|p1a: Zapdos|Brave Bird|p2a: Buzzwole\n|-supereffective|p2a: Buzzwole\n|-damage|p2a: Buzzwole|0 fnt\n|faint|p2a: Buzzwole\n|-damage|p1a: Zapdos|82\/100|[from] Recoil\n|\n|upkeep\n|\n|t:|1663833014\n|switch|p2a: Corviknight|Corviknight, F|100\/100\n|-ability|p2a: Corviknight|Pressure\n|turn|18\n|\n|t:|1663833018\n|move|p1a: Zapdos|Brave Bird|p2a: Corviknight\n|-resisted|p2a: Corviknight\n|-damage|p2a: Corviknight|74\/100\n|-damage|p1a: Zapdos|72\/100|[from] Recoil\n|move|p2a: Corviknight|Bulk Up|p2a: Corviknight\n|-boost|p2a: Corviknight|atk|1\n|-boost|p2a: Corviknight|def|1\n|\n|-heal|p2a: Corviknight|81\/100|[from] item: Leftovers\n|upkeep\n|turn|19\n|-message|paquet2tresor forfeited.\n|\n|win|SkipTheDripBayless\n|raw|paquet2tresor's rating: 1848 &rarr; <strong>1832<\/strong><br \/>(-16 for losing)\n|raw|SkipTheDripBayless's rating: 1913 &rarr; <strong>1929<\/strong><br \/>(+16 for winning)\n|l|\u2606paquet2tresor\n","uploadtime":1663833032,"views":89,"p1id":"paquet2tresor","p2id":"skipthedripbayless","formatid":"gen8ou","rating":1832,"private":0,"password":null}