{"id":"gen8ou-1440129363","p1":"Alu9204","p2":"test-test-test-gg","format":"gen8ou","log":"|j|\u2606Alu9204\n|j|\u2606test-test-test-gg\n|t:|1634897942\n|gametype|singles\n|player|p1|Alu9204|2|1412\n|player|p2|test-test-test-gg|roxie|1410\n|teamsize|p1|6\n|teamsize|p2|6\n|gen|8\n|tier|[Gen 8] OU\n|rated|\n|rule|Sleep Clause Mod: Limit one foe put to sleep\n|rule|Species Clause: Limit one of each Pok\u00e9mon\n|rule|OHKO Clause: OHKO moves are banned\n|rule|Evasion Moves Clause: Evasion moves are banned\n|rule|Endless Battle Clause: Forcing endless battles is banned\n|rule|HP Percentage Mod: HP is shown in percentages\n|rule|Dynamax Clause: You cannot dynamax\n|clearpoke\n|poke|p1|Gengar, M|\n|poke|p1|Zapdos-Galar|\n|poke|p1|Bisharp, F|\n|poke|p1|Tapu Fini|\n|poke|p1|Garchomp, M|\n|poke|p1|Weavile, F|\n|poke|p2|Torkoal, F|\n|poke|p2|Kyurem|\n|poke|p2|Heatran, M|\n|poke|p2|Venusaur, F|\n|poke|p2|Mandibuzz, F|\n|poke|p2|Heliolisk, M|\n|teampreview\n|inactive|Battle timer is ON: inactive players will automatically lose when time's up. (requested by Alu9204)\n|\n|t:|1634897960\n|start\n|switch|p1a: Zapdos|Zapdos-Galar|100\/100\n|switch|p2a: Heliolisk|Heliolisk, M|100\/100\n|turn|1\n|\n|t:|1634897976\n|switch|p2a: Mandibuzz|Mandibuzz, F|100\/100\n|switch|p1a: Garchomp|Garchomp, M|100\/100\n|\n|upkeep\n|turn|2\n|\n|t:|1634897984\n|switch|p1a: Tapu Fini|Tapu Fini|100\/100\n|-fieldstart|move: Misty Terrain|[from] ability: Misty Surge|[of] p1a: Tapu Fini\n|move|p2a: Mandibuzz|Foul Play|p1a: Tapu Fini\n|-resisted|p1a: Tapu Fini\n|-damage|p1a: Tapu Fini|91\/100\n|\n|-heal|p1a: Tapu Fini|97\/100|[from] item: Leftovers\n|upkeep\n|turn|3\n|\n|t:|1634897997\n|switch|p2a: Heliolisk|Heliolisk, M|100\/100\n|move|p1a: Tapu Fini|Moonblast|p2a: Heliolisk\n|-damage|p2a: Heliolisk|40\/100\n|-unboost|p2a: Heliolisk|spa|1\n|\n|-heal|p1a: Tapu Fini|100\/100|[from] item: Leftovers\n|upkeep\n|turn|4\n|\n|t:|1634898009\n|switch|p2a: Torkoal|Torkoal, F|100\/100\n|-weather|SunnyDay|[from] ability: Drought|[of] p2a: Torkoal\n|switch|p1a: Garchomp|Garchomp, M|100\/100\n|\n|-weather|SunnyDay|[upkeep]\n|upkeep\n|turn|5\n|\n|t:|1634898019\n|switch|p2a: Mandibuzz|Mandibuzz, F|100\/100\n|move|p1a: Garchomp|Earthquake|p2a: Mandibuzz\n|-immune|p2a: Mandibuzz\n|\n|-weather|SunnyDay|[upkeep]\n|upkeep\n|turn|6\n|\n|t:|1634898027\n|switch|p1a: Tapu Fini|Tapu Fini|100\/100\n|move|p2a: Mandibuzz|U-turn|p1a: Tapu Fini\n|-resisted|p1a: Tapu Fini\n|-damage|p1a: Tapu Fini|96\/100\n|\n|t:|1634898029\n|switch|p2a: Venusaur|Venusaur, F|100\/100|[from]move: U-turn\n|\n|-weather|SunnyDay|[upkeep]\n|-heal|p1a: Tapu Fini|100\/100|[from] item: Leftovers\n|-fieldend|Misty Terrain\n|upkeep\n|turn|7\n|\n|t:|1634898043\n|switch|p1a: Bisharp|Bisharp, F|100\/100\n|move|p2a: Venusaur|Growth|p2a: Venusaur\n|-boost|p2a: Venusaur|atk|2\n|-boost|p2a: Venusaur|spa|2\n|\n|-weather|SunnyDay|[upkeep]\n|upkeep\n|turn|8\n|\n|t:|1634898051\n|move|p1a: Bisharp|Sucker Punch|p2a: Venusaur\n|-damage|p2a: Venusaur|36\/100\n|move|p2a: Venusaur|Weather Ball|p1a: Bisharp\n|-supereffective|p1a: Bisharp\n|-damage|p1a: Bisharp|0 fnt\n|faint|p1a: Bisharp\n|-damage|p2a: Venusaur|26\/100|[from] item: Life Orb\n|\n|-weather|SunnyDay|[upkeep]\n|upkeep\n|inactive|Alu9204 has 120 seconds left.\n|\n|t:|1634898082\n|switch|p1a: Gengar|Gengar, M|100\/100\n|turn|9\n|\n|t:|1634898087\n|move|p1a: Gengar|Shadow Ball|p2a: Venusaur\n|-damage|p2a: Venusaur|0 fnt\n|faint|p2a: Venusaur\n|\n|-weather|SunnyDay|[upkeep]\n|upkeep\n|\n|t:|1634898093\n|switch|p2a: Heliolisk|Heliolisk, M|40\/100\n|turn|10\n|\n|t:|1634898097\n|switch|p1a: Garchomp|Garchomp, M|100\/100\n|move|p2a: Heliolisk|Glare|p1a: Garchomp\n|-status|p1a: Garchomp|par\n|\n|-weather|SunnyDay|[upkeep]\n|-damage|p2a: Heliolisk|28\/100|[from] ability: Solar Power|[of] p2a: Heliolisk\n|upkeep\n|turn|11\n|\n|t:|1634898107\n|move|p2a: Heliolisk|Hyper Voice|p1a: Garchomp\n|-damage|p1a: Garchomp|28\/100 par\n|move|p1a: Garchomp|Scale Shot|p2a: Heliolisk\n|-damage|p2a: Heliolisk|0 fnt\n|faint|p2a: Heliolisk\n|-hitcount|p2: Heliolisk|1\n|-unboost|p1a: Garchomp|def|1\n|-boost|p1a: Garchomp|spe|1\n|\n|-weather|none\n|-heal|p1a: Garchomp|34\/100 par|[from] item: Leftovers\n|upkeep\n|\n|t:|1634898114\n|switch|p2a: Kyurem|Kyurem|100\/100\n|-ability|p2a: Kyurem|Pressure\n|turn|12\n|\n|t:|1634898131\n|switch|p1a: Tapu Fini|Tapu Fini|100\/100\n|-fieldstart|move: Misty Terrain|[from] ability: Misty Surge|[of] p1a: Tapu Fini\n|move|p2a: Kyurem|Freeze-Dry|p1a: Tapu Fini\n|-supereffective|p1a: Tapu Fini\n|-damage|p1a: Tapu Fini|15\/100\n|\n|-heal|p1a: Tapu Fini|21\/100|[from] item: Leftovers\n|upkeep\n|turn|13\n|\n|t:|1634898141\n|move|p2a: Kyurem|Freeze-Dry|p1a: Tapu Fini\n|-supereffective|p1a: Tapu Fini\n|-damage|p1a: Tapu Fini|0 fnt\n|faint|p1a: Tapu Fini\n|\n|upkeep\n|\n|t:|1634898150\n|switch|p1a: Gengar|Gengar, M|100\/100\n|turn|14\n|\n|t:|1634898154\n|switch|p2a: Mandibuzz|Mandibuzz, F|100\/100\n|move|p1a: Gengar|Focus Blast|p2a: Mandibuzz\n|-damage|p2a: Mandibuzz|73\/100\n|\n|upkeep\n|turn|15\n|\n|t:|1634898161\n|switch|p1a: Garchomp|Garchomp, M|34\/100 par\n|move|p2a: Mandibuzz|Foul Play|p1a: Garchomp\n|-damage|p1a: Garchomp|0 fnt\n|-damage|p2a: Mandibuzz|60\/100|[from] ability: Rough Skin|[of] p1a: Garchomp\n|faint|p1a: Garchomp\n|\n|upkeep\n|\n|t:|1634898170\n|switch|p1a: Weavile|Weavile, F|100\/100\n|-ability|p1a: Weavile|Pressure\n|turn|16\n|\n|t:|1634898176\n|switch|p2a: Torkoal|Torkoal, F|100\/100\n|-weather|SunnyDay|[from] ability: Drought|[of] p2a: Torkoal\n|move|p1a: Weavile|Triple Axel|p2a: Torkoal\n|-resisted|p2a: Torkoal\n|-damage|p2a: Torkoal|98\/100\n|-resisted|p2a: Torkoal\n|-damage|p2a: Torkoal|93\/100\n|-resisted|p2a: Torkoal\n|-damage|p2a: Torkoal|84\/100\n|-hitcount|p2a: Torkoal|3\n|\n|-weather|SunnyDay|[upkeep]\n|-fieldend|Misty Terrain\n|upkeep\n|turn|17\n|\n|t:|1634898189\n|switch|p1a: Zapdos|Zapdos-Galar|100\/100\n|move|p2a: Torkoal|Lava Plume|p1a: Zapdos\n|-damage|p1a: Zapdos|57\/100\n|\n|-weather|SunnyDay|[upkeep]\n|upkeep\n|turn|18\n|\n|t:|1634898199\n|move|p1a: Zapdos|Thunderous Kick|p2a: Torkoal\n|-damage|p2a: Torkoal|42\/100\n|-unboost|p2a: Torkoal|def|1\n|move|p2a: Torkoal|Lava Plume|p1a: Zapdos\n|-damage|p1a: Zapdos|14\/100\n|\n|-weather|SunnyDay|[upkeep]\n|upkeep\n|turn|19\n|\n|t:|1634898219\n|move|p1a: Zapdos|Thunderous Kick|p2a: Torkoal\n|-damage|p2a: Torkoal|0 fnt\n|faint|p2a: Torkoal\n|\n|-weather|SunnyDay|[upkeep]\n|upkeep\n|\n|t:|1634898230\n|switch|p2a: Heatran|Heatran, M|100\/100\n|turn|20\n|\n|t:|1634898234\n|move|p2a: Heatran|Eruption|p1a: Zapdos\n|-damage|p1a: Zapdos|0 fnt\n|faint|p1a: Zapdos\n|\n|-weather|SunnyDay|[upkeep]\n|upkeep\n|\n|t:|1634898241\n|switch|p1a: Gengar|Gengar, M|100\/100\n|turn|21\n|\n|t:|1634898270\n|switch|p2a: Kyurem|Kyurem|100\/100\n|-ability|p2a: Kyurem|Pressure\n|move|p1a: Gengar|Focus Blast|p2a: Kyurem|[miss]\n|-miss|p1a: Gengar|p2a: Kyurem\n|\n|-weather|SunnyDay|[upkeep]\n|upkeep\n|turn|22\n|\n|t:|1634898279\n|move|p1a: Gengar|Focus Blast|p2a: Kyurem\n|-supereffective|p2a: Kyurem\n|-damage|p2a: Kyurem|23\/100\n|move|p2a: Kyurem|Earth Power|p1a: Gengar\n|-supereffective|p1a: Gengar\n|-damage|p1a: Gengar|0 fnt\n|faint|p1a: Gengar\n|\n|-weather|SunnyDay|[upkeep]\n|upkeep\n|\n|t:|1634898289\n|switch|p1a: Weavile|Weavile, F|100\/100\n|-ability|p1a: Weavile|Pressure\n|turn|23\n|\n|t:|1634898294\n|move|p1a: Weavile|Knock Off|p2a: Kyurem\n|-damage|p2a: Kyurem|0 fnt\n|-enditem|p2a: Kyurem|Choice Specs|[from] move: Knock Off|[of] p1a: Weavile\n|faint|p2a: Kyurem\n|\n|-weather|none\n|upkeep\n|\n|t:|1634898296\n|switch|p2a: Heatran|Heatran, M|100\/100\n|turn|24\n|\n|t:|1634898304\n|move|p2a: Heatran|Eruption|p1a: Weavile\n|-supereffective|p1a: Weavile\n|-damage|p1a: Weavile|0 fnt\n|faint|p1a: Weavile\n|\n|win|test-test-test-gg\n|raw|Alu9204's rating: 1412 &rarr; <strong>1392<\/strong><br \/>(-20 for losing)\n|raw|test-test-test-gg's rating: 1410 &rarr; <strong>1430<\/strong><br \/>(+20 for winning)\n","uploadtime":1634898308,"views":10,"p1id":"alu9204","p2id":"testtesttestgg","formatid":"gen8ou","rating":1392,"private":0,"password":null}