{"id":"gen8ou-1359045475","p1":"i know im horrible","p2":"mentalsoft","format":"gen8ou","log":"|j|\u203di know im horrible\n|j|\u203dmentalsoft\n|t:|1623743480\n|gametype|singles\n|player|p1|i know im horrible|1|1695\n|player|p2|mentalsoft|nate|1724\n|teamsize|p1|6\n|teamsize|p2|6\n|gen|8\n|tier|[Gen 8] OU\n|rated|\n|rule|Sleep Clause Mod: Limit one foe put to sleep\n|rule|Species Clause: Limit one of each Pok\u00e9mon\n|rule|OHKO Clause: OHKO moves are banned\n|rule|Evasion Moves Clause: Evasion moves are banned\n|rule|Endless Battle Clause: Forcing endless battles is banned\n|rule|HP Percentage Mod: HP is shown in percentages\n|rule|Dynamax Clause: You cannot dynamax\n|clearpoke\n|poke|p1|Ferrothorn, F|\n|poke|p1|Landorus-Therian, M|\n|poke|p1|Blissey, F|\n|poke|p1|Latias, F|\n|poke|p1|Slowking, F|\n|poke|p1|Tapu Lele|\n|poke|p2|Corviknight, F|\n|poke|p2|Blissey, F|\n|poke|p2|Tangrowth, F|\n|poke|p2|Clefable, M|\n|poke|p2|Zapdos|\n|poke|p2|Quagsire, F|\n|teampreview\n|inactive|Battle timer is ON: inactive players will automatically lose when time's up. (requested by i know im horrible)\n|\n|t:|1623743514\n|start\n|switch|p1a: Latias|Latias, F|100\/100\n|switch|p2a: Clefable|Clefable, M|100\/100\n|turn|1\n|\n|t:|1623743523\n|switch|p2a: Quagsire|Quagsire, F|100\/100\n|move|p1a: Latias|Trick|p2a: Quagsire\n|-activate|p1a: Latias|move: Trick|[of] p2a: Quagsire\n|-item|p2a: Quagsire|Choice Scarf|[from] move: Trick\n|-item|p1a: Latias|Leftovers|[from] move: Trick\n|\n|upkeep\n|turn|2\n|\n|t:|1623743535\n|switch|p1a: Ferrothorn|Ferrothorn, F|100\/100\n|switch|p2a: Clefable|Clefable, M|100\/100\n|\n|upkeep\n|turn|3\n|\n|t:|1623743541\n|switch|p2a: Corviknight|Corviknight, F|100\/100\n|-ability|p2a: Corviknight|Pressure\n|move|p1a: Ferrothorn|Knock Off|p2a: Corviknight\n|-damage|p2a: Corviknight|87\/100\n|-enditem|p2a: Corviknight|Leftovers|[from] move: Knock Off|[of] p1a: Ferrothorn\n|\n|upkeep\n|turn|4\n|\n|t:|1623743548\n|switch|p1a: Slowking|Slowking, F|100\/100\n|move|p2a: Corviknight|Body Press|p1a: Slowking\n|-resisted|p1a: Slowking\n|-damage|p1a: Slowking|88\/100\n|\n|upkeep\n|turn|5\n|\n|t:|1623743550\n|move|p2a: Corviknight|U-turn|p1a: Slowking\n|-supereffective|p1a: Slowking\n|-damage|p1a: Slowking|60\/100\n|\n|t:|1623743567\n|switch|p2a: Zapdos|Zapdos|100\/100|[from]move: U-turn\n|-ability|p2a: Zapdos|Pressure\n|move|p1a: Slowking|Scald|p2a: Zapdos\n|-damage|p2a: Zapdos|82\/100\n|-status|p2a: Zapdos|brn\n|\n|-damage|p2a: Zapdos|76\/100 brn|[from] brn\n|upkeep\n|turn|6\n|\n|t:|1623743575\n|switch|p2a: Clefable|Clefable, M|100\/100\n|move|p1a: Slowking|Teleport|p1a: Slowking\n|\n|t:|1623743582\n|switch|p1a: Landorus|Landorus-Therian, M|100\/100|[from]move: Teleport\n|-ability|p1a: Landorus|Intimidate|boost\n|-unboost|p2a: Clefable|atk|1\n|\n|upkeep\n|turn|7\n|\n|t:|1623743587\n|move|p1a: Landorus|Stealth Rock|p2a: Clefable\n|-sidestart|p2: mentalsoft|move: Stealth Rock\n|move|p2a: Clefable|Stealth Rock|p1a: Landorus\n|-sidestart|p1: i know im horrible|move: Stealth Rock\n|\n|upkeep\n|turn|8\n|\n|t:|1623743592\n|move|p1a: Landorus|Earthquake|p2a: Clefable\n|-damage|p2a: Clefable|62\/100\n|move|p2a: Clefable|Moonblast|p1a: Landorus\n|-damage|p1a: Landorus|65\/100\n|\n|-heal|p1a: Landorus|71\/100|[from] item: Leftovers\n|-heal|p2a: Clefable|69\/100|[from] item: Leftovers\n|upkeep\n|turn|9\n|\n|t:|1623743598\n|switch|p1a: Tapu Lele|Tapu Lele|100\/100\n|-damage|p1a: Tapu Lele|88\/100|[from] Stealth Rock\n|-fieldstart|move: Psychic Terrain|[from] ability: Psychic Surge|[of] p1a: Tapu Lele\n|move|p2a: Clefable|Soft-Boiled|p2a: Clefable\n|-heal|p2a: Clefable|100\/100\n|\n|upkeep\n|turn|10\n|\n|t:|1623743606\n|move|p1a: Tapu Lele|Psychic|p2a: Clefable\n|-damage|p2a: Clefable|19\/100\n|move|p2a: Clefable|Soft-Boiled|p2a: Clefable\n|-heal|p2a: Clefable|69\/100\n|\n|-heal|p2a: Clefable|75\/100|[from] item: Leftovers\n|upkeep\n|turn|11\n|\n|t:|1623743618\n|switch|p1a: Slowking|Slowking, F|93\/100\n|switch|p2a: Corviknight|Corviknight, F|87\/100\n|-damage|p2a: Corviknight|75\/100|[from] Stealth Rock\n|-ability|p2a: Corviknight|Pressure\n|\n|upkeep\n|turn|12\n|\n|t:|1623743628\n|move|p2a: Corviknight|U-turn|p1a: Slowking\n|-supereffective|p1a: Slowking\n|-damage|p1a: Slowking|63\/100\n|\n|t:|1623743633\n|switch|p2a: Clefable|Clefable, M|75\/100|[from]move: U-turn\n|move|p1a: Slowking|Future Sight|p2a: Clefable\n|-start|p1a: Slowking|move: Future Sight\n|\n|-heal|p2a: Clefable|81\/100|[from] item: Leftovers\n|upkeep\n|turn|13\n|j| isudbhfahsb\n|\n|t:|1623743659\n|move|p2a: Clefable|Moonblast|p1a: Slowking\n|-damage|p1a: Slowking|43\/100\n|-unboost|p1a: Slowking|spa|1\n|move|p1a: Slowking|Scald|p2a: Clefable\n|-damage|p2a: Clefable|65\/100\n|\n|-heal|p2a: Clefable|71\/100|[from] item: Leftovers\n|-fieldend|move: Psychic Terrain\n|upkeep\n|turn|14\n|j| Unanana\n|\n|t:|1623743667\n|move|p2a: Clefable|Soft-Boiled|p2a: Clefable\n|-heal|p2a: Clefable|100\/100\n|move|p1a: Slowking|Slack Off|p1a: Slowking\n|-heal|p1a: Slowking|93\/100\n|\n|-end|p2a: Clefable|move: Future Sight\n|-damage|p2a: Clefable|77\/100\n|-heal|p2a: Clefable|83\/100|[from] item: Leftovers\n|upkeep\n|turn|15\n|\n|t:|1623743677\n|switch|p2a: Tangrowth|Tangrowth, F|100\/100\n|-damage|p2a: Tangrowth|88\/100|[from] Stealth Rock\n|move|p1a: Slowking|Future Sight|p2a: Tangrowth\n|-start|p1a: Slowking|move: Future Sight\n|\n|upkeep\n|turn|16\n|j| Kappa from twitch\n|\n|t:|1623743682\n|move|p2a: Tangrowth|Knock Off|p1a: Slowking\n|-supereffective|p1a: Slowking\n|-damage|p1a: Slowking|45\/100\n|-enditem|p1a: Slowking|Heavy-Duty Boots|[from] move: Knock Off|[of] p2a: Tangrowth\n|move|p1a: Slowking|Teleport|p1a: Slowking\n|\n|t:|1623743687\n|switch|p1a: Tapu Lele|Tapu Lele|88\/100|[from]move: Teleport\n|-damage|p1a: Tapu Lele|76\/100|[from] Stealth Rock\n|-fieldstart|move: Psychic Terrain|[from] ability: Psychic Surge|[of] p1a: Tapu Lele\n|\n|upkeep\n|turn|17\n|c| Kappa from twitch|I know I'm horrible too, but we must persevere friend\n|c| Kappa from twitch|Such is life\n|\n|t:|1623743704\n|move|p1a: Tapu Lele|Psychic|p2a: Tangrowth\n|-damage|p2a: Tangrowth|0 fnt\n|faint|p2a: Tangrowth\n|\n|-hint|Future Sight did not hit because the target is fainted.\n|upkeep\n|\n|t:|1623743710\n|switch|p2a: Blissey|Blissey, F|100\/100\n|turn|18\n|c| Unanana|Agreed.\n|c| Unanana|I am too.\n|\n|t:|1623743733\n|switch|p1a: Slowking|Slowking, F|79\/100\n|-damage|p1a: Slowking|66\/100|[from] Stealth Rock\n|move|p2a: Blissey|Seismic Toss|p1a: Slowking\n|-damage|p1a: Slowking|41\/100\n|\n|upkeep\n|turn|19\n|\n|t:|1623743737\n|move|p2a: Blissey|Toxic|p1a: Slowking\n|-status|p1a: Slowking|tox\n|move|p1a: Slowking|Slack Off|p1a: Slowking\n|-heal|p1a: Slowking|91\/100 tox\n|\n|-damage|p1a: Slowking|85\/100 tox|[from] psn\n|upkeep\n|turn|20\n|\n|t:|1623743741\n|move|p2a: Blissey|Seismic Toss|p1a: Slowking\n|-damage|p1a: Slowking|59\/100 tox\n|move|p1a: Slowking|Future Sight|p2a: Blissey\n|-start|p1a: Slowking|move: Future Sight\n|\n|-damage|p1a: Slowking|47\/100 tox|[from] psn\n|-fieldend|move: Psychic Terrain\n|upkeep\n|turn|21\n|j| dietracism\n|\n|t:|1623743749\n|move|p2a: Blissey|Seismic Toss|p1a: Slowking\n|-damage|p1a: Slowking|22\/100 tox\n|move|p1a: Slowking|Teleport|p1a: Slowking\n|\n|t:|1623743754\n|switch|p1a: Tapu Lele|Tapu Lele|76\/100|[from]move: Teleport\n|-damage|p1a: Tapu Lele|63\/100|[from] Stealth Rock\n|-fieldstart|move: Psychic Terrain|[from] ability: Psychic Surge|[of] p1a: Tapu Lele\n|\n|upkeep\n|turn|22\n|\n|t:|1623743763\n|move|p1a: Tapu Lele|Psyshock|p2a: Blissey\n|-damage|p2a: Blissey|32\/100\n|move|p2a: Blissey|Soft-Boiled|p2a: Blissey\n|-heal|p2a: Blissey|82\/100\n|\n|-end|p2a: Blissey|move: Future Sight\n|-damage|p2a: Blissey|63\/100\n|upkeep\n|turn|23\n|\n|t:|1623743772\n|switch|p2a: Corviknight|Corviknight, F|75\/100\n|-damage|p2a: Corviknight|63\/100|[from] Stealth Rock\n|-ability|p2a: Corviknight|Pressure\n|move|p1a: Tapu Lele|Psyshock|p2a: Corviknight\n|-resisted|p2a: Corviknight\n|-damage|p2a: Corviknight|35\/100\n|\n|upkeep\n|turn|24\n|\n|t:|1623743787\n|move|p1a: Tapu Lele|Psyshock|p2a: Corviknight\n|-resisted|p2a: Corviknight\n|-damage|p2a: Corviknight|9\/100\n|move|p2a: Corviknight|Roost|p2a: Corviknight\n|-heal|p2a: Corviknight|59\/100\n|-singleturn|p2a: Corviknight|move: Roost\n|\n|upkeep\n|turn|25\n|\n|t:|1623743801\n|switch|p1a: Ferrothorn|Ferrothorn, F|100\/100\n|-damage|p1a: Ferrothorn|94\/100|[from] Stealth Rock\n|move|p2a: Corviknight|Roost|p2a: Corviknight\n|-heal|p2a: Corviknight|100\/100\n|-singleturn|p2a: Corviknight|move: Roost\n|\n|-heal|p1a: Ferrothorn|100\/100|[from] item: Leftovers\n|-fieldend|move: Psychic Terrain\n|upkeep\n|turn|26\n|j| Dogerunner\n|\n|t:|1623743816\n|move|p2a: Corviknight|Body Press|p1a: Ferrothorn\n|-supereffective|p1a: Ferrothorn\n|-damage|p1a: Ferrothorn|73\/100\n|-damage|p2a: Corviknight|88\/100|[from] ability: Iron Barbs|[of] p1a: Ferrothorn\n|move|p1a: Ferrothorn|Spikes|p2a: Corviknight\n|-sidestart|p2: mentalsoft|Spikes\n|\n|-heal|p1a: Ferrothorn|79\/100|[from] item: Leftovers\n|upkeep\n|turn|27\n|\n|t:|1623743832\n|move|p2a: Corviknight|Body Press|p1a: Ferrothorn\n|-supereffective|p1a: Ferrothorn\n|-damage|p1a: Ferrothorn|51\/100\n|-damage|p2a: Corviknight|76\/100|[from] ability: Iron Barbs|[of] p1a: Ferrothorn\n|move|p1a: Ferrothorn|Spikes|p2a: Corviknight\n|-sidestart|p2: mentalsoft|Spikes\n|\n|-heal|p1a: Ferrothorn|57\/100|[from] item: Leftovers\n|upkeep\n|turn|28\n|\n|t:|1623743839\n|switch|p1a: Latias|Latias, F|100\/100\n|-damage|p1a: Latias|88\/100|[from] Stealth Rock\n|move|p2a: Corviknight|Body Press|p1a: Latias\n|-resisted|p1a: Latias\n|-damage|p1a: Latias|74\/100\n|\n|-heal|p1a: Latias|80\/100|[from] item: Leftovers\n|upkeep\n|turn|29\n|\n|t:|1623743848\n|move|p1a: Latias|Psychic|p2a: Corviknight\n|-resisted|p2a: Corviknight\n|-damage|p2a: Corviknight|62\/100\n|move|p2a: Corviknight|Roost|p2a: Corviknight\n|-heal|p2a: Corviknight|100\/100\n|-singleturn|p2a: Corviknight|move: Roost\n|\n|-heal|p1a: Latias|86\/100|[from] item: Leftovers\n|upkeep\n|turn|30\n|\n|t:|1623743854\n|move|p1a: Latias|Aura Sphere|p2a: Corviknight\n|-damage|p2a: Corviknight|82\/100\n|move|p2a: Corviknight|U-turn|p1a: Latias\n|-supereffective|p1a: Latias\n|-damage|p1a: Latias|57\/100\n|\n|t:|1623743862\n|switch|p2a: Blissey|Blissey, F|63\/100|[from]move: U-turn\n|\n|-heal|p1a: Latias|63\/100|[from] item: Leftovers\n|upkeep\n|turn|31\n|\n|t:|1623743867\n|move|p1a: Latias|Trick|p2a: Blissey\n|-activate|p1a: Latias|move: Trick|[of] p2a: Blissey\n|-item|p2a: Blissey|Leftovers|[from] move: Trick\n|-item|p1a: Latias|Heavy-Duty Boots|[from] move: Trick\n|move|p2a: Blissey|Soft-Boiled|p2a: Blissey\n|-heal|p2a: Blissey|100\/100\n|\n|upkeep\n|turn|32\n|\n|t:|1623743878\n|switch|p1a: Blissey|Blissey, F|100\/100\n|move|p2a: Blissey|Seismic Toss|p1a: Blissey\n|-damage|p1a: Blissey|86\/100\n|\n|upkeep\n|turn|33\n|\n|t:|1623743891\n|switch|p2a: Clefable|Clefable, M|83\/100\n|move|p1a: Blissey|Heal Bell|p1a: Blissey\n|-activate|p1a: Blissey|move: Heal Bell\n|-curestatus|p1: Slowking|tox|[msg]\n|\n|-heal|p2a: Clefable|90\/100|[from] item: Leftovers\n|upkeep\n|turn|34\n|\n|t:|1623743916\n|switch|p2a: Corviknight|Corviknight, F|82\/100\n|-damage|p2a: Corviknight|70\/100|[from] Stealth Rock\n|-ability|p2a: Corviknight|Pressure\n|move|p1a: Blissey|Wish|p1a: Blissey\n|\n|upkeep\n|turn|35\n|\n|t:|1623743923\n|switch|p1a: Ferrothorn|Ferrothorn, F|57\/100\n|-damage|p1a: Ferrothorn|51\/100|[from] Stealth Rock\n|move|p2a: Corviknight|Defog|p1a: Ferrothorn\n|-unboost|p1a: Ferrothorn|evasion|1\n|-sideend|p1: i know im horrible|Stealth Rock|[from] move: Defog|[of] p2a: Corviknight\n|-sideend|p2: mentalsoft|Spikes|[from] move: Defog|[of] p2a: Corviknight\n|-sideend|p2: mentalsoft|Stealth Rock|[from] move: Defog|[of] p2a: Corviknight\n|\n|-heal|p1a: Ferrothorn|100\/100|[from] move: Wish|[wisher] Blissey\n|upkeep\n|turn|36\n|\n|t:|1623743934\n|move|p2a: Corviknight|Body Press|p1a: Ferrothorn\n|-supereffective|p1a: Ferrothorn\n|-damage|p1a: Ferrothorn|72\/100\n|-damage|p2a: Corviknight|57\/100|[from] ability: Iron Barbs|[of] p1a: Ferrothorn\n|move|p1a: Ferrothorn|Spikes|p2a: Corviknight\n|-sidestart|p2: mentalsoft|Spikes\n|\n|-heal|p1a: Ferrothorn|78\/100|[from] item: Leftovers\n|upkeep\n|turn|37\n|\n|t:|1623743941\n|switch|p1a: Slowking|Slowking, F|55\/100\n|move|p2a: Corviknight|Roost|p2a: Corviknight\n|-heal|p2a: Corviknight|100\/100\n|-singleturn|p2a: Corviknight|move: Roost\n|\n|upkeep\n|turn|38\n|\n|t:|1623743946\n|move|p2a: Corviknight|U-turn|p1a: Slowking\n|-supereffective|p1a: Slowking\n|-damage|p1a: Slowking|23\/100\n|\n|t:|1623743952\n|switch|p2a: Zapdos|Zapdos|76\/100 brn|[from]move: U-turn\n|-ability|p2a: Zapdos|Pressure\n|move|p1a: Slowking|Scald|p2a: Zapdos\n|-damage|p2a: Zapdos|54\/100 brn\n|\n|-damage|p2a: Zapdos|48\/100 brn|[from] brn\n|upkeep\n|turn|39\n|\n|t:|1623743963\n|switch|p1a: Blissey|Blissey, F|86\/100\n|move|p2a: Zapdos|Roost|p2a: Zapdos\n|-heal|p2a: Zapdos|98\/100 brn\n|-singleturn|p2a: Zapdos|move: Roost\n|\n|-damage|p2a: Zapdos|92\/100 brn|[from] brn\n|upkeep\n|turn|40\n|\n|t:|1623743970\n|switch|p2a: Clefable|Clefable, M|90\/100\n|move|p1a: Blissey|Wish|p1a: Blissey\n|\n|-heal|p2a: Clefable|96\/100|[from] item: Leftovers\n|upkeep\n|turn|41\n|\n|t:|1623743984\n|switch|p1a: Tapu Lele|Tapu Lele|63\/100\n|-fieldstart|move: Psychic Terrain|[from] ability: Psychic Surge|[of] p1a: Tapu Lele\n|move|p2a: Clefable|Moonblast|p1a: Tapu Lele\n|-damage|p1a: Tapu Lele|26\/100\n|\n|-heal|p1a: Tapu Lele|100\/100|[from] move: Wish|[wisher] Blissey\n|-heal|p2a: Clefable|100\/100|[from] item: Leftovers\n|upkeep\n|turn|42\n|\n|t:|1623743991\n|move|p1a: Tapu Lele|Psychic|p2a: Clefable\n|-damage|p2a: Clefable|22\/100\n|move|p2a: Clefable|Soft-Boiled|p2a: Clefable\n|-heal|p2a: Clefable|72\/100\n|\n|-heal|p2a: Clefable|78\/100|[from] item: Leftovers\n|upkeep\n|turn|43\n|\n|t:|1623743997\n|switch|p2a: Corviknight|Corviknight, F|100\/100\n|-ability|p2a: Corviknight|Pressure\n|move|p1a: Tapu Lele|Psychic|p2a: Corviknight\n|-resisted|p2a: Corviknight\n|-damage|p2a: Corviknight|62\/100\n|-unboost|p2a: Corviknight|spd|1\n|\n|upkeep\n|turn|44\n|\n|t:|1623744001\n|move|p1a: Tapu Lele|Psychic|p2a: Corviknight\n|-resisted|p2a: Corviknight\n|-damage|p2a: Corviknight|0 fnt\n|faint|p2a: Corviknight\n|\n|upkeep\n|-message|mentalsoft forfeited.\n|\n|win|i know im horrible\n|raw|i know im horrible's rating: 1695 &rarr; <strong>1717<\/strong><br \/>(+22 for winning)\n|raw|mentalsoft's rating: 1724 &rarr; <strong>1702<\/strong><br \/>(-22 for losing)\n|l|\u203dmentalsoft\n|c| Unanana|Good job.\n|c| Unanana|:D\n|c| Dogerunner|Ye\n|c| Dogerunner|Rip stall\n|l| Dogerunner\n|c| Unanana|Bad Stall, though.\n|c| Unanana|XD\n","uploadtime":1623744038,"views":20,"p1id":"iknowimhorrible","p2id":"mentalsoft","formatid":"gen8ou","rating":1702,"private":0,"password":null}