{"id":"gen8ou-1626576481","p1":"2(H2O)","p2":"Road to 1.7k elo","format":"gen8ou","log":"|j|\u26062(H2O)\n|j|\u2606Road to 1.7k elo\n|t:|1658951729\n|gametype|singles\n|player|p1|2(H2O)|chase|1575\n|player|p2|Road to 1.7k elo|waiter-gen4|1662\n|teamsize|p1|6\n|teamsize|p2|6\n|gen|8\n|tier|[Gen 8] OU\n|rated|\n|rule|Sleep Clause Mod: Limit one foe put to sleep\n|rule|Species Clause: Limit one of each Pok\u00e9mon\n|rule|OHKO Clause: OHKO moves are banned\n|rule|Evasion Moves Clause: Evasion moves are banned\n|rule|Endless Battle Clause: Forcing endless battles is banned\n|rule|HP Percentage Mod: HP is shown in percentages\n|rule|Dynamax Clause: You cannot dynamax\n|clearpoke\n|poke|p1|Weavile, M|\n|poke|p1|Landorus-Therian, M|\n|poke|p1|Tyranitar, M|\n|poke|p1|Corviknight, M|\n|poke|p1|Kartana|\n|poke|p1|Slowbro, M|\n|poke|p2|Ninetales-Alola, M|\n|poke|p2|Corviknight, F|\n|poke|p2|Blaziken, F|\n|poke|p2|Dragapult, F|\n|poke|p2|Tapu Fini|\n|poke|p2|Garchomp, F|\n|teampreview\n|\n|t:|1658951751\n|start\n|switch|p1a: Kartana|Kartana|100\/100\n|switch|p2a: Tapu Fini|Tapu Fini|100\/100\n|-fieldstart|move: Misty Terrain|[from] ability: Misty Surge|[of] p2a: Tapu Fini\n|turn|1\n|inactive|Battle timer is ON: inactive players will automatically lose when time's up. (requested by 2(H2O))\n|\n|t:|1658951756\n|switch|p2a: Corviknight|Corviknight, F|100\/100\n|-ability|p2a: Corviknight|Pressure\n|move|p1a: Kartana|Knock Off|p2a: Corviknight\n|-damage|p2a: Corviknight|76\/100\n|-damage|p1a: Kartana|84\/100|[from] item: Rocky Helmet|[of] p2a: Corviknight\n|-enditem|p2a: Corviknight|Rocky Helmet|[from] move: Knock Off|[of] p1a: Kartana\n|\n|upkeep\n|turn|2\n|\n|t:|1658951765\n|switch|p1a: Slowbro|Slowbro, M|100\/100\n|move|p2a: Corviknight|U-turn|p1a: Slowbro\n|-supereffective|p1a: Slowbro\n|-damage|p1a: Slowbro|83\/100\n|\n|t:|1658951778\n|switch|p2a: Dragapult|Dragapult, F|100\/100|[from]move: U-turn\n|\n|upkeep\n|turn|3\n|\n|t:|1658951783\n|switch|p2a: Tapu Fini|Tapu Fini|100\/100\n|switch|p1a: Landorus|Landorus-Therian, M|100\/100\n|-ability|p1a: Landorus|Intimidate|boost\n|-unboost|p2a: Tapu Fini|atk|1\n|\n|upkeep\n|turn|4\n|\n|t:|1658951796\n|move|p2a: Tapu Fini|Scald|p1a: Landorus\n|-supereffective|p1a: Landorus\n|-damage|p1a: Landorus|53\/100\n|move|p1a: Landorus|Earthquake|p2a: Tapu Fini\n|-damage|p2a: Tapu Fini|58\/100\n|\n|-heal|p2a: Tapu Fini|64\/100|[from] item: Leftovers\n|-heal|p1a: Landorus|59\/100|[from] item: Leftovers\n|upkeep\n|turn|5\n|\n|t:|1658951807\n|move|p2a: Tapu Fini|Scald|p1a: Landorus\n|-supereffective|p1a: Landorus\n|-damage|p1a: Landorus|11\/100\n|move|p1a: Landorus|Earthquake|p2a: Tapu Fini\n|-damage|p2a: Tapu Fini|19\/100\n|\n|-heal|p2a: Tapu Fini|25\/100|[from] item: Leftovers\n|-heal|p1a: Landorus|17\/100|[from] item: Leftovers\n|-fieldend|Misty Terrain\n|upkeep\n|turn|6\n|\n|t:|1658951813\n|switch|p1a: Slowbro|Slowbro, M|100\/100\n|move|p2a: Tapu Fini|Draining Kiss|p1a: Slowbro\n|-damage|p1a: Slowbro|78\/100\n|-heal|p2a: Tapu Fini|45\/100|[from] drain|[of] p1a: Slowbro\n|\n|-heal|p2a: Tapu Fini|51\/100|[from] item: Leftovers\n|upkeep\n|turn|7\n|\n|t:|1658951823\n|switch|p1a: Kartana|Kartana|84\/100\n|move|p2a: Tapu Fini|Calm Mind|p2a: Tapu Fini\n|-boost|p2a: Tapu Fini|spa|1\n|-boost|p2a: Tapu Fini|spd|1\n|\n|-heal|p2a: Tapu Fini|57\/100|[from] item: Leftovers\n|upkeep\n|turn|8\n|\n|t:|1658951828\n|switch|p1a: Slowbro|Slowbro, M|100\/100\n|switch|p2a: Corviknight|Corviknight, F|76\/100\n|-ability|p2a: Corviknight|Pressure\n|\n|upkeep\n|turn|9\n|\n|t:|1658951833\n|move|p2a: Corviknight|U-turn|p1a: Slowbro\n|-supereffective|p1a: Slowbro\n|-damage|p1a: Slowbro|83\/100\n|\n|t:|1658951837\n|switch|p2a: Ninetales|Ninetales-Alola, M|100\/100|[from]move: U-turn\n|-weather|Hail|[from] ability: Snow Warning|[of] p2a: Ninetales\n|move|p1a: Slowbro|Teleport|p1a: Slowbro\n|\n|t:|1658951860\n|switch|p1a: Tyranitar|Tyranitar, M|100\/100|[from]move: Teleport\n|-weather|Sandstorm|[from] ability: Sand Stream|[of] p1a: Tyranitar\n|\n|-weather|Sandstorm|[upkeep]\n|-damage|p2a: Ninetales|94\/100|[from] Sandstorm\n|upkeep\n|turn|10\n|\n|t:|1658951881\n|switch|p2a: Corviknight|Corviknight, F|76\/100\n|-ability|p2a: Corviknight|Pressure\n|move|p1a: Tyranitar|Stone Edge|p2a: Corviknight|[miss]\n|-miss|p1a: Tyranitar|p2a: Corviknight\n|\n|-weather|Sandstorm|[upkeep]\n|upkeep\n|turn|11\n|\n|t:|1658951887\n|switch|p1a: Landorus|Landorus-Therian, M|17\/100\n|-ability|p1a: Landorus|Intimidate|boost\n|-unboost|p2a: Corviknight|atk|1\n|move|p2a: Corviknight|U-turn|p1a: Landorus\n|-resisted|p1a: Landorus\n|-damage|p1a: Landorus|12\/100\n|\n|t:|1658951894\n|switch|p2a: Ninetales|Ninetales-Alola, M|94\/100|[from]move: U-turn\n|-weather|Hail|[from] ability: Snow Warning|[of] p2a: Ninetales\n|\n|-weather|Hail|[upkeep]\n|-damage|p1a: Landorus|6\/100|[from] Hail\n|-heal|p1a: Landorus|12\/100|[from] item: Leftovers\n|upkeep\n|turn|12\n|\n|t:|1658951899\n|move|p2a: Ninetales|Blizzard|p1a: Landorus\n|-supereffective|p1a: Landorus\n|-damage|p1a: Landorus|0 fnt\n|faint|p1a: Landorus\n|\n|-weather|Hail|[upkeep]\n|upkeep\n|\n|t:|1658951901\n|switch|p1a: Tyranitar|Tyranitar, M|100\/100\n|-weather|Sandstorm|[from] ability: Sand Stream|[of] p1a: Tyranitar\n|turn|13\n|\n|t:|1658951906\n|switch|p2a: Corviknight|Corviknight, F|76\/100\n|-ability|p2a: Corviknight|Pressure\n|move|p1a: Tyranitar|Stone Edge|p2a: Corviknight|[miss]\n|-miss|p1a: Tyranitar|p2a: Corviknight\n|\n|-weather|Sandstorm|[upkeep]\n|upkeep\n|turn|14\n|c|\u2606Road to 1.7k elo|mbad\n|\n|t:|1658951913\n|move|p1a: Tyranitar|Stone Edge|p2a: Corviknight\n|-crit|p2a: Corviknight\n|-damage|p2a: Corviknight|0 fnt\n|faint|p2a: Corviknight\n|\n|-weather|Sandstorm|[upkeep]\n|upkeep\n|\n|t:|1658951918\n|switch|p2a: Ninetales|Ninetales-Alola, M|94\/100\n|-weather|Hail|[from] ability: Snow Warning|[of] p2a: Ninetales\n|turn|15\n|\n|t:|1658951925\n|switch|p1a: Slowbro|Slowbro, M|100\/100\n|move|p2a: Ninetales|Aurora Veil|p2a: Ninetales\n|-sidestart|p2: Road to 1.7k elo|move: Aurora Veil\n|\n|-weather|Hail|[upkeep]\n|-damage|p1a: Slowbro|94\/100|[from] Hail\n|upkeep\n|turn|16\n|\n|t:|1658951931\n|switch|p2a: Tapu Fini|Tapu Fini|57\/100\n|-fieldstart|move: Misty Terrain|[from] ability: Misty Surge|[of] p2a: Tapu Fini\n|move|p1a: Slowbro|Teleport|p1a: Slowbro\n|\n|t:|1658951935\n|switch|p1a: Kartana|Kartana|84\/100|[from]move: Teleport\n|\n|-weather|Hail|[upkeep]\n|-damage|p1a: Kartana|78\/100|[from] Hail\n|-damage|p2a: Tapu Fini|51\/100|[from] Hail\n|-heal|p2a: Tapu Fini|57\/100|[from] item: Leftovers\n|upkeep\n|turn|17\n|\n|t:|1658951938\n|switch|p2a: Blaziken|Blaziken, F|100\/100\n|-item|p2a: Blaziken|Air Balloon\n|move|p1a: Kartana|Leaf Blade|p2a: Blaziken\n|-resisted|p2a: Blaziken\n|-crit|p2a: Blaziken\n|-damage|p2a: Blaziken|40\/100\n|-enditem|p2a: Blaziken|Air Balloon\n|\n|-weather|Hail|[upkeep]\n|-damage|p1a: Kartana|72\/100|[from] Hail\n|-damage|p2a: Blaziken|34\/100|[from] Hail\n|upkeep\n|turn|18\n|\n|t:|1658951948\n|switch|p1a: Slowbro|Slowbro, M|100\/100\n|move|p2a: Blaziken|Swords Dance|p2a: Blaziken\n|-boost|p2a: Blaziken|atk|2\n|\n|-weather|Hail|[upkeep]\n|-damage|p2a: Blaziken|28\/100|[from] Hail\n|-damage|p1a: Slowbro|94\/100|[from] Hail\n|-ability|p2a: Blaziken|Speed Boost|boost\n|-boost|p2a: Blaziken|spe|1\n|upkeep\n|turn|19\n|\n|t:|1658951952\n|move|p2a: Blaziken|Thunder Punch|p1a: Slowbro\n|-supereffective|p1a: Slowbro\n|-damage|p1a: Slowbro|36\/100\n|move|p1a: Slowbro|Scald|p2a: Blaziken\n|-supereffective|p2a: Blaziken\n|-damage|p2a: Blaziken|0 fnt\n|faint|p2a: Blaziken\n|\n|-weather|none\n|upkeep\n|\n|t:|1658951965\n|switch|p2a: Garchomp|Garchomp, F|100\/100\n|turn|20\n|\n|t:|1658951970\n|move|p2a: Garchomp|Swords Dance|p2a: Garchomp\n|-boost|p2a: Garchomp|atk|2\n|move|p1a: Slowbro|Teleport|p1a: Slowbro\n|\n|t:|1658951972\n|switch|p1a: Weavile|Weavile, M|100\/100|[from]move: Teleport\n|-ability|p1a: Weavile|Pressure\n|\n|-fieldend|Misty Terrain\n|upkeep\n|turn|21\n|\n|t:|1658951977\n|switch|p2a: Ninetales|Ninetales-Alola, M|94\/100\n|-weather|Hail|[from] ability: Snow Warning|[of] p2a: Ninetales\n|move|p1a: Weavile|Triple Axel|p2a: Ninetales\n|-resisted|p2a: Ninetales\n|-damage|p2a: Ninetales|89\/100\n|-resisted|p2a: Ninetales\n|-damage|p2a: Ninetales|80\/100\n|-resisted|p2a: Ninetales\n|-damage|p2a: Ninetales|64\/100\n|-hitcount|p2a: Ninetales|3\n|-damage|p1a: Weavile|91\/100|[from] item: Life Orb\n|\n|-weather|Hail|[upkeep]\n|upkeep\n|turn|22\n|\n|t:|1658951991\n|switch|p1a: Corviknight|Corviknight, M|100\/100\n|-ability|p1a: Corviknight|Pressure\n|move|p2a: Ninetales|Moonblast|p1a: Corviknight\n|-resisted|p1a: Corviknight\n|-damage|p1a: Corviknight|86\/100\n|-unboost|p1a: Corviknight|spa|1\n|\n|-weather|Hail|[upkeep]\n|-damage|p1a: Corviknight|80\/100|[from] Hail\n|-sideend|p2: Road to 1.7k elo|move: Aurora Veil\n|upkeep\n|turn|23\n|\n|t:|1658951997\n|switch|p1a: Tyranitar|Tyranitar, M|100\/100\n|-weather|Sandstorm|[from] ability: Sand Stream|[of] p1a: Tyranitar\n|move|p2a: Ninetales|Aurora Veil||[still]\n|-fail|p2a: Ninetales\n|\n|-weather|Sandstorm|[upkeep]\n|-damage|p2a: Ninetales|58\/100|[from] Sandstorm\n|upkeep\n|turn|24\n|\n|t:|1658952004\n|move|p2a: Ninetales|Moonblast|p1a: Tyranitar\n|-supereffective|p1a: Tyranitar\n|-damage|p1a: Tyranitar|64\/100\n|move|p1a: Tyranitar|Fire Punch|p2a: Ninetales\n|-supereffective|p2a: Ninetales\n|-damage|p2a: Ninetales|0 fnt\n|faint|p2a: Ninetales\n|\n|-weather|Sandstorm|[upkeep]\n|upkeep\n|\n|t:|1658952010\n|switch|p2a: Garchomp|Garchomp, F|100\/100\n|turn|25\n|\n|t:|1658952016\n|switch|p1a: Weavile|Weavile, M|91\/100\n|-ability|p1a: Weavile|Pressure\n|move|p2a: Garchomp|Scale Shot|p1a: Weavile\n|-damage|p1a: Weavile|67\/100\n|-damage|p1a: Weavile|44\/100\n|-hitcount|p1a: Weavile|2\n|-unboost|p2a: Garchomp|def|1\n|-boost|p2a: Garchomp|spe|1\n|\n|-weather|Sandstorm|[upkeep]\n|-damage|p1a: Weavile|38\/100|[from] Sandstorm\n|upkeep\n|turn|26\n|\n|t:|1658952023\n|switch|p2a: Tapu Fini|Tapu Fini|57\/100\n|-fieldstart|move: Misty Terrain|[from] ability: Misty Surge|[of] p2a: Tapu Fini\n|move|p1a: Weavile|Swords Dance|p1a: Weavile\n|-boost|p1a: Weavile|atk|2\n|\n|-weather|Sandstorm|[upkeep]\n|-damage|p1a: Weavile|32\/100|[from] Sandstorm\n|-damage|p2a: Tapu Fini|51\/100|[from] Sandstorm\n|-heal|p2a: Tapu Fini|57\/100|[from] item: Leftovers\n|upkeep\n|turn|27\n|\n|t:|1658952027\n|move|p1a: Weavile|Triple Axel|p2a: Tapu Fini\n|-resisted|p2a: Tapu Fini\n|-damage|p2a: Tapu Fini|46\/100\n|-resisted|p2a: Tapu Fini\n|-crit|p2a: Tapu Fini\n|-damage|p2a: Tapu Fini|8\/100\n|-resisted|p2a: Tapu Fini\n|-damage|p2a: Tapu Fini|0 fnt\n|faint|p2a: Tapu Fini\n|-hitcount|p2: Tapu Fini|3\n|-damage|p1a: Weavile|22\/100|[from] item: Life Orb\n|\n|-weather|none\n|upkeep\n|\n|t:|1658952035\n|switch|p2a: Dragapult|Dragapult, F|100\/100\n|turn|28\n|\n|t:|1658952040\n|switch|p1a: Tyranitar|Tyranitar, M|64\/100\n|-weather|Sandstorm|[from] ability: Sand Stream|[of] p1a: Tyranitar\n|move|p2a: Dragapult|U-turn|p1a: Tyranitar\n|-supereffective|p1a: Tyranitar\n|-damage|p1a: Tyranitar|34\/100\n|\n|t:|1658952043\n|switch|p2a: Garchomp|Garchomp, F|100\/100|[from]move: U-turn\n|\n|-weather|Sandstorm|[upkeep]\n|upkeep\n|turn|29\n|\n|t:|1658952053\n|move|p2a: Garchomp|Swords Dance|p2a: Garchomp\n|-boost|p2a: Garchomp|atk|2\n|move|p1a: Tyranitar|Crunch|p2a: Garchomp\n|-damage|p2a: Garchomp|36\/100\n|-damage|p1a: Tyranitar|22\/100|[from] ability: Rough Skin|[of] p2a: Garchomp\n|\n|-weather|Sandstorm|[upkeep]\n|-heal|p2a: Garchomp|43\/100|[from] item: Leftovers\n|upkeep\n|turn|30\n|\n|t:|1658952055\n|move|p2a: Garchomp|Scale Shot|p1a: Tyranitar\n|-damage|p1a: Tyranitar|12\/100\n|-damage|p1a: Tyranitar|1\/100\n|-hitcount|p1a: Tyranitar|2\n|-unboost|p2a: Garchomp|def|1\n|-boost|p2a: Garchomp|spe|1\n|move|p1a: Tyranitar|Crunch|p2a: Garchomp\n|-damage|p2a: Garchomp|0 fnt\n|-damage|p1a: Tyranitar|0 fnt|[from] ability: Rough Skin|[of] p2a: Garchomp\n|faint|p2a: Garchomp\n|faint|p1a: Tyranitar\n|\n|-weather|Sandstorm|[upkeep]\n|-fieldend|Misty Terrain\n|upkeep\n|\n|t:|1658952071\n|switch|p2a: Dragapult|Dragapult, F|100\/100\n|switch|p1a: Kartana|Kartana|72\/100\n|turn|31\n|\n|t:|1658952073\n|move|p1a: Kartana|Knock Off|p2a: Dragapult\n|-supereffective|p2a: Dragapult\n|-damage|p2a: Dragapult|0 fnt\n|-enditem|p2a: Dragapult|Choice Specs|[from] move: Knock Off|[of] p1a: Kartana\n|faint|p2a: Dragapult\n|\n|win|2(H2O)\n|raw|2(H2O)'s rating: 1575 &rarr; <strong>1600<\/strong><br \/>(+25 for winning)\n|raw|Road to 1.7k elo's rating: 1662 &rarr; <strong>1637<\/strong><br \/>(-25 for losing)\n|l|\u2606Road to 1.7k elo\n|l|\u26062(H2O)\n||Ladder isn't responding, score probably updated but might not have (Request timeout).\n|j|\u26062(H2O)\n|player|p1|2(H2O)|chase\n","uploadtime":1658952202,"views":62,"p1id":"2h2o","p2id":"roadto17kelo","formatid":"gen8ou","rating":1600,"private":0,"password":null}