{"id":"gen8ou-1688377011","p1":"d18l","p2":"njhjj","format":"gen8ou","log":"|html|<div class=\"broadcast-blue\"><strong>[Gen 8] OU is currently suspecting Melmetal! For information on how to participate check out the <a href=\"https:\/\/www.smogon.com\/forums\/threads\/np-ss-ou-suspect-process-round-12-monster-mash.3709234\/\">suspect thread<\/a>.<\/strong><\/div>\n|j|\u2606d18l\n|j|\u2606njhjj\n|t:|1666058615\n|gametype|singles\n|player|p1|d18l|backpacker|1697\n|player|p2|njhjj|169|1626\n|teamsize|p1|6\n|teamsize|p2|6\n|gen|8\n|tier|[Gen 8] OU\n|rated|\n|rule|Sleep Clause Mod: Limit one foe put to sleep\n|rule|Species Clause: Limit one of each Pok\u00e9mon\n|rule|OHKO Clause: OHKO moves are banned\n|rule|Evasion Items Clause: Evasion items are banned\n|rule|Evasion Moves Clause: Evasion moves are banned\n|rule|Endless Battle Clause: Forcing endless battles is banned\n|rule|HP Percentage Mod: HP is shown in percentages\n|rule|Dynamax Clause: You cannot dynamax\n|clearpoke\n|poke|p1|Tapu Koko|\n|poke|p1|Victini|\n|poke|p1|Landorus-Therian, M|\n|poke|p1|Tornadus-Therian, M|\n|poke|p1|Rotom-Wash|\n|poke|p1|Ferrothorn, M|\n|poke|p2|Dragalge, M|\n|poke|p2|Gyarados, M|\n|poke|p2|Excadrill, M|\n|poke|p2|Volcarona, M|\n|poke|p2|Ninetales-Alola, M|\n|poke|p2|Kartana|\n|teampreview\n|c|\u2606njhjj|glhf\n|inactive|Battle timer is ON: inactive players will automatically lose when time's up. (requested by njhjj)\n|c|\u2606d18l|glhf\n|\n|t:|1666058646\n|start\n|switch|p1a: Victini|Victini|100\/100\n|switch|p2a: Ninetales|Ninetales-Alola, M|100\/100\n|-weather|Hail|[from] ability: Snow Warning|[of] p2a: Ninetales\n|turn|1\n|\n|t:|1666058658\n|switch|p2a: Dragalge|Dragalge, M|100\/100\n|move|p1a: Victini|V-create|p2a: Dragalge\n|-resisted|p2a: Dragalge\n|-damage|p2a: Dragalge|57\/100\n|-unboost|p1a: Victini|spe|1\n|-unboost|p1a: Victini|def|1\n|-unboost|p1a: Victini|spd|1\n|\n|-weather|Hail|[upkeep]\n|-damage|p1a: Victini|94\/100|[from] Hail\n|-damage|p2a: Dragalge|51\/100|[from] Hail\n|upkeep\n|turn|2\n|inactive|njhjj has 120 seconds left.\n|\n|t:|1666058690\n|move|p1a: Victini|U-turn|p2a: Dragalge\n|-resisted|p2a: Dragalge\n|-damage|p2a: Dragalge|39\/100\n|inactive|d18l has 120 seconds left.\n|\n|t:|1666058718\n|switch|p1a: Tornadus|Tornadus-Therian, M|100\/100|[from]move: U-turn\n|move|p2a: Dragalge|Draco Meteor|p1a: Tornadus\n|-damage|p1a: Tornadus|12\/100\n|-unboost|p2a: Dragalge|spa|2\n|\n|-weather|Hail|[upkeep]\n|-damage|p1a: Tornadus|5\/100|[from] Hail\n|-damage|p2a: Dragalge|33\/100|[from] Hail\n|upkeep\n|turn|3\n|inactive|njhjj has 120 seconds left.\n|\n|t:|1666058744\n|switch|p2a: Ninetales|Ninetales-Alola, M|100\/100\n|move|p1a: Tornadus|U-turn|p2a: Ninetales\n|-resisted|p2a: Ninetales\n|-damage|p2a: Ninetales|91\/100\n|inactive|d18l has 90 seconds left.\n|\n|t:|1666058780\n|switch|p1a: Victini|Victini|94\/100|[from]move: U-turn\n|\n|-weather|Hail|[upkeep]\n|-damage|p1a: Victini|88\/100|[from] Hail\n|upkeep\n|turn|4\n|inactive|njhjj has 120 seconds left.\n|\n|t:|1666058795\n|move|p2a: Ninetales|Aurora Veil|p2a: Ninetales\n|-sidestart|p2: njhjj|move: Aurora Veil\n|move|p1a: Victini|V-create|p2a: Ninetales\n|-supereffective|p2a: Ninetales\n|-damage|p2a: Ninetales|0 fnt\n|-unboost|p1a: Victini|spe|1\n|-unboost|p1a: Victini|def|1\n|-unboost|p1a: Victini|spd|1\n|faint|p2a: Ninetales\n|\n|-weather|Hail|[upkeep]\n|-damage|p1a: Victini|82\/100|[from] Hail\n|upkeep\n|\n|t:|1666058814\n|switch|p2a: Volcarona|Volcarona, M|100\/100\n|turn|5\n|\n|t:|1666058821\n|switch|p1a: Landorus|Landorus-Therian, M|100\/100\n|-ability|p1a: Landorus|Intimidate|boost\n|-unboost|p2a: Volcarona|atk|1\n|move|p2a: Volcarona|Quiver Dance|p2a: Volcarona\n|-boost|p2a: Volcarona|spa|1\n|-boost|p2a: Volcarona|spd|1\n|-boost|p2a: Volcarona|spe|1\n|\n|-weather|none\n|upkeep\n|turn|6\n|\n|t:|1666058826\n|move|p2a: Volcarona|Fiery Dance|p1a: Landorus\n|-damage|p1a: Landorus|44\/100\n|move|p1a: Landorus|Toxic|p2a: Volcarona\n|-status|p2a: Volcarona|tox\n|\n|-heal|p1a: Landorus|50\/100|[from] item: Leftovers\n|-damage|p2a: Volcarona|94\/100 tox|[from] psn\n|upkeep\n|turn|7\n|inactive|d18l has 120 seconds left.\n|inactive|d18l has 90 seconds left.\n|\n|t:|1666058864\n|move|p2a: Volcarona|Fiery Dance|p1a: Landorus\n|-damage|p1a: Landorus|0 fnt\n|-boost|p2a: Volcarona|spa|1\n|faint|p1a: Landorus\n|\n|-damage|p2a: Volcarona|82\/100 tox|[from] psn\n|upkeep\n|inactive|d18l has 90 seconds left.\n|\n|t:|1666058873\n|switch|p1a: Victini|Victini|82\/100\n|turn|8\n|inactive|njhjj has 120 seconds left.\n|\n|t:|1666058893\n|move|p2a: Volcarona|Fiery Dance|p1a: Victini\n|-resisted|p1a: Victini\n|-damage|p1a: Victini|37\/100\n|-boost|p2a: Volcarona|spa|1\n|move|p1a: Victini|V-create|p2a: Volcarona\n|-crit|p2a: Volcarona\n|-damage|p2a: Volcarona|0 fnt\n|-unboost|p1a: Victini|spe|1\n|-unboost|p1a: Victini|def|1\n|-unboost|p1a: Victini|spd|1\n|faint|p2a: Volcarona\n|\n|upkeep\n|\n|t:|1666058906\n|switch|p2a: Kartana|Kartana|100\/100\n|turn|9\n|\n|t:|1666058911\n|switch|p1a: Ferrothorn|Ferrothorn, M|100\/100\n|move|p2a: Kartana|Knock Off|p1a: Ferrothorn\n|-damage|p1a: Ferrothorn|81\/100\n|-damage|p2a: Kartana|88\/100|[from] ability: Iron Barbs|[of] p1a: Ferrothorn\n|-damage|p2a: Kartana|72\/100|[from] item: Rocky Helmet|[of] p1a: Ferrothorn\n|-enditem|p1a: Ferrothorn|Rocky Helmet|[from] move: Knock Off|[of] p2a: Kartana\n|\n|upkeep\n|turn|10\n|\n|t:|1666058920\n|move|p2a: Kartana|Swords Dance|p2a: Kartana\n|-boost|p2a: Kartana|atk|2\n|move|p1a: Ferrothorn|Leech Seed|p2a: Kartana\n|-immune|p2a: Kartana\n|\n|upkeep\n|turn|11\n|inactive|njhjj has 120 seconds left.\n|\n|t:|1666058945\n|switch|p1a: Victini|Victini|37\/100\n|move|p2a: Kartana|Knock Off|p1a: Victini\n|-supereffective|p1a: Victini\n|-crit|p1a: Victini\n|-damage|p1a: Victini|0 fnt\n|-enditem|p1a: Victini|Heavy-Duty Boots|[from] move: Knock Off|[of] p2a: Kartana\n|faint|p1a: Victini\n|-ability|p2a: Kartana|Beast Boost|boost\n|-boost|p2a: Kartana|spe|1\n|\n|-sideend|p2: njhjj|move: Aurora Veil\n|upkeep\n|j| BTQX\n|inactive|d18l has 90 seconds left.\n|-message|d18l forfeited.\n|\n|win|njhjj\n|raw|d18l's rating: 1697 &rarr; <strong>1672<\/strong><br \/>(-25 for losing)\n|raw|njhjj's rating: 1609 &rarr; <strong>1634<\/strong><br \/>(+25 for winning)\n|l|\u2606d18l\n||Ladder isn't responding, score probably updated but might not have (Request timeout).\n","uploadtime":1666059003,"views":9,"p1id":"d18l","p2id":"njhjj","formatid":"gen8ou","rating":1634,"private":0,"password":null}