{"id":"gen8ou-1134465139","p1":"cold.exe","p2":"BOX CRUSHER","format":"gen8ou","log":"|j|\u2606cold.exe\n|j|\u2606BOX CRUSHER\n|player|p1|cold.exe|red|1460\n|player|p2|BOX CRUSHER|fisherman|1457\n|teamsize|p1|6\n|teamsize|p2|6\n|gametype|singles\n|gen|8\n|tier|[Gen 8] OU\n|rated|\n|clearpoke\n|poke|p1|Hydreigon, F|\n|poke|p1|Clefable, M|\n|poke|p1|Toxapex, F|\n|poke|p1|Corviknight, M|\n|poke|p1|Kommo-o, M|\n|poke|p1|Zeraora|\n|poke|p2|Kyurem|\n|poke|p2|Cinderace, M|\n|poke|p2|Sigilyph, M|\n|poke|p2|Hippowdon, F|\n|poke|p2|Aegislash, F|\n|poke|p2|Clefable, F|\n|rule|Sleep Clause Mod: Limit one foe put to sleep\n|rule|Species Clause: Limit one of each Pok\u00e9mon\n|rule|OHKO Clause: OHKO moves are banned\n|rule|Evasion Moves Clause: Evasion moves are banned\n|rule|Endless Battle Clause: Forcing endless battles is banned\n|rule|HP Percentage Mod: HP is shown in percentages\n|rule|Dynamax Clause: You cannot dynamax\n|teampreview\n|inactive|Battle timer is ON: inactive players will automatically lose when time's up. (requested by cold.exe)\n|\n|start\n|switch|p1a: Toxapex|Toxapex, F|100\/100\n|switch|p2a: Hippowdon|Hippowdon, F|100\/100\n|-weather|Sandstorm|[from] ability: Sand Stream|[of] p2a: Hippowdon\n|turn|1\n|\n|switch|p2a: Sigilyph|Sigilyph, M|100\/100\n|move|p1a: Toxapex|Knock Off|p2a: Sigilyph\n|-supereffective|p2a: Sigilyph\n|-damage|p2a: Sigilyph|66\/100\n|-enditem|p2a: Sigilyph|Life Orb|[from] move: Knock Off|[of] p1a: Toxapex\n|\n|-weather|Sandstorm|[upkeep]\n|-damage|p1a: Toxapex|95\/100|[from] Sandstorm\n|-heal|p1a: Toxapex|100\/100|[from] item: Black Sludge\n|upkeep\n|turn|2\n|\n|switch|p1a: Clefable|Clefable, M|100\/100\n|move|p2a: Sigilyph|Calm Mind|p2a: Sigilyph\n|-boost|p2a: Sigilyph|spa|1\n|-boost|p2a: Sigilyph|spd|1\n|\n|-weather|Sandstorm|[upkeep]\n|-damage|p1a: Clefable|94\/100|[from] Sandstorm\n|upkeep\n|turn|3\n|\n|move|p2a: Sigilyph|Psychic|p1a: Clefable\n|-damage|p1a: Clefable|72\/100\n|move|p1a: Clefable|Moonblast|p2a: Sigilyph\n|-damage|p2a: Sigilyph|29\/100\n|\n|-weather|Sandstorm|[upkeep]\n|-damage|p1a: Clefable|66\/100|[from] Sandstorm\n|upkeep\n|turn|4\n|\n|switch|p2a: Hippowdon|Hippowdon, F|100\/100\n|move|p1a: Clefable|Wish|p1a: Clefable\n|\n|-weather|Sandstorm|[upkeep]\n|-damage|p1a: Clefable|60\/100|[from] Sandstorm\n|upkeep\n|turn|5\n|\n|move|p1a: Clefable|Moonblast|p2a: Hippowdon\n|-damage|p2a: Hippowdon|67\/100\n|-unboost|p2a: Hippowdon|spa|1\n|move|p2a: Hippowdon|Toxic|p1a: Clefable\n|-status|p1a: Clefable|tox\n|\n|-weather|none\n|-heal|p1a: Clefable|100\/100 tox|[from] move: Wish|[wisher] Clefable\n|-heal|p2a: Hippowdon|74\/100|[from] item: Leftovers\n|-damage|p1a: Clefable|94\/100 tox|[from] psn\n|upkeep\n|turn|6\n|\n|switch|p1a: Kommo-o|Kommo-o, M|100\/100\n|move|p2a: Hippowdon|Earthquake|p1a: Kommo-o\n|-damage|p1a: Kommo-o|74\/100\n|\n|-heal|p2a: Hippowdon|80\/100|[from] item: Leftovers\n|upkeep\n|turn|7\n|\n|move|p1a: Kommo-o|Toxic|p2a: Hippowdon|[miss]\n|-miss|p1a: Kommo-o|p2a: Hippowdon\n|move|p2a: Hippowdon|Toxic|p1a: Kommo-o\n|-status|p1a: Kommo-o|tox\n|\n|-heal|p2a: Hippowdon|86\/100|[from] item: Leftovers\n|-damage|p1a: Kommo-o|68\/100 tox|[from] psn\n|upkeep\n|turn|8\n|\n|switch|p2a: Clefable|Clefable, F|100\/100\n|move|p1a: Kommo-o|Stealth Rock|p2a: Clefable\n|-sidestart|p2: BOX CRUSHER|move: Stealth Rock\n|\n|-damage|p1a: Kommo-o|55\/100 tox|[from] psn\n|upkeep\n|turn|9\n|\n|switch|p1a: Toxapex|Toxapex, F|100\/100\n|move|p2a: Clefable|Wish|p2a: Clefable\n|\n|upkeep\n|turn|10\n|\n|switch|p2a: Sigilyph|Sigilyph, M|29\/100\n|move|p1a: Toxapex|Knock Off|p2a: Sigilyph\n|-supereffective|p2a: Sigilyph\n|-damage|p2a: Sigilyph|3\/100\n|\n|-heal|p2a: Sigilyph|59\/100|[from] move: Wish|[wisher] Clefable\n|upkeep\n|turn|11\n|\n|switch|p1a: Hydreigon|Hydreigon, F|100\/100\n|move|p2a: Sigilyph|Roost|p2a: Sigilyph\n|-heal|p2a: Sigilyph|100\/100\n|-singleturn|p2a: Sigilyph|move: Roost\n|\n|upkeep\n|turn|12\n|\n|switch|p2a: Clefable|Clefable, F|100\/100\n|move|p1a: Hydreigon|Nasty Plot|p1a: Hydreigon\n|-boost|p1a: Hydreigon|spa|2\n|\n|upkeep\n|turn|13\n|\n|move|p1a: Hydreigon|Flash Cannon|p2a: Clefable\n|-supereffective|p2a: Clefable\n|-damage|p2a: Clefable|0 fnt\n|-damage|p1a: Hydreigon|91\/100|[from] item: Life Orb\n|faint|p2a: Clefable\n|\n|upkeep\n|\n|switch|p2a: Kyurem|Kyurem|100\/100\n|-damage|p2a: Kyurem|76\/100|[from] Stealth Rock\n|-ability|p2a: Kyurem|Pressure\n|turn|14\n|\n|move|p2a: Kyurem|Ice Beam|p1a: Hydreigon\n|-supereffective|p1a: Hydreigon\n|-damage|p1a: Hydreigon|0 fnt\n|faint|p1a: Hydreigon\n|\n|upkeep\n|j| hav a nice day\n|c| hav a nice day|have a nice day :)\n|\n|switch|p1a: Zeraora|Zeraora|100\/100\n|turn|15\n|\n|switch|p2a: Hippowdon|Hippowdon, F|86\/100\n|-damage|p2a: Hippowdon|80\/100|[from] Stealth Rock\n|-weather|Sandstorm|[from] ability: Sand Stream|[of] p2a: Hippowdon\n|move|p1a: Zeraora|Toxic|p2a: Hippowdon|[miss]\n|-miss|p1a: Zeraora|p2a: Hippowdon\n|\n|-weather|Sandstorm|[upkeep]\n|-damage|p1a: Zeraora|95\/100|[from] Sandstorm\n|-heal|p2a: Hippowdon|86\/100|[from] item: Leftovers\n|upkeep\n|turn|16\n|c|\u2606cold.exe|Nice\n|inactive|cold.exe has 120 seconds left.\n|c|\u2606cold.exe|2 toxic misses already\n|\n|switch|p1a: Kommo-o|Kommo-o, M|55\/100 tox\n|move|p2a: Hippowdon|Earthquake|p1a: Kommo-o\n|-damage|p1a: Kommo-o|31\/100 tox\n|\n|-weather|Sandstorm|[upkeep]\n|-damage|p1a: Kommo-o|25\/100 tox|[from] Sandstorm\n|-heal|p2a: Hippowdon|92\/100|[from] item: Leftovers\n|-damage|p1a: Kommo-o|18\/100 tox|[from] psn\n|upkeep\n|turn|17\n|inactive|cold.exe has 120 seconds left.\n|l| hav a nice day\n|\n|switch|p2a: Aegislash|Aegislash, F|100\/100\n|-damage|p2a: Aegislash|94\/100|[from] Stealth Rock\n|move|p1a: Kommo-o|Toxic|p2a: Aegislash|[miss]\n|-miss|p1a: Kommo-o|p2a: Aegislash\n|\n|-weather|Sandstorm|[upkeep]\n|-damage|p1a: Kommo-o|12\/100 tox|[from] Sandstorm\n|-heal|p2a: Aegislash|100\/100|[from] item: Leftovers\n|-damage|p1a: Kommo-o|0 fnt|[from] psn\n|faint|p1a: Kommo-o\n|upkeep\n|\n|switch|p1a: Toxapex|Toxapex, F|100\/100\n|turn|18\n|\n|move|p2a: Aegislash|King's Shield|p2a: Aegislash\n|-singleturn|p2a: Aegislash|Protect\n|move|p1a: Toxapex|Knock Off|p2a: Aegislash\n|-activate|p2a: Aegislash|move: Protect\n|-unboost|p1a: Toxapex|atk|1\n|\n|-weather|Sandstorm|[upkeep]\n|-damage|p1a: Toxapex|95\/100|[from] Sandstorm\n|-heal|p1a: Toxapex|100\/100|[from] item: Black Sludge\n|upkeep\n|turn|19\n|\n|move|p2a: Aegislash|Substitute|p2a: Aegislash\n|-start|p2a: Aegislash|Substitute\n|-damage|p2a: Aegislash|76\/100\n|move|p1a: Toxapex|Knock Off|p2a: Aegislash\n|-supereffective|p2a: Aegislash\n|-activate|p2a: Aegislash|move: Substitute|[damage]\n|\n|-weather|none\n|-heal|p2a: Aegislash|82\/100|[from] item: Leftovers\n|upkeep\n|turn|20\n|\n|move|p2a: Aegislash|King's Shield|p2a: Aegislash\n|-singleturn|p2a: Aegislash|Protect\n|move|p1a: Toxapex|Knock Off|p2a: Aegislash\n|-activate|p2a: Aegislash|move: Protect\n|-unboost|p1a: Toxapex|atk|1\n|\n|-heal|p2a: Aegislash|88\/100|[from] item: Leftovers\n|upkeep\n|turn|21\n|\n|-formechange|p2a: Aegislash|Aegislash-Blade||[from] ability: Stance Change\n|move|p2a: Aegislash|Shadow Ball|p1a: Toxapex\n|-damage|p1a: Toxapex|69\/100\n|move|p1a: Toxapex|Haze|p1a: Toxapex\n|-clearallboost\n|\n|-heal|p2a: Aegislash|94\/100|[from] item: Leftovers\n|-heal|p1a: Toxapex|75\/100|[from] item: Black Sludge\n|upkeep\n|turn|22\n|\n|switch|p2a: Sigilyph|Sigilyph, M|100\/100\n|move|p1a: Toxapex|Knock Off|p2a: Sigilyph\n|-supereffective|p2a: Sigilyph\n|-damage|p2a: Sigilyph|77\/100\n|\n|-heal|p1a: Toxapex|81\/100|[from] item: Black Sludge\n|upkeep\n|turn|23\n|\n|switch|p1a: Clefable|Clefable, M|94\/100 tox\n|move|p2a: Sigilyph|Psychic|p1a: Clefable\n|-crit|p1a: Clefable\n|-damage|p1a: Clefable|60\/100 tox\n|\n|-damage|p1a: Clefable|54\/100 tox|[from] psn\n|upkeep\n|turn|24\n|\n|switch|p2a: Aegislash|Aegislash, F|94\/100\n|-damage|p2a: Aegislash|88\/100|[from] Stealth Rock\n|move|p1a: Clefable|Aromatherapy|p1a: Clefable\n|-activate|p1a: Clefable|move: Aromatherapy\n|-curestatus|p1a: Clefable|tox|[msg]\n|\n|-heal|p2a: Aegislash|94\/100|[from] item: Leftovers\n|upkeep\n|turn|25\n|\n|switch|p1a: Corviknight|Corviknight, M|100\/100\n|-ability|p1a: Corviknight|Pressure\n|move|p2a: Aegislash|Toxic|p1a: Corviknight\n|-immune|p1a: Corviknight\n|\n|-heal|p2a: Aegislash|100\/100|[from] item: Leftovers\n|upkeep\n|turn|26\n|\n|switch|p2a: Cinderace|Cinderace, M|100\/100\n|move|p1a: Corviknight|U-turn|p2a: Cinderace\n|-resisted|p2a: Cinderace\n|-damage|p2a: Cinderace|90\/100\n|\n|switch|p1a: Toxapex|Toxapex, F|100\/100|[from]move: U-turn\n|\n|upkeep\n|turn|27\n|\n|move|p2a: Cinderace|Court Change|p2a: Cinderace\n|-start|p2a: Cinderace|typechange|Normal|[from] ability: Libero\n|-sideend|p2: BOX CRUSHER|Stealth Rock|[silent]\n|-sidestart|p1: cold.exe|Stealth Rock|[silent]\n|-activate|p2a: Cinderace|move: Court Change\n|move|p1a: Toxapex|Scald|p2a: Cinderace\n|-damage|p2a: Cinderace|67\/100\n|-status|p2a: Cinderace|brn\n|\n|-damage|p2a: Cinderace|61\/100 brn|[from] brn\n|upkeep\n|turn|28\n|\n|switch|p2a: Sigilyph|Sigilyph, M|77\/100\n|move|p1a: Toxapex|Knock Off|p2a: Sigilyph\n|-supereffective|p2a: Sigilyph\n|-damage|p2a: Sigilyph|52\/100\n|\n|upkeep\n|turn|29\n|\n|switch|p1a: Corviknight|Corviknight, M|100\/100\n|-damage|p1a: Corviknight|88\/100|[from] Stealth Rock\n|-ability|p1a: Corviknight|Pressure\n|move|p2a: Sigilyph|Calm Mind|p2a: Sigilyph\n|-boost|p2a: Sigilyph|spa|1\n|-boost|p2a: Sigilyph|spd|1\n|\n|-heal|p1a: Corviknight|94\/100|[from] item: Leftovers\n|upkeep\n|turn|30\n|\n|move|p2a: Sigilyph|Heat Wave|p1a: Corviknight\n|-supereffective|p1a: Corviknight\n|-damage|p1a: Corviknight|29\/100\n|move|p1a: Corviknight|Defog|p2a: Sigilyph\n|-unboost|p2a: Sigilyph|evasion|1\n|-sideend|p1: cold.exe|Stealth Rock|[from] move: Defog|[of] p1a: Corviknight\n|\n|-heal|p1a: Corviknight|35\/100|[from] item: Leftovers\n|upkeep\n|turn|31\n|\n|switch|p1a: Toxapex|Toxapex, F|100\/100\n|move|p2a: Sigilyph|Heat Wave|p1a: Toxapex|[miss]\n|-miss|p2a: Sigilyph|p1a: Toxapex\n|\n|upkeep\n|turn|32\n|\n|move|p2a: Sigilyph|Psychic|p1a: Toxapex\n|-supereffective|p1a: Toxapex\n|-damage|p1a: Toxapex|21\/100\n|move|p1a: Toxapex|Haze|p1a: Toxapex\n|-clearallboost\n|\n|-heal|p1a: Toxapex|27\/100|[from] item: Black Sludge\n|upkeep\n|turn|33\n|\n|switch|p1a: Clefable|Clefable, M|54\/100\n|move|p2a: Sigilyph|Psychic|p1a: Clefable\n|-damage|p1a: Clefable|30\/100\n|\n|upkeep\n|turn|34\n|\n|switch|p2a: Aegislash|Aegislash, F|100\/100\n|move|p1a: Clefable|Wish|p1a: Clefable\n|\n|upkeep\n|turn|35\n|\n|move|p1a: Clefable|Protect|p1a: Clefable\n|-singleturn|p1a: Clefable|Protect\n|-formechange|p2a: Aegislash|Aegislash-Blade||[from] ability: Stance Change\n|move|p2a: Aegislash|Shadow Ball|p1a: Clefable\n|-activate|p1a: Clefable|move: Protect\n|\n|-heal|p1a: Clefable|80\/100|[from] move: Wish|[wisher] Clefable\n|upkeep\n|turn|36\n|\n|switch|p1a: Toxapex|Toxapex, F|60\/100\n|move|p2a: Aegislash|Toxic|p1a: Toxapex\n|-immune|p1a: Toxapex\n|\n|-heal|p1a: Toxapex|66\/100|[from] item: Black Sludge\n|upkeep\n|turn|37\n|\n|-formechange|p2a: Aegislash|Aegislash||[from] ability: Stance Change\n|move|p2a: Aegislash|King's Shield|p2a: Aegislash\n|-singleturn|p2a: Aegislash|Protect\n|move|p1a: Toxapex|Scald|p2a: Aegislash\n|-activate|p2a: Aegislash|move: Protect\n|\n|-heal|p1a: Toxapex|72\/100|[from] item: Black Sludge\n|upkeep\n|turn|38\n|\n|switch|p2a: Sigilyph|Sigilyph, M|52\/100\n|move|p1a: Toxapex|Knock Off|p2a: Sigilyph\n|-supereffective|p2a: Sigilyph\n|-damage|p2a: Sigilyph|26\/100\n|\n|-heal|p1a: Toxapex|78\/100|[from] item: Black Sludge\n|upkeep\n|turn|39\n|\n|switch|p1a: Zeraora|Zeraora|95\/100\n|move|p2a: Sigilyph|Roost|p2a: Sigilyph\n|-heal|p2a: Sigilyph|76\/100\n|-singleturn|p2a: Sigilyph|move: Roost\n|\n|upkeep\n|turn|40\n|\n|switch|p2a: Cinderace|Cinderace, M|61\/100 brn\n|move|p1a: Zeraora|Plasma Fists|p2a: Cinderace\n|-damage|p2a: Cinderace|0 fnt\n|-fieldactivate|move: Ion Deluge\n|faint|p2a: Cinderace\n|\n|upkeep\n|\n|switch|p2a: Kyurem|Kyurem|76\/100\n|-ability|p2a: Kyurem|Pressure\n|turn|41\n|\n|switch|p1a: Clefable|Clefable, M|80\/100\n|move|p2a: Kyurem|Earth Power|p1a: Clefable\n|-damage|p1a: Clefable|58\/100\n|\n|upkeep\n|turn|42\n|\n|switch|p2a: Hippowdon|Hippowdon, F|92\/100\n|-weather|Sandstorm|[from] ability: Sand Stream|[of] p2a: Hippowdon\n|move|p1a: Clefable|Wish|p1a: Clefable\n|\n|-weather|Sandstorm|[upkeep]\n|-damage|p1a: Clefable|52\/100|[from] Sandstorm\n|-heal|p2a: Hippowdon|98\/100|[from] item: Leftovers\n|upkeep\n|turn|43\n|\n|switch|p2a: Sigilyph|Sigilyph, M|76\/100\n|move|p1a: Clefable|Moonblast|p2a: Sigilyph\n|-damage|p2a: Sigilyph|39\/100\n|-unboost|p2a: Sigilyph|spa|1\n|\n|-weather|Sandstorm|[upkeep]\n|-damage|p1a: Clefable|46\/100|[from] Sandstorm\n|-heal|p1a: Clefable|96\/100|[from] move: Wish|[wisher] Clefable\n|upkeep\n|turn|44\n|\n|switch|p2a: Aegislash|Aegislash, F|100\/100\n|move|p1a: Clefable|Moonblast|p2a: Aegislash\n|-resisted|p2a: Aegislash\n|-crit|p2a: Aegislash\n|-damage|p2a: Aegislash|86\/100\n|-unboost|p2a: Aegislash|spa|1\n|\n|-weather|Sandstorm|[upkeep]\n|-damage|p1a: Clefable|90\/100|[from] Sandstorm\n|-heal|p2a: Aegislash|92\/100|[from] item: Leftovers\n|upkeep\n|turn|45\n|\n|switch|p1a: Corviknight|Corviknight, M|35\/100\n|-ability|p1a: Corviknight|Pressure\n|move|p2a: Aegislash|Substitute|p2a: Aegislash\n|-start|p2a: Aegislash|Substitute\n|-damage|p2a: Aegislash|67\/100\n|\n|-weather|Sandstorm|[upkeep]\n|-heal|p2a: Aegislash|73\/100|[from] item: Leftovers\n|-heal|p1a: Corviknight|41\/100|[from] item: Leftovers\n|upkeep\n|turn|46\n|\n|-formechange|p2a: Aegislash|Aegislash-Blade||[from] ability: Stance Change\n|move|p2a: Aegislash|Shadow Ball|p1a: Corviknight\n|-damage|p1a: Corviknight|18\/100\n|move|p1a: Corviknight|Roost|p1a: Corviknight\n|-heal|p1a: Corviknight|68\/100\n|-singleturn|p1a: Corviknight|move: Roost\n|\n|-weather|none\n|-heal|p2a: Aegislash|79\/100|[from] item: Leftovers\n|-heal|p1a: Corviknight|75\/100|[from] item: Leftovers\n|upkeep\n|turn|47\n|\n|switch|p1a: Toxapex|Toxapex, F|100\/100\n|-formechange|p2a: Aegislash|Aegislash||[from] ability: Stance Change\n|move|p2a: Aegislash|King's Shield||[still]\n|-fail|p2a: Aegislash\n|\n|-heal|p2a: Aegislash|86\/100|[from] item: Leftovers\n|upkeep\n|turn|48\n|\n|-formechange|p2a: Aegislash|Aegislash-Blade||[from] ability: Stance Change\n|move|p2a: Aegislash|Shadow Ball|p1a: Toxapex\n|-damage|p1a: Toxapex|80\/100\n|move|p1a: Toxapex|Scald|p2a: Aegislash\n|-activate|p2a: Aegislash|move: Substitute|[damage]\n|\n|-heal|p2a: Aegislash|92\/100|[from] item: Leftovers\n|-heal|p1a: Toxapex|86\/100|[from] item: Black Sludge\n|upkeep\n|turn|49\n|\n|move|p2a: Aegislash|Shadow Ball|p1a: Toxapex\n|-damage|p1a: Toxapex|66\/100\n|move|p1a: Toxapex|Scald|p2a: Aegislash\n|-end|p2a: Aegislash|Substitute\n|\n|-heal|p2a: Aegislash|98\/100|[from] item: Leftovers\n|-heal|p1a: Toxapex|72\/100|[from] item: Black Sludge\n|upkeep\n|turn|50\n|\n|switch|p2a: Sigilyph|Sigilyph, M|39\/100\n|move|p1a: Toxapex|Scald|p2a: Sigilyph\n|-damage|p2a: Sigilyph|19\/100\n|\n|-heal|p1a: Toxapex|78\/100|[from] item: Black Sludge\n|upkeep\n|turn|51\n|\n|move|p2a: Sigilyph|Roost|p2a: Sigilyph\n|-heal|p2a: Sigilyph|69\/100\n|-singleturn|p2a: Sigilyph|move: Roost\n|move|p1a: Toxapex|Knock Off|p2a: Sigilyph\n|-supereffective|p2a: Sigilyph\n|-damage|p2a: Sigilyph|43\/100\n|\n|-heal|p1a: Toxapex|84\/100|[from] item: Black Sludge\n|upkeep\n|turn|52\n|\n|switch|p1a: Clefable|Clefable, M|90\/100\n|move|p2a: Sigilyph|Roost|p2a: Sigilyph\n|-heal|p2a: Sigilyph|93\/100\n|-singleturn|p2a: Sigilyph|move: Roost\n|\n|upkeep\n|turn|53\n|\n|switch|p2a: Hippowdon|Hippowdon, F|98\/100\n|-weather|Sandstorm|[from] ability: Sand Stream|[of] p2a: Hippowdon\n|move|p1a: Clefable|Moonblast|p2a: Hippowdon\n|-damage|p2a: Hippowdon|63\/100\n|\n|-weather|Sandstorm|[upkeep]\n|-damage|p1a: Clefable|84\/100|[from] Sandstorm\n|-heal|p2a: Hippowdon|69\/100|[from] item: Leftovers\n|upkeep\n|turn|54\n|inactive|BOX CRUSHER has 120 seconds left.\n|\n|move|p1a: Clefable|Moonblast|p2a: Hippowdon\n|-damage|p2a: Hippowdon|34\/100\n|move|p2a: Hippowdon|Toxic|p1a: Clefable\n|-status|p1a: Clefable|tox\n|\n|-weather|Sandstorm|[upkeep]\n|-damage|p1a: Clefable|78\/100 tox|[from] Sandstorm\n|-heal|p2a: Hippowdon|40\/100|[from] item: Leftovers\n|-damage|p1a: Clefable|72\/100 tox|[from] psn\n|upkeep\n|turn|55\n|\n|move|p1a: Clefable|Aromatherapy|p1a: Clefable\n|-activate|p1a: Clefable|move: Aromatherapy\n|-curestatus|p1a: Clefable|tox|[msg]\n|move|p2a: Hippowdon|Slack Off|p2a: Hippowdon\n|-heal|p2a: Hippowdon|90\/100\n|\n|-weather|Sandstorm|[upkeep]\n|-damage|p1a: Clefable|66\/100|[from] Sandstorm\n|-heal|p2a: Hippowdon|96\/100|[from] item: Leftovers\n|upkeep\n|turn|56\n|\n|move|p1a: Clefable|Wish|p1a: Clefable\n|move|p2a: Hippowdon|Toxic|p1a: Clefable\n|-status|p1a: Clefable|tox\n|\n|-weather|Sandstorm|[upkeep]\n|-damage|p1a: Clefable|60\/100 tox|[from] Sandstorm\n|-heal|p2a: Hippowdon|100\/100|[from] item: Leftovers\n|-damage|p1a: Clefable|54\/100 tox|[from] psn\n|upkeep\n|turn|57\n|\n|move|p1a: Clefable|Moonblast|p2a: Hippowdon\n|-damage|p2a: Hippowdon|65\/100\n|move|p2a: Hippowdon|Toxic|p1a: Clefable\n|-fail|p1a: Clefable|tox\n|\n|-weather|none\n|-heal|p1a: Clefable|100\/100 tox|[from] move: Wish|[wisher] Clefable\n|-heal|p2a: Hippowdon|72\/100|[from] item: Leftovers\n|-damage|p1a: Clefable|88\/100 tox|[from] psn\n|upkeep\n|turn|58\n|\n|move|p1a: Clefable|Aromatherapy|p1a: Clefable\n|-activate|p1a: Clefable|move: Aromatherapy\n|-curestatus|p1a: Clefable|tox|[msg]\n|move|p2a: Hippowdon|Toxic|p1a: Clefable\n|-status|p1a: Clefable|tox\n|\n|-heal|p2a: Hippowdon|78\/100|[from] item: Leftovers\n|-damage|p1a: Clefable|82\/100 tox|[from] psn\n|upkeep\n|turn|59\n|\n|move|p1a: Clefable|Moonblast|p2a: Hippowdon\n|-damage|p2a: Hippowdon|43\/100\n|move|p2a: Hippowdon|Toxic|p1a: Clefable\n|-fail|p1a: Clefable|tox\n|\n|-heal|p2a: Hippowdon|49\/100|[from] item: Leftovers\n|-damage|p1a: Clefable|70\/100 tox|[from] psn\n|upkeep\n|turn|60\n|\n|move|p1a: Clefable|Aromatherapy|p1a: Clefable\n|-activate|p1a: Clefable|move: Aromatherapy\n|-curestatus|p1a: Clefable|tox|[msg]\n|move|p2a: Hippowdon|Slack Off|p2a: Hippowdon\n|-heal|p2a: Hippowdon|99\/100\n|\n|-heal|p2a: Hippowdon|100\/100|[from] item: Leftovers\n|upkeep\n|turn|61\n|\n|switch|p1a: Toxapex|Toxapex, F|100\/100\n|move|p2a: Hippowdon|Whirlwind|p1a: Toxapex\n|drag|p1a: Clefable|Clefable, M|70\/100\n|\n|upkeep\n|turn|62\n|\n|switch|p1a: Toxapex|Toxapex, F|100\/100\n|move|p2a: Hippowdon|Earthquake|p1a: Toxapex\n|-supereffective|p1a: Toxapex\n|-damage|p1a: Toxapex|56\/100\n|\n|-heal|p1a: Toxapex|62\/100|[from] item: Black Sludge\n|upkeep\n|turn|63\n|\n|switch|p2a: Sigilyph|Sigilyph, M|93\/100\n|move|p1a: Toxapex|Scald|p2a: Sigilyph\n|-damage|p2a: Sigilyph|72\/100\n|-status|p2a: Sigilyph|brn\n|\n|-heal|p1a: Toxapex|68\/100|[from] item: Black Sludge\n|upkeep\n|turn|64\n|inactive|BOX CRUSHER has 120 seconds left.\n|\n|switch|p1a: Clefable|Clefable, M|70\/100\n|move|p2a: Sigilyph|Psychic|p1a: Clefable\n|-damage|p1a: Clefable|48\/100\n|\n|upkeep\n|turn|65\n|inactive|BOX CRUSHER has 120 seconds left.\n|\n|switch|p2a: Hippowdon|Hippowdon, F|100\/100\n|-weather|Sandstorm|[from] ability: Sand Stream|[of] p2a: Hippowdon\n|move|p1a: Clefable|Wish|p1a: Clefable\n|\n|-weather|Sandstorm|[upkeep]\n|-damage|p1a: Clefable|42\/100|[from] Sandstorm\n|upkeep\n|turn|66\n|\n|move|p1a: Clefable|Protect|p1a: Clefable\n|-singleturn|p1a: Clefable|Protect\n|move|p2a: Hippowdon|Toxic|p1a: Clefable\n|-activate|p1a: Clefable|move: Protect\n|\n|-weather|Sandstorm|[upkeep]\n|-damage|p1a: Clefable|36\/100|[from] Sandstorm\n|-heal|p1a: Clefable|86\/100|[from] move: Wish|[wisher] Clefable\n|upkeep\n|turn|67\n|\n|switch|p1a: Corviknight|Corviknight, M|75\/100\n|-ability|p1a: Corviknight|Pressure\n|move|p2a: Hippowdon|Toxic|p1a: Corviknight\n|-immune|p1a: Corviknight\n|\n|-weather|Sandstorm|[upkeep]\n|-heal|p1a: Corviknight|81\/100|[from] item: Leftovers\n|upkeep\n|turn|68\n|\n|switch|p2a: Aegislash|Aegislash, F|98\/100\n|move|p1a: Corviknight|U-turn|p2a: Aegislash\n|-resisted|p2a: Aegislash\n|-damage|p2a: Aegislash|95\/100\n|\n|switch|p1a: Zeraora|Zeraora|95\/100|[from]move: U-turn\n|\n|-weather|Sandstorm|[upkeep]\n|-damage|p1a: Zeraora|89\/100|[from] Sandstorm\n|-heal|p2a: Aegislash|100\/100|[from] item: Leftovers\n|upkeep\n|turn|69\n|\n|move|p2a: Aegislash|King's Shield|p2a: Aegislash\n|-singleturn|p2a: Aegislash|Protect\n|move|p1a: Zeraora|Knock Off|p2a: Aegislash\n|-activate|p2a: Aegislash|move: Protect\n|-unboost|p1a: Zeraora|atk|1\n|\n|-weather|none\n|upkeep\n|turn|70\n|\n|move|p1a: Zeraora|Knock Off|p2a: Aegislash\n|-supereffective|p2a: Aegislash\n|-damage|p2a: Aegislash|70\/100\n|-enditem|p2a: Aegislash|Leftovers|[from] move: Knock Off|[of] p1a: Zeraora\n|-formechange|p2a: Aegislash|Aegislash-Blade||[from] ability: Stance Change\n|move|p2a: Aegislash|Shadow Ball|p1a: Zeraora\n|-damage|p1a: Zeraora|43\/100\n|\n|upkeep\n|turn|71\n|\n|switch|p1a: Toxapex|Toxapex, F|100\/100\n|move|p2a: Aegislash|Shadow Ball|p1a: Toxapex\n|-damage|p1a: Toxapex|72\/100\n|\n|-heal|p1a: Toxapex|78\/100|[from] item: Black Sludge\n|upkeep\n|turn|72\n|\n|-formechange|p2a: Aegislash|Aegislash||[from] ability: Stance Change\n|move|p2a: Aegislash|King's Shield|p2a: Aegislash\n|-singleturn|p2a: Aegislash|Protect\n|move|p1a: Toxapex|Scald|p2a: Aegislash\n|-activate|p2a: Aegislash|move: Protect\n|\n|-heal|p1a: Toxapex|84\/100|[from] item: Black Sludge\n|upkeep\n|turn|73\n|inactive|BOX CRUSHER has 120 seconds left.\n|\n|switch|p2a: Sigilyph|Sigilyph, M|72\/100 brn\n|move|p1a: Toxapex|Scald|p2a: Sigilyph\n|-damage|p2a: Sigilyph|53\/100 brn\n|\n|-heal|p1a: Toxapex|90\/100|[from] item: Black Sludge\n|upkeep\n|turn|74\n|\n|switch|p1a: Clefable|Clefable, M|86\/100\n|move|p2a: Sigilyph|Psychic|p1a: Clefable\n|-damage|p1a: Clefable|64\/100\n|\n|upkeep\n|turn|75\n|\n|switch|p2a: Hippowdon|Hippowdon, F|100\/100\n|-weather|Sandstorm|[from] ability: Sand Stream|[of] p2a: Hippowdon\n|move|p1a: Clefable|Wish|p1a: Clefable\n|\n|-weather|Sandstorm|[upkeep]\n|-damage|p1a: Clefable|58\/100|[from] Sandstorm\n|upkeep\n|turn|76\n|\n|move|p1a: Clefable|Protect|p1a: Clefable\n|-singleturn|p1a: Clefable|Protect\n|move|p2a: Hippowdon|Whirlwind|p1a: Clefable\n|drag|p1a: Zeraora|Zeraora|43\/100\n|\n|-weather|Sandstorm|[upkeep]\n|-damage|p1a: Zeraora|37\/100|[from] Sandstorm\n|-heal|p1a: Zeraora|99\/100|[from] move: Wish|[wisher] Clefable\n|upkeep\n|turn|77\n|\n|switch|p2a: Aegislash|Aegislash, F|70\/100\n|move|p1a: Zeraora|Toxic|p2a: Aegislash\n|-immune|p2a: Aegislash\n|\n|-weather|Sandstorm|[upkeep]\n|-damage|p1a: Zeraora|93\/100|[from] Sandstorm\n|upkeep\n|turn|78\n|\n|switch|p1a: Toxapex|Toxapex, F|100\/100\n|move|p2a: Aegislash|Toxic|p1a: Toxapex|[miss]\n|-miss|p2a: Aegislash|p1a: Toxapex\n|\n|-weather|Sandstorm|[upkeep]\n|-damage|p1a: Toxapex|95\/100|[from] Sandstorm\n|-heal|p1a: Toxapex|100\/100|[from] item: Black Sludge\n|upkeep\n|turn|79\n|\n|switch|p2a: Sigilyph|Sigilyph, M|53\/100 brn\n|move|p1a: Toxapex|Scald|p2a: Sigilyph\n|-damage|p2a: Sigilyph|33\/100 brn\n|\n|-weather|none\n|upkeep\n|turn|80\n|\n|switch|p2a: Hippowdon|Hippowdon, F|100\/100\n|-weather|Sandstorm|[from] ability: Sand Stream|[of] p2a: Hippowdon\n|switch|p1a: Zeraora|Zeraora|93\/100\n|\n|-weather|Sandstorm|[upkeep]\n|-damage|p1a: Zeraora|87\/100|[from] Sandstorm\n|upkeep\n|turn|81\n|\n|move|p1a: Zeraora|Toxic|p2a: Hippowdon|[miss]\n|-miss|p1a: Zeraora|p2a: Hippowdon\n|move|p2a: Hippowdon|Toxic|p1a: Zeraora\n|-status|p1a: Zeraora|tox\n|\n|-weather|Sandstorm|[upkeep]\n|-damage|p1a: Zeraora|81\/100 tox|[from] Sandstorm\n|-damage|p1a: Zeraora|75\/100 tox|[from] psn\n|upkeep\n|turn|82\n|inactive|cold.exe has 120 seconds left.\n|c|\u2606cold.exe|I didn't connect a sngl toxic this entire match\n|inactive|cold.exe has 90 seconds left.\n|\n|switch|p1a: Corviknight|Corviknight, M|81\/100\n|-ability|p1a: Corviknight|Pressure\n|move|p2a: Hippowdon|Earthquake|p1a: Corviknight\n|-immune|p1a: Corviknight\n|\n|-weather|Sandstorm|[upkeep]\n|-heal|p1a: Corviknight|87\/100|[from] item: Leftovers\n|upkeep\n|turn|83\n|\n|move|p1a: Corviknight|U-turn|p2a: Hippowdon\n|-damage|p2a: Hippowdon|93\/100\n|\n|switch|p1a: Toxapex|Toxapex, F|100\/100|[from]move: U-turn\n|move|p2a: Hippowdon|Whirlwind|p1a: Toxapex\n|drag|p1a: Corviknight|Corviknight, M|87\/100\n|-ability|p1a: Corviknight|Pressure\n|\n|-weather|Sandstorm|[upkeep]\n|-heal|p2a: Hippowdon|99\/100|[from] item: Leftovers\n|-heal|p1a: Corviknight|93\/100|[from] item: Leftovers\n|upkeep\n|turn|84\n|\n|move|p1a: Corviknight|U-turn|p2a: Hippowdon\n|-damage|p2a: Hippowdon|91\/100\n|\n|switch|p1a: Toxapex|Toxapex, F|100\/100|[from]move: U-turn\n|move|p2a: Hippowdon|Whirlwind|p1a: Toxapex\n|drag|p1a: Clefable|Clefable, M|58\/100\n|\n|-weather|none\n|-heal|p2a: Hippowdon|98\/100|[from] item: Leftovers\n|upkeep\n|turn|85\n|\n|switch|p1a: Corviknight|Corviknight, M|93\/100\n|-ability|p1a: Corviknight|Pressure\n|move|p2a: Hippowdon|Toxic|p1a: Corviknight\n|-immune|p1a: Corviknight\n|\n|-heal|p2a: Hippowdon|100\/100|[from] item: Leftovers\n|-heal|p1a: Corviknight|99\/100|[from] item: Leftovers\n|upkeep\n|turn|86\n|\n|switch|p2a: Sigilyph|Sigilyph, M|33\/100 brn\n|move|p1a: Corviknight|Defog|p2a: Sigilyph\n|-unboost|p2a: Sigilyph|evasion|1\n|\n|-heal|p1a: Corviknight|100\/100|[from] item: Leftovers\n|upkeep\n|turn|87\n|\n|move|p2a: Sigilyph|Roost|p2a: Sigilyph\n|-heal|p2a: Sigilyph|83\/100 brn\n|-singleturn|p2a: Sigilyph|move: Roost\n|move|p1a: Corviknight|U-turn|p2a: Sigilyph\n|-supereffective|p2a: Sigilyph\n|-damage|p2a: Sigilyph|48\/100 brn\n|\n|switch|p1a: Zeraora|Zeraora|75\/100 tox|[from]move: U-turn\n|\n|-damage|p1a: Zeraora|69\/100 tox|[from] psn\n|upkeep\n|turn|88\n|\n|move|p1a: Zeraora|Toxic||[still]\n|-fail|p1a: Zeraora\n|move|p2a: Sigilyph|Psychic|p1a: Zeraora\n|-damage|p1a: Zeraora|27\/100 tox\n|\n|-damage|p1a: Zeraora|15\/100 tox|[from] psn\n|upkeep\n|turn|89\n|\n|switch|p1a: Clefable|Clefable, M|58\/100\n|switch|p2a: Aegislash|Aegislash, F|70\/100\n|\n|upkeep\n|turn|90\n|\n|move|p2a: Aegislash|Toxic|p1a: Clefable\n|-status|p1a: Clefable|tox\n|move|p1a: Clefable|Wish|p1a: Clefable\n|\n|-damage|p1a: Clefable|52\/100 tox|[from] psn\n|upkeep\n|turn|91\n|\n|move|p2a: Aegislash|Substitute|p2a: Aegislash\n|-start|p2a: Aegislash|Substitute\n|-damage|p2a: Aegislash|45\/100\n|move|p1a: Clefable|Aromatherapy|p1a: Clefable\n|-activate|p1a: Clefable|move: Aromatherapy\n|-curestatus|p1a: Clefable|tox|[msg]\n|-curestatus|p1: Zeraora|tox|[msg]\n|\n|-heal|p1a: Clefable|100\/100|[from] move: Wish|[wisher] Clefable\n|upkeep\n|turn|92\n|\n|switch|p1a: Toxapex|Toxapex, F|100\/100\n|-formechange|p2a: Aegislash|Aegislash-Blade||[from] ability: Stance Change\n|move|p2a: Aegislash|Shadow Ball|p1a: Toxapex\n|-crit|p1a: Toxapex\n|-damage|p1a: Toxapex|56\/100\n|\n|-heal|p1a: Toxapex|62\/100|[from] item: Black Sludge\n|upkeep\n|turn|93\n|\n|move|p2a: Aegislash|Shadow Ball|p1a: Toxapex\n|-damage|p1a: Toxapex|35\/100\n|move|p1a: Toxapex|Scald|p2a: Aegislash\n|-activate|p2a: Aegislash|move: Substitute|[damage]\n|\n|-heal|p1a: Toxapex|41\/100|[from] item: Black Sludge\n|upkeep\n|turn|94\n|\n|switch|p1a: Corviknight|Corviknight, M|100\/100\n|-ability|p1a: Corviknight|Pressure\n|move|p2a: Aegislash|Shadow Ball|p1a: Corviknight\n|-damage|p1a: Corviknight|63\/100\n|\n|-heal|p1a: Corviknight|69\/100|[from] item: Leftovers\n|upkeep\n|turn|95\n|\n|move|p2a: Aegislash|Shadow Ball|p1a: Corviknight\n|-damage|p1a: Corviknight|34\/100\n|move|p1a: Corviknight|Roost|p1a: Corviknight\n|-heal|p1a: Corviknight|84\/100\n|-singleturn|p1a: Corviknight|move: Roost\n|\n|-heal|p1a: Corviknight|90\/100|[from] item: Leftovers\n|upkeep\n|turn|96\n|inactive|BOX CRUSHER has 120 seconds left.\n|\n|move|p2a: Aegislash|Shadow Ball|p1a: Corviknight\n|-damage|p1a: Corviknight|56\/100\n|move|p1a: Corviknight|Roost|p1a: Corviknight\n|-heal|p1a: Corviknight|100\/100\n|-singleturn|p1a: Corviknight|move: Roost\n|\n|upkeep\n|turn|97\n|inactive|BOX CRUSHER has 120 seconds left.\n|\n|switch|p1a: Toxapex|Toxapex, F|74\/100\n|-formechange|p2a: Aegislash|Aegislash||[from] ability: Stance Change\n|move|p2a: Aegislash|King's Shield||[still]\n|-fail|p2a: Aegislash\n|\n|-heal|p1a: Toxapex|80\/100|[from] item: Black Sludge\n|upkeep\n|turn|98\n|inactive|BOX CRUSHER has 120 seconds left.\n|\n|switch|p2a: Sigilyph|Sigilyph, M|48\/100 brn\n|move|p1a: Toxapex|Knock Off|p2a: Sigilyph\n|-supereffective|p2a: Sigilyph\n|-damage|p2a: Sigilyph|23\/100 brn\n|\n|-heal|p1a: Toxapex|86\/100|[from] item: Black Sludge\n|upkeep\n|turn|99\n|inactive|BOX CRUSHER has 120 seconds left.\n|inactive|cold.exe has 90 seconds left.\n|\n|switch|p1a: Zeraora|Zeraora|15\/100\n|move|p2a: Sigilyph|Roost|p2a: Sigilyph\n|-heal|p2a: Sigilyph|73\/100 brn\n|-singleturn|p2a: Sigilyph|move: Roost\n|\n|upkeep\n|turn|100\n|\n|switch|p2a: Hippowdon|Hippowdon, F|100\/100\n|-weather|Sandstorm|[from] ability: Sand Stream|[of] p2a: Hippowdon\n|move|p1a: Zeraora|Plasma Fists|p2a: Hippowdon\n|-immune|p2a: Hippowdon\n|\n|-weather|Sandstorm|[upkeep]\n|-damage|p1a: Zeraora|9\/100|[from] Sandstorm\n|upkeep\n|turn|101\n|\n|switch|p2a: Sigilyph|Sigilyph, M|73\/100 brn\n|move|p1a: Zeraora|Toxic||[still]\n|-fail|p1a: Zeraora\n|\n|-weather|Sandstorm|[upkeep]\n|-damage|p1a: Zeraora|3\/100|[from] Sandstorm\n|upkeep\n|turn|102\n|\n|switch|p1a: Toxapex|Toxapex, F|100\/100\n|switch|p2a: Hippowdon|Hippowdon, F|100\/100\n|\n|-weather|Sandstorm|[upkeep]\n|-damage|p1a: Toxapex|95\/100|[from] Sandstorm\n|-heal|p1a: Toxapex|100\/100|[from] item: Black Sludge\n|upkeep\n|turn|103\n|inactive|cold.exe has 90 seconds left.\n|\n|switch|p2a: Sigilyph|Sigilyph, M|73\/100 brn\n|switch|p1a: Clefable|Clefable, M|100\/100\n|\n|-weather|Sandstorm|[upkeep]\n|-damage|p1a: Clefable|94\/100|[from] Sandstorm\n|upkeep\n|turn|104\n|inactive|cold.exe has 90 seconds left.\n|inactive|BOX CRUSHER has 120 seconds left.\n|\n|switch|p2a: Hippowdon|Hippowdon, F|100\/100\n|move|p1a: Clefable|Wish|p1a: Clefable\n|\n|-weather|none\n|upkeep\n|turn|105\n|inactive|cold.exe has 90 seconds left.\n|inactive|BOX CRUSHER has 120 seconds left.\n|\n|move|p1a: Clefable|Moonblast|p2a: Hippowdon\n|-crit|p2a: Hippowdon\n|-damage|p2a: Hippowdon|52\/100\n|move|p2a: Hippowdon|Toxic|p1a: Clefable|[miss]\n|-miss|p2a: Hippowdon|p1a: Clefable\n|\n|-heal|p1a: Clefable|100\/100|[from] move: Wish|[wisher] Clefable\n|-heal|p2a: Hippowdon|58\/100|[from] item: Leftovers\n|upkeep\n|turn|106\n|inactive|cold.exe has 90 seconds left.\n|\n|move|p1a: Clefable|Moonblast|p2a: Hippowdon\n|-damage|p2a: Hippowdon|24\/100\n|-unboost|p2a: Hippowdon|spa|1\n|move|p2a: Hippowdon|Slack Off|p2a: Hippowdon\n|-heal|p2a: Hippowdon|74\/100\n|\n|-heal|p2a: Hippowdon|80\/100|[from] item: Leftovers\n|upkeep\n|turn|107\n|\n|move|p1a: Clefable|Moonblast|p2a: Hippowdon\n|-damage|p2a: Hippowdon|47\/100\n|move|p2a: Hippowdon|Toxic|p1a: Clefable\n|-status|p1a: Clefable|tox\n|\n|-heal|p2a: Hippowdon|53\/100|[from] item: Leftovers\n|-damage|p1a: Clefable|94\/100 tox|[from] psn\n|upkeep\n|turn|108\n|inactive|BOX CRUSHER has 120 seconds left.\n|\n|move|p1a: Clefable|Wish|p1a: Clefable\n|move|p2a: Hippowdon|Earthquake|p1a: Clefable\n|-damage|p1a: Clefable|49\/100 tox\n|\n|-heal|p2a: Hippowdon|59\/100|[from] item: Leftovers\n|-damage|p1a: Clefable|37\/100 tox|[from] psn\n|upkeep\n|turn|109\n|\n|move|p1a: Clefable|Protect|p1a: Clefable\n|-singleturn|p1a: Clefable|Protect\n|move|p2a: Hippowdon|Earthquake|p1a: Clefable\n|-activate|p1a: Clefable|move: Protect\n|\n|-heal|p1a: Clefable|87\/100 tox|[from] move: Wish|[wisher] Clefable\n|-heal|p2a: Hippowdon|65\/100|[from] item: Leftovers\n|-damage|p1a: Clefable|69\/100 tox|[from] psn\n|upkeep\n|turn|110\n|\n|switch|p1a: Corviknight|Corviknight, M|100\/100\n|-ability|p1a: Corviknight|Pressure\n|move|p2a: Hippowdon|Earthquake|p1a: Corviknight\n|-immune|p1a: Corviknight\n|\n|-heal|p2a: Hippowdon|71\/100|[from] item: Leftovers\n|upkeep\n|turn|111\n|\n|move|p1a: Corviknight|Body Press|p2a: Hippowdon\n|-damage|p2a: Hippowdon|59\/100\n|move|p2a: Hippowdon|Whirlwind|p1a: Corviknight\n|drag|p1a: Clefable|Clefable, M|69\/100 tox\n|\n|-heal|p2a: Hippowdon|65\/100|[from] item: Leftovers\n|-damage|p1a: Clefable|63\/100 tox|[from] psn\n|upkeep\n|turn|112\n|\n|switch|p2a: Aegislash|Aegislash, F|45\/100\n|move|p1a: Clefable|Wish|p1a: Clefable\n|\n|-damage|p1a: Clefable|51\/100 tox|[from] psn\n|upkeep\n|turn|113\n|\n|-formechange|p2a: Aegislash|Aegislash-Blade||[from] ability: Stance Change\n|move|p2a: Aegislash|Shadow Ball|p1a: Clefable\n|-damage|p1a: Clefable|28\/100 tox\n|move|p1a: Clefable|Aromatherapy|p1a: Clefable\n|-activate|p1a: Clefable|move: Aromatherapy\n|-curestatus|p1a: Clefable|tox|[msg]\n|\n|-heal|p1a: Clefable|78\/100|[from] move: Wish|[wisher] Clefable\n|upkeep\n|turn|114\n|inactive|cold.exe has 60 seconds left.\n|\n|switch|p1a: Corviknight|Corviknight, M|100\/100\n|-ability|p1a: Corviknight|Pressure\n|move|p2a: Aegislash|Toxic|p1a: Corviknight\n|-immune|p1a: Corviknight\n|\n|upkeep\n|turn|115\n|\n|-formechange|p2a: Aegislash|Aegislash||[from] ability: Stance Change\n|move|p2a: Aegislash|King's Shield|p2a: Aegislash\n|-singleturn|p2a: Aegislash|Protect\n|move|p1a: Corviknight|Body Press|p2a: Aegislash\n|-activate|p2a: Aegislash|move: Protect\n|-unboost|p1a: Corviknight|atk|1\n|\n|upkeep\n|turn|116\n|\n|switch|p2a: Hippowdon|Hippowdon, F|65\/100\n|-weather|Sandstorm|[from] ability: Sand Stream|[of] p2a: Hippowdon\n|move|p1a: Corviknight|U-turn|p2a: Hippowdon\n|-damage|p2a: Hippowdon|59\/100\n|inactive|cold.exe has 60 seconds left.\n|\n|switch|p1a: Clefable|Clefable, M|78\/100|[from]move: U-turn\n|\n|-weather|Sandstorm|[upkeep]\n|-damage|p1a: Clefable|72\/100|[from] Sandstorm\n|-heal|p2a: Hippowdon|65\/100|[from] item: Leftovers\n|upkeep\n|turn|117\n|inactive|cold.exe has 60 seconds left.\n|\n|switch|p1a: Toxapex|Toxapex, F|100\/100\n|move|p2a: Hippowdon|Toxic|p1a: Toxapex\n|-immune|p1a: Toxapex\n|\n|-weather|Sandstorm|[upkeep]\n|-damage|p1a: Toxapex|95\/100|[from] Sandstorm\n|-heal|p2a: Hippowdon|72\/100|[from] item: Leftovers\n|-heal|p1a: Toxapex|100\/100|[from] item: Black Sludge\n|upkeep\n|turn|118\n|inactive|cold.exe has 60 seconds left.\n|\n|switch|p2a: Sigilyph|Sigilyph, M|73\/100 brn\n|move|p1a: Toxapex|Scald|p2a: Sigilyph\n|-damage|p2a: Sigilyph|53\/100 brn\n|\n|-weather|Sandstorm|[upkeep]\n|-damage|p1a: Toxapex|95\/100|[from] Sandstorm\n|-heal|p1a: Toxapex|100\/100|[from] item: Black Sludge\n|upkeep\n|turn|119\n|\n|switch|p1a: Clefable|Clefable, M|72\/100\n|move|p2a: Sigilyph|Psychic|p1a: Clefable\n|-damage|p1a: Clefable|49\/100\n|\n|-weather|Sandstorm|[upkeep]\n|-damage|p1a: Clefable|43\/100|[from] Sandstorm\n|upkeep\n|turn|120\n|\n|move|p2a: Sigilyph|Psychic|p1a: Clefable\n|-damage|p1a: Clefable|21\/100\n|-unboost|p1a: Clefable|spd|1\n|move|p1a: Clefable|Wish|p1a: Clefable\n|\n|-weather|none\n|upkeep\n|turn|121\n|inactive|BOX CRUSHER has 90 seconds left.\n|\n|move|p1a: Clefable|Protect|p1a: Clefable\n|-singleturn|p1a: Clefable|Protect\n|move|p2a: Sigilyph|Roost|p2a: Sigilyph\n|-heal|p2a: Sigilyph|100\/100 brn\n|-singleturn|p2a: Sigilyph|move: Roost\n|\n|-heal|p1a: Clefable|71\/100|[from] move: Wish|[wisher] Clefable\n|upkeep\n|turn|122\n|inactive|BOX CRUSHER has 90 seconds left.\n|\n|switch|p1a: Corviknight|Corviknight, M|100\/100\n|-ability|p1a: Corviknight|Pressure\n|move|p2a: Sigilyph|Heat Wave|p1a: Corviknight\n|-supereffective|p1a: Corviknight\n|-damage|p1a: Corviknight|56\/100\n|\n|-heal|p1a: Corviknight|62\/100|[from] item: Leftovers\n|upkeep\n|turn|123\n|inactive|BOX CRUSHER has 90 seconds left.\n|inactive|cold.exe has 60 seconds left.\n|\n|switch|p1a: Clefable|Clefable, M|71\/100\n|move|p2a: Sigilyph|Calm Mind|p2a: Sigilyph\n|-boost|p2a: Sigilyph|spa|1\n|-boost|p2a: Sigilyph|spd|1\n|\n|upkeep\n|turn|124\n|\n|move|p2a: Sigilyph|Psychic|p1a: Clefable\n|-damage|p1a: Clefable|50\/100\n|-unboost|p1a: Clefable|spd|1\n|move|p1a: Clefable|Moonblast|p2a: Sigilyph\n|-crit|p2a: Sigilyph\n|-damage|p2a: Sigilyph|43\/100 brn\n|\n|upkeep\n|turn|125\n|\n|move|p2a: Sigilyph|Psychic|p1a: Clefable\n|-damage|p1a: Clefable|17\/100\n|move|p1a: Clefable|Wish|p1a: Clefable\n|\n|upkeep\n|turn|126\n|\n|switch|p1a: Zeraora|Zeraora|3\/100\n|move|p2a: Sigilyph|Heat Wave|p1a: Zeraora\n|-damage|p1a: Zeraora|0 fnt\n|faint|p1a: Zeraora\n|\n|upkeep\n|\n|switch|p1a: Toxapex|Toxapex, F|100\/100\n|turn|127\n|\n|move|p2a: Sigilyph|Psychic|p1a: Toxapex\n|-supereffective|p1a: Toxapex\n|-damage|p1a: Toxapex|13\/100\n|move|p1a: Toxapex|Haze|p1a: Toxapex\n|-clearallboost\n|\n|-heal|p1a: Toxapex|19\/100|[from] item: Black Sludge\n|upkeep\n|turn|128\n|\n|switch|p1a: Corviknight|Corviknight, M|62\/100\n|-ability|p1a: Corviknight|Pressure\n|move|p2a: Sigilyph|Roost|p2a: Sigilyph\n|-heal|p2a: Sigilyph|93\/100 brn\n|-singleturn|p2a: Sigilyph|move: Roost\n|\n|-heal|p1a: Corviknight|68\/100|[from] item: Leftovers\n|upkeep\n|turn|129\n|\n|move|p2a: Sigilyph|Calm Mind|p2a: Sigilyph\n|-boost|p2a: Sigilyph|spa|1\n|-boost|p2a: Sigilyph|spd|1\n|move|p1a: Corviknight|U-turn|p2a: Sigilyph\n|-damage|p2a: Sigilyph|76\/100 brn\n|\n|switch|p1a: Toxapex|Toxapex, F|53\/100|[from]move: U-turn\n|\n|-heal|p1a: Toxapex|59\/100|[from] item: Black Sludge\n|upkeep\n|turn|130\n|-message|cold.exe forfeited.\n|\n|win|BOX CRUSHER\n|l|\u2606cold.exe\n|raw|cold.exe's rating: 1437 &rarr; <strong>1418<\/strong><br \/>(-19 for losing)\n|raw|BOX CRUSHER's rating: 1457 &rarr; <strong>1476<\/strong><br \/>(+19 for winning)\n","uploadtime":1592437083,"views":9,"p1id":"coldexe","p2id":"boxcrusher","formatid":"gen8ou","rating":1418,"private":0,"password":null}