{"id":"gen8ou-1602644013","p1":"gotsnsd","p2":"prrettyreverend69","format":"gen8ou","log":"|j|\u2606gotsnsd\n|j|\u2606prrettyreverend69\n|t:|1656003002\n|gametype|singles\n|player|p1|gotsnsd|beauty-gen2jp|1541\n|player|p2|prrettyreverend69|petrel|1467\n|teamsize|p1|6\n|teamsize|p2|6\n|gen|8\n|tier|[Gen 8] OU\n|rated|\n|rule|Sleep Clause Mod: Limit one foe put to sleep\n|rule|Species Clause: Limit one of each Pok\u00e9mon\n|rule|OHKO Clause: OHKO moves are banned\n|rule|Evasion Moves Clause: Evasion moves are banned\n|rule|Endless Battle Clause: Forcing endless battles is banned\n|rule|HP Percentage Mod: HP is shown in percentages\n|rule|Dynamax Clause: You cannot dynamax\n|clearpoke\n|poke|p1|Kartana|\n|poke|p1|Landorus-Therian, M|\n|poke|p1|Weavile, M|\n|poke|p1|Urshifu-*, M|\n|poke|p1|Tyranitar, M|\n|poke|p1|Zapdos|\n|poke|p2|Cloyster, M|\n|poke|p2|Gyarados, F|\n|poke|p2|Weavile, F|\n|poke|p2|Bisharp, M|\n|poke|p2|Volcarona, M|\n|poke|p2|Dragonite, F|\n|teampreview\n|\n|t:|1656003023\n|start\n|switch|p1a: Tyranitar|Tyranitar, M|100\/100\n|switch|p2a: Cloist|Cloyster, M|100\/100\n|-weather|Sandstorm|[from] ability: Sand Stream|[of] p1a: Tyranitar\n|turn|1\n|\n|t:|1656003030\n|move|p2a: Cloist|Spikes|p1a: Tyranitar\n|-sidestart|p1: gotsnsd|Spikes\n|move|p1a: Tyranitar|Crunch|p2a: Cloist\n|-damage|p2a: Cloist|40\/100\n|\n|-weather|Sandstorm|[upkeep]\n|-damage|p2a: Cloist|33\/100|[from] Sandstorm\n|upkeep\n|turn|2\n|\n|t:|1656003037\n|switch|p1a: Kartana|Kartana|100\/100\n|-damage|p1a: Kartana|88\/100|[from] Spikes\n|move|p2a: Cloist|Shell Smash|p2a: Cloist\n|-unboost|p2a: Cloist|def|1\n|-unboost|p2a: Cloist|spd|1\n|-boost|p2a: Cloist|atk|2\n|-boost|p2a: Cloist|spa|2\n|-boost|p2a: Cloist|spe|2\n|\n|-weather|Sandstorm|[upkeep]\n|-damage|p2a: Cloist|27\/100|[from] Sandstorm\n|upkeep\n|turn|3\n|\n|t:|1656003047\n|move|p2a: Cloist|Icicle Spear|p1a: Kartana\n|-damage|p1a: Kartana|66\/100\n|-damage|p1a: Kartana|45\/100\n|-damage|p1a: Kartana|23\/100\n|-damage|p1a: Kartana|3\/100\n|-damage|p1a: Kartana|0 fnt\n|faint|p1a: Kartana\n|-hitcount|p1: Kartana|5\n|\n|-weather|Sandstorm|[upkeep]\n|-damage|p2a: Cloist|21\/100|[from] Sandstorm\n|upkeep\n|\n|t:|1656003052\n|switch|p1a: Urshifu|Urshifu-Rapid-Strike, M|100\/100\n|-damage|p1a: Urshifu|88\/100|[from] Spikes\n|turn|4\n|\n|t:|1656003061\n|move|p1a: Urshifu|Aqua Jet|p2a: Cloist\n|-resisted|p2a: Cloist\n|-damage|p2a: Cloist|8\/100\n|move|p2a: Cloist|Icicle Spear|p1a: Urshifu\n|-resisted|p1a: Urshifu\n|-crit|p1a: Urshifu\n|-damage|p1a: Urshifu|70\/100\n|-resisted|p1a: Urshifu\n|-damage|p1a: Urshifu|58\/100\n|-resisted|p1a: Urshifu\n|-damage|p1a: Urshifu|46\/100\n|-resisted|p1a: Urshifu\n|-damage|p1a: Urshifu|34\/100\n|-resisted|p1a: Urshifu\n|-damage|p1a: Urshifu|21\/100\n|-hitcount|p1a: Urshifu|5\n|\n|-weather|Sandstorm|[upkeep]\n|-damage|p2a: Cloist|1\/100|[from] Sandstorm\n|-damage|p1a: Urshifu|15\/100|[from] Sandstorm\n|upkeep\n|turn|5\n|\n|t:|1656003076\n|move|p1a: Urshifu|Aqua Jet|p2a: Cloist\n|-resisted|p2a: Cloist\n|-damage|p2a: Cloist|0 fnt\n|faint|p2a: Cloist\n|\n|-weather|none\n|upkeep\n|\n|t:|1656003088\n|switch|p2a: Dos EQs|Gyarados, F, shiny|100\/100\n|turn|6\n|\n|t:|1656003091\n|switch|p1a: Zapdos|Zapdos|100\/100\n|switch|p2a: black vile|Weavile, F|100\/100\n|-ability|p2a: black vile|Pressure\n|\n|upkeep\n|turn|7\n|\n|t:|1656003098\n|switch|p1a: Landorus|Landorus-Therian, M|100\/100\n|-ability|p1a: Landorus|Intimidate|boost\n|-unboost|p2a: black vile|atk|1\n|move|p2a: black vile|Icicle Crash|p1a: Landorus|[miss]\n|-miss|p2a: black vile|p1a: Landorus\n|\n|upkeep\n|turn|8\n|\n|t:|1656003122\n|switch|p1a: Weavile|Weavile, M|100\/100\n|-damage|p1a: Weavile|88\/100|[from] Spikes\n|-ability|p1a: Weavile|Pressure\n|move|p2a: black vile|Icicle Crash|p1a: Weavile\n|-resisted|p1a: Weavile\n|-damage|p1a: Weavile|59\/100\n|-damage|p2a: black vile|91\/100|[from] item: Life Orb\n|\n|upkeep\n|turn|9\n|c|\u2606prrettyreverend69|literally just switched from triple axel because i was tired of missing lmao\n|\n|t:|1656003147\n|switch|p2a: Eli Moth|Volcarona, M|100\/100\n|move|p1a: Weavile|Triple Axel|p2a: Eli Moth\n|-resisted|p2a: Eli Moth\n|-damage|p2a: Eli Moth|92\/100\n|-status|p1a: Weavile|brn|[from] ability: Flame Body|[of] p2a: Eli Moth\n|-resisted|p2a: Eli Moth\n|-damage|p2a: Eli Moth|83\/100\n|-resisted|p2a: Eli Moth\n|-damage|p2a: Eli Moth|70\/100\n|-hitcount|p2a: Eli Moth|3\n|\n|-damage|p1a: Weavile|53\/100 brn|[from] brn\n|upkeep\n|turn|10\n|\n|t:|1656003160\n|switch|p1a: Tyranitar|Tyranitar, M|100\/100\n|-damage|p1a: Tyranitar|88\/100|[from] Spikes\n|-weather|Sandstorm|[from] ability: Sand Stream|[of] p1a: Tyranitar\n|move|p2a: Eli Moth|Quiver Dance|p2a: Eli Moth\n|-boost|p2a: Eli Moth|spa|1\n|-boost|p2a: Eli Moth|spd|1\n|-boost|p2a: Eli Moth|spe|1\n|\n|-weather|Sandstorm|[upkeep]\n|-damage|p2a: Eli Moth|64\/100|[from] Sandstorm\n|upkeep\n|turn|11\n|\n|t:|1656003170\n|move|p2a: Eli Moth|Bug Buzz|p1a: Tyranitar\n|-supereffective|p1a: Tyranitar\n|-damage|p1a: Tyranitar|0 fnt\n|faint|p1a: Tyranitar\n|\n|-weather|Sandstorm|[upkeep]\n|-damage|p2a: Eli Moth|58\/100|[from] Sandstorm\n|upkeep\n|\n|t:|1656003179\n|switch|p1a: Urshifu|Urshifu-Rapid-Strike, M|15\/100\n|-damage|p1a: Urshifu|3\/100|[from] Spikes\n|turn|12\n|\n|t:|1656003187\n|switch|p2a: bish be humble|Bisharp, M, shiny|100\/100\n|move|p1a: Urshifu|Aqua Jet|p2a: bish be humble\n|-damage|p2a: bish be humble|76\/100\n|\n|-weather|Sandstorm|[upkeep]\n|-damage|p1a: Urshifu|0 fnt|[from] Sandstorm\n|faint|p1a: Urshifu\n|upkeep\n|\n|t:|1656003191\n|switch|p1a: Zapdos|Zapdos|100\/100\n|turn|13\n|\n|t:|1656003207\n|move|p1a: Zapdos|Heat Wave|p2a: bish be humble\n|-supereffective|p2a: bish be humble\n|-damage|p2a: bish be humble|0 fnt\n|faint|p2a: bish be humble\n|\n|-weather|Sandstorm|[upkeep]\n|-damage|p1a: Zapdos|94\/100|[from] Sandstorm\n|upkeep\n|\n|t:|1656003213\n|switch|p2a: black vile|Weavile, F|91\/100\n|-ability|p2a: black vile|Pressure\n|turn|14\n|\n|t:|1656003220\n|switch|p1a: Landorus|Landorus-Therian, M|100\/100\n|-ability|p1a: Landorus|Intimidate|boost\n|-unboost|p2a: black vile|atk|1\n|move|p2a: black vile|Icicle Crash|p1a: Landorus|[miss]\n|-miss|p2a: black vile|p1a: Landorus\n|\n|-weather|none\n|upkeep\n|turn|15\n|c|\u2606gotsnsd|damn\n|c|\u2606prrettyreverend69|lol\n|\n|t:|1656003237\n|switch|p2a: life's a drag|Dragonite, F, shiny|100\/100\n|move|p1a: Landorus|Stealth Rock|p2a: life's a drag\n|-sidestart|p2: prrettyreverend69|move: Stealth Rock\n|\n|upkeep\n|turn|16\n|\n|t:|1656003242\n|move|p1a: Landorus|Toxic|p2a: life's a drag\n|-status|p2a: life's a drag|tox\n|move|p2a: life's a drag|Dragon Dance|p2a: life's a drag\n|-boost|p2a: life's a drag|atk|1\n|-boost|p2a: life's a drag|spe|1\n|\n|-damage|p2a: life's a drag|94\/100 tox|[from] psn\n|upkeep\n|turn|17\n|\n|t:|1656003250\n|switch|p1a: Zapdos|Zapdos|94\/100\n|move|p2a: life's a drag|Dual Wingbeat|p1a: Zapdos\n|-resisted|p1a: Zapdos\n|-crit|p1a: Zapdos\n|-damage|p1a: Zapdos|77\/100\n|-resisted|p1a: Zapdos\n|-damage|p1a: Zapdos|66\/100\n|-hitcount|p1a: Zapdos|2\n|\n|-damage|p2a: life's a drag|82\/100 tox|[from] psn\n|upkeep\n|turn|18\n|\n|t:|1656003259\n|switch|p1a: Landorus|Landorus-Therian, M|100\/100\n|-ability|p1a: Landorus|Intimidate|boost\n|-unboost|p2a: life's a drag|atk|1\n|move|p2a: life's a drag|Dragon Dance|p2a: life's a drag\n|-boost|p2a: life's a drag|atk|1\n|-boost|p2a: life's a drag|spe|1\n|\n|-damage|p2a: life's a drag|63\/100 tox|[from] psn\n|upkeep\n|turn|19\n|\n|t:|1656003267\n|move|p2a: life's a drag|Dragon Dance|p2a: life's a drag\n|-boost|p2a: life's a drag|atk|1\n|-boost|p2a: life's a drag|spe|1\n|move|p1a: Landorus|Knock Off|p2a: life's a drag\n|-damage|p2a: life's a drag|33\/100 tox\n|-enditem|p2a: life's a drag|Heavy-Duty Boots|[from] move: Knock Off|[of] p1a: Landorus\n|\n|-damage|p2a: life's a drag|8\/100 tox|[from] psn\n|upkeep\n|turn|20\n|\n|t:|1656003275\n|switch|p1a: Weavile|Weavile, M|53\/100 brn\n|-damage|p1a: Weavile|40\/100 brn|[from] Spikes\n|-ability|p1a: Weavile|Pressure\n|move|p2a: life's a drag|Dual Wingbeat|p1a: Weavile\n|-damage|p1a: Weavile|0 fnt\n|faint|p1a: Weavile\n|-hitcount|p1: Weavile|1\n|\n|-damage|p2a: life's a drag|0 fnt|[from] psn\n|faint|p2a: life's a drag\n|upkeep\n|\n|t:|1656003286\n|switch|p1a: Landorus|Landorus-Therian, M|100\/100\n|switch|p2a: Eli Moth|Volcarona, M|58\/100\n|-ability|p1a: Landorus|Intimidate|boost\n|-unboost|p2a: Eli Moth|atk|1\n|turn|21\n|\n|t:|1656003294\n|move|p2a: Eli Moth|Fire Blast|p1a: Landorus\n|-damage|p1a: Landorus|29\/100\n|-enditem|p1a: Landorus|Eject Button\n|\n|t:|1656003297\n|switch|p1a: Zapdos|Zapdos|66\/100\n|\n|upkeep\n|turn|22\n|\n|t:|1656003302\n|move|p2a: Eli Moth|Quiver Dance|p2a: Eli Moth\n|-boost|p2a: Eli Moth|spa|1\n|-boost|p2a: Eli Moth|spd|1\n|-boost|p2a: Eli Moth|spe|1\n|move|p1a: Zapdos|Hurricane|p2a: Eli Moth\n|-supereffective|p2a: Eli Moth\n|-damage|p2a: Eli Moth|0 fnt\n|faint|p2a: Eli Moth\n|\n|upkeep\n|\n|t:|1656003309\n|switch|p2a: black vile|Weavile, F|91\/100\n|-damage|p2a: black vile|66\/100|[from] Stealth Rock\n|-ability|p2a: black vile|Pressure\n|turn|23\n|\n|t:|1656003322\n|switch|p1a: Landorus|Landorus-Therian, M|29\/100\n|-ability|p1a: Landorus|Intimidate|boost\n|-unboost|p2a: black vile|atk|1\n|move|p2a: black vile|Icicle Crash|p1a: Landorus\n|-supereffective|p1a: Landorus\n|-damage|p1a: Landorus|0 fnt\n|faint|p1a: Landorus\n|-damage|p2a: black vile|56\/100|[from] item: Life Orb\n|\n|upkeep\n|\n|t:|1656003324\n|switch|p1a: Zapdos|Zapdos|66\/100\n|turn|24\n|\n|t:|1656003364\n|move|p2a: black vile|Icicle Crash|p1a: Zapdos\n|-supereffective|p1a: Zapdos\n|-damage|p1a: Zapdos|13\/100\n|-damage|p2a: black vile|46\/100|[from] item: Life Orb\n|move|p1a: Zapdos|Discharge|p2a: black vile\n|-damage|p2a: black vile|0 fnt\n|faint|p2a: black vile\n|\n|upkeep\n|\n|t:|1656003371\n|switch|p2a: Dos EQs|Gyarados, F, shiny|100\/100\n|-damage|p2a: Dos EQs|76\/100|[from] Stealth Rock\n|turn|25\n|\n|t:|1656003379\n|move|p2a: Dos EQs|Waterfall|p1a: Zapdos\n|-damage|p1a: Zapdos|0 fnt\n|-status|p2a: Dos EQs|par|[from] ability: Static|[of] p1a: Zapdos\n|faint|p1a: Zapdos\n|\n|win|prrettyreverend69\n|raw|gotsnsd's rating: 1541 &rarr; <strong>1517<\/strong><br \/>(-24 for losing)\n|raw|prrettyreverend69's rating: 1467 &rarr; <strong>1491<\/strong><br \/>(+24 for winning)\n|l|\u2606gotsnsd\n||Ladder isn't responding, score probably updated but might not have (Request timeout).\n","uploadtime":1656003427,"views":6,"p1id":"gotsnsd","p2id":"prrettyreverend69","formatid":"gen8ou","rating":1491,"private":0,"password":null}