{"id":"gen8ou-1631562369","p1":"wolfwarrior","p2":"lt91bb FJ2K","format":"gen8ou","log":"|raw|<div class=\"broadcast-blue\"><strong>This battle is required to be public due to a player having a name starting with 'lt91bb'.<\/div>\n|j|\u2606wolfwarrior\n|j|\u2606lt91bb FJ2K\n|t:|1659555489\n|gametype|singles\n|player|p1|wolfwarrior|red|1726\n|player|p2|lt91bb FJ2K|2|1897\n|teamsize|p1|6\n|teamsize|p2|6\n|gen|8\n|tier|[Gen 8] OU\n|rated|\n|rule|Sleep Clause Mod: Limit one foe put to sleep\n|rule|Species Clause: Limit one of each Pok\u00e9mon\n|rule|OHKO Clause: OHKO moves are banned\n|rule|Evasion Moves Clause: Evasion moves are banned\n|rule|Endless Battle Clause: Forcing endless battles is banned\n|rule|HP Percentage Mod: HP is shown in percentages\n|rule|Dynamax Clause: You cannot dynamax\n|clearpoke\n|poke|p1|Ferrothorn, M|\n|poke|p1|Hippowdon, F|\n|poke|p1|Excadrill, M|\n|poke|p1|Landorus-Therian, M|\n|poke|p1|Tapu Fini|\n|poke|p1|Tyranitar, M|\n|poke|p2|Tyranitar, F|\n|poke|p2|Rotom-Wash|\n|poke|p2|Ferrothorn, F|\n|poke|p2|Excadrill, M|\n|poke|p2|Dragapult, M|\n|poke|p2|Clefable, M|\n|teampreview\n|inactive|Battle timer is ON: inactive players will automatically lose when time's up. (requested by wolfwarrior)\n|\n|t:|1659555500\n|start\n|switch|p1a: Tapu Fini|Tapu Fini|100\/100\n|switch|p2a: Clefable|Clefable, M|100\/100\n|-fieldstart|move: Misty Terrain|[from] ability: Misty Surge|[of] p1a: Tapu Fini\n|turn|1\n|\n|t:|1659555507\n|switch|p1a: Ferrothorn|Ferrothorn, M|100\/100\n|move|p2a: Clefable|Moonblast|p1a: Ferrothorn\n|-resisted|p1a: Ferrothorn\n|-damage|p1a: Ferrothorn|90\/100\n|\n|upkeep\n|turn|2\n|\n|t:|1659555515\n|switch|p2a: Ferrothorn|Ferrothorn, F|100\/100\n|move|p1a: Ferrothorn|Gravity|p1a: Ferrothorn\n|-fieldstart|move: Gravity\n|\n|upkeep\n|turn|3\n|\n|t:|1659555521\n|move|p2a: Ferrothorn|Knock Off|p1a: Ferrothorn\n|-damage|p1a: Ferrothorn|75\/100\n|-damage|p2a: Ferrothorn|88\/100|[from] ability: Iron Barbs|[of] p1a: Ferrothorn\n|-damage|p2a: Ferrothorn|72\/100|[from] item: Rocky Helmet|[of] p1a: Ferrothorn\n|-enditem|p1a: Ferrothorn|Rocky Helmet|[from] move: Knock Off|[of] p2a: Ferrothorn\n|move|p1a: Ferrothorn|Spikes|p2a: Ferrothorn\n|-sidestart|p2: lt91bb FJ2K|Spikes\n|\n|-heal|p2a: Ferrothorn|78\/100|[from] item: Leftovers\n|upkeep\n|turn|4\n|\n|t:|1659555524\n|move|p1a: Ferrothorn|Knock Off|p2a: Ferrothorn\n|-damage|p2a: Ferrothorn|62\/100\n|-damage|p1a: Ferrothorn|63\/100|[from] ability: Iron Barbs|[of] p2a: Ferrothorn\n|-enditem|p2a: Ferrothorn|Leftovers|[from] move: Knock Off|[of] p1a: Ferrothorn\n|move|p2a: Ferrothorn|Spikes|p1a: Ferrothorn\n|-sidestart|p1: wolfwarrior|Spikes\n|\n|upkeep\n|turn|5\n|\n|t:|1659555528\n|move|p2a: Ferrothorn|Spikes|p1a: Ferrothorn\n|-sidestart|p1: wolfwarrior|Spikes\n|move|p1a: Ferrothorn|Spikes|p2a: Ferrothorn\n|-sidestart|p2: lt91bb FJ2K|Spikes\n|\n|-fieldend|Misty Terrain\n|upkeep\n|turn|6\n|\n|t:|1659555530\n|move|p1a: Ferrothorn|Spikes|p2a: Ferrothorn\n|-sidestart|p2: lt91bb FJ2K|Spikes\n|move|p2a: Ferrothorn|Spikes|p1a: Ferrothorn\n|-sidestart|p1: wolfwarrior|Spikes\n|\n|-fieldend|move: Gravity\n|upkeep\n|turn|7\n|\n|t:|1659555534\n|move|p1a: Ferrothorn|Gravity|p1a: Ferrothorn\n|-fieldstart|move: Gravity\n|move|p2a: Ferrothorn|Body Press|p1a: Ferrothorn\n|-supereffective|p1a: Ferrothorn\n|-damage|p1a: Ferrothorn|29\/100\n|-damage|p2a: Ferrothorn|49\/100|[from] ability: Iron Barbs|[of] p1a: Ferrothorn\n|\n|upkeep\n|turn|8\n|\n|t:|1659555540\n|move|p2a: Ferrothorn|Leech Seed|p1a: Ferrothorn\n|-immune|p1a: Ferrothorn\n|move|p1a: Ferrothorn|Knock Off|p2a: Ferrothorn\n|-damage|p2a: Ferrothorn|38\/100\n|-damage|p1a: Ferrothorn|16\/100|[from] ability: Iron Barbs|[of] p2a: Ferrothorn\n|\n|upkeep\n|turn|9\n|\n|t:|1659555552\n|move|p1a: Ferrothorn|Knock Off|p2a: Ferrothorn\n|-damage|p2a: Ferrothorn|27\/100\n|-damage|p1a: Ferrothorn|4\/100|[from] ability: Iron Barbs|[of] p2a: Ferrothorn\n|move|p2a: Ferrothorn|Body Press|p1a: Ferrothorn\n|-supereffective|p1a: Ferrothorn\n|-damage|p1a: Ferrothorn|0 fnt\n|-damage|p2a: Ferrothorn|14\/100|[from] ability: Iron Barbs|[of] p1a: Ferrothorn\n|faint|p1a: Ferrothorn\n|\n|upkeep\n|\n|t:|1659555578\n|switch|p1a: Landorus|Landorus-Therian, M|100\/100\n|-damage|p1a: Landorus|76\/100|[from] Spikes\n|-ability|p1a: Landorus|Intimidate|boost\n|-unboost|p2a: Ferrothorn|atk|1\n|turn|10\n|\n|t:|1659555582\n|move|p1a: Landorus|Earthquake|p2a: Ferrothorn\n|-damage|p2a: Ferrothorn|0 fnt\n|faint|p2a: Ferrothorn\n|\n|-heal|p1a: Landorus|82\/100|[from] item: Leftovers\n|upkeep\n|\n|t:|1659555589\n|switch|p2a: Clefable|Clefable, M|100\/100\n|turn|11\n|\n|t:|1659555593\n|switch|p1a: Tyranitar|Tyranitar, M|100\/100\n|-damage|p1a: Tyranitar|75\/100|[from] Spikes\n|-weather|Sandstorm|[from] ability: Sand Stream|[of] p1a: Tyranitar\n|move|p2a: Clefable|Soft-Boiled||[still]\n|-fail|p2a: Clefable|heal\n|\n|-weather|Sandstorm|[upkeep]\n|-fieldend|move: Gravity\n|upkeep\n|turn|12\n|\n|t:|1659555602\n|move|p1a: Tyranitar|Toxic|p2a: Clefable\n|-status|p2a: Clefable|tox\n|move|p2a: Clefable|Thunder Wave|p1a: Tyranitar\n|-status|p1a: Tyranitar|par\n|\n|-weather|Sandstorm|[upkeep]\n|upkeep\n|turn|13\n|\n|t:|1659555614\n|move|p2a: Clefable|Moonblast|p1a: Tyranitar\n|-supereffective|p1a: Tyranitar\n|-damage|p1a: Tyranitar|50\/100 par\n|-enditem|p1a: Tyranitar|Eject Button\n|\n|t:|1659555624\n|switch|p1a: Excadrill|Excadrill, M|100\/100\n|-damage|p1a: Excadrill|76\/100|[from] Spikes\n|\n|-weather|Sandstorm|[upkeep]\n|upkeep\n|turn|14\n|\n|t:|1659555630\n|switch|p2a: Rotom|Rotom-Wash|100\/100\n|move|p1a: Excadrill|Iron Head|p2a: Rotom\n|-resisted|p2a: Rotom\n|-damage|p2a: Rotom|83\/100\n|\n|-weather|Sandstorm|[upkeep]\n|-damage|p2a: Rotom|76\/100|[from] Sandstorm\n|-heal|p2a: Rotom|83\/100|[from] item: Leftovers\n|upkeep\n|turn|15\n|\n|t:|1659555636\n|switch|p1a: Tapu Fini|Tapu Fini|100\/100\n|-damage|p1a: Tapu Fini|76\/100|[from] Spikes\n|-fieldstart|move: Misty Terrain|[from] ability: Misty Surge|[of] p1a: Tapu Fini\n|move|p2a: Rotom|Hydro Pump|p1a: Tapu Fini\n|-resisted|p1a: Tapu Fini\n|-damage|p1a: Tapu Fini|57\/100\n|\n|-weather|none\n|-heal|p2a: Rotom|89\/100|[from] item: Leftovers\n|-heal|p1a: Tapu Fini|63\/100|[from] item: Leftovers\n|upkeep\n|turn|16\n|\n|t:|1659555642\n|move|p2a: Rotom|Volt Switch|p1a: Tapu Fini\n|-supereffective|p1a: Tapu Fini\n|-damage|p1a: Tapu Fini|16\/100\n|\n|t:|1659555644\n|switch|p2a: Excadrill|Excadrill, M|100\/100|[from]move: Volt Switch\n|-damage|p2a: Excadrill|76\/100|[from] Spikes\n|move|p1a: Tapu Fini|Gravity|p1a: Tapu Fini\n|-fieldstart|move: Gravity\n|\n|-heal|p2a: Excadrill|82\/100|[from] item: Leftovers\n|-heal|p1a: Tapu Fini|22\/100|[from] item: Leftovers\n|upkeep\n|turn|17\n|\n|t:|1659555653\n|switch|p1a: Hippowdon|Hippowdon, F|100\/100\n|-damage|p1a: Hippowdon|76\/100|[from] Spikes\n|-weather|Sandstorm|[from] ability: Sand Stream|[of] p1a: Hippowdon\n|move|p2a: Excadrill|Iron Head|p1a: Hippowdon\n|-damage|p1a: Hippowdon|52\/100\n|-enditem|p1a: Hippowdon|Eject Button\n|\n|t:|1659555659\n|switch|p1a: Excadrill|Excadrill, M|76\/100\n|-damage|p1a: Excadrill|51\/100|[from] Spikes\n|\n|-weather|Sandstorm|[upkeep]\n|-heal|p2a: Excadrill|88\/100|[from] item: Leftovers\n|upkeep\n|turn|18\n|\n|t:|1659555688\n|move|p2a: Excadrill|Earthquake|p1a: Excadrill\n|-supereffective|p1a: Excadrill\n|-damage|p1a: Excadrill|0 fnt\n|faint|p1a: Excadrill\n|\n|-weather|Sandstorm|[upkeep]\n|-heal|p2a: Excadrill|94\/100|[from] item: Leftovers\n|upkeep\n|-message|wolfwarrior forfeited.\n|\n|win|lt91bb FJ2K\n|raw|wolfwarrior's rating: 1726 &rarr; <strong>1715<\/strong><br \/>(-11 for losing)\n|raw|lt91bb FJ2K's rating: 1897 &rarr; <strong>1908<\/strong><br \/>(+11 for winning)\n|l|\u2606wolfwarrior\n||Ladder isn't responding, score probably updated but might not have (Request timeout).\n","uploadtime":1659555695,"views":35,"p1id":"wolfwarrior","p2id":"lt91bbfj2k","formatid":"gen8ou","rating":1715,"private":0,"password":null}