{"id":"gen8ou-1654040632","p1":"Ecstatic Chair","p2":"jly8","format":"gen8ou","log":"|j|\u2606Ecstatic Chair\n|j|\u2606jly8\n|t:|1662086713\n|gametype|singles\n|player|p1|Ecstatic Chair|blue-gen1rb|1467\n|player|p2|jly8|volkner|1416\n|teamsize|p1|6\n|teamsize|p2|6\n|gen|8\n|tier|[Gen 8] OU\n|rated|\n|rule|Sleep Clause Mod: Limit one foe put to sleep\n|rule|Species Clause: Limit one of each Pok\u00e9mon\n|rule|OHKO Clause: OHKO moves are banned\n|rule|Evasion Items Clause: Evasion items are banned\n|rule|Evasion Moves Clause: Evasion moves are banned\n|rule|Endless Battle Clause: Forcing endless battles is banned\n|rule|HP Percentage Mod: HP is shown in percentages\n|rule|Dynamax Clause: You cannot dynamax\n|clearpoke\n|poke|p1|Urshifu-*, F|\n|poke|p1|Heatran, F|\n|poke|p1|Rotom-Wash|\n|poke|p1|Landorus-Therian, M|\n|poke|p1|Tapu Lele|\n|poke|p1|Weavile, M|\n|poke|p2|Rillaboom, M|\n|poke|p2|Tornadus-Therian, M|\n|poke|p2|Blaziken, F|\n|poke|p2|Melmetal|\n|poke|p2|Garchomp, M|\n|poke|p2|Slowbro, F|\n|teampreview\n|\n|t:|1662086751\n|start\n|switch|p1a: Landorus|Landorus-Therian, M|100\/100\n|switch|p2a: Garchomp|Garchomp, M|100\/100\n|-ability|p1a: Landorus|Intimidate|boost\n|-unboost|p2a: Garchomp|atk|1\n|turn|1\n|\n|t:|1662086768\n|switch|p1a: Tapu Lele|Tapu Lele|100\/100\n|-fieldstart|move: Psychic Terrain|[from] ability: Psychic Surge|[of] p1a: Tapu Lele\n|move|p2a: Garchomp|Stealth Rock|p1a: Tapu Lele\n|-sidestart|p1: Ecstatic Chair|move: Stealth Rock\n|\n|upkeep\n|turn|2\n|\n|t:|1662086775\n|move|p2a: Garchomp|Protect|p2a: Garchomp\n|-singleturn|p2a: Garchomp|Protect\n|move|p1a: Tapu Lele|Focus Blast|p2a: Garchomp\n|-activate|p2a: Garchomp|move: Protect\n|\n|upkeep\n|turn|3\n|\n|t:|1662086780\n|switch|p1a: Landorus|Landorus-Therian, M|100\/100\n|-damage|p1a: Landorus|88\/100|[from] Stealth Rock\n|-ability|p1a: Landorus|Intimidate|boost\n|-unboost|p2a: Garchomp|atk|1\n|move|p2a: Garchomp|Toxic|p1a: Landorus\n|-status|p1a: Landorus|tox\n|\n|-heal|p1a: Landorus|94\/100 tox|[from] item: Leftovers\n|-damage|p1a: Landorus|88\/100 tox|[from] psn\n|upkeep\n|turn|4\n|\n|t:|1662086795\n|switch|p2a: Slowbro|Slowbro, F|100\/100\n|move|p1a: Landorus|Defog|p2a: Slowbro\n|-unboost|p2a: Slowbro|evasion|1\n|-sideend|p1: Ecstatic Chair|Stealth Rock|[from] move: Defog|[of] p1a: Landorus\n|-fieldend|move: Psychic Terrain\n|\n|-heal|p1a: Landorus|94\/100 tox|[from] item: Leftovers\n|-damage|p1a: Landorus|82\/100 tox|[from] psn\n|upkeep\n|turn|5\n|\n|t:|1662086811\n|move|p1a: Landorus|Toxic|p2a: Slowbro\n|-status|p2a: Slowbro|tox\n|move|p2a: Slowbro|Scald|p1a: Landorus\n|-supereffective|p1a: Landorus\n|-damage|p1a: Landorus|39\/100 tox\n|\n|-heal|p1a: Landorus|45\/100 tox|[from] item: Leftovers\n|-damage|p1a: Landorus|27\/100 tox|[from] psn\n|-damage|p2a: Slowbro|94\/100 tox|[from] psn\n|upkeep\n|turn|6\n|\n|t:|1662086819\n|switch|p1a: Rotom|Rotom-Wash|100\/100\n|move|p2a: Slowbro|Teleport|p2a: Slowbro\n|\n|t:|1662086828\n|switch|p2a: Rillaboom|Rillaboom, M|100\/100|[from]move: Teleport\n|-fieldstart|move: Grassy Terrain|[from] ability: Grassy Surge|[of] p2a: Rillaboom\n|\n|upkeep\n|turn|7\n|\n|t:|1662086835\n|switch|p1a: Heatran|Heatran, F|100\/100\n|move|p2a: Rillaboom|Swords Dance|p2a: Rillaboom\n|-boost|p2a: Rillaboom|atk|2\n|\n|upkeep\n|turn|8\n|\n|t:|1662086840\n|move|p1a: Heatran|Magma Storm|p2a: Rillaboom|[miss]\n|-miss|p1a: Heatran|p2a: Rillaboom\n|move|p2a: Rillaboom|Drain Punch|p1a: Heatran\n|-supereffective|p1a: Heatran\n|-damage|p1a: Heatran|0 fnt\n|faint|p1a: Heatran\n|\n|upkeep\n|-message|Ecstatic Chair forfeited.\n|\n|win|jly8\n|raw|Ecstatic Chair's rating: 1467 &rarr; <strong>1444<\/strong><br \/>(-23 for losing)\n|raw|jly8's rating: 1416 &rarr; <strong>1439<\/strong><br \/>(+23 for winning)\n|l|\u2606Ecstatic Chair\n|j|\u2606Ecstatic Chair\n|player|p1|Ecstatic Chair|blue-gen1rb\n","uploadtime":1662086852,"views":10,"p1id":"ecstaticchair","p2id":"jly8","formatid":"gen8ou","rating":1439,"private":0,"password":null}