{"id":"gen8ou-1648251627","p1":"lt94je bj","p2":"kinetic chain","format":"gen8ou","log":"|raw|<div class=\"broadcast-blue\"><strong>This battle is required to be public due to a player having a name starting with 'lt94je'.<\/div>\n|j|\u2606lt94je bj\n|j|\u203dkinetic chain\n|t:|1661463762\n|gametype|singles\n|player|p1|lt94je bj|colress|1766\n|player|p2|kinetic chain|giovanni-gen1|1854\n|teamsize|p1|6\n|teamsize|p2|6\n|gen|8\n|tier|[Gen 8] OU\n|rated|\n|rule|Sleep Clause Mod: Limit one foe put to sleep\n|rule|Species Clause: Limit one of each Pok\u00e9mon\n|rule|OHKO Clause: OHKO moves are banned\n|rule|Evasion Items Clause: Evasion items are banned\n|rule|Evasion Moves Clause: Evasion moves are banned\n|rule|Endless Battle Clause: Forcing endless battles is banned\n|rule|HP Percentage Mod: HP is shown in percentages\n|rule|Dynamax Clause: You cannot dynamax\n|clearpoke\n|poke|p1|Garchomp, M|\n|poke|p1|Volcarona, M|\n|poke|p1|Kartana|\n|poke|p1|Tapu Fini|\n|poke|p1|Heatran, F|\n|poke|p1|Tornadus-Therian, M|\n|poke|p2|Dragapult, M|\n|poke|p2|Nihilego|\n|poke|p2|Landorus-Therian, M|\n|poke|p2|Melmetal|\n|poke|p2|Magnezone|\n|poke|p2|Kartana|\n|teampreview\n|inactive|Battle timer is ON: inactive players will automatically lose when time's up. (requested by kinetic chain)\n|\n|t:|1661463785\n|start\n|switch|p1a: Garchomp|Garchomp, M|100\/100\n|switch|p2a: Landorus|Landorus-Therian, M, shiny|100\/100\n|-ability|p2a: Landorus|Intimidate|boost\n|-unboost|p1a: Garchomp|atk|1\n|turn|1\n|\n|t:|1661463792\n|switch|p1a: Tornadus|Tornadus-Therian, M|100\/100\n|move|p2a: Landorus|Earthquake|p1a: Tornadus\n|-immune|p1a: Tornadus\n|\n|upkeep\n|turn|2\n|j| Kingpin u r sexy\n|j| Rubiaa\n|j| isabela000\u25e5\u25b6_\u25c0\u25e4\n|\n|t:|1661463801\n|move|p1a: Tornadus|Knock Off|p2a: Landorus\n|-damage|p2a: Landorus|76\/100\n|-enditem|p2a: Landorus|Soft Sand|[from] move: Knock Off|[of] p1a: Tornadus\n|move|p2a: Landorus|Knock Off|p1a: Tornadus\n|-damage|p1a: Tornadus|58\/100\n|-enditem|p1a: Tornadus|Assault Vest|[from] move: Knock Off|[of] p2a: Landorus\n|\n|upkeep\n|turn|3\n|\n|t:|1661463809\n|switch|p2a: Nihilego|Nihilego, shiny|100\/100\n|move|p1a: Tornadus|Hurricane|p2a: Nihilego\n|-resisted|p2a: Nihilego\n|-damage|p2a: Nihilego|85\/100\n|\n|upkeep\n|turn|4\n|j|+Sacri'\n|\n|t:|1661463816\n|move|p1a: Tornadus|U-turn|p2a: Nihilego\n|-resisted|p2a: Nihilego\n|-damage|p2a: Nihilego|73\/100\n|\n|t:|1661463818\n|switch|p1a: Garchomp|Garchomp, M|100\/100|[from]move: U-turn\n|move|p2a: Nihilego|Stealth Rock|p1a: Garchomp\n|-sidestart|p1: lt94je bj|move: Stealth Rock\n|\n|upkeep\n|turn|5\n|j| storm zone\n|\n|t:|1661463823\n|switch|p2a: Landorus|Landorus-Therian, M, shiny|76\/100\n|-ability|p2a: Landorus|Intimidate|boost\n|-unboost|p1a: Garchomp|atk|1\n|move|p1a: Garchomp|Swords Dance|p1a: Garchomp\n|-boost|p1a: Garchomp|atk|2\n|\n|upkeep\n|turn|6\n|\n|t:|1661463831\n|move|p2a: Landorus|Earthquake|p1a: Garchomp\n|-damage|p1a: Garchomp|48\/100\n|move|p1a: Garchomp|Scale Shot|p2a: Landorus\n|-damage|p2a: Landorus|46\/100\n|-damage|p2a: Landorus|16\/100\n|-damage|p2a: Landorus|0 fnt\n|faint|p2a: Landorus\n|-hitcount|p2: Landorus|3\n|-unboost|p1a: Garchomp|def|1\n|-boost|p1a: Garchomp|spe|1\n|-damage|p1a: Garchomp|39\/100|[from] item: Life Orb\n|\n|upkeep\n|\n|t:|1661463846\n|switch|p2a: Kartana|Kartana, shiny|100\/100\n|turn|7\n|\n|t:|1661463858\n|switch|p1a: Heatran|Heatran, F|100\/100\n|-damage|p1a: Heatran|88\/100|[from] Stealth Rock\n|move|p2a: Kartana|Knock Off|p1a: Heatran\n|-damage|p1a: Heatran|60\/100\n|-enditem|p1a: Heatran|Leftovers|[from] move: Knock Off|[of] p2a: Kartana\n|\n|upkeep\n|turn|8\n|\n|t:|1661463868\n|switch|p2a: Nihilego|Nihilego, shiny|73\/100\n|move|p1a: Heatran|Stealth Rock|p2a: Nihilego\n|-sidestart|p2: kinetic chain|move: Stealth Rock\n|\n|upkeep\n|turn|9\n|\n|t:|1661463877\n|move|p2a: Nihilego|Meteor Beam||[still]\n|-prepare|p2a: Nihilego|Meteor Beam\n|-boost|p2a: Nihilego|spa|1\n|-enditem|p2a: Nihilego|Power Herb\n|-anim|p2a: Nihilego|Meteor Beam|p1a: Heatran\n|-damage|p1a: Heatran|0 fnt\n|faint|p1a: Heatran\n|-ability|p2a: Nihilego|Beast Boost|boost\n|-boost|p2a: Nihilego|spe|1\n|\n|upkeep\n|j| pepsi\n|\n|t:|1661463881\n|switch|p1a: Kartana|Kartana|100\/100\n|-damage|p1a: Kartana|94\/100|[from] Stealth Rock\n|turn|10\n|j|+Sun\n|inactive|kinetic chain has 120 seconds left.\n|inactive|lt94je bj has 120 seconds left.\n|j| Lunala\n|\n|t:|1661463938\n|move|p1a: Kartana|Leaf Blade|p2a: Nihilego\n|-damage|p2a: Nihilego|0 fnt\n|faint|p2a: Nihilego\n|-ability|p1a: Kartana|Beast Boost|boost\n|-boost|p1a: Kartana|atk|1\n|\n|upkeep\n|j| LT94JE Kingpin\n|\n|t:|1661463944\n|switch|p2a: Magnezone|Magnezone, shiny|100\/100\n|-damage|p2a: Magnezone|95\/100|[from] Stealth Rock\n|-item|p2a: Magnezone|Air Balloon\n|turn|11\n|\n|t:|1661463951\n|move|p1a: Kartana|Leaf Blade|p2a: Magnezone\n|-resisted|p2a: Magnezone\n|-crit|p2a: Magnezone\n|-damage|p2a: Magnezone|49\/100\n|-enditem|p2a: Magnezone|Air Balloon\n|move|p2a: Magnezone|Iron Defense|p2a: Magnezone\n|-boost|p2a: Magnezone|def|2\n|\n|upkeep\n|turn|12\n|\n|t:|1661463959\n|move|p1a: Kartana|Leaf Blade|p2a: Magnezone\n|-resisted|p2a: Magnezone\n|-damage|p2a: Magnezone|32\/100\n|move|p2a: Magnezone|Body Press|p1a: Kartana\n|-supereffective|p1a: Kartana\n|-damage|p1a: Kartana|0 fnt\n|faint|p1a: Kartana\n|\n|upkeep\n|j| tapu moxo\n|\n|t:|1661463969\n|switch|p1a: Volcarona|Volcarona, M|100\/100\n|turn|13\n|\n|t:|1661463978\n|move|p1a: Volcarona|Quiver Dance|p1a: Volcarona\n|-boost|p1a: Volcarona|spa|1\n|-boost|p1a: Volcarona|spd|1\n|-boost|p1a: Volcarona|spe|1\n|move|p2a: Magnezone|Discharge|p1a: Volcarona\n|-damage|p1a: Volcarona|77\/100\n|\n|upkeep\n|turn|14\n|j| Celestex\n|inactive|kinetic chain has 120 seconds left.\n|\n|t:|1661463987\n|move|p1a: Volcarona|Flamethrower|p2a: Magnezone\n|-supereffective|p2a: Magnezone\n|-damage|p2a: Magnezone|0 fnt\n|faint|p2a: Magnezone\n|\n|upkeep\n|inactive|kinetic chain has 120 seconds left.\n|\n|t:|1661463998\n|switch|p2a: Kartana|Kartana, shiny|100\/100\n|-damage|p2a: Kartana|94\/100|[from] Stealth Rock\n|turn|15\n|l| Celestex\n|inactive|kinetic chain has 120 seconds left.\n|\n|t:|1661464006\n|move|p2a: Kartana|Knock Off|p1a: Volcarona\n|-damage|p1a: Volcarona|12\/100\n|-enditem|p1a: Volcarona|Heavy-Duty Boots|[from] move: Knock Off|[of] p2a: Kartana\n|move|p1a: Volcarona|Quiver Dance|p1a: Volcarona\n|-boost|p1a: Volcarona|spa|1\n|-boost|p1a: Volcarona|spd|1\n|-boost|p1a: Volcarona|spe|1\n|\n|upkeep\n|turn|16\n|\n|t:|1661464012\n|switch|p2a: Melmetal|Melmetal, shiny|100\/100\n|-damage|p2a: Melmetal|94\/100|[from] Stealth Rock\n|move|p1a: Volcarona|Flamethrower|p2a: Melmetal\n|-supereffective|p2a: Melmetal\n|-damage|p2a: Melmetal|0 fnt\n|faint|p2a: Melmetal\n|\n|upkeep\n|\n|t:|1661464020\n|switch|p2a: Dragapult|Dragapult, M, shiny|100\/100\n|-damage|p2a: Dragapult|88\/100|[from] Stealth Rock\n|turn|17\n|\n|t:|1661464024\n|move|p1a: Volcarona|Bug Buzz|p2a: Dragapult\n|-resisted|p2a: Dragapult\n|-damage|p2a: Dragapult|0 fnt\n|faint|p2a: Dragapult\n|\n|upkeep\n|l| tapu moxo\n|l|+Sun\n|-message|kinetic chain forfeited.\n|\n|win|lt94je bj\n|raw|lt94je bj's rating: 1766 &rarr; <strong>1791<\/strong><br \/>(+25 for winning)\n|raw|kinetic chain's rating: 1854 &rarr; <strong>1829<\/strong><br \/>(-25 for losing)\n|j| C je fu t th tu\n","uploadtime":1661464038,"views":69,"p1id":"lt94jebj","p2id":"kineticchain","formatid":"gen8ou","rating":1791,"private":0,"password":null}