{"id":"gen8ou-1676790499","p1":"gotsnsd","p2":"Jongruenwald","format":"gen8ou","log":"|j|\u2606gotsnsd\n|j|\u2606Jongruenwald\n|t:|1664824370\n|gametype|singles\n|player|p1|gotsnsd|beauty-gen2jp|1628\n|player|p2|Jongruenwald|marlon|1703\n|teamsize|p1|6\n|teamsize|p2|6\n|gen|8\n|tier|[Gen 8] OU\n|rated|\n|rule|Sleep Clause Mod: Limit one foe put to sleep\n|rule|Species Clause: Limit one of each Pok\u00e9mon\n|rule|OHKO Clause: OHKO moves are banned\n|rule|Evasion Items Clause: Evasion items are banned\n|rule|Evasion Moves Clause: Evasion moves are banned\n|rule|Endless Battle Clause: Forcing endless battles is banned\n|rule|HP Percentage Mod: HP is shown in percentages\n|rule|Dynamax Clause: You cannot dynamax\n|clearpoke\n|poke|p1|Melmetal|\n|poke|p1|Blacephalon|\n|poke|p1|Tapu Fini|\n|poke|p1|Tornadus-Therian, M|\n|poke|p1|Landorus-Therian, M|\n|poke|p1|Kartana|\n|poke|p2|Ninetales-Alola, F|\n|poke|p2|Arctozolt|\n|poke|p2|Clefable, M|\n|poke|p2|Magnezone|\n|poke|p2|Landorus-Therian, M|\n|poke|p2|Victini|\n|teampreview\n|j| Lapalissyar\n|\n|t:|1664824389\n|start\n|switch|p1a: Tornadus|Tornadus-Therian, M|100\/100\n|switch|p2a: Landorus|Landorus-Therian, M|100\/100\n|-ability|p2a: Landorus|Intimidate|boost\n|-unboost|p1a: Tornadus|atk|1\n|turn|1\n|c| Lapalissyar|meme weather vs a legit team\n|\n|t:|1664824395\n|move|p1a: Tornadus|Taunt|p2a: Landorus\n|-start|p2a: Landorus|move: Taunt\n|cant|p2a: Landorus|move: Taunt|Stealth Rock\n|\n|upkeep\n|turn|2\n|\n|t:|1664824409\n|move|p1a: Tornadus|Knock Off|p2a: Landorus\n|-damage|p2a: Landorus|86\/100\n|-enditem|p2a: Landorus|Leftovers|[from] move: Knock Off|[of] p1a: Tornadus\n|move|p2a: Landorus|U-turn|p1a: Tornadus\n|-resisted|p1a: Tornadus\n|-damage|p1a: Tornadus|87\/100\n|\n|t:|1664824412\n|switch|p2a: Ninetales|Ninetales-Alola, F|100\/100|[from]move: U-turn\n|-weather|Hail|[from] ability: Snow Warning|[of] p2a: Ninetales\n|\n|-weather|Hail|[upkeep]\n|-damage|p1a: Tornadus|81\/100|[from] Hail\n|upkeep\n|turn|3\n|\n|t:|1664824422\n|switch|p1a: Melmetal|Melmetal|100\/100\n|move|p2a: Ninetales|Aurora Veil|p2a: Ninetales\n|-sidestart|p2: Jongruenwald|move: Aurora Veil\n|\n|-weather|Hail|[upkeep]\n|-damage|p1a: Melmetal|94\/100|[from] Hail\n|upkeep\n|turn|4\n|\n|t:|1664824445\n|switch|p2a: Landorus|Landorus-Therian, M|86\/100\n|-ability|p2a: Landorus|Intimidate|boost\n|-unboost|p1a: Melmetal|atk|1\n|switch|p1a: Blacephalon|Blacephalon|100\/100\n|\n|-weather|Hail|[upkeep]\n|-damage|p1a: Blacephalon|94\/100|[from] Hail\n|-damage|p2a: Landorus|80\/100|[from] Hail\n|upkeep\n|turn|5\n|\n|t:|1664824455\n|move|p1a: Blacephalon|Shadow Ball|p2a: Landorus\n|-damage|p2a: Landorus|54\/100\n|move|p2a: Landorus|U-turn|p1a: Blacephalon\n|-resisted|p1a: Blacephalon\n|-crit|p1a: Blacephalon\n|-damage|p1a: Blacephalon|74\/100\n|\n|t:|1664824459\n|switch|p2a: Arctozolt|Arctozolt|100\/100|[from]move: U-turn\n|\n|-weather|Hail|[upkeep]\n|-damage|p1a: Blacephalon|68\/100|[from] Hail\n|upkeep\n|turn|6\n|\n|t:|1664824462\n|move|p2a: Arctozolt|Substitute|p2a: Arctozolt\n|-start|p2a: Arctozolt|Substitute\n|-damage|p2a: Arctozolt|76\/100\n|move|p1a: Blacephalon|Shadow Ball|p2a: Arctozolt\n|-end|p2a: Arctozolt|Substitute\n|\n|-weather|Hail|[upkeep]\n|-damage|p1a: Blacephalon|62\/100|[from] Hail\n|-heal|p2a: Arctozolt|82\/100|[from] item: Leftovers\n|upkeep\n|turn|7\n|\n|t:|1664824466\n|switch|p1a: Landorus|Landorus-Therian, M|100\/100\n|-ability|p1a: Landorus|Intimidate|boost\n|-unboost|p2a: Arctozolt|atk|1\n|move|p2a: Arctozolt|Bolt Beak|p1a: Landorus\n|-immune|p1a: Landorus\n|\n|-weather|Hail|[upkeep]\n|-damage|p1a: Landorus|94\/100|[from] Hail\n|-heal|p2a: Arctozolt|88\/100|[from] item: Leftovers\n|-heal|p1a: Landorus|100\/100|[from] item: Leftovers\n|-sideend|p2: Jongruenwald|move: Aurora Veil\n|upkeep\n|turn|8\n|\n|t:|1664824469\n|switch|p1a: Tapu Fini|Tapu Fini|100\/100\n|-fieldstart|move: Misty Terrain|[from] ability: Misty Surge|[of] p1a: Tapu Fini\n|move|p2a: Arctozolt|Blizzard|p1a: Tapu Fini\n|-resisted|p1a: Tapu Fini\n|-damage|p1a: Tapu Fini|87\/100\n|\n|-weather|Hail|[upkeep]\n|-damage|p1a: Tapu Fini|81\/100|[from] Hail\n|-heal|p2a: Arctozolt|94\/100|[from] item: Leftovers\n|-heal|p1a: Tapu Fini|87\/100|[from] item: Leftovers\n|upkeep\n|turn|9\n|\n|t:|1664824474\n|switch|p1a: Melmetal|Melmetal|94\/100\n|move|p2a: Arctozolt|Substitute|p2a: Arctozolt\n|-start|p2a: Arctozolt|Substitute\n|-damage|p2a: Arctozolt|69\/100\n|\n|-weather|none\n|-heal|p2a: Arctozolt|76\/100|[from] item: Leftovers\n|upkeep\n|turn|10\n|\n|t:|1664824480\n|switch|p2a: Magnezone|Magnezone|100\/100\n|move|p1a: Melmetal|Earthquake|p2a: Magnezone\n|-supereffective|p2a: Magnezone\n|-damage|p2a: Magnezone|0 fnt\n|faint|p2a: Magnezone\n|\n|upkeep\n|\n|t:|1664824484\n|switch|p2a: Victini|Victini|100\/100\n|turn|11\n|\n|t:|1664824490\n|switch|p1a: Landorus|Landorus-Therian, M|100\/100\n|-ability|p1a: Landorus|Intimidate|boost\n|-unboost|p2a: Victini|atk|1\n|move|p2a: Victini|U-turn|p1a: Landorus\n|-resisted|p1a: Landorus\n|-damage|p1a: Landorus|94\/100\n|\n|t:|1664824493\n|switch|p2a: Ninetales|Ninetales-Alola, F|100\/100|[from]move: U-turn\n|-weather|Hail|[from] ability: Snow Warning|[of] p2a: Ninetales\n|\n|-weather|Hail|[upkeep]\n|-damage|p1a: Landorus|88\/100|[from] Hail\n|-heal|p1a: Landorus|94\/100|[from] item: Leftovers\n|upkeep\n|turn|12\n|\n|t:|1664824502\n|switch|p1a: Melmetal|Melmetal|94\/100\n|move|p2a: Ninetales|Aurora Veil|p2a: Ninetales\n|-sidestart|p2: Jongruenwald|move: Aurora Veil\n|\n|-weather|Hail|[upkeep]\n|-damage|p1a: Melmetal|88\/100|[from] Hail\n|-fieldend|Misty Terrain\n|upkeep\n|turn|13\n|\n|t:|1664824508\n|switch|p2a: Victini|Victini|100\/100\n|move|p1a: Melmetal|Double Iron Bash|p2a: Victini\n|-resisted|p2a: Victini\n|-damage|p2a: Victini|88\/100\n|-resisted|p2a: Victini\n|-damage|p2a: Victini|75\/100\n|-hitcount|p2a: Victini|2\n|\n|-weather|Hail|[upkeep]\n|-damage|p2a: Victini|69\/100|[from] Hail\n|-damage|p1a: Melmetal|82\/100|[from] Hail\n|upkeep\n|turn|14\n|\n|t:|1664824516\n|switch|p1a: Tapu Fini|Tapu Fini|87\/100\n|-fieldstart|move: Misty Terrain|[from] ability: Misty Surge|[of] p1a: Tapu Fini\n|move|p2a: Victini|U-turn|p1a: Tapu Fini\n|-resisted|p1a: Tapu Fini\n|-damage|p1a: Tapu Fini|78\/100\n|\n|t:|1664824518\n|switch|p2a: Arctozolt|Arctozolt|76\/100|[from]move: U-turn\n|\n|-weather|Hail|[upkeep]\n|-damage|p1a: Tapu Fini|72\/100|[from] Hail\n|-heal|p2a: Arctozolt|82\/100|[from] item: Leftovers\n|-heal|p1a: Tapu Fini|78\/100|[from] item: Leftovers\n|upkeep\n|turn|15\n|\n|t:|1664824523\n|switch|p1a: Landorus|Landorus-Therian, M|94\/100\n|-ability|p1a: Landorus|Intimidate|boost\n|-unboost|p2a: Arctozolt|atk|1\n|move|p2a: Arctozolt|Substitute|p2a: Arctozolt\n|-start|p2a: Arctozolt|Substitute\n|-damage|p2a: Arctozolt|57\/100\n|\n|-weather|Hail|[upkeep]\n|-damage|p1a: Landorus|88\/100|[from] Hail\n|-heal|p2a: Arctozolt|63\/100|[from] item: Leftovers\n|-heal|p1a: Landorus|94\/100|[from] item: Leftovers\n|upkeep\n|turn|16\n|\n|t:|1664824527\n|move|p2a: Arctozolt|Bolt Beak|p1a: Landorus\n|-immune|p1a: Landorus\n|move|p1a: Landorus|Earthquake|p2a: Arctozolt\n|-supereffective|p2a: Arctozolt\n|-end|p2a: Arctozolt|Substitute\n|\n|-weather|Hail|[upkeep]\n|-damage|p1a: Landorus|88\/100|[from] Hail\n|-heal|p2a: Arctozolt|69\/100|[from] item: Leftovers\n|-heal|p1a: Landorus|94\/100|[from] item: Leftovers\n|-sideend|p2: Jongruenwald|move: Aurora Veil\n|upkeep\n|turn|17\n|\n|t:|1664824541\n|move|p2a: Arctozolt|Blizzard|p1a: Landorus\n|-supereffective|p1a: Landorus\n|-damage|p1a: Landorus|0 fnt\n|faint|p1a: Landorus\n|\n|-weather|Hail|[upkeep]\n|-heal|p2a: Arctozolt|76\/100|[from] item: Leftovers\n|upkeep\n|\n|t:|1664824551\n|switch|p1a: Melmetal|Melmetal|82\/100\n|turn|18\n|\n|t:|1664824566\n|switch|p2a: Landorus|Landorus-Therian, M|54\/100\n|-ability|p2a: Landorus|Intimidate|boost\n|-unboost|p1a: Melmetal|atk|1\n|move|p1a: Melmetal|Double Iron Bash|p2a: Landorus\n|-damage|p2a: Landorus|23\/100\n|-damage|p2a: Landorus|0 fnt\n|faint|p2a: Landorus\n|-hitcount|p2: Landorus|2\n|\n|-weather|none\n|-fieldend|Misty Terrain\n|upkeep\n|\n|t:|1664824569\n|switch|p2a: Victini|Victini|69\/100\n|turn|19\n|\n|t:|1664824572\n|switch|p1a: Tornadus|Tornadus-Therian, M|100\/100\n|move|p2a: Victini|V-create|p1a: Tornadus\n|-damage|p1a: Tornadus|9\/100\n|-unboost|p2a: Victini|spe|1\n|-unboost|p2a: Victini|def|1\n|-unboost|p2a: Victini|spd|1\n|\n|upkeep\n|turn|20\n|\n|t:|1664824575\n|switch|p2a: Ninetales|Ninetales-Alola, F|100\/100\n|-weather|Hail|[from] ability: Snow Warning|[of] p2a: Ninetales\n|move|p1a: Tornadus|Knock Off|p2a: Ninetales\n|-resisted|p2a: Ninetales\n|-damage|p2a: Ninetales|87\/100\n|-enditem|p2a: Ninetales|Icy Rock|[from] move: Knock Off|[of] p1a: Tornadus\n|\n|-weather|Hail|[upkeep]\n|-damage|p1a: Tornadus|2\/100|[from] Hail\n|upkeep\n|turn|21\n|\n|t:|1664824580\n|move|p1a: Tornadus|Taunt|p2a: Ninetales\n|-start|p2a: Ninetales|move: Taunt\n|cant|p2a: Ninetales|move: Taunt|Aurora Veil\n|\n|-weather|Hail|[upkeep]\n|-damage|p1a: Tornadus|0 fnt|[from] Hail\n|faint|p1a: Tornadus\n|upkeep\n|\n|t:|1664824602\n|switch|p1a: Blacephalon|Blacephalon|62\/100\n|turn|22\n|\n|t:|1664824621\n|move|p2a: Ninetales|Blizzard|p1a: Blacephalon\n|-resisted|p1a: Blacephalon\n|-damage|p1a: Blacephalon|28\/100\n|move|p1a: Blacephalon|Shadow Ball|p2a: Ninetales\n|-damage|p2a: Ninetales|10\/100\n|\n|-weather|Hail|[upkeep]\n|-damage|p1a: Blacephalon|22\/100|[from] Hail\n|upkeep\n|turn|23\n|\n|t:|1664824637\n|switch|p1a: Tapu Fini|Tapu Fini|78\/100\n|-fieldstart|move: Misty Terrain|[from] ability: Misty Surge|[of] p1a: Tapu Fini\n|move|p2a: Ninetales|Blizzard|p1a: Tapu Fini\n|-resisted|p1a: Tapu Fini\n|-damage|p1a: Tapu Fini|66\/100\n|\n|-weather|Hail|[upkeep]\n|-damage|p1a: Tapu Fini|59\/100|[from] Hail\n|-heal|p1a: Tapu Fini|66\/100|[from] item: Leftovers\n|-end|p2a: Ninetales|move: Taunt\n|upkeep\n|turn|24\n|\n|t:|1664824645\n|switch|p2a: Arctozolt|Arctozolt|76\/100\n|move|p1a: Tapu Fini|Substitute|p1a: Tapu Fini\n|-start|p1a: Tapu Fini|Substitute\n|-damage|p1a: Tapu Fini|41\/100\n|\n|-weather|Hail|[upkeep]\n|-damage|p1a: Tapu Fini|35\/100|[from] Hail\n|-heal|p2a: Arctozolt|82\/100|[from] item: Leftovers\n|-heal|p1a: Tapu Fini|41\/100|[from] item: Leftovers\n|upkeep\n|turn|25\n|\n|t:|1664824650\n|move|p2a: Arctozolt|Freeze-Dry|p1a: Tapu Fini\n|-supereffective|p1a: Tapu Fini\n|-end|p1a: Tapu Fini|Substitute\n|move|p1a: Tapu Fini|Draining Kiss|p2a: Arctozolt\n|-damage|p2a: Arctozolt|60\/100\n|-heal|p1a: Tapu Fini|56\/100|[from] drain|[of] p2a: Arctozolt\n|\n|-weather|Hail|[upkeep]\n|-damage|p1a: Tapu Fini|50\/100|[from] Hail\n|-heal|p2a: Arctozolt|67\/100|[from] item: Leftovers\n|-heal|p1a: Tapu Fini|56\/100|[from] item: Leftovers\n|upkeep\n|turn|26\n|\n|t:|1664824655\n|switch|p1a: Blacephalon|Blacephalon|22\/100\n|move|p2a: Arctozolt|Bolt Beak|p1a: Blacephalon\n|-damage|p1a: Blacephalon|0 fnt\n|faint|p1a: Blacephalon\n|\n|-weather|Hail|[upkeep]\n|-heal|p2a: Arctozolt|73\/100|[from] item: Leftovers\n|upkeep\n|\n|t:|1664824658\n|switch|p1a: Melmetal|Melmetal|82\/100\n|turn|27\n|\n|t:|1664824681\n|move|p2a: Arctozolt|Bolt Beak|p1a: Melmetal\n|-damage|p1a: Melmetal|40\/100\n|move|p1a: Melmetal|Earthquake|p2a: Arctozolt\n|-supereffective|p2a: Arctozolt\n|-damage|p2a: Arctozolt|0 fnt\n|faint|p2a: Arctozolt\n|\n|-weather|none\n|-fieldend|Misty Terrain\n|upkeep\n|\n|t:|1664824685\n|switch|p2a: Victini|Victini|69\/100\n|turn|28\n|\n|t:|1664824692\n|move|p2a: Victini|V-create|p1a: Melmetal\n|-supereffective|p1a: Melmetal\n|-damage|p1a: Melmetal|0 fnt\n|-unboost|p2a: Victini|spe|1\n|-unboost|p2a: Victini|def|1\n|-unboost|p2a: Victini|spd|1\n|faint|p1a: Melmetal\n|\n|upkeep\n|\n|t:|1664824699\n|switch|p1a: Tapu Fini|Tapu Fini|56\/100\n|-fieldstart|move: Misty Terrain|[from] ability: Misty Surge|[of] p1a: Tapu Fini\n|turn|29\n|\n|t:|1664824708\n|switch|p1a: Kartana|Kartana|100\/100\n|switch|p2a: Ninetales|Ninetales-Alola, F|10\/100\n|-weather|Hail|[from] ability: Snow Warning|[of] p2a: Ninetales\n|\n|-weather|Hail|[upkeep]\n|-damage|p1a: Kartana|94\/100|[from] Hail\n|upkeep\n|turn|30\n|\n|t:|1664824714\n|move|p1a: Kartana|Leaf Blade|p2a: Ninetales\n|-damage|p2a: Ninetales|0 fnt\n|faint|p2a: Ninetales\n|-ability|p1a: Kartana|Beast Boost|boost\n|-boost|p1a: Kartana|atk|1\n|\n|-weather|Hail|[upkeep]\n|-damage|p1a: Kartana|88\/100|[from] Hail\n|upkeep\n|\n|t:|1664824726\n|switch|p2a: Victini|Victini|69\/100\n|turn|31\n|\n|t:|1664824731\n|switch|p1a: Tapu Fini|Tapu Fini|56\/100\n|move|p2a: Victini|V-create|p1a: Tapu Fini\n|-resisted|p1a: Tapu Fini\n|-crit|p1a: Tapu Fini\n|-damage|p1a: Tapu Fini|4\/100\n|-unboost|p2a: Victini|spe|1\n|-unboost|p2a: Victini|def|1\n|-unboost|p2a: Victini|spd|1\n|\n|-weather|Hail|[upkeep]\n|-damage|p1a: Tapu Fini|0 fnt|[from] Hail\n|-damage|p2a: Victini|63\/100|[from] Hail\n|faint|p1a: Tapu Fini\n|upkeep\n|\n|t:|1664824736\n|switch|p1a: Kartana|Kartana|88\/100\n|turn|32\n|\n|t:|1664824743\n|move|p1a: Kartana|Smart Strike|p2a: Victini\n|-resisted|p2a: Victini\n|-damage|p2a: Victini|22\/100\n|move|p2a: Victini|V-create|p1a: Kartana\n|-supereffective|p1a: Kartana\n|-damage|p1a: Kartana|0 fnt\n|-unboost|p2a: Victini|spe|1\n|-unboost|p2a: Victini|def|1\n|-unboost|p2a: Victini|spd|1\n|faint|p1a: Kartana\n|\n|win|Jongruenwald\n|raw|gotsnsd's rating: 1628 &rarr; <strong>1612<\/strong><br \/>(-16 for losing)\n|raw|Jongruenwald's rating: 1703 &rarr; <strong>1719<\/strong><br \/>(+16 for winning)\n|l|\u2606gotsnsd\n|j| Zemmour & Rick\n|l| Zemmour & Rick\n||Ladder isn't responding, score probably updated but might not have (Request timeout).\n","uploadtime":1664825253,"views":4,"p1id":"gotsnsd","p2id":"jongruenwald","formatid":"gen8ou","rating":1612,"private":0,"password":null}