{"id":"gen8ou-1288662590","p1":"hOmer iS dEad '_>'","p2":"friedfreak","format":"gen8ou","log":"|j|\u203dhOmer iS dEad '_>'\n|j|\u2606friedfreak\n|t:|1614145092\n|player|p1|hOmer iS dEad '_>'|burglar-gen1|1795\n|player|p2|friedfreak|169|1673\n|teamsize|p1|6\n|teamsize|p2|6\n|gametype|singles\n|gen|8\n|tier|[Gen 8] OU\n|rated|\n|clearpoke\n|poke|p1|Slowbro, F|\n|poke|p1|Dragapult, F|\n|poke|p1|Corviknight, M|\n|poke|p1|Urshifu-*, F|\n|poke|p1|Landorus-Therian, M|\n|poke|p1|Heatran, M|\n|poke|p2|Urshifu-*, M|\n|poke|p2|Tapu Koko|\n|poke|p2|Garchomp, M|\n|poke|p2|Corviknight, M|\n|poke|p2|Kartana|\n|poke|p2|Blissey, F|\n|rule|Sleep Clause Mod: Limit one foe put to sleep\n|rule|Species Clause: Limit one of each Pok\u00e9mon\n|rule|OHKO Clause: OHKO moves are banned\n|rule|Evasion Moves Clause: Evasion moves are banned\n|rule|Endless Battle Clause: Forcing endless battles is banned\n|rule|HP Percentage Mod: HP is shown in percentages\n|rule|Dynamax Clause: You cannot dynamax\n|teampreview\n|inactive|Battle timer is ON: inactive players will automatically lose when time's up. (requested by hOmer iS dEad '_>')\n|\n|t:|1614145118\n|start\n|switch|p1a: Landorus|Landorus-Therian, M|100\/100\n|switch|p2a: Tapu Koko|Tapu Koko|100\/100\n|-fieldstart|move: Electric Terrain|[from] ability: Electric Surge|[of] p2a: Tapu Koko\n|-ability|p1a: Landorus|Intimidate|boost\n|-unboost|p2a: Tapu Koko|atk|1\n|turn|1\n|\n|t:|1614145126\n|move|p2a: Tapu Koko|U-turn|p1a: Landorus\n|-resisted|p1a: Landorus\n|-damage|p1a: Landorus|95\/100\n|\n|t:|1614145129\n|switch|p2a: Corviknight|Corviknight, M|100\/100|[from]move: U-turn\n|-ability|p2a: Corviknight|Pressure\n|move|p1a: Landorus|Stealth Rock|p2a: Corviknight\n|-sidestart|p2: friedfreak|move: Stealth Rock\n|\n|-heal|p1a: Landorus|100\/100|[from] item: Leftovers\n|upkeep\n|turn|2\n|\n|t:|1614145139\n|move|p1a: Landorus|Knock Off|p2a: Corviknight\n|-damage|p2a: Corviknight|83\/100\n|-damage|p1a: Landorus|84\/100|[from] item: Rocky Helmet|[of] p2a: Corviknight\n|-enditem|p2a: Corviknight|Rocky Helmet|[from] move: Knock Off|[of] p1a: Landorus\n|move|p2a: Corviknight|Defog|p1a: Landorus\n|-unboost|p1a: Landorus|evasion|1\n|-sideend|p2: friedfreak|Stealth Rock|[from] move: Defog|[of] p2a: Corviknight\n|-fieldend|move: Electric Terrain\n|\n|-heal|p1a: Landorus|90\/100|[from] item: Leftovers\n|upkeep\n|turn|3\n|\n|t:|1614145151\n|move|p1a: Landorus|Stealth Rock|p2a: Corviknight\n|-sidestart|p2: friedfreak|move: Stealth Rock\n|move|p2a: Corviknight|Brave Bird|p1a: Landorus\n|-damage|p1a: Landorus|53\/100\n|-damage|p2a: Corviknight|71\/100|[from] Recoil\n|\n|-heal|p1a: Landorus|59\/100|[from] item: Leftovers\n|upkeep\n|turn|4\n|\n|t:|1614145157\n|switch|p1a: Heatran|Heatran, M|100\/100\n|move|p2a: Corviknight|Defog|p1a: Heatran\n|-unboost|p1a: Heatran|evasion|1\n|-sideend|p2: friedfreak|Stealth Rock|[from] move: Defog|[of] p2a: Corviknight\n|\n|upkeep\n|turn|5\n|\n|t:|1614145163\n|switch|p2a: Garchomp|Garchomp, M|100\/100\n|move|p1a: Heatran|Magma Storm|p2a: Garchomp\n|-resisted|p2a: Garchomp\n|-damage|p2a: Garchomp|76\/100\n|-activate|p2a: Garchomp|move: Magma Storm|[of] p1a: Heatran\n|\n|-damage|p2a: Garchomp|64\/100|[from] move: Magma Storm|[partiallytrapped]\n|upkeep\n|turn|6\n|\n|t:|1614145172\n|switch|p1a: Landorus|Landorus-Therian, M|59\/100\n|-ability|p1a: Landorus|Intimidate|boost\n|-unboost|p2a: Garchomp|atk|1\n|move|p2a: Garchomp|Stealth Rock|p1a: Landorus\n|-sidestart|p1: hOmer iS dEad '_>'|move: Stealth Rock\n|\n|-heal|p1a: Landorus|65\/100|[from] item: Leftovers\n|-end|p2a: Garchomp|Magma Storm|[partiallytrapped]|[silent]\n|upkeep\n|turn|7\n|\n|t:|1614145188\n|switch|p2a: Corviknight|Corviknight, M|71\/100\n|-ability|p2a: Corviknight|Pressure\n|move|p1a: Landorus|Earthquake|p2a: Corviknight\n|-immune|p2a: Corviknight\n|\n|-heal|p1a: Landorus|71\/100|[from] item: Leftovers\n|upkeep\n|turn|8\n|\n|t:|1614145196\n|switch|p1a: Corviknight|Corviknight, M|100\/100\n|-damage|p1a: Corviknight|88\/100|[from] Stealth Rock\n|-ability|p1a: Corviknight|Pressure\n|move|p2a: Corviknight|Roost|p2a: Corviknight\n|-heal|p2a: Corviknight|100\/100\n|-singleturn|p2a: Corviknight|move: Roost\n|\n|-heal|p1a: Corviknight|94\/100|[from] item: Leftovers\n|upkeep\n|turn|9\n|\n|t:|1614145200\n|move|p2a: Corviknight|U-turn|p1a: Corviknight\n|-resisted|p1a: Corviknight\n|-damage|p1a: Corviknight|91\/100\n|\n|t:|1614145204\n|switch|p2a: Tapu Koko|Tapu Koko|100\/100|[from]move: U-turn\n|-fieldstart|move: Electric Terrain|[from] ability: Electric Surge|[of] p2a: Tapu Koko\n|move|p1a: Corviknight|Defog|p2a: Tapu Koko\n|-unboost|p2a: Tapu Koko|evasion|1\n|-sideend|p1: hOmer iS dEad '_>'|Stealth Rock|[from] move: Defog|[of] p1a: Corviknight\n|-fieldend|move: Electric Terrain\n|\n|-heal|p1a: Corviknight|98\/100|[from] item: Leftovers\n|upkeep\n|turn|10\n|\n|t:|1614145216\n|switch|p1a: Heatran|Heatran, M|100\/100\n|move|p2a: Tapu Koko|U-turn|p1a: Heatran\n|-resisted|p1a: Heatran\n|-damage|p1a: Heatran|97\/100\n|\n|t:|1614145219\n|switch|p2a: Garchomp|Garchomp, M|64\/100|[from]move: U-turn\n|\n|-heal|p1a: Heatran|100\/100|[from] item: Leftovers\n|upkeep\n|turn|11\n|\n|t:|1614145224\n|switch|p1a: Landorus|Landorus-Therian, M|71\/100\n|-ability|p1a: Landorus|Intimidate|boost\n|-unboost|p2a: Garchomp|atk|1\n|move|p2a: Garchomp|Stealth Rock|p1a: Landorus\n|-sidestart|p1: hOmer iS dEad '_>'|move: Stealth Rock\n|\n|-heal|p1a: Landorus|77\/100|[from] item: Leftovers\n|upkeep\n|turn|12\n|\n|t:|1614145254\n|switch|p2a: Corviknight|Corviknight, M|100\/100\n|-ability|p2a: Corviknight|Pressure\n|move|p1a: Landorus|Earthquake|p2a: Corviknight\n|-immune|p2a: Corviknight\n|\n|-heal|p1a: Landorus|83\/100|[from] item: Leftovers\n|upkeep\n|turn|13\n|\n|t:|1614145259\n|move|p1a: Landorus|Stealth Rock|p2a: Corviknight\n|-sidestart|p2: friedfreak|move: Stealth Rock\n|move|p2a: Corviknight|Brave Bird|p1a: Landorus\n|-damage|p1a: Landorus|47\/100\n|-damage|p2a: Corviknight|89\/100|[from] Recoil\n|\n|-heal|p1a: Landorus|53\/100|[from] item: Leftovers\n|upkeep\n|turn|14\n|\n|t:|1614145268\n|switch|p1a: Corviknight|Corviknight, M|98\/100\n|-damage|p1a: Corviknight|85\/100|[from] Stealth Rock\n|-ability|p1a: Corviknight|Pressure\n|move|p2a: Corviknight|U-turn|p1a: Corviknight\n|-resisted|p1a: Corviknight\n|-damage|p1a: Corviknight|82\/100\n|j| Throwaway83uuuuu\n|\n|t:|1614145274\n|switch|p2a: Tapu Koko|Tapu Koko|100\/100|[from]move: U-turn\n|-fieldstart|move: Electric Terrain|[from] ability: Electric Surge|[of] p2a: Tapu Koko\n|\n|-heal|p1a: Corviknight|88\/100|[from] item: Leftovers\n|upkeep\n|turn|15\n|l| Throwaway83uuuuu\n|\n|t:|1614145280\n|move|p2a: Tapu Koko|Thunderbolt|p1a: Corviknight\n|-supereffective|p1a: Corviknight\n|-damage|p1a: Corviknight|25\/100\n|move|p1a: Corviknight|U-turn|p2a: Tapu Koko\n|-resisted|p2a: Tapu Koko\n|-damage|p2a: Tapu Koko|91\/100\n|\n|t:|1614145283\n|switch|p1a: Heatran|Heatran, M|100\/100|[from]move: U-turn\n|-damage|p1a: Heatran|88\/100|[from] Stealth Rock\n|\n|-heal|p1a: Heatran|94\/100|[from] item: Leftovers\n|upkeep\n|turn|16\n|\n|t:|1614145299\n|switch|p2a: Garchomp|Garchomp, M|64\/100\n|-damage|p2a: Garchomp|58\/100|[from] Stealth Rock\n|move|p1a: Heatran|Magma Storm|p2a: Garchomp|[miss]\n|-miss|p1a: Heatran|p2a: Garchomp\n|\n|-heal|p1a: Heatran|100\/100|[from] item: Leftovers\n|upkeep\n|turn|17\n|\n|t:|1614145306\n|switch|p1a: Dragapult|Dragapult, F|100\/100\n|move|p2a: Garchomp|Swords Dance|p2a: Garchomp\n|-boost|p2a: Garchomp|atk|2\n|\n|upkeep\n|turn|18\n|\n|t:|1614145316\n|switch|p2a: Blissey|Blissey, F|100\/100\n|move|p1a: Dragapult|Dragon Darts|p2a: Blissey\n|-crit|p2a: Blissey\n|-damage|p2a: Blissey|73\/100\n|-anim|p1a: Dragapult|Dragon Darts|p2a: Blissey\n|-damage|p2a: Blissey|56\/100\n|\n|-fieldend|move: Electric Terrain\n|upkeep\n|turn|19\n|\n|t:|1614145322\n|move|p1a: Dragapult|U-turn|p2a: Blissey\n|-crit|p2a: Blissey\n|-damage|p2a: Blissey|30\/100\n|\n|t:|1614145323\n|switch|p1a: Corviknight|Corviknight, M|25\/100|[from]move: U-turn\n|-damage|p1a: Corviknight|12\/100|[from] Stealth Rock\n|-ability|p1a: Corviknight|Pressure\n|move|p2a: Blissey|Soft-Boiled|p2a: Blissey\n|-heal|p2a: Blissey|80\/100\n|\n|-heal|p1a: Corviknight|19\/100|[from] item: Leftovers\n|upkeep\n|turn|20\n|\n|t:|1614145333\n|switch|p2a: Tapu Koko|Tapu Koko|91\/100\n|-fieldstart|move: Electric Terrain|[from] ability: Electric Surge|[of] p2a: Tapu Koko\n|move|p1a: Corviknight|Roost|p1a: Corviknight\n|-heal|p1a: Corviknight|69\/100\n|-singleturn|p1a: Corviknight|move: Roost\n|\n|-heal|p1a: Corviknight|75\/100|[from] item: Leftovers\n|upkeep\n|turn|21\n|\n|t:|1614145337\n|switch|p1a: Heatran|Heatran, M|100\/100\n|-damage|p1a: Heatran|88\/100|[from] Stealth Rock\n|move|p2a: Tapu Koko|Thunderbolt|p1a: Heatran\n|-damage|p1a: Heatran|55\/100\n|\n|-heal|p1a: Heatran|61\/100|[from] item: Leftovers\n|upkeep\n|turn|22\n|\n|t:|1614145352\n|switch|p2a: Garchomp|Garchomp, M|58\/100\n|-damage|p2a: Garchomp|51\/100|[from] Stealth Rock\n|move|p1a: Heatran|Magma Storm|p2a: Garchomp|[miss]\n|-miss|p1a: Heatran|p2a: Garchomp\n|\n|-heal|p1a: Heatran|67\/100|[from] item: Leftovers\n|upkeep\n|turn|23\n|j| prof dankness\n|\n|t:|1614145360\n|switch|p1a: Landorus|Landorus-Therian, M|53\/100\n|-damage|p1a: Landorus|40\/100|[from] Stealth Rock\n|-ability|p1a: Landorus|Intimidate|boost\n|-unboost|p2a: Garchomp|atk|1\n|move|p2a: Garchomp|Earthquake|p1a: Landorus\n|-immune|p1a: Landorus\n|\n|-heal|p1a: Landorus|46\/100|[from] item: Leftovers\n|upkeep\n|turn|24\n|\n|t:|1614145373\n|move|p2a: Garchomp|Swords Dance|p2a: Garchomp\n|-boost|p2a: Garchomp|atk|2\n|move|p1a: Landorus|Earthquake|p2a: Garchomp\n|-damage|p2a: Garchomp|1\/100\n|\n|-heal|p1a: Landorus|52\/100|[from] item: Leftovers\n|-fieldend|move: Electric Terrain\n|upkeep\n|turn|25\n|\n|t:|1614145378\n|move|p2a: Garchomp|Stone Edge|p1a: Landorus\n|-damage|p1a: Landorus|7\/100\n|move|p1a: Landorus|Earthquake|p2a: Garchomp\n|-damage|p2a: Garchomp|0 fnt\n|faint|p2a: Garchomp\n|\n|-heal|p1a: Landorus|13\/100|[from] item: Leftovers\n|upkeep\n|c| prof dankness|how did you get that avatar homer\n|\n|t:|1614145404\n|switch|p2a: Kartana|Kartana|100\/100\n|-damage|p2a: Kartana|94\/100|[from] Stealth Rock\n|turn|26\n|\n|t:|1614145410\n|switch|p1a: Corviknight|Corviknight, M|75\/100\n|-damage|p1a: Corviknight|62\/100|[from] Stealth Rock\n|-ability|p1a: Corviknight|Pressure\n|move|p2a: Kartana|Knock Off|p1a: Corviknight\n|-damage|p1a: Corviknight|10\/100\n|-enditem|p1a: Corviknight|Leftovers|[from] move: Knock Off|[of] p2a: Kartana\n|\n|upkeep\n|turn|27\n|\n|t:|1614145420\n|move|p2a: Kartana|Knock Off|p1a: Corviknight\n|-damage|p1a: Corviknight|0 fnt\n|faint|p1a: Corviknight\n|-ability|p2a: Kartana|Beast Boost|boost\n|-boost|p2a: Kartana|atk|1\n|\n|upkeep\n|\n|t:|1614145423\n|switch|p1a: Urshifu|Urshifu-Rapid-Strike, F|100\/100\n|-damage|p1a: Urshifu|94\/100|[from] Stealth Rock\n|turn|28\n|j| Mr Katch-22\n|\n|t:|1614145444\n|switch|p2a: Corviknight|Corviknight, M|89\/100\n|-damage|p2a: Corviknight|77\/100|[from] Stealth Rock\n|-ability|p2a: Corviknight|Pressure\n|move|p1a: Urshifu|Surging Strikes|p2a: Corviknight\n|-crit|p2a: Corviknight\n|-damage|p2a: Corviknight|58\/100\n|-crit|p2a: Corviknight\n|-damage|p2a: Corviknight|39\/100\n|-crit|p2a: Corviknight\n|-damage|p2a: Corviknight|21\/100\n|-hitcount|p2a: Corviknight|3\n|\n|upkeep\n|turn|29\n|\n|t:|1614145450\n|move|p1a: Urshifu|Surging Strikes|p2a: Corviknight\n|-crit|p2a: Corviknight\n|-damage|p2a: Corviknight|5\/100\n|-crit|p2a: Corviknight\n|-damage|p2a: Corviknight|0 fnt\n|-hitcount|p2a: Corviknight|2\n|faint|p2a: Corviknight\n|\n|upkeep\n|\n|t:|1614145460\n|switch|p2a: Tapu Koko|Tapu Koko|91\/100\n|-fieldstart|move: Electric Terrain|[from] ability: Electric Surge|[of] p2a: Tapu Koko\n|turn|30\n|\n|t:|1614145468\n|switch|p1a: Landorus|Landorus-Therian, M|13\/100\n|-damage|p1a: Landorus|1\/100|[from] Stealth Rock\n|-ability|p1a: Landorus|Intimidate|boost\n|-unboost|p2a: Tapu Koko|atk|1\n|move|p2a: Tapu Koko|Thunderbolt|p1a: Landorus\n|-immune|p1a: Landorus\n|\n|-heal|p1a: Landorus|7\/100|[from] item: Leftovers\n|upkeep\n|turn|31\n|\n|t:|1614145483\n|switch|p1a: Heatran|Heatran, M|67\/100\n|-damage|p1a: Heatran|55\/100|[from] Stealth Rock\n|move|p2a: Tapu Koko|Dazzling Gleam|p1a: Heatran\n|-resisted|p1a: Heatran\n|-damage|p1a: Heatran|49\/100\n|\n|-heal|p1a: Heatran|55\/100|[from] item: Leftovers\n|upkeep\n|turn|32\n|\n|t:|1614145501\n|switch|p2a: Urshifu|Urshifu-Rapid-Strike, M|100\/100\n|-damage|p2a: Urshifu|94\/100|[from] Stealth Rock\n|move|p1a: Heatran|Toxic|p2a: Urshifu\n|-status|p2a: Urshifu|tox\n|\n|-heal|p1a: Heatran|62\/100|[from] item: Leftovers\n|-damage|p2a: Urshifu|88\/100 tox|[from] psn\n|upkeep\n|turn|33\n|\n|t:|1614145509\n|switch|p1a: Landorus|Landorus-Therian, M|7\/100\n|-damage|p1a: Landorus|0 fnt|[from] Stealth Rock\n|faint|p1a: Landorus\n|move|p2a: Urshifu|U-turn|p1: Landorus|[notarget]\n|-fail|p2a: Urshifu\n|\n|-damage|p2a: Urshifu|76\/100 tox|[from] psn\n|upkeep\n|\n|t:|1614145514\n|switch|p1a: Urshifu|Urshifu-Rapid-Strike, F|94\/100\n|-damage|p1a: Urshifu|88\/100|[from] Stealth Rock\n|turn|34\n|j| Fran_036\n|\n|t:|1614145542\n|move|p2a: Urshifu|U-turn|p1a: Urshifu\n|-resisted|p1a: Urshifu\n|-damage|p1a: Urshifu|71\/100\n|inactive|friedfreak has 120 seconds left.\n|\n|t:|1614145572\n|switch|p2a: Tapu Koko|Tapu Koko|91\/100|[from]move: U-turn\n|move|p1a: Urshifu|Surging Strikes|p2a: Tapu Koko\n|-crit|p2a: Tapu Koko\n|-damage|p2a: Tapu Koko|50\/100\n|-crit|p2a: Tapu Koko\n|-damage|p2a: Tapu Koko|12\/100\n|-crit|p2a: Tapu Koko\n|-damage|p2a: Tapu Koko|0 fnt\n|-hitcount|p2a: Tapu Koko|3\n|faint|p2a: Tapu Koko\n|\n|-fieldend|move: Electric Terrain\n|upkeep\n|\n|t:|1614145579\n|switch|p2a: Kartana|Kartana|94\/100\n|-damage|p2a: Kartana|88\/100|[from] Stealth Rock\n|turn|35\n|\n|t:|1614145592\n|switch|p1a: Heatran|Heatran, M|62\/100\n|-damage|p1a: Heatran|49\/100|[from] Stealth Rock\n|move|p2a: Kartana|Leaf Blade|p1a: Heatran\n|-resisted|p1a: Heatran\n|-damage|p1a: Heatran|31\/100\n|\n|-heal|p1a: Heatran|37\/100|[from] item: Leftovers\n|upkeep\n|turn|36\n|\n|t:|1614145601\n|switch|p2a: Urshifu|Urshifu-Rapid-Strike, M|76\/100 tox\n|-damage|p2a: Urshifu|70\/100 tox|[from] Stealth Rock\n|move|p1a: Heatran|Magma Storm|p2a: Urshifu\n|-resisted|p2a: Urshifu\n|-damage|p2a: Urshifu|40\/100 tox\n|-activate|p2a: Urshifu|move: Magma Storm|[of] p1a: Heatran\n|\n|-heal|p1a: Heatran|43\/100|[from] item: Leftovers\n|-damage|p2a: Urshifu|34\/100 tox|[from] psn\n|-damage|p2a: Urshifu|21\/100 tox|[from] move: Magma Storm|[partiallytrapped]\n|upkeep\n|turn|37\n|\n|t:|1614145609\n|switch|p1a: Slowbro|Slowbro, F|100\/100\n|-damage|p1a: Slowbro|88\/100|[from] Stealth Rock\n|move|p2a: Urshifu|Surging Strikes|p1a: Slowbro\n|-resisted|p1a: Slowbro\n|-crit|p1a: Slowbro\n|-damage|p1a: Slowbro|79\/100\n|-damage|p2a: Urshifu|5\/100 tox|[from] item: Rocky Helmet|[of] p1a: Slowbro\n|-resisted|p1a: Slowbro\n|-crit|p1a: Slowbro\n|-damage|p1a: Slowbro|70\/100\n|-damage|p2a: Urshifu|0 fnt|[from] item: Rocky Helmet|[of] p1a: Slowbro\n|-hitcount|p1a: Slowbro|2\n|faint|p2a: Urshifu\n|\n|upkeep\n|\n|t:|1614145615\n|switch|p2a: Kartana|Kartana|88\/100\n|-damage|p2a: Kartana|82\/100|[from] Stealth Rock\n|turn|38\n|\n|t:|1614145624\n|move|p2a: Kartana|Leaf Blade|p1a: Slowbro\n|-supereffective|p1a: Slowbro\n|-damage|p1a: Slowbro|0 fnt\n|-damage|p2a: Kartana|65\/100|[from] item: Rocky Helmet|[of] p1a: Slowbro\n|faint|p1a: Slowbro\n|-ability|p2a: Kartana|Beast Boost|boost\n|-boost|p2a: Kartana|atk|1\n|\n|upkeep\n|\n|t:|1614145632\n|switch|p1a: Dragapult|Dragapult, F|100\/100\n|turn|39\n|\n|t:|1614145635\n|switch|p2a: Blissey|Blissey, F|80\/100\n|move|p1a: Dragapult|U-turn|p2a: Blissey\n|-damage|p2a: Blissey|63\/100\n|\n|t:|1614145637\n|switch|p1a: Urshifu|Urshifu-Rapid-Strike, F|71\/100|[from]move: U-turn\n|-damage|p1a: Urshifu|65\/100|[from] Stealth Rock\n|\n|upkeep\n|turn|40\n|\n|t:|1614145651\n|move|p1a: Urshifu|Surging Strikes|p2a: Blissey\n|-crit|p2a: Blissey\n|-damage|p2a: Blissey|39\/100\n|-crit|p2a: Blissey\n|-damage|p2a: Blissey|13\/100\n|-crit|p2a: Blissey\n|-damage|p2a: Blissey|0 fnt\n|-hitcount|p2a: Blissey|3\n|faint|p2a: Blissey\n|\n|upkeep\n|\n|t:|1614145656\n|switch|p2a: Kartana|Kartana|65\/100\n|-damage|p2a: Kartana|59\/100|[from] Stealth Rock\n|turn|41\n|\n|t:|1614145664\n|switch|p1a: Heatran|Heatran, M|43\/100\n|-damage|p1a: Heatran|31\/100|[from] Stealth Rock\n|move|p2a: Kartana|Leaf Blade|p1a: Heatran\n|-resisted|p1a: Heatran\n|-damage|p1a: Heatran|11\/100\n|\n|-heal|p1a: Heatran|17\/100|[from] item: Leftovers\n|upkeep\n|turn|42\n|\n|t:|1614145668\n|move|p1a: Heatran|Protect|p1a: Heatran\n|-singleturn|p1a: Heatran|Protect\n|move|p2a: Kartana|Leaf Blade|p1a: Heatran\n|-activate|p1a: Heatran|move: Protect\n|\n|-heal|p1a: Heatran|24\/100|[from] item: Leftovers\n|upkeep\n|turn|43\n|\n|t:|1614145672\n|move|p2a: Kartana|Leaf Blade|p1a: Heatran\n|-resisted|p1a: Heatran\n|-damage|p1a: Heatran|5\/100\n|move|p1a: Heatran|Earth Power|p2a: Kartana\n|-damage|p2a: Kartana|0 fnt\n|faint|p2a: Kartana\n|\n|win|hOmer iS dEad '_>'\n|l|\u2606friedfreak\n|raw|hOmer iS dEad &apos;_&gt;&apos;'s rating: 1795 &rarr; <strong>1808<\/strong><br \/>(+13 for winning)\n|raw|friedfreak's rating: 1673 &rarr; <strong>1659<\/strong><br \/>(-14 for losing)\n","uploadtime":1614145676,"views":18,"p1id":"homerisdead","p2id":"friedfreak","formatid":"gen8ou","rating":1659,"private":0,"password":null}