{"id":"gen8ou-1547053752","p1":"Colonel Rivai","p2":"GORAN EL DRACO","format":"gen8ou","log":"|j|\u2606Colonel Rivai\n|j|\u2606GORAN EL DRACO\n|t:|1649215835\n|gametype|singles\n|player|p1|Colonel Rivai|2|1682\n|player|p2|GORAN EL DRACO|harlequin|1838\n|teamsize|p1|6\n|teamsize|p2|6\n|gen|8\n|tier|[Gen 8] OU\n|rated|\n|rule|Sleep Clause Mod: Limit one foe put to sleep\n|rule|Species Clause: Limit one of each Pok\u00e9mon\n|rule|OHKO Clause: OHKO moves are banned\n|rule|Evasion Moves Clause: Evasion moves are banned\n|rule|Endless Battle Clause: Forcing endless battles is banned\n|rule|HP Percentage Mod: HP is shown in percentages\n|rule|Dynamax Clause: You cannot dynamax\n|clearpoke\n|poke|p1|Hydreigon, M|\n|poke|p1|Kartana|\n|poke|p1|Blacephalon|\n|poke|p1|Landorus-Therian, M|\n|poke|p1|Melmetal|\n|poke|p1|Toxapex, F|\n|poke|p2|Gengar, F|\n|poke|p2|Dragapult, F|\n|poke|p2|Blacephalon|\n|poke|p2|Zeraora|\n|poke|p2|Skarmory, F|\n|poke|p2|Tyranitar, F|\n|teampreview\n|inactive|Battle timer is ON: inactive players will automatically lose when time's up. (requested by GORAN EL DRACO)\n|\n|t:|1649215844\n|start\n|switch|p1a: Hydreigon|Hydreigon, M|100\/100\n|switch|p2a: Dragapult|Dragapult, F|100\/100\n|turn|1\n|\n|t:|1649215849\n|switch|p1a: Toxapex|Toxapex, F|100\/100\n|move|p2a: Dragapult|Draco Meteor|p1a: Toxapex\n|-damage|p1a: Toxapex|30\/100\n|-unboost|p2a: Dragapult|spa|2\n|\n|upkeep\n|turn|2\n|\n|t:|1649215854\n|switch|p1a: Melmetal|Melmetal|100\/100\n|move|p2a: Dragapult|Draco Meteor|p1a: Melmetal\n|-resisted|p1a: Melmetal\n|-damage|p1a: Melmetal|87\/100\n|-unboost|p2a: Dragapult|spa|2\n|\n|upkeep\n|turn|3\n|\n|t:|1649215859\n|switch|p2a: Skarmory|Skarmory, F|100\/100\n|switch|p1a: Hydreigon|Hydreigon, M|100\/100\n|\n|upkeep\n|turn|4\n|\n|t:|1649215866\n|move|p1a: Hydreigon|Beat Up|p2a: Skarmory\n|-damage|p2a: Skarmory|93\/100\n|-damage|p2a: Skarmory|83\/100\n|-damage|p2a: Skarmory|75\/100\n|-damage|p2a: Skarmory|67\/100\n|-damage|p2a: Skarmory|62\/100\n|-damage|p2a: Skarmory|53\/100\n|-hitcount|p2a: Skarmory|6\n|move|p2a: Skarmory|Stealth Rock|p1a: Hydreigon\n|-sidestart|p1: Colonel Rivai|move: Stealth Rock\n|\n|upkeep\n|turn|5\n|\n|t:|1649215870\n|switch|p1a: Toxapex|Toxapex, F|64\/100\n|-damage|p1a: Toxapex|51\/100|[from] Stealth Rock\n|move|p2a: Skarmory|Body Press|p1a: Toxapex\n|-resisted|p1a: Toxapex\n|-damage|p1a: Toxapex|41\/100\n|-damage|p2a: Skarmory|37\/100|[from] item: Rocky Helmet|[of] p1a: Toxapex\n|\n|upkeep\n|turn|6\n|\n|t:|1649215876\n|switch|p2a: Zeraora|Zeraora|100\/100\n|move|p1a: Toxapex|Knock Off|p2a: Zeraora\n|-damage|p2a: Zeraora|79\/100\n|-enditem|p2a: Zeraora|Choice Band|[from] move: Knock Off|[of] p1a: Toxapex\n|\n|upkeep\n|turn|7\n|\n|t:|1649215879\n|switch|p1a: Landorus|Landorus-Therian, M|100\/100\n|-damage|p1a: Landorus|88\/100|[from] Stealth Rock\n|-ability|p1a: Landorus|Intimidate|boost\n|-unboost|p2a: Zeraora|atk|1\n|move|p2a: Zeraora|Knock Off|p1a: Landorus\n|-damage|p1a: Landorus|68\/100\n|-enditem|p1a: Landorus|Leftovers|[from] move: Knock Off|[of] p2a: Zeraora\n|\n|upkeep\n|turn|8\n|\n|t:|1649215888\n|switch|p2a: Dragapult|Dragapult, F|100\/100\n|move|p1a: Landorus|Stealth Rock|p2a: Dragapult\n|-sidestart|p2: GORAN EL DRACO|move: Stealth Rock\n|\n|upkeep\n|turn|9\n|\n|t:|1649215894\n|switch|p1a: Melmetal|Melmetal|87\/100\n|-damage|p1a: Melmetal|81\/100|[from] Stealth Rock\n|move|p2a: Dragapult|Draco Meteor|p1a: Melmetal\n|-resisted|p1a: Melmetal\n|-damage|p1a: Melmetal|53\/100\n|-unboost|p2a: Dragapult|spa|2\n|\n|upkeep\n|turn|10\n|\n|t:|1649215901\n|switch|p2a: Skarmory|Skarmory, F|37\/100\n|-damage|p2a: Skarmory|24\/100|[from] Stealth Rock\n|move|p1a: Melmetal|Thunder Punch|p2a: Skarmory\n|-supereffective|p2a: Skarmory\n|-crit|p2a: Skarmory\n|-damage|p2a: Skarmory|0 fnt\n|-damage|p1a: Melmetal|36\/100|[from] item: Rocky Helmet|[of] p2a: Skarmory\n|faint|p2a: Skarmory\n|\n|upkeep\n|\n|t:|1649215915\n|switch|p2a: Dragapult|Dragapult, F|100\/100\n|-damage|p2a: Dragapult|88\/100|[from] Stealth Rock\n|turn|11\n|\n|t:|1649215917\n|move|p2a: Dragapult|Flamethrower|p1a: Melmetal\n|-supereffective|p1a: Melmetal\n|-damage|p1a: Melmetal|0 fnt\n|faint|p1a: Melmetal\n|\n|upkeep\n|\n|t:|1649215920\n|switch|p1a: Hydreigon|Hydreigon, M|100\/100\n|-damage|p1a: Hydreigon|88\/100|[from] Stealth Rock\n|turn|12\n|\n|t:|1649215928\n|move|p2a: Dragapult|Flamethrower|p1a: Hydreigon\n|-resisted|p1a: Hydreigon\n|-damage|p1a: Hydreigon|64\/100\n|move|p1a: Hydreigon|Superpower|p2a: Dragapult\n|-immune|p2a: Dragapult\n|\n|upkeep\n|turn|13\n|c|\u2606Colonel Rivai|ok\n|\n|t:|1649215936\n|switch|p2a: Zeraora|Zeraora|79\/100\n|-damage|p2a: Zeraora|66\/100|[from] Stealth Rock\n|switch|p1a: Toxapex|Toxapex, F|74\/100\n|-damage|p1a: Toxapex|62\/100|[from] Stealth Rock\n|\n|upkeep\n|turn|14\n|inactive|Colonel Rivai has 120 seconds left.\n|\n|t:|1649215967\n|switch|p2a: Dragapult|Dragapult, F|88\/100\n|-damage|p2a: Dragapult|76\/100|[from] Stealth Rock\n|switch|p1a: Landorus|Landorus-Therian, M|68\/100\n|-damage|p1a: Landorus|56\/100|[from] Stealth Rock\n|-ability|p1a: Landorus|Intimidate|boost\n|-unboost|p2a: Dragapult|atk|1\n|\n|upkeep\n|turn|15\n|\n|t:|1649215973\n|move|p2a: Dragapult|Draco Meteor|p1a: Landorus\n|-damage|p1a: Landorus|0 fnt\n|-unboost|p2a: Dragapult|spa|2\n|faint|p1a: Landorus\n|\n|upkeep\n|\n|t:|1649215975\n|switch|p1a: Blacephalon|Blacephalon|100\/100\n|-damage|p1a: Blacephalon|76\/100|[from] Stealth Rock\n|turn|16\n|\n|t:|1649215978\n|switch|p1a: Kartana|Kartana|100\/100\n|-damage|p1a: Kartana|94\/100|[from] Stealth Rock\n|switch|p2a: Tyranitar|Tyranitar, F|100\/100\n|-damage|p2a: Tyranitar|88\/100|[from] Stealth Rock\n|-weather|Sandstorm|[from] ability: Sand Stream|[of] p2a: Tyranitar\n|\n|-weather|Sandstorm|[upkeep]\n|upkeep\n|turn|17\n|inactive|GORAN EL DRACO has 120 seconds left.\n|\n|t:|1649216011\n|switch|p2a: Dragapult|Dragapult, F|76\/100\n|-damage|p2a: Dragapult|63\/100|[from] Stealth Rock\n|move|p1a: Kartana|Leaf Blade|p2a: Dragapult\n|-resisted|p2a: Dragapult\n|-damage|p2a: Dragapult|8\/100\n|\n|-weather|Sandstorm|[upkeep]\n|-damage|p2a: Dragapult|2\/100|[from] Sandstorm\n|upkeep\n|turn|18\n|\n|t:|1649216029\n|switch|p1a: Toxapex|Toxapex, F|95\/100\n|-damage|p1a: Toxapex|83\/100|[from] Stealth Rock\n|move|p2a: Dragapult|Draco Meteor|p1a: Toxapex\n|-damage|p1a: Toxapex|8\/100\n|-unboost|p2a: Dragapult|spa|2\n|\n|-weather|Sandstorm|[upkeep]\n|-damage|p2a: Dragapult|0 fnt|[from] Sandstorm\n|-damage|p1a: Toxapex|2\/100|[from] Sandstorm\n|faint|p2a: Dragapult\n|upkeep\n|\n|t:|1649216039\n|switch|p2a: Blacephalon|Blacephalon|100\/100\n|-damage|p2a: Blacephalon|76\/100|[from] Stealth Rock\n|turn|19\n|\n|t:|1649216043\n|move|p2a: Blacephalon|Flamethrower|p1a: Toxapex\n|-resisted|p1a: Toxapex\n|-damage|p1a: Toxapex|0 fnt\n|faint|p1a: Toxapex\n|-ability|p2a: Blacephalon|Beast Boost|boost\n|-boost|p2a: Blacephalon|spa|1\n|\n|-weather|Sandstorm|[upkeep]\n|-damage|p2a: Blacephalon|70\/100|[from] Sandstorm\n|upkeep\n|\n|t:|1649216045\n|switch|p1a: Hydreigon|Hydreigon, M|64\/100\n|-damage|p1a: Hydreigon|52\/100|[from] Stealth Rock\n|turn|20\n|\n|t:|1649216047\n|move|p2a: Blacephalon|Flamethrower|p1a: Hydreigon\n|-resisted|p1a: Hydreigon\n|-damage|p1a: Hydreigon|2\/100\n|move|p1a: Hydreigon|Beat Up|p2a: Blacephalon\n|-supereffective|p2a: Blacephalon\n|-damage|p2a: Blacephalon|18\/100\n|-supereffective|p2a: Blacephalon\n|-damage|p2a: Blacephalon|0 fnt\n|faint|p2a: Blacephalon\n|-hitcount|p2: Blacephalon|2\n|\n|-weather|none\n|upkeep\n|\n|t:|1649216060\n|switch|p2a: Zeraora|Zeraora|66\/100\n|-damage|p2a: Zeraora|54\/100|[from] Stealth Rock\n|turn|21\n|\n|t:|1649216062\n|move|p2a: Zeraora|Knock Off|p1a: Hydreigon\n|-resisted|p1a: Hydreigon\n|-damage|p1a: Hydreigon|0 fnt\n|-enditem|p1a: Hydreigon|Choice Band|[from] move: Knock Off|[of] p2a: Zeraora\n|faint|p1a: Hydreigon\n|\n|upkeep\n|\n|t:|1649216064\n|switch|p1a: Blacephalon|Blacephalon|76\/100\n|-damage|p1a: Blacephalon|51\/100|[from] Stealth Rock\n|turn|22\n|\n|t:|1649216068\n|switch|p1a: Kartana|Kartana|94\/100\n|-damage|p1a: Kartana|88\/100|[from] Stealth Rock\n|switch|p2a: Tyranitar|Tyranitar, F|88\/100\n|-damage|p2a: Tyranitar|76\/100|[from] Stealth Rock\n|-weather|Sandstorm|[from] ability: Sand Stream|[of] p2a: Tyranitar\n|\n|-weather|Sandstorm|[upkeep]\n|upkeep\n|turn|23\n|\n|t:|1649216074\n|move|p1a: Kartana|Leaf Blade|p2a: Tyranitar\n|-supereffective|p2a: Tyranitar\n|-damage|p2a: Tyranitar|0 fnt\n|faint|p2a: Tyranitar\n|-ability|p1a: Kartana|Beast Boost|boost\n|-boost|p1a: Kartana|atk|1\n|\n|-weather|Sandstorm|[upkeep]\n|upkeep\n|\n|t:|1649216078\n|switch|p2a: Zeraora|Zeraora|54\/100\n|-damage|p2a: Zeraora|42\/100|[from] Stealth Rock\n|turn|24\n|\n|t:|1649216102\n|move|p2a: Zeraora|Knock Off|p1a: Kartana\n|-damage|p1a: Kartana|59\/100\n|-enditem|p1a: Kartana|Choice Band|[from] move: Knock Off|[of] p2a: Zeraora\n|move|p1a: Kartana|Leaf Blade|p2a: Zeraora\n|-damage|p2a: Zeraora|0 fnt\n|faint|p2a: Zeraora\n|-ability|p1a: Kartana|Beast Boost|boost\n|-boost|p1a: Kartana|atk|1\n|\n|-weather|Sandstorm|[upkeep]\n|upkeep\n|\n|t:|1649216108\n|switch|p2a: Gengar|Gengar, F|100\/100\n|-damage|p2a: Gengar|88\/100|[from] Stealth Rock\n|turn|25\n|\n|t:|1649216110\n|move|p2a: Gengar|Shadow Ball|p1a: Kartana\n|-damage|p1a: Kartana|0 fnt\n|faint|p1a: Kartana\n|\n|-weather|Sandstorm|[upkeep]\n|-damage|p2a: Gengar|82\/100|[from] Sandstorm\n|upkeep\n|\n|t:|1649216111\n|switch|p1a: Blacephalon|Blacephalon|51\/100\n|-damage|p1a: Blacephalon|26\/100|[from] Stealth Rock\n|turn|26\n|c|\u2606GORAN EL DRACO|gg\n|c|\u2606Colonel Rivai|gg\n|\n|t:|1649216115\n|move|p2a: Gengar|Shadow Ball|p1a: Blacephalon\n|-supereffective|p1a: Blacephalon\n|-crit|p1a: Blacephalon\n|-damage|p1a: Blacephalon|0 fnt\n|faint|p1a: Blacephalon\n|\n|win|GORAN EL DRACO\n|raw|Colonel Rivai's rating: 1682 &rarr; <strong>1670<\/strong><br \/>(-12 for losing)\n|raw|GORAN EL DRACO's rating: 1838 &rarr; <strong>1850<\/strong><br \/>(+12 for winning)\n||Ladder isn't responding, score probably updated but might not have (Request timeout).\n","uploadtime":1649216122,"views":83,"p1id":"colonelrivai","p2id":"goraneldraco","formatid":"gen8ou","rating":1670,"private":0,"password":null}