{"id":"gen8ou-1658445781","p1":"minimax_ai","p2":"Cowsrule247","format":"gen8ou","log":"|j|\u2606minimax_ai\n|j|\u2606Cowsrule247\n|t:|1662568335\n|gametype|singles\n|player|p1|minimax_ai|lusamine-nihilego|1577\n|player|p2|Cowsrule247|skyla|1540\n|teamsize|p1|6\n|teamsize|p2|6\n|gen|8\n|tier|[Gen 8] OU\n|rated|\n|rule|Sleep Clause Mod: Limit one foe put to sleep\n|rule|Species Clause: Limit one of each Pok\u00e9mon\n|rule|OHKO Clause: OHKO moves are banned\n|rule|Evasion Items Clause: Evasion items are banned\n|rule|Evasion Moves Clause: Evasion moves are banned\n|rule|Endless Battle Clause: Forcing endless battles is banned\n|rule|HP Percentage Mod: HP is shown in percentages\n|rule|Dynamax Clause: You cannot dynamax\n|clearpoke\n|poke|p1|Rotom-Wash|\n|poke|p1|Weavile, F|\n|poke|p1|Landorus-Therian, M|\n|poke|p1|Heatran, M|\n|poke|p1|Tangrowth, F|\n|poke|p1|Melmetal|\n|poke|p2|Corviknight, F|\n|poke|p2|Gastrodon-East, M|\n|poke|p2|Toxapex, F|\n|poke|p2|Buzzwole|\n|poke|p2|Clefable, M|\n|poke|p2|Blissey, F|\n|teampreview\n|inactive|Battle timer is ON: inactive players will automatically lose when time's up. (requested by Cowsrule247)\n|c|\u2606minimax_ai|hf\n|inactive|minimax_ai also wants the timer to be on.\n|\n|t:|1662568342\n|start\n|switch|p1a: landorustherian|Landorus-Therian, M|100\/100\n|switch|p2a: HitEmFromTheEast|Gastrodon-East, M|100\/100\n|-ability|p1a: landorustherian|Intimidate|boost\n|-unboost|p2a: HitEmFromTheEast|atk|1\n|turn|1\n|\n|t:|1662568344\n|switch|p2a: Caw Bitch|Corviknight, F|100\/100\n|-ability|p2a: Caw Bitch|Pressure\n|move|p1a: landorustherian|U-turn|p2a: Caw Bitch\n|-resisted|p2a: Caw Bitch\n|-crit|p2a: Caw Bitch\n|-damage|p2a: Caw Bitch|95\/100\n|\n|t:|1662568345\n|switch|p1a: Heatran|Heatran, M|100\/100|[from]move: U-turn\n|-item|p1a: Heatran|Air Balloon\n|\n|-heal|p2a: Caw Bitch|100\/100|[from] item: Leftovers\n|upkeep\n|turn|2\n|\n|t:|1662568349\n|switch|p2a: ;)|Toxapex, F|100\/100\n|move|p1a: Heatran|Magma Storm|p2a: ;)\n|-resisted|p2a: ;)\n|-damage|p2a: ;)|79\/100\n|-activate|p2a: ;)|move: Magma Storm|[of] p1a: Heatran\n|\n|-damage|p2a: ;)|66\/100|[from] move: Magma Storm|[partiallytrapped]\n|upkeep\n|turn|3\n|\n|t:|1662568351\n|move|p1a: Heatran|Magma Storm|p2a: ;)\n|-resisted|p2a: ;)\n|-damage|p2a: ;)|45\/100\n|move|p2a: ;)|Scald|p1a: Heatran\n|-supereffective|p1a: Heatran\n|-crit|p1a: Heatran\n|-damage|p1a: Heatran|50\/100\n|-enditem|p1a: Heatran|Air Balloon\n|\n|-damage|p2a: ;)|32\/100|[from] move: Magma Storm|[partiallytrapped]\n|upkeep\n|turn|4\n|\n|t:|1662568355\n|switch|p2a: HitEmFromTheEast|Gastrodon-East, M|100\/100\n|move|p1a: Heatran|Magma Storm|p2a: HitEmFromTheEast\n|-resisted|p2a: HitEmFromTheEast\n|-damage|p2a: HitEmFromTheEast|84\/100\n|-activate|p2a: HitEmFromTheEast|move: Magma Storm|[of] p1a: Heatran\n|\n|-heal|p2a: HitEmFromTheEast|90\/100|[from] item: Leftovers\n|-damage|p2a: HitEmFromTheEast|77\/100|[from] move: Magma Storm|[partiallytrapped]\n|upkeep\n|turn|5\n|\n|t:|1662568357\n|move|p1a: Heatran|Stealth Rock|p2a: HitEmFromTheEast\n|-sidestart|p2: Cowsrule247|move: Stealth Rock\n|move|p2a: HitEmFromTheEast|Earthquake|p1a: Heatran\n|-supereffective|p1a: Heatran\n|-damage|p1a: Heatran|0 fnt\n|faint|p1a: Heatran\n|\n|-heal|p2a: HitEmFromTheEast|84\/100|[from] item: Leftovers\n|-end|p2a: HitEmFromTheEast|Magma Storm|[partiallytrapped]|[silent]\n|upkeep\n|\n|t:|1662568357\n|switch|p1a: Weavile|Weavile, F|100\/100\n|-ability|p1a: Weavile|Pressure\n|turn|6\n|\n|t:|1662568365\n|switch|p2a: SWOLE|Buzzwole, shiny|100\/100\n|move|p1a: Weavile|Triple Axel|p2a: SWOLE\n|-damage|p2a: SWOLE|91\/100\n|-damage|p2a: SWOLE|74\/100\n|-damage|p2a: SWOLE|51\/100\n|-hitcount|p2a: SWOLE|3\n|\n|upkeep\n|turn|7\n|\n|t:|1662568372\n|switch|p1a: Tangrowth|Tangrowth, F|100\/100\n|move|p2a: SWOLE|Leech Life|p1a: Tangrowth\n|-supereffective|p1a: Tangrowth\n|-damage|p1a: Tangrowth|59\/100\n|-heal|p2a: SWOLE|71\/100|[from] drain|[of] p1a: Tangrowth\n|-damage|p2a: SWOLE|55\/100|[from] item: Rocky Helmet|[of] p1a: Tangrowth\n|\n|upkeep\n|turn|8\n|\n|t:|1662568382\n|move|p2a: SWOLE|Roost|p2a: SWOLE\n|-heal|p2a: SWOLE|100\/100\n|-singleturn|p2a: SWOLE|move: Roost\n|move|p1a: Tangrowth|Sleep Powder|p2a: SWOLE|[miss]\n|-miss|p1a: Tangrowth|p2a: SWOLE\n|\n|upkeep\n|turn|9\n|\n|t:|1662568389\n|switch|p2a: thicc|Blissey, F|100\/100\n|move|p1a: Tangrowth|Sleep Powder|p2a: thicc\n|-status|p2a: thicc|slp|[from] move: Sleep Powder\n|\n|upkeep\n|turn|10\n|\n|t:|1662568399\n|-curestatus|p2a: thicc|slp|[from] ability: Natural Cure\n|switch|p2a: Caw Bitch|Corviknight, F|100\/100\n|-damage|p2a: Caw Bitch|88\/100|[from] Stealth Rock\n|-ability|p2a: Caw Bitch|Pressure\n|move|p1a: Tangrowth|Sleep Powder|p2a: Caw Bitch|[miss]\n|-miss|p1a: Tangrowth|p2a: Caw Bitch\n|\n|-heal|p2a: Caw Bitch|94\/100|[from] item: Leftovers\n|upkeep\n|turn|11\n|\n|t:|1662568401\n|move|p2a: Caw Bitch|Defog|p1a: Tangrowth\n|-unboost|p1a: Tangrowth|evasion|1\n|-sideend|p2: Cowsrule247|Stealth Rock|[from] move: Defog|[of] p2a: Caw Bitch\n|move|p1a: Tangrowth|Sleep Powder|p2a: Caw Bitch\n|-status|p2a: Caw Bitch|slp|[from] move: Sleep Powder\n|\n|-heal|p2a: Caw Bitch|100\/100 slp|[from] item: Leftovers\n|upkeep\n|turn|12\n|\n|t:|1662568404\n|switch|p2a: Treble|Clefable, M|100\/100\n|switch|p1a: Melmetal|Melmetal|100\/100\n|\n|upkeep\n|turn|13\n|\n|t:|1662568409\n|switch|p2a: HitEmFromTheEast|Gastrodon-East, M|84\/100\n|move|p1a: Melmetal|Double Iron Bash|p2a: HitEmFromTheEast\n|-resisted|p2a: HitEmFromTheEast\n|-damage|p2a: HitEmFromTheEast|62\/100\n|-resisted|p2a: HitEmFromTheEast\n|-damage|p2a: HitEmFromTheEast|38\/100\n|-hitcount|p2a: HitEmFromTheEast|2\n|\n|-heal|p2a: HitEmFromTheEast|44\/100|[from] item: Leftovers\n|upkeep\n|turn|14\n|\n|t:|1662568412\n|switch|p2a: SWOLE|Buzzwole, shiny|100\/100\n|move|p1a: Melmetal|Double Iron Bash|p2a: SWOLE\n|-damage|p2a: SWOLE|78\/100\n|-damage|p2a: SWOLE|54\/100\n|-hitcount|p2a: SWOLE|2\n|\n|upkeep\n|turn|15\n|\n|t:|1662568416\n|move|p2a: SWOLE|Roost|p2a: SWOLE\n|-heal|p2a: SWOLE|100\/100\n|-singleturn|p2a: SWOLE|move: Roost\n|move|p1a: Melmetal|Double Iron Bash|p2a: SWOLE\n|-damage|p2a: SWOLE|77\/100\n|-damage|p2a: SWOLE|56\/100\n|-hitcount|p2a: SWOLE|2\n|\n|upkeep\n|turn|16\n|\n|t:|1662568418\n|move|p2a: SWOLE|Roost|p2a: SWOLE\n|-heal|p2a: SWOLE|100\/100\n|-singleturn|p2a: SWOLE|move: Roost\n|move|p1a: Melmetal|Double Iron Bash|p2a: SWOLE\n|-damage|p2a: SWOLE|78\/100\n|-damage|p2a: SWOLE|58\/100\n|-hitcount|p2a: SWOLE|2\n|\n|upkeep\n|turn|17\n|\n|t:|1662568419\n|move|p2a: SWOLE|Roost|p2a: SWOLE\n|-heal|p2a: SWOLE|100\/100\n|-singleturn|p2a: SWOLE|move: Roost\n|move|p1a: Melmetal|Double Iron Bash|p2a: SWOLE\n|-damage|p2a: SWOLE|78\/100\n|-damage|p2a: SWOLE|57\/100\n|-hitcount|p2a: SWOLE|2\n|\n|upkeep\n|turn|18\n|\n|t:|1662568421\n|move|p2a: SWOLE|Roost|p2a: SWOLE\n|-heal|p2a: SWOLE|100\/100\n|-singleturn|p2a: SWOLE|move: Roost\n|move|p1a: Melmetal|Double Iron Bash|p2a: SWOLE\n|-damage|p2a: SWOLE|77\/100\n|-damage|p2a: SWOLE|53\/100\n|-hitcount|p2a: SWOLE|2\n|\n|upkeep\n|turn|19\n|\n|t:|1662568422\n|move|p2a: SWOLE|Roost|p2a: SWOLE\n|-heal|p2a: SWOLE|100\/100\n|-singleturn|p2a: SWOLE|move: Roost\n|move|p1a: Melmetal|Double Iron Bash|p2a: SWOLE\n|-damage|p2a: SWOLE|78\/100\n|-damage|p2a: SWOLE|57\/100\n|-hitcount|p2a: SWOLE|2\n|\n|upkeep\n|turn|20\n|\n|t:|1662568423\n|move|p2a: SWOLE|Roost|p2a: SWOLE\n|-heal|p2a: SWOLE|100\/100\n|-singleturn|p2a: SWOLE|move: Roost\n|move|p1a: Melmetal|Double Iron Bash|p2a: SWOLE\n|-damage|p2a: SWOLE|79\/100\n|-damage|p2a: SWOLE|57\/100\n|-hitcount|p2a: SWOLE|2\n|\n|upkeep\n|turn|21\n|\n|t:|1662568428\n|move|p2a: SWOLE|Leech Life|p1a: Melmetal\n|-resisted|p1a: Melmetal\n|-damage|p1a: Melmetal|89\/100\n|-heal|p2a: SWOLE|63\/100|[from] drain|[of] p1a: Melmetal\n|move|p1a: Melmetal|Ice Punch|p2a: SWOLE\n|-damage|p2a: SWOLE|45\/100\n|\n|upkeep\n|turn|22\n|\n|t:|1662568433\n|move|p2a: SWOLE|Roost|p2a: SWOLE\n|-heal|p2a: SWOLE|95\/100\n|-singleturn|p2a: SWOLE|move: Roost\n|move|p1a: Melmetal|Ice Punch|p2a: SWOLE\n|-crit|p2a: SWOLE\n|-damage|p2a: SWOLE|67\/100\n|\n|upkeep\n|turn|23\n|\n|t:|1662568435\n|move|p2a: SWOLE|Close Combat|p1a: Melmetal\n|-supereffective|p1a: Melmetal\n|-crit|p1a: Melmetal\n|-damage|p1a: Melmetal|0 fnt\n|-unboost|p2a: SWOLE|def|1\n|-unboost|p2a: SWOLE|spd|1\n|faint|p1a: Melmetal\n|-ability|p2a: SWOLE|Beast Boost|boost\n|-boost|p2a: SWOLE|atk|1\n|\n|upkeep\n|\n|t:|1662568435\n|switch|p1a: Weavile|Weavile, F|100\/100\n|-ability|p1a: Weavile|Pressure\n|turn|24\n|\n|t:|1662568440\n|move|p1a: Weavile|Triple Axel|p2a: SWOLE\n|-damage|p2a: SWOLE|54\/100\n|-damage|p2a: SWOLE|28\/100\n|-damage|p2a: SWOLE|0 fnt\n|faint|p2a: SWOLE\n|-hitcount|p2: SWOLE|3\n|\n|upkeep\n|\n|t:|1662568446\n|switch|p2a: Treble|Clefable, M|100\/100\n|turn|25\n|\n|t:|1662568449\n|switch|p1a: landorustherian|Landorus-Therian, M|100\/100\n|-ability|p1a: landorustherian|Intimidate|boost\n|-unboost|p2a: Treble|atk|1\n|move|p2a: Treble|Wish|p2a: Treble\n|\n|upkeep\n|turn|26\n|\n|t:|1662568451\n|move|p1a: landorustherian|Earthquake|p2a: Treble\n|-damage|p2a: Treble|55\/100\n|move|p2a: Treble|Heal Bell|p2a: Treble\n|-activate|p2a: Treble|move: Heal Bell\n|-curestatus|p2: Caw Bitch|slp|[msg]\n|\n|-heal|p2a: Treble|100\/100|[from] move: Wish|[wisher] Treble\n|upkeep\n|turn|27\n|\n|t:|1662568454\n|switch|p2a: Caw Bitch|Corviknight, F|100\/100\n|-ability|p2a: Caw Bitch|Pressure\n|move|p1a: landorustherian|Earthquake|p2a: Caw Bitch\n|-immune|p2a: Caw Bitch\n|\n|upkeep\n|turn|28\n|\n|t:|1662568456\n|move|p1a: landorustherian|Earthquake|p2a: Caw Bitch\n|-immune|p2a: Caw Bitch\n|move|p2a: Caw Bitch|Iron Defense|p2a: Caw Bitch\n|-boost|p2a: Caw Bitch|def|2\n|\n|upkeep\n|turn|29\n|\n|t:|1662568458\n|switch|p1a: rotomwash|Rotom-Wash|100\/100\n|move|p2a: Caw Bitch|Iron Defense|p2a: Caw Bitch\n|-boost|p2a: Caw Bitch|def|2\n|\n|upkeep\n|turn|30\n|\n|t:|1662568463\n|switch|p2a: HitEmFromTheEast|Gastrodon-East, M|44\/100\n|move|p1a: rotomwash|Nasty Plot|p1a: rotomwash\n|-boost|p1a: rotomwash|spa|2\n|\n|-heal|p2a: HitEmFromTheEast|50\/100|[from] item: Leftovers\n|upkeep\n|turn|31\n|\n|t:|1662568470\n|switch|p1a: Tangrowth|Tangrowth, F|92\/100\n|switch|p2a: thicc|Blissey, F|100\/100\n|\n|upkeep\n|turn|32\n|\n|t:|1662568476\n|switch|p1a: Weavile|Weavile, F|100\/100\n|-ability|p1a: Weavile|Pressure\n|move|p2a: thicc|Toxic|p1a: Weavile\n|-status|p1a: Weavile|tox\n|\n|-damage|p1a: Weavile|94\/100 tox|[from] psn\n|upkeep\n|turn|33\n|\n|t:|1662568480\n|switch|p2a: Treble|Clefable, M|100\/100\n|move|p1a: Weavile|Knock Off|p2a: Treble\n|-resisted|p2a: Treble\n|-damage|p2a: Treble|68\/100\n|-enditem|p2a: Treble|Leftovers|[from] move: Knock Off|[of] p1a: Weavile\n|\n|-damage|p1a: Weavile|82\/100 tox|[from] psn\n|upkeep\n|turn|34\n|\n|t:|1662568485\n|switch|p1a: landorustherian|Landorus-Therian, M|100\/100\n|-ability|p1a: landorustherian|Intimidate|boost\n|-unboost|p2a: Treble|atk|1\n|move|p2a: Treble|Protect||[still]\n|-fail|p2a: Treble\n|\n|upkeep\n|turn|35\n|\n|t:|1662568487\n|move|p2a: Treble|Protect|p2a: Treble\n|-singleturn|p2a: Treble|Protect\n|move|p1a: landorustherian|Earthquake|p2a: Treble\n|-activate|p2a: Treble|move: Protect\n|\n|upkeep\n|turn|36\n|\n|t:|1662568492\n|switch|p2a: Caw Bitch|Corviknight, F|100\/100\n|-ability|p2a: Caw Bitch|Pressure\n|move|p1a: landorustherian|Earthquake|p2a: Caw Bitch\n|-immune|p2a: Caw Bitch\n|\n|upkeep\n|turn|37\n|\n|t:|1662568494\n|switch|p1a: rotomwash|Rotom-Wash|100\/100\n|move|p2a: Caw Bitch|Iron Defense|p2a: Caw Bitch\n|-boost|p2a: Caw Bitch|def|2\n|\n|upkeep\n|turn|38\n|\n|t:|1662568498\n|move|p1a: rotomwash|Nasty Plot|p1a: rotomwash\n|-boost|p1a: rotomwash|spa|2\n|move|p2a: Caw Bitch|Body Press|p1a: rotomwash\n|-crit|p1a: rotomwash\n|-damage|p1a: rotomwash|26\/100\n|\n|-heal|p1a: rotomwash|32\/100|[from] item: Leftovers\n|upkeep\n|turn|39\n|\n|t:|1662568501\n|switch|p2a: HitEmFromTheEast|Gastrodon-East, M|50\/100\n|move|p1a: rotomwash|Pain Split|p2a: HitEmFromTheEast\n|-sethp|p2a: HitEmFromTheEast|37\/100|[from] move: Pain Split|[silent]\n|-sethp|p1a: rotomwash|51\/100|[from] move: Pain Split\n|\n|-heal|p1a: rotomwash|57\/100|[from] item: Leftovers\n|-heal|p2a: HitEmFromTheEast|43\/100|[from] item: Leftovers\n|upkeep\n|turn|40\n|\n|t:|1662568503\n|move|p1a: rotomwash|Nasty Plot|p1a: rotomwash\n|-boost|p1a: rotomwash|spa|2\n|move|p2a: HitEmFromTheEast|Recover|p2a: HitEmFromTheEast\n|-heal|p2a: HitEmFromTheEast|93\/100\n|\n|-heal|p1a: rotomwash|64\/100|[from] item: Leftovers\n|-heal|p2a: HitEmFromTheEast|99\/100|[from] item: Leftovers\n|upkeep\n|turn|41\n|\n|t:|1662568506\n|switch|p2a: Treble|Clefable, M|68\/100\n|move|p1a: rotomwash|Pain Split|p2a: Treble\n|-sethp|p2a: Treble|58\/100|[from] move: Pain Split|[silent]\n|-sethp|p1a: rotomwash|75\/100|[from] move: Pain Split\n|\n|-heal|p1a: rotomwash|82\/100|[from] item: Leftovers\n|upkeep\n|turn|42\n|\n|t:|1662568507\n|move|p1a: rotomwash|Nasty Plot|p1a: rotomwash\n|-boost|p1a: rotomwash|spa|2\n|move|p2a: Treble|Wish|p2a: Treble\n|\n|-heal|p1a: rotomwash|88\/100|[from] item: Leftovers\n|upkeep\n|turn|43\n|\n|t:|1662568509\n|move|p1a: rotomwash|Thunderbolt|p2a: Treble\n|-damage|p2a: Treble|30\/100\n|move|p2a: Treble|Moonblast|p1a: rotomwash\n|-damage|p1a: rotomwash|53\/100\n|-unboost|p1a: rotomwash|spa|1\n|\n|-heal|p2a: Treble|80\/100|[from] move: Wish|[wisher] Treble\n|-heal|p1a: rotomwash|60\/100|[from] item: Leftovers\n|upkeep\n|turn|44\n|\n|t:|1662568512\n|move|p1a: rotomwash|Thunderbolt|p2a: Treble\n|-damage|p2a: Treble|54\/100\n|move|p2a: Treble|Wish|p2a: Treble\n|\n|-heal|p1a: rotomwash|66\/100|[from] item: Leftovers\n|upkeep\n|turn|45\n|\n|t:|1662568539\n|move|p1a: rotomwash|Thunderbolt|p2a: Treble\n|-damage|p2a: Treble|24\/100\n|move|p2a: Treble|Moonblast|p1a: rotomwash\n|-damage|p1a: rotomwash|30\/100\n|\n|-heal|p2a: Treble|74\/100|[from] move: Wish|[wisher] Treble\n|-heal|p1a: rotomwash|37\/100|[from] item: Leftovers\n|upkeep\n|turn|46\n|\n|t:|1662568541\n|move|p1a: rotomwash|Thunderbolt|p2a: Treble\n|-damage|p2a: Treble|43\/100\n|move|p2a: Treble|Wish|p2a: Treble\n|\n|-heal|p1a: rotomwash|43\/100|[from] item: Leftovers\n|upkeep\n|turn|47\n|\n|t:|1662568542\n|move|p1a: rotomwash|Hydro Pump|p2a: Treble|[miss]\n|-miss|p1a: rotomwash|p2a: Treble\n|move|p2a: Treble|Moonblast|p1a: rotomwash\n|-damage|p1a: rotomwash|7\/100\n|\n|-heal|p2a: Treble|93\/100|[from] move: Wish|[wisher] Treble\n|-heal|p1a: rotomwash|13\/100|[from] item: Leftovers\n|upkeep\n|turn|48\n|\n|t:|1662568545\n|move|p1a: rotomwash|Thunderbolt|p2a: Treble\n|-damage|p2a: Treble|62\/100\n|move|p2a: Treble|Moonblast|p1a: rotomwash\n|-damage|p1a: rotomwash|0 fnt\n|faint|p1a: rotomwash\n|\n|upkeep\n|\n|t:|1662568545\n|switch|p1a: landorustherian|Landorus-Therian, M|100\/100\n|-ability|p1a: landorustherian|Intimidate|boost\n|-unboost|p2a: Treble|atk|1\n|turn|49\n|\n|t:|1662568549\n|switch|p2a: Caw Bitch|Corviknight, F|100\/100\n|-ability|p2a: Caw Bitch|Pressure\n|move|p1a: landorustherian|Earthquake|p2a: Caw Bitch\n|-immune|p2a: Caw Bitch\n|\n|upkeep\n|turn|50\n|\n|t:|1662568554\n|switch|p1a: Tangrowth|Tangrowth, F|100\/100\n|move|p2a: Caw Bitch|Iron Defense|p2a: Caw Bitch\n|-boost|p2a: Caw Bitch|def|2\n|\n|upkeep\n|turn|51\n|\n|t:|1662568557\n|move|p2a: Caw Bitch|Body Press|p1a: Tangrowth\n|-damage|p1a: Tangrowth|74\/100\n|-damage|p2a: Caw Bitch|84\/100|[from] item: Rocky Helmet|[of] p1a: Tangrowth\n|move|p1a: Tangrowth|Focus Blast|p2a: Caw Bitch\n|-damage|p2a: Caw Bitch|56\/100\n|\n|-heal|p2a: Caw Bitch|62\/100|[from] item: Leftovers\n|upkeep\n|turn|52\n|\n|t:|1662568564\n|switch|p2a: thicc|Blissey, F|100\/100\n|move|p1a: Tangrowth|Focus Blast|p2a: thicc\n|-supereffective|p2a: thicc\n|-damage|p2a: thicc|80\/100\n|-unboost|p2a: thicc|spd|1\n|\n|upkeep\n|turn|53\n|\n|t:|1662568566\n|move|p2a: thicc|Toxic|p1a: Tangrowth\n|-status|p1a: Tangrowth|tox\n|move|p1a: Tangrowth|Giga Drain|p2a: thicc\n|-damage|p2a: thicc|64\/100\n|-heal|p1a: Tangrowth|88\/100 tox|[from] drain|[of] p2a: thicc\n|\n|-damage|p1a: Tangrowth|82\/100 tox|[from] psn\n|upkeep\n|turn|54\n|\n|t:|1662568568\n|move|p2a: thicc|Soft-Boiled|p2a: thicc\n|-heal|p2a: thicc|100\/100\n|move|p1a: Tangrowth|Giga Drain|p2a: thicc\n|-damage|p2a: thicc|84\/100\n|-heal|p1a: Tangrowth|97\/100 tox|[from] drain|[of] p2a: thicc\n|\n|-damage|p1a: Tangrowth|84\/100 tox|[from] psn\n|upkeep\n|turn|55\n|\n|t:|1662568591\n|move|p2a: thicc|Stealth Rock|p1a: Tangrowth\n|-sidestart|p1: minimax_ai|move: Stealth Rock\n|move|p1a: Tangrowth|Giga Drain|p2a: thicc\n|-damage|p2a: thicc|69\/100\n|-heal|p1a: Tangrowth|98\/100 tox|[from] drain|[of] p2a: thicc\n|\n|-damage|p1a: Tangrowth|79\/100 tox|[from] psn\n|upkeep\n|turn|56\n|\n|t:|1662568592\n|switch|p1a: landorustherian|Landorus-Therian, M|100\/100\n|-damage|p1a: landorustherian|88\/100|[from] Stealth Rock\n|-ability|p1a: landorustherian|Intimidate|boost\n|-unboost|p2a: thicc|atk|1\n|move|p2a: thicc|Seismic Toss|p1a: landorustherian\n|-damage|p1a: landorustherian|62\/100\n|\n|-heal|p1a: landorustherian|68\/100|[from] item: Leftovers\n|upkeep\n|turn|57\n|\n|t:|1662568595\n|switch|p2a: Caw Bitch|Corviknight, F|62\/100\n|-ability|p2a: Caw Bitch|Pressure\n|move|p1a: landorustherian|Earthquake|p2a: Caw Bitch\n|-immune|p2a: Caw Bitch\n|\n|-heal|p1a: landorustherian|74\/100|[from] item: Leftovers\n|-heal|p2a: Caw Bitch|68\/100|[from] item: Leftovers\n|upkeep\n|turn|58\n|\n|t:|1662568598\n|move|p1a: landorustherian|Defog|p2a: Caw Bitch\n|-unboost|p2a: Caw Bitch|evasion|1\n|-sideend|p1: minimax_ai|Stealth Rock|[from] move: Defog|[of] p1a: landorustherian\n|move|p2a: Caw Bitch|Iron Defense|p2a: Caw Bitch\n|-boost|p2a: Caw Bitch|def|2\n|\n|-heal|p1a: landorustherian|80\/100|[from] item: Leftovers\n|-heal|p2a: Caw Bitch|74\/100|[from] item: Leftovers\n|upkeep\n|turn|59\n|\n|t:|1662568600\n|switch|p1a: Tangrowth|Tangrowth, F|100\/100 tox\n|move|p2a: Caw Bitch|Iron Defense|p2a: Caw Bitch\n|-boost|p2a: Caw Bitch|def|2\n|\n|-heal|p2a: Caw Bitch|81\/100|[from] item: Leftovers\n|-damage|p1a: Tangrowth|94\/100 tox|[from] psn\n|upkeep\n|turn|60\n|\n|t:|1662568601\n|move|p2a: Caw Bitch|Body Press|p1a: Tangrowth\n|-damage|p1a: Tangrowth|59\/100 tox\n|-damage|p2a: Caw Bitch|64\/100|[from] item: Rocky Helmet|[of] p1a: Tangrowth\n|move|p1a: Tangrowth|Focus Blast|p2a: Caw Bitch\n|-damage|p2a: Caw Bitch|39\/100\n|\n|-heal|p2a: Caw Bitch|45\/100|[from] item: Leftovers\n|-damage|p1a: Tangrowth|46\/100 tox|[from] psn\n|upkeep\n|turn|61\n|\n|t:|1662568604\n|switch|p1a: landorustherian|Landorus-Therian, M|80\/100\n|-ability|p1a: landorustherian|Intimidate|boost\n|-unboost|p2a: Caw Bitch|atk|1\n|move|p2a: Caw Bitch|Roost|p2a: Caw Bitch\n|-heal|p2a: Caw Bitch|95\/100\n|-singleturn|p2a: Caw Bitch|move: Roost\n|\n|-heal|p1a: landorustherian|86\/100|[from] item: Leftovers\n|-heal|p2a: Caw Bitch|100\/100|[from] item: Leftovers\n|upkeep\n|turn|62\n|\n|t:|1662568607\n|switch|p1a: Tangrowth|Tangrowth, F|79\/100 tox\n|move|p2a: Caw Bitch|Body Press|p1a: Tangrowth\n|-damage|p1a: Tangrowth|38\/100 tox\n|-damage|p2a: Caw Bitch|84\/100|[from] item: Rocky Helmet|[of] p1a: Tangrowth\n|\n|-heal|p2a: Caw Bitch|90\/100|[from] item: Leftovers\n|-damage|p1a: Tangrowth|32\/100 tox|[from] psn\n|upkeep\n|turn|63\n|\n|t:|1662568609\n|switch|p1a: landorustherian|Landorus-Therian, M|86\/100\n|-ability|p1a: landorustherian|Intimidate|boost\n|-unboost|p2a: Caw Bitch|atk|1\n|move|p2a: Caw Bitch|Body Press|p1a: landorustherian\n|-resisted|p1a: landorustherian\n|-damage|p1a: landorustherian|51\/100\n|\n|-heal|p1a: landorustherian|57\/100|[from] item: Leftovers\n|-heal|p2a: Caw Bitch|96\/100|[from] item: Leftovers\n|upkeep\n|turn|64\n|\n|t:|1662568611\n|switch|p1a: Tangrowth|Tangrowth, F|65\/100 tox\n|move|p2a: Caw Bitch|Body Press|p1a: Tangrowth\n|-damage|p1a: Tangrowth|28\/100 tox\n|-damage|p2a: Caw Bitch|80\/100|[from] item: Rocky Helmet|[of] p1a: Tangrowth\n|\n|-heal|p2a: Caw Bitch|86\/100|[from] item: Leftovers\n|-damage|p1a: Tangrowth|22\/100 tox|[from] psn\n|upkeep\n|turn|65\n|\n|t:|1662568613\n|switch|p1a: landorustherian|Landorus-Therian, M|57\/100\n|-ability|p1a: landorustherian|Intimidate|boost\n|-unboost|p2a: Caw Bitch|atk|1\n|move|p2a: Caw Bitch|Body Press|p1a: landorustherian\n|-resisted|p1a: landorustherian\n|-damage|p1a: landorustherian|19\/100\n|\n|-heal|p1a: landorustherian|25\/100|[from] item: Leftovers\n|-heal|p2a: Caw Bitch|92\/100|[from] item: Leftovers\n|upkeep\n|turn|66\n|\n|t:|1662568615\n|switch|p1a: Tangrowth|Tangrowth, F|55\/100 tox\n|move|p2a: Caw Bitch|Body Press|p1a: Tangrowth\n|-damage|p1a: Tangrowth|14\/100 tox\n|-damage|p2a: Caw Bitch|76\/100|[from] item: Rocky Helmet|[of] p1a: Tangrowth\n|\n|-heal|p2a: Caw Bitch|82\/100|[from] item: Leftovers\n|-damage|p1a: Tangrowth|8\/100 tox|[from] psn\n|upkeep\n|turn|67\n|\n|t:|1662568617\n|switch|p1a: landorustherian|Landorus-Therian, M|25\/100\n|-ability|p1a: landorustherian|Intimidate|boost\n|-unboost|p2a: Caw Bitch|atk|1\n|move|p2a: Caw Bitch|Body Press|p1a: landorustherian\n|-resisted|p1a: landorustherian\n|-damage|p1a: landorustherian|0 fnt\n|faint|p1a: landorustherian\n|\n|-heal|p2a: Caw Bitch|88\/100|[from] item: Leftovers\n|upkeep\n|\n|t:|1662568617\n|switch|p1a: Tangrowth|Tangrowth, F|41\/100 tox\n|turn|68\n|\n|t:|1662568618\n|switch|p1a: Weavile|Weavile, F|82\/100 tox\n|-ability|p1a: Weavile|Pressure\n|move|p2a: Caw Bitch|Body Press|p1a: Weavile\n|-supereffective|p1a: Weavile\n|-crit|p1a: Weavile\n|-damage|p1a: Weavile|0 fnt\n|faint|p1a: Weavile\n|\n|-heal|p2a: Caw Bitch|95\/100|[from] item: Leftovers\n|upkeep\n|\n|t:|1662568618\n|switch|p1a: Tangrowth|Tangrowth, F|74\/100 tox\n|turn|69\n|\n|t:|1662568620\n|move|p2a: Caw Bitch|Body Press|p1a: Tangrowth\n|-damage|p1a: Tangrowth|36\/100 tox\n|-damage|p2a: Caw Bitch|78\/100|[from] item: Rocky Helmet|[of] p1a: Tangrowth\n|move|p1a: Tangrowth|Focus Blast|p2a: Caw Bitch\n|-damage|p2a: Caw Bitch|51\/100\n|\n|-heal|p2a: Caw Bitch|57\/100|[from] item: Leftovers\n|-damage|p1a: Tangrowth|30\/100 tox|[from] psn\n|upkeep\n|turn|70\n|\n|t:|1662568622\n|move|p2a: Caw Bitch|Body Press|p1a: Tangrowth\n|-damage|p1a: Tangrowth|0 fnt\n|-damage|p2a: Caw Bitch|41\/100|[from] item: Rocky Helmet|[of] p1a: Tangrowth\n|faint|p1a: Tangrowth\n|\n|win|Cowsrule247\n|raw|minimax_ai's rating: 1577 &rarr; <strong>1555<\/strong><br \/>(-22 for losing)\n|raw|Cowsrule247's rating: 1540 &rarr; <strong>1562<\/strong><br \/>(+22 for winning)\n|c|\u2606minimax_ai|gg\n","uploadtime":1662568623,"views":4,"p1id":"minimaxai","p2id":"cowsrule247","formatid":"gen8ou","rating":1555,"private":0,"password":null}