{"id":"gen8ou-1108068515","p1":"N30N3","p2":"Ouforfeit","format":"gen8ou","log":"|j|\u2606N30N3\n|j|\u2606Ouforfeit\n|player|p1|N30N3|170|1837\n|player|p2|Ouforfeit|101|1713\n|teamsize|p1|6\n|teamsize|p2|6\n|gametype|singles\n|gen|8\n|tier|[Gen 8] OU\n|rated|\n|clearpoke\n|poke|p1|Kyurem|\n|poke|p1|Hippowdon, M|\n|poke|p1|Excadrill, F|\n|poke|p1|Tyranitar, F|\n|poke|p1|Conkeldurr, M|\n|poke|p1|Ferrothorn, M|\n|poke|p2|Clefable, M|\n|poke|p2|Dragapult, M|\n|poke|p2|Salazzle, F|\n|poke|p2|Corviknight, F|\n|poke|p2|Toxapex, M|\n|poke|p2|Conkeldurr, M|\n|rule|Sleep Clause Mod: Limit one foe put to sleep\n|rule|Species Clause: Limit one of each Pok\u00e9mon\n|rule|OHKO Clause: OHKO moves are banned\n|rule|Evasion Moves Clause: Evasion moves are banned\n|rule|Endless Battle Clause: Forcing endless battles is banned\n|rule|HP Percentage Mod: HP is shown in percentages\n|rule|Dynamax Clause: You cannot dynamax\n|teampreview\n|j| findios\n|inactive|Battle timer is ON: inactive players will automatically lose when time's up. (requested by Ouforfeit)\n|inactive|N30N3 has 120 seconds left.\n|inactive|N30N3 has 90 seconds left.\n|\n|start\n|switch|p1a: Tyranitar|Tyranitar, F|100\/100\n|switch|p2a: Conkeldurr|Conkeldurr, M|100\/100\n|-weather|Sandstorm|[from] ability: Sand Stream|[of] p1a: Tyranitar\n|turn|1\n|j| avatar wan's bae\n|\n|switch|p1a: Hippowdon|Hippowdon, M|100\/100\n|move|p2a: Conkeldurr|Drain Punch|p1a: Hippowdon\n|-damage|p1a: Hippowdon|77\/100\n|\n|-weather|Sandstorm|[upkeep]\n|-damage|p2a: Conkeldurr|94\/100|[from] Sandstorm\n|-status|p2a: Conkeldurr|brn|[from] item: Flame Orb\n|upkeep\n|turn|2\n|\n|move|p2a: Conkeldurr|Knock Off|p1a: Hippowdon\n|-damage|p1a: Hippowdon|46\/100\n|-enditem|p1a: Hippowdon|Smooth Rock|[from] move: Knock Off|[of] p2a: Conkeldurr\n|move|p1a: Hippowdon|Slack Off|p1a: Hippowdon\n|-heal|p1a: Hippowdon|96\/100\n|\n|-weather|Sandstorm|[upkeep]\n|-damage|p2a: Conkeldurr|88\/100 brn|[from] Sandstorm\n|-damage|p2a: Conkeldurr|82\/100 brn|[from] brn\n|upkeep\n|turn|3\n|\n|move|p2a: Conkeldurr|Drain Punch|p1a: Hippowdon\n|-damage|p1a: Hippowdon|61\/100\n|-heal|p2a: Conkeldurr|100\/100 brn|[from] drain|[of] p1a: Hippowdon\n|move|p1a: Hippowdon|Stealth Rock|p2a: Conkeldurr\n|-sidestart|p2: Ouforfeit|move: Stealth Rock\n|\n|-weather|Sandstorm|[upkeep]\n|-damage|p2a: Conkeldurr|94\/100 brn|[from] Sandstorm\n|-damage|p2a: Conkeldurr|88\/100 brn|[from] brn\n|upkeep\n|turn|4\n|\n|move|p2a: Conkeldurr|Drain Punch|p1a: Hippowdon\n|-damage|p1a: Hippowdon|27\/100\n|-heal|p2a: Conkeldurr|100\/100 brn|[from] drain|[of] p1a: Hippowdon\n|move|p1a: Hippowdon|Slack Off|p1a: Hippowdon\n|-heal|p1a: Hippowdon|77\/100\n|\n|-weather|Sandstorm|[upkeep]\n|-damage|p2a: Conkeldurr|94\/100 brn|[from] Sandstorm\n|-damage|p2a: Conkeldurr|88\/100 brn|[from] brn\n|upkeep\n|turn|5\n|\n|move|p2a: Conkeldurr|Facade|p1a: Hippowdon\n|-damage|p1a: Hippowdon|29\/100\n|move|p1a: Hippowdon|Slack Off|p1a: Hippowdon\n|-heal|p1a: Hippowdon|79\/100\n|\n|-weather|none\n|-damage|p2a: Conkeldurr|82\/100 brn|[from] brn\n|upkeep\n|turn|6\n|\n|move|p2a: Conkeldurr|Drain Punch|p1a: Hippowdon\n|-damage|p1a: Hippowdon|42\/100\n|-heal|p2a: Conkeldurr|100\/100 brn|[from] drain|[of] p1a: Hippowdon\n|move|p1a: Hippowdon|Slack Off|p1a: Hippowdon\n|-heal|p1a: Hippowdon|92\/100\n|\n|-damage|p2a: Conkeldurr|94\/100 brn|[from] brn\n|upkeep\n|turn|7\n|\n|move|p2a: Conkeldurr|Facade|p1a: Hippowdon\n|-damage|p1a: Hippowdon|45\/100\n|move|p1a: Hippowdon|Earthquake|p2a: Conkeldurr\n|-damage|p2a: Conkeldurr|59\/100 brn\n|\n|-damage|p2a: Conkeldurr|53\/100 brn|[from] brn\n|upkeep\n|turn|8\n|\n|switch|p1a: Tyranitar|Tyranitar, F|100\/100\n|-weather|Sandstorm|[from] ability: Sand Stream|[of] p1a: Tyranitar\n|move|p2a: Conkeldurr|Facade|p1a: Tyranitar\n|-resisted|p1a: Tyranitar\n|-damage|p1a: Tyranitar|62\/100\n|\n|-weather|Sandstorm|[upkeep]\n|-damage|p2a: Conkeldurr|47\/100 brn|[from] Sandstorm\n|-damage|p2a: Conkeldurr|41\/100 brn|[from] brn\n|upkeep\n|turn|9\n|\n|move|p1a: Tyranitar|Superpower|p2a: Conkeldurr\n|-damage|p2a: Conkeldurr|0 fnt\n|-unboost|p1a: Tyranitar|atk|1\n|-unboost|p1a: Tyranitar|def|1\n|faint|p2a: Conkeldurr\n|\n|-weather|Sandstorm|[upkeep]\n|upkeep\n|\n|switch|p2a: Corviknight|Corviknight, F|100\/100\n|-damage|p2a: Corviknight|88\/100|[from] Stealth Rock\n|-ability|p2a: Corviknight|Pressure\n|turn|10\n|\n|switch|p1a: Conkeldurr|Conkeldurr, M|100\/100\n|move|p2a: Corviknight|Defog|p1a: Conkeldurr\n|-unboost|p1a: Conkeldurr|evasion|1\n|-sideend|p2: Ouforfeit|Stealth Rock|[from] move: Defog|[of] p2a: Corviknight\n|\n|-weather|Sandstorm|[upkeep]\n|-damage|p1a: Conkeldurr|94\/100|[from] Sandstorm\n|-status|p1a: Conkeldurr|brn|[from] item: Flame Orb\n|upkeep\n|turn|11\n|\n|switch|p2a: Toxapex|Toxapex, M|100\/100\n|move|p1a: Conkeldurr|Knock Off|p2a: Toxapex\n|-damage|p2a: Toxapex|65\/100\n|-enditem|p2a: Toxapex|Black Sludge|[from] move: Knock Off|[of] p1a: Conkeldurr\n|\n|-weather|Sandstorm|[upkeep]\n|-damage|p1a: Conkeldurr|88\/100 brn|[from] Sandstorm\n|-damage|p2a: Toxapex|58\/100|[from] Sandstorm\n|-damage|p1a: Conkeldurr|82\/100 brn|[from] brn\n|upkeep\n|turn|12\n|j| tapu moxo\n|\n|switch|p1a: Tyranitar|Tyranitar, F|62\/100\n|switch|p2a: Corviknight|Corviknight, F|88\/100\n|-ability|p2a: Corviknight|Pressure\n|\n|-weather|none\n|upkeep\n|turn|13\n|j| Irene Belserion\n|\n|switch|p1a: Hippowdon|Hippowdon, M|45\/100\n|-weather|Sandstorm|[from] ability: Sand Stream|[of] p1a: Hippowdon\n|move|p2a: Corviknight|Iron Head|p1a: Hippowdon\n|-damage|p1a: Hippowdon|32\/100\n|\n|-weather|Sandstorm|[upkeep]\n|upkeep\n|turn|14\n|\n|move|p2a: Corviknight|Taunt|p1a: Hippowdon\n|-start|p1a: Hippowdon|move: Taunt\n|cant|p1a: Hippowdon|move: Taunt|Slack Off\n|\n|-weather|Sandstorm|[upkeep]\n|upkeep\n|turn|15\n|\n|switch|p2a: Dragapult|Dragapult, M|100\/100\n|switch|p1a: Ferrothorn|Ferrothorn, M|100\/100\n|\n|-weather|Sandstorm|[upkeep]\n|-damage|p2a: Dragapult|95\/100|[from] Sandstorm\n|-heal|p2a: Dragapult|100\/100|[from] item: Leftovers\n|upkeep\n|turn|16\n|\n|switch|p1a: Tyranitar|Tyranitar, F|62\/100\n|move|p2a: Dragapult|Substitute|p2a: Dragapult\n|-start|p2a: Dragapult|Substitute\n|-damage|p2a: Dragapult|76\/100\n|\n|-weather|Sandstorm|[upkeep]\n|-damage|p2a: Dragapult|70\/100|[from] Sandstorm\n|-heal|p2a: Dragapult|76\/100|[from] item: Leftovers\n|upkeep\n|turn|17\n|\n|move|p2a: Dragapult|Thunder Wave|p1a: Tyranitar\n|-status|p1a: Tyranitar|par\n|cant|p1a: Tyranitar|par\n|\n|-weather|none\n|-heal|p2a: Dragapult|82\/100|[from] item: Leftovers\n|upkeep\n|turn|18\n|\n|move|p2a: Dragapult|Hex|p1a: Tyranitar\n|-resisted|p1a: Tyranitar\n|-damage|p1a: Tyranitar|33\/100 par\n|move|p1a: Tyranitar|Crunch|p2a: Dragapult\n|-supereffective|p2a: Dragapult\n|-end|p2a: Dragapult|Substitute\n|\n|-heal|p2a: Dragapult|88\/100|[from] item: Leftovers\n|upkeep\n|turn|19\n|\n|move|p2a: Dragapult|Substitute|p2a: Dragapult\n|-start|p2a: Dragapult|Substitute\n|-damage|p2a: Dragapult|63\/100\n|move|p1a: Tyranitar|Crunch|p2a: Dragapult\n|-supereffective|p2a: Dragapult\n|-end|p2a: Dragapult|Substitute\n|\n|-heal|p2a: Dragapult|69\/100|[from] item: Leftovers\n|upkeep\n|turn|20\n|\n|switch|p1a: Hippowdon|Hippowdon, M|32\/100\n|-weather|Sandstorm|[from] ability: Sand Stream|[of] p1a: Hippowdon\n|move|p2a: Dragapult|Substitute|p2a: Dragapult\n|-start|p2a: Dragapult|Substitute\n|-damage|p2a: Dragapult|44\/100\n|\n|-weather|Sandstorm|[upkeep]\n|-damage|p2a: Dragapult|38\/100|[from] Sandstorm\n|-heal|p2a: Dragapult|44\/100|[from] item: Leftovers\n|upkeep\n|turn|21\n|\n|switch|p1a: Ferrothorn|Ferrothorn, M|100\/100\n|move|p2a: Dragapult|Draco Meteor|p1a: Ferrothorn\n|-resisted|p1a: Ferrothorn\n|-damage|p1a: Ferrothorn|77\/100\n|-unboost|p2a: Dragapult|spa|2\n|\n|-weather|Sandstorm|[upkeep]\n|-damage|p2a: Dragapult|38\/100|[from] Sandstorm\n|-heal|p2a: Dragapult|44\/100|[from] item: Leftovers\n|-heal|p1a: Ferrothorn|83\/100|[from] item: Leftovers\n|upkeep\n|turn|22\n|\n|move|p2a: Dragapult|Thunder Wave|p1a: Ferrothorn\n|-status|p1a: Ferrothorn|par\n|move|p1a: Ferrothorn|Spikes|p2a: Dragapult\n|-sidestart|p2: Ouforfeit|Spikes\n|\n|-weather|Sandstorm|[upkeep]\n|-damage|p2a: Dragapult|38\/100|[from] Sandstorm\n|-heal|p2a: Dragapult|44\/100|[from] item: Leftovers\n|-heal|p1a: Ferrothorn|89\/100 par|[from] item: Leftovers\n|upkeep\n|turn|23\n|\n|move|p2a: Dragapult|Hex|p1a: Ferrothorn\n|-damage|p1a: Ferrothorn|62\/100 par\n|move|p1a: Ferrothorn|Knock Off|p2a: Dragapult\n|-supereffective|p2a: Dragapult\n|-end|p2a: Dragapult|Substitute\n|\n|-weather|Sandstorm|[upkeep]\n|-damage|p2a: Dragapult|38\/100|[from] Sandstorm\n|-heal|p2a: Dragapult|44\/100|[from] item: Leftovers\n|-heal|p1a: Ferrothorn|69\/100 par|[from] item: Leftovers\n|upkeep\n|turn|24\n|l| tapu moxo\n|\n|switch|p2a: Corviknight|Corviknight, F|88\/100\n|-ability|p2a: Corviknight|Pressure\n|move|p1a: Ferrothorn|Knock Off|p2a: Corviknight\n|-damage|p2a: Corviknight|71\/100\n|-damage|p1a: Ferrothorn|52\/100 par|[from] item: Rocky Helmet|[of] p2a: Corviknight\n|-enditem|p2a: Corviknight|Rocky Helmet|[from] move: Knock Off|[of] p1a: Ferrothorn\n|\n|-weather|none\n|-heal|p1a: Ferrothorn|58\/100 par|[from] item: Leftovers\n|upkeep\n|turn|25\n|\n|switch|p2a: Salazzle|Salazzle, F|100\/100\n|-damage|p2a: Salazzle|88\/100|[from] Spikes\n|switch|p1a: Kyurem|Kyurem|100\/100\n|-ability|p1a: Kyurem|Pressure\n|\n|-heal|p2a: Salazzle|94\/100|[from] item: Black Sludge\n|upkeep\n|turn|26\n|\n|move|p2a: Salazzle|Protect|p2a: Salazzle\n|-singleturn|p2a: Salazzle|Protect\n|move|p1a: Kyurem|Earth Power|p2a: Salazzle\n|-activate|p2a: Salazzle|move: Protect\n|\n|-heal|p2a: Salazzle|100\/100|[from] item: Black Sludge\n|upkeep\n|turn|27\n|\n|switch|p2a: Corviknight|Corviknight, F|71\/100\n|-ability|p2a: Corviknight|Pressure\n|move|p1a: Kyurem|Earth Power|p2a: Corviknight\n|-immune|p2a: Corviknight\n|\n|upkeep\n|turn|28\n|\n|switch|p1a: Tyranitar|Tyranitar, F|33\/100 par\n|-weather|Sandstorm|[from] ability: Sand Stream|[of] p1a: Tyranitar\n|switch|p2a: Salazzle|Salazzle, F|100\/100\n|-damage|p2a: Salazzle|88\/100|[from] Spikes\n|\n|-weather|Sandstorm|[upkeep]\n|-damage|p2a: Salazzle|82\/100|[from] Sandstorm\n|-heal|p2a: Salazzle|88\/100|[from] item: Black Sludge\n|upkeep\n|turn|29\n|\n|move|p2a: Salazzle|Substitute|p2a: Salazzle\n|-start|p2a: Salazzle|Substitute\n|-damage|p2a: Salazzle|63\/100\n|move|p1a: Tyranitar|Stealth Rock|p2a: Salazzle\n|-sidestart|p2: Ouforfeit|move: Stealth Rock\n|\n|-weather|Sandstorm|[upkeep]\n|-damage|p2a: Salazzle|57\/100|[from] Sandstorm\n|-heal|p2a: Salazzle|63\/100|[from] item: Black Sludge\n|upkeep\n|turn|30\n|\n|switch|p1a: Hippowdon|Hippowdon, M|32\/100\n|move|p2a: Salazzle|Protect||[still]\n|-fail|p2a: Salazzle\n|\n|-weather|Sandstorm|[upkeep]\n|-damage|p2a: Salazzle|57\/100|[from] Sandstorm\n|-heal|p2a: Salazzle|63\/100|[from] item: Black Sludge\n|upkeep\n|turn|31\n|\n|move|p2a: Salazzle|Flamethrower|p1a: Hippowdon\n|-damage|p1a: Hippowdon|0 fnt\n|faint|p1a: Hippowdon\n|\n|-weather|Sandstorm|[upkeep]\n|-damage|p2a: Salazzle|57\/100|[from] Sandstorm\n|-heal|p2a: Salazzle|63\/100|[from] item: Black Sludge\n|upkeep\n|\n|switch|p1a: Kyurem|Kyurem|100\/100\n|-ability|p1a: Kyurem|Pressure\n|turn|32\n|\n|move|p2a: Salazzle|Toxic|p1a: Kyurem\n|-status|p1a: Kyurem|tox\n|move|p1a: Kyurem|Earth Power|p2a: Salazzle\n|-supereffective|p2a: Salazzle\n|-end|p2a: Salazzle|Substitute\n|\n|-weather|none\n|-heal|p2a: Salazzle|70\/100|[from] item: Black Sludge\n|-damage|p1a: Kyurem|94\/100 tox|[from] psn\n|upkeep\n|turn|33\n|\n|switch|p1a: Tyranitar|Tyranitar, F|33\/100 par\n|-weather|Sandstorm|[from] ability: Sand Stream|[of] p1a: Tyranitar\n|move|p2a: Salazzle|Substitute|p2a: Salazzle\n|-start|p2a: Salazzle|Substitute\n|-damage|p2a: Salazzle|45\/100\n|\n|-weather|Sandstorm|[upkeep]\n|-damage|p2a: Salazzle|39\/100|[from] Sandstorm\n|-heal|p2a: Salazzle|45\/100|[from] item: Black Sludge\n|upkeep\n|turn|34\n|\n|move|p2a: Salazzle|Protect|p2a: Salazzle\n|-singleturn|p2a: Salazzle|Protect\n|move|p1a: Tyranitar|Crunch|p2a: Salazzle\n|-activate|p2a: Salazzle|move: Protect\n|\n|-weather|Sandstorm|[upkeep]\n|-damage|p2a: Salazzle|39\/100|[from] Sandstorm\n|-heal|p2a: Salazzle|45\/100|[from] item: Black Sludge\n|upkeep\n|turn|35\n|\n|move|p2a: Salazzle|Flamethrower|p1a: Tyranitar\n|-resisted|p1a: Tyranitar\n|-damage|p1a: Tyranitar|21\/100 par\n|move|p1a: Tyranitar|Crunch|p2a: Salazzle\n|-end|p2a: Salazzle|Substitute\n|\n|-weather|Sandstorm|[upkeep]\n|-damage|p2a: Salazzle|39\/100|[from] Sandstorm\n|-heal|p2a: Salazzle|45\/100|[from] item: Black Sludge\n|upkeep\n|turn|36\n|\n|move|p2a: Salazzle|Protect|p2a: Salazzle\n|-singleturn|p2a: Salazzle|Protect\n|move|p1a: Tyranitar|Crunch|p2a: Salazzle\n|-activate|p2a: Salazzle|move: Protect\n|\n|-weather|Sandstorm|[upkeep]\n|-damage|p2a: Salazzle|39\/100|[from] Sandstorm\n|-heal|p2a: Salazzle|45\/100|[from] item: Black Sludge\n|upkeep\n|turn|37\n|\n|switch|p2a: Corviknight|Corviknight, F|71\/100\n|-damage|p2a: Corviknight|58\/100|[from] Stealth Rock\n|-ability|p2a: Corviknight|Pressure\n|cant|p1a: Tyranitar|par\n|\n|-weather|none\n|upkeep\n|turn|38\n|\n|switch|p1a: Kyurem|Kyurem|94\/100 tox\n|-ability|p1a: Kyurem|Pressure\n|move|p2a: Corviknight|Defog|p1a: Kyurem\n|-unboost|p1a: Kyurem|evasion|1\n|-sideend|p2: Ouforfeit|Spikes|[from] move: Defog|[of] p2a: Corviknight\n|-sideend|p2: Ouforfeit|Stealth Rock|[from] move: Defog|[of] p2a: Corviknight\n|\n|-damage|p1a: Kyurem|88\/100 tox|[from] psn\n|upkeep\n|turn|39\n|\n|move|p1a: Kyurem|Ice Beam|p2a: Corviknight\n|-damage|p2a: Corviknight|8\/100\n|move|p2a: Corviknight|Roost|p2a: Corviknight\n|-heal|p2a: Corviknight|57\/100\n|-singleturn|p2a: Corviknight|move: Roost\n|\n|-damage|p1a: Kyurem|76\/100 tox|[from] psn\n|upkeep\n|turn|40\n|\n|switch|p2a: Toxapex|Toxapex, M|92\/100\n|move|p1a: Kyurem|Ice Beam|p2a: Toxapex\n|-resisted|p2a: Toxapex\n|-damage|p2a: Toxapex|60\/100\n|\n|-damage|p1a: Kyurem|58\/100 tox|[from] psn\n|upkeep\n|turn|41\n|\n|switch|p1a: Tyranitar|Tyranitar, F|21\/100 par\n|-weather|Sandstorm|[from] ability: Sand Stream|[of] p1a: Tyranitar\n|move|p2a: Toxapex|Knock Off|p1a: Tyranitar\n|-resisted|p1a: Tyranitar\n|-damage|p1a: Tyranitar|14\/100 par\n|-enditem|p1a: Tyranitar|Choice Band|[from] move: Knock Off|[of] p2a: Toxapex\n|\n|-weather|Sandstorm|[upkeep]\n|-damage|p2a: Toxapex|54\/100|[from] Sandstorm\n|upkeep\n|turn|42\n|\n|switch|p1a: Ferrothorn|Ferrothorn, M|58\/100 par\n|switch|p2a: Corviknight|Corviknight, F|57\/100\n|-ability|p2a: Corviknight|Pressure\n|\n|-weather|Sandstorm|[upkeep]\n|-heal|p1a: Ferrothorn|65\/100 par|[from] item: Leftovers\n|upkeep\n|turn|43\n|\n|move|p2a: Corviknight|Taunt|p1a: Ferrothorn\n|-start|p1a: Ferrothorn|move: Taunt\n|cant|p1a: Ferrothorn|move: Taunt|Leech Seed\n|\n|-weather|Sandstorm|[upkeep]\n|-heal|p1a: Ferrothorn|71\/100 par|[from] item: Leftovers\n|upkeep\n|turn|44\n|\n|switch|p1a: Kyurem|Kyurem|58\/100 tox\n|-ability|p1a: Kyurem|Pressure\n|move|p2a: Corviknight|Roost|p2a: Corviknight\n|-heal|p2a: Corviknight|100\/100\n|-singleturn|p2a: Corviknight|move: Roost\n|\n|-weather|Sandstorm|[upkeep]\n|-damage|p1a: Kyurem|51\/100 tox|[from] Sandstorm\n|-damage|p1a: Kyurem|45\/100 tox|[from] psn\n|upkeep\n|turn|45\n|\n|move|p1a: Kyurem|Freeze-Dry|p2a: Corviknight\n|-damage|p2a: Corviknight|59\/100\n|move|p2a: Corviknight|Iron Head|p1a: Kyurem\n|-supereffective|p1a: Kyurem\n|-damage|p1a: Kyurem|1\/100 tox\n|\n|-weather|none\n|-damage|p1a: Kyurem|0 fnt|[from] psn\n|faint|p1a: Kyurem\n|upkeep\n|j| HeavenStar\n|\n|switch|p1a: Conkeldurr|Conkeldurr, M|82\/100 brn\n|turn|46\n|\n|switch|p2a: Toxapex|Toxapex, M|87\/100\n|move|p1a: Conkeldurr|Drain Punch|p2a: Toxapex\n|-resisted|p2a: Toxapex\n|-damage|p2a: Toxapex|66\/100\n|-heal|p1a: Conkeldurr|90\/100 brn|[from] drain|[of] p2a: Toxapex\n|\n|-damage|p1a: Conkeldurr|84\/100 brn|[from] brn\n|upkeep\n|turn|47\n|\n|switch|p1a: Tyranitar|Tyranitar, F|14\/100 par\n|-weather|Sandstorm|[from] ability: Sand Stream|[of] p1a: Tyranitar\n|move|p2a: Toxapex|Baneful Bunker||[still]\n|-fail|p2a: Toxapex\n|\n|-weather|Sandstorm|[upkeep]\n|-damage|p2a: Toxapex|60\/100|[from] Sandstorm\n|upkeep\n|turn|48\n|\n|move|p1a: Tyranitar|Stealth Rock|p2a: Toxapex\n|-sidestart|p2: Ouforfeit|move: Stealth Rock\n|move|p2a: Toxapex|Recover|p2a: Toxapex\n|-heal|p2a: Toxapex|100\/100\n|\n|-weather|Sandstorm|[upkeep]\n|-damage|p2a: Toxapex|94\/100|[from] Sandstorm\n|upkeep\n|turn|49\n|\n|switch|p1a: Conkeldurr|Conkeldurr, M|84\/100 brn\n|move|p2a: Toxapex|Baneful Bunker||[still]\n|-fail|p2a: Toxapex\n|\n|-weather|Sandstorm|[upkeep]\n|-damage|p1a: Conkeldurr|78\/100 brn|[from] Sandstorm\n|-damage|p2a: Toxapex|88\/100|[from] Sandstorm\n|-damage|p1a: Conkeldurr|72\/100 brn|[from] brn\n|upkeep\n|turn|50\n|\n|move|p1a: Conkeldurr|Knock Off|p2a: Toxapex\n|-damage|p2a: Toxapex|64\/100\n|move|p2a: Toxapex|Recover|p2a: Toxapex\n|-heal|p2a: Toxapex|100\/100\n|\n|-weather|Sandstorm|[upkeep]\n|-damage|p1a: Conkeldurr|66\/100 brn|[from] Sandstorm\n|-damage|p2a: Toxapex|94\/100|[from] Sandstorm\n|-damage|p1a: Conkeldurr|60\/100 brn|[from] brn\n|upkeep\n|turn|51\n|\n|move|p1a: Conkeldurr|Drain Punch|p2a: Toxapex\n|-resisted|p2a: Toxapex\n|-damage|p2a: Toxapex|74\/100\n|-heal|p1a: Conkeldurr|67\/100 brn|[from] drain|[of] p2a: Toxapex\n|move|p2a: Toxapex|Recover|p2a: Toxapex\n|-heal|p2a: Toxapex|100\/100\n|\n|-weather|none\n|-damage|p1a: Conkeldurr|61\/100 brn|[from] brn\n|upkeep\n|turn|52\n|\n|switch|p1a: Ferrothorn|Ferrothorn, M|71\/100 par\n|move|p2a: Toxapex|Knock Off|p1a: Ferrothorn\n|-damage|p1a: Ferrothorn|62\/100 par\n|-damage|p2a: Toxapex|88\/100|[from] ability: Iron Barbs|[of] p1a: Ferrothorn\n|-enditem|p1a: Ferrothorn|Leftovers|[from] move: Knock Off|[of] p2a: Toxapex\n|\n|upkeep\n|turn|53\n|\n|switch|p2a: Corviknight|Corviknight, F|59\/100\n|-damage|p2a: Corviknight|47\/100|[from] Stealth Rock\n|-ability|p2a: Corviknight|Pressure\n|move|p1a: Ferrothorn|Leech Seed|p2a: Corviknight\n|-start|p2a: Corviknight|move: Leech Seed\n|\n|-damage|p2a: Corviknight|34\/100|[from] Leech Seed|[of] p1a: Ferrothorn\n|-heal|p1a: Ferrothorn|77\/100 par|[silent]\n|upkeep\n|turn|54\n|\n|switch|p1a: Conkeldurr|Conkeldurr, M|61\/100 brn\n|move|p2a: Corviknight|Defog|p1a: Conkeldurr\n|-unboost|p1a: Conkeldurr|evasion|1\n|-sideend|p2: Ouforfeit|Stealth Rock|[from] move: Defog|[of] p2a: Corviknight\n|\n|-damage|p2a: Corviknight|22\/100|[from] Leech Seed|[of] p1a: Conkeldurr\n|-heal|p1a: Conkeldurr|73\/100 brn|[silent]\n|-damage|p1a: Conkeldurr|67\/100 brn|[from] brn\n|upkeep\n|turn|55\n|\n|switch|p2a: Clefable|Clefable, M|100\/100\n|move|p1a: Conkeldurr|Drain Punch|p2a: Clefable\n|-resisted|p2a: Clefable\n|-damage|p2a: Clefable|74\/100\n|-heal|p1a: Conkeldurr|80\/100 brn|[from] drain|[of] p2a: Clefable\n|\n|-heal|p2a: Clefable|80\/100|[from] item: Leftovers\n|-damage|p1a: Conkeldurr|74\/100 brn|[from] brn\n|upkeep\n|turn|56\n|\n|switch|p1a: Tyranitar|Tyranitar, F|14\/100 par\n|-weather|Sandstorm|[from] ability: Sand Stream|[of] p1a: Tyranitar\n|move|p2a: Clefable|Protect||[still]\n|-fail|p2a: Clefable\n|\n|-weather|Sandstorm|[upkeep]\n|-damage|p2a: Clefable|74\/100|[from] Sandstorm\n|-heal|p2a: Clefable|80\/100|[from] item: Leftovers\n|upkeep\n|turn|57\n|\n|move|p2a: Clefable|Moonblast|p1a: Tyranitar\n|-supereffective|p1a: Tyranitar\n|-damage|p1a: Tyranitar|0 fnt\n|faint|p1a: Tyranitar\n|\n|-weather|Sandstorm|[upkeep]\n|-damage|p2a: Clefable|74\/100|[from] Sandstorm\n|-heal|p2a: Clefable|80\/100|[from] item: Leftovers\n|upkeep\n|\n|switch|p1a: Excadrill|Excadrill, F|100\/100\n|turn|58\n|\n|move|p2a: Clefable|Protect|p2a: Clefable\n|-singleturn|p2a: Clefable|Protect\n|move|p1a: Excadrill|Iron Head|p2a: Clefable\n|-activate|p2a: Clefable|move: Protect\n|\n|-weather|Sandstorm|[upkeep]\n|-damage|p2a: Clefable|74\/100|[from] Sandstorm\n|-heal|p2a: Clefable|80\/100|[from] item: Leftovers\n|upkeep\n|turn|59\n|\n|switch|p2a: Corviknight|Corviknight, F|22\/100\n|-ability|p2a: Corviknight|Pressure\n|move|p1a: Excadrill|Iron Head|p2a: Corviknight\n|-resisted|p2a: Corviknight\n|-damage|p2a: Corviknight|0 fnt\n|-damage|p1a: Excadrill|91\/100|[from] item: Life Orb\n|faint|p2a: Corviknight\n|\n|-weather|Sandstorm|[upkeep]\n|upkeep\n|\n|switch|p2a: Toxapex|Toxapex, M|100\/100\n|turn|60\n|\n|move|p1a: Excadrill|Earthquake|p2a: Toxapex\n|-supereffective|p2a: Toxapex\n|-damage|p2a: Toxapex|8\/100\n|-damage|p1a: Excadrill|81\/100|[from] item: Life Orb\n|move|p2a: Toxapex|Knock Off|p1a: Excadrill\n|-damage|p1a: Excadrill|60\/100\n|-enditem|p1a: Excadrill|Life Orb|[from] move: Knock Off|[of] p2a: Toxapex\n|\n|-weather|none\n|upkeep\n|turn|61\n|\n|move|p1a: Excadrill|Earthquake|p2a: Toxapex\n|-supereffective|p2a: Toxapex\n|-damage|p2a: Toxapex|0 fnt\n|faint|p2a: Toxapex\n|\n|upkeep\n|\n|switch|p2a: Salazzle|Salazzle, F|45\/100\n|turn|62\n|\n|switch|p1a: Conkeldurr|Conkeldurr, M|74\/100 brn\n|move|p2a: Salazzle|Flamethrower|p1a: Conkeldurr\n|-damage|p1a: Conkeldurr|36\/100 brn\n|\n|-heal|p2a: Salazzle|51\/100|[from] item: Black Sludge\n|-damage|p1a: Conkeldurr|30\/100 brn|[from] brn\n|upkeep\n|turn|63\n|\n|move|p1a: Conkeldurr|Mach Punch|p2a: Salazzle\n|-resisted|p2a: Salazzle\n|-damage|p2a: Salazzle|21\/100\n|move|p2a: Salazzle|Flamethrower|p1a: Conkeldurr\n|-damage|p1a: Conkeldurr|0 fnt\n|faint|p1a: Conkeldurr\n|\n|-heal|p2a: Salazzle|27\/100|[from] item: Black Sludge\n|upkeep\n|-message|N30N3 forfeited.\n|\n|win|Ouforfeit\n|l|\u2606N30N3\n|l| HeavenStar\n||Ladder (probably) updated, but score could not be retrieved (Response not received).\n","uploadtime":1588534398,"views":101,"p1id":"n30n3","p2id":"ouforfeit","formatid":"gen8ou","rating":0,"private":0,"password":null}