{"id":"gen8ou-1704584303","p1":"brettfavreinnocent","p2":"30orless","format":"gen8ou","log":"|j|\u203dbrettfavreinnocent\n|j|\u260630orless\n|t:|1667790504\n|gametype|singles\n|player|p1|brettfavreinnocent|fantina|1787\n|player|p2|30orless|265|1817\n|teamsize|p1|6\n|teamsize|p2|6\n|gen|8\n|tier|[Gen 8] OU\n|rated|\n|rule|Sleep Clause Mod: Limit one foe put to sleep\n|rule|Species Clause: Limit one of each Pok\u00e9mon\n|rule|OHKO Clause: OHKO moves are banned\n|rule|Evasion Items Clause: Evasion items are banned\n|rule|Evasion Moves Clause: Evasion moves are banned\n|rule|Endless Battle Clause: Forcing endless battles is banned\n|rule|HP Percentage Mod: HP is shown in percentages\n|rule|Dynamax Clause: You cannot dynamax\n|clearpoke\n|poke|p1|Pelipper, F|\n|poke|p1|Buzzwole|\n|poke|p1|Inteleon, F|\n|poke|p1|Ferrothorn, M|\n|poke|p1|Barraskewda, F|\n|poke|p1|Seismitoad, F|\n|poke|p2|Moltres|\n|poke|p2|Hydreigon, M|\n|poke|p2|Blaziken, F|\n|poke|p2|Volcanion|\n|poke|p2|Zapdos|\n|poke|p2|Mamoswine, F|\n|teampreview\n|inactive|Battle timer is ON: inactive players will automatically lose when time's up. (requested by brettfavreinnocent)\n|j| BabyPigsAreLaughin\n|j| besolo4life\n|inactive|brettfavreinnocent has 120 seconds left.\n|inactive|brettfavreinnocent has 90 seconds left.\n|\n|t:|1667790570\n|start\n|switch|p1a: Ferrothorn|Ferrothorn, M|100\/100\n|switch|p2a: Zapdos|Zapdos|100\/100\n|turn|1\n|\n|t:|1667790583\n|switch|p2a: Blaziken|Blaziken, F|100\/100\n|move|p1a: Ferrothorn|Stealth Rock|p2a: Blaziken\n|-sidestart|p2: 30orless|move: Stealth Rock\n|\n|upkeep\n|turn|2\n|\n|t:|1667790593\n|switch|p1a: Pelipper|Pelipper, F|100\/100\n|-weather|RainDance|[from] ability: Drizzle|[of] p1a: Pelipper\n|move|p2a: Blaziken|Overheat|p1a: Pelipper\n|-resisted|p1a: Pelipper\n|-damage|p1a: Pelipper|75\/100\n|-unboost|p2a: Blaziken|spa|2\n|-damage|p2a: Blaziken|91\/100|[from] item: Life Orb\n|\n|-weather|RainDance|[upkeep]\n|-ability|p2a: Blaziken|Speed Boost|boost\n|-boost|p2a: Blaziken|spe|1\n|upkeep\n|turn|3\n|\n|t:|1667790601\n|switch|p2a: Zapdos|Zapdos|100\/100\n|move|p1a: Pelipper|U-turn|p2a: Zapdos\n|-resisted|p2a: Zapdos\n|-damage|p2a: Zapdos|96\/100\n|\n|t:|1667790622\n|switch|p1a: Seismitoad|Seismitoad, F, shiny|100\/100|[from]move: U-turn\n|\n|-weather|RainDance|[upkeep]\n|upkeep\n|turn|4\n|\n|t:|1667790633\n|move|p1a: Seismitoad|Weather Ball|p2a: Zapdos\n|-damage|p2a: Zapdos|17\/100\n|-damage|p1a: Seismitoad|91\/100|[from] item: Life Orb\n|move|p2a: Zapdos|Hurricane|p1a: Seismitoad\n|-damage|p1a: Seismitoad|17\/100\n|\n|-weather|RainDance|[upkeep]\n|upkeep\n|turn|5\n|\n|t:|1667790645\n|switch|p2a: Hydreigon|Hydreigon, M|100\/100\n|-damage|p2a: Hydreigon|88\/100|[from] Stealth Rock\n|-singleturn|p1a: Seismitoad|move: Focus Punch\n|move|p1a: Seismitoad|Focus Punch|p2a: Hydreigon\n|-supereffective|p2a: Hydreigon\n|-damage|p2a: Hydreigon|0 fnt\n|faint|p2a: Hydreigon\n|-damage|p1a: Seismitoad|7\/100|[from] item: Life Orb\n|\n|-weather|RainDance|[upkeep]\n|upkeep\n|\n|t:|1667790653\n|switch|p2a: Blaziken|Blaziken, F|91\/100\n|-damage|p2a: Blaziken|78\/100|[from] Stealth Rock\n|turn|6\n|\n|t:|1667790666\n|move|p2a: Blaziken|Vacuum Wave|p1a: Seismitoad\n|-damage|p1a: Seismitoad|0 fnt\n|faint|p1a: Seismitoad\n|-damage|p2a: Blaziken|68\/100|[from] item: Life Orb\n|\n|-weather|RainDance|[upkeep]\n|-ability|p2a: Blaziken|Speed Boost|boost\n|-boost|p2a: Blaziken|spe|1\n|upkeep\n|c| BabyPigsAreLaughin|That Focus Punch, though.\n|j| WeavilleParadise\n|\n|t:|1667790677\n|switch|p1a: Barraskewda|Barraskewda, F, shiny|100\/100\n|turn|7\n|\n|t:|1667790682\n|move|p2a: Blaziken|Vacuum Wave|p1a: Barraskewda\n|-damage|p1a: Barraskewda|51\/100\n|-damage|p2a: Blaziken|58\/100|[from] item: Life Orb\n|move|p1a: Barraskewda|Close Combat|p2a: Blaziken\n|-damage|p2a: Blaziken|0 fnt\n|-unboost|p1a: Barraskewda|def|1\n|-unboost|p1a: Barraskewda|spd|1\n|faint|p2a: Blaziken\n|\n|-weather|RainDance|[upkeep]\n|upkeep\n|\n|t:|1667790685\n|switch|p2a: Moltres|Moltres|100\/100\n|turn|8\n|\n|t:|1667790693\n|switch|p1a: Ferrothorn|Ferrothorn, M|100\/100\n|move|p2a: Moltres|Mystical Fire|p1a: Ferrothorn\n|-supereffective|p1a: Ferrothorn\n|-damage|p1a: Ferrothorn|65\/100\n|-unboost|p1a: Ferrothorn|spa|1\n|\n|-weather|RainDance|[upkeep]\n|-heal|p1a: Ferrothorn|71\/100|[from] item: Leftovers\n|upkeep\n|turn|9\n|\n|t:|1667790699\n|move|p2a: Moltres|Mystical Fire|p1a: Ferrothorn\n|-supereffective|p1a: Ferrothorn\n|-damage|p1a: Ferrothorn|34\/100\n|-unboost|p1a: Ferrothorn|spa|1\n|move|p1a: Ferrothorn|Knock Off|p2a: Moltres\n|-damage|p2a: Moltres|80\/100\n|-enditem|p2a: Moltres|Heavy-Duty Boots|[from] move: Knock Off|[of] p1a: Ferrothorn\n|\n|-weather|none\n|-heal|p1a: Ferrothorn|40\/100|[from] item: Leftovers\n|upkeep\n|turn|10\n|\n|t:|1667790704\n|switch|p1a: Pelipper|Pelipper, F|75\/100\n|-weather|RainDance|[from] ability: Drizzle|[of] p1a: Pelipper\n|move|p2a: Moltres|Mystical Fire|p1a: Pelipper\n|-resisted|p1a: Pelipper\n|-damage|p1a: Pelipper|64\/100\n|-unboost|p1a: Pelipper|spa|1\n|\n|-weather|RainDance|[upkeep]\n|upkeep\n|turn|11\n|\n|t:|1667790707\n|move|p2a: Moltres|Brave Bird|p1a: Pelipper\n|-damage|p1a: Pelipper|23\/100\n|-damage|p2a: Moltres|69\/100|[from] Recoil\n|move|p1a: Pelipper|U-turn|p2a: Moltres\n|-resisted|p2a: Moltres\n|-damage|p2a: Moltres|67\/100\n|\n|t:|1667790711\n|switch|p1a: Inteleon|Inteleon, F|100\/100|[from]move: U-turn\n|\n|-weather|RainDance|[upkeep]\n|upkeep\n|turn|12\n|\n|t:|1667790717\n|move|p1a: Inteleon|Focus Energy|p1a: Inteleon\n|-start|p1a: Inteleon|move: Focus Energy\n|move|p2a: Moltres|Mystical Fire|p1a: Inteleon\n|-resisted|p1a: Inteleon\n|-damage|p1a: Inteleon|88\/100\n|-unboost|p1a: Inteleon|spa|1\n|\n|-weather|RainDance|[upkeep]\n|upkeep\n|turn|13\n|j| GoldenTTRex1\n|\n|t:|1667790721\n|move|p1a: Inteleon|Snipe Shot|p2a: Moltres\n|-supereffective|p2a: Moltres\n|-crit|p2a: Moltres\n|-damage|p2a: Moltres|0 fnt\n|faint|p2a: Moltres\n|\n|-weather|RainDance|[upkeep]\n|upkeep\n|\n|t:|1667790727\n|switch|p2a: Volcanion|Volcanion|100\/100\n|turn|14\n|\n|t:|1667790729\n|move|p1a: Inteleon|Hyper Beam|p2a: Volcanion\n|-crit|p2a: Volcanion\n|-damage|p2a: Volcanion|0 fnt\n|-mustrecharge|p1a: Inteleon\n|faint|p2a: Volcanion\n|\n|-weather|RainDance|[upkeep]\n|upkeep\n|\n|t:|1667790735\n|switch|p2a: Mamoswine|Mamoswine, F|100\/100\n|-damage|p2a: Mamoswine|88\/100|[from] Stealth Rock\n|turn|15\n|\n|t:|1667790739\n|cant|p1a: Inteleon|recharge\n|move|p2a: Mamoswine|Earthquake|p1a: Inteleon\n|-damage|p1a: Inteleon|0 fnt\n|faint|p1a: Inteleon\n|\n|-weather|RainDance|[upkeep]\n|upkeep\n|\n|t:|1667790743\n|switch|p1a: Barraskewda|Barraskewda, F, shiny|51\/100\n|turn|16\n|\n|t:|1667790746\n|switch|p2a: Zapdos|Zapdos|17\/100\n|move|p1a: Barraskewda|Liquidation|p2a: Zapdos\n|-damage|p2a: Zapdos|0 fnt\n|faint|p2a: Zapdos\n|\n|-weather|RainDance|[upkeep]\n|upkeep\n|\n|t:|1667790750\n|switch|p2a: Mamoswine|Mamoswine, F|88\/100\n|-damage|p2a: Mamoswine|76\/100|[from] Stealth Rock\n|turn|17\n|\n|t:|1667790753\n|move|p1a: Barraskewda|Liquidation|p2a: Mamoswine\n|-supereffective|p2a: Mamoswine\n|-damage|p2a: Mamoswine|0 fnt\n|faint|p2a: Mamoswine\n|\n|win|brettfavreinnocent\n|raw|brettfavreinnocent's rating: 1787 &rarr; <strong>1809<\/strong><br \/>(+22 for winning)\n|raw|30orless's rating: 1817 &rarr; <strong>1795<\/strong><br \/>(-22 for losing)\n|l|\u260630orless\n|l| GoldenTTRex1\n|l| besolo4life\n||Ladder isn't responding, score probably updated but might not have (Request timeout).\n","uploadtime":1667790758,"views":7,"p1id":"brettfavreinnocent","p2id":"30orless","formatid":"gen8ou","rating":1795,"private":0,"password":null}