{"id":"gen8ou-1627792727","p1":"Juyen RP PLF","p2":"lt91bb bj","format":"gen8ou","log":"|raw|<div class=\"broadcast-blue\"><strong>This battle is required to be public due to a player having a name starting with 'lt91bb'.<\/div>\n|j|\u2606Juyen RP PLF\n|j|\u2606lt91bb bj\n|t:|1659100046\n|gametype|singles\n|player|p1|Juyen RP PLF|hilbert|1762\n|player|p2|lt91bb bj|colress|1915\n|teamsize|p1|6\n|teamsize|p2|6\n|gen|8\n|tier|[Gen 8] OU\n|rated|\n|rule|Sleep Clause Mod: Limit one foe put to sleep\n|rule|Species Clause: Limit one of each Pok\u00e9mon\n|rule|OHKO Clause: OHKO moves are banned\n|rule|Evasion Moves Clause: Evasion moves are banned\n|rule|Endless Battle Clause: Forcing endless battles is banned\n|rule|HP Percentage Mod: HP is shown in percentages\n|rule|Dynamax Clause: You cannot dynamax\n|clearpoke\n|poke|p1|Rillaboom, M|\n|poke|p1|Tapu Lele|\n|poke|p1|Magnezone|\n|poke|p1|Clefable, M|\n|poke|p1|Landorus-Therian, M|\n|poke|p1|Araquanid, F|\n|poke|p2|Weavile, M|\n|poke|p2|Ferrothorn, F|\n|poke|p2|Urshifu-*, M|\n|poke|p2|Slowking-Galar, M|\n|poke|p2|Landorus-Therian, M|\n|poke|p2|Tornadus-Therian, M|\n|teampreview\n|\n|t:|1659100074\n|start\n|switch|p1a: Landorus|Landorus-Therian, M|100\/100\n|switch|p2a: Landorus|Landorus-Therian, M|100\/100\n|-ability|p2a: Landorus|Intimidate|boost\n|-unboost|p1a: Landorus|atk|1\n|-ability|p1a: Landorus|Intimidate|boost\n|-unboost|p2a: Landorus|atk|1\n|turn|1\n|j| xuwuhanjun\n|\n|t:|1659100091\n|move|p2a: Landorus|Stealth Rock|p1a: Landorus\n|-sidestart|p1: Juyen RP PLF|move: Stealth Rock\n|move|p1a: Landorus|Stealth Rock|p2a: Landorus\n|-sidestart|p2: lt91bb bj|move: Stealth Rock\n|\n|upkeep\n|turn|2\n|\n|t:|1659100096\n|move|p2a: Landorus|Knock Off|p1a: Landorus\n|-damage|p1a: Landorus|84\/100\n|-enditem|p1a: Landorus|Leftovers|[from] move: Knock Off|[of] p2a: Landorus\n|move|p1a: Landorus|U-turn|p2a: Landorus\n|-resisted|p2a: Landorus\n|-damage|p2a: Landorus|94\/100\n|\n|t:|1659100098\n|switch|p1a: Araquanid|Araquanid, F|100\/100|[from]move: U-turn\n|\n|-heal|p2a: Landorus|99\/100|[from] item: Leftovers\n|upkeep\n|turn|3\n|j| monika simp 3000\n|j| LT91BB Dasmer\n|\n|t:|1659100105\n|move|p2a: Landorus|U-turn|p1a: Araquanid\n|-damage|p1a: Araquanid|83\/100\n|\n|t:|1659100107\n|switch|p2a: Ferrothorn|Ferrothorn, F|100\/100|[from]move: U-turn\n|-damage|p2a: Ferrothorn|94\/100|[from] Stealth Rock\n|move|p1a: Araquanid|Liquidation|p2a: Ferrothorn\n|-resisted|p2a: Ferrothorn\n|-damage|p2a: Ferrothorn|76\/100\n|-unboost|p2a: Ferrothorn|def|1\n|-damage|p1a: Araquanid|70\/100|[from] ability: Iron Barbs|[of] p2a: Ferrothorn\n|\n|-heal|p2a: Ferrothorn|83\/100|[from] item: Leftovers\n|upkeep\n|turn|4\n|\n|t:|1659100118\n|switch|p2a: Landorus|Landorus-Therian, M|99\/100\n|-damage|p2a: Landorus|87\/100|[from] Stealth Rock\n|-ability|p2a: Landorus|Intimidate|boost\n|-unboost|p1a: Araquanid|atk|1\n|move|p1a: Araquanid|Sticky Web|p2a: Landorus\n|-sidestart|p2: lt91bb bj|move: Sticky Web\n|\n|-heal|p2a: Landorus|93\/100|[from] item: Leftovers\n|upkeep\n|turn|5\n|j| yovan33321\n|\n|t:|1659100129\n|move|p2a: Landorus|U-turn|p1a: Araquanid\n|-damage|p1a: Araquanid|42\/100\n|\n|t:|1659100132\n|switch|p2a: Ferrothorn|Ferrothorn, F|83\/100|[from]move: U-turn\n|-damage|p2a: Ferrothorn|76\/100|[from] Stealth Rock\n|-activate|p2a: Ferrothorn|move: Sticky Web\n|-unboost|p2a: Ferrothorn|spe|1\n|move|p1a: Araquanid|Toxic|p2a: Ferrothorn\n|-immune|p2a: Ferrothorn\n|\n|-heal|p2a: Ferrothorn|83\/100|[from] item: Leftovers\n|upkeep\n|turn|6\n|\n|t:|1659100141\n|switch|p1a: Magnezone|Magnezone|100\/100\n|-damage|p1a: Magnezone|95\/100|[from] Stealth Rock\n|move|p2a: Ferrothorn|Spikes|p1a: Magnezone\n|-sidestart|p1: Juyen RP PLF|Spikes\n|\n|-heal|p1a: Magnezone|100\/100|[from] item: Leftovers\n|-heal|p2a: Ferrothorn|89\/100|[from] item: Leftovers\n|upkeep\n|turn|7\n|\n|t:|1659100146\n|move|p1a: Magnezone|Substitute|p1a: Magnezone\n|-start|p1a: Magnezone|Substitute\n|-damage|p1a: Magnezone|76\/100\n|move|p2a: Ferrothorn|Spikes|p1a: Magnezone\n|-sidestart|p1: Juyen RP PLF|Spikes\n|\n|-heal|p1a: Magnezone|82\/100|[from] item: Leftovers\n|-heal|p2a: Ferrothorn|95\/100|[from] item: Leftovers\n|upkeep\n|turn|8\n|\n|t:|1659100148\n|move|p1a: Magnezone|Iron Defense|p1a: Magnezone\n|-boost|p1a: Magnezone|def|2\n|move|p2a: Ferrothorn|Spikes|p1a: Magnezone\n|-sidestart|p1: Juyen RP PLF|Spikes\n|\n|-heal|p1a: Magnezone|88\/100|[from] item: Leftovers\n|-heal|p2a: Ferrothorn|100\/100|[from] item: Leftovers\n|upkeep\n|turn|9\n|\n|t:|1659100151\n|move|p1a: Magnezone|Iron Defense|p1a: Magnezone\n|-boost|p1a: Magnezone|def|2\n|move|p2a: Ferrothorn|Knock Off|p1a: Magnezone\n|-activate|p1a: Magnezone|move: Substitute|[damage]\n|\n|-heal|p1a: Magnezone|94\/100|[from] item: Leftovers\n|upkeep\n|turn|10\n|j| Tester Igres\n|\n|t:|1659100153\n|move|p1a: Magnezone|Iron Defense|p1a: Magnezone\n|-boost|p1a: Magnezone|def|2\n|move|p2a: Ferrothorn|Knock Off|p1a: Magnezone\n|-activate|p1a: Magnezone|move: Substitute|[damage]\n|\n|-heal|p1a: Magnezone|99\/100|[from] item: Leftovers\n|upkeep\n|turn|11\n|\n|t:|1659100156\n|move|p1a: Magnezone|Body Press|p2a: Ferrothorn\n|-supereffective|p2a: Ferrothorn\n|-damage|p2a: Ferrothorn|0 fnt\n|-damage|p1a: Magnezone|87\/100|[from] ability: Iron Barbs|[of] p2a: Ferrothorn\n|faint|p2a: Ferrothorn\n|\n|-heal|p1a: Magnezone|93\/100|[from] item: Leftovers\n|upkeep\n|\n|t:|1659100158\n|switch|p2a: Slowking|Slowking-Galar, M, shiny|100\/100\n|-damage|p2a: Slowking|88\/100|[from] Stealth Rock\n|-activate|p2a: Slowking|move: Sticky Web\n|-unboost|p2a: Slowking|spe|1\n|turn|12\n|\n|t:|1659100161\n|move|p1a: Magnezone|Body Press|p2a: Slowking\n|-resisted|p2a: Slowking\n|-damage|p2a: Slowking|61\/100\n|move|p2a: Slowking|Flamethrower|p1a: Magnezone\n|-supereffective|p1a: Magnezone\n|-end|p1a: Magnezone|Substitute\n|\n|-heal|p1a: Magnezone|99\/100|[from] item: Leftovers\n|upkeep\n|turn|13\n|j| Acura RL\n|\n|t:|1659100166\n|move|p1a: Magnezone|Thunderbolt|p2a: Slowking\n|-damage|p2a: Slowking|44\/100\n|move|p2a: Slowking|Flamethrower|p1a: Magnezone\n|-supereffective|p1a: Magnezone\n|-damage|p1a: Magnezone|41\/100\n|\n|-heal|p1a: Magnezone|47\/100|[from] item: Leftovers\n|upkeep\n|turn|14\n|\n|t:|1659100173\n|switch|p1a: Araquanid|Araquanid, F|42\/100\n|move|p2a: Slowking|Flamethrower|p1a: Araquanid\n|-damage|p1a: Araquanid|31\/100\n|\n|upkeep\n|turn|15\n|j| Yahtze\n|\n|t:|1659100183\n|switch|p2a: Urshifu|Urshifu-Rapid-Strike, M|100\/100\n|-damage|p2a: Urshifu|94\/100|[from] Stealth Rock\n|-activate|p2a: Urshifu|move: Sticky Web\n|-unboost|p2a: Urshifu|spe|1\n|move|p1a: Araquanid|Liquidation|p2a: Urshifu\n|-resisted|p2a: Urshifu\n|-damage|p2a: Urshifu|62\/100\n|\n|upkeep\n|turn|16\n|n| LT91BB Sergi|testerigres\n|j| LT91BB Miyan\n|\n|t:|1659100199\n|switch|p1a: Magnezone|Magnezone|47\/100\n|-damage|p1a: Magnezone|41\/100|[from] Stealth Rock\n|-damage|p1a: Magnezone|16\/100|[from] Spikes\n|move|p2a: Urshifu|U-turn|p1a: Magnezone\n|-resisted|p1a: Magnezone\n|-damage|p1a: Magnezone|2\/100\n|j| amjad maria\n|l| LT91BB Miyan\n|j| LT91BB Ahsan\n|\n|t:|1659100217\n|switch|p2a: Tornadus|Tornadus-Therian, M|100\/100|[from]move: U-turn\n|\n|-heal|p1a: Magnezone|8\/100|[from] item: Leftovers\n|upkeep\n|turn|17\n|\n|t:|1659100220\n|move|p2a: Tornadus|Heat Wave|p1a: Magnezone|[miss]\n|-miss|p2a: Tornadus|p1a: Magnezone\n|move|p1a: Magnezone|Thunderbolt|p2a: Tornadus\n|-supereffective|p2a: Tornadus\n|-damage|p2a: Tornadus|17\/100\n|-status|p2a: Tornadus|par\n|\n|-heal|p1a: Magnezone|14\/100|[from] item: Leftovers\n|upkeep\n|turn|18\n|\n|t:|1659100226\n|switch|p2a: Landorus|Landorus-Therian, M|93\/100\n|-damage|p2a: Landorus|81\/100|[from] Stealth Rock\n|-ability|p2a: Landorus|Intimidate|boost\n|-unboost|p1a: Magnezone|atk|1\n|move|p1a: Magnezone|Thunderbolt|p2a: Landorus\n|-immune|p2a: Landorus\n|\n|-heal|p2a: Landorus|87\/100|[from] item: Leftovers\n|-heal|p1a: Magnezone|20\/100|[from] item: Leftovers\n|upkeep\n|turn|19\n|\n|t:|1659100231\n|switch|p1a: Landorus|Landorus-Therian, M|84\/100\n|-damage|p1a: Landorus|71\/100|[from] Stealth Rock\n|-ability|p1a: Landorus|Intimidate|boost\n|-unboost|p2a: Landorus|atk|1\n|move|p2a: Landorus|Earthquake|p1a: Landorus\n|-immune|p1a: Landorus\n|\n|-heal|p2a: Landorus|93\/100|[from] item: Leftovers\n|upkeep\n|turn|20\n|j| PandaDoux\u2665\u2661\u32db\u2605\u2729\n|\n|t:|1659100242\n|move|p2a: Landorus|Knock Off|p1a: Landorus\n|-damage|p1a: Landorus|59\/100\n|move|p1a: Landorus|U-turn|p2a: Landorus\n|-resisted|p2a: Landorus\n|-damage|p2a: Landorus|83\/100\n|j| LT91BB RUSSIAN GOD\n|inactive|Battle timer is ON: inactive players will automatically lose when time's up. (requested by lt91bb bj)\n|\n|t:|1659100249\n|switch|p1a: Clefable|Clefable, M|100\/100|[from]move: U-turn\n|\n|-heal|p2a: Landorus|89\/100|[from] item: Leftovers\n|upkeep\n|turn|21\n|l| LT91BB RUSSIAN GOD\n|j| crosschampion\n|l| monika simp 3000\n|j| Scavet\n|j| Accidere \u2601\n|\n|t:|1659100260\n|move|p2a: Landorus|Knock Off|p1a: Clefable\n|-resisted|p1a: Clefable\n|-damage|p1a: Clefable|93\/100\n|-enditem|p1a: Clefable|Leftovers|[from] move: Knock Off|[of] p2a: Landorus\n|move|p1a: Clefable|Teleport|p1a: Clefable\n|j| CallMePrimal\n|j| wanderbucuo\n|\n|t:|1659100265\n|switch|p1a: Araquanid|Araquanid, F|31\/100|[from]move: Teleport\n|\n|-heal|p2a: Landorus|95\/100|[from] item: Leftovers\n|upkeep\n|turn|22\n|l| wanderbucuo\n|\n|t:|1659100271\n|move|p2a: Landorus|Knock Off|p1a: Araquanid\n|-damage|p1a: Araquanid|7\/100\n|-enditem|p1a: Araquanid|Heavy-Duty Boots|[from] move: Knock Off|[of] p2a: Landorus\n|move|p1a: Araquanid|Liquidation|p2a: Landorus\n|-supereffective|p2a: Landorus\n|-damage|p2a: Landorus|0 fnt\n|faint|p2a: Landorus\n|\n|upkeep\n|l| Yahtze\n|c|\u2606lt91bb bj|im actually throwing\n|\n|t:|1659100291\n|switch|p2a: Weavile|Weavile, M|100\/100\n|-ability|p2a: Weavile|Pressure\n|turn|23\n|c|\u2606Juyen RP PLF|I was lucky with the para for themoment\n|l| CallMePrimal\n|\n|t:|1659100297\n|move|p2a: Weavile|Knock Off|p1a: Araquanid\n|-damage|p1a: Araquanid|0 fnt\n|faint|p1a: Araquanid\n|\n|upkeep\n|\n|t:|1659100301\n|switch|p1a: Clefable|Clefable, M|93\/100\n|turn|24\n|c|\u2606lt91bb bj|i had a lando tho, never had to risk that\n|c|\u2606Juyen RP PLF|yeah true also\n|\n|t:|1659100326\n|move|p2a: Weavile|Swords Dance|p2a: Weavile\n|-boost|p2a: Weavile|atk|2\n|move|p1a: Clefable|Moonblast|p2a: Weavile\n|-supereffective|p2a: Weavile\n|-damage|p2a: Weavile|21\/100\n|\n|upkeep\n|turn|25\n|l| Accidere \u2601\n|\n|t:|1659100337\n|move|p2a: Weavile|Triple Axel|p1a: Clefable\n|-damage|p1a: Clefable|76\/100\n|-damage|p1a: Clefable|42\/100\n|-damage|p1a: Clefable|0 fnt\n|faint|p1a: Clefable\n|-hitcount|p1: Clefable|3\n|\n|upkeep\n|j| seidou52\n|\n|t:|1659100344\n|switch|p1a: Landorus|Landorus-Therian, M|59\/100\n|-damage|p1a: Landorus|47\/100|[from] Stealth Rock\n|-ability|p1a: Landorus|Intimidate|boost\n|-unboost|p2a: Weavile|atk|1\n|turn|26\n|\n|t:|1659100350\n|switch|p1a: Magnezone|Magnezone|20\/100\n|-damage|p1a: Magnezone|14\/100|[from] Stealth Rock\n|-damage|p1a: Magnezone|0 fnt|[from] Spikes\n|faint|p1a: Magnezone\n|move|p2a: Weavile|Ice Shard|p1: Magnezone|[notarget]\n|-fail|p2a: Weavile\n|\n|upkeep\n|j| Bane of All Evil\n|\n|t:|1659100356\n|switch|p1a: Landorus|Landorus-Therian, M|47\/100\n|-damage|p1a: Landorus|35\/100|[from] Stealth Rock\n|-ability|p1a: Landorus|Intimidate|boost\n|-unboost|p2a: Weavile|atk|1\n|turn|27\n|\n|t:|1659100360\n|move|p2a: Weavile|Ice Shard|p1a: Landorus\n|-supereffective|p1a: Landorus\n|-damage|p1a: Landorus|0 fnt\n|faint|p1a: Landorus\n|\n|upkeep\n|\n|t:|1659100362\n|switch|p1a: Rillaboom|Rillaboom, M|100\/100\n|-damage|p1a: Rillaboom|88\/100|[from] Stealth Rock\n|-damage|p1a: Rillaboom|63\/100|[from] Spikes\n|-fieldstart|move: Grassy Terrain|[from] ability: Grassy Surge|[of] p1a: Rillaboom\n|turn|28\n|j| LT91BB PA\n|\n|t:|1659100379\n|switch|p2a: Urshifu|Urshifu-Rapid-Strike, M|62\/100\n|-damage|p2a: Urshifu|56\/100|[from] Stealth Rock\n|-activate|p2a: Urshifu|move: Sticky Web\n|-unboost|p2a: Urshifu|spe|1\n|move|p1a: Rillaboom|Grassy Glide|p2a: Urshifu\n|-supereffective|p2a: Urshifu\n|-damage|p2a: Urshifu|0 fnt\n|faint|p2a: Urshifu\n|\n|-heal|p1a: Rillaboom|69\/100|[from] Grassy Terrain\n|upkeep\n|\n|t:|1659100382\n|switch|p2a: Tornadus|Tornadus-Therian, M|51\/100 par\n|turn|29\n|j| MPEKAS\n|j| sdiubfgadfig\n|inactive|lt91bb bj has 120 seconds left.\n|\n|t:|1659100419\n|move|p1a: Rillaboom|Grassy Glide|p2a: Tornadus\n|-resisted|p2a: Tornadus\n|-damage|p2a: Tornadus|12\/100 par\n|move|p2a: Tornadus|Heat Wave|p1a: Rillaboom|[miss]\n|-miss|p2a: Tornadus|p1a: Rillaboom\n|\n|-heal|p1a: Rillaboom|76\/100|[from] Grassy Terrain\n|upkeep\n|turn|30\n|inactive|lt91bb bj has 120 seconds left.\n|l| sdiubfgadfig\n|j| egal\u2605vanc\n|\n|t:|1659100431\n|move|p1a: Rillaboom|Grassy Glide|p2a: Tornadus\n|-resisted|p2a: Tornadus\n|-damage|p2a: Tornadus|0 fnt\n|faint|p2a: Tornadus\n|\n|-heal|p1a: Rillaboom|82\/100|[from] Grassy Terrain\n|upkeep\n|\n|t:|1659100433\n|switch|p2a: Slowking|Slowking-Galar, M, shiny|77\/100\n|-damage|p2a: Slowking|65\/100|[from] Stealth Rock\n|-activate|p2a: Slowking|move: Sticky Web\n|-unboost|p2a: Slowking|spe|1\n|turn|31\n|j| Sea Dweller\n|\n|t:|1659100445\n|move|p1a: Rillaboom|Grassy Glide|p2a: Slowking\n|-resisted|p2a: Slowking\n|-crit|p2a: Slowking\n|-damage|p2a: Slowking|3\/100\n|move|p2a: Slowking|Sludge Bomb|p1a: Rillaboom\n|-supereffective|p1a: Rillaboom\n|-damage|p1a: Rillaboom|0 fnt\n|faint|p1a: Rillaboom\n|\n|-heal|p2a: Slowking|9\/100|[from] Grassy Terrain\n|upkeep\n|j| hol tha heatah\n|\n|t:|1659100448\n|switch|p1a: Tapu Lele|Tapu Lele|100\/100\n|-damage|p1a: Tapu Lele|88\/100|[from] Stealth Rock\n|-damage|p1a: Tapu Lele|63\/100|[from] Spikes\n|-fieldstart|move: Psychic Terrain|[from] ability: Psychic Surge|[of] p1a: Tapu Lele\n|turn|32\n|\n|t:|1659100451\n|move|p1a: Tapu Lele|Moonblast|p2a: Slowking\n|-resisted|p2a: Slowking\n|-damage|p2a: Slowking|0 fnt\n|faint|p2a: Slowking\n|\n|upkeep\n|\n|t:|1659100452\n|switch|p2a: Weavile|Weavile, M|21\/100\n|-ability|p2a: Weavile|Pressure\n|turn|33\n|\n|t:|1659100454\n|move|p2a: Weavile|Knock Off|p1a: Tapu Lele\n|-damage|p1a: Tapu Lele|0 fnt\n|-enditem|p1a: Tapu Lele|Choice Specs|[from] move: Knock Off|[of] p2a: Weavile\n|faint|p1a: Tapu Lele\n|\n|win|lt91bb bj\n|raw|Juyen RP PLF's rating: 1762 &rarr; <strong>1750<\/strong><br \/>(-12 for losing)\n|raw|lt91bb bj's rating: 1915 &rarr; <strong>1927<\/strong><br \/>(+12 for winning)\n|c|\u2606lt91bb bj|gg\n|c|\u2606Juyen RP PLF|gg !\n|l|\u2606lt91bb bj\n|l| Sea Dweller\n|l| hol tha heatah\n|l| LT91BB Ahsan\n|l|\u2606Juyen RP PLF\n","uploadtime":1659100460,"views":39,"p1id":"juyenrpplf","p2id":"lt91bbbj","formatid":"gen8ou","rating":1750,"private":0,"password":null}