{"id":"gen8ou-1579756287","p1":"tanishq1","p2":"HageverMelech","format":"gen8ou","log":"|j|\u2606tanishq1\n|j|\u2606HageverMelech\n|t:|1653148063\n|gametype|singles\n|player|p1|tanishq1|1|1714\n|player|p2|HageverMelech|cynthia|1651\n|teamsize|p1|6\n|teamsize|p2|6\n|gen|8\n|tier|[Gen 8] OU\n|rated|\n|rule|Sleep Clause Mod: Limit one foe put to sleep\n|rule|Species Clause: Limit one of each Pok\u00e9mon\n|rule|OHKO Clause: OHKO moves are banned\n|rule|Evasion Moves Clause: Evasion moves are banned\n|rule|Endless Battle Clause: Forcing endless battles is banned\n|rule|HP Percentage Mod: HP is shown in percentages\n|rule|Dynamax Clause: You cannot dynamax\n|clearpoke\n|poke|p1|Slowbro, F|\n|poke|p1|Pangoro, F|\n|poke|p1|Tapu Koko|\n|poke|p1|Landorus-Therian, M|\n|poke|p1|Heatran, M|\n|poke|p1|Melmetal|\n|poke|p2|Tyranitar, F|\n|poke|p2|Dragapult, M|\n|poke|p2|Ferrothorn, M|\n|poke|p2|Tapu Fini|\n|poke|p2|Landorus-Therian, M|\n|poke|p2|Corviknight, F|\n|teampreview\n|inactive|Battle timer is ON: inactive players will automatically lose when time's up. (requested by HageverMelech)\n|\n|t:|1653148078\n|start\n|switch|p1a: Joker|Pangoro, F, shiny|100\/100\n|switch|p2a: Marwa|Tapu Fini|100\/100\n|-fieldstart|move: Misty Terrain|[from] ability: Misty Surge|[of] p2a: Marwa\n|turn|1\n|j| Ifuckwithaditto\n|\n|t:|1653148083\n|switch|p1a: Inca|Slowbro, F|100\/100\n|move|p2a: Marwa|Whirlpool|p1a: Inca\n|-resisted|p1a: Inca\n|-damage|p1a: Inca|95\/100\n|-activate|p1a: Inca|move: Whirlpool|[of] p2a: Marwa\n|\n|-damage|p1a: Inca|82\/100|[from] move: Whirlpool|[partiallytrapped]\n|upkeep\n|turn|2\n|\n|t:|1653148088\n|move|p2a: Marwa|Taunt|p1a: Inca\n|-start|p1a: Inca|move: Taunt\n|move|p1a: Inca|Future Sight|p2a: Marwa\n|-start|p1a: Inca|move: Future Sight\n|\n|-damage|p1a: Inca|70\/100|[from] move: Whirlpool|[partiallytrapped]\n|upkeep\n|turn|3\n|\n|t:|1653148090\n|move|p2a: Marwa|Nature's Madness|p1a: Inca\n|-damage|p1a: Inca|35\/100\n|move|p1a: Inca|Body Press|p2a: Marwa\n|-resisted|p2a: Marwa\n|-damage|p2a: Marwa|90\/100\n|\n|-heal|p2a: Marwa|96\/100|[from] item: Leftovers\n|-damage|p1a: Inca|23\/100|[from] move: Whirlpool|[partiallytrapped]\n|upkeep\n|turn|4\n|\n|t:|1653148093\n|move|p2a: Marwa|Moonblast|p1a: Inca\n|-damage|p1a: Inca|0 fnt\n|faint|p1a: Inca\n|\n|-end|p2a: Marwa|move: Future Sight\n|-damage|p2a: Marwa|70\/100\n|-heal|p2a: Marwa|76\/100|[from] item: Leftovers\n|upkeep\n|\n|t:|1653148096\n|switch|p1a: Huamea|Tapu Koko|100\/100\n|-fieldstart|move: Electric Terrain|[from] ability: Electric Surge|[of] p1a: Huamea\n|turn|5\n|\n|t:|1653148100\n|switch|p2a: Nidaal|Ferrothorn, M|100\/100\n|move|p1a: Huamea|U-turn|p2a: Nidaal\n|-damage|p2a: Nidaal|91\/100\n|-damage|p1a: Huamea|88\/100|[from] ability: Iron Barbs|[of] p2a: Nidaal\n|-damage|p1a: Huamea|72\/100|[from] item: Rocky Helmet|[of] p2a: Nidaal\n|\n|t:|1653148104\n|switch|p1a: Joker|Pangoro, F, shiny|100\/100|[from]move: U-turn\n|\n|upkeep\n|turn|6\n|j| CatDaddy90\n|\n|t:|1653148107\n|move|p2a: Nidaal|Protect|p2a: Nidaal\n|-singleturn|p2a: Nidaal|Protect\n|move|p1a: Joker|Knock Off|p2a: Nidaal\n|-activate|p2a: Nidaal|move: Protect\n|\n|upkeep\n|turn|7\n|\n|t:|1653148110\n|move|p1a: Joker|Knock Off|p2a: Nidaal\n|-damage|p2a: Nidaal|50\/100\n|-damage|p1a: Joker|88\/100|[from] ability: Iron Barbs|[of] p2a: Nidaal\n|-damage|p1a: Joker|71\/100|[from] item: Rocky Helmet|[of] p2a: Nidaal\n|-enditem|p2a: Nidaal|Rocky Helmet|[from] move: Knock Off|[of] p1a: Joker\n|move|p2a: Nidaal|Body Press|p1a: Joker\n|-supereffective|p1a: Joker\n|-damage|p1a: Joker|0 fnt\n|faint|p1a: Joker\n|\n|upkeep\n|\n|t:|1653148112\n|switch|p1a: Huamea|Tapu Koko|72\/100\n|turn|8\n|\n|t:|1653148114\n|move|p2a: Nidaal|Protect|p2a: Nidaal\n|-singleturn|p2a: Nidaal|Protect\n|move|p1a: Huamea|Thunderbolt|p2a: Nidaal\n|-activate|p2a: Nidaal|move: Protect\n|\n|upkeep\n|turn|9\n|\n|t:|1653148116\n|move|p1a: Huamea|Thunderbolt|p2a: Nidaal\n|-resisted|p2a: Nidaal\n|-damage|p2a: Nidaal|30\/100\n|move|p2a: Nidaal|Leech Seed|p1a: Huamea\n|-start|p1a: Huamea|move: Leech Seed\n|\n|-damage|p1a: Huamea|59\/100|[from] Leech Seed|[of] p2a: Nidaal\n|-heal|p2a: Nidaal|40\/100|[silent]\n|-fieldend|move: Electric Terrain\n|upkeep\n|turn|10\n|\n|t:|1653148120\n|switch|p1a: Charon|Heatran, M|100\/100\n|-item|p1a: Charon|Air Balloon\n|move|p2a: Nidaal|Leech Seed|p1a: Charon\n|-start|p1a: Charon|move: Leech Seed\n|\n|-damage|p1a: Charon|88\/100|[from] Leech Seed|[of] p2a: Nidaal\n|-heal|p2a: Nidaal|51\/100|[silent]\n|upkeep\n|turn|11\n|\n|t:|1653148122\n|move|p2a: Nidaal|Protect|p2a: Nidaal\n|-singleturn|p2a: Nidaal|Protect\n|move|p1a: Charon|Stealth Rock|p2a: Nidaal\n|-sidestart|p2: HageverMelech|move: Stealth Rock\n|\n|-damage|p1a: Charon|76\/100|[from] Leech Seed|[of] p2a: Nidaal\n|-heal|p2a: Nidaal|63\/100|[silent]\n|upkeep\n|turn|12\n|\n|t:|1653148125\n|switch|p1a: Huamea|Tapu Koko|59\/100\n|-fieldstart|move: Electric Terrain|[from] ability: Electric Surge|[of] p1a: Huamea\n|move|p2a: Nidaal|Body Press|p1a: Huamea\n|-resisted|p1a: Huamea\n|-damage|p1a: Huamea|38\/100\n|\n|upkeep\n|turn|13\n|\n|t:|1653148128\n|move|p1a: Huamea|U-turn|p2a: Nidaal\n|-damage|p2a: Nidaal|53\/100\n|-damage|p1a: Huamea|26\/100|[from] ability: Iron Barbs|[of] p2a: Nidaal\n|\n|t:|1653148130\n|switch|p1a: Burns|Landorus-Therian, M|100\/100|[from]move: U-turn\n|-ability|p1a: Burns|Intimidate|boost\n|-unboost|p2a: Nidaal|atk|1\n|move|p2a: Nidaal|Leech Seed|p1a: Burns\n|-start|p1a: Burns|move: Leech Seed\n|\n|-damage|p1a: Burns|88\/100|[from] Leech Seed|[of] p2a: Nidaal\n|-heal|p2a: Nidaal|66\/100|[silent]\n|upkeep\n|turn|14\n|\n|t:|1653148133\n|switch|p1a: Charon|Heatran, M|76\/100\n|-item|p1a: Charon|Air Balloon\n|move|p2a: Nidaal|Body Press|p1a: Charon\n|-supereffective|p1a: Charon\n|-damage|p1a: Charon|12\/100\n|-enditem|p1a: Charon|Air Balloon\n|\n|upkeep\n|turn|15\n|c|\u2606HageverMelech|ferro is a strong pokemon\n|\n|t:|1653148152\n|move|p2a: Nidaal|Protect|p2a: Nidaal\n|-singleturn|p2a: Nidaal|Protect\n|move|p1a: Charon|Flash Cannon|p2a: Nidaal\n|-activate|p2a: Nidaal|move: Protect\n|\n|upkeep\n|turn|16\n|\n|t:|1653148155\n|switch|p2a: Marwa|Tapu Fini|76\/100\n|-damage|p2a: Marwa|64\/100|[from] Stealth Rock\n|-fieldstart|move: Misty Terrain|[from] ability: Misty Surge|[of] p2a: Marwa\n|move|p1a: Charon|Magma Storm|p2a: Marwa|[miss]\n|-miss|p1a: Charon|p2a: Marwa\n|\n|-heal|p2a: Marwa|70\/100|[from] item: Leftovers\n|upkeep\n|turn|17\n|\n|t:|1653148159\n|move|p1a: Charon|Magma Storm|p2a: Marwa\n|-resisted|p2a: Marwa\n|-damage|p2a: Marwa|52\/100\n|-activate|p2a: Marwa|move: Magma Storm|[of] p1a: Charon\n|move|p2a: Marwa|Whirlpool|p1a: Charon\n|-supereffective|p1a: Charon\n|-damage|p1a: Charon|0 fnt\n|faint|p1a: Charon\n|\n|-heal|p2a: Marwa|58\/100|[from] item: Leftovers\n|-end|p2a: Marwa|Magma Storm|[partiallytrapped]|[silent]\n|upkeep\n|-message|tanishq1 forfeited.\n|\n|win|HageverMelech\n|raw|tanishq1's rating: 1714 &rarr; <strong>1690<\/strong><br \/>(-24 for losing)\n|raw|HageverMelech's rating: 1651 &rarr; <strong>1675<\/strong><br \/>(+24 for winning)\n|l|\u2606tanishq1\n|l| Ifuckwithaditto\n||Ladder isn't responding, score probably updated but might not have (Request timeout).\n","uploadtime":1653148180,"views":62,"p1id":"tanishq1","p2id":"hagevermelech","formatid":"gen8ou","rating":1675,"private":0,"password":null}