{"id":"gen8ou-1663258443","p1":"Forwards","p2":"ninjadouche","format":"gen8ou","log":"|j|\u2606Forwards\n|j|\u2606ninjadouche\n|t:|1663080092\n|gametype|singles\n|player|p1|Forwards|rollerskater|1505\n|player|p2|ninjadouche|burglar|1469\n|teamsize|p1|6\n|teamsize|p2|6\n|gen|8\n|tier|[Gen 8] OU\n|rated|\n|rule|Sleep Clause Mod: Limit one foe put to sleep\n|rule|Species Clause: Limit one of each Pok\u00e9mon\n|rule|OHKO Clause: OHKO moves are banned\n|rule|Evasion Items Clause: Evasion items are banned\n|rule|Evasion Moves Clause: Evasion moves are banned\n|rule|Endless Battle Clause: Forcing endless battles is banned\n|rule|HP Percentage Mod: HP is shown in percentages\n|rule|Dynamax Clause: You cannot dynamax\n|clearpoke\n|poke|p1|Diggersby, F|\n|poke|p1|Magnezone|\n|poke|p1|Kartana|\n|poke|p1|Landorus-Therian, M|\n|poke|p1|Slowbro, F|\n|poke|p1|Ferrothorn, M|\n|poke|p2|Marowak-Alola, F|\n|poke|p2|Ninetales, F|\n|poke|p2|Rotom-Wash|\n|poke|p2|Snorlax, F|\n|poke|p2|Shiftry, M|\n|poke|p2|Aggron, F|\n|teampreview\n|\n|t:|1663080103\n|start\n|switch|p1a: Landorus|Landorus-Therian, M|100\/100\n|switch|p2a: Ninetales|Ninetales, F, shiny|100\/100\n|-weather|SunnyDay|[from] ability: Drought|[of] p2a: Ninetales\n|-ability|p1a: Landorus|Intimidate|boost\n|-unboost|p2a: Ninetales|atk|1\n|turn|1\n|\n|t:|1663080114\n|move|p2a: Ninetales|Overheat|p1a: Landorus\n|-crit|p1a: Landorus\n|-damage|p1a: Landorus|0 fnt\n|-unboost|p2a: Ninetales|spa|2\n|faint|p1a: Landorus\n|\n|-weather|SunnyDay|[upkeep]\n|upkeep\n|inactive|Battle timer is ON: inactive players will automatically lose when time's up. (requested by ninjadouche)\n|\n|t:|1663080125\n|switch|p1a: Slowbro|Slowbro, F|100\/100\n|turn|2\n|c|\u2606ninjadouche|lucky crit\n|c|\u2606ninjadouche|mb\n|c|\u2606Forwards|hehe\n|\n|t:|1663080135\n|switch|p2a: Marowak|Marowak-Alola, F|100\/100\n|move|p1a: Slowbro|Teleport|p1a: Slowbro\n|\n|t:|1663080137\n|switch|p1a: Diggersby|Diggersby, F, shiny|100\/100|[from]move: Teleport\n|\n|-weather|SunnyDay|[upkeep]\n|upkeep\n|turn|3\n|\n|t:|1663080142\n|switch|p2a: Rotom|Rotom-Wash|100\/100\n|move|p1a: Diggersby|Agility|p1a: Diggersby\n|-boost|p1a: Diggersby|spe|2\n|\n|-weather|SunnyDay|[upkeep]\n|upkeep\n|turn|4\n|\n|t:|1663080145\n|move|p1a: Diggersby|Last Resort|p2a: Rotom\n|-damage|p2a: Rotom|33\/100\n|move|p2a: Rotom|Will-O-Wisp|p1a: Diggersby\n|-status|p1a: Diggersby|brn\n|\n|-weather|SunnyDay|[upkeep]\n|-heal|p2a: Rotom|39\/100|[from] item: Leftovers\n|-damage|p1a: Diggersby|94\/100 brn|[from] brn\n|upkeep\n|turn|5\n|\n|t:|1663080158\n|switch|p2a: Marowak|Marowak-Alola, F|100\/100\n|move|p1a: Diggersby|Last Resort|p2a: Marowak\n|-immune|p2a: Marowak\n|\n|-weather|none\n|-damage|p1a: Diggersby|88\/100 brn|[from] brn\n|upkeep\n|turn|6\n|\n|t:|1663080162\n|move|p1a: Diggersby|Agility|p1a: Diggersby\n|-boost|p1a: Diggersby|spe|2\n|move|p2a: Marowak|Substitute|p2a: Marowak\n|-start|p2a: Marowak|Substitute\n|-damage|p2a: Marowak|76\/100\n|\n|-damage|p1a: Diggersby|82\/100 brn|[from] brn\n|upkeep\n|turn|7\n|\n|t:|1663080166\n|-singleturn|p2a: Marowak|move: Focus Punch\n|move|p1a: Diggersby|Agility|p1a: Diggersby\n|-boost|p1a: Diggersby|spe|2\n|move|p2a: Marowak|Focus Punch|p1a: Diggersby\n|-supereffective|p1a: Diggersby\n|-damage|p1a: Diggersby|0 fnt\n|faint|p1a: Diggersby\n|\n|upkeep\n|\n|t:|1663080170\n|switch|p1a: Magnezone|Magnezone|100\/100\n|turn|8\n|\n|t:|1663080182\n|-singleturn|p2a: Marowak|move: Focus Punch\n|move|p1a: Magnezone|Thunderbolt|p2a: Marowak\n|-ability|p2a: Marowak|Lightning Rod|boost\n|-boost|p2a: Marowak|spa|1\n|move|p2a: Marowak|Focus Punch|p1a: Magnezone\n|-supereffective|p1a: Magnezone\n|-damage|p1a: Magnezone|0 fnt\n|faint|p1a: Magnezone\n|\n|upkeep\n|\n|t:|1663080187\n|switch|p1a: Slowbro|Slowbro, F|100\/100\n|turn|9\n|\n|t:|1663080194\n|move|p2a: Marowak|Poltergeist|p1a: Slowbro\n|-activate|p1a: Slowbro|move: Poltergeist|Colbur Berry\n|-supereffective|p1a: Slowbro\n|-damage|p1a: Slowbro|0 fnt\n|faint|p1a: Slowbro\n|\n|upkeep\n|-message|Forwards forfeited.\n|\n|win|ninjadouche\n|raw|Forwards's rating: 1505 &rarr; <strong>1483<\/strong><br \/>(-22 for losing)\n|raw|ninjadouche's rating: 1469 &rarr; <strong>1491<\/strong><br \/>(+22 for winning)\n|l|\u2606Forwards\n||Ladder isn't responding, score probably updated but might not have (Request timeout).\n","uploadtime":1663080220,"views":30,"p1id":"forwards","p2id":"ninjadouche","formatid":"gen8ou","rating":1483,"private":0,"password":null}