{"id":"gen8ou-1221686318","p1":"ThedebatableReaper","p2":"idiorithmos","format":"gen8ou","log":"|j|\u2606ThedebatableReaper\n|j|\u2606idiorithmos\n|t:|1605134447\n|player|p1|ThedebatableReaper|steven|1763\n|player|p2|idiorithmos|101|1722\n|teamsize|p1|6\n|teamsize|p2|6\n|gametype|singles\n|gen|8\n|tier|[Gen 8] OU\n|rated|\n|clearpoke\n|poke|p1|Latios, M|\n|poke|p1|Urshifu-*, M|\n|poke|p1|Heatran, M|\n|poke|p1|Tapu Fini|\n|poke|p1|Zapdos-Galar|\n|poke|p1|Nidoking, M|\n|poke|p2|Pheromosa|\n|poke|p2|Ferrothorn, F|\n|poke|p2|Zygarde|\n|poke|p2|Zapdos|\n|poke|p2|Spectrier|\n|poke|p2|Urshifu-*, F|\n|rule|Sleep Clause Mod: Limit one foe put to sleep\n|rule|Species Clause: Limit one of each Pok\u00e9mon\n|rule|OHKO Clause: OHKO moves are banned\n|rule|Evasion Moves Clause: Evasion moves are banned\n|rule|Endless Battle Clause: Forcing endless battles is banned\n|rule|HP Percentage Mod: HP is shown in percentages\n|rule|Dynamax Clause: You cannot dynamax\n|teampreview\n|j| Karavis\n|inactive|Battle timer is ON: inactive players will automatically lose when time's up. (requested by idiorithmos)\n|\n|t:|1605134464\n|start\n|switch|p1a: Nidoking|Nidoking, M|100\/100\n|switch|p2a: Pheromosa|Pheromosa|100\/100\n|turn|1\n|\n|t:|1605134469\n|switch|p1a: Tapu Fini|Tapu Fini, shiny|100\/100\n|-fieldstart|move: Misty Terrain|[from] ability: Misty Surge|[of] p1a: Tapu Fini\n|move|p2a: Pheromosa|U-turn|p1a: Tapu Fini\n|-resisted|p1a: Tapu Fini\n|-damage|p1a: Tapu Fini|86\/100\n|\n|t:|1605134475\n|switch|p2a: Ferrothorn|Ferrothorn, F|100\/100|[from]move: U-turn\n|\n|-heal|p1a: Tapu Fini|92\/100|[from] item: Leftovers\n|upkeep\n|turn|2\n|j| erhfbeufbherhfb\n|\n|t:|1605134480\n|switch|p1a: Urshifu|Urshifu, M|100\/100\n|move|p2a: Ferrothorn|Stealth Rock|p1a: Urshifu\n|-sidestart|p1: ThedebatableReaper|move: Stealth Rock\n|\n|upkeep\n|turn|3\n|\n|t:|1605134487\n|switch|p2a: Zapdos|Zapdos|100\/100\n|move|p1a: Urshifu|Wicked Blow|p2a: Zapdos\n|-crit|p2a: Zapdos\n|-damage|p2a: Zapdos|39\/100\n|-damage|p1a: Urshifu|91\/100|[from] item: Life Orb\n|\n|upkeep\n|turn|4\n|j| C4T N0IR 2\n|j| JoeLaBringue\n|\n|t:|1605134508\n|move|p1a: Urshifu|Wicked Blow|p2a: Zapdos\n|-crit|p2a: Zapdos\n|-damage|p2a: Zapdos|0 fnt\n|-damage|p1a: Urshifu|81\/100|[from] item: Life Orb\n|faint|p2a: Zapdos\n|\n|upkeep\n|\n|t:|1605134512\n|switch|p2a: Pheromosa|Pheromosa|100\/100\n|turn|5\n|l| JoeLaBringue\n|\n|t:|1605134518\n|switch|p1a: Tapu Fini|Tapu Fini, shiny|92\/100\n|-damage|p1a: Tapu Fini|80\/100|[from] Stealth Rock\n|move|p2a: Pheromosa|U-turn|p1a: Tapu Fini\n|-resisted|p1a: Tapu Fini\n|-damage|p1a: Tapu Fini|66\/100\n|\n|t:|1605134523\n|switch|p2a: Ferrothorn|Ferrothorn, F|100\/100|[from]move: U-turn\n|\n|-heal|p1a: Tapu Fini|72\/100|[from] item: Leftovers\n|-fieldend|Misty Terrain\n|upkeep\n|turn|6\n|\n|t:|1605134529\n|move|p1a: Tapu Fini|Defog|p2a: Ferrothorn\n|-unboost|p2a: Ferrothorn|evasion|1\n|-sideend|p1: ThedebatableReaper|Stealth Rock|[from] move: Defog|[of] p1a: Tapu Fini\n|move|p2a: Ferrothorn|Leech Seed|p1a: Tapu Fini\n|-start|p1a: Tapu Fini|move: Leech Seed\n|\n|-heal|p1a: Tapu Fini|78\/100|[from] item: Leftovers\n|-damage|p1a: Tapu Fini|66\/100|[from] Leech Seed|[of] p2a: Ferrothorn\n|upkeep\n|turn|7\n|\n|t:|1605134537\n|switch|p1a: Urshifu|Urshifu, M|81\/100\n|move|p2a: Ferrothorn|Leech Seed|p1a: Urshifu\n|-start|p1a: Urshifu|move: Leech Seed\n|\n|-damage|p1a: Urshifu|68\/100|[from] Leech Seed|[of] p2a: Ferrothorn\n|upkeep\n|turn|8\n|j| I'M AT MY LIMIT!\n|\n|t:|1605134552\n|switch|p1a: Heatran|Heatran, M|100\/100\n|move|p2a: Ferrothorn|Stealth Rock|p1a: Heatran\n|-sidestart|p1: ThedebatableReaper|move: Stealth Rock\n|\n|upkeep\n|turn|9\n|\n|t:|1605134557\n|switch|p2a: Zygarde|Zygarde|100\/100\n|-ability|p2a: Zygarde|Aura Break\n|move|p1a: Heatran|Stealth Rock|p2a: Zygarde\n|-sidestart|p2: idiorithmos|move: Stealth Rock\n|\n|upkeep\n|turn|10\n|\n|t:|1605134565\n|switch|p1a: Tapu Fini|Tapu Fini, shiny|66\/100\n|-damage|p1a: Tapu Fini|53\/100|[from] Stealth Rock\n|-fieldstart|move: Misty Terrain|[from] ability: Misty Surge|[of] p1a: Tapu Fini\n|move|p2a: Zygarde|Thousand Arrows|p1a: Tapu Fini\n|-damage|p1a: Tapu Fini|27\/100\n|\n|-heal|p1a: Tapu Fini|33\/100|[from] item: Leftovers\n|upkeep\n|turn|11\n|\n|t:|1605134578\n|switch|p2a: Ferrothorn|Ferrothorn, F|100\/100\n|-damage|p2a: Ferrothorn|94\/100|[from] Stealth Rock\n|switch|p1a: Urshifu|Urshifu, M|68\/100\n|-damage|p1a: Urshifu|62\/100|[from] Stealth Rock\n|\n|-heal|p2a: Ferrothorn|100\/100|[from] item: Leftovers\n|upkeep\n|turn|12\n|l| I'M AT MY LIMIT!\n|\n|t:|1605134587\n|switch|p2a: Zygarde|Zygarde|100\/100\n|-damage|p2a: Zygarde|94\/100|[from] Stealth Rock\n|-ability|p2a: Zygarde|Aura Break\n|move|p1a: Urshifu|Close Combat|p2a: Zygarde\n|-damage|p2a: Zygarde|36\/100\n|-unboost|p1a: Urshifu|def|1\n|-unboost|p1a: Urshifu|spd|1\n|-damage|p1a: Urshifu|52\/100|[from] item: Life Orb\n|\n|-heal|p2a: Zygarde|42\/100|[from] item: Leftovers\n|upkeep\n|turn|13\n|\n|t:|1605134599\n|move|p1a: Urshifu|Wicked Blow|p2a: Zygarde\n|-crit|p2a: Zygarde\n|-damage|p2a: Zygarde|0 fnt\n|-damage|p1a: Urshifu|42\/100|[from] item: Life Orb\n|faint|p2a: Zygarde\n|\n|upkeep\n|\n|t:|1605134605\n|switch|p2a: Pheromosa|Pheromosa|100\/100\n|-damage|p2a: Pheromosa|88\/100|[from] Stealth Rock\n|turn|14\n|\n|t:|1605134614\n|switch|p1a: Tapu Fini|Tapu Fini, shiny|33\/100\n|-damage|p1a: Tapu Fini|20\/100|[from] Stealth Rock\n|move|p2a: Pheromosa|U-turn|p1a: Tapu Fini\n|-resisted|p1a: Tapu Fini\n|-damage|p1a: Tapu Fini|6\/100\n|\n|t:|1605134620\n|switch|p2a: Spectrier|Spectrier|100\/100|[from]move: U-turn\n|-damage|p2a: Spectrier|88\/100|[from] Stealth Rock\n|\n|-heal|p1a: Tapu Fini|12\/100|[from] item: Leftovers\n|-fieldend|Misty Terrain\n|upkeep\n|turn|15\n|j| Zrnv\n|\n|t:|1605134627\n|move|p2a: Spectrier|Shadow Ball|p1a: Tapu Fini\n|-damage|p1a: Tapu Fini|0 fnt\n|faint|p1a: Tapu Fini\n|-ability|p2a: Spectrier|Grim Neigh|boost\n|-boost|p2a: Spectrier|spa|1\n|\n|upkeep\n|\n|t:|1605134633\n|switch|p1a: Urshifu|Urshifu, M|42\/100\n|-damage|p1a: Urshifu|36\/100|[from] Stealth Rock\n|turn|16\n|\n|t:|1605134637\n|switch|p2a: Urshifu|Urshifu, F|100\/100\n|-damage|p2a: Urshifu|94\/100|[from] Stealth Rock\n|move|p1a: Urshifu|Sucker Punch||[still]\n|-fail|p1a: Urshifu\n|\n|upkeep\n|turn|17\n|\n|t:|1605134643\n|switch|p1a: Zapdos|Zapdos-Galar|100\/100\n|-damage|p1a: Zapdos|88\/100|[from] Stealth Rock\n|move|p2a: Urshifu|Close Combat|p1a: Zapdos\n|-resisted|p1a: Zapdos\n|-damage|p1a: Zapdos|49\/100\n|-unboost|p2a: Urshifu|def|1\n|-unboost|p2a: Urshifu|spd|1\n|\n|upkeep\n|turn|18\n|l| Zrnv\n|\n|t:|1605134661\n|move|p1a: Zapdos|Close Combat|p2a: Urshifu\n|-supereffective|p2a: Urshifu\n|-damage|p2a: Urshifu|0 fnt\n|-unboost|p1a: Zapdos|def|1\n|-unboost|p1a: Zapdos|spd|1\n|faint|p2a: Urshifu\n|\n|upkeep\n|\n|t:|1605134675\n|switch|p2a: Spectrier|Spectrier|88\/100\n|-damage|p2a: Spectrier|76\/100|[from] Stealth Rock\n|turn|19\n|\n|t:|1605134689\n|switch|p1a: Nidoking|Nidoking, M|100\/100\n|-damage|p1a: Nidoking|95\/100|[from] Stealth Rock\n|move|p2a: Spectrier|Shadow Ball|p1a: Nidoking\n|-damage|p1a: Nidoking|29\/100\n|\n|upkeep\n|turn|20\n|\n|t:|1605134700\n|move|p2a: Spectrier|Shadow Ball|p1a: Nidoking\n|-damage|p1a: Nidoking|0 fnt\n|faint|p1a: Nidoking\n|-ability|p2a: Spectrier|Grim Neigh|boost\n|-boost|p2a: Spectrier|spa|1\n|\n|upkeep\n|inactive|ThedebatableReaper has 120 seconds left.\n|\n|t:|1605134741\n|switch|p1a: Urshifu|Urshifu, M|36\/100\n|-damage|p1a: Urshifu|30\/100|[from] Stealth Rock\n|turn|21\n|\n|t:|1605134746\n|switch|p2a: Ferrothorn|Ferrothorn, F|100\/100\n|-damage|p2a: Ferrothorn|94\/100|[from] Stealth Rock\n|move|p1a: Urshifu|Sucker Punch||[still]\n|-fail|p1a: Urshifu\n|\n|-heal|p2a: Ferrothorn|100\/100|[from] item: Leftovers\n|upkeep\n|turn|22\n|\n|t:|1605134757\n|switch|p1a: Latios|Latios, M|100\/100\n|-damage|p1a: Latios|88\/100|[from] Stealth Rock\n|move|p2a: Ferrothorn|Leech Seed|p1a: Latios\n|-start|p1a: Latios|move: Leech Seed\n|\n|-damage|p1a: Latios|76\/100|[from] Leech Seed|[of] p2a: Ferrothorn\n|upkeep\n|turn|23\n|inactive|ThedebatableReaper has 120 seconds left.\n|\n|t:|1605134765\n|move|p1a: Latios|Mystical Fire|p2a: Ferrothorn\n|-supereffective|p2a: Ferrothorn\n|-crit|p2a: Ferrothorn\n|-damage|p2a: Ferrothorn|0 fnt\n|faint|p2a: Ferrothorn\n|\n|upkeep\n|\n|t:|1605134770\n|switch|p2a: Spectrier|Spectrier|76\/100\n|-damage|p2a: Spectrier|64\/100|[from] Stealth Rock\n|turn|24\n|\n|t:|1605134775\n|move|p2a: Spectrier|Shadow Ball|p1a: Latios\n|-supereffective|p1a: Latios\n|-damage|p1a: Latios|0 fnt\n|faint|p1a: Latios\n|-ability|p2a: Spectrier|Grim Neigh|boost\n|-boost|p2a: Spectrier|spa|1\n|\n|upkeep\n|\n|t:|1605134781\n|switch|p1a: Urshifu|Urshifu, M|30\/100\n|-damage|p1a: Urshifu|24\/100|[from] Stealth Rock\n|turn|25\n|\n|t:|1605134785\n|switch|p2a: Pheromosa|Pheromosa|88\/100\n|-damage|p2a: Pheromosa|76\/100|[from] Stealth Rock\n|move|p1a: Urshifu|Sucker Punch||[still]\n|-fail|p1a: Urshifu\n|\n|upkeep\n|turn|26\n|\n|t:|1605134796\n|switch|p1a: Zapdos|Zapdos-Galar|49\/100\n|-damage|p1a: Zapdos|36\/100|[from] Stealth Rock\n|move|p2a: Pheromosa|U-turn|p1a: Zapdos\n|-resisted|p1a: Zapdos\n|-damage|p1a: Zapdos|25\/100\n|\n|t:|1605134799\n|switch|p2a: Spectrier|Spectrier|64\/100|[from]move: U-turn\n|-damage|p2a: Spectrier|51\/100|[from] Stealth Rock\n|\n|upkeep\n|turn|27\n|inactive|ThedebatableReaper has 120 seconds left.\n|\n|t:|1605134835\n|move|p2a: Spectrier|Shadow Ball|p1a: Zapdos\n|-damage|p1a: Zapdos|0 fnt\n|faint|p1a: Zapdos\n|-ability|p2a: Spectrier|Grim Neigh|boost\n|-boost|p2a: Spectrier|spa|1\n|\n|upkeep\n|\n|t:|1605134841\n|switch|p1a: Urshifu|Urshifu, M|24\/100\n|-damage|p1a: Urshifu|18\/100|[from] Stealth Rock\n|turn|28\n|\n|t:|1605134854\n|move|p1a: Urshifu|Sucker Punch|p2a: Spectrier\n|-supereffective|p2a: Spectrier\n|-damage|p2a: Spectrier|0 fnt\n|-damage|p1a: Urshifu|8\/100|[from] item: Life Orb\n|faint|p2a: Spectrier\n|\n|upkeep\n|\n|t:|1605134856\n|switch|p2a: Pheromosa|Pheromosa|76\/100\n|-damage|p2a: Pheromosa|63\/100|[from] Stealth Rock\n|turn|29\n|\n|t:|1605134863\n|switch|p1a: Heatran|Heatran, M|100\/100\n|-damage|p1a: Heatran|88\/100|[from] Stealth Rock\n|move|p2a: Pheromosa|Close Combat|p1a: Heatran\n|-supereffective|p1a: Heatran\n|-damage|p1a: Heatran|0 fnt\n|-unboost|p2a: Pheromosa|def|1\n|-unboost|p2a: Pheromosa|spd|1\n|faint|p1a: Heatran\n|-ability|p2a: Pheromosa|Beast Boost|boost\n|-boost|p2a: Pheromosa|atk|1\n|\n|upkeep\n|\n|t:|1605134873\n|switch|p1a: Urshifu|Urshifu, M|8\/100\n|-damage|p1a: Urshifu|1\/100|[from] Stealth Rock\n|turn|30\n|\n|t:|1605134877\n|move|p1a: Urshifu|Sucker Punch|p2a: Pheromosa\n|-resisted|p2a: Pheromosa\n|-damage|p2a: Pheromosa|0 fnt\n|-damage|p1a: Urshifu|0 fnt|[from] item: Life Orb\n|faint|p2a: Pheromosa\n|faint|p1a: Urshifu\n|\n|win|ThedebatableReaper\n|c|\u2606ThedebatableReaper|gg\n|l| C4T N0IR 2\n|c|\u2606idiorithmos|gg\n|l| Karavis\n||Ladder (probably) updated, but score could not be retrieved (Request timeout).\n","uploadtime":1605134948,"views":39,"p1id":"thedebatablereaper","p2id":"idiorithmos","formatid":"gen8ou","rating":0,"private":0,"password":null}