{"id":"gen8ou-1554695181","p1":"FENDINI","p2":"Trois_ailes","format":"gen8ou","log":"|j|\u2606FENDINI\n|j|\u2606Trois_ailes\n|t:|1650119738\n|gametype|singles\n|player|p1|FENDINI|n|1757\n|player|p2|Trois_ailes|crasherwake|1714\n|teamsize|p1|6\n|teamsize|p2|6\n|gen|8\n|tier|[Gen 8] OU\n|rated|\n|rule|Sleep Clause Mod: Limit one foe put to sleep\n|rule|Species Clause: Limit one of each Pok\u00e9mon\n|rule|OHKO Clause: OHKO moves are banned\n|rule|Evasion Moves Clause: Evasion moves are banned\n|rule|Endless Battle Clause: Forcing endless battles is banned\n|rule|HP Percentage Mod: HP is shown in percentages\n|rule|Dynamax Clause: You cannot dynamax\n|clearpoke\n|poke|p1|Weavile, M|\n|poke|p1|Garchomp, M|\n|poke|p1|Tornadus-Therian, M|\n|poke|p1|Clefable, F|\n|poke|p1|Rotom-Wash|\n|poke|p1|Ferrothorn, M|\n|poke|p2|Bisharp, M|\n|poke|p2|Mew|\n|poke|p2|Garchomp, F|\n|poke|p2|Zapdos-Galar|\n|poke|p2|Dragapult, M|\n|poke|p2|Rillaboom, M|\n|teampreview\n|inactive|Battle timer is ON: inactive players will automatically lose when time's up. (requested by Trois_ailes)\n|inactive|FENDINI also wants the timer to be on.\n|j| laprrah\n|\n|t:|1650119749\n|start\n|switch|p1a: Weavile|Weavile, M|100\/100\n|switch|p2a: Zapdos|Zapdos-Galar|100\/100\n|-ability|p1a: Weavile|Pressure\n|turn|1\n|j| ppev\n|\n|t:|1650119753\n|move|p2a: Zapdos|Thunderous Kick|p1a: Weavile\n|-supereffective|p1a: Weavile\n|-damage|p1a: Weavile|0 fnt\n|faint|p1a: Weavile\n|\n|upkeep\n|j| GarenplaysPokemon\n|\n|t:|1650119761\n|switch|p1a: Clefable|Clefable, F|100\/100\n|turn|2\n|\n|t:|1650119765\n|switch|p2a: Mew|Mew|100\/100\n|move|p1a: Clefable|Calm Mind|p1a: Clefable\n|-boost|p1a: Clefable|spa|1\n|-boost|p1a: Clefable|spd|1\n|\n|upkeep\n|turn|3\n|\n|t:|1650119769\n|move|p2a: Mew|Taunt|p1a: Clefable\n|-start|p1a: Clefable|move: Taunt\n|move|p1a: Clefable|Moonblast|p2a: Mew\n|-damage|p2a: Mew|41\/100\n|\n|upkeep\n|turn|4\n|j| 0SiegeWarfare\n|\n|t:|1650119772\n|move|p2a: Mew|Stealth Rock|p1a: Clefable\n|-sidestart|p1: FENDINI|move: Stealth Rock\n|move|p1a: Clefable|Moonblast|p2a: Mew\n|-damage|p2a: Mew|0 fnt\n|faint|p2a: Mew\n|\n|upkeep\n|\n|t:|1650119774\n|switch|p2a: Bisharp|Bisharp, M|100\/100\n|turn|5\n|\n|t:|1650119778\n|switch|p1a: Ferrothorn|Ferrothorn, M|100\/100\n|-damage|p1a: Ferrothorn|95\/100|[from] Stealth Rock\n|move|p2a: Bisharp|Knock Off|p1a: Ferrothorn\n|-damage|p1a: Ferrothorn|57\/100\n|-damage|p2a: Bisharp|88\/100|[from] ability: Iron Barbs|[of] p1a: Ferrothorn\n|-enditem|p1a: Ferrothorn|Leftovers|[from] move: Knock Off|[of] p2a: Bisharp\n|\n|upkeep\n|turn|6\n|\n|t:|1650119786\n|switch|p2a: Zapdos|Zapdos-Galar|100\/100\n|move|p1a: Ferrothorn|Knock Off|p2a: Zapdos\n|-resisted|p2a: Zapdos\n|-damage|p2a: Zapdos|88\/100\n|-enditem|p2a: Zapdos|Choice Scarf|[from] move: Knock Off|[of] p1a: Ferrothorn\n|\n|upkeep\n|turn|7\n|\n|t:|1650119790\n|switch|p1a: Tornadus|Tornadus-Therian, M|100\/100\n|move|p2a: Zapdos|Close Combat|p1a: Tornadus\n|-resisted|p1a: Tornadus\n|-damage|p1a: Tornadus|67\/100\n|-unboost|p2a: Zapdos|def|1\n|-unboost|p2a: Zapdos|spd|1\n|\n|upkeep\n|turn|8\n|\n|t:|1650119797\n|move|p1a: Tornadus|Hurricane|p2a: Zapdos|[miss]\n|-miss|p1a: Tornadus|p2a: Zapdos\n|move|p2a: Zapdos|U-turn|p1a: Tornadus\n|-resisted|p1a: Tornadus\n|-damage|p1a: Tornadus|55\/100\n|\n|t:|1650119800\n|switch|p2a: Dragapult|Dragapult, M|100\/100|[from]move: U-turn\n|\n|upkeep\n|turn|9\n|\n|t:|1650119808\n|switch|p1a: Clefable|Clefable, F|100\/100\n|move|p2a: Dragapult|Dragon Darts|p1a: Clefable\n|-immune|p1a: Clefable\n|\n|upkeep\n|turn|10\n|\n|t:|1650119814\n|switch|p2a: Bisharp|Bisharp, M|88\/100\n|move|p1a: Clefable|Moonblast|p2a: Bisharp\n|-damage|p2a: Bisharp|21\/100\n|\n|upkeep\n|turn|11\n|\n|t:|1650119818\n|switch|p1a: Ferrothorn|Ferrothorn, M|57\/100\n|-damage|p1a: Ferrothorn|51\/100|[from] Stealth Rock\n|move|p2a: Bisharp|Iron Head|p1a: Ferrothorn\n|-resisted|p1a: Ferrothorn\n|-damage|p1a: Ferrothorn|38\/100\n|-damage|p2a: Bisharp|9\/100|[from] ability: Iron Barbs|[of] p1a: Ferrothorn\n|\n|upkeep\n|turn|12\n|\n|t:|1650119826\n|switch|p2a: Garchomp|Garchomp, F|100\/100\n|move|p1a: Ferrothorn|Spikes|p2a: Garchomp\n|-sidestart|p2: Trois_ailes|Spikes\n|\n|upkeep\n|turn|13\n|\n|t:|1650119834\n|move|p2a: Garchomp|Swords Dance|p2a: Garchomp\n|-boost|p2a: Garchomp|atk|2\n|move|p1a: Ferrothorn|Knock Off|p2a: Garchomp\n|-damage|p2a: Garchomp|79\/100\n|-damage|p1a: Ferrothorn|26\/100|[from] ability: Rough Skin|[of] p2a: Garchomp\n|-enditem|p2a: Garchomp|Leftovers|[from] move: Knock Off|[of] p1a: Ferrothorn\n|\n|upkeep\n|turn|14\n|\n|t:|1650119844\n|switch|p1a: Tornadus|Tornadus-Therian, M|88\/100\n|move|p2a: Garchomp|Scale Shot|p1a: Tornadus\n|-damage|p1a: Tornadus|58\/100\n|-damage|p1a: Tornadus|31\/100\n|-damage|p1a: Tornadus|0 fnt\n|faint|p1a: Tornadus\n|-hitcount|p1: Tornadus|3\n|-unboost|p2a: Garchomp|def|1\n|-boost|p2a: Garchomp|spe|1\n|\n|upkeep\n|\n|t:|1650119847\n|switch|p1a: Clefable|Clefable, F|100\/100\n|turn|15\n|\n|t:|1650119849\n|move|p2a: Garchomp|Earthquake|p1a: Clefable\n|-crit|p1a: Clefable\n|-damage|p1a: Clefable|0 fnt\n|faint|p1a: Clefable\n|\n|upkeep\n|-message|FENDINI forfeited.\n|\n|win|Trois_ailes\n|raw|FENDINI's rating: 1757 &rarr; <strong>1735<\/strong><br \/>(-22 for losing)\n|raw|Trois_ailes's rating: 1714 &rarr; <strong>1736<\/strong><br \/>(+22 for winning)\n|l|\u2606FENDINI\n|l|\u2606Trois_ailes\n||Ladder isn't responding, score probably updated but might not have (Request timeout).\n","uploadtime":1650119911,"views":39,"p1id":"fendini","p2id":"troisailes","formatid":"gen8ou","rating":1735,"private":0,"password":null}