{"id":"gen8ou-1695239033","p1":"Mamaw31180","p2":"tanishq1","format":"gen8ou","log":"|html|<div class=\"broadcast-blue\"><strong>[Gen 8] OU is currently suspecting Melmetal! For information on how to participate check out the <a href=\"https:\/\/www.smogon.com\/forums\/threads\/np-ss-ou-suspect-process-round-12-monster-mash.3709234\/\">suspect thread<\/a>.<\/strong><\/div>\n|j|\u2606Mamaw31180\n|j|\u2606tanishq1\n|t:|1666784285\n|gametype|singles\n|player|p1|Mamaw31180|lucas|1809\n|player|p2|tanishq1|101|1740\n|teamsize|p1|6\n|teamsize|p2|6\n|gen|8\n|tier|[Gen 8] OU\n|rated|\n|rule|Sleep Clause Mod: Limit one foe put to sleep\n|rule|Species Clause: Limit one of each Pok\u00e9mon\n|rule|OHKO Clause: OHKO moves are banned\n|rule|Evasion Items Clause: Evasion items are banned\n|rule|Evasion Moves Clause: Evasion moves are banned\n|rule|Endless Battle Clause: Forcing endless battles is banned\n|rule|HP Percentage Mod: HP is shown in percentages\n|rule|Dynamax Clause: You cannot dynamax\n|clearpoke\n|poke|p1|Kartana|\n|poke|p1|Blacephalon|\n|poke|p1|Landorus-Therian, M|\n|poke|p1|Slowbro, F|\n|poke|p1|Zapdos|\n|poke|p1|Tyranitar, M|\n|poke|p2|Rillaboom, M|\n|poke|p2|Tornadus-Therian, M|\n|poke|p2|Blaziken, F|\n|poke|p2|Melmetal|\n|poke|p2|Garchomp, M|\n|poke|p2|Slowbro, F|\n|teampreview\n|inactive|Battle timer is ON: inactive players will automatically lose when time's up. (requested by tanishq1)\n|\n|t:|1666784297\n|start\n|switch|p1a: Slowbro|Slowbro, F|100\/100\n|switch|p2a: Garchomp|Garchomp, M|100\/100\n|turn|1\n|\n|t:|1666784301\n|move|p2a: Garchomp|Toxic|p1a: Slowbro\n|-status|p1a: Slowbro|tox\n|move|p1a: Slowbro|Ice Beam|p2a: Garchomp\n|-supereffective|p2a: Garchomp\n|-damage|p2a: Garchomp|51\/100\n|\n|-heal|p2a: Garchomp|57\/100|[from] item: Leftovers\n|-damage|p1a: Slowbro|94\/100 tox|[from] psn\n|upkeep\n|turn|2\n|\n|t:|1666784307\n|move|p2a: Garchomp|Protect|p2a: Garchomp\n|-singleturn|p2a: Garchomp|Protect\n|move|p1a: Slowbro|Teleport|p1a: Slowbro\n|\n|t:|1666784309\n|switch|p1a: Landorus|Landorus-Therian, M|100\/100|[from]move: Teleport\n|-ability|p1a: Landorus|Intimidate|boost\n|-unboost|p2a: Garchomp|atk|1\n|\n|-heal|p2a: Garchomp|63\/100|[from] item: Leftovers\n|upkeep\n|turn|3\n|\n|t:|1666784312\n|move|p2a: Garchomp|Toxic|p1a: Landorus\n|-status|p1a: Landorus|tox\n|move|p1a: Landorus|Toxic|p2a: Garchomp\n|-status|p2a: Garchomp|tox\n|\n|-heal|p2a: Garchomp|69\/100 tox|[from] item: Leftovers\n|-damage|p2a: Garchomp|63\/100 tox|[from] psn\n|-damage|p1a: Landorus|94\/100 tox|[from] psn\n|upkeep\n|turn|4\n|j| wadadasafsfadf\n|\n|t:|1666784316\n|move|p2a: Garchomp|Stealth Rock|p1a: Landorus\n|-sidestart|p1: Mamaw31180|move: Stealth Rock\n|move|p1a: Landorus|Earthquake|p2a: Garchomp\n|-damage|p2a: Garchomp|22\/100 tox\n|\n|-heal|p2a: Garchomp|28\/100 tox|[from] item: Leftovers\n|-heal|p1a: Landorus|100\/100 tox|[from] item: Leftovers\n|-damage|p2a: Garchomp|16\/100 tox|[from] psn\n|-damage|p1a: Landorus|88\/100 tox|[from] psn\n|upkeep\n|turn|5\n|j| Hamsi8\n|j| wdz999\n|\n|t:|1666784321\n|move|p2a: Garchomp|Earthquake|p1a: Landorus\n|-immune|p1a: Landorus\n|move|p1a: Landorus|U-turn|p2a: Garchomp\n|-damage|p2a: Garchomp|0 fnt\n|-damage|p1a: Landorus|76\/100 tox|[from] ability: Rough Skin|[of] p2a: Garchomp\n|faint|p2a: Garchomp\n|inactive|Mamaw31180 has 120 seconds left.\n|l| Hamsi8\n|inactive|Mamaw31180 has 90 seconds left.\n|\n|t:|1666784386\n|switch|p1a: Zapdos|Zapdos|100\/100|[from]move: U-turn\n|\n|upkeep\n|\n|t:|1666784390\n|switch|p2a: Blaziken|Blaziken, F|100\/100\n|turn|6\n|\n|t:|1666784393\n|move|p1a: Zapdos|Volt Switch|p2a: Blaziken\n|-damage|p2a: Blaziken|62\/100\n|\n|t:|1666784395\n|switch|p1a: Landorus|Landorus-Therian, M|76\/100 tox|[from]move: Volt Switch\n|-damage|p1a: Landorus|64\/100 tox|[from] Stealth Rock\n|-ability|p1a: Landorus|Intimidate|boost\n|-unboost|p2a: Blaziken|atk|1\n|move|p2a: Blaziken|Flare Blitz|p1a: Landorus\n|-damage|p1a: Landorus|21\/100 tox\n|-damage|p2a: Blaziken|46\/100|[from] Recoil\n|\n|-heal|p2a: Blaziken|53\/100|[from] item: Leftovers\n|-heal|p1a: Landorus|27\/100 tox|[from] item: Leftovers\n|-damage|p1a: Landorus|21\/100 tox|[from] psn\n|-ability|p2a: Blaziken|Speed Boost|boost\n|-boost|p2a: Blaziken|spe|1\n|upkeep\n|turn|7\n|\n|t:|1666784410\n|move|p2a: Blaziken|Protect|p2a: Blaziken\n|-singleturn|p2a: Blaziken|Protect\n|move|p1a: Landorus|Earthquake|p2a: Blaziken\n|-activate|p2a: Blaziken|move: Protect\n|\n|-heal|p2a: Blaziken|59\/100|[from] item: Leftovers\n|-heal|p1a: Landorus|27\/100 tox|[from] item: Leftovers\n|-damage|p1a: Landorus|15\/100 tox|[from] psn\n|-ability|p2a: Blaziken|Speed Boost|boost\n|-boost|p2a: Blaziken|spe|1\n|upkeep\n|turn|8\n|\n|t:|1666784413\n|switch|p2a: Tornadus|Tornadus-Therian, M|100\/100\n|move|p1a: Landorus|Earthquake|p2a: Tornadus\n|-immune|p2a: Tornadus\n|\n|-heal|p1a: Landorus|21\/100 tox|[from] item: Leftovers\n|-damage|p1a: Landorus|3\/100 tox|[from] psn\n|upkeep\n|turn|9\n|\n|t:|1666784419\n|switch|p1a: Zapdos|Zapdos|100\/100\n|move|p2a: Tornadus|U-turn|p1a: Zapdos\n|-resisted|p1a: Zapdos\n|-damage|p1a: Zapdos|95\/100\n|\n|t:|1666784429\n|switch|p2a: Blaziken|Blaziken, F|59\/100|[from]move: U-turn\n|\n|-heal|p2a: Blaziken|65\/100|[from] item: Leftovers\n|upkeep\n|turn|10\n|\n|t:|1666784434\n|move|p2a: Blaziken|Protect|p2a: Blaziken\n|-singleturn|p2a: Blaziken|Protect\n|move|p1a: Zapdos|Defog|p2a: Blaziken\n|-activate|p2a: Blaziken|move: Protect\n|\n|-heal|p2a: Blaziken|71\/100|[from] item: Leftovers\n|-ability|p2a: Blaziken|Speed Boost|boost\n|-boost|p2a: Blaziken|spe|1\n|upkeep\n|turn|11\n|\n|t:|1666784443\n|move|p2a: Blaziken|Flare Blitz|p1a: Zapdos\n|-damage|p1a: Zapdos|43\/100\n|-status|p1a: Zapdos|brn\n|-status|p2a: Blaziken|par|[from] ability: Static|[of] p1a: Zapdos\n|-damage|p2a: Blaziken|52\/100 par|[from] Recoil\n|move|p1a: Zapdos|Volt Switch|p2a: Blaziken\n|-damage|p2a: Blaziken|11\/100 par\n|\n|t:|1666784458\n|switch|p1a: Kartana|Kartana|100\/100|[from]move: Volt Switch\n|-damage|p1a: Kartana|94\/100|[from] Stealth Rock\n|\n|-heal|p2a: Blaziken|18\/100 par|[from] item: Leftovers\n|-ability|p2a: Blaziken|Speed Boost|boost\n|-boost|p2a: Blaziken|spe|1\n|upkeep\n|turn|12\n|\n|t:|1666784462\n|move|p2a: Blaziken|Protect|p2a: Blaziken\n|-singleturn|p2a: Blaziken|Protect\n|move|p1a: Kartana|Knock Off|p2a: Blaziken\n|-activate|p2a: Blaziken|move: Protect\n|\n|-heal|p2a: Blaziken|24\/100 par|[from] item: Leftovers\n|-ability|p2a: Blaziken|Speed Boost|boost\n|-boost|p2a: Blaziken|spe|1\n|upkeep\n|turn|13\n|\n|t:|1666784465\n|move|p1a: Kartana|Knock Off|p2a: Blaziken\n|-resisted|p2a: Blaziken\n|-damage|p2a: Blaziken|0 fnt\n|-enditem|p2a: Blaziken|Leftovers|[from] move: Knock Off|[of] p1a: Kartana\n|faint|p2a: Blaziken\n|-ability|p1a: Kartana|Beast Boost|boost\n|-boost|p1a: Kartana|atk|1\n|\n|upkeep\n|\n|t:|1666784469\n|switch|p2a: Tornadus|Tornadus-Therian, M|100\/100\n|turn|14\n|\n|t:|1666784472\n|move|p1a: Kartana|Knock Off|p2a: Tornadus\n|-damage|p2a: Tornadus|31\/100\n|-enditem|p2a: Tornadus|Heavy-Duty Boots|[from] move: Knock Off|[of] p1a: Kartana\n|move|p2a: Tornadus|Heat Wave|p1a: Kartana\n|-supereffective|p1a: Kartana\n|-damage|p1a: Kartana|0 fnt\n|faint|p1a: Kartana\n|\n|upkeep\n|\n|t:|1666784478\n|switch|p1a: Tyranitar|Tyranitar, M|100\/100\n|-damage|p1a: Tyranitar|88\/100|[from] Stealth Rock\n|-weather|Sandstorm|[from] ability: Sand Stream|[of] p1a: Tyranitar\n|turn|15\n|\n|t:|1666784484\n|move|p2a: Tornadus|U-turn|p1a: Tyranitar\n|-supereffective|p1a: Tyranitar\n|-damage|p1a: Tyranitar|59\/100\n|\n|t:|1666784486\n|switch|p2a: Melmetal|Melmetal|100\/100|[from]move: U-turn\n|move|p1a: Tyranitar|Crunch|p2a: Melmetal\n|-damage|p2a: Melmetal|58\/100\n|\n|-weather|Sandstorm|[upkeep]\n|-heal|p2a: Melmetal|65\/100|[from] item: Leftovers\n|upkeep\n|turn|16\n|j| kyonharuhi\n|\n|t:|1666784492\n|switch|p1a: Landorus|Landorus-Therian, M|3\/100 tox\n|-damage|p1a: Landorus|0 fnt|[from] Stealth Rock\n|faint|p1a: Landorus\n|move|p2a: Melmetal|Double Iron Bash|p1: Landorus|[notarget]\n|-fail|p2a: Melmetal\n|\n|-weather|Sandstorm|[upkeep]\n|-heal|p2a: Melmetal|71\/100|[from] item: Leftovers\n|upkeep\n|\n|t:|1666784494\n|switch|p1a: Blacephalon|Blacephalon|100\/100\n|-damage|p1a: Blacephalon|76\/100|[from] Stealth Rock\n|turn|17\n|\n|t:|1666784498\n|move|p2a: Melmetal|Protect|p2a: Melmetal\n|-singleturn|p2a: Melmetal|Protect\n|move|p1a: Blacephalon|Flamethrower|p2a: Melmetal\n|-activate|p2a: Melmetal|move: Protect\n|\n|-weather|Sandstorm|[upkeep]\n|-damage|p1a: Blacephalon|70\/100|[from] Sandstorm\n|-heal|p2a: Melmetal|77\/100|[from] item: Leftovers\n|upkeep\n|turn|18\n|\n|t:|1666784500\n|switch|p2a: Slowbro|Slowbro, F|100\/100\n|move|p1a: Blacephalon|Flamethrower|p2a: Slowbro\n|-resisted|p2a: Slowbro\n|-damage|p2a: Slowbro|61\/100\n|\n|-weather|Sandstorm|[upkeep]\n|-damage|p1a: Blacephalon|64\/100|[from] Sandstorm\n|-damage|p2a: Slowbro|55\/100|[from] Sandstorm\n|upkeep\n|turn|19\n|\n|t:|1666784506\n|switch|p1a: Slowbro|Slowbro, F|100\/100 tox\n|-damage|p1a: Slowbro|88\/100 tox|[from] Stealth Rock\n|move|p2a: Slowbro|Scald|p1a: Slowbro\n|-resisted|p1a: Slowbro\n|-damage|p1a: Slowbro|74\/100 tox\n|\n|-weather|none\n|-damage|p1a: Slowbro|67\/100 tox|[from] psn\n|upkeep\n|turn|20\n|\n|t:|1666784509\n|move|p1a: Slowbro|Teleport|p1a: Slowbro\n|\n|t:|1666784514\n|switch|p1a: Zapdos|Zapdos|43\/100 brn|[from]move: Teleport\n|move|p2a: Slowbro|Teleport|p2a: Slowbro\n|j| XcountrY\n|inactive|tanishq1 has 120 seconds left.\n|\n|t:|1666784547\n|switch|p2a: Rillaboom|Rillaboom, M|100\/100|[from]move: Teleport\n|-fieldstart|move: Grassy Terrain|[from] ability: Grassy Surge|[of] p2a: Rillaboom\n|\n|-damage|p1a: Zapdos|37\/100 brn|[from] brn\n|upkeep\n|turn|21\n|\n|t:|1666784550\n|move|p1a: Zapdos|Defog|p2a: Rillaboom\n|-unboost|p2a: Rillaboom|evasion|1\n|-sideend|p1: Mamaw31180|Stealth Rock|[from] move: Defog|[of] p1a: Zapdos\n|-fieldend|move: Grassy Terrain\n|move|p2a: Rillaboom|Swords Dance|p2a: Rillaboom\n|-boost|p2a: Rillaboom|atk|2\n|\n|-damage|p1a: Zapdos|31\/100 brn|[from] brn\n|upkeep\n|turn|22\n|\n|t:|1666784554\n|move|p1a: Zapdos|Heat Wave|p2a: Rillaboom\n|-supereffective|p2a: Rillaboom\n|-damage|p2a: Rillaboom|40\/100\n|move|p2a: Rillaboom|Knock Off|p1a: Zapdos\n|-damage|p1a: Zapdos|0 fnt\n|-enditem|p1a: Zapdos|Heavy-Duty Boots|[from] move: Knock Off|[of] p2a: Rillaboom\n|faint|p1a: Zapdos\n|\n|-heal|p2a: Rillaboom|47\/100|[from] item: Leftovers\n|upkeep\n|\n|t:|1666784557\n|switch|p1a: Blacephalon|Blacephalon|64\/100\n|turn|23\n|\n|t:|1666784559\n|switch|p2a: Slowbro|Slowbro, F|88\/100\n|move|p1a: Blacephalon|Shadow Ball|p2a: Slowbro\n|-supereffective|p2a: Slowbro\n|-damage|p2a: Slowbro|0 fnt\n|faint|p2a: Slowbro\n|-ability|p1a: Blacephalon|Beast Boost|boost\n|-boost|p1a: Blacephalon|spa|1\n|\n|upkeep\n|\n|t:|1666784562\n|switch|p2a: Tornadus|Tornadus-Therian, M|64\/100\n|turn|24\n|\n|t:|1666784564\n|switch|p1a: Slowbro|Slowbro, F|100\/100 tox\n|move|p2a: Tornadus|Knock Off|p1a: Slowbro\n|-supereffective|p1a: Slowbro\n|-enditem|p1a: Slowbro|Colbur Berry|[eat]\n|-enditem|p1a: Slowbro|Colbur Berry|[weaken]\n|-damage|p1a: Slowbro|88\/100 tox\n|\n|-damage|p1a: Slowbro|82\/100 tox|[from] psn\n|upkeep\n|turn|25\n|j| cypherstest\n|\n|t:|1666784573\n|move|p2a: Tornadus|Heat Wave|p1a: Slowbro\n|-resisted|p1a: Slowbro\n|-damage|p1a: Slowbro|71\/100 tox\n|move|p1a: Slowbro|Teleport|p1a: Slowbro\n|j| Ran Kob\n|\n|t:|1666784577\n|switch|p1a: Tyranitar|Tyranitar, M|59\/100|[from]move: Teleport\n|-weather|Sandstorm|[from] ability: Sand Stream|[of] p1a: Tyranitar\n|\n|-weather|Sandstorm|[upkeep]\n|-damage|p2a: Tornadus|58\/100|[from] Sandstorm\n|upkeep\n|turn|26\n|inactive|tanishq1 has 120 seconds left.\n|\n|t:|1666784612\n|move|p2a: Tornadus|U-turn|p1a: Tyranitar\n|-supereffective|p1a: Tyranitar\n|-damage|p1a: Tyranitar|33\/100\n|\n|t:|1666784614\n|switch|p2a: Melmetal|Melmetal|77\/100|[from]move: U-turn\n|move|p1a: Tyranitar|Crunch|p2a: Melmetal\n|-damage|p2a: Melmetal|34\/100\n|\n|-weather|Sandstorm|[upkeep]\n|-heal|p2a: Melmetal|40\/100|[from] item: Leftovers\n|upkeep\n|turn|27\n|\n|t:|1666784617\n|move|p2a: Melmetal|Protect|p2a: Melmetal\n|-singleturn|p2a: Melmetal|Protect\n|move|p1a: Tyranitar|Crunch|p2a: Melmetal\n|-activate|p2a: Melmetal|move: Protect\n|\n|-weather|Sandstorm|[upkeep]\n|-heal|p2a: Melmetal|46\/100|[from] item: Leftovers\n|upkeep\n|turn|28\n|\n|t:|1666784619\n|move|p1a: Tyranitar|Crunch|p2a: Melmetal\n|-damage|p2a: Melmetal|1\/100\n|move|p2a: Melmetal|Thunder Punch|p1a: Tyranitar\n|-damage|p1a: Tyranitar|0 fnt\n|faint|p1a: Tyranitar\n|\n|-weather|Sandstorm|[upkeep]\n|-heal|p2a: Melmetal|7\/100|[from] item: Leftovers\n|upkeep\n|\n|t:|1666784622\n|switch|p1a: Blacephalon|Blacephalon|64\/100\n|turn|29\n|\n|t:|1666784634\n|move|p2a: Melmetal|Protect|p2a: Melmetal\n|-singleturn|p2a: Melmetal|Protect\n|move|p1a: Blacephalon|Flamethrower|p2a: Melmetal\n|-activate|p2a: Melmetal|move: Protect\n|\n|-weather|none\n|-heal|p2a: Melmetal|13\/100|[from] item: Leftovers\n|upkeep\n|turn|30\n|\n|t:|1666784637\n|move|p1a: Blacephalon|Flamethrower|p2a: Melmetal\n|-supereffective|p2a: Melmetal\n|-damage|p2a: Melmetal|0 fnt\n|faint|p2a: Melmetal\n|-ability|p1a: Blacephalon|Beast Boost|boost\n|-boost|p1a: Blacephalon|spa|1\n|\n|upkeep\n|\n|t:|1666784639\n|switch|p2a: Tornadus|Tornadus-Therian, M|91\/100\n|turn|31\n|\n|t:|1666784641\n|switch|p1a: Slowbro|Slowbro, F|100\/100 tox\n|move|p2a: Tornadus|Knock Off|p1a: Slowbro\n|-supereffective|p1a: Slowbro\n|-damage|p1a: Slowbro|83\/100 tox\n|\n|-damage|p1a: Slowbro|77\/100 tox|[from] psn\n|upkeep\n|turn|32\n|\n|t:|1666784644\n|move|p2a: Tornadus|Heat Wave|p1a: Slowbro\n|-resisted|p1a: Slowbro\n|-damage|p1a: Slowbro|65\/100 tox\n|move|p1a: Slowbro|Teleport|p1a: Slowbro\n|\n|t:|1666784647\n|switch|p1a: Blacephalon|Blacephalon|64\/100|[from]move: Teleport\n|\n|upkeep\n|turn|33\n|\n|t:|1666784649\n|switch|p1a: Slowbro|Slowbro, F|98\/100 tox\n|move|p2a: Tornadus|Knock Off|p1a: Slowbro\n|-supereffective|p1a: Slowbro\n|-damage|p1a: Slowbro|82\/100 tox\n|\n|-damage|p1a: Slowbro|76\/100 tox|[from] psn\n|upkeep\n|turn|34\n|\n|t:|1666784652\n|move|p2a: Tornadus|Heat Wave|p1a: Slowbro\n|-resisted|p1a: Slowbro\n|-damage|p1a: Slowbro|63\/100 tox\n|move|p1a: Slowbro|Ice Beam|p2a: Tornadus\n|-supereffective|p2a: Tornadus\n|-damage|p2a: Tornadus|47\/100\n|\n|-damage|p1a: Slowbro|51\/100 tox|[from] psn\n|upkeep\n|turn|35\n|\n|t:|1666784658\n|move|p2a: Tornadus|Heat Wave|p1a: Slowbro\n|-resisted|p1a: Slowbro\n|-damage|p1a: Slowbro|39\/100 tox\n|move|p1a: Slowbro|Teleport|p1a: Slowbro\n|\n|t:|1666784660\n|switch|p1a: Blacephalon|Blacephalon|64\/100|[from]move: Teleport\n|\n|upkeep\n|turn|36\n|j| Patatex\n|\n|t:|1666784662\n|switch|p1a: Slowbro|Slowbro, F|72\/100 tox\n|move|p2a: Tornadus|Knock Off|p1a: Slowbro\n|-supereffective|p1a: Slowbro\n|-damage|p1a: Slowbro|57\/100 tox\n|\n|-damage|p1a: Slowbro|51\/100 tox|[from] psn\n|upkeep\n|turn|37\n|\n|t:|1666784665\n|move|p2a: Tornadus|Knock Off|p1a: Slowbro\n|-supereffective|p1a: Slowbro\n|-damage|p1a: Slowbro|35\/100 tox\n|move|p1a: Slowbro|Ice Beam|p2a: Tornadus\n|-supereffective|p2a: Tornadus\n|-damage|p2a: Tornadus|3\/100\n|\n|-damage|p1a: Slowbro|22\/100 tox|[from] psn\n|upkeep\n|turn|38\n|\n|t:|1666784671\n|move|p2a: Tornadus|Knock Off|p1a: Slowbro\n|-supereffective|p1a: Slowbro\n|-damage|p1a: Slowbro|5\/100 tox\n|move|p1a: Slowbro|Teleport|p1a: Slowbro\n|\n|t:|1666784674\n|switch|p1a: Blacephalon|Blacephalon|64\/100|[from]move: Teleport\n|\n|upkeep\n|turn|39\n|\n|t:|1666784679\n|switch|p1a: Slowbro|Slowbro, F|38\/100 tox\n|move|p2a: Tornadus|Knock Off|p1a: Slowbro\n|-supereffective|p1a: Slowbro\n|-crit|p1a: Slowbro\n|-damage|p1a: Slowbro|16\/100 tox\n|\n|-damage|p1a: Slowbro|9\/100 tox|[from] psn\n|upkeep\n|turn|40\n|\n|t:|1666784683\n|switch|p1a: Blacephalon|Blacephalon|64\/100\n|move|p2a: Tornadus|U-turn|p1a: Blacephalon\n|-resisted|p1a: Blacephalon\n|-damage|p1a: Blacephalon|55\/100\n|\n|t:|1666784685\n|switch|p2a: Rillaboom|Rillaboom, M|47\/100|[from]move: U-turn\n|-fieldstart|move: Grassy Terrain|[from] ability: Grassy Surge|[of] p2a: Rillaboom\n|\n|-heal|p1a: Blacephalon|61\/100|[from] Grassy Terrain\n|-heal|p2a: Rillaboom|53\/100|[from] Grassy Terrain\n|-heal|p2a: Rillaboom|59\/100|[from] item: Leftovers\n|upkeep\n|turn|41\n|\n|t:|1666784688\n|move|p2a: Rillaboom|Grassy Glide|p1a: Blacephalon\n|-resisted|p1a: Blacephalon\n|-damage|p1a: Blacephalon|4\/100\n|move|p1a: Blacephalon|Flamethrower|p2a: Rillaboom\n|-supereffective|p2a: Rillaboom\n|-damage|p2a: Rillaboom|0 fnt\n|faint|p2a: Rillaboom\n|-ability|p1a: Blacephalon|Beast Boost|boost\n|-boost|p1a: Blacephalon|spa|1\n|\n|-heal|p1a: Blacephalon|10\/100|[from] Grassy Terrain\n|upkeep\n|\n|t:|1666784692\n|switch|p2a: Tornadus|Tornadus-Therian, M|36\/100\n|turn|42\n|\n|t:|1666784694\n|move|p2a: Tornadus|Knock Off|p1a: Blacephalon\n|-supereffective|p1a: Blacephalon\n|-crit|p1a: Blacephalon\n|-damage|p1a: Blacephalon|0 fnt\n|-enditem|p1a: Blacephalon|Choice Specs|[from] move: Knock Off|[of] p2a: Tornadus\n|faint|p1a: Blacephalon\n|\n|upkeep\n|\n|t:|1666784696\n|switch|p1a: Slowbro|Slowbro, F|43\/100 tox\n|turn|43\n|\n|t:|1666784698\n|move|p2a: Tornadus|Knock Off|p1a: Slowbro\n|-supereffective|p1a: Slowbro\n|-damage|p1a: Slowbro|26\/100 tox\n|move|p1a: Slowbro|Slack Off|p1a: Slowbro\n|-heal|p1a: Slowbro|76\/100 tox\n|\n|-heal|p1a: Slowbro|82\/100 tox|[from] Grassy Terrain\n|-damage|p1a: Slowbro|76\/100 tox|[from] psn\n|upkeep\n|turn|44\n|\n|t:|1666784704\n|move|p2a: Tornadus|U-turn|p1a: Slowbro\n|-supereffective|p1a: Slowbro\n|-damage|p1a: Slowbro|59\/100 tox\n|move|p1a: Slowbro|Ice Beam|p2a: Tornadus\n|-supereffective|p2a: Tornadus\n|-damage|p2a: Tornadus|0 fnt\n|faint|p2a: Tornadus\n|\n|win|Mamaw31180\n|raw|Mamaw31180's rating: 1809 &rarr; <strong>1826<\/strong><br \/>(+17 for winning)\n|raw|tanishq1's rating: 1756 &rarr; <strong>1739<\/strong><br \/>(-17 for losing)\n|l|\u2606tanishq1\n|l|\u2606Mamaw31180\n|l| wadadasafsfadf\n","uploadtime":1666784760,"views":37,"p1id":"mamaw31180","p2id":"tanishq1","formatid":"gen8ou","rating":1739,"private":0,"password":null}