{"id":"gen8ou-1658842887","p1":"galarian dragapult","p2":"Yoyolord","format":"gen8ou","log":"|j|\u2606galarian dragapult\n|j|\u2606Yoyolord\n|t:|1662603527\n|gametype|singles\n|player|p1|galarian dragapult|zinzolin|1775\n|player|p2|Yoyolord|1|1706\n|teamsize|p1|6\n|teamsize|p2|6\n|gen|8\n|tier|[Gen 8] OU\n|rated|\n|rule|Sleep Clause Mod: Limit one foe put to sleep\n|rule|Species Clause: Limit one of each Pok\u00e9mon\n|rule|OHKO Clause: OHKO moves are banned\n|rule|Evasion Items Clause: Evasion items are banned\n|rule|Evasion Moves Clause: Evasion moves are banned\n|rule|Endless Battle Clause: Forcing endless battles is banned\n|rule|HP Percentage Mod: HP is shown in percentages\n|rule|Dynamax Clause: You cannot dynamax\n|clearpoke\n|poke|p1|Corviknight, F|\n|poke|p1|Tangrowth, M|\n|poke|p1|Tapu Fini|\n|poke|p1|Chansey, F|\n|poke|p1|Volcarona, F|\n|poke|p1|Hippowdon, F|\n|poke|p2|Magnezone|\n|poke|p2|Tapu Fini|\n|poke|p2|Hippowdon, F|\n|poke|p2|Tornadus-Therian, M|\n|poke|p2|Slowking, M|\n|poke|p2|Amoonguss, F|\n|teampreview\n|\n|t:|1662603531\n|start\n|switch|p1a: Hippowdon|Hippowdon, F|100\/100\n|switch|p2a: Tornadus|Tornadus-Therian, M, shiny|100\/100\n|-weather|Sandstorm|[from] ability: Sand Stream|[of] p1a: Hippowdon\n|turn|1\n|inactive|Battle timer is ON: inactive players will automatically lose when time's up. (requested by galarian dragapult)\n|\n|t:|1662603535\n|move|p2a: Tornadus|Knock Off|p1a: Hippowdon\n|-damage|p1a: Hippowdon|87\/100\n|-enditem|p1a: Hippowdon|Leftovers|[from] move: Knock Off|[of] p2a: Tornadus\n|move|p1a: Hippowdon|Toxic|p2a: Tornadus\n|-status|p2a: Tornadus|tox\n|\n|-weather|Sandstorm|[upkeep]\n|-damage|p2a: Tornadus|94\/100 tox|[from] Sandstorm\n|-damage|p2a: Tornadus|88\/100 tox|[from] psn\n|upkeep\n|turn|2\n|\n|t:|1662603541\n|move|p2a: Tornadus|U-turn|p1a: Hippowdon\n|-damage|p1a: Hippowdon|77\/100\n|\n|t:|1662603551\n|switch|p2a: Amoonguss|Amoonguss, F|100\/100|[from]move: U-turn\n|move|p1a: Hippowdon|Stealth Rock|p2a: Amoonguss\n|-sidestart|p2: Yoyolord|move: Stealth Rock\n|\n|-weather|Sandstorm|[upkeep]\n|-damage|p2a: Amoonguss|94\/100|[from] Sandstorm\n|upkeep\n|turn|3\n|\n|t:|1662603569\n|switch|p1a: Chansey|Chansey, F|100\/100\n|move|p2a: Amoonguss|Spore|p1a: Chansey\n|-status|p1a: Chansey|slp|[from] move: Spore\n|\n|-weather|Sandstorm|[upkeep]\n|-damage|p1a: Chansey|94\/100 slp|[from] Sandstorm\n|-damage|p2a: Amoonguss|88\/100|[from] Sandstorm\n|upkeep\n|turn|4\n|\n|t:|1662603572\n|-curestatus|p1a: Chansey|slp|[from] ability: Natural Cure\n|switch|p1a: Corviknight|Corviknight, F|100\/100\n|-ability|p1a: Corviknight|Pressure\n|switch|p2a: Tornadus|Tornadus-Therian, M, shiny|100\/100 tox\n|\n|-weather|Sandstorm|[upkeep]\n|-damage|p2a: Tornadus|94\/100 tox|[from] Sandstorm\n|-damage|p2a: Tornadus|88\/100 tox|[from] psn\n|upkeep\n|turn|5\n|\n|t:|1662603575\n|switch|p1a: Hippowdon|Hippowdon, F|77\/100\n|move|p2a: Tornadus|Defog|p1a: Hippowdon\n|-unboost|p1a: Hippowdon|evasion|1\n|-sideend|p2: Yoyolord|Stealth Rock|[from] move: Defog|[of] p2a: Tornadus\n|\n|-weather|none\n|-damage|p2a: Tornadus|76\/100 tox|[from] psn\n|upkeep\n|turn|6\n|\n|t:|1662603579\n|move|p2a: Tornadus|U-turn|p1a: Hippowdon\n|-damage|p1a: Hippowdon|67\/100\n|\n|t:|1662603583\n|switch|p2a: Amoonguss|Amoonguss, F|100\/100|[from]move: U-turn\n|move|p1a: Hippowdon|Slack Off|p1a: Hippowdon\n|-heal|p1a: Hippowdon|100\/100\n|\n|upkeep\n|turn|7\n|\n|t:|1662603587\n|switch|p1a: Tapu Fini|Tapu Fini|100\/100\n|-fieldstart|move: Misty Terrain|[from] ability: Misty Surge|[of] p1a: Tapu Fini\n|move|p2a: Amoonguss|Spore|p1a: Tapu Fini\n|-activate|p1a: Tapu Fini|move: Misty Terrain\n|\n|upkeep\n|turn|8\n|\n|t:|1662603590\n|switch|p1a: Volcarona|Volcarona, F|100\/100\n|move|p2a: Amoonguss|Giga Drain|p1a: Volcarona\n|-resisted|p1a: Volcarona\n|-damage|p1a: Volcarona|96\/100\n|\n|upkeep\n|turn|9\n|j| unimportant PS alt\n|\n|t:|1662603603\n|switch|p2a: Tricking|Slowking, M, shiny|100\/100\n|move|p1a: Volcarona|Quiver Dance|p1a: Volcarona\n|-boost|p1a: Volcarona|spa|1\n|-boost|p1a: Volcarona|spd|1\n|-boost|p1a: Volcarona|spe|1\n|\n|upkeep\n|turn|10\n|\n|t:|1662603606\n|move|p1a: Volcarona|Quiver Dance|p1a: Volcarona\n|-boost|p1a: Volcarona|spa|1\n|-boost|p1a: Volcarona|spd|1\n|-boost|p1a: Volcarona|spe|1\n|move|p2a: Tricking|Dragon Tail|p1a: Volcarona\n|-damage|p1a: Volcarona|91\/100\n|drag|p1a: Corviknight|Corviknight, F|100\/100\n|-ability|p1a: Corviknight|Pressure\n|\n|upkeep\n|turn|11\n|j| JabamiKY\n|\n|t:|1662603615\n|switch|p1a: Hippowdon|Hippowdon, F|100\/100\n|-weather|Sandstorm|[from] ability: Sand Stream|[of] p1a: Hippowdon\n|move|p2a: Tricking|Future Sight|p1a: Hippowdon\n|-start|p2a: Tricking|move: Future Sight\n|\n|-weather|Sandstorm|[upkeep]\n|-damage|p2a: Tricking|94\/100|[from] Sandstorm\n|-fieldend|Misty Terrain\n|upkeep\n|turn|12\n|\n|t:|1662603624\n|move|p1a: Hippowdon|Toxic|p2a: Tricking\n|-status|p2a: Tricking|tox\n|move|p2a: Tricking|Scald|p1a: Hippowdon\n|-supereffective|p1a: Hippowdon\n|-damage|p1a: Hippowdon|59\/100\n|\n|-weather|Sandstorm|[upkeep]\n|-damage|p2a: Tricking|88\/100 tox|[from] Sandstorm\n|-damage|p2a: Tricking|82\/100 tox|[from] psn\n|upkeep\n|turn|13\n|\n|t:|1662603633\n|switch|p2a: Tornadus|Tornadus-Therian, M, shiny|100\/100 tox\n|move|p1a: Hippowdon|Slack Off|p1a: Hippowdon\n|-heal|p1a: Hippowdon|100\/100\n|\n|-weather|Sandstorm|[upkeep]\n|-damage|p2a: Tornadus|94\/100 tox|[from] Sandstorm\n|-end|p1a: Hippowdon|move: Future Sight\n|-damage|p1a: Hippowdon|68\/100\n|-damage|p2a: Tornadus|88\/100 tox|[from] psn\n|upkeep\n|turn|14\n|l| unimportant PS alt\n|\n|t:|1662603638\n|move|p2a: Tornadus|U-turn|p1a: Hippowdon\n|-damage|p1a: Hippowdon|57\/100\n|\n|t:|1662603641\n|switch|p2a: Amoonguss|Amoonguss, F|100\/100|[from]move: U-turn\n|move|p1a: Hippowdon|Slack Off|p1a: Hippowdon\n|-heal|p1a: Hippowdon|100\/100\n|\n|-weather|Sandstorm|[upkeep]\n|-damage|p2a: Amoonguss|94\/100|[from] Sandstorm\n|upkeep\n|turn|15\n|j| SAGBLZ\n|\n|t:|1662603647\n|switch|p1a: Chansey|Chansey, F|94\/100\n|move|p2a: Amoonguss|Spore|p1a: Chansey\n|-status|p1a: Chansey|slp|[from] move: Spore\n|\n|-weather|none\n|upkeep\n|turn|16\n|\n|t:|1662603650\n|-curestatus|p1a: Chansey|slp|[from] ability: Natural Cure\n|switch|p1a: Tapu Fini|Tapu Fini|100\/100\n|-fieldstart|move: Misty Terrain|[from] ability: Misty Surge|[of] p1a: Tapu Fini\n|move|p2a: Amoonguss|Spore|p1a: Tapu Fini\n|-activate|p1a: Tapu Fini|move: Misty Terrain\n|\n|upkeep\n|turn|17\n|\n|t:|1662603657\n|switch|p1a: Volcarona|Volcarona, F|91\/100\n|switch|p2a: Tornadus|Tornadus-Therian, M, shiny|100\/100 tox\n|\n|-damage|p2a: Tornadus|94\/100 tox|[from] psn\n|upkeep\n|turn|18\n|\n|t:|1662603659\n|switch|p1a: Hippowdon|Hippowdon, F|100\/100\n|-weather|Sandstorm|[from] ability: Sand Stream|[of] p1a: Hippowdon\n|move|p2a: Tornadus|Knock Off|p1a: Hippowdon\n|-damage|p1a: Hippowdon|91\/100\n|\n|-weather|Sandstorm|[upkeep]\n|-damage|p2a: Tornadus|88\/100 tox|[from] Sandstorm\n|-damage|p2a: Tornadus|76\/100 tox|[from] psn\n|upkeep\n|turn|19\n|\n|t:|1662603662\n|move|p2a: Tornadus|U-turn|p1a: Hippowdon\n|-damage|p1a: Hippowdon|81\/100\n|\n|t:|1662603664\n|switch|p2a: Amoonguss|Amoonguss, F|100\/100|[from]move: U-turn\n|move|p1a: Hippowdon|Stealth Rock|p2a: Amoonguss\n|-sidestart|p2: Yoyolord|move: Stealth Rock\n|\n|-weather|Sandstorm|[upkeep]\n|-damage|p2a: Amoonguss|94\/100|[from] Sandstorm\n|upkeep\n|turn|20\n|\n|t:|1662603669\n|switch|p1a: Volcarona|Volcarona, F|91\/100\n|move|p2a: Amoonguss|Giga Drain|p1a: Volcarona\n|-resisted|p1a: Volcarona\n|-crit|p1a: Volcarona\n|-damage|p1a: Volcarona|83\/100\n|-heal|p2a: Amoonguss|97\/100|[from] drain|[of] p1a: Volcarona\n|\n|-weather|Sandstorm|[upkeep]\n|-damage|p1a: Volcarona|77\/100|[from] Sandstorm\n|-damage|p2a: Amoonguss|91\/100|[from] Sandstorm\n|-fieldend|Misty Terrain\n|upkeep\n|turn|21\n|\n|t:|1662603673\n|switch|p2a: Hippowdon|Hippowdon, F|100\/100\n|-damage|p2a: Hippowdon|94\/100|[from] Stealth Rock\n|move|p1a: Volcarona|Roost|p1a: Volcarona\n|-heal|p1a: Volcarona|100\/100\n|-singleturn|p1a: Volcarona|move: Roost\n|\n|-weather|Sandstorm|[upkeep]\n|-damage|p1a: Volcarona|94\/100|[from] Sandstorm\n|-heal|p2a: Hippowdon|100\/100|[from] item: Leftovers\n|upkeep\n|turn|22\n|\n|t:|1662603676\n|switch|p1a: Corviknight|Corviknight, F|100\/100\n|-ability|p1a: Corviknight|Pressure\n|move|p2a: Hippowdon|Stealth Rock|p1a: Corviknight\n|-sidestart|p1: galarian dragapult|move: Stealth Rock\n|\n|-weather|none\n|upkeep\n|turn|23\n|j| 5555faiz\n|\n|t:|1662603685\n|switch|p1a: Tangrowth|Tangrowth, M|100\/100\n|-damage|p1a: Tangrowth|88\/100|[from] Stealth Rock\n|switch|p2a: Magnezone|Magnezone|100\/100\n|-damage|p2a: Magnezone|94\/100|[from] Stealth Rock\n|\n|-heal|p2a: Magnezone|100\/100|[from] item: Leftovers\n|upkeep\n|turn|24\n|\n|t:|1662603689\n|switch|p2a: Amoonguss|Amoonguss, F|100\/100\n|-damage|p2a: Amoonguss|88\/100|[from] Stealth Rock\n|move|p1a: Tangrowth|Knock Off|p2a: Amoonguss\n|-damage|p2a: Amoonguss|71\/100\n|-damage|p1a: Tangrowth|72\/100|[from] item: Rocky Helmet|[of] p2a: Amoonguss\n|-enditem|p2a: Amoonguss|Rocky Helmet|[from] move: Knock Off|[of] p1a: Tangrowth\n|\n|upkeep\n|turn|25\n|\n|t:|1662603694\n|switch|p1a: Chansey|Chansey, F|94\/100\n|-damage|p1a: Chansey|82\/100|[from] Stealth Rock\n|switch|p2a: Magnezone|Magnezone|100\/100\n|-damage|p2a: Magnezone|94\/100|[from] Stealth Rock\n|\n|-heal|p2a: Magnezone|100\/100|[from] item: Leftovers\n|upkeep\n|turn|26\n|\n|t:|1662603699\n|switch|p1a: Tangrowth|Tangrowth, M|100\/100\n|-damage|p1a: Tangrowth|88\/100|[from] Stealth Rock\n|move|p2a: Magnezone|Body Press|p1a: Tangrowth\n|-damage|p1a: Tangrowth|73\/100\n|-damage|p2a: Magnezone|84\/100|[from] item: Rocky Helmet|[of] p1a: Tangrowth\n|\n|-heal|p2a: Magnezone|90\/100|[from] item: Leftovers\n|upkeep\n|turn|27\n|\n|t:|1662603711\n|move|p2a: Magnezone|Thunderbolt|p1a: Tangrowth\n|-resisted|p1a: Tangrowth\n|-damage|p1a: Tangrowth|44\/100\n|move|p1a: Tangrowth|Knock Off|p2a: Magnezone\n|-damage|p2a: Magnezone|74\/100\n|-enditem|p2a: Magnezone|Leftovers|[from] move: Knock Off|[of] p1a: Tangrowth\n|\n|upkeep\n|turn|28\n|\n|t:|1662603716\n|switch|p2a: Amoonguss|Amoonguss, F|100\/100\n|-damage|p2a: Amoonguss|88\/100|[from] Stealth Rock\n|switch|p1a: Hippowdon|Hippowdon, F|81\/100\n|-damage|p1a: Hippowdon|75\/100|[from] Stealth Rock\n|-weather|Sandstorm|[from] ability: Sand Stream|[of] p1a: Hippowdon\n|\n|-weather|Sandstorm|[upkeep]\n|-damage|p2a: Amoonguss|82\/100|[from] Sandstorm\n|upkeep\n|turn|29\n|\n|t:|1662603719\n|switch|p1a: Tapu Fini|Tapu Fini|100\/100\n|-damage|p1a: Tapu Fini|88\/100|[from] Stealth Rock\n|-fieldstart|move: Misty Terrain|[from] ability: Misty Surge|[of] p1a: Tapu Fini\n|move|p2a: Amoonguss|Giga Drain|p1a: Tapu Fini\n|-supereffective|p1a: Tapu Fini\n|-damage|p1a: Tapu Fini|56\/100\n|-heal|p2a: Amoonguss|94\/100|[from] drain|[of] p1a: Tapu Fini\n|\n|-weather|Sandstorm|[upkeep]\n|-damage|p1a: Tapu Fini|50\/100|[from] Sandstorm\n|-damage|p2a: Amoonguss|88\/100|[from] Sandstorm\n|-heal|p1a: Tapu Fini|56\/100|[from] item: Leftovers\n|upkeep\n|turn|30\n|\n|t:|1662603726\n|switch|p1a: Volcarona|Volcarona, F|94\/100\n|move|p2a: Amoonguss|Giga Drain|p1a: Volcarona\n|-resisted|p1a: Volcarona\n|-damage|p1a: Volcarona|90\/100\n|-heal|p2a: Amoonguss|90\/100|[from] drain|[of] p1a: Volcarona\n|\n|-weather|Sandstorm|[upkeep]\n|-damage|p1a: Volcarona|83\/100|[from] Sandstorm\n|-damage|p2a: Amoonguss|84\/100|[from] Sandstorm\n|upkeep\n|turn|31\n|\n|t:|1662603729\n|switch|p1a: Tangrowth|Tangrowth, M|77\/100\n|-damage|p1a: Tangrowth|65\/100|[from] Stealth Rock\n|switch|p2a: Hippowdon|Hippowdon, F|100\/100\n|-damage|p2a: Hippowdon|94\/100|[from] Stealth Rock\n|\n|-weather|Sandstorm|[upkeep]\n|-damage|p1a: Tangrowth|58\/100|[from] Sandstorm\n|-heal|p2a: Hippowdon|100\/100|[from] item: Leftovers\n|upkeep\n|turn|32\n|\n|t:|1662603735\n|switch|p2a: Amoonguss|Amoonguss, F|100\/100\n|-damage|p2a: Amoonguss|88\/100|[from] Stealth Rock\n|move|p1a: Tangrowth|Giga Drain|p2a: Amoonguss\n|-resisted|p2a: Amoonguss\n|-damage|p2a: Amoonguss|81\/100\n|-heal|p1a: Tangrowth|62\/100|[from] drain|[of] p2a: Amoonguss\n|\n|-weather|none\n|upkeep\n|turn|33\n|\n|t:|1662603743\n|switch|p1a: Chansey|Chansey, F|82\/100\n|-damage|p1a: Chansey|70\/100|[from] Stealth Rock\n|switch|p2a: Hippowdon|Hippowdon, F|100\/100\n|-damage|p2a: Hippowdon|94\/100|[from] Stealth Rock\n|-weather|Sandstorm|[from] ability: Sand Stream|[of] p2a: Hippowdon\n|\n|-weather|Sandstorm|[upkeep]\n|-damage|p1a: Chansey|64\/100|[from] Sandstorm\n|-heal|p2a: Hippowdon|100\/100|[from] item: Leftovers\n|-fieldend|Misty Terrain\n|upkeep\n|turn|34\n|\n|t:|1662603750\n|move|p1a: Chansey|Soft-Boiled|p1a: Chansey\n|-heal|p1a: Chansey|100\/100\n|move|p2a: Hippowdon|Earthquake|p1a: Chansey\n|-damage|p1a: Chansey|77\/100\n|\n|-weather|Sandstorm|[upkeep]\n|-damage|p1a: Chansey|71\/100|[from] Sandstorm\n|upkeep\n|turn|35\n|\n|t:|1662603755\n|switch|p2a: Amoonguss|Amoonguss, F|100\/100\n|-damage|p2a: Amoonguss|88\/100|[from] Stealth Rock\n|move|p1a: Chansey|Soft-Boiled|p1a: Chansey\n|-heal|p1a: Chansey|100\/100\n|\n|-weather|Sandstorm|[upkeep]\n|-damage|p1a: Chansey|94\/100|[from] Sandstorm\n|-damage|p2a: Amoonguss|82\/100|[from] Sandstorm\n|upkeep\n|turn|36\n|\n|t:|1662603758\n|switch|p2a: Tornadus|Tornadus-Therian, M, shiny|100\/100 tox\n|move|p1a: Chansey|Seismic Toss|p2a: Tornadus\n|-damage|p2a: Tornadus|73\/100 tox\n|\n|-weather|Sandstorm|[upkeep]\n|-damage|p2a: Tornadus|67\/100 tox|[from] Sandstorm\n|-damage|p1a: Chansey|88\/100|[from] Sandstorm\n|-damage|p2a: Tornadus|61\/100 tox|[from] psn\n|upkeep\n|turn|37\n|\n|t:|1662603762\n|switch|p1a: Hippowdon|Hippowdon, F|75\/100\n|-damage|p1a: Hippowdon|68\/100|[from] Stealth Rock\n|move|p2a: Tornadus|Knock Off|p1a: Hippowdon\n|-damage|p1a: Hippowdon|58\/100\n|\n|-weather|none\n|-damage|p2a: Tornadus|48\/100 tox|[from] psn\n|upkeep\n|turn|38\n|l| SAGBLZ\n|\n|t:|1662603764\n|move|p2a: Tornadus|U-turn|p1a: Hippowdon\n|-damage|p1a: Hippowdon|47\/100\n|\n|t:|1662603765\n|switch|p2a: Amoonguss|Amoonguss, F|100\/100|[from]move: U-turn\n|-damage|p2a: Amoonguss|88\/100|[from] Stealth Rock\n|move|p1a: Hippowdon|Slack Off|p1a: Hippowdon\n|-heal|p1a: Hippowdon|97\/100\n|\n|upkeep\n|turn|39\n|\n|t:|1662603777\n|switch|p1a: Corviknight|Corviknight, F|100\/100\n|-damage|p1a: Corviknight|88\/100|[from] Stealth Rock\n|-ability|p1a: Corviknight|Pressure\n|move|p2a: Amoonguss|Giga Drain|p1a: Corviknight\n|-resisted|p1a: Corviknight\n|-damage|p1a: Corviknight|82\/100\n|-heal|p2a: Amoonguss|91\/100|[from] drain|[of] p1a: Corviknight\n|\n|-heal|p1a: Corviknight|89\/100|[from] item: Leftovers\n|upkeep\n|turn|40\n|l| JabamiKY\n|j| RandomNublet\n|\n|t:|1662603783\n|switch|p2a: Magnezone|Magnezone|74\/100\n|-damage|p2a: Magnezone|67\/100|[from] Stealth Rock\n|move|p1a: Corviknight|Body Press|p2a: Magnezone\n|-supereffective|p2a: Magnezone\n|-damage|p2a: Magnezone|34\/100\n|\n|-heal|p1a: Corviknight|95\/100|[from] item: Leftovers\n|upkeep\n|turn|41\n|\n|t:|1662603786\n|move|p2a: Magnezone|Thunderbolt|p1a: Corviknight\n|-supereffective|p1a: Corviknight\n|-damage|p1a: Corviknight|25\/100\n|move|p1a: Corviknight|Body Press|p2a: Magnezone\n|-supereffective|p2a: Magnezone\n|-damage|p2a: Magnezone|0 fnt\n|faint|p2a: Magnezone\n|\n|-heal|p1a: Corviknight|32\/100|[from] item: Leftovers\n|upkeep\n|\n|t:|1662603793\n|switch|p2a: Tapu Fini|Tapu Fini|100\/100\n|-damage|p2a: Tapu Fini|88\/100|[from] Stealth Rock\n|-fieldstart|move: Misty Terrain|[from] ability: Misty Surge|[of] p2a: Tapu Fini\n|turn|42\n|\n|t:|1662603799\n|switch|p1a: Chansey|Chansey, F|88\/100\n|-damage|p1a: Chansey|76\/100|[from] Stealth Rock\n|move|p2a: Tapu Fini|Calm Mind|p2a: Tapu Fini\n|-boost|p2a: Tapu Fini|spa|1\n|-boost|p2a: Tapu Fini|spd|1\n|\n|-heal|p2a: Tapu Fini|94\/100|[from] item: Leftovers\n|upkeep\n|turn|43\n|\n|t:|1662603804\n|switch|p2a: Amoonguss|Amoonguss, F|100\/100\n|-damage|p2a: Amoonguss|88\/100|[from] Stealth Rock\n|move|p1a: Chansey|Seismic Toss|p2a: Amoonguss\n|-damage|p2a: Amoonguss|65\/100\n|\n|upkeep\n|turn|44\n|\n|t:|1662603809\n|switch|p1a: Volcarona|Volcarona, F|83\/100\n|move|p2a: Amoonguss|Spore|p1a: Volcarona\n|-activate|p1a: Volcarona|move: Misty Terrain\n|\n|upkeep\n|turn|45\n|\n|t:|1662603824\n|switch|p1a: Corviknight|Corviknight, F|32\/100\n|-damage|p1a: Corviknight|19\/100|[from] Stealth Rock\n|-ability|p1a: Corviknight|Pressure\n|move|p2a: Amoonguss|Spore|p1a: Corviknight\n|-status|p1a: Corviknight|slp|[from] move: Spore\n|\n|-heal|p1a: Corviknight|25\/100 slp|[from] item: Leftovers\n|upkeep\n|turn|46\n|\n|t:|1662603829\n|switch|p1a: Chansey|Chansey, F|76\/100\n|-damage|p1a: Chansey|64\/100|[from] Stealth Rock\n|switch|p2a: Tornadus|Tornadus-Therian, M, shiny|82\/100 tox\n|\n|-damage|p2a: Tornadus|76\/100 tox|[from] psn\n|-fieldend|Misty Terrain\n|upkeep\n|turn|47\n|\n|t:|1662603832\n|switch|p1a: Hippowdon|Hippowdon, F|97\/100\n|-damage|p1a: Hippowdon|91\/100|[from] Stealth Rock\n|-weather|Sandstorm|[from] ability: Sand Stream|[of] p1a: Hippowdon\n|move|p2a: Tornadus|U-turn|p1a: Hippowdon\n|-damage|p1a: Hippowdon|80\/100\n|\n|t:|1662603835\n|switch|p2a: Amoonguss|Amoonguss, F|98\/100|[from]move: U-turn\n|-damage|p2a: Amoonguss|86\/100|[from] Stealth Rock\n|\n|-weather|Sandstorm|[upkeep]\n|-damage|p2a: Amoonguss|79\/100|[from] Sandstorm\n|upkeep\n|turn|48\n|\n|t:|1662603842\n|switch|p1a: Corviknight|Corviknight, F|25\/100 slp\n|-damage|p1a: Corviknight|13\/100 slp|[from] Stealth Rock\n|-ability|p1a: Corviknight|Pressure\n|switch|p2a: Tricking|Slowking, M, shiny|100\/100 tox\n|-damage|p2a: Tricking|88\/100 tox|[from] Stealth Rock\n|\n|-weather|Sandstorm|[upkeep]\n|-damage|p2a: Tricking|82\/100 tox|[from] Sandstorm\n|-heal|p1a: Corviknight|19\/100 slp|[from] item: Leftovers\n|-damage|p2a: Tricking|76\/100 tox|[from] psn\n|upkeep\n|turn|49\n|\n|t:|1662603845\n|switch|p1a: Chansey|Chansey, F|64\/100\n|-damage|p1a: Chansey|51\/100|[from] Stealth Rock\n|move|p2a: Tricking|Scald|p1a: Chansey\n|-damage|p1a: Chansey|42\/100\n|-status|p1a: Chansey|brn\n|\n|-weather|Sandstorm|[upkeep]\n|-damage|p1a: Chansey|36\/100 brn|[from] Sandstorm\n|-damage|p2a: Tricking|70\/100 tox|[from] Sandstorm\n|-damage|p2a: Tricking|58\/100 tox|[from] psn\n|-damage|p1a: Chansey|30\/100 brn|[from] brn\n|upkeep\n|turn|50\n|\n|t:|1662603848\n|move|p1a: Chansey|Soft-Boiled|p1a: Chansey\n|-heal|p1a: Chansey|80\/100 brn\n|move|p2a: Tricking|Future Sight|p1a: Chansey\n|-start|p2a: Tricking|move: Future Sight\n|\n|-weather|Sandstorm|[upkeep]\n|-damage|p1a: Chansey|74\/100 brn|[from] Sandstorm\n|-damage|p2a: Tricking|52\/100 tox|[from] Sandstorm\n|-damage|p2a: Tricking|33\/100 tox|[from] psn\n|-damage|p1a: Chansey|68\/100 brn|[from] brn\n|upkeep\n|turn|51\n|\n|t:|1662603853\n|switch|p2a: Tornadus|Tornadus-Therian, M, shiny|100\/100 tox\n|move|p1a: Chansey|Aromatherapy|p1a: Chansey\n|-activate|p1a: Chansey|move: Aromatherapy\n|-curestatus|p1a: Chansey|brn|[msg]\n|-curestatus|p1: Corviknight|slp|[msg]\n|\n|-weather|none\n|-damage|p2a: Tornadus|94\/100 tox|[from] psn\n|upkeep\n|turn|52\n|\n|t:|1662603858\n|move|p2a: Tornadus|U-turn|p1a: Chansey\n|-damage|p1a: Chansey|59\/100\n|\n|t:|1662603861\n|switch|p2a: Amoonguss|Amoonguss, F|100\/100|[from]move: U-turn\n|-damage|p2a: Amoonguss|88\/100|[from] Stealth Rock\n|move|p1a: Chansey|Soft-Boiled|p1a: Chansey\n|-heal|p1a: Chansey|100\/100\n|\n|-end|p1a: Chansey|move: Future Sight\n|-damage|p1a: Chansey|87\/100\n|upkeep\n|turn|53\n|\n|t:|1662603873\n|switch|p1a: Tangrowth|Tangrowth, M|95\/100\n|-damage|p1a: Tangrowth|83\/100|[from] Stealth Rock\n|switch|p2a: Tornadus|Tornadus-Therian, M, shiny|100\/100 tox\n|\n|-damage|p2a: Tornadus|94\/100 tox|[from] psn\n|upkeep\n|turn|54\n|\n|t:|1662603879\n|switch|p1a: Hippowdon|Hippowdon, F|80\/100\n|-damage|p1a: Hippowdon|74\/100|[from] Stealth Rock\n|-weather|Sandstorm|[from] ability: Sand Stream|[of] p1a: Hippowdon\n|move|p2a: Tornadus|Hurricane|p1a: Hippowdon\n|-damage|p1a: Hippowdon|46\/100\n|-start|p1a: Hippowdon|confusion\n|\n|-weather|Sandstorm|[upkeep]\n|-damage|p2a: Tornadus|88\/100 tox|[from] Sandstorm\n|-damage|p2a: Tornadus|76\/100 tox|[from] psn\n|upkeep\n|turn|55\n|\n|t:|1662603885\n|move|p2a: Tornadus|U-turn|p1a: Hippowdon\n|-damage|p1a: Hippowdon|35\/100\n|\n|t:|1662603886\n|switch|p2a: Tapu Fini|Tapu Fini|94\/100|[from]move: U-turn\n|-damage|p2a: Tapu Fini|82\/100|[from] Stealth Rock\n|-fieldstart|move: Misty Terrain|[from] ability: Misty Surge|[of] p2a: Tapu Fini\n|-activate|p1a: Hippowdon|confusion\n|move|p1a: Hippowdon|Slack Off|p1a: Hippowdon\n|-heal|p1a: Hippowdon|85\/100\n|\n|-weather|Sandstorm|[upkeep]\n|-damage|p2a: Tapu Fini|75\/100|[from] Sandstorm\n|-heal|p2a: Tapu Fini|82\/100|[from] item: Leftovers\n|upkeep\n|turn|56\n|j| asadbin\n|\n|t:|1662603890\n|switch|p1a: Chansey|Chansey, F|87\/100\n|-damage|p1a: Chansey|75\/100|[from] Stealth Rock\n|move|p2a: Tapu Fini|Calm Mind|p2a: Tapu Fini\n|-boost|p2a: Tapu Fini|spa|1\n|-boost|p2a: Tapu Fini|spd|1\n|\n|-weather|Sandstorm|[upkeep]\n|-damage|p2a: Tapu Fini|75\/100|[from] Sandstorm\n|-damage|p1a: Chansey|69\/100|[from] Sandstorm\n|-heal|p2a: Tapu Fini|82\/100|[from] item: Leftovers\n|upkeep\n|turn|57\n|\n|t:|1662603892\n|move|p2a: Tapu Fini|Draining Kiss|p1a: Chansey\n|-damage|p1a: Chansey|61\/100\n|-heal|p2a: Tapu Fini|94\/100|[from] drain|[of] p1a: Chansey\n|move|p1a: Chansey|Seismic Toss|p2a: Tapu Fini\n|-damage|p2a: Tapu Fini|64\/100\n|\n|-weather|Sandstorm|[upkeep]\n|-damage|p2a: Tapu Fini|58\/100|[from] Sandstorm\n|-damage|p1a: Chansey|55\/100|[from] Sandstorm\n|-heal|p2a: Tapu Fini|64\/100|[from] item: Leftovers\n|upkeep\n|turn|58\n|\n|t:|1662603895\n|switch|p2a: Tricking|Slowking, M, shiny|66\/100 tox\n|-damage|p2a: Tricking|54\/100 tox|[from] Stealth Rock\n|move|p1a: Chansey|Soft-Boiled|p1a: Chansey\n|-heal|p1a: Chansey|100\/100\n|\n|-weather|none\n|-damage|p2a: Tricking|48\/100 tox|[from] psn\n|upkeep\n|turn|59\n|\n|t:|1662603900\n|switch|p1a: Corviknight|Corviknight, F|19\/100\n|-damage|p1a: Corviknight|7\/100|[from] Stealth Rock\n|-ability|p1a: Corviknight|Pressure\n|move|p2a: Tricking|Future Sight|p1a: Corviknight\n|-start|p2a: Tricking|move: Future Sight\n|\n|-heal|p1a: Corviknight|13\/100|[from] item: Leftovers\n|-damage|p2a: Tricking|36\/100 tox|[from] psn\n|-fieldend|Misty Terrain\n|upkeep\n|turn|60\n|\n|t:|1662603902\n|move|p1a: Corviknight|Roost|p1a: Corviknight\n|-heal|p1a: Corviknight|63\/100\n|-singleturn|p1a: Corviknight|move: Roost\n|move|p2a: Tricking|Flamethrower|p1a: Corviknight\n|-supereffective|p1a: Corviknight\n|-damage|p1a: Corviknight|27\/100\n|\n|-heal|p1a: Corviknight|33\/100|[from] item: Leftovers\n|-damage|p2a: Tricking|18\/100 tox|[from] psn\n|upkeep\n|turn|61\n|\n|t:|1662603904\n|switch|p2a: Tornadus|Tornadus-Therian, M, shiny|100\/100 tox\n|move|p1a: Corviknight|Roost|p1a: Corviknight\n|-heal|p1a: Corviknight|83\/100\n|-singleturn|p1a: Corviknight|move: Roost\n|\n|-end|p1a: Corviknight|move: Future Sight\n|-resisted|p1a: Corviknight\n|-damage|p1a: Corviknight|66\/100\n|-heal|p1a: Corviknight|72\/100|[from] item: Leftovers\n|-damage|p2a: Tornadus|94\/100 tox|[from] psn\n|upkeep\n|turn|62\n|\n|t:|1662603906\n|switch|p1a: Hippowdon|Hippowdon, F|85\/100\n|-damage|p1a: Hippowdon|79\/100|[from] Stealth Rock\n|-weather|Sandstorm|[from] ability: Sand Stream|[of] p1a: Hippowdon\n|move|p2a: Tornadus|Knock Off|p1a: Hippowdon\n|-damage|p1a: Hippowdon|69\/100\n|\n|-weather|Sandstorm|[upkeep]\n|-damage|p2a: Tornadus|88\/100 tox|[from] Sandstorm\n|-damage|p2a: Tornadus|76\/100 tox|[from] psn\n|upkeep\n|turn|63\n|\n|t:|1662603913\n|move|p2a: Tornadus|U-turn|p1a: Hippowdon\n|-damage|p1a: Hippowdon|57\/100\n|\n|t:|1662603914\n|switch|p2a: Tricking|Slowking, M, shiny|51\/100 tox|[from]move: U-turn\n|-damage|p2a: Tricking|38\/100 tox|[from] Stealth Rock\n|move|p1a: Hippowdon|Slack Off|p1a: Hippowdon\n|-heal|p1a: Hippowdon|100\/100\n|\n|-weather|Sandstorm|[upkeep]\n|-damage|p2a: Tricking|32\/100 tox|[from] Sandstorm\n|-damage|p2a: Tricking|26\/100 tox|[from] psn\n|upkeep\n|turn|64\n|\n|t:|1662603931\n|switch|p1a: Corviknight|Corviknight, F|72\/100\n|-damage|p1a: Corviknight|59\/100|[from] Stealth Rock\n|-ability|p1a: Corviknight|Pressure\n|switch|p2a: Amoonguss|Amoonguss, F|100\/100\n|-damage|p2a: Amoonguss|88\/100|[from] Stealth Rock\n|\n|-weather|Sandstorm|[upkeep]\n|-damage|p2a: Amoonguss|82\/100|[from] Sandstorm\n|-heal|p1a: Corviknight|66\/100|[from] item: Leftovers\n|upkeep\n|turn|65\n|\n|t:|1662603935\n|switch|p2a: Tapu Fini|Tapu Fini|64\/100\n|-damage|p2a: Tapu Fini|52\/100|[from] Stealth Rock\n|-fieldstart|move: Misty Terrain|[from] ability: Misty Surge|[of] p2a: Tapu Fini\n|move|p1a: Corviknight|Defog|p2a: Tapu Fini\n|-unboost|p2a: Tapu Fini|evasion|1\n|-sideend|p2: Yoyolord|Stealth Rock|[from] move: Defog|[of] p1a: Corviknight\n|-sideend|p1: galarian dragapult|Stealth Rock|[from] move: Defog|[of] p1a: Corviknight\n|-fieldend|Misty Terrain\n|\n|-weather|Sandstorm|[upkeep]\n|-damage|p2a: Tapu Fini|46\/100|[from] Sandstorm\n|-heal|p2a: Tapu Fini|52\/100|[from] item: Leftovers\n|-heal|p1a: Corviknight|72\/100|[from] item: Leftovers\n|upkeep\n|turn|66\n|\n|t:|1662603941\n|switch|p1a: Chansey|Chansey, F|100\/100\n|move|p2a: Tapu Fini|Draining Kiss|p1a: Chansey\n|-damage|p1a: Chansey|96\/100\n|-heal|p2a: Tapu Fini|59\/100|[from] drain|[of] p1a: Chansey\n|\n|-weather|none\n|-heal|p2a: Tapu Fini|65\/100|[from] item: Leftovers\n|upkeep\n|turn|67\n|\n|t:|1662603945\n|switch|p2a: Amoonguss|Amoonguss, F|100\/100\n|move|p1a: Chansey|Seismic Toss|p2a: Amoonguss\n|-damage|p2a: Amoonguss|77\/100\n|\n|upkeep\n|turn|68\n|\n|t:|1662603951\n|move|p1a: Chansey|Seismic Toss|p2a: Amoonguss\n|-damage|p2a: Amoonguss|54\/100\n|move|p2a: Amoonguss|Giga Drain|p1a: Chansey\n|-damage|p1a: Chansey|89\/100\n|-heal|p2a: Amoonguss|60\/100|[from] drain|[of] p1a: Chansey\n|\n|upkeep\n|turn|69\n|\n|t:|1662603953\n|switch|p2a: Tornadus|Tornadus-Therian, M, shiny|100\/100 tox\n|move|p1a: Chansey|Seismic Toss|p2a: Tornadus\n|-damage|p2a: Tornadus|73\/100 tox\n|\n|-damage|p2a: Tornadus|67\/100 tox|[from] psn\n|upkeep\n|turn|70\n|\n|t:|1662603956\n|switch|p1a: Hippowdon|Hippowdon, F|100\/100\n|-weather|Sandstorm|[from] ability: Sand Stream|[of] p1a: Hippowdon\n|move|p2a: Tornadus|Knock Off|p1a: Hippowdon\n|-damage|p1a: Hippowdon|91\/100\n|\n|-weather|Sandstorm|[upkeep]\n|-damage|p2a: Tornadus|61\/100 tox|[from] Sandstorm\n|-damage|p2a: Tornadus|48\/100 tox|[from] psn\n|upkeep\n|turn|71\n|\n|t:|1662603958\n|move|p2a: Tornadus|U-turn|p1a: Hippowdon\n|-damage|p1a: Hippowdon|81\/100\n|\n|t:|1662603959\n|switch|p2a: Amoonguss|Amoonguss, F|94\/100|[from]move: U-turn\n|move|p1a: Hippowdon|Stealth Rock|p2a: Amoonguss\n|-sidestart|p2: Yoyolord|move: Stealth Rock\n|\n|-weather|Sandstorm|[upkeep]\n|-damage|p2a: Amoonguss|87\/100|[from] Sandstorm\n|upkeep\n|turn|72\n|\n|t:|1662603961\n|switch|p1a: Chansey|Chansey, F|89\/100\n|switch|p2a: Tornadus|Tornadus-Therian, M, shiny|82\/100 tox\n|\n|-weather|Sandstorm|[upkeep]\n|-damage|p2a: Tornadus|76\/100 tox|[from] Sandstorm\n|-damage|p1a: Chansey|82\/100|[from] Sandstorm\n|-damage|p2a: Tornadus|69\/100 tox|[from] psn\n|upkeep\n|turn|73\n|\n|t:|1662603963\n|switch|p2a: Amoonguss|Amoonguss, F|100\/100\n|-damage|p2a: Amoonguss|88\/100|[from] Stealth Rock\n|switch|p1a: Hippowdon|Hippowdon, F|81\/100\n|\n|-weather|Sandstorm|[upkeep]\n|-damage|p2a: Amoonguss|82\/100|[from] Sandstorm\n|upkeep\n|turn|74\n|\n|t:|1662603965\n|switch|p1a: Chansey|Chansey, F|82\/100\n|switch|p2a: Tornadus|Tornadus-Therian, M, shiny|100\/100 tox\n|\n|-weather|none\n|-damage|p2a: Tornadus|94\/100 tox|[from] psn\n|upkeep\n|turn|75\n|\n|t:|1662603966\n|switch|p2a: Amoonguss|Amoonguss, F|100\/100\n|-damage|p2a: Amoonguss|88\/100|[from] Stealth Rock\n|switch|p1a: Hippowdon|Hippowdon, F|81\/100\n|-weather|Sandstorm|[from] ability: Sand Stream|[of] p1a: Hippowdon\n|\n|-weather|Sandstorm|[upkeep]\n|-damage|p2a: Amoonguss|82\/100|[from] Sandstorm\n|upkeep\n|turn|76\n|\n|t:|1662603968\n|switch|p1a: Chansey|Chansey, F|82\/100\n|switch|p2a: Tornadus|Tornadus-Therian, M, shiny|100\/100 tox\n|\n|-weather|Sandstorm|[upkeep]\n|-damage|p2a: Tornadus|94\/100 tox|[from] Sandstorm\n|-damage|p1a: Chansey|76\/100|[from] Sandstorm\n|-damage|p2a: Tornadus|88\/100 tox|[from] psn\n|upkeep\n|turn|77\n|\n|t:|1662603969\n|switch|p2a: Amoonguss|Amoonguss, F|100\/100\n|-damage|p2a: Amoonguss|88\/100|[from] Stealth Rock\n|switch|p1a: Hippowdon|Hippowdon, F|81\/100\n|\n|-weather|Sandstorm|[upkeep]\n|-damage|p2a: Amoonguss|82\/100|[from] Sandstorm\n|upkeep\n|turn|78\n|\n|t:|1662603971\n|switch|p1a: Chansey|Chansey, F|76\/100\n|switch|p2a: Tornadus|Tornadus-Therian, M, shiny|100\/100 tox\n|\n|-weather|Sandstorm|[upkeep]\n|-damage|p2a: Tornadus|94\/100 tox|[from] Sandstorm\n|-damage|p1a: Chansey|70\/100|[from] Sandstorm\n|-damage|p2a: Tornadus|88\/100 tox|[from] psn\n|upkeep\n|turn|79\n|\n|t:|1662603972\n|switch|p2a: Amoonguss|Amoonguss, F|100\/100\n|-damage|p2a: Amoonguss|88\/100|[from] Stealth Rock\n|switch|p1a: Hippowdon|Hippowdon, F|81\/100\n|\n|-weather|none\n|upkeep\n|turn|80\n|\n|t:|1662603974\n|switch|p1a: Chansey|Chansey, F|70\/100\n|switch|p2a: Tornadus|Tornadus-Therian, M, shiny|100\/100 tox\n|\n|-damage|p2a: Tornadus|94\/100 tox|[from] psn\n|upkeep\n|turn|81\n|\n|t:|1662603975\n|switch|p2a: Amoonguss|Amoonguss, F|100\/100\n|-damage|p2a: Amoonguss|88\/100|[from] Stealth Rock\n|move|p1a: Chansey|Soft-Boiled|p1a: Chansey\n|-heal|p1a: Chansey|100\/100\n|\n|upkeep\n|turn|82\n|\n|t:|1662603977\n|switch|p2a: Tornadus|Tornadus-Therian, M, shiny|100\/100 tox\n|move|p1a: Chansey|Seismic Toss|p2a: Tornadus\n|-damage|p2a: Tornadus|73\/100 tox\n|\n|-damage|p2a: Tornadus|67\/100 tox|[from] psn\n|upkeep\n|turn|83\n|\n|t:|1662603979\n|switch|p2a: Amoonguss|Amoonguss, F|100\/100\n|-damage|p2a: Amoonguss|88\/100|[from] Stealth Rock\n|move|p1a: Chansey|Seismic Toss|p2a: Amoonguss\n|-damage|p2a: Amoonguss|65\/100\n|\n|upkeep\n|turn|84\n|\n|t:|1662603980\n|switch|p2a: Tornadus|Tornadus-Therian, M, shiny|99\/100 tox\n|move|p1a: Chansey|Seismic Toss|p2a: Tornadus\n|-damage|p2a: Tornadus|72\/100 tox\n|\n|-damage|p2a: Tornadus|66\/100 tox|[from] psn\n|upkeep\n|turn|85\n|\n|t:|1662603988\n|switch|p1a: Tapu Fini|Tapu Fini|56\/100\n|-fieldstart|move: Misty Terrain|[from] ability: Misty Surge|[of] p1a: Tapu Fini\n|move|p2a: Tornadus|Knock Off|p1a: Tapu Fini\n|-resisted|p1a: Tapu Fini\n|-damage|p1a: Tapu Fini|49\/100\n|-enditem|p1a: Tapu Fini|Leftovers|[from] move: Knock Off|[of] p2a: Tornadus\n|\n|-damage|p2a: Tornadus|54\/100 tox|[from] psn\n|upkeep\n|turn|86\n|\n|t:|1662603993\n|switch|p2a: Amoonguss|Amoonguss, F|98\/100\n|-damage|p2a: Amoonguss|86\/100|[from] Stealth Rock\n|move|p1a: Tapu Fini|Nature's Madness|p2a: Amoonguss|[miss]\n|-miss|p1a: Tapu Fini|p2a: Amoonguss\n|\n|upkeep\n|turn|87\n|l| asadbin\n|\n|t:|1662603999\n|switch|p1a: Volcarona|Volcarona, F|83\/100\n|switch|p2a: Tornadus|Tornadus-Therian, M, shiny|87\/100 tox\n|\n|-damage|p2a: Tornadus|81\/100 tox|[from] psn\n|upkeep\n|turn|88\n|\n|t:|1662604005\n|switch|p1a: Hippowdon|Hippowdon, F|81\/100\n|-weather|Sandstorm|[from] ability: Sand Stream|[of] p1a: Hippowdon\n|move|p2a: Tornadus|Hurricane|p1a: Hippowdon|[miss]\n|-miss|p2a: Tornadus|p1a: Hippowdon\n|\n|-weather|Sandstorm|[upkeep]\n|-damage|p2a: Tornadus|75\/100 tox|[from] Sandstorm\n|-damage|p2a: Tornadus|63\/100 tox|[from] psn\n|upkeep\n|turn|89\n|\n|t:|1662604009\n|switch|p2a: Amoonguss|Amoonguss, F|100\/100\n|-damage|p2a: Amoonguss|88\/100|[from] Stealth Rock\n|move|p1a: Hippowdon|Earthquake|p2a: Amoonguss\n|-damage|p2a: Amoonguss|62\/100\n|\n|-weather|Sandstorm|[upkeep]\n|-damage|p2a: Amoonguss|56\/100|[from] Sandstorm\n|-fieldend|Misty Terrain\n|upkeep\n|turn|90\n|\n|t:|1662604015\n|switch|p1a: Chansey|Chansey, F|100\/100\n|switch|p2a: Tornadus|Tornadus-Therian, M, shiny|96\/100 tox\n|\n|-weather|Sandstorm|[upkeep]\n|-damage|p2a: Tornadus|90\/100 tox|[from] Sandstorm\n|-damage|p1a: Chansey|94\/100|[from] Sandstorm\n|-damage|p2a: Tornadus|84\/100 tox|[from] psn\n|upkeep\n|turn|91\n|\n|t:|1662604021\n|switch|p2a: Amoonguss|Amoonguss, F|89\/100\n|-damage|p2a: Amoonguss|77\/100|[from] Stealth Rock\n|switch|p1a: Hippowdon|Hippowdon, F|81\/100\n|\n|-weather|Sandstorm|[upkeep]\n|-damage|p2a: Amoonguss|71\/100|[from] Sandstorm\n|upkeep\n|turn|92\n|\n|t:|1662604026\n|switch|p1a: Corviknight|Corviknight, F|72\/100\n|-ability|p1a: Corviknight|Pressure\n|switch|p2a: Tornadus|Tornadus-Therian, M, shiny|100\/100 tox\n|\n|-weather|none\n|-heal|p1a: Corviknight|78\/100|[from] item: Leftovers\n|-damage|p2a: Tornadus|94\/100 tox|[from] psn\n|upkeep\n|turn|93\n|\n|t:|1662604035\n|move|p2a: Tornadus|Defog|p1a: Corviknight\n|-unboost|p1a: Corviknight|evasion|1\n|-sideend|p2: Yoyolord|Stealth Rock|[from] move: Defog|[of] p2a: Tornadus\n|move|p1a: Corviknight|Brave Bird|p2a: Tornadus\n|-damage|p2a: Tornadus|56\/100 tox\n|-damage|p1a: Corviknight|67\/100|[from] Recoil\n|\n|-heal|p1a: Corviknight|73\/100|[from] item: Leftovers\n|-damage|p2a: Tornadus|44\/100 tox|[from] psn\n|upkeep\n|turn|94\n|\n|t:|1662604041\n|switch|p2a: Hippowdon|Hippowdon, F|100\/100\n|-weather|Sandstorm|[from] ability: Sand Stream|[of] p2a: Hippowdon\n|move|p1a: Corviknight|Brave Bird|p2a: Hippowdon\n|-damage|p2a: Hippowdon|74\/100\n|-damage|p1a: Corviknight|64\/100|[from] Recoil\n|\n|-weather|Sandstorm|[upkeep]\n|-heal|p1a: Corviknight|70\/100|[from] item: Leftovers\n|-heal|p2a: Hippowdon|80\/100|[from] item: Leftovers\n|upkeep\n|turn|95\n|\n|t:|1662604054\n|switch|p2a: Tornadus|Tornadus-Therian, M, shiny|77\/100 tox\n|move|p1a: Corviknight|Body Press|p2a: Tornadus\n|-resisted|p2a: Tornadus\n|-crit|p2a: Tornadus\n|-damage|p2a: Tornadus|57\/100 tox\n|\n|-weather|Sandstorm|[upkeep]\n|-damage|p2a: Tornadus|51\/100 tox|[from] Sandstorm\n|-heal|p1a: Corviknight|76\/100|[from] item: Leftovers\n|-damage|p2a: Tornadus|45\/100 tox|[from] psn\n|upkeep\n|turn|96\n|\n|t:|1662604058\n|switch|p2a: Hippowdon|Hippowdon, F|80\/100\n|move|p1a: Corviknight|Brave Bird|p2a: Hippowdon\n|-damage|p2a: Hippowdon|53\/100\n|-damage|p1a: Corviknight|67\/100|[from] Recoil\n|\n|-weather|Sandstorm|[upkeep]\n|-heal|p1a: Corviknight|73\/100|[from] item: Leftovers\n|-heal|p2a: Hippowdon|60\/100|[from] item: Leftovers\n|upkeep\n|turn|97\n|\n|t:|1662604061\n|move|p1a: Corviknight|Brave Bird|p2a: Hippowdon\n|-damage|p2a: Hippowdon|36\/100\n|-damage|p1a: Corviknight|65\/100|[from] Recoil\n|move|p2a: Hippowdon|Slack Off|p2a: Hippowdon\n|-heal|p2a: Hippowdon|86\/100\n|\n|-weather|Sandstorm|[upkeep]\n|-heal|p1a: Corviknight|71\/100|[from] item: Leftovers\n|-heal|p2a: Hippowdon|92\/100|[from] item: Leftovers\n|upkeep\n|turn|98\n|\n|t:|1662604065\n|move|p1a: Corviknight|Brave Bird|p2a: Hippowdon\n|-damage|p2a: Hippowdon|65\/100\n|-damage|p1a: Corviknight|62\/100|[from] Recoil\n|move|p2a: Hippowdon|Stealth Rock|p1a: Corviknight\n|-sidestart|p1: galarian dragapult|move: Stealth Rock\n|\n|-weather|none\n|-heal|p1a: Corviknight|68\/100|[from] item: Leftovers\n|-heal|p2a: Hippowdon|71\/100|[from] item: Leftovers\n|upkeep\n|turn|99\n|\n|t:|1662604069\n|switch|p2a: Tapu Fini|Tapu Fini|65\/100\n|-fieldstart|move: Misty Terrain|[from] ability: Misty Surge|[of] p2a: Tapu Fini\n|move|p1a: Corviknight|Defog|p2a: Tapu Fini\n|-unboost|p2a: Tapu Fini|evasion|1\n|-sideend|p1: galarian dragapult|Stealth Rock|[from] move: Defog|[of] p1a: Corviknight\n|-fieldend|Misty Terrain\n|\n|-heal|p2a: Tapu Fini|71\/100|[from] item: Leftovers\n|-heal|p1a: Corviknight|74\/100|[from] item: Leftovers\n|upkeep\n|turn|100\n|\n|t:|1662604075\n|switch|p1a: Chansey|Chansey, F|94\/100\n|move|p2a: Tapu Fini|Calm Mind|p2a: Tapu Fini\n|-boost|p2a: Tapu Fini|spa|1\n|-boost|p2a: Tapu Fini|spd|1\n|\n|-heal|p2a: Tapu Fini|78\/100|[from] item: Leftovers\n|upkeep\n|turn|101\n|\n|t:|1662604079\n|switch|p2a: Amoonguss|Amoonguss, F|100\/100\n|move|p1a: Chansey|Seismic Toss|p2a: Amoonguss\n|-damage|p2a: Amoonguss|77\/100\n|\n|upkeep\n|turn|102\n|\n|t:|1662604084\n|switch|p1a: Tangrowth|Tangrowth, M|100\/100\n|switch|p2a: Tornadus|Tornadus-Therian, M, shiny|78\/100 tox\n|\n|-damage|p2a: Tornadus|72\/100 tox|[from] psn\n|upkeep\n|turn|103\n|\n|t:|1662604087\n|switch|p2a: Amoonguss|Amoonguss, F|100\/100\n|move|p1a: Tangrowth|Knock Off|p2a: Amoonguss\n|-damage|p2a: Amoonguss|90\/100\n|\n|upkeep\n|turn|104\n|\n|t:|1662604092\n|switch|p2a: Tornadus|Tornadus-Therian, M, shiny|100\/100 tox\n|move|p1a: Tangrowth|Knock Off|p2a: Tornadus\n|-damage|p2a: Tornadus|76\/100 tox\n|-enditem|p2a: Tornadus|Heavy-Duty Boots|[from] move: Knock Off|[of] p1a: Tangrowth\n|\n|-damage|p2a: Tornadus|69\/100 tox|[from] psn\n|upkeep\n|turn|105\n|\n|t:|1662604097\n|switch|p2a: Amoonguss|Amoonguss, F|100\/100\n|switch|p1a: Hippowdon|Hippowdon, F|81\/100\n|-weather|Sandstorm|[from] ability: Sand Stream|[of] p1a: Hippowdon\n|\n|-weather|Sandstorm|[upkeep]\n|-damage|p2a: Amoonguss|94\/100|[from] Sandstorm\n|upkeep\n|turn|106\n|\n|t:|1662604101\n|switch|p2a: Tornadus|Tornadus-Therian, M, shiny|100\/100 tox\n|move|p1a: Hippowdon|Stealth Rock|p2a: Tornadus\n|-sidestart|p2: Yoyolord|move: Stealth Rock\n|\n|-weather|Sandstorm|[upkeep]\n|-damage|p2a: Tornadus|94\/100 tox|[from] Sandstorm\n|-damage|p2a: Tornadus|88\/100 tox|[from] psn\n|upkeep\n|turn|107\n|\n|t:|1662604107\n|switch|p1a: Corviknight|Corviknight, F|74\/100\n|-ability|p1a: Corviknight|Pressure\n|move|p2a: Tornadus|Defog|p1a: Corviknight\n|-unboost|p1a: Corviknight|evasion|1\n|-sideend|p2: Yoyolord|Stealth Rock|[from] move: Defog|[of] p2a: Tornadus\n|\n|-weather|Sandstorm|[upkeep]\n|-damage|p2a: Tornadus|82\/100 tox|[from] Sandstorm\n|-heal|p1a: Corviknight|80\/100|[from] item: Leftovers\n|-damage|p2a: Tornadus|70\/100 tox|[from] psn\n|upkeep\n|turn|108\n|\n|t:|1662604112\n|move|p2a: Tornadus|U-turn|p1a: Corviknight\n|-resisted|p1a: Corviknight\n|-damage|p1a: Corviknight|78\/100\n|\n|t:|1662604114\n|switch|p2a: Hippowdon|Hippowdon, F|71\/100|[from]move: U-turn\n|move|p1a: Corviknight|Brave Bird|p2a: Hippowdon\n|-damage|p2a: Hippowdon|47\/100\n|-damage|p1a: Corviknight|70\/100|[from] Recoil\n|\n|-weather|Sandstorm|[upkeep]\n|-heal|p1a: Corviknight|76\/100|[from] item: Leftovers\n|-heal|p2a: Hippowdon|53\/100|[from] item: Leftovers\n|upkeep\n|turn|109\n|\n|t:|1662604117\n|move|p1a: Corviknight|Body Press|p2a: Hippowdon\n|-crit|p2a: Hippowdon\n|-damage|p2a: Hippowdon|28\/100\n|move|p2a: Hippowdon|Slack Off|p2a: Hippowdon\n|-heal|p2a: Hippowdon|78\/100\n|\n|-weather|none\n|-heal|p1a: Corviknight|82\/100|[from] item: Leftovers\n|-heal|p2a: Hippowdon|84\/100|[from] item: Leftovers\n|upkeep\n|turn|110\n|\n|t:|1662604120\n|move|p1a: Corviknight|Body Press|p2a: Hippowdon\n|-damage|p2a: Hippowdon|68\/100\n|move|p2a: Hippowdon|Stealth Rock|p1a: Corviknight\n|-sidestart|p1: galarian dragapult|move: Stealth Rock\n|\n|-heal|p1a: Corviknight|88\/100|[from] item: Leftovers\n|-heal|p2a: Hippowdon|74\/100|[from] item: Leftovers\n|upkeep\n|turn|111\n|\n|t:|1662604122\n|move|p1a: Corviknight|Defog|p2a: Hippowdon\n|-unboost|p2a: Hippowdon|evasion|1\n|-sideend|p1: galarian dragapult|Stealth Rock|[from] move: Defog|[of] p1a: Corviknight\n|move|p2a: Hippowdon|Toxic|p1a: Corviknight\n|-immune|p1a: Corviknight\n|\n|-heal|p1a: Corviknight|95\/100|[from] item: Leftovers\n|-heal|p2a: Hippowdon|80\/100|[from] item: Leftovers\n|upkeep\n|turn|112\n|\n|t:|1662604124\n|move|p1a: Corviknight|Body Press|p2a: Hippowdon\n|-damage|p2a: Hippowdon|64\/100\n|move|p2a: Hippowdon|Stealth Rock|p1a: Corviknight\n|-sidestart|p1: galarian dragapult|move: Stealth Rock\n|\n|-heal|p1a: Corviknight|100\/100|[from] item: Leftovers\n|-heal|p2a: Hippowdon|70\/100|[from] item: Leftovers\n|upkeep\n|turn|113\n|\n|t:|1662604129\n|switch|p2a: Tapu Fini|Tapu Fini|78\/100\n|-fieldstart|move: Misty Terrain|[from] ability: Misty Surge|[of] p2a: Tapu Fini\n|move|p1a: Corviknight|Defog|p2a: Tapu Fini\n|-unboost|p2a: Tapu Fini|evasion|1\n|-sideend|p1: galarian dragapult|Stealth Rock|[from] move: Defog|[of] p1a: Corviknight\n|-fieldend|Misty Terrain\n|\n|-heal|p2a: Tapu Fini|84\/100|[from] item: Leftovers\n|upkeep\n|turn|114\n|\n|t:|1662604132\n|switch|p2a: Tornadus|Tornadus-Therian, M, shiny|100\/100 tox\n|switch|p1a: Chansey|Chansey, F|94\/100\n|\n|-damage|p2a: Tornadus|94\/100 tox|[from] psn\n|upkeep\n|turn|115\n|\n|t:|1662604137\n|switch|p2a: Amoonguss|Amoonguss, F|100\/100\n|move|p1a: Chansey|Seismic Toss|p2a: Amoonguss\n|-damage|p2a: Amoonguss|77\/100\n|\n|upkeep\n|turn|116\n|\n|t:|1662604140\n|switch|p1a: Tangrowth|Tangrowth, M|100\/100\n|switch|p2a: Tornadus|Tornadus-Therian, M, shiny|100\/100 tox\n|\n|-damage|p2a: Tornadus|94\/100 tox|[from] psn\n|upkeep\n|turn|117\n|j| ParroTiest\n|\n|t:|1662604146\n|move|p2a: Tornadus|Knock Off|p1a: Tangrowth\n|-crit|p1a: Tangrowth\n|-damage|p1a: Tangrowth|85\/100\n|-damage|p2a: Tornadus|78\/100 tox|[from] item: Rocky Helmet|[of] p1a: Tangrowth\n|-enditem|p1a: Tangrowth|Rocky Helmet|[from] move: Knock Off|[of] p2a: Tornadus\n|move|p1a: Tangrowth|Infestation|p2a: Tornadus\n|-resisted|p2a: Tornadus\n|-crit|p2a: Tornadus\n|-damage|p2a: Tornadus|74\/100 tox\n|-activate|p2a: Tornadus|move: Infestation|[of] p1a: Tangrowth\n|\n|-damage|p2a: Tornadus|62\/100 tox|[from] psn\n|-damage|p2a: Tornadus|49\/100 tox|[from] move: Infestation|[partiallytrapped]\n|upkeep\n|turn|118\n|\n|t:|1662604151\n|move|p2a: Tornadus|U-turn|p1a: Tangrowth\n|-supereffective|p1a: Tangrowth\n|-damage|p1a: Tangrowth|70\/100\n|\n|t:|1662604153\n|switch|p2a: Amoonguss|Amoonguss, F|100\/100|[from]move: U-turn\n|move|p1a: Tangrowth|Infestation|p2a: Amoonguss\n|-crit|p2a: Amoonguss\n|-damage|p2a: Amoonguss|93\/100\n|-activate|p2a: Amoonguss|move: Infestation|[of] p1a: Tangrowth\n|\n|-damage|p2a: Amoonguss|81\/100|[from] move: Infestation|[partiallytrapped]\n|upkeep\n|turn|119\n|\n|t:|1662604157\n|move|p1a: Tangrowth|Knock Off|p2a: Amoonguss\n|-damage|p2a: Amoonguss|69\/100\n|move|p2a: Amoonguss|Clear Smog|p1a: Tangrowth\n|-supereffective|p1a: Tangrowth\n|-damage|p1a: Tangrowth|25\/100\n|-clearboost|p1a: Tangrowth\n|\n|-damage|p2a: Amoonguss|57\/100|[from] move: Infestation|[partiallytrapped]\n|upkeep\n|turn|120\n|\n|t:|1662604159\n|switch|p1a: Hippowdon|Hippowdon, F|81\/100\n|-weather|Sandstorm|[from] ability: Sand Stream|[of] p1a: Hippowdon\n|move|p2a: Amoonguss|Clear Smog|p1a: Hippowdon\n|-resisted|p1a: Hippowdon\n|-damage|p1a: Hippowdon|76\/100\n|-clearboost|p1a: Hippowdon\n|\n|-weather|Sandstorm|[upkeep]\n|-damage|p2a: Amoonguss|50\/100|[from] Sandstorm\n|-end|p2a: Amoonguss|Infestation|[partiallytrapped]|[silent]\n|upkeep\n|turn|121\n|\n|t:|1662604160\n|move|p1a: Hippowdon|Stealth Rock|p2a: Amoonguss\n|-sidestart|p2: Yoyolord|move: Stealth Rock\n|move|p2a: Amoonguss|Giga Drain|p1a: Hippowdon\n|-supereffective|p1a: Hippowdon\n|-damage|p1a: Hippowdon|46\/100\n|-heal|p2a: Amoonguss|65\/100|[from] drain|[of] p1a: Hippowdon\n|\n|-weather|Sandstorm|[upkeep]\n|-damage|p2a: Amoonguss|59\/100|[from] Sandstorm\n|upkeep\n|turn|122\n|\n|t:|1662604162\n|switch|p2a: Tornadus|Tornadus-Therian, M, shiny|82\/100 tox\n|-damage|p2a: Tornadus|58\/100 tox|[from] Stealth Rock\n|move|p1a: Hippowdon|Slack Off|p1a: Hippowdon\n|-heal|p1a: Hippowdon|96\/100\n|\n|-weather|Sandstorm|[upkeep]\n|-damage|p2a: Tornadus|51\/100 tox|[from] Sandstorm\n|-damage|p2a: Tornadus|45\/100 tox|[from] psn\n|upkeep\n|turn|123\n|\n|t:|1662604165\n|switch|p1a: Corviknight|Corviknight, F|100\/100\n|-ability|p1a: Corviknight|Pressure\n|move|p2a: Tornadus|Defog|p1a: Corviknight\n|-unboost|p1a: Corviknight|evasion|1\n|-sideend|p2: Yoyolord|Stealth Rock|[from] move: Defog|[of] p2a: Tornadus\n|\n|-weather|Sandstorm|[upkeep]\n|-damage|p2a: Tornadus|39\/100 tox|[from] Sandstorm\n|-damage|p2a: Tornadus|27\/100 tox|[from] psn\n|upkeep\n|turn|124\n|\n|t:|1662604168\n|switch|p1a: Hippowdon|Hippowdon, F|96\/100\n|move|p2a: Tornadus|U-turn|p1a: Hippowdon\n|-damage|p1a: Hippowdon|85\/100\n|\n|t:|1662604170\n|switch|p2a: Tapu Fini|Tapu Fini|84\/100|[from]move: U-turn\n|-fieldstart|move: Misty Terrain|[from] ability: Misty Surge|[of] p2a: Tapu Fini\n|\n|-weather|none\n|-heal|p2a: Tapu Fini|90\/100|[from] item: Leftovers\n|upkeep\n|turn|125\n|\n|t:|1662604173\n|switch|p2a: Tornadus|Tornadus-Therian, M, shiny|60\/100 tox\n|move|p1a: Hippowdon|Stealth Rock|p2a: Tornadus\n|-sidestart|p2: Yoyolord|move: Stealth Rock\n|\n|-damage|p2a: Tornadus|54\/100 tox|[from] psn\n|upkeep\n|turn|126\n|\n|t:|1662604174\n|switch|p1a: Corviknight|Corviknight, F|100\/100\n|-ability|p1a: Corviknight|Pressure\n|move|p2a: Tornadus|Defog|p1a: Corviknight\n|-unboost|p1a: Corviknight|evasion|1\n|-sideend|p2: Yoyolord|Stealth Rock|[from] move: Defog|[of] p2a: Tornadus\n|-fieldend|Misty Terrain\n|\n|-damage|p2a: Tornadus|42\/100 tox|[from] psn\n|upkeep\n|turn|127\n|\n|t:|1662604181\n|switch|p2a: Hippowdon|Hippowdon, F|70\/100\n|-weather|Sandstorm|[from] ability: Sand Stream|[of] p2a: Hippowdon\n|move|p1a: Corviknight|Brave Bird|p2a: Hippowdon\n|-damage|p2a: Hippowdon|44\/100\n|-damage|p1a: Corviknight|91\/100|[from] Recoil\n|\n|-weather|Sandstorm|[upkeep]\n|-heal|p1a: Corviknight|98\/100|[from] item: Leftovers\n|-heal|p2a: Hippowdon|50\/100|[from] item: Leftovers\n|upkeep\n|turn|128\n|\n|t:|1662604183\n|move|p1a: Corviknight|Body Press|p2a: Hippowdon\n|-damage|p2a: Hippowdon|34\/100\n|move|p2a: Hippowdon|Slack Off|p2a: Hippowdon\n|-heal|p2a: Hippowdon|84\/100\n|\n|-weather|Sandstorm|[upkeep]\n|-heal|p1a: Corviknight|100\/100|[from] item: Leftovers\n|-heal|p2a: Hippowdon|90\/100|[from] item: Leftovers\n|upkeep\n|turn|129\n|\n|t:|1662604186\n|move|p1a: Corviknight|Body Press|p2a: Hippowdon\n|-damage|p2a: Hippowdon|73\/100\n|move|p2a: Hippowdon|Stealth Rock|p1a: Corviknight\n|-sidestart|p1: galarian dragapult|move: Stealth Rock\n|\n|-weather|Sandstorm|[upkeep]\n|-heal|p2a: Hippowdon|79\/100|[from] item: Leftovers\n|upkeep\n|turn|130\n|\n|t:|1662604191\n|switch|p2a: Tricking|Slowking, M, shiny|59\/100 tox\n|move|p1a: Corviknight|Defog|p2a: Tricking\n|-unboost|p2a: Tricking|evasion|1\n|-sideend|p1: galarian dragapult|Stealth Rock|[from] move: Defog|[of] p1a: Corviknight\n|\n|-weather|Sandstorm|[upkeep]\n|-damage|p2a: Tricking|53\/100 tox|[from] Sandstorm\n|-damage|p2a: Tricking|47\/100 tox|[from] psn\n|upkeep\n|turn|131\n|\n|t:|1662604194\n|switch|p1a: Tangrowth|Tangrowth, M|58\/100\n|move|p2a: Tricking|Future Sight|p1a: Tangrowth\n|-start|p2a: Tricking|move: Future Sight\n|\n|-weather|none\n|-damage|p2a: Tricking|35\/100 tox|[from] psn\n|upkeep\n|turn|132\n|\n|t:|1662604201\n|switch|p1a: Chansey|Chansey, F|94\/100\n|switch|p2a: Tornadus|Tornadus-Therian, M, shiny|75\/100 tox\n|\n|-damage|p2a: Tornadus|69\/100 tox|[from] psn\n|upkeep\n|turn|133\n|\n|t:|1662604207\n|move|p2a: Tornadus|Knock Off|p1a: Chansey\n|-damage|p1a: Chansey|81\/100\n|-enditem|p1a: Chansey|Eviolite|[from] move: Knock Off|[of] p2a: Tornadus\n|move|p1a: Chansey|Seismic Toss|p2a: Tornadus\n|-damage|p2a: Tornadus|41\/100 tox\n|\n|-end|p1a: Chansey|move: Future Sight\n|-damage|p1a: Chansey|62\/100\n|-damage|p2a: Tornadus|29\/100 tox|[from] psn\n|upkeep\n|turn|134\n|\n|t:|1662604212\n|move|p2a: Tornadus|U-turn|p1a: Chansey\n|-damage|p1a: Chansey|48\/100\n|l| ParroTiest\n|\n|t:|1662604214\n|switch|p2a: Tricking|Slowking, M, shiny|68\/100 tox|[from]move: U-turn\n|move|p1a: Chansey|Soft-Boiled|p1a: Chansey\n|-heal|p1a: Chansey|98\/100\n|\n|-damage|p2a: Tricking|62\/100 tox|[from] psn\n|upkeep\n|turn|135\n|\n|t:|1662604223\n|switch|p1a: Tapu Fini|Tapu Fini|49\/100\n|-fieldstart|move: Misty Terrain|[from] ability: Misty Surge|[of] p1a: Tapu Fini\n|move|p2a: Tricking|Future Sight|p1a: Tapu Fini\n|-start|p2a: Tricking|move: Future Sight\n|\n|-damage|p2a: Tricking|50\/100 tox|[from] psn\n|upkeep\n|turn|136\n|\n|t:|1662604233\n|switch|p1a: Chansey|Chansey, F|98\/100\n|switch|p2a: Amoonguss|Amoonguss, F|92\/100\n|\n|upkeep\n|turn|137\n|\n|t:|1662604239\n|switch|p2a: Tornadus|Tornadus-Therian, M, shiny|63\/100 tox\n|move|p1a: Chansey|Seismic Toss|p2a: Tornadus\n|-damage|p2a: Tornadus|35\/100 tox\n|\n|-end|p1a: Chansey|move: Future Sight\n|-damage|p1a: Chansey|78\/100\n|-damage|p2a: Tornadus|29\/100 tox|[from] psn\n|upkeep\n|turn|138\n|\n|t:|1662604242\n|switch|p1a: Hippowdon|Hippowdon, F|85\/100\n|-weather|Sandstorm|[from] ability: Sand Stream|[of] p1a: Hippowdon\n|move|p2a: Tornadus|U-turn|p1a: Hippowdon\n|-damage|p1a: Hippowdon|75\/100\n|\n|t:|1662604244\n|switch|p2a: Tapu Fini|Tapu Fini|90\/100|[from]move: U-turn\n|\n|-weather|Sandstorm|[upkeep]\n|-damage|p2a: Tapu Fini|84\/100|[from] Sandstorm\n|-heal|p2a: Tapu Fini|90\/100|[from] item: Leftovers\n|upkeep\n|turn|139\n|\n|t:|1662604248\n|switch|p1a: Chansey|Chansey, F|78\/100\n|move|p2a: Tapu Fini|Calm Mind|p2a: Tapu Fini\n|-boost|p2a: Tapu Fini|spa|1\n|-boost|p2a: Tapu Fini|spd|1\n|\n|-weather|Sandstorm|[upkeep]\n|-damage|p2a: Tapu Fini|84\/100|[from] Sandstorm\n|-damage|p1a: Chansey|72\/100|[from] Sandstorm\n|-heal|p2a: Tapu Fini|90\/100|[from] item: Leftovers\n|-fieldend|Misty Terrain\n|upkeep\n|turn|140\n|\n|t:|1662604252\n|move|p2a: Tapu Fini|Calm Mind|p2a: Tapu Fini\n|-boost|p2a: Tapu Fini|spa|1\n|-boost|p2a: Tapu Fini|spd|1\n|move|p1a: Chansey|Soft-Boiled|p1a: Chansey\n|-heal|p1a: Chansey|100\/100\n|\n|-weather|Sandstorm|[upkeep]\n|-damage|p2a: Tapu Fini|84\/100|[from] Sandstorm\n|-damage|p1a: Chansey|94\/100|[from] Sandstorm\n|-heal|p2a: Tapu Fini|90\/100|[from] item: Leftovers\n|upkeep\n|turn|141\n|\n|t:|1662604253\n|move|p2a: Tapu Fini|Taunt|p1a: Chansey\n|-start|p1a: Chansey|move: Taunt\n|cant|p1a: Chansey|move: Taunt|Toxic\n|\n|-weather|Sandstorm|[upkeep]\n|-damage|p2a: Tapu Fini|84\/100|[from] Sandstorm\n|-damage|p1a: Chansey|88\/100|[from] Sandstorm\n|-heal|p2a: Tapu Fini|90\/100|[from] item: Leftovers\n|upkeep\n|turn|142\n|\n|t:|1662604255\n|move|p2a: Tapu Fini|Calm Mind|p2a: Tapu Fini\n|-boost|p2a: Tapu Fini|spa|1\n|-boost|p2a: Tapu Fini|spd|1\n|move|p1a: Chansey|Seismic Toss|p2a: Tapu Fini\n|-damage|p2a: Tapu Fini|61\/100\n|\n|-weather|none\n|-heal|p2a: Tapu Fini|67\/100|[from] item: Leftovers\n|upkeep\n|turn|143\n|\n|t:|1662604257\n|move|p2a: Tapu Fini|Calm Mind|p2a: Tapu Fini\n|-boost|p2a: Tapu Fini|spa|1\n|-boost|p2a: Tapu Fini|spd|1\n|move|p1a: Chansey|Seismic Toss|p2a: Tapu Fini\n|-damage|p2a: Tapu Fini|38\/100\n|\n|-heal|p2a: Tapu Fini|44\/100|[from] item: Leftovers\n|-end|p1a: Chansey|move: Taunt\n|upkeep\n|turn|144\n|\n|t:|1662604258\n|move|p2a: Tapu Fini|Taunt|p1a: Chansey\n|-start|p1a: Chansey|move: Taunt\n|move|p1a: Chansey|Seismic Toss|p2a: Tapu Fini\n|-damage|p2a: Tapu Fini|15\/100\n|\n|-heal|p2a: Tapu Fini|21\/100|[from] item: Leftovers\n|upkeep\n|turn|145\n|\n|t:|1662604259\n|move|p2a: Tapu Fini|Draining Kiss|p1a: Chansey\n|-damage|p1a: Chansey|67\/100\n|-heal|p2a: Tapu Fini|53\/100|[from] drain|[of] p1a: Chansey\n|move|p1a: Chansey|Seismic Toss|p2a: Tapu Fini\n|-damage|p2a: Tapu Fini|24\/100\n|\n|-heal|p2a: Tapu Fini|30\/100|[from] item: Leftovers\n|upkeep\n|turn|146\n|\n|t:|1662604262\n|move|p2a: Tapu Fini|Draining Kiss|p1a: Chansey\n|-damage|p1a: Chansey|46\/100\n|-heal|p2a: Tapu Fini|62\/100|[from] drain|[of] p1a: Chansey\n|move|p1a: Chansey|Seismic Toss|p2a: Tapu Fini\n|-damage|p2a: Tapu Fini|33\/100\n|\n|-heal|p2a: Tapu Fini|39\/100|[from] item: Leftovers\n|-end|p1a: Chansey|move: Taunt\n|upkeep\n|turn|147\n|\n|t:|1662604265\n|move|p2a: Tapu Fini|Taunt|p1a: Chansey\n|-start|p1a: Chansey|move: Taunt\n|move|p1a: Chansey|Seismic Toss|p2a: Tapu Fini\n|-damage|p2a: Tapu Fini|10\/100\n|\n|-heal|p2a: Tapu Fini|16\/100|[from] item: Leftovers\n|upkeep\n|turn|148\n|\n|t:|1662604268\n|switch|p1a: Volcarona|Volcarona, F|83\/100\n|move|p2a: Tapu Fini|Draining Kiss|p1a: Volcarona\n|-resisted|p1a: Volcarona\n|-damage|p1a: Volcarona|63\/100\n|-heal|p2a: Tapu Fini|32\/100|[from] drain|[of] p1a: Volcarona\n|-status|p2a: Tapu Fini|brn|[from] ability: Flame Body|[of] p1a: Volcarona\n|\n|-heal|p2a: Tapu Fini|39\/100 brn|[from] item: Leftovers\n|-damage|p2a: Tapu Fini|32\/100 brn|[from] brn\n|upkeep\n|turn|149\n|\n|t:|1662604276\n|switch|p1a: Chansey|Chansey, F|46\/100\n|move|p2a: Tapu Fini|Stored Power|p1a: Chansey\n|-damage|p1a: Chansey|0 fnt\n|faint|p1a: Chansey\n|\n|-heal|p2a: Tapu Fini|39\/100 brn|[from] item: Leftovers\n|-damage|p2a: Tapu Fini|32\/100 brn|[from] brn\n|upkeep\n|\n|t:|1662604280\n|switch|p1a: Tangrowth|Tangrowth, M|92\/100\n|turn|150\n|\n|t:|1662604290\n|switch|p1a: Corviknight|Corviknight, F|100\/100\n|-ability|p1a: Corviknight|Pressure\n|move|p2a: Tapu Fini|Stored Power|p1a: Corviknight\n|-resisted|p1a: Corviknight\n|-damage|p1a: Corviknight|45\/100\n|\n|-heal|p2a: Tapu Fini|39\/100 brn|[from] item: Leftovers\n|-heal|p1a: Corviknight|51\/100|[from] item: Leftovers\n|-damage|p2a: Tapu Fini|32\/100 brn|[from] brn\n|upkeep\n|turn|151\n|\n|t:|1662604292\n|move|p2a: Tapu Fini|Draining Kiss|p1a: Corviknight\n|-resisted|p1a: Corviknight\n|-damage|p1a: Corviknight|31\/100\n|-heal|p2a: Tapu Fini|50\/100 brn|[from] drain|[of] p1a: Corviknight\n|move|p1a: Corviknight|Brave Bird|p2a: Tapu Fini\n|-damage|p2a: Tapu Fini|25\/100 brn\n|-damage|p1a: Corviknight|24\/100|[from] Recoil\n|\n|-heal|p2a: Tapu Fini|31\/100 brn|[from] item: Leftovers\n|-heal|p1a: Corviknight|30\/100|[from] item: Leftovers\n|-damage|p2a: Tapu Fini|25\/100 brn|[from] brn\n|upkeep\n|turn|152\n|\n|t:|1662604296\n|move|p2a: Tapu Fini|Stored Power|p1a: Corviknight\n|-resisted|p1a: Corviknight\n|-damage|p1a: Corviknight|0 fnt\n|faint|p1a: Corviknight\n|\n|-heal|p2a: Tapu Fini|31\/100 brn|[from] item: Leftovers\n|-damage|p2a: Tapu Fini|25\/100 brn|[from] brn\n|upkeep\n|l| 5555faiz\n|\n|t:|1662604305\n|switch|p1a: Hippowdon|Hippowdon, F|75\/100\n|-weather|Sandstorm|[from] ability: Sand Stream|[of] p1a: Hippowdon\n|turn|153\n|j| 5555faiz\n|\n|t:|1662604308\n|move|p2a: Tapu Fini|Draining Kiss|p1a: Hippowdon\n|-damage|p1a: Hippowdon|40\/100\n|-heal|p2a: Tapu Fini|56\/100 brn|[from] drain|[of] p1a: Hippowdon\n|move|p1a: Hippowdon|Earthquake|p2a: Tapu Fini\n|-damage|p2a: Tapu Fini|31\/100 brn\n|\n|-weather|Sandstorm|[upkeep]\n|-damage|p2a: Tapu Fini|25\/100 brn|[from] Sandstorm\n|-heal|p2a: Tapu Fini|31\/100 brn|[from] item: Leftovers\n|-damage|p2a: Tapu Fini|25\/100 brn|[from] brn\n|upkeep\n|turn|154\n|\n|t:|1662604314\n|move|p2a: Tapu Fini|Stored Power|p1a: Hippowdon\n|-damage|p1a: Hippowdon|0 fnt\n|faint|p1a: Hippowdon\n|\n|-weather|Sandstorm|[upkeep]\n|-damage|p2a: Tapu Fini|19\/100 brn|[from] Sandstorm\n|-heal|p2a: Tapu Fini|25\/100 brn|[from] item: Leftovers\n|-damage|p2a: Tapu Fini|19\/100 brn|[from] brn\n|upkeep\n|\n|t:|1662604317\n|switch|p1a: Tangrowth|Tangrowth, M|100\/100\n|turn|155\n|\n|t:|1662604319\n|move|p2a: Tapu Fini|Draining Kiss|p1a: Tangrowth\n|-damage|p1a: Tangrowth|25\/100\n|-heal|p2a: Tapu Fini|85\/100 brn|[from] drain|[of] p1a: Tangrowth\n|move|p1a: Tangrowth|Giga Drain|p2a: Tapu Fini\n|-supereffective|p2a: Tapu Fini\n|-damage|p2a: Tapu Fini|69\/100 brn\n|-heal|p1a: Tangrowth|32\/100|[from] drain|[of] p2a: Tapu Fini\n|\n|-weather|Sandstorm|[upkeep]\n|-damage|p2a: Tapu Fini|63\/100 brn|[from] Sandstorm\n|-damage|p1a: Tangrowth|26\/100|[from] Sandstorm\n|-heal|p2a: Tapu Fini|69\/100 brn|[from] item: Leftovers\n|-damage|p2a: Tapu Fini|63\/100 brn|[from] brn\n|upkeep\n|turn|156\n|-message|galarian dragapult forfeited.\n|\n|win|Yoyolord\n|raw|galarian dragapult's rating: 1775 &rarr; <strong>1751<\/strong><br \/>(-24 for losing)\n|raw|Yoyolord's rating: 1706 &rarr; <strong>1730<\/strong><br \/>(+24 for winning)\n|l|\u2606galarian dragapult\n|c|\u2606Yoyolord|Gg\n|l| 5555faiz\n||Ladder isn't responding, score probably updated but might not have (Request timeout).\n|l| RandomNublet\n","uploadtime":1662604332,"views":29,"p1id":"galariandragapult","p2id":"yoyolord","formatid":"gen8ou","rating":1730,"private":0,"password":null}