{"id":"gen8ou-1706792635","p1":"Arcangel666","p2":"Stads","format":"gen8ou","log":"|j|\u2606Arcangel666\n|j|\u2606Stads\n|t:|1668022144\n|gametype|singles\n|player|p1|Arcangel666|ghetsis|1777\n|player|p2|Stads|169|1722\n|teamsize|p1|6\n|teamsize|p2|6\n|gen|8\n|tier|[Gen 8] OU\n|rated|\n|rule|Sleep Clause Mod: Limit one foe put to sleep\n|rule|Species Clause: Limit one of each Pok\u00e9mon\n|rule|OHKO Clause: OHKO moves are banned\n|rule|Evasion Items Clause: Evasion items are banned\n|rule|Evasion Moves Clause: Evasion moves are banned\n|rule|Endless Battle Clause: Forcing endless battles is banned\n|rule|HP Percentage Mod: HP is shown in percentages\n|rule|Dynamax Clause: You cannot dynamax\n|clearpoke\n|poke|p1|Garchomp, M|\n|poke|p1|Melmetal|\n|poke|p1|Rillaboom, M|\n|poke|p1|Tapu Fini|\n|poke|p1|Zapdos-Galar|\n|poke|p1|Regieleki|\n|poke|p2|Tornadus-Therian, M|\n|poke|p2|Corviknight, M|\n|poke|p2|Kartana|\n|poke|p2|Toxapex, M|\n|poke|p2|Hippowdon, F|\n|poke|p2|Heatran, M|\n|teampreview\n|inactive|Battle timer is ON: inactive players will automatically lose when time's up. (requested by Stads)\n|\n|t:|1668022155\n|start\n|switch|p1a: Regieleki|Regieleki, shiny|100\/100\n|switch|p2a: Hippowdon|Hippowdon, F|100\/100\n|-weather|Sandstorm|[from] ability: Sand Stream|[of] p2a: Hippowdon\n|turn|1\n|\n|t:|1668022162\n|switch|p1a: Garchomp|Garchomp, M|100\/100\n|move|p2a: Hippowdon|Stealth Rock|p1a: Garchomp\n|-sidestart|p1: Arcangel666|move: Stealth Rock\n|\n|-weather|Sandstorm|[upkeep]\n|upkeep\n|turn|2\n|\n|t:|1668022166\n|move|p1a: Garchomp|Toxic|p2a: Hippowdon\n|-status|p2a: Hippowdon|tox\n|move|p2a: Hippowdon|Toxic|p1a: Garchomp|[miss]\n|-miss|p2a: Hippowdon|p1a: Garchomp\n|\n|-weather|Sandstorm|[upkeep]\n|-damage|p2a: Hippowdon|94\/100 tox|[from] psn\n|upkeep\n|turn|3\n|j|+Dragonillis\n|\n|t:|1668022171\n|switch|p2a: Tornadus|Tornadus-Therian, M|100\/100\n|move|p1a: Garchomp|Stealth Rock|p2a: Tornadus\n|-sidestart|p2: Stads|move: Stealth Rock\n|\n|-weather|Sandstorm|[upkeep]\n|-damage|p2a: Tornadus|94\/100|[from] Sandstorm\n|upkeep\n|turn|4\n|\n|t:|1668022173\n|move|p2a: Tornadus|Knock Off|p1a: Garchomp\n|-damage|p1a: Garchomp|86\/100\n|-damage|p2a: Tornadus|82\/100|[from] ability: Rough Skin|[of] p1a: Garchomp\n|-damage|p2a: Tornadus|65\/100|[from] item: Rocky Helmet|[of] p1a: Garchomp\n|-enditem|p1a: Garchomp|Rocky Helmet|[from] move: Knock Off|[of] p2a: Tornadus\n|move|p1a: Garchomp|Toxic|p2a: Tornadus\n|-status|p2a: Tornadus|tox\n|\n|-weather|Sandstorm|[upkeep]\n|-damage|p2a: Tornadus|59\/100 tox|[from] Sandstorm\n|-damage|p2a: Tornadus|53\/100 tox|[from] psn\n|upkeep\n|turn|5\n|\n|t:|1668022179\n|switch|p1a: Zapdos|Zapdos-Galar, shiny|100\/100\n|-damage|p1a: Zapdos|88\/100|[from] Stealth Rock\n|move|p2a: Tornadus|U-turn|p1a: Zapdos\n|-resisted|p1a: Zapdos\n|-damage|p1a: Zapdos|84\/100\n|\n|t:|1668022182\n|switch|p2a: Toxapex|Toxapex, M|100\/100|[from]move: U-turn\n|-damage|p2a: Toxapex|88\/100|[from] Stealth Rock\n|\n|-weather|none\n|upkeep\n|turn|6\n|\n|t:|1668022186\n|move|p1a: Zapdos|U-turn|p2a: Toxapex\n|-resisted|p2a: Toxapex\n|-damage|p2a: Toxapex|76\/100\n|\n|t:|1668022190\n|switch|p1a: Garchomp|Garchomp, M|86\/100|[from]move: U-turn\n|-damage|p1a: Garchomp|80\/100|[from] Stealth Rock\n|move|p2a: Toxapex|Scald|p1a: Garchomp\n|-damage|p1a: Garchomp|64\/100\n|\n|upkeep\n|turn|7\n|\n|t:|1668022196\n|switch|p1a: Regieleki|Regieleki, shiny|100\/100\n|-damage|p1a: Regieleki|88\/100|[from] Stealth Rock\n|move|p2a: Toxapex|Scald|p1a: Regieleki\n|-damage|p1a: Regieleki|57\/100\n|\n|upkeep\n|turn|8\n|\n|t:|1668022202\n|switch|p2a: Hippowdon|Hippowdon, F|94\/100 tox\n|-damage|p2a: Hippowdon|88\/100 tox|[from] Stealth Rock\n|-weather|Sandstorm|[from] ability: Sand Stream|[of] p2a: Hippowdon\n|move|p1a: Regieleki|Rapid Spin|p2a: Hippowdon\n|-damage|p2a: Hippowdon|81\/100 tox\n|-boost|p1a: Regieleki|spe|1\n|-sideend|p1: Arcangel666|Stealth Rock|[from] move: Rapid Spin|[of] p1a: Regieleki\n|\n|-weather|Sandstorm|[upkeep]\n|-damage|p1a: Regieleki|51\/100|[from] Sandstorm\n|-heal|p2a: Hippowdon|87\/100 tox|[from] item: Leftovers\n|-damage|p2a: Hippowdon|81\/100 tox|[from] psn\n|upkeep\n|turn|9\n|\n|t:|1668022206\n|switch|p1a: Rillaboom|Rillaboom, M, shiny|100\/100\n|-fieldstart|move: Grassy Terrain|[from] ability: Grassy Surge|[of] p1a: Rillaboom\n|move|p2a: Hippowdon|Stealth Rock|p1a: Rillaboom\n|-sidestart|p1: Arcangel666|move: Stealth Rock\n|\n|-weather|Sandstorm|[upkeep]\n|-damage|p1a: Rillaboom|94\/100|[from] Sandstorm\n|-heal|p1a: Rillaboom|100\/100|[from] Grassy Terrain\n|-heal|p2a: Hippowdon|87\/100 tox|[from] Grassy Terrain\n|-heal|p2a: Hippowdon|94\/100 tox|[from] item: Leftovers\n|-damage|p2a: Hippowdon|81\/100 tox|[from] psn\n|upkeep\n|turn|10\n|\n|t:|1668022212\n|move|p1a: Rillaboom|Swords Dance|p1a: Rillaboom\n|-boost|p1a: Rillaboom|atk|2\n|move|p2a: Hippowdon|Toxic|p1a: Rillaboom\n|-status|p1a: Rillaboom|tox\n|\n|-weather|Sandstorm|[upkeep]\n|-damage|p1a: Rillaboom|94\/100 tox|[from] Sandstorm\n|-heal|p1a: Rillaboom|100\/100 tox|[from] Grassy Terrain\n|-heal|p2a: Hippowdon|87\/100 tox|[from] Grassy Terrain\n|-heal|p2a: Hippowdon|94\/100 tox|[from] item: Leftovers\n|-damage|p1a: Rillaboom|94\/100 tox|[from] psn\n|-damage|p2a: Hippowdon|75\/100 tox|[from] psn\n|upkeep\n|turn|11\n|\n|t:|1668022214\n|switch|p2a: Corviknight|Corviknight, M|100\/100\n|-damage|p2a: Corviknight|88\/100|[from] Stealth Rock\n|-ability|p2a: Corviknight|Pressure\n|move|p1a: Rillaboom|Swords Dance|p1a: Rillaboom\n|-boost|p1a: Rillaboom|atk|2\n|\n|-weather|Sandstorm|[upkeep]\n|-damage|p1a: Rillaboom|88\/100 tox|[from] Sandstorm\n|-heal|p1a: Rillaboom|94\/100 tox|[from] Grassy Terrain\n|-heal|p2a: Corviknight|94\/100|[from] item: Leftovers\n|-damage|p1a: Rillaboom|82\/100 tox|[from] psn\n|upkeep\n|turn|12\n|\n|t:|1668022217\n|move|p1a: Rillaboom|Superpower|p2a: Corviknight\n|-damage|p2a: Corviknight|0 fnt\n|-unboost|p1a: Rillaboom|atk|1\n|-unboost|p1a: Rillaboom|def|1\n|faint|p2a: Corviknight\n|-damage|p1a: Rillaboom|72\/100 tox|[from] item: Life Orb\n|\n|-weather|none\n|-heal|p1a: Rillaboom|78\/100 tox|[from] Grassy Terrain\n|-damage|p1a: Rillaboom|60\/100 tox|[from] psn\n|upkeep\n|\n|t:|1668022221\n|switch|p2a: Toxapex|Toxapex, M|100\/100\n|-damage|p2a: Toxapex|88\/100|[from] Stealth Rock\n|turn|13\n|\n|t:|1668022223\n|move|p1a: Rillaboom|Grassy Glide|p2a: Toxapex\n|-damage|p2a: Toxapex|0 fnt\n|faint|p2a: Toxapex\n|-damage|p1a: Rillaboom|50\/100 tox|[from] item: Life Orb\n|\n|-heal|p1a: Rillaboom|56\/100 tox|[from] Grassy Terrain\n|-damage|p1a: Rillaboom|31\/100 tox|[from] psn\n|-fieldend|move: Grassy Terrain\n|upkeep\n|\n|t:|1668022229\n|switch|p2a: Tornadus|Tornadus-Therian, M|86\/100 tox\n|-damage|p2a: Tornadus|61\/100 tox|[from] Stealth Rock\n|turn|14\n|\n|t:|1668022237\n|switch|p1a: Melmetal|Melmetal, shiny|100\/100\n|-damage|p1a: Melmetal|94\/100|[from] Stealth Rock\n|move|p2a: Tornadus|U-turn|p1a: Melmetal\n|-resisted|p1a: Melmetal\n|-damage|p1a: Melmetal|90\/100\n|\n|t:|1668022240\n|switch|p2a: Heatran|Heatran, M|100\/100|[from]move: U-turn\n|-damage|p2a: Heatran|88\/100|[from] Stealth Rock\n|\n|-heal|p2a: Heatran|94\/100|[from] item: Leftovers\n|upkeep\n|turn|15\n|\n|t:|1668022244\n|move|p2a: Heatran|Magma Storm|p1a: Melmetal\n|-supereffective|p1a: Melmetal\n|-damage|p1a: Melmetal|36\/100\n|-activate|p1a: Melmetal|move: Magma Storm|[of] p2a: Heatran\n|move|p1a: Melmetal|Earthquake|p2a: Heatran\n|-supereffective|p2a: Heatran\n|-damage|p2a: Heatran|0 fnt\n|faint|p2a: Heatran\n|\n|-end|p1a: Melmetal|Magma Storm|[partiallytrapped]|[silent]\n|upkeep\n|\n|t:|1668022246\n|switch|p2a: Tornadus|Tornadus-Therian, M|94\/100 tox\n|-damage|p2a: Tornadus|69\/100 tox|[from] Stealth Rock\n|turn|16\n|\n|t:|1668022249\n|move|p2a: Tornadus|Heat Wave|p1a: Melmetal|[miss]\n|-miss|p2a: Tornadus|p1a: Melmetal\n|move|p1a: Melmetal|Double Iron Bash|p2a: Tornadus\n|-damage|p2a: Tornadus|7\/100 tox\n|-damage|p2a: Tornadus|0 fnt\n|faint|p2a: Tornadus\n|-hitcount|p2: Tornadus|2\n|\n|upkeep\n|-message|Stads forfeited.\n|\n|win|Arcangel666\n|raw|Arcangel666's rating: 1777 &rarr; <strong>1794<\/strong><br \/>(+17 for winning)\n|raw|Stads's rating: 1722 &rarr; <strong>1705<\/strong><br \/>(-17 for losing)\n|l|\u2606Stads\n|l|\u2606Arcangel666\n||Ladder isn't responding, score probably updated but might not have (Request timeout).\n","uploadtime":1668022689,"views":2,"p1id":"arcangel666","p2id":"stads","formatid":"gen8ou","rating":1705,"private":0,"password":null}