{"id":"gen8ou-1371084920","p1":"LT81YL Crow","p2":"Kanye is batman","format":"gen8ou","log":"|raw|<div class=\"broadcast-blue\"><strong>This battle is required to be public due to a player having a name starting with 'lt81yl'.<\/div>\n|j|\u2606LT81YL Crow\n|j|\u2606Kanye is batman\n|t:|1625505087\n|gametype|singles\n|player|p1|LT81YL Crow|guitarist-gen4|1641\n|player|p2|Kanye is batman|silver|1697\n|teamsize|p1|6\n|teamsize|p2|6\n|gen|8\n|tier|[Gen 8] OU\n|rated|\n|rule|Sleep Clause Mod: Limit one foe put to sleep\n|rule|Species Clause: Limit one of each Pok\u00e9mon\n|rule|OHKO Clause: OHKO moves are banned\n|rule|Evasion Moves Clause: Evasion moves are banned\n|rule|Endless Battle Clause: Forcing endless battles is banned\n|rule|HP Percentage Mod: HP is shown in percentages\n|rule|Dynamax Clause: You cannot dynamax\n|clearpoke\n|poke|p1|Tapu Fini|\n|poke|p1|Kyurem|\n|poke|p1|Hydreigon, M|\n|poke|p1|Moltres-Galar|\n|poke|p1|Corviknight, M|\n|poke|p1|Marowak-Alola, M|\n|poke|p2|Pelipper, M|\n|poke|p2|Barraskewda, M|\n|poke|p2|Ferrothorn, F|\n|poke|p2|Seismitoad, M|\n|poke|p2|Tapu Koko|\n|poke|p2|Tornadus-Therian, M|\n|teampreview\n|j| Boanerges\n|inactive|Battle timer is ON: inactive players will automatically lose when time's up. (requested by Kanye is batman)\n|\n|t:|1625505099\n|start\n|switch|p1a: Kyotaro|Kyurem, shiny|100\/100\n|switch|p2a: Speed Overdose|Tapu Koko|100\/100\n|-fieldstart|move: Electric Terrain|[from] ability: Electric Surge|[of] p2a: Speed Overdose\n|-ability|p1a: Kyotaro|Pressure\n|turn|1\n|\n|t:|1625505110\n|move|p2a: Speed Overdose|Volt Switch|p1a: Kyotaro\n|-resisted|p1a: Kyotaro\n|-damage|p1a: Kyotaro|74\/100\n|\n|t:|1625505114\n|switch|p2a: Hates rain|Ferrothorn, F|100\/100|[from]move: Volt Switch\n|move|p1a: Kyotaro|Ice Beam|p2a: Hates rain\n|-damage|p2a: Hates rain|34\/100\n|\n|-heal|p2a: Hates rain|40\/100|[from] item: Leftovers\n|upkeep\n|turn|2\n|\n|t:|1625505125\n|switch|p2a: Tornadus|Tornadus-Therian, M|100\/100\n|move|p1a: Kyotaro|Ice Beam|p2a: Tornadus\n|-supereffective|p2a: Tornadus\n|-damage|p2a: Tornadus|0 fnt\n|faint|p2a: Tornadus\n|\n|upkeep\n|\n|t:|1625505127\n|switch|p2a: Speed Overdose|Tapu Koko|100\/100\n|turn|3\n|\n|t:|1625505132\n|switch|p1a: Phantom|Marowak-Alola, M, shiny|100\/100\n|move|p2a: Speed Overdose|Dazzling Gleam|p1a: Phantom\n|-resisted|p1a: Phantom\n|-damage|p1a: Phantom|64\/100\n|\n|upkeep\n|turn|4\n|\n|t:|1625505140\n|switch|p2a: Big Gulp sponsor|Pelipper, M|100\/100\n|-weather|RainDance|[from] ability: Drizzle|[of] p2a: Big Gulp sponsor\n|move|p1a: Phantom|Poltergeist|p2a: Big Gulp sponsor\n|-activate|p2a: Big Gulp sponsor|move: Poltergeist|Damp Rock\n|-damage|p2a: Big Gulp sponsor|30\/100\n|\n|-weather|RainDance|[upkeep]\n|upkeep\n|turn|5\n|\n|t:|1625505147\n|move|p2a: Big Gulp sponsor|Scald|p1a: Phantom\n|-supereffective|p1a: Phantom\n|-damage|p1a: Phantom|0 fnt\n|faint|p1a: Phantom\n|\n|-weather|RainDance|[upkeep]\n|-fieldend|move: Electric Terrain\n|upkeep\n|\n|t:|1625505151\n|switch|p1a: Kyotaro|Kyurem, shiny|74\/100\n|-ability|p1a: Kyotaro|Pressure\n|turn|6\n|\n|t:|1625505156\n|switch|p2a: Hates rain|Ferrothorn, F|40\/100\n|move|p1a: Kyotaro|Ice Beam|p2a: Hates rain\n|-damage|p2a: Hates rain|0 fnt\n|faint|p2a: Hates rain\n|\n|-weather|RainDance|[upkeep]\n|upkeep\n|\n|t:|1625505159\n|switch|p2a: Speed Overdose|Tapu Koko|100\/100\n|-fieldstart|move: Electric Terrain|[from] ability: Electric Surge|[of] p2a: Speed Overdose\n|turn|7\n|\n|t:|1625505173\n|switch|p1a: Raven|Tapu Fini, shiny|100\/100\n|-fieldstart|move: Misty Terrain|[from] ability: Misty Surge|[of] p1a: Raven\n|move|p2a: Speed Overdose|Volt Switch|p1a: Raven\n|-supereffective|p1a: Raven\n|-damage|p1a: Raven|15\/100\n|\n|t:|1625505179\n|switch|p2a: One fish two fish|Barraskewda, M|100\/100|[from]move: Volt Switch\n|\n|-weather|RainDance|[upkeep]\n|upkeep\n|turn|8\n|\n|t:|1625505185\n|move|p2a: One fish two fish|Flip Turn|p1a: Raven\n|-resisted|p1a: Raven\n|-damage|p1a: Raven|0 fnt\n|faint|p1a: Raven\n|\n|t:|1625505189\n|switch|p2a: Speed Overdose|Tapu Koko|100\/100|[from]move: Flip Turn\n|-fieldstart|move: Electric Terrain|[from] ability: Electric Surge|[of] p2a: Speed Overdose\n|\n|-weather|RainDance|[upkeep]\n|upkeep\n|\n|t:|1625505205\n|switch|p1a: Kyotaro|Kyurem, shiny|74\/100\n|-ability|p1a: Kyotaro|Pressure\n|turn|9\n|\n|t:|1625505209\n|move|p2a: Speed Overdose|Dazzling Gleam|p1a: Kyotaro\n|-supereffective|p1a: Kyotaro\n|-damage|p1a: Kyotaro|0 fnt\n|faint|p1a: Kyotaro\n|\n|-weather|RainDance|[upkeep]\n|upkeep\n|\n|t:|1625505215\n|switch|p1a: Yami|Corviknight, M, shiny|100\/100\n|turn|10\n|\n|t:|1625505221\n|switch|p2a: Agent \u00a5|Seismitoad, M|100\/100\n|move|p1a: Yami|Bulk Up|p1a: Yami\n|-boost|p1a: Yami|atk|1\n|-boost|p1a: Yami|def|1\n|\n|-weather|RainDance|[upkeep]\n|upkeep\n|turn|11\n|\n|t:|1625505226\n|move|p2a: Agent \u00a5|Surf|p1a: Yami\n|-damage|p1a: Yami|49\/100\n|-damage|p2a: Agent \u00a5|91\/100|[from] item: Life Orb\n|move|p1a: Yami|Agility|p1a: Yami\n|-boost|p1a: Yami|spe|2\n|\n|-weather|none\n|upkeep\n|turn|12\n|\n|t:|1625505236\n|switch|p2a: Speed Overdose|Tapu Koko|100\/100\n|move|p1a: Yami|Roost|p1a: Yami\n|-heal|p1a: Yami|99\/100\n|-singleturn|p1a: Yami|move: Roost\n|\n|-fieldend|move: Electric Terrain\n|upkeep\n|turn|13\n|\n|t:|1625505241\n|move|p2a: Speed Overdose|Volt Switch|p1a: Yami\n|-supereffective|p1a: Yami\n|-damage|p1a: Yami|43\/100\n|-enditem|p1a: Yami|Weakness Policy\n|-boost|p1a: Yami|atk|2|[from] item: Weakness Policy\n|-boost|p1a: Yami|spa|2|[from] item: Weakness Policy\n|\n|t:|1625505247\n|switch|p2a: Big Gulp sponsor|Pelipper, M|30\/100|[from]move: Volt Switch\n|-weather|RainDance|[from] ability: Drizzle|[of] p2a: Big Gulp sponsor\n|move|p1a: Yami|Agility|p1a: Yami\n|-boost|p1a: Yami|spe|2\n|\n|-weather|RainDance|[upkeep]\n|upkeep\n|turn|14\n|\n|t:|1625505264\n|move|p1a: Yami|Roost|p1a: Yami\n|-heal|p1a: Yami|93\/100\n|-singleturn|p1a: Yami|move: Roost\n|move|p2a: Big Gulp sponsor|U-turn|p1a: Yami\n|-resisted|p1a: Yami\n|-damage|p1a: Yami|90\/100\n|\n|t:|1625505266\n|switch|p2a: Speed Overdose|Tapu Koko|100\/100|[from]move: U-turn\n|-fieldstart|move: Electric Terrain|[from] ability: Electric Surge|[of] p2a: Speed Overdose\n|\n|-weather|RainDance|[upkeep]\n|upkeep\n|turn|15\n|\n|t:|1625505279\n|move|p1a: Yami|Agility|p1a: Yami\n|-boost|p1a: Yami|spe|2\n|move|p2a: Speed Overdose|Thunder|p1a: Yami\n|-supereffective|p1a: Yami\n|-damage|p1a: Yami|0 fnt\n|faint|p1a: Yami\n|\n|-weather|RainDance|[upkeep]\n|upkeep\n|\n|t:|1625505283\n|switch|p1a: Hybrid|Hydreigon, M, shiny|100\/100\n|turn|16\n|\n|t:|1625505294\n|move|p1a: Hybrid|Earth Power|p2a: Speed Overdose\n|-supereffective|p2a: Speed Overdose\n|-damage|p2a: Speed Overdose|0 fnt\n|faint|p2a: Speed Overdose\n|\n|-weather|RainDance|[upkeep]\n|upkeep\n|\n|t:|1625505298\n|switch|p2a: One fish two fish|Barraskewda, M|100\/100\n|turn|17\n|\n|t:|1625505302\n|move|p2a: One fish two fish|Close Combat|p1a: Hybrid\n|-supereffective|p1a: Hybrid\n|-damage|p1a: Hybrid|0 fnt\n|-unboost|p2a: One fish two fish|def|1\n|-unboost|p2a: One fish two fish|spd|1\n|faint|p1a: Hybrid\n|\n|-weather|RainDance|[upkeep]\n|upkeep\n|\n|t:|1625505309\n|switch|p1a: Dark Lugia|Moltres-Galar|100\/100\n|turn|18\n|\n|t:|1625505312\n|switch|p2a: Agent \u00a5|Seismitoad, M|91\/100\n|move|p1a: Dark Lugia|Agility|p1a: Dark Lugia\n|-boost|p1a: Dark Lugia|spe|2\n|\n|-weather|RainDance|[upkeep]\n|-fieldend|move: Electric Terrain\n|upkeep\n|turn|19\n|\n|t:|1625505319\n|move|p2a: Agent \u00a5|Surf|p1a: Dark Lugia\n|-damage|p1a: Dark Lugia|43\/100\n|-ability|p1a: Dark Lugia|Berserk|boost\n|-boost|p1a: Dark Lugia|spa|1\n|-damage|p2a: Agent \u00a5|81\/100|[from] item: Life Orb\n|move|p1a: Dark Lugia|Agility|p1a: Dark Lugia\n|-boost|p1a: Dark Lugia|spe|2\n|\n|-weather|RainDance|[upkeep]\n|upkeep\n|turn|20\n|\n|t:|1625505336\n|move|p1a: Dark Lugia|Fiery Wrath|p2a: Agent \u00a5\n|-damage|p2a: Agent \u00a5|3\/100\n|move|p2a: Agent \u00a5|Surf|p1a: Dark Lugia\n|-damage|p1a: Dark Lugia|0 fnt\n|faint|p1a: Dark Lugia\n|-damage|p2a: Agent \u00a5|0 fnt|[from] item: Life Orb\n|faint|p2a: Agent \u00a5\n|\n|win|Kanye is batman\n|raw|LT81YL Crow's rating: 1641 &rarr; <strong>1624<\/strong><br \/>(-17 for losing)\n|raw|Kanye is batman's rating: 1697 &rarr; <strong>1714<\/strong><br \/>(+17 for winning)\n|c|\u2606Kanye is batman|gg\n|l|\u2606LT81YL Crow\n||Ladder isn't responding, score probably updated but might not have (Request timeout).\n","uploadtime":1625505369,"views":13,"p1id":"lt81ylcrow","p2id":"kanyeisbatman","formatid":"gen8ou","rating":1624,"private":0,"password":null}