{"id":"gen8ou-1239623418","p1":"Seasons In the Sun","p2":"The Last Hero","format":"gen8ou","log":"|j|\u2606Seasons In the Sun\n|j|\u2606The Last Hero\n|t:|1607444465\n|player|p1|Seasons In the Sun|wally|1792\n|player|p2|The Last Hero|acetrainersnow|1842\n|teamsize|p1|6\n|teamsize|p2|6\n|gametype|singles\n|gen|8\n|tier|[Gen 8] OU\n|rated|\n|clearpoke\n|poke|p1|Luxray, F|\n|poke|p1|Tapu Koko|\n|poke|p1|Hawlucha, F|\n|poke|p1|Rillaboom, M|\n|poke|p1|Crawdaunt, F|\n|poke|p1|Cinderace, F|\n|poke|p2|Tyranitar, F|\n|poke|p2|Garchomp, M|\n|poke|p2|Magnezone|\n|poke|p2|Clefable, F|\n|poke|p2|Mantine, M|\n|poke|p2|Cinderace, M|\n|rule|Sleep Clause Mod: Limit one foe put to sleep\n|rule|Species Clause: Limit one of each Pok\u00e9mon\n|rule|OHKO Clause: OHKO moves are banned\n|rule|Evasion Moves Clause: Evasion moves are banned\n|rule|Endless Battle Clause: Forcing endless battles is banned\n|rule|HP Percentage Mod: HP is shown in percentages\n|rule|Dynamax Clause: You cannot dynamax\n|teampreview\n|j| TRD15\n|inactive|Battle timer is ON: inactive players will automatically lose when time's up. (requested by The Last Hero)\n|j| ATestTesterTesting\n|inactive|Seasons In the Sun has 120 seconds left.\n|j| Jynx Nuggets\n|l| ATestTesterTesting\n|c| Jynx Nuggets|interesting\n|l| TRD15\n|inactive|Seasons In the Sun has 90 seconds left.\n|j| cancerpeter\n|\n|t:|1607444572\n|start\n|switch|p1a: Tapu Koko|Tapu Koko|100\/100\n|switch|p2a: Sonic|Cinderace, M|100\/100\n|-fieldstart|move: Electric Terrain|[from] ability: Electric Surge|[of] p1a: Tapu Koko\n|turn|1\n|\n|t:|1607444576\n|move|p2a: Sonic|Gunk Shot|p1a: Tapu Koko|[miss]\n|-start|p2a: Sonic|typechange|Poison|[from] ability: Libero\n|-miss|p2a: Sonic|p1a: Tapu Koko\n|move|p1a: Tapu Koko|Reflect|p1a: Tapu Koko\n|-sidestart|p1: Seasons In the Sun|Reflect\n|\n|upkeep\n|turn|2\n|j| rer3r43r3r3r43\n|\n|t:|1607444592\n|move|p2a: Sonic|Gunk Shot|p1a: Tapu Koko\n|-supereffective|p1a: Tapu Koko\n|-damage|p1a: Tapu Koko|34\/100\n|-status|p1a: Tapu Koko|psn\n|move|p1a: Tapu Koko|Volt Switch|p2a: Sonic\n|-damage|p2a: Sonic|55\/100\n|j| blessed days\n|\n|t:|1607444608\n|switch|p1a: Luxray|Luxray, F|100\/100|[from]move: Volt Switch\n|\n|-status|p1a: Luxray|brn|[from] item: Flame Orb\n|upkeep\n|turn|3\n|j| pojlbugoljk\n|\n|t:|1607444621\n|switch|p2a: Jurasica|Tyranitar, F|100\/100\n|-weather|Sandstorm|[from] ability: Sand Stream|[of] p2a: Jurasica\n|move|p1a: Luxray|Agility|p1a: Luxray\n|-boost|p1a: Luxray|spe|2\n|\n|-weather|Sandstorm|[upkeep]\n|-damage|p1a: Luxray|95\/100 brn|[from] Sandstorm\n|-damage|p1a: Luxray|89\/100 brn|[from] brn\n|upkeep\n|turn|4\n|\n|t:|1607444628\n|switch|p2a: Magnetroll|Magnezone|100\/100\n|move|p1a: Luxray|Superpower|p2a: Magnetroll\n|-supereffective|p2a: Magnetroll\n|-damage|p2a: Magnetroll|0 fnt\n|-unboost|p1a: Luxray|atk|1\n|-unboost|p1a: Luxray|def|1\n|faint|p2a: Magnetroll\n|\n|-weather|Sandstorm|[upkeep]\n|-damage|p1a: Luxray|83\/100 brn|[from] Sandstorm\n|-damage|p1a: Luxray|77\/100 brn|[from] brn\n|upkeep\n|j| AnimaticLunatic\n|\n|t:|1607444635\n|switch|p2a: Chompy|Garchomp, M|100\/100\n|turn|5\n|\n|t:|1607444642\n|move|p1a: Luxray|Ice Fang|p2a: Chompy\n|-supereffective|p2a: Chompy\n|-damage|p2a: Chompy|15\/100\n|cant|p2a: Chompy|flinch\n|\n|-weather|Sandstorm|[upkeep]\n|-damage|p1a: Luxray|71\/100 brn|[from] Sandstorm\n|-heal|p2a: Chompy|22\/100|[from] item: Leftovers\n|-damage|p1a: Luxray|65\/100 brn|[from] brn\n|-fieldend|move: Electric Terrain\n|upkeep\n|turn|6\n|c| rer3r43r3r3r43|omg\n|\n|t:|1607444654\n|switch|p2a: Fabiole|Clefable, F|100\/100\n|move|p1a: Luxray|Ice Fang|p2a: Fabiole\n|-damage|p2a: Fabiole|85\/100\n|\n|-weather|Sandstorm|[upkeep]\n|-damage|p1a: Luxray|59\/100 brn|[from] Sandstorm\n|-heal|p2a: Fabiole|91\/100|[from] item: Leftovers\n|-damage|p1a: Luxray|53\/100 brn|[from] brn\n|upkeep\n|turn|7\n|\n|t:|1607444662\n|switch|p1a: Tapu Koko|Tapu Koko|34\/100 psn\n|-fieldstart|move: Electric Terrain|[from] ability: Electric Surge|[of] p1a: Tapu Koko\n|move|p2a: Fabiole|Soft-Boiled|p2a: Fabiole\n|-heal|p2a: Fabiole|100\/100\n|\n|-weather|Sandstorm|[upkeep]\n|-damage|p1a: Tapu Koko|28\/100 psn|[from] Sandstorm\n|-damage|p1a: Tapu Koko|16\/100 psn|[from] psn\n|upkeep\n|turn|8\n|c| Jynx Nuggets|Volkner liked\n|\n|t:|1607444677\n|switch|p2a: Chompy|Garchomp, M|22\/100\n|move|p1a: Tapu Koko|Light Screen|p1a: Tapu Koko\n|-sidestart|p1: Seasons In the Sun|move: Light Screen\n|\n|-weather|Sandstorm|[upkeep]\n|-damage|p1a: Tapu Koko|10\/100 psn|[from] Sandstorm\n|-heal|p2a: Chompy|28\/100|[from] item: Leftovers\n|-damage|p1a: Tapu Koko|0 fnt|[from] psn\n|faint|p1a: Tapu Koko\n|-sideend|p1: Seasons In the Sun|Reflect\n|upkeep\n|c| cancerpeter|lucky burn...\n|c| cancerpeter|kek\n|c| rer3r43r3r3r43|xd\n|inactive|Seasons In the Sun has 120 seconds left.\n|j| amphilol\n|j| tyiyiyiyu\n|\n|t:|1607444712\n|switch|p1a: Hawlucha|Hawlucha, F|100\/100\n|-enditem|p1a: Hawlucha|Electric Seed\n|-boost|p1a: Hawlucha|def|1|[from] item: Electric Seed\n|turn|9\n|\n|t:|1607444725\n|switch|p2a: Mantarraya|Mantine, M|100\/100\n|move|p1a: Hawlucha|Swords Dance|p1a: Hawlucha\n|-boost|p1a: Hawlucha|atk|2\n|\n|-weather|Sandstorm|[upkeep]\n|-damage|p1a: Hawlucha|94\/100|[from] Sandstorm\n|-damage|p2a: Mantarraya|94\/100|[from] Sandstorm\n|upkeep\n|turn|10\n|j| Plasmeek\n|inactive|Seasons In the Sun has 120 seconds left.\n|l| AnimaticLunatic\n|c| amphilol|mans running luxray what a champ\n|j| lasdkjlasdjld\n|inactive|Seasons In the Sun has 90 seconds left.\n|\n|t:|1607444767\n|move|p1a: Hawlucha|Acrobatics|p2a: Mantarraya\n|-damage|p2a: Mantarraya|7\/100\n|move|p2a: Mantarraya|Haze|p2a: Mantarraya\n|-clearallboost\n|\n|-weather|none\n|upkeep\n|turn|11\n|inactive|Seasons In the Sun has 90 seconds left.\n|\n|t:|1607444783\n|move|p1a: Hawlucha|Swords Dance|p1a: Hawlucha\n|-boost|p1a: Hawlucha|atk|2\n|move|p2a: Mantarraya|Haze|p2a: Mantarraya\n|-clearallboost\n|\n|-fieldend|move: Electric Terrain\n|upkeep\n|turn|12\n|\n|t:|1607444786\n|move|p1a: Hawlucha|Acrobatics|p2a: Mantarraya\n|-damage|p2a: Mantarraya|0 fnt\n|faint|p2a: Mantarraya\n|\n|upkeep\n|\n|t:|1607444788\n|switch|p2a: Fabiole|Clefable, F|100\/100\n|turn|13\n|\n|t:|1607444792\n|move|p1a: Hawlucha|Swords Dance|p1a: Hawlucha\n|-boost|p1a: Hawlucha|atk|2\n|move|p2a: Fabiole|Moonblast|p1a: Hawlucha\n|-supereffective|p1a: Hawlucha\n|-damage|p1a: Hawlucha|40\/100\n|\n|upkeep\n|turn|14\n|\n|t:|1607444798\n|move|p1a: Hawlucha|Acrobatics|p2a: Fabiole\n|-damage|p2a: Fabiole|31\/100\n|move|p2a: Fabiole|Moonblast|p1a: Hawlucha\n|-supereffective|p1a: Hawlucha\n|-damage|p1a: Hawlucha|0 fnt\n|faint|p1a: Hawlucha\n|\n|-heal|p2a: Fabiole|37\/100|[from] item: Leftovers\n|upkeep\n|\n|t:|1607444809\n|switch|p1a: Crawdaunt|Crawdaunt, F|100\/100\n|turn|15\n|c| cancerpeter|this wins\n|\n|t:|1607444824\n|move|p1a: Crawdaunt|Crabhammer|p2a: Fabiole\n|-damage|p2a: Fabiole|0 fnt\n|-damage|p1a: Crawdaunt|91\/100|[from] item: Life Orb\n|faint|p2a: Fabiole\n|\n|-sideend|p1: Seasons In the Sun|move: Light Screen\n|upkeep\n|c|\u2606The Last Hero|he won turn 1\n|j| Boi 240\n|\n|t:|1607444832\n|switch|p2a: Jurasica|Tyranitar, F|100\/100\n|-weather|Sandstorm|[from] ability: Sand Stream|[of] p2a: Jurasica\n|turn|16\n|c|\u2606Seasons In the Sun|srry bout the dodge\n|j| GassyGhastly\n|c|\u2606Seasons In the Sun|on gunk\n|inactive|Seasons In the Sun has 120 seconds left.\n|\n|t:|1607444840\n|move|p1a: Crawdaunt|Crabhammer|p2a: Jurasica\n|-supereffective|p2a: Jurasica\n|-damage|p2a: Jurasica|0 fnt\n|-damage|p1a: Crawdaunt|81\/100|[from] item: Life Orb\n|faint|p2a: Jurasica\n|\n|-weather|Sandstorm|[upkeep]\n|-damage|p1a: Crawdaunt|75\/100|[from] Sandstorm\n|upkeep\n|c| amphilol|more like jukes\n|\n|t:|1607444844\n|switch|p2a: Chompy|Garchomp, M|28\/100\n|turn|17\n|c| lasdkjlasdjld|can win cinda\n|inactive|Seasons In the Sun has 120 seconds left.\n|\n|t:|1607444867\n|move|p1a: Crawdaunt|Aqua Jet|p2a: Chompy\n|-damage|p2a: Chompy|0 fnt\n|-damage|p1a: Crawdaunt|65\/100|[from] item: Life Orb\n|faint|p2a: Chompy\n|\n|-weather|Sandstorm|[upkeep]\n|-damage|p1a: Crawdaunt|59\/100|[from] Sandstorm\n|upkeep\n|c| cancerpeter|inb4 sand veil hax\n|j| TRoNxGamer88\n|\n|t:|1607444871\n|switch|p2a: Sonic|Cinderace, M|55\/100\n|turn|18\n|\n|t:|1607444876\n|move|p1a: Crawdaunt|Aqua Jet|p2a: Sonic\n|-supereffective|p2a: Sonic\n|-damage|p2a: Sonic|0 fnt\n|-damage|p1a: Crawdaunt|50\/100|[from] item: Life Orb\n|faint|p2a: Sonic\n|\n|win|Seasons In the Sun\n|l|\u2606The Last Hero\n|l| pojlbugoljk\n|l| amphilol\n|l| cancerpeter\n|l| GassyGhastly\n|c| Boi 240|Epic battle\n||Ladder (probably) updated, but score could not be retrieved (Request timeout).\n","uploadtime":1607444943,"views":146,"p1id":"seasonsinthesun","p2id":"thelasthero","formatid":"gen8ou","rating":0,"private":0,"password":null}