{"id":"gen8ou-1677219232","p1":"Guest 5890168","p2":"stopthreat","format":"gen8ou","log":"|j|\u203dGuest 5890168\n|j|\u2606stopthreat\n|t:|1664869955\n|gametype|singles\n|player|p1|Guest 5890168|170|1502\n|player|p2|stopthreat|skier|1515\n|teamsize|p1|6\n|teamsize|p2|6\n|gen|8\n|tier|[Gen 8] OU\n|rated|\n|rule|Sleep Clause Mod: Limit one foe put to sleep\n|rule|Species Clause: Limit one of each Pok\u00e9mon\n|rule|OHKO Clause: OHKO moves are banned\n|rule|Evasion Items Clause: Evasion items are banned\n|rule|Evasion Moves Clause: Evasion moves are banned\n|rule|Endless Battle Clause: Forcing endless battles is banned\n|rule|HP Percentage Mod: HP is shown in percentages\n|rule|Dynamax Clause: You cannot dynamax\n|clearpoke\n|poke|p1|Rotom-Wash|\n|poke|p1|Weavile, F|\n|poke|p1|Landorus-Therian, M|\n|poke|p1|Heatran, M|\n|poke|p1|Tangrowth, M|\n|poke|p1|Melmetal|\n|poke|p2|Pelipper, M|\n|poke|p2|Seismitoad, F|\n|poke|p2|Ferrothorn, M|\n|poke|p2|Barraskewda, M|\n|poke|p2|Zapdos|\n|poke|p2|Urshifu-*, M|\n|teampreview\n|inactive|Battle timer is ON: inactive players will automatically lose when time's up. (requested by Guest 5890168)\n|\n|t:|1664869971\n|start\n|switch|p1a: Tangrowth|Tangrowth, M|100\/100\n|switch|p2a: Pelipper|Pelipper, M|100\/100\n|-weather|RainDance|[from] ability: Drizzle|[of] p2a: Pelipper\n|turn|1\n|\n|t:|1664869975\n|switch|p1a: Rotom|Rotom-Wash|100\/100\n|move|p2a: Pelipper|Hurricane|p1a: Rotom\n|-resisted|p1a: Rotom\n|-damage|p1a: Rotom|80\/100\n|\n|-weather|RainDance|[upkeep]\n|-heal|p1a: Rotom|86\/100|[from] item: Leftovers\n|upkeep\n|turn|2\n|\n|t:|1664869981\n|switch|p2a: Ferrothorn|Ferrothorn, M|100\/100\n|move|p1a: Rotom|Hydro Pump|p2a: Ferrothorn\n|-resisted|p2a: Ferrothorn\n|-damage|p2a: Ferrothorn|71\/100\n|\n|-weather|RainDance|[upkeep]\n|-heal|p1a: Rotom|92\/100|[from] item: Leftovers\n|upkeep\n|turn|3\n|\n|t:|1664869986\n|switch|p1a: Tangrowth|Tangrowth, M|100\/100\n|move|p2a: Ferrothorn|Spikes|p1a: Tangrowth\n|-sidestart|p1: Guest 5890168|Spikes\n|\n|-weather|RainDance|[upkeep]\n|upkeep\n|turn|4\n|\n|t:|1664869989\n|switch|p2a: Zapdos|Zapdos|100\/100\n|move|p1a: Tangrowth|Focus Blast|p2a: Zapdos\n|-resisted|p2a: Zapdos\n|-damage|p2a: Zapdos|84\/100\n|\n|-weather|RainDance|[upkeep]\n|upkeep\n|turn|5\n|\n|t:|1664869996\n|switch|p1a: Landorus|Landorus-Therian, M|100\/100\n|-ability|p1a: Landorus|Intimidate|boost\n|-unboost|p2a: Zapdos|atk|1\n|move|p2a: Zapdos|Thunder|p1a: Landorus\n|-immune|p1a: Landorus\n|\n|-weather|RainDance|[upkeep]\n|upkeep\n|turn|6\n|\n|t:|1664869999\n|move|p2a: Zapdos|Hurricane|p1a: Landorus\n|-damage|p1a: Landorus|57\/100\n|-start|p1a: Landorus|confusion\n|-activate|p1a: Landorus|confusion\n|move|p1a: Landorus|Defog|p2a: Zapdos\n|-unboost|p2a: Zapdos|evasion|1\n|-sideend|p1: Guest 5890168|Spikes|[from] move: Defog|[of] p1a: Landorus\n|\n|-weather|RainDance|[upkeep]\n|-heal|p1a: Landorus|63\/100|[from] item: Leftovers\n|upkeep\n|turn|7\n|\n|t:|1664870003\n|switch|p1a: Melmetal|Melmetal|100\/100\n|move|p2a: Zapdos|Weather Ball|p1a: Melmetal\n|-damage|p1a: Melmetal|74\/100\n|\n|-weather|RainDance|[upkeep]\n|upkeep\n|turn|8\n|\n|t:|1664870005\n|move|p2a: Zapdos|Thunder|p1a: Melmetal\n|-damage|p1a: Melmetal|44\/100\n|move|p1a: Melmetal|Ice Punch|p2a: Zapdos\n|-supereffective|p2a: Zapdos\n|-damage|p2a: Zapdos|0 fnt\n|faint|p2a: Zapdos\n|\n|-weather|none\n|upkeep\n|\n|t:|1664870013\n|switch|p2a: Urshifu|Urshifu-Rapid-Strike, M|100\/100\n|turn|9\n|\n|t:|1664870017\n|switch|p1a: Tangrowth|Tangrowth, M|100\/100\n|move|p2a: Urshifu|Close Combat|p1a: Tangrowth\n|-crit|p1a: Tangrowth\n|-damage|p1a: Tangrowth|27\/100\n|-unboost|p2a: Urshifu|def|1\n|-unboost|p2a: Urshifu|spd|1\n|-damage|p2a: Urshifu|84\/100|[from] item: Rocky Helmet|[of] p1a: Tangrowth\n|\n|upkeep\n|turn|10\n|\n|t:|1664870019\n|switch|p1a: Landorus|Landorus-Therian, M|63\/100\n|-ability|p1a: Landorus|Intimidate|boost\n|-unboost|p2a: Urshifu|atk|1\n|move|p2a: Urshifu|Close Combat|p1a: Landorus\n|-resisted|p1a: Landorus\n|-damage|p1a: Landorus|31\/100\n|-unboost|p2a: Urshifu|def|1\n|-unboost|p2a: Urshifu|spd|1\n|\n|-heal|p1a: Landorus|37\/100|[from] item: Leftovers\n|upkeep\n|turn|11\n|\n|t:|1664870022\n|switch|p2a: Pelipper|Pelipper, M|100\/100\n|-weather|RainDance|[from] ability: Drizzle|[of] p2a: Pelipper\n|move|p1a: Landorus|Earthquake|p2a: Pelipper\n|-immune|p2a: Pelipper\n|\n|-weather|RainDance|[upkeep]\n|-heal|p1a: Landorus|43\/100|[from] item: Leftovers\n|upkeep\n|turn|12\n|\n|t:|1664870033\n|move|p1a: Landorus|U-turn|p2a: Pelipper\n|-resisted|p2a: Pelipper\n|-damage|p2a: Pelipper|92\/100\n|\n|t:|1664870033\n|switch|p1a: Melmetal|Melmetal|44\/100|[from]move: U-turn\n|move|p2a: Pelipper|U-turn|p1a: Melmetal\n|-resisted|p1a: Melmetal\n|-damage|p1a: Melmetal|42\/100\n|\n|t:|1664870037\n|switch|p2a: Seismitoad|Seismitoad, F|100\/100|[from]move: U-turn\n|\n|-weather|RainDance|[upkeep]\n|upkeep\n|turn|13\n|\n|t:|1664870042\n|switch|p1a: Landorus|Landorus-Therian, M|43\/100\n|-ability|p1a: Landorus|Intimidate|boost\n|-unboost|p2a: Seismitoad|atk|1\n|move|p2a: Seismitoad|Surf|p1a: Landorus\n|-supereffective|p1a: Landorus\n|-damage|p1a: Landorus|0 fnt\n|faint|p1a: Landorus\n|-damage|p2a: Seismitoad|91\/100|[from] item: Life Orb\n|\n|-weather|RainDance|[upkeep]\n|upkeep\n|\n|t:|1664870042\n|switch|p1a: Tangrowth|Tangrowth, M|60\/100\n|turn|14\n|\n|t:|1664870046\n|switch|p2a: Ferrothorn|Ferrothorn, M|71\/100\n|switch|p1a: Rotom|Rotom-Wash|92\/100\n|\n|-weather|RainDance|[upkeep]\n|-heal|p1a: Rotom|99\/100|[from] item: Leftovers\n|upkeep\n|turn|15\n|\n|t:|1664870050\n|switch|p1a: Tangrowth|Tangrowth, M|93\/100\n|move|p2a: Ferrothorn|Leech Seed|p1a: Tangrowth\n|-immune|p1a: Tangrowth\n|\n|-weather|RainDance|[upkeep]\n|upkeep\n|turn|16\n|\n|t:|1664870052\n|move|p1a: Tangrowth|Focus Blast|p2a: Ferrothorn\n|-supereffective|p2a: Ferrothorn\n|-damage|p2a: Ferrothorn|20\/100\n|-unboost|p2a: Ferrothorn|spd|1\n|move|p2a: Ferrothorn|Knock Off|p1a: Tangrowth\n|-damage|p1a: Tangrowth|81\/100\n|-damage|p2a: Ferrothorn|4\/100|[from] item: Rocky Helmet|[of] p1a: Tangrowth\n|-enditem|p1a: Tangrowth|Rocky Helmet|[from] move: Knock Off|[of] p2a: Ferrothorn\n|\n|-weather|RainDance|[upkeep]\n|upkeep\n|turn|17\n|\n|t:|1664870056\n|move|p1a: Tangrowth|Giga Drain|p2a: Ferrothorn\n|-resisted|p2a: Ferrothorn\n|-damage|p2a: Ferrothorn|0 fnt\n|-heal|p1a: Tangrowth|82\/100|[from] drain|[of] p2a: Ferrothorn\n|faint|p2a: Ferrothorn\n|\n|-weather|RainDance|[upkeep]\n|upkeep\n|\n|t:|1664870058\n|switch|p2a: Pelipper|Pelipper, M|92\/100\n|turn|18\n|\n|t:|1664870062\n|switch|p1a: Rotom|Rotom-Wash|99\/100\n|move|p2a: Pelipper|U-turn|p1a: Rotom\n|-damage|p1a: Rotom|90\/100\n|\n|t:|1664870066\n|switch|p2a: Seismitoad|Seismitoad, F|91\/100|[from]move: U-turn\n|\n|-weather|none\n|-heal|p1a: Rotom|97\/100|[from] item: Leftovers\n|upkeep\n|turn|19\n|\n|t:|1664870069\n|move|p1a: Rotom|Nasty Plot|p1a: Rotom\n|-boost|p1a: Rotom|spa|2\n|move|p2a: Seismitoad|Stealth Rock|p1a: Rotom\n|-sidestart|p1: Guest 5890168|move: Stealth Rock\n|\n|-heal|p1a: Rotom|100\/100|[from] item: Leftovers\n|upkeep\n|turn|20\n|\n|t:|1664870071\n|move|p1a: Rotom|Nasty Plot|p1a: Rotom\n|-boost|p1a: Rotom|spa|2\n|move|p2a: Seismitoad|Power Whip|p1a: Rotom\n|-supereffective|p1a: Rotom\n|-damage|p1a: Rotom|26\/100\n|-damage|p2a: Seismitoad|81\/100|[from] item: Life Orb\n|\n|-heal|p1a: Rotom|32\/100|[from] item: Leftovers\n|upkeep\n|turn|21\n|\n|t:|1664870078\n|switch|p2a: Urshifu|Urshifu-Rapid-Strike, M|84\/100\n|move|p1a: Rotom|Hydro Pump|p2a: Urshifu\n|-resisted|p2a: Urshifu\n|-damage|p2a: Urshifu|0 fnt\n|faint|p2a: Urshifu\n|\n|-heal|p1a: Rotom|39\/100|[from] item: Leftovers\n|upkeep\n|\n|t:|1664870083\n|switch|p2a: Barraskewda|Barraskewda, M|100\/100\n|turn|22\n|\n|t:|1664870088\n|switch|p1a: Tangrowth|Tangrowth, M|100\/100\n|-damage|p1a: Tangrowth|88\/100|[from] Stealth Rock\n|move|p2a: Barraskewda|Crunch|p1a: Tangrowth\n|-damage|p1a: Tangrowth|65\/100\n|-unboost|p1a: Tangrowth|def|1\n|\n|upkeep\n|turn|23\n|\n|t:|1664870091\n|switch|p2a: Pelipper|Pelipper, M|92\/100\n|-weather|RainDance|[from] ability: Drizzle|[of] p2a: Pelipper\n|move|p1a: Tangrowth|Giga Drain|p2a: Pelipper\n|-damage|p2a: Pelipper|53\/100\n|-heal|p1a: Tangrowth|80\/100|[from] drain|[of] p2a: Pelipper\n|\n|-weather|RainDance|[upkeep]\n|upkeep\n|turn|24\n|\n|t:|1664870098\n|switch|p1a: Melmetal|Melmetal|42\/100\n|-damage|p1a: Melmetal|36\/100|[from] Stealth Rock\n|move|p2a: Pelipper|Hurricane|p1a: Melmetal\n|-resisted|p1a: Melmetal\n|-damage|p1a: Melmetal|26\/100\n|\n|-weather|RainDance|[upkeep]\n|upkeep\n|turn|25\n|\n|t:|1664870100\n|move|p2a: Pelipper|Weather Ball|p1a: Melmetal\n|-damage|p1a: Melmetal|0 fnt\n|faint|p1a: Melmetal\n|\n|-weather|RainDance|[upkeep]\n|upkeep\n|\n|t:|1664870100\n|switch|p1a: Weavile|Weavile, F|100\/100\n|-damage|p1a: Weavile|76\/100|[from] Stealth Rock\n|-ability|p1a: Weavile|Pressure\n|turn|26\n|\n|t:|1664870104\n|switch|p2a: Barraskewda|Barraskewda, M|100\/100\n|move|p1a: Weavile|Knock Off|p2a: Barraskewda\n|-damage|p2a: Barraskewda|0 fnt\n|-enditem|p2a: Barraskewda|Choice Band|[from] move: Knock Off|[of] p1a: Weavile\n|faint|p2a: Barraskewda\n|\n|-weather|RainDance|[upkeep]\n|upkeep\n|\n|t:|1664870108\n|switch|p2a: Seismitoad|Seismitoad, F|81\/100\n|turn|27\n|\n|t:|1664870112\n|switch|p1a: Rotom|Rotom-Wash|39\/100\n|-damage|p1a: Rotom|26\/100|[from] Stealth Rock\n|move|p2a: Seismitoad|Surf|p1a: Rotom\n|-resisted|p1a: Rotom\n|-damage|p1a: Rotom|0 fnt\n|faint|p1a: Rotom\n|-damage|p2a: Seismitoad|71\/100|[from] item: Life Orb\n|\n|-weather|RainDance|[upkeep]\n|upkeep\n|\n|t:|1664870112\n|switch|p1a: Tangrowth|Tangrowth, M|100\/100\n|-damage|p1a: Tangrowth|88\/100|[from] Stealth Rock\n|turn|28\n|\n|t:|1664870115\n|switch|p2a: Pelipper|Pelipper, M|53\/100\n|move|p1a: Tangrowth|Sleep Powder|p2a: Pelipper\n|-status|p2a: Pelipper|slp|[from] move: Sleep Powder\n|\n|-weather|RainDance|[upkeep]\n|upkeep\n|turn|29\n|\n|t:|1664870120\n|cant|p2a: Pelipper|slp\n|move|p1a: Tangrowth|Giga Drain|p2a: Pelipper\n|-damage|p2a: Pelipper|10\/100 slp\n|-heal|p1a: Tangrowth|100\/100|[from] drain|[of] p2a: Pelipper\n|\n|-weather|RainDance|[upkeep]\n|upkeep\n|turn|30\n|\n|t:|1664870123\n|-curestatus|p2a: Pelipper|slp|[msg]\n|move|p2a: Pelipper|Roost|p2a: Pelipper\n|-heal|p2a: Pelipper|61\/100\n|-singleturn|p2a: Pelipper|move: Roost\n|move|p1a: Tangrowth|Giga Drain|p2a: Pelipper\n|-supereffective|p2a: Pelipper\n|-crit|p2a: Pelipper\n|-damage|p2a: Pelipper|0 fnt\n|faint|p2a: Pelipper\n|\n|-weather|none\n|upkeep\n|-message|stopthreat forfeited.\n|\n|win|Guest 5890168\n|raw|Guest 5890168's rating: 1502 &rarr; <strong>1523<\/strong><br \/>(+21 for winning)\n|raw|stopthreat's rating: 1515 &rarr; <strong>1494<\/strong><br \/>(-21 for losing)\n|l|\u2606stopthreat\n","uploadtime":1664870129,"views":29,"p1id":"guest5890168","p2id":"stopthreat","formatid":"gen8ou","rating":1494,"private":0,"password":null}