{"id":"gen8ou-1669673048","p1":"cogonahorse","p2":"Spectre Ace","format":"gen8ou","log":"|j|\u2606cogonahorse\n|j|\u2606Spectre Ace\n|t:|1664075399\n|gametype|singles\n|player|p1|cogonahorse|clerk|1591\n|player|p2|Spectre Ace|juggler|1603\n|teamsize|p1|6\n|teamsize|p2|6\n|gen|8\n|tier|[Gen 8] OU\n|rated|\n|rule|Sleep Clause Mod: Limit one foe put to sleep\n|rule|Species Clause: Limit one of each Pok\u00e9mon\n|rule|OHKO Clause: OHKO moves are banned\n|rule|Evasion Items Clause: Evasion items are banned\n|rule|Evasion Moves Clause: Evasion moves are banned\n|rule|Endless Battle Clause: Forcing endless battles is banned\n|rule|HP Percentage Mod: HP is shown in percentages\n|rule|Dynamax Clause: You cannot dynamax\n|clearpoke\n|poke|p1|Pelipper, F|\n|poke|p1|Seismitoad, M|\n|poke|p1|Zapdos|\n|poke|p1|Ferrothorn, F|\n|poke|p1|Barraskewda, F|\n|poke|p1|Crawdaunt, M|\n|poke|p2|Garchomp, F|\n|poke|p2|Ferrothorn, M|\n|poke|p2|Raichu-Alola, F|\n|poke|p2|Tapu Koko|\n|poke|p2|Mandibuzz, F|\n|poke|p2|Urshifu-*, M|\n|teampreview\n|\n|t:|1664075410\n|start\n|switch|p1a: Seismitoad|Seismitoad, M|100\/100\n|switch|p2a: Garchomp|Garchomp, F|100\/100\n|turn|1\n|\n|t:|1664075413\n|move|p2a: Garchomp|Stealth Rock|p1a: Seismitoad\n|-sidestart|p1: cogonahorse|move: Stealth Rock\n|move|p1a: Seismitoad|Icy Wind|p2a: Garchomp\n|-supereffective|p2a: Garchomp\n|-damage|p2a: Garchomp|16\/100\n|-unboost|p2a: Garchomp|spe|1\n|-damage|p1a: Seismitoad|91\/100|[from] item: Life Orb\n|\n|upkeep\n|turn|2\n|\n|t:|1664075424\n|switch|p2a: Urshifu|Urshifu-Rapid-Strike, M|100\/100\n|move|p1a: Seismitoad|Earth Power|p2a: Urshifu\n|-damage|p2a: Urshifu|30\/100\n|-damage|p1a: Seismitoad|81\/100|[from] item: Life Orb\n|\n|upkeep\n|turn|3\n|\n|t:|1664075446\n|switch|p1a: Zapdos|Zapdos|100\/100\n|move|p2a: Urshifu|Close Combat|p1a: Zapdos\n|-resisted|p1a: Zapdos\n|-damage|p1a: Zapdos|45\/100\n|-unboost|p2a: Urshifu|def|1\n|-unboost|p2a: Urshifu|spd|1\n|-status|p2a: Urshifu|par|[from] ability: Static|[of] p1a: Zapdos\n|\n|upkeep\n|turn|4\n|\n|t:|1664075461\n|move|p1a: Zapdos|Hurricane|p2a: Urshifu\n|-supereffective|p2a: Urshifu\n|-damage|p2a: Urshifu|0 fnt\n|faint|p2a: Urshifu\n|\n|upkeep\n|\n|t:|1664075470\n|switch|p2a: Booker|Tapu Koko|100\/100\n|-fieldstart|move: Electric Terrain|[from] ability: Electric Surge|[of] p2a: Booker\n|turn|5\n|\n|t:|1664075484\n|move|p2a: Booker|U-turn|p1a: Zapdos\n|-resisted|p1a: Zapdos\n|-damage|p1a: Zapdos|35\/100\n|\n|t:|1664075488\n|switch|p2a: Garchomp|Garchomp, F|16\/100|[from]move: U-turn\n|move|p1a: Zapdos|Roost|p1a: Zapdos\n|-heal|p1a: Zapdos|85\/100\n|-singleturn|p1a: Zapdos|move: Roost\n|\n|upkeep\n|turn|6\n|\n|t:|1664075497\n|move|p2a: Garchomp|Stone Edge|p1a: Zapdos\n|-supereffective|p1a: Zapdos\n|-crit|p1a: Zapdos\n|-damage|p1a: Zapdos|0 fnt\n|faint|p1a: Zapdos\n|\n|upkeep\n|\n|t:|1664075501\n|switch|p1a: Barraskewda|Barraskewda, F|100\/100\n|-damage|p1a: Barraskewda|88\/100|[from] Stealth Rock\n|turn|7\n|\n|t:|1664075505\n|switch|p2a: Mandibuzz|Mandibuzz, F|100\/100\n|move|p1a: Barraskewda|Flip Turn|p2a: Mandibuzz\n|-damage|p2a: Mandibuzz|70\/100\n|\n|t:|1664075510\n|switch|p1a: Ferrothorn|Ferrothorn, F|100\/100|[from]move: Flip Turn\n|-damage|p1a: Ferrothorn|95\/100|[from] Stealth Rock\n|\n|-heal|p1a: Ferrothorn|100\/100|[from] item: Leftovers\n|upkeep\n|turn|8\n|\n|t:|1664075520\n|switch|p2a: Sundowner|Ferrothorn, M, shiny|100\/100\n|move|p1a: Ferrothorn|Stealth Rock|p2a: Sundowner\n|-sidestart|p2: Spectre Ace|move: Stealth Rock\n|\n|upkeep\n|turn|9\n|\n|t:|1664075525\n|switch|p1a: Let's in the rain|Pelipper, F|100\/100\n|-damage|p1a: Let's in the rain|76\/100|[from] Stealth Rock\n|-weather|RainDance|[from] ability: Drizzle|[of] p1a: Let's in the rain\n|move|p2a: Sundowner|Spikes|p1a: Let's in the rain\n|-sidestart|p1: cogonahorse|Spikes\n|\n|-weather|RainDance|[upkeep]\n|upkeep\n|turn|10\n|\n|t:|1664075528\n|move|p1a: Let's in the rain|Defog|p2a: Sundowner\n|-unboost|p2a: Sundowner|evasion|1\n|-sideend|p2: Spectre Ace|Stealth Rock|[from] move: Defog|[of] p1a: Let's in the rain\n|-sideend|p1: cogonahorse|Spikes|[from] move: Defog|[of] p1a: Let's in the rain\n|-sideend|p1: cogonahorse|Stealth Rock|[from] move: Defog|[of] p1a: Let's in the rain\n|-fieldend|move: Electric Terrain\n|move|p2a: Sundowner|Leech Seed|p1a: Let's in the rain\n|-start|p1a: Let's in the rain|move: Leech Seed\n|\n|-weather|RainDance|[upkeep]\n|-damage|p1a: Let's in the rain|63\/100|[from] Leech Seed|[of] p2a: Sundowner\n|upkeep\n|turn|11\n|\n|t:|1664075530\n|switch|p1a: Seismitoad|Seismitoad, M|81\/100\n|move|p2a: Sundowner|Spikes|p1a: Seismitoad\n|-sidestart|p1: cogonahorse|Spikes\n|\n|-weather|RainDance|[upkeep]\n|upkeep\n|turn|12\n|\n|t:|1664075533\n|move|p1a: Seismitoad|Focus Blast|p2a: Sundowner\n|-supereffective|p2a: Sundowner\n|-damage|p2a: Sundowner|39\/100\n|-damage|p1a: Seismitoad|71\/100|[from] item: Life Orb\n|move|p2a: Sundowner|Body Press|p1a: Seismitoad\n|-damage|p1a: Seismitoad|40\/100\n|\n|-weather|RainDance|[upkeep]\n|-heal|p2a: Sundowner|45\/100|[from] item: Leftovers\n|upkeep\n|turn|13\n|\n|t:|1664075538\n|move|p1a: Seismitoad|Earth Power|p2a: Sundowner\n|-damage|p2a: Sundowner|9\/100\n|-damage|p1a: Seismitoad|30\/100|[from] item: Life Orb\n|move|p2a: Sundowner|Body Press|p1a: Seismitoad\n|-damage|p1a: Seismitoad|0 fnt\n|faint|p1a: Seismitoad\n|\n|-weather|RainDance|[upkeep]\n|-heal|p2a: Sundowner|15\/100|[from] item: Leftovers\n|upkeep\n|\n|t:|1664075541\n|switch|p1a: Barraskewda|Barraskewda, F|88\/100\n|-damage|p1a: Barraskewda|76\/100|[from] Spikes\n|turn|14\n|\n|t:|1664075544\n|switch|p2a: Garchomp|Garchomp, F|16\/100\n|move|p1a: Barraskewda|Liquidation|p2a: Garchomp\n|-damage|p2a: Garchomp|0 fnt\n|-damage|p1a: Barraskewda|64\/100|[from] ability: Rough Skin|[of] p2a: Garchomp\n|faint|p2a: Garchomp\n|\n|-weather|RainDance|[upkeep]\n|upkeep\n|\n|t:|1664075548\n|switch|p2a: Mandibuzz|Mandibuzz, F|70\/100\n|turn|15\n|\n|t:|1664075551\n|move|p1a: Barraskewda|Liquidation|p2a: Mandibuzz\n|-damage|p2a: Mandibuzz|1\/100\n|move|p2a: Mandibuzz|Foul Play|p1a: Barraskewda\n|-damage|p1a: Barraskewda|0 fnt\n|faint|p1a: Barraskewda\n|\n|-weather|RainDance|[upkeep]\n|upkeep\n|\n|t:|1664075555\n|switch|p1a: Crawdaunt|Crawdaunt, M|100\/100\n|-damage|p1a: Crawdaunt|88\/100|[from] Spikes\n|turn|16\n|\n|t:|1664075558\n|move|p1a: Crawdaunt|Aqua Jet|p2a: Mandibuzz\n|-damage|p2a: Mandibuzz|0 fnt\n|faint|p2a: Mandibuzz\n|-damage|p1a: Crawdaunt|78\/100|[from] item: Life Orb\n|\n|-weather|none\n|upkeep\n|\n|t:|1664075559\n|switch|p2a: Booker|Tapu Koko|100\/100\n|-fieldstart|move: Electric Terrain|[from] ability: Electric Surge|[of] p2a: Booker\n|turn|17\n|\n|t:|1664075562\n|switch|p1a: Let's in the rain|Pelipper, F|63\/100\n|-weather|RainDance|[from] ability: Drizzle|[of] p1a: Let's in the rain\n|move|p2a: Booker|Thunderbolt|p1a: Let's in the rain\n|-supereffective|p1a: Let's in the rain\n|-damage|p1a: Let's in the rain|0 fnt\n|faint|p1a: Let's in the rain\n|\n|-weather|RainDance|[upkeep]\n|upkeep\n|\n|t:|1664075564\n|switch|p1a: Ferrothorn|Ferrothorn, F|100\/100\n|-damage|p1a: Ferrothorn|88\/100|[from] Spikes\n|turn|18\n|\n|t:|1664075580\n|move|p2a: Booker|Thunderbolt|p1a: Ferrothorn\n|-resisted|p1a: Ferrothorn\n|-damage|p1a: Ferrothorn|71\/100\n|move|p1a: Ferrothorn|Knock Off|p2a: Booker\n|-resisted|p2a: Booker\n|-damage|p2a: Booker|85\/100\n|-enditem|p2a: Booker|Terrain Extender|[from] move: Knock Off|[of] p1a: Ferrothorn\n|\n|-weather|RainDance|[upkeep]\n|-heal|p1a: Ferrothorn|77\/100|[from] item: Leftovers\n|upkeep\n|turn|19\n|\n|t:|1664075596\n|switch|p2a: Valentine|Raichu-Alola, F, shiny|100\/100\n|move|p1a: Ferrothorn|Leech Seed|p2a: Valentine\n|-start|p2a: Valentine|move: Leech Seed\n|\n|-weather|RainDance|[upkeep]\n|-heal|p1a: Ferrothorn|83\/100|[from] item: Leftovers\n|-damage|p2a: Valentine|88\/100|[from] Leech Seed|[of] p1a: Ferrothorn\n|-heal|p1a: Ferrothorn|92\/100|[silent]\n|upkeep\n|turn|20\n|\n|t:|1664075599\n|move|p2a: Valentine|Rising Voltage|p1a: Ferrothorn\n|-hint|Rising Voltage's BP doubled on grounded target.\n|-resisted|p1a: Ferrothorn\n|-damage|p1a: Ferrothorn|49\/100\n|-damage|p2a: Valentine|78\/100|[from] item: Life Orb\n|move|p1a: Ferrothorn|Knock Off|p2a: Valentine\n|-supereffective|p2a: Valentine\n|-damage|p2a: Valentine|0 fnt\n|-enditem|p2a: Valentine|Life Orb|[from] move: Knock Off|[of] p1a: Ferrothorn\n|faint|p2a: Valentine\n|\n|-weather|RainDance|[upkeep]\n|-heal|p1a: Ferrothorn|55\/100|[from] item: Leftovers\n|upkeep\n|\n|t:|1664075607\n|switch|p2a: Sundowner|Ferrothorn, M, shiny|15\/100\n|turn|21\n|\n|t:|1664075610\n|move|p2a: Sundowner|Body Press|p1a: Ferrothorn\n|-supereffective|p1a: Ferrothorn\n|-damage|p1a: Ferrothorn|22\/100\n|-damage|p2a: Sundowner|2\/100|[from] ability: Iron Barbs|[of] p1a: Ferrothorn\n|move|p1a: Ferrothorn|Knock Off|p2a: Sundowner\n|-damage|p2a: Sundowner|0 fnt\n|-damage|p1a: Ferrothorn|10\/100|[from] ability: Iron Barbs|[of] p2a: Sundowner\n|-enditem|p2a: Sundowner|Leftovers|[from] move: Knock Off|[of] p1a: Ferrothorn\n|faint|p2a: Sundowner\n|\n|-weather|RainDance|[upkeep]\n|-heal|p1a: Ferrothorn|16\/100|[from] item: Leftovers\n|upkeep\n|\n|t:|1664075618\n|switch|p2a: Booker|Tapu Koko|85\/100\n|turn|22\n|\n|t:|1664075621\n|move|p2a: Booker|Thunderbolt|p1a: Ferrothorn\n|-resisted|p1a: Ferrothorn\n|-damage|p1a: Ferrothorn|0 fnt\n|faint|p1a: Ferrothorn\n|\n|-weather|RainDance|[upkeep]\n|upkeep\n|\n|t:|1664075623\n|switch|p1a: Crawdaunt|Crawdaunt, M|78\/100\n|-damage|p1a: Crawdaunt|66\/100|[from] Spikes\n|turn|23\n|\n|t:|1664075625\n|move|p1a: Crawdaunt|Aqua Jet|p2a: Booker\n|-damage|p2a: Booker|2\/100\n|-damage|p1a: Crawdaunt|56\/100|[from] item: Life Orb\n|move|p2a: Booker|Thunderbolt|p1a: Crawdaunt\n|-supereffective|p1a: Crawdaunt\n|-damage|p1a: Crawdaunt|0 fnt\n|faint|p1a: Crawdaunt\n|\n|win|Spectre Ace\n|raw|cogonahorse's rating: 1591 &rarr; <strong>1573<\/strong><br \/>(-18 for losing)\n|raw|Spectre Ace's rating: 1622 &rarr; <strong>1640<\/strong><br \/>(+18 for winning)\n|l|\u2606cogonahorse\n||Ladder isn't responding, score probably updated but might not have (Request timeout).\n","uploadtime":1664075631,"views":18,"p1id":"cogonahorse","p2id":"spectreace","formatid":"gen8ou","rating":1573,"private":0,"password":null}