{"id":"gen8ou-1678522379","p1":"CoconutCrabs","p2":"STOKELESS","format":"gen8ou","log":"|j|\u2606CoconutCrabs\n|j|\u2606STOKELESS\n|t:|1664998571\n|gametype|singles\n|player|p1|CoconutCrabs|2|1857\n|player|p2|STOKELESS|veteran|1590\n|teamsize|p1|6\n|teamsize|p2|6\n|gen|8\n|tier|[Gen 8] OU\n|rated|\n|rule|Sleep Clause Mod: Limit one foe put to sleep\n|rule|Species Clause: Limit one of each Pok\u00e9mon\n|rule|OHKO Clause: OHKO moves are banned\n|rule|Evasion Items Clause: Evasion items are banned\n|rule|Evasion Moves Clause: Evasion moves are banned\n|rule|Endless Battle Clause: Forcing endless battles is banned\n|rule|HP Percentage Mod: HP is shown in percentages\n|rule|Dynamax Clause: You cannot dynamax\n|clearpoke\n|poke|p1|Heatran, M|\n|poke|p1|Excadrill, F|\n|poke|p1|Tornadus-Therian, M|\n|poke|p1|Toxapex, M|\n|poke|p1|Tangrowth, M|\n|poke|p1|Tyranitar, M|\n|poke|p2|Weavile, M|\n|poke|p2|Volcanion|\n|poke|p2|Landorus-Therian, M|\n|poke|p2|Zygarde-10%|\n|poke|p2|Zapdos|\n|poke|p2|Chansey, F|\n|teampreview\n|inactive|Battle timer is ON: inactive players will automatically lose when time's up. (requested by CoconutCrabs)\n|\n|t:|1664998592\n|start\n|switch|p1a: Tornadus|Tornadus-Therian, M|100\/100\n|switch|p2a: Volcanion|Volcanion|100\/100\n|turn|1\n|j| vuurzwaard172\n|\n|t:|1664998597\n|switch|p1a: Toxapex|Toxapex, M|100\/100\n|move|p2a: Volcanion|Steam Eruption|p1a: Toxapex\n|-resisted|p1a: Toxapex\n|-damage|p1a: Toxapex|68\/100\n|-status|p1a: Toxapex|brn\n|\n|-damage|p1a: Toxapex|62\/100 brn|[from] brn\n|upkeep\n|turn|2\n|\n|t:|1664998607\n|move|p2a: Volcanion|Steam Eruption|p1a: Toxapex\n|-resisted|p1a: Toxapex\n|-damage|p1a: Toxapex|28\/100 brn\n|move|p1a: Toxapex|Knock Off|p2a: Volcanion\n|-damage|p2a: Volcanion|93\/100\n|-enditem|p2a: Volcanion|Choice Specs|[from] move: Knock Off|[of] p1a: Toxapex\n|\n|-damage|p1a: Toxapex|22\/100 brn|[from] brn\n|upkeep\n|turn|3\n|\n|t:|1664998611\n|switch|p1a: Tangrowth|Tangrowth, M|100\/100\n|move|p2a: Volcanion|Steam Eruption|p1a: Tangrowth\n|-resisted|p1a: Tangrowth\n|-damage|p1a: Tangrowth|61\/100\n|\n|upkeep\n|turn|4\n|\n|t:|1664998615\n|switch|p1a: Tornadus|Tornadus-Therian, M|100\/100\n|move|p2a: Volcanion|Flamethrower|p1a: Tornadus\n|-damage|p1a: Tornadus|42\/100\n|\n|upkeep\n|turn|5\n|\n|t:|1664998620\n|move|p1a: Tornadus|Hurricane|p2a: Volcanion|[miss]\n|-miss|p1a: Tornadus|p2a: Volcanion\n|move|p2a: Volcanion|Steam Eruption|p1a: Tornadus\n|-damage|p1a: Tornadus|0 fnt\n|faint|p1a: Tornadus\n|\n|upkeep\n|\n|t:|1664998624\n|switch|p1a: Excadrill|Excadrill, F|100\/100\n|turn|6\n|\n|t:|1664998629\n|switch|p1a: Heatran|Heatran, M|100\/100\n|switch|p2a: Landorus|Landorus-Therian, M|100\/100\n|-ability|p2a: Landorus|Intimidate|boost\n|-unboost|p1a: Heatran|atk|1\n|\n|upkeep\n|turn|7\n|\n|t:|1664998634\n|move|p1a: Heatran|Eruption|p2a: Landorus\n|-damage|p2a: Landorus|19\/100\n|move|p2a: Landorus|Earthquake|p1a: Heatran\n|-supereffective|p1a: Heatran\n|-damage|p1a: Heatran|0 fnt\n|faint|p1a: Heatran\n|\n|-heal|p2a: Landorus|25\/100|[from] item: Leftovers\n|upkeep\n|\n|t:|1664998638\n|switch|p1a: Excadrill|Excadrill, F|100\/100\n|turn|8\n|\n|t:|1664998641\n|switch|p1a: Tyranitar|Tyranitar, M|100\/100\n|-weather|Sandstorm|[from] ability: Sand Stream|[of] p1a: Tyranitar\n|move|p2a: Landorus|Earthquake|p1a: Tyranitar\n|-supereffective|p1a: Tyranitar\n|-damage|p1a: Tyranitar|22\/100\n|\n|-weather|Sandstorm|[upkeep]\n|-heal|p2a: Landorus|31\/100|[from] item: Leftovers\n|-heal|p1a: Tyranitar|28\/100|[from] item: Leftovers\n|upkeep\n|turn|9\n|-message|CoconutCrabs forfeited.\n|\n|win|STOKELESS\n|raw|CoconutCrabs's rating: 1870 &rarr; <strong>1837<\/strong><br \/>(-33 for losing)\n|raw|STOKELESS's rating: 1590 &rarr; <strong>1623<\/strong><br \/>(+33 for winning)\n|l|\u2606CoconutCrabs\n","uploadtime":1664998650,"views":29,"p1id":"coconutcrabs","p2id":"stokeless","formatid":"gen8ou","rating":1623,"private":0,"password":null}