{"id":"gen8ou-1637216294","p1":"LT92PF Zokuru","p2":"Maitredouard2","format":"gen8ou","log":"|raw|<div class=\"broadcast-blue\"><strong>This battle is required to be public due to a player having a name starting with 'lt92pf'.<\/div>\n|j|\u2606LT92PF Zokuru\n|j|\u2606Maitredouard2\n|t:|1660215816\n|gametype|singles\n|player|p1|LT92PF Zokuru|cress|1749\n|player|p2|Maitredouard2|lance|1684\n|teamsize|p1|6\n|teamsize|p2|6\n|gen|8\n|tier|[Gen 8] OU\n|rated|\n|rule|Sleep Clause Mod: Limit one foe put to sleep\n|rule|Species Clause: Limit one of each Pok\u00e9mon\n|rule|OHKO Clause: OHKO moves are banned\n|rule|Evasion Items Clause: Evasion items are banned\n|rule|Evasion Moves Clause: Evasion moves are banned\n|rule|Endless Battle Clause: Forcing endless battles is banned\n|rule|HP Percentage Mod: HP is shown in percentages\n|rule|Dynamax Clause: You cannot dynamax\n|clearpoke\n|poke|p1|Urshifu-*, M|\n|poke|p1|Tyranitar, F|\n|poke|p1|Excadrill, M|\n|poke|p1|Zapdos|\n|poke|p1|Ferrothorn, M|\n|poke|p1|Tapu Lele|\n|poke|p2|Mandibuzz, F|\n|poke|p2|Landorus-Therian, M|\n|poke|p2|Blissey, F|\n|poke|p2|Heatran, F|\n|poke|p2|Toxapex, F|\n|poke|p2|Tapu Lele|\n|teampreview\n|\n|t:|1660215858\n|start\n|switch|p1a: Tyranitar|Tyranitar, F|100\/100\n|switch|p2a: Landorus|Landorus-Therian, M|100\/100\n|-ability|p2a: Landorus|Intimidate|boost\n|-unboost|p1a: Tyranitar|atk|1\n|-weather|Sandstorm|[from] ability: Sand Stream|[of] p1a: Tyranitar\n|turn|1\n|\n|t:|1660215867\n|move|p2a: Landorus|Earthquake|p1a: Tyranitar\n|-supereffective|p1a: Tyranitar\n|-damage|p1a: Tyranitar|0 fnt\n|faint|p1a: Tyranitar\n|\n|-weather|Sandstorm|[upkeep]\n|upkeep\n|c|\u2606LT92PF Zokuru|Wtf is that cb\n|\n|t:|1660215883\n|switch|p1a: Zapdos|Zapdos|100\/100\n|turn|2\n|inactive|Battle timer is ON: inactive players will automatically lose when time's up. (requested by Maitredouard2)\n|\n|t:|1660215887\n|switch|p2a: Blissey|Blissey, F|100\/100\n|move|p1a: Zapdos|Volt Switch|p2a: Blissey\n|-damage|p2a: Blissey|89\/100\n|\n|t:|1660215891\n|switch|p1a: Excadrill|Excadrill, M|100\/100|[from]move: Volt Switch\n|\n|-weather|Sandstorm|[upkeep]\n|-damage|p2a: Blissey|83\/100|[from] Sandstorm\n|upkeep\n|turn|3\n|c|\u2606Maitredouard2|What does CB means?\n|\n|t:|1660215908\n|switch|p2a: Mandibuzz|Mandibuzz, F|100\/100\n|move|p1a: Excadrill|Iron Head|p2a: Mandibuzz\n|-damage|p2a: Mandibuzz|57\/100\n|\n|-weather|Sandstorm|[upkeep]\n|upkeep\n|turn|4\n|\n|t:|1660215917\n|move|p1a: Excadrill|Iron Head|p2a: Mandibuzz\n|-damage|p2a: Mandibuzz|14\/100\n|move|p2a: Mandibuzz|Roost|p2a: Mandibuzz\n|-heal|p2a: Mandibuzz|64\/100\n|-singleturn|p2a: Mandibuzz|move: Roost\n|\n|-weather|Sandstorm|[upkeep]\n|upkeep\n|turn|5\n|c|\u2606LT92PF Zokuru|Choice band\n|c|\u2606Maitredouard2|Ni\n|c|\u2606Maitredouard2|Ni\n|c|\u2606Maitredouard2|No\n|\n|t:|1660215930\n|move|p1a: Excadrill|Iron Head|p2a: Mandibuzz\n|-damage|p2a: Mandibuzz|18\/100\n|move|p2a: Mandibuzz|Foul Play|p1a: Excadrill\n|-damage|p1a: Excadrill|22\/100\n|\n|-weather|none\n|upkeep\n|turn|6\n|\n|t:|1660215937\n|switch|p2a: Toxapex|Toxapex, F|100\/100\n|move|p1a: Excadrill|Iron Head|p2a: Toxapex\n|-resisted|p2a: Toxapex\n|-damage|p2a: Toxapex|79\/100\n|-damage|p1a: Excadrill|6\/100|[from] item: Rocky Helmet|[of] p2a: Toxapex\n|\n|upkeep\n|turn|7\n|\n|t:|1660215946\n|move|p1a: Excadrill|Iron Head|p2a: Toxapex\n|-resisted|p2a: Toxapex\n|-damage|p2a: Toxapex|60\/100\n|-damage|p1a: Excadrill|0 fnt|[from] item: Rocky Helmet|[of] p2a: Toxapex\n|faint|p1a: Excadrill\n|move|p2a: Toxapex|Scald|p1: Excadrill|[notarget]\n|-fail|p2a: Toxapex\n|\n|upkeep\n|\n|t:|1660215950\n|switch|p1a: Tapu Lele|Tapu Lele, shiny|100\/100\n|-fieldstart|move: Psychic Terrain|[from] ability: Psychic Surge|[of] p1a: Tapu Lele\n|turn|8\n|\n|t:|1660215959\n|switch|p2a: Mandibuzz|Mandibuzz, F|18\/100\n|move|p1a: Tapu Lele|Future Sight|p2a: Mandibuzz\n|-start|p1a: Tapu Lele|move: Future Sight\n|\n|upkeep\n|turn|9\n|\n|t:|1660215964\n|switch|p1a: Urshifu|Urshifu-Rapid-Strike, M|100\/100\n|move|p2a: Mandibuzz|Roost|p2a: Mandibuzz\n|-heal|p2a: Mandibuzz|68\/100\n|-singleturn|p2a: Mandibuzz|move: Roost\n|\n|upkeep\n|turn|10\n|\n|t:|1660215971\n|move|p1a: Urshifu|Taunt|p2a: Mandibuzz\n|-start|p2a: Mandibuzz|move: Taunt\n|cant|p2a: Mandibuzz|move: Taunt|Roost\n|\n|-end|p2a: Mandibuzz|move: Future Sight\n|-immune|p2a: Mandibuzz\n|upkeep\n|turn|11\n|\n|t:|1660215980\n|switch|p2a: Toxapex|Toxapex, F|93\/100\n|move|p1a: Urshifu|U-turn|p2a: Toxapex\n|-resisted|p2a: Toxapex\n|-damage|p2a: Toxapex|86\/100\n|-message|LT92PF Zokuru forfeited.\n|\n|win|Maitredouard2\n|raw|LT92PF Zokuru's rating: 1749 &rarr; <strong>1725<\/strong><br \/>(-24 for losing)\n|raw|Maitredouard2's rating: 1684 &rarr; <strong>1708<\/strong><br \/>(+24 for winning)\n|l|\u2606LT92PF Zokuru\n||Ladder isn't responding, score probably updated but might not have (Request timeout).\n","uploadtime":1660216058,"views":43,"p1id":"lt92pfzokuru","p2id":"maitredouard2","formatid":"gen8ou","rating":1708,"private":0,"password":null}