{"id":"gen8ou-1695484684","p1":"cump2","p2":"Triple a mortgage","format":"gen8ou","log":"|html|<div class=\"broadcast-blue\"><strong>[Gen 8] OU is currently suspecting Melmetal! For information on how to participate check out the <a href=\"https:\/\/www.smogon.com\/forums\/threads\/np-ss-ou-suspect-process-round-12-monster-mash.3709234\/\">suspect thread<\/a>.<\/strong><\/div>\n|j|\u2606cump2\n|j|\u2606Triple a mortgage\n|t:|1666803338\n|gametype|singles\n|player|p1|cump2|schoolkid-gen4|1622\n|player|p2|Triple a mortgage|ballguy|1551\n|teamsize|p1|6\n|teamsize|p2|6\n|gen|8\n|tier|[Gen 8] OU\n|rated|\n|rule|Sleep Clause Mod: Limit one foe put to sleep\n|rule|Species Clause: Limit one of each Pok\u00e9mon\n|rule|OHKO Clause: OHKO moves are banned\n|rule|Evasion Items Clause: Evasion items are banned\n|rule|Evasion Moves Clause: Evasion moves are banned\n|rule|Endless Battle Clause: Forcing endless battles is banned\n|rule|HP Percentage Mod: HP is shown in percentages\n|rule|Dynamax Clause: You cannot dynamax\n|clearpoke\n|poke|p1|Swampert, M|\n|poke|p1|Mandibuzz, F|\n|poke|p1|Rillaboom, M|\n|poke|p1|Magnezone|\n|poke|p1|Tapu Lele|\n|poke|p1|Dragapult, F|\n|poke|p2|Urshifu-*, M|\n|poke|p2|Landorus-Therian, M|\n|poke|p2|Ferrothorn, F|\n|poke|p2|Tornadus-Therian, M|\n|poke|p2|Tapu Lele|\n|poke|p2|Heatran, M|\n|teampreview\n|j| PrinterPeople\n|c|\u2606cump2|hf\n|\n|t:|1666803367\n|start\n|switch|p1a: Swampert|Swampert, M|100\/100\n|switch|p2a: Tornadus|Tornadus-Therian, M|100\/100\n|turn|1\n|inactive|Battle timer is ON: inactive players will automatically lose when time's up. (requested by Triple a mortgage)\n|c|\u2606Triple a mortgage|u2\n|\n|t:|1666803394\n|move|p2a: Tornadus|Taunt|p1a: Swampert\n|-start|p1a: Swampert|move: Taunt\n|cant|p1a: Swampert|move: Taunt|Toxic\n|\n|upkeep\n|turn|2\n|\n|t:|1666803408\n|switch|p1a: Magnezone|Magnezone, shiny|100\/100\n|move|p2a: Tornadus|Knock Off|p1a: Magnezone\n|-damage|p1a: Magnezone|87\/100\n|-damage|p2a: Tornadus|84\/100|[from] item: Rocky Helmet|[of] p1a: Magnezone\n|-enditem|p1a: Magnezone|Rocky Helmet|[from] move: Knock Off|[of] p2a: Tornadus\n|\n|upkeep\n|turn|3\n|\n|t:|1666803412\n|switch|p2a: Landorus|Landorus-Therian, M|100\/100\n|-ability|p2a: Landorus|Intimidate|boost\n|-unboost|p1a: Magnezone|atk|1\n|switch|p1a: Swampert|Swampert, M|100\/100\n|\n|upkeep\n|turn|4\n|\n|t:|1666803418\n|switch|p1a: Mandibuzz|Mandibuzz, F|100\/100\n|move|p2a: Landorus|Toxic|p1a: Mandibuzz\n|-status|p1a: Mandibuzz|tox\n|\n|-damage|p1a: Mandibuzz|94\/100 tox|[from] psn\n|upkeep\n|turn|5\n|\n|t:|1666803430\n|move|p2a: Landorus|Stealth Rock|p1a: Mandibuzz\n|-sidestart|p1: cump2|move: Stealth Rock\n|move|p1a: Mandibuzz|Foul Play|p2a: Landorus\n|-damage|p2a: Landorus|55\/100\n|\n|-heal|p2a: Landorus|61\/100|[from] item: Leftovers\n|-damage|p1a: Mandibuzz|82\/100 tox|[from] psn\n|upkeep\n|turn|6\n|\n|t:|1666803457\n|move|p2a: Landorus|U-turn|p1a: Mandibuzz\n|-damage|p1a: Mandibuzz|70\/100 tox\n|c|\u2606cump2|crap\n|c|\u2606cump2|this thing has three moves lol\n|\n|t:|1666803463\n|switch|p2a: Tornadus|Tornadus-Therian, M|100\/100|[from]move: U-turn\n|move|p1a: Mandibuzz|Defog|p2a: Tornadus\n|-unboost|p2a: Tornadus|evasion|1\n|-sideend|p1: cump2|Stealth Rock|[from] move: Defog|[of] p1a: Mandibuzz\n|\n|-damage|p1a: Mandibuzz|52\/100 tox|[from] psn\n|upkeep\n|turn|7\n|\n|t:|1666803484\n|switch|p2a: Urshifu|Urshifu-Rapid-Strike, M|100\/100\n|switch|p1a: Swampert|Swampert, M|100\/100\n|\n|upkeep\n|turn|8\n|\n|t:|1666803494\n|switch|p1a: Dragapult|Dragapult, F, shiny|100\/100\n|move|p2a: Urshifu|U-turn|p1a: Dragapult\n|-resisted|p1a: Dragapult\n|-damage|p1a: Dragapult|73\/100\n|\n|t:|1666803504\n|switch|p2a: Tornadus|Tornadus-Therian, M|100\/100|[from]move: U-turn\n|\n|upkeep\n|turn|9\n|\n|t:|1666803506\n|move|p1a: Dragapult|U-turn|p2a: Tornadus\n|-resisted|p2a: Tornadus\n|-damage|p2a: Tornadus|81\/100\n|\n|t:|1666803508\n|switch|p1a: Magnezone|Magnezone, shiny|87\/100|[from]move: U-turn\n|move|p2a: Tornadus|Knock Off|p1a: Magnezone\n|-damage|p1a: Magnezone|77\/100\n|\n|upkeep\n|turn|10\n|\n|t:|1666803529\n|switch|p2a: Landorus|Landorus-Therian, M|61\/100\n|-ability|p2a: Landorus|Intimidate|boost\n|-unboost|p1a: Magnezone|atk|1\n|switch|p1a: Tapu Lele|Tapu Lele, shiny|100\/100\n|-fieldstart|move: Psychic Terrain|[from] ability: Psychic Surge|[of] p1a: Tapu Lele\n|\n|-heal|p2a: Landorus|67\/100|[from] item: Leftovers\n|upkeep\n|turn|11\n|\n|t:|1666803544\n|move|p1a: Tapu Lele|Psyshock|p2a: Landorus\n|-damage|p2a: Landorus|0 fnt\n|faint|p2a: Landorus\n|\n|upkeep\n|inactive|Triple a mortgage has 120 seconds left.\n|\n|t:|1666803572\n|switch|p2a: Heatran|Heatran, M|100\/100\n|-item|p2a: Heatran|Air Balloon\n|turn|12\n|inactive|Triple a mortgage has 120 seconds left.\n|inactive|cump2 has 120 seconds left.\n|\n|t:|1666803614\n|switch|p1a: Swampert|Swampert, M|100\/100\n|move|p2a: Heatran|Eruption|p1a: Swampert\n|-resisted|p1a: Swampert\n|-damage|p1a: Swampert|70\/100\n|\n|-heal|p1a: Swampert|76\/100|[from] item: Leftovers\n|upkeep\n|turn|13\n|\n|t:|1666803620\n|switch|p2a: Urshifu|Urshifu-Rapid-Strike, M|100\/100\n|move|p1a: Swampert|Flip Turn|p2a: Urshifu\n|-resisted|p2a: Urshifu\n|-damage|p2a: Urshifu|89\/100\n|\n|t:|1666803625\n|switch|p1a: Rillaboom|Rillaboom, M|100\/100|[from]move: Flip Turn\n|-fieldstart|move: Grassy Terrain|[from] ability: Grassy Surge|[of] p1a: Rillaboom\n|\n|-heal|p2a: Urshifu|95\/100|[from] Grassy Terrain\n|upkeep\n|turn|14\n|\n|t:|1666803629\n|switch|p2a: Tornadus|Tornadus-Therian, M|100\/100\n|move|p1a: Rillaboom|U-turn|p2a: Tornadus\n|-resisted|p2a: Tornadus\n|-crit|p2a: Tornadus\n|-damage|p2a: Tornadus|67\/100\n|\n|t:|1666803631\n|switch|p1a: Dragapult|Dragapult, F, shiny|73\/100|[from]move: U-turn\n|\n|-heal|p1a: Dragapult|79\/100|[from] Grassy Terrain\n|upkeep\n|turn|15\n|\n|t:|1666803635\n|switch|p2a: Heatran|Heatran, M|100\/100\n|-item|p2a: Heatran|Air Balloon\n|move|p1a: Dragapult|Dragon Darts|p2a: Heatran\n|-resisted|p2a: Heatran\n|-damage|p2a: Heatran|79\/100\n|-enditem|p2a: Heatran|Air Balloon\n|-anim|p1a: Dragapult|Dragon Darts|p2a: Heatran\n|-resisted|p2a: Heatran\n|-damage|p2a: Heatran|57\/100\n|\n|-heal|p1a: Dragapult|85\/100|[from] Grassy Terrain\n|-heal|p2a: Heatran|64\/100|[from] Grassy Terrain\n|upkeep\n|turn|16\n|\n|t:|1666803641\n|switch|p1a: Swampert|Swampert, M|76\/100\n|move|p2a: Heatran|Lava Plume|p1a: Swampert\n|-resisted|p1a: Swampert\n|-damage|p1a: Swampert|62\/100\n|\n|-heal|p2a: Heatran|70\/100|[from] Grassy Terrain\n|-heal|p1a: Swampert|68\/100|[from] Grassy Terrain\n|-heal|p1a: Swampert|74\/100|[from] item: Leftovers\n|upkeep\n|turn|17\n|\n|t:|1666803644\n|move|p2a: Heatran|Lava Plume|p1a: Swampert\n|-resisted|p1a: Swampert\n|-crit|p1a: Swampert\n|-damage|p1a: Swampert|51\/100\n|move|p1a: Swampert|Stealth Rock|p2a: Heatran\n|-sidestart|p2: Triple a mortgage|move: Stealth Rock\n|\n|-heal|p2a: Heatran|76\/100|[from] Grassy Terrain\n|-heal|p1a: Swampert|57\/100|[from] Grassy Terrain\n|-heal|p1a: Swampert|64\/100|[from] item: Leftovers\n|-fieldend|move: Grassy Terrain\n|upkeep\n|turn|18\n|\n|t:|1666803649\n|switch|p2a: Tornadus|Tornadus-Therian, M|100\/100\n|move|p1a: Swampert|Flip Turn|p2a: Tornadus\n|-damage|p2a: Tornadus|75\/100\n|\n|t:|1666803654\n|switch|p1a: Dragapult|Dragapult, F, shiny|85\/100|[from]move: Flip Turn\n|\n|upkeep\n|turn|19\n|\n|t:|1666803661\n|move|p1a: Dragapult|U-turn|p2a: Tornadus\n|-resisted|p2a: Tornadus\n|-damage|p2a: Tornadus|52\/100\n|\n|t:|1666803662\n|switch|p1a: Magnezone|Magnezone, shiny|77\/100|[from]move: U-turn\n|move|p2a: Tornadus|Knock Off|p1a: Magnezone\n|-crit|p1a: Magnezone\n|-damage|p1a: Magnezone|62\/100\n|\n|upkeep\n|turn|20\n|\n|t:|1666803669\n|move|p2a: Tornadus|Defog|p1a: Magnezone\n|-unboost|p1a: Magnezone|evasion|1\n|-sideend|p2: Triple a mortgage|Stealth Rock|[from] move: Defog|[of] p2a: Tornadus\n|move|p1a: Magnezone|Thunderbolt|p2a: Tornadus\n|-supereffective|p2a: Tornadus\n|-damage|p2a: Tornadus|0 fnt\n|faint|p2a: Tornadus\n|\n|upkeep\n|\n|t:|1666803673\n|switch|p2a: Heatran|Heatran, M|76\/100\n|turn|21\n|\n|t:|1666803675\n|switch|p1a: Swampert|Swampert, M|64\/100\n|move|p2a: Heatran|Lava Plume|p1a: Swampert\n|-resisted|p1a: Swampert\n|-damage|p1a: Swampert|49\/100\n|\n|-heal|p1a: Swampert|55\/100|[from] item: Leftovers\n|upkeep\n|turn|22\n|\n|t:|1666803680\n|move|p2a: Heatran|Lava Plume|p1a: Swampert\n|-resisted|p1a: Swampert\n|-damage|p1a: Swampert|38\/100\n|-status|p1a: Swampert|brn\n|move|p1a: Swampert|Stealth Rock|p2a: Heatran\n|-sidestart|p2: Triple a mortgage|move: Stealth Rock\n|\n|-heal|p1a: Swampert|45\/100 brn|[from] item: Leftovers\n|-damage|p1a: Swampert|38\/100 brn|[from] brn\n|upkeep\n|turn|23\n|\n|t:|1666803684\n|switch|p2a: Urshifu|Urshifu-Rapid-Strike, M|95\/100\n|-damage|p2a: Urshifu|89\/100|[from] Stealth Rock\n|move|p1a: Swampert|Flip Turn|p2a: Urshifu\n|-resisted|p2a: Urshifu\n|-damage|p2a: Urshifu|84\/100\n|\n|t:|1666803689\n|switch|p1a: Rillaboom|Rillaboom, M|100\/100|[from]move: Flip Turn\n|-fieldstart|move: Grassy Terrain|[from] ability: Grassy Surge|[of] p1a: Rillaboom\n|\n|-heal|p2a: Urshifu|90\/100|[from] Grassy Terrain\n|upkeep\n|turn|24\n|\n|t:|1666803701\n|move|p1a: Rillaboom|Grassy Glide|p2a: Urshifu\n|-supereffective|p2a: Urshifu\n|-damage|p2a: Urshifu|0 fnt\n|faint|p2a: Urshifu\n|\n|upkeep\n|\n|t:|1666803704\n|switch|p2a: Tapu Lele|Tapu Lele|100\/100\n|-damage|p2a: Tapu Lele|88\/100|[from] Stealth Rock\n|-fieldstart|move: Psychic Terrain|[from] ability: Psychic Surge|[of] p2a: Tapu Lele\n|turn|25\n|\n|t:|1666803709\n|switch|p1a: Mandibuzz|Mandibuzz, F|52\/100 tox\n|move|p2a: Tapu Lele|Moonblast|p1a: Mandibuzz\n|-supereffective|p1a: Mandibuzz\n|-damage|p1a: Mandibuzz|0 fnt\n|faint|p1a: Mandibuzz\n|\n|upkeep\n|\n|t:|1666803712\n|switch|p1a: Rillaboom|Rillaboom, M|100\/100\n|-fieldstart|move: Grassy Terrain|[from] ability: Grassy Surge|[of] p1a: Rillaboom\n|turn|26\n|\n|t:|1666803722\n|switch|p2a: Ferrothorn|Ferrothorn, F|100\/100\n|-damage|p2a: Ferrothorn|94\/100|[from] Stealth Rock\n|move|p1a: Rillaboom|Grassy Glide|p2a: Ferrothorn\n|-resisted|p2a: Ferrothorn\n|-damage|p2a: Ferrothorn|84\/100\n|-damage|p1a: Rillaboom|88\/100|[from] ability: Iron Barbs|[of] p2a: Ferrothorn\n|-damage|p1a: Rillaboom|72\/100|[from] item: Rocky Helmet|[of] p2a: Ferrothorn\n|\n|-heal|p1a: Rillaboom|78\/100|[from] Grassy Terrain\n|-heal|p2a: Ferrothorn|91\/100|[from] Grassy Terrain\n|upkeep\n|turn|27\n|\n|t:|1666803728\n|move|p1a: Rillaboom|Grassy Glide|p2a: Ferrothorn\n|-resisted|p2a: Ferrothorn\n|-damage|p2a: Ferrothorn|80\/100\n|-damage|p1a: Rillaboom|66\/100|[from] ability: Iron Barbs|[of] p2a: Ferrothorn\n|-damage|p1a: Rillaboom|49\/100|[from] item: Rocky Helmet|[of] p2a: Ferrothorn\n|move|p2a: Ferrothorn|Leech Seed|p1a: Rillaboom\n|-immune|p1a: Rillaboom\n|\n|-heal|p1a: Rillaboom|55\/100|[from] Grassy Terrain\n|-heal|p2a: Ferrothorn|87\/100|[from] Grassy Terrain\n|upkeep\n|turn|28\n|\n|t:|1666803731\n|switch|p1a: Magnezone|Magnezone, shiny|62\/100\n|move|p2a: Ferrothorn|Spikes|p1a: Magnezone\n|-sidestart|p1: cump2|Spikes\n|\n|-heal|p1a: Magnezone|68\/100|[from] Grassy Terrain\n|-heal|p2a: Ferrothorn|93\/100|[from] Grassy Terrain\n|upkeep\n|turn|29\n|\n|t:|1666803732\n|move|p1a: Magnezone|Iron Defense|p1a: Magnezone\n|-boost|p1a: Magnezone|def|2\n|move|p2a: Ferrothorn|Leech Seed|p1a: Magnezone\n|-start|p1a: Magnezone|move: Leech Seed\n|\n|-heal|p1a: Magnezone|74\/100|[from] Grassy Terrain\n|-heal|p2a: Ferrothorn|99\/100|[from] Grassy Terrain\n|-damage|p1a: Magnezone|62\/100|[from] Leech Seed|[of] p2a: Ferrothorn\n|-heal|p2a: Ferrothorn|100\/100|[silent]\n|upkeep\n|turn|30\n|\n|t:|1666803735\n|move|p1a: Magnezone|Iron Defense|p1a: Magnezone\n|-boost|p1a: Magnezone|def|2\n|move|p2a: Ferrothorn|Knock Off|p1a: Magnezone\n|-damage|p1a: Magnezone|58\/100\n|\n|-heal|p1a: Magnezone|64\/100|[from] Grassy Terrain\n|-damage|p1a: Magnezone|52\/100|[from] Leech Seed|[of] p2a: Ferrothorn\n|-fieldend|move: Grassy Terrain\n|upkeep\n|turn|31\n|\n|t:|1666803738\n|move|p1a: Magnezone|Iron Defense|p1a: Magnezone\n|-boost|p1a: Magnezone|def|2\n|move|p2a: Ferrothorn|Spikes|p1a: Magnezone\n|-sidestart|p1: cump2|Spikes\n|\n|-damage|p1a: Magnezone|40\/100|[from] Leech Seed|[of] p2a: Ferrothorn\n|upkeep\n|turn|32\n|\n|t:|1666803739\n|move|p1a: Magnezone|Body Press|p2a: Ferrothorn\n|-supereffective|p2a: Ferrothorn\n|-damage|p2a: Ferrothorn|0 fnt\n|-damage|p1a: Magnezone|27\/100|[from] ability: Iron Barbs|[of] p2a: Ferrothorn\n|-damage|p1a: Magnezone|11\/100|[from] item: Rocky Helmet|[of] p2a: Ferrothorn\n|faint|p2a: Ferrothorn\n|\n|upkeep\n|\n|t:|1666803742\n|switch|p2a: Heatran|Heatran, M|76\/100\n|-damage|p2a: Heatran|64\/100|[from] Stealth Rock\n|turn|33\n|\n|t:|1666803745\n|move|p2a: Heatran|Lava Plume|p1a: Magnezone\n|-supereffective|p1a: Magnezone\n|-damage|p1a: Magnezone|0 fnt\n|faint|p1a: Magnezone\n|\n|upkeep\n|\n|t:|1666803748\n|switch|p1a: Tapu Lele|Tapu Lele, shiny|100\/100\n|-damage|p1a: Tapu Lele|84\/100|[from] Spikes\n|-fieldstart|move: Psychic Terrain|[from] ability: Psychic Surge|[of] p1a: Tapu Lele\n|turn|34\n|\n|t:|1666803759\n|move|p1a: Tapu Lele|Shadow Ball|p2a: Heatran\n|-damage|p2a: Heatran|15\/100\n|-unboost|p2a: Heatran|spd|1\n|move|p2a: Heatran|Flash Cannon|p1a: Tapu Lele\n|-supereffective|p1a: Tapu Lele\n|-damage|p1a: Tapu Lele|0 fnt\n|faint|p1a: Tapu Lele\n|\n|upkeep\n|\n|t:|1666803766\n|switch|p1a: Swampert|Swampert, M|38\/100 brn\n|-damage|p1a: Swampert|22\/100 brn|[from] Spikes\n|turn|35\n|\n|t:|1666803769\n|move|p2a: Heatran|Earth Power|p1a: Swampert\n|-damage|p1a: Swampert|0 fnt\n|faint|p1a: Swampert\n|\n|upkeep\n|\n|t:|1666803771\n|switch|p1a: Dragapult|Dragapult, F, shiny|85\/100\n|-damage|p1a: Dragapult|69\/100|[from] Spikes\n|turn|36\n|\n|t:|1666803775\n|move|p1a: Dragapult|Phantom Force||[still]\n|-prepare|p1a: Dragapult|Phantom Force\n|move|p2a: Heatran|Lava Plume|p1a: Dragapult|[miss]\n|-miss|p2a: Heatran|p1a: Dragapult\n|\n|upkeep\n|turn|37\n|\n|t:|1666803778\n|move|p1a: Dragapult|Phantom Force|p2a: Heatran|[from]lockedmove\n|-damage|p2a: Heatran|0 fnt\n|faint|p2a: Heatran\n|\n|upkeep\n|\n|t:|1666803781\n|switch|p2a: Tapu Lele|Tapu Lele|88\/100\n|-damage|p2a: Tapu Lele|76\/100|[from] Stealth Rock\n|turn|38\n|\n|t:|1666803784\n|move|p2a: Tapu Lele|Moonblast|p1a: Dragapult\n|-supereffective|p1a: Dragapult\n|-damage|p1a: Dragapult|0 fnt\n|faint|p1a: Dragapult\n|\n|-fieldend|move: Psychic Terrain\n|upkeep\n|\n|t:|1666803785\n|switch|p1a: Rillaboom|Rillaboom, M|55\/100\n|-damage|p1a: Rillaboom|39\/100|[from] Spikes\n|-fieldstart|move: Grassy Terrain|[from] ability: Grassy Surge|[of] p1a: Rillaboom\n|turn|39\n|\n|t:|1666803786\n|move|p1a: Rillaboom|Grassy Glide|p2a: Tapu Lele\n|-damage|p2a: Tapu Lele|0 fnt\n|faint|p2a: Tapu Lele\n|\n|win|cump2\n|raw|cump2's rating: 1622 &rarr; <strong>1637<\/strong><br \/>(+15 for winning)\n|raw|Triple a mortgage's rating: 1530 &rarr; <strong>1515<\/strong><br \/>(-15 for losing)\n|l|\u2606Triple a mortgage\n|l|\u2606cump2\n||Ladder isn't responding, score probably updated but might not have (Request timeout).\n","uploadtime":1666803878,"views":13,"p1id":"cump2","p2id":"tripleamortgage","formatid":"gen8ou","rating":1515,"private":0,"password":null}