{"id":"gen8ou-1165642842","p1":"LT71LX Enrique","p2":"Ayante","format":"gen8ou","log":"|raw|<div class=\"broadcast-blue\"><strong>This battle is required to be public due to a player having a name prefixed by 'LT71LX'.<\/div>\n|j|\u2606LT71LX Enrique\n|j|\u2606Ayante\n|t:|1596931340\n|player|p1|LT71LX Enrique|ethan|1647\n|player|p2|Ayante|koga|1661\n|teamsize|p1|6\n|teamsize|p2|6\n|gametype|singles\n|gen|8\n|tier|[Gen 8] OU\n|rated|\n|clearpoke\n|poke|p1|Kyurem|\n|poke|p1|Corviknight, F|\n|poke|p1|Blissey, F|\n|poke|p1|Tangrowth, F|\n|poke|p1|Clefable, F|\n|poke|p1|Toxapex, F|\n|poke|p2|Togekiss, F|\n|poke|p2|Necrozma|\n|poke|p2|Excadrill, M|\n|poke|p2|Urshifu-*, F|\n|poke|p2|Rillaboom, F|\n|poke|p2|Rotom-Heat|\n|rule|Sleep Clause Mod: Limit one foe put to sleep\n|rule|Species Clause: Limit one of each Pok\u00e9mon\n|rule|OHKO Clause: OHKO moves are banned\n|rule|Evasion Moves Clause: Evasion moves are banned\n|rule|Endless Battle Clause: Forcing endless battles is banned\n|rule|HP Percentage Mod: HP is shown in percentages\n|rule|Dynamax Clause: You cannot dynamax\n|teampreview\n|\n|t:|1596931361\n|start\n|switch|p1a: Clefable|Clefable, F|100\/100\n|switch|p2a: Rotom|Rotom-Heat|100\/100\n|turn|1\n|\n|t:|1596931369\n|move|p1a: Clefable|Trick|p2a: Rotom\n|-activate|p1a: Clefable|move: Trick|[of] p2a: Rotom\n|-item|p2a: Rotom|Choice Scarf|[from] move: Trick\n|-item|p1a: Clefable|Heavy-Duty Boots|[from] move: Trick\n|move|p2a: Rotom|Nasty Plot|p2a: Rotom\n|-boost|p2a: Rotom|spa|2\n|\n|upkeep\n|turn|2\n|\n|t:|1596931377\n|switch|p2a: Excadrill|Excadrill, M|100\/100\n|-ability|p2a: Excadrill|Mold Breaker\n|move|p1a: Clefable|Soft-Boiled||[still]\n|-fail|p1a: Clefable|heal\n|\n|upkeep\n|turn|3\n|\n|t:|1596931387\n|switch|p1a: Tangrowth|Tangrowth, F|100\/100\n|move|p2a: Excadrill|Stealth Rock|p1a: Tangrowth\n|-sidestart|p1: LT71LX Enrique|move: Stealth Rock\n|\n|upkeep\n|turn|4\n|\n|t:|1596931397\n|switch|p2a: Rotom|Rotom-Heat|100\/100\n|move|p1a: Tangrowth|Sleep Powder|p2a: Rotom\n|-status|p2a: Rotom|slp|[from] move: Sleep Powder\n|\n|upkeep\n|turn|5\n|\n|t:|1596931412\n|switch|p2a: Necrozma|Necrozma|100\/100\n|switch|p1a: Clefable|Clefable, F|100\/100\n|\n|upkeep\n|turn|6\n|\n|t:|1596931419\n|move|p2a: Necrozma|Photon Geyser|p1a: Clefable\n|-damage|p1a: Clefable|51\/100\n|move|p1a: Clefable|Stealth Rock|p2a: Necrozma\n|-sidestart|p2: Ayante|move: Stealth Rock\n|\n|upkeep\n|turn|7\n|\n|t:|1596931428\n|switch|p1a: Blissey|Blissey, F|100\/100\n|move|p2a: Necrozma|Meteor Beam||[still]\n|-prepare|p2a: Necrozma|Meteor Beam\n|-boost|p2a: Necrozma|spa|1\n|-enditem|p2a: Necrozma|Power Herb\n|-anim|p2a: Necrozma|Meteor Beam|p1a: Blissey\n|-damage|p1a: Blissey|77\/100\n|\n|upkeep\n|turn|8\n|\n|t:|1596931439\n|move|p2a: Necrozma|Photon Geyser|p1a: Blissey\n|-damage|p1a: Blissey|50\/100\n|move|p1a: Blissey|Seismic Toss|p2a: Necrozma\n|-damage|p2a: Necrozma|71\/100\n|\n|upkeep\n|turn|9\n|\n|t:|1596931452\n|switch|p2a: Excadrill|Excadrill, M|100\/100\n|-damage|p2a: Excadrill|97\/100|[from] Stealth Rock\n|-ability|p2a: Excadrill|Mold Breaker\n|move|p1a: Blissey|Soft-Boiled|p1a: Blissey\n|-heal|p1a: Blissey|99\/100\n|\n|-heal|p2a: Excadrill|100\/100|[from] item: Leftovers\n|upkeep\n|turn|10\n|\n|t:|1596931463\n|switch|p1a: Tangrowth|Tangrowth, F|100\/100\n|-damage|p1a: Tangrowth|88\/100|[from] Stealth Rock\n|move|p2a: Excadrill|Rapid Spin|p1a: Tangrowth\n|-damage|p1a: Tangrowth|78\/100\n|-boost|p2a: Excadrill|spe|1\n|-damage|p2a: Excadrill|84\/100|[from] item: Rocky Helmet|[of] p1a: Tangrowth\n|-sideend|p2: Ayante|Stealth Rock|[from] move: Rapid Spin|[of] p2a: Excadrill\n|\n|-heal|p2a: Excadrill|90\/100|[from] item: Leftovers\n|upkeep\n|turn|11\n|\n|t:|1596931475\n|switch|p2a: Rotom|Rotom-Heat|100\/100 slp\n|move|p1a: Tangrowth|Giga Drain|p2a: Rotom\n|-resisted|p2a: Rotom\n|-damage|p2a: Rotom|86\/100 slp\n|-heal|p1a: Tangrowth|84\/100|[from] drain|[of] p2a: Rotom\n|\n|upkeep\n|turn|12\n|\n|t:|1596931483\n|switch|p2a: Togekiss|Togekiss, F|100\/100\n|switch|p1a: Clefable|Clefable, F|51\/100\n|\n|upkeep\n|turn|13\n|\n|t:|1596931490\n|switch|p1a: Blissey|Blissey, F|99\/100\n|move|p2a: Togekiss|Substitute|p2a: Togekiss\n|-start|p2a: Togekiss|Substitute\n|-damage|p2a: Togekiss|76\/100\n|\n|-heal|p2a: Togekiss|82\/100|[from] item: Leftovers\n|upkeep\n|turn|14\n|\n|t:|1596931499\n|move|p2a: Togekiss|Nasty Plot|p2a: Togekiss\n|-boost|p2a: Togekiss|spa|2\n|move|p1a: Blissey|Seismic Toss|p2a: Togekiss\n|-end|p2a: Togekiss|Substitute\n|\n|-heal|p2a: Togekiss|88\/100|[from] item: Leftovers\n|upkeep\n|turn|15\n|\n|t:|1596931509\n|move|p2a: Togekiss|Air Slash|p1a: Blissey\n|-damage|p1a: Blissey|73\/100\n|move|p1a: Blissey|Seismic Toss|p2a: Togekiss\n|-damage|p2a: Togekiss|56\/100\n|\n|-heal|p2a: Togekiss|62\/100|[from] item: Leftovers\n|upkeep\n|turn|16\n|\n|t:|1596931521\n|move|p2a: Togekiss|Draining Kiss|p1a: Blissey\n|-damage|p1a: Blissey|55\/100\n|-heal|p2a: Togekiss|92\/100|[from] drain|[of] p1a: Blissey\n|move|p1a: Blissey|Soft-Boiled|p1a: Blissey\n|-heal|p1a: Blissey|100\/100\n|\n|-heal|p2a: Togekiss|98\/100|[from] item: Leftovers\n|upkeep\n|turn|17\n|\n|t:|1596931531\n|move|p2a: Togekiss|Substitute|p2a: Togekiss\n|-start|p2a: Togekiss|Substitute\n|-damage|p2a: Togekiss|73\/100\n|move|p1a: Blissey|Teleport|p1a: Blissey\n|\n|t:|1596931536\n|switch|p1a: Kyurem|Kyurem|100\/100|[from]move: Teleport\n|-damage|p1a: Kyurem|76\/100|[from] Stealth Rock\n|-ability|p1a: Kyurem|Pressure\n|\n|-heal|p2a: Togekiss|79\/100|[from] item: Leftovers\n|upkeep\n|turn|18\n|\n|t:|1596931545\n|move|p1a: Kyurem|Icicle Spear|p2a: Togekiss\n|-supereffective|p2a: Togekiss\n|-activate|p2a: Togekiss|move: Substitute|[damage]\n|-supereffective|p2a: Togekiss\n|-end|p2a: Togekiss|Substitute\n|-supereffective|p2a: Togekiss\n|-damage|p2a: Togekiss|58\/100\n|-supereffective|p2a: Togekiss\n|-damage|p2a: Togekiss|34\/100\n|-supereffective|p2a: Togekiss\n|-damage|p2a: Togekiss|11\/100\n|-hitcount|p2a: Togekiss|5\n|move|p2a: Togekiss|Draining Kiss|p1a: Kyurem\n|-supereffective|p1a: Kyurem\n|-damage|p1a: Kyurem|0 fnt\n|-heal|p2a: Togekiss|82\/100|[from] drain|[of] p1a: Kyurem\n|faint|p1a: Kyurem\n|\n|-heal|p2a: Togekiss|88\/100|[from] item: Leftovers\n|upkeep\n|\n|t:|1596931553\n|switch|p1a: Blissey|Blissey, F|100\/100\n|turn|19\n|j| OAO2222\n|\n|t:|1596931570\n|move|p2a: Togekiss|Substitute|p2a: Togekiss\n|-start|p2a: Togekiss|Substitute\n|-damage|p2a: Togekiss|64\/100\n|move|p1a: Blissey|Seismic Toss|p2a: Togekiss\n|-end|p2a: Togekiss|Substitute\n|\n|-heal|p2a: Togekiss|69\/100|[from] item: Leftovers\n|upkeep\n|turn|20\n|\n|t:|1596931580\n|move|p2a: Togekiss|Nasty Plot|p2a: Togekiss\n|-boost|p2a: Togekiss|spa|2\n|move|p1a: Blissey|Seismic Toss|p2a: Togekiss\n|-damage|p2a: Togekiss|38\/100\n|\n|-heal|p2a: Togekiss|44\/100|[from] item: Leftovers\n|upkeep\n|turn|21\n|\n|t:|1596931589\n|move|p2a: Togekiss|Air Slash|p1a: Blissey\n|-damage|p1a: Blissey|57\/100\n|cant|p1a: Blissey|flinch\n|\n|-heal|p2a: Togekiss|50\/100|[from] item: Leftovers\n|upkeep\n|turn|22\n|\n|t:|1596931596\n|switch|p1a: Corviknight|Corviknight, F|100\/100\n|-damage|p1a: Corviknight|88\/100|[from] Stealth Rock\n|-ability|p1a: Corviknight|Pressure\n|move|p2a: Togekiss|Air Slash|p1a: Corviknight\n|-resisted|p1a: Corviknight\n|-damage|p1a: Corviknight|43\/100\n|\n|-heal|p2a: Togekiss|56\/100|[from] item: Leftovers\n|-heal|p1a: Corviknight|49\/100|[from] item: Leftovers\n|upkeep\n|turn|23\n|-message|LT71LX Enrique forfeited.\n|\n|win|Ayante\n|l|\u2606LT71LX Enrique\n|raw|LT71LX Enrique's rating: 1647 &rarr; <strong>1628<\/strong><br \/>(-19 for losing)\n|raw|Ayante's rating: 1661 &rarr; <strong>1680<\/strong><br \/>(+19 for winning)\n","uploadtime":1596931629,"views":49,"p1id":"lt71lxenrique","p2id":"ayante","formatid":"gen8ou","rating":1628,"private":0,"password":null}