{"id":"gen8ou-1660244474","p1":"uniandes5","p2":"bizarman","format":"gen8ou","log":"|j|\u2606uniandes5\n|j|\u2606bizarman\n|t:|1662750791\n|gametype|singles\n|player|p1|uniandes5|2|1743\n|player|p2|bizarman|scientist-gen4|1760\n|teamsize|p1|6\n|teamsize|p2|6\n|gen|8\n|tier|[Gen 8] OU\n|rated|\n|rule|Sleep Clause Mod: Limit one foe put to sleep\n|rule|Species Clause: Limit one of each Pok\u00e9mon\n|rule|OHKO Clause: OHKO moves are banned\n|rule|Evasion Items Clause: Evasion items are banned\n|rule|Evasion Moves Clause: Evasion moves are banned\n|rule|Endless Battle Clause: Forcing endless battles is banned\n|rule|HP Percentage Mod: HP is shown in percentages\n|rule|Dynamax Clause: You cannot dynamax\n|clearpoke\n|poke|p1|Garchomp, F|\n|poke|p1|Tapu Fini|\n|poke|p1|Aegislash, F|\n|poke|p1|Regieleki|\n|poke|p1|Magnezone|\n|poke|p1|Tapu Lele|\n|poke|p2|Tyranitar, M|\n|poke|p2|Kartana|\n|poke|p2|Corviknight, F|\n|poke|p2|Clefable, F|\n|poke|p2|Landorus-Therian, M|\n|poke|p2|Rotom-Wash|\n|teampreview\n|\n|t:|1662750798\n|start\n|switch|p1a: Tapu Fini|Tapu Fini|100\/100\n|switch|p2a: Landorus|Landorus-Therian, M|100\/100\n|-ability|p2a: Landorus|Intimidate|boost\n|-unboost|p1a: Tapu Fini|atk|1\n|-fieldstart|move: Misty Terrain|[from] ability: Misty Surge|[of] p1a: Tapu Fini\n|turn|1\n|inactive|Battle timer is ON: inactive players will automatically lose when time's up. (requested by bizarman)\n|\n|t:|1662750806\n|switch|p2a: Rotom|Rotom-Wash|100\/100\n|move|p1a: Tapu Fini|Nature's Madness|p2a: Rotom\n|-damage|p2a: Rotom|50\/100\n|\n|-heal|p2a: Rotom|57\/100|[from] item: Leftovers\n|upkeep\n|turn|2\n|\n|t:|1662750814\n|move|p2a: Rotom|Pain Split|p1a: Tapu Fini\n|-sethp|p1a: Tapu Fini|75\/100|[from] move: Pain Split|[silent]\n|-sethp|p2a: Rotom|85\/100|[from] move: Pain Split\n|move|p1a: Tapu Fini|Knock Off|p2a: Rotom\n|-damage|p2a: Rotom|77\/100\n|-enditem|p2a: Rotom|Leftovers|[from] move: Knock Off|[of] p1a: Tapu Fini\n|\n|upkeep\n|turn|3\n|\n|t:|1662750821\n|move|p2a: Rotom|Volt Switch|p1a: Tapu Fini\n|-supereffective|p1a: Tapu Fini\n|-damage|p1a: Tapu Fini|44\/100\n|\n|t:|1662750827\n|switch|p2a: Tyranitar|Tyranitar, M|100\/100|[from]move: Volt Switch\n|-weather|Sandstorm|[from] ability: Sand Stream|[of] p2a: Tyranitar\n|move|p1a: Tapu Fini|Nature's Madness|p2a: Tyranitar\n|-damage|p2a: Tyranitar|51\/100\n|\n|-weather|Sandstorm|[upkeep]\n|-damage|p1a: Tapu Fini|38\/100|[from] Sandstorm\n|upkeep\n|turn|4\n|\n|t:|1662750838\n|move|p2a: Tyranitar|Crunch|p1a: Tapu Fini\n|-resisted|p1a: Tapu Fini\n|-damage|p1a: Tapu Fini|6\/100\n|-damage|p2a: Tyranitar|34\/100|[from] item: Rocky Helmet|[of] p1a: Tapu Fini\n|move|p1a: Tapu Fini|Knock Off|p2a: Tyranitar\n|-resisted|p2a: Tyranitar\n|-damage|p2a: Tyranitar|30\/100\n|-enditem|p2a: Tyranitar|Choice Band|[from] move: Knock Off|[of] p1a: Tapu Fini\n|\n|-weather|Sandstorm|[upkeep]\n|-damage|p1a: Tapu Fini|0 fnt|[from] Sandstorm\n|faint|p1a: Tapu Fini\n|upkeep\n|\n|t:|1662750855\n|switch|p1a: Magnezone|Magnezone|100\/100\n|turn|5\n|\n|t:|1662750862\n|switch|p2a: Landorus|Landorus-Therian, M|100\/100\n|-ability|p2a: Landorus|Intimidate|boost\n|-unboost|p1a: Magnezone|atk|1\n|move|p1a: Magnezone|Flash Cannon|p2a: Landorus\n|-damage|p2a: Landorus|71\/100\n|\n|-weather|Sandstorm|[upkeep]\n|-heal|p2a: Landorus|77\/100|[from] item: Leftovers\n|-fieldend|Misty Terrain\n|upkeep\n|turn|6\n|\n|t:|1662750870\n|move|p1a: Magnezone|Flash Cannon|p2a: Landorus\n|-damage|p2a: Landorus|48\/100\n|move|p2a: Landorus|Stealth Rock|p1a: Magnezone\n|-sidestart|p1: uniandes5|move: Stealth Rock\n|\n|-weather|Sandstorm|[upkeep]\n|-heal|p2a: Landorus|54\/100|[from] item: Leftovers\n|upkeep\n|turn|7\n|j| BestChad\n|\n|t:|1662750876\n|move|p1a: Magnezone|Flash Cannon|p2a: Landorus\n|-damage|p2a: Landorus|22\/100\n|move|p2a: Landorus|Earthquake|p1a: Magnezone\n|-supereffective|p1a: Magnezone\n|-crit|p1a: Magnezone\n|-ability|p1a: Magnezone|Sturdy\n|-damage|p1a: Magnezone|1\/100\n|\n|-weather|none\n|-heal|p2a: Landorus|29\/100|[from] item: Leftovers\n|upkeep\n|turn|8\n|-enditem|p1a: Magnezone|Custap Berry|[eat]\n|-activate|p1a: Magnezone|item: Custap Berry|[consumed]\n|\n|t:|1662750893\n|switch|p2a: Tyranitar|Tyranitar, M|30\/100\n|-weather|Sandstorm|[from] ability: Sand Stream|[of] p2a: Tyranitar\n|move|p1a: Magnezone|Flash Cannon|p2a: Tyranitar\n|-supereffective|p2a: Tyranitar\n|-damage|p2a: Tyranitar|0 fnt\n|faint|p2a: Tyranitar\n|\n|-weather|Sandstorm|[upkeep]\n|upkeep\n|\n|t:|1662750903\n|switch|p2a: Kartana|Kartana|100\/100\n|turn|9\n|\n|t:|1662750914\n|move|p2a: Kartana|Knock Off|p1a: Magnezone\n|-damage|p1a: Magnezone|0 fnt\n|faint|p1a: Magnezone\n|-ability|p2a: Kartana|Beast Boost|boost\n|-boost|p2a: Kartana|atk|1\n|\n|-weather|Sandstorm|[upkeep]\n|upkeep\n|\n|t:|1662750917\n|switch|p1a: Garchomp|Garchomp, F|100\/100\n|-damage|p1a: Garchomp|94\/100|[from] Stealth Rock\n|turn|10\n|\n|t:|1662750927\n|switch|p2a: Rotom|Rotom-Wash|77\/100\n|move|p1a: Garchomp|Stealth Rock|p2a: Rotom\n|-sidestart|p2: bizarman|move: Stealth Rock\n|\n|-weather|Sandstorm|[upkeep]\n|-damage|p2a: Rotom|71\/100|[from] Sandstorm\n|upkeep\n|turn|11\n|\n|t:|1662750934\n|move|p1a: Garchomp|Toxic|p2a: Rotom\n|-status|p2a: Rotom|tox\n|move|p2a: Rotom|Will-O-Wisp|p1a: Garchomp\n|-status|p1a: Garchomp|brn\n|\n|-weather|Sandstorm|[upkeep]\n|-damage|p2a: Rotom|65\/100 tox|[from] Sandstorm\n|-damage|p2a: Rotom|58\/100 tox|[from] psn\n|-damage|p1a: Garchomp|88\/100 brn|[from] brn\n|upkeep\n|turn|12\n|\n|t:|1662750944\n|move|p1a: Garchomp|Fire Blast|p2a: Rotom\n|-resisted|p2a: Rotom\n|-damage|p2a: Rotom|47\/100 tox\n|move|p2a: Rotom|Hydro Pump|p1a: Garchomp\n|-damage|p1a: Garchomp|47\/100 brn\n|\n|-weather|none\n|-damage|p2a: Rotom|34\/100 tox|[from] psn\n|-damage|p1a: Garchomp|40\/100 brn|[from] brn\n|upkeep\n|turn|13\n|\n|t:|1662750954\n|switch|p2a: Clefable|Clefable, F|100\/100\n|move|p1a: Garchomp|Fire Blast|p2a: Clefable\n|-damage|p2a: Clefable|80\/100\n|\n|-heal|p2a: Clefable|86\/100|[from] item: Leftovers\n|-damage|p1a: Garchomp|34\/100 brn|[from] brn\n|upkeep\n|turn|14\n|inactive|uniandes5 has 120 seconds left.\n|\n|t:|1662751010\n|move|p1a: Garchomp|Earthquake|p2a: Clefable\n|-damage|p2a: Clefable|70\/100\n|move|p2a: Clefable|Calm Mind|p2a: Clefable\n|-boost|p2a: Clefable|spa|1\n|-boost|p2a: Clefable|spd|1\n|\n|-heal|p2a: Clefable|76\/100|[from] item: Leftovers\n|-damage|p1a: Garchomp|28\/100 brn|[from] brn\n|upkeep\n|turn|15\n|\n|t:|1662751018\n|switch|p1a: Regieleki|Regieleki|100\/100\n|-damage|p1a: Regieleki|88\/100|[from] Stealth Rock\n|move|p2a: Clefable|Calm Mind|p2a: Clefable\n|-boost|p2a: Clefable|spa|1\n|-boost|p2a: Clefable|spd|1\n|\n|-heal|p2a: Clefable|82\/100|[from] item: Leftovers\n|upkeep\n|turn|16\n|\n|t:|1662751026\n|move|p1a: Regieleki|Explosion|p2a: Clefable\n|-damage|p2a: Clefable|0 fnt\n|faint|p1a: Regieleki\n|faint|p2a: Clefable\n|\n|upkeep\n|\n|t:|1662751037\n|switch|p1a: Aegislash|Aegislash, F|100\/100\n|switch|p2a: Corviknight|Corviknight, F|100\/100\n|-damage|p2a: Corviknight|88\/100|[from] Stealth Rock\n|-ability|p2a: Corviknight|Pressure\n|-damage|p1a: Aegislash|94\/100|[from] Stealth Rock\n|-item|p1a: Aegislash|Air Balloon\n|turn|17\n|\n|t:|1662751047\n|switch|p1a: Garchomp|Garchomp, F|28\/100 brn\n|-damage|p1a: Garchomp|22\/100 brn|[from] Stealth Rock\n|move|p2a: Corviknight|U-turn|p1a: Garchomp\n|-damage|p1a: Garchomp|10\/100 brn\n|-damage|p2a: Corviknight|76\/100|[from] ability: Rough Skin|[of] p1a: Garchomp\n|-damage|p2a: Corviknight|59\/100|[from] item: Rocky Helmet|[of] p1a: Garchomp\n|\n|t:|1662751057\n|switch|p2a: Kartana|Kartana|100\/100|[from]move: U-turn\n|-damage|p2a: Kartana|94\/100|[from] Stealth Rock\n|\n|-damage|p1a: Garchomp|4\/100 brn|[from] brn\n|upkeep\n|turn|18\n|\n|t:|1662751063\n|move|p2a: Kartana|Knock Off|p1a: Garchomp\n|-damage|p1a: Garchomp|0 fnt\n|-damage|p2a: Kartana|82\/100|[from] ability: Rough Skin|[of] p1a: Garchomp\n|-damage|p2a: Kartana|65\/100|[from] item: Rocky Helmet|[of] p1a: Garchomp\n|-enditem|p1a: Garchomp|Rocky Helmet|[from] move: Knock Off|[of] p2a: Kartana\n|faint|p1a: Garchomp\n|-ability|p2a: Kartana|Beast Boost|boost\n|-boost|p2a: Kartana|atk|1\n|\n|upkeep\n|\n|t:|1662751066\n|switch|p1a: Aegislash|Aegislash, F|94\/100\n|-damage|p1a: Aegislash|88\/100|[from] Stealth Rock\n|-item|p1a: Aegislash|Air Balloon\n|turn|19\n|\n|t:|1662751076\n|move|p1a: Aegislash|King's Shield|p1a: Aegislash\n|-singleturn|p1a: Aegislash|Protect\n|move|p2a: Kartana|Knock Off|p1a: Aegislash\n|-activate|p1a: Aegislash|move: Protect\n|-unboost|p2a: Kartana|atk|1\n|\n|upkeep\n|turn|20\n|\n|t:|1662751086\n|switch|p2a: Rotom|Rotom-Wash|34\/100 tox\n|-damage|p2a: Rotom|22\/100 tox|[from] Stealth Rock\n|-formechange|p1a: Aegislash|Aegislash-Blade||[from] ability: Stance Change\n|move|p1a: Aegislash|Shadow Ball|p2a: Rotom\n|-damage|p2a: Rotom|0 fnt\n|faint|p2a: Rotom\n|\n|upkeep\n|\n|t:|1662751102\n|switch|p2a: Corviknight|Corviknight, F|59\/100\n|-damage|p2a: Corviknight|47\/100|[from] Stealth Rock\n|-ability|p2a: Corviknight|Pressure\n|turn|21\n|\n|t:|1662751107\n|move|p2a: Corviknight|Roost|p2a: Corviknight\n|-heal|p2a: Corviknight|97\/100\n|-singleturn|p2a: Corviknight|move: Roost\n|move|p1a: Aegislash|Shadow Ball|p2a: Corviknight\n|-damage|p2a: Corviknight|56\/100\n|-unboost|p2a: Corviknight|spd|1\n|\n|upkeep\n|turn|22\n|\n|t:|1662751118\n|switch|p2a: Landorus|Landorus-Therian, M|29\/100\n|-damage|p2a: Landorus|16\/100|[from] Stealth Rock\n|-ability|p2a: Landorus|Intimidate|boost\n|-unboost|p1a: Aegislash|atk|1\n|move|p1a: Aegislash|Shadow Ball|p2a: Landorus\n|-damage|p2a: Landorus|0 fnt\n|faint|p2a: Landorus\n|\n|upkeep\n|j| Fasboom\n|\n|t:|1662751127\n|switch|p2a: Corviknight|Corviknight, F|56\/100\n|-damage|p2a: Corviknight|43\/100|[from] Stealth Rock\n|-ability|p2a: Corviknight|Pressure\n|turn|23\n|\n|t:|1662751132\n|move|p2a: Corviknight|Roost|p2a: Corviknight\n|-heal|p2a: Corviknight|93\/100\n|-singleturn|p2a: Corviknight|move: Roost\n|move|p1a: Aegislash|Shadow Ball|p2a: Corviknight\n|-damage|p2a: Corviknight|50\/100\n|\n|upkeep\n|turn|24\n|\n|t:|1662751139\n|switch|p1a: Tapu Lele|Tapu Lele|100\/100\n|-damage|p1a: Tapu Lele|88\/100|[from] Stealth Rock\n|-fieldstart|move: Psychic Terrain|[from] ability: Psychic Surge|[of] p1a: Tapu Lele\n|move|p2a: Corviknight|Roost|p2a: Corviknight\n|-heal|p2a: Corviknight|99\/100\n|-singleturn|p2a: Corviknight|move: Roost\n|\n|upkeep\n|turn|25\n|\n|t:|1662751148\n|move|p1a: Tapu Lele|Shadow Ball|p2a: Corviknight\n|-damage|p2a: Corviknight|74\/100\n|move|p2a: Corviknight|Defog|p1a: Tapu Lele\n|-unboost|p1a: Tapu Lele|evasion|1\n|-sideend|p1: uniandes5|Stealth Rock|[from] move: Defog|[of] p2a: Corviknight\n|-sideend|p2: bizarman|Stealth Rock|[from] move: Defog|[of] p2a: Corviknight\n|-fieldend|move: Psychic Terrain\n|\n|upkeep\n|turn|26\n|\n|t:|1662751156\n|move|p1a: Tapu Lele|Shadow Ball|p2a: Corviknight\n|-damage|p2a: Corviknight|45\/100\n|-unboost|p2a: Corviknight|spd|1\n|move|p2a: Corviknight|Brave Bird|p1a: Tapu Lele\n|-damage|p1a: Tapu Lele|41\/100\n|-damage|p2a: Corviknight|31\/100|[from] Recoil\n|\n|upkeep\n|turn|27\n|\n|t:|1662751165\n|move|p1a: Tapu Lele|Shadow Ball|p2a: Corviknight\n|-damage|p2a: Corviknight|0 fnt\n|faint|p2a: Corviknight\n|\n|upkeep\n|\n|t:|1662751170\n|switch|p2a: Kartana|Kartana|65\/100\n|turn|28\n|\n|t:|1662751173\n|move|p2a: Kartana|Knock Off|p1a: Tapu Lele\n|-damage|p1a: Tapu Lele|0 fnt\n|-enditem|p1a: Tapu Lele|Twisted Spoon|[from] move: Knock Off|[of] p2a: Kartana\n|faint|p1a: Tapu Lele\n|-ability|p2a: Kartana|Beast Boost|boost\n|-boost|p2a: Kartana|atk|1\n|\n|upkeep\n|\n|t:|1662751175\n|switch|p1a: Aegislash|Aegislash, F|88\/100\n|-item|p1a: Aegislash|Air Balloon\n|turn|29\n|\n|t:|1662751182\n|move|p1a: Aegislash|King's Shield|p1a: Aegislash\n|-singleturn|p1a: Aegislash|Protect\n|move|p2a: Kartana|Knock Off|p1a: Aegislash\n|-activate|p1a: Aegislash|move: Protect\n|-unboost|p2a: Kartana|atk|1\n|\n|upkeep\n|turn|30\n|\n|t:|1662751188\n|move|p2a: Kartana|Knock Off|p1a: Aegislash\n|-supereffective|p1a: Aegislash\n|-damage|p1a: Aegislash|20\/100\n|-enditem|p1a: Aegislash|Air Balloon\n|-formechange|p1a: Aegislash|Aegislash-Blade||[from] ability: Stance Change\n|move|p1a: Aegislash|Shadow Ball|p2a: Kartana\n|-damage|p2a: Kartana|0 fnt\n|faint|p2a: Kartana\n|\n|win|uniandes5\n|raw|uniandes5's rating: 1743 &rarr; <strong>1764<\/strong><br \/>(+21 for winning)\n|raw|bizarman's rating: 1760 &rarr; <strong>1739<\/strong><br \/>(-21 for losing)\n|c|\u2606bizarman|gg\n|l|\u2606uniandes5\n|l|\u2606bizarman\n||Ladder isn't responding, score probably updated but might not have (Request timeout).\n","uploadtime":1662751239,"views":24,"p1id":"uniandes5","p2id":"bizarman","formatid":"gen8ou","rating":1739,"private":0,"password":null}