{"id":"gen8ou-1103576073","p1":"lord cube","p2":"The Last Hero","format":"gen8ou","log":"|j|\u2606lord cube\n|j|\u2606The Last Hero\n|player|p1|lord cube|riley|1629\n|player|p2|The Last Hero|acetrainersnow|1722\n|teamsize|p1|6\n|teamsize|p2|6\n|gametype|singles\n|gen|8\n|tier|[Gen 8] OU\n|rated|\n|clearpoke\n|poke|p1|Primarina, F|\n|poke|p1|Ferrothorn, F|\n|poke|p1|Bisharp, M|\n|poke|p1|Gengar, M|\n|poke|p1|Rotom-Heat|\n|poke|p1|Clefable, F|\n|poke|p2|Gardevoir, F|\n|poke|p2|Clefable, F|\n|poke|p2|Corviknight, M|\n|poke|p2|Seismitoad, M|\n|poke|p2|Salazzle, F|\n|poke|p2|Kommo-o, M|\n|rule|Sleep Clause Mod: Limit one foe put to sleep\n|rule|Species Clause: Limit one of each Pok\u00e9mon\n|rule|OHKO Clause: OHKO moves are banned\n|rule|Evasion Moves Clause: Evasion moves are banned\n|rule|Endless Battle Clause: Forcing endless battles is banned\n|rule|HP Percentage Mod: HP is shown in percentages\n|rule|Dynamax Clause: You cannot dynamax\n|teampreview\n|inactive|Battle timer is ON: inactive players will automatically lose when time's up. (requested by The Last Hero)\n|\n|start\n|switch|p1a: Rotom|Rotom-Heat|100\/100\n|switch|p2a: Flames|Salazzle, F|100\/100\n|turn|1\n|\n|move|p2a: Flames|Toxic|p1a: Rotom\n|-status|p1a: Rotom|tox\n|move|p1a: Rotom|Volt Switch|p2a: Flames\n|-damage|p2a: Flames|62\/100\n|\n|switch|p1a: Gengar|Gengar, M|100\/100|[from]move: Volt Switch\n|\n|-heal|p2a: Flames|69\/100|[from] item: Black Sludge\n|upkeep\n|turn|2\n|\n|switch|p2a: Clanger|Kommo-o, M|100\/100\n|move|p1a: Gengar|Substitute|p1a: Gengar\n|-start|p1a: Gengar|Substitute\n|-damage|p1a: Gengar|76\/100\n|\n|-heal|p1a: Gengar|82\/100|[from] item: Black Sludge\n|upkeep\n|turn|3\n|\n|move|p1a: Gengar|Will-O-Wisp|p2a: Clanger\n|-status|p2a: Clanger|brn\n|move|p2a: Clanger|Earthquake|p1a: Gengar\n|-supereffective|p1a: Gengar\n|-crit|p1a: Gengar\n|-end|p1a: Gengar|Substitute\n|\n|-heal|p1a: Gengar|88\/100|[from] item: Black Sludge\n|-damage|p2a: Clanger|94\/100 brn|[from] brn\n|upkeep\n|turn|4\n|\n|switch|p1a: Primarina|Primarina, F|100\/100\n|switch|p2a: Flames|Salazzle, F|69\/100\n|\n|-heal|p2a: Flames|75\/100|[from] item: Black Sludge\n|upkeep\n|turn|5\n|\n|switch|p1a: Rotom|Rotom-Heat|100\/100 tox\n|move|p2a: Flames|Toxic|p1a: Rotom\n|-fail|p1a: Rotom|tox\n|\n|-heal|p2a: Flames|81\/100|[from] item: Black Sludge\n|-damage|p1a: Rotom|95\/100 tox|[from] psn\n|upkeep\n|turn|6\n|\n|move|p2a: Flames|Protect|p2a: Flames\n|-singleturn|p2a: Flames|Protect\n|move|p1a: Rotom|Toxic|p2a: Flames\n|-activate|p2a: Flames|move: Protect\n|\n|-heal|p2a: Flames|87\/100|[from] item: Black Sludge\n|-damage|p1a: Rotom|83\/100 tox|[from] psn\n|upkeep\n|turn|7\n|\n|switch|p2a: Vibracio|Seismitoad, M|100\/100\n|move|p1a: Rotom|Volt Switch|p2a: Vibracio\n|-immune|p2a: Vibracio\n|\n|-damage|p1a: Rotom|65\/100 tox|[from] psn\n|upkeep\n|turn|8\n|\n|switch|p1a: Clefable|Clefable, F|100\/100\n|move|p2a: Vibracio|Stealth Rock|p1a: Clefable\n|-sidestart|p1: lord cube|move: Stealth Rock\n|\n|upkeep\n|turn|9\n|\n|move|p2a: Vibracio|Knock Off|p1a: Clefable\n|-resisted|p1a: Clefable\n|-damage|p1a: Clefable|89\/100\n|-enditem|p1a: Clefable|Leftovers|[from] move: Knock Off|[of] p2a: Vibracio\n|move|p1a: Clefable|Thunder Wave|p2a: Vibracio\n|-immune|p2a: Vibracio\n|\n|upkeep\n|turn|10\n|\n|switch|p2a: Fabiole|Clefable, F|100\/100\n|move|p1a: Clefable|Stealth Rock|p2a: Fabiole\n|-sidestart|p2: The Last Hero|move: Stealth Rock\n|\n|upkeep\n|turn|11\n|\n|move|p1a: Clefable|Thunder Wave|p2a: Fabiole\n|-status|p2a: Fabiole|par\n|move|p2a: Fabiole|Teleport|p2a: Fabiole\n|\n|switch|p2a: Crow Of Judgement|Corviknight, M|100\/100|[from]move: Teleport\n|-damage|p2a: Crow Of Judgement|88\/100|[from] Stealth Rock\n|-ability|p2a: Crow Of Judgement|Pressure\n|\n|-heal|p2a: Crow Of Judgement|94\/100|[from] item: Leftovers\n|upkeep\n|turn|12\n|\n|move|p2a: Crow Of Judgement|Brave Bird|p1a: Clefable\n|-damage|p1a: Clefable|46\/100\n|-damage|p2a: Crow Of Judgement|80\/100|[from] Recoil\n|move|p1a: Clefable|Thunder Wave|p2a: Crow Of Judgement\n|-status|p2a: Crow Of Judgement|par\n|\n|-heal|p2a: Crow Of Judgement|86\/100 par|[from] item: Leftovers\n|upkeep\n|turn|13\n|\n|move|p1a: Clefable|Soft-Boiled|p1a: Clefable\n|-heal|p1a: Clefable|96\/100\n|move|p2a: Crow Of Judgement|Defog|p1a: Clefable\n|-unboost|p1a: Clefable|evasion|1\n|-sideend|p1: lord cube|Stealth Rock|[from] move: Defog|[of] p2a: Crow Of Judgement\n|-sideend|p2: The Last Hero|Stealth Rock|[from] move: Defog|[of] p2a: Crow Of Judgement\n|\n|-heal|p2a: Crow Of Judgement|92\/100 par|[from] item: Leftovers\n|upkeep\n|turn|14\n|\n|move|p1a: Clefable|Stealth Rock|p2a: Crow Of Judgement\n|-sidestart|p2: The Last Hero|move: Stealth Rock\n|move|p2a: Crow Of Judgement|Brave Bird|p1a: Clefable\n|-damage|p1a: Clefable|58\/100\n|-damage|p2a: Crow Of Judgement|80\/100 par|[from] Recoil\n|\n|-heal|p2a: Crow Of Judgement|86\/100 par|[from] item: Leftovers\n|upkeep\n|turn|15\n|\n|move|p1a: Clefable|Soft-Boiled|p1a: Clefable\n|-heal|p1a: Clefable|100\/100\n|move|p2a: Crow Of Judgement|Defog|p1a: Clefable\n|-unboost|p1a: Clefable|evasion|1\n|-sideend|p2: The Last Hero|Stealth Rock|[from] move: Defog|[of] p2a: Crow Of Judgement\n|\n|-heal|p2a: Crow Of Judgement|92\/100 par|[from] item: Leftovers\n|upkeep\n|turn|16\n|\n|move|p1a: Clefable|Stealth Rock|p2a: Crow Of Judgement\n|-sidestart|p2: The Last Hero|move: Stealth Rock\n|move|p2a: Crow Of Judgement|Brave Bird|p1a: Clefable\n|-damage|p1a: Clefable|57\/100\n|-damage|p2a: Crow Of Judgement|77\/100 par|[from] Recoil\n|\n|-heal|p2a: Crow Of Judgement|83\/100 par|[from] item: Leftovers\n|upkeep\n|turn|17\n|\n|move|p1a: Clefable|Soft-Boiled|p1a: Clefable\n|-heal|p1a: Clefable|100\/100\n|move|p2a: Crow Of Judgement|Defog|p1a: Clefable\n|-unboost|p1a: Clefable|evasion|1\n|-sideend|p2: The Last Hero|Stealth Rock|[from] move: Defog|[of] p2a: Crow Of Judgement\n|\n|-heal|p2a: Crow Of Judgement|89\/100 par|[from] item: Leftovers\n|upkeep\n|turn|18\n|\n|move|p1a: Clefable|Stealth Rock|p2a: Crow Of Judgement\n|-sidestart|p2: The Last Hero|move: Stealth Rock\n|cant|p2a: Crow Of Judgement|par\n|\n|-heal|p2a: Crow Of Judgement|95\/100 par|[from] item: Leftovers\n|upkeep\n|turn|19\n|\n|switch|p1a: Bisharp|Bisharp, M|100\/100\n|move|p2a: Crow Of Judgement|U-turn|p1a: Bisharp\n|-damage|p1a: Bisharp|81\/100\n|\n|switch|p2a: Vibracio|Seismitoad, M|100\/100|[from]move: U-turn\n|-damage|p2a: Vibracio|94\/100|[from] Stealth Rock\n|\n|-heal|p2a: Vibracio|100\/100|[from] item: Leftovers\n|upkeep\n|turn|20\n|\n|switch|p1a: Ferrothorn|Ferrothorn, F|100\/100\n|move|p2a: Vibracio|Knock Off|p1a: Ferrothorn\n|-damage|p1a: Ferrothorn|90\/100\n|-damage|p2a: Vibracio|88\/100|[from] ability: Iron Barbs|[of] p1a: Ferrothorn\n|-enditem|p1a: Ferrothorn|Leftovers|[from] move: Knock Off|[of] p2a: Vibracio\n|\n|-heal|p2a: Vibracio|94\/100|[from] item: Leftovers\n|upkeep\n|turn|21\n|\n|switch|p2a: Crow Of Judgement|Corviknight, M|95\/100 par\n|-damage|p2a: Crow Of Judgement|83\/100 par|[from] Stealth Rock\n|-ability|p2a: Crow Of Judgement|Pressure\n|move|p1a: Ferrothorn|Knock Off|p2a: Crow Of Judgement\n|-damage|p2a: Crow Of Judgement|66\/100 par\n|-enditem|p2a: Crow Of Judgement|Leftovers|[from] move: Knock Off|[of] p1a: Ferrothorn\n|\n|upkeep\n|turn|22\n|\n|switch|p1a: Bisharp|Bisharp, M|81\/100\n|cant|p2a: Crow Of Judgement|par\n|\n|upkeep\n|turn|23\n|\n|switch|p2a: Clanger|Kommo-o, M|94\/100 brn\n|-damage|p2a: Clanger|88\/100 brn|[from] Stealth Rock\n|move|p1a: Bisharp|Knock Off|p2a: Clanger\n|-resisted|p2a: Clanger\n|-crit|p2a: Clanger\n|-damage|p2a: Clanger|55\/100 brn\n|-enditem|p2a: Clanger|Leftovers|[from] move: Knock Off|[of] p1a: Bisharp\n|\n|-damage|p2a: Clanger|49\/100 brn|[from] brn\n|upkeep\n|turn|24\n|\n|switch|p1a: Primarina|Primarina, F|100\/100\n|move|p2a: Clanger|Rest|p2a: Clanger\n|-status|p2a: Clanger|slp|[from] move: Rest\n|-heal|p2a: Clanger|100\/100 slp|[silent]\n|\n|upkeep\n|turn|25\n|\n|switch|p2a: Heartless Lady|Gardevoir, F, shiny|100\/100\n|-damage|p2a: Heartless Lady|88\/100|[from] Stealth Rock\n|-ability|p2a: Heartless Lady|Torrent|[from] ability: Trace|[of] p1a: Primarina\n|move|p1a: Primarina|Substitute|p1a: Primarina\n|-start|p1a: Primarina|Substitute\n|-damage|p1a: Primarina|75\/100\n|\n|-heal|p2a: Heartless Lady|94\/100|[from] item: Leftovers\n|-heal|p1a: Primarina|82\/100|[from] item: Leftovers\n|upkeep\n|turn|26\n|\n|move|p2a: Heartless Lady|Calm Mind|p2a: Heartless Lady\n|-boost|p2a: Heartless Lady|spa|1\n|-boost|p2a: Heartless Lady|spd|1\n|move|p1a: Primarina|Calm Mind|p1a: Primarina\n|-boost|p1a: Primarina|spa|1\n|-boost|p1a: Primarina|spd|1\n|\n|-heal|p2a: Heartless Lady|100\/100|[from] item: Leftovers\n|-heal|p1a: Primarina|88\/100|[from] item: Leftovers\n|upkeep\n|turn|27\n|\n|move|p2a: Heartless Lady|Calm Mind|p2a: Heartless Lady\n|-boost|p2a: Heartless Lady|spa|1\n|-boost|p2a: Heartless Lady|spd|1\n|move|p1a: Primarina|Calm Mind|p1a: Primarina\n|-boost|p1a: Primarina|spa|1\n|-boost|p1a: Primarina|spd|1\n|\n|-heal|p1a: Primarina|94\/100|[from] item: Leftovers\n|upkeep\n|turn|28\n|\n|move|p2a: Heartless Lady|Moonblast|p1a: Primarina\n|-end|p1a: Primarina|Substitute\n|move|p1a: Primarina|Moonblast|p2a: Heartless Lady\n|-damage|p2a: Heartless Lady|58\/100\n|\n|-heal|p2a: Heartless Lady|64\/100|[from] item: Leftovers\n|-heal|p1a: Primarina|99\/100|[from] item: Leftovers\n|upkeep\n|turn|29\n|\n|switch|p1a: Bisharp|Bisharp, M|81\/100\n|move|p2a: Heartless Lady|Psyshock|p1a: Bisharp\n|-immune|p1a: Bisharp\n|\n|-heal|p2a: Heartless Lady|71\/100|[from] item: Leftovers\n|upkeep\n|turn|30\n|\n|move|p1a: Bisharp|Sucker Punch|p2a: Heartless Lady\n|-damage|p2a: Heartless Lady|0 fnt\n|faint|p2a: Heartless Lady\n|\n|upkeep\n|-message|The Last Hero forfeited.\n|\n|win|lord cube\n|l|\u2606The Last Hero\n|raw|lord cube's rating: 1617 &rarr; <strong>1643<\/strong><br \/>(+26 for winning)\n|raw|The Last Hero's rating: 1722 &rarr; <strong>1696<\/strong><br \/>(-26 for losing)\n","uploadtime":1587895287,"views":188,"p1id":"lordcube","p2id":"thelasthero","formatid":"gen8ou","rating":1643,"private":0,"password":null}