{"id":"gen8ou-1378230268","p1":"Orangesss","p2":"Lt83AQ Fusien","format":"gen8ou","log":"|raw|<div class=\"broadcast-blue\"><strong>This battle is required to be public due to a player having a name starting with 'lt83aq'.<\/div>\n|j|\u2606Orangesss\n|j|\u2606Lt83AQ Fusien\n|t:|1626455959\n|gametype|singles\n|player|p1|Orangesss|silver|1611\n|player|p2|Lt83AQ Fusien|yellow|1664\n|teamsize|p1|6\n|teamsize|p2|6\n|gen|8\n|tier|[Gen 8] OU\n|rated|\n|rule|Sleep Clause Mod: Limit one foe put to sleep\n|rule|Species Clause: Limit one of each Pok\u00e9mon\n|rule|OHKO Clause: OHKO moves are banned\n|rule|Evasion Moves Clause: Evasion moves are banned\n|rule|Endless Battle Clause: Forcing endless battles is banned\n|rule|HP Percentage Mod: HP is shown in percentages\n|rule|Dynamax Clause: You cannot dynamax\n|clearpoke\n|poke|p1|Pelipper, M|\n|poke|p1|Barraskewda, M|\n|poke|p1|Ferrothorn, M|\n|poke|p1|Seismitoad, M|\n|poke|p1|Tapu Koko|\n|poke|p1|Tornadus-Therian, M|\n|poke|p2|Dragonite, M|\n|poke|p2|Rotom-Wash|\n|poke|p2|Melmetal|\n|poke|p2|Weavile, F|\n|poke|p2|Landorus-Therian, M|\n|poke|p2|Volcarona, F|\n|teampreview\n|inactive|Battle timer is ON: inactive players will automatically lose when time's up. (requested by Lt83AQ Fusien)\n|j| LT82ZW LE FLEXMAN\n|c|\u2606Lt83AQ Fusien|Hf\n|\n|t:|1626455976\n|start\n|switch|p1a: Big Gulp sponsor|Pelipper, M|100\/100\n|switch|p2a: Weavile|Weavile, F|100\/100\n|-ability|p2a: Weavile|Pressure\n|-weather|RainDance|[from] ability: Drizzle|[of] p1a: Big Gulp sponsor\n|turn|1\n|j| baloor\n|\n|t:|1626455982\n|switch|p1a: Hates rain|Ferrothorn, M|100\/100\n|move|p2a: Weavile|Knock Off|p1a: Hates rain\n|-crit|p1a: Hates rain\n|-damage|p1a: Hates rain|35\/100\n|-damage|p2a: Weavile|88\/100|[from] ability: Iron Barbs|[of] p1a: Hates rain\n|-enditem|p1a: Hates rain|Leftovers|[from] move: Knock Off|[of] p2a: Weavile\n|\n|-weather|RainDance|[upkeep]\n|upkeep\n|turn|2\n|c|\u2606Lt83AQ Fusien|Mb\n|\n|t:|1626455992\n|switch|p2a: Landorus|Landorus-Therian, M, shiny|100\/100\n|-ability|p2a: Landorus|Intimidate|boost\n|-unboost|p1a: Hates rain|atk|1\n|switch|p1a: Tornadus|Tornadus-Therian, M|100\/100\n|\n|-weather|RainDance|[upkeep]\n|upkeep\n|turn|3\n|l| baloor\n|\n|t:|1626455999\n|switch|p2a: Rotom|Rotom-Wash|100\/100\n|move|p1a: Tornadus|Hurricane|p2a: Rotom\n|-resisted|p2a: Rotom\n|-damage|p2a: Rotom|84\/100\n|\n|-weather|RainDance|[upkeep]\n|-heal|p2a: Rotom|90\/100|[from] item: Leftovers\n|upkeep\n|turn|4\n|\n|t:|1626456002\n|move|p1a: Tornadus|Knock Off|p2a: Rotom\n|-damage|p2a: Rotom|68\/100\n|-enditem|p2a: Rotom|Leftovers|[from] move: Knock Off|[of] p1a: Tornadus\n|move|p2a: Rotom|Volt Switch|p1a: Tornadus\n|-supereffective|p1a: Tornadus\n|-damage|p1a: Tornadus|46\/100\n|\n|t:|1626456005\n|switch|p2a: Weavile|Weavile, F|88\/100|[from]move: Volt Switch\n|-ability|p2a: Weavile|Pressure\n|\n|-weather|RainDance|[upkeep]\n|upkeep\n|turn|5\n|j| ChanseyDeBotas\n|\n|t:|1626456010\n|move|p1a: Tornadus|U-turn|p2a: Weavile\n|-supereffective|p2a: Weavile\n|-damage|p2a: Weavile|38\/100\n|j|+AM\n|\n|t:|1626456016\n|switch|p1a: Hates rain|Ferrothorn, M|35\/100|[from]move: U-turn\n|move|p2a: Weavile|Knock Off|p1a: Hates rain\n|-damage|p1a: Hates rain|3\/100\n|-damage|p2a: Weavile|26\/100|[from] ability: Iron Barbs|[of] p1a: Hates rain\n|\n|-weather|RainDance|[upkeep]\n|upkeep\n|turn|6\n|j| Der Waldgang\n|\n|t:|1626456023\n|move|p2a: Weavile|Knock Off|p1a: Hates rain\n|-damage|p1a: Hates rain|0 fnt\n|-damage|p2a: Weavile|13\/100|[from] ability: Iron Barbs|[of] p1a: Hates rain\n|faint|p1a: Hates rain\n|\n|-weather|RainDance|[upkeep]\n|upkeep\n|\n|t:|1626456026\n|switch|p1a: Tornadus|Tornadus-Therian, M|79\/100\n|turn|7\n|\n|t:|1626456030\n|switch|p2a: Rotom|Rotom-Wash|68\/100\n|move|p1a: Tornadus|U-turn|p2a: Rotom\n|-damage|p2a: Rotom|52\/100\n|l| ChanseyDeBotas\n|\n|t:|1626456042\n|switch|p1a: One fish two fish|Barraskewda, M|100\/100|[from]move: U-turn\n|\n|-weather|RainDance|[upkeep]\n|upkeep\n|turn|8\n|\n|t:|1626456047\n|switch|p2a: Landorus|Landorus-Therian, M, shiny|100\/100\n|-ability|p2a: Landorus|Intimidate|boost\n|-unboost|p1a: One fish two fish|atk|1\n|move|p1a: One fish two fish|Liquidation|p2a: Landorus\n|-supereffective|p2a: Landorus\n|-damage|p2a: Landorus|0 fnt\n|faint|p2a: Landorus\n|\n|-weather|none\n|upkeep\n|j| CCN n3rd\n|j| LT83AQ M\n|\n|t:|1626456050\n|switch|p2a: Rotom|Rotom-Wash|52\/100\n|turn|9\n|l| LT83AQ M\n|\n|t:|1626456058\n|switch|p1a: Big Gulp sponsor|Pelipper, M|100\/100\n|-weather|RainDance|[from] ability: Drizzle|[of] p1a: Big Gulp sponsor\n|move|p2a: Rotom|Pain Split|p1a: Big Gulp sponsor\n|-sethp|p1a: Big Gulp sponsor|75\/100|[from] move: Pain Split|[silent]\n|-sethp|p2a: Rotom|80\/100|[from] move: Pain Split\n|\n|-weather|RainDance|[upkeep]\n|upkeep\n|turn|10\n|\n|t:|1626456063\n|switch|p1a: Tornadus|Tornadus-Therian, M|100\/100\n|move|p2a: Rotom|Hydro Pump|p1a: Tornadus\n|-damage|p1a: Tornadus|36\/100\n|\n|-weather|RainDance|[upkeep]\n|upkeep\n|turn|11\n|\n|t:|1626456067\n|move|p1a: Tornadus|Hurricane|p2a: Rotom\n|-resisted|p2a: Rotom\n|-damage|p2a: Rotom|65\/100\n|move|p2a: Rotom|Hydro Pump|p1a: Tornadus\n|-damage|p1a: Tornadus|0 fnt\n|faint|p1a: Tornadus\n|\n|-weather|RainDance|[upkeep]\n|upkeep\n|\n|t:|1626456074\n|switch|p1a: Agent \u00a5|Seismitoad, M|100\/100\n|turn|12\n|\n|t:|1626456077\n|move|p1a: Agent \u00a5|Weather Ball|p2a: Rotom\n|-resisted|p2a: Rotom\n|-damage|p2a: Rotom|34\/100\n|-damage|p1a: Agent \u00a5|91\/100|[from] item: Life Orb\n|move|p2a: Rotom|Pain Split|p1a: Agent \u00a5\n|-sethp|p1a: Agent \u00a5|60\/100|[from] move: Pain Split|[silent]\n|-sethp|p2a: Rotom|69\/100|[from] move: Pain Split\n|\n|-weather|RainDance|[upkeep]\n|upkeep\n|turn|13\n|j| LT83AQ Allen\n|\n|t:|1626456084\n|move|p1a: Agent \u00a5|Stealth Rock|p2a: Rotom\n|-sidestart|p2: Lt83AQ Fusien|move: Stealth Rock\n|move|p2a: Rotom|Hydro Pump|p1a: Agent \u00a5\n|-damage|p1a: Agent \u00a5|0 fnt\n|faint|p1a: Agent \u00a5\n|\n|-weather|RainDance|[upkeep]\n|upkeep\n|\n|t:|1626456087\n|switch|p1a: Speed Overdose|Tapu Koko|100\/100\n|-fieldstart|move: Electric Terrain|[from] ability: Electric Surge|[of] p1a: Speed Overdose\n|turn|14\n|\n|t:|1626456090\n|move|p1a: Speed Overdose|Thunder|p2a: Rotom\n|-damage|p2a: Rotom|0 fnt\n|faint|p2a: Rotom\n|\n|-weather|RainDance|[upkeep]\n|upkeep\n|\n|t:|1626456102\n|switch|p2a: Melmetal|Melmetal, shiny|100\/100\n|-damage|p2a: Melmetal|94\/100|[from] Stealth Rock\n|turn|15\n|\n|t:|1626456105\n|move|p1a: Speed Overdose|Thunder|p2a: Melmetal\n|-damage|p2a: Melmetal|43\/100\n|move|p2a: Melmetal|Thunder Punch|p1a: Speed Overdose\n|-resisted|p1a: Speed Overdose\n|-damage|p1a: Speed Overdose|71\/100\n|\n|-weather|RainDance|[upkeep]\n|upkeep\n|turn|16\n|\n|t:|1626456111\n|move|p1a: Speed Overdose|Thunder|p2a: Melmetal\n|-damage|p2a: Melmetal|0 fnt\n|faint|p2a: Melmetal\n|\n|-weather|none\n|upkeep\n|\n|t:|1626456116\n|switch|p2a: Volcarona|Volcarona, F|100\/100\n|turn|17\n|\n|t:|1626456120\n|switch|p1a: Big Gulp sponsor|Pelipper, M|75\/100\n|-weather|RainDance|[from] ability: Drizzle|[of] p1a: Big Gulp sponsor\n|move|p2a: Volcarona|Quiver Dance|p2a: Volcarona\n|-boost|p2a: Volcarona|spa|1\n|-boost|p2a: Volcarona|spd|1\n|-boost|p2a: Volcarona|spe|1\n|\n|-weather|RainDance|[upkeep]\n|upkeep\n|turn|18\n|\n|t:|1626456122\n|move|p2a: Volcarona|Psychic|p1a: Big Gulp sponsor\n|-damage|p1a: Big Gulp sponsor|22\/100\n|-unboost|p1a: Big Gulp sponsor|spd|1\n|move|p1a: Big Gulp sponsor|U-turn|p2a: Volcarona\n|-resisted|p2a: Volcarona\n|-damage|p2a: Volcarona|96\/100\n|-status|p1a: Big Gulp sponsor|brn|[from] ability: Flame Body|[of] p2a: Volcarona\n|\n|t:|1626456126\n|switch|p1a: One fish two fish|Barraskewda, M|100\/100|[from]move: U-turn\n|\n|-weather|RainDance|[upkeep]\n|-fieldend|move: Electric Terrain\n|upkeep\n|turn|19\n|\n|t:|1626456128\n|move|p1a: One fish two fish|Flip Turn|p2a: Volcarona\n|-supereffective|p2a: Volcarona\n|-damage|p2a: Volcarona|0 fnt\n|faint|p2a: Volcarona\n|\n|t:|1626456133\n|switch|p1a: Speed Overdose|Tapu Koko|71\/100|[from]move: Flip Turn\n|-fieldstart|move: Electric Terrain|[from] ability: Electric Surge|[of] p1a: Speed Overdose\n|\n|-weather|RainDance|[upkeep]\n|upkeep\n|\n|t:|1626456135\n|switch|p2a: Dragonite|Dragonite, M, shiny|100\/100\n|turn|20\n|\n|t:|1626456143\n|switch|p2a: Weavile|Weavile, F|13\/100\n|-damage|p2a: Weavile|0 fnt|[from] Stealth Rock\n|faint|p2a: Weavile\n|move|p1a: Speed Overdose|Volt Switch|p2: Weavile|[notarget]\n|-fail|p1a: Speed Overdose\n|\n|-weather|RainDance|[upkeep]\n|upkeep\n|\n|t:|1626456145\n|switch|p2a: Dragonite|Dragonite, M, shiny|100\/100\n|turn|21\n|j| Lets go fusien\n|\n|t:|1626456151\n|move|p1a: Speed Overdose|Volt Switch|p2a: Dragonite\n|-damage|p2a: Dragonite|70\/100\n|\n|t:|1626456155\n|switch|p1a: One fish two fish|Barraskewda, M|100\/100|[from]move: Volt Switch\n|move|p2a: Dragonite|Dragon Dance|p2a: Dragonite\n|-boost|p2a: Dragonite|atk|1\n|-boost|p2a: Dragonite|spe|1\n|\n|-weather|RainDance|[upkeep]\n|upkeep\n|turn|22\n|\n|t:|1626456158\n|move|p1a: One fish two fish|Flip Turn|p2a: Dragonite\n|-resisted|p2a: Dragonite\n|-damage|p2a: Dragonite|29\/100\n|\n|t:|1626456161\n|switch|p1a: Big Gulp sponsor|Pelipper, M|22\/100 brn|[from]move: Flip Turn\n|move|p2a: Dragonite|Roost|p2a: Dragonite\n|-heal|p2a: Dragonite|79\/100\n|-singleturn|p2a: Dragonite|move: Roost\n|\n|-weather|RainDance|[upkeep]\n|-damage|p1a: Big Gulp sponsor|16\/100 brn|[from] brn\n|upkeep\n|turn|23\n|\n|t:|1626456167\n|move|p2a: Dragonite|Dragon Dance|p2a: Dragonite\n|-boost|p2a: Dragonite|atk|1\n|-boost|p2a: Dragonite|spe|1\n|move|p1a: Big Gulp sponsor|Scald|p2a: Dragonite\n|-resisted|p2a: Dragonite\n|-damage|p2a: Dragonite|59\/100\n|\n|-weather|RainDance|[upkeep]\n|-damage|p1a: Big Gulp sponsor|9\/100 brn|[from] brn\n|-fieldend|move: Electric Terrain\n|upkeep\n|turn|24\n|\n|t:|1626456170\n|move|p2a: Dragonite|Dragon Dance|p2a: Dragonite\n|-boost|p2a: Dragonite|atk|1\n|-boost|p2a: Dragonite|spe|1\n|move|p1a: Big Gulp sponsor|Scald|p2a: Dragonite\n|-resisted|p2a: Dragonite\n|-damage|p2a: Dragonite|40\/100\n|\n|-weather|none\n|-damage|p1a: Big Gulp sponsor|3\/100 brn|[from] brn\n|upkeep\n|turn|25\n|\n|t:|1626456177\n|switch|p1a: Speed Overdose|Tapu Koko|71\/100\n|-fieldstart|move: Electric Terrain|[from] ability: Electric Surge|[of] p1a: Speed Overdose\n|move|p2a: Dragonite|Dual Wingbeat|p1a: Speed Overdose\n|-resisted|p1a: Speed Overdose\n|-damage|p1a: Speed Overdose|27\/100\n|-resisted|p1a: Speed Overdose\n|-damage|p1a: Speed Overdose|0 fnt\n|faint|p1a: Speed Overdose\n|-hitcount|p1: Speed Overdose|2\n|\n|upkeep\n|\n|t:|1626456180\n|switch|p1a: Big Gulp sponsor|Pelipper, M|3\/100 brn\n|-weather|RainDance|[from] ability: Drizzle|[of] p1a: Big Gulp sponsor\n|turn|26\n|\n|t:|1626456182\n|move|p2a: Dragonite|Roost|p2a: Dragonite\n|-heal|p2a: Dragonite|90\/100\n|-singleturn|p2a: Dragonite|move: Roost\n|move|p1a: Big Gulp sponsor|Scald|p2a: Dragonite\n|-resisted|p2a: Dragonite\n|-damage|p2a: Dragonite|68\/100\n|-status|p2a: Dragonite|brn\n|\n|-weather|RainDance|[upkeep]\n|-damage|p2a: Dragonite|62\/100 brn|[from] brn\n|-damage|p1a: Big Gulp sponsor|0 fnt|[from] brn\n|faint|p1a: Big Gulp sponsor\n|upkeep\n|\n|t:|1626456185\n|switch|p1a: One fish two fish|Barraskewda, M|100\/100\n|turn|27\n|\n|t:|1626456187\n|move|p1a: One fish two fish|Liquidation|p2a: Dragonite\n|-resisted|p2a: Dragonite\n|-damage|p2a: Dragonite|10\/100 brn\n|move|p2a: Dragonite|Dual Wingbeat|p1a: One fish two fish\n|-damage|p1a: One fish two fish|47\/100\n|-damage|p1a: One fish two fish|0 fnt\n|faint|p1a: One fish two fish\n|-hitcount|p1: One fish two fish|2\n|\n|win|Lt83AQ Fusien\n|raw|Orangesss's rating: 1611 &rarr; <strong>1594<\/strong><br \/>(-17 for losing)\n|raw|Lt83AQ Fusien's rating: 1664 &rarr; <strong>1681<\/strong><br \/>(+17 for winning)\n|l|\u2606Orangesss\n|c|\u2606Lt83AQ Fusien|Gg\n|l|+AM\n|l| CCN n3rd\n|l| LT83AQ Allen\n|l| Lets go fusien\n||Ladder isn't responding, score probably updated but might not have (Request timeout).\n|n| Fusien|lt83aqfusien\n|l| LT82ZW LE FLEXMAN\n|l| Fusien\n","uploadtime":1626456338,"views":18,"p1id":"orangesss","p2id":"lt83aqfusien","formatid":"gen8ou","rating":1594,"private":0,"password":null}