{"id":"gen8ou-1615498106","p1":"big boss 447","p2":"Rodmantis","format":"gen8ou","log":"|j|\u2606big boss 447\n|j|\u2606Rodmantis\n|t:|1657606873\n|gametype|singles\n|player|p1|big boss 447|harlequin|1659\n|player|p2|Rodmantis|2|1594\n|teamsize|p1|6\n|teamsize|p2|6\n|gen|8\n|tier|[Gen 8] OU\n|rated|\n|rule|Sleep Clause Mod: Limit one foe put to sleep\n|rule|Species Clause: Limit one of each Pok\u00e9mon\n|rule|OHKO Clause: OHKO moves are banned\n|rule|Evasion Moves Clause: Evasion moves are banned\n|rule|Endless Battle Clause: Forcing endless battles is banned\n|rule|HP Percentage Mod: HP is shown in percentages\n|rule|Dynamax Clause: You cannot dynamax\n|clearpoke\n|poke|p1|Urshifu-*, F|\n|poke|p1|Decidueye, F|\n|poke|p1|Victini|\n|poke|p1|Landorus-Therian, M|\n|poke|p1|Ferrothorn, F|\n|poke|p1|Tapu Lele|\n|poke|p2|Zapdos|\n|poke|p2|Rillaboom, M|\n|poke|p2|Slowbro, M|\n|poke|p2|Nidoking, M|\n|poke|p2|Blissey, F|\n|poke|p2|Corviknight, M|\n|teampreview\n|inactive|Battle timer is ON: inactive players will automatically lose when time's up. (requested by Rodmantis)\n|inactive|big boss 447 also wants the timer to be on.\n|\n|t:|1657606881\n|start\n|switch|p1a: Victini|Victini|100\/100\n|switch|p2a: Nidoking|Nidoking, M|100\/100\n|turn|1\n|\n|t:|1657606884\n|move|p1a: Victini|Zen Headbutt|p2a: Nidoking\n|-supereffective|p2a: Nidoking\n|-damage|p2a: Nidoking|0 fnt\n|faint|p2a: Nidoking\n|\n|upkeep\n|\n|t:|1657606887\n|switch|p2a: Corviknight|Corviknight, M|100\/100\n|turn|2\n|\n|t:|1657606890\n|move|p1a: Victini|V-create|p2a: Corviknight\n|-supereffective|p2a: Corviknight\n|-damage|p2a: Corviknight|0 fnt\n|-unboost|p1a: Victini|spe|1\n|-unboost|p1a: Victini|def|1\n|-unboost|p1a: Victini|spd|1\n|faint|p2a: Corviknight\n|\n|upkeep\n|\n|t:|1657606894\n|switch|p2a: Rillaboom|Rillaboom, M|100\/100\n|-fieldstart|move: Grassy Terrain|[from] ability: Grassy Surge|[of] p2a: Rillaboom\n|turn|3\n|\n|t:|1657606898\n|switch|p1a: Ferrothorn|Ferrothorn, F|100\/100\n|move|p2a: Rillaboom|Knock Off|p1a: Ferrothorn\n|-damage|p1a: Ferrothorn|65\/100\n|-damage|p2a: Rillaboom|88\/100|[from] ability: Iron Barbs|[of] p1a: Ferrothorn\n|-enditem|p1a: Ferrothorn|Leftovers|[from] move: Knock Off|[of] p2a: Rillaboom\n|-damage|p2a: Rillaboom|78\/100|[from] item: Life Orb\n|\n|-heal|p2a: Rillaboom|84\/100|[from] Grassy Terrain\n|-heal|p1a: Ferrothorn|71\/100|[from] Grassy Terrain\n|upkeep\n|turn|4\n|\n|t:|1657606901\n|move|p2a: Rillaboom|Knock Off|p1a: Ferrothorn\n|-damage|p1a: Ferrothorn|51\/100\n|-damage|p2a: Rillaboom|72\/100|[from] ability: Iron Barbs|[of] p1a: Ferrothorn\n|-damage|p2a: Rillaboom|62\/100|[from] item: Life Orb\n|move|p1a: Ferrothorn|Stealth Rock|p2a: Rillaboom\n|-sidestart|p2: Rodmantis|move: Stealth Rock\n|\n|-heal|p2a: Rillaboom|68\/100|[from] Grassy Terrain\n|-heal|p1a: Ferrothorn|57\/100|[from] Grassy Terrain\n|upkeep\n|turn|5\n|\n|t:|1657606908\n|move|p2a: Rillaboom|Knock Off|p1a: Ferrothorn\n|-damage|p1a: Ferrothorn|35\/100\n|-damage|p2a: Rillaboom|56\/100|[from] ability: Iron Barbs|[of] p1a: Ferrothorn\n|-damage|p2a: Rillaboom|46\/100|[from] item: Life Orb\n|move|p1a: Ferrothorn|Power Whip|p2a: Rillaboom\n|-resisted|p2a: Rillaboom\n|-damage|p2a: Rillaboom|18\/100\n|\n|-heal|p2a: Rillaboom|24\/100|[from] Grassy Terrain\n|-heal|p1a: Ferrothorn|41\/100|[from] Grassy Terrain\n|upkeep\n|turn|6\n|-message|Rodmantis forfeited.\n|\n|win|big boss 447\n|raw|big boss 447's rating: 1659 &rarr; <strong>1675<\/strong><br \/>(+16 for winning)\n|raw|Rodmantis's rating: 1594 &rarr; <strong>1578<\/strong><br \/>(-16 for losing)\n|l|\u2606Rodmantis\n","uploadtime":1657606915,"views":29,"p1id":"bigboss447","p2id":"rodmantis","formatid":"gen8ou","rating":1578,"private":0,"password":null}