{"id":"gen8ou-1158455584","p1":"OUTU Alkagen","p2":"user1_ou","format":"gen8ou","log":"|j|\u2606OUTU Alkagen\n|j|\u2606user1_ou\n|t:|1595846155\n|player|p1|OUTU Alkagen|lucas-gen4pt|1737\n|player|p2|user1_ou|eusine|1786\n|teamsize|p1|6\n|teamsize|p2|6\n|gametype|singles\n|gen|8\n|tier|[Gen 8] OU\n|rated|\n|html|<div class=\"broadcast-blue\"><strong>OU is currently suspecting Magearna! For information on how to participate check out the <a href=\"https:\/\/www.smogon.com\/forums\/threads\/3667669\/\">suspect thread<\/a>.<\/strong><\/div>\n|clearpoke\n|poke|p1|Excadrill, M|\n|poke|p1|Alakazam, F|\n|poke|p1|Indeedee, M|\n|poke|p1|Toxapex, F|\n|poke|p1|Hippowdon, M|\n|poke|p1|Mandibuzz, F|\n|poke|p2|Clefable, F|\n|poke|p2|Ferrothorn, F|\n|poke|p2|Excadrill, F|\n|poke|p2|Blissey, F|\n|poke|p2|Dragapult, F|\n|poke|p2|Hippowdon, F|\n|rule|Sleep Clause Mod: Limit one foe put to sleep\n|rule|Species Clause: Limit one of each Pok\u00e9mon\n|rule|OHKO Clause: OHKO moves are banned\n|rule|Evasion Moves Clause: Evasion moves are banned\n|rule|Endless Battle Clause: Forcing endless battles is banned\n|rule|HP Percentage Mod: HP is shown in percentages\n|rule|Dynamax Clause: You cannot dynamax\n|teampreview\n|\n|t:|1595846168\n|start\n|switch|p1a: Indeedee|Indeedee, M|100\/100\n|switch|p2a: Dragapult|Dragapult, F|100\/100\n|-fieldstart|move: Psychic Terrain|[from] ability: Psychic Surge|[of] p1a: Indeedee\n|turn|1\n|\n|t:|1595846176\n|switch|p2a: Excadrill|Excadrill, F|100\/100\n|-ability|p2a: Excadrill|Mold Breaker\n|switch|p1a: Toxapex|Toxapex, F|100\/100\n|\n|upkeep\n|turn|2\n|\n|t:|1595846193\n|move|p2a: Excadrill|Earthquake|p1a: Toxapex\n|-supereffective|p1a: Toxapex\n|-damage|p1a: Toxapex|33\/100\n|move|p1a: Toxapex|Scald|p2a: Excadrill\n|-supereffective|p2a: Excadrill\n|-damage|p2a: Excadrill|67\/100\n|-status|p2a: Excadrill|brn\n|\n|-heal|p2a: Excadrill|73\/100 brn|[from] item: Leftovers\n|-heal|p1a: Toxapex|39\/100|[from] item: Black Sludge\n|-damage|p2a: Excadrill|67\/100 brn|[from] brn\n|upkeep\n|turn|3\n|\n|t:|1595846200\n|switch|p2a: Ferrothorn|Ferrothorn, F|100\/100\n|switch|p1a: Mandibuzz|Mandibuzz, F|100\/100\n|\n|upkeep\n|turn|4\n|\n|t:|1595846230\n|switch|p1a: Toxapex|Toxapex, F|72\/100\n|move|p2a: Ferrothorn|Thunder Wave|p1a: Toxapex\n|-status|p1a: Toxapex|par\n|\n|-heal|p1a: Toxapex|78\/100 par|[from] item: Black Sludge\n|upkeep\n|turn|5\n|\n|t:|1595846239\n|move|p2a: Ferrothorn|Knock Off|p1a: Toxapex\n|-damage|p1a: Toxapex|65\/100 par\n|-enditem|p1a: Toxapex|Black Sludge|[from] move: Knock Off|[of] p2a: Ferrothorn\n|cant|p1a: Toxapex|par\n|\n|upkeep\n|turn|6\n|\n|t:|1595846246\n|move|p2a: Ferrothorn|Spikes|p1a: Toxapex\n|-sidestart|p1: OUTU Alkagen|Spikes\n|move|p1a: Toxapex|Scald|p2a: Ferrothorn\n|-resisted|p2a: Ferrothorn\n|-damage|p2a: Ferrothorn|93\/100\n|\n|-heal|p2a: Ferrothorn|99\/100|[from] item: Leftovers\n|upkeep\n|turn|7\n|\n|t:|1595846251\n|move|p2a: Ferrothorn|Spikes|p1a: Toxapex\n|-sidestart|p1: OUTU Alkagen|Spikes\n|move|p1a: Toxapex|Scald|p2a: Ferrothorn\n|-resisted|p2a: Ferrothorn\n|-damage|p2a: Ferrothorn|92\/100\n|-status|p2a: Ferrothorn|brn\n|\n|-heal|p2a: Ferrothorn|98\/100 brn|[from] item: Leftovers\n|-damage|p2a: Ferrothorn|92\/100 brn|[from] brn\n|upkeep\n|turn|8\n|\n|t:|1595846270\n|switch|p1a: Mandibuzz|Mandibuzz, F|100\/100\n|move|p2a: Ferrothorn|Knock Off|p1a: Mandibuzz\n|-resisted|p1a: Mandibuzz\n|-damage|p1a: Mandibuzz|97\/100\n|-enditem|p1a: Mandibuzz|Heavy-Duty Boots|[from] move: Knock Off|[of] p2a: Ferrothorn\n|\n|-heal|p2a: Ferrothorn|98\/100 brn|[from] item: Leftovers\n|-damage|p2a: Ferrothorn|92\/100 brn|[from] brn\n|-fieldend|move: Psychic Terrain\n|upkeep\n|turn|9\n|\n|t:|1595846274\n|move|p1a: Mandibuzz|Defog|p2a: Ferrothorn\n|-unboost|p2a: Ferrothorn|evasion|1\n|-sideend|p1: OUTU Alkagen|Spikes|[from] move: Defog|[of] p1a: Mandibuzz\n|move|p2a: Ferrothorn|Thunder Wave|p1a: Mandibuzz\n|-status|p1a: Mandibuzz|par\n|\n|-heal|p2a: Ferrothorn|98\/100 brn|[from] item: Leftovers\n|-damage|p2a: Ferrothorn|92\/100 brn|[from] brn\n|upkeep\n|turn|10\n|\n|t:|1595846277\n|switch|p1a: Indeedee|Indeedee, M|100\/100\n|-fieldstart|move: Psychic Terrain|[from] ability: Psychic Surge|[of] p1a: Indeedee\n|move|p2a: Ferrothorn|Spikes|p1a: Indeedee\n|-sidestart|p1: OUTU Alkagen|Spikes\n|\n|-heal|p2a: Ferrothorn|98\/100 brn|[from] item: Leftovers\n|-damage|p2a: Ferrothorn|92\/100 brn|[from] brn\n|upkeep\n|turn|11\n|\n|t:|1595846279\n|switch|p2a: Blissey|Blissey, F|100\/100\n|move|p1a: Indeedee|Mystical Fire|p2a: Blissey\n|-damage|p2a: Blissey|92\/100\n|-unboost|p2a: Blissey|spa|1\n|\n|upkeep\n|turn|12\n|\n|t:|1595846282\n|switch|p1a: Mandibuzz|Mandibuzz, F|97\/100 par\n|move|p2a: Blissey|Teleport|p2a: Blissey\n|\n|t:|1595846284\n|switch|p2a: Clefable|Clefable, F|100\/100|[from]move: Teleport\n|\n|upkeep\n|turn|13\n|\n|t:|1595846290\n|move|p2a: Clefable|Moonblast|p1a: Mandibuzz\n|-supereffective|p1a: Mandibuzz\n|-crit|p1a: Mandibuzz\n|-damage|p1a: Mandibuzz|12\/100 par\n|-unboost|p1a: Mandibuzz|spa|1\n|cant|p1a: Mandibuzz|par\n|\n|upkeep\n|turn|14\n|\n|t:|1595846303\n|switch|p1a: Excadrill|Excadrill, M|100\/100\n|-damage|p1a: Excadrill|88\/100|[from] Spikes\n|move|p2a: Clefable|Moonblast|p1a: Excadrill\n|-resisted|p1a: Excadrill\n|-damage|p1a: Excadrill|67\/100\n|\n|-heal|p1a: Excadrill|73\/100|[from] item: Leftovers\n|upkeep\n|turn|15\n|\n|t:|1595846310\n|switch|p1a: Alakazam|Alakazam, F, shiny|100\/100\n|switch|p2a: Hippowdon|Hippowdon, F|100\/100\n|-weather|Sandstorm|[from] ability: Sand Stream|[of] p2a: Hippowdon\n|\n|-weather|Sandstorm|[upkeep]\n|upkeep\n|turn|16\n|j| Rem!x\n|\n|t:|1595846318\n|switch|p2a: Blissey|Blissey, F|92\/100\n|move|p1a: Alakazam|Nasty Plot|p1a: Alakazam\n|-boost|p1a: Alakazam|spa|2\n|\n|-weather|Sandstorm|[upkeep]\n|-damage|p2a: Blissey|86\/100|[from] Sandstorm\n|upkeep\n|turn|17\n|\n|t:|1595846321\n|move|p1a: Alakazam|Expanding Force|p2a: Blissey\n|-damage|p2a: Blissey|1\/100\n|move|p2a: Blissey|Teleport|p2a: Blissey\n|\n|t:|1595846323\n|switch|p2a: Dragapult|Dragapult, F|100\/100|[from]move: Teleport\n|\n|-weather|Sandstorm|[upkeep]\n|-damage|p2a: Dragapult|95\/100|[from] Sandstorm\n|-fieldend|move: Psychic Terrain\n|upkeep\n|turn|18\n|\n|t:|1595846327\n|switch|p1a: Toxapex|Toxapex, F|98\/100 par\n|-damage|p1a: Toxapex|86\/100 par|[from] Spikes\n|move|p2a: Dragapult|Dragon Darts|p1a: Toxapex\n|-damage|p1a: Toxapex|68\/100 par\n|-anim|p2a: Dragapult|Dragon Darts|p1a: Toxapex\n|-damage|p1a: Toxapex|51\/100 par\n|\n|-weather|Sandstorm|[upkeep]\n|-damage|p2a: Dragapult|89\/100|[from] Sandstorm\n|-damage|p1a: Toxapex|45\/100 par|[from] Sandstorm\n|upkeep\n|turn|19\n|\n|t:|1595846334\n|move|p2a: Dragapult|Hex|p1a: Toxapex\n|-damage|p1a: Toxapex|4\/100 par\n|move|p1a: Toxapex|Toxic|p2a: Dragapult\n|-status|p2a: Dragapult|tox\n|\n|-weather|none\n|-damage|p2a: Dragapult|83\/100 tox|[from] psn\n|upkeep\n|turn|20\n|\n|t:|1595846352\n|switch|p1a: Hippowdon|Hippowdon, M|100\/100\n|-damage|p1a: Hippowdon|88\/100|[from] Spikes\n|-weather|Sandstorm|[from] ability: Sand Stream|[of] p1a: Hippowdon\n|move|p2a: Dragapult|U-turn|p1a: Hippowdon\n|-damage|p1a: Hippowdon|75\/100\n|\n|t:|1595846357\n|switch|p2a: Hippowdon|Hippowdon, F|100\/100|[from]move: U-turn\n|\n|-weather|Sandstorm|[upkeep]\n|upkeep\n|turn|21\n|\n|t:|1595846364\n|switch|p1a: Mandibuzz|Mandibuzz, F|12\/100 par\n|move|p2a: Hippowdon|Stealth Rock|p1a: Mandibuzz\n|-sidestart|p1: OUTU Alkagen|move: Stealth Rock\n|\n|-weather|Sandstorm|[upkeep]\n|upkeep\n|turn|22\n|\n|t:|1595846381\n|switch|p2a: Clefable|Clefable, F|100\/100\n|move|p1a: Mandibuzz|Defog|p2a: Clefable\n|-unboost|p2a: Clefable|evasion|1\n|-sideend|p1: OUTU Alkagen|Spikes|[from] move: Defog|[of] p1a: Mandibuzz\n|-sideend|p1: OUTU Alkagen|Stealth Rock|[from] move: Defog|[of] p1a: Mandibuzz\n|\n|-weather|Sandstorm|[upkeep]\n|-damage|p2a: Clefable|94\/100|[from] Sandstorm\n|-heal|p2a: Clefable|100\/100|[from] item: Leftovers\n|upkeep\n|turn|23\n|\n|t:|1595846390\n|switch|p2a: Hippowdon|Hippowdon, F|100\/100\n|switch|p1a: Toxapex|Toxapex, F|38\/100 par\n|\n|-weather|Sandstorm|[upkeep]\n|-damage|p1a: Toxapex|31\/100 par|[from] Sandstorm\n|upkeep\n|turn|24\n|\n|t:|1595846396\n|switch|p2a: Blissey|Blissey, F|1\/100\n|switch|p1a: Mandibuzz|Mandibuzz, F|12\/100 par\n|\n|-weather|Sandstorm|[upkeep]\n|-damage|p2a: Blissey|0 fnt|[from] Sandstorm\n|faint|p2a: Blissey\n|upkeep\n|\n|t:|1595846402\n|switch|p2a: Dragapult|Dragapult, F|83\/100 tox\n|turn|25\n|j| Therealpkmnmaster\n|\n|t:|1595846412\n|move|p2a: Dragapult|U-turn|p1a: Mandibuzz\n|-damage|p1a: Mandibuzz|0 fnt\n|faint|p1a: Mandibuzz\n|\n|t:|1595846431\n|switch|p2a: Hippowdon|Hippowdon, F|100\/100|[from]move: U-turn\n|\n|-weather|Sandstorm|[upkeep]\n|upkeep\n|\n|t:|1595846443\n|switch|p1a: Indeedee|Indeedee, M|100\/100\n|-fieldstart|move: Psychic Terrain|[from] ability: Psychic Surge|[of] p1a: Indeedee\n|turn|26\n|\n|t:|1595846446\n|switch|p2a: Ferrothorn|Ferrothorn, F|92\/100 brn\n|move|p1a: Indeedee|Expanding Force|p2a: Ferrothorn\n|-resisted|p2a: Ferrothorn\n|-damage|p2a: Ferrothorn|61\/100 brn\n|\n|-weather|Sandstorm|[upkeep]\n|-damage|p1a: Indeedee|94\/100|[from] Sandstorm\n|-heal|p2a: Ferrothorn|67\/100 brn|[from] item: Leftovers\n|-damage|p2a: Ferrothorn|61\/100 brn|[from] brn\n|upkeep\n|turn|27\n|\n|t:|1595846450\n|move|p1a: Indeedee|Mystical Fire|p2a: Ferrothorn\n|-supereffective|p2a: Ferrothorn\n|-damage|p2a: Ferrothorn|0 fnt\n|faint|p2a: Ferrothorn\n|\n|-weather|none\n|upkeep\n|\n|t:|1595846455\n|switch|p2a: Clefable|Clefable, F|100\/100\n|turn|28\n|\n|t:|1595846459\n|move|p1a: Indeedee|Expanding Force|p2a: Clefable\n|-damage|p2a: Clefable|38\/100\n|move|p2a: Clefable|Calm Mind|p2a: Clefable\n|-boost|p2a: Clefable|spa|1\n|-boost|p2a: Clefable|spd|1\n|\n|-heal|p2a: Clefable|44\/100|[from] item: Leftovers\n|upkeep\n|turn|29\n|\n|t:|1595846466\n|move|p2a: Clefable|Protect|p2a: Clefable\n|-singleturn|p2a: Clefable|Protect\n|move|p1a: Indeedee|Calm Mind|p1a: Indeedee\n|-boost|p1a: Indeedee|spa|1\n|-boost|p1a: Indeedee|spd|1\n|\n|-heal|p2a: Clefable|50\/100|[from] item: Leftovers\n|upkeep\n|turn|30\n|\n|t:|1595846468\n|move|p1a: Indeedee|Expanding Force|p2a: Clefable\n|-damage|p2a: Clefable|8\/100\n|move|p2a: Clefable|Wish|p2a: Clefable\n|\n|-heal|p2a: Clefable|14\/100|[from] item: Leftovers\n|upkeep\n|turn|31\n|\n|t:|1595846471\n|switch|p1a: Excadrill|Excadrill, M|73\/100\n|move|p2a: Clefable|Protect||[still]\n|-fail|p2a: Clefable\n|\n|-heal|p2a: Clefable|64\/100|[from] move: Wish|[wisher] Clefable\n|-heal|p1a: Excadrill|79\/100|[from] item: Leftovers\n|-heal|p2a: Clefable|70\/100|[from] item: Leftovers\n|upkeep\n|turn|32\n|\n|t:|1595846486\n|switch|p1a: Alakazam|Alakazam, F, shiny|100\/100\n|switch|p2a: Hippowdon|Hippowdon, F|100\/100\n|-weather|Sandstorm|[from] ability: Sand Stream|[of] p2a: Hippowdon\n|\n|-weather|Sandstorm|[upkeep]\n|upkeep\n|turn|33\n|\n|t:|1595846492\n|switch|p2a: Excadrill|Excadrill, F|67\/100 brn\n|-ability|p2a: Excadrill|Mold Breaker\n|move|p1a: Alakazam|Expanding Force|p2a: Excadrill\n|-resisted|p2a: Excadrill\n|-damage|p2a: Excadrill|17\/100 brn\n|\n|-weather|Sandstorm|[upkeep]\n|-heal|p2a: Excadrill|23\/100 brn|[from] item: Leftovers\n|-damage|p2a: Excadrill|17\/100 brn|[from] brn\n|-fieldend|move: Psychic Terrain\n|upkeep\n|turn|34\n|\n|t:|1595846503\n|move|p1a: Alakazam|Expanding Force|p2a: Excadrill\n|-resisted|p2a: Excadrill\n|-damage|p2a: Excadrill|0 fnt\n|faint|p2a: Excadrill\n|\n|-weather|Sandstorm|[upkeep]\n|upkeep\n|\n|t:|1595846516\n|switch|p2a: Dragapult|Dragapult, F|83\/100 tox\n|turn|35\n|\n|t:|1595846522\n|switch|p1a: Hippowdon|Hippowdon, M|75\/100\n|move|p2a: Dragapult|U-turn|p1a: Hippowdon\n|-damage|p1a: Hippowdon|63\/100\n|\n|t:|1595846528\n|switch|p2a: Hippowdon|Hippowdon, F|100\/100|[from]move: U-turn\n|\n|-weather|Sandstorm|[upkeep]\n|upkeep\n|turn|36\n|\n|t:|1595846538\n|move|p2a: Hippowdon|Toxic|p1a: Hippowdon\n|-status|p1a: Hippowdon|tox\n|move|p1a: Hippowdon|Earthquake|p2a: Hippowdon\n|-damage|p2a: Hippowdon|82\/100\n|\n|-weather|none\n|-damage|p1a: Hippowdon|57\/100 tox|[from] psn\n|upkeep\n|turn|37\n|\n|t:|1595846543\n|switch|p1a: Indeedee|Indeedee, M|94\/100\n|-fieldstart|move: Psychic Terrain|[from] ability: Psychic Surge|[of] p1a: Indeedee\n|move|p2a: Hippowdon|Stealth Rock|p1a: Indeedee\n|-sidestart|p1: OUTU Alkagen|move: Stealth Rock\n|\n|upkeep\n|turn|38\n|\n|t:|1595846548\n|move|p1a: Indeedee|Expanding Force|p2a: Hippowdon\n|-damage|p2a: Hippowdon|4\/100\n|move|p2a: Hippowdon|Earthquake|p1a: Indeedee\n|-damage|p1a: Indeedee|14\/100\n|\n|upkeep\n|turn|39\n|\n|t:|1595846552\n|move|p1a: Indeedee|Expanding Force|p2a: Hippowdon\n|-damage|p2a: Hippowdon|0 fnt\n|faint|p2a: Hippowdon\n|\n|upkeep\n|-message|user1_ou forfeited.\n|\n|win|OUTU Alkagen\n|l|\u2606user1_ou\n|l| Rem!x\n||Ladder (probably) updated, but score could not be retrieved (Request timeout).\n","uploadtime":1595846558,"views":37,"p1id":"outualkagen","p2id":"user1ou","formatid":"gen8ou","rating":0,"private":0,"password":null}