{"id":"gen8ou-1686785967","p1":"xiaolinyo","p2":"ChandosH","format":"gen8ou","log":"|html|<div class=\"broadcast-blue\"><strong>[Gen 8] OU is currently suspecting Melmetal! For information on how to participate check out the <a href=\"https:\/\/www.smogon.com\/forums\/threads\/np-ss-ou-suspect-process-round-12-monster-mash.3709234\/\">suspect thread<\/a>.<\/strong><\/div>\n|j|\u2606xiaolinyo\n|j|\u2606ChandosH\n|t:|1665882187\n|gametype|singles\n|player|p1|xiaolinyo|concordia|1475\n|player|p2|ChandosH|n-masters|1446\n|teamsize|p1|6\n|teamsize|p2|6\n|gen|8\n|tier|[Gen 8] OU\n|rated|\n|rule|Sleep Clause Mod: Limit one foe put to sleep\n|rule|Species Clause: Limit one of each Pok\u00e9mon\n|rule|OHKO Clause: OHKO moves are banned\n|rule|Evasion Items Clause: Evasion items are banned\n|rule|Evasion Moves Clause: Evasion moves are banned\n|rule|Endless Battle Clause: Forcing endless battles is banned\n|rule|HP Percentage Mod: HP is shown in percentages\n|rule|Dynamax Clause: You cannot dynamax\n|clearpoke\n|poke|p1|Rillaboom, M|\n|poke|p1|Tornadus-Therian, M|\n|poke|p1|Blaziken, F|\n|poke|p1|Melmetal|\n|poke|p1|Garchomp, F|\n|poke|p1|Slowbro, F|\n|poke|p2|Marowak-Alola, M|\n|poke|p2|Corviknight, M|\n|poke|p2|Toxapex, M|\n|poke|p2|Hatterene, F|\n|poke|p2|Blissey, F|\n|poke|p2|Rotom-Wash|\n|teampreview\n|inactive|Battle timer is ON: inactive players will automatically lose when time's up. (requested by xiaolinyo)\n|c|\u2606xiaolinyo|hello\n|inactive|xiaolinyo has 120 seconds left.\n|inactive|ChandosH has 120 seconds left.\n|c|\u2606ChandosH|Hi\n|c|\u2606ChandosH|gl hf\n|c|\u2606xiaolinyo|u2\n|\n|t:|1665882234\n|start\n|switch|p1a: Garchomp|Garchomp, F, shiny|100\/100\n|switch|p2a: Rotom|Rotom-Wash|100\/100\n|turn|1\n|inactive|ChandosH has 120 seconds left.\n|inactive|ChandosH has 90 seconds left.\n|inactive|ChandosH has 60 seconds left.\n|\n|t:|1665882337\n|switch|p2a: Corviknight|Corviknight, M|100\/100\n|-ability|p2a: Corviknight|Pressure\n|move|p1a: Garchomp|Earthquake|p2a: Corviknight\n|-immune|p2a: Corviknight\n|\n|upkeep\n|turn|2\n|\n|t:|1665882344\n|move|p1a: Garchomp|Stealth Rock|p2a: Corviknight\n|-sidestart|p2: ChandosH|move: Stealth Rock\n|move|p2a: Corviknight|U-turn|p1a: Garchomp\n|-damage|p1a: Garchomp|87\/100\n|-damage|p2a: Corviknight|88\/100|[from] ability: Rough Skin|[of] p1a: Garchomp\n|\n|t:|1665882351\n|switch|p2a: Hatterene|Hatterene, F|100\/100|[from]move: U-turn\n|-damage|p2a: Hatterene|88\/100|[from] Stealth Rock\n|\n|-heal|p1a: Garchomp|93\/100|[from] item: Leftovers\n|-heal|p2a: Hatterene|94\/100|[from] item: Leftovers\n|upkeep\n|turn|3\n|inactive|ChandosH has 60 seconds left.\n|\n|t:|1665882366\n|move|p1a: Garchomp|Earthquake|p2a: Hatterene\n|-damage|p2a: Hatterene|59\/100\n|move|p2a: Hatterene|Calm Mind|p2a: Hatterene\n|-boost|p2a: Hatterene|spa|1\n|-boost|p2a: Hatterene|spd|1\n|\n|-heal|p1a: Garchomp|99\/100|[from] item: Leftovers\n|-heal|p2a: Hatterene|65\/100|[from] item: Leftovers\n|upkeep\n|turn|4\n|\n|t:|1665882374\n|switch|p1a: Melmetal|Melmetal, shiny|100\/100\n|move|p2a: Hatterene|Draining Kiss|p1a: Melmetal\n|-resisted|p1a: Melmetal\n|-damage|p1a: Melmetal|85\/100\n|-heal|p2a: Hatterene|80\/100|[from] drain|[of] p1a: Melmetal\n|\n|-heal|p1a: Melmetal|92\/100|[from] item: Leftovers\n|-heal|p2a: Hatterene|86\/100|[from] item: Leftovers\n|upkeep\n|turn|5\n|\n|t:|1665882388\n|switch|p2a: Corviknight|Corviknight, M|88\/100\n|-damage|p2a: Corviknight|75\/100|[from] Stealth Rock\n|-ability|p2a: Corviknight|Pressure\n|move|p1a: Melmetal|Thunder Punch|p2a: Corviknight\n|-supereffective|p2a: Corviknight\n|-damage|p2a: Corviknight|28\/100\n|\n|-heal|p2a: Corviknight|34\/100|[from] item: Leftovers\n|-heal|p1a: Melmetal|98\/100|[from] item: Leftovers\n|upkeep\n|turn|6\n|\n|t:|1665882397\n|move|p2a: Corviknight|Roost|p2a: Corviknight\n|-heal|p2a: Corviknight|84\/100\n|-singleturn|p2a: Corviknight|move: Roost\n|move|p1a: Melmetal|Superpower|p2a: Corviknight\n|-supereffective|p2a: Corviknight\n|-damage|p2a: Corviknight|22\/100\n|-unboost|p1a: Melmetal|atk|1\n|-unboost|p1a: Melmetal|def|1\n|\n|-heal|p2a: Corviknight|29\/100|[from] item: Leftovers\n|-heal|p1a: Melmetal|100\/100|[from] item: Leftovers\n|upkeep\n|turn|7\n|\n|t:|1665882407\n|switch|p1a: Slowbro|Slowbro, F, shiny|100\/100\n|move|p2a: Corviknight|Roost|p2a: Corviknight\n|-heal|p2a: Corviknight|78\/100\n|-singleturn|p2a: Corviknight|move: Roost\n|\n|-heal|p2a: Corviknight|85\/100|[from] item: Leftovers\n|upkeep\n|turn|8\n|\n|t:|1665882413\n|move|p2a: Corviknight|Defog|p1a: Slowbro\n|-unboost|p1a: Slowbro|evasion|1\n|-sideend|p2: ChandosH|Stealth Rock|[from] move: Defog|[of] p2a: Corviknight\n|move|p1a: Slowbro|Future Sight|p2a: Corviknight\n|-start|p1a: Slowbro|move: Future Sight\n|\n|-heal|p2a: Corviknight|91\/100|[from] item: Leftovers\n|upkeep\n|turn|9\n|\n|t:|1665882417\n|move|p2a: Corviknight|U-turn|p1a: Slowbro\n|-supereffective|p1a: Slowbro\n|-damage|p1a: Slowbro|84\/100\n|-damage|p2a: Corviknight|74\/100|[from] item: Rocky Helmet|[of] p1a: Slowbro\n|\n|t:|1665882427\n|switch|p2a: Blissey|Blissey, F|100\/100|[from]move: U-turn\n|move|p1a: Slowbro|Teleport|p1a: Slowbro\n|\n|t:|1665882437\n|switch|p1a: Blaziken|Blaziken, F, shiny|100\/100|[from]move: Teleport\n|\n|upkeep\n|turn|10\n|\n|t:|1665882443\n|move|p1a: Blaziken|Swords Dance|p1a: Blaziken\n|-boost|p1a: Blaziken|atk|2\n|move|p2a: Blissey|Thunder Wave|p1a: Blaziken\n|-status|p1a: Blaziken|par\n|\n|-end|p2a: Blissey|move: Future Sight\n|-damage|p2a: Blissey|85\/100\n|-ability|p1a: Blaziken|Speed Boost|boost\n|-boost|p1a: Blaziken|spe|1\n|upkeep\n|turn|11\n|inactive|ChandosH has 120 seconds left.\n|\n|t:|1665882454\n|switch|p2a: Toxapex|Toxapex, M|100\/100\n|cant|p1a: Blaziken|par\n|\n|-ability|p1a: Blaziken|Speed Boost|boost\n|-boost|p1a: Blaziken|spe|1\n|upkeep\n|turn|12\n|\n|t:|1665882464\n|cant|p1a: Blaziken|par\n|move|p2a: Toxapex|Haze|p2a: Toxapex\n|-clearallboost\n|\n|-ability|p1a: Blaziken|Speed Boost|boost\n|-boost|p1a: Blaziken|spe|1\n|upkeep\n|turn|13\n|\n|t:|1665882469\n|switch|p1a: Slowbro|Slowbro, F, shiny|100\/100\n|switch|p2a: Rotom|Rotom-Wash|100\/100\n|\n|upkeep\n|turn|14\n|\n|t:|1665882480\n|switch|p1a: Garchomp|Garchomp, F, shiny|99\/100\n|move|p2a: Rotom|Hydro Pump|p1a: Garchomp\n|-damage|p1a: Garchomp|76\/100\n|\n|-heal|p1a: Garchomp|82\/100|[from] item: Leftovers\n|upkeep\n|turn|15\n|\n|t:|1665882497\n|switch|p1a: Melmetal|Melmetal, shiny|100\/100\n|switch|p2a: Corviknight|Corviknight, M|74\/100\n|-ability|p2a: Corviknight|Pressure\n|\n|-heal|p2a: Corviknight|81\/100|[from] item: Leftovers\n|upkeep\n|turn|16\n|\n|t:|1665882515\n|move|p2a: Corviknight|U-turn|p1a: Melmetal\n|-resisted|p1a: Melmetal\n|-damage|p1a: Melmetal|96\/100\n|\n|t:|1665882518\n|switch|p2a: Marowak|Marowak-Alola, M|100\/100|[from]move: U-turn\n|move|p1a: Melmetal|Thunder Punch|p2a: Marowak\n|-ability|p2a: Marowak|Lightning Rod|boost\n|-boost|p2a: Marowak|spa|1\n|\n|-heal|p1a: Melmetal|100\/100|[from] item: Leftovers\n|upkeep\n|turn|17\n|\n|t:|1665882527\n|switch|p1a: Garchomp|Garchomp, F, shiny|82\/100\n|move|p2a: Marowak|Poltergeist|p1a: Garchomp\n|-activate|p1a: Garchomp|move: Poltergeist|Leftovers\n|-damage|p1a: Garchomp|11\/100\n|\n|-heal|p1a: Garchomp|17\/100|[from] item: Leftovers\n|upkeep\n|turn|18\n|\n|t:|1665882540\n|switch|p2a: Hatterene|Hatterene, F|86\/100\n|move|p1a: Garchomp|Stealth Rock|p2a: Hatterene\n|move|p2a: Hatterene|Stealth Rock|p1a: Garchomp|[from]ability: Magic Bounce\n|-sidestart|p1: xiaolinyo|move: Stealth Rock\n|\n|-heal|p1a: Garchomp|23\/100|[from] item: Leftovers\n|-heal|p2a: Hatterene|92\/100|[from] item: Leftovers\n|upkeep\n|turn|19\n|\n|t:|1665882546\n|move|p1a: Garchomp|Protect|p1a: Garchomp\n|-singleturn|p1a: Garchomp|Protect\n|move|p2a: Hatterene|Draining Kiss|p1a: Garchomp\n|-activate|p1a: Garchomp|move: Protect\n|\n|-heal|p1a: Garchomp|29\/100|[from] item: Leftovers\n|-heal|p2a: Hatterene|98\/100|[from] item: Leftovers\n|upkeep\n|turn|20\n|\n|t:|1665882555\n|switch|p1a: Tornadus|Tornadus-Therian, M, shiny|100\/100\n|move|p2a: Hatterene|Mystical Fire|p1a: Tornadus\n|-damage|p1a: Tornadus|76\/100\n|-unboost|p1a: Tornadus|spa|1\n|\n|-heal|p2a: Hatterene|100\/100|[from] item: Leftovers\n|upkeep\n|turn|21\n|\n|t:|1665882563\n|switch|p2a: Rotom|Rotom-Wash|100\/100\n|move|p1a: Tornadus|Defog|p2a: Rotom\n|-unboost|p2a: Rotom|evasion|1\n|-sideend|p1: xiaolinyo|Stealth Rock|[from] move: Defog|[of] p1a: Tornadus\n|\n|upkeep\n|turn|22\n|\n|t:|1665882577\n|switch|p1a: Garchomp|Garchomp, F, shiny|29\/100\n|move|p2a: Rotom|Hydro Pump|p1a: Garchomp\n|-damage|p1a: Garchomp|2\/100\n|\n|-heal|p1a: Garchomp|8\/100|[from] item: Leftovers\n|upkeep\n|turn|23\n|\n|t:|1665882588\n|switch|p1a: Rillaboom|Rillaboom, M, shiny|100\/100\n|-fieldstart|move: Grassy Terrain|[from] ability: Grassy Surge|[of] p1a: Rillaboom\n|move|p2a: Rotom|Hydro Pump|p1a: Rillaboom\n|-resisted|p1a: Rillaboom\n|-damage|p1a: Rillaboom|77\/100\n|\n|-heal|p1a: Rillaboom|84\/100|[from] Grassy Terrain\n|-heal|p1a: Rillaboom|90\/100|[from] item: Leftovers\n|upkeep\n|turn|24\n|\n|t:|1665882607\n|switch|p2a: Corviknight|Corviknight, M|81\/100\n|-ability|p2a: Corviknight|Pressure\n|switch|p1a: Blaziken|Blaziken, F, shiny|100\/100 par\n|\n|-heal|p2a: Corviknight|87\/100|[from] item: Leftovers\n|upkeep\n|turn|25\n|\n|t:|1665882623\n|switch|p2a: Rotom|Rotom-Wash|100\/100\n|move|p1a: Blaziken|Swords Dance|p1a: Blaziken\n|-boost|p1a: Blaziken|atk|2\n|\n|-ability|p1a: Blaziken|Speed Boost|boost\n|-boost|p1a: Blaziken|spe|1\n|upkeep\n|turn|26\n|\n|t:|1665882628\n|move|p1a: Blaziken|Protect|p1a: Blaziken\n|-singleturn|p1a: Blaziken|Protect\n|move|p2a: Rotom|Hydro Pump|p1a: Blaziken\n|-activate|p1a: Blaziken|move: Protect\n|\n|-ability|p1a: Blaziken|Speed Boost|boost\n|-boost|p1a: Blaziken|spe|1\n|upkeep\n|turn|27\n|\n|t:|1665882640\n|switch|p1a: Slowbro|Slowbro, F, shiny|100\/100\n|move|p2a: Rotom|Hydro Pump|p1a: Slowbro|[miss]\n|-miss|p2a: Rotom|p1a: Slowbro\n|\n|-fieldend|move: Grassy Terrain\n|upkeep\n|turn|28\n|\n|t:|1665882647\n|move|p2a: Rotom|Hydro Pump|p1a: Slowbro\n|-resisted|p1a: Slowbro\n|-damage|p1a: Slowbro|79\/100\n|move|p1a: Slowbro|Teleport|p1a: Slowbro\n|\n|t:|1665882651\n|switch|p1a: Rillaboom|Rillaboom, M, shiny|90\/100|[from]move: Teleport\n|-fieldstart|move: Grassy Terrain|[from] ability: Grassy Surge|[of] p1a: Rillaboom\n|\n|-heal|p1a: Rillaboom|96\/100|[from] Grassy Terrain\n|-heal|p1a: Rillaboom|100\/100|[from] item: Leftovers\n|upkeep\n|turn|29\n|\n|t:|1665882657\n|switch|p2a: Corviknight|Corviknight, M|87\/100\n|-ability|p2a: Corviknight|Pressure\n|move|p1a: Rillaboom|Knock Off|p2a: Corviknight\n|-damage|p2a: Corviknight|63\/100\n|-enditem|p2a: Corviknight|Leftovers|[from] move: Knock Off|[of] p1a: Rillaboom\n|\n|upkeep\n|turn|30\n|\n|t:|1665882664\n|move|p1a: Rillaboom|Swords Dance|p1a: Rillaboom\n|-boost|p1a: Rillaboom|atk|2\n|move|p2a: Corviknight|U-turn|p1a: Rillaboom\n|-supereffective|p1a: Rillaboom\n|-damage|p1a: Rillaboom|72\/100\n|\n|t:|1665882688\n|switch|p2a: Rotom|Rotom-Wash|100\/100|[from]move: U-turn\n|\n|-heal|p1a: Rillaboom|79\/100|[from] Grassy Terrain\n|-heal|p1a: Rillaboom|85\/100|[from] item: Leftovers\n|upkeep\n|turn|31\n|\n|t:|1665882697\n|switch|p2a: Corviknight|Corviknight, M|63\/100\n|-ability|p2a: Corviknight|Pressure\n|move|p1a: Rillaboom|Grassy Glide|p2a: Corviknight\n|-resisted|p2a: Corviknight\n|-damage|p2a: Corviknight|48\/100\n|\n|-heal|p1a: Rillaboom|91\/100|[from] Grassy Terrain\n|-heal|p1a: Rillaboom|97\/100|[from] item: Leftovers\n|upkeep\n|turn|32\n|\n|t:|1665882702\n|move|p1a: Rillaboom|Drain Punch|p2a: Corviknight\n|-damage|p2a: Corviknight|14\/100\n|-heal|p1a: Rillaboom|100\/100|[from] drain|[of] p2a: Corviknight\n|move|p2a: Corviknight|Roost|p2a: Corviknight\n|-heal|p2a: Corviknight|64\/100\n|-singleturn|p2a: Corviknight|move: Roost\n|\n|-heal|p2a: Corviknight|70\/100|[from] Grassy Terrain\n|-fieldend|move: Grassy Terrain\n|upkeep\n|turn|33\n|\n|t:|1665882716\n|move|p1a: Rillaboom|Swords Dance|p1a: Rillaboom\n|-boost|p1a: Rillaboom|atk|2\n|move|p2a: Corviknight|Brave Bird|p1a: Rillaboom\n|-supereffective|p1a: Rillaboom\n|-damage|p1a: Rillaboom|37\/100\n|-damage|p2a: Corviknight|49\/100|[from] Recoil\n|\n|-heal|p1a: Rillaboom|43\/100|[from] item: Leftovers\n|upkeep\n|turn|34\n|\n|t:|1665882733\n|move|p1a: Rillaboom|Drain Punch|p2a: Corviknight\n|-damage|p2a: Corviknight|0 fnt\n|-heal|p1a: Rillaboom|68\/100|[from] drain|[of] p2a: Corviknight\n|faint|p2a: Corviknight\n|\n|-heal|p1a: Rillaboom|74\/100|[from] item: Leftovers\n|upkeep\n|\n|t:|1665882748\n|switch|p2a: Rotom|Rotom-Wash|100\/100\n|turn|35\n|\n|t:|1665882754\n|move|p2a: Rotom|Thunder Wave|p1a: Rillaboom\n|-status|p1a: Rillaboom|par\n|move|p1a: Rillaboom|Grassy Glide|p2a: Rotom\n|-supereffective|p2a: Rotom\n|-damage|p2a: Rotom|0 fnt\n|faint|p2a: Rotom\n|\n|-heal|p1a: Rillaboom|80\/100 par|[from] item: Leftovers\n|upkeep\n|\n|t:|1665882758\n|switch|p2a: Marowak|Marowak-Alola, M|100\/100\n|turn|36\n|\n|t:|1665882777\n|move|p2a: Marowak|Flame Charge|p1a: Rillaboom\n|-supereffective|p1a: Rillaboom\n|-damage|p1a: Rillaboom|0 fnt\n|-boost|p2a: Marowak|spe|1\n|faint|p1a: Rillaboom\n|\n|upkeep\n|\n|t:|1665882785\n|switch|p1a: Tornadus|Tornadus-Therian, M, shiny|100\/100\n|turn|37\n|\n|t:|1665882789\n|switch|p2a: Blissey|Blissey, F|85\/100\n|move|p1a: Tornadus|Knock Off|p2a: Blissey\n|-damage|p2a: Blissey|68\/100\n|-enditem|p2a: Blissey|Heavy-Duty Boots|[from] move: Knock Off|[of] p1a: Tornadus\n|\n|upkeep\n|turn|38\n|\n|t:|1665882798\n|move|p1a: Tornadus|U-turn|p2a: Blissey\n|-damage|p2a: Blissey|55\/100\n|\n|t:|1665882804\n|switch|p1a: Blaziken|Blaziken, F, shiny|100\/100 par|[from]move: U-turn\n|move|p2a: Blissey|Teleport|p2a: Blissey\n|\n|t:|1665882809\n|switch|p2a: Marowak|Marowak-Alola, M|100\/100|[from]move: Teleport\n|\n|upkeep\n|turn|39\n|\n|t:|1665882815\n|cant|p1a: Blaziken|par\n|move|p2a: Marowak|Flame Charge|p1a: Blaziken\n|-resisted|p1a: Blaziken\n|-damage|p1a: Blaziken|75\/100 par\n|-boost|p2a: Marowak|spe|1\n|\n|-heal|p1a: Blaziken|81\/100 par|[from] item: Leftovers\n|-ability|p1a: Blaziken|Speed Boost|boost\n|-boost|p1a: Blaziken|spe|1\n|upkeep\n|turn|40\n|\n|t:|1665882823\n|move|p1a: Blaziken|Protect|p1a: Blaziken\n|-singleturn|p1a: Blaziken|Protect\n|move|p2a: Marowak|Flame Charge|p1a: Blaziken\n|-activate|p1a: Blaziken|move: Protect\n|\n|-heal|p1a: Blaziken|87\/100 par|[from] item: Leftovers\n|-ability|p1a: Blaziken|Speed Boost|boost\n|-boost|p1a: Blaziken|spe|1\n|upkeep\n|turn|41\n|\n|t:|1665882833\n|move|p2a: Marowak|Flame Charge|p1a: Blaziken\n|-resisted|p1a: Blaziken\n|-damage|p1a: Blaziken|60\/100 par\n|-boost|p2a: Marowak|spe|1\n|cant|p1a: Blaziken|par\n|\n|-heal|p1a: Blaziken|66\/100 par|[from] item: Leftovers\n|-ability|p1a: Blaziken|Speed Boost|boost\n|-boost|p1a: Blaziken|spe|1\n|upkeep\n|turn|42\n|\n|t:|1665882848\n|move|p1a: Blaziken|Protect|p1a: Blaziken\n|-singleturn|p1a: Blaziken|Protect\n|move|p2a: Marowak|Swords Dance|p2a: Marowak\n|-boost|p2a: Marowak|atk|2\n|\n|-heal|p1a: Blaziken|72\/100 par|[from] item: Leftovers\n|-ability|p1a: Blaziken|Speed Boost|boost\n|-boost|p1a: Blaziken|spe|1\n|upkeep\n|turn|43\n|\n|t:|1665882855\n|move|p2a: Marowak|Earthquake|p1a: Blaziken\n|-supereffective|p1a: Blaziken\n|-damage|p1a: Blaziken|0 fnt\n|faint|p1a: Blaziken\n|\n|upkeep\n|c|\u2606ChandosH|Gg\n|\n|t:|1665882862\n|switch|p1a: Garchomp|Garchomp, F, shiny|8\/100\n|turn|44\n|\n|t:|1665882872\n|move|p1a: Garchomp|Protect|p1a: Garchomp\n|-singleturn|p1a: Garchomp|Protect\n|move|p2a: Marowak|Flame Charge|p1a: Garchomp\n|-activate|p1a: Garchomp|move: Protect\n|\n|-heal|p1a: Garchomp|14\/100|[from] item: Leftovers\n|upkeep\n|turn|45\n|\n|t:|1665882880\n|switch|p1a: Slowbro|Slowbro, F, shiny|100\/100\n|move|p2a: Marowak|Earthquake|p1a: Slowbro\n|-damage|p1a: Slowbro|40\/100\n|\n|upkeep\n|turn|46\n|\n|t:|1665882887\n|switch|p1a: Garchomp|Garchomp, F, shiny|14\/100\n|move|p2a: Marowak|Earthquake|p1a: Garchomp\n|-damage|p1a: Garchomp|0 fnt\n|faint|p1a: Garchomp\n|\n|upkeep\n|\n|t:|1665882891\n|switch|p1a: Slowbro|Slowbro, F, shiny|73\/100\n|turn|47\n|\n|t:|1665882896\n|move|p2a: Marowak|Poltergeist|p1a: Slowbro\n|-activate|p1a: Slowbro|move: Poltergeist|Rocky Helmet\n|-supereffective|p1a: Slowbro\n|-damage|p1a: Slowbro|0 fnt\n|faint|p1a: Slowbro\n|\n|upkeep\n|\n|t:|1665882899\n|switch|p1a: Tornadus|Tornadus-Therian, M, shiny|100\/100\n|turn|48\n|\n|t:|1665882906\n|move|p2a: Marowak|Flame Charge|p1a: Tornadus\n|-damage|p1a: Tornadus|7\/100\n|-boost|p2a: Marowak|spe|1\n|move|p1a: Tornadus|Knock Off|p2a: Marowak\n|-supereffective|p2a: Marowak\n|-damage|p2a: Marowak|52\/100\n|-enditem|p2a: Marowak|Thick Club|[from] move: Knock Off|[of] p1a: Tornadus\n|\n|upkeep\n|turn|49\n|\n|t:|1665882915\n|move|p2a: Marowak|Flame Charge|p1a: Tornadus\n|-damage|p1a: Tornadus|0 fnt\n|-boost|p2a: Marowak|spe|1\n|faint|p1a: Tornadus\n|\n|upkeep\n|\n|t:|1665882917\n|switch|p1a: Melmetal|Melmetal, shiny|100\/100\n|turn|50\n|\n|t:|1665882921\n|move|p2a: Marowak|Earthquake|p1a: Melmetal\n|-supereffective|p1a: Melmetal\n|-damage|p1a: Melmetal|38\/100\n|move|p1a: Melmetal|Double Iron Bash|p2a: Marowak\n|-resisted|p2a: Marowak\n|-damage|p2a: Marowak|26\/100\n|-resisted|p2a: Marowak\n|-damage|p2a: Marowak|0 fnt\n|faint|p2a: Marowak\n|-hitcount|p2: Marowak|2\n|\n|-heal|p1a: Melmetal|44\/100|[from] item: Leftovers\n|upkeep\n|\n|t:|1665882935\n|switch|p2a: Toxapex|Toxapex, M|100\/100\n|turn|51\n|\n|t:|1665882940\n|move|p1a: Melmetal|Protect|p1a: Melmetal\n|-singleturn|p1a: Melmetal|Protect\n|move|p2a: Toxapex|Scald|p1a: Melmetal\n|-activate|p1a: Melmetal|move: Protect\n|\n|-heal|p1a: Melmetal|50\/100|[from] item: Leftovers\n|upkeep\n|turn|52\n|\n|t:|1665882943\n|move|p1a: Melmetal|Thunder Punch|p2a: Toxapex\n|-supereffective|p2a: Toxapex\n|-damage|p2a: Toxapex|56\/100\n|-enditem|p2a: Toxapex|Eject Button\n|\n|t:|1665882947\n|switch|p2a: Blissey|Blissey, F|55\/100\n|\n|-heal|p1a: Melmetal|57\/100|[from] item: Leftovers\n|upkeep\n|turn|53\n|\n|t:|1665882956\n|move|p2a: Blissey|Shadow Ball|p1a: Melmetal\n|-damage|p1a: Melmetal|44\/100\n|move|p1a: Melmetal|Double Iron Bash|p2a: Blissey\n|-damage|p2a: Blissey|17\/100\n|-damage|p2a: Blissey|0 fnt\n|faint|p2a: Blissey\n|-hitcount|p2: Blissey|2\n|\n|-heal|p1a: Melmetal|51\/100|[from] item: Leftovers\n|upkeep\n|\n|t:|1665882966\n|switch|p2a: Toxapex|Toxapex, M|89\/100\n|turn|54\n|\n|t:|1665882970\n|move|p1a: Melmetal|Protect|p1a: Melmetal\n|-singleturn|p1a: Melmetal|Protect\n|move|p2a: Toxapex|Scald|p1a: Melmetal\n|-activate|p1a: Melmetal|move: Protect\n|\n|-heal|p1a: Melmetal|57\/100|[from] item: Leftovers\n|upkeep\n|turn|55\n|\n|t:|1665882974\n|move|p1a: Melmetal|Thunder Punch|p2a: Toxapex\n|-supereffective|p2a: Toxapex\n|-damage|p2a: Toxapex|42\/100\n|move|p2a: Toxapex|Scald|p1a: Melmetal\n|-damage|p1a: Melmetal|43\/100\n|\n|-heal|p1a: Melmetal|50\/100|[from] item: Leftovers\n|upkeep\n|turn|56\n|\n|t:|1665882990\n|move|p1a: Melmetal|Thunder Punch|p2a: Toxapex\n|-supereffective|p2a: Toxapex\n|-damage|p2a: Toxapex|0 fnt\n|faint|p2a: Toxapex\n|\n|-heal|p1a: Melmetal|56\/100|[from] item: Leftovers\n|upkeep\n|\n|t:|1665882994\n|switch|p2a: Hatterene|Hatterene, F|100\/100\n|turn|57\n|\n|t:|1665882998\n|move|p1a: Melmetal|Double Iron Bash|p2a: Hatterene\n|-supereffective|p2a: Hatterene\n|-damage|p2a: Hatterene|23\/100\n|-supereffective|p2a: Hatterene\n|-damage|p2a: Hatterene|0 fnt\n|faint|p2a: Hatterene\n|-hitcount|p2: Hatterene|2\n|\n|win|xiaolinyo\n|raw|xiaolinyo's rating: 1475 &rarr; <strong>1493<\/strong><br \/>(+18 for winning)\n|raw|ChandosH's rating: 1446 &rarr; <strong>1428<\/strong><br \/>(-18 for losing)\n|c|\u2606xiaolinyo|gg\n","uploadtime":1665883009,"views":14,"p1id":"xiaolinyo","p2id":"chandosh","formatid":"gen8ou","rating":1428,"private":0,"password":null}