{"id":"gen8ou-1376844690","p1":"LT82ZW Floundso","p2":"Chickpiee","format":"gen8ou","log":"|raw|<div class=\"broadcast-blue\"><strong>This battle is required to be public due to a player having a name starting with 'lt82zw'.<\/div>\n|j|\u2606LT82ZW Floundso\n|j|\u2606Chickpiee\n|t:|1626278110\n|gametype|singles\n|player|p1|LT82ZW Floundso|silver|1946\n|player|p2|Chickpiee|caitlin|1890\n|teamsize|p1|6\n|teamsize|p2|6\n|gen|8\n|tier|[Gen 8] OU\n|rated|\n|rule|Sleep Clause Mod: Limit one foe put to sleep\n|rule|Species Clause: Limit one of each Pok\u00e9mon\n|rule|OHKO Clause: OHKO moves are banned\n|rule|Evasion Moves Clause: Evasion moves are banned\n|rule|Endless Battle Clause: Forcing endless battles is banned\n|rule|HP Percentage Mod: HP is shown in percentages\n|rule|Dynamax Clause: You cannot dynamax\n|clearpoke\n|poke|p1|Tapu Koko|\n|poke|p1|Garchomp, M|\n|poke|p1|Tornadus-Therian, M|\n|poke|p1|Conkeldurr, M|\n|poke|p1|Blissey, F|\n|poke|p1|Melmetal|\n|poke|p2|Hippowdon, F|\n|poke|p2|Skarmory, M|\n|poke|p2|Toxapex, M|\n|poke|p2|Clefable, M|\n|poke|p2|Tornadus-Therian, M|\n|poke|p2|Scizor, F|\n|teampreview\n|j| LT82ZW SW\n|j| LT82ZW Power\n|j| LT82ZW Carlos\n|inactive|Battle timer is ON: inactive players will automatically lose when time's up. (requested by LT82ZW Floundso)\n|j| AngleProtractor\n|j| lundini086\n|j| LT82ZW LE FLEXMAN\n|inactive|Chickpiee has 120 seconds left.\n|\n|t:|1626278164\n|start\n|switch|p1a: Tapu Koko|Tapu Koko|100\/100\n|switch|p2a: Toxapex|Toxapex, M|100\/100\n|-fieldstart|move: Electric Terrain|[from] ability: Electric Surge|[of] p1a: Tapu Koko\n|turn|1\n|j| Bleach\n|\n|t:|1626278174\n|move|p1a: Tapu Koko|Thunderbolt|p2a: Toxapex\n|-supereffective|p2a: Toxapex\n|-damage|p2a: Toxapex|0 fnt\n|faint|p2a: Toxapex\n|\n|upkeep\n|j| bad_inter_alia\n|\n|t:|1626278178\n|switch|p2a: Hippowdon|Hippowdon, F|100\/100\n|-weather|Sandstorm|[from] ability: Sand Stream|[of] p2a: Hippowdon\n|turn|2\n|l| LT82ZW Carlos\n|\n|t:|1626278185\n|switch|p1a: Blissey|Blissey, F|100\/100\n|move|p2a: Hippowdon|Stealth Rock|p1a: Blissey\n|-sidestart|p1: LT82ZW Floundso|move: Stealth Rock\n|\n|-weather|Sandstorm|[upkeep]\n|-damage|p1a: Blissey|94\/100|[from] Sandstorm\n|upkeep\n|turn|3\n|j| OU make me yawn\n|\n|t:|1626278193\n|switch|p2a: Scizor|Scizor, F|100\/100\n|move|p1a: Blissey|Teleport|p1a: Blissey\n|\n|t:|1626278196\n|switch|p1a: Tornadus|Tornadus-Therian, M|100\/100|[from]move: Teleport\n|\n|-weather|Sandstorm|[upkeep]\n|-damage|p1a: Tornadus|94\/100|[from] Sandstorm\n|upkeep\n|turn|4\n|\n|t:|1626278199\n|switch|p2a: Tornadus|Tornadus-Therian, M, shiny|100\/100\n|move|p1a: Tornadus|Heat Wave|p2a: Tornadus\n|-damage|p2a: Tornadus|78\/100\n|\n|-weather|Sandstorm|[upkeep]\n|-damage|p1a: Tornadus|88\/100|[from] Sandstorm\n|-damage|p2a: Tornadus|72\/100|[from] Sandstorm\n|upkeep\n|turn|5\n|j| Queenss\n|\n|t:|1626278205\n|move|p1a: Tornadus|Defog|p2a: Tornadus\n|-unboost|p2a: Tornadus|evasion|1\n|-sideend|p1: LT82ZW Floundso|Stealth Rock|[from] move: Defog|[of] p1a: Tornadus\n|-fieldend|move: Electric Terrain\n|move|p2a: Tornadus|Knock Off|p1a: Tornadus\n|-damage|p1a: Tornadus|64\/100\n|-enditem|p1a: Tornadus|Heavy-Duty Boots|[from] move: Knock Off|[of] p2a: Tornadus\n|\n|-weather|Sandstorm|[upkeep]\n|-damage|p2a: Tornadus|66\/100|[from] Sandstorm\n|-damage|p1a: Tornadus|58\/100|[from] Sandstorm\n|upkeep\n|turn|6\n|c| AngleProtractor|who keep they pex in on koko\n|\n|t:|1626278208\n|move|p1a: Tornadus|Hurricane|p2a: Tornadus\n|-damage|p2a: Tornadus|27\/100\n|-start|p2a: Tornadus|confusion\n|-activate|p2a: Tornadus|confusion\n|move|p2a: Tornadus|U-turn|p1a: Tornadus\n|-resisted|p1a: Tornadus\n|-damage|p1a: Tornadus|50\/100\n|c| AngleProtractor|unless u tryna have fried starfish for lunch\n|\n|t:|1626278216\n|switch|p2a: Hippowdon|Hippowdon, F|100\/100|[from]move: U-turn\n|\n|-weather|none\n|upkeep\n|turn|7\n|\n|t:|1626278222\n|move|p1a: Tornadus|U-turn|p2a: Hippowdon\n|-damage|p2a: Hippowdon|89\/100\n|\n|t:|1626278224\n|switch|p1a: Melmetal|Melmetal|100\/100|[from]move: U-turn\n|move|p2a: Hippowdon|Toxic|p1a: Melmetal\n|-immune|p1a: Melmetal\n|\n|-heal|p2a: Hippowdon|95\/100|[from] item: Leftovers\n|upkeep\n|turn|8\n|l| OU make me yawn\n|\n|t:|1626278230\n|switch|p2a: Skarmory|Skarmory, M|100\/100\n|move|p1a: Melmetal|Toxic|p2a: Skarmory\n|-immune|p2a: Skarmory\n|\n|upkeep\n|turn|9\n|\n|t:|1626278242\n|switch|p1a: Tornadus|Tornadus-Therian, M|83\/100\n|move|p2a: Skarmory|Spikes|p1a: Tornadus\n|-sidestart|p1: LT82ZW Floundso|Spikes\n|\n|upkeep\n|turn|10\n|\n|t:|1626278245\n|switch|p2a: Hippowdon|Hippowdon, F|95\/100\n|-weather|Sandstorm|[from] ability: Sand Stream|[of] p2a: Hippowdon\n|move|p1a: Tornadus|Defog|p2a: Hippowdon\n|-unboost|p2a: Hippowdon|evasion|1\n|-sideend|p1: LT82ZW Floundso|Spikes|[from] move: Defog|[of] p1a: Tornadus\n|\n|-weather|Sandstorm|[upkeep]\n|-damage|p1a: Tornadus|77\/100|[from] Sandstorm\n|-heal|p2a: Hippowdon|100\/100|[from] item: Leftovers\n|upkeep\n|turn|11\n|\n|t:|1626278253\n|move|p1a: Tornadus|U-turn|p2a: Hippowdon\n|-crit|p2a: Hippowdon\n|-damage|p2a: Hippowdon|84\/100\n|\n|t:|1626278255\n|switch|p1a: Melmetal|Melmetal|100\/100|[from]move: U-turn\n|move|p2a: Hippowdon|Stealth Rock|p1a: Melmetal\n|-sidestart|p1: LT82ZW Floundso|move: Stealth Rock\n|\n|-weather|Sandstorm|[upkeep]\n|-heal|p2a: Hippowdon|90\/100|[from] item: Leftovers\n|upkeep\n|turn|12\n|j| regirockisregisad\n|\n|t:|1626278260\n|switch|p2a: Skarmory|Skarmory, M|100\/100\n|switch|p1a: Tornadus|Tornadus-Therian, M|100\/100\n|-damage|p1a: Tornadus|76\/100|[from] Stealth Rock\n|\n|-weather|Sandstorm|[upkeep]\n|-damage|p1a: Tornadus|70\/100|[from] Sandstorm\n|upkeep\n|turn|13\n|\n|t:|1626278265\n|switch|p2a: Tornadus|Tornadus-Therian, M, shiny|60\/100\n|move|p1a: Tornadus|Hurricane|p2a: Tornadus\n|-damage|p2a: Tornadus|21\/100\n|\n|-weather|Sandstorm|[upkeep]\n|-damage|p1a: Tornadus|63\/100|[from] Sandstorm\n|-damage|p2a: Tornadus|15\/100|[from] Sandstorm\n|upkeep\n|turn|14\n|j| registorm\n|\n|t:|1626278271\n|switch|p2a: Hippowdon|Hippowdon, F|90\/100\n|move|p1a: Tornadus|Defog|p2a: Hippowdon\n|-unboost|p2a: Hippowdon|evasion|1\n|-sideend|p1: LT82ZW Floundso|Stealth Rock|[from] move: Defog|[of] p1a: Tornadus\n|\n|-weather|none\n|-heal|p2a: Hippowdon|96\/100|[from] item: Leftovers\n|upkeep\n|turn|15\n|\n|t:|1626278277\n|move|p1a: Tornadus|U-turn|p2a: Hippowdon\n|-damage|p2a: Hippowdon|86\/100\n|\n|t:|1626278281\n|switch|p1a: Melmetal|Melmetal|100\/100|[from]move: U-turn\n|move|p2a: Hippowdon|Stealth Rock|p1a: Melmetal\n|-sidestart|p1: LT82ZW Floundso|move: Stealth Rock\n|\n|-heal|p2a: Hippowdon|92\/100|[from] item: Leftovers\n|upkeep\n|turn|16\n|\n|t:|1626278289\n|switch|p2a: Skarmory|Skarmory, M|100\/100\n|move|p1a: Melmetal|Double Iron Bash|p2a: Skarmory\n|-resisted|p2a: Skarmory\n|-damage|p2a: Skarmory|88\/100\n|-resisted|p2a: Skarmory\n|-damage|p2a: Skarmory|76\/100\n|-hitcount|p2a: Skarmory|2\n|\n|upkeep\n|turn|17\n|\n|t:|1626278301\n|switch|p1a: Tapu Koko|Tapu Koko|100\/100\n|-damage|p1a: Tapu Koko|88\/100|[from] Stealth Rock\n|-fieldstart|move: Electric Terrain|[from] ability: Electric Surge|[of] p1a: Tapu Koko\n|move|p2a: Skarmory|Body Press|p1a: Tapu Koko\n|-resisted|p1a: Tapu Koko\n|-damage|p1a: Tapu Koko|65\/100\n|\n|upkeep\n|turn|18\n|\n|t:|1626278308\n|switch|p2a: Scizor|Scizor, F|100\/100\n|move|p1a: Tapu Koko|Volt Switch|p2a: Scizor\n|-damage|p2a: Scizor|53\/100\n|\n|t:|1626278318\n|switch|p1a: Tornadus|Tornadus-Therian, M|97\/100|[from]move: Volt Switch\n|-damage|p1a: Tornadus|72\/100|[from] Stealth Rock\n|\n|upkeep\n|turn|19\n|\n|t:|1626278326\n|switch|p2a: Hippowdon|Hippowdon, F|92\/100\n|-weather|Sandstorm|[from] ability: Sand Stream|[of] p2a: Hippowdon\n|move|p1a: Tornadus|Defog|p2a: Hippowdon\n|-unboost|p2a: Hippowdon|evasion|1\n|-sideend|p1: LT82ZW Floundso|Stealth Rock|[from] move: Defog|[of] p1a: Tornadus\n|-fieldend|move: Electric Terrain\n|\n|-weather|Sandstorm|[upkeep]\n|-damage|p1a: Tornadus|66\/100|[from] Sandstorm\n|-heal|p2a: Hippowdon|98\/100|[from] item: Leftovers\n|upkeep\n|turn|20\n|j| Maddie The Fed\n|j| Ugur\n|\n|t:|1626278329\n|move|p1a: Tornadus|U-turn|p2a: Hippowdon\n|-damage|p2a: Hippowdon|89\/100\n|l| Queenss\n|\n|t:|1626278333\n|switch|p1a: Melmetal|Melmetal|100\/100|[from]move: U-turn\n|move|p2a: Hippowdon|Stealth Rock|p1a: Melmetal\n|-sidestart|p1: LT82ZW Floundso|move: Stealth Rock\n|\n|-weather|Sandstorm|[upkeep]\n|-heal|p2a: Hippowdon|95\/100|[from] item: Leftovers\n|upkeep\n|turn|21\n|\n|t:|1626278339\n|move|p2a: Hippowdon|Toxic|p1a: Melmetal\n|-immune|p1a: Melmetal\n|move|p1a: Melmetal|Double Iron Bash|p2a: Hippowdon\n|-crit|p2a: Hippowdon\n|-damage|p2a: Hippowdon|46\/100\n|-damage|p2a: Hippowdon|14\/100\n|-hitcount|p2a: Hippowdon|2\n|\n|-weather|Sandstorm|[upkeep]\n|-heal|p2a: Hippowdon|20\/100|[from] item: Leftovers\n|upkeep\n|turn|22\n|\n|t:|1626278346\n|switch|p2a: Skarmory|Skarmory, M|76\/100\n|move|p1a: Melmetal|Double Iron Bash|p2a: Skarmory\n|-resisted|p2a: Skarmory\n|-damage|p2a: Skarmory|64\/100\n|-resisted|p2a: Skarmory\n|-damage|p2a: Skarmory|52\/100\n|-hitcount|p2a: Skarmory|2\n|\n|-weather|Sandstorm|[upkeep]\n|upkeep\n|turn|23\n|\n|t:|1626278351\n|switch|p2a: Hippowdon|Hippowdon, F|20\/100\n|move|p1a: Melmetal|Earthquake|p2a: Hippowdon\n|-damage|p2a: Hippowdon|0 fnt\n|faint|p2a: Hippowdon\n|\n|-weather|none\n|upkeep\n|\n|t:|1626278355\n|switch|p2a: Skarmory|Skarmory, M|52\/100\n|turn|24\n|c|\u2606LT82ZW Floundso|gg\n|\n|t:|1626278362\n|switch|p1a: Tornadus|Tornadus-Therian, M|99\/100\n|-damage|p1a: Tornadus|74\/100|[from] Stealth Rock\n|move|p2a: Skarmory|Roost|p2a: Skarmory\n|-heal|p2a: Skarmory|100\/100\n|-singleturn|p2a: Skarmory|move: Roost\n|\n|upkeep\n|turn|25\n|c|\u2606Chickpiee|play full\n|c|\u2606Chickpiee|I am ff ing\n|\n|t:|1626278377\n|switch|p2a: Tornadus|Tornadus-Therian, M, shiny|48\/100\n|move|p1a: Tornadus|Defog|p2a: Tornadus\n|-unboost|p2a: Tornadus|evasion|1\n|-sideend|p1: LT82ZW Floundso|Stealth Rock|[from] move: Defog|[of] p1a: Tornadus\n|\n|upkeep\n|turn|26\n|l| registorm\n|j| OU make me yawn\n|c|\u2606LT82ZW Floundso|what do you mean play full?\n|\n|t:|1626278386\n|move|p2a: Tornadus|U-turn|p1a: Tornadus\n|-resisted|p1a: Tornadus\n|-damage|p1a: Tornadus|67\/100\n|\n|t:|1626278393\n|switch|p2a: Scizor|Scizor, F|53\/100|[from]move: U-turn\n|move|p1a: Tornadus|Hurricane|p2a: Scizor\n|-damage|p2a: Scizor|19\/100\n|\n|upkeep\n|turn|27\n|\n|t:|1626278403\n|switch|p2a: Tornadus|Tornadus-Therian, M, shiny|81\/100\n|move|p1a: Tornadus|Heat Wave|p2a: Tornadus\n|-damage|p2a: Tornadus|55\/100\n|\n|upkeep\n|turn|28\n|\n|t:|1626278411\n|move|p1a: Tornadus|Hurricane|p2a: Tornadus\n|-damage|p2a: Tornadus|10\/100\n|-start|p2a: Tornadus|confusion\n|-activate|p2a: Tornadus|confusion\n|-damage|p2a: Tornadus|0 fnt|[from] confusion\n|faint|p2a: Tornadus\n|\n|upkeep\n|\n|t:|1626278414\n|switch|p2a: Clefable|Clefable, M|100\/100\n|turn|29\n|l| OU make me yawn\n|\n|t:|1626278417\n|move|p1a: Tornadus|U-turn|p2a: Clefable\n|-resisted|p2a: Clefable\n|-damage|p2a: Clefable|95\/100\n|\n|t:|1626278420\n|switch|p1a: Melmetal|Melmetal|100\/100|[from]move: U-turn\n|move|p2a: Clefable|Calm Mind|p2a: Clefable\n|-boost|p2a: Clefable|spa|1\n|-boost|p2a: Clefable|spd|1\n|\n|upkeep\n|turn|30\n|\n|t:|1626278425\n|switch|p2a: Skarmory|Skarmory, M|100\/100\n|move|p1a: Melmetal|Earthquake|p2a: Skarmory\n|-immune|p2a: Skarmory\n|\n|upkeep\n|turn|31\n|j| OU make me yawn\n|l| OU make me yawn\n|\n|t:|1626278432\n|switch|p1a: Tapu Koko|Tapu Koko|65\/100\n|-fieldstart|move: Electric Terrain|[from] ability: Electric Surge|[of] p1a: Tapu Koko\n|move|p2a: Skarmory|Spikes|p1a: Tapu Koko\n|-sidestart|p1: LT82ZW Floundso|Spikes\n|\n|upkeep\n|turn|32\n|j| NPC666\n|\n|t:|1626278438\n|move|p1a: Tapu Koko|Thunderbolt|p2a: Skarmory\n|-supereffective|p2a: Skarmory\n|-ability|p2a: Skarmory|Sturdy\n|-damage|p2a: Skarmory|1\/100\n|move|p2a: Skarmory|Body Press|p1a: Tapu Koko\n|-resisted|p1a: Tapu Koko\n|-damage|p1a: Tapu Koko|43\/100\n|\n|upkeep\n|turn|33\n|\n|t:|1626278441\n|move|p1a: Tapu Koko|Thunderbolt|p2a: Skarmory\n|-supereffective|p2a: Skarmory\n|-damage|p2a: Skarmory|0 fnt\n|faint|p2a: Skarmory\n|\n|upkeep\n|\n|t:|1626278445\n|switch|p2a: Clefable|Clefable, M|95\/100\n|turn|34\n|\n|t:|1626278448\n|move|p1a: Tapu Koko|Thunderbolt|p2a: Clefable\n|-crit|p2a: Clefable\n|-damage|p2a: Clefable|4\/100\n|move|p2a: Clefable|Calm Mind|p2a: Clefable\n|-boost|p2a: Clefable|spa|1\n|-boost|p2a: Clefable|spd|1\n|\n|upkeep\n|turn|35\n|\n|t:|1626278452\n|move|p1a: Tapu Koko|Thunderbolt|p2a: Clefable\n|-damage|p2a: Clefable|0 fnt\n|faint|p2a: Clefable\n|\n|-fieldend|move: Electric Terrain\n|upkeep\n|\n|t:|1626278453\n|switch|p2a: Scizor|Scizor, F|19\/100\n|turn|36\n|\n|t:|1626278456\n|switch|p1a: Tornadus|Tornadus-Therian, M|99\/100\n|move|p2a: Scizor|Bullet Punch|p1a: Tornadus\n|-damage|p1a: Tornadus|70\/100\n|\n|upkeep\n|turn|37\n|\n|t:|1626278459\n|move|p1a: Tornadus|Heat Wave|p2a: Scizor|[miss]\n|-miss|p1a: Tornadus|p2a: Scizor\n|move|p2a: Scizor|Roost|p2a: Scizor\n|-heal|p2a: Scizor|69\/100\n|-singleturn|p2a: Scizor|move: Roost\n|\n|upkeep\n|turn|38\n|\n|t:|1626278463\n|move|p1a: Tornadus|Heat Wave|p2a: Scizor\n|-supereffective|p2a: Scizor\n|-damage|p2a: Scizor|0 fnt\n|faint|p2a: Scizor\n|\n|win|LT82ZW Floundso\n|raw|LT82ZW Floundso's rating: 1946 &rarr; <strong>1963<\/strong><br \/>(+17 for winning)\n|raw|Chickpiee's rating: 1890 &rarr; <strong>1873<\/strong><br \/>(-17 for losing)\n|l| LT82ZW SW\n|l|\u2606Chickpiee\n|c| AngleProtractor|6 0\n|l|\u2606LT82ZW Floundso\n","uploadtime":1626278476,"views":699,"p1id":"lt82zwfloundso","p2id":"chickpiee","formatid":"gen8ou","rating":1873,"private":0,"password":null}