{"id":"gen8ou-1139995601","p1":"Heytheremyfriend","p2":"A","format":"gen8ou","log":"|j|\u2606Heytheremyfriend\n|j|\u2606A\n|player|p1|Heytheremyfriend|38|1612\n|player|p2|A|clemont|1708\n|teamsize|p1|6\n|teamsize|p2|6\n|gametype|singles\n|gen|8\n|tier|[Gen 8] OU\n|rated|\n|clearpoke\n|poke|p1|Urshifu-*, M|\n|poke|p1|Clefable, F|\n|poke|p1|Magnezone|\n|poke|p1|Rillaboom, M|\n|poke|p1|Dragapult, M|\n|poke|p1|Talonflame, M|\n|poke|p2|Chansey, F|\n|poke|p2|Arcanine, F|\n|poke|p2|Toxapex, M|\n|poke|p2|Magearna|\n|poke|p2|Kommo-o, M|\n|poke|p2|Corviknight, M|\n|rule|Sleep Clause Mod: Limit one foe put to sleep\n|rule|Species Clause: Limit one of each Pok\u00e9mon\n|rule|OHKO Clause: OHKO moves are banned\n|rule|Evasion Moves Clause: Evasion moves are banned\n|rule|Endless Battle Clause: Forcing endless battles is banned\n|rule|HP Percentage Mod: HP is shown in percentages\n|rule|Dynamax Clause: You cannot dynamax\n|teampreview\n|\n|start\n|switch|p1a: Clefable|Clefable, F|100\/100\n|switch|p2a: gamer girl|Arcanine, F, shiny|100\/100\n|-ability|p2a: gamer girl|Intimidate|boost\n|-unboost|p1a: Clefable|atk|1\n|turn|1\n|\n|switch|p2a: lamer than me|Toxapex, M|100\/100\n|move|p1a: Clefable|Knock Off|p2a: lamer than me\n|-damage|p2a: lamer than me|93\/100\n|-enditem|p2a: lamer than me|Black Sludge|[from] move: Knock Off|[of] p1a: Clefable\n|\n|upkeep\n|turn|2\n|inactive|Battle timer is ON: inactive players will automatically lose when time's up. (requested by Heytheremyfriend)\n|\n|move|p1a: Clefable|Stealth Rock|p2a: lamer than me\n|-sidestart|p2: A|move: Stealth Rock\n|move|p2a: lamer than me|Knock Off|p1a: Clefable\n|-resisted|p1a: Clefable\n|-damage|p1a: Clefable|93\/100\n|-enditem|p1a: Clefable|Leftovers|[from] move: Knock Off|[of] p2a: lamer than me\n|\n|upkeep\n|turn|3\n|\n|switch|p1a: Magnezone|Magnezone|100\/100\n|move|p2a: lamer than me|Knock Off|p1a: Magnezone\n|-damage|p1a: Magnezone|87\/100\n|-enditem|p1a: Magnezone|Choice Specs|[from] move: Knock Off|[of] p2a: lamer than me\n|\n|upkeep\n|turn|4\n|\n|switch|p2a: BEST GIRL|Chansey, F, shiny|100\/100\n|-damage|p2a: BEST GIRL|88\/100|[from] Stealth Rock\n|move|p1a: Magnezone|Volt Switch|p2a: BEST GIRL\n|-damage|p2a: BEST GIRL|71\/100\n|\n|switch|p1a: Urshifu|Urshifu, M|100\/100|[from]move: Volt Switch\n|\n|upkeep\n|turn|5\n|\n|switch|p2a: cool laddy|Kommo-o, M|100\/100\n|-damage|p2a: cool laddy|95\/100|[from] Stealth Rock\n|move|p1a: Urshifu|Wicked Blow|p2a: cool laddy\n|-resisted|p2a: cool laddy\n|-crit|p2a: cool laddy\n|-damage|p2a: cool laddy|70\/100\n|-damage|p1a: Urshifu|84\/100|[from] item: Rocky Helmet|[of] p2a: cool laddy\n|-damage|p1a: Urshifu|74\/100|[from] item: Life Orb\n|\n|upkeep\n|turn|6\n|\n|switch|p1a: Clefable|Clefable, F|93\/100\n|move|p2a: cool laddy|Stealth Rock|p1a: Clefable\n|-sidestart|p1: Heytheremyfriend|move: Stealth Rock\n|\n|upkeep\n|turn|7\n|\n|switch|p2a: lamer than me|Toxapex, M|100\/100\n|-damage|p2a: lamer than me|88\/100|[from] Stealth Rock\n|move|p1a: Clefable|Moonblast|p2a: lamer than me\n|-resisted|p2a: lamer than me\n|-damage|p2a: lamer than me|75\/100\n|\n|upkeep\n|turn|8\n|\n|switch|p1a: Magnezone|Magnezone|87\/100\n|-damage|p1a: Magnezone|81\/100|[from] Stealth Rock\n|move|p2a: lamer than me|Scald|p1a: Magnezone\n|-damage|p1a: Magnezone|66\/100\n|-status|p1a: Magnezone|brn\n|\n|-damage|p1a: Magnezone|60\/100 brn|[from] brn\n|upkeep\n|turn|9\n|\n|switch|p2a: cool laddy|Kommo-o, M|70\/100\n|-damage|p2a: cool laddy|64\/100|[from] Stealth Rock\n|move|p1a: Magnezone|Volt Switch|p2a: cool laddy\n|-resisted|p2a: cool laddy\n|-damage|p2a: cool laddy|41\/100\n|\n|switch|p1a: Dragapult|Dragapult, M|100\/100|[from]move: Volt Switch\n|-damage|p1a: Dragapult|88\/100|[from] Stealth Rock\n|\n|upkeep\n|turn|10\n|\n|switch|p2a: reverse alembic|Magearna|100\/100\n|-damage|p2a: reverse alembic|94\/100|[from] Stealth Rock\n|move|p1a: Dragapult|Draco Meteor|p2a: reverse alembic\n|-immune|p2a: reverse alembic\n|\n|upkeep\n|turn|11\n|\n|switch|p1a: Clefable|Clefable, F|93\/100\n|move|p2a: reverse alembic|Calm Mind|p2a: reverse alembic\n|-boost|p2a: reverse alembic|spa|1\n|-boost|p2a: reverse alembic|spd|1\n|\n|upkeep\n|turn|12\n|\n|move|p2a: reverse alembic|Iron Defense|p2a: reverse alembic\n|-boost|p2a: reverse alembic|def|2\n|move|p1a: Clefable|Knock Off|p2a: reverse alembic\n|-resisted|p2a: reverse alembic\n|-damage|p2a: reverse alembic|91\/100\n|-enditem|p2a: reverse alembic|Iapapa Berry|[from] move: Knock Off|[of] p1a: Clefable\n|\n|upkeep\n|turn|13\n|j| the amuse\n|\n|switch|p1a: Dragapult|Dragapult, M|88\/100\n|-damage|p1a: Dragapult|76\/100|[from] Stealth Rock\n|move|p2a: reverse alembic|Calm Mind|p2a: reverse alembic\n|-boost|p2a: reverse alembic|spa|1\n|-boost|p2a: reverse alembic|spd|1\n|\n|upkeep\n|turn|14\n|\n|move|p1a: Dragapult|Fire Blast|p2a: reverse alembic\n|-supereffective|p2a: reverse alembic\n|-damage|p2a: reverse alembic|57\/100\n|move|p2a: reverse alembic|Draining Kiss|p1a: Dragapult\n|-supereffective|p1a: Dragapult\n|-damage|p1a: Dragapult|0 fnt\n|-heal|p2a: reverse alembic|100\/100|[from] drain|[of] p1a: Dragapult\n|faint|p1a: Dragapult\n|-ability|p2a: reverse alembic|Soul-Heart|boost\n|-boost|p2a: reverse alembic|spa|1\n|\n|upkeep\n|-message|Heytheremyfriend forfeited.\n|\n|win|A\n|l|\u2606Heytheremyfriend\n|l| the amuse\n||Ladder (probably) updated, but score could not be retrieved (Request timeout).\n|j| DYWV\u2740\n|j| gomikyu\n|j| Flawless Full Moon\n|l|\u2606A\n","uploadtime":1593167653,"views":36,"p1id":"heytheremyfriend","p2id":"a","formatid":"gen8ou","rating":0,"private":0,"password":null}