{"id":"gen8ou-1569443817","p1":"Arcangel666","p2":"justatest123","format":"gen8ou","log":"|j|\u2606Arcangel666\n|j|\u2606justatest123\n|t:|1651893398\n|gametype|singles\n|player|p1|Arcangel666|piers|1747\n|player|p2|justatest123|backpacker|1697\n|teamsize|p1|6\n|teamsize|p2|6\n|gen|8\n|tier|[Gen 8] OU\n|rated|\n|rule|Sleep Clause Mod: Limit one foe put to sleep\n|rule|Species Clause: Limit one of each Pok\u00e9mon\n|rule|OHKO Clause: OHKO moves are banned\n|rule|Evasion Moves Clause: Evasion moves are banned\n|rule|Endless Battle Clause: Forcing endless battles is banned\n|rule|HP Percentage Mod: HP is shown in percentages\n|rule|Dynamax Clause: You cannot dynamax\n|clearpoke\n|poke|p1|Melmetal|\n|poke|p1|Dragapult, M|\n|poke|p1|Regieleki|\n|poke|p1|Landorus-Therian, M|\n|poke|p1|Hydreigon, M|\n|poke|p1|Tapu Fini|\n|poke|p2|Tornadus-Therian, M|\n|poke|p2|Slowbro, M|\n|poke|p2|Excadrill, M|\n|poke|p2|Ferrothorn, M|\n|poke|p2|Tyranitar, M|\n|poke|p2|Nidoking, M|\n|teampreview\n|j| Ciidj\n|j| ShinyXTyrunt\n|l| Ciidj\n|\n|t:|1651893449\n|start\n|switch|p1a: Landorus|Landorus-Therian, M, shiny|100\/100\n|switch|p2a: Tornadus|Tornadus-Therian, M|100\/100\n|-ability|p1a: Landorus|Intimidate|boost\n|-unboost|p2a: Tornadus|atk|1\n|turn|1\n|\n|t:|1651893463\n|move|p2a: Tornadus|Knock Off|p1a: Landorus\n|-damage|p1a: Landorus|91\/100\n|-damage|p2a: Tornadus|84\/100|[from] item: Rocky Helmet|[of] p1a: Landorus\n|-enditem|p1a: Landorus|Rocky Helmet|[from] move: Knock Off|[of] p2a: Tornadus\n|move|p1a: Landorus|Stealth Rock|p2a: Tornadus\n|-sidestart|p2: justatest123|move: Stealth Rock\n|\n|upkeep\n|turn|2\n|\n|t:|1651893469\n|move|p2a: Tornadus|Toxic|p1a: Landorus\n|-status|p1a: Landorus|tox\n|move|p1a: Landorus|Stone Edge|p2a: Tornadus\n|-supereffective|p2a: Tornadus\n|-damage|p2a: Tornadus|15\/100\n|\n|-damage|p1a: Landorus|85\/100 tox|[from] psn\n|upkeep\n|turn|3\n|\n|t:|1651893473\n|move|p2a: Tornadus|U-turn|p1a: Landorus\n|-resisted|p1a: Landorus\n|-damage|p1a: Landorus|81\/100 tox\n|\n|t:|1651893478\n|switch|p2a: Slowbro|Slowbro, M|100\/100|[from]move: U-turn\n|-damage|p2a: Slowbro|88\/100|[from] Stealth Rock\n|move|p1a: Landorus|U-turn|p2a: Slowbro\n|-supereffective|p2a: Slowbro\n|-damage|p2a: Slowbro|63\/100\n|-damage|p1a: Landorus|64\/100 tox|[from] item: Rocky Helmet|[of] p2a: Slowbro\n|\n|t:|1651893487\n|switch|p1a: Hydreigon|Hydreigon, M, shiny|100\/100|[from]move: U-turn\n|\n|upkeep\n|turn|4\n|\n|t:|1651893493\n|switch|p2a: Tyranitar|Tyranitar, M|100\/100\n|-damage|p2a: Tyranitar|88\/100|[from] Stealth Rock\n|-weather|Sandstorm|[from] ability: Sand Stream|[of] p2a: Tyranitar\n|move|p1a: Hydreigon|Nasty Plot|p1a: Hydreigon\n|-boost|p1a: Hydreigon|spa|2\n|\n|-weather|Sandstorm|[upkeep]\n|-damage|p1a: Hydreigon|94\/100|[from] Sandstorm\n|-heal|p2a: Tyranitar|94\/100|[from] item: Leftovers\n|upkeep\n|turn|5\n|\n|t:|1651893496\n|move|p1a: Hydreigon|Draco Meteor|p2a: Tyranitar\n|-damage|p2a: Tyranitar|26\/100\n|-unboost|p1a: Hydreigon|spa|2\n|-damage|p1a: Hydreigon|84\/100|[from] item: Life Orb\n|move|p2a: Tyranitar|Thunder Wave|p1a: Hydreigon\n|-status|p1a: Hydreigon|par\n|\n|-weather|Sandstorm|[upkeep]\n|-damage|p1a: Hydreigon|78\/100 par|[from] Sandstorm\n|-heal|p2a: Tyranitar|32\/100|[from] item: Leftovers\n|upkeep\n|turn|6\n|j| GGeorgie\n|l| ShinyXTyrunt\n|inactive|Battle timer is ON: inactive players will automatically lose when time's up. (requested by Arcangel666)\n|inactive|justatest123 has 120 seconds left.\n|j| ecall\n|inactive|justatest123 has 90 seconds left.\n|inactive|justatest123 has 60 seconds left.\n|j| Dino doggie\n|\n|t:|1651893652\n|switch|p2a: Tornadus|Tornadus-Therian, M|49\/100\n|move|p1a: Hydreigon|Draco Meteor|p2a: Tornadus\n|-damage|p2a: Tornadus|0 fnt\n|-unboost|p1a: Hydreigon|spa|2\n|faint|p2a: Tornadus\n|-damage|p1a: Hydreigon|68\/100 par|[from] item: Life Orb\n|\n|-weather|Sandstorm|[upkeep]\n|-damage|p1a: Hydreigon|62\/100 par|[from] Sandstorm\n|upkeep\n|inactive|justatest123 has 90 seconds left.\n|inactive|justatest123 has 60 seconds left.\n|\n|t:|1651893707\n|switch|p2a: Excadrill|Excadrill, M|100\/100\n|-damage|p2a: Excadrill|97\/100|[from] Stealth Rock\n|turn|7\n|\n|t:|1651893711\n|switch|p1a: Landorus|Landorus-Therian, M, shiny|64\/100 tox\n|-ability|p1a: Landorus|Intimidate|boost\n|-unboost|p2a: Excadrill|atk|1\n|move|p2a: Excadrill|Rapid Spin|p1a: Landorus\n|-damage|p1a: Landorus|55\/100 tox\n|-boost|p2a: Excadrill|spe|1\n|-sideend|p2: justatest123|Stealth Rock|[from] move: Rapid Spin|[of] p2a: Excadrill\n|\n|-weather|Sandstorm|[upkeep]\n|-heal|p2a: Excadrill|100\/100|[from] item: Leftovers\n|-damage|p1a: Landorus|49\/100 tox|[from] psn\n|upkeep\n|turn|8\n|\n|t:|1651893719\n|move|p2a: Excadrill|Iron Head|p1a: Landorus\n|-damage|p1a: Landorus|28\/100 tox\n|move|p1a: Landorus|U-turn|p2a: Excadrill\n|-resisted|p2a: Excadrill\n|-damage|p2a: Excadrill|86\/100\n|\n|t:|1651893726\n|switch|p1a: Tapu Fini|Tapu Fini, shiny|100\/100|[from]move: U-turn\n|-fieldstart|move: Misty Terrain|[from] ability: Misty Surge|[of] p1a: Tapu Fini\n|\n|-weather|none\n|-heal|p2a: Excadrill|92\/100|[from] item: Leftovers\n|upkeep\n|turn|9\n|\n|t:|1651893736\n|switch|p2a: Ferrothorn|Ferrothorn, M|100\/100\n|switch|p1a: Landorus|Landorus-Therian, M, shiny|28\/100 tox\n|-ability|p1a: Landorus|Intimidate|boost\n|-unboost|p2a: Ferrothorn|atk|1\n|\n|-damage|p1a: Landorus|22\/100 tox|[from] psn\n|upkeep\n|turn|10\n|\n|t:|1651893746\n|move|p1a: Landorus|Stealth Rock|p2a: Ferrothorn\n|-sidestart|p2: justatest123|move: Stealth Rock\n|move|p2a: Ferrothorn|Spikes|p1a: Landorus\n|-sidestart|p1: Arcangel666|Spikes\n|\n|-damage|p1a: Landorus|10\/100 tox|[from] psn\n|upkeep\n|turn|11\n|\n|t:|1651893751\n|move|p1a: Landorus|U-turn|p2a: Ferrothorn\n|-damage|p2a: Ferrothorn|87\/100\n|-damage|p1a: Landorus|0 fnt|[from] ability: Iron Barbs|[of] p2a: Ferrothorn\n|faint|p1a: Landorus\n|move|p2a: Ferrothorn|Spikes|p1: Landorus\n|-sidestart|p1: Arcangel666|Spikes\n|\n|-heal|p2a: Ferrothorn|93\/100|[from] item: Leftovers\n|upkeep\n|\n|t:|1651893753\n|switch|p1a: Regieleki|Regieleki, shiny|100\/100\n|-damage|p1a: Regieleki|84\/100|[from] Spikes\n|turn|12\n|\n|t:|1651893756\n|switch|p2a: Excadrill|Excadrill, M|92\/100\n|-damage|p2a: Excadrill|89\/100|[from] Stealth Rock\n|move|p1a: Regieleki|Rapid Spin|p2a: Excadrill\n|-resisted|p2a: Excadrill\n|-damage|p2a: Excadrill|81\/100\n|-boost|p1a: Regieleki|spe|1\n|-sideend|p1: Arcangel666|Spikes|[from] move: Rapid Spin|[of] p1a: Regieleki\n|\n|-heal|p2a: Excadrill|87\/100|[from] item: Leftovers\n|-fieldend|Misty Terrain\n|upkeep\n|turn|13\n|\n|t:|1651893763\n|switch|p1a: Melmetal|Melmetal, shiny|100\/100\n|move|p2a: Excadrill|Iron Head|p1a: Melmetal\n|-resisted|p1a: Melmetal\n|-damage|p1a: Melmetal|89\/100\n|\n|-heal|p2a: Excadrill|93\/100|[from] item: Leftovers\n|upkeep\n|turn|14\n|\n|t:|1651893770\n|switch|p2a: Slowbro|Slowbro, M|96\/100\n|-damage|p2a: Slowbro|83\/100|[from] Stealth Rock\n|switch|p1a: Dragapult|Dragapult, M, shiny|100\/100\n|\n|upkeep\n|turn|15\n|inactive|justatest123 has 120 seconds left.\n|\n|t:|1651893785\n|switch|p2a: Ferrothorn|Ferrothorn, M|93\/100\n|-damage|p2a: Ferrothorn|87\/100|[from] Stealth Rock\n|move|p1a: Dragapult|Substitute|p1a: Dragapult\n|-start|p1a: Dragapult|Substitute\n|-damage|p1a: Dragapult|76\/100\n|\n|-heal|p1a: Dragapult|82\/100|[from] item: Leftovers\n|-heal|p2a: Ferrothorn|93\/100|[from] item: Leftovers\n|upkeep\n|turn|16\n|\n|t:|1651893788\n|move|p1a: Dragapult|Phantom Force||[still]\n|-prepare|p1a: Dragapult|Phantom Force\n|move|p2a: Ferrothorn|Knock Off|p1a: Dragapult|[miss]\n|-miss|p2a: Ferrothorn|p1a: Dragapult\n|\n|-heal|p1a: Dragapult|88\/100|[from] item: Leftovers\n|-heal|p2a: Ferrothorn|99\/100|[from] item: Leftovers\n|upkeep\n|turn|17\n|\n|t:|1651893792\n|move|p1a: Dragapult|Phantom Force|p2a: Ferrothorn|[from]lockedmove\n|-damage|p2a: Ferrothorn|73\/100\n|-damage|p1a: Dragapult|75\/100|[from] ability: Iron Barbs|[of] p2a: Ferrothorn\n|move|p2a: Ferrothorn|Knock Off|p1a: Dragapult\n|-supereffective|p1a: Dragapult\n|-end|p1a: Dragapult|Substitute\n|\n|-heal|p1a: Dragapult|81\/100|[from] item: Leftovers\n|-heal|p2a: Ferrothorn|79\/100|[from] item: Leftovers\n|upkeep\n|turn|18\n|\n|t:|1651893797\n|switch|p1a: Hydreigon|Hydreigon, M, shiny|62\/100 par\n|move|p2a: Ferrothorn|Knock Off|p1a: Hydreigon\n|-resisted|p1a: Hydreigon\n|-damage|p1a: Hydreigon|51\/100 par\n|-enditem|p1a: Hydreigon|Life Orb|[from] move: Knock Off|[of] p2a: Ferrothorn\n|\n|-heal|p2a: Ferrothorn|85\/100|[from] item: Leftovers\n|upkeep\n|turn|19\n|\n|t:|1651893802\n|switch|p2a: Tyranitar|Tyranitar, M|32\/100\n|-damage|p2a: Tyranitar|20\/100|[from] Stealth Rock\n|-weather|Sandstorm|[from] ability: Sand Stream|[of] p2a: Tyranitar\n|move|p1a: Hydreigon|Dark Pulse|p2a: Tyranitar\n|-resisted|p2a: Tyranitar\n|-damage|p2a: Tyranitar|11\/100\n|\n|-weather|Sandstorm|[upkeep]\n|-damage|p1a: Hydreigon|45\/100 par|[from] Sandstorm\n|-heal|p2a: Tyranitar|18\/100|[from] item: Leftovers\n|upkeep\n|turn|20\n|\n|t:|1651893808\n|move|p2a: Tyranitar|Stealth Rock|p1a: Hydreigon\n|-sidestart|p1: Arcangel666|move: Stealth Rock\n|cant|p1a: Hydreigon|par\n|\n|-weather|Sandstorm|[upkeep]\n|-damage|p1a: Hydreigon|39\/100 par|[from] Sandstorm\n|-heal|p2a: Tyranitar|24\/100|[from] item: Leftovers\n|upkeep\n|turn|21\n|\n|t:|1651893811\n|cant|p1a: Hydreigon|par\n|move|p2a: Tyranitar|Rock Blast|p1a: Hydreigon\n|-damage|p1a: Hydreigon|26\/100 par\n|-damage|p1a: Hydreigon|12\/100 par\n|-hitcount|p1a: Hydreigon|2\n|\n|-weather|Sandstorm|[upkeep]\n|-damage|p1a: Hydreigon|6\/100 par|[from] Sandstorm\n|-heal|p2a: Tyranitar|30\/100|[from] item: Leftovers\n|upkeep\n|turn|22\n|\n|t:|1651893837\n|move|p1a: Hydreigon|Flash Cannon|p2a: Tyranitar\n|-supereffective|p2a: Tyranitar\n|-damage|p2a: Tyranitar|7\/100\n|move|p2a: Tyranitar|Rock Blast|p1a: Hydreigon\n|-damage|p1a: Hydreigon|0 fnt\n|faint|p1a: Hydreigon\n|-hitcount|p1: Hydreigon|1\n|\n|-weather|Sandstorm|[upkeep]\n|-heal|p2a: Tyranitar|13\/100|[from] item: Leftovers\n|upkeep\n|\n|t:|1651893843\n|switch|p1a: Melmetal|Melmetal, shiny|89\/100\n|-damage|p1a: Melmetal|83\/100|[from] Stealth Rock\n|turn|23\n|inactive|justatest123 has 120 seconds left.\n|\n|t:|1651893873\n|switch|p2a: Slowbro|Slowbro, M|100\/100\n|-damage|p2a: Slowbro|88\/100|[from] Stealth Rock\n|move|p1a: Melmetal|Rock Slide|p2a: Slowbro\n|-damage|p2a: Slowbro|67\/100\n|\n|-weather|none\n|upkeep\n|turn|24\n|inactive|justatest123 has 120 seconds left.\n|\n|t:|1651893880\n|switch|p1a: Tapu Fini|Tapu Fini, shiny|100\/100\n|-damage|p1a: Tapu Fini|88\/100|[from] Stealth Rock\n|-fieldstart|move: Misty Terrain|[from] ability: Misty Surge|[of] p1a: Tapu Fini\n|move|p2a: Slowbro|Teleport|p2a: Slowbro\n|\n|t:|1651893884\n|switch|p2a: Nidoking|Nidoking, M|100\/100|[from]move: Teleport\n|-damage|p2a: Nidoking|95\/100|[from] Stealth Rock\n|\n|-heal|p1a: Tapu Fini|94\/100|[from] item: Leftovers\n|upkeep\n|turn|25\n|\n|t:|1651893888\n|move|p2a: Nidoking|Sludge Wave|p1a: Tapu Fini\n|-supereffective|p1a: Tapu Fini\n|-damage|p1a: Tapu Fini|19\/100\n|move|p1a: Tapu Fini|Surf|p2a: Nidoking\n|-supereffective|p2a: Nidoking\n|-damage|p2a: Nidoking|7\/100\n|\n|-heal|p1a: Tapu Fini|25\/100|[from] item: Leftovers\n|upkeep\n|turn|26\n|\n|t:|1651893895\n|move|p2a: Nidoking|Earth Power|p1a: Tapu Fini\n|-crit|p1a: Tapu Fini\n|-damage|p1a: Tapu Fini|0 fnt\n|faint|p1a: Tapu Fini\n|\n|upkeep\n|\n|t:|1651893897\n|switch|p1a: Regieleki|Regieleki, shiny|84\/100\n|-damage|p1a: Regieleki|72\/100|[from] Stealth Rock\n|turn|27\n|inactive|justatest123 has 120 seconds left.\n|\n|t:|1651893937\n|switch|p2a: Excadrill|Excadrill, M|93\/100\n|-damage|p2a: Excadrill|90\/100|[from] Stealth Rock\n|move|p1a: Regieleki|Rapid Spin|p2a: Excadrill\n|-resisted|p2a: Excadrill\n|-damage|p2a: Excadrill|82\/100\n|-boost|p1a: Regieleki|spe|1\n|-sideend|p1: Arcangel666|Stealth Rock|[from] move: Rapid Spin|[of] p1a: Regieleki\n|\n|-heal|p2a: Excadrill|89\/100|[from] item: Leftovers\n|upkeep\n|turn|28\n|\n|t:|1651893945\n|switch|p1a: Melmetal|Melmetal, shiny|83\/100\n|move|p2a: Excadrill|Earthquake|p1a: Melmetal\n|-supereffective|p1a: Melmetal\n|-damage|p1a: Melmetal|23\/100\n|\n|-heal|p2a: Excadrill|95\/100|[from] item: Leftovers\n|-fieldend|Misty Terrain\n|upkeep\n|turn|29\n|\n|t:|1651893950\n|move|p2a: Excadrill|Earthquake|p1a: Melmetal\n|-supereffective|p1a: Melmetal\n|-damage|p1a: Melmetal|0 fnt\n|faint|p1a: Melmetal\n|\n|-heal|p2a: Excadrill|100\/100|[from] item: Leftovers\n|upkeep\n|\n|t:|1651893951\n|switch|p1a: Dragapult|Dragapult, M, shiny|81\/100\n|turn|30\n|\n|t:|1651893958\n|switch|p2a: Ferrothorn|Ferrothorn, M|85\/100\n|-damage|p2a: Ferrothorn|79\/100|[from] Stealth Rock\n|move|p1a: Dragapult|Dragon Dance|p1a: Dragapult\n|-boost|p1a: Dragapult|atk|1\n|-boost|p1a: Dragapult|spe|1\n|\n|-heal|p1a: Dragapult|87\/100|[from] item: Leftovers\n|-heal|p2a: Ferrothorn|85\/100|[from] item: Leftovers\n|upkeep\n|turn|31\n|\n|t:|1651893961\n|move|p1a: Dragapult|Phantom Force||[still]\n|-prepare|p1a: Dragapult|Phantom Force\n|move|p2a: Ferrothorn|Knock Off|p1a: Dragapult|[miss]\n|-miss|p2a: Ferrothorn|p1a: Dragapult\n|\n|-heal|p1a: Dragapult|93\/100|[from] item: Leftovers\n|-heal|p2a: Ferrothorn|91\/100|[from] item: Leftovers\n|upkeep\n|turn|32\n|\n|t:|1651893963\n|move|p1a: Dragapult|Phantom Force|p2a: Ferrothorn|[from]lockedmove\n|-crit|p2a: Ferrothorn\n|-damage|p2a: Ferrothorn|26\/100\n|-damage|p1a: Dragapult|81\/100|[from] ability: Iron Barbs|[of] p2a: Ferrothorn\n|move|p2a: Ferrothorn|Knock Off|p1a: Dragapult\n|-supereffective|p1a: Dragapult\n|-damage|p1a: Dragapult|25\/100\n|-enditem|p1a: Dragapult|Leftovers|[from] move: Knock Off|[of] p2a: Ferrothorn\n|\n|-heal|p2a: Ferrothorn|32\/100|[from] item: Leftovers\n|upkeep\n|turn|33\n|\n|t:|1651893968\n|move|p1a: Dragapult|Phantom Force||[still]\n|-prepare|p1a: Dragapult|Phantom Force\n|move|p2a: Ferrothorn|Knock Off|p1a: Dragapult|[miss]\n|-miss|p2a: Ferrothorn|p1a: Dragapult\n|\n|-heal|p2a: Ferrothorn|38\/100|[from] item: Leftovers\n|upkeep\n|turn|34\n|\n|t:|1651893970\n|switch|p2a: Tyranitar|Tyranitar, M|13\/100\n|-damage|p2a: Tyranitar|1\/100|[from] Stealth Rock\n|-weather|Sandstorm|[from] ability: Sand Stream|[of] p2a: Tyranitar\n|move|p1a: Dragapult|Phantom Force|p2a: Tyranitar|[from]lockedmove\n|-resisted|p2a: Tyranitar\n|-crit|p2a: Tyranitar\n|-damage|p2a: Tyranitar|0 fnt\n|faint|p2a: Tyranitar\n|\n|-weather|Sandstorm|[upkeep]\n|-damage|p1a: Dragapult|19\/100|[from] Sandstorm\n|upkeep\n|\n|t:|1651893972\n|switch|p2a: Excadrill|Excadrill, M|100\/100\n|-damage|p2a: Excadrill|97\/100|[from] Stealth Rock\n|turn|35\n|\n|t:|1651893975\n|move|p2a: Excadrill|Earthquake|p1a: Dragapult\n|-damage|p1a: Dragapult|0 fnt\n|faint|p1a: Dragapult\n|\n|-weather|Sandstorm|[upkeep]\n|-heal|p2a: Excadrill|100\/100|[from] item: Leftovers\n|upkeep\n|-message|Arcangel666 forfeited.\n|\n|win|justatest123\n|raw|Arcangel666's rating: 1747 &rarr; <strong>1724<\/strong><br \/>(-23 for losing)\n|raw|justatest123's rating: 1697 &rarr; <strong>1720<\/strong><br \/>(+23 for winning)\n|l|\u2606Arcangel666\n|l| GGeorgie\n||Ladder isn't responding, score probably updated but might not have (Request timeout).\n","uploadtime":1651893981,"views":60,"p1id":"arcangel666","p2id":"justatest123","formatid":"gen8ou","rating":1720,"private":0,"password":null}