{"id":"gen8ou-1649453921","p1":"return nirvana","p2":"LT94JE TELE","format":"gen8ou","log":"|raw|<div class=\"broadcast-blue\"><strong>This battle is required to be public due to a player having a name starting with 'lt94je'.<\/div>\n|j|\u2606return nirvana\n|j|\u2606LT94JE TELE\n|t:|1661600360\n|gametype|singles\n|player|p1|return nirvana|cynthia-masters2|1953\n|player|p2|LT94JE TELE|unknown|1886\n|teamsize|p1|6\n|teamsize|p2|6\n|gen|8\n|tier|[Gen 8] OU\n|rated|\n|rule|Sleep Clause Mod: Limit one foe put to sleep\n|rule|Species Clause: Limit one of each Pok\u00e9mon\n|rule|OHKO Clause: OHKO moves are banned\n|rule|Evasion Items Clause: Evasion items are banned\n|rule|Evasion Moves Clause: Evasion moves are banned\n|rule|Endless Battle Clause: Forcing endless battles is banned\n|rule|HP Percentage Mod: HP is shown in percentages\n|rule|Dynamax Clause: You cannot dynamax\n|clearpoke\n|poke|p1|Kartana|\n|poke|p1|Magnezone|\n|poke|p1|Tornadus-Therian, M|\n|poke|p1|Weavile, M|\n|poke|p1|Toxapex, M|\n|poke|p1|Garchomp, F|\n|poke|p2|Skarmory, M|\n|poke|p2|Hippowdon, F|\n|poke|p2|Excadrill, F|\n|poke|p2|Dragapult, M|\n|poke|p2|Toxapex, M|\n|poke|p2|Victini|\n|teampreview\n|inactive|Battle timer is ON: inactive players will automatically lose when time's up. (requested by LT94JE TELE)\n|j| waste yrself\n|\n|t:|1661600381\n|start\n|switch|p1a: Kartana|Kartana|100\/100\n|switch|p2a: Hippowdon|Hippowdon, F|100\/100\n|-weather|Sandstorm|[from] ability: Sand Stream|[of] p2a: Hippowdon\n|turn|1\n|j| 10 Misery nights\n|\n|t:|1661600390\n|switch|p2a: Toxapex|Toxapex, M|100\/100\n|move|p1a: Kartana|Leaf Blade|p2a: Toxapex\n|-damage|p2a: Toxapex|52\/100\n|\n|-weather|Sandstorm|[upkeep]\n|-damage|p2a: Toxapex|46\/100|[from] Sandstorm\n|upkeep\n|turn|2\n|\n|t:|1661600396\n|move|p2a: Toxapex|Baneful Bunker|p2a: Toxapex\n|-singleturn|p2a: Toxapex|move: Protect\n|move|p1a: Kartana|Leaf Blade|p2a: Toxapex\n|-activate|p2a: Toxapex|move: Protect\n|\n|-weather|Sandstorm|[upkeep]\n|-damage|p2a: Toxapex|40\/100|[from] Sandstorm\n|upkeep\n|turn|3\n|j| Mimikyu Stardust\n|\n|t:|1661600399\n|switch|p2a: Victini|Victini|100\/100\n|move|p1a: Kartana|Knock Off|p2a: Victini\n|-supereffective|p2a: Victini\n|-crit|p2a: Victini\n|-damage|p2a: Victini|0 fnt\n|-enditem|p2a: Victini|Heavy-Duty Boots|[from] move: Knock Off|[of] p1a: Kartana\n|faint|p2a: Victini\n|-ability|p1a: Kartana|Beast Boost|boost\n|-boost|p1a: Kartana|atk|1\n|\n|-weather|Sandstorm|[upkeep]\n|upkeep\n|j| L9BGNXTY\n|\n|t:|1661600402\n|switch|p2a: Dragapult|Dragapult, M|100\/100\n|turn|4\n|\n|t:|1661600408\n|switch|p1a: Toxapex|Toxapex, M|100\/100\n|move|p2a: Dragapult|Will-O-Wisp|p1a: Toxapex\n|-status|p1a: Toxapex|brn\n|\n|-weather|Sandstorm|[upkeep]\n|-damage|p2a: Dragapult|94\/100|[from] Sandstorm\n|-damage|p1a: Toxapex|94\/100 brn|[from] Sandstorm\n|-heal|p1a: Toxapex|100\/100 brn|[from] item: Black Sludge\n|-damage|p1a: Toxapex|94\/100 brn|[from] brn\n|upkeep\n|turn|5\n|\n|t:|1661600416\n|switch|p2a: Hippowdon|Hippowdon, F|100\/100\n|move|p1a: Toxapex|Knock Off|p2a: Hippowdon\n|-damage|p2a: Hippowdon|95\/100\n|-enditem|p2a: Hippowdon|Smooth Rock|[from] move: Knock Off|[of] p1a: Toxapex\n|\n|-weather|Sandstorm|[upkeep]\n|-damage|p1a: Toxapex|88\/100 brn|[from] Sandstorm\n|-heal|p1a: Toxapex|94\/100 brn|[from] item: Black Sludge\n|-damage|p1a: Toxapex|88\/100 brn|[from] brn\n|upkeep\n|turn|6\n|\n|t:|1661600419\n|switch|p1a: Garchomp|Garchomp, F|100\/100\n|move|p2a: Hippowdon|Stealth Rock|p1a: Garchomp\n|-sidestart|p1: return nirvana|move: Stealth Rock\n|\n|-weather|Sandstorm|[upkeep]\n|upkeep\n|turn|7\n|j|+starmaster\n|\n|t:|1661600423\n|switch|p2a: Skarmory|Skarmory, M|100\/100\n|move|p1a: Garchomp|Stealth Rock|p2a: Skarmory\n|-sidestart|p2: LT94JE TELE|move: Stealth Rock\n|\n|-weather|Sandstorm|[upkeep]\n|upkeep\n|turn|8\n|j| nittestja naqa\n|\n|t:|1661600430\n|switch|p1a: Tornadus|Tornadus-Therian, M|100\/100\n|move|p2a: Skarmory|Spikes|p1a: Tornadus\n|-sidestart|p1: return nirvana|Spikes\n|\n|-weather|none\n|upkeep\n|turn|9\n|\n|t:|1661600435\n|switch|p2a: Toxapex|Toxapex, M|73\/100\n|-damage|p2a: Toxapex|61\/100|[from] Stealth Rock\n|move|p1a: Tornadus|U-turn|p2a: Toxapex\n|-resisted|p2a: Toxapex\n|-damage|p2a: Toxapex|56\/100\n|j| LT94JE Jack G\n|\n|t:|1661600442\n|switch|p1a: Toxapex|Toxapex, M|100\/100 brn|[from]move: U-turn\n|-damage|p1a: Toxapex|88\/100 brn|[from] Stealth Rock\n|-damage|p1a: Toxapex|75\/100 brn|[from] Spikes\n|\n|-heal|p1a: Toxapex|82\/100 brn|[from] item: Black Sludge\n|-damage|p1a: Toxapex|75\/100 brn|[from] brn\n|upkeep\n|turn|10\n|\n|t:|1661600446\n|switch|p2a: Hippowdon|Hippowdon, F|95\/100\n|-damage|p2a: Hippowdon|89\/100|[from] Stealth Rock\n|-weather|Sandstorm|[from] ability: Sand Stream|[of] p2a: Hippowdon\n|move|p1a: Toxapex|Scald|p2a: Hippowdon\n|-supereffective|p2a: Hippowdon\n|-damage|p2a: Hippowdon|69\/100\n|\n|-weather|Sandstorm|[upkeep]\n|-damage|p1a: Toxapex|69\/100 brn|[from] Sandstorm\n|-heal|p1a: Toxapex|75\/100 brn|[from] item: Black Sludge\n|-damage|p1a: Toxapex|69\/100 brn|[from] brn\n|upkeep\n|turn|11\n|j| Xydz\n|\n|t:|1661600449\n|switch|p2a: Excadrill|Excadrill, F|100\/100\n|-damage|p2a: Excadrill|97\/100|[from] Stealth Rock\n|move|p1a: Toxapex|Scald|p2a: Excadrill\n|-supereffective|p2a: Excadrill\n|-damage|p2a: Excadrill|54\/100\n|\n|-weather|Sandstorm|[upkeep]\n|-damage|p1a: Toxapex|63\/100 brn|[from] Sandstorm\n|-heal|p1a: Toxapex|69\/100 brn|[from] item: Black Sludge\n|-damage|p1a: Toxapex|63\/100 brn|[from] brn\n|upkeep\n|turn|12\n|\n|t:|1661600454\n|switch|p1a: Tornadus|Tornadus-Therian, M|100\/100\n|move|p2a: Excadrill|Earthquake|p1a: Tornadus\n|-immune|p1a: Tornadus\n|\n|-weather|Sandstorm|[upkeep]\n|-damage|p1a: Tornadus|94\/100|[from] Sandstorm\n|upkeep\n|turn|13\n|\n|t:|1661600457\n|move|p2a: Excadrill|Rock Slide|p1a: Tornadus\n|-supereffective|p1a: Tornadus\n|-damage|p1a: Tornadus|14\/100\n|-damage|p2a: Excadrill|44\/100|[from] item: Life Orb\n|cant|p1a: Tornadus|flinch\n|\n|-weather|Sandstorm|[upkeep]\n|-damage|p1a: Tornadus|8\/100|[from] Sandstorm\n|upkeep\n|turn|14\n|\n|t:|1661600462\n|switch|p1a: Garchomp|Garchomp, F|100\/100\n|-damage|p1a: Garchomp|94\/100|[from] Stealth Rock\n|-damage|p1a: Garchomp|82\/100|[from] Spikes\n|move|p2a: Excadrill|Rock Slide|p1a: Garchomp\n|-resisted|p1a: Garchomp\n|-damage|p1a: Garchomp|66\/100\n|-damage|p2a: Excadrill|34\/100|[from] item: Life Orb\n|\n|-weather|none\n|-heal|p1a: Garchomp|73\/100|[from] item: Leftovers\n|upkeep\n|turn|15\n|c|\u2606return nirvana|oh i thought i u-turn'd there\n|j| PLACE NINE\n|\n|t:|1661600479\n|switch|p2a: Dragapult|Dragapult, M|94\/100\n|move|p1a: Garchomp|Earthquake|p2a: Dragapult\n|-damage|p2a: Dragapult|47\/100\n|\n|-heal|p1a: Garchomp|79\/100|[from] item: Leftovers\n|upkeep\n|turn|16\n|j| Z6MC\n|\n|t:|1661600483\n|move|p1a: Garchomp|Protect|p1a: Garchomp\n|-singleturn|p1a: Garchomp|Protect\n|move|p2a: Dragapult|Will-O-Wisp|p1a: Garchomp\n|-activate|p1a: Garchomp|move: Protect\n|\n|-heal|p1a: Garchomp|85\/100|[from] item: Leftovers\n|upkeep\n|turn|17\n|\n|t:|1661600488\n|move|p2a: Dragapult|Will-O-Wisp|p1a: Garchomp\n|-status|p1a: Garchomp|brn\n|move|p1a: Garchomp|Toxic|p2a: Dragapult\n|-status|p2a: Dragapult|tox\n|\n|-heal|p1a: Garchomp|91\/100 brn|[from] item: Leftovers\n|-damage|p2a: Dragapult|41\/100 tox|[from] psn\n|-damage|p1a: Garchomp|85\/100 brn|[from] brn\n|upkeep\n|turn|18\n|\n|t:|1661600494\n|switch|p2a: Toxapex|Toxapex, M|89\/100\n|-damage|p2a: Toxapex|77\/100|[from] Stealth Rock\n|move|p1a: Garchomp|Protect||[still]\n|-fail|p1a: Garchomp\n|\n|-heal|p1a: Garchomp|91\/100 brn|[from] item: Leftovers\n|-damage|p1a: Garchomp|85\/100 brn|[from] brn\n|upkeep\n|turn|19\n|\n|t:|1661600496\n|switch|p1a: Toxapex|Toxapex, M|96\/100 brn\n|-damage|p1a: Toxapex|84\/100 brn|[from] Stealth Rock\n|-damage|p1a: Toxapex|71\/100 brn|[from] Spikes\n|move|p2a: Toxapex|Scald|p1a: Toxapex\n|-resisted|p1a: Toxapex\n|-damage|p1a: Toxapex|64\/100 brn\n|\n|-heal|p1a: Toxapex|71\/100 brn|[from] item: Black Sludge\n|-damage|p1a: Toxapex|64\/100 brn|[from] brn\n|upkeep\n|turn|20\n|j| Oh So Cynical\n|\n|t:|1661600501\n|switch|p2a: Hippowdon|Hippowdon, F|69\/100\n|-damage|p2a: Hippowdon|63\/100|[from] Stealth Rock\n|-weather|Sandstorm|[from] ability: Sand Stream|[of] p2a: Hippowdon\n|move|p1a: Toxapex|Scald|p2a: Hippowdon\n|-supereffective|p2a: Hippowdon\n|-damage|p2a: Hippowdon|42\/100\n|\n|-weather|Sandstorm|[upkeep]\n|-damage|p1a: Toxapex|58\/100 brn|[from] Sandstorm\n|-heal|p1a: Toxapex|64\/100 brn|[from] item: Black Sludge\n|-damage|p1a: Toxapex|58\/100 brn|[from] brn\n|upkeep\n|turn|21\n|l| Xydz\n|\n|t:|1661600505\n|switch|p1a: Tornadus|Tornadus-Therian, M|41\/100\n|move|p2a: Hippowdon|Body Slam|p1a: Tornadus\n|-damage|p1a: Tornadus|20\/100\n|\n|-weather|Sandstorm|[upkeep]\n|-damage|p1a: Tornadus|14\/100|[from] Sandstorm\n|upkeep\n|turn|22\n|\n|t:|1661600511\n|move|p1a: Tornadus|Taunt|p2a: Hippowdon\n|-start|p2a: Hippowdon|move: Taunt\n|cant|p2a: Hippowdon|move: Taunt|Slack Off\n|\n|-weather|Sandstorm|[upkeep]\n|-damage|p1a: Tornadus|7\/100|[from] Sandstorm\n|upkeep\n|turn|23\n|j| LT94JE Starmind\n|\n|t:|1661600519\n|switch|p2a: Dragapult|Dragapult, M|41\/100 tox\n|move|p1a: Tornadus|U-turn|p2a: Dragapult\n|-resisted|p2a: Dragapult\n|-damage|p2a: Dragapult|33\/100 tox\n|\n|t:|1661600522\n|switch|p1a: Weavile|Weavile, M|100\/100|[from]move: U-turn\n|-ability|p1a: Weavile|Pressure\n|\n|-weather|Sandstorm|[upkeep]\n|-damage|p2a: Dragapult|27\/100 tox|[from] Sandstorm\n|-damage|p1a: Weavile|94\/100|[from] Sandstorm\n|-damage|p2a: Dragapult|21\/100 tox|[from] psn\n|upkeep\n|turn|24\n|c|\u2606LT94JE TELE|i thought u didnt cteamed me but guess t\n|j| cypherstest\n|c|\u2606LT94JE TELE|what\n|c|\u2606LT94JE TELE|u did\n|c|\u2606LT94JE TELE|XD\n|\n|t:|1661600542\n|switch|p2a: Toxapex|Toxapex, M|100\/100\n|-damage|p2a: Toxapex|88\/100|[from] Stealth Rock\n|move|p1a: Weavile|Ice Shard|p2a: Toxapex\n|-resisted|p2a: Toxapex\n|-damage|p2a: Toxapex|80\/100\n|\n|-weather|none\n|upkeep\n|turn|25\n|c|\u2606return nirvana|huh\n|c|\u2606return nirvana|i have all standard sets\n|\n|t:|1661600554\n|switch|p1a: Toxapex|Toxapex, M|91\/100 brn\n|-damage|p1a: Toxapex|79\/100 brn|[from] Stealth Rock\n|-damage|p1a: Toxapex|66\/100 brn|[from] Spikes\n|move|p2a: Toxapex|Scald|p1a: Toxapex\n|-resisted|p1a: Toxapex\n|-crit|p1a: Toxapex\n|-damage|p1a: Toxapex|56\/100 brn\n|\n|-heal|p1a: Toxapex|63\/100 brn|[from] item: Black Sludge\n|-damage|p1a: Toxapex|56\/100 brn|[from] brn\n|upkeep\n|turn|26\n|c|\u2606LT94JE TELE|kart zone + chomp + weav\n|j| seven starsss\n|c|\u2606LT94JE TELE|surely u didnt cteamed me\n|-message|LT94JE TELE forfeited.\n|\n|win|return nirvana\n|raw|return nirvana's rating: 1953 &rarr; <strong>1969<\/strong><br \/>(+16 for winning)\n|raw|LT94JE TELE's rating: 1886 &rarr; <strong>1870<\/strong><br \/>(-16 for losing)\n|c|\u2606return nirvana|i've used a different team every game bro\n|l| seven starsss\n|l|\u2606LT94JE TELE\n|c| waste yrself|4 common mons that pair together well\n|l| cypherstest\n|c|\u2606return nirvana|ye\n|c|\u2606return nirvana|he's delusional\n|c| waste yrself|crazy\n|l| 10 Misery nights\n","uploadtime":1661600602,"views":89,"p1id":"returnnirvana","p2id":"lt94jetele","formatid":"gen8ou","rating":1870,"private":0,"password":null}