{"id":"gen8ou-1697484359","p1":"quixana","p2":"Mangostein","format":"gen8ou","log":"|j|\u2606quixana\n|j|\u2606Mangostein\n|t:|1666999058\n|gametype|singles\n|player|p1|quixana|ethan-pokeathlon|1654\n|player|p2|Mangostein|flannery|1808\n|teamsize|p1|6\n|teamsize|p2|6\n|gen|8\n|tier|[Gen 8] OU\n|rated|\n|rule|Sleep Clause Mod: Limit one foe put to sleep\n|rule|Species Clause: Limit one of each Pok\u00e9mon\n|rule|OHKO Clause: OHKO moves are banned\n|rule|Evasion Items Clause: Evasion items are banned\n|rule|Evasion Moves Clause: Evasion moves are banned\n|rule|Endless Battle Clause: Forcing endless battles is banned\n|rule|HP Percentage Mod: HP is shown in percentages\n|rule|Dynamax Clause: You cannot dynamax\n|clearpoke\n|poke|p1|Dragapult, M|\n|poke|p1|Rotom-Wash|\n|poke|p1|Landorus-Therian, M|\n|poke|p1|Melmetal|\n|poke|p1|Weavile, M|\n|poke|p1|Kartana|\n|poke|p2|Dusknoir, F|\n|poke|p2|Haxorus, M|\n|poke|p2|Corviknight, F|\n|poke|p2|Nihilego|\n|poke|p2|Gastrodon, M|\n|poke|p2|Heatran, M|\n|teampreview\n|j| BabyPigsAreLaughin\n|\n|t:|1666999126\n|start\n|switch|p1a: Bandit|Weavile, M, shiny|100\/100\n|switch|p2a: Dusknoir|Dusknoir, F|100\/100\n|-ability|p1a: Bandit|Pressure\n|-item|p1a: Bandit|Choice Band|[from] ability: Frisk|[of] p2a: Dusknoir|[identify]\n|turn|1\n|\n|t:|1666999133\n|switch|p2a: Heatran|Heatran, M|100\/100\n|move|p1a: Bandit|Beat Up|p2a: Heatran\n|-damage|p2a: Heatran|92\/100\n|-damage|p2a: Heatran|87\/100\n|-damage|p2a: Heatran|78\/100\n|-damage|p2a: Heatran|69\/100\n|-damage|p2a: Heatran|62\/100\n|-damage|p2a: Heatran|51\/100\n|-hitcount|p2a: Heatran|6\n|\n|-heal|p2a: Heatran|57\/100|[from] item: Leftovers\n|upkeep\n|turn|2\n|\n|t:|1666999163\n|switch|p1a: Phantom|Rotom-Wash, shiny|100\/100\n|move|p2a: Heatran|Lava Plume|p1a: Phantom\n|-resisted|p1a: Phantom\n|-damage|p1a: Phantom|76\/100\n|\n|-heal|p1a: Phantom|82\/100|[from] item: Leftovers\n|-heal|p2a: Heatran|64\/100|[from] item: Leftovers\n|upkeep\n|turn|3\n|\n|t:|1666999170\n|switch|p1a: Deathstroke|Kartana, shiny|100\/100\n|switch|p2a: Gastrodon|Gastrodon, M|100\/100\n|\n|upkeep\n|turn|4\n|\n|t:|1666999176\n|switch|p2a: Corviknight|Corviknight, F|100\/100\n|-ability|p2a: Corviknight|Pressure\n|move|p1a: Deathstroke|Knock Off|p2a: Corviknight\n|-damage|p2a: Corviknight|74\/100\n|-enditem|p2a: Corviknight|Leftovers|[from] move: Knock Off|[of] p1a: Deathstroke\n|\n|upkeep\n|turn|5\n|\n|t:|1666999218\n|switch|p1a: Phantom|Rotom-Wash, shiny|82\/100\n|move|p2a: Corviknight|U-turn|p1a: Phantom\n|-damage|p1a: Phantom|64\/100\n|\n|t:|1666999226\n|switch|p2a: Haxorus|Haxorus, M|100\/100|[from]move: U-turn\n|-ability|p2a: Haxorus|Mold Breaker\n|\n|-heal|p1a: Phantom|70\/100|[from] item: Leftovers\n|upkeep\n|turn|6\n|\n|t:|1666999277\n|move|p1a: Phantom|Volt Switch|p2a: Haxorus\n|-resisted|p2a: Haxorus\n|-damage|p2a: Haxorus|77\/100\n|\n|t:|1666999313\n|switch|p1a: Enten|Landorus-Therian, M, shiny|100\/100|[from]move: Volt Switch\n|-ability|p1a: Enten|Intimidate|boost\n|-unboost|p2a: Haxorus|atk|1\n|move|p2a: Haxorus|Swords Dance|p2a: Haxorus\n|-boost|p2a: Haxorus|atk|2\n|\n|upkeep\n|turn|7\n|\n|t:|1666999319\n|move|p2a: Haxorus|Scale Shot|p1a: Enten\n|-damage|p1a: Enten|77\/100\n|-damage|p1a: Enten|56\/100\n|-damage|p1a: Enten|33\/100\n|-hitcount|p1a: Enten|3\n|-unboost|p2a: Haxorus|def|1\n|-boost|p2a: Haxorus|spe|1\n|move|p1a: Enten|Earthquake|p2a: Haxorus\n|-damage|p2a: Haxorus|0 fnt\n|faint|p2a: Haxorus\n|\n|-heal|p1a: Enten|39\/100|[from] item: Leftovers\n|upkeep\n|\n|t:|1666999340\n|switch|p2a: Dusknoir|Dusknoir, F|100\/100\n|-item|p1a: Enten|Leftovers|[from] ability: Frisk|[of] p2a: Dusknoir|[identify]\n|turn|8\n|\n|t:|1666999348\n|move|p2a: Dusknoir|Poltergeist|p1a: Enten\n|-activate|p1a: Enten|move: Poltergeist|Leftovers\n|-damage|p1a: Enten|0 fnt\n|faint|p1a: Enten\n|\n|upkeep\n|\n|t:|1666999351\n|switch|p1a: Bandit|Weavile, M, shiny|100\/100\n|-ability|p1a: Bandit|Pressure\n|turn|9\n|\n|t:|1666999356\n|switch|p2a: Heatran|Heatran, M|64\/100\n|move|p1a: Bandit|Beat Up|p2a: Heatran\n|-damage|p2a: Heatran|56\/100\n|-damage|p2a: Heatran|50\/100\n|-damage|p2a: Heatran|42\/100\n|-damage|p2a: Heatran|33\/100\n|-damage|p2a: Heatran|24\/100\n|-hitcount|p2a: Heatran|5\n|\n|-heal|p2a: Heatran|30\/100|[from] item: Leftovers\n|upkeep\n|turn|10\n|\n|t:|1666999361\n|move|p1a: Bandit|Beat Up|p2a: Heatran\n|-damage|p2a: Heatran|22\/100\n|-damage|p2a: Heatran|18\/100\n|-damage|p2a: Heatran|9\/100\n|-damage|p2a: Heatran|0 fnt\n|faint|p2a: Heatran\n|-hitcount|p2: Heatran|4\n|\n|upkeep\n|\n|t:|1666999366\n|switch|p2a: Corviknight|Corviknight, F|74\/100\n|-ability|p2a: Corviknight|Pressure\n|turn|11\n|\n|t:|1666999402\n|switch|p1a: Leviathan|Dragapult, M, shiny|100\/100\n|move|p2a: Corviknight|U-turn|p1a: Leviathan\n|-resisted|p1a: Leviathan\n|-damage|p1a: Leviathan|91\/100\n|\n|t:|1666999417\n|switch|p2a: Gastrodon|Gastrodon, M|100\/100|[from]move: U-turn\n|\n|upkeep\n|turn|12\n|\n|t:|1666999441\n|move|p1a: Leviathan|U-turn|p2a: Gastrodon\n|-damage|p2a: Gastrodon|81\/100\n|\n|t:|1666999444\n|switch|p1a: Fate|Melmetal, shiny|100\/100|[from]move: U-turn\n|move|p2a: Gastrodon|Scald|p1a: Fate\n|-damage|p1a: Fate|73\/100\n|\n|upkeep\n|turn|13\n|\n|t:|1666999465\n|move|p1a: Fate|Superpower|p2a: Gastrodon\n|-damage|p2a: Gastrodon|1\/100\n|-unboost|p1a: Fate|atk|1\n|-unboost|p1a: Fate|def|1\n|move|p2a: Gastrodon|Scald|p1a: Fate\n|-damage|p1a: Fate|48\/100\n|\n|upkeep\n|turn|14\n|\n|t:|1666999472\n|switch|p1a: Bandit|Weavile, M, shiny|100\/100\n|-ability|p1a: Bandit|Pressure\n|move|p2a: Gastrodon|Recover|p2a: Gastrodon\n|-heal|p2a: Gastrodon|51\/100\n|\n|upkeep\n|turn|15\n|\n|t:|1666999479\n|move|p1a: Bandit|Triple Axel|p2a: Gastrodon\n|-damage|p2a: Gastrodon|33\/100\n|-damage|p2a: Gastrodon|3\/100\n|-damage|p2a: Gastrodon|0 fnt\n|faint|p2a: Gastrodon\n|-hitcount|p2: Gastrodon|3\n|\n|upkeep\n|\n|t:|1666999481\n|switch|p2a: Nihilego|Nihilego|100\/100\n|turn|16\n|\n|t:|1666999499\n|move|p2a: Nihilego|Power Gem|p1a: Bandit\n|-supereffective|p1a: Bandit\n|-damage|p1a: Bandit|0 fnt\n|faint|p1a: Bandit\n|-ability|p2a: Nihilego|Beast Boost|boost\n|-boost|p2a: Nihilego|spa|1\n|\n|upkeep\n|\n|t:|1666999507\n|switch|p1a: Fate|Melmetal, shiny|48\/100\n|turn|17\n|c|\u2606quixana|thats\n|c|\u2606quixana|not a set\n|c|\u2606Mangostein|ah, but i assume dusknoir is\n|j| apersonoobn\n|\n|t:|1666999553\n|switch|p2a: Corviknight|Corviknight, F|74\/100\n|-ability|p2a: Corviknight|Pressure\n|move|p1a: Fate|Double Iron Bash|p2a: Corviknight\n|-resisted|p2a: Corviknight\n|-crit|p2a: Corviknight\n|-damage|p2a: Corviknight|42\/100\n|-resisted|p2a: Corviknight\n|-damage|p2a: Corviknight|20\/100\n|-hitcount|p2a: Corviknight|2\n|\n|upkeep\n|turn|18\n|\n|t:|1666999558\n|switch|p1a: Phantom|Rotom-Wash, shiny|70\/100\n|move|p2a: Corviknight|Roost|p2a: Corviknight\n|-heal|p2a: Corviknight|70\/100\n|-singleturn|p2a: Corviknight|move: Roost\n|\n|-heal|p1a: Phantom|76\/100|[from] item: Leftovers\n|upkeep\n|turn|19\n|\n|t:|1666999573\n|switch|p2a: Dusknoir|Dusknoir, F|100\/100\n|-item|p1a: Phantom|Leftovers|[from] ability: Frisk|[of] p2a: Dusknoir|[identify]\n|move|p1a: Phantom|Volt Switch|p2a: Dusknoir\n|-damage|p2a: Dusknoir|70\/100\n|\n|t:|1666999581\n|switch|p1a: Leviathan|Dragapult, M, shiny|91\/100|[from]move: Volt Switch\n|\n|upkeep\n|turn|20\n|\n|t:|1666999585\n|switch|p1a: Deathstroke|Kartana, shiny|100\/100\n|switch|p2a: Nihilego|Nihilego|100\/100\n|\n|upkeep\n|turn|21\n|\n|t:|1666999627\n|move|p1a: Deathstroke|Smart Strike|p2a: Nihilego\n|-supereffective|p2a: Nihilego\n|-damage|p2a: Nihilego|0 fnt\n|faint|p2a: Nihilego\n|-ability|p1a: Deathstroke|Beast Boost|boost\n|-boost|p1a: Deathstroke|atk|1\n|\n|upkeep\n|-message|Mangostein forfeited.\n|\n|win|quixana\n|raw|quixana's rating: 1631 &rarr; <strong>1660<\/strong><br \/>(+29 for winning)\n|raw|Mangostein's rating: 1808 &rarr; <strong>1779<\/strong><br \/>(-29 for losing)\n|l|\u2606Mangostein\n|l| BabyPigsAreLaughin\n||Ladder isn't responding, score probably updated but might not have (Request timeout).\n","uploadtime":1666999714,"views":11,"p1id":"quixana","p2id":"mangostein","formatid":"gen8ou","rating":1660,"private":0,"password":null}