{"id":"gen8ou-1689252067","p1":"Celistesting","p2":"Huskothy","format":"gen8ou","log":"|html|<div class=\"broadcast-blue\"><strong>[Gen 8] OU is currently suspecting Melmetal! For information on how to participate check out the <a href=\"https:\/\/www.smogon.com\/forums\/threads\/np-ss-ou-suspect-process-round-12-monster-mash.3709234\/\">suspect thread<\/a>.<\/strong><\/div>\n|j|\u2606Celistesting\n|j|\u2606Huskothy\n|t:|1666147480\n|gametype|singles\n|player|p1|Celistesting|nate|1715\n|player|p2|Huskothy|lucas|1760\n|teamsize|p1|6\n|teamsize|p2|6\n|gen|8\n|tier|[Gen 8] OU\n|rated|\n|rule|Sleep Clause Mod: Limit one foe put to sleep\n|rule|Species Clause: Limit one of each Pok\u00e9mon\n|rule|OHKO Clause: OHKO moves are banned\n|rule|Evasion Items Clause: Evasion items are banned\n|rule|Evasion Moves Clause: Evasion moves are banned\n|rule|Endless Battle Clause: Forcing endless battles is banned\n|rule|HP Percentage Mod: HP is shown in percentages\n|rule|Dynamax Clause: You cannot dynamax\n|clearpoke\n|poke|p1|Mew|\n|poke|p1|Zeraora|\n|poke|p1|Zapdos-Galar|\n|poke|p1|Dragapult, M|\n|poke|p1|Tapu Lele|\n|poke|p1|Kartana|\n|poke|p2|Regieleki|\n|poke|p2|Ferrothorn, F|\n|poke|p2|Garchomp, F|\n|poke|p2|Tyranitar, F|\n|poke|p2|Tornadus-Therian, M|\n|poke|p2|Dragapult, M|\n|teampreview\n|j| outd yiyue\n|\n|t:|1666147537\n|start\n|switch|p1a: Mew|Mew|100\/100\n|switch|p2a: Tyranitar|Tyranitar, F|100\/100\n|-weather|Sandstorm|[from] ability: Sand Stream|[of] p2a: Tyranitar\n|turn|1\n|\n|t:|1666147542\n|switch|p1a: Zapdos|Zapdos-Galar|100\/100\n|move|p2a: Tyranitar|Crunch|p1a: Zapdos\n|-resisted|p1a: Zapdos\n|-damage|p1a: Zapdos|65\/100\n|\n|-weather|Sandstorm|[upkeep]\n|-damage|p1a: Zapdos|59\/100|[from] Sandstorm\n|upkeep\n|turn|2\n|\n|t:|1666147550\n|switch|p2a: Tornadus|Tornadus-Therian, M|100\/100\n|move|p1a: Zapdos|U-turn|p2a: Tornadus\n|-resisted|p2a: Tornadus\n|-damage|p2a: Tornadus|88\/100\n|\n|t:|1666147558\n|switch|p1a: Zeraora|Zeraora|100\/100|[from]move: U-turn\n|\n|-weather|Sandstorm|[upkeep]\n|-damage|p1a: Zeraora|95\/100|[from] Sandstorm\n|-damage|p2a: Tornadus|82\/100|[from] Sandstorm\n|-heal|p1a: Zeraora|100\/100|[from] item: Leftovers\n|upkeep\n|turn|3\n|\n|t:|1666147567\n|switch|p2a: Garchomp|Garchomp, F|100\/100\n|move|p1a: Zeraora|Bulk Up|p1a: Zeraora\n|-boost|p1a: Zeraora|atk|1\n|-boost|p1a: Zeraora|def|1\n|\n|-weather|Sandstorm|[upkeep]\n|-damage|p1a: Zeraora|95\/100|[from] Sandstorm\n|-heal|p1a: Zeraora|100\/100|[from] item: Leftovers\n|upkeep\n|turn|4\n|\n|t:|1666147570\n|move|p1a: Zeraora|Play Rough|p2a: Garchomp\n|-supereffective|p2a: Garchomp\n|-damage|p2a: Garchomp|4\/100\n|-unboost|p2a: Garchomp|atk|1\n|-damage|p1a: Zeraora|88\/100|[from] ability: Rough Skin|[of] p2a: Garchomp\n|move|p2a: Garchomp|Earthquake|p1a: Zeraora\n|-supereffective|p1a: Zeraora\n|-damage|p1a: Zeraora|13\/100\n|-damage|p2a: Garchomp|0 fnt|[from] item: Life Orb\n|faint|p2a: Garchomp\n|\n|-weather|Sandstorm|[upkeep]\n|-damage|p1a: Zeraora|7\/100|[from] Sandstorm\n|-heal|p1a: Zeraora|13\/100|[from] item: Leftovers\n|upkeep\n|\n|t:|1666147576\n|switch|p2a: Regieleki|Regieleki|100\/100\n|turn|5\n|\n|t:|1666147582\n|switch|p1a: Mew|Mew|100\/100\n|move|p2a: Regieleki|Assurance|p1a: Mew\n|-supereffective|p1a: Mew\n|-damage|p1a: Mew|59\/100\n|\n|-weather|none\n|-heal|p1a: Mew|65\/100|[from] item: Leftovers\n|upkeep\n|turn|6\n|\n|t:|1666147590\n|switch|p2a: Tyranitar|Tyranitar, F|100\/100\n|-weather|Sandstorm|[from] ability: Sand Stream|[of] p2a: Tyranitar\n|move|p1a: Mew|Ice Beam|p2a: Tyranitar\n|-damage|p2a: Tyranitar|86\/100\n|\n|-weather|Sandstorm|[upkeep]\n|-damage|p1a: Mew|59\/100|[from] Sandstorm\n|-heal|p1a: Mew|65\/100|[from] item: Leftovers\n|upkeep\n|turn|7\n|\n|t:|1666147594\n|switch|p1a: Zapdos|Zapdos-Galar|59\/100\n|move|p2a: Tyranitar|Crunch|p1a: Zapdos\n|-resisted|p1a: Zapdos\n|-damage|p1a: Zapdos|21\/100\n|\n|-weather|Sandstorm|[upkeep]\n|-damage|p1a: Zapdos|15\/100|[from] Sandstorm\n|upkeep\n|turn|8\n|\n|t:|1666147600\n|switch|p2a: Tornadus|Tornadus-Therian, M|100\/100\n|move|p1a: Zapdos|Thunderous Kick|p2a: Tornadus\n|-resisted|p2a: Tornadus\n|-damage|p2a: Tornadus|79\/100\n|-unboost|p2a: Tornadus|def|1\n|\n|-weather|Sandstorm|[upkeep]\n|-damage|p1a: Zapdos|9\/100|[from] Sandstorm\n|-damage|p2a: Tornadus|73\/100|[from] Sandstorm\n|upkeep\n|turn|9\n|\n|t:|1666147603\n|move|p1a: Zapdos|Thunderous Kick|p2a: Tornadus\n|-resisted|p2a: Tornadus\n|-damage|p2a: Tornadus|38\/100\n|-unboost|p2a: Tornadus|def|1\n|move|p2a: Tornadus|Knock Off|p1a: Zapdos\n|-resisted|p1a: Zapdos\n|-damage|p1a: Zapdos|0 fnt\n|-enditem|p1a: Zapdos|Choice Scarf|[from] move: Knock Off|[of] p2a: Tornadus\n|faint|p1a: Zapdos\n|\n|-weather|Sandstorm|[upkeep]\n|-damage|p2a: Tornadus|32\/100|[from] Sandstorm\n|upkeep\n|\n|t:|1666147610\n|switch|p1a: Zeraora|Zeraora|13\/100\n|turn|10\n|\n|t:|1666147615\n|switch|p2a: Ferrothorn|Ferrothorn, F|100\/100\n|move|p1a: Zeraora|Close Combat|p2a: Ferrothorn\n|-supereffective|p2a: Ferrothorn\n|-damage|p2a: Ferrothorn|57\/100\n|-unboost|p1a: Zeraora|def|1\n|-unboost|p1a: Zeraora|spd|1\n|-damage|p1a: Zeraora|1\/100|[from] ability: Iron Barbs|[of] p2a: Ferrothorn\n|\n|-weather|none\n|-heal|p1a: Zeraora|7\/100|[from] item: Leftovers\n|-heal|p2a: Ferrothorn|64\/100|[from] item: Leftovers\n|upkeep\n|turn|11\n|\n|t:|1666147621\n|move|p1a: Zeraora|Close Combat|p2a: Ferrothorn\n|-supereffective|p2a: Ferrothorn\n|-damage|p2a: Ferrothorn|23\/100\n|-unboost|p1a: Zeraora|def|1\n|-unboost|p1a: Zeraora|spd|1\n|-damage|p1a: Zeraora|0 fnt|[from] ability: Iron Barbs|[of] p2a: Ferrothorn\n|faint|p1a: Zeraora\n|move|p2a: Ferrothorn|Spikes|p1: Zeraora\n|-sidestart|p1: Celistesting|Spikes\n|\n|-heal|p2a: Ferrothorn|29\/100|[from] item: Leftovers\n|upkeep\n|\n|t:|1666147623\n|switch|p1a: Mew|Mew|65\/100\n|-damage|p1a: Mew|53\/100|[from] Spikes\n|turn|12\n|\n|t:|1666147627\n|move|p1a: Mew|Stealth Rock|p2a: Ferrothorn\n|-sidestart|p2: Huskothy|move: Stealth Rock\n|move|p2a: Ferrothorn|Leech Seed|p1a: Mew\n|-start|p1a: Mew|move: Leech Seed\n|\n|-heal|p1a: Mew|59\/100|[from] item: Leftovers\n|-heal|p2a: Ferrothorn|35\/100|[from] item: Leftovers\n|-damage|p1a: Mew|46\/100|[from] Leech Seed|[of] p2a: Ferrothorn\n|-heal|p2a: Ferrothorn|49\/100|[silent]\n|upkeep\n|turn|13\n|\n|t:|1666147630\n|switch|p2a: Regieleki|Regieleki|100\/100\n|-damage|p2a: Regieleki|88\/100|[from] Stealth Rock\n|move|p1a: Mew|Spikes|p2a: Regieleki\n|-sidestart|p2: Huskothy|Spikes\n|\n|-heal|p1a: Mew|53\/100|[from] item: Leftovers\n|-damage|p1a: Mew|40\/100|[from] Leech Seed|[of] p2a: Regieleki\n|-heal|p2a: Regieleki|100\/100|[silent]\n|upkeep\n|turn|14\n|j| Ctannn\n|\n|t:|1666147636\n|switch|p1a: Dragapult|Dragapult, M|100\/100\n|-damage|p1a: Dragapult|88\/100|[from] Spikes\n|move|p2a: Regieleki|Wild Charge|p1a: Dragapult\n|-resisted|p1a: Dragapult\n|-damage|p1a: Dragapult|21\/100\n|-damage|p2a: Regieleki|83\/100|[from] Recoil\n|\n|upkeep\n|turn|15\n|\n|t:|1666147642\n|move|p2a: Regieleki|Wild Charge|p1a: Dragapult\n|-resisted|p1a: Dragapult\n|-damage|p1a: Dragapult|0 fnt\n|faint|p1a: Dragapult\n|-damage|p2a: Regieleki|78\/100|[from] Recoil\n|\n|upkeep\n|\n|t:|1666147647\n|switch|p1a: Kartana|Kartana|100\/100\n|-damage|p1a: Kartana|88\/100|[from] Spikes\n|turn|16\n|\n|t:|1666147652\n|switch|p2a: Ferrothorn|Ferrothorn, F|49\/100\n|-damage|p2a: Ferrothorn|43\/100|[from] Stealth Rock\n|-damage|p2a: Ferrothorn|31\/100|[from] Spikes\n|move|p1a: Kartana|Knock Off|p2a: Ferrothorn\n|-damage|p2a: Ferrothorn|10\/100\n|-damage|p1a: Kartana|76\/100|[from] ability: Iron Barbs|[of] p2a: Ferrothorn\n|-enditem|p2a: Ferrothorn|Leftovers|[from] move: Knock Off|[of] p1a: Kartana\n|\n|upkeep\n|turn|17\n|\n|t:|1666147658\n|move|p1a: Kartana|Swords Dance|p1a: Kartana\n|-boost|p1a: Kartana|atk|2\n|move|p2a: Ferrothorn|Spikes|p1a: Kartana\n|-sidestart|p1: Celistesting|Spikes\n|\n|upkeep\n|turn|18\n|\n|t:|1666147665\n|move|p1a: Kartana|Leaf Blade|p2a: Ferrothorn\n|-resisted|p2a: Ferrothorn\n|-damage|p2a: Ferrothorn|0 fnt\n|-damage|p1a: Kartana|63\/100|[from] ability: Iron Barbs|[of] p2a: Ferrothorn\n|faint|p2a: Ferrothorn\n|-ability|p1a: Kartana|Beast Boost|boost\n|-boost|p1a: Kartana|spe|1\n|\n|upkeep\n|\n|t:|1666147671\n|switch|p2a: Regieleki|Regieleki|78\/100\n|-damage|p2a: Regieleki|65\/100|[from] Stealth Rock\n|-damage|p2a: Regieleki|53\/100|[from] Spikes\n|turn|19\n|\n|t:|1666147674\n|move|p2a: Regieleki|Volt Switch|p1a: Kartana\n|-resisted|p1a: Kartana\n|-damage|p1a: Kartana|16\/100\n|\n|t:|1666147687\n|switch|p2a: Tornadus|Tornadus-Therian, M|65\/100|[from]move: Volt Switch\n|move|p1a: Kartana|Leaf Blade|p2a: Tornadus\n|-resisted|p2a: Tornadus\n|-damage|p2a: Tornadus|22\/100\n|\n|upkeep\n|turn|20\n|\n|t:|1666147695\n|move|p1a: Kartana|Smart Strike|p2a: Tornadus\n|-damage|p2a: Tornadus|0 fnt\n|faint|p2a: Tornadus\n|-ability|p1a: Kartana|Beast Boost|boost\n|-boost|p1a: Kartana|spe|1\n|\n|upkeep\n|\n|t:|1666147697\n|switch|p2a: Regieleki|Regieleki|53\/100\n|-damage|p2a: Regieleki|41\/100|[from] Stealth Rock\n|-damage|p2a: Regieleki|29\/100|[from] Spikes\n|turn|21\n|\n|t:|1666147703\n|move|p2a: Regieleki|Extreme Speed|p1a: Kartana\n|-resisted|p1a: Kartana\n|-damage|p1a: Kartana|2\/100\n|move|p1a: Kartana|Smart Strike|p2a: Regieleki\n|-resisted|p2a: Regieleki\n|-damage|p2a: Regieleki|0 fnt\n|faint|p2a: Regieleki\n|-ability|p1a: Kartana|Beast Boost|boost\n|-boost|p1a: Kartana|spe|1\n|\n|upkeep\n|c|\u2606Huskothy|gg\n|-message|Huskothy forfeited.\n|\n|win|Celistesting\n|raw|Celistesting's rating: 1715 &rarr; <strong>1738<\/strong><br \/>(+23 for winning)\n|raw|Huskothy's rating: 1760 &rarr; <strong>1737<\/strong><br \/>(-23 for losing)\n|l|\u2606Huskothy\n|c|\u2606Celistesting|gg\n||Ladder isn't responding, score probably updated but might not have (Request timeout).\n","uploadtime":1666147716,"views":25,"p1id":"celistesting","p2id":"huskothy","formatid":"gen8ou","rating":1737,"private":0,"password":null}