{"id":"gen8vgc2022-1601570300","p1":"AlphaTherai","p2":"Solotaku","format":"gen8vgc2022","log":"|j|\u2606AlphaTherai\n|j|\u2606Solotaku\n|t:|1655870321\n|gametype|doubles\n|player|p1|AlphaTherai|n|\n|player|p2|Solotaku|2|\n|teamsize|p1|6\n|teamsize|p2|6\n|gen|8\n|tier|[Gen 8] VGC 2022\n|rule|Species Clause: Limit one of each Pok\u00e9mon\n|rule|Item Clause: Limit one of each item\n|clearpoke\n|poke|p1|Zacian-*, L50|\n|poke|p1|Groudon, L50|\n|poke|p1|Incineroar, L50, F|\n|poke|p1|Charizard, L50, F|\n|poke|p1|Gastrodon-East, L50, M|\n|poke|p1|Grimmsnarl, L50, M|\n|poke|p2|Zacian-*, L50|\n|poke|p2|Kyogre, L50|\n|poke|p2|Seaking, L50, F|\n|poke|p2|Naganadel, L50|\n|poke|p2|Incineroar, L50, F|\n|poke|p2|Seismitoad, L50, M|\n|teampreview|4\n|c|\u2606Solotaku|sorry I was watching avid lmao\n|c|\u2606AlphaTherai|lmao\n|c|\u2606AlphaTherai|Im using rinya sun btw\n|c|\u2606Solotaku|idk what that is\n|c|\u2606Solotaku|lemme mute rq I need to watch this\n|\n|t:|1655870408\n|start\n|switch|p1a: Groudon|Groudon, L50|100\/100\n|switch|p1b: Charizard|Charizard, L50, F|100\/100\n|switch|p2a: Incineroar|Incineroar, L50, F|100\/100\n|switch|p2b: Naganadel|Naganadel, L50|100\/100\n|-weather|SunnyDay|[from] ability: Drought|[of] p1a: Groudon\n|-ability|p2a: Incineroar|Intimidate|boost\n|-unboost|p1a: Groudon|atk|1\n|-unboost|p1b: Charizard|atk|1\n|turn|1\n|\n|t:|1655870436\n|-start|p1b: Charizard|Dynamax|Gmax\n|-heal|p1b: Charizard|100\/100|[silent]\n|move|p2a: Incineroar|Fake Out|p1b: Charizard\n|-damage|p1b: Charizard|93\/100\n|move|p2b: Naganadel|Draco Meteor|p1b: Charizard\n|-damage|p1b: Charizard|57\/100\n|-unboost|p2b: Naganadel|spa|2\n|move|p1b: Charizard|Max Airstream|p2b: Naganadel\n|-damage|p2b: Naganadel|0 fnt\n|-boost|p1a: Groudon|spe|1\n|-boost|p1b: Charizard|spe|1\n|faint|p2b: Naganadel\n|move|p1a: Groudon|Precipice Blades|p2a: Incineroar\n|-supereffective|p2a: Incineroar\n|-damage|p2a: Incineroar|14\/100\n|-enditem|p2a: Incineroar|Aguav Berry|[eat]\n|-heal|p2a: Incineroar|47\/100|[from] item: Aguav Berry\n|\n|-weather|SunnyDay|[upkeep]\n|-damage|p1b: Charizard|51\/100|[from] ability: Solar Power|[of] p1b: Charizard\n|upkeep\n|\n|t:|1655870444\n|switch|p2b: Seaking|Seaking, L50, F|100\/100\n|turn|2\n|\n|t:|1655870457\n|move|p1b: Charizard|Max Overgrowth|p2b: Seaking\n|-supereffective|p2b: Seaking\n|-damage|p2b: Seaking|0 fnt\n|-fieldstart|move: Grassy Terrain\n|faint|p2b: Seaking\n|move|p1a: Groudon|Precipice Blades|p2a: Incineroar\n|-supereffective|p2a: Incineroar\n|-damage|p2a: Incineroar|0 fnt\n|faint|p2a: Incineroar\n|\n|-weather|SunnyDay|[upkeep]\n|-damage|p1b: Charizard|45\/100|[from] ability: Solar Power|[of] p1b: Charizard\n|upkeep\n|\n|t:|1655870463\n|switch|p2a: Zacian|Zacian-Crowned, L50|100\/100\n|-ability|p2a: Zacian|Intrepid Sword|boost\n|-boost|p2a: Zacian|atk|1\n|turn|3\n|\n|t:|1655870471\n|move|p1b: Charizard|G-Max Wildfire|p2a: Zacian\n|-supereffective|p2a: Zacian\n|-damage|p2a: Zacian|0 fnt\n|-sidestart|p2: Solotaku|G-Max Wildfire\n|faint|p2a: Zacian\n|\n|win|AlphaTherai\n|c|\u2606Solotaku|halal\n|c|\u2606AlphaTherai|GG\n|c|\u2606AlphaTherai|HAHAHAHHAAHHA\n|l|\u2606Solotaku\n","uploadtime":1655870487,"views":10,"p1id":"alphatherai","p2id":"solotaku","formatid":"gen8vgc2022","rating":0,"private":0,"password":null}