{"id":"gen8ou-1658151869","p1":"ldailey19","p2":"minimax_ai","format":"gen8ou","log":"|j|\u2606ldailey19\n|j|\u2606minimax_ai\n|t:|1662535942\n|gametype|singles\n|player|p1|ldailey19|lance|1432\n|player|p2|minimax_ai|lusamine-nihilego|1472\n|teamsize|p1|6\n|teamsize|p2|6\n|gen|8\n|tier|[Gen 8] OU\n|rated|\n|rule|Sleep Clause Mod: Limit one foe put to sleep\n|rule|Species Clause: Limit one of each Pok\u00e9mon\n|rule|OHKO Clause: OHKO moves are banned\n|rule|Evasion Items Clause: Evasion items are banned\n|rule|Evasion Moves Clause: Evasion moves are banned\n|rule|Endless Battle Clause: Forcing endless battles is banned\n|rule|HP Percentage Mod: HP is shown in percentages\n|rule|Dynamax Clause: You cannot dynamax\n|clearpoke\n|poke|p1|Magnezone|\n|poke|p1|Weavile, F|\n|poke|p1|Urshifu-*, M|\n|poke|p1|Heatran, M|\n|poke|p1|Landorus-Therian, M|\n|poke|p1|Dragapult, F|\n|poke|p2|Rotom-Wash|\n|poke|p2|Weavile, M|\n|poke|p2|Landorus-Therian, M|\n|poke|p2|Heatran, M|\n|poke|p2|Tangrowth, M|\n|poke|p2|Melmetal|\n|teampreview\n|inactive|Battle timer is ON: inactive players will automatically lose when time's up. (requested by ldailey19)\n|c|\u2606minimax_ai|hf\n|inactive|minimax_ai also wants the timer to be on.\n|\n|t:|1662535960\n|start\n|switch|p1a: Dragapult|Dragapult, F, shiny|100\/100\n|switch|p2a: rotomwash|Rotom-Wash|100\/100\n|turn|1\n|\n|t:|1662535969\n|switch|p2a: Melmetal|Melmetal|100\/100\n|move|p1a: Dragapult|U-turn|p2a: Melmetal\n|-resisted|p2a: Melmetal\n|-damage|p2a: Melmetal|94\/100\n|\n|t:|1662535980\n|switch|p1a: Landorus|Landorus-Therian, M|100\/100|[from]move: U-turn\n|-ability|p1a: Landorus|Intimidate|boost\n|-unboost|p2a: Melmetal|atk|1\n|\n|upkeep\n|turn|2\n|\n|t:|1662535984\n|move|p1a: Landorus|Earthquake|p2a: Melmetal\n|-supereffective|p2a: Melmetal\n|-damage|p2a: Melmetal|44\/100\n|move|p2a: Melmetal|Ice Punch|p1a: Landorus\n|-supereffective|p1a: Landorus\n|-damage|p1a: Landorus|36\/100\n|-status|p1a: Landorus|frz\n|-damage|p2a: Melmetal|27\/100|[from] item: Rocky Helmet|[of] p1a: Landorus\n|\n|upkeep\n|turn|3\n|\n|t:|1662535997\n|switch|p2a: landorustherian|Landorus-Therian, M|100\/100\n|-ability|p2a: landorustherian|Intimidate|boost\n|-unboost|p1a: Landorus|atk|1\n|cant|p1a: Landorus|frz\n|\n|upkeep\n|turn|4\n|\n|t:|1662536002\n|cant|p1a: Landorus|frz\n|move|p2a: landorustherian|Earthquake|p1a: Landorus\n|-immune|p1a: Landorus\n|\n|upkeep\n|turn|5\n|\n|t:|1662536007\n|cant|p1a: Landorus|frz\n|move|p2a: landorustherian|Earthquake|p1a: Landorus\n|-immune|p1a: Landorus\n|\n|upkeep\n|turn|6\n|\n|t:|1662536012\n|cant|p1a: Landorus|frz\n|move|p2a: landorustherian|Earthquake|p1a: Landorus\n|-immune|p1a: Landorus\n|\n|upkeep\n|turn|7\n|\n|t:|1662536017\n|cant|p1a: Landorus|frz\n|move|p2a: landorustherian|Earthquake|p1a: Landorus\n|-immune|p1a: Landorus\n|\n|upkeep\n|turn|8\n|\n|t:|1662536022\n|-curestatus|p1a: Landorus|frz|[msg]\n|move|p1a: Landorus|Stealth Rock|p2a: landorustherian\n|-sidestart|p2: minimax_ai|move: Stealth Rock\n|move|p2a: landorustherian|Earthquake|p1a: Landorus\n|-immune|p1a: Landorus\n|\n|upkeep\n|turn|9\n|\n|t:|1662536028\n|move|p1a: Landorus|Knock Off|p2a: landorustherian\n|-damage|p2a: landorustherian|82\/100\n|-enditem|p2a: landorustherian|Leftovers|[from] move: Knock Off|[of] p1a: Landorus\n|move|p2a: landorustherian|Defog|p1a: Landorus\n|-unboost|p1a: Landorus|evasion|1\n|-sideend|p2: minimax_ai|Stealth Rock|[from] move: Defog|[of] p2a: landorustherian\n|\n|upkeep\n|turn|10\n|\n|t:|1662536037\n|move|p1a: Landorus|Stealth Rock|p2a: landorustherian\n|-sidestart|p2: minimax_ai|move: Stealth Rock\n|move|p2a: landorustherian|Earthquake|p1a: Landorus\n|-immune|p1a: Landorus\n|\n|upkeep\n|turn|11\n|\n|t:|1662536042\n|move|p1a: Landorus|Knock Off|p2a: landorustherian\n|-damage|p2a: landorustherian|69\/100\n|move|p2a: landorustherian|Defog|p1a: Landorus\n|-unboost|p1a: Landorus|evasion|1\n|-sideend|p2: minimax_ai|Stealth Rock|[from] move: Defog|[of] p2a: landorustherian\n|\n|upkeep\n|turn|12\n|\n|t:|1662536049\n|move|p1a: Landorus|Knock Off|p2a: landorustherian\n|-damage|p2a: landorustherian|55\/100\n|move|p2a: landorustherian|Earthquake|p1a: Landorus\n|-immune|p1a: Landorus\n|\n|upkeep\n|turn|13\n|\n|t:|1662536054\n|move|p1a: Landorus|Knock Off|p2a: landorustherian\n|-damage|p2a: landorustherian|42\/100\n|move|p2a: landorustherian|Earthquake|p1a: Landorus\n|-immune|p1a: Landorus\n|\n|upkeep\n|turn|14\n|\n|t:|1662536064\n|move|p1a: Landorus|Knock Off|p2a: landorustherian\n|-damage|p2a: landorustherian|29\/100\n|move|p2a: landorustherian|Earthquake|p1a: Landorus\n|-immune|p1a: Landorus\n|\n|upkeep\n|turn|15\n|\n|t:|1662536070\n|move|p1a: Landorus|Knock Off|p2a: landorustherian\n|-damage|p2a: landorustherian|15\/100\n|move|p2a: landorustherian|Earthquake|p1a: Landorus\n|-immune|p1a: Landorus\n|\n|upkeep\n|turn|16\n|\n|t:|1662536078\n|move|p1a: Landorus|Knock Off|p2a: landorustherian\n|-damage|p2a: landorustherian|2\/100\n|move|p2a: landorustherian|Earthquake|p1a: Landorus\n|-immune|p1a: Landorus\n|\n|upkeep\n|turn|17\n|\n|t:|1662536084\n|switch|p2a: Heatran|Heatran, M|100\/100\n|-item|p2a: Heatran|Air Balloon\n|move|p1a: Landorus|Stealth Rock|p2a: Heatran\n|-sidestart|p2: minimax_ai|move: Stealth Rock\n|\n|upkeep\n|turn|18\n|\n|t:|1662536092\n|move|p2a: Heatran|Stealth Rock|p1a: Landorus\n|-sidestart|p1: ldailey19|move: Stealth Rock\n|move|p1a: Landorus|Knock Off|p2a: Heatran\n|-damage|p2a: Heatran|81\/100\n|-enditem|p2a: Heatran|Air Balloon\n|\n|upkeep\n|turn|19\n|\n|t:|1662536103\n|switch|p1a: Heatran|Heatran, M, shiny|100\/100\n|-damage|p1a: Heatran|88\/100|[from] Stealth Rock\n|-item|p1a: Heatran|Air Balloon\n|move|p2a: Heatran|Magma Storm|p1a: Heatran\n|-start|p1a: Heatran|ability: Flash Fire\n|\n|upkeep\n|turn|20\n|\n|t:|1662536110\n|switch|p2a: landorustherian|Landorus-Therian, M|2\/100\n|-damage|p2a: landorustherian|0 fnt|[from] Stealth Rock\n|faint|p2a: landorustherian\n|move|p1a: Heatran|Toxic|p2: landorustherian|[notarget]\n|-fail|p1a: Heatran\n|\n|upkeep\n|\n|t:|1662536110\n|switch|p2a: rotomwash|Rotom-Wash|100\/100\n|-damage|p2a: rotomwash|88\/100|[from] Stealth Rock\n|turn|21\n|\n|t:|1662536116\n|move|p1a: Heatran|Protect|p1a: Heatran\n|-singleturn|p1a: Heatran|Protect\n|move|p2a: rotomwash|Thunderbolt|p1a: Heatran\n|-activate|p1a: Heatran|move: Protect\n|\n|-heal|p2a: rotomwash|94\/100|[from] item: Leftovers\n|upkeep\n|turn|22\n|\n|t:|1662536134\n|-end|p1a: Heatran|ability: Flash Fire|[silent]\n|switch|p1a: Magnezone|Magnezone, shiny|100\/100\n|-damage|p1a: Magnezone|94\/100|[from] Stealth Rock\n|move|p2a: rotomwash|Thunderbolt|p1a: Magnezone\n|-resisted|p1a: Magnezone\n|-damage|p1a: Magnezone|82\/100\n|\n|-heal|p2a: rotomwash|100\/100|[from] item: Leftovers\n|upkeep\n|turn|23\n|\n|t:|1662536138\n|move|p2a: rotomwash|Nasty Plot|p2a: rotomwash\n|-boost|p2a: rotomwash|spa|2\n|move|p1a: Magnezone|Volt Switch|p2a: rotomwash\n|-damage|p2a: rotomwash|47\/100\n|inactive|ldailey19 has 120 seconds left.\n|\n|t:|1662536171\n|switch|p1a: Urshifu|Urshifu-Rapid-Strike, M|100\/100|[from]move: Volt Switch\n|-damage|p1a: Urshifu|94\/100|[from] Stealth Rock\n|\n|-heal|p2a: rotomwash|53\/100|[from] item: Leftovers\n|upkeep\n|turn|24\n|\n|t:|1662536173\n|switch|p2a: Tangrowth|Tangrowth, M|100\/100\n|-damage|p2a: Tangrowth|88\/100|[from] Stealth Rock\n|move|p1a: Urshifu|Close Combat|p2a: Tangrowth\n|-damage|p2a: Tangrowth|54\/100\n|-unboost|p1a: Urshifu|def|1\n|-unboost|p1a: Urshifu|spd|1\n|-damage|p1a: Urshifu|78\/100|[from] item: Rocky Helmet|[of] p2a: Tangrowth\n|\n|upkeep\n|turn|25\n|\n|t:|1662536185\n|switch|p1a: Landorus|Landorus-Therian, M|36\/100\n|-damage|p1a: Landorus|24\/100|[from] Stealth Rock\n|-ability|p1a: Landorus|Intimidate|boost\n|-unboost|p2a: Tangrowth|atk|1\n|move|p2a: Tangrowth|Sleep Powder|p1a: Landorus\n|-status|p1a: Landorus|slp|[from] move: Sleep Powder\n|\n|upkeep\n|turn|26\n|inactive|ldailey19 has 120 seconds left.\n|\n|t:|1662536208\n|switch|p1a: Heatran|Heatran, M, shiny|88\/100\n|-damage|p1a: Heatran|75\/100|[from] Stealth Rock\n|-item|p1a: Heatran|Air Balloon\n|move|p2a: Tangrowth|Knock Off|p1a: Heatran\n|-damage|p1a: Heatran|62\/100\n|-enditem|p1a: Heatran|Air Balloon\n|\n|upkeep\n|turn|27\n|\n|t:|1662536216\n|switch|p2a: rotomwash|Rotom-Wash|53\/100\n|-damage|p2a: rotomwash|41\/100|[from] Stealth Rock\n|move|p1a: Heatran|Flamethrower|p2a: rotomwash\n|-resisted|p2a: rotomwash\n|-damage|p2a: rotomwash|20\/100\n|\n|-heal|p2a: rotomwash|26\/100|[from] item: Leftovers\n|upkeep\n|turn|28\n|\n|t:|1662536225\n|switch|p1a: Magnezone|Magnezone, shiny|82\/100\n|-damage|p1a: Magnezone|76\/100|[from] Stealth Rock\n|move|p2a: rotomwash|Pain Split|p1a: Magnezone\n|-sethp|p1a: Magnezone|50\/100|[from] move: Pain Split|[silent]\n|-sethp|p2a: rotomwash|56\/100|[from] move: Pain Split\n|\n|-heal|p2a: rotomwash|62\/100|[from] item: Leftovers\n|upkeep\n|turn|29\n|\n|t:|1662536235\n|move|p2a: rotomwash|Hydro Pump|p1a: Magnezone\n|-damage|p1a: Magnezone|18\/100\n|move|p1a: Magnezone|Volt Switch|p2a: rotomwash\n|-damage|p2a: rotomwash|4\/100\n|\n|t:|1662536247\n|switch|p1a: Weavile|Weavile, F|100\/100|[from]move: Volt Switch\n|-damage|p1a: Weavile|76\/100|[from] Stealth Rock\n|-ability|p1a: Weavile|Pressure\n|\n|-heal|p2a: rotomwash|10\/100|[from] item: Leftovers\n|upkeep\n|turn|30\n|\n|t:|1662536250\n|move|p1a: Weavile|Knock Off|p2a: rotomwash\n|-damage|p2a: rotomwash|0 fnt\n|-enditem|p2a: rotomwash|Leftovers|[from] move: Knock Off|[of] p1a: Weavile\n|faint|p2a: rotomwash\n|\n|upkeep\n|\n|t:|1662536250\n|switch|p2a: Heatran|Heatran, M|81\/100\n|-damage|p2a: Heatran|69\/100|[from] Stealth Rock\n|turn|31\n|\n|t:|1662536279\n|switch|p1a: Magnezone|Magnezone, shiny|18\/100\n|-damage|p1a: Magnezone|12\/100|[from] Stealth Rock\n|move|p2a: Heatran|Magma Storm|p1a: Magnezone\n|-supereffective|p1a: Magnezone\n|-damage|p1a: Magnezone|0 fnt\n|faint|p1a: Magnezone\n|\n|upkeep\n|inactive|ldailey19 has 120 seconds left.\n|\n|t:|1662536301\n|switch|p1a: Urshifu|Urshifu-Rapid-Strike, M|78\/100\n|-damage|p1a: Urshifu|72\/100|[from] Stealth Rock\n|turn|32\n|\n|t:|1662536303\n|switch|p2a: Tangrowth|Tangrowth, M|87\/100\n|-damage|p2a: Tangrowth|75\/100|[from] Stealth Rock\n|move|p1a: Urshifu|Close Combat|p2a: Tangrowth\n|-damage|p2a: Tangrowth|41\/100\n|-unboost|p1a: Urshifu|def|1\n|-unboost|p1a: Urshifu|spd|1\n|-damage|p1a: Urshifu|55\/100|[from] item: Rocky Helmet|[of] p2a: Tangrowth\n|\n|upkeep\n|turn|33\n|inactive|ldailey19 has 120 seconds left.\n|\n|t:|1662536313\n|switch|p1a: Landorus|Landorus-Therian, M|24\/100 slp\n|-damage|p1a: Landorus|12\/100 slp|[from] Stealth Rock\n|-ability|p1a: Landorus|Intimidate|boost\n|-unboost|p2a: Tangrowth|atk|1\n|move|p2a: Tangrowth|Focus Blast|p1a: Landorus\n|-resisted|p1a: Landorus\n|-damage|p1a: Landorus|0 fnt\n|faint|p1a: Landorus\n|\n|upkeep\n|inactive|ldailey19 has 120 seconds left.\n|\n|t:|1662536333\n|switch|p1a: Dragapult|Dragapult, F, shiny|100\/100\n|-damage|p1a: Dragapult|88\/100|[from] Stealth Rock\n|turn|34\n|\n|t:|1662536342\n|switch|p2a: Melmetal|Melmetal|27\/100\n|-damage|p2a: Melmetal|21\/100|[from] Stealth Rock\n|move|p1a: Dragapult|Flamethrower|p2a: Melmetal\n|-supereffective|p2a: Melmetal\n|-damage|p2a: Melmetal|0 fnt\n|faint|p2a: Melmetal\n|\n|upkeep\n|\n|t:|1662536342\n|switch|p2a: Heatran|Heatran, M|69\/100\n|-damage|p2a: Heatran|56\/100|[from] Stealth Rock\n|turn|35\n|inactive|ldailey19 has 120 seconds left.\n|\n|t:|1662536357\n|switch|p1a: Urshifu|Urshifu-Rapid-Strike, M|55\/100\n|-damage|p1a: Urshifu|49\/100|[from] Stealth Rock\n|move|p2a: Heatran|Magma Storm|p1a: Urshifu|[miss]\n|-miss|p2a: Heatran|p1a: Urshifu\n|\n|upkeep\n|turn|36\n|inactive|ldailey19 has 120 seconds left.\n|\n|t:|1662536376\n|switch|p1a: Heatran|Heatran, M, shiny|62\/100\n|-damage|p1a: Heatran|50\/100|[from] Stealth Rock\n|switch|p2a: Tangrowth|Tangrowth, M|74\/100\n|-damage|p2a: Tangrowth|61\/100|[from] Stealth Rock\n|\n|upkeep\n|turn|37\n|\n|t:|1662536382\n|switch|p2a: Heatran|Heatran, M|56\/100\n|-damage|p2a: Heatran|44\/100|[from] Stealth Rock\n|move|p1a: Heatran|Earth Power|p2a: Heatran\n|-supereffective|p2a: Heatran\n|-damage|p2a: Heatran|0 fnt\n|faint|p2a: Heatran\n|\n|upkeep\n|\n|t:|1662536382\n|switch|p2a: Weavile|Weavile, M|100\/100\n|-damage|p2a: Weavile|76\/100|[from] Stealth Rock\n|-ability|p2a: Weavile|Pressure\n|turn|38\n|\n|t:|1662536387\n|move|p1a: Heatran|Protect|p1a: Heatran\n|-singleturn|p1a: Heatran|Protect\n|move|p2a: Weavile|Low Kick|p1a: Heatran\n|-activate|p1a: Heatran|move: Protect\n|\n|upkeep\n|turn|39\n|\n|t:|1662536394\n|switch|p1a: Dragapult|Dragapult, F, shiny|88\/100\n|-damage|p1a: Dragapult|76\/100|[from] Stealth Rock\n|move|p2a: Weavile|Low Kick|p1a: Dragapult\n|-immune|p1a: Dragapult\n|\n|upkeep\n|turn|40\n|\n|t:|1662536398\n|move|p1a: Dragapult|Flamethrower|p2a: Weavile\n|-supereffective|p2a: Weavile\n|-damage|p2a: Weavile|13\/100\n|move|p2a: Weavile|Low Kick|p1a: Dragapult\n|-immune|p1a: Dragapult\n|\n|upkeep\n|turn|41\n|\n|t:|1662536407\n|move|p1a: Dragapult|Flamethrower|p2a: Weavile\n|-supereffective|p2a: Weavile\n|-damage|p2a: Weavile|0 fnt\n|faint|p2a: Weavile\n|\n|upkeep\n|\n|t:|1662536407\n|switch|p2a: Tangrowth|Tangrowth, M|95\/100\n|-damage|p2a: Tangrowth|82\/100|[from] Stealth Rock\n|turn|42\n|\n|t:|1662536410\n|move|p1a: Dragapult|Flamethrower|p2a: Tangrowth\n|-supereffective|p2a: Tangrowth\n|-damage|p2a: Tangrowth|24\/100\n|move|p2a: Tangrowth|Focus Blast|p1a: Dragapult\n|-immune|p1a: Dragapult\n|\n|upkeep\n|turn|43\n|\n|t:|1662536417\n|move|p1a: Dragapult|Flamethrower|p2a: Tangrowth\n|-supereffective|p2a: Tangrowth\n|-damage|p2a: Tangrowth|0 fnt\n|faint|p2a: Tangrowth\n|\n|win|ldailey19\n|raw|ldailey19's rating: 1432 &rarr; <strong>1454<\/strong><br \/>(+22 for winning)\n|raw|minimax_ai's rating: 1472 &rarr; <strong>1450<\/strong><br \/>(-22 for losing)\n|c|\u2606minimax_ai|gg\n","uploadtime":1662536419,"views":7,"p1id":"ldailey19","p2id":"minimaxai","formatid":"gen8ou","rating":1450,"private":0,"password":null}