{"id":"gen8ubers-1669790165","p1":"ox04","p2":"tesla roadster","format":"gen8ubers","log":"|j|\u2606ox04\n|j|\u2606tesla roadster\n|t:|1663770873\n|gametype|singles\n|player|p1|ox04|red-gen7|\n|player|p2|tesla roadster|lucas|\n|teamsize|p1|6\n|teamsize|p2|6\n|gen|8\n|tier|[Gen 8] Ubers\n|rule|Sleep Clause Mod: Limit one foe put to sleep\n|rule|Species Clause: Limit one of each Pok\u00e9mon\n|rule|OHKO Clause: OHKO moves are banned\n|rule|Evasion Items Clause: Evasion items are banned\n|rule|Evasion Moves Clause: Evasion moves are banned\n|rule|Endless Battle Clause: Forcing endless battles is banned\n|rule|HP Percentage Mod: HP is shown in percentages\n|rule|Dynamax Clause: You cannot dynamax\n|clearpoke\n|poke|p1|Marshadow|\n|poke|p1|Yveltal|\n|poke|p1|Reshiram|\n|poke|p1|Necrozma-Dusk-Mane|\n|poke|p1|Groudon|\n|poke|p1|Emolga, M|\n|poke|p2|Groudon|\n|poke|p2|Darmanitan-Galar, M|\n|poke|p2|Magearna|\n|poke|p2|Ho-Oh|\n|poke|p2|Yveltal|\n|poke|p2|Eternatus|\n|teampreview\n|c|\u2606ox04|glhf\n|c|\u2606tesla roadster|hf\n|\n|t:|1663770894\n|start\n|switch|p1a: Emolga|Emolga, M|100\/100\n|switch|p2a: Darmanitan|Darmanitan-Galar, M|100\/100\n|turn|1\n|\n|t:|1663770903\n|move|p1a: Emolga|Nuzzle|p2a: Darmanitan\n|-damage|p2a: Darmanitan|92\/100\n|-status|p2a: Darmanitan|par\n|move|p2a: Darmanitan|Icicle Crash|p1a: Emolga\n|-supereffective|p1a: Emolga\n|-damage|p1a: Emolga|0 fnt\n|faint|p1a: Emolga\n|\n|upkeep\n|\n|t:|1663770906\n|switch|p1a: Reshiram|Reshiram|100\/100\n|-ability|p1a: Reshiram|Turboblaze\n|turn|2\n|\n|t:|1663770924\n|switch|p2a: Groudon|Groudon|100\/100\n|-weather|SunnyDay|[from] ability: Drought|[of] p2a: Groudon\n|move|p1a: Reshiram|Blue Flare|p2a: Groudon|[miss]\n|-miss|p1a: Reshiram|p2a: Groudon\n|\n|-weather|SunnyDay|[upkeep]\n|upkeep\n|turn|3\n|\n|t:|1663770935\n|switch|p2a: Ho-Oh|Ho-Oh|100\/100\n|move|p1a: Reshiram|Blue Flare|p2a: Ho-Oh\n|-resisted|p2a: Ho-Oh\n|-damage|p2a: Ho-Oh|57\/100\n|-damage|p1a: Reshiram|91\/100|[from] item: Life Orb\n|\n|-weather|SunnyDay|[upkeep]\n|upkeep\n|turn|4\n|\n|t:|1663770945\n|switch|p2a: Groudon|Groudon|100\/100\n|move|p1a: Reshiram|Ancient Power|p2a: Groudon\n|-resisted|p2a: Groudon\n|-crit|p2a: Groudon\n|-damage|p2a: Groudon|82\/100\n|-damage|p1a: Reshiram|81\/100|[from] item: Life Orb\n|\n|-weather|SunnyDay|[upkeep]\n|-heal|p2a: Groudon|88\/100|[from] item: Leftovers\n|upkeep\n|turn|5\n|\n|t:|1663770962\n|switch|p2a: Ho-Oh|Ho-Oh|91\/100\n|move|p1a: Reshiram|Draco Meteor|p2a: Ho-Oh|[miss]\n|-miss|p1a: Reshiram|p2a: Ho-Oh\n|\n|-weather|SunnyDay|[upkeep]\n|upkeep\n|turn|6\n|\n|t:|1663770969\n|move|p1a: Reshiram|Ancient Power|p2a: Ho-Oh\n|-supereffective|p2a: Ho-Oh\n|-damage|p2a: Ho-Oh|28\/100\n|-damage|p1a: Reshiram|71\/100|[from] item: Life Orb\n|move|p2a: Ho-Oh|Thunder Wave|p1a: Reshiram\n|-status|p1a: Reshiram|par\n|\n|-weather|none\n|upkeep\n|turn|7\n|\n|t:|1663770979\n|switch|p2a: Groudon|Groudon|88\/100\n|-weather|SunnyDay|[from] ability: Drought|[of] p2a: Groudon\n|move|p1a: Reshiram|Draco Meteor|p2a: Groudon\n|-damage|p2a: Groudon|15\/100\n|-unboost|p1a: Reshiram|spa|2\n|-damage|p1a: Reshiram|61\/100 par|[from] item: Life Orb\n|\n|-weather|SunnyDay|[upkeep]\n|-heal|p2a: Groudon|22\/100|[from] item: Leftovers\n|upkeep\n|turn|8\n|\n|t:|1663770987\n|switch|p1a: Yveltal|Yveltal, shiny|100\/100\n|-ability|p1a: Yveltal|Dark Aura\n|move|p2a: Groudon|Stealth Rock|p1a: Yveltal\n|-sidestart|p1: ox04|move: Stealth Rock\n|\n|-weather|SunnyDay|[upkeep]\n|-heal|p2a: Groudon|28\/100|[from] item: Leftovers\n|upkeep\n|turn|9\n|\n|t:|1663770994\n|switch|p2a: Magearna|Magearna|100\/100\n|move|p1a: Yveltal|Oblivion Wing|p2a: Magearna\n|-resisted|p2a: Magearna\n|-damage|p2a: Magearna|78\/100\n|-damage|p1a: Yveltal|91\/100|[from] item: Life Orb\n|\n|-weather|SunnyDay|[upkeep]\n|-heal|p2a: Magearna|84\/100|[from] item: Leftovers\n|upkeep\n|turn|10\n|\n|t:|1663771003\n|switch|p1a: Groudon|Groudon|100\/100\n|-damage|p1a: Groudon|94\/100|[from] Stealth Rock\n|move|p2a: Magearna|Heal Bell|p2a: Magearna\n|-activate|p2a: Magearna|move: Heal Bell\n|-curestatus|p2: Darmanitan|par|[msg]\n|\n|-weather|SunnyDay|[upkeep]\n|-heal|p1a: Groudon|100\/100|[from] item: Leftovers\n|-heal|p2a: Magearna|90\/100|[from] item: Leftovers\n|upkeep\n|turn|11\n|\n|t:|1663771015\n|switch|p2a: Groudon|Groudon|28\/100\n|move|p1a: Groudon|Thunder Wave|p2a: Groudon\n|-immune|p2a: Groudon\n|\n|-weather|none\n|-heal|p2a: Groudon|34\/100|[from] item: Leftovers\n|upkeep\n|turn|12\n|j| Eledyr\n|\n|t:|1663771024\n|move|p1a: Groudon|Earthquake|p2a: Groudon\n|-damage|p2a: Groudon|8\/100\n|move|p2a: Groudon|Dragon Tail|p1a: Groudon\n|-damage|p1a: Groudon|89\/100\n|drag|p1a: Reshiram|Reshiram|61\/100 par\n|-damage|p1a: Reshiram|36\/100 par|[from] Stealth Rock\n|-ability|p1a: Reshiram|Turboblaze\n|\n|-heal|p2a: Groudon|14\/100|[from] item: Leftovers\n|upkeep\n|turn|13\n|\n|t:|1663771032\n|switch|p1a: Yveltal|Yveltal, shiny|91\/100\n|-damage|p1a: Yveltal|66\/100|[from] Stealth Rock\n|-ability|p1a: Yveltal|Dark Aura\n|move|p2a: Groudon|Precipice Blades|p1a: Yveltal\n|-immune|p1a: Yveltal\n|\n|-heal|p2a: Groudon|20\/100|[from] item: Leftovers\n|upkeep\n|turn|14\n|\n|t:|1663771039\n|switch|p2a: Magearna|Magearna|90\/100\n|move|p1a: Yveltal|Oblivion Wing|p2a: Magearna\n|-resisted|p2a: Magearna\n|-damage|p2a: Magearna|69\/100\n|-heal|p1a: Yveltal|81\/100|[from] drain|[of] p2a: Magearna\n|-damage|p1a: Yveltal|71\/100|[from] item: Life Orb\n|\n|-heal|p2a: Magearna|75\/100|[from] item: Leftovers\n|upkeep\n|turn|15\n|\n|t:|1663771046\n|switch|p1a: Necrozma|Necrozma-Dusk-Mane|100\/100\n|-damage|p1a: Necrozma|94\/100|[from] Stealth Rock\n|move|p2a: Magearna|Fleur Cannon|p1a: Necrozma\n|-resisted|p1a: Necrozma\n|-damage|p1a: Necrozma|71\/100\n|-unboost|p2a: Magearna|spa|2\n|\n|-heal|p1a: Necrozma|77\/100|[from] item: Leftovers\n|-heal|p2a: Magearna|81\/100|[from] item: Leftovers\n|upkeep\n|turn|16\n|\n|t:|1663771050\n|move|p1a: Necrozma|Sunsteel Strike|p2a: Magearna\n|-damage|p2a: Magearna|43\/100\n|move|p2a: Magearna|Volt Switch|p1a: Necrozma\n|-damage|p1a: Necrozma|68\/100\n|\n|t:|1663771056\n|switch|p2a: Darmanitan|Darmanitan-Galar, M|92\/100|[from]move: Volt Switch\n|\n|-heal|p1a: Necrozma|74\/100|[from] item: Leftovers\n|upkeep\n|turn|17\n|\n|t:|1663771062\n|switch|p1a: Reshiram|Reshiram|36\/100 par\n|-damage|p1a: Reshiram|11\/100 par|[from] Stealth Rock\n|-ability|p1a: Reshiram|Turboblaze\n|move|p2a: Darmanitan|Flare Blitz|p1a: Reshiram\n|-resisted|p1a: Reshiram\n|-damage|p1a: Reshiram|0 fnt\n|faint|p1a: Reshiram\n|-damage|p2a: Darmanitan|89\/100|[from] Recoil\n|\n|upkeep\n|\n|t:|1663771069\n|switch|p1a: Yveltal|Yveltal, shiny|71\/100\n|-damage|p1a: Yveltal|46\/100|[from] Stealth Rock\n|-ability|p1a: Yveltal|Dark Aura\n|turn|18\n|\n|t:|1663771076\n|switch|p2a: Magearna|Magearna|43\/100\n|move|p1a: Yveltal|Dark Pulse|p2a: Magearna\n|-resisted|p2a: Magearna\n|-damage|p2a: Magearna|11\/100\n|-damage|p1a: Yveltal|36\/100|[from] item: Life Orb\n|\n|-heal|p2a: Magearna|17\/100|[from] item: Leftovers\n|upkeep\n|turn|19\n|\n|t:|1663771082\n|move|p1a: Yveltal|Oblivion Wing|p2a: Magearna\n|-resisted|p2a: Magearna\n|-damage|p2a: Magearna|0 fnt\n|-heal|p1a: Yveltal|48\/100|[from] drain|[of] p2a: Magearna\n|faint|p2a: Magearna\n|-damage|p1a: Yveltal|38\/100|[from] item: Life Orb\n|\n|upkeep\n|\n|t:|1663771087\n|switch|p2a: Eternatus|Eternatus|100\/100\n|-ability|p2a: Eternatus|Pressure\n|turn|20\n|\n|t:|1663771096\n|switch|p1a: Necrozma|Necrozma-Dusk-Mane|74\/100\n|-damage|p1a: Necrozma|68\/100|[from] Stealth Rock\n|move|p2a: Eternatus|Meteor Beam||[still]\n|-prepare|p2a: Eternatus|Meteor Beam\n|-boost|p2a: Eternatus|spa|1\n|-enditem|p2a: Eternatus|Power Herb\n|-anim|p2a: Eternatus|Meteor Beam|p1a: Necrozma\n|-resisted|p1a: Necrozma\n|-damage|p1a: Necrozma|46\/100\n|\n|-heal|p1a: Necrozma|52\/100|[from] item: Leftovers\n|upkeep\n|turn|21\n|\n|t:|1663771106\n|move|p2a: Eternatus|Dragon Pulse|p1a: Necrozma\n|-resisted|p1a: Necrozma\n|-damage|p1a: Necrozma|26\/100\n|move|p1a: Necrozma|Sunsteel Strike|p2a: Eternatus\n|-damage|p2a: Eternatus|49\/100\n|\n|-heal|p1a: Necrozma|32\/100|[from] item: Leftovers\n|upkeep\n|turn|22\n|\n|t:|1663771116\n|switch|p2a: Groudon|Groudon|20\/100\n|-weather|SunnyDay|[from] ability: Drought|[of] p2a: Groudon\n|move|p1a: Necrozma|Morning Sun|p1a: Necrozma\n|-heal|p1a: Necrozma|99\/100\n|\n|-weather|SunnyDay|[upkeep]\n|-heal|p2a: Groudon|26\/100|[from] item: Leftovers\n|-heal|p1a: Necrozma|100\/100|[from] item: Leftovers\n|upkeep\n|turn|23\n|\n|t:|1663771129\n|move|p1a: Necrozma|Sunsteel Strike|p2a: Groudon\n|-damage|p2a: Groudon|0 fnt\n|faint|p2a: Groudon\n|\n|-weather|SunnyDay|[upkeep]\n|upkeep\n|\n|t:|1663771132\n|switch|p2a: Darmanitan|Darmanitan-Galar, M|89\/100\n|turn|24\n|\n|t:|1663771139\n|switch|p1a: Groudon|Groudon|89\/100\n|-damage|p1a: Groudon|82\/100|[from] Stealth Rock\n|move|p2a: Darmanitan|Flare Blitz|p1a: Groudon\n|-damage|p1a: Groudon|0 fnt\n|faint|p1a: Groudon\n|-damage|p2a: Darmanitan|57\/100|[from] Recoil\n|\n|-weather|SunnyDay|[upkeep]\n|upkeep\n|\n|t:|1663771142\n|switch|p1a: Marshadow|Marshadow|100\/100\n|-damage|p1a: Marshadow|94\/100|[from] Stealth Rock\n|turn|25\n|\n|t:|1663771147\n|switch|p2a: Ho-Oh|Ho-Oh|61\/100\n|move|p1a: Marshadow|Low Kick|p2a: Ho-Oh\n|-resisted|p2a: Ho-Oh\n|-damage|p2a: Ho-Oh|40\/100\n|-damage|p1a: Marshadow|84\/100|[from] item: Life Orb\n|\n|-weather|SunnyDay|[upkeep]\n|upkeep\n|turn|26\n|\n|t:|1663771151\n|move|p1a: Marshadow|Spectral Thief|p2a: Ho-Oh\n|-damage|p2a: Ho-Oh|0 fnt\n|faint|p2a: Ho-Oh\n|-damage|p1a: Marshadow|74\/100|[from] item: Life Orb\n|\n|-weather|none\n|upkeep\n|\n|t:|1663771159\n|switch|p2a: Yveltal|Yveltal|100\/100\n|-ability|p2a: Yveltal|Dark Aura\n|turn|27\n|\n|t:|1663771163\n|move|p2a: Yveltal|Foul Play|p1a: Marshadow\n|-damage|p1a: Marshadow|0 fnt\n|faint|p1a: Marshadow\n|\n|upkeep\n|\n|t:|1663771166\n|switch|p1a: Yveltal|Yveltal, shiny|38\/100\n|-damage|p1a: Yveltal|13\/100|[from] Stealth Rock\n|-ability|p1a: Yveltal|Dark Aura\n|turn|28\n|c|\u2606ox04|gg\n|c|\u2606tesla roadster|gg\n|\n|t:|1663771174\n|move|p2a: Yveltal|Foul Play|p1a: Yveltal\n|-resisted|p1a: Yveltal\n|-damage|p1a: Yveltal|0 fnt\n|faint|p1a: Yveltal\n|\n|upkeep\n|\n|t:|1663771176\n|switch|p1a: Necrozma|Necrozma-Dusk-Mane|100\/100\n|-damage|p1a: Necrozma|94\/100|[from] Stealth Rock\n|turn|29\n|\n|t:|1663771178\n|move|p2a: Yveltal|Foul Play|p1a: Necrozma\n|-supereffective|p1a: Necrozma\n|-damage|p1a: Necrozma|2\/100\n|move|p1a: Necrozma|Knock Off|p2a: Yveltal\n|-resisted|p2a: Yveltal\n|-damage|p2a: Yveltal|79\/100\n|-enditem|p2a: Yveltal|Choice Scarf|[from] move: Knock Off|[of] p1a: Necrozma\n|\n|-heal|p1a: Necrozma|8\/100|[from] item: Leftovers\n|upkeep\n|turn|30\n|\n|t:|1663771185\n|move|p2a: Yveltal|Foul Play|p1a: Necrozma\n|-supereffective|p1a: Necrozma\n|-damage|p1a: Necrozma|0 fnt\n|faint|p1a: Necrozma\n|\n|win|tesla roadster\n|l|\u2606tesla roadster\n|c|\u2606ox04|can't beat hax\n|l|\u2606ox04\n|l| Eledyr\n|j|\u2606ox04\n|player|p1|ox04|red-gen7\n|l|\u2606ox04\n|player|p1|\n|j|\u2606ox04\n|player|p1|ox04|red-gen7\n|j|\u2606tesla roadster\n|player|p2|tesla roadster|lucas\n","uploadtime":1663771682,"views":19,"p1id":"ox04","p2id":"teslaroadster","formatid":"gen8ubers","rating":0,"private":0,"password":null}