{"id":"gen8uu-1680267475","p1":"motistrat","p2":"Meracx","format":"gen8uu","log":"|j|\u2606motistrat\n|j|\u2606Meracx\n|t:|1665173943\n|gametype|singles\n|player|p1|motistrat|n|\n|player|p2|Meracx|thorton|\n|teamsize|p1|6\n|teamsize|p2|6\n|gen|8\n|tier|[Gen 8] UU\n|rule|Sleep Clause Mod: Limit one foe put to sleep\n|rule|Species Clause: Limit one of each Pok\u00e9mon\n|rule|OHKO Clause: OHKO moves are banned\n|rule|Evasion Items Clause: Evasion items are banned\n|rule|Evasion Moves Clause: Evasion moves are banned\n|rule|Endless Battle Clause: Forcing endless battles is banned\n|rule|HP Percentage Mod: HP is shown in percentages\n|rule|Dynamax Clause: You cannot dynamax\n|clearpoke\n|poke|p1|Azumarill, M|\n|poke|p1|Entei|\n|poke|p1|Excadrill, M|\n|poke|p1|Mandibuzz, F|\n|poke|p1|Tangrowth, M|\n|poke|p1|Crobat, M|\n|poke|p2|Nihilego|\n|poke|p2|Gyarados, F|\n|poke|p2|Scizor, F|\n|poke|p2|Celesteela|\n|poke|p2|Lycanroc-Dusk, F|\n|poke|p2|Mamoswine, F|\n|teampreview\n|c|\u2606Meracx|hf\n|c|\u2606motistrat|gl hf\n|\n|t:|1665173972\n|start\n|switch|p1a: Excadrill|Excadrill, M|100\/100\n|switch|p2a: Mamoswine|Mamoswine, F|100\/100\n|-ability|p1a: Excadrill|Mold Breaker\n|turn|1\n|j| Oreotrague\u2605\u273f\n|\n|t:|1665173978\n|move|p1a: Excadrill|Iron Head|p2a: Mamoswine\n|-supereffective|p2a: Mamoswine\n|-damage|p2a: Mamoswine|12\/100\n|move|p2a: Mamoswine|Earthquake|p1a: Excadrill\n|-supereffective|p1a: Excadrill\n|-damage|p1a: Excadrill|0 fnt\n|faint|p1a: Excadrill\n|\n|upkeep\n|\n|t:|1665173987\n|switch|p1a: Entei|Entei|100\/100\n|turn|2\n|\n|t:|1665173999\n|move|p1a: Entei|Sacred Fire|p2a: Mamoswine\n|-supereffective|p2a: Mamoswine\n|-damage|p2a: Mamoswine|0 fnt\n|faint|p2a: Mamoswine\n|\n|upkeep\n|\n|t:|1665174006\n|switch|p2a: Nihilego|Nihilego|100\/100\n|turn|3\n|\n|t:|1665174061\n|switch|p1a: Crobat|Crobat, M|100\/100\n|move|p2a: Nihilego|Meteor Beam||[still]\n|-prepare|p2a: Nihilego|Meteor Beam\n|-boost|p2a: Nihilego|spa|1\n|-enditem|p2a: Nihilego|Power Herb\n|-anim|p2a: Nihilego|Meteor Beam|p1a: Crobat\n|-supereffective|p1a: Crobat\n|-damage|p1a: Crobat|0 fnt\n|faint|p1a: Crobat\n|-ability|p2a: Nihilego|Beast Boost|boost\n|-boost|p2a: Nihilego|spe|1\n|\n|upkeep\n|\n|t:|1665174065\n|switch|p1a: Azumarill|Azumarill, M|100\/100\n|turn|4\n|\n|t:|1665174069\n|switch|p2a: Gyarados|Gyarados, F|100\/100\n|move|p1a: Azumarill|Aqua Jet|p2a: Gyarados\n|-resisted|p2a: Gyarados\n|-damage|p2a: Gyarados|78\/100\n|\n|upkeep\n|turn|5\n|j| CaptainEikichi\n|\n|t:|1665174085\n|switch|p1a: Mandibuzz|Mandibuzz, F|100\/100\n|move|p2a: Gyarados|Power Whip|p1a: Mandibuzz\n|-resisted|p1a: Mandibuzz\n|-damage|p1a: Mandibuzz|89\/100\n|\n|upkeep\n|turn|6\n|\n|t:|1665174101\n|switch|p2a: Nihilego|Nihilego|100\/100\n|move|p1a: Mandibuzz|U-turn|p2a: Nihilego\n|-resisted|p2a: Nihilego\n|-damage|p2a: Nihilego|91\/100\n|\n|t:|1665174109\n|switch|p1a: Azumarill|Azumarill, M|100\/100|[from]move: U-turn\n|\n|upkeep\n|turn|7\n|j| altaria58\n|\n|t:|1665174151\n|switch|p2a: Scizor|Scizor, F|100\/100\n|move|p1a: Azumarill|Aqua Jet|p2a: Scizor\n|-damage|p2a: Scizor|51\/100\n|\n|upkeep\n|turn|8\n|\n|t:|1665174165\n|switch|p1a: Entei|Entei|100\/100\n|move|p2a: Scizor|Bullet Punch|p1a: Entei\n|-resisted|p1a: Entei\n|-damage|p1a: Entei|81\/100\n|-damage|p2a: Scizor|41\/100|[from] item: Life Orb\n|\n|-heal|p1a: Entei|88\/100|[from] item: Leftovers\n|upkeep\n|turn|9\n|\n|t:|1665174171\n|switch|p2a: Nihilego|Nihilego|91\/100\n|move|p1a: Entei|Sacred Fire|p2a: Nihilego\n|-resisted|p2a: Nihilego\n|-damage|p2a: Nihilego|62\/100\n|-status|p2a: Nihilego|brn\n|\n|-heal|p1a: Entei|94\/100|[from] item: Leftovers\n|-damage|p2a: Nihilego|56\/100 brn|[from] brn\n|upkeep\n|turn|10\n|j| Nultiprise\n|\n|t:|1665174203\n|move|p2a: Nihilego|Power Gem|p1a: Entei\n|-supereffective|p1a: Entei\n|-damage|p1a: Entei|14\/100\n|move|p1a: Entei|Stone Edge|p2a: Nihilego|[miss]\n|-miss|p1a: Entei|p2a: Nihilego\n|\n|-heal|p1a: Entei|21\/100|[from] item: Leftovers\n|-damage|p2a: Nihilego|50\/100 brn|[from] brn\n|upkeep\n|turn|11\n|\n|t:|1665174211\n|move|p1a: Entei|Protect|p1a: Entei\n|-singleturn|p1a: Entei|Protect\n|move|p2a: Nihilego|Sludge Wave|p1a: Entei\n|-activate|p1a: Entei|move: Protect\n|\n|-heal|p1a: Entei|27\/100|[from] item: Leftovers\n|-damage|p2a: Nihilego|44\/100 brn|[from] brn\n|upkeep\n|turn|12\n|\n|t:|1665174227\n|switch|p1a: Mandibuzz|Mandibuzz, F|89\/100\n|move|p2a: Nihilego|Sludge Wave|p1a: Mandibuzz\n|-damage|p1a: Mandibuzz|50\/100\n|\n|-damage|p2a: Nihilego|38\/100 brn|[from] brn\n|upkeep\n|turn|13\n|\n|t:|1665174236\n|switch|p1a: Azumarill|Azumarill, M|100\/100\n|move|p2a: Nihilego|Power Gem|p1a: Azumarill\n|-damage|p1a: Azumarill|56\/100\n|\n|-damage|p2a: Nihilego|32\/100 brn|[from] brn\n|upkeep\n|turn|14\n|\n|t:|1665174250\n|move|p1a: Azumarill|Aqua Jet|p2a: Nihilego\n|-supereffective|p2a: Nihilego\n|-damage|p2a: Nihilego|0 fnt\n|faint|p2a: Nihilego\n|\n|upkeep\n|\n|t:|1665174264\n|switch|p2a: Gyarados|Gyarados, F|78\/100\n|turn|15\n|\n|t:|1665174276\n|switch|p1a: Tangrowth|Tangrowth, M|100\/100\n|move|p2a: Gyarados|Dragon Dance|p2a: Gyarados\n|-boost|p2a: Gyarados|atk|1\n|-boost|p2a: Gyarados|spe|1\n|\n|upkeep\n|turn|16\n|\n|t:|1665174287\n|move|p2a: Gyarados|Ice Fang|p1a: Tangrowth\n|-supereffective|p1a: Tangrowth\n|-damage|p1a: Tangrowth|55\/100\n|cant|p1a: Tangrowth|flinch\n|\n|upkeep\n|turn|17\n|\n|t:|1665174294\n|move|p2a: Gyarados|Ice Fang|p1a: Tangrowth\n|-supereffective|p1a: Tangrowth\n|-damage|p1a: Tangrowth|5\/100\n|move|p1a: Tangrowth|Power Whip|p2a: Gyarados\n|-damage|p2a: Gyarados|20\/100\n|\n|upkeep\n|turn|18\n|\n|t:|1665174312\n|switch|p1a: Mandibuzz|Mandibuzz, F|50\/100\n|move|p2a: Gyarados|Waterfall|p1a: Mandibuzz\n|-damage|p1a: Mandibuzz|16\/100\n|\n|upkeep\n|turn|19\n|\n|t:|1665174319\n|move|p2a: Gyarados|Waterfall|p1a: Mandibuzz\n|-damage|p1a: Mandibuzz|0 fnt\n|faint|p1a: Mandibuzz\n|-ability|p2a: Gyarados|Moxie|boost\n|-boost|p2a: Gyarados|atk|1\n|\n|upkeep\n|\n|t:|1665174321\n|switch|p1a: Azumarill|Azumarill, M|56\/100\n|turn|20\n|\n|t:|1665174324\n|move|p1a: Azumarill|Aqua Jet|p2a: Gyarados\n|-resisted|p2a: Gyarados\n|-damage|p2a: Gyarados|0 fnt\n|faint|p2a: Gyarados\n|\n|upkeep\n|\n|t:|1665174332\n|switch|p2a: Celesteela|Celesteela|100\/100\n|turn|21\n|\n|t:|1665174339\n|switch|p1a: Entei|Entei|27\/100\n|move|p2a: Celesteela|Meteor Beam||[still]\n|-prepare|p2a: Celesteela|Meteor Beam\n|-boost|p2a: Celesteela|spa|1\n|-enditem|p2a: Celesteela|Power Herb\n|-anim|p2a: Celesteela|Meteor Beam|p1a: Entei\n|-supereffective|p1a: Entei\n|-damage|p1a: Entei|0 fnt\n|faint|p1a: Entei\n|-ability|p2a: Celesteela|Beast Boost|boost\n|-boost|p2a: Celesteela|spa|1\n|\n|upkeep\n|\n|t:|1665174347\n|switch|p1a: Azumarill|Azumarill, M|56\/100\n|turn|22\n|\n|t:|1665174349\n|move|p2a: Celesteela|Air Slash|p1a: Azumarill\n|-damage|p1a: Azumarill|0 fnt\n|faint|p1a: Azumarill\n|-ability|p2a: Celesteela|Beast Boost|boost\n|-boost|p2a: Celesteela|spa|1\n|\n|upkeep\n|\n|t:|1665174352\n|switch|p1a: Tangrowth|Tangrowth, M|39\/100\n|turn|23\n|\n|t:|1665174355\n|move|p2a: Celesteela|Flamethrower|p1a: Tangrowth\n|-supereffective|p1a: Tangrowth\n|-damage|p1a: Tangrowth|0 fnt\n|faint|p1a: Tangrowth\n|\n|win|Meracx\n|c|\u2606Meracx|gg\n|l| CaptainEikichi\n|l| Oreotrague\u2605\u273f\n","uploadtime":1665174357,"views":24,"p1id":"motistrat","p2id":"meracx","formatid":"gen8uu","rating":0,"private":0,"password":null}