{"id":"gen8ou-1699051868","p1":"ChandosH","p2":"Ctannn","format":"gen8ou","log":"|j|\u2606ChandosH\n|j|\u2606Ctannn\n|t:|1667190610\n|gametype|singles\n|player|p1|ChandosH|n-masters|1793\n|player|p2|Ctannn|101|1804\n|teamsize|p1|6\n|teamsize|p2|6\n|gen|8\n|tier|[Gen 8] OU\n|rated|\n|rule|Sleep Clause Mod: Limit one foe put to sleep\n|rule|Species Clause: Limit one of each Pok\u00e9mon\n|rule|OHKO Clause: OHKO moves are banned\n|rule|Evasion Items Clause: Evasion items are banned\n|rule|Evasion Moves Clause: Evasion moves are banned\n|rule|Endless Battle Clause: Forcing endless battles is banned\n|rule|HP Percentage Mod: HP is shown in percentages\n|rule|Dynamax Clause: You cannot dynamax\n|clearpoke\n|poke|p1|Toxapex, F|\n|poke|p1|Skarmory, M|\n|poke|p1|Clefable, F|\n|poke|p1|Tapu Koko|\n|poke|p1|Hippowdon, F|\n|poke|p1|Reuniclus, M|\n|poke|p2|Pelipper, F|\n|poke|p2|Barraskewda, M|\n|poke|p2|Tangrowth, F|\n|poke|p2|Aegislash, M|\n|poke|p2|Zapdos|\n|poke|p2|Landorus-Therian, M|\n|teampreview\n|inactive|Battle timer is ON: inactive players will automatically lose when time's up. (requested by Ctannn)\n|\n|t:|1667190633\n|start\n|switch|p1a: Reuniclus|Reuniclus, M|100\/100\n|switch|p2a: Landorus|Landorus-Therian, M|100\/100\n|-ability|p2a: Landorus|Intimidate|boost\n|-unboost|p1a: Reuniclus|atk|1\n|turn|1\n|\n|t:|1667190637\n|switch|p1a: Skarmory|Skarmory, M|100\/100\n|move|p2a: Landorus|Stealth Rock|p1a: Skarmory\n|-sidestart|p1: ChandosH|move: Stealth Rock\n|\n|upkeep\n|turn|2\n|\n|t:|1667190646\n|move|p2a: Landorus|U-turn|p1a: Skarmory\n|-resisted|p1a: Skarmory\n|-damage|p1a: Skarmory|97\/100\n|-damage|p2a: Landorus|84\/100|[from] item: Rocky Helmet|[of] p1a: Skarmory\n|\n|t:|1667190649\n|switch|p2a: Aegislash|Aegislash, M|100\/100|[from]move: U-turn\n|move|p1a: Skarmory|Spikes|p2a: Aegislash\n|-sidestart|p2: Ctannn|Spikes\n|\n|upkeep\n|turn|3\n|j| Haxgo\n|inactive|ChandosH has 120 seconds left.\n|l|\u2606Ctannn\n|inactive|Ctannn disconnected and has a minute to reconnect!\n|player|p2|\n|l| Haxgo\n|j|\u2606Ctannn\n|inactive|Ctannn reconnected.\n|player|p2|Ctannn|101\n|\n|t:|1667190704\n|switch|p1a: Hippowdon|Hippowdon, F|100\/100\n|-damage|p1a: Hippowdon|94\/100|[from] Stealth Rock\n|-weather|Sandstorm|[from] ability: Sand Stream|[of] p1a: Hippowdon\n|-formechange|p2a: Aegislash|Aegislash-Blade||[from] ability: Stance Change\n|move|p2a: Aegislash|Shadow Ball|p1a: Hippowdon\n|-damage|p1a: Hippowdon|58\/100\n|\n|-weather|Sandstorm|[upkeep]\n|-heal|p1a: Hippowdon|65\/100|[from] item: Leftovers\n|upkeep\n|turn|4\n|\n|t:|1667190721\n|switch|p2a: Pelipper|Pelipper, F|100\/100\n|-weather|RainDance|[from] ability: Drizzle|[of] p2a: Pelipper\n|move|p1a: Hippowdon|Slack Off|p1a: Hippowdon\n|-heal|p1a: Hippowdon|100\/100\n|\n|-weather|RainDance|[upkeep]\n|upkeep\n|turn|5\n|\n|t:|1667190729\n|switch|p1a: Toxapex|Toxapex, F|100\/100\n|-damage|p1a: Toxapex|88\/100|[from] Stealth Rock\n|move|p2a: Pelipper|Knock Off|p1a: Toxapex\n|-damage|p1a: Toxapex|81\/100\n|-damage|p2a: Pelipper|84\/100|[from] item: Rocky Helmet|[of] p1a: Toxapex\n|-enditem|p1a: Toxapex|Rocky Helmet|[from] move: Knock Off|[of] p2a: Pelipper\n|\n|-weather|RainDance|[upkeep]\n|upkeep\n|turn|6\n|\n|t:|1667190738\n|move|p2a: Pelipper|U-turn|p1a: Toxapex\n|-resisted|p1a: Toxapex\n|-damage|p1a: Toxapex|78\/100\n|\n|t:|1667190742\n|switch|p2a: Landorus|Landorus-Therian, M|84\/100|[from]move: U-turn\n|-ability|p2a: Landorus|Intimidate|boost\n|-unboost|p1a: Toxapex|atk|1\n|move|p1a: Toxapex|Knock Off|p2a: Landorus\n|-damage|p2a: Landorus|76\/100\n|-enditem|p2a: Landorus|Leftovers|[from] move: Knock Off|[of] p1a: Toxapex\n|\n|-weather|RainDance|[upkeep]\n|upkeep\n|turn|7\n|inactive|ChandosH has 120 seconds left.\n|\n|t:|1667190773\n|switch|p1a: Skarmory|Skarmory, M|97\/100\n|-damage|p1a: Skarmory|85\/100|[from] Stealth Rock\n|move|p2a: Landorus|U-turn|p1a: Skarmory\n|-resisted|p1a: Skarmory\n|-damage|p1a: Skarmory|81\/100\n|-damage|p2a: Landorus|59\/100|[from] item: Rocky Helmet|[of] p1a: Skarmory\n|\n|t:|1667190796\n|switch|p2a: Barraskewda|Barraskewda, M|100\/100|[from]move: U-turn\n|-damage|p2a: Barraskewda|88\/100|[from] Spikes\n|\n|-weather|RainDance|[upkeep]\n|upkeep\n|turn|8\n|\n|t:|1667190805\n|switch|p1a: Toxapex|Toxapex, F|100\/100\n|-damage|p1a: Toxapex|88\/100|[from] Stealth Rock\n|move|p2a: Barraskewda|Liquidation|p1a: Toxapex\n|-resisted|p1a: Toxapex\n|-damage|p1a: Toxapex|54\/100\n|\n|-weather|RainDance|[upkeep]\n|upkeep\n|turn|9\n|\n|t:|1667190810\n|move|p2a: Barraskewda|Liquidation|p1a: Toxapex\n|-resisted|p1a: Toxapex\n|-damage|p1a: Toxapex|21\/100\n|move|p1a: Toxapex|Recover|p1a: Toxapex\n|-heal|p1a: Toxapex|71\/100\n|\n|-weather|RainDance|[upkeep]\n|upkeep\n|turn|10\n|\n|t:|1667190816\n|move|p2a: Barraskewda|Liquidation|p1a: Toxapex\n|-resisted|p1a: Toxapex\n|-damage|p1a: Toxapex|39\/100\n|move|p1a: Toxapex|Scald|p2a: Barraskewda\n|-resisted|p2a: Barraskewda\n|-damage|p2a: Barraskewda|60\/100\n|\n|-weather|RainDance|[upkeep]\n|upkeep\n|turn|11\n|inactive|ChandosH has 120 seconds left.\n|\n|t:|1667190824\n|move|p2a: Barraskewda|Liquidation|p1a: Toxapex\n|-resisted|p1a: Toxapex\n|-damage|p1a: Toxapex|7\/100\n|move|p1a: Toxapex|Recover|p1a: Toxapex\n|-heal|p1a: Toxapex|57\/100\n|\n|-weather|none\n|upkeep\n|turn|12\n|\n|t:|1667190832\n|switch|p2a: Zapdos|Zapdos|100\/100\n|move|p1a: Toxapex|Scald|p2a: Zapdos\n|-damage|p2a: Zapdos|82\/100\n|\n|upkeep\n|turn|13\n|\n|t:|1667190839\n|switch|p1a: Hippowdon|Hippowdon, F|100\/100\n|-damage|p1a: Hippowdon|94\/100|[from] Stealth Rock\n|-weather|Sandstorm|[from] ability: Sand Stream|[of] p1a: Hippowdon\n|move|p2a: Zapdos|U-turn|p1a: Hippowdon\n|-damage|p1a: Hippowdon|84\/100\n|\n|t:|1667190846\n|switch|p2a: Pelipper|Pelipper, F|84\/100|[from]move: U-turn\n|-weather|RainDance|[from] ability: Drizzle|[of] p2a: Pelipper\n|\n|-weather|RainDance|[upkeep]\n|-heal|p1a: Hippowdon|90\/100|[from] item: Leftovers\n|upkeep\n|turn|14\n|\n|t:|1667190856\n|switch|p1a: Toxapex|Toxapex, F|91\/100\n|-damage|p1a: Toxapex|78\/100|[from] Stealth Rock\n|move|p2a: Pelipper|Scald|p1a: Toxapex\n|-resisted|p1a: Toxapex\n|-damage|p1a: Toxapex|62\/100\n|-status|p1a: Toxapex|brn\n|\n|-weather|RainDance|[upkeep]\n|-damage|p1a: Toxapex|56\/100 brn|[from] brn\n|upkeep\n|turn|15\n|j| Haxgo\n|\n|t:|1667190873\n|move|p2a: Pelipper|U-turn|p1a: Toxapex\n|-resisted|p1a: Toxapex\n|-crit|p1a: Toxapex\n|-damage|p1a: Toxapex|52\/100 brn\n|l| Haxgo\n|l|\u2606Ctannn\n|inactive|Ctannn disconnected and has a minute to reconnect!\n|player|p2|\n|j|\u2606Ctannn\n|inactive|Ctannn reconnected and has 130 seconds left.\n|player|p2|Ctannn|101\n|\n|t:|1667190898\n|switch|p2a: Zapdos|Zapdos|82\/100|[from]move: U-turn\n|move|p1a: Toxapex|Scald|p2a: Zapdos\n|-damage|p2a: Zapdos|50\/100\n|-status|p2a: Zapdos|brn\n|\n|-weather|RainDance|[upkeep]\n|-damage|p2a: Zapdos|43\/100 brn|[from] brn\n|-damage|p1a: Toxapex|46\/100 brn|[from] brn\n|upkeep\n|turn|16\n|j| gare23limit\n|\n|t:|1667190909\n|switch|p1a: Hippowdon|Hippowdon, F|90\/100\n|-damage|p1a: Hippowdon|84\/100|[from] Stealth Rock\n|-weather|Sandstorm|[from] ability: Sand Stream|[of] p1a: Hippowdon\n|move|p2a: Zapdos|Hurricane|p1a: Hippowdon\n|-damage|p1a: Hippowdon|42\/100\n|-start|p1a: Hippowdon|confusion\n|\n|-weather|Sandstorm|[upkeep]\n|-damage|p2a: Zapdos|37\/100 brn|[from] Sandstorm\n|-heal|p1a: Hippowdon|48\/100|[from] item: Leftovers\n|-damage|p2a: Zapdos|31\/100 brn|[from] brn\n|upkeep\n|turn|17\n|\n|t:|1667190915\n|move|p2a: Zapdos|U-turn|p1a: Hippowdon\n|-damage|p1a: Hippowdon|43\/100\n|\n|t:|1667190918\n|switch|p2a: Pelipper|Pelipper, F|84\/100|[from]move: U-turn\n|-weather|RainDance|[from] ability: Drizzle|[of] p2a: Pelipper\n|-activate|p1a: Hippowdon|confusion\n|move|p1a: Hippowdon|Slack Off|p1a: Hippowdon\n|-heal|p1a: Hippowdon|93\/100\n|\n|-weather|RainDance|[upkeep]\n|-heal|p1a: Hippowdon|99\/100|[from] item: Leftovers\n|upkeep\n|turn|18\n|\n|t:|1667190929\n|switch|p1a: Toxapex|Toxapex, F|79\/100 brn\n|-damage|p1a: Toxapex|67\/100 brn|[from] Stealth Rock\n|move|p2a: Pelipper|U-turn|p1a: Toxapex\n|-resisted|p1a: Toxapex\n|-damage|p1a: Toxapex|64\/100 brn\n|\n|t:|1667190933\n|switch|p2a: Aegislash|Aegislash, M|100\/100|[from]move: U-turn\n|-damage|p2a: Aegislash|88\/100|[from] Spikes\n|\n|-weather|RainDance|[upkeep]\n|-heal|p2a: Aegislash|94\/100|[from] item: Leftovers\n|-damage|p1a: Toxapex|58\/100 brn|[from] brn\n|upkeep\n|turn|19\n|\n|t:|1667190940\n|switch|p1a: Hippowdon|Hippowdon, F|99\/100\n|-damage|p1a: Hippowdon|93\/100|[from] Stealth Rock\n|-weather|Sandstorm|[from] ability: Sand Stream|[of] p1a: Hippowdon\n|-formechange|p2a: Aegislash|Aegislash-Blade||[from] ability: Stance Change\n|move|p2a: Aegislash|Shadow Ball|p1a: Hippowdon\n|-damage|p1a: Hippowdon|59\/100\n|-unboost|p1a: Hippowdon|spd|1\n|\n|-weather|Sandstorm|[upkeep]\n|-heal|p2a: Aegislash|100\/100|[from] item: Leftovers\n|-heal|p1a: Hippowdon|65\/100|[from] item: Leftovers\n|upkeep\n|turn|20\n|\n|t:|1667190947\n|move|p2a: Aegislash|Shadow Ball|p1a: Hippowdon\n|-damage|p1a: Hippowdon|11\/100\n|move|p1a: Hippowdon|Slack Off|p1a: Hippowdon\n|-heal|p1a: Hippowdon|61\/100\n|\n|-weather|Sandstorm|[upkeep]\n|-heal|p1a: Hippowdon|68\/100|[from] item: Leftovers\n|upkeep\n|turn|21\n|\n|t:|1667190956\n|move|p2a: Aegislash|Shadow Ball|p1a: Hippowdon\n|-damage|p1a: Hippowdon|12\/100\n|-unboost|p1a: Hippowdon|spd|1\n|move|p1a: Hippowdon|Earthquake|p2a: Aegislash\n|-supereffective|p2a: Aegislash\n|-damage|p2a: Aegislash|0 fnt\n|faint|p2a: Aegislash\n|\n|-weather|Sandstorm|[upkeep]\n|-heal|p1a: Hippowdon|19\/100|[from] item: Leftovers\n|upkeep\n|\n|t:|1667190964\n|switch|p2a: Pelipper|Pelipper, F|84\/100\n|-weather|RainDance|[from] ability: Drizzle|[of] p2a: Pelipper\n|turn|22\n|j| cypherstest\n|\n|t:|1667190978\n|switch|p1a: Toxapex|Toxapex, F|91\/100 brn\n|-damage|p1a: Toxapex|78\/100 brn|[from] Stealth Rock\n|move|p2a: Pelipper|U-turn|p1a: Toxapex\n|-resisted|p1a: Toxapex\n|-damage|p1a: Toxapex|76\/100 brn\n|\n|t:|1667190981\n|switch|p2a: Zapdos|Zapdos|31\/100 brn|[from]move: U-turn\n|\n|-weather|RainDance|[upkeep]\n|-damage|p2a: Zapdos|25\/100 brn|[from] brn\n|-damage|p1a: Toxapex|70\/100 brn|[from] brn\n|upkeep\n|turn|23\n|\n|t:|1667190994\n|switch|p1a: Tapu Koko|Tapu Koko|100\/100\n|-fieldstart|move: Electric Terrain|[from] ability: Electric Surge|[of] p1a: Tapu Koko\n|move|p2a: Zapdos|Roost|p2a: Zapdos\n|-heal|p2a: Zapdos|75\/100 brn\n|-singleturn|p2a: Zapdos|move: Roost\n|\n|-weather|RainDance|[upkeep]\n|-damage|p2a: Zapdos|69\/100 brn|[from] brn\n|upkeep\n|turn|24\n|\n|t:|1667191009\n|move|p1a: Tapu Koko|Dazzling Gleam|p2a: Zapdos\n|-damage|p2a: Zapdos|29\/100 brn\n|move|p2a: Zapdos|U-turn|p1a: Tapu Koko\n|-resisted|p1a: Tapu Koko\n|-damage|p1a: Tapu Koko|96\/100\n|\n|t:|1667191015\n|switch|p2a: Tangrowth|Tangrowth, F|100\/100|[from]move: U-turn\n|-damage|p2a: Tangrowth|88\/100|[from] Spikes\n|\n|-weather|RainDance|[upkeep]\n|upkeep\n|turn|25\n|l|\u2606Ctannn\n|inactive|Ctannn disconnected and has a minute to reconnect!\n|player|p2|\n|\n|t:|1667191025\n|move|p1a: Tapu Koko|Volt Switch|p2a: Tangrowth\n|-resisted|p2a: Tangrowth\n|-damage|p2a: Tangrowth|76\/100\n|\n|t:|1667191030\n|switch|p1a: Toxapex|Toxapex, F|100\/100 brn|[from]move: Volt Switch\n|-damage|p1a: Toxapex|88\/100 brn|[from] Stealth Rock\n|move|p2a: Tangrowth|Knock Off|p1a: Toxapex\n|-damage|p1a: Toxapex|79\/100 brn\n|\n|-weather|RainDance|[upkeep]\n|-damage|p1a: Toxapex|73\/100 brn|[from] brn\n|upkeep\n|turn|26\n|inactive|Ctannn has 30 seconds to reconnect!\n|inactive|Ctannn has 20 seconds to reconnect!\n|inactive|Ctannn has 15 seconds to reconnect!\n|inactive|Ctannn has 10 seconds to reconnect!\n|inactive|Ctannn has 5 seconds to reconnect!\n|-message|Ctannn lost due to inactivity.\n|\n|win|ChandosH\n|raw|ChandosH's rating: 1793 &rarr; <strong>1814<\/strong><br \/>(+21 for winning)\n|raw|Ctannn's rating: 1804 &rarr; <strong>1783<\/strong><br \/>(-21 for losing)\n","uploadtime":1667191101,"views":11,"p1id":"chandosh","p2id":"ctannn","formatid":"gen8ou","rating":1783,"private":0,"password":null}