{"id":"gen8ou-1141567078","p1":"matthew437","p2":"The Teal Scizor","format":"gen8ou","log":"|j|\u2606matthew437\n|j|\u2606The Teal Scizor\n|player|p1|matthew437|janitor|1446\n|player|p2|The Teal Scizor|plasmagruntf|1400\n|teamsize|p1|6\n|teamsize|p2|6\n|gametype|singles\n|gen|8\n|tier|[Gen 8] OU\n|rated|\n|clearpoke\n|poke|p1|Pelipper, M|\n|poke|p1|Azumarill, M|\n|poke|p1|Kingdra, M|\n|poke|p1|Barraskewda, M|\n|poke|p1|Magearna|\n|poke|p1|Excadrill, F|\n|poke|p2|Magearna|\n|poke|p2|Urshifu-*, F|\n|poke|p2|Clefable, F|\n|poke|p2|Hippowdon, M|\n|poke|p2|Rotom-Heat|\n|poke|p2|Dragapult, F|\n|rule|Sleep Clause Mod: Limit one foe put to sleep\n|rule|Species Clause: Limit one of each Pok\u00e9mon\n|rule|OHKO Clause: OHKO moves are banned\n|rule|Evasion Moves Clause: Evasion moves are banned\n|rule|Endless Battle Clause: Forcing endless battles is banned\n|rule|HP Percentage Mod: HP is shown in percentages\n|rule|Dynamax Clause: You cannot dynamax\n|teampreview\n|\n|start\n|switch|p1a: Excadrill|Excadrill, F|100\/100\n|switch|p2a: Urshifu|Urshifu, F|100\/100\n|-ability|p1a: Excadrill|Mold Breaker\n|turn|1\n|inactive|Battle timer is ON: inactive players will automatically lose when time's up. (requested by The Teal Scizor)\n|\n|move|p2a: Urshifu|Wicked Blow|p1a: Excadrill\n|-crit|p1a: Excadrill\n|-enditem|p1a: Excadrill|Focus Sash\n|-damage|p1a: Excadrill|1\/100\n|move|p1a: Excadrill|Stealth Rock|p2a: Urshifu\n|-sidestart|p2: The Teal Scizor|move: Stealth Rock\n|\n|upkeep\n|turn|2\n|\n|switch|p1a: Magearna|Magearna|100\/100\n|move|p2a: Urshifu|Wicked Blow|p1a: Magearna\n|-resisted|p1a: Magearna\n|-crit|p1a: Magearna\n|-damage|p1a: Magearna|59\/100\n|\n|upkeep\n|turn|3\n|\n|switch|p2a: Rotom|Rotom-Heat|100\/100\n|move|p1a: Magearna|Fleur Cannon|p2a: Rotom\n|-resisted|p2a: Rotom\n|-damage|p2a: Rotom|70\/100\n|-unboost|p1a: Magearna|spa|2\n|\n|upkeep\n|turn|4\n|\n|switch|p1a: Excadrill|Excadrill, F|1\/100\n|-ability|p1a: Excadrill|Mold Breaker\n|move|p2a: Rotom|Overheat|p1a: Excadrill\n|-supereffective|p1a: Excadrill\n|-damage|p1a: Excadrill|0 fnt\n|-unboost|p2a: Rotom|spa|2\n|faint|p1a: Excadrill\n|\n|upkeep\n|\n|switch|p1a: Barraskewda|Barraskewda, M|100\/100\n|turn|5\n|\n|switch|p2a: Hippowdon|Hippowdon, M|100\/100\n|-damage|p2a: Hippowdon|94\/100|[from] Stealth Rock\n|-weather|Sandstorm|[from] ability: Sand Stream|[of] p2a: Hippowdon\n|move|p1a: Barraskewda|Flip Turn|p2a: Hippowdon\n|-supereffective|p2a: Hippowdon\n|-damage|p2a: Hippowdon|45\/100\n|-damage|p1a: Barraskewda|84\/100|[from] item: Rocky Helmet|[of] p2a: Hippowdon\n|-damage|p1a: Barraskewda|74\/100|[from] item: Life Orb\n|\n|switch|p1a: Pelipper|Pelipper, M|100\/100|[from]move: Flip Turn\n|-weather|RainDance|[from] ability: Drizzle|[of] p1a: Pelipper\n|\n|-weather|RainDance|[upkeep]\n|upkeep\n|turn|6\n|\n|move|p1a: Pelipper|U-turn|p2a: Hippowdon\n|-damage|p2a: Hippowdon|41\/100\n|-damage|p1a: Pelipper|84\/100|[from] item: Rocky Helmet|[of] p2a: Hippowdon\n|\n|switch|p1a: Barraskewda|Barraskewda, M|74\/100|[from]move: U-turn\n|move|p2a: Hippowdon|Stealth Rock|p1a: Barraskewda\n|-sidestart|p1: matthew437|move: Stealth Rock\n|\n|-weather|RainDance|[upkeep]\n|upkeep\n|turn|7\n|\n|move|p1a: Barraskewda|Liquidation|p2a: Hippowdon\n|-supereffective|p2a: Hippowdon\n|-damage|p2a: Hippowdon|0 fnt\n|-damage|p1a: Barraskewda|58\/100|[from] item: Rocky Helmet|[of] p2a: Hippowdon\n|-damage|p1a: Barraskewda|48\/100|[from] item: Life Orb\n|faint|p2a: Hippowdon\n|\n|-weather|RainDance|[upkeep]\n|upkeep\n|\n|switch|p2a: Urshifu|Urshifu, F|100\/100\n|-damage|p2a: Urshifu|94\/100|[from] Stealth Rock\n|turn|8\n|\n|switch|p1a: Magearna|Magearna|59\/100\n|-damage|p1a: Magearna|53\/100|[from] Stealth Rock\n|move|p2a: Urshifu|Sucker Punch||[still]\n|-fail|p2a: Urshifu\n|\n|-weather|RainDance|[upkeep]\n|upkeep\n|turn|9\n|\n|switch|p2a: Rotom|Rotom-Heat|70\/100\n|move|p1a: Magearna|Volt Switch|p2a: Rotom\n|-resisted|p2a: Rotom\n|-damage|p2a: Rotom|59\/100\n|\n|switch|p1a: Barraskewda|Barraskewda, M|48\/100|[from]move: Volt Switch\n|-damage|p1a: Barraskewda|36\/100|[from] Stealth Rock\n|\n|-weather|RainDance|[upkeep]\n|upkeep\n|turn|10\n|\n|move|p1a: Barraskewda|Liquidation|p2a: Rotom\n|-supereffective|p2a: Rotom\n|-damage|p2a: Rotom|0 fnt\n|-damage|p1a: Barraskewda|26\/100|[from] item: Life Orb\n|faint|p2a: Rotom\n|\n|-weather|RainDance|[upkeep]\n|upkeep\n|\n|switch|p2a: Urshifu|Urshifu, F|94\/100\n|-damage|p2a: Urshifu|88\/100|[from] Stealth Rock\n|turn|11\n|\n|move|p1a: Barraskewda|Liquidation|p2a: Urshifu\n|-damage|p2a: Urshifu|0 fnt\n|-damage|p1a: Barraskewda|16\/100|[from] item: Life Orb\n|faint|p2a: Urshifu\n|\n|-weather|RainDance|[upkeep]\n|upkeep\n|\n|switch|p2a: Clefable|Clefable, F|100\/100\n|turn|12\n|\n|move|p2a: Clefable|Protect|p2a: Clefable\n|-singleturn|p2a: Clefable|Protect\n|move|p1a: Barraskewda|Liquidation|p2a: Clefable\n|-activate|p2a: Clefable|move: Protect\n|\n|-weather|none\n|upkeep\n|turn|13\n|\n|move|p1a: Barraskewda|Flip Turn|p2a: Clefable\n|-crit|p2a: Clefable\n|-damage|p2a: Clefable|28\/100\n|-damage|p1a: Barraskewda|6\/100|[from] item: Life Orb\n|\n|switch|p1a: Pelipper|Pelipper, M|84\/100|[from]move: Flip Turn\n|-damage|p1a: Pelipper|59\/100|[from] Stealth Rock\n|-weather|RainDance|[from] ability: Drizzle|[of] p1a: Pelipper\n|move|p2a: Clefable|Moonblast|p1a: Pelipper\n|-damage|p1a: Pelipper|18\/100\n|\n|-weather|RainDance|[upkeep]\n|-heal|p2a: Clefable|34\/100|[from] item: Leftovers\n|upkeep\n|turn|14\n|\n|move|p1a: Pelipper|Roost|p1a: Pelipper\n|-heal|p1a: Pelipper|69\/100\n|-singleturn|p1a: Pelipper|move: Roost\n|move|p2a: Clefable|Moonblast|p1a: Pelipper\n|-damage|p1a: Pelipper|25\/100\n|\n|-weather|RainDance|[upkeep]\n|-heal|p2a: Clefable|40\/100|[from] item: Leftovers\n|upkeep\n|turn|15\n|\n|move|p1a: Pelipper|U-turn|p2a: Clefable\n|-resisted|p2a: Clefable\n|-damage|p2a: Clefable|36\/100\n|\n|switch|p1a: Barraskewda|Barraskewda, M|6\/100|[from]move: U-turn\n|-damage|p1a: Barraskewda|0 fnt|[from] Stealth Rock\n|faint|p1a: Barraskewda\n|move|p2a: Clefable|Moonblast|p1: Barraskewda|[notarget]\n|-fail|p2a: Clefable\n|\n|-weather|RainDance|[upkeep]\n|-heal|p2a: Clefable|42\/100|[from] item: Leftovers\n|upkeep\n|\n|switch|p1a: Azumarill|Azumarill, M|100\/100\n|-damage|p1a: Azumarill|88\/100|[from] Stealth Rock\n|turn|16\n|\n|move|p1a: Azumarill|Belly Drum|p1a: Azumarill\n|-damage|p1a: Azumarill|38\/100\n|-setboost|p1a: Azumarill|atk|6|[from] move: Belly Drum\n|-enditem|p1a: Azumarill|Sitrus Berry|[eat]\n|-heal|p1a: Azumarill|63\/100|[from] item: Sitrus Berry\n|move|p2a: Clefable|Moonblast|p1a: Azumarill\n|-damage|p1a: Azumarill|28\/100\n|-unboost|p1a: Azumarill|spa|1\n|\n|-weather|RainDance|[upkeep]\n|-heal|p2a: Clefable|48\/100|[from] item: Leftovers\n|upkeep\n|turn|17\n|\n|move|p2a: Clefable|Protect|p2a: Clefable\n|-singleturn|p2a: Clefable|Protect\n|move|p1a: Azumarill|Aqua Jet|p2a: Clefable\n|-activate|p2a: Clefable|move: Protect\n|\n|-weather|RainDance|[upkeep]\n|-heal|p2a: Clefable|54\/100|[from] item: Leftovers\n|upkeep\n|turn|18\n|\n|move|p1a: Azumarill|Aqua Jet|p2a: Clefable\n|-damage|p2a: Clefable|0 fnt\n|faint|p2a: Clefable\n|\n|-weather|RainDance|[upkeep]\n|upkeep\n|\n|switch|p2a: Dragapult|Dragapult, F|100\/100\n|-damage|p2a: Dragapult|88\/100|[from] Stealth Rock\n|turn|19\n|\n|move|p1a: Azumarill|Aqua Jet|p2a: Dragapult\n|-resisted|p2a: Dragapult\n|-damage|p2a: Dragapult|0 fnt\n|faint|p2a: Dragapult\n|\n|-weather|RainDance|[upkeep]\n|upkeep\n|\n|switch|p2a: Magearna|Magearna|100\/100\n|-damage|p2a: Magearna|95\/100|[from] Stealth Rock\n|turn|20\n|\n|move|p1a: Azumarill|Aqua Jet|p2a: Magearna\n|-damage|p2a: Magearna|0 fnt\n|faint|p2a: Magearna\n|\n|win|matthew437\n|l|\u2606The Teal Scizor\n||Ladder (probably) updated, but score could not be retrieved (Request timeout).\n","uploadtime":1593384687,"views":15,"p1id":"matthew437","p2id":"thetealscizor","formatid":"gen8ou","rating":0,"private":0,"password":null}