{"id":"gen8ou-1685510681","p1":"minimax_ai","p2":"misplayin","format":"gen8ou","log":"|html|<div class=\"broadcast-blue\"><strong>[Gen 8] OU is currently suspecting Melmetal! For information on how to participate check out the <a href=\"https:\/\/www.smogon.com\/forums\/threads\/np-ss-ou-suspect-process-round-12-monster-mash.3709234\/\">suspect thread<\/a>.<\/strong><\/div>\n|j|\u2606minimax_ai\n|j|\u2606misplayin\n|t:|1665748120\n|gametype|singles\n|player|p1|minimax_ai|101|1636\n|player|p2|misplayin|pokemonrangerf-gen4|1690\n|teamsize|p1|6\n|teamsize|p2|6\n|gen|8\n|tier|[Gen 8] OU\n|rated|\n|rule|Sleep Clause Mod: Limit one foe put to sleep\n|rule|Species Clause: Limit one of each Pok\u00e9mon\n|rule|OHKO Clause: OHKO moves are banned\n|rule|Evasion Items Clause: Evasion items are banned\n|rule|Evasion Moves Clause: Evasion moves are banned\n|rule|Endless Battle Clause: Forcing endless battles is banned\n|rule|HP Percentage Mod: HP is shown in percentages\n|rule|Dynamax Clause: You cannot dynamax\n|clearpoke\n|poke|p1|Rotom-Wash|\n|poke|p1|Weavile, M|\n|poke|p1|Landorus-Therian, M|\n|poke|p1|Heatran, M|\n|poke|p1|Tangrowth, M|\n|poke|p1|Melmetal|\n|poke|p2|Azumarill, F|\n|poke|p2|Gengar, F|\n|poke|p2|Garchomp, M|\n|poke|p2|Tornadus-Therian, M|\n|poke|p2|Landorus-Therian, M|\n|poke|p2|Buzzwole|\n|teampreview\n|inactive|Battle timer is ON: inactive players will automatically lose when time's up. (requested by misplayin)\n|c|\u2606minimax_ai|hf\n|inactive|minimax_ai also wants the timer to be on.\n|c|\u2606misplayin|I'll try\n|\n|t:|1665748138\n|start\n|switch|p1a: landorustherian|Landorus-Therian, M|100\/100\n|switch|p2a: Garchomp|Garchomp, M|100\/100\n|-ability|p1a: landorustherian|Intimidate|boost\n|-unboost|p2a: Garchomp|atk|1\n|turn|1\n|\n|t:|1665748141\n|move|p2a: Garchomp|Toxic|p1a: landorustherian\n|-status|p1a: landorustherian|tox\n|move|p1a: landorustherian|Toxic|p2a: Garchomp\n|-status|p2a: Garchomp|tox\n|\n|-damage|p2a: Garchomp|94\/100 tox|[from] psn\n|-damage|p1a: landorustherian|94\/100 tox|[from] psn\n|upkeep\n|turn|2\n|\n|t:|1665748144\n|switch|p1a: Heatran|Heatran, M|100\/100\n|-item|p1a: Heatran|Air Balloon\n|move|p2a: Garchomp|Stealth Rock|p1a: Heatran\n|-sidestart|p1: minimax_ai|move: Stealth Rock\n|\n|-heal|p2a: Garchomp|100\/100 tox|[from] item: Leftovers\n|-damage|p2a: Garchomp|88\/100 tox|[from] psn\n|upkeep\n|turn|3\n|\n|t:|1665748147\n|switch|p2a: Landorus|Landorus-Therian, M|100\/100\n|-ability|p2a: Landorus|Intimidate|boost\n|-unboost|p1a: Heatran|atk|1\n|move|p1a: Heatran|Stealth Rock|p2a: Landorus\n|-sidestart|p2: misplayin|move: Stealth Rock\n|\n|upkeep\n|turn|4\n|\n|t:|1665748149\n|move|p1a: Heatran|Eruption|p2a: Landorus\n|-damage|p2a: Landorus|42\/100\n|move|p2a: Landorus|U-turn|p1a: Heatran\n|-resisted|p1a: Heatran\n|-damage|p1a: Heatran|95\/100\n|-enditem|p1a: Heatran|Air Balloon\n|\n|t:|1665748153\n|switch|p2a: Garchomp|Garchomp, M|88\/100 tox|[from]move: U-turn\n|-damage|p2a: Garchomp|82\/100 tox|[from] Stealth Rock\n|\n|-heal|p2a: Garchomp|88\/100 tox|[from] item: Leftovers\n|-damage|p2a: Garchomp|82\/100 tox|[from] psn\n|upkeep\n|turn|5\n|\n|t:|1665748157\n|switch|p1a: rotomwash|Rotom-Wash|100\/100\n|-damage|p1a: rotomwash|88\/100|[from] Stealth Rock\n|switch|p2a: Landorus|Landorus-Therian, M|42\/100\n|-damage|p2a: Landorus|29\/100|[from] Stealth Rock\n|-ability|p2a: Landorus|Intimidate|boost\n|-unboost|p1a: rotomwash|atk|1\n|\n|-heal|p1a: rotomwash|94\/100|[from] item: Leftovers\n|-heal|p2a: Landorus|35\/100|[from] item: Leftovers\n|upkeep\n|turn|6\n|\n|t:|1665748167\n|switch|p2a: Tornadus|Tornadus-Therian, M|100\/100\n|-damage|p2a: Tornadus|76\/100|[from] Stealth Rock\n|move|p1a: rotomwash|Nasty Plot|p1a: rotomwash\n|-boost|p1a: rotomwash|spa|2\n|\n|-heal|p1a: rotomwash|100\/100|[from] item: Leftovers\n|upkeep\n|turn|7\n|\n|t:|1665748169\n|move|p2a: Tornadus|Knock Off|p1a: rotomwash\n|-damage|p1a: rotomwash|78\/100\n|-enditem|p1a: rotomwash|Leftovers|[from] move: Knock Off|[of] p2a: Tornadus\n|move|p1a: rotomwash|Hydro Pump|p2a: Tornadus|[miss]\n|-miss|p1a: rotomwash|p2a: Tornadus\n|\n|upkeep\n|turn|8\n|\n|t:|1665748172\n|move|p2a: Tornadus|Hurricane|p1a: rotomwash|[miss]\n|-miss|p2a: Tornadus|p1a: rotomwash\n|move|p1a: rotomwash|Hydro Pump|p2a: Tornadus\n|-damage|p2a: Tornadus|21\/100\n|\n|upkeep\n|turn|9\n|\n|t:|1665748174\n|move|p2a: Tornadus|U-turn|p1a: rotomwash\n|-damage|p1a: rotomwash|63\/100\n|\n|t:|1665748178\n|switch|p2a: Landorus|Landorus-Therian, M|35\/100|[from]move: U-turn\n|-damage|p2a: Landorus|23\/100|[from] Stealth Rock\n|-ability|p2a: Landorus|Intimidate|boost\n|-unboost|p1a: rotomwash|atk|1\n|move|p1a: rotomwash|Hydro Pump|p2a: Landorus\n|-supereffective|p2a: Landorus\n|-damage|p2a: Landorus|0 fnt\n|faint|p2a: Landorus\n|\n|upkeep\n|\n|t:|1665748181\n|switch|p2a: Gengar|Gengar, F|100\/100\n|-damage|p2a: Gengar|88\/100|[from] Stealth Rock\n|turn|10\n|\n|t:|1665748182\n|switch|p1a: Melmetal|Melmetal|100\/100\n|-damage|p1a: Melmetal|94\/100|[from] Stealth Rock\n|move|p2a: Gengar|Shadow Ball|p1a: Melmetal\n|-damage|p1a: Melmetal|64\/100\n|-unboost|p1a: Melmetal|spd|1\n|-damage|p2a: Gengar|78\/100|[from] item: Life Orb\n|\n|upkeep\n|turn|11\n|\n|t:|1665748185\n|move|p2a: Gengar|Focus Blast|p1a: Melmetal\n|-supereffective|p1a: Melmetal\n|-damage|p1a: Melmetal|0 fnt\n|faint|p1a: Melmetal\n|-damage|p2a: Gengar|68\/100|[from] item: Life Orb\n|\n|upkeep\n|\n|t:|1665748185\n|switch|p1a: Weavile|Weavile, M|100\/100\n|-damage|p1a: Weavile|76\/100|[from] Stealth Rock\n|-ability|p1a: Weavile|Pressure\n|turn|12\n|\n|t:|1665748188\n|switch|p2a: Buzzwole|Buzzwole|100\/100\n|-damage|p2a: Buzzwole|88\/100|[from] Stealth Rock\n|move|p1a: Weavile|Triple Axel|p2a: Buzzwole\n|-damage|p2a: Buzzwole|81\/100\n|-damage|p1a: Weavile|59\/100|[from] item: Rocky Helmet|[of] p2a: Buzzwole\n|-hitcount|p2a: Buzzwole|1\n|\n|upkeep\n|turn|13\n|\n|t:|1665748192\n|switch|p1a: Tangrowth|Tangrowth, M|100\/100\n|-damage|p1a: Tangrowth|88\/100|[from] Stealth Rock\n|switch|p2a: Gengar|Gengar, F|68\/100\n|-damage|p2a: Gengar|56\/100|[from] Stealth Rock\n|\n|upkeep\n|turn|14\n|\n|t:|1665748194\n|switch|p1a: landorustherian|Landorus-Therian, M|94\/100 tox\n|-damage|p1a: landorustherian|82\/100 tox|[from] Stealth Rock\n|-ability|p1a: landorustherian|Intimidate|boost\n|-unboost|p2a: Gengar|atk|1\n|move|p2a: Gengar|Shadow Ball|p1a: landorustherian\n|-damage|p1a: landorustherian|40\/100 tox\n|-damage|p2a: Gengar|46\/100|[from] item: Life Orb\n|\n|-heal|p1a: landorustherian|46\/100 tox|[from] item: Leftovers\n|-damage|p1a: landorustherian|40\/100 tox|[from] psn\n|upkeep\n|turn|15\n|\n|t:|1665748196\n|move|p2a: Gengar|Shadow Ball|p1a: landorustherian\n|-damage|p1a: landorustherian|2\/100 tox\n|-damage|p2a: Gengar|36\/100|[from] item: Life Orb\n|move|p1a: landorustherian|Earthquake|p2a: Gengar\n|-supereffective|p2a: Gengar\n|-damage|p2a: Gengar|0 fnt\n|faint|p2a: Gengar\n|\n|-heal|p1a: landorustherian|8\/100 tox|[from] item: Leftovers\n|-damage|p1a: landorustherian|0 fnt|[from] psn\n|faint|p1a: landorustherian\n|upkeep\n|c|\u2606misplayin|:(\n|\n|t:|1665748209\n|switch|p2a: Azumarill|Azumarill, F|100\/100\n|switch|p1a: Tangrowth|Tangrowth, M|100\/100\n|-damage|p2a: Azumarill|88\/100|[from] Stealth Rock\n|-damage|p1a: Tangrowth|88\/100|[from] Stealth Rock\n|turn|16\n|\n|t:|1665748212\n|switch|p2a: Buzzwole|Buzzwole|81\/100\n|-damage|p2a: Buzzwole|68\/100|[from] Stealth Rock\n|move|p1a: Tangrowth|Giga Drain|p2a: Buzzwole\n|-resisted|p2a: Buzzwole\n|-damage|p2a: Buzzwole|49\/100\n|-heal|p1a: Tangrowth|98\/100|[from] drain|[of] p2a: Buzzwole\n|\n|upkeep\n|turn|17\n|\n|t:|1665748214\n|move|p2a: Buzzwole|Roost|p2a: Buzzwole\n|-heal|p2a: Buzzwole|99\/100\n|-singleturn|p2a: Buzzwole|move: Roost\n|move|p1a: Tangrowth|Sleep Powder|p2a: Buzzwole\n|-status|p2a: Buzzwole|slp|[from] move: Sleep Powder\n|\n|upkeep\n|turn|18\n|\n|t:|1665748220\n|switch|p2a: Azumarill|Azumarill, F|88\/100\n|-damage|p2a: Azumarill|76\/100|[from] Stealth Rock\n|move|p1a: Tangrowth|Giga Drain|p2a: Azumarill\n|-supereffective|p2a: Azumarill\n|-damage|p2a: Azumarill|14\/100\n|-heal|p1a: Tangrowth|100\/100|[from] drain|[of] p2a: Azumarill\n|\n|upkeep\n|turn|19\n|\n|t:|1665748223\n|move|p2a: Azumarill|Play Rough|p1a: Tangrowth|[miss]\n|-miss|p2a: Azumarill|p1a: Tangrowth\n|move|p1a: Tangrowth|Giga Drain|p2a: Azumarill\n|-supereffective|p2a: Azumarill\n|-damage|p2a: Azumarill|0 fnt\n|faint|p2a: Azumarill\n|\n|upkeep\n|c|\u2606misplayin|gg\n|-message|misplayin forfeited.\n|\n|win|minimax_ai\n|raw|minimax_ai's rating: 1636 &rarr; <strong>1659<\/strong><br \/>(+23 for winning)\n|raw|misplayin's rating: 1690 &rarr; <strong>1667<\/strong><br \/>(-23 for losing)\n|c|\u2606minimax_ai|gg\n|l|\u2606misplayin\n","uploadtime":1665748243,"views":14,"p1id":"minimaxai","p2id":"misplayin","formatid":"gen8ou","rating":1659,"private":0,"password":null}