{"id":"gen8ou-1594195195","p1":"Sombra Diurna","p2":"JB87","format":"gen8ou","log":"|j|\u2606Sombra Diurna\n|j|\u2606JB87\n|t:|1654973477\n|gametype|singles\n|player|p1|Sombra Diurna|blue|1616\n|player|p2|JB87|hilbert|1619\n|teamsize|p1|6\n|teamsize|p2|6\n|gen|8\n|tier|[Gen 8] OU\n|rated|\n|rule|Sleep Clause Mod: Limit one foe put to sleep\n|rule|Species Clause: Limit one of each Pok\u00e9mon\n|rule|OHKO Clause: OHKO moves are banned\n|rule|Evasion Moves Clause: Evasion moves are banned\n|rule|Endless Battle Clause: Forcing endless battles is banned\n|rule|HP Percentage Mod: HP is shown in percentages\n|rule|Dynamax Clause: You cannot dynamax\n|clearpoke\n|poke|p1|Slowbro, F|\n|poke|p1|Hatterene, F|\n|poke|p1|Marowak-Alola, M|\n|poke|p1|Ferrothorn, F|\n|poke|p1|Garchomp, M|\n|poke|p1|Drampa, M|\n|poke|p2|Blissey, F|\n|poke|p2|Corviknight, F|\n|poke|p2|Ferrothorn, M|\n|poke|p2|Suicune|\n|poke|p2|Hydreigon, F|\n|poke|p2|Hippowdon, F|\n|teampreview\n|\n|t:|1654973499\n|start\n|switch|p1a: Falko|Drampa, M|100\/100\n|switch|p2a: Suicune|Suicune|100\/100\n|-ability|p2a: Suicune|Pressure\n|turn|1\n|\n|t:|1654973505\n|switch|p2a: Blissey|Blissey, F|100\/100\n|move|p1a: Falko|Thunderbolt|p2a: Blissey\n|-damage|p2a: Blissey|89\/100\n|\n|-heal|p2a: Blissey|95\/100|[from] item: Leftovers\n|upkeep\n|turn|2\n|\n|t:|1654973512\n|switch|p1a: Thorns|Ferrothorn, F|100\/100\n|move|p2a: Blissey|Toxic|p1a: Thorns\n|-immune|p1a: Thorns\n|\n|-heal|p2a: Blissey|100\/100|[from] item: Leftovers\n|upkeep\n|turn|3\n|\n|t:|1654973519\n|switch|p2a: Ferrothorn|Ferrothorn, M|100\/100\n|move|p1a: Thorns|Stealth Rock|p2a: Ferrothorn\n|-sidestart|p2: JB87|move: Stealth Rock\n|\n|upkeep\n|turn|4\n|\n|t:|1654973527\n|switch|p1a: Hatterene|Hatterene, F|100\/100\n|move|p2a: Ferrothorn|Knock Off|p1a: Hatterene\n|-damage|p1a: Hatterene|80\/100\n|-enditem|p1a: Hatterene|Kasib Berry|[from] move: Knock Off|[of] p2a: Ferrothorn\n|\n|upkeep\n|turn|5\n|\n|t:|1654973533\n|switch|p2a: Suicune|Suicune|100\/100\n|-damage|p2a: Suicune|88\/100|[from] Stealth Rock\n|-ability|p2a: Suicune|Pressure\n|move|p1a: Hatterene|Mystical Fire|p2a: Suicune\n|-resisted|p2a: Suicune\n|-damage|p2a: Suicune|80\/100\n|-unboost|p2a: Suicune|spa|1\n|\n|-heal|p2a: Suicune|86\/100|[from] item: Leftovers\n|upkeep\n|turn|6\n|\n|t:|1654973544\n|switch|p1a: Sharpo|Garchomp, M|100\/100\n|move|p2a: Suicune|Calm Mind|p2a: Suicune\n|-boost|p2a: Suicune|spa|1\n|-boost|p2a: Suicune|spd|1\n|\n|-heal|p2a: Suicune|92\/100|[from] item: Leftovers\n|upkeep\n|turn|7\n|\n|t:|1654973551\n|switch|p2a: Hydreigon|Hydreigon, F|100\/100\n|-damage|p2a: Hydreigon|88\/100|[from] Stealth Rock\n|move|p1a: Sharpo|Swords Dance|p1a: Sharpo\n|-boost|p1a: Sharpo|atk|2\n|\n|upkeep\n|turn|8\n|\n|t:|1654973559\n|switch|p1a: Thorns|Ferrothorn, F|100\/100\n|move|p2a: Hydreigon|Draco Meteor|p1a: Thorns\n|-resisted|p1a: Thorns\n|-damage|p1a: Thorns|78\/100\n|-unboost|p2a: Hydreigon|spa|2\n|\n|-heal|p1a: Thorns|84\/100|[from] item: Leftovers\n|upkeep\n|turn|9\n|\n|t:|1654973570\n|switch|p2a: Ferrothorn|Ferrothorn, M|100\/100\n|-damage|p2a: Ferrothorn|94\/100|[from] Stealth Rock\n|switch|p1a: Hatterene|Hatterene, F|80\/100\n|\n|-heal|p2a: Ferrothorn|100\/100|[from] item: Leftovers\n|upkeep\n|turn|10\n|\n|t:|1654973578\n|switch|p2a: Suicune|Suicune|92\/100\n|-damage|p2a: Suicune|80\/100|[from] Stealth Rock\n|-ability|p2a: Suicune|Pressure\n|move|p1a: Hatterene|Mystical Fire|p2a: Suicune\n|-resisted|p2a: Suicune\n|-damage|p2a: Suicune|71\/100\n|-unboost|p2a: Suicune|spa|1\n|\n|-heal|p2a: Suicune|77\/100|[from] item: Leftovers\n|upkeep\n|turn|11\n|\n|t:|1654973591\n|switch|p1a: Sharpo|Garchomp, M|100\/100\n|move|p2a: Suicune|Scald|p1a: Sharpo\n|-damage|p1a: Sharpo|82\/100\n|\n|-heal|p1a: Sharpo|88\/100|[from] item: Leftovers\n|-heal|p2a: Suicune|84\/100|[from] item: Leftovers\n|upkeep\n|turn|12\n|\n|t:|1654973599\n|switch|p2a: Corviknight|Corviknight, F|100\/100\n|-damage|p2a: Corviknight|88\/100|[from] Stealth Rock\n|-ability|p2a: Corviknight|Pressure\n|move|p1a: Sharpo|Swords Dance|p1a: Sharpo\n|-boost|p1a: Sharpo|atk|2\n|\n|-heal|p1a: Sharpo|94\/100|[from] item: Leftovers\n|-heal|p2a: Corviknight|94\/100|[from] item: Leftovers\n|upkeep\n|turn|13\n|\n|t:|1654973610\n|move|p1a: Sharpo|Swords Dance|p1a: Sharpo\n|-boost|p1a: Sharpo|atk|2\n|move|p2a: Corviknight|Brave Bird|p1a: Sharpo\n|-damage|p1a: Sharpo|59\/100\n|-damage|p2a: Corviknight|82\/100|[from] ability: Rough Skin|[of] p1a: Sharpo\n|-damage|p2a: Corviknight|71\/100|[from] Recoil\n|\n|-heal|p1a: Sharpo|65\/100|[from] item: Leftovers\n|-heal|p2a: Corviknight|77\/100|[from] item: Leftovers\n|upkeep\n|turn|14\n|\n|t:|1654973621\n|move|p1a: Sharpo|Stone Edge|p2a: Corviknight\n|-damage|p2a: Corviknight|19\/100\n|move|p2a: Corviknight|Brave Bird|p1a: Sharpo\n|-damage|p1a: Sharpo|30\/100\n|-damage|p2a: Corviknight|6\/100|[from] ability: Rough Skin|[of] p1a: Sharpo\n|-damage|p2a: Corviknight|0 fnt|[from] Recoil\n|faint|p2a: Corviknight\n|\n|-heal|p1a: Sharpo|36\/100|[from] item: Leftovers\n|upkeep\n|\n|t:|1654973624\n|switch|p2a: Hydreigon|Hydreigon, F|88\/100\n|-damage|p2a: Hydreigon|76\/100|[from] Stealth Rock\n|turn|15\n|\n|t:|1654973635\n|switch|p1a: Thorns|Ferrothorn, F|84\/100\n|move|p2a: Hydreigon|Dark Pulse|p1a: Thorns\n|-damage|p1a: Thorns|60\/100\n|\n|-heal|p1a: Thorns|66\/100|[from] item: Leftovers\n|upkeep\n|turn|16\n|\n|t:|1654973651\n|move|p2a: Hydreigon|Dark Pulse|p1a: Thorns\n|-damage|p1a: Thorns|39\/100\n|move|p1a: Thorns|Leech Seed|p2a: Hydreigon\n|-start|p2a: Hydreigon|move: Leech Seed\n|\n|-heal|p1a: Thorns|45\/100|[from] item: Leftovers\n|-damage|p2a: Hydreigon|64\/100|[from] Leech Seed|[of] p1a: Thorns\n|-heal|p1a: Thorns|56\/100|[silent]\n|upkeep\n|turn|17\n|\n|t:|1654973661\n|switch|p2a: Ferrothorn|Ferrothorn, M|100\/100\n|-damage|p2a: Ferrothorn|94\/100|[from] Stealth Rock\n|switch|p1a: Sharpo|Garchomp, M|36\/100\n|\n|-heal|p1a: Sharpo|43\/100|[from] item: Leftovers\n|-heal|p2a: Ferrothorn|100\/100|[from] item: Leftovers\n|upkeep\n|turn|18\n|\n|t:|1654973671\n|switch|p1a: Hatterene|Hatterene, F|80\/100\n|switch|p2a: Hippowdon|Hippowdon, F|100\/100\n|-damage|p2a: Hippowdon|94\/100|[from] Stealth Rock\n|-weather|Sandstorm|[from] ability: Sand Stream|[of] p2a: Hippowdon\n|\n|-weather|Sandstorm|[upkeep]\n|-damage|p1a: Hatterene|74\/100|[from] Sandstorm\n|-heal|p2a: Hippowdon|100\/100|[from] item: Leftovers\n|upkeep\n|turn|19\n|\n|t:|1654973691\n|switch|p1a: Falko|Drampa, M|100\/100\n|move|p2a: Hippowdon|Earthquake|p1a: Falko\n|-damage|p1a: Falko|61\/100\n|\n|-weather|Sandstorm|[upkeep]\n|-damage|p1a: Falko|55\/100|[from] Sandstorm\n|upkeep\n|turn|20\n|inactive|Battle timer is ON: inactive players will automatically lose when time's up. (requested by JB87)\n|\n|t:|1654973698\n|switch|p2a: Blissey|Blissey, F|100\/100\n|-damage|p2a: Blissey|88\/100|[from] Stealth Rock\n|move|p1a: Falko|Roost|p1a: Falko\n|-heal|p1a: Falko|100\/100\n|-singleturn|p1a: Falko|move: Roost\n|\n|-weather|Sandstorm|[upkeep]\n|-damage|p2a: Blissey|82\/100|[from] Sandstorm\n|-damage|p1a: Falko|94\/100|[from] Sandstorm\n|-heal|p2a: Blissey|88\/100|[from] item: Leftovers\n|upkeep\n|turn|21\n|\n|t:|1654973708\n|switch|p1a: Sonso|Slowbro, F|100\/100\n|move|p2a: Blissey|Seismic Toss|p1a: Sonso\n|-damage|p1a: Sonso|75\/100\n|\n|-weather|Sandstorm|[upkeep]\n|-damage|p2a: Blissey|82\/100|[from] Sandstorm\n|-damage|p1a: Sonso|69\/100|[from] Sandstorm\n|-heal|p2a: Blissey|88\/100|[from] item: Leftovers\n|upkeep\n|turn|22\n|\n|t:|1654973718\n|switch|p1a: Hatterene|Hatterene, F|74\/100\n|move|p2a: Blissey|Toxic|p1a: Hatterene\n|move|p1a: Hatterene|Toxic|p2a: Blissey|[from]ability: Magic Bounce\n|-status|p2a: Blissey|tox\n|\n|-weather|none\n|-heal|p2a: Blissey|94\/100 tox|[from] item: Leftovers\n|-damage|p2a: Blissey|88\/100 tox|[from] psn\n|upkeep\n|turn|23\n|\n|t:|1654973728\n|-curestatus|p2a: Blissey|tox|[from] ability: Natural Cure\n|switch|p2a: Suicune|Suicune|84\/100\n|-damage|p2a: Suicune|71\/100|[from] Stealth Rock\n|-ability|p2a: Suicune|Pressure\n|move|p1a: Hatterene|Trick Room|p1a: Hatterene\n|-fieldstart|move: Trick Room|[of] p1a: Hatterene\n|\n|-heal|p2a: Suicune|77\/100|[from] item: Leftovers\n|upkeep\n|turn|24\n|\n|t:|1654973738\n|switch|p1a: Thorns|Ferrothorn, F|56\/100\n|move|p2a: Suicune|Calm Mind|p2a: Suicune\n|-boost|p2a: Suicune|spa|1\n|-boost|p2a: Suicune|spd|1\n|\n|-heal|p1a: Thorns|62\/100|[from] item: Leftovers\n|-heal|p2a: Suicune|84\/100|[from] item: Leftovers\n|upkeep\n|turn|25\n|\n|t:|1654973746\n|move|p1a: Thorns|Leech Seed|p2a: Suicune|[miss]\n|-miss|p1a: Thorns|p2a: Suicune\n|move|p2a: Suicune|Scald|p1a: Thorns\n|-resisted|p1a: Thorns\n|-damage|p1a: Thorns|50\/100\n|\n|-heal|p1a: Thorns|57\/100|[from] item: Leftovers\n|-heal|p2a: Suicune|90\/100|[from] item: Leftovers\n|upkeep\n|turn|26\n|c|\u2606Sombra Diurna|nice\n|\n|t:|1654973756\n|move|p1a: Thorns|Leech Seed|p2a: Suicune\n|-start|p2a: Suicune|move: Leech Seed\n|move|p2a: Suicune|Scald|p1a: Thorns\n|-resisted|p1a: Thorns\n|-damage|p1a: Thorns|45\/100\n|\n|-heal|p1a: Thorns|51\/100|[from] item: Leftovers\n|-heal|p2a: Suicune|96\/100|[from] item: Leftovers\n|-damage|p2a: Suicune|84\/100|[from] Leech Seed|[of] p1a: Thorns\n|-heal|p1a: Thorns|65\/100|[silent]\n|upkeep\n|turn|27\n|\n|t:|1654973766\n|switch|p2a: Ferrothorn|Ferrothorn, M|100\/100\n|-damage|p2a: Ferrothorn|94\/100|[from] Stealth Rock\n|move|p1a: Thorns|Power Whip|p2a: Ferrothorn\n|-resisted|p2a: Ferrothorn\n|-damage|p2a: Ferrothorn|89\/100\n|-damage|p1a: Thorns|53\/100|[from] ability: Iron Barbs|[of] p2a: Ferrothorn\n|\n|-heal|p2a: Ferrothorn|95\/100|[from] item: Leftovers\n|-heal|p1a: Thorns|59\/100|[from] item: Leftovers\n|-fieldend|move: Trick Room\n|upkeep\n|turn|28\n|\n|t:|1654973778\n|switch|p1a: Hatterene|Hatterene, F|74\/100\n|move|p2a: Ferrothorn|Gyro Ball|p1a: Hatterene\n|-supereffective|p1a: Hatterene\n|-damage|p1a: Hatterene|36\/100\n|\n|-heal|p2a: Ferrothorn|100\/100|[from] item: Leftovers\n|upkeep\n|turn|29\n|\n|t:|1654973785\n|switch|p2a: Suicune|Suicune|84\/100\n|-damage|p2a: Suicune|71\/100|[from] Stealth Rock\n|-ability|p2a: Suicune|Pressure\n|move|p1a: Hatterene|Mystical Fire|p2a: Suicune\n|-resisted|p2a: Suicune\n|-damage|p2a: Suicune|63\/100\n|-unboost|p2a: Suicune|spa|1\n|\n|-heal|p2a: Suicune|69\/100|[from] item: Leftovers\n|upkeep\n|turn|30\n|\n|t:|1654973799\n|move|p2a: Suicune|Scald|p1a: Hatterene\n|-crit|p1a: Hatterene\n|-damage|p1a: Hatterene|3\/100\n|-status|p1a: Hatterene|brn\n|move|p1a: Hatterene|Healing Wish|p1a: Hatterene\n|faint|p1a: Hatterene\n|\n|-heal|p2a: Suicune|75\/100|[from] item: Leftovers\n|upkeep\n|\n|t:|1654973811\n|switch|p1a: Billy B.|Marowak-Alola, M|100\/100\n|turn|31\n|\n|t:|1654973818\n|switch|p2a: Hippowdon|Hippowdon, F|100\/100\n|-damage|p2a: Hippowdon|94\/100|[from] Stealth Rock\n|-weather|Sandstorm|[from] ability: Sand Stream|[of] p2a: Hippowdon\n|move|p1a: Billy B.|Poltergeist|p2a: Hippowdon\n|-activate|p2a: Hippowdon|move: Poltergeist|Leftovers\n|-damage|p2a: Hippowdon|45\/100\n|\n|-weather|Sandstorm|[upkeep]\n|-damage|p1a: Billy B.|94\/100|[from] Sandstorm\n|-heal|p2a: Hippowdon|51\/100|[from] item: Leftovers\n|upkeep\n|turn|32\n|\n|t:|1654973829\n|move|p2a: Hippowdon|Slack Off|p2a: Hippowdon\n|-heal|p2a: Hippowdon|100\/100\n|move|p1a: Billy B.|Flare Blitz|p2a: Hippowdon\n|-damage|p2a: Hippowdon|47\/100\n|\n|-weather|Sandstorm|[upkeep]\n|-damage|p1a: Billy B.|88\/100|[from] Sandstorm\n|-heal|p2a: Hippowdon|54\/100|[from] item: Leftovers\n|upkeep\n|turn|33\n|\n|t:|1654973841\n|switch|p1a: Sonso|Slowbro, F|100\/100\n|move|p2a: Hippowdon|Slack Off|p2a: Hippowdon\n|-heal|p2a: Hippowdon|100\/100\n|\n|-weather|Sandstorm|[upkeep]\n|-damage|p1a: Sonso|94\/100|[from] Sandstorm\n|upkeep\n|turn|34\n|\n|t:|1654973848\n|move|p2a: Hippowdon|Stealth Rock|p1a: Sonso\n|-sidestart|p1: Sombra Diurna|move: Stealth Rock\n|move|p1a: Sonso|Scald|p2a: Hippowdon\n|-supereffective|p2a: Hippowdon\n|-damage|p2a: Hippowdon|46\/100\n|\n|-weather|Sandstorm|[upkeep]\n|-damage|p1a: Sonso|88\/100|[from] Sandstorm\n|-heal|p2a: Hippowdon|52\/100|[from] item: Leftovers\n|upkeep\n|turn|35\n|\n|t:|1654973863\n|switch|p2a: Ferrothorn|Ferrothorn, M|100\/100\n|-damage|p2a: Ferrothorn|94\/100|[from] Stealth Rock\n|switch|p1a: Sharpo|Garchomp, M|43\/100\n|-heal|p1a: Sharpo|100\/100|[from] move: Healing Wish\n|-damage|p1a: Sharpo|94\/100|[from] Stealth Rock\n|\n|-weather|none\n|-heal|p1a: Sharpo|100\/100|[from] item: Leftovers\n|-heal|p2a: Ferrothorn|100\/100|[from] item: Leftovers\n|upkeep\n|turn|36\n|\n|t:|1654973873\n|switch|p2a: Hydreigon|Hydreigon, F|64\/100\n|-damage|p2a: Hydreigon|51\/100|[from] Stealth Rock\n|move|p1a: Sharpo|Swords Dance|p1a: Sharpo\n|-boost|p1a: Sharpo|atk|2\n|\n|upkeep\n|turn|37\n|\n|t:|1654973880\n|switch|p1a: Thorns|Ferrothorn, F|59\/100\n|-damage|p1a: Thorns|53\/100|[from] Stealth Rock\n|move|p2a: Hydreigon|Draco Meteor|p1a: Thorns\n|-resisted|p1a: Thorns\n|-crit|p1a: Thorns\n|-damage|p1a: Thorns|22\/100\n|-unboost|p2a: Hydreigon|spa|2\n|\n|-heal|p1a: Thorns|28\/100|[from] item: Leftovers\n|upkeep\n|turn|38\n|\n|t:|1654973895\n|switch|p2a: Ferrothorn|Ferrothorn, M|100\/100\n|-damage|p2a: Ferrothorn|94\/100|[from] Stealth Rock\n|move|p1a: Thorns|Leech Seed|p2a: Ferrothorn\n|-immune|p2a: Ferrothorn\n|\n|-heal|p1a: Thorns|34\/100|[from] item: Leftovers\n|-heal|p2a: Ferrothorn|100\/100|[from] item: Leftovers\n|upkeep\n|turn|39\n|\n|t:|1654973904\n|switch|p1a: Billy B.|Marowak-Alola, M|88\/100\n|-damage|p1a: Billy B.|63\/100|[from] Stealth Rock\n|move|p2a: Ferrothorn|Spikes|p1a: Billy B.\n|-sidestart|p1: Sombra Diurna|Spikes\n|\n|upkeep\n|turn|40\n|\n|t:|1654973916\n|switch|p2a: Hydreigon|Hydreigon, F|51\/100\n|-damage|p2a: Hydreigon|39\/100|[from] Stealth Rock\n|move|p1a: Billy B.|Flare Blitz|p2a: Hydreigon\n|-resisted|p2a: Hydreigon\n|-damage|p2a: Hydreigon|0 fnt\n|faint|p2a: Hydreigon\n|\n|upkeep\n|\n|t:|1654973919\n|switch|p2a: Hippowdon|Hippowdon, F|52\/100\n|-damage|p2a: Hippowdon|46\/100|[from] Stealth Rock\n|-weather|Sandstorm|[from] ability: Sand Stream|[of] p2a: Hippowdon\n|turn|41\n|\n|t:|1654973928\n|switch|p1a: Falko|Drampa, M|94\/100\n|-damage|p1a: Falko|82\/100|[from] Stealth Rock\n|-damage|p1a: Falko|70\/100|[from] Spikes\n|move|p2a: Hippowdon|Slack Off|p2a: Hippowdon\n|-heal|p2a: Hippowdon|96\/100\n|\n|-weather|Sandstorm|[upkeep]\n|-damage|p1a: Falko|64\/100|[from] Sandstorm\n|-heal|p2a: Hippowdon|100\/100|[from] item: Leftovers\n|upkeep\n|turn|42\n|\n|t:|1654973938\n|switch|p2a: Ferrothorn|Ferrothorn, M|100\/100\n|-damage|p2a: Ferrothorn|94\/100|[from] Stealth Rock\n|move|p1a: Falko|Ice Beam|p2a: Ferrothorn\n|-damage|p2a: Ferrothorn|64\/100\n|\n|-weather|Sandstorm|[upkeep]\n|-damage|p1a: Falko|58\/100|[from] Sandstorm\n|-heal|p2a: Ferrothorn|70\/100|[from] item: Leftovers\n|upkeep\n|turn|43\n|\n|t:|1654973947\n|move|p1a: Falko|Focus Blast|p2a: Ferrothorn\n|-supereffective|p2a: Ferrothorn\n|-damage|p2a: Ferrothorn|0 fnt\n|faint|p2a: Ferrothorn\n|\n|-weather|Sandstorm|[upkeep]\n|-damage|p1a: Falko|51\/100|[from] Sandstorm\n|upkeep\n|\n|t:|1654973952\n|switch|p2a: Blissey|Blissey, F|88\/100\n|-damage|p2a: Blissey|76\/100|[from] Stealth Rock\n|turn|44\n|\n|t:|1654973956\n|move|p2a: Blissey|Seismic Toss|p1a: Falko\n|-damage|p1a: Falko|24\/100\n|-ability|p1a: Falko|Berserk|boost\n|-boost|p1a: Falko|spa|1\n|move|p1a: Falko|Roost|p1a: Falko\n|-heal|p1a: Falko|74\/100\n|-singleturn|p1a: Falko|move: Roost\n|\n|-weather|Sandstorm|[upkeep]\n|-damage|p2a: Blissey|69\/100|[from] Sandstorm\n|-damage|p1a: Falko|68\/100|[from] Sandstorm\n|-heal|p2a: Blissey|76\/100|[from] item: Leftovers\n|upkeep\n|turn|45\n|\n|t:|1654973967\n|move|p2a: Blissey|Toxic|p1a: Falko\n|-status|p1a: Falko|tox\n|move|p1a: Falko|Focus Blast|p2a: Blissey\n|-supereffective|p2a: Blissey\n|-damage|p2a: Blissey|16\/100\n|\n|-weather|none\n|-heal|p2a: Blissey|23\/100|[from] item: Leftovers\n|-damage|p1a: Falko|62\/100 tox|[from] psn\n|upkeep\n|turn|46\n|\n|t:|1654973976\n|move|p2a: Blissey|Soft-Boiled|p2a: Blissey\n|-heal|p2a: Blissey|73\/100\n|move|p1a: Falko|Focus Blast|p2a: Blissey\n|-supereffective|p2a: Blissey\n|-damage|p2a: Blissey|10\/100\n|\n|-heal|p2a: Blissey|16\/100|[from] item: Leftovers\n|-damage|p1a: Falko|49\/100 tox|[from] psn\n|upkeep\n|turn|47\n|\n|t:|1654973985\n|switch|p1a: Billy B.|Marowak-Alola, M|63\/100\n|-damage|p1a: Billy B.|39\/100|[from] Stealth Rock\n|-damage|p1a: Billy B.|26\/100|[from] Spikes\n|move|p2a: Blissey|Seismic Toss|p1a: Billy B.\n|-immune|p1a: Billy B.\n|\n|-heal|p2a: Blissey|22\/100|[from] item: Leftovers\n|upkeep\n|turn|48\n|\n|t:|1654973996\n|move|p2a: Blissey|Toxic|p1a: Billy B.\n|-status|p1a: Billy B.|tox\n|move|p1a: Billy B.|Flare Blitz|p2a: Blissey\n|-damage|p2a: Blissey|0 fnt\n|faint|p2a: Blissey\n|\n|-damage|p1a: Billy B.|20\/100 tox|[from] psn\n|upkeep\n|\n|t:|1654973998\n|switch|p2a: Hippowdon|Hippowdon, F|100\/100\n|-damage|p2a: Hippowdon|94\/100|[from] Stealth Rock\n|-weather|Sandstorm|[from] ability: Sand Stream|[of] p2a: Hippowdon\n|turn|49\n|inactive|Sombra Diurna has 120 seconds left.\n|\n|t:|1654974032\n|switch|p1a: Sonso|Slowbro, F|100\/100\n|-damage|p1a: Sonso|88\/100|[from] Stealth Rock\n|-damage|p1a: Sonso|76\/100|[from] Spikes\n|move|p2a: Hippowdon|Earthquake|p1a: Sonso\n|-damage|p1a: Sonso|55\/100\n|\n|-weather|Sandstorm|[upkeep]\n|-damage|p1a: Sonso|49\/100|[from] Sandstorm\n|-heal|p2a: Hippowdon|100\/100|[from] item: Leftovers\n|upkeep\n|turn|50\n|\n|t:|1654974042\n|switch|p2a: Suicune|Suicune|75\/100\n|-damage|p2a: Suicune|63\/100|[from] Stealth Rock\n|-ability|p2a: Suicune|Pressure\n|move|p1a: Sonso|Trick Room|p1a: Sonso\n|-fieldstart|move: Trick Room|[of] p1a: Sonso\n|\n|-weather|Sandstorm|[upkeep]\n|-damage|p1a: Sonso|43\/100|[from] Sandstorm\n|-damage|p2a: Suicune|57\/100|[from] Sandstorm\n|-heal|p2a: Suicune|63\/100|[from] item: Leftovers\n|upkeep\n|turn|51\n|\n|t:|1654974055\n|switch|p1a: Thorns|Ferrothorn, F|34\/100\n|-damage|p1a: Thorns|28\/100|[from] Stealth Rock\n|-damage|p1a: Thorns|15\/100|[from] Spikes\n|move|p2a: Suicune|Calm Mind|p2a: Suicune\n|-boost|p2a: Suicune|spa|1\n|-boost|p2a: Suicune|spd|1\n|\n|-weather|Sandstorm|[upkeep]\n|-damage|p2a: Suicune|57\/100|[from] Sandstorm\n|-heal|p1a: Thorns|22\/100|[from] item: Leftovers\n|-heal|p2a: Suicune|63\/100|[from] item: Leftovers\n|upkeep\n|turn|52\n|\n|t:|1654974067\n|move|p1a: Thorns|Leech Seed|p2a: Suicune\n|-start|p2a: Suicune|move: Leech Seed\n|move|p2a: Suicune|Scald|p1a: Thorns\n|-resisted|p1a: Thorns\n|-damage|p1a: Thorns|10\/100\n|\n|-weather|Sandstorm|[upkeep]\n|-damage|p2a: Suicune|57\/100|[from] Sandstorm\n|-heal|p1a: Thorns|16\/100|[from] item: Leftovers\n|-heal|p2a: Suicune|63\/100|[from] item: Leftovers\n|-damage|p2a: Suicune|50\/100|[from] Leech Seed|[of] p1a: Thorns\n|-heal|p1a: Thorns|31\/100|[silent]\n|upkeep\n|turn|53\n|\n|t:|1654974078\n|switch|p2a: Hippowdon|Hippowdon, F|100\/100\n|-damage|p2a: Hippowdon|94\/100|[from] Stealth Rock\n|move|p1a: Thorns|Power Whip|p2a: Hippowdon\n|-supereffective|p2a: Hippowdon\n|-damage|p2a: Hippowdon|54\/100\n|\n|-weather|none\n|-heal|p1a: Thorns|37\/100|[from] item: Leftovers\n|-heal|p2a: Hippowdon|60\/100|[from] item: Leftovers\n|upkeep\n|turn|54\n|\n|t:|1654974088\n|move|p1a: Thorns|Leech Seed|p2a: Hippowdon\n|-start|p2a: Hippowdon|move: Leech Seed\n|move|p2a: Hippowdon|Slack Off|p2a: Hippowdon\n|-heal|p2a: Hippowdon|100\/100\n|\n|-heal|p1a: Thorns|43\/100|[from] item: Leftovers\n|-damage|p2a: Hippowdon|88\/100|[from] Leech Seed|[of] p1a: Thorns\n|-heal|p1a: Thorns|58\/100|[silent]\n|-fieldend|move: Trick Room\n|upkeep\n|turn|55\n|\n|t:|1654974098\n|move|p2a: Hippowdon|Curse|p2a: Hippowdon\n|-unboost|p2a: Hippowdon|spe|1\n|-boost|p2a: Hippowdon|atk|1\n|-boost|p2a: Hippowdon|def|1\n|move|p1a: Thorns|Power Whip|p2a: Hippowdon\n|-supereffective|p2a: Hippowdon\n|-damage|p2a: Hippowdon|62\/100\n|\n|-heal|p2a: Hippowdon|68\/100|[from] item: Leftovers\n|-heal|p1a: Thorns|64\/100|[from] item: Leftovers\n|-damage|p2a: Hippowdon|56\/100|[from] Leech Seed|[of] p1a: Thorns\n|-heal|p1a: Thorns|79\/100|[silent]\n|upkeep\n|turn|56\n|\n|t:|1654974110\n|switch|p1a: Sonso|Slowbro, F|76\/100\n|-damage|p1a: Sonso|63\/100|[from] Stealth Rock\n|-damage|p1a: Sonso|51\/100|[from] Spikes\n|move|p2a: Hippowdon|Earthquake|p1a: Sonso\n|-damage|p1a: Sonso|19\/100\n|\n|-heal|p2a: Hippowdon|62\/100|[from] item: Leftovers\n|-damage|p2a: Hippowdon|50\/100|[from] Leech Seed|[of] p1a: Sonso\n|-heal|p1a: Sonso|32\/100|[silent]\n|upkeep\n|turn|57\n|\n|t:|1654974121\n|switch|p2a: Suicune|Suicune|50\/100\n|-damage|p2a: Suicune|38\/100|[from] Stealth Rock\n|-ability|p2a: Suicune|Pressure\n|switch|p1a: Billy B.|Marowak-Alola, M|20\/100 tox\n|-damage|p1a: Billy B.|0 fnt|[from] Stealth Rock\n|faint|p1a: Billy B.\n|\n|-heal|p2a: Suicune|44\/100|[from] item: Leftovers\n|upkeep\n|inactive|Sombra Diurna has 120 seconds left.\n|\n|t:|1654974131\n|switch|p1a: Sharpo|Garchomp, M|100\/100\n|-damage|p1a: Sharpo|94\/100|[from] Stealth Rock\n|-damage|p1a: Sharpo|82\/100|[from] Spikes\n|turn|58\n|\n|t:|1654974136\n|move|p1a: Sharpo|Swords Dance|p1a: Sharpo\n|-boost|p1a: Sharpo|atk|2\n|move|p2a: Suicune|Scald|p1a: Sharpo\n|-damage|p1a: Sharpo|52\/100\n|\n|-heal|p1a: Sharpo|58\/100|[from] item: Leftovers\n|-heal|p2a: Suicune|50\/100|[from] item: Leftovers\n|upkeep\n|turn|59\n|-message|JB87 forfeited.\n|\n|win|Sombra Diurna\n|raw|Sombra Diurna's rating: 1616 &rarr; <strong>1636<\/strong><br \/>(+20 for winning)\n|raw|JB87's rating: 1619 &rarr; <strong>1599<\/strong><br \/>(-20 for losing)\n|l|\u2606JB87\n||Ladder isn't responding, score probably updated but might not have (Request timeout).\n","uploadtime":1654974148,"views":32,"p1id":"sombradiurna","p2id":"jb87","formatid":"gen8ou","rating":1599,"private":0,"password":null}