{"id":"gen8ou-1370640578","p1":"LT81YL YOVAN FILMO","p2":"BestixL","format":"gen8ou","log":"|raw|<div class=\"broadcast-blue\"><strong>This battle is required to be public due to a player having a name starting with 'lt81yl'.<\/div>\n|j|\u2606LT81YL YOVAN FILMO\n|j|\u2606BestixL\n|t:|1625437024\n|gametype|singles\n|player|p1|LT81YL YOVAN FILMO|ghetsis-gen5bw|1877\n|player|p2|BestixL|flannery|1937\n|teamsize|p1|6\n|teamsize|p2|6\n|gen|8\n|tier|[Gen 8] OU\n|rated|\n|rule|Sleep Clause Mod: Limit one foe put to sleep\n|rule|Species Clause: Limit one of each Pok\u00e9mon\n|rule|OHKO Clause: OHKO moves are banned\n|rule|Evasion Moves Clause: Evasion moves are banned\n|rule|Endless Battle Clause: Forcing endless battles is banned\n|rule|HP Percentage Mod: HP is shown in percentages\n|rule|Dynamax Clause: You cannot dynamax\n|clearpoke\n|poke|p1|Ditto|\n|poke|p1|Blissey, F|\n|poke|p1|Skarmory, F|\n|poke|p1|Toxapex, M|\n|poke|p1|Zeraora|\n|poke|p1|Clefable, F|\n|poke|p2|Slowking-Galar, M|\n|poke|p2|Weavile, F|\n|poke|p2|Landorus-Therian, M|\n|poke|p2|Toxapex, M|\n|poke|p2|Tapu Fini|\n|poke|p2|Corviknight, M|\n|teampreview\n|j| Can'tFight\n|j| LT81YL crying\n|j| Leo\n|inactive|Battle timer is ON: inactive players will automatically lose when time's up. (requested by BestixL)\n|j| ironwater\n|j| Reign1997\n|j| sdflkuuhsdfiug\n|inactive|LT81YL YOVAN FILMO has 120 seconds left.\n|\n|t:|1625437075\n|start\n|switch|p1a: Zeraora|Zeraora|100\/100\n|switch|p2a: just friends|Toxapex, M|100\/100\n|turn|1\n|\n|t:|1625437080\n|move|p1a: Zeraora|Knock Off|p2a: just friends\n|-damage|p2a: just friends|77\/100\n|-damage|p1a: Zeraora|84\/100|[from] item: Rocky Helmet|[of] p2a: just friends\n|-enditem|p2a: just friends|Rocky Helmet|[from] move: Knock Off|[of] p1a: Zeraora\n|move|p2a: just friends|Knock Off|p1a: Zeraora\n|-damage|p1a: Zeraora|64\/100\n|-enditem|p1a: Zeraora|Heavy-Duty Boots|[from] move: Knock Off|[of] p2a: just friends\n|\n|upkeep\n|turn|2\n|\n|t:|1625437089\n|move|p1a: Zeraora|Knock Off|p2a: just friends\n|-damage|p2a: just friends|62\/100\n|move|p2a: just friends|Scald|p1a: Zeraora\n|-damage|p1a: Zeraora|43\/100\n|\n|upkeep\n|turn|3\n|\n|t:|1625437096\n|switch|p2a: 2 soon|Slowking-Galar, M|100\/100\n|move|p1a: Zeraora|Knock Off|p2a: 2 soon\n|-supereffective|p2a: 2 soon\n|-damage|p2a: 2 soon|42\/100\n|-enditem|p2a: 2 soon|Assault Vest|[from] move: Knock Off|[of] p1a: Zeraora\n|\n|upkeep\n|turn|4\n|j| sdflkuuhsdfiuga\n|\n|t:|1625437100\n|switch|p2a: just friends|Toxapex, M|95\/100\n|move|p1a: Zeraora|Knock Off|p2a: just friends\n|-damage|p2a: just friends|78\/100\n|\n|upkeep\n|turn|5\n|\n|t:|1625437105\n|move|p1a: Zeraora|Volt Switch|p2a: just friends\n|-supereffective|p2a: just friends\n|-damage|p2a: just friends|49\/100\n|\n|t:|1625437111\n|switch|p1a: Ditto|Ditto|100\/100|[from]move: Volt Switch\n|-transform|p1a: Ditto|p2a: just friends|[from] ability: Imposter\n|move|p2a: just friends|Scald|p1a: Ditto\n|-resisted|p1a: Ditto\n|-damage|p1a: Ditto|95\/100\n|-status|p1a: Ditto|brn\n|\n|-damage|p1a: Ditto|89\/100 brn|[from] brn\n|upkeep\n|turn|6\n|\n|t:|1625437119\n|switch|p1a: Skarmory|Skarmory, F|100\/100\n|move|p2a: just friends|Scald|p1a: Skarmory\n|-damage|p1a: Skarmory|77\/100\n|\n|upkeep\n|turn|7\n|\n|t:|1625437123\n|switch|p1a: Ditto|Ditto|100\/100 brn\n|-transform|p1a: Ditto|p2a: just friends|[from] ability: Imposter\n|move|p2a: just friends|Scald|p1a: Ditto\n|-resisted|p1a: Ditto\n|-damage|p1a: Ditto|95\/100 brn\n|\n|-damage|p1a: Ditto|89\/100 brn|[from] brn\n|upkeep\n|turn|8\n|\n|t:|1625437129\n|switch|p1a: Blissey|Blissey, F|100\/100\n|move|p2a: just friends|Scald|p1a: Blissey\n|-damage|p1a: Blissey|94\/100\n|\n|upkeep\n|turn|9\n|\n|t:|1625437137\n|switch|p2a: 2 soon|Slowking-Galar, M|75\/100\n|move|p1a: Blissey|Stealth Rock|p2a: 2 soon\n|-sidestart|p2: BestixL|move: Stealth Rock\n|\n|upkeep\n|turn|10\n|\n|t:|1625437145\n|move|p1a: Blissey|Seismic Toss|p2a: 2 soon\n|-damage|p2a: 2 soon|49\/100\n|move|p2a: 2 soon|Future Sight|p1a: Blissey\n|-start|p2a: 2 soon|move: Future Sight\n|\n|upkeep\n|turn|11\n|\n|t:|1625437151\n|switch|p1a: Zeraora|Zeraora|43\/100\n|switch|p2a: the reaper|Corviknight, M|100\/100\n|-damage|p2a: the reaper|88\/100|[from] Stealth Rock\n|-ability|p2a: the reaper|Pressure\n|\n|-heal|p2a: the reaper|94\/100|[from] item: Leftovers\n|upkeep\n|turn|12\n|\n|t:|1625437157\n|switch|p1a: Skarmory|Skarmory, F|77\/100\n|move|p2a: the reaper|Defog|p1a: Skarmory\n|-unboost|p1a: Skarmory|evasion|1\n|-sideend|p2: BestixL|Stealth Rock|[from] move: Defog|[of] p2a: the reaper\n|\n|-end|p1a: Skarmory|move: Future Sight\n|-resisted|p1a: Skarmory\n|-damage|p1a: Skarmory|46\/100\n|-heal|p2a: the reaper|99\/100|[from] item: Leftovers\n|upkeep\n|turn|13\n|\n|t:|1625437164\n|switch|p2a: no space|Landorus-Therian, M|100\/100\n|-ability|p2a: no space|Intimidate|boost\n|-unboost|p1a: Skarmory|atk|1\n|move|p1a: Skarmory|Roost|p1a: Skarmory\n|-heal|p1a: Skarmory|96\/100\n|-singleturn|p1a: Skarmory|move: Roost\n|\n|upkeep\n|turn|14\n|\n|t:|1625437172\n|move|p2a: no space|Knock Off|p1a: Skarmory\n|-damage|p1a: Skarmory|78\/100\n|-enditem|p1a: Skarmory|Shed Shell|[from] move: Knock Off|[of] p2a: no space\n|move|p1a: Skarmory|Toxic|p2a: no space\n|-status|p2a: no space|tox\n|\n|-damage|p2a: no space|94\/100 tox|[from] psn\n|upkeep\n|turn|15\n|\n|t:|1625437179\n|move|p2a: no space|Stealth Rock|p1a: Skarmory\n|-sidestart|p1: LT81YL YOVAN FILMO|move: Stealth Rock\n|move|p1a: Skarmory|Spikes|p2a: no space\n|-sidestart|p2: BestixL|Spikes\n|\n|-heal|p2a: no space|100\/100 tox|[from] item: Leftovers\n|-damage|p2a: no space|88\/100 tox|[from] psn\n|upkeep\n|turn|16\n|\n|t:|1625437183\n|move|p2a: no space|U-turn|p1a: Skarmory\n|-resisted|p1a: Skarmory\n|-damage|p1a: Skarmory|75\/100\n|j|+Shellnuts\n|\n|t:|1625437191\n|switch|p2a: 2 soon|Slowking-Galar, M|83\/100|[from]move: U-turn\n|-damage|p2a: 2 soon|70\/100|[from] Spikes\n|move|p1a: Skarmory|Spikes|p2a: 2 soon\n|-sidestart|p2: BestixL|Spikes\n|\n|upkeep\n|turn|17\n|\n|t:|1625437199\n|switch|p1a: Toxapex|Toxapex, M|100\/100\n|-damage|p1a: Toxapex|88\/100|[from] Stealth Rock\n|move|p2a: 2 soon|Future Sight|p1a: Toxapex\n|-start|p2a: 2 soon|move: Future Sight\n|\n|-heal|p1a: Toxapex|94\/100|[from] item: Black Sludge\n|upkeep\n|turn|18\n|l| LT81YL crying\n|\n|t:|1625437204\n|switch|p2a: just friends|Toxapex, M|82\/100\n|-damage|p2a: just friends|66\/100|[from] Spikes\n|move|p1a: Toxapex|Scald|p2a: just friends\n|-resisted|p2a: just friends\n|-damage|p2a: just friends|60\/100\n|\n|-heal|p1a: Toxapex|100\/100|[from] item: Black Sludge\n|upkeep\n|turn|19\n|l|+Shellnuts\n|\n|t:|1625437210\n|move|p1a: Toxapex|Scald|p2a: just friends\n|-resisted|p2a: just friends\n|-crit|p2a: just friends\n|-damage|p2a: just friends|52\/100\n|move|p2a: just friends|Knock Off|p1a: Toxapex\n|-crit|p1a: Toxapex\n|-damage|p1a: Toxapex|87\/100\n|-enditem|p1a: Toxapex|Black Sludge|[from] move: Knock Off|[of] p2a: just friends\n|\n|-end|p1a: Toxapex|move: Future Sight\n|-supereffective|p1a: Toxapex\n|-damage|p1a: Toxapex|13\/100\n|upkeep\n|turn|20\n|\n|t:|1625437218\n|move|p1a: Toxapex|Recover|p1a: Toxapex\n|-heal|p1a: Toxapex|63\/100\n|move|p2a: just friends|Scald|p1a: Toxapex\n|-resisted|p1a: Toxapex\n|-damage|p1a: Toxapex|57\/100\n|\n|upkeep\n|turn|21\n|\n|t:|1625437222\n|move|p1a: Toxapex|Scald|p2a: just friends\n|-resisted|p2a: just friends\n|-damage|p2a: just friends|47\/100\n|move|p2a: just friends|Scald|p1a: Toxapex\n|-resisted|p1a: Toxapex\n|-damage|p1a: Toxapex|50\/100\n|\n|upkeep\n|turn|22\n|\n|t:|1625437226\n|move|p1a: Toxapex|Scald|p2a: just friends\n|-resisted|p2a: just friends\n|-damage|p2a: just friends|42\/100\n|move|p2a: just friends|Scald|p1a: Toxapex\n|-resisted|p1a: Toxapex\n|-damage|p1a: Toxapex|44\/100\n|-status|p1a: Toxapex|brn\n|\n|-damage|p1a: Toxapex|38\/100 brn|[from] brn\n|upkeep\n|turn|23\n|\n|t:|1625437232\n|switch|p2a: 2 soon|Slowking-Galar, M|100\/100\n|-damage|p2a: 2 soon|84\/100|[from] Spikes\n|move|p1a: Toxapex|Scald|p2a: 2 soon\n|-damage|p2a: 2 soon|74\/100\n|\n|-damage|p1a: Toxapex|31\/100 brn|[from] brn\n|upkeep\n|turn|24\n|\n|t:|1625437236\n|move|p1a: Toxapex|Recover|p1a: Toxapex\n|-heal|p1a: Toxapex|81\/100 brn\n|move|p2a: 2 soon|Future Sight|p1a: Toxapex\n|-start|p2a: 2 soon|move: Future Sight\n|\n|-damage|p1a: Toxapex|75\/100 brn|[from] brn\n|upkeep\n|turn|25\n|\n|t:|1625437248\n|move|p1a: Toxapex|Scald|p2a: 2 soon\n|-damage|p2a: 2 soon|64\/100\n|move|p2a: 2 soon|Sludge Bomb|p1a: Toxapex\n|-resisted|p1a: Toxapex\n|-damage|p1a: Toxapex|61\/100 brn\n|\n|-damage|p1a: Toxapex|55\/100 brn|[from] brn\n|upkeep\n|turn|26\n|\n|t:|1625437257\n|switch|p1a: Blissey|Blissey, F|94\/100\n|switch|p2a: no space|Landorus-Therian, M|88\/100 tox\n|-ability|p2a: no space|Intimidate|boost\n|-unboost|p1a: Blissey|atk|1\n|\n|-end|p1a: Blissey|move: Future Sight\n|-damage|p1a: Blissey|78\/100\n|-heal|p2a: no space|94\/100 tox|[from] item: Leftovers\n|-damage|p2a: no space|88\/100 tox|[from] psn\n|upkeep\n|turn|27\n|\n|t:|1625437261\n|switch|p1a: Clefable|Clefable, F|100\/100\n|move|p2a: no space|U-turn|p1a: Clefable\n|-resisted|p1a: Clefable\n|-damage|p1a: Clefable|92\/100\n|\n|t:|1625437266\n|switch|p2a: just friends|Toxapex, M|75\/100|[from]move: U-turn\n|-damage|p2a: just friends|59\/100|[from] Spikes\n|\n|upkeep\n|turn|28\n|\n|t:|1625437271\n|move|p1a: Clefable|Calm Mind|p1a: Clefable\n|-boost|p1a: Clefable|spa|1\n|-boost|p1a: Clefable|spd|1\n|move|p2a: just friends|Knock Off|p1a: Clefable\n|-resisted|p1a: Clefable\n|-damage|p1a: Clefable|86\/100\n|-enditem|p1a: Clefable|Life Orb|[from] move: Knock Off|[of] p2a: just friends\n|\n|upkeep\n|turn|29\n|\n|t:|1625437274\n|move|p1a: Clefable|Thunderbolt|p2a: just friends\n|-supereffective|p2a: just friends\n|-damage|p2a: just friends|24\/100\n|move|p2a: just friends|Haze|p2a: just friends\n|-clearallboost\n|\n|upkeep\n|turn|30\n|\n|t:|1625437278\n|switch|p2a: 2 soon|Slowking-Galar, M|97\/100\n|-damage|p2a: 2 soon|80\/100|[from] Spikes\n|move|p1a: Clefable|Calm Mind|p1a: Clefable\n|-boost|p1a: Clefable|spa|1\n|-boost|p1a: Clefable|spd|1\n|\n|upkeep\n|turn|31\n|\n|t:|1625437282\n|move|p1a: Clefable|Calm Mind|p1a: Clefable\n|-boost|p1a: Clefable|spa|1\n|-boost|p1a: Clefable|spd|1\n|move|p2a: 2 soon|Sludge Bomb|p1a: Clefable\n|-supereffective|p1a: Clefable\n|-damage|p1a: Clefable|51\/100\n|\n|upkeep\n|turn|32\n|\n|t:|1625437286\n|move|p1a: Clefable|Soft-Boiled|p1a: Clefable\n|-heal|p1a: Clefable|100\/100\n|move|p2a: 2 soon|Sludge Bomb|p1a: Clefable\n|-supereffective|p1a: Clefable\n|-damage|p1a: Clefable|62\/100\n|\n|upkeep\n|turn|33\n|\n|t:|1625437301\n|switch|p1a: Blissey|Blissey, F|78\/100\n|move|p2a: 2 soon|Sludge Bomb|p1a: Blissey\n|-damage|p1a: Blissey|64\/100\n|\n|upkeep\n|turn|34\n|\n|t:|1625437307\n|move|p1a: Blissey|Soft-Boiled|p1a: Blissey\n|-heal|p1a: Blissey|100\/100\n|move|p2a: 2 soon|Future Sight|p1a: Blissey\n|-start|p2a: 2 soon|move: Future Sight\n|\n|upkeep\n|turn|35\n|\n|t:|1625437312\n|switch|p1a: Skarmory|Skarmory, F|75\/100\n|-damage|p1a: Skarmory|63\/100|[from] Stealth Rock\n|switch|p2a: the reaper|Corviknight, M|99\/100\n|-ability|p2a: the reaper|Pressure\n|\n|-heal|p2a: the reaper|100\/100|[from] item: Leftovers\n|upkeep\n|turn|36\n|\n|t:|1625437315\n|move|p1a: Skarmory|Spikes|p2a: the reaper\n|-sidestart|p2: BestixL|Spikes\n|move|p2a: the reaper|Iron Defense|p2a: the reaper\n|-boost|p2a: the reaper|def|2\n|\n|-end|p1a: Skarmory|move: Future Sight\n|-resisted|p1a: Skarmory\n|-damage|p1a: Skarmory|28\/100\n|upkeep\n|turn|37\n|c|\u2606BestixL|???????'\n|\n|t:|1625437327\n|switch|p1a: Clefable|Clefable, F|62\/100\n|move|p2a: the reaper|Body Press|p1a: Clefable\n|-resisted|p1a: Clefable\n|-damage|p1a: Clefable|41\/100\n|\n|upkeep\n|turn|38\n|c|\u2606BestixL|este tipo esta tilteado Leo\n|\n|t:|1625437335\n|move|p2a: the reaper|Defog|p1a: Clefable\n|-unboost|p1a: Clefable|evasion|1\n|-sideend|p1: LT81YL YOVAN FILMO|Stealth Rock|[from] move: Defog|[of] p2a: the reaper\n|-sideend|p2: BestixL|Spikes|[from] move: Defog|[of] p2a: the reaper\n|move|p1a: Clefable|Soft-Boiled|p1a: Clefable\n|-heal|p1a: Clefable|91\/100\n|\n|upkeep\n|turn|39\n|c| Leo|no me queda del todo claro\n|\n|t:|1625437340\n|switch|p2a: 2 soon|Slowking-Galar, M|100\/100\n|switch|p1a: Blissey|Blissey, F|100\/100\n|\n|upkeep\n|turn|40\n|\n|t:|1625437345\n|switch|p2a: the reaper|Corviknight, M|100\/100\n|-ability|p2a: the reaper|Pressure\n|move|p1a: Blissey|Stealth Rock|p2a: the reaper\n|-sidestart|p2: BestixL|move: Stealth Rock\n|\n|upkeep\n|turn|41\n|c| Leo|toca que te lo humilles\n|\n|t:|1625437352\n|switch|p1a: Skarmory|Skarmory, F|28\/100\n|move|p2a: the reaper|Defog|p1a: Skarmory\n|-unboost|p1a: Skarmory|evasion|1\n|-sideend|p2: BestixL|Stealth Rock|[from] move: Defog|[of] p2a: the reaper\n|\n|upkeep\n|turn|42\n|\n|t:|1625437358\n|switch|p2a: no space|Landorus-Therian, M|88\/100 tox\n|-ability|p2a: no space|Intimidate|boost\n|-unboost|p1a: Skarmory|atk|1\n|move|p1a: Skarmory|Roost|p1a: Skarmory\n|-heal|p1a: Skarmory|78\/100\n|-singleturn|p1a: Skarmory|move: Roost\n|\n|-heal|p2a: no space|94\/100 tox|[from] item: Leftovers\n|-damage|p2a: no space|88\/100 tox|[from] psn\n|upkeep\n|turn|43\n|\n|t:|1625437362\n|move|p2a: no space|U-turn|p1a: Skarmory\n|-resisted|p1a: Skarmory\n|-crit|p1a: Skarmory\n|-damage|p1a: Skarmory|74\/100\n|\n|t:|1625437364\n|switch|p2a: the reaper|Corviknight, M|100\/100|[from]move: U-turn\n|-ability|p2a: the reaper|Pressure\n|move|p1a: Skarmory|Spikes|p2a: the reaper\n|-sidestart|p2: BestixL|Spikes\n|\n|upkeep\n|turn|44\n|\n|t:|1625437371\n|switch|p2a: no space|Landorus-Therian, M|88\/100 tox\n|-ability|p2a: no space|Intimidate|boost\n|-unboost|p1a: Skarmory|atk|1\n|move|p1a: Skarmory|Roost|p1a: Skarmory\n|-heal|p1a: Skarmory|100\/100\n|-singleturn|p1a: Skarmory|move: Roost\n|\n|-heal|p2a: no space|94\/100 tox|[from] item: Leftovers\n|-damage|p2a: no space|88\/100 tox|[from] psn\n|upkeep\n|turn|45\n|\n|t:|1625437376\n|switch|p1a: Clefable|Clefable, F|91\/100\n|move|p2a: no space|U-turn|p1a: Clefable\n|-resisted|p1a: Clefable\n|-damage|p1a: Clefable|83\/100\n|j| Lunarr\n|\n|t:|1625437397\n|switch|p2a: 2 soon|Slowking-Galar, M|100\/100|[from]move: U-turn\n|-damage|p2a: 2 soon|88\/100|[from] Spikes\n|\n|upkeep\n|turn|46\n|\n|t:|1625437402\n|switch|p1a: Ditto|Ditto|100\/100 brn\n|-transform|p1a: Ditto|p2a: 2 soon|[from] ability: Imposter\n|move|p2a: 2 soon|Future Sight|p1a: Ditto\n|-start|p2a: 2 soon|move: Future Sight\n|\n|-damage|p1a: Ditto|94\/100 brn|[from] brn\n|upkeep\n|turn|47\n|\n|t:|1625437410\n|move|p1a: Ditto|Flamethrower|p2a: 2 soon\n|-damage|p2a: 2 soon|73\/100\n|move|p2a: 2 soon|Earthquake|p1a: Ditto\n|-supereffective|p1a: Ditto\n|-damage|p1a: Ditto|52\/100 brn\n|\n|-damage|p1a: Ditto|46\/100 brn|[from] brn\n|upkeep\n|turn|48\n|\n|t:|1625437423\n|switch|p1a: Blissey|Blissey, F|100\/100\n|switch|p2a: Yotsuba|Weavile, F|100\/100\n|-ability|p2a: Yotsuba|Pressure\n|\n|-end|p1a: Blissey|move: Future Sight\n|-damage|p1a: Blissey|81\/100\n|upkeep\n|turn|49\n|\n|t:|1625437429\n|switch|p1a: Skarmory|Skarmory, F|100\/100\n|move|p2a: Yotsuba|Swords Dance|p2a: Yotsuba\n|-boost|p2a: Yotsuba|atk|2\n|\n|upkeep\n|turn|50\n|\n|t:|1625437433\n|switch|p2a: the reaper|Corviknight, M|100\/100\n|-ability|p2a: the reaper|Pressure\n|move|p1a: Skarmory|Body Press|p2a: the reaper\n|-damage|p2a: the reaper|83\/100\n|\n|-heal|p2a: the reaper|89\/100|[from] item: Leftovers\n|upkeep\n|turn|51\n|\n|t:|1625437438\n|switch|p1a: Clefable|Clefable, F|83\/100\n|move|p2a: the reaper|Defog|p1a: Clefable\n|-unboost|p1a: Clefable|evasion|1\n|-sideend|p2: BestixL|Spikes|[from] move: Defog|[of] p2a: the reaper\n|\n|-heal|p2a: the reaper|95\/100|[from] item: Leftovers\n|upkeep\n|turn|52\n|\n|t:|1625437442\n|switch|p2a: 2 soon|Slowking-Galar, M|100\/100\n|move|p1a: Clefable|Calm Mind|p1a: Clefable\n|-boost|p1a: Clefable|spa|1\n|-boost|p1a: Clefable|spd|1\n|\n|upkeep\n|turn|53\n|\n|t:|1625437447\n|switch|p1a: Blissey|Blissey, F|81\/100\n|move|p2a: 2 soon|Sludge Bomb|p1a: Blissey\n|-crit|p1a: Blissey\n|-damage|p1a: Blissey|61\/100\n|-status|p1a: Blissey|psn\n|\n|-damage|p1a: Blissey|48\/100 psn|[from] psn\n|upkeep\n|turn|54\n|l| Can'tFight\n|inactive|LT81YL YOVAN FILMO has 120 seconds left.\n|c|\u2606BestixL|antes de ganarme este tipo se me va apagar el pc\n|\n|t:|1625437496\n|move|p1a: Blissey|Soft-Boiled|p1a: Blissey\n|-heal|p1a: Blissey|98\/100 psn\n|move|p2a: 2 soon|Future Sight|p1a: Blissey\n|-start|p2a: 2 soon|move: Future Sight\n|\n|-damage|p1a: Blissey|86\/100 psn|[from] psn\n|upkeep\n|turn|55\n|j| LT81YL LE FLEXMAN\n|\n|t:|1625437503\n|switch|p1a: Skarmory|Skarmory, F|100\/100\n|switch|p2a: Itsuki|Tapu Fini|100\/100\n|-fieldstart|move: Misty Terrain|[from] ability: Misty Surge|[of] p2a: Itsuki\n|\n|upkeep\n|turn|56\n|inactive|LT81YL YOVAN FILMO has 120 seconds left.\n|\n|t:|1625437516\n|switch|p1a: Toxapex|Toxapex, M|88\/100 brn\n|move|p2a: Itsuki|Calm Mind|p2a: Itsuki\n|-boost|p2a: Itsuki|spa|1\n|-boost|p2a: Itsuki|spd|1\n|\n|-end|p1a: Toxapex|move: Future Sight\n|-supereffective|p1a: Toxapex\n|-damage|p1a: Toxapex|7\/100 brn\n|-damage|p1a: Toxapex|1\/100 brn|[from] brn\n|upkeep\n|turn|57\n|inactive|LT81YL YOVAN FILMO has 120 seconds left.\n|c|\u2606BestixL|esta loco\n|\n|t:|1625437531\n|switch|p1a: Ditto|Ditto|79\/100 brn\n|-transform|p1a: Ditto|p2a: Itsuki|[from] ability: Imposter\n|move|p2a: Itsuki|Calm Mind|p2a: Itsuki\n|-boost|p2a: Itsuki|spa|1\n|-boost|p2a: Itsuki|spd|1\n|\n|-damage|p1a: Ditto|73\/100 brn|[from] brn\n|upkeep\n|turn|58\n|l| Reign1997\n|inactive|LT81YL YOVAN FILMO has 120 seconds left.\n|\n|t:|1625437544\n|switch|p1a: Toxapex|Toxapex, M|34\/100 brn\n|move|p2a: Itsuki|Substitute|p2a: Itsuki\n|-start|p2a: Itsuki|Substitute\n|-damage|p2a: Itsuki|76\/100\n|\n|-heal|p2a: Itsuki|82\/100|[from] item: Leftovers\n|-damage|p1a: Toxapex|28\/100 brn|[from] brn\n|upkeep\n|turn|59\n|\n|t:|1625437548\n|move|p2a: Itsuki|Scald|p1a: Toxapex\n|-resisted|p1a: Toxapex\n|-damage|p1a: Toxapex|8\/100 brn\n|move|p1a: Toxapex|Recover|p1a: Toxapex\n|-heal|p1a: Toxapex|58\/100 brn\n|\n|-heal|p2a: Itsuki|88\/100|[from] item: Leftovers\n|-damage|p1a: Toxapex|51\/100 brn|[from] brn\n|-fieldend|Misty Terrain\n|upkeep\n|turn|60\n|\n|t:|1625437553\n|switch|p2a: 2 soon|Slowking-Galar, M|100\/100\n|move|p1a: Toxapex|Recover|p1a: Toxapex\n|-heal|p1a: Toxapex|100\/100 brn\n|\n|-damage|p1a: Toxapex|94\/100 brn|[from] brn\n|upkeep\n|turn|61\n|\n|t:|1625437556\n|move|p1a: Toxapex|Scald|p2a: 2 soon\n|-damage|p2a: 2 soon|91\/100\n|move|p2a: 2 soon|Future Sight|p1a: Toxapex\n|-start|p2a: 2 soon|move: Future Sight\n|\n|-damage|p1a: Toxapex|88\/100 brn|[from] brn\n|upkeep\n|turn|62\n|\n|t:|1625437559\n|switch|p2a: Itsuki|Tapu Fini|88\/100\n|-fieldstart|move: Misty Terrain|[from] ability: Misty Surge|[of] p2a: Itsuki\n|move|p1a: Toxapex|Knock Off|p2a: Itsuki\n|-resisted|p2a: Itsuki\n|-damage|p2a: Itsuki|86\/100\n|-enditem|p2a: Itsuki|Leftovers|[from] move: Knock Off|[of] p1a: Toxapex\n|\n|-damage|p1a: Toxapex|82\/100 brn|[from] brn\n|upkeep\n|turn|63\n|l| sdflkuuhsdfiuga\n|\n|t:|1625437565\n|switch|p2a: Yotsuba|Weavile, F|100\/100\n|-ability|p2a: Yotsuba|Pressure\n|switch|p1a: Blissey|Blissey, F|86\/100\n|\n|-end|p1a: Blissey|move: Future Sight\n|-damage|p1a: Blissey|69\/100\n|upkeep\n|turn|64\n|\n|t:|1625437570\n|switch|p1a: Skarmory|Skarmory, F|100\/100\n|move|p2a: Yotsuba|Swords Dance|p2a: Yotsuba\n|-boost|p2a: Yotsuba|atk|2\n|\n|upkeep\n|turn|65\n|\n|t:|1625437573\n|switch|p2a: the reaper|Corviknight, M|95\/100\n|-ability|p2a: the reaper|Pressure\n|move|p1a: Skarmory|Body Press|p2a: the reaper\n|-damage|p2a: the reaper|75\/100\n|\n|-heal|p2a: the reaper|81\/100|[from] item: Leftovers\n|upkeep\n|turn|66\n|\n|t:|1625437580\n|switch|p2a: just friends|Toxapex, M|57\/100\n|move|p1a: Skarmory|Spikes|p2a: just friends\n|-sidestart|p2: BestixL|Spikes\n|\n|-fieldend|Misty Terrain\n|upkeep\n|turn|67\n|\n|t:|1625437588\n|switch|p1a: Clefable|Clefable, F|83\/100\n|move|p2a: just friends|Scald|p1a: Clefable\n|-damage|p1a: Clefable|68\/100\n|\n|upkeep\n|turn|68\n|\n|t:|1625437593\n|switch|p2a: 2 soon|Slowking-Galar, M|100\/100\n|-damage|p2a: 2 soon|88\/100|[from] Spikes\n|move|p1a: Clefable|Thunderbolt|p2a: 2 soon\n|-damage|p2a: 2 soon|75\/100\n|\n|upkeep\n|turn|69\n|\n|t:|1625437597\n|switch|p1a: Ditto|Ditto|73\/100 brn\n|-transform|p1a: Ditto|p2a: 2 soon|[from] ability: Imposter\n|move|p2a: 2 soon|Future Sight|p1a: Ditto\n|-start|p2a: 2 soon|move: Future Sight\n|\n|-damage|p1a: Ditto|67\/100 brn|[from] brn\n|upkeep\n|turn|70\n|\n|t:|1625437604\n|move|p1a: Ditto|Flamethrower|p2a: 2 soon\n|-damage|p2a: 2 soon|60\/100\n|move|p2a: 2 soon|Earthquake|p1a: Ditto\n|-supereffective|p1a: Ditto\n|-damage|p1a: Ditto|24\/100 brn\n|\n|-damage|p1a: Ditto|18\/100 brn|[from] brn\n|upkeep\n|turn|71\n|\n|t:|1625437612\n|switch|p1a: Blissey|Blissey, F|69\/100\n|switch|p2a: Yotsuba|Weavile, F|100\/100\n|-ability|p2a: Yotsuba|Pressure\n|\n|-end|p1a: Blissey|move: Future Sight\n|-damage|p1a: Blissey|50\/100\n|upkeep\n|turn|72\n|\n|t:|1625437615\n|switch|p1a: Skarmory|Skarmory, F|100\/100\n|move|p2a: Yotsuba|Knock Off|p1a: Skarmory\n|-damage|p1a: Skarmory|83\/100\n|\n|upkeep\n|turn|73\n|\n|t:|1625437621\n|switch|p2a: the reaper|Corviknight, M|81\/100\n|-ability|p2a: the reaper|Pressure\n|switch|p1a: Toxapex|Toxapex, M|100\/100 brn\n|\n|-heal|p2a: the reaper|87\/100|[from] item: Leftovers\n|-damage|p1a: Toxapex|94\/100 brn|[from] brn\n|upkeep\n|turn|74\n|\n|t:|1625437638\n|switch|p2a: just friends|Toxapex, M|90\/100\n|-damage|p2a: just friends|77\/100|[from] Spikes\n|move|p1a: Toxapex|Scald|p2a: just friends\n|-resisted|p2a: just friends\n|-damage|p2a: just friends|72\/100\n|\n|-damage|p1a: Toxapex|88\/100 brn|[from] brn\n|upkeep\n|turn|75\n|\n|t:|1625437642\n|move|p1a: Toxapex|Scald|p2a: just friends\n|-resisted|p2a: just friends\n|-damage|p2a: just friends|67\/100\n|move|p2a: just friends|Knock Off|p1a: Toxapex\n|-damage|p1a: Toxapex|82\/100 brn\n|\n|-damage|p1a: Toxapex|75\/100 brn|[from] brn\n|upkeep\n|turn|76\n|\n|t:|1625437649\n|switch|p2a: 2 soon|Slowking-Galar, M|94\/100\n|-damage|p2a: 2 soon|81\/100|[from] Spikes\n|move|p1a: Toxapex|Scald|p2a: 2 soon\n|-damage|p2a: 2 soon|70\/100\n|\n|-damage|p1a: Toxapex|69\/100 brn|[from] brn\n|upkeep\n|turn|77\n|\n|t:|1625437659\n|move|p1a: Toxapex|Scald|p2a: 2 soon\n|-damage|p2a: 2 soon|59\/100\n|-status|p2a: 2 soon|brn\n|move|p2a: 2 soon|Future Sight|p1a: Toxapex\n|-start|p2a: 2 soon|move: Future Sight\n|\n|-damage|p1a: Toxapex|63\/100 brn|[from] brn\n|-damage|p2a: 2 soon|53\/100 brn|[from] brn\n|upkeep\n|turn|78\n|\n|t:|1625437665\n|switch|p2a: no space|Landorus-Therian, M|88\/100 tox\n|-ability|p2a: no space|Intimidate|boost\n|-unboost|p1a: Toxapex|atk|1\n|move|p1a: Toxapex|Recover|p1a: Toxapex\n|-heal|p1a: Toxapex|100\/100 brn\n|\n|-heal|p2a: no space|94\/100 tox|[from] item: Leftovers\n|-damage|p2a: no space|88\/100 tox|[from] psn\n|-damage|p1a: Toxapex|94\/100 brn|[from] brn\n|upkeep\n|turn|79\n|\n|t:|1625437669\n|switch|p1a: Skarmory|Skarmory, F|83\/100\n|move|p2a: no space|U-turn|p1a: Skarmory\n|-resisted|p1a: Skarmory\n|-damage|p1a: Skarmory|80\/100\n|\n|t:|1625437672\n|switch|p2a: 2 soon|Slowking-Galar, M|87\/100 brn|[from]move: U-turn\n|-damage|p2a: 2 soon|74\/100 brn|[from] Spikes\n|\n|-end|p1a: Skarmory|move: Future Sight\n|-resisted|p1a: Skarmory\n|-damage|p1a: Skarmory|45\/100\n|-damage|p2a: 2 soon|68\/100 brn|[from] brn\n|upkeep\n|turn|80\n|\n|t:|1625437678\n|switch|p1a: Blissey|Blissey, F|50\/100\n|move|p2a: 2 soon|Flamethrower|p1a: Blissey\n|-damage|p1a: Blissey|41\/100\n|\n|-damage|p2a: 2 soon|62\/100 brn|[from] brn\n|upkeep\n|turn|81\n|\n|t:|1625437681\n|switch|p2a: Yotsuba|Weavile, F|100\/100\n|-ability|p2a: Yotsuba|Pressure\n|move|p1a: Blissey|Soft-Boiled|p1a: Blissey\n|-heal|p1a: Blissey|91\/100\n|\n|upkeep\n|turn|82\n|\n|t:|1625437685\n|move|p2a: Yotsuba|Swords Dance|p2a: Yotsuba\n|-boost|p2a: Yotsuba|atk|2\n|move|p1a: Blissey|Toxic|p2a: Yotsuba\n|-status|p2a: Yotsuba|tox\n|\n|-damage|p2a: Yotsuba|94\/100 tox|[from] psn\n|upkeep\n|turn|83\n|\n|t:|1625437691\n|switch|p1a: Toxapex|Toxapex, M|100\/100 brn\n|move|p2a: Yotsuba|Knock Off|p1a: Toxapex\n|-damage|p1a: Toxapex|61\/100 brn\n|\n|-damage|p2a: Yotsuba|82\/100 tox|[from] psn\n|-damage|p1a: Toxapex|55\/100 brn|[from] brn\n|upkeep\n|turn|84\n|\n|t:|1625437697\n|move|p2a: Yotsuba|Knock Off|p1a: Toxapex\n|-damage|p1a: Toxapex|17\/100 brn\n|move|p1a: Toxapex|Recover|p1a: Toxapex\n|-heal|p1a: Toxapex|67\/100 brn\n|\n|-damage|p2a: Yotsuba|64\/100 tox|[from] psn\n|-damage|p1a: Toxapex|61\/100 brn|[from] brn\n|upkeep\n|turn|85\n|\n|t:|1625437700\n|switch|p2a: just friends|Toxapex, M|100\/100\n|-damage|p2a: just friends|88\/100|[from] Spikes\n|move|p1a: Toxapex|Recover|p1a: Toxapex\n|-heal|p1a: Toxapex|100\/100 brn\n|\n|-damage|p1a: Toxapex|94\/100 brn|[from] brn\n|upkeep\n|turn|86\n|\n|t:|1625437704\n|switch|p2a: the reaper|Corviknight, M|87\/100\n|-ability|p2a: the reaper|Pressure\n|move|p1a: Toxapex|Scald|p2a: the reaper\n|-damage|p2a: the reaper|70\/100\n|\n|-heal|p2a: the reaper|76\/100|[from] item: Leftovers\n|-damage|p1a: Toxapex|88\/100 brn|[from] brn\n|upkeep\n|turn|87\n|\n|t:|1625437708\n|move|p2a: the reaper|Defog|p1a: Toxapex\n|-unboost|p1a: Toxapex|evasion|1\n|-sideend|p2: BestixL|Spikes|[from] move: Defog|[of] p2a: the reaper\n|move|p1a: Toxapex|Knock Off|p2a: the reaper\n|-damage|p2a: the reaper|71\/100\n|-enditem|p2a: the reaper|Leftovers|[from] move: Knock Off|[of] p1a: Toxapex\n|\n|-damage|p1a: Toxapex|82\/100 brn|[from] brn\n|upkeep\n|turn|88\n|\n|t:|1625437714\n|switch|p2a: just friends|Toxapex, M|100\/100\n|switch|p1a: Skarmory|Skarmory, F|45\/100\n|\n|upkeep\n|turn|89\n|\n|t:|1625437719\n|switch|p1a: Blissey|Blissey, F|91\/100\n|switch|p2a: the reaper|Corviknight, M|71\/100\n|-ability|p2a: the reaper|Pressure\n|\n|upkeep\n|turn|90\n|\n|t:|1625437721\n|switch|p2a: just friends|Toxapex, M|100\/100\n|move|p1a: Blissey|Stealth Rock|p2a: just friends\n|-sidestart|p2: BestixL|move: Stealth Rock\n|\n|upkeep\n|turn|91\n|\n|t:|1625437724\n|switch|p1a: Clefable|Clefable, F|68\/100\n|switch|p2a: no space|Landorus-Therian, M|88\/100 tox\n|-damage|p2a: no space|76\/100 tox|[from] Stealth Rock\n|-ability|p2a: no space|Intimidate|boost\n|-unboost|p1a: Clefable|atk|1\n|\n|-heal|p2a: no space|82\/100 tox|[from] item: Leftovers\n|-damage|p2a: no space|76\/100 tox|[from] psn\n|upkeep\n|turn|92\n|j| LT81YL Marcotl\n|inactive|BestixL has 120 seconds left.\n|inactive|BestixL has 90 seconds left.\n|-message|BestixL forfeited.\n|\n|win|LT81YL YOVAN FILMO\n|raw|LT81YL YOVAN FILMO's rating: 1877 &rarr; <strong>1900<\/strong><br \/>(+23 for winning)\n|raw|BestixL's rating: 1937 &rarr; <strong>1914<\/strong><br \/>(-23 for losing)\n|l|\u2606LT81YL YOVAN FILMO\n|l|\u2606BestixL\n|l| ironwater\n|l| LT81YL LE FLEXMAN\n|l| Leo\n|l| LT81YL Marcotl\n","uploadtime":1625438477,"views":37,"p1id":"lt81ylyovanfilmo","p2id":"bestixl","formatid":"gen8ou","rating":1900,"private":0,"password":null}