{"id":"gen8ou-1680785840","p1":"dmt dreams","p2":"Bogzzz","format":"gen8ou","log":"|j|\u203ddmt dreams\n|j|\u2606Bogzzz\n|inactive|Battle timer is ON: inactive players will automatically lose when time's up.\n|t:|1665239469\n|gametype|singles\n|player|p1|dmt dreams|tuber-gen6|\n|player|p2|Bogzzz|169|\n|teamsize|p1|6\n|teamsize|p2|6\n|gen|8\n|tier|[Gen 8] OU\n|rated|Tournament battle\n|rule|Sleep Clause Mod: Limit one foe put to sleep\n|rule|Species Clause: Limit one of each Pok\u00e9mon\n|rule|OHKO Clause: OHKO moves are banned\n|rule|Evasion Items Clause: Evasion items are banned\n|rule|Evasion Moves Clause: Evasion moves are banned\n|rule|Endless Battle Clause: Forcing endless battles is banned\n|rule|HP Percentage Mod: HP is shown in percentages\n|rule|Dynamax Clause: You cannot dynamax\n|clearpoke\n|poke|p1|Zapdos|\n|poke|p1|Kartana|\n|poke|p1|Pelipper, M|\n|poke|p1|Barraskewda, M|\n|poke|p1|Azumarill, M|\n|poke|p1|Landorus-Therian, M|\n|poke|p2|Dragapult, M|\n|poke|p2|Kartana|\n|poke|p2|Buzzwole|\n|poke|p2|Landorus-Therian, M|\n|poke|p2|Heatran, M|\n|poke|p2|Gastrodon-East, F|\n|teampreview\n|inactive|dmt dreams also wants the timer to be on.\n|inactive|dmt dreams has 120 seconds left.\n|inactive|Bogzzz has 120 seconds left.\n|j| ozf\n|l| ozf\n|inactive|dmt dreams has 90 seconds left.\n|j| BaldManStrikes\n|inactive|dmt dreams has 60 seconds left.\n|c| BaldManStrikes|whats up with everybody runnin rain\n|\n|t:|1665239578\n|start\n|switch|p1a: Pelipper|Pelipper, M|100\/100\n|switch|p2a: Dragapult|Dragapult, M|100\/100\n|-weather|RainDance|[from] ability: Drizzle|[of] p1a: Pelipper\n|turn|1\n|\n|t:|1665239598\n|move|p2a: Dragapult|Draco Meteor|p1a: Pelipper\n|-damage|p1a: Pelipper|17\/100\n|-unboost|p2a: Dragapult|spa|2\n|move|p1a: Pelipper|U-turn|p2a: Dragapult\n|-resisted|p2a: Dragapult\n|-damage|p2a: Dragapult|94\/100\n|\n|t:|1665239602\n|switch|p1a: Azumarill|Azumarill, M|100\/100|[from]move: U-turn\n|\n|-weather|RainDance|[upkeep]\n|upkeep\n|turn|2\n|\n|t:|1665239620\n|switch|p2a: Landorus|Landorus-Therian, M|100\/100\n|-ability|p2a: Landorus|Intimidate|boost\n|-unboost|p1a: Azumarill|atk|1\n|move|p1a: Azumarill|Knock Off|p2a: Landorus\n|-damage|p2a: Landorus|82\/100\n|-enditem|p2a: Landorus|Leftovers|[from] move: Knock Off|[of] p1a: Azumarill\n|\n|-weather|RainDance|[upkeep]\n|upkeep\n|turn|3\n|\n|t:|1665239626\n|switch|p2a: Gastrodon|Gastrodon-East, F|100\/100\n|move|p1a: Azumarill|Liquidation|p2a: Gastrodon\n|-ability|p2a: Gastrodon|Storm Drain|boost\n|-boost|p2a: Gastrodon|spa|1\n|\n|-weather|RainDance|[upkeep]\n|upkeep\n|turn|4\n|inactive|dmt dreams has 120 seconds left.\n|\n|t:|1665239653\n|switch|p1a: Barraskewda|Barraskewda, M|100\/100\n|move|p2a: Gastrodon|Toxic|p1a: Barraskewda\n|-status|p1a: Barraskewda|tox\n|\n|-weather|RainDance|[upkeep]\n|-damage|p1a: Barraskewda|94\/100 tox|[from] psn\n|upkeep\n|turn|5\n|\n|t:|1665239672\n|move|p1a: Barraskewda|Close Combat|p2a: Gastrodon\n|-damage|p2a: Gastrodon|27\/100\n|-unboost|p1a: Barraskewda|def|1\n|-unboost|p1a: Barraskewda|spd|1\n|move|p2a: Gastrodon|Recover|p2a: Gastrodon\n|-heal|p2a: Gastrodon|77\/100\n|\n|-weather|RainDance|[upkeep]\n|-heal|p2a: Gastrodon|83\/100|[from] item: Leftovers\n|-damage|p1a: Barraskewda|82\/100 tox|[from] psn\n|upkeep\n|turn|6\n|c| BaldManStrikes|gp buzzwole ight here\n|\n|t:|1665239679\n|switch|p1a: Landorus|Landorus-Therian, M|100\/100\n|-ability|p1a: Landorus|Intimidate|boost\n|-unboost|p2a: Gastrodon|atk|1\n|move|p2a: Gastrodon|Earth Power|p1a: Landorus\n|-immune|p1a: Landorus\n|\n|-weather|RainDance|[upkeep]\n|-heal|p2a: Gastrodon|89\/100|[from] item: Leftovers\n|upkeep\n|turn|7\n|l| BaldManStrikes\n|inactive|Bogzzz has 120 seconds left.\n|\n|t:|1665239712\n|move|p1a: Landorus|Stealth Rock|p2a: Gastrodon\n|-sidestart|p2: Bogzzz|move: Stealth Rock\n|move|p2a: Gastrodon|Scald|p1a: Landorus\n|-supereffective|p1a: Landorus\n|-damage|p1a: Landorus|0 fnt\n|faint|p1a: Landorus\n|\n|-weather|RainDance|[upkeep]\n|-heal|p2a: Gastrodon|95\/100|[from] item: Leftovers\n|upkeep\n|\n|t:|1665239716\n|switch|p1a: Kartana|Kartana|100\/100\n|turn|8\n|inactive|Bogzzz has 120 seconds left.\n|\n|t:|1665239728\n|switch|p2a: Buzzwole|Buzzwole|100\/100\n|-damage|p2a: Buzzwole|88\/100|[from] Stealth Rock\n|move|p1a: Kartana|Leaf Blade|p2a: Buzzwole\n|-resisted|p2a: Buzzwole\n|-damage|p2a: Buzzwole|73\/100\n|\n|-weather|none\n|-heal|p2a: Buzzwole|79\/100|[from] item: Leftovers\n|upkeep\n|turn|9\n|inactive|Bogzzz has 120 seconds left.\n|\n|t:|1665239739\n|move|p1a: Kartana|Leaf Blade|p2a: Buzzwole\n|-resisted|p2a: Buzzwole\n|-damage|p2a: Buzzwole|62\/100\n|move|p2a: Buzzwole|Ice Punch|p1a: Kartana\n|-damage|p1a: Kartana|75\/100\n|\n|-heal|p2a: Buzzwole|68\/100|[from] item: Leftovers\n|upkeep\n|turn|10\n|\n|t:|1665239742\n|switch|p1a: Zapdos|Zapdos|100\/100\n|move|p2a: Buzzwole|Roost|p2a: Buzzwole\n|-heal|p2a: Buzzwole|100\/100\n|-singleturn|p2a: Buzzwole|move: Roost\n|\n|upkeep\n|turn|11\n|\n|t:|1665239747\n|switch|p2a: Heatran|Heatran, M|100\/100\n|-damage|p2a: Heatran|88\/100|[from] Stealth Rock\n|move|p1a: Zapdos|Hurricane|p2a: Heatran\n|-resisted|p2a: Heatran\n|-damage|p2a: Heatran|72\/100\n|-start|p2a: Heatran|confusion\n|\n|-heal|p2a: Heatran|78\/100|[from] item: Leftovers\n|upkeep\n|turn|12\n|inactive|Bogzzz has 120 seconds left.\n|\n|t:|1665239798\n|move|p1a: Zapdos|Volt Switch|p2a: Heatran\n|-damage|p2a: Heatran|54\/100\n|\n|t:|1665239801\n|switch|p1a: Pelipper|Pelipper, M|17\/100|[from]move: Volt Switch\n|-weather|RainDance|[from] ability: Drizzle|[of] p1a: Pelipper\n|-activate|p2a: Heatran|confusion\n|move|p2a: Heatran|Stealth Rock|p1a: Pelipper\n|-sidestart|p1: dmt dreams|move: Stealth Rock\n|\n|-weather|RainDance|[upkeep]\n|-heal|p2a: Heatran|60\/100|[from] item: Leftovers\n|upkeep\n|turn|13\n|\n|t:|1665239806\n|switch|p2a: Gastrodon|Gastrodon-East, F|95\/100\n|-damage|p2a: Gastrodon|89\/100|[from] Stealth Rock\n|move|p1a: Pelipper|Roost|p1a: Pelipper\n|-heal|p1a: Pelipper|67\/100\n|-singleturn|p1a: Pelipper|move: Roost\n|\n|-weather|RainDance|[upkeep]\n|-heal|p2a: Gastrodon|95\/100|[from] item: Leftovers\n|upkeep\n|turn|14\n|\n|t:|1665239833\n|move|p1a: Pelipper|Hurricane|p2a: Gastrodon\n|-damage|p2a: Gastrodon|70\/100\n|-start|p2a: Gastrodon|confusion\n|-activate|p2a: Gastrodon|confusion\n|move|p2a: Gastrodon|Toxic|p1a: Pelipper\n|-status|p1a: Pelipper|tox\n|\n|-weather|RainDance|[upkeep]\n|-heal|p2a: Gastrodon|76\/100|[from] item: Leftovers\n|-damage|p1a: Pelipper|61\/100 tox|[from] psn\n|upkeep\n|turn|15\n|\n|t:|1665239841\n|move|p1a: Pelipper|U-turn|p2a: Gastrodon\n|-crit|p2a: Gastrodon\n|-damage|p2a: Gastrodon|61\/100\n|\n|t:|1665239844\n|switch|p1a: Kartana|Kartana|75\/100|[from]move: U-turn\n|-damage|p1a: Kartana|68\/100|[from] Stealth Rock\n|-activate|p2a: Gastrodon|confusion\n|move|p2a: Gastrodon|Scald|p1a: Kartana\n|-resisted|p1a: Kartana\n|-damage|p1a: Kartana|9\/100\n|\n|-weather|RainDance|[upkeep]\n|-heal|p2a: Gastrodon|67\/100|[from] item: Leftovers\n|upkeep\n|turn|16\n|\n|t:|1665239852\n|switch|p2a: Buzzwole|Buzzwole|100\/100\n|-damage|p2a: Buzzwole|88\/100|[from] Stealth Rock\n|move|p1a: Kartana|Knock Off|p2a: Buzzwole\n|-resisted|p2a: Buzzwole\n|-damage|p2a: Buzzwole|77\/100\n|-enditem|p2a: Buzzwole|Leftovers|[from] move: Knock Off|[of] p1a: Kartana\n|\n|-weather|RainDance|[upkeep]\n|upkeep\n|turn|17\n|inactive|Bogzzz has 120 seconds left.\n|inactive|Bogzzz has 90 seconds left.\n|\n|t:|1665239897\n|switch|p1a: Zapdos|Zapdos|100\/100\n|move|p2a: Buzzwole|Ice Punch|p1a: Zapdos\n|-supereffective|p1a: Zapdos\n|-damage|p1a: Zapdos|43\/100\n|-status|p2a: Buzzwole|par|[from] ability: Static|[of] p1a: Zapdos\n|\n|-weather|RainDance|[upkeep]\n|upkeep\n|turn|18\n|\n|t:|1665239902\n|switch|p2a: Gastrodon|Gastrodon-East, F|67\/100\n|-damage|p2a: Gastrodon|61\/100|[from] Stealth Rock\n|move|p1a: Zapdos|Hurricane|p2a: Gastrodon\n|-damage|p2a: Gastrodon|22\/100\n|\n|-weather|RainDance|[upkeep]\n|-heal|p2a: Gastrodon|28\/100|[from] item: Leftovers\n|upkeep\n|turn|19\n|\n|t:|1665239914\n|move|p1a: Zapdos|Hurricane|p2a: Gastrodon\n|-damage|p2a: Gastrodon|0 fnt\n|faint|p2a: Gastrodon\n|\n|-weather|none\n|upkeep\n|\n|t:|1665239917\n|switch|p2a: Dragapult|Dragapult, M|94\/100\n|-damage|p2a: Dragapult|82\/100|[from] Stealth Rock\n|turn|20\n|\n|t:|1665239940\n|switch|p1a: Pelipper|Pelipper, M|61\/100 tox\n|-damage|p1a: Pelipper|36\/100 tox|[from] Stealth Rock\n|-weather|RainDance|[from] ability: Drizzle|[of] p1a: Pelipper\n|move|p2a: Dragapult|Shadow Ball|p1a: Pelipper\n|-damage|p1a: Pelipper|0 fnt\n|faint|p1a: Pelipper\n|\n|-weather|RainDance|[upkeep]\n|upkeep\n|\n|t:|1665239943\n|switch|p1a: Barraskewda|Barraskewda, M|82\/100 tox\n|-damage|p1a: Barraskewda|70\/100 tox|[from] Stealth Rock\n|turn|21\n|inactive|Bogzzz has 120 seconds left.\n|j| lando is my bf\n|inactive|Bogzzz has 90 seconds left.\n|\n|t:|1665239994\n|move|p1a: Barraskewda|Flip Turn|p2a: Dragapult\n|-resisted|p2a: Dragapult\n|-damage|p2a: Dragapult|32\/100\n|\n|t:|1665239997\n|switch|p1a: Kartana|Kartana|9\/100|[from]move: Flip Turn\n|-damage|p1a: Kartana|3\/100|[from] Stealth Rock\n|move|p2a: Dragapult|Shadow Ball|p1a: Kartana\n|-damage|p1a: Kartana|0 fnt\n|faint|p1a: Kartana\n|\n|-weather|RainDance|[upkeep]\n|upkeep\n|\n|t:|1665239999\n|switch|p1a: Barraskewda|Barraskewda, M|70\/100 tox\n|-damage|p1a: Barraskewda|58\/100 tox|[from] Stealth Rock\n|turn|22\n|inactive|Bogzzz has 90 seconds left.\n|\n|t:|1665240008\n|switch|p2a: Buzzwole|Buzzwole|77\/100 par\n|-damage|p2a: Buzzwole|64\/100 par|[from] Stealth Rock\n|move|p1a: Barraskewda|Liquidation|p2a: Buzzwole\n|-damage|p2a: Buzzwole|16\/100 par\n|-unboost|p2a: Buzzwole|def|1\n|\n|-weather|RainDance|[upkeep]\n|-damage|p1a: Barraskewda|52\/100 tox|[from] psn\n|upkeep\n|turn|23\n|inactive|Bogzzz has 90 seconds left.\n|\n|t:|1665240019\n|move|p1a: Barraskewda|Liquidation|p2a: Buzzwole\n|-damage|p2a: Buzzwole|0 fnt\n|faint|p2a: Buzzwole\n|\n|-weather|RainDance|[upkeep]\n|-damage|p1a: Barraskewda|40\/100 tox|[from] psn\n|upkeep\n|inactive|Bogzzz has 90 seconds left.\n|\n|t:|1665240025\n|switch|p2a: Kartana|Kartana|100\/100\n|-damage|p2a: Kartana|94\/100|[from] Stealth Rock\n|turn|24\n|\n|t:|1665240027\n|move|p1a: Barraskewda|Liquidation|p2a: Kartana\n|-resisted|p2a: Kartana\n|-damage|p2a: Kartana|39\/100\n|move|p2a: Kartana|Leaf Blade|p1a: Barraskewda\n|-supereffective|p1a: Barraskewda\n|-damage|p1a: Barraskewda|0 fnt\n|faint|p1a: Barraskewda\n|-ability|p2a: Kartana|Beast Boost|boost\n|-boost|p2a: Kartana|atk|1\n|\n|-weather|RainDance|[upkeep]\n|upkeep\n|\n|t:|1665240031\n|switch|p1a: Zapdos|Zapdos|43\/100\n|turn|25\n|\n|t:|1665240049\n|switch|p2a: Heatran|Heatran, M|60\/100\n|-damage|p2a: Heatran|48\/100|[from] Stealth Rock\n|move|p1a: Zapdos|Volt Switch|p2a: Heatran\n|-damage|p2a: Heatran|27\/100\n|\n|t:|1665240051\n|switch|p1a: Azumarill|Azumarill, M|100\/100|[from]move: Volt Switch\n|-damage|p1a: Azumarill|88\/100|[from] Stealth Rock\n|\n|-weather|RainDance|[upkeep]\n|-heal|p2a: Heatran|33\/100|[from] item: Leftovers\n|upkeep\n|turn|26\n|\n|t:|1665240054\n|move|p2a: Heatran|Magma Storm|p1a: Azumarill\n|-resisted|p1a: Azumarill\n|-damage|p1a: Azumarill|77\/100\n|-activate|p1a: Azumarill|move: Magma Storm|[of] p2a: Heatran\n|move|p1a: Azumarill|Belly Drum|p1a: Azumarill\n|-damage|p1a: Azumarill|27\/100\n|-setboost|p1a: Azumarill|atk|6|[from] move: Belly Drum\n|-enditem|p1a: Azumarill|Sitrus Berry|[eat]\n|-heal|p1a: Azumarill|52\/100|[from] item: Sitrus Berry\n|\n|-weather|RainDance|[upkeep]\n|-heal|p2a: Heatran|39\/100|[from] item: Leftovers\n|-damage|p1a: Azumarill|39\/100|[from] move: Magma Storm|[partiallytrapped]\n|upkeep\n|turn|27\n|inactive|Bogzzz has 120 seconds left.\n|\n|t:|1665240070\n|switch|p2a: Landorus|Landorus-Therian, M|82\/100\n|-damage|p2a: Landorus|69\/100|[from] Stealth Rock\n|-ability|p2a: Landorus|Intimidate|boost\n|-unboost|p1a: Azumarill|atk|1\n|move|p1a: Azumarill|Aqua Jet|p2a: Landorus\n|-supereffective|p2a: Landorus\n|-damage|p2a: Landorus|0 fnt\n|faint|p2a: Landorus\n|\n|-weather|none\n|-end|p1a: Azumarill|Magma Storm|[partiallytrapped]|[silent]\n|upkeep\n|\n|t:|1665240077\n|switch|p2a: Kartana|Kartana|39\/100\n|-damage|p2a: Kartana|33\/100|[from] Stealth Rock\n|turn|28\n|\n|t:|1665240079\n|move|p1a: Azumarill|Aqua Jet|p2a: Kartana\n|-resisted|p2a: Kartana\n|-damage|p2a: Kartana|0 fnt\n|faint|p2a: Kartana\n|\n|upkeep\n|inactive|Bogzzz has 120 seconds left.\n|\n|t:|1665240090\n|switch|p2a: Dragapult|Dragapult, M|32\/100\n|-damage|p2a: Dragapult|20\/100|[from] Stealth Rock\n|turn|29\n|\n|t:|1665240092\n|move|p1a: Azumarill|Aqua Jet|p2a: Dragapult\n|-resisted|p2a: Dragapult\n|-damage|p2a: Dragapult|0 fnt\n|faint|p2a: Dragapult\n|\n|upkeep\n|\n|t:|1665240094\n|switch|p2a: Heatran|Heatran, M|39\/100\n|-damage|p2a: Heatran|27\/100|[from] Stealth Rock\n|turn|30\n|\n|t:|1665240096\n|move|p1a: Azumarill|Aqua Jet|p2a: Heatran\n|-supereffective|p2a: Heatran\n|-crit|p2a: Heatran\n|-damage|p2a: Heatran|0 fnt\n|faint|p2a: Heatran\n|\n|win|dmt dreams\n|n|\u203ddmt dreams|dmtdreams\n|n|\u2606Bogzzz|bogzzz\n|n| lando is my bf|landoismybf\n","uploadtime":1665240099,"views":62,"p1id":"dmtdreams","p2id":"bogzzz","formatid":"gen8ou","rating":0,"private":0,"password":null}