{"id":"gen8ou-1555292925","p1":"StarPlatinumReqim","p2":"BigWes95","format":"gen8ou","log":"|j|\u2606StarPlatinumReqim\n|j|\u2606BigWes95\n|inactive|Battle timer is ON: inactive players will automatically lose when time's up.\n|t:|1650200018\n|gametype|singles\n|player|p1|StarPlatinumReqim|ash-sinnoh|\n|player|p2|BigWes95|lusamine-nihilego|\n|teamsize|p1|6\n|teamsize|p2|6\n|gen|8\n|tier|[Gen 8] OU\n|rated|Tournament battle\n|rule|Sleep Clause Mod: Limit one foe put to sleep\n|rule|Species Clause: Limit one of each Pok\u00e9mon\n|rule|OHKO Clause: OHKO moves are banned\n|rule|Evasion Moves Clause: Evasion moves are banned\n|rule|Endless Battle Clause: Forcing endless battles is banned\n|rule|HP Percentage Mod: HP is shown in percentages\n|rule|Dynamax Clause: You cannot dynamax\n|clearpoke\n|poke|p1|Garchomp, M|\n|poke|p1|Weavile, M|\n|poke|p1|Landorus-Therian, M|\n|poke|p1|Tornadus-Therian, M|\n|poke|p1|Melmetal|\n|poke|p1|Ferrothorn, M|\n|poke|p2|Tapu Lele|\n|poke|p2|Dragapult, M|\n|poke|p2|Ferrothorn, F|\n|poke|p2|Landorus-Therian, M|\n|poke|p2|Zapdos|\n|poke|p2|Kartana|\n|teampreview\n|inactive|BigWes95 also wants the timer to be on.\n|j| Rap Viet\n|j| Le_chat_grincheux\n|j|#UnovX\n|j| andrev\n|\n|t:|1650200029\n|start\n|switch|p1a: Tornadus|Tornadus-Therian, M, shiny|100\/100\n|switch|p2a: Tony Hawk|Zapdos, shiny|100\/100\n|turn|1\n|\n|t:|1650200033\n|switch|p1a: Landorus|Landorus-Therian, M|100\/100\n|-ability|p1a: Landorus|Intimidate|boost\n|-unboost|p2a: Tony Hawk|atk|1\n|move|p2a: Tony Hawk|Hurricane|p1a: Landorus\n|-damage|p1a: Landorus|53\/100\n|\n|-heal|p1a: Landorus|59\/100|[from] item: Leftovers\n|upkeep\n|turn|2\n|j| jyai\n|\n|t:|1650200041\n|move|p2a: Tony Hawk|Hurricane|p1a: Landorus\n|-damage|p1a: Landorus|15\/100\n|move|p1a: Landorus|U-turn|p2a: Tony Hawk\n|-resisted|p2a: Tony Hawk\n|-damage|p2a: Tony Hawk|89\/100\n|\n|t:|1650200046\n|switch|p1a: Weavile|Weavile, M|100\/100|[from]move: U-turn\n|-ability|p1a: Weavile|Pressure\n|\n|upkeep\n|turn|3\n|j|+Casino Boi\n|\n|t:|1650200050\n|move|p1a: Weavile|Knock Off|p2a: Tony Hawk\n|-damage|p2a: Tony Hawk|16\/100\n|-enditem|p2a: Tony Hawk|Heavy-Duty Boots|[from] move: Knock Off|[of] p1a: Weavile\n|move|p2a: Tony Hawk|Heat Wave|p1a: Weavile\n|-supereffective|p1a: Weavile\n|-damage|p1a: Weavile|0 fnt\n|faint|p1a: Weavile\n|\n|upkeep\n|\n|t:|1650200056\n|switch|p1a: Tornadus|Tornadus-Therian, M, shiny|100\/100\n|turn|4\n|\n|t:|1650200061\n|switch|p2a: Lando Calrissian|Landorus-Therian, M, shiny|100\/100\n|-ability|p2a: Lando Calrissian|Intimidate|boost\n|-unboost|p1a: Tornadus|atk|1\n|move|p1a: Tornadus|Icy Wind|p2a: Lando Calrissian\n|-supereffective|p2a: Lando Calrissian\n|-damage|p2a: Lando Calrissian|19\/100\n|-unboost|p2a: Lando Calrissian|spe|1\n|\n|-heal|p2a: Lando Calrissian|25\/100|[from] item: Leftovers\n|upkeep\n|turn|5\n|j| vvbvcb\n|\n|t:|1650200075\n|move|p1a: Tornadus|Icy Wind|p2a: Lando Calrissian\n|-supereffective|p2a: Lando Calrissian\n|-damage|p2a: Lando Calrissian|0 fnt\n|faint|p2a: Lando Calrissian\n|\n|upkeep\n|\n|t:|1650200078\n|switch|p2a: Johnny Bananas|Dragapult, M, shiny|100\/100\n|turn|6\n|\n|t:|1650200083\n|switch|p1a: Melmetal|Melmetal, shiny|100\/100\n|move|p2a: Johnny Bananas|Draco Meteor|p1a: Melmetal\n|-resisted|p1a: Melmetal\n|-damage|p1a: Melmetal|80\/100\n|-unboost|p2a: Johnny Bananas|spa|2\n|\n|upkeep\n|turn|7\n|\n|t:|1650200088\n|switch|p2a: Nigel Thornberry|Ferrothorn, F, shiny|100\/100\n|switch|p1a: Tornadus|Tornadus-Therian, M, shiny|100\/100\n|\n|upkeep\n|turn|8\n|\n|t:|1650200091\n|switch|p2a: Tony Hawk|Zapdos, shiny|16\/100\n|move|p1a: Tornadus|Heat Wave|p2a: Tony Hawk\n|-damage|p2a: Tony Hawk|0 fnt\n|faint|p2a: Tony Hawk\n|\n|upkeep\n|\n|t:|1650200095\n|switch|p2a: Johnny Bananas|Dragapult, M, shiny|100\/100\n|turn|9\n|\n|t:|1650200099\n|switch|p1a: Landorus|Landorus-Therian, M|15\/100\n|-ability|p1a: Landorus|Intimidate|boost\n|-unboost|p2a: Johnny Bananas|atk|1\n|move|p2a: Johnny Bananas|Shadow Ball|p1a: Landorus\n|-damage|p1a: Landorus|0 fnt\n|faint|p1a: Landorus\n|\n|upkeep\n|j| bonce ronce\n|\n|t:|1650200107\n|switch|p1a: Garchomp|Garchomp, M, shiny|100\/100\n|turn|10\n|\n|t:|1650200111\n|switch|p2a: Mia Khalifa|Tapu Lele, shiny|100\/100\n|-fieldstart|move: Psychic Terrain|[from] ability: Psychic Surge|[of] p2a: Mia Khalifa\n|move|p1a: Garchomp|Earthquake|p2a: Mia Khalifa\n|-damage|p2a: Mia Khalifa|16\/100\n|\n|upkeep\n|turn|11\n|\n|t:|1650200116\n|switch|p1a: Ferrothorn|Ferrothorn, M|100\/100\n|move|p2a: Mia Khalifa|Moonblast|p1a: Ferrothorn\n|-resisted|p1a: Ferrothorn\n|-damage|p1a: Ferrothorn|75\/100\n|\n|-heal|p1a: Ferrothorn|82\/100|[from] item: Leftovers\n|upkeep\n|turn|12\n|j|%Mimikyu Stardust\n|\n|t:|1650200122\n|switch|p2a: Nigel Thornberry|Ferrothorn, F, shiny|100\/100\n|move|p1a: Ferrothorn|Leech Seed|p2a: Nigel Thornberry\n|-immune|p2a: Nigel Thornberry\n|\n|-heal|p1a: Ferrothorn|88\/100|[from] item: Leftovers\n|upkeep\n|turn|13\n|\n|t:|1650200125\n|switch|p1a: Tornadus|Tornadus-Therian, M, shiny|100\/100\n|move|p2a: Nigel Thornberry|Stealth Rock|p1a: Tornadus\n|-sidestart|p1: StarPlatinumReqim|move: Stealth Rock\n|\n|upkeep\n|turn|14\n|\n|t:|1650200130\n|move|p1a: Tornadus|Heat Wave|p2a: Nigel Thornberry\n|-supereffective|p2a: Nigel Thornberry\n|-damage|p2a: Nigel Thornberry|0 fnt\n|faint|p2a: Nigel Thornberry\n|\n|-fieldend|move: Psychic Terrain\n|upkeep\n|\n|t:|1650200132\n|switch|p2a: Johnny Bananas|Dragapult, M, shiny|100\/100\n|turn|15\n|\n|t:|1650200146\n|switch|p1a: Ferrothorn|Ferrothorn, M|88\/100\n|-damage|p1a: Ferrothorn|82\/100|[from] Stealth Rock\n|move|p2a: Johnny Bananas|Shadow Ball|p1a: Ferrothorn\n|-damage|p1a: Ferrothorn|31\/100\n|\n|-heal|p1a: Ferrothorn|37\/100|[from] item: Leftovers\n|upkeep\n|turn|16\n|\n|t:|1650200155\n|move|p2a: Johnny Bananas|Shadow Ball|p1a: Ferrothorn\n|-damage|p1a: Ferrothorn|0 fnt\n|faint|p1a: Ferrothorn\n|\n|upkeep\n|\n|t:|1650200162\n|switch|p1a: Garchomp|Garchomp, M, shiny|100\/100\n|-damage|p1a: Garchomp|94\/100|[from] Stealth Rock\n|turn|17\n|\n|t:|1650200171\n|move|p2a: Johnny Bananas|Shadow Ball|p1a: Garchomp\n|-damage|p1a: Garchomp|31\/100\n|move|p1a: Garchomp|Scale Shot|p2a: Johnny Bananas\n|-supereffective|p2a: Johnny Bananas\n|-damage|p2a: Johnny Bananas|63\/100\n|-supereffective|p2a: Johnny Bananas\n|-crit|p2a: Johnny Bananas\n|-damage|p2a: Johnny Bananas|9\/100\n|-hitcount|p2a: Johnny Bananas|2\n|-unboost|p1a: Garchomp|def|1\n|-boost|p1a: Garchomp|spe|1\n|\n|-heal|p1a: Garchomp|37\/100|[from] item: Leftovers\n|upkeep\n|turn|18\n|\n|t:|1650200180\n|switch|p2a: Mia Khalifa|Tapu Lele, shiny|16\/100\n|-fieldstart|move: Psychic Terrain|[from] ability: Psychic Surge|[of] p2a: Mia Khalifa\n|move|p1a: Garchomp|Earthquake|p2a: Mia Khalifa\n|-damage|p2a: Mia Khalifa|0 fnt\n|faint|p2a: Mia Khalifa\n|\n|-heal|p1a: Garchomp|43\/100|[from] item: Leftovers\n|upkeep\n|c| Le_chat_grincheux|wtffff\n|\n|t:|1650200182\n|switch|p2a: Bret Kart|Kartana|100\/100\n|turn|19\n|\n|t:|1650200193\n|switch|p1a: Tornadus|Tornadus-Therian, M, shiny|100\/100\n|-damage|p1a: Tornadus|76\/100|[from] Stealth Rock\n|move|p2a: Bret Kart|Leaf Blade|p1a: Tornadus\n|-resisted|p1a: Tornadus\n|-damage|p1a: Tornadus|28\/100\n|-damage|p2a: Bret Kart|91\/100|[from] item: Life Orb\n|\n|upkeep\n|turn|20\n|\n|t:|1650200202\n|move|p1a: Tornadus|Heat Wave|p2a: Bret Kart\n|-supereffective|p2a: Bret Kart\n|-damage|p2a: Bret Kart|0 fnt\n|faint|p2a: Bret Kart\n|\n|upkeep\n|c| Rap Viet|specs torn go brrrr\n|\n|t:|1650200203\n|switch|p2a: Johnny Bananas|Dragapult, M, shiny|9\/100\n|turn|21\n|\n|t:|1650200213\n|move|p2a: Johnny Bananas|Shadow Ball|p1a: Tornadus\n|-damage|p1a: Tornadus|0 fnt\n|faint|p1a: Tornadus\n|\n|upkeep\n|j| zReptar\n|\n|t:|1650200215\n|switch|p1a: Melmetal|Melmetal, shiny|80\/100\n|-damage|p1a: Melmetal|73\/100|[from] Stealth Rock\n|turn|22\n|\n|t:|1650200218\n|move|p2a: Johnny Bananas|Shadow Ball|p1a: Melmetal\n|-damage|p1a: Melmetal|47\/100\n|move|p1a: Melmetal|Double Iron Bash|p2a: Johnny Bananas\n|-damage|p2a: Johnny Bananas|0 fnt\n|faint|p2a: Johnny Bananas\n|-hitcount|p2: Johnny Bananas|1\n|\n|win|StarPlatinumReqim\n|n|\u2606StarPlatinumReqim|starplatinumreqim\n|n|\u2606BigWes95|bigwes95\n|n| Rap Viet|rapviet\n|n| Le_chat_grincheux|lechatgrincheux\n|n|+UnovX|unovx\n|n| andrev|andrev\n|n| jyai|jyai\n|n| Casino Boi|casinoboi\n|n| vvbvcb|vvbvcb\n|n| bonce ronce|bonceronce\n|n| Mimikyu Stardust|mimikyustardust\n|n| zReptar|zreptar\n","uploadtime":1650200219,"views":43,"p1id":"starplatinumreqim","p2id":"bigwes95","formatid":"gen8ou","rating":0,"private":0,"password":null}