{"id":"gen8ou-1414753909","p1":"cump2","p2":"John690","format":"gen8ou","log":"|j|\u2606cump2\n|j|\u2606John690\n|t:|1631383167\n|gametype|singles\n|player|p1|cump2|266|1316\n|player|p2|John690|giovanni|1316\n|teamsize|p1|6\n|teamsize|p2|6\n|gen|8\n|tier|[Gen 8] OU\n|rated|\n|rule|Sleep Clause Mod: Limit one foe put to sleep\n|rule|Species Clause: Limit one of each Pok\u00e9mon\n|rule|OHKO Clause: OHKO moves are banned\n|rule|Evasion Moves Clause: Evasion moves are banned\n|rule|Endless Battle Clause: Forcing endless battles is banned\n|rule|HP Percentage Mod: HP is shown in percentages\n|rule|Dynamax Clause: You cannot dynamax\n|clearpoke\n|poke|p1|Mew|\n|poke|p1|Urshifu-*, M|\n|poke|p1|Gengar, F|\n|poke|p1|Landorus-Therian, M|\n|poke|p1|Volcarona, F|\n|poke|p1|Zapdos-Galar|\n|poke|p2|Volcanion|\n|poke|p2|Ninetales-Alola, F|\n|poke|p2|Corviknight, F|\n|poke|p2|Arctozolt|\n|poke|p2|Landorus-Therian, M|\n|poke|p2|Tornadus-Therian, M|\n|teampreview\n|\n|t:|1631383182\n|start\n|switch|p1a: Landorus|Landorus-Therian, M|100\/100\n|switch|p2a: Landorus|Landorus-Therian, M|100\/100\n|-ability|p1a: Landorus|Intimidate|boost\n|-unboost|p2a: Landorus|atk|1\n|-ability|p2a: Landorus|Intimidate|boost\n|-unboost|p1a: Landorus|atk|1\n|turn|1\n|\n|t:|1631383186\n|move|p1a: Landorus|Rock Polish|p1a: Landorus\n|-boost|p1a: Landorus|spe|2\n|move|p2a: Landorus|U-turn|p1a: Landorus\n|-resisted|p1a: Landorus\n|-damage|p1a: Landorus|92\/100\n|\n|t:|1631383191\n|switch|p2a: Ninetales|Ninetales-Alola, F|100\/100|[from]move: U-turn\n|-weather|Hail|[from] ability: Snow Warning|[of] p2a: Ninetales\n|\n|-weather|Hail|[upkeep]\n|-damage|p1a: Landorus|86\/100|[from] Hail\n|-heal|p1a: Landorus|92\/100|[from] item: Leftovers\n|upkeep\n|turn|2\n|\n|t:|1631383197\n|move|p1a: Landorus|Swords Dance|p1a: Landorus\n|-boost|p1a: Landorus|atk|2\n|move|p2a: Ninetales|Freeze-Dry|p1a: Landorus\n|-supereffective|p1a: Landorus\n|-damage|p1a: Landorus|0 fnt\n|faint|p1a: Landorus\n|\n|-weather|Hail|[upkeep]\n|upkeep\n|\n|t:|1631383203\n|switch|p1a: Volcarona|Volcarona, F, shiny|100\/100\n|turn|3\n|\n|t:|1631383206\n|move|p2a: Ninetales|Encore||[still]\n|-fail|p2a: Ninetales\n|move|p1a: Volcarona|Quiver Dance|p1a: Volcarona\n|-boost|p1a: Volcarona|spa|1\n|-boost|p1a: Volcarona|spd|1\n|-boost|p1a: Volcarona|spe|1\n|\n|-weather|Hail|[upkeep]\n|-damage|p1a: Volcarona|94\/100|[from] Hail\n|upkeep\n|turn|4\n|\n|t:|1631383211\n|move|p1a: Volcarona|Flamethrower|p2a: Ninetales\n|-supereffective|p2a: Ninetales\n|-damage|p2a: Ninetales|0 fnt\n|faint|p2a: Ninetales\n|\n|-weather|Hail|[upkeep]\n|-damage|p1a: Volcarona|88\/100|[from] Hail\n|upkeep\n|\n|t:|1631383215\n|switch|p2a: Tornadus|Tornadus-Therian, M|100\/100\n|turn|5\n|\n|t:|1631383220\n|move|p1a: Volcarona|Flamethrower|p2a: Tornadus\n|-damage|p2a: Tornadus|53\/100\n|move|p2a: Tornadus|Knock Off|p1a: Volcarona\n|-damage|p1a: Volcarona|54\/100\n|-enditem|p1a: Volcarona|Heavy-Duty Boots|[from] move: Knock Off|[of] p2a: Tornadus\n|\n|-weather|Hail|[upkeep]\n|-damage|p1a: Volcarona|48\/100|[from] Hail\n|-damage|p2a: Tornadus|47\/100|[from] Hail\n|upkeep\n|turn|6\n|\n|t:|1631383229\n|switch|p2a: Volcanion|Volcanion|100\/100\n|move|p1a: Volcarona|Flamethrower|p2a: Volcanion\n|-resisted|p2a: Volcanion\n|-damage|p2a: Volcanion|80\/100\n|\n|-weather|Hail|[upkeep]\n|-damage|p1a: Volcarona|42\/100|[from] Hail\n|-damage|p2a: Volcanion|74\/100|[from] Hail\n|upkeep\n|turn|7\n|\n|t:|1631383233\n|move|p1a: Volcarona|Psychic|p2a: Volcanion\n|-damage|p2a: Volcanion|19\/100\n|move|p2a: Volcanion|Steam Eruption|p1a: Volcarona\n|-supereffective|p1a: Volcarona\n|-damage|p1a: Volcarona|0 fnt\n|faint|p1a: Volcarona\n|\n|-weather|Hail|[upkeep]\n|-damage|p2a: Volcanion|13\/100|[from] Hail\n|upkeep\n|\n|t:|1631383238\n|switch|p1a: Mew|Mew, shiny|100\/100\n|turn|8\n|\n|t:|1631383241\n|move|p1a: Mew|Stealth Rock|p2a: Volcanion\n|-sidestart|p2: John690|move: Stealth Rock\n|move|p2a: Volcanion|Steam Eruption|p1a: Mew\n|-damage|p1a: Mew|27\/100\n|-enditem|p1a: Mew|Red Card|[of] p2a: Volcanion\n|drag|p2a: Arctozolt|Arctozolt|100\/100\n|-damage|p2a: Arctozolt|76\/100|[from] Stealth Rock\n|\n|-weather|none\n|-heal|p2a: Arctozolt|82\/100|[from] item: Leftovers\n|upkeep\n|turn|9\n|\n|t:|1631383250\n|move|p1a: Mew|Spikes|p2a: Arctozolt\n|-sidestart|p2: John690|Spikes\n|move|p2a: Arctozolt|Bolt Beak|p1a: Mew\n|-damage|p1a: Mew|0 fnt\n|faint|p1a: Mew\n|\n|-heal|p2a: Arctozolt|88\/100|[from] item: Leftovers\n|upkeep\n|\n|t:|1631383253\n|switch|p1a: Urshifu|Urshifu-Rapid-Strike, M, shiny|100\/100\n|turn|10\n|\n|t:|1631383256\n|switch|p2a: Corviknight|Corviknight, F|100\/100\n|-damage|p2a: Corviknight|88\/100|[from] Stealth Rock\n|-ability|p2a: Corviknight|Pressure\n|move|p1a: Urshifu|Close Combat|p2a: Corviknight\n|-damage|p2a: Corviknight|34\/100\n|-unboost|p1a: Urshifu|def|1\n|-unboost|p1a: Urshifu|spd|1\n|-damage|p1a: Urshifu|84\/100|[from] item: Rocky Helmet|[of] p2a: Corviknight\n|\n|upkeep\n|turn|11\n|\n|t:|1631383266\n|switch|p2a: Landorus|Landorus-Therian, M|100\/100\n|-damage|p2a: Landorus|88\/100|[from] Stealth Rock\n|-ability|p2a: Landorus|Intimidate|boost\n|-unboost|p1a: Urshifu|atk|1\n|move|p1a: Urshifu|Close Combat|p2a: Landorus\n|-resisted|p2a: Landorus\n|-damage|p2a: Landorus|60\/100\n|-unboost|p1a: Urshifu|def|1\n|-unboost|p1a: Urshifu|spd|1\n|\n|-heal|p2a: Landorus|66\/100|[from] item: Leftovers\n|upkeep\n|turn|12\n|-message|cump2 forfeited.\n|\n|win|John690\n|l|\u2606cump2\n|raw|cump2's rating: 1316 &rarr; <strong>1296<\/strong><br \/>(-20 for losing)\n|raw|John690's rating: 1317 &rarr; <strong>1337<\/strong><br \/>(+20 for winning)\n","uploadtime":1631383317,"views":22,"p1id":"cump2","p2id":"john690","formatid":"gen8ou","rating":1296,"private":0,"password":null}