{"id":"gen8ou-1122006981","p1":"fajita squad","p2":"Q114","format":"gen8ou","log":"|j|\u2606fajita squad\n|j|\u2606Q114\n|player|p1|fajita squad|143|1647\n|player|p2|Q114|169|1689\n|teamsize|p1|6\n|teamsize|p2|6\n|gametype|singles\n|gen|8\n|tier|[Gen 8] OU\n|rated|\n|html|<div class=\"broadcast-blue\"><strong>OU is currently suspecting Dracovish! For information on how to participate check out the <a href=\"https:\/\/www.smogon.com\/forums\/threads\/3664521\/\">suspect thread<\/a>.<\/strong><\/div>\n|clearpoke\n|poke|p1|Hatterene, F|\n|poke|p1|Corviknight, F|\n|poke|p1|Obstagoon, M|\n|poke|p1|Kommo-o, M|\n|poke|p1|Vaporeon, M|\n|poke|p1|Kyurem|\n|poke|p2|Toxapex, M|\n|poke|p2|Ferrothorn, F|\n|poke|p2|Seismitoad, F|\n|poke|p2|Tyranitar, F|\n|poke|p2|Clefable, F|\n|poke|p2|Corviknight, F|\n|rule|Sleep Clause Mod: Limit one foe put to sleep\n|rule|Species Clause: Limit one of each Pok\u00e9mon\n|rule|OHKO Clause: OHKO moves are banned\n|rule|Evasion Moves Clause: Evasion moves are banned\n|rule|Endless Battle Clause: Forcing endless battles is banned\n|rule|HP Percentage Mod: HP is shown in percentages\n|rule|Dynamax Clause: You cannot dynamax\n|teampreview\n|\n|start\n|switch|p1a: Kommo-o|Kommo-o, M|100\/100\n|switch|p2a: Seismitoad|Seismitoad, F|100\/100\n|turn|1\n|inactive|Battle timer is ON: inactive players will automatically lose when time's up. (requested by fajita squad)\n|\n|switch|p1a: Hatterene|Hatterene, F, shiny|100\/100\n|move|p2a: Seismitoad|Knock Off|p1a: Hatterene\n|-damage|p1a: Hatterene|83\/100\n|-enditem|p1a: Hatterene|Leftovers|[from] move: Knock Off|[of] p2a: Seismitoad\n|\n|upkeep\n|turn|2\n|\n|switch|p2a: Tyranitar|Tyranitar, F|100\/100\n|-weather|Sandstorm|[from] ability: Sand Stream|[of] p2a: Tyranitar\n|move|p1a: Hatterene|Calm Mind|p1a: Hatterene\n|-boost|p1a: Hatterene|spa|1\n|-boost|p1a: Hatterene|spd|1\n|\n|-weather|Sandstorm|[upkeep]\n|-damage|p1a: Hatterene|77\/100|[from] Sandstorm\n|upkeep\n|turn|3\n|\n|move|p2a: Tyranitar|Stone Edge|p1a: Hatterene|[miss]\n|-miss|p2a: Tyranitar|p1a: Hatterene\n|move|p1a: Hatterene|Draining Kiss|p2a: Tyranitar\n|-supereffective|p2a: Tyranitar\n|-crit|p2a: Tyranitar\n|-damage|p2a: Tyranitar|69\/100\n|-heal|p1a: Hatterene|100\/100|[from] drain|[of] p2a: Tyranitar\n|\n|-weather|Sandstorm|[upkeep]\n|-damage|p1a: Hatterene|95\/100|[from] Sandstorm\n|upkeep\n|turn|4\n|\n|move|p2a: Tyranitar|Stone Edge|p1a: Hatterene\n|-crit|p1a: Hatterene\n|-damage|p1a: Hatterene|40\/100\n|move|p1a: Hatterene|Draining Kiss|p2a: Tyranitar\n|-supereffective|p2a: Tyranitar\n|-damage|p2a: Tyranitar|51\/100\n|-heal|p1a: Hatterene|57\/100|[from] drain|[of] p2a: Tyranitar\n|\n|-weather|Sandstorm|[upkeep]\n|-damage|p1a: Hatterene|51\/100|[from] Sandstorm\n|upkeep\n|turn|5\n|\n|move|p2a: Tyranitar|Stone Edge|p1a: Hatterene\n|-damage|p1a: Hatterene|17\/100\n|move|p1a: Hatterene|Draining Kiss|p2a: Tyranitar\n|-supereffective|p2a: Tyranitar\n|-damage|p2a: Tyranitar|32\/100\n|-heal|p1a: Hatterene|36\/100|[from] drain|[of] p2a: Tyranitar\n|\n|-weather|Sandstorm|[upkeep]\n|-damage|p1a: Hatterene|30\/100|[from] Sandstorm\n|upkeep\n|turn|6\n|\n|switch|p1a: Kommo-o|Kommo-o, M|100\/100\n|move|p2a: Tyranitar|Stone Edge|p1a: Kommo-o\n|-resisted|p1a: Kommo-o\n|-damage|p1a: Kommo-o|86\/100\n|\n|-weather|none\n|-heal|p1a: Kommo-o|92\/100|[from] item: Leftovers\n|upkeep\n|turn|7\n|\n|switch|p2a: Corviknight|Corviknight, F|100\/100\n|-ability|p2a: Corviknight|Pressure\n|move|p1a: Kommo-o|Stealth Rock|p2a: Corviknight\n|-sidestart|p2: Q114|move: Stealth Rock\n|\n|-heal|p1a: Kommo-o|98\/100|[from] item: Leftovers\n|upkeep\n|turn|8\n|\n|move|p1a: Kommo-o|Iron Defense|p1a: Kommo-o\n|-boost|p1a: Kommo-o|def|2\n|move|p2a: Corviknight|Defog|p1a: Kommo-o\n|-unboost|p1a: Kommo-o|evasion|1\n|-sideend|p2: Q114|Stealth Rock|[from] move: Defog|[of] p2a: Corviknight\n|\n|-heal|p1a: Kommo-o|100\/100|[from] item: Leftovers\n|upkeep\n|turn|9\n|\n|switch|p2a: Clefable|Clefable, F|100\/100\n|move|p1a: Kommo-o|Stealth Rock|p2a: Clefable\n|-sidestart|p2: Q114|move: Stealth Rock\n|\n|upkeep\n|turn|10\n|\n|switch|p1a: Vaporeon|Vaporeon, M|100\/100\n|move|p2a: Clefable|Wish|p2a: Clefable\n|\n|upkeep\n|turn|11\n|\n|switch|p2a: Tyranitar|Tyranitar, F|32\/100\n|-damage|p2a: Tyranitar|19\/100|[from] Stealth Rock\n|-weather|Sandstorm|[from] ability: Sand Stream|[of] p2a: Tyranitar\n|move|p1a: Vaporeon|Wish|p1a: Vaporeon\n|\n|-weather|Sandstorm|[upkeep]\n|-damage|p1a: Vaporeon|94\/100|[from] Sandstorm\n|-heal|p2a: Tyranitar|68\/100|[from] move: Wish|[wisher] Clefable\n|-heal|p1a: Vaporeon|100\/100|[from] item: Leftovers\n|upkeep\n|turn|12\n|\n|move|p1a: Vaporeon|Scald|p2a: Tyranitar\n|-supereffective|p2a: Tyranitar\n|-damage|p2a: Tyranitar|51\/100\n|-status|p2a: Tyranitar|brn\n|move|p2a: Tyranitar|Stone Edge|p1a: Vaporeon\n|-crit|p1a: Vaporeon\n|-damage|p1a: Vaporeon|70\/100\n|\n|-weather|Sandstorm|[upkeep]\n|-damage|p1a: Vaporeon|64\/100|[from] Sandstorm\n|-heal|p1a: Vaporeon|100\/100|[from] move: Wish|[wisher] Vaporeon\n|-damage|p2a: Tyranitar|45\/100 brn|[from] brn\n|upkeep\n|turn|13\n|\n|switch|p2a: Clefable|Clefable, F|100\/100\n|-damage|p2a: Clefable|88\/100|[from] Stealth Rock\n|move|p1a: Vaporeon|Wish|p1a: Vaporeon\n|\n|-weather|Sandstorm|[upkeep]\n|-damage|p1a: Vaporeon|94\/100|[from] Sandstorm\n|-damage|p2a: Clefable|82\/100|[from] Sandstorm\n|-heal|p1a: Vaporeon|100\/100|[from] item: Leftovers\n|-heal|p2a: Clefable|88\/100|[from] item: Leftovers\n|upkeep\n|turn|14\n|\n|switch|p1a: Hatterene|Hatterene, F, shiny|30\/100\n|move|p2a: Clefable|Moonblast|p1a: Hatterene\n|-damage|p1a: Hatterene|0 fnt\n|faint|p1a: Hatterene\n|\n|-weather|Sandstorm|[upkeep]\n|-damage|p2a: Clefable|82\/100|[from] Sandstorm\n|-heal|p2a: Clefable|88\/100|[from] item: Leftovers\n|upkeep\n|\n|switch|p1a: Obstagoon|Obstagoon, M, shiny|100\/100\n|turn|15\n|\n|move|p1a: Obstagoon|Obstruct|p1a: Obstagoon\n|-singleturn|p1a: Obstagoon|Protect\n|move|p2a: Clefable|Moonblast|p1a: Obstagoon\n|-activate|p1a: Obstagoon|move: Protect\n|\n|-weather|none\n|-heal|p2a: Clefable|94\/100|[from] item: Leftovers\n|-status|p1a: Obstagoon|brn|[from] item: Flame Orb\n|upkeep\n|turn|16\n|\n|move|p1a: Obstagoon|Facade|p2a: Clefable\n|-damage|p2a: Clefable|28\/100\n|move|p2a: Clefable|Moonblast|p1a: Obstagoon\n|-supereffective|p1a: Obstagoon\n|-damage|p1a: Obstagoon|27\/100 brn\n|\n|-heal|p2a: Clefable|35\/100|[from] item: Leftovers\n|-damage|p1a: Obstagoon|21\/100 brn|[from] brn\n|upkeep\n|turn|17\n|\n|move|p2a: Clefable|Protect|p2a: Clefable\n|-singleturn|p2a: Clefable|Protect\n|move|p1a: Obstagoon|Facade|p2a: Clefable\n|-activate|p2a: Clefable|move: Protect\n|\n|-heal|p2a: Clefable|41\/100|[from] item: Leftovers\n|-damage|p1a: Obstagoon|15\/100 brn|[from] brn\n|upkeep\n|turn|18\n|\n|switch|p2a: Seismitoad|Seismitoad, F|100\/100\n|-damage|p2a: Seismitoad|94\/100|[from] Stealth Rock\n|move|p1a: Obstagoon|Facade|p2a: Seismitoad\n|-damage|p2a: Seismitoad|36\/100\n|\n|-heal|p2a: Seismitoad|42\/100|[from] item: Leftovers\n|-damage|p1a: Obstagoon|9\/100 brn|[from] brn\n|upkeep\n|turn|19\n|\n|move|p1a: Obstagoon|Facade|p2a: Seismitoad\n|-damage|p2a: Seismitoad|0 fnt\n|faint|p2a: Seismitoad\n|\n|-damage|p1a: Obstagoon|3\/100 brn|[from] brn\n|upkeep\n|\n|switch|p2a: Toxapex|Toxapex, M|100\/100\n|-damage|p2a: Toxapex|88\/100|[from] Stealth Rock\n|turn|20\n|\n|move|p1a: Obstagoon|Knock Off|p2a: Toxapex\n|-damage|p2a: Toxapex|52\/100\n|-enditem|p2a: Toxapex|Black Sludge|[from] move: Knock Off|[of] p1a: Obstagoon\n|move|p2a: Toxapex|Toxic Spikes|p1a: Obstagoon\n|-sidestart|p1: fajita squad|move: Toxic Spikes\n|\n|-damage|p1a: Obstagoon|0 fnt|[from] brn\n|faint|p1a: Obstagoon\n|upkeep\n|\n|switch|p1a: Corviknight|Corviknight, F, shiny|100\/100\n|-ability|p1a: Corviknight|Pressure\n|turn|21\n|\n|move|p1a: Corviknight|Defog|p2a: Toxapex\n|-unboost|p2a: Toxapex|evasion|1\n|-sideend|p2: Q114|Stealth Rock|[from] move: Defog|[of] p1a: Corviknight\n|-sideend|p1: fajita squad|Toxic Spikes|[from] move: Defog|[of] p1a: Corviknight\n|move|p2a: Toxapex|Knock Off|p1a: Corviknight\n|-damage|p1a: Corviknight|90\/100\n|-enditem|p1a: Corviknight|Leftovers|[from] move: Knock Off|[of] p2a: Toxapex\n|\n|upkeep\n|turn|22\n|\n|switch|p1a: Kyurem|Kyurem, shiny|100\/100\n|-ability|p1a: Kyurem|Pressure\n|move|p2a: Toxapex|Scald|p1a: Kyurem\n|-resisted|p1a: Kyurem\n|-damage|p1a: Kyurem|93\/100\n|-status|p1a: Kyurem|brn\n|\n|-damage|p1a: Kyurem|87\/100 brn|[from] brn\n|upkeep\n|turn|23\n|\n|switch|p2a: Ferrothorn|Ferrothorn, F|100\/100\n|move|p1a: Kyurem|Freeze-Dry|p2a: Ferrothorn\n|-damage|p2a: Ferrothorn|78\/100\n|\n|-heal|p2a: Ferrothorn|84\/100|[from] item: Leftovers\n|-damage|p1a: Kyurem|81\/100 brn|[from] brn\n|upkeep\n|turn|24\n|j|\u203dHikaru91\n|\n|switch|p1a: Kommo-o|Kommo-o, M|100\/100\n|move|p2a: Ferrothorn|Leech Seed|p1a: Kommo-o\n|-start|p1a: Kommo-o|move: Leech Seed\n|\n|-heal|p2a: Ferrothorn|90\/100|[from] item: Leftovers\n|-damage|p1a: Kommo-o|88\/100|[from] Leech Seed|[of] p2a: Ferrothorn\n|-heal|p2a: Ferrothorn|100\/100|[silent]\n|upkeep\n|turn|25\n|j| HeavenStar\n|\n|switch|p1a: Kyurem|Kyurem, shiny|81\/100 brn\n|-ability|p1a: Kyurem|Pressure\n|switch|p2a: Clefable|Clefable, F|41\/100\n|\n|-heal|p2a: Clefable|47\/100|[from] item: Leftovers\n|-damage|p1a: Kyurem|75\/100 brn|[from] brn\n|upkeep\n|turn|26\n|\n|move|p2a: Clefable|Protect|p2a: Clefable\n|-singleturn|p2a: Clefable|Protect\n|move|p1a: Kyurem|Ice Beam|p2a: Clefable\n|-activate|p2a: Clefable|move: Protect\n|\n|-heal|p2a: Clefable|53\/100|[from] item: Leftovers\n|-damage|p1a: Kyurem|69\/100 brn|[from] brn\n|upkeep\n|turn|27\n|\n|switch|p2a: Toxapex|Toxapex, M|85\/100\n|move|p1a: Kyurem|Ice Beam|p2a: Toxapex\n|-resisted|p2a: Toxapex\n|-damage|p2a: Toxapex|65\/100\n|-status|p2a: Toxapex|frz\n|\n|-damage|p1a: Kyurem|62\/100 brn|[from] brn\n|upkeep\n|turn|28\n|-message|fajita squad forfeited.\n|\n|win|Q114\n|l|\u2606fajita squad\n|raw|fajita squad's rating: 1647 &rarr; <strong>1628<\/strong><br \/>(-19 for losing)\n|raw|Q114's rating: 1665 &rarr; <strong>1684<\/strong><br \/>(+19 for winning)\n","uploadtime":1590563202,"views":19,"p1id":"fajitasquad","p2id":"q114","formatid":"gen8ou","rating":1628,"private":0,"password":null}