{"id":"gen8ou-1335642483","p1":"pelican time","p2":"SMxVale","format":"gen8ou","log":"|j|\u2606pelican time\n|j|\u2606SMxVale\n|t:|1620328073\n|gametype|singles\n|player|p1|pelican time|102|1614\n|player|p2|SMxVale|bruno|1557\n|teamsize|p1|6\n|teamsize|p2|6\n|gen|8\n|tier|[Gen 8] OU\n|rated|\n|clearpoke\n|poke|p1|Zapdos|\n|poke|p1|Gengar, F|\n|poke|p1|Salamence, M|\n|poke|p1|Rillaboom, M|\n|poke|p1|Landorus-Therian, M|\n|poke|p1|Magnezone|\n|poke|p2|Slowbro, F|\n|poke|p2|Zapdos|\n|poke|p2|Kartana|\n|poke|p2|Rillaboom, M|\n|poke|p2|Landorus-Therian, M|\n|poke|p2|Bisharp, M|\n|rule|Sleep Clause Mod: Limit one foe put to sleep\n|rule|Species Clause: Limit one of each Pok\u00e9mon\n|rule|OHKO Clause: OHKO moves are banned\n|rule|Evasion Moves Clause: Evasion moves are banned\n|rule|Endless Battle Clause: Forcing endless battles is banned\n|rule|HP Percentage Mod: HP is shown in percentages\n|rule|Dynamax Clause: You cannot dynamax\n|teampreview\n|\n|t:|1620328100\n|start\n|switch|p1a: Zapdos|Zapdos|100\/100\n|switch|p2a: Slowbro|Slowbro, F|100\/100\n|turn|1\n|inactive|Battle timer is ON: inactive players will automatically lose when time's up. (requested by SMxVale)\n|\n|t:|1620328108\n|switch|p2a: Landorus|Landorus-Therian, M|100\/100\n|-ability|p2a: Landorus|Intimidate|boost\n|-unboost|p1a: Zapdos|atk|1\n|move|p1a: Zapdos|Volt Switch|p2a: Landorus\n|-immune|p2a: Landorus\n|\n|upkeep\n|turn|2\n|\n|t:|1620328116\n|move|p1a: Zapdos|Toxic|p2a: Landorus|[miss]\n|-miss|p1a: Zapdos|p2a: Landorus\n|move|p2a: Landorus|Stealth Rock|p1a: Zapdos\n|-sidestart|p1: pelican time|move: Stealth Rock\n|\n|upkeep\n|turn|3\n|\n|t:|1620328127\n|move|p1a: Zapdos|Toxic|p2a: Landorus|[miss]\n|-miss|p1a: Zapdos|p2a: Landorus\n|move|p2a: Landorus|U-turn|p1a: Zapdos\n|-resisted|p1a: Zapdos\n|-damage|p1a: Zapdos|87\/100\n|-status|p2a: Landorus|par|[from] ability: Static|[of] p1a: Zapdos\n|\n|t:|1620328140\n|switch|p2a: Bisharp|Bisharp, M|100\/100|[from]move: U-turn\n|\n|upkeep\n|turn|4\n|\n|t:|1620328143\n|move|p1a: Zapdos|Volt Switch|p2a: Bisharp\n|-damage|p2a: Bisharp|39\/100\n|inactive|pelican time has 120 seconds left.\n|\n|t:|1620328177\n|switch|p1a: Magnezone|Magnezone|100\/100|[from]move: Volt Switch\n|-damage|p1a: Magnezone|94\/100|[from] Stealth Rock\n|move|p2a: Bisharp|Swords Dance|p2a: Bisharp\n|-boost|p2a: Bisharp|atk|2\n|\n|-heal|p1a: Magnezone|100\/100|[from] item: Leftovers\n|upkeep\n|turn|5\n|\n|t:|1620328187\n|move|p2a: Bisharp|Knock Off|p1a: Magnezone\n|-damage|p1a: Magnezone|0 fnt\n|-enditem|p1a: Magnezone|Leftovers|[from] move: Knock Off|[of] p2a: Bisharp\n|faint|p1a: Magnezone\n|-damage|p2a: Bisharp|29\/100|[from] item: Life Orb\n|\n|upkeep\n|\n|t:|1620328195\n|switch|p1a: Rillaboom|Rillaboom, M|100\/100\n|-damage|p1a: Rillaboom|88\/100|[from] Stealth Rock\n|-fieldstart|move: Grassy Terrain|[from] ability: Grassy Surge|[of] p1a: Rillaboom\n|turn|6\n|\n|t:|1620328199\n|move|p1a: Rillaboom|Grassy Glide|p2a: Bisharp\n|-resisted|p2a: Bisharp\n|-damage|p2a: Bisharp|0 fnt\n|faint|p2a: Bisharp\n|\n|-heal|p1a: Rillaboom|94\/100|[from] Grassy Terrain\n|upkeep\n|\n|t:|1620328206\n|switch|p2a: Zapdos|Zapdos|100\/100\n|turn|7\n|\n|t:|1620328217\n|switch|p1a: Zapdos|Zapdos|87\/100\n|move|p2a: Zapdos|Hurricane|p1a: Zapdos\n|-resisted|p1a: Zapdos\n|-damage|p1a: Zapdos|52\/100\n|\n|upkeep\n|turn|8\n|\n|t:|1620328223\n|move|p1a: Zapdos|Roost|p1a: Zapdos\n|-heal|p1a: Zapdos|100\/100\n|-singleturn|p1a: Zapdos|move: Roost\n|move|p2a: Zapdos|Discharge|p1a: Zapdos\n|-resisted|p1a: Zapdos\n|-damage|p1a: Zapdos|75\/100\n|\n|-heal|p1a: Zapdos|81\/100|[from] Grassy Terrain\n|upkeep\n|turn|9\n|\n|t:|1620328233\n|move|p1a: Zapdos|Hurricane|p2a: Zapdos\n|-resisted|p2a: Zapdos\n|-damage|p2a: Zapdos|74\/100\n|move|p2a: Zapdos|Discharge|p1a: Zapdos\n|-damage|p1a: Zapdos|29\/100\n|\n|upkeep\n|turn|10\n|inactive|SMxVale has 120 seconds left.\n|\n|t:|1620328272\n|move|p1a: Zapdos|Roost|p1a: Zapdos\n|-heal|p1a: Zapdos|80\/100\n|-singleturn|p1a: Zapdos|move: Roost\n|move|p2a: Zapdos|Discharge|p1a: Zapdos\n|-resisted|p1a: Zapdos\n|-damage|p1a: Zapdos|54\/100\n|\n|-heal|p1a: Zapdos|61\/100|[from] Grassy Terrain\n|-fieldend|move: Grassy Terrain\n|upkeep\n|turn|11\n|inactive|SMxVale has 120 seconds left.\n|\n|t:|1620328285\n|move|p1a: Zapdos|Roost|p1a: Zapdos\n|-heal|p1a: Zapdos|100\/100\n|-singleturn|p1a: Zapdos|move: Roost\n|move|p2a: Zapdos|Roost|p2a: Zapdos\n|-heal|p2a: Zapdos|100\/100\n|-singleturn|p2a: Zapdos|move: Roost\n|\n|upkeep\n|turn|12\n|\n|t:|1620328289\n|switch|p2a: Landorus|Landorus-Therian, M|100\/100 par\n|-ability|p2a: Landorus|Intimidate|boost\n|-unboost|p1a: Zapdos|atk|1\n|move|p1a: Zapdos|Toxic|p2a: Landorus|[miss]\n|-miss|p1a: Zapdos|p2a: Landorus\n|\n|upkeep\n|turn|13\n|\n|t:|1620328301\n|switch|p1a: Rillaboom|Rillaboom, M|94\/100\n|-damage|p1a: Rillaboom|82\/100|[from] Stealth Rock\n|-fieldstart|move: Grassy Terrain|[from] ability: Grassy Surge|[of] p1a: Rillaboom\n|cant|p2a: Landorus|par\n|\n|-heal|p1a: Rillaboom|88\/100|[from] Grassy Terrain\n|upkeep\n|turn|14\n|inactive|SMxVale has 120 seconds left.\n|\n|t:|1620328317\n|switch|p2a: Zapdos|Zapdos|100\/100\n|move|p1a: Rillaboom|U-turn|p2a: Zapdos\n|-resisted|p2a: Zapdos\n|-damage|p2a: Zapdos|78\/100\n|-status|p1a: Rillaboom|par|[from] ability: Static|[of] p2a: Zapdos\n|\n|t:|1620328324\n|switch|p1a: Gengar|Gengar, F|100\/100|[from]move: U-turn\n|-damage|p1a: Gengar|88\/100|[from] Stealth Rock\n|\n|-heal|p1a: Gengar|94\/100|[from] Grassy Terrain\n|upkeep\n|turn|15\n|inactive|SMxVale has 120 seconds left.\n|\n|t:|1620328352\n|switch|p2a: Landorus|Landorus-Therian, M|100\/100 par\n|-ability|p2a: Landorus|Intimidate|boost\n|-unboost|p1a: Gengar|atk|1\n|move|p1a: Gengar|Shadow Ball|p2a: Landorus\n|-damage|p2a: Landorus|53\/100 par\n|\n|-heal|p1a: Gengar|100\/100|[from] Grassy Terrain\n|-heal|p2a: Landorus|59\/100 par|[from] item: Leftovers\n|upkeep\n|turn|16\n|j| WhosUrMain?\n|\n|t:|1620328364\n|switch|p1a: Rillaboom|Rillaboom, M|88\/100 par\n|-damage|p1a: Rillaboom|76\/100 par|[from] Stealth Rock\n|move|p2a: Landorus|U-turn|p1a: Rillaboom\n|-supereffective|p1a: Rillaboom\n|-damage|p1a: Rillaboom|24\/100 par\n|\n|t:|1620328369\n|switch|p2a: Kartana|Kartana|100\/100|[from]move: U-turn\n|\n|-heal|p1a: Rillaboom|30\/100 par|[from] Grassy Terrain\n|upkeep\n|turn|17\n|\n|t:|1620328385\n|move|p2a: Kartana|Knock Off|p1a: Rillaboom\n|-damage|p1a: Rillaboom|0 fnt\n|-enditem|p1a: Rillaboom|Choice Band|[from] move: Knock Off|[of] p2a: Kartana\n|faint|p1a: Rillaboom\n|-ability|p2a: Kartana|Beast Boost|boost\n|-boost|p2a: Kartana|atk|1\n|\n|-fieldend|move: Grassy Terrain\n|upkeep\n|\n|t:|1620328388\n|switch|p1a: Landorus|Landorus-Therian, M|100\/100\n|-damage|p1a: Landorus|88\/100|[from] Stealth Rock\n|-ability|p1a: Landorus|Intimidate|boost\n|-unboost|p2a: Kartana|atk|1\n|turn|18\n|\n|t:|1620328393\n|move|p2a: Kartana|Knock Off|p1a: Landorus\n|-damage|p1a: Landorus|36\/100\n|-enditem|p1a: Landorus|Choice Scarf|[from] move: Knock Off|[of] p2a: Kartana\n|move|p1a: Landorus|U-turn|p2a: Kartana\n|-damage|p2a: Kartana|70\/100\n|\n|t:|1620328402\n|switch|p1a: Zapdos|Zapdos|100\/100|[from]move: U-turn\n|\n|upkeep\n|turn|19\n|\n|t:|1620328415\n|switch|p2a: Landorus|Landorus-Therian, M|59\/100 par\n|-ability|p2a: Landorus|Intimidate|boost\n|-unboost|p1a: Zapdos|atk|1\n|move|p1a: Zapdos|Hurricane|p2a: Landorus\n|-crit|p2a: Landorus\n|-damage|p2a: Landorus|0 fnt\n|faint|p2a: Landorus\n|\n|upkeep\n|\n|t:|1620328421\n|switch|p2a: Slowbro|Slowbro, F|100\/100\n|turn|20\n|\n|t:|1620328431\n|move|p1a: Zapdos|Volt Switch|p2a: Slowbro\n|-supereffective|p2a: Slowbro\n|-damage|p2a: Slowbro|33\/100\n|\n|t:|1620328437\n|switch|p1a: Landorus|Landorus-Therian, M|36\/100|[from]move: Volt Switch\n|-damage|p1a: Landorus|23\/100|[from] Stealth Rock\n|-ability|p1a: Landorus|Intimidate|boost\n|-unboost|p2a: Slowbro|atk|1\n|move|p2a: Slowbro|Future Sight|p1a: Landorus\n|-start|p2a: Slowbro|move: Future Sight\n|\n|upkeep\n|turn|21\n|inactive|pelican time has 120 seconds left.\n|\n|t:|1620328487\n|move|p1a: Landorus|Explosion|p2a: Slowbro\n|-damage|p2a: Slowbro|0 fnt\n|faint|p1a: Landorus\n|faint|p2a: Slowbro\n|\n|upkeep\n|\n|t:|1620328509\n|switch|p1a: Zapdos|Zapdos|100\/100\n|switch|p2a: Rillaboom|Rillaboom, M|100\/100\n|-fieldstart|move: Grassy Terrain|[from] ability: Grassy Surge|[of] p2a: Rillaboom\n|turn|22\n|\n|t:|1620328515\n|move|p1a: Zapdos|Hurricane|p2a: Rillaboom\n|-supereffective|p2a: Rillaboom\n|-damage|p2a: Rillaboom|0 fnt\n|faint|p2a: Rillaboom\n|\n|-end|p1a: Zapdos|move: Future Sight\n|-damage|p1a: Zapdos|53\/100\n|upkeep\n|\n|t:|1620328520\n|switch|p2a: Kartana|Kartana|70\/100\n|turn|23\n|\n|t:|1620328538\n|move|p2a: Kartana|Knock Off|p1a: Zapdos\n|-damage|p1a: Zapdos|2\/100\n|-status|p2a: Kartana|par|[from] ability: Static|[of] p1a: Zapdos\n|-enditem|p1a: Zapdos|Heavy-Duty Boots|[from] move: Knock Off|[of] p2a: Kartana\n|move|p1a: Zapdos|Roost|p1a: Zapdos\n|-heal|p1a: Zapdos|52\/100\n|-singleturn|p1a: Zapdos|move: Roost\n|\n|-heal|p1a: Zapdos|58\/100|[from] Grassy Terrain\n|-heal|p2a: Kartana|77\/100 par|[from] Grassy Terrain\n|upkeep\n|turn|24\n|-message|SMxVale forfeited.\n|\n|win|pelican time\n|l|\u2606SMxVale\n|raw|pelican time's rating: 1631 &rarr; <strong>1647<\/strong><br \/>(+16 for winning)\n|raw|SMxVale's rating: 1557 &rarr; <strong>1541<\/strong><br \/>(-16 for losing)\n","uploadtime":1620328555,"views":46,"p1id":"pelicantime","p2id":"smxvale","formatid":"gen8ou","rating":1541,"private":0,"password":null}