{"id":"gen8ou-1232574970","p1":"Contorted Lies","p2":"mia corvere","format":"gen8ou","log":"|j|\u2606Contorted Lies\n|j|\u2606mia corvere\n|t:|1606500192\n|player|p1|Contorted Lies|101|2082\n|player|p2|mia corvere|102|2055\n|teamsize|p1|6\n|teamsize|p2|6\n|gametype|singles\n|gen|8\n|tier|[Gen 8] OU\n|rated|\n|clearpoke\n|poke|p1|Weavile, F|\n|poke|p1|Urshifu-*, M|\n|poke|p1|Magearna|\n|poke|p1|Moltres|\n|poke|p1|Hippowdon, M|\n|poke|p1|Toxapex, F|\n|poke|p2|Clefable, F|\n|poke|p2|Pheromosa|\n|poke|p2|Moltres|\n|poke|p2|Ferrothorn, M|\n|poke|p2|Landorus-Therian, M|\n|poke|p2|Keldeo-Resolute|\n|rule|Sleep Clause Mod: Limit one foe put to sleep\n|rule|Species Clause: Limit one of each Pok\u00e9mon\n|rule|OHKO Clause: OHKO moves are banned\n|rule|Evasion Moves Clause: Evasion moves are banned\n|rule|Endless Battle Clause: Forcing endless battles is banned\n|rule|HP Percentage Mod: HP is shown in percentages\n|rule|Dynamax Clause: You cannot dynamax\n|teampreview\n|j| Buhdamdon\n|inactive|Battle timer is ON: inactive players will automatically lose when time's up. (requested by mia corvere)\n|\n|t:|1606500214\n|start\n|switch|p1a: Toxapex|Toxapex, F|100\/100\n|switch|p2a: Landorus|Landorus-Therian, M|100\/100\n|-ability|p2a: Landorus|Intimidate|boost\n|-unboost|p1a: Toxapex|atk|1\n|turn|1\n|\n|t:|1606500217\n|move|p2a: Landorus|Earthquake|p1a: Toxapex\n|-supereffective|p1a: Toxapex\n|-damage|p1a: Toxapex|29\/100\n|move|p1a: Toxapex|Toxic Spikes|p2a: Landorus\n|-sidestart|p2: mia corvere|move: Toxic Spikes\n|\n|-heal|p1a: Toxapex|36\/100|[from] item: Black Sludge\n|upkeep\n|turn|2\n|j| Xvhvx\n|\n|t:|1606500222\n|switch|p2a: Moltres|Moltres|100\/100\n|switch|p1a: Moltres|Moltres|100\/100\n|\n|upkeep\n|turn|3\n|\n|t:|1606500226\n|move|p2a: Moltres|Hurricane|p1a: Moltres\n|-damage|p1a: Moltres|14\/100\n|-start|p1a: Moltres|confusion\n|-activate|p1a: Moltres|confusion\n|move|p1a: Moltres|Roost|p1a: Moltres\n|-heal|p1a: Moltres|64\/100\n|-singleturn|p1a: Moltres|move: Roost\n|\n|upkeep\n|turn|4\n|j| Tace\u32db\n|\n|t:|1606500234\n|switch|p1a: Magearna|Magearna|100\/100\n|move|p2a: Moltres|Hurricane|p1a: Magearna|[miss]\n|-miss|p2a: Moltres|p1a: Magearna\n|\n|upkeep\n|turn|5\n|j| AngryCold\n|j| OverUsed Expert\n|\n|t:|1606500241\n|switch|p2a: Landorus|Landorus-Therian, M|100\/100\n|-ability|p2a: Landorus|Intimidate|boost\n|-unboost|p1a: Magearna|atk|1\n|move|p1a: Magearna|Fleur Cannon|p2a: Landorus\n|-damage|p2a: Landorus|0 fnt\n|-unboost|p1a: Magearna|spa|2\n|faint|p2a: Landorus\n|-ability|p1a: Magearna|Soul-Heart|boost\n|-boost|p1a: Magearna|spa|1\n|\n|upkeep\n|\n|t:|1606500248\n|switch|p2a: Ferrothorn|Ferrothorn, M|100\/100\n|turn|6\n|\n|t:|1606500251\n|switch|p1a: Moltres|Moltres|64\/100\n|move|p2a: Ferrothorn|Stealth Rock|p1a: Moltres\n|-sidestart|p1: Contorted Lies|move: Stealth Rock\n|\n|upkeep\n|turn|7\n|\n|t:|1606500278\n|switch|p2a: Moltres|Moltres|100\/100\n|move|p1a: Moltres|Roost|p1a: Moltres\n|-heal|p1a: Moltres|100\/100\n|-singleturn|p1a: Moltres|move: Roost\n|\n|upkeep\n|turn|8\n|j| ExperimentalNewb\n|\n|t:|1606500283\n|move|p2a: Moltres|Hurricane|p1a: Moltres\n|-damage|p1a: Moltres|13\/100\n|-start|p1a: Moltres|confusion\n|-activate|p1a: Moltres|confusion\n|move|p1a: Moltres|Hurricane|p2a: Moltres\n|-damage|p2a: Moltres|45\/100\n|\n|upkeep\n|turn|9\n|\n|t:|1606500290\n|move|p2a: Moltres|Hurricane|p1a: Moltres|[miss]\n|-miss|p2a: Moltres|p1a: Moltres\n|-activate|p1a: Moltres|confusion\n|move|p1a: Moltres|Hurricane|p2a: Moltres\n|-damage|p2a: Moltres|0 fnt\n|faint|p2a: Moltres\n|\n|upkeep\n|c|\u2606mia corvere|lmfao\n|c|\u2606mia corvere|ok\n|\n|t:|1606500296\n|switch|p2a: Pheromosa|Pheromosa|100\/100\n|turn|10\n|c| OverUsed Expert|lol\n|j| Zombini62\n|\n|t:|1606500305\n|move|p2a: Pheromosa|Rapid Spin|p1a: Moltres\n|-damage|p1a: Moltres|0 fnt\n|-boost|p2a: Pheromosa|spe|1\n|-sideend|p2: mia corvere|Toxic Spikes|[from] move: Rapid Spin|[of] p2a: Pheromosa\n|faint|p1a: Moltres\n|-ability|p2a: Pheromosa|Beast Boost|boost\n|-boost|p2a: Pheromosa|atk|1\n|\n|upkeep\n|j| oracle J-L\n|j| Arnaud senju vgc\n|\n|t:|1606500321\n|switch|p1a: Toxapex|Toxapex, F|69\/100\n|-damage|p1a: Toxapex|56\/100|[from] Stealth Rock\n|turn|11\n|j| ppev\n|\n|t:|1606500328\n|move|p2a: Pheromosa|U-turn|p1a: Toxapex\n|-resisted|p1a: Toxapex\n|-damage|p1a: Toxapex|37\/100\n|\n|t:|1606500331\n|switch|p2a: Keldeo|Keldeo-Resolute|100\/100|[from]move: U-turn\n|move|p1a: Toxapex|Toxic Spikes|p2a: Keldeo\n|-sidestart|p2: mia corvere|move: Toxic Spikes\n|\n|-heal|p1a: Toxapex|44\/100|[from] item: Black Sludge\n|upkeep\n|turn|12\n|\n|t:|1606500334\n|switch|p1a: Hippowdon|Hippowdon, M|100\/100\n|-damage|p1a: Hippowdon|94\/100|[from] Stealth Rock\n|-weather|Sandstorm|[from] ability: Sand Stream|[of] p1a: Hippowdon\n|move|p2a: Keldeo|Substitute|p2a: Keldeo\n|-start|p2a: Keldeo|Substitute\n|-damage|p2a: Keldeo|76\/100\n|\n|-weather|Sandstorm|[upkeep]\n|-damage|p2a: Keldeo|70\/100|[from] Sandstorm\n|-heal|p2a: Keldeo|76\/100|[from] item: Leftovers\n|-heal|p1a: Hippowdon|100\/100|[from] item: Leftovers\n|upkeep\n|turn|13\n|j| littlecat157\n|\n|t:|1606500340\n|move|p2a: Keldeo|Scald|p1a: Hippowdon\n|-supereffective|p1a: Hippowdon\n|-damage|p1a: Hippowdon|38\/100\n|move|p1a: Hippowdon|Earthquake|p2a: Keldeo\n|-end|p2a: Keldeo|Substitute\n|\n|-weather|Sandstorm|[upkeep]\n|-damage|p2a: Keldeo|70\/100|[from] Sandstorm\n|-heal|p2a: Keldeo|76\/100|[from] item: Leftovers\n|-heal|p1a: Hippowdon|44\/100|[from] item: Leftovers\n|upkeep\n|turn|14\n|j| rlly6\n|\n|t:|1606500358\n|move|p2a: Keldeo|Scald|p1a: Hippowdon\n|-supereffective|p1a: Hippowdon\n|-damage|p1a: Hippowdon|0 fnt\n|faint|p1a: Hippowdon\n|\n|-weather|Sandstorm|[upkeep]\n|-damage|p2a: Keldeo|70\/100|[from] Sandstorm\n|-heal|p2a: Keldeo|76\/100|[from] item: Leftovers\n|upkeep\n|\n|t:|1606500359\n|switch|p1a: Magearna|Magearna|100\/100\n|-damage|p1a: Magearna|95\/100|[from] Stealth Rock\n|turn|15\n|\n|t:|1606500361\n|switch|p2a: Ferrothorn|Ferrothorn, M|100\/100\n|move|p1a: Magearna|Volt Switch|p2a: Ferrothorn\n|-resisted|p2a: Ferrothorn\n|-damage|p2a: Ferrothorn|84\/100\n|\n|t:|1606500364\n|switch|p1a: Urshifu|Urshifu, M|100\/100|[from]move: Volt Switch\n|-damage|p1a: Urshifu|94\/100|[from] Stealth Rock\n|\n|-weather|Sandstorm|[upkeep]\n|-damage|p1a: Urshifu|88\/100|[from] Sandstorm\n|-heal|p2a: Ferrothorn|90\/100|[from] item: Leftovers\n|upkeep\n|turn|16\n|j| Parrot67\n|\n|t:|1606500372\n|switch|p2a: Clefable|Clefable, F|100\/100\n|-status|p2a: Clefable|psn\n|move|p1a: Urshifu|Close Combat|p2a: Clefable\n|-resisted|p2a: Clefable\n|-damage|p2a: Clefable|56\/100 psn\n|-unboost|p1a: Urshifu|def|1\n|-unboost|p1a: Urshifu|spd|1\n|\n|-weather|none\n|-heal|p2a: Clefable|62\/100 psn|[from] item: Leftovers\n|upkeep\n|turn|17\n|\n|t:|1606500379\n|switch|p1a: Magearna|Magearna|95\/100\n|-damage|p1a: Magearna|89\/100|[from] Stealth Rock\n|move|p2a: Clefable|Soft-Boiled|p2a: Clefable\n|-heal|p2a: Clefable|100\/100 psn\n|\n|upkeep\n|turn|18\n|\n|t:|1606500383\n|switch|p2a: Ferrothorn|Ferrothorn, M|90\/100\n|move|p1a: Magearna|Flash Cannon|p2a: Ferrothorn\n|-resisted|p2a: Ferrothorn\n|-crit|p2a: Ferrothorn\n|-damage|p2a: Ferrothorn|44\/100\n|\n|-heal|p2a: Ferrothorn|50\/100|[from] item: Leftovers\n|upkeep\n|turn|19\n|\n|t:|1606500396\n|move|p1a: Magearna|Flash Cannon|p2a: Ferrothorn\n|-resisted|p2a: Ferrothorn\n|-damage|p2a: Ferrothorn|23\/100\n|move|p2a: Ferrothorn|Power Whip|p1a: Magearna\n|-resisted|p1a: Magearna\n|-damage|p1a: Magearna|71\/100\n|\n|-heal|p2a: Ferrothorn|29\/100|[from] item: Leftovers\n|upkeep\n|turn|20\n|\n|t:|1606500401\n|move|p1a: Magearna|Flash Cannon|p2a: Ferrothorn\n|-resisted|p2a: Ferrothorn\n|-damage|p2a: Ferrothorn|2\/100\n|move|p2a: Ferrothorn|Power Whip|p1a: Magearna|[miss]\n|-miss|p2a: Ferrothorn|p1a: Magearna\n|\n|-heal|p2a: Ferrothorn|8\/100|[from] item: Leftovers\n|upkeep\n|turn|21\n|c|\u2606mia corvere|dawg\n|c|\u2606mia corvere|come the fuck on\n|j| djok barra hi\n|j| Jongruenwald\n|c|\u2606mia corvere|what a garbage game\n|\n|t:|1606500430\n|move|p1a: Magearna|Flash Cannon|p2a: Ferrothorn\n|-resisted|p2a: Ferrothorn\n|-damage|p2a: Ferrothorn|0 fnt\n|faint|p2a: Ferrothorn\n|-ability|p1a: Magearna|Soul-Heart|boost\n|-boost|p1a: Magearna|spa|1\n|\n|upkeep\n|\n|t:|1606500431\n|switch|p2a: Pheromosa|Pheromosa|100\/100\n|turn|22\n|j| halfking\n|\n|t:|1606500443\n|move|p2a: Pheromosa|Rapid Spin|p1a: Magearna\n|-resisted|p1a: Magearna\n|-damage|p1a: Magearna|60\/100\n|-boost|p2a: Pheromosa|spe|1\n|-sideend|p2: mia corvere|Toxic Spikes|[from] move: Rapid Spin|[of] p2a: Pheromosa\n|move|p1a: Magearna|Flash Cannon|p2a: Pheromosa\n|-damage|p2a: Pheromosa|0 fnt\n|faint|p2a: Pheromosa\n|-ability|p1a: Magearna|Soul-Heart|boost\n|-boost|p1a: Magearna|spa|1\n|\n|upkeep\n|\n|t:|1606500445\n|switch|p2a: Keldeo|Keldeo-Resolute|76\/100\n|turn|23\n|\n|t:|1606500447\n|move|p2a: Keldeo|Calm Mind|p2a: Keldeo\n|-boost|p2a: Keldeo|spa|1\n|-boost|p2a: Keldeo|spd|1\n|move|p1a: Magearna|Flash Cannon|p2a: Keldeo\n|-resisted|p2a: Keldeo\n|-damage|p2a: Keldeo|20\/100\n|\n|-heal|p2a: Keldeo|26\/100|[from] item: Leftovers\n|upkeep\n|turn|24\n|j| Yinza\n|c| Buhdamdon|contorted lies is in elite 4, no surprise that he will win\n|\n|t:|1606500467\n|move|p2a: Keldeo|Secret Sword|p1a: Magearna\n|-crit|p1a: Magearna\n|-damage|p1a: Magearna|0 fnt\n|faint|p1a: Magearna\n|\n|-heal|p2a: Keldeo|32\/100|[from] item: Leftovers\n|upkeep\n|\n|t:|1606500470\n|switch|p1a: Weavile|Weavile, F|100\/100\n|-damage|p1a: Weavile|76\/100|[from] Stealth Rock\n|-ability|p1a: Weavile|Pressure\n|turn|25\n|c| rlly6|LMQO\n|c| rlly6|Lmao\n|\n|t:|1606500473\n|switch|p2a: Clefable|Clefable, F|100\/100 psn\n|move|p1a: Weavile|Knock Off|p2a: Clefable\n|-resisted|p2a: Clefable\n|-damage|p2a: Clefable|73\/100 psn\n|-enditem|p2a: Clefable|Leftovers|[from] move: Knock Off|[of] p1a: Weavile\n|-damage|p1a: Weavile|66\/100|[from] item: Life Orb\n|\n|upkeep\n|turn|26\n|c| rlly6|Crit\n|j| KoffingWoffing\n|\n|t:|1606500481\n|switch|p1a: Toxapex|Toxapex, F|77\/100\n|-damage|p1a: Toxapex|64\/100|[from] Stealth Rock\n|move|p2a: Clefable|Moonblast|p1a: Toxapex\n|-resisted|p1a: Toxapex\n|-damage|p1a: Toxapex|51\/100\n|\n|-heal|p1a: Toxapex|58\/100|[from] item: Black Sludge\n|upkeep\n|turn|27\n|l| Xvhvx\n|\n|t:|1606500487\n|switch|p2a: Keldeo|Keldeo-Resolute|32\/100\n|move|p1a: Toxapex|Knock Off|p2a: Keldeo\n|-resisted|p2a: Keldeo\n|-damage|p2a: Keldeo|23\/100\n|-ability|p2a: Keldeo|Justified|boost\n|-boost|p2a: Keldeo|atk|1\n|-enditem|p2a: Keldeo|Leftovers|[from] move: Knock Off|[of] p1a: Toxapex\n|\n|-heal|p1a: Toxapex|64\/100|[from] item: Black Sludge\n|upkeep\n|turn|28\n|\n|t:|1606500492\n|switch|p2a: Clefable|Clefable, F|73\/100 psn\n|move|p1a: Toxapex|Toxic Spikes|p2a: Clefable\n|-sidestart|p2: mia corvere|move: Toxic Spikes\n|\n|-heal|p1a: Toxapex|70\/100|[from] item: Black Sludge\n|upkeep\n|turn|29\n|j| eggbome\n|\n|t:|1606500513\n|move|p2a: Clefable|Soft-Boiled|p2a: Clefable\n|-heal|p2a: Clefable|100\/100 psn\n|move|p1a: Toxapex|Scald|p2a: Clefable\n|-crit|p2a: Clefable\n|-damage|p2a: Clefable|82\/100 psn\n|\n|-heal|p1a: Toxapex|76\/100|[from] item: Black Sludge\n|upkeep\n|turn|30\n|\n|t:|1606500520\n|move|p2a: Clefable|Wish|p2a: Clefable\n|move|p1a: Toxapex|Toxic Spikes|p2a: Clefable\n|-sidestart|p2: mia corvere|move: Toxic Spikes\n|\n|-heal|p1a: Toxapex|83\/100|[from] item: Black Sludge\n|upkeep\n|turn|31\n|\n|t:|1606500523\n|switch|p2a: Keldeo|Keldeo-Resolute|23\/100\n|-status|p2a: Keldeo|tox\n|move|p1a: Toxapex|Scald|p2a: Keldeo\n|-resisted|p2a: Keldeo\n|-damage|p2a: Keldeo|14\/100 tox\n|\n|-heal|p2a: Keldeo|75\/100 tox|[from] move: Wish|[wisher] Clefable\n|-heal|p1a: Toxapex|89\/100|[from] item: Black Sludge\n|-damage|p2a: Keldeo|69\/100 tox|[from] psn\n|upkeep\n|turn|32\n|j| Somalia\n|j| Song for the Sun\n|\n|t:|1606500530\n|switch|p2a: Clefable|Clefable, F|82\/100 psn\n|move|p1a: Toxapex|Scald|p2a: Clefable\n|-damage|p2a: Clefable|71\/100 psn\n|\n|-heal|p1a: Toxapex|95\/100|[from] item: Black Sludge\n|upkeep\n|turn|33\n|\n|t:|1606500543\n|move|p2a: Clefable|Wish|p2a: Clefable\n|move|p1a: Toxapex|Scald|p2a: Clefable\n|-damage|p2a: Clefable|60\/100 psn\n|\n|-heal|p1a: Toxapex|100\/100|[from] item: Black Sludge\n|upkeep\n|turn|34\n|\n|t:|1606500548\n|move|p2a: Clefable|Moonblast|p1a: Toxapex\n|-resisted|p1a: Toxapex\n|-damage|p1a: Toxapex|88\/100\n|move|p1a: Toxapex|Scald|p2a: Clefable\n|-damage|p2a: Clefable|48\/100 psn\n|\n|-heal|p2a: Clefable|98\/100 psn|[from] move: Wish|[wisher] Clefable\n|-heal|p1a: Toxapex|94\/100|[from] item: Black Sludge\n|upkeep\n|turn|35\n|\n|t:|1606500557\n|move|p2a: Clefable|Wish|p2a: Clefable\n|move|p1a: Toxapex|Knock Off|p2a: Clefable\n|-resisted|p2a: Clefable\n|-damage|p2a: Clefable|94\/100 psn\n|\n|-heal|p1a: Toxapex|99\/100|[from] item: Black Sludge\n|upkeep\n|turn|36\n|\n|t:|1606500560\n|switch|p2a: Keldeo|Keldeo-Resolute|69\/100 tox\n|move|p1a: Toxapex|Knock Off|p2a: Keldeo\n|-resisted|p2a: Keldeo\n|-damage|p2a: Keldeo|64\/100 tox\n|-ability|p2a: Keldeo|Justified|boost\n|-boost|p2a: Keldeo|atk|1\n|\n|-heal|p2a: Keldeo|100\/100 tox|[from] move: Wish|[wisher] Clefable\n|-heal|p1a: Toxapex|100\/100|[from] item: Black Sludge\n|-damage|p2a: Keldeo|94\/100 tox|[from] psn\n|upkeep\n|turn|37\n|j| ACII\n|\n|t:|1606500568\n|move|p2a: Keldeo|Scald|p1a: Toxapex\n|-resisted|p1a: Toxapex\n|-damage|p1a: Toxapex|84\/100\n|move|p1a: Toxapex|Scald|p2a: Keldeo\n|-resisted|p2a: Keldeo\n|-damage|p2a: Keldeo|86\/100 tox\n|\n|-heal|p1a: Toxapex|91\/100|[from] item: Black Sludge\n|-damage|p2a: Keldeo|73\/100 tox|[from] psn\n|upkeep\n|turn|38\n|\n|t:|1606500571\n|move|p2a: Keldeo|Scald|p1a: Toxapex\n|-resisted|p1a: Toxapex\n|-damage|p1a: Toxapex|72\/100\n|move|p1a: Toxapex|Scald|p2a: Keldeo\n|-resisted|p2a: Keldeo\n|-damage|p2a: Keldeo|65\/100 tox\n|\n|-heal|p1a: Toxapex|78\/100|[from] item: Black Sludge\n|-damage|p2a: Keldeo|47\/100 tox|[from] psn\n|upkeep\n|turn|39\n|j| Skip The Drip\n|\n|t:|1606500578\n|switch|p2a: Clefable|Clefable, F|94\/100 psn\n|switch|p1a: Urshifu|Urshifu, M|88\/100\n|-damage|p1a: Urshifu|82\/100|[from] Stealth Rock\n|\n|upkeep\n|turn|40\n|\n|t:|1606500582\n|move|p1a: Urshifu|Poison Jab|p2a: Clefable\n|-supereffective|p2a: Clefable\n|-damage|p2a: Clefable|13\/100 psn\n|move|p2a: Clefable|Moonblast|p1a: Urshifu\n|-supereffective|p1a: Urshifu\n|-damage|p1a: Urshifu|0 fnt\n|faint|p1a: Urshifu\n|\n|upkeep\n|l| Arnaud senju vgc\n|j| UnzipsCrogre\n|\n|t:|1606500589\n|switch|p1a: Weavile|Weavile, F|66\/100\n|-damage|p1a: Weavile|41\/100|[from] Stealth Rock\n|-ability|p1a: Weavile|Pressure\n|turn|41\n|j| Von Manstein\n|l| UnzipsCrogre\n|j| blackdarkness1\n|\n|t:|1606500613\n|move|p1a: Weavile|Knock Off|p2a: Clefable\n|-resisted|p2a: Clefable\n|-damage|p2a: Clefable|0 fnt\n|-damage|p1a: Weavile|31\/100|[from] item: Life Orb\n|faint|p2a: Clefable\n|\n|upkeep\n|\n|t:|1606500615\n|switch|p2a: Keldeo|Keldeo-Resolute|47\/100 tox\n|turn|42\n|\n|t:|1606500621\n|move|p1a: Weavile|Triple Axel|p2a: Keldeo\n|-resisted|p2a: Keldeo\n|-damage|p2a: Keldeo|40\/100 tox\n|-resisted|p2a: Keldeo\n|-damage|p2a: Keldeo|26\/100 tox\n|-resisted|p2a: Keldeo\n|-damage|p2a: Keldeo|4\/100 tox\n|-hitcount|p2a: Keldeo|3\n|-damage|p1a: Weavile|21\/100|[from] item: Life Orb\n|move|p2a: Keldeo|Scald|p1a: Weavile\n|-damage|p1a: Weavile|0 fnt\n|faint|p1a: Weavile\n|\n|-damage|p2a: Keldeo|0 fnt|[from] psn\n|faint|p2a: Keldeo\n|\n|win|Contorted Lies\n|upkeep\n|l|\u2606Contorted Lies\n|l| Von Manstein\n|l| AngryCold\n|l| rlly6\n|l| KoffingWoffing\n|l|\u2606mia corvere\n","uploadtime":1606500638,"views":115,"p1id":"contortedlies","p2id":"miacorvere","formatid":"gen8ou","rating":0,"private":0,"password":null}