{"id":"gen8ou-1251396458","p1":"lando expando","p2":"DriftKingTaisho","format":"gen8ou","log":"|j|\u2606lando expando\n|j|\u2606DriftKingTaisho\n|t:|1609113040\n|player|p1|lando expando|rocketgrunt|1812\n|player|p2|DriftKingTaisho|101|1822\n|teamsize|p1|6\n|teamsize|p2|6\n|gametype|singles\n|gen|8\n|tier|[Gen 8] OU\n|rated|\n|clearpoke\n|poke|p1|Tyrantrum, M|\n|poke|p1|Latios, M|\n|poke|p1|Ferrothorn, M|\n|poke|p1|Slowking, F|\n|poke|p1|Landorus-Therian, M|\n|poke|p1|Drapion, M|\n|poke|p2|Moltres-Galar|\n|poke|p2|Sandslash-Alola, M|\n|poke|p2|Ninetales-Alola, F|\n|poke|p2|Arctozolt|\n|poke|p2|Tapu Koko|\n|poke|p2|Victini|\n|rule|Sleep Clause Mod: Limit one foe put to sleep\n|rule|Species Clause: Limit one of each Pok\u00e9mon\n|rule|OHKO Clause: OHKO moves are banned\n|rule|Evasion Moves Clause: Evasion moves are banned\n|rule|Endless Battle Clause: Forcing endless battles is banned\n|rule|HP Percentage Mod: HP is shown in percentages\n|rule|Dynamax Clause: You cannot dynamax\n|teampreview\n|\n|t:|1609113054\n|start\n|switch|p1a: Landorus|Landorus-Therian, M|100\/100\n|switch|p2a: Ninetales|Ninetales-Alola, F, shiny|100\/100\n|-ability|p1a: Landorus|Intimidate|boost\n|-unboost|p2a: Ninetales|atk|1\n|-weather|Hail|[from] ability: Snow Warning|[of] p2a: Ninetales\n|turn|1\n|j| captainnaisu\n|\n|t:|1609113060\n|move|p1a: Landorus|U-turn|p2a: Ninetales\n|-resisted|p2a: Ninetales\n|-damage|p2a: Ninetales|84\/100\n|\n|t:|1609113065\n|switch|p1a: Ferrothorn|Ferrothorn, M|100\/100|[from]move: U-turn\n|move|p2a: Ninetales|Blizzard|p1a: Ferrothorn\n|-damage|p1a: Ferrothorn|69\/100\n|\n|-weather|Hail|[upkeep]\n|-damage|p1a: Ferrothorn|63\/100|[from] Hail\n|upkeep\n|turn|2\n|\n|t:|1609113073\n|move|p2a: Ninetales|Aurora Veil|p2a: Ninetales\n|-sidestart|p2: DriftKingTaisho|move: Aurora Veil\n|move|p1a: Ferrothorn|Gyro Ball|p2a: Ninetales\n|-supereffective|p2a: Ninetales\n|-damage|p2a: Ninetales|0 fnt\n|faint|p2a: Ninetales\n|\n|-weather|Hail|[upkeep]\n|-damage|p1a: Ferrothorn|57\/100|[from] Hail\n|upkeep\n|\n|t:|1609113080\n|switch|p2a: Victini|Victini|100\/100\n|turn|3\n|\n|t:|1609113087\n|switch|p1a: Drapion|Drapion, M|100\/100\n|move|p2a: Victini|V-create|p1a: Drapion\n|-damage|p1a: Drapion|44\/100\n|-unboost|p2a: Victini|spe|1\n|-unboost|p2a: Victini|def|1\n|-unboost|p2a: Victini|spd|1\n|-damage|p2a: Victini|84\/100|[from] item: Rocky Helmet|[of] p1a: Drapion\n|\n|-weather|Hail|[upkeep]\n|-damage|p2a: Victini|78\/100|[from] Hail\n|-damage|p1a: Drapion|38\/100|[from] Hail\n|upkeep\n|turn|4\n|\n|t:|1609113100\n|switch|p2a: Sandslash|Sandslash-Alola, M|100\/100\n|switch|p1a: Slowking|Slowking, F|100\/100\n|\n|-weather|Hail|[upkeep]\n|-damage|p1a: Slowking|94\/100|[from] Hail\n|upkeep\n|turn|5\n|\n|t:|1609113109\n|switch|p2a: Tapu Koko|Tapu Koko, shiny|100\/100\n|-fieldstart|move: Electric Terrain|[from] ability: Electric Surge|[of] p2a: Tapu Koko\n|move|p1a: Slowking|Teleport|p1a: Slowking\n|\n|t:|1609113114\n|switch|p1a: Landorus|Landorus-Therian, M|100\/100|[from]move: Teleport\n|-ability|p1a: Landorus|Intimidate|boost\n|-unboost|p2a: Tapu Koko|atk|1\n|\n|-weather|Hail|[upkeep]\n|-damage|p1a: Landorus|95\/100|[from] Hail\n|-damage|p2a: Tapu Koko|95\/100|[from] Hail\n|upkeep\n|turn|6\n|\n|t:|1609113122\n|move|p1a: Landorus|U-turn|p2a: Tapu Koko\n|-resisted|p2a: Tapu Koko\n|-damage|p2a: Tapu Koko|86\/100\n|\n|t:|1609113123\n|switch|p1a: Ferrothorn|Ferrothorn, M|57\/100|[from]move: U-turn\n|move|p2a: Tapu Koko|Dazzling Gleam|p1a: Ferrothorn\n|-resisted|p1a: Ferrothorn\n|-damage|p1a: Ferrothorn|36\/100\n|\n|-weather|Hail|[upkeep]\n|-damage|p2a: Tapu Koko|80\/100|[from] Hail\n|-damage|p1a: Ferrothorn|30\/100|[from] Hail\n|-sideend|p2: DriftKingTaisho|move: Aurora Veil\n|upkeep\n|turn|7\n|\n|t:|1609113132\n|switch|p2a: Arctozolt|Arctozolt, shiny|100\/100\n|move|p1a: Ferrothorn|Stealth Rock|p2a: Arctozolt\n|-sidestart|p2: DriftKingTaisho|move: Stealth Rock\n|\n|-weather|Hail|[upkeep]\n|-damage|p1a: Ferrothorn|24\/100|[from] Hail\n|upkeep\n|turn|8\n|\n|t:|1609113139\n|move|p2a: Arctozolt|Substitute|p2a: Arctozolt\n|-start|p2a: Arctozolt|Substitute\n|-damage|p2a: Arctozolt|76\/100\n|move|p1a: Ferrothorn|Gyro Ball|p2a: Arctozolt\n|-end|p2a: Arctozolt|Substitute\n|\n|-weather|none\n|upkeep\n|turn|9\n|\n|t:|1609113145\n|move|p2a: Arctozolt|Freeze-Dry|p1a: Ferrothorn\n|-damage|p1a: Ferrothorn|2\/100\n|-damage|p2a: Arctozolt|66\/100|[from] item: Life Orb\n|move|p1a: Ferrothorn|Gyro Ball|p2a: Arctozolt\n|-damage|p2a: Arctozolt|11\/100\n|\n|-fieldend|move: Electric Terrain\n|upkeep\n|turn|10\n|\n|t:|1609113152\n|move|p2a: Arctozolt|Bolt Beak|p1a: Ferrothorn\n|-resisted|p1a: Ferrothorn\n|-damage|p1a: Ferrothorn|0 fnt\n|-damage|p2a: Arctozolt|0 fnt|[from] ability: Iron Barbs|[of] p1a: Ferrothorn\n|faint|p1a: Ferrothorn\n|faint|p2a: Arctozolt\n|\n|upkeep\n|\n|t:|1609113161\n|switch|p2a: Moltres|Moltres-Galar|100\/100\n|switch|p1a: Landorus|Landorus-Therian, M|95\/100\n|-ability|p1a: Landorus|Intimidate|boost\n|-unboost|p2a: Moltres|atk|1\n|-damage|p2a: Moltres|75\/100|[from] Stealth Rock\n|turn|11\n|\n|t:|1609113167\n|move|p1a: Landorus|Stone Edge|p2a: Moltres\n|-supereffective|p2a: Moltres\n|-damage|p2a: Moltres|0 fnt\n|faint|p2a: Moltres\n|\n|upkeep\n|\n|t:|1609113171\n|switch|p2a: Sandslash|Sandslash-Alola, M|100\/100\n|-damage|p2a: Sandslash|88\/100|[from] Stealth Rock\n|turn|12\n|\n|t:|1609113176\n|switch|p1a: Drapion|Drapion, M|38\/100\n|move|p2a: Sandslash|Rapid Spin|p1a: Drapion\n|-damage|p1a: Drapion|23\/100\n|-boost|p2a: Sandslash|spe|1\n|-damage|p2a: Sandslash|72\/100|[from] item: Rocky Helmet|[of] p1a: Drapion\n|-sideend|p2: DriftKingTaisho|Stealth Rock|[from] move: Rapid Spin|[of] p2a: Sandslash\n|\n|upkeep\n|turn|13\n|\n|t:|1609113184\n|switch|p2a: Tapu Koko|Tapu Koko, shiny|80\/100\n|-fieldstart|move: Electric Terrain|[from] ability: Electric Surge|[of] p2a: Tapu Koko\n|move|p1a: Drapion|Earthquake|p2a: Tapu Koko\n|-supereffective|p2a: Tapu Koko\n|-damage|p2a: Tapu Koko|25\/100\n|\n|upkeep\n|turn|14\n|\n|t:|1609113192\n|move|p2a: Tapu Koko|Dazzling Gleam|p1a: Drapion\n|-damage|p1a: Drapion|0 fnt\n|faint|p1a: Drapion\n|\n|upkeep\n|\n|t:|1609113195\n|switch|p1a: Landorus|Landorus-Therian, M|95\/100\n|-ability|p1a: Landorus|Intimidate|boost\n|-unboost|p2a: Tapu Koko|atk|1\n|turn|15\n|\n|t:|1609113201\n|switch|p2a: Victini|Victini|78\/100\n|move|p1a: Landorus|Earthquake|p2a: Victini\n|-supereffective|p2a: Victini\n|-damage|p2a: Victini|0 fnt\n|faint|p2a: Victini\n|\n|upkeep\n|\n|t:|1609113207\n|switch|p2a: Sandslash|Sandslash-Alola, M|72\/100\n|turn|16\n|\n|t:|1609113210\n|switch|p2a: Tapu Koko|Tapu Koko, shiny|25\/100\n|move|p1a: Landorus|Earthquake|p2a: Tapu Koko\n|-supereffective|p2a: Tapu Koko\n|-damage|p2a: Tapu Koko|0 fnt\n|faint|p2a: Tapu Koko\n|\n|upkeep\n|\n|t:|1609113216\n|switch|p2a: Sandslash|Sandslash-Alola, M|72\/100\n|turn|17\n|\n|t:|1609113219\n|move|p2a: Sandslash|Ice Shard|p1a: Landorus\n|-supereffective|p1a: Landorus\n|-damage|p1a: Landorus|0 fnt\n|faint|p1a: Landorus\n|\n|-fieldend|move: Electric Terrain\n|upkeep\n|\n|t:|1609113225\n|switch|p1a: Tyrantrum|Tyrantrum, M|100\/100\n|turn|18\n|\n|t:|1609113227\n|move|p2a: Sandslash|Ice Shard|p1a: Tyrantrum\n|-supereffective|p1a: Tyrantrum\n|-damage|p1a: Tyrantrum|51\/100\n|move|p1a: Tyrantrum|Close Combat|p2a: Sandslash\n|-supereffective|p2a: Sandslash\n|-damage|p2a: Sandslash|0 fnt\n|-unboost|p1a: Tyrantrum|def|1\n|-unboost|p1a: Tyrantrum|spd|1\n|faint|p2a: Sandslash\n|\n|win|lando expando\n|l|\u2606lando expando\n|l|\u2606DriftKingTaisho\n|j|\u2606lando expando\n|player|p1|lando expando|rocketgrunt\n|raw|lando expando's rating: 1813 &rarr; <strong>1834<\/strong><br \/>(+21 for winning)\n|raw|DriftKingTaisho's rating: 1822 &rarr; <strong>1802<\/strong><br \/>(-20 for losing)\n","uploadtime":1609113255,"views":10,"p1id":"landoexpando","p2id":"driftkingtaisho","formatid":"gen8ou","rating":1802,"private":0,"password":null}