{"id":"gen8ou-1540226772","p1":"SetsuStsna","p2":"julian113","format":"gen8ou","log":"|j|\u2606SetsuStsna\n|j|\u2606julian113\n|t:|1648429589\n|gametype|singles\n|player|p1|SetsuStsna|dawn-gen4pt|1674\n|player|p2|julian113|1|1732\n|teamsize|p1|6\n|teamsize|p2|6\n|gen|8\n|tier|[Gen 8] OU\n|rated|\n|rule|Sleep Clause Mod: Limit one foe put to sleep\n|rule|Species Clause: Limit one of each Pok\u00e9mon\n|rule|OHKO Clause: OHKO moves are banned\n|rule|Evasion Moves Clause: Evasion moves are banned\n|rule|Endless Battle Clause: Forcing endless battles is banned\n|rule|HP Percentage Mod: HP is shown in percentages\n|rule|Dynamax Clause: You cannot dynamax\n|clearpoke\n|poke|p1|Kartana|\n|poke|p1|Dragapult, M|\n|poke|p1|Slowbro-Galar, M|\n|poke|p1|Zapdos-Galar|\n|poke|p1|Zoroark, M|\n|poke|p1|Garchomp, M|\n|poke|p2|Clefable, M|\n|poke|p2|Tapu Fini|\n|poke|p2|Volcarona, M|\n|poke|p2|Ferrothorn, F|\n|poke|p2|Dragapult, F|\n|poke|p2|Landorus-Therian, M|\n|teampreview\n|inactive|Battle timer is ON: inactive players will automatically lose when time's up. (requested by SetsuStsna)\n|inactive|julian113 has 120 seconds left.\n|\n|t:|1648429652\n|start\n|switch|p1a: Dragapult|Dragapult, M, shiny|100\/100\n|switch|p2a: Clefable|Clefable, M|100\/100\n|turn|1\n|\n|t:|1648429664\n|move|p1a: Dragapult|Light Screen|p1a: Dragapult\n|-sidestart|p1: SetsuStsna|move: Light Screen\n|move|p2a: Clefable|Trick|p1a: Dragapult\n|-activate|p2a: Clefable|move: Trick|[of] p1a: Dragapult\n|-item|p1a: Dragapult|Sticky Barb|[from] move: Trick\n|-item|p2a: Clefable|Light Clay|[from] move: Trick\n|\n|-damage|p1a: Dragapult|88\/100|[from] item: Sticky Barb\n|upkeep\n|turn|2\n|\n|t:|1648429670\n|move|p1a: Dragapult|Thunder Wave|p2a: Clefable\n|-status|p2a: Clefable|par\n|move|p2a: Clefable|Stealth Rock|p1a: Dragapult\n|-sidestart|p1: SetsuStsna|move: Stealth Rock\n|\n|-damage|p1a: Dragapult|76\/100|[from] item: Sticky Barb\n|upkeep\n|turn|3\n|\n|t:|1648429674\n|move|p1a: Dragapult|Reflect|p1a: Dragapult\n|-sidestart|p1: SetsuStsna|Reflect\n|move|p2a: Clefable|Moonblast|p1a: Dragapult\n|-supereffective|p1a: Dragapult\n|-damage|p1a: Dragapult|41\/100\n|\n|-damage|p1a: Dragapult|29\/100|[from] item: Sticky Barb\n|upkeep\n|turn|4\n|\n|t:|1648429691\n|move|p1a: Dragapult|Curse|p2a: Clefable\n|-start|p2a: Clefable|Curse|[of] p1a: Dragapult\n|-damage|p1a: Dragapult|0 fnt\n|faint|p1a: Dragapult\n|move|p2a: Clefable|Trick|p1: Dragapult|[notarget]\n|-fail|p2a: Clefable\n|\n|upkeep\n|\n|t:|1648429695\n|switch|p1a: Slowbro|Slowbro-Galar, M|100\/100\n|-damage|p1a: Slowbro|88\/100|[from] Stealth Rock\n|turn|5\n|\n|t:|1648429701\n|move|p1a: Slowbro|Belly Drum|p1a: Slowbro\n|-damage|p1a: Slowbro|38\/100\n|-setboost|p1a: Slowbro|atk|6|[from] move: Belly Drum\n|move|p2a: Clefable|Trick|p1a: Slowbro\n|-activate|p2a: Clefable|move: Trick|[of] p1a: Slowbro\n|-item|p1a: Slowbro|Light Clay|[from] move: Trick\n|-item|p2a: Clefable|Quick Claw|[from] move: Trick\n|\n|upkeep\n|turn|6\n|-activate|p1a: Slowbro|ability: Quick Draw\n|\n|t:|1648429708\n|move|p1a: Slowbro|Shell Side Arm|p2a: Clefable|[anim] Shell Side Arm Physical\n|-supereffective|p2a: Clefable\n|-damage|p2a: Clefable|0 fnt\n|-hint|Physical Shell Side Arm\n|faint|p2a: Clefable\n|\n|upkeep\n|\n|t:|1648429717\n|switch|p2a: Dragapult|Dragapult, F|100\/100\n|turn|7\n|-activate|p1a: Slowbro|ability: Quick Draw\n|\n|t:|1648429723\n|move|p1a: Slowbro|Zen Headbutt|p2a: Dragapult\n|-damage|p2a: Dragapult|0 fnt\n|faint|p2a: Dragapult\n|\n|-sideend|p1: SetsuStsna|Reflect\n|upkeep\n|\n|t:|1648429728\n|switch|p2a: Landorus|Landorus-Therian, M|100\/100\n|-ability|p2a: Landorus|Intimidate|boost\n|-unboost|p1a: Slowbro|atk|1\n|turn|8\n|-activate|p1a: Slowbro|ability: Quick Draw\n|\n|t:|1648429731\n|move|p1a: Slowbro|Zen Headbutt|p2a: Landorus\n|-damage|p2a: Landorus|0 fnt\n|faint|p2a: Landorus\n|\n|-sideend|p1: SetsuStsna|move: Light Screen\n|upkeep\n|c|\u2606SetsuStsna|lmao\n|j| Fardi B\n|c|\u2606julian113|how i took ur quick claw lmaooo\n|c|\u2606julian113|gg\n|c|\u2606julian113|wtf\n|c|\u2606SetsuStsna|gg\n|inactive|julian113 has 120 seconds left.\n|c|\u2606julian113|actually hang on\n|j| Tact1C_AG\n|c|\u2606julian113|ima try\n|c|\u2606SetsuStsna|damn alr\n|c|\u2606SetsuStsna|now i lose lol\n|\n|t:|1648429772\n|switch|p2a: Volcarona|Volcarona, M|100\/100\n|turn|9\n|\n|t:|1648429778\n|move|p2a: Volcarona|Flamethrower|p1a: Slowbro\n|-damage|p1a: Slowbro|0 fnt\n|faint|p1a: Slowbro\n|\n|upkeep\n|l| Fardi B\n|\n|t:|1648429784\n|switch|p1a: Garchomp|Garchomp, M|100\/100\n|-damage|p1a: Garchomp|88\/100|[from] Stealth Rock\n|turn|10\n|\n|t:|1648429793\n|move|p1a: Garchomp|Memento|p2a: Volcarona\n|-unboost|p2a: Volcarona|atk|2\n|-unboost|p2a: Volcarona|spa|2\n|faint|p1a: Garchomp\n|move|p2a: Volcarona|Quiver Dance|p2a: Volcarona\n|-boost|p2a: Volcarona|spa|1\n|-boost|p2a: Volcarona|spd|1\n|-boost|p2a: Volcarona|spe|1\n|\n|upkeep\n|\n|t:|1648429796\n|switch|p1a: Garchomp|Garchomp, M|100\/100\n|-damage|p1a: Garchomp|94\/100|[from] Stealth Rock\n|turn|11\n|\n|t:|1648429808\n|move|p2a: Volcarona|Psychic|p1a: Garchomp\n|-damage|p1a: Garchomp|75\/100\n|move|p1a: Garchomp|Swords Dance|p1a: Garchomp\n|-boost|p1a: Garchomp|atk|2\n|\n|upkeep\n|turn|12\n|\n|t:|1648429818\n|switch|p2a: Ferrothorn|Ferrothorn, F|100\/100\n|move|p1a: Garchomp|Scale Shot|p2a: Ferrothorn\n|-resisted|p2a: Ferrothorn\n|-damage|p2a: Ferrothorn|91\/100\n|-resisted|p2a: Ferrothorn\n|-damage|p2a: Ferrothorn|81\/100\n|-resisted|p2a: Ferrothorn\n|-damage|p2a: Ferrothorn|71\/100\n|-hitcount|p2a: Ferrothorn|3\n|-unboost|p1a: Garchomp|def|1\n|-boost|p1a: Garchomp|spe|1\n|\n|-heal|p2a: Ferrothorn|77\/100|[from] item: Leftovers\n|upkeep\n|turn|13\n|\n|t:|1648429822\n|move|p1a: Garchomp|Earthquake|p2a: Ferrothorn\n|-damage|p2a: Ferrothorn|0 fnt\n|faint|p2a: Ferrothorn\n|\n|upkeep\n|\n|t:|1648429825\n|switch|p2a: Tapu Fini|Tapu Fini|100\/100\n|-fieldstart|move: Misty Terrain|[from] ability: Misty Surge|[of] p2a: Tapu Fini\n|turn|14\n|c|\u2606SetsuStsna|gg\n|c|\u2606julian113|gg\n|-message|julian113 forfeited.\n|\n|win|SetsuStsna\n|raw|SetsuStsna's rating: 1674 &rarr; <strong>1697<\/strong><br \/>(+23 for winning)\n|raw|julian113's rating: 1732 &rarr; <strong>1709<\/strong><br \/>(-23 for losing)\n|l|\u2606julian113\n|j| Sauromon\n||Ladder isn't responding, score probably updated but might not have (Request timeout).\n","uploadtime":1648429836,"views":57,"p1id":"setsustsna","p2id":"julian113","formatid":"gen8ou","rating":1697,"private":0,"password":null}