{"id":"gen8ou-1630783125","p1":"N30N3","p2":"LT91BB N","format":"gen8ou","log":"|raw|<div class=\"broadcast-blue\"><strong>This battle is required to be public due to a player having a name starting with 'lt91bb'.<\/div>\n|j|\u2606N30N3\n|j|\u2606LT91BB N\n|t:|1659464627\n|gametype|singles\n|player|p1|N30N3|101|2003\n|player|p2|LT91BB N|blue-gen3|2004\n|teamsize|p1|6\n|teamsize|p2|6\n|gen|8\n|tier|[Gen 8] OU\n|rated|\n|rule|Sleep Clause Mod: Limit one foe put to sleep\n|rule|Species Clause: Limit one of each Pok\u00e9mon\n|rule|OHKO Clause: OHKO moves are banned\n|rule|Evasion Moves Clause: Evasion moves are banned\n|rule|Endless Battle Clause: Forcing endless battles is banned\n|rule|HP Percentage Mod: HP is shown in percentages\n|rule|Dynamax Clause: You cannot dynamax\n|clearpoke\n|poke|p1|Garchomp, M|\n|poke|p1|Moltres-Galar|\n|poke|p1|Melmetal|\n|poke|p1|Urshifu-*, F|\n|poke|p1|Rillaboom, F|\n|poke|p1|Latias, F|\n|poke|p2|Dragapult, M|\n|poke|p2|Weavile, F|\n|poke|p2|Clefable, M|\n|poke|p2|Heatran, F|\n|poke|p2|Gastrodon, M|\n|poke|p2|Skarmory, M|\n|teampreview\n|inactive|Battle timer is ON: inactive players will automatically lose when time's up. (requested by N30N3)\n|j| NDHB\n|j| agentflane\n|l|\u2606LT91BB N\n|inactive|LT91BB N disconnected and has a minute to reconnect!\n|player|p2|\n|j| Another Brazy\n|j| LT91BB Empo\n|j| LT91BB ES\n|l| Another Brazy\n|j|\u2606LT91BB N\n|inactive|LT91BB N reconnected and has 125 seconds left.\n|player|p2|LT91BB N|blue-gen3\n|inactive|LT91BB N has 120 seconds left.\n|\n|t:|1659464662\n|start\n|switch|p1a: Melmetal|Melmetal|100\/100\n|switch|p2a: Clefable|Clefable, M|100\/100\n|turn|1\n|j| Tctcycyc\n|j| LT91BB Scorcha\n|\n|t:|1659464668\n|move|p2a: Clefable|Trick|p1a: Melmetal\n|-activate|p2a: Clefable|move: Trick|[of] p1a: Melmetal\n|-item|p1a: Melmetal|Choice Scarf|[from] move: Trick\n|-item|p2a: Clefable|Leftovers|[from] move: Trick\n|move|p1a: Melmetal|Double Iron Bash|p2a: Clefable\n|-supereffective|p2a: Clefable\n|-damage|p2a: Clefable|36\/100\n|-supereffective|p2a: Clefable\n|-damage|p2a: Clefable|0 fnt\n|faint|p2a: Clefable\n|-hitcount|p2: Clefable|2\n|\n|upkeep\n|j| PifStreamOrIScream\n|l| LT91BB Scorcha\n|\n|t:|1659464675\n|switch|p2a: Heatran|Heatran, F|100\/100\n|turn|2\n|j| xasah\u2764bae\n|j| Master 8 Leon\n|\n|t:|1659464684\n|switch|p1a: Garchomp|Garchomp, M|100\/100\n|move|p2a: Heatran|Stealth Rock|p1a: Garchomp\n|-sidestart|p1: N30N3|move: Stealth Rock\n|\n|upkeep\n|turn|3\n|\n|t:|1659464688\n|switch|p2a: Skarmory|Skarmory, M|100\/100\n|move|p1a: Garchomp|Stealth Rock|p2a: Skarmory\n|-sidestart|p2: LT91BB N|move: Stealth Rock\n|\n|upkeep\n|turn|4\n|\n|t:|1659464694\n|switch|p1a: Moltres|Moltres-Galar|100\/100\n|-damage|p1a: Moltres|76\/100|[from] Stealth Rock\n|move|p2a: Skarmory|Toxic|p1a: Moltres\n|-status|p1a: Moltres|tox\n|\n|-damage|p1a: Moltres|69\/100 tox|[from] psn\n|upkeep\n|turn|5\n|j| Plasmeek\n|\n|t:|1659464701\n|move|p1a: Moltres|Fiery Wrath|p2a: Skarmory\n|-damage|p2a: Skarmory|42\/100\n|cant|p2a: Skarmory|flinch\n|\n|-damage|p1a: Moltres|57\/100 tox|[from] psn\n|upkeep\n|turn|6\n|l| Tctcycyc\n|j| Lance's Time\n|\n|t:|1659464706\n|switch|p2a: Heatran|Heatran, F|100\/100\n|-damage|p2a: Heatran|88\/100|[from] Stealth Rock\n|move|p1a: Moltres|Fiery Wrath|p2a: Heatran\n|-damage|p2a: Heatran|62\/100\n|\n|-heal|p2a: Heatran|69\/100|[from] item: Leftovers\n|-damage|p1a: Moltres|38\/100 tox|[from] psn\n|upkeep\n|turn|7\n|\n|t:|1659464715\n|move|p1a: Moltres|Rest|p1a: Moltres\n|-status|p1a: Moltres|slp|[from] move: Rest\n|-heal|p1a: Moltres|100\/100 slp|[silent]\n|-enditem|p1a: Moltres|Chesto Berry|[eat]\n|-curestatus|p1a: Moltres|slp|[msg]\n|move|p2a: Heatran|Heavy Slam|p1a: Moltres\n|-damage|p1a: Moltres|53\/100\n|\n|-heal|p2a: Heatran|75\/100|[from] item: Leftovers\n|upkeep\n|turn|8\n|j| t0shiro m1fune\n|j| Congwuyu\n|\n|t:|1659464721\n|switch|p1a: Garchomp|Garchomp, M|100\/100\n|-damage|p1a: Garchomp|94\/100|[from] Stealth Rock\n|move|p2a: Heatran|Toxic|p1a: Garchomp\n|-status|p1a: Garchomp|tox\n|\n|-heal|p2a: Heatran|81\/100|[from] item: Leftovers\n|-damage|p1a: Garchomp|88\/100 tox|[from] psn\n|upkeep\n|turn|9\n|j| Bad Players\n|\n|t:|1659464733\n|switch|p1a: Moltres|Moltres-Galar|53\/100\n|-damage|p1a: Moltres|29\/100|[from] Stealth Rock\n|move|p2a: Heatran|Lava Plume|p1a: Moltres\n|-damage|p1a: Moltres|0 fnt\n|faint|p1a: Moltres\n|\n|-heal|p2a: Heatran|87\/100|[from] item: Leftovers\n|upkeep\n|\n|t:|1659464738\n|switch|p1a: Urshifu|Urshifu-Rapid-Strike, F|100\/100\n|-damage|p1a: Urshifu|94\/100|[from] Stealth Rock\n|turn|10\n|j| SilentTurb0\n|\n|t:|1659464749\n|switch|p2a: Gastrodon|Gastrodon, M|100\/100\n|move|p1a: Urshifu|Close Combat|p2a: Gastrodon\n|-damage|p2a: Gastrodon|36\/100\n|-unboost|p1a: Urshifu|def|1\n|-unboost|p1a: Urshifu|spd|1\n|\n|upkeep\n|turn|11\n|j| mina romnox\n|\n|t:|1659464752\n|switch|p2a: Dragapult|Dragapult, M|100\/100\n|move|p1a: Urshifu|Close Combat|p2a: Dragapult\n|-immune|p2a: Dragapult\n|\n|upkeep\n|turn|12\n|\n|t:|1659464760\n|switch|p1a: Melmetal|Melmetal|100\/100\n|-damage|p1a: Melmetal|94\/100|[from] Stealth Rock\n|move|p2a: Dragapult|U-turn|p1a: Melmetal\n|-resisted|p1a: Melmetal\n|-damage|p1a: Melmetal|90\/100\n|j| JustFranco\u203d\n|\n|t:|1659464762\n|switch|p2a: Skarmory|Skarmory, M|42\/100|[from]move: U-turn\n|-damage|p2a: Skarmory|30\/100|[from] Stealth Rock\n|\n|upkeep\n|turn|13\n|\n|t:|1659464766\n|switch|p1a: Latias|Latias, F|100\/100\n|-damage|p1a: Latias|88\/100|[from] Stealth Rock\n|move|p2a: Skarmory|Roost|p2a: Skarmory\n|-heal|p2a: Skarmory|80\/100\n|-singleturn|p2a: Skarmory|move: Roost\n|\n|upkeep\n|turn|14\n|j| LT91BB Tace\n|\n|t:|1659464772\n|move|p1a: Latias|Trick|p2a: Skarmory\n|-activate|p1a: Latias|move: Trick|[of] p2a: Skarmory\n|-item|p2a: Skarmory|Choice Scarf|[from] move: Trick\n|-item|p1a: Latias|Rocky Helmet|[from] move: Trick\n|move|p2a: Skarmory|Toxic|p1a: Latias\n|-status|p1a: Latias|tox\n|\n|-damage|p1a: Latias|82\/100 tox|[from] psn\n|upkeep\n|turn|15\n|j|+Howkings\n|\n|t:|1659464782\n|switch|p1a: Urshifu|Urshifu-Rapid-Strike, F|94\/100\n|-damage|p1a: Urshifu|88\/100|[from] Stealth Rock\n|switch|p2a: Heatran|Heatran, F|87\/100\n|-damage|p2a: Heatran|75\/100|[from] Stealth Rock\n|\n|-heal|p2a: Heatran|81\/100|[from] item: Leftovers\n|upkeep\n|turn|16\n|\n|t:|1659464806\n|switch|p2a: Skarmory|Skarmory, M|80\/100\n|-damage|p2a: Skarmory|68\/100|[from] Stealth Rock\n|move|p1a: Urshifu|Close Combat|p2a: Skarmory\n|-damage|p2a: Skarmory|27\/100\n|-unboost|p1a: Urshifu|def|1\n|-unboost|p1a: Urshifu|spd|1\n|\n|upkeep\n|turn|17\n|\n|t:|1659464808\n|switch|p2a: Dragapult|Dragapult, M|100\/100\n|move|p1a: Urshifu|Close Combat|p2a: Dragapult\n|-immune|p2a: Dragapult\n|\n|upkeep\n|turn|18\n|l| xasah\u2764bae\n|\n|t:|1659464814\n|switch|p1a: Melmetal|Melmetal|90\/100\n|-damage|p1a: Melmetal|84\/100|[from] Stealth Rock\n|move|p2a: Dragapult|Fire Blast|p1a: Melmetal\n|-supereffective|p1a: Melmetal\n|-damage|p1a: Melmetal|44\/100\n|\n|upkeep\n|turn|19\n|\n|t:|1659464823\n|switch|p1a: Urshifu|Urshifu-Rapid-Strike, F|88\/100\n|-damage|p1a: Urshifu|82\/100|[from] Stealth Rock\n|move|p2a: Dragapult|U-turn|p1a: Urshifu\n|-resisted|p1a: Urshifu\n|-damage|p1a: Urshifu|74\/100\n|j| Phxo'\n|\n|t:|1659464830\n|switch|p2a: Gastrodon|Gastrodon, M|36\/100|[from]move: U-turn\n|\n|upkeep\n|turn|20\n|\n|t:|1659464833\n|switch|p2a: Dragapult|Dragapult, M|100\/100\n|move|p1a: Urshifu|Ice Punch|p2a: Dragapult\n|-supereffective|p2a: Dragapult\n|-damage|p2a: Dragapult|23\/100\n|\n|upkeep\n|turn|21\n|\n|t:|1659464837\n|move|p1a: Urshifu|Ice Punch|p2a: Dragapult\n|-supereffective|p2a: Dragapult\n|-damage|p2a: Dragapult|0 fnt\n|faint|p2a: Dragapult\n|\n|upkeep\n|j|+Ox the Fox\n|l| t0shiro m1fune\n|\n|t:|1659464842\n|switch|p2a: Gastrodon|Gastrodon, M|36\/100\n|turn|22\n|\n|t:|1659464845\n|switch|p1a: Rillaboom|Rillaboom, F|100\/100\n|-damage|p1a: Rillaboom|88\/100|[from] Stealth Rock\n|-fieldstart|move: Grassy Terrain|[from] ability: Grassy Surge|[of] p1a: Rillaboom\n|move|p2a: Gastrodon|Recover|p2a: Gastrodon\n|-heal|p2a: Gastrodon|86\/100\n|\n|-heal|p1a: Rillaboom|94\/100|[from] Grassy Terrain\n|-heal|p2a: Gastrodon|92\/100|[from] Grassy Terrain\n|upkeep\n|turn|23\n|j| sendpais\n|\n|t:|1659464855\n|move|p1a: Rillaboom|Swords Dance|p1a: Rillaboom\n|-boost|p1a: Rillaboom|atk|2\n|move|p2a: Gastrodon|Clear Smog|p1a: Rillaboom\n|-supereffective|p1a: Rillaboom\n|-damage|p1a: Rillaboom|65\/100\n|-clearboost|p1a: Rillaboom\n|\n|-heal|p1a: Rillaboom|71\/100|[from] Grassy Terrain\n|-heal|p2a: Gastrodon|98\/100|[from] Grassy Terrain\n|upkeep\n|turn|24\n|l| sendpais\n|\n|t:|1659464860\n|switch|p2a: Heatran|Heatran, F|81\/100\n|-damage|p2a: Heatran|69\/100|[from] Stealth Rock\n|move|p1a: Rillaboom|Swords Dance|p1a: Rillaboom\n|-boost|p1a: Rillaboom|atk|2\n|\n|-heal|p1a: Rillaboom|78\/100|[from] Grassy Terrain\n|-heal|p2a: Heatran|75\/100|[from] Grassy Terrain\n|-heal|p2a: Heatran|81\/100|[from] item: Leftovers\n|upkeep\n|turn|25\n|j| Worall\n|j| SuperSayan2\n|\n|t:|1659464886\n|switch|p2a: Skarmory|Skarmory, M|27\/100\n|-damage|p2a: Skarmory|15\/100|[from] Stealth Rock\n|move|p1a: Rillaboom|Drain Punch|p2a: Skarmory\n|-damage|p2a: Skarmory|0 fnt\n|-heal|p1a: Rillaboom|84\/100|[from] drain|[of] p2a: Skarmory\n|faint|p2a: Skarmory\n|\n|-heal|p1a: Rillaboom|90\/100|[from] Grassy Terrain\n|upkeep\n|j| Empo1\n|inactive|LT91BB N has 120 seconds left.\n|\n|t:|1659464896\n|switch|p2a: Heatran|Heatran, F|81\/100\n|-damage|p2a: Heatran|69\/100|[from] Stealth Rock\n|turn|26\n|inactive|LT91BB N has 120 seconds left.\n|\n|t:|1659464907\n|move|p1a: Rillaboom|Drain Punch|p2a: Heatran\n|-supereffective|p2a: Heatran\n|-damage|p2a: Heatran|0 fnt\n|-heal|p1a: Rillaboom|100\/100|[from] drain|[of] p2a: Heatran\n|-status|p1a: Rillaboom|brn|[from] ability: Flame Body|[of] p2a: Heatran\n|faint|p2a: Heatran\n|\n|-damage|p1a: Rillaboom|94\/100 brn|[from] brn\n|-fieldend|move: Grassy Terrain\n|upkeep\n|\n|t:|1659464911\n|switch|p2a: Weavile|Weavile, F|100\/100\n|-ability|p2a: Weavile|Pressure\n|turn|27\n|n| Astrodong|pifstreamoriscream\n|\n|t:|1659464917\n|move|p2a: Weavile|Triple Axel|p1a: Rillaboom\n|-supereffective|p1a: Rillaboom\n|-damage|p1a: Rillaboom|72\/100 brn\n|-supereffective|p1a: Rillaboom\n|-damage|p1a: Rillaboom|29\/100 brn\n|-supereffective|p1a: Rillaboom\n|-damage|p1a: Rillaboom|0 fnt\n|faint|p1a: Rillaboom\n|-hitcount|p1: Rillaboom|3\n|\n|upkeep\n|\n|t:|1659464919\n|switch|p1a: Urshifu|Urshifu-Rapid-Strike, F|74\/100\n|-damage|p1a: Urshifu|68\/100|[from] Stealth Rock\n|turn|28\n|\n|t:|1659464928\n|move|p1a: Urshifu|Close Combat|p2a: Weavile\n|-supereffective|p2a: Weavile\n|-damage|p2a: Weavile|0 fnt\n|-unboost|p1a: Urshifu|def|1\n|-unboost|p1a: Urshifu|spd|1\n|faint|p2a: Weavile\n|\n|upkeep\n|\n|t:|1659464930\n|switch|p2a: Gastrodon|Gastrodon, M|98\/100\n|turn|29\n|j| t0shiro m1fune\n|\n|t:|1659464935\n|switch|p1a: Garchomp|Garchomp, M|88\/100 tox\n|-damage|p1a: Garchomp|82\/100 tox|[from] Stealth Rock\n|move|p2a: Gastrodon|Recover|p2a: Gastrodon\n|-heal|p2a: Gastrodon|100\/100\n|\n|-damage|p1a: Garchomp|76\/100 tox|[from] psn\n|upkeep\n|turn|30\n|\n|t:|1659464937\n|move|p1a: Garchomp|Toxic|p2a: Gastrodon\n|-status|p2a: Gastrodon|tox\n|move|p2a: Gastrodon|Scald|p1a: Garchomp\n|-damage|p1a: Garchomp|52\/100 tox\n|\n|-damage|p1a: Garchomp|40\/100 tox|[from] psn\n|-damage|p2a: Gastrodon|94\/100 tox|[from] psn\n|upkeep\n|turn|31\n|\n|t:|1659464939\n|move|p1a: Garchomp|Earthquake|p2a: Gastrodon\n|-damage|p2a: Gastrodon|51\/100 tox\n|move|p2a: Gastrodon|Scald|p1a: Garchomp\n|-damage|p1a: Garchomp|15\/100 tox\n|\n|-damage|p1a: Garchomp|0 fnt|[from] psn\n|faint|p1a: Garchomp\n|-damage|p2a: Gastrodon|39\/100 tox|[from] psn\n|upkeep\n|-message|LT91BB N forfeited.\n|\n|win|N30N3\n|raw|N30N3's rating: 2003 &rarr; <strong>2023<\/strong><br \/>(+20 for winning)\n|raw|LT91BB N's rating: 2004 &rarr; <strong>1984<\/strong><br \/>(-20 for losing)\n|l|\u2606LT91BB N\n|j| PkmnMasterEclipse\n|l| LT91BB Empo\n|j| damien the genius\n|l| mina romnox\n|c|\u2606N30N3|Gg\n|l| Plasmeek\n|l| Master 8 Leon\n|l|\u2606N30N3\n|l| LT91BB Tace\n|j| LT91BB Tace\n|l| t0shiro m1fune\n|l|+Howkings\n|l| damien the genius\n|l| Congwuyu\n|l| JustFranco\u203d\n|l| SuperSayan2\n||Ladder isn't responding, score probably updated but might not have (Request timeout).\n|l| LT91BB Tace\n|l|+Ox the Fox\n|l| Phxo'\n|l| Worall\n|l| SilentTurb0\n|j| lt91bbxouille\n|l| Bad Players\n|j| egal\u2605vanc\n|l| egal\u2605vanc\n|j| egal\u2605vanc\n|l| egal\u2605vanc\n|l| PkmnMasterEclipse\n|j|+ATTRIBUTE\n|j| Sificon~\n|l| Sificon~\n|j| shadymofoswannahol\n|j| LT91BB Y.\n|l| LT91BB Y.\n|j| LT91BB Senku\n|l| Empo1\n|j| Trannos\n|j| sup kid\n|l| NDHB\n|l| sup kid\n|l|+ATTRIBUTE\n|l| Trannos\n|j| lt91bb star\n|l| lt91bbxouille\n|l| LT91BB Senku\n|l| shadymofoswannahol\n|l| Lance's Time\n|l| lt91bb star\n","uploadtime":1659464981,"views":78,"p1id":"n30n3","p2id":"lt91bbn","formatid":"gen8ou","rating":1984,"private":0,"password":null}