{"id":"gen8ou-1130726549","p1":"big boss 447","p2":"Frederic McBoss","format":"gen8ou","log":"|j|\u2606big boss 447\n|j|\u2606Frederic McBoss\n|player|p1|big boss 447|n|1708\n|player|p2|Frederic McBoss|zinnia|1601\n|teamsize|p1|6\n|teamsize|p2|6\n|gametype|singles\n|gen|8\n|tier|[Gen 8] OU\n|rated|\n|clearpoke\n|poke|p1|Runerigus, M|\n|poke|p1|Cloyster, M|\n|poke|p1|Aegislash, F|\n|poke|p1|Toxtricity, M|\n|poke|p1|Bisharp, M|\n|poke|p1|Togekiss, M|\n|poke|p2|Zeraora|\n|poke|p2|Sylveon, F|\n|poke|p2|Jirachi|\n|poke|p2|Seismitoad, M|\n|poke|p2|Arcanine, M|\n|poke|p2|Roserade, M|\n|rule|Sleep Clause Mod: Limit one foe put to sleep\n|rule|Species Clause: Limit one of each Pok\u00e9mon\n|rule|OHKO Clause: OHKO moves are banned\n|rule|Evasion Moves Clause: Evasion moves are banned\n|rule|Endless Battle Clause: Forcing endless battles is banned\n|rule|HP Percentage Mod: HP is shown in percentages\n|rule|Dynamax Clause: You cannot dynamax\n|teampreview\n|c|\u2606Frederic McBoss|I'm the true boss\n|\n|start\n|switch|p1a: Cloyster|Cloyster, M|100\/100\n|switch|p2a: Seismitoad|Seismitoad, M|100\/100\n|turn|1\n|\n|move|p1a: Cloyster|Shell Smash|p1a: Cloyster\n|-unboost|p1a: Cloyster|def|1\n|-unboost|p1a: Cloyster|spd|1\n|-boost|p1a: Cloyster|atk|2\n|-boost|p1a: Cloyster|spa|2\n|-boost|p1a: Cloyster|spe|2\n|move|p2a: Seismitoad|Earth Power|p1a: Cloyster\n|-damage|p1a: Cloyster|0 fnt\n|faint|p1a: Cloyster\n|\n|upkeep\n|\n|switch|p1a: Toxtricity|Toxtricity, M|100\/100\n|turn|2\n|\n|move|p1a: Toxtricity|Boomburst|p2a: Seismitoad\n|-damage|p2a: Seismitoad|3\/100\n|move|p2a: Seismitoad|Earth Power|p1a: Toxtricity\n|-supereffective|p1a: Toxtricity\n|-damage|p1a: Toxtricity|0 fnt\n|faint|p1a: Toxtricity\n|\n|-heal|p2a: Seismitoad|9\/100|[from] item: Leftovers\n|upkeep\n|inactive|Battle timer is ON: inactive players will automatically lose when time's up. (requested by Frederic McBoss)\n|\n|switch|p1a: Bisharp|Bisharp, M|100\/100\n|turn|3\n|\n|move|p1a: Bisharp|Knock Off|p2a: Seismitoad\n|-damage|p2a: Seismitoad|0 fnt\n|-enditem|p2a: Seismitoad|Leftovers|[from] move: Knock Off|[of] p1a: Bisharp\n|-damage|p1a: Bisharp|91\/100|[from] item: Life Orb\n|faint|p2a: Seismitoad\n|\n|upkeep\n|\n|switch|p2a: Zeraora|Zeraora|100\/100\n|turn|4\n|\n|switch|p1a: Runerigus|Runerigus, M|100\/100\n|move|p2a: Zeraora|Bulk Up|p2a: Zeraora\n|-boost|p2a: Zeraora|atk|1\n|-boost|p2a: Zeraora|def|1\n|\n|upkeep\n|turn|5\n|inactive|Frederic McBoss has 120 seconds left.\n|\n|switch|p2a: Sylveon|Sylveon, F|100\/100\n|move|p1a: Runerigus|Will-O-Wisp|p2a: Sylveon|[miss]\n|-miss|p1a: Runerigus|p2a: Sylveon\n|\n|upkeep\n|turn|6\n|\n|move|p2a: Sylveon|Wish|p2a: Sylveon\n|move|p1a: Runerigus|Stealth Rock|p2a: Sylveon\n|-sidestart|p2: Frederic McBoss|move: Stealth Rock\n|\n|upkeep\n|turn|7\n|\n|switch|p1a: Aegislash|Aegislash, F|100\/100\n|move|p2a: Sylveon|Hyper Voice|p1a: Aegislash\n|-resisted|p1a: Aegislash\n|-damage|p1a: Aegislash|83\/100\n|\n|upkeep\n|turn|8\n|\n|switch|p2a: Arcanine|Arcanine, M|100\/100\n|-ability|p2a: Arcanine|Intimidate|boost\n|-unboost|p1a: Aegislash|atk|1\n|move|p1a: Aegislash|Swords Dance|p1a: Aegislash\n|-boost|p1a: Aegislash|atk|2\n|\n|upkeep\n|turn|9\n|\n|switch|p1a: Runerigus|Runerigus, M|100\/100\n|move|p2a: Arcanine|Will-O-Wisp|p1a: Runerigus\n|-status|p1a: Runerigus|brn\n|\n|-damage|p1a: Runerigus|94\/100 brn|[from] brn\n|upkeep\n|turn|10\n|\n|move|p1a: Runerigus|Earthquake|p2a: Arcanine\n|-supereffective|p2a: Arcanine\n|-damage|p2a: Arcanine|77\/100\n|move|p2a: Arcanine|Teleport|p2a: Arcanine\n|\n|switch|p2a: Roserade|Roserade, M|100\/100|[from]move: Teleport\n|-damage|p2a: Roserade|88\/100|[from] Stealth Rock\n|\n|-damage|p1a: Runerigus|88\/100 brn|[from] brn\n|upkeep\n|turn|11\n|\n|switch|p1a: Togekiss|Togekiss, M|100\/100\n|move|p2a: Roserade|Sleep Powder|p1a: Togekiss\n|-status|p1a: Togekiss|slp|[from] move: Sleep Powder\n|\n|upkeep\n|turn|12\n|\n|cant|p1a: Togekiss|slp\n|move|p2a: Roserade|Spikes|p1a: Togekiss\n|-sidestart|p1: big boss 447|Spikes\n|\n|upkeep\n|turn|13\n|\n|cant|p1a: Togekiss|slp\n|move|p2a: Roserade|Sludge Bomb|p1a: Togekiss\n|-supereffective|p1a: Togekiss\n|-damage|p1a: Togekiss|0 fnt\n|-damage|p2a: Roserade|78\/100|[from] item: Life Orb\n|faint|p1a: Togekiss\n|\n|upkeep\n|-message|big boss 447 forfeited.\n|\n|win|Frederic McBoss\n|l|\u2606big boss 447\n|raw|big boss 447's rating: 1723 &rarr; <strong>1696<\/strong><br \/>(-27 for losing)\n|raw|Frederic McBoss's rating: 1601 &rarr; <strong>1628<\/strong><br \/>(+27 for winning)\n","uploadtime":1591870658,"views":50,"p1id":"bigboss447","p2id":"fredericmcboss","formatid":"gen8ou","rating":1628,"private":0,"password":null}