{"id":"gen8ou-1624749863","p1":"Elite4Donovan","p2":"eromangagaki","format":"gen8ou","log":"|j|\u2606Elite4Donovan\n|j|\u2606eromangagaki\n|t:|1658741709\n|gametype|singles\n|player|p1|Elite4Donovan|lucas|1645\n|player|p2|eromangagaki|2|1723\n|teamsize|p1|6\n|teamsize|p2|6\n|gen|8\n|tier|[Gen 8] OU\n|rated|\n|rule|Sleep Clause Mod: Limit one foe put to sleep\n|rule|Species Clause: Limit one of each Pok\u00e9mon\n|rule|OHKO Clause: OHKO moves are banned\n|rule|Evasion Moves Clause: Evasion moves are banned\n|rule|Endless Battle Clause: Forcing endless battles is banned\n|rule|HP Percentage Mod: HP is shown in percentages\n|rule|Dynamax Clause: You cannot dynamax\n|clearpoke\n|poke|p1|Ribombee, M|\n|poke|p1|Mimikyu, M|\n|poke|p1|Kartana|\n|poke|p1|Pikachu, M|\n|poke|p1|Azelf|\n|poke|p1|Cinccino, M|\n|poke|p2|Zapdos|\n|poke|p2|Mew|\n|poke|p2|Polteageist|\n|poke|p2|Heatran, M|\n|poke|p2|Obstagoon, F|\n|poke|p2|Klefki, M|\n|teampreview\n|inactive|Battle timer is ON: inactive players will automatically lose when time's up. (requested by eromangagaki)\n|j| Ragnnis\n|\n|t:|1658741735\n|start\n|switch|p1a: Ribombee|Ribombee, M|100\/100\n|switch|p2a: Klefki|Klefki, M|100\/100\n|turn|1\n|\n|t:|1658741743\n|move|p2a: Klefki|Switcheroo|p1a: Ribombee\n|-activate|p2a: Klefki|move: Trick|[of] p1a: Ribombee\n|-item|p1a: Ribombee|Flame Orb|[from] move: Switcheroo\n|-item|p2a: Klefki|Focus Sash|[from] move: Switcheroo\n|move|p1a: Ribombee|Sticky Web|p2a: Klefki\n|-sidestart|p2: eromangagaki|move: Sticky Web\n|\n|-status|p1a: Ribombee|brn|[from] item: Flame Orb\n|upkeep\n|turn|2\n|\n|t:|1658741750\n|switch|p2a: Polteageist|Polteageist|100\/100\n|-activate|p2a: Polteageist|move: Sticky Web\n|-unboost|p2a: Polteageist|spe|1\n|move|p1a: Ribombee|U-turn|p2a: Polteageist\n|-resisted|p2a: Polteageist\n|-damage|p2a: Polteageist|94\/100\n|-ability|p2a: Polteageist|Weak Armor|boost\n|-unboost|p2a: Polteageist|def|1\n|-boost|p2a: Polteageist|spe|2\n|\n|t:|1658741759\n|switch|p1a: Cinccino|Cinccino, M|100\/100|[from]move: U-turn\n|\n|-status|p2a: Polteageist|brn|[from] item: Flame Orb\n|upkeep\n|turn|3\n|\n|t:|1658741767\n|switch|p2a: Heatran|Heatran, M|100\/100\n|-activate|p2a: Heatran|move: Sticky Web\n|-unboost|p2a: Heatran|spe|1\n|move|p1a: Cinccino|Knock Off|p2a: Heatran\n|-damage|p2a: Heatran|83\/100\n|-enditem|p2a: Heatran|Rocky Helmet|[from] move: Knock Off|[of] p1a: Cinccino\n|\n|upkeep\n|turn|4\n|\n|t:|1658741771\n|move|p1a: Cinccino|U-turn|p2a: Heatran\n|-resisted|p2a: Heatran\n|-damage|p2a: Heatran|80\/100\n|\n|t:|1658741775\n|switch|p1a: Ribombee|Ribombee, M|100\/100 brn|[from]move: U-turn\n|move|p2a: Heatran|Stealth Rock|p1a: Ribombee\n|-sidestart|p1: Elite4Donovan|move: Stealth Rock\n|\n|-damage|p1a: Ribombee|94\/100 brn|[from] brn\n|upkeep\n|turn|5\n|\n|t:|1658741781\n|switch|p2a: Polteageist|Polteageist|94\/100 brn\n|-activate|p2a: Polteageist|move: Sticky Web\n|-unboost|p2a: Polteageist|spe|1\n|move|p1a: Ribombee|Stun Spore||[still]\n|-fail|p1a: Ribombee\n|\n|-damage|p1a: Ribombee|88\/100 brn|[from] brn\n|-damage|p2a: Polteageist|88\/100 brn|[from] brn\n|upkeep\n|turn|6\n|\n|t:|1658741784\n|move|p1a: Ribombee|Moonblast|p2a: Polteageist\n|-damage|p2a: Polteageist|48\/100 brn\n|move|p2a: Polteageist|Shell Smash|p2a: Polteageist\n|-unboost|p2a: Polteageist|def|1\n|-unboost|p2a: Polteageist|spd|1\n|-boost|p2a: Polteageist|atk|2\n|-boost|p2a: Polteageist|spa|2\n|-boost|p2a: Polteageist|spe|2\n|\n|-damage|p2a: Polteageist|41\/100 brn|[from] brn\n|-damage|p1a: Ribombee|82\/100 brn|[from] brn\n|upkeep\n|turn|7\n|\n|t:|1658741789\n|move|p2a: Polteageist|Stored Power|p1a: Ribombee\n|-damage|p1a: Ribombee|0 fnt\n|faint|p1a: Ribombee\n|\n|-damage|p2a: Polteageist|35\/100 brn|[from] brn\n|upkeep\n|\n|t:|1658741797\n|switch|p1a: Mimikyu|Mimikyu, M|100\/100\n|-damage|p1a: Mimikyu|88\/100|[from] Stealth Rock\n|turn|8\n|\n|t:|1658741800\n|switch|p2a: Heatran|Heatran, M|80\/100\n|-activate|p2a: Heatran|move: Sticky Web\n|-unboost|p2a: Heatran|spe|1\n|move|p1a: Mimikyu|Shadow Sneak|p2a: Heatran\n|-damage|p2a: Heatran|68\/100\n|-status|p1a: Mimikyu|brn|[from] ability: Flame Body|[of] p2a: Heatran\n|\n|-damage|p1a: Mimikyu|82\/100 brn|[from] brn\n|upkeep\n|turn|9\n|j| Linkerrr\n|\n|t:|1658741811\n|move|p1a: Mimikyu|Shadow Claw|p2a: Heatran\n|-damage|p2a: Heatran|57\/100\n|move|p2a: Heatran|Taunt|p1a: Mimikyu\n|-start|p1a: Mimikyu|move: Taunt\n|\n|-damage|p1a: Mimikyu|76\/100 brn|[from] brn\n|upkeep\n|turn|10\n|\n|t:|1658741821\n|switch|p2a: Klefki|Klefki, M|100\/100\n|-activate|p2a: Klefki|move: Sticky Web\n|-unboost|p2a: Klefki|spe|1\n|move|p1a: Mimikyu|Shadow Claw|p2a: Klefki\n|-damage|p2a: Klefki|78\/100\n|\n|-damage|p1a: Mimikyu|70\/100 brn|[from] brn\n|upkeep\n|turn|11\n|\n|t:|1658741834\n|move|p2a: Klefki|Switcheroo|p1a: Mimikyu\n|-activate|p2a: Klefki|move: Trick|[of] p1a: Mimikyu\n|-item|p1a: Mimikyu|Focus Sash|[from] move: Switcheroo\n|-item|p2a: Klefki|Red Card|[from] move: Switcheroo\n|move|p1a: Mimikyu|Shadow Claw|p2a: Klefki\n|-damage|p2a: Klefki|57\/100\n|-enditem|p2a: Klefki|Red Card|[of] p1a: Mimikyu\n|drag|p1a: Kartana|Kartana|100\/100\n|-damage|p1a: Kartana|94\/100|[from] Stealth Rock\n|\n|upkeep\n|turn|12\n|\n|t:|1658741844\n|switch|p1a: Mimikyu|Mimikyu, M|70\/100 brn\n|-damage|p1a: Mimikyu|58\/100 brn|[from] Stealth Rock\n|move|p2a: Klefki|Steel Beam|p1a: Mimikyu\n|-activate|p1a: Mimikyu|ability: Disguise\n|-damage|p1a: Mimikyu|58\/100 brn\n|-damage|p2a: Klefki|7\/100|[from] mindblown\n|detailschange|p1a: Mimikyu|Mimikyu-Busted, M\n|-damage|p1a: Mimikyu|46\/100 brn|[from] pokemon: Mimikyu-Busted\n|\n|-damage|p1a: Mimikyu|40\/100 brn|[from] brn\n|upkeep\n|turn|13\n|\n|t:|1658741850\n|move|p1a: Mimikyu|Shadow Sneak|p2a: Klefki\n|-crit|p2a: Klefki\n|-damage|p2a: Klefki|0 fnt\n|faint|p2a: Klefki\n|\n|-damage|p1a: Mimikyu|34\/100 brn|[from] brn\n|upkeep\n|\n|t:|1658741859\n|switch|p2a: Zapdos|Zapdos|100\/100\n|-ability|p2a: Zapdos|Pressure\n|turn|14\n|\n|t:|1658741862\n|move|p2a: Zapdos|Discharge|p1a: Mimikyu\n|-damage|p1a: Mimikyu|0 fnt\n|faint|p1a: Mimikyu\n|\n|upkeep\n|\n|t:|1658741871\n|switch|p1a: Cinccino|Cinccino, M|100\/100\n|-damage|p1a: Cinccino|88\/100|[from] Stealth Rock\n|turn|15\n|\n|t:|1658741878\n|switch|p2a: Polteageist|Polteageist|35\/100 brn\n|-activate|p2a: Polteageist|move: Sticky Web\n|-unboost|p2a: Polteageist|spe|1\n|move|p1a: Cinccino|Triple Axel|p2a: Polteageist\n|-damage|p2a: Polteageist|20\/100 brn\n|-ability|p2a: Polteageist|Weak Armor|boost\n|-unboost|p2a: Polteageist|def|1\n|-boost|p2a: Polteageist|spe|2\n|-damage|p2a: Polteageist|0 fnt\n|faint|p2a: Polteageist\n|-hitcount|p2: Polteageist|2\n|\n|upkeep\n|\n|t:|1658741879\n|switch|p2a: Heatran|Heatran, M|57\/100\n|-activate|p2a: Heatran|move: Sticky Web\n|-unboost|p2a: Heatran|spe|1\n|turn|16\n|\n|t:|1658741890\n|move|p1a: Cinccino|U-turn|p2a: Heatran\n|-resisted|p2a: Heatran\n|-damage|p2a: Heatran|55\/100\n|\n|t:|1658741893\n|switch|p1a: Azelf|Azelf|100\/100|[from]move: U-turn\n|-damage|p1a: Azelf|88\/100|[from] Stealth Rock\n|move|p2a: Heatran|Lava Plume|p1a: Azelf\n|-damage|p1a: Azelf|33\/100\n|\n|upkeep\n|turn|17\n|\n|t:|1658741901\n|switch|p2a: Mew|Mew|100\/100\n|-activate|p2a: Mew|move: Sticky Web\n|-unboost|p2a: Mew|spe|1\n|move|p1a: Azelf|Psyshock|p2a: Mew\n|-resisted|p2a: Mew\n|-damage|p2a: Mew|77\/100\n|-damage|p1a: Azelf|24\/100|[from] item: Life Orb\n|\n|upkeep\n|turn|18\n|\n|t:|1658741905\n|move|p1a: Azelf|Flamethrower|p2a: Mew\n|-damage|p2a: Mew|45\/100\n|-damage|p1a: Azelf|14\/100|[from] item: Life Orb\n|move|p2a: Mew|Cosmic Power|p2a: Mew\n|-boost|p2a: Mew|def|1\n|-boost|p2a: Mew|spd|1\n|\n|upkeep\n|turn|19\n|\n|t:|1658741907\n|move|p1a: Azelf|Encore|p2a: Mew\n|-start|p2a: Mew|Encore\n|move|p2a: Mew|Cosmic Power|p2a: Mew\n|-boost|p2a: Mew|def|1\n|-boost|p2a: Mew|spd|1\n|\n|upkeep\n|turn|20\n|\n|t:|1658741909\n|move|p1a: Azelf|Flamethrower|p2a: Mew\n|-damage|p2a: Mew|27\/100\n|-damage|p1a: Azelf|4\/100|[from] item: Life Orb\n|move|p2a: Mew|Cosmic Power|p2a: Mew\n|-boost|p2a: Mew|def|1\n|-boost|p2a: Mew|spd|1\n|\n|upkeep\n|turn|21\n|\n|t:|1658741921\n|switch|p2a: Obstagoon|Obstagoon, F|100\/100\n|-activate|p2a: Obstagoon|move: Sticky Web\n|-unboost|p2a: Obstagoon|spe|1\n|move|p1a: Azelf|Flamethrower|p2a: Obstagoon\n|-damage|p2a: Obstagoon|52\/100\n|-damage|p1a: Azelf|0 fnt|[from] item: Life Orb\n|faint|p1a: Azelf\n|\n|-status|p2a: Obstagoon|brn|[from] item: Flame Orb\n|upkeep\n|\n|t:|1658741935\n|switch|p1a: Pikachu|Pikachu, M|100\/100\n|-damage|p1a: Pikachu|88\/100|[from] Stealth Rock\n|turn|22\n|\n|t:|1658741938\n|move|p1a: Pikachu|Thunder|p2a: Obstagoon|[miss]\n|-miss|p1a: Pikachu|p2a: Obstagoon\n|move|p2a: Obstagoon|Trick|p1a: Pikachu\n|-activate|p2a: Obstagoon|move: Trick|[of] p1a: Pikachu\n|-item|p1a: Pikachu|Flame Orb|[from] move: Trick\n|-item|p2a: Obstagoon|Light Ball|[from] move: Trick\n|\n|-damage|p2a: Obstagoon|45\/100 brn|[from] brn\n|-status|p1a: Pikachu|brn|[from] item: Flame Orb\n|upkeep\n|turn|23\n|\n|t:|1658741951\n|switch|p2a: Zapdos|Zapdos|100\/100\n|-ability|p2a: Zapdos|Pressure\n|move|p1a: Pikachu|Thunder|p2a: Zapdos\n|-damage|p2a: Zapdos|64\/100\n|\n|-heal|p2a: Zapdos|70\/100|[from] item: Leftovers\n|-damage|p1a: Pikachu|82\/100 brn|[from] brn\n|upkeep\n|turn|24\n|j| joeding\n|\n|t:|1658741954\n|move|p2a: Zapdos|Substitute|p2a: Zapdos\n|-start|p2a: Zapdos|Substitute\n|-damage|p2a: Zapdos|45\/100\n|move|p1a: Pikachu|Nasty Plot|p1a: Pikachu\n|-boost|p1a: Pikachu|spa|2\n|\n|-heal|p2a: Zapdos|51\/100|[from] item: Leftovers\n|-damage|p1a: Pikachu|76\/100 brn|[from] brn\n|upkeep\n|turn|25\n|\n|t:|1658741958\n|move|p2a: Zapdos|Charge|p2a: Zapdos\n|-boost|p2a: Zapdos|spd|1\n|-activate|p2a: Zapdos|move: Charge\n|move|p1a: Pikachu|Surf|p2a: Zapdos\n|-activate|p2a: Zapdos|move: Substitute|[damage]\n|\n|-heal|p2a: Zapdos|58\/100|[from] item: Leftovers\n|-damage|p1a: Pikachu|70\/100 brn|[from] brn\n|upkeep\n|turn|26\n|\n|t:|1658741961\n|move|p2a: Zapdos|Charge|p2a: Zapdos\n|-boost|p2a: Zapdos|spd|1\n|-activate|p2a: Zapdos|move: Charge\n|move|p1a: Pikachu|Surf|p2a: Zapdos\n|-end|p2a: Zapdos|Substitute\n|\n|-heal|p2a: Zapdos|64\/100|[from] item: Leftovers\n|-damage|p1a: Pikachu|64\/100 brn|[from] brn\n|upkeep\n|turn|27\n|\n|t:|1658741964\n|switch|p1a: Cinccino|Cinccino, M|88\/100\n|-damage|p1a: Cinccino|76\/100|[from] Stealth Rock\n|move|p2a: Zapdos|Charge|p2a: Zapdos\n|-boost|p2a: Zapdos|spd|1\n|-activate|p2a: Zapdos|move: Charge\n|\n|-heal|p2a: Zapdos|70\/100|[from] item: Leftovers\n|upkeep\n|turn|28\n|l| joeding\n|\n|t:|1658741979\n|switch|p2a: Obstagoon|Obstagoon, F|45\/100 brn\n|-activate|p2a: Obstagoon|move: Sticky Web\n|-unboost|p2a: Obstagoon|spe|1\n|move|p1a: Cinccino|Triple Axel|p2a: Obstagoon\n|-damage|p2a: Obstagoon|37\/100 brn\n|-damage|p2a: Obstagoon|20\/100 brn\n|-hitcount|p2a: Obstagoon|2\n|\n|-damage|p2a: Obstagoon|14\/100 brn|[from] brn\n|upkeep\n|turn|29\n|\n|t:|1658741984\n|move|p1a: Cinccino|Tail Slap|p2a: Obstagoon\n|-damage|p2a: Obstagoon|0 fnt\n|faint|p2a: Obstagoon\n|-hitcount|p2: Obstagoon|1\n|\n|upkeep\n|\n|t:|1658741985\n|switch|p2a: Heatran|Heatran, M|55\/100\n|-activate|p2a: Heatran|move: Sticky Web\n|-unboost|p2a: Heatran|spe|1\n|turn|30\n|\n|t:|1658741987\n|move|p1a: Cinccino|U-turn|p2a: Heatran\n|-resisted|p2a: Heatran\n|-damage|p2a: Heatran|52\/100\n|\n|t:|1658741989\n|switch|p1a: Pikachu|Pikachu, M|64\/100 brn|[from]move: U-turn\n|-damage|p1a: Pikachu|51\/100 brn|[from] Stealth Rock\n|move|p2a: Heatran|Stealth Rock||[still]\n|-fail|p2a: Heatran\n|\n|-damage|p1a: Pikachu|45\/100 brn|[from] brn\n|upkeep\n|turn|31\n|\n|t:|1658741998\n|switch|p2a: Zapdos|Zapdos|70\/100\n|-ability|p2a: Zapdos|Pressure\n|move|p1a: Pikachu|Surf|p2a: Zapdos\n|-damage|p2a: Zapdos|51\/100\n|\n|-heal|p2a: Zapdos|57\/100|[from] item: Leftovers\n|-damage|p1a: Pikachu|39\/100 brn|[from] brn\n|upkeep\n|turn|32\n|\n|t:|1658742003\n|move|p2a: Zapdos|Roost|p2a: Zapdos\n|-heal|p2a: Zapdos|100\/100\n|-singleturn|p2a: Zapdos|move: Roost\n|move|p1a: Pikachu|Thunder|p2a: Zapdos|[miss]\n|-miss|p1a: Pikachu|p2a: Zapdos\n|\n|-damage|p1a: Pikachu|33\/100 brn|[from] brn\n|upkeep\n|turn|33\n|\n|t:|1658742010\n|switch|p1a: Cinccino|Cinccino, M|76\/100\n|-damage|p1a: Cinccino|63\/100|[from] Stealth Rock\n|move|p2a: Zapdos|Discharge|p1a: Cinccino\n|-damage|p1a: Cinccino|9\/100\n|\n|upkeep\n|turn|34\n|\n|t:|1658742019\n|switch|p2a: Heatran|Heatran, M|52\/100\n|-activate|p2a: Heatran|move: Sticky Web\n|-unboost|p2a: Heatran|spe|1\n|move|p1a: Cinccino|Triple Axel|p2a: Heatran\n|-resisted|p2a: Heatran\n|-damage|p2a: Heatran|50\/100\n|-resisted|p2a: Heatran\n|-damage|p2a: Heatran|48\/100\n|-resisted|p2a: Heatran\n|-damage|p2a: Heatran|44\/100\n|-hitcount|p2a: Heatran|3\n|\n|upkeep\n|turn|35\n|\n|t:|1658742021\n|move|p1a: Cinccino|Tail Slap|p2a: Heatran\n|-resisted|p2a: Heatran\n|-damage|p2a: Heatran|39\/100\n|-resisted|p2a: Heatran\n|-damage|p2a: Heatran|34\/100\n|-resisted|p2a: Heatran\n|-damage|p2a: Heatran|29\/100\n|-hitcount|p2a: Heatran|3\n|move|p2a: Heatran|Lava Plume|p1a: Cinccino\n|-damage|p1a: Cinccino|0 fnt\n|faint|p1a: Cinccino\n|\n|upkeep\n|\n|t:|1658742024\n|switch|p1a: Kartana|Kartana|94\/100\n|-damage|p1a: Kartana|88\/100|[from] Stealth Rock\n|turn|36\n|\n|t:|1658742025\n|move|p1a: Kartana|Sacred Sword|p2a: Heatran\n|-supereffective|p2a: Heatran\n|-crit|p2a: Heatran\n|-damage|p2a: Heatran|0 fnt\n|faint|p2a: Heatran\n|-ability|p1a: Kartana|Beast Boost|boost\n|-boost|p1a: Kartana|atk|1\n|-damage|p1a: Kartana|78\/100|[from] item: Life Orb\n|\n|upkeep\n|\n|t:|1658742028\n|switch|p2a: Zapdos|Zapdos|100\/100\n|-ability|p2a: Zapdos|Pressure\n|turn|37\n|\n|t:|1658742030\n|move|p1a: Kartana|Swords Dance|p1a: Kartana\n|-boost|p1a: Kartana|atk|2\n|move|p2a: Zapdos|Discharge|p1a: Kartana\n|-resisted|p1a: Kartana\n|-damage|p1a: Kartana|29\/100\n|\n|upkeep\n|turn|38\n|\n|t:|1658742032\n|move|p1a: Kartana|Knock Off|p2a: Zapdos\n|-damage|p2a: Zapdos|0 fnt\n|-enditem|p2a: Zapdos|Leftovers|[from] move: Knock Off|[of] p1a: Kartana\n|faint|p2a: Zapdos\n|-ability|p1a: Kartana|Beast Boost|boost\n|-boost|p1a: Kartana|atk|1\n|-damage|p1a: Kartana|19\/100|[from] item: Life Orb\n|\n|upkeep\n|-message|eromangagaki forfeited.\n|\n|win|Elite4Donovan\n|raw|Elite4Donovan's rating: 1645 &rarr; <strong>1669<\/strong><br \/>(+24 for winning)\n|raw|eromangagaki's rating: 1723 &rarr; <strong>1699<\/strong><br \/>(-24 for losing)\n|l|\u2606eromangagaki\n||Ladder isn't responding, score probably updated but might not have (Request timeout).\n","uploadtime":1658742051,"views":21,"p1id":"elite4donovan","p2id":"eromangagaki","formatid":"gen8ou","rating":1669,"private":0,"password":null}