{"id":"gen8ou-1702323847","p1":"Gayskeletor","p2":"Steez Ibanez","format":"gen8ou","log":"|j|\u2606Gayskeletor\n|j|\u2606Steez Ibanez\n|t:|1667534193\n|gametype|singles\n|player|p1|Gayskeletor|hooligans|1742\n|player|p2|Steez Ibanez|acetrainer-gen7|1797\n|teamsize|p1|6\n|teamsize|p2|6\n|gen|8\n|tier|[Gen 8] OU\n|rated|\n|rule|Sleep Clause Mod: Limit one foe put to sleep\n|rule|Species Clause: Limit one of each Pok\u00e9mon\n|rule|OHKO Clause: OHKO moves are banned\n|rule|Evasion Items Clause: Evasion items are banned\n|rule|Evasion Moves Clause: Evasion moves are banned\n|rule|Endless Battle Clause: Forcing endless battles is banned\n|rule|HP Percentage Mod: HP is shown in percentages\n|rule|Dynamax Clause: You cannot dynamax\n|clearpoke\n|poke|p1|Tapu Koko|\n|poke|p1|Scizor, M|\n|poke|p1|Blissey, F|\n|poke|p1|Skarmory, M|\n|poke|p1|Dragonite, M|\n|poke|p1|Gastrodon, M|\n|poke|p2|Zeraora|\n|poke|p2|Weezing-Galar, M|\n|poke|p2|Gastrodon-East, M|\n|poke|p2|Ferrothorn, M|\n|poke|p2|Zapdos|\n|poke|p2|Heatran, M|\n|teampreview\n|inactive|Battle timer is ON: inactive players will automatically lose when time's up. (requested by Steez Ibanez)\n|inactive|Gayskeletor has 120 seconds left.\n|inactive|Steez Ibanez has 120 seconds left.\n|\n|t:|1667534256\n|start\n|switch|p1a: Skarmory|Skarmory, M|100\/100\n|switch|p2a: Speedwagon|Weezing-Galar, M|100\/100\n|turn|1\n|\n|t:|1667534265\n|switch|p1a: Blissey|Blissey, F|100\/100\n|move|p2a: Speedwagon|Toxic Spikes|p1a: Blissey\n|-sidestart|p1: Gayskeletor|move: Toxic Spikes\n|\n|upkeep\n|turn|2\n|\n|t:|1667534280\n|switch|p2a: Abomination|Ferrothorn, M|100\/100\n|move|p1a: Blissey|Stealth Rock|p2a: Abomination\n|-sidestart|p2: Steez Ibanez|move: Stealth Rock\n|\n|upkeep\n|turn|3\n|j| cypherstest\n|\n|t:|1667534295\n|switch|p1a: Skarmory|Skarmory, M|100\/100\n|move|p2a: Abomination|Spikes|p1a: Skarmory\n|-sidestart|p1: Gayskeletor|Spikes\n|\n|upkeep\n|turn|4\n|\n|t:|1667534301\n|move|p1a: Skarmory|Spikes|p2a: Abomination\n|-sidestart|p2: Steez Ibanez|Spikes\n|move|p2a: Abomination|Leech Seed|p1a: Skarmory\n|-start|p1a: Skarmory|move: Leech Seed\n|\n|-damage|p1a: Skarmory|88\/100|[from] Leech Seed|[of] p2a: Abomination\n|upkeep\n|turn|5\n|\n|t:|1667534311\n|move|p1a: Skarmory|Spikes|p2a: Abomination\n|-sidestart|p2: Steez Ibanez|Spikes\n|move|p2a: Abomination|Knock Off|p1a: Skarmory\n|-damage|p1a: Skarmory|76\/100\n|-enditem|p1a: Skarmory|Shed Shell|[from] move: Knock Off|[of] p2a: Abomination\n|\n|-damage|p1a: Skarmory|64\/100|[from] Leech Seed|[of] p2a: Abomination\n|upkeep\n|turn|6\n|\n|t:|1667534316\n|move|p1a: Skarmory|Roost|p1a: Skarmory\n|-heal|p1a: Skarmory|100\/100\n|-singleturn|p1a: Skarmory|move: Roost\n|move|p2a: Abomination|Spikes|p1a: Skarmory\n|-sidestart|p1: Gayskeletor|Spikes\n|\n|-damage|p1a: Skarmory|88\/100|[from] Leech Seed|[of] p2a: Abomination\n|upkeep\n|turn|7\n|\n|t:|1667534318\n|move|p1a: Skarmory|Spikes|p2a: Abomination\n|-sidestart|p2: Steez Ibanez|Spikes\n|move|p2a: Abomination|Spikes|p1a: Skarmory\n|-sidestart|p1: Gayskeletor|Spikes\n|\n|-damage|p1a: Skarmory|76\/100|[from] Leech Seed|[of] p2a: Abomination\n|upkeep\n|turn|8\n|\n|t:|1667534320\n|move|p1a: Skarmory|Roost|p1a: Skarmory\n|-heal|p1a: Skarmory|100\/100\n|-singleturn|p1a: Skarmory|move: Roost\n|move|p2a: Abomination|Knock Off|p1a: Skarmory\n|-damage|p1a: Skarmory|92\/100\n|\n|-damage|p1a: Skarmory|80\/100|[from] Leech Seed|[of] p2a: Abomination\n|upkeep\n|turn|9\n|\n|t:|1667534332\n|move|p1a: Skarmory|Roost|p1a: Skarmory\n|-heal|p1a: Skarmory|100\/100\n|-singleturn|p1a: Skarmory|move: Roost\n|move|p2a: Abomination|Knock Off|p1a: Skarmory\n|-damage|p1a: Skarmory|92\/100\n|\n|-damage|p1a: Skarmory|80\/100|[from] Leech Seed|[of] p2a: Abomination\n|upkeep\n|turn|10\n|\n|t:|1667534338\n|switch|p1a: Gastrodon|Gastrodon, M|100\/100\n|move|p2a: Abomination|Knock Off|p1a: Gastrodon\n|-damage|p1a: Gastrodon|76\/100\n|-activate|p1a: Gastrodon|ability: Sticky Hold\n|\n|upkeep\n|turn|11\n|\n|t:|1667534345\n|switch|p1a: Skarmory|Skarmory, M|80\/100\n|switch|p2a: Gary|Gastrodon-East, M, shiny|100\/100\n|\n|upkeep\n|turn|12\n|\n|t:|1667534351\n|move|p1a: Skarmory|Toxic|p2a: Gary|[miss]\n|-miss|p1a: Skarmory|p2a: Gary\n|move|p2a: Gary|Scald|p1a: Skarmory\n|-damage|p1a: Skarmory|42\/100\n|\n|upkeep\n|turn|13\n|\n|t:|1667534359\n|switch|p2a: Hephaestus|Heatran, M|100\/100\n|-damage|p2a: Hephaestus|88\/100|[from] Stealth Rock\n|-item|p2a: Hephaestus|Air Balloon\n|move|p1a: Skarmory|Roost|p1a: Skarmory\n|-heal|p1a: Skarmory|92\/100\n|-singleturn|p1a: Skarmory|move: Roost\n|\n|upkeep\n|turn|14\n|j|+Disorient\n|\n|t:|1667534385\n|switch|p1a: Dragonite|Dragonite, M|100\/100\n|move|p2a: Hephaestus|Stealth Rock|p1a: Dragonite\n|-sidestart|p1: Gayskeletor|move: Stealth Rock\n|\n|upkeep\n|turn|15\n|\n|t:|1667534393\n|move|p2a: Hephaestus|Magma Storm|p1a: Dragonite\n|-resisted|p1a: Dragonite\n|-damage|p1a: Dragonite|88\/100\n|-activate|p1a: Dragonite|move: Magma Storm|[of] p2a: Hephaestus\n|move|p1a: Dragonite|Ice Beam|p2a: Hephaestus\n|-resisted|p2a: Hephaestus\n|-damage|p2a: Hephaestus|83\/100\n|-enditem|p2a: Hephaestus|Air Balloon\n|\n|-damage|p1a: Dragonite|76\/100|[from] move: Magma Storm|[partiallytrapped]\n|upkeep\n|turn|16\n|\n|t:|1667534407\n|switch|p2a: Speedwagon|Weezing-Galar, M|100\/100\n|-damage|p2a: Speedwagon|88\/100|[from] Stealth Rock\n|move|p1a: Dragonite|Earthquake|p2a: Speedwagon\n|-immune|p2a: Speedwagon|[from] ability: Levitate\n|\n|-heal|p2a: Speedwagon|94\/100|[from] item: Black Sludge\n|-end|p1a: Dragonite|Magma Storm|[partiallytrapped]|[silent]\n|upkeep\n|turn|17\n|\n|t:|1667534419\n|switch|p1a: Gastrodon|Gastrodon, M|76\/100\n|switch|p2a: Jotaro|Zeraora|100\/100\n|\n|upkeep\n|turn|18\n|\n|t:|1667534432\n|switch|p2a: Gary|Gastrodon-East, M, shiny|100\/100\n|switch|p1a: Dragonite|Dragonite, M|76\/100\n|\n|upkeep\n|turn|19\n|\n|t:|1667534439\n|switch|p1a: Blissey|Blissey, F|100\/100\n|move|p2a: Gary|Scald|p1a: Blissey\n|-damage|p1a: Blissey|93\/100\n|\n|upkeep\n|turn|20\n|\n|t:|1667534444\n|switch|p2a: Abomination|Ferrothorn, M|100\/100\n|-damage|p2a: Abomination|95\/100|[from] Stealth Rock\n|-damage|p2a: Abomination|70\/100|[from] Spikes\n|move|p1a: Blissey|Seismic Toss|p2a: Abomination\n|-damage|p2a: Abomination|41\/100\n|-damage|p1a: Blissey|80\/100|[from] ability: Iron Barbs|[of] p2a: Abomination\n|-damage|p1a: Blissey|64\/100|[from] item: Rocky Helmet|[of] p2a: Abomination\n|\n|upkeep\n|turn|21\n|j| tapu moxo\n|\n|t:|1667534453\n|switch|p1a: Skarmory|Skarmory, M|92\/100\n|-damage|p1a: Skarmory|80\/100|[from] Stealth Rock\n|move|p2a: Abomination|Leech Seed|p1a: Skarmory\n|-start|p1a: Skarmory|move: Leech Seed\n|\n|-damage|p1a: Skarmory|67\/100|[from] Leech Seed|[of] p2a: Abomination\n|-heal|p2a: Abomination|53\/100|[silent]\n|upkeep\n|turn|22\n|\n|t:|1667534462\n|move|p1a: Skarmory|Body Press|p2a: Abomination\n|-supereffective|p2a: Abomination\n|-damage|p2a: Abomination|18\/100\n|-damage|p1a: Skarmory|55\/100|[from] ability: Iron Barbs|[of] p2a: Abomination\n|-damage|p1a: Skarmory|39\/100|[from] item: Rocky Helmet|[of] p2a: Abomination\n|move|p2a: Abomination|Knock Off|p1a: Skarmory\n|-damage|p1a: Skarmory|29\/100\n|\n|-damage|p1a: Skarmory|17\/100|[from] Leech Seed|[of] p2a: Abomination\n|-heal|p2a: Abomination|30\/100|[silent]\n|upkeep\n|turn|23\n|\n|t:|1667534468\n|move|p1a: Skarmory|Roost|p1a: Skarmory\n|-heal|p1a: Skarmory|67\/100\n|-singleturn|p1a: Skarmory|move: Roost\n|move|p2a: Abomination|Knock Off|p1a: Skarmory\n|-damage|p1a: Skarmory|58\/100\n|\n|-damage|p1a: Skarmory|46\/100|[from] Leech Seed|[of] p2a: Abomination\n|-heal|p2a: Abomination|42\/100|[silent]\n|upkeep\n|turn|24\n|\n|t:|1667534472\n|move|p1a: Skarmory|Roost|p1a: Skarmory\n|-heal|p1a: Skarmory|96\/100\n|-singleturn|p1a: Skarmory|move: Roost\n|move|p2a: Abomination|Knock Off|p1a: Skarmory\n|-damage|p1a: Skarmory|88\/100\n|\n|-damage|p1a: Skarmory|75\/100|[from] Leech Seed|[of] p2a: Abomination\n|-heal|p2a: Abomination|53\/100|[silent]\n|upkeep\n|turn|25\n|\n|t:|1667534483\n|move|p1a: Skarmory|Body Press|p2a: Abomination\n|-supereffective|p2a: Abomination\n|-damage|p2a: Abomination|14\/100\n|-damage|p1a: Skarmory|63\/100|[from] ability: Iron Barbs|[of] p2a: Abomination\n|-damage|p1a: Skarmory|47\/100|[from] item: Rocky Helmet|[of] p2a: Abomination\n|move|p2a: Abomination|Knock Off|p1a: Skarmory\n|-damage|p1a: Skarmory|37\/100\n|\n|-damage|p1a: Skarmory|25\/100|[from] Leech Seed|[of] p2a: Abomination\n|-heal|p2a: Abomination|26\/100|[silent]\n|upkeep\n|turn|26\n|\n|t:|1667534492\n|move|p1a: Skarmory|Roost|p1a: Skarmory\n|-heal|p1a: Skarmory|75\/100\n|-singleturn|p1a: Skarmory|move: Roost\n|move|p2a: Abomination|Knock Off|p1a: Skarmory\n|-damage|p1a: Skarmory|65\/100\n|\n|-damage|p1a: Skarmory|53\/100|[from] Leech Seed|[of] p2a: Abomination\n|-heal|p2a: Abomination|38\/100|[silent]\n|upkeep\n|turn|27\n|\n|t:|1667534501\n|move|p1a: Skarmory|Body Press|p2a: Abomination\n|-supereffective|p2a: Abomination\n|-damage|p2a: Abomination|2\/100\n|-damage|p1a: Skarmory|41\/100|[from] ability: Iron Barbs|[of] p2a: Abomination\n|-damage|p1a: Skarmory|24\/100|[from] item: Rocky Helmet|[of] p2a: Abomination\n|move|p2a: Abomination|Knock Off|p1a: Skarmory\n|-damage|p1a: Skarmory|15\/100\n|\n|-damage|p1a: Skarmory|3\/100|[from] Leech Seed|[of] p2a: Abomination\n|-heal|p2a: Abomination|14\/100|[silent]\n|upkeep\n|turn|28\n|\n|t:|1667534506\n|move|p1a: Skarmory|Roost|p1a: Skarmory\n|-heal|p1a: Skarmory|53\/100\n|-singleturn|p1a: Skarmory|move: Roost\n|move|p2a: Abomination|Knock Off|p1a: Skarmory\n|-damage|p1a: Skarmory|43\/100\n|\n|-damage|p1a: Skarmory|31\/100|[from] Leech Seed|[of] p2a: Abomination\n|-heal|p2a: Abomination|25\/100|[silent]\n|upkeep\n|turn|29\n|\n|t:|1667534508\n|move|p1a: Skarmory|Roost|p1a: Skarmory\n|-heal|p1a: Skarmory|81\/100\n|-singleturn|p1a: Skarmory|move: Roost\n|move|p2a: Abomination|Knock Off|p1a: Skarmory\n|-damage|p1a: Skarmory|72\/100\n|\n|-damage|p1a: Skarmory|59\/100|[from] Leech Seed|[of] p2a: Abomination\n|-heal|p2a: Abomination|37\/100|[silent]\n|upkeep\n|turn|30\n|\n|t:|1667534512\n|move|p1a: Skarmory|Body Press|p2a: Abomination\n|-supereffective|p2a: Abomination\n|-damage|p2a: Abomination|0 fnt\n|-damage|p1a: Skarmory|47\/100|[from] ability: Iron Barbs|[of] p2a: Abomination\n|-damage|p1a: Skarmory|31\/100|[from] item: Rocky Helmet|[of] p2a: Abomination\n|faint|p2a: Abomination\n|\n|upkeep\n|\n|t:|1667534514\n|switch|p2a: Jotaro|Zeraora|100\/100\n|turn|31\n|\n|t:|1667534520\n|switch|p1a: Gastrodon|Gastrodon, M|76\/100\n|move|p2a: Jotaro|Plasma Fists|p1a: Gastrodon\n|-immune|p1a: Gastrodon\n|\n|upkeep\n|turn|32\n|\n|t:|1667534526\n|move|p2a: Jotaro|Taunt|p1a: Gastrodon\n|-start|p1a: Gastrodon|move: Taunt\n|cant|p1a: Gastrodon|move: Taunt|Recover\n|\n|upkeep\n|turn|33\n|\n|t:|1667534533\n|switch|p2a: Gary|Gastrodon-East, M, shiny|100\/100\n|move|p1a: Gastrodon|Earthquake|p2a: Gary\n|-damage|p2a: Gary|74\/100\n|\n|upkeep\n|turn|34\n|\n|t:|1667534539\n|switch|p1a: Blissey|Blissey, F|64\/100\n|move|p2a: Gary|Scald|p1a: Blissey\n|-damage|p1a: Blissey|54\/100\n|-status|p1a: Blissey|brn\n|\n|-damage|p1a: Blissey|48\/100 brn|[from] brn\n|upkeep\n|turn|35\n|\n|t:|1667534542\n|switch|p2a: Jotaro|Zeraora|100\/100\n|move|p1a: Blissey|Soft-Boiled|p1a: Blissey\n|-heal|p1a: Blissey|98\/100 brn\n|\n|-damage|p1a: Blissey|92\/100 brn|[from] brn\n|upkeep\n|turn|36\n|\n|t:|1667534549\n|move|p2a: Jotaro|Knock Off|p1a: Blissey\n|-damage|p1a: Blissey|64\/100 brn\n|-enditem|p1a: Blissey|Heavy-Duty Boots|[from] move: Knock Off|[of] p2a: Jotaro\n|move|p1a: Blissey|Toxic|p2a: Jotaro|[miss]\n|-miss|p1a: Blissey|p2a: Jotaro\n|\n|-damage|p1a: Blissey|58\/100 brn|[from] brn\n|upkeep\n|turn|37\n|\n|t:|1667534560\n|move|p2a: Jotaro|Close Combat|p1a: Blissey\n|-supereffective|p1a: Blissey\n|-damage|p1a: Blissey|0 fnt\n|-unboost|p2a: Jotaro|def|1\n|-unboost|p2a: Jotaro|spd|1\n|faint|p1a: Blissey\n|\n|upkeep\n|\n|t:|1667534570\n|switch|p1a: Dragonite|Dragonite, M|76\/100\n|turn|38\n|\n|t:|1667534578\n|switch|p2a: Bolt|Zapdos|100\/100\n|move|p1a: Dragonite|Earthquake|p2a: Bolt\n|-immune|p2a: Bolt\n|\n|upkeep\n|turn|39\n|\n|t:|1667534583\n|move|p2a: Bolt|Toxic|p1a: Dragonite|[miss]\n|-miss|p2a: Bolt|p1a: Dragonite\n|move|p1a: Dragonite|Roost|p1a: Dragonite\n|-heal|p1a: Dragonite|100\/100\n|-singleturn|p1a: Dragonite|move: Roost\n|\n|upkeep\n|turn|40\n|\n|t:|1667534589\n|move|p2a: Bolt|Toxic|p1a: Dragonite\n|-status|p1a: Dragonite|tox\n|move|p1a: Dragonite|Ice Beam|p2a: Bolt\n|-supereffective|p2a: Bolt\n|-damage|p2a: Bolt|60\/100\n|\n|-damage|p1a: Dragonite|94\/100 tox|[from] psn\n|upkeep\n|turn|41\n|\n|t:|1667534592\n|move|p2a: Bolt|Roost|p2a: Bolt\n|-heal|p2a: Bolt|100\/100\n|-singleturn|p2a: Bolt|move: Roost\n|move|p1a: Dragonite|Heal Bell|p1a: Dragonite\n|-activate|p1a: Dragonite|move: Heal Bell\n|-curestatus|p1a: Dragonite|tox|[msg]\n|\n|upkeep\n|turn|42\n|\n|t:|1667534597\n|switch|p1a: Tapu Koko|Tapu Koko|100\/100\n|-fieldstart|move: Electric Terrain|[from] ability: Electric Surge|[of] p1a: Tapu Koko\n|move|p2a: Bolt|Volt Switch|p1a: Tapu Koko\n|-resisted|p1a: Tapu Koko\n|-damage|p1a: Tapu Koko|83\/100\n|\n|t:|1667534599\n|switch|p2a: Gary|Gastrodon-East, M, shiny|74\/100|[from]move: Volt Switch\n|\n|upkeep\n|turn|43\n|\n|t:|1667534603\n|switch|p1a: Scizor|Scizor, M|100\/100\n|move|p2a: Gary|Recover|p2a: Gary\n|-heal|p2a: Gary|100\/100\n|\n|upkeep\n|turn|44\n|\n|t:|1667534608\n|switch|p2a: Hephaestus|Heatran, M|83\/100\n|-damage|p2a: Hephaestus|71\/100|[from] Stealth Rock\n|-damage|p2a: Hephaestus|46\/100|[from] Spikes\n|move|p1a: Scizor|Knock Off|p2a: Hephaestus\n|-damage|p2a: Hephaestus|27\/100\n|\n|upkeep\n|turn|45\n|\n|t:|1667534614\n|switch|p1a: Dragonite|Dragonite, M|94\/100\n|move|p2a: Hephaestus|Magma Storm|p1a: Dragonite\n|-resisted|p1a: Dragonite\n|-damage|p1a: Dragonite|69\/100\n|-activate|p1a: Dragonite|move: Magma Storm|[of] p2a: Hephaestus\n|\n|-damage|p1a: Dragonite|57\/100|[from] move: Magma Storm|[partiallytrapped]\n|upkeep\n|turn|46\n|\n|t:|1667534626\n|switch|p2a: Bolt|Zapdos|100\/100\n|move|p1a: Dragonite|Roost|p1a: Dragonite\n|-heal|p1a: Dragonite|100\/100\n|-singleturn|p1a: Dragonite|move: Roost\n|\n|-end|p1a: Dragonite|Magma Storm|[partiallytrapped]|[silent]\n|-fieldend|move: Electric Terrain\n|upkeep\n|turn|47\n|\n|t:|1667534635\n|move|p2a: Bolt|Toxic|p1a: Dragonite|[miss]\n|-miss|p2a: Bolt|p1a: Dragonite\n|move|p1a: Dragonite|Ice Beam|p2a: Bolt\n|-supereffective|p2a: Bolt\n|-damage|p2a: Bolt|57\/100\n|\n|upkeep\n|turn|48\n|\n|t:|1667534638\n|move|p2a: Bolt|Toxic|p1a: Dragonite\n|-status|p1a: Dragonite|tox\n|move|p1a: Dragonite|Ice Beam|p2a: Bolt\n|-supereffective|p2a: Bolt\n|-damage|p2a: Bolt|19\/100\n|\n|-damage|p1a: Dragonite|94\/100 tox|[from] psn\n|upkeep\n|turn|49\n|\n|t:|1667534641\n|move|p2a: Bolt|Roost|p2a: Bolt\n|-heal|p2a: Bolt|69\/100\n|-singleturn|p2a: Bolt|move: Roost\n|move|p1a: Dragonite|Earthquake|p2a: Bolt\n|-supereffective|p2a: Bolt\n|-crit|p2a: Bolt\n|-damage|p2a: Bolt|8\/100\n|\n|-damage|p1a: Dragonite|82\/100 tox|[from] psn\n|upkeep\n|turn|50\n|\n|t:|1667534647\n|move|p2a: Bolt|Roost|p2a: Bolt\n|-heal|p2a: Bolt|58\/100\n|-singleturn|p2a: Bolt|move: Roost\n|move|p1a: Dragonite|Heal Bell|p1a: Dragonite\n|-activate|p1a: Dragonite|move: Heal Bell\n|-curestatus|p1a: Dragonite|tox|[msg]\n|\n|upkeep\n|turn|51\n|\n|t:|1667534649\n|move|p2a: Bolt|Toxic|p1a: Dragonite\n|-status|p1a: Dragonite|tox\n|move|p1a: Dragonite|Ice Beam|p2a: Bolt\n|-supereffective|p2a: Bolt\n|-damage|p2a: Bolt|18\/100\n|\n|-damage|p1a: Dragonite|76\/100 tox|[from] psn\n|upkeep\n|turn|52\n|\n|t:|1667534653\n|move|p2a: Bolt|Roost|p2a: Bolt\n|-heal|p2a: Bolt|68\/100\n|-singleturn|p2a: Bolt|move: Roost\n|move|p1a: Dragonite|Heal Bell|p1a: Dragonite\n|-activate|p1a: Dragonite|move: Heal Bell\n|-curestatus|p1a: Dragonite|tox|[msg]\n|\n|upkeep\n|turn|53\n|\n|t:|1667534662\n|move|p2a: Bolt|Toxic|p1a: Dragonite\n|-status|p1a: Dragonite|tox\n|move|p1a: Dragonite|Ice Beam|p2a: Bolt\n|-supereffective|p2a: Bolt\n|-damage|p2a: Bolt|24\/100\n|-status|p2a: Bolt|frz\n|\n|-damage|p1a: Dragonite|69\/100 tox|[from] psn\n|upkeep\n|turn|54\n|\n|t:|1667534674\n|cant|p2a: Bolt|frz\n|move|p1a: Dragonite|Heal Bell|p1a: Dragonite\n|-activate|p1a: Dragonite|move: Heal Bell\n|-curestatus|p1a: Dragonite|tox|[msg]\n|\n|upkeep\n|turn|55\n|\n|t:|1667534678\n|cant|p2a: Bolt|frz\n|move|p1a: Dragonite|Ice Beam|p2a: Bolt\n|-supereffective|p2a: Bolt\n|-damage|p2a: Bolt|0 fnt\n|faint|p2a: Bolt\n|\n|upkeep\n|\n|t:|1667534680\n|switch|p2a: Speedwagon|Weezing-Galar, M|94\/100\n|-damage|p2a: Speedwagon|82\/100|[from] Stealth Rock\n|turn|56\n|\n|t:|1667534687\n|switch|p1a: Gastrodon|Gastrodon, M|76\/100\n|move|p2a: Speedwagon|Strange Steam|p1a: Gastrodon\n|-damage|p1a: Gastrodon|57\/100\n|\n|-heal|p2a: Speedwagon|88\/100|[from] item: Black Sludge\n|upkeep\n|turn|57\n|\n|t:|1667534690\n|move|p2a: Speedwagon|Sludge Bomb|p1a: Gastrodon\n|-resisted|p1a: Gastrodon\n|-damage|p1a: Gastrodon|49\/100\n|-status|p1a: Gastrodon|psn\n|move|p1a: Gastrodon|Recover|p1a: Gastrodon\n|-heal|p1a: Gastrodon|99\/100 psn\n|\n|-heal|p2a: Speedwagon|94\/100|[from] item: Black Sludge\n|-damage|p1a: Gastrodon|87\/100 psn|[from] psn\n|upkeep\n|turn|58\n|\n|t:|1667534700\n|move|p2a: Speedwagon|Strange Steam|p1a: Gastrodon\n|-damage|p1a: Gastrodon|68\/100 psn\n|move|p1a: Gastrodon|Scald|p2a: Speedwagon\n|-damage|p2a: Speedwagon|57\/100\n|\n|-heal|p2a: Speedwagon|63\/100|[from] item: Black Sludge\n|-damage|p1a: Gastrodon|55\/100 psn|[from] psn\n|upkeep\n|turn|59\n|\n|t:|1667534704\n|move|p2a: Speedwagon|Strange Steam|p1a: Gastrodon\n|-damage|p1a: Gastrodon|39\/100 psn\n|move|p1a: Gastrodon|Recover|p1a: Gastrodon\n|-heal|p1a: Gastrodon|89\/100 psn\n|\n|-heal|p2a: Speedwagon|69\/100|[from] item: Black Sludge\n|-damage|p1a: Gastrodon|77\/100 psn|[from] psn\n|upkeep\n|turn|60\n|j| Mqwe\n|\n|t:|1667534713\n|move|p2a: Speedwagon|Strange Steam|p1a: Gastrodon\n|-damage|p1a: Gastrodon|58\/100 psn\n|move|p1a: Gastrodon|Recover|p1a: Gastrodon\n|-heal|p1a: Gastrodon|100\/100 psn\n|\n|-heal|p2a: Speedwagon|75\/100|[from] item: Black Sludge\n|-damage|p1a: Gastrodon|88\/100 psn|[from] psn\n|upkeep\n|turn|61\n|\n|t:|1667534716\n|switch|p2a: Gary|Gastrodon-East, M, shiny|100\/100\n|move|p1a: Gastrodon|Scald|p2a: Gary\n|-ability|p2a: Gary|Storm Drain|boost\n|-boost|p2a: Gary|spa|1\n|\n|-damage|p1a: Gastrodon|76\/100 psn|[from] psn\n|upkeep\n|turn|62\n|\n|t:|1667534721\n|move|p1a: Gastrodon|Clear Smog|p2a: Gary\n|-resisted|p2a: Gary\n|-damage|p2a: Gary|97\/100\n|-clearboost|p2a: Gary\n|move|p2a: Gary|Scald|p1a: Gastrodon\n|-damage|p1a: Gastrodon|60\/100 psn\n|\n|-damage|p1a: Gastrodon|47\/100 psn|[from] psn\n|upkeep\n|turn|63\n|\n|t:|1667534725\n|move|p1a: Gastrodon|Recover|p1a: Gastrodon\n|-heal|p1a: Gastrodon|97\/100 psn\n|move|p2a: Gary|Scald|p1a: Gastrodon\n|-damage|p1a: Gastrodon|80\/100 psn\n|\n|-damage|p1a: Gastrodon|67\/100 psn|[from] psn\n|upkeep\n|turn|64\n|\n|t:|1667534732\n|switch|p1a: Dragonite|Dragonite, M|69\/100\n|move|p2a: Gary|Scald|p1a: Dragonite\n|-resisted|p1a: Dragonite\n|-damage|p1a: Dragonite|59\/100\n|\n|upkeep\n|turn|65\n|\n|t:|1667534735\n|switch|p2a: Speedwagon|Weezing-Galar, M|75\/100\n|-damage|p2a: Speedwagon|62\/100|[from] Stealth Rock\n|move|p1a: Dragonite|Roost|p1a: Dragonite\n|-heal|p1a: Dragonite|100\/100\n|-singleturn|p1a: Dragonite|move: Roost\n|\n|-heal|p2a: Speedwagon|68\/100|[from] item: Black Sludge\n|upkeep\n|turn|66\n|\n|t:|1667534751\n|move|p1a: Dragonite|Heal Bell|p1a: Dragonite\n|-activate|p1a: Dragonite|move: Heal Bell\n|-curestatus|p1: Gastrodon|psn|[msg]\n|move|p2a: Speedwagon|Strange Steam|p1a: Dragonite\n|-supereffective|p1a: Dragonite\n|-damage|p1a: Dragonite|76\/100\n|\n|-heal|p2a: Speedwagon|74\/100|[from] item: Black Sludge\n|upkeep\n|turn|67\n|\n|t:|1667534760\n|switch|p1a: Gastrodon|Gastrodon, M|67\/100\n|move|p2a: Speedwagon|Sludge Bomb|p1a: Gastrodon\n|-resisted|p1a: Gastrodon\n|-damage|p1a: Gastrodon|58\/100\n|\n|-heal|p2a: Speedwagon|80\/100|[from] item: Black Sludge\n|upkeep\n|turn|68\n|\n|t:|1667534763\n|move|p2a: Speedwagon|Sludge Bomb|p1a: Gastrodon\n|-resisted|p1a: Gastrodon\n|-damage|p1a: Gastrodon|49\/100\n|move|p1a: Gastrodon|Recover|p1a: Gastrodon\n|-heal|p1a: Gastrodon|99\/100\n|\n|-heal|p2a: Speedwagon|86\/100|[from] item: Black Sludge\n|upkeep\n|turn|69\n|\n|t:|1667534766\n|move|p2a: Speedwagon|Sludge Bomb|p1a: Gastrodon\n|-resisted|p1a: Gastrodon\n|-damage|p1a: Gastrodon|90\/100\n|move|p1a: Gastrodon|Scald|p2a: Speedwagon\n|-damage|p2a: Speedwagon|54\/100\n|\n|-heal|p2a: Speedwagon|60\/100|[from] item: Black Sludge\n|upkeep\n|turn|70\n|\n|t:|1667534768\n|move|p2a: Speedwagon|Sludge Bomb|p1a: Gastrodon\n|-resisted|p1a: Gastrodon\n|-damage|p1a: Gastrodon|81\/100\n|-status|p1a: Gastrodon|psn\n|move|p1a: Gastrodon|Scald|p2a: Speedwagon\n|-damage|p2a: Speedwagon|27\/100\n|\n|-heal|p2a: Speedwagon|33\/100|[from] item: Black Sludge\n|-damage|p1a: Gastrodon|68\/100 psn|[from] psn\n|upkeep\n|turn|71\n|\n|t:|1667534770\n|move|p2a: Speedwagon|Pain Split|p1a: Gastrodon\n|-sethp|p1a: Gastrodon|47\/100 psn|[from] move: Pain Split|[silent]\n|-sethp|p2a: Speedwagon|60\/100|[from] move: Pain Split\n|move|p1a: Gastrodon|Scald|p2a: Speedwagon\n|-damage|p2a: Speedwagon|27\/100\n|\n|-heal|p2a: Speedwagon|33\/100|[from] item: Black Sludge\n|-damage|p1a: Gastrodon|35\/100 psn|[from] psn\n|upkeep\n|turn|72\n|\n|t:|1667534775\n|move|p2a: Speedwagon|Strange Steam|p1a: Gastrodon\n|-damage|p1a: Gastrodon|16\/100 psn\n|-start|p1a: Gastrodon|confusion\n|-activate|p1a: Gastrodon|confusion\n|move|p1a: Gastrodon|Recover|p1a: Gastrodon\n|-heal|p1a: Gastrodon|66\/100 psn\n|\n|-heal|p2a: Speedwagon|39\/100|[from] item: Black Sludge\n|-damage|p1a: Gastrodon|54\/100 psn|[from] psn\n|upkeep\n|turn|73\n|\n|t:|1667534781\n|switch|p1a: Tapu Koko|Tapu Koko|83\/100\n|-fieldstart|move: Electric Terrain|[from] ability: Electric Surge|[of] p1a: Tapu Koko\n|move|p2a: Speedwagon|Strange Steam|p1a: Tapu Koko|[miss]\n|-miss|p2a: Speedwagon|p1a: Tapu Koko\n|\n|-heal|p2a: Speedwagon|45\/100|[from] item: Black Sludge\n|upkeep\n|turn|74\n|\n|t:|1667534787\n|switch|p2a: Gary|Gastrodon-East, M, shiny|97\/100\n|move|p1a: Tapu Koko|Volt Switch|p2a: Gary\n|-immune|p2a: Gary\n|\n|upkeep\n|turn|75\n|\n|t:|1667534793\n|switch|p1a: Dragonite|Dragonite, M|76\/100\n|move|p2a: Gary|Scald|p1a: Dragonite\n|-resisted|p1a: Dragonite\n|-damage|p1a: Dragonite|64\/100\n|\n|upkeep\n|turn|76\n|\n|t:|1667534795\n|switch|p2a: Speedwagon|Weezing-Galar, M|45\/100\n|-damage|p2a: Speedwagon|33\/100|[from] Stealth Rock\n|move|p1a: Dragonite|Heal Bell|p1a: Dragonite\n|-activate|p1a: Dragonite|move: Heal Bell\n|-curestatus|p1: Gastrodon|psn|[msg]\n|\n|-heal|p2a: Speedwagon|39\/100|[from] item: Black Sludge\n|upkeep\n|turn|77\n|\n|t:|1667534799\n|move|p1a: Dragonite|Ice Beam|p2a: Speedwagon\n|-damage|p2a: Speedwagon|10\/100\n|move|p2a: Speedwagon|Sludge Bomb|p1a: Dragonite\n|-damage|p1a: Dragonite|40\/100\n|-status|p1a: Dragonite|psn\n|\n|-heal|p2a: Speedwagon|16\/100|[from] item: Black Sludge\n|-damage|p1a: Dragonite|28\/100 psn|[from] psn\n|-fieldend|move: Electric Terrain\n|upkeep\n|turn|78\n|\n|t:|1667534804\n|move|p1a: Dragonite|Ice Beam|p2a: Speedwagon\n|-damage|p2a: Speedwagon|0 fnt\n|faint|p2a: Speedwagon\n|\n|-damage|p1a: Dragonite|16\/100 psn|[from] psn\n|upkeep\n|\n|t:|1667534806\n|switch|p2a: Jotaro|Zeraora|100\/100\n|turn|79\n|\n|t:|1667534816\n|switch|p1a: Scizor|Scizor, M|100\/100\n|move|p2a: Jotaro|Knock Off|p1a: Scizor\n|-damage|p1a: Scizor|72\/100\n|-enditem|p1a: Scizor|Heavy-Duty Boots|[from] move: Knock Off|[of] p2a: Jotaro\n|\n|upkeep\n|turn|80\n|\n|t:|1667534827\n|move|p2a: Jotaro|Plasma Fists|p1a: Scizor\n|-damage|p1a: Scizor|27\/100\n|-fieldactivate|move: Ion Deluge\n|-hint|Normal-type moves become Electric-type after using Plasma Fists.\n|move|p1a: Scizor|Swords Dance|p1a: Scizor\n|-boost|p1a: Scizor|atk|2\n|\n|upkeep\n|turn|81\n|\n|t:|1667534831\n|move|p1a: Scizor|Bullet Punch|p2a: Jotaro\n|-resisted|p2a: Jotaro\n|-damage|p2a: Jotaro|67\/100\n|move|p2a: Jotaro|Plasma Fists|p1a: Scizor\n|-damage|p1a: Scizor|0 fnt\n|-fieldactivate|move: Ion Deluge\n|-hint|Normal-type moves become Electric-type after using Plasma Fists.\n|faint|p1a: Scizor\n|\n|upkeep\n|\n|t:|1667534837\n|switch|p1a: Gastrodon|Gastrodon, M|54\/100\n|turn|82\n|\n|t:|1667534840\n|switch|p2a: Gary|Gastrodon-East, M, shiny|97\/100\n|move|p1a: Gastrodon|Earthquake|p2a: Gary\n|-damage|p2a: Gary|69\/100\n|\n|upkeep\n|turn|83\n|\n|t:|1667534854\n|move|p1a: Gastrodon|Recover|p1a: Gastrodon\n|-heal|p1a: Gastrodon|100\/100\n|move|p2a: Gary|Scald|p1a: Gastrodon\n|-damage|p1a: Gastrodon|83\/100\n|\n|upkeep\n|turn|84\n|\n|t:|1667534868\n|move|p1a: Gastrodon|Earthquake|p2a: Gary\n|-crit|p2a: Gary\n|-damage|p2a: Gary|23\/100\n|move|p2a: Gary|Scald|p1a: Gastrodon\n|-damage|p1a: Gastrodon|65\/100\n|-status|p1a: Gastrodon|brn\n|\n|-damage|p1a: Gastrodon|59\/100 brn|[from] brn\n|upkeep\n|turn|85\n|\n|t:|1667534875\n|move|p1a: Gastrodon|Earthquake|p2a: Gary\n|-damage|p2a: Gary|9\/100\n|move|p2a: Gary|Recover|p2a: Gary\n|-heal|p2a: Gary|59\/100\n|\n|-damage|p1a: Gastrodon|53\/100 brn|[from] brn\n|upkeep\n|turn|86\n|\n|t:|1667534883\n|move|p1a: Gastrodon|Recover|p1a: Gastrodon\n|-heal|p1a: Gastrodon|100\/100 brn\n|move|p2a: Gary|Scald|p1a: Gastrodon\n|-damage|p1a: Gastrodon|84\/100 brn\n|\n|-damage|p1a: Gastrodon|78\/100 brn|[from] brn\n|upkeep\n|turn|87\n|\n|t:|1667534888\n|switch|p1a: Skarmory|Skarmory, M|31\/100\n|-damage|p1a: Skarmory|18\/100|[from] Stealth Rock\n|move|p2a: Gary|Recover|p2a: Gary\n|-heal|p2a: Gary|100\/100\n|\n|upkeep\n|turn|88\n|\n|t:|1667534895\n|move|p1a: Skarmory|Toxic|p2a: Gary\n|-status|p2a: Gary|tox\n|move|p2a: Gary|Scald|p1a: Skarmory\n|-damage|p1a: Skarmory|0 fnt\n|faint|p1a: Skarmory\n|\n|-damage|p2a: Gary|94\/100 tox|[from] psn\n|upkeep\n|\n|t:|1667534899\n|switch|p1a: Dragonite|Dragonite, M|16\/100 psn\n|turn|89\n|\n|t:|1667534906\n|switch|p2a: Jotaro|Zeraora|67\/100\n|move|p1a: Dragonite|Roost|p1a: Dragonite\n|-heal|p1a: Dragonite|66\/100 psn\n|-singleturn|p1a: Dragonite|move: Roost\n|\n|-damage|p1a: Dragonite|53\/100 psn|[from] psn\n|upkeep\n|turn|90\n|\n|t:|1667534911\n|move|p2a: Jotaro|Plasma Fists|p1a: Dragonite\n|-damage|p1a: Dragonite|20\/100 psn\n|-fieldactivate|move: Ion Deluge\n|-hint|Normal-type moves become Electric-type after using Plasma Fists.\n|move|p1a: Dragonite|Earthquake|p2a: Jotaro\n|-supereffective|p2a: Jotaro\n|-damage|p2a: Jotaro|0 fnt\n|faint|p2a: Jotaro\n|\n|-damage|p1a: Dragonite|8\/100 psn|[from] psn\n|upkeep\n|\n|t:|1667534914\n|switch|p2a: Gary|Gastrodon-East, M, shiny|94\/100 tox\n|turn|91\n|-message|Steez Ibanez forfeited.\n|\n|win|Gayskeletor\n|raw|Gayskeletor's rating: 1742 &rarr; <strong>1766<\/strong><br \/>(+24 for winning)\n|raw|Steez Ibanez's rating: 1810 &rarr; <strong>1786<\/strong><br \/>(-24 for losing)\n|l|\u2606Steez Ibanez\n|l|\u2606Gayskeletor\n|j| lowelofunn\n|l| cypherstest\n|l| lowelofunn\n|j| SetsuStsna\n","uploadtime":1667534943,"views":8,"p1id":"gayskeletor","p2id":"steezibanez","formatid":"gen8ou","rating":1766,"private":0,"password":null}