{"id":"gen8ou-1669260392","p1":"NeoNaruto\u00ae++","p2":"chansey and lulu","format":"gen8ou","log":"|j|\u2606NeoNaruto\u00ae++\n|j|\u2606chansey and lulu\n|t:|1664034892\n|gametype|singles\n|player|p1|NeoNaruto\u00ae++|burglar-gen1rb|1868\n|player|p2|chansey and lulu|hooligans|1800\n|teamsize|p1|6\n|teamsize|p2|6\n|gen|8\n|tier|[Gen 8] OU\n|rated|\n|rule|Sleep Clause Mod: Limit one foe put to sleep\n|rule|Species Clause: Limit one of each Pok\u00e9mon\n|rule|OHKO Clause: OHKO moves are banned\n|rule|Evasion Items Clause: Evasion items are banned\n|rule|Evasion Moves Clause: Evasion moves are banned\n|rule|Endless Battle Clause: Forcing endless battles is banned\n|rule|HP Percentage Mod: HP is shown in percentages\n|rule|Dynamax Clause: You cannot dynamax\n|clearpoke\n|poke|p1|Landorus-Therian, M|\n|poke|p1|Ferrothorn, F|\n|poke|p1|Tapu Koko|\n|poke|p1|Dragonite, M|\n|poke|p1|Darmanitan, M|\n|poke|p1|Tyranitar, M|\n|poke|p2|Tapu Lele|\n|poke|p2|Tyranitar, F|\n|poke|p2|Excadrill, M|\n|poke|p2|Ferrothorn, F|\n|poke|p2|Zapdos|\n|poke|p2|Urshifu-*, F|\n|teampreview\n|inactive|Battle timer is ON: inactive players will automatically lose when time's up. (requested by NeoNaruto\u00ae++)\n|\n|t:|1664034914\n|start\n|switch|p1a: VODECi|Tapu Koko|100\/100\n|switch|p2a: Urshifu|Urshifu-Rapid-Strike, F|100\/100\n|-fieldstart|move: Electric Terrain|[from] ability: Electric Surge|[of] p1a: VODECi\n|turn|1\n|\n|t:|1664034923\n|switch|p2a: Excadrill|Excadrill, M|100\/100\n|move|p1a: VODECi|Volt Switch|p2a: Excadrill\n|-immune|p2a: Excadrill\n|\n|upkeep\n|turn|2\n|\n|t:|1664034937\n|switch|p1a: Bernie Landers|Landorus-Therian, M|100\/100\n|-ability|p1a: Bernie Landers|Intimidate|boost\n|-unboost|p2a: Excadrill|atk|1\n|switch|p2a: Urshifu|Urshifu-Rapid-Strike, F|100\/100\n|\n|upkeep\n|turn|3\n|\n|t:|1664034945\n|move|p2a: Urshifu|Surging Strikes|p1a: Bernie Landers\n|-supereffective|p1a: Bernie Landers\n|-crit|p1a: Bernie Landers\n|-damage|p1a: Bernie Landers|72\/100\n|-supereffective|p1a: Bernie Landers\n|-crit|p1a: Bernie Landers\n|-damage|p1a: Bernie Landers|47\/100\n|-supereffective|p1a: Bernie Landers\n|-crit|p1a: Bernie Landers\n|-damage|p1a: Bernie Landers|17\/100\n|-hitcount|p1a: Bernie Landers|3\n|move|p1a: Bernie Landers|Knock Off|p2a: Urshifu\n|-resisted|p2a: Urshifu\n|-damage|p2a: Urshifu|86\/100\n|-enditem|p2a: Urshifu|Protective Pads|[from] move: Knock Off|[of] p1a: Bernie Landers\n|\n|upkeep\n|turn|4\n|\n|t:|1664034956\n|switch|p1a: RX PAPi|Ferrothorn, F|100\/100\n|move|p2a: Urshifu|Close Combat|p1a: RX PAPi\n|-supereffective|p1a: RX PAPi\n|-damage|p1a: RX PAPi|24\/100\n|-unboost|p2a: Urshifu|def|1\n|-unboost|p2a: Urshifu|spd|1\n|-damage|p2a: Urshifu|74\/100|[from] ability: Iron Barbs|[of] p1a: RX PAPi\n|-damage|p2a: Urshifu|57\/100|[from] item: Rocky Helmet|[of] p1a: RX PAPi\n|\n|upkeep\n|turn|5\n|\n|t:|1664034967\n|move|p2a: Urshifu|Close Combat|p1a: RX PAPi\n|-supereffective|p1a: RX PAPi\n|-damage|p1a: RX PAPi|0 fnt\n|-unboost|p2a: Urshifu|def|1\n|-unboost|p2a: Urshifu|spd|1\n|-damage|p2a: Urshifu|45\/100|[from] ability: Iron Barbs|[of] p1a: RX PAPi\n|-damage|p2a: Urshifu|29\/100|[from] item: Rocky Helmet|[of] p1a: RX PAPi\n|faint|p1a: RX PAPi\n|\n|-fieldend|move: Electric Terrain\n|upkeep\n|\n|t:|1664034969\n|switch|p1a: VODECi|Tapu Koko|100\/100\n|-fieldstart|move: Electric Terrain|[from] ability: Electric Surge|[of] p1a: VODECi\n|turn|6\n|\n|t:|1664034979\n|switch|p1a: PURRP FOR SALE|Darmanitan, M|100\/100\n|switch|p2a: Ferrothorn|Ferrothorn, F|100\/100\n|\n|upkeep\n|turn|7\n|j| NDHB\n|\n|t:|1664034995\n|switch|p2a: Zapdos|Zapdos|100\/100\n|move|p1a: PURRP FOR SALE|Flare Blitz|p2a: Zapdos\n|-damage|p2a: Zapdos|0 fnt\n|faint|p2a: Zapdos\n|-damage|p1a: PURRP FOR SALE|64\/100|[from] Recoil\n|\n|upkeep\n|\n|t:|1664035003\n|switch|p2a: Urshifu|Urshifu-Rapid-Strike, F|29\/100\n|turn|8\n|\n|t:|1664035006\n|switch|p1a: Bernie Landers|Landorus-Therian, M|17\/100\n|-ability|p1a: Bernie Landers|Intimidate|boost\n|-unboost|p2a: Urshifu|atk|1\n|move|p2a: Urshifu|Surging Strikes|p1a: Bernie Landers\n|-supereffective|p1a: Bernie Landers\n|-crit|p1a: Bernie Landers\n|-damage|p1a: Bernie Landers|0 fnt\n|-damage|p2a: Urshifu|12\/100|[from] item: Rocky Helmet|[of] p1a: Bernie Landers\n|faint|p1a: Bernie Landers\n|-hitcount|p1: Bernie Landers|1\n|\n|upkeep\n|\n|t:|1664035009\n|switch|p1a: VODECi|Tapu Koko|100\/100\n|turn|9\n|\n|t:|1664035023\n|switch|p2a: Excadrill|Excadrill, M|100\/100\n|move|p1a: VODECi|Dazzling Gleam|p2a: Excadrill\n|-resisted|p2a: Excadrill\n|-damage|p2a: Excadrill|66\/100\n|\n|upkeep\n|turn|10\n|\n|t:|1664035031\n|move|p1a: VODECi|Dazzling Gleam|p2a: Excadrill\n|-resisted|p2a: Excadrill\n|-damage|p2a: Excadrill|32\/100\n|move|p2a: Excadrill|Iron Head|p1a: VODECi\n|-damage|p1a: VODECi|5\/100\n|\n|-fieldend|move: Electric Terrain\n|upkeep\n|turn|11\n|\n|t:|1664035038\n|switch|p1a: PURRP FOR SALE|Darmanitan, M|64\/100\n|switch|p2a: Ferrothorn|Ferrothorn, F|100\/100\n|\n|upkeep\n|turn|12\n|\n|t:|1664035048\n|move|p1a: PURRP FOR SALE|Flare Blitz|p2a: Ferrothorn\n|-supereffective|p2a: Ferrothorn\n|-damage|p2a: Ferrothorn|0 fnt\n|-damage|p1a: PURRP FOR SALE|52\/100|[from] ability: Iron Barbs|[of] p2a: Ferrothorn\n|faint|p2a: Ferrothorn\n|-damage|p1a: PURRP FOR SALE|19\/100|[from] Recoil\n|\n|upkeep\n|\n|t:|1664035057\n|switch|p2a: Urshifu|Urshifu-Rapid-Strike, F|12\/100\n|turn|13\n|\n|t:|1664035064\n|switch|p1a: Fat Charizard|Dragonite, M, shiny|100\/100\n|move|p2a: Urshifu|Surging Strikes|p1a: Fat Charizard\n|-resisted|p1a: Fat Charizard\n|-crit|p1a: Fat Charizard\n|-damage|p1a: Fat Charizard|95\/100\n|-resisted|p1a: Fat Charizard\n|-crit|p1a: Fat Charizard\n|-damage|p1a: Fat Charizard|84\/100\n|-resisted|p1a: Fat Charizard\n|-crit|p1a: Fat Charizard\n|-damage|p1a: Fat Charizard|73\/100\n|-hitcount|p1a: Fat Charizard|3\n|\n|upkeep\n|turn|14\n|\n|t:|1664035075\n|move|p1a: Fat Charizard|Extreme Speed|p2a: Urshifu\n|-damage|p2a: Urshifu|0 fnt\n|faint|p2a: Urshifu\n|\n|upkeep\n|\n|t:|1664035080\n|switch|p2a: Tapu Lele|Tapu Lele|100\/100\n|-fieldstart|move: Psychic Terrain|[from] ability: Psychic Surge|[of] p2a: Tapu Lele\n|turn|15\n|\n|t:|1664035086\n|switch|p1a: DA LAST REX(3005)|Tyranitar, M|100\/100\n|-weather|Sandstorm|[from] ability: Sand Stream|[of] p1a: DA LAST REX(3005)\n|move|p2a: Tapu Lele|Moonblast|p1a: DA LAST REX(3005)\n|-supereffective|p1a: DA LAST REX(3005)\n|-damage|p1a: DA LAST REX(3005)|67\/100\n|\n|-weather|Sandstorm|[upkeep]\n|-damage|p2a: Tapu Lele|94\/100|[from] Sandstorm\n|upkeep\n|turn|16\n|\n|t:|1664035096\n|switch|p2a: Tyranitar|Tyranitar, F|100\/100\n|move|p1a: DA LAST REX(3005)|Heavy Slam|p2a: Tyranitar\n|-supereffective|p2a: Tyranitar\n|-crit|p2a: Tyranitar\n|-damage|p2a: Tyranitar|66\/100\n|\n|-weather|Sandstorm|[upkeep]\n|upkeep\n|turn|17\n|\n|t:|1664035104\n|switch|p1a: VODECi|Tapu Koko|5\/100\n|-fieldstart|move: Electric Terrain|[from] ability: Electric Surge|[of] p1a: VODECi\n|move|p2a: Tyranitar|Stone Edge|p1a: VODECi\n|-damage|p1a: VODECi|0 fnt\n|faint|p1a: VODECi\n|\n|-weather|Sandstorm|[upkeep]\n|upkeep\n|\n|t:|1664035107\n|switch|p1a: PURRP FOR SALE|Darmanitan, M|19\/100\n|turn|18\n|\n|t:|1664035118\n|move|p1a: PURRP FOR SALE|Earthquake|p2a: Tyranitar\n|-supereffective|p2a: Tyranitar\n|-damage|p2a: Tyranitar|0 fnt\n|faint|p2a: Tyranitar\n|\n|-weather|Sandstorm|[upkeep]\n|-damage|p1a: PURRP FOR SALE|13\/100|[from] Sandstorm\n|upkeep\n|j| Banhuotsaigon\n|\n|t:|1664035124\n|switch|p2a: Excadrill|Excadrill, M|32\/100\n|turn|19\n|\n|t:|1664035128\n|move|p2a: Excadrill|Iron Head|p1a: PURRP FOR SALE\n|-resisted|p1a: PURRP FOR SALE\n|-damage|p1a: PURRP FOR SALE|0 fnt\n|faint|p1a: PURRP FOR SALE\n|\n|-weather|none\n|upkeep\n|j| Congwuyu\n|\n|t:|1664035130\n|switch|p1a: Fat Charizard|Dragonite, M, shiny|73\/100\n|turn|20\n|\n|t:|1664035135\n|move|p2a: Excadrill|Iron Head|p1a: Fat Charizard\n|-damage|p1a: Fat Charizard|0 fnt\n|faint|p1a: Fat Charizard\n|\n|upkeep\n|\n|t:|1664035138\n|switch|p1a: DA LAST REX(3005)|Tyranitar, M|67\/100\n|-weather|Sandstorm|[from] ability: Sand Stream|[of] p1a: DA LAST REX(3005)\n|turn|21\n|j| HereForFrens\n|\n|t:|1664035143\n|move|p2a: Excadrill|Iron Head|p1a: DA LAST REX(3005)\n|-supereffective|p1a: DA LAST REX(3005)\n|-damage|p1a: DA LAST REX(3005)|0 fnt\n|faint|p1a: DA LAST REX(3005)\n|\n|win|chansey and lulu\n|raw|NeoNaruto\u00ae++'s rating: 1868 &rarr; <strong>1844<\/strong><br \/>(-24 for losing)\n|raw|chansey and lulu's rating: 1800 &rarr; <strong>1824<\/strong><br \/>(+24 for winning)\n|l|\u2606NeoNaruto\u00ae++\n||Ladder isn't responding, score probably updated but might not have (Request timeout).\n|l|\u2606chansey and lulu\n|l| Banhuotsaigon\n|l| Congwuyu\n|l| HereForFrens\n","uploadtime":1664035623,"views":77,"p1id":"neonaruto","p2id":"chanseyandlulu","formatid":"gen8ou","rating":1824,"private":0,"password":null}