{"id":"gen8ou-1464026650","p1":"Phnngf","p2":"damorush","format":"gen8ou","log":"|html|<div class=\"broadcast-blue\"><strong>[Gen 8] OU is currently suspecting Kyurem! For information on how to participate check out the <a href=\"https:\/\/www.smogon.com\/forums\/threads\/np-ss-ou-suspect-process-round-11-break-the-ice.3694129\/\">suspect thread<\/a>.<\/strong><\/div>\n|j|\u2606Phnngf\n|j|\u2606damorush\n|t:|1638305859\n|gametype|singles\n|player|p1|Phnngf|lucas|1417\n|player|p2|damorush|alder|1514\n|teamsize|p1|6\n|teamsize|p2|6\n|gen|8\n|tier|[Gen 8] OU\n|rated|\n|rule|Sleep Clause Mod: Limit one foe put to sleep\n|rule|Species Clause: Limit one of each Pok\u00e9mon\n|rule|OHKO Clause: OHKO moves are banned\n|rule|Evasion Moves Clause: Evasion moves are banned\n|rule|Endless Battle Clause: Forcing endless battles is banned\n|rule|HP Percentage Mod: HP is shown in percentages\n|rule|Dynamax Clause: You cannot dynamax\n|clearpoke\n|poke|p1|Latias, F|\n|poke|p1|Landorus-Therian, M|\n|poke|p1|Mandibuzz, F|\n|poke|p1|Kartana|\n|poke|p1|Blacephalon|\n|poke|p1|Urshifu-*, M|\n|poke|p2|Mew|\n|poke|p2|Garchomp, M|\n|poke|p2|Magnezone|\n|poke|p2|Rillaboom, M|\n|poke|p2|Zapdos-Galar|\n|poke|p2|Scizor, F|\n|teampreview\n|\n|t:|1638305867\n|start\n|switch|p1a: Blacephalon|Blacephalon|100\/100\n|switch|p2a: Mew|Mew|100\/100\n|turn|1\n|inactive|Battle timer is ON: inactive players will automatically lose when time's up. (requested by Phnngf)\n|\n|t:|1638305874\n|move|p1a: Blacephalon|Shadow Ball|p2a: Mew\n|-supereffective|p2a: Mew\n|-damage|p2a: Mew|3\/100\n|move|p2a: Mew|Stealth Rock|p1a: Blacephalon\n|-sidestart|p1: Phnngf|move: Stealth Rock\n|\n|upkeep\n|turn|2\n|\n|t:|1638305885\n|move|p1a: Blacephalon|Shadow Ball|p2a: Mew\n|-supereffective|p2a: Mew\n|-damage|p2a: Mew|0 fnt\n|faint|p2a: Mew\n|-ability|p1a: Blacephalon|Beast Boost|boost\n|-boost|p1a: Blacephalon|spa|1\n|\n|upkeep\n|\n|t:|1638305897\n|switch|p2a: Garchomp|Garchomp, M|100\/100\n|turn|3\n|\n|t:|1638305904\n|move|p1a: Blacephalon|Shadow Ball|p2a: Garchomp\n|-damage|p2a: Garchomp|28\/100\n|move|p2a: Garchomp|Scale Shot|p1a: Blacephalon\n|-damage|p1a: Blacephalon|62\/100\n|-damage|p1a: Blacephalon|20\/100\n|-damage|p1a: Blacephalon|0 fnt\n|faint|p1a: Blacephalon\n|-hitcount|p1: Blacephalon|3\n|-unboost|p2a: Garchomp|def|1\n|-boost|p2a: Garchomp|spe|1\n|-damage|p2a: Garchomp|18\/100|[from] item: Life Orb\n|\n|upkeep\n|\n|t:|1638305921\n|switch|p1a: Urshifu|Urshifu-Rapid-Strike, M|100\/100\n|-damage|p1a: Urshifu|94\/100|[from] Stealth Rock\n|turn|4\n|\n|t:|1638305925\n|switch|p2a: Rillaboom|Rillaboom, M|100\/100\n|-fieldstart|move: Grassy Terrain|[from] ability: Grassy Surge|[of] p2a: Rillaboom\n|move|p1a: Urshifu|Aqua Jet|p2a: Rillaboom\n|-resisted|p2a: Rillaboom\n|-damage|p2a: Rillaboom|89\/100\n|\n|-heal|p1a: Urshifu|100\/100|[from] Grassy Terrain\n|-heal|p2a: Rillaboom|95\/100|[from] Grassy Terrain\n|upkeep\n|turn|5\n|\n|t:|1638305935\n|switch|p1a: Landorus|Landorus-Therian, M|100\/100\n|-damage|p1a: Landorus|88\/100|[from] Stealth Rock\n|-ability|p1a: Landorus|Intimidate|boost\n|-unboost|p2a: Rillaboom|atk|1\n|move|p2a: Rillaboom|U-turn|p1a: Landorus\n|-resisted|p1a: Landorus\n|-damage|p1a: Landorus|80\/100\n|\n|t:|1638305942\n|switch|p2a: Zapdos|Zapdos-Galar|100\/100|[from]move: U-turn\n|\n|-heal|p1a: Landorus|86\/100|[from] item: Leftovers\n|upkeep\n|turn|6\n|\n|t:|1638305949\n|move|p2a: Zapdos|Brave Bird|p1a: Landorus\n|-damage|p1a: Landorus|41\/100\n|-damage|p2a: Zapdos|83\/100|[from] Recoil\n|move|p1a: Landorus|Toxic|p2a: Zapdos\n|-status|p2a: Zapdos|tox\n|\n|-heal|p1a: Landorus|47\/100|[from] item: Leftovers\n|-damage|p2a: Zapdos|77\/100 tox|[from] psn\n|upkeep\n|turn|7\n|\n|t:|1638305959\n|move|p2a: Zapdos|Brave Bird|p1a: Landorus\n|-damage|p1a: Landorus|2\/100\n|-damage|p2a: Zapdos|59\/100 tox|[from] Recoil\n|move|p1a: Landorus|Stealth Rock|p2a: Zapdos\n|-sidestart|p2: damorush|move: Stealth Rock\n|\n|-heal|p1a: Landorus|8\/100|[from] item: Leftovers\n|-damage|p2a: Zapdos|47\/100 tox|[from] psn\n|upkeep\n|turn|8\n|\n|t:|1638305967\n|move|p2a: Zapdos|Brave Bird|p1a: Landorus\n|-damage|p1a: Landorus|0 fnt\n|faint|p1a: Landorus\n|-damage|p2a: Zapdos|44\/100 tox|[from] Recoil\n|\n|-damage|p2a: Zapdos|25\/100 tox|[from] psn\n|-fieldend|move: Grassy Terrain\n|upkeep\n|\n|t:|1638305982\n|switch|p1a: Mandibuzz|Mandibuzz, F|100\/100\n|-damage|p1a: Mandibuzz|75\/100|[from] Stealth Rock\n|turn|9\n|\n|t:|1638305987\n|move|p2a: Zapdos|Brave Bird|p1a: Mandibuzz\n|-damage|p1a: Mandibuzz|25\/100\n|-damage|p2a: Zapdos|3\/100 tox|[from] Recoil\n|move|p1a: Mandibuzz|Roost|p1a: Mandibuzz\n|-heal|p1a: Mandibuzz|75\/100\n|-singleturn|p1a: Mandibuzz|move: Roost\n|\n|-heal|p1a: Mandibuzz|81\/100|[from] item: Leftovers\n|-damage|p2a: Zapdos|0 fnt|[from] psn\n|faint|p2a: Zapdos\n|upkeep\n|\n|t:|1638306000\n|switch|p2a: Magnezone|Magnezone|100\/100\n|-damage|p2a: Magnezone|94\/100|[from] Stealth Rock\n|turn|10\n|\n|t:|1638306013\n|move|p2a: Magnezone|Thunderbolt|p1a: Mandibuzz\n|-supereffective|p1a: Mandibuzz\n|-damage|p1a: Mandibuzz|25\/100\n|move|p1a: Mandibuzz|Roost|p1a: Mandibuzz\n|-heal|p1a: Mandibuzz|75\/100\n|-singleturn|p1a: Mandibuzz|move: Roost\n|\n|-heal|p1a: Mandibuzz|81\/100|[from] item: Leftovers\n|upkeep\n|turn|11\n|\n|t:|1638306022\n|move|p2a: Magnezone|Thunderbolt|p1a: Mandibuzz\n|-supereffective|p1a: Mandibuzz\n|-damage|p1a: Mandibuzz|29\/100\n|-status|p1a: Mandibuzz|par\n|move|p1a: Mandibuzz|Roost|p1a: Mandibuzz\n|-heal|p1a: Mandibuzz|79\/100 par\n|-singleturn|p1a: Mandibuzz|move: Roost\n|\n|-heal|p1a: Mandibuzz|85\/100 par|[from] item: Leftovers\n|upkeep\n|turn|12\n|\n|t:|1638306031\n|move|p2a: Magnezone|Thunderbolt|p1a: Mandibuzz\n|-supereffective|p1a: Mandibuzz\n|-damage|p1a: Mandibuzz|29\/100 par\n|move|p1a: Mandibuzz|Foul Play|p2a: Magnezone\n|-crit|p2a: Magnezone\n|-damage|p2a: Magnezone|67\/100\n|\n|-heal|p1a: Mandibuzz|35\/100 par|[from] item: Leftovers\n|upkeep\n|turn|13\n|\n|t:|1638306038\n|move|p2a: Magnezone|Thunderbolt|p1a: Mandibuzz\n|-supereffective|p1a: Mandibuzz\n|-damage|p1a: Mandibuzz|0 fnt\n|faint|p1a: Mandibuzz\n|\n|upkeep\n|\n|t:|1638306041\n|switch|p1a: Latias|Latias, F|100\/100\n|-damage|p1a: Latias|88\/100|[from] Stealth Rock\n|turn|14\n|\n|t:|1638306045\n|move|p2a: Magnezone|Thunderbolt|p1a: Latias\n|-resisted|p1a: Latias\n|-damage|p1a: Latias|68\/100\n|move|p1a: Latias|Mystical Fire|p2a: Magnezone\n|-supereffective|p2a: Magnezone\n|-damage|p2a: Magnezone|0 fnt\n|faint|p2a: Magnezone\n|\n|upkeep\n|\n|t:|1638306054\n|switch|p2a: Scizor|Scizor, F|100\/100\n|-damage|p2a: Scizor|88\/100|[from] Stealth Rock\n|turn|15\n|\n|t:|1638306059\n|move|p2a: Scizor|Bullet Punch|p1a: Latias\n|-damage|p1a: Latias|12\/100\n|move|p1a: Latias|Mystical Fire|p2a: Scizor\n|-supereffective|p2a: Scizor\n|-damage|p2a: Scizor|0 fnt\n|faint|p2a: Scizor\n|\n|upkeep\n|-message|damorush forfeited.\n|\n|win|Phnngf\n|raw|Phnngf's rating: 1417 &rarr; <strong>1442<\/strong><br \/>(+25 for winning)\n|raw|damorush's rating: 1514 &rarr; <strong>1489<\/strong><br \/>(-25 for losing)\n|l|\u2606damorush\n","uploadtime":1638306077,"views":37,"p1id":"phnngf","p2id":"damorush","formatid":"gen8ou","rating":1442,"private":0,"password":null}