{"id":"gen8ou-1704358129","p1":"Homiedino","p2":"BillionthLadderAlt","format":"gen8ou","log":"|j|\u2606Homiedino\n|j|\u2606BillionthLadderAlt\n|t:|1667767933\n|gametype|singles\n|player|p1|Homiedino|benga|1649\n|player|p2|BillionthLadderAlt|guitarist-gen4|1756\n|teamsize|p1|6\n|teamsize|p2|6\n|gen|8\n|tier|[Gen 8] OU\n|rated|\n|rule|Sleep Clause Mod: Limit one foe put to sleep\n|rule|Species Clause: Limit one of each Pok\u00e9mon\n|rule|OHKO Clause: OHKO moves are banned\n|rule|Evasion Items Clause: Evasion items are banned\n|rule|Evasion Moves Clause: Evasion moves are banned\n|rule|Endless Battle Clause: Forcing endless battles is banned\n|rule|HP Percentage Mod: HP is shown in percentages\n|rule|Dynamax Clause: You cannot dynamax\n|clearpoke\n|poke|p1|Araquanid, F|\n|poke|p1|Zapdos|\n|poke|p1|Umbreon, M|\n|poke|p1|Tangrowth, M|\n|poke|p1|Steelix, F|\n|poke|p1|Keldeo-Resolute|\n|poke|p2|Ninetales-Alola, F|\n|poke|p2|Arctozolt|\n|poke|p2|Blissey, F|\n|poke|p2|Zapdos|\n|poke|p2|Garchomp, F|\n|poke|p2|Ferrothorn, M|\n|teampreview\n|inactive|Battle timer is ON: inactive players will automatically lose when time's up. (requested by BillionthLadderAlt)\n|\n|t:|1667767942\n|start\n|switch|p1a: Keldeo|Keldeo-Resolute|100\/100\n|switch|p2a: Ninetales|Ninetales-Alola, F|100\/100\n|-weather|Hail|[from] ability: Snow Warning|[of] p2a: Ninetales\n|turn|1\n|\n|t:|1667767948\n|move|p2a: Ninetales|Moonblast|p1a: Keldeo\n|-supereffective|p1a: Keldeo\n|-damage|p1a: Keldeo|11\/100\n|move|p1a: Keldeo|Surf|p2a: Ninetales\n|-damage|p2a: Ninetales|23\/100\n|\n|-weather|Hail|[upkeep]\n|-damage|p1a: Keldeo|5\/100|[from] Hail\n|upkeep\n|turn|2\n|\n|t:|1667767953\n|switch|p1a: Steelix|Steelix, F|100\/100\n|move|p2a: Ninetales|Moonblast|p1a: Steelix\n|-resisted|p1a: Steelix\n|-damage|p1a: Steelix|84\/100\n|\n|-weather|Hail|[upkeep]\n|-damage|p1a: Steelix|78\/100|[from] Hail\n|-heal|p1a: Steelix|84\/100|[from] item: Leftovers\n|upkeep\n|turn|3\n|\n|t:|1667767965\n|switch|p2a: Ferrothorn|Ferrothorn, M|100\/100\n|move|p1a: Steelix|Stealth Rock|p2a: Ferrothorn\n|-sidestart|p2: BillionthLadderAlt|move: Stealth Rock\n|\n|-weather|Hail|[upkeep]\n|-damage|p1a: Steelix|78\/100|[from] Hail\n|-damage|p2a: Ferrothorn|95\/100|[from] Hail\n|-heal|p1a: Steelix|84\/100|[from] item: Leftovers\n|-heal|p2a: Ferrothorn|100\/100|[from] item: Leftovers\n|upkeep\n|turn|4\n|\n|t:|1667767968\n|move|p1a: Steelix|Taunt|p2a: Ferrothorn\n|-start|p2a: Ferrothorn|move: Taunt\n|cant|p2a: Ferrothorn|move: Taunt|Spikes\n|\n|-weather|Hail|[upkeep]\n|-damage|p1a: Steelix|78\/100|[from] Hail\n|-damage|p2a: Ferrothorn|95\/100|[from] Hail\n|-heal|p1a: Steelix|84\/100|[from] item: Leftovers\n|-heal|p2a: Ferrothorn|100\/100|[from] item: Leftovers\n|upkeep\n|turn|5\n|\n|t:|1667767975\n|switch|p1a: Tangrowth|Tangrowth, M|100\/100\n|move|p2a: Ferrothorn|Knock Off|p1a: Tangrowth\n|-damage|p1a: Tangrowth|89\/100\n|-damage|p2a: Ferrothorn|84\/100|[from] item: Rocky Helmet|[of] p1a: Tangrowth\n|-enditem|p1a: Tangrowth|Rocky Helmet|[from] move: Knock Off|[of] p2a: Ferrothorn\n|\n|-weather|Hail|[upkeep]\n|-damage|p1a: Tangrowth|83\/100|[from] Hail\n|-damage|p2a: Ferrothorn|78\/100|[from] Hail\n|-heal|p2a: Ferrothorn|84\/100|[from] item: Leftovers\n|upkeep\n|turn|6\n|\n|t:|1667767983\n|switch|p2a: Garchomp|Garchomp, F|100\/100\n|-damage|p2a: Garchomp|94\/100|[from] Stealth Rock\n|move|p1a: Tangrowth|Knock Off|p2a: Garchomp\n|-damage|p2a: Garchomp|81\/100\n|-damage|p1a: Tangrowth|70\/100|[from] ability: Rough Skin|[of] p2a: Garchomp\n|-damage|p1a: Tangrowth|54\/100|[from] item: Rocky Helmet|[of] p2a: Garchomp\n|-enditem|p2a: Garchomp|Rocky Helmet|[from] move: Knock Off|[of] p1a: Tangrowth\n|\n|-weather|Hail|[upkeep]\n|-damage|p2a: Garchomp|75\/100|[from] Hail\n|-damage|p1a: Tangrowth|47\/100|[from] Hail\n|upkeep\n|turn|7\n|\n|t:|1667767988\n|switch|p1a: Umbreon|Umbreon, M|100\/100\n|move|p2a: Garchomp|Stealth Rock|p1a: Umbreon\n|-sidestart|p1: Homiedino|move: Stealth Rock\n|\n|-weather|Hail|[upkeep]\n|-damage|p2a: Garchomp|69\/100|[from] Hail\n|-damage|p1a: Umbreon|94\/100|[from] Hail\n|-heal|p1a: Umbreon|100\/100|[from] item: Leftovers\n|upkeep\n|turn|8\n|\n|t:|1667767991\n|move|p2a: Garchomp|Toxic|p1a: Umbreon\n|-status|p1a: Umbreon|tox\n|-activate|p1a: Umbreon|ability: Synchronize\n|-status|p2a: Garchomp|tox\n|move|p1a: Umbreon|Foul Play|p2a: Garchomp\n|-damage|p2a: Garchomp|40\/100 tox\n|-damage|p1a: Umbreon|88\/100 tox|[from] ability: Rough Skin|[of] p2a: Garchomp\n|\n|-weather|none\n|-heal|p1a: Umbreon|94\/100 tox|[from] item: Leftovers\n|-damage|p2a: Garchomp|34\/100 tox|[from] psn\n|-damage|p1a: Umbreon|88\/100 tox|[from] psn\n|upkeep\n|turn|9\n|\n|t:|1667767994\n|move|p2a: Garchomp|Rest|p2a: Garchomp\n|-status|p2a: Garchomp|slp|[from] move: Rest\n|-heal|p2a: Garchomp|100\/100 slp|[silent]\n|move|p1a: Umbreon|Heal Bell|p1a: Umbreon\n|-activate|p1a: Umbreon|move: Heal Bell\n|-curestatus|p1a: Umbreon|tox|[msg]\n|\n|-heal|p1a: Umbreon|94\/100|[from] item: Leftovers\n|upkeep\n|turn|10\n|\n|t:|1667767997\n|cant|p2a: Garchomp|slp\n|move|p1a: Umbreon|Wish|p1a: Umbreon\n|\n|-heal|p1a: Umbreon|100\/100|[from] item: Leftovers\n|upkeep\n|turn|11\n|\n|t:|1667768002\n|cant|p2a: Garchomp|slp\n|move|p1a: Umbreon|Foul Play|p2a: Garchomp\n|-damage|p2a: Garchomp|76\/100 slp\n|-damage|p1a: Umbreon|88\/100|[from] ability: Rough Skin|[of] p2a: Garchomp\n|\n|-heal|p1a: Umbreon|100\/100|[from] move: Wish|[wisher] Umbreon\n|upkeep\n|turn|12\n|\n|t:|1667768006\n|-curestatus|p2a: Garchomp|slp|[msg]\n|move|p2a: Garchomp|Toxic|p1a: Umbreon\n|-status|p1a: Umbreon|tox\n|-activate|p1a: Umbreon|ability: Synchronize\n|-status|p2a: Garchomp|tox\n|move|p1a: Umbreon|Foul Play|p2a: Garchomp\n|-damage|p2a: Garchomp|50\/100 tox\n|-damage|p1a: Umbreon|88\/100 tox|[from] ability: Rough Skin|[of] p2a: Garchomp\n|\n|-heal|p1a: Umbreon|94\/100 tox|[from] item: Leftovers\n|-damage|p2a: Garchomp|43\/100 tox|[from] psn\n|-damage|p1a: Umbreon|88\/100 tox|[from] psn\n|upkeep\n|turn|13\n|\n|t:|1667768013\n|move|p2a: Garchomp|Rest|p2a: Garchomp\n|-status|p2a: Garchomp|slp|[from] move: Rest\n|-heal|p2a: Garchomp|100\/100 slp|[silent]\n|move|p1a: Umbreon|Wish|p1a: Umbreon\n|\n|-heal|p1a: Umbreon|94\/100 tox|[from] item: Leftovers\n|-damage|p1a: Umbreon|82\/100 tox|[from] psn\n|upkeep\n|turn|14\n|\n|t:|1667768017\n|switch|p1a: Zapdos|Zapdos|100\/100\n|cant|p2a: Garchomp|slp\n|\n|upkeep\n|turn|15\n|\n|t:|1667768020\n|switch|p2a: Zapdos|Zapdos|100\/100\n|move|p1a: Zapdos|Defog|p2a: Zapdos\n|-unboost|p2a: Zapdos|evasion|1\n|-sideend|p2: BillionthLadderAlt|Stealth Rock|[from] move: Defog|[of] p1a: Zapdos\n|-sideend|p1: Homiedino|Stealth Rock|[from] move: Defog|[of] p1a: Zapdos\n|\n|upkeep\n|turn|16\n|\n|t:|1667768027\n|switch|p1a: Steelix|Steelix, F|84\/100\n|switch|p2a: Garchomp|Garchomp, F|100\/100 slp\n|\n|-heal|p1a: Steelix|90\/100|[from] item: Leftovers\n|upkeep\n|turn|17\n|\n|t:|1667768036\n|cant|p2a: Garchomp|slp\n|move|p1a: Steelix|Stealth Rock|p2a: Garchomp\n|-sidestart|p2: BillionthLadderAlt|move: Stealth Rock\n|\n|-heal|p1a: Steelix|97\/100|[from] item: Leftovers\n|upkeep\n|turn|18\n|\n|t:|1667768044\n|switch|p1a: Keldeo|Keldeo-Resolute|5\/100\n|-curestatus|p2a: Garchomp|slp|[msg]\n|move|p2a: Garchomp|Stealth Rock|p1a: Keldeo\n|-sidestart|p1: Homiedino|move: Stealth Rock\n|\n|upkeep\n|turn|19\n|\n|t:|1667768054\n|move|p1a: Keldeo|Icy Wind|p2a: Garchomp\n|-supereffective|p2a: Garchomp\n|-damage|p2a: Garchomp|0 fnt\n|faint|p2a: Garchomp\n|\n|upkeep\n|\n|t:|1667768064\n|switch|p2a: Zapdos|Zapdos|100\/100\n|turn|20\n|\n|t:|1667768071\n|switch|p1a: Umbreon|Umbreon, M|82\/100 tox\n|-damage|p1a: Umbreon|70\/100 tox|[from] Stealth Rock\n|move|p2a: Zapdos|Heat Wave|p1a: Umbreon\n|-damage|p1a: Umbreon|53\/100 tox\n|\n|-heal|p1a: Umbreon|59\/100 tox|[from] item: Leftovers\n|-damage|p1a: Umbreon|53\/100 tox|[from] psn\n|upkeep\n|turn|21\n|\n|t:|1667768078\n|move|p2a: Zapdos|Volt Switch|p1a: Umbreon\n|-damage|p1a: Umbreon|37\/100 tox\n|\n|t:|1667768080\n|switch|p2a: Ferrothorn|Ferrothorn, M|84\/100|[from]move: Volt Switch\n|-damage|p2a: Ferrothorn|78\/100|[from] Stealth Rock\n|move|p1a: Umbreon|Heal Bell|p1a: Umbreon\n|-activate|p1a: Umbreon|move: Heal Bell\n|-curestatus|p1a: Umbreon|tox|[msg]\n|\n|-heal|p1a: Umbreon|43\/100|[from] item: Leftovers\n|-heal|p2a: Ferrothorn|84\/100|[from] item: Leftovers\n|upkeep\n|turn|22\n|\n|t:|1667768089\n|move|p1a: Umbreon|Wish|p1a: Umbreon\n|move|p2a: Ferrothorn|Knock Off|p1a: Umbreon\n|-resisted|p1a: Umbreon\n|-damage|p1a: Umbreon|35\/100\n|-enditem|p1a: Umbreon|Leftovers|[from] move: Knock Off|[of] p2a: Ferrothorn\n|\n|-heal|p2a: Ferrothorn|90\/100|[from] item: Leftovers\n|upkeep\n|turn|23\n|\n|t:|1667768092\n|move|p1a: Umbreon|Protect|p1a: Umbreon\n|-singleturn|p1a: Umbreon|Protect\n|move|p2a: Ferrothorn|Spikes|p1a: Umbreon\n|-sidestart|p1: Homiedino|Spikes\n|\n|-heal|p1a: Umbreon|85\/100|[from] move: Wish|[wisher] Umbreon\n|-heal|p2a: Ferrothorn|96\/100|[from] item: Leftovers\n|upkeep\n|turn|24\n|\n|t:|1667768099\n|switch|p1a: Zapdos|Zapdos|100\/100\n|move|p2a: Ferrothorn|Knock Off|p1a: Zapdos\n|-damage|p1a: Zapdos|85\/100\n|-status|p2a: Ferrothorn|par|[from] ability: Static|[of] p1a: Zapdos\n|-enditem|p1a: Zapdos|Heavy-Duty Boots|[from] move: Knock Off|[of] p2a: Ferrothorn\n|\n|-heal|p2a: Ferrothorn|100\/100 par|[from] item: Leftovers\n|upkeep\n|turn|25\n|\n|t:|1667768111\n|move|p1a: Zapdos|Defog|p2a: Ferrothorn\n|-unboost|p2a: Ferrothorn|evasion|1\n|-sideend|p2: BillionthLadderAlt|Stealth Rock|[from] move: Defog|[of] p1a: Zapdos\n|-sideend|p1: Homiedino|Spikes|[from] move: Defog|[of] p1a: Zapdos\n|-sideend|p1: Homiedino|Stealth Rock|[from] move: Defog|[of] p1a: Zapdos\n|move|p2a: Ferrothorn|Leech Seed|p1a: Zapdos\n|-start|p1a: Zapdos|move: Leech Seed\n|\n|-damage|p1a: Zapdos|72\/100|[from] Leech Seed|[of] p2a: Ferrothorn\n|upkeep\n|turn|26\n|\n|t:|1667768118\n|move|p1a: Zapdos|Heat Wave|p2a: Ferrothorn\n|-supereffective|p2a: Ferrothorn\n|-damage|p2a: Ferrothorn|6\/100 par\n|move|p2a: Ferrothorn|Spikes|p1a: Zapdos\n|-sidestart|p1: Homiedino|Spikes\n|\n|-heal|p2a: Ferrothorn|12\/100 par|[from] item: Leftovers\n|-damage|p1a: Zapdos|60\/100|[from] Leech Seed|[of] p2a: Ferrothorn\n|-heal|p2a: Ferrothorn|25\/100 par|[silent]\n|upkeep\n|turn|27\n|\n|t:|1667768122\n|move|p1a: Zapdos|Defog|p2a: Ferrothorn\n|-unboost|p2a: Ferrothorn|evasion|1\n|-sideend|p1: Homiedino|Spikes|[from] move: Defog|[of] p1a: Zapdos\n|move|p2a: Ferrothorn|Spikes|p1a: Zapdos\n|-sidestart|p1: Homiedino|Spikes\n|\n|-heal|p2a: Ferrothorn|31\/100 par|[from] item: Leftovers\n|-damage|p1a: Zapdos|48\/100|[from] Leech Seed|[of] p2a: Ferrothorn\n|-heal|p2a: Ferrothorn|45\/100 par|[silent]\n|upkeep\n|turn|28\n|j| Le Herbo\n|\n|t:|1667768131\n|move|p1a: Zapdos|Roost|p1a: Zapdos\n|-heal|p1a: Zapdos|98\/100\n|-singleturn|p1a: Zapdos|move: Roost\n|cant|p2a: Ferrothorn|par\n|\n|-heal|p2a: Ferrothorn|51\/100 par|[from] item: Leftovers\n|-damage|p1a: Zapdos|86\/100|[from] Leech Seed|[of] p2a: Ferrothorn\n|-heal|p2a: Ferrothorn|64\/100 par|[silent]\n|upkeep\n|turn|29\n|l| Le Herbo\n|\n|t:|1667768142\n|switch|p2a: Blissey|Blissey, F|100\/100\n|move|p1a: Zapdos|Heat Wave|p2a: Blissey\n|-damage|p2a: Blissey|91\/100\n|\n|-damage|p1a: Zapdos|73\/100|[from] Leech Seed|[of] p2a: Blissey\n|-heal|p2a: Blissey|98\/100|[silent]\n|upkeep\n|turn|30\n|\n|t:|1667768147\n|move|p1a: Zapdos|Defog|p2a: Blissey\n|-unboost|p2a: Blissey|evasion|1\n|-sideend|p1: Homiedino|Spikes|[from] move: Defog|[of] p1a: Zapdos\n|move|p2a: Blissey|Toxic|p1a: Zapdos|[miss]\n|-miss|p2a: Blissey|p1a: Zapdos\n|\n|-damage|p1a: Zapdos|61\/100|[from] Leech Seed|[of] p2a: Blissey\n|-heal|p2a: Blissey|100\/100|[silent]\n|upkeep\n|turn|31\n|j| Kursula\n|\n|t:|1667768152\n|switch|p1a: Steelix|Steelix, F|97\/100\n|move|p2a: Blissey|Teleport|p2a: Blissey\n|\n|t:|1667768155\n|switch|p2a: Ferrothorn|Ferrothorn, M|64\/100 par|[from]move: Teleport\n|\n|-heal|p1a: Steelix|100\/100|[from] item: Leftovers\n|-heal|p2a: Ferrothorn|70\/100 par|[from] item: Leftovers\n|upkeep\n|turn|32\n|\n|t:|1667768158\n|move|p1a: Steelix|Taunt|p2a: Ferrothorn\n|-start|p2a: Ferrothorn|move: Taunt\n|cant|p2a: Ferrothorn|move: Taunt|Leech Seed\n|\n|-heal|p2a: Ferrothorn|76\/100 par|[from] item: Leftovers\n|upkeep\n|turn|33\n|\n|t:|1667768168\n|switch|p1a: Zapdos|Zapdos|61\/100\n|move|p2a: Ferrothorn|Knock Off|p1a: Zapdos\n|-damage|p1a: Zapdos|51\/100\n|\n|-heal|p2a: Ferrothorn|82\/100 par|[from] item: Leftovers\n|upkeep\n|turn|34\n|\n|t:|1667768174\n|switch|p2a: Ninetales|Ninetales-Alola, F|23\/100\n|-weather|Hail|[from] ability: Snow Warning|[of] p2a: Ninetales\n|move|p1a: Zapdos|Roost|p1a: Zapdos\n|-heal|p1a: Zapdos|100\/100\n|-singleturn|p1a: Zapdos|move: Roost\n|\n|-weather|Hail|[upkeep]\n|-damage|p1a: Zapdos|94\/100|[from] Hail\n|upkeep\n|turn|35\n|\n|t:|1667768179\n|switch|p1a: Steelix|Steelix, F|100\/100\n|move|p2a: Ninetales|Encore||[still]\n|-fail|p2a: Ninetales\n|\n|-weather|Hail|[upkeep]\n|-damage|p1a: Steelix|94\/100|[from] Hail\n|-heal|p1a: Steelix|100\/100|[from] item: Leftovers\n|upkeep\n|turn|36\n|\n|t:|1667768187\n|switch|p2a: Ferrothorn|Ferrothorn, M|82\/100 par\n|move|p1a: Steelix|Stealth Rock|p2a: Ferrothorn\n|-sidestart|p2: BillionthLadderAlt|move: Stealth Rock\n|\n|-weather|Hail|[upkeep]\n|-damage|p1a: Steelix|94\/100|[from] Hail\n|-damage|p2a: Ferrothorn|76\/100 par|[from] Hail\n|-heal|p1a: Steelix|100\/100|[from] item: Leftovers\n|-heal|p2a: Ferrothorn|82\/100 par|[from] item: Leftovers\n|upkeep\n|turn|37\n|\n|t:|1667768191\n|switch|p1a: Zapdos|Zapdos|94\/100\n|move|p2a: Ferrothorn|Spikes|p1a: Zapdos\n|-sidestart|p1: Homiedino|Spikes\n|\n|-weather|Hail|[upkeep]\n|-damage|p1a: Zapdos|88\/100|[from] Hail\n|-damage|p2a: Ferrothorn|76\/100 par|[from] Hail\n|-heal|p2a: Ferrothorn|82\/100 par|[from] item: Leftovers\n|upkeep\n|turn|38\n|\n|t:|1667768195\n|switch|p2a: Blissey|Blissey, F|100\/100\n|move|p1a: Zapdos|Heat Wave|p2a: Blissey\n|-damage|p2a: Blissey|91\/100\n|\n|-weather|Hail|[upkeep]\n|-damage|p1a: Zapdos|82\/100|[from] Hail\n|-damage|p2a: Blissey|85\/100|[from] Hail\n|upkeep\n|turn|39\n|\n|t:|1667768204\n|switch|p1a: Umbreon|Umbreon, M|85\/100\n|-damage|p1a: Umbreon|73\/100|[from] Spikes\n|move|p2a: Blissey|Toxic|p1a: Umbreon\n|-status|p1a: Umbreon|tox\n|-activate|p1a: Umbreon|ability: Synchronize\n|-status|p2a: Blissey|tox\n|\n|-weather|Hail|[upkeep]\n|-damage|p1a: Umbreon|67\/100 tox|[from] Hail\n|-damage|p2a: Blissey|79\/100 tox|[from] Hail\n|-damage|p1a: Umbreon|61\/100 tox|[from] psn\n|-damage|p2a: Blissey|73\/100 tox|[from] psn\n|upkeep\n|turn|40\n|\n|t:|1667768210\n|move|p1a: Umbreon|Heal Bell|p1a: Umbreon\n|-activate|p1a: Umbreon|move: Heal Bell\n|-curestatus|p1a: Umbreon|tox|[msg]\n|move|p2a: Blissey|Teleport|p2a: Blissey\n|\n|t:|1667768224\n|-curestatus|p2a: Blissey|tox|[from] ability: Natural Cure\n|switch|p2a: Ferrothorn|Ferrothorn, M|82\/100 par|[from]move: Teleport\n|-damage|p2a: Ferrothorn|76\/100 par|[from] Stealth Rock\n|\n|-weather|Hail|[upkeep]\n|-damage|p1a: Umbreon|54\/100|[from] Hail\n|-damage|p2a: Ferrothorn|70\/100 par|[from] Hail\n|-heal|p2a: Ferrothorn|76\/100 par|[from] item: Leftovers\n|upkeep\n|turn|41\n|\n|t:|1667768231\n|switch|p1a: Zapdos|Zapdos|82\/100\n|move|p2a: Ferrothorn|Leech Seed|p1a: Zapdos\n|-start|p1a: Zapdos|move: Leech Seed\n|\n|-weather|none\n|-heal|p2a: Ferrothorn|82\/100 par|[from] item: Leftovers\n|-damage|p1a: Zapdos|70\/100|[from] Leech Seed|[of] p2a: Ferrothorn\n|-heal|p2a: Ferrothorn|95\/100 par|[silent]\n|upkeep\n|turn|42\n|\n|t:|1667768234\n|switch|p2a: Blissey|Blissey, F|73\/100\n|move|p1a: Zapdos|Heat Wave|p2a: Blissey\n|-damage|p2a: Blissey|62\/100\n|-status|p2a: Blissey|brn\n|\n|-damage|p1a: Zapdos|58\/100|[from] Leech Seed|[of] p2a: Blissey\n|-heal|p2a: Blissey|69\/100 brn|[silent]\n|-damage|p2a: Blissey|63\/100 brn|[from] brn\n|upkeep\n|turn|43\n|\n|t:|1667768242\n|switch|p1a: Steelix|Steelix, F|100\/100\n|-damage|p1a: Steelix|88\/100|[from] Spikes\n|move|p2a: Blissey|Soft-Boiled|p2a: Blissey\n|-heal|p2a: Blissey|100\/100 brn\n|\n|-heal|p1a: Steelix|94\/100|[from] item: Leftovers\n|-damage|p2a: Blissey|94\/100 brn|[from] brn\n|upkeep\n|turn|44\n|\n|t:|1667768247\n|-curestatus|p2a: Blissey|brn|[from] ability: Natural Cure\n|switch|p2a: Ferrothorn|Ferrothorn, M|95\/100 par\n|-damage|p2a: Ferrothorn|89\/100 par|[from] Stealth Rock\n|move|p1a: Steelix|Taunt|p2a: Ferrothorn\n|-start|p2a: Ferrothorn|move: Taunt\n|\n|-heal|p1a: Steelix|100\/100|[from] item: Leftovers\n|-heal|p2a: Ferrothorn|95\/100 par|[from] item: Leftovers\n|upkeep\n|turn|45\n|\n|t:|1667768251\n|switch|p1a: Zapdos|Zapdos|58\/100\n|switch|p2a: Blissey|Blissey, F|94\/100\n|\n|upkeep\n|turn|46\n|\n|t:|1667768256\n|move|p1a: Zapdos|Roost|p1a: Zapdos\n|-heal|p1a: Zapdos|100\/100\n|-singleturn|p1a: Zapdos|move: Roost\n|move|p2a: Blissey|Seismic Toss|p1a: Zapdos\n|-damage|p1a: Zapdos|74\/100\n|\n|upkeep\n|turn|47\n|\n|t:|1667768261\n|switch|p1a: Steelix|Steelix, F|100\/100\n|-damage|p1a: Steelix|88\/100|[from] Spikes\n|move|p2a: Blissey|Toxic|p1a: Steelix|[miss]\n|-miss|p2a: Blissey|p1a: Steelix\n|\n|-heal|p1a: Steelix|94\/100|[from] item: Leftovers\n|upkeep\n|turn|48\n|\n|t:|1667768266\n|move|p2a: Blissey|Seismic Toss|p1a: Steelix\n|-damage|p1a: Steelix|66\/100\n|move|p1a: Steelix|Taunt|p2a: Blissey\n|-start|p2a: Blissey|move: Taunt\n|\n|-heal|p1a: Steelix|72\/100|[from] item: Leftovers\n|upkeep\n|turn|49\n|\n|t:|1667768277\n|switch|p1a: Tangrowth|Tangrowth, M|81\/100\n|-damage|p1a: Tangrowth|68\/100|[from] Spikes\n|move|p2a: Blissey|Seismic Toss|p1a: Tangrowth\n|-damage|p1a: Tangrowth|43\/100\n|\n|upkeep\n|turn|50\n|\n|t:|1667768287\n|move|p2a: Blissey|Seismic Toss|p1a: Tangrowth\n|-damage|p1a: Tangrowth|19\/100\n|move|p1a: Tangrowth|Knock Off|p2a: Blissey\n|-damage|p2a: Blissey|75\/100\n|-enditem|p2a: Blissey|Heavy-Duty Boots|[from] move: Knock Off|[of] p1a: Tangrowth\n|\n|upkeep\n|turn|51\n|\n|t:|1667768293\n|switch|p1a: Zapdos|Zapdos|74\/100\n|move|p2a: Blissey|Seismic Toss|p1a: Zapdos\n|-damage|p1a: Zapdos|48\/100\n|\n|-end|p2a: Blissey|move: Taunt\n|upkeep\n|turn|52\n|\n|t:|1667768301\n|move|p1a: Zapdos|Defog|p2a: Blissey\n|-unboost|p2a: Blissey|evasion|1\n|-sideend|p2: BillionthLadderAlt|Stealth Rock|[from] move: Defog|[of] p1a: Zapdos\n|-sideend|p1: Homiedino|Spikes|[from] move: Defog|[of] p1a: Zapdos\n|move|p2a: Blissey|Toxic|p1a: Zapdos\n|-status|p1a: Zapdos|tox\n|\n|-damage|p1a: Zapdos|42\/100 tox|[from] psn\n|upkeep\n|turn|53\n|\n|t:|1667768305\n|move|p1a: Zapdos|Roost|p1a: Zapdos\n|-heal|p1a: Zapdos|92\/100 tox\n|-singleturn|p1a: Zapdos|move: Roost\n|move|p2a: Blissey|Seismic Toss|p1a: Zapdos\n|-damage|p1a: Zapdos|66\/100 tox\n|\n|-damage|p1a: Zapdos|54\/100 tox|[from] psn\n|upkeep\n|turn|54\n|\n|t:|1667768310\n|switch|p1a: Araquanid|Araquanid, F|100\/100\n|move|p2a: Blissey|Seismic Toss|p1a: Araquanid\n|-damage|p1a: Araquanid|71\/100\n|\n|upkeep\n|turn|55\n|\n|t:|1667768313\n|switch|p2a: Ferrothorn|Ferrothorn, M|95\/100 par\n|move|p1a: Araquanid|Liquidation|p2a: Ferrothorn\n|-resisted|p2a: Ferrothorn\n|-damage|p2a: Ferrothorn|80\/100 par\n|-damage|p1a: Araquanid|59\/100|[from] ability: Iron Barbs|[of] p2a: Ferrothorn\n|\n|-heal|p2a: Ferrothorn|86\/100 par|[from] item: Leftovers\n|upkeep\n|turn|56\n|\n|t:|1667768322\n|switch|p1a: Keldeo|Keldeo-Resolute|5\/100\n|switch|p2a: Ninetales|Ninetales-Alola, F|23\/100\n|-weather|Hail|[from] ability: Snow Warning|[of] p2a: Ninetales\n|\n|-weather|Hail|[upkeep]\n|-damage|p1a: Keldeo|0 fnt|[from] Hail\n|faint|p1a: Keldeo\n|upkeep\n|c|\u2606BillionthLadderAlt|nah im the goat\n|\n|t:|1667768328\n|switch|p1a: Steelix|Steelix, F|72\/100\n|turn|57\n|\n|t:|1667768331\n|switch|p2a: Ferrothorn|Ferrothorn, M|86\/100 par\n|move|p1a: Steelix|Stealth Rock|p2a: Ferrothorn\n|-sidestart|p2: BillionthLadderAlt|move: Stealth Rock\n|\n|-weather|Hail|[upkeep]\n|-damage|p1a: Steelix|66\/100|[from] Hail\n|-damage|p2a: Ferrothorn|80\/100 par|[from] Hail\n|-heal|p1a: Steelix|72\/100|[from] item: Leftovers\n|-heal|p2a: Ferrothorn|86\/100 par|[from] item: Leftovers\n|upkeep\n|turn|58\n|\n|t:|1667768338\n|move|p1a: Steelix|Taunt|p2a: Ferrothorn\n|-start|p2a: Ferrothorn|move: Taunt\n|move|p2a: Ferrothorn|Knock Off|p1a: Steelix\n|-damage|p1a: Steelix|60\/100\n|-enditem|p1a: Steelix|Leftovers|[from] move: Knock Off|[of] p2a: Ferrothorn\n|\n|-weather|Hail|[upkeep]\n|-damage|p1a: Steelix|54\/100|[from] Hail\n|-damage|p2a: Ferrothorn|80\/100 par|[from] Hail\n|-heal|p2a: Ferrothorn|86\/100 par|[from] item: Leftovers\n|upkeep\n|turn|59\n|c|\u2606Homiedino|yeah you got the sauce\n|\n|t:|1667768351\n|switch|p1a: Zapdos|Zapdos|54\/100 tox\n|switch|p2a: Blissey|Blissey, F|75\/100\n|-damage|p2a: Blissey|63\/100|[from] Stealth Rock\n|\n|-weather|Hail|[upkeep]\n|-damage|p1a: Zapdos|48\/100 tox|[from] Hail\n|-damage|p2a: Blissey|56\/100|[from] Hail\n|-damage|p1a: Zapdos|42\/100 tox|[from] psn\n|upkeep\n|turn|60\n|\n|t:|1667768357\n|switch|p1a: Umbreon|Umbreon, M|54\/100\n|move|p2a: Blissey|Soft-Boiled|p2a: Blissey\n|-heal|p2a: Blissey|100\/100\n|\n|-weather|Hail|[upkeep]\n|-damage|p1a: Umbreon|48\/100|[from] Hail\n|-damage|p2a: Blissey|94\/100|[from] Hail\n|upkeep\n|turn|61\n|\n|t:|1667768361\n|move|p1a: Umbreon|Wish|p1a: Umbreon\n|move|p2a: Blissey|Seismic Toss|p1a: Umbreon\n|-damage|p1a: Umbreon|23\/100\n|\n|-weather|Hail|[upkeep]\n|-damage|p1a: Umbreon|16\/100|[from] Hail\n|-damage|p2a: Blissey|88\/100|[from] Hail\n|upkeep\n|turn|62\n|\n|t:|1667768363\n|move|p1a: Umbreon|Protect|p1a: Umbreon\n|-singleturn|p1a: Umbreon|Protect\n|move|p2a: Blissey|Seismic Toss|p1a: Umbreon\n|-activate|p1a: Umbreon|move: Protect\n|\n|-weather|Hail|[upkeep]\n|-damage|p1a: Umbreon|10\/100|[from] Hail\n|-damage|p2a: Blissey|82\/100|[from] Hail\n|-heal|p1a: Umbreon|60\/100|[from] move: Wish|[wisher] Umbreon\n|upkeep\n|turn|63\n|\n|t:|1667768371\n|move|p1a: Umbreon|Heal Bell|p1a: Umbreon\n|-activate|p1a: Umbreon|move: Heal Bell\n|-curestatus|p1: Zapdos|tox|[msg]\n|move|p2a: Blissey|Toxic|p1a: Umbreon\n|-status|p1a: Umbreon|tox\n|-activate|p1a: Umbreon|ability: Synchronize\n|-status|p2a: Blissey|tox\n|\n|-weather|none\n|-damage|p1a: Umbreon|54\/100 tox|[from] psn\n|-damage|p2a: Blissey|76\/100 tox|[from] psn\n|upkeep\n|turn|64\n|\n|t:|1667768381\n|move|p1a: Umbreon|Wish|p1a: Umbreon\n|move|p2a: Blissey|Teleport|p2a: Blissey\n|\n|t:|1667768384\n|-curestatus|p2a: Blissey|tox|[from] ability: Natural Cure\n|switch|p2a: Ferrothorn|Ferrothorn, M|86\/100 par|[from]move: Teleport\n|-damage|p2a: Ferrothorn|80\/100 par|[from] Stealth Rock\n|\n|-heal|p2a: Ferrothorn|86\/100 par|[from] item: Leftovers\n|-damage|p1a: Umbreon|42\/100 tox|[from] psn\n|upkeep\n|turn|65\n|\n|t:|1667768387\n|switch|p1a: Zapdos|Zapdos|42\/100\n|move|p2a: Ferrothorn|Spikes|p1a: Zapdos\n|-sidestart|p1: Homiedino|Spikes\n|\n|-heal|p1a: Zapdos|93\/100|[from] move: Wish|[wisher] Umbreon\n|-heal|p2a: Ferrothorn|92\/100 par|[from] item: Leftovers\n|upkeep\n|turn|66\n|\n|t:|1667768398\n|switch|p2a: Blissey|Blissey, F|76\/100\n|-damage|p2a: Blissey|63\/100|[from] Stealth Rock\n|move|p1a: Zapdos|Heat Wave|p2a: Blissey|[miss]\n|-miss|p1a: Zapdos|p2a: Blissey\n|\n|upkeep\n|turn|67\n|\n|t:|1667768406\n|move|p1a: Zapdos|Discharge|p2a: Blissey\n|-damage|p2a: Blissey|52\/100\n|move|p2a: Blissey|Toxic|p1a: Zapdos|[miss]\n|-miss|p2a: Blissey|p1a: Zapdos\n|\n|upkeep\n|turn|68\n|\n|t:|1667768409\n|move|p1a: Zapdos|Discharge|p2a: Blissey\n|-damage|p2a: Blissey|40\/100\n|-status|p2a: Blissey|par\n|cant|p2a: Blissey|par\n|\n|upkeep\n|turn|69\n|\n|t:|1667768416\n|switch|p1a: Steelix|Steelix, F|54\/100\n|-damage|p1a: Steelix|41\/100|[from] Spikes\n|move|p2a: Blissey|Soft-Boiled|p2a: Blissey\n|-heal|p2a: Blissey|90\/100 par\n|\n|upkeep\n|turn|70\n|\n|t:|1667768422\n|-curestatus|p2a: Blissey|par|[from] ability: Natural Cure\n|switch|p2a: Ferrothorn|Ferrothorn, M|92\/100 par\n|-damage|p2a: Ferrothorn|86\/100 par|[from] Stealth Rock\n|move|p1a: Steelix|Earthquake|p2a: Ferrothorn\n|-damage|p2a: Ferrothorn|69\/100 par\n|\n|-heal|p2a: Ferrothorn|75\/100 par|[from] item: Leftovers\n|upkeep\n|turn|71\n|\n|t:|1667768429\n|switch|p1a: Zapdos|Zapdos|93\/100\n|switch|p2a: Blissey|Blissey, F|90\/100\n|-damage|p2a: Blissey|78\/100|[from] Stealth Rock\n|\n|upkeep\n|turn|72\n|\n|t:|1667768434\n|move|p1a: Zapdos|Discharge|p2a: Blissey\n|-crit|p2a: Blissey\n|-damage|p2a: Blissey|59\/100\n|move|p2a: Blissey|Seismic Toss|p1a: Zapdos\n|-damage|p1a: Zapdos|67\/100\n|\n|upkeep\n|turn|73\n|\n|t:|1667768444\n|move|p1a: Zapdos|Discharge|p2a: Blissey\n|-damage|p2a: Blissey|47\/100\n|move|p2a: Blissey|Toxic|p1a: Zapdos\n|-status|p1a: Zapdos|tox\n|\n|-damage|p1a: Zapdos|61\/100 tox|[from] psn\n|upkeep\n|turn|74\n|\n|t:|1667768448\n|move|p1a: Zapdos|Discharge|p2a: Blissey\n|-damage|p2a: Blissey|35\/100\n|move|p2a: Blissey|Soft-Boiled|p2a: Blissey\n|-heal|p2a: Blissey|85\/100\n|\n|-damage|p1a: Zapdos|49\/100 tox|[from] psn\n|upkeep\n|turn|75\n|\n|t:|1667768450\n|move|p1a: Zapdos|Defog|p2a: Blissey\n|-unboost|p2a: Blissey|evasion|1\n|-sideend|p2: BillionthLadderAlt|Stealth Rock|[from] move: Defog|[of] p1a: Zapdos\n|-sideend|p1: Homiedino|Spikes|[from] move: Defog|[of] p1a: Zapdos\n|move|p2a: Blissey|Seismic Toss|p1a: Zapdos\n|-damage|p1a: Zapdos|23\/100 tox\n|\n|-damage|p1a: Zapdos|5\/100 tox|[from] psn\n|upkeep\n|turn|76\n|c|\u2606Homiedino|i think I'll forfeit\n|c|\u2606Homiedino|gg\n|c|\u2606BillionthLadderAlt|gg then\n|-message|Homiedino forfeited.\n|\n|win|BillionthLadderAlt\n|raw|Homiedino's rating: 1649 &rarr; <strong>1635<\/strong><br \/>(-14 for losing)\n|raw|BillionthLadderAlt's rating: 1756 &rarr; <strong>1770<\/strong><br \/>(+14 for winning)\n|l|\u2606Homiedino\n||Ladder isn't responding, score probably updated but might not have (Request timeout).\n","uploadtime":1667768488,"views":8,"p1id":"homiedino","p2id":"billionthladderalt","formatid":"gen8ou","rating":1635,"private":0,"password":null}