{"id":"gen8ou-1559489245","p1":"aeroplanefighter","p2":"ripreckful","format":"gen8ou","log":"|j|\u2606aeroplanefighter\n|j|\u2606ripreckful\n|inactive|Battle timer is ON: inactive players will automatically lose when time's up.\n|t:|1650690762\n|gametype|singles\n|player|p1|aeroplanefighter|265|\n|player|p2|ripreckful|lucas|\n|teamsize|p1|6\n|teamsize|p2|6\n|gen|8\n|tier|[Gen 8] OU\n|rated|Tournament battle\n|rule|Sleep Clause Mod: Limit one foe put to sleep\n|rule|Species Clause: Limit one of each Pok\u00e9mon\n|rule|OHKO Clause: OHKO moves are banned\n|rule|Evasion Moves Clause: Evasion moves are banned\n|rule|Endless Battle Clause: Forcing endless battles is banned\n|rule|HP Percentage Mod: HP is shown in percentages\n|rule|Dynamax Clause: You cannot dynamax\n|clearpoke\n|poke|p1|Slowbro-Galar, F|\n|poke|p1|Grimmsnarl, M|\n|poke|p1|Kartana|\n|poke|p1|Landorus-Therian, M|\n|poke|p1|Moltres-Galar|\n|poke|p1|Glastrier|\n|poke|p2|Dragapult, F|\n|poke|p2|Marowak-Alola, M|\n|poke|p2|Hydreigon, M|\n|poke|p2|Landorus-Therian, M|\n|poke|p2|Weavile, F|\n|poke|p2|Ferrothorn, M|\n|teampreview\n|inactive|ripreckful also wants the timer to be on.\n|\n|t:|1650690768\n|start\n|switch|p1a: Grimmsnarl|Grimmsnarl, M|100\/100\n|switch|p2a: Ferrothorn|Ferrothorn, M|100\/100\n|turn|1\n|\n|t:|1650690771\n|move|p1a: Grimmsnarl|Taunt|p2a: Ferrothorn\n|-start|p2a: Ferrothorn|move: Taunt\n|move|p2a: Ferrothorn|Gyro Ball|p1a: Grimmsnarl\n|-supereffective|p1a: Grimmsnarl\n|-damage|p1a: Grimmsnarl|39\/100\n|\n|upkeep\n|turn|2\n|\n|t:|1650690773\n|move|p1a: Grimmsnarl|Reflect|p1a: Grimmsnarl\n|-sidestart|p1: aeroplanefighter|Reflect\n|move|p2a: Ferrothorn|Gyro Ball|p1a: Grimmsnarl\n|-supereffective|p1a: Grimmsnarl\n|-damage|p1a: Grimmsnarl|8\/100\n|\n|upkeep\n|turn|3\n|\n|t:|1650690776\n|move|p1a: Grimmsnarl|Light Screen|p1a: Grimmsnarl\n|-sidestart|p1: aeroplanefighter|move: Light Screen\n|move|p2a: Ferrothorn|Gyro Ball|p1a: Grimmsnarl\n|-supereffective|p1a: Grimmsnarl\n|-damage|p1a: Grimmsnarl|0 fnt\n|faint|p1a: Grimmsnarl\n|\n|-end|p2a: Ferrothorn|move: Taunt\n|upkeep\n|\n|t:|1650690779\n|switch|p1a: Glastrier|Glastrier|100\/100\n|turn|4\n|\n|t:|1650690788\n|move|p1a: Glastrier|Swords Dance|p1a: Glastrier\n|-boost|p1a: Glastrier|atk|2\n|move|p2a: Ferrothorn|Gyro Ball|p1a: Glastrier\n|-supereffective|p1a: Glastrier\n|-damage|p1a: Glastrier|85\/100\n|\n|upkeep\n|turn|5\n|j| maxxxnuel\n|\n|t:|1650690792\n|switch|p2a: Tay-K|Marowak-Alola, M|100\/100\n|move|p1a: Glastrier|Close Combat|p2a: Tay-K\n|-immune|p2a: Tay-K\n|\n|upkeep\n|turn|6\n|\n|t:|1650690802\n|move|p2a: Tay-K|Fire Punch|p1a: Glastrier\n|-supereffective|p1a: Glastrier\n|-damage|p1a: Glastrier|42\/100\n|move|p1a: Glastrier|High Horsepower|p2a: Tay-K\n|-supereffective|p2a: Tay-K\n|-damage|p2a: Tay-K|0 fnt\n|faint|p2a: Tay-K\n|-ability|p1a: Glastrier|Chilling Neigh|boost\n|-boost|p1a: Glastrier|atk|1\n|\n|upkeep\n|\n|t:|1650690807\n|switch|p2a: Dragapult|Dragapult, F|100\/100\n|turn|7\n|-activate|p1a: Glastrier|item: Quick Claw\n|\n|t:|1650690810\n|move|p1a: Glastrier|Icicle Crash|p2a: Dragapult\n|-supereffective|p2a: Dragapult\n|-damage|p2a: Dragapult|0 fnt\n|faint|p2a: Dragapult\n|-ability|p1a: Glastrier|Chilling Neigh|boost\n|-boost|p1a: Glastrier|atk|1\n|\n|upkeep\n|c|\u2606ripreckful|ah\n|c|\u2606aeroplanefighter|:)\n|c|\u2606aeroplanefighter|it is rolling\n|c|\u2606aeroplanefighter|snow ball\n|\n|t:|1650690821\n|switch|p2a: Hydreigon|Hydreigon, M|100\/100\n|turn|8\n|\n|t:|1650690824\n|move|p2a: Hydreigon|Draco Meteor|p1a: Glastrier\n|-damage|p1a: Glastrier|15\/100\n|-unboost|p2a: Hydreigon|spa|2\n|move|p1a: Glastrier|Close Combat|p2a: Hydreigon\n|-supereffective|p2a: Hydreigon\n|-damage|p2a: Hydreigon|0 fnt\n|-unboost|p1a: Glastrier|def|1\n|-unboost|p1a: Glastrier|spd|1\n|faint|p2a: Hydreigon\n|-ability|p1a: Glastrier|Chilling Neigh|boost\n|-boost|p1a: Glastrier|atk|1\n|\n|upkeep\n|\n|t:|1650690831\n|switch|p2a: Landorus|Landorus-Therian, M|100\/100\n|-ability|p2a: Landorus|Intimidate|boost\n|-unboost|p1a: Glastrier|atk|1\n|turn|9\n|\n|t:|1650690833\n|move|p2a: Landorus|Earthquake|p1a: Glastrier\n|-damage|p1a: Glastrier|0 fnt\n|faint|p1a: Glastrier\n|\n|-sideend|p1: aeroplanefighter|Reflect\n|upkeep\n|\n|t:|1650690837\n|switch|p1a: Moltres|Moltres-Galar|100\/100\n|turn|10\n|\n|t:|1650690854\n|move|p1a: Moltres|Nasty Plot|p1a: Moltres\n|-boost|p1a: Moltres|spa|2\n|move|p2a: Landorus|U-turn|p1a: Moltres\n|-damage|p1a: Moltres|74\/100\n|\n|t:|1650690856\n|switch|p2a: Weavile|Weavile, F|100\/100|[from]move: U-turn\n|-ability|p2a: Weavile|Pressure\n|\n|-sideend|p1: aeroplanefighter|move: Light Screen\n|upkeep\n|turn|11\n|\n|t:|1650690859\n|move|p2a: Weavile|Triple Axel|p1a: Moltres\n|-supereffective|p1a: Moltres\n|-damage|p1a: Moltres|46\/100\n|-supereffective|p1a: Moltres\n|-damage|p1a: Moltres|0 fnt\n|faint|p1a: Moltres\n|-hitcount|p1: Moltres|2\n|\n|upkeep\n|\n|t:|1650690863\n|switch|p1a: Kartana|Kartana, shiny|100\/100\n|turn|12\n|\n|t:|1650690869\n|switch|p2a: Ferrothorn|Ferrothorn, M|100\/100\n|move|p1a: Kartana|Swords Dance|p1a: Kartana\n|-boost|p1a: Kartana|atk|2\n|\n|upkeep\n|turn|13\n|\n|t:|1650690872\n|move|p1a: Kartana|Sacred Sword|p2a: Ferrothorn\n|-supereffective|p2a: Ferrothorn\n|-damage|p2a: Ferrothorn|0 fnt\n|-damage|p1a: Kartana|88\/100|[from] ability: Iron Barbs|[of] p2a: Ferrothorn\n|faint|p2a: Ferrothorn\n|-ability|p1a: Kartana|Beast Boost|boost\n|-boost|p1a: Kartana|atk|1\n|\n|upkeep\n|\n|t:|1650690876\n|switch|p2a: Weavile|Weavile, F|100\/100\n|-ability|p2a: Weavile|Pressure\n|turn|14\n|\n|t:|1650690884\n|move|p2a: Weavile|Triple Axel|p1a: Kartana\n|-damage|p1a: Kartana|77\/100\n|-damage|p1a: Kartana|55\/100\n|-damage|p1a: Kartana|23\/100\n|-hitcount|p1a: Kartana|3\n|move|p1a: Kartana|Sacred Sword|p2a: Weavile\n|-supereffective|p2a: Weavile\n|-damage|p2a: Weavile|0 fnt\n|faint|p2a: Weavile\n|-ability|p1a: Kartana|Beast Boost|boost\n|-boost|p1a: Kartana|atk|1\n|\n|upkeep\n|\n|t:|1650690889\n|switch|p2a: Landorus|Landorus-Therian, M|100\/100\n|-ability|p2a: Landorus|Intimidate|boost\n|-unboost|p1a: Kartana|atk|1\n|turn|15\n|c|\u2606ripreckful|gg\n|\n|t:|1650690891\n|move|p1a: Kartana|Leaf Blade|p2a: Landorus\n|-crit|p2a: Landorus\n|-damage|p2a: Landorus|0 fnt\n|faint|p2a: Landorus\n|\n|win|aeroplanefighter\n|n|\u2606aeroplanefighter|aeroplanefighter\n|n|\u2606ripreckful|ripreckful\n|n| maxxxnuel|maxxxnuel\n|j| vkhss is cool\n|c|\u2606aeroplanefighter|gg\n|l| vkhss is cool\n|l| maxxxnuel\n","uploadtime":1650690896,"views":128,"p1id":"aeroplanefighter","p2id":"ripreckful","formatid":"gen8ou","rating":0,"private":0,"password":null}