{"id":"gen8ou-1541724449","p1":"Fastpitchkiller","p2":"Mindphuck2","format":"gen8ou","log":"|j|\u2606Fastpitchkiller\n|j|\u2606Mindphuck2\n|t:|1648595878\n|gametype|singles\n|player|p1|Fastpitchkiller|101|1739\n|player|p2|Mindphuck2|101|1705\n|teamsize|p1|6\n|teamsize|p2|6\n|gen|8\n|tier|[Gen 8] OU\n|rated|\n|rule|Sleep Clause Mod: Limit one foe put to sleep\n|rule|Species Clause: Limit one of each Pok\u00e9mon\n|rule|OHKO Clause: OHKO moves are banned\n|rule|Evasion Moves Clause: Evasion moves are banned\n|rule|Endless Battle Clause: Forcing endless battles is banned\n|rule|HP Percentage Mod: HP is shown in percentages\n|rule|Dynamax Clause: You cannot dynamax\n|clearpoke\n|poke|p1|Blaziken, F|\n|poke|p1|Slowbro, F|\n|poke|p1|Tyranitar, F|\n|poke|p1|Corviknight, F|\n|poke|p1|Landorus-Therian, M|\n|poke|p1|Tapu Koko|\n|poke|p2|Volcanion|\n|poke|p2|Necrozma|\n|poke|p2|Celesteela|\n|poke|p2|Landorus-Therian, M|\n|poke|p2|Victini|\n|poke|p2|Kommo-o, M|\n|teampreview\n|j| Hella Rare Pepe\n|\n|t:|1648595900\n|start\n|switch|p1a: Slowgatell|Slowbro, F|100\/100\n|switch|p2a: Victini|Victini|100\/100\n|turn|1\n|inactive|Battle timer is ON: inactive players will automatically lose when time's up. (requested by Mindphuck2)\n|j| zYYYf\n|\n|t:|1648595907\n|switch|p1a: GODzilla|Tyranitar, F|100\/100\n|-weather|Sandstorm|[from] ability: Sand Stream|[of] p1a: GODzilla\n|move|p2a: Victini|Final Gambit|p1a: GODzilla\n|-damage|p1a: GODzilla|0 fnt\n|faint|p2a: Victini\n|faint|p1a: GODzilla\n|\n|-weather|Sandstorm|[upkeep]\n|upkeep\n|\n|t:|1648595919\n|switch|p2a: Volcanion|Volcanion|100\/100\n|switch|p1a: Slowgatell|Slowbro, F|100\/100\n|turn|2\n|\n|t:|1648595924\n|move|p2a: Volcanion|Sludge Bomb|p1a: Slowgatell\n|-damage|p1a: Slowgatell|66\/100\n|move|p1a: Slowgatell|Toxic|p2a: Volcanion|[miss]\n|-miss|p1a: Slowgatell|p2a: Volcanion\n|\n|-weather|Sandstorm|[upkeep]\n|-damage|p2a: Volcanion|94\/100|[from] Sandstorm\n|-damage|p1a: Slowgatell|60\/100|[from] Sandstorm\n|upkeep\n|turn|3\n|\n|t:|1648595936\n|move|p2a: Volcanion|Sludge Bomb|p1a: Slowgatell\n|-damage|p1a: Slowgatell|28\/100\n|move|p1a: Slowgatell|Future Sight|p2a: Volcanion\n|-start|p1a: Slowgatell|move: Future Sight\n|\n|-weather|Sandstorm|[upkeep]\n|-damage|p2a: Volcanion|88\/100|[from] Sandstorm\n|-damage|p1a: Slowgatell|22\/100|[from] Sandstorm\n|upkeep\n|turn|4\n|\n|t:|1648595944\n|move|p2a: Volcanion|Steam Eruption|p1a: Slowgatell|[miss]\n|-miss|p2a: Volcanion|p1a: Slowgatell\n|move|p1a: Slowgatell|Teleport|p1a: Slowgatell\n|\n|t:|1648595952\n|switch|p1a: Precoz|Tapu Koko|100\/100|[from]move: Teleport\n|-fieldstart|move: Electric Terrain|[from] ability: Electric Surge|[of] p1a: Precoz\n|\n|-weather|Sandstorm|[upkeep]\n|-damage|p1a: Precoz|94\/100|[from] Sandstorm\n|-damage|p2a: Volcanion|82\/100|[from] Sandstorm\n|upkeep\n|turn|5\n|\n|t:|1648595961\n|move|p1a: Precoz|U-turn|p2a: Volcanion\n|-resisted|p2a: Volcanion\n|-damage|p2a: Volcanion|75\/100\n|\n|t:|1648595964\n|switch|p1a: Slowgatell|Slowbro, F|55\/100|[from]move: U-turn\n|move|p2a: Volcanion|Sludge Bomb|p1a: Slowgatell\n|-damage|p1a: Slowgatell|24\/100\n|\n|-weather|none\n|-end|p2a: Volcanion|move: Future Sight\n|-damage|p2a: Volcanion|49\/100\n|upkeep\n|turn|6\n|l| Hella Rare Pepe\n|\n|t:|1648595974\n|move|p2a: Volcanion|Steam Eruption|p1a: Slowgatell\n|-resisted|p1a: Slowgatell\n|-damage|p1a: Slowgatell|0 fnt\n|faint|p1a: Slowgatell\n|\n|upkeep\n|j| DcMarvelAnimeFan\n|\n|t:|1648595988\n|switch|p1a: Precoz|Tapu Koko|94\/100\n|turn|7\n|\n|t:|1648595992\n|switch|p2a: Landorus|Landorus-Therian, M|100\/100\n|-ability|p2a: Landorus|Intimidate|boost\n|-unboost|p1a: Precoz|atk|1\n|move|p1a: Precoz|Thunderbolt|p2a: Landorus\n|-immune|p2a: Landorus\n|\n|upkeep\n|turn|8\n|\n|t:|1648596000\n|move|p1a: Precoz|U-turn|p2a: Landorus\n|-resisted|p2a: Landorus\n|-damage|p2a: Landorus|94\/100\n|\n|t:|1648596003\n|switch|p1a: Enamorousito|Landorus-Therian, M|100\/100|[from]move: U-turn\n|-ability|p1a: Enamorousito|Intimidate|boost\n|-unboost|p2a: Landorus|atk|1\n|move|p2a: Landorus|Swords Dance|p2a: Landorus\n|-boost|p2a: Landorus|atk|2\n|\n|-fieldend|move: Electric Terrain\n|upkeep\n|turn|9\n|\n|t:|1648596012\n|move|p1a: Enamorousito|Substitute|p1a: Enamorousito\n|-start|p1a: Enamorousito|Substitute\n|-damage|p1a: Enamorousito|76\/100\n|move|p2a: Landorus|Rock Polish|p2a: Landorus\n|-boost|p2a: Landorus|spe|2\n|\n|-heal|p1a: Enamorousito|82\/100|[from] item: Leftovers\n|upkeep\n|turn|10\n|j| hahalolxdgoodone\n|\n|t:|1648596022\n|move|p2a: Landorus|Rock Slide|p1a: Enamorousito\n|-end|p1a: Enamorousito|Substitute\n|move|p1a: Enamorousito|Swords Dance|p1a: Enamorousito\n|-boost|p1a: Enamorousito|atk|2\n|\n|-heal|p1a: Enamorousito|88\/100|[from] item: Leftovers\n|upkeep\n|turn|11\n|\n|t:|1648596030\n|move|p2a: Landorus|Rock Slide|p1a: Enamorousito\n|-damage|p1a: Enamorousito|34\/100\n|cant|p1a: Enamorousito|flinch\n|\n|-heal|p1a: Enamorousito|40\/100|[from] item: Leftovers\n|upkeep\n|turn|12\n|-message|Fastpitchkiller forfeited.\n|\n|win|Mindphuck2\n|raw|Fastpitchkiller's rating: 1739 &rarr; <strong>1717<\/strong><br \/>(-22 for losing)\n|raw|Mindphuck2's rating: 1705 &rarr; <strong>1727<\/strong><br \/>(+22 for winning)\n|l|\u2606Fastpitchkiller\n|l| zYYYf\n|l| DcMarvelAnimeFan\n||Ladder isn't responding, score probably updated but might not have (Request timeout).\n|l| hahalolxdgoodone\n","uploadtime":1648596227,"views":33,"p1id":"fastpitchkiller","p2id":"mindphuck2","formatid":"gen8ou","rating":1717,"private":0,"password":null}