{"id":"gen8ou-1551408102","p1":"toomuchwatermeta","p2":"Pinkacross","format":"gen8ou","log":"|j|\u2606toomuchwatermeta\n|j|\u2606Pinkacross\n|inactive|Battle timer is ON: inactive players will automatically lose when time's up.\n|t:|1649725728\n|gametype|singles\n|player|p1|toomuchwatermeta|lance|\n|player|p2|Pinkacross|artist|\n|teamsize|p1|6\n|teamsize|p2|6\n|gen|8\n|tier|[Gen 8] OU\n|rated|Tournament battle\n|rule|Sleep Clause Mod: Limit one foe put to sleep\n|rule|Species Clause: Limit one of each Pok\u00e9mon\n|rule|OHKO Clause: OHKO moves are banned\n|rule|Evasion Moves Clause: Evasion moves are banned\n|rule|Endless Battle Clause: Forcing endless battles is banned\n|rule|HP Percentage Mod: HP is shown in percentages\n|rule|Dynamax Clause: You cannot dynamax\n|clearpoke\n|poke|p1|Landorus-Therian, M|\n|poke|p1|Corviknight, M|\n|poke|p1|Zapdos|\n|poke|p1|Tornadus-Therian, M|\n|poke|p1|Thundurus-Therian, M|\n|poke|p1|Celesteela|\n|poke|p2|Magnezone|\n|poke|p2|Tapu Koko|\n|poke|p2|Landorus-Therian, M|\n|poke|p2|Toxapex, F|\n|poke|p2|Tornadus-Therian, M|\n|poke|p2|Tyranitar, M|\n|teampreview\n|c|\u2606Pinkacross|hf\n|j| psychoshawk\n|\n|t:|1649725740\n|start\n|switch|p1a: Tornadus|Tornadus-Therian, M|100\/100\n|switch|p2a: Landorus|Landorus-Therian, M|100\/100\n|-ability|p2a: Landorus|Intimidate|boost\n|-unboost|p1a: Tornadus|atk|1\n|turn|1\n|\n|t:|1649725746\n|switch|p1a: Corviknight|Corviknight, M|100\/100\n|-ability|p1a: Corviknight|Pressure\n|switch|p2a: Tornadus|Tornadus-Therian, M|100\/100\n|\n|upkeep\n|turn|2\n|\n|t:|1649725755\n|switch|p1a: Thundurus|Thundurus-Therian, M|100\/100\n|move|p2a: Tornadus|Heat Wave|p1a: Thundurus\n|-damage|p1a: Thundurus|70\/100\n|\n|upkeep\n|turn|3\n|j| Vampirism\n|\n|t:|1649725775\n|move|p2a: Tornadus|Icy Wind|p1a: Thundurus\n|-supereffective|p1a: Thundurus\n|-damage|p1a: Thundurus|32\/100\n|-unboost|p1a: Thundurus|spe|1\n|move|p1a: Thundurus|Focus Blast|p2a: Tornadus|[miss]\n|-miss|p1a: Thundurus|p2a: Tornadus\n|\n|upkeep\n|turn|4\n|\n|t:|1649725782\n|switch|p1a: Tornadus|Tornadus-Therian, M|100\/100\n|move|p2a: Tornadus|Icy Wind|p1a: Tornadus\n|-supereffective|p1a: Tornadus\n|-damage|p1a: Tornadus|88\/100\n|-unboost|p1a: Tornadus|spe|1\n|\n|upkeep\n|turn|5\n|j| gewwge\n|\n|t:|1649725798\n|move|p2a: Tornadus|U-turn|p1a: Tornadus\n|-resisted|p1a: Tornadus\n|-damage|p1a: Tornadus|80\/100\n|\n|t:|1649725799\n|switch|p2a: Toxapex|Toxapex, F|100\/100|[from]move: U-turn\n|move|p1a: Tornadus|Knock Off|p2a: Toxapex\n|-damage|p2a: Toxapex|87\/100\n|-enditem|p2a: Toxapex|Eject Button|[from] move: Knock Off|[of] p1a: Tornadus\n|\n|upkeep\n|turn|6\n|j| yaboiAshK.\n|\n|t:|1649725808\n|move|p1a: Tornadus|U-turn|p2a: Toxapex\n|-resisted|p2a: Toxapex\n|-damage|p2a: Toxapex|82\/100\n|j| Iceman8911\n|\n|t:|1649725823\n|switch|p1a: Thundurus|Thundurus-Therian, M|32\/100|[from]move: U-turn\n|move|p2a: Toxapex|Scald|p1a: Thundurus\n|-damage|p1a: Thundurus|7\/100\n|\n|upkeep\n|turn|7\n|l| Iceman8911\n|\n|t:|1649725831\n|switch|p2a: Landorus|Landorus-Therian, M|100\/100\n|-ability|p2a: Landorus|Intimidate|boost\n|-unboost|p1a: Thundurus|atk|1\n|move|p1a: Thundurus|Thunderbolt|p2a: Landorus\n|-immune|p2a: Landorus\n|\n|upkeep\n|turn|8\n|\n|t:|1649725835\n|switch|p1a: Corviknight|Corviknight, M|100\/100\n|-ability|p1a: Corviknight|Pressure\n|move|p2a: Landorus|Knock Off|p1a: Corviknight\n|-damage|p1a: Corviknight|77\/100\n|-enditem|p1a: Corviknight|Leftovers|[from] move: Knock Off|[of] p2a: Landorus\n|\n|upkeep\n|turn|9\n|\n|t:|1649725845\n|switch|p1a: Tornadus|Tornadus-Therian, M|100\/100\n|move|p2a: Landorus|Substitute|p2a: Landorus\n|-start|p2a: Landorus|Substitute\n|-damage|p2a: Landorus|76\/100\n|\n|-heal|p2a: Landorus|82\/100|[from] item: Leftovers\n|upkeep\n|turn|10\n|\n|t:|1649725853\n|move|p1a: Tornadus|U-turn|p2a: Landorus\n|-resisted|p2a: Landorus\n|-activate|p2a: Landorus|move: Substitute|[damage]\n|j| worst game EVERRR\n|\n|t:|1649725857\n|switch|p1a: Corviknight|Corviknight, M|77\/100|[from]move: U-turn\n|-ability|p1a: Corviknight|Pressure\n|move|p2a: Landorus|Toxic|p1a: Corviknight\n|-immune|p1a: Corviknight\n|\n|-heal|p2a: Landorus|88\/100|[from] item: Leftovers\n|upkeep\n|turn|11\n|\n|t:|1649725861\n|move|p2a: Landorus|Knock Off|p1a: Corviknight\n|-damage|p1a: Corviknight|62\/100\n|move|p1a: Corviknight|Iron Defense|p1a: Corviknight\n|-boost|p1a: Corviknight|def|2\n|\n|-heal|p2a: Landorus|94\/100|[from] item: Leftovers\n|upkeep\n|turn|12\n|j| AlZev2002\n|j| Actutran\n|\n|t:|1649725868\n|switch|p2a: Toxapex|Toxapex, F|100\/100\n|move|p1a: Corviknight|Body Press|p2a: Toxapex\n|-resisted|p2a: Toxapex\n|-damage|p2a: Toxapex|85\/100\n|\n|upkeep\n|turn|13\n|c| Actutran|Burn\n|\n|t:|1649725877\n|switch|p1a: Tornadus|Tornadus-Therian, M|100\/100\n|move|p2a: Toxapex|Scald|p1a: Tornadus\n|-damage|p1a: Tornadus|92\/100\n|-status|p1a: Tornadus|brn\n|\n|-damage|p1a: Tornadus|86\/100 brn|[from] brn\n|upkeep\n|turn|14\n|\n|t:|1649725885\n|move|p1a: Tornadus|Hurricane|p2a: Toxapex\n|-crit|p2a: Toxapex\n|-damage|p2a: Toxapex|35\/100\n|move|p2a: Toxapex|Scald|p1a: Tornadus\n|-damage|p1a: Tornadus|79\/100 brn\n|\n|-damage|p1a: Tornadus|73\/100 brn|[from] brn\n|upkeep\n|turn|15\n|l| worst game EVERRR\n|\n|t:|1649725892\n|switch|p2a: Tyranitar|Tyranitar, M|100\/100\n|-weather|Sandstorm|[from] ability: Sand Stream|[of] p2a: Tyranitar\n|move|p1a: Tornadus|U-turn|p2a: Tyranitar\n|-supereffective|p2a: Tyranitar\n|-damage|p2a: Tyranitar|88\/100\n|c| Actutran|Common Pinkacross W\n|\n|t:|1649725898\n|switch|p1a: Landorus|Landorus-Therian, M|100\/100|[from]move: U-turn\n|-ability|p1a: Landorus|Intimidate|boost\n|-unboost|p2a: Tyranitar|atk|1\n|\n|-weather|Sandstorm|[upkeep]\n|-heal|p2a: Tyranitar|94\/100|[from] item: Leftovers\n|upkeep\n|turn|16\n|\n|t:|1649725901\n|switch|p2a: Landorus|Landorus-Therian, M|94\/100\n|-ability|p2a: Landorus|Intimidate|boost\n|-unboost|p1a: Landorus|atk|1\n|move|p1a: Landorus|Stealth Rock|p2a: Landorus\n|-sidestart|p2: Pinkacross|move: Stealth Rock\n|\n|-weather|Sandstorm|[upkeep]\n|-heal|p2a: Landorus|99\/100|[from] item: Leftovers\n|upkeep\n|turn|17\n|\n|t:|1649725907\n|move|p2a: Landorus|Knock Off|p1a: Landorus\n|-damage|p1a: Landorus|73\/100\n|-enditem|p1a: Landorus|Leftovers|[from] move: Knock Off|[of] p2a: Landorus\n|move|p1a: Landorus|U-turn|p2a: Landorus\n|-resisted|p2a: Landorus\n|-damage|p2a: Landorus|93\/100\n|\n|t:|1649725907\n|switch|p1a: Corviknight|Corviknight, M|62\/100|[from]move: U-turn\n|-ability|p1a: Corviknight|Pressure\n|\n|-weather|Sandstorm|[upkeep]\n|-heal|p2a: Landorus|99\/100|[from] item: Leftovers\n|upkeep\n|turn|18\n|\n|t:|1649725919\n|switch|p2a: Tornadus|Tornadus-Therian, M|100\/100\n|move|p1a: Corviknight|Iron Defense|p1a: Corviknight\n|-boost|p1a: Corviknight|def|2\n|\n|-weather|Sandstorm|[upkeep]\n|-damage|p2a: Tornadus|94\/100|[from] Sandstorm\n|upkeep\n|turn|19\n|\n|t:|1649725924\n|switch|p1a: Tornadus|Tornadus-Therian, M|100\/100 brn\n|move|p2a: Tornadus|Defog|p1a: Tornadus\n|-unboost|p1a: Tornadus|evasion|1\n|-sideend|p2: Pinkacross|Stealth Rock|[from] move: Defog|[of] p2a: Tornadus\n|\n|-weather|none\n|-damage|p1a: Tornadus|94\/100 brn|[from] brn\n|upkeep\n|turn|20\n|\n|t:|1649725931\n|switch|p2a: Toxapex|Toxapex, F|68\/100\n|move|p1a: Tornadus|Hurricane|p2a: Toxapex\n|-damage|p2a: Toxapex|34\/100\n|\n|-damage|p1a: Tornadus|88\/100 brn|[from] brn\n|upkeep\n|turn|21\n|\n|t:|1649725936\n|switch|p2a: Tornadus|Tornadus-Therian, M|100\/100\n|move|p1a: Tornadus|Hurricane|p2a: Tornadus\n|-damage|p2a: Tornadus|61\/100\n|\n|-damage|p1a: Tornadus|82\/100 brn|[from] brn\n|upkeep\n|turn|22\n|\n|t:|1649725944\n|switch|p2a: Tyranitar|Tyranitar, M|94\/100\n|-weather|Sandstorm|[from] ability: Sand Stream|[of] p2a: Tyranitar\n|move|p1a: Tornadus|Knock Off|p2a: Tyranitar\n|-resisted|p2a: Tyranitar\n|-damage|p2a: Tyranitar|90\/100\n|-enditem|p2a: Tyranitar|Leftovers|[from] move: Knock Off|[of] p1a: Tornadus\n|\n|-weather|Sandstorm|[upkeep]\n|-damage|p1a: Tornadus|76\/100 brn|[from] Sandstorm\n|-damage|p1a: Tornadus|70\/100 brn|[from] brn\n|upkeep\n|turn|23\n|\n|t:|1649725952\n|move|p1a: Tornadus|U-turn|p2a: Tyranitar\n|-supereffective|p2a: Tyranitar\n|-crit|p2a: Tyranitar\n|-damage|p2a: Tyranitar|73\/100\n|\n|t:|1649725958\n|switch|p1a: Landorus|Landorus-Therian, M|73\/100|[from]move: U-turn\n|-ability|p1a: Landorus|Intimidate|boost\n|-unboost|p2a: Tyranitar|atk|1\n|move|p2a: Tyranitar|Stealth Rock|p1a: Landorus\n|-sidestart|p1: toomuchwatermeta|move: Stealth Rock\n|\n|-weather|Sandstorm|[upkeep]\n|upkeep\n|turn|24\n|\n|t:|1649725962\n|switch|p2a: Tornadus|Tornadus-Therian, M|94\/100\n|move|p1a: Landorus|Stealth Rock|p2a: Tornadus\n|-sidestart|p2: Pinkacross|move: Stealth Rock\n|\n|-weather|Sandstorm|[upkeep]\n|-damage|p2a: Tornadus|88\/100|[from] Sandstorm\n|upkeep\n|turn|25\n|\n|t:|1649725969\n|switch|p1a: Zapdos|Zapdos|100\/100\n|-ability|p1a: Zapdos|Pressure\n|move|p2a: Tornadus|Icy Wind|p1a: Zapdos\n|-supereffective|p1a: Zapdos\n|-damage|p1a: Zapdos|83\/100\n|-unboost|p1a: Zapdos|spe|1\n|\n|-weather|Sandstorm|[upkeep]\n|-damage|p2a: Tornadus|82\/100|[from] Sandstorm\n|-damage|p1a: Zapdos|77\/100|[from] Sandstorm\n|upkeep\n|turn|26\n|\n|t:|1649725976\n|switch|p2a: Landorus|Landorus-Therian, M|99\/100\n|-damage|p2a: Landorus|87\/100|[from] Stealth Rock\n|-ability|p2a: Landorus|Intimidate|boost\n|-unboost|p1a: Zapdos|atk|1\n|move|p1a: Zapdos|Toxic|p2a: Landorus|[miss]\n|-miss|p1a: Zapdos|p2a: Landorus\n|\n|-weather|none\n|-heal|p2a: Landorus|93\/100|[from] item: Leftovers\n|upkeep\n|turn|27\n|\n|t:|1649725983\n|move|p2a: Landorus|Knock Off|p1a: Zapdos\n|-damage|p1a: Zapdos|33\/100\n|-enditem|p1a: Zapdos|Heavy-Duty Boots|[from] move: Knock Off|[of] p2a: Landorus\n|move|p1a: Zapdos|Toxic|p2a: Landorus\n|-status|p2a: Landorus|tox\n|\n|-heal|p2a: Landorus|99\/100 tox|[from] item: Leftovers\n|-damage|p2a: Landorus|93\/100 tox|[from] psn\n|upkeep\n|turn|28\n|\n|t:|1649725991\n|switch|p1a: Corviknight|Corviknight, M|62\/100\n|-damage|p1a: Corviknight|49\/100|[from] Stealth Rock\n|-ability|p1a: Corviknight|Pressure\n|move|p2a: Landorus|Toxic|p1a: Corviknight|[miss]\n|-miss|p2a: Landorus|p1a: Corviknight\n|\n|-heal|p2a: Landorus|99\/100 tox|[from] item: Leftovers\n|-damage|p2a: Landorus|87\/100 tox|[from] psn\n|upkeep\n|turn|29\n|\n|t:|1649725997\n|switch|p2a: Magnezone|Magnezone|100\/100\n|-damage|p2a: Magnezone|94\/100|[from] Stealth Rock\n|move|p1a: Corviknight|Roost|p1a: Corviknight\n|-heal|p1a: Corviknight|99\/100\n|-singleturn|p1a: Corviknight|move: Roost\n|\n|upkeep\n|turn|30\n|\n|t:|1649726004\n|move|p2a: Magnezone|Volt Switch|p1a: Corviknight\n|-supereffective|p1a: Corviknight\n|-damage|p1a: Corviknight|0 fnt\n|faint|p1a: Corviknight\n|\n|t:|1649726016\n|switch|p2a: Tornadus|Tornadus-Therian, M|100\/100|[from]move: Volt Switch\n|\n|upkeep\n|\n|t:|1649726021\n|switch|p1a: Zapdos|Zapdos|33\/100\n|-damage|p1a: Zapdos|8\/100|[from] Stealth Rock\n|-ability|p1a: Zapdos|Pressure\n|turn|31\n|\n|t:|1649726024\n|move|p2a: Tornadus|Icy Wind|p1a: Zapdos\n|-supereffective|p1a: Zapdos\n|-damage|p1a: Zapdos|0 fnt\n|faint|p1a: Zapdos\n|\n|upkeep\n|c|\u2606toomuchwatermeta|gg\n|-message|toomuchwatermeta forfeited.\n|\n|win|Pinkacross\n|n|\u2606toomuchwatermeta|toomuchwatermeta\n|n|\u2606Pinkacross|pinkacross\n|n| psychoshawk|psychoshawk\n|n| Vampirism|vampirism\n|n| gewwge|gewwge\n|n| yaboiAshK.|yaboiashk\n|n| AlZev2002|alzev2002\n|n| Actutran|actutran\n|l|\u2606toomuchwatermeta\n|c|\u2606Pinkacross|gg\n|l| Vampirism\n","uploadtime":1649726039,"views":257,"p1id":"toomuchwatermeta","p2id":"pinkacross","formatid":"gen8ou","rating":0,"private":0,"password":null}