{"id":"gen8ou-1286894478","p1":"Fyrox","p2":"legitteambuilder","format":"gen8ou","log":"|j|\u2606Fyrox\n|j|\u2606legitteambuilder\n|inactive|Battle timer is ON: inactive players will automatically lose when time's up.\n|t:|1613924982\n|player|p1|Fyrox|wally|\n|player|p2|legitteambuilder|lance|\n|teamsize|p1|6\n|teamsize|p2|6\n|gametype|singles\n|gen|8\n|tier|[Gen 8] OU\n|rated|Tournament battle\n|clearpoke\n|poke|p1|Tapu Fini|\n|poke|p1|Heatran, M|\n|poke|p1|Rillaboom, M|\n|poke|p1|Nidoking, M|\n|poke|p1|Zapdos|\n|poke|p1|Blissey, F|\n|poke|p2|Garchomp, M|\n|poke|p2|Magearna|\n|poke|p2|Cinderace, M|\n|poke|p2|Landorus-Therian, M|\n|poke|p2|Ferrothorn, F|\n|poke|p2|Kartana|\n|rule|Sleep Clause Mod: Limit one foe put to sleep\n|rule|Species Clause: Limit one of each Pok\u00e9mon\n|rule|OHKO Clause: OHKO moves are banned\n|rule|Evasion Moves Clause: Evasion moves are banned\n|rule|Endless Battle Clause: Forcing endless battles is banned\n|rule|HP Percentage Mod: HP is shown in percentages\n|rule|Dynamax Clause: You cannot dynamax\n|teampreview\n|inactive|Fyrox also wants the timer to be on.\n|c|\u2606Fyrox|hf\n|c|\u2606legitteambuilder|u2\n|j| Datsko\n|\n|t:|1613924998\n|start\n|switch|p1a: Blissey|Blissey, F|100\/100\n|switch|p2a: EARFQUAKE|Landorus-Therian, M, shiny|100\/100\n|-ability|p2a: EARFQUAKE|Intimidate|boost\n|-unboost|p1a: Blissey|atk|1\n|turn|1\n|\n|t:|1613925000\n|move|p2a: EARFQUAKE|Knock Off|p1a: Blissey\n|-damage|p1a: Blissey|52\/100\n|-enditem|p1a: Blissey|Heavy-Duty Boots|[from] move: Knock Off|[of] p2a: EARFQUAKE\n|move|p1a: Blissey|Stealth Rock|p2a: EARFQUAKE\n|-sidestart|p2: legitteambuilder|move: Stealth Rock\n|\n|upkeep\n|turn|2\n|j| salmonelephant\n|j| Skill swapped\n|\n|t:|1613925007\n|switch|p2a: Bella Thorn|Ferrothorn, F, shiny|100\/100\n|-damage|p2a: Bella Thorn|94\/100|[from] Stealth Rock\n|move|p1a: Blissey|Soft-Boiled|p1a: Blissey\n|-heal|p1a: Blissey|100\/100\n|\n|upkeep\n|turn|3\n|\n|t:|1613925010\n|move|p2a: Bella Thorn|Stealth Rock|p1a: Blissey\n|-sidestart|p1: Fyrox|move: Stealth Rock\n|move|p1a: Blissey|Teleport|p1a: Blissey\n|j| maeve68\n|j| still I fly\n|\n|t:|1613925015\n|switch|p1a: Nidoking|Nidoking, M|100\/100|[from]move: Teleport\n|-damage|p1a: Nidoking|95\/100|[from] Stealth Rock\n|\n|upkeep\n|turn|4\n|j| kanika_emo\n|\n|t:|1613925026\n|move|p1a: Nidoking|Flamethrower|p2a: Bella Thorn\n|-supereffective|p2a: Bella Thorn\n|-damage|p2a: Bella Thorn|0 fnt\n|faint|p2a: Bella Thorn\n|\n|upkeep\n|\n|t:|1613925029\n|switch|p2a: OH U MAKE MY|Garchomp, M, shiny|100\/100\n|-damage|p2a: OH U MAKE MY|94\/100|[from] Stealth Rock\n|turn|5\n|\n|t:|1613925035\n|switch|p1a: Tapu Fini|Tapu Fini|100\/100\n|-damage|p1a: Tapu Fini|88\/100|[from] Stealth Rock\n|-fieldstart|move: Misty Terrain|[from] ability: Misty Surge|[of] p1a: Tapu Fini\n|move|p2a: OH U MAKE MY|Swords Dance|p2a: OH U MAKE MY\n|-boost|p2a: OH U MAKE MY|atk|2\n|\n|upkeep\n|turn|6\n|c| kanika_emo|why?\n|\n|t:|1613925041\n|move|p1a: Tapu Fini|Ice Beam|p2a: OH U MAKE MY\n|-supereffective|p2a: OH U MAKE MY\n|-damage|p2a: OH U MAKE MY|0 fnt\n|faint|p2a: OH U MAKE MY\n|\n|upkeep\n|\n|t:|1613925044\n|switch|p2a: Hammond|Magearna|100\/100\n|-damage|p2a: Hammond|94\/100|[from] Stealth Rock\n|turn|7\n|c| kanika_emo|why you will use the green hair boy as an avatar?\n|\n|t:|1613925048\n|switch|p1a: Nidoking|Nidoking, M|95\/100\n|-damage|p1a: Nidoking|89\/100|[from] Stealth Rock\n|move|p2a: Hammond|Volt Switch|p1a: Nidoking\n|-immune|p1a: Nidoking\n|\n|upkeep\n|turn|8\n|c| kanika_emo|you scare me man\n|-message|legitteambuilder forfeited.\n|\n|win|Fyrox\n|n|\u2606Fyrox|fyrox\n|n|\u2606legitteambuilder|legitteambuilder\n|n| Datsko|datsko\n|n| salmonelephant|salmonelephant\n|n| Skill swapped|skillswapped\n|n| maeve68|maeve68\n|n| still I fly|stillifly\n|n| kanika_emo|kanikaemo\n|l|\u2606legitteambuilder\n|c| kanika_emo|him too\n|c| kanika_emo|you see\n|l| Datsko\n|l| salmonelephant\n|l| Skill swapped\n|l| maeve68\n","uploadtime":1613925078,"views":40,"p1id":"fyrox","p2id":"legitteambuilder","formatid":"gen8ou","rating":0,"private":0,"password":null}