{"id":"gen8ou-1635859539","p1":"Tyranixz","p2":"CoconutCrabs","format":"gen8ou","log":"|j|\u2606Tyranixz\n|j|\u2606CoconutCrabs\n|t:|1660061984\n|gametype|singles\n|player|p1|Tyranixz|dawn|1682\n|player|p2|CoconutCrabs|chuck|1672\n|teamsize|p1|6\n|teamsize|p2|6\n|gen|8\n|tier|[Gen 8] OU\n|rated|\n|rule|Sleep Clause Mod: Limit one foe put to sleep\n|rule|Species Clause: Limit one of each Pok\u00e9mon\n|rule|OHKO Clause: OHKO moves are banned\n|rule|Evasion Items Clause: Evasion items are banned\n|rule|Evasion Moves Clause: Evasion moves are banned\n|rule|Endless Battle Clause: Forcing endless battles is banned\n|rule|HP Percentage Mod: HP is shown in percentages\n|rule|Dynamax Clause: You cannot dynamax\n|clearpoke\n|poke|p1|Ferrothorn, F|\n|poke|p1|Garchomp, M|\n|poke|p1|Zapdos|\n|poke|p1|Buzzwole|\n|poke|p1|Heatran, M|\n|poke|p1|Tapu Fini|\n|poke|p2|Urshifu-*, M|\n|poke|p2|Heatran, M|\n|poke|p2|Rotom-Wash|\n|poke|p2|Landorus-Therian, M|\n|poke|p2|Tapu Lele|\n|poke|p2|Weavile, F|\n|teampreview\n|inactive|Battle timer is ON: inactive players will automatically lose when time's up. (requested by CoconutCrabs)\n|inactive|Tyranixz also wants the timer to be on.\n|inactive|CoconutCrabs has 120 seconds left.\n|\n|t:|1660062029\n|start\n|switch|p1a: Tapu Fini|Tapu Fini|100\/100\n|switch|p2a: Rotom|Rotom-Wash|100\/100\n|-fieldstart|move: Misty Terrain|[from] ability: Misty Surge|[of] p1a: Tapu Fini\n|turn|1\n|\n|t:|1660062041\n|switch|p1a: Garchomp|Garchomp, M|100\/100\n|move|p2a: Rotom|Volt Switch|p1a: Garchomp\n|-immune|p1a: Garchomp\n|\n|upkeep\n|turn|2\n|\n|t:|1660062044\n|switch|p1a: Ferrothorn|Ferrothorn, F|100\/100\n|move|p2a: Rotom|Hydro Pump|p1a: Ferrothorn\n|-resisted|p1a: Ferrothorn\n|-damage|p1a: Ferrothorn|83\/100\n|\n|-heal|p1a: Ferrothorn|89\/100|[from] item: Leftovers\n|upkeep\n|turn|3\n|\n|t:|1660062049\n|move|p2a: Rotom|Volt Switch|p1a: Ferrothorn\n|-resisted|p1a: Ferrothorn\n|-damage|p1a: Ferrothorn|78\/100\n|\n|t:|1660062053\n|switch|p2a: Heatran|Heatran, M|100\/100|[from]move: Volt Switch\n|move|p1a: Ferrothorn|Spikes|p2a: Heatran\n|-sidestart|p2: CoconutCrabs|Spikes\n|\n|-heal|p1a: Ferrothorn|84\/100|[from] item: Leftovers\n|upkeep\n|turn|4\n|\n|t:|1660062056\n|switch|p1a: Garchomp|Garchomp, M|100\/100\n|move|p2a: Heatran|Stealth Rock|p1a: Garchomp\n|-sidestart|p1: Tyranixz|move: Stealth Rock\n|\n|upkeep\n|turn|5\n|\n|t:|1660062061\n|switch|p2a: Landorus|Landorus-Therian, M|100\/100\n|-ability|p2a: Landorus|Intimidate|boost\n|-unboost|p1a: Garchomp|atk|1\n|move|p1a: Garchomp|Stealth Rock|p2a: Landorus\n|-sidestart|p2: CoconutCrabs|move: Stealth Rock\n|\n|-fieldend|Misty Terrain\n|upkeep\n|turn|6\n|\n|t:|1660062071\n|switch|p1a: Buzzwole|Buzzwole|100\/100\n|-damage|p1a: Buzzwole|88\/100|[from] Stealth Rock\n|move|p2a: Landorus|Defog|p1a: Buzzwole\n|-unboost|p1a: Buzzwole|evasion|1\n|-sideend|p1: Tyranixz|Stealth Rock|[from] move: Defog|[of] p2a: Landorus\n|-sideend|p2: CoconutCrabs|Spikes|[from] move: Defog|[of] p2a: Landorus\n|-sideend|p2: CoconutCrabs|Stealth Rock|[from] move: Defog|[of] p2a: Landorus\n|\n|upkeep\n|turn|7\n|\n|t:|1660062080\n|switch|p2a: Heatran|Heatran, M|100\/100\n|move|p1a: Buzzwole|Close Combat|p2a: Heatran\n|-supereffective|p2a: Heatran\n|-damage|p2a: Heatran|0 fnt\n|-unboost|p1a: Buzzwole|def|1\n|-unboost|p1a: Buzzwole|spd|1\n|faint|p2a: Heatran\n|-ability|p1a: Buzzwole|Beast Boost|boost\n|-boost|p1a: Buzzwole|atk|1\n|\n|upkeep\n|\n|t:|1660062085\n|switch|p2a: Tapu Lele|Tapu Lele|100\/100\n|-fieldstart|move: Psychic Terrain|[from] ability: Psychic Surge|[of] p2a: Tapu Lele\n|turn|8\n|\n|t:|1660062093\n|switch|p1a: Ferrothorn|Ferrothorn, F|84\/100\n|move|p2a: Tapu Lele|Future Sight|p1a: Ferrothorn\n|-start|p2a: Tapu Lele|move: Future Sight\n|\n|-heal|p1a: Ferrothorn|91\/100|[from] item: Leftovers\n|upkeep\n|turn|9\n|\n|t:|1660062100\n|switch|p2a: Urshifu|Urshifu-Rapid-Strike, M|100\/100\n|move|p1a: Ferrothorn|Power Whip|p2a: Urshifu\n|-supereffective|p2a: Urshifu\n|-crit|p2a: Urshifu\n|-damage|p2a: Urshifu|0 fnt\n|faint|p2a: Urshifu\n|\n|-heal|p1a: Ferrothorn|97\/100|[from] item: Leftovers\n|upkeep\n|-message|CoconutCrabs forfeited.\n|\n|win|Tyranixz\n|raw|Tyranixz's rating: 1682 &rarr; <strong>1701<\/strong><br \/>(+19 for winning)\n|raw|CoconutCrabs's rating: 1672 &rarr; <strong>1653<\/strong><br \/>(-19 for losing)\n|l|\u2606CoconutCrabs\n||Ladder isn't responding, score probably updated but might not have (Request timeout).\n","uploadtime":1660062110,"views":44,"p1id":"tyranixz","p2id":"coconutcrabs","formatid":"gen8ou","rating":1653,"private":0,"password":null}