{"id":"gen8ou-1208832499","p1":"ezwz","p2":"sht tester","format":"gen8ou","log":"|j|\u2606ezwz\n|j|\u2606sht tester\n|t:|1603576351\n|player|p1|ezwz|youngster-gen4|1884\n|player|p2|sht tester|oak-gen1|1889\n|teamsize|p1|6\n|teamsize|p2|6\n|gametype|singles\n|gen|8\n|tier|[Gen 8] OU\n|rated|\n|clearpoke\n|poke|p1|Landorus-Therian, M|\n|poke|p1|Heatran, M|\n|poke|p1|Tapu Bulu|\n|poke|p1|Tapu Fini|\n|poke|p1|Urshifu-*, M|\n|poke|p1|Zapdos|\n|poke|p2|Thundurus-Therian, M|\n|poke|p2|Pelipper, F|\n|poke|p2|Barraskewda, M|\n|poke|p2|Volcanion|\n|poke|p2|Ferrothorn, F|\n|poke|p2|Genesect-Douse|\n|rule|Sleep Clause Mod: Limit one foe put to sleep\n|rule|Species Clause: Limit one of each Pok\u00e9mon\n|rule|OHKO Clause: OHKO moves are banned\n|rule|Evasion Moves Clause: Evasion moves are banned\n|rule|Endless Battle Clause: Forcing endless battles is banned\n|rule|HP Percentage Mod: HP is shown in percentages\n|rule|Dynamax Clause: You cannot dynamax\n|teampreview\n|j| aasdfasdhjksdg\n|j| DekuShootStyle25\n|\n|t:|1603576359\n|start\n|switch|p1a: Heatran|Heatran, M|100\/100\n|switch|p2a: Pelipper|Pelipper, F|100\/100\n|-weather|RainDance|[from] ability: Drizzle|[of] p2a: Pelipper\n|turn|1\n|j| BrothaOptions\n|\n|t:|1603576364\n|switch|p2a: Volcanion|Volcanion|100\/100\n|move|p1a: Heatran|Stealth Rock|p2a: Volcanion\n|-sidestart|p2: sht tester|move: Stealth Rock\n|\n|-weather|RainDance|[upkeep]\n|upkeep\n|turn|2\n|\n|t:|1603576381\n|switch|p1a: Landorus|Landorus-Therian, M|100\/100\n|-ability|p1a: Landorus|Intimidate|boost\n|-unboost|p2a: Volcanion|atk|1\n|move|p2a: Volcanion|Steam Eruption|p1a: Landorus\n|-supereffective|p1a: Landorus\n|-damage|p1a: Landorus|0 fnt\n|faint|p1a: Landorus\n|\n|-weather|RainDance|[upkeep]\n|upkeep\n|j| oreokek\n|l| oreokek\n|j| DYWY\u2740\n|\n|t:|1603576401\n|switch|p1a: Tapu Bulu|Tapu Bulu|100\/100\n|-fieldstart|move: Grassy Terrain|[from] ability: Grassy Surge|[of] p1a: Tapu Bulu\n|turn|3\n|j| tapu moxo\n|\n|t:|1603576406\n|move|p2a: Volcanion|Steam Eruption|p1a: Tapu Bulu|[miss]\n|-miss|p2a: Volcanion|p1a: Tapu Bulu\n|move|p1a: Tapu Bulu|Horn Leech|p2a: Volcanion\n|-damage|p2a: Volcanion|60\/100\n|\n|-weather|RainDance|[upkeep]\n|-heal|p2a: Volcanion|66\/100|[from] Grassy Terrain\n|upkeep\n|turn|4\n|\n|t:|1603576411\n|move|p2a: Volcanion|Steam Eruption|p1a: Tapu Bulu\n|-resisted|p1a: Tapu Bulu\n|-damage|p1a: Tapu Bulu|46\/100\n|move|p1a: Tapu Bulu|Horn Leech|p2a: Volcanion\n|-damage|p2a: Volcanion|25\/100\n|-heal|p1a: Tapu Bulu|64\/100|[from] drain|[of] p2a: Volcanion\n|\n|-weather|RainDance|[upkeep]\n|-heal|p2a: Volcanion|31\/100|[from] Grassy Terrain\n|-heal|p1a: Tapu Bulu|70\/100|[from] item: Leftovers\n|-heal|p1a: Tapu Bulu|76\/100|[from] Grassy Terrain\n|upkeep\n|turn|5\n|\n|t:|1603576415\n|move|p2a: Volcanion|Steam Eruption|p1a: Tapu Bulu\n|-resisted|p1a: Tapu Bulu\n|-damage|p1a: Tapu Bulu|26\/100\n|move|p1a: Tapu Bulu|Superpower|p2a: Volcanion\n|-damage|p2a: Volcanion|0 fnt\n|-unboost|p1a: Tapu Bulu|atk|1\n|-unboost|p1a: Tapu Bulu|def|1\n|faint|p2a: Volcanion\n|\n|-weather|RainDance|[upkeep]\n|-heal|p1a: Tapu Bulu|32\/100|[from] item: Leftovers\n|-heal|p1a: Tapu Bulu|39\/100|[from] Grassy Terrain\n|upkeep\n|\n|t:|1603576419\n|switch|p2a: Barraskewda|Barraskewda, M|100\/100\n|-damage|p2a: Barraskewda|88\/100|[from] Stealth Rock\n|turn|6\n|j| drivance\n|\n|t:|1603576431\n|move|p2a: Barraskewda|Liquidation|p1a: Tapu Bulu\n|-resisted|p1a: Tapu Bulu\n|-damage|p1a: Tapu Bulu|0 fnt\n|faint|p1a: Tapu Bulu\n|\n|-weather|RainDance|[upkeep]\n|-heal|p2a: Barraskewda|94\/100|[from] Grassy Terrain\n|upkeep\n|j| sorah01\n|\n|t:|1603576462\n|switch|p1a: Urshifu|Urshifu, M|100\/100\n|turn|7\n|\n|t:|1603576464\n|switch|p2a: Ferrothorn|Ferrothorn, F|100\/100\n|-damage|p2a: Ferrothorn|94\/100|[from] Stealth Rock\n|move|p1a: Urshifu|Sucker Punch||[still]\n|-fail|p1a: Urshifu\n|\n|-weather|RainDance|[upkeep]\n|-heal|p2a: Ferrothorn|100\/100|[from] Grassy Terrain\n|-fieldend|move: Grassy Terrain\n|upkeep\n|turn|8\n|\n|t:|1603576468\n|move|p1a: Urshifu|Close Combat|p2a: Ferrothorn\n|-supereffective|p2a: Ferrothorn\n|-enditem|p2a: Ferrothorn|Chople Berry|[eat]\n|-enditem|p2a: Ferrothorn|Chople Berry|[weaken]\n|-damage|p2a: Ferrothorn|37\/100\n|-unboost|p1a: Urshifu|def|1\n|-unboost|p1a: Urshifu|spd|1\n|-damage|p1a: Urshifu|88\/100|[from] ability: Iron Barbs|[of] p2a: Ferrothorn\n|-damage|p1a: Urshifu|78\/100|[from] item: Life Orb\n|move|p2a: Ferrothorn|Stealth Rock|p1a: Urshifu\n|-sidestart|p1: ezwz|move: Stealth Rock\n|\n|-weather|none\n|upkeep\n|turn|9\n|\n|t:|1603576480\n|move|p1a: Urshifu|Close Combat|p2a: Ferrothorn\n|-supereffective|p2a: Ferrothorn\n|-damage|p2a: Ferrothorn|0 fnt\n|-unboost|p1a: Urshifu|def|1\n|-unboost|p1a: Urshifu|spd|1\n|-damage|p1a: Urshifu|66\/100|[from] ability: Iron Barbs|[of] p2a: Ferrothorn\n|-damage|p1a: Urshifu|56\/100|[from] item: Life Orb\n|faint|p2a: Ferrothorn\n|\n|upkeep\n|\n|t:|1603576489\n|switch|p2a: Barraskewda|Barraskewda, M|94\/100\n|-damage|p2a: Barraskewda|82\/100|[from] Stealth Rock\n|turn|10\n|\n|t:|1603576493\n|switch|p1a: Zapdos|Zapdos|100\/100\n|move|p2a: Barraskewda|Aqua Jet|p1a: Zapdos\n|-damage|p1a: Zapdos|78\/100\n|-status|p2a: Barraskewda|par|[from] ability: Static|[of] p1a: Zapdos\n|\n|upkeep\n|turn|11\n|\n|t:|1603576501\n|switch|p2a: Pelipper|Pelipper, F|100\/100\n|-damage|p2a: Pelipper|76\/100|[from] Stealth Rock\n|-weather|RainDance|[from] ability: Drizzle|[of] p2a: Pelipper\n|move|p1a: Zapdos|Heat Wave|p2a: Pelipper\n|-resisted|p2a: Pelipper\n|-damage|p2a: Pelipper|68\/100\n|\n|-weather|RainDance|[upkeep]\n|upkeep\n|turn|12\n|\n|t:|1603576504\n|switch|p2a: Thundurus|Thundurus-Therian, M|100\/100\n|move|p1a: Zapdos|Toxic|p2a: Thundurus\n|-status|p2a: Thundurus|tox\n|\n|-weather|RainDance|[upkeep]\n|-damage|p2a: Thundurus|94\/100 tox|[from] psn\n|upkeep\n|turn|13\n|\n|t:|1603576509\n|move|p2a: Thundurus|Thunder|p1a: Zapdos\n|-damage|p1a: Zapdos|20\/100\n|move|p1a: Zapdos|Roost|p1a: Zapdos\n|-heal|p1a: Zapdos|70\/100\n|-singleturn|p1a: Zapdos|move: Roost\n|\n|-weather|RainDance|[upkeep]\n|-damage|p2a: Thundurus|82\/100 tox|[from] psn\n|upkeep\n|turn|14\n|\n|t:|1603576520\n|move|p2a: Thundurus|Nasty Plot|p2a: Thundurus\n|-boost|p2a: Thundurus|spa|2\n|move|p1a: Zapdos|Roost|p1a: Zapdos\n|-heal|p1a: Zapdos|100\/100\n|-singleturn|p1a: Zapdos|move: Roost\n|\n|-weather|RainDance|[upkeep]\n|-damage|p2a: Thundurus|64\/100 tox|[from] psn\n|upkeep\n|turn|15\n|\n|t:|1603576533\n|switch|p1a: Heatran|Heatran, M|100\/100\n|-damage|p1a: Heatran|88\/100|[from] Stealth Rock\n|move|p2a: Thundurus|Thunder|p1a: Heatran\n|-damage|p1a: Heatran|11\/100\n|\n|-weather|RainDance|[upkeep]\n|-heal|p1a: Heatran|17\/100|[from] item: Leftovers\n|-damage|p2a: Thundurus|40\/100 tox|[from] psn\n|upkeep\n|turn|16\n|\n|t:|1603576536\n|move|p2a: Thundurus|Thunder|p1a: Heatran\n|-crit|p1a: Heatran\n|-damage|p1a: Heatran|0 fnt\n|faint|p1a: Heatran\n|\n|-weather|RainDance|[upkeep]\n|-damage|p2a: Thundurus|10\/100 tox|[from] psn\n|upkeep\n|\n|t:|1603576539\n|switch|p1a: Urshifu|Urshifu, M|56\/100\n|-damage|p1a: Urshifu|50\/100|[from] Stealth Rock\n|turn|17\n|\n|t:|1603576541\n|move|p1a: Urshifu|Sucker Punch|p2a: Thundurus\n|-damage|p2a: Thundurus|0 fnt\n|-damage|p1a: Urshifu|40\/100|[from] item: Life Orb\n|faint|p2a: Thundurus\n|\n|-weather|RainDance|[upkeep]\n|upkeep\n|\n|t:|1603576544\n|switch|p2a: Barraskewda|Barraskewda, M|82\/100 par\n|-damage|p2a: Barraskewda|70\/100 par|[from] Stealth Rock\n|turn|18\n|\n|t:|1603576549\n|move|p2a: Barraskewda|Aqua Jet|p1a: Urshifu\n|-damage|p1a: Urshifu|0 fnt\n|faint|p1a: Urshifu\n|\n|-weather|none\n|upkeep\n|\n|t:|1603576552\n|switch|p1a: Tapu Fini|Tapu Fini|100\/100\n|-damage|p1a: Tapu Fini|88\/100|[from] Stealth Rock\n|-fieldstart|move: Misty Terrain|[from] ability: Misty Surge|[of] p1a: Tapu Fini\n|turn|19\n|\n|t:|1603576554\n|switch|p2a: Pelipper|Pelipper, F|68\/100\n|-damage|p2a: Pelipper|44\/100|[from] Stealth Rock\n|-weather|RainDance|[from] ability: Drizzle|[of] p2a: Pelipper\n|move|p1a: Tapu Fini|Calm Mind|p1a: Tapu Fini\n|-boost|p1a: Tapu Fini|spa|1\n|-boost|p1a: Tapu Fini|spd|1\n|\n|-weather|RainDance|[upkeep]\n|-heal|p1a: Tapu Fini|94\/100|[from] item: Leftovers\n|upkeep\n|turn|20\n|\n|t:|1603576556\n|move|p1a: Tapu Fini|Substitute|p1a: Tapu Fini\n|-start|p1a: Tapu Fini|Substitute\n|-damage|p1a: Tapu Fini|69\/100\n|move|p2a: Pelipper|U-turn|p1a: Tapu Fini\n|-resisted|p1a: Tapu Fini\n|-activate|p1a: Tapu Fini|move: Substitute|[damage]\n|\n|t:|1603576558\n|switch|p2a: Barraskewda|Barraskewda, M|70\/100 par|[from]move: U-turn\n|-damage|p2a: Barraskewda|58\/100 par|[from] Stealth Rock\n|\n|-weather|RainDance|[upkeep]\n|-heal|p1a: Tapu Fini|75\/100|[from] item: Leftovers\n|upkeep\n|turn|21\n|\n|t:|1603576562\n|move|p2a: Barraskewda|Liquidation|p1a: Tapu Fini\n|-resisted|p1a: Tapu Fini\n|-end|p1a: Tapu Fini|Substitute\n|move|p1a: Tapu Fini|Draining Kiss|p2a: Barraskewda\n|-damage|p2a: Barraskewda|0 fnt\n|-heal|p1a: Tapu Fini|100\/100|[from] drain|[of] p2a: Barraskewda\n|faint|p2a: Barraskewda\n|\n|-weather|RainDance|[upkeep]\n|upkeep\n|\n|t:|1603576565\n|switch|p2a: Genesect|Genesect-Douse, shiny|100\/100\n|-damage|p2a: Genesect|88\/100|[from] Stealth Rock\n|-ability|p2a: Genesect|Download|boost\n|-boost|p2a: Genesect|atk|1\n|turn|22\n|l| tapu moxo\n|\n|t:|1603576571\n|move|p2a: Genesect|Thunder|p1a: Tapu Fini\n|-supereffective|p1a: Tapu Fini\n|-damage|p1a: Tapu Fini|60\/100\n|move|p1a: Tapu Fini|Scald|p2a: Genesect\n|-damage|p2a: Genesect|0 fnt\n|faint|p2a: Genesect\n|\n|-weather|RainDance|[upkeep]\n|-heal|p1a: Tapu Fini|66\/100|[from] item: Leftovers\n|upkeep\n|\n|t:|1603576573\n|switch|p2a: Pelipper|Pelipper, F|44\/100\n|-damage|p2a: Pelipper|19\/100|[from] Stealth Rock\n|turn|23\n|\n|t:|1603576577\n|move|p1a: Tapu Fini|Draining Kiss|p2a: Pelipper\n|-damage|p2a: Pelipper|0 fnt\n|-heal|p1a: Tapu Fini|79\/100|[from] drain|[of] p2a: Pelipper\n|faint|p2a: Pelipper\n|\n|win|ezwz\n|c|\u2606sht tester|gg\n|c|\u2606ezwz|gg\n","uploadtime":1603576588,"views":296,"p1id":"ezwz","p2id":"shttester","formatid":"gen8ou","rating":0,"private":0,"password":null}