{"id":"gen8ou-1628317914","p1":"LT91BB ScarW","p2":"antarctozolt","format":"gen8ou","log":"|raw|<div class=\"broadcast-blue\"><strong>This battle is required to be public due to a player having a name starting with 'lt91bb'.<\/div>\n|j|\u2606LT91BB ScarW\n|j|\u2606antarctozolt\n|t:|1659156579\n|gametype|singles\n|player|p1|LT91BB ScarW|cynthia-masters|1860\n|player|p2|antarctozolt|skier|1904\n|teamsize|p1|6\n|teamsize|p2|6\n|gen|8\n|tier|[Gen 8] OU\n|rated|\n|rule|Sleep Clause Mod: Limit one foe put to sleep\n|rule|Species Clause: Limit one of each Pok\u00e9mon\n|rule|OHKO Clause: OHKO moves are banned\n|rule|Evasion Moves Clause: Evasion moves are banned\n|rule|Endless Battle Clause: Forcing endless battles is banned\n|rule|HP Percentage Mod: HP is shown in percentages\n|rule|Dynamax Clause: You cannot dynamax\n|clearpoke\n|poke|p1|Dragapult, M|\n|poke|p1|Bisharp, M|\n|poke|p1|Aegislash, M|\n|poke|p1|Rillaboom, M|\n|poke|p1|Blaziken, M|\n|poke|p1|Kartana|\n|poke|p2|Cresselia, F|\n|poke|p2|Clefable, M|\n|poke|p2|Quagsire, F|\n|poke|p2|Skarmory, M|\n|poke|p2|Zapdos|\n|poke|p2|Toxapex, F|\n|teampreview\n|inactive|Battle timer is ON: inactive players will automatically lose when time's up. (requested by LT91BB ScarW)\n|j| stenrn\n|j| Mimikyu Stardust\n|j| Barracades\n|j| Confusien\n|inactive|LT91BB ScarW has 120 seconds left.\n|\n|t:|1659156626\n|start\n|switch|p1a: Bishop|Bisharp, M, shiny|100\/100\n|switch|p2a: Skarmory|Skarmory, M|100\/100\n|turn|1\n|\n|t:|1659156631\n|move|p1a: Bishop|Stealth Rock|p2a: Skarmory\n|-sidestart|p2: antarctozolt|move: Stealth Rock\n|move|p2a: Skarmory|Spikes|p1a: Bishop\n|-sidestart|p1: LT91BB ScarW|Spikes\n|\n|upkeep\n|turn|2\n|\n|t:|1659156633\n|move|p1a: Bishop|Knock Off|p2a: Skarmory\n|-damage|p2a: Skarmory|71\/100\n|-enditem|p2a: Skarmory|Shed Shell|[from] move: Knock Off|[of] p1a: Bishop\n|move|p2a: Skarmory|Body Press|p1a: Bishop\n|-supereffective|p1a: Bishop\n|-crit|p1a: Bishop\n|-enditem|p1a: Bishop|Focus Sash\n|-damage|p1a: Bishop|1\/100\n|\n|upkeep\n|turn|3\n|j| LT91BB Tace\n|l| LT91BB Tace\n|j|+spoo\n|\n|t:|1659156644\n|switch|p1a: Destroyer|Blaziken, M, shiny|100\/100\n|-damage|p1a: Destroyer|88\/100|[from] Spikes\n|move|p2a: Skarmory|Roost|p2a: Skarmory\n|-heal|p2a: Skarmory|100\/100\n|-singleturn|p2a: Skarmory|move: Roost\n|\n|upkeep\n|turn|4\n|\n|t:|1659156671\n|switch|p2a: Toxapex|Toxapex, F|100\/100\n|-damage|p2a: Toxapex|88\/100|[from] Stealth Rock\n|move|p1a: Destroyer|Swords Dance|p1a: Destroyer\n|-boost|p1a: Destroyer|atk|2\n|\n|-ability|p1a: Destroyer|Speed Boost|boost\n|-boost|p1a: Destroyer|spe|1\n|upkeep\n|turn|5\n|j| LT91BB qtipsa\n|\n|t:|1659156677\n|move|p1a: Destroyer|Flare Blitz|p2a: Toxapex\n|-resisted|p2a: Toxapex\n|-damage|p2a: Toxapex|25\/100\n|-damage|p1a: Destroyer|67\/100|[from] Recoil\n|-damage|p1a: Destroyer|57\/100|[from] item: Life Orb\n|move|p2a: Toxapex|Toxic|p1a: Destroyer\n|-status|p1a: Destroyer|tox\n|\n|-damage|p1a: Destroyer|51\/100 tox|[from] psn\n|-ability|p1a: Destroyer|Speed Boost|boost\n|-boost|p1a: Destroyer|spe|1\n|upkeep\n|turn|6\n|\n|t:|1659156682\n|switch|p2a: Cresselia|Cresselia, F|100\/100\n|-damage|p2a: Cresselia|88\/100|[from] Stealth Rock\n|move|p1a: Destroyer|Close Combat|p2a: Cresselia\n|-resisted|p2a: Cresselia\n|-damage|p2a: Cresselia|32\/100\n|-unboost|p1a: Destroyer|def|1\n|-unboost|p1a: Destroyer|spd|1\n|-damage|p1a: Destroyer|41\/100 tox|[from] item: Life Orb\n|\n|-heal|p2a: Cresselia|38\/100|[from] item: Leftovers\n|-damage|p1a: Destroyer|29\/100 tox|[from] psn\n|-ability|p1a: Destroyer|Speed Boost|boost\n|-boost|p1a: Destroyer|spe|1\n|upkeep\n|turn|7\n|\n|t:|1659156686\n|move|p2a: Cresselia|Protect|p2a: Cresselia\n|-singleturn|p2a: Cresselia|Protect\n|move|p1a: Destroyer|Close Combat|p2a: Cresselia\n|-activate|p2a: Cresselia|move: Protect\n|\n|-heal|p2a: Cresselia|44\/100|[from] item: Leftovers\n|-damage|p1a: Destroyer|11\/100 tox|[from] psn\n|-ability|p1a: Destroyer|Speed Boost|boost\n|-boost|p1a: Destroyer|spe|1\n|upkeep\n|turn|8\n|\n|t:|1659156691\n|move|p2a: Cresselia|Protect||[still]\n|-fail|p2a: Cresselia\n|move|p1a: Destroyer|Flare Blitz|p2a: Cresselia\n|-damage|p2a: Cresselia|0 fnt\n|faint|p2a: Cresselia\n|-damage|p1a: Destroyer|0 fnt|[from] Recoil\n|faint|p1a: Destroyer\n|\n|upkeep\n|j| lt91bb aqua\n|j| 257m\n|\n|t:|1659156707\n|switch|p1a: Achilles|Aegislash, M, shiny|100\/100\n|switch|p2a: Zapdos|Zapdos|100\/100\n|-ability|p2a: Zapdos|Pressure\n|-damage|p1a: Achilles|88\/100|[from] Spikes\n|turn|9\n|\n|t:|1659156710\n|switch|p1a: Bishop|Bisharp, M, shiny|1\/100\n|-damage|p1a: Bishop|0 fnt|[from] Spikes\n|faint|p1a: Bishop\n|move|p2a: Zapdos|Volt Switch|p1: Bishop|[notarget]\n|-fail|p2a: Zapdos\n|\n|upkeep\n|\n|t:|1659156715\n|switch|p1a: Leviathan|Dragapult, M, shiny|100\/100\n|-damage|p1a: Leviathan|88\/100|[from] Spikes\n|turn|10\n|\n|t:|1659156718\n|move|p1a: Leviathan|Dragon Dance|p1a: Leviathan\n|-boost|p1a: Leviathan|atk|1\n|-boost|p1a: Leviathan|spe|1\n|move|p2a: Zapdos|Volt Switch|p1a: Leviathan\n|-resisted|p1a: Leviathan\n|-damage|p1a: Leviathan|70\/100\n|l| 257m\n|inactive|antarctozolt has 120 seconds left.\n|\n|t:|1659156764\n|switch|p2a: Clefable|Clefable, M|100\/100|[from]move: Volt Switch\n|\n|upkeep\n|turn|11\n|l| lt91bb aqua\n|\n|t:|1659156768\n|move|p1a: Leviathan|Phantom Force||[still]\n|-prepare|p1a: Leviathan|Phantom Force\n|move|p2a: Clefable|Stealth Rock|p1a: Leviathan\n|-sidestart|p1: LT91BB ScarW|move: Stealth Rock\n|\n|upkeep\n|turn|12\n|\n|t:|1659156770\n|move|p1a: Leviathan|Phantom Force|p2a: Clefable|[from]lockedmove\n|-damage|p2a: Clefable|12\/100\n|-damage|p1a: Leviathan|60\/100|[from] item: Life Orb\n|move|p2a: Clefable|Moonblast|p1a: Leviathan\n|-supereffective|p1a: Leviathan\n|-damage|p1a: Leviathan|0 fnt\n|faint|p1a: Leviathan\n|\n|upkeep\n|\n|t:|1659156780\n|switch|p1a: Deathstroke|Kartana, shiny|100\/100\n|-damage|p1a: Deathstroke|88\/100|[from] Spikes\n|-damage|p1a: Deathstroke|82\/100|[from] Stealth Rock\n|turn|13\n|\n|t:|1659156791\n|move|p1a: Deathstroke|Leaf Blade|p2a: Clefable\n|-damage|p2a: Clefable|0 fnt\n|faint|p2a: Clefable\n|-ability|p1a: Deathstroke|Beast Boost|boost\n|-boost|p1a: Deathstroke|atk|1\n|\n|upkeep\n|\n|t:|1659156794\n|switch|p2a: Skarmory|Skarmory, M|100\/100\n|-damage|p2a: Skarmory|88\/100|[from] Stealth Rock\n|turn|14\n|j| savx\n|\n|t:|1659156799\n|switch|p1a: Achilles|Aegislash, M, shiny|88\/100\n|-damage|p1a: Achilles|76\/100|[from] Spikes\n|-damage|p1a: Achilles|69\/100|[from] Stealth Rock\n|move|p2a: Skarmory|Spikes|p1a: Achilles\n|-sidestart|p1: LT91BB ScarW|Spikes\n|\n|upkeep\n|turn|15\n|\n|t:|1659156805\n|switch|p2a: Quagsire|Quagsire, F|100\/100\n|-damage|p2a: Quagsire|94\/100|[from] Stealth Rock\n|switch|p1a: Kong|Rillaboom, M, shiny|100\/100\n|-damage|p1a: Kong|84\/100|[from] Spikes\n|-damage|p1a: Kong|72\/100|[from] Stealth Rock\n|-fieldstart|move: Grassy Terrain|[from] ability: Grassy Surge|[of] p1a: Kong\n|\n|-heal|p1a: Kong|78\/100|[from] Grassy Terrain\n|-heal|p2a: Quagsire|100\/100|[from] Grassy Terrain\n|upkeep\n|turn|16\n|\n|t:|1659156810\n|switch|p2a: Zapdos|Zapdos|100\/100\n|-ability|p2a: Zapdos|Pressure\n|move|p1a: Kong|Swords Dance|p1a: Kong\n|-boost|p1a: Kong|atk|2\n|\n|-heal|p1a: Kong|84\/100|[from] Grassy Terrain\n|upkeep\n|turn|17\n|l| Mimikyu Stardust\n|\n|t:|1659156814\n|move|p1a: Kong|Wood Hammer|p2a: Zapdos\n|-resisted|p2a: Zapdos\n|-damage|p2a: Zapdos|0 fnt\n|faint|p2a: Zapdos\n|-damage|p1a: Kong|47\/100|[from] Recoil\n|-damage|p1a: Kong|37\/100|[from] item: Life Orb\n|\n|-heal|p1a: Kong|43\/100|[from] Grassy Terrain\n|upkeep\n|\n|t:|1659156826\n|switch|p2a: Skarmory|Skarmory, M|88\/100\n|-damage|p2a: Skarmory|76\/100|[from] Stealth Rock\n|turn|18\n|\n|t:|1659156829\n|move|p1a: Kong|Superpower|p2a: Skarmory\n|-damage|p2a: Skarmory|14\/100\n|-unboost|p1a: Kong|atk|1\n|-unboost|p1a: Kong|def|1\n|-damage|p1a: Kong|33\/100|[from] item: Life Orb\n|move|p2a: Skarmory|Roost|p2a: Skarmory\n|-heal|p2a: Skarmory|64\/100\n|-singleturn|p2a: Skarmory|move: Roost\n|\n|-heal|p1a: Kong|40\/100|[from] Grassy Terrain\n|-heal|p2a: Skarmory|70\/100|[from] Grassy Terrain\n|upkeep\n|turn|19\n|\n|t:|1659156838\n|move|p1a: Kong|Swords Dance|p1a: Kong\n|-boost|p1a: Kong|atk|2\n|move|p2a: Skarmory|Body Press|p1a: Kong\n|-damage|p1a: Kong|0 fnt\n|faint|p1a: Kong\n|\n|-fieldend|move: Grassy Terrain\n|upkeep\n|\n|t:|1659156841\n|switch|p1a: Achilles|Aegislash, M, shiny|69\/100\n|-damage|p1a: Achilles|53\/100|[from] Spikes\n|-damage|p1a: Achilles|47\/100|[from] Stealth Rock\n|turn|20\n|\n|t:|1659156847\n|switch|p2a: Quagsire|Quagsire, F|100\/100\n|-damage|p2a: Quagsire|94\/100|[from] Stealth Rock\n|switch|p1a: Deathstroke|Kartana, shiny|82\/100\n|-damage|p1a: Deathstroke|65\/100|[from] Spikes\n|-damage|p1a: Deathstroke|59\/100|[from] Stealth Rock\n|\n|-heal|p2a: Quagsire|100\/100|[from] item: Leftovers\n|upkeep\n|turn|21\n|j| tapu moxo\n|\n|t:|1659156851\n|switch|p2a: Toxapex|Toxapex, F|58\/100\n|-damage|p2a: Toxapex|46\/100|[from] Stealth Rock\n|move|p1a: Deathstroke|Sacred Sword|p2a: Toxapex\n|-resisted|p2a: Toxapex\n|-damage|p2a: Toxapex|31\/100\n|\n|upkeep\n|turn|22\n|\n|t:|1659156854\n|switch|p1a: Achilles|Aegislash, M, shiny|47\/100\n|-damage|p1a: Achilles|30\/100|[from] Spikes\n|-damage|p1a: Achilles|24\/100|[from] Stealth Rock\n|move|p2a: Toxapex|Recover|p2a: Toxapex\n|-heal|p2a: Toxapex|81\/100\n|\n|upkeep\n|turn|23\n|\n|t:|1659156860\n|switch|p2a: Quagsire|Quagsire, F|100\/100\n|-damage|p2a: Quagsire|94\/100|[from] Stealth Rock\n|-formechange|p1a: Achilles|Aegislash-Blade||[from] ability: Stance Change\n|move|p1a: Achilles|Shadow Claw|p2a: Quagsire\n|-damage|p2a: Quagsire|65\/100\n|\n|-heal|p2a: Quagsire|71\/100|[from] item: Leftovers\n|upkeep\n|turn|24\n|\n|t:|1659156866\n|switch|p1a: Deathstroke|Kartana, shiny|59\/100\n|-damage|p1a: Deathstroke|43\/100|[from] Spikes\n|-damage|p1a: Deathstroke|36\/100|[from] Stealth Rock\n|move|p2a: Quagsire|Recover|p2a: Quagsire\n|-heal|p2a: Quagsire|100\/100\n|\n|upkeep\n|turn|25\n|\n|t:|1659156871\n|switch|p2a: Toxapex|Toxapex, F|100\/100\n|-damage|p2a: Toxapex|88\/100|[from] Stealth Rock\n|move|p1a: Deathstroke|Leaf Blade|p2a: Toxapex\n|-damage|p2a: Toxapex|40\/100\n|\n|upkeep\n|turn|26\n|\n|t:|1659156875\n|move|p1a: Deathstroke|Leaf Blade|p2a: Toxapex\n|-crit|p2a: Toxapex\n|-damage|p2a: Toxapex|0 fnt\n|faint|p2a: Toxapex\n|-ability|p1a: Deathstroke|Beast Boost|boost\n|-boost|p1a: Deathstroke|atk|1\n|\n|upkeep\n|\n|t:|1659156876\n|switch|p2a: Skarmory|Skarmory, M|70\/100\n|-damage|p2a: Skarmory|57\/100|[from] Stealth Rock\n|turn|27\n|\n|t:|1659156883\n|switch|p1a: Achilles|Aegislash, M, shiny|24\/100\n|-damage|p1a: Achilles|7\/100|[from] Spikes\n|-damage|p1a: Achilles|1\/100|[from] Stealth Rock\n|move|p2a: Skarmory|Roost|p2a: Skarmory\n|-heal|p2a: Skarmory|100\/100\n|-singleturn|p2a: Skarmory|move: Roost\n|\n|upkeep\n|turn|28\n|j| LT91BB Lock\n|j| Mimikyu Stardust\n|inactive|antarctozolt has 120 seconds left.\n|l|\u2606antarctozolt\n|inactive|antarctozolt disconnected and has a minute to reconnect!\n|player|p2|\n|j| LT91BB yeufer\n|j| YuhNinja\n|j|\u2606antarctozolt\n|inactive|antarctozolt reconnected and has 100 seconds left.\n|player|p2|antarctozolt|skier\n|inactive|antarctozolt has 90 seconds left.\n|\n|t:|1659156944\n|switch|p2a: Quagsire|Quagsire, F|100\/100\n|-damage|p2a: Quagsire|94\/100|[from] Stealth Rock\n|-formechange|p1a: Achilles|Aegislash-Blade||[from] ability: Stance Change\n|move|p1a: Achilles|Shadow Claw|p2a: Quagsire\n|-damage|p2a: Quagsire|63\/100\n|\n|-heal|p2a: Quagsire|69\/100|[from] item: Leftovers\n|upkeep\n|turn|29\n|c| YuhNinja|GG\n|\n|t:|1659156948\n|move|p1a: Achilles|Shadow Claw|p2a: Quagsire\n|-damage|p2a: Quagsire|38\/100\n|move|p2a: Quagsire|Scald|p1a: Achilles\n|-damage|p1a: Achilles|0 fnt\n|faint|p1a: Achilles\n|\n|-heal|p2a: Quagsire|44\/100|[from] item: Leftovers\n|upkeep\n|\n|t:|1659156951\n|switch|p1a: Deathstroke|Kartana, shiny|36\/100\n|-damage|p1a: Deathstroke|20\/100|[from] Spikes\n|-damage|p1a: Deathstroke|14\/100|[from] Stealth Rock\n|turn|30\n|l| tapu moxo\n|\n|t:|1659156960\n|move|p1a: Deathstroke|Sacred Sword|p2a: Quagsire\n|-damage|p2a: Quagsire|14\/100\n|move|p2a: Quagsire|Scald|p1a: Deathstroke\n|-resisted|p1a: Deathstroke\n|-damage|p1a: Deathstroke|0 fnt\n|faint|p1a: Deathstroke\n|\n|win|antarctozolt\n|raw|LT91BB ScarW's rating: 1860 &rarr; <strong>1843<\/strong><br \/>(-17 for losing)\n|raw|antarctozolt's rating: 1904 &rarr; <strong>1921<\/strong><br \/>(+17 for winning)\n|l|\u2606LT91BB ScarW\n|c|\u2606antarctozolt|gg\n|l|\u2606antarctozolt\n|l| YuhNinja\n|l| LT91BB Lock\n|j| lt91bb star\n|l| Barracades\n","uploadtime":1659156965,"views":148,"p1id":"lt91bbscarw","p2id":"antarctozolt","formatid":"gen8ou","rating":1843,"private":0,"password":null}