{"id":"gen8ou-1680688092","p1":"quixana","p2":"precious jimmy","format":"gen8ou","log":"|j|\u2606quixana\n|j|\u2606precious jimmy\n|t:|1665227165\n|gametype|singles\n|player|p1|quixana|ethan-pokeathlon|1814\n|player|p2|precious jimmy|pokemaniac|1761\n|teamsize|p1|6\n|teamsize|p2|6\n|gen|8\n|tier|[Gen 8] OU\n|rated|\n|rule|Sleep Clause Mod: Limit one foe put to sleep\n|rule|Species Clause: Limit one of each Pok\u00e9mon\n|rule|OHKO Clause: OHKO moves are banned\n|rule|Evasion Items Clause: Evasion items are banned\n|rule|Evasion Moves Clause: Evasion moves are banned\n|rule|Endless Battle Clause: Forcing endless battles is banned\n|rule|HP Percentage Mod: HP is shown in percentages\n|rule|Dynamax Clause: You cannot dynamax\n|clearpoke\n|poke|p1|Heatran, F|\n|poke|p1|Weavile, F|\n|poke|p1|Buzzwole|\n|poke|p1|Tapu Lele|\n|poke|p1|Seismitoad, F|\n|poke|p1|Corviknight, M|\n|poke|p2|Zapdos-Galar|\n|poke|p2|Tyranitar, F|\n|poke|p2|Landorus-Therian, M|\n|poke|p2|Tapu Lele|\n|poke|p2|Celesteela|\n|poke|p2|Volcanion|\n|teampreview\n|inactive|Battle timer is ON: inactive players will automatically lose when time's up. (requested by precious jimmy)\n|inactive|quixana has 120 seconds left.\n|\n|t:|1665227199\n|start\n|switch|p1a: Sanji|Corviknight, M|100\/100\n|switch|p2a: Landorus|Landorus-Therian, M|100\/100\n|-ability|p2a: Landorus|Intimidate|boost\n|-unboost|p1a: Sanji|atk|1\n|-ability|p1a: Sanji|Pressure\n|turn|1\n|\n|t:|1665227203\n|move|p2a: Landorus|Knock Off|p1a: Sanji\n|-damage|p1a: Sanji|80\/100\n|-damage|p2a: Landorus|84\/100|[from] item: Rocky Helmet|[of] p1a: Sanji\n|-enditem|p1a: Sanji|Rocky Helmet|[from] move: Knock Off|[of] p2a: Landorus\n|move|p1a: Sanji|Brave Bird|p2a: Landorus\n|-damage|p2a: Landorus|61\/100\n|-damage|p1a: Sanji|73\/100|[from] Recoil\n|\n|upkeep\n|turn|2\n|\n|t:|1665227214\n|move|p2a: Landorus|Stealth Rock|p1a: Sanji\n|-sidestart|p1: quixana|move: Stealth Rock\n|move|p1a: Sanji|Roost|p1a: Sanji\n|-heal|p1a: Sanji|100\/100\n|-singleturn|p1a: Sanji|move: Roost\n|\n|upkeep\n|turn|3\n|\n|t:|1665227217\n|move|p2a: Landorus|Knock Off|p1a: Sanji\n|-damage|p1a: Sanji|86\/100\n|move|p1a: Sanji|Brave Bird|p2a: Landorus\n|-damage|p2a: Landorus|39\/100\n|-damage|p1a: Sanji|79\/100|[from] Recoil\n|\n|upkeep\n|turn|4\n|\n|t:|1665227229\n|move|p2a: Landorus|U-turn|p1a: Sanji\n|-resisted|p1a: Sanji\n|-damage|p1a: Sanji|76\/100\n|\n|t:|1665227231\n|switch|p2a: Volcanion|Volcanion|100\/100|[from]move: U-turn\n|move|p1a: Sanji|U-turn|p2a: Volcanion\n|-resisted|p2a: Volcanion\n|-damage|p2a: Volcanion|96\/100\n|\n|t:|1665227240\n|switch|p1a: Jinbei|Seismitoad, F|100\/100|[from]move: U-turn\n|-damage|p1a: Jinbei|94\/100|[from] Stealth Rock\n|\n|-heal|p1a: Jinbei|100\/100|[from] item: Leftovers\n|upkeep\n|turn|5\n|\n|t:|1665227248\n|move|p2a: Volcanion|Earth Power|p1a: Jinbei\n|-damage|p1a: Jinbei|62\/100\n|move|p1a: Jinbei|Stealth Rock|p2a: Volcanion\n|-sidestart|p2: precious jimmy|move: Stealth Rock\n|\n|-heal|p1a: Jinbei|68\/100|[from] item: Leftovers\n|upkeep\n|turn|6\n|\n|t:|1665227253\n|move|p2a: Volcanion|Earth Power|p1a: Jinbei\n|-damage|p1a: Jinbei|29\/100\n|move|p1a: Jinbei|Earthquake|p2a: Volcanion\n|-supereffective|p2a: Volcanion\n|-damage|p2a: Volcanion|34\/100\n|\n|-heal|p1a: Jinbei|36\/100|[from] item: Leftovers\n|upkeep\n|turn|7\n|\n|t:|1665227269\n|switch|p2a: Tyranitar|Tyranitar, F|100\/100\n|-damage|p2a: Tyranitar|88\/100|[from] Stealth Rock\n|-weather|Sandstorm|[from] ability: Sand Stream|[of] p2a: Tyranitar\n|switch|p1a: Zoro|Weavile, F|100\/100\n|-ability|p1a: Zoro|Pressure\n|\n|-weather|Sandstorm|[upkeep]\n|-damage|p1a: Zoro|94\/100|[from] Sandstorm\n|upkeep\n|turn|8\n|inactive|quixana has 120 seconds left.\n|inactive|quixana has 90 seconds left.\n|\n|t:|1665227353\n|switch|p1a: Jinbei|Seismitoad, F|36\/100\n|-damage|p1a: Jinbei|29\/100|[from] Stealth Rock\n|move|p2a: Tyranitar|Stone Edge|p1a: Jinbei|[miss]\n|-miss|p2a: Tyranitar|p1a: Jinbei\n|\n|-weather|Sandstorm|[upkeep]\n|-heal|p1a: Jinbei|36\/100|[from] item: Leftovers\n|upkeep\n|turn|9\n|\n|t:|1665227366\n|move|p1a: Jinbei|Scald|p2a: Tyranitar\n|-supereffective|p2a: Tyranitar\n|-damage|p2a: Tyranitar|59\/100\n|-status|p2a: Tyranitar|brn\n|move|p2a: Tyranitar|Stone Edge|p1a: Jinbei\n|-resisted|p1a: Jinbei\n|-damage|p1a: Jinbei|14\/100\n|\n|-weather|Sandstorm|[upkeep]\n|-heal|p1a: Jinbei|20\/100|[from] item: Leftovers\n|-damage|p2a: Tyranitar|53\/100 brn|[from] brn\n|upkeep\n|turn|10\n|\n|t:|1665227374\n|move|p1a: Jinbei|Earthquake|p2a: Tyranitar\n|-supereffective|p2a: Tyranitar\n|-damage|p2a: Tyranitar|4\/100 brn\n|move|p2a: Tyranitar|Stone Edge|p1a: Jinbei|[miss]\n|-miss|p2a: Tyranitar|p1a: Jinbei\n|\n|-weather|Sandstorm|[upkeep]\n|-heal|p1a: Jinbei|26\/100|[from] item: Leftovers\n|-damage|p2a: Tyranitar|0 fnt|[from] brn\n|faint|p2a: Tyranitar\n|upkeep\n|\n|t:|1665227386\n|switch|p2a: Landorus|Landorus-Therian, M|39\/100\n|-ability|p2a: Landorus|Intimidate|boost\n|-unboost|p1a: Jinbei|atk|1\n|turn|11\n|\n|t:|1665227407\n|switch|p1a: Sanji|Corviknight, M|76\/100\n|-damage|p1a: Sanji|63\/100|[from] Stealth Rock\n|-ability|p1a: Sanji|Pressure\n|move|p2a: Landorus|Knock Off|p1a: Sanji\n|-damage|p1a: Sanji|49\/100\n|\n|-weather|none\n|upkeep\n|turn|12\n|\n|t:|1665227414\n|move|p2a: Landorus|U-turn|p1a: Sanji\n|-resisted|p1a: Sanji\n|-damage|p1a: Sanji|46\/100\n|\n|t:|1665227415\n|switch|p2a: Volcanion|Volcanion|34\/100|[from]move: U-turn\n|-damage|p2a: Volcanion|9\/100|[from] Stealth Rock\n|move|p1a: Sanji|Roost|p1a: Sanji\n|-heal|p1a: Sanji|96\/100\n|-singleturn|p1a: Sanji|move: Roost\n|\n|upkeep\n|turn|13\n|\n|t:|1665227421\n|switch|p1a: Jinbei|Seismitoad, F|26\/100\n|-damage|p1a: Jinbei|20\/100|[from] Stealth Rock\n|move|p2a: Volcanion|Flamethrower|p1a: Jinbei\n|-resisted|p1a: Jinbei\n|-damage|p1a: Jinbei|0 fnt\n|faint|p1a: Jinbei\n|\n|upkeep\n|inactive|quixana has 60 seconds left.\n|\n|t:|1665227449\n|switch|p1a: Zoro|Weavile, F|94\/100\n|-ability|p1a: Zoro|Pressure\n|turn|14\n|\n|t:|1665227453\n|move|p1a: Zoro|Knock Off|p2a: Volcanion\n|-damage|p2a: Volcanion|0 fnt\n|-enditem|p2a: Volcanion|Choice Specs|[from] move: Knock Off|[of] p1a: Zoro\n|faint|p2a: Volcanion\n|\n|upkeep\n|\n|t:|1665227455\n|switch|p2a: Tapu Lele|Tapu Lele|100\/100\n|-damage|p2a: Tapu Lele|88\/100|[from] Stealth Rock\n|-fieldstart|move: Psychic Terrain|[from] ability: Psychic Surge|[of] p2a: Tapu Lele\n|turn|15\n|\n|t:|1665227475\n|switch|p1a: Sanji|Corviknight, M|96\/100\n|-damage|p1a: Sanji|83\/100|[from] Stealth Rock\n|-ability|p1a: Sanji|Pressure\n|move|p2a: Tapu Lele|Focus Blast|p1a: Sanji\n|-damage|p1a: Sanji|42\/100\n|\n|upkeep\n|turn|16\n|\n|t:|1665227484\n|move|p2a: Tapu Lele|Focus Blast|p1a: Sanji\n|-damage|p1a: Sanji|0 fnt\n|faint|p1a: Sanji\n|\n|upkeep\n|inactive|quixana has 60 seconds left.\n|\n|t:|1665227501\n|switch|p1a: Robin|Tapu Lele|100\/100\n|-damage|p1a: Robin|88\/100|[from] Stealth Rock\n|turn|17\n|inactive|quixana has 60 seconds left.\n|\n|t:|1665227512\n|switch|p2a: Landorus|Landorus-Therian, M|39\/100\n|-ability|p2a: Landorus|Intimidate|boost\n|-unboost|p1a: Robin|atk|1\n|move|p1a: Robin|Moonblast|p2a: Landorus\n|-damage|p2a: Landorus|3\/100\n|\n|upkeep\n|turn|18\n|\n|t:|1665227531\n|switch|p2a: Celesteela|Celesteela|100\/100\n|-damage|p2a: Celesteela|88\/100|[from] Stealth Rock\n|move|p1a: Robin|Moonblast|p2a: Celesteela\n|-resisted|p2a: Celesteela\n|-damage|p2a: Celesteela|65\/100\n|-unboost|p2a: Celesteela|spa|1\n|\n|upkeep\n|turn|19\n|\n|t:|1665227541\n|switch|p1a: Franky|Heatran, F|100\/100\n|-damage|p1a: Franky|88\/100|[from] Stealth Rock\n|move|p2a: Celesteela|Meteor Beam||[still]\n|-prepare|p2a: Celesteela|Meteor Beam\n|-boost|p2a: Celesteela|spa|1\n|-enditem|p2a: Celesteela|Power Herb\n|-anim|p2a: Celesteela|Meteor Beam|p1a: Franky\n|-damage|p1a: Franky|64\/100\n|\n|-heal|p1a: Franky|70\/100|[from] item: Leftovers\n|-fieldend|move: Psychic Terrain\n|upkeep\n|turn|20\n|\n|t:|1665227557\n|move|p2a: Celesteela|Meteor Beam||[still]\n|-prepare|p2a: Celesteela|Meteor Beam\n|-boost|p2a: Celesteela|spa|1\n|move|p1a: Franky|Magma Storm|p2a: Celesteela\n|-supereffective|p2a: Celesteela\n|-damage|p2a: Celesteela|0 fnt\n|faint|p2a: Celesteela\n|\n|-heal|p1a: Franky|77\/100|[from] item: Leftovers\n|upkeep\n|\n|t:|1665227559\n|switch|p2a: Zapdos|Zapdos-Galar|100\/100\n|-damage|p2a: Zapdos|88\/100|[from] Stealth Rock\n|turn|21\n|j| zReptar\n|\n|t:|1665227569\n|switch|p1a: Usopp|Buzzwole|100\/100\n|-damage|p1a: Usopp|88\/100|[from] Stealth Rock\n|move|p2a: Zapdos|Agility|p2a: Zapdos\n|-boost|p2a: Zapdos|spe|2\n|\n|upkeep\n|turn|22\n|inactive|quixana has 90 seconds left.\n|c| zReptar|Interesting team qui\n|c| zReptar|Quix\n|\n|t:|1665227578\n|move|p2a: Zapdos|Brave Bird|p1a: Usopp\n|-supereffective|p1a: Usopp\n|-damage|p1a: Usopp|0 fnt\n|faint|p1a: Usopp\n|-damage|p2a: Zapdos|57\/100|[from] Recoil\n|\n|upkeep\n|inactive|quixana has 90 seconds left.\n|inactive|quixana has 60 seconds left.\n|inactive|quixana has 30 seconds left.\n|inactive|quixana has 20 seconds left.\n|inactive|quixana has 15 seconds left.\n|inactive|quixana has 10 seconds left.\n|j| jonbilbaobi\n|\n|t:|1665227668\n|switch|p1a: Franky|Heatran, F|77\/100\n|-damage|p1a: Franky|64\/100|[from] Stealth Rock\n|turn|23\n|inactive|quixana has 20 seconds left this turn.\n|l| jonbilbaobi\n|inactive|quixana has 15 seconds left.\n|\n|t:|1665227675\n|move|p2a: Zapdos|Close Combat|p1a: Franky\n|-supereffective|p1a: Franky\n|-damage|p1a: Franky|0 fnt\n|-unboost|p2a: Zapdos|def|1\n|-unboost|p2a: Zapdos|spd|1\n|faint|p1a: Franky\n|\n|upkeep\n|inactive|quixana has 20 seconds left this turn.\n|\n|t:|1665227678\n|switch|p1a: Zoro|Weavile, F|94\/100\n|-ability|p1a: Zoro|Pressure\n|turn|24\n|inactive|quixana has 30 seconds left this turn.\n|inactive|quixana has 20 seconds left.\n|\n|t:|1665227690\n|move|p1a: Zoro|Ice Shard|p2a: Zapdos\n|-supereffective|p2a: Zapdos\n|-damage|p2a: Zapdos|0 fnt\n|faint|p2a: Zapdos\n|\n|upkeep\n|inactive|quixana has 25 seconds left this turn.\n|\n|t:|1665227698\n|switch|p2a: Tapu Lele|Tapu Lele|88\/100\n|-damage|p2a: Tapu Lele|76\/100|[from] Stealth Rock\n|-fieldstart|move: Psychic Terrain|[from] ability: Psychic Surge|[of] p2a: Tapu Lele\n|turn|25\n|inactive|quixana has 30 seconds left.\n|\n|t:|1665227705\n|move|p2a: Tapu Lele|Moonblast|p1a: Zoro\n|-supereffective|p1a: Zoro\n|-damage|p1a: Zoro|0 fnt\n|faint|p1a: Zoro\n|\n|upkeep\n|\n|t:|1665227706\n|switch|p1a: Robin|Tapu Lele|88\/100\n|-damage|p1a: Robin|76\/100|[from] Stealth Rock\n|turn|26\n|\n|t:|1665227708\n|move|p1a: Robin|Moonblast|p2a: Tapu Lele\n|-damage|p2a: Tapu Lele|20\/100\n|-unboost|p2a: Tapu Lele|spa|1\n|move|p2a: Tapu Lele|Moonblast|p1a: Robin\n|-damage|p1a: Robin|33\/100\n|-unboost|p1a: Robin|spa|1\n|\n|upkeep\n|turn|27\n|\n|t:|1665227713\n|move|p1a: Robin|Moonblast|p2a: Tapu Lele\n|-damage|p2a: Tapu Lele|0 fnt\n|faint|p2a: Tapu Lele\n|\n|upkeep\n|\n|t:|1665227714\n|switch|p2a: Landorus|Landorus-Therian, M|3\/100\n|-ability|p2a: Landorus|Intimidate|boost\n|-unboost|p1a: Robin|atk|1\n|turn|28\n|\n|t:|1665227717\n|move|p1a: Robin|Moonblast|p2a: Landorus\n|-damage|p2a: Landorus|0 fnt\n|faint|p2a: Landorus\n|\n|win|quixana\n|raw|quixana's rating: 1814 &rarr; <strong>1831<\/strong><br \/>(+17 for winning)\n|raw|precious jimmy's rating: 1761 &rarr; <strong>1744<\/strong><br \/>(-17 for losing)\n|j| BestChad\n|c|\u2606precious jimmy|lucky freak\n|l|\u2606precious jimmy\n","uploadtime":1665227725,"views":37,"p1id":"quixana","p2id":"preciousjimmy","formatid":"gen8ou","rating":1744,"private":0,"password":null}