{"id":"gen8ou-1575488902","p1":"J0T0P","p2":"Pinkacross","format":"gen8ou","log":"|j|\u2606J0T0P\n|j|\u2606Pinkacross\n|inactive|Battle timer is ON: inactive players will automatically lose when time's up.\n|t:|1652640632\n|gametype|singles\n|player|p1|J0T0P|n|\n|player|p2|Pinkacross|artist|\n|teamsize|p1|6\n|teamsize|p2|6\n|gen|8\n|tier|[Gen 8] OU\n|rated|Tournament battle\n|rule|Sleep Clause Mod: Limit one foe put to sleep\n|rule|Species Clause: Limit one of each Pok\u00e9mon\n|rule|OHKO Clause: OHKO moves are banned\n|rule|Evasion Moves Clause: Evasion moves are banned\n|rule|Endless Battle Clause: Forcing endless battles is banned\n|rule|HP Percentage Mod: HP is shown in percentages\n|rule|Dynamax Clause: You cannot dynamax\n|clearpoke\n|poke|p1|Kingdra, M|\n|poke|p1|Pelipper, M|\n|poke|p1|Barraskewda, M|\n|poke|p1|Tapu Koko|\n|poke|p1|Weavile, M|\n|poke|p1|Melmetal|\n|poke|p2|Tyranitar, F|\n|poke|p2|Excadrill, F|\n|poke|p2|Dracozolt|\n|poke|p2|Sandslash, M|\n|poke|p2|Rhyperior, M|\n|poke|p2|Quagsire, F|\n|teampreview\n|j| maaaannn\u27a0\n|j|%htcl (>\u25e1<)\n|j| eXgirlXjeze\n|j| yaboiAshK.\n|j| Zemmour & Rick\n|c|\u2606Pinkacross|hf\n|inactive|Pinkacross has 120 seconds left.\n|j| LordXen VII\n|\n|t:|1652640665\n|start\n|switch|p1a: Flavio|Pelipper, M, shiny|100\/100\n|switch|p2a: Dracozolt|Dracozolt|100\/100\n|-weather|RainDance|[from] ability: Drizzle|[of] p1a: Flavio\n|turn|1\n|j| psychoshawk\n|j| RedDiamond1024\n|c|%htcl (>\u25e1<)|-1\n|inactive|J0T0P has 120 seconds left.\n|\n|t:|1652640704\n|switch|p1a: TogeKys|Melmetal, shiny|100\/100\n|move|p2a: Dracozolt|Bolt Beak|p1a: TogeKys\n|-damage|p1a: TogeKys|49\/100\n|\n|-weather|RainDance|[upkeep]\n|upkeep\n|turn|2\n|c|\u2606Pinkacross|lol\n|inactive|J0T0P has 120 seconds left.\n|c| RedDiamond1024|sandslash, interesting\n|\n|t:|1652640714\n|move|p2a: Dracozolt|Bolt Beak|p1a: TogeKys\n|-damage|p1a: TogeKys|0 fnt\n|faint|p1a: TogeKys\n|\n|-weather|RainDance|[upkeep]\n|upkeep\n|inactive|J0T0P has 120 seconds left.\n|c| psychoshawk|dracozolt moment\n|\n|t:|1652640733\n|switch|p1a: Larry|Weavile, M, shiny|100\/100\n|-ability|p1a: Larry|Pressure\n|turn|3\n|j| SmackPackt\n|\n|t:|1652640755\n|switch|p2a: Tyranitar|Tyranitar, F|100\/100\n|-weather|Sandstorm|[from] ability: Sand Stream|[of] p2a: Tyranitar\n|move|p1a: Larry|Triple Axel|p2a: Tyranitar\n|-damage|p2a: Tyranitar|92\/100\n|-damage|p2a: Tyranitar|75\/100\n|-hitcount|p2a: Tyranitar|2\n|\n|-weather|Sandstorm|[upkeep]\n|-damage|p1a: Larry|94\/100|[from] Sandstorm\n|upkeep\n|turn|4\n|\n|t:|1652640764\n|switch|p1a: Flavio|Pelipper, M, shiny|100\/100\n|-weather|RainDance|[from] ability: Drizzle|[of] p1a: Flavio\n|move|p2a: Tyranitar|Rock Blast|p1a: Flavio\n|-supereffective|p1a: Flavio\n|-damage|p1a: Flavio|81\/100\n|-supereffective|p1a: Flavio\n|-damage|p1a: Flavio|62\/100\n|-hitcount|p1a: Flavio|2\n|\n|-weather|RainDance|[upkeep]\n|upkeep\n|turn|5\n|\n|t:|1652640772\n|move|p2a: Tyranitar|Rock Blast|p1a: Flavio\n|-supereffective|p1a: Flavio\n|-damage|p1a: Flavio|43\/100\n|-supereffective|p1a: Flavio\n|-damage|p1a: Flavio|26\/100\n|-supereffective|p1a: Flavio\n|-damage|p1a: Flavio|5\/100\n|-supereffective|p1a: Flavio\n|-damage|p1a: Flavio|0 fnt\n|faint|p1a: Flavio\n|-hitcount|p1: Flavio|4\n|\n|-weather|RainDance|[upkeep]\n|upkeep\n|\n|t:|1652640786\n|switch|p1a: Mr.Fish|Barraskewda, M, shiny|100\/100\n|turn|6\n|\n|t:|1652640795\n|switch|p2a: Quagsire|Quagsire, F|100\/100\n|move|p1a: Mr.Fish|Liquidation|p2a: Quagsire\n|-immune|p2a: Quagsire|[from] ability: Water Absorb\n|\n|-weather|RainDance|[upkeep]\n|upkeep\n|turn|7\n|c| eXgirlXjeze|rain counter quag :O\n|c| psychoshawk|quag just kinda sits on sweka huh\n|inactive|J0T0P has 120 seconds left.\n|c|\u2606J0T0P|im not even gonna try, thats really well played\n|c|\u2606J0T0P|gg\n|c| SmackPackt|pinkacross' team looks like an elite 4 team\n|-message|J0T0P forfeited.\n|\n|win|Pinkacross\n|n|\u2606J0T0P|j0t0p\n|n|\u2606Pinkacross|pinkacross\n|n| maaaannn\u27a0|maaaannn\n|n| htcl (>\u25e1<)|htcl\n|n| eXgirlXjeze|exgirlxjeze\n|n| yaboiAshK.|yaboiashk\n|n| Zemmour & Rick|zemmourrick\n|n| LordXen VII|lordxenvii\n|n| psychoshawk|psychoshawk\n|n| RedDiamond1024|reddiamond1024\n|n| SmackPackt|smackpackt\n|c| RedDiamond1024|pure cteam\n|c|\u2606Pinkacross|gg\n|l| psychoshawk\n|c|\u2606Pinkacross|yea this MU was really bad for u\n","uploadtime":1652640844,"views":283,"p1id":"j0t0p","p2id":"pinkacross","formatid":"gen8ou","rating":0,"private":0,"password":null}