{"id":"gen8ou-1230778206","p1":"friedfreak","p2":"NoUserNameForMe","format":"gen8ou","log":"|j|\u2606friedfreak\n|j|\u2606NoUserNameForMe\n|t:|1606260051\n|player|p1|friedfreak|2|1533\n|player|p2|NoUserNameForMe|rood|1519\n|teamsize|p1|6\n|teamsize|p2|6\n|gametype|singles\n|gen|8\n|tier|[Gen 8] OU\n|rated|\n|clearpoke\n|poke|p1|Urshifu-*, M|\n|poke|p1|Magearna|\n|poke|p1|Zapdos|\n|poke|p1|Spectrier|\n|poke|p1|Garchomp, F|\n|poke|p1|Ferrothorn, F|\n|poke|p2|Weezing-Galar, F|\n|poke|p2|Swampert, F|\n|poke|p2|Magnezone|\n|poke|p2|Tyranitar, M|\n|poke|p2|Blaziken, F|\n|poke|p2|Polteageist|\n|rule|Sleep Clause Mod: Limit one foe put to sleep\n|rule|Species Clause: Limit one of each Pok\u00e9mon\n|rule|OHKO Clause: OHKO moves are banned\n|rule|Evasion Moves Clause: Evasion moves are banned\n|rule|Endless Battle Clause: Forcing endless battles is banned\n|rule|HP Percentage Mod: HP is shown in percentages\n|rule|Dynamax Clause: You cannot dynamax\n|teampreview\n|\n|t:|1606260075\n|start\n|switch|p1a: Garchomp|Garchomp, F|100\/100\n|switch|p2a: Swampert|Swampert, F|100\/100\n|turn|1\n|\n|t:|1606260082\n|move|p1a: Garchomp|Toxic|p2a: Swampert|[miss]\n|-miss|p1a: Garchomp|p2a: Swampert\n|move|p2a: Swampert|Stealth Rock|p1a: Garchomp\n|-sidestart|p1: friedfreak|move: Stealth Rock\n|\n|upkeep\n|turn|2\n|\n|t:|1606260089\n|move|p1a: Garchomp|Stealth Rock|p2a: Swampert\n|-sidestart|p2: NoUserNameForMe|move: Stealth Rock\n|move|p2a: Swampert|Ice Punch|p1a: Garchomp\n|-supereffective|p1a: Garchomp\n|-damage|p1a: Garchomp|41\/100\n|-damage|p2a: Swampert|88\/100|[from] ability: Rough Skin|[of] p1a: Garchomp\n|-damage|p2a: Swampert|72\/100|[from] item: Rocky Helmet|[of] p1a: Garchomp\n|\n|-heal|p2a: Swampert|78\/100|[from] item: Leftovers\n|upkeep\n|turn|3\n|\n|t:|1606260102\n|switch|p2a: Weezing|Weezing-Galar, F|100\/100\n|-damage|p2a: Weezing|88\/100|[from] Stealth Rock\n|move|p1a: Garchomp|Toxic|p2a: Weezing\n|-immune|p2a: Weezing\n|\n|-heal|p2a: Weezing|94\/100|[from] item: Black Sludge\n|upkeep\n|turn|4\n|\n|t:|1606260119\n|switch|p1a: Magearna|Magearna|100\/100\n|-damage|p1a: Magearna|95\/100|[from] Stealth Rock\n|move|p2a: Weezing|Fire Blast|p1a: Magearna\n|-supereffective|p1a: Magearna\n|-damage|p1a: Magearna|46\/100\n|\n|-heal|p2a: Weezing|99\/100|[from] item: Black Sludge\n|upkeep\n|turn|5\n|\n|t:|1606260130\n|switch|p2a: Swampert|Swampert, F|78\/100\n|-damage|p2a: Swampert|72\/100|[from] Stealth Rock\n|move|p1a: Magearna|Fleur Cannon|p2a: Swampert\n|-damage|p2a: Swampert|0 fnt\n|-unboost|p1a: Magearna|spa|2\n|faint|p2a: Swampert\n|-ability|p1a: Magearna|Soul-Heart|boost\n|-boost|p1a: Magearna|spa|1\n|\n|upkeep\n|inactive|Battle timer is ON: inactive players will automatically lose when time's up. (requested by friedfreak)\n|inactive|NoUserNameForMe has 120 seconds left.\n|\n|t:|1606260161\n|switch|p2a: Magnezone|Magnezone|100\/100\n|-damage|p2a: Magnezone|94\/100|[from] Stealth Rock\n|turn|6\n|\n|t:|1606260168\n|move|p1a: Magearna|Fleur Cannon|p2a: Magnezone\n|-resisted|p2a: Magnezone\n|-damage|p2a: Magnezone|70\/100\n|-unboost|p1a: Magearna|spa|2\n|move|p2a: Magnezone|Flash Cannon|p1a: Magearna\n|-damage|p1a: Magearna|0 fnt\n|faint|p1a: Magearna\n|\n|upkeep\n|inactive|friedfreak has 120 seconds left.\n|\n|t:|1606260203\n|switch|p1a: Urshifu|Urshifu, M|100\/100\n|-damage|p1a: Urshifu|94\/100|[from] Stealth Rock\n|turn|7\n|\n|t:|1606260207\n|switch|p2a: Weezing|Weezing-Galar, F|99\/100\n|-damage|p2a: Weezing|88\/100|[from] Stealth Rock\n|move|p1a: Urshifu|Wicked Blow|p2a: Weezing\n|-resisted|p2a: Weezing\n|-crit|p2a: Weezing\n|-damage|p2a: Weezing|57\/100\n|\n|-heal|p2a: Weezing|63\/100|[from] item: Black Sludge\n|upkeep\n|turn|8\n|\n|t:|1606260217\n|switch|p1a: Spectrier|Spectrier|100\/100\n|-damage|p1a: Spectrier|88\/100|[from] Stealth Rock\n|move|p2a: Weezing|Dazzling Gleam|p1a: Spectrier\n|-damage|p1a: Spectrier|54\/100\n|\n|-heal|p2a: Weezing|69\/100|[from] item: Black Sludge\n|upkeep\n|turn|9\n|\n|t:|1606260227\n|switch|p2a: Tyranitar|Tyranitar, M|100\/100\n|-damage|p2a: Tyranitar|88\/100|[from] Stealth Rock\n|-weather|Sandstorm|[from] ability: Sand Stream|[of] p2a: Tyranitar\n|move|p1a: Spectrier|Will-O-Wisp|p2a: Tyranitar|[miss]\n|-miss|p1a: Spectrier|p2a: Tyranitar\n|\n|-weather|Sandstorm|[upkeep]\n|-damage|p1a: Spectrier|48\/100|[from] Sandstorm\n|upkeep\n|turn|10\n|\n|t:|1606260241\n|move|p1a: Spectrier|Will-O-Wisp|p2a: Tyranitar\n|-status|p2a: Tyranitar|brn\n|move|p2a: Tyranitar|Stone Edge|p1a: Spectrier|[miss]\n|-miss|p2a: Tyranitar|p1a: Spectrier\n|\n|-weather|Sandstorm|[upkeep]\n|-damage|p1a: Spectrier|42\/100|[from] Sandstorm\n|-damage|p2a: Tyranitar|82\/100 brn|[from] brn\n|upkeep\n|turn|11\n|\n|t:|1606260251\n|switch|p1a: Ferrothorn|Ferrothorn, F|100\/100\n|-damage|p1a: Ferrothorn|95\/100|[from] Stealth Rock\n|move|p2a: Tyranitar|Stone Edge|p1a: Ferrothorn\n|-resisted|p1a: Ferrothorn\n|-damage|p1a: Ferrothorn|85\/100\n|\n|-weather|Sandstorm|[upkeep]\n|-heal|p1a: Ferrothorn|91\/100|[from] item: Leftovers\n|-damage|p2a: Tyranitar|75\/100 brn|[from] brn\n|upkeep\n|turn|12\n|\n|t:|1606260262\n|move|p2a: Tyranitar|Fire Blast|p1a: Ferrothorn\n|-supereffective|p1a: Ferrothorn\n|-damage|p1a: Ferrothorn|14\/100\n|move|p1a: Ferrothorn|Spikes|p2a: Tyranitar\n|-sidestart|p2: NoUserNameForMe|Spikes\n|\n|-weather|Sandstorm|[upkeep]\n|-heal|p1a: Ferrothorn|20\/100|[from] item: Leftovers\n|-damage|p2a: Tyranitar|69\/100 brn|[from] brn\n|upkeep\n|turn|13\n|\n|t:|1606260274\n|move|p2a: Tyranitar|Fire Blast|p1a: Ferrothorn|[miss]\n|-miss|p2a: Tyranitar|p1a: Ferrothorn\n|move|p1a: Ferrothorn|Leech Seed|p2a: Tyranitar\n|-start|p2a: Tyranitar|move: Leech Seed\n|\n|-weather|none\n|-heal|p1a: Ferrothorn|26\/100|[from] item: Leftovers\n|-damage|p2a: Tyranitar|57\/100 brn|[from] Leech Seed|[of] p1a: Ferrothorn\n|-heal|p1a: Ferrothorn|41\/100|[silent]\n|-damage|p2a: Tyranitar|50\/100 brn|[from] brn\n|upkeep\n|turn|14\n|\n|t:|1606260285\n|switch|p2a: Blaziken|Blaziken, F|100\/100\n|-damage|p2a: Blaziken|88\/100|[from] Stealth Rock\n|-damage|p2a: Blaziken|76\/100|[from] Spikes\n|switch|p1a: Garchomp|Garchomp, F|41\/100\n|-damage|p1a: Garchomp|35\/100|[from] Stealth Rock\n|\n|upkeep\n|turn|15\n|\n|t:|1606260300\n|switch|p2a: Weezing|Weezing-Galar, F|69\/100\n|-damage|p2a: Weezing|56\/100|[from] Stealth Rock\n|move|p1a: Garchomp|Earthquake|p2a: Weezing\n|-immune|p2a: Weezing|[from] ability: Levitate\n|\n|-heal|p2a: Weezing|62\/100|[from] item: Black Sludge\n|upkeep\n|turn|16\n|inactive|friedfreak has 120 seconds left.\n|\n|t:|1606260333\n|switch|p1a: Ferrothorn|Ferrothorn, F|41\/100\n|-damage|p1a: Ferrothorn|35\/100|[from] Stealth Rock\n|move|p2a: Weezing|Dazzling Gleam|p1a: Ferrothorn\n|-resisted|p1a: Ferrothorn\n|-damage|p1a: Ferrothorn|26\/100\n|\n|-heal|p2a: Weezing|68\/100|[from] item: Black Sludge\n|-heal|p1a: Ferrothorn|32\/100|[from] item: Leftovers\n|upkeep\n|turn|17\n|\n|t:|1606260344\n|move|p2a: Weezing|Taunt|p1a: Ferrothorn\n|-start|p1a: Ferrothorn|move: Taunt\n|move|p1a: Ferrothorn|Knock Off|p2a: Weezing\n|-resisted|p2a: Weezing\n|-damage|p2a: Weezing|61\/100\n|-enditem|p2a: Weezing|Black Sludge|[from] move: Knock Off|[of] p1a: Ferrothorn\n|\n|-heal|p1a: Ferrothorn|38\/100|[from] item: Leftovers\n|upkeep\n|turn|18\n|\n|t:|1606260355\n|move|p2a: Weezing|Dazzling Gleam|p1a: Ferrothorn\n|-resisted|p1a: Ferrothorn\n|-damage|p1a: Ferrothorn|29\/100\n|move|p1a: Ferrothorn|Power Whip|p2a: Weezing\n|-resisted|p2a: Weezing\n|-damage|p2a: Weezing|47\/100\n|\n|-heal|p1a: Ferrothorn|35\/100|[from] item: Leftovers\n|upkeep\n|turn|19\n|\n|t:|1606260364\n|move|p2a: Weezing|Fire Blast|p1a: Ferrothorn\n|-supereffective|p1a: Ferrothorn\n|-damage|p1a: Ferrothorn|0 fnt\n|faint|p1a: Ferrothorn\n|\n|upkeep\n|\n|t:|1606260376\n|switch|p1a: Spectrier|Spectrier|42\/100\n|-damage|p1a: Spectrier|30\/100|[from] Stealth Rock\n|turn|20\n|\n|t:|1606260383\n|switch|p2a: Tyranitar|Tyranitar, M|50\/100 brn\n|-damage|p2a: Tyranitar|38\/100 brn|[from] Spikes\n|-damage|p2a: Tyranitar|25\/100 brn|[from] Stealth Rock\n|-weather|Sandstorm|[from] ability: Sand Stream|[of] p2a: Tyranitar\n|move|p1a: Spectrier|Shadow Ball|p2a: Tyranitar\n|-resisted|p2a: Tyranitar\n|-damage|p2a: Tyranitar|13\/100 brn\n|\n|-weather|Sandstorm|[upkeep]\n|-damage|p1a: Spectrier|24\/100|[from] Sandstorm\n|-damage|p2a: Tyranitar|7\/100 brn|[from] brn\n|upkeep\n|turn|21\n|c|\u2606NoUserNameForMe|gg\n|inactive|NoUserNameForMe has 120 seconds left.\n|\n|t:|1606260414\n|move|p1a: Spectrier|Shadow Ball|p2a: Tyranitar\n|-resisted|p2a: Tyranitar\n|-damage|p2a: Tyranitar|0 fnt\n|faint|p2a: Tyranitar\n|-ability|p1a: Spectrier|Grim Neigh|boost\n|-boost|p1a: Spectrier|spa|1\n|\n|-weather|Sandstorm|[upkeep]\n|-damage|p1a: Spectrier|18\/100|[from] Sandstorm\n|upkeep\n|inactive|NoUserNameForMe has 120 seconds left.\n|\n|t:|1606260425\n|switch|p2a: Polteageist|Polteageist|100\/100\n|-damage|p2a: Polteageist|88\/100|[from] Stealth Rock\n|-damage|p2a: Polteageist|76\/100|[from] Spikes\n|turn|22\n|inactive|NoUserNameForMe has 120 seconds left.\n|\n|t:|1606260431\n|move|p2a: Polteageist|Sucker Punch|p1a: Spectrier\n|-supereffective|p1a: Spectrier\n|-crit|p1a: Spectrier\n|-damage|p1a: Spectrier|0 fnt\n|faint|p1a: Spectrier\n|\n|-weather|Sandstorm|[upkeep]\n|-damage|p2a: Polteageist|70\/100|[from] Sandstorm\n|upkeep\n|\n|t:|1606260442\n|switch|p1a: Urshifu|Urshifu, M|94\/100\n|-damage|p1a: Urshifu|88\/100|[from] Stealth Rock\n|turn|23\n|\n|t:|1606260455\n|switch|p2a: Blaziken|Blaziken, F|76\/100\n|-damage|p2a: Blaziken|64\/100|[from] Spikes\n|-damage|p2a: Blaziken|51\/100|[from] Stealth Rock\n|move|p1a: Urshifu|Wicked Blow|p2a: Blaziken\n|-resisted|p2a: Blaziken\n|-crit|p2a: Blaziken\n|-damage|p2a: Blaziken|0 fnt\n|faint|p2a: Blaziken\n|\n|-weather|Sandstorm|[upkeep]\n|-damage|p1a: Urshifu|82\/100|[from] Sandstorm\n|upkeep\n|inactive|NoUserNameForMe has 120 seconds left.\n|\n|t:|1606260475\n|switch|p2a: Weezing|Weezing-Galar, F|47\/100\n|-damage|p2a: Weezing|35\/100|[from] Stealth Rock\n|turn|24\n|inactive|NoUserNameForMe has 120 seconds left.\n|\n|t:|1606260495\n|switch|p1a: Garchomp|Garchomp, F|35\/100\n|-damage|p1a: Garchomp|29\/100|[from] Stealth Rock\n|move|p2a: Weezing|Dazzling Gleam|p1a: Garchomp\n|-supereffective|p1a: Garchomp\n|-damage|p1a: Garchomp|0 fnt\n|faint|p1a: Garchomp\n|\n|-weather|none\n|upkeep\n|\n|t:|1606260498\n|switch|p1a: Zapdos|Zapdos|100\/100\n|turn|25\n|inactive|NoUserNameForMe has 120 seconds left.\n|\n|t:|1606260519\n|switch|p2a: Magnezone|Magnezone|70\/100\n|-damage|p2a: Magnezone|64\/100|[from] Stealth Rock\n|-damage|p2a: Magnezone|52\/100|[from] Spikes\n|move|p1a: Zapdos|Discharge|p2a: Magnezone\n|-resisted|p2a: Magnezone\n|-damage|p2a: Magnezone|41\/100\n|\n|upkeep\n|turn|26\n|inactive|NoUserNameForMe has 120 seconds left.\n|\n|t:|1606260528\n|move|p1a: Zapdos|Heat Wave|p2a: Magnezone\n|-supereffective|p2a: Magnezone\n|-damage|p2a: Magnezone|4\/100\n|-status|p2a: Magnezone|brn\n|move|p2a: Magnezone|Thunderbolt|p1a: Zapdos\n|-damage|p1a: Zapdos|32\/100\n|\n|-damage|p2a: Magnezone|0 fnt|[from] brn\n|faint|p2a: Magnezone\n|upkeep\n|inactive|NoUserNameForMe has 120 seconds left.\n|\n|t:|1606260538\n|switch|p2a: Polteageist|Polteageist|70\/100\n|-damage|p2a: Polteageist|58\/100|[from] Spikes\n|-damage|p2a: Polteageist|45\/100|[from] Stealth Rock\n|turn|27\n|inactive|NoUserNameForMe has 120 seconds left.\n|\n|t:|1606260546\n|move|p1a: Zapdos|Discharge|p2a: Polteageist\n|-damage|p2a: Polteageist|5\/100\n|move|p2a: Polteageist|Shell Smash|p2a: Polteageist\n|-unboost|p2a: Polteageist|def|1\n|-unboost|p2a: Polteageist|spd|1\n|-boost|p2a: Polteageist|atk|2\n|-boost|p2a: Polteageist|spa|2\n|-boost|p2a: Polteageist|spe|2\n|-enditem|p2a: Polteageist|White Herb\n|-clearnegativeboost|p2a: Polteageist|[silent]\n|\n|upkeep\n|turn|28\n|inactive|NoUserNameForMe has 120 seconds left.\n|\n|t:|1606260558\n|move|p2a: Polteageist|Shadow Ball|p1a: Zapdos\n|-damage|p1a: Zapdos|0 fnt\n|faint|p1a: Zapdos\n|\n|upkeep\n|\n|t:|1606260560\n|switch|p1a: Urshifu|Urshifu, M|82\/100\n|-damage|p1a: Urshifu|76\/100|[from] Stealth Rock\n|turn|29\n|\n|t:|1606260568\n|move|p2a: Polteageist|Giga Drain|p1a: Urshifu\n|-damage|p1a: Urshifu|0 fnt\n|-heal|p2a: Polteageist|54\/100|[from] drain|[of] p1a: Urshifu\n|faint|p1a: Urshifu\n|\n|win|NoUserNameForMe\n|l|\u2606friedfreak\n||Ladder (probably) updated, but score could not be retrieved (Request timeout).\n","uploadtime":1606260602,"views":29,"p1id":"friedfreak","p2id":"nousernameforme","formatid":"gen8ou","rating":0,"private":0,"password":null}