{"id":"gen8ubers-1307848216","p1":"Chickpiee","p2":"stareal","format":"gen8ubers","log":"|j|\u2606Chickpiee\n|j|\u2606stareal\n|t:|1616584957\n|player|p1|Chickpiee|caitlin|\n|player|p2|stareal|#stareal|\n|teamsize|p1|6\n|teamsize|p2|6\n|gametype|singles\n|gen|8\n|tier|[Gen 8] Ubers\n|rated|Tournament battle\n|clearpoke\n|poke|p1|Ho-Oh|\n|poke|p1|Necrozma-Dusk-Mane|\n|poke|p1|Yveltal|\n|poke|p1|Zygarde|\n|poke|p1|Eternatus|\n|poke|p1|Chansey, F|\n|poke|p2|Palkia|\n|poke|p2|Ho-Oh|\n|poke|p2|Necrozma-Dusk-Mane|\n|poke|p2|Eternatus|\n|poke|p2|Zacian|\n|poke|p2|Yveltal|\n|rule|Sleep Clause Mod: Limit one foe put to sleep\n|rule|Species Clause: Limit one of each Pok\u00e9mon\n|rule|OHKO Clause: OHKO moves are banned\n|rule|Evasion Moves Clause: Evasion moves are banned\n|rule|Endless Battle Clause: Forcing endless battles is banned\n|rule|HP Percentage Mod: HP is shown in percentages\n|rule|Dynamax Clause: You cannot dynamax\n|teampreview\n|j|*Lady Monita\n|inactive|Battle timer is ON: inactive players will automatically lose when time's up. (requested by Chickpiee)\n|j| wht u talkin abt\n|c| wht u talkin abt|Go Go\n|\n|t:|1616584976\n|start\n|switch|p1a: Othello|Ho-Oh, shiny|100\/100\n|switch|p2a: Palkia|Palkia|100\/100\n|-ability|p2a: Palkia|Pressure\n|turn|1\n|\n|t:|1616584984\n|-singleturn|p2a: Palkia|move: Focus Punch\n|move|p1a: Othello|Toxic|p2a: Palkia\n|-status|p2a: Palkia|tox\n|move|p2a: Palkia|Focus Punch|p1a: Othello\n|-resisted|p1a: Othello\n|-damage|p1a: Othello|83\/100\n|-damage|p2a: Palkia|91\/100 tox|[from] item: Life Orb\n|\n|-damage|p2a: Palkia|84\/100 tox|[from] psn\n|upkeep\n|turn|2\n|j| monswoone\n|\n|t:|1616584998\n|-singleturn|p2a: Palkia|move: Focus Punch\n|move|p1a: Othello|Recover|p1a: Othello\n|-heal|p1a: Othello|100\/100\n|move|p2a: Palkia|Focus Punch|p1a: Othello\n|-resisted|p1a: Othello\n|-damage|p1a: Othello|85\/100\n|-damage|p2a: Palkia|74\/100 tox|[from] item: Life Orb\n|\n|-damage|p2a: Palkia|62\/100 tox|[from] psn\n|upkeep\n|turn|3\n|inactive|Chickpiee has 120 seconds left.\n|\n|t:|1616585040\n|move|p2a: Palkia|Hydro Pump|p1a: Othello|[miss]\n|-miss|p2a: Palkia|p1a: Othello\n|move|p1a: Othello|Sacred Fire|p2a: Palkia\n|-resisted|p2a: Palkia\n|-damage|p2a: Palkia|49\/100 tox\n|\n|-damage|p2a: Palkia|30\/100 tox|[from] psn\n|upkeep\n|turn|4\n|\n|t:|1616585048\n|-singleturn|p2a: Palkia|move: Focus Punch\n|move|p1a: Othello|Recover|p1a: Othello\n|-heal|p1a: Othello|100\/100\n|move|p2a: Palkia|Focus Punch|p1a: Othello\n|-resisted|p1a: Othello\n|-damage|p1a: Othello|83\/100\n|-damage|p2a: Palkia|20\/100 tox|[from] item: Life Orb\n|\n|-damage|p2a: Palkia|0 fnt|[from] psn\n|faint|p2a: Palkia\n|upkeep\n|\n|t:|1616585061\n|switch|p2a: Zacian|Zacian|100\/100\n|-ability|p2a: Zacian|Intrepid Sword|boost\n|-boost|p2a: Zacian|atk|1\n|turn|5\n|j| mac3 \u271d\n|\n|t:|1616585068\n|switch|p1a: Shylock|Necrozma-Dusk-Mane|100\/100\n|move|p2a: Zacian|Wild Charge|p1a: Shylock\n|-damage|p1a: Shylock|54\/100\n|-damage|p2a: Zacian|84\/100|[from] item: Rocky Helmet|[of] p1a: Shylock\n|-damage|p2a: Zacian|70\/100|[from] Recoil\n|\n|upkeep\n|turn|6\n|\n|t:|1616585078\n|switch|p2a: Yveltal|Yveltal|100\/100\n|-ability|p2a: Yveltal|Dark Aura\n|move|p1a: Shylock|Moonlight|p1a: Shylock\n|-heal|p1a: Shylock|100\/100\n|\n|upkeep\n|turn|7\n|\n|t:|1616585084\n|switch|p1a: Crone|Eternatus|100\/100\n|-ability|p1a: Crone|Pressure\n|move|p2a: Yveltal|U-turn|p1a: Crone\n|-resisted|p1a: Crone\n|-damage|p1a: Crone|94\/100\n|j|%Perish Song\n|\n|t:|1616585089\n|switch|p2a: Necrozma|Necrozma-Dusk-Mane|100\/100|[from]move: U-turn\n|\n|-heal|p1a: Crone|99\/100|[from] item: Black Sludge\n|upkeep\n|turn|8\n|\n|t:|1616585099\n|switch|p1a: Shylock|Necrozma-Dusk-Mane|100\/100\n|move|p2a: Necrozma|Stealth Rock|p1a: Shylock\n|-sidestart|p1: Chickpiee|move: Stealth Rock\n|\n|upkeep\n|turn|9\n|\n|t:|1616585108\n|move|p1a: Shylock|Thunder Wave|p2a: Necrozma\n|-status|p2a: Necrozma|par\n|move|p2a: Necrozma|Earthquake|p1a: Shylock\n|-supereffective|p1a: Shylock\n|-damage|p1a: Shylock|68\/100\n|\n|upkeep\n|turn|10\n|\n|t:|1616585114\n|switch|p2a: Yveltal|Yveltal|100\/100\n|-ability|p2a: Yveltal|Dark Aura\n|move|p1a: Shylock|Stealth Rock|p2a: Yveltal\n|-sidestart|p2: stareal|move: Stealth Rock\n|\n|upkeep\n|turn|11\n|\n|t:|1616585123\n|switch|p1a: Crone|Eternatus|99\/100\n|-damage|p1a: Crone|88\/100|[from] Stealth Rock\n|-ability|p1a: Crone|Pressure\n|move|p2a: Yveltal|U-turn|p1a: Crone\n|-resisted|p1a: Crone\n|-damage|p1a: Crone|81\/100\n|\n|t:|1616585126\n|switch|p2a: Zacian|Zacian|70\/100|[from]move: U-turn\n|-damage|p2a: Zacian|57\/100|[from] Stealth Rock\n|-ability|p2a: Zacian|Intrepid Sword|boost\n|-boost|p2a: Zacian|atk|1\n|\n|-heal|p1a: Crone|87\/100|[from] item: Black Sludge\n|upkeep\n|turn|12\n|\n|t:|1616585134\n|move|p2a: Zacian|Play Rough|p1a: Crone\n|-damage|p1a: Crone|14\/100\n|move|p1a: Crone|Recover|p1a: Crone\n|-heal|p1a: Crone|64\/100\n|\n|-heal|p1a: Crone|70\/100|[from] item: Black Sludge\n|upkeep\n|turn|13\n|\n|t:|1616585141\n|switch|p1a: Othello|Ho-Oh, shiny|100\/100\n|move|p2a: Zacian|Play Rough|p1a: Othello\n|-resisted|p1a: Othello\n|-damage|p1a: Othello|63\/100\n|\n|upkeep\n|turn|14\n|\n|t:|1616585148\n|switch|p2a: Eternatus|Eternatus|100\/100\n|-damage|p2a: Eternatus|88\/100|[from] Stealth Rock\n|-ability|p2a: Eternatus|Pressure\n|move|p1a: Othello|Recover|p1a: Othello\n|-heal|p1a: Othello|100\/100\n|\n|-heal|p2a: Eternatus|94\/100|[from] item: Black Sludge\n|upkeep\n|turn|15\n|\n|t:|1616585154\n|switch|p2a: Zacian|Zacian|57\/100\n|-damage|p2a: Zacian|45\/100|[from] Stealth Rock\n|-ability|p2a: Zacian|Intrepid Sword|boost\n|-boost|p2a: Zacian|atk|1\n|move|p1a: Othello|Sacred Fire|p2a: Zacian\n|-damage|p2a: Zacian|4\/100\n|\n|upkeep\n|turn|16\n|\n|t:|1616585159\n|move|p2a: Zacian|Close Combat|p1a: Othello\n|-resisted|p1a: Othello\n|-damage|p1a: Othello|68\/100\n|-unboost|p2a: Zacian|def|1\n|-unboost|p2a: Zacian|spd|1\n|move|p1a: Othello|Sacred Fire|p2a: Zacian\n|-damage|p2a: Zacian|0 fnt\n|faint|p2a: Zacian\n|\n|upkeep\n|-message|stareal forfeited.\n|\n|win|Chickpiee\n|n|\u2606Chickpiee|chickpiee\n|n|\u2606stareal|stareal\n|n|*Lady Monita|ladymonita\n|n| wht u talkin abt|whtutalkinabt\n|n| monswoone|monswoone\n|n| mac3 \u271d|mac3\n|n|%Perish Song|perishsong\n|l|*Lady Monita\n|l|\u2606stareal\n|l|%Perish Song\n|c|\u2606Chickpiee|Luv from Blim\n","uploadtime":1616585173,"views":38,"p1id":"chickpiee","p2id":"stareal","formatid":"gen8ubers","rating":0,"private":0,"password":null}