{"id":"gen8ou-1647322227","p1":"Sww-Suwa","p2":"eelektrik funeral","format":"gen8ou","log":"|j|\u2606Sww-Suwa\n|j|\u2606eelektrik funeral\n|inactive|Battle timer is ON: inactive players will automatically lose when time's up.\n|t:|1661367853\n|gametype|singles\n|player|p1|Sww-Suwa|dawn-masters|\n|player|p2|eelektrik funeral|workerice|\n|teamsize|p1|3\n|teamsize|p2|3\n|gen|8\n|tier|[Gen 8] OU\n|rated|Tournament battle\n|rule|Sleep Clause Mod: Limit one foe put to sleep\n|rule|OHKO Clause: OHKO moves are banned\n|rule|Evasion Items Clause: Evasion items are banned\n|rule|Evasion Moves Clause: Evasion moves are banned\n|rule|Endless Battle Clause: Forcing endless battles is banned\n|rule|HP Percentage Mod: HP is shown in percentages\n|rule|Dynamax Clause: You cannot dynamax\n|clearpoke\n|poke|p1|Jirachi|\n|poke|p1|Jirachi|\n|poke|p1|Jirachi|\n|poke|p2|Jirachi|\n|poke|p2|Jirachi|\n|poke|p2|Jirachi|\n|teampreview\n|j| Illiad_Appignani\n|c|\u2606Sww-Suwa|hf\n|j| TR23\n|\n|t:|1661367860\n|start\n|switch|p1a: Jirachi|Jirachi|100\/100\n|switch|p2a: Jirachi|Jirachi|100\/100\n|turn|1\n|c| Illiad_Appignani|LETS GOO\n|j| 3ch09\n|\n|t:|1661367866\n|move|p1a: Jirachi|Trick|p2a: Jirachi\n|-activate|p1a: Jirachi|move: Trick|[of] p2a: Jirachi\n|-item|p2a: Jirachi|Choice Scarf|[from] move: Trick\n|-item|p1a: Jirachi|Choice Scarf|[from] move: Trick\n|move|p2a: Jirachi|Thunder Wave|p1a: Jirachi|[miss]\n|-miss|p2a: Jirachi|p1a: Jirachi\n|\n|upkeep\n|turn|2\n|c| TR23|i knew the goat would be here\n|j| Arcanine1929\n|j| charleston chu\n|j| TheNewBrends11\n|j| tytyui\u21bb\n|\n|t:|1661367883\n|move|p1a: Jirachi|Thunder Wave|p2a: Jirachi\n|-status|p2a: Jirachi|par\n|move|p2a: Jirachi|Thunder Wave|p1a: Jirachi\n|-status|p1a: Jirachi|par\n|\n|upkeep\n|turn|3\n|c|\u2606Sww-Suwa|bro\n|c|\u2606Sww-Suwa|i wasnt paying attention\n|c|\u2606Sww-Suwa|why are you scarf too\n|c|\u2606Sww-Suwa|lmao\n|j| Forwards\n|inactive|eelektrik funeral has 120 seconds left.\n|c| TR23|get scarfed\n|\n|t:|1661367923\n|switch|p2a: Jirachi|Jirachi|100\/100\n|cant|p1a: Jirachi|par\n|\n|upkeep\n|turn|4\n|\n|t:|1661367927\n|move|p2a: Jirachi|Calm Mind|p2a: Jirachi\n|-boost|p2a: Jirachi|spa|1\n|-boost|p2a: Jirachi|spd|1\n|move|p1a: Jirachi|Thunder Wave|p2a: Jirachi\n|-status|p2a: Jirachi|par\n|\n|upkeep\n|turn|5\n|\n|t:|1661367929\n|switch|p1a: Jirachi|Jirachi|100\/100\n|move|p2a: Jirachi|Iron Defense|p2a: Jirachi\n|-boost|p2a: Jirachi|def|2\n|\n|upkeep\n|turn|6\n|\n|t:|1661367932\n|move|p1a: Jirachi|Trick|p2a: Jirachi\n|-activate|p1a: Jirachi|move: Trick|[of] p2a: Jirachi\n|-item|p2a: Jirachi|Choice Scarf|[from] move: Trick\n|-item|p1a: Jirachi|Leftovers|[from] move: Trick\n|move|p2a: Jirachi|Shadow Ball|p1a: Jirachi\n|-supereffective|p1a: Jirachi\n|-damage|p1a: Jirachi|44\/100\n|-unboost|p1a: Jirachi|spd|1\n|\n|-heal|p1a: Jirachi|50\/100|[from] item: Leftovers\n|upkeep\n|turn|7\n|\n|t:|1661367947\n|move|p1a: Jirachi|Shadow Ball|p2a: Jirachi\n|-supereffective|p2a: Jirachi\n|-damage|p2a: Jirachi|76\/100 par\n|cant|p2a: Jirachi|par\n|\n|-heal|p1a: Jirachi|56\/100|[from] item: Leftovers\n|upkeep\n|turn|8\n|c| charleston chu|oh damn\n|\n|t:|1661367955\n|move|p1a: Jirachi|Shadow Ball|p2a: Jirachi\n|-supereffective|p2a: Jirachi\n|-damage|p2a: Jirachi|50\/100 par\n|move|p2a: Jirachi|Shadow Ball|p1a: Jirachi\n|-supereffective|p1a: Jirachi\n|-damage|p1a: Jirachi|0 fnt\n|faint|p1a: Jirachi\n|\n|upkeep\n|\n|t:|1661367966\n|switch|p1a: Jirachi|Jirachi, shiny|100\/100\n|turn|9\n|\n|t:|1661367973\n|move|p1a: Jirachi|Calm Mind|p1a: Jirachi\n|-boost|p1a: Jirachi|spa|1\n|-boost|p1a: Jirachi|spd|1\n|move|p2a: Jirachi|Shadow Ball|p1a: Jirachi\n|-supereffective|p1a: Jirachi\n|-damage|p1a: Jirachi|63\/100\n|-unboost|p1a: Jirachi|spd|1\n|\n|-heal|p1a: Jirachi|69\/100|[from] item: Leftovers\n|upkeep\n|turn|10\n|\n|t:|1661367979\n|move|p1a: Jirachi|Protect|p1a: Jirachi\n|-singleturn|p1a: Jirachi|Protect\n|move|p2a: Jirachi|Shadow Ball|p1a: Jirachi\n|-activate|p1a: Jirachi|move: Protect\n|\n|-heal|p1a: Jirachi|75\/100|[from] item: Leftovers\n|upkeep\n|turn|11\n|\n|t:|1661367987\n|move|p1a: Jirachi|Shadow Ball|p2a: Jirachi\n|-supereffective|p2a: Jirachi\n|-damage|p2a: Jirachi|10\/100 par\n|cant|p2a: Jirachi|par\n|\n|-heal|p1a: Jirachi|81\/100|[from] item: Leftovers\n|upkeep\n|turn|12\n|j| fa kin nob tem\n|\n|t:|1661367996\n|move|p1a: Jirachi|Protect|p1a: Jirachi\n|-singleturn|p1a: Jirachi|Protect\n|move|p2a: Jirachi|Shadow Ball|p1a: Jirachi\n|-activate|p1a: Jirachi|move: Protect\n|\n|-heal|p1a: Jirachi|88\/100|[from] item: Leftovers\n|upkeep\n|turn|13\n|\n|t:|1661368000\n|move|p1a: Jirachi|Calm Mind|p1a: Jirachi\n|-boost|p1a: Jirachi|spa|1\n|-boost|p1a: Jirachi|spd|1\n|move|p2a: Jirachi|Shadow Ball|p1a: Jirachi\n|-supereffective|p1a: Jirachi\n|-damage|p1a: Jirachi|49\/100\n|\n|-heal|p1a: Jirachi|55\/100|[from] item: Leftovers\n|upkeep\n|turn|14\n|\n|t:|1661368008\n|move|p1a: Jirachi|Protect|p1a: Jirachi\n|-singleturn|p1a: Jirachi|Protect\n|move|p2a: Jirachi|Shadow Ball|p1a: Jirachi\n|-activate|p1a: Jirachi|move: Protect\n|\n|-heal|p1a: Jirachi|61\/100|[from] item: Leftovers\n|upkeep\n|turn|15\n|\n|t:|1661368012\n|move|p1a: Jirachi|Shadow Ball|p2a: Jirachi\n|-supereffective|p2a: Jirachi\n|-damage|p2a: Jirachi|0 fnt\n|faint|p2a: Jirachi\n|\n|-heal|p1a: Jirachi|67\/100|[from] item: Leftovers\n|upkeep\n|\n|t:|1661368015\n|switch|p2a: Jirachi|Jirachi|100\/100 par\n|turn|16\n|\n|t:|1661368019\n|move|p1a: Jirachi|Protect|p1a: Jirachi\n|-singleturn|p1a: Jirachi|Protect\n|move|p2a: Jirachi|Trick|p1a: Jirachi\n|-activate|p1a: Jirachi|move: Protect\n|\n|-heal|p1a: Jirachi|74\/100|[from] item: Leftovers\n|upkeep\n|turn|17\n|\n|t:|1661368027\n|switch|p1a: Jirachi|Jirachi|100\/100 par\n|move|p2a: Jirachi|Trick|p1a: Jirachi\n|-activate|p2a: Jirachi|move: Trick|[of] p1a: Jirachi\n|-item|p1a: Jirachi|Choice Scarf|[from] move: Trick\n|-item|p2a: Jirachi|Choice Scarf|[from] move: Trick\n|\n|upkeep\n|turn|18\n|\n|t:|1661368033\n|move|p1a: Jirachi|Healing Wish|p1a: Jirachi\n|faint|p1a: Jirachi\n|move|p2a: Jirachi|Fire Punch|p1: Jirachi|[notarget]\n|-fail|p2a: Jirachi\n|\n|upkeep\n|\n|t:|1661368038\n|switch|p1a: Jirachi|Jirachi, shiny|74\/100\n|-heal|p1a: Jirachi|100\/100|[from] move: Healing Wish\n|turn|19\n|\n|t:|1661368041\n|move|p1a: Jirachi|Iron Defense|p1a: Jirachi\n|-boost|p1a: Jirachi|def|2\n|move|p2a: Jirachi|Fire Punch|p1a: Jirachi\n|-supereffective|p1a: Jirachi\n|-damage|p1a: Jirachi|83\/100\n|\n|-heal|p1a: Jirachi|89\/100|[from] item: Leftovers\n|upkeep\n|turn|20\n|\n|t:|1661368045\n|switch|p2a: Jirachi|Jirachi|100\/100\n|move|p1a: Jirachi|Calm Mind|p1a: Jirachi\n|-boost|p1a: Jirachi|spa|1\n|-boost|p1a: Jirachi|spd|1\n|\n|-heal|p1a: Jirachi|95\/100|[from] item: Leftovers\n|upkeep\n|turn|21\n|\n|t:|1661368048\n|move|p1a: Jirachi|Shadow Ball|p2a: Jirachi\n|-supereffective|p2a: Jirachi\n|-damage|p2a: Jirachi|35\/100\n|move|p2a: Jirachi|Imprison|p2a: Jirachi\n|-start|p2a: Jirachi|move: Imprison\n|\n|-heal|p2a: Jirachi|41\/100|[from] item: Leftovers\n|-heal|p1a: Jirachi|100\/100|[from] item: Leftovers\n|upkeep\n|turn|22\n|c|\u2606Sww-Suwa|wtf\n|c| TR23|lmao\n|\n|t:|1661368064\n|move|p2a: Jirachi|Shadow Ball|p1a: Jirachi\n|-supereffective|p1a: Jirachi\n|-damage|p1a: Jirachi|68\/100\n|-unboost|p1a: Jirachi|spd|1\n|move|p1a: Jirachi|Iron Defense|p1a: Jirachi\n|-boost|p1a: Jirachi|def|2\n|\n|-heal|p2a: Jirachi|47\/100|[from] item: Leftovers\n|-heal|p1a: Jirachi|74\/100|[from] item: Leftovers\n|upkeep\n|turn|23\n|c| Arcanine1929|gg\n|c| charleston chu|literally hacked\n|c|\u2606eelektrik funeral|gg\n|\n|t:|1661368075\n|move|p1a: Jirachi|Protect|p1a: Jirachi\n|-singleturn|p1a: Jirachi|Protect\n|move|p2a: Jirachi|Shadow Ball|p1a: Jirachi\n|-activate|p1a: Jirachi|move: Protect\n|\n|-heal|p1a: Jirachi|80\/100|[from] item: Leftovers\n|-heal|p2a: Jirachi|53\/100|[from] item: Leftovers\n|upkeep\n|turn|24\n|\n|t:|1661368080\n|move|p1a: Jirachi|Calm Mind|p1a: Jirachi\n|-boost|p1a: Jirachi|spa|1\n|-boost|p1a: Jirachi|spd|1\n|move|p2a: Jirachi|Shadow Ball|p1a: Jirachi\n|-supereffective|p1a: Jirachi\n|-damage|p1a: Jirachi|50\/100\n|\n|-heal|p2a: Jirachi|59\/100|[from] item: Leftovers\n|-heal|p1a: Jirachi|56\/100|[from] item: Leftovers\n|upkeep\n|turn|25\n|j|@Srn\n|inactive|eelektrik funeral has 120 seconds left.\n|\n|t:|1661368112\n|move|p1a: Jirachi|Protect|p1a: Jirachi\n|-singleturn|p1a: Jirachi|Protect\n|move|p2a: Jirachi|Shadow Ball|p1a: Jirachi\n|-activate|p1a: Jirachi|move: Protect\n|\n|-heal|p1a: Jirachi|62\/100|[from] item: Leftovers\n|-heal|p2a: Jirachi|66\/100|[from] item: Leftovers\n|upkeep\n|turn|26\n|j| Escobarbaracle\n|\n|t:|1661368116\n|move|p2a: Jirachi|Fire Punch|p1a: Jirachi\n|-supereffective|p1a: Jirachi\n|-damage|p1a: Jirachi|53\/100\n|move|p1a: Jirachi|Calm Mind|p1a: Jirachi\n|-boost|p1a: Jirachi|spa|1\n|-boost|p1a: Jirachi|spd|1\n|\n|-heal|p1a: Jirachi|59\/100|[from] item: Leftovers\n|-heal|p2a: Jirachi|72\/100|[from] item: Leftovers\n|upkeep\n|turn|27\n|j| omegadog48\n|\n|t:|1661368125\n|move|p1a: Jirachi|Protect|p1a: Jirachi\n|-singleturn|p1a: Jirachi|Protect\n|move|p2a: Jirachi|Fire Punch|p1a: Jirachi\n|-activate|p1a: Jirachi|move: Protect\n|\n|-heal|p1a: Jirachi|65\/100|[from] item: Leftovers\n|-heal|p2a: Jirachi|78\/100|[from] item: Leftovers\n|upkeep\n|turn|28\n|l| omegadog48\n|j| genaromgc\n|l| genaromgc\n|c|\u2606Sww-Suwa|idk\n|c|\u2606Sww-Suwa|seems like my rachi\n|c|\u2606Sww-Suwa|can do it\n|inactive|eelektrik funeral has 120 seconds left.\n|c| charleston chu|if no crit or burn\n|j| genaromgc\n|\n|t:|1661368164\n|move|p1a: Jirachi|Calm Mind|p1a: Jirachi\n|-boost|p1a: Jirachi|spa|1\n|-boost|p1a: Jirachi|spd|1\n|move|p2a: Jirachi|Shadow Ball|p1a: Jirachi\n|-supereffective|p1a: Jirachi\n|-damage|p1a: Jirachi|45\/100\n|-unboost|p1a: Jirachi|spd|1\n|\n|-heal|p2a: Jirachi|84\/100|[from] item: Leftovers\n|-heal|p1a: Jirachi|51\/100|[from] item: Leftovers\n|upkeep\n|turn|29\n|c|@Srn|u can't do damage tho\n|c|\u2606Sww-Suwa|i just need to\n|c|\u2606Sww-Suwa|pp stall\n|\n|t:|1661368178\n|move|p1a: Jirachi|Protect|p1a: Jirachi\n|-singleturn|p1a: Jirachi|Protect\n|move|p2a: Jirachi|Shadow Ball|p1a: Jirachi\n|-activate|p1a: Jirachi|move: Protect\n|\n|-heal|p1a: Jirachi|57\/100|[from] item: Leftovers\n|-heal|p2a: Jirachi|90\/100|[from] item: Leftovers\n|upkeep\n|turn|30\n|c| Illiad_Appignani|ive seen rachi's come back from this before in bracket\n|c|@Srn|hmm but even if you struggle u may not die either\n|\n|t:|1661368184\n|move|p2a: Jirachi|Shadow Ball|p1a: Jirachi\n|-supereffective|p1a: Jirachi\n|-damage|p1a: Jirachi|31\/100\n|-unboost|p1a: Jirachi|spd|1\n|move|p1a: Jirachi|Calm Mind|p1a: Jirachi\n|-boost|p1a: Jirachi|spa|1\n|-boost|p1a: Jirachi|spd|1\n|\n|-heal|p1a: Jirachi|38\/100|[from] item: Leftovers\n|-heal|p2a: Jirachi|96\/100|[from] item: Leftovers\n|upkeep\n|turn|31\n|c|\u2606Sww-Suwa|bro\n|c|\u2606Sww-Suwa|the spdef drops\n|c|\u2606Sww-Suwa|x.x\n|c| TR23|uh\n|\n|t:|1661368194\n|move|p1a: Jirachi|Protect|p1a: Jirachi\n|-singleturn|p1a: Jirachi|Protect\n|move|p2a: Jirachi|Shadow Ball|p1a: Jirachi\n|-activate|p1a: Jirachi|move: Protect\n|\n|-heal|p1a: Jirachi|44\/100|[from] item: Leftovers\n|-heal|p2a: Jirachi|100\/100|[from] item: Leftovers\n|upkeep\n|turn|32\n|c| TR23|you still sure lol\n|\n|t:|1661368197\n|move|p1a: Jirachi|Calm Mind|p1a: Jirachi\n|-boost|p1a: Jirachi|spa|1\n|-boost|p1a: Jirachi|spd|1\n|move|p2a: Jirachi|Shadow Ball|p1a: Jirachi\n|-supereffective|p1a: Jirachi\n|-damage|p1a: Jirachi|25\/100\n|\n|-heal|p1a: Jirachi|31\/100|[from] item: Leftovers\n|upkeep\n|turn|33\n|\n|t:|1661368205\n|move|p2a: Jirachi|Shadow Ball|p1a: Jirachi\n|-supereffective|p1a: Jirachi\n|-damage|p1a: Jirachi|11\/100\n|move|p1a: Jirachi|Calm Mind|p1a: Jirachi\n|-boost|p1a: Jirachi|spa|0\n|-boost|p1a: Jirachi|spd|1\n|\n|-heal|p1a: Jirachi|17\/100|[from] item: Leftovers\n|upkeep\n|turn|34\n|\n|t:|1661368211\n|move|p1a: Jirachi|Protect|p1a: Jirachi\n|-singleturn|p1a: Jirachi|Protect\n|move|p2a: Jirachi|Shadow Ball|p1a: Jirachi\n|-activate|p1a: Jirachi|move: Protect\n|\n|-heal|p1a: Jirachi|24\/100|[from] item: Leftovers\n|upkeep\n|turn|35\n|c| tytyui\u21bb|double protect\n|c| TR23|crit rn\n|c|\u2606Sww-Suwa|watch\n|c|\u2606Sww-Suwa|this double protect\n|c| Illiad_Appignani|actually throwing suwa\n|\n|t:|1661368224\n|move|p1a: Jirachi|Protect|p1a: Jirachi\n|-singleturn|p1a: Jirachi|Protect\n|move|p2a: Jirachi|Shadow Ball|p1a: Jirachi\n|-activate|p1a: Jirachi|move: Protect\n|\n|-heal|p1a: Jirachi|30\/100|[from] item: Leftovers\n|upkeep\n|turn|36\n|l| Escobarbaracle\n|j| gewwge\n|l|@Srn\n|\n|t:|1661368230\n|move|p2a: Jirachi|Shadow Ball|p1a: Jirachi\n|-supereffective|p1a: Jirachi\n|-damage|p1a: Jirachi|14\/100\n|move|p1a: Jirachi|Calm Mind|p1a: Jirachi\n|-boost|p1a: Jirachi|spa|0\n|-boost|p1a: Jirachi|spd|1\n|\n|-heal|p1a: Jirachi|20\/100|[from] item: Leftovers\n|upkeep\n|turn|37\n|c| TR23|oh baby a triple\n|\n|t:|1661368238\n|move|p1a: Jirachi|Calm Mind|p1a: Jirachi\n|-boost|p1a: Jirachi|spa|0\n|-boost|p1a: Jirachi|spd|1\n|move|p2a: Jirachi|Shadow Ball|p1a: Jirachi\n|-supereffective|p1a: Jirachi\n|-damage|p1a: Jirachi|8\/100\n|-unboost|p1a: Jirachi|spd|1\n|\n|-heal|p1a: Jirachi|14\/100|[from] item: Leftovers\n|upkeep\n|turn|38\n|\n|t:|1661368244\n|move|p1a: Jirachi|Protect|p1a: Jirachi\n|-singleturn|p1a: Jirachi|Protect\n|move|p2a: Jirachi|Fire Punch|p1a: Jirachi\n|-activate|p1a: Jirachi|move: Protect\n|\n|-heal|p1a: Jirachi|20\/100|[from] item: Leftovers\n|upkeep\n|turn|39\n|j| Escobarbaracle\n|\n|t:|1661368248\n|move|p2a: Jirachi|Fire Punch|p1a: Jirachi\n|-supereffective|p1a: Jirachi\n|-damage|p1a: Jirachi|9\/100\n|move|p1a: Jirachi|Calm Mind|p1a: Jirachi\n|-boost|p1a: Jirachi|spa|0\n|-boost|p1a: Jirachi|spd|1\n|\n|-heal|p1a: Jirachi|15\/100|[from] item: Leftovers\n|upkeep\n|turn|40\n|c| TR23|what is the burn chance\n|\n|t:|1661368257\n|move|p1a: Jirachi|Protect|p1a: Jirachi\n|-singleturn|p1a: Jirachi|Protect\n|move|p2a: Jirachi|Fire Punch|p1a: Jirachi\n|-activate|p1a: Jirachi|move: Protect\n|\n|-heal|p1a: Jirachi|21\/100|[from] item: Leftovers\n|upkeep\n|turn|41\n|c| charleston chu|20\n|c| tytyui\u21bb|10%\n|\n|t:|1661368263\n|move|p2a: Jirachi|Shadow Ball|p1a: Jirachi\n|-supereffective|p1a: Jirachi\n|-damage|p1a: Jirachi|8\/100\n|move|p1a: Jirachi|Iron Defense|p1a: Jirachi\n|-boost|p1a: Jirachi|def|2\n|\n|-heal|p1a: Jirachi|15\/100|[from] item: Leftovers\n|upkeep\n|turn|42\n|l| genaromgc\n|c| TR23|why won't he burn\n|c| TR23|lol\n|c| charleston chu|serene grace\n|\n|t:|1661368274\n|move|p1a: Jirachi|Protect|p1a: Jirachi\n|-singleturn|p1a: Jirachi|Protect\n|move|p2a: Jirachi|Fire Punch|p1a: Jirachi\n|-activate|p1a: Jirachi|move: Protect\n|\n|-heal|p1a: Jirachi|21\/100|[from] item: Leftovers\n|upkeep\n|turn|43\n|c| charleston chu|so not 10\n|c| tytyui\u21bb|oh yeah grace\n|\n|t:|1661368281\n|move|p1a: Jirachi|Iron Defense|p1a: Jirachi\n|-boost|p1a: Jirachi|def|0\n|move|p2a: Jirachi|Fire Punch|p1a: Jirachi\n|-supereffective|p1a: Jirachi\n|-damage|p1a: Jirachi|12\/100\n|\n|-heal|p1a: Jirachi|18\/100|[from] item: Leftovers\n|upkeep\n|turn|44\n|c| TR23|spam fire punch\n|\n|t:|1661368288\n|move|p2a: Jirachi|Fire Punch|p1a: Jirachi\n|-supereffective|p1a: Jirachi\n|-damage|p1a: Jirachi|10\/100\n|move|p1a: Jirachi|Iron Defense|p1a: Jirachi\n|-boost|p1a: Jirachi|def|0\n|\n|-heal|p1a: Jirachi|16\/100|[from] item: Leftovers\n|upkeep\n|turn|45\n|\n|t:|1661368292\n|move|p1a: Jirachi|Iron Defense|p1a: Jirachi\n|-boost|p1a: Jirachi|def|0\n|move|p2a: Jirachi|Fire Punch|p1a: Jirachi\n|-supereffective|p1a: Jirachi\n|-damage|p1a: Jirachi|8\/100\n|\n|-heal|p1a: Jirachi|14\/100|[from] item: Leftovers\n|upkeep\n|turn|46\n|c| Illiad_Appignani|shadow balls probably better\n|c| TR23|fire punch cancels lefties\n|\n|t:|1661368302\n|move|p1a: Jirachi|Protect|p1a: Jirachi\n|-singleturn|p1a: Jirachi|Protect\n|move|p2a: Jirachi|Fire Punch|p1a: Jirachi\n|-activate|p1a: Jirachi|move: Protect\n|\n|-heal|p1a: Jirachi|20\/100|[from] item: Leftovers\n|upkeep\n|turn|47\n|c| TR23|if burn\n|c| Illiad_Appignani|true true\n|\n|t:|1661368309\n|move|p2a: Jirachi|Fire Punch|p1a: Jirachi\n|-supereffective|p1a: Jirachi\n|-damage|p1a: Jirachi|12\/100\n|move|p1a: Jirachi|Iron Defense|p1a: Jirachi\n|-boost|p1a: Jirachi|def|0\n|\n|-heal|p1a: Jirachi|18\/100|[from] item: Leftovers\n|upkeep\n|turn|48\n|c| TR23|bruh\n|\n|t:|1661368315\n|move|p2a: Jirachi|Shadow Ball|p1a: Jirachi\n|-supereffective|p1a: Jirachi\n|-damage|p1a: Jirachi|5\/100\n|-unboost|p1a: Jirachi|spd|1\n|move|p1a: Jirachi|Iron Defense|p1a: Jirachi\n|-boost|p1a: Jirachi|def|0\n|\n|-heal|p1a: Jirachi|11\/100|[from] item: Leftovers\n|upkeep\n|turn|49\n|\n|t:|1661368319\n|move|p1a: Jirachi|Protect|p1a: Jirachi\n|-singleturn|p1a: Jirachi|Protect\n|move|p2a: Jirachi|Fire Punch|p1a: Jirachi\n|-activate|p1a: Jirachi|move: Protect\n|\n|-heal|p1a: Jirachi|17\/100|[from] item: Leftovers\n|upkeep\n|turn|50\n|c| Illiad_Appignani|imagine if shadow ball over protect\n|c| Illiad_Appignani|what is this set\n|c| tytyui\u21bb|ngl suwa lucky\n|\n|t:|1661368325\n|move|p2a: Jirachi|Shadow Ball|p1a: Jirachi\n|-supereffective|p1a: Jirachi\n|-damage|p1a: Jirachi|3\/100\n|move|p1a: Jirachi|Calm Mind|p1a: Jirachi\n|-boost|p1a: Jirachi|spa|0\n|-boost|p1a: Jirachi|spd|1\n|\n|-heal|p1a: Jirachi|10\/100|[from] item: Leftovers\n|upkeep\n|turn|51\n|c|\u2606Sww-Suwa|rip\n|\n|t:|1661368331\n|move|p1a: Jirachi|Calm Mind|p1a: Jirachi\n|-boost|p1a: Jirachi|spa|0\n|-boost|p1a: Jirachi|spd|0\n|move|p2a: Jirachi|Fire Punch|p1a: Jirachi\n|-supereffective|p1a: Jirachi\n|-damage|p1a: Jirachi|1\/100\n|\n|-heal|p1a: Jirachi|7\/100|[from] item: Leftovers\n|upkeep\n|turn|52\n|c|\u2606Sww-Suwa|ggs\n|c| Illiad_Appignani|LETS GOOOOOO\n|\n|t:|1661368337\n|move|p2a: Jirachi|Shadow Ball|p1a: Jirachi\n|-supereffective|p1a: Jirachi\n|-damage|p1a: Jirachi|0 fnt\n|faint|p1a: Jirachi\n|\n|win|eelektrik funeral\n|n|\u2606Sww-Suwa|swwsuwa\n|n|\u2606eelektrik funeral|eelektrikfuneral\n|n| Illiad_Appignani|illiadappignani\n|n| TR23|tr23\n|n| 3ch09|3ch09\n|n| Arcanine1929|arcanine1929\n|n| charleston chu|charlestonchu\n|n| TheNewBrends11|thenewbrends11\n|n| tytyui\u21bb|tytyui\n|n| Forwards|forwards\n|n| fa kin nob tem|fakinnobtem\n|n| gewwge|gewwge\n|n| Escobarbaracle|escobarbaracle\n|l| Arcanine1929\n|l|\u2606Sww-Suwa\n|l| Forwards\n|c|\u2606eelektrik funeral|gg\n|l| 3ch09\n|l| Illiad_Appignani\n|l|\u2606eelektrik funeral\n|l| tytyui\u21bb\n|l| TR23\n|l| charleston chu\n|l| Escobarbaracle\n|l| fa kin nob tem\n|l| gewwge\n","uploadtime":1661368338,"views":75,"p1id":"swwsuwa","p2id":"eelektrikfuneral","formatid":"gen8ou","rating":0,"private":0,"password":null}