{"id":"gen8ou-1706576252","p1":"alvar03","p2":"BTLT200$ Qrts","format":"gen8ou","log":"|raw|<div class=\"broadcast-blue\"><strong>This battle is required to be public due to a player having a name starting with 'btlt200'.<\/div>\n|j|\u2606alvar03\n|j|\u2606BTLT200$ Qrts\n|t:|1668005580\n|gametype|singles\n|player|p1|alvar03|alder|1739\n|player|p2|BTLT200$ Qrts|#wcop2022france|1792\n|teamsize|p1|6\n|teamsize|p2|6\n|gen|8\n|tier|[Gen 8] OU\n|rated|\n|rule|Sleep Clause Mod: Limit one foe put to sleep\n|rule|Species Clause: Limit one of each Pok\u00e9mon\n|rule|OHKO Clause: OHKO moves are banned\n|rule|Evasion Items Clause: Evasion items are banned\n|rule|Evasion Moves Clause: Evasion moves are banned\n|rule|Endless Battle Clause: Forcing endless battles is banned\n|rule|HP Percentage Mod: HP is shown in percentages\n|rule|Dynamax Clause: You cannot dynamax\n|clearpoke\n|poke|p1|Magnezone|\n|poke|p1|Garchomp, F|\n|poke|p1|Tornadus-Therian, M|\n|poke|p1|Dragonite, F|\n|poke|p1|Ferrothorn, F|\n|poke|p1|Tapu Lele|\n|poke|p2|Mew|\n|poke|p2|Rillaboom, M|\n|poke|p2|Hawlucha, M|\n|poke|p2|Heatran, M|\n|poke|p2|Garchomp, M|\n|poke|p2|Weavile, M|\n|teampreview\n|j| aReptileDysfunctn\n|inactive|Battle timer is ON: inactive players will automatically lose when time's up. (requested by alvar03)\n|\n|t:|1668005617\n|start\n|switch|p1a: Tornadus|Tornadus-Therian, M|100\/100\n|switch|p2a: Heatran|Heatran, M|100\/100\n|-item|p2a: Heatran|Air Balloon\n|turn|1\n|j| AKzerobsx\n|\n|t:|1668005635\n|move|p1a: Tornadus|U-turn|p2a: Heatran\n|-resisted|p2a: Heatran\n|-damage|p2a: Heatran|97\/100\n|-enditem|p2a: Heatran|Air Balloon\n|\n|t:|1668005639\n|switch|p1a: Dragonite|Dragonite, F|100\/100|[from]move: U-turn\n|move|p2a: Heatran|Will-O-Wisp|p1a: Dragonite\n|-status|p1a: Dragonite|brn\n|\n|-damage|p1a: Dragonite|94\/100 brn|[from] brn\n|upkeep\n|turn|2\n|\n|t:|1668005644\n|switch|p1a: Tornadus|Tornadus-Therian, M|100\/100\n|move|p2a: Heatran|Stealth Rock|p1a: Tornadus\n|-sidestart|p1: alvar03|move: Stealth Rock\n|\n|upkeep\n|turn|3\n|\n|t:|1668005648\n|move|p1a: Tornadus|Defog|p2a: Heatran\n|-unboost|p2a: Heatran|evasion|1\n|-sideend|p1: alvar03|Stealth Rock|[from] move: Defog|[of] p1a: Tornadus\n|move|p2a: Heatran|Magma Storm|p1a: Tornadus\n|-damage|p1a: Tornadus|58\/100\n|-activate|p1a: Tornadus|move: Magma Storm|[of] p2a: Heatran\n|\n|-damage|p1a: Tornadus|46\/100|[from] move: Magma Storm|[partiallytrapped]\n|upkeep\n|turn|4\n|\n|t:|1668005650\n|move|p1a: Tornadus|U-turn|p2a: Heatran\n|-resisted|p2a: Heatran\n|-damage|p2a: Heatran|94\/100\n|-status|p1a: Tornadus|brn|[from] ability: Flame Body|[of] p2a: Heatran\n|\n|t:|1668005653\n|switch|p1a: Dragonite|Dragonite, F|94\/100 brn|[from]move: U-turn\n|move|p2a: Heatran|Stealth Rock|p1a: Dragonite\n|-sidestart|p1: alvar03|move: Stealth Rock\n|\n|-damage|p1a: Dragonite|88\/100 brn|[from] brn\n|upkeep\n|turn|5\n|\n|t:|1668005661\n|switch|p2a: Weavile|Weavile, M|100\/100\n|-ability|p2a: Weavile|Pressure\n|move|p1a: Dragonite|Earthquake|p2a: Weavile\n|-damage|p2a: Weavile|71\/100\n|\n|-damage|p1a: Dragonite|82\/100 brn|[from] brn\n|upkeep\n|turn|6\n|\n|t:|1668005664\n|switch|p1a: Ferrothorn|Ferrothorn, F|100\/100\n|-damage|p1a: Ferrothorn|94\/100|[from] Stealth Rock\n|move|p2a: Weavile|Swords Dance|p2a: Weavile\n|-boost|p2a: Weavile|atk|2\n|\n|-heal|p1a: Ferrothorn|100\/100|[from] item: Leftovers\n|upkeep\n|turn|7\n|\n|t:|1668005669\n|move|p2a: Weavile|Knock Off|p1a: Ferrothorn\n|-damage|p1a: Ferrothorn|26\/100\n|-damage|p2a: Weavile|59\/100|[from] ability: Iron Barbs|[of] p1a: Ferrothorn\n|-enditem|p1a: Ferrothorn|Leftovers|[from] move: Knock Off|[of] p2a: Weavile\n|-damage|p2a: Weavile|49\/100|[from] item: Life Orb\n|move|p1a: Ferrothorn|Power Whip|p2a: Weavile|[miss]\n|-miss|p1a: Ferrothorn|p2a: Weavile\n|\n|upkeep\n|turn|8\n|\n|t:|1668005678\n|move|p2a: Weavile|Knock Off|p1a: Ferrothorn\n|-damage|p1a: Ferrothorn|0 fnt\n|-damage|p2a: Weavile|36\/100|[from] ability: Iron Barbs|[of] p1a: Ferrothorn\n|faint|p1a: Ferrothorn\n|-damage|p2a: Weavile|26\/100|[from] item: Life Orb\n|\n|upkeep\n|\n|t:|1668005680\n|switch|p1a: Tapu Lele|Tapu Lele|100\/100\n|-damage|p1a: Tapu Lele|88\/100|[from] Stealth Rock\n|-fieldstart|move: Psychic Terrain|[from] ability: Psychic Surge|[of] p1a: Tapu Lele\n|turn|9\n|\n|t:|1668005688\n|switch|p2a: Heatran|Heatran, M|94\/100\n|move|p1a: Tapu Lele|Focus Blast|p2a: Heatran\n|-supereffective|p2a: Heatran\n|-crit|p2a: Heatran\n|-damage|p2a: Heatran|0 fnt\n|faint|p2a: Heatran\n|\n|upkeep\n|\n|t:|1668005691\n|switch|p2a: Mew|Mew|100\/100\n|turn|10\n|\n|t:|1668005694\n|switch|p1a: Garchomp|Garchomp, F|100\/100\n|-damage|p1a: Garchomp|94\/100|[from] Stealth Rock\n|move|p2a: Mew|Nasty Plot|p2a: Mew\n|-boost|p2a: Mew|spa|2\n|\n|-heal|p1a: Garchomp|100\/100|[from] item: Leftovers\n|upkeep\n|turn|11\n|\n|t:|1668005698\n|switch|p1a: Magnezone|Magnezone|100\/100\n|-damage|p1a: Magnezone|94\/100|[from] Stealth Rock\n|move|p2a: Mew|Psychic|p1a: Magnezone\n|-resisted|p1a: Magnezone\n|-damage|p1a: Magnezone|29\/100\n|\n|-heal|p1a: Magnezone|35\/100|[from] item: Leftovers\n|upkeep\n|turn|12\n|\n|t:|1668005701\n|move|p2a: Mew|Psychic|p1a: Magnezone\n|-resisted|p1a: Magnezone\n|-damage|p1a: Magnezone|0 fnt\n|faint|p1a: Magnezone\n|\n|upkeep\n|\n|t:|1668005704\n|switch|p1a: Tornadus|Tornadus-Therian, M|79\/100 brn\n|turn|13\n|\n|t:|1668005705\n|move|p1a: Tornadus|Knock Off|p2a: Mew\n|-supereffective|p2a: Mew\n|-damage|p2a: Mew|82\/100\n|-enditem|p2a: Mew|Kasib Berry|[from] move: Knock Off|[of] p1a: Tornadus\n|move|p2a: Mew|Psychic|p1a: Tornadus\n|-damage|p1a: Tornadus|0 fnt\n|faint|p1a: Tornadus\n|\n|-fieldend|move: Psychic Terrain\n|upkeep\n|\n|t:|1668005711\n|switch|p1a: Tapu Lele|Tapu Lele|88\/100\n|-damage|p1a: Tapu Lele|76\/100|[from] Stealth Rock\n|-fieldstart|move: Psychic Terrain|[from] ability: Psychic Surge|[of] p1a: Tapu Lele\n|turn|14\n|\n|t:|1668005713\n|move|p1a: Tapu Lele|Moonblast|p2a: Mew\n|-damage|p2a: Mew|31\/100\n|move|p2a: Mew|Psychic|p1a: Tapu Lele\n|-resisted|p1a: Tapu Lele\n|-damage|p1a: Tapu Lele|18\/100\n|\n|upkeep\n|turn|15\n|\n|t:|1668005720\n|move|p1a: Tapu Lele|Moonblast|p2a: Mew\n|-damage|p2a: Mew|0 fnt\n|faint|p2a: Mew\n|\n|upkeep\n|\n|t:|1668005722\n|switch|p2a: Rillaboom|Rillaboom, M|100\/100\n|-fieldstart|move: Grassy Terrain|[from] ability: Grassy Surge|[of] p2a: Rillaboom\n|turn|16\n|\n|t:|1668005724\n|switch|p1a: Dragonite|Dragonite, F|82\/100 brn\n|move|p2a: Rillaboom|Swords Dance|p2a: Rillaboom\n|-boost|p2a: Rillaboom|atk|2\n|\n|-damage|p1a: Dragonite|76\/100 brn|[from] brn\n|upkeep\n|turn|17\n|\n|t:|1668005727\n|move|p1a: Dragonite|Ice Punch|p2a: Rillaboom\n|-supereffective|p2a: Rillaboom\n|-damage|p2a: Rillaboom|78\/100\n|move|p2a: Rillaboom|Knock Off|p1a: Dragonite\n|-damage|p1a: Dragonite|12\/100 brn\n|-enditem|p1a: Dragonite|Heavy-Duty Boots|[from] move: Knock Off|[of] p2a: Rillaboom\n|\n|-heal|p2a: Rillaboom|84\/100|[from] Grassy Terrain\n|-heal|p2a: Rillaboom|90\/100|[from] item: Leftovers\n|-damage|p1a: Dragonite|6\/100 brn|[from] brn\n|upkeep\n|turn|18\n|\n|t:|1668005731\n|move|p2a: Rillaboom|Grassy Glide|p1a: Dragonite\n|-resisted|p1a: Dragonite\n|-damage|p1a: Dragonite|0 fnt\n|faint|p1a: Dragonite\n|\n|-heal|p2a: Rillaboom|97\/100|[from] Grassy Terrain\n|-heal|p2a: Rillaboom|100\/100|[from] item: Leftovers\n|upkeep\n|\n|t:|1668005733\n|switch|p1a: Tapu Lele|Tapu Lele|18\/100\n|-damage|p1a: Tapu Lele|5\/100|[from] Stealth Rock\n|-fieldstart|move: Psychic Terrain|[from] ability: Psychic Surge|[of] p1a: Tapu Lele\n|turn|19\n|\n|t:|1668005737\n|switch|p2a: Garchomp|Garchomp, M|100\/100\n|move|p1a: Tapu Lele|Moonblast|p2a: Garchomp\n|-supereffective|p2a: Garchomp\n|-damage|p2a: Garchomp|1\/100\n|\n|-heal|p2a: Garchomp|7\/100|[from] item: Leftovers\n|upkeep\n|turn|20\n|\n|t:|1668005740\n|move|p1a: Tapu Lele|Moonblast|p2a: Garchomp\n|-supereffective|p2a: Garchomp\n|-damage|p2a: Garchomp|0 fnt\n|faint|p2a: Garchomp\n|\n|upkeep\n|\n|t:|1668005741\n|switch|p2a: Rillaboom|Rillaboom, M|100\/100\n|-fieldstart|move: Grassy Terrain|[from] ability: Grassy Surge|[of] p2a: Rillaboom\n|turn|21\n|\n|t:|1668005744\n|move|p1a: Tapu Lele|Moonblast|p2a: Rillaboom\n|-damage|p2a: Rillaboom|43\/100\n|move|p2a: Rillaboom|Swords Dance|p2a: Rillaboom\n|-boost|p2a: Rillaboom|atk|2\n|\n|-heal|p1a: Tapu Lele|12\/100|[from] Grassy Terrain\n|-heal|p2a: Rillaboom|50\/100|[from] Grassy Terrain\n|-heal|p2a: Rillaboom|56\/100|[from] item: Leftovers\n|upkeep\n|turn|22\n|\n|t:|1668005746\n|move|p2a: Rillaboom|Grassy Glide|p1a: Tapu Lele\n|-damage|p1a: Tapu Lele|0 fnt\n|faint|p1a: Tapu Lele\n|\n|-heal|p2a: Rillaboom|62\/100|[from] Grassy Terrain\n|-heal|p2a: Rillaboom|68\/100|[from] item: Leftovers\n|upkeep\n|\n|t:|1668005747\n|switch|p1a: Garchomp|Garchomp, F|100\/100\n|-damage|p1a: Garchomp|94\/100|[from] Stealth Rock\n|turn|23\n|\n|t:|1668005748\n|move|p2a: Rillaboom|Grassy Glide|p1a: Garchomp\n|-crit|p1a: Garchomp\n|-damage|p1a: Garchomp|0 fnt\n|-damage|p2a: Rillaboom|56\/100|[from] ability: Rough Skin|[of] p1a: Garchomp\n|faint|p1a: Garchomp\n|\n|win|BTLT200$ Qrts\n|raw|alvar03's rating: 1739 &rarr; <strong>1722<\/strong><br \/>(-17 for losing)\n|raw|BTLT200$ Qrts's rating: 1792 &rarr; <strong>1809<\/strong><br \/>(+17 for winning)\n|l|\u2606alvar03\n|l|\u2606BTLT200$ Qrts\n||Ladder isn't responding, score probably updated but might not have (Request timeout).\n","uploadtime":1668005821,"views":5,"p1id":"alvar03","p2id":"btlt200qrts","formatid":"gen8ou","rating":1722,"private":0,"password":null}