{"id":"gen8ou-1666674105","p1":"izolacerda","p2":"Pok et glace","format":"gen8ou","log":"|j|\u2606izolacerda\n|j|\u2606Pok et glace\n|t:|1663435608\n|gametype|singles\n|player|p1|izolacerda|caitlin|1708\n|player|p2|Pok et glace|cynthia-masters|1771\n|teamsize|p1|6\n|teamsize|p2|6\n|gen|8\n|tier|[Gen 8] OU\n|rated|\n|rule|Sleep Clause Mod: Limit one foe put to sleep\n|rule|Species Clause: Limit one of each Pok\u00e9mon\n|rule|OHKO Clause: OHKO moves are banned\n|rule|Evasion Items Clause: Evasion items are banned\n|rule|Evasion Moves Clause: Evasion moves are banned\n|rule|Endless Battle Clause: Forcing endless battles is banned\n|rule|HP Percentage Mod: HP is shown in percentages\n|rule|Dynamax Clause: You cannot dynamax\n|clearpoke\n|poke|p1|Clefable, M|\n|poke|p1|Landorus-Therian, M|\n|poke|p1|Buzzwole|\n|poke|p1|Zeraora|\n|poke|p1|Melmetal|\n|poke|p1|Slowking, F|\n|poke|p2|Mew|\n|poke|p2|Crawdaunt, F|\n|poke|p2|Celesteela|\n|poke|p2|Garchomp, M|\n|poke|p2|Weavile, M|\n|poke|p2|Blacephalon|\n|teampreview\n|c|\u2606izolacerda|that's a very cool avatar\n|c|\u2606izolacerda|great work\n|\n|t:|1663435639\n|start\n|switch|p1a: Melmetal|Melmetal|100\/100\n|switch|p2a: Sperm thing|Mew|100\/100\n|turn|1\n|c|\u2606Pok et glace|just \/avatar cynthia-masters\n|c|\u2606Pok et glace|it's not a custom\n|\n|t:|1663435667\n|move|p2a: Sperm thing|Stealth Rock|p1a: Melmetal\n|-sidestart|p1: izolacerda|move: Stealth Rock\n|move|p1a: Melmetal|Double Iron Bash|p2a: Sperm thing\n|-damage|p2a: Sperm thing|66\/100\n|-damage|p2a: Sperm thing|26\/100\n|-hitcount|p2a: Sperm thing|2\n|\n|upkeep\n|turn|2\n|\n|t:|1663435672\n|move|p2a: Sperm thing|Spikes|p1a: Melmetal\n|-sidestart|p1: izolacerda|Spikes\n|move|p1a: Melmetal|Double Iron Bash|p2a: Sperm thing\n|-damage|p2a: Sperm thing|0 fnt\n|faint|p2a: Sperm thing\n|-hitcount|p2: Sperm thing|1\n|\n|upkeep\n|\n|t:|1663435674\n|switch|p2a: Jaw|Crawdaunt, F|100\/100\n|turn|3\n|\n|t:|1663435684\n|switch|p2a: Garchomp|Garchomp, M|100\/100\n|switch|p1a: Me but weaker|Buzzwole|100\/100\n|-damage|p1a: Me but weaker|88\/100|[from] Stealth Rock\n|-damage|p1a: Me but weaker|76\/100|[from] Spikes\n|\n|upkeep\n|turn|4\n|\n|t:|1663435690\n|switch|p2a: Blacephalon|Blacephalon|100\/100\n|switch|p1a: Landorus|Landorus-Therian, M|100\/100\n|-damage|p1a: Landorus|88\/100|[from] Stealth Rock\n|-ability|p1a: Landorus|Intimidate|boost\n|-unboost|p2a: Blacephalon|atk|1\n|\n|-heal|p1a: Landorus|94\/100|[from] item: Leftovers\n|upkeep\n|turn|5\n|\n|t:|1663435696\n|move|p2a: Blacephalon|Taunt|p1a: Landorus\n|-start|p1a: Landorus|move: Taunt\n|cant|p1a: Landorus|move: Taunt|Defog\n|\n|-heal|p1a: Landorus|99\/100|[from] item: Leftovers\n|upkeep\n|turn|6\n|\n|t:|1663435700\n|switch|p2a: Bod|Celesteela|100\/100\n|move|p1a: Landorus|U-turn|p2a: Bod\n|-resisted|p2a: Bod\n|-damage|p2a: Bod|95\/100\n|\n|t:|1663435705\n|switch|p1a: Slowking|Slowking, F|100\/100|[from]move: U-turn\n|\n|upkeep\n|turn|7\n|\n|t:|1663435708\n|switch|p2a: Jaw|Crawdaunt, F|100\/100\n|move|p1a: Slowking|Scald|p2a: Jaw\n|-resisted|p2a: Jaw\n|-damage|p2a: Jaw|72\/100\n|\n|upkeep\n|turn|8\n|\n|t:|1663435717\n|switch|p1a: Clefable|Clefable, M|100\/100\n|move|p2a: Jaw|Crabhammer|p1a: Clefable|[miss]\n|-miss|p2a: Jaw|p1a: Clefable\n|\n|upkeep\n|turn|9\n|\n|t:|1663435725\n|switch|p2a: Blacephalon|Blacephalon|100\/100\n|move|p1a: Clefable|Stealth Rock|p2a: Blacephalon\n|-sidestart|p2: Pok et glace|move: Stealth Rock\n|\n|upkeep\n|turn|10\n|\n|t:|1663435730\n|switch|p1a: Slowking|Slowking, F|100\/100\n|move|p2a: Blacephalon|Trick|p1a: Slowking\n|-activate|p2a: Blacephalon|move: Trick|[of] p1a: Slowking\n|-item|p1a: Slowking|Choice Scarf|[from] move: Trick\n|-item|p2a: Blacephalon|Heavy-Duty Boots|[from] move: Trick\n|\n|upkeep\n|turn|11\n|c|\u2606Pok et glace|tiring\n|\n|t:|1663435736\n|move|p2a: Blacephalon|Shadow Ball|p1a: Slowking\n|-supereffective|p1a: Slowking\n|-damage|p1a: Slowking|41\/100\n|-unboost|p1a: Slowking|spd|1\n|move|p1a: Slowking|Teleport|p1a: Slowking\n|\n|t:|1663435743\n|switch|p1a: Clefable|Clefable, M|100\/100|[from]move: Teleport\n|\n|upkeep\n|turn|12\n|\n|t:|1663435749\n|move|p2a: Blacephalon|Taunt|p1a: Clefable\n|-start|p1a: Clefable|move: Taunt\n|cant|p1a: Clefable|move: Taunt|Trick\n|\n|upkeep\n|turn|13\n|j| I'M AT MY LIMIT!\n|\n|t:|1663435764\n|switch|p1a: Slowking|Slowking, F|74\/100\n|-damage|p1a: Slowking|62\/100|[from] Stealth Rock\n|-damage|p1a: Slowking|49\/100|[from] Spikes\n|move|p2a: Blacephalon|Flamethrower|p1a: Slowking\n|-resisted|p1a: Slowking\n|-damage|p1a: Slowking|35\/100\n|\n|upkeep\n|turn|14\n|\n|t:|1663435773\n|move|p2a: Blacephalon|Shadow Ball|p1a: Slowking\n|-supereffective|p1a: Slowking\n|-damage|p1a: Slowking|0 fnt\n|faint|p1a: Slowking\n|-ability|p2a: Blacephalon|Beast Boost|boost\n|-boost|p2a: Blacephalon|spa|1\n|\n|upkeep\n|\n|t:|1663435775\n|switch|p1a: Zeraora|Zeraora|100\/100\n|turn|15\n|\n|t:|1663435782\n|switch|p2a: Garchomp|Garchomp, M|100\/100\n|-damage|p2a: Garchomp|94\/100|[from] Stealth Rock\n|move|p1a: Zeraora|Toxic|p2a: Garchomp|[miss]\n|-miss|p1a: Zeraora|p2a: Garchomp\n|\n|upkeep\n|turn|16\n|j| lark134\n|\n|t:|1663435791\n|switch|p1a: Clefable|Clefable, M|100\/100\n|switch|p2a: Blacephalon|Blacephalon|100\/100\n|\n|upkeep\n|turn|17\n|\n|t:|1663435796\n|switch|p1a: Landorus|Landorus-Therian, M|99\/100\n|-damage|p1a: Landorus|88\/100|[from] Stealth Rock\n|-ability|p1a: Landorus|Intimidate|boost\n|-unboost|p2a: Blacephalon|atk|1\n|move|p2a: Blacephalon|Flamethrower|p1a: Landorus\n|-damage|p1a: Landorus|50\/100\n|\n|-heal|p1a: Landorus|56\/100|[from] item: Leftovers\n|upkeep\n|turn|18\n|\n|t:|1663435805\n|switch|p2a: Bod|Celesteela|95\/100\n|-damage|p2a: Bod|83\/100|[from] Stealth Rock\n|move|p1a: Landorus|Earthquake|p2a: Bod\n|-immune|p2a: Bod\n|\n|-heal|p1a: Landorus|62\/100|[from] item: Leftovers\n|upkeep\n|turn|19\n|\n|t:|1663435811\n|move|p2a: Bod|Autotomize|p2a: Bod\n|-boost|p2a: Bod|spe|2\n|-start|p2a: Bod|Autotomize\n|move|p1a: Landorus|U-turn|p2a: Bod\n|-resisted|p2a: Bod\n|-damage|p2a: Bod|77\/100\n|\n|t:|1663435819\n|switch|p1a: Clefable|Clefable, M|100\/100|[from]move: U-turn\n|\n|upkeep\n|turn|20\n|\n|t:|1663435824\n|move|p2a: Bod|Meteor Beam||[still]\n|-prepare|p2a: Bod|Meteor Beam\n|-boost|p2a: Bod|spa|1\n|-enditem|p2a: Bod|Power Herb\n|-anim|p2a: Bod|Meteor Beam|p1a: Clefable\n|-damage|p1a: Clefable|51\/100\n|move|p1a: Clefable|Trick|p2a: Bod\n|-activate|p1a: Clefable|move: Trick|[of] p2a: Bod\n|-item|p2a: Bod|Sticky Barb|[from] move: Trick\n|-enditem|p1a: Clefable|Sticky Barb|[silent]|[from] move: Trick\n|\n|-damage|p2a: Bod|65\/100|[from] item: Sticky Barb\n|upkeep\n|turn|21\n|\n|t:|1663435830\n|switch|p1a: Melmetal|Melmetal|100\/100\n|-damage|p1a: Melmetal|94\/100|[from] Stealth Rock\n|-damage|p1a: Melmetal|82\/100|[from] Spikes\n|move|p2a: Bod|Air Slash|p1a: Melmetal\n|-resisted|p1a: Melmetal\n|-damage|p1a: Melmetal|59\/100\n|\n|-heal|p1a: Melmetal|65\/100|[from] item: Leftovers\n|-damage|p2a: Bod|52\/100|[from] item: Sticky Barb\n|upkeep\n|turn|22\n|\n|t:|1663435839\n|move|p1a: Melmetal|Protect|p1a: Melmetal\n|-singleturn|p1a: Melmetal|Protect\n|move|p2a: Bod|Fire Blast|p1a: Melmetal\n|-activate|p1a: Melmetal|move: Protect\n|\n|-heal|p1a: Melmetal|72\/100|[from] item: Leftovers\n|-damage|p2a: Bod|40\/100|[from] item: Sticky Barb\n|upkeep\n|turn|23\n|\n|t:|1663435842\n|switch|p1a: Clefable|Clefable, M|51\/100\n|move|p2a: Bod|Fire Blast|p1a: Clefable\n|-damage|p1a: Clefable|7\/100\n|\n|-damage|p2a: Bod|28\/100|[from] item: Sticky Barb\n|upkeep\n|turn|24\n|\n|t:|1663435847\n|move|p2a: Bod|Fire Blast|p1a: Clefable\n|-damage|p1a: Clefable|0 fnt\n|faint|p1a: Clefable\n|-ability|p2a: Bod|Beast Boost|boost\n|-boost|p2a: Bod|spa|1\n|\n|-damage|p2a: Bod|16\/100|[from] item: Sticky Barb\n|upkeep\n|j| mybodyisregig\n|\n|t:|1663435857\n|switch|p1a: Melmetal|Melmetal|72\/100\n|-damage|p1a: Melmetal|65\/100|[from] Stealth Rock\n|-damage|p1a: Melmetal|53\/100|[from] Spikes\n|turn|25\n|\n|t:|1663435861\n|move|p2a: Bod|Fire Blast|p1a: Melmetal|[miss]\n|-miss|p2a: Bod|p1a: Melmetal\n|move|p1a: Melmetal|Earthquake|p2a: Bod\n|-immune|p2a: Bod\n|\n|-heal|p1a: Melmetal|59\/100|[from] item: Leftovers\n|-damage|p2a: Bod|3\/100|[from] item: Sticky Barb\n|upkeep\n|turn|26\n|\n|t:|1663435864\n|move|p1a: Melmetal|Protect|p1a: Melmetal\n|-singleturn|p1a: Melmetal|Protect\n|move|p2a: Bod|Fire Blast|p1a: Melmetal\n|-activate|p1a: Melmetal|move: Protect\n|\n|-heal|p1a: Melmetal|65\/100|[from] item: Leftovers\n|-damage|p2a: Bod|0 fnt|[from] item: Sticky Barb\n|faint|p2a: Bod\n|upkeep\n|\n|t:|1663435866\n|switch|p2a: Blacephalon|Blacephalon|100\/100\n|turn|27\n|\n|t:|1663435871\n|move|p2a: Blacephalon|Flamethrower|p1a: Melmetal\n|-supereffective|p1a: Melmetal\n|-damage|p1a: Melmetal|0 fnt\n|faint|p1a: Melmetal\n|-ability|p2a: Blacephalon|Beast Boost|boost\n|-boost|p2a: Blacephalon|spa|1\n|\n|upkeep\n|\n|t:|1663435873\n|switch|p1a: Zeraora|Zeraora|100\/100\n|turn|28\n|\n|t:|1663435884\n|switch|p2a: Garchomp|Garchomp, M|94\/100\n|-damage|p2a: Garchomp|88\/100|[from] Stealth Rock\n|move|p1a: Zeraora|Knock Off|p2a: Garchomp\n|-crit|p2a: Garchomp\n|-damage|p2a: Garchomp|40\/100\n|-damage|p1a: Zeraora|88\/100|[from] ability: Rough Skin|[of] p2a: Garchomp\n|-enditem|p2a: Garchomp|Lum Berry|[from] move: Knock Off|[of] p1a: Zeraora\n|\n|upkeep\n|turn|29\n|\n|t:|1663435894\n|switch|p1a: Me but weaker|Buzzwole|76\/100\n|-damage|p1a: Me but weaker|63\/100|[from] Stealth Rock\n|-damage|p1a: Me but weaker|51\/100|[from] Spikes\n|move|p2a: Garchomp|Aqua Tail|p1a: Me but weaker\n|-damage|p1a: Me but weaker|36\/100\n|-damage|p2a: Garchomp|23\/100|[from] item: Rocky Helmet|[of] p1a: Me but weaker\n|\n|upkeep\n|turn|30\n|l| I'M AT MY LIMIT!\n|\n|t:|1663435910\n|switch|p2a: Blacephalon|Blacephalon|100\/100\n|move|p1a: Me but weaker|Roost|p1a: Me but weaker\n|-heal|p1a: Me but weaker|86\/100\n|-singleturn|p1a: Me but weaker|move: Roost\n|\n|upkeep\n|turn|31\n|j| Toxic Facade\n|\n|t:|1663435915\n|switch|p1a: Landorus|Landorus-Therian, M|62\/100\n|-damage|p1a: Landorus|50\/100|[from] Stealth Rock\n|-ability|p1a: Landorus|Intimidate|boost\n|-unboost|p2a: Blacephalon|atk|1\n|move|p2a: Blacephalon|Flamethrower|p1a: Landorus\n|-damage|p1a: Landorus|11\/100\n|\n|-heal|p1a: Landorus|17\/100|[from] item: Leftovers\n|upkeep\n|turn|32\n|l| Toxic Facade\n|\n|t:|1663435920\n|move|p2a: Blacephalon|Flamethrower|p1a: Landorus\n|-damage|p1a: Landorus|0 fnt\n|faint|p1a: Landorus\n|-ability|p2a: Blacephalon|Beast Boost|boost\n|-boost|p2a: Blacephalon|spa|1\n|\n|upkeep\n|\n|t:|1663435921\n|switch|p1a: Zeraora|Zeraora|88\/100\n|turn|33\n|\n|t:|1663435925\n|switch|p2a: Garchomp|Garchomp, M|23\/100\n|-damage|p2a: Garchomp|17\/100|[from] Stealth Rock\n|move|p1a: Zeraora|Knock Off|p2a: Garchomp\n|-damage|p2a: Garchomp|0 fnt\n|-damage|p1a: Zeraora|76\/100|[from] ability: Rough Skin|[of] p2a: Garchomp\n|faint|p2a: Garchomp\n|\n|upkeep\n|j| I'M AT MY LIMIT!\n|\n|t:|1663435941\n|switch|p2a: Jaw|Crawdaunt, F|72\/100\n|-damage|p2a: Jaw|60\/100|[from] Stealth Rock\n|turn|34\n|j| emo705\n|\n|t:|1663435979\n|switch|p1a: Me but weaker|Buzzwole|86\/100\n|-damage|p1a: Me but weaker|73\/100|[from] Stealth Rock\n|-damage|p1a: Me but weaker|61\/100|[from] Spikes\n|move|p2a: Jaw|Aqua Jet|p1a: Me but weaker\n|-damage|p1a: Me but weaker|43\/100\n|-damage|p2a: Jaw|44\/100|[from] item: Rocky Helmet|[of] p1a: Me but weaker\n|-damage|p2a: Jaw|34\/100|[from] item: Life Orb\n|\n|upkeep\n|turn|35\n|\n|t:|1663435986\n|switch|p2a: Blacephalon|Blacephalon|100\/100\n|switch|p1a: Zeraora|Zeraora|76\/100\n|\n|upkeep\n|turn|36\n|\n|t:|1663435991\n|switch|p2a: Hair|Weavile, M|100\/100\n|-damage|p2a: Hair|76\/100|[from] Stealth Rock\n|move|p1a: Zeraora|Plasma Fists|p2a: Hair\n|-damage|p2a: Hair|1\/100\n|-fieldactivate|move: Ion Deluge\n|-hint|Normal-type moves become Electric-type after using Plasma Fists.\n|\n|upkeep\n|turn|37\n|\n|t:|1663436038\n|switch|p1a: Me but weaker|Buzzwole|43\/100\n|-damage|p1a: Me but weaker|31\/100|[from] Stealth Rock\n|-damage|p1a: Me but weaker|18\/100|[from] Spikes\n|move|p2a: Hair|Ice Shard|p1a: Me but weaker\n|-damage|p1a: Me but weaker|5\/100\n|-damage|p2a: Hair|0 fnt|[from] item: Life Orb\n|faint|p2a: Hair\n|\n|upkeep\n|\n|t:|1663436044\n|switch|p2a: Blacephalon|Blacephalon|100\/100\n|turn|38\n|\n|t:|1663436047\n|move|p2a: Blacephalon|Trick|p1a: Me but weaker\n|-activate|p2a: Blacephalon|move: Trick|[of] p1a: Me but weaker\n|-item|p1a: Me but weaker|Heavy-Duty Boots|[from] move: Trick\n|-item|p2a: Blacephalon|Rocky Helmet|[from] move: Trick\n|move|p1a: Me but weaker|Thunder Punch|p2a: Blacephalon\n|-damage|p2a: Blacephalon|51\/100\n|-damage|p1a: Me but weaker|0 fnt|[from] item: Rocky Helmet|[of] p2a: Blacephalon\n|faint|p1a: Me but weaker\n|\n|upkeep\n|\n|t:|1663436051\n|switch|p1a: Zeraora|Zeraora|76\/100\n|turn|39\n|\n|t:|1663436060\n|move|p1a: Zeraora|Plasma Fists|p2a: Blacephalon\n|-damage|p2a: Blacephalon|0 fnt\n|-fieldactivate|move: Ion Deluge\n|-hint|Normal-type moves become Electric-type after using Plasma Fists.\n|-damage|p1a: Zeraora|59\/100|[from] item: Rocky Helmet|[of] p2a: Blacephalon\n|faint|p2a: Blacephalon\n|\n|upkeep\n|\n|t:|1663436064\n|switch|p2a: Jaw|Crawdaunt, F|34\/100\n|-damage|p2a: Jaw|21\/100|[from] Stealth Rock\n|turn|40\n|\n|t:|1663436066\n|move|p2a: Jaw|Aqua Jet|p1a: Zeraora\n|-damage|p1a: Zeraora|4\/100\n|-damage|p2a: Jaw|12\/100|[from] item: Life Orb\n|move|p1a: Zeraora|Plasma Fists|p2a: Jaw\n|-supereffective|p2a: Jaw\n|-damage|p2a: Jaw|0 fnt\n|-fieldactivate|move: Ion Deluge\n|-hint|Normal-type moves become Electric-type after using Plasma Fists.\n|faint|p2a: Jaw\n|\n|win|izolacerda\n|raw|izolacerda's rating: 1708 &rarr; <strong>1732<\/strong><br \/>(+24 for winning)\n|raw|Pok et glace's rating: 1771 &rarr; <strong>1747<\/strong><br \/>(-24 for losing)\n|c|\u2606izolacerda|gg\n|c|\u2606Pok et glace|damn\n|c|\u2606Pok et glace|the toxic miss actually helped you\n|l| mybodyisregig\n|c|\u2606izolacerda|yea\n|c|\u2606izolacerda|lol\n|c|\u2606Pok et glace|cause knock would have done less damage$\n|c|\u2606Pok et glace|this game is weird\n|c|\u2606Pok et glace|gg\n|c|\u2606izolacerda|didn't expect lum chomp\n|c|\u2606Pok et glace|it's okay\u00f9\n|c|\u2606izolacerda|i think its pretty good but no one uses\n||Ladder isn't responding, score probably updated but might not have (Request timeout).\n|c|\u2606Pok et glace|i feel like leftovers is probably better\n|l|\u2606Pok et glace\n|l|\u2606izolacerda\n|l| lark134\n|l| I'M AT MY LIMIT!\n|l| emo705\n","uploadtime":1663436354,"views":35,"p1id":"izolacerda","p2id":"poketglace","formatid":"gen8ou","rating":1732,"private":0,"password":null}