{"id":"gen8ou-1179768487","p1":"relic stone","p2":"LT74PF 999iq280","format":"gen8ou","log":"|raw|<div class=\"broadcast-blue\"><strong>This battle is required to be public due to a player having a name starting with 'LT74PF'.<\/div>\n|j|\u2606relic stone\n|j|\u2606LT74PF 999iq280\n|t:|1599035915\n|player|p1|relic stone|lusamine-nihilego|1807\n|player|p2|LT74PF 999iq280|dawn-gen4pt|1680\n|teamsize|p1|6\n|teamsize|p2|6\n|gametype|singles\n|gen|8\n|tier|[Gen 8] OU\n|rated|\n|clearpoke\n|poke|p1|Urshifu-*, M|\n|poke|p1|Togekiss, M|\n|poke|p1|Rillaboom, M|\n|poke|p1|Rotom-Heat|\n|poke|p1|Aegislash, M|\n|poke|p1|Krookodile, M|\n|poke|p2|Rillaboom, M|\n|poke|p2|Magnezone|\n|poke|p2|Hatterene, F|\n|poke|p2|Urshifu-*, M|\n|poke|p2|Hawlucha, F|\n|poke|p2|Clefable, F|\n|rule|Sleep Clause Mod: Limit one foe put to sleep\n|rule|Species Clause: Limit one of each Pok\u00e9mon\n|rule|OHKO Clause: OHKO moves are banned\n|rule|Evasion Moves Clause: Evasion moves are banned\n|rule|Endless Battle Clause: Forcing endless battles is banned\n|rule|HP Percentage Mod: HP is shown in percentages\n|rule|Dynamax Clause: You cannot dynamax\n|teampreview\n|c|\u2606relic stone|hf\n|c|\u2606LT74PF 999iq280|u2\n|\n|t:|1599035924\n|start\n|switch|p1a: Silhouette|Urshifu-Rapid-Strike, M|100\/100\n|switch|p2a: Urshifu|Urshifu-Rapid-Strike, M|100\/100\n|turn|1\n|\n|t:|1599035928\n|move|p1a: Silhouette|U-turn|p2a: Urshifu\n|-resisted|p2a: Urshifu\n|-damage|p2a: Urshifu|87\/100\n|\n|t:|1599035931\n|switch|p1a: Raider|Krookodile, M|100\/100|[from]move: U-turn\n|-ability|p1a: Raider|Intimidate|boost\n|-unboost|p2a: Urshifu|atk|1\n|move|p2a: Urshifu|Close Combat|p1a: Raider\n|-supereffective|p1a: Raider\n|-damage|p1a: Raider|15\/100\n|-unboost|p2a: Urshifu|def|1\n|-unboost|p2a: Urshifu|spd|1\n|-damage|p2a: Urshifu|71\/100|[from] item: Rocky Helmet|[of] p1a: Raider\n|\n|upkeep\n|turn|2\n|\n|t:|1599035939\n|switch|p2a: Clefable|Clefable, F|100\/100\n|switch|p1a: Cloud n1n3|Togekiss, M|100\/100\n|\n|upkeep\n|turn|3\n|\n|t:|1599035943\n|switch|p1a: Achilles|Aegislash, M|100\/100\n|move|p2a: Clefable|Stealth Rock|p1a: Achilles\n|-sidestart|p1: relic stone|move: Stealth Rock\n|\n|upkeep\n|turn|4\n|\n|t:|1599035951\n|switch|p2a: Magnezone|Magnezone|100\/100\n|-formechange|p1a: Achilles|Aegislash-Blade||[from] ability: Stance Change\n|move|p1a: Achilles|Flash Cannon|p2a: Magnezone\n|-resisted|p2a: Magnezone\n|-damage|p2a: Magnezone|77\/100\n|\n|upkeep\n|turn|5\n|\n|t:|1599035956\n|switch|p1a: Phantom|Rotom-Heat, shiny|100\/100\n|move|p2a: Magnezone|Volt Switch|p1a: Phantom\n|-resisted|p1a: Phantom\n|-damage|p1a: Phantom|80\/100\n|\n|t:|1599035959\n|switch|p2a: Urshifu|Urshifu-Rapid-Strike, M|71\/100|[from]move: Volt Switch\n|\n|upkeep\n|turn|6\n|\n|t:|1599035964\n|switch|p1a: Raider|Krookodile, M|15\/100\n|-damage|p1a: Raider|9\/100|[from] Stealth Rock\n|-ability|p1a: Raider|Intimidate|boost\n|-unboost|p2a: Urshifu|atk|1\n|move|p2a: Urshifu|Surging Strikes|p1a: Raider\n|-supereffective|p1a: Raider\n|-crit|p1a: Raider\n|-damage|p1a: Raider|0 fnt\n|-damage|p2a: Urshifu|54\/100|[from] item: Rocky Helmet|[of] p1a: Raider\n|-hitcount|p1a: Raider|1\n|faint|p1a: Raider\n|\n|upkeep\n|\n|t:|1599035969\n|switch|p1a: Tama Tonga|Rillaboom, M|100\/100\n|-damage|p1a: Tama Tonga|88\/100|[from] Stealth Rock\n|-fieldstart|move: Grassy Terrain|[from] ability: Grassy Surge|[of] p1a: Tama Tonga\n|turn|7\n|\n|t:|1599035973\n|move|p1a: Tama Tonga|Grassy Glide|p2a: Urshifu\n|-supereffective|p2a: Urshifu\n|-damage|p2a: Urshifu|0 fnt\n|faint|p2a: Urshifu\n|\n|-heal|p1a: Tama Tonga|94\/100|[from] Grassy Terrain\n|upkeep\n|\n|t:|1599035976\n|switch|p2a: Rillaboom|Rillaboom, M|100\/100\n|turn|8\n|\n|t:|1599035984\n|switch|p1a: Achilles|Aegislash, M|100\/100\n|-damage|p1a: Achilles|94\/100|[from] Stealth Rock\n|move|p2a: Rillaboom|Knock Off|p1a: Achilles\n|-supereffective|p1a: Achilles\n|-damage|p1a: Achilles|0 fnt\n|-enditem|p1a: Achilles|Choice Specs|[from] move: Knock Off|[of] p2a: Rillaboom\n|faint|p1a: Achilles\n|\n|upkeep\n|\n|t:|1599035987\n|switch|p1a: Silhouette|Urshifu-Rapid-Strike, M|100\/100\n|-damage|p1a: Silhouette|94\/100|[from] Stealth Rock\n|turn|9\n|\n|t:|1599035991\n|switch|p2a: Magnezone|Magnezone|77\/100\n|move|p1a: Silhouette|Close Combat|p2a: Magnezone\n|-supereffective|p2a: Magnezone\n|-damage|p2a: Magnezone|0 fnt\n|-unboost|p1a: Silhouette|def|1\n|-unboost|p1a: Silhouette|spd|1\n|faint|p2a: Magnezone\n|\n|-heal|p1a: Silhouette|100\/100|[from] Grassy Terrain\n|upkeep\n|\n|t:|1599035994\n|switch|p2a: Rillaboom|Rillaboom, M|100\/100\n|turn|10\n|\n|t:|1599035997\n|move|p1a: Silhouette|Close Combat|p2a: Rillaboom\n|-damage|p2a: Rillaboom|46\/100\n|-unboost|p1a: Silhouette|def|1\n|-unboost|p1a: Silhouette|spd|1\n|move|p2a: Rillaboom|U-turn|p1a: Silhouette\n|-resisted|p1a: Silhouette\n|-damage|p1a: Silhouette|58\/100\n|\n|t:|1599036000\n|switch|p2a: Hatterene|Hatterene, F|100\/100|[from]move: U-turn\n|\n|-heal|p1a: Silhouette|65\/100|[from] Grassy Terrain\n|upkeep\n|turn|11\n|\n|t:|1599036012\n|switch|p1a: Cloud n1n3|Togekiss, M|100\/100\n|-damage|p1a: Cloud n1n3|76\/100|[from] Stealth Rock\n|move|p2a: Hatterene|Calm Mind|p2a: Hatterene\n|-boost|p2a: Hatterene|spa|1\n|-boost|p2a: Hatterene|spd|1\n|\n|-fieldend|move: Grassy Terrain\n|upkeep\n|turn|12\n|\n|t:|1599036017\n|move|p1a: Cloud n1n3|Air Slash|p2a: Hatterene\n|-damage|p2a: Hatterene|71\/100\n|cant|p2a: Hatterene|flinch\n|\n|-heal|p2a: Hatterene|77\/100|[from] item: Leftovers\n|upkeep\n|turn|13\n|\n|t:|1599036021\n|move|p1a: Cloud n1n3|Air Slash|p2a: Hatterene\n|-damage|p2a: Hatterene|48\/100\n|cant|p2a: Hatterene|flinch\n|\n|-heal|p2a: Hatterene|54\/100|[from] item: Leftovers\n|upkeep\n|turn|14\n|\n|t:|1599036024\n|move|p1a: Cloud n1n3|Air Slash|p2a: Hatterene\n|-damage|p2a: Hatterene|26\/100\n|cant|p2a: Hatterene|flinch\n|\n|-heal|p2a: Hatterene|32\/100|[from] item: Leftovers\n|upkeep\n|turn|15\n|\n|t:|1599036027\n|move|p1a: Cloud n1n3|Air Slash|p2a: Hatterene\n|-damage|p2a: Hatterene|7\/100\n|move|p2a: Hatterene|Draining Kiss|p1a: Cloud n1n3\n|-damage|p1a: Cloud n1n3|46\/100\n|-heal|p2a: Hatterene|31\/100|[from] drain|[of] p1a: Cloud n1n3\n|\n|-heal|p2a: Hatterene|37\/100|[from] item: Leftovers\n|upkeep\n|turn|16\n|\n|t:|1599036034\n|move|p1a: Cloud n1n3|Air Slash|p2a: Hatterene\n|-damage|p2a: Hatterene|11\/100\n|cant|p2a: Hatterene|flinch\n|\n|-heal|p2a: Hatterene|17\/100|[from] item: Leftovers\n|upkeep\n|turn|17\n|\n|t:|1599036037\n|move|p1a: Cloud n1n3|Air Slash|p2a: Hatterene\n|-damage|p2a: Hatterene|0 fnt\n|faint|p2a: Hatterene\n|\n|upkeep\n|\n|t:|1599036038\n|switch|p2a: Clefable|Clefable, F|100\/100\n|turn|18\n|\n|t:|1599036042\n|switch|p2a: Rillaboom|Rillaboom, M|46\/100\n|-fieldstart|move: Grassy Terrain|[from] ability: Grassy Surge|[of] p2a: Rillaboom\n|move|p1a: Cloud n1n3|Air Slash|p2a: Rillaboom\n|-supereffective|p2a: Rillaboom\n|-damage|p2a: Rillaboom|0 fnt\n|faint|p2a: Rillaboom\n|\n|upkeep\n|\n|t:|1599036048\n|switch|p2a: Hawlucha|Hawlucha, F|100\/100\n|-enditem|p2a: Hawlucha|Grassy Seed\n|-boost|p2a: Hawlucha|def|1|[from] item: Grassy Seed\n|turn|19\n|\n|t:|1599036050\n|move|p2a: Hawlucha|Substitute|p2a: Hawlucha\n|-start|p2a: Hawlucha|Substitute\n|-damage|p2a: Hawlucha|75\/100\n|move|p1a: Cloud n1n3|Air Slash|p2a: Hawlucha\n|-supereffective|p2a: Hawlucha\n|-end|p2a: Hawlucha|Substitute\n|\n|upkeep\n|turn|20\n|\n|t:|1599036054\n|move|p2a: Hawlucha|Acrobatics|p1a: Cloud n1n3\n|-damage|p1a: Cloud n1n3|0 fnt\n|faint|p1a: Cloud n1n3\n|\n|upkeep\n|\n|t:|1599036059\n|switch|p1a: Phantom|Rotom-Heat, shiny|80\/100\n|turn|21\n|\n|t:|1599036066\n|move|p2a: Hawlucha|Substitute|p2a: Hawlucha\n|-start|p2a: Hawlucha|Substitute\n|-damage|p2a: Hawlucha|50\/100\n|move|p1a: Phantom|Volt Switch|p2a: Hawlucha\n|-supereffective|p2a: Hawlucha\n|-end|p2a: Hawlucha|Substitute\n|\n|t:|1599036069\n|switch|p1a: Silhouette|Urshifu-Rapid-Strike, M|65\/100|[from]move: Volt Switch\n|-damage|p1a: Silhouette|58\/100|[from] Stealth Rock\n|\n|-heal|p1a: Silhouette|65\/100|[from] Grassy Terrain\n|upkeep\n|turn|22\n|\n|t:|1599036072\n|move|p1a: Silhouette|Aqua Jet|p2a: Hawlucha\n|-damage|p2a: Hawlucha|34\/100\n|move|p2a: Hawlucha|Acrobatics|p1a: Silhouette\n|-supereffective|p1a: Silhouette\n|-damage|p1a: Silhouette|0 fnt\n|faint|p1a: Silhouette\n|\n|-fieldend|move: Grassy Terrain\n|upkeep\n|\n|t:|1599036076\n|switch|p1a: Phantom|Rotom-Heat, shiny|80\/100\n|turn|23\n|j| Livio ElTito\n|\n|t:|1599036081\n|move|p2a: Hawlucha|Close Combat|p1a: Phantom\n|-damage|p1a: Phantom|24\/100\n|-unboost|p2a: Hawlucha|def|1\n|-unboost|p2a: Hawlucha|spd|1\n|move|p1a: Phantom|Volt Switch|p2a: Hawlucha\n|-supereffective|p2a: Hawlucha\n|-damage|p2a: Hawlucha|0 fnt\n|faint|p2a: Hawlucha\n|\n|t:|1599036084\n|switch|p1a: Tama Tonga|Rillaboom, M|94\/100|[from]move: Volt Switch\n|-damage|p1a: Tama Tonga|82\/100|[from] Stealth Rock\n|-fieldstart|move: Grassy Terrain|[from] ability: Grassy Surge|[of] p1a: Tama Tonga\n|\n|-heal|p1a: Tama Tonga|88\/100|[from] Grassy Terrain\n|upkeep\n|\n|t:|1599036086\n|switch|p2a: Clefable|Clefable, F|100\/100\n|turn|24\n|\n|t:|1599036089\n|move|p1a: Tama Tonga|Wood Hammer|p2a: Clefable\n|-damage|p2a: Clefable|0 fnt\n|-damage|p1a: Tama Tonga|50\/100|[from] Recoil\n|faint|p2a: Clefable\n|\n|win|relic stone\n|raw|relic stone's rating: 1807 &rarr; <strong>1820<\/strong><br \/>(+13 for winning)\n|raw|LT74PF 999iq280's rating: 1680 &rarr; <strong>1667<\/strong><br \/>(-13 for losing)\n|l|\u2606LT74PF 999iq280\n|c|\u2606relic stone|gg\n","uploadtime":1599036096,"views":270,"p1id":"relicstone","p2id":"lt74pf999iq280","formatid":"gen8ou","rating":1667,"private":0,"password":null}