{"id":"gen8ou-1640838210","p1":"LT93OQ mimilimi \u266b\u262f","p2":"antarctozolt","format":"gen8ou","log":"|raw|<div class=\"broadcast-blue\"><strong>This battle is required to be public due to a player having a name starting with 'lt93oq'.<\/div>\n|j|\u2606LT93OQ mimilimi \u266b\u262f\n|j|\u203dantarctozolt\n|t:|1660641440\n|gametype|singles\n|player|p1|LT93OQ mimilimi \u266b\u262f|juggler|1855\n|player|p2|antarctozolt|skier|1902\n|teamsize|p1|6\n|teamsize|p2|6\n|gen|8\n|tier|[Gen 8] OU\n|rated|\n|rule|Sleep Clause Mod: Limit one foe put to sleep\n|rule|Species Clause: Limit one of each Pok\u00e9mon\n|rule|OHKO Clause: OHKO moves are banned\n|rule|Evasion Items Clause: Evasion items are banned\n|rule|Evasion Moves Clause: Evasion moves are banned\n|rule|Endless Battle Clause: Forcing endless battles is banned\n|rule|HP Percentage Mod: HP is shown in percentages\n|rule|Dynamax Clause: You cannot dynamax\n|clearpoke\n|poke|p1|Pelipper, M|\n|poke|p1|Kingdra, M|\n|poke|p1|Zapdos|\n|poke|p1|Ferrothorn, F|\n|poke|p1|Excadrill, M|\n|poke|p1|Crawdaunt, F|\n|poke|p2|Kartana|\n|poke|p2|Toxtricity, M|\n|poke|p2|Celesteela|\n|poke|p2|Dragapult, F|\n|poke|p2|Mew|\n|poke|p2|Zeraora|\n|teampreview\n|c|\u2606LT93OQ mimilimi \u266b\u262f|Gl\n|j| Mimikyu Stardust\n|j| ownerfloor\n|\n|t:|1660641457\n|start\n|switch|p1a: Pelipper|Pelipper, M|100\/100\n|switch|p2a: Mew|Mew|100\/100\n|-weather|RainDance|[from] ability: Drizzle|[of] p1a: Pelipper\n|turn|1\n|\n|t:|1660641460\n|move|p2a: Mew|Stealth Rock|p1a: Pelipper\n|-sidestart|p1: LT93OQ mimilimi \u266b\u262f|move: Stealth Rock\n|move|p1a: Pelipper|U-turn|p2a: Mew\n|-supereffective|p2a: Mew\n|-damage|p2a: Mew|86\/100\n|\n|t:|1660641464\n|switch|p1a: Excadrill|Excadrill, M|100\/100|[from]move: U-turn\n|-damage|p1a: Excadrill|97\/100|[from] Stealth Rock\n|-ability|p1a: Excadrill|Mold Breaker\n|\n|-weather|RainDance|[upkeep]\n|-heal|p1a: Excadrill|100\/100|[from] item: Leftovers\n|upkeep\n|turn|2\n|\n|t:|1660641466\n|switch|p2a: Dragapult|Dragapult, F|100\/100\n|move|p1a: Excadrill|Rapid Spin|p2a: Dragapult\n|-immune|p2a: Dragapult\n|\n|-weather|RainDance|[upkeep]\n|upkeep\n|turn|3\n|\n|t:|1660641468\n|move|p2a: Dragapult|Shadow Ball|p1a: Excadrill\n|-damage|p1a: Excadrill|61\/100\n|move|p1a: Excadrill|Earthquake|p2a: Dragapult\n|-damage|p2a: Dragapult|44\/100\n|\n|-weather|RainDance|[upkeep]\n|-heal|p1a: Excadrill|67\/100|[from] item: Leftovers\n|upkeep\n|turn|4\n|\n|t:|1660641473\n|move|p2a: Dragapult|Shadow Ball|p1a: Excadrill\n|-damage|p1a: Excadrill|30\/100\n|move|p1a: Excadrill|Earthquake|p2a: Dragapult\n|-damage|p2a: Dragapult|0 fnt\n|faint|p2a: Dragapult\n|\n|-weather|RainDance|[upkeep]\n|-heal|p1a: Excadrill|36\/100|[from] item: Leftovers\n|upkeep\n|\n|t:|1660641477\n|switch|p2a: Zeraora|Zeraora|100\/100\n|turn|5\n|j| LT93OQ RL\n|\n|t:|1660641486\n|switch|p1a: Ferrothorn|Ferrothorn, F|100\/100\n|-damage|p1a: Ferrothorn|95\/100|[from] Stealth Rock\n|move|p2a: Zeraora|Close Combat|p1a: Ferrothorn\n|-supereffective|p1a: Ferrothorn\n|-enditem|p1a: Ferrothorn|Chople Berry|[eat]\n|-enditem|p1a: Ferrothorn|Chople Berry|[weaken]\n|-damage|p1a: Ferrothorn|73\/100\n|-unboost|p2a: Zeraora|def|1\n|-unboost|p2a: Zeraora|spd|1\n|-enditem|p2a: Zeraora|Eject Pack\n|-damage|p2a: Zeraora|88\/100|[from] ability: Iron Barbs|[of] p1a: Ferrothorn\n|\n|t:|1660641490\n|switch|p2a: Toxtricity|Toxtricity, M|100\/100\n|\n|-weather|RainDance|[upkeep]\n|upkeep\n|turn|6\n|\n|t:|1660641494\n|move|p2a: Toxtricity|Shift Gear|p2a: Toxtricity\n|-boost|p2a: Toxtricity|spe|2\n|-boost|p2a: Toxtricity|atk|1\n|move|p1a: Ferrothorn|Spikes|p2a: Toxtricity\n|-sidestart|p2: antarctozolt|Spikes\n|\n|-weather|RainDance|[upkeep]\n|upkeep\n|turn|7\n|j| ILoveThe1975\n|\n|t:|1660641504\n|move|p2a: Toxtricity|Shift Gear|p2a: Toxtricity\n|-boost|p2a: Toxtricity|spe|2\n|-boost|p2a: Toxtricity|atk|1\n|move|p1a: Ferrothorn|Leech Seed|p2a: Toxtricity\n|-start|p2a: Toxtricity|move: Leech Seed\n|\n|-weather|RainDance|[upkeep]\n|-damage|p2a: Toxtricity|88\/100|[from] Leech Seed|[of] p1a: Ferrothorn\n|-heal|p1a: Ferrothorn|83\/100|[silent]\n|upkeep\n|turn|8\n|\n|t:|1660641507\n|move|p2a: Toxtricity|Drain Punch|p1a: Ferrothorn\n|-supereffective|p1a: Ferrothorn\n|-damage|p1a: Ferrothorn|30\/100\n|-heal|p2a: Toxtricity|100\/100|[from] drain|[of] p1a: Ferrothorn\n|-damage|p2a: Toxtricity|88\/100|[from] ability: Iron Barbs|[of] p1a: Ferrothorn\n|-damage|p2a: Toxtricity|78\/100|[from] item: Life Orb\n|move|p1a: Ferrothorn|Gyro Ball|p2a: Toxtricity\n|-resisted|p2a: Toxtricity\n|-damage|p2a: Toxtricity|37\/100\n|\n|-weather|none\n|-damage|p2a: Toxtricity|25\/100|[from] Leech Seed|[of] p1a: Ferrothorn\n|-heal|p1a: Ferrothorn|40\/100|[silent]\n|upkeep\n|turn|9\n|\n|t:|1660641513\n|move|p2a: Toxtricity|Drain Punch|p1a: Ferrothorn\n|-supereffective|p1a: Ferrothorn\n|-damage|p1a: Ferrothorn|0 fnt\n|-heal|p2a: Toxtricity|49\/100|[from] drain|[of] p1a: Ferrothorn\n|-damage|p2a: Toxtricity|37\/100|[from] ability: Iron Barbs|[of] p1a: Ferrothorn\n|faint|p1a: Ferrothorn\n|-damage|p2a: Toxtricity|27\/100|[from] item: Life Orb\n|\n|upkeep\n|\n|t:|1660641514\n|switch|p1a: Crawdaunt|Crawdaunt, F|100\/100\n|-damage|p1a: Crawdaunt|88\/100|[from] Stealth Rock\n|turn|10\n|\n|t:|1660641518\n|switch|p2a: Mew|Mew|86\/100\n|-damage|p2a: Mew|73\/100|[from] Spikes\n|move|p1a: Crawdaunt|Aqua Jet|p2a: Mew\n|-damage|p2a: Mew|44\/100\n|\n|upkeep\n|turn|11\n|\n|t:|1660641523\n|switch|p2a: Toxtricity|Toxtricity, M|27\/100\n|-damage|p2a: Toxtricity|14\/100|[from] Spikes\n|switch|p1a: Excadrill|Excadrill, M|36\/100\n|-damage|p1a: Excadrill|33\/100|[from] Stealth Rock\n|-ability|p1a: Excadrill|Mold Breaker\n|\n|-heal|p1a: Excadrill|39\/100|[from] item: Leftovers\n|upkeep\n|turn|12\n|\n|t:|1660641528\n|switch|p1a: Pelipper|Pelipper, M|100\/100\n|-damage|p1a: Pelipper|76\/100|[from] Stealth Rock\n|-weather|RainDance|[from] ability: Drizzle|[of] p1a: Pelipper\n|move|p2a: Toxtricity|Drain Punch|p1a: Pelipper\n|-resisted|p1a: Pelipper\n|-damage|p1a: Pelipper|67\/100\n|-heal|p2a: Toxtricity|19\/100|[from] drain|[of] p1a: Pelipper\n|-damage|p2a: Toxtricity|9\/100|[from] item: Life Orb\n|\n|-weather|RainDance|[upkeep]\n|upkeep\n|turn|13\n|\n|t:|1660641533\n|switch|p1a: Excadrill|Excadrill, M|39\/100\n|-damage|p1a: Excadrill|36\/100|[from] Stealth Rock\n|-ability|p1a: Excadrill|Mold Breaker\n|move|p2a: Toxtricity|Boomburst|p1a: Excadrill\n|-resisted|p1a: Excadrill\n|-damage|p1a: Excadrill|7\/100\n|-damage|p2a: Toxtricity|0 fnt|[from] item: Life Orb\n|faint|p2a: Toxtricity\n|\n|-weather|RainDance|[upkeep]\n|-heal|p1a: Excadrill|13\/100|[from] item: Leftovers\n|upkeep\n|l| Mimikyu Stardust\n|\n|t:|1660641548\n|switch|p2a: Celesteela|Celesteela|100\/100\n|turn|14\n|\n|t:|1660641550\n|move|p2a: Celesteela|Autotomize|p2a: Celesteela\n|-boost|p2a: Celesteela|spe|2\n|-start|p2a: Celesteela|Autotomize\n|move|p1a: Excadrill|Rapid Spin|p2a: Celesteela\n|-resisted|p2a: Celesteela\n|-damage|p2a: Celesteela|93\/100\n|-boost|p1a: Excadrill|spe|1\n|-sideend|p1: LT93OQ mimilimi \u266b\u262f|Stealth Rock|[from] move: Rapid Spin|[of] p1a: Excadrill\n|\n|-weather|RainDance|[upkeep]\n|-heal|p1a: Excadrill|20\/100|[from] item: Leftovers\n|upkeep\n|turn|15\n|\n|t:|1660641557\n|switch|p1a: Kingdra|Kingdra, M|100\/100\n|move|p2a: Celesteela|Autotomize|p2a: Celesteela\n|-boost|p2a: Celesteela|spe|2\n|-start|p2a: Celesteela|Autotomize\n|\n|-weather|RainDance|[upkeep]\n|upkeep\n|turn|16\n|\n|t:|1660641559\n|move|p2a: Celesteela|Air Slash|p1a: Kingdra\n|-damage|p1a: Kingdra|58\/100\n|move|p1a: Kingdra|Hydro Pump|p2a: Celesteela\n|-damage|p2a: Celesteela|0 fnt\n|faint|p2a: Celesteela\n|\n|-weather|RainDance|[upkeep]\n|upkeep\n|\n|t:|1660641563\n|switch|p2a: Kartana|Kartana|100\/100\n|-damage|p2a: Kartana|88\/100|[from] Spikes\n|turn|17\n|\n|t:|1660641568\n|switch|p1a: Zapdos|Zapdos|100\/100\n|move|p2a: Kartana|Leaf Blade|p1a: Zapdos\n|-resisted|p1a: Zapdos\n|-crit|p1a: Zapdos\n|-damage|p1a: Zapdos|52\/100\n|\n|-weather|RainDance|[upkeep]\n|upkeep\n|turn|18\n|\n|t:|1660641574\n|switch|p2a: Zeraora|Zeraora|88\/100\n|-damage|p2a: Zeraora|76\/100|[from] Spikes\n|move|p1a: Zapdos|Weather Ball|p2a: Zeraora\n|-damage|p2a: Zeraora|12\/100\n|\n|-weather|RainDance|[upkeep]\n|upkeep\n|turn|19\n|\n|t:|1660641578\n|switch|p1a: Excadrill|Excadrill, M|20\/100\n|-ability|p1a: Excadrill|Mold Breaker\n|move|p2a: Zeraora|Plasma Fists|p1a: Excadrill\n|-immune|p1a: Excadrill\n|\n|-weather|none\n|-heal|p1a: Excadrill|26\/100|[from] item: Leftovers\n|upkeep\n|turn|20\n|\n|t:|1660641582\n|switch|p1a: Pelipper|Pelipper, M|67\/100\n|-weather|RainDance|[from] ability: Drizzle|[of] p1a: Pelipper\n|move|p2a: Zeraora|Close Combat|p1a: Pelipper\n|-resisted|p1a: Pelipper\n|-damage|p1a: Pelipper|53\/100\n|-unboost|p2a: Zeraora|def|1\n|-unboost|p2a: Zeraora|spd|1\n|\n|-weather|RainDance|[upkeep]\n|upkeep\n|turn|21\n|\n|t:|1660641584\n|switch|p1a: Excadrill|Excadrill, M|26\/100\n|-ability|p1a: Excadrill|Mold Breaker\n|move|p2a: Zeraora|Knock Off|p1a: Excadrill\n|-damage|p1a: Excadrill|0 fnt\n|-enditem|p1a: Excadrill|Leftovers|[from] move: Knock Off|[of] p2a: Zeraora\n|faint|p1a: Excadrill\n|\n|-weather|RainDance|[upkeep]\n|upkeep\n|\n|t:|1660641587\n|switch|p1a: Kingdra|Kingdra, M|58\/100\n|turn|22\n|\n|t:|1660641589\n|move|p1a: Kingdra|Surf|p2a: Zeraora\n|-damage|p2a: Zeraora|0 fnt\n|faint|p2a: Zeraora\n|\n|-weather|RainDance|[upkeep]\n|upkeep\n|\n|t:|1660641591\n|switch|p2a: Kartana|Kartana|88\/100\n|-damage|p2a: Kartana|76\/100|[from] Spikes\n|turn|23\n|\n|t:|1660641593\n|move|p1a: Kingdra|Surf|p2a: Kartana\n|-resisted|p2a: Kartana\n|-damage|p2a: Kartana|0 fnt\n|faint|p2a: Kartana\n|\n|-weather|RainDance|[upkeep]\n|upkeep\n|-message|antarctozolt forfeited.\n|\n|win|LT93OQ mimilimi \u266b\u262f\n|raw|LT93OQ mimilimi \u266b\u262f's rating: 1855 &rarr; <strong>1878<\/strong><br \/>(+23 for winning)\n|raw|antarctozolt's rating: 1902 &rarr; <strong>1879<\/strong><br \/>(-23 for losing)\n|l|\u203dantarctozolt\n","uploadtime":1660641605,"views":114,"p1id":"lt93oqmimilimi","p2id":"antarctozolt","formatid":"gen8ou","rating":1878,"private":0,"password":null}