{"id":"gen8ou-1694194931","p1":"fly casanova","p2":"toon arctozolt","format":"gen8ou","log":"|html|<div class=\"broadcast-blue\"><strong>[Gen 8] OU is currently suspecting Melmetal! For information on how to participate check out the <a href=\"https:\/\/www.smogon.com\/forums\/threads\/np-ss-ou-suspect-process-round-12-monster-mash.3709234\/\">suspect thread<\/a>.<\/strong><\/div>\n|j|\u203dfly casanova\n|j|\u2606toon arctozolt\n|t:|1666675601\n|gametype|singles\n|player|p1|fly casanova|gamer-gen3|1616\n|player|p2|toon arctozolt|harlequin|1756\n|teamsize|p1|6\n|teamsize|p2|6\n|gen|8\n|tier|[Gen 8] OU\n|rated|\n|rule|Sleep Clause Mod: Limit one foe put to sleep\n|rule|Species Clause: Limit one of each Pok\u00e9mon\n|rule|OHKO Clause: OHKO moves are banned\n|rule|Evasion Items Clause: Evasion items are banned\n|rule|Evasion Moves Clause: Evasion moves are banned\n|rule|Endless Battle Clause: Forcing endless battles is banned\n|rule|HP Percentage Mod: HP is shown in percentages\n|rule|Dynamax Clause: You cannot dynamax\n|clearpoke\n|poke|p1|Suicune|\n|poke|p1|Ferrothorn, F|\n|poke|p1|Heatran, M|\n|poke|p1|Dragonite, M|\n|poke|p1|Krookodile, M|\n|poke|p1|Tapu Lele|\n|poke|p2|Pelipper, M|\n|poke|p2|Corviknight, F|\n|poke|p2|Inteleon, F|\n|poke|p2|Ferrothorn, M|\n|poke|p2|Barraskewda, M|\n|poke|p2|Seismitoad, F|\n|teampreview\n|inactive|Battle timer is ON: inactive players will automatically lose when time's up. (requested by toon arctozolt)\n|\n|t:|1666675612\n|start\n|switch|p1a: Suicune|Suicune|100\/100\n|switch|p2a: Pelipper|Pelipper, M|100\/100\n|-ability|p1a: Suicune|Pressure\n|-weather|RainDance|[from] ability: Drizzle|[of] p2a: Pelipper\n|turn|1\n|\n|t:|1666675615\n|move|p1a: Suicune|Substitute|p1a: Suicune\n|-start|p1a: Suicune|Substitute\n|-damage|p1a: Suicune|76\/100\n|move|p2a: Pelipper|Scald|p1a: Suicune\n|-resisted|p1a: Suicune\n|-activate|p1a: Suicune|move: Substitute|[damage]\n|\n|-weather|RainDance|[upkeep]\n|-heal|p1a: Suicune|82\/100|[from] item: Leftovers\n|upkeep\n|turn|2\n|\n|t:|1666675620\n|move|p1a: Suicune|Calm Mind|p1a: Suicune\n|-boost|p1a: Suicune|spa|1\n|-boost|p1a: Suicune|spd|1\n|move|p2a: Pelipper|U-turn|p1a: Suicune\n|-activate|p1a: Suicune|move: Substitute|[damage]\n|\n|t:|1666675626\n|switch|p2a: Barraskewda|Barraskewda, M|100\/100|[from]move: U-turn\n|\n|-weather|RainDance|[upkeep]\n|-heal|p1a: Suicune|88\/100|[from] item: Leftovers\n|upkeep\n|turn|3\n|\n|t:|1666675629\n|move|p1a: Suicune|Protect|p1a: Suicune\n|-singleturn|p1a: Suicune|Protect\n|move|p2a: Barraskewda|Liquidation|p1a: Suicune\n|-activate|p1a: Suicune|move: Protect\n|\n|-weather|RainDance|[upkeep]\n|-heal|p1a: Suicune|94\/100|[from] item: Leftovers\n|upkeep\n|turn|4\n|\n|t:|1666675634\n|move|p2a: Barraskewda|Liquidation|p1a: Suicune\n|-resisted|p1a: Suicune\n|-end|p1a: Suicune|Substitute\n|move|p1a: Suicune|Substitute|p1a: Suicune\n|-start|p1a: Suicune|Substitute\n|-damage|p1a: Suicune|69\/100\n|\n|-weather|RainDance|[upkeep]\n|-heal|p1a: Suicune|76\/100|[from] item: Leftovers\n|upkeep\n|turn|5\n|\n|t:|1666675639\n|move|p1a: Suicune|Protect|p1a: Suicune\n|-singleturn|p1a: Suicune|Protect\n|move|p2a: Barraskewda|Liquidation|p1a: Suicune\n|-activate|p1a: Suicune|move: Protect\n|\n|-weather|RainDance|[upkeep]\n|-heal|p1a: Suicune|82\/100|[from] item: Leftovers\n|upkeep\n|turn|6\n|\n|t:|1666675641\n|move|p2a: Barraskewda|Liquidation|p1a: Suicune\n|-resisted|p1a: Suicune\n|-end|p1a: Suicune|Substitute\n|move|p1a: Suicune|Substitute|p1a: Suicune\n|-start|p1a: Suicune|Substitute\n|-damage|p1a: Suicune|57\/100\n|\n|-weather|RainDance|[upkeep]\n|-heal|p1a: Suicune|63\/100|[from] item: Leftovers\n|upkeep\n|turn|7\n|\n|t:|1666675644\n|move|p1a: Suicune|Protect|p1a: Suicune\n|-singleturn|p1a: Suicune|Protect\n|move|p2a: Barraskewda|Liquidation|p1a: Suicune\n|-activate|p1a: Suicune|move: Protect\n|\n|-weather|RainDance|[upkeep]\n|-heal|p1a: Suicune|69\/100|[from] item: Leftovers\n|upkeep\n|turn|8\n|\n|t:|1666675647\n|move|p2a: Barraskewda|Liquidation|p1a: Suicune\n|-resisted|p1a: Suicune\n|-end|p1a: Suicune|Substitute\n|move|p1a: Suicune|Scald|p2a: Barraskewda\n|-resisted|p2a: Barraskewda\n|-damage|p2a: Barraskewda|32\/100\n|\n|-weather|none\n|-heal|p1a: Suicune|76\/100|[from] item: Leftovers\n|upkeep\n|turn|9\n|\n|t:|1666675666\n|move|p2a: Barraskewda|Liquidation|p1a: Suicune\n|-resisted|p1a: Suicune\n|-damage|p1a: Suicune|51\/100\n|-unboost|p1a: Suicune|def|1\n|move|p1a: Suicune|Substitute|p1a: Suicune\n|-start|p1a: Suicune|Substitute\n|-damage|p1a: Suicune|26\/100\n|\n|-heal|p1a: Suicune|33\/100|[from] item: Leftovers\n|upkeep\n|turn|10\n|j| PANDA EXPRESS HR\n|\n|t:|1666675670\n|move|p1a: Suicune|Protect|p1a: Suicune\n|-singleturn|p1a: Suicune|Protect\n|move|p2a: Barraskewda|Liquidation|p1a: Suicune\n|-activate|p1a: Suicune|move: Protect\n|\n|-heal|p1a: Suicune|39\/100|[from] item: Leftovers\n|upkeep\n|turn|11\n|\n|t:|1666675671\n|-activate|p2a: Barraskewda|move: Struggle\n|move|p2a: Barraskewda|Struggle|p1a: Suicune\n|-end|p1a: Suicune|Substitute\n|-damage|p2a: Barraskewda|7\/100|[from] recoil\n|move|p1a: Suicune|Scald|p2a: Barraskewda\n|-resisted|p2a: Barraskewda\n|-damage|p2a: Barraskewda|0 fnt\n|faint|p2a: Barraskewda\n|\n|-heal|p1a: Suicune|45\/100|[from] item: Leftovers\n|upkeep\n|\n|t:|1666675676\n|switch|p2a: Inteleon|Inteleon, F|100\/100\n|turn|12\n|\n|t:|1666675682\n|switch|p1a: Ferrothorn|Ferrothorn, F|100\/100\n|move|p2a: Inteleon|Focus Energy|p2a: Inteleon\n|-start|p2a: Inteleon|move: Focus Energy\n|\n|upkeep\n|turn|13\n|\n|t:|1666675687\n|move|p2a: Inteleon|Snipe Shot|p1a: Ferrothorn\n|-resisted|p1a: Ferrothorn\n|-crit|p1a: Ferrothorn\n|-damage|p1a: Ferrothorn|69\/100\n|move|p1a: Ferrothorn|Power Whip|p2a: Inteleon\n|-supereffective|p2a: Inteleon\n|-damage|p2a: Inteleon|0 fnt\n|faint|p2a: Inteleon\n|\n|-heal|p1a: Ferrothorn|75\/100|[from] item: Leftovers\n|upkeep\n|\n|t:|1666675692\n|switch|p2a: Ferrothorn|Ferrothorn, M|100\/100\n|turn|14\n|\n|t:|1666675694\n|move|p1a: Ferrothorn|Knock Off|p2a: Ferrothorn\n|-damage|p2a: Ferrothorn|85\/100\n|-damage|p1a: Ferrothorn|63\/100|[from] ability: Iron Barbs|[of] p2a: Ferrothorn\n|-enditem|p2a: Ferrothorn|Leftovers|[from] move: Knock Off|[of] p1a: Ferrothorn\n|move|p2a: Ferrothorn|Knock Off|p1a: Ferrothorn\n|-damage|p1a: Ferrothorn|47\/100\n|-damage|p2a: Ferrothorn|73\/100|[from] ability: Iron Barbs|[of] p1a: Ferrothorn\n|-enditem|p1a: Ferrothorn|Leftovers|[from] move: Knock Off|[of] p2a: Ferrothorn\n|\n|upkeep\n|turn|15\n|\n|t:|1666675699\n|switch|p1a: Heatran|Heatran, M|100\/100\n|move|p2a: Ferrothorn|Stealth Rock|p1a: Heatran\n|-sidestart|p1: fly casanova|move: Stealth Rock\n|\n|upkeep\n|turn|16\n|\n|t:|1666675709\n|switch|p1a: Suicune|Suicune|45\/100\n|-damage|p1a: Suicune|33\/100|[from] Stealth Rock\n|-ability|p1a: Suicune|Pressure\n|switch|p2a: Pelipper|Pelipper, M|100\/100\n|-weather|RainDance|[from] ability: Drizzle|[of] p2a: Pelipper\n|\n|-weather|RainDance|[upkeep]\n|-heal|p1a: Suicune|39\/100|[from] item: Leftovers\n|upkeep\n|turn|17\n|\n|t:|1666675713\n|move|p1a: Suicune|Protect|p1a: Suicune\n|-singleturn|p1a: Suicune|Protect\n|move|p2a: Pelipper|U-turn|p1a: Suicune\n|-activate|p1a: Suicune|move: Protect\n|\n|-weather|RainDance|[upkeep]\n|-heal|p1a: Suicune|45\/100|[from] item: Leftovers\n|upkeep\n|turn|18\n|\n|t:|1666675718\n|move|p1a: Suicune|Substitute|p1a: Suicune\n|-start|p1a: Suicune|Substitute\n|-damage|p1a: Suicune|20\/100\n|move|p2a: Pelipper|U-turn|p1a: Suicune\n|-activate|p1a: Suicune|move: Substitute|[damage]\n|\n|t:|1666675719\n|switch|p2a: Corviknight|Corviknight, F|100\/100|[from]move: U-turn\n|-ability|p2a: Corviknight|Pressure\n|\n|-weather|RainDance|[upkeep]\n|-heal|p1a: Suicune|26\/100|[from] item: Leftovers\n|upkeep\n|turn|19\n|\n|t:|1666675728\n|move|p1a: Suicune|Scald|p2a: Corviknight\n|-damage|p2a: Corviknight|64\/100\n|-status|p2a: Corviknight|brn\n|move|p2a: Corviknight|Brave Bird|p1a: Suicune\n|-activate|p1a: Suicune|move: Substitute|[damage]\n|-damage|p2a: Corviknight|60\/100 brn|[from] Recoil|[of] p1a: Suicune\n|\n|-weather|RainDance|[upkeep]\n|-heal|p1a: Suicune|33\/100|[from] item: Leftovers\n|-damage|p2a: Corviknight|54\/100 brn|[from] brn\n|upkeep\n|turn|20\n|-message|toon arctozolt forfeited.\n|\n|win|fly casanova\n|raw|fly casanova's rating: 1616 &rarr; <strong>1643<\/strong><br \/>(+27 for winning)\n|raw|toon arctozolt's rating: 1741 &rarr; <strong>1714<\/strong><br \/>(-27 for losing)\n|l|\u2606toon arctozolt\n","uploadtime":1666675801,"views":16,"p1id":"flycasanova","p2id":"toonarctozolt","formatid":"gen8ou","rating":1643,"private":0,"password":null}