{"id":"gen8ou-1166079754","p1":"lt71lx cuzzie","p2":"Ayante","format":"gen8ou","log":"|raw|<div class=\"broadcast-blue\"><strong>This battle is required to be public due to a player having a name prefixed by 'LT71LX'.<\/div>\n|j|\u2606lt71lx cuzzie\n|j|\u2606Ayante\n|t:|1597005559\n|player|p1|lt71lx cuzzie|102|1791\n|player|p2|Ayante|koga|1701\n|teamsize|p1|6\n|teamsize|p2|6\n|gametype|singles\n|gen|8\n|tier|[Gen 8] OU\n|rated|\n|clearpoke\n|poke|p1|Talonflame, F|\n|poke|p1|Urshifu-*, M|\n|poke|p1|Clefable, M|\n|poke|p1|Stunfisk, F|\n|poke|p1|Keldeo|\n|poke|p1|Scizor, F|\n|poke|p2|Urshifu-*, F|\n|poke|p2|Diggersby, M|\n|poke|p2|Volcarona, M|\n|poke|p2|Primarina, F|\n|poke|p2|Dragapult, F|\n|poke|p2|Corviknight, M|\n|rule|Sleep Clause Mod: Limit one foe put to sleep\n|rule|Species Clause: Limit one of each Pok\u00e9mon\n|rule|OHKO Clause: OHKO moves are banned\n|rule|Evasion Moves Clause: Evasion moves are banned\n|rule|Endless Battle Clause: Forcing endless battles is banned\n|rule|HP Percentage Mod: HP is shown in percentages\n|rule|Dynamax Clause: You cannot dynamax\n|teampreview\n|inactive|Battle timer is ON: inactive players will automatically lose when time's up. (requested by Ayante)\n|inactive|lt71lx cuzzie has 120 seconds left.\n|\n|t:|1597005658\n|start\n|switch|p1a: Stunfisk|Stunfisk, F|100\/100\n|switch|p2a: Dragapult|Dragapult, F|100\/100\n|turn|1\n|\n|t:|1597005664\n|move|p2a: Dragapult|Dragon Darts|p1a: Stunfisk\n|-damage|p1a: Stunfisk|78\/100\n|-anim|p2a: Dragapult|Dragon Darts|p1a: Stunfisk\n|-damage|p1a: Stunfisk|55\/100\n|move|p1a: Stunfisk|Stealth Rock|p2a: Dragapult\n|-sidestart|p2: Ayante|move: Stealth Rock\n|\n|-heal|p1a: Stunfisk|61\/100|[from] item: Leftovers\n|upkeep\n|turn|2\n|inactive|lt71lx cuzzie has 120 seconds left.\n|\n|t:|1597005717\n|move|p2a: Dragapult|Dragon Darts|p1a: Stunfisk\n|-damage|p1a: Stunfisk|38\/100\n|-anim|p2a: Dragapult|Dragon Darts|p1a: Stunfisk\n|-damage|p1a: Stunfisk|15\/100\n|move|p1a: Stunfisk|Earth Power|p2a: Dragapult\n|-damage|p2a: Dragapult|55\/100\n|\n|-heal|p1a: Stunfisk|21\/100|[from] item: Leftovers\n|upkeep\n|turn|3\n|\n|t:|1597005727\n|switch|p1a: Clefable|Clefable, M|100\/100\n|move|p2a: Dragapult|Dragon Darts|p1a: Clefable\n|-immune|p1a: Clefable\n|\n|upkeep\n|turn|4\n|inactive|lt71lx cuzzie has 90 seconds left.\n|\n|t:|1597005761\n|switch|p2a: Corviknight|Corviknight, M|100\/100\n|-damage|p2a: Corviknight|88\/100|[from] Stealth Rock\n|-ability|p2a: Corviknight|Pressure\n|move|p1a: Clefable|Moonblast|p2a: Corviknight\n|-resisted|p2a: Corviknight\n|-damage|p2a: Corviknight|74\/100\n|\n|upkeep\n|turn|5\n|\n|t:|1597005770\n|move|p1a: Clefable|Thunder|p2a: Corviknight\n|-supereffective|p2a: Corviknight\n|-crit|p2a: Corviknight\n|-damage|p2a: Corviknight|10\/100\n|-status|p2a: Corviknight|par\n|move|p2a: Corviknight|Defog|p1a: Clefable\n|-unboost|p1a: Clefable|evasion|1\n|-sideend|p2: Ayante|Stealth Rock|[from] move: Defog|[of] p2a: Corviknight\n|\n|upkeep\n|turn|6\n|inactive|lt71lx cuzzie has 90 seconds left.\n|\n|t:|1597005796\n|move|p1a: Clefable|Moonblast|p2a: Corviknight\n|-resisted|p2a: Corviknight\n|-damage|p2a: Corviknight|0 fnt\n|faint|p2a: Corviknight\n|\n|upkeep\n|\n|t:|1597005801\n|switch|p2a: Diggersby|Diggersby, M|100\/100\n|turn|7\n|inactive|lt71lx cuzzie has 90 seconds left.\n|\n|t:|1597005822\n|switch|p1a: EGALVANC.|Keldeo|100\/100\n|move|p2a: Diggersby|Mega Kick|p1a: EGALVANC.\n|-damage|p1a: EGALVANC.|0 fnt\n|-damage|p2a: Diggersby|91\/100|[from] item: Life Orb\n|faint|p1a: EGALVANC.\n|\n|upkeep\n|c|\u2606lt71lx cuzzie|oml\n|\n|t:|1597005831\n|switch|p1a: DIE HAPPY|Urshifu-Rapid-Strike, M|100\/100\n|turn|8\n|\n|t:|1597005840\n|switch|p2a: Primarina|Primarina, F|100\/100\n|move|p1a: DIE HAPPY|Surging Strikes|p2a: Primarina\n|-resisted|p2a: Primarina\n|-crit|p2a: Primarina\n|-damage|p2a: Primarina|89\/100\n|-resisted|p2a: Primarina\n|-crit|p2a: Primarina\n|-damage|p2a: Primarina|79\/100\n|-resisted|p2a: Primarina\n|-crit|p2a: Primarina\n|-damage|p2a: Primarina|70\/100\n|-hitcount|p2a: Primarina|3\n|-damage|p1a: DIE HAPPY|91\/100|[from] item: Life Orb\n|\n|-heal|p2a: Primarina|76\/100|[from] item: Leftovers\n|upkeep\n|turn|9\n|\n|t:|1597005854\n|switch|p1a: Scizor|Scizor, F|100\/100\n|move|p2a: Primarina|Draining Kiss|p1a: Scizor\n|-resisted|p1a: Scizor\n|-damage|p1a: Scizor|93\/100\n|-heal|p2a: Primarina|81\/100|[from] drain|[of] p1a: Scizor\n|\n|-heal|p1a: Scizor|99\/100|[from] item: Leftovers\n|-heal|p2a: Primarina|87\/100|[from] item: Leftovers\n|upkeep\n|turn|10\n|\n|t:|1597005865\n|switch|p2a: Volcarona|Volcarona, M|100\/100\n|move|p1a: Scizor|U-turn|p2a: Volcarona\n|-resisted|p2a: Volcarona\n|-damage|p2a: Volcarona|87\/100\n|-status|p1a: Scizor|brn|[from] ability: Flame Body|[of] p2a: Volcarona\n|\n|t:|1597005871\n|switch|p1a: Talonflame|Talonflame, F|100\/100|[from]move: U-turn\n|\n|upkeep\n|turn|11\n|\n|t:|1597005878\n|switch|p2a: Primarina|Primarina, F|87\/100\n|move|p1a: Talonflame|Brave Bird|p2a: Primarina\n|-damage|p2a: Primarina|61\/100\n|-damage|p1a: Talonflame|92\/100|[from] Recoil\n|\n|-heal|p2a: Primarina|67\/100|[from] item: Leftovers\n|upkeep\n|turn|12\n|\n|t:|1597005888\n|move|p1a: Talonflame|Taunt|p2a: Primarina\n|-start|p2a: Primarina|move: Taunt\n|move|p2a: Primarina|Scald|p1a: Talonflame\n|-supereffective|p1a: Talonflame\n|-damage|p1a: Talonflame|4\/100\n|\n|-heal|p2a: Primarina|73\/100|[from] item: Leftovers\n|upkeep\n|turn|13\n|inactive|lt71lx cuzzie has 120 seconds left.\n|\n|t:|1597005897\n|switch|p1a: Scizor|Scizor, F|99\/100 brn\n|move|p2a: Primarina|Scald|p1a: Scizor\n|-damage|p1a: Scizor|71\/100 brn\n|\n|-heal|p1a: Scizor|77\/100 brn|[from] item: Leftovers\n|-heal|p2a: Primarina|79\/100|[from] item: Leftovers\n|-damage|p1a: Scizor|71\/100 brn|[from] brn\n|upkeep\n|turn|14\n|\n|t:|1597005908\n|switch|p2a: Volcarona|Volcarona, M|87\/100\n|move|p1a: Scizor|U-turn|p2a: Volcarona\n|-resisted|p2a: Volcarona\n|-damage|p2a: Volcarona|79\/100\n|\n|t:|1597005914\n|switch|p1a: Talonflame|Talonflame, F|4\/100|[from]move: U-turn\n|\n|upkeep\n|turn|15\n|\n|t:|1597005919\n|switch|p2a: Primarina|Primarina, F|79\/100\n|move|p1a: Talonflame|Roost|p1a: Talonflame\n|-heal|p1a: Talonflame|54\/100\n|-singleturn|p1a: Talonflame|move: Roost\n|\n|-heal|p2a: Primarina|85\/100|[from] item: Leftovers\n|upkeep\n|turn|16\n|\n|t:|1597005929\n|switch|p1a: Clefable|Clefable, M|100\/100\n|move|p2a: Primarina|Calm Mind|p2a: Primarina\n|-boost|p2a: Primarina|spa|1\n|-boost|p2a: Primarina|spd|1\n|\n|-heal|p2a: Primarina|91\/100|[from] item: Leftovers\n|upkeep\n|turn|17\n|\n|t:|1597005937\n|move|p1a: Clefable|Calm Mind|p1a: Clefable\n|-boost|p1a: Clefable|spa|1\n|-boost|p1a: Clefable|spd|1\n|move|p2a: Primarina|Substitute|p2a: Primarina\n|-start|p2a: Primarina|Substitute\n|-damage|p2a: Primarina|66\/100\n|\n|-heal|p2a: Primarina|72\/100|[from] item: Leftovers\n|upkeep\n|turn|18\n|\n|t:|1597005946\n|switch|p2a: Diggersby|Diggersby, M|91\/100\n|move|p1a: Clefable|Calm Mind|p1a: Clefable\n|-boost|p1a: Clefable|spa|1\n|-boost|p1a: Clefable|spd|1\n|\n|upkeep\n|turn|19\n|\n|t:|1597005956\n|move|p2a: Diggersby|Earthquake|p1a: Clefable\n|-damage|p1a: Clefable|26\/100\n|-damage|p2a: Diggersby|81\/100|[from] item: Life Orb\n|move|p1a: Clefable|Moonblast|p2a: Diggersby\n|-damage|p2a: Diggersby|0 fnt\n|faint|p2a: Diggersby\n|\n|upkeep\n|\n|t:|1597005967\n|switch|p2a: Urshifu|Urshifu, F|100\/100\n|turn|20\n|\n|t:|1597005972\n|switch|p1a: Talonflame|Talonflame, F|54\/100\n|move|p2a: Urshifu|Wicked Blow|p1a: Talonflame\n|-crit|p1a: Talonflame\n|-damage|p1a: Talonflame|0 fnt\n|-damage|p2a: Urshifu|91\/100|[from] item: Life Orb\n|faint|p1a: Talonflame\n|\n|upkeep\n|\n|t:|1597005979\n|switch|p1a: DIE HAPPY|Urshifu-Rapid-Strike, M|91\/100\n|turn|21\n|\n|t:|1597005991\n|switch|p2a: Primarina|Primarina, F|72\/100\n|move|p1a: DIE HAPPY|Close Combat|p2a: Primarina\n|-resisted|p2a: Primarina\n|-damage|p2a: Primarina|37\/100\n|-unboost|p1a: DIE HAPPY|def|1\n|-unboost|p1a: DIE HAPPY|spd|1\n|-damage|p1a: DIE HAPPY|81\/100|[from] item: Life Orb\n|\n|-heal|p2a: Primarina|43\/100|[from] item: Leftovers\n|upkeep\n|turn|22\n|\n|t:|1597006003\n|move|p1a: DIE HAPPY|Thunder Punch|p2a: Primarina\n|-supereffective|p2a: Primarina\n|-damage|p2a: Primarina|0 fnt\n|-damage|p1a: DIE HAPPY|71\/100|[from] item: Life Orb\n|faint|p2a: Primarina\n|\n|upkeep\n|\n|t:|1597006017\n|switch|p2a: Dragapult|Dragapult, F|55\/100\n|turn|23\n|\n|t:|1597006021\n|switch|p1a: Stunfisk|Stunfisk, F|21\/100\n|move|p2a: Dragapult|Phantom Force||[still]\n|-prepare|p2a: Dragapult|Phantom Force\n|\n|-heal|p1a: Stunfisk|27\/100|[from] item: Leftovers\n|upkeep\n|turn|24\n|\n|t:|1597006029\n|move|p2a: Dragapult|Phantom Force|p1a: Stunfisk|[from]lockedmove\n|-damage|p1a: Stunfisk|0 fnt\n|faint|p1a: Stunfisk\n|\n|upkeep\n|\n|t:|1597006032\n|switch|p1a: Clefable|Clefable, M|26\/100\n|turn|25\n|\n|t:|1597006052\n|switch|p2a: Urshifu|Urshifu, F|91\/100\n|move|p1a: Clefable|Soft-Boiled|p1a: Clefable\n|-heal|p1a: Clefable|76\/100\n|\n|upkeep\n|turn|26\n|\n|t:|1597006058\n|switch|p1a: Scizor|Scizor, F|71\/100 brn\n|move|p2a: Urshifu|Iron Head|p1a: Scizor\n|-resisted|p1a: Scizor\n|-damage|p1a: Scizor|52\/100 brn\n|-damage|p2a: Urshifu|81\/100|[from] item: Life Orb\n|\n|-heal|p1a: Scizor|59\/100 brn|[from] item: Leftovers\n|-damage|p1a: Scizor|52\/100 brn|[from] brn\n|upkeep\n|turn|27\n|\n|t:|1597006069\n|move|p2a: Urshifu|Wicked Blow|p1a: Scizor\n|-crit|p1a: Scizor\n|-damage|p1a: Scizor|0 fnt\n|-damage|p2a: Urshifu|71\/100|[from] item: Life Orb\n|faint|p1a: Scizor\n|\n|upkeep\n|\n|t:|1597006073\n|switch|p1a: DIE HAPPY|Urshifu-Rapid-Strike, M|71\/100\n|turn|28\n|\n|t:|1597006102\n|switch|p2a: Dragapult|Dragapult, F|55\/100\n|move|p1a: DIE HAPPY|Surging Strikes|p2a: Dragapult\n|-resisted|p2a: Dragapult\n|-crit|p2a: Dragapult\n|-damage|p2a: Dragapult|36\/100\n|-resisted|p2a: Dragapult\n|-crit|p2a: Dragapult\n|-damage|p2a: Dragapult|20\/100\n|-resisted|p2a: Dragapult\n|-crit|p2a: Dragapult\n|-damage|p2a: Dragapult|4\/100\n|-hitcount|p2a: Dragapult|3\n|-damage|p1a: DIE HAPPY|61\/100|[from] item: Life Orb\n|\n|upkeep\n|turn|29\n|inactive|Ayante has 120 seconds left.\n|\n|t:|1597006119\n|move|p1a: DIE HAPPY|Aqua Jet|p2a: Dragapult\n|-resisted|p2a: Dragapult\n|-damage|p2a: Dragapult|0 fnt\n|-damage|p1a: DIE HAPPY|51\/100|[from] item: Life Orb\n|faint|p2a: Dragapult\n|\n|upkeep\n|inactive|Ayante has 120 seconds left.\n|\n|t:|1597006128\n|switch|p2a: Urshifu|Urshifu, F|71\/100\n|turn|30\n|c|\u2606lt71lx cuzzie|it all comes down to a speed tie lol\n|\n|t:|1597006133\n|move|p1a: DIE HAPPY|Close Combat|p2a: Urshifu\n|-supereffective|p2a: Urshifu\n|-damage|p2a: Urshifu|0 fnt\n|-unboost|p1a: DIE HAPPY|def|1\n|-unboost|p1a: DIE HAPPY|spd|1\n|-damage|p1a: DIE HAPPY|41\/100|[from] item: Life Orb\n|faint|p2a: Urshifu\n|\n|upkeep\n|c|\u2606lt71lx cuzzie|whats ur spread\n|\n|t:|1597006142\n|switch|p2a: Volcarona|Volcarona, M|79\/100\n|turn|31\n|\n|t:|1597006146\n|move|p1a: DIE HAPPY|Aqua Jet|p2a: Volcarona\n|-supereffective|p2a: Volcarona\n|-damage|p2a: Volcarona|26\/100\n|-status|p1a: DIE HAPPY|brn|[from] ability: Flame Body|[of] p2a: Volcarona\n|-damage|p1a: DIE HAPPY|31\/100 brn|[from] item: Life Orb\n|move|p2a: Volcarona|Flamethrower|p1a: DIE HAPPY\n|-resisted|p1a: DIE HAPPY\n|-damage|p1a: DIE HAPPY|0 fnt\n|faint|p1a: DIE HAPPY\n|\n|upkeep\n|\n|t:|1597006150\n|switch|p1a: Clefable|Clefable, M|76\/100\n|turn|32\n|c|\u2606lt71lx cuzzie|oml ur fat volc\n|\n|t:|1597006160\n|move|p2a: Volcarona|Roost|p2a: Volcarona\n|-heal|p2a: Volcarona|76\/100\n|-singleturn|p2a: Volcarona|move: Roost\n|move|p1a: Clefable|Calm Mind|p1a: Clefable\n|-boost|p1a: Clefable|spa|1\n|-boost|p1a: Clefable|spd|1\n|\n|upkeep\n|turn|33\n|\n|t:|1597006167\n|move|p2a: Volcarona|Quiver Dance|p2a: Volcarona\n|-boost|p2a: Volcarona|spa|1\n|-boost|p2a: Volcarona|spd|1\n|-boost|p2a: Volcarona|spe|1\n|move|p1a: Clefable|Calm Mind|p1a: Clefable\n|-boost|p1a: Clefable|spa|1\n|-boost|p1a: Clefable|spd|1\n|\n|upkeep\n|turn|34\n|\n|t:|1597006174\n|move|p2a: Volcarona|Quiver Dance|p2a: Volcarona\n|-boost|p2a: Volcarona|spa|1\n|-boost|p2a: Volcarona|spd|1\n|-boost|p2a: Volcarona|spe|1\n|move|p1a: Clefable|Thunder|p2a: Volcarona\n|-damage|p2a: Volcarona|49\/100\n|\n|upkeep\n|turn|35\n|\n|t:|1597006183\n|move|p2a: Volcarona|Roost|p2a: Volcarona\n|-heal|p2a: Volcarona|99\/100\n|-singleturn|p2a: Volcarona|move: Roost\n|move|p1a: Clefable|Thunder|p2a: Volcarona|[miss]\n|-miss|p1a: Clefable|p2a: Volcarona\n|\n|upkeep\n|turn|36\n|\n|t:|1597006190\n|move|p2a: Volcarona|Quiver Dance|p2a: Volcarona\n|-boost|p2a: Volcarona|spa|1\n|-boost|p2a: Volcarona|spd|1\n|-boost|p2a: Volcarona|spe|1\n|move|p1a: Clefable|Thunder|p2a: Volcarona|[miss]\n|-miss|p1a: Clefable|p2a: Volcarona\n|\n|upkeep\n|turn|37\n|c|\u2606lt71lx cuzzie|no luck today haha\n|c|\u2606lt71lx cuzzie|gg\n|\n|t:|1597006198\n|move|p2a: Volcarona|Flamethrower|p1a: Clefable\n|-damage|p1a: Clefable|36\/100\n|-status|p1a: Clefable|brn\n|move|p1a: Clefable|Thunder|p2a: Volcarona\n|-damage|p2a: Volcarona|77\/100\n|\n|upkeep\n|turn|38\n|\n|t:|1597006206\n|move|p2a: Volcarona|Flamethrower|p1a: Clefable\n|-damage|p1a: Clefable|0 fnt\n|faint|p1a: Clefable\n|\n|win|Ayante\n|c|\u2606lt71lx cuzzie|fuck lol\n|c|\u2606lt71lx cuzzie|chokes\n|l|\u2606lt71lx cuzzie\n|c|\u2606Ayante|Jaja you almost got me\n|raw|lt71lx cuzzie's rating: 1791 &rarr; <strong>1766<\/strong><br \/>(-25 for losing)\n|raw|Ayante's rating: 1701 &rarr; <strong>1727<\/strong><br \/>(+26 for winning)\n","uploadtime":1597006234,"views":48,"p1id":"lt71lxcuzzie","p2id":"ayante","formatid":"gen8ou","rating":1727,"private":0,"password":null}