{"id":"gen8ou-1626454306","p1":"Verdas1128","p2":"Colonel Rivai","format":"gen8ou","log":"|j|\u2606Verdas1128\n|j|\u2606Colonel Rivai\n|t:|1658939603\n|gametype|singles\n|player|p1|Verdas1128|caitlin|1496\n|player|p2|Colonel Rivai|2|1507\n|teamsize|p1|6\n|teamsize|p2|6\n|gen|8\n|tier|[Gen 8] OU\n|rated|\n|rule|Sleep Clause Mod: Limit one foe put to sleep\n|rule|Species Clause: Limit one of each Pok\u00e9mon\n|rule|OHKO Clause: OHKO moves are banned\n|rule|Evasion Moves Clause: Evasion moves are banned\n|rule|Endless Battle Clause: Forcing endless battles is banned\n|rule|HP Percentage Mod: HP is shown in percentages\n|rule|Dynamax Clause: You cannot dynamax\n|clearpoke\n|poke|p1|Tyranitar, M|\n|poke|p1|Excadrill, M|\n|poke|p1|Rotom-Wash|\n|poke|p1|Buzzwole|\n|poke|p1|Ferrothorn, F|\n|poke|p1|Dragapult, F|\n|poke|p2|Hydreigon, F|\n|poke|p2|Kartana|\n|poke|p2|Blacephalon|\n|poke|p2|Landorus-Therian, M|\n|poke|p2|Melmetal|\n|poke|p2|Toxapex, F|\n|teampreview\n|\n|t:|1658939619\n|start\n|switch|p1a: Rotom|Rotom-Wash|100\/100\n|switch|p2a: Hydreigon|Hydreigon, F|100\/100\n|turn|1\n|inactive|Battle timer is ON: inactive players will automatically lose when time's up. (requested by Colonel Rivai)\n|\n|t:|1658939633\n|move|p2a: Hydreigon|Beat Up|p1a: Rotom\n|-damage|p1a: Rotom|88\/100\n|-damage|p1a: Rotom|70\/100\n|-damage|p1a: Rotom|55\/100\n|-damage|p1a: Rotom|38\/100\n|-damage|p1a: Rotom|22\/100\n|-crit|p1a: Rotom\n|-damage|p1a: Rotom|10\/100\n|-hitcount|p1a: Rotom|6\n|move|p1a: Rotom|Thunder Wave|p2a: Hydreigon\n|-status|p2a: Hydreigon|par\n|\n|-heal|p1a: Rotom|16\/100|[from] item: Leftovers\n|upkeep\n|turn|2\n|\n|t:|1658939643\n|switch|p2a: Landorus|Landorus-Therian, M|100\/100\n|-ability|p2a: Landorus|Intimidate|boost\n|-unboost|p1a: Rotom|atk|1\n|move|p1a: Rotom|Pain Split|p2a: Landorus\n|-sethp|p2a: Landorus|57\/100|[from] move: Pain Split|[silent]\n|-sethp|p1a: Rotom|71\/100|[from] move: Pain Split\n|\n|-heal|p1a: Rotom|77\/100|[from] item: Leftovers\n|-heal|p2a: Landorus|63\/100|[from] item: Leftovers\n|upkeep\n|turn|3\n|\n|t:|1658939647\n|move|p1a: Rotom|Hydro Pump|p2a: Landorus|[miss]\n|-miss|p1a: Rotom|p2a: Landorus\n|move|p2a: Landorus|Stealth Rock|p1a: Rotom\n|-sidestart|p1: Verdas1128|move: Stealth Rock\n|\n|-heal|p1a: Rotom|83\/100|[from] item: Leftovers\n|-heal|p2a: Landorus|69\/100|[from] item: Leftovers\n|upkeep\n|turn|4\n|l|\u2606Colonel Rivai\n|inactive|Colonel Rivai disconnected and has a minute to reconnect!\n|player|p2|\n|inactive|Colonel Rivai has 30 seconds to reconnect!\n|inactive|Colonel Rivai has 20 seconds to reconnect!\n|inactive|Colonel Rivai has 15 seconds to reconnect!\n|inactive|Colonel Rivai has 10 seconds to reconnect!\n|inactive|Colonel Rivai has 5 seconds to reconnect!\n|-message|Colonel Rivai lost due to inactivity.\n|\n|win|Verdas1128\n|raw|Verdas1128's rating: 1496 &rarr; <strong>1517<\/strong><br \/>(+21 for winning)\n|raw|Colonel Rivai's rating: 1507 &rarr; <strong>1486<\/strong><br \/>(-21 for losing)\n","uploadtime":1658939730,"views":110,"p1id":"verdas1128","p2id":"colonelrivai","formatid":"gen8ou","rating":1486,"private":0,"password":null}