{"id":"gen8ou-1670260375","p1":"ldailey19","p2":"SamPamJamLam","format":"gen8ou","log":"|j|\u2606ldailey19\n|j|\u2606SamPamJamLam\n|t:|1664143161\n|gametype|singles\n|player|p1|ldailey19|lance|1626\n|player|p2|SamPamJamLam|hiker-gen4|1667\n|teamsize|p1|6\n|teamsize|p2|6\n|gen|8\n|tier|[Gen 8] OU\n|rated|\n|rule|Sleep Clause Mod: Limit one foe put to sleep\n|rule|Species Clause: Limit one of each Pok\u00e9mon\n|rule|OHKO Clause: OHKO moves are banned\n|rule|Evasion Items Clause: Evasion items are banned\n|rule|Evasion Moves Clause: Evasion moves are banned\n|rule|Endless Battle Clause: Forcing endless battles is banned\n|rule|HP Percentage Mod: HP is shown in percentages\n|rule|Dynamax Clause: You cannot dynamax\n|clearpoke\n|poke|p1|Magnezone|\n|poke|p1|Weavile, M|\n|poke|p1|Urshifu-*, F|\n|poke|p1|Heatran, F|\n|poke|p1|Landorus-Therian, M|\n|poke|p1|Dragapult, F|\n|poke|p2|Blacephalon|\n|poke|p2|Landorus-Therian, M|\n|poke|p2|Gengar, M|\n|poke|p2|Slowbro, M|\n|poke|p2|Tyranitar, M|\n|poke|p2|Tornadus-Therian, M|\n|teampreview\n|inactive|Battle timer is ON: inactive players will automatically lose when time's up. (requested by ldailey19)\n|\n|t:|1664143168\n|start\n|switch|p1a: Dragapult|Dragapult, F, shiny|100\/100\n|switch|p2a: Slowbro|Slowbro, M|100\/100\n|turn|1\n|\n|t:|1664143173\n|switch|p2a: Tornadus|Tornadus-Therian, M|100\/100\n|move|p1a: Dragapult|U-turn|p2a: Tornadus\n|-resisted|p2a: Tornadus\n|-damage|p2a: Tornadus|87\/100\n|\n|t:|1664143178\n|switch|p1a: Magnezone|Magnezone, shiny|100\/100|[from]move: U-turn\n|\n|upkeep\n|turn|2\n|j| Kyurem\n|\n|t:|1664143181\n|move|p2a: Tornadus|U-turn|p1a: Magnezone\n|-resisted|p1a: Magnezone\n|-damage|p1a: Magnezone|94\/100\n|\n|t:|1664143184\n|switch|p2a: Landorus|Landorus-Therian, M|100\/100|[from]move: U-turn\n|-ability|p2a: Landorus|Intimidate|boost\n|-unboost|p1a: Magnezone|atk|1\n|move|p1a: Magnezone|Flash Cannon|p2a: Landorus\n|-damage|p2a: Landorus|55\/100\n|\n|-heal|p2a: Landorus|61\/100|[from] item: Leftovers\n|upkeep\n|turn|3\n|\n|t:|1664143186\n|switch|p1a: Landorus|Landorus-Therian, M|100\/100\n|-ability|p1a: Landorus|Intimidate|boost\n|-unboost|p2a: Landorus|atk|1\n|move|p2a: Landorus|U-turn|p1a: Landorus\n|-resisted|p1a: Landorus\n|-damage|p1a: Landorus|95\/100\n|-damage|p2a: Landorus|44\/100|[from] item: Rocky Helmet|[of] p1a: Landorus\n|\n|t:|1664143192\n|switch|p2a: Blacephalon|Blacephalon|100\/100|[from]move: U-turn\n|\n|upkeep\n|turn|4\n|\n|t:|1664143197\n|move|p2a: Blacephalon|Overheat|p1a: Landorus\n|-damage|p1a: Landorus|0 fnt\n|-unboost|p2a: Blacephalon|spa|2\n|faint|p1a: Landorus\n|-ability|p2a: Blacephalon|Beast Boost|boost\n|-boost|p2a: Blacephalon|spa|1\n|\n|upkeep\n|\n|t:|1664143211\n|switch|p1a: Heatran|Heatran, F, shiny|100\/100\n|-item|p1a: Heatran|Air Balloon\n|turn|5\n|inactive|SamPamJamLam has 120 seconds left.\n|\n|t:|1664143244\n|switch|p2a: Tyranitar|Tyranitar, M|100\/100\n|-weather|Sandstorm|[from] ability: Sand Stream|[of] p2a: Tyranitar\n|move|p1a: Heatran|Toxic|p2a: Tyranitar\n|-status|p2a: Tyranitar|tox\n|\n|-weather|Sandstorm|[upkeep]\n|-damage|p2a: Tyranitar|94\/100 tox|[from] psn\n|upkeep\n|turn|6\n|\n|t:|1664143253\n|move|p1a: Heatran|Protect|p1a: Heatran\n|-singleturn|p1a: Heatran|Protect\n|move|p2a: Tyranitar|Crunch|p1a: Heatran\n|-activate|p1a: Heatran|move: Protect\n|\n|-weather|Sandstorm|[upkeep]\n|-damage|p2a: Tyranitar|82\/100 tox|[from] psn\n|upkeep\n|turn|7\n|inactive|ldailey19 has 120 seconds left.\n|\n|t:|1664143284\n|switch|p1a: Weavile|Weavile, M|100\/100\n|-ability|p1a: Weavile|Pressure\n|move|p2a: Tyranitar|Crunch|p1a: Weavile\n|-resisted|p1a: Weavile\n|-damage|p1a: Weavile|45\/100\n|\n|-weather|Sandstorm|[upkeep]\n|-damage|p1a: Weavile|39\/100|[from] Sandstorm\n|-damage|p2a: Tyranitar|64\/100 tox|[from] psn\n|upkeep\n|turn|8\n|\n|t:|1664143295\n|move|p1a: Weavile|Knock Off|p2a: Tyranitar\n|-resisted|p2a: Tyranitar\n|-damage|p2a: Tyranitar|37\/100 tox\n|-enditem|p2a: Tyranitar|Choice Band|[from] move: Knock Off|[of] p1a: Weavile\n|move|p2a: Tyranitar|Crunch|p1a: Weavile\n|-resisted|p1a: Weavile\n|-damage|p1a: Weavile|0 fnt\n|faint|p1a: Weavile\n|\n|-weather|Sandstorm|[upkeep]\n|-damage|p2a: Tyranitar|12\/100 tox|[from] psn\n|upkeep\n|inactive|ldailey19 has 120 seconds left.\n|\n|t:|1664143312\n|switch|p1a: Heatran|Heatran, F, shiny|100\/100\n|-item|p1a: Heatran|Air Balloon\n|turn|9\n|inactive|ldailey19 has 120 seconds left.\n|\n|t:|1664143322\n|move|p1a: Heatran|Protect|p1a: Heatran\n|-singleturn|p1a: Heatran|Protect\n|move|p2a: Tyranitar|Crunch|p1a: Heatran\n|-activate|p1a: Heatran|move: Protect\n|\n|-weather|none\n|-damage|p2a: Tyranitar|0 fnt|[from] psn\n|faint|p2a: Tyranitar\n|upkeep\n|\n|t:|1664143327\n|switch|p2a: Tornadus|Tornadus-Therian, M|100\/100\n|turn|10\n|\n|t:|1664143330\n|switch|p1a: Magnezone|Magnezone, shiny|94\/100\n|move|p2a: Tornadus|U-turn|p1a: Magnezone\n|-resisted|p1a: Magnezone\n|-crit|p1a: Magnezone\n|-damage|p1a: Magnezone|85\/100\n|\n|t:|1664143333\n|switch|p2a: Blacephalon|Blacephalon|100\/100|[from]move: U-turn\n|\n|upkeep\n|turn|11\n|\n|t:|1664143342\n|switch|p1a: Dragapult|Dragapult, F, shiny|100\/100\n|move|p2a: Blacephalon|Shadow Ball|p1a: Dragapult\n|-supereffective|p1a: Dragapult\n|-enditem|p1a: Dragapult|Focus Sash\n|-damage|p1a: Dragapult|1\/100\n|\n|upkeep\n|turn|12\n|\n|t:|1664143346\n|switch|p2a: Landorus|Landorus-Therian, M|44\/100\n|-ability|p2a: Landorus|Intimidate|boost\n|-unboost|p1a: Dragapult|atk|1\n|move|p1a: Dragapult|Dragon Darts|p2a: Landorus\n|-damage|p2a: Landorus|28\/100\n|-anim|p1a: Dragapult|Dragon Darts|p2a: Landorus\n|-damage|p2a: Landorus|11\/100\n|\n|-heal|p2a: Landorus|18\/100|[from] item: Leftovers\n|upkeep\n|turn|13\n|\n|t:|1664143353\n|switch|p2a: Slowbro|Slowbro, M|100\/100\n|move|p1a: Dragapult|Dragon Darts|p2a: Slowbro\n|-damage|p2a: Slowbro|91\/100\n|-anim|p1a: Dragapult|Dragon Darts|p2a: Slowbro\n|-damage|p2a: Slowbro|81\/100\n|\n|upkeep\n|turn|14\n|\n|t:|1664143361\n|switch|p1a: Magnezone|Magnezone, shiny|85\/100\n|move|p2a: Slowbro|Teleport|p2a: Slowbro\n|\n|t:|1664143362\n|switch|p2a: Landorus|Landorus-Therian, M|18\/100|[from]move: Teleport\n|-ability|p2a: Landorus|Intimidate|boost\n|-unboost|p1a: Magnezone|atk|1\n|\n|-heal|p2a: Landorus|24\/100|[from] item: Leftovers\n|upkeep\n|turn|15\n|j| Iphone312\n|inactive|ldailey19 has 120 seconds left.\n|\n|t:|1664143395\n|switch|p1a: Urshifu|Urshifu-Rapid-Strike, F|100\/100\n|move|p2a: Landorus|Stealth Rock|p1a: Urshifu\n|-sidestart|p1: ldailey19|move: Stealth Rock\n|\n|-heal|p2a: Landorus|30\/100|[from] item: Leftovers\n|upkeep\n|turn|16\n|inactive|ldailey19 has 120 seconds left.\n|\n|t:|1664143410\n|move|p1a: Urshifu|Surging Strikes|p2a: Landorus\n|-supereffective|p2a: Landorus\n|-crit|p2a: Landorus\n|-damage|p2a: Landorus|0 fnt\n|faint|p2a: Landorus\n|-hitcount|p2: Landorus|1\n|\n|upkeep\n|\n|t:|1664143414\n|switch|p2a: Slowbro|Slowbro, M|100\/100\n|turn|17\n|\n|t:|1664143429\n|switch|p1a: Dragapult|Dragapult, F, shiny|1\/100\n|-damage|p1a: Dragapult|0 fnt|[from] Stealth Rock\n|faint|p1a: Dragapult\n|move|p2a: Slowbro|Teleport|p2a: Slowbro\n|\n|t:|1664143434\n|switch|p2a: Tornadus|Tornadus-Therian, M|100\/100|[from]move: Teleport\n|\n|upkeep\n|\n|t:|1664143438\n|switch|p1a: Magnezone|Magnezone, shiny|85\/100\n|-damage|p1a: Magnezone|78\/100|[from] Stealth Rock\n|turn|18\n|\n|t:|1664143446\n|switch|p2a: Gengar|Gengar, M|100\/100\n|move|p1a: Magnezone|Volt Switch|p2a: Gengar\n|-damage|p2a: Gengar|11\/100\n|\n|t:|1664143459\n|switch|p1a: Urshifu|Urshifu-Rapid-Strike, F|100\/100|[from]move: Volt Switch\n|-damage|p1a: Urshifu|94\/100|[from] Stealth Rock\n|\n|upkeep\n|turn|19\n|\n|t:|1664143462\n|switch|p2a: Tornadus|Tornadus-Therian, M|100\/100\n|move|p1a: Urshifu|Aqua Jet|p2a: Tornadus\n|-damage|p2a: Tornadus|76\/100\n|\n|upkeep\n|turn|20\n|\n|t:|1664143478\n|move|p2a: Tornadus|Hurricane|p1a: Urshifu\n|-supereffective|p1a: Urshifu\n|-damage|p1a: Urshifu|0 fnt\n|faint|p1a: Urshifu\n|\n|upkeep\n|j| Eg5htj\n|\n|t:|1664143484\n|switch|p1a: Magnezone|Magnezone, shiny|78\/100\n|-damage|p1a: Magnezone|72\/100|[from] Stealth Rock\n|turn|21\n|\n|t:|1664143489\n|move|p2a: Tornadus|U-turn|p1a: Magnezone\n|-resisted|p1a: Magnezone\n|-damage|p1a: Magnezone|66\/100\n|\n|t:|1664143491\n|switch|p2a: Gengar|Gengar, M|11\/100|[from]move: U-turn\n|move|p1a: Magnezone|Volt Switch|p2a: Gengar\n|-damage|p2a: Gengar|0 fnt\n|-start|p1a: Magnezone|Disable|Volt Switch|[from] ability: Cursed Body|[of] p2a: Gengar\n|faint|p2a: Gengar\n|\n|t:|1664143497\n|switch|p1a: Heatran|Heatran, F, shiny|100\/100|[from]move: Volt Switch\n|-damage|p1a: Heatran|88\/100|[from] Stealth Rock\n|-item|p1a: Heatran|Air Balloon\n|\n|upkeep\n|\n|t:|1664143499\n|switch|p2a: Slowbro|Slowbro, M|100\/100\n|turn|22\n|\n|t:|1664143516\n|move|p1a: Heatran|Protect|p1a: Heatran\n|-singleturn|p1a: Heatran|Protect\n|move|p2a: Slowbro|Body Press|p1a: Heatran\n|-activate|p1a: Heatran|move: Protect\n|\n|upkeep\n|turn|23\n|\n|t:|1664143535\n|switch|p1a: Magnezone|Magnezone, shiny|66\/100\n|-damage|p1a: Magnezone|60\/100|[from] Stealth Rock\n|move|p2a: Slowbro|Body Press|p1a: Magnezone\n|-supereffective|p1a: Magnezone\n|-damage|p1a: Magnezone|15\/100\n|\n|upkeep\n|turn|24\n|\n|t:|1664143542\n|move|p1a: Magnezone|Thunderbolt|p2a: Slowbro\n|-supereffective|p2a: Slowbro\n|-damage|p2a: Slowbro|0 fnt\n|faint|p2a: Slowbro\n|\n|upkeep\n|\n|t:|1664143544\n|switch|p2a: Blacephalon|Blacephalon|100\/100\n|turn|25\n|\n|t:|1664143550\n|move|p2a: Blacephalon|Shadow Ball|p1a: Magnezone\n|-damage|p1a: Magnezone|0 fnt\n|faint|p1a: Magnezone\n|-ability|p2a: Blacephalon|Beast Boost|boost\n|-boost|p2a: Blacephalon|spa|1\n|\n|upkeep\n|\n|t:|1664143552\n|switch|p1a: Heatran|Heatran, F, shiny|88\/100\n|-damage|p1a: Heatran|75\/100|[from] Stealth Rock\n|-item|p1a: Heatran|Air Balloon\n|turn|26\n|\n|t:|1664143556\n|move|p2a: Blacephalon|Shadow Ball|p1a: Heatran\n|-damage|p1a: Heatran|0 fnt\n|-enditem|p1a: Heatran|Air Balloon\n|faint|p1a: Heatran\n|\n|win|SamPamJamLam\n|raw|ldailey19's rating: 1626 &rarr; <strong>1608<\/strong><br \/>(-18 for losing)\n|raw|SamPamJamLam's rating: 1667 &rarr; <strong>1685<\/strong><br \/>(+18 for winning)\n|c|\u2606SamPamJamLam|gg\n|c|\u2606ldailey19|gg\n|l|\u2606ldailey19\n|l|\u2606SamPamJamLam\n","uploadtime":1664143609,"views":7,"p1id":"ldailey19","p2id":"sampamjamlam","formatid":"gen8ou","rating":1608,"private":0,"password":null}