{"id":"gen8ou-1622891653","p1":"CCLM","p2":"Highv0ltag3","format":"gen8ou","log":"|j|\u2606CCLM\n|j|\u2606Highv0ltag3\n|t:|1658505003\n|gametype|singles\n|player|p1|CCLM|lyra|1857\n|player|p2|Highv0ltag3|volo|1802\n|teamsize|p1|6\n|teamsize|p2|6\n|gen|8\n|tier|[Gen 8] OU\n|rated|\n|rule|Sleep Clause Mod: Limit one foe put to sleep\n|rule|Species Clause: Limit one of each Pok\u00e9mon\n|rule|OHKO Clause: OHKO moves are banned\n|rule|Evasion Moves Clause: Evasion moves are banned\n|rule|Endless Battle Clause: Forcing endless battles is banned\n|rule|HP Percentage Mod: HP is shown in percentages\n|rule|Dynamax Clause: You cannot dynamax\n|clearpoke\n|poke|p1|Weavile, F|\n|poke|p1|Melmetal|\n|poke|p1|Buzzwole|\n|poke|p1|Tapu Koko|\n|poke|p1|Volcanion|\n|poke|p1|Garchomp, F|\n|poke|p2|Porygon-Z|\n|poke|p2|Slowbro, M|\n|poke|p2|Clefable, F|\n|poke|p2|Corviknight, F|\n|poke|p2|Swampert, M|\n|poke|p2|Dragapult, M|\n|teampreview\n|j| RJL33910\n|l| RJL33910\n|inactive|Battle timer is ON: inactive players will automatically lose when time's up. (requested by Highv0ltag3)\n|\n|t:|1658505035\n|start\n|switch|p1a: Garchomp|Garchomp, F, shiny|100\/100\n|switch|p2a: Dragapult|Dragapult, M|100\/100\n|turn|1\n|\n|t:|1658505053\n|move|p1a: Garchomp|Protect|p1a: Garchomp\n|-singleturn|p1a: Garchomp|Protect\n|move|p2a: Dragapult|Dragon Darts|p1a: Garchomp\n|-activate|p1a: Garchomp|move: Protect\n|\n|upkeep\n|turn|2\n|j| Lily Jin Morrow\n|\n|t:|1658505060\n|switch|p2a: Swampert|Swampert, M|100\/100\n|switch|p1a: Melmetal|Melmetal, shiny|100\/100\n|\n|upkeep\n|turn|3\n|j| Fastbreak 3\n|\n|t:|1658505065\n|switch|p1a: Garchomp|Garchomp, F, shiny|100\/100\n|move|p2a: Swampert|Stealth Rock|p1a: Garchomp\n|-sidestart|p1: CCLM|move: Stealth Rock\n|\n|upkeep\n|turn|4\n|\n|t:|1658505068\n|move|p1a: Garchomp|Stealth Rock|p2a: Swampert\n|-sidestart|p2: Highv0ltag3|move: Stealth Rock\n|move|p2a: Swampert|Toxic|p1a: Garchomp\n|-status|p1a: Garchomp|tox\n|\n|-damage|p1a: Garchomp|94\/100 tox|[from] psn\n|upkeep\n|turn|5\n|\n|t:|1658505084\n|switch|p2a: Clefable|Clefable, F|100\/100\n|move|p1a: Garchomp|Earthquake|p2a: Clefable\n|-damage|p2a: Clefable|49\/100\n|\n|-heal|p1a: Garchomp|100\/100 tox|[from] item: Leftovers\n|-heal|p2a: Clefable|55\/100|[from] item: Leftovers\n|-damage|p1a: Garchomp|88\/100 tox|[from] psn\n|upkeep\n|turn|6\n|j| VN Star\n|j| The retro oatcake\n|\n|t:|1658505108\n|switch|p1a: Volcanion|Volcanion|100\/100\n|move|p2a: Clefable|Protect||[still]\n|-fail|p2a: Clefable\n|\n|-heal|p2a: Clefable|61\/100|[from] item: Leftovers\n|upkeep\n|turn|7\n|\n|t:|1658505114\n|move|p2a: Clefable|Protect|p2a: Clefable\n|-singleturn|p2a: Clefable|Protect\n|move|p1a: Volcanion|Steam Eruption|p2a: Clefable\n|-activate|p2a: Clefable|move: Protect\n|\n|-heal|p2a: Clefable|68\/100|[from] item: Leftovers\n|upkeep\n|turn|8\n|\n|t:|1658505121\n|move|p1a: Volcanion|Steam Eruption|p2a: Clefable\n|-damage|p2a: Clefable|34\/100\n|move|p2a: Clefable|Wish|p2a: Clefable\n|\n|-heal|p2a: Clefable|40\/100|[from] item: Leftovers\n|upkeep\n|turn|9\n|\n|t:|1658505134\n|switch|p1a: Melmetal|Melmetal, shiny|100\/100\n|-damage|p1a: Melmetal|94\/100|[from] Stealth Rock\n|move|p2a: Clefable|Protect||[still]\n|-fail|p2a: Clefable\n|\n|-heal|p2a: Clefable|90\/100|[from] move: Wish|[wisher] Clefable\n|-heal|p2a: Clefable|96\/100|[from] item: Leftovers\n|upkeep\n|turn|10\n|\n|t:|1658505139\n|switch|p2a: Slowbro|Slowbro, M|100\/100\n|-damage|p2a: Slowbro|88\/100|[from] Stealth Rock\n|move|p1a: Melmetal|Double Iron Bash|p2a: Slowbro\n|-resisted|p2a: Slowbro\n|-damage|p2a: Slowbro|77\/100\n|-resisted|p2a: Slowbro\n|-damage|p2a: Slowbro|66\/100\n|-hitcount|p2a: Slowbro|2\n|\n|upkeep\n|turn|11\n|\n|t:|1658505142\n|move|p1a: Melmetal|Thunder Punch|p2a: Slowbro\n|-supereffective|p2a: Slowbro\n|-damage|p2a: Slowbro|28\/100\n|move|p2a: Slowbro|Teleport|p2a: Slowbro\n|\n|t:|1658505146\n|switch|p2a: Swampert|Swampert, M|100\/100|[from]move: Teleport\n|-damage|p2a: Swampert|94\/100|[from] Stealth Rock\n|\n|-heal|p2a: Swampert|100\/100|[from] item: Leftovers\n|upkeep\n|turn|12\n|j| LT_Alt1\n|\n|t:|1658505160\n|switch|p1a: Garchomp|Garchomp, F, shiny|88\/100 tox\n|-damage|p1a: Garchomp|82\/100 tox|[from] Stealth Rock\n|move|p2a: Swampert|Earthquake|p1a: Garchomp\n|-damage|p1a: Garchomp|41\/100 tox\n|\n|-heal|p1a: Garchomp|47\/100 tox|[from] item: Leftovers\n|-damage|p1a: Garchomp|41\/100 tox|[from] psn\n|upkeep\n|turn|13\n|\n|t:|1658505166\n|switch|p2a: Corviknight|Corviknight, F|100\/100\n|-damage|p2a: Corviknight|88\/100|[from] Stealth Rock\n|-ability|p2a: Corviknight|Pressure\n|move|p1a: Garchomp|Toxic|p2a: Corviknight\n|-immune|p2a: Corviknight\n|\n|-heal|p1a: Garchomp|47\/100 tox|[from] item: Leftovers\n|-damage|p1a: Garchomp|35\/100 tox|[from] psn\n|upkeep\n|turn|14\n|\n|t:|1658505172\n|switch|p1a: Volcanion|Volcanion|100\/100\n|move|p2a: Corviknight|U-turn|p1a: Volcanion\n|-resisted|p1a: Volcanion\n|-crit|p1a: Volcanion\n|-damage|p1a: Volcanion|91\/100\n|\n|t:|1658505175\n|switch|p2a: Slowbro|Slowbro, M|61\/100|[from]move: U-turn\n|-damage|p2a: Slowbro|49\/100|[from] Stealth Rock\n|\n|upkeep\n|turn|15\n|\n|t:|1658505179\n|move|p1a: Volcanion|Defog|p2a: Slowbro\n|-unboost|p2a: Slowbro|evasion|1\n|-sideend|p2: Highv0ltag3|Stealth Rock|[from] move: Defog|[of] p1a: Volcanion\n|-sideend|p1: CCLM|Stealth Rock|[from] move: Defog|[of] p1a: Volcanion\n|move|p2a: Slowbro|Teleport|p2a: Slowbro\n|\n|t:|1658505182\n|switch|p2a: Swampert|Swampert, M|100\/100|[from]move: Teleport\n|\n|upkeep\n|turn|16\n|\n|t:|1658505185\n|move|p1a: Volcanion|Steam Eruption|p2a: Swampert\n|-damage|p2a: Swampert|56\/100\n|move|p2a: Swampert|Stealth Rock|p1a: Volcanion\n|-sidestart|p1: CCLM|move: Stealth Rock\n|\n|-heal|p2a: Swampert|62\/100|[from] item: Leftovers\n|upkeep\n|turn|17\n|\n|t:|1658505194\n|move|p1a: Volcanion|Steam Eruption|p2a: Swampert\n|-damage|p2a: Swampert|17\/100\n|-status|p2a: Swampert|brn\n|move|p2a: Swampert|Earthquake|p1a: Volcanion\n|-supereffective|p1a: Volcanion\n|-damage|p1a: Volcanion|42\/100\n|\n|-heal|p2a: Swampert|23\/100 brn|[from] item: Leftovers\n|-damage|p2a: Swampert|17\/100 brn|[from] brn\n|upkeep\n|turn|18\n|\n|t:|1658505209\n|switch|p2a: Dragapult|Dragapult, M|100\/100\n|move|p1a: Volcanion|Defog|p2a: Dragapult\n|-fail|p2a: Dragapult|unboost|[from] ability: Clear Body|[of] p2a: Dragapult\n|-sideend|p1: CCLM|Stealth Rock|[from] move: Defog|[of] p1a: Volcanion\n|\n|upkeep\n|turn|19\n|\n|t:|1658505220\n|move|p2a: Dragapult|U-turn|p1a: Volcanion\n|-resisted|p1a: Volcanion\n|-damage|p1a: Volcanion|25\/100\n|\n|t:|1658505224\n|switch|p2a: Slowbro|Slowbro, M|82\/100|[from]move: U-turn\n|move|p1a: Volcanion|Steam Eruption|p2a: Slowbro\n|-resisted|p2a: Slowbro\n|-damage|p2a: Slowbro|58\/100\n|\n|upkeep\n|turn|20\n|j| Atomise\n|\n|t:|1658505230\n|move|p1a: Volcanion|Steam Eruption|p2a: Slowbro\n|-resisted|p2a: Slowbro\n|-damage|p2a: Slowbro|31\/100\n|move|p2a: Slowbro|Teleport|p2a: Slowbro\n|\n|t:|1658505234\n|switch|p2a: Swampert|Swampert, M|17\/100 brn|[from]move: Teleport\n|\n|-heal|p2a: Swampert|23\/100 brn|[from] item: Leftovers\n|-damage|p2a: Swampert|17\/100 brn|[from] brn\n|upkeep\n|turn|21\n|\n|t:|1658505238\n|switch|p2a: Slowbro|Slowbro, M|64\/100\n|move|p1a: Volcanion|Earth Power|p2a: Slowbro\n|-damage|p2a: Slowbro|38\/100\n|\n|upkeep\n|turn|22\n|\n|t:|1658505244\n|switch|p1a: Tapu Koko|Tapu Koko, shiny|100\/100\n|-fieldstart|move: Electric Terrain|[from] ability: Electric Surge|[of] p1a: Tapu Koko\n|move|p2a: Slowbro|Slack Off|p2a: Slowbro\n|-heal|p2a: Slowbro|88\/100\n|\n|upkeep\n|turn|23\n|j| Ran Kob\n|\n|t:|1658505248\n|move|p1a: Tapu Koko|Thunderbolt|p2a: Slowbro\n|-supereffective|p2a: Slowbro\n|-damage|p2a: Slowbro|0 fnt\n|faint|p2a: Slowbro\n|\n|upkeep\n|\n|t:|1658505253\n|switch|p2a: Clefable|Clefable, F|96\/100\n|turn|24\n|\n|t:|1658505258\n|move|p1a: Tapu Koko|Volt Switch|p2a: Clefable\n|-damage|p2a: Clefable|70\/100\n|j| NewBoyTilIDie\n|\n|t:|1658505271\n|switch|p1a: Melmetal|Melmetal, shiny|94\/100|[from]move: Volt Switch\n|move|p2a: Clefable|Moonblast|p1a: Melmetal\n|-resisted|p1a: Melmetal\n|-damage|p1a: Melmetal|86\/100\n|\n|-heal|p2a: Clefable|76\/100|[from] item: Leftovers\n|upkeep\n|turn|25\n|\n|t:|1658505279\n|move|p2a: Clefable|Protect|p2a: Clefable\n|-singleturn|p2a: Clefable|Protect\n|move|p1a: Melmetal|Thunder Punch|p2a: Clefable\n|-activate|p2a: Clefable|move: Protect\n|\n|-heal|p2a: Clefable|82\/100|[from] item: Leftovers\n|upkeep\n|turn|26\n|\n|t:|1658505284\n|switch|p2a: Corviknight|Corviknight, F|88\/100\n|-ability|p2a: Corviknight|Pressure\n|move|p1a: Melmetal|Double Iron Bash|p2a: Corviknight\n|-resisted|p2a: Corviknight\n|-damage|p2a: Corviknight|76\/100\n|-resisted|p2a: Corviknight\n|-damage|p2a: Corviknight|65\/100\n|-hitcount|p2a: Corviknight|2\n|\n|-fieldend|move: Electric Terrain\n|upkeep\n|turn|27\n|\n|t:|1658505291\n|switch|p1a: Garchomp|Garchomp, F, shiny|35\/100 tox\n|move|p2a: Corviknight|Roost|p2a: Corviknight\n|-heal|p2a: Corviknight|100\/100\n|-singleturn|p2a: Corviknight|move: Roost\n|\n|-heal|p1a: Garchomp|41\/100 tox|[from] item: Leftovers\n|-damage|p1a: Garchomp|35\/100 tox|[from] psn\n|upkeep\n|turn|28\n|l| Ran Kob\n|\n|t:|1658505294\n|move|p1a: Garchomp|Stealth Rock|p2a: Corviknight\n|-sidestart|p2: Highv0ltag3|move: Stealth Rock\n|move|p2a: Corviknight|Defog|p1a: Garchomp\n|-unboost|p1a: Garchomp|evasion|1\n|-sideend|p2: Highv0ltag3|Stealth Rock|[from] move: Defog|[of] p2a: Corviknight\n|\n|-heal|p1a: Garchomp|41\/100 tox|[from] item: Leftovers\n|-damage|p1a: Garchomp|29\/100 tox|[from] psn\n|upkeep\n|turn|29\n|\n|t:|1658505298\n|switch|p1a: Volcanion|Volcanion|25\/100\n|move|p2a: Corviknight|Defog|p1a: Volcanion\n|-unboost|p1a: Volcanion|evasion|1\n|\n|upkeep\n|turn|30\n|\n|t:|1658505306\n|switch|p1a: Tapu Koko|Tapu Koko, shiny|100\/100\n|-fieldstart|move: Electric Terrain|[from] ability: Electric Surge|[of] p1a: Tapu Koko\n|switch|p2a: Clefable|Clefable, F|82\/100\n|\n|-heal|p2a: Clefable|88\/100|[from] item: Leftovers\n|upkeep\n|turn|31\n|l| Fastbreak 3\n|\n|t:|1658505312\n|move|p1a: Tapu Koko|Volt Switch|p2a: Clefable\n|-damage|p2a: Clefable|62\/100\n|\n|t:|1658505314\n|switch|p1a: Melmetal|Melmetal, shiny|86\/100|[from]move: Volt Switch\n|move|p2a: Clefable|Wish|p2a: Clefable\n|\n|-heal|p2a: Clefable|68\/100|[from] item: Leftovers\n|upkeep\n|turn|32\n|\n|t:|1658505320\n|move|p2a: Clefable|Protect|p2a: Clefable\n|-singleturn|p2a: Clefable|Protect\n|move|p1a: Melmetal|Earthquake|p2a: Clefable\n|-activate|p2a: Clefable|move: Protect\n|\n|-heal|p2a: Clefable|100\/100|[from] move: Wish|[wisher] Clefable\n|upkeep\n|turn|33\n|\n|t:|1658505325\n|switch|p2a: Corviknight|Corviknight, F|100\/100\n|-ability|p2a: Corviknight|Pressure\n|move|p1a: Melmetal|Thunder Punch|p2a: Corviknight\n|-supereffective|p2a: Corviknight\n|-damage|p2a: Corviknight|52\/100\n|\n|upkeep\n|turn|34\n|\n|t:|1658505329\n|move|p2a: Corviknight|Roost|p2a: Corviknight\n|-heal|p2a: Corviknight|100\/100\n|-singleturn|p2a: Corviknight|move: Roost\n|move|p1a: Melmetal|Thunder Punch|p2a: Corviknight\n|-damage|p2a: Corviknight|74\/100\n|\n|-fieldend|move: Electric Terrain\n|upkeep\n|turn|35\n|\n|t:|1658505337\n|move|p2a: Corviknight|Brave Bird|p1a: Melmetal\n|-resisted|p1a: Melmetal\n|-damage|p1a: Melmetal|77\/100\n|-damage|p2a: Corviknight|71\/100|[from] Recoil\n|move|p1a: Melmetal|Earthquake|p2a: Corviknight\n|-immune|p2a: Corviknight\n|\n|upkeep\n|turn|36\n|\n|t:|1658505341\n|move|p2a: Corviknight|Brave Bird|p1a: Melmetal\n|-resisted|p1a: Melmetal\n|-damage|p1a: Melmetal|67\/100\n|-damage|p2a: Corviknight|67\/100|[from] Recoil\n|move|p1a: Melmetal|Thunder Punch|p2a: Corviknight\n|-supereffective|p2a: Corviknight\n|-damage|p2a: Corviknight|31\/100\n|\n|upkeep\n|turn|37\n|\n|t:|1658505344\n|move|p2a: Corviknight|Roost|p2a: Corviknight\n|-heal|p2a: Corviknight|81\/100\n|-singleturn|p2a: Corviknight|move: Roost\n|move|p1a: Melmetal|Earthquake|p2a: Corviknight\n|-supereffective|p2a: Corviknight\n|-damage|p2a: Corviknight|36\/100\n|\n|upkeep\n|turn|38\n|\n|t:|1658505349\n|move|p2a: Corviknight|Roost|p2a: Corviknight\n|-heal|p2a: Corviknight|86\/100\n|-singleturn|p2a: Corviknight|move: Roost\n|move|p1a: Melmetal|Earthquake|p2a: Corviknight\n|-supereffective|p2a: Corviknight\n|-damage|p2a: Corviknight|46\/100\n|\n|upkeep\n|turn|39\n|\n|t:|1658505361\n|switch|p1a: Tapu Koko|Tapu Koko, shiny|100\/100\n|-fieldstart|move: Electric Terrain|[from] ability: Electric Surge|[of] p1a: Tapu Koko\n|move|p2a: Corviknight|Brave Bird|p1a: Tapu Koko\n|-resisted|p1a: Tapu Koko\n|-damage|p1a: Tapu Koko|77\/100\n|-damage|p2a: Corviknight|41\/100|[from] Recoil\n|\n|upkeep\n|turn|40\n|\n|t:|1658505369\n|switch|p2a: Swampert|Swampert, M|17\/100 brn\n|move|p1a: Tapu Koko|Thunderbolt|p2a: Swampert\n|-immune|p2a: Swampert\n|\n|-heal|p2a: Swampert|23\/100 brn|[from] item: Leftovers\n|-damage|p2a: Swampert|17\/100 brn|[from] brn\n|upkeep\n|turn|41\n|\n|t:|1658505373\n|switch|p2a: Clefable|Clefable, F|100\/100\n|move|p1a: Tapu Koko|Grass Knot|p2a: Clefable\n|-damage|p2a: Clefable|89\/100\n|\n|-heal|p2a: Clefable|95\/100|[from] item: Leftovers\n|upkeep\n|turn|42\n|\n|t:|1658505376\n|move|p1a: Tapu Koko|Thunderbolt|p2a: Clefable\n|-damage|p2a: Clefable|61\/100\n|move|p2a: Clefable|Wish|p2a: Clefable\n|\n|-heal|p2a: Clefable|67\/100|[from] item: Leftovers\n|upkeep\n|turn|43\n|\n|t:|1658505381\n|move|p1a: Tapu Koko|Dazzling Gleam|p2a: Clefable\n|-damage|p2a: Clefable|45\/100\n|move|p2a: Clefable|Moonblast|p1a: Tapu Koko\n|-damage|p1a: Tapu Koko|26\/100\n|\n|-heal|p2a: Clefable|95\/100|[from] move: Wish|[wisher] Clefable\n|-heal|p2a: Clefable|100\/100|[from] item: Leftovers\n|-fieldend|move: Electric Terrain\n|upkeep\n|turn|44\n|\n|t:|1658505387\n|move|p1a: Tapu Koko|Volt Switch|p2a: Clefable\n|-damage|p2a: Clefable|80\/100\n|\n|t:|1658505404\n|switch|p1a: Volcanion|Volcanion|25\/100|[from]move: Volt Switch\n|move|p2a: Clefable|Moonblast|p1a: Volcanion\n|-resisted|p1a: Volcanion\n|-damage|p1a: Volcanion|6\/100\n|\n|-heal|p2a: Clefable|87\/100|[from] item: Leftovers\n|upkeep\n|turn|45\n|\n|t:|1658505417\n|move|p1a: Volcanion|Steam Eruption|p2a: Clefable\n|-damage|p2a: Clefable|53\/100\n|move|p2a: Clefable|Wish|p2a: Clefable\n|\n|-heal|p2a: Clefable|59\/100|[from] item: Leftovers\n|upkeep\n|turn|46\n|\n|t:|1658505426\n|switch|p1a: Melmetal|Melmetal, shiny|67\/100\n|move|p2a: Clefable|Moonblast|p1a: Melmetal\n|-resisted|p1a: Melmetal\n|-damage|p1a: Melmetal|59\/100\n|-unboost|p1a: Melmetal|spa|1\n|\n|-heal|p2a: Clefable|100\/100|[from] move: Wish|[wisher] Clefable\n|upkeep\n|turn|47\n|\n|t:|1658505442\n|switch|p2a: Porygon-Z|Porygon-Z|100\/100\n|-ability|p2a: Porygon-Z|Download|boost\n|-boost|p2a: Porygon-Z|spa|1\n|move|p1a: Melmetal|Ice Punch|p2a: Porygon-Z\n|-damage|p2a: Porygon-Z|57\/100\n|\n|upkeep\n|turn|48\n|\n|t:|1658505451\n|switch|p1a: Volcanion|Volcanion|6\/100\n|move|p2a: Porygon-Z|Tri Attack|p1a: Volcanion\n|-damage|p1a: Volcanion|0 fnt\n|faint|p1a: Volcanion\n|\n|upkeep\n|inactive|CCLM has 120 seconds left.\n|j| jtrainer22\n|\n|t:|1658505495\n|switch|p1a: Melmetal|Melmetal, shiny|59\/100\n|turn|49\n|l| jtrainer22\n|\n|t:|1658505503\n|move|p2a: Porygon-Z|Tri Attack|p1a: Melmetal\n|-resisted|p1a: Melmetal\n|-damage|p1a: Melmetal|36\/100\n|move|p1a: Melmetal|Double Iron Bash|p2a: Porygon-Z\n|-damage|p2a: Porygon-Z|0 fnt\n|faint|p2a: Porygon-Z\n|-hitcount|p2: Porygon-Z|1\n|\n|upkeep\n|\n|t:|1658505510\n|switch|p2a: Dragapult|Dragapult, M|100\/100\n|turn|50\n|\n|t:|1658505522\n|switch|p1a: Garchomp|Garchomp, F, shiny|29\/100 tox\n|move|p2a: Dragapult|U-turn|p1a: Garchomp\n|-damage|p1a: Garchomp|0 fnt\n|-damage|p2a: Dragapult|88\/100|[from] ability: Rough Skin|[of] p1a: Garchomp\n|faint|p1a: Garchomp\n|\n|t:|1658505531\n|switch|p2a: Corviknight|Corviknight, F|41\/100|[from]move: U-turn\n|-ability|p2a: Corviknight|Pressure\n|\n|upkeep\n|inactive|CCLM has 120 seconds left.\n|\n|t:|1658505547\n|switch|p1a: Weavile|Weavile, F|100\/100\n|-ability|p1a: Weavile|Pressure\n|turn|51\n|\n|t:|1658505558\n|move|p1a: Weavile|Triple Axel|p2a: Corviknight\n|-damage|p2a: Corviknight|30\/100\n|-hitcount|p2a: Corviknight|1\n|move|p2a: Corviknight|Roost|p2a: Corviknight\n|-heal|p2a: Corviknight|80\/100\n|-singleturn|p2a: Corviknight|move: Roost\n|\n|upkeep\n|turn|52\n|j| yuwenxian\n|inactive|CCLM has 120 seconds left.\n|\n|t:|1658505575\n|switch|p1a: Buzzwole|Buzzwole|100\/100\n|move|p2a: Corviknight|U-turn|p1a: Buzzwole\n|-resisted|p1a: Buzzwole\n|-damage|p1a: Buzzwole|95\/100\n|\n|t:|1658505579\n|switch|p2a: Dragapult|Dragapult, M|88\/100|[from]move: U-turn\n|\n|upkeep\n|turn|53\n|\n|t:|1658505590\n|move|p2a: Dragapult|Thunder Wave|p1a: Buzzwole\n|-status|p1a: Buzzwole|par\n|move|p1a: Buzzwole|Ice Punch|p2a: Dragapult\n|-supereffective|p2a: Dragapult\n|-damage|p2a: Dragapult|0 fnt\n|faint|p2a: Dragapult\n|-ability|p1a: Buzzwole|Beast Boost|boost\n|-boost|p1a: Buzzwole|atk|1\n|\n|upkeep\n|\n|t:|1658505599\n|switch|p2a: Corviknight|Corviknight, F|80\/100\n|-ability|p2a: Corviknight|Pressure\n|turn|54\n|\n|t:|1658505612\n|move|p2a: Corviknight|Brave Bird|p1a: Buzzwole\n|-supereffective|p1a: Buzzwole\n|-damage|p1a: Buzzwole|0 fnt\n|faint|p1a: Buzzwole\n|-damage|p2a: Corviknight|52\/100|[from] Recoil\n|\n|upkeep\n|j| lukisonic23\n|inactive|CCLM has 120 seconds left.\n|l| yuwenxian\n|inactive|CCLM has 90 seconds left.\n|\n|t:|1658505661\n|switch|p1a: Tapu Koko|Tapu Koko, shiny|26\/100\n|-fieldstart|move: Electric Terrain|[from] ability: Electric Surge|[of] p1a: Tapu Koko\n|turn|55\n|\n|t:|1658505668\n|switch|p2a: Swampert|Swampert, M|17\/100 brn\n|move|p1a: Tapu Koko|Volt Switch|p2a: Swampert\n|-immune|p2a: Swampert\n|\n|-heal|p2a: Swampert|23\/100 brn|[from] item: Leftovers\n|-damage|p2a: Swampert|17\/100 brn|[from] brn\n|upkeep\n|turn|56\n|\n|t:|1658505680\n|switch|p2a: Clefable|Clefable, F|100\/100\n|move|p1a: Tapu Koko|Dazzling Gleam|p2a: Clefable\n|-damage|p2a: Clefable|78\/100\n|\n|-heal|p2a: Clefable|84\/100|[from] item: Leftovers\n|upkeep\n|turn|57\n|\n|t:|1658505682\n|switch|p1a: Melmetal|Melmetal, shiny|36\/100\n|move|p2a: Clefable|Wish|p2a: Clefable\n|\n|-heal|p2a: Clefable|90\/100|[from] item: Leftovers\n|upkeep\n|turn|58\n|l| VN Star\n|inactive|CCLM has 90 seconds left.\n|\n|t:|1658505734\n|switch|p2a: Corviknight|Corviknight, F|52\/100\n|-ability|p2a: Corviknight|Pressure\n|move|p1a: Melmetal|Ice Punch|p2a: Corviknight\n|-damage|p2a: Corviknight|32\/100\n|\n|-heal|p2a: Corviknight|81\/100|[from] move: Wish|[wisher] Clefable\n|upkeep\n|turn|59\n|\n|t:|1658505754\n|move|p2a: Corviknight|Roost|p2a: Corviknight\n|-heal|p2a: Corviknight|100\/100\n|-singleturn|p2a: Corviknight|move: Roost\n|move|p1a: Melmetal|Thunder Punch|p2a: Corviknight\n|-damage|p2a: Corviknight|74\/100\n|\n|-fieldend|move: Electric Terrain\n|upkeep\n|turn|60\n|\n|t:|1658505763\n|move|p2a: Corviknight|Brave Bird|p1a: Melmetal\n|-resisted|p1a: Melmetal\n|-damage|p1a: Melmetal|27\/100\n|-damage|p2a: Corviknight|70\/100|[from] Recoil\n|move|p1a: Melmetal|Thunder Punch|p2a: Corviknight\n|-supereffective|p2a: Corviknight\n|-damage|p2a: Corviknight|33\/100\n|\n|upkeep\n|turn|61\n|\n|t:|1658505770\n|switch|p1a: Tapu Koko|Tapu Koko, shiny|26\/100\n|-fieldstart|move: Electric Terrain|[from] ability: Electric Surge|[of] p1a: Tapu Koko\n|move|p2a: Corviknight|Roost|p2a: Corviknight\n|-heal|p2a: Corviknight|83\/100\n|-singleturn|p2a: Corviknight|move: Roost\n|\n|upkeep\n|turn|62\n|\n|t:|1658505776\n|switch|p2a: Swampert|Swampert, M|17\/100 brn\n|move|p1a: Tapu Koko|Thunderbolt|p2a: Swampert\n|-immune|p2a: Swampert\n|\n|-heal|p2a: Swampert|23\/100 brn|[from] item: Leftovers\n|-damage|p2a: Swampert|17\/100 brn|[from] brn\n|upkeep\n|turn|63\n|\n|t:|1658505785\n|switch|p2a: Clefable|Clefable, F|90\/100\n|move|p1a: Tapu Koko|Dazzling Gleam|p2a: Clefable\n|-damage|p2a: Clefable|67\/100\n|\n|-heal|p2a: Clefable|73\/100|[from] item: Leftovers\n|upkeep\n|turn|64\n|\n|t:|1658505790\n|move|p2a: Clefable|Protect|p2a: Clefable\n|-singleturn|p2a: Clefable|Protect\n|move|p1a: Tapu Koko|Volt Switch|p2a: Clefable\n|-activate|p2a: Clefable|move: Protect\n|\n|-heal|p2a: Clefable|79\/100|[from] item: Leftovers\n|upkeep\n|turn|65\n|\n|t:|1658505799\n|move|p1a: Tapu Koko|Volt Switch|p2a: Clefable\n|-damage|p2a: Clefable|54\/100\n|inactive|CCLM has 120 seconds left.\n|\n|t:|1658505807\n|switch|p1a: Melmetal|Melmetal, shiny|27\/100|[from]move: Volt Switch\n|move|p2a: Clefable|Wish|p2a: Clefable\n|\n|-heal|p2a: Clefable|60\/100|[from] item: Leftovers\n|-fieldend|move: Electric Terrain\n|upkeep\n|turn|66\n|\n|t:|1658505813\n|move|p2a: Clefable|Protect|p2a: Clefable\n|-singleturn|p2a: Clefable|Protect\n|move|p1a: Melmetal|Thunder Punch|p2a: Clefable\n|-activate|p2a: Clefable|move: Protect\n|\n|-heal|p2a: Clefable|100\/100|[from] move: Wish|[wisher] Clefable\n|upkeep\n|turn|67\n|inactive|CCLM has 120 seconds left.\n|inactive|CCLM has 90 seconds left.\n|\n|t:|1658505873\n|switch|p2a: Corviknight|Corviknight, F|83\/100\n|-ability|p2a: Corviknight|Pressure\n|switch|p1a: Tapu Koko|Tapu Koko, shiny|26\/100\n|-fieldstart|move: Electric Terrain|[from] ability: Electric Surge|[of] p1a: Tapu Koko\n|\n|upkeep\n|turn|68\n|\n|t:|1658505895\n|switch|p2a: Clefable|Clefable, F|100\/100\n|move|p1a: Tapu Koko|Volt Switch|p2a: Clefable\n|-crit|p2a: Clefable\n|-damage|p2a: Clefable|65\/100\n|\n|t:|1658505900\n|switch|p1a: Melmetal|Melmetal, shiny|27\/100|[from]move: Volt Switch\n|\n|-heal|p2a: Clefable|71\/100|[from] item: Leftovers\n|upkeep\n|turn|69\n|inactive|CCLM has 60 seconds left.\n|\n|t:|1658505928\n|move|p2a: Clefable|Protect|p2a: Clefable\n|-singleturn|p2a: Clefable|Protect\n|move|p1a: Melmetal|Thunder Punch|p2a: Clefable\n|-activate|p2a: Clefable|move: Protect\n|\n|-heal|p2a: Clefable|77\/100|[from] item: Leftovers\n|upkeep\n|turn|70\n|\n|t:|1658505936\n|switch|p2a: Swampert|Swampert, M|17\/100 brn\n|move|p1a: Melmetal|Ice Punch|p2a: Swampert\n|-damage|p2a: Swampert|0 fnt\n|faint|p2a: Swampert\n|\n|upkeep\n|\n|t:|1658505939\n|switch|p2a: Corviknight|Corviknight, F|83\/100\n|-ability|p2a: Corviknight|Pressure\n|turn|71\n|\n|t:|1658505943\n|move|p2a: Corviknight|Brave Bird|p1a: Melmetal\n|-resisted|p1a: Melmetal\n|-damage|p1a: Melmetal|16\/100\n|-damage|p2a: Corviknight|79\/100|[from] Recoil\n|move|p1a: Melmetal|Thunder Punch|p2a: Corviknight\n|-supereffective|p2a: Corviknight\n|-damage|p2a: Corviknight|29\/100\n|\n|-fieldend|move: Electric Terrain\n|upkeep\n|turn|72\n|\n|t:|1658505950\n|switch|p1a: Tapu Koko|Tapu Koko, shiny|26\/100\n|-fieldstart|move: Electric Terrain|[from] ability: Electric Surge|[of] p1a: Tapu Koko\n|move|p2a: Corviknight|Roost|p2a: Corviknight\n|-heal|p2a: Corviknight|79\/100\n|-singleturn|p2a: Corviknight|move: Roost\n|\n|upkeep\n|turn|73\n|\n|t:|1658505958\n|move|p1a: Tapu Koko|Thunderbolt|p2a: Corviknight\n|-supereffective|p2a: Corviknight\n|-damage|p2a: Corviknight|0 fnt\n|faint|p2a: Corviknight\n|\n|upkeep\n|c|\u2606CCLM|gg\n|\n|t:|1658505963\n|switch|p2a: Clefable|Clefable, F|77\/100\n|turn|74\n|c|\u2606Highv0ltag3|gg\n|\n|t:|1658505971\n|move|p1a: Tapu Koko|Thunderbolt|p2a: Clefable\n|-damage|p2a: Clefable|46\/100\n|move|p2a: Clefable|Wish|p2a: Clefable\n|\n|-heal|p2a: Clefable|53\/100|[from] item: Leftovers\n|upkeep\n|turn|75\n|\n|t:|1658505975\n|move|p2a: Clefable|Protect|p2a: Clefable\n|-singleturn|p2a: Clefable|Protect\n|move|p1a: Tapu Koko|Thunderbolt|p2a: Clefable\n|-activate|p2a: Clefable|move: Protect\n|\n|-heal|p2a: Clefable|100\/100|[from] move: Wish|[wisher] Clefable\n|upkeep\n|turn|76\n|\n|t:|1658505980\n|move|p1a: Tapu Koko|Thunderbolt|p2a: Clefable\n|-damage|p2a: Clefable|65\/100\n|move|p2a: Clefable|Wish|p2a: Clefable\n|\n|-heal|p2a: Clefable|71\/100|[from] item: Leftovers\n|-fieldend|move: Electric Terrain\n|upkeep\n|turn|77\n|\n|t:|1658505983\n|move|p1a: Tapu Koko|Thunderbolt|p2a: Clefable\n|-damage|p2a: Clefable|44\/100\n|move|p2a: Clefable|Moonblast|p1a: Tapu Koko\n|-damage|p1a: Tapu Koko|0 fnt\n|faint|p1a: Tapu Koko\n|\n|-heal|p2a: Clefable|94\/100|[from] move: Wish|[wisher] Clefable\n|-heal|p2a: Clefable|99\/100|[from] item: Leftovers\n|upkeep\n|\n|t:|1658505986\n|switch|p1a: Melmetal|Melmetal, shiny|16\/100\n|turn|78\n|inactive|Highv0ltag3 has 120 seconds left.\n|c|\u2606Highv0ltag3|quadruple protect?\n|\n|t:|1658506028\n|move|p2a: Clefable|Protect|p2a: Clefable\n|-singleturn|p2a: Clefable|Protect\n|move|p1a: Melmetal|Double Iron Bash|p2a: Clefable\n|-activate|p2a: Clefable|move: Protect\n|\n|-heal|p2a: Clefable|100\/100|[from] item: Leftovers\n|upkeep\n|turn|79\n|\n|t:|1658506032\n|move|p2a: Clefable|Protect||[still]\n|-fail|p2a: Clefable\n|move|p1a: Melmetal|Double Iron Bash|p2a: Clefable\n|-supereffective|p2a: Clefable\n|-damage|p2a: Clefable|15\/100\n|-supereffective|p2a: Clefable\n|-damage|p2a: Clefable|0 fnt\n|faint|p2a: Clefable\n|-hitcount|p2: Clefable|2\n|\n|win|CCLM\n|raw|CCLM's rating: 1896 &rarr; <strong>1911<\/strong><br \/>(+15 for winning)\n|raw|Highv0ltag3's rating: 1802 &rarr; <strong>1787<\/strong><br \/>(-15 for losing)\n|c| The retro oatcake|i am curious, whats clefables last move?\n|c|\u2606Highv0ltag3|not todAY\n|c|\u2606Highv0ltag3|teleport\n|c| The retro oatcake|ah, ok\n||Ladder isn't responding, score probably updated but might not have (Request timeout).\n|l|\u2606Highv0ltag3\n|l| Lily Jin Morrow\n|l| lukisonic23\n|l| Atomise\n|l| The retro oatcake\n|l|\u2606CCLM\n|n| 2x4is8Skin|newboytilidie\n|l| 2x4is8Skin\n","uploadtime":1658508367,"views":65,"p1id":"cclm","p2id":"highv0ltag3","formatid":"gen8ou","rating":1787,"private":0,"password":null}