{"id":"gen8ou-1178551032","p1":"Commando 55","p2":"Fusien","format":"gen8ou","log":"|j|\u2606Commando 55\n|j|\u2606Fusien\n|t:|1598867608\n|player|p1|Commando 55|iris-gen5bw2|1870\n|player|p2|Fusien|roxie|1743\n|teamsize|p1|6\n|teamsize|p2|6\n|gametype|singles\n|gen|8\n|tier|[Gen 8] OU\n|rated|\n|clearpoke\n|poke|p1|Tyranitar, M|\n|poke|p1|Excadrill, M|\n|poke|p1|Clefable, F|\n|poke|p1|Mandibuzz, F|\n|poke|p1|Celebi|\n|poke|p1|Toxtricity, M|\n|poke|p2|Urshifu-*, M|\n|poke|p2|Magnezone|\n|poke|p2|Rillaboom, M|\n|poke|p2|Weezing-Galar, M|\n|poke|p2|Chansey, F|\n|poke|p2|Hydreigon, F|\n|rule|Sleep Clause Mod: Limit one foe put to sleep\n|rule|Species Clause: Limit one of each Pok\u00e9mon\n|rule|OHKO Clause: OHKO moves are banned\n|rule|Evasion Moves Clause: Evasion moves are banned\n|rule|Endless Battle Clause: Forcing endless battles is banned\n|rule|HP Percentage Mod: HP is shown in percentages\n|rule|Dynamax Clause: You cannot dynamax\n|teampreview\n|c|\u2606Fusien|Glhf\n|c|\u2606Commando 55|U2\n|\n|t:|1598867625\n|start\n|switch|p1a: Toxtricity|Toxtricity, M|100\/100\n|switch|p2a: Detective Gumshoe|Magnezone|100\/100\n|turn|1\n|inactive|Battle timer is ON: inactive players will automatically lose when time's up. (requested by Commando 55)\n|\n|t:|1598867641\n|move|p1a: Toxtricity|Boomburst|p2a: Detective Gumshoe\n|-resisted|p2a: Detective Gumshoe\n|-damage|p2a: Detective Gumshoe|40\/100\n|move|p2a: Detective Gumshoe|Steel Beam|p1a: Toxtricity\n|-resisted|p1a: Toxtricity\n|-damage|p1a: Toxtricity|0 fnt\n|-damage|p2a: Detective Gumshoe|0 fnt|[from] mindblown\n|faint|p2a: Detective Gumshoe\n|faint|p1a: Toxtricity\n|\n|upkeep\n|\n|t:|1598867655\n|switch|p1a: Clefable|Clefable, F|100\/100\n|switch|p2a: Judge|Rillaboom, M|100\/100\n|-fieldstart|move: Grassy Terrain|[from] ability: Grassy Surge|[of] p2a: Judge\n|turn|2\n|\n|t:|1598867660\n|move|p1a: Clefable|Protect|p1a: Clefable\n|-singleturn|p1a: Clefable|Protect\n|move|p2a: Judge|U-turn|p1a: Clefable\n|-activate|p1a: Clefable|move: Protect\n|\n|upkeep\n|turn|3\n|\n|t:|1598867664\n|move|p2a: Judge|U-turn|p1a: Clefable\n|-resisted|p1a: Clefable\n|-damage|p1a: Clefable|87\/100\n|\n|t:|1598867665\n|switch|p2a: Mia|Chansey, F|100\/100|[from]move: U-turn\n|move|p1a: Clefable|Teleport|p1a: Clefable\n|\n|t:|1598867671\n|switch|p1a: Excadrill|Excadrill, M|100\/100|[from]move: Teleport\n|\n|upkeep\n|turn|4\n|\n|t:|1598867676\n|move|p1a: Excadrill|Iron Head|p2a: Mia\n|-damage|p2a: Mia|55\/100\n|move|p2a: Mia|Teleport|p2a: Mia\n|\n|t:|1598867678\n|switch|p2a: Judge|Rillaboom, M|100\/100|[from]move: Teleport\n|\n|upkeep\n|turn|5\n|\n|t:|1598867682\n|switch|p1a: Mandibuzz|Mandibuzz, F|100\/100\n|move|p2a: Judge|U-turn|p1a: Mandibuzz\n|-damage|p1a: Mandibuzz|79\/100\n|\n|t:|1598867685\n|switch|p2a: Phoenix|Weezing-Galar, M, shiny|100\/100|[from]move: U-turn\n|-ability|p2a: Phoenix|Neutralizing Gas\n|\n|upkeep\n|turn|6\n|\n|t:|1598867687\n|move|p1a: Mandibuzz|U-turn|p2a: Phoenix\n|-resisted|p2a: Phoenix\n|-damage|p2a: Phoenix|99\/100\n|\n|t:|1598867690\n|switch|p1a: Celebi|Celebi|100\/100|[from]move: U-turn\n|move|p2a: Phoenix|Taunt|p1a: Celebi\n|-start|p1a: Celebi|move: Taunt\n|\n|-heal|p2a: Phoenix|100\/100|[from] item: Black Sludge\n|-fieldend|move: Grassy Terrain\n|upkeep\n|turn|7\n|\n|t:|1598867695\n|switch|p2a: Edgeworth|Urshifu, M|100\/100\n|move|p1a: Celebi|Psychic|p2a: Edgeworth\n|-immune|p2a: Edgeworth\n|\n|upkeep\n|turn|8\n|\n|t:|1598867703\n|switch|p1a: Mandibuzz|Mandibuzz, F|79\/100\n|move|p2a: Edgeworth|Close Combat|p1a: Mandibuzz\n|-damage|p1a: Mandibuzz|20\/100\n|-unboost|p2a: Edgeworth|def|1\n|-unboost|p2a: Edgeworth|spd|1\n|\n|upkeep\n|turn|9\n|\n|t:|1598867707\n|switch|p1a: Celebi|Celebi|100\/100\n|move|p2a: Edgeworth|Close Combat|p1a: Celebi\n|-resisted|p1a: Celebi\n|-damage|p1a: Celebi|72\/100\n|-unboost|p2a: Edgeworth|def|1\n|-unboost|p2a: Edgeworth|spd|1\n|\n|-heal|p1a: Celebi|78\/100|[from] item: Leftovers\n|upkeep\n|turn|10\n|\n|t:|1598867710\n|switch|p2a: Maya|Hydreigon, F|100\/100\n|move|p1a: Celebi|Stealth Rock|p2a: Maya\n|-sidestart|p2: Fusien|move: Stealth Rock\n|\n|-heal|p1a: Celebi|84\/100|[from] item: Leftovers\n|upkeep\n|turn|11\n|\n|t:|1598867717\n|switch|p1a: Tyranitar|Tyranitar, M|100\/100\n|-weather|Sandstorm|[from] ability: Sand Stream|[of] p1a: Tyranitar\n|move|p2a: Maya|U-turn|p1a: Tyranitar\n|-supereffective|p1a: Tyranitar\n|-damage|p1a: Tyranitar|71\/100\n|\n|t:|1598867719\n|switch|p2a: Judge|Rillaboom, M|100\/100|[from]move: U-turn\n|-damage|p2a: Judge|88\/100|[from] Stealth Rock\n|-fieldstart|move: Grassy Terrain|[from] ability: Grassy Surge|[of] p2a: Judge\n|\n|-weather|Sandstorm|[upkeep]\n|-damage|p2a: Judge|82\/100|[from] Sandstorm\n|-heal|p2a: Judge|88\/100|[from] Grassy Terrain\n|-heal|p1a: Tyranitar|77\/100|[from] Grassy Terrain\n|upkeep\n|turn|12\n|\n|t:|1598867723\n|switch|p1a: Mandibuzz|Mandibuzz, F|20\/100\n|move|p2a: Judge|U-turn|p1a: Mandibuzz\n|-damage|p1a: Mandibuzz|0 fnt\n|faint|p1a: Mandibuzz\n|\n|t:|1598867726\n|switch|p2a: Edgeworth|Urshifu, M|100\/100|[from]move: U-turn\n|-damage|p2a: Edgeworth|94\/100|[from] Stealth Rock\n|\n|-weather|Sandstorm|[upkeep]\n|-damage|p2a: Edgeworth|88\/100|[from] Sandstorm\n|-heal|p2a: Edgeworth|94\/100|[from] Grassy Terrain\n|upkeep\n|\n|t:|1598867732\n|switch|p1a: Clefable|Clefable, F|87\/100\n|turn|13\n|\n|t:|1598867738\n|move|p2a: Edgeworth|U-turn|p1a: Clefable\n|-resisted|p1a: Clefable\n|-damage|p1a: Clefable|70\/100\n|\n|t:|1598867739\n|switch|p2a: Mia|Chansey, F|55\/100|[from]move: U-turn\n|-damage|p2a: Mia|42\/100|[from] Stealth Rock\n|move|p1a: Clefable|Teleport|p1a: Clefable\n|\n|t:|1598867742\n|switch|p1a: Excadrill|Excadrill, M|100\/100|[from]move: Teleport\n|\n|-weather|Sandstorm|[upkeep]\n|-damage|p2a: Mia|36\/100|[from] Sandstorm\n|-heal|p2a: Mia|42\/100|[from] Grassy Terrain\n|upkeep\n|turn|14\n|\n|t:|1598867746\n|move|p1a: Excadrill|Iron Head|p2a: Mia\n|-damage|p2a: Mia|0 fnt\n|faint|p2a: Mia\n|\n|-weather|Sandstorm|[upkeep]\n|upkeep\n|\n|t:|1598867750\n|switch|p2a: Judge|Rillaboom, M|88\/100\n|-damage|p2a: Judge|76\/100|[from] Stealth Rock\n|turn|15\n|\n|t:|1598867752\n|move|p2a: Judge|Grassy Glide|p1a: Excadrill\n|-damage|p1a: Excadrill|0 fnt\n|faint|p1a: Excadrill\n|\n|-weather|none\n|-heal|p2a: Judge|82\/100|[from] Grassy Terrain\n|-fieldend|move: Grassy Terrain\n|upkeep\n|\n|t:|1598867756\n|switch|p1a: Celebi|Celebi|84\/100\n|turn|16\n|\n|t:|1598867762\n|switch|p2a: Maya|Hydreigon, F|100\/100\n|-damage|p2a: Maya|88\/100|[from] Stealth Rock\n|move|p1a: Celebi|Thunder Wave|p2a: Maya\n|-status|p2a: Maya|par\n|\n|-heal|p1a: Celebi|90\/100|[from] item: Leftovers\n|upkeep\n|turn|17\n|\n|t:|1598867770\n|switch|p1a: Clefable|Clefable, F|70\/100\n|move|p2a: Maya|U-turn|p1a: Clefable\n|-resisted|p1a: Clefable\n|-damage|p1a: Clefable|64\/100\n|\n|t:|1598867772\n|switch|p2a: Phoenix|Weezing-Galar, M, shiny|100\/100|[from]move: U-turn\n|-ability|p2a: Phoenix|Neutralizing Gas\n|-damage|p2a: Phoenix|88\/100|[from] Stealth Rock\n|\n|-heal|p2a: Phoenix|94\/100|[from] item: Black Sludge\n|-heal|p1a: Clefable|71\/100|[from] item: Leftovers\n|upkeep\n|turn|18\n|\n|t:|1598867777\n|move|p1a: Clefable|Protect|p1a: Clefable\n|-singleturn|p1a: Clefable|Protect\n|move|p2a: Phoenix|Taunt|p1a: Clefable\n|-activate|p1a: Clefable|move: Protect\n|\n|-heal|p2a: Phoenix|99\/100|[from] item: Black Sludge\n|-heal|p1a: Clefable|77\/100|[from] item: Leftovers\n|upkeep\n|turn|19\n|\n|t:|1598867782\n|switch|p1a: Tyranitar|Tyranitar, M|77\/100\n|move|p2a: Phoenix|Defog|p1a: Tyranitar\n|-unboost|p1a: Tyranitar|evasion|1\n|-sideend|p2: Fusien|Stealth Rock|[from] move: Defog|[of] p2a: Phoenix\n|\n|-heal|p2a: Phoenix|100\/100|[from] item: Black Sludge\n|upkeep\n|turn|20\n|\n|t:|1598867793\n|move|p1a: Tyranitar|Earthquake|p2a: Phoenix\n|-supereffective|p2a: Phoenix\n|-damage|p2a: Phoenix|18\/100\n|move|p2a: Phoenix|Taunt|p1a: Tyranitar\n|-start|p1a: Tyranitar|move: Taunt\n|\n|-heal|p2a: Phoenix|24\/100|[from] item: Black Sludge\n|upkeep\n|turn|21\n|\n|t:|1598867799\n|switch|p1a: Clefable|Clefable, F|77\/100\n|switch|p2a: Judge|Rillaboom, M|82\/100\n|-fieldstart|move: Grassy Terrain|[from] ability: Grassy Surge|[of] p2a: Judge\n|\n|-heal|p2a: Judge|88\/100|[from] Grassy Terrain\n|-heal|p1a: Clefable|83\/100|[from] item: Leftovers\n|-heal|p1a: Clefable|89\/100|[from] Grassy Terrain\n|upkeep\n|turn|22\n|\n|t:|1598867801\n|move|p1a: Clefable|Protect|p1a: Clefable\n|-singleturn|p1a: Clefable|Protect\n|move|p2a: Judge|Wood Hammer|p1a: Clefable\n|-activate|p1a: Clefable|move: Protect\n|\n|-heal|p2a: Judge|94\/100|[from] Grassy Terrain\n|-heal|p1a: Clefable|95\/100|[from] item: Leftovers\n|-heal|p1a: Clefable|100\/100|[from] Grassy Terrain\n|upkeep\n|turn|23\n|\n|t:|1598867805\n|switch|p1a: Celebi|Celebi|90\/100\n|move|p2a: Judge|Wood Hammer|p1a: Celebi\n|-resisted|p1a: Celebi\n|-damage|p1a: Celebi|47\/100\n|-damage|p2a: Judge|78\/100|[from] Recoil\n|\n|-heal|p2a: Judge|84\/100|[from] Grassy Terrain\n|-heal|p1a: Celebi|53\/100|[from] item: Leftovers\n|-heal|p1a: Celebi|60\/100|[from] Grassy Terrain\n|upkeep\n|turn|24\n|\n|t:|1598867813\n|switch|p2a: Edgeworth|Urshifu, M|94\/100\n|move|p1a: Celebi|Thunder Wave|p2a: Edgeworth\n|-status|p2a: Edgeworth|par\n|\n|-heal|p1a: Celebi|66\/100|[from] item: Leftovers\n|-heal|p1a: Celebi|72\/100|[from] Grassy Terrain\n|-heal|p2a: Edgeworth|100\/100 par|[from] Grassy Terrain\n|upkeep\n|turn|25\n|\n|t:|1598867817\n|switch|p1a: Clefable|Clefable, F|100\/100\n|cant|p2a: Edgeworth|par\n|\n|-fieldend|move: Grassy Terrain\n|upkeep\n|turn|26\n|\n|t:|1598867821\n|switch|p2a: Judge|Rillaboom, M|84\/100\n|-fieldstart|move: Grassy Terrain|[from] ability: Grassy Surge|[of] p2a: Judge\n|move|p1a: Clefable|Moonblast|p2a: Judge\n|-damage|p2a: Judge|45\/100\n|-unboost|p2a: Judge|spa|1\n|\n|-heal|p2a: Judge|51\/100|[from] Grassy Terrain\n|upkeep\n|turn|27\n|\n|t:|1598867823\n|move|p1a: Clefable|Protect|p1a: Clefable\n|-singleturn|p1a: Clefable|Protect\n|move|p2a: Judge|Wood Hammer|p1a: Clefable\n|-activate|p1a: Clefable|move: Protect\n|\n|-heal|p2a: Judge|57\/100|[from] Grassy Terrain\n|upkeep\n|turn|28\n|\n|t:|1598867828\n|switch|p1a: Celebi|Celebi|72\/100\n|move|p2a: Judge|Wood Hammer|p1a: Celebi\n|-resisted|p1a: Celebi\n|-damage|p1a: Celebi|31\/100\n|-damage|p2a: Judge|41\/100|[from] Recoil\n|\n|-heal|p2a: Judge|47\/100|[from] Grassy Terrain\n|-heal|p1a: Celebi|37\/100|[from] item: Leftovers\n|-heal|p1a: Celebi|44\/100|[from] Grassy Terrain\n|upkeep\n|turn|29\n|\n|t:|1598867835\n|switch|p2a: Maya|Hydreigon, F|88\/100 par\n|move|p1a: Celebi|Recover|p1a: Celebi\n|-heal|p1a: Celebi|94\/100\n|\n|-heal|p1a: Celebi|99\/100|[from] item: Leftovers\n|-heal|p1a: Celebi|100\/100|[from] Grassy Terrain\n|upkeep\n|turn|30\n|\n|t:|1598867839\n|switch|p1a: Clefable|Clefable, F|100\/100\n|cant|p2a: Maya|par\n|\n|-fieldend|move: Grassy Terrain\n|upkeep\n|turn|31\n|\n|t:|1598867843\n|switch|p2a: Phoenix|Weezing-Galar, M, shiny|24\/100\n|-ability|p2a: Phoenix|Neutralizing Gas\n|move|p1a: Clefable|Moonblast|p2a: Phoenix\n|-resisted|p2a: Phoenix\n|-damage|p2a: Phoenix|4\/100\n|\n|-heal|p2a: Phoenix|10\/100|[from] item: Black Sludge\n|upkeep\n|turn|32\n|\n|t:|1598867845\n|move|p2a: Phoenix|Pain Split|p1a: Clefable\n|-sethp|p1a: Clefable|54\/100|[from] move: Pain Split|[silent]\n|-sethp|p2a: Phoenix|64\/100|[from] move: Pain Split\n|move|p1a: Clefable|Moonblast|p2a: Phoenix\n|-resisted|p2a: Phoenix\n|-crit|p2a: Phoenix\n|-damage|p2a: Phoenix|30\/100\n|\n|-heal|p2a: Phoenix|36\/100|[from] item: Black Sludge\n|-heal|p1a: Clefable|60\/100|[from] item: Leftovers\n|upkeep\n|turn|33\n|\n|t:|1598867850\n|move|p2a: Phoenix|Taunt|p1a: Clefable\n|-start|p1a: Clefable|move: Taunt\n|cant|p1a: Clefable|move: Taunt|Wish\n|\n|-heal|p2a: Phoenix|42\/100|[from] item: Black Sludge\n|-heal|p1a: Clefable|66\/100|[from] item: Leftovers\n|upkeep\n|turn|34\n|\n|t:|1598867853\n|switch|p1a: Tyranitar|Tyranitar, M|77\/100\n|move|p2a: Phoenix|Strange Steam|p1a: Tyranitar\n|-supereffective|p1a: Tyranitar\n|-damage|p1a: Tyranitar|21\/100\n|\n|-heal|p2a: Phoenix|48\/100|[from] item: Black Sludge\n|upkeep\n|turn|35\n|j| Ecob\n|\n|t:|1598867859\n|-weather|Sandstorm|[from] ability: Sand Stream|[of] p1a: Tyranitar\n|switch|p2a: Edgeworth|Urshifu, M|100\/100 par\n|move|p1a: Tyranitar|Stone Edge|p2a: Edgeworth\n|-resisted|p2a: Edgeworth\n|-damage|p2a: Edgeworth|56\/100 par\n|\n|-weather|Sandstorm|[upkeep]\n|-damage|p2a: Edgeworth|49\/100 par|[from] Sandstorm\n|upkeep\n|turn|36\n|\n|t:|1598867865\n|move|p1a: Tyranitar|Stone Edge|p2a: Edgeworth|[miss]\n|-miss|p1a: Tyranitar|p2a: Edgeworth\n|move|p2a: Edgeworth|U-turn|p1a: Tyranitar\n|-supereffective|p1a: Tyranitar\n|-damage|p1a: Tyranitar|0 fnt\n|faint|p1a: Tyranitar\n|\n|t:|1598867868\n|switch|p2a: Judge|Rillaboom, M|47\/100|[from]move: U-turn\n|-fieldstart|move: Grassy Terrain|[from] ability: Grassy Surge|[of] p2a: Judge\n|\n|-weather|Sandstorm|[upkeep]\n|-damage|p2a: Judge|41\/100|[from] Sandstorm\n|-heal|p2a: Judge|47\/100|[from] Grassy Terrain\n|upkeep\n|\n|t:|1598867872\n|switch|p1a: Clefable|Clefable, F|66\/100\n|turn|37\n|\n|t:|1598867875\n|move|p1a: Clefable|Protect|p1a: Clefable\n|-singleturn|p1a: Clefable|Protect\n|move|p2a: Judge|Wood Hammer|p1a: Clefable\n|-activate|p1a: Clefable|move: Protect\n|\n|-weather|Sandstorm|[upkeep]\n|-damage|p2a: Judge|41\/100|[from] Sandstorm\n|-heal|p2a: Judge|47\/100|[from] Grassy Terrain\n|-heal|p1a: Clefable|73\/100|[from] item: Leftovers\n|-heal|p1a: Clefable|79\/100|[from] Grassy Terrain\n|upkeep\n|turn|38\n|\n|t:|1598867883\n|switch|p1a: Celebi|Celebi|100\/100\n|move|p2a: Judge|Wood Hammer|p1a: Celebi\n|-resisted|p1a: Celebi\n|-damage|p1a: Celebi|60\/100\n|-damage|p2a: Judge|32\/100|[from] Recoil\n|\n|-weather|Sandstorm|[upkeep]\n|-damage|p2a: Judge|25\/100|[from] Sandstorm\n|-damage|p1a: Celebi|54\/100|[from] Sandstorm\n|-heal|p2a: Judge|32\/100|[from] Grassy Terrain\n|-heal|p1a: Celebi|60\/100|[from] item: Leftovers\n|-heal|p1a: Celebi|66\/100|[from] Grassy Terrain\n|upkeep\n|turn|39\n|\n|t:|1598867896\n|switch|p2a: Maya|Hydreigon, F|88\/100 par\n|move|p1a: Celebi|Stealth Rock|p2a: Maya\n|-sidestart|p2: Fusien|move: Stealth Rock\n|\n|-weather|none\n|-heal|p1a: Celebi|72\/100|[from] item: Leftovers\n|-heal|p1a: Celebi|78\/100|[from] Grassy Terrain\n|upkeep\n|turn|40\n|\n|t:|1598867902\n|switch|p1a: Clefable|Clefable, F|79\/100\n|cant|p2a: Maya|par\n|\n|-heal|p1a: Clefable|85\/100|[from] item: Leftovers\n|-heal|p1a: Clefable|91\/100|[from] Grassy Terrain\n|-fieldend|move: Grassy Terrain\n|upkeep\n|turn|41\n|\n|t:|1598867907\n|move|p2a: Maya|U-turn|p1a: Clefable\n|-resisted|p1a: Clefable\n|-damage|p1a: Clefable|86\/100\n|\n|t:|1598867908\n|switch|p2a: Phoenix|Weezing-Galar, M, shiny|48\/100|[from]move: U-turn\n|-ability|p2a: Phoenix|Neutralizing Gas\n|-damage|p2a: Phoenix|35\/100|[from] Stealth Rock\n|move|p1a: Clefable|Moonblast|p2a: Phoenix\n|-resisted|p2a: Phoenix\n|-damage|p2a: Phoenix|15\/100\n|-unboost|p2a: Phoenix|spa|1\n|\n|-heal|p2a: Phoenix|21\/100|[from] item: Black Sludge\n|-heal|p1a: Clefable|92\/100|[from] item: Leftovers\n|upkeep\n|turn|42\n|\n|t:|1598867912\n|move|p1a: Clefable|Protect|p1a: Clefable\n|-singleturn|p1a: Clefable|Protect\n|move|p2a: Phoenix|Pain Split|p1a: Clefable\n|-activate|p1a: Clefable|move: Protect\n|\n|-heal|p2a: Phoenix|27\/100|[from] item: Black Sludge\n|-heal|p1a: Clefable|98\/100|[from] item: Leftovers\n|upkeep\n|turn|43\n|\n|t:|1598867916\n|switch|p1a: Celebi|Celebi|78\/100\n|move|p2a: Phoenix|Pain Split|p1a: Celebi\n|-sethp|p1a: Celebi|50\/100|[from] move: Pain Split|[silent]\n|-sethp|p2a: Phoenix|61\/100|[from] move: Pain Split\n|\n|-heal|p1a: Celebi|56\/100|[from] item: Leftovers\n|-heal|p2a: Phoenix|67\/100|[from] item: Black Sludge\n|upkeep\n|turn|44\n|\n|t:|1598867921\n|switch|p2a: Edgeworth|Urshifu, M|49\/100 par\n|-damage|p2a: Edgeworth|43\/100 par|[from] Stealth Rock\n|move|p1a: Celebi|Recover|p1a: Celebi\n|-heal|p1a: Celebi|100\/100\n|\n|upkeep\n|turn|45\n|\n|t:|1598867923\n|switch|p1a: Clefable|Clefable, F|98\/100\n|move|p2a: Edgeworth|U-turn|p1a: Clefable\n|-resisted|p1a: Clefable\n|-damage|p1a: Clefable|82\/100\n|\n|t:|1598867925\n|switch|p2a: Phoenix|Weezing-Galar, M, shiny|67\/100|[from]move: U-turn\n|-ability|p2a: Phoenix|Neutralizing Gas\n|-damage|p2a: Phoenix|54\/100|[from] Stealth Rock\n|\n|-heal|p2a: Phoenix|60\/100|[from] item: Black Sludge\n|-heal|p1a: Clefable|89\/100|[from] item: Leftovers\n|upkeep\n|turn|46\n|\n|t:|1598867930\n|move|p1a: Clefable|Protect|p1a: Clefable\n|-singleturn|p1a: Clefable|Protect\n|move|p2a: Phoenix|Defog|p1a: Clefable\n|-activate|p1a: Clefable|move: Protect\n|\n|-heal|p2a: Phoenix|66\/100|[from] item: Black Sludge\n|-heal|p1a: Clefable|95\/100|[from] item: Leftovers\n|upkeep\n|turn|47\n|\n|t:|1598867934\n|switch|p1a: Celebi|Celebi|100\/100\n|move|p2a: Phoenix|Taunt|p1a: Celebi\n|-start|p1a: Celebi|move: Taunt\n|\n|-heal|p2a: Phoenix|72\/100|[from] item: Black Sludge\n|upkeep\n|turn|48\n|\n|t:|1598867939\n|switch|p1a: Clefable|Clefable, F|95\/100\n|switch|p2a: Maya|Hydreigon, F|88\/100 par\n|-damage|p2a: Maya|76\/100 par|[from] Stealth Rock\n|\n|-heal|p1a: Clefable|100\/100|[from] item: Leftovers\n|upkeep\n|turn|49\n|\n|t:|1598867941\n|cant|p2a: Maya|par\n|move|p1a: Clefable|Moonblast|p2a: Maya\n|-supereffective|p2a: Maya\n|-damage|p2a: Maya|0 fnt\n|faint|p2a: Maya\n|\n|upkeep\n|\n|t:|1598867943\n|switch|p2a: Phoenix|Weezing-Galar, M, shiny|72\/100\n|-ability|p2a: Phoenix|Neutralizing Gas\n|-damage|p2a: Phoenix|60\/100|[from] Stealth Rock\n|turn|50\n|\n|t:|1598867947\n|switch|p1a: Celebi|Celebi|100\/100\n|move|p2a: Phoenix|Defog|p1a: Celebi\n|-unboost|p1a: Celebi|evasion|1\n|-sideend|p2: Fusien|Stealth Rock|[from] move: Defog|[of] p2a: Phoenix\n|\n|-heal|p2a: Phoenix|66\/100|[from] item: Black Sludge\n|upkeep\n|turn|51\n|\n|t:|1598867952\n|move|p1a: Celebi|Stealth Rock|p2a: Phoenix\n|-sidestart|p2: Fusien|move: Stealth Rock\n|move|p2a: Phoenix|Strange Steam|p1a: Celebi\n|-damage|p1a: Celebi|80\/100\n|-start|p1a: Celebi|confusion\n|\n|-heal|p1a: Celebi|86\/100|[from] item: Leftovers\n|-heal|p2a: Phoenix|72\/100|[from] item: Black Sludge\n|upkeep\n|turn|52\n|\n|t:|1598867955\n|switch|p2a: Edgeworth|Urshifu, M|43\/100 par\n|-damage|p2a: Edgeworth|37\/100 par|[from] Stealth Rock\n|-activate|p1a: Celebi|confusion\n|move|p1a: Celebi|Psychic|p2a: Edgeworth\n|-immune|p2a: Edgeworth\n|\n|-heal|p1a: Celebi|92\/100|[from] item: Leftovers\n|upkeep\n|turn|53\n|\n|t:|1598867964\n|switch|p1a: Clefable|Clefable, F|100\/100\n|move|p2a: Edgeworth|U-turn|p1a: Clefable\n|-resisted|p1a: Clefable\n|-damage|p1a: Clefable|86\/100\n|\n|t:|1598867965\n|switch|p2a: Phoenix|Weezing-Galar, M, shiny|72\/100|[from]move: U-turn\n|-ability|p2a: Phoenix|Neutralizing Gas\n|-damage|p2a: Phoenix|60\/100|[from] Stealth Rock\n|\n|-heal|p2a: Phoenix|66\/100|[from] item: Black Sludge\n|-heal|p1a: Clefable|92\/100|[from] item: Leftovers\n|upkeep\n|turn|54\n|\n|t:|1598867972\n|switch|p1a: Celebi|Celebi|92\/100\n|move|p2a: Phoenix|Defog|p1a: Celebi\n|-unboost|p1a: Celebi|evasion|1\n|-sideend|p2: Fusien|Stealth Rock|[from] move: Defog|[of] p2a: Phoenix\n|\n|-heal|p1a: Celebi|98\/100|[from] item: Leftovers\n|-heal|p2a: Phoenix|72\/100|[from] item: Black Sludge\n|upkeep\n|turn|55\n|\n|t:|1598867976\n|switch|p2a: Edgeworth|Urshifu, M|37\/100 par\n|move|p1a: Celebi|Stealth Rock|p2a: Edgeworth\n|-sidestart|p2: Fusien|move: Stealth Rock\n|\n|-heal|p1a: Celebi|100\/100|[from] item: Leftovers\n|upkeep\n|turn|56\n|\n|t:|1598867980\n|switch|p1a: Clefable|Clefable, F|92\/100\n|move|p2a: Edgeworth|U-turn|p1a: Clefable\n|-resisted|p1a: Clefable\n|-damage|p1a: Clefable|78\/100\n|\n|t:|1598867982\n|switch|p2a: Phoenix|Weezing-Galar, M, shiny|72\/100|[from]move: U-turn\n|-ability|p2a: Phoenix|Neutralizing Gas\n|-damage|p2a: Phoenix|59\/100|[from] Stealth Rock\n|\n|-heal|p2a: Phoenix|65\/100|[from] item: Black Sludge\n|-heal|p1a: Clefable|84\/100|[from] item: Leftovers\n|upkeep\n|turn|57\n|\n|t:|1598867986\n|move|p2a: Phoenix|Defog|p1a: Clefable\n|-unboost|p1a: Clefable|evasion|1\n|-sideend|p2: Fusien|Stealth Rock|[from] move: Defog|[of] p2a: Phoenix\n|move|p1a: Clefable|Teleport|p1a: Clefable\n|\n|t:|1598867987\n|switch|p1a: Celebi|Celebi|100\/100|[from]move: Teleport\n|\n|-heal|p2a: Phoenix|71\/100|[from] item: Black Sludge\n|upkeep\n|turn|58\n|\n|t:|1598867990\n|switch|p2a: Edgeworth|Urshifu, M|37\/100 par\n|move|p1a: Celebi|Stealth Rock|p2a: Edgeworth\n|-sidestart|p2: Fusien|move: Stealth Rock\n|\n|upkeep\n|turn|59\n|\n|t:|1598867993\n|switch|p1a: Clefable|Clefable, F|84\/100\n|move|p2a: Edgeworth|U-turn|p1a: Clefable\n|-resisted|p1a: Clefable\n|-damage|p1a: Clefable|68\/100\n|\n|t:|1598867996\n|switch|p2a: Phoenix|Weezing-Galar, M, shiny|71\/100|[from]move: U-turn\n|-ability|p2a: Phoenix|Neutralizing Gas\n|-damage|p2a: Phoenix|59\/100|[from] Stealth Rock\n|\n|-heal|p2a: Phoenix|65\/100|[from] item: Black Sludge\n|-heal|p1a: Clefable|74\/100|[from] item: Leftovers\n|upkeep\n|turn|60\n|\n|t:|1598868001\n|move|p2a: Phoenix|Taunt|p1a: Clefable\n|-start|p1a: Clefable|move: Taunt\n|move|p1a: Clefable|Moonblast|p2a: Phoenix\n|-resisted|p2a: Phoenix\n|-damage|p2a: Phoenix|44\/100\n|\n|-heal|p2a: Phoenix|50\/100|[from] item: Black Sludge\n|-heal|p1a: Clefable|80\/100|[from] item: Leftovers\n|upkeep\n|turn|61\n|\n|t:|1598868003\n|switch|p1a: Celebi|Celebi|100\/100\n|move|p2a: Phoenix|Defog|p1a: Celebi\n|-unboost|p1a: Celebi|evasion|1\n|-sideend|p2: Fusien|Stealth Rock|[from] move: Defog|[of] p2a: Phoenix\n|\n|-heal|p2a: Phoenix|56\/100|[from] item: Black Sludge\n|upkeep\n|turn|62\n|\n|t:|1598868014\n|switch|p2a: Edgeworth|Urshifu, M|37\/100 par\n|move|p1a: Celebi|Stealth Rock|p2a: Edgeworth\n|-sidestart|p2: Fusien|move: Stealth Rock\n|\n|upkeep\n|turn|63\n|\n|t:|1598868018\n|switch|p1a: Clefable|Clefable, F|80\/100\n|cant|p2a: Edgeworth|par\n|\n|-heal|p1a: Clefable|86\/100|[from] item: Leftovers\n|upkeep\n|turn|64\n|\n|t:|1598868022\n|move|p2a: Edgeworth|Wicked Blow|p1a: Clefable\n|-resisted|p1a: Clefable\n|-crit|p1a: Clefable\n|-damage|p1a: Clefable|49\/100\n|move|p1a: Clefable|Teleport|p1a: Clefable\n|\n|t:|1598868025\n|switch|p1a: Celebi|Celebi|100\/100|[from]move: Teleport\n|\n|upkeep\n|turn|65\n|\n|t:|1598868031\n|switch|p1a: Clefable|Clefable, F|49\/100\n|move|p2a: Edgeworth|Wicked Blow|p1a: Clefable\n|-resisted|p1a: Clefable\n|-crit|p1a: Clefable\n|-damage|p1a: Clefable|13\/100\n|\n|-heal|p1a: Clefable|19\/100|[from] item: Leftovers\n|upkeep\n|turn|66\n|\n|t:|1598868042\n|switch|p2a: Phoenix|Weezing-Galar, M, shiny|56\/100\n|-ability|p2a: Phoenix|Neutralizing Gas\n|-damage|p2a: Phoenix|44\/100|[from] Stealth Rock\n|move|p1a: Clefable|Moonblast|p2a: Phoenix\n|-resisted|p2a: Phoenix\n|-damage|p2a: Phoenix|23\/100\n|-unboost|p2a: Phoenix|spa|1\n|\n|-heal|p2a: Phoenix|29\/100|[from] item: Black Sludge\n|-heal|p1a: Clefable|25\/100|[from] item: Leftovers\n|upkeep\n|turn|67\n|\n|t:|1598868049\n|move|p2a: Phoenix|Taunt|p1a: Clefable\n|-start|p1a: Clefable|move: Taunt\n|move|p1a: Clefable|Moonblast|p2a: Phoenix\n|-resisted|p2a: Phoenix\n|-damage|p2a: Phoenix|6\/100\n|-unboost|p2a: Phoenix|spa|1\n|\n|-heal|p2a: Phoenix|12\/100|[from] item: Black Sludge\n|-heal|p1a: Clefable|31\/100|[from] item: Leftovers\n|upkeep\n|turn|68\n|\n|t:|1598868055\n|move|p2a: Phoenix|Defog|p1a: Clefable\n|-unboost|p1a: Clefable|evasion|1\n|-sideend|p2: Fusien|Stealth Rock|[from] move: Defog|[of] p2a: Phoenix\n|move|p1a: Clefable|Moonblast|p2a: Phoenix\n|-resisted|p2a: Phoenix\n|-damage|p2a: Phoenix|0 fnt\n|faint|p2a: Phoenix\n|\n|-heal|p1a: Clefable|38\/100|[from] item: Leftovers\n|upkeep\n|\n|t:|1598868056\n|switch|p2a: Judge|Rillaboom, M|32\/100\n|-fieldstart|move: Grassy Terrain|[from] ability: Grassy Surge|[of] p2a: Judge\n|turn|69\n|\n|t:|1598868065\n|switch|p1a: Celebi|Celebi|100\/100\n|move|p2a: Judge|U-turn|p1a: Celebi\n|-supereffective|p1a: Celebi\n|-damage|p1a: Celebi|8\/100\n|\n|t:|1598868067\n|switch|p2a: Edgeworth|Urshifu, M|37\/100 par|[from]move: U-turn\n|\n|-heal|p1a: Celebi|15\/100|[from] item: Leftovers\n|-heal|p1a: Celebi|21\/100|[from] Grassy Terrain\n|-heal|p2a: Edgeworth|43\/100 par|[from] Grassy Terrain\n|upkeep\n|turn|70\n|\n|t:|1598868074\n|switch|p1a: Clefable|Clefable, F|38\/100\n|switch|p2a: Judge|Rillaboom, M|32\/100\n|\n|-heal|p2a: Judge|38\/100|[from] Grassy Terrain\n|-heal|p1a: Clefable|44\/100|[from] item: Leftovers\n|-heal|p1a: Clefable|50\/100|[from] Grassy Terrain\n|upkeep\n|turn|71\n|\n|t:|1598868080\n|move|p1a: Clefable|Protect|p1a: Clefable\n|-singleturn|p1a: Clefable|Protect\n|move|p2a: Judge|Wood Hammer|p1a: Clefable\n|-activate|p1a: Clefable|move: Protect\n|\n|-heal|p2a: Judge|44\/100|[from] Grassy Terrain\n|-heal|p1a: Clefable|56\/100|[from] item: Leftovers\n|-heal|p1a: Clefable|62\/100|[from] Grassy Terrain\n|upkeep\n|turn|72\n|\n|t:|1598868085\n|switch|p1a: Celebi|Celebi|21\/100\n|move|p2a: Judge|Wood Hammer|p1a: Celebi\n|-resisted|p1a: Celebi\n|-damage|p1a: Celebi|0 fnt\n|-damage|p2a: Judge|36\/100|[from] Recoil\n|faint|p1a: Celebi\n|\n|-heal|p2a: Judge|42\/100|[from] Grassy Terrain\n|upkeep\n|\n|t:|1598868087\n|switch|p1a: Clefable|Clefable, F|62\/100\n|turn|73\n|\n|t:|1598868089\n|move|p1a: Clefable|Protect|p1a: Clefable\n|-singleturn|p1a: Clefable|Protect\n|move|p2a: Judge|Wood Hammer|p1a: Clefable\n|-activate|p1a: Clefable|move: Protect\n|\n|-heal|p2a: Judge|48\/100|[from] Grassy Terrain\n|-heal|p1a: Clefable|68\/100|[from] item: Leftovers\n|-heal|p1a: Clefable|74\/100|[from] Grassy Terrain\n|-fieldend|move: Grassy Terrain\n|upkeep\n|turn|74\n|\n|t:|1598868093\n|switch|p2a: Edgeworth|Urshifu, M|43\/100 par\n|move|p1a: Clefable|Wish|p1a: Clefable\n|\n|-heal|p1a: Clefable|80\/100|[from] item: Leftovers\n|upkeep\n|turn|75\n|\n|t:|1598868099\n|move|p1a: Clefable|Moonblast|p2a: Edgeworth\n|-supereffective|p2a: Edgeworth\n|-damage|p2a: Edgeworth|0 fnt\n|faint|p2a: Edgeworth\n|\n|-heal|p1a: Clefable|100\/100|[from] move: Wish|[wisher] Clefable\n|upkeep\n|\n|t:|1598868101\n|switch|p2a: Judge|Rillaboom, M|48\/100\n|-fieldstart|move: Grassy Terrain|[from] ability: Grassy Surge|[of] p2a: Judge\n|turn|76\n|\n|t:|1598868110\n|move|p2a: Judge|Wood Hammer|p1a: Clefable\n|-damage|p1a: Clefable|0 fnt\n|-damage|p2a: Judge|10\/100|[from] Recoil\n|faint|p1a: Clefable\n|\n|win|Fusien\n|raw|Commando 55's rating: 1870 &rarr; <strong>1843<\/strong><br \/>(-27 for losing)\n|raw|Fusien's rating: 1743 &rarr; <strong>1770<\/strong><br \/>(+27 for winning)\n|c|\u2606Fusien|Gg\n|c|\u2606Commando 55|Gg\n|l|\u2606Commando 55\n","uploadtime":1598868128,"views":128,"p1id":"commando55","p2id":"fusien","formatid":"gen8ou","rating":1770,"private":0,"password":null}