{"id":"gen8ou-1702616805","p1":"IIIodyne","p2":"Copland","format":"gen8ou","log":"|j|\u2606IIIodyne\n|j|\u2606Copland\n|t:|1667572485\n|gametype|singles\n|player|p1|IIIodyne|1|1743\n|player|p2|Copland|guitarist|1680\n|teamsize|p1|6\n|teamsize|p2|6\n|gen|8\n|tier|[Gen 8] OU\n|rated|\n|rule|Sleep Clause Mod: Limit one foe put to sleep\n|rule|Species Clause: Limit one of each Pok\u00e9mon\n|rule|OHKO Clause: OHKO moves are banned\n|rule|Evasion Items Clause: Evasion items are banned\n|rule|Evasion Moves Clause: Evasion moves are banned\n|rule|Endless Battle Clause: Forcing endless battles is banned\n|rule|HP Percentage Mod: HP is shown in percentages\n|rule|Dynamax Clause: You cannot dynamax\n|clearpoke\n|poke|p1|Snorlax, F|\n|poke|p1|Suicune|\n|poke|p1|Melmetal|\n|poke|p1|Victini|\n|poke|p1|Landorus-Therian, M|\n|poke|p1|Zapdos|\n|poke|p2|Torkoal, F|\n|poke|p2|Heatran, M|\n|poke|p2|Landorus-Therian, M|\n|poke|p2|Venusaur, M|\n|poke|p2|Mandibuzz, F|\n|poke|p2|Tapu Koko|\n|teampreview\n|inactive|Battle timer is ON: inactive players will automatically lose when time's up. (requested by IIIodyne)\n|\n|t:|1667572510\n|start\n|switch|p1a: Zapdos|Zapdos|100\/100\n|switch|p2a: Torkoal|Torkoal, F|100\/100\n|-weather|SunnyDay|[from] ability: Drought|[of] p2a: Torkoal\n|turn|1\n|\n|t:|1667572532\n|switch|p2a: Landorus|Landorus-Therian, M|100\/100\n|-ability|p2a: Landorus|Intimidate|boost\n|-unboost|p1a: Zapdos|atk|1\n|move|p1a: Zapdos|Heat Wave|p2a: Landorus\n|-damage|p2a: Landorus|63\/100\n|\n|-weather|SunnyDay|[upkeep]\n|-heal|p2a: Landorus|69\/100|[from] item: Leftovers\n|upkeep\n|turn|2\n|\n|t:|1667572541\n|move|p1a: Zapdos|Heat Wave|p2a: Landorus\n|-damage|p2a: Landorus|32\/100\n|move|p2a: Landorus|U-turn|p1a: Zapdos\n|-resisted|p1a: Zapdos\n|-damage|p1a: Zapdos|88\/100\n|-status|p2a: Landorus|par|[from] ability: Static|[of] p1a: Zapdos\n|\n|t:|1667572545\n|switch|p2a: Heatran|Heatran, M|100\/100|[from]move: U-turn\n|-item|p2a: Heatran|Air Balloon\n|\n|-weather|SunnyDay|[upkeep]\n|upkeep\n|turn|3\n|\n|t:|1667572549\n|switch|p1a: Snorlax|Snorlax, F|100\/100\n|move|p2a: Heatran|Eruption|p1a: Snorlax\n|-damage|p1a: Snorlax|74\/100\n|\n|-weather|SunnyDay|[upkeep]\n|-heal|p1a: Snorlax|80\/100|[from] item: Leftovers\n|upkeep\n|turn|4\n|j| sle7in\n|\n|t:|1667572554\n|move|p2a: Heatran|Taunt|p1a: Snorlax\n|-start|p1a: Snorlax|move: Taunt\n|move|p1a: Snorlax|Body Slam|p2a: Heatran\n|-resisted|p2a: Heatran\n|-damage|p2a: Heatran|85\/100\n|-enditem|p2a: Heatran|Air Balloon\n|\n|-weather|SunnyDay|[upkeep]\n|-heal|p1a: Snorlax|86\/100|[from] item: Leftovers\n|upkeep\n|turn|5\n|\n|t:|1667572562\n|switch|p2a: Tapu Koko|Tapu Koko|100\/100\n|-fieldstart|move: Electric Terrain|[from] ability: Electric Surge|[of] p2a: Tapu Koko\n|move|p1a: Snorlax|Body Slam|p2a: Tapu Koko\n|-damage|p2a: Tapu Koko|60\/100\n|\n|-weather|SunnyDay|[upkeep]\n|-heal|p1a: Snorlax|92\/100|[from] item: Leftovers\n|upkeep\n|turn|6\n|\n|t:|1667572567\n|switch|p2a: Venusaur|Venusaur, M|100\/100\n|move|p1a: Snorlax|Body Slam|p2a: Venusaur\n|-damage|p2a: Venusaur|58\/100\n|\n|-weather|SunnyDay|[upkeep]\n|-heal|p1a: Snorlax|98\/100|[from] item: Leftovers\n|-end|p1a: Snorlax|move: Taunt\n|upkeep\n|turn|7\n|\n|t:|1667572570\n|move|p2a: Venusaur|Growth|p2a: Venusaur\n|-boost|p2a: Venusaur|atk|2\n|-boost|p2a: Venusaur|spa|2\n|move|p1a: Snorlax|Heat Crash|p2a: Venusaur\n|-supereffective|p2a: Venusaur\n|-damage|p2a: Venusaur|0 fnt\n|faint|p2a: Venusaur\n|\n|-weather|SunnyDay|[upkeep]\n|-heal|p1a: Snorlax|100\/100|[from] item: Leftovers\n|upkeep\n|-message|Copland forfeited.\n|\n|win|IIIodyne\n|raw|IIIodyne's rating: 1743 &rarr; <strong>1759<\/strong><br \/>(+16 for winning)\n|raw|Copland's rating: 1680 &rarr; <strong>1664<\/strong><br \/>(-16 for losing)\n|l|\u2606Copland\n","uploadtime":1667572579,"views":4,"p1id":"iiiodyne","p2id":"copland","formatid":"gen8ou","rating":1664,"private":0,"password":null}