{"id":"gen8ou-1703345748","p1":"minimax_ai","p2":"iopkj09","format":"gen8ou","log":"|j|\u203dminimax_ai\n|j|\u2606iopkj09\n|t:|1667652756\n|gametype|singles\n|player|p1|minimax_ai|169|1577\n|player|p2|iopkj09|nate|1535\n|teamsize|p1|6\n|teamsize|p2|6\n|gen|8\n|tier|[Gen 8] OU\n|rated|\n|rule|Sleep Clause Mod: Limit one foe put to sleep\n|rule|Species Clause: Limit one of each Pok\u00e9mon\n|rule|OHKO Clause: OHKO moves are banned\n|rule|Evasion Items Clause: Evasion items are banned\n|rule|Evasion Moves Clause: Evasion moves are banned\n|rule|Endless Battle Clause: Forcing endless battles is banned\n|rule|HP Percentage Mod: HP is shown in percentages\n|rule|Dynamax Clause: You cannot dynamax\n|clearpoke\n|poke|p1|Rotom-Wash|\n|poke|p1|Weavile, M|\n|poke|p1|Landorus-Therian, M|\n|poke|p1|Heatran, M|\n|poke|p1|Tangrowth, F|\n|poke|p1|Melmetal|\n|poke|p2|Garchomp, M|\n|poke|p2|Zapdos|\n|poke|p2|Rillaboom, M|\n|poke|p2|Tapu Lele|\n|poke|p2|Volcanion|\n|poke|p2|Weavile, F|\n|teampreview\n|inactive|Battle timer is ON: inactive players will automatically lose when time's up. (requested by iopkj09)\n|inactive|minimax_ai also wants the timer to be on.\n|\n|t:|1667652762\n|start\n|switch|p1a: Melmetal|Melmetal|100\/100\n|switch|p2a: Volcanion|Volcanion|100\/100\n|turn|1\n|\n|t:|1667652768\n|switch|p1a: Rotom|Rotom-Wash|100\/100\n|move|p2a: Volcanion|Steam Eruption|p1a: Rotom\n|-resisted|p1a: Rotom\n|-damage|p1a: Rotom|68\/100\n|\n|-heal|p1a: Rotom|74\/100|[from] item: Leftovers\n|upkeep\n|turn|2\n|\n|t:|1667652778\n|move|p1a: Rotom|Pain Split|p2a: Volcanion\n|-sethp|p2a: Volcanion|81\/100|[from] move: Pain Split|[silent]\n|-sethp|p1a: Rotom|97\/100|[from] move: Pain Split\n|move|p2a: Volcanion|Steam Eruption|p1a: Rotom\n|-resisted|p1a: Rotom\n|-damage|p1a: Rotom|66\/100\n|\n|-heal|p1a: Rotom|72\/100|[from] item: Leftovers\n|upkeep\n|turn|3\n|\n|t:|1667652781\n|move|p1a: Rotom|Pain Split|p2a: Volcanion\n|-sethp|p2a: Volcanion|71\/100|[from] move: Pain Split|[silent]\n|-sethp|p1a: Rotom|84\/100|[from] move: Pain Split\n|move|p2a: Volcanion|Steam Eruption|p1a: Rotom\n|-resisted|p1a: Rotom\n|-damage|p1a: Rotom|54\/100\n|\n|-heal|p1a: Rotom|60\/100|[from] item: Leftovers\n|upkeep\n|turn|4\n|\n|t:|1667652785\n|move|p1a: Rotom|Pain Split|p2a: Volcanion\n|-sethp|p2a: Volcanion|60\/100|[from] move: Pain Split|[silent]\n|-sethp|p1a: Rotom|72\/100|[from] move: Pain Split\n|move|p2a: Volcanion|Steam Eruption|p1a: Rotom\n|-resisted|p1a: Rotom\n|-damage|p1a: Rotom|44\/100\n|\n|-heal|p1a: Rotom|50\/100|[from] item: Leftovers\n|upkeep\n|turn|5\n|\n|t:|1667652787\n|move|p1a: Rotom|Pain Split|p2a: Volcanion\n|-sethp|p2a: Volcanion|51\/100|[from] move: Pain Split|[silent]\n|-sethp|p1a: Rotom|61\/100|[from] move: Pain Split\n|move|p2a: Volcanion|Steam Eruption|p1a: Rotom\n|-resisted|p1a: Rotom\n|-damage|p1a: Rotom|30\/100\n|-status|p1a: Rotom|brn\n|\n|-heal|p1a: Rotom|37\/100 brn|[from] item: Leftovers\n|-damage|p1a: Rotom|30\/100 brn|[from] brn\n|upkeep\n|turn|6\n|\n|t:|1667652790\n|switch|p2a: Garchomp|Garchomp, M, shiny|100\/100\n|move|p1a: Rotom|Pain Split|p2a: Garchomp\n|-sethp|p2a: Garchomp|63\/100|[from] move: Pain Split|[silent]\n|-sethp|p1a: Rotom|74\/100 brn|[from] move: Pain Split\n|\n|-heal|p1a: Rotom|80\/100 brn|[from] item: Leftovers\n|-damage|p1a: Rotom|74\/100 brn|[from] brn\n|upkeep\n|turn|7\n|\n|t:|1667652793\n|switch|p1a: Landorus|Landorus-Therian, M|100\/100\n|-ability|p1a: Landorus|Intimidate|boost\n|-unboost|p2a: Garchomp|atk|1\n|move|p2a: Garchomp|Outrage|p1a: Landorus\n|-damage|p1a: Landorus|62\/100\n|\n|-heal|p1a: Landorus|68\/100|[from] item: Leftovers\n|upkeep\n|turn|8\n|\n|t:|1667652795\n|move|p2a: Garchomp|Outrage|p1a: Landorus|[from]lockedmove\n|-damage|p1a: Landorus|27\/100\n|move|p1a: Landorus|Earthquake|p2a: Garchomp\n|-crit|p2a: Garchomp\n|-damage|p2a: Garchomp|0 fnt\n|faint|p2a: Garchomp\n|\n|-heal|p1a: Landorus|33\/100|[from] item: Leftovers\n|upkeep\n|\n|t:|1667652815\n|switch|p2a: Zapdos|Zapdos, shiny|100\/100\n|turn|9\n|\n|t:|1667652817\n|switch|p1a: Melmetal|Melmetal|100\/100\n|move|p2a: Zapdos|Hurricane|p1a: Melmetal\n|-resisted|p1a: Melmetal\n|-damage|p1a: Melmetal|86\/100\n|-start|p1a: Melmetal|confusion\n|\n|upkeep\n|turn|10\n|\n|t:|1667652819\n|move|p2a: Zapdos|Heat Wave|p1a: Melmetal\n|-supereffective|p1a: Melmetal\n|-damage|p1a: Melmetal|53\/100\n|-activate|p1a: Melmetal|confusion\n|move|p1a: Melmetal|Double Iron Bash|p2a: Zapdos\n|-resisted|p2a: Zapdos\n|-damage|p2a: Zapdos|78\/100\n|-status|p1a: Melmetal|par|[from] ability: Static|[of] p2a: Zapdos\n|-resisted|p2a: Zapdos\n|-damage|p2a: Zapdos|55\/100\n|-hitcount|p2a: Zapdos|2\n|\n|upkeep\n|turn|11\n|\n|t:|1667652822\n|move|p2a: Zapdos|Heat Wave|p1a: Melmetal|[miss]\n|-miss|p2a: Zapdos|p1a: Melmetal\n|-activate|p1a: Melmetal|confusion\n|-damage|p1a: Melmetal|44\/100 par|[from] confusion\n|\n|upkeep\n|turn|12\n|\n|t:|1667652824\n|move|p2a: Zapdos|Heat Wave|p1a: Melmetal\n|-supereffective|p1a: Melmetal\n|-damage|p1a: Melmetal|10\/100 par\n|-activate|p1a: Melmetal|confusion\n|cant|p1a: Melmetal|par\n|\n|upkeep\n|turn|13\n|\n|t:|1667652827\n|move|p2a: Zapdos|Heat Wave|p1a: Melmetal\n|-supereffective|p1a: Melmetal\n|-damage|p1a: Melmetal|0 fnt\n|faint|p1a: Melmetal\n|\n|upkeep\n|\n|t:|1667652827\n|switch|p1a: Weavile|Weavile, M|100\/100\n|-ability|p1a: Weavile|Pressure\n|turn|14\n|\n|t:|1667652830\n|switch|p2a: Volcanion|Volcanion|51\/100\n|move|p1a: Weavile|Knock Off|p2a: Volcanion\n|-damage|p2a: Volcanion|0 fnt\n|-enditem|p2a: Volcanion|Assault Vest|[from] move: Knock Off|[of] p1a: Weavile\n|faint|p2a: Volcanion\n|\n|upkeep\n|\n|t:|1667652835\n|switch|p2a: Rillaboom|Rillaboom, M|100\/100\n|-fieldstart|move: Grassy Terrain|[from] ability: Grassy Surge|[of] p2a: Rillaboom\n|turn|15\n|\n|t:|1667652837\n|switch|p1a: Tangrowth|Tangrowth, F|100\/100\n|move|p2a: Rillaboom|Swords Dance|p2a: Rillaboom\n|-boost|p2a: Rillaboom|atk|2\n|\n|upkeep\n|turn|16\n|\n|t:|1667652839\n|move|p2a: Rillaboom|Swords Dance|p2a: Rillaboom\n|-boost|p2a: Rillaboom|atk|2\n|move|p1a: Tangrowth|Knock Off|p2a: Rillaboom\n|-damage|p2a: Rillaboom|75\/100\n|-enditem|p2a: Rillaboom|Life Orb|[from] move: Knock Off|[of] p1a: Tangrowth\n|\n|-heal|p2a: Rillaboom|81\/100|[from] Grassy Terrain\n|upkeep\n|turn|17\n|\n|t:|1667652840\n|move|p2a: Rillaboom|Swords Dance|p2a: Rillaboom\n|-boost|p2a: Rillaboom|atk|2\n|move|p1a: Tangrowth|Giga Drain|p2a: Rillaboom\n|-resisted|p2a: Rillaboom\n|-damage|p2a: Rillaboom|58\/100\n|\n|-heal|p2a: Rillaboom|64\/100|[from] Grassy Terrain\n|upkeep\n|turn|18\n|\n|t:|1667652842\n|switch|p1a: Landorus|Landorus-Therian, M|33\/100\n|-ability|p1a: Landorus|Intimidate|boost\n|-unboost|p2a: Rillaboom|atk|1\n|move|p2a: Rillaboom|Superpower|p1a: Landorus\n|-resisted|p1a: Landorus\n|-damage|p1a: Landorus|0 fnt\n|-unboost|p2a: Rillaboom|atk|1\n|-unboost|p2a: Rillaboom|def|1\n|faint|p1a: Landorus\n|\n|-heal|p2a: Rillaboom|70\/100|[from] Grassy Terrain\n|upkeep\n|\n|t:|1667652842\n|switch|p1a: Heatran|Heatran, M|100\/100\n|-item|p1a: Heatran|Air Balloon\n|turn|19\n|\n|t:|1667652844\n|move|p2a: Rillaboom|Superpower|p1a: Heatran\n|-supereffective|p1a: Heatran\n|-damage|p1a: Heatran|0 fnt\n|-unboost|p2a: Rillaboom|atk|1\n|-unboost|p2a: Rillaboom|def|1\n|-enditem|p1a: Heatran|Air Balloon\n|faint|p1a: Heatran\n|\n|-heal|p2a: Rillaboom|76\/100|[from] Grassy Terrain\n|-fieldend|move: Grassy Terrain\n|upkeep\n|\n|t:|1667652844\n|switch|p1a: Weavile|Weavile, M|100\/100\n|-ability|p1a: Weavile|Pressure\n|turn|20\n|\n|t:|1667652848\n|switch|p2a: Zapdos|Zapdos, shiny|55\/100\n|move|p1a: Weavile|Knock Off|p2a: Zapdos\n|-damage|p2a: Zapdos|0 fnt\n|-enditem|p2a: Zapdos|Wide Lens|[from] move: Knock Off|[of] p1a: Weavile\n|faint|p2a: Zapdos\n|\n|upkeep\n|\n|t:|1667652852\n|switch|p2a: Rillaboom|Rillaboom, M|76\/100\n|-fieldstart|move: Grassy Terrain|[from] ability: Grassy Surge|[of] p2a: Rillaboom\n|turn|21\n|\n|t:|1667652858\n|switch|p1a: Tangrowth|Tangrowth, F|100\/100\n|move|p2a: Rillaboom|Grassy Glide|p1a: Tangrowth\n|-resisted|p1a: Tangrowth\n|-damage|p1a: Tangrowth|88\/100\n|-damage|p2a: Rillaboom|60\/100|[from] item: Rocky Helmet|[of] p1a: Tangrowth\n|\n|-heal|p2a: Rillaboom|66\/100|[from] Grassy Terrain\n|-heal|p1a: Tangrowth|94\/100|[from] Grassy Terrain\n|upkeep\n|turn|22\n|\n|t:|1667652860\n|move|p2a: Rillaboom|Grassy Glide|p1a: Tangrowth\n|-resisted|p1a: Tangrowth\n|-damage|p1a: Tangrowth|82\/100\n|-damage|p2a: Rillaboom|49\/100|[from] item: Rocky Helmet|[of] p1a: Tangrowth\n|move|p1a: Tangrowth|Sleep Powder|p2a: Rillaboom\n|-immune|p2a: Rillaboom\n|\n|-heal|p2a: Rillaboom|55\/100|[from] Grassy Terrain\n|-heal|p1a: Tangrowth|89\/100|[from] Grassy Terrain\n|upkeep\n|turn|23\n|\n|t:|1667652863\n|move|p2a: Rillaboom|Swords Dance|p2a: Rillaboom\n|-boost|p2a: Rillaboom|atk|2\n|move|p1a: Tangrowth|Giga Drain|p2a: Rillaboom\n|-resisted|p2a: Rillaboom\n|-damage|p2a: Rillaboom|31\/100\n|-heal|p1a: Tangrowth|99\/100|[from] drain|[of] p2a: Rillaboom\n|\n|-heal|p2a: Rillaboom|37\/100|[from] Grassy Terrain\n|-heal|p1a: Tangrowth|100\/100|[from] Grassy Terrain\n|upkeep\n|turn|24\n|\n|t:|1667652866\n|move|p2a: Rillaboom|Swords Dance|p2a: Rillaboom\n|-boost|p2a: Rillaboom|atk|2\n|move|p1a: Tangrowth|Sleep Powder|p2a: Rillaboom\n|-immune|p2a: Rillaboom\n|\n|-heal|p2a: Rillaboom|43\/100|[from] Grassy Terrain\n|upkeep\n|turn|25\n|\n|t:|1667652868\n|move|p2a: Rillaboom|Swords Dance|p2a: Rillaboom\n|-boost|p2a: Rillaboom|atk|2\n|move|p1a: Tangrowth|Focus Blast|p2a: Rillaboom\n|-damage|p2a: Rillaboom|0 fnt\n|faint|p2a: Rillaboom\n|\n|-fieldend|move: Grassy Terrain\n|upkeep\n|\n|t:|1667652873\n|switch|p2a: Tapu Lele|Tapu Lele|100\/100\n|-fieldstart|move: Psychic Terrain|[from] ability: Psychic Surge|[of] p2a: Tapu Lele\n|turn|26\n|\n|t:|1667652874\n|switch|p1a: Rotom|Rotom-Wash|74\/100 brn\n|move|p2a: Tapu Lele|Moonblast|p1a: Rotom\n|-damage|p1a: Rotom|0 fnt\n|faint|p1a: Rotom\n|\n|upkeep\n|\n|t:|1667652875\n|switch|p1a: Weavile|Weavile, M|100\/100\n|-ability|p1a: Weavile|Pressure\n|turn|27\n|\n|t:|1667652877\n|move|p1a: Weavile|Knock Off|p2a: Tapu Lele\n|-damage|p2a: Tapu Lele|0 fnt\n|-enditem|p2a: Tapu Lele|Choice Specs|[from] move: Knock Off|[of] p1a: Weavile\n|faint|p2a: Tapu Lele\n|\n|upkeep\n|\n|t:|1667652879\n|switch|p2a: Weavile|Weavile, F|100\/100\n|-ability|p2a: Weavile|Pressure\n|turn|28\n|\n|t:|1667652881\n|move|p1a: Weavile|Knock Off|p2a: Weavile\n|-resisted|p2a: Weavile\n|-damage|p2a: Weavile|39\/100\n|-enditem|p2a: Weavile|Focus Sash|[from] move: Knock Off|[of] p1a: Weavile\n|move|p2a: Weavile|Swords Dance|p2a: Weavile\n|-boost|p2a: Weavile|atk|2\n|\n|upkeep\n|turn|29\n|\n|t:|1667652884\n|move|p1a: Weavile|Knock Off|p2a: Weavile\n|-resisted|p2a: Weavile\n|-damage|p2a: Weavile|0 fnt\n|faint|p2a: Weavile\n|\n|win|minimax_ai\n|raw|minimax_ai's rating: 1577 &rarr; <strong>1595<\/strong><br \/>(+18 for winning)\n|raw|iopkj09's rating: 1535 &rarr; <strong>1517<\/strong><br \/>(-18 for losing)\n","uploadtime":1667652885,"views":5,"p1id":"minimaxai","p2id":"iopkj09","formatid":"gen8ou","rating":1517,"private":0,"password":null}