{"id":"gen8ou-1648718203","p1":"LT94JE 33321","p2":"bramitoboy","format":"gen8ou","log":"|raw|<div class=\"broadcast-blue\"><strong>This battle is required to be public due to a player having a name starting with 'lt94je'.<\/div>\n|j|\u2606LT94JE 33321\n|j|\u2606bramitoboy\n|t:|1661520601\n|gametype|singles\n|player|p1|LT94JE 33321|az|1872\n|player|p2|bramitoboy|1|1992\n|teamsize|p1|6\n|teamsize|p2|6\n|gen|8\n|tier|[Gen 8] OU\n|rated|\n|rule|Sleep Clause Mod: Limit one foe put to sleep\n|rule|Species Clause: Limit one of each Pok\u00e9mon\n|rule|OHKO Clause: OHKO moves are banned\n|rule|Evasion Items Clause: Evasion items are banned\n|rule|Evasion Moves Clause: Evasion moves are banned\n|rule|Endless Battle Clause: Forcing endless battles is banned\n|rule|HP Percentage Mod: HP is shown in percentages\n|rule|Dynamax Clause: You cannot dynamax\n|clearpoke\n|poke|p1|Kartana|\n|poke|p1|Tapu Lele|\n|poke|p1|Blissey, F|\n|poke|p1|Landorus-Therian, M|\n|poke|p1|Toxapex, M|\n|poke|p1|Zapdos|\n|poke|p2|Zarude-Dada|\n|poke|p2|Keldeo-Resolute|\n|poke|p2|Tapu Lele|\n|poke|p2|Tapu Koko|\n|poke|p2|Heatran, F|\n|poke|p2|Landorus-Therian, M|\n|teampreview\n|inactive|Battle timer is ON: inactive players will automatically lose when time's up. (requested by LT94JE 33321)\n|j| HereForFrens\n|j| LT94je pj\n|j| Gwaaarn\n|\n|t:|1661520640\n|start\n|switch|p1a: Tapu Lele|Tapu Lele|100\/100\n|switch|p2a: Tapu Koko|Tapu Koko|100\/100\n|-fieldstart|move: Electric Terrain|[from] ability: Electric Surge|[of] p2a: Tapu Koko\n|-fieldstart|move: Psychic Terrain|[from] ability: Psychic Surge|[of] p1a: Tapu Lele\n|turn|1\n|j| ufjrjtjjtkt\n|l| LT94je pj\n|\n|t:|1661520647\n|move|p2a: Tapu Koko|Volt Switch|p1a: Tapu Lele\n|-damage|p1a: Tapu Lele|64\/100\n|\n|t:|1661520651\n|switch|p2a: Tapu Lele|Tapu Lele|100\/100|[from]move: Volt Switch\n|move|p1a: Tapu Lele|Psychic|p2a: Tapu Lele\n|-resisted|p2a: Tapu Lele\n|-damage|p2a: Tapu Lele|68\/100\n|\n|upkeep\n|turn|2\n|\n|t:|1661520661\n|move|p1a: Tapu Lele|Psychic|p2a: Tapu Lele\n|-resisted|p2a: Tapu Lele\n|-damage|p2a: Tapu Lele|37\/100\n|move|p2a: Tapu Lele|Psyshock|p1a: Tapu Lele\n|-resisted|p1a: Tapu Lele\n|-damage|p1a: Tapu Lele|14\/100\n|\n|upkeep\n|turn|3\n|\n|t:|1661520667\n|switch|p1a: Blissey|Blissey, F|100\/100\n|move|p2a: Tapu Lele|Moonblast|p1a: Blissey\n|-damage|p1a: Blissey|81\/100\n|-unboost|p1a: Blissey|spa|1\n|\n|upkeep\n|turn|4\n|j| Haricote\n|\n|t:|1661520670\n|move|p2a: Tapu Lele|Psyshock|p1a: Blissey\n|-damage|p1a: Blissey|27\/100\n|move|p1a: Blissey|Stealth Rock|p2a: Tapu Lele\n|-sidestart|p2: bramitoboy|move: Stealth Rock\n|\n|upkeep\n|turn|5\n|\n|t:|1661520674\n|switch|p1a: Landorus|Landorus-Therian, M|100\/100\n|-ability|p1a: Landorus|Intimidate|boost\n|-unboost|p2a: Tapu Lele|atk|1\n|move|p2a: Tapu Lele|Psyshock|p1a: Landorus\n|-damage|p1a: Landorus|39\/100\n|\n|-heal|p1a: Landorus|45\/100|[from] item: Leftovers\n|-fieldend|move: Psychic Terrain\n|upkeep\n|turn|6\n|\n|t:|1661520682\n|move|p2a: Tapu Lele|Moonblast|p1a: Landorus\n|-damage|p1a: Landorus|0 fnt\n|faint|p1a: Landorus\n|\n|upkeep\n|-message|LT94JE 33321 forfeited.\n|\n|win|bramitoboy\n|raw|LT94JE 33321's rating: 1872 &rarr; <strong>1859<\/strong><br \/>(-13 for losing)\n|raw|bramitoboy's rating: 1992 &rarr; <strong>2005<\/strong><br \/>(+13 for winning)\n|l|\u2606LT94JE 33321\n|l|\u2606bramitoboy\n|l| ufjrjtjjtkt\n|l| HereForFrens\n","uploadtime":1661520698,"views":67,"p1id":"lt94je33321","p2id":"bramitoboy","formatid":"gen8ou","rating":1859,"private":0,"password":null}