{"id":"gen8ou-1649312262","p1":"LT94JE Liou","p2":"HOF69","format":"gen8ou","log":"|raw|<div class=\"broadcast-blue\"><strong>This battle is required to be public due to a player having a name starting with 'lt94je'.<\/div>\n|j|\u203dLT94JE Liou\n|j|\u2606HOF69\n|t:|1661576941\n|gametype|singles\n|player|p1|LT94JE Liou|lance-masters|1951\n|player|p2|HOF69|red|1825\n|teamsize|p1|6\n|teamsize|p2|6\n|gen|8\n|tier|[Gen 8] OU\n|rated|\n|rule|Sleep Clause Mod: Limit one foe put to sleep\n|rule|Species Clause: Limit one of each Pok\u00e9mon\n|rule|OHKO Clause: OHKO moves are banned\n|rule|Evasion Items Clause: Evasion items are banned\n|rule|Evasion Moves Clause: Evasion moves are banned\n|rule|Endless Battle Clause: Forcing endless battles is banned\n|rule|HP Percentage Mod: HP is shown in percentages\n|rule|Dynamax Clause: You cannot dynamax\n|clearpoke\n|poke|p1|Slowking, F|\n|poke|p1|Buzzwole|\n|poke|p1|Garchomp, F|\n|poke|p1|Tornadus-Therian, M|\n|poke|p1|Melmetal|\n|poke|p1|Tapu Koko|\n|poke|p2|Blacephalon|\n|poke|p2|Gengar, M|\n|poke|p2|Krookodile, M|\n|poke|p2|Landorus-Therian, M|\n|poke|p2|Kartana|\n|poke|p2|Tapu Lele|\n|teampreview\n|inactive|Battle timer is ON: inactive players will automatically lose when time's up. (requested by LT94JE Liou)\n|j| full sends only\n|j| lt94je nick\n|j| Im_Lucki\n|j| LT94JE Tace\n|inactive|LT94JE Liou has 120 seconds left.\n|l| Im_Lucki\n|j| estindo\n|inactive|LT94JE Liou has 90 seconds left.\n|\n|t:|1661577025\n|start\n|switch|p1a: Tornadus|Tornadus-Therian, M|100\/100\n|switch|p2a: Krookodile|Krookodile, M|100\/100\n|-ability|p2a: Krookodile|Intimidate|boost\n|-unboost|p1a: Tornadus|atk|1\n|turn|1\n|\n|t:|1661577037\n|move|p1a: Tornadus|Heat Wave|p2a: Krookodile|[miss]\n|-miss|p1a: Tornadus|p2a: Krookodile\n|move|p2a: Krookodile|Stealth Rock|p1a: Tornadus\n|-sidestart|p1: LT94JE Liou|move: Stealth Rock\n|\n|upkeep\n|turn|2\n|\n|t:|1661577041\n|move|p1a: Tornadus|Defog|p2a: Krookodile\n|-unboost|p2a: Krookodile|evasion|1\n|-sideend|p1: LT94JE Liou|Stealth Rock|[from] move: Defog|[of] p1a: Tornadus\n|move|p2a: Krookodile|Knock Off|p1a: Tornadus\n|-damage|p1a: Tornadus|52\/100\n|-enditem|p1a: Tornadus|Heavy-Duty Boots|[from] move: Knock Off|[of] p2a: Krookodile\n|\n|upkeep\n|turn|3\n|\n|t:|1661577045\n|move|p1a: Tornadus|U-turn|p2a: Krookodile\n|-supereffective|p2a: Krookodile\n|-damage|p2a: Krookodile|76\/100\n|\n|t:|1661577059\n|switch|p1a: Tapu Koko|Tapu Koko|100\/100|[from]move: U-turn\n|-fieldstart|move: Electric Terrain|[from] ability: Electric Surge|[of] p1a: Tapu Koko\n|move|p2a: Krookodile|Stealth Rock|p1a: Tapu Koko\n|-sidestart|p1: LT94JE Liou|move: Stealth Rock\n|\n|upkeep\n|turn|4\n|\n|t:|1661577078\n|move|p1a: Tapu Koko|Dazzling Gleam|p2a: Krookodile\n|-supereffective|p2a: Krookodile\n|-damage|p2a: Krookodile|0 fnt\n|faint|p2a: Krookodile\n|\n|upkeep\n|\n|t:|1661577086\n|switch|p2a: Landorus|Landorus-Therian, M|100\/100\n|-ability|p2a: Landorus|Intimidate|boost\n|-unboost|p1a: Tapu Koko|atk|1\n|turn|5\n|j| VxLor\n|l| estindo\n|l| VxLor\n|inactive|LT94JE Liou has 120 seconds left.\n|\n|t:|1661577142\n|move|p1a: Tapu Koko|Nature's Madness|p2a: Landorus\n|-damage|p2a: Landorus|50\/100\n|move|p2a: Landorus|U-turn|p1a: Tapu Koko\n|-resisted|p1a: Tapu Koko\n|-damage|p1a: Tapu Koko|83\/100\n|\n|t:|1661577156\n|switch|p2a: Kartana|Kartana|100\/100|[from]move: U-turn\n|\n|upkeep\n|turn|6\n|\n|t:|1661577164\n|move|p1a: Tapu Koko|Volt Switch|p2a: Kartana\n|-resisted|p2a: Kartana\n|-damage|p2a: Kartana|42\/100\n|inactive|LT94JE Liou has 90 seconds left.\n|\n|t:|1661577189\n|switch|p1a: Tornadus|Tornadus-Therian, M|85\/100|[from]move: Volt Switch\n|-damage|p1a: Tornadus|60\/100|[from] Stealth Rock\n|move|p2a: Kartana|Knock Off|p1a: Tornadus\n|-damage|p1a: Tornadus|30\/100\n|\n|upkeep\n|turn|7\n|inactive|LT94JE Liou has 90 seconds left.\n|j| 10 Misery nights\n|l| full sends only\n|\n|t:|1661577207\n|move|p1a: Tornadus|Defog|p2a: Kartana\n|-unboost|p2a: Kartana|evasion|1\n|-sideend|p1: LT94JE Liou|Stealth Rock|[from] move: Defog|[of] p1a: Tornadus\n|-fieldend|move: Electric Terrain\n|move|p2a: Kartana|Knock Off|p1a: Tornadus\n|-damage|p1a: Tornadus|1\/100\n|\n|upkeep\n|turn|8\n|-message|HOF69 forfeited.\n|\n|win|LT94JE Liou\n|raw|LT94JE Liou's rating: 1951 &rarr; <strong>1964<\/strong><br \/>(+13 for winning)\n|raw|HOF69's rating: 1825 &rarr; <strong>1812<\/strong><br \/>(-13 for losing)\n|l|\u2606HOF69\n|l| LT94JE Tace\n|l| 10 Misery nights\n|j| LT94JE PalletHero\n|l| lt94je nick\n|l| LT94JE PalletHero\n|l|\u203dLT94JE Liou\n","uploadtime":1661577637,"views":92,"p1id":"lt94jeliou","p2id":"hof69","formatid":"gen8ou","rating":1812,"private":0,"password":null}