{"id":"gen8ou-1247370451","p1":"Corumba","p2":"im off the sea men","format":"gen8ou","log":"|j|\u2606Corumba\n|j|\u2606im off the sea men\n|t:|1608496377\n|player|p1|Corumba|schoolkid-gen4|1603\n|player|p2|im off the sea men|burglar|1653\n|teamsize|p1|6\n|teamsize|p2|6\n|gametype|singles\n|gen|8\n|tier|[Gen 8] OU\n|rated|\n|clearpoke\n|poke|p1|Tangrowth, M|\n|poke|p1|Slowking-Galar, F|\n|poke|p1|Tyranitar, M|\n|poke|p1|Excadrill, M|\n|poke|p1|Tornadus-Therian, M|\n|poke|p1|Garchomp, M|\n|poke|p2|Excadrill, M|\n|poke|p2|Kartana|\n|poke|p2|Tyranitar, M|\n|poke|p2|Toxapex, F|\n|poke|p2|Zapdos|\n|poke|p2|Garchomp, M|\n|rule|Sleep Clause Mod: Limit one foe put to sleep\n|rule|Species Clause: Limit one of each Pok\u00e9mon\n|rule|OHKO Clause: OHKO moves are banned\n|rule|Evasion Moves Clause: Evasion moves are banned\n|rule|Endless Battle Clause: Forcing endless battles is banned\n|rule|HP Percentage Mod: HP is shown in percentages\n|rule|Dynamax Clause: You cannot dynamax\n|teampreview\n|\n|t:|1608496393\n|start\n|switch|p1a: Tangrowth|Tangrowth, M|100\/100\n|switch|p2a: Toxapex|Toxapex, F|100\/100\n|turn|1\n|\n|t:|1608496401\n|move|p1a: Tangrowth|Sleep Powder|p2a: Toxapex\n|-status|p2a: Toxapex|slp|[from] move: Sleep Powder\n|cant|p2a: Toxapex|slp\n|\n|upkeep\n|turn|2\n|\n|t:|1608496405\n|switch|p2a: Tyranitar|Tyranitar, M|100\/100\n|-weather|Sandstorm|[from] ability: Sand Stream|[of] p2a: Tyranitar\n|move|p1a: Tangrowth|Knock Off|p2a: Tyranitar\n|-resisted|p2a: Tyranitar\n|-damage|p2a: Tyranitar|92\/100\n|-enditem|p2a: Tyranitar|Smooth Rock|[from] move: Knock Off|[of] p1a: Tangrowth\n|\n|-weather|Sandstorm|[upkeep]\n|-damage|p1a: Tangrowth|94\/100|[from] Sandstorm\n|upkeep\n|turn|3\n|\n|t:|1608496424\n|switch|p1a: Garchomp|Garchomp, M|100\/100\n|move|p2a: Tyranitar|Stealth Rock|p1a: Garchomp\n|-sidestart|p1: Corumba|move: Stealth Rock\n|\n|-weather|Sandstorm|[upkeep]\n|upkeep\n|turn|4\n|\n|t:|1608496438\n|switch|p2a: Zapdos|Zapdos|100\/100\n|move|p1a: Garchomp|Toxic|p2a: Zapdos\n|-status|p2a: Zapdos|tox\n|\n|-weather|Sandstorm|[upkeep]\n|-damage|p2a: Zapdos|94\/100 tox|[from] Sandstorm\n|-damage|p2a: Zapdos|88\/100 tox|[from] psn\n|upkeep\n|turn|5\n|\n|t:|1608496446\n|switch|p2a: Garchomp|Garchomp, M|100\/100\n|move|p1a: Garchomp|Roar|p2a: Garchomp\n|drag|p2a: Zapdos|Zapdos|88\/100 tox\n|\n|-weather|Sandstorm|[upkeep]\n|-damage|p2a: Zapdos|82\/100 tox|[from] Sandstorm\n|-damage|p2a: Zapdos|76\/100 tox|[from] psn\n|upkeep\n|turn|6\n|\n|t:|1608496454\n|switch|p1a: Tyranitar|Tyranitar, M|100\/100\n|-damage|p1a: Tyranitar|88\/100|[from] Stealth Rock\n|move|p2a: Zapdos|Hurricane|p1a: Tyranitar\n|-resisted|p1a: Tyranitar\n|-damage|p1a: Tyranitar|79\/100\n|-start|p1a: Tyranitar|confusion\n|\n|-weather|Sandstorm|[upkeep]\n|-damage|p2a: Zapdos|70\/100 tox|[from] Sandstorm\n|-heal|p1a: Tyranitar|85\/100|[from] item: Leftovers\n|-damage|p2a: Zapdos|58\/100 tox|[from] psn\n|upkeep\n|turn|7\n|\n|t:|1608496461\n|switch|p2a: Garchomp|Garchomp, M|100\/100\n|-activate|p1a: Tyranitar|confusion\n|move|p1a: Tyranitar|Stealth Rock|p2a: Garchomp\n|-sidestart|p2: im off the sea men|move: Stealth Rock\n|\n|-weather|Sandstorm|[upkeep]\n|-heal|p1a: Tyranitar|91\/100|[from] item: Leftovers\n|upkeep\n|turn|8\n|\n|t:|1608496469\n|move|p2a: Garchomp|Substitute|p2a: Garchomp\n|-start|p2a: Garchomp|Substitute\n|-damage|p2a: Garchomp|76\/100\n|-activate|p1a: Tyranitar|confusion\n|move|p1a: Tyranitar|Toxic|p2a: Garchomp|[miss]\n|-miss|p1a: Tyranitar|p2a: Garchomp\n|\n|-weather|Sandstorm|[upkeep]\n|-heal|p1a: Tyranitar|98\/100|[from] item: Leftovers\n|upkeep\n|turn|9\n|\n|t:|1608496479\n|move|p2a: Garchomp|Swords Dance|p2a: Garchomp\n|-boost|p2a: Garchomp|atk|2\n|-activate|p1a: Tyranitar|confusion\n|-damage|p1a: Tyranitar|88\/100|[from] confusion\n|\n|-weather|none\n|-heal|p1a: Tyranitar|94\/100|[from] item: Leftovers\n|upkeep\n|turn|10\n|c|\u2606Corumba|lucky dog\n|\n|t:|1608496493\n|switch|p1a: Tangrowth|Tangrowth, M|100\/100\n|-damage|p1a: Tangrowth|88\/100|[from] Stealth Rock\n|move|p2a: Garchomp|Earthquake|p1a: Tangrowth\n|-resisted|p1a: Tangrowth\n|-crit|p1a: Tangrowth\n|-damage|p1a: Tangrowth|46\/100\n|\n|upkeep\n|turn|11\n|c|\u2606im off the sea men|hehe\n|\n|t:|1608496500\n|move|p2a: Garchomp|Scale Shot|p1a: Tangrowth\n|-crit|p1a: Tangrowth\n|-damage|p1a: Tangrowth|24\/100\n|-damage|p1a: Tangrowth|9\/100\n|-damage|p1a: Tangrowth|0 fnt\n|-hitcount|p1a: Tangrowth|3\n|-unboost|p2a: Garchomp|def|1\n|-boost|p2a: Garchomp|spe|1\n|faint|p1a: Tangrowth\n|\n|upkeep\n|c|\u2606Corumba|what a sequence\n|-message|Corumba forfeited.\n|\n|win|im off the sea men\n|l|\u2606Corumba\n|c|\u2606im off the sea men|hehe\n||Ladder (probably) updated, but score could not be retrieved (Request timeout).\n","uploadtime":1608496522,"views":22,"p1id":"corumba","p2id":"imofftheseamen","formatid":"gen8ou","rating":0,"private":0,"password":null}