{"id":"gen8ou-1313889677","p1":"BukuBukuCha","p2":"LolzMachine","format":"gen8ou","log":"|j|\u2606BukuBukuCha\n|j|\u2606LolzMachine\n|t:|1617379545\n|gametype|singles\n|player|p1|BukuBukuCha|mira|1482\n|player|p2|LolzMachine|294|1531\n|teamsize|p1|6\n|teamsize|p2|6\n|gen|8\n|tier|[Gen 8] OU\n|rated|\n|clearpoke\n|poke|p1|Shuckle, F|\n|poke|p1|Bisharp, M|\n|poke|p1|Regieleki|\n|poke|p1|Mimikyu, F|\n|poke|p1|Landorus-Therian, M|\n|poke|p1|Kartana|\n|poke|p2|Slowbro-Galar, F|\n|poke|p2|Cloyster, F|\n|poke|p2|Togekiss, F|\n|poke|p2|Golurk|\n|poke|p2|Sirfetch\u2019d, F|\n|poke|p2|Jirachi|\n|rule|Sleep Clause Mod: Limit one foe put to sleep\n|rule|Species Clause: Limit one of each Pok\u00e9mon\n|rule|OHKO Clause: OHKO moves are banned\n|rule|Evasion Moves Clause: Evasion moves are banned\n|rule|Endless Battle Clause: Forcing endless battles is banned\n|rule|HP Percentage Mod: HP is shown in percentages\n|rule|Dynamax Clause: You cannot dynamax\n|teampreview\n|inactive|Battle timer is ON: inactive players will automatically lose when time's up. (requested by BukuBukuCha)\n|\n|t:|1617379557\n|start\n|switch|p1a: BukuBukuCha|Kartana, shiny|100\/100\n|switch|p2a: Jirachi|Jirachi|100\/100\n|turn|1\n|\n|t:|1617379560\n|move|p1a: BukuBukuCha|Knock Off|p2a: Jirachi\n|-supereffective|p2a: Jirachi\n|-damage|p2a: Jirachi|10\/100\n|-enditem|p2a: Jirachi|Bright Powder|[from] move: Knock Off|[of] p1a: BukuBukuCha\n|move|p2a: Jirachi|Fire Punch|p1a: BukuBukuCha\n|-supereffective|p1a: BukuBukuCha\n|-damage|p1a: BukuBukuCha|16\/100\n|-damage|p2a: Jirachi|0 fnt|[from] item: Rocky Helmet|[of] p1a: BukuBukuCha\n|faint|p2a: Jirachi\n|\n|upkeep\n|\n|t:|1617379565\n|switch|p2a: Sirfetch\u2019d|Sirfetch\u2019d, F|100\/100\n|turn|2\n|\n|t:|1617379572\n|switch|p1a: Chuck|Shuckle, F|100\/100\n|move|p2a: Sirfetch\u2019d|First Impression|p1a: Chuck\n|-damage|p1a: Chuck|80\/100\n|\n|upkeep\n|turn|3\n|\n|t:|1617379575\n|move|p2a: Sirfetch\u2019d|Close Combat|p1a: Chuck\n|-damage|p1a: Chuck|41\/100\n|-unboost|p2a: Sirfetch\u2019d|def|1\n|-unboost|p2a: Sirfetch\u2019d|spd|1\n|move|p1a: Chuck|Sticky Web|p2a: Sirfetch\u2019d\n|-sidestart|p2: LolzMachine|move: Sticky Web\n|\n|upkeep\n|turn|4\n|\n|t:|1617379579\n|move|p2a: Sirfetch\u2019d|Close Combat|p1a: Chuck\n|-crit|p1a: Chuck\n|-damage|p1a: Chuck|0 fnt\n|-unboost|p2a: Sirfetch\u2019d|def|1\n|-unboost|p2a: Sirfetch\u2019d|spd|1\n|faint|p1a: Chuck\n|\n|upkeep\n|\n|t:|1617379581\n|switch|p1a: BukuBukuCha|Kartana, shiny|16\/100\n|turn|5\n|\n|t:|1617379584\n|move|p1a: BukuBukuCha|Synthesis|p1a: BukuBukuCha\n|-heal|p1a: BukuBukuCha|65\/100\n|move|p2a: Sirfetch\u2019d|Close Combat|p1a: BukuBukuCha\n|-supereffective|p1a: BukuBukuCha\n|-damage|p1a: BukuBukuCha|0 fnt\n|-unboost|p2a: Sirfetch\u2019d|def|1\n|-unboost|p2a: Sirfetch\u2019d|spd|1\n|-damage|p2a: Sirfetch\u2019d|84\/100|[from] item: Rocky Helmet|[of] p1a: BukuBukuCha\n|faint|p1a: BukuBukuCha\n|\n|upkeep\n|\n|t:|1617379587\n|switch|p1a: Registe\u0117l|Regieleki|100\/100\n|turn|6\n|\n|t:|1617379589\n|move|p1a: Registe\u0117l|Wild Charge|p2a: Sirfetch\u2019d\n|-damage|p2a: Sirfetch\u2019d|0 fnt\n|-damage|p1a: Registe\u0117l|82\/100|[from] Recoil\n|-damage|p1a: Registe\u0117l|72\/100|[from] item: Life Orb\n|faint|p2a: Sirfetch\u2019d\n|\n|upkeep\n|\n|t:|1617379593\n|switch|p2a: Golurk|Golurk|100\/100\n|-activate|p2a: Golurk|move: Sticky Web\n|-unboost|p2a: Golurk|spe|1\n|turn|7\n|\n|t:|1617379600\n|switch|p1a: Megumin|Landorus-Therian, M|100\/100\n|-ability|p1a: Megumin|Intimidate|boost\n|-unboost|p2a: Golurk|atk|1\n|move|p2a: Golurk|Stealth Rock|p1a: Megumin\n|-sidestart|p1: BukuBukuCha|move: Stealth Rock\n|\n|upkeep\n|turn|8\n|\n|t:|1617379608\n|switch|p2a: Togekiss|Togekiss, F|100\/100\n|move|p1a: Megumin|Swords Dance|p1a: Megumin\n|-boost|p1a: Megumin|atk|2\n|\n|upkeep\n|turn|9\n|\n|t:|1617379610\n|move|p2a: Togekiss|Air Slash|p1a: Megumin\n|-damage|p1a: Megumin|57\/100\n|move|p1a: Megumin|Fly||[still]\n|-prepare|p1a: Megumin|Fly\n|-enditem|p1a: Megumin|Power Herb\n|-anim|p1a: Megumin|Fly|p2a: Togekiss\n|-damage|p2a: Togekiss|0 fnt\n|faint|p2a: Togekiss\n|\n|upkeep\n|\n|t:|1617379615\n|switch|p2a: Cloyster|Cloyster, F|100\/100\n|-activate|p2a: Cloyster|move: Sticky Web\n|-unboost|p2a: Cloyster|spe|1\n|turn|10\n|\n|t:|1617379620\n|move|p2a: Cloyster|Ice Shard|p1a: Megumin\n|-supereffective|p1a: Megumin\n|-damage|p1a: Megumin|0 fnt\n|faint|p1a: Megumin\n|\n|upkeep\n|\n|t:|1617379623\n|switch|p1a: Registe\u0117l|Regieleki|72\/100\n|-damage|p1a: Registe\u0117l|60\/100|[from] Stealth Rock\n|turn|11\n|\n|t:|1617379627\n|switch|p2a: Golurk|Golurk|100\/100\n|-activate|p2a: Golurk|move: Sticky Web\n|-unboost|p2a: Golurk|spe|1\n|move|p1a: Registe\u0117l|Wild Charge|p2a: Golurk\n|-immune|p2a: Golurk\n|\n|upkeep\n|turn|12\n|\n|t:|1617379631\n|move|p1a: Registe\u0117l|Assurance|p2a: Golurk\n|-supereffective|p2a: Golurk\n|-damage|p2a: Golurk|30\/100\n|-damage|p1a: Registe\u0117l|50\/100|[from] item: Life Orb\n|move|p2a: Golurk|Earthquake|p1a: Registe\u0117l\n|-supereffective|p1a: Registe\u0117l\n|-damage|p1a: Registe\u0117l|0 fnt\n|faint|p1a: Registe\u0117l\n|\n|upkeep\n|\n|t:|1617379634\n|switch|p1a: Gatorade|Bisharp, M, shiny|100\/100\n|-damage|p1a: Gatorade|95\/100|[from] Stealth Rock\n|turn|13\n|\n|t:|1617379636\n|move|p1a: Gatorade|Knock Off|p2a: Golurk\n|-supereffective|p2a: Golurk\n|-damage|p2a: Golurk|0 fnt\n|-enditem|p2a: Golurk|Focus Sash|[from] move: Knock Off|[of] p1a: Gatorade\n|faint|p2a: Golurk\n|\n|upkeep\n|\n|t:|1617379639\n|switch|p2a: Slowbro|Slowbro-Galar, F|100\/100\n|-activate|p2a: Slowbro|move: Sticky Web\n|-unboost|p2a: Slowbro|spe|1\n|turn|14\n|-activate|p2a: Slowbro|ability: Quick Draw\n|\n|t:|1617379652\n|move|p2a: Slowbro|Fire Blast|p1a: Gatorade\n|-supereffective|p1a: Gatorade\n|-damage|p1a: Gatorade|0 fnt\n|faint|p1a: Gatorade\n|\n|upkeep\n|\n|t:|1617379656\n|switch|p1a: GetOutOfJailCard|Mimikyu, F|100\/100\n|-damage|p1a: GetOutOfJailCard|88\/100|[from] Stealth Rock\n|turn|15\n|-activate|p2a: Slowbro|ability: Quick Draw\n|\n|t:|1617379659\n|move|p2a: Slowbro|Shell Side Arm|p1a: GetOutOfJailCard\n|-activate|p1a: GetOutOfJailCard|ability: Disguise\n|-damage|p1a: GetOutOfJailCard|88\/100\n|-hint|Special Shell Side Arm\n|-status|p1a: GetOutOfJailCard|psn\n|detailschange|p1a: GetOutOfJailCard|Mimikyu-Busted, F\n|-damage|p1a: GetOutOfJailCard|76\/100 psn|[from] pokemon: Mimikyu-Busted\n|move|p1a: GetOutOfJailCard|Swords Dance|p1a: GetOutOfJailCard\n|-boost|p1a: GetOutOfJailCard|atk|2\n|\n|-damage|p1a: GetOutOfJailCard|63\/100 psn|[from] psn\n|upkeep\n|turn|16\n|-activate|p2a: Slowbro|ability: Quick Draw\n|\n|t:|1617379663\n|move|p1a: GetOutOfJailCard|Shadow Sneak|p2a: Slowbro\n|-supereffective|p2a: Slowbro\n|-damage|p2a: Slowbro|6\/100\n|-damage|p1a: GetOutOfJailCard|53\/100 psn|[from] item: Life Orb\n|move|p2a: Slowbro|Psyshock|p1a: GetOutOfJailCard\n|-damage|p1a: GetOutOfJailCard|0 fnt\n|faint|p1a: GetOutOfJailCard\n|\n|win|LolzMachine\n|raw|BukuBukuCha's rating: 1481 &rarr; <strong>1464<\/strong><br \/>(-17 for losing)\n|raw|LolzMachine's rating: 1532 &rarr; <strong>1549<\/strong><br \/>(+17 for winning)\n|c|\u2606BukuBukuCha|Bro wtf\n|c|\u2606LolzMachine|well trained slowbro\n|c|\u2606BukuBukuCha|3 times\n|l|\u2606BukuBukuCha\n||Ladder isn't responding, score probably updated but might not have (Request timeout).\n","uploadtime":1617379689,"views":25,"p1id":"bukubukucha","p2id":"lolzmachine","formatid":"gen8ou","rating":1464,"private":0,"password":null}