{"id":"gen8ou-1698491890","p1":"jirachi0997","p2":"Delibird Heart","format":"gen8ou","log":"|j|\u2606jirachi0997\n|j|\u2606Delibird Heart\n|inactive|Battle timer is ON: inactive players will automatically lose when time's up.\n|t:|1667130697\n|gametype|singles\n|player|p1|jirachi0997|lucas|\n|player|p2|Delibird Heart|guitarist-gen4|\n|teamsize|p1|6\n|teamsize|p2|6\n|gen|8\n|tier|[Gen 8] OU\n|rated|Tournament battle\n|rule|Sleep Clause Mod: Limit one foe put to sleep\n|rule|Species Clause: Limit one of each Pok\u00e9mon\n|rule|OHKO Clause: OHKO moves are banned\n|rule|Evasion Items Clause: Evasion items are banned\n|rule|Evasion Moves Clause: Evasion moves are banned\n|rule|Endless Battle Clause: Forcing endless battles is banned\n|rule|HP Percentage Mod: HP is shown in percentages\n|rule|Dynamax Clause: You cannot dynamax\n|clearpoke\n|poke|p1|Dragapult, M|\n|poke|p1|Urshifu-*, M|\n|poke|p1|Tapu Lele|\n|poke|p1|Landorus-Therian, M|\n|poke|p1|Zapdos|\n|poke|p1|Melmetal|\n|poke|p2|Pelipper, M|\n|poke|p2|Zapdos|\n|poke|p2|Ferrothorn, F|\n|poke|p2|Omastar, M|\n|poke|p2|Seismitoad, M|\n|poke|p2|Drednaw, M|\n|teampreview\n|inactive|Delibird Heart also wants the timer to be on.\n|\n|t:|1667130706\n|start\n|switch|p1a: Tapu Lele|Tapu Lele|100\/100\n|switch|p2a: Pelipper|Pelipper, M|100\/100\n|-fieldstart|move: Psychic Terrain|[from] ability: Psychic Surge|[of] p1a: Tapu Lele\n|-weather|RainDance|[from] ability: Drizzle|[of] p2a: Pelipper\n|turn|1\n|\n|t:|1667130709\n|switch|p2a: Ferrothorn|Ferrothorn, F|100\/100\n|move|p1a: Tapu Lele|Thunderbolt|p2a: Ferrothorn\n|-resisted|p2a: Ferrothorn\n|-damage|p2a: Ferrothorn|85\/100\n|\n|-weather|RainDance|[upkeep]\n|upkeep\n|turn|2\n|j| PikaYumCute\n|j| g2 fyssure\n|\n|t:|1667130718\n|switch|p1a: Zapdos|Zapdos|100\/100\n|switch|p2a: Seismitoad|Seismitoad, M|100\/100\n|\n|-weather|RainDance|[upkeep]\n|upkeep\n|turn|3\n|\n|t:|1667130724\n|move|p2a: Seismitoad|Weather Ball|p1a: Zapdos\n|-damage|p1a: Zapdos|3\/100\n|-damage|p2a: Seismitoad|91\/100|[from] item: Life Orb\n|move|p1a: Zapdos|Hurricane|p2a: Seismitoad\n|-damage|p2a: Seismitoad|16\/100\n|\n|-weather|RainDance|[upkeep]\n|upkeep\n|turn|4\n|\n|t:|1667130732\n|switch|p1a: Urshifu|Urshifu-Rapid-Strike, M|100\/100\n|move|p2a: Seismitoad|Weather Ball|p1a: Urshifu\n|-resisted|p1a: Urshifu\n|-damage|p1a: Urshifu|43\/100\n|-damage|p2a: Seismitoad|6\/100|[from] item: Life Orb\n|\n|-weather|RainDance|[upkeep]\n|upkeep\n|turn|5\n|\n|t:|1667130740\n|switch|p2a: Pelipper|Pelipper, M|100\/100\n|move|p1a: Urshifu|Aqua Jet|p2a: Pelipper\n|-hint|Psychic Terrain doesn't affect Pok\u00e9mon immune to Ground.\n|-resisted|p2a: Pelipper\n|-damage|p2a: Pelipper|82\/100\n|\n|-weather|RainDance|[upkeep]\n|-fieldend|move: Psychic Terrain\n|upkeep\n|turn|6\n|\n|t:|1667130752\n|switch|p1a: Dragapult|Dragapult, M|100\/100\n|move|p2a: Pelipper|U-turn|p1a: Dragapult\n|-resisted|p1a: Dragapult\n|-damage|p1a: Dragapult|95\/100\n|c| g2 fyssure|bruh\n|\n|t:|1667130780\n|switch|p2a: Drednaw|Drednaw, M|100\/100|[from]move: U-turn\n|\n|-weather|RainDance|[upkeep]\n|upkeep\n|turn|7\n|\n|t:|1667130790\n|move|p2a: Drednaw|Liquidation|p1a: Dragapult\n|-resisted|p1a: Dragapult\n|-damage|p1a: Dragapult|22\/100\n|move|p1a: Dragapult|Draco Meteor|p2a: Drednaw\n|-damage|p2a: Drednaw|0 fnt\n|-unboost|p1a: Dragapult|spa|2\n|faint|p2a: Drednaw\n|\n|-weather|RainDance|[upkeep]\n|upkeep\n|c|\u2606Delibird Heart|stay in here is crazy\n|inactive|Delibird Heart has 120 seconds left.\n|c|\u2606Delibird Heart|u have a whole melm\n|j| Aftx\n|\n|t:|1667130806\n|switch|p2a: Omastar|Omastar, M|100\/100\n|turn|8\n|\n|t:|1667130816\n|move|p2a: Omastar|Surf|p1a: Dragapult\n|-resisted|p1a: Dragapult\n|-damage|p1a: Dragapult|0 fnt\n|faint|p1a: Dragapult\n|\n|-weather|none\n|upkeep\n|j| TheNewBrends11\n|\n|t:|1667130823\n|switch|p1a: Zapdos|Zapdos|3\/100\n|turn|9\n|\n|t:|1667130834\n|switch|p2a: Seismitoad|Seismitoad, M|6\/100\n|move|p1a: Zapdos|Volt Switch|p2a: Seismitoad\n|-immune|p2a: Seismitoad\n|\n|upkeep\n|turn|10\n|\n|t:|1667130845\n|switch|p2a: Zapdos|Zapdos|100\/100\n|move|p1a: Zapdos|Hurricane|p2a: Zapdos\n|-resisted|p2a: Zapdos\n|-damage|p2a: Zapdos|70\/100\n|\n|upkeep\n|turn|11\n|\n|t:|1667130855\n|move|p1a: Zapdos|Volt Switch|p2a: Zapdos\n|-damage|p2a: Zapdos|29\/100\n|\n|t:|1667130860\n|switch|p1a: Tapu Lele|Tapu Lele|100\/100|[from]move: Volt Switch\n|-fieldstart|move: Psychic Terrain|[from] ability: Psychic Surge|[of] p1a: Tapu Lele\n|move|p2a: Zapdos|Hurricane|p1a: Tapu Lele|[miss]\n|-miss|p2a: Zapdos|p1a: Tapu Lele\n|\n|upkeep\n|turn|12\n|j| sufy512\n|l| sufy512\n|j| A-sepower\n|\n|t:|1667130870\n|switch|p2a: Ferrothorn|Ferrothorn, F|85\/100\n|move|p1a: Tapu Lele|Moonblast|p2a: Ferrothorn\n|-resisted|p2a: Ferrothorn\n|-damage|p2a: Ferrothorn|61\/100\n|\n|upkeep\n|turn|13\n|\n|t:|1667130876\n|switch|p1a: Landorus|Landorus-Therian, M|100\/100\n|-ability|p1a: Landorus|Intimidate|boost\n|-unboost|p2a: Ferrothorn|atk|1\n|switch|p2a: Pelipper|Pelipper, M|82\/100\n|-weather|RainDance|[from] ability: Drizzle|[of] p2a: Pelipper\n|\n|-weather|RainDance|[upkeep]\n|upkeep\n|turn|14\n|\n|t:|1667130882\n|move|p1a: Landorus|Stealth Rock|p2a: Pelipper\n|-sidestart|p2: Delibird Heart|move: Stealth Rock\n|move|p2a: Pelipper|Weather Ball|p1a: Landorus\n|-supereffective|p1a: Landorus\n|-damage|p1a: Landorus|18\/100\n|\n|-weather|RainDance|[upkeep]\n|-heal|p1a: Landorus|24\/100|[from] item: Leftovers\n|upkeep\n|turn|15\n|\n|t:|1667130899\n|move|p1a: Landorus|Knock Off|p2a: Pelipper\n|-damage|p2a: Pelipper|59\/100\n|-enditem|p2a: Pelipper|Damp Rock|[from] move: Knock Off|[of] p1a: Landorus\n|move|p2a: Pelipper|U-turn|p1a: Landorus\n|-resisted|p1a: Landorus\n|-damage|p1a: Landorus|20\/100\n|\n|t:|1667130905\n|switch|p2a: Zapdos|Zapdos|29\/100|[from]move: U-turn\n|\n|-weather|RainDance|[upkeep]\n|-heal|p1a: Landorus|26\/100|[from] item: Leftovers\n|-fieldend|move: Psychic Terrain\n|upkeep\n|turn|16\n|\n|t:|1667130911\n|move|p2a: Zapdos|Defog|p1a: Landorus\n|-unboost|p1a: Landorus|evasion|1\n|-sideend|p2: Delibird Heart|Stealth Rock|[from] move: Defog|[of] p2a: Zapdos\n|move|p1a: Landorus|Knock Off|p2a: Zapdos\n|-damage|p2a: Zapdos|0 fnt\n|-status|p1a: Landorus|par|[from] ability: Static|[of] p2a: Zapdos\n|-enditem|p2a: Zapdos|Heavy-Duty Boots|[from] move: Knock Off|[of] p1a: Landorus\n|faint|p2a: Zapdos\n|\n|-weather|RainDance|[upkeep]\n|-heal|p1a: Landorus|32\/100 par|[from] item: Leftovers\n|upkeep\n|\n|t:|1667130917\n|switch|p2a: Omastar|Omastar, M|100\/100\n|turn|17\n|\n|t:|1667130920\n|move|p2a: Omastar|Surf|p1a: Landorus\n|-supereffective|p1a: Landorus\n|-damage|p1a: Landorus|0 fnt\n|faint|p1a: Landorus\n|\n|-weather|RainDance|[upkeep]\n|upkeep\n|\n|t:|1667130927\n|switch|p1a: Tapu Lele|Tapu Lele|100\/100\n|-fieldstart|move: Psychic Terrain|[from] ability: Psychic Surge|[of] p1a: Tapu Lele\n|turn|18\n|\n|t:|1667130934\n|switch|p2a: Ferrothorn|Ferrothorn, F|61\/100\n|move|p1a: Tapu Lele|Moonblast|p2a: Ferrothorn\n|-resisted|p2a: Ferrothorn\n|-crit|p2a: Ferrothorn\n|-damage|p2a: Ferrothorn|25\/100\n|\n|-weather|RainDance|[upkeep]\n|upkeep\n|turn|19\n|\n|t:|1667130940\n|switch|p2a: Seismitoad|Seismitoad, M|6\/100\n|move|p1a: Tapu Lele|Moonblast|p2a: Seismitoad\n|-damage|p2a: Seismitoad|0 fnt\n|faint|p2a: Seismitoad\n|\n|-weather|RainDance|[upkeep]\n|upkeep\n|\n|t:|1667130944\n|switch|p2a: Omastar|Omastar, M|100\/100\n|turn|20\n|\n|t:|1667130950\n|move|p2a: Omastar|Meteor Beam||[still]\n|-prepare|p2a: Omastar|Meteor Beam\n|-boost|p2a: Omastar|spa|1\n|-enditem|p2a: Omastar|Power Herb\n|-anim|p2a: Omastar|Meteor Beam|p1a: Tapu Lele\n|-damage|p1a: Tapu Lele|8\/100\n|move|p1a: Tapu Lele|Moonblast|p2a: Omastar\n|-damage|p2a: Omastar|5\/100\n|-unboost|p2a: Omastar|spa|1\n|\n|-weather|none\n|upkeep\n|turn|21\n|-message|Delibird Heart forfeited.\n|\n|win|jirachi0997\n|n|\u2606jirachi0997|jirachi0997\n|n|\u2606Delibird Heart|delibirdheart\n|n| PikaYumCute|pikayumcute\n|n| g2 fyssure|g2fyssure\n|n| Aftx|aftx\n|n| TheNewBrends11|thenewbrends11\n|n| A-sepower|asepower\n|l|\u2606Delibird Heart\n|l| PikaYumCute\n|l|\u2606jirachi0997\n|l| A-sepower\n|l| Aftx\n|l| g2 fyssure\n","uploadtime":1667132233,"views":9,"p1id":"jirachi0997","p2id":"delibirdheart","formatid":"gen8ou","rating":0,"private":0,"password":null}