{"id":"gen8ou-1497031048","p1":"BeastyJ157","p2":"Almighty Sa","format":"gen8ou","log":"|j|\u2606BeastyJ157\n|j|\u2606Almighty Sa\n|inactive|Battle timer is ON: inactive players will automatically lose when time's up.\n|t:|1642966372\n|gametype|singles\n|player|p1|BeastyJ157|greta-gen3|\n|player|p2|Almighty Sa|ash-unova|\n|teamsize|p1|6\n|teamsize|p2|6\n|gen|8\n|tier|[Gen 8] OU\n|rated|Tournament battle\n|rule|Sleep Clause Mod: Limit one foe put to sleep\n|rule|Species Clause: Limit one of each Pok\u00e9mon\n|rule|OHKO Clause: OHKO moves are banned\n|rule|Evasion Moves Clause: Evasion moves are banned\n|rule|Endless Battle Clause: Forcing endless battles is banned\n|rule|HP Percentage Mod: HP is shown in percentages\n|rule|Dynamax Clause: You cannot dynamax\n|clearpoke\n|poke|p1|Tornadus-Therian, M|\n|poke|p1|Melmetal|\n|poke|p1|Landorus-Therian, M|\n|poke|p1|Heatran, M|\n|poke|p1|Zeraora|\n|poke|p1|Tapu Lele|\n|poke|p2|Blaziken, F|\n|poke|p2|Torkoal, M|\n|poke|p2|Venusaur, F|\n|poke|p2|Landorus-Therian, M|\n|poke|p2|Tapu Fini|\n|poke|p2|Weavile, M|\n|teampreview\n|inactive|BeastyJ157 also wants the timer to be on.\n|j|@iron\u2602water \u266b\n|c|\u2606BeastyJ157|ok thank god u dont have urshifu\n|l|@iron\u2602water \u266b\n|j| TheNewBrends11\n|c|\u2606Almighty Sa|thnks u dont either\n|inactive|Almighty Sa has 120 seconds left.\n|\n|t:|1642966408\n|start\n|switch|p1a: Heatran|Heatran, M|100\/100\n|switch|p2a: Sun|Torkoal, M|100\/100\n|-item|p1a: Heatran|Air Balloon\n|-weather|SunnyDay|[from] ability: Drought|[of] p2a: Sun\n|turn|1\n|c|\u2606BeastyJ157|u have fini venu and sun up\n|c|\u2606BeastyJ157|theres nothing to be afraid of\n|c|\u2606BeastyJ157|while\n|c|\u2606Almighty Sa|ud think\n|inactive|BeastyJ157 has 120 seconds left.\n|j| SchwayXO\n|\n|t:|1642966447\n|move|p1a: Heatran|Magma Storm|p2a: Sun\n|-resisted|p2a: Sun\n|-crit|p2a: Sun\n|-damage|p2a: Sun|7\/100\n|-activate|p2a: Sun|move: Magma Storm|[of] p1a: Heatran\n|move|p2a: Sun|Body Press|p1a: Heatran\n|-supereffective|p1a: Heatran\n|-damage|p1a: Heatran|37\/100\n|-enditem|p1a: Heatran|Air Balloon\n|\n|-weather|SunnyDay|[upkeep]\n|-damage|p2a: Sun|0 fnt|[from] move: Magma Storm|[partiallytrapped]\n|faint|p2a: Sun\n|upkeep\n|c|\u2606BeastyJ157|omg\n|\n|t:|1642966457\n|switch|p2a: Blaze|Blaziken, F|100\/100\n|turn|2\n|c|\u2606BeastyJ157|lucky me ig\n|c|\u2606Almighty Sa|gg\n|inactive|BeastyJ157 has 120 seconds left.\n|\n|t:|1642966468\n|move|p2a: Blaze|Swords Dance|p2a: Blaze\n|-boost|p2a: Blaze|atk|2\n|move|p1a: Heatran|Earth Power|p2a: Blaze\n|-supereffective|p2a: Blaze\n|-damage|p2a: Blaze|0 fnt\n|faint|p2a: Blaze\n|\n|-weather|SunnyDay|[upkeep]\n|upkeep\n|c|\u2606BeastyJ157|gg ?\n|c|\u2606Almighty Sa|yeh\n|c|\u2606BeastyJ157|why\n|\n|t:|1642966484\n|switch|p2a: Solar|Venusaur, F|100\/100\n|turn|3\n|c|\u2606BeastyJ157|bc u sun setter is dead\n|\n|t:|1642966489\n|move|p2a: Solar|Earth Power|p1a: Heatran\n|-supereffective|p1a: Heatran\n|-damage|p1a: Heatran|0 fnt\n|faint|p1a: Heatran\n|-damage|p2a: Solar|91\/100|[from] item: Life Orb\n|\n|-weather|SunnyDay|[upkeep]\n|upkeep\n|\n|t:|1642966501\n|switch|p1a: Tornadus|Tornadus-Therian, M|100\/100\n|turn|4\n|\n|t:|1642966504\n|move|p2a: Solar|Growth|p2a: Solar\n|-boost|p2a: Solar|atk|2\n|-boost|p2a: Solar|spa|2\n|move|p1a: Tornadus|Heat Wave|p2a: Solar\n|-supereffective|p2a: Solar\n|-damage|p2a: Solar|4\/100\n|\n|-weather|SunnyDay|[upkeep]\n|upkeep\n|turn|5\n|c| SchwayXO|gg\n|j| Arch en Ciel 22\n|c|\u2606BeastyJ157|no proity on my team rip\n|c|\u2606BeastyJ157|but im av no wway this dies\n|\n|t:|1642966527\n|move|p2a: Solar|Giga Drain|p1a: Tornadus\n|-resisted|p1a: Tornadus\n|-crit|p1a: Tornadus\n|-damage|p1a: Tornadus|59\/100\n|-heal|p2a: Solar|29\/100|[from] drain|[of] p1a: Tornadus\n|-damage|p2a: Solar|19\/100|[from] item: Life Orb\n|move|p1a: Tornadus|Knock Off|p2a: Solar\n|-damage|p2a: Solar|0 fnt\n|-enditem|p2a: Solar|Life Orb|[from] move: Knock Off|[of] p1a: Tornadus\n|faint|p2a: Solar\n|\n|-weather|SunnyDay|[upkeep]\n|upkeep\n|\n|t:|1642966531\n|switch|p2a: Heat|Weavile, M|100\/100\n|-ability|p2a: Heat|Pressure\n|turn|6\n|\n|t:|1642966536\n|switch|p1a: Melmetal|Melmetal|100\/100\n|move|p2a: Heat|Knock Off|p1a: Melmetal\n|-crit|p1a: Melmetal\n|-damage|p1a: Melmetal|25\/100\n|-enditem|p1a: Melmetal|Leftovers|[from] move: Knock Off|[of] p2a: Heat\n|\n|-weather|SunnyDay|[upkeep]\n|upkeep\n|turn|7\n|\n|t:|1642966539\n|move|p2a: Heat|Knock Off|p1a: Melmetal\n|-damage|p1a: Melmetal|0 fnt\n|faint|p1a: Melmetal\n|\n|-weather|SunnyDay|[upkeep]\n|upkeep\n|\n|t:|1642966543\n|switch|p1a: Zeraora|Zeraora|100\/100\n|turn|8\n|\n|t:|1642966556\n|move|p1a: Zeraora|Knock Off|p2a: Heat\n|-resisted|p2a: Heat\n|-damage|p2a: Heat|76\/100\n|-enditem|p2a: Heat|Choice Band|[from] move: Knock Off|[of] p1a: Zeraora\n|move|p2a: Heat|Knock Off|p1a: Zeraora\n|-damage|p1a: Zeraora|27\/100\n|-enditem|p1a: Zeraora|Heavy-Duty Boots|[from] move: Knock Off|[of] p2a: Heat\n|\n|-weather|none\n|upkeep\n|turn|9\n|\n|t:|1642966561\n|switch|p2a: Desert|Landorus-Therian, M|100\/100\n|-ability|p2a: Desert|Intimidate|boost\n|-unboost|p1a: Zeraora|atk|1\n|move|p1a: Zeraora|Close Combat|p2a: Desert\n|-resisted|p2a: Desert\n|-damage|p2a: Desert|88\/100\n|-unboost|p1a: Zeraora|def|1\n|-unboost|p1a: Zeraora|spd|1\n|\n|-heal|p2a: Desert|94\/100|[from] item: Leftovers\n|upkeep\n|turn|10\n|\n|t:|1642966567\n|switch|p1a: Tornadus|Tornadus-Therian, M|92\/100\n|move|p2a: Desert|U-turn|p1a: Tornadus\n|-resisted|p1a: Tornadus\n|-damage|p1a: Tornadus|79\/100\n|\n|t:|1642966571\n|switch|p2a: Heat|Weavile, M|76\/100|[from]move: U-turn\n|-ability|p2a: Heat|Pressure\n|\n|upkeep\n|turn|11\n|\n|t:|1642966577\n|move|p1a: Tornadus|Heat Wave|p2a: Heat\n|-supereffective|p2a: Heat\n|-damage|p2a: Heat|5\/100\n|-status|p2a: Heat|brn\n|move|p2a: Heat|Triple Axel|p1a: Tornadus\n|-supereffective|p1a: Tornadus\n|-damage|p1a: Tornadus|68\/100\n|-supereffective|p1a: Tornadus\n|-damage|p1a: Tornadus|41\/100\n|-supereffective|p1a: Tornadus\n|-damage|p1a: Tornadus|2\/100\n|-hitcount|p1a: Tornadus|3\n|\n|-damage|p2a: Heat|0 fnt|[from] brn\n|faint|p2a: Heat\n|upkeep\n|c|\u2606Almighty Sa|wtf\n|c|\u2606BeastyJ157|lucky me\n|c|\u2606Almighty Sa|this man gets all hax\n|\n|t:|1642966587\n|switch|p2a: Steam|Tapu Fini|100\/100\n|-fieldstart|move: Misty Terrain|[from] ability: Misty Surge|[of] p2a: Steam\n|turn|12\n|c|\u2606BeastyJ157|I TANK THAT\n|c| SchwayXO|ooooohhhh\n|c|\u2606BeastyJ157|well that weavile should be dead\n|c| SchwayXO|nice beasty\n|c| SchwayXO|you're a sly dog\n|c|\u2606BeastyJ157|since erm u crit melm\n|c|\u2606BeastyJ157|but its fair\n|\n|t:|1642966612\n|move|p2a: Steam|Scald|p1a: Tornadus\n|-damage|p1a: Tornadus|0 fnt\n|faint|p1a: Tornadus\n|\n|upkeep\n|\n|t:|1642966615\n|switch|p1a: Tapu Lele|Tapu Lele|100\/100\n|-fieldstart|move: Psychic Terrain|[from] ability: Psychic Surge|[of] p1a: Tapu Lele\n|turn|13\n|c|\u2606Almighty Sa|u crit tork\n|\n|t:|1642966622\n|switch|p2a: Desert|Landorus-Therian, M|94\/100\n|-ability|p2a: Desert|Intimidate|boost\n|-unboost|p1a: Tapu Lele|atk|1\n|move|p1a: Tapu Lele|Psychic|p2a: Desert\n|-damage|p2a: Desert|15\/100\n|\n|-heal|p2a: Desert|21\/100|[from] item: Leftovers\n|upkeep\n|turn|14\n|\n|t:|1642966626\n|switch|p2a: Steam|Tapu Fini|100\/100\n|-fieldstart|move: Misty Terrain|[from] ability: Misty Surge|[of] p2a: Steam\n|move|p1a: Tapu Lele|Psychic|p2a: Steam\n|-damage|p2a: Steam|42\/100\n|\n|upkeep\n|turn|15\n|\n|t:|1642966630\n|move|p2a: Steam|Moonblast|p1a: Tapu Lele\n|-damage|p1a: Tapu Lele|65\/100\n|-unboost|p1a: Tapu Lele|spa|1\n|move|p1a: Tapu Lele|Psychic|p2a: Steam\n|-damage|p2a: Steam|0 fnt\n|faint|p2a: Steam\n|\n|upkeep\n|c|\u2606Almighty Sa|bruh\n|c|\u2606Almighty Sa|gg\n|-message|Almighty Sa forfeited.\n|\n|win|BeastyJ157\n|n|\u2606BeastyJ157|beastyj157\n|n|\u2606Almighty Sa|almightysa\n|n| TheNewBrends11|thenewbrends11\n|n| SchwayXO|schwayxo\n|n| Arch en Ciel 22|archenciel22\n|l|\u2606Almighty Sa\n|c|\u2606BeastyJ157|it didnt matter the tork\n|c|\u2606BeastyJ157|i woulda e powered after\n|l|\u2606BeastyJ157\n|l| SchwayXO\n","uploadtime":1642966845,"views":20,"p1id":"beastyj157","p2id":"almightysa","formatid":"gen8ou","rating":0,"private":0,"password":null}