{"id":"gen8ou-1686752075","p1":"MrRuf4si","p2":"Highv0ltag3","format":"gen8ou","log":"|html|<div class=\"broadcast-blue\"><strong>[Gen 8] OU is currently suspecting Melmetal! For information on how to participate check out the <a href=\"https:\/\/www.smogon.com\/forums\/threads\/np-ss-ou-suspect-process-round-12-monster-mash.3709234\/\">suspect thread<\/a>.<\/strong><\/div>\n|j|\u203dMrRuf4si\n|j|\u2606Highv0ltag3\n|t:|1665878504\n|gametype|singles\n|player|p1|MrRuf4si|1|1754\n|player|p2|Highv0ltag3|volo|1902\n|teamsize|p1|6\n|teamsize|p2|6\n|gen|8\n|tier|[Gen 8] OU\n|rated|\n|rule|Sleep Clause Mod: Limit one foe put to sleep\n|rule|Species Clause: Limit one of each Pok\u00e9mon\n|rule|OHKO Clause: OHKO moves are banned\n|rule|Evasion Items Clause: Evasion items are banned\n|rule|Evasion Moves Clause: Evasion moves are banned\n|rule|Endless Battle Clause: Forcing endless battles is banned\n|rule|HP Percentage Mod: HP is shown in percentages\n|rule|Dynamax Clause: You cannot dynamax\n|clearpoke\n|poke|p1|Bewear, M|\n|poke|p1|Gastrodon-East, F|\n|poke|p1|Reuniclus, M|\n|poke|p1|Heatran, M|\n|poke|p1|Dragonite, F|\n|poke|p1|Clefable, M|\n|poke|p2|Tornadus-Therian, M|\n|poke|p2|Chansey, F|\n|poke|p2|Hippowdon, F|\n|poke|p2|Corviknight, M|\n|poke|p2|Toxapex, M|\n|poke|p2|Clefable, M|\n|teampreview\n|\n|t:|1665878522\n|start\n|switch|p1a: Gastrodon|Gastrodon-East, F|100\/100\n|switch|p2a: Tornadus|Tornadus-Therian, M|100\/100\n|turn|1\n|inactive|Battle timer is ON: inactive players will automatically lose when time's up. (requested by MrRuf4si)\n|\n|t:|1665878526\n|move|p2a: Tornadus|Knock Off|p1a: Gastrodon\n|-damage|p1a: Gastrodon|85\/100\n|-damage|p2a: Tornadus|84\/100|[from] item: Rocky Helmet|[of] p1a: Gastrodon\n|-enditem|p1a: Gastrodon|Rocky Helmet|[from] move: Knock Off|[of] p2a: Tornadus\n|move|p1a: Gastrodon|Toxic|p2a: Tornadus\n|-status|p2a: Tornadus|tox\n|\n|-damage|p2a: Tornadus|78\/100 tox|[from] psn\n|upkeep\n|turn|2\n|\n|t:|1665878533\n|switch|p2a: Chansey|Chansey, F|100\/100\n|move|p1a: Gastrodon|Scald|p2a: Chansey\n|-damage|p2a: Chansey|93\/100\n|-status|p2a: Chansey|brn\n|\n|-damage|p2a: Chansey|87\/100 brn|[from] brn\n|upkeep\n|turn|3\n|\n|t:|1665878538\n|switch|p1a: Reuniclus|Reuniclus, M, shiny|100\/100\n|move|p2a: Chansey|Heal Bell|p2a: Chansey\n|-activate|p2a: Chansey|move: Heal Bell\n|-curestatus|p2a: Chansey|brn|[msg]\n|-curestatus|p2: Tornadus|tox|[msg]\n|\n|upkeep\n|turn|4\n|j| Kwaga\n|\n|t:|1665878544\n|move|p2a: Chansey|Thunder Wave|p1a: Reuniclus\n|-status|p1a: Reuniclus|par\n|move|p1a: Reuniclus|Knock Off|p2a: Chansey\n|-damage|p2a: Chansey|76\/100\n|-enditem|p2a: Chansey|Eviolite|[from] move: Knock Off|[of] p1a: Reuniclus\n|\n|upkeep\n|turn|5\n|\n|t:|1665878550\n|move|p2a: Chansey|Seismic Toss|p1a: Reuniclus\n|-damage|p1a: Reuniclus|77\/100 par\n|move|p1a: Reuniclus|Future Sight|p2a: Chansey\n|-start|p1a: Reuniclus|move: Future Sight\n|\n|upkeep\n|turn|6\n|\n|t:|1665878559\n|switch|p2a: Tornadus|Tornadus-Therian, M|100\/100\n|switch|p1a: Bewear|Bewear, M|100\/100\n|\n|upkeep\n|turn|7\n|\n|t:|1665878562\n|switch|p1a: Gastrodon|Gastrodon-East, F|85\/100\n|move|p2a: Tornadus|Hurricane|p1a: Gastrodon\n|-damage|p1a: Gastrodon|48\/100\n|\n|-end|p2a: Tornadus|move: Future Sight\n|-damage|p2a: Tornadus|42\/100\n|upkeep\n|turn|8\n|\n|t:|1665878570\n|move|p2a: Tornadus|Hurricane|p1a: Gastrodon|[miss]\n|-miss|p2a: Tornadus|p1a: Gastrodon\n|move|p1a: Gastrodon|Recover|p1a: Gastrodon\n|-heal|p1a: Gastrodon|99\/100\n|\n|upkeep\n|turn|9\n|\n|t:|1665878573\n|switch|p2a: Chansey|Chansey, F|76\/100\n|move|p1a: Gastrodon|Toxic|p2a: Chansey\n|-status|p2a: Chansey|tox\n|\n|-damage|p2a: Chansey|69\/100 tox|[from] psn\n|upkeep\n|turn|10\n|\n|t:|1665878577\n|-curestatus|p2a: Chansey|tox|[from] ability: Natural Cure\n|switch|p2a: Toxapex|Toxapex, M|100\/100\n|switch|p1a: Bewear|Bewear, M|100\/100\n|\n|upkeep\n|turn|11\n|\n|t:|1665878581\n|move|p1a: Bewear|Double-Edge|p2a: Toxapex\n|-damage|p2a: Toxapex|37\/100\n|-damage|p1a: Bewear|84\/100|[from] Recoil\n|move|p2a: Toxapex|Knock Off|p1a: Bewear\n|-resisted|p1a: Bewear\n|-damage|p1a: Bewear|81\/100\n|-enditem|p1a: Bewear|Choice Band|[from] move: Knock Off|[of] p2a: Toxapex\n|\n|upkeep\n|turn|12\n|j| RazorForce21\n|\n|t:|1665878587\n|switch|p2a: Corviknight|Corviknight, M|100\/100\n|-ability|p2a: Corviknight|Pressure\n|move|p1a: Bewear|Close Combat|p2a: Corviknight\n|-damage|p2a: Corviknight|57\/100\n|-unboost|p1a: Bewear|def|1\n|-unboost|p1a: Bewear|spd|1\n|\n|upkeep\n|turn|13\n|j| mikatis\n|\n|t:|1665878590\n|switch|p1a: Heatran|Heatran, M|100\/100\n|move|p2a: Corviknight|Roost|p2a: Corviknight\n|-heal|p2a: Corviknight|100\/100\n|-singleturn|p2a: Corviknight|move: Roost\n|\n|upkeep\n|turn|14\n|\n|t:|1665878593\n|switch|p2a: Hippowdon|Hippowdon, F|100\/100\n|-weather|Sandstorm|[from] ability: Sand Stream|[of] p2a: Hippowdon\n|move|p1a: Heatran|Stealth Rock|p2a: Hippowdon\n|-sidestart|p2: Highv0ltag3|move: Stealth Rock\n|\n|-weather|Sandstorm|[upkeep]\n|upkeep\n|turn|15\n|\n|t:|1665878596\n|switch|p1a: Gastrodon|Gastrodon-East, F|99\/100\n|move|p2a: Hippowdon|Stealth Rock|p1a: Gastrodon\n|-sidestart|p1: MrRuf4si|move: Stealth Rock\n|\n|-weather|Sandstorm|[upkeep]\n|upkeep\n|turn|16\n|\n|t:|1665878610\n|move|p2a: Hippowdon|Toxic|p1a: Gastrodon\n|-status|p1a: Gastrodon|tox\n|move|p1a: Gastrodon|Toxic|p2a: Hippowdon\n|-status|p2a: Hippowdon|tox\n|\n|-weather|Sandstorm|[upkeep]\n|-damage|p2a: Hippowdon|94\/100 tox|[from] psn\n|-damage|p1a: Gastrodon|92\/100 tox|[from] psn\n|upkeep\n|turn|17\n|j| sbhshsgehfhf\n|\n|t:|1665878616\n|switch|p2a: Tornadus|Tornadus-Therian, M|75\/100\n|switch|p1a: Bewear|Bewear, M|81\/100\n|-damage|p1a: Bewear|75\/100|[from] Stealth Rock\n|\n|-weather|Sandstorm|[upkeep]\n|-damage|p2a: Tornadus|69\/100|[from] Sandstorm\n|-damage|p1a: Bewear|68\/100|[from] Sandstorm\n|upkeep\n|turn|18\n|\n|t:|1665878623\n|switch|p1a: Heatran|Heatran, M|100\/100\n|-damage|p1a: Heatran|88\/100|[from] Stealth Rock\n|move|p2a: Tornadus|Hurricane|p1a: Heatran\n|-resisted|p1a: Heatran\n|-damage|p1a: Heatran|75\/100\n|-start|p1a: Heatran|confusion\n|\n|-weather|none\n|-heal|p1a: Heatran|81\/100|[from] item: Leftovers\n|upkeep\n|turn|19\n|\n|t:|1665878628\n|move|p2a: Tornadus|Knock Off|p1a: Heatran\n|-damage|p1a: Heatran|65\/100\n|-enditem|p1a: Heatran|Leftovers|[from] move: Knock Off|[of] p2a: Tornadus\n|-activate|p1a: Heatran|confusion\n|-damage|p1a: Heatran|59\/100|[from] confusion\n|\n|upkeep\n|turn|20\n|\n|t:|1665878636\n|switch|p2a: Toxapex|Toxapex, M|71\/100\n|-damage|p2a: Toxapex|58\/100|[from] Stealth Rock\n|-activate|p1a: Heatran|confusion\n|move|p1a: Heatran|Magma Storm|p2a: Toxapex\n|-resisted|p2a: Toxapex\n|-damage|p2a: Toxapex|39\/100\n|-activate|p2a: Toxapex|move: Magma Storm|[of] p1a: Heatran\n|\n|-damage|p2a: Toxapex|27\/100|[from] move: Magma Storm|[partiallytrapped]\n|upkeep\n|turn|21\n|\n|t:|1665878643\n|switch|p2a: Chansey|Chansey, F|69\/100\n|-damage|p2a: Chansey|57\/100|[from] Stealth Rock\n|-end|p1a: Heatran|confusion\n|move|p1a: Heatran|Magma Storm|p2a: Chansey\n|-damage|p2a: Chansey|38\/100\n|-activate|p2a: Chansey|move: Magma Storm|[of] p1a: Heatran\n|\n|-damage|p2a: Chansey|25\/100|[from] move: Magma Storm|[partiallytrapped]\n|upkeep\n|turn|22\n|\n|t:|1665878649\n|move|p1a: Heatran|Taunt|p2a: Chansey\n|-start|p2a: Chansey|move: Taunt\n|cant|p2a: Chansey|move: Taunt|Soft-Boiled\n|\n|-damage|p2a: Chansey|13\/100|[from] move: Magma Storm|[partiallytrapped]\n|upkeep\n|turn|23\n|\n|t:|1665878652\n|move|p1a: Heatran|Earth Power|p2a: Chansey\n|-damage|p2a: Chansey|1\/100\n|move|p2a: Chansey|Seismic Toss|p1a: Heatran\n|-damage|p1a: Heatran|33\/100\n|\n|-damage|p2a: Chansey|0 fnt|[from] move: Magma Storm|[partiallytrapped]\n|faint|p2a: Chansey\n|upkeep\n|\n|t:|1665878656\n|switch|p2a: Tornadus|Tornadus-Therian, M|100\/100\n|turn|24\n|\n|t:|1665878659\n|move|p2a: Tornadus|Nasty Plot|p2a: Tornadus\n|-boost|p2a: Tornadus|spa|2\n|move|p1a: Heatran|Magma Storm|p2a: Tornadus|[miss]\n|-miss|p1a: Heatran|p2a: Tornadus\n|\n|upkeep\n|turn|25\n|\n|t:|1665878663\n|move|p2a: Tornadus|Focus Blast|p1a: Heatran\n|-supereffective|p1a: Heatran\n|-damage|p1a: Heatran|0 fnt\n|faint|p1a: Heatran\n|\n|upkeep\n|\n|t:|1665878666\n|switch|p1a: Clefable|Clefable, M|100\/100\n|turn|26\n|\n|t:|1665878669\n|move|p2a: Tornadus|Hurricane|p1a: Clefable\n|-damage|p1a: Clefable|58\/100\n|-start|p1a: Clefable|confusion\n|-activate|p1a: Clefable|confusion\n|move|p1a: Clefable|Calm Mind|p1a: Clefable\n|-boost|p1a: Clefable|spa|1\n|-boost|p1a: Clefable|spd|1\n|\n|upkeep\n|turn|27\n|\n|t:|1665878677\n|move|p2a: Tornadus|Knock Off|p1a: Clefable\n|-resisted|p1a: Clefable\n|-damage|p1a: Clefable|50\/100\n|-enditem|p1a: Clefable|Heavy-Duty Boots|[from] move: Knock Off|[of] p2a: Tornadus\n|-activate|p1a: Clefable|confusion\n|move|p1a: Clefable|Soft-Boiled|p1a: Clefable\n|-heal|p1a: Clefable|99\/100\n|\n|upkeep\n|turn|28\n|\n|t:|1665878684\n|switch|p2a: Toxapex|Toxapex, M|60\/100\n|-damage|p2a: Toxapex|48\/100|[from] Stealth Rock\n|-activate|p1a: Clefable|confusion\n|move|p1a: Clefable|Moonblast|p2a: Toxapex\n|-resisted|p2a: Toxapex\n|-damage|p2a: Toxapex|27\/100\n|-unboost|p2a: Toxapex|spa|1\n|\n|upkeep\n|turn|29\n|l| Kwaga\n|\n|t:|1665878689\n|switch|p1a: Reuniclus|Reuniclus, M, shiny|100\/100 par\n|-damage|p1a: Reuniclus|88\/100 par|[from] Stealth Rock\n|switch|p2a: Hippowdon|Hippowdon, F|94\/100 tox\n|-damage|p2a: Hippowdon|88\/100 tox|[from] Stealth Rock\n|-weather|Sandstorm|[from] ability: Sand Stream|[of] p2a: Hippowdon\n|\n|-weather|Sandstorm|[upkeep]\n|-damage|p1a: Reuniclus|82\/100 par|[from] Sandstorm\n|-heal|p2a: Hippowdon|94\/100 tox|[from] item: Leftovers\n|-damage|p2a: Hippowdon|88\/100 tox|[from] psn\n|upkeep\n|turn|30\n|l| sbhshsgehfhf\n|\n|t:|1665878701\n|switch|p2a: Toxapex|Toxapex, M|61\/100\n|-damage|p2a: Toxapex|48\/100|[from] Stealth Rock\n|move|p1a: Reuniclus|Future Sight|p2a: Toxapex\n|-start|p1a: Reuniclus|move: Future Sight\n|\n|-weather|Sandstorm|[upkeep]\n|-damage|p2a: Toxapex|42\/100|[from] Sandstorm\n|-damage|p1a: Reuniclus|76\/100 par|[from] Sandstorm\n|upkeep\n|turn|31\n|\n|t:|1665878706\n|move|p2a: Toxapex|Light Screen|p2a: Toxapex\n|-sidestart|p2: Highv0ltag3|move: Light Screen\n|cant|p1a: Reuniclus|par\n|\n|-weather|Sandstorm|[upkeep]\n|-damage|p2a: Toxapex|36\/100|[from] Sandstorm\n|-damage|p1a: Reuniclus|70\/100 par|[from] Sandstorm\n|upkeep\n|turn|32\n|\n|t:|1665878709\n|move|p2a: Toxapex|Recover|p2a: Toxapex\n|-heal|p2a: Toxapex|86\/100\n|move|p1a: Reuniclus|Knock Off|p2a: Toxapex\n|-damage|p2a: Toxapex|76\/100\n|-enditem|p2a: Toxapex|Shed Shell|[from] move: Knock Off|[of] p1a: Reuniclus\n|\n|-weather|Sandstorm|[upkeep]\n|-damage|p2a: Toxapex|70\/100|[from] Sandstorm\n|-damage|p1a: Reuniclus|64\/100 par|[from] Sandstorm\n|-end|p2a: Toxapex|move: Future Sight\n|-supereffective|p2a: Toxapex\n|-damage|p2a: Toxapex|23\/100\n|upkeep\n|turn|33\n|\n|t:|1665878715\n|move|p2a: Toxapex|Recover|p2a: Toxapex\n|-heal|p2a: Toxapex|73\/100\n|move|p1a: Reuniclus|Future Sight|p2a: Toxapex\n|-start|p1a: Reuniclus|move: Future Sight\n|\n|-weather|none\n|upkeep\n|turn|34\n|\n|t:|1665878719\n|move|p2a: Toxapex|Knock Off|p1a: Reuniclus\n|-supereffective|p1a: Reuniclus\n|-damage|p1a: Reuniclus|35\/100 par\n|-enditem|p1a: Reuniclus|Assault Vest|[from] move: Knock Off|[of] p2a: Toxapex\n|move|p1a: Reuniclus|Shadow Ball|p2a: Toxapex\n|-damage|p2a: Toxapex|62\/100\n|-unboost|p2a: Toxapex|spd|1\n|\n|upkeep\n|turn|35\n|\n|t:|1665878730\n|switch|p2a: Corviknight|Corviknight, M|100\/100\n|-damage|p2a: Corviknight|88\/100|[from] Stealth Rock\n|-ability|p2a: Corviknight|Pressure\n|move|p1a: Reuniclus|Knock Off|p2a: Corviknight\n|-damage|p2a: Corviknight|78\/100\n|-enditem|p2a: Corviknight|Shed Shell|[from] move: Knock Off|[of] p1a: Reuniclus\n|\n|-end|p2a: Corviknight|move: Future Sight\n|-resisted|p2a: Corviknight\n|-damage|p2a: Corviknight|66\/100\n|-sideend|p2: Highv0ltag3|move: Light Screen\n|upkeep\n|turn|36\n|j| meta abuser\n|\n|t:|1665878742\n|switch|p1a: Gastrodon|Gastrodon-East, F|92\/100 tox\n|-damage|p1a: Gastrodon|86\/100 tox|[from] Stealth Rock\n|move|p2a: Corviknight|Roost|p2a: Corviknight\n|-heal|p2a: Corviknight|100\/100\n|-singleturn|p2a: Corviknight|move: Roost\n|\n|-damage|p1a: Gastrodon|80\/100 tox|[from] psn\n|upkeep\n|turn|37\n|\n|t:|1665878748\n|switch|p2a: Toxapex|Toxapex, M|96\/100\n|-damage|p2a: Toxapex|83\/100|[from] Stealth Rock\n|move|p1a: Gastrodon|Scald|p2a: Toxapex\n|-resisted|p2a: Toxapex\n|-damage|p2a: Toxapex|71\/100\n|-status|p2a: Toxapex|brn\n|\n|-damage|p1a: Gastrodon|68\/100 tox|[from] psn\n|-damage|p2a: Toxapex|65\/100 brn|[from] brn\n|upkeep\n|turn|38\n|\n|t:|1665878751\n|move|p1a: Gastrodon|Earth Power|p2a: Toxapex\n|-supereffective|p2a: Toxapex\n|-damage|p2a: Toxapex|14\/100 brn\n|move|p2a: Toxapex|Recover|p2a: Toxapex\n|-heal|p2a: Toxapex|64\/100 brn\n|\n|-damage|p1a: Gastrodon|50\/100 tox|[from] psn\n|-damage|p2a: Toxapex|57\/100 brn|[from] brn\n|upkeep\n|turn|39\n|\n|t:|1665878755\n|move|p1a: Gastrodon|Earth Power|p2a: Toxapex\n|-supereffective|p2a: Toxapex\n|-damage|p2a: Toxapex|6\/100 brn\n|move|p2a: Toxapex|Recover|p2a: Toxapex\n|-heal|p2a: Toxapex|56\/100 brn\n|\n|-damage|p1a: Gastrodon|25\/100 tox|[from] psn\n|-damage|p2a: Toxapex|50\/100 brn|[from] brn\n|upkeep\n|turn|40\n|\n|t:|1665878764\n|switch|p2a: Corviknight|Corviknight, M|100\/100\n|-damage|p2a: Corviknight|88\/100|[from] Stealth Rock\n|-ability|p2a: Corviknight|Pressure\n|move|p1a: Gastrodon|Recover|p1a: Gastrodon\n|-heal|p1a: Gastrodon|75\/100 tox\n|\n|-damage|p1a: Gastrodon|45\/100 tox|[from] psn\n|upkeep\n|turn|41\n|\n|t:|1665878771\n|switch|p2a: Tornadus|Tornadus-Therian, M|100\/100\n|move|p1a: Gastrodon|Recover|p1a: Gastrodon\n|-heal|p1a: Gastrodon|95\/100 tox\n|\n|-damage|p1a: Gastrodon|58\/100 tox|[from] psn\n|upkeep\n|turn|42\n|\n|t:|1665878776\n|switch|p2a: Toxapex|Toxapex, M|83\/100 brn\n|-damage|p2a: Toxapex|71\/100 brn|[from] Stealth Rock\n|move|p1a: Gastrodon|Toxic||[still]\n|-fail|p1a: Gastrodon\n|\n|-damage|p1a: Gastrodon|15\/100 tox|[from] psn\n|-damage|p2a: Toxapex|64\/100 brn|[from] brn\n|upkeep\n|turn|43\n|\n|t:|1665878782\n|switch|p1a: Reuniclus|Reuniclus, M, shiny|68\/100 par\n|-damage|p1a: Reuniclus|56\/100 par|[from] Stealth Rock\n|move|p2a: Toxapex|Recover|p2a: Toxapex\n|-heal|p2a: Toxapex|100\/100 brn\n|\n|-damage|p2a: Toxapex|94\/100 brn|[from] brn\n|upkeep\n|turn|44\n|\n|t:|1665878787\n|move|p2a: Toxapex|Light Screen|p2a: Toxapex\n|-sidestart|p2: Highv0ltag3|move: Light Screen\n|cant|p1a: Reuniclus|par\n|\n|-damage|p2a: Toxapex|88\/100 brn|[from] brn\n|upkeep\n|turn|45\n|\n|t:|1665878791\n|switch|p2a: Tornadus|Tornadus-Therian, M|100\/100\n|move|p1a: Reuniclus|Shadow Ball|p2a: Tornadus\n|-damage|p2a: Tornadus|88\/100\n|\n|upkeep\n|turn|46\n|\n|t:|1665878795\n|move|p2a: Tornadus|Hurricane|p1a: Reuniclus\n|-damage|p1a: Reuniclus|24\/100 par\n|move|p1a: Reuniclus|Knock Off|p2a: Tornadus\n|-damage|p2a: Tornadus|73\/100\n|-enditem|p2a: Tornadus|Heavy-Duty Boots|[from] move: Knock Off|[of] p1a: Reuniclus\n|\n|upkeep\n|turn|47\n|\n|t:|1665878803\n|switch|p1a: Dragonite|Dragonite, F, shiny|100\/100\n|move|p2a: Tornadus|Hurricane|p1a: Dragonite\n|-damage|p1a: Dragonite|83\/100\n|\n|upkeep\n|turn|48\n|\n|t:|1665878809\n|move|p2a: Tornadus|Knock Off|p1a: Dragonite\n|-damage|p1a: Dragonite|69\/100\n|-enditem|p1a: Dragonite|Heavy-Duty Boots|[from] move: Knock Off|[of] p2a: Tornadus\n|move|p1a: Dragonite|Roost|p1a: Dragonite\n|-heal|p1a: Dragonite|100\/100\n|-singleturn|p1a: Dragonite|move: Roost\n|\n|-sideend|p2: Highv0ltag3|move: Light Screen\n|upkeep\n|turn|49\n|\n|t:|1665878817\n|switch|p2a: Clefable|Clefable, M|100\/100\n|switch|p1a: Clefable|Clefable, M|99\/100\n|-damage|p1a: Clefable|88\/100|[from] Stealth Rock\n|\n|upkeep\n|turn|50\n|\n|t:|1665878828\n|move|p2a: Clefable|Moonblast|p1a: Clefable\n|-damage|p1a: Clefable|59\/100\n|move|p1a: Clefable|Aromatherapy|p1a: Clefable\n|-activate|p1a: Clefable|move: Aromatherapy\n|-curestatus|p1: Gastrodon|tox|[msg]\n|-curestatus|p1: Reuniclus|par|[msg]\n|\n|upkeep\n|turn|51\n|\n|t:|1665878832\n|move|p1a: Clefable|Soft-Boiled|p1a: Clefable\n|-heal|p1a: Clefable|100\/100\n|move|p2a: Clefable|Moonblast|p1a: Clefable\n|-damage|p1a: Clefable|69\/100\n|\n|upkeep\n|turn|52\n|\n|t:|1665878836\n|move|p1a: Clefable|Soft-Boiled|p1a: Clefable\n|-heal|p1a: Clefable|100\/100\n|move|p2a: Clefable|Moonblast|p1a: Clefable\n|-damage|p1a: Clefable|72\/100\n|\n|upkeep\n|turn|53\n|\n|t:|1665878838\n|move|p1a: Clefable|Soft-Boiled|p1a: Clefable\n|-heal|p1a: Clefable|100\/100\n|move|p2a: Clefable|Moonblast|p1a: Clefable\n|-damage|p1a: Clefable|69\/100\n|-unboost|p1a: Clefable|spa|1\n|\n|upkeep\n|turn|54\n|\n|t:|1665878842\n|switch|p1a: Reuniclus|Reuniclus, M, shiny|57\/100\n|-damage|p1a: Reuniclus|45\/100|[from] Stealth Rock\n|move|p2a: Clefable|Moonblast|p1a: Reuniclus\n|-damage|p1a: Reuniclus|21\/100\n|\n|upkeep\n|turn|55\n|\n|t:|1665878854\n|switch|p1a: Clefable|Clefable, M|69\/100\n|-damage|p1a: Clefable|56\/100|[from] Stealth Rock\n|move|p2a: Clefable|Moonblast|p1a: Clefable\n|-damage|p1a: Clefable|26\/100\n|\n|upkeep\n|turn|56\n|\n|t:|1665878856\n|move|p1a: Clefable|Soft-Boiled|p1a: Clefable\n|-heal|p1a: Clefable|76\/100\n|move|p2a: Clefable|Moonblast|p1a: Clefable\n|-damage|p1a: Clefable|45\/100\n|\n|upkeep\n|turn|57\n|\n|t:|1665878860\n|move|p2a: Clefable|Moonblast|p1a: Clefable\n|-damage|p1a: Clefable|18\/100\n|move|p1a: Clefable|Soft-Boiled|p1a: Clefable\n|-heal|p1a: Clefable|68\/100\n|\n|upkeep\n|turn|58\n|\n|t:|1665878864\n|move|p2a: Clefable|Moonblast|p1a: Clefable\n|-damage|p1a: Clefable|41\/100\n|-unboost|p1a: Clefable|spa|1\n|move|p1a: Clefable|Soft-Boiled|p1a: Clefable\n|-heal|p1a: Clefable|91\/100\n|\n|upkeep\n|turn|59\n|\n|t:|1665878867\n|move|p2a: Clefable|Moonblast|p1a: Clefable\n|-damage|p1a: Clefable|63\/100\n|move|p1a: Clefable|Moonblast|p2a: Clefable\n|-damage|p2a: Clefable|69\/100\n|\n|upkeep\n|turn|60\n|\n|t:|1665878870\n|move|p1a: Clefable|Soft-Boiled|p1a: Clefable\n|-heal|p1a: Clefable|100\/100\n|move|p2a: Clefable|Soft-Boiled|p2a: Clefable\n|-heal|p2a: Clefable|100\/100\n|\n|upkeep\n|turn|61\n|\n|t:|1665878873\n|switch|p1a: Reuniclus|Reuniclus, M, shiny|55\/100\n|-damage|p1a: Reuniclus|42\/100|[from] Stealth Rock\n|move|p2a: Clefable|Moonblast|p1a: Reuniclus\n|-damage|p1a: Reuniclus|17\/100\n|-unboost|p1a: Reuniclus|spa|1\n|\n|upkeep\n|turn|62\n|\n|t:|1665878876\n|switch|p1a: Clefable|Clefable, M|100\/100\n|-damage|p1a: Clefable|88\/100|[from] Stealth Rock\n|move|p2a: Clefable|Flamethrower|p1a: Clefable\n|-damage|p1a: Clefable|68\/100\n|\n|upkeep\n|turn|63\n|j| BadTonic\n|\n|t:|1665878882\n|move|p2a: Clefable|Flamethrower|p1a: Clefable\n|-damage|p1a: Clefable|48\/100\n|move|p1a: Clefable|Moonblast|p2a: Clefable\n|-damage|p2a: Clefable|71\/100\n|\n|upkeep\n|turn|64\n|\n|t:|1665878887\n|move|p2a: Clefable|Soft-Boiled|p2a: Clefable\n|-heal|p2a: Clefable|100\/100\n|move|p1a: Clefable|Soft-Boiled|p1a: Clefable\n|-heal|p1a: Clefable|98\/100\n|\n|upkeep\n|turn|65\n|\n|t:|1665878890\n|switch|p1a: Reuniclus|Reuniclus, M, shiny|50\/100\n|-damage|p1a: Reuniclus|38\/100|[from] Stealth Rock\n|switch|p2a: Toxapex|Toxapex, M|100\/100 brn\n|-damage|p2a: Toxapex|88\/100 brn|[from] Stealth Rock\n|\n|-damage|p2a: Toxapex|82\/100 brn|[from] brn\n|upkeep\n|turn|66\n|\n|t:|1665878895\n|move|p2a: Toxapex|Light Screen|p2a: Toxapex\n|-sidestart|p2: Highv0ltag3|move: Light Screen\n|move|p1a: Reuniclus|Future Sight|p2a: Toxapex\n|-start|p1a: Reuniclus|move: Future Sight\n|\n|-damage|p2a: Toxapex|75\/100 brn|[from] brn\n|upkeep\n|turn|67\n|\n|t:|1665878899\n|switch|p1a: Gastrodon|Gastrodon-East, F|15\/100\n|-damage|p1a: Gastrodon|9\/100|[from] Stealth Rock\n|move|p2a: Toxapex|Knock Off|p1a: Gastrodon\n|-damage|p1a: Gastrodon|6\/100\n|\n|-damage|p2a: Toxapex|69\/100 brn|[from] brn\n|upkeep\n|turn|68\n|l| meta abuser\n|\n|t:|1665878906\n|switch|p2a: Corviknight|Corviknight, M|88\/100\n|-damage|p2a: Corviknight|75\/100|[from] Stealth Rock\n|-ability|p2a: Corviknight|Pressure\n|move|p1a: Gastrodon|Recover|p1a: Gastrodon\n|-heal|p1a: Gastrodon|56\/100\n|\n|-end|p2a: Corviknight|move: Future Sight\n|-resisted|p2a: Corviknight\n|-damage|p2a: Corviknight|63\/100\n|upkeep\n|turn|69\n|\n|t:|1665878911\n|switch|p2a: Toxapex|Toxapex, M|100\/100 brn\n|-damage|p2a: Toxapex|88\/100 brn|[from] Stealth Rock\n|move|p1a: Gastrodon|Recover|p1a: Gastrodon\n|-heal|p1a: Gastrodon|100\/100\n|\n|-damage|p2a: Toxapex|82\/100 brn|[from] brn\n|upkeep\n|turn|70\n|\n|t:|1665878916\n|move|p1a: Gastrodon|Earth Power|p2a: Toxapex\n|-supereffective|p2a: Toxapex\n|-damage|p2a: Toxapex|57\/100 brn\n|move|p2a: Toxapex|Recover|p2a: Toxapex\n|-heal|p2a: Toxapex|100\/100 brn\n|\n|-damage|p2a: Toxapex|94\/100 brn|[from] brn\n|-sideend|p2: Highv0ltag3|move: Light Screen\n|upkeep\n|turn|71\n|\n|t:|1665878922\n|move|p1a: Gastrodon|Earth Power|p2a: Toxapex\n|-supereffective|p2a: Toxapex\n|-damage|p2a: Toxapex|45\/100 brn\n|move|p2a: Toxapex|Light Screen|p2a: Toxapex\n|-sidestart|p2: Highv0ltag3|move: Light Screen\n|\n|-damage|p2a: Toxapex|39\/100 brn|[from] brn\n|upkeep\n|turn|72\n|\n|t:|1665878926\n|switch|p2a: Corviknight|Corviknight, M|63\/100\n|-damage|p2a: Corviknight|51\/100|[from] Stealth Rock\n|-ability|p2a: Corviknight|Pressure\n|move|p1a: Gastrodon|Scald|p2a: Corviknight\n|-damage|p2a: Corviknight|40\/100\n|\n|upkeep\n|turn|73\n|\n|t:|1665878934\n|move|p2a: Corviknight|Roost|p2a: Corviknight\n|-heal|p2a: Corviknight|90\/100\n|-singleturn|p2a: Corviknight|move: Roost\n|move|p1a: Gastrodon|Scald|p2a: Corviknight\n|-damage|p2a: Corviknight|79\/100\n|\n|upkeep\n|turn|74\n|\n|t:|1665878939\n|switch|p2a: Toxapex|Toxapex, M|72\/100 brn\n|-damage|p2a: Toxapex|59\/100 brn|[from] Stealth Rock\n|move|p1a: Gastrodon|Scald|p2a: Toxapex\n|-resisted|p2a: Toxapex\n|-damage|p2a: Toxapex|54\/100 brn\n|\n|-damage|p2a: Toxapex|48\/100 brn|[from] brn\n|upkeep\n|turn|75\n|\n|t:|1665878944\n|move|p1a: Gastrodon|Earth Power|p2a: Toxapex\n|-supereffective|p2a: Toxapex\n|-damage|p2a: Toxapex|23\/100 brn\n|-unboost|p2a: Toxapex|spd|1\n|move|p2a: Toxapex|Recover|p2a: Toxapex\n|-heal|p2a: Toxapex|73\/100 brn\n|\n|-damage|p2a: Toxapex|67\/100 brn|[from] brn\n|-sideend|p2: Highv0ltag3|move: Light Screen\n|upkeep\n|turn|76\n|\n|t:|1665878948\n|switch|p2a: Corviknight|Corviknight, M|79\/100\n|-damage|p2a: Corviknight|66\/100|[from] Stealth Rock\n|-ability|p2a: Corviknight|Pressure\n|move|p1a: Gastrodon|Scald|p2a: Corviknight\n|-damage|p2a: Corviknight|42\/100\n|\n|upkeep\n|turn|77\n|j| EdaltNeru\n|\n|t:|1665878953\n|move|p2a: Corviknight|Roost|p2a: Corviknight\n|-heal|p2a: Corviknight|92\/100\n|-singleturn|p2a: Corviknight|move: Roost\n|move|p1a: Gastrodon|Earth Power|p2a: Corviknight\n|-supereffective|p2a: Corviknight\n|-damage|p2a: Corviknight|45\/100\n|\n|upkeep\n|turn|78\n|\n|t:|1665878956\n|move|p2a: Corviknight|Roost|p2a: Corviknight\n|-heal|p2a: Corviknight|95\/100\n|-singleturn|p2a: Corviknight|move: Roost\n|move|p1a: Gastrodon|Scald|p2a: Corviknight\n|-damage|p2a: Corviknight|72\/100\n|\n|upkeep\n|turn|79\n|\n|t:|1665878960\n|switch|p2a: Toxapex|Toxapex, M|99\/100 brn\n|-damage|p2a: Toxapex|87\/100 brn|[from] Stealth Rock\n|move|p1a: Gastrodon|Scald|p2a: Toxapex\n|-resisted|p2a: Toxapex\n|-damage|p2a: Toxapex|77\/100 brn\n|\n|-damage|p2a: Toxapex|71\/100 brn|[from] brn\n|upkeep\n|turn|80\n|\n|t:|1665878964\n|move|p1a: Gastrodon|Earth Power|p2a: Toxapex\n|-supereffective|p2a: Toxapex\n|-damage|p2a: Toxapex|23\/100 brn\n|move|p2a: Toxapex|Recover|p2a: Toxapex\n|-heal|p2a: Toxapex|73\/100 brn\n|\n|-damage|p2a: Toxapex|67\/100 brn|[from] brn\n|upkeep\n|turn|81\n|\n|t:|1665878972\n|move|p1a: Gastrodon|Earth Power|p2a: Toxapex\n|-supereffective|p2a: Toxapex\n|-damage|p2a: Toxapex|20\/100 brn\n|move|p2a: Toxapex|Recover|p2a: Toxapex\n|-heal|p2a: Toxapex|70\/100 brn\n|\n|-damage|p2a: Toxapex|63\/100 brn|[from] brn\n|upkeep\n|turn|82\n|\n|t:|1665878975\n|switch|p2a: Tornadus|Tornadus-Therian, M|100\/100\n|-damage|p2a: Tornadus|76\/100|[from] Stealth Rock\n|move|p1a: Gastrodon|Earth Power|p2a: Tornadus\n|-immune|p2a: Tornadus\n|\n|upkeep\n|turn|83\n|\n|t:|1665878980\n|switch|p2a: Toxapex|Toxapex, M|97\/100 brn\n|-damage|p2a: Toxapex|84\/100 brn|[from] Stealth Rock\n|move|p1a: Gastrodon|Toxic||[still]\n|-fail|p1a: Gastrodon\n|\n|-damage|p2a: Toxapex|78\/100 brn|[from] brn\n|upkeep\n|turn|84\n|\n|t:|1665878984\n|switch|p2a: Corviknight|Corviknight, M|72\/100\n|-damage|p2a: Corviknight|59\/100|[from] Stealth Rock\n|-ability|p2a: Corviknight|Pressure\n|move|p1a: Gastrodon|Earth Power|p2a: Corviknight\n|-immune|p2a: Corviknight\n|\n|upkeep\n|turn|85\n|\n|t:|1665878988\n|move|p2a: Corviknight|Roost|p2a: Corviknight\n|-heal|p2a: Corviknight|100\/100\n|-singleturn|p2a: Corviknight|move: Roost\n|move|p1a: Gastrodon|Scald|p2a: Corviknight\n|-damage|p2a: Corviknight|76\/100\n|\n|upkeep\n|turn|86\n|\n|t:|1665878994\n|switch|p2a: Toxapex|Toxapex, M|100\/100 brn\n|-damage|p2a: Toxapex|88\/100 brn|[from] Stealth Rock\n|move|p1a: Gastrodon|Scald|p2a: Toxapex\n|-resisted|p2a: Toxapex\n|-damage|p2a: Toxapex|76\/100 brn\n|\n|-damage|p2a: Toxapex|70\/100 brn|[from] brn\n|upkeep\n|turn|87\n|\n|t:|1665878999\n|switch|p2a: Corviknight|Corviknight, M|76\/100\n|-damage|p2a: Corviknight|64\/100|[from] Stealth Rock\n|-ability|p2a: Corviknight|Pressure\n|move|p1a: Gastrodon|Earth Power|p2a: Corviknight\n|-immune|p2a: Corviknight\n|\n|upkeep\n|turn|88\n|\n|t:|1665879005\n|switch|p2a: Toxapex|Toxapex, M|100\/100 brn\n|-damage|p2a: Toxapex|88\/100 brn|[from] Stealth Rock\n|move|p1a: Gastrodon|Scald|p2a: Toxapex\n|-resisted|p2a: Toxapex\n|-damage|p2a: Toxapex|76\/100 brn\n|\n|-damage|p2a: Toxapex|70\/100 brn|[from] brn\n|upkeep\n|turn|89\n|\n|t:|1665879007\n|move|p1a: Gastrodon|Earth Power|p2a: Toxapex\n|-supereffective|p2a: Toxapex\n|-damage|p2a: Toxapex|19\/100 brn\n|move|p2a: Toxapex|Recover|p2a: Toxapex\n|-heal|p2a: Toxapex|69\/100 brn\n|\n|-damage|p2a: Toxapex|63\/100 brn|[from] brn\n|upkeep\n|turn|90\n|\n|t:|1665879011\n|move|p1a: Gastrodon|Scald|p2a: Toxapex\n|-resisted|p2a: Toxapex\n|-damage|p2a: Toxapex|52\/100 brn\n|move|p2a: Toxapex|Recover|p2a: Toxapex\n|-heal|p2a: Toxapex|100\/100 brn\n|\n|-damage|p2a: Toxapex|94\/100 brn|[from] brn\n|upkeep\n|turn|91\n|\n|t:|1665879014\n|move|p1a: Gastrodon|Earth Power|p2a: Toxapex\n|-supereffective|p2a: Toxapex\n|-damage|p2a: Toxapex|43\/100 brn\n|move|p2a: Toxapex|Knock Off|p1a: Gastrodon\n|-damage|p1a: Gastrodon|97\/100\n|\n|-damage|p2a: Toxapex|37\/100 brn|[from] brn\n|upkeep\n|turn|92\n|j| Kwaga\n|\n|t:|1665879019\n|switch|p1a: Reuniclus|Reuniclus, M, shiny|71\/100\n|-damage|p1a: Reuniclus|59\/100|[from] Stealth Rock\n|move|p2a: Toxapex|Recover|p2a: Toxapex\n|-heal|p2a: Toxapex|87\/100 brn\n|\n|-damage|p2a: Toxapex|80\/100 brn|[from] brn\n|upkeep\n|turn|93\n|\n|t:|1665879024\n|move|p2a: Toxapex|Light Screen|p2a: Toxapex\n|-sidestart|p2: Highv0ltag3|move: Light Screen\n|move|p1a: Reuniclus|Future Sight|p2a: Toxapex\n|-start|p1a: Reuniclus|move: Future Sight\n|\n|-damage|p2a: Toxapex|74\/100 brn|[from] brn\n|upkeep\n|turn|94\n|\n|t:|1665879027\n|switch|p2a: Corviknight|Corviknight, M|64\/100\n|-damage|p2a: Corviknight|51\/100|[from] Stealth Rock\n|-ability|p2a: Corviknight|Pressure\n|switch|p1a: Bewear|Bewear, M|68\/100\n|-damage|p1a: Bewear|62\/100|[from] Stealth Rock\n|\n|upkeep\n|turn|95\n|\n|t:|1665879030\n|move|p1a: Bewear|Thunder Punch|p2a: Corviknight\n|-supereffective|p2a: Corviknight\n|-damage|p2a: Corviknight|18\/100\n|move|p2a: Corviknight|Roost|p2a: Corviknight\n|-heal|p2a: Corviknight|68\/100\n|-singleturn|p2a: Corviknight|move: Roost\n|\n|-end|p2a: Corviknight|move: Future Sight\n|-resisted|p2a: Corviknight\n|-damage|p2a: Corviknight|55\/100\n|upkeep\n|turn|96\n|l| Kwaga\n|\n|t:|1665879035\n|move|p1a: Bewear|Thunder Punch|p2a: Corviknight\n|-supereffective|p2a: Corviknight\n|-damage|p2a: Corviknight|20\/100\n|-status|p2a: Corviknight|par\n|move|p2a: Corviknight|Roost|p2a: Corviknight\n|-heal|p2a: Corviknight|70\/100 par\n|-singleturn|p2a: Corviknight|move: Roost\n|\n|upkeep\n|turn|97\n|\n|t:|1665879045\n|move|p1a: Bewear|Thunder Punch|p2a: Corviknight\n|-supereffective|p2a: Corviknight\n|-damage|p2a: Corviknight|31\/100 par\n|move|p2a: Corviknight|Body Press|p1a: Bewear\n|-supereffective|p1a: Bewear\n|-damage|p1a: Bewear|38\/100\n|\n|-sideend|p2: Highv0ltag3|move: Light Screen\n|upkeep\n|turn|98\n|\n|t:|1665879052\n|switch|p2a: Hippowdon|Hippowdon, F|88\/100 tox\n|-damage|p2a: Hippowdon|82\/100 tox|[from] Stealth Rock\n|-weather|Sandstorm|[from] ability: Sand Stream|[of] p2a: Hippowdon\n|move|p1a: Bewear|Close Combat|p2a: Hippowdon\n|-crit|p2a: Hippowdon\n|-damage|p2a: Hippowdon|12\/100 tox\n|-unboost|p1a: Bewear|def|1\n|-unboost|p1a: Bewear|spd|1\n|\n|-weather|Sandstorm|[upkeep]\n|-damage|p1a: Bewear|32\/100|[from] Sandstorm\n|-heal|p2a: Hippowdon|18\/100 tox|[from] item: Leftovers\n|-damage|p2a: Hippowdon|12\/100 tox|[from] psn\n|upkeep\n|turn|99\n|\n|t:|1665879059\n|switch|p2a: Toxapex|Toxapex, M|100\/100 brn\n|-damage|p2a: Toxapex|88\/100 brn|[from] Stealth Rock\n|move|p1a: Bewear|Ice Punch|p2a: Toxapex\n|-resisted|p2a: Toxapex\n|-damage|p2a: Toxapex|79\/100 brn\n|\n|-weather|Sandstorm|[upkeep]\n|-damage|p1a: Bewear|26\/100|[from] Sandstorm\n|-damage|p2a: Toxapex|73\/100 brn|[from] Sandstorm\n|-damage|p2a: Toxapex|67\/100 brn|[from] brn\n|upkeep\n|turn|100\n|j| Jongruenwald\n|\n|t:|1665879071\n|switch|p1a: Reuniclus|Reuniclus, M, shiny|92\/100\n|-damage|p1a: Reuniclus|80\/100|[from] Stealth Rock\n|move|p2a: Toxapex|Recover|p2a: Toxapex\n|-heal|p2a: Toxapex|100\/100 brn\n|\n|-weather|Sandstorm|[upkeep]\n|-damage|p2a: Toxapex|94\/100 brn|[from] Sandstorm\n|-damage|p1a: Reuniclus|74\/100|[from] Sandstorm\n|-damage|p2a: Toxapex|88\/100 brn|[from] brn\n|upkeep\n|turn|101\n|\n|t:|1665879076\n|move|p2a: Toxapex|Light Screen|p2a: Toxapex\n|-sidestart|p2: Highv0ltag3|move: Light Screen\n|move|p1a: Reuniclus|Future Sight|p2a: Toxapex\n|-start|p1a: Reuniclus|move: Future Sight\n|\n|-weather|Sandstorm|[upkeep]\n|-damage|p2a: Toxapex|82\/100 brn|[from] Sandstorm\n|-damage|p1a: Reuniclus|68\/100|[from] Sandstorm\n|-damage|p2a: Toxapex|75\/100 brn|[from] brn\n|upkeep\n|turn|102\n|\n|t:|1665879089\n|switch|p2a: Hippowdon|Hippowdon, F|12\/100 tox\n|-damage|p2a: Hippowdon|6\/100 tox|[from] Stealth Rock\n|move|p1a: Reuniclus|Shadow Ball|p2a: Hippowdon\n|-damage|p2a: Hippowdon|0 fnt\n|faint|p2a: Hippowdon\n|\n|-weather|none\n|upkeep\n|\n|t:|1665879091\n|switch|p2a: Corviknight|Corviknight, M|31\/100 par\n|-damage|p2a: Corviknight|18\/100 par|[from] Stealth Rock\n|-ability|p2a: Corviknight|Pressure\n|turn|103\n|\n|t:|1665879098\n|move|p1a: Reuniclus|Focus Blast|p2a: Corviknight\n|-damage|p2a: Corviknight|3\/100 par\n|move|p2a: Corviknight|Roost|p2a: Corviknight\n|-heal|p2a: Corviknight|53\/100 par\n|-singleturn|p2a: Corviknight|move: Roost\n|\n|-end|p2a: Corviknight|move: Future Sight\n|-resisted|p2a: Corviknight\n|-damage|p2a: Corviknight|41\/100 par\n|upkeep\n|turn|104\n|\n|t:|1665879101\n|move|p1a: Reuniclus|Shadow Ball|p2a: Corviknight\n|-damage|p2a: Corviknight|31\/100 par\n|move|p2a: Corviknight|Roost|p2a: Corviknight\n|-heal|p2a: Corviknight|81\/100 par\n|-singleturn|p2a: Corviknight|move: Roost\n|\n|upkeep\n|turn|105\n|\n|t:|1665879105\n|move|p1a: Reuniclus|Shadow Ball|p2a: Corviknight\n|-damage|p2a: Corviknight|71\/100 par\n|move|p2a: Corviknight|Roost|p2a: Corviknight\n|-heal|p2a: Corviknight|100\/100 par\n|-singleturn|p2a: Corviknight|move: Roost\n|\n|-sideend|p2: Highv0ltag3|move: Light Screen\n|upkeep\n|turn|106\n|\n|t:|1665879109\n|move|p1a: Reuniclus|Future Sight|p2a: Corviknight\n|-start|p1a: Reuniclus|move: Future Sight\n|move|p2a: Corviknight|Iron Defense|p2a: Corviknight\n|-boost|p2a: Corviknight|def|2\n|\n|upkeep\n|turn|107\n|\n|t:|1665879113\n|switch|p1a: Clefable|Clefable, M|98\/100\n|-damage|p1a: Clefable|85\/100|[from] Stealth Rock\n|move|p2a: Corviknight|Iron Defense|p2a: Corviknight\n|-boost|p2a: Corviknight|def|2\n|\n|upkeep\n|turn|108\n|\n|t:|1665879116\n|move|p1a: Clefable|Calm Mind|p1a: Clefable\n|-boost|p1a: Clefable|spa|1\n|-boost|p1a: Clefable|spd|1\n|move|p2a: Corviknight|Body Press|p1a: Clefable\n|-resisted|p1a: Clefable\n|-damage|p1a: Clefable|76\/100\n|\n|-end|p2a: Corviknight|move: Future Sight\n|-resisted|p2a: Corviknight\n|-damage|p2a: Corviknight|76\/100 par\n|upkeep\n|turn|109\n|\n|t:|1665879120\n|move|p1a: Clefable|Calm Mind|p1a: Clefable\n|-boost|p1a: Clefable|spa|1\n|-boost|p1a: Clefable|spd|1\n|move|p2a: Corviknight|Body Press|p1a: Clefable\n|-resisted|p1a: Clefable\n|-crit|p1a: Clefable\n|-damage|p1a: Clefable|62\/100\n|\n|upkeep\n|turn|110\n|\n|t:|1665879122\n|switch|p2a: Toxapex|Toxapex, M|100\/100 brn\n|-damage|p2a: Toxapex|88\/100 brn|[from] Stealth Rock\n|move|p1a: Clefable|Calm Mind|p1a: Clefable\n|-boost|p1a: Clefable|spa|1\n|-boost|p1a: Clefable|spd|1\n|\n|-damage|p2a: Toxapex|82\/100 brn|[from] brn\n|upkeep\n|turn|111\n|\n|t:|1665879124\n|move|p1a: Clefable|Moonblast|p2a: Toxapex\n|-resisted|p2a: Toxapex\n|-damage|p2a: Toxapex|49\/100 brn\n|move|p2a: Toxapex|Haze|p2a: Toxapex\n|-clearallboost\n|\n|-damage|p2a: Toxapex|43\/100 brn|[from] brn\n|upkeep\n|turn|112\n|\n|t:|1665879127\n|switch|p1a: Reuniclus|Reuniclus, M, shiny|100\/100\n|-damage|p1a: Reuniclus|88\/100|[from] Stealth Rock\n|switch|p2a: Clefable|Clefable, M|100\/100\n|\n|upkeep\n|turn|113\n|inactiveoff|Battle timer is now OFF.\n|\n|t:|1665879141\n|switch|p2a: Toxapex|Toxapex, M|76\/100 brn\n|-damage|p2a: Toxapex|64\/100 brn|[from] Stealth Rock\n|move|p1a: Reuniclus|Future Sight|p2a: Toxapex\n|-start|p1a: Reuniclus|move: Future Sight\n|\n|-damage|p2a: Toxapex|57\/100 brn|[from] brn\n|upkeep\n|turn|114\n|\n|t:|1665879146\n|move|p2a: Toxapex|Light Screen|p2a: Toxapex\n|-sidestart|p2: Highv0ltag3|move: Light Screen\n|move|p1a: Reuniclus|Shadow Ball|p2a: Toxapex\n|-damage|p2a: Toxapex|46\/100 brn\n|-unboost|p2a: Toxapex|spd|1\n|\n|-damage|p2a: Toxapex|40\/100 brn|[from] brn\n|upkeep\n|turn|115\n|\n|t:|1665879150\n|switch|p2a: Corviknight|Corviknight, M|76\/100 par\n|-damage|p2a: Corviknight|63\/100 par|[from] Stealth Rock\n|-ability|p2a: Corviknight|Pressure\n|move|p1a: Reuniclus|Shadow Ball|p2a: Corviknight\n|-damage|p2a: Corviknight|52\/100 par\n|\n|-end|p2a: Corviknight|move: Future Sight\n|-resisted|p2a: Corviknight\n|-crit|p2a: Corviknight\n|-damage|p2a: Corviknight|15\/100 par\n|upkeep\n|turn|116\n|j| cypherstest\n|\n|t:|1665879156\n|move|p1a: Reuniclus|Focus Blast|p2a: Corviknight\n|-damage|p2a: Corviknight|0 fnt\n|faint|p2a: Corviknight\n|\n|upkeep\n|\n|t:|1665879165\n|switch|p2a: Tornadus|Tornadus-Therian, M|100\/100\n|-damage|p2a: Tornadus|76\/100|[from] Stealth Rock\n|turn|117\n|\n|t:|1665879174\n|move|p2a: Tornadus|Nasty Plot|p2a: Tornadus\n|-boost|p2a: Tornadus|spa|2\n|move|p1a: Reuniclus|Future Sight|p2a: Tornadus\n|-start|p1a: Reuniclus|move: Future Sight\n|\n|upkeep\n|turn|118\n|\n|t:|1665879178\n|switch|p1a: Dragonite|Dragonite, F, shiny|100\/100\n|-damage|p1a: Dragonite|76\/100|[from] Stealth Rock\n|move|p2a: Tornadus|Hurricane|p1a: Dragonite\n|-damage|p1a: Dragonite|0 fnt\n|faint|p1a: Dragonite\n|\n|-sideend|p2: Highv0ltag3|move: Light Screen\n|upkeep\n|\n|t:|1665879181\n|switch|p1a: Clefable|Clefable, M|62\/100\n|-damage|p1a: Clefable|49\/100|[from] Stealth Rock\n|turn|119\n|\n|t:|1665879215\n|move|p2a: Tornadus|Hurricane|p1a: Clefable\n|-damage|p1a: Clefable|13\/100\n|move|p1a: Clefable|Soft-Boiled|p1a: Clefable\n|-heal|p1a: Clefable|63\/100\n|\n|-end|p2a: Tornadus|move: Future Sight\n|-damage|p2a: Tornadus|19\/100\n|upkeep\n|turn|120\n|\n|t:|1665879242\n|switch|p2a: Toxapex|Toxapex, M|73\/100 brn\n|-damage|p2a: Toxapex|61\/100 brn|[from] Stealth Rock\n|move|p1a: Clefable|Soft-Boiled|p1a: Clefable\n|-heal|p1a: Clefable|100\/100\n|\n|-damage|p2a: Toxapex|54\/100 brn|[from] brn\n|upkeep\n|turn|121\n|\n|t:|1665879246\n|switch|p1a: Reuniclus|Reuniclus, M, shiny|100\/100\n|-damage|p1a: Reuniclus|88\/100|[from] Stealth Rock\n|move|p2a: Toxapex|Light Screen|p2a: Toxapex\n|-sidestart|p2: Highv0ltag3|move: Light Screen\n|\n|-damage|p2a: Toxapex|48\/100 brn|[from] brn\n|upkeep\n|turn|122\n|\n|t:|1665879251\n|switch|p2a: Tornadus|Tornadus-Therian, M|52\/100\n|-damage|p2a: Tornadus|28\/100|[from] Stealth Rock\n|move|p1a: Reuniclus|Future Sight|p2a: Tornadus\n|-start|p1a: Reuniclus|move: Future Sight\n|\n|upkeep\n|turn|123\n|\n|t:|1665879260\n|switch|p2a: Clefable|Clefable, M|100\/100\n|move|p1a: Reuniclus|Shadow Ball|p2a: Clefable\n|-damage|p2a: Clefable|89\/100\n|\n|upkeep\n|turn|124\n|\n|t:|1665879272\n|switch|p1a: Gastrodon|Gastrodon-East, F|97\/100\n|-damage|p1a: Gastrodon|91\/100|[from] Stealth Rock\n|move|p2a: Clefable|Calm Mind|p2a: Clefable\n|-boost|p2a: Clefable|spa|1\n|-boost|p2a: Clefable|spd|1\n|\n|-end|p2a: Clefable|move: Future Sight\n|-damage|p2a: Clefable|72\/100\n|upkeep\n|turn|125\n|\n|t:|1665879277\n|switch|p2a: Toxapex|Toxapex, M|81\/100 brn\n|-damage|p2a: Toxapex|69\/100 brn|[from] Stealth Rock\n|move|p1a: Gastrodon|Toxic|p2a: Toxapex|[miss]\n|-miss|p1a: Gastrodon|p2a: Toxapex\n|\n|-damage|p2a: Toxapex|63\/100 brn|[from] brn\n|-sideend|p2: Highv0ltag3|move: Light Screen\n|upkeep\n|turn|126\n|\n|t:|1665879281\n|switch|p1a: Reuniclus|Reuniclus, M, shiny|100\/100\n|-damage|p1a: Reuniclus|88\/100|[from] Stealth Rock\n|move|p2a: Toxapex|Haze|p2a: Toxapex\n|-clearallboost\n|\n|-damage|p2a: Toxapex|56\/100 brn|[from] brn\n|upkeep\n|turn|127\n|\n|t:|1665879285\n|switch|p2a: Clefable|Clefable, M|72\/100\n|move|p1a: Reuniclus|Future Sight|p2a: Clefable\n|-start|p1a: Reuniclus|move: Future Sight\n|\n|upkeep\n|turn|128\n|\n|t:|1665879290\n|switch|p2a: Toxapex|Toxapex, M|90\/100 brn\n|-damage|p2a: Toxapex|77\/100 brn|[from] Stealth Rock\n|move|p1a: Reuniclus|Knock Off|p2a: Toxapex\n|-damage|p2a: Toxapex|71\/100 brn\n|\n|-damage|p2a: Toxapex|65\/100 brn|[from] brn\n|upkeep\n|turn|129\n|inactive|Battle timer is ON: inactive players will automatically lose when time's up. (requested by MrRuf4si)\n|\n|t:|1665879308\n|move|p2a: Toxapex|Light Screen|p2a: Toxapex\n|-sidestart|p2: Highv0ltag3|move: Light Screen\n|move|p1a: Reuniclus|Shadow Ball|p2a: Toxapex\n|-damage|p2a: Toxapex|54\/100 brn\n|\n|-end|p2a: Toxapex|move: Future Sight\n|-supereffective|p2a: Toxapex\n|-damage|p2a: Toxapex|6\/100 brn\n|-damage|p2a: Toxapex|0 fnt|[from] brn\n|faint|p2a: Toxapex\n|upkeep\n|\n|t:|1665879315\n|switch|p2a: Tornadus|Tornadus-Therian, M|61\/100\n|-damage|p2a: Tornadus|36\/100|[from] Stealth Rock\n|turn|130\n|\n|t:|1665879320\n|move|p2a: Tornadus|Nasty Plot|p2a: Tornadus\n|-boost|p2a: Tornadus|spa|2\n|move|p1a: Reuniclus|Future Sight|p2a: Tornadus\n|-start|p1a: Reuniclus|move: Future Sight\n|\n|upkeep\n|turn|131\n|\n|t:|1665879331\n|switch|p1a: Bewear|Bewear, M|26\/100\n|-damage|p1a: Bewear|20\/100|[from] Stealth Rock\n|move|p2a: Tornadus|Hurricane|p1a: Bewear\n|-supereffective|p1a: Bewear\n|-damage|p1a: Bewear|0 fnt\n|faint|p1a: Bewear\n|\n|upkeep\n|j| Udfhr\n|\n|t:|1665879333\n|switch|p1a: Clefable|Clefable, M|100\/100\n|-damage|p1a: Clefable|88\/100|[from] Stealth Rock\n|turn|132\n|\n|t:|1665879337\n|move|p2a: Tornadus|Hurricane|p1a: Clefable\n|-crit|p1a: Clefable\n|-damage|p1a: Clefable|30\/100\n|move|p1a: Clefable|Moonblast|p2a: Tornadus\n|-damage|p2a: Tornadus|19\/100\n|\n|-end|p2a: Tornadus|move: Future Sight\n|-damage|p2a: Tornadus|0 fnt\n|faint|p2a: Tornadus\n|upkeep\n|\n|t:|1665879340\n|switch|p2a: Clefable|Clefable, M|72\/100\n|turn|133\n|\n|t:|1665879343\n|switch|p1a: Gastrodon|Gastrodon-East, F|91\/100\n|-damage|p1a: Gastrodon|85\/100|[from] Stealth Rock\n|move|p2a: Clefable|Calm Mind|p2a: Clefable\n|-boost|p2a: Clefable|spa|1\n|-boost|p2a: Clefable|spd|1\n|\n|-sideend|p2: Highv0ltag3|move: Light Screen\n|upkeep\n|turn|134\n|\n|t:|1665879348\n|move|p2a: Clefable|Calm Mind|p2a: Clefable\n|-boost|p2a: Clefable|spa|1\n|-boost|p2a: Clefable|spd|1\n|move|p1a: Gastrodon|Toxic|p2a: Clefable\n|-status|p2a: Clefable|tox\n|\n|-damage|p2a: Clefable|65\/100 tox|[from] psn\n|upkeep\n|turn|135\n|\n|t:|1665879351\n|move|p2a: Clefable|Calm Mind|p2a: Clefable\n|-boost|p2a: Clefable|spa|1\n|-boost|p2a: Clefable|spd|1\n|move|p1a: Gastrodon|Scald|p2a: Clefable\n|-damage|p2a: Clefable|56\/100 tox\n|\n|-damage|p2a: Clefable|43\/100 tox|[from] psn\n|upkeep\n|turn|136\n|\n|t:|1665879356\n|switch|p1a: Clefable|Clefable, M|30\/100\n|-damage|p1a: Clefable|18\/100|[from] Stealth Rock\n|move|p2a: Clefable|Calm Mind|p2a: Clefable\n|-boost|p2a: Clefable|spa|1\n|-boost|p2a: Clefable|spd|1\n|\n|-damage|p2a: Clefable|25\/100 tox|[from] psn\n|upkeep\n|turn|137\n|j| ISimpForIono\n|\n|t:|1665879361\n|move|p1a: Clefable|Soft-Boiled|p1a: Clefable\n|-heal|p1a: Clefable|68\/100\n|move|p2a: Clefable|Moonblast|p1a: Clefable\n|-damage|p1a: Clefable|37\/100\n|\n|-damage|p2a: Clefable|1\/100 tox|[from] psn\n|upkeep\n|turn|138\n|j| Guizinsssxz\n|l| EdaltNeru\n|c|\u2606Highv0ltag3|GgGg\n|-message|Highv0ltag3 forfeited.\n|\n|win|MrRuf4si\n|raw|MrRuf4si's rating: 1754 &rarr; <strong>1782<\/strong><br \/>(+28 for winning)\n|raw|Highv0ltag3's rating: 1902 &rarr; <strong>1874<\/strong><br \/>(-28 for losing)\n|l|\u2606Highv0ltag3\n|l| Guizinsssxz\n|l| RazorForce21\n|l| cypherstest\n||Ladder isn't responding, score probably updated but might not have (Request timeout).\n","uploadtime":1665879390,"views":32,"p1id":"mrruf4si","p2id":"highv0ltag3","formatid":"gen8ou","rating":1782,"private":0,"password":null}