{"id":"gen8ou-1626665885","p1":"Barracades","p2":"LT91BB animefan","format":"gen8ou","log":"|raw|<div class=\"broadcast-blue\"><strong>This battle is required to be public due to a player having a name starting with 'lt91bb'.<\/div>\n|j|\u2606Barracades\n|j|\u2606LT91BB animefan\n|t:|1658960534\n|gametype|singles\n|player|p1|Barracades|roark|1898\n|player|p2|LT91BB animefan|170|1931\n|teamsize|p1|6\n|teamsize|p2|6\n|gen|8\n|tier|[Gen 8] OU\n|rated|\n|rule|Sleep Clause Mod: Limit one foe put to sleep\n|rule|Species Clause: Limit one of each Pok\u00e9mon\n|rule|OHKO Clause: OHKO moves are banned\n|rule|Evasion Moves Clause: Evasion moves are banned\n|rule|Endless Battle Clause: Forcing endless battles is banned\n|rule|HP Percentage Mod: HP is shown in percentages\n|rule|Dynamax Clause: You cannot dynamax\n|clearpoke\n|poke|p1|Latios, M|\n|poke|p1|Magnezone|\n|poke|p1|Melmetal|\n|poke|p1|Pelipper, M|\n|poke|p1|Seismitoad, M|\n|poke|p1|Weavile, M|\n|poke|p2|Bronzong|\n|poke|p2|Clefable, F|\n|poke|p2|Tangrowth, F|\n|poke|p2|Toxapex, M|\n|poke|p2|Zapdos|\n|poke|p2|Tyranitar, F|\n|teampreview\n|inactive|Battle timer is ON: inactive players will automatically lose when time's up. (requested by LT91BB animefan)\n|c|\u2606LT91BB animefan|hf\n|c|\u2606Barracades|hfhf\n|j| Jynn\n|\n|t:|1658960555\n|start\n|switch|p1a: Celestine|Latios, M, shiny|100\/100\n|switch|p2a: Bronzong|Bronzong|100\/100\n|turn|1\n|\n|t:|1658960560\n|switch|p1a: UFO|Magnezone, shiny|100\/100\n|-item|p1a: UFO|Air Balloon\n|move|p2a: Bronzong|Stealth Rock|p1a: UFO\n|-sidestart|p1: Barracades|move: Stealth Rock\n|\n|upkeep\n|turn|2\n|j| Nancy J McDonie\n|j| MPEKAS\n|\n|t:|1658960564\n|move|p1a: UFO|Iron Defense|p1a: UFO\n|-boost|p1a: UFO|def|2\n|move|p2a: Bronzong|Toxic|p1a: UFO\n|-immune|p1a: UFO\n|\n|upkeep\n|turn|3\n|\n|t:|1658960570\n|move|p1a: UFO|Iron Defense|p1a: UFO\n|-boost|p1a: UFO|def|2\n|move|p2a: Bronzong|Toxic|p1a: UFO\n|-immune|p1a: UFO\n|\n|upkeep\n|turn|4\n|\n|t:|1658960572\n|move|p1a: UFO|Iron Defense|p1a: UFO\n|-boost|p1a: UFO|def|2\n|move|p2a: Bronzong|Earthquake|p1a: UFO\n|-immune|p1a: UFO\n|\n|upkeep\n|turn|5\n|\n|t:|1658960576\n|move|p2a: Bronzong|Protect|p2a: Bronzong\n|-singleturn|p2a: Bronzong|Protect\n|move|p1a: UFO|Body Press|p2a: Bronzong\n|-activate|p2a: Bronzong|move: Protect\n|\n|upkeep\n|turn|6\n|\n|t:|1658960578\n|move|p2a: Bronzong|Protect||[still]\n|-fail|p2a: Bronzong\n|move|p1a: UFO|Body Press|p2a: Bronzong\n|-damage|p2a: Bronzong|1\/100\n|\n|-heal|p2a: Bronzong|7\/100|[from] item: Leftovers\n|upkeep\n|turn|7\n|j| noudle soop\n|j| picket wicket\n|j| CALL THE CREW\n|j| LT91BB Lou\n|j| irgendwasmitmeeem\n|\n|t:|1658960581\n|move|p2a: Bronzong|Protect|p2a: Bronzong\n|-singleturn|p2a: Bronzong|Protect\n|move|p1a: UFO|Discharge|p2a: Bronzong\n|-activate|p2a: Bronzong|move: Protect\n|\n|-heal|p2a: Bronzong|14\/100|[from] item: Leftovers\n|upkeep\n|turn|8\n|\n|t:|1658960583\n|move|p2a: Bronzong|Protect||[still]\n|-fail|p2a: Bronzong\n|move|p1a: UFO|Body Press|p2a: Bronzong\n|-damage|p2a: Bronzong|0 fnt\n|faint|p2a: Bronzong\n|\n|upkeep\n|\n|t:|1658960584\n|switch|p2a: Clefable|Clefable, F|100\/100\n|turn|9\n|j| LT91BB Tace\n|j| LT91BB xray\n|j| ValentinoPercento\n|\n|t:|1658960587\n|move|p1a: UFO|Discharge|p2a: Clefable\n|-damage|p2a: Clefable|68\/100\n|move|p2a: Clefable|Flamethrower|p1a: UFO\n|-supereffective|p1a: UFO\n|-damage|p1a: UFO|45\/100\n|-enditem|p1a: UFO|Air Balloon\n|\n|upkeep\n|turn|10\n|j| LT91BB Raizen\n|\n|t:|1658960591\n|move|p1a: UFO|Discharge|p2a: Clefable\n|-damage|p2a: Clefable|33\/100\n|-status|p2a: Clefable|par\n|move|p2a: Clefable|Soft-Boiled|p2a: Clefable\n|-heal|p2a: Clefable|83\/100 par\n|\n|upkeep\n|turn|11\n|\n|t:|1658960595\n|switch|p1a: Messenger|Pelipper, M, shiny|100\/100\n|-damage|p1a: Messenger|76\/100|[from] Stealth Rock\n|-weather|RainDance|[from] ability: Drizzle|[of] p1a: Messenger\n|move|p2a: Clefable|Flamethrower|p1a: Messenger\n|-resisted|p1a: Messenger\n|-damage|p1a: Messenger|70\/100\n|\n|-weather|RainDance|[upkeep]\n|upkeep\n|turn|12\n|j| LT91BB EclipseY\n|j| BALOOR\n|\n|t:|1658960601\n|switch|p2a: Tyranitar|Tyranitar, F|100\/100\n|-weather|Sandstorm|[from] ability: Sand Stream|[of] p2a: Tyranitar\n|move|p1a: Messenger|Defog|p2a: Tyranitar\n|-unboost|p2a: Tyranitar|evasion|1\n|-sideend|p1: Barracades|Stealth Rock|[from] move: Defog|[of] p1a: Messenger\n|\n|-weather|Sandstorm|[upkeep]\n|-damage|p1a: Messenger|64\/100|[from] Sandstorm\n|upkeep\n|turn|13\n|\n|t:|1658960607\n|switch|p1a: UFO|Magnezone, shiny|45\/100\n|move|p2a: Tyranitar|Rock Blast|p1a: UFO\n|-resisted|p1a: UFO\n|-damage|p1a: UFO|41\/100\n|-resisted|p1a: UFO\n|-damage|p1a: UFO|37\/100\n|-hitcount|p1a: UFO|2\n|\n|-weather|Sandstorm|[upkeep]\n|upkeep\n|turn|14\n|\n|t:|1658960611\n|switch|p2a: Zapdos|Zapdos|100\/100\n|-ability|p2a: Zapdos|Pressure\n|move|p1a: UFO|Body Press|p2a: Zapdos\n|-resisted|p2a: Zapdos\n|-crit|p2a: Zapdos\n|-damage|p2a: Zapdos|79\/100\n|\n|-weather|Sandstorm|[upkeep]\n|-damage|p2a: Zapdos|73\/100|[from] Sandstorm\n|upkeep\n|turn|15\n|\n|t:|1658960615\n|switch|p1a: Celestine|Latios, M, shiny|100\/100\n|move|p2a: Zapdos|Hurricane|p1a: Celestine|[miss]\n|-miss|p2a: Zapdos|p1a: Celestine\n|\n|-weather|Sandstorm|[upkeep]\n|-damage|p1a: Celestine|95\/100|[from] Sandstorm\n|-damage|p2a: Zapdos|67\/100|[from] Sandstorm\n|upkeep\n|turn|16\n|\n|t:|1658960623\n|switch|p2a: Clefable|Clefable, F|83\/100 par\n|move|p1a: Celestine|Trick|p2a: Clefable\n|-activate|p1a: Celestine|move: Trick|[of] p2a: Clefable\n|-item|p2a: Clefable|Choice Scarf|[from] move: Trick\n|-item|p1a: Celestine|Life Orb|[from] move: Trick\n|\n|-weather|none\n|upkeep\n|turn|17\n|j| LT91BB Leru\n|\n|t:|1658960628\n|move|p1a: Celestine|Future Sight|p2a: Clefable\n|-start|p1a: Celestine|move: Future Sight\n|cant|p2a: Clefable|par\n|\n|upkeep\n|turn|18\n|l| LT91BB EclipseY\n|j| Skyrio\n|\n|t:|1658960633\n|switch|p1a: Fate|Melmetal, shiny|100\/100\n|move|p2a: Clefable|Moonblast|p1a: Fate\n|-resisted|p1a: Fate\n|-crit|p1a: Fate\n|-damage|p1a: Fate|83\/100\n|\n|-heal|p1a: Fate|89\/100|[from] item: Leftovers\n|upkeep\n|turn|19\n|j| RNN YasuKe\n|\n|t:|1658960638\n|move|p2a: Clefable|Moonblast|p1a: Fate\n|-resisted|p1a: Fate\n|-damage|p1a: Fate|78\/100\n|move|p1a: Fate|Double Iron Bash|p2a: Clefable\n|-supereffective|p2a: Clefable\n|-damage|p2a: Clefable|28\/100 par\n|-supereffective|p2a: Clefable\n|-damage|p2a: Clefable|0 fnt\n|faint|p2a: Clefable\n|-hitcount|p2: Clefable|2\n|\n|-hint|Future Sight did not hit because the target is fainted.\n|-heal|p1a: Fate|84\/100|[from] item: Leftovers\n|upkeep\n|j| jhehehehe\n|\n|t:|1658960641\n|switch|p2a: Tangrowth|Tangrowth, F|100\/100\n|turn|20\n|\n|t:|1658960647\n|switch|p2a: Toxapex|Toxapex, M|100\/100\n|switch|p1a: Celestine|Latios, M, shiny|95\/100\n|\n|upkeep\n|turn|21\n|\n|t:|1658960651\n|move|p1a: Celestine|Future Sight|p2a: Toxapex\n|-start|p1a: Celestine|move: Future Sight\n|move|p2a: Toxapex|Knock Off|p1a: Celestine\n|-supereffective|p1a: Celestine\n|-damage|p1a: Celestine|55\/100\n|-enditem|p1a: Celestine|Life Orb|[from] move: Knock Off|[of] p2a: Toxapex\n|\n|upkeep\n|turn|22\n|j| LT91BB EclipseY\n|j| Trannos\n|j|+heroictobias\n|\n|t:|1658960660\n|switch|p1a: Fate|Melmetal, shiny|84\/100\n|move|p2a: Toxapex|Knock Off|p1a: Fate\n|-damage|p1a: Fate|76\/100\n|-enditem|p1a: Fate|Leftovers|[from] move: Knock Off|[of] p2a: Toxapex\n|\n|upkeep\n|turn|23\n|j| Pokemh\n|l| Trannos\n|n| Akany|skyrio\n|\n|t:|1658960668\n|switch|p2a: Zapdos|Zapdos|67\/100\n|-ability|p2a: Zapdos|Pressure\n|move|p1a: Fate|Earthquake|p2a: Zapdos\n|-immune|p2a: Zapdos\n|\n|-end|p2a: Zapdos|move: Future Sight\n|-damage|p2a: Zapdos|21\/100\n|upkeep\n|turn|24\n|\n|t:|1658960673\n|move|p2a: Zapdos|Volt Switch|p1a: Fate\n|-damage|p1a: Fate|56\/100\n|j| Trannos\n|\n|t:|1658960675\n|switch|p2a: Toxapex|Toxapex, M|100\/100|[from]move: Volt Switch\n|move|p1a: Fate|Toxic|p2a: Toxapex\n|-immune|p2a: Toxapex\n|\n|upkeep\n|turn|25\n|\n|t:|1658960678\n|switch|p1a: Celestine|Latios, M, shiny|55\/100\n|switch|p2a: Tangrowth|Tangrowth, F|100\/100\n|\n|upkeep\n|turn|26\n|\n|t:|1658960682\n|switch|p2a: Tyranitar|Tyranitar, F|100\/100\n|-weather|Sandstorm|[from] ability: Sand Stream|[of] p2a: Tyranitar\n|move|p1a: Celestine|Ice Beam|p2a: Tyranitar\n|-damage|p2a: Tyranitar|87\/100\n|\n|-weather|Sandstorm|[upkeep]\n|-damage|p1a: Celestine|49\/100|[from] Sandstorm\n|upkeep\n|turn|27\n|j| Cryofield\n|\n|t:|1658960684\n|move|p1a: Celestine|Future Sight|p2a: Tyranitar\n|-start|p1a: Celestine|move: Future Sight\n|move|p2a: Tyranitar|Rock Blast|p1a: Celestine\n|-damage|p1a: Celestine|34\/100\n|-damage|p1a: Celestine|19\/100\n|-damage|p1a: Celestine|4\/100\n|-damage|p1a: Celestine|0 fnt\n|faint|p1a: Celestine\n|-hitcount|p1: Celestine|4\n|\n|-weather|Sandstorm|[upkeep]\n|upkeep\n|\n|t:|1658960687\n|switch|p1a: Fate|Melmetal, shiny|56\/100\n|turn|28\n|\n|t:|1658960692\n|switch|p2a: Toxapex|Toxapex, M|100\/100\n|move|p1a: Fate|Double Iron Bash|p2a: Toxapex\n|-resisted|p2a: Toxapex\n|-damage|p2a: Toxapex|91\/100\n|-damage|p1a: Fate|40\/100|[from] item: Rocky Helmet|[of] p2a: Toxapex\n|-resisted|p2a: Toxapex\n|-damage|p2a: Toxapex|81\/100\n|-damage|p1a: Fate|23\/100|[from] item: Rocky Helmet|[of] p2a: Toxapex\n|-hitcount|p2a: Toxapex|2\n|\n|-weather|Sandstorm|[upkeep]\n|-damage|p2a: Toxapex|75\/100|[from] Sandstorm\n|upkeep\n|turn|29\n|j| CallMePrimal\n|j| RowzerXT\n|l| Trannos\n|j| derpyboi\n|\n|t:|1658960712\n|switch|p2a: Zapdos|Zapdos|21\/100\n|-ability|p2a: Zapdos|Pressure\n|move|p1a: Fate|Earthquake|p2a: Zapdos\n|-immune|p2a: Zapdos\n|\n|-weather|Sandstorm|[upkeep]\n|-damage|p2a: Zapdos|15\/100|[from] Sandstorm\n|-end|p2a: Zapdos|move: Future Sight\n|-damage|p2a: Zapdos|0 fnt\n|faint|p2a: Zapdos\n|upkeep\n|\n|t:|1658960715\n|switch|p2a: Tangrowth|Tangrowth, F|100\/100\n|turn|30\n|\n|t:|1658960718\n|move|p1a: Fate|Protect|p1a: Fate\n|-singleturn|p1a: Fate|Protect\n|move|p2a: Tangrowth|Focus Blast|p1a: Fate\n|-activate|p1a: Fate|move: Protect\n|\n|-weather|none\n|upkeep\n|turn|31\n|j| Trannos\n|\n|t:|1658960724\n|switch|p1a: Messenger|Pelipper, M, shiny|64\/100\n|-weather|RainDance|[from] ability: Drizzle|[of] p1a: Messenger\n|move|p2a: Tangrowth|Toxic|p1a: Messenger\n|-status|p1a: Messenger|tox\n|\n|-weather|RainDance|[upkeep]\n|-damage|p1a: Messenger|57\/100 tox|[from] psn\n|upkeep\n|turn|32\n|\n|t:|1658960730\n|move|p2a: Tangrowth|Focus Blast|p1a: Messenger|[miss]\n|-miss|p2a: Tangrowth|p1a: Messenger\n|move|p1a: Messenger|U-turn|p2a: Tangrowth\n|-supereffective|p2a: Tangrowth\n|-damage|p2a: Tangrowth|90\/100\n|-damage|p1a: Messenger|41\/100 tox|[from] item: Rocky Helmet|[of] p2a: Tangrowth\n|c|\u2606LT91BB animefan|so slow\n|\n|t:|1658960741\n|switch|p1a: Globox|Seismitoad, M, shiny|100\/100|[from]move: U-turn\n|\n|-weather|RainDance|[upkeep]\n|upkeep\n|turn|33\n|\n|t:|1658960744\n|switch|p2a: Tyranitar|Tyranitar, F|87\/100\n|-weather|Sandstorm|[from] ability: Sand Stream|[of] p2a: Tyranitar\n|move|p1a: Globox|Sludge Wave|p2a: Tyranitar\n|-resisted|p2a: Tyranitar\n|-damage|p2a: Tyranitar|80\/100\n|-damage|p1a: Globox|91\/100|[from] item: Life Orb\n|\n|-weather|Sandstorm|[upkeep]\n|upkeep\n|turn|34\n|\n|t:|1658960749\n|move|p1a: Globox|Earth Power|p2a: Tyranitar\n|-supereffective|p2a: Tyranitar\n|-damage|p2a: Tyranitar|37\/100\n|-damage|p1a: Globox|81\/100|[from] item: Life Orb\n|move|p2a: Tyranitar|Earthquake|p1a: Globox\n|-damage|p1a: Globox|46\/100\n|\n|-weather|Sandstorm|[upkeep]\n|upkeep\n|turn|35\n|\n|t:|1658960753\n|switch|p2a: Tangrowth|Tangrowth, F|100\/100\n|move|p1a: Globox|Earth Power|p2a: Tangrowth\n|-resisted|p2a: Tangrowth\n|-damage|p2a: Tangrowth|65\/100\n|-damage|p1a: Globox|36\/100|[from] item: Life Orb\n|\n|-weather|Sandstorm|[upkeep]\n|-damage|p2a: Tangrowth|59\/100|[from] Sandstorm\n|upkeep\n|turn|36\n|\n|t:|1658960764\n|switch|p2a: Toxapex|Toxapex, M|100\/100\n|move|p1a: Globox|Sludge Wave|p2a: Toxapex\n|-resisted|p2a: Toxapex\n|-damage|p2a: Toxapex|86\/100\n|-damage|p1a: Globox|26\/100|[from] item: Life Orb\n|\n|-weather|Sandstorm|[upkeep]\n|-damage|p2a: Toxapex|80\/100|[from] Sandstorm\n|upkeep\n|turn|37\n|\n|t:|1658960768\n|switch|p2a: Tangrowth|Tangrowth, F|92\/100\n|move|p1a: Globox|Earth Power|p2a: Tangrowth\n|-resisted|p2a: Tangrowth\n|-damage|p2a: Tangrowth|56\/100\n|-damage|p1a: Globox|16\/100|[from] item: Life Orb\n|\n|-weather|none\n|upkeep\n|turn|38\n|\n|t:|1658960773\n|switch|p2a: Toxapex|Toxapex, M|100\/100\n|move|p1a: Globox|Stealth Rock|p2a: Toxapex\n|-sidestart|p2: LT91BB animefan|move: Stealth Rock\n|\n|upkeep\n|turn|39\n|j| chokst du\n|\n|t:|1658960778\n|move|p1a: Globox|Earth Power|p2a: Toxapex\n|-supereffective|p2a: Toxapex\n|-damage|p2a: Toxapex|20\/100\n|-damage|p1a: Globox|6\/100|[from] item: Life Orb\n|move|p2a: Toxapex|Recover|p2a: Toxapex\n|-heal|p2a: Toxapex|70\/100\n|\n|upkeep\n|turn|40\n|l| chokst du\n|\n|t:|1658960784\n|switch|p2a: Tyranitar|Tyranitar, F|37\/100\n|-weather|Sandstorm|[from] ability: Sand Stream|[of] p2a: Tyranitar\n|move|p1a: Globox|Earth Power|p2a: Tyranitar\n|-supereffective|p2a: Tyranitar\n|-damage|p2a: Tyranitar|0 fnt\n|faint|p2a: Tyranitar\n|-damage|p1a: Globox|0 fnt|[from] item: Life Orb\n|faint|p1a: Globox\n|\n|-weather|Sandstorm|[upkeep]\n|upkeep\n|\n|t:|1658960789\n|switch|p1a: Messenger|Pelipper, M, shiny|41\/100 tox\n|switch|p2a: Tangrowth|Tangrowth, F|89\/100\n|-damage|p2a: Tangrowth|77\/100|[from] Stealth Rock\n|-weather|RainDance|[from] ability: Drizzle|[of] p1a: Messenger\n|turn|41\n|j| marsandback\n|\n|t:|1658960792\n|move|p2a: Tangrowth|Giga Drain|p1a: Messenger\n|-damage|p1a: Messenger|14\/100 tox\n|-heal|p2a: Tangrowth|88\/100|[from] drain|[of] p1a: Messenger\n|move|p1a: Messenger|Hurricane|p2a: Tangrowth\n|-supereffective|p2a: Tangrowth\n|-damage|p2a: Tangrowth|0 fnt\n|faint|p2a: Tangrowth\n|\n|-weather|RainDance|[upkeep]\n|-damage|p1a: Messenger|8\/100 tox|[from] psn\n|upkeep\n|c|\u2606LT91BB animefan|gg\n|c|\u2606Barracades|Gg\n|-message|LT91BB animefan forfeited.\n|\n|win|Barracades\n|raw|Barracades's rating: 1898 &rarr; <strong>1920<\/strong><br \/>(+22 for winning)\n|raw|LT91BB animefan's rating: 1931 &rarr; <strong>1909<\/strong><br \/>(-22 for losing)\n|l|\u2606LT91BB animefan\n|l| LT91BB Tace\n|l| irgendwasmitmeeem\n|l| LT91BB xray\n|l| noudle soop\n|l|\u2606Barracades\n|l| ValentinoPercento\n|l| CallMePrimal\n|l|+heroictobias\n|l| Nancy J McDonie\n|l| Trannos\n|l| Jynn\n||Ladder isn't responding, score probably updated but might not have (Request timeout).\n|l| jhehehehe\n|j| Wee Hours\n|l| Wee Hours\n|l| Cryofield\n|l| LT91BB EclipseY\n|l| Akany\n|l| BALOOR\n|l| LT91BB Raizen\n|l| derpyboi\n|l| RowzerXT\n|l| marsandback\n|j| LT91BBez\n|l| LT91BB Lou\n|l| MPEKAS\n","uploadtime":1658960804,"views":315,"p1id":"barracades","p2id":"lt91bbanimefan","formatid":"gen8ou","rating":1909,"private":0,"password":null}