{"id":"gen8ou-1144416609","p1":"Trogba Trogba","p2":"Stotch303","format":"gen8ou","log":"|j|\u2606Trogba Trogba\n|j|\u2606Stotch303\n|player|p1|Trogba Trogba|lance|1574\n|player|p2|Stotch303|266|1515\n|teamsize|p1|6\n|teamsize|p2|6\n|gametype|singles\n|gen|8\n|tier|[Gen 8] OU\n|rated|\n|clearpoke\n|poke|p1|Hippowdon, M|\n|poke|p1|Magearna|\n|poke|p1|Urshifu-*, F|\n|poke|p1|Rotom-Heat|\n|poke|p1|Toxapex, M|\n|poke|p1|Excadrill, M|\n|poke|p2|Urshifu-*, F|\n|poke|p2|Rillaboom, M|\n|poke|p2|Hawlucha, M|\n|poke|p2|Magnezone|\n|poke|p2|Mimikyu, F|\n|poke|p2|Terrakion|\n|rule|Sleep Clause Mod: Limit one foe put to sleep\n|rule|Species Clause: Limit one of each Pok\u00e9mon\n|rule|OHKO Clause: OHKO moves are banned\n|rule|Evasion Moves Clause: Evasion moves are banned\n|rule|Endless Battle Clause: Forcing endless battles is banned\n|rule|HP Percentage Mod: HP is shown in percentages\n|rule|Dynamax Clause: You cannot dynamax\n|teampreview\n|inactive|Battle timer is ON: inactive players will automatically lose when time's up. (requested by Stotch303)\n|\n|start\n|switch|p1a: Urshifu|Urshifu, F|100\/100\n|switch|p2a: Terrakion|Terrakion|100\/100\n|turn|1\n|\n|switch|p1a: Hippowdon|Hippowdon, M|100\/100\n|-weather|Sandstorm|[from] ability: Sand Stream|[of] p1a: Hippowdon\n|move|p2a: Terrakion|Close Combat|p1a: Hippowdon\n|-damage|p1a: Hippowdon|66\/100\n|-unboost|p2a: Terrakion|def|1\n|-unboost|p2a: Terrakion|spd|1\n|-damage|p2a: Terrakion|84\/100|[from] item: Rocky Helmet|[of] p1a: Hippowdon\n|\n|-weather|Sandstorm|[upkeep]\n|upkeep\n|turn|2\n|\n|move|p2a: Terrakion|Taunt|p1a: Hippowdon\n|-start|p1a: Hippowdon|move: Taunt\n|cant|p1a: Hippowdon|move: Taunt|Slack Off\n|\n|-weather|Sandstorm|[upkeep]\n|upkeep\n|turn|3\n|\n|move|p2a: Terrakion|Stealth Rock|p1a: Hippowdon\n|-sidestart|p1: Trogba Trogba|move: Stealth Rock\n|move|p1a: Hippowdon|Earthquake|p2a: Terrakion\n|-supereffective|p2a: Terrakion\n|-damage|p2a: Terrakion|0 fnt\n|faint|p2a: Terrakion\n|\n|-weather|Sandstorm|[upkeep]\n|upkeep\n|\n|switch|p2a: Rillaboom|Rillaboom, M|100\/100\n|-fieldstart|move: Grassy Terrain|[from] ability: Grassy Surge|[of] p2a: Rillaboom\n|turn|4\n|\n|switch|p1a: Rotom|Rotom-Heat|100\/100\n|move|p2a: Rillaboom|Wood Hammer|p1a: Rotom\n|-resisted|p1a: Rotom\n|-damage|p1a: Rotom|36\/100\n|-damage|p2a: Rillaboom|81\/100|[from] Recoil\n|\n|-weather|Sandstorm|[upkeep]\n|-damage|p1a: Rotom|30\/100|[from] Sandstorm\n|-damage|p2a: Rillaboom|75\/100|[from] Sandstorm\n|-heal|p2a: Rillaboom|81\/100|[from] Grassy Terrain\n|upkeep\n|turn|5\n|\n|switch|p2a: Mimikyu|Mimikyu, F|100\/100\n|move|p1a: Rotom|Overheat|p2a: Mimikyu\n|-activate|p2a: Mimikyu|ability: Disguise\n|-damage|p2a: Mimikyu|100\/100\n|-unboost|p1a: Rotom|spa|2\n|detailschange|p2a: Mimikyu|Mimikyu-Busted, F\n|-damage|p2a: Mimikyu|88\/100|[from] pokemon: Mimikyu-Busted\n|\n|-weather|none\n|-heal|p2a: Mimikyu|94\/100|[from] Grassy Terrain\n|upkeep\n|turn|6\n|\n|move|p2a: Mimikyu|Swords Dance|p2a: Mimikyu\n|-boost|p2a: Mimikyu|atk|2\n|move|p1a: Rotom|Defog|p2a: Mimikyu\n|-unboost|p2a: Mimikyu|evasion|1\n|-sideend|p1: Trogba Trogba|Stealth Rock|[from] move: Defog|[of] p1a: Rotom\n|-fieldend|move: Grassy Terrain\n|\n|upkeep\n|turn|7\n|\n|move|p2a: Mimikyu|Play Rough|p1a: Rotom\n|-resisted|p1a: Rotom\n|-damage|p1a: Rotom|0 fnt\n|-damage|p2a: Mimikyu|84\/100|[from] item: Life Orb\n|faint|p1a: Rotom\n|\n|upkeep\n|\n|switch|p1a: Toxapex|Toxapex, M|100\/100\n|turn|8\n|\n|move|p2a: Mimikyu|Shadow Claw|p1a: Toxapex\n|-damage|p1a: Toxapex|45\/100\n|-damage|p2a: Mimikyu|74\/100|[from] item: Life Orb\n|move|p1a: Toxapex|Haze|p1a: Toxapex\n|-clearallboost\n|\n|-heal|p1a: Toxapex|51\/100|[from] item: Black Sludge\n|upkeep\n|turn|9\n|\n|switch|p2a: Magnezone|Magnezone|100\/100\n|move|p1a: Toxapex|Recover|p1a: Toxapex\n|-heal|p1a: Toxapex|100\/100\n|\n|upkeep\n|turn|10\n|\n|switch|p1a: Hippowdon|Hippowdon, M|66\/100\n|-weather|Sandstorm|[from] ability: Sand Stream|[of] p1a: Hippowdon\n|move|p2a: Magnezone|Substitute|p2a: Magnezone\n|-start|p2a: Magnezone|Substitute\n|-damage|p2a: Magnezone|76\/100\n|\n|-weather|Sandstorm|[upkeep]\n|-heal|p2a: Magnezone|82\/100|[from] item: Leftovers\n|upkeep\n|turn|11\n|\n|move|p2a: Magnezone|Flash Cannon|p1a: Hippowdon\n|-damage|p1a: Hippowdon|18\/100\n|move|p1a: Hippowdon|Earthquake|p2a: Magnezone\n|-supereffective|p2a: Magnezone\n|-crit|p2a: Magnezone\n|-end|p2a: Magnezone|Substitute\n|\n|-weather|Sandstorm|[upkeep]\n|-heal|p2a: Magnezone|88\/100|[from] item: Leftovers\n|upkeep\n|turn|12\n|\n|switch|p1a: Excadrill|Excadrill, M|100\/100\n|move|p2a: Magnezone|Substitute|p2a: Magnezone\n|-start|p2a: Magnezone|Substitute\n|-damage|p2a: Magnezone|63\/100\n|\n|-weather|Sandstorm|[upkeep]\n|-heal|p2a: Magnezone|69\/100|[from] item: Leftovers\n|upkeep\n|turn|13\n|\n|move|p1a: Excadrill|Earthquake|p2a: Magnezone\n|-supereffective|p2a: Magnezone\n|-end|p2a: Magnezone|Substitute\n|move|p2a: Magnezone|Flash Cannon|p1a: Excadrill\n|-resisted|p1a: Excadrill\n|-damage|p1a: Excadrill|68\/100\n|\n|-weather|Sandstorm|[upkeep]\n|-heal|p2a: Magnezone|75\/100|[from] item: Leftovers\n|upkeep\n|turn|14\n|\n|switch|p2a: Rillaboom|Rillaboom, M|81\/100\n|-fieldstart|move: Grassy Terrain|[from] ability: Grassy Surge|[of] p2a: Rillaboom\n|move|p1a: Excadrill|Earthquake|p2a: Rillaboom\n|-resisted|p2a: Rillaboom\n|-damage|p2a: Rillaboom|64\/100\n|\n|-weather|none\n|-heal|p1a: Excadrill|74\/100|[from] Grassy Terrain\n|-heal|p2a: Rillaboom|70\/100|[from] Grassy Terrain\n|upkeep\n|turn|15\n|\n|switch|p1a: Toxapex|Toxapex, M|100\/100\n|move|p2a: Rillaboom|Wood Hammer|p1a: Toxapex\n|-crit|p1a: Toxapex\n|-damage|p1a: Toxapex|0 fnt\n|-damage|p2a: Rillaboom|41\/100|[from] Recoil\n|faint|p1a: Toxapex\n|\n|-heal|p2a: Rillaboom|47\/100|[from] Grassy Terrain\n|upkeep\n|\n|switch|p1a: Urshifu|Urshifu, F|100\/100\n|turn|16\n|\n|switch|p2a: Mimikyu|Mimikyu-Busted, F|74\/100\n|move|p1a: Urshifu|Wicked Blow|p2a: Mimikyu\n|-crit|p2a: Mimikyu\n|-damage|p2a: Mimikyu|0 fnt\n|faint|p2a: Mimikyu\n|\n|upkeep\n|\n|switch|p2a: Hawlucha|Hawlucha, M|100\/100\n|-enditem|p2a: Hawlucha|Grassy Seed\n|-boost|p2a: Hawlucha|def|1|[from] item: Grassy Seed\n|turn|17\n|\n|switch|p1a: Magearna|Magearna|100\/100\n|move|p2a: Hawlucha|Swords Dance|p2a: Hawlucha\n|-boost|p2a: Hawlucha|atk|2\n|\n|upkeep\n|turn|18\n|\n|switch|p1a: Hippowdon|Hippowdon, M|18\/100\n|-weather|Sandstorm|[from] ability: Sand Stream|[of] p1a: Hippowdon\n|move|p2a: Hawlucha|Close Combat|p1a: Hippowdon\n|-damage|p1a: Hippowdon|0 fnt\n|-unboost|p2a: Hawlucha|def|1\n|-unboost|p2a: Hawlucha|spd|1\n|-damage|p2a: Hawlucha|84\/100|[from] item: Rocky Helmet|[of] p1a: Hippowdon\n|faint|p1a: Hippowdon\n|\n|-weather|Sandstorm|[upkeep]\n|-damage|p2a: Hawlucha|78\/100|[from] Sandstorm\n|-fieldend|move: Grassy Terrain\n|upkeep\n|\n|switch|p1a: Magearna|Magearna|100\/100\n|turn|19\n|\n|move|p2a: Hawlucha|Close Combat|p1a: Magearna\n|-crit|p1a: Magearna\n|-damage|p1a: Magearna|0 fnt\n|-unboost|p2a: Hawlucha|def|1\n|-unboost|p2a: Hawlucha|spd|1\n|faint|p1a: Magearna\n|\n|-weather|Sandstorm|[upkeep]\n|-damage|p2a: Hawlucha|72\/100|[from] Sandstorm\n|upkeep\n|-message|Trogba Trogba forfeited.\n|\n|win|Stotch303\n|l|\u2606Trogba Trogba\n","uploadtime":1593789096,"views":11,"p1id":"trogbatrogba","p2id":"stotch303","formatid":"gen8ou","rating":0,"private":0,"password":null}