{"id":"gen8ou-1669246900","p1":"WoodManNiceMan","p2":"shiawasenostory","format":"gen8ou","log":"|j|\u2606WoodManNiceMan\n|j|\u2606shiawasenostory\n|t:|1663708446\n|gametype|singles\n|player|p1|WoodManNiceMan|sage|1696\n|player|p2|shiawasenostory|2|1742\n|teamsize|p1|6\n|teamsize|p2|6\n|gen|8\n|tier|[Gen 8] OU\n|rated|\n|rule|Sleep Clause Mod: Limit one foe put to sleep\n|rule|Species Clause: Limit one of each Pok\u00e9mon\n|rule|OHKO Clause: OHKO moves are banned\n|rule|Evasion Items Clause: Evasion items are banned\n|rule|Evasion Moves Clause: Evasion moves are banned\n|rule|Endless Battle Clause: Forcing endless battles is banned\n|rule|HP Percentage Mod: HP is shown in percentages\n|rule|Dynamax Clause: You cannot dynamax\n|clearpoke\n|poke|p1|Blacephalon|\n|poke|p1|Weavile, M|\n|poke|p1|Dragonite, M|\n|poke|p1|Melmetal|\n|poke|p1|Buzzwole|\n|poke|p1|Landorus-Therian, M|\n|poke|p2|Rillaboom, F|\n|poke|p2|Tornadus-Therian, M|\n|poke|p2|Blaziken, F|\n|poke|p2|Melmetal|\n|poke|p2|Garchomp, M|\n|poke|p2|Slowbro, M|\n|teampreview\n|j| man with the juice\n|j| UrSheerForce\n|\n|t:|1663708458\n|start\n|switch|p1a: Weavile|Weavile, M|100\/100\n|switch|p2a: Melmetal|Melmetal|100\/100\n|-ability|p1a: Weavile|Pressure\n|turn|1\n|inactive|Battle timer is ON: inactive players will automatically lose when time's up. (requested by WoodManNiceMan)\n|\n|t:|1663708462\n|switch|p1a: Buzzwole|Buzzwole, shiny|100\/100\n|move|p2a: Melmetal|Double Iron Bash|p1a: Buzzwole\n|-damage|p1a: Buzzwole|82\/100\n|-damage|p2a: Melmetal|84\/100|[from] item: Rocky Helmet|[of] p1a: Buzzwole\n|-damage|p1a: Buzzwole|63\/100\n|-damage|p2a: Melmetal|67\/100|[from] item: Rocky Helmet|[of] p1a: Buzzwole\n|-hitcount|p1a: Buzzwole|2\n|\n|-heal|p2a: Melmetal|74\/100|[from] item: Leftovers\n|upkeep\n|turn|2\n|\n|t:|1663708471\n|switch|p1a: Blacephalon|Blacephalon|100\/100\n|move|p2a: Melmetal|Toxic|p1a: Blacephalon\n|-status|p1a: Blacephalon|tox\n|\n|-heal|p2a: Melmetal|80\/100|[from] item: Leftovers\n|-damage|p1a: Blacephalon|94\/100 tox|[from] psn\n|upkeep\n|turn|3\n|j| foierzoig\n|\n|t:|1663708478\n|move|p2a: Melmetal|Protect|p2a: Melmetal\n|-singleturn|p2a: Melmetal|Protect\n|move|p1a: Blacephalon|Flamethrower|p2a: Melmetal\n|-activate|p2a: Melmetal|move: Protect\n|\n|-heal|p2a: Melmetal|86\/100|[from] item: Leftovers\n|-damage|p1a: Blacephalon|82\/100 tox|[from] psn\n|upkeep\n|turn|4\n|\n|t:|1663708497\n|switch|p1a: Buzzwole|Buzzwole, shiny|63\/100\n|switch|p2a: Garchomp|Garchomp, M|100\/100\n|\n|upkeep\n|turn|5\n|l| UrSheerForce\n|j| UrSheerForce\n|\n|t:|1663708501\n|switch|p2a: Slowbro|Slowbro, M|100\/100\n|move|p1a: Buzzwole|Roost|p1a: Buzzwole\n|-heal|p1a: Buzzwole|100\/100\n|-singleturn|p1a: Buzzwole|move: Roost\n|\n|upkeep\n|turn|6\n|\n|t:|1663708506\n|switch|p1a: Weavile|Weavile, M|100\/100\n|-ability|p1a: Weavile|Pressure\n|move|p2a: Slowbro|Scald|p1a: Weavile\n|-damage|p1a: Weavile|63\/100\n|-status|p1a: Weavile|brn\n|\n|-damage|p1a: Weavile|57\/100 brn|[from] brn\n|upkeep\n|turn|7\n|\n|t:|1663708509\n|switch|p1a: Dragonite|Dragonite, M|100\/100\n|switch|p2a: Melmetal|Melmetal|86\/100\n|\n|-heal|p2a: Melmetal|92\/100|[from] item: Leftovers\n|upkeep\n|turn|8\n|j| I'M AT MY LIMIT\n|\n|t:|1663708513\n|move|p1a: Dragonite|Heal Bell|p1a: Dragonite\n|-activate|p1a: Dragonite|move: Heal Bell\n|-curestatus|p1: Blacephalon|tox|[msg]\n|-curestatus|p1: Weavile|brn|[msg]\n|move|p2a: Melmetal|Toxic|p1a: Dragonite\n|-status|p1a: Dragonite|tox\n|\n|-heal|p2a: Melmetal|99\/100|[from] item: Leftovers\n|-damage|p1a: Dragonite|94\/100 tox|[from] psn\n|upkeep\n|turn|9\n|\n|t:|1663708522\n|switch|p1a: Buzzwole|Buzzwole, shiny|100\/100\n|move|p2a: Melmetal|Toxic|p1a: Buzzwole\n|-status|p1a: Buzzwole|tox\n|\n|-heal|p2a: Melmetal|100\/100|[from] item: Leftovers\n|-damage|p1a: Buzzwole|94\/100 tox|[from] psn\n|upkeep\n|turn|10\n|\n|t:|1663708530\n|switch|p2a: Slowbro|Slowbro, M|100\/100\n|move|p1a: Buzzwole|Ice Punch|p2a: Slowbro\n|-resisted|p2a: Slowbro\n|-damage|p2a: Slowbro|93\/100\n|-damage|p1a: Buzzwole|78\/100 tox|[from] item: Rocky Helmet|[of] p2a: Slowbro\n|\n|-damage|p1a: Buzzwole|65\/100 tox|[from] psn\n|upkeep\n|turn|11\n|l| I'M AT MY LIMIT\n|\n|t:|1663708541\n|switch|p1a: Dragonite|Dragonite, M|94\/100 tox\n|move|p2a: Slowbro|Scald|p1a: Dragonite\n|-resisted|p1a: Dragonite\n|-damage|p1a: Dragonite|83\/100 tox\n|\n|-damage|p1a: Dragonite|76\/100 tox|[from] psn\n|upkeep\n|turn|12\n|\n|t:|1663708549\n|move|p1a: Dragonite|Heal Bell|p1a: Dragonite\n|-activate|p1a: Dragonite|move: Heal Bell\n|-curestatus|p1a: Dragonite|tox|[msg]\n|-curestatus|p1: Buzzwole|tox|[msg]\n|move|p2a: Slowbro|Future Sight|p1a: Dragonite\n|-start|p2a: Slowbro|move: Future Sight\n|\n|upkeep\n|turn|13\n|\n|t:|1663708558\n|move|p1a: Dragonite|Roost|p1a: Dragonite\n|-heal|p1a: Dragonite|100\/100\n|-singleturn|p1a: Dragonite|move: Roost\n|move|p2a: Slowbro|Teleport|p2a: Slowbro\n|\n|t:|1663708563\n|switch|p2a: Melmetal|Melmetal|100\/100|[from]move: Teleport\n|\n|upkeep\n|turn|14\n|\n|t:|1663708566\n|switch|p1a: Melmetal|Melmetal|100\/100\n|move|p2a: Melmetal|Double Iron Bash|p1a: Melmetal\n|-resisted|p1a: Melmetal\n|-damage|p1a: Melmetal|88\/100\n|-resisted|p1a: Melmetal\n|-damage|p1a: Melmetal|73\/100\n|-hitcount|p1a: Melmetal|2\n|\n|-end|p1a: Melmetal|move: Future Sight\n|-resisted|p1a: Melmetal\n|-crit|p1a: Melmetal\n|-damage|p1a: Melmetal|55\/100\n|upkeep\n|turn|15\n|\n|t:|1663708572\n|switch|p2a: Slowbro|Slowbro, M|100\/100\n|move|p1a: Melmetal|Earthquake|p2a: Slowbro\n|-damage|p2a: Slowbro|79\/100\n|\n|upkeep\n|turn|16\n|\n|t:|1663708577\n|switch|p1a: Blacephalon|Blacephalon|82\/100\n|move|p2a: Slowbro|Scald|p1a: Blacephalon\n|-supereffective|p1a: Blacephalon\n|-damage|p1a: Blacephalon|0 fnt\n|faint|p1a: Blacephalon\n|\n|upkeep\n|\n|t:|1663708582\n|switch|p1a: Weavile|Weavile, M|57\/100\n|-ability|p1a: Weavile|Pressure\n|turn|17\n|\n|t:|1663708584\n|switch|p2a: Melmetal|Melmetal|100\/100\n|move|p1a: Weavile|Knock Off|p2a: Melmetal\n|-damage|p2a: Melmetal|49\/100\n|-enditem|p2a: Melmetal|Leftovers|[from] move: Knock Off|[of] p1a: Weavile\n|\n|upkeep\n|turn|18\n|\n|t:|1663708587\n|switch|p1a: Melmetal|Melmetal|55\/100\n|move|p2a: Melmetal|Double Iron Bash|p1a: Melmetal\n|-resisted|p1a: Melmetal\n|-damage|p1a: Melmetal|41\/100\n|-resisted|p1a: Melmetal\n|-damage|p1a: Melmetal|28\/100\n|-hitcount|p1a: Melmetal|2\n|\n|upkeep\n|turn|19\n|\n|t:|1663708592\n|switch|p1a: Weavile|Weavile, M|57\/100\n|-ability|p1a: Weavile|Pressure\n|move|p2a: Melmetal|Superpower|p1a: Weavile\n|-supereffective|p1a: Weavile\n|-damage|p1a: Weavile|0 fnt\n|-unboost|p2a: Melmetal|atk|1\n|-unboost|p2a: Melmetal|def|1\n|faint|p1a: Weavile\n|\n|upkeep\n|\n|t:|1663708600\n|switch|p1a: Landorus|Landorus-Therian, M|100\/100\n|-ability|p1a: Landorus|Intimidate|boost\n|-unboost|p2a: Melmetal|atk|1\n|turn|20\n|\n|t:|1663708604\n|switch|p2a: Rillaboom|Rillaboom, F|100\/100\n|-fieldstart|move: Grassy Terrain|[from] ability: Grassy Surge|[of] p2a: Rillaboom\n|move|p1a: Landorus|U-turn|p2a: Rillaboom\n|-supereffective|p2a: Rillaboom\n|-damage|p2a: Rillaboom|59\/100\n|\n|t:|1663708607\n|switch|p1a: Buzzwole|Buzzwole, shiny|65\/100|[from]move: U-turn\n|\n|-heal|p2a: Rillaboom|65\/100|[from] Grassy Terrain\n|-heal|p2a: Rillaboom|71\/100|[from] item: Leftovers\n|-heal|p1a: Buzzwole|72\/100|[from] Grassy Terrain\n|upkeep\n|turn|21\n|\n|t:|1663708610\n|switch|p2a: Slowbro|Slowbro, M|100\/100\n|move|p1a: Buzzwole|Leech Life|p2a: Slowbro\n|-supereffective|p2a: Slowbro\n|-damage|p2a: Slowbro|53\/100\n|-heal|p1a: Buzzwole|94\/100|[from] drain|[of] p2a: Slowbro\n|-damage|p1a: Buzzwole|78\/100|[from] item: Rocky Helmet|[of] p2a: Slowbro\n|\n|-heal|p1a: Buzzwole|84\/100|[from] Grassy Terrain\n|-heal|p2a: Slowbro|59\/100|[from] Grassy Terrain\n|upkeep\n|turn|22\n|\n|t:|1663708617\n|move|p1a: Buzzwole|Leech Life|p2a: Slowbro\n|-supereffective|p2a: Slowbro\n|-damage|p2a: Slowbro|18\/100\n|-heal|p1a: Buzzwole|100\/100|[from] drain|[of] p2a: Slowbro\n|-damage|p1a: Buzzwole|84\/100|[from] item: Rocky Helmet|[of] p2a: Slowbro\n|move|p2a: Slowbro|Toxic|p1a: Buzzwole|[miss]\n|-miss|p2a: Slowbro|p1a: Buzzwole\n|\n|-heal|p1a: Buzzwole|90\/100|[from] Grassy Terrain\n|-heal|p2a: Slowbro|24\/100|[from] Grassy Terrain\n|upkeep\n|turn|23\n|\n|t:|1663708624\n|switch|p1a: Melmetal|Melmetal|28\/100\n|switch|p2a: Tornadus|Tornadus-Therian, M|100\/100\n|\n|-heal|p1a: Melmetal|34\/100|[from] Grassy Terrain\n|upkeep\n|turn|24\n|l| man with the juice\n|\n|t:|1663708631\n|move|p2a: Tornadus|Heat Wave|p1a: Melmetal\n|-supereffective|p1a: Melmetal\n|-damage|p1a: Melmetal|6\/100\n|move|p1a: Melmetal|Thunder Punch|p2a: Tornadus\n|-supereffective|p2a: Tornadus\n|-damage|p2a: Tornadus|20\/100\n|\n|-heal|p1a: Melmetal|12\/100|[from] Grassy Terrain\n|-fieldend|move: Grassy Terrain\n|upkeep\n|turn|25\n|j| man with the juice\n|\n|t:|1663708640\n|move|p2a: Tornadus|Heat Wave|p1a: Melmetal\n|-supereffective|p1a: Melmetal\n|-damage|p1a: Melmetal|0 fnt\n|faint|p1a: Melmetal\n|\n|upkeep\n|\n|t:|1663708646\n|switch|p1a: Dragonite|Dragonite, M|100\/100\n|turn|26\n|j| I'M AT MY LIMIT\n|l| I'M AT MY LIMIT\n|\n|t:|1663708650\n|move|p2a: Tornadus|U-turn|p1a: Dragonite\n|-resisted|p1a: Dragonite\n|-damage|p1a: Dragonite|97\/100\n|j| t-yeu\n|\n|t:|1663708655\n|switch|p2a: Slowbro|Slowbro, M|57\/100|[from]move: U-turn\n|move|p1a: Dragonite|Dragon Dance|p1a: Dragonite\n|-boost|p1a: Dragonite|atk|1\n|-boost|p1a: Dragonite|spe|1\n|\n|upkeep\n|turn|27\n|\n|t:|1663708658\n|move|p1a: Dragonite|Dragon Dance|p1a: Dragonite\n|-boost|p1a: Dragonite|atk|1\n|-boost|p1a: Dragonite|spe|1\n|move|p2a: Slowbro|Toxic|p1a: Dragonite\n|-status|p1a: Dragonite|tox\n|\n|-damage|p1a: Dragonite|91\/100 tox|[from] psn\n|upkeep\n|turn|28\n|\n|t:|1663708665\n|move|p1a: Dragonite|Dragon Dance|p1a: Dragonite\n|-boost|p1a: Dragonite|atk|1\n|-boost|p1a: Dragonite|spe|1\n|move|p2a: Slowbro|Toxic|p1a: Dragonite\n|-fail|p1a: Dragonite|tox\n|\n|-damage|p1a: Dragonite|79\/100 tox|[from] psn\n|upkeep\n|turn|29\n|\n|t:|1663708672\n|move|p1a: Dragonite|Heal Bell|p1a: Dragonite\n|-activate|p1a: Dragonite|move: Heal Bell\n|-curestatus|p1a: Dragonite|tox|[msg]\n|move|p2a: Slowbro|Toxic|p1a: Dragonite\n|-status|p1a: Dragonite|tox\n|\n|-damage|p1a: Dragonite|72\/100 tox|[from] psn\n|upkeep\n|turn|30\n|\n|t:|1663708677\n|move|p1a: Dragonite|Dragon Dance|p1a: Dragonite\n|-boost|p1a: Dragonite|atk|1\n|-boost|p1a: Dragonite|spe|1\n|move|p2a: Slowbro|Future Sight|p1a: Dragonite\n|-start|p2a: Slowbro|move: Future Sight\n|\n|-damage|p1a: Dragonite|60\/100 tox|[from] psn\n|upkeep\n|turn|31\n|\n|t:|1663708681\n|move|p1a: Dragonite|Roost|p1a: Dragonite\n|-heal|p1a: Dragonite|100\/100 tox\n|-singleturn|p1a: Dragonite|move: Roost\n|move|p2a: Slowbro|Toxic|p1a: Dragonite\n|-fail|p1a: Dragonite|tox\n|\n|-damage|p1a: Dragonite|82\/100 tox|[from] psn\n|upkeep\n|turn|32\n|\n|t:|1663708684\n|move|p1a: Dragonite|Heal Bell|p1a: Dragonite\n|-activate|p1a: Dragonite|move: Heal Bell\n|-curestatus|p1a: Dragonite|tox|[msg]\n|move|p2a: Slowbro|Toxic|p1a: Dragonite\n|-status|p1a: Dragonite|tox\n|\n|-end|p1a: Dragonite|move: Future Sight\n|-damage|p1a: Dragonite|42\/100 tox\n|-damage|p1a: Dragonite|36\/100 tox|[from] psn\n|upkeep\n|turn|33\n|\n|t:|1663708693\n|move|p1a: Dragonite|Roost|p1a: Dragonite\n|-heal|p1a: Dragonite|86\/100 tox\n|-singleturn|p1a: Dragonite|move: Roost\n|move|p2a: Slowbro|Future Sight|p1a: Dragonite\n|-start|p2a: Slowbro|move: Future Sight\n|\n|-damage|p1a: Dragonite|73\/100 tox|[from] psn\n|upkeep\n|turn|34\n|\n|t:|1663708700\n|move|p1a: Dragonite|Dragon Dance|p1a: Dragonite\n|-boost|p1a: Dragonite|atk|1\n|-boost|p1a: Dragonite|spe|1\n|move|p2a: Slowbro|Toxic|p1a: Dragonite|[miss]\n|-miss|p2a: Slowbro|p1a: Dragonite\n|\n|-damage|p1a: Dragonite|55\/100 tox|[from] psn\n|upkeep\n|turn|35\n|\n|t:|1663708703\n|move|p1a: Dragonite|Roost|p1a: Dragonite\n|-heal|p1a: Dragonite|100\/100 tox\n|-singleturn|p1a: Dragonite|move: Roost\n|move|p2a: Slowbro|Toxic|p1a: Dragonite\n|-fail|p1a: Dragonite|tox\n|\n|-end|p1a: Dragonite|move: Future Sight\n|-damage|p1a: Dragonite|83\/100 tox\n|-damage|p1a: Dragonite|58\/100 tox|[from] psn\n|upkeep\n|turn|36\n|\n|t:|1663708713\n|move|p1a: Dragonite|Heal Bell|p1a: Dragonite\n|-activate|p1a: Dragonite|move: Heal Bell\n|-curestatus|p1a: Dragonite|tox|[msg]\n|move|p2a: Slowbro|Toxic|p1a: Dragonite\n|-status|p1a: Dragonite|tox\n|\n|-damage|p1a: Dragonite|52\/100 tox|[from] psn\n|upkeep\n|turn|37\n|\n|t:|1663708718\n|move|p1a: Dragonite|Roost|p1a: Dragonite\n|-heal|p1a: Dragonite|100\/100 tox\n|-singleturn|p1a: Dragonite|move: Roost\n|move|p2a: Slowbro|Future Sight|p1a: Dragonite\n|-start|p2a: Slowbro|move: Future Sight\n|\n|-damage|p1a: Dragonite|88\/100 tox|[from] psn\n|upkeep\n|turn|38\n|\n|t:|1663708726\n|move|p1a: Dragonite|Dragon Dance|p1a: Dragonite\n|-boost|p1a: Dragonite|atk|1\n|-boost|p1a: Dragonite|spe|1\n|move|p2a: Slowbro|Teleport|p2a: Slowbro\n|\n|t:|1663708728\n|switch|p2a: Melmetal|Melmetal|49\/100|[from]move: Teleport\n|\n|-damage|p1a: Dragonite|69\/100 tox|[from] psn\n|upkeep\n|turn|39\n|\n|t:|1663708733\n|move|p2a: Melmetal|Protect|p2a: Melmetal\n|-singleturn|p2a: Melmetal|Protect\n|move|p1a: Dragonite|Dual Wingbeat|p2a: Melmetal\n|-activate|p2a: Melmetal|move: Protect\n|\n|-end|p1a: Dragonite|move: Future Sight\n|-damage|p1a: Dragonite|33\/100 tox\n|-damage|p1a: Dragonite|9\/100 tox|[from] psn\n|upkeep\n|turn|40\n|c|\u2606WoodManNiceMan|gg\n|-message|WoodManNiceMan forfeited.\n|\n|win|shiawasenostory\n|raw|WoodManNiceMan's rating: 1696 &rarr; <strong>1679<\/strong><br \/>(-17 for losing)\n|raw|shiawasenostory's rating: 1742 &rarr; <strong>1759<\/strong><br \/>(+17 for winning)\n|l|\u2606WoodManNiceMan\n|c|\u2606shiawasenostory|gg\n|l|\u2606shiawasenostory\n|l| man with the juice\n|c| UrSheerForce|choked\n|c| UrSheerForce|on dics\n","uploadtime":1663708760,"views":19,"p1id":"woodmanniceman","p2id":"shiawasenostory","formatid":"gen8ou","rating":1679,"private":0,"password":null}