{"id":"gen81v1-1144986039","p1":"ZBJ_Alt","p2":"Flashybee","format":"gen81v1","log":"|j|\u2606ZBJ_Alt\n|j|\u2606Flashybee\n|player|p1|ZBJ_Alt|101|1220\n|player|p2|Flashybee|70|1312\n|teamsize|p1|3\n|teamsize|p2|3\n|gametype|singles\n|gen|8\n|tier|[Gen 8] 1v1\n|rated|\n|rule|Species Clause: Limit one of each Pok\u00e9mon\n|rule|OHKO Clause: OHKO moves are banned\n|rule|Evasion Moves Clause: Evasion moves are banned\n|rule|Accuracy Moves Clause: Accuracy-lowering moves are banned\n|clearpoke\n|poke|p1|Darumaka, M|\n|poke|p1|Luxray, F|\n|poke|p1|Slowbro-Galar, F|\n|poke|p2|Magnezone|\n|poke|p2|Primarina, F|\n|poke|p2|Weavile, F|\n|rule|HP Percentage Mod: HP is shown in percentages\n|rule|Dynamax Clause: You cannot dynamax\n|rule|Endless Battle Clause: Forcing endless battles is banned\n|teampreview|1\n|c|\u2606Flashybee|That darumaka actually spooky tho\n|\n|start\n|switch|p1a: Darumaka|Darumaka, M|100\/100\n|switch|p2a: Magnezone|Magnezone|100\/100\n|turn|1\n|\n|move|p2a: Magnezone|Thunderbolt|p1a: Darumaka\n|-damage|p1a: Darumaka|10\/100\n|move|p1a: Darumaka|Yawn|p2a: Magnezone\n|-start|p2a: Magnezone|move: Yawn|[of] p1a: Darumaka\n|\n|upkeep\n|turn|2\n|\n|move|p1a: Darumaka|Protect|p1a: Darumaka\n|-singleturn|p1a: Darumaka|Protect\n|move|p2a: Magnezone|Thunderbolt|p1a: Darumaka\n|-activate|p1a: Darumaka|move: Protect\n|\n|-end|p2a: Magnezone|move: Yawn|[silent]\n|-status|p2a: Magnezone|slp\n|upkeep\n|turn|3\n|\n|-singleturn|p1a: Darumaka|move: Focus Punch\n|cant|p2a: Magnezone|slp\n|move|p1a: Darumaka|Focus Punch|p2a: Magnezone\n|-supereffective|p2a: Magnezone\n|-ability|p2a: Magnezone|Sturdy\n|-damage|p2a: Magnezone|1\/100 slp\n|\n|upkeep\n|turn|4\n|\n|cant|p2a: Magnezone|slp\n|move|p1a: Darumaka|Flare Blitz|p2a: Magnezone\n|-supereffective|p2a: Magnezone\n|-damage|p2a: Magnezone|0 fnt\n|-damage|p1a: Darumaka|9\/100|[from] Recoil\n|faint|p2a: Magnezone\n|\n|win|ZBJ_Alt\n|l|\u2606Flashybee\n|raw|ZBJ_Alt's rating: 1220 &rarr; <strong>1251<\/strong><br \/>(+31 for winning)\n|raw|Flashybee's rating: 1312 &rarr; <strong>1287<\/strong><br \/>(-25 for losing)\n","uploadtime":1593872763,"views":0,"p1id":"zbjalt","p2id":"flashybee","formatid":"gen81v1","rating":1251,"private":0,"password":null}