{"id":"gen8ou-1126900525","p1":"Storm Zone","p2":"Rorschach I","format":"gen8ou","log":"|j|\u2606Storm Zone\n|j|\u2606Rorschach I\n|player|p1|Storm Zone|zinnia|1879\n|player|p2|Rorschach I|cynthia|1786\n|teamsize|p1|6\n|teamsize|p2|6\n|gametype|singles\n|gen|8\n|tier|[Gen 8] OU\n|rated|\n|clearpoke\n|poke|p1|Toxtricity, M|\n|poke|p1|Kommo-o, M|\n|poke|p1|Bisharp, M|\n|poke|p1|Necrozma|\n|poke|p1|Seismitoad, M|\n|poke|p1|Togekiss, M|\n|poke|p2|Terrakion|\n|poke|p2|Aegislash, M|\n|poke|p2|Crawdaunt, F|\n|poke|p2|Zeraora|\n|poke|p2|Kyurem|\n|poke|p2|Togekiss, M|\n|rule|Sleep Clause Mod: Limit one foe put to sleep\n|rule|Species Clause: Limit one of each Pok\u00e9mon\n|rule|OHKO Clause: OHKO moves are banned\n|rule|Evasion Moves Clause: Evasion moves are banned\n|rule|Endless Battle Clause: Forcing endless battles is banned\n|rule|HP Percentage Mod: HP is shown in percentages\n|rule|Dynamax Clause: You cannot dynamax\n|teampreview\n|j| koyarno\n|\n|start\n|switch|p1a: Descendant|Necrozma|100\/100\n|switch|p2a: Terrakion|Terrakion|100\/100\n|turn|1\n|j| kleiner racker\n|j| cancer02\n|j| fdsgjkhj\n|l| cancer02\n|\n|move|p2a: Terrakion|Taunt|p1a: Descendant\n|-start|p1a: Descendant|move: Taunt\n|move|p1a: Descendant|Photon Geyser|p2a: Terrakion\n|-supereffective|p2a: Terrakion\n|-damage|p2a: Terrakion|6\/100\n|\n|upkeep\n|turn|2\n|\n|switch|p1a: Globox|Seismitoad, M|100\/100\n|move|p2a: Terrakion|Stealth Rock|p1a: Globox\n|-sidestart|p1: Storm Zone|move: Stealth Rock\n|\n|upkeep\n|turn|3\n|j| ban gen 8 pls\n|\n|move|p1a: Globox|Earthquake|p2a: Terrakion\n|-supereffective|p2a: Terrakion\n|-damage|p2a: Terrakion|0 fnt\n|faint|p2a: Terrakion\n|\n|upkeep\n|\n|switch|p2a: Kyurem|Kyurem|100\/100\n|-ability|p2a: Kyurem|Pressure\n|turn|4\n|\n|move|p1a: Globox|Earthquake|p2a: Kyurem\n|-damage|p2a: Kyurem|61\/100\n|move|p2a: Kyurem|Ice Beam|p1a: Globox\n|-damage|p1a: Globox|7\/100\n|\n|upkeep\n|turn|5\n|\n|switch|p2a: Togekiss|Togekiss, M|100\/100\n|move|p1a: Globox|Earthquake|p2a: Togekiss\n|-immune|p2a: Togekiss\n|\n|upkeep\n|turn|6\n|\n|switch|p1a: Kurt Cobain|Toxtricity, M|100\/100\n|-damage|p1a: Kurt Cobain|88\/100|[from] Stealth Rock\n|move|p2a: Togekiss|Air Slash|p1a: Kurt Cobain\n|-resisted|p1a: Kurt Cobain\n|-damage|p1a: Kurt Cobain|58\/100\n|\n|upkeep\n|turn|7\n|j| quixana\n|\n|move|p2a: Togekiss|Air Slash|p1a: Kurt Cobain\n|-resisted|p1a: Kurt Cobain\n|-damage|p1a: Kurt Cobain|27\/100\n|cant|p1a: Kurt Cobain|flinch\n|\n|upkeep\n|turn|8\n|\n|move|p2a: Togekiss|Air Slash|p1a: Kurt Cobain\n|-resisted|p1a: Kurt Cobain\n|-damage|p1a: Kurt Cobain|1\/100\n|move|p1a: Kurt Cobain|Overdrive|p2a: Togekiss\n|-supereffective|p2a: Togekiss\n|-damage|p2a: Togekiss|0 fnt\n|-enditem|p1a: Kurt Cobain|Throat Spray\n|-boost|p1a: Kurt Cobain|spa|1|[from] item: Throat Spray\n|faint|p2a: Togekiss\n|\n|upkeep\n|\n|switch|p2a: Kyurem|Kyurem|61\/100\n|-ability|p2a: Kyurem|Pressure\n|turn|9\n|\n|move|p2a: Kyurem|Ice Beam|p1a: Kurt Cobain\n|-damage|p1a: Kurt Cobain|0 fnt\n|faint|p1a: Kurt Cobain\n|\n|upkeep\n|\n|switch|p1a: Messenger|Togekiss, M|100\/100\n|-damage|p1a: Messenger|76\/100|[from] Stealth Rock\n|turn|10\n|c| kleiner racker|cloud nine\n|\n|move|p1a: Messenger|Dazzling Gleam|p2a: Kyurem\n|-supereffective|p2a: Kyurem\n|-damage|p2a: Kyurem|0 fnt\n|faint|p2a: Kyurem\n|\n|upkeep\n|j| Hiken1926\n|\n|switch|p2a: Zeraora|Zeraora|100\/100\n|turn|11\n|j| hell yeah! HYper\n|l| hell yeah! HYper\n|\n|switch|p1a: Descendant|Necrozma|100\/100\n|-damage|p1a: Descendant|88\/100|[from] Stealth Rock\n|move|p2a: Zeraora|Plasma Fists|p1a: Descendant\n|-damage|p1a: Descendant|53\/100\n|-fieldactivate|move: Ion Deluge\n|-damage|p2a: Zeraora|91\/100|[from] item: Life Orb\n|\n|-heal|p1a: Descendant|59\/100|[from] item: Leftovers\n|upkeep\n|turn|12\n|\n|move|p2a: Zeraora|Bulk Up|p2a: Zeraora\n|-boost|p2a: Zeraora|atk|1\n|-boost|p2a: Zeraora|def|1\n|move|p1a: Descendant|Moonlight|p1a: Descendant\n|-heal|p1a: Descendant|100\/100\n|\n|upkeep\n|turn|13\n|\n|move|p2a: Zeraora|Bulk Up|p2a: Zeraora\n|-boost|p2a: Zeraora|atk|1\n|-boost|p2a: Zeraora|def|1\n|move|p1a: Descendant|Photon Geyser|p2a: Zeraora\n|-damage|p2a: Zeraora|35\/100\n|\n|upkeep\n|turn|14\n|\n|switch|p1a: Globox|Seismitoad, M|7\/100\n|-damage|p1a: Globox|0 fnt|[from] Stealth Rock\n|faint|p1a: Globox\n|move|p2a: Zeraora|Plasma Fists|p1: Globox|[notarget]\n|-fail|p2a: Zeraora\n|\n|upkeep\n|\n|switch|p1a: Messenger|Togekiss, M|76\/100\n|-damage|p1a: Messenger|51\/100|[from] Stealth Rock\n|turn|15\n|\n|switch|p2a: Crawdaunt|Crawdaunt, F|100\/100\n|move|p1a: Messenger|Dazzling Gleam|p2a: Crawdaunt\n|-supereffective|p2a: Crawdaunt\n|-damage|p2a: Crawdaunt|0 fnt\n|faint|p2a: Crawdaunt\n|\n|upkeep\n|\n|switch|p2a: Aegislash|Aegislash, M|100\/100\n|-item|p2a: Aegislash|Air Balloon\n|turn|16\n|-message|Rorschach I forfeited.\n|\n|win|Storm Zone\n|l|\u2606Rorschach I\n|l| kleiner racker\n|l| koyarno\n|l| Hiken1926\n|l|\u2606Storm Zone\n||Ladder (probably) updated, but score could not be retrieved (Response not received).\n|l| ban gen 8 pls\n","uploadtime":1591306785,"views":851,"p1id":"stormzone","p2id":"rorschachi","formatid":"gen8ou","rating":0,"private":0,"password":null}