{"id":"gen8ou-1562004881","p1":"shagohod crew","p2":"PedroGreg","format":"gen8ou","log":"|j|\u2606shagohod crew\n|j|\u2606PedroGreg\n|t:|1651005296\n|gametype|singles\n|player|p1|shagohod crew|266|1605\n|player|p2|PedroGreg|266|1607\n|teamsize|p1|6\n|teamsize|p2|6\n|gen|8\n|tier|[Gen 8] OU\n|rated|\n|rule|Sleep Clause Mod: Limit one foe put to sleep\n|rule|Species Clause: Limit one of each Pok\u00e9mon\n|rule|OHKO Clause: OHKO moves are banned\n|rule|Evasion Moves Clause: Evasion moves are banned\n|rule|Endless Battle Clause: Forcing endless battles is banned\n|rule|HP Percentage Mod: HP is shown in percentages\n|rule|Dynamax Clause: You cannot dynamax\n|clearpoke\n|poke|p1|Dragapult, F|\n|poke|p1|Tapu Fini|\n|poke|p1|Mamoswine, M|\n|poke|p1|Garchomp, F|\n|poke|p1|Urshifu-*, M|\n|poke|p1|Zapdos|\n|poke|p2|Clefable, M|\n|poke|p2|Toxapex, M|\n|poke|p2|Rillaboom, F|\n|poke|p2|Landorus-Therian, M|\n|poke|p2|Zapdos|\n|poke|p2|Heatran, M|\n|teampreview\n|\n|t:|1651005331\n|start\n|switch|p1a: Tapu Fini|Tapu Fini|100\/100\n|switch|p2a: Landorus|Landorus-Therian, M|100\/100\n|-fieldstart|move: Misty Terrain|[from] ability: Misty Surge|[of] p1a: Tapu Fini\n|-ability|p2a: Landorus|Intimidate|boost\n|-unboost|p1a: Tapu Fini|atk|1\n|turn|1\n|inactive|Battle timer is ON: inactive players will automatically lose when time's up. (requested by shagohod crew)\n|\n|t:|1651005335\n|move|p1a: Tapu Fini|Scald|p2a: Landorus\n|-supereffective|p2a: Landorus\n|-damage|p2a: Landorus|15\/100\n|move|p2a: Landorus|U-turn|p1a: Tapu Fini\n|-resisted|p1a: Tapu Fini\n|-damage|p1a: Tapu Fini|86\/100\n|\n|t:|1651005349\n|switch|p2a: Clefable|Clefable, M|100\/100|[from]move: U-turn\n|\n|upkeep\n|turn|2\n|\n|t:|1651005357\n|switch|p1a: Urshifu|Urshifu-Rapid-Strike, M|100\/100\n|move|p2a: Clefable|Trick|p1a: Urshifu\n|-activate|p2a: Clefable|move: Trick|[of] p1a: Urshifu\n|-item|p1a: Urshifu|Sticky Barb|[from] move: Trick\n|-item|p2a: Clefable|Choice Band|[from] move: Trick\n|\n|-damage|p1a: Urshifu|88\/100|[from] item: Sticky Barb\n|upkeep\n|turn|3\n|\n|t:|1651005365\n|move|p1a: Urshifu|Surging Strikes|p2a: Clefable\n|-crit|p2a: Clefable\n|-damage|p2a: Clefable|85\/100\n|-crit|p2a: Clefable\n|-damage|p2a: Clefable|70\/100\n|-crit|p2a: Clefable\n|-damage|p2a: Clefable|54\/100\n|-hitcount|p2a: Clefable|3\n|move|p2a: Clefable|Stealth Rock|p1a: Urshifu\n|-sidestart|p1: shagohod crew|move: Stealth Rock\n|\n|-damage|p1a: Urshifu|76\/100|[from] item: Sticky Barb\n|upkeep\n|turn|4\n|\n|t:|1651005376\n|switch|p2a: Zapdos|Zapdos|100\/100\n|move|p1a: Urshifu|U-turn|p2a: Zapdos\n|-resisted|p2a: Zapdos\n|-damage|p2a: Zapdos|91\/100\n|j| canadianjohnnytest\n|\n|t:|1651005395\n|switch|p1a: Dragapult|Dragapult, F|100\/100|[from]move: U-turn\n|-damage|p1a: Dragapult|88\/100|[from] Stealth Rock\n|\n|-heal|p1a: Dragapult|94\/100|[from] item: Leftovers\n|upkeep\n|turn|5\n|\n|t:|1651005405\n|switch|p2a: Heatran|Heatran, M|100\/100\n|move|p1a: Dragapult|Dragon Dance|p1a: Dragapult\n|-boost|p1a: Dragapult|atk|1\n|-boost|p1a: Dragapult|spe|1\n|\n|-heal|p1a: Dragapult|99\/100|[from] item: Leftovers\n|-fieldend|Misty Terrain\n|upkeep\n|turn|6\n|\n|t:|1651005414\n|switch|p2a: Toxapex|Toxapex, M|100\/100\n|move|p1a: Dragapult|Dragon Dance|p1a: Dragapult\n|-boost|p1a: Dragapult|atk|1\n|-boost|p1a: Dragapult|spe|1\n|\n|-heal|p1a: Dragapult|100\/100|[from] item: Leftovers\n|upkeep\n|turn|7\n|\n|t:|1651005421\n|move|p1a: Dragapult|Dragon Darts|p2a: Toxapex\n|-damage|p2a: Toxapex|72\/100\n|-anim|p1a: Dragapult|Dragon Darts|p2a: Toxapex\n|-damage|p2a: Toxapex|44\/100\n|move|p2a: Toxapex|Haze|p2a: Toxapex\n|-clearallboost\n|\n|upkeep\n|turn|8\n|\n|t:|1651005431\n|switch|p1a: Zapdos|Zapdos|100\/100\n|move|p2a: Toxapex|Recover|p2a: Toxapex\n|-heal|p2a: Toxapex|94\/100\n|\n|upkeep\n|turn|9\n|\n|t:|1651005437\n|switch|p2a: Heatran|Heatran, M|100\/100\n|move|p1a: Zapdos|Defog|p2a: Heatran\n|-unboost|p2a: Heatran|evasion|1\n|-sideend|p1: shagohod crew|Stealth Rock|[from] move: Defog|[of] p1a: Zapdos\n|\n|upkeep\n|turn|10\n|\n|t:|1651005443\n|switch|p1a: Urshifu|Urshifu-Rapid-Strike, M|76\/100\n|move|p2a: Heatran|Toxic|p1a: Urshifu\n|-status|p1a: Urshifu|tox\n|\n|-damage|p1a: Urshifu|70\/100 tox|[from] psn\n|-damage|p1a: Urshifu|58\/100 tox|[from] item: Sticky Barb\n|upkeep\n|turn|11\n|\n|t:|1651005449\n|move|p1a: Urshifu|Close Combat|p2a: Heatran\n|-supereffective|p2a: Heatran\n|-damage|p2a: Heatran|0 fnt\n|-unboost|p1a: Urshifu|def|1\n|-unboost|p1a: Urshifu|spd|1\n|faint|p2a: Heatran\n|\n|-damage|p1a: Urshifu|45\/100 tox|[from] psn\n|-damage|p1a: Urshifu|33\/100 tox|[from] item: Sticky Barb\n|upkeep\n|\n|t:|1651005452\n|switch|p2a: Clefable|Clefable, M|54\/100\n|turn|12\n|\n|t:|1651005456\n|move|p1a: Urshifu|Surging Strikes|p2a: Clefable\n|-crit|p2a: Clefable\n|-damage|p2a: Clefable|39\/100\n|-crit|p2a: Clefable\n|-damage|p2a: Clefable|24\/100\n|-crit|p2a: Clefable\n|-damage|p2a: Clefable|7\/100\n|-hitcount|p2a: Clefable|3\n|move|p2a: Clefable|Soft-Boiled|p2a: Clefable\n|-heal|p2a: Clefable|57\/100\n|\n|-damage|p1a: Urshifu|15\/100 tox|[from] psn\n|-damage|p1a: Urshifu|2\/100 tox|[from] item: Sticky Barb\n|upkeep\n|turn|13\n|\n|t:|1651005463\n|move|p1a: Urshifu|Surging Strikes|p2a: Clefable\n|-crit|p2a: Clefable\n|-damage|p2a: Clefable|43\/100\n|-crit|p2a: Clefable\n|-damage|p2a: Clefable|27\/100\n|-crit|p2a: Clefable\n|-damage|p2a: Clefable|12\/100\n|-hitcount|p2a: Clefable|3\n|move|p2a: Clefable|Soft-Boiled|p2a: Clefable\n|-heal|p2a: Clefable|62\/100\n|\n|-damage|p1a: Urshifu|0 fnt|[from] psn\n|faint|p1a: Urshifu\n|upkeep\n|\n|t:|1651005474\n|switch|p1a: Garchomp|Garchomp, F|100\/100\n|turn|14\n|\n|t:|1651005479\n|switch|p2a: Landorus|Landorus-Therian, M|15\/100\n|-ability|p2a: Landorus|Intimidate|boost\n|-unboost|p1a: Garchomp|atk|1\n|move|p1a: Garchomp|Swords Dance|p1a: Garchomp\n|-boost|p1a: Garchomp|atk|2\n|\n|upkeep\n|turn|15\n|\n|t:|1651005483\n|move|p2a: Landorus|Earthquake|p1a: Garchomp\n|-damage|p1a: Garchomp|40\/100\n|move|p1a: Garchomp|Fire Fang|p2a: Landorus\n|-damage|p2a: Landorus|0 fnt\n|faint|p2a: Landorus\n|-damage|p1a: Garchomp|30\/100|[from] item: Life Orb\n|\n|upkeep\n|\n|t:|1651005489\n|switch|p2a: Rillaboom|Rillaboom, F|100\/100\n|-fieldstart|move: Grassy Terrain|[from] ability: Grassy Surge|[of] p2a: Rillaboom\n|turn|16\n|\n|t:|1651005496\n|switch|p1a: Zapdos|Zapdos|100\/100\n|move|p2a: Rillaboom|Knock Off|p1a: Zapdos\n|-damage|p1a: Zapdos|59\/100\n|-enditem|p1a: Zapdos|Heavy-Duty Boots|[from] move: Knock Off|[of] p2a: Rillaboom\n|\n|upkeep\n|turn|17\n|\n|t:|1651005506\n|switch|p2a: Clefable|Clefable, M|62\/100\n|move|p1a: Zapdos|Roost|p1a: Zapdos\n|-heal|p1a: Zapdos|100\/100\n|-singleturn|p1a: Zapdos|move: Roost\n|\n|-heal|p2a: Clefable|68\/100|[from] Grassy Terrain\n|upkeep\n|turn|18\n|\n|t:|1651005517\n|switch|p1a: Garchomp|Garchomp, F|30\/100\n|move|p2a: Clefable|Trick|p1a: Garchomp\n|-activate|p2a: Clefable|move: Trick|[of] p1a: Garchomp\n|-item|p1a: Garchomp|Choice Band|[from] move: Trick\n|-item|p2a: Clefable|Life Orb|[from] move: Trick\n|\n|-heal|p1a: Garchomp|37\/100|[from] Grassy Terrain\n|-heal|p2a: Clefable|74\/100|[from] Grassy Terrain\n|upkeep\n|turn|19\n|\n|t:|1651005530\n|move|p1a: Garchomp|Earthquake|p2a: Clefable\n|-damage|p2a: Clefable|42\/100\n|move|p2a: Clefable|Soft-Boiled|p2a: Clefable\n|-heal|p2a: Clefable|92\/100\n|\n|-heal|p1a: Garchomp|43\/100|[from] Grassy Terrain\n|-heal|p2a: Clefable|98\/100|[from] Grassy Terrain\n|upkeep\n|turn|20\n|\n|t:|1651005553\n|switch|p2a: Zapdos|Zapdos|91\/100\n|move|p1a: Garchomp|Earthquake|p2a: Zapdos\n|-immune|p2a: Zapdos\n|\n|-heal|p1a: Garchomp|49\/100|[from] Grassy Terrain\n|-fieldend|move: Grassy Terrain\n|upkeep\n|turn|21\n|\n|t:|1651005562\n|switch|p1a: Zapdos|Zapdos|100\/100\n|switch|p2a: Rillaboom|Rillaboom, F|100\/100\n|-fieldstart|move: Grassy Terrain|[from] ability: Grassy Surge|[of] p2a: Rillaboom\n|\n|upkeep\n|turn|22\n|\n|t:|1651005570\n|switch|p2a: Clefable|Clefable, M|98\/100\n|move|p1a: Zapdos|Hurricane|p2a: Clefable\n|-damage|p2a: Clefable|53\/100\n|\n|-heal|p2a: Clefable|59\/100|[from] Grassy Terrain\n|upkeep\n|turn|23\n|\n|t:|1651005589\n|move|p1a: Zapdos|Hurricane|p2a: Clefable|[miss]\n|-miss|p1a: Zapdos|p2a: Clefable\n|move|p2a: Clefable|Soft-Boiled|p2a: Clefable\n|-heal|p2a: Clefable|100\/100\n|\n|upkeep\n|turn|24\n|\n|t:|1651005596\n|move|p1a: Zapdos|Thunderbolt|p2a: Clefable\n|-damage|p2a: Clefable|65\/100\n|move|p2a: Clefable|Stealth Rock|p1a: Zapdos\n|-sidestart|p1: shagohod crew|move: Stealth Rock\n|\n|-heal|p2a: Clefable|71\/100|[from] Grassy Terrain\n|upkeep\n|turn|25\n|\n|t:|1651005604\n|move|p1a: Zapdos|Defog|p2a: Clefable\n|-unboost|p2a: Clefable|evasion|1\n|-sideend|p1: shagohod crew|Stealth Rock|[from] move: Defog|[of] p1a: Zapdos\n|-fieldend|move: Grassy Terrain\n|move|p2a: Clefable|Moonblast|p1a: Zapdos\n|-damage|p1a: Zapdos|62\/100\n|-unboost|p1a: Zapdos|spa|1\n|\n|upkeep\n|turn|26\n|\n|t:|1651005614\n|move|p1a: Zapdos|Roost|p1a: Zapdos\n|-heal|p1a: Zapdos|100\/100\n|-singleturn|p1a: Zapdos|move: Roost\n|move|p2a: Clefable|Soft-Boiled|p2a: Clefable\n|-heal|p2a: Clefable|100\/100\n|\n|upkeep\n|turn|27\n|\n|t:|1651005621\n|switch|p1a: Garchomp|Garchomp, F|49\/100\n|move|p2a: Clefable|Moonblast|p1a: Garchomp\n|-supereffective|p1a: Garchomp\n|-damage|p1a: Garchomp|0 fnt\n|faint|p1a: Garchomp\n|\n|upkeep\n|\n|t:|1651005625\n|switch|p1a: Tapu Fini|Tapu Fini|86\/100\n|-fieldstart|move: Misty Terrain|[from] ability: Misty Surge|[of] p1a: Tapu Fini\n|turn|28\n|\n|t:|1651005636\n|switch|p2a: Rillaboom|Rillaboom, F|100\/100\n|-fieldstart|move: Grassy Terrain|[from] ability: Grassy Surge|[of] p2a: Rillaboom\n|move|p1a: Tapu Fini|Trick|p2a: Rillaboom\n|-activate|p1a: Tapu Fini|move: Trick|[of] p2a: Rillaboom\n|-item|p2a: Rillaboom|Choice Scarf|[from] move: Trick\n|-item|p1a: Tapu Fini|Choice Band|[from] move: Trick\n|\n|-heal|p1a: Tapu Fini|92\/100|[from] Grassy Terrain\n|upkeep\n|turn|29\n|\n|t:|1651005646\n|switch|p1a: Zapdos|Zapdos|100\/100\n|move|p2a: Rillaboom|U-turn|p1a: Zapdos\n|-resisted|p1a: Zapdos\n|-damage|p1a: Zapdos|90\/100\n|\n|t:|1651005650\n|switch|p2a: Clefable|Clefable, M|100\/100|[from]move: U-turn\n|\n|upkeep\n|turn|30\n|\n|t:|1651005661\n|move|p1a: Zapdos|Hurricane|p2a: Clefable|[miss]\n|-miss|p1a: Zapdos|p2a: Clefable\n|move|p2a: Clefable|Moonblast|p1a: Zapdos\n|-damage|p1a: Zapdos|50\/100\n|\n|upkeep\n|turn|31\n|\n|t:|1651005665\n|move|p1a: Zapdos|Roost|p1a: Zapdos\n|-heal|p1a: Zapdos|99\/100\n|-singleturn|p1a: Zapdos|move: Roost\n|move|p2a: Clefable|Moonblast|p1a: Zapdos\n|-damage|p1a: Zapdos|60\/100\n|-unboost|p1a: Zapdos|spa|1\n|\n|-heal|p1a: Zapdos|66\/100|[from] Grassy Terrain\n|upkeep\n|turn|32\n|\n|t:|1651005681\n|switch|p1a: Tapu Fini|Tapu Fini|92\/100\n|-fieldstart|move: Misty Terrain|[from] ability: Misty Surge|[of] p1a: Tapu Fini\n|move|p2a: Clefable|Moonblast|p1a: Tapu Fini\n|-damage|p1a: Tapu Fini|50\/100\n|\n|upkeep\n|turn|33\n|\n|t:|1651005693\n|switch|p2a: Rillaboom|Rillaboom, F|100\/100\n|-fieldstart|move: Grassy Terrain|[from] ability: Grassy Surge|[of] p2a: Rillaboom\n|move|p1a: Tapu Fini|Scald|p2a: Rillaboom\n|-resisted|p2a: Rillaboom\n|-damage|p2a: Rillaboom|79\/100\n|-status|p2a: Rillaboom|brn\n|\n|-heal|p2a: Rillaboom|85\/100 brn|[from] Grassy Terrain\n|-heal|p1a: Tapu Fini|56\/100|[from] Grassy Terrain\n|-damage|p2a: Rillaboom|79\/100 brn|[from] brn\n|upkeep\n|turn|34\n|\n|t:|1651005703\n|move|p2a: Rillaboom|U-turn|p1a: Tapu Fini\n|-resisted|p1a: Tapu Fini\n|-damage|p1a: Tapu Fini|50\/100\n|\n|t:|1651005705\n|switch|p2a: Toxapex|Toxapex, M|100\/100|[from]move: U-turn\n|move|p1a: Tapu Fini|Scald|p2a: Toxapex\n|-resisted|p2a: Toxapex\n|-damage|p2a: Toxapex|86\/100\n|-status|p2a: Toxapex|brn\n|\n|-heal|p1a: Tapu Fini|56\/100|[from] Grassy Terrain\n|-heal|p2a: Toxapex|92\/100 brn|[from] Grassy Terrain\n|-damage|p2a: Toxapex|86\/100 brn|[from] brn\n|upkeep\n|turn|35\n|\n|t:|1651005725\n|switch|p1a: Zapdos|Zapdos|66\/100\n|move|p2a: Toxapex|Scald|p1a: Zapdos\n|-damage|p1a: Zapdos|49\/100\n|\n|-heal|p2a: Toxapex|92\/100 brn|[from] Grassy Terrain\n|-damage|p2a: Toxapex|86\/100 brn|[from] brn\n|upkeep\n|turn|36\n|\n|t:|1651005730\n|move|p1a: Zapdos|Roost|p1a: Zapdos\n|-heal|p1a: Zapdos|99\/100\n|-singleturn|p1a: Zapdos|move: Roost\n|move|p2a: Toxapex|Scald|p1a: Zapdos\n|-damage|p1a: Zapdos|84\/100\n|\n|-heal|p1a: Zapdos|90\/100|[from] Grassy Terrain\n|-heal|p2a: Toxapex|92\/100 brn|[from] Grassy Terrain\n|-damage|p2a: Toxapex|86\/100 brn|[from] brn\n|upkeep\n|turn|37\n|\n|t:|1651005740\n|switch|p2a: Clefable|Clefable, M|100\/100\n|move|p1a: Zapdos|Thunderbolt|p2a: Clefable\n|-damage|p2a: Clefable|63\/100\n|\n|-heal|p2a: Clefable|69\/100|[from] Grassy Terrain\n|-fieldend|move: Grassy Terrain\n|upkeep\n|turn|38\n|\n|t:|1651005749\n|move|p1a: Zapdos|Hurricane|p2a: Clefable\n|-damage|p2a: Clefable|19\/100\n|move|p2a: Clefable|Soft-Boiled|p2a: Clefable\n|-heal|p2a: Clefable|69\/100\n|\n|upkeep\n|turn|39\n|\n|t:|1651005755\n|move|p1a: Zapdos|Thunderbolt|p2a: Clefable\n|-damage|p2a: Clefable|28\/100\n|move|p2a: Clefable|Soft-Boiled|p2a: Clefable\n|-heal|p2a: Clefable|78\/100\n|\n|upkeep\n|turn|40\n|\n|t:|1651005760\n|move|p1a: Zapdos|Hurricane|p2a: Clefable\n|-damage|p2a: Clefable|35\/100\n|-start|p2a: Clefable|confusion\n|-activate|p2a: Clefable|confusion\n|move|p2a: Clefable|Soft-Boiled|p2a: Clefable\n|-heal|p2a: Clefable|85\/100\n|\n|upkeep\n|turn|41\n|\n|t:|1651005766\n|switch|p2a: Zapdos|Zapdos|91\/100\n|move|p1a: Zapdos|Thunderbolt|p2a: Zapdos\n|-damage|p2a: Zapdos|50\/100\n|\n|upkeep\n|turn|42\n|\n|t:|1651005769\n|move|p2a: Zapdos|Roost|p2a: Zapdos\n|-heal|p2a: Zapdos|100\/100\n|-singleturn|p2a: Zapdos|move: Roost\n|move|p1a: Zapdos|Thunderbolt|p2a: Zapdos\n|-resisted|p2a: Zapdos\n|-damage|p2a: Zapdos|82\/100\n|\n|upkeep\n|turn|43\n|\n|t:|1651005776\n|switch|p1a: Mamoswine|Mamoswine, M|100\/100\n|move|p2a: Zapdos|Hurricane|p1a: Mamoswine|[miss]\n|-miss|p2a: Zapdos|p1a: Mamoswine\n|\n|upkeep\n|turn|44\n|\n|t:|1651005782\n|move|p1a: Mamoswine|Icicle Crash|p2a: Zapdos\n|-supereffective|p2a: Zapdos\n|-damage|p2a: Zapdos|14\/100\n|move|p2a: Zapdos|Hurricane|p1a: Mamoswine|[miss]\n|-miss|p2a: Zapdos|p1a: Mamoswine\n|\n|upkeep\n|turn|45\n|\n|t:|1651005788\n|move|p1a: Mamoswine|Ice Shard|p2a: Zapdos\n|-supereffective|p2a: Zapdos\n|-damage|p2a: Zapdos|0 fnt\n|faint|p2a: Zapdos\n|\n|upkeep\n|\n|t:|1651005792\n|switch|p2a: Rillaboom|Rillaboom, F|79\/100 brn\n|-fieldstart|move: Grassy Terrain|[from] ability: Grassy Surge|[of] p2a: Rillaboom\n|turn|46\n|\n|t:|1651005797\n|move|p2a: Rillaboom|U-turn|p1a: Mamoswine\n|-damage|p1a: Mamoswine|85\/100\n|\n|t:|1651005803\n|switch|p2a: Toxapex|Toxapex, M|100\/100 brn|[from]move: U-turn\n|move|p1a: Mamoswine|Icicle Crash|p2a: Toxapex\n|-resisted|p2a: Toxapex\n|-damage|p2a: Toxapex|87\/100 brn\n|\n|-heal|p1a: Mamoswine|91\/100|[from] Grassy Terrain\n|-heal|p2a: Toxapex|93\/100 brn|[from] Grassy Terrain\n|-damage|p2a: Toxapex|87\/100 brn|[from] brn\n|upkeep\n|turn|47\n|\n|t:|1651005813\n|switch|p1a: Tapu Fini|Tapu Fini|56\/100\n|-fieldstart|move: Misty Terrain|[from] ability: Misty Surge|[of] p1a: Tapu Fini\n|move|p2a: Toxapex|Scald|p1a: Tapu Fini\n|-resisted|p1a: Tapu Fini\n|-damage|p1a: Tapu Fini|49\/100\n|\n|-damage|p2a: Toxapex|81\/100 brn|[from] brn\n|upkeep\n|turn|48\n|\n|t:|1651005827\n|move|p1a: Tapu Fini|Moonblast|p2a: Toxapex\n|-resisted|p2a: Toxapex\n|-damage|p2a: Toxapex|65\/100 brn\n|move|p2a: Toxapex|Toxic Spikes|p1a: Tapu Fini\n|-sidestart|p1: shagohod crew|move: Toxic Spikes\n|\n|-damage|p2a: Toxapex|59\/100 brn|[from] brn\n|upkeep\n|turn|49\n|\n|t:|1651005836\n|move|p1a: Tapu Fini|Moonblast|p2a: Toxapex\n|-resisted|p2a: Toxapex\n|-damage|p2a: Toxapex|43\/100 brn\n|-unboost|p2a: Toxapex|spa|1\n|move|p2a: Toxapex|Scald|p1a: Tapu Fini\n|-resisted|p1a: Tapu Fini\n|-damage|p1a: Tapu Fini|43\/100\n|\n|-damage|p2a: Toxapex|37\/100 brn|[from] brn\n|upkeep\n|turn|50\n|\n|t:|1651005863\n|switch|p1a: Mamoswine|Mamoswine, M|91\/100\n|move|p2a: Toxapex|Recover|p2a: Toxapex\n|-heal|p2a: Toxapex|88\/100 brn\n|\n|-damage|p2a: Toxapex|82\/100 brn|[from] brn\n|upkeep\n|turn|51\n|\n|t:|1651005870\n|switch|p2a: Rillaboom|Rillaboom, F|79\/100 brn\n|-fieldstart|move: Grassy Terrain|[from] ability: Grassy Surge|[of] p2a: Rillaboom\n|move|p1a: Mamoswine|Earthquake|p2a: Rillaboom\n|-resisted|p2a: Rillaboom\n|-damage|p2a: Rillaboom|66\/100 brn\n|\n|-heal|p2a: Rillaboom|72\/100 brn|[from] Grassy Terrain\n|-heal|p1a: Mamoswine|97\/100|[from] Grassy Terrain\n|-damage|p2a: Rillaboom|66\/100 brn|[from] brn\n|upkeep\n|turn|52\n|\n|t:|1651005880\n|switch|p1a: Zapdos|Zapdos|90\/100\n|move|p2a: Rillaboom|U-turn|p1a: Zapdos\n|-resisted|p1a: Zapdos\n|-damage|p1a: Zapdos|85\/100\n|inactive|PedroGreg has 120 seconds left.\n|inactive|PedroGreg has 90 seconds left.\n|inactive|PedroGreg has 60 seconds left.\n|inactive|PedroGreg has 30 seconds left.\n|inactive|PedroGreg has 20 seconds left.\n|inactive|PedroGreg has 15 seconds left.\n|inactive|PedroGreg has 10 seconds left.\n|inactive|PedroGreg has 5 seconds left.\n|-message|PedroGreg lost due to inactivity.\n|\n|win|shagohod crew\n|raw|shagohod crew's rating: 1605 &rarr; <strong>1624<\/strong><br \/>(+19 for winning)\n|raw|PedroGreg's rating: 1587 &rarr; <strong>1568<\/strong><br \/>(-19 for losing)\n","uploadtime":1651006030,"views":101,"p1id":"shagohodcrew","p2id":"pedrogreg","formatid":"gen8ou","rating":1568,"private":0,"password":null}