{"id":"gen8ou-1598916923","p1":"MonaLise","p2":"tanishq1","format":"gen8ou","log":"|j|\u2606MonaLise\n|j|\u2606tanishq1\n|t:|1655550610\n|gametype|singles\n|player|p1|MonaLise|acetrainercouple|1661\n|player|p2|tanishq1|170|1617\n|teamsize|p1|6\n|teamsize|p2|6\n|gen|8\n|tier|[Gen 8] OU\n|rated|\n|rule|Sleep Clause Mod: Limit one foe put to sleep\n|rule|Species Clause: Limit one of each Pok\u00e9mon\n|rule|OHKO Clause: OHKO moves are banned\n|rule|Evasion Moves Clause: Evasion moves are banned\n|rule|Endless Battle Clause: Forcing endless battles is banned\n|rule|HP Percentage Mod: HP is shown in percentages\n|rule|Dynamax Clause: You cannot dynamax\n|clearpoke\n|poke|p1|Ninetales-Alola, M|\n|poke|p1|Arctozolt|\n|poke|p1|Kartana|\n|poke|p1|Swampert, M|\n|poke|p1|Corviknight, F|\n|poke|p1|Blacephalon|\n|poke|p2|Tyrantrum, F|\n|poke|p2|Rotom-Wash|\n|poke|p2|Weavile, F|\n|poke|p2|Landorus-Therian, M|\n|poke|p2|Tapu Lele|\n|poke|p2|Heatran, F|\n|teampreview\n|inactive|Battle timer is ON: inactive players will automatically lose when time's up. (requested by tanishq1)\n|inactive|MonaLise also wants the timer to be on.\n|\n|t:|1655550619\n|start\n|switch|p1a: Swampert|Swampert, M, shiny|100\/100\n|switch|p2a: U COULD T\u00cbLL|Heatran, F|100\/100\n|turn|1\n|\n|t:|1655550624\n|move|p2a: U COULD T\u00cbLL|Toxic|p1a: Swampert\n|-status|p1a: Swampert|tox\n|move|p1a: Swampert|Stealth Rock|p2a: U COULD T\u00cbLL\n|-sidestart|p2: tanishq1|move: Stealth Rock\n|\n|-damage|p1a: Swampert|94\/100 tox|[from] psn\n|upkeep\n|turn|2\n|\n|t:|1655550628\n|switch|p2a: JUS B\u00cbTTER|Landorus-Therian, M|100\/100\n|-damage|p2a: JUS B\u00cbTTER|88\/100|[from] Stealth Rock\n|-ability|p2a: JUS B\u00cbTTER|Intimidate|boost\n|-unboost|p1a: Swampert|atk|1\n|move|p1a: Swampert|Flip Turn|p2a: JUS B\u00cbTTER\n|-supereffective|p2a: JUS B\u00cbTTER\n|-damage|p2a: JUS B\u00cbTTER|57\/100\n|\n|t:|1655550633\n|switch|p1a: Ninetales|Ninetales-Alola, M|100\/100|[from]move: Flip Turn\n|-weather|Hail|[from] ability: Snow Warning|[of] p1a: Ninetales\n|\n|-weather|Hail|[upkeep]\n|-damage|p2a: JUS B\u00cbTTER|51\/100|[from] Hail\n|-heal|p2a: JUS B\u00cbTTER|57\/100|[from] item: Leftovers\n|upkeep\n|turn|3\n|\n|t:|1655550642\n|switch|p1a: Swampert|Swampert, M, shiny|94\/100 tox\n|switch|p2a: U COULD T\u00cbLL|Heatran, F|100\/100\n|-damage|p2a: U COULD T\u00cbLL|88\/100|[from] Stealth Rock\n|\n|-weather|Hail|[upkeep]\n|-damage|p2a: U COULD T\u00cbLL|82\/100|[from] Hail\n|-damage|p1a: Swampert|88\/100 tox|[from] Hail\n|-heal|p2a: U COULD T\u00cbLL|88\/100|[from] item: Leftovers\n|-heal|p1a: Swampert|94\/100 tox|[from] item: Leftovers\n|-damage|p1a: Swampert|88\/100 tox|[from] psn\n|upkeep\n|turn|4\n|\n|t:|1655550645\n|switch|p2a: GEEK HIGH|Weavile, F|100\/100\n|-ability|p2a: GEEK HIGH|Pressure\n|move|p1a: Swampert|Flip Turn|p2a: GEEK HIGH\n|-damage|p2a: GEEK HIGH|62\/100\n|\n|t:|1655550647\n|switch|p1a: Arctozolt|Arctozolt|100\/100|[from]move: Flip Turn\n|\n|-weather|Hail|[upkeep]\n|upkeep\n|turn|5\n|\n|t:|1655550651\n|switch|p2a: JUS B\u00cbTTER|Landorus-Therian, M|57\/100\n|-damage|p2a: JUS B\u00cbTTER|44\/100|[from] Stealth Rock\n|-ability|p2a: JUS B\u00cbTTER|Intimidate|boost\n|-unboost|p1a: Arctozolt|atk|1\n|move|p1a: Arctozolt|Bolt Beak|p2a: JUS B\u00cbTTER\n|-immune|p2a: JUS B\u00cbTTER\n|\n|-weather|Hail|[upkeep]\n|-damage|p2a: JUS B\u00cbTTER|38\/100|[from] Hail\n|-heal|p2a: JUS B\u00cbTTER|44\/100|[from] item: Leftovers\n|upkeep\n|turn|6\n|\n|t:|1655550657\n|switch|p2a: U COULD T\u00cbLL|Heatran, F|88\/100\n|-damage|p2a: U COULD T\u00cbLL|76\/100|[from] Stealth Rock\n|move|p1a: Arctozolt|Bolt Beak|p2a: U COULD T\u00cbLL\n|-damage|p2a: U COULD T\u00cbLL|40\/100\n|\n|-weather|none\n|-heal|p2a: U COULD T\u00cbLL|46\/100|[from] item: Leftovers\n|upkeep\n|turn|7\n|\n|t:|1655550663\n|switch|p1a: Swampert|Swampert, M, shiny|88\/100 tox\n|move|p2a: U COULD T\u00cbLL|Stealth Rock|p1a: Swampert\n|-sidestart|p1: MonaLise|move: Stealth Rock\n|\n|-heal|p2a: U COULD T\u00cbLL|52\/100|[from] item: Leftovers\n|-heal|p1a: Swampert|94\/100 tox|[from] item: Leftovers\n|-damage|p1a: Swampert|88\/100 tox|[from] psn\n|upkeep\n|turn|8\n|\n|t:|1655550666\n|switch|p2a: SMOOKTOB\u00cbR|Rotom-Wash|100\/100\n|-damage|p2a: SMOOKTOB\u00cbR|88\/100|[from] Stealth Rock\n|move|p1a: Swampert|Flip Turn|p2a: SMOOKTOB\u00cbR\n|-resisted|p2a: SMOOKTOB\u00cbR\n|-damage|p2a: SMOOKTOB\u00cbR|78\/100\n|-damage|p1a: Swampert|72\/100 tox|[from] item: Rocky Helmet|[of] p2a: SMOOKTOB\u00cbR\n|\n|t:|1655550672\n|switch|p1a: Kartana|Kartana|100\/100|[from]move: Flip Turn\n|-damage|p1a: Kartana|94\/100|[from] Stealth Rock\n|\n|upkeep\n|turn|9\n|\n|t:|1655550680\n|move|p1a: Kartana|Swords Dance|p1a: Kartana\n|-boost|p1a: Kartana|atk|2\n|move|p2a: SMOOKTOB\u00cbR|Will-O-Wisp|p1a: Kartana\n|-status|p1a: Kartana|brn\n|\n|-damage|p1a: Kartana|88\/100 brn|[from] brn\n|upkeep\n|turn|10\n|\n|t:|1655550690\n|switch|p2a: JUS B\u00cbTTER|Landorus-Therian, M|44\/100\n|-damage|p2a: JUS B\u00cbTTER|32\/100|[from] Stealth Rock\n|-ability|p2a: JUS B\u00cbTTER|Intimidate|boost\n|-unboost|p1a: Kartana|atk|1\n|move|p1a: Kartana|Swords Dance|p1a: Kartana\n|-boost|p1a: Kartana|atk|2\n|\n|-heal|p2a: JUS B\u00cbTTER|38\/100|[from] item: Leftovers\n|-damage|p1a: Kartana|82\/100 brn|[from] brn\n|upkeep\n|turn|11\n|\n|t:|1655550693\n|move|p1a: Kartana|Leaf Blade|p2a: JUS B\u00cbTTER\n|-damage|p2a: JUS B\u00cbTTER|0 fnt\n|faint|p2a: JUS B\u00cbTTER\n|-ability|p1a: Kartana|Beast Boost|boost\n|-boost|p1a: Kartana|spe|1\n|-damage|p1a: Kartana|72\/100 brn|[from] item: Life Orb\n|\n|-damage|p1a: Kartana|66\/100 brn|[from] brn\n|upkeep\n|\n|t:|1655550699\n|switch|p2a: MONEY TW\u00cbRK|Tapu Lele|100\/100\n|-damage|p2a: MONEY TW\u00cbRK|88\/100|[from] Stealth Rock\n|-fieldstart|move: Psychic Terrain|[from] ability: Psychic Surge|[of] p2a: MONEY TW\u00cbRK\n|turn|12\n|\n|t:|1655550700\n|move|p1a: Kartana|Leaf Blade|p2a: MONEY TW\u00cbRK\n|-damage|p2a: MONEY TW\u00cbRK|0 fnt\n|faint|p2a: MONEY TW\u00cbRK\n|-ability|p1a: Kartana|Beast Boost|boost\n|-boost|p1a: Kartana|spe|1\n|-damage|p1a: Kartana|56\/100 brn|[from] item: Life Orb\n|\n|-damage|p1a: Kartana|50\/100 brn|[from] brn\n|upkeep\n|\n|t:|1655550709\n|switch|p2a: U COULD T\u00cbLL|Heatran, F|52\/100\n|-damage|p2a: U COULD T\u00cbLL|40\/100|[from] Stealth Rock\n|turn|13\n|\n|t:|1655550711\n|switch|p2a: SMOOKTOB\u00cbR|Rotom-Wash|78\/100\n|-damage|p2a: SMOOKTOB\u00cbR|66\/100|[from] Stealth Rock\n|move|p1a: Kartana|Sacred Sword|p2a: SMOOKTOB\u00cbR\n|-damage|p2a: SMOOKTOB\u00cbR|27\/100\n|-damage|p1a: Kartana|33\/100 brn|[from] item: Rocky Helmet|[of] p2a: SMOOKTOB\u00cbR\n|-damage|p1a: Kartana|23\/100 brn|[from] item: Life Orb\n|\n|-damage|p1a: Kartana|17\/100 brn|[from] brn\n|upkeep\n|turn|14\n|\n|t:|1655550715\n|switch|p2a: U COULD T\u00cbLL|Heatran, F|40\/100\n|-damage|p2a: U COULD T\u00cbLL|27\/100|[from] Stealth Rock\n|move|p1a: Kartana|Knock Off|p2a: U COULD T\u00cbLL\n|-damage|p2a: U COULD T\u00cbLL|0 fnt\n|-enditem|p2a: U COULD T\u00cbLL|Leftovers|[from] move: Knock Off|[of] p1a: Kartana\n|faint|p2a: U COULD T\u00cbLL\n|-ability|p1a: Kartana|Beast Boost|boost\n|-boost|p1a: Kartana|spe|1\n|-damage|p1a: Kartana|7\/100 brn|[from] item: Life Orb\n|\n|-damage|p1a: Kartana|1\/100 brn|[from] brn\n|upkeep\n|\n|t:|1655550720\n|switch|p2a: SMOOKTOB\u00cbR|Rotom-Wash|27\/100\n|-damage|p2a: SMOOKTOB\u00cbR|15\/100|[from] Stealth Rock\n|turn|15\n|\n|t:|1655550729\n|switch|p1a: Swampert|Swampert, M, shiny|72\/100 tox\n|-damage|p1a: Swampert|65\/100 tox|[from] Stealth Rock\n|move|p2a: SMOOKTOB\u00cbR|Volt Switch|p1a: Swampert\n|-immune|p1a: Swampert\n|\n|-heal|p1a: Swampert|72\/100 tox|[from] item: Leftovers\n|-damage|p1a: Swampert|65\/100 tox|[from] psn\n|upkeep\n|turn|16\n|\n|t:|1655550731\n|move|p2a: SMOOKTOB\u00cbR|Hydro Pump|p1a: Swampert\n|-damage|p1a: Swampert|38\/100 tox\n|move|p1a: Swampert|Flip Turn|p2a: SMOOKTOB\u00cbR\n|-resisted|p2a: SMOOKTOB\u00cbR\n|-crit|p2a: SMOOKTOB\u00cbR\n|-damage|p2a: SMOOKTOB\u00cbR|0 fnt\n|-damage|p1a: Swampert|21\/100 tox|[from] item: Rocky Helmet|[of] p2a: SMOOKTOB\u00cbR\n|faint|p2a: SMOOKTOB\u00cbR\n|\n|t:|1655550732\n|switch|p1a: Ninetales|Ninetales-Alola, M|100\/100|[from]move: Flip Turn\n|-damage|p1a: Ninetales|76\/100|[from] Stealth Rock\n|-weather|Hail|[from] ability: Snow Warning|[of] p1a: Ninetales\n|\n|-weather|Hail|[upkeep]\n|-fieldend|move: Psychic Terrain\n|upkeep\n|\n|t:|1655550736\n|switch|p2a: GEEK HIGH|Weavile, F|62\/100\n|-ability|p2a: GEEK HIGH|Pressure\n|turn|17\n|\n|t:|1655550738\n|move|p1a: Ninetales|Moonblast|p2a: GEEK HIGH\n|-supereffective|p2a: GEEK HIGH\n|-crit|p2a: GEEK HIGH\n|-damage|p2a: GEEK HIGH|0 fnt\n|faint|p2a: GEEK HIGH\n|\n|-weather|Hail|[upkeep]\n|upkeep\n|-message|tanishq1 forfeited.\n|\n|win|MonaLise\n|raw|MonaLise's rating: 1661 &rarr; <strong>1678<\/strong><br \/>(+17 for winning)\n|raw|tanishq1's rating: 1617 &rarr; <strong>1600<\/strong><br \/>(-17 for losing)\n|l|\u2606tanishq1\n","uploadtime":1655550747,"views":46,"p1id":"monalise","p2id":"tanishq1","formatid":"gen8ou","rating":1600,"private":0,"password":null}