{"id":"gen8ou-1655555181","p1":"Pinkacross","p2":"Swag onna bi","format":"gen8ou","log":"|j|\u2606Pinkacross\n|j|\u2606Swag onna bi\n|inactive|Battle timer is ON: inactive players will automatically lose when time's up.\n|t:|1662255444\n|gametype|singles\n|player|p1|Pinkacross|artist|\n|player|p2|Swag onna bi|hilbert-wonderlauncher|\n|teamsize|p1|6\n|teamsize|p2|6\n|gen|8\n|tier|[Gen 8] OU\n|rated|Tournament battle\n|rule|Sleep Clause Mod: Limit one foe put to sleep\n|rule|Species Clause: Limit one of each Pok\u00e9mon\n|rule|OHKO Clause: OHKO moves are banned\n|rule|Evasion Items Clause: Evasion items are banned\n|rule|Evasion Moves Clause: Evasion moves are banned\n|rule|Endless Battle Clause: Forcing endless battles is banned\n|rule|HP Percentage Mod: HP is shown in percentages\n|rule|Dynamax Clause: You cannot dynamax\n|clearpoke\n|poke|p1|Amoonguss, M|\n|poke|p1|Clefable, F|\n|poke|p1|Excadrill, F|\n|poke|p1|Ferrothorn, F|\n|poke|p1|Tornadus-Therian, M|\n|poke|p1|Salazzle, F|\n|poke|p2|Clefable, M|\n|poke|p2|Toxapex, M|\n|poke|p2|Landorus-Therian, M|\n|poke|p2|Heatran, M|\n|poke|p2|Celesteela|\n|poke|p2|Suicune|\n|teampreview\n|j|%Sww-Suwa\n|c|\u2606Pinkacross|hf\n|j| InfSerendipity\n|c|\u2606Swag onna bi|Bro what is this\n|c| InfSerendipity|better call stall\n|\n|t:|1662255469\n|start\n|switch|p1a: Salazzle|Salazzle, F|100\/100\n|switch|p2a: Heatran|Heatran, M|100\/100\n|turn|1\n|c| InfSerendipity|*better call it stall\n|\n|t:|1662255474\n|switch|p1a: Tornadus|Tornadus-Therian, M|100\/100\n|move|p2a: Heatran|Earth Power|p1a: Tornadus\n|-immune|p1a: Tornadus\n|\n|upkeep\n|turn|2\n|\n|t:|1662255480\n|move|p1a: Tornadus|Taunt|p2a: Heatran\n|-start|p2a: Heatran|move: Taunt\n|move|p2a: Heatran|Magma Storm|p1a: Tornadus\n|-damage|p1a: Tornadus|44\/100\n|-activate|p1a: Tornadus|move: Magma Storm|[of] p2a: Heatran\n|\n|-damage|p1a: Tornadus|32\/100|[from] move: Magma Storm|[partiallytrapped]\n|upkeep\n|turn|3\n|\n|t:|1662255490\n|move|p1a: Tornadus|U-turn|p2a: Heatran\n|-resisted|p2a: Heatran\n|-damage|p2a: Heatran|97\/100\n|\n|t:|1662255495\n|switch|p1a: Clefable|Clefable, F|100\/100|[from]move: U-turn\n|move|p2a: Heatran|Magma Storm|p1a: Clefable|[miss]\n|-miss|p2a: Heatran|p1a: Clefable\n|\n|-heal|p2a: Heatran|100\/100|[from] item: Leftovers\n|upkeep\n|turn|4\n|\n|t:|1662255501\n|move|p2a: Heatran|Magma Storm|p1a: Clefable\n|-damage|p1a: Clefable|67\/100\n|-activate|p1a: Clefable|move: Magma Storm|[of] p2a: Heatran\n|move|p1a: Clefable|Teleport|p1a: Clefable\n|\n|t:|1662255504\n|switch|p1a: Excadrill|Excadrill, F|100\/100|[from]move: Teleport\n|-ability|p1a: Excadrill|Mold Breaker\n|\n|-end|p2a: Heatran|move: Taunt\n|upkeep\n|turn|5\n|j| Lord Xen VII\n|\n|t:|1662255517\n|switch|p1a: Ferrothorn|Ferrothorn, F|100\/100\n|switch|p2a: Celesteela|Celesteela|100\/100\n|\n|upkeep\n|turn|6\n|\n|t:|1662255524\n|switch|p1a: Salazzle|Salazzle, F|100\/100\n|move|p2a: Celesteela|Flamethrower|p1a: Salazzle\n|-resisted|p1a: Salazzle\n|-damage|p1a: Salazzle|77\/100\n|\n|-heal|p1a: Salazzle|84\/100|[from] item: Leftovers\n|upkeep\n|turn|7\n|\n|t:|1662255534\n|switch|p2a: Heatran|Heatran, M|100\/100\n|move|p1a: Salazzle|Toxic|p2a: Heatran\n|-status|p2a: Heatran|tox\n|\n|-heal|p1a: Salazzle|90\/100|[from] item: Leftovers\n|-damage|p2a: Heatran|94\/100 tox|[from] psn\n|upkeep\n|turn|8\n|\n|t:|1662255539\n|switch|p1a: Clefable|Clefable, F|67\/100\n|move|p2a: Heatran|Magma Storm|p1a: Clefable\n|-damage|p1a: Clefable|33\/100\n|-activate|p1a: Clefable|move: Magma Storm|[of] p2a: Heatran\n|\n|-heal|p2a: Heatran|100\/100 tox|[from] item: Leftovers\n|-heal|p1a: Clefable|39\/100|[from] item: Leftovers\n|-damage|p2a: Heatran|88\/100 tox|[from] psn\n|upkeep\n|turn|9\n|\n|t:|1662255544\n|move|p1a: Clefable|Protect|p1a: Clefable\n|-singleturn|p1a: Clefable|Protect\n|move|p2a: Heatran|Taunt|p1a: Clefable\n|-activate|p1a: Clefable|move: Protect\n|\n|-heal|p2a: Heatran|94\/100 tox|[from] item: Leftovers\n|-heal|p1a: Clefable|45\/100|[from] item: Leftovers\n|-damage|p2a: Heatran|76\/100 tox|[from] psn\n|upkeep\n|turn|10\n|\n|t:|1662255546\n|move|p2a: Heatran|Taunt|p1a: Clefable\n|-start|p1a: Clefable|move: Taunt\n|cant|p1a: Clefable|move: Taunt|Wish\n|\n|-heal|p2a: Heatran|82\/100 tox|[from] item: Leftovers\n|-heal|p1a: Clefable|52\/100|[from] item: Leftovers\n|-damage|p2a: Heatran|57\/100 tox|[from] psn\n|upkeep\n|turn|11\n|\n|t:|1662255551\n|move|p2a: Heatran|Magma Storm|p1a: Clefable|[miss]\n|-miss|p2a: Heatran|p1a: Clefable\n|move|p1a: Clefable|Moonblast|p2a: Heatran\n|-resisted|p2a: Heatran\n|-damage|p2a: Heatran|49\/100 tox\n|-unboost|p2a: Heatran|spa|1\n|\n|-heal|p2a: Heatran|55\/100 tox|[from] item: Leftovers\n|-heal|p1a: Clefable|58\/100|[from] item: Leftovers\n|-damage|p2a: Heatran|24\/100 tox|[from] psn\n|upkeep\n|turn|12\n|\n|t:|1662255554\n|move|p2a: Heatran|Magma Storm|p1a: Clefable\n|-damage|p1a: Clefable|33\/100\n|move|p1a: Clefable|Moonblast|p2a: Heatran\n|-resisted|p2a: Heatran\n|-damage|p2a: Heatran|16\/100 tox\n|\n|-heal|p2a: Heatran|22\/100 tox|[from] item: Leftovers\n|-heal|p1a: Clefable|39\/100|[from] item: Leftovers\n|-damage|p2a: Heatran|0 fnt|[from] psn\n|faint|p2a: Heatran\n|-end|p1a: Clefable|Magma Storm|[partiallytrapped]|[silent]\n|-end|p1a: Clefable|move: Taunt\n|upkeep\n|j| Juni01\n|c|\u2606Swag onna bi|Smh\n|\n|t:|1662255582\n|switch|p2a: Suicune|Suicune|100\/100\n|-ability|p2a: Suicune|Pressure\n|turn|13\n|\n|t:|1662255588\n|switch|p1a: Tornadus|Tornadus-Therian, M|65\/100\n|move|p2a: Suicune|Substitute|p2a: Suicune\n|-start|p2a: Suicune|Substitute\n|-damage|p2a: Suicune|76\/100\n|\n|-heal|p2a: Suicune|82\/100|[from] item: Leftovers\n|upkeep\n|turn|14\n|\n|t:|1662255591\n|move|p2a: Suicune|Protect|p2a: Suicune\n|-singleturn|p2a: Suicune|Protect\n|move|p1a: Tornadus|Taunt|p2a: Suicune\n|-activate|p2a: Suicune|move: Protect\n|\n|-heal|p2a: Suicune|88\/100|[from] item: Leftovers\n|upkeep\n|turn|15\n|\n|t:|1662255596\n|move|p1a: Tornadus|Taunt|p2a: Suicune\n|-start|p2a: Suicune|move: Taunt\n|move|p2a: Suicune|Scald|p1a: Tornadus\n|-crit|p1a: Tornadus\n|-damage|p1a: Tornadus|23\/100\n|\n|-heal|p2a: Suicune|94\/100|[from] item: Leftovers\n|upkeep\n|turn|16\n|\n|t:|1662255601\n|move|p1a: Tornadus|U-turn|p2a: Suicune\n|-activate|p2a: Suicune|move: Substitute|[damage]\n|\n|t:|1662255603\n|switch|p1a: Amoonguss|Amoonguss, M|100\/100|[from]move: U-turn\n|move|p2a: Suicune|Scald|p1a: Amoonguss\n|-resisted|p1a: Amoonguss\n|-damage|p1a: Amoonguss|88\/100\n|\n|-heal|p2a: Suicune|100\/100|[from] item: Leftovers\n|upkeep\n|turn|17\n|\n|t:|1662255607\n|move|p2a: Suicune|Scald|p1a: Amoonguss\n|-resisted|p1a: Amoonguss\n|-damage|p1a: Amoonguss|75\/100\n|move|p1a: Amoonguss|Giga Drain|p2a: Suicune\n|-supereffective|p2a: Suicune\n|-end|p2a: Suicune|Substitute\n|-heal|p1a: Amoonguss|83\/100|[from] drain|[of] p2a: Suicune\n|\n|-end|p2a: Suicune|move: Taunt\n|upkeep\n|turn|18\n|\n|t:|1662255616\n|move|p2a: Suicune|Substitute|p2a: Suicune\n|-start|p2a: Suicune|Substitute\n|-damage|p2a: Suicune|76\/100\n|move|p1a: Amoonguss|Giga Drain|p2a: Suicune\n|-supereffective|p2a: Suicune\n|-end|p2a: Suicune|Substitute\n|-heal|p1a: Amoonguss|94\/100|[from] drain|[of] p2a: Suicune\n|\n|-heal|p2a: Suicune|82\/100|[from] item: Leftovers\n|upkeep\n|turn|19\n|\n|t:|1662255621\n|switch|p1a: Salazzle|Salazzle, F|90\/100\n|move|p2a: Suicune|Protect||[still]\n|-fail|p2a: Suicune\n|\n|-heal|p1a: Salazzle|96\/100|[from] item: Leftovers\n|-heal|p2a: Suicune|88\/100|[from] item: Leftovers\n|upkeep\n|turn|20\n|\n|t:|1662255628\n|move|p1a: Salazzle|Toxic|p2a: Suicune\n|-status|p2a: Suicune|tox\n|move|p2a: Suicune|Scald|p1a: Salazzle\n|-supereffective|p1a: Salazzle\n|-damage|p1a: Salazzle|9\/100\n|\n|-heal|p1a: Salazzle|15\/100|[from] item: Leftovers\n|-heal|p2a: Suicune|94\/100 tox|[from] item: Leftovers\n|-damage|p2a: Suicune|88\/100 tox|[from] psn\n|upkeep\n|turn|21\n|\n|t:|1662255631\n|switch|p1a: Clefable|Clefable, F|39\/100\n|move|p2a: Suicune|Scald|p1a: Clefable\n|-damage|p1a: Clefable|23\/100\n|-status|p1a: Clefable|brn\n|\n|-heal|p2a: Suicune|94\/100 tox|[from] item: Leftovers\n|-heal|p1a: Clefable|29\/100 brn|[from] item: Leftovers\n|-damage|p2a: Suicune|82\/100 tox|[from] psn\n|upkeep\n|turn|22\n|\n|t:|1662255654\n|switch|p2a: Celesteela|Celesteela|100\/100\n|move|p1a: Clefable|Wish|p1a: Clefable\n|\n|-heal|p1a: Clefable|35\/100 brn|[from] item: Leftovers\n|upkeep\n|turn|23\n|\n|t:|1662255660\n|move|p1a: Clefable|Protect|p1a: Clefable\n|-singleturn|p1a: Clefable|Protect\n|move|p2a: Celesteela|Heavy Slam|p1a: Clefable\n|-activate|p1a: Clefable|move: Protect\n|\n|-heal|p1a: Clefable|85\/100 brn|[from] move: Wish|[wisher] Clefable\n|-heal|p1a: Clefable|91\/100 brn|[from] item: Leftovers\n|upkeep\n|turn|24\n|\n|t:|1662255664\n|switch|p1a: Amoonguss|Amoonguss, M|100\/100\n|move|p2a: Celesteela|Leech Seed|p1a: Amoonguss\n|-immune|p1a: Amoonguss\n|\n|upkeep\n|turn|25\n|\n|t:|1662255671\n|switch|p2a: Suicune|Suicune|82\/100 tox\n|-ability|p2a: Suicune|Pressure\n|move|p1a: Amoonguss|Spore||[still]\n|-fail|p1a: Amoonguss\n|\n|-heal|p2a: Suicune|88\/100 tox|[from] item: Leftovers\n|-damage|p2a: Suicune|82\/100 tox|[from] psn\n|upkeep\n|turn|26\n|\n|t:|1662255678\n|switch|p1a: Clefable|Clefable, F|91\/100 brn\n|move|p2a: Suicune|Scald|p1a: Clefable\n|-damage|p1a: Clefable|75\/100 brn\n|\n|-heal|p2a: Suicune|88\/100 tox|[from] item: Leftovers\n|-heal|p1a: Clefable|81\/100 brn|[from] item: Leftovers\n|-damage|p2a: Suicune|76\/100 tox|[from] psn\n|upkeep\n|turn|27\n|\n|t:|1662255696\n|switch|p2a: Celesteela|Celesteela|100\/100\n|move|p1a: Clefable|Wish|p1a: Clefable\n|\n|-heal|p1a: Clefable|87\/100 brn|[from] item: Leftovers\n|upkeep\n|turn|28\n|\n|t:|1662255704\n|switch|p1a: Amoonguss|Amoonguss, M|100\/100\n|move|p2a: Celesteela|Heavy Slam|p1a: Amoonguss\n|-damage|p1a: Amoonguss|71\/100\n|-damage|p2a: Celesteela|84\/100|[from] item: Rocky Helmet|[of] p1a: Amoonguss\n|\n|-heal|p1a: Amoonguss|100\/100|[from] move: Wish|[wisher] Clefable\n|-heal|p2a: Celesteela|90\/100|[from] item: Leftovers\n|upkeep\n|turn|29\n|\n|t:|1662255710\n|move|p2a: Celesteela|Protect|p2a: Celesteela\n|-singleturn|p2a: Celesteela|Protect\n|move|p1a: Amoonguss|Spore|p2a: Celesteela\n|-activate|p2a: Celesteela|move: Protect\n|\n|-heal|p2a: Celesteela|96\/100|[from] item: Leftovers\n|upkeep\n|turn|30\n|\n|t:|1662255721\n|switch|p2a: Suicune|Suicune|76\/100 tox\n|-ability|p2a: Suicune|Pressure\n|move|p1a: Amoonguss|Spore||[still]\n|-fail|p1a: Amoonguss\n|\n|-heal|p2a: Suicune|82\/100 tox|[from] item: Leftovers\n|-damage|p2a: Suicune|76\/100 tox|[from] psn\n|upkeep\n|turn|31\n|\n|t:|1662255728\n|move|p2a: Suicune|Scald|p1a: Amoonguss\n|-resisted|p1a: Amoonguss\n|-damage|p1a: Amoonguss|88\/100\n|-status|p1a: Amoonguss|brn\n|move|p1a: Amoonguss|Giga Drain|p2a: Suicune\n|-supereffective|p2a: Suicune\n|-damage|p2a: Suicune|43\/100 tox\n|-heal|p1a: Amoonguss|100\/100 brn|[from] drain|[of] p2a: Suicune\n|\n|-heal|p2a: Suicune|49\/100 tox|[from] item: Leftovers\n|-damage|p2a: Suicune|37\/100 tox|[from] psn\n|-damage|p1a: Amoonguss|94\/100 brn|[from] brn\n|upkeep\n|turn|32\n|\n|t:|1662255738\n|switch|p2a: Celesteela|Celesteela|96\/100\n|move|p1a: Amoonguss|Spore|p2a: Celesteela\n|-status|p2a: Celesteela|slp|[from] move: Spore\n|\n|-heal|p2a: Celesteela|100\/100 slp|[from] item: Leftovers\n|-damage|p1a: Amoonguss|88\/100 brn|[from] brn\n|upkeep\n|turn|33\n|\n|t:|1662255747\n|switch|p1a: Salazzle|Salazzle, F|15\/100\n|cant|p2a: Celesteela|slp\n|\n|-heal|p1a: Salazzle|21\/100|[from] item: Leftovers\n|upkeep\n|turn|34\n|\n|t:|1662255751\n|switch|p1a: Amoonguss|Amoonguss, M|100\/100 brn\n|switch|p2a: Suicune|Suicune|37\/100 tox\n|-ability|p2a: Suicune|Pressure\n|\n|-heal|p2a: Suicune|43\/100 tox|[from] item: Leftovers\n|-damage|p2a: Suicune|37\/100 tox|[from] psn\n|-damage|p1a: Amoonguss|94\/100 brn|[from] brn\n|upkeep\n|turn|35\n|\n|t:|1662255754\n|switch|p2a: Celesteela|Celesteela|100\/100 slp\n|move|p1a: Amoonguss|Giga Drain|p2a: Celesteela\n|-resisted|p2a: Celesteela\n|-damage|p2a: Celesteela|96\/100 slp\n|-heal|p1a: Amoonguss|96\/100 brn|[from] drain|[of] p2a: Celesteela\n|\n|-heal|p2a: Celesteela|100\/100 slp|[from] item: Leftovers\n|-damage|p1a: Amoonguss|90\/100 brn|[from] brn\n|upkeep\n|turn|36\n|\n|t:|1662255762\n|-curestatus|p2a: Celesteela|slp|[msg]\n|move|p2a: Celesteela|Heavy Slam|p1a: Amoonguss\n|-damage|p1a: Amoonguss|59\/100 brn\n|-damage|p2a: Celesteela|84\/100|[from] item: Rocky Helmet|[of] p1a: Amoonguss\n|move|p1a: Amoonguss|Spore|p2a: Celesteela\n|-status|p2a: Celesteela|slp|[from] move: Spore\n|\n|-heal|p2a: Celesteela|90\/100 slp|[from] item: Leftovers\n|-damage|p1a: Amoonguss|53\/100 brn|[from] brn\n|upkeep\n|turn|37\n|\n|t:|1662255770\n|switch|p1a: Salazzle|Salazzle, F|21\/100\n|cant|p2a: Celesteela|slp\n|\n|-heal|p1a: Salazzle|28\/100|[from] item: Leftovers\n|-heal|p2a: Celesteela|96\/100 slp|[from] item: Leftovers\n|upkeep\n|turn|38\n|\n|t:|1662255780\n|switch|p1a: Amoonguss|Amoonguss, M|86\/100 brn\n|switch|p2a: Suicune|Suicune|37\/100 tox\n|-ability|p2a: Suicune|Pressure\n|\n|-heal|p2a: Suicune|43\/100 tox|[from] item: Leftovers\n|-damage|p2a: Suicune|37\/100 tox|[from] psn\n|-damage|p1a: Amoonguss|80\/100 brn|[from] brn\n|upkeep\n|turn|39\n|\n|t:|1662255787\n|switch|p2a: Celesteela|Celesteela|96\/100 slp\n|switch|p1a: Clefable|Clefable, F|87\/100 brn\n|\n|-heal|p1a: Clefable|93\/100 brn|[from] item: Leftovers\n|-heal|p2a: Celesteela|100\/100 slp|[from] item: Leftovers\n|upkeep\n|turn|40\n|\n|t:|1662255806\n|move|p1a: Clefable|Wish|p1a: Clefable\n|cant|p2a: Celesteela|slp\n|\n|-heal|p1a: Clefable|99\/100 brn|[from] item: Leftovers\n|upkeep\n|turn|41\n|\n|t:|1662255815\n|switch|p1a: Ferrothorn|Ferrothorn, F|100\/100\n|-curestatus|p2a: Celesteela|slp|[msg]\n|move|p2a: Celesteela|Leech Seed|p1a: Ferrothorn\n|-immune|p1a: Ferrothorn\n|\n|upkeep\n|turn|42\n|\n|t:|1662255818\n|move|p2a: Celesteela|Flamethrower|p1a: Ferrothorn\n|-supereffective|p1a: Ferrothorn\n|-damage|p1a: Ferrothorn|20\/100\n|move|p1a: Ferrothorn|Knock Off|p2a: Celesteela\n|-damage|p2a: Celesteela|87\/100\n|-enditem|p2a: Celesteela|Leftovers|[from] move: Knock Off|[of] p1a: Ferrothorn\n|\n|upkeep\n|turn|43\n|\n|t:|1662255824\n|switch|p1a: Amoonguss|Amoonguss, M|100\/100 brn\n|move|p2a: Celesteela|Flamethrower|p1a: Amoonguss\n|-supereffective|p1a: Amoonguss\n|-damage|p1a: Amoonguss|59\/100 brn\n|\n|-damage|p1a: Amoonguss|53\/100 brn|[from] brn\n|upkeep\n|turn|44\n|\n|t:|1662255831\n|switch|p2a: Toxapex|Toxapex, M|100\/100\n|move|p1a: Amoonguss|Spore|p2a: Toxapex\n|-status|p2a: Toxapex|slp|[from] move: Spore\n|\n|-damage|p1a: Amoonguss|47\/100 brn|[from] brn\n|upkeep\n|turn|45\n|\n|t:|1662255839\n|switch|p2a: Celesteela|Celesteela|87\/100\n|switch|p1a: Salazzle|Salazzle, F|28\/100\n|\n|-heal|p1a: Salazzle|34\/100|[from] item: Leftovers\n|upkeep\n|turn|46\n|\n|t:|1662255855\n|switch|p1a: Amoonguss|Amoonguss, M|80\/100 brn\n|switch|p2a: Suicune|Suicune|37\/100 tox\n|-ability|p2a: Suicune|Pressure\n|\n|-heal|p2a: Suicune|43\/100 tox|[from] item: Leftovers\n|-damage|p2a: Suicune|37\/100 tox|[from] psn\n|-damage|p1a: Amoonguss|74\/100 brn|[from] brn\n|upkeep\n|turn|47\n|\n|t:|1662255861\n|switch|p2a: Celesteela|Celesteela|87\/100\n|switch|p1a: Clefable|Clefable, F|99\/100 brn\n|\n|-heal|p1a: Clefable|100\/100 brn|[from] item: Leftovers\n|upkeep\n|turn|48\n|\n|t:|1662255867\n|switch|p1a: Amoonguss|Amoonguss, M|100\/100 brn\n|move|p2a: Celesteela|Heavy Slam|p1a: Amoonguss\n|-damage|p1a: Amoonguss|71\/100 brn\n|-damage|p2a: Celesteela|71\/100|[from] item: Rocky Helmet|[of] p1a: Amoonguss\n|\n|-damage|p1a: Amoonguss|65\/100 brn|[from] brn\n|upkeep\n|turn|49\n|\n|t:|1662255873\n|move|p2a: Celesteela|Flamethrower|p1a: Amoonguss\n|-supereffective|p1a: Amoonguss\n|-damage|p1a: Amoonguss|22\/100 brn\n|move|p1a: Amoonguss|Spore|p2a: Celesteela\n|-message|Sleep Clause Mod activated.\n|\n|-damage|p1a: Amoonguss|16\/100 brn|[from] brn\n|upkeep\n|turn|50\n|\n|t:|1662255879\n|switch|p1a: Excadrill|Excadrill, F|100\/100\n|-ability|p1a: Excadrill|Mold Breaker\n|move|p2a: Celesteela|Leech Seed|p1a: Excadrill\n|-start|p1a: Excadrill|move: Leech Seed\n|\n|-damage|p1a: Excadrill|88\/100|[from] Leech Seed|[of] p2a: Celesteela\n|-heal|p2a: Celesteela|82\/100|[silent]\n|upkeep\n|turn|51\n|c|\u2606Pinkacross|me forgetting sleep clause lol\n|\n|t:|1662255889\n|switch|p1a: Amoonguss|Amoonguss, M|49\/100 brn\n|move|p2a: Celesteela|Flamethrower|p1a: Amoonguss\n|-supereffective|p1a: Amoonguss\n|-damage|p1a: Amoonguss|2\/100 brn\n|\n|-damage|p1a: Amoonguss|0 fnt|[from] brn\n|faint|p1a: Amoonguss\n|upkeep\n|\n|t:|1662255890\n|switch|p1a: Salazzle|Salazzle, F|34\/100\n|turn|52\n|inactive|Swag onna bi has 120 seconds left.\n|c|\u2606Swag onna bi|Happens\n|c|\u2606Swag onna bi|sry looking for a charger\n|\n|t:|1662255945\n|switch|p2a: Suicune|Suicune|37\/100 tox\n|-ability|p2a: Suicune|Pressure\n|move|p1a: Salazzle|Flamethrower|p2a: Suicune\n|-resisted|p2a: Suicune\n|-damage|p2a: Suicune|22\/100 tox\n|\n|-heal|p1a: Salazzle|40\/100|[from] item: Leftovers\n|-heal|p2a: Suicune|28\/100 tox|[from] item: Leftovers\n|-damage|p2a: Suicune|22\/100 tox|[from] psn\n|upkeep\n|turn|53\n|\n|t:|1662255957\n|switch|p1a: Clefable|Clefable, F|100\/100 brn\n|move|p2a: Suicune|Scald|p1a: Clefable\n|-damage|p1a: Clefable|82\/100 brn\n|\n|-heal|p2a: Suicune|28\/100 tox|[from] item: Leftovers\n|-heal|p1a: Clefable|88\/100 brn|[from] item: Leftovers\n|-damage|p2a: Suicune|16\/100 tox|[from] psn\n|upkeep\n|turn|54\n|j| lags\n|\n|t:|1662255960\n|switch|p2a: Celesteela|Celesteela|82\/100\n|move|p1a: Clefable|Wish|p1a: Clefable\n|\n|-heal|p1a: Clefable|94\/100 brn|[from] item: Leftovers\n|upkeep\n|turn|55\n|\n|t:|1662255965\n|move|p2a: Celesteela|Heavy Slam|p1a: Clefable\n|-supereffective|p1a: Clefable\n|-damage|p1a: Clefable|6\/100 brn\n|move|p1a: Clefable|Teleport|p1a: Clefable\n|\n|t:|1662255968\n|switch|p1a: Salazzle|Salazzle, F|40\/100|[from]move: Teleport\n|\n|-heal|p1a: Salazzle|100\/100|[from] move: Wish|[wisher] Clefable\n|upkeep\n|turn|56\n|\n|t:|1662255975\n|switch|p2a: Suicune|Suicune|16\/100 tox\n|-ability|p2a: Suicune|Pressure\n|move|p1a: Salazzle|Substitute|p1a: Salazzle\n|-start|p1a: Salazzle|Substitute\n|-damage|p1a: Salazzle|76\/100\n|\n|-heal|p1a: Salazzle|82\/100|[from] item: Leftovers\n|-heal|p2a: Suicune|22\/100 tox|[from] item: Leftovers\n|-damage|p2a: Suicune|16\/100 tox|[from] psn\n|upkeep\n|turn|57\n|c|\u2606Swag onna bi|Oh god\n|j| Pokemon Hates Me\n|\n|t:|1662255992\n|move|p1a: Salazzle|Nasty Plot|p1a: Salazzle\n|-boost|p1a: Salazzle|spa|2\n|move|p2a: Suicune|Scald|p1a: Salazzle\n|-supereffective|p1a: Salazzle\n|-end|p1a: Salazzle|Substitute\n|\n|-heal|p1a: Salazzle|88\/100|[from] item: Leftovers\n|-heal|p2a: Suicune|22\/100 tox|[from] item: Leftovers\n|-damage|p2a: Suicune|10\/100 tox|[from] psn\n|upkeep\n|turn|58\n|\n|t:|1662255997\n|move|p1a: Salazzle|Flamethrower|p2a: Suicune\n|-resisted|p2a: Suicune\n|-damage|p2a: Suicune|0 fnt\n|faint|p2a: Suicune\n|\n|-heal|p1a: Salazzle|94\/100|[from] item: Leftovers\n|upkeep\n|\n|t:|1662255999\n|switch|p2a: Landorus|Landorus-Therian, M|100\/100\n|-ability|p2a: Landorus|Intimidate|boost\n|-unboost|p1a: Salazzle|atk|1\n|turn|59\n|c|\u2606Swag onna bi|Pls live lol\n|\n|t:|1662256024\n|move|p2a: Landorus|Earthquake|p1a: Salazzle\n|-supereffective|p1a: Salazzle\n|-damage|p1a: Salazzle|0 fnt\n|faint|p1a: Salazzle\n|\n|upkeep\n|\n|t:|1662256026\n|switch|p1a: Tornadus|Tornadus-Therian, M|56\/100\n|turn|60\n|c|\u2606Swag onna bi|Money\n|\n|t:|1662256040\n|switch|p2a: Clefable|Clefable, M|100\/100\n|move|p1a: Tornadus|U-turn|p2a: Clefable\n|-resisted|p2a: Clefable\n|-damage|p2a: Clefable|95\/100\n|\n|t:|1662256045\n|switch|p1a: Excadrill|Excadrill, F|88\/100|[from]move: U-turn\n|-ability|p1a: Excadrill|Mold Breaker\n|\n|-heal|p1a: Excadrill|94\/100|[from] item: Leftovers\n|-heal|p2a: Clefable|100\/100|[from] item: Leftovers\n|upkeep\n|turn|61\n|\n|t:|1662256049\n|move|p1a: Excadrill|Swords Dance|p1a: Excadrill\n|-boost|p1a: Excadrill|atk|2\n|move|p2a: Clefable|Flamethrower|p1a: Excadrill\n|-supereffective|p1a: Excadrill\n|-damage|p1a: Excadrill|38\/100\n|\n|-heal|p1a: Excadrill|44\/100|[from] item: Leftovers\n|upkeep\n|turn|62\n|\n|t:|1662256056\n|switch|p2a: Celesteela|Celesteela|82\/100\n|move|p1a: Excadrill|Iron Head|p2a: Celesteela\n|-resisted|p2a: Celesteela\n|-damage|p2a: Celesteela|51\/100\n|\n|-heal|p1a: Excadrill|50\/100|[from] item: Leftovers\n|upkeep\n|turn|63\n|\n|t:|1662256062\n|move|p1a: Excadrill|Rock Slide|p2a: Celesteela\n|-damage|p2a: Celesteela|14\/100\n|move|p2a: Celesteela|Flamethrower|p1a: Excadrill\n|-supereffective|p1a: Excadrill\n|-damage|p1a: Excadrill|0 fnt\n|faint|p1a: Excadrill\n|-ability|p2a: Celesteela|Beast Boost|boost\n|-boost|p2a: Celesteela|spa|1\n|\n|upkeep\n|\n|t:|1662256075\n|switch|p1a: Tornadus|Tornadus-Therian, M|89\/100\n|turn|64\n|c|\u2606Pinkacross|this salaz team is NOT it\n|\n|t:|1662256089\n|switch|p2a: Clefable|Clefable, M|100\/100\n|move|p1a: Tornadus|Hurricane|p2a: Clefable\n|-damage|p2a: Clefable|59\/100\n|\n|-heal|p2a: Clefable|65\/100|[from] item: Leftovers\n|upkeep\n|turn|65\n|c|\u2606Pinkacross|I gotta work on it\n|\n|t:|1662256096\n|move|p1a: Tornadus|Taunt|p2a: Clefable\n|-start|p2a: Clefable|move: Taunt\n|cant|p2a: Clefable|move: Taunt|Soft-Boiled\n|\n|-heal|p2a: Clefable|71\/100|[from] item: Leftovers\n|upkeep\n|turn|66\n|\n|t:|1662256100\n|switch|p2a: Toxapex|Toxapex, M|100\/100 slp\n|move|p1a: Tornadus|Hurricane|p2a: Toxapex\n|-damage|p2a: Toxapex|72\/100 slp\n|\n|-heal|p2a: Toxapex|78\/100 slp|[from] item: Black Sludge\n|upkeep\n|turn|67\n|\n|t:|1662256105\n|move|p1a: Tornadus|U-turn|p2a: Toxapex\n|-resisted|p2a: Toxapex\n|-damage|p2a: Toxapex|73\/100 slp\n|\n|t:|1662256106\n|switch|p1a: Clefable|Clefable, F|6\/100 brn|[from]move: U-turn\n|cant|p2a: Toxapex|slp\n|\n|-heal|p1a: Clefable|12\/100 brn|[from] item: Leftovers\n|-heal|p2a: Toxapex|79\/100 slp|[from] item: Black Sludge\n|upkeep\n|turn|68\n|\n|t:|1662256118\n|switch|p2a: Clefable|Clefable, M|71\/100\n|move|p1a: Clefable|Wish|p1a: Clefable\n|\n|-heal|p1a: Clefable|18\/100 brn|[from] item: Leftovers\n|-heal|p2a: Clefable|78\/100|[from] item: Leftovers\n|upkeep\n|turn|69\n|\n|t:|1662256123\n|move|p1a: Clefable|Protect|p1a: Clefable\n|-singleturn|p1a: Clefable|Protect\n|move|p2a: Clefable|Stealth Rock|p1a: Clefable\n|-sidestart|p1: Pinkacross|move: Stealth Rock\n|\n|-heal|p1a: Clefable|68\/100 brn|[from] move: Wish|[wisher] Clefable\n|-heal|p1a: Clefable|74\/100 brn|[from] item: Leftovers\n|-heal|p2a: Clefable|84\/100|[from] item: Leftovers\n|upkeep\n|turn|70\n|\n|t:|1662256130\n|move|p1a: Clefable|Wish|p1a: Clefable\n|move|p2a: Clefable|Moonblast|p1a: Clefable\n|-damage|p1a: Clefable|53\/100 brn\n|\n|-heal|p1a: Clefable|59\/100 brn|[from] item: Leftovers\n|-heal|p2a: Clefable|90\/100|[from] item: Leftovers\n|upkeep\n|turn|71\n|\n|t:|1662256133\n|move|p2a: Clefable|Moonblast|p1a: Clefable\n|-damage|p1a: Clefable|38\/100 brn\n|move|p1a: Clefable|Moonblast|p2a: Clefable\n|-damage|p2a: Clefable|62\/100\n|-unboost|p2a: Clefable|spa|1\n|\n|-heal|p1a: Clefable|88\/100 brn|[from] move: Wish|[wisher] Clefable\n|-heal|p1a: Clefable|94\/100 brn|[from] item: Leftovers\n|-heal|p2a: Clefable|68\/100|[from] item: Leftovers\n|upkeep\n|turn|72\n|l| InfSerendipity\n|\n|t:|1662256144\n|switch|p2a: Toxapex|Toxapex, M|100\/100 slp\n|move|p1a: Clefable|Wish|p1a: Clefable\n|\n|-heal|p1a: Clefable|99\/100 brn|[from] item: Leftovers\n|upkeep\n|turn|73\n|\n|t:|1662256150\n|switch|p2a: Clefable|Clefable, M|68\/100\n|move|p1a: Clefable|Teleport|p1a: Clefable\n|\n|t:|1662256153\n|switch|p1a: Ferrothorn|Ferrothorn, F|20\/100|[from]move: Teleport\n|-damage|p1a: Ferrothorn|14\/100|[from] Stealth Rock\n|\n|-heal|p1a: Ferrothorn|70\/100|[from] move: Wish|[wisher] Clefable\n|-heal|p2a: Clefable|75\/100|[from] item: Leftovers\n|upkeep\n|turn|74\n|\n|t:|1662256156\n|switch|p1a: Clefable|Clefable, F|99\/100 brn\n|move|p2a: Clefable|Flamethrower|p1a: Clefable\n|-damage|p1a: Clefable|86\/100 brn\n|\n|-heal|p1a: Clefable|92\/100 brn|[from] item: Leftovers\n|-heal|p2a: Clefable|81\/100|[from] item: Leftovers\n|upkeep\n|turn|75\n|\n|t:|1662256161\n|switch|p2a: Toxapex|Toxapex, M|100\/100 slp\n|move|p1a: Clefable|Protect||[still]\n|-fail|p1a: Clefable\n|\n|-heal|p1a: Clefable|98\/100 brn|[from] item: Leftovers\n|upkeep\n|turn|76\n|\n|t:|1662256165\n|switch|p2a: Clefable|Clefable, M|81\/100\n|move|p1a: Clefable|Wish|p1a: Clefable\n|\n|-heal|p1a: Clefable|100\/100 brn|[from] item: Leftovers\n|-heal|p2a: Clefable|87\/100|[from] item: Leftovers\n|upkeep\n|turn|77\n|\n|t:|1662256169\n|switch|p2a: Toxapex|Toxapex, M|100\/100 slp\n|move|p1a: Clefable|Teleport|p1a: Clefable\n|\n|t:|1662256171\n|switch|p1a: Ferrothorn|Ferrothorn, F|70\/100|[from]move: Teleport\n|-damage|p1a: Ferrothorn|64\/100|[from] Stealth Rock\n|\n|-heal|p1a: Ferrothorn|100\/100|[from] move: Wish|[wisher] Clefable\n|upkeep\n|turn|78\n|\n|t:|1662256184\n|switch|p2a: Celesteela|Celesteela|14\/100\n|move|p1a: Ferrothorn|Knock Off|p2a: Celesteela\n|-damage|p2a: Celesteela|4\/100\n|\n|upkeep\n|turn|79\n|\n|t:|1662256190\n|switch|p1a: Tornadus|Tornadus-Therian, M|100\/100\n|move|p2a: Celesteela|Flamethrower|p1a: Tornadus\n|-damage|p1a: Tornadus|76\/100\n|\n|upkeep\n|turn|80\n|j| abowlofvegies\n|\n|t:|1662256213\n|switch|p2a: Toxapex|Toxapex, M|100\/100 slp\n|move|p1a: Tornadus|Taunt|p2a: Toxapex\n|-start|p2a: Toxapex|move: Taunt\n|\n|upkeep\n|turn|81\n|\n|t:|1662256220\n|switch|p2a: Clefable|Clefable, M|87\/100\n|move|p1a: Tornadus|Defog|p2a: Clefable\n|-unboost|p2a: Clefable|evasion|1\n|-sideend|p1: Pinkacross|Stealth Rock|[from] move: Defog|[of] p1a: Tornadus\n|\n|-heal|p2a: Clefable|93\/100|[from] item: Leftovers\n|upkeep\n|turn|82\n|\n|t:|1662256229\n|move|p1a: Tornadus|Taunt|p2a: Clefable\n|-start|p2a: Clefable|move: Taunt\n|move|p2a: Clefable|Moonblast|p1a: Tornadus\n|-damage|p1a: Tornadus|41\/100\n|\n|-heal|p2a: Clefable|99\/100|[from] item: Leftovers\n|upkeep\n|turn|83\n|\n|t:|1662256237\n|switch|p2a: Celesteela|Celesteela|4\/100\n|move|p1a: Tornadus|U-turn|p2a: Celesteela\n|-resisted|p2a: Celesteela\n|-crit|p2a: Celesteela\n|-damage|p2a: Celesteela|0 fnt\n|faint|p2a: Celesteela\n|\n|t:|1662256249\n|switch|p1a: Clefable|Clefable, F|100\/100 brn|[from]move: U-turn\n|\n|upkeep\n|c|\u2606Swag onna bi|Idk why I thought u would hard switch\n|\n|t:|1662256267\n|switch|p2a: Clefable|Clefable, M|99\/100\n|turn|84\n|\n|t:|1662256291\n|move|p2a: Clefable|Stealth Rock|p1a: Clefable\n|-sidestart|p1: Pinkacross|move: Stealth Rock\n|move|p1a: Clefable|Moonblast|p2a: Clefable\n|-damage|p2a: Clefable|69\/100\n|\n|-heal|p2a: Clefable|75\/100|[from] item: Leftovers\n|upkeep\n|turn|85\n|\n|t:|1662256302\n|switch|p2a: Toxapex|Toxapex, M|100\/100 slp\n|move|p1a: Clefable|Teleport|p1a: Clefable\n|\n|t:|1662256305\n|switch|p1a: Ferrothorn|Ferrothorn, F|100\/100|[from]move: Teleport\n|-damage|p1a: Ferrothorn|95\/100|[from] Stealth Rock\n|\n|upkeep\n|turn|86\n|\n|t:|1662256310\n|switch|p2a: Clefable|Clefable, M|75\/100\n|move|p1a: Ferrothorn|Knock Off|p2a: Clefable\n|-resisted|p2a: Clefable\n|-damage|p2a: Clefable|67\/100\n|-enditem|p2a: Clefable|Leftovers|[from] move: Knock Off|[of] p1a: Ferrothorn\n|\n|upkeep\n|turn|87\n|\n|t:|1662256317\n|switch|p1a: Clefable|Clefable, F|100\/100 brn\n|move|p2a: Clefable|Flamethrower|p1a: Clefable\n|-damage|p1a: Clefable|87\/100 brn\n|\n|-heal|p1a: Clefable|93\/100 brn|[from] item: Leftovers\n|upkeep\n|turn|88\n|\n|t:|1662256322\n|move|p2a: Clefable|Soft-Boiled|p2a: Clefable\n|-heal|p2a: Clefable|100\/100\n|move|p1a: Clefable|Teleport|p1a: Clefable\n|\n|t:|1662256324\n|switch|p1a: Tornadus|Tornadus-Therian, M|74\/100|[from]move: Teleport\n|\n|upkeep\n|turn|89\n|\n|t:|1662256328\n|move|p1a: Tornadus|U-turn|p2a: Clefable\n|-resisted|p2a: Clefable\n|-damage|p2a: Clefable|95\/100\n|\n|t:|1662256330\n|switch|p1a: Clefable|Clefable, F|93\/100 brn|[from]move: U-turn\n|move|p2a: Clefable|Moonblast|p1a: Clefable\n|-damage|p1a: Clefable|73\/100 brn\n|-unboost|p1a: Clefable|spa|1\n|\n|-heal|p1a: Clefable|79\/100 brn|[from] item: Leftovers\n|upkeep\n|turn|90\n|\n|t:|1662256334\n|switch|p2a: Toxapex|Toxapex, M|100\/100 slp\n|move|p1a: Clefable|Wish|p1a: Clefable\n|\n|-heal|p1a: Clefable|86\/100 brn|[from] item: Leftovers\n|upkeep\n|turn|91\n|\n|t:|1662256338\n|switch|p1a: Ferrothorn|Ferrothorn, F|95\/100\n|-damage|p1a: Ferrothorn|89\/100|[from] Stealth Rock\n|switch|p2a: Clefable|Clefable, M|95\/100\n|\n|-heal|p1a: Ferrothorn|100\/100|[from] move: Wish|[wisher] Clefable\n|upkeep\n|turn|92\n|\n|t:|1662256342\n|switch|p2a: Toxapex|Toxapex, M|100\/100 slp\n|switch|p1a: Clefable|Clefable, F|86\/100 brn\n|\n|-heal|p1a: Clefable|92\/100 brn|[from] item: Leftovers\n|upkeep\n|turn|93\n|\n|t:|1662256347\n|switch|p2a: Clefable|Clefable, M|95\/100\n|move|p1a: Clefable|Teleport|p1a: Clefable\n|\n|t:|1662256348\n|switch|p1a: Tornadus|Tornadus-Therian, M|100\/100|[from]move: Teleport\n|\n|upkeep\n|turn|94\n|\n|t:|1662256358\n|switch|p2a: Toxapex|Toxapex, M|100\/100 slp\n|move|p1a: Tornadus|Defog|p2a: Toxapex\n|-unboost|p2a: Toxapex|evasion|1\n|-sideend|p1: Pinkacross|Stealth Rock|[from] move: Defog|[of] p1a: Tornadus\n|\n|upkeep\n|turn|95\n|\n|t:|1662256362\n|switch|p2a: Clefable|Clefable, M|95\/100\n|move|p1a: Tornadus|U-turn|p2a: Clefable\n|-resisted|p2a: Clefable\n|-damage|p2a: Clefable|90\/100\n|\n|t:|1662256364\n|switch|p1a: Clefable|Clefable, F|92\/100 brn|[from]move: U-turn\n|\n|-heal|p1a: Clefable|98\/100 brn|[from] item: Leftovers\n|upkeep\n|turn|96\n|\n|t:|1662256368\n|switch|p2a: Toxapex|Toxapex, M|100\/100 slp\n|switch|p1a: Tornadus|Tornadus-Therian, M|100\/100\n|\n|upkeep\n|turn|97\n|\n|t:|1662256372\n|switch|p2a: Clefable|Clefable, M|90\/100\n|move|p1a: Tornadus|Hurricane|p2a: Clefable\n|-damage|p2a: Clefable|50\/100\n|\n|upkeep\n|turn|98\n|j| blooclipse\n|\n|t:|1662256379\n|move|p1a: Tornadus|Taunt|p2a: Clefable\n|-start|p2a: Clefable|move: Taunt\n|cant|p2a: Clefable|move: Taunt|Soft-Boiled\n|\n|upkeep\n|turn|99\n|\n|t:|1662256382\n|switch|p2a: Toxapex|Toxapex, M|100\/100 slp\n|move|p1a: Tornadus|Hurricane|p2a: Toxapex|[miss]\n|-miss|p1a: Tornadus|p2a: Toxapex\n|\n|upkeep\n|turn|100\n|c| blooclipse|among\n|\n|t:|1662256387\n|move|p1a: Tornadus|Hurricane|p2a: Toxapex\n|-damage|p2a: Toxapex|70\/100 slp\n|cant|p2a: Toxapex|slp\n|\n|-heal|p2a: Toxapex|76\/100 slp|[from] item: Black Sludge\n|upkeep\n|turn|101\n|\n|t:|1662256391\n|move|p1a: Tornadus|U-turn|p2a: Toxapex\n|-resisted|p2a: Toxapex\n|-crit|p2a: Toxapex\n|-damage|p2a: Toxapex|68\/100 slp\n|\n|t:|1662256393\n|switch|p1a: Ferrothorn|Ferrothorn, F|100\/100|[from]move: U-turn\n|cant|p2a: Toxapex|slp\n|\n|-heal|p2a: Toxapex|74\/100 slp|[from] item: Black Sludge\n|upkeep\n|turn|102\n|\n|t:|1662256399\n|switch|p2a: Clefable|Clefable, M|50\/100\n|move|p1a: Ferrothorn|Stealth Rock|p2a: Clefable\n|-sidestart|p2: Swag onna bi|move: Stealth Rock\n|\n|upkeep\n|turn|103\n|\n|t:|1662256409\n|switch|p1a: Tornadus|Tornadus-Therian, M|100\/100\n|move|p2a: Clefable|Soft-Boiled|p2a: Clefable\n|-heal|p2a: Clefable|99\/100\n|\n|upkeep\n|turn|104\n|\n|t:|1662256412\n|switch|p2a: Toxapex|Toxapex, M|100\/100 slp\n|-damage|p2a: Toxapex|88\/100 slp|[from] Stealth Rock\n|move|p1a: Tornadus|Taunt|p2a: Toxapex\n|-start|p2a: Toxapex|move: Taunt\n|\n|-heal|p2a: Toxapex|94\/100 slp|[from] item: Black Sludge\n|upkeep\n|turn|105\n|\n|t:|1662256417\n|switch|p2a: Clefable|Clefable, M|99\/100\n|move|p1a: Tornadus|U-turn|p2a: Clefable\n|-resisted|p2a: Clefable\n|-damage|p2a: Clefable|95\/100\n|\n|t:|1662256419\n|switch|p1a: Clefable|Clefable, F|98\/100 brn|[from]move: U-turn\n|\n|-heal|p1a: Clefable|100\/100 brn|[from] item: Leftovers\n|upkeep\n|turn|106\n|j|@Wildfiree \u2764\n|c|\u2606Pinkacross|hey so\n|\n|t:|1662256426\n|move|p2a: Clefable|Stealth Rock|p1a: Clefable\n|-sidestart|p1: Pinkacross|move: Stealth Rock\n|move|p1a: Clefable|Teleport|p1a: Clefable\n|c|\u2606Pinkacross|this is gonna go on for a while\n|c|\u2606Pinkacross|for the sake of the tour\n|c|\u2606Pinkacross|lets do smth\n|\n|t:|1662256434\n|switch|p1a: Tornadus|Tornadus-Therian, M|100\/100|[from]move: Teleport\n|\n|upkeep\n|turn|107\n|c|%Sww-Suwa|I can do the coinflip\n|c|\u2606Pinkacross|lemme try this strat but\n|c|%Sww-Suwa|if you both agree\n|c|\u2606Pinkacross|after that we'll coinflip\n|c|\u2606Swag onna bi|Bruh\n|c|\u2606Pinkacross|I got 1 last dich effort\n|j|+storm zone\n|c|%Sww-Suwa|alr ill give til turn 125\n|c|%Sww-Suwa|if that's alr\n|c|\u2606Pinkacross|sounds good\n|inactive|Swag onna bi has 120 seconds left.\n|\n|t:|1662256467\n|move|p1a: Tornadus|Hurricane|p2a: Clefable\n|-damage|p2a: Clefable|55\/100\n|move|p2a: Clefable|Moonblast|p1a: Tornadus\n|-damage|p1a: Tornadus|66\/100\n|\n|upkeep\n|turn|108\n|inactive|Swag onna bi has 120 seconds left.\n|\n|t:|1662256474\n|move|p1a: Tornadus|Taunt|p2a: Clefable\n|-start|p2a: Clefable|move: Taunt\n|cant|p2a: Clefable|move: Taunt|Soft-Boiled\n|\n|upkeep\n|turn|109\n|\n|t:|1662256476\n|switch|p2a: Toxapex|Toxapex, M|100\/100 slp\n|-damage|p2a: Toxapex|88\/100 slp|[from] Stealth Rock\n|move|p1a: Tornadus|Hurricane|p2a: Toxapex\n|-damage|p2a: Toxapex|61\/100 slp\n|\n|-heal|p2a: Toxapex|67\/100 slp|[from] item: Black Sludge\n|upkeep\n|turn|110\n|\n|t:|1662256482\n|move|p1a: Tornadus|Taunt|p2a: Toxapex\n|-start|p2a: Toxapex|move: Taunt\n|-curestatus|p2a: Toxapex|slp|[msg]\n|cant|p2a: Toxapex|move: Taunt|Toxic\n|\n|-heal|p2a: Toxapex|72\/100|[from] item: Black Sludge\n|upkeep\n|turn|111\n|\n|t:|1662256485\n|switch|p2a: Clefable|Clefable, M|55\/100\n|move|p1a: Tornadus|Hurricane|p2a: Clefable|[miss]\n|-miss|p1a: Tornadus|p2a: Clefable\n|\n|upkeep\n|turn|112\n|inactive|Swag onna bi has 120 seconds left.\n|\n|t:|1662256504\n|switch|p2a: Toxapex|Toxapex, M|100\/100\n|-damage|p2a: Toxapex|88\/100|[from] Stealth Rock\n|move|p1a: Tornadus|Taunt|p2a: Toxapex\n|-start|p2a: Toxapex|move: Taunt\n|\n|-heal|p2a: Toxapex|94\/100|[from] item: Black Sludge\n|upkeep\n|turn|113\n|inactive|Swag onna bi has 120 seconds left.\n|\n|t:|1662256513\n|switch|p2a: Landorus|Landorus-Therian, M|100\/100\n|-damage|p2a: Landorus|88\/100|[from] Stealth Rock\n|-ability|p2a: Landorus|Intimidate|boost\n|-unboost|p1a: Tornadus|atk|1\n|move|p1a: Tornadus|Hurricane|p2a: Landorus\n|-damage|p2a: Landorus|37\/100\n|\n|upkeep\n|turn|114\n|inactive|Swag onna bi has 120 seconds left.\n|\n|t:|1662256530\n|switch|p1a: Ferrothorn|Ferrothorn, F|100\/100\n|-damage|p1a: Ferrothorn|95\/100|[from] Stealth Rock\n|move|p2a: Landorus|U-turn|p1a: Ferrothorn\n|-crit|p1a: Ferrothorn\n|-damage|p1a: Ferrothorn|69\/100\n|-damage|p2a: Landorus|25\/100|[from] ability: Iron Barbs|[of] p1a: Ferrothorn\n|-damage|p2a: Landorus|8\/100|[from] item: Rocky Helmet|[of] p1a: Ferrothorn\n|\n|t:|1662256533\n|switch|p2a: Toxapex|Toxapex, M|100\/100|[from]move: U-turn\n|-damage|p2a: Toxapex|88\/100|[from] Stealth Rock\n|\n|-heal|p2a: Toxapex|94\/100|[from] item: Black Sludge\n|upkeep\n|turn|115\n|j| Rovergz\n|c|\u2606Swag onna bi|U can just have it\n|j| El Hueco Mundo\n|inactive|Swag onna bi has 90 seconds left.\n|c|\u2606Pinkacross|o ok\n|l| Juni01\n|c|\u2606Pinkacross|thx\n|-message|Swag onna bi forfeited.\n|\n|win|Pinkacross\n","uploadtime":1662255862,"views":104,"p1id":"pinkacross","p2id":"swagonnabi","formatid":"gen8ou","rating":0,"private":0,"password":null}