{"id":"gen8challengecup1v1-1688332663","p1":"Drop a burn","p2":"MurderousMantyke","format":"gen8challengecup1v1","log":"|j|\u2606Drop a burn\n|j|\u2606MurderousMantyke\n|inactive|Battle timer is ON: inactive players will automatically lose when time's up.\n|t:|1666054127\n|gametype|singles\n|player|p1|Drop a burn|marnie-league|\n|player|p2|MurderousMantyke|#helpstaffxmas|\n|teamsize|p1|6\n|teamsize|p2|6\n|gen|8\n|tier|[Gen 8] Challenge Cup 1v1\n|rated|Tournament battle\n|rule|HP Percentage Mod: HP is shown in percentages\n|rule|Dynamax Clause: You cannot dynamax\n|clearpoke\n|poke|p1|Dedenne, L78, F|\n|poke|p1|Crawdaunt, L77, M|\n|poke|p1|Garbodor, L75, M|\n|poke|p1|Clefairy, L86, M|\n|poke|p1|Salamence, L69, F|\n|poke|p1|Morelull, L90, F|\n|poke|p2|Nihilego, L70|\n|poke|p2|Ninjask, L76, M|\n|poke|p2|Boldore, L82, F|\n|poke|p2|Magnezone, L72|\n|poke|p2|Combee, L93, F|\n|poke|p2|Pangoro, L75, M|\n|teampreview|1\n|inactive|Drop a burn also wants the timer to be on.\n|c|\u2606MurderousMantyke|hf\n|c|\u2606Drop a burn|Hf\n|inactive|Drop a burn has 120 seconds left.\n|\n|t:|1666054172\n|start\n|switch|p1a: Morelull|Morelull, L90, F|234\/234\n|switch|p2a: Boldore|Boldore, L82, F|206\/206\n|turn|1\n|\n|t:|1666054180\n|move|p2a: Boldore|Meteor Beam||[still]\n|-prepare|p2a: Boldore|Meteor Beam\n|-boost|p2a: Boldore|spa|1\n|move|p1a: Morelull|Ingrain|p1a: Morelull\n|-start|p1a: Morelull|move: Ingrain\n|\n|upkeep\n|turn|2\n|\n|t:|1666054184\n|move|p2a: Boldore|Meteor Beam|p1a: Morelull|[from]lockedmove\n|-damage|p1a: Morelull|108\/234\n|move|p1a: Morelull|Stun Spore|p2a: Boldore\n|-status|p2a: Boldore|par\n|\n|-heal|p1a: Morelull|122\/234|[from] Ingrain\n|upkeep\n|turn|3\n|\n|t:|1666054188\n|move|p1a: Morelull|Dazzling Gleam|p2a: Boldore\n|-damage|p2a: Boldore|109\/206 par\n|move|p2a: Boldore|Meteor Beam||[still]\n|-prepare|p2a: Boldore|Meteor Beam\n|-boost|p2a: Boldore|spa|1\n|\n|-heal|p1a: Morelull|136\/234|[from] Ingrain\n|upkeep\n|turn|4\n|\n|t:|1666054194\n|move|p1a: Morelull|Dazzling Gleam|p2a: Boldore\n|-damage|p2a: Boldore|6\/206 par\n|move|p2a: Boldore|Meteor Beam|p1a: Morelull|[from]lockedmove|[miss]\n|-miss|p2a: Boldore|p1a: Morelull\n|\n|-heal|p1a: Morelull|150\/234|[from] Ingrain\n|upkeep\n|turn|5\n|c|\u2606MurderousMantyke|rip\n|\n|t:|1666054198\n|move|p1a: Morelull|Dazzling Gleam|p2a: Boldore\n|-damage|p2a: Boldore|0 fnt\n|faint|p2a: Boldore\n|\n|win|Drop a burn\n|n|\u2606Drop a burn|dropaburn\n|n|\u2606MurderousMantyke|murderousmantyke\n","uploadtime":1666054199,"views":3,"p1id":"dropaburn","p2id":"murderousmantyke","formatid":"gen8challengecup1v1","rating":0,"private":0,"password":null}