{"id":"gen8ou-1170523287","p1":"Real Pokeaim 2010","p2":"ezwz","format":"gen8ou","log":"|j|\u2606Real Pokeaim 2010\n|j|\u2606ezwz\n|t:|1597686041\n|player|p1|Real Pokeaim 2010|143|1807\n|player|p2|ezwz|youngster-gen4|1871\n|teamsize|p1|6\n|teamsize|p2|6\n|gametype|singles\n|gen|8\n|tier|[Gen 8] OU\n|rated|\n|clearpoke\n|poke|p1|Amoonguss, F|\n|poke|p1|Clefable, M|\n|poke|p1|Dragapult, F|\n|poke|p1|Hippowdon, M|\n|poke|p1|Excadrill, F|\n|poke|p1|Rotom-Heat|\n|poke|p2|Pelipper, F|\n|poke|p2|Seismitoad, F|\n|poke|p2|Kingdra, F|\n|poke|p2|Urshifu-*, F|\n|poke|p2|Ferrothorn, M|\n|poke|p2|Mandibuzz, F|\n|rule|Sleep Clause Mod: Limit one foe put to sleep\n|rule|Species Clause: Limit one of each Pok\u00e9mon\n|rule|OHKO Clause: OHKO moves are banned\n|rule|Evasion Moves Clause: Evasion moves are banned\n|rule|Endless Battle Clause: Forcing endless battles is banned\n|rule|HP Percentage Mod: HP is shown in percentages\n|rule|Dynamax Clause: You cannot dynamax\n|teampreview\n|inactive|Battle timer is ON: inactive players will automatically lose when time's up. (requested by Real Pokeaim 2010)\n|\n|t:|1597686072\n|start\n|switch|p1a: Dragapult|Dragapult, F|100\/100\n|switch|p2a: Pelipper|Pelipper, F|100\/100\n|-weather|RainDance|[from] ability: Drizzle|[of] p2a: Pelipper\n|turn|1\n|\n|t:|1597686077\n|switch|p2a: Ferrothorn|Ferrothorn, M|100\/100\n|move|p1a: Dragapult|Shadow Ball|p2a: Ferrothorn\n|-damage|p2a: Ferrothorn|52\/100\n|\n|-weather|RainDance|[upkeep]\n|-heal|p2a: Ferrothorn|58\/100|[from] item: Leftovers\n|upkeep\n|turn|2\n|\n|t:|1597686085\n|switch|p1a: Clefable|Clefable, M|100\/100\n|move|p2a: Ferrothorn|Gyro Ball|p1a: Clefable\n|-supereffective|p1a: Clefable\n|-damage|p1a: Clefable|0 fnt\n|faint|p1a: Clefable\n|\n|-weather|RainDance|[upkeep]\n|-heal|p2a: Ferrothorn|64\/100|[from] item: Leftovers\n|upkeep\n|c|\u2606ezwz|we\n|\n|t:|1597686092\n|switch|p1a: Hippowdon|Hippowdon, M|100\/100\n|-weather|Sandstorm|[from] ability: Sand Stream|[of] p1a: Hippowdon\n|turn|3\n|j| heracrossrocks\n|\n|t:|1597686095\n|move|p1a: Hippowdon|Stealth Rock|p2a: Ferrothorn\n|-sidestart|p2: ezwz|move: Stealth Rock\n|move|p2a: Ferrothorn|Spikes|p1a: Hippowdon\n|-sidestart|p1: Real Pokeaim 2010|Spikes\n|\n|-weather|Sandstorm|[upkeep]\n|-heal|p2a: Ferrothorn|70\/100|[from] item: Leftovers\n|upkeep\n|turn|4\n|\n|t:|1597686098\n|switch|p1a: Rotom|Rotom-Heat|100\/100\n|move|p2a: Ferrothorn|Leech Seed|p1a: Rotom\n|-start|p1a: Rotom|move: Leech Seed\n|\n|-weather|Sandstorm|[upkeep]\n|-damage|p1a: Rotom|95\/100|[from] Sandstorm\n|-heal|p2a: Ferrothorn|77\/100|[from] item: Leftovers\n|-damage|p1a: Rotom|82\/100|[from] Leech Seed|[of] p2a: Ferrothorn\n|-heal|p2a: Ferrothorn|87\/100|[silent]\n|upkeep\n|turn|5\n|\n|t:|1597686102\n|switch|p2a: Seismitoad|Seismitoad, F|100\/100\n|-damage|p2a: Seismitoad|94\/100|[from] Stealth Rock\n|move|p1a: Rotom|Discharge|p2a: Seismitoad\n|-immune|p2a: Seismitoad\n|\n|-weather|Sandstorm|[upkeep]\n|-damage|p1a: Rotom|76\/100|[from] Sandstorm\n|-damage|p1a: Rotom|64\/100|[from] Leech Seed|[of] p2a: Seismitoad\n|-heal|p2a: Seismitoad|100\/100|[silent]\n|upkeep\n|turn|6\n|\n|t:|1597686107\n|switch|p1a: Dragapult|Dragapult, F|100\/100\n|-damage|p1a: Dragapult|88\/100|[from] Spikes\n|move|p2a: Seismitoad|Stealth Rock|p1a: Dragapult\n|-sidestart|p1: Real Pokeaim 2010|move: Stealth Rock\n|\n|-weather|Sandstorm|[upkeep]\n|-damage|p1a: Dragapult|82\/100|[from] Sandstorm\n|upkeep\n|turn|7\n|\n|t:|1597686111\n|switch|p2a: Mandibuzz|Mandibuzz, F|100\/100\n|move|p1a: Dragapult|Draco Meteor|p2a: Mandibuzz\n|-damage|p2a: Mandibuzz|34\/100\n|-unboost|p1a: Dragapult|spa|2\n|\n|-weather|none\n|upkeep\n|turn|8\n|\n|t:|1597686115\n|move|p1a: Dragapult|Draco Meteor|p2a: Mandibuzz\n|-damage|p2a: Mandibuzz|0 fnt\n|-unboost|p1a: Dragapult|spa|2\n|faint|p2a: Mandibuzz\n|\n|upkeep\n|\n|t:|1597686132\n|switch|p2a: Pelipper|Pelipper, F|100\/100\n|-damage|p2a: Pelipper|76\/100|[from] Stealth Rock\n|-weather|RainDance|[from] ability: Drizzle|[of] p2a: Pelipper\n|turn|9\n|\n|t:|1597686142\n|switch|p1a: Rotom|Rotom-Heat|64\/100\n|move|p2a: Pelipper|Scald|p1a: Rotom\n|-supereffective|p1a: Rotom\n|-damage|p1a: Rotom|0 fnt\n|faint|p1a: Rotom\n|\n|-weather|RainDance|[upkeep]\n|upkeep\n|\n|t:|1597686143\n|switch|p1a: Dragapult|Dragapult, F|82\/100\n|-damage|p1a: Dragapult|70\/100|[from] Spikes\n|-damage|p1a: Dragapult|58\/100|[from] Stealth Rock\n|turn|10\n|\n|t:|1597686149\n|switch|p2a: Ferrothorn|Ferrothorn, M|87\/100\n|-damage|p2a: Ferrothorn|81\/100|[from] Stealth Rock\n|move|p1a: Dragapult|Shadow Ball|p2a: Ferrothorn\n|-damage|p2a: Ferrothorn|30\/100\n|\n|-weather|RainDance|[upkeep]\n|-heal|p2a: Ferrothorn|37\/100|[from] item: Leftovers\n|upkeep\n|turn|11\n|\n|t:|1597686160\n|switch|p2a: Seismitoad|Seismitoad, F|100\/100\n|-damage|p2a: Seismitoad|94\/100|[from] Stealth Rock\n|move|p1a: Dragapult|Shadow Ball|p2a: Seismitoad\n|-damage|p2a: Seismitoad|23\/100\n|\n|-weather|RainDance|[upkeep]\n|upkeep\n|turn|12\n|\n|t:|1597686164\n|switch|p1a: Hippowdon|Hippowdon, M|100\/100\n|-damage|p1a: Hippowdon|94\/100|[from] Stealth Rock\n|-damage|p1a: Hippowdon|82\/100|[from] Spikes\n|-weather|Sandstorm|[from] ability: Sand Stream|[of] p1a: Hippowdon\n|move|p2a: Seismitoad|Earth Power|p1a: Hippowdon\n|-damage|p1a: Hippowdon|30\/100\n|-damage|p2a: Seismitoad|13\/100|[from] item: Life Orb\n|\n|-weather|Sandstorm|[upkeep]\n|upkeep\n|turn|13\n|\n|t:|1597686178\n|switch|p1a: Excadrill|Excadrill, F|100\/100\n|-damage|p1a: Excadrill|97\/100|[from] Stealth Rock\n|-damage|p1a: Excadrill|85\/100|[from] Spikes\n|move|p2a: Seismitoad|Earth Power|p1a: Excadrill\n|-supereffective|p1a: Excadrill\n|-damage|p1a: Excadrill|0 fnt\n|-damage|p2a: Seismitoad|3\/100|[from] item: Life Orb\n|faint|p1a: Excadrill\n|\n|-weather|Sandstorm|[upkeep]\n|upkeep\n|\n|t:|1597686180\n|switch|p1a: Dragapult|Dragapult, F|58\/100\n|-damage|p1a: Dragapult|45\/100|[from] Spikes\n|-damage|p1a: Dragapult|33\/100|[from] Stealth Rock\n|turn|14\n|\n|t:|1597686186\n|move|p1a: Dragapult|Shadow Ball|p2a: Seismitoad\n|-damage|p2a: Seismitoad|0 fnt\n|faint|p2a: Seismitoad\n|\n|-weather|Sandstorm|[upkeep]\n|-damage|p1a: Dragapult|27\/100|[from] Sandstorm\n|upkeep\n|\n|t:|1597686189\n|switch|p2a: Urshifu|Urshifu-Rapid-Strike, F|100\/100\n|-damage|p2a: Urshifu|94\/100|[from] Stealth Rock\n|turn|15\n|\n|t:|1597686193\n|switch|p1a: Amoonguss|Amoonguss, F|100\/100\n|-damage|p1a: Amoonguss|88\/100|[from] Stealth Rock\n|-damage|p1a: Amoonguss|76\/100|[from] Spikes\n|move|p2a: Urshifu|Aqua Jet|p1a: Amoonguss\n|-resisted|p1a: Amoonguss\n|-damage|p1a: Amoonguss|63\/100\n|-damage|p2a: Urshifu|78\/100|[from] item: Rocky Helmet|[of] p1a: Amoonguss\n|\n|-weather|Sandstorm|[upkeep]\n|-damage|p2a: Urshifu|72\/100|[from] Sandstorm\n|-damage|p1a: Amoonguss|57\/100|[from] Sandstorm\n|upkeep\n|turn|16\n|\n|t:|1597686199\n|switch|p2a: Ferrothorn|Ferrothorn, M|37\/100\n|-damage|p2a: Ferrothorn|30\/100|[from] Stealth Rock\n|switch|p1a: Dragapult|Dragapult, F|27\/100\n|-damage|p1a: Dragapult|15\/100|[from] Stealth Rock\n|-damage|p1a: Dragapult|2\/100|[from] Spikes\n|\n|-weather|none\n|-heal|p2a: Ferrothorn|37\/100|[from] item: Leftovers\n|upkeep\n|turn|17\n|\n|t:|1597686212\n|move|p1a: Dragapult|Shadow Ball|p2a: Ferrothorn\n|-damage|p2a: Ferrothorn|0 fnt\n|faint|p2a: Ferrothorn\n|\n|upkeep\n|\n|t:|1597686214\n|switch|p2a: Urshifu|Urshifu-Rapid-Strike, F|72\/100\n|-damage|p2a: Urshifu|66\/100|[from] Stealth Rock\n|turn|18\n|\n|t:|1597686217\n|switch|p1a: Amoonguss|Amoonguss, F|90\/100\n|-damage|p1a: Amoonguss|78\/100|[from] Stealth Rock\n|-damage|p1a: Amoonguss|66\/100|[from] Spikes\n|move|p2a: Urshifu|Aqua Jet|p1a: Amoonguss\n|-resisted|p1a: Amoonguss\n|-damage|p1a: Amoonguss|54\/100\n|-damage|p2a: Urshifu|49\/100|[from] item: Rocky Helmet|[of] p1a: Amoonguss\n|\n|upkeep\n|turn|19\n|\n|t:|1597686226\n|move|p2a: Urshifu|Aqua Jet|p1a: Amoonguss\n|-resisted|p1a: Amoonguss\n|-damage|p1a: Amoonguss|42\/100\n|-damage|p2a: Urshifu|33\/100|[from] item: Rocky Helmet|[of] p1a: Amoonguss\n|move|p1a: Amoonguss|Spore|p2a: Urshifu\n|-status|p2a: Urshifu|slp|[from] move: Spore\n|\n|upkeep\n|turn|20\n|\n|t:|1597686238\n|switch|p2a: Kingdra|Kingdra, F|100\/100\n|-damage|p2a: Kingdra|88\/100|[from] Stealth Rock\n|move|p1a: Amoonguss|Sludge Bomb|p2a: Kingdra\n|-damage|p2a: Kingdra|57\/100\n|-status|p2a: Kingdra|psn\n|\n|-damage|p2a: Kingdra|45\/100 psn|[from] psn\n|upkeep\n|turn|21\n|\n|t:|1597686248\n|switch|p1a: Dragapult|Dragapult, F|2\/100\n|-damage|p1a: Dragapult|0 fnt|[from] Stealth Rock\n|faint|p1a: Dragapult\n|move|p2a: Kingdra|Draco Meteor|p1: Dragapult|[notarget]\n|-fail|p2a: Kingdra\n|\n|-damage|p2a: Kingdra|32\/100 psn|[from] psn\n|upkeep\n|\n|t:|1597686256\n|switch|p1a: Amoonguss|Amoonguss, F|75\/100\n|-damage|p1a: Amoonguss|63\/100|[from] Spikes\n|-damage|p1a: Amoonguss|50\/100|[from] Stealth Rock\n|turn|22\n|\n|t:|1597686261\n|switch|p1a: Hippowdon|Hippowdon, M|30\/100\n|-damage|p1a: Hippowdon|24\/100|[from] Stealth Rock\n|-damage|p1a: Hippowdon|12\/100|[from] Spikes\n|-weather|Sandstorm|[from] ability: Sand Stream|[of] p1a: Hippowdon\n|move|p2a: Kingdra|Draco Meteor|p1a: Hippowdon\n|-damage|p1a: Hippowdon|0 fnt\n|-unboost|p2a: Kingdra|spa|2\n|faint|p1a: Hippowdon\n|\n|-weather|Sandstorm|[upkeep]\n|-damage|p2a: Kingdra|26\/100 psn|[from] Sandstorm\n|-damage|p2a: Kingdra|14\/100 psn|[from] psn\n|upkeep\n|\n|t:|1597686263\n|switch|p1a: Amoonguss|Amoonguss, F|84\/100\n|-damage|p1a: Amoonguss|71\/100|[from] Spikes\n|-damage|p1a: Amoonguss|59\/100|[from] Stealth Rock\n|turn|23\n|\n|t:|1597686272\n|switch|p2a: Pelipper|Pelipper, F|76\/100\n|-damage|p2a: Pelipper|51\/100|[from] Stealth Rock\n|-weather|RainDance|[from] ability: Drizzle|[of] p2a: Pelipper\n|move|p1a: Amoonguss|Giga Drain|p2a: Pelipper\n|-damage|p2a: Pelipper|18\/100\n|-heal|p1a: Amoonguss|71\/100|[from] drain|[of] p2a: Pelipper\n|\n|-weather|RainDance|[upkeep]\n|upkeep\n|turn|24\n|\n|t:|1597686274\n|move|p2a: Pelipper|Hurricane|p1a: Amoonguss\n|-supereffective|p1a: Amoonguss\n|-damage|p1a: Amoonguss|5\/100\n|move|p1a: Amoonguss|Giga Drain|p2a: Pelipper\n|-damage|p2a: Pelipper|0 fnt\n|-heal|p1a: Amoonguss|12\/100|[from] drain|[of] p2a: Pelipper\n|faint|p2a: Pelipper\n|\n|-weather|RainDance|[upkeep]\n|upkeep\n|\n|t:|1597686276\n|switch|p2a: Kingdra|Kingdra, F|14\/100 psn\n|-damage|p2a: Kingdra|2\/100 psn|[from] Stealth Rock\n|turn|25\n|-message|Real Pokeaim 2010 forfeited.\n|\n|win|ezwz\n|l|\u2606Real Pokeaim 2010\n","uploadtime":1597686285,"views":246,"p1id":"realpokeaim2010","p2id":"ezwz","formatid":"gen8ou","rating":0,"private":0,"password":null}