{"id":"gen8ou-1501868520","p1":"Le-Perpetrator","p2":"Makuryu","format":"gen8ou","log":"|j|\u2606Le-Perpetrator\n|j|\u2606Makuryu\n|t:|1643649345\n|gametype|singles\n|player|p1|Le-Perpetrator|101|1707\n|player|p2|Makuryu|koga|1827\n|teamsize|p1|6\n|teamsize|p2|6\n|gen|8\n|tier|[Gen 8] OU\n|rated|\n|rule|Sleep Clause Mod: Limit one foe put to sleep\n|rule|Species Clause: Limit one of each Pok\u00e9mon\n|rule|OHKO Clause: OHKO moves are banned\n|rule|Evasion Moves Clause: Evasion moves are banned\n|rule|Endless Battle Clause: Forcing endless battles is banned\n|rule|HP Percentage Mod: HP is shown in percentages\n|rule|Dynamax Clause: You cannot dynamax\n|clearpoke\n|poke|p1|Toxapex, F|\n|poke|p1|Ferrothorn, M|\n|poke|p1|Hatterene, F|\n|poke|p1|Landorus-Therian, M|\n|poke|p1|Victini|\n|poke|p1|Dragapult, M|\n|poke|p2|Bisharp, M|\n|poke|p2|Zapdos-Galar|\n|poke|p2|Mew|\n|poke|p2|Rillaboom, M|\n|poke|p2|Garchomp, F|\n|poke|p2|Dragapult, M|\n|teampreview\n|inactive|Battle timer is ON: inactive players will automatically lose when time's up. (requested by Makuryu)\n|\n|t:|1643649374\n|start\n|switch|p1a: NastyInsertion|Toxapex, F|100\/100\n|switch|p2a: Zapdos|Zapdos-Galar|100\/100\n|turn|1\n|\n|t:|1643649380\n|move|p1a: NastyInsertion|Baneful Bunker|p1a: NastyInsertion\n|-singleturn|p1a: NastyInsertion|move: Protect\n|move|p2a: Zapdos|Brave Bird|p1a: NastyInsertion\n|-activate|p1a: NastyInsertion|move: Protect\n|-status|p2a: Zapdos|psn\n|\n|-damage|p2a: Zapdos|88\/100 psn|[from] psn\n|upkeep\n|turn|2\n|\n|t:|1643649392\n|switch|p2a: Mew|Mew|100\/100\n|move|p1a: NastyInsertion|Toxic Spikes|p2a: Mew\n|-sidestart|p2: Makuryu|move: Toxic Spikes\n|\n|upkeep\n|turn|3\n|\n|t:|1643649398\n|switch|p2a: Bisharp|Bisharp, M|100\/100\n|switch|p1a: Condom|Hatterene, F|100\/100\n|\n|upkeep\n|turn|4\n|\n|t:|1643649406\n|move|p2a: Bisharp|Knock Off|p1a: Condom\n|-damage|p1a: Condom|33\/100\n|-enditem|p1a: Condom|Choice Specs|[from] move: Knock Off|[of] p2a: Bisharp\n|move|p1a: Condom|Dazzling Gleam|p2a: Bisharp\n|-damage|p2a: Bisharp|15\/100\n|\n|upkeep\n|turn|5\n|j| Tabata Tyrogue\n|\n|t:|1643649415\n|switch|p1a: SoftontheInside|Ferrothorn, M|100\/100\n|move|p2a: Bisharp|Knock Off|p1a: SoftontheInside\n|-damage|p1a: SoftontheInside|53\/100\n|-damage|p2a: Bisharp|3\/100|[from] ability: Iron Barbs|[of] p1a: SoftontheInside\n|-damage|p2a: Bisharp|0 fnt|[from] item: Rocky Helmet|[of] p1a: SoftontheInside\n|faint|p2a: Bisharp\n|\n|upkeep\n|j| odeiomeusvizinhos\n|\n|t:|1643649429\n|switch|p2a: Zapdos|Zapdos-Galar|88\/100 psn\n|turn|6\n|\n|t:|1643649435\n|switch|p1a: NastyInsertion|Toxapex, F|100\/100\n|move|p2a: Zapdos|Brave Bird|p1a: NastyInsertion\n|-damage|p1a: NastyInsertion|32\/100\n|-damage|p2a: Zapdos|67\/100 psn|[from] Recoil\n|\n|-heal|p1a: NastyInsertion|39\/100|[from] item: Black Sludge\n|-damage|p2a: Zapdos|54\/100 psn|[from] psn\n|upkeep\n|turn|7\n|\n|t:|1643649444\n|switch|p1a: SoftontheInside|Ferrothorn, M|53\/100\n|move|p2a: Zapdos|Brave Bird|p1a: SoftontheInside\n|-damage|p1a: SoftontheInside|0 fnt\n|-damage|p2a: Zapdos|42\/100 psn|[from] ability: Iron Barbs|[of] p1a: SoftontheInside\n|-damage|p2a: Zapdos|25\/100 psn|[from] item: Rocky Helmet|[of] p1a: SoftontheInside\n|faint|p1a: SoftontheInside\n|-damage|p2a: Zapdos|6\/100 psn|[from] Recoil\n|\n|-damage|p2a: Zapdos|0 fnt|[from] psn\n|faint|p2a: Zapdos\n|upkeep\n|\n|t:|1643649458\n|switch|p2a: Mew|Mew|100\/100\n|switch|p1a: BillieEllish|Landorus-Therian, M|100\/100\n|-ability|p1a: BillieEllish|Intimidate|boost\n|-unboost|p2a: Mew|atk|1\n|-status|p2a: Mew|psn\n|turn|8\n|\n|t:|1643649465\n|move|p1a: BillieEllish|U-turn|p2a: Mew\n|-supereffective|p2a: Mew\n|-damage|p2a: Mew|45\/100 psn\n|\n|t:|1643649468\n|switch|p1a: Condom|Hatterene, F|33\/100|[from]move: U-turn\n|move|p2a: Mew|Ice Beam|p1a: Condom\n|-damage|p1a: Condom|5\/100\n|\n|-damage|p2a: Mew|33\/100 psn|[from] psn\n|upkeep\n|turn|9\n|\n|t:|1643649475\n|move|p2a: Mew|Ice Beam|p1a: Condom\n|-damage|p1a: Condom|0 fnt\n|faint|p1a: Condom\n|\n|-damage|p2a: Mew|21\/100 psn|[from] psn\n|upkeep\n|j| Gus Fringg\n|\n|t:|1643649482\n|switch|p1a: Dragapult|Dragapult, M|100\/100\n|turn|10\n|\n|t:|1643649484\n|move|p1a: Dragapult|Shadow Ball|p2a: Mew\n|-supereffective|p2a: Mew\n|-damage|p2a: Mew|0 fnt\n|faint|p2a: Mew\n|\n|upkeep\n|\n|t:|1643649489\n|switch|p2a: Dragapult|Dragapult, M|100\/100\n|-status|p2a: Dragapult|psn\n|turn|11\n|\n|t:|1643649493\n|move|p1a: Dragapult|Shadow Ball|p2a: Dragapult\n|-supereffective|p2a: Dragapult\n|-damage|p2a: Dragapult|0 fnt\n|faint|p2a: Dragapult\n|\n|upkeep\n|\n|t:|1643649499\n|switch|p2a: Garchomp|Garchomp, F|100\/100\n|-status|p2a: Garchomp|psn\n|turn|12\n|\n|t:|1643649504\n|move|p1a: Dragapult|Shadow Ball|p2a: Garchomp\n|-damage|p2a: Garchomp|40\/100 psn\n|move|p2a: Garchomp|Scale Shot|p1a: Dragapult\n|-supereffective|p1a: Dragapult\n|-damage|p1a: Dragapult|64\/100\n|-supereffective|p1a: Dragapult\n|-damage|p1a: Dragapult|28\/100\n|-supereffective|p1a: Dragapult\n|-damage|p1a: Dragapult|0 fnt\n|faint|p1a: Dragapult\n|-hitcount|p1: Dragapult|3\n|-unboost|p2a: Garchomp|def|1\n|-boost|p2a: Garchomp|spe|1\n|\n|-heal|p2a: Garchomp|46\/100 psn|[from] item: Leftovers\n|-damage|p2a: Garchomp|34\/100 psn|[from] psn\n|upkeep\n|\n|t:|1643649518\n|switch|p1a: BillieEllish|Landorus-Therian, M|100\/100\n|-ability|p1a: BillieEllish|Intimidate|boost\n|-unboost|p2a: Garchomp|atk|1\n|turn|13\n|\n|t:|1643649522\n|move|p2a: Garchomp|Scale Shot|p1a: BillieEllish\n|-damage|p1a: BillieEllish|90\/100\n|-damage|p1a: BillieEllish|80\/100\n|-hitcount|p1a: BillieEllish|2\n|-unboost|p2a: Garchomp|def|1\n|-boost|p2a: Garchomp|spe|1\n|move|p1a: BillieEllish|U-turn|p2a: Garchomp\n|-damage|p2a: Garchomp|0 fnt\n|-damage|p1a: BillieEllish|67\/100|[from] ability: Rough Skin|[of] p2a: Garchomp\n|faint|p2a: Garchomp\n|\n|t:|1643649532\n|switch|p1a: SpankBang|Victini|100\/100|[from]move: U-turn\n|\n|upkeep\n|\n|t:|1643649535\n|switch|p2a: Rillaboom|Rillaboom, M|100\/100\n|-status|p2a: Rillaboom|psn\n|-fieldstart|move: Grassy Terrain|[from] ability: Grassy Surge|[of] p2a: Rillaboom\n|turn|14\n|\n|t:|1643649540\n|move|p1a: SpankBang|V-create|p2a: Rillaboom\n|-supereffective|p2a: Rillaboom\n|-damage|p2a: Rillaboom|0 fnt\n|-unboost|p1a: SpankBang|spe|1\n|-unboost|p1a: SpankBang|def|1\n|-unboost|p1a: SpankBang|spd|1\n|faint|p2a: Rillaboom\n|\n|win|Le-Perpetrator\n|raw|Le-Perpetrator's rating: 1707 &rarr; <strong>1734<\/strong><br \/>(+27 for winning)\n|raw|Makuryu's rating: 1827 &rarr; <strong>1800<\/strong><br \/>(-27 for losing)\n|l| odeiomeusvizinhos\n","uploadtime":1643649548,"views":39,"p1id":"leperpetrator","p2id":"makuryu","formatid":"gen8ou","rating":1734,"private":0,"password":null}