{"id":"gen8ou-1701034975","p1":"minimax_ai","p2":"AlphaTherai","format":"gen8ou","log":"|j|\u203dminimax_ai\n|j|\u2606AlphaTherai\n|t:|1667407681\n|gametype|singles\n|player|p1|minimax_ai|266|1595\n|player|p2|AlphaTherai|waitress-gen4|1575\n|teamsize|p1|6\n|teamsize|p2|6\n|gen|8\n|tier|[Gen 8] OU\n|rated|\n|rule|Sleep Clause Mod: Limit one foe put to sleep\n|rule|Species Clause: Limit one of each Pok\u00e9mon\n|rule|OHKO Clause: OHKO moves are banned\n|rule|Evasion Items Clause: Evasion items are banned\n|rule|Evasion Moves Clause: Evasion moves are banned\n|rule|Endless Battle Clause: Forcing endless battles is banned\n|rule|HP Percentage Mod: HP is shown in percentages\n|rule|Dynamax Clause: You cannot dynamax\n|clearpoke\n|poke|p1|Rotom-Wash|\n|poke|p1|Weavile, F|\n|poke|p1|Landorus-Therian, M|\n|poke|p1|Heatran, M|\n|poke|p1|Tangrowth, F|\n|poke|p1|Melmetal|\n|poke|p2|Kartana|\n|poke|p2|Ferrothorn, M|\n|poke|p2|Toxapex, M|\n|poke|p2|Mandibuzz, F|\n|poke|p2|Garchomp, M|\n|poke|p2|Dragapult, M|\n|teampreview\n|inactive|Battle timer is ON: inactive players will automatically lose when time's up. (requested by AlphaTherai)\n|inactive|minimax_ai also wants the timer to be on.\n|\n|t:|1667407690\n|start\n|switch|p1a: Landorus|Landorus-Therian, M|100\/100\n|switch|p2a: Ferrothorn|Ferrothorn, M|100\/100\n|-ability|p1a: Landorus|Intimidate|boost\n|-unboost|p2a: Ferrothorn|atk|1\n|turn|1\n|\n|t:|1667407694\n|move|p1a: Landorus|Earthquake|p2a: Ferrothorn\n|-damage|p2a: Ferrothorn|68\/100\n|move|p2a: Ferrothorn|Knock Off|p1a: Landorus\n|-damage|p1a: Landorus|86\/100\n|-enditem|p1a: Landorus|Leftovers|[from] move: Knock Off|[of] p2a: Ferrothorn\n|\n|-heal|p2a: Ferrothorn|74\/100|[from] item: Leftovers\n|upkeep\n|turn|2\n|\n|t:|1667407696\n|move|p1a: Landorus|U-turn|p2a: Ferrothorn\n|-damage|p2a: Ferrothorn|60\/100\n|-damage|p1a: Landorus|73\/100|[from] ability: Iron Barbs|[of] p2a: Ferrothorn\n|\n|t:|1667407697\n|switch|p1a: Heatran|Heatran, M|100\/100|[from]move: U-turn\n|-item|p1a: Heatran|Air Balloon\n|move|p2a: Ferrothorn|Leech Seed|p1a: Heatran\n|-start|p1a: Heatran|move: Leech Seed\n|\n|-heal|p2a: Ferrothorn|66\/100|[from] item: Leftovers\n|-damage|p1a: Heatran|88\/100|[from] Leech Seed|[of] p2a: Ferrothorn\n|-heal|p2a: Ferrothorn|78\/100|[silent]\n|upkeep\n|turn|3\n|\n|t:|1667407701\n|switch|p2a: Garchomp|Garchomp, M|100\/100\n|move|p1a: Heatran|Magma Storm|p2a: Garchomp|[miss]\n|-miss|p1a: Heatran|p2a: Garchomp\n|\n|-damage|p1a: Heatran|76\/100|[from] Leech Seed|[of] p2a: Garchomp\n|upkeep\n|turn|4\n|\n|t:|1667407705\n|move|p1a: Heatran|Stealth Rock|p2a: Garchomp\n|-sidestart|p2: AlphaTherai|move: Stealth Rock\n|move|p2a: Garchomp|Dragon Tail|p1a: Heatran\n|-resisted|p1a: Heatran\n|-damage|p1a: Heatran|64\/100\n|-enditem|p1a: Heatran|Air Balloon\n|drag|p1a: Weavile|Weavile, F|100\/100\n|-ability|p1a: Weavile|Pressure\n|\n|upkeep\n|turn|5\n|\n|t:|1667407707\n|switch|p2a: Toxapex|Toxapex, M|100\/100\n|-damage|p2a: Toxapex|88\/100|[from] Stealth Rock\n|move|p1a: Weavile|Ice Shard|p2a: Toxapex\n|-resisted|p2a: Toxapex\n|-damage|p2a: Toxapex|77\/100\n|-enditem|p2a: Toxapex|Eject Button\n|\n|t:|1667407711\n|switch|p2a: Ferrothorn|Ferrothorn, M|78\/100\n|-damage|p2a: Ferrothorn|72\/100|[from] Stealth Rock\n|\n|-heal|p2a: Ferrothorn|78\/100|[from] item: Leftovers\n|upkeep\n|turn|6\n|\n|t:|1667407713\n|switch|p1a: Tangrowth|Tangrowth, F|100\/100\n|move|p2a: Ferrothorn|Knock Off|p1a: Tangrowth\n|-damage|p1a: Tangrowth|89\/100\n|-damage|p2a: Ferrothorn|61\/100|[from] item: Rocky Helmet|[of] p1a: Tangrowth\n|-enditem|p1a: Tangrowth|Rocky Helmet|[from] move: Knock Off|[of] p2a: Ferrothorn\n|\n|-heal|p2a: Ferrothorn|68\/100|[from] item: Leftovers\n|upkeep\n|turn|7\n|\n|t:|1667407719\n|switch|p2a: Toxapex|Toxapex, M|100\/100\n|-damage|p2a: Toxapex|88\/100|[from] Stealth Rock\n|move|p1a: Tangrowth|Focus Blast|p2a: Toxapex\n|-resisted|p2a: Toxapex\n|-damage|p2a: Toxapex|79\/100\n|\n|upkeep\n|turn|8\n|\n|t:|1667407721\n|move|p1a: Tangrowth|Giga Drain|p2a: Toxapex\n|-damage|p2a: Toxapex|61\/100\n|-heal|p1a: Tangrowth|96\/100|[from] drain|[of] p2a: Toxapex\n|move|p2a: Toxapex|Toxic Spikes|p1a: Tangrowth\n|-sidestart|p1: minimax_ai|move: Toxic Spikes\n|\n|upkeep\n|turn|9\n|\n|t:|1667407723\n|move|p1a: Tangrowth|Giga Drain|p2a: Toxapex\n|-damage|p2a: Toxapex|43\/100\n|-heal|p1a: Tangrowth|100\/100|[from] drain|[of] p2a: Toxapex\n|move|p2a: Toxapex|Toxic Spikes|p1a: Tangrowth\n|-sidestart|p1: minimax_ai|move: Toxic Spikes\n|\n|upkeep\n|turn|10\n|\n|t:|1667407726\n|switch|p2a: Mandibuzz|Mandibuzz, F|100\/100\n|move|p1a: Tangrowth|Sleep Powder|p2a: Mandibuzz\n|-immune|p2a: Mandibuzz|[from] ability: Overcoat\n|\n|upkeep\n|turn|11\n|\n|t:|1667407729\n|move|p2a: Mandibuzz|Foul Play|p1a: Tangrowth\n|-damage|p1a: Tangrowth|83\/100\n|move|p1a: Tangrowth|Giga Drain|p2a: Mandibuzz\n|-resisted|p2a: Mandibuzz\n|-damage|p2a: Mandibuzz|88\/100\n|-heal|p1a: Tangrowth|90\/100|[from] drain|[of] p2a: Mandibuzz\n|\n|upkeep\n|turn|12\n|\n|t:|1667407731\n|move|p2a: Mandibuzz|Foul Play|p1a: Tangrowth\n|-damage|p1a: Tangrowth|73\/100\n|move|p1a: Tangrowth|Focus Blast|p2a: Mandibuzz|[miss]\n|-miss|p1a: Tangrowth|p2a: Mandibuzz\n|\n|upkeep\n|turn|13\n|\n|t:|1667407733\n|move|p2a: Mandibuzz|Foul Play|p1a: Tangrowth\n|-damage|p1a: Tangrowth|55\/100\n|move|p1a: Tangrowth|Focus Blast|p2a: Mandibuzz\n|-crit|p2a: Mandibuzz\n|-damage|p2a: Mandibuzz|51\/100\n|\n|upkeep\n|turn|14\n|\n|t:|1667407738\n|switch|p1a: Heatran|Heatran, M|64\/100\n|move|p2a: Mandibuzz|Foul Play|p1a: Heatran\n|-damage|p1a: Heatran|35\/100\n|\n|upkeep\n|turn|15\n|\n|t:|1667407746\n|switch|p2a: Garchomp|Garchomp, M|100\/100\n|-damage|p2a: Garchomp|94\/100|[from] Stealth Rock\n|move|p1a: Heatran|Magma Storm|p2a: Garchomp\n|-resisted|p2a: Garchomp\n|-damage|p2a: Garchomp|74\/100\n|-activate|p2a: Garchomp|move: Magma Storm|[of] p1a: Heatran\n|\n|-heal|p2a: Garchomp|80\/100|[from] item: Leftovers\n|-damage|p2a: Garchomp|68\/100|[from] move: Magma Storm|[partiallytrapped]\n|upkeep\n|turn|16\n|\n|t:|1667407748\n|switch|p1a: Landorus|Landorus-Therian, M|73\/100\n|-ability|p1a: Landorus|Intimidate|boost\n|-unboost|p2a: Garchomp|atk|1\n|move|p2a: Garchomp|Earthquake|p1a: Landorus\n|-immune|p1a: Landorus\n|\n|-heal|p2a: Garchomp|74\/100|[from] item: Leftovers\n|-end|p2a: Garchomp|Magma Storm|[partiallytrapped]|[silent]\n|upkeep\n|turn|17\n|\n|t:|1667407750\n|move|p2a: Garchomp|Toxic|p1a: Landorus\n|-status|p1a: Landorus|tox\n|move|p1a: Landorus|Earthquake|p2a: Garchomp\n|-damage|p2a: Garchomp|38\/100\n|\n|-heal|p2a: Garchomp|45\/100|[from] item: Leftovers\n|-damage|p1a: Landorus|67\/100 tox|[from] psn\n|upkeep\n|turn|18\n|\n|t:|1667407757\n|switch|p2a: Mandibuzz|Mandibuzz, F|51\/100\n|move|p1a: Landorus|Defog|p2a: Mandibuzz\n|-unboost|p2a: Mandibuzz|evasion|1\n|-sideend|p2: AlphaTherai|Stealth Rock|[from] move: Defog|[of] p1a: Landorus\n|-sideend|p1: minimax_ai|Toxic Spikes|[from] move: Defog|[of] p1a: Landorus\n|\n|-damage|p1a: Landorus|55\/100 tox|[from] psn\n|upkeep\n|turn|19\n|\n|t:|1667407760\n|move|p1a: Landorus|U-turn|p2a: Mandibuzz\n|-damage|p2a: Mandibuzz|39\/100\n|\n|t:|1667407760\n|switch|p1a: Melmetal|Melmetal|100\/100|[from]move: U-turn\n|move|p2a: Mandibuzz|Roost|p2a: Mandibuzz\n|-heal|p2a: Mandibuzz|89\/100\n|-singleturn|p2a: Mandibuzz|move: Roost\n|\n|upkeep\n|turn|20\n|\n|t:|1667407763\n|move|p2a: Mandibuzz|Foul Play|p1a: Melmetal\n|-damage|p1a: Melmetal|68\/100\n|move|p1a: Melmetal|Ice Punch|p2a: Mandibuzz\n|-supereffective|p2a: Mandibuzz\n|-crit|p2a: Mandibuzz\n|-damage|p2a: Mandibuzz|32\/100\n|-status|p2a: Mandibuzz|frz\n|\n|upkeep\n|turn|21\n|\n|t:|1667407768\n|switch|p2a: Ferrothorn|Ferrothorn, M|68\/100\n|move|p1a: Melmetal|Ice Punch|p2a: Ferrothorn\n|-damage|p2a: Ferrothorn|45\/100\n|-damage|p1a: Melmetal|55\/100|[from] ability: Iron Barbs|[of] p2a: Ferrothorn\n|\n|-heal|p2a: Ferrothorn|52\/100|[from] item: Leftovers\n|upkeep\n|turn|22\n|\n|t:|1667407777\n|switch|p2a: Mandibuzz|Mandibuzz, F|32\/100 frz\n|move|p1a: Melmetal|Ice Punch|p2a: Mandibuzz\n|-supereffective|p2a: Mandibuzz\n|-damage|p2a: Mandibuzz|0 fnt\n|faint|p2a: Mandibuzz\n|\n|upkeep\n|\n|t:|1667407780\n|switch|p2a: Garchomp|Garchomp, M|45\/100\n|turn|23\n|\n|t:|1667407782\n|switch|p1a: Landorus|Landorus-Therian, M|55\/100 tox\n|-ability|p1a: Landorus|Intimidate|boost\n|-unboost|p2a: Garchomp|atk|1\n|move|p2a: Garchomp|Earthquake|p1a: Landorus\n|-immune|p1a: Landorus\n|\n|-heal|p2a: Garchomp|51\/100|[from] item: Leftovers\n|-damage|p1a: Landorus|49\/100 tox|[from] psn\n|upkeep\n|turn|24\n|\n|t:|1667407792\n|move|p2a: Garchomp|Stealth Rock|p1a: Landorus\n|-sidestart|p1: minimax_ai|move: Stealth Rock\n|move|p1a: Landorus|Earthquake|p2a: Garchomp\n|-damage|p2a: Garchomp|16\/100\n|\n|-heal|p2a: Garchomp|22\/100|[from] item: Leftovers\n|-damage|p1a: Landorus|37\/100 tox|[from] psn\n|upkeep\n|turn|25\n|\n|t:|1667407798\n|move|p2a: Garchomp|Earthquake|p1a: Landorus\n|-immune|p1a: Landorus\n|move|p1a: Landorus|Earthquake|p2a: Garchomp\n|-damage|p2a: Garchomp|0 fnt\n|faint|p2a: Garchomp\n|\n|-damage|p1a: Landorus|19\/100 tox|[from] psn\n|upkeep\n|\n|t:|1667407800\n|switch|p2a: Dragapult|Dragapult, M|100\/100\n|turn|26\n|\n|t:|1667407801\n|move|p2a: Dragapult|Dragon Darts|p1a: Landorus\n|-damage|p1a: Landorus|0 fnt\n|faint|p1a: Landorus\n|\n|upkeep\n|\n|t:|1667407801\n|switch|p1a: Melmetal|Melmetal|55\/100\n|-damage|p1a: Melmetal|49\/100|[from] Stealth Rock\n|turn|27\n|\n|t:|1667407806\n|switch|p2a: Ferrothorn|Ferrothorn, M|52\/100\n|move|p1a: Melmetal|Ice Punch|p2a: Ferrothorn\n|-damage|p2a: Ferrothorn|29\/100\n|-damage|p1a: Melmetal|37\/100|[from] ability: Iron Barbs|[of] p2a: Ferrothorn\n|\n|-heal|p2a: Ferrothorn|35\/100|[from] item: Leftovers\n|upkeep\n|turn|28\n|\n|t:|1667407809\n|move|p1a: Melmetal|Double Iron Bash|p2a: Ferrothorn\n|-resisted|p2a: Ferrothorn\n|-damage|p2a: Ferrothorn|22\/100\n|-damage|p1a: Melmetal|24\/100|[from] ability: Iron Barbs|[of] p2a: Ferrothorn\n|-resisted|p2a: Ferrothorn\n|-damage|p2a: Ferrothorn|9\/100\n|-damage|p1a: Melmetal|12\/100|[from] ability: Iron Barbs|[of] p2a: Ferrothorn\n|-hitcount|p2a: Ferrothorn|2\n|cant|p2a: Ferrothorn|flinch\n|\n|-heal|p2a: Ferrothorn|16\/100|[from] item: Leftovers\n|upkeep\n|turn|29\n|\n|t:|1667407813\n|move|p1a: Melmetal|Double Iron Bash|p2a: Ferrothorn\n|-resisted|p2a: Ferrothorn\n|-damage|p2a: Ferrothorn|3\/100\n|-damage|p1a: Melmetal|0 fnt|[from] ability: Iron Barbs|[of] p2a: Ferrothorn\n|faint|p1a: Melmetal\n|-hitcount|p2a: Ferrothorn|1\n|move|p2a: Ferrothorn|Spikes|p1: Melmetal\n|-sidestart|p1: minimax_ai|Spikes\n|\n|-heal|p2a: Ferrothorn|9\/100|[from] item: Leftovers\n|upkeep\n|\n|t:|1667407813\n|switch|p1a: Heatran|Heatran, M|35\/100\n|-damage|p1a: Heatran|22\/100|[from] Stealth Rock\n|-damage|p1a: Heatran|10\/100|[from] Spikes\n|turn|30\n|\n|t:|1667407821\n|move|p1a: Heatran|Magma Storm|p2a: Ferrothorn\n|-supereffective|p2a: Ferrothorn\n|-damage|p2a: Ferrothorn|0 fnt\n|faint|p2a: Ferrothorn\n|\n|upkeep\n|\n|t:|1667407822\n|switch|p2a: Dragapult|Dragapult, M|100\/100\n|turn|31\n|\n|t:|1667407824\n|move|p2a: Dragapult|Dragon Darts|p1a: Heatran\n|-resisted|p1a: Heatran\n|-damage|p1a: Heatran|0 fnt\n|faint|p1a: Heatran\n|\n|upkeep\n|\n|t:|1667407824\n|switch|p1a: Tangrowth|Tangrowth, F|88\/100\n|-damage|p1a: Tangrowth|76\/100|[from] Stealth Rock\n|-damage|p1a: Tangrowth|64\/100|[from] Spikes\n|turn|32\n|\n|t:|1667407827\n|move|p2a: Dragapult|Fire Blast|p1a: Tangrowth\n|-supereffective|p1a: Tangrowth\n|-damage|p1a: Tangrowth|0 fnt\n|faint|p1a: Tangrowth\n|\n|upkeep\n|\n|t:|1667407827\n|switch|p1a: Rotom|Rotom-Wash|100\/100\n|-damage|p1a: Rotom|88\/100|[from] Stealth Rock\n|turn|33\n|\n|t:|1667407834\n|move|p2a: Dragapult|Dragon Darts|p1a: Rotom\n|-damage|p1a: Rotom|62\/100\n|-anim|p2a: Dragapult|Dragon Darts|p1a: Rotom\n|-damage|p1a: Rotom|34\/100\n|move|p1a: Rotom|Thunderbolt|p2a: Dragapult\n|-resisted|p2a: Dragapult\n|-damage|p2a: Dragapult|76\/100\n|\n|-heal|p2a: Dragapult|82\/100|[from] item: Leftovers\n|-heal|p1a: Rotom|40\/100|[from] item: Leftovers\n|upkeep\n|turn|34\n|\n|t:|1667407835\n|move|p2a: Dragapult|Dragon Darts|p1a: Rotom\n|-damage|p1a: Rotom|13\/100\n|-anim|p2a: Dragapult|Dragon Darts|p1a: Rotom\n|-damage|p1a: Rotom|0 fnt\n|faint|p1a: Rotom\n|\n|-heal|p2a: Dragapult|88\/100|[from] item: Leftovers\n|upkeep\n|\n|t:|1667407835\n|switch|p1a: Weavile|Weavile, F|100\/100\n|-damage|p1a: Weavile|76\/100|[from] Stealth Rock\n|-damage|p1a: Weavile|63\/100|[from] Spikes\n|-ability|p1a: Weavile|Pressure\n|turn|35\n|\n|t:|1667407837\n|move|p1a: Weavile|Ice Shard|p2a: Dragapult\n|-supereffective|p2a: Dragapult\n|-damage|p2a: Dragapult|0 fnt\n|faint|p2a: Dragapult\n|\n|upkeep\n|\n|t:|1667407841\n|switch|p2a: Toxapex|Toxapex, M|77\/100\n|turn|36\n|\n|t:|1667407846\n|move|p1a: Weavile|Ice Shard|p2a: Toxapex\n|-resisted|p2a: Toxapex\n|-damage|p2a: Toxapex|65\/100\n|move|p2a: Toxapex|Recover|p2a: Toxapex\n|-heal|p2a: Toxapex|100\/100\n|\n|upkeep\n|turn|37\n|\n|t:|1667407848\n|move|p1a: Weavile|Ice Shard|p2a: Toxapex\n|-resisted|p2a: Toxapex\n|-damage|p2a: Toxapex|90\/100\n|move|p2a: Toxapex|Scald|p1a: Weavile\n|-damage|p1a: Weavile|40\/100\n|\n|upkeep\n|turn|38\n|\n|t:|1667407850\n|move|p1a: Weavile|Ice Shard|p2a: Toxapex\n|-resisted|p2a: Toxapex\n|-damage|p2a: Toxapex|78\/100\n|move|p2a: Toxapex|Scald|p1a: Weavile\n|-damage|p1a: Weavile|18\/100\n|-status|p1a: Weavile|brn\n|\n|-damage|p1a: Weavile|12\/100 brn|[from] brn\n|upkeep\n|turn|39\n|\n|t:|1667407852\n|move|p1a: Weavile|Ice Shard|p2a: Toxapex\n|-resisted|p2a: Toxapex\n|-damage|p2a: Toxapex|72\/100\n|move|p2a: Toxapex|Scald|p1a: Weavile\n|-damage|p1a: Weavile|0 fnt\n|faint|p1a: Weavile\n|\n|win|AlphaTherai\n|raw|minimax_ai's rating: 1595 &rarr; <strong>1575<\/strong><br \/>(-20 for losing)\n|raw|AlphaTherai's rating: 1595 &rarr; <strong>1615<\/strong><br \/>(+20 for winning)\n|l|\u203dminimax_ai\n||Ladder isn't responding, score probably updated but might not have (Request timeout).\n","uploadtime":1667407853,"views":10,"p1id":"minimaxai","p2id":"alphatherai","formatid":"gen8ou","rating":1575,"private":0,"password":null}