{"id":"gen8ou-1248382064","p1":"Lando Expando","p2":"SmashMash","format":"gen8ou","log":"|j|\u2606Lando Expando\n|j|\u2606SmashMash\n|t:|1608641656\n|player|p1|Lando Expando|lucas|1604\n|player|p2|SmashMash|maid|1655\n|teamsize|p1|6\n|teamsize|p2|6\n|gametype|singles\n|gen|8\n|tier|[Gen 8] OU\n|rated|\n|clearpoke\n|poke|p1|Pelipper, F|\n|poke|p1|Espeon, M|\n|poke|p1|Indeedee, M|\n|poke|p1|Barraskewda, M|\n|poke|p1|Ferrothorn, M|\n|poke|p1|Thundurus-Therian, M|\n|poke|p2|Latios, M|\n|poke|p2|Heatran, F|\n|poke|p2|Clefable, F|\n|poke|p2|Zapdos|\n|poke|p2|Urshifu-*, M|\n|poke|p2|Cinderace, M|\n|rule|Sleep Clause Mod: Limit one foe put to sleep\n|rule|Species Clause: Limit one of each Pok\u00e9mon\n|rule|OHKO Clause: OHKO moves are banned\n|rule|Evasion Moves Clause: Evasion moves are banned\n|rule|Endless Battle Clause: Forcing endless battles is banned\n|rule|HP Percentage Mod: HP is shown in percentages\n|rule|Dynamax Clause: You cannot dynamax\n|teampreview\n|\n|t:|1608641673\n|start\n|switch|p1a: Indeedee|Indeedee, M|100\/100\n|switch|p2a: Latios|Latios, M|100\/100\n|-fieldstart|move: Psychic Terrain|[from] ability: Psychic Surge|[of] p1a: Indeedee\n|turn|1\n|\n|t:|1608641677\n|switch|p1a: Ferrothorn|Ferrothorn, M|100\/100\n|move|p2a: Latios|Draco Meteor|p1a: Ferrothorn\n|-resisted|p1a: Ferrothorn\n|-damage|p1a: Ferrothorn|66\/100\n|-unboost|p2a: Latios|spa|2\n|-damage|p2a: Latios|91\/100|[from] item: Life Orb\n|\n|-heal|p1a: Ferrothorn|72\/100|[from] item: Leftovers\n|upkeep\n|turn|2\n|\n|t:|1608641684\n|switch|p2a: Clefable|Clefable, F|100\/100\n|switch|p1a: Pelipper|Pelipper, F|100\/100\n|-weather|RainDance|[from] ability: Drizzle|[of] p1a: Pelipper\n|\n|-weather|RainDance|[upkeep]\n|upkeep\n|turn|3\n|\n|t:|1608641688\n|switch|p1a: Espeon|Espeon, M|100\/100\n|move|p2a: Clefable|Stealth Rock|p1a: Espeon\n|move|p1a: Espeon|Stealth Rock|p2a: Clefable|[from]ability: Magic Bounce\n|-sidestart|p2: SmashMash|move: Stealth Rock\n|\n|-weather|RainDance|[upkeep]\n|upkeep\n|turn|4\n|\n|t:|1608641693\n|move|p1a: Espeon|Expanding Force|p2a: Clefable\n|-damage|p2a: Clefable|0 fnt\n|faint|p2a: Clefable\n|\n|-weather|RainDance|[upkeep]\n|upkeep\n|-message|SmashMash forfeited.\n|\n|win|Lando Expando\n|l|\u2606SmashMash\n","uploadtime":1608641702,"views":11,"p1id":"landoexpando","p2id":"smashmash","formatid":"gen8ou","rating":0,"private":0,"password":null}