{"id":"gen8ou-1695988882","p1":"whocanunravelme","p2":"misplayin","format":"gen8ou","log":"|html|<div class=\"broadcast-blue\"><strong>[Gen 8] OU is currently suspecting Melmetal! For information on how to participate check out the <a href=\"https:\/\/www.smogon.com\/forums\/threads\/np-ss-ou-suspect-process-round-12-monster-mash.3709234\/\">suspect thread<\/a>.<\/strong><\/div>\n|j|\u2606whocanunravelme\n|j|\u2606misplayin\n|t:|1666853508\n|gametype|singles\n|player|p1|whocanunravelme|steven|1640\n|player|p2|misplayin|bugsy|1777\n|teamsize|p1|6\n|teamsize|p2|6\n|gen|8\n|tier|[Gen 8] OU\n|rated|\n|rule|Sleep Clause Mod: Limit one foe put to sleep\n|rule|Species Clause: Limit one of each Pok\u00e9mon\n|rule|OHKO Clause: OHKO moves are banned\n|rule|Evasion Items Clause: Evasion items are banned\n|rule|Evasion Moves Clause: Evasion moves are banned\n|rule|Endless Battle Clause: Forcing endless battles is banned\n|rule|HP Percentage Mod: HP is shown in percentages\n|rule|Dynamax Clause: You cannot dynamax\n|clearpoke\n|poke|p1|Clefable, M|\n|poke|p1|Reuniclus, F|\n|poke|p1|Scizor, F|\n|poke|p1|Skarmory, M|\n|poke|p1|Toxapex, F|\n|poke|p1|Zeraora|\n|poke|p2|Obstagoon, M|\n|poke|p2|Garchomp, M|\n|poke|p2|Pelipper, M|\n|poke|p2|Buzzwole|\n|poke|p2|Tornadus-Therian, M|\n|poke|p2|Tapu Koko|\n|teampreview\n|inactive|Battle timer is ON: inactive players will automatically lose when time's up. (requested by misplayin)\n|inactive|whocanunravelme also wants the timer to be on.\n|\n|t:|1666853523\n|start\n|switch|p1a: Clefable|Clefable, M|100\/100\n|switch|p2a: Pelipper|Pelipper, M|100\/100\n|-weather|RainDance|[from] ability: Drizzle|[of] p2a: Pelipper\n|turn|1\n|\n|t:|1666853546\n|move|p2a: Pelipper|Weather Ball|p1a: Clefable\n|-damage|p1a: Clefable|0 fnt\n|faint|p1a: Clefable\n|\n|-weather|RainDance|[upkeep]\n|upkeep\n|\n|t:|1666853556\n|switch|p1a: Zeraora|Zeraora|100\/100\n|turn|2\n|\n|t:|1666853562\n|switch|p2a: Buzzwole|Buzzwole|100\/100\n|move|p1a: Zeraora|Knock Off|p2a: Buzzwole\n|-resisted|p2a: Buzzwole\n|-crit|p2a: Buzzwole\n|-damage|p2a: Buzzwole|90\/100\n|-damage|p1a: Zeraora|84\/100|[from] item: Rocky Helmet|[of] p2a: Buzzwole\n|-enditem|p2a: Buzzwole|Rocky Helmet|[from] move: Knock Off|[of] p1a: Zeraora\n|\n|-weather|RainDance|[upkeep]\n|upkeep\n|turn|3\n|\n|t:|1666853567\n|switch|p1a: Skarmory|Skarmory, M|100\/100\n|switch|p2a: Tapu Koko|Tapu Koko|100\/100\n|-fieldstart|move: Electric Terrain|[from] ability: Electric Surge|[of] p2a: Tapu Koko\n|\n|-weather|RainDance|[upkeep]\n|upkeep\n|turn|4\n|\n|t:|1666853574\n|switch|p1a: Zeraora|Zeraora|84\/100\n|move|p2a: Tapu Koko|U-turn|p1a: Zeraora\n|-damage|p1a: Zeraora|62\/100\n|\n|t:|1666853582\n|switch|p2a: Garchomp|Garchomp, M|100\/100|[from]move: U-turn\n|\n|-weather|RainDance|[upkeep]\n|upkeep\n|turn|5\n|\n|t:|1666853588\n|switch|p1a: Skarmory|Skarmory, M|100\/100\n|move|p2a: Garchomp|Stealth Rock|p1a: Skarmory\n|-sidestart|p1: whocanunravelme|move: Stealth Rock\n|\n|-weather|none\n|upkeep\n|turn|6\n|\n|t:|1666853590\n|switch|p2a: Pelipper|Pelipper, M|100\/100\n|-weather|RainDance|[from] ability: Drizzle|[of] p2a: Pelipper\n|move|p1a: Skarmory|Spikes|p2a: Pelipper\n|-sidestart|p2: misplayin|Spikes\n|\n|-weather|RainDance|[upkeep]\n|upkeep\n|turn|7\n|\n|t:|1666853593\n|switch|p1a: Toxapex|Toxapex, F|100\/100\n|-damage|p1a: Toxapex|88\/100|[from] Stealth Rock\n|move|p2a: Pelipper|Hurricane|p1a: Toxapex\n|-damage|p1a: Toxapex|33\/100\n|\n|-weather|RainDance|[upkeep]\n|-fieldend|move: Electric Terrain\n|upkeep\n|turn|8\n|\n|t:|1666853600\n|move|p2a: Pelipper|Hurricane|p1a: Toxapex\n|-crit|p1a: Toxapex\n|-damage|p1a: Toxapex|0 fnt\n|faint|p1a: Toxapex\n|\n|-weather|RainDance|[upkeep]\n|upkeep\n|\n|t:|1666853602\n|switch|p1a: Zeraora|Zeraora|62\/100\n|turn|9\n|-message|whocanunravelme forfeited.\n|\n|win|misplayin\n|raw|whocanunravelme's rating: 1640 &rarr; <strong>1628<\/strong><br \/>(-12 for losing)\n|raw|misplayin's rating: 1777 &rarr; <strong>1789<\/strong><br \/>(+12 for winning)\n|l|\u2606whocanunravelme\n","uploadtime":1666853613,"views":21,"p1id":"whocanunravelme","p2id":"misplayin","formatid":"gen8ou","rating":1628,"private":0,"password":null}