{"id":"gen8ou-1501222737","p1":"gaenisalbino","p2":"Moistpudding","format":"gen8ou","log":"|j|\u203dgaenisalbino\n|j|\u2606Moistpudding\n|t:|1643551768\n|gametype|singles\n|player|p1|gaenisalbino|blue|1580\n|player|p2|Moistpudding|dawn|1647\n|teamsize|p1|6\n|teamsize|p2|6\n|gen|8\n|tier|[Gen 8] OU\n|rated|\n|rule|Sleep Clause Mod: Limit one foe put to sleep\n|rule|Species Clause: Limit one of each Pok\u00e9mon\n|rule|OHKO Clause: OHKO moves are banned\n|rule|Evasion Moves Clause: Evasion moves are banned\n|rule|Endless Battle Clause: Forcing endless battles is banned\n|rule|HP Percentage Mod: HP is shown in percentages\n|rule|Dynamax Clause: You cannot dynamax\n|clearpoke\n|poke|p1|Kartana|\n|poke|p1|Zapdos|\n|poke|p1|Tyranitar, M|\n|poke|p1|Slowking, M|\n|poke|p1|Buzzwole|\n|poke|p1|Garchomp, M|\n|poke|p2|Landorus-Therian, M|\n|poke|p2|Kommo-o, F|\n|poke|p2|Celesteela|\n|poke|p2|Volcanion|\n|poke|p2|Necrozma|\n|poke|p2|Victini|\n|teampreview\n|inactive|Battle timer is ON: inactive players will automatically lose when time's up. (requested by Moistpudding)\n|j| AlIoutdragadarts\n|inactive|gaenisalbino has 120 seconds left.\n|\n|t:|1643551805\n|start\n|switch|p1a: Kartana|Kartana|100\/100\n|switch|p2a: Victini|Victini|100\/100\n|turn|1\n|\n|t:|1643551810\n|switch|p1a: Slowking|Slowking, M|100\/100\n|move|p2a: Victini|Blue Flare|p1a: Slowking\n|-resisted|p1a: Slowking\n|-damage|p1a: Slowking|88\/100\n|-status|p1a: Slowking|brn\n|\n|-damage|p1a: Slowking|82\/100 brn|[from] brn\n|upkeep\n|turn|2\n|\n|t:|1643551816\n|switch|p2a: Volcanion|Volcanion|100\/100\n|move|p1a: Slowking|Teleport|p1a: Slowking\n|\n|t:|1643551822\n|switch|p1a: Zapdos|Zapdos|100\/100|[from]move: Teleport\n|\n|upkeep\n|turn|3\n|\n|t:|1643551833\n|move|p1a: Zapdos|Volt Switch|p2a: Volcanion\n|-supereffective|p2a: Volcanion\n|-damage|p2a: Volcanion|55\/100\n|l| AlIoutdragadarts\n|inactive|gaenisalbino has 120 seconds left.\n|c|\u2606Moistpudding|SO boring\n|inactive|gaenisalbino has 90 seconds left.\n|c|\u2606Moistpudding|These points mean nothing\n|-message|Moistpudding forfeited.\n|\n|win|gaenisalbino\n|raw|gaenisalbino's rating: 1580 &rarr; <strong>1604<\/strong><br \/>(+24 for winning)\n|raw|Moistpudding's rating: 1647 &rarr; <strong>1623<\/strong><br \/>(-24 for losing)\n|l|\u2606Moistpudding\n|l|\u203dgaenisalbino\n","uploadtime":1643552005,"views":82,"p1id":"gaenisalbino","p2id":"moistpudding","formatid":"gen8ou","rating":1604,"private":0,"password":null}