{"id":"gen8ou-1380109502","p1":"LT83AQ Ahsan","p2":"BestixL","format":"gen8ou","log":"|raw|<div class=\"broadcast-blue\"><strong>This battle is required to be public due to a player having a name starting with 'lt83aq'.<\/div>\n|j|\u2606LT83AQ Ahsan\n|j|\u2606BestixL\n|t:|1626715347\n|gametype|singles\n|player|p1|LT83AQ Ahsan|clemont|1870\n|player|p2|BestixL|flannery|1830\n|teamsize|p1|6\n|teamsize|p2|6\n|gen|8\n|tier|[Gen 8] OU\n|rated|\n|rule|Sleep Clause Mod: Limit one foe put to sleep\n|rule|Species Clause: Limit one of each Pok\u00e9mon\n|rule|OHKO Clause: OHKO moves are banned\n|rule|Evasion Moves Clause: Evasion moves are banned\n|rule|Endless Battle Clause: Forcing endless battles is banned\n|rule|HP Percentage Mod: HP is shown in percentages\n|rule|Dynamax Clause: You cannot dynamax\n|clearpoke\n|poke|p1|Dragapult, F|\n|poke|p1|Landorus-Therian, M|\n|poke|p1|Toxtricity, M|\n|poke|p1|Heatran, M|\n|poke|p1|Mew|\n|poke|p1|Kyurem|\n|poke|p2|Clefable, F|\n|poke|p2|Heatran, M|\n|poke|p2|Reuniclus, M|\n|poke|p2|Landorus-Therian, M|\n|poke|p2|Toxapex, M|\n|poke|p2|Corviknight, M|\n|teampreview\n|j|+Dag\u25dfDan\u25dd\n|j| kani baru\n|j| InsaneBread\n|j| wrfw\n|inactive|Battle timer is ON: inactive players will automatically lose when time's up. (requested by LT83AQ Ahsan)\n|j| AngleProtractor\n|j| Simp for Thighs\n|l| AngleProtractor\n|j| Dr J3kyll\n|inactive|BestixL has 120 seconds left.\n|\n|t:|1626715391\n|start\n|switch|p1a: Mew|Mew|100\/100\n|switch|p2a: 2 soon|Landorus-Therian, M|100\/100\n|-ability|p2a: 2 soon|Intimidate|boost\n|-unboost|p1a: Mew|atk|1\n|turn|1\n|j| Plasmeek\n|j| LT83AQ nnbp\n|\n|t:|1626715395\n|move|p1a: Mew|Spikes|p2a: 2 soon\n|-sidestart|p2: BestixL|Spikes\n|move|p2a: 2 soon|Knock Off|p1a: Mew\n|-supereffective|p1a: Mew\n|-damage|p1a: Mew|53\/100\n|-enditem|p1a: Mew|Leftovers|[from] move: Knock Off|[of] p2a: 2 soon\n|\n|upkeep\n|turn|2\n|j| Corazan\n|\n|t:|1626715401\n|move|p1a: Mew|Will-O-Wisp|p2a: 2 soon\n|-status|p2a: 2 soon|brn\n|move|p2a: 2 soon|Stealth Rock|p1a: Mew\n|-sidestart|p1: LT83AQ Ahsan|move: Stealth Rock\n|\n|-damage|p2a: 2 soon|94\/100 brn|[from] brn\n|upkeep\n|turn|3\n|\n|t:|1626715407\n|move|p1a: Mew|Spikes|p2a: 2 soon\n|-sidestart|p2: BestixL|Spikes\n|move|p2a: 2 soon|U-turn|p1a: Mew\n|-supereffective|p1a: Mew\n|-damage|p1a: Mew|35\/100\n|\n|t:|1626715413\n|switch|p2a: WA-R-R|Heatran, M|100\/100|[from]move: U-turn\n|-item|p2a: WA-R-R|Air Balloon\n|\n|upkeep\n|turn|4\n|j| Amigento1958\n|\n|t:|1626715417\n|move|p1a: Mew|Spikes|p2a: WA-R-R\n|-sidestart|p2: BestixL|Spikes\n|move|p2a: WA-R-R|Magma Storm|p1a: Mew\n|-damage|p1a: Mew|0 fnt\n|faint|p1a: Mew\n|\n|upkeep\n|j| bougzen\n|j| Ghostmanz\n|\n|t:|1626715425\n|switch|p1a: Landorus|Landorus-Therian, M|100\/100\n|-damage|p1a: Landorus|88\/100|[from] Stealth Rock\n|-ability|p1a: Landorus|Intimidate|boost\n|-unboost|p2a: WA-R-R|atk|1\n|turn|5\n|j| quilto\n|c| Ghostmanz|ahsan the man\n|\n|t:|1626715428\n|move|p1a: Landorus|U-turn|p2a: WA-R-R\n|-resisted|p2a: WA-R-R\n|-damage|p2a: WA-R-R|90\/100\n|-enditem|p2a: WA-R-R|Air Balloon\n|\n|t:|1626715432\n|switch|p1a: Heatran|Heatran, M|100\/100|[from]move: U-turn\n|-damage|p1a: Heatran|88\/100|[from] Stealth Rock\n|move|p2a: WA-R-R|Toxic|p1a: Heatran\n|-immune|p1a: Heatran\n|\n|-heal|p1a: Heatran|94\/100|[from] item: Leftovers\n|upkeep\n|turn|6\n|\n|t:|1626715438\n|move|p2a: WA-R-R|Earth Power|p1a: Heatran\n|-supereffective|p1a: Heatran\n|-damage|p1a: Heatran|11\/100\n|move|p1a: Heatran|Stealth Rock|p2a: WA-R-R\n|-sidestart|p2: BestixL|move: Stealth Rock\n|\n|-heal|p1a: Heatran|18\/100|[from] item: Leftovers\n|upkeep\n|turn|7\n|j| LT83AQ Hockey\n|\n|t:|1626715444\n|switch|p1a: Landorus|Landorus-Therian, M|88\/100\n|-damage|p1a: Landorus|76\/100|[from] Stealth Rock\n|-ability|p1a: Landorus|Intimidate|boost\n|-unboost|p2a: WA-R-R|atk|1\n|move|p2a: WA-R-R|Earth Power|p1a: Landorus\n|-immune|p1a: Landorus\n|\n|upkeep\n|turn|8\n|\n|t:|1626715448\n|move|p1a: Landorus|U-turn|p2a: WA-R-R\n|-resisted|p2a: WA-R-R\n|-damage|p2a: WA-R-R|79\/100\n|j| Luigi over mario\n|\n|t:|1626715450\n|switch|p1a: Heatran|Heatran, M|18\/100|[from]move: U-turn\n|-damage|p1a: Heatran|5\/100|[from] Stealth Rock\n|move|p2a: WA-R-R|Earth Power|p1a: Heatran\n|-supereffective|p1a: Heatran\n|-damage|p1a: Heatran|0 fnt\n|faint|p1a: Heatran\n|\n|upkeep\n|j| Lt83AQ Yelo\n|\n|t:|1626715453\n|switch|p1a: Dragapult|Dragapult, F|100\/100\n|-damage|p1a: Dragapult|88\/100|[from] Stealth Rock\n|turn|9\n|j| LT83AQ IDKHTP\n|\n|t:|1626715460\n|move|p1a: Dragapult|Thunder Wave|p2a: WA-R-R\n|-status|p2a: WA-R-R|par\n|cant|p2a: WA-R-R|par\n|\n|upkeep\n|turn|10\n|j| LT83AQ M\n|\n|t:|1626715466\n|move|p1a: Dragapult|Hex|p2a: WA-R-R\n|-damage|p2a: WA-R-R|33\/100 par\n|move|p2a: WA-R-R|Toxic|p1a: Dragapult\n|-status|p1a: Dragapult|tox\n|\n|-damage|p1a: Dragapult|82\/100 tox|[from] psn\n|upkeep\n|turn|11\n|\n|t:|1626715470\n|switch|p2a: Itsuki|Clefable, F|100\/100\n|move|p1a: Dragapult|Hex|p2a: Itsuki\n|-damage|p2a: Itsuki|76\/100\n|\n|-damage|p1a: Dragapult|70\/100 tox|[from] psn\n|upkeep\n|turn|12\n|\n|t:|1626715478\n|switch|p1a: Toxtricity|Toxtricity, M|100\/100\n|-damage|p1a: Toxtricity|88\/100|[from] Stealth Rock\n|move|p2a: Itsuki|Heal Bell|p2a: Itsuki\n|-activate|p2a: Itsuki|move: Heal Bell\n|-curestatus|p2: 2 soon|brn|[msg]\n|-curestatus|p2: WA-R-R|par|[msg]\n|\n|upkeep\n|turn|13\n|\n|t:|1626715482\n|switch|p2a: gimme love|Reuniclus, M|100\/100\n|-damage|p2a: gimme love|75\/100|[from] Spikes\n|-damage|p2a: gimme love|63\/100|[from] Stealth Rock\n|move|p1a: Toxtricity|Boomburst|p2a: gimme love\n|-damage|p2a: gimme love|25\/100\n|\n|upkeep\n|turn|14\n|j| Moraband\n|\n|t:|1626715490\n|switch|p2a: the reaper|Corviknight, M|100\/100\n|-damage|p2a: the reaper|88\/100|[from] Stealth Rock\n|-ability|p2a: the reaper|Pressure\n|move|p1a: Toxtricity|Boomburst|p2a: the reaper\n|-resisted|p2a: the reaper\n|-damage|p2a: the reaper|41\/100\n|\n|-heal|p2a: the reaper|47\/100|[from] item: Leftovers\n|upkeep\n|turn|15\n|l| LT83AQ M\n|c|\u2606BestixL|ke da\u00f1o\n|j| randyalters\n|j| BabyPigsAreLaughin\n|inactive|BestixL has 120 seconds left.\n|j| LT83AQ Arak \u271e\n|\n|t:|1626715523\n|move|p1a: Toxtricity|Boomburst|p2a: the reaper\n|-resisted|p2a: the reaper\n|-damage|p2a: the reaper|4\/100\n|move|p2a: the reaper|Roost|p2a: the reaper\n|-heal|p2a: the reaper|54\/100\n|-singleturn|p2a: the reaper|move: Roost\n|\n|-heal|p2a: the reaper|60\/100|[from] item: Leftovers\n|upkeep\n|turn|16\n|\n|t:|1626715534\n|switch|p1a: Kyurem|Kyurem|100\/100\n|-damage|p1a: Kyurem|76\/100|[from] Stealth Rock\n|-ability|p1a: Kyurem|Pressure\n|move|p2a: the reaper|Roost|p2a: the reaper\n|-heal|p2a: the reaper|100\/100\n|-singleturn|p2a: the reaper|move: Roost\n|\n|upkeep\n|turn|17\n|\n|t:|1626715540\n|move|p1a: Kyurem|Ice Beam|p2a: the reaper\n|-damage|p2a: the reaper|55\/100\n|move|p2a: the reaper|Defog|p1a: Kyurem\n|-unboost|p1a: Kyurem|evasion|1\n|-sideend|p1: LT83AQ Ahsan|Stealth Rock|[from] move: Defog|[of] p2a: the reaper\n|-sideend|p2: BestixL|Spikes|[from] move: Defog|[of] p2a: the reaper\n|-sideend|p2: BestixL|Stealth Rock|[from] move: Defog|[of] p2a: the reaper\n|\n|-heal|p2a: the reaper|61\/100|[from] item: Leftovers\n|upkeep\n|turn|18\n|\n|t:|1626715547\n|switch|p1a: Toxtricity|Toxtricity, M|88\/100\n|switch|p2a: just friends|Toxapex, M|100\/100\n|\n|upkeep\n|turn|19\n|\n|t:|1626715551\n|switch|p2a: gimme love|Reuniclus, M|58\/100\n|move|p1a: Toxtricity|Overdrive|p2a: gimme love\n|-damage|p2a: gimme love|25\/100\n|\n|upkeep\n|turn|20\n|\n|t:|1626715556\n|switch|p1a: Kyurem|Kyurem|76\/100\n|-ability|p1a: Kyurem|Pressure\n|switch|p2a: 2 soon|Landorus-Therian, M|94\/100\n|-ability|p2a: 2 soon|Intimidate|boost\n|-unboost|p1a: Kyurem|atk|1\n|\n|-heal|p2a: 2 soon|100\/100|[from] item: Leftovers\n|upkeep\n|turn|21\n|\n|t:|1626715560\n|switch|p1a: Landorus|Landorus-Therian, M|76\/100\n|-ability|p1a: Landorus|Intimidate|boost\n|-unboost|p2a: 2 soon|atk|1\n|switch|p2a: just friends|Toxapex, M|100\/100\n|\n|upkeep\n|turn|22\n|\n|t:|1626715564\n|switch|p2a: the reaper|Corviknight, M|61\/100\n|-ability|p2a: the reaper|Pressure\n|move|p1a: Landorus|Earthquake|p2a: the reaper\n|-immune|p2a: the reaper\n|\n|-heal|p2a: the reaper|67\/100|[from] item: Leftovers\n|upkeep\n|turn|23\n|\n|t:|1626715573\n|switch|p1a: Toxtricity|Toxtricity, M|88\/100\n|move|p2a: the reaper|Roost|p2a: the reaper\n|-heal|p2a: the reaper|100\/100\n|-singleturn|p2a: the reaper|move: Roost\n|\n|upkeep\n|turn|24\n|l| InsaneBread\n|\n|t:|1626715580\n|switch|p2a: gimme love|Reuniclus, M|58\/100\n|move|p1a: Toxtricity|Boomburst|p2a: gimme love\n|-damage|p2a: gimme love|16\/100\n|\n|upkeep\n|turn|25\n|j| InsaneBread\n|\n|t:|1626715584\n|switch|p2a: the reaper|Corviknight, M|100\/100\n|-ability|p2a: the reaper|Pressure\n|move|p1a: Toxtricity|Boomburst|p2a: the reaper\n|-resisted|p2a: the reaper\n|-damage|p2a: the reaper|53\/100\n|\n|-heal|p2a: the reaper|59\/100|[from] item: Leftovers\n|upkeep\n|turn|26\n|\n|t:|1626715587\n|switch|p1a: Kyurem|Kyurem|76\/100\n|-ability|p1a: Kyurem|Pressure\n|move|p2a: the reaper|Roost|p2a: the reaper\n|-heal|p2a: the reaper|100\/100\n|-singleturn|p2a: the reaper|move: Roost\n|\n|upkeep\n|turn|27\n|\n|t:|1626715592\n|switch|p2a: just friends|Toxapex, M|100\/100\n|move|p1a: Kyurem|Freeze-Dry|p2a: just friends\n|-supereffective|p2a: just friends\n|-damage|p2a: just friends|54\/100\n|\n|upkeep\n|turn|28\n|\n|t:|1626715604\n|switch|p1a: Landorus|Landorus-Therian, M|76\/100\n|-ability|p1a: Landorus|Intimidate|boost\n|-unboost|p2a: just friends|atk|1\n|switch|p2a: gimme love|Reuniclus, M|50\/100\n|\n|upkeep\n|turn|29\n|\n|t:|1626715607\n|switch|p2a: the reaper|Corviknight, M|100\/100\n|-ability|p2a: the reaper|Pressure\n|move|p1a: Landorus|Knock Off|p2a: the reaper\n|-damage|p2a: the reaper|66\/100\n|-enditem|p2a: the reaper|Leftovers|[from] move: Knock Off|[of] p1a: Landorus\n|\n|upkeep\n|turn|30\n|\n|t:|1626715611\n|switch|p1a: Toxtricity|Toxtricity, M|88\/100\n|move|p2a: the reaper|Roost|p2a: the reaper\n|-heal|p2a: the reaper|100\/100\n|-singleturn|p2a: the reaper|move: Roost\n|\n|upkeep\n|turn|31\n|\n|t:|1626715616\n|switch|p2a: gimme love|Reuniclus, M|83\/100\n|move|p1a: Toxtricity|Boomburst|p2a: gimme love\n|-crit|p2a: gimme love\n|-damage|p2a: gimme love|19\/100\n|\n|upkeep\n|turn|32\n|\n|t:|1626715626\n|switch|p2a: the reaper|Corviknight, M|100\/100\n|-ability|p2a: the reaper|Pressure\n|move|p1a: Toxtricity|Boomburst|p2a: the reaper\n|-resisted|p2a: the reaper\n|-damage|p2a: the reaper|53\/100\n|\n|upkeep\n|turn|33\n|\n|t:|1626715638\n|switch|p1a: Landorus|Landorus-Therian, M|76\/100\n|-ability|p1a: Landorus|Intimidate|boost\n|-unboost|p2a: the reaper|atk|1\n|move|p2a: the reaper|Roost|p2a: the reaper\n|-heal|p2a: the reaper|100\/100\n|-singleturn|p2a: the reaper|move: Roost\n|\n|upkeep\n|turn|34\n|l| randyalters\n|\n|t:|1626715653\n|move|p1a: Landorus|Stone Edge|p2a: the reaper\n|-damage|p2a: the reaper|66\/100\n|move|p2a: the reaper|Body Press|p1a: Landorus\n|-resisted|p1a: Landorus\n|-damage|p1a: Landorus|62\/100\n|\n|upkeep\n|turn|35\n|\n|t:|1626715657\n|move|p1a: Landorus|Stone Edge|p2a: the reaper\n|-damage|p2a: the reaper|31\/100\n|move|p2a: the reaper|Roost|p2a: the reaper\n|-heal|p2a: the reaper|81\/100\n|-singleturn|p2a: the reaper|move: Roost\n|\n|upkeep\n|turn|36\n|-message|LT83AQ Ahsan forfeited.\n|\n|win|BestixL\n|raw|LT83AQ Ahsan's rating: 1870 &rarr; <strong>1848<\/strong><br \/>(-22 for losing)\n|raw|BestixL's rating: 1830 &rarr; <strong>1852<\/strong><br \/>(+22 for winning)\n|l|\u2606LT83AQ Ahsan\n|j| Nezloe\n|j| regnite \u25d5\u203f\u25d5\n|l| LT83AQ nnbp\n|l| InsaneBread\n|l| Nezloe\n|l| regnite \u25d5\u203f\u25d5\n|l| wrfw\n|l| Dr J3kyll\n|l| Amigento1958\n|j| Amigento1958\n|l| Luigi over mario\n|l|+Dag\u25dfDan\u25dd\n|l| Amigento1958\n|l| Corazan\n|l| Moraband\n|j| LT83AQ Sago\n||Ladder isn't responding, score probably updated but might not have (Request timeout).\n|j| LT83AQ S\n|l| LT83AQ Sago\n|l|\u2606BestixL\n|l| LT83AQ S\n|l| BabyPigsAreLaughin\n|l| LT83AQ Hockey\n|n| Dreams of Akasha|simpforthighs\n","uploadtime":1626715754,"views":72,"p1id":"lt83aqahsan","p2id":"bestixl","formatid":"gen8ou","rating":1848,"private":0,"password":null}