{"id":"gen8ou-1362827540","p1":"Sombra Diurna","p2":"End Of Timess","format":"gen8ou","log":"|j|\u2606Sombra Diurna\n|j|\u2606End Of Timess\n|t:|1624302233\n|gametype|singles\n|player|p1|Sombra Diurna|blue|1839\n|player|p2|End Of Timess|unknown|1750\n|teamsize|p1|6\n|teamsize|p2|6\n|gen|8\n|tier|[Gen 8] OU\n|rated|\n|rule|Sleep Clause Mod: Limit one foe put to sleep\n|rule|Species Clause: Limit one of each Pok\u00e9mon\n|rule|OHKO Clause: OHKO moves are banned\n|rule|Evasion Moves Clause: Evasion moves are banned\n|rule|Endless Battle Clause: Forcing endless battles is banned\n|rule|HP Percentage Mod: HP is shown in percentages\n|rule|Dynamax Clause: You cannot dynamax\n|clearpoke\n|poke|p1|Slowbro, F|\n|poke|p1|Hatterene, F|\n|poke|p1|Marowak-Alola, M|\n|poke|p1|Ferrothorn, M|\n|poke|p1|Garchomp, F|\n|poke|p1|Drampa, F|\n|poke|p2|Slowbro, F|\n|poke|p2|Slowking-Galar, F|\n|poke|p2|Corviknight, F|\n|poke|p2|Zapdos|\n|poke|p2|Tyranitar, F|\n|poke|p2|Mamoswine, F|\n|teampreview\n|j| zCompuLsive\n|\n|t:|1624302255\n|start\n|switch|p1a: Sonso|Slowbro, F|100\/100\n|switch|p2a: Slowking|Slowking-Galar, F|100\/100\n|turn|1\n|\n|t:|1624302262\n|move|p2a: Slowking|Nasty Plot|p2a: Slowking\n|-boost|p2a: Slowking|spa|2\n|move|p1a: Sonso|Trick Room|p1a: Sonso\n|-fieldstart|move: Trick Room|[of] p1a: Sonso\n|\n|upkeep\n|turn|2\n|\n|t:|1624302267\n|switch|p1a: Thorns|Ferrothorn, M|100\/100\n|move|p2a: Slowking|Sludge Bomb|p1a: Thorns\n|-immune|p1a: Thorns\n|\n|upkeep\n|turn|3\n|\n|t:|1624302273\n|switch|p1a: Billy B.|Marowak-Alola, M|100\/100\n|move|p2a: Slowking|Flamethrower|p1a: Billy B.\n|-resisted|p1a: Billy B.\n|-damage|p1a: Billy B.|60\/100\n|\n|upkeep\n|turn|4\n|\n|t:|1624302280\n|switch|p2a: Tyranitar|Tyranitar, F|100\/100\n|-weather|Sandstorm|[from] ability: Sand Stream|[of] p2a: Tyranitar\n|move|p1a: Billy B.|Flare Blitz|p2a: Tyranitar\n|-resisted|p2a: Tyranitar\n|-damage|p2a: Tyranitar|61\/100\n|\n|-weather|Sandstorm|[upkeep]\n|-damage|p1a: Billy B.|54\/100|[from] Sandstorm\n|upkeep\n|turn|5\n|\n|t:|1624302289\n|switch|p1a: Thorns|Ferrothorn, M|100\/100\n|move|p2a: Tyranitar|Earthquake|p1a: Thorns\n|-damage|p1a: Thorns|79\/100\n|\n|-weather|Sandstorm|[upkeep]\n|-heal|p1a: Thorns|85\/100|[from] item: Leftovers\n|-fieldend|move: Trick Room\n|upkeep\n|turn|6\n|j| jamel 1\n|\n|t:|1624302298\n|switch|p2a: Slowking|Slowking-Galar, F|100\/100\n|move|p1a: Thorns|Stealth Rock|p2a: Slowking\n|-sidestart|p2: End Of Timess|move: Stealth Rock\n|\n|-weather|Sandstorm|[upkeep]\n|-damage|p2a: Slowking|94\/100|[from] Sandstorm\n|-heal|p2a: Slowking|100\/100|[from] item: Leftovers\n|-heal|p1a: Thorns|91\/100|[from] item: Leftovers\n|upkeep\n|turn|7\n|\n|t:|1624302307\n|move|p2a: Slowking|Sludge Bomb|p1a: Thorns\n|-immune|p1a: Thorns\n|move|p1a: Thorns|Leech Seed|p2a: Slowking\n|-start|p2a: Slowking|move: Leech Seed\n|\n|-weather|Sandstorm|[upkeep]\n|-damage|p2a: Slowking|94\/100|[from] Sandstorm\n|-heal|p2a: Slowking|100\/100|[from] item: Leftovers\n|-heal|p1a: Thorns|97\/100|[from] item: Leftovers\n|-damage|p2a: Slowking|88\/100|[from] Leech Seed|[of] p1a: Thorns\n|-heal|p1a: Thorns|100\/100|[silent]\n|upkeep\n|turn|8\n|\n|t:|1624302317\n|move|p2a: Slowking|Flamethrower|p1a: Thorns\n|-supereffective|p1a: Thorns\n|-damage|p1a: Thorns|27\/100\n|move|p1a: Thorns|Leech Seed||[still]\n|-fail|p1a: Thorns\n|\n|-weather|none\n|-heal|p2a: Slowking|94\/100|[from] item: Leftovers\n|-heal|p1a: Thorns|33\/100|[from] item: Leftovers\n|-damage|p2a: Slowking|82\/100|[from] Leech Seed|[of] p1a: Thorns\n|-heal|p1a: Thorns|46\/100|[silent]\n|upkeep\n|turn|9\n|\n|t:|1624302327\n|switch|p2a: Corviknight|Corviknight, F|100\/100\n|-damage|p2a: Corviknight|88\/100|[from] Stealth Rock\n|switch|p1a: Sharpo|Garchomp, F|100\/100\n|\n|-heal|p2a: Corviknight|94\/100|[from] item: Leftovers\n|upkeep\n|turn|10\n|\n|t:|1624302335\n|move|p1a: Sharpo|Swords Dance|p1a: Sharpo\n|-boost|p1a: Sharpo|atk|2\n|move|p2a: Corviknight|Defog|p1a: Sharpo\n|-unboost|p1a: Sharpo|evasion|1\n|-sideend|p2: End Of Timess|Stealth Rock|[from] move: Defog|[of] p2a: Corviknight\n|\n|-heal|p2a: Corviknight|100\/100|[from] item: Leftovers\n|upkeep\n|turn|11\n|\n|t:|1624302342\n|move|p1a: Sharpo|Stone Edge|p2a: Corviknight\n|-damage|p2a: Corviknight|45\/100\n|move|p2a: Corviknight|U-turn|p1a: Sharpo\n|-damage|p1a: Sharpo|86\/100\n|-damage|p2a: Corviknight|33\/100|[from] ability: Rough Skin|[of] p1a: Sharpo\n|\n|t:|1624302346\n|switch|p2a: Mamoswine|Mamoswine, F|100\/100|[from]move: U-turn\n|\n|-heal|p1a: Sharpo|92\/100|[from] item: Leftovers\n|upkeep\n|turn|12\n|\n|t:|1624302352\n|switch|p1a: Sonso|Slowbro, F|100\/100\n|move|p2a: Mamoswine|Icicle Crash|p1a: Sonso\n|-resisted|p1a: Sonso\n|-damage|p1a: Sonso|88\/100\n|\n|upkeep\n|turn|13\n|\n|t:|1624302358\n|switch|p2a: Slowking|Slowking-Galar, F|100\/100\n|move|p1a: Sonso|Trick Room|p1a: Sonso\n|-fieldstart|move: Trick Room|[of] p1a: Sonso\n|\n|upkeep\n|turn|14\n|\n|t:|1624302363\n|switch|p1a: Billy B.|Marowak-Alola, M|54\/100\n|move|p2a: Slowking|Sludge Bomb|p1a: Billy B.\n|-resisted|p1a: Billy B.\n|-damage|p1a: Billy B.|23\/100\n|-status|p1a: Billy B.|psn\n|\n|-damage|p1a: Billy B.|11\/100 psn|[from] psn\n|upkeep\n|turn|15\n|c|\u2606Sombra Diurna|nice\n|\n|t:|1624302374\n|switch|p1a: Falko|Drampa, F|100\/100\n|switch|p2a: Tyranitar|Tyranitar, F|61\/100\n|-weather|Sandstorm|[from] ability: Sand Stream|[of] p2a: Tyranitar\n|\n|-weather|Sandstorm|[upkeep]\n|-damage|p1a: Falko|94\/100|[from] Sandstorm\n|upkeep\n|turn|16\n|\n|t:|1624302383\n|move|p1a: Falko|Focus Blast|p2a: Tyranitar\n|-supereffective|p2a: Tyranitar\n|-damage|p2a: Tyranitar|0 fnt\n|faint|p2a: Tyranitar\n|-damage|p1a: Falko|85\/100|[from] item: Life Orb\n|\n|-weather|Sandstorm|[upkeep]\n|-damage|p1a: Falko|78\/100|[from] Sandstorm\n|upkeep\n|\n|t:|1624302387\n|switch|p2a: Slowking|Slowking-Galar, F|100\/100\n|turn|17\n|\n|t:|1624302396\n|move|p1a: Falko|Hyper Voice|p2a: Slowking\n|-damage|p2a: Slowking|45\/100\n|-damage|p1a: Falko|69\/100|[from] item: Life Orb\n|move|p2a: Slowking|Sludge Bomb|p1a: Falko\n|-damage|p1a: Falko|24\/100\n|-ability|p1a: Falko|Berserk|boost\n|-boost|p1a: Falko|spa|1\n|\n|-weather|Sandstorm|[upkeep]\n|-damage|p1a: Falko|17\/100|[from] Sandstorm\n|-damage|p2a: Slowking|39\/100|[from] Sandstorm\n|-heal|p2a: Slowking|45\/100|[from] item: Leftovers\n|-fieldend|move: Trick Room\n|upkeep\n|turn|18\n|\n|t:|1624302413\n|switch|p2a: Zapdos|Zapdos|100\/100\n|switch|p1a: Thorns|Ferrothorn, M|46\/100\n|\n|-weather|Sandstorm|[upkeep]\n|-damage|p2a: Zapdos|94\/100|[from] Sandstorm\n|-heal|p1a: Thorns|52\/100|[from] item: Leftovers\n|upkeep\n|turn|19\n|\n|t:|1624302423\n|move|p2a: Zapdos|Heat Wave|p1a: Thorns\n|-supereffective|p1a: Thorns\n|-damage|p1a: Thorns|0 fnt\n|faint|p1a: Thorns\n|\n|-weather|none\n|upkeep\n|\n|t:|1624302428\n|switch|p1a: Sharpo|Garchomp, F|92\/100\n|turn|20\n|\n|t:|1624302432\n|switch|p2a: Mamoswine|Mamoswine, F|100\/100\n|move|p1a: Sharpo|Swords Dance|p1a: Sharpo\n|-boost|p1a: Sharpo|atk|2\n|\n|-heal|p1a: Sharpo|98\/100|[from] item: Leftovers\n|upkeep\n|turn|21\n|\n|t:|1624302440\n|switch|p1a: Sonso|Slowbro, F|100\/100\n|move|p2a: Mamoswine|Icicle Crash|p1a: Sonso\n|-resisted|p1a: Sonso\n|-crit|p1a: Sonso\n|-damage|p1a: Sonso|82\/100\n|\n|upkeep\n|turn|22\n|j| Maximo2614\n|\n|t:|1624302453\n|switch|p2a: Slowking|Slowking-Galar, F|79\/100\n|switch|p1a: Hatterene|Hatterene, F|100\/100\n|\n|-heal|p2a: Slowking|85\/100|[from] item: Leftovers\n|upkeep\n|turn|23\n|\n|t:|1624302459\n|move|p2a: Slowking|Sludge Bomb|p1a: Hatterene\n|-supereffective|p1a: Hatterene\n|-damage|p1a: Hatterene|25\/100\n|-status|p1a: Hatterene|psn\n|move|p1a: Hatterene|Trick Room|p1a: Hatterene\n|-fieldstart|move: Trick Room|[of] p1a: Hatterene\n|\n|-heal|p2a: Slowking|91\/100|[from] item: Leftovers\n|-damage|p1a: Hatterene|13\/100 psn|[from] psn\n|upkeep\n|turn|24\n|j| DragonHunter994\n|\n|t:|1624302468\n|switch|p2a: Slowbro|Slowbro, F|100\/100\n|move|p1a: Hatterene|Healing Wish|p1a: Hatterene\n|faint|p1a: Hatterene\n|\n|upkeep\n|\n|t:|1624302472\n|switch|p1a: Billy B.|Marowak-Alola, M|11\/100 psn\n|-heal|p1a: Billy B.|100\/100|[from] move: Healing Wish\n|turn|25\n|j| Normal thu ii\n|j| ILikeMudkips4\n|\n|t:|1624302492\n|switch|p2a: Corviknight|Corviknight, F|33\/100\n|move|p1a: Billy B.|Poltergeist|p2a: Corviknight\n|-activate|p2a: Corviknight|move: Poltergeist|Leftovers\n|-damage|p2a: Corviknight|0 fnt\n|faint|p2a: Corviknight\n|\n|upkeep\n|\n|t:|1624302495\n|switch|p2a: Zapdos|Zapdos|94\/100\n|turn|26\n|\n|t:|1624302513\n|move|p1a: Billy B.|Flare Blitz|p2a: Zapdos\n|-damage|p2a: Zapdos|21\/100\n|-status|p1a: Billy B.|par|[from] ability: Static|[of] p2a: Zapdos\n|move|p2a: Zapdos|Roost|p2a: Zapdos\n|-heal|p2a: Zapdos|71\/100\n|-singleturn|p2a: Zapdos|move: Roost\n|\n|upkeep\n|turn|27\n|\n|t:|1624302526\n|move|p1a: Billy B.|Poltergeist|p2a: Zapdos\n|-activate|p2a: Zapdos|move: Poltergeist|Heavy-Duty Boots\n|-damage|p2a: Zapdos|11\/100\n|move|p2a: Zapdos|Roost|p2a: Zapdos\n|-heal|p2a: Zapdos|61\/100\n|-singleturn|p2a: Zapdos|move: Roost\n|\n|-fieldend|move: Trick Room\n|upkeep\n|turn|28\n|\n|t:|1624302535\n|switch|p1a: Sharpo|Garchomp, F|98\/100\n|move|p2a: Zapdos|Roost|p2a: Zapdos\n|-heal|p2a: Zapdos|100\/100\n|-singleturn|p2a: Zapdos|move: Roost\n|\n|-heal|p1a: Sharpo|100\/100|[from] item: Leftovers\n|upkeep\n|turn|29\n|\n|t:|1624302543\n|switch|p2a: Slowbro|Slowbro, F|100\/100\n|move|p1a: Sharpo|Swords Dance|p1a: Sharpo\n|-boost|p1a: Sharpo|atk|2\n|\n|upkeep\n|turn|30\n|\n|t:|1624302550\n|move|p1a: Sharpo|Earthquake|p2a: Slowbro\n|-damage|p2a: Slowbro|20\/100\n|move|p2a: Slowbro|Surf|p1a: Sharpo\n|-damage|p1a: Sharpo|56\/100\n|\n|-heal|p1a: Sharpo|62\/100|[from] item: Leftovers\n|upkeep\n|turn|31\n|\n|t:|1624302558\n|move|p1a: Sharpo|Scale Shot|p2a: Slowbro\n|-damage|p2a: Slowbro|0 fnt\n|faint|p2a: Slowbro\n|-hitcount|p2: Slowbro|1\n|-unboost|p1a: Sharpo|def|1\n|-boost|p1a: Sharpo|spe|1\n|\n|-heal|p1a: Sharpo|68\/100|[from] item: Leftovers\n|upkeep\n|\n|t:|1624302561\n|switch|p2a: Mamoswine|Mamoswine, F|100\/100\n|turn|32\n|\n|t:|1624302568\n|switch|p1a: Sonso|Slowbro, F|100\/100\n|move|p2a: Mamoswine|Icicle Crash|p1a: Sonso\n|-resisted|p1a: Sonso\n|-damage|p1a: Sonso|89\/100\n|\n|upkeep\n|turn|33\n|\n|t:|1624302574\n|switch|p2a: Slowking|Slowking-Galar, F|100\/100\n|move|p1a: Sonso|Trick Room|p1a: Sonso\n|-fieldstart|move: Trick Room|[of] p1a: Sonso\n|\n|upkeep\n|turn|34\n|j| FrankRayquaza\n|\n|t:|1624302578\n|switch|p1a: Falko|Drampa, F|17\/100\n|move|p2a: Slowking|Sludge Bomb|p1a: Falko\n|-damage|p1a: Falko|0 fnt\n|faint|p1a: Falko\n|\n|upkeep\n|\n|t:|1624302584\n|switch|p1a: Billy B.|Marowak-Alola, M|100\/100 par\n|turn|35\n|\n|t:|1624302593\n|switch|p2a: Zapdos|Zapdos|100\/100\n|move|p1a: Billy B.|Flare Blitz|p2a: Zapdos\n|-damage|p2a: Zapdos|26\/100\n|\n|upkeep\n|turn|36\n|\n|t:|1624302598\n|move|p1a: Billy B.|Flare Blitz|p2a: Zapdos\n|-damage|p2a: Zapdos|0 fnt\n|faint|p2a: Zapdos\n|\n|upkeep\n|\n|t:|1624302601\n|switch|p2a: Mamoswine|Mamoswine, F|100\/100\n|turn|37\n|\n|t:|1624302605\n|switch|p1a: Sonso|Slowbro, F|100\/100\n|move|p2a: Mamoswine|Earthquake|p1a: Sonso\n|-damage|p1a: Sonso|70\/100\n|\n|-fieldend|move: Trick Room\n|upkeep\n|turn|38\n|\n|t:|1624302613\n|switch|p2a: Slowking|Slowking-Galar, F|100\/100\n|move|p1a: Sonso|Scald|p2a: Slowking\n|-damage|p2a: Slowking|75\/100\n|\n|-heal|p2a: Slowking|82\/100|[from] item: Leftovers\n|upkeep\n|turn|39\n|\n|t:|1624302630\n|switch|p1a: Sharpo|Garchomp, F|68\/100\n|move|p2a: Slowking|Nasty Plot|p2a: Slowking\n|-boost|p2a: Slowking|spa|2\n|\n|-heal|p1a: Sharpo|74\/100|[from] item: Leftovers\n|-heal|p2a: Slowking|88\/100|[from] item: Leftovers\n|upkeep\n|turn|40\n|\n|t:|1624302638\n|switch|p2a: Mamoswine|Mamoswine, F|100\/100\n|move|p1a: Sharpo|Earthquake|p2a: Mamoswine\n|-damage|p2a: Mamoswine|38\/100\n|\n|-heal|p1a: Sharpo|81\/100|[from] item: Leftovers\n|upkeep\n|turn|41\n|\n|t:|1624302645\n|switch|p1a: Sonso|Slowbro, F|100\/100\n|move|p2a: Mamoswine|Icicle Crash|p1a: Sonso\n|-resisted|p1a: Sonso\n|-damage|p1a: Sonso|88\/100\n|\n|upkeep\n|turn|42\n|\n|t:|1624302652\n|switch|p2a: Slowking|Slowking-Galar, F|100\/100\n|move|p1a: Sonso|Scald|p2a: Slowking\n|-damage|p2a: Slowking|79\/100\n|\n|-heal|p2a: Slowking|85\/100|[from] item: Leftovers\n|upkeep\n|turn|43\n|\n|t:|1624302660\n|switch|p1a: Sharpo|Garchomp, F|81\/100\n|move|p2a: Slowking|Sludge Bomb|p1a: Sharpo\n|-resisted|p1a: Sharpo\n|-damage|p1a: Sharpo|57\/100\n|-status|p1a: Sharpo|psn\n|\n|-heal|p1a: Sharpo|63\/100 psn|[from] item: Leftovers\n|-heal|p2a: Slowking|92\/100|[from] item: Leftovers\n|-damage|p1a: Sharpo|51\/100 psn|[from] psn\n|upkeep\n|turn|44\n|\n|t:|1624302670\n|move|p1a: Sharpo|Earthquake|p2a: Slowking\n|-supereffective|p2a: Slowking\n|-damage|p2a: Slowking|0 fnt\n|faint|p2a: Slowking\n|\n|-heal|p1a: Sharpo|57\/100 psn|[from] item: Leftovers\n|-damage|p1a: Sharpo|45\/100 psn|[from] psn\n|upkeep\n|-message|End Of Timess forfeited.\n|\n|win|Sombra Diurna\n|raw|Sombra Diurna's rating: 1839 &rarr; <strong>1854<\/strong><br \/>(+15 for winning)\n|raw|End Of Timess's rating: 1750 &rarr; <strong>1735<\/strong><br \/>(-15 for losing)\n|l|\u2606End Of Timess\n|l| DragonHunter994\n|l| Normal thu ii\n|l| jamel 1\n|l| FrankRayquaza\n|l| Maximo2614\n||Ladder isn't responding, score probably updated but might not have (Request timeout).\n|l| zCompuLsive\n|l| ILikeMudkips4\n|j| i lik9 cats\n","uploadtime":1624302744,"views":25,"p1id":"sombradiurna","p2id":"endoftimess","formatid":"gen8ou","rating":1735,"private":0,"password":null}