{"id":"gen8ou-1596924857","p1":"Zoroark The Master","p2":"xyz anxiety","format":"gen8ou","log":"|j|\u2606Zoroark The Master\n|j|\u2606xyz anxiety\n|inactive|Battle timer is ON: inactive players will automatically lose when time's up.\n|t:|1655308821\n|gametype|singles\n|player|p1|Zoroark The Master|lucas|\n|player|p2|xyz anxiety|gambler-gen1|\n|teamsize|p1|6\n|teamsize|p2|6\n|gen|8\n|tier|[Gen 8] OU\n|rated|Tournament battle\n|rule|Sleep Clause Mod: Limit one foe put to sleep\n|rule|Species Clause: Limit one of each Pok\u00e9mon\n|rule|OHKO Clause: OHKO moves are banned\n|rule|Evasion Moves Clause: Evasion moves are banned\n|rule|Endless Battle Clause: Forcing endless battles is banned\n|rule|HP Percentage Mod: HP is shown in percentages\n|rule|Dynamax Clause: You cannot dynamax\n|clearpoke\n|poke|p1|Hippowdon, M|\n|poke|p1|Victini|\n|poke|p1|Tapu Koko|\n|poke|p1|Toxapex, F|\n|poke|p1|Tornadus-Therian, M|\n|poke|p1|Ferrothorn, F|\n|poke|p2|Zeraora|\n|poke|p2|Ursaluna, F|\n|poke|p2|Jirachi|\n|poke|p2|Toxapex, M|\n|poke|p2|Landorus-Therian, M|\n|poke|p2|Tornadus-Therian, M|\n|teampreview\n|inactive|Zoroark The Master also wants the timer to be on.\n|j| Pinecoishot\n|j|%htcl (>\u25e1<)\n|j| L'chonk2\n|l| L'chonk2\n|j| L'chonk2\n|j| TwoFace01\n|c| L'chonk2|ursaluna stall O_O\n|c|\u2606xyz anxiety|balance*\n|inactive|xyz anxiety has 120 seconds left.\n|j| jrdog\n|c| L'chonk2|was about to correct myself\n|j| LukeBurrwos\n|\n|t:|1655308867\n|start\n|switch|p1a: Victini|Victini|100\/100\n|switch|p2a: Tornadus|Tornadus-Therian, M|100\/100\n|turn|1\n|c| L'chonk2|I just saw the lando-t and torn\n|n| LukeBurrows|lukeburrwos\n|c| LukeBurrows|yo ursaluna is fucking ugly\n|\n|t:|1655308887\n|move|p2a: Tornadus|Knock Off|p1a: Victini\n|-supereffective|p1a: Victini\n|-damage|p1a: Victini|55\/100\n|-enditem|p1a: Victini|Choice Band|[from] move: Knock Off|[of] p2a: Tornadus\n|move|p1a: Victini|V-create|p2a: Tornadus\n|-damage|p2a: Tornadus|22\/100\n|-unboost|p1a: Victini|spe|1\n|-unboost|p1a: Victini|def|1\n|-unboost|p1a: Victini|spd|1\n|\n|upkeep\n|turn|2\n|c| L'chonk2|Man really doing it like that\n|\n|t:|1655308895\n|switch|p2a: Toxapex|Toxapex, M|100\/100\n|move|p1a: Victini|V-create|p2a: Toxapex\n|-resisted|p2a: Toxapex\n|-damage|p2a: Toxapex|74\/100\n|-unboost|p1a: Victini|spe|1\n|-unboost|p1a: Victini|def|1\n|-unboost|p1a: Victini|spd|1\n|\n|upkeep\n|turn|3\n|j|%ian_yo\n|\n|t:|1655308922\n|move|p1a: Victini|Zen Headbutt|p2a: Toxapex\n|-supereffective|p2a: Toxapex\n|-damage|p2a: Toxapex|27\/100\n|move|p2a: Toxapex|Scald|p1a: Victini\n|-supereffective|p1a: Victini\n|-damage|p1a: Victini|0 fnt\n|faint|p1a: Victini\n|\n|upkeep\n|j|+storm zone\n|\n|t:|1655308930\n|switch|p1a: Tapu Koko|Tapu Koko|100\/100\n|-fieldstart|move: Electric Terrain|[from] ability: Electric Surge|[of] p1a: Tapu Koko\n|turn|4\n|\n|t:|1655308933\n|switch|p2a: Landorus|Landorus-Therian, M|100\/100\n|-ability|p2a: Landorus|Intimidate|boost\n|-unboost|p1a: Tapu Koko|atk|1\n|move|p1a: Tapu Koko|Dazzling Gleam|p2a: Landorus\n|-damage|p2a: Landorus|62\/100\n|\n|-heal|p2a: Landorus|68\/100|[from] item: Leftovers\n|upkeep\n|turn|5\n|\n|t:|1655308938\n|switch|p1a: Tornadus|Tornadus-Therian, M, shiny|100\/100\n|switch|p2a: Jirachi|Jirachi|100\/100\n|\n|upkeep\n|turn|6\n|c| LukeBurrows|send out ursaluna, im bored\n|\n|t:|1655308965\n|switch|p2a: Toxapex|Toxapex, M|60\/100\n|move|p1a: Tornadus|Knock Off|p2a: Toxapex\n|-damage|p2a: Toxapex|44\/100\n|-enditem|p2a: Toxapex|Shed Shell|[from] move: Knock Off|[of] p1a: Tornadus\n|\n|upkeep\n|turn|7\n|\n|t:|1655308969\n|switch|p1a: Tapu Koko|Tapu Koko|100\/100\n|move|p2a: Toxapex|Recover|p2a: Toxapex\n|-heal|p2a: Toxapex|94\/100\n|\n|upkeep\n|turn|8\n|j| osswert\n|\n|t:|1655308978\n|switch|p2a: Landorus|Landorus-Therian, M|68\/100\n|-ability|p2a: Landorus|Intimidate|boost\n|-unboost|p1a: Tapu Koko|atk|1\n|move|p1a: Tapu Koko|Thunderbolt|p2a: Landorus\n|-immune|p2a: Landorus\n|\n|-heal|p2a: Landorus|74\/100|[from] item: Leftovers\n|-fieldend|move: Electric Terrain\n|upkeep\n|turn|9\n|\n|t:|1655308983\n|switch|p1a: Ferrothorn|Ferrothorn, F|100\/100\n|move|p2a: Landorus|U-turn|p1a: Ferrothorn\n|-damage|p1a: Ferrothorn|88\/100\n|-damage|p2a: Landorus|62\/100|[from] ability: Iron Barbs|[of] p1a: Ferrothorn\n|\n|t:|1655308986\n|switch|p2a: Ursaluna|Ursaluna, F|100\/100|[from]move: U-turn\n|\n|-heal|p1a: Ferrothorn|94\/100|[from] item: Leftovers\n|-status|p2a: Ursaluna|brn|[from] item: Flame Orb\n|upkeep\n|turn|10\n|l| Pinecoishot\n|c| LukeBurrows|yes\n|j| Pinecoishot\n|c| LukeBurrows|pick\n|\n|t:|1655309000\n|switch|p1a: Tornadus|Tornadus-Therian, M, shiny|100\/100\n|move|p2a: Ursaluna|Swords Dance|p2a: Ursaluna\n|-boost|p2a: Ursaluna|atk|2\n|\n|-damage|p2a: Ursaluna|94\/100 brn|[from] brn\n|upkeep\n|turn|11\n|c| LukeBurrows|oml\n|l| osswert\n|\n|t:|1655309007\n|move|p1a: Tornadus|Heat Wave|p2a: Ursaluna\n|-damage|p2a: Ursaluna|74\/100 brn\n|move|p2a: Ursaluna|Facade|p1a: Tornadus\n|-damage|p1a: Tornadus|0 fnt\n|faint|p1a: Tornadus\n|\n|-damage|p2a: Ursaluna|68\/100 brn|[from] brn\n|upkeep\n|c| jrdog|oh no\n|c| LukeBurrows|damage\n|c| L'chonk2|death\n|c|\u2606xyz anxiety|ok naw bro yall trippin\n|c|\u2606xyz anxiety|this shit is fat af LOL\n|c| LukeBurrows|base 130 hp is ridiculous\n|c|\u2606Zoroark The Master|Oi forgot that thsi nirmal ground looool\n|c| L'chonk2|and you have wishpass\n|inactive|Zoroark The Master has 120 seconds left.\n|c| LukeBurrows|ursaluna is fatter than vaporeon\n|c| L'chonk2|broken asf\n|c|\u2606Zoroark The Master|I thought steel ground lol\n|c|+storm zone|its like a slow urshifu on steroids\n|c|+storm zone|lol\n|\n|t:|1655309048\n|switch|p1a: Tapu Koko|Tapu Koko|100\/100\n|-fieldstart|move: Electric Terrain|[from] ability: Electric Surge|[of] p1a: Tapu Koko\n|turn|12\n|\n|t:|1655309051\n|switch|p2a: Jirachi|Jirachi|100\/100\n|move|p1a: Tapu Koko|Grass Knot|p2a: Jirachi\n|-resisted|p2a: Jirachi\n|-crit|p2a: Jirachi\n|-damage|p2a: Jirachi|96\/100\n|\n|-heal|p2a: Jirachi|100\/100|[from] item: Leftovers\n|upkeep\n|turn|13\n|j| osswert\n|\n|t:|1655309059\n|switch|p1a: Ferrothorn|Ferrothorn, F|94\/100\n|move|p2a: Jirachi|U-turn|p1a: Ferrothorn\n|-damage|p1a: Ferrothorn|85\/100\n|-damage|p2a: Jirachi|88\/100|[from] ability: Iron Barbs|[of] p1a: Ferrothorn\n|c| LukeBurrows|its like\n|\n|t:|1655309062\n|switch|p2a: Ursaluna|Ursaluna, F|68\/100 brn|[from]move: U-turn\n|\n|-heal|p1a: Ferrothorn|91\/100|[from] item: Leftovers\n|-damage|p2a: Ursaluna|62\/100 brn|[from] brn\n|upkeep\n|turn|14\n|c| jrdog|what a crit\n|c| LukeBurrows|what if conk was vaporeon\n|c| L'chonk2|oh no\n|\n|t:|1655309068\n|move|p2a: Ursaluna|Close Combat|p1a: Ferrothorn\n|-supereffective|p1a: Ferrothorn\n|-damage|p1a: Ferrothorn|3\/100\n|-unboost|p2a: Ursaluna|def|1\n|-unboost|p2a: Ursaluna|spd|1\n|-damage|p2a: Ursaluna|49\/100 brn|[from] ability: Iron Barbs|[of] p1a: Ferrothorn\n|move|p1a: Ferrothorn|Power Whip|p2a: Ursaluna\n|-supereffective|p2a: Ursaluna\n|-damage|p2a: Ursaluna|0 fnt\n|faint|p2a: Ursaluna\n|\n|-heal|p1a: Ferrothorn|9\/100|[from] item: Leftovers\n|upkeep\n|c|%htcl (>\u25e1<)|ate\n|c| LukeBurrows|oh...\n|\n|t:|1655309078\n|switch|p2a: Landorus|Landorus-Therian, M|62\/100\n|-ability|p2a: Landorus|Intimidate|boost\n|-unboost|p1a: Ferrothorn|atk|1\n|turn|15\n|c|+storm zone|its not even stab\n|c|+storm zone|and it did that much\n|c| jrdog|fr\n|c|\u2606xyz anxiety|ye i'ma run fire punch next game\n|\n|t:|1655309095\n|switch|p1a: Hippowdon|Hippowdon, M|100\/100\n|-weather|Sandstorm|[from] ability: Sand Stream|[of] p1a: Hippowdon\n|move|p2a: Landorus|Earthquake|p1a: Hippowdon\n|-damage|p1a: Hippowdon|66\/100\n|\n|-weather|Sandstorm|[upkeep]\n|-heal|p2a: Landorus|68\/100|[from] item: Leftovers\n|-heal|p1a: Hippowdon|72\/100|[from] item: Leftovers\n|upkeep\n|turn|16\n|c|\u2606xyz anxiety|idt cc hits much\n|c| L'chonk2|might aswell give it fire punch for the guarantee\n|\n|t:|1655309103\n|move|p2a: Landorus|Toxic|p1a: Hippowdon\n|-status|p1a: Hippowdon|tox\n|move|p1a: Hippowdon|Toxic|p2a: Landorus\n|-status|p2a: Landorus|tox\n|\n|-weather|Sandstorm|[upkeep]\n|-heal|p2a: Landorus|74\/100 tox|[from] item: Leftovers\n|-heal|p1a: Hippowdon|79\/100 tox|[from] item: Leftovers\n|-damage|p2a: Landorus|68\/100 tox|[from] psn\n|-damage|p1a: Hippowdon|72\/100 tox|[from] psn\n|-fieldend|move: Electric Terrain\n|upkeep\n|turn|17\n|c| LukeBurrows|wow the disrespect\n|c| jrdog|fr\n|c| LukeBurrows|assuming you won already on turn 15\n|\n|t:|1655309111\n|move|p2a: Landorus|Earthquake|p1a: Hippowdon\n|-damage|p1a: Hippowdon|38\/100 tox\n|move|p1a: Hippowdon|Stealth Rock|p2a: Landorus\n|-sidestart|p2: xyz anxiety|move: Stealth Rock\n|\n|-weather|Sandstorm|[upkeep]\n|-heal|p2a: Landorus|74\/100 tox|[from] item: Leftovers\n|-heal|p1a: Hippowdon|44\/100 tox|[from] item: Leftovers\n|-damage|p2a: Landorus|62\/100 tox|[from] psn\n|-damage|p1a: Hippowdon|32\/100 tox|[from] psn\n|upkeep\n|turn|18\n|\n|t:|1655309115\n|switch|p1a: Ferrothorn|Ferrothorn, F|9\/100\n|move|p2a: Landorus|Earthquake|p1a: Ferrothorn\n|-damage|p1a: Ferrothorn|0 fnt\n|faint|p1a: Ferrothorn\n|\n|-weather|Sandstorm|[upkeep]\n|-heal|p2a: Landorus|68\/100 tox|[from] item: Leftovers\n|-damage|p2a: Landorus|50\/100 tox|[from] psn\n|upkeep\n|c| jrdog|ngl if xyz loses\n|c| jrdog|that would be funny\n|\n|t:|1655309124\n|switch|p1a: Tapu Koko|Tapu Koko|100\/100\n|-fieldstart|move: Electric Terrain|[from] ability: Electric Surge|[of] p1a: Tapu Koko\n|turn|19\n|c|%htcl (>\u25e1<)|i dont think its possible\n|c| jrdog|same\n|c| jrdog|it wuld be funny tho\n|c| L'chonk2|that tbh\n|c| LukeBurrows|adrenaline orb koko\n|l| TwoFace01\n|j| bobdonn235\n|c|\u2606Zoroark The Master|I was in other ou battle too xD\n|c|\u2606Zoroark The Master|I lost that one of tiner ._.\n|inactive|Zoroark The Master has 120 seconds left.\n|c| LukeBurrows|move faster then\n|\n|t:|1655309164\n|switch|p2a: Jirachi|Jirachi|88\/100\n|-damage|p2a: Jirachi|82\/100|[from] Stealth Rock\n|move|p1a: Tapu Koko|U-turn|p2a: Jirachi\n|-damage|p2a: Jirachi|67\/100\n|c| LukeBurrows|<_<\n|c| L'chonk2|someone has weavile to counter ursaluna with\n|\n|t:|1655309168\n|switch|p1a: Hippowdon|Hippowdon, M|32\/100 tox|[from]move: U-turn\n|\n|-weather|none\n|-heal|p2a: Jirachi|74\/100|[from] item: Leftovers\n|-heal|p1a: Hippowdon|38\/100 tox|[from] item: Leftovers\n|-damage|p1a: Hippowdon|32\/100 tox|[from] psn\n|upkeep\n|turn|20\n|\n|t:|1655309172\n|move|p2a: Jirachi|Iron Head|p1a: Hippowdon\n|-damage|p1a: Hippowdon|14\/100 tox\n|cant|p1a: Hippowdon|flinch\n|\n|-heal|p2a: Jirachi|80\/100|[from] item: Leftovers\n|-heal|p1a: Hippowdon|20\/100 tox|[from] item: Leftovers\n|-damage|p1a: Hippowdon|7\/100 tox|[from] psn\n|upkeep\n|turn|21\n|\n|t:|1655309176\n|move|p2a: Jirachi|Iron Head|p1a: Hippowdon\n|-damage|p1a: Hippowdon|0 fnt\n|faint|p1a: Hippowdon\n|\n|-heal|p2a: Jirachi|86\/100|[from] item: Leftovers\n|upkeep\n|\n|t:|1655309180\n|switch|p1a: Tapu Koko|Tapu Koko|100\/100\n|turn|22\n|\n|t:|1655309183\n|switch|p2a: Zeraora|Zeraora|100\/100\n|move|p1a: Tapu Koko|Dazzling Gleam|p2a: Zeraora\n|-damage|p2a: Zeraora|34\/100\n|\n|upkeep\n|turn|23\n|\n|t:|1655309192\n|switch|p2a: Toxapex|Toxapex, M|100\/100\n|-damage|p2a: Toxapex|88\/100|[from] Stealth Rock\n|move|p1a: Tapu Koko|Dazzling Gleam|p2a: Toxapex\n|-resisted|p2a: Toxapex\n|-damage|p2a: Toxapex|70\/100\n|\n|-fieldend|move: Electric Terrain\n|upkeep\n|turn|24\n|c| jrdog|ursaluna has bad spdef\n|\n|t:|1655309195\n|switch|p1a: Toxapex|Toxapex, F|100\/100\n|move|p2a: Toxapex|Scald|p1a: Toxapex\n|-resisted|p1a: Toxapex\n|-damage|p1a: Toxapex|94\/100\n|\n|upkeep\n|turn|25\n|\n|t:|1655309198\n|switch|p1a: Tapu Koko|Tapu Koko|100\/100\n|-fieldstart|move: Electric Terrain|[from] ability: Electric Surge|[of] p1a: Tapu Koko\n|move|p2a: Toxapex|Scald|p1a: Tapu Koko\n|-damage|p1a: Tapu Koko|72\/100\n|-status|p1a: Tapu Koko|brn\n|\n|-damage|p1a: Tapu Koko|66\/100 brn|[from] brn\n|upkeep\n|turn|26\n|\n|t:|1655309214\n|switch|p2a: Tornadus|Tornadus-Therian, M|56\/100\n|move|p1a: Tapu Koko|Thunderbolt|p2a: Tornadus\n|-supereffective|p2a: Tornadus\n|-damage|p2a: Tornadus|0 fnt\n|faint|p2a: Tornadus\n|\n|-damage|p1a: Tapu Koko|60\/100 brn|[from] brn\n|upkeep\n|\n|t:|1655309218\n|switch|p2a: Landorus|Landorus-Therian, M|50\/100 tox\n|-damage|p2a: Landorus|37\/100 tox|[from] Stealth Rock\n|-ability|p2a: Landorus|Intimidate|boost\n|-unboost|p1a: Tapu Koko|atk|1\n|turn|27\n|\n|t:|1655309222\n|switch|p1a: Toxapex|Toxapex, F|100\/100\n|move|p2a: Landorus|Earthquake|p1a: Toxapex\n|-supereffective|p1a: Toxapex\n|-damage|p1a: Toxapex|47\/100\n|\n|-heal|p2a: Landorus|43\/100 tox|[from] item: Leftovers\n|-damage|p2a: Landorus|37\/100 tox|[from] psn\n|upkeep\n|turn|28\n|\n|t:|1655309226\n|move|p2a: Landorus|Earthquake|p1a: Toxapex\n|-supereffective|p1a: Toxapex\n|-damage|p1a: Toxapex|0 fnt\n|faint|p1a: Toxapex\n|\n|-heal|p2a: Landorus|43\/100 tox|[from] item: Leftovers\n|-damage|p2a: Landorus|31\/100 tox|[from] psn\n|upkeep\n|\n|t:|1655309228\n|switch|p1a: Tapu Koko|Tapu Koko|60\/100 brn\n|turn|29\n|\n|t:|1655309232\n|move|p1a: Tapu Koko|Thunderbolt|p2a: Landorus\n|-immune|p2a: Landorus\n|move|p2a: Landorus|Earthquake|p1a: Tapu Koko\n|-supereffective|p1a: Tapu Koko\n|-crit|p1a: Tapu Koko\n|-damage|p1a: Tapu Koko|0 fnt\n|faint|p1a: Tapu Koko\n|\n|win|xyz anxiety\n|n|\u2606Zoroark The Master|zoroarkthemaster\n|n|\u2606xyz anxiety|xyzanxiety\n|n| htcl (>\u25e1<)|htcl\n|n| L'chonk2|lchonk2\n|n| jrdog|jrdog\n|n| LukeBurrows|lukeburrows\n|n| ian_yo|ianyo\n|n| storm zone|stormzone\n|n| Pinecoishot|pinecoishot\n|n| osswert|osswert\n|n| bobdonn235|bobdonn235\n|c| jrdog|is koko specs?\n|c|\u2606xyz anxiety|gg\n|c|\u2606Zoroark The Master|Ye\n","uploadtime":1655309238,"views":151,"p1id":"zoroarkthemaster","p2id":"xyzanxiety","formatid":"gen8ou","rating":0,"private":0,"password":null}