{"id":"gen8ou-1544645998","p1":"perezbigod","p2":"HQSTest","format":"gen8ou","log":"|j|\u2606perezbigod\n|j|\u203dHQSTest\n|t:|1648934339\n|gametype|singles\n|player|p1|perezbigod|policeman|1245\n|player|p2|HQSTest|cynthia|1264\n|teamsize|p1|6\n|teamsize|p2|6\n|gen|8\n|tier|[Gen 8] OU\n|rated|\n|rule|Sleep Clause Mod: Limit one foe put to sleep\n|rule|Species Clause: Limit one of each Pok\u00e9mon\n|rule|OHKO Clause: OHKO moves are banned\n|rule|Evasion Moves Clause: Evasion moves are banned\n|rule|Endless Battle Clause: Forcing endless battles is banned\n|rule|HP Percentage Mod: HP is shown in percentages\n|rule|Dynamax Clause: You cannot dynamax\n|clearpoke\n|poke|p1|Torkoal, M|\n|poke|p1|Venusaur, M|\n|poke|p1|Shiftry, F|\n|poke|p1|Victini|\n|poke|p1|Landorus-Therian, M|\n|poke|p1|Regieleki|\n|poke|p2|Omastar, M|\n|poke|p2|Kartana|\n|poke|p2|Landorus-Therian, M|\n|poke|p2|Moltres-Galar|\n|poke|p2|Ninetales-Alola, F|\n|poke|p2|Dragapult, M|\n|teampreview\n|\n|t:|1648934348\n|start\n|switch|p1a: Victini|Victini|100\/100\n|switch|p2a: Omastar|Omastar, M|100\/100\n|turn|1\n|inactive|Battle timer is ON: inactive players will automatically lose when time's up. (requested by HQSTest)\n|\n|t:|1648934359\n|move|p1a: Victini|U-turn|p2a: Omastar\n|-damage|p2a: Omastar|79\/100\n|-ability|p2a: Omastar|Weak Armor|boost\n|-unboost|p2a: Omastar|def|1\n|-boost|p2a: Omastar|spe|2\n|\n|t:|1648934367\n|switch|p1a: Regieleki|Regieleki|100\/100|[from]move: U-turn\n|move|p2a: Omastar|Meteor Beam||[still]\n|-prepare|p2a: Omastar|Meteor Beam\n|-boost|p2a: Omastar|spa|1\n|-enditem|p2a: Omastar|Power Herb\n|-anim|p2a: Omastar|Meteor Beam|p1a: Regieleki|[miss]\n|-miss|p2a: Omastar|p1a: Regieleki\n|\n|upkeep\n|turn|2\n|\n|t:|1648934381\n|switch|p2a: Landorus|Landorus-Therian, M|100\/100\n|-ability|p2a: Landorus|Intimidate|boost\n|-unboost|p1a: Regieleki|atk|1\n|move|p1a: Regieleki|Thunder Cage|p2a: Landorus\n|-immune|p2a: Landorus\n|\n|upkeep\n|turn|3\n|\n|t:|1648934393\n|switch|p1a: Torkoal|Torkoal, M|100\/100\n|-weather|SunnyDay|[from] ability: Drought|[of] p1a: Torkoal\n|move|p2a: Landorus|Swords Dance|p2a: Landorus\n|-boost|p2a: Landorus|atk|2\n|\n|-weather|SunnyDay|[upkeep]\n|upkeep\n|turn|4\n|\n|t:|1648934402\n|switch|p1a: Landorus|Landorus-Therian, M|100\/100\n|-ability|p1a: Landorus|Intimidate|boost\n|-unboost|p2a: Landorus|atk|1\n|move|p2a: Landorus|Smack Down|p1a: Landorus\n|-damage|p1a: Landorus|68\/100\n|-start|p1a: Landorus|Smack Down\n|-enditem|p1a: Landorus|Eject Button\n|\n|t:|1648934417\n|switch|p1a: Victini|Victini|100\/100\n|\n|-weather|SunnyDay|[upkeep]\n|upkeep\n|turn|5\n|\n|t:|1648934424\n|switch|p2a: Omastar|Omastar, M|79\/100\n|move|p1a: Victini|Glaciate|p2a: Omastar\n|-resisted|p2a: Omastar\n|-damage|p2a: Omastar|68\/100\n|-unboost|p2a: Omastar|spe|1\n|\n|-weather|SunnyDay|[upkeep]\n|upkeep\n|turn|6\n|\n|t:|1648934441\n|switch|p1a: Venusaur|Venusaur, M|100\/100\n|move|p2a: Omastar|Ice Beam|p1a: Venusaur\n|-supereffective|p1a: Venusaur\n|-damage|p1a: Venusaur|25\/100\n|\n|-weather|SunnyDay|[upkeep]\n|upkeep\n|turn|7\n|\n|t:|1648934451\n|switch|p2a: Ninetales|Ninetales-Alola, F|100\/100\n|-weather|Hail|[from] ability: Snow Warning|[of] p2a: Ninetales\n|move|p1a: Venusaur|Giga Drain|p2a: Ninetales\n|-damage|p2a: Ninetales|58\/100\n|-heal|p1a: Venusaur|50\/100|[from] drain|[of] p2a: Ninetales\n|-damage|p1a: Venusaur|40\/100|[from] item: Life Orb\n|\n|-weather|Hail|[upkeep]\n|-damage|p1a: Venusaur|34\/100|[from] Hail\n|upkeep\n|turn|8\n|\n|t:|1648934467\n|switch|p1a: Torkoal|Torkoal, M|100\/100\n|-weather|SunnyDay|[from] ability: Drought|[of] p1a: Torkoal\n|move|p2a: Ninetales|Freeze-Dry|p1a: Torkoal\n|-resisted|p1a: Torkoal\n|-damage|p1a: Torkoal|87\/100\n|\n|-weather|SunnyDay|[upkeep]\n|upkeep\n|turn|9\n|\n|t:|1648934481\n|switch|p1a: Victini|Victini|100\/100\n|move|p2a: Ninetales|Hail|p2a: Ninetales\n|-weather|Hail\n|\n|-weather|Hail|[upkeep]\n|-damage|p1a: Victini|94\/100|[from] Hail\n|upkeep\n|turn|10\n|\n|t:|1648934489\n|move|p1a: Victini|V-create|p2a: Ninetales\n|-supereffective|p2a: Ninetales\n|-damage|p2a: Ninetales|0 fnt\n|-unboost|p1a: Victini|spe|1\n|-unboost|p1a: Victini|def|1\n|-unboost|p1a: Victini|spd|1\n|faint|p2a: Ninetales\n|\n|-weather|Hail|[upkeep]\n|-damage|p1a: Victini|88\/100|[from] Hail\n|upkeep\n|\n|t:|1648934503\n|switch|p2a: Dragapult|Dragapult, M|100\/100\n|turn|11\n|\n|t:|1648934513\n|switch|p1a: Torkoal|Torkoal, M|87\/100\n|-weather|SunnyDay|[from] ability: Drought|[of] p1a: Torkoal\n|move|p2a: Dragapult|Dragon Dance|p2a: Dragapult\n|-boost|p2a: Dragapult|atk|1\n|-boost|p2a: Dragapult|spe|1\n|\n|-weather|SunnyDay|[upkeep]\n|upkeep\n|turn|12\n|\n|t:|1648934522\n|move|p2a: Dragapult|Dragon Dance|p2a: Dragapult\n|-boost|p2a: Dragapult|atk|1\n|-boost|p2a: Dragapult|spe|1\n|move|p1a: Torkoal|Toxic|p2a: Dragapult\n|-status|p2a: Dragapult|tox\n|\n|-weather|SunnyDay|[upkeep]\n|-damage|p2a: Dragapult|94\/100 tox|[from] psn\n|upkeep\n|turn|13\n|\n|t:|1648934532\n|switch|p1a: Landorus|Landorus-Therian, M|68\/100\n|-ability|p1a: Landorus|Intimidate|boost\n|-fail|p2a: Dragapult|unboost|[from] ability: Clear Body|[of] p2a: Dragapult\n|move|p2a: Dragapult|Dragon Darts|p1a: Landorus\n|-damage|p1a: Landorus|10\/100\n|-anim|p2a: Dragapult|Dragon Darts|p1a: Landorus\n|-damage|p1a: Landorus|0 fnt\n|faint|p1a: Landorus\n|\n|-weather|SunnyDay|[upkeep]\n|-damage|p2a: Dragapult|82\/100 tox|[from] psn\n|upkeep\n|\n|t:|1648934547\n|switch|p1a: Victini|Victini|88\/100\n|turn|14\n|\n|t:|1648934551\n|move|p2a: Dragapult|Dragon Darts|p1a: Victini\n|-damage|p1a: Victini|37\/100\n|-anim|p2a: Dragapult|Dragon Darts|p1a: Victini\n|-damage|p1a: Victini|0 fnt\n|faint|p1a: Victini\n|\n|-weather|SunnyDay|[upkeep]\n|-damage|p2a: Dragapult|64\/100 tox|[from] psn\n|upkeep\n|\n|t:|1648934562\n|switch|p1a: Torkoal|Torkoal, M|87\/100\n|turn|15\n|\n|t:|1648934567\n|move|p2a: Dragapult|Dragon Darts|p1a: Torkoal\n|-damage|p1a: Torkoal|55\/100\n|-anim|p2a: Dragapult|Dragon Darts|p1a: Torkoal\n|-damage|p1a: Torkoal|22\/100\n|move|p1a: Torkoal|Lava Plume|p2a: Dragapult\n|-resisted|p2a: Dragapult\n|-damage|p2a: Dragapult|40\/100 tox\n|\n|-weather|SunnyDay|[upkeep]\n|-damage|p2a: Dragapult|16\/100 tox|[from] psn\n|upkeep\n|turn|16\n|\n|t:|1648934580\n|switch|p1a: Regieleki|Regieleki|100\/100\n|move|p2a: Dragapult|Dragon Darts|p1a: Regieleki\n|-damage|p1a: Regieleki|0 fnt\n|faint|p1a: Regieleki\n|\n|-weather|SunnyDay|[upkeep]\n|-damage|p2a: Dragapult|0 fnt|[from] psn\n|faint|p2a: Dragapult\n|upkeep\n|\n|t:|1648934597\n|switch|p1a: Shiftry|Shiftry, F|100\/100\n|switch|p2a: Landorus|Landorus-Therian, M|100\/100\n|-ability|p2a: Landorus|Intimidate|boost\n|-unboost|p1a: Shiftry|atk|1\n|turn|17\n|\n|t:|1648934606\n|move|p1a: Shiftry|Swords Dance|p1a: Shiftry\n|-boost|p1a: Shiftry|atk|2\n|move|p2a: Landorus|U-turn|p1a: Shiftry\n|-supereffective|p1a: Shiftry\n|-enditem|p1a: Shiftry|Focus Sash\n|-damage|p1a: Shiftry|1\/100\n|\n|t:|1648934633\n|switch|p2a: Omastar|Omastar, M|68\/100|[from]move: U-turn\n|\n|-weather|SunnyDay|[upkeep]\n|upkeep\n|turn|18\n|\n|t:|1648934640\n|switch|p2a: Landorus|Landorus-Therian, M|100\/100\n|-ability|p2a: Landorus|Intimidate|boost\n|-unboost|p1a: Shiftry|atk|1\n|move|p1a: Shiftry|Knock Off|p2a: Landorus\n|-damage|p2a: Landorus|45\/100\n|-enditem|p2a: Landorus|Soft Sand|[from] move: Knock Off|[of] p1a: Shiftry\n|\n|-weather|none\n|upkeep\n|turn|19\n|\n|t:|1648934659\n|move|p2a: Landorus|U-turn|p1a: Shiftry\n|-supereffective|p1a: Shiftry\n|-damage|p1a: Shiftry|0 fnt\n|faint|p1a: Shiftry\n|\n|t:|1648934662\n|switch|p2a: Moltres|Moltres-Galar|100\/100|[from]move: U-turn\n|\n|upkeep\n|\n|t:|1648934667\n|switch|p1a: Torkoal|Torkoal, M|22\/100\n|-weather|SunnyDay|[from] ability: Drought|[of] p1a: Torkoal\n|turn|20\n|\n|t:|1648934675\n|move|p2a: Moltres|Fiery Wrath|p1a: Torkoal\n|-damage|p1a: Torkoal|0 fnt\n|faint|p1a: Torkoal\n|\n|-weather|SunnyDay|[upkeep]\n|upkeep\n|\n|t:|1648934681\n|switch|p1a: Venusaur|Venusaur, M|34\/100\n|turn|21\n|\n|t:|1648934685\n|move|p1a: Venusaur|Weather Ball|p2a: Moltres\n|-damage|p2a: Moltres|50\/100\n|-ability|p2a: Moltres|Berserk|boost\n|-boost|p2a: Moltres|spa|1\n|-damage|p1a: Venusaur|24\/100|[from] item: Life Orb\n|move|p2a: Moltres|Fiery Wrath|p1a: Venusaur\n|-damage|p1a: Venusaur|0 fnt\n|faint|p1a: Venusaur\n|\n|win|HQSTest\n|raw|perezbigod's rating: 1245 &rarr; <strong>1221<\/strong><br \/>(-24 for losing)\n|raw|HQSTest's rating: 1264 &rarr; <strong>1288<\/strong><br \/>(+24 for winning)\n|l|\u2606perezbigod\n||Ladder isn't responding, score probably updated but might not have (Request timeout).\n","uploadtime":1648934699,"views":9,"p1id":"perezbigod","p2id":"hqstest","formatid":"gen8ou","rating":1221,"private":0,"password":null}