{"id":"gen8ou-1686235246","p1":"quixana","p2":"Steez Ibanez","format":"gen8ou","log":"|html|<div class=\"broadcast-blue\"><strong>[Gen 8] OU is currently suspecting Melmetal! For information on how to participate check out the <a href=\"https:\/\/www.smogon.com\/forums\/threads\/np-ss-ou-suspect-process-round-12-monster-mash.3709234\/\">suspect thread<\/a>.<\/strong><\/div>\n|j|\u2606quixana\n|j|\u2606Steez Ibanez\n|t:|1665820354\n|gametype|singles\n|player|p1|quixana|ethan-pokeathlon|1823\n|player|p2|Steez Ibanez|acetrainer-gen7|1674\n|teamsize|p1|6\n|teamsize|p2|6\n|gen|8\n|tier|[Gen 8] OU\n|rated|\n|rule|Sleep Clause Mod: Limit one foe put to sleep\n|rule|Species Clause: Limit one of each Pok\u00e9mon\n|rule|OHKO Clause: OHKO moves are banned\n|rule|Evasion Items Clause: Evasion items are banned\n|rule|Evasion Moves Clause: Evasion moves are banned\n|rule|Endless Battle Clause: Forcing endless battles is banned\n|rule|HP Percentage Mod: HP is shown in percentages\n|rule|Dynamax Clause: You cannot dynamax\n|clearpoke\n|poke|p1|Dragapult, M|\n|poke|p1|Rotom-Wash|\n|poke|p1|Landorus-Therian, M|\n|poke|p1|Melmetal|\n|poke|p1|Weavile, M|\n|poke|p1|Kartana|\n|poke|p2|Tapu Fini|\n|poke|p2|Garchomp, M|\n|poke|p2|Ferrothorn, M|\n|poke|p2|Landorus-Therian, M|\n|poke|p2|Zapdos|\n|poke|p2|Heatran, M|\n|teampreview\n|\n|t:|1665820368\n|start\n|switch|p1a: Phantom|Rotom-Wash, shiny|100\/100\n|switch|p2a: Simba|Landorus-Therian, M|100\/100\n|-ability|p2a: Simba|Intimidate|boost\n|-unboost|p1a: Phantom|atk|1\n|turn|1\n|\n|t:|1665820378\n|move|p2a: Simba|U-turn|p1a: Phantom\n|-damage|p1a: Phantom|68\/100\n|\n|t:|1665820390\n|switch|p2a: Abomination|Ferrothorn, M|100\/100|[from]move: U-turn\n|move|p1a: Phantom|Hydro Pump|p2a: Abomination\n|-resisted|p2a: Abomination\n|-damage|p2a: Abomination|81\/100\n|\n|-heal|p1a: Phantom|74\/100|[from] item: Leftovers\n|upkeep\n|turn|2\n|inactive|Battle timer is ON: inactive players will automatically lose when time's up. (requested by Steez Ibanez)\n|\n|t:|1665820428\n|move|p1a: Phantom|Volt Switch|p2a: Abomination\n|-resisted|p2a: Abomination\n|-damage|p2a: Abomination|68\/100\n|\n|t:|1665820435\n|switch|p1a: Fate|Melmetal, shiny|100\/100|[from]move: Volt Switch\n|move|p2a: Abomination|Knock Off|p1a: Fate\n|-damage|p1a: Fate|89\/100\n|-enditem|p1a: Fate|Choice Band|[from] move: Knock Off|[of] p2a: Abomination\n|\n|upkeep\n|turn|3\n|inactive|Steez Ibanez has 120 seconds left.\n|\n|t:|1665820466\n|move|p1a: Fate|Superpower|p2a: Abomination\n|-supereffective|p2a: Abomination\n|-damage|p2a: Abomination|6\/100\n|-unboost|p1a: Fate|atk|1\n|-unboost|p1a: Fate|def|1\n|-damage|p1a: Fate|77\/100|[from] ability: Iron Barbs|[of] p2a: Abomination\n|-damage|p1a: Fate|60\/100|[from] item: Rocky Helmet|[of] p2a: Abomination\n|move|p2a: Abomination|Leech Seed|p1a: Fate\n|-start|p1a: Fate|move: Leech Seed\n|\n|-damage|p1a: Fate|48\/100|[from] Leech Seed|[of] p2a: Abomination\n|-heal|p2a: Abomination|22\/100|[silent]\n|upkeep\n|turn|4\n|\n|t:|1665820484\n|switch|p2a: Samehada|Garchomp, M|100\/100\n|move|p1a: Fate|Superpower|p2a: Samehada\n|-crit|p2a: Samehada\n|-damage|p2a: Samehada|21\/100\n|-unboost|p1a: Fate|atk|1\n|-unboost|p1a: Fate|def|1\n|-damage|p1a: Fate|35\/100|[from] ability: Rough Skin|[of] p2a: Samehada\n|\n|-heal|p2a: Samehada|27\/100|[from] item: Leftovers\n|-damage|p1a: Fate|23\/100|[from] Leech Seed|[of] p2a: Samehada\n|-heal|p2a: Samehada|43\/100|[silent]\n|upkeep\n|turn|5\n|inactive|Steez Ibanez has 120 seconds left.\n|\n|t:|1665820521\n|switch|p1a: Enten|Landorus-Therian, M, shiny|100\/100\n|-ability|p1a: Enten|Intimidate|boost\n|-unboost|p2a: Samehada|atk|1\n|move|p2a: Samehada|Swords Dance|p2a: Samehada\n|-boost|p2a: Samehada|atk|2\n|\n|-heal|p2a: Samehada|49\/100|[from] item: Leftovers\n|upkeep\n|turn|6\n|\n|t:|1665820535\n|move|p2a: Samehada|Scale Shot|p1a: Enten|[miss]\n|-miss|p2a: Samehada|p1a: Enten\n|move|p1a: Enten|U-turn|p2a: Samehada\n|-damage|p2a: Samehada|26\/100\n|-damage|p1a: Enten|88\/100|[from] ability: Rough Skin|[of] p2a: Samehada\n|\n|t:|1665820541\n|switch|p1a: Bandit|Weavile, M, shiny|100\/100|[from]move: U-turn\n|-ability|p1a: Bandit|Pressure\n|\n|-heal|p2a: Samehada|32\/100|[from] item: Leftovers\n|upkeep\n|turn|7\n|j| Ran Kob\n|inactive|Steez Ibanez has 120 seconds left.\n|j| zhuzi\n|l| Ran Kob\n|\n|t:|1665820565\n|switch|p2a: Abomination|Ferrothorn, M|22\/100\n|move|p1a: Bandit|Knock Off|p2a: Abomination\n|-damage|p2a: Abomination|0 fnt\n|-damage|p1a: Bandit|88\/100|[from] ability: Iron Barbs|[of] p2a: Abomination\n|-damage|p1a: Bandit|72\/100|[from] item: Rocky Helmet|[of] p2a: Abomination\n|-enditem|p2a: Abomination|Rocky Helmet|[from] move: Knock Off|[of] p1a: Bandit\n|faint|p2a: Abomination\n|\n|upkeep\n|\n|t:|1665820567\n|switch|p2a: Hephaestus|Heatran, M|100\/100\n|-item|p2a: Hephaestus|Air Balloon\n|turn|8\n|l| zhuzi\n|\n|t:|1665820576\n|switch|p1a: Phantom|Rotom-Wash, shiny|74\/100\n|move|p2a: Hephaestus|Magma Storm|p1a: Phantom\n|-resisted|p1a: Phantom\n|-damage|p1a: Phantom|36\/100\n|-activate|p1a: Phantom|move: Magma Storm|[of] p2a: Hephaestus\n|\n|-heal|p1a: Phantom|42\/100|[from] item: Leftovers\n|-damage|p1a: Phantom|30\/100|[from] move: Magma Storm|[partiallytrapped]\n|upkeep\n|turn|9\n|inactive|Steez Ibanez has 120 seconds left.\n|\n|t:|1665820599\n|move|p1a: Phantom|Hydro Pump|p2a: Hephaestus\n|-supereffective|p2a: Hephaestus\n|-damage|p2a: Hephaestus|0 fnt\n|-enditem|p2a: Hephaestus|Air Balloon\n|faint|p2a: Hephaestus\n|\n|-heal|p1a: Phantom|36\/100|[from] item: Leftovers\n|-end|p1a: Phantom|Magma Storm|[partiallytrapped]|[silent]\n|upkeep\n|inactive|Steez Ibanez has 120 seconds left.\n|j| wthappened\n|\n|t:|1665820613\n|switch|p2a: Samehada|Garchomp, M|32\/100\n|turn|10\n|\n|t:|1665820623\n|switch|p1a: Enten|Landorus-Therian, M, shiny|88\/100\n|-ability|p1a: Enten|Intimidate|boost\n|-unboost|p2a: Samehada|atk|1\n|move|p2a: Samehada|Scale Shot|p1a: Enten\n|-damage|p1a: Enten|81\/100\n|-damage|p1a: Enten|73\/100\n|-hitcount|p1a: Enten|2\n|-unboost|p2a: Samehada|def|1\n|-boost|p2a: Samehada|spe|1\n|\n|-heal|p2a: Samehada|39\/100|[from] item: Leftovers\n|-heal|p1a: Enten|80\/100|[from] item: Leftovers\n|upkeep\n|turn|11\n|\n|t:|1665820632\n|switch|p2a: Simba|Landorus-Therian, M|100\/100\n|-ability|p2a: Simba|Intimidate|boost\n|-unboost|p1a: Enten|atk|1\n|move|p1a: Enten|U-turn|p2a: Simba\n|-resisted|p2a: Simba\n|-damage|p2a: Simba|92\/100\n|\n|t:|1665820640\n|switch|p1a: Bandit|Weavile, M, shiny|72\/100|[from]move: U-turn\n|-ability|p1a: Bandit|Pressure\n|\n|upkeep\n|turn|12\n|\n|t:|1665820655\n|move|p1a: Bandit|Ice Shard|p2a: Simba\n|-supereffective|p2a: Simba\n|-damage|p2a: Simba|0 fnt\n|faint|p2a: Simba\n|\n|upkeep\n|\n|t:|1665820662\n|switch|p2a: Watcher|Tapu Fini|100\/100\n|-fieldstart|move: Misty Terrain|[from] ability: Misty Surge|[of] p2a: Watcher\n|turn|13\n|\n|t:|1665820672\n|switch|p1a: Phantom|Rotom-Wash, shiny|36\/100\n|move|p2a: Watcher|Calm Mind|p2a: Watcher\n|-boost|p2a: Watcher|spa|1\n|-boost|p2a: Watcher|spd|1\n|\n|-heal|p1a: Phantom|42\/100|[from] item: Leftovers\n|upkeep\n|turn|14\n|\n|t:|1665820688\n|move|p1a: Phantom|Volt Switch|p2a: Watcher\n|-supereffective|p2a: Watcher\n|-damage|p2a: Watcher|69\/100\n|\n|t:|1665820693\n|switch|p1a: Fate|Melmetal, shiny|23\/100|[from]move: Volt Switch\n|move|p2a: Watcher|Surf|p1a: Fate\n|-crit|p1a: Fate\n|-damage|p1a: Fate|0 fnt\n|faint|p1a: Fate\n|\n|-heal|p2a: Watcher|75\/100|[from] item: Leftovers\n|upkeep\n|\n|t:|1665820705\n|switch|p1a: Deathstroke|Kartana, shiny|100\/100\n|turn|15\n|\n|t:|1665820718\n|switch|p2a: Bolt|Zapdos|100\/100\n|move|p1a: Deathstroke|Leaf Blade|p2a: Bolt\n|-resisted|p2a: Bolt\n|-damage|p2a: Bolt|78\/100\n|\n|upkeep\n|turn|16\n|\n|t:|1665820723\n|switch|p1a: Enten|Landorus-Therian, M, shiny|80\/100\n|-ability|p1a: Enten|Intimidate|boost\n|-unboost|p2a: Bolt|atk|1\n|move|p2a: Bolt|Heat Wave|p1a: Enten\n|-crit|p1a: Enten\n|-damage|p1a: Enten|48\/100\n|\n|-heal|p1a: Enten|54\/100|[from] item: Leftovers\n|upkeep\n|turn|17\n|\n|t:|1665820731\n|switch|p2a: Samehada|Garchomp, M|39\/100\n|move|p1a: Enten|U-turn|p2a: Samehada\n|-damage|p2a: Samehada|17\/100\n|-damage|p1a: Enten|41\/100|[from] ability: Rough Skin|[of] p2a: Samehada\n|\n|t:|1665820736\n|switch|p1a: Bandit|Weavile, M, shiny|72\/100|[from]move: U-turn\n|-ability|p1a: Bandit|Pressure\n|\n|-heal|p2a: Samehada|23\/100|[from] item: Leftovers\n|-fieldend|Misty Terrain\n|upkeep\n|turn|18\n|\n|t:|1665820756\n|move|p1a: Bandit|Knock Off|p2a: Samehada\n|-damage|p2a: Samehada|0 fnt\n|-damage|p1a: Bandit|59\/100|[from] ability: Rough Skin|[of] p2a: Samehada\n|-enditem|p2a: Samehada|Leftovers|[from] move: Knock Off|[of] p1a: Bandit\n|faint|p2a: Samehada\n|\n|upkeep\n|\n|t:|1665820758\n|switch|p2a: Watcher|Tapu Fini|75\/100\n|-fieldstart|move: Misty Terrain|[from] ability: Misty Surge|[of] p2a: Watcher\n|turn|19\n|\n|t:|1665820788\n|switch|p1a: Phantom|Rotom-Wash, shiny|42\/100\n|move|p2a: Watcher|Calm Mind|p2a: Watcher\n|-boost|p2a: Watcher|spa|1\n|-boost|p2a: Watcher|spd|1\n|\n|-heal|p1a: Phantom|49\/100|[from] item: Leftovers\n|-heal|p2a: Watcher|81\/100|[from] item: Leftovers\n|upkeep\n|turn|20\n|\n|t:|1665820797\n|move|p1a: Phantom|Pain Split|p2a: Watcher\n|-sethp|p2a: Watcher|58\/100|[from] move: Pain Split|[silent]\n|-sethp|p1a: Phantom|82\/100|[from] move: Pain Split\n|move|p2a: Watcher|Surf|p1a: Phantom\n|-resisted|p1a: Phantom\n|-damage|p1a: Phantom|53\/100\n|\n|-heal|p1a: Phantom|59\/100|[from] item: Leftovers\n|-heal|p2a: Watcher|64\/100|[from] item: Leftovers\n|upkeep\n|turn|21\n|j| highstakescapital\n|\n|t:|1665820811\n|move|p1a: Phantom|Volt Switch|p2a: Watcher\n|-supereffective|p2a: Watcher\n|-damage|p2a: Watcher|32\/100\n|\n|t:|1665820816\n|switch|p1a: Enten|Landorus-Therian, M, shiny|41\/100|[from]move: Volt Switch\n|-ability|p1a: Enten|Intimidate|boost\n|-unboost|p2a: Watcher|atk|1\n|move|p2a: Watcher|Draining Kiss|p1a: Enten\n|-damage|p1a: Enten|22\/100\n|-heal|p2a: Watcher|48\/100|[from] drain|[of] p1a: Enten\n|\n|-heal|p2a: Watcher|54\/100|[from] item: Leftovers\n|-heal|p1a: Enten|28\/100|[from] item: Leftovers\n|upkeep\n|turn|22\n|\n|t:|1665820832\n|move|p2a: Watcher|Surf|p1a: Enten\n|-supereffective|p1a: Enten\n|-damage|p1a: Enten|0 fnt\n|faint|p1a: Enten\n|\n|-heal|p2a: Watcher|60\/100|[from] item: Leftovers\n|upkeep\n|\n|t:|1665820834\n|switch|p1a: Deathstroke|Kartana, shiny|100\/100\n|turn|23\n|\n|t:|1665820842\n|move|p1a: Deathstroke|Leaf Blade|p2a: Watcher\n|-supereffective|p2a: Watcher\n|-damage|p2a: Watcher|0 fnt\n|faint|p2a: Watcher\n|-ability|p1a: Deathstroke|Beast Boost|boost\n|-boost|p1a: Deathstroke|atk|1\n|\n|-fieldend|Misty Terrain\n|upkeep\n|-message|Steez Ibanez forfeited.\n|\n|win|quixana\n|raw|quixana's rating: 1823 &rarr; <strong>1835<\/strong><br \/>(+12 for winning)\n|raw|Steez Ibanez's rating: 1671 &rarr; <strong>1659<\/strong><br \/>(-12 for losing)\n|l|\u2606Steez Ibanez\n|c|\u2606quixana|gg\n","uploadtime":1665820861,"views":31,"p1id":"quixana","p2id":"steezibanez","formatid":"gen8ou","rating":1659,"private":0,"password":null}