{"id":"gen8ou-1668866134","p1":"d18l","p2":"hypervortexreturns","format":"gen8ou","log":"|j|\u2606d18l\n|j|\u203dhypervortexreturns\n|t:|1663983622\n|gametype|singles\n|player|p1|d18l|backpacker|1749\n|player|p2|hypervortexreturns|101|1931\n|teamsize|p1|6\n|teamsize|p2|6\n|gen|8\n|tier|[Gen 8] OU\n|rated|\n|rule|Sleep Clause Mod: Limit one foe put to sleep\n|rule|Species Clause: Limit one of each Pok\u00e9mon\n|rule|OHKO Clause: OHKO moves are banned\n|rule|Evasion Items Clause: Evasion items are banned\n|rule|Evasion Moves Clause: Evasion moves are banned\n|rule|Endless Battle Clause: Forcing endless battles is banned\n|rule|HP Percentage Mod: HP is shown in percentages\n|rule|Dynamax Clause: You cannot dynamax\n|clearpoke\n|poke|p1|Tapu Koko|\n|poke|p1|Victini|\n|poke|p1|Landorus-Therian, M|\n|poke|p1|Tornadus-Therian, M|\n|poke|p1|Rotom-Wash|\n|poke|p1|Ferrothorn, F|\n|poke|p2|Hydreigon, M|\n|poke|p2|Zapdos|\n|poke|p2|Tangrowth, F|\n|poke|p2|Corviknight, F|\n|poke|p2|Excadrill, F|\n|poke|p2|Azumarill, M|\n|teampreview\n|inactive|Battle timer is ON: inactive players will automatically lose when time's up. (requested by hypervortexreturns)\n|\n|t:|1663983650\n|start\n|switch|p1a: Tornadus|Tornadus-Therian, M|100\/100\n|switch|p2a: Tangrowth|Tangrowth, F|100\/100\n|turn|1\n|\n|t:|1663983658\n|switch|p2a: Zapdos|Zapdos|100\/100\n|move|p1a: Tornadus|Knock Off|p2a: Zapdos\n|-damage|p2a: Zapdos|81\/100\n|-status|p1a: Tornadus|par|[from] ability: Static|[of] p2a: Zapdos\n|-enditem|p2a: Zapdos|Heavy-Duty Boots|[from] move: Knock Off|[of] p1a: Tornadus\n|\n|upkeep\n|turn|2\n|\n|t:|1663983674\n|move|p2a: Zapdos|Hurricane|p1a: Tornadus\n|-damage|p1a: Tornadus|66\/100 par\n|cant|p1a: Tornadus|par\n|\n|upkeep\n|turn|3\n|j| Ctannn\n|\n|t:|1663983691\n|switch|p1a: Rotom|Rotom-Wash|100\/100\n|move|p2a: Zapdos|Hurricane|p1a: Rotom|[miss]\n|-miss|p2a: Zapdos|p1a: Rotom\n|\n|upkeep\n|turn|4\n|\n|t:|1663983708\n|move|p2a: Zapdos|Toxic|p1a: Rotom\n|-status|p1a: Rotom|tox\n|move|p1a: Rotom|Volt Switch|p2a: Zapdos\n|-damage|p2a: Zapdos|59\/100\n|\n|t:|1663983710\n|switch|p1a: Tapu Koko|Tapu Koko|100\/100|[from]move: Volt Switch\n|-fieldstart|move: Electric Terrain|[from] ability: Electric Surge|[of] p1a: Tapu Koko\n|\n|upkeep\n|turn|5\n|\n|t:|1663983725\n|move|p1a: Tapu Koko|Dazzling Gleam|p2a: Zapdos\n|-damage|p2a: Zapdos|12\/100\n|move|p2a: Zapdos|Roost|p2a: Zapdos\n|-heal|p2a: Zapdos|62\/100\n|-singleturn|p2a: Zapdos|move: Roost\n|\n|upkeep\n|turn|6\n|l| Ctannn\n|\n|t:|1663983750\n|switch|p1a: Tornadus|Tornadus-Therian, M|99\/100 par\n|switch|p2a: Excadrill|Excadrill, F|100\/100\n|-ability|p2a: Excadrill|Mold Breaker\n|\n|upkeep\n|turn|7\n|\n|t:|1663983765\n|switch|p2a: Zapdos|Zapdos|62\/100\n|switch|p1a: Ferrothorn|Ferrothorn, F|100\/100\n|\n|upkeep\n|turn|8\n|\n|t:|1663983780\n|switch|p2a: Tangrowth|Tangrowth, F|100\/100\n|switch|p1a: Rotom|Rotom-Wash|100\/100 tox\n|\n|-damage|p1a: Rotom|95\/100 tox|[from] psn\n|-fieldend|move: Electric Terrain\n|upkeep\n|turn|9\n|\n|t:|1663983793\n|move|p1a: Rotom|Volt Switch|p2a: Tangrowth\n|-resisted|p2a: Tangrowth\n|-damage|p2a: Tangrowth|83\/100\n|\n|t:|1663983795\n|switch|p1a: Tornadus|Tornadus-Therian, M|100\/100 par|[from]move: Volt Switch\n|move|p2a: Tangrowth|Knock Off|p1a: Tornadus\n|-damage|p1a: Tornadus|78\/100 par\n|-enditem|p1a: Tornadus|Assault Vest|[from] move: Knock Off|[of] p2a: Tangrowth\n|\n|upkeep\n|turn|10\n|\n|t:|1663983809\n|switch|p2a: Zapdos|Zapdos|62\/100\n|move|p1a: Tornadus|U-turn|p2a: Zapdos\n|-resisted|p2a: Zapdos\n|-damage|p2a: Zapdos|54\/100\n|\n|t:|1663983821\n|switch|p1a: Victini|Victini|100\/100|[from]move: U-turn\n|\n|upkeep\n|turn|11\n|\n|t:|1663983831\n|switch|p2a: Hydreigon|Hydreigon, M|100\/100\n|move|p1a: Victini|V-create|p2a: Hydreigon\n|-resisted|p2a: Hydreigon\n|-damage|p2a: Hydreigon|64\/100\n|-unboost|p1a: Victini|spe|1\n|-unboost|p1a: Victini|def|1\n|-unboost|p1a: Victini|spd|1\n|\n|-heal|p2a: Hydreigon|71\/100|[from] item: Leftovers\n|upkeep\n|turn|12\n|\n|t:|1663983842\n|switch|p1a: Tapu Koko|Tapu Koko|100\/100\n|-fieldstart|move: Electric Terrain|[from] ability: Electric Surge|[of] p1a: Tapu Koko\n|move|p2a: Hydreigon|Dark Pulse|p1a: Tapu Koko\n|-resisted|p1a: Tapu Koko\n|-damage|p1a: Tapu Koko|76\/100\n|\n|-heal|p2a: Hydreigon|77\/100|[from] item: Leftovers\n|upkeep\n|turn|13\n|\n|t:|1663983860\n|switch|p2a: Excadrill|Excadrill, F|100\/100\n|-ability|p2a: Excadrill|Mold Breaker\n|move|p1a: Tapu Koko|Dazzling Gleam|p2a: Excadrill\n|-resisted|p2a: Excadrill\n|-damage|p2a: Excadrill|69\/100\n|\n|-heal|p2a: Excadrill|75\/100|[from] item: Leftovers\n|upkeep\n|turn|14\n|\n|t:|1663983872\n|switch|p1a: Landorus|Landorus-Therian, M|100\/100\n|-ability|p1a: Landorus|Intimidate|boost\n|-unboost|p2a: Excadrill|atk|1\n|move|p2a: Excadrill|Stealth Rock|p1a: Landorus\n|-sidestart|p1: d18l|move: Stealth Rock\n|\n|-heal|p2a: Excadrill|81\/100|[from] item: Leftovers\n|upkeep\n|turn|15\n|\n|t:|1663983892\n|switch|p2a: Corviknight|Corviknight, F|100\/100\n|-ability|p2a: Corviknight|Pressure\n|move|p1a: Landorus|Defog|p2a: Corviknight\n|-unboost|p2a: Corviknight|evasion|1\n|-sideend|p1: d18l|Stealth Rock|[from] move: Defog|[of] p1a: Landorus\n|-fieldend|move: Electric Terrain\n|\n|upkeep\n|turn|16\n|\n|t:|1663983906\n|switch|p1a: Victini|Victini|100\/100\n|move|p2a: Corviknight|Brave Bird|p1a: Victini\n|-damage|p1a: Victini|63\/100\n|-damage|p2a: Corviknight|90\/100|[from] Recoil\n|\n|-heal|p2a: Corviknight|96\/100|[from] item: Leftovers\n|upkeep\n|turn|17\n|inactive|hypervortexreturns has 120 seconds left.\n|\n|t:|1663983929\n|switch|p2a: Hydreigon|Hydreigon, M|77\/100\n|move|p1a: Victini|U-turn|p2a: Hydreigon\n|-supereffective|p2a: Hydreigon\n|-damage|p2a: Hydreigon|34\/100\n|\n|t:|1663983936\n|switch|p1a: Tapu Koko|Tapu Koko|76\/100|[from]move: U-turn\n|-fieldstart|move: Electric Terrain|[from] ability: Electric Surge|[of] p1a: Tapu Koko\n|\n|-heal|p2a: Hydreigon|40\/100|[from] item: Leftovers\n|upkeep\n|turn|18\n|j| Sacred Fyre\n|inactive|hypervortexreturns has 120 seconds left.\n|j| chkrome\n|l| chkrome\n|\n|t:|1663983973\n|switch|p2a: Excadrill|Excadrill, F|81\/100\n|-ability|p2a: Excadrill|Mold Breaker\n|move|p1a: Tapu Koko|Dazzling Gleam|p2a: Excadrill\n|-resisted|p2a: Excadrill\n|-damage|p2a: Excadrill|49\/100\n|\n|-heal|p2a: Excadrill|55\/100|[from] item: Leftovers\n|upkeep\n|turn|19\n|inactive|hypervortexreturns has 90 seconds left.\n|\n|t:|1663983993\n|switch|p1a: Landorus|Landorus-Therian, M|100\/100\n|-ability|p1a: Landorus|Intimidate|boost\n|-unboost|p2a: Excadrill|atk|1\n|move|p2a: Excadrill|Iron Head|p1a: Landorus\n|-damage|p1a: Landorus|72\/100\n|\n|-heal|p2a: Excadrill|61\/100|[from] item: Leftovers\n|-heal|p1a: Landorus|78\/100|[from] item: Leftovers\n|upkeep\n|turn|20\n|inactive|hypervortexreturns has 90 seconds left.\n|\n|t:|1663984010\n|switch|p2a: Zapdos|Zapdos|54\/100\n|move|p1a: Landorus|U-turn|p2a: Zapdos\n|-resisted|p2a: Zapdos\n|-damage|p2a: Zapdos|44\/100\n|\n|t:|1663984022\n|switch|p1a: Tapu Koko|Tapu Koko|76\/100|[from]move: U-turn\n|\n|upkeep\n|turn|21\n|inactive|hypervortexreturns has 90 seconds left.\n|\n|t:|1663984036\n|switch|p2a: Corviknight|Corviknight, F|96\/100\n|-ability|p2a: Corviknight|Pressure\n|move|p1a: Tapu Koko|Volt Switch|p2a: Corviknight\n|-supereffective|p2a: Corviknight\n|-damage|p2a: Corviknight|12\/100\n|\n|t:|1663984040\n|switch|p1a: Victini|Victini|63\/100|[from]move: Volt Switch\n|\n|-heal|p2a: Corviknight|18\/100|[from] item: Leftovers\n|-fieldend|move: Electric Terrain\n|upkeep\n|turn|22\n|inactive|hypervortexreturns has 90 seconds left.\n|\n|t:|1663984055\n|switch|p2a: Zapdos|Zapdos|44\/100\n|move|p1a: Victini|V-create|p2a: Zapdos\n|-damage|p2a: Zapdos|0 fnt\n|-unboost|p1a: Victini|spe|1\n|-unboost|p1a: Victini|def|1\n|-unboost|p1a: Victini|spd|1\n|faint|p2a: Zapdos\n|\n|upkeep\n|inactive|hypervortexreturns has 90 seconds left.\n|\n|t:|1663984085\n|switch|p2a: Hydreigon|Hydreigon, M|40\/100\n|turn|23\n|inactive|hypervortexreturns has 60 seconds left.\n|\n|t:|1663984106\n|switch|p1a: Tapu Koko|Tapu Koko|76\/100\n|-fieldstart|move: Electric Terrain|[from] ability: Electric Surge|[of] p1a: Tapu Koko\n|move|p2a: Hydreigon|Roost|p2a: Hydreigon\n|-heal|p2a: Hydreigon|90\/100\n|-singleturn|p2a: Hydreigon|move: Roost\n|\n|-heal|p2a: Hydreigon|97\/100|[from] item: Leftovers\n|upkeep\n|turn|24\n|inactive|hypervortexreturns has 60 seconds left.\n|\n|t:|1663984131\n|switch|p2a: Corviknight|Corviknight, F|18\/100\n|-ability|p2a: Corviknight|Pressure\n|move|p1a: Tapu Koko|Dazzling Gleam|p2a: Corviknight\n|-resisted|p2a: Corviknight\n|-damage|p2a: Corviknight|0 fnt\n|faint|p2a: Corviknight\n|\n|upkeep\n|j| Jongruenwald\n|\n|t:|1663984142\n|switch|p2a: Excadrill|Excadrill, F|61\/100\n|-ability|p2a: Excadrill|Mold Breaker\n|turn|25\n|\n|t:|1663984162\n|switch|p1a: Landorus|Landorus-Therian, M|78\/100\n|-ability|p1a: Landorus|Intimidate|boost\n|-unboost|p2a: Excadrill|atk|1\n|move|p2a: Excadrill|Iron Head|p1a: Landorus\n|-damage|p1a: Landorus|52\/100\n|\n|-heal|p2a: Excadrill|67\/100|[from] item: Leftovers\n|-heal|p1a: Landorus|58\/100|[from] item: Leftovers\n|upkeep\n|turn|26\n|\n|t:|1663984175\n|switch|p2a: Tangrowth|Tangrowth, F|100\/100\n|move|p1a: Landorus|Earthquake|p2a: Tangrowth\n|-resisted|p2a: Tangrowth\n|-damage|p2a: Tangrowth|87\/100\n|\n|-heal|p1a: Landorus|64\/100|[from] item: Leftovers\n|upkeep\n|turn|27\n|\n|t:|1663984187\n|switch|p1a: Tornadus|Tornadus-Therian, M|100\/100 par\n|move|p2a: Tangrowth|Knock Off|p1a: Tornadus\n|-damage|p1a: Tornadus|86\/100 par\n|\n|-fieldend|move: Electric Terrain\n|upkeep\n|turn|28\n|\n|t:|1663984202\n|move|p1a: Tornadus|Knock Off|p2a: Tangrowth\n|-damage|p2a: Tangrowth|76\/100\n|-damage|p1a: Tornadus|69\/100 par|[from] item: Rocky Helmet|[of] p2a: Tangrowth\n|-enditem|p2a: Tangrowth|Rocky Helmet|[from] move: Knock Off|[of] p1a: Tornadus\n|move|p2a: Tangrowth|Knock Off|p1a: Tornadus\n|-damage|p1a: Tornadus|55\/100 par\n|\n|upkeep\n|turn|29\n|\n|t:|1663984220\n|cant|p1a: Tornadus|par\n|move|p2a: Tangrowth|Knock Off|p1a: Tornadus\n|-damage|p1a: Tornadus|38\/100 par\n|\n|upkeep\n|turn|30\n|\n|t:|1663984231\n|cant|p1a: Tornadus|par\n|move|p2a: Tangrowth|Knock Off|p1a: Tornadus\n|-damage|p1a: Tornadus|24\/100 par\n|\n|upkeep\n|turn|31\n|\n|t:|1663984238\n|move|p1a: Tornadus|Hurricane|p2a: Tangrowth\n|-supereffective|p2a: Tangrowth\n|-damage|p2a: Tangrowth|0 fnt\n|faint|p2a: Tangrowth\n|\n|upkeep\n|\n|t:|1663984245\n|switch|p2a: Excadrill|Excadrill, F|67\/100\n|-ability|p2a: Excadrill|Mold Breaker\n|turn|32\n|\n|t:|1663984253\n|switch|p1a: Landorus|Landorus-Therian, M|64\/100\n|-ability|p1a: Landorus|Intimidate|boost\n|-unboost|p2a: Excadrill|atk|1\n|move|p2a: Excadrill|Stealth Rock|p1a: Landorus\n|-sidestart|p1: d18l|move: Stealth Rock\n|\n|-heal|p2a: Excadrill|73\/100|[from] item: Leftovers\n|-heal|p1a: Landorus|70\/100|[from] item: Leftovers\n|upkeep\n|turn|33\n|\n|t:|1663984268\n|move|p2a: Excadrill|Iron Head|p1a: Landorus\n|-damage|p1a: Landorus|44\/100\n|cant|p1a: Landorus|flinch\n|\n|-heal|p2a: Excadrill|79\/100|[from] item: Leftovers\n|-heal|p1a: Landorus|50\/100|[from] item: Leftovers\n|upkeep\n|turn|34\n|\n|t:|1663984283\n|switch|p2a: Hydreigon|Hydreigon, M|97\/100\n|move|p1a: Landorus|Defog|p2a: Hydreigon\n|-unboost|p2a: Hydreigon|evasion|1\n|-sideend|p1: d18l|Stealth Rock|[from] move: Defog|[of] p1a: Landorus\n|\n|-heal|p2a: Hydreigon|100\/100|[from] item: Leftovers\n|-heal|p1a: Landorus|56\/100|[from] item: Leftovers\n|upkeep\n|turn|35\n|\n|t:|1663984295\n|switch|p1a: Tornadus|Tornadus-Therian, M|57\/100 par\n|move|p2a: Hydreigon|Dark Pulse|p1a: Tornadus\n|-damage|p1a: Tornadus|23\/100 par\n|\n|upkeep\n|turn|36\n|\n|t:|1663984303\n|move|p2a: Hydreigon|Dark Pulse|p1a: Tornadus\n|-damage|p1a: Tornadus|0 fnt\n|faint|p1a: Tornadus\n|\n|upkeep\n|\n|t:|1663984305\n|switch|p1a: Tapu Koko|Tapu Koko|76\/100\n|-fieldstart|move: Electric Terrain|[from] ability: Electric Surge|[of] p1a: Tapu Koko\n|turn|37\n|inactive|hypervortexreturns has 60 seconds left.\n|\n|t:|1663984321\n|switch|p2a: Excadrill|Excadrill, F|79\/100\n|-ability|p2a: Excadrill|Mold Breaker\n|move|p1a: Tapu Koko|Dazzling Gleam|p2a: Excadrill\n|-resisted|p2a: Excadrill\n|-damage|p2a: Excadrill|43\/100\n|\n|-heal|p2a: Excadrill|50\/100|[from] item: Leftovers\n|upkeep\n|turn|38\n|\n|t:|1663984348\n|switch|p1a: Landorus|Landorus-Therian, M|56\/100\n|-ability|p1a: Landorus|Intimidate|boost\n|-unboost|p2a: Excadrill|atk|1\n|move|p2a: Excadrill|Iron Head|p1a: Landorus\n|-damage|p1a: Landorus|32\/100\n|\n|-heal|p2a: Excadrill|56\/100|[from] item: Leftovers\n|-heal|p1a: Landorus|38\/100|[from] item: Leftovers\n|upkeep\n|turn|39\n|inactive|hypervortexreturns has 30 seconds left.\n|inactive|hypervortexreturns has 20 seconds left.\n|\n|t:|1663984376\n|move|p2a: Excadrill|Iron Head|p1a: Landorus\n|-damage|p1a: Landorus|10\/100\n|move|p1a: Landorus|U-turn|p2a: Excadrill\n|-resisted|p2a: Excadrill\n|-damage|p2a: Excadrill|41\/100\n|inactive|hypervortexreturns has 25 seconds left this turn.\n|\n|t:|1663984381\n|switch|p1a: Ferrothorn|Ferrothorn, F|100\/100|[from]move: U-turn\n|\n|-heal|p2a: Excadrill|47\/100|[from] item: Leftovers\n|upkeep\n|turn|40\n|inactive|hypervortexreturns has 30 seconds left.\n|inactive|hypervortexreturns has 20 seconds left.\n|\n|t:|1663984396\n|switch|p2a: Hydreigon|Hydreigon, M|100\/100\n|move|p1a: Ferrothorn|Body Press|p2a: Hydreigon\n|-supereffective|p2a: Hydreigon\n|-damage|p2a: Hydreigon|42\/100\n|\n|-heal|p2a: Hydreigon|48\/100|[from] item: Leftovers\n|upkeep\n|turn|41\n|inactive|hypervortexreturns has 30 seconds left this turn.\n|inactive|hypervortexreturns has 20 seconds left.\n|\n|t:|1663984410\n|switch|p1a: Tapu Koko|Tapu Koko|76\/100\n|move|p2a: Hydreigon|Dark Pulse|p1a: Tapu Koko\n|-resisted|p1a: Tapu Koko\n|-damage|p1a: Tapu Koko|49\/100\n|\n|-heal|p2a: Hydreigon|55\/100|[from] item: Leftovers\n|-fieldend|move: Electric Terrain\n|upkeep\n|turn|42\n|inactive|hypervortexreturns has 30 seconds left this turn.\n|inactive|hypervortexreturns has 20 seconds left.\n|\n|t:|1663984424\n|move|p1a: Tapu Koko|Dazzling Gleam|p2a: Hydreigon\n|-supereffective|p2a: Hydreigon\n|-damage|p2a: Hydreigon|0 fnt\n|faint|p2a: Hydreigon\n|\n|upkeep\n|inactive|hypervortexreturns has 25 seconds left this turn.\n|inactive|hypervortexreturns has 20 seconds left.\n|inactive|hypervortexreturns has 15 seconds left.\n|\n|t:|1663984437\n|switch|p2a: Excadrill|Excadrill, F|47\/100\n|-ability|p2a: Excadrill|Mold Breaker\n|turn|43\n|inactive|hypervortexreturns has 25 seconds left this turn.\n|inactive|hypervortexreturns has 20 seconds left.\n|inactive|hypervortexreturns has 15 seconds left.\n|\n|t:|1663984449\n|move|p1a: Tapu Koko|Dazzling Gleam|p2a: Excadrill\n|-resisted|p2a: Excadrill\n|-damage|p2a: Excadrill|12\/100\n|move|p2a: Excadrill|Stealth Rock|p1a: Tapu Koko\n|-sidestart|p1: d18l|move: Stealth Rock\n|\n|-heal|p2a: Excadrill|18\/100|[from] item: Leftovers\n|upkeep\n|turn|44\n|inactive|hypervortexreturns has 25 seconds left this turn.\n|inactive|hypervortexreturns has 20 seconds left.\n|\n|t:|1663984458\n|move|p1a: Tapu Koko|Dazzling Gleam|p2a: Excadrill\n|-resisted|p2a: Excadrill\n|-damage|p2a: Excadrill|0 fnt\n|faint|p2a: Excadrill\n|\n|upkeep\n|inactive|hypervortexreturns has 25 seconds left this turn.\n|inactive|hypervortexreturns has 20 seconds left.\n|\n|t:|1663984464\n|switch|p2a: Azumarill|Azumarill, M|100\/100\n|turn|45\n|inactive|hypervortexreturns has 30 seconds left this turn.\n|\n|t:|1663984470\n|move|p1a: Tapu Koko|Dazzling Gleam|p2a: Azumarill\n|-damage|p2a: Azumarill|45\/100\n|-enditem|p2a: Azumarill|Sitrus Berry|[eat]\n|-heal|p2a: Azumarill|70\/100|[from] item: Sitrus Berry\n|move|p2a: Azumarill|Belly Drum|p2a: Azumarill\n|-damage|p2a: Azumarill|20\/100\n|-setboost|p2a: Azumarill|atk|6|[from] move: Belly Drum\n|\n|upkeep\n|turn|46\n|j| tanic\n|inactive|hypervortexreturns has 30 seconds left.\n|\n|t:|1663984479\n|switch|p1a: Ferrothorn|Ferrothorn, F|100\/100\n|-damage|p1a: Ferrothorn|95\/100|[from] Stealth Rock\n|move|p2a: Azumarill|Aqua Jet|p1a: Ferrothorn\n|-resisted|p1a: Ferrothorn\n|-damage|p1a: Ferrothorn|63\/100\n|-damage|p2a: Azumarill|8\/100|[from] ability: Iron Barbs|[of] p1a: Ferrothorn\n|-damage|p2a: Azumarill|0 fnt|[from] item: Rocky Helmet|[of] p1a: Ferrothorn\n|faint|p2a: Azumarill\n|\n|win|d18l\n|raw|d18l's rating: 1749 &rarr; <strong>1779<\/strong><br \/>(+30 for winning)\n|raw|hypervortexreturns's rating: 1931 &rarr; <strong>1901<\/strong><br \/>(-30 for losing)\n|l| Jongruenwald\n|l|\u203dhypervortexreturns\n||Ladder isn't responding, score probably updated but might not have (Request timeout).\n","uploadtime":1663984483,"views":71,"p1id":"d18l","p2id":"hypervortexreturns","formatid":"gen8ou","rating":1779,"private":0,"password":null}