{"id":"gen8ou-1670422502","p1":"ldailey19","p2":"LT94JE Kingpin","format":"gen8ou","log":"|j|\u2606ldailey19\n|j|\u2606LT94JE Kingpin\n|t:|1664159625\n|gametype|singles\n|player|p1|ldailey19|lance|1656\n|player|p2|LT94JE Kingpin|#wcop2022uswest|1728\n|teamsize|p1|6\n|teamsize|p2|6\n|gen|8\n|tier|[Gen 8] OU\n|rated|\n|rule|Sleep Clause Mod: Limit one foe put to sleep\n|rule|Species Clause: Limit one of each Pok\u00e9mon\n|rule|OHKO Clause: OHKO moves are banned\n|rule|Evasion Items Clause: Evasion items are banned\n|rule|Evasion Moves Clause: Evasion moves are banned\n|rule|Endless Battle Clause: Forcing endless battles is banned\n|rule|HP Percentage Mod: HP is shown in percentages\n|rule|Dynamax Clause: You cannot dynamax\n|clearpoke\n|poke|p1|Magnezone|\n|poke|p1|Weavile, F|\n|poke|p1|Urshifu-*, F|\n|poke|p1|Heatran, M|\n|poke|p1|Landorus-Therian, M|\n|poke|p1|Dragapult, F|\n|poke|p2|Tapu Lele|\n|poke|p2|Dragapult, M|\n|poke|p2|Umbreon, F|\n|poke|p2|Corviknight, M|\n|poke|p2|Volcanion|\n|poke|p2|Stunfisk, M|\n|teampreview\n|inactive|Battle timer is ON: inactive players will automatically lose when time's up. (requested by ldailey19)\n|j| 2222mm\n|inactive|LT94JE Kingpin has 120 seconds left.\n|\n|t:|1664159668\n|start\n|switch|p1a: Dragapult|Dragapult, F, shiny|100\/100\n|switch|p2a: Destruction|Volcanion|100\/100\n|turn|1\n|\n|t:|1664159673\n|switch|p2a: Big Bird|Corviknight, M|100\/100\n|-ability|p2a: Big Bird|Pressure\n|move|p1a: Dragapult|Dragon Darts|p2a: Big Bird\n|-resisted|p2a: Big Bird\n|-damage|p2a: Big Bird|93\/100\n|-anim|p1a: Dragapult|Dragon Darts|p2a: Big Bird\n|-resisted|p2a: Big Bird\n|-crit|p2a: Big Bird\n|-damage|p2a: Big Bird|83\/100\n|\n|upkeep\n|turn|2\n|\n|t:|1664159683\n|switch|p1a: Landorus|Landorus-Therian, M|100\/100\n|-ability|p1a: Landorus|Intimidate|boost\n|-unboost|p2a: Big Bird|atk|1\n|switch|p2a: Deal Breaker|Tapu Lele|100\/100\n|-fieldstart|move: Psychic Terrain|[from] ability: Psychic Surge|[of] p2a: Deal Breaker\n|\n|upkeep\n|turn|3\n|\n|t:|1664159696\n|move|p2a: Deal Breaker|Psychic|p1a: Landorus\n|-damage|p1a: Landorus|0 fnt\n|faint|p1a: Landorus\n|\n|upkeep\n|\n|t:|1664159700\n|switch|p1a: Weavile|Weavile, F|100\/100\n|-ability|p1a: Weavile|Pressure\n|turn|4\n|\n|t:|1664159708\n|switch|p2a: Big Bird|Corviknight, M|83\/100\n|-ability|p2a: Big Bird|Pressure\n|move|p1a: Weavile|Knock Off|p2a: Big Bird\n|-damage|p2a: Big Bird|35\/100\n|-enditem|p2a: Big Bird|Shed Shell|[from] move: Knock Off|[of] p1a: Weavile\n|\n|upkeep\n|turn|5\n|\n|t:|1664159723\n|switch|p1a: Magnezone|Magnezone, shiny|100\/100\n|switch|p2a: Zeraover|Stunfisk, M|100\/100\n|\n|upkeep\n|turn|6\n|\n|t:|1664159734\n|switch|p1a: Heatran|Heatran, M, shiny|100\/100\n|-item|p1a: Heatran|Air Balloon\n|move|p2a: Zeraover|Stealth Rock|p1a: Heatran\n|-sidestart|p1: ldailey19|move: Stealth Rock\n|\n|-fieldend|move: Psychic Terrain\n|upkeep\n|turn|7\n|\n|t:|1664159755\n|move|p1a: Heatran|Toxic|p2a: Zeraover\n|-status|p2a: Zeraover|tox\n|move|p2a: Zeraover|Discharge|p1a: Heatran\n|-damage|p1a: Heatran|85\/100\n|-enditem|p1a: Heatran|Air Balloon\n|\n|-damage|p2a: Zeraover|94\/100 tox|[from] psn\n|upkeep\n|turn|8\n|\n|t:|1664159764\n|move|p1a: Heatran|Protect|p1a: Heatran\n|-singleturn|p1a: Heatran|Protect\n|move|p2a: Zeraover|Earth Power|p1a: Heatran\n|-activate|p1a: Heatran|move: Protect\n|\n|-heal|p2a: Zeraover|100\/100 tox|[from] item: Leftovers\n|-damage|p2a: Zeraover|88\/100 tox|[from] psn\n|upkeep\n|turn|9\n|inactive|ldailey19 has 120 seconds left.\n|\n|t:|1664159805\n|switch|p1a: Urshifu|Urshifu-Rapid-Strike, F|100\/100\n|-damage|p1a: Urshifu|94\/100|[from] Stealth Rock\n|move|p2a: Zeraover|Earth Power|p1a: Urshifu\n|-damage|p1a: Urshifu|54\/100\n|\n|-heal|p2a: Zeraover|94\/100 tox|[from] item: Leftovers\n|-damage|p2a: Zeraover|76\/100 tox|[from] psn\n|upkeep\n|turn|10\n|\n|t:|1664159825\n|switch|p2a: U scarf bro?|Dragapult, M|100\/100\n|move|p1a: Urshifu|Close Combat|p2a: U scarf bro?\n|-immune|p2a: U scarf bro?\n|\n|upkeep\n|turn|11\n|\n|t:|1664159843\n|switch|p1a: Magnezone|Magnezone, shiny|100\/100\n|-damage|p1a: Magnezone|94\/100|[from] Stealth Rock\n|move|p2a: U scarf bro?|Dragon Darts|p1a: Magnezone\n|-resisted|p1a: Magnezone\n|-damage|p1a: Magnezone|83\/100\n|-anim|p2a: U scarf bro?|Dragon Darts|p1a: Magnezone\n|-resisted|p1a: Magnezone\n|-damage|p1a: Magnezone|72\/100\n|\n|upkeep\n|turn|12\n|\n|t:|1664159860\n|move|p2a: U scarf bro?|U-turn|p1a: Magnezone\n|-resisted|p1a: Magnezone\n|-damage|p1a: Magnezone|61\/100\n|\n|t:|1664159861\n|switch|p2a: Zeraover|Stunfisk, M|76\/100 tox|[from]move: U-turn\n|move|p1a: Magnezone|Flash Cannon|p2a: Zeraover\n|-resisted|p2a: Zeraover\n|-damage|p2a: Zeraover|56\/100 tox\n|-unboost|p2a: Zeraover|spd|1\n|\n|-heal|p2a: Zeraover|62\/100 tox|[from] item: Leftovers\n|-damage|p2a: Zeraover|56\/100 tox|[from] psn\n|upkeep\n|turn|13\n|inactive|ldailey19 has 120 seconds left.\n|\n|t:|1664159870\n|switch|p1a: Urshifu|Urshifu-Rapid-Strike, F|54\/100\n|-damage|p1a: Urshifu|47\/100|[from] Stealth Rock\n|move|p2a: Zeraover|Earth Power|p1a: Urshifu\n|-damage|p1a: Urshifu|8\/100\n|\n|-heal|p2a: Zeraover|62\/100 tox|[from] item: Leftovers\n|-damage|p2a: Zeraover|50\/100 tox|[from] psn\n|upkeep\n|turn|14\n|inactive|ldailey19 has 120 seconds left.\n|\n|t:|1664159894\n|switch|p2a: Destruction|Volcanion|100\/100\n|move|p1a: Urshifu|Surging Strikes|p2a: Destruction\n|-immune|p2a: Destruction|[from] ability: Water Absorb\n|\n|upkeep\n|turn|15\n|\n|t:|1664159900\n|move|p1a: Urshifu|Close Combat|p2a: Destruction\n|-damage|p2a: Destruction|36\/100\n|-unboost|p1a: Urshifu|def|1\n|-unboost|p1a: Urshifu|spd|1\n|move|p2a: Destruction|Earth Power|p1a: Urshifu\n|-damage|p1a: Urshifu|0 fnt\n|faint|p1a: Urshifu\n|\n|upkeep\n|inactive|ldailey19 has 120 seconds left.\n|l| 2222mm\n|inactive|ldailey19 has 90 seconds left.\n|inactive|ldailey19 has 60 seconds left.\n|\n|t:|1664159979\n|switch|p1a: Weavile|Weavile, F|100\/100\n|-damage|p1a: Weavile|76\/100|[from] Stealth Rock\n|-ability|p1a: Weavile|Pressure\n|turn|16\n|inactive|LT94JE Kingpin has 120 seconds left.\n|\n|t:|1664160030\n|switch|p2a: Winston|Umbreon, F|100\/100\n|move|p1a: Weavile|Knock Off|p2a: Winston\n|-resisted|p2a: Winston\n|-damage|p2a: Winston|77\/100\n|-enditem|p2a: Winston|Leftovers|[from] move: Knock Off|[of] p1a: Weavile\n|\n|upkeep\n|turn|17\n|inactive|ldailey19 has 60 seconds left.\n|\n|t:|1664160042\n|switch|p1a: Magnezone|Magnezone, shiny|61\/100\n|-damage|p1a: Magnezone|55\/100|[from] Stealth Rock\n|move|p2a: Winston|Wish|p2a: Winston\n|\n|upkeep\n|turn|18\n|\n|t:|1664160046\n|switch|p2a: Zeraover|Stunfisk, M|50\/100 tox\n|move|p1a: Magnezone|Body Press|p2a: Zeraover\n|-damage|p2a: Zeraover|28\/100 tox\n|\n|-heal|p2a: Zeraover|74\/100 tox|[from] move: Wish|[wisher] Winston\n|-heal|p2a: Zeraover|80\/100 tox|[from] item: Leftovers\n|-damage|p2a: Zeraover|74\/100 tox|[from] psn\n|upkeep\n|turn|19\n|inactive|ldailey19 has 60 seconds left.\n|\n|t:|1664160085\n|switch|p1a: Weavile|Weavile, F|76\/100\n|-damage|p1a: Weavile|51\/100|[from] Stealth Rock\n|-ability|p1a: Weavile|Pressure\n|move|p2a: Zeraover|Earth Power|p1a: Weavile\n|-damage|p1a: Weavile|13\/100\n|\n|-heal|p2a: Zeraover|80\/100 tox|[from] item: Leftovers\n|-damage|p2a: Zeraover|68\/100 tox|[from] psn\n|upkeep\n|turn|20\n|inactive|LT94JE Kingpin has 120 seconds left.\n|\n|t:|1664160114\n|switch|p2a: Big Bird|Corviknight, M|35\/100\n|-ability|p2a: Big Bird|Pressure\n|move|p1a: Weavile|Triple Axel|p2a: Big Bird\n|-damage|p2a: Big Bird|26\/100\n|-damage|p2a: Big Bird|7\/100\n|-damage|p2a: Big Bird|0 fnt\n|faint|p2a: Big Bird\n|-hitcount|p2: Big Bird|3\n|\n|upkeep\n|\n|t:|1664160124\n|switch|p2a: Destruction|Volcanion|36\/100\n|turn|21\n|inactive|ldailey19 has 60 seconds left.\n|\n|t:|1664160140\n|move|p1a: Weavile|Triple Axel|p2a: Destruction\n|-resisted|p2a: Destruction\n|-damage|p2a: Destruction|32\/100\n|-resisted|p2a: Destruction\n|-damage|p2a: Destruction|25\/100\n|-resisted|p2a: Destruction\n|-damage|p2a: Destruction|14\/100\n|-hitcount|p2a: Destruction|3\n|move|p2a: Destruction|Earth Power|p1a: Weavile\n|-damage|p1a: Weavile|0 fnt\n|faint|p1a: Weavile\n|\n|upkeep\n|\n|t:|1664160153\n|switch|p1a: Dragapult|Dragapult, F, shiny|100\/100\n|-damage|p1a: Dragapult|88\/100|[from] Stealth Rock\n|turn|22\n|inactive|LT94JE Kingpin has 120 seconds left.\n|\n|t:|1664160174\n|move|p1a: Dragapult|Dragon Darts|p2a: Destruction\n|-damage|p2a: Destruction|0 fnt\n|faint|p2a: Destruction\n|\n|upkeep\n|\n|t:|1664160197\n|switch|p2a: Winston|Umbreon, F|77\/100\n|turn|23\n|\n|t:|1664160201\n|move|p1a: Dragapult|U-turn|p2a: Winston\n|-supereffective|p2a: Winston\n|-damage|p2a: Winston|48\/100\n|inactive|ldailey19 has 60 seconds left.\n|\n|t:|1664160207\n|switch|p1a: Heatran|Heatran, M, shiny|85\/100|[from]move: U-turn\n|-damage|p1a: Heatran|72\/100|[from] Stealth Rock\n|move|p2a: Winston|Foul Play|p1a: Heatran\n|-damage|p1a: Heatran|52\/100\n|\n|upkeep\n|turn|24\n|\n|t:|1664160212\n|move|p1a: Heatran|Toxic|p2a: Winston|[miss]\n|-miss|p1a: Heatran|p2a: Winston\n|move|p2a: Winston|Wish|p2a: Winston\n|\n|upkeep\n|turn|25\n|\n|t:|1664160219\n|move|p1a: Heatran|Earth Power|p2a: Winston\n|-damage|p2a: Winston|30\/100\n|move|p2a: Winston|Foul Play|p1a: Heatran\n|-damage|p1a: Heatran|31\/100\n|\n|-heal|p2a: Winston|80\/100|[from] move: Wish|[wisher] Winston\n|upkeep\n|turn|26\n|\n|t:|1664160227\n|move|p1a: Heatran|Toxic|p2a: Winston\n|-status|p2a: Winston|tox\n|-activate|p2a: Winston|ability: Synchronize\n|-immune|p1a: Heatran\n|move|p2a: Winston|Wish|p2a: Winston\n|\n|-damage|p2a: Winston|74\/100 tox|[from] psn\n|upkeep\n|turn|27\n|\n|t:|1664160235\n|move|p1a: Heatran|Protect|p1a: Heatran\n|-singleturn|p1a: Heatran|Protect\n|move|p2a: Winston|Heal Bell|p2a: Winston\n|-activate|p2a: Winston|move: Heal Bell\n|-curestatus|p2a: Winston|tox|[msg]\n|-curestatus|p2: Zeraover|tox|[msg]\n|\n|-heal|p2a: Winston|100\/100|[from] move: Wish|[wisher] Winston\n|upkeep\n|turn|28\n|inactive|ldailey19 has 90 seconds left.\n|-message|ldailey19 forfeited.\n|\n|win|LT94JE Kingpin\n|raw|ldailey19's rating: 1656 &rarr; <strong>1642<\/strong><br \/>(-14 for losing)\n|raw|LT94JE Kingpin's rating: 1755 &rarr; <strong>1769<\/strong><br \/>(+14 for winning)\n|l|\u2606ldailey19\n","uploadtime":1664160246,"views":37,"p1id":"ldailey19","p2id":"lt94jekingpin","formatid":"gen8ou","rating":1642,"private":0,"password":null}