{"id":"gen8ou-1674656110","p1":"Down$hift","p2":"Down2bdown","format":"gen8ou","log":"|j|\u2606Down$hift\n|j|\u2606Down2bdown\n|t:|1664586466\n|gametype|singles\n|player|p1|Down$hift|teamrocket|1679\n|player|p2|Down2bdown|169|1613\n|teamsize|p1|6\n|teamsize|p2|6\n|gen|8\n|tier|[Gen 8] OU\n|rated|\n|rule|Sleep Clause Mod: Limit one foe put to sleep\n|rule|Species Clause: Limit one of each Pok\u00e9mon\n|rule|OHKO Clause: OHKO moves are banned\n|rule|Evasion Items Clause: Evasion items are banned\n|rule|Evasion Moves Clause: Evasion moves are banned\n|rule|Endless Battle Clause: Forcing endless battles is banned\n|rule|HP Percentage Mod: HP is shown in percentages\n|rule|Dynamax Clause: You cannot dynamax\n|clearpoke\n|poke|p1|Regigigas|\n|poke|p1|Weezing-Galar, F|\n|poke|p1|Landorus-Therian, M|\n|poke|p1|Dragapult, F|\n|poke|p1|Slowbro, F|\n|poke|p1|Tapu Lele|\n|poke|p2|Thundurus-Therian, M|\n|poke|p2|Silvally-*|\n|poke|p2|Slowbro-Galar, F|\n|poke|p2|Mew|\n|poke|p2|Terrakion|\n|poke|p2|Rotom-Wash|\n|teampreview\n|c|\u2606Down$hift|hf\n|inactive|Battle timer is ON: inactive players will automatically lose when time's up. (requested by Down2bdown)\n|\n|t:|1664586473\n|start\n|switch|p1a: Canned Calamari|Tapu Lele|100\/100\n|switch|p2a: Thundurus|Thundurus-Therian, M|100\/100\n|-fieldstart|move: Psychic Terrain|[from] ability: Psychic Surge|[of] p1a: Canned Calamari\n|turn|1\n|\n|t:|1664586486\n|move|p1a: Canned Calamari|Psychic|p2a: Thundurus\n|-damage|p2a: Thundurus|0 fnt\n|faint|p2a: Thundurus\n|\n|upkeep\n|\n|t:|1664586492\n|switch|p2a: Mew|Mew|100\/100\n|turn|2\n|\n|t:|1664586497\n|switch|p1a: Dreepy Airlines|Dragapult, F|100\/100\n|move|p2a: Mew|Dragon Dance|p2a: Mew\n|-boost|p2a: Mew|atk|1\n|-boost|p2a: Mew|spe|1\n|\n|upkeep\n|turn|3\n|\n|t:|1664586508\n|switch|p1a: LandOUrus-T|Landorus-Therian, M|100\/100\n|-ability|p1a: LandOUrus-T|Intimidate|boost\n|-unboost|p2a: Mew|atk|1\n|move|p2a: Mew|Psychic Fangs|p1a: LandOUrus-T\n|-damage|p1a: LandOUrus-T|56\/100\n|\n|-heal|p1a: LandOUrus-T|62\/100|[from] item: Leftovers\n|upkeep\n|turn|4\n|\n|t:|1664586518\n|move|p2a: Mew|Dragon Dance|p2a: Mew\n|-boost|p2a: Mew|atk|1\n|-boost|p2a: Mew|spe|1\n|move|p1a: LandOUrus-T|U-turn|p2a: Mew\n|-supereffective|p2a: Mew\n|-damage|p2a: Mew|62\/100\n|\n|t:|1664586520\n|switch|p1a: ur slow|Slowbro, F|100\/100|[from]move: U-turn\n|\n|upkeep\n|turn|5\n|-activate|p2a: Mew|item: Quick Claw\n|\n|t:|1664586527\n|move|p2a: Mew|Leech Life|p1a: ur slow\n|-supereffective|p1a: ur slow\n|-damage|p1a: ur slow|40\/100\n|-heal|p2a: Mew|92\/100|[from] drain|[of] p1a: ur slow\n|move|p1a: ur slow|Teleport|p1a: ur slow\n|\n|t:|1664586531\n|switch|p1a: LandOUrus-T|Landorus-Therian, M|62\/100|[from]move: Teleport\n|-ability|p1a: LandOUrus-T|Intimidate|boost\n|-unboost|p2a: Mew|atk|1\n|\n|-heal|p1a: LandOUrus-T|68\/100|[from] item: Leftovers\n|-fieldend|move: Psychic Terrain\n|upkeep\n|turn|6\n|\n|t:|1664586543\n|move|p2a: Mew|Dragon Dance|p2a: Mew\n|-boost|p2a: Mew|atk|1\n|-boost|p2a: Mew|spe|1\n|move|p1a: LandOUrus-T|Earthquake|p2a: Mew\n|-damage|p2a: Mew|50\/100\n|\n|-heal|p1a: LandOUrus-T|74\/100|[from] item: Leftovers\n|upkeep\n|turn|7\n|j| Swalotiscute\n|\n|t:|1664586573\n|move|p2a: Mew|Psychic Fangs|p1a: LandOUrus-T\n|-damage|p1a: LandOUrus-T|25\/100\n|move|p1a: LandOUrus-T|U-turn|p2a: Mew\n|-supereffective|p2a: Mew\n|-damage|p2a: Mew|14\/100\n|\n|t:|1664586577\n|switch|p1a: BIacephaIon|Regigigas, shiny|100\/100|[from]move: U-turn\n|-start|p1a: BIacephaIon|ability: Slow Start\n|\n|upkeep\n|turn|8\n|\n|t:|1664586584\n|move|p2a: Mew|Leech Life|p1a: BIacephaIon\n|-damage|p1a: BIacephaIon|72\/100\n|-heal|p2a: Mew|29\/100|[from] drain|[of] p1a: BIacephaIon\n|move|p1a: BIacephaIon|Knock Off|p2a: Mew\n|-supereffective|p2a: Mew\n|-damage|p2a: Mew|2\/100\n|-enditem|p2a: Mew|Quick Claw|[from] move: Knock Off|[of] p1a: BIacephaIon\n|\n|-heal|p1a: BIacephaIon|78\/100|[from] item: Leftovers\n|upkeep\n|turn|9\n|\n|t:|1664586595\n|move|p2a: Mew|Psychic Fangs|p1a: BIacephaIon\n|-damage|p1a: BIacephaIon|38\/100\n|move|p1a: BIacephaIon|Knock Off|p2a: Mew\n|-supereffective|p2a: Mew\n|-damage|p2a: Mew|0 fnt\n|faint|p2a: Mew\n|\n|-heal|p1a: BIacephaIon|44\/100|[from] item: Leftovers\n|upkeep\n|\n|t:|1664586607\n|switch|p2a: Silvally|Silvally|100\/100\n|turn|10\n|\n|t:|1664586619\n|-end|p1a: BIacephaIon|Slow Start|[silent]\n|switch|p1a: LandOUrus-T|Landorus-Therian, M|25\/100\n|-ability|p1a: LandOUrus-T|Intimidate|boost\n|-unboost|p2a: Silvally|atk|1\n|move|p2a: Silvally|Swords Dance|p2a: Silvally\n|-boost|p2a: Silvally|atk|2\n|\n|-heal|p1a: LandOUrus-T|31\/100|[from] item: Leftovers\n|upkeep\n|turn|11\n|\n|t:|1664586629\n|move|p1a: LandOUrus-T|Earthquake|p2a: Silvally\n|-damage|p2a: Silvally|59\/100\n|move|p2a: Silvally|Multi-Attack|p1a: LandOUrus-T\n|-damage|p1a: LandOUrus-T|0 fnt\n|faint|p1a: LandOUrus-T\n|\n|upkeep\n|\n|t:|1664586637\n|switch|p1a: Canned Calamari|Tapu Lele|100\/100\n|-fieldstart|move: Psychic Terrain|[from] ability: Psychic Surge|[of] p1a: Canned Calamari\n|turn|12\n|\n|t:|1664586642\n|move|p1a: Canned Calamari|Psychic|p2a: Silvally\n|-damage|p2a: Silvally|0 fnt\n|faint|p2a: Silvally\n|\n|upkeep\n|\n|t:|1664586650\n|switch|p2a: Rotom|Rotom-Wash|100\/100\n|turn|13\n|-activate|p2a: Rotom|item: Quick Claw\n|\n|t:|1664586655\n|move|p2a: Rotom|Shadow Ball|p1a: Canned Calamari\n|-supereffective|p1a: Canned Calamari\n|-damage|p1a: Canned Calamari|47\/100\n|move|p1a: Canned Calamari|Psychic|p2a: Rotom\n|-damage|p2a: Rotom|0 fnt\n|faint|p2a: Rotom\n|\n|upkeep\n|j| Geo13000\n|j| scarier-suwa\n|c| scarier-suwa|this team is cracked\n|c| scarier-suwa|out of bro's mind\n|\n|t:|1664586671\n|switch|p2a: Terrakion|Terrakion|100\/100\n|turn|14\n|j| Pikablu007\n|c| scarier-suwa|thundy-t and terrakion are heat picks\n|c| scarier-suwa|ngl\n|\n|t:|1664586694\n|move|p1a: Canned Calamari|Psychic|p2a: Terrakion\n|-supereffective|p2a: Terrakion\n|-damage|p2a: Terrakion|0 fnt\n|faint|p2a: Terrakion\n|\n|upkeep\n|\n|t:|1664586699\n|switch|p2a: Slowbro|Slowbro-Galar, F|100\/100\n|turn|15\n|\n|t:|1664586703\n|move|p1a: Canned Calamari|Psychic|p2a: Slowbro\n|-damage|p2a: Slowbro|0 fnt\n|faint|p2a: Slowbro\n|\n|win|Down$hift\n|raw|Down$hift's rating: 1679 &rarr; <strong>1695<\/strong><br \/>(+16 for winning)\n|raw|Down2bdown's rating: 1613 &rarr; <strong>1597<\/strong><br \/>(-16 for losing)\n|l| Pikablu007\n|l|\u2606Down2bdown\n|c|\u2606Down$hift|fastest specs lele in the world\n|l| scarier-suwa\n||Ladder isn't responding, score probably updated but might not have (Request timeout).\n|j| Lemon Ginger\n|l| Lemon Ginger\n","uploadtime":1664586775,"views":44,"p1id":"downhift","p2id":"down2bdown","formatid":"gen8ou","rating":1597,"private":0,"password":null}