{"id":"gen8ou-1636627068","p1":"LT92PFMimikyuStarD","p2":"tolstoy","format":"gen8ou","log":"|raw|<div class=\"broadcast-blue\"><strong>This battle is required to be public due to a player having a name starting with 'lt92pf'.<\/div>\n|j|\u2606LT92PFMimikyuStarD\n|j|\u2606tolstoy\n|t:|1660148211\n|gametype|singles\n|player|p1|LT92PFMimikyuStarD|#mimikyustardust|1957\n|player|p2|tolstoy|#lax|1810\n|teamsize|p1|6\n|teamsize|p2|6\n|gen|8\n|tier|[Gen 8] OU\n|rated|\n|rule|Sleep Clause Mod: Limit one foe put to sleep\n|rule|Species Clause: Limit one of each Pok\u00e9mon\n|rule|OHKO Clause: OHKO moves are banned\n|rule|Evasion Items Clause: Evasion items are banned\n|rule|Evasion Moves Clause: Evasion moves are banned\n|rule|Endless Battle Clause: Forcing endless battles is banned\n|rule|HP Percentage Mod: HP is shown in percentages\n|rule|Dynamax Clause: You cannot dynamax\n|clearpoke\n|poke|p1|Mew|\n|poke|p1|Weavile, F|\n|poke|p1|Celesteela|\n|poke|p1|Garchomp, M|\n|poke|p1|Blacephalon|\n|poke|p1|Crawdaunt, F|\n|poke|p2|Gyarados, F|\n|poke|p2|Heatran, M|\n|poke|p2|Garchomp, M|\n|poke|p2|Kommo-o, M|\n|poke|p2|Zapdos|\n|poke|p2|Weavile, M|\n|teampreview\n|inactive|Battle timer is ON: inactive players will automatically lose when time's up. (requested by tolstoy)\n|\n|t:|1660148225\n|start\n|switch|p1a: Mew|Mew, shiny|100\/100\n|switch|p2a: Garchomp|Garchomp, M|100\/100\n|turn|1\n|\n|t:|1660148231\n|move|p2a: Garchomp|Swords Dance|p2a: Garchomp\n|-boost|p2a: Garchomp|atk|2\n|move|p1a: Mew|Stealth Rock|p2a: Garchomp\n|-sidestart|p2: tolstoy|move: Stealth Rock\n|\n|upkeep\n|turn|2\n|\n|t:|1660148234\n|move|p2a: Garchomp|Scale Shot|p1a: Mew\n|-damage|p1a: Mew|77\/100\n|-damage|p1a: Mew|56\/100\n|-damage|p1a: Mew|35\/100\n|-damage|p1a: Mew|11\/100\n|-damage|p1a: Mew|0 fnt\n|faint|p1a: Mew\n|-hitcount|p1: Mew|5\n|-unboost|p2a: Garchomp|def|1\n|-boost|p2a: Garchomp|spe|1\n|\n|upkeep\n|\n|t:|1660148238\n|switch|p1a: Weavile|Weavile, F, shiny|100\/100\n|-ability|p1a: Weavile|Pressure\n|turn|3\n|\n|t:|1660148240\n|move|p1a: Weavile|Ice Shard|p2a: Garchomp\n|-supereffective|p2a: Garchomp\n|-enditem|p2a: Garchomp|Yache Berry|[eat]\n|-enditem|p2a: Garchomp|Yache Berry|[weaken]\n|-damage|p2a: Garchomp|10\/100\n|-damage|p1a: Weavile|91\/100|[from] item: Life Orb\n|move|p2a: Garchomp|Earthquake|p1a: Weavile\n|-damage|p1a: Weavile|0 fnt\n|faint|p1a: Weavile\n|\n|upkeep\n|\n|t:|1660148244\n|switch|p1a: Crawdaunt|Crawdaunt, F, shiny|100\/100\n|turn|4\n|\n|t:|1660148246\n|move|p1a: Crawdaunt|Aqua Jet|p2a: Garchomp\n|-damage|p2a: Garchomp|0 fnt\n|-damage|p1a: Crawdaunt|88\/100|[from] ability: Rough Skin|[of] p2a: Garchomp\n|faint|p2a: Garchomp\n|-damage|p1a: Crawdaunt|78\/100|[from] item: Life Orb\n|\n|upkeep\n|j| fghnfghny\n|j|+thankyou\n|j| yop on the flux\n|j| LT92PF Scottie\n|j| ourghostingduties\n|\n|t:|1660148252\n|switch|p2a: Kommo-o|Kommo-o, M|100\/100\n|-damage|p2a: Kommo-o|94\/100|[from] Stealth Rock\n|turn|5\n|j| ivehadenoughshit\n|l|+thankyou\n|l| fghnfghny\n|\n|t:|1660148258\n|move|p2a: Kommo-o|Clangorous Soul|p2a: Kommo-o\n|-boost|p2a: Kommo-o|atk|1\n|-boost|p2a: Kommo-o|def|1\n|-boost|p2a: Kommo-o|spa|1\n|-boost|p2a: Kommo-o|spd|1\n|-boost|p2a: Kommo-o|spe|1\n|-damage|p2a: Kommo-o|61\/100\n|-enditem|p2a: Kommo-o|Throat Spray\n|-boost|p2a: Kommo-o|spa|1|[from] item: Throat Spray\n|move|p1a: Crawdaunt|Knock Off|p2a: Kommo-o\n|-resisted|p2a: Kommo-o\n|-crit|p2a: Kommo-o\n|-damage|p2a: Kommo-o|20\/100\n|-damage|p1a: Crawdaunt|69\/100|[from] item: Life Orb\n|\n|upkeep\n|turn|6\n|\n|t:|1660148269\n|move|p1a: Crawdaunt|Aqua Jet|p2a: Kommo-o\n|-resisted|p2a: Kommo-o\n|-damage|p2a: Kommo-o|8\/100\n|-damage|p1a: Crawdaunt|59\/100|[from] item: Life Orb\n|move|p2a: Kommo-o|Boomburst|p1a: Crawdaunt\n|-damage|p1a: Crawdaunt|0 fnt\n|faint|p1a: Crawdaunt\n|\n|upkeep\n|j| Enzonana\n|\n|t:|1660148271\n|switch|p1a: Blacephalon|Blacephalon, shiny|100\/100\n|turn|7\n|\n|t:|1660148275\n|move|p1a: Blacephalon|Flamethrower|p2a: Kommo-o\n|-resisted|p2a: Kommo-o\n|-damage|p2a: Kommo-o|0 fnt\n|faint|p2a: Kommo-o\n|-ability|p1a: Blacephalon|Beast Boost|boost\n|-boost|p1a: Blacephalon|spa|1\n|\n|upkeep\n|\n|t:|1660148277\n|switch|p2a: Gyarados|Gyarados, F|100\/100\n|-damage|p2a: Gyarados|76\/100|[from] Stealth Rock\n|turn|8\n|\n|t:|1660148289\n|move|p1a: Blacephalon|Flamethrower|p2a: Gyarados\n|-resisted|p2a: Gyarados\n|-damage|p2a: Gyarados|30\/100\n|move|p2a: Gyarados|Waterfall|p1a: Blacephalon\n|-supereffective|p1a: Blacephalon\n|-damage|p1a: Blacephalon|0 fnt\n|faint|p1a: Blacephalon\n|-ability|p2a: Gyarados|Moxie|boost\n|-boost|p2a: Gyarados|atk|1\n|\n|-heal|p2a: Gyarados|36\/100|[from] item: Leftovers\n|upkeep\n|\n|t:|1660148292\n|switch|p1a: Garchomp|Garchomp, M, shiny|100\/100\n|turn|9\n|\n|t:|1660148295\n|move|p1a: Garchomp|Scale Shot|p2a: Gyarados\n|-damage|p2a: Gyarados|22\/100\n|-damage|p2a: Gyarados|6\/100\n|-damage|p2a: Gyarados|0 fnt\n|faint|p2a: Gyarados\n|-hitcount|p2: Gyarados|3\n|-unboost|p1a: Garchomp|def|1\n|-boost|p1a: Garchomp|spe|1\n|\n|upkeep\n|\n|t:|1660148299\n|switch|p2a: Weavile|Weavile, M|100\/100\n|-damage|p2a: Weavile|76\/100|[from] Stealth Rock\n|-ability|p2a: Weavile|Pressure\n|turn|10\n|\n|t:|1660148305\n|move|p2a: Weavile|Ice Shard|p1a: Garchomp\n|-supereffective|p1a: Garchomp\n|-damage|p1a: Garchomp|0 fnt\n|faint|p1a: Garchomp\n|-damage|p2a: Weavile|66\/100|[from] item: Life Orb\n|\n|upkeep\n|\n|t:|1660148308\n|switch|p1a: Celesteela|Celesteela, shiny|100\/100\n|turn|11\n|\n|t:|1660148309\n|move|p2a: Weavile|Knock Off|p1a: Celesteela\n|-damage|p1a: Celesteela|32\/100\n|-enditem|p1a: Celesteela|Power Herb|[from] move: Knock Off|[of] p2a: Weavile\n|-damage|p2a: Weavile|56\/100|[from] item: Life Orb\n|move|p1a: Celesteela|Autotomize|p1a: Celesteela\n|-boost|p1a: Celesteela|spe|2\n|-start|p1a: Celesteela|Autotomize\n|\n|upkeep\n|turn|12\n|\n|t:|1660148313\n|move|p2a: Weavile|Ice Shard|p1a: Celesteela\n|-crit|p1a: Celesteela\n|-damage|p1a: Celesteela|0 fnt\n|faint|p1a: Celesteela\n|-damage|p2a: Weavile|46\/100|[from] item: Life Orb\n|\n|win|tolstoy\n|raw|LT92PFMimikyuStarD's rating: 1957 &rarr; <strong>1928<\/strong><br \/>(-29 for losing)\n|raw|tolstoy's rating: 1785 &rarr; <strong>1814<\/strong><br \/>(+29 for winning)\n|l|\u2606LT92PFMimikyuStarD\n|l|\u2606tolstoy\n|l| Enzonana\n|l| ivehadenoughshit\n||Ladder isn't responding, score probably updated but might not have (Request timeout).\n|j| FlyingMaster-Mew\n|l| FlyingMaster-Mew\n","uploadtime":1660148372,"views":92,"p1id":"lt92pfmimikyustard","p2id":"tolstoy","formatid":"gen8ou","rating":1814,"private":0,"password":null}