{"id":"gen8ou-1143634656","p1":"ztxw","p2":"JoeyOwesMeMoney","format":"gen8ou","log":"|j|\u2606ztxw\n|j|\u2606JoeyOwesMeMoney\n|player|p1|ztxw|170|1780\n|player|p2|JoeyOwesMeMoney|101|1814\n|teamsize|p1|6\n|teamsize|p2|6\n|gametype|singles\n|gen|8\n|tier|[Gen 8] OU\n|rated|\n|clearpoke\n|poke|p1|Cinderace, F|\n|poke|p1|Venusaur, F|\n|poke|p1|Shiftry, F|\n|poke|p1|Excadrill, F|\n|poke|p1|Togekiss, F|\n|poke|p1|Ninetales, M|\n|poke|p2|Chansey, F|\n|poke|p2|Toxapex, M|\n|poke|p2|Clefable, F|\n|poke|p2|Corviknight, F|\n|poke|p2|Magearna|\n|poke|p2|Blissey, F|\n|rule|Sleep Clause Mod: Limit one foe put to sleep\n|rule|Species Clause: Limit one of each Pok\u00e9mon\n|rule|OHKO Clause: OHKO moves are banned\n|rule|Evasion Moves Clause: Evasion moves are banned\n|rule|Endless Battle Clause: Forcing endless battles is banned\n|rule|HP Percentage Mod: HP is shown in percentages\n|rule|Dynamax Clause: You cannot dynamax\n|teampreview\n|inactive|Battle timer is ON: inactive players will automatically lose when time's up. (requested by ztxw)\n|inactive|JoeyOwesMeMoney has 120 seconds left.\n|\n|start\n|switch|p1a: Ninetales|Ninetales, M|100\/100\n|switch|p2a: Chansey|Chansey, F|100\/100\n|-weather|SunnyDay|[from] ability: Drought|[of] p1a: Ninetales\n|turn|1\n|\n|switch|p1a: Excadrill|Excadrill, F|100\/100\n|-ability|p1a: Excadrill|Mold Breaker\n|move|p2a: Chansey|Stealth Rock|p1a: Excadrill\n|-sidestart|p1: ztxw|move: Stealth Rock\n|\n|-weather|SunnyDay|[upkeep]\n|upkeep\n|turn|2\n|\n|switch|p2a: Toxapex|Toxapex, M|100\/100\n|move|p1a: Excadrill|Stealth Rock|p2a: Toxapex\n|-sidestart|p2: JoeyOwesMeMoney|move: Stealth Rock\n|\n|-weather|SunnyDay|[upkeep]\n|upkeep\n|turn|3\n|\n|move|p1a: Excadrill|Earthquake|p2a: Toxapex\n|-supereffective|p2a: Toxapex\n|-crit|p2a: Toxapex\n|-damage|p2a: Toxapex|1\/100\n|move|p2a: Toxapex|Scald|p1a: Excadrill\n|-supereffective|p1a: Excadrill\n|-damage|p1a: Excadrill|77\/100\n|-status|p1a: Excadrill|brn\n|\n|-weather|SunnyDay|[upkeep]\n|-heal|p2a: Toxapex|7\/100|[from] item: Black Sludge\n|-damage|p1a: Excadrill|71\/100 brn|[from] brn\n|upkeep\n|turn|4\n|\n|switch|p2a: Corviknight|Corviknight, F|100\/100\n|-damage|p2a: Corviknight|88\/100|[from] Stealth Rock\n|-ability|p2a: Corviknight|Pressure\n|move|p1a: Excadrill|Stealth Rock||[still]\n|-fail|p1a: Excadrill\n|\n|-weather|SunnyDay|[upkeep]\n|-damage|p1a: Excadrill|65\/100 brn|[from] brn\n|upkeep\n|turn|5\n|\n|move|p1a: Excadrill|Rapid Spin|p2a: Corviknight\n|-resisted|p2a: Corviknight\n|-damage|p2a: Corviknight|86\/100\n|-boost|p1a: Excadrill|spe|1\n|-damage|p1a: Excadrill|48\/100 brn|[from] item: Rocky Helmet|[of] p2a: Corviknight\n|-sideend|p1: ztxw|Stealth Rock|[from] move: Rapid Spin|[of] p1a: Excadrill\n|move|p2a: Corviknight|Defog|p1a: Excadrill\n|-unboost|p1a: Excadrill|evasion|1\n|-sideend|p2: JoeyOwesMeMoney|Stealth Rock|[from] move: Defog|[of] p2a: Corviknight\n|\n|-weather|SunnyDay|[upkeep]\n|-damage|p1a: Excadrill|42\/100 brn|[from] brn\n|upkeep\n|turn|6\n|\n|switch|p1a: Cinderace|Cinderace, F|100\/100\n|move|p2a: Corviknight|Defog|p1a: Cinderace\n|-unboost|p1a: Cinderace|evasion|1\n|\n|-weather|SunnyDay|[upkeep]\n|upkeep\n|turn|7\n|inactive|JoeyOwesMeMoney has 120 seconds left.\n|\n|switch|p2a: Clefable|Clefable, F|100\/100\n|move|p1a: Cinderace|Pyro Ball|p2a: Clefable\n|-damage|p2a: Clefable|24\/100\n|\n|-weather|SunnyDay|[upkeep]\n|-heal|p2a: Clefable|30\/100|[from] item: Leftovers\n|upkeep\n|turn|8\n|j| fs run\n|\n|move|p2a: Clefable|Protect|p2a: Clefable\n|-singleturn|p2a: Clefable|Protect\n|move|p1a: Cinderace|Pyro Ball|p2a: Clefable\n|-activate|p2a: Clefable|move: Protect\n|\n|-weather|none\n|-heal|p2a: Clefable|36\/100|[from] item: Leftovers\n|upkeep\n|turn|9\n|n| fs run|fsrun\n|inactive|JoeyOwesMeMoney has 120 seconds left.\n|inactive|JoeyOwesMeMoney has 90 seconds left.\n|\n|switch|p2a: Chansey|Chansey, F|100\/100\n|move|p1a: Cinderace|Pyro Ball|p2a: Chansey\n|-damage|p2a: Chansey|59\/100\n|\n|upkeep\n|turn|10\n|j| neusrel\n|j| Coronavirus EUW\n|inactive|JoeyOwesMeMoney has 60 seconds left.\n|inactive|JoeyOwesMeMoney has 30 seconds left.\n|\n|switch|p1a: Ninetales|Ninetales, M|100\/100\n|-weather|SunnyDay|[from] ability: Drought|[of] p1a: Ninetales\n|move|p2a: Chansey|Soft-Boiled|p2a: Chansey\n|-heal|p2a: Chansey|100\/100\n|\n|-weather|SunnyDay|[upkeep]\n|upkeep\n|turn|11\n|inactive|JoeyOwesMeMoney has 30 seconds left.\n|l| neusrel\n|\n|switch|p1a: Cinderace|Cinderace, F|100\/100\n|move|p2a: Chansey|Stealth Rock|p1a: Cinderace\n|-sidestart|p1: ztxw|move: Stealth Rock\n|\n|-weather|SunnyDay|[upkeep]\n|upkeep\n|turn|12\n|inactive|JoeyOwesMeMoney has 30 seconds left.\n|inactive|JoeyOwesMeMoney has 20 seconds left.\n|inactive|JoeyOwesMeMoney has 15 seconds left.\n|inactive|JoeyOwesMeMoney has 10 seconds left.\n|inactive|JoeyOwesMeMoney has 5 seconds left.\n|\n|move|p1a: Cinderace|Pyro Ball|p2a: Chansey\n|-damage|p2a: Chansey|34\/100\n|move|p2a: Chansey|Soft-Boiled|p2a: Chansey\n|-heal|p2a: Chansey|84\/100\n|\n|-weather|SunnyDay|[upkeep]\n|upkeep\n|turn|13\n|inactive|JoeyOwesMeMoney has 15 seconds left this turn.\n|\n|move|p1a: Cinderace|Pyro Ball|p2a: Chansey\n|-damage|p2a: Chansey|28\/100\n|-status|p2a: Chansey|brn\n|move|p2a: Chansey|Soft-Boiled|p2a: Chansey\n|-heal|p2a: Chansey|78\/100 brn\n|\n|-weather|SunnyDay|[upkeep]\n|-damage|p2a: Chansey|71\/100 brn|[from] brn\n|upkeep\n|turn|14\n|inactive|JoeyOwesMeMoney has 25 seconds left this turn.\n|\n|move|p1a: Cinderace|Pyro Ball|p2a: Chansey|[miss]\n|-miss|p1a: Cinderace|p2a: Chansey\n|move|p2a: Chansey|Soft-Boiled|p2a: Chansey\n|-heal|p2a: Chansey|100\/100 brn\n|\n|-weather|SunnyDay|[upkeep]\n|-damage|p2a: Chansey|94\/100 brn|[from] brn\n|upkeep\n|turn|15\n|\n|move|p1a: Cinderace|Pyro Ball|p2a: Chansey\n|-damage|p2a: Chansey|28\/100 brn\n|move|p2a: Chansey|Soft-Boiled|p2a: Chansey\n|-heal|p2a: Chansey|78\/100 brn\n|\n|-weather|SunnyDay|[upkeep]\n|-damage|p2a: Chansey|72\/100 brn|[from] brn\n|upkeep\n|turn|16\n|\n|move|p1a: Cinderace|Pyro Ball|p2a: Chansey\n|-damage|p2a: Chansey|9\/100 brn\n|move|p2a: Chansey|Soft-Boiled|p2a: Chansey\n|-heal|p2a: Chansey|59\/100 brn\n|\n|-weather|SunnyDay|[upkeep]\n|-damage|p2a: Chansey|53\/100 brn|[from] brn\n|upkeep\n|turn|17\n|j| DragonHunter994\n|j| Authiel\n|inactive|JoeyOwesMeMoney has 30 seconds left.\n|\n|switch|p1a: Excadrill|Excadrill, F|42\/100 brn\n|-damage|p1a: Excadrill|39\/100 brn|[from] Stealth Rock\n|-ability|p1a: Excadrill|Mold Breaker\n|switch|p2a: Clefable|Clefable, F|36\/100\n|\n|-weather|none\n|-heal|p2a: Clefable|42\/100|[from] item: Leftovers\n|-damage|p1a: Excadrill|33\/100 brn|[from] brn\n|upkeep\n|turn|18\n|inactive|JoeyOwesMeMoney has 30 seconds left.\n|\n|move|p1a: Excadrill|Stealth Rock|p2a: Clefable\n|-sidestart|p2: JoeyOwesMeMoney|move: Stealth Rock\n|move|p2a: Clefable|Wish|p2a: Clefable\n|\n|-heal|p2a: Clefable|49\/100|[from] item: Leftovers\n|-damage|p1a: Excadrill|27\/100 brn|[from] brn\n|upkeep\n|turn|19\n|\n|switch|p2a: Toxapex|Toxapex, M|40\/100\n|-damage|p2a: Toxapex|28\/100|[from] Stealth Rock\n|move|p1a: Excadrill|Rapid Spin|p2a: Toxapex\n|-damage|p2a: Toxapex|23\/100\n|-boost|p1a: Excadrill|spe|1\n|-sideend|p1: ztxw|Stealth Rock|[from] move: Rapid Spin|[of] p1a: Excadrill\n|\n|-heal|p2a: Toxapex|88\/100|[from] move: Wish|[wisher] Clefable\n|-heal|p2a: Toxapex|94\/100|[from] item: Black Sludge\n|-damage|p1a: Excadrill|21\/100 brn|[from] brn\n|upkeep\n|turn|20\n|j| MikoForPresident\n|j| MizuGios\n|inactive|JoeyOwesMeMoney has 30 seconds left.\n|inactive|JoeyOwesMeMoney has 20 seconds left.\n|\n|switch|p1a: Ninetales|Ninetales, M|100\/100\n|-weather|SunnyDay|[from] ability: Drought|[of] p1a: Ninetales\n|switch|p2a: Corviknight|Corviknight, F|86\/100\n|-damage|p2a: Corviknight|73\/100|[from] Stealth Rock\n|-ability|p2a: Corviknight|Pressure\n|\n|-weather|SunnyDay|[upkeep]\n|upkeep\n|turn|21\n|inactive|JoeyOwesMeMoney has 30 seconds left this turn.\n|\n|switch|p1a: Togekiss|Togekiss, F|100\/100\n|switch|p2a: Toxapex|Toxapex, M|100\/100\n|-damage|p2a: Toxapex|88\/100|[from] Stealth Rock\n|\n|-weather|SunnyDay|[upkeep]\n|-heal|p2a: Toxapex|94\/100|[from] item: Black Sludge\n|upkeep\n|turn|22\n|j| Xhp\n|inactive|JoeyOwesMeMoney has 30 seconds left.\n|\n|move|p1a: Togekiss|Trick|p2a: Toxapex\n|-activate|p1a: Togekiss|move: Trick|[of] p2a: Toxapex\n|-item|p2a: Toxapex|Choice Scarf|[from] move: Trick\n|-item|p1a: Togekiss|Black Sludge|[from] move: Trick\n|move|p2a: Toxapex|Knock Off|p1a: Togekiss\n|-resisted|p1a: Togekiss\n|-damage|p1a: Togekiss|92\/100\n|-enditem|p1a: Togekiss|Black Sludge|[from] move: Knock Off|[of] p2a: Toxapex\n|\n|-weather|SunnyDay|[upkeep]\n|upkeep\n|turn|23\n|inactive|JoeyOwesMeMoney has 30 seconds left.\n|l| Authiel\n|inactive|JoeyOwesMeMoney has 20 seconds left.\n|inactive|JoeyOwesMeMoney has 15 seconds left.\n|inactive|JoeyOwesMeMoney has 10 seconds left.\n|\n|switch|p2a: Chansey|Chansey, F|53\/100\n|-damage|p2a: Chansey|40\/100|[from] Stealth Rock\n|move|p1a: Togekiss|Trick|p2a: Chansey\n|-activate|p1a: Togekiss|move: Trick|[of] p2a: Chansey\n|-enditem|p2a: Chansey|Eviolite|[silent]|[from] move: Trick\n|-item|p1a: Togekiss|Eviolite|[from] move: Trick\n|\n|-weather|SunnyDay|[upkeep]\n|upkeep\n|turn|24\n|inactive|JoeyOwesMeMoney has 20 seconds left this turn.\n|\n|move|p1a: Togekiss|Flamethrower|p2a: Chansey\n|-damage|p2a: Chansey|21\/100\n|move|p2a: Chansey|Soft-Boiled|p2a: Chansey\n|-heal|p2a: Chansey|71\/100\n|\n|-weather|SunnyDay|[upkeep]\n|upkeep\n|turn|25\n|inactive|JoeyOwesMeMoney has 30 seconds left this turn.\n|\n|switch|p1a: Shiftry|Shiftry, F|100\/100\n|move|p2a: Chansey|Stealth Rock|p1a: Shiftry\n|-sidestart|p1: ztxw|move: Stealth Rock\n|\n|-weather|SunnyDay|[upkeep]\n|upkeep\n|turn|26\n|inactive|JoeyOwesMeMoney has 30 seconds left.\n|\n|move|p1a: Shiftry|Growth|p1a: Shiftry\n|-boost|p1a: Shiftry|atk|2\n|-boost|p1a: Shiftry|spa|2\n|move|p2a: Chansey|Toxic|p1a: Shiftry\n|-status|p1a: Shiftry|tox\n|\n|-weather|SunnyDay|[upkeep]\n|-damage|p1a: Shiftry|94\/100 tox|[from] psn\n|upkeep\n|turn|27\n|c| DragonHunter994|this feel like a massacre\n|inactive|JoeyOwesMeMoney has 30 seconds left.\n|\n|switch|p2a: Corviknight|Corviknight, F|73\/100\n|-damage|p2a: Corviknight|61\/100|[from] Stealth Rock\n|-ability|p2a: Corviknight|Pressure\n|move|p1a: Shiftry|Leaf Blade|p2a: Corviknight\n|-resisted|p2a: Corviknight\n|-damage|p2a: Corviknight|45\/100\n|-damage|p1a: Shiftry|78\/100 tox|[from] item: Rocky Helmet|[of] p2a: Corviknight\n|-damage|p1a: Shiftry|68\/100 tox|[from] item: Life Orb\n|\n|-weather|none\n|-damage|p1a: Shiftry|55\/100 tox|[from] psn\n|upkeep\n|turn|28\n|j| ROB3R\n|inactive|JoeyOwesMeMoney has 30 seconds left.\n|inactive|JoeyOwesMeMoney has 20 seconds left.\n|\n|move|p1a: Shiftry|Heat Wave|p2a: Corviknight\n|-supereffective|p2a: Corviknight\n|-damage|p2a: Corviknight|0 fnt\n|-damage|p1a: Shiftry|45\/100 tox|[from] item: Life Orb\n|faint|p2a: Corviknight\n|\n|-damage|p1a: Shiftry|27\/100 tox|[from] psn\n|upkeep\n|inactive|JoeyOwesMeMoney has 25 seconds left this turn.\n|inactive|JoeyOwesMeMoney has 20 seconds left.\n|inactive|JoeyOwesMeMoney has 15 seconds left.\n|inactive|JoeyOwesMeMoney has 10 seconds left.\n|\n|switch|p2a: Clefable|Clefable, F|49\/100\n|-damage|p2a: Clefable|36\/100|[from] Stealth Rock\n|turn|29\n|inactive|JoeyOwesMeMoney has 20 seconds left this turn.\n|\n|switch|p1a: Ninetales|Ninetales, M|100\/100\n|-damage|p1a: Ninetales|76\/100|[from] Stealth Rock\n|-weather|SunnyDay|[from] ability: Drought|[of] p1a: Ninetales\n|move|p2a: Clefable|Protect||[still]\n|-fail|p2a: Clefable\n|\n|-weather|SunnyDay|[upkeep]\n|-heal|p2a: Clefable|42\/100|[from] item: Leftovers\n|upkeep\n|turn|30\n|inactive|JoeyOwesMeMoney has 30 seconds left this turn.\n|\n|move|p2a: Clefable|Protect|p2a: Clefable\n|-singleturn|p2a: Clefable|Protect\n|move|p1a: Ninetales|Encore|p2a: Clefable\n|-activate|p2a: Clefable|move: Protect\n|\n|-weather|SunnyDay|[upkeep]\n|-heal|p2a: Clefable|48\/100|[from] item: Leftovers\n|upkeep\n|turn|31\n|inactive|JoeyOwesMeMoney has 30 seconds left.\n|\n|switch|p1a: Excadrill|Excadrill, F|21\/100 brn\n|-damage|p1a: Excadrill|18\/100 brn|[from] Stealth Rock\n|-ability|p1a: Excadrill|Mold Breaker\n|switch|p2a: Toxapex|Toxapex, M|100\/100\n|-damage|p2a: Toxapex|88\/100|[from] Stealth Rock\n|\n|-weather|SunnyDay|[upkeep]\n|-damage|p1a: Excadrill|12\/100 brn|[from] brn\n|upkeep\n|turn|32\n|inactive|JoeyOwesMeMoney has 30 seconds left.\n|inactive|JoeyOwesMeMoney has 20 seconds left.\n|inactive|JoeyOwesMeMoney has 15 seconds left.\n|\n|switch|p2a: Chansey|Chansey, F|71\/100\n|-damage|p2a: Chansey|59\/100|[from] Stealth Rock\n|move|p1a: Excadrill|Rapid Spin|p2a: Chansey\n|-damage|p2a: Chansey|50\/100\n|-boost|p1a: Excadrill|spe|1\n|-sideend|p1: ztxw|Stealth Rock|[from] move: Rapid Spin|[of] p1a: Excadrill\n|\n|-weather|SunnyDay|[upkeep]\n|-damage|p1a: Excadrill|6\/100 brn|[from] brn\n|upkeep\n|turn|33\n|inactive|JoeyOwesMeMoney has 25 seconds left this turn.\n|\n|switch|p1a: Shiftry|Shiftry, F|27\/100 tox\n|move|p2a: Chansey|Soft-Boiled|p2a: Chansey\n|-heal|p2a: Chansey|99\/100\n|\n|-weather|SunnyDay|[upkeep]\n|-damage|p1a: Shiftry|20\/100 tox|[from] psn\n|upkeep\n|turn|34\n|inactive|JoeyOwesMeMoney has 30 seconds left.\n|j| dark5111\n|l| dark5111\n|inactive|JoeyOwesMeMoney has 20 seconds left.\n|inactive|JoeyOwesMeMoney has 15 seconds left.\n|\n|switch|p2a: Toxapex|Toxapex, M|100\/100\n|-damage|p2a: Toxapex|88\/100|[from] Stealth Rock\n|move|p1a: Shiftry|Leaf Blade|p2a: Toxapex\n|-damage|p2a: Toxapex|56\/100\n|-damage|p1a: Shiftry|10\/100 tox|[from] item: Life Orb\n|\n|-weather|SunnyDay|[upkeep]\n|-damage|p1a: Shiftry|0 fnt|[from] psn\n|faint|p1a: Shiftry\n|upkeep\n|inactive|JoeyOwesMeMoney has 20 seconds left this turn.\n|\n|switch|p1a: Cinderace|Cinderace, F|100\/100\n|turn|35\n|inactive|JoeyOwesMeMoney has 30 seconds left this turn.\n|inactive|JoeyOwesMeMoney has 20 seconds left.\n|inactive|JoeyOwesMeMoney has 15 seconds left.\n|inactive|JoeyOwesMeMoney has 10 seconds left.\n|inactive|JoeyOwesMeMoney has 5 seconds left.\n|\n|switch|p2a: Magearna|Magearna|100\/100\n|-damage|p2a: Magearna|94\/100|[from] Stealth Rock\n|move|p1a: Cinderace|Electro Ball|p2a: Magearna\n|-start|p1a: Cinderace|typechange|Electric|[from] ability: Libero\n|-damage|p2a: Magearna|70\/100\n|\n|-weather|SunnyDay|[upkeep]\n|upkeep\n|turn|36\n|inactive|JoeyOwesMeMoney has 15 seconds left this turn.\n|inactive|JoeyOwesMeMoney has 10 seconds left.\n|inactive|JoeyOwesMeMoney has 5 seconds left.\n|\n|switch|p1a: Excadrill|Excadrill, F|6\/100 brn\n|-ability|p1a: Excadrill|Mold Breaker\n|move|p2a: Magearna|Thunderbolt|p1a: Excadrill\n|-immune|p1a: Excadrill\n|\n|-weather|none\n|-damage|p1a: Excadrill|0 fnt|[from] brn\n|faint|p1a: Excadrill\n|-ability|p2a: Magearna|Soul-Heart|boost\n|-boost|p2a: Magearna|spa|1\n|upkeep\n|inactive|JoeyOwesMeMoney has 10 seconds left this turn.\n|\n|switch|p1a: Ninetales|Ninetales, M|76\/100\n|-weather|SunnyDay|[from] ability: Drought|[of] p1a: Ninetales\n|turn|37\n|inactive|JoeyOwesMeMoney has 20 seconds left this turn.\n|inactive|JoeyOwesMeMoney has 15 seconds left.\n|j| addictedtomethlol\n|\n|switch|p1a: Venusaur|Venusaur, F|100\/100\n|switch|p2a: Chansey|Chansey, F|99\/100\n|-damage|p2a: Chansey|88\/100|[from] Stealth Rock\n|\n|-weather|SunnyDay|[upkeep]\n|upkeep\n|turn|38\n|inactive|JoeyOwesMeMoney has 25 seconds left this turn.\n|\n|move|p1a: Venusaur|Growth|p1a: Venusaur\n|-boost|p1a: Venusaur|atk|2\n|-boost|p1a: Venusaur|spa|2\n|move|p2a: Chansey|Seismic Toss|p1a: Venusaur\n|-damage|p1a: Venusaur|67\/100\n|\n|-weather|SunnyDay|[upkeep]\n|upkeep\n|turn|39\n|\n|move|p1a: Venusaur|Growth|p1a: Venusaur\n|-boost|p1a: Venusaur|atk|2\n|-boost|p1a: Venusaur|spa|2\n|move|p2a: Chansey|Seismic Toss|p1a: Venusaur\n|-damage|p1a: Venusaur|34\/100\n|\n|-weather|SunnyDay|[upkeep]\n|upkeep\n|turn|40\n|\n|move|p1a: Venusaur|Giga Drain|p2a: Chansey\n|-damage|p2a: Chansey|29\/100\n|-heal|p1a: Venusaur|100\/100|[from] drain|[of] p2a: Chansey\n|-damage|p1a: Venusaur|91\/100|[from] item: Life Orb\n|move|p2a: Chansey|Seismic Toss|p1a: Venusaur\n|-damage|p1a: Venusaur|57\/100\n|\n|-weather|SunnyDay|[upkeep]\n|upkeep\n|turn|41\n|\n|move|p1a: Venusaur|Giga Drain|p2a: Chansey\n|-damage|p2a: Chansey|0 fnt\n|-heal|p1a: Venusaur|91\/100|[from] drain|[of] p2a: Chansey\n|-damage|p1a: Venusaur|81\/100|[from] item: Life Orb\n|faint|p2a: Chansey\n|\n|-weather|SunnyDay|[upkeep]\n|upkeep\n|\n|switch|p2a: Clefable|Clefable, F|48\/100\n|-damage|p2a: Clefable|36\/100|[from] Stealth Rock\n|turn|42\n|\n|move|p2a: Clefable|Protect|p2a: Clefable\n|-singleturn|p2a: Clefable|Protect\n|move|p1a: Venusaur|Giga Drain|p2a: Clefable\n|-activate|p2a: Clefable|move: Protect\n|\n|-weather|SunnyDay|[upkeep]\n|-heal|p2a: Clefable|42\/100|[from] item: Leftovers\n|upkeep\n|turn|43\n|c| ROB3R|lol\n|\n|move|p2a: Clefable|Protect|p2a: Clefable\n|-singleturn|p2a: Clefable|Protect\n|move|p1a: Venusaur|Giga Drain|p2a: Clefable\n|-activate|p2a: Clefable|move: Protect\n|\n|-weather|SunnyDay|[upkeep]\n|-heal|p2a: Clefable|48\/100|[from] item: Leftovers\n|upkeep\n|turn|44\n|\n|move|p1a: Venusaur|Giga Drain|p2a: Clefable\n|-damage|p2a: Clefable|6\/100\n|-heal|p1a: Venusaur|100\/100|[from] drain|[of] p2a: Clefable\n|-damage|p1a: Venusaur|91\/100|[from] item: Life Orb\n|move|p2a: Clefable|Wish|p2a: Clefable\n|\n|-weather|none\n|-heal|p2a: Clefable|12\/100|[from] item: Leftovers\n|upkeep\n|turn|45\n|\n|switch|p2a: Magearna|Magearna|70\/100\n|-damage|p2a: Magearna|64\/100|[from] Stealth Rock\n|move|p1a: Venusaur|Growth|p1a: Venusaur\n|-boost|p1a: Venusaur|atk|1\n|-boost|p1a: Venusaur|spa|1\n|\n|-heal|p2a: Magearna|100\/100|[from] move: Wish|[wisher] Clefable\n|upkeep\n|turn|46\n|inactive|JoeyOwesMeMoney has 90 seconds left.\n|\n|switch|p1a: Ninetales|Ninetales, M|76\/100\n|-weather|SunnyDay|[from] ability: Drought|[of] p1a: Ninetales\n|move|p2a: Magearna|Steel Beam|p1a: Ninetales\n|-resisted|p1a: Ninetales\n|-damage|p1a: Ninetales|4\/100\n|-damage|p2a: Magearna|50\/100|[from] mindblown\n|\n|-weather|SunnyDay|[upkeep]\n|upkeep\n|turn|47\n|\n|switch|p1a: Cinderace|Cinderace, F|100\/100\n|switch|p2a: Blissey|Blissey, F|100\/100\n|-damage|p2a: Blissey|88\/100|[from] Stealth Rock\n|\n|-weather|SunnyDay|[upkeep]\n|-heal|p2a: Blissey|94\/100|[from] item: Leftovers\n|upkeep\n|turn|48\n|\n|move|p1a: Cinderace|High Jump Kick|p2a: Blissey\n|-start|p1a: Cinderace|typechange|Fighting|[from] ability: Libero\n|-supereffective|p2a: Blissey\n|-damage|p2a: Blissey|0 fnt\n|faint|p2a: Blissey\n|\n|-weather|SunnyDay|[upkeep]\n|upkeep\n|\n|switch|p2a: Toxapex|Toxapex, M|89\/100\n|-damage|p2a: Toxapex|77\/100|[from] Stealth Rock\n|turn|49\n|\n|switch|p1a: Togekiss|Togekiss, F|92\/100\n|move|p2a: Toxapex|Knock Off|p1a: Togekiss\n|-resisted|p1a: Togekiss\n|-damage|p1a: Togekiss|83\/100\n|-enditem|p1a: Togekiss|Eviolite|[from] move: Knock Off|[of] p2a: Toxapex\n|\n|-weather|SunnyDay|[upkeep]\n|upkeep\n|turn|50\n|\n|switch|p1a: Cinderace|Cinderace, F|100\/100\n|move|p2a: Toxapex|Knock Off|p1a: Cinderace\n|-damage|p1a: Cinderace|79\/100\n|-enditem|p1a: Cinderace|Choice Scarf|[from] move: Knock Off|[of] p2a: Toxapex\n|\n|-weather|SunnyDay|[upkeep]\n|upkeep\n|turn|51\n|j| AgentXborn\n|c|\u2606ztxw|gg\n|inactive|JoeyOwesMeMoney has 90 seconds left.\n|inactive|JoeyOwesMeMoney has 60 seconds left.\n|j| wsdwqdwqqwd\n|j| Maiora\n|inactive|JoeyOwesMeMoney has 30 seconds left.\n|inactive|JoeyOwesMeMoney has 20 seconds left.\n|inactive|JoeyOwesMeMoney has 15 seconds left.\n|inactive|JoeyOwesMeMoney has 10 seconds left.\n|j| ScumGaang\n|inactive|JoeyOwesMeMoney has 5 seconds left.\n|l| ScumGaang\n|-message|JoeyOwesMeMoney lost due to inactivity.\n|\n|win|ztxw\n|c| ROB3R|stall puss get murkt?\n|raw|ztxw's rating: 1781 &rarr; <strong>1803<\/strong><br \/>(+22 for winning)\n|raw|JoeyOwesMeMoney's rating: 1829 &rarr; <strong>1806<\/strong><br \/>(-23 for losing)\n|l| ROB3R\n|l| MizuGios\n","uploadtime":1593675789,"views":57,"p1id":"ztxw","p2id":"joeyowesmemoney","formatid":"gen8ou","rating":1803,"private":0,"password":null}