{"id":"gen8ou-1643816390","p1":"ripreckful","p2":"LT93OQ Eeveeolence","format":"gen8ou","log":"|raw|<div class=\"broadcast-blue\"><strong>This battle is required to be public due to a player having a name starting with 'lt93oq'.<\/div>\n|j|\u2606ripreckful\n|j|\u2606LT93OQ Eeveeolence\n|t:|1660979784\n|gametype|singles\n|player|p1|ripreckful|hilbert|1924\n|player|p2|LT93OQ Eeveeolence|acetrainersnow|1908\n|teamsize|p1|6\n|teamsize|p2|6\n|gen|8\n|tier|[Gen 8] OU\n|rated|\n|rule|Sleep Clause Mod: Limit one foe put to sleep\n|rule|Species Clause: Limit one of each Pok\u00e9mon\n|rule|OHKO Clause: OHKO moves are banned\n|rule|Evasion Items Clause: Evasion items are banned\n|rule|Evasion Moves Clause: Evasion moves are banned\n|rule|Endless Battle Clause: Forcing endless battles is banned\n|rule|HP Percentage Mod: HP is shown in percentages\n|rule|Dynamax Clause: You cannot dynamax\n|clearpoke\n|poke|p1|Landorus-Therian, M|\n|poke|p1|Melmetal|\n|poke|p1|Zapdos|\n|poke|p1|Urshifu-*, M|\n|poke|p1|Tapu Lele|\n|poke|p1|Dragapult, M|\n|poke|p2|Swampert, M|\n|poke|p2|Landorus-Therian, M|\n|poke|p2|Primarina, F|\n|poke|p2|Scizor, M|\n|poke|p2|Weavile, F|\n|poke|p2|Zapdos|\n|teampreview\n|inactive|Battle timer is ON: inactive players will automatically lose when time's up. (requested by ripreckful)\n|j| einnnnnnna\n|j| rahole\n|\n|t:|1660979805\n|start\n|switch|p1a: Urshifu|Urshifu-Rapid-Strike, M|100\/100\n|switch|p2a: Swampy|Swampert, M|100\/100\n|turn|1\n|j| The art of\n|\n|t:|1660979808\n|switch|p2a: Ashirene|Primarina, F|100\/100\n|move|p1a: Urshifu|Close Combat|p2a: Ashirene\n|-resisted|p2a: Ashirene\n|-damage|p2a: Ashirene|59\/100\n|-unboost|p1a: Urshifu|def|1\n|-unboost|p1a: Urshifu|spd|1\n|-damage|p1a: Urshifu|84\/100|[from] item: Rocky Helmet|[of] p2a: Ashirene\n|\n|upkeep\n|turn|2\n|c|\u2606ripreckful|hf\n|\n|t:|1660979813\n|switch|p1a: Zapdos|Zapdos|100\/100\n|move|p2a: Ashirene|Flip Turn|p1a: Zapdos\n|-damage|p1a: Zapdos|87\/100\n|-status|p2a: Ashirene|par|[from] ability: Static|[of] p1a: Zapdos\n|c|\u2606LT93OQ Eeveeolence|same\n|\n|t:|1660979818\n|switch|p2a: Swampy|Swampert, M|100\/100|[from]move: Flip Turn\n|\n|upkeep\n|turn|3\n|\n|t:|1660979840\n|move|p1a: Zapdos|Hurricane|p2a: Swampy\n|-damage|p2a: Swampy|49\/100\n|move|p2a: Swampy|Flip Turn|p1a: Zapdos\n|-damage|p1a: Zapdos|56\/100\n|\n|t:|1660979846\n|switch|p2a: Comaligna|Weavile, F|100\/100|[from]move: Flip Turn\n|-ability|p2a: Comaligna|Pressure\n|\n|upkeep\n|turn|4\n|\n|t:|1660979864\n|switch|p1a: Melmetal|Melmetal|100\/100\n|move|p2a: Comaligna|Knock Off|p1a: Melmetal\n|-damage|p1a: Melmetal|56\/100\n|-enditem|p1a: Melmetal|Leftovers|[from] move: Knock Off|[of] p2a: Comaligna\n|\n|upkeep\n|turn|5\n|\n|t:|1660979871\n|switch|p2a: Sr. Recortes|Scizor, M|100\/100\n|move|p1a: Melmetal|Toxic|p2a: Sr. Recortes\n|-immune|p2a: Sr. Recortes\n|\n|upkeep\n|turn|6\n|\n|t:|1660979878\n|move|p2a: Sr. Recortes|Bullet Punch|p1a: Melmetal\n|-resisted|p1a: Melmetal\n|-crit|p1a: Melmetal\n|-damage|p1a: Melmetal|45\/100\n|move|p1a: Melmetal|Double Iron Bash|p2a: Sr. Recortes\n|-resisted|p2a: Sr. Recortes\n|-damage|p2a: Sr. Recortes|78\/100\n|-resisted|p2a: Sr. Recortes\n|-crit|p2a: Sr. Recortes\n|-damage|p2a: Sr. Recortes|46\/100\n|-hitcount|p2a: Sr. Recortes|2\n|\n|upkeep\n|turn|7\n|\n|t:|1660979881\n|switch|p1a: Zapdos|Zapdos|56\/100\n|move|p2a: Sr. Recortes|Roost|p2a: Sr. Recortes\n|-heal|p2a: Sr. Recortes|96\/100\n|-singleturn|p2a: Sr. Recortes|move: Roost\n|\n|upkeep\n|turn|8\n|j| LT93OQ Harshal\n|\n|t:|1660979884\n|switch|p2a: Landlord|Landorus-Therian, M|100\/100\n|-ability|p2a: Landlord|Intimidate|boost\n|-unboost|p1a: Zapdos|atk|1\n|move|p1a: Zapdos|Heat Wave|p2a: Landlord|[miss]\n|-miss|p1a: Zapdos|p2a: Landlord\n|\n|upkeep\n|turn|9\n|\n|t:|1660979886\n|switch|p1a: Urshifu|Urshifu-Rapid-Strike, M|84\/100\n|move|p2a: Landlord|U-turn|p1a: Urshifu\n|-resisted|p1a: Urshifu\n|-damage|p1a: Urshifu|73\/100\n|j| H.M.Y.D.I.T\n|\n|t:|1660979889\n|switch|p2a: Ashirene|Primarina, F|59\/100 par|[from]move: U-turn\n|\n|upkeep\n|turn|10\n|\n|t:|1660979893\n|switch|p1a: Tapu Lele|Tapu Lele|100\/100\n|-fieldstart|move: Psychic Terrain|[from] ability: Psychic Surge|[of] p1a: Tapu Lele\n|move|p2a: Ashirene|Rest|p2a: Ashirene\n|-status|p2a: Ashirene|slp|[from] move: Rest\n|-heal|p2a: Ashirene|100\/100 slp|[silent]\n|\n|upkeep\n|turn|11\n|\n|t:|1660979897\n|switch|p2a: Sr. Recortes|Scizor, M|96\/100\n|move|p1a: Tapu Lele|Future Sight|p2a: Sr. Recortes\n|-start|p1a: Tapu Lele|move: Future Sight\n|\n|upkeep\n|turn|12\n|\n|t:|1660979900\n|switch|p1a: Zapdos|Zapdos|56\/100\n|move|p2a: Sr. Recortes|U-turn|p1a: Zapdos\n|-resisted|p1a: Zapdos\n|-damage|p1a: Zapdos|43\/100\n|-status|p2a: Sr. Recortes|par|[from] ability: Static|[of] p1a: Zapdos\n|\n|t:|1660979903\n|switch|p2a: Comaligna|Weavile, F|100\/100|[from]move: U-turn\n|-ability|p2a: Comaligna|Pressure\n|\n|upkeep\n|turn|13\n|\n|t:|1660979908\n|switch|p1a: Melmetal|Melmetal|45\/100\n|move|p2a: Comaligna|Icicle Crash|p1a: Melmetal\n|-resisted|p1a: Melmetal\n|-damage|p1a: Melmetal|26\/100\n|\n|-end|p2a: Comaligna|move: Future Sight\n|-immune|p2a: Comaligna\n|upkeep\n|turn|14\n|j| MANNAT\n|\n|t:|1660979915\n|switch|p2a: Sr. Recortes|Scizor, M|96\/100 par\n|move|p1a: Melmetal|Double Iron Bash|p2a: Sr. Recortes\n|-resisted|p2a: Sr. Recortes\n|-damage|p2a: Sr. Recortes|75\/100 par\n|-resisted|p2a: Sr. Recortes\n|-damage|p2a: Sr. Recortes|53\/100 par\n|-hitcount|p2a: Sr. Recortes|2\n|\n|-fieldend|move: Psychic Terrain\n|upkeep\n|turn|15\n|\n|t:|1660979918\n|move|p1a: Melmetal|Double Iron Bash|p2a: Sr. Recortes\n|-resisted|p2a: Sr. Recortes\n|-damage|p2a: Sr. Recortes|33\/100 par\n|-resisted|p2a: Sr. Recortes\n|-damage|p2a: Sr. Recortes|10\/100 par\n|-hitcount|p2a: Sr. Recortes|2\n|cant|p2a: Sr. Recortes|par\n|\n|upkeep\n|turn|16\n|j| LT93OQ A\n|\n|t:|1660979922\n|move|p2a: Sr. Recortes|Bullet Punch|p1a: Melmetal\n|-resisted|p1a: Melmetal\n|-damage|p1a: Melmetal|18\/100\n|move|p1a: Melmetal|Double Iron Bash|p2a: Sr. Recortes\n|-resisted|p2a: Sr. Recortes\n|-damage|p2a: Sr. Recortes|0 fnt\n|faint|p2a: Sr. Recortes\n|-hitcount|p2: Sr. Recortes|1\n|\n|upkeep\n|\n|t:|1660979926\n|switch|p2a: Comaligna|Weavile, F|100\/100\n|-ability|p2a: Comaligna|Pressure\n|turn|17\n|\n|t:|1660979934\n|move|p2a: Comaligna|Knock Off|p1a: Melmetal\n|-damage|p1a: Melmetal|0 fnt\n|faint|p1a: Melmetal\n|\n|upkeep\n|\n|t:|1660979943\n|switch|p1a: Landorus|Landorus-Therian, M|100\/100\n|-ability|p1a: Landorus|Intimidate|boost\n|-unboost|p2a: Comaligna|atk|1\n|turn|18\n|\n|t:|1660979946\n|switch|p2a: Swampy|Swampert, M|49\/100\n|move|p1a: Landorus|Stealth Rock|p2a: Swampy\n|-sidestart|p2: LT93OQ Eeveeolence|move: Stealth Rock\n|\n|upkeep\n|turn|19\n|\n|t:|1660979950\n|switch|p1a: Urshifu|Urshifu-Rapid-Strike, M|73\/100\n|move|p2a: Swampy|Ice Punch|p1a: Urshifu\n|-resisted|p1a: Urshifu\n|-crit|p1a: Urshifu\n|-damage|p1a: Urshifu|48\/100\n|\n|upkeep\n|turn|20\n|\n|t:|1660979957\n|switch|p2a: Ashirene|Primarina, F|100\/100 slp\n|-damage|p2a: Ashirene|88\/100 slp|[from] Stealth Rock\n|move|p1a: Urshifu|U-turn|p2a: Ashirene\n|-resisted|p2a: Ashirene\n|-damage|p2a: Ashirene|72\/100 slp\n|-damage|p1a: Urshifu|32\/100|[from] item: Rocky Helmet|[of] p2a: Ashirene\n|\n|t:|1660979967\n|switch|p1a: Zapdos|Zapdos|43\/100|[from]move: U-turn\n|\n|upkeep\n|turn|21\n|\n|t:|1660979970\n|move|p1a: Zapdos|Hurricane|p2a: Ashirene\n|-damage|p2a: Ashirene|33\/100 slp\n|cant|p2a: Ashirene|slp\n|move|p2a: Ashirene|Sleep Talk|p2a: Ashirene\n|move|p2a: Ashirene|Rest||[from]move: Sleep Talk|[still]\n|-fail|p2a: Ashirene\n|\n|upkeep\n|turn|22\n|\n|t:|1660979973\n|switch|p2a: Landlord|Landorus-Therian, M|100\/100\n|-damage|p2a: Landlord|88\/100|[from] Stealth Rock\n|-ability|p2a: Landlord|Intimidate|boost\n|-unboost|p1a: Zapdos|atk|1\n|move|p1a: Zapdos|Hurricane|p2a: Landlord\n|-damage|p2a: Landlord|48\/100\n|\n|-heal|p2a: Landlord|54\/100|[from] item: Leftovers\n|upkeep\n|turn|23\n|\n|t:|1660979976\n|move|p1a: Zapdos|Hurricane|p2a: Landlord\n|-damage|p2a: Landlord|15\/100\n|-start|p2a: Landlord|confusion\n|-activate|p2a: Landlord|confusion\n|-damage|p2a: Landlord|2\/100|[from] confusion\n|\n|-heal|p2a: Landlord|8\/100|[from] item: Leftovers\n|upkeep\n|turn|24\n|c|\u2606ripreckful|sry\n|j| jack_1216\n|\n|t:|1660979981\n|move|p1a: Zapdos|Heat Wave|p2a: Landlord\n|-damage|p2a: Landlord|0 fnt\n|faint|p2a: Landlord\n|\n|upkeep\n|-message|LT93OQ Eeveeolence forfeited.\n|\n|win|ripreckful\n|raw|ripreckful's rating: 1924 &rarr; <strong>1943<\/strong><br \/>(+19 for winning)\n|raw|LT93OQ Eeveeolence's rating: 1908 &rarr; <strong>1889<\/strong><br \/>(-19 for losing)\n|l|\u2606LT93OQ Eeveeolence\n|c|\u2606ripreckful|gg\n|j| LT93OQ tj\n|l|\u2606ripreckful\n|l| The art of\n|l| einnnnnnna\n|l| rahole\n|l| LT93OQ Harshal\n|l| jack_1216\n|l| LT93OQ tj\n","uploadtime":1660980072,"views":98,"p1id":"ripreckful","p2id":"lt93oqeeveeolence","formatid":"gen8ou","rating":1889,"private":0,"password":null}