{"id":"gen8ou-1688996801","p1":"knexhawk2","p2":"Polkaa","format":"gen8ou","log":"|j|\u2606knexhawk2\n|j|\u2606Polkaa\n|inactive|Battle timer is ON: inactive players will automatically lose when time's up.\n|t:|1666122406\n|gametype|singles\n|player|p1|knexhawk2|red-masters|\n|player|p2|Polkaa|265|\n|teamsize|p1|6\n|teamsize|p2|6\n|gen|8\n|tier|[Gen 8] OU\n|rated|Tournament battle\n|rule|Sleep Clause Mod: Limit one foe put to sleep\n|rule|Species Clause: Limit one of each Pok\u00e9mon\n|rule|OHKO Clause: OHKO moves are banned\n|rule|Evasion Items Clause: Evasion items are banned\n|rule|Evasion Moves Clause: Evasion moves are banned\n|rule|Endless Battle Clause: Forcing endless battles is banned\n|rule|HP Percentage Mod: HP is shown in percentages\n|rule|Dynamax Clause: You cannot dynamax\n|rule|Bonus Type Rule: Pok\u00e9mon can be nicknamed the name of a type to have that type added onto their current ones.\n|clearpoke\n|poke|p1|Quagsire, F|\n|poke|p1|Skarmory, M|\n|poke|p1|Dragonite, M|\n|poke|p1|Chansey, F|\n|poke|p1|Toxapex, M|\n|poke|p1|Slowking-Galar, M|\n|poke|p2|Cresselia, F|\n|poke|p2|Slowbro, F|\n|poke|p2|Porygon2|\n|poke|p2|Marowak-Alola, F|\n|poke|p2|Melmetal|\n|poke|p2|Cursola, M|\n|teampreview\n|j| cypherstest\n|j| blastablasta\n|j| Staryy\n|j| Suuicunee\n|c|\u2606knexhawk2|gl\n|\n|t:|1666122422\n|start\n|switch|p1a: ghost|Chansey, F|100\/100\n|switch|p2a: ghost|Porygon2|100\/100\n|-start|p2a: ghost|typechange|Normal\/Ghost|[silent]\n|-ability|p2a: ghost|Natural Cure|[from] ability: Trace|[of] p1a: ghost\n|-start|p1a: ghost|typechange|Normal\/Ghost|[silent]\n|-start|p1a: ghost|typechange|Normal\/Ghost|[silent]\n|-start|p2a: ghost|typechange|Normal\/Ghost|[silent]\n|turn|1\n|j| Sarita Choudhury\n|\n|t:|1666122425\n|move|p2a: ghost|Magic Coat|p2a: ghost\n|-singleturn|p2a: ghost|move: Magic Coat\n|move|p1a: ghost|Stealth Rock|p2a: ghost\n|move|p2a: ghost|Stealth Rock|p1a: ghost|[from]Magic Coat\n|-sidestart|p1: knexhawk2|move: Stealth Rock\n|\n|upkeep\n|turn|2\n|j| Highv0ltag3\n|\n|t:|1666122429\n|switch|p2a: ground|Marowak-Alola, F|100\/100\n|-start|p2a: ground|typechange|Fire\/Ghost\/Ground|[silent]\n|move|p1a: ghost|Stealth Rock|p2a: ground\n|-sidestart|p2: Polkaa|move: Stealth Rock\n|\n|upkeep\n|-start|p2a: ground|typechange|Fire\/Ghost\/Ground|[silent]\n|turn|3\n|j| zaung\n|j| testingteams888\n|j| IllegalGorilla\n|\n|t:|1666122440\n|switch|p1a: no third type|Quagsire, F|100\/100\n|-start|p1a: no third type|typechange|Water\/Ground|[silent]\n|-damage|p1a: no third type|94\/100|[from] Stealth Rock\n|move|p2a: ground|Poltergeist|p1a: no third type\n|-activate|p1a: no third type|move: Poltergeist|Leftovers\n|-damage|p1a: no third type|36\/100\n|\n|-heal|p1a: no third type|42\/100|[from] item: Leftovers\n|upkeep\n|turn|4\n|c| Highv0ltag3|stall vs tr battle of the slow mons\n|\n|t:|1666122447\n|switch|p1a: dark|Toxapex, M|100\/100\n|-start|p1a: dark|typechange|Poison\/Water\/Dark|[silent]\n|-damage|p1a: dark|88\/100|[from] Stealth Rock\n|move|p2a: ground|Poltergeist|p1a: dark\n|-activate|p1a: dark|move: Poltergeist|Leftovers\n|-resisted|p1a: dark\n|-crit|p1a: dark\n|-damage|p1a: dark|44\/100\n|\n|-heal|p1a: dark|50\/100|[from] item: Leftovers\n|upkeep\n|-start|p1a: dark|typechange|Poison\/Water\/Dark|[silent]\n|turn|5\n|\n|t:|1666122454\n|move|p2a: ground|Bonemerang|p1a: dark\n|-supereffective|p1a: dark\n|-damage|p1a: dark|0 fnt\n|faint|p1a: dark\n|-hitcount|p1: dark|1\n|\n|upkeep\n|c|\u2606knexhawk2|ur not\n|c| zaung|holy shit\n|c|\u2606knexhawk2|min speed\n|j| Oh So Cynical\n|c|\u2606Polkaa|^^\n|c| zaung|not again knex\n|c|\u2606knexhawk2|so\n|c|\u2606knexhawk2|did you forget\n|c|\u2606knexhawk2|or was that intentional\n|c|\u2606Polkaa|nop\n|inactive|knexhawk2 has 120 seconds left.\n|c|\u2606knexhawk2|to lose in trick room\n|j|%htcl\n|c| Highv0ltag3|u ve heard of lechonk but have you ever heard of lechoke?\n|\n|t:|1666122492\n|switch|p1a: Dragon|Skarmory, M|100\/100\n|-start|p1a: Dragon|typechange|Steel\/Flying\/Dragon|[silent]\n|-damage|p1a: Dragon|88\/100|[from] Stealth Rock\n|-start|p1a: Dragon|typechange|Steel\/Flying\/Dragon|[silent]\n|turn|6\n|c|\u2606Polkaa|no reason to be mn speed\n|c|\u2606knexhawk2|pex. in trick room\n|c|\u2606knexhawk2|that is the reason\n|c| zaung|its a trick room team\n|c|\u2606knexhawk2|out slow melm\n|c|\u2606Polkaa|why would i set tr against stall ?\n|\n|t:|1666122521\n|move|p2a: ground|Flare Blitz|p1a: Dragon\n|-damage|p1a: Dragon|33\/100\n|move|p1a: Dragon|Whirlwind|p2a: ground\n|drag|p2a: normal|Slowbro, F|100\/100\n|-start|p2a: normal|typechange|Water\/Psychic\/Normal|[silent]\n|-damage|p2a: normal|88\/100|[from] Stealth Rock\n|\n|-heal|p1a: Dragon|39\/100|[from] item: Leftovers\n|upkeep\n|-start|p2a: normal|typechange|Water\/Psychic\/Normal|[silent]\n|turn|7\n|c|\u2606knexhawk2|pex is on non stall...\n|\n|t:|1666122531\n|move|p1a: Dragon|Spikes|p2a: normal\n|-sidestart|p2: Polkaa|Spikes\n|move|p2a: normal|Scald|p1a: Dragon\n|-resisted|p1a: Dragon\n|-damage|p1a: Dragon|20\/100\n|\n|-heal|p1a: Dragon|26\/100|[from] item: Leftovers\n|upkeep\n|turn|8\n|\n|t:|1666122533\n|move|p1a: Dragon|Roost|p1a: Dragon\n|-heal|p1a: Dragon|76\/100\n|-singleturn|p1a: Dragon|move: Roost\n|move|p2a: normal|Scald|p1a: Dragon\n|-resisted|p1a: Dragon\n|-damage|p1a: Dragon|56\/100\n|-status|p1a: Dragon|brn\n|\n|-heal|p1a: Dragon|62\/100 brn|[from] item: Leftovers\n|-damage|p1a: Dragon|56\/100 brn|[from] brn\n|upkeep\n|turn|9\n|c| Highv0ltag3|but he knew he was playing you\n|l| Staryy\n|c| Highv0ltag3|so he made big brain move\n|\n|t:|1666122549\n|move|p1a: Dragon|Spikes|p2a: normal\n|-sidestart|p2: Polkaa|Spikes\n|move|p2a: normal|Teleport|p2a: normal\n|c|\u2606knexhawk2|i doubt he changed it\n|\n|t:|1666122552\n|switch|p2a: ice|Cursola, M|100\/100|[from]move: Teleport\n|-start|p2a: ice|typechange|Ghost\/Ice|[silent]\n|-damage|p2a: ice|75\/100|[from] Stealth Rock\n|-damage|p2a: ice|59\/100|[from] Spikes\n|\n|-heal|p1a: Dragon|62\/100 brn|[from] item: Leftovers\n|-damage|p1a: Dragon|56\/100 brn|[from] brn\n|upkeep\n|-start|p2a: ice|typechange|Ghost\/Ice|[silent]\n|turn|10\n|\n|t:|1666122554\n|switch|p1a: ghost|Chansey, F|100\/100\n|-start|p1a: ghost|typechange|Normal\/Ghost|[silent]\n|-damage|p1a: ghost|88\/100|[from] Stealth Rock\n|move|p2a: ice|Ice Beam|p1a: ghost\n|-damage|p1a: ghost|70\/100\n|-status|p1a: ghost|frz\n|\n|upkeep\n|-start|p1a: ghost|typechange|Normal\/Ghost|[silent]\n|turn|11\n|\n|t:|1666122559\n|-curestatus|p1a: ghost|frz|[from] ability: Natural Cure\n|switch|p1a: flying|Slowking-Galar, M|100\/100\n|-start|p1a: flying|typechange|Poison\/Psychic\/Flying|[silent]\n|-damage|p1a: flying|76\/100|[from] Stealth Rock\n|move|p2a: ice|Meteor Beam||[still]\n|-prepare|p2a: ice|Meteor Beam\n|-boost|p2a: ice|spa|1\n|-enditem|p2a: ice|Power Herb\n|-anim|p2a: ice|Meteor Beam|p1a: flying\n|-supereffective|p1a: flying\n|-damage|p1a: flying|16\/100\n|\n|upkeep\n|-start|p1a: flying|typechange|Poison\/Psychic\/Flying|[silent]\n|turn|12\n|c| Oh So Cynical|Polkaa I am your fan now\n|\n|t:|1666122570\n|switch|p1a: ghost|Chansey, F|70\/100\n|-start|p1a: ghost|typechange|Normal\/Ghost|[silent]\n|-damage|p1a: ghost|58\/100|[from] Stealth Rock\n|move|p2a: ice|Ice Beam|p1a: ghost\n|-damage|p1a: ghost|31\/100\n|\n|upkeep\n|-start|p1a: ghost|typechange|Normal\/Ghost|[silent]\n|turn|13\n|c|\u2606knexhawk2|im so fucked if i get frozen again\n|c| Oh So Cynical|win this\n|c| zaung|might have switched teams\n|\n|t:|1666122574\n|move|p1a: ghost|Soft-Boiled|p1a: ghost\n|-heal|p1a: ghost|81\/100\n|move|p2a: ice|Ice Beam|p1a: ghost\n|-damage|p1a: ghost|56\/100\n|\n|upkeep\n|turn|14\n|c| zaung|but thats it\n|\n|t:|1666122578\n|move|p1a: ghost|Toxic|p2a: ice\n|-status|p2a: ice|tox\n|move|p2a: ice|Ice Beam|p1a: ghost\n|-damage|p1a: ghost|29\/100\n|\n|-damage|p2a: ice|53\/100 tox|[from] psn\n|upkeep\n|turn|15\n|\n|t:|1666122593\n|switch|p2a: electric|Melmetal|100\/100\n|-start|p2a: electric|typechange|Steel\/Electric|[silent]\n|-damage|p2a: electric|94\/100|[from] Stealth Rock\n|-damage|p2a: electric|78\/100|[from] Spikes\n|move|p1a: ghost|Soft-Boiled|p1a: ghost\n|-heal|p1a: ghost|79\/100\n|\n|upkeep\n|-start|p2a: electric|typechange|Steel\/Electric|[silent]\n|turn|16\n|c| zaung|is this where knex dies?\n|\n|t:|1666122599\n|switch|p1a: no third type|Quagsire, F|42\/100\n|-start|p1a: no third type|typechange|Water\/Ground|[silent]\n|-damage|p1a: no third type|36\/100|[from] Stealth Rock\n|move|p2a: electric|Ice Punch|p1a: no third type\n|-damage|p1a: no third type|8\/100\n|\n|-heal|p1a: no third type|14\/100|[from] item: Leftovers\n|upkeep\n|turn|17\n|c| Highv0ltag3|awak everywhere Hydreigon stonks\n|\n|t:|1666122603\n|switch|p2a: dark|Cresselia, F|100\/100\n|-start|p2a: dark|typechange|Psychic\/Dark|[silent]\n|-damage|p2a: dark|88\/100|[from] Stealth Rock\n|move|p1a: no third type|Recover|p1a: no third type\n|-heal|p1a: no third type|64\/100\n|\n|-heal|p1a: no third type|71\/100|[from] item: Leftovers\n|upkeep\n|-start|p2a: dark|typechange|Psychic\/Dark|[silent]\n|turn|18\n|\n|t:|1666122606\n|move|p2a: dark|Lunar Dance|p2a: dark\n|faint|p2a: dark\n|move|p1a: no third type|Toxic|p2: dark|[notarget]\n|-fail|p1a: no third type\n|\n|-heal|p1a: no third type|77\/100|[from] item: Leftovers\n|upkeep\n|c| zaung|his rain of terror put to an end?\n|j| OUTDLliquidocelalt\n|\n|t:|1666122623\n|switch|p2a: normal|Slowbro, F|100\/100\n|-heal|p2a: normal|100\/100|[from] move: Lunar Dance\n|-start|p2a: normal|typechange|Water\/Psychic\/Normal|[silent]\n|-damage|p2a: normal|88\/100|[from] Stealth Rock\n|-damage|p2a: normal|72\/100|[from] Spikes\n|-start|p2a: normal|typechange|Water\/Psychic\/Normal|[silent]\n|turn|19\n|c|\u2606knexhawk2|no i can still win this\n|\n|t:|1666122627\n|switch|p1a: Dragon|Skarmory, M|56\/100 brn\n|-start|p1a: Dragon|typechange|Steel\/Flying\/Dragon|[silent]\n|-damage|p1a: Dragon|43\/100 brn|[from] Stealth Rock\n|move|p2a: normal|Scald|p1a: Dragon\n|-resisted|p1a: Dragon\n|-damage|p1a: Dragon|26\/100 brn\n|\n|-heal|p1a: Dragon|32\/100 brn|[from] item: Leftovers\n|-damage|p1a: Dragon|26\/100 brn|[from] brn\n|upkeep\n|-start|p1a: Dragon|typechange|Steel\/Flying\/Dragon|[silent]\n|turn|20\n|\n|t:|1666122630\n|move|p1a: Dragon|Roost|p1a: Dragon\n|-heal|p1a: Dragon|76\/100 brn\n|-singleturn|p1a: Dragon|move: Roost\n|move|p2a: normal|Teleport|p2a: normal\n|\n|t:|1666122632\n|switch|p2a: ice|Cursola, M|53\/100 tox|[from]move: Teleport\n|-start|p2a: ice|typechange|Ghost\/Ice|[silent]\n|-damage|p2a: ice|28\/100 tox|[from] Stealth Rock\n|-damage|p2a: ice|11\/100 tox|[from] Spikes\n|\n|-heal|p1a: Dragon|82\/100 brn|[from] item: Leftovers\n|-damage|p2a: ice|5\/100 tox|[from] psn\n|-damage|p1a: Dragon|76\/100 brn|[from] brn\n|upkeep\n|-start|p2a: ice|typechange|Ghost\/Ice|[silent]\n|turn|21\n|\n|t:|1666122635\n|switch|p1a: ghost|Chansey, F|79\/100\n|-start|p1a: ghost|typechange|Normal\/Ghost|[silent]\n|-damage|p1a: ghost|66\/100|[from] Stealth Rock\n|move|p2a: ice|Ice Beam|p1a: ghost\n|-damage|p1a: ghost|49\/100\n|\n|-damage|p2a: ice|0 fnt|[from] psn\n|faint|p2a: ice\n|upkeep\n|\n|t:|1666122644\n|switch|p2a: electric|Melmetal|78\/100\n|-start|p2a: electric|typechange|Steel\/Electric|[silent]\n|-damage|p2a: electric|71\/100|[from] Stealth Rock\n|-damage|p2a: electric|55\/100|[from] Spikes\n|-start|p1a: ghost|typechange|Normal\/Ghost|[silent]\n|-start|p2a: electric|typechange|Steel\/Electric|[silent]\n|turn|22\n|\n|t:|1666122653\n|switch|p1a: no third type|Quagsire, F|77\/100\n|-start|p1a: no third type|typechange|Water\/Ground|[silent]\n|-damage|p1a: no third type|71\/100|[from] Stealth Rock\n|move|p2a: electric|Ice Punch|p1a: no third type\n|-damage|p1a: no third type|43\/100\n|\n|-heal|p1a: no third type|49\/100|[from] item: Leftovers\n|upkeep\n|turn|23\n|\n|t:|1666122656\n|move|p1a: no third type|Recover|p1a: no third type\n|-heal|p1a: no third type|99\/100\n|move|p2a: electric|Ice Punch|p1a: no third type\n|-damage|p1a: no third type|73\/100\n|\n|-heal|p1a: no third type|79\/100|[from] item: Leftovers\n|upkeep\n|turn|24\n|\n|t:|1666122659\n|switch|p2a: ghost|Porygon2|100\/100\n|-start|p2a: ghost|typechange|Normal\/Ghost|[silent]\n|-damage|p2a: ghost|88\/100|[from] Stealth Rock\n|-damage|p2a: ghost|72\/100|[from] Spikes\n|-ability|p2a: ghost|Unaware|[from] ability: Trace|[of] p1a: no third type\n|move|p1a: no third type|Earthquake|p2a: ghost\n|-damage|p2a: ghost|53\/100\n|\n|-heal|p1a: no third type|85\/100|[from] item: Leftovers\n|upkeep\n|-start|p2a: ghost|typechange|Normal\/Ghost|[silent]\n|turn|25\n|\n|t:|1666122666\n|switch|p1a: Steel|Dragonite, M|100\/100\n|-start|p1a: Steel|typechange|Dragon\/Flying\/Steel|[silent]\n|move|p2a: ghost|Trick Room|p2a: ghost\n|-fieldstart|move: Trick Room|[of] p2a: ghost\n|\n|upkeep\n|-start|p1a: Steel|typechange|Dragon\/Flying\/Steel|[silent]\n|turn|26\n|c| zaung|STOP SWITCHING BRO \u2620\n|\n|t:|1666122670\n|move|p1a: Steel|Heal Bell|p1a: Steel\n|-activate|p1a: Steel|move: Heal Bell\n|-curestatus|p1: Dragon|brn|[msg]\n|move|p2a: ghost|Teleport|p2a: ghost\n|\n|t:|1666122677\n|switch|p2a: normal|Slowbro, F|100\/100|[from]move: Teleport\n|-start|p2a: normal|typechange|Water\/Psychic\/Normal|[silent]\n|-damage|p2a: normal|88\/100|[from] Stealth Rock\n|-damage|p2a: normal|72\/100|[from] Spikes\n|\n|upkeep\n|-start|p2a: normal|typechange|Water\/Psychic\/Normal|[silent]\n|turn|27\n|c|\u2606knexhawk2|keep switch8ng\n|\n|t:|1666122681\n|switch|p1a: Dragon|Skarmory, M|76\/100\n|-start|p1a: Dragon|typechange|Steel\/Flying\/Dragon|[silent]\n|-damage|p1a: Dragon|64\/100|[from] Stealth Rock\n|move|p2a: normal|Scald|p1a: Dragon\n|-resisted|p1a: Dragon\n|-damage|p1a: Dragon|45\/100\n|-status|p1a: Dragon|brn\n|\n|-heal|p1a: Dragon|51\/100 brn|[from] item: Leftovers\n|-damage|p1a: Dragon|45\/100 brn|[from] brn\n|upkeep\n|-start|p1a: Dragon|typechange|Steel\/Flying\/Dragon|[silent]\n|turn|28\n|\n|t:|1666122685\n|move|p2a: normal|Scald|p1a: Dragon\n|-resisted|p1a: Dragon\n|-damage|p1a: Dragon|26\/100 brn\n|move|p1a: Dragon|Spikes|p2a: normal\n|-sidestart|p2: Polkaa|Spikes\n|\n|-heal|p1a: Dragon|32\/100 brn|[from] item: Leftovers\n|-damage|p1a: Dragon|26\/100 brn|[from] brn\n|upkeep\n|turn|29\n|c| Highv0ltag3|missed opportunity to name quag \"unaware of tour rules\"\n|\n|t:|1666122689\n|move|p2a: normal|Scald|p1a: Dragon\n|-resisted|p1a: Dragon\n|-damage|p1a: Dragon|8\/100 brn\n|move|p1a: Dragon|Roost|p1a: Dragon\n|-heal|p1a: Dragon|58\/100 brn\n|-singleturn|p1a: Dragon|move: Roost\n|\n|-heal|p1a: Dragon|64\/100 brn|[from] item: Leftovers\n|-damage|p1a: Dragon|58\/100 brn|[from] brn\n|-fieldend|move: Trick Room\n|upkeep\n|turn|30\n|\n|t:|1666122692\n|move|p1a: Dragon|Roost|p1a: Dragon\n|-heal|p1a: Dragon|100\/100 brn\n|-singleturn|p1a: Dragon|move: Roost\n|move|p2a: normal|Scald|p1a: Dragon\n|-resisted|p1a: Dragon\n|-damage|p1a: Dragon|81\/100 brn\n|\n|-heal|p1a: Dragon|87\/100 brn|[from] item: Leftovers\n|-damage|p1a: Dragon|81\/100 brn|[from] brn\n|upkeep\n|turn|31\n|c|\u2606knexhawk2|lmao\n|c|\u2606knexhawk2|that is good\n|c|\u2606knexhawk2|sadly its too long\n|\n|t:|1666122702\n|move|p2a: normal|Scald|p1a: Dragon\n|-resisted|p1a: Dragon\n|-damage|p1a: Dragon|60\/100 brn\n|move|p1a: Dragon|Whirlwind|p2a: normal\n|drag|p2a: ghost|Porygon2|53\/100\n|-start|p2a: ghost|typechange|Normal\/Ghost|[silent]\n|-damage|p2a: ghost|41\/100|[from] Stealth Rock\n|-damage|p2a: ghost|16\/100|[from] Spikes\n|-ability|p2a: ghost|Sturdy|[from] ability: Trace|[of] p1a: Dragon\n|\n|-heal|p1a: Dragon|66\/100 brn|[from] item: Leftovers\n|-damage|p1a: Dragon|60\/100 brn|[from] brn\n|upkeep\n|-start|p2a: ghost|typechange|Normal\/Ghost|[silent]\n|turn|32\n|\n|t:|1666122708\n|move|p1a: Dragon|Roost|p1a: Dragon\n|-heal|p1a: Dragon|100\/100 brn\n|-singleturn|p1a: Dragon|move: Roost\n|move|p2a: ghost|Recover|p2a: ghost\n|-heal|p2a: ghost|66\/100\n|\n|-damage|p1a: Dragon|95\/100 brn|[from] brn\n|upkeep\n|turn|33\n|\n|t:|1666122710\n|switch|p1a: ghost|Chansey, F|49\/100\n|-start|p1a: ghost|typechange|Normal\/Ghost|[silent]\n|-damage|p1a: ghost|37\/100|[from] Stealth Rock\n|move|p2a: ghost|Recover|p2a: ghost\n|-heal|p2a: ghost|100\/100\n|\n|upkeep\n|-start|p1a: ghost|typechange|Normal\/Ghost|[silent]\n|turn|34\n|\n|t:|1666122712\n|move|p2a: ghost|Magic Coat|p2a: ghost\n|-singleturn|p2a: ghost|move: Magic Coat\n|move|p1a: ghost|Soft-Boiled|p1a: ghost\n|-heal|p1a: ghost|87\/100\n|\n|upkeep\n|turn|35\n|\n|t:|1666122715\n|move|p2a: ghost|Magic Coat|p2a: ghost\n|-singleturn|p2a: ghost|move: Magic Coat\n|move|p1a: ghost|Soft-Boiled|p1a: ghost\n|-heal|p1a: ghost|100\/100\n|\n|upkeep\n|turn|36\n|\n|t:|1666122718\n|switch|p1a: flying|Slowking-Galar, M|49\/100\n|-start|p1a: flying|typechange|Poison\/Psychic\/Flying|[silent]\n|-damage|p1a: flying|25\/100|[from] Stealth Rock\n|move|p2a: ghost|Magic Coat|p2a: ghost\n|-singleturn|p2a: ghost|move: Magic Coat\n|\n|upkeep\n|-start|p1a: flying|typechange|Poison\/Psychic\/Flying|[silent]\n|turn|37\n|\n|t:|1666122722\n|switch|p1a: Steel|Dragonite, M|100\/100\n|-start|p1a: Steel|typechange|Dragon\/Flying\/Steel|[silent]\n|move|p2a: ghost|Teleport|p2a: ghost\n|\n|t:|1666122725\n|switch|p2a: electric|Melmetal|55\/100|[from]move: Teleport\n|-start|p2a: electric|typechange|Steel\/Electric|[silent]\n|-damage|p2a: electric|48\/100|[from] Stealth Rock\n|-damage|p2a: electric|24\/100|[from] Spikes\n|\n|upkeep\n|-start|p1a: Steel|typechange|Dragon\/Flying\/Steel|[silent]\n|-start|p2a: electric|typechange|Steel\/Electric|[silent]\n|turn|38\n|\n|t:|1666122730\n|switch|p1a: no third type|Quagsire, F|85\/100\n|-start|p1a: no third type|typechange|Water\/Ground|[silent]\n|-damage|p1a: no third type|79\/100|[from] Stealth Rock\n|move|p2a: electric|Ice Punch|p1a: no third type\n|-damage|p1a: no third type|53\/100\n|\n|-heal|p1a: no third type|59\/100|[from] item: Leftovers\n|upkeep\n|turn|39\n|c| zaung|unaware of rules\n|\n|t:|1666122734\n|move|p1a: no third type|Earthquake|p2a: electric\n|-supereffective|p2a: electric\n|-damage|p2a: electric|0 fnt\n|faint|p2a: electric\n|\n|-heal|p1a: no third type|65\/100|[from] item: Leftovers\n|upkeep\n|\n|t:|1666122738\n|switch|p2a: ground|Marowak-Alola, F|100\/100\n|-start|p2a: ground|typechange|Fire\/Ghost\/Ground|[silent]\n|-damage|p2a: ground|88\/100|[from] Stealth Rock\n|-damage|p2a: ground|63\/100|[from] Spikes\n|-start|p2a: ground|typechange|Fire\/Ghost\/Ground|[silent]\n|turn|40\n|c|\u2606knexhawk2|simply built different\n|\n|t:|1666122741\n|move|p2a: ground|Poltergeist|p1a: no third type|[miss]\n|-miss|p2a: ground|p1a: no third type\n|move|p1a: no third type|Earthquake|p2a: ground\n|-supereffective|p2a: ground\n|-damage|p2a: ground|7\/100\n|\n|-heal|p1a: no third type|71\/100|[from] item: Leftovers\n|upkeep\n|turn|41\n|\n|t:|1666122747\n|move|p2a: ground|Poltergeist|p1a: no third type\n|-activate|p1a: no third type|move: Poltergeist|Leftovers\n|-crit|p1a: no third type\n|-damage|p1a: no third type|0 fnt\n|faint|p1a: no third type\n|\n|upkeep\n|c|\u2606Polkaa|gg\n|\n|t:|1666122751\n|switch|p1a: Dragon|Skarmory, M|95\/100 brn\n|-start|p1a: Dragon|typechange|Steel\/Flying\/Dragon|[silent]\n|-damage|p1a: Dragon|82\/100 brn|[from] Stealth Rock\n|-start|p1a: Dragon|typechange|Steel\/Flying\/Dragon|[silent]\n|turn|42\n|\n|t:|1666122754\n|move|p2a: ground|Flare Blitz|p1a: Dragon\n|-damage|p1a: Dragon|21\/100 brn\n|move|p1a: Dragon|Whirlwind|p2a: ground\n|drag|p2a: normal|Slowbro, F|100\/100\n|-start|p2a: normal|typechange|Water\/Psychic\/Normal|[silent]\n|-damage|p2a: normal|88\/100|[from] Stealth Rock\n|-damage|p2a: normal|63\/100|[from] Spikes\n|\n|-heal|p1a: Dragon|27\/100 brn|[from] item: Leftovers\n|-damage|p1a: Dragon|21\/100 brn|[from] brn\n|upkeep\n|-start|p2a: normal|typechange|Water\/Psychic\/Normal|[silent]\n|turn|43\n|c|\u2606knexhawk2|fear the god\n|\n|t:|1666122761\n|move|p1a: Dragon|Roost|p1a: Dragon\n|-heal|p1a: Dragon|71\/100 brn\n|-singleturn|p1a: Dragon|move: Roost\n|move|p2a: normal|Scald|p1a: Dragon\n|-resisted|p1a: Dragon\n|-damage|p1a: Dragon|53\/100 brn\n|\n|-heal|p1a: Dragon|59\/100 brn|[from] item: Leftovers\n|-damage|p1a: Dragon|53\/100 brn|[from] brn\n|upkeep\n|turn|44\n|\n|t:|1666122764\n|move|p1a: Dragon|Roost|p1a: Dragon\n|-heal|p1a: Dragon|100\/100 brn\n|-singleturn|p1a: Dragon|move: Roost\n|move|p2a: normal|Scald|p1a: Dragon\n|-resisted|p1a: Dragon\n|-damage|p1a: Dragon|81\/100 brn\n|\n|-heal|p1a: Dragon|87\/100 brn|[from] item: Leftovers\n|-damage|p1a: Dragon|81\/100 brn|[from] brn\n|upkeep\n|turn|45\n|\n|t:|1666122769\n|move|p2a: normal|Scald|p1a: Dragon\n|-resisted|p1a: Dragon\n|-damage|p1a: Dragon|62\/100 brn\n|move|p1a: Dragon|Whirlwind|p2a: normal\n|drag|p2a: ground|Marowak-Alola, F|7\/100\n|-start|p2a: ground|typechange|Fire\/Ghost\/Ground|[silent]\n|-damage|p2a: ground|0 fnt|[from] Stealth Rock\n|faint|p2a: ground\n|\n|-heal|p1a: Dragon|68\/100 brn|[from] item: Leftovers\n|-damage|p1a: Dragon|62\/100 brn|[from] brn\n|upkeep\n|c| Highv0ltag3|as a wise man once said\n|c| zaung|why are you saying gg?\n|c|\u2606knexhawk2|gg\n|\n|t:|1666122774\n|switch|p2a: normal|Slowbro, F|96\/100\n|-start|p2a: normal|typechange|Water\/Psychic\/Normal|[silent]\n|-damage|p2a: normal|84\/100|[from] Stealth Rock\n|-damage|p2a: normal|59\/100|[from] Spikes\n|-start|p2a: normal|typechange|Water\/Psychic\/Normal|[silent]\n|turn|46\n|c| Highv0ltag3|\"its ova\"\n|c| zaung|you are dying\n|\n|t:|1666122777\n|move|p2a: normal|Scald|p1a: Dragon\n|-resisted|p1a: Dragon\n|-damage|p1a: Dragon|43\/100 brn\n|move|p1a: Dragon|Whirlwind|p2a: normal\n|drag|p2a: ghost|Porygon2|100\/100\n|-start|p2a: ghost|typechange|Normal\/Ghost|[silent]\n|-damage|p2a: ghost|88\/100|[from] Stealth Rock\n|-damage|p2a: ghost|63\/100|[from] Spikes\n|-ability|p2a: ghost|Sturdy|[from] ability: Trace|[of] p1a: Dragon\n|\n|-heal|p1a: Dragon|49\/100 brn|[from] item: Leftovers\n|-damage|p1a: Dragon|43\/100 brn|[from] brn\n|upkeep\n|-start|p2a: ghost|typechange|Normal\/Ghost|[silent]\n|turn|47\n|\n|t:|1666122787\n|move|p1a: Dragon|Roost|p1a: Dragon\n|-heal|p1a: Dragon|93\/100 brn\n|-singleturn|p1a: Dragon|move: Roost\n|move|p2a: ghost|Recover|p2a: ghost\n|-heal|p2a: ghost|100\/100\n|\n|-heal|p1a: Dragon|99\/100 brn|[from] item: Leftovers\n|-damage|p1a: Dragon|93\/100 brn|[from] brn\n|upkeep\n|turn|48\n|c| Highv0ltag3|im unaware of the winner tho\n|\n|t:|1666122793\n|switch|p1a: Steel|Dragonite, M|100\/100\n|-start|p1a: Steel|typechange|Dragon\/Flying\/Steel|[silent]\n|move|p2a: ghost|Magic Coat|p2a: ghost\n|-singleturn|p2a: ghost|move: Magic Coat\n|\n|upkeep\n|-start|p1a: Steel|typechange|Dragon\/Flying\/Steel|[silent]\n|turn|49\n|\n|t:|1666122797\n|move|p1a: Steel|Heal Bell|p1a: Steel\n|-activate|p1a: Steel|move: Heal Bell\n|-curestatus|p1: Dragon|brn|[msg]\n|move|p2a: ghost|Teleport|p2a: ghost\n|\n|t:|1666122799\n|switch|p2a: normal|Slowbro, F|92\/100|[from]move: Teleport\n|-start|p2a: normal|typechange|Water\/Psychic\/Normal|[silent]\n|-damage|p2a: normal|80\/100|[from] Stealth Rock\n|-damage|p2a: normal|55\/100|[from] Spikes\n|\n|upkeep\n|-start|p2a: normal|typechange|Water\/Psychic\/Normal|[silent]\n|turn|50\n|\n|t:|1666122803\n|switch|p1a: flying|Slowking-Galar, M|58\/100\n|-start|p1a: flying|typechange|Poison\/Psychic\/Flying|[silent]\n|-damage|p1a: flying|33\/100|[from] Stealth Rock\n|move|p2a: normal|Scald|p1a: flying\n|-damage|p1a: flying|22\/100\n|-status|p1a: flying|brn\n|\n|-damage|p1a: flying|16\/100 brn|[from] brn\n|upkeep\n|-start|p1a: flying|typechange|Poison\/Psychic\/Flying|[silent]\n|turn|51\n|-message|Polkaa forfeited.\n|\n|win|knexhawk2\n|n|\u2606knexhawk2|knexhawk2\n|n|\u2606Polkaa|polkaa\n|n| cypherstest|cypherstest\n|n| blastablasta|blastablasta\n|n| Suuicunee|suuicunee\n|n| Sarita Choudhury|saritachoudhury\n|n| Highv0ltag3|highv0ltag3\n|n| zaung|zaung\n|n| testingteams888|testingteams888\n|n| IllegalGorilla|illegalgorilla\n|n| Oh So Cynical|ohsocynical\n|n| htcl|htcl\n|n| OUTDLliquidocelalt|outdlliquidocelalt\n","uploadtime":1666122806,"views":20,"p1id":"knexhawk2","p2id":"polkaa","formatid":"gen8ou","rating":0,"private":0,"password":null}