{"id":"gen8ou-1291730956","p1":"thaxmark","p2":"JoJo321","format":"gen8ou","log":"|j|\u2606thaxmark\n|j|\u2606JoJo321\n|inactive|Battle timer is ON: inactive players will automatically lose when time's up.\n|t:|1614547649\n|player|p1|thaxmark|marshal|\n|player|p2|JoJo321|rood|\n|teamsize|p1|6\n|teamsize|p2|6\n|gametype|singles\n|gen|8\n|tier|[Gen 8] OU\n|rated|Tournament battle\n|clearpoke\n|poke|p1|Heatran, F|\n|poke|p1|Rillaboom, M|\n|poke|p1|Tapu Koko|\n|poke|p1|Tornadus-Therian, M|\n|poke|p1|Articuno|\n|poke|p1|Garchomp, F|\n|poke|p2|Dragapult, F|\n|poke|p2|Zapdos-Galar|\n|poke|p2|Bisharp, F|\n|poke|p2|Shuckle, F|\n|poke|p2|Blacephalon|\n|poke|p2|Landorus-Therian, M|\n|rule|Sleep Clause Mod: Limit one foe put to sleep\n|rule|Species Clause: Limit one of each Pok\u00e9mon\n|rule|OHKO Clause: OHKO moves are banned\n|rule|Evasion Moves Clause: Evasion moves are banned\n|rule|Endless Battle Clause: Forcing endless battles is banned\n|rule|HP Percentage Mod: HP is shown in percentages\n|rule|Dynamax Clause: You cannot dynamax\n|teampreview\n|inactive|thaxmark has 120 seconds left.\n|\n|t:|1614547681\n|start\n|switch|p1a: Tornadus|Tornadus-Therian, M|100\/100\n|switch|p2a: Shuckle|Shuckle, F|100\/100\n|turn|1\n|inactive|thaxmark has 120 seconds left.\n|\n|t:|1614547723\n|move|p1a: Tornadus|Knock Off|p2a: Shuckle\n|-damage|p2a: Shuckle|90\/100\n|-enditem|p2a: Shuckle|Red Card|[from] move: Knock Off|[of] p1a: Tornadus\n|move|p2a: Shuckle|Sticky Web|p1a: Tornadus\n|-sidestart|p1: thaxmark|move: Sticky Web\n|\n|upkeep\n|turn|2\n|\n|t:|1614547731\n|move|p1a: Tornadus|Hurricane|p2a: Shuckle\n|-damage|p2a: Shuckle|62\/100\n|-start|p2a: Shuckle|confusion\n|-activate|p2a: Shuckle|confusion\n|move|p2a: Shuckle|Encore|p1a: Tornadus\n|-start|p1a: Tornadus|Encore\n|\n|upkeep\n|turn|3\n|inactive|thaxmark has 120 seconds left.\n|\n|t:|1614547738\n|move|p1a: Tornadus|Hurricane|p2a: Shuckle\n|-damage|p2a: Shuckle|35\/100\n|-end|p2a: Shuckle|confusion\n|move|p2a: Shuckle|Stealth Rock|p1a: Tornadus\n|-sidestart|p1: thaxmark|move: Stealth Rock\n|\n|upkeep\n|turn|4\n|\n|t:|1614547745\n|switch|p2a: Dragapult|Dragapult, F|100\/100\n|move|p1a: Tornadus|Hurricane|p2a: Dragapult\n|-damage|p2a: Dragapult|43\/100\n|-start|p2a: Dragapult|confusion\n|\n|-heal|p2a: Dragapult|49\/100|[from] item: Leftovers\n|upkeep\n|turn|5\n|\n|t:|1614547753\n|-activate|p2a: Dragapult|confusion\n|move|p2a: Dragapult|Dragon Darts|p1a: Tornadus\n|-damage|p1a: Tornadus|70\/100\n|-anim|p2a: Dragapult|Dragon Darts|p1a: Tornadus\n|-damage|p1a: Tornadus|38\/100\n|move|p1a: Tornadus|Hurricane|p2a: Dragapult\n|-damage|p2a: Dragapult|0 fnt\n|faint|p2a: Dragapult\n|\n|-end|p1a: Tornadus|Encore\n|upkeep\n|\n|t:|1614547757\n|switch|p2a: Landorus|Landorus-Therian, M|100\/100\n|-ability|p2a: Landorus|Intimidate|boost\n|-unboost|p1a: Tornadus|atk|1\n|turn|6\n|\n|t:|1614547766\n|move|p2a: Landorus|Stone Edge|p1a: Tornadus\n|-supereffective|p1a: Tornadus\n|-damage|p1a: Tornadus|0 fnt\n|faint|p1a: Tornadus\n|\n|upkeep\n|\n|t:|1614547789\n|switch|p1a: Rillaboom|Rillaboom, M|100\/100\n|-damage|p1a: Rillaboom|88\/100|[from] Stealth Rock\n|-activate|p1a: Rillaboom|move: Sticky Web\n|-unboost|p1a: Rillaboom|spe|1\n|-fieldstart|move: Grassy Terrain|[from] ability: Grassy Surge|[of] p1a: Rillaboom\n|turn|7\n|\n|t:|1614547796\n|switch|p2a: Shuckle|Shuckle, F|35\/100\n|move|p1a: Rillaboom|U-turn|p2a: Shuckle\n|-damage|p2a: Shuckle|14\/100\n|\n|t:|1614547809\n|switch|p1a: Tapu Koko|Tapu Koko|100\/100|[from]move: U-turn\n|-fieldstart|move: Electric Terrain|[from] ability: Electric Surge|[of] p1a: Tapu Koko\n|\n|upkeep\n|turn|8\n|\n|t:|1614547826\n|switch|p2a: Landorus|Landorus-Therian, M|100\/100\n|-ability|p2a: Landorus|Intimidate|boost\n|-unboost|p1a: Tapu Koko|atk|1\n|move|p1a: Tapu Koko|Thunderbolt|p2a: Landorus\n|-immune|p2a: Landorus\n|\n|upkeep\n|turn|9\n|\n|t:|1614547837\n|switch|p1a: Rillaboom|Rillaboom, M|88\/100\n|-damage|p1a: Rillaboom|76\/100|[from] Stealth Rock\n|-activate|p1a: Rillaboom|move: Sticky Web\n|-unboost|p1a: Rillaboom|spe|1\n|-fieldstart|move: Grassy Terrain|[from] ability: Grassy Surge|[of] p1a: Rillaboom\n|move|p2a: Landorus|U-turn|p1a: Rillaboom\n|-supereffective|p1a: Rillaboom\n|-damage|p1a: Rillaboom|21\/100\n|\n|t:|1614547852\n|switch|p2a: Zapdos|Zapdos-Galar|100\/100|[from]move: U-turn\n|\n|-heal|p1a: Rillaboom|27\/100|[from] Grassy Terrain\n|upkeep\n|turn|10\n|j| Deboitemendumenix\n|\n|t:|1614547868\n|switch|p1a: Articuno|Articuno|100\/100\n|-ability|p1a: Articuno|Pressure\n|move|p2a: Zapdos|Thunderous Kick|p1a: Articuno\n|-damage|p1a: Articuno|58\/100\n|-unboost|p1a: Articuno|def|1\n|\n|upkeep\n|turn|11\n|l| Deboitemendumenix\n|\n|t:|1614547878\n|switch|p1a: Tapu Koko|Tapu Koko|100\/100\n|-fieldstart|move: Electric Terrain|[from] ability: Electric Surge|[of] p1a: Tapu Koko\n|move|p2a: Zapdos|Thunderous Kick|p1a: Tapu Koko\n|-resisted|p1a: Tapu Koko\n|-crit|p1a: Tapu Koko\n|-damage|p1a: Tapu Koko|47\/100\n|-unboost|p1a: Tapu Koko|def|1\n|\n|upkeep\n|turn|12\n|\n|t:|1614547888\n|switch|p2a: Landorus|Landorus-Therian, M|100\/100\n|-ability|p2a: Landorus|Intimidate|boost\n|-unboost|p1a: Tapu Koko|atk|1\n|move|p1a: Tapu Koko|Thunderbolt|p2a: Landorus\n|-immune|p2a: Landorus\n|\n|upkeep\n|turn|13\n|\n|t:|1614547899\n|switch|p1a: Articuno|Articuno|58\/100\n|-ability|p1a: Articuno|Pressure\n|move|p2a: Landorus|Stone Edge|p1a: Articuno|[miss]\n|-miss|p2a: Landorus|p1a: Articuno\n|\n|upkeep\n|turn|14\n|\n|t:|1614547906\n|move|p2a: Landorus|Stone Edge|p1a: Articuno|[miss]\n|-miss|p2a: Landorus|p1a: Articuno\n|move|p1a: Articuno|Freeze-Dry|p2a: Landorus\n|-supereffective|p2a: Landorus\n|-damage|p2a: Landorus|0 fnt\n|faint|p2a: Landorus\n|\n|upkeep\n|\n|t:|1614547909\n|switch|p2a: Blacephalon|Blacephalon|100\/100\n|turn|15\n|\n|t:|1614547916\n|switch|p1a: Heatran|Heatran, F|100\/100\n|-activate|p1a: Heatran|move: Sticky Web\n|-unboost|p1a: Heatran|spe|1\n|-damage|p1a: Heatran|88\/100|[from] Stealth Rock\n|move|p2a: Blacephalon|Shadow Ball|p1a: Heatran\n|-damage|p1a: Heatran|38\/100\n|-unboost|p1a: Heatran|spd|1\n|\n|-heal|p1a: Heatran|44\/100|[from] item: Leftovers\n|-fieldend|move: Electric Terrain\n|upkeep\n|turn|16\n|inactive|thaxmark has 120 seconds left.\n|\n|t:|1614547951\n|move|p2a: Blacephalon|Shadow Ball|p1a: Heatran\n|-damage|p1a: Heatran|0 fnt\n|faint|p1a: Heatran\n|-ability|p2a: Blacephalon|Beast Boost|boost\n|-boost|p2a: Blacephalon|spa|1\n|\n|upkeep\n|\n|t:|1614547957\n|switch|p1a: Articuno|Articuno|58\/100\n|-ability|p1a: Articuno|Pressure\n|turn|17\n|inactive|thaxmark has 120 seconds left.\n|\n|t:|1614547963\n|move|p2a: Blacephalon|Shadow Ball|p1a: Articuno\n|-damage|p1a: Articuno|2\/100\n|move|p1a: Articuno|Toxic|p2a: Blacephalon\n|-status|p2a: Blacephalon|tox\n|\n|-damage|p2a: Blacephalon|94\/100 tox|[from] psn\n|upkeep\n|turn|18\n|inactive|thaxmark has 120 seconds left.\n|\n|t:|1614547983\n|move|p2a: Blacephalon|Shadow Ball|p1a: Articuno\n|-damage|p1a: Articuno|0 fnt\n|faint|p1a: Articuno\n|-ability|p2a: Blacephalon|Beast Boost|boost\n|-boost|p2a: Blacephalon|spa|1\n|\n|-damage|p2a: Blacephalon|82\/100 tox|[from] psn\n|upkeep\n|\n|t:|1614547990\n|switch|p1a: Garchomp|Garchomp, F|100\/100\n|-activate|p1a: Garchomp|move: Sticky Web\n|-unboost|p1a: Garchomp|spe|1\n|-damage|p1a: Garchomp|94\/100|[from] Stealth Rock\n|turn|19\n|inactive|thaxmark has 120 seconds left.\n|\n|t:|1614547999\n|move|p2a: Blacephalon|Shadow Ball|p1a: Garchomp\n|-damage|p1a: Garchomp|0 fnt\n|faint|p1a: Garchomp\n|-ability|p2a: Blacephalon|Beast Boost|boost\n|-boost|p2a: Blacephalon|spa|1\n|\n|-damage|p2a: Blacephalon|64\/100 tox|[from] psn\n|upkeep\n|c|\u2606thaxmark|gg\n|inactive|thaxmark has 120 seconds left.\n|\n|t:|1614548006\n|switch|p1a: Rillaboom|Rillaboom, M|27\/100\n|-damage|p1a: Rillaboom|15\/100|[from] Stealth Rock\n|-activate|p1a: Rillaboom|move: Sticky Web\n|-unboost|p1a: Rillaboom|spe|1\n|-fieldstart|move: Grassy Terrain|[from] ability: Grassy Surge|[of] p1a: Rillaboom\n|turn|20\n|\n|t:|1614548013\n|move|p1a: Rillaboom|Grassy Glide|p2a: Blacephalon\n|-resisted|p2a: Blacephalon\n|-damage|p2a: Blacephalon|0 fnt\n|faint|p2a: Blacephalon\n|\n|-heal|p1a: Rillaboom|21\/100|[from] Grassy Terrain\n|upkeep\n|\n|t:|1614548021\n|switch|p2a: Bisharp|Bisharp, F|100\/100\n|turn|21\n|\n|t:|1614548029\n|move|p1a: Rillaboom|Grassy Glide|p2a: Bisharp\n|-resisted|p2a: Bisharp\n|-damage|p2a: Bisharp|56\/100\n|move|p2a: Bisharp|Swords Dance|p2a: Bisharp\n|-boost|p2a: Bisharp|atk|2\n|\n|-heal|p2a: Bisharp|62\/100|[from] Grassy Terrain\n|-heal|p1a: Rillaboom|27\/100|[from] Grassy Terrain\n|upkeep\n|turn|22\n|\n|t:|1614548038\n|move|p1a: Rillaboom|Grassy Glide|p2a: Bisharp\n|-resisted|p2a: Bisharp\n|-damage|p2a: Bisharp|16\/100\n|move|p2a: Bisharp|Swords Dance|p2a: Bisharp\n|-boost|p2a: Bisharp|atk|2\n|\n|-heal|p2a: Bisharp|22\/100|[from] Grassy Terrain\n|-heal|p1a: Rillaboom|33\/100|[from] Grassy Terrain\n|upkeep\n|turn|23\n|\n|t:|1614548047\n|move|p2a: Bisharp|Sucker Punch|p1a: Rillaboom\n|-damage|p1a: Rillaboom|0 fnt\n|faint|p1a: Rillaboom\n|\n|-heal|p2a: Bisharp|28\/100|[from] Grassy Terrain\n|upkeep\n|\n|t:|1614548052\n|switch|p1a: Tapu Koko|Tapu Koko|47\/100\n|-fieldstart|move: Electric Terrain|[from] ability: Electric Surge|[of] p1a: Tapu Koko\n|turn|24\n|\n|t:|1614548056\n|move|p2a: Bisharp|Sucker Punch||[still]\n|-fail|p2a: Bisharp\n|move|p1a: Tapu Koko|Roost|p1a: Tapu Koko\n|-heal|p1a: Tapu Koko|97\/100\n|-singleturn|p1a: Tapu Koko|move: Roost\n|\n|upkeep\n|turn|25\n|\n|t:|1614548062\n|move|p2a: Bisharp|Sucker Punch||[still]\n|-fail|p2a: Bisharp\n|move|p1a: Tapu Koko|Roost|p1a: Tapu Koko\n|-heal|p1a: Tapu Koko|100\/100\n|-singleturn|p1a: Tapu Koko|move: Roost\n|\n|upkeep\n|turn|26\n|\n|t:|1614548069\n|move|p2a: Bisharp|Sucker Punch|p1a: Tapu Koko\n|-resisted|p1a: Tapu Koko\n|-damage|p1a: Tapu Koko|7\/100\n|move|p1a: Tapu Koko|Thunderbolt|p2a: Bisharp\n|-damage|p2a: Bisharp|0 fnt\n|faint|p2a: Bisharp\n|\n|upkeep\n|\n|t:|1614548073\n|switch|p2a: Zapdos|Zapdos-Galar|100\/100\n|turn|27\n|\n|t:|1614548077\n|move|p1a: Tapu Koko|Thunderbolt|p2a: Zapdos\n|-supereffective|p2a: Zapdos\n|-damage|p2a: Zapdos|0 fnt\n|faint|p2a: Zapdos\n|\n|upkeep\n|-message|JoJo321 forfeited.\n|\n|win|thaxmark\n|n|\u2606thaxmark|thaxmark\n|n|\u2606JoJo321|jojo321\n|l|\u2606JoJo321\n|c|\u2606thaxmark|yoooo\n","uploadtime":1614548089,"views":148,"p1id":"thaxmark","p2id":"jojo321","formatid":"gen8ou","rating":0,"private":0,"password":null}