{"id":"gen8ou-1131089016","p1":"Storm Zone","p2":"big boss 447","format":"gen8ou","log":"|j|\u2606Storm Zone\n|j|\u2606big boss 447\n|player|p1|Storm Zone|zinnia|1758\n|player|p2|big boss 447|n|1732\n|teamsize|p1|6\n|teamsize|p2|6\n|gametype|singles\n|gen|8\n|tier|[Gen 8] OU\n|rated|\n|clearpoke\n|poke|p1|Mew|\n|poke|p1|Braviary, M|\n|poke|p1|Jellicent, F|\n|poke|p1|Ferrothorn, M|\n|poke|p1|Zeraora|\n|poke|p1|Mandibuzz, F|\n|poke|p2|Runerigus, M|\n|poke|p2|Cloyster, F|\n|poke|p2|Aegislash, M|\n|poke|p2|Toxtricity, F|\n|poke|p2|Bisharp, F|\n|poke|p2|Togekiss, M|\n|rule|Sleep Clause Mod: Limit one foe put to sleep\n|rule|Species Clause: Limit one of each Pok\u00e9mon\n|rule|OHKO Clause: OHKO moves are banned\n|rule|Evasion Moves Clause: Evasion moves are banned\n|rule|Endless Battle Clause: Forcing endless battles is banned\n|rule|HP Percentage Mod: HP is shown in percentages\n|rule|Dynamax Clause: You cannot dynamax\n|teampreview\n|inactive|Battle timer is ON: inactive players will automatically lose when time's up. (requested by big boss 447)\n|j| ArcticBreezeX\n|inactive|Storm Zone has 120 seconds left.\n|\n|start\n|switch|p1a: Zephyr|Zeraora|100\/100\n|switch|p2a: Toxtricity|Toxtricity, F|100\/100\n|turn|1\n|\n|switch|p1a: Chaos|Mew, shiny|100\/100\n|move|p2a: Toxtricity|Boomburst|p1a: Chaos\n|-damage|p1a: Chaos|8\/100\n|\n|upkeep\n|turn|2\n|\n|switch|p2a: Aegislash|Aegislash, M|100\/100\n|move|p1a: Chaos|Flare Blitz|p2a: Aegislash\n|-supereffective|p2a: Aegislash\n|-damage|p2a: Aegislash|14\/100\n|-damage|p1a: Chaos|0 fnt|[from] Recoil\n|faint|p1a: Chaos\n|\n|upkeep\n|\n|switch|p1a: Temple|Ferrothorn, M|100\/100\n|turn|3\n|\n|-formechange|p2a: Aegislash|Aegislash-Blade||[from] ability: Stance Change\n|move|p2a: Aegislash|Close Combat|p1a: Temple\n|-supereffective|p1a: Temple\n|-damage|p1a: Temple|40\/100\n|-unboost|p2a: Aegislash|def|1\n|-unboost|p2a: Aegislash|spd|1\n|-damage|p2a: Aegislash|2\/100|[from] ability: Iron Barbs|[of] p1a: Temple\n|-damage|p2a: Aegislash|0 fnt|[from] item: Rocky Helmet|[of] p1a: Temple\n|faint|p2a: Aegislash\n|move|p1a: Temple|Stealth Rock|p2: Aegislash\n|-sidestart|p2: big boss 447|move: Stealth Rock\n|\n|upkeep\n|\n|switch|p2a: Runerigus|Runerigus, M|100\/100\n|-damage|p2a: Runerigus|94\/100|[from] Stealth Rock\n|turn|4\n|\n|move|p2a: Runerigus|Stealth Rock|p1a: Temple\n|-sidestart|p1: Storm Zone|move: Stealth Rock\n|move|p1a: Temple|Knock Off|p2a: Runerigus\n|-supereffective|p2a: Runerigus\n|-enditem|p2a: Runerigus|Colbur Berry|[eat]\n|-enditem|p2a: Runerigus|Colbur Berry|[weaken]\n|-damage|p2a: Runerigus|81\/100\n|-activate|p2a: Runerigus|ability: Wandering Spirit|Iron Barbs|Wandering Spirit|[of] p1a: Temple\n|\n|upkeep\n|turn|5\n|\n|switch|p1a: Ashura|Jellicent, F|100\/100\n|-damage|p1a: Ashura|88\/100|[from] Stealth Rock\n|move|p2a: Runerigus|Will-O-Wisp|p1a: Ashura\n|-status|p1a: Ashura|brn\n|\n|-heal|p1a: Ashura|94\/100 brn|[from] item: Leftovers\n|-damage|p1a: Ashura|88\/100 brn|[from] brn\n|upkeep\n|turn|6\n|\n|switch|p2a: Toxtricity|Toxtricity, F|100\/100\n|-damage|p2a: Toxtricity|88\/100|[from] Stealth Rock\n|move|p1a: Ashura|Will-O-Wisp|p2a: Toxtricity\n|-status|p2a: Toxtricity|brn\n|\n|-heal|p1a: Ashura|94\/100 brn|[from] item: Leftovers\n|-damage|p2a: Toxtricity|82\/100 brn|[from] brn\n|-damage|p1a: Ashura|88\/100 brn|[from] brn\n|upkeep\n|turn|7\n|\n|move|p2a: Toxtricity|Boomburst|p1a: Ashura\n|-immune|p1a: Ashura\n|move|p1a: Ashura|Hex|p2a: Toxtricity\n|-damage|p2a: Toxtricity|20\/100 brn\n|\n|-heal|p1a: Ashura|94\/100 brn|[from] item: Leftovers\n|-damage|p2a: Toxtricity|14\/100 brn|[from] brn\n|-damage|p1a: Ashura|88\/100 brn|[from] brn\n|upkeep\n|turn|8\n|\n|switch|p2a: Togekiss|Togekiss, M|100\/100\n|-damage|p2a: Togekiss|76\/100|[from] Stealth Rock\n|move|p1a: Ashura|Will-O-Wisp|p2a: Togekiss\n|-status|p2a: Togekiss|brn\n|\n|-heal|p1a: Ashura|94\/100 brn|[from] item: Leftovers\n|-damage|p2a: Togekiss|70\/100 brn|[from] brn\n|-damage|p1a: Ashura|88\/100 brn|[from] brn\n|upkeep\n|turn|9\n|\n|switch|p1a: Zephyr|Zeraora|100\/100\n|-damage|p1a: Zephyr|88\/100|[from] Stealth Rock\n|move|p2a: Togekiss|Air Slash|p1a: Zephyr\n|-resisted|p1a: Zephyr\n|-damage|p1a: Zephyr|62\/100\n|\n|-heal|p1a: Zephyr|68\/100|[from] item: Leftovers\n|-damage|p2a: Togekiss|64\/100 brn|[from] brn\n|upkeep\n|turn|10\n|\n|switch|p2a: Runerigus|Runerigus, M|81\/100\n|-damage|p2a: Runerigus|75\/100|[from] Stealth Rock\n|move|p1a: Zephyr|Calm Mind|p1a: Zephyr\n|-boost|p1a: Zephyr|spa|1\n|-boost|p1a: Zephyr|spd|1\n|\n|-heal|p1a: Zephyr|74\/100|[from] item: Leftovers\n|upkeep\n|turn|11\n|\n|move|p1a: Zephyr|Grass Knot|p2a: Runerigus\n|-supereffective|p2a: Runerigus\n|-damage|p2a: Runerigus|7\/100\n|-activate|p2a: Runerigus|ability: Wandering Spirit|Volt Absorb|Wandering Spirit|[of] p1a: Zephyr\n|move|p2a: Runerigus|Earthquake|p1a: Zephyr\n|-supereffective|p1a: Zephyr\n|-damage|p1a: Zephyr|0 fnt\n|faint|p1a: Zephyr\n|\n|upkeep\n|\n|switch|p1a: Bloodwing|Braviary, M|100\/100\n|turn|12\n|\n|move|p1a: Bloodwing|Brave Bird|p2a: Runerigus\n|-damage|p2a: Runerigus|0 fnt\n|-damage|p1a: Bloodwing|98\/100|[from] Recoil\n|faint|p2a: Runerigus\n|\n|upkeep\n|\n|switch|p2a: Cloyster|Cloyster, F|100\/100\n|-damage|p2a: Cloyster|76\/100|[from] Stealth Rock\n|turn|13\n|\n|switch|p1a: Ashura|Jellicent, F|88\/100 brn\n|-damage|p1a: Ashura|76\/100 brn|[from] Stealth Rock\n|move|p2a: Cloyster|Shell Smash|p2a: Cloyster\n|-unboost|p2a: Cloyster|def|1\n|-unboost|p2a: Cloyster|spd|1\n|-boost|p2a: Cloyster|atk|2\n|-boost|p2a: Cloyster|spa|2\n|-boost|p2a: Cloyster|spe|2\n|\n|-heal|p1a: Ashura|82\/100 brn|[from] item: Leftovers\n|-damage|p1a: Ashura|76\/100 brn|[from] brn\n|upkeep\n|turn|14\n|\n|move|p2a: Cloyster|Rock Blast|p1a: Ashura\n|-damage|p1a: Ashura|64\/100 brn\n|-damage|p1a: Ashura|52\/100 brn\n|-damage|p1a: Ashura|40\/100 brn\n|-damage|p1a: Ashura|28\/100 brn\n|-damage|p1a: Ashura|16\/100 brn\n|-hitcount|p1a: Ashura|5\n|move|p1a: Ashura|Strength Sap|p2a: Cloyster\n|-unboost|p2a: Cloyster|atk|1\n|-heal|p1a: Ashura|100\/100 brn\n|\n|-damage|p1a: Ashura|94\/100 brn|[from] brn\n|upkeep\n|turn|15\n|\n|move|p2a: Cloyster|Rock Blast|p1a: Ashura\n|-damage|p1a: Ashura|85\/100 brn\n|-damage|p1a: Ashura|77\/100 brn\n|-damage|p1a: Ashura|69\/100 brn\n|-damage|p1a: Ashura|59\/100 brn\n|-damage|p1a: Ashura|49\/100 brn\n|-hitcount|p1a: Ashura|5\n|cant|p1a: Ashura|flinch\n|\n|-heal|p1a: Ashura|55\/100 brn|[from] item: Leftovers\n|-damage|p1a: Ashura|49\/100 brn|[from] brn\n|upkeep\n|turn|16\n|\n|move|p2a: Cloyster|Rock Blast|p1a: Ashura\n|-damage|p1a: Ashura|40\/100 brn\n|-damage|p1a: Ashura|32\/100 brn\n|-damage|p1a: Ashura|23\/100 brn\n|-damage|p1a: Ashura|14\/100 brn\n|-damage|p1a: Ashura|5\/100 brn\n|-hitcount|p1a: Ashura|5\n|move|p1a: Ashura|Will-O-Wisp|p2a: Cloyster\n|-status|p2a: Cloyster|brn\n|\n|-heal|p1a: Ashura|11\/100 brn|[from] item: Leftovers\n|-damage|p2a: Cloyster|69\/100 brn|[from] brn\n|-damage|p1a: Ashura|5\/100 brn|[from] brn\n|upkeep\n|turn|17\n|\n|move|p2a: Cloyster|Icicle Spear|p1a: Ashura\n|-resisted|p1a: Ashura\n|-damage|p1a: Ashura|2\/100 brn\n|-resisted|p1a: Ashura\n|-damage|p1a: Ashura|0 fnt\n|-hitcount|p1a: Ashura|2\n|faint|p1a: Ashura\n|\n|-damage|p2a: Cloyster|63\/100 brn|[from] brn\n|upkeep\n|\n|switch|p1a: Temple|Ferrothorn, M|40\/100\n|-damage|p1a: Temple|33\/100|[from] Stealth Rock\n|turn|18\n|\n|move|p2a: Cloyster|Icicle Spear|p1a: Temple\n|-crit|p1a: Temple\n|-damage|p1a: Temple|26\/100\n|-damage|p1a: Temple|21\/100\n|-damage|p1a: Temple|16\/100\n|-damage|p1a: Temple|11\/100\n|-damage|p1a: Temple|6\/100\n|-hitcount|p1a: Temple|5\n|move|p1a: Temple|Body Press|p2a: Cloyster\n|-supereffective|p2a: Cloyster\n|-damage|p2a: Cloyster|0 fnt\n|faint|p2a: Cloyster\n|\n|upkeep\n|\n|switch|p2a: Togekiss|Togekiss, M|64\/100 brn\n|-damage|p2a: Togekiss|39\/100 brn|[from] Stealth Rock\n|turn|19\n|\n|move|p2a: Togekiss|Air Slash|p1a: Temple\n|-damage|p1a: Temple|0 fnt\n|faint|p1a: Temple\n|\n|-damage|p2a: Togekiss|33\/100 brn|[from] brn\n|upkeep\n|\n|switch|p1a: Bloodwing|Braviary, M|98\/100\n|turn|20\n|\n|move|p2a: Togekiss|Air Slash|p1a: Bloodwing\n|-damage|p1a: Bloodwing|49\/100\n|cant|p1a: Bloodwing|flinch\n|\n|-damage|p2a: Togekiss|27\/100 brn|[from] brn\n|upkeep\n|turn|21\n|\n|move|p2a: Togekiss|Air Slash|p1a: Bloodwing\n|-damage|p1a: Bloodwing|2\/100\n|cant|p1a: Bloodwing|flinch\n|\n|-damage|p2a: Togekiss|20\/100 brn|[from] brn\n|upkeep\n|turn|22\n|\n|move|p2a: Togekiss|Air Slash|p1a: Bloodwing|[miss]\n|-miss|p2a: Togekiss|p1a: Bloodwing\n|move|p1a: Bloodwing|Brave Bird|p2a: Togekiss\n|-damage|p2a: Togekiss|0 fnt\n|-damage|p1a: Bloodwing|0 fnt|[from] Recoil\n|faint|p2a: Togekiss\n|faint|p1a: Bloodwing\n|\n|upkeep\n|\n|switch|p1a: Yami|Mandibuzz, F, shiny|100\/100\n|switch|p2a: Toxtricity|Toxtricity, F|14\/100 brn\n|-damage|p2a: Toxtricity|1\/100 brn|[from] Stealth Rock\n|turn|23\n|\n|move|p1a: Yami|Foul Play|p2a: Toxtricity\n|-damage|p2a: Toxtricity|0 fnt\n|faint|p2a: Toxtricity\n|\n|upkeep\n|\n|switch|p2a: Bisharp|Bisharp, F|100\/100\n|-damage|p2a: Bisharp|95\/100|[from] Stealth Rock\n|turn|24\n|\n|move|p1a: Yami|Taunt|p2a: Bisharp\n|-start|p2a: Bisharp|move: Taunt\n|move|p2a: Bisharp|Iron Head|p1a: Yami\n|-damage|p1a: Yami|56\/100\n|-damage|p2a: Bisharp|85\/100|[from] item: Life Orb\n|\n|upkeep\n|turn|25\n|\n|move|p1a: Yami|Foul Play|p2a: Bisharp\n|-resisted|p2a: Bisharp\n|-damage|p2a: Bisharp|54\/100\n|move|p2a: Bisharp|Iron Head|p1a: Yami\n|-damage|p1a: Yami|14\/100\n|-damage|p2a: Bisharp|44\/100|[from] item: Life Orb\n|\n|upkeep\n|turn|26\n|\n|move|p1a: Yami|Roost|p1a: Yami\n|-heal|p1a: Yami|64\/100\n|-singleturn|p1a: Yami|move: Roost\n|move|p2a: Bisharp|Iron Head|p1a: Yami\n|-damage|p1a: Yami|22\/100\n|-damage|p2a: Bisharp|34\/100|[from] item: Life Orb\n|\n|-end|p2a: Bisharp|move: Taunt\n|upkeep\n|turn|27\n|\n|move|p1a: Yami|Roost|p1a: Yami\n|-heal|p1a: Yami|72\/100\n|-singleturn|p1a: Yami|move: Roost\n|move|p2a: Bisharp|Iron Head|p1a: Yami\n|-damage|p1a: Yami|29\/100\n|-damage|p2a: Bisharp|24\/100|[from] item: Life Orb\n|\n|upkeep\n|turn|28\n|j| storm zones\n|\n|move|p1a: Yami|Foul Play|p2a: Bisharp\n|-resisted|p2a: Bisharp\n|-damage|p2a: Bisharp|0 fnt\n|faint|p2a: Bisharp\n|\n|win|Storm Zone\n|l|\u2606big boss 447\n|l| storm zones\n|l|\u2606Storm Zone\n|l| ArcticBreezeX\n||Ladder (probably) updated, but score could not be retrieved (Request timeout).\n","uploadtime":1591916292,"views":842,"p1id":"stormzone","p2id":"bigboss447","formatid":"gen8ou","rating":0,"private":0,"password":null}