{"id":"gen8ou-1706554822","p1":"Delibird Heart","p2":"mayhem2001","format":"gen8ou","log":"|j|\u2606Delibird Heart\n|j|\u2606mayhem2001\n|inactive|Battle timer is ON: inactive players will automatically lose when time's up.\n|t:|1668003767\n|gametype|singles\n|player|p1|Delibird Heart|guitarist-gen4|\n|player|p2|mayhem2001|1|\n|teamsize|p1|6\n|teamsize|p2|6\n|gen|8\n|tier|[Gen 8] OU\n|rated|Tournament battle\n|rule|Sleep Clause Mod: Limit one foe put to sleep\n|rule|Species Clause: Limit one of each Pok\u00e9mon\n|rule|OHKO Clause: OHKO moves are banned\n|rule|Evasion Items Clause: Evasion items are banned\n|rule|Evasion Moves Clause: Evasion moves are banned\n|rule|Endless Battle Clause: Forcing endless battles is banned\n|rule|HP Percentage Mod: HP is shown in percentages\n|rule|Dynamax Clause: You cannot dynamax\n|clearpoke\n|poke|p1|Sandaconda, F|\n|poke|p1|Togekiss, M|\n|poke|p1|Jirachi|\n|poke|p1|Corviknight, F|\n|poke|p1|Melmetal|\n|poke|p1|Slowbro-Galar, M|\n|poke|p2|Tyranitar, F|\n|poke|p2|Dracozolt|\n|poke|p2|Ferrothorn, F|\n|poke|p2|Tornadus-Therian, M|\n|poke|p2|Tapu Fini|\n|poke|p2|Clefable, F|\n|teampreview\n|inactive|Delibird Heart also wants the timer to be on.\n|inactive|mayhem2001 also wants the timer to be on.\n|j| trxgic\u2605\n|j| PikaYumCute\n|j| 228i996\n|l| PikaYumCute\n|\n|t:|1668003790\n|start\n|switch|p1a: Mr. Sandman|Sandaconda, F|100\/100\n|switch|p2a: Ferrothorn|Ferrothorn, F|100\/100\n|turn|1\n|\n|t:|1668003793\n|move|p1a: Mr. Sandman|Glare|p2a: Ferrothorn\n|-status|p2a: Ferrothorn|par\n|move|p2a: Ferrothorn|Leech Seed|p1a: Mr. Sandman\n|-start|p1a: Mr. Sandman|move: Leech Seed\n|\n|-damage|p1a: Mr. Sandman|88\/100|[from] Leech Seed|[of] p2a: Ferrothorn\n|upkeep\n|turn|2\n|j| cypherstest\n|\n|t:|1668003800\n|switch|p1a: Polaris|Jirachi|100\/100\n|move|p2a: Ferrothorn|Spikes|p1a: Polaris\n|-sidestart|p1: Delibird Heart|Spikes\n|\n|upkeep\n|turn|3\n|j| PikaYumCute\n|\n|t:|1668003807\n|switch|p2a: Tapu Fini|Tapu Fini|100\/100\n|-fieldstart|move: Misty Terrain|[from] ability: Misty Surge|[of] p2a: Tapu Fini\n|move|p1a: Polaris|Iron Head|p2a: Tapu Fini\n|-crit|p2a: Tapu Fini\n|-damage|p2a: Tapu Fini|42\/100\n|\n|-heal|p2a: Tapu Fini|48\/100|[from] item: Leftovers\n|upkeep\n|turn|4\n|l| PikaYumCute\n|\n|t:|1668003819\n|switch|p2a: Ferrothorn|Ferrothorn, F|100\/100 par\n|move|p1a: Polaris|Wish|p1a: Polaris\n|\n|upkeep\n|turn|5\n|\n|t:|1668003823\n|move|p1a: Polaris|Iron Head|p2a: Ferrothorn\n|-resisted|p2a: Ferrothorn\n|-damage|p2a: Ferrothorn|90\/100 par\n|-activate|p2a: Ferrothorn|ability: Iron Barbs\n|-activate|p1a: Polaris|item: Protective Pads\n|cant|p2a: Ferrothorn|flinch\n|\n|-heal|p2a: Ferrothorn|96\/100 par|[from] item: Leftovers\n|upkeep\n|turn|6\n|\n|t:|1668003832\n|move|p1a: Polaris|Fire Punch|p2a: Ferrothorn\n|-supereffective|p2a: Ferrothorn\n|-crit|p2a: Ferrothorn\n|-damage|p2a: Ferrothorn|16\/100 par\n|-activate|p2a: Ferrothorn|ability: Iron Barbs\n|-activate|p1a: Polaris|item: Protective Pads\n|cant|p2a: Ferrothorn|par\n|\n|-heal|p2a: Ferrothorn|23\/100 par|[from] item: Leftovers\n|upkeep\n|turn|7\n|\n|t:|1668003840\n|switch|p2a: Clefable|Clefable, F|100\/100\n|move|p1a: Polaris|Fire Punch|p2a: Clefable\n|-damage|p2a: Clefable|83\/100\n|\n|-heal|p2a: Clefable|89\/100|[from] item: Leftovers\n|-fieldend|Misty Terrain\n|upkeep\n|turn|8\n|\n|t:|1668003843\n|move|p1a: Polaris|Iron Head|p2a: Clefable\n|-supereffective|p2a: Clefable\n|-damage|p2a: Clefable|31\/100\n|cant|p2a: Clefable|flinch\n|\n|-heal|p2a: Clefable|37\/100|[from] item: Leftovers\n|upkeep\n|turn|9\n|\n|t:|1668003849\n|switch|p2a: Tornadus|Tornadus-Therian, M|100\/100\n|move|p1a: Polaris|Iron Head|p2a: Tornadus\n|-damage|p2a: Tornadus|56\/100\n|\n|upkeep\n|turn|10\n|\n|t:|1668003855\n|move|p2a: Tornadus|Knock Off|p1a: Polaris\n|-supereffective|p1a: Polaris\n|-damage|p1a: Polaris|64\/100\n|-enditem|p1a: Polaris|Protective Pads|[from] move: Knock Off|[of] p2a: Tornadus\n|move|p1a: Polaris|Body Slam|p2a: Tornadus\n|-damage|p2a: Tornadus|28\/100\n|-status|p2a: Tornadus|par\n|\n|upkeep\n|turn|11\n|\n|t:|1668003864\n|switch|p2a: Ferrothorn|Ferrothorn, F|23\/100 par\n|move|p1a: Polaris|Wish|p1a: Polaris\n|\n|-heal|p2a: Ferrothorn|29\/100 par|[from] item: Leftovers\n|upkeep\n|turn|12\n|\n|t:|1668003867\n|move|p1a: Polaris|Fire Punch|p2a: Ferrothorn\n|-supereffective|p2a: Ferrothorn\n|-damage|p2a: Ferrothorn|0 fnt\n|-damage|p1a: Polaris|52\/100|[from] ability: Iron Barbs|[of] p2a: Ferrothorn\n|faint|p2a: Ferrothorn\n|\n|-heal|p1a: Polaris|100\/100|[from] move: Wish|[wisher] Polaris\n|upkeep\n|\n|t:|1668003870\n|switch|p2a: Tyranitar|Tyranitar, F|100\/100\n|-weather|Sandstorm|[from] ability: Sand Stream|[of] p2a: Tyranitar\n|turn|13\n|\n|t:|1668003875\n|switch|p1a: Emo Dove|Corviknight, F|100\/100\n|-ability|p1a: Emo Dove|Pressure\n|move|p2a: Tyranitar|Earthquake|p1a: Emo Dove\n|-immune|p1a: Emo Dove\n|\n|-weather|Sandstorm|[upkeep]\n|upkeep\n|turn|14\n|\n|t:|1668003880\n|switch|p1a: Mr. Sandman|Sandaconda, F|88\/100\n|-damage|p1a: Mr. Sandman|76\/100|[from] Spikes\n|move|p2a: Tyranitar|Thunder Wave|p1a: Mr. Sandman\n|-immune|p1a: Mr. Sandman\n|\n|-weather|Sandstorm|[upkeep]\n|-heal|p1a: Mr. Sandman|82\/100|[from] item: Leftovers\n|upkeep\n|turn|15\n|\n|t:|1668003892\n|move|p1a: Mr. Sandman|Glare|p2a: Tyranitar\n|-status|p2a: Tyranitar|par\n|move|p2a: Tyranitar|Stealth Rock|p1a: Mr. Sandman\n|-sidestart|p1: Delibird Heart|move: Stealth Rock\n|\n|-weather|Sandstorm|[upkeep]\n|-heal|p1a: Mr. Sandman|88\/100|[from] item: Leftovers\n|upkeep\n|turn|16\n|\n|t:|1668003899\n|switch|p2a: Dracozolt|Dracozolt|100\/100\n|move|p1a: Mr. Sandman|Stealth Rock|p2a: Dracozolt\n|-sidestart|p2: mayhem2001|move: Stealth Rock\n|\n|-weather|Sandstorm|[upkeep]\n|-heal|p1a: Mr. Sandman|94\/100|[from] item: Leftovers\n|upkeep\n|turn|17\n|\n|t:|1668003905\n|move|p2a: Dracozolt|Draco Meteor|p1a: Mr. Sandman\n|-damage|p1a: Mr. Sandman|48\/100\n|-unboost|p2a: Dracozolt|spa|2\n|-damage|p2a: Dracozolt|91\/100|[from] item: Life Orb\n|move|p1a: Mr. Sandman|Earthquake|p2a: Dracozolt\n|-supereffective|p2a: Dracozolt\n|-damage|p2a: Dracozolt|0 fnt\n|faint|p2a: Dracozolt\n|\n|-weather|none\n|-heal|p1a: Mr. Sandman|54\/100|[from] item: Leftovers\n|upkeep\n|\n|t:|1668003918\n|switch|p2a: Clefable|Clefable, F|37\/100\n|turn|18\n|\n|t:|1668003922\n|move|p1a: Mr. Sandman|Glare|p2a: Clefable\n|-status|p2a: Clefable|par\n|cant|p2a: Clefable|par\n|\n|-heal|p1a: Mr. Sandman|60\/100|[from] item: Leftovers\n|-heal|p2a: Clefable|43\/100 par|[from] item: Leftovers\n|upkeep\n|turn|19\n|\n|t:|1668003933\n|move|p1a: Mr. Sandman|Earthquake|p2a: Clefable\n|-damage|p2a: Clefable|13\/100 par\n|move|p2a: Clefable|Soft-Boiled|p2a: Clefable\n|-heal|p2a: Clefable|63\/100 par\n|\n|-heal|p1a: Mr. Sandman|66\/100|[from] item: Leftovers\n|-heal|p2a: Clefable|69\/100 par|[from] item: Leftovers\n|upkeep\n|turn|20\n|\n|t:|1668003947\n|switch|p1a: Polaris|Jirachi|100\/100\n|-damage|p1a: Polaris|88\/100|[from] Spikes\n|-damage|p1a: Polaris|82\/100|[from] Stealth Rock\n|move|p2a: Clefable|Soft-Boiled|p2a: Clefable\n|-heal|p2a: Clefable|100\/100 par\n|\n|upkeep\n|turn|21\n|\n|t:|1668003953\n|move|p1a: Polaris|Iron Head|p2a: Clefable\n|-supereffective|p2a: Clefable\n|-damage|p2a: Clefable|43\/100 par\n|cant|p2a: Clefable|flinch\n|\n|-heal|p2a: Clefable|49\/100 par|[from] item: Leftovers\n|upkeep\n|turn|22\n|\n|t:|1668003958\n|move|p1a: Polaris|Iron Head|p2a: Clefable\n|-supereffective|p2a: Clefable\n|-damage|p2a: Clefable|0 fnt\n|faint|p2a: Clefable\n|\n|upkeep\n|\n|t:|1668003967\n|switch|p2a: Tapu Fini|Tapu Fini|48\/100\n|-damage|p2a: Tapu Fini|35\/100|[from] Stealth Rock\n|-fieldstart|move: Misty Terrain|[from] ability: Misty Surge|[of] p2a: Tapu Fini\n|turn|23\n|\n|t:|1668003969\n|move|p2a: Tapu Fini|Scald|p1a: Polaris\n|-damage|p1a: Polaris|55\/100\n|move|p1a: Polaris|Wish|p1a: Polaris\n|\n|-heal|p2a: Tapu Fini|41\/100|[from] item: Leftovers\n|upkeep\n|turn|24\n|\n|t:|1668003975\n|move|p2a: Tapu Fini|Scald|p1a: Polaris\n|-damage|p1a: Polaris|28\/100\n|move|p1a: Polaris|Iron Head|p2a: Tapu Fini\n|-damage|p2a: Tapu Fini|0 fnt\n|faint|p2a: Tapu Fini\n|\n|-heal|p1a: Polaris|78\/100|[from] move: Wish|[wisher] Polaris\n|upkeep\n|\n|t:|1668003980\n|switch|p2a: Tyranitar|Tyranitar, F|100\/100 par\n|-damage|p2a: Tyranitar|88\/100 par|[from] Stealth Rock\n|-weather|Sandstorm|[from] ability: Sand Stream|[of] p2a: Tyranitar\n|turn|25\n|-message|mayhem2001 forfeited.\n|\n|win|Delibird Heart\n|n|\u2606Delibird Heart|delibirdheart\n|n|\u2606mayhem2001|mayhem2001\n|n| trxgic\u2605|trxgic\n|n| 228i996|228i996\n|n| cypherstest|cypherstest\n|l|\u2606mayhem2001\n|c|\u2606Delibird Heart|gg\n","uploadtime":1668003991,"views":2,"p1id":"delibirdheart","p2id":"mayhem2001","formatid":"gen8ou","rating":0,"private":0,"password":null}