{"id":"gen8ou-1578632078","p1":"chokst du","p2":"LECH24","format":"gen8ou","log":"|j|\u2606chokst du\n|j|\u2606LECH24\n|t:|1653002059\n|gametype|singles\n|player|p1|chokst du|lucas|1712\n|player|p2|LECH24|102|1642\n|teamsize|p1|6\n|teamsize|p2|6\n|gen|8\n|tier|[Gen 8] OU\n|rated|\n|rule|Sleep Clause Mod: Limit one foe put to sleep\n|rule|Species Clause: Limit one of each Pok\u00e9mon\n|rule|OHKO Clause: OHKO moves are banned\n|rule|Evasion Moves Clause: Evasion moves are banned\n|rule|Endless Battle Clause: Forcing endless battles is banned\n|rule|HP Percentage Mod: HP is shown in percentages\n|rule|Dynamax Clause: You cannot dynamax\n|clearpoke\n|poke|p1|Hippowdon, F|\n|poke|p1|Zapdos-Galar|\n|poke|p1|Weavile, F|\n|poke|p1|Excadrill, F|\n|poke|p1|Skarmory, M|\n|poke|p1|Toxapex, F|\n|poke|p2|Heatran, M|\n|poke|p2|Tornadus-Therian, M|\n|poke|p2|Dragapult, M|\n|poke|p2|Nidoking, M|\n|poke|p2|Buzzwole|\n|poke|p2|Tapu Lele|\n|teampreview\n|\n|t:|1653002076\n|start\n|switch|p1a: Zapdos|Zapdos-Galar|100\/100\n|switch|p2a: Dragapult|Dragapult, M|100\/100\n|turn|1\n|\n|t:|1653002085\n|switch|p1a: Hippowdon|Hippowdon, F|100\/100\n|-weather|Sandstorm|[from] ability: Sand Stream|[of] p1a: Hippowdon\n|move|p2a: Dragapult|Draco Meteor|p1a: Hippowdon\n|-damage|p1a: Hippowdon|45\/100\n|-unboost|p2a: Dragapult|spa|2\n|\n|-weather|Sandstorm|[upkeep]\n|-damage|p2a: Dragapult|95\/100|[from] Sandstorm\n|-heal|p1a: Hippowdon|51\/100|[from] item: Leftovers\n|upkeep\n|turn|2\n|\n|t:|1653002092\n|switch|p2a: Tornadus|Tornadus-Therian, M|100\/100\n|move|p1a: Hippowdon|Slack Off|p1a: Hippowdon\n|-heal|p1a: Hippowdon|100\/100\n|\n|-weather|Sandstorm|[upkeep]\n|-damage|p2a: Tornadus|94\/100|[from] Sandstorm\n|upkeep\n|turn|3\n|inactive|Battle timer is ON: inactive players will automatically lose when time's up. (requested by LECH24)\n|\n|t:|1653002131\n|move|p2a: Tornadus|Knock Off|p1a: Hippowdon\n|-damage|p1a: Hippowdon|87\/100\n|-enditem|p1a: Hippowdon|Leftovers|[from] move: Knock Off|[of] p2a: Tornadus\n|move|p1a: Hippowdon|Toxic|p2a: Tornadus\n|-status|p2a: Tornadus|tox\n|\n|-weather|Sandstorm|[upkeep]\n|-damage|p2a: Tornadus|88\/100 tox|[from] Sandstorm\n|-damage|p2a: Tornadus|82\/100 tox|[from] psn\n|upkeep\n|turn|4\n|j| animekingreal\n|inactive|LECH24 has 120 seconds left.\n|\n|t:|1653002167\n|move|p2a: Tornadus|Hurricane|p1a: Hippowdon\n|-damage|p1a: Hippowdon|60\/100\n|move|p1a: Hippowdon|Stealth Rock|p2a: Tornadus\n|-sidestart|p2: LECH24|move: Stealth Rock\n|\n|-weather|Sandstorm|[upkeep]\n|-damage|p2a: Tornadus|76\/100 tox|[from] Sandstorm\n|-damage|p2a: Tornadus|64\/100 tox|[from] psn\n|upkeep\n|turn|5\n|j| ash_won_kalos\n|\n|t:|1653002191\n|move|p2a: Tornadus|U-turn|p1a: Hippowdon\n|-damage|p1a: Hippowdon|50\/100\n|\n|t:|1653002195\n|switch|p2a: Nidoking|Nidoking, M|100\/100|[from]move: U-turn\n|-damage|p2a: Nidoking|95\/100|[from] Stealth Rock\n|move|p1a: Hippowdon|Slack Off|p1a: Hippowdon\n|-heal|p1a: Hippowdon|99\/100\n|\n|-weather|none\n|upkeep\n|turn|6\n|\n|t:|1653002212\n|switch|p2a: Tornadus|Tornadus-Therian, M|97\/100 tox\n|move|p1a: Hippowdon|Earthquake|p2a: Tornadus\n|-immune|p2a: Tornadus\n|\n|-damage|p2a: Tornadus|91\/100 tox|[from] psn\n|upkeep\n|turn|7\n|\n|t:|1653002219\n|switch|p1a: Toxapex|Toxapex, F|100\/100\n|move|p2a: Tornadus|Hurricane|p1a: Toxapex\n|-damage|p1a: Toxapex|69\/100\n|\n|-damage|p2a: Tornadus|79\/100 tox|[from] psn\n|upkeep\n|turn|8\n|\n|t:|1653002226\n|move|p2a: Tornadus|U-turn|p1a: Toxapex\n|-resisted|p1a: Toxapex\n|-damage|p1a: Toxapex|64\/100\n|\n|t:|1653002229\n|switch|p2a: Nidoking|Nidoking, M|95\/100|[from]move: U-turn\n|-damage|p2a: Nidoking|89\/100|[from] Stealth Rock\n|move|p1a: Toxapex|Knock Off|p2a: Nidoking\n|-damage|p2a: Nidoking|70\/100\n|-enditem|p2a: Nidoking|Life Orb|[from] move: Knock Off|[of] p1a: Toxapex\n|\n|upkeep\n|turn|9\n|\n|t:|1653002233\n|switch|p1a: Hippowdon|Hippowdon, F|99\/100\n|-weather|Sandstorm|[from] ability: Sand Stream|[of] p1a: Hippowdon\n|move|p2a: Nidoking|Stealth Rock|p1a: Hippowdon\n|-sidestart|p1: chokst du|move: Stealth Rock\n|\n|-weather|Sandstorm|[upkeep]\n|upkeep\n|turn|10\n|\n|t:|1653002238\n|move|p2a: Nidoking|Ice Beam|p1a: Hippowdon\n|-supereffective|p1a: Hippowdon\n|-damage|p1a: Hippowdon|58\/100\n|move|p1a: Hippowdon|Earthquake|p2a: Nidoking\n|-supereffective|p2a: Nidoking\n|-damage|p2a: Nidoking|0 fnt\n|faint|p2a: Nidoking\n|\n|-weather|Sandstorm|[upkeep]\n|upkeep\n|\n|t:|1653002243\n|switch|p2a: Heatran|Heatran, M|100\/100\n|-damage|p2a: Heatran|88\/100|[from] Stealth Rock\n|turn|11\n|\n|t:|1653002273\n|switch|p1a: Toxapex|Toxapex, F|97\/100\n|-damage|p1a: Toxapex|84\/100|[from] Stealth Rock\n|move|p2a: Heatran|Eruption|p1a: Toxapex\n|-resisted|p1a: Toxapex\n|-damage|p1a: Toxapex|43\/100\n|\n|-weather|Sandstorm|[upkeep]\n|-damage|p1a: Toxapex|37\/100|[from] Sandstorm\n|upkeep\n|turn|12\n|\n|t:|1653002277\n|move|p2a: Heatran|Eruption|p1a: Toxapex\n|-resisted|p1a: Toxapex\n|-damage|p1a: Toxapex|0 fnt\n|faint|p1a: Toxapex\n|\n|-weather|Sandstorm|[upkeep]\n|upkeep\n|\n|t:|1653002280\n|switch|p1a: Zapdos|Zapdos-Galar|100\/100\n|-damage|p1a: Zapdos|88\/100|[from] Stealth Rock\n|turn|13\n|\n|t:|1653002298\n|switch|p2a: Tapu Lele|Tapu Lele|100\/100\n|-damage|p2a: Tapu Lele|88\/100|[from] Stealth Rock\n|-fieldstart|move: Psychic Terrain|[from] ability: Psychic Surge|[of] p2a: Tapu Lele\n|move|p1a: Zapdos|Brave Bird|p2a: Tapu Lele\n|-damage|p2a: Tapu Lele|0 fnt\n|faint|p2a: Tapu Lele\n|-damage|p1a: Zapdos|63\/100|[from] Recoil\n|\n|-weather|none\n|upkeep\n|\n|t:|1653002302\n|switch|p2a: Tornadus|Tornadus-Therian, M|100\/100 tox\n|turn|14\n|\n|t:|1653002308\n|switch|p1a: Weavile|Weavile, F|100\/100\n|-ability|p1a: Weavile|Pressure\n|move|p2a: Tornadus|U-turn|p1a: Weavile\n|-supereffective|p1a: Weavile\n|-damage|p1a: Weavile|49\/100\n|\n|t:|1653002315\n|switch|p2a: Buzzwole|Buzzwole|100\/100|[from]move: U-turn\n|-damage|p2a: Buzzwole|88\/100|[from] Stealth Rock\n|\n|-heal|p2a: Buzzwole|94\/100|[from] item: Leftovers\n|upkeep\n|turn|15\n|\n|t:|1653002318\n|switch|p1a: Skarmory|Skarmory, M|100\/100\n|-damage|p1a: Skarmory|88\/100|[from] Stealth Rock\n|move|p2a: Buzzwole|Close Combat|p1a: Skarmory\n|-damage|p1a: Skarmory|53\/100\n|-unboost|p2a: Buzzwole|def|1\n|-unboost|p2a: Buzzwole|spd|1\n|-damage|p2a: Buzzwole|78\/100|[from] item: Rocky Helmet|[of] p1a: Skarmory\n|\n|-heal|p2a: Buzzwole|84\/100|[from] item: Leftovers\n|upkeep\n|turn|16\n|\n|t:|1653002322\n|switch|p2a: Dragapult|Dragapult, M|95\/100\n|-damage|p2a: Dragapult|82\/100|[from] Stealth Rock\n|move|p1a: Skarmory|Roost|p1a: Skarmory\n|-heal|p1a: Skarmory|100\/100\n|-singleturn|p1a: Skarmory|move: Roost\n|\n|upkeep\n|turn|17\n|\n|t:|1653002328\n|switch|p1a: Hippowdon|Hippowdon, F|58\/100\n|-damage|p1a: Hippowdon|51\/100|[from] Stealth Rock\n|-weather|Sandstorm|[from] ability: Sand Stream|[of] p1a: Hippowdon\n|move|p2a: Dragapult|Shadow Ball|p1a: Hippowdon\n|-damage|p1a: Hippowdon|12\/100\n|\n|-weather|Sandstorm|[upkeep]\n|-damage|p2a: Dragapult|76\/100|[from] Sandstorm\n|-fieldend|move: Psychic Terrain\n|upkeep\n|turn|18\n|\n|t:|1653002336\n|switch|p1a: Excadrill|Excadrill, F|100\/100\n|-damage|p1a: Excadrill|97\/100|[from] Stealth Rock\n|move|p2a: Dragapult|Shadow Ball|p1a: Excadrill\n|-damage|p1a: Excadrill|23\/100\n|\n|-weather|Sandstorm|[upkeep]\n|-damage|p2a: Dragapult|70\/100|[from] Sandstorm\n|-heal|p1a: Excadrill|30\/100|[from] item: Leftovers\n|upkeep\n|turn|19\n|\n|t:|1653002345\n|switch|p2a: Buzzwole|Buzzwole|84\/100\n|-damage|p2a: Buzzwole|72\/100|[from] Stealth Rock\n|move|p1a: Excadrill|Rapid Spin|p2a: Buzzwole\n|-damage|p2a: Buzzwole|63\/100\n|-boost|p1a: Excadrill|spe|1\n|-sideend|p1: chokst du|Stealth Rock|[from] move: Rapid Spin|[of] p1a: Excadrill\n|\n|-weather|Sandstorm|[upkeep]\n|-damage|p2a: Buzzwole|57\/100|[from] Sandstorm\n|-heal|p1a: Excadrill|36\/100|[from] item: Leftovers\n|-heal|p2a: Buzzwole|63\/100|[from] item: Leftovers\n|upkeep\n|turn|20\n|\n|t:|1653002351\n|switch|p1a: Skarmory|Skarmory, M|100\/100\n|move|p2a: Buzzwole|Roost|p2a: Buzzwole\n|-heal|p2a: Buzzwole|100\/100\n|-singleturn|p2a: Buzzwole|move: Roost\n|\n|-weather|Sandstorm|[upkeep]\n|-damage|p2a: Buzzwole|94\/100|[from] Sandstorm\n|-heal|p2a: Buzzwole|100\/100|[from] item: Leftovers\n|upkeep\n|turn|21\n|\n|t:|1653002355\n|switch|p2a: Tornadus|Tornadus-Therian, M|100\/100 tox\n|move|p1a: Skarmory|Spikes|p2a: Tornadus\n|-sidestart|p2: LECH24|Spikes\n|\n|-weather|none\n|-damage|p2a: Tornadus|94\/100 tox|[from] psn\n|upkeep\n|turn|22\n|\n|t:|1653002361\n|switch|p1a: Weavile|Weavile, F|49\/100\n|-ability|p1a: Weavile|Pressure\n|move|p2a: Tornadus|Knock Off|p1a: Weavile\n|-resisted|p1a: Weavile\n|-damage|p1a: Weavile|33\/100\n|-enditem|p1a: Weavile|Heavy-Duty Boots|[from] move: Knock Off|[of] p2a: Tornadus\n|\n|-damage|p2a: Tornadus|82\/100 tox|[from] psn\n|upkeep\n|turn|23\n|\n|t:|1653002370\n|switch|p2a: Buzzwole|Buzzwole|100\/100\n|-damage|p2a: Buzzwole|88\/100|[from] Spikes\n|-damage|p2a: Buzzwole|76\/100|[from] Stealth Rock\n|move|p1a: Weavile|Triple Axel|p2a: Buzzwole\n|-damage|p2a: Buzzwole|71\/100\n|-damage|p2a: Buzzwole|61\/100\n|-damage|p2a: Buzzwole|46\/100\n|-hitcount|p2a: Buzzwole|3\n|\n|-heal|p2a: Buzzwole|52\/100|[from] item: Leftovers\n|upkeep\n|turn|24\n|\n|t:|1653002377\n|switch|p1a: Zapdos|Zapdos-Galar|63\/100\n|move|p2a: Buzzwole|Roost|p2a: Buzzwole\n|-heal|p2a: Buzzwole|100\/100\n|-singleturn|p2a: Buzzwole|move: Roost\n|\n|upkeep\n|turn|25\n|\n|t:|1653002382\n|switch|p2a: Heatran|Heatran, M|88\/100\n|-damage|p2a: Heatran|76\/100|[from] Spikes\n|-damage|p2a: Heatran|63\/100|[from] Stealth Rock\n|move|p1a: Zapdos|Brave Bird|p2a: Heatran\n|-resisted|p2a: Heatran\n|-damage|p2a: Heatran|25\/100\n|-damage|p1a: Zapdos|48\/100|[from] Recoil\n|\n|upkeep\n|turn|26\n|\n|t:|1653002385\n|move|p1a: Zapdos|Brave Bird|p2a: Heatran\n|-resisted|p2a: Heatran\n|-damage|p2a: Heatran|0 fnt\n|faint|p2a: Heatran\n|-damage|p1a: Zapdos|38\/100|[from] Recoil\n|\n|upkeep\n|\n|t:|1653002387\n|switch|p2a: Tornadus|Tornadus-Therian, M|100\/100 tox\n|turn|27\n|\n|t:|1653002392\n|switch|p1a: Hippowdon|Hippowdon, F|12\/100\n|-weather|Sandstorm|[from] ability: Sand Stream|[of] p1a: Hippowdon\n|move|p2a: Tornadus|Hurricane|p1a: Hippowdon|[miss]\n|-miss|p2a: Tornadus|p1a: Hippowdon\n|\n|-weather|Sandstorm|[upkeep]\n|-damage|p2a: Tornadus|94\/100 tox|[from] Sandstorm\n|-damage|p2a: Tornadus|88\/100 tox|[from] psn\n|upkeep\n|turn|28\n|\n|t:|1653002396\n|move|p2a: Tornadus|Defog|p1a: Hippowdon\n|-unboost|p1a: Hippowdon|evasion|1\n|-sideend|p2: LECH24|Spikes|[from] move: Defog|[of] p2a: Tornadus\n|-sideend|p2: LECH24|Stealth Rock|[from] move: Defog|[of] p2a: Tornadus\n|move|p1a: Hippowdon|Slack Off|p1a: Hippowdon\n|-heal|p1a: Hippowdon|62\/100\n|\n|-weather|Sandstorm|[upkeep]\n|-damage|p2a: Tornadus|82\/100 tox|[from] Sandstorm\n|-damage|p2a: Tornadus|70\/100 tox|[from] psn\n|upkeep\n|turn|29\n|\n|t:|1653002399\n|move|p2a: Tornadus|Hurricane|p1a: Hippowdon\n|-damage|p1a: Hippowdon|33\/100\n|-start|p1a: Hippowdon|confusion\n|-activate|p1a: Hippowdon|confusion\n|-damage|p1a: Hippowdon|26\/100|[from] confusion\n|\n|-weather|Sandstorm|[upkeep]\n|-damage|p2a: Tornadus|64\/100 tox|[from] Sandstorm\n|-damage|p2a: Tornadus|46\/100 tox|[from] psn\n|upkeep\n|turn|30\n|\n|t:|1653002403\n|move|p2a: Tornadus|Hurricane|p1a: Hippowdon\n|-damage|p1a: Hippowdon|0 fnt\n|faint|p1a: Hippowdon\n|\n|-weather|Sandstorm|[upkeep]\n|-damage|p2a: Tornadus|40\/100 tox|[from] Sandstorm\n|-damage|p2a: Tornadus|15\/100 tox|[from] psn\n|upkeep\n|\n|t:|1653002405\n|switch|p1a: Weavile|Weavile, F|33\/100\n|-ability|p1a: Weavile|Pressure\n|turn|31\n|\n|t:|1653002409\n|move|p1a: Weavile|Triple Axel|p2a: Tornadus\n|-supereffective|p2a: Tornadus\n|-damage|p2a: Tornadus|0 fnt\n|faint|p2a: Tornadus\n|-hitcount|p2: Tornadus|1\n|\n|-weather|none\n|upkeep\n|\n|t:|1653002424\n|switch|p2a: Dragapult|Dragapult, M|70\/100\n|turn|32\n|\n|t:|1653002428\n|move|p1a: Weavile|Ice Shard|p2a: Dragapult\n|-supereffective|p2a: Dragapult\n|-damage|p2a: Dragapult|18\/100\n|move|p2a: Dragapult|Shadow Ball|p1a: Weavile\n|-resisted|p1a: Weavile\n|-damage|p1a: Weavile|0 fnt\n|faint|p1a: Weavile\n|\n|upkeep\n|\n|t:|1653002433\n|switch|p1a: Skarmory|Skarmory, M|100\/100\n|turn|33\n|\n|t:|1653002436\n|switch|p2a: Buzzwole|Buzzwole|100\/100\n|move|p1a: Skarmory|Toxic|p2a: Buzzwole|[miss]\n|-miss|p1a: Skarmory|p2a: Buzzwole\n|\n|upkeep\n|turn|34\n|\n|t:|1653002449\n|switch|p2a: Dragapult|Dragapult, M|18\/100\n|move|p1a: Skarmory|Spikes|p2a: Dragapult\n|-sidestart|p2: LECH24|Spikes\n|\n|upkeep\n|turn|35\n|\n|t:|1653002453\n|move|p2a: Dragapult|Shadow Ball|p1a: Skarmory\n|-damage|p1a: Skarmory|29\/100\n|move|p1a: Skarmory|Toxic|p2a: Dragapult\n|-status|p2a: Dragapult|tox\n|\n|-damage|p2a: Dragapult|12\/100 tox|[from] psn\n|upkeep\n|turn|36\n|\n|t:|1653002460\n|move|p2a: Dragapult|Shadow Ball|p1a: Skarmory\n|-damage|p1a: Skarmory|0 fnt\n|faint|p1a: Skarmory\n|\n|-damage|p2a: Dragapult|0 fnt|[from] psn\n|faint|p2a: Dragapult\n|upkeep\n|\n|t:|1653002462\n|switch|p2a: Buzzwole|Buzzwole|100\/100\n|switch|p1a: Zapdos|Zapdos-Galar|38\/100\n|-damage|p2a: Buzzwole|88\/100|[from] Spikes\n|turn|37\n|\n|t:|1653002463\n|move|p1a: Zapdos|Brave Bird|p2a: Buzzwole\n|-supereffective|p2a: Buzzwole\n|-damage|p2a: Buzzwole|0 fnt\n|faint|p2a: Buzzwole\n|-damage|p1a: Zapdos|1\/100|[from] Recoil\n|\n|win|chokst du\n|raw|chokst du's rating: 1712 &rarr; <strong>1728<\/strong><br \/>(+16 for winning)\n|raw|LECH24's rating: 1642 &rarr; <strong>1626<\/strong><br \/>(-16 for losing)\n|c|\u2606LECH24|gg\n|c|\u2606chokst du|gg\n|l|\u2606LECH24\n|l| ash_won_kalos\n||Ladder isn't responding, score probably updated but might not have (Request timeout).\n|player|p1|chokst du|lucas\n","uploadtime":1653002548,"views":57,"p1id":"chokstdu","p2id":"lech24","formatid":"gen8ou","rating":1626,"private":0,"password":null}