{"id":"gen8ou-1429254202","p1":"LT82ZW Guatemala","p2":"galarian dragapult","format":"gen8ou","log":"|j|\u2606LT82ZW Guatemala\n|j|\u2606galarian dragapult\n|t:|1633377861\n|gametype|singles\n|player|p1|LT82ZW Guatemala|169|1789\n|player|p2|galarian dragapult|101|1724\n|teamsize|p1|6\n|teamsize|p2|6\n|gen|8\n|tier|[Gen 8] OU\n|rated|\n|rule|Sleep Clause Mod: Limit one foe put to sleep\n|rule|Species Clause: Limit one of each Pok\u00e9mon\n|rule|OHKO Clause: OHKO moves are banned\n|rule|Evasion Moves Clause: Evasion moves are banned\n|rule|Endless Battle Clause: Forcing endless battles is banned\n|rule|HP Percentage Mod: HP is shown in percentages\n|rule|Dynamax Clause: You cannot dynamax\n|clearpoke\n|poke|p1|Zygarde-10%|\n|poke|p1|Moltres|\n|poke|p1|Ferrothorn, M|\n|poke|p1|Slowking, F|\n|poke|p1|Zeraora|\n|poke|p1|Buzzwole|\n|poke|p2|Corviknight, F|\n|poke|p2|Dragapult, M|\n|poke|p2|Blissey, F|\n|poke|p2|Victini|\n|poke|p2|Tapu Fini|\n|poke|p2|Nidoking, M|\n|teampreview\n|j| anfdnfdndf\n|\n|t:|1633377874\n|start\n|switch|p1a: Zygarde|Zygarde-10%|100\/100\n|switch|p2a: Tapu Fini|Tapu Fini|100\/100\n|-fieldstart|move: Misty Terrain|[from] ability: Misty Surge|[of] p2a: Tapu Fini\n|-ability|p1a: Zygarde|Aura Break\n|turn|1\n|\n|t:|1633377880\n|switch|p1a: Slowking|Slowking, F|100\/100\n|move|p2a: Tapu Fini|Trick|p1a: Slowking\n|-activate|p2a: Tapu Fini|move: Trick|[of] p1a: Slowking\n|-item|p1a: Slowking|Choice Scarf|[from] move: Trick\n|-item|p2a: Tapu Fini|Heavy-Duty Boots|[from] move: Trick\n|\n|upkeep\n|turn|2\n|\n|t:|1633377887\n|switch|p2a: Blissey|Blissey, F|100\/100\n|move|p1a: Slowking|Teleport|p1a: Slowking\n|\n|t:|1633377897\n|switch|p1a: Zygarde|Zygarde-10%|100\/100|[from]move: Teleport\n|-ability|p1a: Zygarde|Aura Break\n|\n|upkeep\n|turn|3\n|\n|t:|1633377906\n|switch|p2a: Tapu Fini|Tapu Fini|100\/100\n|move|p1a: Zygarde|Thousand Arrows|p2a: Tapu Fini\n|-damage|p2a: Tapu Fini|54\/100\n|\n|upkeep\n|turn|4\n|\n|t:|1633377916\n|switch|p1a: Slowking|Slowking, F|100\/100\n|move|p2a: Tapu Fini|Ice Beam|p1a: Slowking\n|-resisted|p1a: Slowking\n|-damage|p1a: Slowking|95\/100\n|\n|upkeep\n|turn|5\n|j| tapu moxo\n|\n|t:|1633377922\n|move|p2a: Tapu Fini|Moonblast|p1a: Slowking\n|-damage|p1a: Slowking|76\/100\n|move|p1a: Slowking|Teleport|p1a: Slowking\n|\n|t:|1633377929\n|switch|p1a: Ferrothorn|Ferrothorn, M|100\/100|[from]move: Teleport\n|\n|-fieldend|Misty Terrain\n|upkeep\n|turn|6\n|\n|t:|1633377934\n|switch|p2a: Victini|Victini|100\/100\n|move|p1a: Ferrothorn|Stealth Rock|p2a: Victini\n|-sidestart|p2: galarian dragapult|move: Stealth Rock\n|\n|upkeep\n|turn|7\n|\n|t:|1633377941\n|switch|p1a: Moltres|Moltres|100\/100\n|move|p2a: Victini|Thunder|p1a: Moltres\n|-supereffective|p1a: Moltres\n|-damage|p1a: Moltres|12\/100\n|-status|p1a: Moltres|par\n|\n|upkeep\n|turn|8\n|\n|t:|1633377947\n|move|p2a: Victini|Blue Flare|p1a: Moltres\n|-resisted|p1a: Moltres\n|-crit|p1a: Moltres\n|-damage|p1a: Moltres|0 fnt\n|faint|p1a: Moltres\n|\n|upkeep\n|\n|t:|1633377950\n|switch|p1a: Zygarde|Zygarde-10%|100\/100\n|-ability|p1a: Zygarde|Aura Break\n|turn|9\n|\n|t:|1633377973\n|switch|p2a: Tapu Fini|Tapu Fini|54\/100\n|-fieldstart|move: Misty Terrain|[from] ability: Misty Surge|[of] p2a: Tapu Fini\n|move|p1a: Zygarde|Thousand Arrows|p2a: Tapu Fini\n|-damage|p2a: Tapu Fini|8\/100\n|\n|upkeep\n|turn|10\n|\n|t:|1633377976\n|move|p1a: Zygarde|Thousand Arrows|p2a: Tapu Fini\n|-damage|p2a: Tapu Fini|0 fnt\n|faint|p2a: Tapu Fini\n|\n|upkeep\n|j| sdfsdfsdfasd\n|\n|t:|1633377986\n|switch|p2a: Corviknight|Corviknight, F|100\/100\n|-damage|p2a: Corviknight|88\/100|[from] Stealth Rock\n|-ability|p2a: Corviknight|Pressure\n|turn|11\n|\n|t:|1633377994\n|move|p1a: Zygarde|Thousand Arrows|p2a: Corviknight\n|-damage|p2a: Corviknight|55\/100\n|-start|p2a: Corviknight|Smack Down\n|move|p2a: Corviknight|Body Press|p1a: Zygarde\n|-damage|p1a: Zygarde|62\/100\n|\n|upkeep\n|turn|12\n|l| sdfsdfsdfasd\n|\n|t:|1633378001\n|move|p1a: Zygarde|Thousand Arrows|p2a: Corviknight\n|-supereffective|p2a: Corviknight\n|-damage|p2a: Corviknight|0 fnt\n|faint|p2a: Corviknight\n|\n|upkeep\n|\n|t:|1633378003\n|switch|p2a: Dragapult|Dragapult, M|100\/100\n|-damage|p2a: Dragapult|88\/100|[from] Stealth Rock\n|turn|13\n|\n|t:|1633378012\n|switch|p1a: Buzzwole|Buzzwole|100\/100\n|move|p2a: Dragapult|U-turn|p1a: Buzzwole\n|-resisted|p1a: Buzzwole\n|-damage|p1a: Buzzwole|88\/100\n|-damage|p2a: Dragapult|72\/100|[from] item: Rocky Helmet|[of] p1a: Buzzwole\n|\n|t:|1633378015\n|switch|p2a: Nidoking|Nidoking, M|100\/100|[from]move: U-turn\n|-damage|p2a: Nidoking|95\/100|[from] Stealth Rock\n|\n|-fieldend|Misty Terrain\n|upkeep\n|turn|14\n|j| SakuraSumi\n|\n|t:|1633378018\n|switch|p1a: Slowking|Slowking, F|100\/100\n|move|p2a: Nidoking|Earth Power|p1a: Slowking\n|-damage|p1a: Slowking|66\/100\n|\n|upkeep\n|turn|15\n|l| SakuraSumi\n|\n|t:|1633378024\n|move|p2a: Nidoking|Sludge Wave|p1a: Slowking\n|-damage|p1a: Slowking|29\/100\n|move|p1a: Slowking|Teleport|p1a: Slowking\n|\n|t:|1633378027\n|switch|p1a: Zygarde|Zygarde-10%|62\/100|[from]move: Teleport\n|-ability|p1a: Zygarde|Aura Break\n|\n|upkeep\n|turn|16\n|\n|t:|1633378035\n|switch|p2a: Blissey|Blissey, F|100\/100\n|move|p1a: Zygarde|Thousand Arrows|p2a: Blissey\n|-damage|p2a: Blissey|51\/100\n|\n|upkeep\n|turn|17\n|\n|t:|1633378040\n|move|p1a: Zygarde|Thousand Arrows|p2a: Blissey\n|-damage|p2a: Blissey|0 fnt\n|faint|p2a: Blissey\n|\n|upkeep\n|\n|t:|1633378042\n|switch|p2a: Dragapult|Dragapult, M|72\/100\n|-damage|p2a: Dragapult|59\/100|[from] Stealth Rock\n|turn|18\n|\n|t:|1633378045\n|switch|p1a: Buzzwole|Buzzwole|88\/100\n|move|p2a: Dragapult|Dragon Darts|p1a: Buzzwole\n|-damage|p1a: Buzzwole|60\/100\n|-anim|p2a: Dragapult|Dragon Darts|p1a: Buzzwole\n|-damage|p1a: Buzzwole|35\/100\n|\n|upkeep\n|turn|19\n|\n|t:|1633378052\n|switch|p1a: Ferrothorn|Ferrothorn, M|100\/100\n|move|p2a: Dragapult|Dragon Darts|p1a: Ferrothorn\n|-resisted|p1a: Ferrothorn\n|-damage|p1a: Ferrothorn|88\/100\n|-anim|p2a: Dragapult|Dragon Darts|p1a: Ferrothorn\n|-resisted|p1a: Ferrothorn\n|-damage|p1a: Ferrothorn|77\/100\n|\n|-heal|p1a: Ferrothorn|83\/100|[from] item: Leftovers\n|upkeep\n|turn|20\n|\n|t:|1633378057\n|move|p2a: Dragapult|Dragon Darts|p1a: Ferrothorn\n|-resisted|p1a: Ferrothorn\n|-damage|p1a: Ferrothorn|72\/100\n|-anim|p2a: Dragapult|Dragon Darts|p1a: Ferrothorn\n|-resisted|p1a: Ferrothorn\n|-damage|p1a: Ferrothorn|60\/100\n|move|p1a: Ferrothorn|Knock Off|p2a: Dragapult\n|-supereffective|p2a: Dragapult\n|-damage|p2a: Dragapult|0 fnt\n|-enditem|p2a: Dragapult|Choice Band|[from] move: Knock Off|[of] p1a: Ferrothorn\n|faint|p2a: Dragapult\n|\n|-heal|p1a: Ferrothorn|66\/100|[from] item: Leftovers\n|upkeep\n|-message|galarian dragapult forfeited.\n|\n|win|LT82ZW Guatemala\n|raw|LT82ZW Guatemala's rating: 1789 &rarr; <strong>1805<\/strong><br \/>(+16 for winning)\n|raw|galarian dragapult's rating: 1724 &rarr; <strong>1708<\/strong><br \/>(-16 for losing)\n|l|\u2606galarian dragapult\n||Ladder isn't responding, score probably updated but might not have (Request timeout).\n","uploadtime":1633378068,"views":39,"p1id":"lt82zwguatemala","p2id":"galariandragapult","formatid":"gen8ou","rating":1708,"private":0,"password":null}