{"id":"gen8ou-1122372231","p1":"N30N3","p2":"Storm Zone","format":"gen8ou","log":"|j|\u2606N30N3\n|j|\u2606Storm Zone\n|player|p1|N30N3|2|1894\n|player|p2|Storm Zone|zinnia|1860\n|teamsize|p1|6\n|teamsize|p2|6\n|gametype|singles\n|gen|8\n|tier|[Gen 8] OU\n|rated|\n|html|<div class=\"broadcast-blue\"><strong>OU is currently suspecting Dracovish! For information on how to participate check out the <a href=\"https:\/\/www.smogon.com\/forums\/threads\/3664521\/\">suspect thread<\/a>.<\/strong><\/div>\n|clearpoke\n|poke|p1|Mimikyu, F|\n|poke|p1|Hippowdon, F|\n|poke|p1|Excadrill, F|\n|poke|p1|Tyranitar, F|\n|poke|p1|Kyurem|\n|poke|p1|Ferrothorn, M|\n|poke|p2|Necrozma|\n|poke|p2|Ferrothorn, M|\n|poke|p2|Togekiss, M|\n|poke|p2|Seismitoad, M|\n|poke|p2|Kommo-o, M|\n|poke|p2|Rotom-Heat|\n|rule|Sleep Clause Mod: Limit one foe put to sleep\n|rule|Species Clause: Limit one of each Pok\u00e9mon\n|rule|OHKO Clause: OHKO moves are banned\n|rule|Evasion Moves Clause: Evasion moves are banned\n|rule|Endless Battle Clause: Forcing endless battles is banned\n|rule|HP Percentage Mod: HP is shown in percentages\n|rule|Dynamax Clause: You cannot dynamax\n|teampreview\n|inactive|Battle timer is ON: inactive players will automatically lose when time's up. (requested by N30N3)\n|j| ImStillDaddy\n|j| halkddhfahd\n|\n|start\n|switch|p1a: Kyurem|Kyurem|100\/100\n|switch|p2a: Cloud n1n3|Togekiss, M|100\/100\n|-ability|p1a: Kyurem|Pressure\n|turn|1\n|\n|move|p2a: Cloud n1n3|Dazzling Gleam|p1a: Kyurem\n|-supereffective|p1a: Kyurem\n|-damage|p1a: Kyurem|22\/100\n|move|p1a: Kyurem|Ice Beam|p2a: Cloud n1n3\n|-supereffective|p2a: Cloud n1n3\n|-damage|p2a: Cloud n1n3|0 fnt\n|faint|p2a: Cloud n1n3\n|\n|upkeep\n|\n|switch|p2a: Phantom|Rotom-Heat|100\/100\n|turn|2\n|\n|switch|p1a: Hippowdon|Hippowdon, F|100\/100\n|-weather|Sandstorm|[from] ability: Sand Stream|[of] p1a: Hippowdon\n|move|p2a: Phantom|Will-O-Wisp|p1a: Hippowdon\n|-status|p1a: Hippowdon|brn\n|\n|-weather|Sandstorm|[upkeep]\n|-damage|p2a: Phantom|94\/100|[from] Sandstorm\n|-damage|p1a: Hippowdon|94\/100 brn|[from] brn\n|upkeep\n|turn|3\n|\n|move|p2a: Phantom|Overheat|p1a: Hippowdon\n|-damage|p1a: Hippowdon|47\/100 brn\n|-unboost|p2a: Phantom|spa|2\n|move|p1a: Hippowdon|Stealth Rock|p2a: Phantom\n|-sidestart|p2: Storm Zone|move: Stealth Rock\n|\n|-weather|Sandstorm|[upkeep]\n|-damage|p2a: Phantom|88\/100|[from] Sandstorm\n|-damage|p1a: Hippowdon|41\/100 brn|[from] brn\n|upkeep\n|turn|4\n|\n|move|p2a: Phantom|Defog|p1a: Hippowdon\n|-unboost|p1a: Hippowdon|evasion|1\n|-sideend|p2: Storm Zone|Stealth Rock|[from] move: Defog|[of] p2a: Phantom\n|move|p1a: Hippowdon|Slack Off|p1a: Hippowdon\n|-heal|p1a: Hippowdon|91\/100 brn\n|\n|-weather|Sandstorm|[upkeep]\n|-damage|p2a: Phantom|82\/100|[from] Sandstorm\n|-damage|p1a: Hippowdon|85\/100 brn|[from] brn\n|upkeep\n|turn|5\n|\n|switch|p2a: Fate|Necrozma, shiny|100\/100\n|move|p1a: Hippowdon|Stealth Rock|p2a: Fate\n|-sidestart|p2: Storm Zone|move: Stealth Rock\n|\n|-weather|Sandstorm|[upkeep]\n|-damage|p2a: Fate|95\/100|[from] Sandstorm\n|-damage|p1a: Hippowdon|79\/100 brn|[from] brn\n|upkeep\n|turn|6\n|\n|switch|p1a: Tyranitar|Tyranitar, F|100\/100\n|move|p2a: Fate|Earth Power|p1a: Tyranitar\n|-supereffective|p1a: Tyranitar\n|-damage|p1a: Tyranitar|32\/100\n|-unboost|p1a: Tyranitar|spd|1\n|\n|-weather|Sandstorm|[upkeep]\n|-damage|p2a: Fate|89\/100|[from] Sandstorm\n|upkeep\n|turn|7\n|\n|move|p2a: Fate|Earth Power|p1a: Tyranitar\n|-supereffective|p1a: Tyranitar\n|-damage|p1a: Tyranitar|0 fnt\n|faint|p1a: Tyranitar\n|\n|-weather|Sandstorm|[upkeep]\n|-damage|p2a: Fate|83\/100|[from] Sandstorm\n|upkeep\n|\n|switch|p1a: Kyurem|Kyurem|22\/100\n|-ability|p1a: Kyurem|Pressure\n|turn|8\n|j| tacodish\n|\n|move|p1a: Kyurem|Draco Meteor|p2a: Fate\n|-damage|p2a: Fate|0 fnt\n|-unboost|p1a: Kyurem|spa|2\n|faint|p2a: Fate\n|\n|-weather|Sandstorm|[upkeep]\n|-damage|p1a: Kyurem|16\/100|[from] Sandstorm\n|upkeep\n|\n|switch|p2a: Phantom|Rotom-Heat|82\/100\n|turn|9\n|\n|switch|p1a: Mimikyu|Mimikyu, F|100\/100\n|move|p2a: Phantom|Defog|p1a: Mimikyu\n|-unboost|p1a: Mimikyu|evasion|1\n|-sideend|p2: Storm Zone|Stealth Rock|[from] move: Defog|[of] p2a: Phantom\n|\n|-weather|none\n|upkeep\n|turn|10\n|\n|switch|p1a: Hippowdon|Hippowdon, F|79\/100 brn\n|-weather|Sandstorm|[from] ability: Sand Stream|[of] p1a: Hippowdon\n|move|p2a: Phantom|Will-O-Wisp|p1a: Hippowdon\n|-fail|p1a: Hippowdon|brn\n|\n|-weather|Sandstorm|[upkeep]\n|-damage|p2a: Phantom|75\/100|[from] Sandstorm\n|-damage|p1a: Hippowdon|72\/100 brn|[from] brn\n|upkeep\n|turn|11\n|\n|switch|p2a: Globox|Seismitoad, M|100\/100\n|move|p1a: Hippowdon|Slack Off|p1a: Hippowdon\n|-heal|p1a: Hippowdon|100\/100 brn\n|\n|-weather|Sandstorm|[upkeep]\n|-damage|p1a: Hippowdon|94\/100 brn|[from] brn\n|upkeep\n|turn|12\n|\n|move|p2a: Globox|Stealth Rock|p1a: Hippowdon\n|-sidestart|p1: N30N3|move: Stealth Rock\n|move|p1a: Hippowdon|Stealth Rock|p2a: Globox\n|-sidestart|p2: Storm Zone|move: Stealth Rock\n|\n|-weather|Sandstorm|[upkeep]\n|-damage|p1a: Hippowdon|88\/100 brn|[from] brn\n|upkeep\n|turn|13\n|\n|switch|p1a: Ferrothorn|Ferrothorn, M|100\/100\n|-damage|p1a: Ferrothorn|94\/100|[from] Stealth Rock\n|move|p2a: Globox|Scald|p1a: Ferrothorn\n|-resisted|p1a: Ferrothorn\n|-damage|p1a: Ferrothorn|85\/100\n|\n|-weather|Sandstorm|[upkeep]\n|-heal|p1a: Ferrothorn|91\/100|[from] item: Leftovers\n|upkeep\n|turn|14\n|\n|switch|p2a: King Komodo|Kommo-o, M|100\/100\n|-damage|p2a: King Komodo|94\/100|[from] Stealth Rock\n|move|p1a: Ferrothorn|Spikes|p2a: King Komodo\n|-sidestart|p2: Storm Zone|Spikes\n|\n|-weather|Sandstorm|[upkeep]\n|-damage|p2a: King Komodo|88\/100|[from] Sandstorm\n|-heal|p1a: Ferrothorn|98\/100|[from] item: Leftovers\n|upkeep\n|turn|15\n|\n|switch|p1a: Hippowdon|Hippowdon, F|88\/100 brn\n|-damage|p1a: Hippowdon|82\/100 brn|[from] Stealth Rock\n|move|p2a: King Komodo|Close Combat|p1a: Hippowdon\n|-damage|p1a: Hippowdon|41\/100 brn\n|-unboost|p2a: King Komodo|def|1\n|-unboost|p2a: King Komodo|spd|1\n|-damage|p2a: King Komodo|78\/100|[from] item: Life Orb\n|\n|-weather|Sandstorm|[upkeep]\n|-damage|p2a: King Komodo|72\/100|[from] Sandstorm\n|-damage|p1a: Hippowdon|35\/100 brn|[from] brn\n|upkeep\n|turn|16\n|j| SKL 420\n|\n|move|p2a: King Komodo|Earthquake|p1a: Hippowdon\n|-damage|p1a: Hippowdon|15\/100 brn\n|-damage|p2a: King Komodo|62\/100|[from] item: Life Orb\n|move|p1a: Hippowdon|Whirlwind|p2a: King Komodo\n|drag|p2a: Globox|Seismitoad, M|100\/100\n|-damage|p2a: Globox|94\/100|[from] Stealth Rock\n|-damage|p2a: Globox|82\/100|[from] Spikes\n|\n|-weather|Sandstorm|[upkeep]\n|-heal|p2a: Globox|88\/100|[from] item: Leftovers\n|-damage|p1a: Hippowdon|9\/100 brn|[from] brn\n|upkeep\n|turn|17\n|\n|switch|p1a: Ferrothorn|Ferrothorn, M|98\/100\n|-damage|p1a: Ferrothorn|91\/100|[from] Stealth Rock\n|move|p2a: Globox|Scald|p1a: Ferrothorn\n|-resisted|p1a: Ferrothorn\n|-damage|p1a: Ferrothorn|82\/100\n|\n|-weather|none\n|-heal|p2a: Globox|94\/100|[from] item: Leftovers\n|-heal|p1a: Ferrothorn|89\/100|[from] item: Leftovers\n|upkeep\n|turn|18\n|\n|switch|p2a: Temple|Ferrothorn, M|100\/100\n|-damage|p2a: Temple|94\/100|[from] Stealth Rock\n|-damage|p2a: Temple|82\/100|[from] Spikes\n|move|p1a: Ferrothorn|Knock Off|p2a: Temple\n|-damage|p2a: Temple|69\/100\n|-damage|p1a: Ferrothorn|76\/100|[from] ability: Iron Barbs|[of] p2a: Temple\n|-damage|p1a: Ferrothorn|60\/100|[from] item: Rocky Helmet|[of] p2a: Temple\n|-enditem|p2a: Temple|Rocky Helmet|[from] move: Knock Off|[of] p1a: Ferrothorn\n|\n|-heal|p1a: Ferrothorn|66\/100|[from] item: Leftovers\n|upkeep\n|turn|19\n|\n|move|p2a: Temple|Knock Off|p1a: Ferrothorn\n|-damage|p1a: Ferrothorn|54\/100\n|-damage|p2a: Temple|56\/100|[from] ability: Iron Barbs|[of] p1a: Ferrothorn\n|-enditem|p1a: Ferrothorn|Leftovers|[from] move: Knock Off|[of] p2a: Temple\n|move|p1a: Ferrothorn|Spikes|p2a: Temple\n|-sidestart|p2: Storm Zone|Spikes\n|\n|upkeep\n|turn|20\n|\n|move|p2a: Temple|Spikes|p1a: Ferrothorn\n|-sidestart|p1: N30N3|Spikes\n|move|p1a: Ferrothorn|Spikes|p2a: Temple\n|-sidestart|p2: Storm Zone|Spikes\n|\n|upkeep\n|turn|21\n|\n|move|p2a: Temple|Spikes|p1a: Ferrothorn\n|-sidestart|p1: N30N3|Spikes\n|move|p1a: Ferrothorn|Leech Seed|p2a: Temple\n|-immune|p2a: Temple\n|\n|upkeep\n|turn|22\n|\n|move|p2a: Temple|Leech Seed|p1a: Ferrothorn\n|-immune|p1a: Ferrothorn\n|move|p1a: Ferrothorn|Leech Seed|p2a: Temple\n|-immune|p2a: Temple\n|\n|upkeep\n|turn|23\n|\n|move|p2a: Temple|Spikes|p1a: Ferrothorn\n|-sidestart|p1: N30N3|Spikes\n|move|p1a: Ferrothorn|Leech Seed|p2a: Temple\n|-immune|p2a: Temple\n|\n|upkeep\n|turn|24\n|\n|move|p2a: Temple|Leech Seed|p1a: Ferrothorn\n|-immune|p1a: Ferrothorn\n|move|p1a: Ferrothorn|Knock Off|p2a: Temple\n|-damage|p2a: Temple|48\/100\n|-damage|p1a: Ferrothorn|41\/100|[from] ability: Iron Barbs|[of] p2a: Temple\n|\n|upkeep\n|turn|25\n|\n|move|p2a: Temple|Leech Seed|p1a: Ferrothorn\n|-immune|p1a: Ferrothorn\n|move|p1a: Ferrothorn|Knock Off|p2a: Temple\n|-damage|p2a: Temple|39\/100\n|-damage|p1a: Ferrothorn|29\/100|[from] ability: Iron Barbs|[of] p2a: Temple\n|\n|upkeep\n|turn|26\n|\n|move|p2a: Temple|Leech Seed|p1a: Ferrothorn\n|-immune|p1a: Ferrothorn\n|move|p1a: Ferrothorn|Knock Off|p2a: Temple\n|-damage|p2a: Temple|31\/100\n|-damage|p1a: Ferrothorn|16\/100|[from] ability: Iron Barbs|[of] p2a: Temple\n|\n|upkeep\n|turn|27\n|\n|move|p2a: Temple|Leech Seed|p1a: Ferrothorn\n|-immune|p1a: Ferrothorn\n|move|p1a: Ferrothorn|Knock Off|p2a: Temple\n|-damage|p2a: Temple|23\/100\n|-damage|p1a: Ferrothorn|4\/100|[from] ability: Iron Barbs|[of] p2a: Temple\n|\n|upkeep\n|turn|28\n|\n|move|p2a: Temple|Leech Seed|p1a: Ferrothorn\n|-immune|p1a: Ferrothorn\n|move|p1a: Ferrothorn|Leech Seed|p2a: Temple\n|-immune|p2a: Temple\n|\n|upkeep\n|turn|29\n|\n|move|p2a: Temple|Knock Off|p1a: Ferrothorn\n|-damage|p1a: Ferrothorn|0 fnt\n|-damage|p2a: Temple|11\/100|[from] ability: Iron Barbs|[of] p1a: Ferrothorn\n|faint|p1a: Ferrothorn\n|\n|upkeep\n|\n|switch|p1a: Excadrill|Excadrill, F|100\/100\n|-damage|p1a: Excadrill|97\/100|[from] Stealth Rock\n|-damage|p1a: Excadrill|73\/100|[from] Spikes\n|turn|30\n|\n|move|p1a: Excadrill|Rapid Spin|p2a: Temple\n|-resisted|p2a: Temple\n|-damage|p2a: Temple|3\/100\n|-boost|p1a: Excadrill|spe|1\n|-damage|p1a: Excadrill|60\/100|[from] ability: Iron Barbs|[of] p2a: Temple\n|-sideend|p1: N30N3|Spikes|[from] move: Rapid Spin|[of] p1a: Excadrill\n|-sideend|p1: N30N3|Stealth Rock|[from] move: Rapid Spin|[of] p1a: Excadrill\n|-damage|p1a: Excadrill|50\/100|[from] item: Life Orb\n|move|p2a: Temple|Gyro Ball|p1a: Excadrill\n|-resisted|p1a: Excadrill\n|-damage|p1a: Excadrill|17\/100\n|\n|upkeep\n|turn|31\n|\n|move|p1a: Excadrill|Earthquake|p2a: Temple\n|-damage|p2a: Temple|0 fnt\n|-damage|p1a: Excadrill|7\/100|[from] item: Life Orb\n|faint|p2a: Temple\n|\n|upkeep\n|\n|switch|p2a: Globox|Seismitoad, M|94\/100\n|-damage|p2a: Globox|69\/100|[from] Spikes\n|-damage|p2a: Globox|63\/100|[from] Stealth Rock\n|turn|32\n|\n|move|p1a: Excadrill|Earthquake|p2a: Globox\n|-damage|p2a: Globox|11\/100\n|-damage|p1a: Excadrill|0 fnt|[from] item: Life Orb\n|faint|p1a: Excadrill\n|move|p2a: Globox|Stealth Rock|p1: Excadrill\n|-sidestart|p1: N30N3|move: Stealth Rock\n|\n|-heal|p2a: Globox|17\/100|[from] item: Leftovers\n|upkeep\n|j|\u203dLowGxeDoritos\n|\n|switch|p1a: Mimikyu|Mimikyu, F|100\/100\n|-damage|p1a: Mimikyu|88\/100|[from] Stealth Rock\n|turn|33\n|\n|move|p1a: Mimikyu|Play Rough|p2a: Globox\n|-damage|p2a: Globox|0 fnt\n|-damage|p1a: Mimikyu|78\/100|[from] item: Life Orb\n|faint|p2a: Globox\n|\n|upkeep\n|\n|switch|p2a: Phantom|Rotom-Heat|75\/100\n|turn|34\n|\n|switch|p1a: Hippowdon|Hippowdon, F|9\/100 brn\n|-damage|p1a: Hippowdon|3\/100 brn|[from] Stealth Rock\n|-weather|Sandstorm|[from] ability: Sand Stream|[of] p1a: Hippowdon\n|move|p2a: Phantom|Will-O-Wisp|p1a: Hippowdon\n|-fail|p1a: Hippowdon|brn\n|\n|-weather|Sandstorm|[upkeep]\n|-damage|p2a: Phantom|69\/100|[from] Sandstorm\n|-damage|p1a: Hippowdon|0 fnt|[from] brn\n|faint|p1a: Hippowdon\n|upkeep\n|\n|switch|p1a: Mimikyu|Mimikyu, F|78\/100\n|-damage|p1a: Mimikyu|66\/100|[from] Stealth Rock\n|turn|35\n|\n|switch|p1a: Kyurem|Kyurem|16\/100\n|-damage|p1a: Kyurem|0 fnt|[from] Stealth Rock\n|faint|p1a: Kyurem\n|move|p2a: Phantom|Will-O-Wisp|p1: Kyurem|[notarget]\n|-fail|p2a: Phantom\n|\n|-weather|Sandstorm|[upkeep]\n|-damage|p2a: Phantom|63\/100|[from] Sandstorm\n|upkeep\n|\n|switch|p1a: Mimikyu|Mimikyu, F|66\/100\n|-damage|p1a: Mimikyu|53\/100|[from] Stealth Rock\n|turn|36\n|\n|move|p1a: Mimikyu|Swords Dance|p1a: Mimikyu\n|-boost|p1a: Mimikyu|atk|2\n|move|p2a: Phantom|Will-O-Wisp|p1a: Mimikyu\n|-status|p1a: Mimikyu|brn\n|\n|-weather|Sandstorm|[upkeep]\n|-damage|p1a: Mimikyu|48\/100 brn|[from] Sandstorm\n|-damage|p2a: Phantom|57\/100|[from] Sandstorm\n|-damage|p1a: Mimikyu|42\/100 brn|[from] brn\n|upkeep\n|turn|37\n|\n|move|p1a: Mimikyu|Drain Punch|p2a: Phantom\n|-damage|p2a: Phantom|31\/100\n|-heal|p1a: Mimikyu|57\/100 brn|[from] drain|[of] p2a: Phantom\n|-damage|p1a: Mimikyu|47\/100 brn|[from] item: Life Orb\n|move|p2a: Phantom|Volt Switch|p1a: Mimikyu\n|-activate|p1a: Mimikyu|ability: Disguise\n|-damage|p1a: Mimikyu|47\/100 brn\n|detailschange|p1a: Mimikyu|Mimikyu-Busted, F\n|-damage|p1a: Mimikyu|35\/100 brn|[from] pokemon: Mimikyu-Busted\n|\n|switch|p2a: King Komodo|Kommo-o, M|62\/100|[from]move: Volt Switch\n|-damage|p2a: King Komodo|37\/100|[from] Spikes\n|-damage|p2a: King Komodo|31\/100|[from] Stealth Rock\n|\n|-weather|Sandstorm|[upkeep]\n|-damage|p1a: Mimikyu|29\/100 brn|[from] Sandstorm\n|-damage|p2a: King Komodo|25\/100|[from] Sandstorm\n|-damage|p1a: Mimikyu|23\/100 brn|[from] brn\n|upkeep\n|turn|38\n|\n|move|p1a: Mimikyu|Drain Punch|p2a: King Komodo\n|-damage|p2a: King Komodo|0 fnt\n|-heal|p1a: Mimikyu|37\/100 brn|[from] drain|[of] p2a: King Komodo\n|-damage|p1a: Mimikyu|27\/100 brn|[from] item: Life Orb\n|faint|p2a: King Komodo\n|\n|-weather|Sandstorm|[upkeep]\n|-damage|p1a: Mimikyu|21\/100 brn|[from] Sandstorm\n|-damage|p1a: Mimikyu|15\/100 brn|[from] brn\n|upkeep\n|\n|switch|p2a: Phantom|Rotom-Heat|31\/100\n|turn|39\n|\n|move|p1a: Mimikyu|Drain Punch|p2a: Phantom\n|-damage|p2a: Phantom|6\/100\n|-heal|p1a: Mimikyu|31\/100 brn|[from] drain|[of] p2a: Phantom\n|-damage|p1a: Mimikyu|21\/100 brn|[from] item: Life Orb\n|move|p2a: Phantom|Volt Switch|p1a: Mimikyu\n|-damage|p1a: Mimikyu|0 fnt\n|faint|p1a: Mimikyu\n|\n|win|Storm Zone\n|c|\u2606Storm Zone|gg\n|c|\u2606N30N3|Gg\n|l|\u2606N30N3\n|l|\u2606Storm Zone\n|raw|N30N3's rating: 1894 &rarr; <strong>1870<\/strong><br \/>(-24 for losing)\n|raw|Storm Zone's rating: 1833 &rarr; <strong>1856<\/strong><br \/>(+23 for winning)\n","uploadtime":1590623903,"views":757,"p1id":"n30n3","p2id":"stormzone","formatid":"gen8ou","rating":1856,"private":0,"password":null}