{"id":"gen8ou-1650527601","p1":"garmanarnar_03","p2":"Kikoobuster","format":"gen8ou","log":"|j|\u2606garmanarnar_03\n|j|\u2606Kikoobuster\n|t:|1661720556\n|gametype|singles\n|player|p1|garmanarnar_03|burglar|1320\n|player|p2|Kikoobuster|169|1304\n|teamsize|p1|6\n|teamsize|p2|6\n|gen|8\n|tier|[Gen 8] OU\n|rated|\n|rule|Sleep Clause Mod: Limit one foe put to sleep\n|rule|Species Clause: Limit one of each Pok\u00e9mon\n|rule|OHKO Clause: OHKO moves are banned\n|rule|Evasion Items Clause: Evasion items are banned\n|rule|Evasion Moves Clause: Evasion moves are banned\n|rule|Endless Battle Clause: Forcing endless battles is banned\n|rule|HP Percentage Mod: HP is shown in percentages\n|rule|Dynamax Clause: You cannot dynamax\n|clearpoke\n|poke|p1|Clefable, M|\n|poke|p1|Ferrothorn, M|\n|poke|p1|Zapdos|\n|poke|p1|Blissey, F|\n|poke|p1|Hippowdon, F|\n|poke|p1|Toxapex, F|\n|poke|p2|Garbodor, M|\n|poke|p2|Regieleki|\n|poke|p2|Slowbro, M|\n|poke|p2|Urshifu-*, F|\n|poke|p2|Buzzwole|\n|poke|p2|Melmetal|\n|teampreview\n|inactive|Battle timer is ON: inactive players will automatically lose when time's up. (requested by garmanarnar_03)\n|\n|t:|1661720570\n|start\n|switch|p1a: Baby dont hurt me|Clefable, M|100\/100\n|switch|p2a: Garbodor|Garbodor, M|100\/100\n|turn|1\n|\n|t:|1661720580\n|switch|p1a: Aua-Bubu|Ferrothorn, M|100\/100\n|move|p2a: Garbodor|Spikes|p1a: Aua-Bubu\n|-sidestart|p1: garmanarnar_03|Spikes\n|\n|upkeep\n|turn|2\n|\n|t:|1661720584\n|move|p2a: Garbodor|Spikes|p1a: Aua-Bubu\n|-sidestart|p1: garmanarnar_03|Spikes\n|move|p1a: Aua-Bubu|Knock Off|p2a: Garbodor\n|-damage|p2a: Garbodor|64\/100\n|-damage|p1a: Aua-Bubu|84\/100|[from] item: Rocky Helmet|[of] p2a: Garbodor\n|-enditem|p2a: Garbodor|Rocky Helmet|[from] move: Knock Off|[of] p1a: Aua-Bubu\n|\n|upkeep\n|turn|3\n|\n|t:|1661720589\n|move|p2a: Garbodor|Body Press|p1a: Aua-Bubu\n|-supereffective|p1a: Aua-Bubu\n|-damage|p1a: Aua-Bubu|50\/100\n|-damage|p2a: Garbodor|52\/100|[from] ability: Iron Barbs|[of] p1a: Aua-Bubu\n|move|p1a: Aua-Bubu|Knock Off|p2a: Garbodor\n|-damage|p2a: Garbodor|29\/100\n|\n|upkeep\n|turn|4\n|\n|t:|1661720594\n|switch|p2a: Buzzwole|Buzzwole|100\/100\n|move|p1a: Aua-Bubu|Knock Off|p2a: Buzzwole\n|-resisted|p2a: Buzzwole\n|-damage|p2a: Buzzwole|86\/100\n|-damage|p1a: Aua-Bubu|33\/100|[from] item: Rocky Helmet|[of] p2a: Buzzwole\n|-enditem|p2a: Buzzwole|Rocky Helmet|[from] move: Knock Off|[of] p1a: Aua-Bubu\n|\n|upkeep\n|turn|5\n|\n|t:|1661720600\n|move|p2a: Buzzwole|Ice Punch|p1a: Aua-Bubu\n|-damage|p1a: Aua-Bubu|11\/100\n|-damage|p2a: Buzzwole|73\/100|[from] ability: Iron Barbs|[of] p1a: Aua-Bubu\n|move|p1a: Aua-Bubu|Knock Off|p2a: Buzzwole\n|-resisted|p2a: Buzzwole\n|-damage|p2a: Buzzwole|63\/100\n|\n|upkeep\n|turn|6\n|\n|t:|1661720604\n|move|p2a: Buzzwole|Ice Punch|p1a: Aua-Bubu\n|-damage|p1a: Aua-Bubu|0 fnt\n|-damage|p2a: Buzzwole|50\/100|[from] ability: Iron Barbs|[of] p1a: Aua-Bubu\n|faint|p1a: Aua-Bubu\n|-ability|p2a: Buzzwole|Beast Boost|boost\n|-boost|p2a: Buzzwole|atk|1\n|\n|upkeep\n|\n|t:|1661720606\n|switch|p1a: Zapdos|Zapdos|100\/100\n|turn|7\n|\n|t:|1661720608\n|move|p2a: Buzzwole|Ice Punch|p1a: Zapdos\n|-supereffective|p1a: Zapdos\n|-damage|p1a: Zapdos|11\/100\n|move|p1a: Zapdos|Air Cutter|p2a: Buzzwole\n|-supereffective|p2a: Buzzwole\n|-crit|p2a: Buzzwole\n|-damage|p2a: Buzzwole|0 fnt\n|faint|p2a: Buzzwole\n|\n|upkeep\n|\n|t:|1661720620\n|switch|p2a: Urshifu|Urshifu-Rapid-Strike, F|100\/100\n|turn|8\n|\n|t:|1661720624\n|move|p2a: Urshifu|Surging Strikes|p1a: Zapdos\n|-crit|p1a: Zapdos\n|-damage|p1a: Zapdos|0 fnt\n|faint|p1a: Zapdos\n|-hitcount|p1: Zapdos|1\n|\n|upkeep\n|\n|t:|1661720627\n|switch|p1a: Baby dont hurt me|Clefable, M|100\/100\n|turn|9\n|\n|t:|1661720630\n|switch|p2a: Garbodor|Garbodor, M|29\/100\n|move|p1a: Baby dont hurt me|Moonblast|p2a: Garbodor\n|-resisted|p2a: Garbodor\n|-damage|p2a: Garbodor|8\/100\n|\n|upkeep\n|turn|10\n|\n|t:|1661720634\n|switch|p1a: Tent|Toxapex, F|100\/100\n|-damage|p1a: Tent|84\/100|[from] Spikes\n|move|p2a: Garbodor|Gunk Shot|p1a: Tent\n|-resisted|p1a: Tent\n|-damage|p1a: Tent|68\/100\n|\n|upkeep\n|turn|11\n|\n|t:|1661720637\n|move|p2a: Garbodor|Spikes|p1a: Tent\n|-sidestart|p1: garmanarnar_03|Spikes\n|move|p1a: Tent|Hydro Pump|p2a: Garbodor\n|-damage|p2a: Garbodor|0 fnt\n|faint|p2a: Garbodor\n|\n|upkeep\n|\n|t:|1661720643\n|switch|p2a: Regieleki|Regieleki|100\/100\n|-item|p2a: Regieleki|Air Balloon\n|turn|12\n|\n|t:|1661720646\n|move|p2a: Regieleki|Rapid Spin|p1a: Tent\n|-damage|p1a: Tent|59\/100\n|-boost|p2a: Regieleki|spe|1\n|move|p1a: Tent|Hydro Pump|p2a: Regieleki|[miss]\n|-miss|p1a: Tent|p2a: Regieleki\n|\n|upkeep\n|turn|13\n|\n|t:|1661720649\n|move|p2a: Regieleki|Thunderbolt|p1a: Tent\n|-supereffective|p1a: Tent\n|-damage|p1a: Tent|0 fnt\n|faint|p1a: Tent\n|\n|upkeep\n|\n|t:|1661720651\n|switch|p1a: Kamekaze|Hippowdon, F|100\/100\n|-damage|p1a: Kamekaze|75\/100|[from] Spikes\n|-weather|Sandstorm|[from] ability: Sand Stream|[of] p1a: Kamekaze\n|turn|14\n|\n|t:|1661720655\n|switch|p2a: Slowbro|Slowbro, M|100\/100\n|move|p1a: Kamekaze|Stone Edge|p2a: Slowbro\n|-damage|p2a: Slowbro|63\/100\n|-damage|p1a: Kamekaze|65\/100|[from] item: Life Orb\n|\n|-weather|Sandstorm|[upkeep]\n|-damage|p2a: Slowbro|57\/100|[from] Sandstorm\n|upkeep\n|turn|15\n|\n|t:|1661720660\n|move|p1a: Kamekaze|Earthquake|p2a: Slowbro\n|-damage|p2a: Slowbro|6\/100\n|-damage|p1a: Kamekaze|56\/100|[from] item: Life Orb\n|move|p2a: Slowbro|Scald|p1a: Kamekaze\n|-supereffective|p1a: Kamekaze\n|-damage|p1a: Kamekaze|1\/100\n|\n|-weather|Sandstorm|[upkeep]\n|-damage|p2a: Slowbro|0 fnt|[from] Sandstorm\n|faint|p2a: Slowbro\n|upkeep\n|\n|t:|1661720665\n|switch|p2a: Regieleki|Regieleki|100\/100\n|-item|p2a: Regieleki|Air Balloon\n|turn|16\n|\n|t:|1661720668\n|move|p2a: Regieleki|Rapid Spin|p1a: Kamekaze\n|-damage|p1a: Kamekaze|0 fnt\n|-boost|p2a: Regieleki|spe|1\n|faint|p1a: Kamekaze\n|\n|-weather|Sandstorm|[upkeep]\n|-damage|p2a: Regieleki|95\/100|[from] Sandstorm\n|upkeep\n|\n|t:|1661720670\n|switch|p1a: Baby dont hurt me|Clefable, M|100\/100\n|turn|17\n|\n|t:|1661720674\n|move|p2a: Regieleki|Thunder Wave|p1a: Baby dont hurt me\n|-status|p1a: Baby dont hurt me|par\n|move|p1a: Baby dont hurt me|Moonblast|p2a: Regieleki\n|-damage|p2a: Regieleki|19\/100\n|-enditem|p2a: Regieleki|Air Balloon\n|\n|-weather|Sandstorm|[upkeep]\n|-damage|p2a: Regieleki|13\/100|[from] Sandstorm\n|upkeep\n|turn|18\n|\n|t:|1661720677\n|move|p2a: Regieleki|Thunderbolt|p1a: Baby dont hurt me\n|-damage|p1a: Baby dont hurt me|31\/100 par\n|move|p1a: Baby dont hurt me|Moonblast|p2a: Regieleki\n|-damage|p2a: Regieleki|0 fnt\n|faint|p2a: Regieleki\n|\n|-weather|none\n|upkeep\n|\n|t:|1661720680\n|switch|p2a: Melmetal|Melmetal|100\/100\n|turn|19\n|\n|t:|1661720685\n|move|p2a: Melmetal|Double Iron Bash|p1a: Baby dont hurt me\n|-supereffective|p1a: Baby dont hurt me\n|-damage|p1a: Baby dont hurt me|0 fnt\n|faint|p1a: Baby dont hurt me\n|-hitcount|p1: Baby dont hurt me|1\n|\n|upkeep\n|\n|t:|1661720687\n|switch|p1a: Stalone|Blissey, F|100\/100\n|-damage|p1a: Stalone|76\/100|[from] Spikes\n|turn|20\n|\n|t:|1661720689\n|move|p1a: Stalone|Flamethrower|p2a: Melmetal\n|-supereffective|p2a: Melmetal\n|-damage|p2a: Melmetal|77\/100\n|move|p2a: Melmetal|Superpower|p1a: Stalone\n|-supereffective|p1a: Stalone\n|-damage|p1a: Stalone|0 fnt\n|-unboost|p2a: Melmetal|atk|1\n|-unboost|p2a: Melmetal|def|1\n|faint|p1a: Stalone\n|\n|win|Kikoobuster\n|raw|garmanarnar_03's rating: 1320 &rarr; <strong>1299<\/strong><br \/>(-21 for losing)\n|raw|Kikoobuster's rating: 1304 &rarr; <strong>1325<\/strong><br \/>(+21 for winning)\n|l|\u2606garmanarnar_03\n","uploadtime":1661720698,"views":3,"p1id":"garmanarnar03","p2id":"kikoobuster","formatid":"gen8ou","rating":1299,"private":0,"password":null}