{"id":"gen8ou-1685293500","p1":"IIIodyne","p2":"mathtass","format":"gen8ou","log":"|j|\u2606IIIodyne\n|j|\u2606mathtass\n|inactive|Battle timer is ON: inactive players will automatically lose when time's up.\n|t:|1665716885\n|gametype|singles\n|player|p1|IIIodyne|266|\n|player|p2|mathtass|265|\n|teamsize|p1|6\n|teamsize|p2|6\n|gen|8\n|tier|[Gen 8] OU\n|rated|Tournament battle\n|rule|Sleep Clause Mod: Limit one foe put to sleep\n|rule|Species Clause: Limit one of each Pok\u00e9mon\n|rule|OHKO Clause: OHKO moves are banned\n|rule|Evasion Items Clause: Evasion items are banned\n|rule|Evasion Moves Clause: Evasion moves are banned\n|rule|Endless Battle Clause: Forcing endless battles is banned\n|rule|HP Percentage Mod: HP is shown in percentages\n|rule|Dynamax Clause: You cannot dynamax\n|\n|t:|1665716885\n|start\n|switch|p1a: Gastrodon|Gastrodon, M|100\/100\n|switch|p2a: Toxapex|Toxapex, F|100\/100\n|turn|1\n|j| scarier-suwa\n|c|\u2606IIIodyne|hf\n|\n|t:|1665716895\n|move|p1a: Gastrodon|Earth Power|p2a: Toxapex\n|-supereffective|p2a: Toxapex\n|-damage|p2a: Toxapex|51\/100\n|move|p2a: Toxapex|Toxic|p1a: Gastrodon\n|-status|p1a: Gastrodon|tox\n|\n|-heal|p2a: Toxapex|57\/100|[from] item: Black Sludge\n|-damage|p1a: Gastrodon|94\/100 tox|[from] psn\n|upkeep\n|turn|2\n|j| outd brnk\n|\n|t:|1665716908\n|switch|p2a: Zapdos|Zapdos|100\/100\n|-ability|p2a: Zapdos|Pressure\n|move|p1a: Gastrodon|Scald|p2a: Zapdos\n|-damage|p2a: Zapdos|84\/100\n|\n|-heal|p1a: Gastrodon|100\/100 tox|[from] item: Leftovers\n|-damage|p1a: Gastrodon|88\/100 tox|[from] psn\n|upkeep\n|turn|3\n|j| pelotonian\n|c| outd brnk|u guys are just using standard teams\n|j| Begin Testing\n|c| outd brnk|zzzzzzzzzzzzzzzzzzzzzzzzzzzzzz\n|c| outd brnk|not a single zoroark\n|j| CherN0ble\n|c| scarier-suwa|zoroark is bugged anyway\n|c| outd brnk|bugged????\n|inactive|IIIodyne has 120 seconds left.\n|c| scarier-suwa|(i think)\n|c| outd brnk|how\n|\n|t:|1665716944\n|switch|p2a: Toxapex|Toxapex, F|91\/100\n|switch|p1a: Snorlax|Snorlax, M|100\/100\n|\n|-heal|p2a: Toxapex|97\/100|[from] item: Black Sludge\n|upkeep\n|turn|4\n|inactive|IIIodyne has 120 seconds left.\n|\n|t:|1665716961\n|move|p2a: Toxapex|Toxic|p1a: Snorlax\n|-status|p1a: Snorlax|tox\n|move|p1a: Snorlax|Body Slam|p2a: Toxapex\n|-damage|p2a: Toxapex|78\/100\n|\n|-heal|p2a: Toxapex|84\/100|[from] item: Black Sludge\n|-damage|p1a: Snorlax|94\/100 tox|[from] psn\n|upkeep\n|turn|5\n|\n|t:|1665716969\n|move|p2a: Toxapex|Scald|p1a: Snorlax\n|-damage|p1a: Snorlax|87\/100 tox\n|move|p1a: Snorlax|Body Slam|p2a: Toxapex\n|-damage|p2a: Toxapex|66\/100\n|-status|p2a: Toxapex|par\n|\n|-heal|p1a: Snorlax|93\/100 tox|[from] item: Leftovers\n|-heal|p2a: Toxapex|73\/100 par|[from] item: Black Sludge\n|-damage|p1a: Snorlax|81\/100 tox|[from] psn\n|upkeep\n|turn|6\n|c| outd brnk|how is it bugged\n|inactive|mathtass has 120 seconds left.\n|\n|t:|1665716997\n|move|p1a: Snorlax|Curse|p1a: Snorlax\n|-unboost|p1a: Snorlax|spe|1\n|-boost|p1a: Snorlax|atk|1\n|-boost|p1a: Snorlax|def|1\n|cant|p2a: Toxapex|par\n|\n|-heal|p1a: Snorlax|87\/100 tox|[from] item: Leftovers\n|-heal|p2a: Toxapex|79\/100 par|[from] item: Black Sludge\n|-damage|p1a: Snorlax|69\/100 tox|[from] psn\n|upkeep\n|turn|7\n|inactive|mathtass has 120 seconds left.\n|j| imcool77798\n|l| scarier-suwa\n|inactive|mathtass has 90 seconds left.\n|c| outd brnk|ah yes i love it when people say random shit and then don't explain\n|\n|t:|1665717046\n|move|p1a: Snorlax|Body Slam|p2a: Toxapex\n|-damage|p2a: Toxapex|53\/100 par\n|move|p2a: Toxapex|Recover|p2a: Toxapex\n|-heal|p2a: Toxapex|100\/100 par\n|\n|-heal|p1a: Snorlax|75\/100 tox|[from] item: Leftovers\n|-damage|p1a: Snorlax|51\/100 tox|[from] psn\n|upkeep\n|turn|8\n|inactive|mathtass has 90 seconds left.\n|l| imcool77798\n|inactive|mathtass has 60 seconds left.\n|\n|t:|1665717090\n|move|p1a: Snorlax|Rest|p1a: Snorlax\n|-status|p1a: Snorlax|slp|[from] move: Rest\n|-heal|p1a: Snorlax|100\/100 slp|[silent]\n|move|p2a: Toxapex|Recover||[still]\n|-fail|p2a: Toxapex|heal\n|\n|upkeep\n|turn|9\n|inactive|mathtass has 60 seconds left.\n|\n|t:|1665717099\n|switch|p2a: Blacephalon|Blacephalon|100\/100\n|cant|p1a: Snorlax|slp\n|\n|upkeep\n|turn|10\n|\n|t:|1665717105\n|move|p2a: Blacephalon|Trick|p1a: Snorlax\n|-activate|p2a: Blacephalon|move: Trick|[of] p1a: Snorlax\n|-item|p1a: Snorlax|Choice Scarf|[from] move: Trick\n|-item|p2a: Blacephalon|Leftovers|[from] move: Trick\n|cant|p1a: Snorlax|slp\n|\n|upkeep\n|turn|11\n|\n|t:|1665717118\n|switch|p2a: Toxapex|Toxapex, F|100\/100 par\n|-curestatus|p1a: Snorlax|slp|[msg]\n|move|p1a: Snorlax|Darkest Lariat|p2a: Toxapex\n|-damage|p2a: Toxapex|80\/100 par\n|\n|-heal|p2a: Toxapex|87\/100 par|[from] item: Black Sludge\n|upkeep\n|turn|12\n|\n|t:|1665717131\n|switch|p1a: Rotom|Rotom-Heat|100\/100\n|move|p2a: Toxapex|Toxic|p1a: Rotom\n|-status|p1a: Rotom|tox\n|\n|-heal|p2a: Toxapex|93\/100 par|[from] item: Black Sludge\n|-damage|p1a: Rotom|94\/100 tox|[from] psn\n|upkeep\n|turn|13\n|\n|t:|1665717141\n|switch|p2a: Chansey|Chansey, F|100\/100\n|move|p1a: Rotom|Will-O-Wisp|p2a: Chansey\n|-status|p2a: Chansey|brn\n|\n|-damage|p1a: Rotom|82\/100 tox|[from] psn\n|-damage|p2a: Chansey|94\/100 brn|[from] brn\n|upkeep\n|turn|14\n|inactive|mathtass has 60 seconds left.\n|\n|t:|1665717169\n|move|p1a: Rotom|Volt Switch|p2a: Chansey\n|-damage|p2a: Chansey|88\/100 brn\n|\n|t:|1665717189\n|switch|p1a: Bronzong|Bronzong|100\/100|[from]move: Volt Switch\n|move|p2a: Chansey|Stealth Rock|p1a: Bronzong\n|-sidestart|p1: IIIodyne|move: Stealth Rock\n|\n|-damage|p2a: Chansey|82\/100 brn|[from] brn\n|upkeep\n|turn|15\n|inactive|mathtass has 60 seconds left.\n|j| Pikablu007\n|l| outd brnk\n|l| Pikablu007\n|\n|t:|1665717231\n|-curestatus|p2a: Chansey|brn|[from] ability: Natural Cure\n|switch|p2a: Rillaboom|Rillaboom, M, shiny|100\/100\n|-fieldstart|move: Grassy Terrain|[from] ability: Grassy Surge|[of] p2a: Rillaboom\n|move|p1a: Bronzong|Iron Head|p2a: Rillaboom\n|-damage|p2a: Rillaboom|70\/100\n|\n|-heal|p2a: Rillaboom|76\/100|[from] Grassy Terrain\n|-heal|p2a: Rillaboom|82\/100|[from] item: Leftovers\n|upkeep\n|turn|16\n|inactive|mathtass has 30 seconds left.\n|\n|t:|1665717255\n|switch|p1a: Weezing|Weezing-Galar, F|100\/100\n|-damage|p1a: Weezing|88\/100|[from] Stealth Rock\n|move|p2a: Rillaboom|Knock Off|p1a: Weezing\n|-resisted|p1a: Weezing\n|-damage|p1a: Weezing|76\/100\n|-damage|p2a: Rillaboom|66\/100|[from] item: Rocky Helmet|[of] p1a: Weezing\n|-enditem|p1a: Weezing|Rocky Helmet|[from] move: Knock Off|[of] p2a: Rillaboom\n|\n|-heal|p2a: Rillaboom|72\/100|[from] Grassy Terrain\n|-heal|p2a: Rillaboom|78\/100|[from] item: Leftovers\n|upkeep\n|turn|17\n|inactive|mathtass has 30 seconds left.\n|inactive|mathtass has 20 seconds left.\n|inactive|mathtass has 15 seconds left.\n|inactive|mathtass has 10 seconds left.\n|\n|t:|1665717283\n|switch|p2a: Chansey|Chansey, F|82\/100\n|move|p1a: Weezing|Flamethrower|p2a: Chansey\n|-damage|p2a: Chansey|77\/100\n|\n|-heal|p2a: Chansey|83\/100|[from] Grassy Terrain\n|upkeep\n|turn|18\n|inactive|mathtass has 20 seconds left this turn.\n|inactive|mathtass has 15 seconds left.\n|\n|t:|1665717291\n|switch|p1a: Bronzong|Bronzong|100\/100\n|-damage|p1a: Bronzong|94\/100|[from] Stealth Rock\n|move|p2a: Chansey|Seismic Toss|p1a: Bronzong\n|-damage|p1a: Bronzong|65\/100\n|\n|-heal|p2a: Chansey|90\/100|[from] Grassy Terrain\n|-heal|p1a: Bronzong|71\/100|[from] Grassy Terrain\n|upkeep\n|turn|19\n|inactive|mathtass has 25 seconds left this turn.\n|inactive|mathtass has 20 seconds left.\n|inactive|mathtass has 15 seconds left.\n|\n|t:|1665717305\n|switch|p2a: Toxapex|Toxapex, F|100\/100 par\n|move|p1a: Bronzong|Rock Slide|p2a: Toxapex\n|-crit|p2a: Toxapex\n|-damage|p2a: Toxapex|82\/100 par\n|\n|-heal|p1a: Bronzong|77\/100|[from] Grassy Terrain\n|-heal|p2a: Toxapex|89\/100 par|[from] Grassy Terrain\n|-heal|p2a: Toxapex|95\/100 par|[from] item: Black Sludge\n|-fieldend|move: Grassy Terrain\n|upkeep\n|turn|20\n|inactive|mathtass has 25 seconds left this turn.\n|inactive|mathtass has 20 seconds left.\n|inactive|mathtass has 15 seconds left.\n|\n|t:|1665717315\n|move|p1a: Bronzong|Zen Headbutt|p2a: Toxapex\n|-supereffective|p2a: Toxapex\n|-damage|p2a: Toxapex|57\/100 par\n|move|p2a: Toxapex|Scald|p1a: Bronzong\n|-damage|p1a: Bronzong|67\/100\n|\n|-heal|p2a: Toxapex|64\/100 par|[from] item: Black Sludge\n|upkeep\n|turn|21\n|inactive|mathtass has 25 seconds left this turn.\n|inactive|mathtass has 20 seconds left.\n|inactive|mathtass has 15 seconds left.\n|\n|t:|1665717326\n|move|p1a: Bronzong|Zen Headbutt|p2a: Toxapex\n|-supereffective|p2a: Toxapex\n|-damage|p2a: Toxapex|24\/100 par\n|move|p2a: Toxapex|Scald|p1a: Bronzong\n|-damage|p1a: Bronzong|58\/100\n|\n|-heal|p2a: Toxapex|30\/100 par|[from] item: Black Sludge\n|upkeep\n|turn|22\n|inactive|mathtass has 25 seconds left this turn.\n|j| LEAGUEPLAYERXD\n|inactive|mathtass has 20 seconds left.\n|\n|t:|1665717334\n|switch|p2a: Garchomp|Garchomp, F|100\/100\n|move|p1a: Bronzong|Earthquake|p2a: Garchomp\n|-damage|p2a: Garchomp|72\/100\n|\n|-heal|p2a: Garchomp|79\/100|[from] item: Leftovers\n|upkeep\n|turn|23\n|inactive|mathtass has 30 seconds left this turn.\n|c| LEAGUEPLAYERXD|bitch im a cowb\n|\n|t:|1665717343\n|switch|p1a: Weezing|Weezing-Galar, F|76\/100\n|-damage|p1a: Weezing|64\/100|[from] Stealth Rock\n|move|p2a: Garchomp|Fire Fang|p1a: Weezing\n|-crit|p1a: Weezing\n|-damage|p1a: Weezing|43\/100\n|\n|-heal|p2a: Garchomp|85\/100|[from] item: Leftovers\n|upkeep\n|turn|24\n|c| LEAGUEPLAYERXD|bitch im a cow\n|c| LEAGUEPLAYERXD|bitch im a cow\n|inactive|mathtass has 30 seconds left.\n|c| LEAGUEPLAYERXD|i go moooooooooooooooooooooooooooooooooo\n|c| LEAGUEPLAYERXD|mooooooooooooooooooooooooooooo\n|c| LEAGUEPLAYERXD|mooooooooooooooooooooooooooooooooooooooooooom\n|\n|t:|1665717356\n|switch|p2a: Chansey|Chansey, F|90\/100\n|move|p1a: Weezing|Strange Steam|p2a: Chansey\n|-damage|p2a: Chansey|83\/100\n|\n|upkeep\n|turn|25\n|inactive|mathtass has 30 seconds left.\n|c| Begin Testing|bro's a cow\n|\n|t:|1665717372\n|switch|p1a: Gastrodon|Gastrodon, M|88\/100 tox\n|-damage|p1a: Gastrodon|82\/100 tox|[from] Stealth Rock\n|move|p2a: Chansey|Seismic Toss|p1a: Gastrodon\n|-damage|p1a: Gastrodon|59\/100 tox\n|\n|-heal|p1a: Gastrodon|65\/100 tox|[from] item: Leftovers\n|-damage|p1a: Gastrodon|59\/100 tox|[from] psn\n|upkeep\n|turn|26\n|inactive|mathtass has 30 seconds left.\n|inactive|mathtass has 20 seconds left.\n|\n|t:|1665717394\n|move|p2a: Chansey|Seismic Toss|p1a: Gastrodon\n|-damage|p1a: Gastrodon|35\/100 tox\n|move|p1a: Gastrodon|Scald|p2a: Chansey\n|-damage|p2a: Chansey|77\/100\n|\n|-heal|p1a: Gastrodon|41\/100 tox|[from] item: Leftovers\n|-damage|p1a: Gastrodon|29\/100 tox|[from] psn\n|upkeep\n|turn|27\n|inactive|mathtass has 30 seconds left this turn.\n|\n|t:|1665717404\n|move|p2a: Chansey|Seismic Toss|p1a: Gastrodon\n|-damage|p1a: Gastrodon|6\/100 tox\n|move|p1a: Gastrodon|Recover|p1a: Gastrodon\n|-heal|p1a: Gastrodon|56\/100 tox\n|\n|-heal|p1a: Gastrodon|62\/100 tox|[from] item: Leftovers\n|-damage|p1a: Gastrodon|43\/100 tox|[from] psn\n|upkeep\n|turn|28\n|inactive|mathtass has 30 seconds left.\n|j| Pinecoishot\n|l| Pinecoishot\n|\n|t:|1665717419\n|switch|p1a: Snorlax|Snorlax, M|100\/100\n|-damage|p1a: Snorlax|88\/100|[from] Stealth Rock\n|move|p2a: Chansey|Seismic Toss|p1a: Snorlax\n|-damage|p1a: Snorlax|69\/100\n|\n|upkeep\n|turn|29\n|j| Pinecoishot\n|inactive|mathtass has 30 seconds left.\n|\n|t:|1665717432\n|switch|p2a: Toxapex|Toxapex, F|64\/100 par\n|move|p1a: Snorlax|Body Slam|p2a: Toxapex\n|-damage|p2a: Toxapex|44\/100 par\n|\n|-heal|p2a: Toxapex|50\/100 par|[from] item: Black Sludge\n|upkeep\n|turn|30\n|\n|t:|1665717440\n|move|p1a: Snorlax|Body Slam|p2a: Toxapex\n|-damage|p2a: Toxapex|31\/100 par\n|move|p2a: Toxapex|Recover|p2a: Toxapex\n|-heal|p2a: Toxapex|81\/100 par\n|\n|-heal|p2a: Toxapex|87\/100 par|[from] item: Black Sludge\n|upkeep\n|turn|31\n|\n|t:|1665717451\n|switch|p1a: Gastrodon|Gastrodon, M|43\/100 tox\n|-damage|p1a: Gastrodon|37\/100 tox|[from] Stealth Rock\n|move|p2a: Toxapex|Scald|p1a: Gastrodon\n|-ability|p1a: Gastrodon|Storm Drain|boost\n|-boost|p1a: Gastrodon|spa|1\n|\n|-heal|p1a: Gastrodon|43\/100 tox|[from] item: Leftovers\n|-heal|p2a: Toxapex|94\/100 par|[from] item: Black Sludge\n|-damage|p1a: Gastrodon|37\/100 tox|[from] psn\n|upkeep\n|turn|32\n|\n|t:|1665717463\n|switch|p2a: Chansey|Chansey, F|77\/100\n|move|p1a: Gastrodon|Recover|p1a: Gastrodon\n|-heal|p1a: Gastrodon|87\/100 tox\n|\n|-heal|p1a: Gastrodon|93\/100 tox|[from] item: Leftovers\n|-damage|p1a: Gastrodon|81\/100 tox|[from] psn\n|upkeep\n|turn|33\n|\n|t:|1665717471\n|move|p2a: Chansey|Seismic Toss|p1a: Gastrodon\n|-damage|p1a: Gastrodon|58\/100 tox\n|move|p1a: Gastrodon|Earth Power|p2a: Chansey\n|-damage|p2a: Chansey|65\/100\n|\n|-heal|p1a: Gastrodon|64\/100 tox|[from] item: Leftovers\n|-damage|p1a: Gastrodon|46\/100 tox|[from] psn\n|upkeep\n|turn|34\n|\n|t:|1665717493\n|switch|p1a: Rillaboom|Rillaboom, F|100\/100\n|-damage|p1a: Rillaboom|88\/100|[from] Stealth Rock\n|-fieldstart|move: Grassy Terrain|[from] ability: Grassy Surge|[of] p1a: Rillaboom\n|move|p2a: Chansey|Seismic Toss|p1a: Rillaboom\n|-damage|p1a: Rillaboom|59\/100\n|\n|-heal|p1a: Rillaboom|65\/100|[from] Grassy Terrain\n|-heal|p2a: Chansey|71\/100|[from] Grassy Terrain\n|upkeep\n|turn|35\n|\n|t:|1665717512\n|switch|p2a: Zapdos|Zapdos|84\/100\n|-ability|p2a: Zapdos|Pressure\n|move|p1a: Rillaboom|Knock Off|p2a: Zapdos\n|-damage|p2a: Zapdos|38\/100\n|-enditem|p2a: Zapdos|Heavy-Duty Boots|[from] move: Knock Off|[of] p1a: Rillaboom\n|\n|-heal|p1a: Rillaboom|71\/100|[from] Grassy Terrain\n|upkeep\n|turn|36\n|\n|t:|1665717522\n|switch|p1a: Gastrodon|Gastrodon, M|46\/100 tox\n|-damage|p1a: Gastrodon|39\/100 tox|[from] Stealth Rock\n|move|p2a: Zapdos|Roost|p2a: Zapdos\n|-heal|p2a: Zapdos|88\/100\n|-singleturn|p2a: Zapdos|move: Roost\n|\n|-heal|p2a: Zapdos|94\/100|[from] Grassy Terrain\n|-heal|p1a: Gastrodon|46\/100 tox|[from] Grassy Terrain\n|-heal|p1a: Gastrodon|52\/100 tox|[from] item: Leftovers\n|-damage|p1a: Gastrodon|46\/100 tox|[from] psn\n|upkeep\n|turn|37\n|\n|t:|1665717535\n|switch|p2a: Rillaboom|Rillaboom, M, shiny|78\/100\n|move|p1a: Gastrodon|Recover|p1a: Gastrodon\n|-heal|p1a: Gastrodon|96\/100 tox\n|\n|-heal|p2a: Rillaboom|84\/100|[from] Grassy Terrain\n|-heal|p2a: Rillaboom|91\/100|[from] item: Leftovers\n|-heal|p1a: Gastrodon|100\/100 tox|[from] Grassy Terrain\n|-damage|p1a: Gastrodon|88\/100 tox|[from] psn\n|upkeep\n|turn|38\n|l| LEAGUEPLAYERXD\n|\n|t:|1665717546\n|move|p2a: Rillaboom|Knock Off|p1a: Gastrodon\n|-damage|p1a: Gastrodon|61\/100 tox\n|-enditem|p1a: Gastrodon|Leftovers|[from] move: Knock Off|[of] p2a: Rillaboom\n|move|p1a: Gastrodon|Ice Beam|p2a: Rillaboom\n|-supereffective|p2a: Rillaboom\n|-damage|p2a: Rillaboom|44\/100\n|\n|-heal|p2a: Rillaboom|50\/100|[from] Grassy Terrain\n|-heal|p2a: Rillaboom|56\/100|[from] item: Leftovers\n|-heal|p1a: Gastrodon|67\/100 tox|[from] Grassy Terrain\n|-damage|p1a: Gastrodon|48\/100 tox|[from] psn\n|-fieldend|move: Grassy Terrain\n|upkeep\n|turn|39\n|\n|t:|1665717559\n|move|p2a: Rillaboom|Grassy Glide|p1a: Gastrodon\n|-supereffective|p1a: Gastrodon\n|-damage|p1a: Gastrodon|0 fnt\n|faint|p1a: Gastrodon\n|\n|-heal|p2a: Rillaboom|63\/100|[from] item: Leftovers\n|upkeep\n|\n|t:|1665717583\n|switch|p1a: Rotom|Rotom-Heat|82\/100 tox\n|turn|40\n|\n|t:|1665717602\n|switch|p2a: Chansey|Chansey, F|71\/100\n|move|p1a: Rotom|Foul Play|p2a: Chansey\n|-damage|p2a: Chansey|69\/100\n|\n|-damage|p1a: Rotom|76\/100 tox|[from] psn\n|upkeep\n|turn|41\n|\n|t:|1665717611\n|move|p1a: Rotom|Volt Switch|p2a: Chansey\n|-damage|p2a: Chansey|63\/100\n|\n|t:|1665717616\n|switch|p1a: Bronzong|Bronzong|58\/100|[from]move: Volt Switch\n|-damage|p1a: Bronzong|52\/100|[from] Stealth Rock\n|move|p2a: Chansey|Seismic Toss|p1a: Bronzong\n|-damage|p1a: Bronzong|22\/100\n|\n|upkeep\n|turn|42\n|inactive|mathtass has 60 seconds left.\n|\n|t:|1665717627\n|switch|p2a: Garchomp|Garchomp, F|85\/100\n|move|p1a: Bronzong|Iron Head|p2a: Garchomp\n|-damage|p2a: Garchomp|54\/100\n|-damage|p1a: Bronzong|10\/100|[from] ability: Rough Skin|[of] p2a: Garchomp\n|\n|-heal|p2a: Garchomp|60\/100|[from] item: Leftovers\n|upkeep\n|turn|43\n|inactive|mathtass has 60 seconds left.\n|\n|t:|1665717636\n|move|p2a: Garchomp|Fire Fang|p1a: Bronzong\n|-supereffective|p1a: Bronzong\n|-damage|p1a: Bronzong|0 fnt\n|faint|p1a: Bronzong\n|\n|-heal|p2a: Garchomp|66\/100|[from] item: Leftovers\n|upkeep\n|\n|t:|1665717647\n|switch|p1a: Weezing|Weezing-Galar, F|43\/100\n|-damage|p1a: Weezing|31\/100|[from] Stealth Rock\n|turn|44\n|\n|t:|1665717652\n|switch|p2a: Chansey|Chansey, F|63\/100\n|move|p1a: Weezing|Strange Steam|p2a: Chansey\n|-damage|p2a: Chansey|56\/100\n|\n|upkeep\n|turn|45\n|c|\u2606IIIodyne|gg\n|-message|IIIodyne forfeited.\n|\n|win|mathtass\n|n|\u2606IIIodyne|iiiodyne\n|n|\u2606mathtass|mathtass\n|n| pelotonian|pelotonian\n|n| Begin Testing|begintesting\n|n| CherN0ble|chern0ble\n|n| Pinecoishot|pinecoishot\n","uploadtime":1665717664,"views":24,"p1id":"iiiodyne","p2id":"mathtass","formatid":"gen8ou","rating":0,"private":0,"password":null}