{"id":"gen8ou-1646921605","p1":"gaasaa","p2":"El Stefano","format":"gen8ou","log":"|j|\u2606gaasaa\n|j|\u2606El Stefano\n|t:|1661326212\n|gametype|singles\n|player|p1|gaasaa|101|1669\n|player|p2|El Stefano|265|1596\n|teamsize|p1|6\n|teamsize|p2|6\n|gen|8\n|tier|[Gen 8] OU\n|rated|\n|rule|Sleep Clause Mod: Limit one foe put to sleep\n|rule|Species Clause: Limit one of each Pok\u00e9mon\n|rule|OHKO Clause: OHKO moves are banned\n|rule|Evasion Items Clause: Evasion items are banned\n|rule|Evasion Moves Clause: Evasion moves are banned\n|rule|Endless Battle Clause: Forcing endless battles is banned\n|rule|HP Percentage Mod: HP is shown in percentages\n|rule|Dynamax Clause: You cannot dynamax\n|clearpoke\n|poke|p1|Volcarona, M|\n|poke|p1|Tapu Lele|\n|poke|p1|Dragonite, M|\n|poke|p1|Zapdos|\n|poke|p1|Conkeldurr, M|\n|poke|p1|Kommo-o, M|\n|poke|p2|Clefable, M|\n|poke|p2|Reuniclus, M|\n|poke|p2|Nidoking, M|\n|poke|p2|Regieleki|\n|poke|p2|Scrafty, F|\n|poke|p2|Garchomp, F|\n|teampreview\n|inactive|Battle timer is ON: inactive players will automatically lose when time's up. (requested by gaasaa)\n|\n|t:|1661326234\n|start\n|switch|p1a: Zapdos|Zapdos|100\/100\n|switch|p2a: Nidoking|Nidoking, M|100\/100\n|turn|1\n|\n|t:|1661326254\n|move|p2a: Nidoking|Ice Beam|p1a: Zapdos\n|-supereffective|p1a: Zapdos\n|-damage|p1a: Zapdos|56\/100\n|move|p1a: Zapdos|Roost|p1a: Zapdos\n|-heal|p1a: Zapdos|100\/100\n|-singleturn|p1a: Zapdos|move: Roost\n|\n|upkeep\n|turn|2\n|\n|t:|1661326261\n|move|p2a: Nidoking|Ice Beam|p1a: Zapdos\n|-supereffective|p1a: Zapdos\n|-damage|p1a: Zapdos|57\/100\n|move|p1a: Zapdos|Heat Wave|p2a: Nidoking\n|-damage|p2a: Nidoking|60\/100\n|\n|upkeep\n|turn|3\n|\n|t:|1661326267\n|move|p2a: Nidoking|Ice Beam|p1a: Zapdos\n|-supereffective|p1a: Zapdos\n|-damage|p1a: Zapdos|10\/100\n|move|p1a: Zapdos|Roost|p1a: Zapdos\n|-heal|p1a: Zapdos|60\/100\n|-singleturn|p1a: Zapdos|move: Roost\n|\n|upkeep\n|turn|4\n|\n|t:|1661326275\n|move|p2a: Nidoking|Ice Beam|p1a: Zapdos\n|-supereffective|p1a: Zapdos\n|-damage|p1a: Zapdos|14\/100\n|move|p1a: Zapdos|Roost|p1a: Zapdos\n|-heal|p1a: Zapdos|64\/100\n|-singleturn|p1a: Zapdos|move: Roost\n|\n|upkeep\n|turn|5\n|\n|t:|1661326279\n|move|p2a: Nidoking|Ice Beam|p1a: Zapdos\n|-supereffective|p1a: Zapdos\n|-damage|p1a: Zapdos|22\/100\n|move|p1a: Zapdos|Roost|p1a: Zapdos\n|-heal|p1a: Zapdos|72\/100\n|-singleturn|p1a: Zapdos|move: Roost\n|\n|upkeep\n|turn|6\n|\n|t:|1661326284\n|switch|p1a: Tapu Lele|Tapu Lele|100\/100\n|-fieldstart|move: Psychic Terrain|[from] ability: Psychic Surge|[of] p1a: Tapu Lele\n|move|p2a: Nidoking|Ice Beam|p1a: Tapu Lele\n|-damage|p1a: Tapu Lele|64\/100\n|\n|upkeep\n|turn|7\n|\n|t:|1661326289\n|switch|p2a: Reuniclus|Reuniclus, M|100\/100\n|move|p1a: Tapu Lele|Psyshock|p2a: Reuniclus\n|-resisted|p2a: Reuniclus\n|-damage|p2a: Reuniclus|71\/100\n|\n|-heal|p2a: Reuniclus|77\/100|[from] item: Leftovers\n|upkeep\n|turn|8\n|\n|t:|1661326297\n|switch|p2a: Nidoking|Nidoking, M|60\/100\n|move|p1a: Tapu Lele|Psyshock|p2a: Nidoking\n|-supereffective|p2a: Nidoking\n|-damage|p2a: Nidoking|0 fnt\n|faint|p2a: Nidoking\n|\n|upkeep\n|\n|t:|1661326305\n|switch|p2a: Reuniclus|Reuniclus, M|77\/100\n|turn|9\n|\n|t:|1661326314\n|switch|p1a: Dragonite|Dragonite, M|100\/100\n|move|p2a: Reuniclus|Iron Defense|p2a: Reuniclus\n|-boost|p2a: Reuniclus|def|2\n|\n|-heal|p2a: Reuniclus|83\/100|[from] item: Leftovers\n|upkeep\n|turn|10\n|\n|t:|1661326318\n|move|p1a: Dragonite|Thunder Wave|p2a: Reuniclus\n|-status|p2a: Reuniclus|par\n|move|p2a: Reuniclus|Iron Defense|p2a: Reuniclus\n|-boost|p2a: Reuniclus|def|2\n|\n|-heal|p2a: Reuniclus|89\/100 par|[from] item: Leftovers\n|-fieldend|move: Psychic Terrain\n|upkeep\n|turn|11\n|\n|t:|1661326333\n|switch|p1a: Tapu Lele|Tapu Lele|64\/100\n|-fieldstart|move: Psychic Terrain|[from] ability: Psychic Surge|[of] p1a: Tapu Lele\n|cant|p2a: Reuniclus|par\n|\n|-heal|p2a: Reuniclus|95\/100 par|[from] item: Leftovers\n|upkeep\n|turn|12\n|\n|t:|1661326338\n|move|p1a: Tapu Lele|Moonblast|p2a: Reuniclus\n|-damage|p2a: Reuniclus|25\/100 par\n|move|p2a: Reuniclus|Calm Mind|p2a: Reuniclus\n|-boost|p2a: Reuniclus|spa|1\n|-boost|p2a: Reuniclus|spd|1\n|\n|-heal|p2a: Reuniclus|31\/100 par|[from] item: Leftovers\n|upkeep\n|turn|13\n|\n|t:|1661326348\n|move|p1a: Tapu Lele|Moonblast|p2a: Reuniclus\n|-damage|p2a: Reuniclus|0 fnt\n|faint|p2a: Reuniclus\n|\n|upkeep\n|\n|t:|1661326356\n|switch|p2a: Regieleki|Regieleki|100\/100\n|turn|14\n|\n|t:|1661326363\n|switch|p1a: Kommo-o|Kommo-o, M|100\/100\n|move|p2a: Regieleki|Thunderbolt|p1a: Kommo-o\n|-resisted|p1a: Kommo-o\n|-damage|p1a: Kommo-o|67\/100\n|\n|upkeep\n|turn|15\n|\n|t:|1661326377\n|move|p2a: Regieleki|Reflect|p2a: Regieleki\n|-sidestart|p2: El Stefano|Reflect\n|move|p1a: Kommo-o|Flash Cannon|p2a: Regieleki\n|-resisted|p2a: Regieleki\n|-damage|p2a: Regieleki|77\/100\n|-unboost|p2a: Regieleki|spd|1\n|\n|-fieldend|move: Psychic Terrain\n|upkeep\n|turn|16\n|\n|t:|1661326383\n|move|p2a: Regieleki|Light Screen|p2a: Regieleki\n|-sidestart|p2: El Stefano|move: Light Screen\n|move|p1a: Kommo-o|Clanging Scales|p2a: Regieleki\n|-damage|p2a: Regieleki|2\/100\n|-unboost|p1a: Kommo-o|def|1\n|-enditem|p1a: Kommo-o|Throat Spray\n|-boost|p1a: Kommo-o|spa|1|[from] item: Throat Spray\n|\n|upkeep\n|turn|17\n|\n|t:|1661326395\n|switch|p2a: Scrafty|Scrafty, F|100\/100\n|move|p1a: Kommo-o|Flash Cannon|p2a: Scrafty\n|-damage|p2a: Scrafty|84\/100\n|\n|-heal|p2a: Scrafty|90\/100|[from] item: Leftovers\n|upkeep\n|turn|18\n|\n|t:|1661326400\n|move|p1a: Kommo-o|Aura Sphere|p2a: Scrafty\n|-supereffective|p2a: Scrafty\n|-damage|p2a: Scrafty|40\/100\n|move|p2a: Scrafty|Knock Off|p1a: Kommo-o\n|-resisted|p1a: Kommo-o\n|-damage|p1a: Kommo-o|53\/100\n|\n|-heal|p2a: Scrafty|46\/100|[from] item: Leftovers\n|upkeep\n|turn|19\n|\n|t:|1661326412\n|switch|p2a: Clefable|Clefable, M|100\/100\n|move|p1a: Kommo-o|Flash Cannon|p2a: Clefable\n|-supereffective|p2a: Clefable\n|-damage|p2a: Clefable|67\/100\n|\n|-heal|p2a: Clefable|73\/100|[from] item: Leftovers\n|upkeep\n|turn|20\n|\n|t:|1661326438\n|switch|p1a: Dragonite|Dragonite, M|100\/100\n|move|p2a: Clefable|Calm Mind|p2a: Clefable\n|-boost|p2a: Clefable|spa|1\n|-boost|p2a: Clefable|spd|1\n|\n|-heal|p2a: Clefable|79\/100|[from] item: Leftovers\n|upkeep\n|turn|21\n|\n|t:|1661326446\n|move|p1a: Dragonite|Thunder Wave|p2a: Clefable\n|-status|p2a: Clefable|par\n|cant|p2a: Clefable|par\n|\n|-heal|p2a: Clefable|85\/100 par|[from] item: Leftovers\n|upkeep\n|turn|22\n|\n|t:|1661326463\n|switch|p1a: Conkeldurr|Conkeldurr, M|100\/100\n|move|p2a: Clefable|Calm Mind|p2a: Clefable\n|-boost|p2a: Clefable|spa|1\n|-boost|p2a: Clefable|spd|1\n|\n|-heal|p2a: Clefable|91\/100 par|[from] item: Leftovers\n|-sideend|p2: El Stefano|Reflect\n|-status|p1a: Conkeldurr|brn|[from] item: Flame Orb\n|upkeep\n|turn|23\n|\n|t:|1661326469\n|move|p1a: Conkeldurr|Knock Off|p2a: Clefable\n|-resisted|p2a: Clefable\n|-damage|p2a: Clefable|70\/100 par\n|-enditem|p2a: Clefable|Leftovers|[from] move: Knock Off|[of] p1a: Conkeldurr\n|move|p2a: Clefable|Moonblast|p1a: Conkeldurr\n|-supereffective|p1a: Conkeldurr\n|-damage|p1a: Conkeldurr|0 fnt\n|faint|p1a: Conkeldurr\n|\n|-sideend|p2: El Stefano|move: Light Screen\n|upkeep\n|\n|t:|1661326473\n|switch|p1a: Tapu Lele|Tapu Lele|64\/100\n|-fieldstart|move: Psychic Terrain|[from] ability: Psychic Surge|[of] p1a: Tapu Lele\n|turn|24\n|\n|t:|1661326478\n|switch|p2a: Scrafty|Scrafty, F|46\/100\n|move|p1a: Tapu Lele|Psyshock|p2a: Scrafty\n|-immune|p2a: Scrafty\n|\n|-heal|p2a: Scrafty|52\/100|[from] item: Leftovers\n|upkeep\n|turn|25\n|\n|t:|1661326497\n|switch|p1a: Zapdos|Zapdos|72\/100\n|switch|p2a: Garchomp|Garchomp, F|100\/100\n|\n|upkeep\n|turn|26\n|\n|t:|1661326501\n|move|p2a: Garchomp|Swords Dance|p2a: Garchomp\n|-boost|p2a: Garchomp|atk|2\n|move|p1a: Zapdos|Toxic|p2a: Garchomp\n|-status|p2a: Garchomp|tox\n|\n|-damage|p2a: Garchomp|94\/100 tox|[from] psn\n|upkeep\n|turn|27\n|\n|t:|1661326509\n|move|p2a: Garchomp|Scale Shot|p1a: Zapdos\n|-damage|p1a: Zapdos|44\/100\n|-damage|p1a: Zapdos|18\/100\n|-damage|p1a: Zapdos|0 fnt\n|faint|p1a: Zapdos\n|-hitcount|p1: Zapdos|3\n|-unboost|p2a: Garchomp|def|1\n|-boost|p2a: Garchomp|spe|1\n|\n|-damage|p2a: Garchomp|82\/100 tox|[from] psn\n|upkeep\n|\n|t:|1661326520\n|switch|p1a: Dragonite|Dragonite, M|100\/100\n|turn|28\n|\n|t:|1661326525\n|switch|p1a: Tapu Lele|Tapu Lele|64\/100\n|move|p2a: Garchomp|Scale Shot|p1a: Tapu Lele\n|-immune|p1a: Tapu Lele\n|\n|-damage|p2a: Garchomp|64\/100 tox|[from] psn\n|-fieldend|move: Psychic Terrain\n|upkeep\n|turn|29\n|\n|t:|1661326533\n|switch|p1a: Dragonite|Dragonite, M|100\/100\n|move|p2a: Garchomp|Scale Shot|p1a: Dragonite\n|-supereffective|p1a: Dragonite\n|-damage|p1a: Dragonite|75\/100\n|-supereffective|p1a: Dragonite\n|-damage|p1a: Dragonite|25\/100\n|-supereffective|p1a: Dragonite\n|-damage|p1a: Dragonite|0 fnt\n|faint|p1a: Dragonite\n|-hitcount|p1: Dragonite|3\n|-unboost|p2a: Garchomp|def|1\n|-boost|p2a: Garchomp|spe|1\n|\n|-damage|p2a: Garchomp|39\/100 tox|[from] psn\n|upkeep\n|\n|t:|1661326557\n|switch|p1a: Kommo-o|Kommo-o, M|53\/100\n|turn|30\n|\n|t:|1661326561\n|move|p2a: Garchomp|Earthquake|p1a: Kommo-o\n|-damage|p1a: Kommo-o|0 fnt\n|faint|p1a: Kommo-o\n|\n|-damage|p2a: Garchomp|8\/100 tox|[from] psn\n|upkeep\n|\n|t:|1661326565\n|switch|p1a: Tapu Lele|Tapu Lele|64\/100\n|-fieldstart|move: Psychic Terrain|[from] ability: Psychic Surge|[of] p1a: Tapu Lele\n|turn|31\n|\n|t:|1661326574\n|move|p2a: Garchomp|Earthquake|p1a: Tapu Lele\n|-damage|p1a: Tapu Lele|0 fnt\n|faint|p1a: Tapu Lele\n|\n|-damage|p2a: Garchomp|0 fnt|[from] psn\n|faint|p2a: Garchomp\n|upkeep\n|\n|t:|1661326582\n|switch|p2a: Regieleki|Regieleki|2\/100\n|switch|p1a: Volcarona|Volcarona, M|100\/100\n|turn|32\n|\n|t:|1661326587\n|move|p2a: Regieleki|Light Screen|p2a: Regieleki\n|-sidestart|p2: El Stefano|move: Light Screen\n|move|p1a: Volcarona|Quiver Dance|p1a: Volcarona\n|-boost|p1a: Volcarona|spa|1\n|-boost|p1a: Volcarona|spd|1\n|-boost|p1a: Volcarona|spe|1\n|\n|upkeep\n|turn|33\n|\n|t:|1661326591\n|move|p2a: Regieleki|Thunderbolt|p1a: Volcarona\n|-damage|p1a: Volcarona|69\/100\n|move|p1a: Volcarona|Quiver Dance|p1a: Volcarona\n|-boost|p1a: Volcarona|spa|1\n|-boost|p1a: Volcarona|spd|1\n|-boost|p1a: Volcarona|spe|1\n|\n|upkeep\n|turn|34\n|\n|t:|1661326595\n|move|p2a: Regieleki|Thunderbolt|p1a: Volcarona\n|-damage|p1a: Volcarona|43\/100\n|move|p1a: Volcarona|Quiver Dance|p1a: Volcarona\n|-boost|p1a: Volcarona|spa|1\n|-boost|p1a: Volcarona|spd|1\n|-boost|p1a: Volcarona|spe|1\n|\n|upkeep\n|turn|35\n|\n|t:|1661326600\n|move|p1a: Volcarona|Quiver Dance|p1a: Volcarona\n|-boost|p1a: Volcarona|spa|1\n|-boost|p1a: Volcarona|spd|1\n|-boost|p1a: Volcarona|spe|1\n|move|p2a: Regieleki|Thunderbolt|p1a: Volcarona\n|-damage|p1a: Volcarona|24\/100\n|\n|-fieldend|move: Psychic Terrain\n|upkeep\n|turn|36\n|\n|t:|1661326605\n|move|p1a: Volcarona|Roost|p1a: Volcarona\n|-heal|p1a: Volcarona|74\/100\n|-singleturn|p1a: Volcarona|move: Roost\n|move|p2a: Regieleki|Thunderbolt|p1a: Volcarona\n|-damage|p1a: Volcarona|57\/100\n|\n|upkeep\n|turn|37\n|\n|t:|1661326611\n|switch|p2a: Scrafty|Scrafty, F|52\/100\n|move|p1a: Volcarona|Roost|p1a: Volcarona\n|-heal|p1a: Volcarona|100\/100\n|-singleturn|p1a: Volcarona|move: Roost\n|\n|-heal|p2a: Scrafty|58\/100|[from] item: Leftovers\n|upkeep\n|turn|38\n|\n|t:|1661326614\n|move|p1a: Volcarona|Fiery Dance|p2a: Scrafty\n|-damage|p2a: Scrafty|14\/100\n|-boost|p1a: Volcarona|spa|1\n|move|p2a: Scrafty|Amnesia|p2a: Scrafty\n|-boost|p2a: Scrafty|spd|2\n|\n|-heal|p2a: Scrafty|20\/100|[from] item: Leftovers\n|upkeep\n|turn|39\n|\n|t:|1661326619\n|move|p1a: Volcarona|Fiery Dance|p2a: Scrafty\n|-damage|p2a: Scrafty|0 fnt\n|-boost|p1a: Volcarona|spa|1\n|faint|p2a: Scrafty\n|\n|-sideend|p2: El Stefano|move: Light Screen\n|upkeep\n|-message|El Stefano forfeited.\n|\n|win|gaasaa\n|raw|gaasaa's rating: 1669 &rarr; <strong>1685<\/strong><br \/>(+16 for winning)\n|raw|El Stefano's rating: 1596 &rarr; <strong>1580<\/strong><br \/>(-16 for losing)\n|l|\u2606El Stefano\n","uploadtime":1661326626,"views":29,"p1id":"gaasaa","p2id":"elstefano","formatid":"gen8ou","rating":1580,"private":0,"password":null}