{"id":"gen8ou-1688392489","p1":"wuyanwuyou","p2":"d18l","format":"gen8ou","log":"|html|<div class=\"broadcast-blue\"><strong>[Gen 8] OU is currently suspecting Melmetal! For information on how to participate check out the <a href=\"https:\/\/www.smogon.com\/forums\/threads\/np-ss-ou-suspect-process-round-12-monster-mash.3709234\/\">suspect thread<\/a>.<\/strong><\/div>\n|j|\u2606wuyanwuyou\n|j|\u2606d18l\n|t:|1666060277\n|gametype|singles\n|player|p1|wuyanwuyou|bellelba|1621\n|player|p2|d18l|backpacker|1650\n|teamsize|p1|6\n|teamsize|p2|6\n|gen|8\n|tier|[Gen 8] OU\n|rated|\n|rule|Sleep Clause Mod: Limit one foe put to sleep\n|rule|Species Clause: Limit one of each Pok\u00e9mon\n|rule|OHKO Clause: OHKO moves are banned\n|rule|Evasion Items Clause: Evasion items are banned\n|rule|Evasion Moves Clause: Evasion moves are banned\n|rule|Endless Battle Clause: Forcing endless battles is banned\n|rule|HP Percentage Mod: HP is shown in percentages\n|rule|Dynamax Clause: You cannot dynamax\n|clearpoke\n|poke|p1|Dragapult, M|\n|poke|p1|Blacephalon|\n|poke|p1|Urshifu-*, F|\n|poke|p1|Zapdos|\n|poke|p1|Landorus-Therian, M|\n|poke|p1|Heatran, F|\n|poke|p2|Tapu Koko|\n|poke|p2|Victini|\n|poke|p2|Landorus-Therian, M|\n|poke|p2|Tornadus-Therian, M|\n|poke|p2|Rotom-Wash|\n|poke|p2|Ferrothorn, M|\n|teampreview\n|j| MentallyUnwell\n|inactive|Battle timer is ON: inactive players will automatically lose when time's up. (requested by wuyanwuyou)\n|\n|t:|1666060329\n|start\n|switch|p1a: Dragapult|Dragapult, M, shiny|100\/100\n|switch|p2a: Rotom|Rotom-Wash|100\/100\n|turn|1\n|\n|t:|1666060341\n|switch|p2a: Tornadus|Tornadus-Therian, M|100\/100\n|move|p1a: Dragapult|Draco Meteor|p2a: Tornadus\n|-damage|p2a: Tornadus|40\/100\n|-unboost|p1a: Dragapult|spa|2\n|\n|upkeep\n|turn|2\n|j| Mimikyu Stardust\n|\n|t:|1666060369\n|switch|p1a: Zapdos|Zapdos|100\/100\n|move|p2a: Tornadus|Knock Off|p1a: Zapdos\n|-damage|p1a: Zapdos|86\/100\n|-enditem|p1a: Zapdos|Heavy-Duty Boots|[from] move: Knock Off|[of] p2a: Tornadus\n|\n|upkeep\n|turn|3\n|inactive|d18l has 120 seconds left.\n|\n|t:|1666060393\n|switch|p2a: Tapu Koko|Tapu Koko|100\/100\n|-fieldstart|move: Electric Terrain|[from] ability: Electric Surge|[of] p2a: Tapu Koko\n|move|p1a: Zapdos|Hurricane|p2a: Tapu Koko\n|-resisted|p2a: Tapu Koko\n|-damage|p2a: Tapu Koko|64\/100\n|-start|p2a: Tapu Koko|confusion\n|\n|upkeep\n|turn|4\n|inactive|d18l has 120 seconds left.\n|\n|t:|1666060406\n|-activate|p2a: Tapu Koko|confusion\n|move|p2a: Tapu Koko|Volt Switch|p1a: Zapdos\n|-damage|p1a: Zapdos|29\/100\n|\n|t:|1666060414\n|switch|p2a: Landorus|Landorus-Therian, M|100\/100|[from]move: Volt Switch\n|-ability|p2a: Landorus|Intimidate|boost\n|-unboost|p1a: Zapdos|atk|1\n|move|p1a: Zapdos|Volt Switch|p2a: Landorus\n|-immune|p2a: Landorus\n|\n|upkeep\n|turn|5\n|\n|t:|1666060418\n|move|p1a: Zapdos|Roost|p1a: Zapdos\n|-heal|p1a: Zapdos|79\/100\n|-singleturn|p1a: Zapdos|move: Roost\n|move|p2a: Landorus|Toxic|p1a: Zapdos\n|-status|p1a: Zapdos|tox\n|\n|-damage|p1a: Zapdos|72\/100 tox|[from] psn\n|upkeep\n|turn|6\n|inactive|d18l has 120 seconds left.\n|\n|t:|1666060437\n|move|p1a: Zapdos|Hurricane|p2a: Landorus\n|-damage|p2a: Landorus|58\/100\n|-start|p2a: Landorus|confusion\n|-activate|p2a: Landorus|confusion\n|-damage|p2a: Landorus|47\/100|[from] confusion\n|\n|-heal|p2a: Landorus|53\/100|[from] item: Leftovers\n|-damage|p1a: Zapdos|60\/100 tox|[from] psn\n|upkeep\n|turn|7\n|inactive|d18l has 120 seconds left.\n|\n|t:|1666060462\n|switch|p1a: Landorus|Landorus-Therian, M|100\/100\n|-ability|p1a: Landorus|Intimidate|boost\n|-unboost|p2a: Landorus|atk|1\n|-activate|p2a: Landorus|confusion\n|-damage|p2a: Landorus|45\/100|[from] confusion\n|\n|-heal|p2a: Landorus|51\/100|[from] item: Leftovers\n|-fieldend|move: Electric Terrain\n|upkeep\n|turn|8\n|\n|t:|1666060471\n|-activate|p2a: Landorus|confusion\n|-damage|p2a: Landorus|43\/100|[from] confusion\n|move|p1a: Landorus|Knock Off|p2a: Landorus\n|-damage|p2a: Landorus|12\/100\n|-enditem|p2a: Landorus|Leftovers|[from] move: Knock Off|[of] p1a: Landorus\n|\n|upkeep\n|turn|9\n|\n|t:|1666060477\n|-end|p2a: Landorus|confusion\n|move|p2a: Landorus|Toxic|p1a: Landorus\n|-status|p1a: Landorus|tox\n|move|p1a: Landorus|U-turn|p2a: Landorus\n|-resisted|p2a: Landorus\n|-damage|p2a: Landorus|2\/100\n|\n|t:|1666060486\n|switch|p1a: Blacephalon|Blacephalon|100\/100|[from]move: U-turn\n|\n|upkeep\n|turn|10\n|\n|t:|1666060494\n|switch|p2a: Tornadus|Tornadus-Therian, M|73\/100\n|move|p1a: Blacephalon|Shadow Ball|p2a: Tornadus\n|-damage|p2a: Tornadus|41\/100\n|\n|upkeep\n|turn|11\n|\n|t:|1666060511\n|switch|p1a: Zapdos|Zapdos|60\/100 tox\n|switch|p2a: Tapu Koko|Tapu Koko|64\/100\n|-fieldstart|move: Electric Terrain|[from] ability: Electric Surge|[of] p2a: Tapu Koko\n|\n|-damage|p1a: Zapdos|54\/100 tox|[from] psn\n|upkeep\n|turn|12\n|\n|t:|1666060522\n|switch|p1a: Landorus|Landorus-Therian, M|100\/100 tox\n|-ability|p1a: Landorus|Intimidate|boost\n|-unboost|p2a: Tapu Koko|atk|1\n|move|p2a: Tapu Koko|Dazzling Gleam|p1a: Landorus\n|-damage|p1a: Landorus|60\/100 tox\n|\n|-heal|p1a: Landorus|66\/100 tox|[from] item: Leftovers\n|-damage|p1a: Landorus|60\/100 tox|[from] psn\n|upkeep\n|turn|13\n|\n|t:|1666060534\n|switch|p2a: Landorus|Landorus-Therian, M|2\/100\n|-ability|p2a: Landorus|Intimidate|boost\n|-unboost|p1a: Landorus|atk|1\n|move|p1a: Landorus|U-turn|p2a: Landorus\n|-resisted|p2a: Landorus\n|-damage|p2a: Landorus|0 fnt\n|faint|p2a: Landorus\n|\n|t:|1666060540\n|switch|p1a: Dragapult|Dragapult, M, shiny|100\/100|[from]move: U-turn\n|\n|upkeep\n|inactive|d18l has 120 seconds left.\n|\n|t:|1666060576\n|switch|p2a: Tornadus|Tornadus-Therian, M|74\/100\n|turn|14\n|inactive|d18l has 120 seconds left.\n|\n|t:|1666060598\n|switch|p1a: Heatran|Heatran, F|100\/100\n|move|p2a: Tornadus|Knock Off|p1a: Heatran\n|-damage|p1a: Heatran|87\/100\n|-enditem|p1a: Heatran|Leftovers|[from] move: Knock Off|[of] p2a: Tornadus\n|\n|upkeep\n|turn|15\n|\n|t:|1666060604\n|move|p2a: Tornadus|U-turn|p1a: Heatran\n|-resisted|p1a: Heatran\n|-crit|p1a: Heatran\n|-damage|p1a: Heatran|83\/100\n|\n|t:|1666060608\n|switch|p2a: Rotom|Rotom-Wash|100\/100|[from]move: U-turn\n|move|p1a: Heatran|Stealth Rock|p2a: Rotom\n|-sidestart|p2: d18l|move: Stealth Rock\n|\n|-fieldend|move: Electric Terrain\n|upkeep\n|turn|16\n|\n|t:|1666060632\n|move|p2a: Rotom|Hydro Pump|p1a: Heatran\n|-supereffective|p1a: Heatran\n|-damage|p1a: Heatran|12\/100\n|move|p1a: Heatran|Magma Storm|p2a: Rotom\n|-resisted|p2a: Rotom\n|-damage|p2a: Rotom|79\/100\n|-activate|p2a: Rotom|move: Magma Storm|[of] p1a: Heatran\n|\n|-heal|p2a: Rotom|85\/100|[from] item: Leftovers\n|-damage|p2a: Rotom|72\/100|[from] move: Magma Storm|[partiallytrapped]\n|upkeep\n|turn|17\n|\n|t:|1666060641\n|move|p1a: Heatran|Protect|p1a: Heatran\n|-singleturn|p1a: Heatran|Protect\n|move|p2a: Rotom|Volt Switch|p1a: Heatran\n|-activate|p1a: Heatran|move: Protect\n|\n|-heal|p2a: Rotom|78\/100|[from] item: Leftovers\n|-damage|p2a: Rotom|66\/100|[from] move: Magma Storm|[partiallytrapped]\n|upkeep\n|turn|18\n|l| MentallyUnwell\n|\n|t:|1666060651\n|switch|p1a: Zapdos|Zapdos|54\/100 tox\n|move|p2a: Rotom|Volt Switch|p1a: Zapdos\n|-damage|p1a: Zapdos|31\/100 tox\n|\n|t:|1666060659\n|switch|p2a: Tapu Koko|Tapu Koko|64\/100|[from]move: Volt Switch\n|-damage|p2a: Tapu Koko|51\/100|[from] Stealth Rock\n|-fieldstart|move: Electric Terrain|[from] ability: Electric Surge|[of] p2a: Tapu Koko\n|\n|-damage|p1a: Zapdos|25\/100 tox|[from] psn\n|upkeep\n|turn|19\n|j| MentallyUnwell\n|\n|t:|1666060667\n|switch|p1a: Heatran|Heatran, F|12\/100\n|move|p2a: Tapu Koko|Dazzling Gleam|p1a: Heatran\n|-resisted|p1a: Heatran\n|-damage|p1a: Heatran|2\/100\n|\n|upkeep\n|turn|20\n|\n|t:|1666060674\n|move|p2a: Tapu Koko|Dazzling Gleam|p1a: Heatran\n|-resisted|p1a: Heatran\n|-damage|p1a: Heatran|0 fnt\n|faint|p1a: Heatran\n|\n|upkeep\n|l| MentallyUnwell\n|inactive|wuyanwuyou has 120 seconds left.\n|\n|t:|1666060712\n|switch|p1a: Blacephalon|Blacephalon|100\/100\n|turn|21\n|\n|t:|1666060738\n|switch|p2a: Tornadus|Tornadus-Therian, M|100\/100\n|-damage|p2a: Tornadus|76\/100|[from] Stealth Rock\n|move|p1a: Blacephalon|Shadow Ball|p2a: Tornadus\n|-damage|p2a: Tornadus|41\/100\n|\n|upkeep\n|turn|22\n|inactive|wuyanwuyou has 120 seconds left.\n|inactive|d18l has 120 seconds left.\n|\n|t:|1666060763\n|switch|p1a: Zapdos|Zapdos|25\/100 tox\n|move|p2a: Tornadus|Knock Off|p1a: Zapdos\n|-damage|p1a: Zapdos|14\/100 tox\n|\n|-damage|p1a: Zapdos|8\/100 tox|[from] psn\n|-fieldend|move: Electric Terrain\n|upkeep\n|turn|23\n|inactive|wuyanwuyou has 120 seconds left.\n|inactive|d18l has 120 seconds left.\n|\n|t:|1666060769\n|move|p2a: Tornadus|Heat Wave|p1a: Zapdos\n|-damage|p1a: Zapdos|0 fnt\n|faint|p1a: Zapdos\n|\n|upkeep\n|\n|t:|1666060772\n|switch|p1a: Dragapult|Dragapult, M, shiny|100\/100\n|turn|24\n|\n|t:|1666060776\n|switch|p2a: Ferrothorn|Ferrothorn, M|100\/100\n|-damage|p2a: Ferrothorn|95\/100|[from] Stealth Rock\n|move|p1a: Dragapult|Shadow Ball|p2a: Ferrothorn\n|-damage|p2a: Ferrothorn|48\/100\n|\n|upkeep\n|turn|25\n|\n|t:|1666060789\n|switch|p1a: Urshifu|Urshifu-Rapid-Strike, F|100\/100\n|move|p2a: Ferrothorn|Stealth Rock|p1a: Urshifu\n|-sidestart|p1: wuyanwuyou|move: Stealth Rock\n|\n|upkeep\n|turn|26\n|inactive|wuyanwuyou has 120 seconds left.\n|\n|t:|1666060820\n|move|p1a: Urshifu|Close Combat|p2a: Ferrothorn\n|-supereffective|p2a: Ferrothorn\n|-damage|p2a: Ferrothorn|0 fnt\n|-unboost|p1a: Urshifu|def|1\n|-unboost|p1a: Urshifu|spd|1\n|-damage|p1a: Urshifu|88\/100|[from] ability: Iron Barbs|[of] p2a: Ferrothorn\n|-damage|p1a: Urshifu|72\/100|[from] item: Rocky Helmet|[of] p2a: Ferrothorn\n|faint|p2a: Ferrothorn\n|\n|upkeep\n|inactive|d18l has 120 seconds left.\n|\n|t:|1666060845\n|switch|p2a: Tapu Koko|Tapu Koko|51\/100\n|-damage|p2a: Tapu Koko|39\/100|[from] Stealth Rock\n|-fieldstart|move: Electric Terrain|[from] ability: Electric Surge|[of] p2a: Tapu Koko\n|turn|27\n|inactive|wuyanwuyou has 120 seconds left.\n|\n|t:|1666060857\n|move|p1a: Urshifu|Close Combat|p2a: Tapu Koko\n|-resisted|p2a: Tapu Koko\n|-damage|p2a: Tapu Koko|0 fnt\n|-unboost|p1a: Urshifu|def|1\n|-unboost|p1a: Urshifu|spd|1\n|faint|p2a: Tapu Koko\n|\n|upkeep\n|inactive|d18l has 120 seconds left.\n|c|\u2606d18l|great choke\n|c|\u2606d18l|i love playing bad\n|-message|d18l forfeited.\n|\n|win|wuyanwuyou\n|raw|wuyanwuyou's rating: 1621 &rarr; <strong>1643<\/strong><br \/>(+22 for winning)\n|raw|d18l's rating: 1650 &rarr; <strong>1628<\/strong><br \/>(-22 for losing)\n|l| Mimikyu Stardust\n|l|\u2606d18l\n||Ladder isn't responding, score probably updated but might not have (Request timeout).\n","uploadtime":1666060883,"views":7,"p1id":"wuyanwuyou","p2id":"d18l","formatid":"gen8ou","rating":1628,"private":0,"password":null}