{"id":"gen8ou-1687922115","p1":"qxfn143","p2":"IIIodyne","format":"gen8ou","log":"|html|<div class=\"broadcast-blue\"><strong>[Gen 8] OU is currently suspecting Melmetal! For information on how to participate check out the <a href=\"https:\/\/www.smogon.com\/forums\/threads\/np-ss-ou-suspect-process-round-12-monster-mash.3709234\/\">suspect thread<\/a>.<\/strong><\/div>\n|j|\u2606qxfn143\n|j|\u2606IIIodyne\n|inactive|Battle timer is ON: inactive players will automatically lose when time's up.\n|t:|1666019616\n|gametype|singles\n|player|p1|qxfn143|steven|\n|player|p2|IIIodyne|102|\n|teamsize|p1|6\n|teamsize|p2|6\n|gen|8\n|tier|[Gen 8] OU\n|rated|Tournament battle\n|rule|Sleep Clause Mod: Limit one foe put to sleep\n|rule|Species Clause: Limit one of each Pok\u00e9mon\n|rule|OHKO Clause: OHKO moves are banned\n|rule|Evasion Items Clause: Evasion items are banned\n|rule|Evasion Moves Clause: Evasion moves are banned\n|rule|Endless Battle Clause: Forcing endless battles is banned\n|rule|HP Percentage Mod: HP is shown in percentages\n|rule|Dynamax Clause: You cannot dynamax\n|clearpoke\n|poke|p1|Garchomp, F|\n|poke|p1|Ferrothorn, F|\n|poke|p1|Zapdos|\n|poke|p1|Tapu Lele|\n|poke|p1|Weavile, M|\n|poke|p1|Urshifu-*, F|\n|poke|p2|Snorlax, M|\n|poke|p2|Suicune|\n|poke|p2|Melmetal|\n|poke|p2|Victini|\n|poke|p2|Landorus-Therian, M|\n|poke|p2|Zapdos|\n|teampreview\n|inactive|qxfn143 also wants the timer to be on.\n|c|\u2606IIIodyne|hf\n|j| testingteams888\n|c|\u2606qxfn143|glhf\n|\n|t:|1666019643\n|start\n|switch|p1a: Urshifu|Urshifu-Rapid-Strike, F|100\/100\n|switch|p2a: Suicune|Suicune|100\/100\n|-ability|p2a: Suicune|Pressure\n|turn|1\n|\n|t:|1666019650\n|switch|p2a: Zapdos|Zapdos|100\/100\n|move|p1a: Urshifu|U-turn|p2a: Zapdos\n|-resisted|p2a: Zapdos\n|-crit|p2a: Zapdos\n|-damage|p2a: Zapdos|70\/100\n|j| WalrusPatty\n|\n|t:|1666019671\n|switch|p1a: Weavile|Weavile, M|100\/100|[from]move: U-turn\n|-ability|p1a: Weavile|Pressure\n|\n|upkeep\n|turn|2\n|\n|t:|1666019681\n|switch|p2a: Suicune|Suicune|100\/100\n|-ability|p2a: Suicune|Pressure\n|move|p1a: Weavile|Triple Axel|p2a: Suicune\n|-resisted|p2a: Suicune\n|-damage|p2a: Suicune|96\/100\n|-resisted|p2a: Suicune\n|-damage|p2a: Suicune|88\/100\n|-resisted|p2a: Suicune\n|-damage|p2a: Suicune|77\/100\n|-hitcount|p2a: Suicune|3\n|\n|-heal|p2a: Suicune|83\/100|[from] item: Leftovers\n|upkeep\n|turn|3\n|inactive|qxfn143 has 120 seconds left.\n|\n|t:|1666019716\n|switch|p1a: Ferrothorn|Ferrothorn, F, shiny|100\/100\n|move|p2a: Suicune|Scald|p1a: Ferrothorn\n|-resisted|p1a: Ferrothorn\n|-damage|p1a: Ferrothorn|91\/100\n|\n|-heal|p2a: Suicune|89\/100|[from] item: Leftovers\n|-heal|p1a: Ferrothorn|97\/100|[from] item: Leftovers\n|upkeep\n|turn|4\n|j|@Sww-Suwa\n|\n|t:|1666019723\n|switch|p2a: Victini|Victini|100\/100\n|move|p1a: Ferrothorn|Leech Seed|p2a: Victini\n|-start|p2a: Victini|move: Leech Seed\n|\n|-heal|p1a: Ferrothorn|100\/100|[from] item: Leftovers\n|-damage|p2a: Victini|88\/100|[from] Leech Seed|[of] p1a: Ferrothorn\n|upkeep\n|turn|5\n|inactive|qxfn143 has 120 seconds left.\n|\n|t:|1666019738\n|switch|p1a: Zapdos|Zapdos, shiny|100\/100\n|move|p2a: Victini|V-create|p1a: Zapdos\n|-damage|p1a: Zapdos|10\/100\n|-unboost|p2a: Victini|spe|1\n|-unboost|p2a: Victini|def|1\n|-unboost|p2a: Victini|spd|1\n|-status|p2a: Victini|par|[from] ability: Static|[of] p1a: Zapdos\n|\n|-damage|p2a: Victini|76\/100 par|[from] Leech Seed|[of] p1a: Zapdos\n|-heal|p1a: Zapdos|21\/100|[silent]\n|upkeep\n|turn|6\n|\n|t:|1666019743\n|switch|p2a: Landorus|Landorus-Therian, M|100\/100\n|-ability|p2a: Landorus|Intimidate|boost\n|-unboost|p1a: Zapdos|atk|1\n|move|p1a: Zapdos|Roost|p1a: Zapdos\n|-heal|p1a: Zapdos|71\/100\n|-singleturn|p1a: Zapdos|move: Roost\n|\n|upkeep\n|turn|7\n|l| testingteams888\n|\n|t:|1666019751\n|switch|p1a: Ferrothorn|Ferrothorn, F, shiny|100\/100\n|move|p2a: Landorus|Stone Edge|p1a: Ferrothorn|[miss]\n|-miss|p2a: Landorus|p1a: Ferrothorn\n|\n|upkeep\n|turn|8\n|\n|t:|1666019781\n|switch|p2a: Zapdos|Zapdos|70\/100\n|move|p1a: Ferrothorn|Leech Seed|p2a: Zapdos\n|-start|p2a: Zapdos|move: Leech Seed\n|\n|-damage|p2a: Zapdos|57\/100|[from] Leech Seed|[of] p1a: Ferrothorn\n|upkeep\n|turn|9\n|inactive|IIIodyne has 120 seconds left.\n|\n|t:|1666019813\n|switch|p2a: Victini|Victini|76\/100 par\n|switch|p1a: Garchomp|Garchomp, F, shiny|100\/100\n|\n|upkeep\n|turn|10\n|\n|t:|1666019823\n|switch|p2a: Landorus|Landorus-Therian, M|100\/100\n|-ability|p2a: Landorus|Intimidate|boost\n|-unboost|p1a: Garchomp|atk|1\n|move|p1a: Garchomp|Earthquake|p2a: Landorus\n|-immune|p2a: Landorus\n|\n|upkeep\n|turn|11\n|inactive|IIIodyne has 120 seconds left.\n|\n|t:|1666019860\n|switch|p2a: Suicune|Suicune|89\/100\n|-ability|p2a: Suicune|Pressure\n|move|p1a: Garchomp|Toxic|p2a: Suicune\n|-status|p2a: Suicune|tox\n|\n|-heal|p2a: Suicune|95\/100 tox|[from] item: Leftovers\n|-damage|p2a: Suicune|89\/100 tox|[from] psn\n|upkeep\n|turn|12\n|\n|t:|1666019868\n|switch|p1a: Ferrothorn|Ferrothorn, F, shiny|100\/100\n|move|p2a: Suicune|Ice Beam|p1a: Ferrothorn\n|-damage|p1a: Ferrothorn|84\/100\n|\n|-heal|p2a: Suicune|95\/100 tox|[from] item: Leftovers\n|-heal|p1a: Ferrothorn|90\/100|[from] item: Leftovers\n|-damage|p2a: Suicune|83\/100 tox|[from] psn\n|upkeep\n|turn|13\n|\n|t:|1666019884\n|move|p2a: Suicune|Ice Beam|p1a: Ferrothorn\n|-damage|p1a: Ferrothorn|75\/100\n|-status|p1a: Ferrothorn|frz\n|cant|p1a: Ferrothorn|frz\n|\n|-heal|p2a: Suicune|89\/100 tox|[from] item: Leftovers\n|-heal|p1a: Ferrothorn|81\/100 frz|[from] item: Leftovers\n|-damage|p2a: Suicune|70\/100 tox|[from] psn\n|upkeep\n|turn|14\n|\n|t:|1666019897\n|switch|p2a: Zapdos|Zapdos|57\/100\n|cant|p1a: Ferrothorn|frz\n|\n|-heal|p1a: Ferrothorn|88\/100 frz|[from] item: Leftovers\n|upkeep\n|turn|15\n|\n|t:|1666019905\n|switch|p1a: Garchomp|Garchomp, F, shiny|100\/100\n|move|p2a: Zapdos|Hurricane|p1a: Garchomp|[miss]\n|-miss|p2a: Zapdos|p1a: Garchomp\n|\n|upkeep\n|turn|16\n|\n|t:|1666019924\n|move|p2a: Zapdos|Hurricane|p1a: Garchomp|[miss]\n|-miss|p2a: Zapdos|p1a: Garchomp\n|move|p1a: Garchomp|Toxic|p2a: Zapdos\n|-status|p2a: Zapdos|tox\n|\n|-damage|p2a: Zapdos|51\/100 tox|[from] psn\n|upkeep\n|turn|17\n|c|\u2606IIIodyne|:(\n|\n|t:|1666019939\n|move|p2a: Zapdos|Hurricane|p1a: Garchomp|[miss]\n|-miss|p2a: Zapdos|p1a: Garchomp\n|move|p1a: Garchomp|Stealth Rock|p2a: Zapdos\n|-sidestart|p2: IIIodyne|move: Stealth Rock\n|\n|-damage|p2a: Zapdos|39\/100 tox|[from] psn\n|upkeep\n|turn|18\n|\n|t:|1666019949\n|move|p2a: Zapdos|Defog|p1a: Garchomp\n|-unboost|p1a: Garchomp|evasion|1\n|-sideend|p2: IIIodyne|Stealth Rock|[from] move: Defog|[of] p2a: Zapdos\n|move|p1a: Garchomp|Earthquake|p2a: Zapdos\n|-immune|p2a: Zapdos\n|\n|-damage|p2a: Zapdos|20\/100 tox|[from] psn\n|upkeep\n|turn|19\n|inactive|IIIodyne has 90 seconds left.\n|\n|t:|1666019981\n|switch|p2a: Landorus|Landorus-Therian, M|100\/100\n|-ability|p2a: Landorus|Intimidate|boost\n|-unboost|p1a: Garchomp|atk|1\n|move|p1a: Garchomp|Stealth Rock|p2a: Landorus\n|-sidestart|p2: IIIodyne|move: Stealth Rock\n|\n|upkeep\n|turn|20\n|\n|t:|1666019990\n|switch|p1a: Ferrothorn|Ferrothorn, F, shiny|88\/100 frz\n|move|p2a: Landorus|Knock Off|p1a: Ferrothorn\n|-damage|p1a: Ferrothorn|68\/100 frz\n|-damage|p2a: Landorus|88\/100|[from] ability: Iron Barbs|[of] p1a: Ferrothorn\n|-enditem|p1a: Ferrothorn|Leftovers|[from] move: Knock Off|[of] p2a: Landorus\n|\n|upkeep\n|turn|21\n|\n|t:|1666019994\n|switch|p2a: Zapdos|Zapdos|20\/100 tox\n|-curestatus|p1a: Ferrothorn|frz|[msg]\n|move|p1a: Ferrothorn|Leech Seed|p2a: Zapdos\n|-start|p2a: Zapdos|move: Leech Seed\n|\n|-damage|p2a: Zapdos|8\/100 tox|[from] Leech Seed|[of] p1a: Ferrothorn\n|-heal|p1a: Ferrothorn|81\/100|[silent]\n|-damage|p2a: Zapdos|2\/100 tox|[from] psn\n|upkeep\n|turn|22\n|\n|t:|1666020002\n|switch|p1a: Garchomp|Garchomp, F, shiny|100\/100\n|move|p2a: Zapdos|Defog|p1a: Garchomp\n|-unboost|p1a: Garchomp|evasion|1\n|-sideend|p2: IIIodyne|Stealth Rock|[from] move: Defog|[of] p2a: Zapdos\n|\n|-damage|p2a: Zapdos|0 fnt|[from] Leech Seed|[of] p1a: Garchomp\n|faint|p2a: Zapdos\n|upkeep\n|\n|t:|1666020006\n|switch|p2a: Suicune|Suicune|70\/100 tox\n|-ability|p2a: Suicune|Pressure\n|turn|23\n|\n|t:|1666020010\n|switch|p1a: Zapdos|Zapdos, shiny|71\/100\n|move|p2a: Suicune|Ice Beam|p1a: Zapdos\n|-supereffective|p1a: Zapdos\n|-damage|p1a: Zapdos|35\/100\n|\n|-heal|p2a: Suicune|77\/100 tox|[from] item: Leftovers\n|-damage|p2a: Suicune|70\/100 tox|[from] psn\n|upkeep\n|turn|24\n|\n|t:|1666020018\n|move|p1a: Zapdos|Volt Switch|p2a: Suicune\n|-supereffective|p2a: Suicune\n|-damage|p2a: Suicune|28\/100 tox\n|\n|t:|1666020021\n|switch|p1a: Ferrothorn|Ferrothorn, F, shiny|81\/100|[from]move: Volt Switch\n|move|p2a: Suicune|Ice Beam|p1a: Ferrothorn\n|-damage|p1a: Ferrothorn|64\/100\n|\n|-heal|p2a: Suicune|34\/100 tox|[from] item: Leftovers\n|-damage|p2a: Suicune|22\/100 tox|[from] psn\n|upkeep\n|turn|25\n|inactive|IIIodyne has 120 seconds left.\n|j| OUTD goodbyee\n|\n|t:|1666020066\n|move|p2a: Suicune|Rest|p2a: Suicune\n|-status|p2a: Suicune|slp|[from] move: Rest\n|-heal|p2a: Suicune|100\/100 slp|[silent]\n|move|p1a: Ferrothorn|Knock Off|p2a: Suicune\n|-damage|p2a: Suicune|89\/100 slp\n|-enditem|p2a: Suicune|Leftovers|[from] move: Knock Off|[of] p1a: Ferrothorn\n|\n|upkeep\n|turn|26\n|\n|t:|1666020072\n|cant|p2a: Suicune|slp\n|move|p1a: Ferrothorn|Leech Seed|p2a: Suicune\n|-start|p2a: Suicune|move: Leech Seed\n|\n|-damage|p2a: Suicune|77\/100 slp|[from] Leech Seed|[of] p1a: Ferrothorn\n|-heal|p1a: Ferrothorn|79\/100|[silent]\n|upkeep\n|turn|27\n|\n|t:|1666020077\n|switch|p2a: Victini|Victini|76\/100 par\n|move|p1a: Ferrothorn|Spikes|p2a: Victini\n|-sidestart|p2: IIIodyne|Spikes\n|\n|upkeep\n|turn|28\n|\n|t:|1666020083\n|switch|p1a: Garchomp|Garchomp, F, shiny|100\/100\n|move|p2a: Victini|V-create|p1a: Garchomp\n|-resisted|p1a: Garchomp\n|-damage|p1a: Garchomp|50\/100\n|-unboost|p2a: Victini|spe|1\n|-unboost|p2a: Victini|def|1\n|-unboost|p2a: Victini|spd|1\n|-damage|p2a: Victini|64\/100 par|[from] ability: Rough Skin|[of] p1a: Garchomp\n|\n|-heal|p1a: Garchomp|56\/100|[from] item: Leftovers\n|upkeep\n|turn|29\n|\n|t:|1666020087\n|move|p1a: Garchomp|Toxic|p2a: Victini|[miss]\n|-miss|p1a: Garchomp|p2a: Victini\n|move|p2a: Victini|V-create|p1a: Garchomp\n|-resisted|p1a: Garchomp\n|-damage|p1a: Garchomp|8\/100\n|-unboost|p2a: Victini|spe|1\n|-unboost|p2a: Victini|def|1\n|-unboost|p2a: Victini|spd|1\n|-damage|p2a: Victini|51\/100 par|[from] ability: Rough Skin|[of] p1a: Garchomp\n|\n|-heal|p1a: Garchomp|14\/100|[from] item: Leftovers\n|upkeep\n|turn|30\n|\n|t:|1666020094\n|switch|p2a: Landorus|Landorus-Therian, M|88\/100\n|-ability|p2a: Landorus|Intimidate|boost\n|-unboost|p1a: Garchomp|atk|1\n|move|p1a: Garchomp|Earthquake|p2a: Landorus\n|-immune|p2a: Landorus\n|\n|-heal|p1a: Garchomp|20\/100|[from] item: Leftovers\n|upkeep\n|turn|31\n|\n|t:|1666020098\n|switch|p1a: Ferrothorn|Ferrothorn, F, shiny|79\/100\n|move|p2a: Landorus|Earthquake|p1a: Ferrothorn\n|-damage|p1a: Ferrothorn|48\/100\n|\n|upkeep\n|turn|32\n|\n|t:|1666020100\n|move|p2a: Landorus|Earthquake|p1a: Ferrothorn\n|-damage|p1a: Ferrothorn|13\/100\n|move|p1a: Ferrothorn|Leech Seed|p2a: Landorus\n|-start|p2a: Landorus|move: Leech Seed\n|\n|-damage|p2a: Landorus|76\/100|[from] Leech Seed|[of] p1a: Ferrothorn\n|-heal|p1a: Ferrothorn|24\/100|[silent]\n|upkeep\n|turn|33\n|\n|t:|1666020115\n|switch|p2a: Snorlax|Snorlax, M|100\/100\n|-damage|p2a: Snorlax|88\/100|[from] Spikes\n|switch|p1a: Zapdos|Zapdos, shiny|35\/100\n|\n|-heal|p2a: Snorlax|94\/100|[from] item: Leftovers\n|upkeep\n|turn|34\n|l| OUTD goodbyee\n|\n|t:|1666020125\n|move|p1a: Zapdos|Volt Switch|p2a: Snorlax\n|-damage|p2a: Snorlax|80\/100\n|\n|t:|1666020126\n|switch|p1a: Urshifu|Urshifu-Rapid-Strike, F|100\/100|[from]move: Volt Switch\n|move|p2a: Snorlax|Body Slam|p1a: Urshifu\n|-damage|p1a: Urshifu|70\/100\n|\n|-heal|p2a: Snorlax|86\/100|[from] item: Leftovers\n|upkeep\n|turn|35\n|\n|t:|1666020130\n|switch|p2a: Suicune|Suicune|77\/100 slp\n|-damage|p2a: Suicune|64\/100 slp|[from] Spikes\n|-ability|p2a: Suicune|Pressure\n|move|p1a: Urshifu|Close Combat|p2a: Suicune\n|-damage|p2a: Suicune|10\/100 slp\n|-unboost|p1a: Urshifu|def|1\n|-unboost|p1a: Urshifu|spd|1\n|\n|upkeep\n|turn|36\n|\n|t:|1666020137\n|move|p1a: Urshifu|Close Combat|p2a: Suicune\n|-damage|p2a: Suicune|0 fnt\n|-unboost|p1a: Urshifu|def|1\n|-unboost|p1a: Urshifu|spd|1\n|faint|p2a: Suicune\n|\n|upkeep\n|\n|t:|1666020145\n|switch|p2a: Landorus|Landorus-Therian, M|76\/100\n|-ability|p2a: Landorus|Intimidate|boost\n|-unboost|p1a: Urshifu|atk|1\n|turn|37\n|\n|t:|1666020149\n|switch|p1a: Ferrothorn|Ferrothorn, F, shiny|24\/100\n|move|p2a: Landorus|Knock Off|p1a: Ferrothorn\n|-damage|p1a: Ferrothorn|11\/100\n|-damage|p2a: Landorus|64\/100|[from] ability: Iron Barbs|[of] p1a: Ferrothorn\n|\n|upkeep\n|turn|38\n|\n|t:|1666020152\n|move|p2a: Landorus|Knock Off|p1a: Ferrothorn\n|-damage|p1a: Ferrothorn|0 fnt\n|-damage|p2a: Landorus|52\/100|[from] ability: Iron Barbs|[of] p1a: Ferrothorn\n|faint|p1a: Ferrothorn\n|\n|upkeep\n|\n|t:|1666020154\n|switch|p1a: Urshifu|Urshifu-Rapid-Strike, F|70\/100\n|turn|39\n|\n|t:|1666020160\n|move|p2a: Landorus|Knock Off|p1a: Urshifu\n|-resisted|p1a: Urshifu\n|-damage|p1a: Urshifu|51\/100\n|-enditem|p1a: Urshifu|Choice Band|[from] move: Knock Off|[of] p2a: Landorus\n|move|p1a: Urshifu|Surging Strikes|p2a: Landorus\n|-supereffective|p2a: Landorus\n|-crit|p2a: Landorus\n|-damage|p2a: Landorus|8\/100\n|-supereffective|p2a: Landorus\n|-crit|p2a: Landorus\n|-damage|p2a: Landorus|0 fnt\n|faint|p2a: Landorus\n|-hitcount|p2: Landorus|2\n|\n|upkeep\n|\n|t:|1666020166\n|switch|p2a: Melmetal|Melmetal|100\/100\n|-damage|p2a: Melmetal|88\/100|[from] Spikes\n|turn|40\n|\n|t:|1666020171\n|move|p1a: Urshifu|Close Combat|p2a: Melmetal\n|-supereffective|p2a: Melmetal\n|-damage|p2a: Melmetal|18\/100\n|-unboost|p1a: Urshifu|def|1\n|-unboost|p1a: Urshifu|spd|1\n|move|p2a: Melmetal|Ice Punch|p1a: Urshifu\n|-resisted|p1a: Urshifu\n|-damage|p1a: Urshifu|25\/100\n|\n|upkeep\n|turn|41\n|\n|t:|1666020182\n|move|p1a: Urshifu|Surging Strikes|p2a: Melmetal\n|-crit|p2a: Melmetal\n|-damage|p2a: Melmetal|7\/100\n|-crit|p2a: Melmetal\n|-damage|p2a: Melmetal|0 fnt\n|faint|p2a: Melmetal\n|-hitcount|p2: Melmetal|2\n|\n|upkeep\n|c|\u2606IIIodyne|gg bro\n|j| yfleshcatchy\n|inactive|IIIodyne has 120 seconds left.\n|c|\u2606qxfn143|gg man\n|c|\u2606qxfn143|this team insane\n|c|\u2606IIIodyne|yeah\n|\n|t:|1666020235\n|switch|p2a: Victini|Victini|51\/100 par\n|-damage|p2a: Victini|39\/100 par|[from] Spikes\n|turn|42\n|\n|t:|1666020241\n|move|p1a: Urshifu|Aqua Jet|p2a: Victini\n|-supereffective|p2a: Victini\n|-damage|p2a: Victini|0 fnt\n|faint|p2a: Victini\n|\n|upkeep\n|\n|t:|1666020244\n|switch|p2a: Snorlax|Snorlax, M|86\/100\n|-damage|p2a: Snorlax|74\/100|[from] Spikes\n|turn|43\n|\n|t:|1666020248\n|move|p1a: Urshifu|Close Combat|p2a: Snorlax\n|-supereffective|p2a: Snorlax\n|-damage|p2a: Snorlax|0 fnt\n|-unboost|p1a: Urshifu|def|1\n|-unboost|p1a: Urshifu|spd|1\n|faint|p2a: Snorlax\n|\n|win|qxfn143\n|n|\u2606qxfn143|qxfn143\n|n|\u2606IIIodyne|iiiodyne\n|n| WalrusPatty|walruspatty\n|n| Sww-Suwa|swwsuwa\n|n| yfleshcatchy|yfleshcatchy\n|l| Sww-Suwa\n|l| WalrusPatty\n|l|\u2606qxfn143\n|j| Sww-Suwa\n|l| Sww-Suwa\n","uploadtime":1666020318,"views":27,"p1id":"qxfn143","p2id":"iiiodyne","formatid":"gen8ou","rating":0,"private":0,"password":null}