{"id":"gen8ou-1650802738","p1":"stopthreat","p2":"minimax_ai","format":"gen8ou","log":"|j|\u2606stopthreat\n|j|\u2606minimax_ai\n|t:|1661749467\n|gametype|singles\n|player|p1|stopthreat|skier|1601\n|player|p2|minimax_ai|lusamine-nihilego|1585\n|teamsize|p1|6\n|teamsize|p2|6\n|gen|8\n|tier|[Gen 8] OU\n|rated|\n|rule|Sleep Clause Mod: Limit one foe put to sleep\n|rule|Species Clause: Limit one of each Pok\u00e9mon\n|rule|OHKO Clause: OHKO moves are banned\n|rule|Evasion Items Clause: Evasion items are banned\n|rule|Evasion Moves Clause: Evasion moves are banned\n|rule|Endless Battle Clause: Forcing endless battles is banned\n|rule|HP Percentage Mod: HP is shown in percentages\n|rule|Dynamax Clause: You cannot dynamax\n|clearpoke\n|poke|p1|Dragapult, M|\n|poke|p1|Clefable, F|\n|poke|p1|Crawdaunt, M|\n|poke|p1|Gastrodon, F|\n|poke|p1|Tornadus-Therian, M|\n|poke|p1|Heatran, F|\n|poke|p2|Rotom-Wash|\n|poke|p2|Weavile, F|\n|poke|p2|Landorus-Therian, M|\n|poke|p2|Heatran, M|\n|poke|p2|Tangrowth, M|\n|poke|p2|Melmetal|\n|teampreview\n|c|\u2606minimax_ai|hf\n|inactive|Battle timer is ON: inactive players will automatically lose when time's up. (requested by minimax_ai)\n|j| ShiraEyye\n|\n|t:|1661749491\n|start\n|switch|p1a: Clefable|Clefable, F|100\/100\n|switch|p2a: landorustherian|Landorus-Therian, M|100\/100\n|-ability|p2a: landorustherian|Intimidate|boost\n|-unboost|p1a: Clefable|atk|1\n|turn|1\n|\n|t:|1661749496\n|move|p1a: Clefable|Ice Beam|p2a: landorustherian\n|-supereffective|p2a: landorustherian\n|-damage|p2a: landorustherian|1\/100\n|move|p2a: landorustherian|Toxic|p1a: Clefable\n|-status|p1a: Clefable|tox\n|\n|-heal|p2a: landorustherian|7\/100|[from] item: Leftovers\n|upkeep\n|turn|2\n|\n|t:|1661749513\n|switch|p2a: rotomwash|Rotom-Wash|100\/100\n|move|p1a: Clefable|Moonblast|p2a: rotomwash\n|-damage|p2a: rotomwash|40\/100\n|\n|-heal|p2a: rotomwash|46\/100|[from] item: Leftovers\n|upkeep\n|turn|3\n|\n|t:|1661749515\n|move|p2a: rotomwash|Pain Split|p1a: Clefable\n|-sethp|p1a: Clefable|71\/100 tox|[from] move: Pain Split|[silent]\n|-sethp|p2a: rotomwash|78\/100|[from] move: Pain Split\n|move|p1a: Clefable|Moonblast|p2a: rotomwash\n|-damage|p2a: rotomwash|21\/100\n|\n|-heal|p2a: rotomwash|27\/100|[from] item: Leftovers\n|upkeep\n|turn|4\n|\n|t:|1661749517\n|move|p2a: rotomwash|Pain Split|p1a: Clefable\n|-sethp|p1a: Clefable|48\/100 tox|[from] move: Pain Split|[silent]\n|-sethp|p2a: rotomwash|52\/100|[from] move: Pain Split\n|move|p1a: Clefable|Moonblast|p2a: rotomwash\n|-damage|p2a: rotomwash|0 fnt\n|faint|p2a: rotomwash\n|\n|upkeep\n|\n|t:|1661749517\n|switch|p2a: Heatran|Heatran, M|100\/100\n|-item|p2a: Heatran|Air Balloon\n|turn|5\n|\n|t:|1661749520\n|switch|p1a: Gastrodon|Gastrodon, F|100\/100\n|move|p2a: Heatran|Stealth Rock|p1a: Gastrodon\n|-sidestart|p1: stopthreat|move: Stealth Rock\n|\n|upkeep\n|turn|6\n|\n|t:|1661749524\n|switch|p2a: landorustherian|Landorus-Therian, M|7\/100\n|-ability|p2a: landorustherian|Intimidate|boost\n|-unboost|p1a: Gastrodon|atk|1\n|move|p1a: Gastrodon|Scald|p2a: landorustherian\n|-supereffective|p2a: landorustherian\n|-damage|p2a: landorustherian|0 fnt\n|faint|p2a: landorustherian\n|\n|upkeep\n|\n|t:|1661749524\n|switch|p2a: Weavile|Weavile, F|100\/100\n|-ability|p2a: Weavile|Pressure\n|turn|7\n|\n|t:|1661749527\n|move|p2a: Weavile|Knock Off|p1a: Gastrodon\n|-damage|p1a: Gastrodon|47\/100\n|-enditem|p1a: Gastrodon|Leftovers|[from] move: Knock Off|[of] p2a: Weavile\n|move|p1a: Gastrodon|Toxic|p2a: Weavile\n|-status|p2a: Weavile|tox\n|\n|-damage|p2a: Weavile|94\/100 tox|[from] psn\n|upkeep\n|turn|8\n|\n|t:|1661749532\n|move|p2a: Weavile|Knock Off|p1a: Gastrodon\n|-damage|p1a: Gastrodon|11\/100\n|move|p1a: Gastrodon|Recover|p1a: Gastrodon\n|-heal|p1a: Gastrodon|61\/100\n|\n|-damage|p2a: Weavile|82\/100 tox|[from] psn\n|upkeep\n|turn|9\n|\n|t:|1661749534\n|move|p2a: Weavile|Knock Off|p1a: Gastrodon\n|-damage|p1a: Gastrodon|24\/100\n|move|p1a: Gastrodon|Recover|p1a: Gastrodon\n|-heal|p1a: Gastrodon|74\/100\n|\n|-damage|p2a: Weavile|64\/100 tox|[from] psn\n|upkeep\n|turn|10\n|\n|t:|1661749536\n|move|p2a: Weavile|Knock Off|p1a: Gastrodon\n|-damage|p1a: Gastrodon|37\/100\n|move|p1a: Gastrodon|Recover|p1a: Gastrodon\n|-heal|p1a: Gastrodon|87\/100\n|\n|-damage|p2a: Weavile|40\/100 tox|[from] psn\n|upkeep\n|turn|11\n|\n|t:|1661749537\n|move|p2a: Weavile|Knock Off|p1a: Gastrodon\n|-damage|p1a: Gastrodon|49\/100\n|move|p1a: Gastrodon|Recover|p1a: Gastrodon\n|-heal|p1a: Gastrodon|99\/100\n|\n|-damage|p2a: Weavile|10\/100 tox|[from] psn\n|upkeep\n|turn|12\n|\n|t:|1661749539\n|move|p2a: Weavile|Knock Off|p1a: Gastrodon\n|-damage|p1a: Gastrodon|62\/100\n|move|p1a: Gastrodon|Recover|p1a: Gastrodon\n|-heal|p1a: Gastrodon|100\/100\n|\n|-damage|p2a: Weavile|0 fnt|[from] psn\n|faint|p2a: Weavile\n|upkeep\n|\n|t:|1661749539\n|switch|p2a: Tangrowth|Tangrowth, M|100\/100\n|turn|13\n|\n|t:|1661749542\n|switch|p1a: Tornadus|Tornadus-Therian, M|100\/100\n|move|p2a: Tangrowth|Sleep Powder|p1a: Tornadus\n|-status|p1a: Tornadus|slp|[from] move: Sleep Powder\n|\n|upkeep\n|turn|14\n|\n|t:|1661749544\n|switch|p1a: Heatran|Heatran, F|100\/100\n|-damage|p1a: Heatran|88\/100|[from] Stealth Rock\n|switch|p2a: Melmetal|Melmetal|100\/100\n|\n|-heal|p1a: Heatran|94\/100|[from] item: Leftovers\n|upkeep\n|turn|15\n|\n|t:|1661749549\n|move|p1a: Heatran|Protect|p1a: Heatran\n|-singleturn|p1a: Heatran|Protect\n|move|p2a: Melmetal|Earthquake|p1a: Heatran\n|-activate|p1a: Heatran|move: Protect\n|\n|-heal|p1a: Heatran|100\/100|[from] item: Leftovers\n|upkeep\n|turn|16\n|\n|t:|1661749552\n|switch|p1a: Gastrodon|Gastrodon, F|100\/100\n|-damage|p1a: Gastrodon|94\/100|[from] Stealth Rock\n|move|p2a: Melmetal|Earthquake|p1a: Gastrodon\n|-crit|p1a: Gastrodon\n|-damage|p1a: Gastrodon|54\/100\n|\n|upkeep\n|turn|17\n|\n|t:|1661749557\n|move|p1a: Gastrodon|Recover|p1a: Gastrodon\n|-heal|p1a: Gastrodon|100\/100\n|move|p2a: Melmetal|Double Iron Bash|p1a: Gastrodon\n|-resisted|p1a: Gastrodon\n|-damage|p1a: Gastrodon|87\/100\n|-resisted|p1a: Gastrodon\n|-damage|p1a: Gastrodon|73\/100\n|-hitcount|p1a: Gastrodon|2\n|\n|upkeep\n|turn|18\n|\n|t:|1661749559\n|move|p1a: Gastrodon|Earth Power|p2a: Melmetal\n|-supereffective|p2a: Melmetal\n|-damage|p2a: Melmetal|70\/100\n|move|p2a: Melmetal|Double Iron Bash|p1a: Gastrodon\n|-resisted|p1a: Gastrodon\n|-damage|p1a: Gastrodon|59\/100\n|-resisted|p1a: Gastrodon\n|-damage|p1a: Gastrodon|44\/100\n|-hitcount|p1a: Gastrodon|2\n|\n|upkeep\n|turn|19\n|\n|t:|1661749562\n|move|p1a: Gastrodon|Recover|p1a: Gastrodon\n|-heal|p1a: Gastrodon|94\/100\n|move|p2a: Melmetal|Double Iron Bash|p1a: Gastrodon\n|-resisted|p1a: Gastrodon\n|-damage|p1a: Gastrodon|80\/100\n|-resisted|p1a: Gastrodon\n|-damage|p1a: Gastrodon|66\/100\n|-hitcount|p1a: Gastrodon|2\n|\n|upkeep\n|turn|20\n|\n|t:|1661749564\n|move|p1a: Gastrodon|Earth Power|p2a: Melmetal\n|-supereffective|p2a: Melmetal\n|-damage|p2a: Melmetal|38\/100\n|move|p2a: Melmetal|Double Iron Bash|p1a: Gastrodon\n|-resisted|p1a: Gastrodon\n|-damage|p1a: Gastrodon|50\/100\n|-resisted|p1a: Gastrodon\n|-damage|p1a: Gastrodon|34\/100\n|-hitcount|p1a: Gastrodon|2\n|\n|upkeep\n|turn|21\n|\n|t:|1661749567\n|move|p1a: Gastrodon|Recover|p1a: Gastrodon\n|-heal|p1a: Gastrodon|84\/100\n|move|p2a: Melmetal|Double Iron Bash|p1a: Gastrodon\n|-resisted|p1a: Gastrodon\n|-damage|p1a: Gastrodon|70\/100\n|-resisted|p1a: Gastrodon\n|-damage|p1a: Gastrodon|54\/100\n|-hitcount|p1a: Gastrodon|2\n|\n|upkeep\n|turn|22\n|\n|t:|1661749569\n|move|p1a: Gastrodon|Recover|p1a: Gastrodon\n|-heal|p1a: Gastrodon|100\/100\n|move|p2a: Melmetal|Ice Punch|p1a: Gastrodon\n|-damage|p1a: Gastrodon|74\/100\n|\n|upkeep\n|turn|23\n|\n|t:|1661749571\n|move|p1a: Gastrodon|Earth Power|p2a: Melmetal\n|-supereffective|p2a: Melmetal\n|-damage|p2a: Melmetal|8\/100\n|move|p2a: Melmetal|Ice Punch|p1a: Gastrodon\n|-damage|p1a: Gastrodon|51\/100\n|\n|upkeep\n|turn|24\n|\n|t:|1661749572\n|switch|p2a: Tangrowth|Tangrowth, M|100\/100\n|move|p1a: Gastrodon|Recover|p1a: Gastrodon\n|-heal|p1a: Gastrodon|100\/100\n|\n|upkeep\n|turn|25\n|\n|t:|1661749577\n|switch|p1a: Clefable|Clefable, F|48\/100 tox\n|move|p2a: Tangrowth|Giga Drain|p1a: Clefable\n|-damage|p1a: Clefable|19\/100 tox\n|\n|upkeep\n|turn|26\n|\n|t:|1661749579\n|switch|p2a: Heatran|Heatran, M|100\/100\n|-item|p2a: Heatran|Air Balloon\n|move|p1a: Clefable|Flamethrower|p2a: Heatran\n|-start|p2a: Heatran|ability: Flash Fire\n|\n|upkeep\n|turn|27\n|\n|t:|1661749580\n|move|p2a: Heatran|Earth Power|p1a: Clefable\n|-damage|p1a: Clefable|0 fnt\n|faint|p1a: Clefable\n|\n|upkeep\n|\n|t:|1661749582\n|switch|p1a: Crawdaunt|Crawdaunt, M|100\/100\n|-damage|p1a: Crawdaunt|88\/100|[from] Stealth Rock\n|turn|28\n|\n|t:|1661749585\n|-end|p2a: Heatran|ability: Flash Fire|[silent]\n|switch|p2a: Tangrowth|Tangrowth, M|100\/100\n|move|p1a: Crawdaunt|Knock Off|p2a: Tangrowth\n|-damage|p2a: Tangrowth|47\/100\n|-damage|p1a: Crawdaunt|72\/100|[from] item: Rocky Helmet|[of] p2a: Tangrowth\n|-enditem|p2a: Tangrowth|Rocky Helmet|[from] move: Knock Off|[of] p1a: Crawdaunt\n|\n|upkeep\n|turn|29\n|\n|t:|1661749588\n|switch|p1a: Heatran|Heatran, F|100\/100\n|-damage|p1a: Heatran|88\/100|[from] Stealth Rock\n|move|p2a: Tangrowth|Giga Drain|p1a: Heatran\n|-resisted|p1a: Heatran\n|-damage|p1a: Heatran|83\/100\n|-heal|p2a: Tangrowth|49\/100|[from] drain|[of] p1a: Heatran\n|\n|-heal|p1a: Heatran|90\/100|[from] item: Leftovers\n|upkeep\n|turn|30\n|\n|t:|1661749595\n|switch|p1a: Crawdaunt|Crawdaunt, M|72\/100\n|-damage|p1a: Crawdaunt|59\/100|[from] Stealth Rock\n|switch|p2a: Heatran|Heatran, M|100\/100\n|-item|p2a: Heatran|Air Balloon\n|\n|upkeep\n|turn|31\n|\n|t:|1661749599\n|move|p2a: Heatran|Earth Power|p1a: Crawdaunt\n|-damage|p1a: Crawdaunt|0 fnt\n|faint|p1a: Crawdaunt\n|\n|upkeep\n|\n|t:|1661749605\n|switch|p1a: Dragapult|Dragapult, M|100\/100\n|-damage|p1a: Dragapult|88\/100|[from] Stealth Rock\n|turn|32\n|\n|t:|1661749607\n|switch|p2a: Melmetal|Melmetal|8\/100\n|move|p1a: Dragapult|Shadow Ball|p2a: Melmetal\n|-damage|p2a: Melmetal|0 fnt\n|faint|p2a: Melmetal\n|\n|upkeep\n|\n|t:|1661749607\n|switch|p2a: Heatran|Heatran, M|100\/100\n|-item|p2a: Heatran|Air Balloon\n|turn|33\n|\n|t:|1661749609\n|move|p1a: Dragapult|Shadow Ball|p2a: Heatran\n|-crit|p2a: Heatran\n|-damage|p2a: Heatran|28\/100\n|-enditem|p2a: Heatran|Air Balloon\n|move|p2a: Heatran|Magma Storm|p1a: Dragapult\n|-resisted|p1a: Dragapult\n|-damage|p1a: Dragapult|51\/100\n|-activate|p1a: Dragapult|move: Magma Storm|[of] p2a: Heatran\n|\n|-damage|p1a: Dragapult|38\/100|[from] move: Magma Storm|[partiallytrapped]\n|upkeep\n|turn|34\n|\n|t:|1661749611\n|move|p1a: Dragapult|Shadow Ball|p2a: Heatran\n|-damage|p2a: Heatran|0 fnt\n|faint|p2a: Heatran\n|\n|-end|p1a: Dragapult|Magma Storm|[partiallytrapped]|[silent]\n|upkeep\n|\n|t:|1661749611\n|switch|p2a: Tangrowth|Tangrowth, M|82\/100\n|turn|35\n|\n|t:|1661749613\n|move|p1a: Dragapult|Shadow Ball|p2a: Tangrowth\n|-damage|p2a: Tangrowth|6\/100\n|move|p2a: Tangrowth|Knock Off|p1a: Dragapult\n|-supereffective|p1a: Dragapult\n|-crit|p1a: Dragapult\n|-damage|p1a: Dragapult|0 fnt\n|-enditem|p1a: Dragapult|Choice Specs|[from] move: Knock Off|[of] p2a: Tangrowth\n|faint|p1a: Dragapult\n|\n|upkeep\n|\n|t:|1661749615\n|switch|p1a: Heatran|Heatran, F|90\/100\n|-damage|p1a: Heatran|77\/100|[from] Stealth Rock\n|turn|36\n|\n|t:|1661749617\n|move|p1a: Heatran|Magma Storm|p2a: Tangrowth|[miss]\n|-miss|p1a: Heatran|p2a: Tangrowth\n|move|p2a: Tangrowth|Knock Off|p1a: Heatran\n|-damage|p1a: Heatran|58\/100\n|-enditem|p1a: Heatran|Leftovers|[from] move: Knock Off|[of] p2a: Tangrowth\n|\n|upkeep\n|turn|37\n|\n|t:|1661749618\n|move|p1a: Heatran|Magma Storm|p2a: Tangrowth\n|-supereffective|p2a: Tangrowth\n|-damage|p2a: Tangrowth|0 fnt\n|faint|p2a: Tangrowth\n|\n|win|stopthreat\n|raw|stopthreat's rating: 1601 &rarr; <strong>1620<\/strong><br \/>(+19 for winning)\n|raw|minimax_ai's rating: 1585 &rarr; <strong>1566<\/strong><br \/>(-19 for losing)\n|c|\u2606minimax_ai|gg\n","uploadtime":1661749620,"views":20,"p1id":"stopthreat","p2id":"minimaxai","formatid":"gen8ou","rating":1566,"private":0,"password":null}