{"id":"gen8ou-1589019181","p1":"Makuryu","p2":"bizarman","format":"gen8ou","log":"|j|\u2606Makuryu\n|j|\u2606bizarman\n|t:|1654337070\n|gametype|singles\n|player|p1|Makuryu|koga|1724\n|player|p2|bizarman|scientist-gen4|1648\n|teamsize|p1|6\n|teamsize|p2|6\n|gen|8\n|tier|[Gen 8] OU\n|rated|\n|rule|Sleep Clause Mod: Limit one foe put to sleep\n|rule|Species Clause: Limit one of each Pok\u00e9mon\n|rule|OHKO Clause: OHKO moves are banned\n|rule|Evasion Moves Clause: Evasion moves are banned\n|rule|Endless Battle Clause: Forcing endless battles is banned\n|rule|HP Percentage Mod: HP is shown in percentages\n|rule|Dynamax Clause: You cannot dynamax\n|clearpoke\n|poke|p1|Marowak-Alola, F|\n|poke|p1|Hatterene, F|\n|poke|p1|Melmetal|\n|poke|p1|Crawdaunt, F|\n|poke|p1|Porygon2|\n|poke|p1|Cresselia, F|\n|poke|p2|Kartana|\n|poke|p2|Dragapult, F|\n|poke|p2|Tornadus-Therian, M|\n|poke|p2|Tapu Lele|\n|poke|p2|Landorus-Therian, M|\n|poke|p2|Toxapex, F|\n|teampreview\n|inactive|Battle timer is ON: inactive players will automatically lose when time's up. (requested by Makuryu)\n|inactive|bizarman has 120 seconds left.\n|inactive|bizarman has 90 seconds left.\n|\n|t:|1654337154\n|start\n|switch|p1a: Porygon2|Porygon2|100\/100\n|switch|p2a: Kartana|Kartana|100\/100\n|-ability|p1a: Porygon2|Beast Boost|[from] ability: Trace|[of] p2a: Kartana\n|turn|1\n|j| NOslowly\n|inactive|Makuryu has 120 seconds left.\n|l| NOslowly\n|\n|t:|1654337209\n|move|p2a: Kartana|Knock Off|p1a: Porygon2\n|-damage|p1a: Porygon2|73\/100\n|-enditem|p1a: Porygon2|Eviolite|[from] move: Knock Off|[of] p2a: Kartana\n|move|p1a: Porygon2|Trick Room|p1a: Porygon2\n|-fieldstart|move: Trick Room|[of] p1a: Porygon2\n|\n|upkeep\n|turn|2\n|\n|t:|1654337223\n|move|p2a: Kartana|Sacred Sword|p1a: Porygon2\n|-supereffective|p1a: Porygon2\n|-damage|p1a: Porygon2|0 fnt\n|faint|p1a: Porygon2\n|-ability|p2a: Kartana|Beast Boost|boost\n|-boost|p2a: Kartana|atk|1\n|\n|upkeep\n|\n|t:|1654337230\n|switch|p1a: Marowak|Marowak-Alola, F|100\/100\n|turn|3\n|\n|t:|1654337235\n|switch|p2a: Toxapex|Toxapex, F|100\/100\n|move|p1a: Marowak|Swords Dance|p1a: Marowak\n|-boost|p1a: Marowak|atk|2\n|\n|upkeep\n|turn|4\n|\n|t:|1654337242\n|switch|p2a: Landorus|Landorus-Therian, M|100\/100\n|-ability|p2a: Landorus|Intimidate|boost\n|-unboost|p1a: Marowak|atk|1\n|move|p1a: Marowak|Poltergeist|p2a: Landorus\n|-activate|p2a: Landorus|move: Poltergeist|Leftovers\n|-damage|p2a: Landorus|0 fnt\n|faint|p2a: Landorus\n|\n|upkeep\n|\n|t:|1654337265\n|switch|p2a: Tapu Lele|Tapu Lele|100\/100\n|-fieldstart|move: Psychic Terrain|[from] ability: Psychic Surge|[of] p2a: Tapu Lele\n|turn|5\n|\n|t:|1654337274\n|move|p1a: Marowak|Poltergeist|p2a: Tapu Lele\n|-activate|p2a: Tapu Lele|move: Poltergeist|Choice Scarf\n|-supereffective|p2a: Tapu Lele\n|-damage|p2a: Tapu Lele|0 fnt\n|faint|p2a: Tapu Lele\n|\n|-fieldend|move: Trick Room\n|upkeep\n|\n|t:|1654337281\n|switch|p2a: Kartana|Kartana|100\/100\n|turn|6\n|\n|t:|1654337284\n|switch|p1a: Cresselia|Cresselia, F|100\/100\n|move|p2a: Kartana|Swords Dance|p2a: Kartana\n|-boost|p2a: Kartana|atk|2\n|\n|upkeep\n|turn|7\n|\n|t:|1654337290\n|move|p2a: Kartana|Knock Off|p1a: Cresselia\n|-supereffective|p1a: Cresselia\n|-damage|p1a: Cresselia|12\/100\n|-enditem|p1a: Cresselia|Mental Herb|[from] move: Knock Off|[of] p2a: Kartana\n|move|p1a: Cresselia|Trick Room|p1a: Cresselia\n|-fieldstart|move: Trick Room|[of] p1a: Cresselia\n|\n|upkeep\n|turn|8\n|\n|t:|1654337306\n|switch|p2a: Tornadus|Tornadus-Therian, M|100\/100\n|move|p1a: Cresselia|Lunar Dance|p1a: Cresselia\n|faint|p1a: Cresselia\n|\n|upkeep\n|\n|t:|1654337312\n|switch|p1a: Melmetal|Melmetal|100\/100\n|turn|9\n|\n|t:|1654337317\n|switch|p2a: Toxapex|Toxapex, F|100\/100\n|move|p1a: Melmetal|Double Iron Bash|p2a: Toxapex\n|-resisted|p2a: Toxapex\n|-damage|p2a: Toxapex|82\/100\n|-damage|p1a: Melmetal|84\/100|[from] item: Rocky Helmet|[of] p2a: Toxapex\n|-resisted|p2a: Toxapex\n|-damage|p2a: Toxapex|62\/100\n|-damage|p1a: Melmetal|67\/100|[from] item: Rocky Helmet|[of] p2a: Toxapex\n|-hitcount|p2a: Toxapex|2\n|\n|-fieldend|move: Psychic Terrain\n|upkeep\n|turn|10\n|\n|t:|1654337330\n|switch|p1a: Crawdaunt|Crawdaunt, F|100\/100\n|move|p2a: Toxapex|Recover|p2a: Toxapex\n|-heal|p2a: Toxapex|100\/100\n|\n|upkeep\n|turn|11\n|\n|t:|1654337341\n|move|p2a: Toxapex|Toxic|p1a: Crawdaunt\n|-status|p1a: Crawdaunt|tox\n|move|p1a: Crawdaunt|Swords Dance|p1a: Crawdaunt\n|-boost|p1a: Crawdaunt|atk|2\n|\n|-damage|p1a: Crawdaunt|94\/100 tox|[from] psn\n|-fieldend|move: Trick Room\n|upkeep\n|turn|12\n|\n|t:|1654337356\n|switch|p2a: Tornadus|Tornadus-Therian, M|100\/100\n|move|p1a: Crawdaunt|Knock Off|p2a: Tornadus\n|-damage|p2a: Tornadus|0 fnt\n|-enditem|p2a: Tornadus|Assault Vest|[from] move: Knock Off|[of] p1a: Crawdaunt\n|faint|p2a: Tornadus\n|-damage|p1a: Crawdaunt|85\/100 tox|[from] item: Life Orb\n|\n|-damage|p1a: Crawdaunt|73\/100 tox|[from] psn\n|upkeep\n|\n|t:|1654337365\n|switch|p2a: Kartana|Kartana|100\/100\n|turn|13\n|\n|t:|1654337379\n|move|p1a: Crawdaunt|Aqua Jet|p2a: Kartana\n|-resisted|p2a: Kartana\n|-damage|p2a: Kartana|62\/100\n|-damage|p1a: Crawdaunt|63\/100 tox|[from] item: Life Orb\n|move|p2a: Kartana|Leaf Blade|p1a: Crawdaunt\n|-supereffective|p1a: Crawdaunt\n|-crit|p1a: Crawdaunt\n|-damage|p1a: Crawdaunt|0 fnt\n|faint|p1a: Crawdaunt\n|-ability|p2a: Kartana|Beast Boost|boost\n|-boost|p2a: Kartana|atk|1\n|\n|upkeep\n|\n|t:|1654337388\n|switch|p1a: Hatterene|Hatterene, F|100\/100\n|turn|14\n|\n|t:|1654337392\n|move|p2a: Kartana|Leaf Blade|p1a: Hatterene\n|-damage|p1a: Hatterene|5\/100\n|move|p1a: Hatterene|Trick Room|p1a: Hatterene\n|-fieldstart|move: Trick Room|[of] p1a: Hatterene\n|\n|upkeep\n|turn|15\n|\n|t:|1654337415\n|switch|p2a: Dragapult|Dragapult, F|100\/100\n|move|p1a: Hatterene|Mystical Fire|p2a: Dragapult\n|-resisted|p2a: Dragapult\n|-damage|p2a: Dragapult|79\/100\n|-unboost|p2a: Dragapult|spa|1\n|\n|upkeep\n|turn|16\n|\n|t:|1654337430\n|move|p1a: Hatterene|Healing Wish|p1a: Hatterene\n|faint|p1a: Hatterene\n|move|p2a: Dragapult|Shadow Ball|p1: Hatterene|[notarget]\n|-fail|p2a: Dragapult\n|\n|upkeep\n|\n|t:|1654337435\n|switch|p1a: Marowak|Marowak-Alola, F|100\/100\n|-heal|p1a: Marowak|100\/100|[from] move: Lunar Dance\n|turn|17\n|\n|t:|1654337439\n|move|p1a: Marowak|Poltergeist|p2a: Dragapult\n|-activate|p2a: Dragapult|move: Poltergeist|Choice Specs\n|-supereffective|p2a: Dragapult\n|-damage|p2a: Dragapult|0 fnt\n|faint|p2a: Dragapult\n|\n|upkeep\n|\n|t:|1654337445\n|switch|p2a: Toxapex|Toxapex, F|100\/100\n|turn|18\n|\n|t:|1654337448\n|move|p2a: Toxapex|Haze|p2a: Toxapex\n|-clearallboost\n|move|p1a: Marowak|Earthquake|p2a: Toxapex\n|-supereffective|p2a: Toxapex\n|-damage|p2a: Toxapex|39\/100\n|\n|-fieldend|move: Trick Room\n|upkeep\n|turn|19\n|\n|t:|1654337455\n|move|p1a: Marowak|Poltergeist|p2a: Toxapex|[miss]\n|-miss|p1a: Marowak|p2a: Toxapex\n|move|p2a: Toxapex|Scald|p1a: Marowak\n|-supereffective|p1a: Marowak\n|-damage|p1a: Marowak|57\/100\n|\n|upkeep\n|turn|20\n|\n|t:|1654337463\n|move|p1a: Marowak|Poltergeist|p2a: Toxapex\n|-activate|p2a: Toxapex|move: Poltergeist|Rocky Helmet\n|-damage|p2a: Toxapex|0 fnt\n|faint|p2a: Toxapex\n|\n|upkeep\n|\n|t:|1654337468\n|switch|p2a: Kartana|Kartana|62\/100\n|turn|21\n|\n|t:|1654337471\n|move|p2a: Kartana|Knock Off|p1a: Marowak\n|-supereffective|p1a: Marowak\n|-crit|p1a: Marowak\n|-damage|p1a: Marowak|0 fnt\n|-enditem|p1a: Marowak|Thick Club|[from] move: Knock Off|[of] p2a: Kartana\n|faint|p1a: Marowak\n|-ability|p2a: Kartana|Beast Boost|boost\n|-boost|p2a: Kartana|atk|1\n|\n|upkeep\n|\n|t:|1654337478\n|switch|p1a: Melmetal|Melmetal|67\/100\n|-heal|p1a: Melmetal|100\/100|[from] move: Healing Wish\n|turn|22\n|\n|t:|1654337482\n|move|p2a: Kartana|Sacred Sword|p1a: Melmetal\n|-supereffective|p1a: Melmetal\n|-damage|p1a: Melmetal|41\/100\n|move|p1a: Melmetal|Superpower|p2a: Kartana\n|-supereffective|p2a: Kartana\n|-damage|p2a: Kartana|0 fnt\n|-unboost|p1a: Melmetal|atk|1\n|-unboost|p1a: Melmetal|def|1\n|faint|p2a: Kartana\n|\n|win|Makuryu\n|raw|Makuryu's rating: 1724 &rarr; <strong>1740<\/strong><br \/>(+16 for winning)\n|raw|bizarman's rating: 1648 &rarr; <strong>1632<\/strong><br \/>(-16 for losing)\n|c|\u2606bizarman|gg\n|l|\u2606bizarman\n|l|\u2606Makuryu\n","uploadtime":1654337570,"views":30,"p1id":"makuryu","p2id":"bizarman","formatid":"gen8ou","rating":1632,"private":0,"password":null}