{"id":"gen8ou-1385471939","p1":"Bleudeon","p2":"LT84JM CONMAN","format":"gen8ou","log":"|raw|<div class=\"broadcast-blue\"><strong>This battle is required to be public due to a player having a name starting with 'lt84jm'.<\/div>\n|j|\u2606Bleudeon\n|j|\u2606LT84JM CONMAN\n|t:|1627452442\n|gametype|singles\n|player|p1|Bleudeon|beauty-gen5bw2|1823\n|player|p2|LT84JM CONMAN|buck|1825\n|teamsize|p1|6\n|teamsize|p2|6\n|gen|8\n|tier|[Gen 8] OU\n|rated|\n|rule|Sleep Clause Mod: Limit one foe put to sleep\n|rule|Species Clause: Limit one of each Pok\u00e9mon\n|rule|OHKO Clause: OHKO moves are banned\n|rule|Evasion Moves Clause: Evasion moves are banned\n|rule|Endless Battle Clause: Forcing endless battles is banned\n|rule|HP Percentage Mod: HP is shown in percentages\n|rule|Dynamax Clause: You cannot dynamax\n|clearpoke\n|poke|p1|Landorus-Therian, M|\n|poke|p1|Dragapult, M|\n|poke|p1|Tapu Lele|\n|poke|p1|Tapu Koko|\n|poke|p1|Porygon-Z|\n|poke|p1|Volcarona, M|\n|poke|p2|Melmetal|\n|poke|p2|Cresselia, F|\n|poke|p2|Crawdaunt, M|\n|poke|p2|Hatterene, F|\n|poke|p2|Porygon2|\n|poke|p2|Marowak-Alola, F|\n|teampreview\n|\n|t:|1627452455\n|start\n|switch|p1a: Porygon-Z|Porygon-Z|100\/100\n|switch|p2a: Hatterene|Hatterene, F|100\/100\n|turn|1\n|inactive|Battle timer is ON: inactive players will automatically lose when time's up. (requested by LT84JM CONMAN)\n|\n|t:|1627452463\n|move|p1a: Porygon-Z|Tri Attack|p2a: Hatterene\n|-damage|p2a: Hatterene|34\/100\n|-status|p2a: Hatterene|frz\n|cant|p2a: Hatterene|frz\n|\n|upkeep\n|turn|2\n|j| Ycufuc\n|\n|t:|1627452473\n|switch|p2a: Melmetal|Melmetal|100\/100\n|move|p1a: Porygon-Z|Tri Attack|p2a: Melmetal\n|-resisted|p2a: Melmetal\n|-damage|p2a: Melmetal|65\/100\n|\n|upkeep\n|turn|3\n|\n|t:|1627452482\n|switch|p1a: Landorus|Landorus-Therian, M|100\/100\n|-ability|p1a: Landorus|Intimidate|boost\n|-unboost|p2a: Melmetal|atk|1\n|move|p2a: Melmetal|Double Iron Bash|p1a: Landorus\n|-crit|p1a: Landorus\n|-damage|p1a: Landorus|27\/100\n|-crit|p1a: Landorus\n|-damage|p1a: Landorus|0 fnt\n|faint|p1a: Landorus\n|-hitcount|p1: Landorus|2\n|\n|upkeep\n|\n|t:|1627452493\n|switch|p1a: Volcarona|Volcarona, M|100\/100\n|turn|4\n|\n|t:|1627452513\n|switch|p2a: Marowak|Marowak-Alola, F|100\/100\n|move|p1a: Volcarona|Fire Blast|p2a: Marowak\n|-resisted|p2a: Marowak\n|-damage|p2a: Marowak|61\/100\n|\n|upkeep\n|turn|5\n|j| Noob 0_o\n|\n|t:|1627452526\n|switch|p1a: Tapu Koko|Tapu Koko|100\/100\n|-fieldstart|move: Electric Terrain|[from] ability: Electric Surge|[of] p1a: Tapu Koko\n|move|p2a: Marowak|Flare Blitz|p1a: Tapu Koko\n|-damage|p1a: Tapu Koko|0 fnt\n|faint|p1a: Tapu Koko\n|\n|upkeep\n|\n|t:|1627452536\n|switch|p1a: Tapu Lele|Tapu Lele|100\/100\n|-fieldstart|move: Psychic Terrain|[from] ability: Psychic Surge|[of] p1a: Tapu Lele\n|turn|6\n|\n|t:|1627452542\n|switch|p2a: Hatterene|Hatterene, F|34\/100 frz\n|move|p1a: Tapu Lele|Psyshock|p2a: Hatterene\n|-resisted|p2a: Hatterene\n|-damage|p2a: Hatterene|7\/100 frz\n|\n|upkeep\n|turn|7\n|\n|t:|1627452548\n|move|p1a: Tapu Lele|Psyshock|p2a: Hatterene\n|-resisted|p2a: Hatterene\n|-damage|p2a: Hatterene|0 fnt\n|faint|p2a: Hatterene\n|\n|upkeep\n|j| gomikyu\n|j| Totem skarm\n|\n|t:|1627452570\n|switch|p2a: Porygon2|Porygon2|100\/100\n|-ability|p2a: Porygon2|Download|boost\n|-boost|p2a: Porygon2|atk|1\n|turn|8\n|j| Two Inch Terry\n|j|+akiamara\n|\n|t:|1627452575\n|move|p1a: Tapu Lele|Psyshock|p2a: Porygon2\n|-damage|p2a: Porygon2|47\/100\n|move|p2a: Porygon2|Trick Room|p2a: Porygon2\n|-fieldstart|move: Trick Room|[of] p2a: Porygon2\n|\n|upkeep\n|turn|9\n|\n|t:|1627452586\n|switch|p2a: Crawdaunt|Crawdaunt, M, shiny|100\/100\n|move|p1a: Tapu Lele|Moonblast|p2a: Crawdaunt\n|-supereffective|p2a: Crawdaunt\n|-damage|p2a: Crawdaunt|0 fnt\n|faint|p2a: Crawdaunt\n|\n|upkeep\n|c|\u2606LT84JM CONMAN|ahh\n|l| gomikyu\n|\n|t:|1627452600\n|switch|p2a: Marowak|Marowak-Alola, F|61\/100\n|turn|10\n|\n|t:|1627452606\n|switch|p1a: Dragapult|Dragapult, M|100\/100\n|move|p2a: Marowak|Flare Blitz|p1a: Dragapult\n|-resisted|p1a: Dragapult\n|-damage|p1a: Dragapult|30\/100\n|\n|-fieldend|move: Psychic Terrain\n|upkeep\n|turn|11\n|\n|t:|1627452617\n|move|p2a: Marowak|Flare Blitz|p1a: Dragapult\n|-resisted|p1a: Dragapult\n|-damage|p1a: Dragapult|0 fnt\n|faint|p1a: Dragapult\n|\n|upkeep\n|\n|t:|1627452626\n|switch|p1a: Volcarona|Volcarona, M|100\/100\n|turn|12\n|\n|t:|1627452633\n|move|p2a: Marowak|Flare Blitz|p1a: Volcarona\n|-damage|p1a: Volcarona|0 fnt\n|faint|p1a: Volcarona\n|\n|-fieldend|move: Trick Room\n|upkeep\n|\n|t:|1627452640\n|switch|p1a: Porygon-Z|Porygon-Z|100\/100\n|turn|13\n|\n|t:|1627452650\n|switch|p2a: Porygon2|Porygon2|47\/100\n|-ability|p2a: Porygon2|Download|boost\n|-boost|p2a: Porygon2|atk|1\n|move|p1a: Porygon-Z|Tri Attack|p2a: Porygon2\n|-damage|p2a: Porygon2|5\/100\n|\n|upkeep\n|turn|14\n|\n|t:|1627452660\n|move|p1a: Porygon-Z|Tri Attack|p2a: Porygon2\n|-damage|p2a: Porygon2|0 fnt\n|faint|p2a: Porygon2\n|\n|upkeep\n|j| LT84JM Analytic\n|\n|t:|1627452664\n|switch|p2a: Cresselia|Cresselia, F|100\/100\n|turn|15\n|\n|t:|1627452668\n|move|p1a: Porygon-Z|Tri Attack|p2a: Cresselia\n|-damage|p2a: Cresselia|48\/100\n|-status|p2a: Cresselia|par\n|cant|p2a: Cresselia|par\n|\n|upkeep\n|turn|16\n|j| DrippleReptide\n|\n|t:|1627452681\n|switch|p2a: Marowak|Marowak-Alola, F|61\/100\n|move|p1a: Porygon-Z|Tri Attack|p2a: Marowak\n|-immune|p2a: Marowak\n|\n|upkeep\n|turn|17\n|\n|t:|1627452689\n|move|p1a: Porygon-Z|Shadow Ball|p2a: Marowak\n|-supereffective|p2a: Marowak\n|-crit|p2a: Marowak\n|-damage|p2a: Marowak|0 fnt\n|faint|p2a: Marowak\n|\n|upkeep\n|\n|t:|1627452697\n|switch|p2a: Cresselia|Cresselia, F|48\/100 par\n|turn|18\n|\n|t:|1627452702\n|move|p1a: Porygon-Z|Shadow Ball|p2a: Cresselia\n|-supereffective|p2a: Cresselia\n|-damage|p2a: Cresselia|0 fnt\n|faint|p2a: Cresselia\n|\n|upkeep\n|\n|t:|1627452711\n|switch|p2a: Melmetal|Melmetal|65\/100\n|turn|19\n|c|\u2606Bleudeon|Gg\n|c|\u2606LT84JM CONMAN|wack\n|\n|t:|1627452720\n|move|p1a: Porygon-Z|Shadow Ball|p2a: Melmetal\n|-damage|p2a: Melmetal|23\/100\n|move|p2a: Melmetal|Double Iron Bash|p1a: Porygon-Z\n|-damage|p1a: Porygon-Z|6\/100\n|-damage|p1a: Porygon-Z|0 fnt\n|faint|p1a: Porygon-Z\n|-hitcount|p1: Porygon-Z|2\n|\n|upkeep\n|j| LT84JM Veritas\n|\n|t:|1627452729\n|switch|p1a: Tapu Lele|Tapu Lele|100\/100\n|-fieldstart|move: Psychic Terrain|[from] ability: Psychic Surge|[of] p1a: Tapu Lele\n|turn|20\n|\n|t:|1627452735\n|move|p1a: Tapu Lele|Focus Blast|p2a: Melmetal\n|-supereffective|p2a: Melmetal\n|-damage|p2a: Melmetal|0 fnt\n|faint|p2a: Melmetal\n|\n|win|Bleudeon\n|raw|Bleudeon's rating: 1835 &rarr; <strong>1854<\/strong><br \/>(+19 for winning)\n|raw|LT84JM CONMAN's rating: 1825 &rarr; <strong>1806<\/strong><br \/>(-19 for losing)\n|l|+akiamara\n|j| gomikyu\n|l| DrippleReptide\n|l|\u2606LT84JM CONMAN\n|l| gomikyu\n|l| Two Inch Terry\n","uploadtime":1627452777,"views":296,"p1id":"bleudeon","p2id":"lt84jmconman","formatid":"gen8ou","rating":1806,"private":0,"password":null}