{"id":"gen8ou-1081315038","p1":"CARLY RAE JESUS","p2":"GORAN EL DRACO","format":"gen8ou","log":"|j|\u2606CARLY RAE JESUS\n|j|\u2606GORAN EL DRACO\n|player|p1|CARLY RAE JESUS|winona|1821\n|player|p2|GORAN EL DRACO|266|1842\n|teamsize|p1|6\n|teamsize|p2|6\n|gametype|singles\n|gen|8\n|tier|[Gen 8] OU\n|rated|\n|html|<div class=\"broadcast-red\"><strong>OU is currently suspecting Arena Trap! For information on how to participate check out the <a href=\"https:\/\/www.smogon.com\/forums\/threads\/3661134\/\">suspect thread<\/a>.<\/strong><\/div>\n|clearpoke\n|poke|p1|Hippowdon, F|\n|poke|p1|Mandibuzz, F|\n|poke|p1|Clefable, M|\n|poke|p1|Dragapult, F|\n|poke|p1|Toxapex, M|\n|poke|p1|Dracovish|\n|poke|p2|Dracovish|\n|poke|p2|Rotom-Heat|\n|poke|p2|Ferrothorn, F|\n|poke|p2|Bisharp, F|\n|poke|p2|Togekiss, M|\n|poke|p2|Hydreigon, M|\n|rule|Sleep Clause Mod: Limit one foe put to sleep\n|rule|Species Clause: Limit one of each Pok\u00e9mon\n|rule|OHKO Clause: OHKO moves are banned\n|rule|Evasion Moves Clause: Evasion moves are banned\n|rule|Endless Battle Clause: Forcing endless battles is banned\n|rule|HP Percentage Mod: HP is shown in percentages\n|rule|Dynamax Clause: You cannot dynamax\n|teampreview\n|j| Aa147258369\n|\n|start\n|switch|p1a: Hippowdon|Hippowdon, F|100\/100\n|switch|p2a: Ferrothorn|Ferrothorn, F|100\/100\n|-weather|Sandstorm|[from] ability: Sand Stream|[of] p1a: Hippowdon\n|turn|1\n|j| partynparadise\n|inactive|Battle timer is ON: inactive players will automatically lose when time's up. (requested by CARLY RAE JESUS)\n|j| Shucle\n|\n|move|p1a: Hippowdon|Stealth Rock|p2a: Ferrothorn\n|-sidestart|p2: GORAN EL DRACO|move: Stealth Rock\n|move|p2a: Ferrothorn|Knock Off|p1a: Hippowdon\n|-damage|p1a: Hippowdon|89\/100\n|-enditem|p1a: Hippowdon|Leftovers|[from] move: Knock Off|[of] p2a: Ferrothorn\n|\n|-weather|Sandstorm|[upkeep]\n|upkeep\n|turn|2\n|j| nathaaan.\n|j| sella alik boi\n|\n|switch|p1a: Mandibuzz|Mandibuzz, F|100\/100\n|move|p2a: Ferrothorn|Stealth Rock|p1a: Mandibuzz\n|-sidestart|p1: CARLY RAE JESUS|move: Stealth Rock\n|\n|-weather|Sandstorm|[upkeep]\n|upkeep\n|turn|3\n|l| Aa147258369\n|\n|move|p1a: Mandibuzz|Taunt|p2a: Ferrothorn\n|-start|p2a: Ferrothorn|move: Taunt\n|move|p2a: Ferrothorn|Knock Off|p1a: Mandibuzz\n|-resisted|p1a: Mandibuzz\n|-damage|p1a: Mandibuzz|94\/100\n|-damage|p2a: Ferrothorn|84\/100|[from] item: Rocky Helmet|[of] p1a: Mandibuzz\n|-enditem|p1a: Mandibuzz|Rocky Helmet|[from] move: Knock Off|[of] p2a: Ferrothorn\n|\n|-weather|Sandstorm|[upkeep]\n|-heal|p2a: Ferrothorn|90\/100|[from] item: Leftovers\n|upkeep\n|turn|4\n|c| sella alik boi|feels like the 1800 elo teams all look the same lmao\n|\n|switch|p1a: Clefable|Clefable, M, shiny|100\/100\n|move|p2a: Ferrothorn|Body Press|p1a: Clefable\n|-resisted|p1a: Clefable\n|-damage|p1a: Clefable|90\/100\n|\n|-weather|Sandstorm|[upkeep]\n|-heal|p1a: Clefable|96\/100|[from] item: Leftovers\n|-heal|p2a: Ferrothorn|97\/100|[from] item: Leftovers\n|upkeep\n|turn|5\n|\n|switch|p2a: Rotom|Rotom-Heat|100\/100\n|move|p1a: Clefable|Knock Off|p2a: Rotom\n|-damage|p2a: Rotom|83\/100\n|-enditem|p2a: Rotom|Heavy-Duty Boots|[from] move: Knock Off|[of] p1a: Clefable\n|\n|-weather|none\n|-heal|p1a: Clefable|100\/100|[from] item: Leftovers\n|upkeep\n|turn|6\n|\n|move|p2a: Rotom|Nasty Plot|p2a: Rotom\n|-boost|p2a: Rotom|spa|2\n|move|p1a: Clefable|Moonblast|p2a: Rotom\n|-resisted|p2a: Rotom\n|-damage|p2a: Rotom|71\/100\n|\n|upkeep\n|turn|7\n|c|\u2606GORAN EL DRACO|welcome to ou please enjoy your stay\n|\n|move|p2a: Rotom|Overheat|p1a: Clefable\n|-damage|p1a: Clefable|9\/100\n|-unboost|p2a: Rotom|spa|2\n|move|p1a: Clefable|Moonblast|p2a: Rotom\n|-resisted|p2a: Rotom\n|-damage|p2a: Rotom|58\/100\n|\n|-heal|p1a: Clefable|15\/100|[from] item: Leftovers\n|upkeep\n|turn|8\n|\n|switch|p1a: Dragapult|Dragapult, F|100\/100\n|-damage|p1a: Dragapult|88\/100|[from] Stealth Rock\n|move|p2a: Rotom|Overheat|p1a: Dragapult\n|-resisted|p1a: Dragapult\n|-damage|p1a: Dragapult|52\/100\n|-unboost|p2a: Rotom|spa|2\n|\n|-heal|p1a: Dragapult|58\/100|[from] item: Leftovers\n|upkeep\n|turn|9\n|\n|move|p1a: Dragapult|Substitute|p1a: Dragapult\n|-start|p1a: Dragapult|Substitute\n|-damage|p1a: Dragapult|33\/100\n|move|p2a: Rotom|Volt Switch|p1a: Dragapult\n|-resisted|p1a: Dragapult\n|-activate|p1a: Dragapult|move: Substitute|[damage]\n|\n|switch|p2a: Hydreigon|Hydreigon, M|100\/100|[from]move: Volt Switch\n|-damage|p2a: Hydreigon|88\/100|[from] Stealth Rock\n|\n|-heal|p1a: Dragapult|39\/100|[from] item: Leftovers\n|upkeep\n|turn|10\n|\n|move|p2a: Hydreigon|U-turn|p1a: Dragapult\n|-resisted|p1a: Dragapult\n|-activate|p1a: Dragapult|move: Substitute|[damage]\n|\n|switch|p2a: Rotom|Rotom-Heat|58\/100|[from]move: U-turn\n|-damage|p2a: Rotom|33\/100|[from] Stealth Rock\n|move|p1a: Dragapult|Draco Meteor|p2a: Rotom|[miss]\n|-miss|p1a: Dragapult|p2a: Rotom\n|\n|-heal|p1a: Dragapult|45\/100|[from] item: Leftovers\n|upkeep\n|turn|11\n|\n|move|p1a: Dragapult|Hex|p2a: Rotom\n|-damage|p2a: Rotom|11\/100\n|move|p2a: Rotom|Volt Switch|p1a: Dragapult\n|-resisted|p1a: Dragapult\n|-end|p1a: Dragapult|Substitute\n|\n|switch|p2a: Hydreigon|Hydreigon, M|88\/100|[from]move: Volt Switch\n|-damage|p2a: Hydreigon|76\/100|[from] Stealth Rock\n|\n|-heal|p1a: Dragapult|51\/100|[from] item: Leftovers\n|upkeep\n|turn|12\n|j| Elo Checker Alert\n|\n|switch|p1a: Toxapex|Toxapex, M|100\/100\n|-damage|p1a: Toxapex|88\/100|[from] Stealth Rock\n|move|p2a: Hydreigon|Dark Pulse|p1a: Toxapex\n|-damage|p1a: Toxapex|57\/100\n|\n|-heal|p1a: Toxapex|63\/100|[from] item: Black Sludge\n|upkeep\n|turn|13\n|j| Mouais bof\n|inactive|GORAN EL DRACO has 120 seconds left.\n|\n|switch|p2a: Togekiss|Togekiss, M|100\/100\n|-damage|p2a: Togekiss|76\/100|[from] Stealth Rock\n|move|p1a: Toxapex|Toxic Spikes|p2a: Togekiss\n|-sidestart|p2: GORAN EL DRACO|move: Toxic Spikes\n|\n|-heal|p2a: Togekiss|82\/100|[from] item: Leftovers\n|-heal|p1a: Toxapex|70\/100|[from] item: Black Sludge\n|upkeep\n|turn|14\n|\n|switch|p1a: Hippowdon|Hippowdon, F|89\/100\n|-damage|p1a: Hippowdon|83\/100|[from] Stealth Rock\n|-weather|Sandstorm|[from] ability: Sand Stream|[of] p1a: Hippowdon\n|move|p2a: Togekiss|Substitute|p2a: Togekiss\n|-start|p2a: Togekiss|Substitute\n|-damage|p2a: Togekiss|57\/100\n|\n|-weather|Sandstorm|[upkeep]\n|-damage|p2a: Togekiss|51\/100|[from] Sandstorm\n|-heal|p2a: Togekiss|57\/100|[from] item: Leftovers\n|upkeep\n|turn|15\n|\n|move|p2a: Togekiss|Air Slash|p1a: Hippowdon\n|-damage|p1a: Hippowdon|38\/100\n|move|p1a: Hippowdon|Whirlwind|p2a: Togekiss\n|drag|p2a: Dracovish|Dracovish|100\/100\n|-status|p2a: Dracovish|psn\n|-damage|p2a: Dracovish|88\/100 psn|[from] Stealth Rock\n|\n|-weather|Sandstorm|[upkeep]\n|-damage|p2a: Dracovish|82\/100 psn|[from] Sandstorm\n|-damage|p2a: Dracovish|70\/100 psn|[from] psn\n|upkeep\n|turn|16\n|\n|move|p2a: Dracovish|Fishious Rend|p1a: Hippowdon\n|-supereffective|p1a: Hippowdon\n|-damage|p1a: Hippowdon|0 fnt\n|faint|p1a: Hippowdon\n|\n|-weather|Sandstorm|[upkeep]\n|-damage|p2a: Dracovish|64\/100 psn|[from] Sandstorm\n|-damage|p2a: Dracovish|51\/100 psn|[from] psn\n|upkeep\n|\n|switch|p1a: Dracovish|Dracovish, shiny|100\/100\n|-damage|p1a: Dracovish|88\/100|[from] Stealth Rock\n|turn|17\n|\n|switch|p2a: Ferrothorn|Ferrothorn, F|97\/100\n|-damage|p2a: Ferrothorn|90\/100|[from] Stealth Rock\n|move|p1a: Dracovish|Fishious Rend|p2a: Ferrothorn\n|-resisted|p2a: Ferrothorn\n|-damage|p2a: Ferrothorn|58\/100\n|-damage|p1a: Dracovish|76\/100|[from] ability: Iron Barbs|[of] p2a: Ferrothorn\n|\n|-weather|Sandstorm|[upkeep]\n|-damage|p1a: Dracovish|69\/100|[from] Sandstorm\n|-heal|p2a: Ferrothorn|64\/100|[from] item: Leftovers\n|upkeep\n|turn|18\n|j| Dylanronpa\n|\n|move|p1a: Dracovish|Fishious Rend|p2a: Ferrothorn\n|-resisted|p2a: Ferrothorn\n|-damage|p2a: Ferrothorn|23\/100\n|-damage|p1a: Dracovish|57\/100|[from] ability: Iron Barbs|[of] p2a: Ferrothorn\n|move|p2a: Ferrothorn|Power Whip|p1a: Dracovish|[miss]\n|-miss|p2a: Ferrothorn|p1a: Dracovish\n|\n|-weather|none\n|-heal|p2a: Ferrothorn|29\/100|[from] item: Leftovers\n|upkeep\n|turn|19\n|\n|move|p1a: Dracovish|Fishious Rend|p2a: Ferrothorn\n|-resisted|p2a: Ferrothorn\n|-damage|p2a: Ferrothorn|0 fnt\n|-damage|p1a: Dracovish|44\/100|[from] ability: Iron Barbs|[of] p2a: Ferrothorn\n|faint|p2a: Ferrothorn\n|\n|upkeep\n|\n|switch|p2a: Hydreigon|Hydreigon, M|76\/100\n|-damage|p2a: Hydreigon|64\/100|[from] Stealth Rock\n|turn|20\n|\n|move|p2a: Hydreigon|Dark Pulse|p1a: Dracovish\n|-damage|p1a: Dracovish|0 fnt\n|faint|p1a: Dracovish\n|\n|upkeep\n|j| WarioMasters\n|j| neutralzone!!\n|j| Lickasser\n|\n|switch|p1a: Toxapex|Toxapex, M|100\/100\n|-damage|p1a: Toxapex|88\/100|[from] Stealth Rock\n|turn|21\n|j| gare23limit\n|\n|switch|p2a: Rotom|Rotom-Heat|11\/100\n|-damage|p2a: Rotom|0 fnt|[from] Stealth Rock\n|faint|p2a: Rotom\n|move|p1a: Toxapex|Scald|p2: Rotom|[notarget]\n|-fail|p1a: Toxapex\n|\n|-heal|p1a: Toxapex|94\/100|[from] item: Black Sludge\n|upkeep\n|\n|switch|p2a: Togekiss|Togekiss, M|57\/100\n|-damage|p2a: Togekiss|32\/100|[from] Stealth Rock\n|turn|22\n|\n|switch|p1a: Dragapult|Dragapult, F|51\/100\n|-damage|p1a: Dragapult|39\/100|[from] Stealth Rock\n|move|p2a: Togekiss|Air Slash|p1a: Dragapult\n|-damage|p1a: Dragapult|0 fnt\n|faint|p1a: Dragapult\n|\n|-heal|p2a: Togekiss|38\/100|[from] item: Leftovers\n|upkeep\n|j| LowGxeDoritos\n|-message|CARLY RAE JESUS forfeited.\n|\n|win|GORAN EL DRACO\n|l|\u2606CARLY RAE JESUS\n|l| sella alik boi\n|l| LowGxeDoritos\n|l| Lickasser\n|l| Dylanronpa\n|l| partynparadise\n|l| Mouais bof\n||Ladder (probably) updated, but score could not be retrieved (Response not received).\n","uploadtime":1584560750,"views":54,"p1id":"carlyraejesus","p2id":"goraneldraco","formatid":"gen8ou","rating":0,"private":0,"password":null}