{"id":"gen8ou-1675020618","p1":"Elite4Donovan","p2":"alvar03","format":"gen8ou","log":"|j|\u2606Elite4Donovan\n|j|\u2606alvar03\n|t:|1664635927\n|gametype|singles\n|player|p1|Elite4Donovan|lucas|1657\n|player|p2|alvar03|alder|1731\n|teamsize|p1|6\n|teamsize|p2|6\n|gen|8\n|tier|[Gen 8] OU\n|rated|\n|rule|Sleep Clause Mod: Limit one foe put to sleep\n|rule|Species Clause: Limit one of each Pok\u00e9mon\n|rule|OHKO Clause: OHKO moves are banned\n|rule|Evasion Items Clause: Evasion items are banned\n|rule|Evasion Moves Clause: Evasion moves are banned\n|rule|Endless Battle Clause: Forcing endless battles is banned\n|rule|HP Percentage Mod: HP is shown in percentages\n|rule|Dynamax Clause: You cannot dynamax\n|clearpoke\n|poke|p1|Frosmoth, F|\n|poke|p1|Hatterene, F|\n|poke|p1|Corviknight, M|\n|poke|p1|Garchomp, M|\n|poke|p1|Urshifu-*, F|\n|poke|p1|Volcarona, M|\n|poke|p2|Volcanion|\n|poke|p2|Weavile, M|\n|poke|p2|Clefable, F|\n|poke|p2|Ferrothorn, M|\n|poke|p2|Landorus-Therian, M|\n|poke|p2|Volcarona, M|\n|teampreview\n|\n|t:|1664635935\n|start\n|switch|p1a: Frosmoth|Frosmoth, F|100\/100\n|switch|p2a: Volcanion|Volcanion|100\/100\n|turn|1\n|\n|t:|1664635939\n|move|p2a: Volcanion|Flamethrower|p1a: Frosmoth\n|-supereffective|p1a: Frosmoth\n|-damage|p1a: Frosmoth|4\/100\n|move|p1a: Frosmoth|Mirror Coat|p2a: Volcanion\n|-damage|p2a: Volcanion|0 fnt\n|faint|p2a: Volcanion\n|\n|upkeep\n|\n|t:|1664635945\n|switch|p2a: Weavile|Weavile, M|100\/100\n|-ability|p2a: Weavile|Pressure\n|turn|2\n|\n|t:|1664635949\n|switch|p1a: Corviknight|Corviknight, M|100\/100\n|-ability|p1a: Corviknight|Pressure\n|move|p2a: Weavile|Knock Off|p1a: Corviknight\n|-damage|p1a: Corviknight|81\/100\n|\n|upkeep\n|turn|3\n|\n|t:|1664635958\n|switch|p2a: Clefable|Clefable, F|100\/100\n|move|p1a: Corviknight|Thief|p2a: Clefable\n|-resisted|p2a: Clefable\n|-damage|p2a: Clefable|94\/100\n|-enditem|p2a: Clefable|Leftovers|[silent]|[from] move: Thief|[of] p1a: Corviknight\n|-item|p1a: Corviknight|Leftovers|[from] move: Thief|[of] p2a: Clefable\n|\n|-heal|p1a: Corviknight|87\/100|[from] item: Leftovers\n|upkeep\n|turn|4\n|\n|t:|1664635962\n|switch|p1a: Hatterene|Hatterene, F|100\/100\n|move|p2a: Clefable|Stealth Rock|p1a: Hatterene\n|move|p1a: Hatterene|Stealth Rock|p2a: Clefable|[from]ability: Magic Bounce\n|-sidestart|p2: alvar03|move: Stealth Rock\n|\n|upkeep\n|turn|5\n|\n|t:|1664635966\n|move|p2a: Clefable|Moonblast|p1a: Hatterene\n|-damage|p1a: Hatterene|65\/100\n|move|p1a: Hatterene|Calm Mind|p1a: Hatterene\n|-boost|p1a: Hatterene|spa|1\n|-boost|p1a: Hatterene|spd|1\n|\n|-heal|p1a: Hatterene|71\/100|[from] item: Leftovers\n|upkeep\n|turn|6\n|\n|t:|1664635972\n|switch|p2a: Landorus|Landorus-Therian, M|100\/100\n|-damage|p2a: Landorus|88\/100|[from] Stealth Rock\n|-ability|p2a: Landorus|Intimidate|boost\n|-unboost|p1a: Hatterene|atk|1\n|move|p1a: Hatterene|Draining Kiss|p2a: Landorus\n|-damage|p2a: Landorus|43\/100\n|-heal|p1a: Hatterene|100\/100|[from] drain|[of] p2a: Landorus\n|\n|-heal|p2a: Landorus|49\/100|[from] item: Leftovers\n|upkeep\n|turn|7\n|inactive|Battle timer is ON: inactive players will automatically lose when time's up. (requested by alvar03)\n|\n|t:|1664635983\n|move|p2a: Landorus|Earthquake|p1a: Hatterene\n|-damage|p1a: Hatterene|54\/100\n|move|p1a: Hatterene|Psyshock|p2a: Landorus\n|-damage|p2a: Landorus|0 fnt\n|faint|p2a: Landorus\n|\n|-heal|p1a: Hatterene|60\/100|[from] item: Leftovers\n|upkeep\n|-message|alvar03 forfeited.\n|\n|win|Elite4Donovan\n|raw|Elite4Donovan's rating: 1657 &rarr; <strong>1681<\/strong><br \/>(+24 for winning)\n|raw|alvar03's rating: 1731 &rarr; <strong>1707<\/strong><br \/>(-24 for losing)\n|l|\u2606alvar03\n||Ladder isn't responding, score probably updated but might not have (Request timeout).\n","uploadtime":1664635997,"views":32,"p1id":"elite4donovan","p2id":"alvar03","formatid":"gen8ou","rating":1681,"private":0,"password":null}