{"id":"gen8ou-1505436129","p1":"gaenisalbino","p2":"Kyerndo","format":"gen8ou","log":"|j|\u2606gaenisalbino\n|j|\u2606Kyerndo\n|t:|1644152856\n|gametype|singles\n|player|p1|gaenisalbino|blue|1638\n|player|p2|Kyerndo|psychic|1679\n|teamsize|p1|6\n|teamsize|p2|6\n|gen|8\n|tier|[Gen 8] OU\n|rated|\n|rule|Sleep Clause Mod: Limit one foe put to sleep\n|rule|Species Clause: Limit one of each Pok\u00e9mon\n|rule|OHKO Clause: OHKO moves are banned\n|rule|Evasion Moves Clause: Evasion moves are banned\n|rule|Endless Battle Clause: Forcing endless battles is banned\n|rule|HP Percentage Mod: HP is shown in percentages\n|rule|Dynamax Clause: You cannot dynamax\n|clearpoke\n|poke|p1|Buzzwole|\n|poke|p1|Slowbro, M|\n|poke|p1|Nidoking, M|\n|poke|p1|Weavile, M|\n|poke|p1|Blissey, F|\n|poke|p1|Corviknight, M|\n|poke|p2|Crawdaunt, M|\n|poke|p2|Marowak-Alola, M|\n|poke|p2|Dragalge, M|\n|poke|p2|Hatterene, F|\n|poke|p2|Porygon2|\n|poke|p2|Cresselia, F|\n|teampreview\n|inactive|Battle timer is ON: inactive players will automatically lose when time's up. (requested by gaenisalbino)\n|\n|t:|1644152867\n|start\n|switch|p1a: Agent\u2714\ufe0f|Weavile, M|100\/100\n|switch|p2a: Crawdaunt|Crawdaunt, M|100\/100\n|-ability|p1a: Agent\u2714\ufe0f|Pressure\n|turn|1\n|\n|t:|1644152873\n|switch|p1a: Red\u2714\ufe0f|Buzzwole|100\/100\n|move|p2a: Crawdaunt|Knock Off|p1a: Red\u2714\ufe0f\n|-resisted|p1a: Red\u2714\ufe0f\n|-damage|p1a: Red\u2714\ufe0f|69\/100\n|-enditem|p1a: Red\u2714\ufe0f|Heavy-Duty Boots|[from] move: Knock Off|[of] p2a: Crawdaunt\n|-damage|p2a: Crawdaunt|90\/100|[from] item: Life Orb\n|\n|upkeep\n|turn|2\n|\n|t:|1644152879\n|move|p1a: Red\u2714\ufe0f|Roost|p1a: Red\u2714\ufe0f\n|-heal|p1a: Red\u2714\ufe0f|100\/100\n|-singleturn|p1a: Red\u2714\ufe0f|move: Roost\n|move|p2a: Crawdaunt|Crabhammer|p1a: Red\u2714\ufe0f|[miss]\n|-miss|p2a: Crawdaunt|p1a: Red\u2714\ufe0f\n|\n|upkeep\n|turn|3\n|\n|t:|1644152886\n|switch|p2a: Marowak|Marowak-Alola, M|100\/100\n|move|p1a: Red\u2714\ufe0f|Thunder Punch|p2a: Marowak\n|-damage|p2a: Marowak|70\/100\n|\n|upkeep\n|turn|4\n|\n|t:|1644152907\n|move|p1a: Red\u2714\ufe0f|Thunder Punch|p2a: Marowak\n|-damage|p2a: Marowak|42\/100\n|move|p2a: Marowak|Flare Blitz|p1a: Red\u2714\ufe0f\n|-supereffective|p1a: Red\u2714\ufe0f\n|-damage|p1a: Red\u2714\ufe0f|0 fnt\n|faint|p1a: Red\u2714\ufe0f\n|\n|upkeep\n|\n|t:|1644152913\n|switch|p1a: Agent\u2714\ufe0f|Weavile, M|100\/100\n|-ability|p1a: Agent\u2714\ufe0f|Pressure\n|turn|5\n|\n|t:|1644152919\n|switch|p2a: Porygon2|Porygon2|100\/100\n|-ability|p2a: Porygon2|Pressure|[from] ability: Trace|[of] p1a: Agent\u2714\ufe0f\n|-ability|p2a: Porygon2|Pressure\n|move|p1a: Agent\u2714\ufe0f|Knock Off|p2a: Porygon2\n|-damage|p2a: Porygon2|55\/100\n|-enditem|p2a: Porygon2|Eviolite|[from] move: Knock Off|[of] p1a: Agent\u2714\ufe0f\n|\n|upkeep\n|turn|6\n|\n|t:|1644152922\n|move|p1a: Agent\u2714\ufe0f|Knock Off|p2a: Porygon2\n|-damage|p2a: Porygon2|13\/100\n|move|p2a: Porygon2|Trick Room|p2a: Porygon2\n|-fieldstart|move: Trick Room|[of] p2a: Porygon2\n|\n|upkeep\n|turn|7\n|\n|t:|1644152925\n|move|p1a: Agent\u2714\ufe0f|Knock Off|p2a: Porygon2\n|-damage|p2a: Porygon2|0 fnt\n|faint|p2a: Porygon2\n|\n|upkeep\n|j| AlIoutdragadarts\n|\n|t:|1644152940\n|switch|p2a: Crawdaunt|Crawdaunt, M|90\/100\n|turn|8\n|l| AlIoutdragadarts\n|\n|t:|1644152948\n|switch|p1a: ParaFullPara\u2714\ufe0f|Corviknight, M|100\/100\n|-ability|p1a: ParaFullPara\u2714\ufe0f|Pressure\n|move|p2a: Crawdaunt|Knock Off|p1a: ParaFullPara\u2714\ufe0f\n|-damage|p1a: ParaFullPara\u2714\ufe0f|44\/100\n|-enditem|p1a: ParaFullPara\u2714\ufe0f|Shed Shell|[from] move: Knock Off|[of] p2a: Crawdaunt\n|-damage|p2a: Crawdaunt|80\/100|[from] item: Life Orb\n|\n|upkeep\n|turn|9\n|\n|t:|1644152954\n|switch|p1a: Nestle\u2714\ufe0f|Slowbro, M|100\/100\n|move|p2a: Crawdaunt|Knock Off|p1a: Nestle\u2714\ufe0f\n|-supereffective|p1a: Nestle\u2714\ufe0f\n|-damage|p1a: Nestle\u2714\ufe0f|0 fnt\n|-damage|p2a: Crawdaunt|64\/100|[from] item: Rocky Helmet|[of] p1a: Nestle\u2714\ufe0f\n|-enditem|p1a: Nestle\u2714\ufe0f|Rocky Helmet|[from] move: Knock Off|[of] p2a: Crawdaunt\n|faint|p1a: Nestle\u2714\ufe0f\n|-damage|p2a: Crawdaunt|54\/100|[from] item: Life Orb\n|\n|upkeep\n|\n|t:|1644152959\n|switch|p1a: ParaFullPara\u2714\ufe0f|Corviknight, M|44\/100\n|-ability|p1a: ParaFullPara\u2714\ufe0f|Pressure\n|turn|10\n|\n|t:|1644152969\n|move|p1a: ParaFullPara\u2714\ufe0f|U-turn|p2a: Crawdaunt\n|-supereffective|p2a: Crawdaunt\n|-damage|p2a: Crawdaunt|18\/100\n|\n|t:|1644152973\n|switch|p1a: Cheater\u2714\ufe0f|Blissey, F|100\/100|[from]move: U-turn\n|move|p2a: Crawdaunt|Crabhammer|p1a: Cheater\u2714\ufe0f\n|-damage|p1a: Cheater\u2714\ufe0f|14\/100\n|-damage|p2a: Crawdaunt|8\/100|[from] item: Life Orb\n|\n|-fieldend|move: Trick Room\n|upkeep\n|turn|11\n|\n|t:|1644152980\n|switch|p1a: ParaFullPara\u2714\ufe0f|Corviknight, M|44\/100\n|-ability|p1a: ParaFullPara\u2714\ufe0f|Pressure\n|move|p2a: Crawdaunt|Crabhammer|p1a: ParaFullPara\u2714\ufe0f\n|-damage|p1a: ParaFullPara\u2714\ufe0f|0 fnt\n|faint|p1a: ParaFullPara\u2714\ufe0f\n|-damage|p2a: Crawdaunt|0 fnt|[from] item: Life Orb\n|faint|p2a: Crawdaunt\n|\n|upkeep\n|\n|t:|1644152989\n|switch|p2a: Hatterene|Hatterene, F|100\/100\n|switch|p1a: Agent\u2714\ufe0f|Weavile, M|100\/100\n|-ability|p1a: Agent\u2714\ufe0f|Pressure\n|turn|12\n|\n|t:|1644152991\n|move|p1a: Agent\u2714\ufe0f|Triple Axel|p2a: Hatterene\n|-damage|p2a: Hatterene|86\/100\n|-crit|p2a: Hatterene\n|-damage|p2a: Hatterene|44\/100\n|-damage|p2a: Hatterene|6\/100\n|-hitcount|p2a: Hatterene|3\n|move|p2a: Hatterene|Trick Room|p2a: Hatterene\n|-fieldstart|move: Trick Room|[of] p2a: Hatterene\n|\n|upkeep\n|turn|13\n|\n|t:|1644152997\n|switch|p1a: Cheater\u2714\ufe0f|Blissey, F|14\/100\n|move|p2a: Hatterene|Healing Wish|p2a: Hatterene\n|faint|p2a: Hatterene\n|\n|upkeep\n|\n|t:|1644153000\n|switch|p2a: Marowak|Marowak-Alola, M|42\/100\n|-heal|p2a: Marowak|100\/100|[from] move: Healing Wish\n|turn|14\n|\n|t:|1644153002\n|move|p2a: Marowak|Flare Blitz|p1a: Cheater\u2714\ufe0f\n|-damage|p1a: Cheater\u2714\ufe0f|0 fnt\n|faint|p1a: Cheater\u2714\ufe0f\n|\n|upkeep\n|\n|t:|1644153007\n|switch|p1a: Happy Feet\u2714\ufe0f|Nidoking, M|100\/100\n|turn|15\n|\n|t:|1644153009\n|switch|p1a: Agent\u2714\ufe0f|Weavile, M|100\/100\n|-ability|p1a: Agent\u2714\ufe0f|Pressure\n|move|p2a: Marowak|Flare Blitz|p1a: Agent\u2714\ufe0f\n|-supereffective|p1a: Agent\u2714\ufe0f\n|-crit|p1a: Agent\u2714\ufe0f\n|-damage|p1a: Agent\u2714\ufe0f|0 fnt\n|faint|p1a: Agent\u2714\ufe0f\n|\n|upkeep\n|\n|t:|1644153013\n|switch|p1a: Happy Feet\u2714\ufe0f|Nidoking, M|100\/100\n|turn|16\n|c|\u2606Kyerndo|gg\n|\n|t:|1644153020\n|move|p2a: Marowak|Flare Blitz|p1a: Happy Feet\u2714\ufe0f\n|-damage|p1a: Happy Feet\u2714\ufe0f|0 fnt\n|faint|p1a: Happy Feet\u2714\ufe0f\n|\n|win|Kyerndo\n|raw|gaenisalbino's rating: 1638 &rarr; <strong>1620<\/strong><br \/>(-18 for losing)\n|raw|Kyerndo's rating: 1679 &rarr; <strong>1697<\/strong><br \/>(+18 for winning)\n|c|\u2606gaenisalbino|Gg\n|l|\u2606gaenisalbino\n","uploadtime":1644153023,"views":26,"p1id":"gaenisalbino","p2id":"kyerndo","formatid":"gen8ou","rating":1620,"private":0,"password":null}