{"id":"gen8ou-1548404687","p1":"cump6","p2":"WonkySets","format":"gen8ou","log":"|j|\u2606cump6\n|j|\u2606WonkySets\n|t:|1649365092\n|gametype|singles\n|player|p1|cump6|266|1173\n|player|p2|WonkySets|acetrainerf-gen4dp|1218\n|teamsize|p1|6\n|teamsize|p2|6\n|gen|8\n|tier|[Gen 8] OU\n|rated|\n|rule|Sleep Clause Mod: Limit one foe put to sleep\n|rule|Species Clause: Limit one of each Pok\u00e9mon\n|rule|OHKO Clause: OHKO moves are banned\n|rule|Evasion Moves Clause: Evasion moves are banned\n|rule|Endless Battle Clause: Forcing endless battles is banned\n|rule|HP Percentage Mod: HP is shown in percentages\n|rule|Dynamax Clause: You cannot dynamax\n|clearpoke\n|poke|p1|Pelipper, F|\n|poke|p1|Barraskewda, F|\n|poke|p1|Thundurus-Therian, M|\n|poke|p1|Ferrothorn, F|\n|poke|p1|Obstagoon, F|\n|poke|p1|Volcanion|\n|poke|p2|Gardevoir, F|\n|poke|p2|Blacephalon|\n|poke|p2|Zeraora|\n|poke|p2|Cursola, M|\n|poke|p2|Salamence, F|\n|poke|p2|Porygon-Z|\n|teampreview\n|\n|t:|1649365107\n|start\n|switch|p1a: Pelipper|Pelipper, F|100\/100\n|switch|p2a: Zeraora|Zeraora, shiny|100\/100\n|-weather|RainDance|[from] ability: Drizzle|[of] p1a: Pelipper\n|turn|1\n|\n|t:|1649365112\n|switch|p1a: Thundurus|Thundurus-Therian, M|100\/100\n|move|p2a: Zeraora|Knock Off|p1a: Thundurus\n|-damage|p1a: Thundurus|37\/100\n|-enditem|p1a: Thundurus|Heavy-Duty Boots|[from] move: Knock Off|[of] p2a: Zeraora\n|-damage|p2a: Zeraora|91\/100|[from] item: Life Orb\n|\n|-weather|RainDance|[upkeep]\n|upkeep\n|turn|2\n|\n|t:|1649365124\n|move|p2a: Zeraora|Knock Off|p1a: Thundurus\n|-damage|p1a: Thundurus|0 fnt\n|faint|p1a: Thundurus\n|-damage|p2a: Zeraora|81\/100|[from] item: Life Orb\n|\n|-weather|RainDance|[upkeep]\n|upkeep\n|\n|t:|1649365184\n|switch|p1a: Barraskewda|Barraskewda, F|100\/100\n|turn|3\n|\n|t:|1649365204\n|switch|p2a: Salamence|Salamence, F|100\/100\n|-ability|p2a: Salamence|Intimidate|boost\n|-unboost|p1a: Barraskewda|atk|1\n|move|p1a: Barraskewda|Liquidation|p2a: Salamence\n|-resisted|p2a: Salamence\n|-damage|p2a: Salamence|71\/100\n|\n|-weather|RainDance|[upkeep]\n|upkeep\n|turn|4\n|\n|t:|1649365215\n|switch|p1a: Volcanion|Volcanion|100\/100\n|move|p2a: Salamence|Wish|p2a: Salamence\n|\n|-weather|RainDance|[upkeep]\n|upkeep\n|turn|5\n|\n|t:|1649365228\n|move|p1a: Volcanion|Steam Eruption|p2a: Salamence\n|-resisted|p2a: Salamence\n|-damage|p2a: Salamence|1\/100\n|move|p2a: Salamence|Roost|p2a: Salamence\n|-heal|p2a: Salamence|51\/100\n|-singleturn|p2a: Salamence|move: Roost\n|\n|-weather|RainDance|[upkeep]\n|-heal|p2a: Salamence|100\/100|[from] move: Wish|[wisher] Salamence\n|upkeep\n|turn|6\n|\n|t:|1649365238\n|move|p1a: Volcanion|Steam Eruption|p2a: Salamence\n|-resisted|p2a: Salamence\n|-damage|p2a: Salamence|33\/100\n|move|p2a: Salamence|Hurricane|p1a: Volcanion\n|-damage|p1a: Volcanion|49\/100\n|\n|-weather|RainDance|[upkeep]\n|upkeep\n|turn|7\n|\n|t:|1649365248\n|switch|p2a: Gardevoir|Gardevoir, F, shiny|100\/100\n|-ability|p2a: Gardevoir|Water Absorb|[from] ability: Trace|[of] p1a: Volcanion\n|move|p1a: Volcanion|Steam Eruption|p2a: Gardevoir\n|-immune|p2a: Gardevoir|[from] ability: Water Absorb\n|\n|-weather|RainDance|[upkeep]\n|upkeep\n|turn|8\n|\n|t:|1649365261\n|switch|p1a: Ferrothorn|Ferrothorn, F|100\/100\n|move|p2a: Gardevoir|Psychic|p1a: Ferrothorn\n|-resisted|p1a: Ferrothorn\n|-damage|p1a: Ferrothorn|86\/100\n|\n|-weather|none\n|-heal|p1a: Ferrothorn|92\/100|[from] item: Leftovers\n|upkeep\n|turn|9\n|\n|t:|1649365267\n|switch|p2a: Salamence|Salamence, F|33\/100\n|-ability|p2a: Salamence|Intimidate|boost\n|-unboost|p1a: Ferrothorn|atk|1\n|move|p1a: Ferrothorn|Leech Seed|p2a: Salamence\n|-start|p2a: Salamence|move: Leech Seed\n|\n|-heal|p1a: Ferrothorn|99\/100|[from] item: Leftovers\n|-damage|p2a: Salamence|21\/100|[from] Leech Seed|[of] p1a: Ferrothorn\n|-heal|p1a: Ferrothorn|100\/100|[silent]\n|upkeep\n|turn|10\n|\n|t:|1649365272\n|move|p2a: Salamence|Roost|p2a: Salamence\n|-heal|p2a: Salamence|71\/100\n|-singleturn|p2a: Salamence|move: Roost\n|move|p1a: Ferrothorn|Gyro Ball|p2a: Salamence\n|-damage|p2a: Salamence|46\/100\n|\n|-damage|p2a: Salamence|33\/100|[from] Leech Seed|[of] p1a: Ferrothorn\n|upkeep\n|turn|11\n|\n|t:|1649365279\n|move|p2a: Salamence|Roost|p2a: Salamence\n|-heal|p2a: Salamence|83\/100\n|-singleturn|p2a: Salamence|move: Roost\n|move|p1a: Ferrothorn|Stealth Rock|p2a: Salamence\n|-sidestart|p2: WonkySets|move: Stealth Rock\n|\n|-damage|p2a: Salamence|71\/100|[from] Leech Seed|[of] p1a: Ferrothorn\n|upkeep\n|turn|12\n|\n|t:|1649365283\n|switch|p1a: Obstagoon|Obstagoon, F|100\/100\n|move|p2a: Salamence|Defog|p1a: Obstagoon\n|-unboost|p1a: Obstagoon|evasion|1\n|-sideend|p2: WonkySets|Stealth Rock|[from] move: Defog|[of] p2a: Salamence\n|\n|-damage|p2a: Salamence|58\/100|[from] Leech Seed|[of] p1a: Obstagoon\n|-status|p1a: Obstagoon|brn|[from] item: Flame Orb\n|upkeep\n|turn|13\n|\n|t:|1649365291\n|move|p1a: Obstagoon|Knock Off|p2a: Salamence\n|-damage|p2a: Salamence|4\/100\n|-enditem|p2a: Salamence|Heavy-Duty Boots|[from] move: Knock Off|[of] p1a: Obstagoon\n|move|p2a: Salamence|Hurricane|p1a: Obstagoon\n|-damage|p1a: Obstagoon|43\/100 brn\n|-start|p1a: Obstagoon|confusion\n|\n|-damage|p2a: Salamence|0 fnt|[from] Leech Seed|[of] p1a: Obstagoon\n|-heal|p1a: Obstagoon|48\/100 brn|[silent]\n|faint|p2a: Salamence\n|-damage|p1a: Obstagoon|42\/100 brn|[from] brn\n|upkeep\n|\n|t:|1649365308\n|switch|p2a: Gardevoir|Gardevoir, F, shiny|100\/100\n|-ability|p2a: Gardevoir|Guts|[from] ability: Trace|[of] p1a: Obstagoon\n|turn|14\n|\n|t:|1649365315\n|switch|p1a: Pelipper|Pelipper, F|100\/100\n|-weather|RainDance|[from] ability: Drizzle|[of] p1a: Pelipper\n|move|p2a: Gardevoir|Mystical Fire|p1a: Pelipper\n|-resisted|p1a: Pelipper\n|-damage|p1a: Pelipper|92\/100\n|-unboost|p1a: Pelipper|spa|1\n|\n|-weather|RainDance|[upkeep]\n|upkeep\n|turn|15\n|\n|t:|1649365324\n|switch|p2a: Porygon-Z|Porygon-Z|100\/100\n|move|p1a: Pelipper|U-turn|p2a: Porygon-Z\n|-damage|p2a: Porygon-Z|89\/100\n|\n|t:|1649365328\n|switch|p1a: Barraskewda|Barraskewda, F|100\/100|[from]move: U-turn\n|\n|-weather|RainDance|[upkeep]\n|upkeep\n|turn|16\n|\n|t:|1649365333\n|move|p1a: Barraskewda|Liquidation|p2a: Porygon-Z\n|-crit|p2a: Porygon-Z\n|-damage|p2a: Porygon-Z|0 fnt\n|faint|p2a: Porygon-Z\n|\n|-weather|RainDance|[upkeep]\n|upkeep\n|\n|t:|1649365340\n|switch|p2a: Cursola|Cursola, M, shiny|100\/100\n|turn|17\n|\n|t:|1649365346\n|switch|p1a: Obstagoon|Obstagoon, F|42\/100 brn\n|move|p2a: Cursola|Earth Power|p1a: Obstagoon\n|-damage|p1a: Obstagoon|0 fnt\n|faint|p1a: Obstagoon\n|\n|-weather|RainDance|[upkeep]\n|upkeep\n|\n|t:|1649365349\n|switch|p1a: Ferrothorn|Ferrothorn, F|100\/100\n|turn|18\n|\n|t:|1649365355\n|move|p2a: Cursola|Burning Jealousy|p1a: Ferrothorn\n|-supereffective|p1a: Ferrothorn\n|-damage|p1a: Ferrothorn|66\/100\n|move|p1a: Ferrothorn|Knock Off|p2a: Cursola\n|-supereffective|p2a: Cursola\n|-damage|p2a: Cursola|1\/100\n|-ability|p2a: Cursola|Weak Armor|boost\n|-unboost|p2a: Cursola|def|1\n|-boost|p2a: Cursola|spe|2\n|-enditem|p2a: Cursola|Focus Sash|[from] move: Knock Off|[of] p1a: Ferrothorn\n|\n|-weather|RainDance|[upkeep]\n|-heal|p1a: Ferrothorn|73\/100|[from] item: Leftovers\n|upkeep\n|turn|19\n|\n|t:|1649365366\n|move|p2a: Cursola|Burning Jealousy|p1a: Ferrothorn\n|-supereffective|p1a: Ferrothorn\n|-damage|p1a: Ferrothorn|39\/100\n|move|p1a: Ferrothorn|Stealth Rock|p2a: Cursola\n|-sidestart|p2: WonkySets|move: Stealth Rock\n|\n|-weather|RainDance|[upkeep]\n|-heal|p1a: Ferrothorn|45\/100|[from] item: Leftovers\n|upkeep\n|turn|20\n|\n|t:|1649365376\n|switch|p1a: Volcanion|Volcanion|49\/100\n|move|p2a: Cursola|Burning Jealousy|p1a: Volcanion\n|-resisted|p1a: Volcanion\n|-damage|p1a: Volcanion|44\/100\n|\n|-weather|RainDance|[upkeep]\n|upkeep\n|turn|21\n|\n|t:|1649365383\n|move|p2a: Cursola|Earth Power|p1a: Volcanion\n|-supereffective|p1a: Volcanion\n|-damage|p1a: Volcanion|0 fnt\n|faint|p1a: Volcanion\n|\n|-weather|none\n|upkeep\n|\n|t:|1649365386\n|switch|p1a: Pelipper|Pelipper, F|92\/100\n|-weather|RainDance|[from] ability: Drizzle|[of] p1a: Pelipper\n|turn|22\n|\n|t:|1649365397\n|move|p2a: Cursola|Earth Power|p1a: Pelipper\n|-immune|p1a: Pelipper\n|move|p1a: Pelipper|U-turn|p2a: Cursola\n|-resisted|p2a: Cursola\n|-damage|p2a: Cursola|0 fnt\n|faint|p2a: Cursola\n|\n|t:|1649365401\n|switch|p1a: Barraskewda|Barraskewda, F|100\/100|[from]move: U-turn\n|\n|-weather|RainDance|[upkeep]\n|upkeep\n|\n|t:|1649365406\n|switch|p2a: Gardevoir|Gardevoir, F, shiny|100\/100\n|-damage|p2a: Gardevoir|88\/100|[from] Stealth Rock\n|-ability|p2a: Gardevoir|Swift Swim|[from] ability: Trace|[of] p1a: Barraskewda\n|turn|23\n|\n|t:|1649365412\n|move|p2a: Gardevoir|Moonblast|p1a: Barraskewda\n|-damage|p1a: Barraskewda|0 fnt\n|faint|p1a: Barraskewda\n|\n|-weather|RainDance|[upkeep]\n|upkeep\n|-message|cump6 forfeited.\n|\n|win|WonkySets\n|raw|cump6's rating: 1173 &rarr; <strong>1151<\/strong><br \/>(-22 for losing)\n|raw|WonkySets's rating: 1218 &rarr; <strong>1240<\/strong><br \/>(+22 for winning)\n|l|\u2606cump6\n","uploadtime":1649365431,"views":18,"p1id":"cump6","p2id":"wonkysets","formatid":"gen8ou","rating":1151,"private":0,"password":null}