{"id":"gen8ou-1579570262","p1":"chokst du","p2":"tanishq1","format":"gen8ou","log":"|j|\u2606chokst du\n|j|\u2606tanishq1\n|t:|1653120048\n|gametype|singles\n|player|p1|chokst du|266|1851\n|player|p2|tanishq1|170|1750\n|teamsize|p1|6\n|teamsize|p2|6\n|gen|8\n|tier|[Gen 8] OU\n|rated|\n|rule|Sleep Clause Mod: Limit one foe put to sleep\n|rule|Species Clause: Limit one of each Pok\u00e9mon\n|rule|OHKO Clause: OHKO moves are banned\n|rule|Evasion Moves Clause: Evasion moves are banned\n|rule|Endless Battle Clause: Forcing endless battles is banned\n|rule|HP Percentage Mod: HP is shown in percentages\n|rule|Dynamax Clause: You cannot dynamax\n|clearpoke\n|poke|p1|Hippowdon, M|\n|poke|p1|Zapdos-Galar|\n|poke|p1|Weavile, F|\n|poke|p1|Excadrill, F|\n|poke|p1|Skarmory, F|\n|poke|p1|Toxapex, F|\n|poke|p2|Garchomp, M|\n|poke|p2|Ferrothorn, M|\n|poke|p2|Heatran, F|\n|poke|p2|Zapdos|\n|poke|p2|Tapu Fini|\n|poke|p2|Weavile, F|\n|teampreview\n|inactive|Battle timer is ON: inactive players will automatically lose when time's up. (requested by tanishq1)\n|j| vraferfarwefv\n|\n|t:|1653120061\n|start\n|switch|p1a: Toxapex|Toxapex, F|100\/100\n|switch|p2a: Tapu Fini|Tapu Fini|100\/100\n|-fieldstart|move: Misty Terrain|[from] ability: Misty Surge|[of] p2a: Tapu Fini\n|turn|1\n|\n|t:|1653120064\n|move|p2a: Tapu Fini|Whirlpool|p1a: Toxapex\n|-resisted|p1a: Toxapex\n|-damage|p1a: Toxapex|96\/100\n|-activate|p1a: Toxapex|move: Whirlpool|[of] p2a: Tapu Fini\n|move|p1a: Toxapex|Knock Off|p2a: Tapu Fini\n|-resisted|p2a: Tapu Fini\n|-damage|p2a: Tapu Fini|96\/100\n|-enditem|p2a: Tapu Fini|Leftovers|[from] move: Knock Off|[of] p1a: Toxapex\n|\n|-damage|p1a: Toxapex|84\/100|[from] move: Whirlpool|[partiallytrapped]\n|upkeep\n|turn|2\n|\n|t:|1653120068\n|move|p2a: Tapu Fini|Nature's Madness|p1a: Toxapex\n|-damage|p1a: Toxapex|42\/100\n|move|p1a: Toxapex|Toxic Spikes|p2a: Tapu Fini\n|-sidestart|p2: tanishq1|move: Toxic Spikes\n|\n|-damage|p1a: Toxapex|30\/100|[from] move: Whirlpool|[partiallytrapped]\n|upkeep\n|turn|3\n|j| acxc\n|\n|t:|1653120074\n|switch|p1a: Hippowdon|Hippowdon, M|100\/100\n|-weather|Sandstorm|[from] ability: Sand Stream|[of] p1a: Hippowdon\n|move|p2a: Tapu Fini|Taunt|p1a: Hippowdon\n|-start|p1a: Hippowdon|move: Taunt\n|\n|-weather|Sandstorm|[upkeep]\n|-damage|p2a: Tapu Fini|90\/100|[from] Sandstorm\n|upkeep\n|turn|4\n|j| hendrxxxstan\n|\n|t:|1653120078\n|switch|p1a: Toxapex|Toxapex, F|63\/100\n|move|p2a: Tapu Fini|Whirlpool|p1a: Toxapex\n|-resisted|p1a: Toxapex\n|-damage|p1a: Toxapex|59\/100\n|-activate|p1a: Toxapex|move: Whirlpool|[of] p2a: Tapu Fini\n|\n|-weather|Sandstorm|[upkeep]\n|-damage|p2a: Tapu Fini|84\/100|[from] Sandstorm\n|-damage|p1a: Toxapex|52\/100|[from] Sandstorm\n|-damage|p1a: Toxapex|40\/100|[from] move: Whirlpool|[partiallytrapped]\n|upkeep\n|turn|5\n|\n|t:|1653120081\n|move|p2a: Tapu Fini|Whirlpool|p1a: Toxapex\n|-resisted|p1a: Toxapex\n|-damage|p1a: Toxapex|36\/100\n|move|p1a: Toxapex|Recover|p1a: Toxapex\n|-heal|p1a: Toxapex|86\/100\n|\n|-weather|Sandstorm|[upkeep]\n|-damage|p2a: Tapu Fini|78\/100|[from] Sandstorm\n|-damage|p1a: Toxapex|79\/100|[from] Sandstorm\n|-damage|p1a: Toxapex|67\/100|[from] move: Whirlpool|[partiallytrapped]\n|-fieldend|Misty Terrain\n|upkeep\n|turn|6\n|\n|t:|1653120084\n|move|p2a: Tapu Fini|Whirlpool|p1a: Toxapex\n|-resisted|p1a: Toxapex\n|-damage|p1a: Toxapex|63\/100\n|move|p1a: Toxapex|Recover|p1a: Toxapex\n|-heal|p1a: Toxapex|100\/100\n|\n|-weather|Sandstorm|[upkeep]\n|-damage|p2a: Tapu Fini|71\/100|[from] Sandstorm\n|-damage|p1a: Toxapex|94\/100|[from] Sandstorm\n|-damage|p1a: Toxapex|82\/100|[from] move: Whirlpool|[partiallytrapped]\n|upkeep\n|turn|7\n|\n|t:|1653120086\n|move|p2a: Tapu Fini|Nature's Madness|p1a: Toxapex\n|-damage|p1a: Toxapex|41\/100\n|move|p1a: Toxapex|Knock Off|p2a: Tapu Fini\n|-resisted|p2a: Tapu Fini\n|-damage|p2a: Tapu Fini|68\/100\n|\n|-weather|none\n|-damage|p1a: Toxapex|29\/100|[from] move: Whirlpool|[partiallytrapped]\n|upkeep\n|turn|8\n|\n|t:|1653120090\n|move|p2a: Tapu Fini|Whirlpool|p1a: Toxapex\n|-resisted|p1a: Toxapex\n|-damage|p1a: Toxapex|25\/100\n|move|p1a: Toxapex|Recover|p1a: Toxapex\n|-heal|p1a: Toxapex|75\/100\n|\n|-damage|p1a: Toxapex|62\/100|[from] move: Whirlpool|[partiallytrapped]\n|upkeep\n|turn|9\n|j| A1000dick\n|\n|t:|1653120092\n|move|p2a: Tapu Fini|Taunt|p1a: Toxapex\n|-start|p1a: Toxapex|move: Taunt\n|cant|p1a: Toxapex|move: Taunt|Recover\n|\n|-end|p1a: Toxapex|Whirlpool|[partiallytrapped]\n|upkeep\n|turn|10\n|\n|t:|1653120095\n|move|p2a: Tapu Fini|Whirlpool|p1a: Toxapex\n|-resisted|p1a: Toxapex\n|-damage|p1a: Toxapex|58\/100\n|-activate|p1a: Toxapex|move: Whirlpool|[of] p2a: Tapu Fini\n|move|p1a: Toxapex|Knock Off|p2a: Tapu Fini\n|-resisted|p2a: Tapu Fini\n|-damage|p2a: Tapu Fini|65\/100\n|\n|-damage|p1a: Toxapex|46\/100|[from] move: Whirlpool|[partiallytrapped]\n|upkeep\n|turn|11\n|\n|t:|1653120098\n|switch|p1a: Hippowdon|Hippowdon, M|100\/100\n|-weather|Sandstorm|[from] ability: Sand Stream|[of] p1a: Hippowdon\n|move|p2a: Tapu Fini|Nature's Madness|p1a: Hippowdon\n|-damage|p1a: Hippowdon|50\/100\n|\n|-weather|Sandstorm|[upkeep]\n|-damage|p2a: Tapu Fini|59\/100|[from] Sandstorm\n|-heal|p1a: Hippowdon|57\/100|[from] item: Leftovers\n|upkeep\n|turn|12\n|\n|t:|1653120102\n|move|p2a: Tapu Fini|Whirlpool|p1a: Hippowdon\n|-supereffective|p1a: Hippowdon\n|-damage|p1a: Hippowdon|41\/100\n|-activate|p1a: Hippowdon|move: Whirlpool|[of] p2a: Tapu Fini\n|move|p1a: Hippowdon|Slack Off|p1a: Hippowdon\n|-heal|p1a: Hippowdon|91\/100\n|\n|-weather|Sandstorm|[upkeep]\n|-damage|p2a: Tapu Fini|53\/100|[from] Sandstorm\n|-heal|p1a: Hippowdon|97\/100|[from] item: Leftovers\n|-damage|p1a: Hippowdon|85\/100|[from] move: Whirlpool|[partiallytrapped]\n|upkeep\n|turn|13\n|\n|t:|1653120105\n|move|p2a: Tapu Fini|Taunt|p1a: Hippowdon\n|-start|p1a: Hippowdon|move: Taunt\n|move|p1a: Hippowdon|Earthquake|p2a: Tapu Fini\n|-damage|p2a: Tapu Fini|23\/100\n|\n|-weather|Sandstorm|[upkeep]\n|-damage|p2a: Tapu Fini|17\/100|[from] Sandstorm\n|-heal|p1a: Hippowdon|91\/100|[from] item: Leftovers\n|-damage|p1a: Hippowdon|79\/100|[from] move: Whirlpool|[partiallytrapped]\n|upkeep\n|turn|14\n|\n|t:|1653120107\n|move|p2a: Tapu Fini|Moonblast|p1a: Hippowdon\n|-damage|p1a: Hippowdon|59\/100\n|-unboost|p1a: Hippowdon|spa|1\n|move|p1a: Hippowdon|Earthquake|p2a: Tapu Fini\n|-damage|p2a: Tapu Fini|0 fnt\n|faint|p2a: Tapu Fini\n|\n|-weather|Sandstorm|[upkeep]\n|-heal|p1a: Hippowdon|65\/100|[from] item: Leftovers\n|-end|p1a: Hippowdon|Whirlpool|[partiallytrapped]|[silent]\n|upkeep\n|\n|t:|1653120112\n|switch|p2a: Zapdos|Zapdos|100\/100\n|turn|15\n|\n|t:|1653120118\n|switch|p1a: Weavile|Weavile, F|100\/100\n|-ability|p1a: Weavile|Pressure\n|move|p2a: Zapdos|Defog|p1a: Weavile\n|-unboost|p1a: Weavile|evasion|1\n|-sideend|p2: tanishq1|Toxic Spikes|[from] move: Defog|[of] p2a: Zapdos\n|\n|-weather|none\n|upkeep\n|turn|16\n|\n|t:|1653120123\n|switch|p1a: Hippowdon|Hippowdon, M|65\/100\n|-weather|Sandstorm|[from] ability: Sand Stream|[of] p1a: Hippowdon\n|switch|p2a: Ferrothorn|Ferrothorn, M|100\/100\n|\n|-weather|Sandstorm|[upkeep]\n|-heal|p1a: Hippowdon|72\/100|[from] item: Leftovers\n|upkeep\n|turn|17\n|\n|t:|1653120126\n|switch|p2a: Weavile|Weavile, F|100\/100\n|-ability|p2a: Weavile|Pressure\n|move|p1a: Hippowdon|Stealth Rock|p2a: Weavile\n|-sidestart|p2: tanishq1|move: Stealth Rock\n|\n|-weather|Sandstorm|[upkeep]\n|-damage|p2a: Weavile|94\/100|[from] Sandstorm\n|-heal|p1a: Hippowdon|78\/100|[from] item: Leftovers\n|upkeep\n|turn|18\n|\n|t:|1653120129\n|switch|p1a: Skarmory|Skarmory, F|100\/100\n|move|p2a: Weavile|Knock Off|p1a: Skarmory\n|-damage|p1a: Skarmory|62\/100\n|-damage|p2a: Weavile|78\/100|[from] item: Rocky Helmet|[of] p1a: Skarmory\n|-enditem|p1a: Skarmory|Rocky Helmet|[from] move: Knock Off|[of] p2a: Weavile\n|\n|-weather|Sandstorm|[upkeep]\n|-damage|p2a: Weavile|72\/100|[from] Sandstorm\n|upkeep\n|turn|19\n|\n|t:|1653120131\n|switch|p2a: Ferrothorn|Ferrothorn, M|100\/100\n|-damage|p2a: Ferrothorn|94\/100|[from] Stealth Rock\n|move|p1a: Skarmory|Roost|p1a: Skarmory\n|-heal|p1a: Skarmory|100\/100\n|-singleturn|p1a: Skarmory|move: Roost\n|\n|-weather|Sandstorm|[upkeep]\n|upkeep\n|turn|20\n|\n|t:|1653120135\n|switch|p1a: Zapdos|Zapdos-Galar|100\/100\n|move|p2a: Ferrothorn|Spikes|p1a: Zapdos\n|-sidestart|p1: chokst du|Spikes\n|\n|-weather|none\n|upkeep\n|turn|21\n|\n|t:|1653120138\n|switch|p2a: Zapdos|Zapdos|100\/100\n|move|p1a: Zapdos|Close Combat|p2a: Zapdos\n|-resisted|p2a: Zapdos\n|-damage|p2a: Zapdos|46\/100\n|-unboost|p1a: Zapdos|def|1\n|-unboost|p1a: Zapdos|spd|1\n|\n|upkeep\n|turn|22\n|j| Ran Kob\n|\n|t:|1653120146\n|move|p1a: Zapdos|Close Combat|p2a: Zapdos\n|-resisted|p2a: Zapdos\n|-damage|p2a: Zapdos|0 fnt\n|-unboost|p1a: Zapdos|def|1\n|-unboost|p1a: Zapdos|spd|1\n|faint|p2a: Zapdos\n|\n|upkeep\n|\n|t:|1653120149\n|switch|p2a: Garchomp|Garchomp, M|100\/100\n|-damage|p2a: Garchomp|94\/100|[from] Stealth Rock\n|turn|23\n|\n|t:|1653120152\n|switch|p1a: Skarmory|Skarmory, F|100\/100\n|move|p2a: Garchomp|Swords Dance|p2a: Garchomp\n|-boost|p2a: Garchomp|atk|2\n|\n|-heal|p2a: Garchomp|100\/100|[from] item: Leftovers\n|upkeep\n|turn|24\n|\n|t:|1653120154\n|move|p2a: Garchomp|Aqua Tail|p1a: Skarmory\n|-damage|p1a: Skarmory|62\/100\n|move|p1a: Skarmory|Toxic|p2a: Garchomp|[miss]\n|-miss|p1a: Skarmory|p2a: Garchomp\n|\n|upkeep\n|turn|25\n|\n|t:|1653120158\n|move|p2a: Garchomp|Aqua Tail|p1a: Skarmory|[miss]\n|-miss|p2a: Garchomp|p1a: Skarmory\n|move|p1a: Skarmory|Roost|p1a: Skarmory\n|-heal|p1a: Skarmory|100\/100\n|-singleturn|p1a: Skarmory|move: Roost\n|\n|upkeep\n|turn|26\n|\n|t:|1653120162\n|switch|p2a: Heatran|Heatran, F|100\/100\n|-damage|p2a: Heatran|88\/100|[from] Stealth Rock\n|-item|p2a: Heatran|Air Balloon\n|move|p1a: Skarmory|Toxic|p2a: Heatran\n|-immune|p2a: Heatran\n|\n|upkeep\n|turn|27\n|j| 32cows\n|\n|t:|1653120167\n|switch|p1a: Toxapex|Toxapex, F|79\/100\n|-damage|p1a: Toxapex|66\/100|[from] Spikes\n|move|p2a: Heatran|Magma Storm|p1a: Toxapex\n|-resisted|p1a: Toxapex\n|-damage|p1a: Toxapex|45\/100\n|-activate|p1a: Toxapex|move: Magma Storm|[of] p2a: Heatran\n|\n|-damage|p1a: Toxapex|33\/100|[from] move: Magma Storm|[partiallytrapped]\n|upkeep\n|turn|28\n|\n|t:|1653120170\n|switch|p1a: Zapdos|Zapdos-Galar|100\/100\n|move|p2a: Heatran|Magma Storm|p1a: Zapdos\n|-damage|p1a: Zapdos|29\/100\n|-activate|p1a: Zapdos|move: Magma Storm|[of] p2a: Heatran\n|\n|-damage|p1a: Zapdos|16\/100|[from] move: Magma Storm|[partiallytrapped]\n|upkeep\n|turn|29\n|\n|t:|1653120174\n|switch|p2a: Ferrothorn|Ferrothorn, M|94\/100\n|-damage|p2a: Ferrothorn|88\/100|[from] Stealth Rock\n|move|p1a: Zapdos|Close Combat|p2a: Ferrothorn\n|-supereffective|p2a: Ferrothorn\n|-damage|p2a: Ferrothorn|0 fnt\n|-unboost|p1a: Zapdos|def|1\n|-unboost|p1a: Zapdos|spd|1\n|-damage|p1a: Zapdos|4\/100|[from] ability: Iron Barbs|[of] p2a: Ferrothorn\n|-damage|p1a: Zapdos|0 fnt|[from] item: Rocky Helmet|[of] p2a: Ferrothorn\n|faint|p2a: Ferrothorn\n|faint|p1a: Zapdos\n|\n|upkeep\n|\n|t:|1653120184\n|switch|p1a: Skarmory|Skarmory, F|100\/100\n|switch|p2a: Weavile|Weavile, F|72\/100\n|-damage|p2a: Weavile|47\/100|[from] Stealth Rock\n|-ability|p2a: Weavile|Pressure\n|turn|30\n|\n|t:|1653120187\n|move|p2a: Weavile|Triple Axel|p1a: Skarmory\n|-damage|p1a: Skarmory|92\/100\n|-hitcount|p1a: Skarmory|1\n|move|p1a: Skarmory|Body Press|p2a: Weavile\n|-supereffective|p2a: Weavile\n|-damage|p2a: Weavile|0 fnt\n|faint|p2a: Weavile\n|\n|upkeep\n|\n|t:|1653120190\n|switch|p2a: Heatran|Heatran, F|88\/100\n|-damage|p2a: Heatran|76\/100|[from] Stealth Rock\n|-item|p2a: Heatran|Air Balloon\n|turn|31\n|\n|t:|1653120195\n|switch|p1a: Toxapex|Toxapex, F|66\/100\n|-damage|p1a: Toxapex|53\/100|[from] Spikes\n|move|p2a: Heatran|Magma Storm|p1a: Toxapex\n|-resisted|p1a: Toxapex\n|-damage|p1a: Toxapex|33\/100\n|-activate|p1a: Toxapex|move: Magma Storm|[of] p2a: Heatran\n|\n|-damage|p1a: Toxapex|20\/100|[from] move: Magma Storm|[partiallytrapped]\n|upkeep\n|turn|32\n|\n|t:|1653120199\n|move|p2a: Heatran|Earth Power|p1a: Toxapex\n|-supereffective|p1a: Toxapex\n|-damage|p1a: Toxapex|0 fnt\n|faint|p1a: Toxapex\n|\n|upkeep\n|\n|t:|1653120205\n|switch|p1a: Excadrill|Excadrill, F|100\/100\n|-damage|p1a: Excadrill|88\/100|[from] Spikes\n|turn|33\n|\n|t:|1653120212\n|move|p1a: Excadrill|Rapid Spin|p2a: Heatran\n|-resisted|p2a: Heatran\n|-damage|p2a: Heatran|66\/100\n|-boost|p1a: Excadrill|spe|1\n|-enditem|p2a: Heatran|Air Balloon\n|-sideend|p1: chokst du|Spikes|[from] move: Rapid Spin|[of] p1a: Excadrill\n|move|p2a: Heatran|Earth Power|p1a: Excadrill\n|-supereffective|p1a: Excadrill\n|-damage|p1a: Excadrill|0 fnt\n|faint|p1a: Excadrill\n|\n|upkeep\n|\n|t:|1653120214\n|switch|p1a: Hippowdon|Hippowdon, M|78\/100\n|-weather|Sandstorm|[from] ability: Sand Stream|[of] p1a: Hippowdon\n|turn|34\n|\n|t:|1653120216\n|switch|p2a: Garchomp|Garchomp, M|100\/100\n|-damage|p2a: Garchomp|94\/100|[from] Stealth Rock\n|move|p1a: Hippowdon|Earthquake|p2a: Garchomp\n|-damage|p2a: Garchomp|56\/100\n|\n|-weather|Sandstorm|[upkeep]\n|-heal|p2a: Garchomp|62\/100|[from] item: Leftovers\n|-heal|p1a: Hippowdon|84\/100|[from] item: Leftovers\n|upkeep\n|turn|35\n|\n|t:|1653120219\n|switch|p1a: Skarmory|Skarmory, F|92\/100\n|move|p2a: Garchomp|Swords Dance|p2a: Garchomp\n|-boost|p2a: Garchomp|atk|2\n|\n|-weather|Sandstorm|[upkeep]\n|-heal|p2a: Garchomp|68\/100|[from] item: Leftovers\n|upkeep\n|turn|36\n|\n|t:|1653120223\n|switch|p2a: Heatran|Heatran, F|66\/100\n|-damage|p2a: Heatran|53\/100|[from] Stealth Rock\n|move|p1a: Skarmory|Body Press|p2a: Heatran\n|-supereffective|p2a: Heatran\n|-crit|p2a: Heatran\n|-damage|p2a: Heatran|0 fnt\n|faint|p2a: Heatran\n|\n|-weather|Sandstorm|[upkeep]\n|upkeep\n|-message|tanishq1 forfeited.\n|\n|win|chokst du\n|raw|chokst du's rating: 1851 &rarr; <strong>1865<\/strong><br \/>(+14 for winning)\n|raw|tanishq1's rating: 1750 &rarr; <strong>1736<\/strong><br \/>(-14 for losing)\n|l|\u2606tanishq1\n|l| A1000dick\n|l| 32cows\n|l| hendrxxxstan\n|l| acxc\n|l| Ran Kob\n|player|p1|chokst du|266\n","uploadtime":1653122146,"views":95,"p1id":"chokstdu","p2id":"tanishq1","formatid":"gen8ou","rating":1736,"private":0,"password":null}