{"id":"gen8ou-1304668819","p1":"Avarice","p2":"Chickpiee","format":"gen8ou","log":"|j|\u2606Avarice\n|j|\u2606Chickpiee\n|t:|1616164164\n|player|p1|Avarice|phoebe-gen3|\n|player|p2|Chickpiee|caitlin|\n|teamsize|p1|6\n|teamsize|p2|6\n|gametype|singles\n|gen|8\n|tier|[Gen 8] OU\n|rated|Tournament battle\n|clearpoke\n|poke|p1|Mew|\n|poke|p1|Volcarona, F|\n|poke|p1|Dragapult, M|\n|poke|p1|Cloyster, M|\n|poke|p1|Garchomp, M|\n|poke|p1|Bisharp, M|\n|poke|p2|Swampert, M|\n|poke|p2|Abomasnow, M|\n|poke|p2|Corviknight, M|\n|poke|p2|Arctozolt|\n|poke|p2|Zapdos-Galar|\n|poke|p2|Kyurem|\n|rule|Sleep Clause Mod: Limit one foe put to sleep\n|rule|Species Clause: Limit one of each Pok\u00e9mon\n|rule|OHKO Clause: OHKO moves are banned\n|rule|Evasion Moves Clause: Evasion moves are banned\n|rule|Endless Battle Clause: Forcing endless battles is banned\n|rule|HP Percentage Mod: HP is shown in percentages\n|rule|Dynamax Clause: You cannot dynamax\n|teampreview\n|j|*Lady Monita\n|c|\u2606Chickpiee|HF\n|j| o0 \u2310\u25fc_\u25fc 0o 34\n|j| TheLastTemplar\n|j| toxicroaker1\n|j| Pkmonkey\n|inactive|Battle timer is ON: inactive players will automatically lose when time's up. (requested by Avarice)\n|inactive|Chickpiee also wants the timer to be on.\n|j| KJLX\n|l| toxicroaker1\n|j| JLBx\n|j| bl4ze4444\n|j| GeoJumper0001\n|j| dharm.mehta.73\n|j|%Perish Song\n|j| SEYA645_YT\n|inactive|Chickpiee has 120 seconds left.\n|j| Raj 00\n|j| Lazard27\n|j| unluck bender\n|l| Lazard27\n|j| Harshal~08\n|\n|t:|1616164224\n|start\n|switch|p1a: Mew|Mew|100\/100\n|switch|p2a: Kyotaro|Kyurem, shiny|100\/100\n|-ability|p2a: Kyotaro|Pressure\n|turn|1\n|j| rod ketchum\n|j| Serene Grace\n|j| Rahul_3301\n|l| Rahul_3301\n|\n|t:|1616164236\n|move|p1a: Mew|Thunder Wave|p2a: Kyotaro\n|-status|p2a: Kyotaro|par\n|cant|p2a: Kyotaro|par\n|\n|upkeep\n|turn|2\n|\n|t:|1616164248\n|move|p1a: Mew|Stealth Rock|p2a: Kyotaro\n|-sidestart|p2: Chickpiee|move: Stealth Rock\n|move|p2a: Kyotaro|Ice Beam|p1a: Mew\n|-damage|p1a: Mew|31\/100\n|-enditem|p1a: Mew|Red Card|[of] p2a: Kyotaro\n|drag|p2a: Predator|Swampert, M|100\/100\n|-damage|p2a: Predator|95\/100|[from] Stealth Rock\n|\n|upkeep\n|turn|3\n|j| Rahul_3301\n|\n|t:|1616164265\n|move|p1a: Mew|Taunt|p2a: Predator\n|-start|p2a: Predator|move: Taunt\n|move|p2a: Predator|Flip Turn|p1a: Mew\n|-damage|p1a: Mew|0 fnt\n|faint|p1a: Mew\n|l| Rahul_3301\n|c| rod ketchum|goooo\n|\n|t:|1616164280\n|switch|p2a: Roadrunner|Zapdos-Galar|100\/100|[from]move: Flip Turn\n|-damage|p2a: Roadrunner|88\/100|[from] Stealth Rock\n|\n|upkeep\n|\n|t:|1616164293\n|switch|p1a: Garchomp|Garchomp, M|100\/100\n|turn|4\n|l| SEYA645_YT\n|\n|t:|1616164296\n|switch|p2a: Yami|Corviknight, M, shiny|100\/100\n|-damage|p2a: Yami|88\/100|[from] Stealth Rock\n|-ability|p2a: Yami|Pressure\n|move|p1a: Garchomp|Scale Shot|p2a: Yami\n|-resisted|p2a: Yami\n|-damage|p2a: Yami|82\/100\n|-resisted|p2a: Yami\n|-damage|p2a: Yami|74\/100\n|-hitcount|p2a: Yami|2\n|-unboost|p1a: Garchomp|def|1\n|-boost|p1a: Garchomp|spe|1\n|-damage|p1a: Garchomp|91\/100|[from] item: Life Orb\n|\n|upkeep\n|turn|5\n|\n|t:|1616164308\n|switch|p1a: Volcarona|Volcarona, F|100\/100\n|move|p2a: Yami|Defog|p1a: Volcarona\n|-unboost|p1a: Volcarona|evasion|1\n|-sideend|p2: Chickpiee|Stealth Rock|[from] move: Defog|[of] p2a: Yami\n|\n|upkeep\n|turn|6\n|\n|t:|1616164317\n|switch|p2a: Roadrunner|Zapdos-Galar|88\/100\n|move|p1a: Volcarona|Bug Buzz|p2a: Roadrunner\n|-resisted|p2a: Roadrunner\n|-damage|p2a: Roadrunner|75\/100\n|\n|upkeep\n|turn|7\n|l| o0 \u2310\u25fc_\u25fc 0o 34\n|\n|t:|1616164324\n|switch|p1a: Garchomp|Garchomp, M|91\/100\n|move|p2a: Roadrunner|U-turn|p1a: Garchomp\n|-damage|p1a: Garchomp|66\/100\n|-damage|p2a: Roadrunner|62\/100|[from] ability: Rough Skin|[of] p1a: Garchomp\n|\n|t:|1616164328\n|switch|p2a: Izo|Abomasnow, M, shiny|100\/100|[from]move: U-turn\n|-weather|Hail|[from] ability: Snow Warning|[of] p2a: Izo\n|\n|-weather|Hail|[upkeep]\n|-damage|p1a: Garchomp|60\/100|[from] Hail\n|upkeep\n|turn|8\n|j| Lazard27\n|\n|t:|1616164348\n|move|p2a: Izo|Ice Shard|p1a: Garchomp\n|-supereffective|p1a: Garchomp\n|-damage|p1a: Garchomp|0 fnt\n|faint|p1a: Garchomp\n|\n|-weather|Hail|[upkeep]\n|upkeep\n|l| Lazard27\n|\n|t:|1616164353\n|switch|p1a: Bisharp|Bisharp, M|100\/100\n|turn|9\n|j| tgm624\n|l| Raj 00\n|\n|t:|1616164363\n|move|p2a: Izo|Earthquake|p1a: Bisharp\n|-supereffective|p1a: Bisharp\n|-damage|p1a: Bisharp|37\/100\n|move|p1a: Bisharp|Swords Dance|p1a: Bisharp\n|-boost|p1a: Bisharp|atk|2\n|\n|-weather|Hail|[upkeep]\n|-damage|p1a: Bisharp|31\/100|[from] Hail\n|upkeep\n|turn|10\n|\n|t:|1616164391\n|switch|p2a: Kyotaro|Kyurem, shiny|100\/100 par\n|-ability|p2a: Kyotaro|Pressure\n|move|p1a: Bisharp|Iron Head|p2a: Kyotaro\n|-supereffective|p2a: Kyotaro\n|-damage|p2a: Kyotaro|0 fnt\n|-damage|p1a: Bisharp|21\/100|[from] item: Life Orb\n|faint|p2a: Kyotaro\n|\n|-weather|Hail|[upkeep]\n|-damage|p1a: Bisharp|15\/100|[from] Hail\n|upkeep\n|inactive|Chickpiee has 120 seconds left.\n|j| JewelTemptation\n|j| Raj 00\n|\n|t:|1616164408\n|switch|p2a: Destroyer|Arctozolt, shiny|100\/100\n|turn|11\n|\n|t:|1616164410\n|move|p1a: Bisharp|Sucker Punch||[still]\n|-fail|p1a: Bisharp\n|move|p2a: Destroyer|Substitute|p2a: Destroyer\n|-start|p2a: Destroyer|Substitute\n|-damage|p2a: Destroyer|76\/100\n|\n|-weather|Hail|[upkeep]\n|-damage|p1a: Bisharp|9\/100|[from] Hail\n|upkeep\n|turn|12\n|-message|Avarice forfeited.\n|\n|win|Chickpiee\n|n|\u2606Avarice|avarice\n|n|\u2606Chickpiee|chickpiee\n|n|*Lady Monita|ladymonita\n|n| TheLastTemplar|thelasttemplar\n|n| Pkmonkey|pkmonkey\n|n| KJLX|kjlx\n|n| JLBx|jlbx\n|n| bl4ze4444|bl4ze4444\n|n| GeoJumper0001|geojumper0001\n|n| dharm.mehta.73|dharmmehta73\n|n|%Perish Song|perishsong\n|n| unluck bender|unluckbender\n|n| Harshal~08|harshal08\n|n| rod ketchum|rodketchum\n|n| Serene Grace|serenegrace\n|n| tgm624|tgm624\n|n| JewelTemptation|jeweltemptation\n|n| Raj 00|raj00\n|l|\u2606Avarice\n|l|*Lady Monita\n|c|\u2606Chickpiee|gg\n|j| Edfggvc\n|l| Pkmonkey\n|l|%Perish Song\n|l| Raj 00\n|l| Harshal~08\n|l| JewelTemptation\n|l| dharm.mehta.73\n","uploadtime":1616164416,"views":346,"p1id":"avarice","p2id":"chickpiee","formatid":"gen8ou","rating":0,"private":0,"password":null}