{"id":"gen8ou-1690376060","p1":"Surko on Youtube","p2":"Colonel Rivai","format":"gen8ou","log":"|html|<div class=\"broadcast-blue\"><strong>[Gen 8] OU is currently suspecting Melmetal! For information on how to participate check out the <a href=\"https:\/\/www.smogon.com\/forums\/threads\/np-ss-ou-suspect-process-round-12-monster-mash.3709234\/\">suspect thread<\/a>.<\/strong><\/div>\n|j|\u2606Surko on Youtube\n|j|\u2606Colonel Rivai\n|t:|1666271502\n|gametype|singles\n|player|p1|Surko on Youtube|101|1576\n|player|p2|Colonel Rivai|170|1752\n|teamsize|p1|6\n|teamsize|p2|6\n|gen|8\n|tier|[Gen 8] OU\n|rated|\n|rule|Sleep Clause Mod: Limit one foe put to sleep\n|rule|Species Clause: Limit one of each Pok\u00e9mon\n|rule|OHKO Clause: OHKO moves are banned\n|rule|Evasion Items Clause: Evasion items are banned\n|rule|Evasion Moves Clause: Evasion moves are banned\n|rule|Endless Battle Clause: Forcing endless battles is banned\n|rule|HP Percentage Mod: HP is shown in percentages\n|rule|Dynamax Clause: You cannot dynamax\n|clearpoke\n|poke|p1|Zeraora|\n|poke|p1|Garchomp, M|\n|poke|p1|Zapdos|\n|poke|p1|Blacephalon|\n|poke|p1|Tyranitar, F|\n|poke|p1|Buzzwole|\n|poke|p2|Hydreigon, M|\n|poke|p2|Kartana|\n|poke|p2|Blacephalon|\n|poke|p2|Landorus-Therian, M|\n|poke|p2|Melmetal|\n|poke|p2|Toxapex, F|\n|teampreview\n|inactive|Battle timer is ON: inactive players will automatically lose when time's up. (requested by Colonel Rivai)\n|inactive|Surko on Youtube has 120 seconds left.\n|\n|t:|1666271548\n|start\n|switch|p1a: Zapdos|Zapdos|100\/100\n|switch|p2a: Hydreigon|Hydreigon, M|100\/100\n|turn|1\n|\n|t:|1666271568\n|switch|p1a: Tyranitar|Tyranitar, F|100\/100\n|-weather|Sandstorm|[from] ability: Sand Stream|[of] p1a: Tyranitar\n|move|p2a: Hydreigon|Beat Up|p1a: Tyranitar\n|-resisted|p1a: Tyranitar\n|-damage|p1a: Tyranitar|96\/100\n|-resisted|p1a: Tyranitar\n|-damage|p1a: Tyranitar|88\/100\n|-resisted|p1a: Tyranitar\n|-damage|p1a: Tyranitar|84\/100\n|-resisted|p1a: Tyranitar\n|-damage|p1a: Tyranitar|79\/100\n|-resisted|p1a: Tyranitar\n|-damage|p1a: Tyranitar|73\/100\n|-resisted|p1a: Tyranitar\n|-damage|p1a: Tyranitar|70\/100\n|-hitcount|p1a: Tyranitar|6\n|\n|-weather|Sandstorm|[upkeep]\n|-damage|p2a: Hydreigon|94\/100|[from] Sandstorm\n|-heal|p1a: Tyranitar|76\/100|[from] item: Leftovers\n|upkeep\n|turn|2\n|\n|t:|1666271587\n|switch|p2a: Landorus|Landorus-Therian, M|100\/100\n|-ability|p2a: Landorus|Intimidate|boost\n|-unboost|p1a: Tyranitar|atk|1\n|switch|p1a: Zapdos|Zapdos|100\/100\n|\n|-weather|Sandstorm|[upkeep]\n|-damage|p1a: Zapdos|94\/100|[from] Sandstorm\n|upkeep\n|turn|3\n|\n|t:|1666271592\n|move|p1a: Zapdos|Hurricane|p2a: Landorus|[miss]\n|-miss|p1a: Zapdos|p2a: Landorus\n|move|p2a: Landorus|Stealth Rock|p1a: Zapdos\n|-sidestart|p1: Surko on Youtube|move: Stealth Rock\n|\n|-weather|Sandstorm|[upkeep]\n|-damage|p1a: Zapdos|88\/100|[from] Sandstorm\n|upkeep\n|turn|4\n|\n|t:|1666271595\n|switch|p2a: Hydreigon|Hydreigon, M|94\/100\n|move|p1a: Zapdos|Defog|p2a: Hydreigon\n|-unboost|p2a: Hydreigon|evasion|1\n|-sideend|p1: Surko on Youtube|Stealth Rock|[from] move: Defog|[of] p1a: Zapdos\n|\n|-weather|Sandstorm|[upkeep]\n|-damage|p2a: Hydreigon|88\/100|[from] Sandstorm\n|-damage|p1a: Zapdos|82\/100|[from] Sandstorm\n|upkeep\n|turn|5\n|\n|t:|1666271598\n|move|p2a: Hydreigon|Beat Up|p1a: Zapdos\n|-damage|p1a: Zapdos|72\/100\n|-damage|p1a: Zapdos|56\/100\n|-damage|p1a: Zapdos|46\/100\n|-damage|p1a: Zapdos|33\/100\n|-damage|p1a: Zapdos|20\/100\n|-damage|p1a: Zapdos|12\/100\n|-hitcount|p1a: Zapdos|6\n|move|p1a: Zapdos|Hurricane|p2a: Hydreigon\n|-damage|p2a: Hydreigon|21\/100\n|\n|-weather|none\n|upkeep\n|turn|6\n|\n|t:|1666271612\n|switch|p2a: Kartana|Kartana|100\/100\n|move|p1a: Zapdos|Roost|p1a: Zapdos\n|-heal|p1a: Zapdos|62\/100\n|-singleturn|p1a: Zapdos|move: Roost\n|\n|upkeep\n|turn|7\n|\n|t:|1666271615\n|move|p2a: Kartana|Knock Off|p1a: Zapdos\n|-damage|p1a: Zapdos|1\/100\n|-status|p2a: Kartana|par|[from] ability: Static|[of] p1a: Zapdos\n|-enditem|p1a: Zapdos|Heavy-Duty Boots|[from] move: Knock Off|[of] p2a: Kartana\n|move|p1a: Zapdos|Roost|p1a: Zapdos\n|-heal|p1a: Zapdos|51\/100\n|-singleturn|p1a: Zapdos|move: Roost\n|\n|upkeep\n|turn|8\n|\n|t:|1666271622\n|switch|p2a: Toxapex|Toxapex, F|100\/100\n|move|p1a: Zapdos|Roost|p1a: Zapdos\n|-heal|p1a: Zapdos|100\/100\n|-singleturn|p1a: Zapdos|move: Roost\n|\n|upkeep\n|turn|9\n|\n|t:|1666271625\n|move|p1a: Zapdos|Volt Switch|p2a: Toxapex\n|-supereffective|p2a: Toxapex\n|-damage|p2a: Toxapex|43\/100\n|\n|t:|1666271629\n|switch|p1a: Zeraora|Zeraora|100\/100|[from]move: Volt Switch\n|move|p2a: Toxapex|Toxic|p1a: Zeraora\n|-status|p1a: Zeraora|tox\n|\n|-damage|p1a: Zeraora|95\/100 tox|[from] psn\n|upkeep\n|turn|10\n|\n|t:|1666271632\n|switch|p2a: Landorus|Landorus-Therian, M|100\/100\n|-ability|p2a: Landorus|Intimidate|boost\n|-unboost|p1a: Zeraora|atk|1\n|move|p1a: Zeraora|Knock Off|p2a: Landorus\n|-damage|p2a: Landorus|80\/100\n|-enditem|p2a: Landorus|Leftovers|[from] move: Knock Off|[of] p1a: Zeraora\n|\n|-damage|p1a: Zeraora|83\/100 tox|[from] psn\n|upkeep\n|turn|11\n|\n|t:|1666271636\n|switch|p1a: Zapdos|Zapdos|100\/100\n|move|p2a: Landorus|U-turn|p1a: Zapdos\n|-resisted|p1a: Zapdos\n|-damage|p1a: Zapdos|90\/100\n|\n|t:|1666271640\n|switch|p2a: Hydreigon|Hydreigon, M|21\/100|[from]move: U-turn\n|\n|upkeep\n|turn|12\n|\n|t:|1666271645\n|move|p2a: Hydreigon|Beat Up|p1a: Zapdos\n|-damage|p1a: Zapdos|81\/100\n|-crit|p1a: Zapdos\n|-damage|p1a: Zapdos|61\/100\n|-damage|p1a: Zapdos|49\/100\n|-damage|p1a: Zapdos|42\/100\n|-damage|p1a: Zapdos|29\/100\n|-hitcount|p1a: Zapdos|5\n|move|p1a: Zapdos|Volt Switch|p2a: Hydreigon\n|-resisted|p2a: Hydreigon\n|-damage|p2a: Hydreigon|1\/100\n|\n|t:|1666271653\n|switch|p1a: Blacephalon|Blacephalon|100\/100|[from]move: Volt Switch\n|\n|upkeep\n|turn|13\n|\n|t:|1666271659\n|switch|p2a: Blacephalon|Blacephalon|100\/100\n|move|p1a: Blacephalon|Shadow Ball|p2a: Blacephalon\n|-supereffective|p2a: Blacephalon\n|-damage|p2a: Blacephalon|0 fnt\n|faint|p2a: Blacephalon\n|-ability|p1a: Blacephalon|Beast Boost|boost\n|-boost|p1a: Blacephalon|spa|1\n|\n|upkeep\n|\n|t:|1666271661\n|switch|p2a: Melmetal|Melmetal|100\/100\n|turn|14\n|\n|t:|1666271664\n|switch|p1a: Buzzwole|Buzzwole|100\/100\n|move|p2a: Melmetal|Double Iron Bash|p1a: Buzzwole\n|-damage|p1a: Buzzwole|80\/100\n|-damage|p2a: Melmetal|84\/100|[from] item: Rocky Helmet|[of] p1a: Buzzwole\n|-damage|p1a: Buzzwole|56\/100\n|-damage|p2a: Melmetal|67\/100|[from] item: Rocky Helmet|[of] p1a: Buzzwole\n|-hitcount|p1a: Buzzwole|2\n|\n|upkeep\n|turn|15\n|\n|t:|1666271666\n|switch|p2a: Landorus|Landorus-Therian, M|80\/100\n|-ability|p2a: Landorus|Intimidate|boost\n|-unboost|p1a: Buzzwole|atk|1\n|move|p1a: Buzzwole|Roost|p1a: Buzzwole\n|-heal|p1a: Buzzwole|100\/100\n|-singleturn|p1a: Buzzwole|move: Roost\n|\n|upkeep\n|turn|16\n|\n|t:|1666271668\n|move|p1a: Buzzwole|Ice Punch|p2a: Landorus\n|-supereffective|p2a: Landorus\n|-damage|p2a: Landorus|20\/100\n|move|p2a: Landorus|Stealth Rock|p1a: Buzzwole\n|-sidestart|p1: Surko on Youtube|move: Stealth Rock\n|\n|upkeep\n|turn|17\n|\n|t:|1666271674\n|switch|p1a: Zapdos|Zapdos|29\/100\n|-damage|p1a: Zapdos|4\/100|[from] Stealth Rock\n|switch|p2a: Toxapex|Toxapex, F|76\/100\n|\n|upkeep\n|turn|18\n|\n|t:|1666271679\n|move|p1a: Zapdos|Defog|p2a: Toxapex\n|-unboost|p2a: Toxapex|evasion|1\n|-sideend|p1: Surko on Youtube|Stealth Rock|[from] move: Defog|[of] p1a: Zapdos\n|move|p2a: Toxapex|Toxic|p1a: Zapdos\n|-status|p1a: Zapdos|tox\n|\n|-damage|p1a: Zapdos|0 fnt|[from] psn\n|faint|p1a: Zapdos\n|upkeep\n|\n|t:|1666271683\n|switch|p1a: Garchomp|Garchomp, M|100\/100\n|turn|19\n|\n|t:|1666271686\n|switch|p2a: Landorus|Landorus-Therian, M|20\/100\n|-ability|p2a: Landorus|Intimidate|boost\n|-unboost|p1a: Garchomp|atk|1\n|move|p1a: Garchomp|Swords Dance|p1a: Garchomp\n|-boost|p1a: Garchomp|atk|2\n|\n|upkeep\n|turn|20\n|\n|t:|1666271691\n|switch|p2a: Melmetal|Melmetal|67\/100\n|move|p1a: Garchomp|Scale Shot|p2a: Melmetal\n|-resisted|p2a: Melmetal\n|-damage|p2a: Melmetal|62\/100\n|-resisted|p2a: Melmetal\n|-damage|p2a: Melmetal|56\/100\n|-resisted|p2a: Melmetal\n|-damage|p2a: Melmetal|50\/100\n|-resisted|p2a: Melmetal\n|-crit|p2a: Melmetal\n|-damage|p2a: Melmetal|42\/100\n|-hitcount|p2a: Melmetal|4\n|-unboost|p1a: Garchomp|def|1\n|-boost|p1a: Garchomp|spe|1\n|\n|upkeep\n|turn|21\n|\n|t:|1666271702\n|switch|p2a: Landorus|Landorus-Therian, M|20\/100\n|-ability|p2a: Landorus|Intimidate|boost\n|-unboost|p1a: Garchomp|atk|1\n|move|p1a: Garchomp|Fire Fang|p2a: Landorus\n|-damage|p2a: Landorus|0 fnt\n|faint|p2a: Landorus\n|\n|upkeep\n|\n|t:|1666271707\n|switch|p2a: Toxapex|Toxapex, F|100\/100\n|turn|22\n|\n|t:|1666271710\n|move|p1a: Garchomp|Swords Dance|p1a: Garchomp\n|-boost|p1a: Garchomp|atk|2\n|move|p2a: Toxapex|Toxic|p1a: Garchomp\n|-status|p1a: Garchomp|tox\n|-enditem|p1a: Garchomp|Lum Berry|[eat]\n|-curestatus|p1a: Garchomp|tox|[msg]\n|\n|upkeep\n|turn|23\n|-message|Colonel Rivai forfeited.\n|\n|win|Surko on Youtube\n|raw|Surko on Youtube's rating: 1601 &rarr; <strong>1629<\/strong><br \/>(+28 for winning)\n|raw|Colonel Rivai's rating: 1752 &rarr; <strong>1724<\/strong><br \/>(-28 for losing)\n|l|\u2606Colonel Rivai\n","uploadtime":1666271727,"views":18,"p1id":"surkoonyoutube","p2id":"colonelrivai","formatid":"gen8ou","rating":1629,"private":0,"password":null}