{"id":"gen8ou-1706548100","p1":"hikari-miyako","p2":"Ferrothornail\u8349\u94a2\u7532","format":"gen8ou","log":"|j|\u2606hikari-miyako\n|j|\u2606Ferrothornail\u8349\u94a2\u7532\n|t:|1668003161\n|gametype|singles\n|player|p1|hikari-miyako|cynthia|1698\n|player|p2|Ferrothornail\u8349\u94a2\u7532|lillie|1684\n|teamsize|p1|6\n|teamsize|p2|6\n|gen|8\n|tier|[Gen 8] OU\n|rated|\n|rule|Sleep Clause Mod: Limit one foe put to sleep\n|rule|Species Clause: Limit one of each Pok\u00e9mon\n|rule|OHKO Clause: OHKO moves are banned\n|rule|Evasion Items Clause: Evasion items are banned\n|rule|Evasion Moves Clause: Evasion moves are banned\n|rule|Endless Battle Clause: Forcing endless battles is banned\n|rule|HP Percentage Mod: HP is shown in percentages\n|rule|Dynamax Clause: You cannot dynamax\n|clearpoke\n|poke|p1|Aegislash, F|\n|poke|p1|Bisharp, M|\n|poke|p1|Dragapult, F|\n|poke|p1|Kartana|\n|poke|p1|Thundurus, M|\n|poke|p1|Latios, M|\n|poke|p2|Hatterene, F|\n|poke|p2|Porygon2|\n|poke|p2|Cresselia, F|\n|poke|p2|Marowak-Alola, F|\n|poke|p2|Crawdaunt, F|\n|poke|p2|Melmetal|\n|teampreview\n|inactive|Battle timer is ON: inactive players will automatically lose when time's up. (requested by hikari-miyako)\n|\n|t:|1668003171\n|start\n|switch|p1a: Bisharp|Bisharp, M|100\/100\n|switch|p2a: Hatterene|Hatterene, F|100\/100\n|turn|1\n|\n|t:|1668003176\n|move|p1a: Bisharp|Iron Head|p2a: Hatterene\n|-supereffective|p2a: Hatterene\n|-damage|p2a: Hatterene|15\/100\n|move|p2a: Hatterene|Trick Room|p2a: Hatterene\n|-fieldstart|move: Trick Room|[of] p2a: Hatterene\n|\n|upkeep\n|turn|2\n|\n|t:|1668003180\n|move|p1a: Bisharp|Sucker Punch||[still]\n|-fail|p1a: Bisharp\n|move|p2a: Hatterene|Healing Wish|p2a: Hatterene\n|faint|p2a: Hatterene\n|\n|upkeep\n|\n|t:|1668003182\n|switch|p2a: Crawdaunt|Crawdaunt, F|100\/100\n|turn|3\n|\n|t:|1668003184\n|move|p2a: Crawdaunt|Swords Dance|p2a: Crawdaunt\n|-boost|p2a: Crawdaunt|atk|2\n|move|p1a: Bisharp|Stealth Rock|p2a: Crawdaunt\n|-sidestart|p2: Ferrothornail\u8349\u94a2\u7532|move: Stealth Rock\n|\n|upkeep\n|turn|4\n|\n|t:|1668003186\n|move|p2a: Crawdaunt|Knock Off|p1a: Bisharp\n|-resisted|p1a: Bisharp\n|-enditem|p1a: Bisharp|Focus Sash\n|-damage|p1a: Bisharp|1\/100\n|-damage|p2a: Crawdaunt|90\/100|[from] item: Life Orb\n|move|p1a: Bisharp|Knock Off|p2a: Crawdaunt\n|-resisted|p2a: Crawdaunt\n|-damage|p2a: Crawdaunt|60\/100\n|-enditem|p2a: Crawdaunt|Life Orb|[from] move: Knock Off|[of] p1a: Bisharp\n|\n|upkeep\n|turn|5\n|\n|t:|1668003194\n|switch|p1a: Kartana|Kartana|100\/100\n|move|p2a: Crawdaunt|Swords Dance|p2a: Crawdaunt\n|-boost|p2a: Crawdaunt|atk|2\n|\n|-fieldend|move: Trick Room\n|upkeep\n|turn|6\n|\n|t:|1668003199\n|switch|p2a: Melmetal|Melmetal|100\/100\n|-damage|p2a: Melmetal|94\/100|[from] Stealth Rock\n|move|p1a: Kartana|Leaf Blade|p2a: Melmetal\n|-resisted|p2a: Melmetal\n|-damage|p2a: Melmetal|80\/100\n|\n|upkeep\n|turn|7\n|\n|t:|1668003203\n|switch|p1a: Bisharp|Bisharp, M|1\/100\n|move|p2a: Melmetal|Double Iron Bash|p1a: Bisharp\n|-resisted|p1a: Bisharp\n|-damage|p1a: Bisharp|0 fnt\n|faint|p1a: Bisharp\n|-hitcount|p1: Bisharp|1\n|\n|upkeep\n|\n|t:|1668003204\n|switch|p1a: Thundurus|Thundurus, M|100\/100\n|turn|8\n|\n|t:|1668003207\n|switch|p2a: Porygon2|Porygon2|100\/100\n|-damage|p2a: Porygon2|88\/100|[from] Stealth Rock\n|-ability|p2a: Porygon2|Download|boost\n|-boost|p2a: Porygon2|atk|1\n|move|p1a: Thundurus|Thunderbolt|p2a: Porygon2\n|-damage|p2a: Porygon2|63\/100\n|-damage|p1a: Thundurus|91\/100|[from] item: Life Orb\n|\n|upkeep\n|turn|9\n|\n|t:|1668003209\n|move|p1a: Thundurus|Thunder Wave|p2a: Porygon2\n|-status|p2a: Porygon2|par\n|cant|p2a: Porygon2|par\n|\n|upkeep\n|turn|10\n|\n|t:|1668003211\n|move|p1a: Thundurus|Thunderbolt|p2a: Porygon2\n|-damage|p2a: Porygon2|33\/100 par\n|-damage|p1a: Thundurus|81\/100|[from] item: Life Orb\n|move|p2a: Porygon2|Trick Room|p2a: Porygon2\n|-fieldstart|move: Trick Room|[of] p2a: Porygon2\n|\n|upkeep\n|turn|11\n|\n|t:|1668003214\n|switch|p2a: Crawdaunt|Crawdaunt, F|60\/100\n|-heal|p2a: Crawdaunt|100\/100|[from] move: Healing Wish\n|-damage|p2a: Crawdaunt|88\/100|[from] Stealth Rock\n|move|p1a: Thundurus|Thunderbolt|p2a: Crawdaunt\n|-supereffective|p2a: Crawdaunt\n|-damage|p2a: Crawdaunt|0 fnt\n|faint|p2a: Crawdaunt\n|-damage|p1a: Thundurus|71\/100|[from] item: Life Orb\n|\n|upkeep\n|\n|t:|1668003217\n|switch|p2a: Marowak|Marowak-Alola, F|100\/100\n|-damage|p2a: Marowak|76\/100|[from] Stealth Rock\n|turn|12\n|\n|t:|1668003221\n|move|p1a: Thundurus|Thunder Wave|p2a: Marowak\n|-status|p2a: Marowak|par\n|move|p2a: Marowak|Flare Blitz|p1a: Thundurus\n|-damage|p1a: Thundurus|0 fnt\n|faint|p1a: Thundurus\n|\n|upkeep\n|\n|t:|1668003225\n|switch|p1a: Aegislash|Aegislash, F|100\/100\n|turn|13\n|\n|t:|1668003227\n|move|p1a: Aegislash|King's Shield|p1a: Aegislash\n|-singleturn|p1a: Aegislash|Protect\n|move|p2a: Marowak|Poltergeist|p1a: Aegislash\n|-activate|p1a: Aegislash|move: Protect\n|\n|upkeep\n|turn|14\n|\n|t:|1668003233\n|switch|p1a: Dragapult|Dragapult, F|100\/100\n|cant|p2a: Marowak|par\n|\n|-fieldend|move: Trick Room\n|upkeep\n|turn|15\n|\n|t:|1668003236\n|switch|p2a: Porygon2|Porygon2|33\/100 par\n|-damage|p2a: Porygon2|21\/100 par|[from] Stealth Rock\n|-ability|p2a: Porygon2|Download|boost\n|-boost|p2a: Porygon2|atk|1\n|move|p1a: Dragapult|Dragon Darts|p2a: Porygon2\n|-crit|p2a: Porygon2\n|-damage|p2a: Porygon2|0 fnt\n|faint|p2a: Porygon2\n|-damage|p1a: Dragapult|91\/100|[from] item: Life Orb\n|\n|upkeep\n|\n|t:|1668003238\n|switch|p2a: Cresselia|Cresselia, F|100\/100\n|-damage|p2a: Cresselia|88\/100|[from] Stealth Rock\n|turn|16\n|\n|t:|1668003240\n|move|p1a: Dragapult|Dragon Darts|p2a: Cresselia\n|-damage|p2a: Cresselia|72\/100\n|-anim|p1a: Dragapult|Dragon Darts|p2a: Cresselia\n|-damage|p2a: Cresselia|55\/100\n|-damage|p1a: Dragapult|81\/100|[from] item: Life Orb\n|move|p2a: Cresselia|Trick Room|p2a: Cresselia\n|-fieldstart|move: Trick Room|[of] p2a: Cresselia\n|\n|upkeep\n|turn|17\n|\n|t:|1668003244\n|switch|p2a: Melmetal|Melmetal|80\/100\n|-damage|p2a: Melmetal|73\/100|[from] Stealth Rock\n|move|p1a: Dragapult|Dragon Darts|p2a: Melmetal\n|-resisted|p2a: Melmetal\n|-damage|p2a: Melmetal|65\/100\n|-anim|p1a: Dragapult|Dragon Darts|p2a: Melmetal\n|-resisted|p2a: Melmetal\n|-damage|p2a: Melmetal|57\/100\n|-damage|p1a: Dragapult|71\/100|[from] item: Life Orb\n|\n|upkeep\n|turn|18\n|\n|t:|1668003247\n|move|p1a: Dragapult|Sucker Punch|p2a: Melmetal\n|-crit|p2a: Melmetal\n|-damage|p2a: Melmetal|34\/100\n|-damage|p1a: Dragapult|61\/100|[from] item: Life Orb\n|move|p2a: Melmetal|Double Iron Bash|p1a: Dragapult\n|-damage|p1a: Dragapult|0 fnt\n|faint|p1a: Dragapult\n|-hitcount|p1: Dragapult|1\n|\n|upkeep\n|\n|t:|1668003251\n|switch|p1a: Latios|Latios, M|100\/100\n|turn|19\n|\n|t:|1668003252\n|move|p2a: Melmetal|Double Iron Bash|p1a: Latios\n|-damage|p1a: Latios|14\/100\n|-damage|p1a: Latios|0 fnt\n|faint|p1a: Latios\n|-hitcount|p1: Latios|2\n|\n|upkeep\n|\n|t:|1668003255\n|switch|p1a: Aegislash|Aegislash, F|100\/100\n|turn|20\n|\n|t:|1668003257\n|switch|p2a: Cresselia|Cresselia, F|55\/100\n|-damage|p2a: Cresselia|43\/100|[from] Stealth Rock\n|move|p1a: Aegislash|King's Shield||[still]\n|-fail|p1a: Aegislash\n|\n|-fieldend|move: Trick Room\n|upkeep\n|turn|21\n|\n|t:|1668003259\n|move|p2a: Cresselia|Moonlight|p2a: Cresselia\n|-heal|p2a: Cresselia|93\/100\n|-formechange|p1a: Aegislash|Aegislash-Blade||[from] ability: Stance Change\n|move|p1a: Aegislash|Shadow Ball|p2a: Cresselia\n|-supereffective|p2a: Cresselia\n|-damage|p2a: Cresselia|35\/100\n|\n|upkeep\n|turn|22\n|\n|t:|1668003267\n|move|p2a: Cresselia|Lunar Dance|p2a: Cresselia\n|faint|p2a: Cresselia\n|move|p1a: Aegislash|Shadow Ball|p2: Cresselia|[notarget]\n|-fail|p1a: Aegislash\n|\n|upkeep\n|\n|t:|1668003269\n|switch|p2a: Melmetal|Melmetal|34\/100\n|-heal|p2a: Melmetal|100\/100|[from] move: Lunar Dance\n|-damage|p2a: Melmetal|94\/100|[from] Stealth Rock\n|turn|23\n|l|\u2606hikari-miyako\n|inactive|hikari-miyako disconnected and has a minute to reconnect!\n|player|p1|\n|\n|t:|1668003291\n|-formechange|p1a: Aegislash|Aegislash||[from] ability: Stance Change\n|move|p1a: Aegislash|King's Shield|p1a: Aegislash\n|-singleturn|p1a: Aegislash|Protect\n|move|p2a: Melmetal|Double Iron Bash|p1a: Aegislash\n|-activate|p1a: Aegislash|move: Protect\n|-unboost|p2a: Melmetal|atk|1\n|\n|upkeep\n|turn|24\n|j|\u2606hikari-miyako\n|inactive|hikari-miyako reconnected and has 150 seconds left.\n|player|p1|hikari-miyako|cynthia\n|\n|t:|1668003297\n|-formechange|p1a: Aegislash|Aegislash-Blade||[from] ability: Stance Change\n|move|p1a: Aegislash|Shadow Ball|p2a: Melmetal\n|-damage|p2a: Melmetal|49\/100\n|move|p2a: Melmetal|Double Iron Bash|p1a: Aegislash\n|-resisted|p1a: Aegislash\n|-damage|p1a: Aegislash|61\/100\n|-resisted|p1a: Aegislash\n|-crit|p1a: Aegislash\n|-damage|p1a: Aegislash|0 fnt\n|faint|p1a: Aegislash\n|-hitcount|p1: Aegislash|2\n|\n|upkeep\n|\n|t:|1668003299\n|switch|p1a: Kartana|Kartana|100\/100\n|turn|25\n|\n|t:|1668003306\n|switch|p2a: Marowak|Marowak-Alola, F|76\/100 par\n|-damage|p2a: Marowak|51\/100 par|[from] Stealth Rock\n|move|p1a: Kartana|Knock Off|p2a: Marowak\n|-supereffective|p2a: Marowak\n|-damage|p2a: Marowak|0 fnt\n|-enditem|p2a: Marowak|Thick Club|[from] move: Knock Off|[of] p1a: Kartana\n|faint|p2a: Marowak\n|-ability|p1a: Kartana|Beast Boost|boost\n|-boost|p1a: Kartana|atk|1\n|\n|upkeep\n|\n|t:|1668003309\n|switch|p2a: Melmetal|Melmetal|49\/100\n|-damage|p2a: Melmetal|43\/100|[from] Stealth Rock\n|turn|26\n|\n|t:|1668003310\n|move|p1a: Kartana|Knock Off|p2a: Melmetal\n|-damage|p2a: Melmetal|11\/100\n|-enditem|p2a: Melmetal|Choice Band|[from] move: Knock Off|[of] p1a: Kartana\n|move|p2a: Melmetal|Superpower|p1a: Kartana\n|-supereffective|p1a: Kartana\n|-damage|p1a: Kartana|0 fnt\n|-unboost|p2a: Melmetal|atk|1\n|-unboost|p2a: Melmetal|def|1\n|faint|p1a: Kartana\n|\n|win|Ferrothornail\u8349\u94a2\u7532\n|raw|hikari-miyako's rating: 1698 &rarr; <strong>1677<\/strong><br \/>(-21 for losing)\n|raw|Ferrothornail\u8349\u94a2\u7532's rating: 1684 &rarr; <strong>1705<\/strong><br \/>(+21 for winning)\n|l|\u2606Ferrothornail\u8349\u94a2\u7532\n","uploadtime":1668003320,"views":4,"p1id":"hikarimiyako","p2id":"ferrothornail","formatid":"gen8ou","rating":1677,"private":0,"password":null}