{"id":"gen8ou-1568962543","p1":"glimmeraqua","p2":"Cowsrule247","format":"gen8ou","log":"|j|\u2606glimmeraqua\n|j|\u203dCowsrule247\n|t:|1651844314\n|gametype|singles\n|player|p1|glimmeraqua|caitlin|1194\n|player|p2|Cowsrule247|skyla|1191\n|teamsize|p1|6\n|teamsize|p2|6\n|gen|8\n|tier|[Gen 8] OU\n|rated|\n|rule|Sleep Clause Mod: Limit one foe put to sleep\n|rule|Species Clause: Limit one of each Pok\u00e9mon\n|rule|OHKO Clause: OHKO moves are banned\n|rule|Evasion Moves Clause: Evasion moves are banned\n|rule|Endless Battle Clause: Forcing endless battles is banned\n|rule|HP Percentage Mod: HP is shown in percentages\n|rule|Dynamax Clause: You cannot dynamax\n|clearpoke\n|poke|p1|Weavile, F|\n|poke|p1|Tapu Lele|\n|poke|p1|Toxapex, F|\n|poke|p1|Kartana|\n|poke|p1|Landorus-Therian, M|\n|poke|p1|Heatran, M|\n|poke|p2|Gastrodon-East, M|\n|poke|p2|Corviknight, M|\n|poke|p2|Ferrothorn, M|\n|poke|p2|Hippowdon, F|\n|poke|p2|Toxapex, M|\n|poke|p2|Corsola-Galar, F|\n|teampreview\n|inactive|Battle timer is ON: inactive players will automatically lose when time's up. (requested by Cowsrule247)\n|\n|t:|1651844331\n|start\n|switch|p1a: Landorus|Landorus-Therian, M|100\/100\n|switch|p2a: Hippowdon|Hippowdon, F|100\/100\n|-ability|p1a: Landorus|Intimidate|boost\n|-unboost|p2a: Hippowdon|atk|1\n|-weather|Sandstorm|[from] ability: Sand Stream|[of] p2a: Hippowdon\n|turn|1\n|\n|t:|1651844338\n|move|p1a: Landorus|Stealth Rock|p2a: Hippowdon\n|-sidestart|p2: Cowsrule247|move: Stealth Rock\n|move|p2a: Hippowdon|Stealth Rock|p1a: Landorus\n|-sidestart|p1: glimmeraqua|move: Stealth Rock\n|\n|-weather|Sandstorm|[upkeep]\n|upkeep\n|turn|2\n|\n|t:|1651844340\n|move|p1a: Landorus|Knock Off|p2a: Hippowdon\n|-damage|p2a: Hippowdon|72\/100\n|-enditem|p2a: Hippowdon|Leftovers|[from] move: Knock Off|[of] p1a: Landorus\n|-damage|p1a: Landorus|91\/100|[from] item: Life Orb\n|move|p2a: Hippowdon|Whirlwind|p1a: Landorus\n|drag|p1a: Kartana|Kartana|100\/100\n|-damage|p1a: Kartana|94\/100|[from] Stealth Rock\n|\n|-weather|Sandstorm|[upkeep]\n|upkeep\n|turn|3\n|\n|t:|1651844353\n|switch|p2a: Toxapex|Toxapex, M|100\/100\n|-damage|p2a: Toxapex|88\/100|[from] Stealth Rock\n|move|p1a: Kartana|Leaf Blade|p2a: Toxapex\n|-damage|p2a: Toxapex|29\/100\n|\n|-weather|Sandstorm|[upkeep]\n|-damage|p2a: Toxapex|23\/100|[from] Sandstorm\n|-heal|p2a: Toxapex|29\/100|[from] item: Black Sludge\n|upkeep\n|turn|4\n|\n|t:|1651844363\n|switch|p2a: Ferrothorn|Ferrothorn, M|100\/100\n|-damage|p2a: Ferrothorn|94\/100|[from] Stealth Rock\n|move|p1a: Kartana|Leaf Blade|p2a: Ferrothorn\n|-resisted|p2a: Ferrothorn\n|-damage|p2a: Ferrothorn|77\/100\n|-damage|p1a: Kartana|82\/100|[from] ability: Iron Barbs|[of] p2a: Ferrothorn\n|\n|-weather|Sandstorm|[upkeep]\n|-heal|p2a: Ferrothorn|83\/100|[from] item: Leftovers\n|upkeep\n|turn|5\n|\n|t:|1651844372\n|switch|p1a: Heatran|Heatran, M|100\/100\n|-damage|p1a: Heatran|88\/100|[from] Stealth Rock\n|-item|p1a: Heatran|Air Balloon\n|move|p2a: Ferrothorn|Spikes|p1a: Heatran\n|-sidestart|p1: glimmeraqua|Spikes\n|\n|-weather|none\n|-heal|p2a: Ferrothorn|89\/100|[from] item: Leftovers\n|upkeep\n|turn|6\n|\n|t:|1651844379\n|switch|p2a: Gastrodon|Gastrodon-East, M|100\/100\n|-damage|p2a: Gastrodon|94\/100|[from] Stealth Rock\n|move|p1a: Heatran|Magma Storm|p2a: Gastrodon\n|-resisted|p2a: Gastrodon\n|-damage|p2a: Gastrodon|74\/100\n|-activate|p2a: Gastrodon|move: Magma Storm|[of] p1a: Heatran\n|\n|-heal|p2a: Gastrodon|80\/100|[from] item: Leftovers\n|-damage|p2a: Gastrodon|68\/100|[from] move: Magma Storm|[partiallytrapped]\n|upkeep\n|turn|7\n|\n|t:|1651844407\n|switch|p1a: Tapu Lele|Tapu Lele|100\/100\n|-damage|p1a: Tapu Lele|88\/100|[from] Stealth Rock\n|-damage|p1a: Tapu Lele|76\/100|[from] Spikes\n|-fieldstart|move: Psychic Terrain|[from] ability: Psychic Surge|[of] p1a: Tapu Lele\n|move|p2a: Gastrodon|Scald|p1a: Tapu Lele\n|-damage|p1a: Tapu Lele|49\/100\n|-status|p1a: Tapu Lele|brn\n|\n|-heal|p1a: Tapu Lele|55\/100 brn|[from] item: Leftovers\n|-heal|p2a: Gastrodon|74\/100|[from] item: Leftovers\n|-damage|p1a: Tapu Lele|49\/100 brn|[from] brn\n|-end|p2a: Gastrodon|Magma Storm|[partiallytrapped]|[silent]\n|upkeep\n|turn|8\n|\n|t:|1651844424\n|switch|p2a: Corsola|Corsola-Galar, F|100\/100\n|-damage|p2a: Corsola|88\/100|[from] Stealth Rock\n|move|p1a: Tapu Lele|Calm Mind|p1a: Tapu Lele\n|-boost|p1a: Tapu Lele|spa|1\n|-boost|p1a: Tapu Lele|spd|1\n|\n|-heal|p1a: Tapu Lele|55\/100 brn|[from] item: Leftovers\n|-damage|p1a: Tapu Lele|49\/100 brn|[from] brn\n|upkeep\n|turn|9\n|\n|t:|1651844432\n|move|p1a: Tapu Lele|Psychic|p2a: Corsola\n|-damage|p2a: Corsola|24\/100\n|move|p2a: Corsola|Night Shade|p1a: Tapu Lele\n|-damage|p1a: Tapu Lele|13\/100 brn\n|\n|-heal|p1a: Tapu Lele|19\/100 brn|[from] item: Leftovers\n|-damage|p1a: Tapu Lele|13\/100 brn|[from] brn\n|upkeep\n|turn|10\n|\n|t:|1651844441\n|switch|p2a: Ferrothorn|Ferrothorn, M|89\/100\n|-damage|p2a: Ferrothorn|83\/100|[from] Stealth Rock\n|move|p1a: Tapu Lele|Psychic|p2a: Ferrothorn\n|-resisted|p2a: Ferrothorn\n|-crit|p2a: Ferrothorn\n|-damage|p2a: Ferrothorn|42\/100\n|\n|-heal|p1a: Tapu Lele|19\/100 brn|[from] item: Leftovers\n|-heal|p2a: Ferrothorn|48\/100|[from] item: Leftovers\n|-damage|p1a: Tapu Lele|13\/100 brn|[from] brn\n|upkeep\n|turn|11\n|\n|t:|1651844461\n|switch|p2a: Toxapex|Toxapex, M|63\/100\n|-damage|p2a: Toxapex|50\/100|[from] Stealth Rock\n|move|p1a: Tapu Lele|Psychic|p2a: Toxapex\n|-supereffective|p2a: Toxapex\n|-damage|p2a: Toxapex|0 fnt\n|faint|p2a: Toxapex\n|\n|-heal|p1a: Tapu Lele|19\/100 brn|[from] item: Leftovers\n|-damage|p1a: Tapu Lele|13\/100 brn|[from] brn\n|-fieldend|move: Psychic Terrain\n|upkeep\n|\n|t:|1651844470\n|switch|p2a: Hippowdon|Hippowdon, F|72\/100\n|-damage|p2a: Hippowdon|66\/100|[from] Stealth Rock\n|-weather|Sandstorm|[from] ability: Sand Stream|[of] p2a: Hippowdon\n|turn|12\n|\n|t:|1651844477\n|switch|p2a: Corsola|Corsola-Galar, F|24\/100\n|-damage|p2a: Corsola|12\/100|[from] Stealth Rock\n|move|p1a: Tapu Lele|Moonblast|p2a: Corsola\n|-damage|p2a: Corsola|0 fnt\n|faint|p2a: Corsola\n|\n|-weather|Sandstorm|[upkeep]\n|-damage|p1a: Tapu Lele|7\/100 brn|[from] Sandstorm\n|-heal|p1a: Tapu Lele|13\/100 brn|[from] item: Leftovers\n|-damage|p1a: Tapu Lele|7\/100 brn|[from] brn\n|upkeep\n|\n|t:|1651844490\n|switch|p2a: Corviknight|Corviknight, M|100\/100\n|-damage|p2a: Corviknight|88\/100|[from] Stealth Rock\n|-ability|p2a: Corviknight|Pressure\n|turn|13\n|\n|t:|1651844494\n|move|p1a: Tapu Lele|Thunderbolt|p2a: Corviknight\n|-supereffective|p2a: Corviknight\n|-damage|p2a: Corviknight|13\/100\n|move|p2a: Corviknight|Roost|p2a: Corviknight\n|-heal|p2a: Corviknight|63\/100\n|-singleturn|p2a: Corviknight|move: Roost\n|\n|-weather|Sandstorm|[upkeep]\n|-damage|p1a: Tapu Lele|1\/100 brn|[from] Sandstorm\n|-heal|p1a: Tapu Lele|7\/100 brn|[from] item: Leftovers\n|-heal|p2a: Corviknight|69\/100|[from] item: Leftovers\n|-damage|p1a: Tapu Lele|1\/100 brn|[from] brn\n|upkeep\n|turn|14\n|\n|t:|1651844509\n|move|p1a: Tapu Lele|Thunderbolt|p2a: Corviknight\n|-supereffective|p2a: Corviknight\n|-damage|p2a: Corviknight|0 fnt\n|faint|p2a: Corviknight\n|\n|-weather|Sandstorm|[upkeep]\n|-damage|p1a: Tapu Lele|0 fnt|[from] Sandstorm\n|faint|p1a: Tapu Lele\n|upkeep\n|-message|Cowsrule247 forfeited.\n|\n|win|glimmeraqua\n|raw|glimmeraqua's rating: 1194 &rarr; <strong>1219<\/strong><br \/>(+25 for winning)\n|raw|Cowsrule247's rating: 1191 &rarr; <strong>1166<\/strong><br \/>(-25 for losing)\n|l|\u203dCowsrule247\n||Ladder isn't responding, score probably updated but might not have (Request timeout).\n","uploadtime":1651844524,"views":8,"p1id":"glimmeraqua","p2id":"cowsrule247","formatid":"gen8ou","rating":1166,"private":0,"password":null}