{"id":"gen8ou-1674516013","p1":"STOKELESS","p2":"Spectre Ace","format":"gen8ou","log":"|j|\u2606STOKELESS\n|j|\u2606Spectre Ace\n|t:|1664572054\n|gametype|singles\n|player|p1|STOKELESS|veteran|1634\n|player|p2|Spectre Ace|juggler|1626\n|teamsize|p1|6\n|teamsize|p2|6\n|gen|8\n|tier|[Gen 8] OU\n|rated|\n|rule|Sleep Clause Mod: Limit one foe put to sleep\n|rule|Species Clause: Limit one of each Pok\u00e9mon\n|rule|OHKO Clause: OHKO moves are banned\n|rule|Evasion Items Clause: Evasion items are banned\n|rule|Evasion Moves Clause: Evasion moves are banned\n|rule|Endless Battle Clause: Forcing endless battles is banned\n|rule|HP Percentage Mod: HP is shown in percentages\n|rule|Dynamax Clause: You cannot dynamax\n|clearpoke\n|poke|p1|Weavile, M|\n|poke|p1|Volcanion|\n|poke|p1|Landorus-Therian, M|\n|poke|p1|Zygarde-10%|\n|poke|p1|Zapdos|\n|poke|p1|Chansey, F|\n|poke|p2|Landorus-Therian, M|\n|poke|p2|Ferrothorn, M|\n|poke|p2|Volcanion|\n|poke|p2|Raichu-Alola, F|\n|poke|p2|Tapu Koko|\n|poke|p2|Clefable, F|\n|teampreview\n|inactive|Battle timer is ON: inactive players will automatically lose when time's up. (requested by STOKELESS)\n|j| Ctannn\n|\n|t:|1664572070\n|start\n|switch|p1a: Volcanion|Volcanion|100\/100\n|switch|p2a: Engine|Volcanion|100\/100\n|turn|1\n|\n|t:|1664572079\n|switch|p1a: Chansey|Chansey, F|100\/100\n|move|p2a: Engine|Earth Power|p1a: Chansey\n|-damage|p1a: Chansey|91\/100\n|\n|upkeep\n|turn|2\n|\n|t:|1664572089\n|switch|p2a: Sundowner|Ferrothorn, M, shiny|100\/100\n|move|p1a: Chansey|Stealth Rock|p2a: Sundowner\n|-sidestart|p2: Spectre Ace|move: Stealth Rock\n|\n|upkeep\n|turn|3\n|\n|t:|1664572092\n|move|p2a: Sundowner|Knock Off|p1a: Chansey\n|-damage|p1a: Chansey|77\/100\n|-enditem|p1a: Chansey|Eviolite|[from] move: Knock Off|[of] p2a: Sundowner\n|move|p1a: Chansey|Teleport|p1a: Chansey\n|\n|t:|1664572098\n|switch|p1a: Volcanion|Volcanion|100\/100|[from]move: Teleport\n|\n|upkeep\n|turn|4\n|\n|t:|1664572103\n|switch|p1a: Zygarde|Zygarde-10%|100\/100\n|-ability|p1a: Zygarde|Aura Break\n|switch|p2a: Engine|Volcanion|100\/100\n|\n|upkeep\n|turn|5\n|\n|t:|1664572105\n|switch|p2a: Clefable|Clefable, F|100\/100\n|move|p1a: Zygarde|Extreme Speed|p2a: Clefable\n|-damage|p2a: Clefable|65\/100\n|\n|upkeep\n|turn|6\n|\n|t:|1664572111\n|switch|p1a: Volcanion|Volcanion|100\/100\n|move|p2a: Clefable|Moonblast|p1a: Volcanion\n|-resisted|p1a: Volcanion\n|-damage|p1a: Volcanion|81\/100\n|\n|upkeep\n|turn|7\n|\n|t:|1664572119\n|switch|p2a: Engine|Volcanion|100\/100\n|move|p1a: Volcanion|Earth Power|p2a: Engine\n|-supereffective|p2a: Engine\n|-crit|p2a: Engine\n|-damage|p2a: Engine|0 fnt\n|faint|p2a: Engine\n|\n|upkeep\n|\n|t:|1664572121\n|switch|p2a: Booker|Tapu Koko|100\/100\n|-damage|p2a: Booker|88\/100|[from] Stealth Rock\n|-fieldstart|move: Electric Terrain|[from] ability: Electric Surge|[of] p2a: Booker\n|turn|8\n|\n|t:|1664572125\n|switch|p1a: Chansey|Chansey, F|77\/100\n|move|p2a: Booker|U-turn|p1a: Chansey\n|-damage|p1a: Chansey|60\/100\n|\n|t:|1664572130\n|switch|p2a: Sundowner|Ferrothorn, M, shiny|100\/100|[from]move: U-turn\n|-damage|p2a: Sundowner|94\/100|[from] Stealth Rock\n|\n|-heal|p2a: Sundowner|100\/100|[from] item: Leftovers\n|upkeep\n|turn|9\n|\n|t:|1664572134\n|move|p1a: Chansey|Soft-Boiled|p1a: Chansey\n|-heal|p1a: Chansey|100\/100\n|move|p2a: Sundowner|Spikes|p1a: Chansey\n|-sidestart|p1: STOKELESS|Spikes\n|\n|upkeep\n|turn|10\n|\n|t:|1664572139\n|switch|p1a: Volcanion|Volcanion|81\/100\n|-damage|p1a: Volcanion|69\/100|[from] Spikes\n|move|p2a: Sundowner|Knock Off|p1a: Volcanion\n|-damage|p1a: Volcanion|49\/100\n|-enditem|p1a: Volcanion|Choice Specs|[from] move: Knock Off|[of] p2a: Sundowner\n|\n|upkeep\n|turn|11\n|\n|t:|1664572145\n|switch|p2a: Amadeus|Landorus-Therian, M|100\/100\n|-damage|p2a: Amadeus|88\/100|[from] Stealth Rock\n|-ability|p2a: Amadeus|Intimidate|boost\n|-unboost|p1a: Volcanion|atk|1\n|move|p1a: Volcanion|Flamethrower|p2a: Amadeus\n|-crit|p2a: Amadeus\n|-damage|p2a: Amadeus|34\/100\n|\n|-heal|p2a: Amadeus|40\/100|[from] item: Leftovers\n|upkeep\n|turn|12\n|\n|t:|1664572153\n|move|p1a: Volcanion|Steam Eruption|p2a: Amadeus\n|-supereffective|p2a: Amadeus\n|-damage|p2a: Amadeus|0 fnt\n|faint|p2a: Amadeus\n|\n|upkeep\n|\n|t:|1664572154\n|switch|p2a: Valentine|Raichu-Alola, F, shiny|100\/100\n|-damage|p2a: Valentine|88\/100|[from] Stealth Rock\n|turn|13\n|\n|t:|1664572158\n|switch|p1a: Chansey|Chansey, F|100\/100\n|-damage|p1a: Chansey|88\/100|[from] Spikes\n|move|p2a: Valentine|Psyshock|p1a: Chansey\n|-damage|p1a: Chansey|40\/100\n|-damage|p2a: Valentine|78\/100|[from] item: Life Orb\n|\n|upkeep\n|turn|14\n|\n|t:|1664572170\n|move|p2a: Valentine|Rising Voltage|p1a: Chansey\n|-hint|Rising Voltage's BP doubled on grounded target.\n|-damage|p1a: Chansey|0 fnt\n|faint|p1a: Chansey\n|-damage|p2a: Valentine|68\/100|[from] item: Life Orb\n|\n|upkeep\n|\n|t:|1664572180\n|switch|p1a: Zapdos|Zapdos, shiny|100\/100\n|turn|15\n|\n|t:|1664572183\n|move|p2a: Valentine|Nasty Plot|p2a: Valentine\n|-boost|p2a: Valentine|spa|2\n|move|p1a: Zapdos|Roost||[still]\n|-fail|p1a: Zapdos|heal\n|\n|-fieldend|move: Electric Terrain\n|upkeep\n|turn|16\n|\n|t:|1664572195\n|move|p2a: Valentine|Psyshock|p1a: Zapdos\n|-damage|p1a: Zapdos|35\/100\n|-damage|p2a: Valentine|58\/100|[from] item: Life Orb\n|move|p1a: Zapdos|Heat Wave|p2a: Valentine|[miss]\n|-miss|p1a: Zapdos|p2a: Valentine\n|\n|upkeep\n|turn|17\n|\n|t:|1664572202\n|move|p2a: Valentine|Surf|p1a: Zapdos\n|-damage|p1a: Zapdos|0 fnt\n|faint|p1a: Zapdos\n|-damage|p2a: Valentine|48\/100|[from] item: Life Orb\n|\n|upkeep\n|\n|t:|1664572203\n|switch|p1a: Weavile|Weavile, M|100\/100\n|-damage|p1a: Weavile|88\/100|[from] Spikes\n|-ability|p1a: Weavile|Pressure\n|turn|18\n|\n|t:|1664572209\n|switch|p2a: Sundowner|Ferrothorn, M, shiny|100\/100\n|-damage|p2a: Sundowner|94\/100|[from] Stealth Rock\n|move|p1a: Weavile|Knock Off|p2a: Sundowner\n|-damage|p2a: Sundowner|45\/100\n|-damage|p1a: Weavile|76\/100|[from] ability: Iron Barbs|[of] p2a: Sundowner\n|-enditem|p2a: Sundowner|Leftovers|[from] move: Knock Off|[of] p1a: Weavile\n|-damage|p1a: Weavile|66\/100|[from] item: Life Orb\n|\n|upkeep\n|turn|19\n|\n|t:|1664572218\n|switch|p2a: Booker|Tapu Koko|88\/100\n|-damage|p2a: Booker|76\/100|[from] Stealth Rock\n|-fieldstart|move: Electric Terrain|[from] ability: Electric Surge|[of] p2a: Booker\n|move|p1a: Weavile|Swords Dance|p1a: Weavile\n|-boost|p1a: Weavile|atk|2\n|\n|upkeep\n|turn|20\n|\n|t:|1664572222\n|move|p1a: Weavile|Ice Shard|p2a: Booker\n|-damage|p2a: Booker|0 fnt\n|faint|p2a: Booker\n|-damage|p1a: Weavile|56\/100|[from] item: Life Orb\n|\n|upkeep\n|\n|t:|1664572225\n|switch|p2a: Clefable|Clefable, F|65\/100\n|turn|21\n|\n|t:|1664572227\n|move|p1a: Weavile|Triple Axel|p2a: Clefable\n|-damage|p2a: Clefable|54\/100\n|-damage|p2a: Clefable|29\/100\n|-damage|p2a: Clefable|0 fnt\n|faint|p2a: Clefable\n|-hitcount|p2: Clefable|3\n|-damage|p1a: Weavile|46\/100|[from] item: Life Orb\n|\n|upkeep\n|-message|Spectre Ace forfeited.\n|\n|win|STOKELESS\n|raw|STOKELESS's rating: 1634 &rarr; <strong>1655<\/strong><br \/>(+21 for winning)\n|raw|Spectre Ace's rating: 1647 &rarr; <strong>1626<\/strong><br \/>(-21 for losing)\n|l|\u2606Spectre Ace\n|l| Ctannn\n||Ladder isn't responding, score probably updated but might not have (Request timeout).\n","uploadtime":1664572237,"views":7,"p1id":"stokeless","p2id":"spectreace","formatid":"gen8ou","rating":1626,"private":0,"password":null}