{"id":"gen8ou-1415572998","p1":"ydm14","p2":"cump2","format":"gen8ou","log":"|j|\u2606ydm14\n|j|\u2606cump2\n|t:|1631493125\n|gametype|singles\n|player|p1|ydm14|169|1255\n|player|p2|cump2|265|1322\n|teamsize|p1|6\n|teamsize|p2|6\n|gen|8\n|tier|[Gen 8] OU\n|rated|\n|rule|Sleep Clause Mod: Limit one foe put to sleep\n|rule|Species Clause: Limit one of each Pok\u00e9mon\n|rule|OHKO Clause: OHKO moves are banned\n|rule|Evasion Moves Clause: Evasion moves are banned\n|rule|Endless Battle Clause: Forcing endless battles is banned\n|rule|HP Percentage Mod: HP is shown in percentages\n|rule|Dynamax Clause: You cannot dynamax\n|clearpoke\n|poke|p1|Melmetal|\n|poke|p1|Landorus-Therian, M|\n|poke|p1|Blacephalon|\n|poke|p1|Tapu Fini|\n|poke|p1|Kyurem|\n|poke|p1|Celesteela|\n|poke|p2|Blissey, F|\n|poke|p2|Clefable, F|\n|poke|p2|Skarmory, F|\n|poke|p2|Zapdos-Galar|\n|poke|p2|Starmie|\n|poke|p2|Hippowdon, F|\n|teampreview\n|inactive|Battle timer is ON: inactive players will automatically lose when time's up. (requested by ydm14)\n|\n|t:|1631493143\n|start\n|switch|p1a: Melmetal|Melmetal|100\/100\n|switch|p2a: Hippowdon|Hippowdon, F|100\/100\n|-weather|Sandstorm|[from] ability: Sand Stream|[of] p2a: Hippowdon\n|turn|1\n|\n|t:|1631493150\n|move|p2a: Hippowdon|Stealth Rock|p1a: Melmetal\n|-sidestart|p1: ydm14|move: Stealth Rock\n|move|p1a: Melmetal|Double Iron Bash|p2a: Hippowdon\n|-damage|p2a: Hippowdon|54\/100\n|-damage|p2a: Hippowdon|10\/100\n|-hitcount|p2a: Hippowdon|2\n|\n|-weather|Sandstorm|[upkeep]\n|-heal|p2a: Hippowdon|16\/100|[from] item: Leftovers\n|upkeep\n|turn|2\n|\n|t:|1631493157\n|switch|p2a: Skarmory|Skarmory, F|100\/100\n|move|p1a: Melmetal|Double Iron Bash|p2a: Skarmory\n|-resisted|p2a: Skarmory\n|-damage|p2a: Skarmory|82\/100\n|-damage|p1a: Melmetal|84\/100|[from] item: Rocky Helmet|[of] p2a: Skarmory\n|-resisted|p2a: Skarmory\n|-damage|p2a: Skarmory|64\/100\n|-damage|p1a: Melmetal|67\/100|[from] item: Rocky Helmet|[of] p2a: Skarmory\n|-hitcount|p2a: Skarmory|2\n|\n|-weather|Sandstorm|[upkeep]\n|upkeep\n|turn|3\n|\n|t:|1631493165\n|switch|p1a: Landorus|Landorus-Therian, M|100\/100\n|-damage|p1a: Landorus|88\/100|[from] Stealth Rock\n|-ability|p1a: Landorus|Intimidate|boost\n|-unboost|p2a: Skarmory|atk|1\n|move|p2a: Skarmory|Roost|p2a: Skarmory\n|-heal|p2a: Skarmory|100\/100\n|-singleturn|p2a: Skarmory|move: Roost\n|\n|-weather|Sandstorm|[upkeep]\n|-heal|p1a: Landorus|94\/100|[from] item: Leftovers\n|upkeep\n|turn|4\n|\n|t:|1631493176\n|move|p1a: Landorus|Defog|p2a: Skarmory\n|-unboost|p2a: Skarmory|evasion|1\n|-sideend|p1: ydm14|Stealth Rock|[from] move: Defog|[of] p1a: Landorus\n|move|p2a: Skarmory|Spikes|p1a: Landorus\n|-sidestart|p1: ydm14|Spikes\n|\n|-weather|Sandstorm|[upkeep]\n|-heal|p1a: Landorus|99\/100|[from] item: Leftovers\n|upkeep\n|turn|5\n|\n|t:|1631493181\n|move|p1a: Landorus|U-turn|p2a: Skarmory\n|-resisted|p2a: Skarmory\n|-damage|p2a: Skarmory|98\/100\n|-damage|p1a: Landorus|84\/100|[from] item: Rocky Helmet|[of] p2a: Skarmory\n|\n|t:|1631493190\n|switch|p1a: Blacephalon|Blacephalon|100\/100|[from]move: U-turn\n|-damage|p1a: Blacephalon|88\/100|[from] Spikes\n|move|p2a: Skarmory|Spikes|p1a: Blacephalon\n|-sidestart|p1: ydm14|Spikes\n|\n|-weather|none\n|upkeep\n|turn|6\n|\n|t:|1631493198\n|switch|p2a: Starmie|Starmie|100\/100\n|move|p1a: Blacephalon|Shadow Ball|p2a: Starmie\n|-supereffective|p2a: Starmie\n|-damage|p2a: Starmie|0 fnt\n|faint|p2a: Starmie\n|-ability|p1a: Blacephalon|Beast Boost|boost\n|-boost|p1a: Blacephalon|spa|1\n|\n|upkeep\n|\n|t:|1631493204\n|switch|p2a: Blissey|Blissey, F|100\/100\n|turn|7\n|\n|t:|1631493216\n|switch|p1a: Landorus|Landorus-Therian, M|84\/100\n|-ability|p1a: Landorus|Intimidate|boost\n|-unboost|p2a: Blissey|atk|1\n|move|p2a: Blissey|Toxic|p1a: Landorus\n|-status|p1a: Landorus|tox\n|\n|-heal|p1a: Landorus|90\/100 tox|[from] item: Leftovers\n|-damage|p1a: Landorus|84\/100 tox|[from] psn\n|upkeep\n|turn|8\n|\n|t:|1631493221\n|move|p1a: Landorus|Defog|p2a: Blissey\n|-unboost|p2a: Blissey|evasion|1\n|-sideend|p1: ydm14|Spikes|[from] move: Defog|[of] p1a: Landorus\n|move|p2a: Blissey|Teleport|p2a: Blissey\n|\n|t:|1631493225\n|switch|p2a: Skarmory|Skarmory, F|98\/100|[from]move: Teleport\n|\n|-heal|p1a: Landorus|90\/100 tox|[from] item: Leftovers\n|-damage|p1a: Landorus|78\/100 tox|[from] psn\n|upkeep\n|turn|9\n|\n|t:|1631493232\n|switch|p1a: Kyurem|Kyurem|100\/100\n|-ability|p1a: Kyurem|Pressure\n|move|p2a: Skarmory|Spikes|p1a: Kyurem\n|-sidestart|p1: ydm14|Spikes\n|\n|upkeep\n|turn|10\n|\n|t:|1631493236\n|switch|p2a: Blissey|Blissey, F|100\/100\n|move|p1a: Kyurem|Ice Beam|p2a: Blissey\n|-damage|p2a: Blissey|74\/100\n|\n|upkeep\n|turn|11\n|\n|t:|1631493245\n|switch|p1a: Celesteela|Celesteela|100\/100\n|move|p2a: Blissey|Seismic Toss|p1a: Celesteela\n|-damage|p1a: Celesteela|75\/100\n|\n|-heal|p1a: Celesteela|81\/100|[from] item: Leftovers\n|upkeep\n|turn|12\n|\n|t:|1631493250\n|move|p1a: Celesteela|Leech Seed|p2a: Blissey\n|-start|p2a: Blissey|move: Leech Seed\n|move|p2a: Blissey|Teleport|p2a: Blissey\n|\n|t:|1631493257\n|switch|p2a: Hippowdon|Hippowdon, F|16\/100|[from]move: Teleport\n|-weather|Sandstorm|[from] ability: Sand Stream|[of] p2a: Hippowdon\n|\n|-weather|Sandstorm|[upkeep]\n|-heal|p1a: Celesteela|87\/100|[from] item: Leftovers\n|-heal|p2a: Hippowdon|22\/100|[from] item: Leftovers\n|upkeep\n|turn|13\n|\n|t:|1631493261\n|move|p1a: Celesteela|Superpower|p2a: Hippowdon\n|-damage|p2a: Hippowdon|1\/100\n|-unboost|p1a: Celesteela|atk|1\n|-unboost|p1a: Celesteela|def|1\n|move|p2a: Hippowdon|Slack Off|p2a: Hippowdon\n|-heal|p2a: Hippowdon|51\/100\n|\n|-weather|Sandstorm|[upkeep]\n|-heal|p1a: Celesteela|93\/100|[from] item: Leftovers\n|-heal|p2a: Hippowdon|57\/100|[from] item: Leftovers\n|upkeep\n|turn|14\n|\n|t:|1631493270\n|switch|p1a: Landorus|Landorus-Therian, M|78\/100 tox\n|-ability|p1a: Landorus|Intimidate|boost\n|-unboost|p2a: Hippowdon|atk|1\n|move|p2a: Hippowdon|Stealth Rock|p1a: Landorus\n|-sidestart|p1: ydm14|move: Stealth Rock\n|\n|-weather|Sandstorm|[upkeep]\n|-heal|p1a: Landorus|84\/100 tox|[from] item: Leftovers\n|-heal|p2a: Hippowdon|63\/100|[from] item: Leftovers\n|-damage|p1a: Landorus|78\/100 tox|[from] psn\n|upkeep\n|turn|15\n|\n|t:|1631493273\n|switch|p2a: Zapdos|Zapdos-Galar|100\/100\n|move|p1a: Landorus|Defog|p2a: Zapdos\n|-unboost|p2a: Zapdos|evasion|1\n|-ability|p2a: Zapdos|Defiant\n|-boost|p2a: Zapdos|atk|2\n|-sideend|p1: ydm14|Spikes|[from] move: Defog|[of] p1a: Landorus\n|-sideend|p1: ydm14|Stealth Rock|[from] move: Defog|[of] p1a: Landorus\n|\n|-weather|Sandstorm|[upkeep]\n|-damage|p2a: Zapdos|94\/100|[from] Sandstorm\n|-heal|p1a: Landorus|84\/100 tox|[from] item: Leftovers\n|-damage|p1a: Landorus|72\/100 tox|[from] psn\n|upkeep\n|turn|16\n|\n|t:|1631493288\n|move|p2a: Zapdos|Brave Bird|p1a: Landorus\n|-damage|p1a: Landorus|0 fnt\n|faint|p1a: Landorus\n|-damage|p2a: Zapdos|66\/100|[from] Recoil\n|\n|-weather|none\n|upkeep\n|\n|t:|1631493298\n|switch|p1a: Blacephalon|Blacephalon|88\/100\n|turn|17\n|\n|t:|1631493302\n|switch|p2a: Blissey|Blissey, F|74\/100\n|move|p1a: Blacephalon|Psyshock|p2a: Blissey\n|-damage|p2a: Blissey|43\/100\n|\n|upkeep\n|turn|18\n|\n|t:|1631493309\n|switch|p1a: Melmetal|Melmetal|67\/100\n|move|p2a: Blissey|Soft-Boiled|p2a: Blissey\n|-heal|p2a: Blissey|93\/100\n|\n|upkeep\n|turn|19\n|\n|t:|1631493313\n|switch|p2a: Skarmory|Skarmory, F|98\/100\n|move|p1a: Melmetal|Thunder Punch|p2a: Skarmory\n|-supereffective|p2a: Skarmory\n|-damage|p2a: Skarmory|27\/100\n|-damage|p1a: Melmetal|50\/100|[from] item: Rocky Helmet|[of] p2a: Skarmory\n|\n|upkeep\n|turn|20\n|\n|t:|1631493322\n|switch|p1a: Kyurem|Kyurem|100\/100\n|-ability|p1a: Kyurem|Pressure\n|move|p2a: Skarmory|Body Press|p1a: Kyurem\n|-supereffective|p1a: Kyurem\n|-damage|p1a: Kyurem|37\/100\n|\n|upkeep\n|turn|21\n|\n|t:|1631493335\n|switch|p1a: Melmetal|Melmetal|50\/100\n|switch|p2a: Blissey|Blissey, F|93\/100\n|\n|upkeep\n|turn|22\n|\n|t:|1631493344\n|switch|p2a: Skarmory|Skarmory, F|27\/100\n|move|p1a: Melmetal|Superpower|p2a: Skarmory\n|-damage|p2a: Skarmory|0 fnt\n|-unboost|p1a: Melmetal|atk|1\n|-unboost|p1a: Melmetal|def|1\n|-damage|p1a: Melmetal|34\/100|[from] item: Rocky Helmet|[of] p2a: Skarmory\n|faint|p2a: Skarmory\n|\n|upkeep\n|\n|t:|1631493354\n|switch|p2a: Zapdos|Zapdos-Galar|66\/100\n|turn|23\n|\n|t:|1631493360\n|switch|p1a: Blacephalon|Blacephalon|88\/100\n|move|p2a: Zapdos|U-turn|p1a: Blacephalon\n|-resisted|p1a: Blacephalon\n|-damage|p1a: Blacephalon|75\/100\n|\n|t:|1631493363\n|switch|p2a: Blissey|Blissey, F|93\/100|[from]move: U-turn\n|\n|upkeep\n|turn|24\n|\n|t:|1631493368\n|move|p1a: Blacephalon|Trick|p2a: Blissey\n|-activate|p1a: Blacephalon|move: Trick|[of] p2a: Blissey\n|-item|p2a: Blissey|Choice Scarf|[from] move: Trick\n|-item|p1a: Blacephalon|Heavy-Duty Boots|[from] move: Trick\n|move|p2a: Blissey|Teleport|p2a: Blissey\n|\n|t:|1631493378\n|switch|p2a: Clefable|Clefable, F|100\/100|[from]move: Teleport\n|\n|upkeep\n|turn|25\n|\n|t:|1631493385\n|switch|p1a: Melmetal|Melmetal|34\/100\n|move|p2a: Clefable|Calm Mind|p2a: Clefable\n|-boost|p2a: Clefable|spa|1\n|-boost|p2a: Clefable|spd|1\n|\n|upkeep\n|turn|26\n|\n|t:|1631493391\n|switch|p2a: Hippowdon|Hippowdon, F|63\/100\n|-weather|Sandstorm|[from] ability: Sand Stream|[of] p2a: Hippowdon\n|move|p1a: Melmetal|Double Iron Bash|p2a: Hippowdon\n|-damage|p2a: Hippowdon|18\/100\n|-damage|p2a: Hippowdon|0 fnt\n|faint|p2a: Hippowdon\n|-hitcount|p2: Hippowdon|2\n|\n|-weather|Sandstorm|[upkeep]\n|upkeep\n|\n|t:|1631493393\n|switch|p2a: Zapdos|Zapdos-Galar|66\/100\n|turn|27\n|\n|t:|1631493401\n|switch|p1a: Tapu Fini|Tapu Fini|100\/100\n|-fieldstart|move: Misty Terrain|[from] ability: Misty Surge|[of] p1a: Tapu Fini\n|move|p2a: Zapdos|U-turn|p1a: Tapu Fini\n|-resisted|p1a: Tapu Fini\n|-damage|p1a: Tapu Fini|90\/100\n|\n|t:|1631493403\n|switch|p2a: Blissey|Blissey, F|93\/100|[from]move: U-turn\n|\n|-weather|Sandstorm|[upkeep]\n|-damage|p1a: Tapu Fini|84\/100|[from] Sandstorm\n|-damage|p2a: Blissey|87\/100|[from] Sandstorm\n|-heal|p1a: Tapu Fini|90\/100|[from] item: Leftovers\n|upkeep\n|turn|28\n|\n|t:|1631493411\n|move|p2a: Blissey|Seismic Toss|p1a: Tapu Fini\n|-damage|p1a: Tapu Fini|61\/100\n|move|p1a: Tapu Fini|Calm Mind|p1a: Tapu Fini\n|-boost|p1a: Tapu Fini|spa|1\n|-boost|p1a: Tapu Fini|spd|1\n|\n|-weather|Sandstorm|[upkeep]\n|-damage|p1a: Tapu Fini|55\/100|[from] Sandstorm\n|-damage|p2a: Blissey|81\/100|[from] Sandstorm\n|-heal|p1a: Tapu Fini|61\/100|[from] item: Leftovers\n|upkeep\n|turn|29\n|\n|t:|1631493416\n|move|p1a: Tapu Fini|Calm Mind|p1a: Tapu Fini\n|-boost|p1a: Tapu Fini|spa|1\n|-boost|p1a: Tapu Fini|spd|1\n|move|p2a: Blissey|Seismic Toss|p1a: Tapu Fini\n|-damage|p1a: Tapu Fini|32\/100\n|\n|-weather|Sandstorm|[upkeep]\n|-damage|p1a: Tapu Fini|26\/100|[from] Sandstorm\n|-damage|p2a: Blissey|75\/100|[from] Sandstorm\n|-heal|p1a: Tapu Fini|32\/100|[from] item: Leftovers\n|upkeep\n|turn|30\n|\n|t:|1631493418\n|move|p1a: Tapu Fini|Draining Kiss|p2a: Blissey\n|-damage|p2a: Blissey|59\/100\n|-heal|p1a: Tapu Fini|56\/100|[from] drain|[of] p2a: Blissey\n|move|p2a: Blissey|Seismic Toss|p1a: Tapu Fini\n|-damage|p1a: Tapu Fini|27\/100\n|\n|-weather|none\n|-heal|p1a: Tapu Fini|33\/100|[from] item: Leftovers\n|upkeep\n|turn|31\n|\n|t:|1631493422\n|move|p1a: Tapu Fini|Draining Kiss|p2a: Blissey\n|-damage|p2a: Blissey|45\/100\n|-heal|p1a: Tapu Fini|55\/100|[from] drain|[of] p2a: Blissey\n|move|p2a: Blissey|Seismic Toss|p1a: Tapu Fini\n|-damage|p1a: Tapu Fini|26\/100\n|\n|-heal|p1a: Tapu Fini|32\/100|[from] item: Leftovers\n|-fieldend|Misty Terrain\n|upkeep\n|turn|32\n|\n|t:|1631493430\n|switch|p2a: Clefable|Clefable, F|100\/100\n|move|p1a: Tapu Fini|Taunt|p2a: Clefable\n|-start|p2a: Clefable|move: Taunt\n|\n|-heal|p1a: Tapu Fini|38\/100|[from] item: Leftovers\n|upkeep\n|turn|33\n|\n|t:|1631493433\n|move|p1a: Tapu Fini|Draining Kiss|p2a: Clefable\n|-damage|p2a: Clefable|82\/100\n|-heal|p1a: Tapu Fini|54\/100|[from] drain|[of] p2a: Clefable\n|move|p2a: Clefable|Moonblast|p1a: Tapu Fini\n|-damage|p1a: Tapu Fini|29\/100\n|\n|-heal|p1a: Tapu Fini|35\/100|[from] item: Leftovers\n|-heal|p2a: Clefable|88\/100|[from] item: Leftovers\n|upkeep\n|turn|34\n|\n|t:|1631493439\n|switch|p1a: Melmetal|Melmetal|34\/100\n|move|p2a: Clefable|Moonblast|p1a: Melmetal\n|-resisted|p1a: Melmetal\n|-damage|p1a: Melmetal|17\/100\n|-unboost|p1a: Melmetal|spa|1\n|\n|-heal|p2a: Clefable|94\/100|[from] item: Leftovers\n|-end|p2a: Clefable|move: Taunt\n|upkeep\n|turn|35\n|\n|t:|1631493443\n|move|p2a: Clefable|Moonblast|p1a: Melmetal\n|-resisted|p1a: Melmetal\n|-damage|p1a: Melmetal|2\/100\n|move|p1a: Melmetal|Double Iron Bash|p2a: Clefable\n|-supereffective|p2a: Clefable\n|-damage|p2a: Clefable|0 fnt\n|faint|p2a: Clefable\n|-hitcount|p2: Clefable|1\n|\n|upkeep\n|\n|t:|1631493446\n|switch|p2a: Zapdos|Zapdos-Galar|66\/100\n|turn|36\n|\n|t:|1631493451\n|move|p2a: Zapdos|U-turn|p1a: Melmetal\n|-resisted|p1a: Melmetal\n|-damage|p1a: Melmetal|0 fnt\n|faint|p1a: Melmetal\n|\n|t:|1631493453\n|switch|p2a: Blissey|Blissey, F|45\/100|[from]move: U-turn\n|\n|upkeep\n|\n|t:|1631493462\n|switch|p1a: Kyurem|Kyurem|37\/100\n|-ability|p1a: Kyurem|Pressure\n|turn|37\n|\n|t:|1631493464\n|move|p1a: Kyurem|Ice Beam|p2a: Blissey\n|-damage|p2a: Blissey|18\/100\n|move|p2a: Blissey|Soft-Boiled|p2a: Blissey\n|-heal|p2a: Blissey|68\/100\n|\n|upkeep\n|turn|38\n|\n|t:|1631493474\n|switch|p1a: Celesteela|Celesteela|93\/100\n|move|p2a: Blissey|Soft-Boiled|p2a: Blissey\n|-heal|p2a: Blissey|100\/100\n|\n|-heal|p1a: Celesteela|99\/100|[from] item: Leftovers\n|upkeep\n|turn|39\n|\n|t:|1631493477\n|switch|p2a: Zapdos|Zapdos-Galar|66\/100\n|move|p1a: Celesteela|Leech Seed|p2a: Zapdos\n|-start|p2a: Zapdos|move: Leech Seed\n|\n|-heal|p1a: Celesteela|100\/100|[from] item: Leftovers\n|-damage|p2a: Zapdos|54\/100|[from] Leech Seed|[of] p1a: Celesteela\n|upkeep\n|turn|40\n|\n|t:|1631493480\n|move|p1a: Celesteela|Protect|p1a: Celesteela\n|-singleturn|p1a: Celesteela|Protect\n|move|p2a: Zapdos|Taunt|p1a: Celesteela\n|-activate|p1a: Celesteela|move: Protect\n|\n|-damage|p2a: Zapdos|41\/100|[from] Leech Seed|[of] p1a: Celesteela\n|upkeep\n|turn|41\n|\n|t:|1631493483\n|move|p2a: Zapdos|Close Combat|p1a: Celesteela\n|-damage|p1a: Celesteela|51\/100\n|-unboost|p2a: Zapdos|def|1\n|-unboost|p2a: Zapdos|spd|1\n|move|p1a: Celesteela|Iron Defense|p1a: Celesteela\n|-boost|p1a: Celesteela|def|2\n|\n|-heal|p1a: Celesteela|57\/100|[from] item: Leftovers\n|-damage|p2a: Zapdos|29\/100|[from] Leech Seed|[of] p1a: Celesteela\n|-heal|p1a: Celesteela|67\/100|[silent]\n|upkeep\n|turn|42\n|\n|t:|1631493490\n|move|p1a: Celesteela|Protect|p1a: Celesteela\n|-singleturn|p1a: Celesteela|Protect\n|move|p2a: Zapdos|Close Combat|p1a: Celesteela\n|-activate|p1a: Celesteela|move: Protect\n|\n|-heal|p1a: Celesteela|73\/100|[from] item: Leftovers\n|-damage|p2a: Zapdos|16\/100|[from] Leech Seed|[of] p1a: Celesteela\n|-heal|p1a: Celesteela|83\/100|[silent]\n|upkeep\n|turn|43\n|-message|cump2 forfeited.\n|\n|win|ydm14\n|l|\u2606cump2\n|raw|ydm14's rating: 1255 &rarr; <strong>1285<\/strong><br \/>(+30 for winning)\n|raw|cump2's rating: 1322 &rarr; <strong>1298<\/strong><br \/>(-24 for losing)\n","uploadtime":1631493498,"views":23,"p1id":"ydm14","p2id":"cump2","formatid":"gen8ou","rating":1285,"private":0,"password":null}