{"id":"gen8ou-1656526177","p1":"Txapos","p2":"dmt dreams","format":"gen8ou","log":"|j|\u2606Txapos\n|j|\u2606dmt dreams\n|inactive|Battle timer is ON: inactive players will automatically lose when time's up.\n|t:|1662365221\n|gametype|singles\n|player|p1|Txapos|biker|\n|player|p2|dmt dreams|gambler-gen1|\n|teamsize|p1|6\n|teamsize|p2|6\n|gen|8\n|tier|[Gen 8] OU\n|rated|Tournament battle\n|rule|Sleep Clause Mod: Limit one foe put to sleep\n|rule|Species Clause: Limit one of each Pok\u00e9mon\n|rule|OHKO Clause: OHKO moves are banned\n|rule|Evasion Items Clause: Evasion items are banned\n|rule|Evasion Moves Clause: Evasion moves are banned\n|rule|Endless Battle Clause: Forcing endless battles is banned\n|rule|HP Percentage Mod: HP is shown in percentages\n|rule|Dynamax Clause: You cannot dynamax\n|clearpoke\n|poke|p1|Tapu Koko|\n|poke|p1|Urshifu-*, M|\n|poke|p1|Slowking-Galar, M|\n|poke|p1|Corviknight, M|\n|poke|p1|Landorus-Therian, M|\n|poke|p1|Weavile, M|\n|poke|p2|Mew|\n|poke|p2|Weavile, F|\n|poke|p2|Celesteela|\n|poke|p2|Crawdaunt, F|\n|poke|p2|Garchomp, F|\n|poke|p2|Blacephalon|\n|teampreview\n|inactive|Txapos has 120 seconds left.\n|\n|t:|1662365256\n|start\n|switch|p1a: Landorus|Landorus-Therian, M|100\/100\n|switch|p2a: Crawdaunt|Crawdaunt, F, shiny|100\/100\n|-ability|p1a: Landorus|Intimidate|boost\n|-unboost|p2a: Crawdaunt|atk|1\n|turn|1\n|\n|t:|1662365265\n|move|p1a: Landorus|U-turn|p2a: Crawdaunt\n|-supereffective|p2a: Crawdaunt\n|-damage|p2a: Crawdaunt|34\/100\n|\n|t:|1662365278\n|switch|p1a: Urshifu|Urshifu-Rapid-Strike, M|100\/100|[from]move: U-turn\n|move|p2a: Crawdaunt|Knock Off|p1a: Urshifu\n|-resisted|p1a: Urshifu\n|-damage|p1a: Urshifu|73\/100\n|-enditem|p1a: Urshifu|Choice Band|[from] move: Knock Off|[of] p2a: Crawdaunt\n|-damage|p2a: Crawdaunt|24\/100|[from] item: Life Orb\n|\n|upkeep\n|turn|2\n|\n|t:|1662365291\n|move|p2a: Crawdaunt|Aqua Jet|p1a: Urshifu\n|-resisted|p1a: Urshifu\n|-damage|p1a: Urshifu|60\/100\n|-damage|p2a: Crawdaunt|14\/100|[from] item: Life Orb\n|move|p1a: Urshifu|U-turn|p2a: Crawdaunt\n|-supereffective|p2a: Crawdaunt\n|-damage|p2a: Crawdaunt|0 fnt\n|faint|p2a: Crawdaunt\n|\n|t:|1662365303\n|switch|p1a: Landorus|Landorus-Therian, M|100\/100|[from]move: U-turn\n|\n|upkeep\n|j| Yoyolord\n|\n|t:|1662365330\n|switch|p2a: Mew|Mew, shiny|100\/100\n|turn|3\n|\n|t:|1662365336\n|move|p2a: Mew|Stealth Rock|p1a: Landorus\n|-sidestart|p1: Txapos|move: Stealth Rock\n|move|p1a: Landorus|U-turn|p2a: Mew\n|-supereffective|p2a: Mew\n|-damage|p2a: Mew|64\/100\n|\n|t:|1662365348\n|switch|p1a: Corviknight|Corviknight, M|100\/100|[from]move: U-turn\n|-damage|p1a: Corviknight|88\/100|[from] Stealth Rock\n|-ability|p1a: Corviknight|Pressure\n|\n|upkeep\n|turn|4\n|\n|t:|1662365359\n|move|p2a: Mew|Taunt|p1a: Corviknight\n|-start|p1a: Corviknight|move: Taunt\n|cant|p1a: Corviknight|move: Taunt|Defog\n|\n|upkeep\n|turn|5\n|\n|t:|1662365368\n|move|p2a: Mew|Will-O-Wisp|p1a: Corviknight\n|-status|p1a: Corviknight|brn\n|move|p1a: Corviknight|U-turn|p2a: Mew\n|-supereffective|p2a: Mew\n|-damage|p2a: Mew|53\/100\n|\n|t:|1662365375\n|switch|p1a: Weavile|Weavile, M|100\/100|[from]move: U-turn\n|-ability|p1a: Weavile|Pressure\n|\n|upkeep\n|turn|6\n|\n|t:|1662365383\n|move|p1a: Weavile|Knock Off|p2a: Mew\n|-supereffective|p2a: Mew\n|-enditem|p2a: Mew|Colbur Berry|[eat]\n|-enditem|p2a: Mew|Colbur Berry|[weaken]\n|-damage|p2a: Mew|15\/100\n|move|p2a: Mew|Will-O-Wisp|p1a: Weavile\n|-status|p1a: Weavile|brn\n|\n|-damage|p1a: Weavile|94\/100 brn|[from] brn\n|upkeep\n|turn|7\n|\n|t:|1662365397\n|move|p1a: Weavile|Triple Axel|p2a: Mew\n|-damage|p2a: Mew|11\/100\n|-damage|p2a: Mew|2\/100\n|-damage|p2a: Mew|0 fnt\n|faint|p2a: Mew\n|-hitcount|p2: Mew|3\n|\n|-damage|p1a: Weavile|88\/100 brn|[from] brn\n|upkeep\n|\n|t:|1662365409\n|switch|p2a: Weavile|Weavile, F, shiny|100\/100\n|turn|8\n|\n|t:|1662365425\n|move|p1a: Weavile|Knock Off|p2a: Weavile\n|-resisted|p2a: Weavile\n|-damage|p2a: Weavile|81\/100\n|-enditem|p2a: Weavile|Life Orb|[from] move: Knock Off|[of] p1a: Weavile\n|-enditem|p1a: Weavile|Heavy-Duty Boots|[silent]|[from] ability: Pickpocket|[of] p1a: Weavile\n|-item|p2a: Weavile|Heavy-Duty Boots|[from] ability: Pickpocket|[of] p1a: Weavile\n|move|p2a: Weavile|Swords Dance|p2a: Weavile\n|-boost|p2a: Weavile|atk|2\n|\n|-damage|p1a: Weavile|82\/100 brn|[from] brn\n|upkeep\n|turn|9\n|\n|t:|1662365439\n|switch|p1a: Urshifu|Urshifu-Rapid-Strike, M|60\/100\n|-damage|p1a: Urshifu|54\/100|[from] Stealth Rock\n|move|p2a: Weavile|Swords Dance|p2a: Weavile\n|-boost|p2a: Weavile|atk|2\n|\n|upkeep\n|turn|10\n|\n|t:|1662365454\n|move|p2a: Weavile|Triple Axel|p1a: Urshifu\n|-resisted|p1a: Urshifu\n|-damage|p1a: Urshifu|37\/100\n|-resisted|p1a: Urshifu\n|-damage|p1a: Urshifu|5\/100\n|-resisted|p1a: Urshifu\n|-damage|p1a: Urshifu|0 fnt\n|faint|p1a: Urshifu\n|-hitcount|p1: Urshifu|3\n|\n|upkeep\n|inactive|Txapos has 120 seconds left.\n|l| Yoyolord\n|\n|t:|1662365490\n|switch|p1a: Tapu Koko|Tapu Koko|100\/100\n|-fieldstart|move: Electric Terrain|[from] ability: Electric Surge|[of] p1a: Tapu Koko\n|turn|11\n|\n|t:|1662365500\n|move|p2a: Weavile|Ice Shard|p1a: Tapu Koko\n|-damage|p1a: Tapu Koko|9\/100\n|move|p1a: Tapu Koko|Thunderbolt|p2a: Weavile\n|-damage|p2a: Weavile|16\/100\n|\n|upkeep\n|turn|12\n|c|\u2606dmt dreams|?\n|\n|t:|1662365517\n|switch|p1a: Weavile|Weavile, M|82\/100 brn\n|-damage|p1a: Weavile|57\/100 brn|[from] Stealth Rock\n|-ability|p1a: Weavile|Pressure\n|move|p2a: Weavile|Ice Shard|p1a: Weavile\n|-resisted|p1a: Weavile\n|-damage|p1a: Weavile|3\/100 brn\n|\n|-damage|p1a: Weavile|0 fnt|[from] brn\n|faint|p1a: Weavile\n|upkeep\n|\n|t:|1662365530\n|switch|p1a: Slowking|Slowking-Galar, M|100\/100\n|-damage|p1a: Slowking|88\/100|[from] Stealth Rock\n|turn|13\n|\n|t:|1662365536\n|move|p2a: Weavile|Ice Shard|p1a: Slowking\n|-damage|p1a: Slowking|23\/100\n|move|p1a: Slowking|Flamethrower|p2a: Weavile\n|-supereffective|p2a: Weavile\n|-damage|p2a: Weavile|0 fnt\n|faint|p2a: Weavile\n|\n|upkeep\n|\n|t:|1662365540\n|switch|p2a: Blacephalon|Blacephalon, shiny|100\/100\n|turn|14\n|inactive|Txapos has 90 seconds left.\n|\n|t:|1662365587\n|move|p2a: Blacephalon|Flamethrower|p1a: Slowking\n|-damage|p1a: Slowking|0 fnt\n|faint|p1a: Slowking\n|-ability|p2a: Blacephalon|Beast Boost|boost\n|-boost|p2a: Blacephalon|spa|1\n|\n|upkeep\n|\n|t:|1662365597\n|switch|p1a: Landorus|Landorus-Therian, M|100\/100\n|-damage|p1a: Landorus|88\/100|[from] Stealth Rock\n|-ability|p1a: Landorus|Intimidate|boost\n|-unboost|p2a: Blacephalon|atk|1\n|turn|15\n|\n|t:|1662365604\n|move|p2a: Blacephalon|Flamethrower|p1a: Landorus\n|-damage|p1a: Landorus|24\/100\n|move|p1a: Landorus|Earthquake|p2a: Blacephalon\n|-supereffective|p2a: Blacephalon\n|-damage|p2a: Blacephalon|0 fnt\n|faint|p2a: Blacephalon\n|\n|-heal|p1a: Landorus|30\/100|[from] item: Leftovers\n|-fieldend|move: Electric Terrain\n|upkeep\n|\n|t:|1662365608\n|switch|p2a: Celesteela|Celesteela, shiny|100\/100\n|turn|16\n|\n|t:|1662365620\n|move|p2a: Celesteela|Autotomize|p2a: Celesteela\n|-boost|p2a: Celesteela|spe|2\n|-start|p2a: Celesteela|Autotomize\n|move|p1a: Landorus|U-turn|p2a: Celesteela\n|-resisted|p2a: Celesteela\n|-damage|p2a: Celesteela|95\/100\n|\n|t:|1662365632\n|switch|p1a: Corviknight|Corviknight, M|88\/100 brn|[from]move: U-turn\n|-damage|p1a: Corviknight|75\/100 brn|[from] Stealth Rock\n|-ability|p1a: Corviknight|Pressure\n|\n|-damage|p1a: Corviknight|69\/100 brn|[from] brn\n|upkeep\n|turn|17\n|\n|t:|1662365640\n|move|p2a: Celesteela|Meteor Beam||[still]\n|-prepare|p2a: Celesteela|Meteor Beam\n|-boost|p2a: Celesteela|spa|1\n|-enditem|p2a: Celesteela|Power Herb\n|-anim|p2a: Celesteela|Meteor Beam|p1a: Corviknight\n|-damage|p1a: Corviknight|14\/100 brn\n|move|p1a: Corviknight|Defog|p2a: Celesteela\n|-unboost|p2a: Celesteela|evasion|1\n|-sideend|p1: Txapos|Stealth Rock|[from] move: Defog|[of] p1a: Corviknight\n|\n|-damage|p1a: Corviknight|8\/100 brn|[from] brn\n|upkeep\n|turn|18\n|\n|t:|1662365651\n|move|p2a: Celesteela|Flamethrower|p1a: Corviknight\n|-supereffective|p1a: Corviknight\n|-damage|p1a: Corviknight|0 fnt\n|faint|p1a: Corviknight\n|-ability|p2a: Celesteela|Beast Boost|boost\n|-boost|p2a: Celesteela|spa|1\n|\n|upkeep\n|\n|t:|1662365663\n|switch|p1a: Landorus|Landorus-Therian, M|30\/100\n|-ability|p1a: Landorus|Intimidate|boost\n|-unboost|p2a: Celesteela|atk|1\n|turn|19\n|c|\u2606dmt dreams|gg\n|c|\u2606dmt dreams|u bot\n|inactive|Txapos has 60 seconds left.\n|inactive|Txapos has 30 seconds left.\n|inactive|Txapos has 20 seconds left.\n|inactive|Txapos has 15 seconds left.\n|inactive|Txapos has 10 seconds left.\n|inactive|Txapos has 5 seconds left.\n|-message|Txapos lost due to inactivity.\n|\n|win|dmt dreams\n|n|\u2606Txapos|txapos\n|n|\u2606dmt dreams|dmtdreams\n","uploadtime":1662365758,"views":78,"p1id":"txapos","p2id":"dmtdreams","formatid":"gen8ou","rating":0,"private":0,"password":null}