{"id":"gen8ou-1111325806","p1":"friedfreak","p2":"tnecilleJPO","format":"gen8ou","log":"|j|\u2606friedfreak\n|j|\u2606tnecilleJPO\n|player|p1|friedfreak|265|1882\n|player|p2|tnecilleJPO|lucas-gen4pt|1797\n|teamsize|p1|6\n|teamsize|p2|6\n|gametype|singles\n|gen|8\n|tier|[Gen 8] OU\n|rated|\n|clearpoke\n|poke|p1|Excadrill, M|\n|poke|p1|Hippowdon, F|\n|poke|p1|Ferrothorn, M|\n|poke|p1|Dragapult, M|\n|poke|p1|Rotom-Heat|\n|poke|p1|Clefable, F|\n|poke|p2|Gardevoir, F|\n|poke|p2|Ferrothorn, F|\n|poke|p2|Hydreigon, M|\n|poke|p2|Dragapult, M|\n|poke|p2|Toxapex, M|\n|poke|p2|Conkeldurr, F|\n|rule|Sleep Clause Mod: Limit one foe put to sleep\n|rule|Species Clause: Limit one of each Pok\u00e9mon\n|rule|OHKO Clause: OHKO moves are banned\n|rule|Evasion Moves Clause: Evasion moves are banned\n|rule|Endless Battle Clause: Forcing endless battles is banned\n|rule|HP Percentage Mod: HP is shown in percentages\n|rule|Dynamax Clause: You cannot dynamax\n|teampreview\n|inactive|Battle timer is ON: inactive players will automatically lose when time's up. (requested by tnecilleJPO)\n|inactive|tnecilleJPO has 120 seconds left.\n|j| WaterDrake\n|\n|start\n|switch|p1a: Clefable|Clefable, F|100\/100\n|switch|p2a: Dragapult|Dragapult, M|100\/100\n|turn|1\n|\n|move|p2a: Dragapult|U-turn|p1a: Clefable\n|-resisted|p1a: Clefable\n|-damage|p1a: Clefable|91\/100\n|\n|switch|p2a: Toxapex|Toxapex, M|100\/100|[from]move: U-turn\n|move|p1a: Clefable|Teleport|p1a: Clefable\n|j| DcMarvelAnimeFan\n|\n|switch|p1a: Ferrothorn|Ferrothorn, M|100\/100|[from]move: Teleport\n|\n|upkeep\n|turn|2\n|\n|move|p2a: Toxapex|Toxic Spikes|p1a: Ferrothorn\n|-sidestart|p1: friedfreak|move: Toxic Spikes\n|move|p1a: Ferrothorn|Knock Off|p2a: Toxapex\n|-damage|p2a: Toxapex|87\/100\n|-enditem|p2a: Toxapex|Black Sludge|[from] move: Knock Off|[of] p1a: Ferrothorn\n|\n|upkeep\n|turn|3\n|\n|move|p2a: Toxapex|Toxic Spikes|p1a: Ferrothorn\n|-sidestart|p1: friedfreak|move: Toxic Spikes\n|move|p1a: Ferrothorn|Spikes|p2a: Toxapex\n|-sidestart|p2: tnecilleJPO|Spikes\n|\n|upkeep\n|turn|4\n|\n|move|p2a: Toxapex|Scald|p1a: Ferrothorn\n|-resisted|p1a: Ferrothorn\n|-damage|p1a: Ferrothorn|93\/100\n|move|p1a: Ferrothorn|Leech Seed|p2a: Toxapex|[miss]\n|-miss|p1a: Ferrothorn|p2a: Toxapex\n|\n|-heal|p1a: Ferrothorn|99\/100|[from] item: Leftovers\n|upkeep\n|turn|5\n|\n|move|p2a: Toxapex|Scald|p1a: Ferrothorn\n|-resisted|p1a: Ferrothorn\n|-damage|p1a: Ferrothorn|92\/100\n|move|p1a: Ferrothorn|Leech Seed|p2a: Toxapex\n|-start|p2a: Toxapex|move: Leech Seed\n|\n|-heal|p1a: Ferrothorn|98\/100|[from] item: Leftovers\n|-damage|p2a: Toxapex|75\/100|[from] Leech Seed|[of] p1a: Ferrothorn\n|-heal|p1a: Ferrothorn|100\/100|[silent]\n|upkeep\n|turn|6\n|\n|switch|p2a: Ferrothorn|Ferrothorn, F|100\/100\n|-damage|p2a: Ferrothorn|88\/100|[from] Spikes\n|switch|p1a: Rotom|Rotom-Heat|100\/100\n|\n|upkeep\n|turn|7\n|\n|switch|p2a: Gardevoir|Gardevoir, F|100\/100\n|-damage|p2a: Gardevoir|88\/100|[from] Spikes\n|-ability|p2a: Gardevoir|Levitate|[from] ability: Trace|[of] p1a: Rotom\n|move|p1a: Rotom|Overheat|p2a: Gardevoir\n|-damage|p2a: Gardevoir|56\/100\n|-unboost|p1a: Rotom|spa|2\n|\n|-heal|p2a: Gardevoir|62\/100|[from] item: Leftovers\n|upkeep\n|turn|8\n|\n|move|p1a: Rotom|Toxic|p2a: Gardevoir\n|-status|p2a: Gardevoir|tox\n|move|p2a: Gardevoir|Wish|p2a: Gardevoir\n|\n|-heal|p2a: Gardevoir|68\/100 tox|[from] item: Leftovers\n|-damage|p2a: Gardevoir|62\/100 tox|[from] psn\n|upkeep\n|turn|9\n|\n|switch|p1a: Clefable|Clefable, F|91\/100\n|-status|p1a: Clefable|tox\n|move|p2a: Gardevoir|Teleport|p2a: Gardevoir\n|\n|switch|p2a: Ferrothorn|Ferrothorn, F|88\/100|[from]move: Teleport\n|-damage|p2a: Ferrothorn|75\/100|[from] Spikes\n|\n|-heal|p2a: Ferrothorn|100\/100|[from] move: Wish|[wisher] Gardevoir\n|-heal|p1a: Clefable|97\/100 tox|[from] item: Leftovers\n|upkeep\n|turn|10\n|\n|move|p2a: Ferrothorn|Knock Off|p1a: Clefable\n|-resisted|p1a: Clefable\n|-damage|p1a: Clefable|85\/100 tox\n|-enditem|p1a: Clefable|Leftovers|[from] move: Knock Off|[of] p2a: Ferrothorn\n|move|p1a: Clefable|Teleport|p1a: Clefable\n|\n|switch|p1a: Rotom|Rotom-Heat|100\/100|[from]move: Teleport\n|\n|upkeep\n|turn|11\n|\n|switch|p2a: Gardevoir|Gardevoir, F|62\/100 tox\n|-damage|p2a: Gardevoir|50\/100 tox|[from] Spikes\n|-ability|p2a: Gardevoir|Levitate|[from] ability: Trace|[of] p1a: Rotom\n|move|p1a: Rotom|Overheat|p2a: Gardevoir|[miss]\n|-miss|p1a: Rotom|p2a: Gardevoir\n|\n|-heal|p2a: Gardevoir|56\/100 tox|[from] item: Leftovers\n|-damage|p2a: Gardevoir|50\/100 tox|[from] psn\n|upkeep\n|turn|12\n|\n|move|p1a: Rotom|Nasty Plot|p1a: Rotom\n|-boost|p1a: Rotom|spa|2\n|move|p2a: Gardevoir|Teleport|p2a: Gardevoir\n|\n|switch|p2a: Hydreigon|Hydreigon, M|100\/100|[from]move: Teleport\n|\n|upkeep\n|turn|13\n|\n|switch|p1a: Clefable|Clefable, F|85\/100 tox\n|move|p2a: Hydreigon|Nasty Plot|p2a: Hydreigon\n|-boost|p2a: Hydreigon|spa|2\n|\n|upkeep\n|turn|14\n|\n|move|p2a: Hydreigon|Flash Cannon|p1a: Clefable\n|-supereffective|p1a: Clefable\n|-damage|p1a: Clefable|0 fnt\n|-damage|p2a: Hydreigon|91\/100|[from] item: Life Orb\n|faint|p1a: Clefable\n|\n|upkeep\n|\n|switch|p1a: Dragapult|Dragapult, M|100\/100\n|-status|p1a: Dragapult|tox\n|turn|15\n|j| Celtis\n|\n|switch|p2a: Toxapex|Toxapex, M|100\/100\n|-damage|p2a: Toxapex|88\/100|[from] Spikes\n|move|p1a: Dragapult|Draco Meteor|p2a: Toxapex\n|-damage|p2a: Toxapex|40\/100\n|-unboost|p1a: Dragapult|spa|2\n|\n|-damage|p1a: Dragapult|95\/100 tox|[from] psn\n|upkeep\n|turn|16\n|\n|move|p1a: Dragapult|U-turn|p2a: Toxapex\n|-resisted|p2a: Toxapex\n|-damage|p2a: Toxapex|35\/100\n|\n|switch|p1a: Ferrothorn|Ferrothorn, M|100\/100|[from]move: U-turn\n|move|p2a: Toxapex|Recover|p2a: Toxapex\n|-heal|p2a: Toxapex|85\/100\n|\n|upkeep\n|turn|17\n|\n|switch|p2a: Ferrothorn|Ferrothorn, F|100\/100\n|-damage|p2a: Ferrothorn|88\/100|[from] Spikes\n|move|p1a: Ferrothorn|Leech Seed|p2a: Ferrothorn\n|-immune|p2a: Ferrothorn\n|\n|upkeep\n|turn|18\n|\n|move|p1a: Ferrothorn|Spikes|p2a: Ferrothorn\n|-sidestart|p2: tnecilleJPO|Spikes\n|move|p2a: Ferrothorn|Knock Off|p1a: Ferrothorn\n|-damage|p1a: Ferrothorn|89\/100\n|-damage|p2a: Ferrothorn|75\/100|[from] ability: Iron Barbs|[of] p1a: Ferrothorn\n|-enditem|p1a: Ferrothorn|Leftovers|[from] move: Knock Off|[of] p2a: Ferrothorn\n|\n|upkeep\n|turn|19\n|\n|move|p1a: Ferrothorn|Spikes|p2a: Ferrothorn\n|-sidestart|p2: tnecilleJPO|Spikes\n|move|p2a: Ferrothorn|Stealth Rock|p1a: Ferrothorn\n|-sidestart|p1: friedfreak|move: Stealth Rock\n|\n|upkeep\n|turn|20\n|\n|move|p1a: Ferrothorn|Knock Off|p2a: Ferrothorn\n|-damage|p2a: Ferrothorn|64\/100\n|-damage|p1a: Ferrothorn|77\/100|[from] ability: Iron Barbs|[of] p2a: Ferrothorn\n|-damage|p1a: Ferrothorn|60\/100|[from] item: Rocky Helmet|[of] p2a: Ferrothorn\n|-enditem|p2a: Ferrothorn|Rocky Helmet|[from] move: Knock Off|[of] p1a: Ferrothorn\n|move|p2a: Ferrothorn|Leech Seed|p1a: Ferrothorn\n|-immune|p1a: Ferrothorn\n|\n|upkeep\n|turn|21\n|\n|switch|p1a: Rotom|Rotom-Heat|100\/100\n|move|p2a: Ferrothorn|Knock Off|p1a: Rotom\n|-damage|p1a: Rotom|78\/100\n|-enditem|p1a: Rotom|Heavy-Duty Boots|[from] move: Knock Off|[of] p2a: Ferrothorn\n|\n|upkeep\n|turn|22\n|\n|switch|p2a: Gardevoir|Gardevoir, F|50\/100 tox\n|-damage|p2a: Gardevoir|25\/100 tox|[from] Spikes\n|-ability|p2a: Gardevoir|Levitate|[from] ability: Trace|[of] p1a: Rotom\n|move|p1a: Rotom|Overheat|p2a: Gardevoir\n|-damage|p2a: Gardevoir|0 fnt\n|-unboost|p1a: Rotom|spa|2\n|faint|p2a: Gardevoir\n|\n|upkeep\n|\n|switch|p2a: Conkeldurr|Conkeldurr, F|100\/100\n|-damage|p2a: Conkeldurr|76\/100|[from] Spikes\n|turn|23\n|\n|switch|p1a: Ferrothorn|Ferrothorn, M|60\/100\n|-damage|p1a: Ferrothorn|54\/100|[from] Stealth Rock\n|move|p2a: Conkeldurr|Knock Off|p1a: Ferrothorn\n|-damage|p1a: Ferrothorn|38\/100\n|-damage|p2a: Conkeldurr|63\/100|[from] ability: Iron Barbs|[of] p1a: Ferrothorn\n|\n|-status|p2a: Conkeldurr|brn|[from] item: Flame Orb\n|upkeep\n|turn|24\n|\n|move|p2a: Conkeldurr|Drain Punch|p1a: Ferrothorn\n|-supereffective|p1a: Ferrothorn\n|-damage|p1a: Ferrothorn|0 fnt\n|-heal|p2a: Conkeldurr|81\/100 brn|[from] drain|[of] p1a: Ferrothorn\n|-damage|p2a: Conkeldurr|69\/100 brn|[from] ability: Iron Barbs|[of] p1a: Ferrothorn\n|faint|p1a: Ferrothorn\n|\n|-damage|p2a: Conkeldurr|63\/100 brn|[from] brn\n|upkeep\n|\n|switch|p1a: Dragapult|Dragapult, M|95\/100 tox\n|-damage|p1a: Dragapult|82\/100 tox|[from] Stealth Rock\n|turn|25\n|\n|switch|p2a: Ferrothorn|Ferrothorn, F|64\/100\n|-damage|p2a: Ferrothorn|39\/100|[from] Spikes\n|move|p1a: Dragapult|Hex|p2a: Ferrothorn\n|-damage|p2a: Ferrothorn|5\/100\n|\n|-damage|p1a: Dragapult|76\/100 tox|[from] psn\n|upkeep\n|turn|26\n|j| Victini07\n|\n|move|p1a: Dragapult|Hex|p2a: Ferrothorn\n|-damage|p2a: Ferrothorn|0 fnt\n|faint|p2a: Ferrothorn\n|\n|-damage|p1a: Dragapult|64\/100 tox|[from] psn\n|upkeep\n|\n|switch|p2a: Dragapult|Dragapult, M|100\/100\n|-damage|p2a: Dragapult|76\/100|[from] Spikes\n|turn|27\n|j| slobadd\n|\n|switch|p1a: Rotom|Rotom-Heat|78\/100\n|-damage|p1a: Rotom|54\/100|[from] Stealth Rock\n|move|p2a: Dragapult|Shadow Ball|p1a: Rotom\n|-damage|p1a: Rotom|15\/100\n|-unboost|p1a: Rotom|spd|1\n|\n|upkeep\n|turn|28\n|j| cancer02\n|\n|move|p2a: Dragapult|Shadow Ball|p1a: Rotom\n|-damage|p1a: Rotom|0 fnt\n|faint|p1a: Rotom\n|\n|upkeep\n|\n|switch|p1a: Hippowdon|Hippowdon, F|100\/100\n|-damage|p1a: Hippowdon|94\/100|[from] Stealth Rock\n|-status|p1a: Hippowdon|tox\n|-weather|Sandstorm|[from] ability: Sand Stream|[of] p1a: Hippowdon\n|turn|29\n|inactive|friedfreak has 120 seconds left.\n|\n|switch|p2a: Toxapex|Toxapex, M|100\/100\n|-damage|p2a: Toxapex|75\/100|[from] Spikes\n|move|p1a: Hippowdon|Earthquake|p2a: Toxapex\n|-supereffective|p2a: Toxapex\n|-damage|p2a: Toxapex|29\/100\n|\n|-weather|Sandstorm|[upkeep]\n|-damage|p2a: Toxapex|23\/100|[from] Sandstorm\n|-damage|p1a: Hippowdon|88\/100 tox|[from] psn\n|upkeep\n|turn|30\n|inactive|friedfreak has 120 seconds left.\n|\n|move|p1a: Hippowdon|Earthquake|p2a: Toxapex\n|-supereffective|p2a: Toxapex\n|-damage|p2a: Toxapex|0 fnt\n|faint|p2a: Toxapex\n|\n|-weather|Sandstorm|[upkeep]\n|-damage|p1a: Hippowdon|76\/100 tox|[from] psn\n|upkeep\n|\n|switch|p2a: Hydreigon|Hydreigon, M|91\/100\n|turn|31\n|inactive|friedfreak has 120 seconds left.\n|\n|switch|p1a: Excadrill|Excadrill, M|100\/100\n|-damage|p1a: Excadrill|97\/100|[from] Stealth Rock\n|move|p2a: Hydreigon|Dark Pulse|p1a: Excadrill\n|-damage|p1a: Excadrill|22\/100\n|-damage|p2a: Hydreigon|81\/100|[from] item: Life Orb\n|\n|-weather|Sandstorm|[upkeep]\n|-damage|p2a: Hydreigon|75\/100|[from] Sandstorm\n|-heal|p1a: Excadrill|28\/100|[from] item: Leftovers\n|upkeep\n|turn|32\n|\n|move|p1a: Excadrill|Iron Head|p2a: Hydreigon\n|-damage|p2a: Hydreigon|29\/100\n|move|p2a: Hydreigon|Dark Pulse|p1a: Excadrill\n|-damage|p1a: Excadrill|0 fnt\n|-damage|p2a: Hydreigon|19\/100|[from] item: Life Orb\n|faint|p1a: Excadrill\n|\n|-weather|Sandstorm|[upkeep]\n|-damage|p2a: Hydreigon|12\/100|[from] Sandstorm\n|upkeep\n|j| WidmSpectra\n|\n|switch|p1a: Dragapult|Dragapult, M|64\/100 tox\n|-damage|p1a: Dragapult|52\/100 tox|[from] Stealth Rock\n|turn|33\n|j| Petite Coquine\n|\n|switch|p2a: Conkeldurr|Conkeldurr, F|63\/100 brn\n|-damage|p2a: Conkeldurr|38\/100 brn|[from] Spikes\n|move|p1a: Dragapult|Hex|p2a: Conkeldurr\n|-damage|p2a: Conkeldurr|0 fnt\n|faint|p2a: Conkeldurr\n|\n|-weather|none\n|-damage|p1a: Dragapult|46\/100 tox|[from] psn\n|upkeep\n|\n|switch|p2a: Dragapult|Dragapult, M|76\/100\n|-damage|p2a: Dragapult|51\/100|[from] Spikes\n|turn|34\n|\n|move|p2a: Dragapult|Shadow Ball|p1a: Dragapult\n|-supereffective|p1a: Dragapult\n|-damage|p1a: Dragapult|0 fnt\n|faint|p1a: Dragapult\n|\n|upkeep\n|j| qqace\n|-message|friedfreak forfeited.\n|\n|win|tnecilleJPO\n|l|\u2606friedfreak\n|l| Victini07\n|l| DcMarvelAnimeFan\n|l|\u2606tnecilleJPO\n|j|\u2606tnecilleJPO\n|player|p2|tnecilleJPO|lucas-gen4pt\n|l| cancer02\n|raw|friedfreak's rating: 1899 &rarr; <strong>1874<\/strong><br \/>(-25 for losing)\n|raw|tnecilleJPO's rating: 1797 &rarr; <strong>1823<\/strong><br \/>(+26 for winning)\n","uploadtime":1588987970,"views":21,"p1id":"friedfreak","p2id":"tnecillejpo","formatid":"gen8ou","rating":1823,"private":0,"password":null}