{"id":"gen8ou-1584217028","p1":"cump3","p2":"loolllool","format":"gen8ou","log":"|j|\u2606cump3\n|j|\u2606loolllool\n|t:|1653685194\n|gametype|singles\n|player|p1|cump3|gentleman-gen4|1513\n|player|p2|loolllool|1|1550\n|teamsize|p1|6\n|teamsize|p2|6\n|gen|8\n|tier|[Gen 8] OU\n|rated|\n|rule|Sleep Clause Mod: Limit one foe put to sleep\n|rule|Species Clause: Limit one of each Pok\u00e9mon\n|rule|OHKO Clause: OHKO moves are banned\n|rule|Evasion Moves Clause: Evasion moves are banned\n|rule|Endless Battle Clause: Forcing endless battles is banned\n|rule|HP Percentage Mod: HP is shown in percentages\n|rule|Dynamax Clause: You cannot dynamax\n|clearpoke\n|poke|p1|Ferrothorn, F|\n|poke|p1|Tornadus-Therian, M|\n|poke|p1|Slowking, M|\n|poke|p1|Urshifu-*, F|\n|poke|p1|Porygon-Z|\n|poke|p1|Landorus-Therian, M|\n|poke|p2|Tapu Lele|\n|poke|p2|Kartana|\n|poke|p2|Heatran, F|\n|poke|p2|Tornadus-Therian, M|\n|poke|p2|Dragonite, M|\n|poke|p2|Toxapex, F|\n|teampreview\n|\n|t:|1653685224\n|start\n|switch|p1a: Landorus|Landorus-Therian, M|100\/100\n|switch|p2a: Tornadus|Tornadus-Therian, M|100\/100\n|-ability|p1a: Landorus|Intimidate|boost\n|-unboost|p2a: Tornadus|atk|1\n|turn|1\n|\n|t:|1653685231\n|move|p1a: Landorus|Knock Off|p2a: Tornadus\n|-damage|p2a: Tornadus|61\/100\n|-enditem|p2a: Tornadus|Heavy-Duty Boots|[from] move: Knock Off|[of] p1a: Landorus\n|move|p2a: Tornadus|Knock Off|p1a: Landorus\n|-damage|p1a: Landorus|85\/100\n|-enditem|p1a: Landorus|Choice Scarf|[from] move: Knock Off|[of] p2a: Tornadus\n|\n|upkeep\n|turn|2\n|\n|t:|1653685235\n|move|p2a: Tornadus|Hurricane|p1a: Landorus\n|-damage|p1a: Landorus|33\/100\n|move|p1a: Landorus|Toxic|p2a: Tornadus\n|-status|p2a: Tornadus|tox\n|\n|-damage|p2a: Tornadus|55\/100 tox|[from] psn\n|upkeep\n|turn|3\n|\n|t:|1653685242\n|move|p2a: Tornadus|U-turn|p1a: Landorus\n|-resisted|p1a: Landorus\n|-damage|p1a: Landorus|28\/100\n|\n|t:|1653685244\n|switch|p2a: Dragonite|Dragonite, M|100\/100|[from]move: U-turn\n|move|p1a: Landorus|U-turn|p2a: Dragonite\n|-resisted|p2a: Dragonite\n|-damage|p2a: Dragonite|94\/100\n|\n|t:|1653685251\n|switch|p1a: Porygon-Z|Porygon-Z, shiny|100\/100|[from]move: U-turn\n|-ability|p1a: Porygon-Z|Download|boost\n|-boost|p1a: Porygon-Z|spa|1\n|\n|upkeep\n|turn|4\n|\n|t:|1653685255\n|switch|p2a: Heatran|Heatran, F|100\/100\n|move|p1a: Porygon-Z|Tri Attack|p2a: Heatran\n|-resisted|p2a: Heatran\n|-damage|p2a: Heatran|69\/100\n|\n|-heal|p2a: Heatran|75\/100|[from] item: Leftovers\n|upkeep\n|turn|5\n|\n|t:|1653685261\n|switch|p1a: Slowking|Slowking, M, shiny|100\/100\n|move|p2a: Heatran|Stealth Rock|p1a: Slowking\n|-sidestart|p1: cump3|move: Stealth Rock\n|\n|-heal|p2a: Heatran|81\/100|[from] item: Leftovers\n|upkeep\n|turn|6\n|\n|t:|1653685271\n|switch|p2a: Kartana|Kartana|100\/100\n|move|p1a: Slowking|Teleport|p1a: Slowking\n|\n|t:|1653685275\n|switch|p1a: Tornadus|Tornadus-Therian, M, shiny|100\/100|[from]move: Teleport\n|\n|upkeep\n|turn|7\n|\n|t:|1653685281\n|move|p2a: Kartana|Knock Off|p1a: Tornadus\n|-crit|p1a: Tornadus\n|-damage|p1a: Tornadus|35\/100\n|-enditem|p1a: Tornadus|Heavy-Duty Boots|[from] move: Knock Off|[of] p2a: Kartana\n|move|p1a: Tornadus|Defog|p2a: Kartana\n|-unboost|p2a: Kartana|evasion|1\n|-sideend|p1: cump3|Stealth Rock|[from] move: Defog|[of] p1a: Tornadus\n|\n|upkeep\n|turn|8\n|\n|t:|1653685285\n|move|p2a: Kartana|Knock Off|p1a: Tornadus\n|-damage|p1a: Tornadus|7\/100\n|move|p1a: Tornadus|U-turn|p2a: Kartana\n|-damage|p2a: Kartana|85\/100\n|\n|t:|1653685289\n|switch|p1a: Urshifu|Urshifu-Rapid-Strike, F|100\/100|[from]move: U-turn\n|\n|upkeep\n|turn|9\n|\n|t:|1653685293\n|switch|p2a: Toxapex|Toxapex, F|100\/100\n|move|p1a: Urshifu|U-turn|p2a: Toxapex\n|-resisted|p2a: Toxapex\n|-damage|p2a: Toxapex|87\/100\n|-damage|p1a: Urshifu|84\/100|[from] item: Rocky Helmet|[of] p2a: Toxapex\n|\n|t:|1653685295\n|switch|p1a: Porygon-Z|Porygon-Z, shiny|100\/100|[from]move: U-turn\n|-ability|p1a: Porygon-Z|Download|boost\n|-boost|p1a: Porygon-Z|atk|1\n|\n|upkeep\n|turn|10\n|\n|t:|1653685300\n|move|p1a: Porygon-Z|Thunderbolt|p2a: Toxapex\n|-supereffective|p2a: Toxapex\n|-damage|p2a: Toxapex|14\/100\n|move|p2a: Toxapex|Toxic|p1a: Porygon-Z\n|-status|p1a: Porygon-Z|tox\n|\n|-damage|p1a: Porygon-Z|94\/100 tox|[from] psn\n|upkeep\n|turn|11\n|\n|t:|1653685306\n|switch|p2a: Heatran|Heatran, F|81\/100\n|move|p1a: Porygon-Z|Thunderbolt|p2a: Heatran\n|-damage|p2a: Heatran|50\/100\n|\n|-heal|p2a: Heatran|57\/100|[from] item: Leftovers\n|-damage|p1a: Porygon-Z|82\/100 tox|[from] psn\n|upkeep\n|turn|12\n|\n|t:|1653685319\n|switch|p1a: Slowking|Slowking, M, shiny|100\/100\n|move|p2a: Heatran|Stealth Rock|p1a: Slowking\n|-sidestart|p1: cump3|move: Stealth Rock\n|\n|-heal|p2a: Heatran|63\/100|[from] item: Leftovers\n|upkeep\n|turn|13\n|\n|t:|1653685327\n|switch|p2a: Kartana|Kartana|85\/100\n|move|p1a: Slowking|Teleport|p1a: Slowking\n|\n|t:|1653685330\n|switch|p1a: Tornadus|Tornadus-Therian, M, shiny|40\/100|[from]move: Teleport\n|-damage|p1a: Tornadus|15\/100|[from] Stealth Rock\n|\n|upkeep\n|turn|14\n|\n|t:|1653685336\n|switch|p1a: Ferrothorn|Ferrothorn, F|100\/100\n|-damage|p1a: Ferrothorn|95\/100|[from] Stealth Rock\n|move|p2a: Kartana|Knock Off|p1a: Ferrothorn\n|-damage|p1a: Ferrothorn|70\/100\n|-damage|p2a: Kartana|72\/100|[from] ability: Iron Barbs|[of] p1a: Ferrothorn\n|-damage|p2a: Kartana|56\/100|[from] item: Rocky Helmet|[of] p1a: Ferrothorn\n|-enditem|p1a: Ferrothorn|Rocky Helmet|[from] move: Knock Off|[of] p2a: Kartana\n|\n|upkeep\n|turn|15\n|\n|t:|1653685342\n|switch|p2a: Heatran|Heatran, F|63\/100\n|move|p1a: Ferrothorn|Leech Seed|p2a: Heatran\n|-start|p2a: Heatran|move: Leech Seed\n|\n|-heal|p2a: Heatran|69\/100|[from] item: Leftovers\n|-damage|p2a: Heatran|57\/100|[from] Leech Seed|[of] p1a: Ferrothorn\n|-heal|p1a: Ferrothorn|83\/100|[silent]\n|upkeep\n|turn|16\n|\n|t:|1653685348\n|switch|p2a: Tapu Lele|Tapu Lele|100\/100\n|-fieldstart|move: Psychic Terrain|[from] ability: Psychic Surge|[of] p2a: Tapu Lele\n|switch|p1a: Urshifu|Urshifu-Rapid-Strike, F|84\/100\n|-damage|p1a: Urshifu|78\/100|[from] Stealth Rock\n|\n|upkeep\n|turn|17\n|\n|t:|1653685353\n|switch|p1a: Slowking|Slowking, M, shiny|100\/100\n|switch|p2a: Toxapex|Toxapex, F|47\/100\n|\n|upkeep\n|turn|18\n|\n|t:|1653685358\n|move|p2a: Toxapex|Toxic|p1a: Slowking\n|-status|p1a: Slowking|tox\n|move|p1a: Slowking|Future Sight|p2a: Toxapex\n|-start|p1a: Slowking|move: Future Sight\n|\n|-damage|p1a: Slowking|94\/100 tox|[from] psn\n|upkeep\n|turn|19\n|\n|t:|1653685361\n|move|p2a: Toxapex|Recover|p2a: Toxapex\n|-heal|p2a: Toxapex|97\/100\n|move|p1a: Slowking|Teleport|p1a: Slowking\n|\n|t:|1653685366\n|switch|p1a: Tornadus|Tornadus-Therian, M, shiny|48\/100|[from]move: Teleport\n|-damage|p1a: Tornadus|23\/100|[from] Stealth Rock\n|\n|upkeep\n|turn|20\n|\n|t:|1653685375\n|move|p1a: Tornadus|Defog|p2a: Toxapex\n|-unboost|p2a: Toxapex|evasion|1\n|-sideend|p1: cump3|Stealth Rock|[from] move: Defog|[of] p1a: Tornadus\n|-fieldend|move: Psychic Terrain\n|move|p2a: Toxapex|Toxic|p1a: Tornadus\n|-status|p1a: Tornadus|tox\n|\n|-end|p2a: Toxapex|move: Future Sight\n|-supereffective|p2a: Toxapex\n|-damage|p2a: Toxapex|43\/100\n|-damage|p1a: Tornadus|17\/100 tox|[from] psn\n|upkeep\n|turn|21\n|\n|t:|1653685380\n|switch|p1a: Landorus|Landorus-Therian, M|28\/100\n|-ability|p1a: Landorus|Intimidate|boost\n|-unboost|p2a: Toxapex|atk|1\n|move|p2a: Toxapex|Recover|p2a: Toxapex\n|-heal|p2a: Toxapex|93\/100\n|\n|upkeep\n|turn|22\n|\n|t:|1653685383\n|switch|p2a: Tornadus|Tornadus-Therian, M|88\/100 tox\n|move|p1a: Landorus|Knock Off|p2a: Tornadus\n|-damage|p2a: Tornadus|60\/100 tox\n|\n|-damage|p2a: Tornadus|54\/100 tox|[from] psn\n|upkeep\n|turn|23\n|\n|t:|1653685390\n|switch|p1a: Ferrothorn|Ferrothorn, F|83\/100\n|move|p2a: Tornadus|Hurricane|p1a: Ferrothorn|[miss]\n|-miss|p2a: Tornadus|p1a: Ferrothorn\n|\n|-damage|p2a: Tornadus|42\/100 tox|[from] psn\n|upkeep\n|turn|24\n|\n|t:|1653685396\n|switch|p2a: Heatran|Heatran, F|57\/100\n|move|p1a: Ferrothorn|Leech Seed|p2a: Heatran\n|-start|p2a: Heatran|move: Leech Seed\n|\n|-heal|p2a: Heatran|63\/100|[from] item: Leftovers\n|-damage|p2a: Heatran|50\/100|[from] Leech Seed|[of] p1a: Ferrothorn\n|-heal|p1a: Ferrothorn|97\/100|[silent]\n|upkeep\n|turn|25\n|\n|t:|1653685402\n|move|p2a: Heatran|Stealth Rock|p1a: Ferrothorn\n|-sidestart|p1: cump3|move: Stealth Rock\n|move|p1a: Ferrothorn|Body Press|p2a: Heatran\n|-supereffective|p2a: Heatran\n|-damage|p2a: Heatran|0 fnt\n|faint|p2a: Heatran\n|\n|upkeep\n|\n|t:|1653685433\n|switch|p2a: Tapu Lele|Tapu Lele|100\/100\n|-fieldstart|move: Psychic Terrain|[from] ability: Psychic Surge|[of] p2a: Tapu Lele\n|turn|26\n|\n|t:|1653685437\n|switch|p1a: Slowking|Slowking, M, shiny|100\/100 tox\n|move|p2a: Tapu Lele|Focus Blast|p1a: Slowking|[miss]\n|-miss|p2a: Tapu Lele|p1a: Slowking\n|\n|-damage|p1a: Slowking|94\/100 tox|[from] psn\n|upkeep\n|turn|27\n|\n|t:|1653685443\n|switch|p2a: Kartana|Kartana|56\/100\n|move|p1a: Slowking|Future Sight|p2a: Kartana\n|-start|p1a: Slowking|move: Future Sight\n|\n|-damage|p1a: Slowking|82\/100 tox|[from] psn\n|upkeep\n|turn|28\n|l|\u2606loolllool\n|player|p2|\n|inactive|Battle timer is ON: inactive players will automatically lose when time's up. (requested by cump3)\n|j|\u2606loolllool\n|inactive|loolllool reconnected and has 140 seconds left.\n|player|p2|loolllool|1\n|\n|t:|1653685498\n|move|p2a: Kartana|Leaf Blade|p1a: Slowking\n|-supereffective|p1a: Slowking\n|-damage|p1a: Slowking|0 fnt\n|faint|p1a: Slowking\n|-ability|p2a: Kartana|Beast Boost|boost\n|-boost|p2a: Kartana|atk|1\n|\n|upkeep\n|\n|t:|1653685507\n|switch|p1a: Landorus|Landorus-Therian, M|28\/100\n|-damage|p1a: Landorus|16\/100|[from] Stealth Rock\n|-ability|p1a: Landorus|Intimidate|boost\n|-unboost|p2a: Kartana|atk|1\n|turn|29\n|l|\u2606loolllool\n|inactive|loolllool disconnected and has a minute to reconnect!\n|player|p2|\n|j|\u2606loolllool\n|inactive|loolllool reconnected and has 115 seconds left.\n|player|p2|loolllool|1\n|\n|t:|1653685553\n|switch|p2a: Tapu Lele|Tapu Lele|100\/100\n|switch|p1a: Ferrothorn|Ferrothorn, F|97\/100\n|-damage|p1a: Ferrothorn|91\/100|[from] Stealth Rock\n|\n|-end|p2a: Tapu Lele|move: Future Sight\n|-resisted|p2a: Tapu Lele\n|-damage|p2a: Tapu Lele|71\/100\n|upkeep\n|turn|30\n|\n|t:|1653685561\n|move|p2a: Tapu Lele|Focus Blast|p1a: Ferrothorn\n|-supereffective|p1a: Ferrothorn\n|-damage|p1a: Ferrothorn|0 fnt\n|faint|p1a: Ferrothorn\n|\n|-fieldend|move: Psychic Terrain\n|upkeep\n|\n|t:|1653685567\n|switch|p1a: Tornadus|Tornadus-Therian, M, shiny|51\/100 tox\n|-damage|p1a: Tornadus|26\/100 tox|[from] Stealth Rock\n|turn|31\n|\n|t:|1653685574\n|switch|p2a: Tornadus|Tornadus-Therian, M|75\/100 tox\n|move|p1a: Tornadus|Defog|p2a: Tornadus\n|-unboost|p2a: Tornadus|evasion|1\n|-sideend|p1: cump3|Stealth Rock|[from] move: Defog|[of] p1a: Tornadus\n|\n|-damage|p2a: Tornadus|69\/100 tox|[from] psn\n|-damage|p1a: Tornadus|20\/100 tox|[from] psn\n|upkeep\n|turn|32\n|\n|t:|1653685580\n|move|p2a: Tornadus|Knock Off|p1a: Tornadus\n|-crit|p1a: Tornadus\n|-damage|p1a: Tornadus|0 fnt\n|faint|p1a: Tornadus\n|\n|-damage|p2a: Tornadus|57\/100 tox|[from] psn\n|upkeep\n|\n|t:|1653685584\n|switch|p1a: Porygon-Z|Porygon-Z, shiny|82\/100 tox\n|-ability|p1a: Porygon-Z|Download|boost\n|-boost|p1a: Porygon-Z|atk|1\n|turn|33\n|-message|cump3 forfeited.\n|\n|win|loolllool\n|raw|cump3's rating: 1513 &rarr; <strong>1495<\/strong><br \/>(-18 for losing)\n|raw|loolllool's rating: 1550 &rarr; <strong>1568<\/strong><br \/>(+18 for winning)\n|l|\u2606cump3\n","uploadtime":1653685590,"views":33,"p1id":"cump3","p2id":"loolllool","formatid":"gen8ou","rating":1495,"private":0,"password":null}