{"id":"gen8ou-1406651236","p1":"csc31d1d","p2":"TheonReekGreyjoy","format":"gen8ou","log":"|j|\u2606csc31d1d\n|j|\u2606TheonReekGreyjoy\n|t:|1630315225\n|gametype|singles\n|player|p1|csc31d1d|lass-gen4dp|1689\n|player|p2|TheonReekGreyjoy|7|1902\n|teamsize|p1|6\n|teamsize|p2|6\n|gen|8\n|tier|[Gen 8] OU\n|rated|\n|rule|Sleep Clause Mod: Limit one foe put to sleep\n|rule|Species Clause: Limit one of each Pok\u00e9mon\n|rule|OHKO Clause: OHKO moves are banned\n|rule|Evasion Moves Clause: Evasion moves are banned\n|rule|Endless Battle Clause: Forcing endless battles is banned\n|rule|HP Percentage Mod: HP is shown in percentages\n|rule|Dynamax Clause: You cannot dynamax\n|clearpoke\n|poke|p1|Urshifu-*, M|\n|poke|p1|Slowking-Galar, F|\n|poke|p1|Ferrothorn, M|\n|poke|p1|Landorus-Therian, M|\n|poke|p1|Tornadus-Therian, M|\n|poke|p1|Bisharp, M|\n|poke|p2|Melmetal|\n|poke|p2|Dragapult, M|\n|poke|p2|Ninetales-Alola, F|\n|poke|p2|Vanilluxe, F|\n|poke|p2|Arctozolt|\n|poke|p2|Landorus-Therian, M|\n|teampreview\n|inactive|Battle timer is ON: inactive players will automatically lose when time's up. (requested by csc31d1d)\n|inactive|TheonReekGreyjoy has 120 seconds left.\n|inactive|TheonReekGreyjoy has 90 seconds left.\n|\n|t:|1630315287\n|start\n|switch|p1a: Bisharp|Bisharp, M|100\/100\n|switch|p2a: Ninetales|Ninetales-Alola, F|100\/100\n|-weather|Hail|[from] ability: Snow Warning|[of] p2a: Ninetales\n|turn|1\n|\n|t:|1630315291\n|move|p2a: Ninetales|Aurora Veil|p2a: Ninetales\n|-sidestart|p2: TheonReekGreyjoy|move: Aurora Veil\n|move|p1a: Bisharp|Iron Head|p2a: Ninetales\n|-supereffective|p2a: Ninetales\n|-damage|p2a: Ninetales|0 fnt\n|faint|p2a: Ninetales\n|\n|-weather|Hail|[upkeep]\n|-damage|p1a: Bisharp|94\/100|[from] Hail\n|upkeep\n|\n|t:|1630315300\n|switch|p2a: Arctozolt|Arctozolt|100\/100\n|turn|2\n|j| yemustbebornagain\n|\n|t:|1630315316\n|switch|p1a: Landorus|Landorus-Therian, M|100\/100\n|-ability|p1a: Landorus|Intimidate|boost\n|-unboost|p2a: Arctozolt|atk|1\n|move|p2a: Arctozolt|Blizzard|p1a: Landorus\n|-supereffective|p1a: Landorus\n|-damage|p1a: Landorus|0 fnt\n|faint|p1a: Landorus\n|\n|-weather|Hail|[upkeep]\n|upkeep\n|\n|t:|1630315335\n|switch|p1a: Ferrothorn|Ferrothorn, M|100\/100\n|turn|3\n|\n|t:|1630315347\n|switch|p2a: Melmetal|Melmetal|100\/100\n|move|p1a: Ferrothorn|Body Press|p2a: Melmetal\n|-supereffective|p2a: Melmetal\n|-damage|p2a: Melmetal|82\/100\n|\n|-weather|Hail|[upkeep]\n|-damage|p2a: Melmetal|76\/100|[from] Hail\n|-damage|p1a: Ferrothorn|94\/100|[from] Hail\n|-heal|p2a: Melmetal|82\/100|[from] item: Leftovers\n|-heal|p1a: Ferrothorn|100\/100|[from] item: Leftovers\n|upkeep\n|turn|4\n|\n|t:|1630315365\n|switch|p1a: Tornadus|Tornadus-Therian, M, shiny|100\/100\n|move|p2a: Melmetal|Substitute|p2a: Melmetal\n|-start|p2a: Melmetal|Substitute\n|-damage|p2a: Melmetal|57\/100\n|\n|-weather|Hail|[upkeep]\n|-damage|p1a: Tornadus|94\/100|[from] Hail\n|-damage|p2a: Melmetal|51\/100|[from] Hail\n|-heal|p2a: Melmetal|57\/100|[from] item: Leftovers\n|upkeep\n|turn|5\n|\n|t:|1630315379\n|move|p1a: Tornadus|Defog||[still]\n|-sideend|p2: TheonReekGreyjoy|move: Aurora Veil\n|-fail|p1a: Tornadus\n|move|p2a: Melmetal|Double Iron Bash|p1a: Tornadus\n|-damage|p1a: Tornadus|45\/100\n|-damage|p1a: Tornadus|0 fnt\n|faint|p1a: Tornadus\n|-hitcount|p1: Tornadus|2\n|\n|-weather|none\n|-heal|p2a: Melmetal|64\/100|[from] item: Leftovers\n|upkeep\n|\n|t:|1630315384\n|switch|p1a: lee sin|Urshifu-Rapid-Strike, M, shiny|100\/100\n|turn|6\n|\n|t:|1630315393\n|move|p1a: lee sin|Surging Strikes|p2a: Melmetal\n|-crit|p2a: Melmetal\n|-activate|p2a: Melmetal|move: Substitute|[damage]\n|-crit|p2a: Melmetal\n|-end|p2a: Melmetal|Substitute\n|-crit|p2a: Melmetal\n|-damage|p2a: Melmetal|45\/100\n|-hitcount|p2a: Melmetal|3\n|move|p2a: Melmetal|Earthquake|p1a: lee sin\n|-damage|p1a: lee sin|56\/100\n|\n|-heal|p2a: Melmetal|51\/100|[from] item: Leftovers\n|upkeep\n|turn|7\n|\n|t:|1630315405\n|switch|p2a: Landorus|Landorus-Therian, M|100\/100\n|-ability|p2a: Landorus|Intimidate|boost\n|-unboost|p1a: lee sin|atk|1\n|move|p1a: lee sin|Surging Strikes|p2a: Landorus\n|-supereffective|p2a: Landorus\n|-crit|p2a: Landorus\n|-damage|p2a: Landorus|49\/100\n|-damage|p1a: lee sin|40\/100|[from] item: Rocky Helmet|[of] p2a: Landorus\n|-supereffective|p2a: Landorus\n|-crit|p2a: Landorus\n|-damage|p2a: Landorus|0 fnt\n|-damage|p1a: lee sin|23\/100|[from] item: Rocky Helmet|[of] p2a: Landorus\n|faint|p2a: Landorus\n|-hitcount|p2: Landorus|2\n|\n|upkeep\n|\n|t:|1630315418\n|switch|p2a: Dragapult|Dragapult, M|100\/100\n|turn|8\n|\n|t:|1630315424\n|switch|p1a: Bisharp|Bisharp, M|94\/100\n|move|p2a: Dragapult|Dragon Darts|p1a: Bisharp\n|-resisted|p1a: Bisharp\n|-damage|p1a: Bisharp|78\/100\n|-anim|p2a: Dragapult|Dragon Darts|p1a: Bisharp\n|-resisted|p1a: Bisharp\n|-damage|p1a: Bisharp|61\/100\n|\n|upkeep\n|turn|9\n|\n|t:|1630315451\n|move|p2a: Dragapult|Dragon Darts|p1a: Bisharp\n|-resisted|p1a: Bisharp\n|-damage|p1a: Bisharp|45\/100\n|-anim|p2a: Dragapult|Dragon Darts|p1a: Bisharp\n|-resisted|p1a: Bisharp\n|-crit|p1a: Bisharp\n|-damage|p1a: Bisharp|22\/100\n|move|p1a: Bisharp|Knock Off|p2a: Dragapult\n|-supereffective|p2a: Dragapult\n|-damage|p2a: Dragapult|0 fnt\n|-enditem|p2a: Dragapult|Leftovers|[from] move: Knock Off|[of] p1a: Bisharp\n|faint|p2a: Dragapult\n|\n|upkeep\n|inactive|TheonReekGreyjoy has 120 seconds left.\n|\n|t:|1630315462\n|switch|p2a: Vanilluxe|Vanilluxe, F|100\/100\n|-weather|Hail|[from] ability: Snow Warning|[of] p2a: Vanilluxe\n|turn|10\n|inactive|csc31d1d has 120 seconds left.\n|\n|t:|1630315497\n|switch|p1a: Slowking|Slowking-Galar, F, shiny|100\/100\n|move|p2a: Vanilluxe|Blizzard|p1a: Slowking\n|-damage|p1a: Slowking|72\/100\n|\n|-weather|Hail|[upkeep]\n|-damage|p1a: Slowking|66\/100|[from] Hail\n|upkeep\n|turn|11\n|inactive|csc31d1d has 120 seconds left.\n|inactive|TheonReekGreyjoy has 120 seconds left.\n|\n|t:|1630315520\n|switch|p2a: Arctozolt|Arctozolt|100\/100\n|move|p1a: Slowking|Flamethrower|p2a: Arctozolt\n|-supereffective|p2a: Arctozolt\n|-damage|p2a: Arctozolt|29\/100\n|\n|-weather|Hail|[upkeep]\n|-damage|p1a: Slowking|60\/100|[from] Hail\n|upkeep\n|turn|12\n|inactive|TheonReekGreyjoy has 120 seconds left.\n|\n|t:|1630315532\n|switch|p1a: Ferrothorn|Ferrothorn, M|100\/100\n|move|p2a: Arctozolt|Bolt Beak|p1a: Ferrothorn\n|-resisted|p1a: Ferrothorn\n|-damage|p1a: Ferrothorn|77\/100\n|-damage|p2a: Arctozolt|17\/100|[from] ability: Iron Barbs|[of] p1a: Ferrothorn\n|\n|-weather|Hail|[upkeep]\n|-damage|p1a: Ferrothorn|71\/100|[from] Hail\n|-heal|p1a: Ferrothorn|77\/100|[from] item: Leftovers\n|upkeep\n|turn|13\n|\n|t:|1630315537\n|switch|p2a: Melmetal|Melmetal|51\/100\n|move|p1a: Ferrothorn|Body Press|p2a: Melmetal\n|-supereffective|p2a: Melmetal\n|-damage|p2a: Melmetal|19\/100\n|\n|-weather|Hail|[upkeep]\n|-damage|p2a: Melmetal|13\/100|[from] Hail\n|-damage|p1a: Ferrothorn|71\/100|[from] Hail\n|-heal|p2a: Melmetal|19\/100|[from] item: Leftovers\n|-heal|p1a: Ferrothorn|77\/100|[from] item: Leftovers\n|upkeep\n|turn|14\n|inactive|csc31d1d has 120 seconds left.\n|\n|t:|1630315564\n|move|p2a: Melmetal|Earthquake|p1a: Ferrothorn\n|-damage|p1a: Ferrothorn|52\/100\n|move|p1a: Ferrothorn|Body Press|p2a: Melmetal\n|-supereffective|p2a: Melmetal\n|-damage|p2a: Melmetal|0 fnt\n|faint|p2a: Melmetal\n|\n|-weather|none\n|-heal|p1a: Ferrothorn|58\/100|[from] item: Leftovers\n|upkeep\n|\n|t:|1630315572\n|switch|p2a: Vanilluxe|Vanilluxe, F|100\/100\n|-weather|Hail|[from] ability: Snow Warning|[of] p2a: Vanilluxe\n|turn|15\n|\n|t:|1630315578\n|move|p2a: Vanilluxe|Blizzard|p1a: Ferrothorn\n|-damage|p1a: Ferrothorn|6\/100\n|move|p1a: Ferrothorn|Body Press|p2a: Vanilluxe\n|-supereffective|p2a: Vanilluxe\n|-damage|p2a: Vanilluxe|25\/100\n|\n|-weather|Hail|[upkeep]\n|-damage|p1a: Ferrothorn|0 fnt|[from] Hail\n|faint|p1a: Ferrothorn\n|upkeep\n|\n|t:|1630315591\n|switch|p1a: Slowking|Slowking-Galar, F, shiny|93\/100\n|turn|16\n|\n|t:|1630315596\n|move|p2a: Vanilluxe|Blizzard|p1a: Slowking\n|-damage|p1a: Slowking|64\/100\n|move|p1a: Slowking|Flamethrower|p2a: Vanilluxe\n|-supereffective|p2a: Vanilluxe\n|-damage|p2a: Vanilluxe|0 fnt\n|faint|p2a: Vanilluxe\n|\n|-weather|Hail|[upkeep]\n|-damage|p1a: Slowking|58\/100|[from] Hail\n|upkeep\n|\n|t:|1630315601\n|switch|p2a: Arctozolt|Arctozolt|17\/100\n|turn|17\n|\n|t:|1630315604\n|move|p2a: Arctozolt|Bolt Beak|p1a: Slowking\n|-damage|p1a: Slowking|0 fnt\n|faint|p1a: Slowking\n|\n|-weather|Hail|[upkeep]\n|upkeep\n|\n|t:|1630315607\n|switch|p1a: lee sin|Urshifu-Rapid-Strike, M, shiny|23\/100\n|turn|18\n|\n|t:|1630315611\n|move|p1a: lee sin|Aqua Jet|p2a: Arctozolt\n|-damage|p2a: Arctozolt|0 fnt\n|faint|p2a: Arctozolt\n|\n|win|csc31d1d\n|raw|csc31d1d's rating: 1689 &rarr; <strong>1720<\/strong><br \/>(+31 for winning)\n|raw|TheonReekGreyjoy's rating: 1902 &rarr; <strong>1871<\/strong><br \/>(-31 for losing)\n","uploadtime":1630315621,"views":50,"p1id":"csc31d1d","p2id":"theonreekgreyjoy","formatid":"gen8ou","rating":1720,"private":0,"password":null}