{"id":"gen8ou-1688921565","p1":"Highv0ltag3","p2":"why addicted","format":"gen8ou","log":"|html|<div class=\"broadcast-blue\"><strong>[Gen 8] OU is currently suspecting Melmetal! For information on how to participate check out the <a href=\"https:\/\/www.smogon.com\/forums\/threads\/np-ss-ou-suspect-process-round-12-monster-mash.3709234\/\">suspect thread<\/a>.<\/strong><\/div>\n|j|\u2606Highv0ltag3\n|j|\u2606why addicted\n|t:|1666116678\n|gametype|singles\n|player|p1|Highv0ltag3|volo|1859\n|player|p2|why addicted|101|1977\n|teamsize|p1|6\n|teamsize|p2|6\n|gen|8\n|tier|[Gen 8] OU\n|rated|\n|rule|Sleep Clause Mod: Limit one foe put to sleep\n|rule|Species Clause: Limit one of each Pok\u00e9mon\n|rule|OHKO Clause: OHKO moves are banned\n|rule|Evasion Items Clause: Evasion items are banned\n|rule|Evasion Moves Clause: Evasion moves are banned\n|rule|Endless Battle Clause: Forcing endless battles is banned\n|rule|HP Percentage Mod: HP is shown in percentages\n|rule|Dynamax Clause: You cannot dynamax\n|clearpoke\n|poke|p1|Xatu, F|\n|poke|p1|Corviknight, F|\n|poke|p1|Toxapex, M|\n|poke|p1|Chansey, F|\n|poke|p1|Hippowdon, M|\n|poke|p1|Clefable, F|\n|poke|p2|Landorus-Therian, M|\n|poke|p2|Heatran, M|\n|poke|p2|Ferrothorn, F|\n|poke|p2|Dragapult, F|\n|poke|p2|Tapu Lele|\n|poke|p2|Urshifu-*, F|\n|teampreview\n|j| qwertysadge\n|j| Jongruenwald\n|c|\u2606why addicted|Show me xatu ho\n|c|\u2606Highv0ltag3|A\n|c|\u2606Highv0ltag3|cosmic power does stuff on ho\n|j| Spyer2k\n|c|\u2606Highv0ltag3|its better than mew immune to toxic no cap\n|c|\u2606why addicted|Fair\n|c| Spyer2k|stall VOMIT\n|c|\u2606Highv0ltag3|gl\n|\n|t:|1666116756\n|start\n|switch|p1a: Toxapex|Toxapex, M|100\/100\n|switch|p2a: Landorus|Landorus-Therian, M|100\/100\n|-ability|p2a: Landorus|Intimidate|boost\n|-unboost|p1a: Toxapex|atk|1\n|turn|1\n|c| Spyer2k|KICK HIS ASS ADDICTED SHOW HIM YOUR POWEERRRR\n|\n|t:|1666116763\n|move|p2a: Landorus|U-turn|p1a: Toxapex\n|-resisted|p1a: Toxapex\n|-damage|p1a: Toxapex|94\/100\n|\n|t:|1666116766\n|switch|p2a: Ferrothorn|Ferrothorn, F|100\/100|[from]move: U-turn\n|move|p1a: Toxapex|Toxic|p2a: Ferrothorn\n|-immune|p2a: Ferrothorn\n|\n|-heal|p1a: Toxapex|99\/100|[from] item: Black Sludge\n|upkeep\n|turn|2\n|c|\u2606why addicted|Rock\n|\n|t:|1666116780\n|move|p1a: Toxapex|Knock Off|p2a: Ferrothorn\n|-damage|p2a: Ferrothorn|95\/100\n|-damage|p1a: Toxapex|87\/100|[from] ability: Iron Barbs|[of] p2a: Ferrothorn\n|-damage|p1a: Toxapex|71\/100|[from] item: Rocky Helmet|[of] p2a: Ferrothorn\n|-enditem|p2a: Ferrothorn|Rocky Helmet|[from] move: Knock Off|[of] p1a: Toxapex\n|move|p2a: Ferrothorn|Stealth Rock|p1a: Toxapex\n|-sidestart|p1: Highv0ltag3|move: Stealth Rock\n|\n|-heal|p1a: Toxapex|77\/100|[from] item: Black Sludge\n|upkeep\n|turn|3\n|c|\u2606why addicted|Knock\n|c|\u2606Highv0ltag3|that was a big balls play\n|j| tsundere babe\n|\n|t:|1666116792\n|switch|p1a: Corviknight|Corviknight, F|100\/100\n|-damage|p1a: Corviknight|88\/100|[from] Stealth Rock\n|-ability|p1a: Corviknight|Pressure\n|move|p2a: Ferrothorn|Knock Off|p1a: Corviknight\n|-damage|p1a: Corviknight|75\/100\n|-enditem|p1a: Corviknight|Shed Shell|[from] move: Knock Off|[of] p2a: Ferrothorn\n|\n|upkeep\n|turn|4\n|c|\u2606Highv0ltag3|fog\n|c|\u2606why addicted|Leech\n|\n|t:|1666116802\n|move|p1a: Corviknight|Defog|p2a: Ferrothorn\n|-unboost|p2a: Ferrothorn|evasion|1\n|-sideend|p1: Highv0ltag3|Stealth Rock|[from] move: Defog|[of] p1a: Corviknight\n|move|p2a: Ferrothorn|Leech Seed|p1a: Corviknight\n|-start|p1a: Corviknight|move: Leech Seed\n|\n|-damage|p1a: Corviknight|63\/100|[from] Leech Seed|[of] p2a: Ferrothorn\n|-heal|p2a: Ferrothorn|100\/100|[silent]\n|upkeep\n|turn|5\n|c|\u2606Highv0ltag3|xatu\n|c|\u2606why addicted|Rock\n|\n|t:|1666116813\n|switch|p1a: Xatu|Xatu, F|100\/100\n|move|p2a: Ferrothorn|Knock Off|p1a: Xatu\n|-supereffective|p1a: Xatu\n|-damage|p1a: Xatu|39\/100\n|-enditem|p1a: Xatu|Leftovers|[from] move: Knock Off|[of] p2a: Ferrothorn\n|\n|upkeep\n|turn|6\n|c|\u2606Highv0ltag3|bruh\n|c|\u2606why addicted|Missclick\n|c|\u2606why addicted|sorry\n|c|\u2606Highv0ltag3|xd\n|c| Spyer2k|turn 5 and lying\n|c|\u2606Highv0ltag3|roost\n|c|\u2606why addicted|Rock\n|\n|t:|1666116828\n|move|p1a: Xatu|Roost|p1a: Xatu\n|-heal|p1a: Xatu|89\/100\n|-singleturn|p1a: Xatu|move: Roost\n|move|p2a: Ferrothorn|Stealth Rock|p1a: Xatu\n|move|p1a: Xatu|Stealth Rock|p2a: Ferrothorn|[from]ability: Magic Bounce\n|-sidestart|p2: why addicted|move: Stealth Rock\n|\n|upkeep\n|turn|7\n|c| tsundere babe|dishonorabru\n|c| qwertysadge|lol\n|c|\u2606Highv0ltag3|Lol\n|c|\u2606why addicted|No lie\n|c| Spyer2k|??????\n|c|\u2606Highv0ltag3|t wave\n|c|\u2606why addicted|TrN\n|\n|t:|1666116846\n|switch|p2a: Heatran|Heatran, M|100\/100\n|-damage|p2a: Heatran|88\/100|[from] Stealth Rock\n|move|p1a: Xatu|Toxic|p2a: Heatran\n|-immune|p2a: Heatran\n|\n|-heal|p2a: Heatran|94\/100|[from] item: Leftovers\n|upkeep\n|turn|8\n|c|\u2606Highv0ltag3|sorry\n|c|\u2606why addicted|Miss build\n|c|\u2606why addicted|i understand\n|c|\u2606why addicted|Storm\n|c| tsundere babe|miss carriage\n|\n|t:|1666116874\n|move|p1a: Xatu|Thunder Wave|p2a: Heatran\n|-status|p2a: Heatran|par\n|move|p2a: Heatran|Toxic|p1a: Xatu\n|move|p1a: Xatu|Toxic||[from]ability: Magic Bounce|[still]\n|-fail|p1a: Xatu\n|\n|-heal|p2a: Heatran|100\/100 par|[from] item: Leftovers\n|upkeep\n|turn|9\n|c|\u2606why addicted|Zone\n|c|\u2606Highv0ltag3|ahahahahah\n|c|\u2606Highv0ltag3|night shade\n|\n|t:|1666116890\n|move|p1a: Xatu|Night Shade|p2a: Heatran\n|-damage|p2a: Heatran|75\/100 par\n|move|p2a: Heatran|Toxic|p1a: Xatu\n|move|p1a: Xatu|Toxic||[from]ability: Magic Bounce|[still]\n|-fail|p1a: Xatu\n|\n|-heal|p2a: Heatran|81\/100 par|[from] item: Leftovers\n|upkeep\n|turn|10\n|c|\u2606Highv0ltag3|night shade\n|\n|t:|1666116896\n|move|p1a: Xatu|Night Shade|p2a: Heatran\n|-damage|p2a: Heatran|55\/100 par\n|move|p2a: Heatran|Magma Storm|p1a: Xatu\n|-damage|p1a: Xatu|43\/100\n|-activate|p1a: Xatu|move: Magma Storm|[of] p2a: Heatran\n|\n|-heal|p2a: Heatran|61\/100 par|[from] item: Leftovers\n|-damage|p1a: Xatu|30\/100|[from] move: Magma Storm|[partiallytrapped]\n|upkeep\n|turn|11\n|c|\u2606Highv0ltag3|roost\n|c|\u2606why addicted|Storm\n|c|\u2606why addicted|ep\n|\n|t:|1666116908\n|move|p1a: Xatu|Roost|p1a: Xatu\n|-heal|p1a: Xatu|80\/100\n|-singleturn|p1a: Xatu|move: Roost\n|move|p2a: Heatran|Heavy Slam|p1a: Xatu\n|-damage|p1a: Xatu|24\/100\n|\n|-heal|p2a: Heatran|67\/100 par|[from] item: Leftovers\n|-damage|p1a: Xatu|11\/100|[from] move: Magma Storm|[partiallytrapped]\n|upkeep\n|turn|12\n|c|\u2606Highv0ltag3|uh\n|c|\u2606why addicted|Kek\n|c|\u2606why addicted|missbuild\n|c|\u2606Highv0ltag3|rip\n|c|\u2606why addicted|Fat slam one\n|c|\u2606why addicted|more\n|c|\u2606Highv0ltag3|night shade\n|\n|t:|1666116940\n|move|p1a: Xatu|Night Shade|p2a: Heatran\n|-damage|p2a: Heatran|41\/100 par\n|cant|p2a: Heatran|par\n|\n|-heal|p2a: Heatran|48\/100 par|[from] item: Leftovers\n|-damage|p1a: Xatu|0 fnt|[from] move: Magma Storm|[partiallytrapped]\n|faint|p1a: Xatu\n|upkeep\n|c|\u2606why addicted|Kek\n|c|\u2606Highv0ltag3|damn should have roosted\n|c|\u2606why addicted|gg\n|\n|t:|1666116954\n|switch|p1a: Hippowdon|Hippowdon, M|100\/100\n|turn|13\n|c|\u2606why addicted|Ferri\n|c|\u2606why addicted|o\n|\n|t:|1666116978\n|switch|p1a: Clefable|Clefable, F|100\/100\n|switch|p2a: Landorus|Landorus-Therian, M|100\/100\n|-damage|p2a: Landorus|88\/100|[from] Stealth Rock\n|-ability|p2a: Landorus|Intimidate|boost\n|-unboost|p1a: Clefable|atk|1\n|\n|-heal|p2a: Landorus|94\/100|[from] item: Leftovers\n|upkeep\n|turn|14\n|c|\u2606why addicted|Ferrondorus\n|l| tsundere babe\n|c|\u2606Highv0ltag3|uturnus?\n|\n|t:|1666117003\n|move|p2a: Landorus|Knock Off|p1a: Clefable\n|-resisted|p1a: Clefable\n|-damage|p1a: Clefable|88\/100\n|-enditem|p1a: Clefable|Leftovers|[from] move: Knock Off|[of] p2a: Landorus\n|move|p1a: Clefable|Moonblast|p2a: Landorus\n|-damage|p2a: Landorus|69\/100\n|-unboost|p2a: Landorus|spa|1\n|\n|-heal|p2a: Landorus|75\/100|[from] item: Leftovers\n|upkeep\n|turn|15\n|c|\u2606why addicted|Kncokdorus\n|c|\u2606Highv0ltag3|kek\n|c|\u2606why addicted|Fog\n|\n|t:|1666117020\n|move|p2a: Landorus|Defog|p1a: Clefable\n|-unboost|p1a: Clefable|evasion|1\n|-sideend|p2: why addicted|Stealth Rock|[from] move: Defog|[of] p2a: Landorus\n|move|p1a: Clefable|Moonblast|p2a: Landorus\n|-damage|p2a: Landorus|50\/100\n|\n|-heal|p2a: Landorus|57\/100|[from] item: Leftovers\n|upkeep\n|turn|16\n|c|\u2606why addicted|Gimme gen9\n|c|\u2606Highv0ltag3|tru\n|c|\u2606why addicted|gen 8 is trasj\n|c|\u2606why addicted|h\n|c| qwertysadge|stall op in gen 8\n|c|\u2606why addicted|Eh\n|c|\u2606why addicted|not too much\n|c|\u2606Highv0ltag3|try not to uturn challenge impossible\n|c|\u2606why addicted|anyway sball has 20% spdef low\n|c| Spyer2k|in gen 9 they are nerfing regenerator by half and cutting the PP in healing moves in half and some like soft boiled into a quarter\n|c|\u2606why addicted|which is pretty healthy for meta\n|\n|t:|1666117112\n|switch|p1a: Hippowdon|Hippowdon, M|100\/100\n|move|p2a: Landorus|Earthquake|p1a: Hippowdon\n|-damage|p1a: Hippowdon|67\/100\n|\n|-heal|p2a: Landorus|63\/100|[from] item: Leftovers\n|-heal|p1a: Hippowdon|73\/100|[from] item: Leftovers\n|upkeep\n|turn|17\n|c|\u2606why addicted|Knock\n|c|\u2606Highv0ltag3|toxic\n|\n|t:|1666117122\n|move|p2a: Landorus|Knock Off|p1a: Hippowdon\n|-damage|p1a: Hippowdon|51\/100\n|-enditem|p1a: Hippowdon|Leftovers|[from] move: Knock Off|[of] p2a: Landorus\n|move|p1a: Hippowdon|Toxic|p2a: Landorus\n|-status|p2a: Landorus|tox\n|\n|-heal|p2a: Landorus|69\/100 tox|[from] item: Leftovers\n|-damage|p2a: Landorus|63\/100 tox|[from] psn\n|upkeep\n|turn|18\n|c|\u2606why addicted|Turn\n|c|\u2606Highv0ltag3|hippo mode\n|\n|t:|1666117134\n|move|p2a: Landorus|U-turn|p1a: Hippowdon\n|-damage|p1a: Hippowdon|36\/100\n|c|\u2606why addicted|Shifu\n|\n|t:|1666117140\n|switch|p2a: Urshifu|Urshifu-Rapid-Strike, F|100\/100|[from]move: U-turn\n|move|p1a: Hippowdon|Slack Off|p1a: Hippowdon\n|-heal|p1a: Hippowdon|86\/100\n|\n|upkeep\n|turn|19\n|c|\u2606why addicted|Surg\n|c|\u2606Highv0ltag3|staying in preciting uturn\n|\n|t:|1666117153\n|switch|p1a: Toxapex|Toxapex, M|100\/100\n|move|p2a: Urshifu|Surging Strikes|p1a: Toxapex\n|-resisted|p1a: Toxapex\n|-crit|p1a: Toxapex\n|-damage|p1a: Toxapex|95\/100\n|-resisted|p1a: Toxapex\n|-crit|p1a: Toxapex\n|-damage|p1a: Toxapex|88\/100\n|-resisted|p1a: Toxapex\n|-crit|p1a: Toxapex\n|-damage|p1a: Toxapex|82\/100\n|-hitcount|p1a: Toxapex|3\n|\n|-heal|p1a: Toxapex|88\/100|[from] item: Black Sludge\n|upkeep\n|turn|20\n|c|\u2606why addicted|Kek\n|c|\u2606why addicted|Missclick\n|c|\u2606Highv0ltag3|same\n|c|\u2606why addicted|Now turn\n|c|\u2606Highv0ltag3|knock\n|c|\u2606why addicted|To predicting knock\n|\n|t:|1666117180\n|move|p2a: Urshifu|U-turn|p1a: Toxapex\n|-resisted|p1a: Toxapex\n|-damage|p1a: Toxapex|81\/100\n|\n|t:|1666117183\n|switch|p2a: Heatran|Heatran, M|48\/100 par|[from]move: U-turn\n|move|p1a: Toxapex|Knock Off|p2a: Heatran\n|-crit|p2a: Heatran\n|-damage|p2a: Heatran|31\/100 par\n|-enditem|p2a: Heatran|Leftovers|[from] move: Knock Off|[of] p1a: Toxapex\n|\n|-heal|p1a: Toxapex|87\/100|[from] item: Black Sludge\n|upkeep\n|turn|21\n|c|\u2606why addicted|F\n|c|\u2606Highv0ltag3|pink blob\n|\n|t:|1666117197\n|switch|p1a: Chansey|Chansey, F|100\/100\n|switch|p2a: Tapu Lele|Tapu Lele|100\/100\n|-fieldstart|move: Psychic Terrain|[from] ability: Psychic Surge|[of] p2a: Tapu Lele\n|\n|upkeep\n|turn|22\n|c|\u2606why addicted|Lele\n|c|\u2606why addicted|Shock\n|c|\u2606why addicted|modest specs\n|c|\u2606Highv0ltag3|cap u clicking fs\n|c|\u2606Highv0ltag3|t waving\n|\n|t:|1666117226\n|move|p2a: Tapu Lele|Future Sight|p1a: Chansey\n|-start|p2a: Tapu Lele|move: Future Sight\n|move|p1a: Chansey|Thunder Wave|p2a: Tapu Lele\n|-status|p2a: Tapu Lele|par\n|\n|upkeep\n|turn|23\n|c|\u2606why addicted|Future shock\n|c| qwertysadge|pretty Sure Lele scarf\n|c|\u2606why addicted|Shifu\n|c|\u2606Highv0ltag3|corv\n|\n|t:|1666117237\n|switch|p2a: Urshifu|Urshifu-Rapid-Strike, F|100\/100\n|switch|p1a: Corviknight|Corviknight, F|63\/100\n|-ability|p1a: Corviknight|Pressure\n|\n|upkeep\n|turn|24\n|c|\u2606why addicted|Aqua jet\n|\n|t:|1666117250\n|move|p2a: Urshifu|Taunt|p1a: Corviknight\n|-start|p1a: Corviknight|move: Taunt\n|cant|p1a: Corviknight|move: Taunt|Roost\n|\n|-end|p1a: Corviknight|move: Future Sight\n|-resisted|p1a: Corviknight\n|-damage|p1a: Corviknight|24\/100\n|upkeep\n|turn|25\n|c|\u2606Highv0ltag3|roost\n|c|\u2606Highv0ltag3|BRUUUUH\n|c|\u2606why addicted|Turn\n|\n|t:|1666117262\n|switch|p1a: Toxapex|Toxapex, M|100\/100\n|move|p2a: Urshifu|U-turn|p1a: Toxapex\n|-resisted|p1a: Toxapex\n|-damage|p1a: Toxapex|94\/100\n|\n|t:|1666117265\n|switch|p2a: Tapu Lele|Tapu Lele|100\/100 par|[from]move: U-turn\n|\n|-heal|p1a: Toxapex|99\/100|[from] item: Black Sludge\n|-fieldend|move: Psychic Terrain\n|upkeep\n|turn|26\n|\n|t:|1666117274\n|switch|p1a: Corviknight|Corviknight, F|24\/100\n|-ability|p1a: Corviknight|Pressure\n|cant|p2a: Tapu Lele|par\n|\n|upkeep\n|turn|27\n|c|\u2606why addicted|Tbolt\n|c|\u2606why addicted|Psyshock\n|\n|t:|1666117289\n|switch|p1a: Hippowdon|Hippowdon, M|86\/100\n|move|p2a: Tapu Lele|Thunderbolt|p1a: Hippowdon\n|-immune|p1a: Hippowdon\n|\n|upkeep\n|turn|28\n|c|\u2606why addicted|One more\n|\n|t:|1666117297\n|switch|p2a: Ferrothorn|Ferrothorn, F|100\/100\n|switch|p1a: Corviknight|Corviknight, F|24\/100\n|-ability|p1a: Corviknight|Pressure\n|\n|upkeep\n|turn|29\n|c| qwertysadge|do choice items lock you if u get para?\n|c|\u2606Highv0ltag3|yes\n|c|\u2606why addicted|Missclick\n|c|\u2606Highv0ltag3|unless\n|\n|t:|1666117311\n|move|p1a: Corviknight|Roost|p1a: Corviknight\n|-heal|p1a: Corviknight|74\/100\n|-singleturn|p1a: Corviknight|move: Roost\n|move|p2a: Ferrothorn|Body Press|p1a: Corviknight\n|-supereffective|p1a: Corviknight\n|-damage|p1a: Corviknight|32\/100\n|\n|upkeep\n|turn|30\n|c|\u2606Highv0ltag3|u get parad\n|\n|t:|1666117317\n|move|p1a: Corviknight|Roost|p1a: Corviknight\n|-heal|p1a: Corviknight|82\/100\n|-singleturn|p1a: Corviknight|move: Roost\n|move|p2a: Ferrothorn|Stealth Rock|p1a: Corviknight\n|-sidestart|p1: Highv0ltag3|move: Stealth Rock\n|\n|upkeep\n|turn|31\n|j| tghhggcg\n|\n|t:|1666117321\n|move|p1a: Corviknight|Defog|p2a: Ferrothorn\n|-unboost|p2a: Ferrothorn|evasion|1\n|-sideend|p1: Highv0ltag3|Stealth Rock|[from] move: Defog|[of] p1a: Corviknight\n|move|p2a: Ferrothorn|Leech Seed|p1a: Corviknight\n|-start|p1a: Corviknight|move: Leech Seed\n|\n|-damage|p1a: Corviknight|70\/100|[from] Leech Seed|[of] p2a: Ferrothorn\n|upkeep\n|turn|32\n|\n|t:|1666117326\n|switch|p1a: Hippowdon|Hippowdon, M|86\/100\n|move|p2a: Ferrothorn|Stealth Rock|p1a: Hippowdon\n|-sidestart|p1: Highv0ltag3|move: Stealth Rock\n|\n|upkeep\n|turn|33\n|c|\u2606Highv0ltag3|rocks\n|\n|t:|1666117335\n|switch|p2a: Heatran|Heatran, M|31\/100 par\n|move|p1a: Hippowdon|Stealth Rock|p2a: Heatran\n|-sidestart|p2: why addicted|move: Stealth Rock\n|\n|upkeep\n|turn|34\n|c|\u2606Highv0ltag3|I dont have to tell u what I click here right\n|c|\u2606why addicted|Tran for leftover\n|\n|t:|1666117358\n|switch|p2a: Ferrothorn|Ferrothorn, F|100\/100\n|-damage|p2a: Ferrothorn|94\/100|[from] Stealth Rock\n|move|p1a: Hippowdon|Earthquake|p2a: Ferrothorn\n|-damage|p2a: Ferrothorn|74\/100\n|\n|upkeep\n|turn|35\n|c|\u2606why addicted|but failed\n|\n|t:|1666117363\n|switch|p1a: Toxapex|Toxapex, M|100\/100\n|-damage|p1a: Toxapex|88\/100|[from] Stealth Rock\n|move|p2a: Ferrothorn|Leech Seed|p1a: Toxapex\n|-start|p1a: Toxapex|move: Leech Seed\n|\n|-heal|p1a: Toxapex|94\/100|[from] item: Black Sludge\n|-damage|p1a: Toxapex|82\/100|[from] Leech Seed|[of] p2a: Ferrothorn\n|-heal|p2a: Ferrothorn|84\/100|[silent]\n|upkeep\n|turn|36\n|\n|t:|1666117369\n|switch|p1a: Hippowdon|Hippowdon, M|86\/100\n|-damage|p1a: Hippowdon|80\/100|[from] Stealth Rock\n|move|p2a: Ferrothorn|Knock Off|p1a: Hippowdon\n|-damage|p1a: Hippowdon|70\/100\n|\n|upkeep\n|turn|37\n|\n|t:|1666117372\n|move|p1a: Hippowdon|Slack Off|p1a: Hippowdon\n|-heal|p1a: Hippowdon|100\/100\n|move|p2a: Ferrothorn|Knock Off|p1a: Hippowdon\n|-damage|p1a: Hippowdon|90\/100\n|\n|upkeep\n|turn|38\n|\n|t:|1666117375\n|move|p1a: Hippowdon|Earthquake|p2a: Ferrothorn\n|-damage|p2a: Ferrothorn|63\/100\n|move|p2a: Ferrothorn|Knock Off|p1a: Hippowdon\n|-damage|p1a: Hippowdon|81\/100\n|\n|upkeep\n|turn|39\n|l| tghhggcg\n|\n|t:|1666117377\n|move|p1a: Hippowdon|Earthquake|p2a: Ferrothorn\n|-damage|p2a: Ferrothorn|44\/100\n|move|p2a: Ferrothorn|Leech Seed|p1a: Hippowdon\n|-start|p1a: Hippowdon|move: Leech Seed\n|\n|-damage|p1a: Hippowdon|69\/100|[from] Leech Seed|[of] p2a: Ferrothorn\n|-heal|p2a: Ferrothorn|59\/100|[silent]\n|upkeep\n|turn|40\n|\n|t:|1666117379\n|switch|p1a: Toxapex|Toxapex, M|100\/100\n|-damage|p1a: Toxapex|88\/100|[from] Stealth Rock\n|move|p2a: Ferrothorn|Knock Off|p1a: Toxapex\n|-damage|p1a: Toxapex|75\/100\n|-enditem|p1a: Toxapex|Black Sludge|[from] move: Knock Off|[of] p2a: Ferrothorn\n|\n|upkeep\n|turn|41\n|\n|t:|1666117382\n|move|p1a: Toxapex|Knock Off|p2a: Ferrothorn\n|-damage|p2a: Ferrothorn|53\/100\n|-damage|p1a: Toxapex|62\/100|[from] ability: Iron Barbs|[of] p2a: Ferrothorn\n|move|p2a: Ferrothorn|Leech Seed|p1a: Toxapex\n|-start|p1a: Toxapex|move: Leech Seed\n|\n|-damage|p1a: Toxapex|50\/100|[from] Leech Seed|[of] p2a: Ferrothorn\n|-heal|p2a: Ferrothorn|64\/100|[silent]\n|upkeep\n|turn|42\n|\n|t:|1666117389\n|switch|p2a: Dragapult|Dragapult, F|100\/100\n|-damage|p2a: Dragapult|88\/100|[from] Stealth Rock\n|move|p1a: Toxapex|Knock Off|p2a: Dragapult\n|-supereffective|p2a: Dragapult\n|-damage|p2a: Dragapult|52\/100\n|-enditem|p2a: Dragapult|Choice Specs|[from] move: Knock Off|[of] p1a: Toxapex\n|\n|-damage|p1a: Toxapex|37\/100|[from] Leech Seed|[of] p2a: Dragapult\n|-heal|p2a: Dragapult|64\/100|[silent]\n|upkeep\n|turn|43\n|\n|t:|1666117395\n|switch|p1a: Chansey|Chansey, F|100\/100\n|-damage|p1a: Chansey|88\/100|[from] Stealth Rock\n|move|p2a: Dragapult|Draco Meteor|p1a: Chansey\n|-damage|p1a: Chansey|70\/100\n|-unboost|p2a: Dragapult|spa|2\n|\n|upkeep\n|turn|44\n|\n|t:|1666117400\n|move|p2a: Dragapult|U-turn|p1a: Chansey\n|-damage|p1a: Chansey|59\/100\n|\n|t:|1666117403\n|switch|p2a: Urshifu|Urshifu-Rapid-Strike, F|100\/100|[from]move: U-turn\n|-damage|p2a: Urshifu|94\/100|[from] Stealth Rock\n|move|p1a: Chansey|Soft-Boiled|p1a: Chansey\n|-heal|p1a: Chansey|100\/100\n|\n|upkeep\n|turn|45\n|\n|t:|1666117406\n|switch|p1a: Toxapex|Toxapex, M|71\/100\n|-damage|p1a: Toxapex|58\/100|[from] Stealth Rock\n|move|p2a: Urshifu|U-turn|p1a: Toxapex\n|-resisted|p1a: Toxapex\n|-damage|p1a: Toxapex|50\/100\n|\n|t:|1666117409\n|switch|p2a: Tapu Lele|Tapu Lele|100\/100 par|[from]move: U-turn\n|-damage|p2a: Tapu Lele|88\/100 par|[from] Stealth Rock\n|-fieldstart|move: Psychic Terrain|[from] ability: Psychic Surge|[of] p2a: Tapu Lele\n|\n|upkeep\n|turn|46\n|\n|t:|1666117414\n|switch|p1a: Chansey|Chansey, F|100\/100\n|-damage|p1a: Chansey|88\/100|[from] Stealth Rock\n|cant|p2a: Tapu Lele|par\n|\n|upkeep\n|turn|47\n|\n|t:|1666117420\n|move|p2a: Tapu Lele|Future Sight|p1a: Chansey\n|-start|p2a: Tapu Lele|move: Future Sight\n|move|p1a: Chansey|Seismic Toss|p2a: Tapu Lele\n|-damage|p2a: Tapu Lele|52\/100 par\n|\n|upkeep\n|turn|48\n|\n|t:|1666117426\n|switch|p2a: Ferrothorn|Ferrothorn, F|64\/100\n|-damage|p2a: Ferrothorn|58\/100|[from] Stealth Rock\n|switch|p1a: Corviknight|Corviknight, F|70\/100\n|-damage|p1a: Corviknight|58\/100|[from] Stealth Rock\n|-ability|p1a: Corviknight|Pressure\n|\n|upkeep\n|turn|49\n|\n|t:|1666117433\n|move|p1a: Corviknight|Roost|p1a: Corviknight\n|-heal|p1a: Corviknight|100\/100\n|-singleturn|p1a: Corviknight|move: Roost\n|move|p2a: Ferrothorn|Body Press|p1a: Corviknight\n|-supereffective|p1a: Corviknight\n|-crit|p1a: Corviknight\n|-damage|p1a: Corviknight|39\/100\n|\n|-end|p1a: Corviknight|move: Future Sight\n|-resisted|p1a: Corviknight\n|-damage|p1a: Corviknight|0 fnt\n|faint|p1a: Corviknight\n|-fieldend|move: Psychic Terrain\n|upkeep\n|\n|t:|1666117438\n|switch|p1a: Clefable|Clefable, F|88\/100\n|-damage|p1a: Clefable|76\/100|[from] Stealth Rock\n|turn|50\n|c|\u2606why addicted|Lucky and bad\n|\n|t:|1666117444\n|move|p1a: Clefable|Flamethrower|p2a: Ferrothorn\n|-supereffective|p2a: Ferrothorn\n|-damage|p2a: Ferrothorn|0 fnt\n|faint|p2a: Ferrothorn\n|\n|upkeep\n|c|\u2606Highv0ltag3|xd\n|\n|t:|1666117448\n|switch|p2a: Heatran|Heatran, M|31\/100 par\n|-damage|p2a: Heatran|19\/100 par|[from] Stealth Rock\n|turn|51\n|\n|t:|1666117452\n|switch|p1a: Chansey|Chansey, F|88\/100\n|-damage|p1a: Chansey|75\/100|[from] Stealth Rock\n|move|p2a: Heatran|Magma Storm|p1a: Chansey|[miss]\n|-miss|p2a: Heatran|p1a: Chansey\n|\n|upkeep\n|turn|52\n|\n|t:|1666117458\n|move|p1a: Chansey|Seismic Toss|p2a: Heatran\n|-damage|p2a: Heatran|0 fnt\n|faint|p2a: Heatran\n|\n|upkeep\n|\n|t:|1666117461\n|switch|p2a: Urshifu|Urshifu-Rapid-Strike, F|94\/100\n|-damage|p2a: Urshifu|88\/100|[from] Stealth Rock\n|turn|53\n|\n|t:|1666117464\n|switch|p1a: Toxapex|Toxapex, M|84\/100\n|-damage|p1a: Toxapex|71\/100|[from] Stealth Rock\n|move|p2a: Urshifu|U-turn|p1a: Toxapex\n|-resisted|p1a: Toxapex\n|-damage|p1a: Toxapex|64\/100\n|\n|t:|1666117466\n|switch|p2a: Tapu Lele|Tapu Lele|52\/100 par|[from]move: U-turn\n|-damage|p2a: Tapu Lele|40\/100 par|[from] Stealth Rock\n|-fieldstart|move: Psychic Terrain|[from] ability: Psychic Surge|[of] p2a: Tapu Lele\n|\n|upkeep\n|turn|54\n|j| kdjdjsjsjsj\n|c| Spyer2k|future sight lele scary\n|\n|t:|1666117479\n|switch|p1a: Hippowdon|Hippowdon, M|69\/100\n|-damage|p1a: Hippowdon|62\/100|[from] Stealth Rock\n|cant|p2a: Tapu Lele|par\n|\n|upkeep\n|turn|55\n|c|\u2606why addicted|Kek\n|c|\u2606why addicted|classic gen 8\n|c|\u2606Highv0ltag3|eq\n|c| Spyer2k|in gen 9 every single pokemon gets a u-turn esque move\n|j| Cachou10\n|c|\u2606why addicted|I excuse my alcohol and paras\n|c|\u2606Highv0ltag3|in gen 9 uturn isnt in game\n|c|\u2606why addicted|gg\n|c|\u2606Highv0ltag3|paradise\n|j| OWlDoing\n|c|\u2606why addicted|Really??\n|c|\u2606Highv0ltag3|I excuse my cringe\n|c|\u2606why addicted|I didnt tryhard at all!\n|c|\u2606why addicted|2022, whayd\n|c|\u2606why addicted|forfeit\n|\n|t:|1666117556\n|switch|p2a: Landorus|Landorus-Therian, M|63\/100 tox\n|-damage|p2a: Landorus|50\/100 tox|[from] Stealth Rock\n|-ability|p2a: Landorus|Intimidate|boost\n|-unboost|p1a: Hippowdon|atk|1\n|move|p1a: Hippowdon|Earthquake|p2a: Landorus\n|-immune|p2a: Landorus\n|\n|-heal|p2a: Landorus|56\/100 tox|[from] item: Leftovers\n|-damage|p2a: Landorus|50\/100 tox|[from] psn\n|upkeep\n|turn|56\n|\n|t:|1666117564\n|move|p2a: Landorus|U-turn|p1a: Hippowdon\n|-damage|p1a: Hippowdon|47\/100\n|\n|t:|1666117570\n|switch|p2a: Urshifu|Urshifu-Rapid-Strike, F|88\/100|[from]move: U-turn\n|-damage|p2a: Urshifu|82\/100|[from] Stealth Rock\n|move|p1a: Hippowdon|Toxic|p2a: Urshifu\n|-status|p2a: Urshifu|tox\n|\n|-damage|p2a: Urshifu|76\/100 tox|[from] psn\n|upkeep\n|turn|57\n|c|\u2606Highv0ltag3|I tryharded this turn\n|c|\u2606Highv0ltag3|mb\n|\n|t:|1666117579\n|switch|p1a: Toxapex|Toxapex, M|98\/100\n|-damage|p1a: Toxapex|85\/100|[from] Stealth Rock\n|move|p2a: Urshifu|Surging Strikes|p1a: Toxapex\n|-resisted|p1a: Toxapex\n|-crit|p1a: Toxapex\n|-damage|p1a: Toxapex|79\/100\n|-resisted|p1a: Toxapex\n|-crit|p1a: Toxapex\n|-damage|p1a: Toxapex|73\/100\n|-resisted|p1a: Toxapex\n|-crit|p1a: Toxapex\n|-damage|p1a: Toxapex|67\/100\n|-hitcount|p1a: Toxapex|3\n|\n|-damage|p2a: Urshifu|64\/100 tox|[from] psn\n|-fieldend|move: Psychic Terrain\n|upkeep\n|turn|58\n|c|\u2606why addicted|Surging for choke\n|c|\u2606Highv0ltag3|light screen\n|c|\u2606why addicted|Taunt\n|c|\u2606why addicted|tpunch\n|\n|t:|1666117604\n|move|p2a: Urshifu|U-turn|p1a: Toxapex\n|-resisted|p1a: Toxapex\n|-damage|p1a: Toxapex|60\/100\n|\n|t:|1666117609\n|switch|p2a: Tapu Lele|Tapu Lele|40\/100 par|[from]move: U-turn\n|-damage|p2a: Tapu Lele|28\/100 par|[from] Stealth Rock\n|-fieldstart|move: Psychic Terrain|[from] ability: Psychic Surge|[of] p2a: Tapu Lele\n|move|p1a: Toxapex|Light Screen|p1a: Toxapex\n|-sidestart|p1: Highv0ltag3|move: Light Screen\n|\n|upkeep\n|turn|59\n|\n|t:|1666117612\n|switch|p1a: Chansey|Chansey, F|75\/100\n|-damage|p1a: Chansey|63\/100|[from] Stealth Rock\n|move|p2a: Tapu Lele|Future Sight|p1a: Chansey\n|-start|p2a: Tapu Lele|move: Future Sight\n|\n|upkeep\n|turn|60\n|c|\u2606Highv0ltag3|stoss\n|\n|t:|1666117621\n|switch|p2a: Urshifu|Urshifu-Rapid-Strike, F|64\/100 tox\n|-damage|p2a: Urshifu|57\/100 tox|[from] Stealth Rock\n|move|p1a: Chansey|Seismic Toss|p2a: Urshifu\n|-damage|p2a: Urshifu|28\/100 tox\n|\n|-damage|p2a: Urshifu|22\/100 tox|[from] psn\n|upkeep\n|turn|61\n|c|\u2606why addicted|Only fun on gen 8 is\n|c|\u2606why addicted|tbh\n|j| Terry B bestdlc\n|c|\u2606why addicted|Future sight trap lele\n|c|\u2606why addicted|Imo\n|\n|t:|1666117642\n|switch|p1a: Hippowdon|Hippowdon, M|47\/100\n|-damage|p1a: Hippowdon|41\/100|[from] Stealth Rock\n|move|p2a: Urshifu|Close Combat|p1a: Hippowdon\n|-crit|p1a: Hippowdon\n|-damage|p1a: Hippowdon|0 fnt\n|-unboost|p2a: Urshifu|def|1\n|-unboost|p2a: Urshifu|spd|1\n|faint|p1a: Hippowdon\n|\n|-hint|Future Sight did not hit because the target is fainted.\n|-damage|p2a: Urshifu|10\/100 tox|[from] psn\n|upkeep\n|\n|t:|1666117645\n|switch|p1a: Toxapex|Toxapex, M|94\/100\n|-damage|p1a: Toxapex|81\/100|[from] Stealth Rock\n|turn|62\n|\n|t:|1666117651\n|move|p2a: Urshifu|U-turn|p1a: Toxapex\n|-resisted|p1a: Toxapex\n|-damage|p1a: Toxapex|75\/100\n|\n|t:|1666117653\n|switch|p2a: Tapu Lele|Tapu Lele|28\/100 par|[from]move: U-turn\n|-damage|p2a: Tapu Lele|15\/100 par|[from] Stealth Rock\n|move|p1a: Toxapex|Knock Off|p2a: Tapu Lele\n|-damage|p2a: Tapu Lele|0 fnt\n|-enditem|p2a: Tapu Lele|Choice Scarf|[from] move: Knock Off|[of] p1a: Toxapex\n|faint|p2a: Tapu Lele\n|\n|-sideend|p1: Highv0ltag3|move: Light Screen\n|-fieldend|move: Psychic Terrain\n|upkeep\n|\n|t:|1666117656\n|switch|p2a: Landorus|Landorus-Therian, M|50\/100 tox\n|-damage|p2a: Landorus|38\/100 tox|[from] Stealth Rock\n|-ability|p2a: Landorus|Intimidate|boost\n|-unboost|p1a: Toxapex|atk|1\n|turn|63\n|c|\u2606Highv0ltag3|recover\n|\n|t:|1666117672\n|move|p2a: Landorus|Defog|p1a: Toxapex\n|-unboost|p1a: Toxapex|evasion|1\n|-sideend|p1: Highv0ltag3|Stealth Rock|[from] move: Defog|[of] p2a: Landorus\n|-sideend|p2: why addicted|Stealth Rock|[from] move: Defog|[of] p2a: Landorus\n|move|p1a: Toxapex|Recover|p1a: Toxapex\n|-heal|p1a: Toxapex|100\/100\n|\n|-heal|p2a: Landorus|44\/100 tox|[from] item: Leftovers\n|-damage|p2a: Landorus|38\/100 tox|[from] psn\n|upkeep\n|turn|64\n|c| Spyer2k|seems like stall wins once again\n|l| kdjdjsjsjsj\n|c| Spyer2k|\ud83d\ude14\n|c|\u2606Highv0ltag3|recover\n|c|\u2606why addicted|I\u2019ll bring lele shifu\n|c|\u2606why addicted|tbh\n|c|\u2606why addicted|if I played seriously\n|c|\u2606why addicted|it was my mu\n|c|\u2606Highv0ltag3|tru\n|c|\u2606why addicted|but im drunk for exucse\n|c|\u2606why addicted|so gg\n|-message|why addicted forfeited.\n|\n|win|Highv0ltag3\n|raw|Highv0ltag3's rating: 1859 &rarr; <strong>1886<\/strong><br \/>(+27 for winning)\n|raw|why addicted's rating: 1977 &rarr; <strong>1950<\/strong><br \/>(-27 for losing)\n|c|\u2606Highv0ltag3|I need that slowking shit to wall lele shifu\n|l| Spyer2k\n|l| Terry B bestdlc\n|c|\u2606Highv0ltag3|anti-fs action\n|c|\u2606why addicted|Yo even lele shifu\n|c|\u2606Highv0ltag3|sub magic coat slack of foul play\n|c|\u2606Highv0ltag3|fs denier\n|c|\u2606why addicted|Kek\n|c|\u2606why addicted|See you in gen 9\n||Ladder isn't responding, score probably updated but might not have (Request timeout).\n","uploadtime":1666116763,"views":48,"p1id":"highv0ltag3","p2id":"whyaddicted","formatid":"gen8ou","rating":1886,"private":0,"password":null}