{"id":"gen8ou-1649324287","p1":"LT94JE IcicleCrash","p2":"return nirvana","format":"gen8ou","log":"|raw|<div class=\"broadcast-blue\"><strong>This battle is required to be public due to a player having a name starting with 'lt94je'.<\/div>\n|j|\u2606LT94JE IcicleCrash\n|j|\u2606return nirvana\n|t:|1661578785\n|gametype|singles\n|player|p1|LT94JE IcicleCrash|marley|1703\n|player|p2|return nirvana|cynthia-masters2|1934\n|teamsize|p1|6\n|teamsize|p2|6\n|gen|8\n|tier|[Gen 8] OU\n|rated|\n|rule|Sleep Clause Mod: Limit one foe put to sleep\n|rule|Species Clause: Limit one of each Pok\u00e9mon\n|rule|OHKO Clause: OHKO moves are banned\n|rule|Evasion Items Clause: Evasion items are banned\n|rule|Evasion Moves Clause: Evasion moves are banned\n|rule|Endless Battle Clause: Forcing endless battles is banned\n|rule|HP Percentage Mod: HP is shown in percentages\n|rule|Dynamax Clause: You cannot dynamax\n|clearpoke\n|poke|p1|Tapu Lele|\n|poke|p1|Volcanion|\n|poke|p1|Porygon2|\n|poke|p1|Corviknight, M|\n|poke|p1|Dragapult, M|\n|poke|p1|Zeraora|\n|poke|p2|Pelipper, F|\n|poke|p2|Dragapult, F|\n|poke|p2|Kingdra, M|\n|poke|p2|Kartana|\n|poke|p2|Ferrothorn, M|\n|poke|p2|Landorus-Therian, M|\n|teampreview\n|c|\u2606LT94JE IcicleCrash|glhf\n|j| 3d\n|j| LT94JenPlsComeBack\n|\n|t:|1661578821\n|start\n|switch|p1a: Volcanion|Volcanion|100\/100\n|switch|p2a: Dragapult|Dragapult, F|100\/100\n|turn|1\n|\n|t:|1661578828\n|move|p2a: Dragapult|Draco Meteor|p1a: Volcanion\n|-damage|p1a: Volcanion|18\/100\n|-unboost|p2a: Dragapult|spa|2\n|move|p1a: Volcanion|Flamethrower|p2a: Dragapult\n|-resisted|p2a: Dragapult\n|-damage|p2a: Dragapult|51\/100\n|\n|upkeep\n|turn|2\n|inactive|Battle timer is ON: inactive players will automatically lose when time's up. (requested by LT94JE IcicleCrash)\n|\n|t:|1661578840\n|switch|p2a: Pelipper|Pelipper, F|100\/100\n|-weather|RainDance|[from] ability: Drizzle|[of] p2a: Pelipper\n|switch|p1a: Zeraora|Zeraora|100\/100\n|\n|-weather|RainDance|[upkeep]\n|upkeep\n|turn|3\n|\n|t:|1661578847\n|switch|p1a: Volcanion|Volcanion|18\/100\n|switch|p2a: Ferrothorn|Ferrothorn, M|100\/100\n|\n|-weather|RainDance|[upkeep]\n|upkeep\n|turn|4\n|\n|t:|1661578854\n|switch|p2a: Kingdra|Kingdra, M|100\/100\n|move|p1a: Volcanion|Steam Eruption|p2a: Kingdra\n|-resisted|p2a: Kingdra\n|-damage|p2a: Kingdra|56\/100\n|\n|-weather|RainDance|[upkeep]\n|upkeep\n|turn|5\n|\n|t:|1661578860\n|switch|p1a: Porygon2|Porygon2|100\/100\n|-ability|p1a: Porygon2|Swift Swim|[from] ability: Trace|[of] p2a: Kingdra\n|move|p2a: Kingdra|Draco Meteor|p1a: Porygon2\n|-damage|p1a: Porygon2|63\/100\n|-unboost|p2a: Kingdra|spa|2\n|\n|-weather|RainDance|[upkeep]\n|upkeep\n|turn|6\n|\n|t:|1661578866\n|switch|p2a: Kartana|Kartana|100\/100\n|move|p1a: Porygon2|Recover|p1a: Porygon2\n|-heal|p1a: Porygon2|100\/100\n|\n|-weather|RainDance|[upkeep]\n|upkeep\n|turn|7\n|\n|t:|1661578870\n|move|p2a: Kartana|Knock Off|p1a: Porygon2\n|-damage|p1a: Porygon2|55\/100\n|-enditem|p1a: Porygon2|Eviolite|[from] move: Knock Off|[of] p2a: Kartana\n|move|p1a: Porygon2|Thunder Wave|p2a: Kartana\n|-status|p2a: Kartana|par\n|\n|-weather|RainDance|[upkeep]\n|upkeep\n|turn|8\n|\n|t:|1661578874\n|switch|p2a: Ferrothorn|Ferrothorn, M|100\/100\n|move|p1a: Porygon2|Recover|p1a: Porygon2\n|-heal|p1a: Porygon2|100\/100\n|\n|-weather|RainDance|[upkeep]\n|upkeep\n|turn|9\n|\n|t:|1661578876\n|move|p2a: Ferrothorn|Stealth Rock|p1a: Porygon2\n|-sidestart|p1: LT94JE IcicleCrash|move: Stealth Rock\n|move|p1a: Porygon2|Teleport|p1a: Porygon2\n|\n|t:|1661578879\n|switch|p1a: Corviknight|Corviknight, M|100\/100|[from]move: Teleport\n|-damage|p1a: Corviknight|88\/100|[from] Stealth Rock\n|-ability|p1a: Corviknight|Pressure\n|\n|-weather|none\n|upkeep\n|turn|10\n|\n|t:|1661578882\n|move|p1a: Corviknight|Defog|p2a: Ferrothorn\n|-unboost|p2a: Ferrothorn|evasion|1\n|-sideend|p1: LT94JE IcicleCrash|Stealth Rock|[from] move: Defog|[of] p1a: Corviknight\n|move|p2a: Ferrothorn|Leech Seed|p1a: Corviknight\n|-start|p1a: Corviknight|move: Leech Seed\n|\n|-damage|p1a: Corviknight|76\/100|[from] Leech Seed|[of] p2a: Ferrothorn\n|upkeep\n|turn|11\n|\n|t:|1661578884\n|switch|p1a: Volcanion|Volcanion|18\/100\n|move|p2a: Ferrothorn|Stealth Rock|p1a: Volcanion\n|-sidestart|p1: LT94JE IcicleCrash|move: Stealth Rock\n|\n|upkeep\n|turn|12\n|\n|t:|1661578889\n|switch|p2a: Kingdra|Kingdra, M|56\/100\n|move|p1a: Volcanion|Earth Power|p2a: Kingdra\n|-damage|p2a: Kingdra|0 fnt\n|faint|p2a: Kingdra\n|\n|upkeep\n|\n|t:|1661578894\n|switch|p2a: Pelipper|Pelipper, F|100\/100\n|-weather|RainDance|[from] ability: Drizzle|[of] p2a: Pelipper\n|turn|13\n|\n|t:|1661578909\n|move|p1a: Volcanion|Earth Power|p2a: Pelipper\n|-immune|p2a: Pelipper\n|move|p2a: Pelipper|U-turn|p1a: Volcanion\n|-resisted|p1a: Volcanion\n|-damage|p1a: Volcanion|14\/100\n|\n|t:|1661578911\n|switch|p2a: Landorus|Landorus-Therian, M|100\/100|[from]move: U-turn\n|-ability|p2a: Landorus|Intimidate|boost\n|-unboost|p1a: Volcanion|atk|1\n|\n|-weather|RainDance|[upkeep]\n|upkeep\n|turn|14\n|\n|t:|1661578916\n|switch|p1a: Tapu Lele|Tapu Lele|100\/100\n|-damage|p1a: Tapu Lele|88\/100|[from] Stealth Rock\n|-fieldstart|move: Psychic Terrain|[from] ability: Psychic Surge|[of] p1a: Tapu Lele\n|move|p2a: Landorus|U-turn|p1a: Tapu Lele\n|-damage|p1a: Tapu Lele|56\/100\n|\n|t:|1661578919\n|switch|p2a: Dragapult|Dragapult, F|51\/100|[from]move: U-turn\n|\n|-weather|RainDance|[upkeep]\n|upkeep\n|turn|15\n|\n|t:|1661578923\n|move|p2a: Dragapult|Surf|p1a: Tapu Lele\n|-crit|p1a: Tapu Lele\n|-damage|p1a: Tapu Lele|0 fnt\n|faint|p1a: Tapu Lele\n|\n|-weather|RainDance|[upkeep]\n|upkeep\n|\n|t:|1661578933\n|switch|p1a: Dragapult|Dragapult, M|100\/100\n|-damage|p1a: Dragapult|88\/100|[from] Stealth Rock\n|turn|16\n|\n|t:|1661578935\n|switch|p2a: Landorus|Landorus-Therian, M|100\/100\n|-ability|p2a: Landorus|Intimidate|boost\n|-unboost|p1a: Dragapult|atk|1\n|move|p1a: Dragapult|Shadow Ball|p2a: Landorus\n|-damage|p2a: Landorus|59\/100\n|\n|-weather|RainDance|[upkeep]\n|-heal|p2a: Landorus|65\/100|[from] item: Leftovers\n|upkeep\n|turn|17\n|\n|t:|1661578941\n|switch|p1a: Corviknight|Corviknight, M|76\/100\n|-damage|p1a: Corviknight|64\/100|[from] Stealth Rock\n|-ability|p1a: Corviknight|Pressure\n|move|p2a: Landorus|Toxic|p1a: Corviknight\n|-immune|p1a: Corviknight\n|\n|-weather|RainDance|[upkeep]\n|-heal|p2a: Landorus|71\/100|[from] item: Leftovers\n|upkeep\n|turn|18\n|\n|t:|1661578944\n|switch|p2a: Ferrothorn|Ferrothorn, M|100\/100\n|move|p1a: Corviknight|Defog|p2a: Ferrothorn\n|-unboost|p2a: Ferrothorn|evasion|1\n|-sideend|p1: LT94JE IcicleCrash|Stealth Rock|[from] move: Defog|[of] p1a: Corviknight\n|-fieldend|move: Psychic Terrain\n|\n|-weather|RainDance|[upkeep]\n|upkeep\n|turn|19\n|\n|t:|1661578947\n|switch|p1a: Volcanion|Volcanion|14\/100\n|move|p2a: Ferrothorn|Knock Off|p1a: Volcanion\n|-damage|p1a: Volcanion|0 fnt\n|-enditem|p1a: Volcanion|Choice Specs|[from] move: Knock Off|[of] p2a: Ferrothorn\n|faint|p1a: Volcanion\n|\n|-weather|RainDance|[upkeep]\n|upkeep\n|\n|t:|1661578953\n|switch|p1a: Dragapult|Dragapult, M|88\/100\n|turn|20\n|\n|t:|1661578957\n|move|p1a: Dragapult|Fire Blast|p2a: Ferrothorn\n|-supereffective|p2a: Ferrothorn\n|-damage|p2a: Ferrothorn|16\/100\n|move|p2a: Ferrothorn|Gyro Ball|p1a: Dragapult\n|-damage|p1a: Dragapult|24\/100\n|\n|-weather|none\n|-heal|p2a: Ferrothorn|23\/100|[from] item: Leftovers\n|upkeep\n|turn|21\n|\n|t:|1661578962\n|switch|p1a: Zeraora|Zeraora|100\/100\n|switch|p2a: Pelipper|Pelipper, F|100\/100\n|-weather|RainDance|[from] ability: Drizzle|[of] p2a: Pelipper\n|\n|-weather|RainDance|[upkeep]\n|upkeep\n|turn|22\n|\n|t:|1661578969\n|move|p1a: Zeraora|Knock Off|p2a: Pelipper\n|-damage|p2a: Pelipper|70\/100\n|-enditem|p2a: Pelipper|Damp Rock|[from] move: Knock Off|[of] p1a: Zeraora\n|move|p2a: Pelipper|Scald|p1a: Zeraora\n|-damage|p1a: Zeraora|48\/100\n|\n|-weather|RainDance|[upkeep]\n|upkeep\n|turn|23\n|\n|t:|1661578972\n|move|p1a: Zeraora|Knock Off|p2a: Pelipper\n|-damage|p2a: Pelipper|47\/100\n|move|p2a: Pelipper|Scald|p1a: Zeraora\n|-damage|p1a: Zeraora|0 fnt\n|faint|p1a: Zeraora\n|\n|-weather|RainDance|[upkeep]\n|upkeep\n|j| ZXCZXCZXCZXCZXCZXC\n|\n|t:|1661578977\n|switch|p1a: Porygon2|Porygon2|100\/100\n|-ability|p1a: Porygon2|Drizzle|[from] ability: Trace|[of] p2a: Pelipper\n|turn|24\n|\n|t:|1661578983\n|move|p2a: Pelipper|Scald|p1a: Porygon2\n|-damage|p1a: Porygon2|72\/100\n|move|p1a: Porygon2|Teleport|p1a: Porygon2\n|j| storm zone\n|\n|t:|1661578988\n|switch|p1a: Dragapult|Dragapult, M|24\/100|[from]move: Teleport\n|\n|-weather|RainDance|[upkeep]\n|upkeep\n|turn|25\n|\n|t:|1661579001\n|move|p1a: Dragapult|Shadow Ball|p2a: Pelipper\n|-damage|p2a: Pelipper|0 fnt\n|faint|p2a: Pelipper\n|\n|-weather|RainDance|[upkeep]\n|upkeep\n|\n|t:|1661579004\n|switch|p2a: Dragapult|Dragapult, F|51\/100\n|turn|26\n|\n|t:|1661579016\n|switch|p1a: Porygon2|Porygon2|72\/100\n|-ability|p1a: Porygon2|Infiltrator|[from] ability: Trace|[of] p2a: Dragapult\n|move|p2a: Dragapult|Surf|p1a: Porygon2\n|-damage|p1a: Porygon2|32\/100\n|\n|-weather|RainDance|[upkeep]\n|upkeep\n|turn|27\n|\n|t:|1661579022\n|move|p2a: Dragapult|Surf|p1a: Porygon2\n|-damage|p1a: Porygon2|0 fnt\n|faint|p1a: Porygon2\n|\n|-weather|RainDance|[upkeep]\n|upkeep\n|c|\u2606LT94JE IcicleCrash|thats gotta be specs\n|\n|t:|1661579026\n|switch|p1a: Dragapult|Dragapult, M|24\/100\n|turn|28\n|\n|t:|1661579028\n|move|p2a: Dragapult|Surf|p1a: Dragapult\n|-resisted|p1a: Dragapult\n|-damage|p1a: Dragapult|0 fnt\n|faint|p1a: Dragapult\n|\n|-weather|none\n|upkeep\n|c|\u2606LT94JE IcicleCrash|time to coinflip\n|c|\u2606LT94JE IcicleCrash|ggs\n|\n|t:|1661579032\n|switch|p1a: Corviknight|Corviknight, M|64\/100\n|-ability|p1a: Corviknight|Pressure\n|turn|29\n|c|\u2606return nirvana|i'm timid\n|c|\u2606LT94JE IcicleCrash|likewise\n|c| 3d|r u really timid\n|c| 3d|..\n|c|\u2606LT94JE IcicleCrash|both 421 speed\n|c| 3d|did u change it\n|c| 3d|icicel\n|c| 3d|icicle\n|c|\u2606LT94JE IcicleCrash|?\n|inactive|LT94JE IcicleCrash has 120 seconds left.\n|c| 3d|last time we played my pult outsped urs\n|c| 3d|andit was modest\n|c|\u2606return nirvana|my calc must be wrong then\n|c|\u2606LT94JE IcicleCrash|mine is 421\n|c|\u2606LT94JE IcicleCrash|i swears it\n|c| 3d|damn\n|c| 3d|ig u changed it\n|inactive|LT94JE IcicleCrash has 90 seconds left.\n|c|\u2606LT94JE IcicleCrash|i didnt change it\n|c|\u2606LT94JE IcicleCrash|are you certain yours was modest?\n|c|\u2606LT94JE IcicleCrash|ah whatevr ggs\n|c| 3d|yea\n|inactive|LT94JE IcicleCrash has 60 seconds left.\n|-message|LT94JE IcicleCrash forfeited.\n|\n|win|return nirvana\n|raw|LT94JE IcicleCrash's rating: 1703 &rarr; <strong>1695<\/strong><br \/>(-8 for losing)\n|raw|return nirvana's rating: 1934 &rarr; <strong>1942<\/strong><br \/>(+8 for winning)\n|c| 3d|i nvr use timid pult\n|l|\u2606LT94JE IcicleCrash\n|l|\u2606return nirvana\n|l| 3d\n|l| LT94JenPlsComeBack\n","uploadtime":1661579162,"views":75,"p1id":"lt94jeiciclecrash","p2id":"returnnirvana","formatid":"gen8ou","rating":1695,"private":0,"password":null}