{"id":"gen8ou-1704841530","p1":"Sleepdrawing","p2":"BTLT200$ SF'","format":"gen8ou","log":"|raw|<div class=\"broadcast-blue\"><strong>This battle is required to be public due to a player having a name starting with 'btlt200'.<\/div>\n|j|\u2606Sleepdrawing\n|j|\u2606BTLT200$ SF'\n|t:|1667827803\n|gametype|singles\n|player|p1|Sleepdrawing|lillie|1794\n|player|p2|BTLT200$ SF'|palmer|1794\n|teamsize|p1|6\n|teamsize|p2|6\n|gen|8\n|tier|[Gen 8] OU\n|rated|\n|rule|Sleep Clause Mod: Limit one foe put to sleep\n|rule|Species Clause: Limit one of each Pok\u00e9mon\n|rule|OHKO Clause: OHKO moves are banned\n|rule|Evasion Items Clause: Evasion items are banned\n|rule|Evasion Moves Clause: Evasion moves are banned\n|rule|Endless Battle Clause: Forcing endless battles is banned\n|rule|HP Percentage Mod: HP is shown in percentages\n|rule|Dynamax Clause: You cannot dynamax\n|clearpoke\n|poke|p1|Rillaboom, F|\n|poke|p1|Blaziken, M|\n|poke|p1|Slowbro, M|\n|poke|p1|Hippowdon, M|\n|poke|p1|Tapu Fini|\n|poke|p1|Corviknight, M|\n|poke|p2|Corviknight, M|\n|poke|p2|Tornadus-Therian, M|\n|poke|p2|Toxapex, F|\n|poke|p2|Clefable, F|\n|poke|p2|Hippowdon, M|\n|poke|p2|Heatran, M|\n|teampreview\n|inactive|Battle timer is ON: inactive players will automatically lose when time's up. (requested by BTLT200$ SF')\n|\n|t:|1667827823\n|start\n|switch|p1a: Tapu Fini|Tapu Fini, shiny|100\/100\n|switch|p2a: Tornadus|Tornadus-Therian, M|100\/100\n|-fieldstart|move: Misty Terrain|[from] ability: Misty Surge|[of] p1a: Tapu Fini\n|turn|1\n|\n|t:|1667827838\n|switch|p2a: Toxapex|Toxapex, F|100\/100\n|move|p1a: Tapu Fini|Ice Beam|p2a: Toxapex\n|-resisted|p2a: Toxapex\n|-crit|p2a: Toxapex\n|-damage|p2a: Toxapex|87\/100\n|\n|upkeep\n|turn|2\n|\n|t:|1667827847\n|switch|p1a: Corviknight|Corviknight, M|100\/100\n|-ability|p1a: Corviknight|Pressure\n|move|p2a: Toxapex|Scald|p1a: Corviknight\n|-damage|p1a: Corviknight|85\/100\n|\n|-heal|p1a: Corviknight|92\/100|[from] item: Leftovers\n|upkeep\n|turn|3\n|\n|t:|1667827858\n|move|p1a: Corviknight|Body Press|p2a: Toxapex\n|-resisted|p2a: Toxapex\n|-damage|p2a: Toxapex|78\/100\n|move|p2a: Toxapex|Scald|p1a: Corviknight\n|-damage|p1a: Corviknight|78\/100\n|\n|-heal|p1a: Corviknight|84\/100|[from] item: Leftovers\n|upkeep\n|turn|4\n|\n|t:|1667827867\n|switch|p1a: Slowbro|Slowbro, M|100\/100\n|move|p2a: Toxapex|Scald|p1a: Slowbro\n|-resisted|p1a: Slowbro\n|-damage|p1a: Slowbro|93\/100\n|\n|upkeep\n|turn|5\n|\n|t:|1667827873\n|move|p2a: Toxapex|Light Screen|p2a: Toxapex\n|-sidestart|p2: BTLT200$ SF'|move: Light Screen\n|move|p1a: Slowbro|Future Sight|p2a: Toxapex\n|-start|p1a: Slowbro|move: Future Sight\n|\n|-fieldend|Misty Terrain\n|upkeep\n|turn|6\n|\n|t:|1667827877\n|move|p2a: Toxapex|Toxic|p1a: Slowbro\n|-status|p1a: Slowbro|tox\n|move|p1a: Slowbro|Scald|p2a: Toxapex\n|-resisted|p2a: Toxapex\n|-damage|p2a: Toxapex|74\/100\n|\n|-damage|p1a: Slowbro|87\/100 tox|[from] psn\n|upkeep\n|turn|7\n|\n|t:|1667827884\n|switch|p2a: Tornadus|Tornadus-Therian, M|100\/100\n|move|p1a: Slowbro|Scald|p2a: Tornadus\n|-damage|p2a: Tornadus|86\/100\n|\n|-end|p2a: Tornadus|move: Future Sight\n|-damage|p2a: Tornadus|66\/100\n|-damage|p1a: Slowbro|74\/100 tox|[from] psn\n|upkeep\n|turn|8\n|j| gold bottle\n|\n|t:|1667827888\n|switch|p1a: Corviknight|Corviknight, M|84\/100\n|-ability|p1a: Corviknight|Pressure\n|move|p2a: Tornadus|Knock Off|p1a: Corviknight\n|-damage|p1a: Corviknight|71\/100\n|-enditem|p1a: Corviknight|Leftovers|[from] move: Knock Off|[of] p2a: Tornadus\n|\n|upkeep\n|turn|9\n|\n|t:|1667827895\n|move|p2a: Tornadus|Heat Wave|p1a: Corviknight|[miss]\n|-miss|p2a: Tornadus|p1a: Corviknight\n|move|p1a: Corviknight|Roost|p1a: Corviknight\n|-heal|p1a: Corviknight|100\/100\n|-singleturn|p1a: Corviknight|move: Roost\n|\n|-sideend|p2: BTLT200$ SF'|move: Light Screen\n|upkeep\n|turn|10\n|j| susudjs djdj\n|\n|t:|1667827917\n|move|p2a: Tornadus|Heat Wave|p1a: Corviknight\n|-supereffective|p1a: Corviknight\n|-damage|p1a: Corviknight|60\/100\n|move|p1a: Corviknight|Body Press|p2a: Tornadus\n|-resisted|p2a: Tornadus\n|-damage|p2a: Tornadus|53\/100\n|-damage|p1a: Corviknight|43\/100|[from] item: Rocky Helmet|[of] p2a: Tornadus\n|\n|upkeep\n|turn|11\n|\n|t:|1667827922\n|move|p2a: Tornadus|Heat Wave|p1a: Corviknight\n|-supereffective|p1a: Corviknight\n|-damage|p1a: Corviknight|1\/100\n|move|p1a: Corviknight|Roost|p1a: Corviknight\n|-heal|p1a: Corviknight|51\/100\n|-singleturn|p1a: Corviknight|move: Roost\n|\n|upkeep\n|turn|12\n|\n|t:|1667827929\n|switch|p2a: Toxapex|Toxapex, F|100\/100\n|move|p1a: Corviknight|Roost|p1a: Corviknight\n|-heal|p1a: Corviknight|100\/100\n|-singleturn|p1a: Corviknight|move: Roost\n|\n|upkeep\n|turn|13\n|j| wzt123\n|\n|t:|1667827938\n|switch|p1a: Slowbro|Slowbro, M|100\/100 tox\n|switch|p2a: Tornadus|Tornadus-Therian, M|86\/100\n|\n|-damage|p1a: Slowbro|94\/100 tox|[from] psn\n|upkeep\n|turn|14\n|\n|t:|1667827945\n|switch|p2a: Toxapex|Toxapex, F|100\/100\n|switch|p1a: Corviknight|Corviknight, M|100\/100\n|-ability|p1a: Corviknight|Pressure\n|\n|upkeep\n|turn|15\n|\n|t:|1667827948\n|switch|p1a: Slowbro|Slowbro, M|100\/100 tox\n|move|p2a: Toxapex|Scald|p1a: Slowbro\n|-resisted|p1a: Slowbro\n|-damage|p1a: Slowbro|92\/100 tox\n|\n|-damage|p1a: Slowbro|86\/100 tox|[from] psn\n|upkeep\n|turn|16\n|c| wzt123|\u8c8c\u4f3c\u80fd\u8fdb\u6765\n|\n|t:|1667827955\n|move|p2a: Toxapex|Light Screen|p2a: Toxapex\n|-sidestart|p2: BTLT200$ SF'|move: Light Screen\n|move|p1a: Slowbro|Future Sight|p2a: Toxapex\n|-start|p1a: Slowbro|move: Future Sight\n|\n|-damage|p1a: Slowbro|74\/100 tox|[from] psn\n|upkeep\n|turn|17\n|\n|t:|1667827961\n|switch|p2a: Tornadus|Tornadus-Therian, M|100\/100\n|move|p1a: Slowbro|Scald|p2a: Tornadus\n|-damage|p2a: Tornadus|85\/100\n|\n|-damage|p1a: Slowbro|55\/100 tox|[from] psn\n|upkeep\n|turn|18\n|\n|t:|1667827969\n|switch|p1a: Corviknight|Corviknight, M|100\/100\n|-ability|p1a: Corviknight|Pressure\n|move|p2a: Tornadus|Knock Off|p1a: Corviknight\n|-damage|p1a: Corviknight|92\/100\n|\n|-end|p2a: Tornadus|move: Future Sight\n|-damage|p2a: Tornadus|63\/100\n|upkeep\n|turn|19\n|\n|t:|1667827975\n|move|p2a: Tornadus|Knock Off|p1a: Corviknight\n|-damage|p1a: Corviknight|83\/100\n|move|p1a: Corviknight|Iron Defense|p1a: Corviknight\n|-boost|p1a: Corviknight|def|2\n|\n|upkeep\n|turn|20\n|j| badslowking\n|\n|t:|1667827982\n|switch|p2a: Toxapex|Toxapex, F|100\/100\n|move|p1a: Corviknight|Roost|p1a: Corviknight\n|-heal|p1a: Corviknight|100\/100\n|-singleturn|p1a: Corviknight|move: Roost\n|\n|-sideend|p2: BTLT200$ SF'|move: Light Screen\n|upkeep\n|turn|21\n|\n|t:|1667827990\n|switch|p1a: Slowbro|Slowbro, M|89\/100 tox\n|move|p2a: Toxapex|Light Screen|p2a: Toxapex\n|-sidestart|p2: BTLT200$ SF'|move: Light Screen\n|\n|-damage|p1a: Slowbro|82\/100 tox|[from] psn\n|upkeep\n|turn|22\n|\n|t:|1667827995\n|switch|p2a: Tornadus|Tornadus-Therian, M|96\/100\n|move|p1a: Slowbro|Scald|p2a: Tornadus\n|-damage|p2a: Tornadus|83\/100\n|-status|p2a: Tornadus|brn\n|\n|-damage|p1a: Slowbro|70\/100 tox|[from] psn\n|-damage|p2a: Tornadus|76\/100 brn|[from] brn\n|upkeep\n|turn|23\n|j| Jongruenwald\n|\n|t:|1667828002\n|switch|p1a: Corviknight|Corviknight, M|100\/100\n|-ability|p1a: Corviknight|Pressure\n|move|p2a: Tornadus|Knock Off|p1a: Corviknight\n|-damage|p1a: Corviknight|96\/100\n|\n|-damage|p2a: Tornadus|70\/100 brn|[from] brn\n|upkeep\n|turn|24\n|\n|t:|1667828008\n|switch|p2a: Hippowdon|Hippowdon, M|100\/100\n|-weather|Sandstorm|[from] ability: Sand Stream|[of] p2a: Hippowdon\n|move|p1a: Corviknight|Iron Defense|p1a: Corviknight\n|-boost|p1a: Corviknight|def|2\n|\n|-weather|Sandstorm|[upkeep]\n|upkeep\n|turn|25\n|\n|t:|1667828014\n|move|p1a: Corviknight|Iron Defense|p1a: Corviknight\n|-boost|p1a: Corviknight|def|2\n|move|p2a: Hippowdon|Toxic|p1a: Corviknight\n|-immune|p1a: Corviknight\n|\n|-weather|Sandstorm|[upkeep]\n|-sideend|p2: BTLT200$ SF'|move: Light Screen\n|upkeep\n|turn|26\n|j| wistwind\n|\n|t:|1667828021\n|switch|p2a: Clefable|Clefable, F|100\/100\n|move|p1a: Corviknight|Iron Defense|p1a: Corviknight\n|-boost|p1a: Corviknight|def|2\n|\n|-weather|Sandstorm|[upkeep]\n|-damage|p2a: Clefable|94\/100|[from] Sandstorm\n|-heal|p2a: Clefable|100\/100|[from] item: Leftovers\n|upkeep\n|turn|27\n|l| Jongruenwald\n|j| tsuna114514\n|\n|t:|1667828049\n|switch|p1a: Hippowdon|Hippowdon, M|100\/100\n|switch|p2a: Tornadus|Tornadus-Therian, M|100\/100 brn\n|\n|-weather|Sandstorm|[upkeep]\n|-damage|p2a: Tornadus|94\/100 brn|[from] Sandstorm\n|-damage|p2a: Tornadus|88\/100 brn|[from] brn\n|upkeep\n|turn|28\n|\n|t:|1667828066\n|switch|p1a: Corviknight|Corviknight, M|96\/100\n|-ability|p1a: Corviknight|Pressure\n|move|p2a: Tornadus|Knock Off|p1a: Corviknight\n|-damage|p1a: Corviknight|92\/100\n|\n|-weather|none\n|-damage|p2a: Tornadus|82\/100 brn|[from] brn\n|upkeep\n|turn|29\n|\n|t:|1667828073\n|switch|p2a: Hippowdon|Hippowdon, M|100\/100\n|-weather|Sandstorm|[from] ability: Sand Stream|[of] p2a: Hippowdon\n|move|p1a: Corviknight|Body Press|p2a: Hippowdon\n|-damage|p2a: Hippowdon|81\/100\n|\n|-weather|Sandstorm|[upkeep]\n|-heal|p2a: Hippowdon|88\/100|[from] item: Leftovers\n|upkeep\n|turn|30\n|\n|t:|1667828082\n|switch|p1a: Tapu Fini|Tapu Fini, shiny|100\/100\n|-fieldstart|move: Misty Terrain|[from] ability: Misty Surge|[of] p1a: Tapu Fini\n|move|p2a: Hippowdon|Stealth Rock|p1a: Tapu Fini\n|-sidestart|p1: Sleepdrawing|move: Stealth Rock\n|\n|-weather|Sandstorm|[upkeep]\n|-damage|p1a: Tapu Fini|94\/100|[from] Sandstorm\n|-heal|p2a: Hippowdon|94\/100|[from] item: Leftovers\n|upkeep\n|turn|31\n|j| Jeja\n|j| Jongruenwald\n|\n|t:|1667828089\n|switch|p2a: Toxapex|Toxapex, F|100\/100\n|move|p1a: Tapu Fini|Trick|p2a: Toxapex\n|-activate|p1a: Tapu Fini|move: Trick|[of] p2a: Toxapex\n|-item|p2a: Toxapex|Choice Scarf|[from] move: Trick\n|-item|p1a: Tapu Fini|Shed Shell|[from] move: Trick\n|\n|-weather|Sandstorm|[upkeep]\n|-damage|p1a: Tapu Fini|88\/100|[from] Sandstorm\n|-damage|p2a: Toxapex|94\/100|[from] Sandstorm\n|upkeep\n|turn|32\n|j| fightomato\n|\n|t:|1667828097\n|switch|p1a: Corviknight|Corviknight, M|92\/100\n|-damage|p1a: Corviknight|80\/100|[from] Stealth Rock\n|-ability|p1a: Corviknight|Pressure\n|move|p2a: Toxapex|Scald|p1a: Corviknight\n|-damage|p1a: Corviknight|66\/100\n|-status|p1a: Corviknight|brn\n|\n|-weather|Sandstorm|[upkeep]\n|-damage|p2a: Toxapex|88\/100|[from] Sandstorm\n|-damage|p1a: Corviknight|60\/100 brn|[from] brn\n|upkeep\n|turn|33\n|\n|t:|1667828105\n|switch|p2a: Corviknight|Corviknight, M|100\/100\n|-ability|p2a: Corviknight|Pressure\n|move|p1a: Corviknight|Defog|p2a: Corviknight\n|-unboost|p2a: Corviknight|evasion|1\n|-sideend|p1: Sleepdrawing|Stealth Rock|[from] move: Defog|[of] p1a: Corviknight\n|-fieldend|Misty Terrain\n|\n|-weather|none\n|-damage|p1a: Corviknight|53\/100 brn|[from] brn\n|upkeep\n|turn|34\n|\n|t:|1667828116\n|move|p1a: Corviknight|Roost|p1a: Corviknight\n|-heal|p1a: Corviknight|100\/100 brn\n|-singleturn|p1a: Corviknight|move: Roost\n|move|p2a: Corviknight|U-turn|p1a: Corviknight\n|-resisted|p1a: Corviknight\n|-damage|p1a: Corviknight|96\/100 brn\n|\n|t:|1667828121\n|switch|p2a: Heatran|Heatran, M|100\/100|[from]move: U-turn\n|-item|p2a: Heatran|Air Balloon\n|\n|-damage|p1a: Corviknight|90\/100 brn|[from] brn\n|upkeep\n|turn|35\n|\n|t:|1667828127\n|switch|p1a: Tapu Fini|Tapu Fini, shiny|88\/100\n|-fieldstart|move: Misty Terrain|[from] ability: Misty Surge|[of] p1a: Tapu Fini\n|move|p2a: Heatran|Magma Storm|p1a: Tapu Fini|[miss]\n|-miss|p2a: Heatran|p1a: Tapu Fini\n|\n|upkeep\n|turn|36\n|l| gold bottle\n|\n|t:|1667828134\n|switch|p2a: Toxapex|Toxapex, F|100\/100\n|move|p1a: Tapu Fini|Hydro Pump|p2a: Toxapex\n|-resisted|p2a: Toxapex\n|-damage|p2a: Toxapex|86\/100\n|\n|upkeep\n|turn|37\n|\n|t:|1667828144\n|switch|p1a: Slowbro|Slowbro, M|100\/100 tox\n|move|p2a: Toxapex|Light Screen|p2a: Toxapex\n|-sidestart|p2: BTLT200$ SF'|move: Light Screen\n|\n|-damage|p1a: Slowbro|94\/100 tox|[from] psn\n|upkeep\n|turn|38\n|\n|t:|1667828151\n|switch|p2a: Tornadus|Tornadus-Therian, M|100\/100 brn\n|move|p1a: Slowbro|Future Sight|p2a: Tornadus\n|-start|p1a: Slowbro|move: Future Sight\n|\n|-damage|p1a: Slowbro|82\/100 tox|[from] psn\n|-damage|p2a: Tornadus|94\/100 brn|[from] brn\n|upkeep\n|turn|39\n|c| fightomato|\u5427\u8001\u5e08\u52a0\u6cb9\u6162\u6162\u6253\u8d62\u4e86k8!!\n|\n|t:|1667828164\n|switch|p1a: Corviknight|Corviknight, M|90\/100 brn\n|-ability|p1a: Corviknight|Pressure\n|move|p2a: Tornadus|Knock Off|p1a: Corviknight\n|-damage|p1a: Corviknight|86\/100 brn\n|\n|-damage|p2a: Tornadus|88\/100 brn|[from] brn\n|-damage|p1a: Corviknight|79\/100 brn|[from] brn\n|-fieldend|Misty Terrain\n|upkeep\n|turn|40\n|\n|t:|1667828173\n|switch|p2a: Hippowdon|Hippowdon, M|94\/100\n|-weather|Sandstorm|[from] ability: Sand Stream|[of] p2a: Hippowdon\n|move|p1a: Corviknight|Roost|p1a: Corviknight\n|-heal|p1a: Corviknight|100\/100 brn\n|-singleturn|p1a: Corviknight|move: Roost\n|\n|-weather|Sandstorm|[upkeep]\n|-end|p2a: Hippowdon|move: Future Sight\n|-damage|p2a: Hippowdon|78\/100\n|-heal|p2a: Hippowdon|84\/100|[from] item: Leftovers\n|-damage|p1a: Corviknight|94\/100 brn|[from] brn\n|upkeep\n|turn|41\n|\n|t:|1667828181\n|move|p1a: Corviknight|Iron Defense|p1a: Corviknight\n|-boost|p1a: Corviknight|def|2\n|move|p2a: Hippowdon|Toxic||[still]\n|-fail|p2a: Hippowdon\n|\n|-weather|Sandstorm|[upkeep]\n|-heal|p2a: Hippowdon|90\/100|[from] item: Leftovers\n|-damage|p1a: Corviknight|88\/100 brn|[from] brn\n|-sideend|p2: BTLT200$ SF'|move: Light Screen\n|upkeep\n|turn|42\n|\n|t:|1667828185\n|move|p1a: Corviknight|Body Press|p2a: Hippowdon\n|-damage|p2a: Hippowdon|71\/100\n|move|p2a: Hippowdon|Stealth Rock|p1a: Corviknight\n|-sidestart|p1: Sleepdrawing|move: Stealth Rock\n|\n|-weather|Sandstorm|[upkeep]\n|-heal|p2a: Hippowdon|78\/100|[from] item: Leftovers\n|-damage|p1a: Corviknight|82\/100 brn|[from] brn\n|upkeep\n|turn|43\n|\n|t:|1667828189\n|switch|p2a: Corviknight|Corviknight, M|100\/100\n|-ability|p2a: Corviknight|Pressure\n|move|p1a: Corviknight|Defog|p2a: Corviknight\n|-unboost|p2a: Corviknight|evasion|1\n|-sideend|p1: Sleepdrawing|Stealth Rock|[from] move: Defog|[of] p1a: Corviknight\n|\n|-weather|Sandstorm|[upkeep]\n|-damage|p1a: Corviknight|75\/100 brn|[from] brn\n|upkeep\n|turn|44\n|j| sleepboking\n|\n|t:|1667828194\n|move|p1a: Corviknight|Roost|p1a: Corviknight\n|-heal|p1a: Corviknight|100\/100 brn\n|-singleturn|p1a: Corviknight|move: Roost\n|move|p2a: Corviknight|U-turn|p1a: Corviknight\n|-resisted|p1a: Corviknight\n|-damage|p1a: Corviknight|98\/100 brn\n|\n|t:|1667828196\n|switch|p2a: Hippowdon|Hippowdon, M|78\/100|[from]move: U-turn\n|\n|-weather|none\n|-heal|p2a: Hippowdon|84\/100|[from] item: Leftovers\n|-damage|p1a: Corviknight|92\/100 brn|[from] brn\n|upkeep\n|turn|45\n|\n|t:|1667828212\n|switch|p1a: Tapu Fini|Tapu Fini, shiny|88\/100\n|-fieldstart|move: Misty Terrain|[from] ability: Misty Surge|[of] p1a: Tapu Fini\n|switch|p2a: Corviknight|Corviknight, M|100\/100\n|-ability|p2a: Corviknight|Pressure\n|\n|upkeep\n|turn|46\n|\n|t:|1667828220\n|switch|p1a: Rillaboom|Rillaboom, F|100\/100\n|-fieldstart|move: Grassy Terrain|[from] ability: Grassy Surge|[of] p1a: Rillaboom\n|switch|p2a: Toxapex|Toxapex, F|100\/100\n|\n|upkeep\n|turn|47\n|\n|t:|1667828223\n|switch|p2a: Tornadus|Tornadus-Therian, M|100\/100 brn\n|move|p1a: Rillaboom|Swords Dance|p1a: Rillaboom\n|-boost|p1a: Rillaboom|atk|2\n|\n|-damage|p2a: Tornadus|94\/100 brn|[from] brn\n|upkeep\n|turn|48\n|\n|t:|1667828229\n|move|p2a: Tornadus|Knock Off|p1a: Rillaboom\n|-damage|p1a: Rillaboom|91\/100\n|-enditem|p1a: Rillaboom|Leftovers|[from] move: Knock Off|[of] p2a: Tornadus\n|move|p1a: Rillaboom|Knock Off|p2a: Tornadus\n|-damage|p2a: Tornadus|18\/100 brn\n|-damage|p1a: Rillaboom|74\/100|[from] item: Rocky Helmet|[of] p2a: Tornadus\n|-enditem|p2a: Tornadus|Rocky Helmet|[from] move: Knock Off|[of] p1a: Rillaboom\n|\n|-heal|p1a: Rillaboom|80\/100|[from] Grassy Terrain\n|-damage|p2a: Tornadus|12\/100 brn|[from] brn\n|upkeep\n|turn|49\n|\n|t:|1667828236\n|switch|p2a: Clefable|Clefable, F|100\/100\n|move|p1a: Rillaboom|Grassy Glide|p2a: Clefable\n|-crit|p2a: Clefable\n|-damage|p2a: Clefable|44\/100\n|\n|-heal|p1a: Rillaboom|87\/100|[from] Grassy Terrain\n|-heal|p2a: Clefable|50\/100|[from] Grassy Terrain\n|-heal|p2a: Clefable|56\/100|[from] item: Leftovers\n|upkeep\n|turn|50\n|\n|t:|1667828243\n|move|p1a: Rillaboom|Knock Off|p2a: Clefable\n|-resisted|p2a: Clefable\n|-damage|p2a: Clefable|42\/100\n|-enditem|p2a: Clefable|Leftovers|[from] move: Knock Off|[of] p1a: Rillaboom\n|move|p2a: Clefable|Soft-Boiled|p2a: Clefable\n|-heal|p2a: Clefable|92\/100\n|\n|-heal|p1a: Rillaboom|93\/100|[from] Grassy Terrain\n|-heal|p2a: Clefable|98\/100|[from] Grassy Terrain\n|-fieldend|move: Grassy Terrain\n|upkeep\n|turn|51\n|j| xasahbae\n|l| sleepboking\n|\n|t:|1667828254\n|switch|p1a: Hippowdon|Hippowdon, M|100\/100\n|-weather|Sandstorm|[from] ability: Sand Stream|[of] p1a: Hippowdon\n|move|p2a: Clefable|Aromatherapy|p2a: Clefable\n|-activate|p2a: Clefable|move: Aromatherapy\n|-curestatus|p2: Tornadus|brn|[msg]\n|\n|-weather|Sandstorm|[upkeep]\n|-damage|p2a: Clefable|92\/100|[from] Sandstorm\n|upkeep\n|turn|52\n|\n|t:|1667828263\n|switch|p2a: Corviknight|Corviknight, M|100\/100\n|-ability|p2a: Corviknight|Pressure\n|move|p1a: Hippowdon|Stealth Rock|p2a: Corviknight\n|-sidestart|p2: BTLT200$ SF'|move: Stealth Rock\n|\n|-weather|Sandstorm|[upkeep]\n|upkeep\n|turn|53\n|j| thisgameissobatman\n|\n|t:|1667828276\n|switch|p1a: Tapu Fini|Tapu Fini, shiny|88\/100\n|-fieldstart|move: Misty Terrain|[from] ability: Misty Surge|[of] p1a: Tapu Fini\n|move|p2a: Corviknight|Defog|p1a: Tapu Fini\n|-unboost|p1a: Tapu Fini|evasion|1\n|-sideend|p2: BTLT200$ SF'|Stealth Rock|[from] move: Defog|[of] p2a: Corviknight\n|-fieldend|Misty Terrain\n|\n|-weather|Sandstorm|[upkeep]\n|-damage|p1a: Tapu Fini|82\/100|[from] Sandstorm\n|upkeep\n|turn|54\n|\n|t:|1667828281\n|switch|p1a: Rillaboom|Rillaboom, F|93\/100\n|-fieldstart|move: Grassy Terrain|[from] ability: Grassy Surge|[of] p1a: Rillaboom\n|switch|p2a: Toxapex|Toxapex, F|100\/100\n|\n|-weather|Sandstorm|[upkeep]\n|-damage|p1a: Rillaboom|87\/100|[from] Sandstorm\n|-damage|p2a: Toxapex|94\/100|[from] Sandstorm\n|-heal|p1a: Rillaboom|93\/100|[from] Grassy Terrain\n|-heal|p2a: Toxapex|100\/100|[from] Grassy Terrain\n|upkeep\n|turn|55\n|\n|t:|1667828294\n|move|p1a: Rillaboom|Swords Dance|p1a: Rillaboom\n|-boost|p1a: Rillaboom|atk|2\n|move|p2a: Toxapex|Toxic|p1a: Rillaboom\n|-status|p1a: Rillaboom|tox\n|\n|-weather|none\n|-heal|p1a: Rillaboom|99\/100 tox|[from] Grassy Terrain\n|-damage|p1a: Rillaboom|93\/100 tox|[from] psn\n|upkeep\n|turn|56\n|\n|t:|1667828302\n|switch|p2a: Clefable|Clefable, F|92\/100\n|move|p1a: Rillaboom|Grassy Glide|p2a: Clefable\n|-damage|p2a: Clefable|55\/100\n|\n|-heal|p1a: Rillaboom|99\/100 tox|[from] Grassy Terrain\n|-heal|p2a: Clefable|61\/100|[from] Grassy Terrain\n|-damage|p1a: Rillaboom|87\/100 tox|[from] psn\n|upkeep\n|turn|57\n|\n|t:|1667828310\n|switch|p1a: Hippowdon|Hippowdon, M|100\/100\n|-weather|Sandstorm|[from] ability: Sand Stream|[of] p1a: Hippowdon\n|move|p2a: Clefable|Soft-Boiled|p2a: Clefable\n|-heal|p2a: Clefable|100\/100\n|\n|-weather|Sandstorm|[upkeep]\n|-damage|p2a: Clefable|94\/100|[from] Sandstorm\n|-heal|p2a: Clefable|100\/100|[from] Grassy Terrain\n|upkeep\n|turn|58\n|\n|t:|1667828314\n|switch|p2a: Corviknight|Corviknight, M|100\/100\n|-ability|p2a: Corviknight|Pressure\n|move|p1a: Hippowdon|Stealth Rock|p2a: Corviknight\n|-sidestart|p2: BTLT200$ SF'|move: Stealth Rock\n|\n|-weather|Sandstorm|[upkeep]\n|-fieldend|move: Grassy Terrain\n|upkeep\n|turn|59\n|\n|t:|1667828324\n|switch|p1a: Rillaboom|Rillaboom, F|87\/100 tox\n|-fieldstart|move: Grassy Terrain|[from] ability: Grassy Surge|[of] p1a: Rillaboom\n|move|p2a: Corviknight|Defog|p1a: Rillaboom\n|-unboost|p1a: Rillaboom|evasion|1\n|-sideend|p2: BTLT200$ SF'|Stealth Rock|[from] move: Defog|[of] p2a: Corviknight\n|-fieldend|move: Grassy Terrain\n|\n|-weather|Sandstorm|[upkeep]\n|-damage|p1a: Rillaboom|80\/100 tox|[from] Sandstorm\n|-damage|p1a: Rillaboom|74\/100 tox|[from] psn\n|upkeep\n|turn|60\n|\n|t:|1667828332\n|switch|p2a: Toxapex|Toxapex, F|100\/100\n|move|p1a: Rillaboom|Knock Off|p2a: Toxapex\n|-damage|p2a: Toxapex|76\/100\n|-enditem|p2a: Toxapex|Choice Scarf|[from] move: Knock Off|[of] p1a: Rillaboom\n|\n|-weather|Sandstorm|[upkeep]\n|-damage|p1a: Rillaboom|68\/100 tox|[from] Sandstorm\n|-damage|p2a: Toxapex|70\/100|[from] Sandstorm\n|-damage|p1a: Rillaboom|56\/100 tox|[from] psn\n|upkeep\n|turn|61\n|l| fightomato\n|-message|Sleepdrawing forfeited.\n|\n|win|BTLT200$ SF'\n|raw|Sleepdrawing's rating: 1794 &rarr; <strong>1774<\/strong><br \/>(-20 for losing)\n|raw|BTLT200$ SF&apos;'s rating: 1794 &rarr; <strong>1814<\/strong><br \/>(+20 for winning)\n|l|\u2606Sleepdrawing\n|l| xasahbae\n","uploadtime":1667828355,"views":14,"p1id":"sleepdrawing","p2id":"btlt200sf","formatid":"gen8ou","rating":1774,"private":0,"password":null}