{"id":"gen8ou-1646893655","p1":"2222mm","p2":"LT94JE Elpacho","format":"gen8ou","log":"|raw|<div class=\"broadcast-blue\"><strong>This battle is required to be public due to a player having a name starting with 'lt94je'.<\/div>\n|j|\u26062222mm\n|j|\u2606LT94JE Elpacho\n|t:|1661321397\n|gametype|singles\n|player|p1|2222mm|2|1776\n|player|p2|LT94JE Elpacho|102|1718\n|teamsize|p1|6\n|teamsize|p2|6\n|gen|8\n|tier|[Gen 8] OU\n|rated|\n|rule|Sleep Clause Mod: Limit one foe put to sleep\n|rule|Species Clause: Limit one of each Pok\u00e9mon\n|rule|OHKO Clause: OHKO moves are banned\n|rule|Evasion Items Clause: Evasion items are banned\n|rule|Evasion Moves Clause: Evasion moves are banned\n|rule|Endless Battle Clause: Forcing endless battles is banned\n|rule|HP Percentage Mod: HP is shown in percentages\n|rule|Dynamax Clause: You cannot dynamax\n|clearpoke\n|poke|p1|Tapu Fini|\n|poke|p1|Landorus-Therian, M|\n|poke|p1|Ferrothorn, F|\n|poke|p1|Blacephalon|\n|poke|p1|Glastrier|\n|poke|p1|Kartana|\n|poke|p2|Dragonite, M|\n|poke|p2|Garchomp, M|\n|poke|p2|Kartana|\n|poke|p2|Mew|\n|poke|p2|Volcarona, F|\n|poke|p2|Weavile, M|\n|teampreview\n|inactive|Battle timer is ON: inactive players will automatically lose when time's up. (requested by LT94JE Elpacho)\n|\n|t:|1661321418\n|start\n|switch|p1a: Tapu Fini|Tapu Fini|100\/100\n|switch|p2a: Mew|Mew|100\/100\n|-fieldstart|move: Misty Terrain|[from] ability: Misty Surge|[of] p1a: Tapu Fini\n|turn|1\n|\n|t:|1661321427\n|move|p1a: Tapu Fini|Trick|p2a: Mew\n|-activate|p1a: Tapu Fini|move: Trick|[of] p2a: Mew\n|-item|p2a: Mew|Choice Scarf|[from] move: Trick\n|-item|p1a: Tapu Fini|Colbur Berry|[from] move: Trick\n|move|p2a: Mew|Volt Switch|p1a: Tapu Fini\n|-supereffective|p1a: Tapu Fini\n|-damage|p1a: Tapu Fini|70\/100\n|\n|t:|1661321440\n|switch|p2a: Kartana|Kartana|100\/100|[from]move: Volt Switch\n|\n|upkeep\n|turn|2\n|\n|t:|1661321451\n|switch|p2a: Mew|Mew|100\/100\n|switch|p1a: Ferrothorn|Ferrothorn, F|100\/100\n|\n|upkeep\n|turn|3\n|\n|t:|1661321459\n|switch|p1a: Tapu Fini|Tapu Fini|70\/100\n|move|p2a: Mew|Stealth Rock|p1a: Tapu Fini\n|-sidestart|p1: 2222mm|move: Stealth Rock\n|\n|upkeep\n|turn|4\n|\n|t:|1661321470\n|move|p2a: Mew|Stealth Rock||[still]\n|-fail|p2a: Mew\n|move|p1a: Tapu Fini|Defog|p2a: Mew\n|-unboost|p2a: Mew|evasion|1\n|-sideend|p1: 2222mm|Stealth Rock|[from] move: Defog|[of] p1a: Tapu Fini\n|-fieldend|Misty Terrain\n|\n|upkeep\n|turn|5\n|\n|t:|1661321474\n|move|p2a: Mew|Stealth Rock|p1a: Tapu Fini\n|-sidestart|p1: 2222mm|move: Stealth Rock\n|move|p1a: Tapu Fini|Moonblast|p2a: Mew\n|-damage|p2a: Mew|71\/100\n|-unboost|p2a: Mew|spa|1\n|\n|upkeep\n|turn|6\n|\n|t:|1661321477\n|move|p2a: Mew|Stealth Rock||[still]\n|-fail|p2a: Mew\n|move|p1a: Tapu Fini|Defog|p2a: Mew\n|-unboost|p2a: Mew|evasion|1\n|-sideend|p1: 2222mm|Stealth Rock|[from] move: Defog|[of] p1a: Tapu Fini\n|\n|upkeep\n|turn|7\n|\n|t:|1661321484\n|move|p2a: Mew|Stealth Rock|p1a: Tapu Fini\n|-sidestart|p1: 2222mm|move: Stealth Rock\n|move|p1a: Tapu Fini|Moonblast|p2a: Mew\n|-damage|p2a: Mew|39\/100\n|\n|upkeep\n|turn|8\n|\n|t:|1661321489\n|move|p2a: Mew|Stealth Rock||[still]\n|-fail|p2a: Mew\n|move|p1a: Tapu Fini|Defog|p2a: Mew\n|-unboost|p2a: Mew|evasion|1\n|-sideend|p1: 2222mm|Stealth Rock|[from] move: Defog|[of] p1a: Tapu Fini\n|\n|upkeep\n|turn|9\n|j| LT94JEwhyaddicted\n|\n|t:|1661321511\n|move|p2a: Mew|Stealth Rock|p1a: Tapu Fini\n|-sidestart|p1: 2222mm|move: Stealth Rock\n|move|p1a: Tapu Fini|Moonblast|p2a: Mew\n|-damage|p2a: Mew|8\/100\n|\n|upkeep\n|turn|10\n|\n|t:|1661321517\n|move|p2a: Mew|Stealth Rock||[still]\n|-fail|p2a: Mew\n|move|p1a: Tapu Fini|Defog|p2a: Mew\n|-unboost|p2a: Mew|evasion|1\n|-sideend|p1: 2222mm|Stealth Rock|[from] move: Defog|[of] p1a: Tapu Fini\n|\n|upkeep\n|turn|11\n|\n|t:|1661321541\n|switch|p1a: Glastrier|Glastrier|100\/100\n|move|p2a: Mew|Stealth Rock|p1a: Glastrier\n|-sidestart|p1: 2222mm|move: Stealth Rock\n|\n|upkeep\n|turn|12\n|\n|t:|1661321553\n|switch|p2a: Volcarona|Volcarona, F|100\/100\n|move|p1a: Glastrier|Icicle Crash|p2a: Volcarona\n|-resisted|p2a: Volcarona\n|-damage|p2a: Volcarona|68\/100\n|\n|upkeep\n|turn|13\n|l| LT94JEwhyaddicted\n|\n|t:|1661321560\n|switch|p1a: Landorus|Landorus-Therian, M|100\/100\n|-damage|p1a: Landorus|88\/100|[from] Stealth Rock\n|-ability|p1a: Landorus|Intimidate|boost\n|-unboost|p2a: Volcarona|atk|1\n|move|p2a: Volcarona|Quiver Dance|p2a: Volcarona\n|-boost|p2a: Volcarona|spa|1\n|-boost|p2a: Volcarona|spd|1\n|-boost|p2a: Volcarona|spe|1\n|\n|upkeep\n|turn|14\n|\n|t:|1661321563\n|move|p2a: Volcarona|Flamethrower|p1a: Landorus\n|-damage|p1a: Landorus|36\/100\n|move|p1a: Landorus|Fling|p2a: Volcarona\n|-damage|p2a: Volcarona|55\/100\n|-status|p2a: Volcarona|par\n|-enditem|p1a: Landorus|Light Ball|[from] move: Fling\n|\n|upkeep\n|turn|15\n|\n|t:|1661321579\n|switch|p1a: Tapu Fini|Tapu Fini|70\/100\n|-damage|p1a: Tapu Fini|57\/100|[from] Stealth Rock\n|-fieldstart|move: Misty Terrain|[from] ability: Misty Surge|[of] p1a: Tapu Fini\n|cant|p2a: Volcarona|par\n|\n|upkeep\n|turn|16\n|\n|t:|1661321583\n|move|p1a: Tapu Fini|Defog|p2a: Volcarona\n|-unboost|p2a: Volcarona|evasion|1\n|-sideend|p1: 2222mm|Stealth Rock|[from] move: Defog|[of] p1a: Tapu Fini\n|-fieldend|Misty Terrain\n|move|p2a: Volcarona|Giga Drain|p1a: Tapu Fini\n|-supereffective|p1a: Tapu Fini\n|-damage|p1a: Tapu Fini|0 fnt\n|-heal|p2a: Volcarona|87\/100 par|[from] drain|[of] p1a: Tapu Fini\n|faint|p1a: Tapu Fini\n|\n|upkeep\n|j| elejiuch1\n|inactive|2222mm has 120 seconds left.\n|\n|t:|1661321615\n|switch|p1a: Blacephalon|Blacephalon|100\/100\n|turn|17\n|\n|t:|1661321620\n|move|p1a: Blacephalon|Flamethrower|p2a: Volcarona\n|-damage|p2a: Volcarona|36\/100 par\n|move|p2a: Volcarona|Psychic|p1a: Blacephalon\n|-damage|p1a: Blacephalon|13\/100\n|\n|upkeep\n|turn|18\n|\n|t:|1661321627\n|move|p1a: Blacephalon|Flamethrower|p2a: Volcarona\n|-damage|p2a: Volcarona|0 fnt\n|faint|p2a: Volcarona\n|-ability|p1a: Blacephalon|Beast Boost|boost\n|-boost|p1a: Blacephalon|spa|1\n|\n|upkeep\n|\n|t:|1661321630\n|switch|p2a: Dragonite|Dragonite, M|100\/100\n|turn|19\n|\n|t:|1661321642\n|move|p1a: Blacephalon|Flamethrower|p2a: Dragonite\n|-resisted|p2a: Dragonite\n|-damage|p2a: Dragonite|68\/100\n|move|p2a: Dragonite|Dragon Dance|p2a: Dragonite\n|-boost|p2a: Dragonite|atk|1\n|-boost|p2a: Dragonite|spe|1\n|\n|upkeep\n|turn|20\n|\n|t:|1661321648\n|switch|p1a: Landorus|Landorus-Therian, M|36\/100\n|-ability|p1a: Landorus|Intimidate|boost\n|-unboost|p2a: Dragonite|atk|1\n|move|p2a: Dragonite|Earthquake|p1a: Landorus\n|-immune|p1a: Landorus\n|\n|upkeep\n|turn|21\n|\n|t:|1661321653\n|move|p2a: Dragonite|Dragon Dance|p2a: Dragonite\n|-boost|p2a: Dragonite|atk|1\n|-boost|p2a: Dragonite|spe|1\n|move|p1a: Landorus|U-turn|p2a: Dragonite\n|-resisted|p2a: Dragonite\n|-damage|p2a: Dragonite|57\/100\n|\n|t:|1661321656\n|switch|p1a: Glastrier|Glastrier|100\/100|[from]move: U-turn\n|\n|upkeep\n|turn|22\n|\n|t:|1661321658\n|switch|p1a: Landorus|Landorus-Therian, M|36\/100\n|-ability|p1a: Landorus|Intimidate|boost\n|-unboost|p2a: Dragonite|atk|1\n|move|p2a: Dragonite|Outrage|p1a: Landorus\n|-damage|p1a: Landorus|0 fnt\n|faint|p1a: Landorus\n|-damage|p2a: Dragonite|47\/100|[from] item: Life Orb\n|\n|upkeep\n|\n|t:|1661321661\n|switch|p1a: Glastrier|Glastrier|100\/100\n|turn|23\n|\n|t:|1661321677\n|move|p2a: Dragonite|Outrage|p1a: Glastrier|[from]lockedmove\n|-damage|p1a: Glastrier|44\/100\n|-damage|p2a: Dragonite|37\/100|[from] item: Life Orb\n|-start|p2a: Dragonite|confusion|[fatigue]\n|move|p1a: Glastrier|Icicle Crash|p2a: Dragonite\n|-supereffective|p2a: Dragonite\n|-crit|p2a: Dragonite\n|-damage|p2a: Dragonite|0 fnt\n|faint|p2a: Dragonite\n|-ability|p1a: Glastrier|Chilling Neigh|boost\n|-boost|p1a: Glastrier|atk|1\n|\n|upkeep\n|\n|t:|1661321683\n|switch|p2a: Mew|Mew|8\/100\n|turn|24\n|c|\u26062222mm|inner focus better\n|\n|t:|1661321703\n|move|p2a: Mew|Stealth Rock|p1a: Glastrier\n|-sidestart|p1: 2222mm|move: Stealth Rock\n|move|p1a: Glastrier|High Horsepower|p2a: Mew\n|-damage|p2a: Mew|0 fnt\n|faint|p2a: Mew\n|-ability|p1a: Glastrier|Chilling Neigh|boost\n|-boost|p1a: Glastrier|atk|1\n|\n|upkeep\n|\n|t:|1661321712\n|switch|p2a: Kartana|Kartana|100\/100\n|turn|25\n|\n|t:|1661321716\n|switch|p1a: Blacephalon|Blacephalon|13\/100\n|-damage|p1a: Blacephalon|0 fnt|[from] Stealth Rock\n|faint|p1a: Blacephalon\n|move|p2a: Kartana|Sacred Sword|p1: Blacephalon|[notarget]\n|-fail|p2a: Kartana\n|\n|upkeep\n|\n|t:|1661321721\n|switch|p1a: Ferrothorn|Ferrothorn, F|100\/100\n|-damage|p1a: Ferrothorn|94\/100|[from] Stealth Rock\n|turn|26\n|\n|t:|1661321728\n|switch|p2a: Garchomp|Garchomp, M|100\/100\n|move|p1a: Ferrothorn|Body Press|p2a: Garchomp\n|-damage|p2a: Garchomp|68\/100\n|-damage|p1a: Ferrothorn|82\/100|[from] ability: Rough Skin|[of] p2a: Garchomp\n|\n|-heal|p1a: Ferrothorn|88\/100|[from] item: Leftovers\n|upkeep\n|turn|27\n|\n|t:|1661321739\n|move|p2a: Garchomp|Fire Fang|p1a: Ferrothorn\n|-supereffective|p1a: Ferrothorn\n|-damage|p1a: Ferrothorn|14\/100\n|-damage|p2a: Garchomp|56\/100|[from] ability: Iron Barbs|[of] p1a: Ferrothorn\n|-damage|p2a: Garchomp|46\/100|[from] item: Life Orb\n|move|p1a: Ferrothorn|Leech Seed|p2a: Garchomp\n|-start|p2a: Garchomp|move: Leech Seed\n|\n|-heal|p1a: Ferrothorn|20\/100|[from] item: Leftovers\n|-damage|p2a: Garchomp|34\/100|[from] Leech Seed|[of] p1a: Ferrothorn\n|-heal|p1a: Ferrothorn|33\/100|[silent]\n|upkeep\n|turn|28\n|\n|t:|1661321759\n|switch|p2a: Kartana|Kartana|100\/100\n|move|p1a: Ferrothorn|Body Press|p2a: Kartana\n|-supereffective|p2a: Kartana\n|-crit|p2a: Kartana\n|-damage|p2a: Kartana|8\/100\n|\n|-heal|p1a: Ferrothorn|39\/100|[from] item: Leftovers\n|upkeep\n|turn|29\n|\n|t:|1661321768\n|switch|p2a: Garchomp|Garchomp, M|34\/100\n|move|p1a: Ferrothorn|Body Press|p2a: Garchomp\n|-damage|p2a: Garchomp|4\/100\n|-damage|p1a: Ferrothorn|27\/100|[from] ability: Rough Skin|[of] p2a: Garchomp\n|\n|-heal|p1a: Ferrothorn|33\/100|[from] item: Leftovers\n|upkeep\n|turn|30\n|\n|t:|1661321772\n|move|p2a: Garchomp|Earthquake|p1a: Ferrothorn\n|-damage|p1a: Ferrothorn|0 fnt\n|faint|p1a: Ferrothorn\n|-damage|p2a: Garchomp|0 fnt|[from] item: Life Orb\n|faint|p2a: Garchomp\n|\n|upkeep\n|\n|t:|1661321779\n|switch|p2a: Weavile|Weavile, M|100\/100\n|switch|p1a: Kartana|Kartana, shiny|100\/100\n|-damage|p1a: Kartana|94\/100|[from] Stealth Rock\n|-ability|p2a: Weavile|Pressure\n|turn|31\n|\n|t:|1661321784\n|move|p2a: Weavile|Ice Shard|p1a: Kartana\n|-damage|p1a: Kartana|64\/100\n|-damage|p2a: Weavile|91\/100|[from] item: Life Orb\n|move|p1a: Kartana|Sacred Sword|p2a: Weavile\n|-supereffective|p2a: Weavile\n|-damage|p2a: Weavile|0 fnt\n|faint|p2a: Weavile\n|-ability|p1a: Kartana|Beast Boost|boost\n|-boost|p1a: Kartana|atk|1\n|\n|upkeep\n|\n|t:|1661321786\n|switch|p2a: Kartana|Kartana|8\/100\n|turn|32\n|\n|t:|1661321789\n|move|p2a: Kartana|Sacred Sword|p1a: Kartana\n|-supereffective|p1a: Kartana\n|-damage|p1a: Kartana|0 fnt\n|faint|p1a: Kartana\n|-ability|p2a: Kartana|Beast Boost|boost\n|-boost|p2a: Kartana|atk|1\n|\n|upkeep\n|\n|t:|1661321792\n|switch|p1a: Glastrier|Glastrier|44\/100\n|-damage|p1a: Glastrier|19\/100|[from] Stealth Rock\n|turn|33\n|-enditem|p1a: Glastrier|Custap Berry|[eat]\n|-activate|p1a: Glastrier|item: Custap Berry|[consumed]\n|\n|t:|1661321794\n|move|p1a: Glastrier|High Horsepower|p2a: Kartana\n|-damage|p2a: Kartana|0 fnt\n|faint|p2a: Kartana\n|\n|win|2222mm\n|raw|2222mm's rating: 1776 &rarr; <strong>1793<\/strong><br \/>(+17 for winning)\n|raw|LT94JE Elpacho's rating: 1718 &rarr; <strong>1701<\/strong><br \/>(-17 for losing)\n|l|\u2606LT94JE Elpacho\n","uploadtime":1661321803,"views":45,"p1id":"2222mm","p2id":"lt94jeelpacho","formatid":"gen8ou","rating":1701,"private":0,"password":null}