{"id":"gen8ou-1253052776","p1":"jrg123","p2":"Contorted Lies","format":"gen8ou","log":"|html|<div class=\"broadcast-blue\"><strong>[Gen 8] OU is currently suspecting Urshifu-S! For information on how to participate check out the <a href=\"https:\/\/www.smogon.com\/forums\/threads\/np-ss-ou-suspect-process-round-8-aint-no-rest-for-the-wicked.3675310\/\">suspect thread<\/a>.<\/strong><\/div>\n|j|\u203djrg123\n|j|\u2606Contorted Lies\n|t:|1609363936\n|player|p1|jrg123|ltsurge|1712\n|player|p2|Contorted Lies|2|1713\n|teamsize|p1|6\n|teamsize|p2|6\n|gametype|singles\n|gen|8\n|tier|[Gen 8] OU\n|rated|\n|clearpoke\n|poke|p1|Kartana|\n|poke|p1|Landorus-Therian, M|\n|poke|p1|Clefable, M|\n|poke|p1|Rillaboom, F|\n|poke|p1|Heatran, F|\n|poke|p1|Dragapult, M|\n|poke|p2|Pelipper, F|\n|poke|p2|Urshifu-*, F|\n|poke|p2|Omastar, M|\n|poke|p2|Ferrothorn, F|\n|poke|p2|Dragapult, F|\n|poke|p2|Krookodile, F|\n|rule|Sleep Clause Mod: Limit one foe put to sleep\n|rule|Species Clause: Limit one of each Pok\u00e9mon\n|rule|OHKO Clause: OHKO moves are banned\n|rule|Evasion Moves Clause: Evasion moves are banned\n|rule|Endless Battle Clause: Forcing endless battles is banned\n|rule|HP Percentage Mod: HP is shown in percentages\n|rule|Dynamax Clause: You cannot dynamax\n|teampreview\n|j| ljqsdi\n|inactive|Battle timer is ON: inactive players will automatically lose when time's up. (requested by jrg123)\n|\n|t:|1609363947\n|start\n|switch|p1a: Dragapult|Dragapult, M|100\/100\n|switch|p2a: Pelipper|Pelipper, F|100\/100\n|-weather|RainDance|[from] ability: Drizzle|[of] p2a: Pelipper\n|turn|1\n|\n|t:|1609363952\n|switch|p2a: Ferrothorn|Ferrothorn, F|100\/100\n|move|p1a: Dragapult|U-turn|p2a: Ferrothorn\n|-damage|p2a: Ferrothorn|91\/100\n|-damage|p1a: Dragapult|88\/100|[from] ability: Iron Barbs|[of] p2a: Ferrothorn\n|\n|t:|1609363959\n|switch|p1a: Kartana|Kartana|100\/100|[from]move: U-turn\n|\n|-weather|RainDance|[upkeep]\n|upkeep\n|turn|2\n|\n|t:|1609363964\n|move|p1a: Kartana|Swords Dance|p1a: Kartana\n|-boost|p1a: Kartana|atk|2\n|move|p2a: Ferrothorn|Thunder Wave|p1a: Kartana\n|-status|p1a: Kartana|par\n|\n|-weather|RainDance|[upkeep]\n|upkeep\n|turn|3\n|\n|t:|1609363968\n|move|p1a: Kartana|Leaf Blade|p2a: Ferrothorn\n|-resisted|p2a: Ferrothorn\n|-damage|p2a: Ferrothorn|68\/100\n|-damage|p1a: Kartana|88\/100 par|[from] ability: Iron Barbs|[of] p2a: Ferrothorn\n|-damage|p1a: Kartana|78\/100 par|[from] item: Life Orb\n|move|p2a: Ferrothorn|Body Press|p1a: Kartana\n|-supereffective|p1a: Kartana\n|-damage|p1a: Kartana|16\/100 par\n|\n|-weather|RainDance|[upkeep]\n|upkeep\n|turn|4\n|\n|t:|1609363973\n|move|p1a: Kartana|Sacred Sword|p2a: Ferrothorn\n|-supereffective|p2a: Ferrothorn\n|-enditem|p2a: Ferrothorn|Chople Berry|[eat]\n|-enditem|p2a: Ferrothorn|Chople Berry|[weaken]\n|-damage|p2a: Ferrothorn|7\/100\n|-damage|p1a: Kartana|4\/100 par|[from] ability: Iron Barbs|[of] p2a: Ferrothorn\n|-damage|p1a: Kartana|0 fnt|[from] item: Life Orb\n|faint|p1a: Kartana\n|move|p2a: Ferrothorn|Body Press|p1: Kartana|[notarget]\n|-fail|p2a: Ferrothorn\n|\n|-weather|RainDance|[upkeep]\n|upkeep\n|j| outw loll\n|\n|t:|1609363983\n|switch|p1a: Dragapult|Dragapult, M|88\/100\n|turn|5\n|\n|t:|1609363994\n|move|p1a: Dragapult|Shadow Ball|p2a: Ferrothorn\n|-damage|p2a: Ferrothorn|0 fnt\n|faint|p2a: Ferrothorn\n|\n|-weather|none\n|upkeep\n|j| tryingNOT2bTOXIC\n|\n|t:|1609364000\n|switch|p2a: Pelipper|Pelipper, F|100\/100\n|-weather|RainDance|[from] ability: Drizzle|[of] p2a: Pelipper\n|turn|6\n|\n|t:|1609364003\n|move|p1a: Dragapult|Shadow Ball|p2a: Pelipper\n|-damage|p2a: Pelipper|5\/100\n|move|p2a: Pelipper|Hurricane|p1a: Dragapult\n|-damage|p1a: Dragapult|0 fnt\n|faint|p1a: Dragapult\n|\n|-weather|RainDance|[upkeep]\n|upkeep\n|\n|t:|1609364011\n|switch|p1a: Landorus|Landorus-Therian, M|100\/100\n|-ability|p1a: Landorus|Intimidate|boost\n|-unboost|p2a: Pelipper|atk|1\n|turn|7\n|\n|t:|1609364018\n|switch|p2a: Urshifu|Urshifu-Rapid-Strike, F|100\/100\n|move|p1a: Landorus|U-turn|p2a: Urshifu\n|-resisted|p2a: Urshifu\n|-damage|p2a: Urshifu|87\/100\n|\n|t:|1609364028\n|switch|p1a: Rillaboom|Rillaboom, F|100\/100|[from]move: U-turn\n|-fieldstart|move: Grassy Terrain|[from] ability: Grassy Surge|[of] p1a: Rillaboom\n|\n|-weather|RainDance|[upkeep]\n|-heal|p2a: Urshifu|93\/100|[from] Grassy Terrain\n|upkeep\n|turn|8\n|\n|t:|1609364032\n|switch|p2a: Pelipper|Pelipper, F|5\/100\n|move|p1a: Rillaboom|Grassy Glide|p2a: Pelipper\n|-damage|p2a: Pelipper|0 fnt\n|-damage|p1a: Rillaboom|91\/100|[from] item: Life Orb\n|faint|p2a: Pelipper\n|\n|-weather|RainDance|[upkeep]\n|-heal|p1a: Rillaboom|97\/100|[from] Grassy Terrain\n|upkeep\n|\n|t:|1609364038\n|switch|p2a: Dragapult|Dragapult, F|100\/100\n|turn|9\n|\n|t:|1609364044\n|switch|p1a: Heatran|Heatran, F|100\/100\n|move|p2a: Dragapult|Substitute|p2a: Dragapult\n|-start|p2a: Dragapult|Substitute\n|-damage|p2a: Dragapult|76\/100\n|\n|-weather|RainDance|[upkeep]\n|-heal|p2a: Dragapult|82\/100|[from] Grassy Terrain\n|upkeep\n|turn|10\n|\n|t:|1609364052\n|move|p2a: Dragapult|Dragon Dance|p2a: Dragapult\n|-boost|p2a: Dragapult|atk|1\n|-boost|p2a: Dragapult|spe|1\n|move|p1a: Heatran|Earth Power|p2a: Dragapult\n|-end|p2a: Dragapult|Substitute\n|\n|-weather|none\n|-heal|p2a: Dragapult|88\/100|[from] Grassy Terrain\n|upkeep\n|turn|11\n|\n|t:|1609364060\n|switch|p2a: Urshifu|Urshifu-Rapid-Strike, F|93\/100\n|move|p1a: Heatran|Toxic|p2a: Urshifu\n|-status|p2a: Urshifu|tox\n|\n|-heal|p2a: Urshifu|99\/100 tox|[from] Grassy Terrain\n|-fieldend|move: Grassy Terrain\n|-damage|p2a: Urshifu|93\/100 tox|[from] psn\n|upkeep\n|turn|12\n|j| Vessev\n|\n|t:|1609364071\n|switch|p1a: Landorus|Landorus-Therian, M|100\/100\n|-ability|p1a: Landorus|Intimidate|boost\n|-unboost|p2a: Urshifu|atk|1\n|move|p2a: Urshifu|Surging Strikes|p1a: Landorus\n|-supereffective|p1a: Landorus\n|-crit|p1a: Landorus\n|-damage|p1a: Landorus|36\/100\n|-damage|p2a: Urshifu|76\/100 tox|[from] item: Rocky Helmet|[of] p1a: Landorus\n|-supereffective|p1a: Landorus\n|-crit|p1a: Landorus\n|-damage|p1a: Landorus|0 fnt\n|-damage|p2a: Urshifu|60\/100 tox|[from] item: Rocky Helmet|[of] p1a: Landorus\n|-hitcount|p1a: Landorus|2\n|faint|p1a: Landorus\n|\n|-damage|p2a: Urshifu|48\/100 tox|[from] psn\n|upkeep\n|\n|t:|1609364073\n|switch|p1a: Rillaboom|Rillaboom, F|97\/100\n|-fieldstart|move: Grassy Terrain|[from] ability: Grassy Surge|[of] p1a: Rillaboom\n|turn|13\n|\n|t:|1609364081\n|move|p2a: Urshifu|Surging Strikes|p1a: Rillaboom\n|-resisted|p1a: Rillaboom\n|-crit|p1a: Rillaboom\n|-damage|p1a: Rillaboom|81\/100\n|-resisted|p1a: Rillaboom\n|-crit|p1a: Rillaboom\n|-damage|p1a: Rillaboom|65\/100\n|-resisted|p1a: Rillaboom\n|-crit|p1a: Rillaboom\n|-damage|p1a: Rillaboom|47\/100\n|-hitcount|p1a: Rillaboom|3\n|move|p1a: Rillaboom|Swords Dance|p1a: Rillaboom\n|-boost|p1a: Rillaboom|atk|2\n|\n|-heal|p2a: Urshifu|54\/100 tox|[from] Grassy Terrain\n|-heal|p1a: Rillaboom|54\/100|[from] Grassy Terrain\n|-damage|p2a: Urshifu|35\/100 tox|[from] psn\n|upkeep\n|turn|14\n|j| TBJL\n|\n|t:|1609364089\n|move|p1a: Rillaboom|Grassy Glide|p2a: Urshifu\n|-supereffective|p2a: Urshifu\n|-damage|p2a: Urshifu|0 fnt\n|-damage|p1a: Rillaboom|44\/100|[from] item: Life Orb\n|faint|p2a: Urshifu\n|\n|-heal|p1a: Rillaboom|50\/100|[from] Grassy Terrain\n|upkeep\n|\n|t:|1609364090\n|switch|p2a: Dragapult|Dragapult, F|88\/100\n|turn|15\n|j| Bulumusslos\n|\n|t:|1609364097\n|move|p1a: Rillaboom|Grassy Glide|p2a: Dragapult\n|-resisted|p2a: Dragapult\n|-damage|p2a: Dragapult|0 fnt\n|-damage|p1a: Rillaboom|40\/100|[from] item: Life Orb\n|faint|p2a: Dragapult\n|\n|-heal|p1a: Rillaboom|46\/100|[from] Grassy Terrain\n|upkeep\n|-message|Contorted Lies forfeited.\n|\n|win|jrg123\n|l|\u2606Contorted Lies\n|l|\u203djrg123\n|l| TBJL\n|l| Bulumusslos\n||Ladder (probably) updated, but score could not be retrieved (Request timeout).\n|l| tryingNOT2bTOXIC\n|l| outw loll\n","uploadtime":1609364318,"views":78,"p1id":"jrg123","p2id":"contortedlies","formatid":"gen8ou","rating":0,"private":0,"password":null}