{"id":"gen8ou-1634504955","p1":"j_albacino023","p2":"LT92PF El Mainer","format":"gen8ou","log":"|raw|<div class=\"broadcast-blue\"><strong>This battle is required to be public due to a player having a name starting with 'lt92pf'.<\/div>\n|j|\u2606j_albacino023\n|j|\u203dLT92PF El Mainer\n|t:|1659906564\n|gametype|singles\n|player|p1|j_albacino023|265|1894\n|player|p2|LT92PF El Mainer|#ssdivlindworms|1889\n|teamsize|p1|6\n|teamsize|p2|6\n|gen|8\n|tier|[Gen 8] OU\n|rated|\n|rule|Sleep Clause Mod: Limit one foe put to sleep\n|rule|Species Clause: Limit one of each Pok\u00e9mon\n|rule|OHKO Clause: OHKO moves are banned\n|rule|Evasion Items Clause: Evasion items are banned\n|rule|Evasion Moves Clause: Evasion moves are banned\n|rule|Endless Battle Clause: Forcing endless battles is banned\n|rule|HP Percentage Mod: HP is shown in percentages\n|rule|Dynamax Clause: You cannot dynamax\n|clearpoke\n|poke|p1|Ferrothorn, M|\n|poke|p1|Rotom-Wash|\n|poke|p1|Tyranitar, M|\n|poke|p1|Excadrill, M|\n|poke|p1|Clefable, M|\n|poke|p1|Dragapult, M|\n|poke|p2|Volcanion|\n|poke|p2|Ninetales-Alola, M|\n|poke|p2|Corviknight, F|\n|poke|p2|Arctozolt|\n|poke|p2|Landorus-Therian, M|\n|poke|p2|Tornadus-Therian, M|\n|teampreview\n|j| Ethanhuyp\n|inactive|Battle timer is ON: inactive players will automatically lose when time's up. (requested by LT92PF El Mainer)\n|j| lt92pf jf\n|j| lt92pf shinra\n|\n|t:|1659906630\n|start\n|switch|p1a: Clefable|Clefable, M|100\/100\n|switch|p2a: Landorus|Landorus-Therian, M|100\/100\n|-ability|p2a: Landorus|Intimidate|boost\n|-unboost|p1a: Clefable|atk|1\n|turn|1\n|l| lt92pf shinra\n|\n|t:|1659906638\n|move|p2a: Landorus|Earthquake|p1a: Clefable\n|-damage|p1a: Clefable|65\/100\n|move|p1a: Clefable|Knock Off|p2a: Landorus\n|-damage|p2a: Landorus|91\/100\n|-enditem|p2a: Landorus|Leftovers|[from] move: Knock Off|[of] p1a: Clefable\n|\n|upkeep\n|turn|2\n|j| lt92pf mind\n|\n|t:|1659906642\n|switch|p2a: Volcanion|Volcanion|100\/100\n|move|p1a: Clefable|Soft-Boiled|p1a: Clefable\n|-heal|p1a: Clefable|100\/100\n|\n|upkeep\n|turn|3\n|j| Wicket Ticket\n|\n|t:|1659906648\n|switch|p1a: Rotom|Rotom-Wash|100\/100\n|move|p2a: Volcanion|Steam Eruption|p1a: Rotom\n|-resisted|p1a: Rotom\n|-damage|p1a: Rotom|51\/100\n|\n|-heal|p1a: Rotom|58\/100|[from] item: Leftovers\n|upkeep\n|turn|4\n|\n|t:|1659906654\n|move|p1a: Rotom|Pain Split|p2a: Volcanion\n|-sethp|p2a: Volcanion|79\/100|[from] move: Pain Split|[silent]\n|-sethp|p1a: Rotom|78\/100|[from] move: Pain Split\n|move|p2a: Volcanion|Steam Eruption|p1a: Rotom\n|-resisted|p1a: Rotom\n|-damage|p1a: Rotom|33\/100\n|\n|-heal|p1a: Rotom|39\/100|[from] item: Leftovers\n|upkeep\n|turn|5\n|j| dickgarmaker\n|j| Lunarr\n|l| Wicket Ticket\n|j| LT91BB Zilla\n|\n|t:|1659906662\n|move|p1a: Rotom|Pain Split|p2a: Volcanion\n|-sethp|p2a: Volcanion|59\/100|[from] move: Pain Split|[silent]\n|-sethp|p1a: Rotom|59\/100|[from] move: Pain Split\n|move|p2a: Volcanion|Steam Eruption|p1a: Rotom\n|-resisted|p1a: Rotom\n|-damage|p1a: Rotom|10\/100\n|-status|p1a: Rotom|brn\n|\n|-heal|p1a: Rotom|17\/100 brn|[from] item: Leftovers\n|-damage|p1a: Rotom|10\/100 brn|[from] brn\n|upkeep\n|turn|6\n|\n|t:|1659906667\n|switch|p2a: Ninetales|Ninetales-Alola, M|100\/100\n|-weather|Hail|[from] ability: Snow Warning|[of] p2a: Ninetales\n|move|p1a: Rotom|Pain Split|p2a: Ninetales\n|-sethp|p2a: Ninetales|55\/100|[from] move: Pain Split|[silent]\n|-sethp|p1a: Rotom|63\/100 brn|[from] move: Pain Split\n|\n|-weather|Hail|[upkeep]\n|-damage|p1a: Rotom|57\/100 brn|[from] Hail\n|-heal|p1a: Rotom|63\/100 brn|[from] item: Leftovers\n|-damage|p1a: Rotom|57\/100 brn|[from] brn\n|upkeep\n|turn|7\n|j| London Beats\n|\n|t:|1659906672\n|switch|p1a: Clefable|Clefable, M|100\/100\n|move|p2a: Ninetales|Moonblast|p1a: Clefable\n|-crit|p1a: Clefable\n|-damage|p1a: Clefable|59\/100\n|\n|-weather|Hail|[upkeep]\n|upkeep\n|turn|8\n|\n|t:|1659906676\n|switch|p2a: Volcanion|Volcanion|59\/100\n|move|p1a: Clefable|Stealth Rock|p2a: Volcanion\n|-sidestart|p2: LT92PF El Mainer|move: Stealth Rock\n|\n|-weather|Hail|[upkeep]\n|-damage|p2a: Volcanion|53\/100|[from] Hail\n|upkeep\n|turn|9\n|j| LT92PF Hikozaru\n|j| LT92PF PC\n|\n|t:|1659906690\n|switch|p1a: Rotom|Rotom-Wash|57\/100 brn\n|move|p2a: Volcanion|Sludge Bomb|p1a: Rotom\n|-damage|p1a: Rotom|0 fnt\n|faint|p1a: Rotom\n|\n|-weather|Hail|[upkeep]\n|-damage|p2a: Volcanion|47\/100|[from] Hail\n|upkeep\n|\n|t:|1659906692\n|switch|p1a: Dragapult|Dragapult, M|100\/100\n|turn|10\n|\n|t:|1659906697\n|switch|p2a: Landorus|Landorus-Therian, M|91\/100\n|-damage|p2a: Landorus|79\/100|[from] Stealth Rock\n|-ability|p2a: Landorus|Intimidate|boost\n|-unboost|p1a: Dragapult|atk|1\n|move|p1a: Dragapult|Shadow Ball|p2a: Landorus\n|-damage|p2a: Landorus|38\/100\n|\n|-weather|Hail|[upkeep]\n|-damage|p1a: Dragapult|95\/100|[from] Hail\n|-damage|p2a: Landorus|32\/100|[from] Hail\n|upkeep\n|turn|11\n|\n|t:|1659906700\n|move|p1a: Dragapult|Shadow Ball|p2a: Landorus\n|-damage|p2a: Landorus|0 fnt\n|faint|p2a: Landorus\n|\n|-weather|Hail|[upkeep]\n|-damage|p1a: Dragapult|89\/100|[from] Hail\n|upkeep\n|\n|t:|1659906702\n|switch|p2a: Tornadus|Tornadus-Therian, M|100\/100\n|-damage|p2a: Tornadus|76\/100|[from] Stealth Rock\n|turn|12\n|\n|t:|1659906705\n|move|p1a: Dragapult|Shadow Ball|p2a: Tornadus\n|-damage|p2a: Tornadus|39\/100\n|move|p2a: Tornadus|Knock Off|p1a: Dragapult\n|-supereffective|p1a: Dragapult\n|-damage|p1a: Dragapult|37\/100\n|-enditem|p1a: Dragapult|Choice Specs|[from] move: Knock Off|[of] p2a: Tornadus\n|\n|-weather|Hail|[upkeep]\n|-damage|p1a: Dragapult|31\/100|[from] Hail\n|-damage|p2a: Tornadus|33\/100|[from] Hail\n|upkeep\n|turn|13\n|j| LT92PF Pachito\n|\n|t:|1659906712\n|switch|p2a: Corviknight|Corviknight, F|100\/100\n|-damage|p2a: Corviknight|88\/100|[from] Stealth Rock\n|-ability|p2a: Corviknight|Pressure\n|move|p1a: Dragapult|Flamethrower|p2a: Corviknight\n|-supereffective|p2a: Corviknight\n|-damage|p2a: Corviknight|41\/100\n|\n|-weather|none\n|upkeep\n|turn|14\n|\n|t:|1659906719\n|switch|p2a: Ninetales|Ninetales-Alola, M|55\/100\n|-damage|p2a: Ninetales|30\/100|[from] Stealth Rock\n|-weather|Hail|[from] ability: Snow Warning|[of] p2a: Ninetales\n|move|p1a: Dragapult|Flamethrower|p2a: Ninetales\n|-supereffective|p2a: Ninetales\n|-damage|p2a: Ninetales|0 fnt\n|faint|p2a: Ninetales\n|\n|-weather|Hail|[upkeep]\n|-damage|p1a: Dragapult|25\/100|[from] Hail\n|upkeep\n|\n|t:|1659906722\n|switch|p2a: Arctozolt|Arctozolt|100\/100\n|-damage|p2a: Arctozolt|76\/100|[from] Stealth Rock\n|turn|15\n|j| deidmiredmd\n|j| Livio el Tito\n|l| deidmiredmd\n|\n|t:|1659906735\n|switch|p1a: Clefable|Clefable, M|59\/100\n|move|p2a: Arctozolt|Bolt Beak|p1a: Clefable\n|-damage|p1a: Clefable|0 fnt\n|-damage|p2a: Arctozolt|59\/100|[from] item: Rocky Helmet|[of] p1a: Clefable\n|faint|p1a: Clefable\n|\n|-weather|Hail|[upkeep]\n|-heal|p2a: Arctozolt|65\/100|[from] item: Leftovers\n|upkeep\n|\n|t:|1659906737\n|switch|p1a: Tyranitar|Tyranitar, M|100\/100\n|-weather|Sandstorm|[from] ability: Sand Stream|[of] p1a: Tyranitar\n|turn|16\n|\n|t:|1659906744\n|move|p2a: Arctozolt|Blizzard|p1a: Tyranitar\n|-damage|p1a: Tyranitar|78\/100\n|move|p1a: Tyranitar|Crunch|p2a: Arctozolt\n|-damage|p2a: Arctozolt|0 fnt\n|faint|p2a: Arctozolt\n|\n|-weather|Sandstorm|[upkeep]\n|upkeep\n|\n|t:|1659906748\n|switch|p2a: Volcanion|Volcanion|47\/100\n|-damage|p2a: Volcanion|22\/100|[from] Stealth Rock\n|turn|17\n|\n|t:|1659906768\n|switch|p1a: Ferrothorn|Ferrothorn, M|100\/100\n|move|p2a: Volcanion|Steam Eruption|p1a: Ferrothorn\n|-resisted|p1a: Ferrothorn\n|-damage|p1a: Ferrothorn|61\/100\n|\n|-weather|Sandstorm|[upkeep]\n|-damage|p2a: Volcanion|16\/100|[from] Sandstorm\n|-heal|p1a: Ferrothorn|67\/100|[from] item: Leftovers\n|upkeep\n|turn|18\n|\n|t:|1659906773\n|switch|p2a: Corviknight|Corviknight, F|41\/100\n|-damage|p2a: Corviknight|28\/100|[from] Stealth Rock\n|-ability|p2a: Corviknight|Pressure\n|move|p1a: Ferrothorn|Leech Seed|p2a: Corviknight\n|-start|p2a: Corviknight|move: Leech Seed\n|\n|-weather|Sandstorm|[upkeep]\n|-heal|p1a: Ferrothorn|73\/100|[from] item: Leftovers\n|-damage|p2a: Corviknight|16\/100|[from] Leech Seed|[of] p1a: Ferrothorn\n|-heal|p1a: Ferrothorn|87\/100|[silent]\n|upkeep\n|turn|19\n|j| Venositile\n|\n|t:|1659906779\n|move|p2a: Corviknight|Roost|p2a: Corviknight\n|-heal|p2a: Corviknight|66\/100\n|-singleturn|p2a: Corviknight|move: Roost\n|move|p1a: Ferrothorn|Body Press|p2a: Corviknight\n|-supereffective|p2a: Corviknight\n|-damage|p2a: Corviknight|29\/100\n|-damage|p1a: Ferrothorn|70\/100|[from] item: Rocky Helmet|[of] p2a: Corviknight\n|\n|-weather|Sandstorm|[upkeep]\n|-heal|p1a: Ferrothorn|76\/100|[from] item: Leftovers\n|-damage|p2a: Corviknight|17\/100|[from] Leech Seed|[of] p1a: Ferrothorn\n|-heal|p1a: Ferrothorn|90\/100|[silent]\n|upkeep\n|turn|20\n|\n|t:|1659906785\n|move|p2a: Corviknight|Roost|p2a: Corviknight\n|-heal|p2a: Corviknight|67\/100\n|-singleturn|p2a: Corviknight|move: Roost\n|move|p1a: Ferrothorn|Body Press|p2a: Corviknight\n|-supereffective|p2a: Corviknight\n|-damage|p2a: Corviknight|25\/100\n|-damage|p1a: Ferrothorn|74\/100|[from] item: Rocky Helmet|[of] p2a: Corviknight\n|\n|-weather|none\n|-heal|p1a: Ferrothorn|80\/100|[from] item: Leftovers\n|-damage|p2a: Corviknight|13\/100|[from] Leech Seed|[of] p1a: Ferrothorn\n|-heal|p1a: Ferrothorn|94\/100|[silent]\n|upkeep\n|turn|21\n|\n|t:|1659906788\n|move|p2a: Corviknight|Roost|p2a: Corviknight\n|-heal|p2a: Corviknight|63\/100\n|-singleturn|p2a: Corviknight|move: Roost\n|move|p1a: Ferrothorn|Body Press|p2a: Corviknight\n|-supereffective|p2a: Corviknight\n|-damage|p2a: Corviknight|21\/100\n|-damage|p1a: Ferrothorn|77\/100|[from] item: Rocky Helmet|[of] p2a: Corviknight\n|\n|-heal|p1a: Ferrothorn|83\/100|[from] item: Leftovers\n|-damage|p2a: Corviknight|9\/100|[from] Leech Seed|[of] p1a: Ferrothorn\n|-heal|p1a: Ferrothorn|97\/100|[silent]\n|upkeep\n|turn|22\n|\n|t:|1659906792\n|move|p2a: Corviknight|Roost|p2a: Corviknight\n|-heal|p2a: Corviknight|59\/100\n|-singleturn|p2a: Corviknight|move: Roost\n|move|p1a: Ferrothorn|Body Press|p2a: Corviknight\n|-supereffective|p2a: Corviknight\n|-damage|p2a: Corviknight|23\/100\n|-damage|p1a: Ferrothorn|81\/100|[from] item: Rocky Helmet|[of] p2a: Corviknight\n|\n|-heal|p1a: Ferrothorn|87\/100|[from] item: Leftovers\n|-damage|p2a: Corviknight|11\/100|[from] Leech Seed|[of] p1a: Ferrothorn\n|-heal|p1a: Ferrothorn|100\/100|[silent]\n|upkeep\n|turn|23\n|\n|t:|1659906794\n|move|p2a: Corviknight|Roost|p2a: Corviknight\n|-heal|p2a: Corviknight|61\/100\n|-singleturn|p2a: Corviknight|move: Roost\n|move|p1a: Ferrothorn|Body Press|p2a: Corviknight\n|-supereffective|p2a: Corviknight\n|-damage|p2a: Corviknight|24\/100\n|-damage|p1a: Ferrothorn|84\/100|[from] item: Rocky Helmet|[of] p2a: Corviknight\n|\n|-heal|p1a: Ferrothorn|90\/100|[from] item: Leftovers\n|-damage|p2a: Corviknight|11\/100|[from] Leech Seed|[of] p1a: Ferrothorn\n|-heal|p1a: Ferrothorn|100\/100|[silent]\n|upkeep\n|turn|24\n|\n|t:|1659906798\n|move|p2a: Corviknight|Roost|p2a: Corviknight\n|-heal|p2a: Corviknight|61\/100\n|-singleturn|p2a: Corviknight|move: Roost\n|move|p1a: Ferrothorn|Body Press|p2a: Corviknight\n|-supereffective|p2a: Corviknight\n|-damage|p2a: Corviknight|25\/100\n|-damage|p1a: Ferrothorn|84\/100|[from] item: Rocky Helmet|[of] p2a: Corviknight\n|\n|-heal|p1a: Ferrothorn|90\/100|[from] item: Leftovers\n|-damage|p2a: Corviknight|13\/100|[from] Leech Seed|[of] p1a: Ferrothorn\n|-heal|p1a: Ferrothorn|100\/100|[silent]\n|upkeep\n|turn|25\n|\n|t:|1659906801\n|switch|p1a: Dragapult|Dragapult, M|25\/100\n|move|p2a: Corviknight|Roost|p2a: Corviknight\n|-heal|p2a: Corviknight|63\/100\n|-singleturn|p2a: Corviknight|move: Roost\n|\n|-damage|p2a: Corviknight|50\/100|[from] Leech Seed|[of] p1a: Dragapult\n|-heal|p1a: Dragapult|41\/100|[silent]\n|upkeep\n|turn|26\n|j| Tace\n|\n|t:|1659906804\n|switch|p2a: Volcanion|Volcanion|16\/100\n|-damage|p2a: Volcanion|0 fnt|[from] Stealth Rock\n|faint|p2a: Volcanion\n|move|p1a: Dragapult|Flamethrower|p2: Volcanion|[notarget]\n|-fail|p1a: Dragapult\n|\n|upkeep\n|\n|t:|1659906806\n|switch|p2a: Tornadus|Tornadus-Therian, M|66\/100\n|-damage|p2a: Tornadus|41\/100|[from] Stealth Rock\n|turn|27\n|j| Lt92pf nagi\n|\n|t:|1659906813\n|move|p1a: Dragapult|Draco Meteor|p2a: Tornadus\n|-damage|p2a: Tornadus|6\/100\n|-unboost|p1a: Dragapult|spa|2\n|move|p2a: Tornadus|U-turn|p1a: Dragapult\n|-resisted|p1a: Dragapult\n|-damage|p1a: Dragapult|31\/100\n|\n|t:|1659906815\n|switch|p2a: Corviknight|Corviknight, F|50\/100|[from]move: U-turn\n|-damage|p2a: Corviknight|38\/100|[from] Stealth Rock\n|-ability|p2a: Corviknight|Pressure\n|\n|upkeep\n|turn|28\n|j| simplegent\n|\n|t:|1659906826\n|switch|p1a: Tyranitar|Tyranitar, M|78\/100\n|-weather|Sandstorm|[from] ability: Sand Stream|[of] p1a: Tyranitar\n|move|p2a: Corviknight|Roost|p2a: Corviknight\n|-heal|p2a: Corviknight|88\/100\n|-singleturn|p2a: Corviknight|move: Roost\n|\n|-weather|Sandstorm|[upkeep]\n|upkeep\n|turn|29\n|\n|t:|1659906830\n|move|p1a: Tyranitar|Stone Edge|p2a: Corviknight\n|-damage|p2a: Corviknight|33\/100\n|move|p2a: Corviknight|Defog|p1a: Tyranitar\n|-unboost|p1a: Tyranitar|evasion|1\n|-sideend|p2: LT92PF El Mainer|Stealth Rock|[from] move: Defog|[of] p2a: Corviknight\n|\n|-weather|Sandstorm|[upkeep]\n|upkeep\n|turn|30\n|j| filon\n|\n|t:|1659906834\n|move|p1a: Tyranitar|Stone Edge|p2a: Corviknight\n|-damage|p2a: Corviknight|0 fnt\n|faint|p2a: Corviknight\n|\n|-weather|Sandstorm|[upkeep]\n|upkeep\n|-message|LT92PF El Mainer forfeited.\n|\n|win|j_albacino023\n|raw|j_albacino023's rating: 1863 &rarr; <strong>1884<\/strong><br \/>(+21 for winning)\n|raw|LT92PF El Mainer's rating: 1889 &rarr; <strong>1868<\/strong><br \/>(-21 for losing)\n|l|\u203dLT92PF El Mainer\n|l|\u2606j_albacino023\n|l| Tace\n|j| LT92PF Killua\n|l| dickgarmaker\n|l| simplegent\n|l| LT92PF Pachito\n|l| LT92PF Hikozaru\n|l| lt92pf mind\n||Ladder isn't responding, score probably updated but might not have (Request timeout).\n|l| Livio el Tito\n|l| Ethanhuyp\n|l| Venositile\n|l| LT92PF PC\n|l| filon\n|j| officerjennyishot\n|j| Remisob\n|l| Remisob\n|j| BL0X\n","uploadtime":1659907231,"views":126,"p1id":"jalbacino023","p2id":"lt92pfelmainer","formatid":"gen8ou","rating":1868,"private":0,"password":null}