{"id":"gen8nationaldexag-1683155081","p1":"MurderousMantyke","p2":"Blackstar152001","format":"gen8nationaldexag","log":"|j|\u2606MurderousMantyke\n|j|\u2606Blackstar152001\n|t:|1665502425\n|gametype|singles\n|player|p1|MurderousMantyke|#helpstaffxmas|1712\n|player|p2|Blackstar152001|blue-gen3two|2015\n|teamsize|p1|6\n|teamsize|p2|6\n|gen|8\n|tier|[Gen 8] National Dex AG\n|rated|\n|rule|HP Percentage Mod: HP is shown in percentages\n|rule|Endless Battle Clause: Forcing endless battles is banned\n|clearpoke\n|poke|p1|Groudon|\n|poke|p1|Rayquaza|\n|poke|p1|Calyrex-Shadow|\n|poke|p1|Arceus-*|\n|poke|p1|Yveltal|\n|poke|p1|Marshadow|\n|poke|p2|Yveltal|\n|poke|p2|Xerneas-*|\n|poke|p2|Arceus-*|\n|poke|p2|Ditto|\n|poke|p2|Rayquaza|\n|poke|p2|Necrozma-Dusk-Mane|\n|teampreview\n|inactive|Battle timer is ON: inactive players will automatically lose when time's up. (requested by Blackstar152001)\n|c|\u2606MurderousMantyke|hf\n|\n|t:|1665502437\n|start\n|switch|p1a: Groudon|Groudon|100\/100\n|switch|p2a: Rayquaza|Rayquaza, shiny|100\/100\n|-ability|p2a: Rayquaza|Air Lock\n|detailschange|p1a: Groudon|Groudon-Primal\n|-primal|p1a: Groudon\n|-weather|DesolateLand|[from] ability: Desolate Land|[of] p1a: Groudon\n|turn|1\n|\n|t:|1665502440\n|detailschange|p2a: Rayquaza|Rayquaza-Mega, shiny\n|-mega|p2a: Rayquaza|Rayquaza|\n|-weather|DeltaStream|[from] ability: Delta Stream|[of] p2a: Rayquaza\n|move|p2a: Rayquaza|Draco Meteor|p1a: Groudon\n|-damage|p1a: Groudon|0 fnt\n|-unboost|p2a: Rayquaza|spa|2\n|faint|p1a: Groudon\n|-damage|p2a: Rayquaza|91\/100|[from] item: Life Orb\n|\n|-weather|DeltaStream|[upkeep]\n|upkeep\n|\n|t:|1665502443\n|switch|p1a: Calyrex|Calyrex-Shadow|100\/100\n|-ability|p1a: Calyrex|As One\n|-ability|p1a: Calyrex|Unnerve\n|turn|2\n|\n|t:|1665502448\n|-weather|none\n|switch|p2a: Arceus|Arceus|100\/100\n|move|p1a: Calyrex|Substitute|p1a: Calyrex\n|-start|p1a: Calyrex|Substitute\n|-damage|p1a: Calyrex|76\/100\n|\n|upkeep\n|turn|3\n|\n|t:|1665502452\n|move|p1a: Calyrex|Nasty Plot|p1a: Calyrex\n|-boost|p1a: Calyrex|spa|2\n|move|p2a: Arceus|Shadow Claw|p1a: Calyrex\n|-supereffective|p1a: Calyrex\n|-crit|p1a: Calyrex\n|-end|p1a: Calyrex|Substitute\n|\n|upkeep\n|turn|4\n|\n|t:|1665502456\n|move|p1a: Calyrex|Baton Pass|p1a: Calyrex\n|\n|t:|1665502458\n|switch|p1a: Yveltal|Yveltal|100\/100|[from]move: Baton Pass\n|-ability|p1a: Yveltal|Dark Aura\n|move|p2a: Arceus|Shadow Claw|p1a: Yveltal\n|-resisted|p1a: Yveltal\n|-damage|p1a: Yveltal|89\/100\n|\n|upkeep\n|turn|5\n|\n|t:|1665502468\n|move|p2a: Arceus|Extreme Speed|p1a: Yveltal\n|-damage|p1a: Yveltal|47\/100\n|move|p1a: Yveltal|Oblivion Wing|p2a: Arceus\n|-damage|p2a: Arceus|19\/100\n|-heal|p1a: Yveltal|100\/100|[from] drain|[of] p2a: Arceus\n|-damage|p1a: Yveltal|91\/100|[from] item: Life Orb\n|\n|upkeep\n|turn|6\n|\n|t:|1665502475\n|move|p2a: Arceus|Extreme Speed|p1a: Yveltal\n|-damage|p1a: Yveltal|54\/100\n|move|p1a: Yveltal|Oblivion Wing|p2a: Arceus\n|-damage|p2a: Arceus|0 fnt\n|-heal|p1a: Yveltal|70\/100|[from] drain|[of] p2a: Arceus\n|faint|p2a: Arceus\n|-damage|p1a: Yveltal|60\/100|[from] item: Life Orb\n|\n|upkeep\n|\n|t:|1665502479\n|switch|p2a: Xerneas|Xerneas, shiny|100\/100\n|-ability|p2a: Xerneas|Fairy Aura\n|turn|7\n|\n|t:|1665502483\n|move|p2a: Xerneas|Moonblast|p1a: Yveltal\n|-supereffective|p1a: Yveltal\n|-damage|p1a: Yveltal|0 fnt\n|faint|p1a: Yveltal\n|\n|upkeep\n|\n|t:|1665502489\n|switch|p1a: Arceus|Arceus|100\/100\n|turn|8\n|\n|t:|1665502491\n|switch|p2a: Necrozma|Necrozma-Dusk-Mane|100\/100\n|move|p1a: Arceus|Extreme Speed|p2a: Necrozma\n|-resisted|p2a: Necrozma\n|-damage|p2a: Necrozma|88\/100\n|-damage|p1a: Arceus|84\/100|[from] item: Rocky Helmet|[of] p2a: Necrozma\n|-damage|p1a: Arceus|74\/100|[from] item: Life Orb\n|\n|upkeep\n|turn|9\n|\n|t:|1665502495\n|move|p1a: Arceus|Swords Dance|p1a: Arceus\n|-boost|p1a: Arceus|atk|2\n|move|p2a: Necrozma|Stealth Rock|p1a: Arceus\n|-sidestart|p1: MurderousMantyke|move: Stealth Rock\n|\n|upkeep\n|turn|10\n|\n|t:|1665502500\n|move|p1a: Arceus|Earthquake|p2a: Necrozma\n|-supereffective|p2a: Necrozma\n|-damage|p2a: Necrozma|26\/100\n|-damage|p1a: Arceus|64\/100|[from] item: Life Orb\n|move|p2a: Necrozma|Thunder Wave|p1a: Arceus\n|-status|p1a: Arceus|par\n|\n|upkeep\n|turn|11\n|\n|t:|1665502505\n|move|p2a: Necrozma|Sunsteel Strike|p1a: Arceus\n|-damage|p1a: Arceus|25\/100 par\n|move|p1a: Arceus|Earthquake|p2a: Necrozma\n|-supereffective|p2a: Necrozma\n|-damage|p2a: Necrozma|0 fnt\n|faint|p2a: Necrozma\n|-damage|p1a: Arceus|15\/100 par|[from] item: Life Orb\n|\n|upkeep\n|\n|t:|1665502513\n|switch|p2a: Ditto|Ditto|100\/100\n|-transform|p2a: Ditto|p1a: Arceus|[from] ability: Imposter\n|turn|12\n|\n|t:|1665502516\n|move|p2a: Ditto|Extreme Speed|p1a: Arceus\n|-damage|p1a: Arceus|0 fnt\n|faint|p1a: Arceus\n|\n|upkeep\n|\n|t:|1665502518\n|switch|p1a: Marshadow|Marshadow|100\/100\n|-damage|p1a: Marshadow|94\/100|[from] Stealth Rock\n|turn|13\n|\n|t:|1665502521\n|switch|p2a: Xerneas|Xerneas, shiny|100\/100\n|-ability|p2a: Xerneas|Fairy Aura\n|move|p1a: Marshadow|Rock Tomb|p2a: Xerneas\n|-crit|p2a: Xerneas\n|-damage|p2a: Xerneas|42\/100\n|-unboost|p2a: Xerneas|spe|1\n|-damage|p1a: Marshadow|84\/100|[from] item: Life Orb\n|\n|upkeep\n|turn|14\n|\n|t:|1665502533\n|switch|p2a: Yveltal|Yveltal, shiny|100\/100\n|-ability|p2a: Yveltal|Dark Aura\n|move|p1a: Marshadow|Spectral Thief|p2a: Yveltal\n|-resisted|p2a: Yveltal\n|-damage|p2a: Yveltal|74\/100\n|-damage|p1a: Marshadow|74\/100|[from] item: Life Orb\n|\n|upkeep\n|turn|15\n|\n|t:|1665502537\n|move|p1a: Marshadow|Close Combat|p2a: Yveltal\n|-crit|p2a: Yveltal\n|-damage|p2a: Yveltal|0 fnt\n|-unboost|p1a: Marshadow|def|1\n|-unboost|p1a: Marshadow|spd|1\n|faint|p2a: Yveltal\n|-damage|p1a: Marshadow|64\/100|[from] item: Life Orb\n|\n|upkeep\n|\n|t:|1665502543\n|switch|p2a: Ditto|Ditto|100\/100\n|-transform|p2a: Ditto|p1a: Marshadow|[from] ability: Imposter\n|turn|16\n|\n|t:|1665502546\n|move|p2a: Ditto|Shadow Sneak|p1a: Marshadow\n|-supereffective|p1a: Marshadow\n|-damage|p1a: Marshadow|0 fnt\n|faint|p1a: Marshadow\n|\n|upkeep\n|\n|t:|1665502548\n|switch|p1a: Rayquaza|Rayquaza|100\/100\n|-damage|p1a: Rayquaza|76\/100|[from] Stealth Rock\n|-ability|p1a: Rayquaza|Air Lock\n|turn|17\n|\n|t:|1665502578\n|switch|p2a: Rayquaza|Rayquaza-Mega, shiny|91\/100\n|-weather|DeltaStream|[from] ability: Delta Stream|[of] p2a: Rayquaza\n|move|p1a: Rayquaza|Dragon Dance|p1a: Rayquaza\n|-boost|p1a: Rayquaza|atk|1\n|-boost|p1a: Rayquaza|spe|1\n|\n|-weather|DeltaStream|[upkeep]\n|upkeep\n|turn|18\n|\n|t:|1665502585\n|detailschange|p1a: Rayquaza|Rayquaza-Mega\n|-mega|p1a: Rayquaza|Rayquaza|\n|move|p2a: Rayquaza|Extreme Speed|p1a: Rayquaza\n|-damage|p1a: Rayquaza|28\/100\n|-damage|p2a: Rayquaza|81\/100|[from] item: Life Orb\n|move|p1a: Rayquaza|Dragon Ascent|p2a: Rayquaza\n|-damage|p2a: Rayquaza|0 fnt\n|-unboost|p1a: Rayquaza|def|1\n|-unboost|p1a: Rayquaza|spd|1\n|faint|p2a: Rayquaza\n|-damage|p1a: Rayquaza|18\/100|[from] item: Life Orb\n|\n|-weather|DeltaStream|[upkeep]\n|upkeep\n|\n|t:|1665502592\n|switch|p2a: Ditto|Ditto|100\/100\n|-transform|p2a: Ditto|p1a: Rayquaza|[from] ability: Imposter\n|turn|19\n|\n|t:|1665502597\n|move|p2a: Ditto|Extreme Speed|p1a: Rayquaza\n|-damage|p1a: Rayquaza|0 fnt\n|faint|p1a: Rayquaza\n|\n|-weather|DeltaStream|[upkeep]\n|upkeep\n|\n|t:|1665502599\n|switch|p1a: Calyrex|Calyrex-Shadow|76\/100\n|-ability|p1a: Calyrex|As One\n|-ability|p1a: Calyrex|Unnerve\n|-damage|p1a: Calyrex|63\/100|[from] Stealth Rock\n|turn|20\n|\n|t:|1665502601\n|-weather|none\n|switch|p2a: Xerneas|Xerneas, shiny|42\/100\n|-ability|p2a: Xerneas|Fairy Aura\n|move|p1a: Calyrex|Substitute|p1a: Calyrex\n|-start|p1a: Calyrex|Substitute\n|-damage|p1a: Calyrex|39\/100\n|\n|upkeep\n|turn|21\n|\n|t:|1665502604\n|move|p2a: Xerneas|Moonblast|p1a: Calyrex\n|-end|p1a: Calyrex|Substitute\n|move|p1a: Calyrex|Astral Barrage|p2a: Xerneas\n|-damage|p2a: Xerneas|0 fnt\n|faint|p2a: Xerneas\n|-ability|p1a: Calyrex|Grim Neigh|boost\n|-boost|p1a: Calyrex|spa|1\n|\n|upkeep\n|\n|t:|1665502606\n|switch|p2a: Ditto|Ditto|100\/100\n|-transform|p2a: Ditto|p1a: Calyrex|[from] ability: Imposter\n|turn|22\n|\n|t:|1665502609\n|move|p2a: Ditto|Astral Barrage|p1a: Calyrex\n|-supereffective|p1a: Calyrex\n|-crit|p1a: Calyrex\n|-damage|p1a: Calyrex|0 fnt\n|faint|p1a: Calyrex\n|\n|win|Blackstar152001\n|raw|MurderousMantyke's rating: 1712 &rarr; <strong>1706<\/strong><br \/>(-6 for losing)\n|raw|Blackstar152001's rating: 2015 &rarr; <strong>2021<\/strong><br \/>(+6 for winning)\n|c|\u2606MurderousMantyke|gg\n|l|\u2606MurderousMantyke\n|c|\u2606Blackstar152001|Gg\n","uploadtime":1665502622,"views":6,"p1id":"murderousmantyke","p2id":"blackstar152001","formatid":"gen8nationaldexag","rating":1706,"private":0,"password":null}