{"id":"gen8ru-1608058851","p1":"MetalReferencesMan","p2":"Oryen","format":"gen8ru","log":"|j|\u2606MetalReferencesMan\n|j|\u2606Oryen\n|inactive|Battle timer is ON: inactive players will automatically lose when time's up.\n|t:|1656678157\n|gametype|singles\n|player|p1|MetalReferencesMan|roxie|\n|player|p2|Oryen|bruno-gen1|\n|teamsize|p1|2\n|teamsize|p2|2\n|gen|8\n|tier|[Gen 8] RU\n|rated|Tournament battle\n|rule|Sleep Clause Mod: Limit one foe put to sleep\n|rule|Species Clause: Limit one of each Pok\u00e9mon\n|rule|OHKO Clause: OHKO moves are banned\n|rule|Evasion Moves Clause: Evasion moves are banned\n|rule|Endless Battle Clause: Forcing endless battles is banned\n|rule|HP Percentage Mod: HP is shown in percentages\n|rule|Dynamax Clause: You cannot dynamax\n|clearpoke\n|poke|p1|Sirfetch\u2019d, M|\n|poke|p1|Braviary, M|\n|poke|p2|Bewear, F|\n|poke|p2|Copperajah, F|\n|teampreview\n|j|*Lady Monita \u2600\n|j| TheMonkeee\n|j| Crossai\n|l| Crossai\n|\n|t:|1656678176\n|start\n|switch|p1a: Sirfetch\u2019d|Sirfetch\u2019d, M|100\/100\n|switch|p2a: Bewear|Bewear, F|100\/100\n|turn|1\n|\n|t:|1656678181\n|switch|p1a: Braviary|Braviary, M|100\/100\n|move|p2a: Bewear|Close Combat|p1a: Braviary\n|-damage|p1a: Braviary|1\/100\n|-unboost|p2a: Bewear|def|1\n|-unboost|p2a: Bewear|spd|1\n|\n|upkeep\n|turn|2\n|\n|t:|1656678194\n|switch|p2a: Copperajah|Copperajah, F|100\/100\n|move|p1a: Braviary|Brave Bird|p2a: Copperajah\n|-resisted|p2a: Copperajah\n|-damage|p2a: Copperajah|46\/100\n|-damage|p1a: Braviary|0 fnt|[from] Recoil\n|faint|p1a: Braviary\n|\n|upkeep\n|\n|t:|1656678196\n|switch|p1a: Sirfetch\u2019d|Sirfetch\u2019d, M|100\/100\n|turn|3\n|\n|t:|1656678201\n|move|p1a: Sirfetch\u2019d|Night Slash|p2a: Copperajah\n|-crit|p2a: Copperajah\n|-damage|p2a: Copperajah|0 fnt\n|faint|p2a: Copperajah\n|\n|upkeep\n|j| ll u n a t i c\n|\n|t:|1656678203\n|switch|p2a: Bewear|Bewear, F|100\/100\n|turn|4\n|\n|t:|1656678208\n|move|p2a: Bewear|Close Combat|p1a: Sirfetch\u2019d\n|-damage|p1a: Sirfetch\u2019d|7\/100\n|-unboost|p2a: Bewear|def|1\n|-unboost|p2a: Bewear|spd|1\n|move|p1a: Sirfetch\u2019d|Leaf Blade|p2a: Bewear\n|-crit|p2a: Bewear\n|-damage|p2a: Bewear|61\/100\n|\n|upkeep\n|turn|5\n|c|\u2606Oryen|gg\n|\n|t:|1656678220\n|move|p2a: Bewear|Close Combat|p1a: Sirfetch\u2019d\n|-damage|p1a: Sirfetch\u2019d|0 fnt\n|-unboost|p2a: Bewear|def|1\n|-unboost|p2a: Bewear|spd|1\n|faint|p1a: Sirfetch\u2019d\n|\n|win|Oryen\n|n|\u2606MetalReferencesMan|metalreferencesman\n|n|\u2606Oryen|oryen\n|n|*Lady Monita \u2600|ladymonita\n|n| TheMonkeee|themonkeee\n|n| ll u n a t i c|llunatic\n","uploadtime":1656678221,"views":9,"p1id":"metalreferencesman","p2id":"oryen","formatid":"gen8ru","rating":0,"private":0,"password":null}