{"id":"gen8ou-1640553818","p1":"tolstoy","p2":"LT93OQ im garbage","format":"gen8ou","log":"|raw|<div class=\"broadcast-blue\"><strong>This battle is required to be public due to a player having a name starting with 'lt93oq'.<\/div>\n|j|\u2606tolstoy\n|j|\u2606LT93OQ im garbage\n|t:|1660604231\n|gametype|singles\n|player|p1|tolstoy|#lax|1796\n|player|p2|LT93OQ im garbage|266|1870\n|teamsize|p1|6\n|teamsize|p2|6\n|gen|8\n|tier|[Gen 8] OU\n|rated|\n|rule|Sleep Clause Mod: Limit one foe put to sleep\n|rule|Species Clause: Limit one of each Pok\u00e9mon\n|rule|OHKO Clause: OHKO moves are banned\n|rule|Evasion Items Clause: Evasion items are banned\n|rule|Evasion Moves Clause: Evasion moves are banned\n|rule|Endless Battle Clause: Forcing endless battles is banned\n|rule|HP Percentage Mod: HP is shown in percentages\n|rule|Dynamax Clause: You cannot dynamax\n|clearpoke\n|poke|p1|Excadrill, F|\n|poke|p1|Tapu Koko|\n|poke|p1|Corviknight, F|\n|poke|p1|Clefable, F|\n|poke|p1|Heatran, F|\n|poke|p1|Toxapex, M|\n|poke|p2|Mandibuzz, F|\n|poke|p2|Buzzwole|\n|poke|p2|Quagsire, F|\n|poke|p2|Bronzong|\n|poke|p2|Clefable, M|\n|poke|p2|Toxapex, M|\n|teampreview\n|inactive|Battle timer is ON: inactive players will automatically lose when time's up. (requested by LT93OQ im garbage)\n|j| LT93OQ Empo\n|inactive|tolstoy has 120 seconds left.\n|c| LT93OQ Empo|lax :3 :3\n|\n|t:|1660604263\n|start\n|switch|p1a: Clefable|Clefable, F|100\/100\n|switch|p2a: Clefable|Clefable, M|100\/100\n|turn|1\n|c|\u2606tolstoy|empo ^_^\n|j| Lunarr\n|\n|t:|1660604275\n|switch|p2a: Toxapex|Toxapex, M|100\/100\n|move|p1a: Clefable|Knock Off|p2a: Toxapex\n|-damage|p2a: Toxapex|90\/100\n|-enditem|p2a: Toxapex|Shed Shell|[from] move: Knock Off|[of] p1a: Clefable\n|\n|upkeep\n|turn|2\n|j| Smash Time steez\n|\n|t:|1660604282\n|switch|p1a: Corviknight|Corviknight, F|100\/100\n|-ability|p1a: Corviknight|Pressure\n|move|p2a: Toxapex|Knock Off|p1a: Corviknight\n|-damage|p1a: Corviknight|89\/100\n|-enditem|p1a: Corviknight|Leftovers|[from] move: Knock Off|[of] p2a: Toxapex\n|\n|upkeep\n|turn|3\n|j| Reigen shishou\n|\n|t:|1660604290\n|move|p1a: Corviknight|U-turn|p2a: Toxapex\n|-resisted|p2a: Toxapex\n|-damage|p2a: Toxapex|84\/100\n|\n|t:|1660604295\n|switch|p1a: Clefable|Clefable, F|100\/100|[from]move: U-turn\n|move|p2a: Toxapex|Knock Off|p1a: Clefable\n|-resisted|p1a: Clefable\n|-damage|p1a: Clefable|94\/100\n|-damage|p2a: Toxapex|68\/100|[from] item: Rocky Helmet|[of] p1a: Clefable\n|-enditem|p1a: Clefable|Rocky Helmet|[from] move: Knock Off|[of] p2a: Toxapex\n|\n|upkeep\n|turn|4\n|\n|t:|1660604301\n|switch|p1a: Corviknight|Corviknight, F|89\/100\n|-ability|p1a: Corviknight|Pressure\n|move|p2a: Toxapex|Light Screen|p2a: Toxapex\n|-sidestart|p2: LT93OQ im garbage|move: Light Screen\n|\n|upkeep\n|turn|5\n|\n|t:|1660604304\n|switch|p2a: Clefable|Clefable, M|100\/100\n|move|p1a: Corviknight|U-turn|p2a: Clefable\n|-resisted|p2a: Clefable\n|-damage|p2a: Clefable|95\/100\n|\n|t:|1660604307\n|switch|p1a: Clefable|Clefable, F|94\/100|[from]move: U-turn\n|\n|upkeep\n|turn|6\n|\n|t:|1660604310\n|switch|p2a: Toxapex|Toxapex, M|100\/100\n|move|p1a: Clefable|Knock Off|p2a: Toxapex\n|-damage|p2a: Toxapex|93\/100\n|\n|upkeep\n|turn|7\n|\n|t:|1660604317\n|move|p2a: Toxapex|Light Screen||[still]\n|-fail|p2a: Toxapex\n|move|p1a: Clefable|Stealth Rock|p2a: Toxapex\n|-sidestart|p2: LT93OQ im garbage|move: Stealth Rock\n|\n|upkeep\n|turn|8\n|c|\u2606tolstoy|wtf\n|c|\u2606tolstoy|that's fast as fuck\n|\n|t:|1660604331\n|switch|p1a: Corviknight|Corviknight, F|89\/100\n|-ability|p1a: Corviknight|Pressure\n|move|p2a: Toxapex|Haze|p2a: Toxapex\n|-clearallboost\n|\n|-sideend|p2: LT93OQ im garbage|move: Light Screen\n|-damage|p1a: Corviknight|76\/100|[from] item: Sticky Barb\n|upkeep\n|turn|9\n|\n|t:|1660604337\n|switch|p2a: Bronzong|Bronzong|100\/100\n|-damage|p2a: Bronzong|94\/100|[from] Stealth Rock\n|move|p1a: Corviknight|U-turn|p2a: Bronzong\n|-damage|p2a: Bronzong|82\/100\n|\n|t:|1660604345\n|switch|p1a: Heatran|Heatran, F|100\/100|[from]move: U-turn\n|-item|p1a: Heatran|Air Balloon\n|\n|-heal|p2a: Bronzong|88\/100|[from] item: Leftovers\n|upkeep\n|turn|10\n|\n|t:|1660604351\n|move|p2a: Bronzong|Protect|p2a: Bronzong\n|-singleturn|p2a: Bronzong|Protect\n|move|p1a: Heatran|Magma Storm|p2a: Bronzong\n|-activate|p2a: Bronzong|move: Protect\n|\n|-heal|p2a: Bronzong|94\/100|[from] item: Leftovers\n|upkeep\n|turn|11\n|j| zkutrzrfd\n|\n|t:|1660604361\n|switch|p2a: Quagsire|Quagsire, F|100\/100\n|-damage|p2a: Quagsire|94\/100|[from] Stealth Rock\n|move|p1a: Heatran|Magma Storm|p2a: Quagsire\n|-resisted|p2a: Quagsire\n|-damage|p2a: Quagsire|72\/100\n|-activate|p2a: Quagsire|move: Magma Storm|[of] p1a: Heatran\n|\n|-heal|p2a: Quagsire|78\/100|[from] item: Leftovers\n|-damage|p2a: Quagsire|66\/100|[from] move: Magma Storm|[partiallytrapped]\n|upkeep\n|turn|12\n|\n|t:|1660604367\n|move|p1a: Heatran|Earth Power|p2a: Quagsire\n|-damage|p2a: Quagsire|40\/100\n|move|p2a: Quagsire|Scald|p1a: Heatran\n|-supereffective|p1a: Heatran\n|-damage|p1a: Heatran|69\/100\n|-enditem|p1a: Heatran|Air Balloon\n|\n|-heal|p2a: Quagsire|46\/100|[from] item: Leftovers\n|-damage|p2a: Quagsire|34\/100|[from] move: Magma Storm|[partiallytrapped]\n|upkeep\n|turn|13\n|\n|t:|1660604375\n|move|p1a: Heatran|Will-O-Wisp|p2a: Quagsire\n|-status|p2a: Quagsire|brn\n|move|p2a: Quagsire|Recover|p2a: Quagsire\n|-heal|p2a: Quagsire|84\/100 brn\n|\n|-heal|p2a: Quagsire|90\/100 brn|[from] item: Leftovers\n|-damage|p2a: Quagsire|84\/100 brn|[from] brn\n|-damage|p2a: Quagsire|71\/100 brn|[from] move: Magma Storm|[partiallytrapped]\n|upkeep\n|turn|14\n|\n|t:|1660604381\n|move|p1a: Heatran|Earth Power|p2a: Quagsire\n|-damage|p2a: Quagsire|46\/100 brn\n|-unboost|p2a: Quagsire|spd|1\n|move|p2a: Quagsire|Scald|p1a: Heatran\n|-supereffective|p1a: Heatran\n|-damage|p1a: Heatran|38\/100\n|\n|-heal|p2a: Quagsire|53\/100 brn|[from] item: Leftovers\n|-damage|p2a: Quagsire|46\/100 brn|[from] brn\n|-damage|p2a: Quagsire|34\/100 brn|[from] move: Magma Storm|[partiallytrapped]\n|upkeep\n|turn|15\n|\n|t:|1660604390\n|move|p2a: Quagsire|Protect|p2a: Quagsire\n|-singleturn|p2a: Quagsire|Protect\n|move|p1a: Heatran|Earth Power|p2a: Quagsire\n|-activate|p2a: Quagsire|move: Protect\n|\n|-heal|p2a: Quagsire|40\/100 brn|[from] item: Leftovers\n|-damage|p2a: Quagsire|34\/100 brn|[from] brn\n|-end|p2a: Quagsire|Magma Storm|[partiallytrapped]\n|upkeep\n|turn|16\n|j| LT93OQ Dasmer\n|\n|t:|1660604405\n|switch|p2a: Mandibuzz|Mandibuzz, F|100\/100\n|move|p1a: Heatran|Magma Storm|p2a: Mandibuzz\n|-damage|p2a: Mandibuzz|74\/100\n|-activate|p2a: Mandibuzz|move: Magma Storm|[of] p1a: Heatran\n|\n|-damage|p2a: Mandibuzz|62\/100|[from] move: Magma Storm|[partiallytrapped]\n|upkeep\n|turn|17\n|\n|t:|1660604410\n|move|p2a: Mandibuzz|Roost|p2a: Mandibuzz\n|-heal|p2a: Mandibuzz|100\/100\n|-singleturn|p2a: Mandibuzz|move: Roost\n|move|p1a: Heatran|Will-O-Wisp|p2a: Mandibuzz\n|-status|p2a: Mandibuzz|brn\n|\n|-damage|p2a: Mandibuzz|94\/100 brn|[from] brn\n|-damage|p2a: Mandibuzz|82\/100 brn|[from] move: Magma Storm|[partiallytrapped]\n|upkeep\n|turn|18\n|j| LT93OQ adricraxk\n|\n|t:|1660604418\n|switch|p1a: Clefable|Clefable, F|94\/100\n|move|p2a: Mandibuzz|Toxic|p1a: Clefable\n|-status|p1a: Clefable|tox\n|\n|-damage|p2a: Mandibuzz|76\/100 brn|[from] brn\n|-end|p2a: Mandibuzz|Magma Storm|[partiallytrapped]|[silent]\n|upkeep\n|turn|19\n|l| LT93OQ adricraxk\n|\n|t:|1660604423\n|switch|p2a: Clefable|Clefable, M|95\/100\n|move|p1a: Clefable|Knock Off|p2a: Clefable\n|-resisted|p2a: Clefable\n|-damage|p2a: Clefable|91\/100\n|\n|upkeep\n|turn|20\n|j| best hoes best dro\n|\n|t:|1660604432\n|switch|p1a: Excadrill|Excadrill, F|100\/100\n|-ability|p1a: Excadrill|Mold Breaker\n|move|p2a: Clefable|Heal Bell|p2a: Clefable\n|-activate|p2a: Clefable|move: Heal Bell\n|-curestatus|p2: Quagsire|brn|[msg]\n|-curestatus|p2: Mandibuzz|brn|[msg]\n|\n|upkeep\n|turn|21\n|j| LT93OQ XKH\n|\n|t:|1660604442\n|switch|p2a: Mandibuzz|Mandibuzz, F|76\/100\n|move|p1a: Excadrill|Swords Dance|p1a: Excadrill\n|-boost|p1a: Excadrill|atk|2\n|\n|upkeep\n|turn|22\n|\n|t:|1660604446\n|switch|p2a: Buzzwole|Buzzwole|100\/100\n|move|p1a: Excadrill|Iron Head|p2a: Buzzwole\n|-damage|p2a: Buzzwole|60\/100\n|\n|upkeep\n|turn|23\n|\n|t:|1660604451\n|move|p2a: Buzzwole|Close Combat|p1a: Excadrill\n|-supereffective|p1a: Excadrill\n|-damage|p1a: Excadrill|0 fnt\n|-unboost|p2a: Buzzwole|def|1\n|-unboost|p2a: Buzzwole|spd|1\n|faint|p1a: Excadrill\n|-ability|p2a: Buzzwole|Beast Boost|boost\n|-boost|p2a: Buzzwole|def|1\n|\n|upkeep\n|j| CB Bhris Breezy\n|\n|t:|1660604456\n|switch|p1a: Tapu Koko|Tapu Koko|100\/100\n|-fieldstart|move: Electric Terrain|[from] ability: Electric Surge|[of] p1a: Tapu Koko\n|turn|24\n|\n|t:|1660604461\n|switch|p2a: Bronzong|Bronzong|94\/100\n|-damage|p2a: Bronzong|88\/100|[from] Stealth Rock\n|move|p1a: Tapu Koko|Calm Mind|p1a: Tapu Koko\n|-boost|p1a: Tapu Koko|spa|1\n|-boost|p1a: Tapu Koko|spd|1\n|\n|-heal|p2a: Bronzong|94\/100|[from] item: Leftovers\n|upkeep\n|turn|25\n|\n|t:|1660604466\n|move|p1a: Tapu Koko|Thunderbolt|p2a: Bronzong\n|-damage|p2a: Bronzong|49\/100\n|move|p2a: Bronzong|Toxic|p1a: Tapu Koko|[miss]\n|-miss|p2a: Bronzong|p1a: Tapu Koko\n|\n|-heal|p2a: Bronzong|55\/100|[from] item: Leftovers\n|upkeep\n|turn|26\n|\n|t:|1660604470\n|move|p1a: Tapu Koko|Thunderbolt|p2a: Bronzong\n|-damage|p2a: Bronzong|10\/100\n|move|p2a: Bronzong|Toxic|p1a: Tapu Koko\n|-status|p1a: Tapu Koko|tox\n|\n|-heal|p2a: Bronzong|16\/100|[from] item: Leftovers\n|-damage|p1a: Tapu Koko|94\/100 tox|[from] psn\n|upkeep\n|turn|27\n|c|\u2606LT93OQ im garbage|today is not the day\n|c|\u2606LT93OQ im garbage|for stall\n|\n|t:|1660604476\n|move|p2a: Bronzong|Protect|p2a: Bronzong\n|-singleturn|p2a: Bronzong|Protect\n|move|p1a: Tapu Koko|Calm Mind|p1a: Tapu Koko\n|-boost|p1a: Tapu Koko|spa|1\n|-boost|p1a: Tapu Koko|spd|1\n|\n|-heal|p2a: Bronzong|22\/100|[from] item: Leftovers\n|-damage|p1a: Tapu Koko|82\/100 tox|[from] psn\n|upkeep\n|turn|28\n|\n|t:|1660604492\n|move|p2a: Bronzong|Protect|p2a: Bronzong\n|-singleturn|p2a: Bronzong|Protect\n|move|p1a: Tapu Koko|Dazzling Gleam|p2a: Bronzong\n|-activate|p2a: Bronzong|move: Protect\n|\n|-heal|p2a: Bronzong|28\/100|[from] item: Leftovers\n|-damage|p1a: Tapu Koko|63\/100 tox|[from] psn\n|-fieldend|move: Electric Terrain\n|upkeep\n|turn|29\n|\n|t:|1660604499\n|switch|p2a: Quagsire|Quagsire, F|34\/100\n|-damage|p2a: Quagsire|28\/100|[from] Stealth Rock\n|move|p1a: Tapu Koko|Thunderbolt|p2a: Quagsire\n|-immune|p2a: Quagsire\n|\n|-heal|p2a: Quagsire|34\/100|[from] item: Leftovers\n|-damage|p1a: Tapu Koko|39\/100 tox|[from] psn\n|upkeep\n|turn|30\n|\n|t:|1660604508\n|move|p2a: Quagsire|Protect|p2a: Quagsire\n|-singleturn|p2a: Quagsire|Protect\n|move|p1a: Tapu Koko|Thunderbolt|p2a: Quagsire\n|-activate|p2a: Quagsire|move: Protect\n|\n|-heal|p2a: Quagsire|40\/100|[from] item: Leftovers\n|-damage|p1a: Tapu Koko|8\/100 tox|[from] psn\n|upkeep\n|turn|31\n|c|\u2606tolstoy|u ran into evless drill\n|c|\u2606tolstoy|and double rocks on tran\n|c|\u2606tolstoy|u r fine.\n|\n|t:|1660604527\n|switch|p1a: Clefable|Clefable, F|94\/100 tox\n|move|p2a: Quagsire|Recover|p2a: Quagsire\n|-heal|p2a: Quagsire|90\/100\n|\n|-heal|p2a: Quagsire|96\/100|[from] item: Leftovers\n|upkeep\n|turn|32\n|c|\u2606LT93OQ im garbage|did u have\n|c|\u2606LT93OQ im garbage|0 attack as well\n|c|\u2606LT93OQ im garbage|did i get my head calc fucked up\n|c|\u2606tolstoy|0 spd 0 atk\n|c|\u2606LT93OQ im garbage|idk if ihead 2kos\n|c|\u2606tolstoy|bad import\n|c|\u2606LT93OQ im garbage|k so ihead wouldve\n|c|\u2606LT93OQ im garbage|2kod\n|c|\u2606LT93OQ im garbage|rip me\n|c|\u2606tolstoy|actually\n|inactive|LT93OQ im garbage has 120 seconds left.\n|\n|t:|1660604558\n|switch|p2a: Toxapex|Toxapex, M|100\/100\n|-damage|p2a: Toxapex|88\/100|[from] Stealth Rock\n|move|p1a: Clefable|Knock Off|p2a: Toxapex\n|-damage|p2a: Toxapex|80\/100\n|\n|upkeep\n|turn|33\n|c|\u2606tolstoy|my only evs are adamant 100 atk\n|c|\u2606tolstoy|fsr.\n|\n|t:|1660604568\n|switch|p1a: Corviknight|Corviknight, F|76\/100\n|-ability|p1a: Corviknight|Pressure\n|move|p2a: Toxapex|Light Screen|p2a: Toxapex\n|-sidestart|p2: LT93OQ im garbage|move: Light Screen\n|\n|-damage|p1a: Corviknight|64\/100|[from] item: Sticky Barb\n|upkeep\n|turn|34\n|c|\u2606LT93OQ im garbage|oh, nvm im good\n|\n|t:|1660604573\n|switch|p2a: Mandibuzz|Mandibuzz, F|76\/100\n|move|p1a: Corviknight|U-turn|p2a: Mandibuzz\n|-damage|p2a: Mandibuzz|64\/100\n|\n|t:|1660604576\n|switch|p1a: Tapu Koko|Tapu Koko|8\/100 tox|[from]move: U-turn\n|-fieldstart|move: Electric Terrain|[from] ability: Electric Surge|[of] p1a: Tapu Koko\n|\n|-damage|p1a: Tapu Koko|2\/100 tox|[from] psn\n|upkeep\n|turn|35\n|\n|t:|1660604579\n|move|p1a: Tapu Koko|Roost|p1a: Tapu Koko\n|-heal|p1a: Tapu Koko|52\/100 tox\n|-singleturn|p1a: Tapu Koko|move: Roost\n|move|p2a: Mandibuzz|Defog|p1a: Tapu Koko\n|-unboost|p1a: Tapu Koko|evasion|1\n|-sideend|p2: LT93OQ im garbage|Stealth Rock|[from] move: Defog|[of] p2a: Mandibuzz\n|-fieldend|move: Electric Terrain\n|\n|-damage|p1a: Tapu Koko|39\/100 tox|[from] psn\n|upkeep\n|turn|36\n|\n|t:|1660604583\n|switch|p2a: Bronzong|Bronzong|28\/100\n|move|p1a: Tapu Koko|Roost|p1a: Tapu Koko\n|-heal|p1a: Tapu Koko|90\/100 tox\n|-singleturn|p1a: Tapu Koko|move: Roost\n|\n|-heal|p2a: Bronzong|35\/100|[from] item: Leftovers\n|-damage|p1a: Tapu Koko|71\/100 tox|[from] psn\n|upkeep\n|turn|37\n|\n|t:|1660604585\n|switch|p1a: Clefable|Clefable, F|94\/100 tox\n|move|p2a: Bronzong|Stealth Rock|p1a: Clefable\n|-sidestart|p1: tolstoy|move: Stealth Rock\n|\n|-heal|p2a: Bronzong|41\/100|[from] item: Leftovers\n|-sideend|p2: LT93OQ im garbage|move: Light Screen\n|upkeep\n|turn|38\n|\n|t:|1660604590\n|move|p2a: Bronzong|Protect|p2a: Bronzong\n|-singleturn|p2a: Bronzong|Protect\n|move|p1a: Clefable|Stealth Rock|p2a: Bronzong\n|-sidestart|p2: LT93OQ im garbage|move: Stealth Rock\n|\n|-heal|p2a: Bronzong|47\/100|[from] item: Leftovers\n|upkeep\n|turn|39\n|\n|t:|1660604597\n|switch|p2a: Toxapex|Toxapex, M|100\/100\n|-damage|p2a: Toxapex|88\/100|[from] Stealth Rock\n|move|p1a: Clefable|Knock Off|p2a: Toxapex\n|-damage|p2a: Toxapex|81\/100\n|\n|upkeep\n|turn|40\n|l| Smash Time steez\n|\n|t:|1660604601\n|switch|p1a: Toxapex|Toxapex, M|100\/100\n|-damage|p1a: Toxapex|88\/100|[from] Stealth Rock\n|move|p2a: Toxapex|Light Screen|p2a: Toxapex\n|-sidestart|p2: LT93OQ im garbage|move: Light Screen\n|\n|upkeep\n|turn|41\n|j| Aurella\n|\n|t:|1660604608\n|switch|p2a: Clefable|Clefable, M|91\/100\n|move|p1a: Toxapex|Scald|p2a: Clefable\n|-damage|p2a: Clefable|84\/100\n|\n|upkeep\n|turn|42\n|\n|t:|1660604613\n|switch|p2a: Toxapex|Toxapex, M|100\/100\n|-damage|p2a: Toxapex|88\/100|[from] Stealth Rock\n|switch|p1a: Clefable|Clefable, F|94\/100 tox\n|\n|upkeep\n|turn|43\n|\n|t:|1660604617\n|switch|p2a: Clefable|Clefable, M|84\/100\n|switch|p1a: Toxapex|Toxapex, M|88\/100\n|-damage|p1a: Toxapex|75\/100|[from] Stealth Rock\n|\n|upkeep\n|turn|44\n|\n|t:|1660604622\n|switch|p2a: Toxapex|Toxapex, M|100\/100\n|-damage|p2a: Toxapex|88\/100|[from] Stealth Rock\n|switch|p1a: Clefable|Clefable, F|94\/100 tox\n|\n|-sideend|p2: LT93OQ im garbage|move: Light Screen\n|upkeep\n|turn|45\n|l| LT93OQ Dasmer\n|c|\u2606tolstoy|idk how u break\n|c|\u2606LT93OQ im garbage|will take a while\n|c|\u2606LT93OQ im garbage|but its there\n|c|\u2606tolstoy|but I have merciless pex too\n|c|\u2606tolstoy|LMFAO\n|c|\u2606tolstoy|holy\n|c|\u2606LT93OQ im garbage|oh\n|\n|t:|1660604642\n|switch|p1a: Toxapex|Toxapex, M|75\/100\n|-damage|p1a: Toxapex|63\/100|[from] Stealth Rock\n|move|p2a: Toxapex|Light Screen|p2a: Toxapex\n|-sidestart|p2: LT93OQ im garbage|move: Light Screen\n|\n|upkeep\n|turn|46\n|c|\u2606LT93OQ im garbage|nvm ill just go back and forth\n|c|\u2606LT93OQ im garbage|was gonna involve quag\n|c|\u2606LT93OQ im garbage|into the mix\n|\n|t:|1660604657\n|switch|p2a: Clefable|Clefable, M|84\/100\n|switch|p1a: Clefable|Clefable, F|94\/100 tox\n|\n|upkeep\n|turn|47\n|\n|t:|1660604662\n|switch|p2a: Toxapex|Toxapex, M|100\/100\n|-damage|p2a: Toxapex|88\/100|[from] Stealth Rock\n|switch|p1a: Toxapex|Toxapex, M|63\/100\n|-damage|p1a: Toxapex|50\/100|[from] Stealth Rock\n|\n|upkeep\n|turn|48\n|j| clicko\n|c|\u2606tolstoy|waste of time unfort\n|-message|tolstoy forfeited.\n|\n|win|LT93OQ im garbage\n|raw|tolstoy's rating: 1796 &rarr; <strong>1780<\/strong><br \/>(-16 for losing)\n|raw|LT93OQ im garbage's rating: 1870 &rarr; <strong>1886<\/strong><br \/>(+16 for winning)\n|l|\u2606tolstoy\n|l| CB Bhris Breezy\n|l| LT93OQ Empo\n|l|\u2606LT93OQ im garbage\n|j| dorapult\n||Ladder isn't responding, score probably updated but might not have (Request timeout).\n|l| dorapult\n|l| zkutrzrfd\n|l| clicko\n|j| iitzhatz\u30c4\n|j| Dzhugashvili\n|l| Dzhugashvili\n|l| Lunarr\n|l| iitzhatz\u30c4\n","uploadtime":1660605006,"views":74,"p1id":"tolstoy","p2id":"lt93oqimgarbage","formatid":"gen8ou","rating":1780,"private":0,"password":null}