{"id":"gen8ou-1672836599","p1":"shas2349","p2":"Down$hift","format":"gen8ou","log":"|j|\u2606shas2349\n|j|\u2606Down$hift\n|t:|1664402156\n|gametype|singles\n|player|p1|shas2349|1|1563\n|player|p2|Down$hift|teamrocket|1583\n|teamsize|p1|6\n|teamsize|p2|6\n|gen|8\n|tier|[Gen 8] OU\n|rated|\n|rule|Sleep Clause Mod: Limit one foe put to sleep\n|rule|Species Clause: Limit one of each Pok\u00e9mon\n|rule|OHKO Clause: OHKO moves are banned\n|rule|Evasion Items Clause: Evasion items are banned\n|rule|Evasion Moves Clause: Evasion moves are banned\n|rule|Endless Battle Clause: Forcing endless battles is banned\n|rule|HP Percentage Mod: HP is shown in percentages\n|rule|Dynamax Clause: You cannot dynamax\n|clearpoke\n|poke|p1|Rillaboom, M|\n|poke|p1|Tapu Lele|\n|poke|p1|Tyranitar, F|\n|poke|p1|Volcanion|\n|poke|p1|Zapdos|\n|poke|p1|Garchomp, F|\n|poke|p2|Regigigas|\n|poke|p2|Weezing-Galar, F|\n|poke|p2|Landorus-Therian, M|\n|poke|p2|Dragapult, F|\n|poke|p2|Slowbro, F|\n|poke|p2|Toxapex, F|\n|teampreview\n|c|\u2606Down$hift|hf\n|inactive|Battle timer is ON: inactive players will automatically lose when time's up. (requested by shas2349)\n|c|\u2606shas2349|hf\n|\n|t:|1664402214\n|start\n|switch|p1a: Zapdos|Zapdos|100\/100\n|switch|p2a: Dimmadome|Weezing-Galar, F|100\/100\n|turn|1\n|\n|t:|1664402220\n|switch|p2a: BIacephaIon|Regigigas|100\/100\n|-start|p2a: BIacephaIon|ability: Slow Start\n|move|p1a: Zapdos|Thunderbolt|p2a: BIacephaIon\n|-damage|p2a: BIacephaIon|58\/100\n|\n|-heal|p2a: BIacephaIon|64\/100|[from] item: Leftovers\n|upkeep\n|turn|2\n|\n|t:|1664402230\n|switch|p1a: Tyranitar|Tyranitar, F|100\/100\n|-weather|Sandstorm|[from] ability: Sand Stream|[of] p1a: Tyranitar\n|-end|p2a: BIacephaIon|Slow Start|[silent]\n|switch|p2a: LandOUrus-T|Landorus-Therian, M|100\/100\n|-ability|p2a: LandOUrus-T|Intimidate|boost\n|-unboost|p1a: Tyranitar|atk|1\n|\n|-weather|Sandstorm|[upkeep]\n|upkeep\n|turn|3\n|\n|t:|1664402235\n|switch|p1a: Zapdos|Zapdos|100\/100\n|move|p2a: LandOUrus-T|Stealth Rock|p1a: Zapdos\n|-sidestart|p1: shas2349|move: Stealth Rock\n|\n|-weather|Sandstorm|[upkeep]\n|-damage|p1a: Zapdos|94\/100|[from] Sandstorm\n|upkeep\n|turn|4\n|\n|t:|1664402247\n|switch|p2a: BIacephaIon|Regigigas|64\/100\n|-start|p2a: BIacephaIon|ability: Slow Start\n|move|p1a: Zapdos|Hurricane|p2a: BIacephaIon|[miss]\n|-miss|p1a: Zapdos|p2a: BIacephaIon\n|\n|-weather|Sandstorm|[upkeep]\n|-damage|p1a: Zapdos|88\/100|[from] Sandstorm\n|-damage|p2a: BIacephaIon|58\/100|[from] Sandstorm\n|-heal|p2a: BIacephaIon|64\/100|[from] item: Leftovers\n|upkeep\n|turn|5\n|\n|t:|1664402256\n|switch|p1a: Tyranitar|Tyranitar, F|100\/100\n|-damage|p1a: Tyranitar|88\/100|[from] Stealth Rock\n|move|p2a: BIacephaIon|Knock Off|p1a: Tyranitar\n|-resisted|p1a: Tyranitar\n|-damage|p1a: Tyranitar|82\/100\n|-enditem|p1a: Tyranitar|Choice Band|[from] move: Knock Off|[of] p2a: BIacephaIon\n|\n|-weather|Sandstorm|[upkeep]\n|-damage|p2a: BIacephaIon|58\/100|[from] Sandstorm\n|-heal|p2a: BIacephaIon|64\/100|[from] item: Leftovers\n|upkeep\n|turn|6\n|\n|t:|1664402264\n|-end|p2a: BIacephaIon|Slow Start|[silent]\n|switch|p2a: LandOUrus-T|Landorus-Therian, M|100\/100\n|-ability|p2a: LandOUrus-T|Intimidate|boost\n|-unboost|p1a: Tyranitar|atk|1\n|-singleturn|p1a: Tyranitar|move: Focus Punch\n|move|p1a: Tyranitar|Focus Punch|p2a: LandOUrus-T\n|-resisted|p2a: LandOUrus-T\n|-damage|p2a: LandOUrus-T|87\/100\n|\n|-weather|none\n|-heal|p2a: LandOUrus-T|93\/100|[from] item: Leftovers\n|upkeep\n|turn|7\n|\n|t:|1664402270\n|switch|p1a: Zapdos|Zapdos|88\/100\n|-damage|p1a: Zapdos|63\/100|[from] Stealth Rock\n|move|p2a: LandOUrus-T|Toxic|p1a: Zapdos\n|-status|p1a: Zapdos|tox\n|\n|-heal|p2a: LandOUrus-T|99\/100|[from] item: Leftovers\n|-damage|p1a: Zapdos|57\/100 tox|[from] psn\n|upkeep\n|turn|8\n|\n|t:|1664402290\n|switch|p2a: BIacephaIon|Regigigas|64\/100\n|-start|p2a: BIacephaIon|ability: Slow Start\n|move|p1a: Zapdos|Hurricane|p2a: BIacephaIon\n|-crit|p2a: BIacephaIon\n|-damage|p2a: BIacephaIon|0 fnt\n|faint|p2a: BIacephaIon\n|-end|p2a: BIacephaIon|Slow Start|[silent]\n|\n|-damage|p1a: Zapdos|44\/100 tox|[from] psn\n|upkeep\n|\n|t:|1664402296\n|switch|p2a: Dreepy Airlines|Dragapult, F|100\/100\n|turn|9\n|inactive|shas2349 has 120 seconds left.\n|\n|t:|1664402333\n|move|p2a: Dreepy Airlines|Hex|p1a: Zapdos\n|-damage|p1a: Zapdos|0 fnt\n|faint|p1a: Zapdos\n|\n|upkeep\n|\n|t:|1664402346\n|switch|p1a: Rillaboom|Rillaboom, M|100\/100\n|-damage|p1a: Rillaboom|88\/100|[from] Stealth Rock\n|-fieldstart|move: Grassy Terrain|[from] ability: Grassy Surge|[of] p1a: Rillaboom\n|turn|10\n|\n|t:|1664402352\n|move|p2a: Dreepy Airlines|U-turn|p1a: Rillaboom\n|-supereffective|p1a: Rillaboom\n|-damage|p1a: Rillaboom|50\/100\n|\n|t:|1664402354\n|switch|p2a: Dimmadome|Weezing-Galar, F|100\/100|[from]move: U-turn\n|move|p1a: Rillaboom|Knock Off|p2a: Dimmadome\n|-resisted|p2a: Dimmadome\n|-damage|p2a: Dimmadome|85\/100\n|-damage|p1a: Rillaboom|33\/100|[from] item: Rocky Helmet|[of] p2a: Dimmadome\n|-enditem|p2a: Dimmadome|Rocky Helmet|[from] move: Knock Off|[of] p1a: Rillaboom\n|\n|-heal|p1a: Rillaboom|39\/100|[from] Grassy Terrain\n|upkeep\n|turn|11\n|inactive|shas2349 has 120 seconds left.\n|\n|t:|1664402383\n|switch|p1a: Tyranitar|Tyranitar, F|82\/100\n|-damage|p1a: Tyranitar|70\/100|[from] Stealth Rock\n|-weather|Sandstorm|[from] ability: Sand Stream|[of] p1a: Tyranitar\n|move|p2a: Dimmadome|Will-O-Wisp|p1a: Tyranitar|[miss]\n|-miss|p2a: Dimmadome|p1a: Tyranitar\n|\n|-weather|Sandstorm|[upkeep]\n|-damage|p2a: Dimmadome|79\/100|[from] Sandstorm\n|-heal|p1a: Tyranitar|76\/100|[from] Grassy Terrain\n|upkeep\n|turn|12\n|\n|t:|1664402388\n|switch|p2a: LandOUrus-T|Landorus-Therian, M|99\/100\n|-ability|p2a: LandOUrus-T|Intimidate|boost\n|-unboost|p1a: Tyranitar|atk|1\n|move|p1a: Tyranitar|Stone Edge|p2a: LandOUrus-T\n|-crit|p2a: LandOUrus-T\n|-damage|p2a: LandOUrus-T|36\/100\n|\n|-weather|Sandstorm|[upkeep]\n|-heal|p2a: LandOUrus-T|42\/100|[from] item: Leftovers\n|-heal|p1a: Tyranitar|82\/100|[from] Grassy Terrain\n|upkeep\n|turn|13\n|\n|t:|1664402395\n|move|p2a: LandOUrus-T|U-turn|p1a: Tyranitar\n|-supereffective|p1a: Tyranitar\n|-damage|p1a: Tyranitar|51\/100\n|\n|t:|1664402398\n|switch|p2a: Dimmadome|Weezing-Galar, F|79\/100|[from]move: U-turn\n|move|p1a: Tyranitar|Stone Edge|p2a: Dimmadome\n|-crit|p2a: Dimmadome\n|-damage|p2a: Dimmadome|29\/100\n|\n|-weather|Sandstorm|[upkeep]\n|-damage|p2a: Dimmadome|23\/100|[from] Sandstorm\n|-heal|p1a: Tyranitar|57\/100|[from] Grassy Terrain\n|upkeep\n|turn|14\n|\n|t:|1664402402\n|move|p2a: Dimmadome|Pain Split|p1a: Tyranitar\n|-sethp|p1a: Tyranitar|38\/100|[from] move: Pain Split|[silent]\n|-sethp|p2a: Dimmadome|46\/100|[from] move: Pain Split\n|move|p1a: Tyranitar|Stone Edge|p2a: Dimmadome\n|-damage|p2a: Dimmadome|24\/100\n|\n|-weather|Sandstorm|[upkeep]\n|-damage|p2a: Dimmadome|18\/100|[from] Sandstorm\n|-heal|p1a: Tyranitar|44\/100|[from] Grassy Terrain\n|-fieldend|move: Grassy Terrain\n|upkeep\n|turn|15\n|\n|t:|1664402406\n|switch|p2a: LandOUrus-T|Landorus-Therian, M|42\/100\n|-ability|p2a: LandOUrus-T|Intimidate|boost\n|-unboost|p1a: Tyranitar|atk|1\n|move|p1a: Tyranitar|Stone Edge|p2a: LandOUrus-T\n|-damage|p2a: LandOUrus-T|22\/100\n|\n|-weather|none\n|-heal|p2a: LandOUrus-T|28\/100|[from] item: Leftovers\n|upkeep\n|turn|16\n|\n|t:|1664402411\n|move|p2a: LandOUrus-T|U-turn|p1a: Tyranitar\n|-supereffective|p1a: Tyranitar\n|-damage|p1a: Tyranitar|12\/100\n|\n|t:|1664402418\n|switch|p2a: Pr\u00e9dast\u00e9rie|Toxapex, F|100\/100|[from]move: U-turn\n|move|p1a: Tyranitar|Crunch|p2a: Pr\u00e9dast\u00e9rie\n|-damage|p2a: Pr\u00e9dast\u00e9rie|83\/100\n|\n|upkeep\n|turn|17\n|\n|t:|1664402428\n|move|p1a: Tyranitar|Stone Edge|p2a: Pr\u00e9dast\u00e9rie\n|-crit|p2a: Pr\u00e9dast\u00e9rie\n|-damage|p2a: Pr\u00e9dast\u00e9rie|17\/100\n|move|p2a: Pr\u00e9dast\u00e9rie|Liquidation|p1a: Tyranitar\n|-supereffective|p1a: Tyranitar\n|-damage|p1a: Tyranitar|0 fnt\n|faint|p1a: Tyranitar\n|\n|upkeep\n|\n|t:|1664402432\n|switch|p1a: Rillaboom|Rillaboom, M|39\/100\n|-damage|p1a: Rillaboom|27\/100|[from] Stealth Rock\n|-fieldstart|move: Grassy Terrain|[from] ability: Grassy Surge|[of] p1a: Rillaboom\n|turn|18\n|\n|t:|1664402439\n|switch|p2a: LandOUrus-T|Landorus-Therian, M|28\/100\n|-ability|p2a: LandOUrus-T|Intimidate|boost\n|-unboost|p1a: Rillaboom|atk|1\n|move|p1a: Rillaboom|U-turn|p2a: LandOUrus-T\n|-resisted|p2a: LandOUrus-T\n|-damage|p2a: LandOUrus-T|19\/100\n|\n|t:|1664402443\n|switch|p1a: Tapu Lele|Tapu Lele, shiny|100\/100|[from]move: U-turn\n|-damage|p1a: Tapu Lele|88\/100|[from] Stealth Rock\n|-fieldstart|move: Psychic Terrain|[from] ability: Psychic Surge|[of] p1a: Tapu Lele\n|\n|-heal|p2a: LandOUrus-T|25\/100|[from] item: Leftovers\n|upkeep\n|turn|19\n|\n|t:|1664402446\n|switch|p2a: ur slow|Slowbro, F|100\/100\n|move|p1a: Tapu Lele|Psychic|p2a: ur slow\n|-resisted|p2a: ur slow\n|-damage|p2a: ur slow|80\/100\n|\n|upkeep\n|turn|20\n|\n|t:|1664402450\n|switch|p1a: Volcanion|Volcanion|100\/100\n|-damage|p1a: Volcanion|76\/100|[from] Stealth Rock\n|move|p2a: ur slow|Teleport|p2a: ur slow\n|\n|t:|1664402470\n|switch|p2a: LandOUrus-T|Landorus-Therian, M|25\/100|[from]move: Teleport\n|-ability|p2a: LandOUrus-T|Intimidate|boost\n|-unboost|p1a: Volcanion|atk|1\n|\n|-heal|p2a: LandOUrus-T|31\/100|[from] item: Leftovers\n|upkeep\n|turn|21\n|\n|t:|1664402475\n|move|p1a: Volcanion|Steam Eruption|p2a: LandOUrus-T\n|-supereffective|p2a: LandOUrus-T\n|-damage|p2a: LandOUrus-T|0 fnt\n|faint|p2a: LandOUrus-T\n|\n|upkeep\n|\n|t:|1664402481\n|switch|p2a: ur slow|Slowbro, F|100\/100\n|turn|22\n|\n|t:|1664402509\n|move|p1a: Volcanion|Steam Eruption|p2a: ur slow\n|-resisted|p2a: ur slow\n|-damage|p2a: ur slow|72\/100\n|move|p2a: ur slow|Future Sight|p1a: Volcanion\n|-start|p2a: ur slow|move: Future Sight\n|\n|-fieldend|move: Psychic Terrain\n|upkeep\n|turn|23\n|\n|t:|1664402513\n|move|p1a: Volcanion|Steam Eruption|p2a: ur slow\n|-resisted|p2a: ur slow\n|-damage|p2a: ur slow|39\/100\n|-status|p2a: ur slow|brn\n|move|p2a: ur slow|Teleport|p2a: ur slow\n|\n|t:|1664402516\n|switch|p2a: Dreepy Airlines|Dragapult, F|100\/100|[from]move: Teleport\n|\n|upkeep\n|turn|24\n|\n|t:|1664402519\n|move|p2a: Dreepy Airlines|U-turn|p1a: Volcanion\n|-resisted|p1a: Volcanion\n|-damage|p1a: Volcanion|67\/100\n|\n|t:|1664402521\n|switch|p2a: ur slow|Slowbro, F|72\/100 brn|[from]move: U-turn\n|move|p1a: Volcanion|Steam Eruption|p2a: ur slow\n|-resisted|p2a: ur slow\n|-damage|p2a: ur slow|44\/100 brn\n|\n|-end|p1a: Volcanion|move: Future Sight\n|-damage|p1a: Volcanion|15\/100\n|-damage|p2a: ur slow|38\/100 brn|[from] brn\n|upkeep\n|turn|25\n|\n|t:|1664402523\n|move|p1a: Volcanion|Steam Eruption|p2a: ur slow\n|-resisted|p2a: ur slow\n|-damage|p2a: ur slow|9\/100 brn\n|move|p2a: ur slow|Slack Off|p2a: ur slow\n|-heal|p2a: ur slow|59\/100 brn\n|\n|-damage|p2a: ur slow|53\/100 brn|[from] brn\n|upkeep\n|turn|26\n|\n|t:|1664402526\n|move|p1a: Volcanion|Steam Eruption|p2a: ur slow\n|-resisted|p2a: ur slow\n|-damage|p2a: ur slow|24\/100 brn\n|move|p2a: ur slow|Slack Off|p2a: ur slow\n|-heal|p2a: ur slow|74\/100 brn\n|\n|-damage|p2a: ur slow|68\/100 brn|[from] brn\n|upkeep\n|turn|27\n|\n|t:|1664402531\n|move|p1a: Volcanion|Steam Eruption|p2a: ur slow\n|-resisted|p2a: ur slow\n|-damage|p2a: ur slow|35\/100 brn\n|move|p2a: ur slow|Slack Off|p2a: ur slow\n|-heal|p2a: ur slow|85\/100 brn\n|\n|-damage|p2a: ur slow|79\/100 brn|[from] brn\n|upkeep\n|turn|28\n|\n|t:|1664402534\n|move|p1a: Volcanion|Steam Eruption|p2a: ur slow\n|-resisted|p2a: ur slow\n|-damage|p2a: ur slow|47\/100 brn\n|move|p2a: ur slow|Slack Off|p2a: ur slow\n|-heal|p2a: ur slow|97\/100 brn\n|\n|-damage|p2a: ur slow|91\/100 brn|[from] brn\n|upkeep\n|turn|29\n|\n|t:|1664402536\n|-activate|p1a: Volcanion|move: Struggle\n|move|p1a: Volcanion|Struggle|p2a: ur slow\n|-crit|p2a: ur slow\n|-damage|p2a: ur slow|79\/100 brn\n|-damage|p1a: Volcanion|0 fnt|[from] recoil\n|faint|p1a: Volcanion\n|move|p2a: ur slow|Teleport|p2a: ur slow\n|\n|t:|1664402540\n|switch|p2a: Dreepy Airlines|Dragapult, F|100\/100|[from]move: Teleport\n|\n|upkeep\n|\n|t:|1664402543\n|switch|p1a: Tapu Lele|Tapu Lele, shiny|88\/100\n|-damage|p1a: Tapu Lele|76\/100|[from] Stealth Rock\n|-fieldstart|move: Psychic Terrain|[from] ability: Psychic Surge|[of] p1a: Tapu Lele\n|turn|30\n|\n|t:|1664402546\n|switch|p2a: ur slow|Slowbro, F|100\/100 brn\n|move|p1a: Tapu Lele|Moonblast|p2a: ur slow\n|-damage|p2a: ur slow|66\/100 brn\n|\n|-damage|p2a: ur slow|60\/100 brn|[from] brn\n|upkeep\n|turn|31\n|\n|t:|1664402550\n|switch|p2a: Pr\u00e9dast\u00e9rie|Toxapex, F|51\/100\n|move|p1a: Tapu Lele|Moonblast|p2a: Pr\u00e9dast\u00e9rie\n|-resisted|p2a: Pr\u00e9dast\u00e9rie\n|-damage|p2a: Pr\u00e9dast\u00e9rie|28\/100\n|-unboost|p2a: Pr\u00e9dast\u00e9rie|spa|1\n|\n|upkeep\n|turn|32\n|\n|t:|1664402556\n|switch|p1a: Rillaboom|Rillaboom, M|27\/100\n|-damage|p1a: Rillaboom|15\/100|[from] Stealth Rock\n|-fieldstart|move: Grassy Terrain|[from] ability: Grassy Surge|[of] p1a: Rillaboom\n|move|p2a: Pr\u00e9dast\u00e9rie|Knock Off|p1a: Rillaboom\n|-damage|p1a: Rillaboom|0 fnt\n|-enditem|p1a: Rillaboom|Choice Band|[from] move: Knock Off|[of] p2a: Pr\u00e9dast\u00e9rie\n|faint|p1a: Rillaboom\n|\n|-heal|p2a: Pr\u00e9dast\u00e9rie|34\/100|[from] Grassy Terrain\n|upkeep\n|\n|t:|1664402562\n|switch|p1a: Tapu Lele|Tapu Lele, shiny|76\/100\n|-damage|p1a: Tapu Lele|63\/100|[from] Stealth Rock\n|-fieldstart|move: Psychic Terrain|[from] ability: Psychic Surge|[of] p1a: Tapu Lele\n|turn|33\n|\n|t:|1664402566\n|move|p1a: Tapu Lele|Moonblast|p2a: Pr\u00e9dast\u00e9rie\n|-resisted|p2a: Pr\u00e9dast\u00e9rie\n|-damage|p2a: Pr\u00e9dast\u00e9rie|12\/100\n|-unboost|p2a: Pr\u00e9dast\u00e9rie|spa|1\n|move|p2a: Pr\u00e9dast\u00e9rie|Knock Off|p1a: Tapu Lele\n|-damage|p1a: Tapu Lele|9\/100\n|-enditem|p1a: Tapu Lele|Choice Scarf|[from] move: Knock Off|[of] p2a: Pr\u00e9dast\u00e9rie\n|\n|upkeep\n|turn|34\n|\n|t:|1664402570\n|move|p1a: Tapu Lele|Moonblast|p2a: Pr\u00e9dast\u00e9rie\n|-resisted|p2a: Pr\u00e9dast\u00e9rie\n|-damage|p2a: Pr\u00e9dast\u00e9rie|0 fnt\n|faint|p2a: Pr\u00e9dast\u00e9rie\n|\n|upkeep\n|\n|t:|1664402581\n|switch|p2a: ur slow|Slowbro, F|93\/100 brn\n|turn|35\n|\n|t:|1664402585\n|move|p1a: Tapu Lele|Moonblast|p2a: ur slow\n|-damage|p2a: ur slow|54\/100 brn\n|move|p2a: ur slow|Future Sight|p1a: Tapu Lele\n|-start|p2a: ur slow|move: Future Sight\n|\n|-damage|p2a: ur slow|48\/100 brn|[from] brn\n|upkeep\n|turn|36\n|\n|t:|1664402591\n|move|p1a: Tapu Lele|Moonblast|p2a: ur slow\n|-damage|p2a: ur slow|13\/100 brn\n|move|p2a: ur slow|Scald|p1a: Tapu Lele\n|-damage|p1a: Tapu Lele|0 fnt\n|faint|p1a: Tapu Lele\n|\n|-damage|p2a: ur slow|7\/100 brn|[from] brn\n|upkeep\n|\n|t:|1664402594\n|switch|p1a: Garchomp|Garchomp, F|100\/100\n|-damage|p1a: Garchomp|94\/100|[from] Stealth Rock\n|turn|37\n|\n|t:|1664402599\n|switch|p2a: Dimmadome|Weezing-Galar, F|18\/100\n|move|p1a: Garchomp|Stone Edge|p2a: Dimmadome|[miss]\n|-miss|p1a: Garchomp|p2a: Dimmadome\n|\n|-end|p1a: Garchomp|move: Future Sight\n|-damage|p1a: Garchomp|32\/100\n|-fieldend|move: Psychic Terrain\n|upkeep\n|turn|38\n|\n|t:|1664402602\n|move|p1a: Garchomp|Stone Edge|p2a: Dimmadome\n|-damage|p2a: Dimmadome|0 fnt\n|faint|p2a: Dimmadome\n|\n|upkeep\n|\n|t:|1664402629\n|switch|p2a: Dreepy Airlines|Dragapult, F|100\/100\n|turn|39\n|\n|t:|1664402637\n|move|p1a: Garchomp|Stone Edge|p2a: Dreepy Airlines\n|-damage|p2a: Dreepy Airlines|52\/100\n|move|p2a: Dreepy Airlines|Hex|p1a: Garchomp\n|-damage|p1a: Garchomp|0 fnt\n|faint|p1a: Garchomp\n|\n|win|Down$hift\n|raw|shas2349's rating: 1563 &rarr; <strong>1544<\/strong><br \/>(-19 for losing)\n|raw|Down$hift's rating: 1583 &rarr; <strong>1602<\/strong><br \/>(+19 for winning)\n|l|\u2606shas2349\n|c|\u2606Down$hift|gg\n||Ladder isn't responding, score probably updated but might not have (Request timeout).\n","uploadtime":1664403018,"views":32,"p1id":"shas2349","p2id":"downhift","formatid":"gen8ou","rating":1544,"private":0,"password":null}