{"id":"gen8ou-1649190761","p1":"wish kisser","p2":"LT94JEwangyu","format":"gen8ou","log":"|raw|<div class=\"broadcast-blue\"><strong>This battle is required to be public due to a player having a name starting with 'lt94je'.<\/div>\n|j|\u2606wish kisser\n|j|\u203dLT94JEwangyu\n|t:|1661562877\n|gametype|singles\n|player|p1|wish kisser|ethan|1911\n|player|p2|LT94JEwangyu|skierf|1815\n|teamsize|p1|6\n|teamsize|p2|6\n|gen|8\n|tier|[Gen 8] OU\n|rated|\n|rule|Sleep Clause Mod: Limit one foe put to sleep\n|rule|Species Clause: Limit one of each Pok\u00e9mon\n|rule|OHKO Clause: OHKO moves are banned\n|rule|Evasion Items Clause: Evasion items are banned\n|rule|Evasion Moves Clause: Evasion moves are banned\n|rule|Endless Battle Clause: Forcing endless battles is banned\n|rule|HP Percentage Mod: HP is shown in percentages\n|rule|Dynamax Clause: You cannot dynamax\n|clearpoke\n|poke|p1|Volcarona, M|\n|poke|p1|Heatran, M|\n|poke|p1|Kartana|\n|poke|p1|Rillaboom, M|\n|poke|p1|Zapdos|\n|poke|p1|Zeraora|\n|poke|p2|Corviknight, F|\n|poke|p2|Jirachi|\n|poke|p2|Blissey, F|\n|poke|p2|Toxapex, F|\n|poke|p2|Quagsire, M|\n|poke|p2|Zapdos|\n|teampreview\n|inactive|Battle timer is ON: inactive players will automatically lose when time's up. (requested by LT94JEwangyu)\n|c|\u2606wish kisser|hf\n|\n|t:|1661562886\n|start\n|switch|p1a: Chaos|Heatran, M, shiny|100\/100\n|switch|p2a: Toxapex|Toxapex, F|100\/100\n|turn|1\n|j| Santiago Bernabeu\n|\n|t:|1661562900\n|move|p1a: Chaos|Stealth Rock|p2a: Toxapex\n|-sidestart|p2: LT94JEwangyu|move: Stealth Rock\n|move|p2a: Toxapex|Knock Off|p1a: Chaos\n|-damage|p1a: Chaos|91\/100\n|-status|p2a: Toxapex|brn|[from] ability: Flame Body|[of] p1a: Chaos\n|-enditem|p1a: Chaos|Leftovers|[from] move: Knock Off|[of] p2a: Toxapex\n|\n|-damage|p2a: Toxapex|94\/100 brn|[from] brn\n|upkeep\n|turn|2\n|\n|t:|1661562905\n|switch|p1a: Byakko|Zapdos, shiny|100\/100\n|move|p2a: Toxapex|Scald|p1a: Byakko\n|-damage|p1a: Byakko|81\/100\n|\n|-damage|p2a: Toxapex|88\/100 brn|[from] brn\n|upkeep\n|turn|3\n|\n|t:|1661562914\n|move|p1a: Byakko|Volt Switch|p2a: Toxapex\n|-supereffective|p2a: Toxapex\n|-damage|p2a: Toxapex|31\/100 brn\n|\n|t:|1661562916\n|switch|p1a: Chaos|Heatran, M, shiny|91\/100|[from]move: Volt Switch\n|move|p2a: Toxapex|Scald|p1a: Chaos\n|-supereffective|p1a: Chaos\n|-damage|p1a: Chaos|64\/100\n|\n|-damage|p2a: Toxapex|25\/100 brn|[from] brn\n|upkeep\n|turn|4\n|\n|t:|1661562920\n|switch|p1a: Byakko|Zapdos, shiny|81\/100\n|switch|p2a: Blissey|Blissey, F|100\/100\n|-damage|p2a: Blissey|88\/100|[from] Stealth Rock\n|\n|-heal|p2a: Blissey|94\/100|[from] item: Leftovers\n|upkeep\n|turn|5\n|\n|t:|1661562922\n|move|p1a: Byakko|Volt Switch|p2a: Blissey\n|-damage|p2a: Blissey|82\/100\n|\n|t:|1661562924\n|switch|p1a: Deathstroke|Kartana, shiny|100\/100|[from]move: Volt Switch\n|move|p2a: Blissey|Stealth Rock|p1a: Deathstroke\n|-sidestart|p1: wish kisser|move: Stealth Rock\n|\n|-heal|p2a: Blissey|88\/100|[from] item: Leftovers\n|upkeep\n|turn|6\n|j| pu mainer lol\n|\n|t:|1661562928\n|switch|p2a: Corviknight|Corviknight, F|100\/100\n|-damage|p2a: Corviknight|88\/100|[from] Stealth Rock\n|-ability|p2a: Corviknight|Pressure\n|move|p1a: Deathstroke|Knock Off|p2a: Corviknight\n|-damage|p2a: Corviknight|64\/100\n|-enditem|p2a: Corviknight|Shed Shell|[from] move: Knock Off|[of] p1a: Deathstroke\n|\n|upkeep\n|turn|7\n|\n|t:|1661562932\n|switch|p1a: Byakko|Zapdos, shiny|81\/100\n|move|p2a: Corviknight|Roost|p2a: Corviknight\n|-heal|p2a: Corviknight|100\/100\n|-singleturn|p2a: Corviknight|move: Roost\n|\n|upkeep\n|turn|8\n|\n|t:|1661562936\n|switch|p2a: Blissey|Blissey, F|88\/100\n|-damage|p2a: Blissey|76\/100|[from] Stealth Rock\n|move|p1a: Byakko|Volt Switch|p2a: Blissey\n|-damage|p2a: Blissey|63\/100\n|j| whoghohou\n|\n|t:|1661562941\n|switch|p1a: Deathstroke|Kartana, shiny|100\/100|[from]move: Volt Switch\n|-damage|p1a: Deathstroke|94\/100|[from] Stealth Rock\n|\n|-heal|p2a: Blissey|69\/100|[from] item: Leftovers\n|upkeep\n|turn|9\n|l| whoghohou\n|\n|t:|1661562945\n|switch|p1a: Byakko|Zapdos, shiny|81\/100\n|switch|p2a: Corviknight|Corviknight, F|100\/100\n|-damage|p2a: Corviknight|88\/100|[from] Stealth Rock\n|-ability|p2a: Corviknight|Pressure\n|\n|upkeep\n|turn|10\n|j| sgvh\n|\n|t:|1661562948\n|switch|p2a: Quagsire|Quagsire, M|100\/100\n|-damage|p2a: Quagsire|94\/100|[from] Stealth Rock\n|move|p1a: Byakko|Volt Switch|p2a: Quagsire\n|-immune|p2a: Quagsire\n|\n|-heal|p2a: Quagsire|100\/100|[from] item: Leftovers\n|upkeep\n|turn|11\n|j| LT94JE Tace\n|\n|t:|1661562951\n|switch|p2a: Blissey|Blissey, F|69\/100\n|-damage|p2a: Blissey|57\/100|[from] Stealth Rock\n|move|p1a: Byakko|Hurricane|p2a: Blissey|[miss]\n|-miss|p1a: Byakko|p2a: Blissey\n|\n|-heal|p2a: Blissey|63\/100|[from] item: Leftovers\n|upkeep\n|turn|12\n|\n|t:|1661562955\n|move|p1a: Byakko|Volt Switch|p2a: Blissey\n|-damage|p2a: Blissey|50\/100\n|\n|t:|1661562958\n|switch|p1a: Deathstroke|Kartana, shiny|94\/100|[from]move: Volt Switch\n|-damage|p1a: Deathstroke|88\/100|[from] Stealth Rock\n|move|p2a: Blissey|Soft-Boiled|p2a: Blissey\n|-heal|p2a: Blissey|99\/100\n|\n|-heal|p2a: Blissey|100\/100|[from] item: Leftovers\n|upkeep\n|turn|13\n|j| Insult\n|\n|t:|1661562962\n|switch|p1a: Byakko|Zapdos, shiny|81\/100\n|switch|p2a: Corviknight|Corviknight, F|88\/100\n|-damage|p2a: Corviknight|75\/100|[from] Stealth Rock\n|-ability|p2a: Corviknight|Pressure\n|\n|upkeep\n|turn|14\n|\n|t:|1661562966\n|switch|p2a: Quagsire|Quagsire, M|100\/100\n|-damage|p2a: Quagsire|94\/100|[from] Stealth Rock\n|move|p1a: Byakko|Volt Switch|p2a: Quagsire\n|-immune|p2a: Quagsire\n|\n|-heal|p2a: Quagsire|100\/100|[from] item: Leftovers\n|upkeep\n|turn|15\n|\n|t:|1661562970\n|move|p1a: Byakko|Hurricane|p2a: Quagsire|[miss]\n|-miss|p1a: Byakko|p2a: Quagsire\n|move|p2a: Quagsire|Toxic|p1a: Byakko\n|-status|p1a: Byakko|tox\n|\n|-damage|p1a: Byakko|75\/100 tox|[from] psn\n|upkeep\n|turn|16\n|\n|t:|1661562972\n|switch|p2a: Blissey|Blissey, F|100\/100\n|-damage|p2a: Blissey|88\/100|[from] Stealth Rock\n|move|p1a: Byakko|Volt Switch|p2a: Blissey\n|-damage|p2a: Blissey|74\/100\n|\n|t:|1661562974\n|switch|p1a: Deathstroke|Kartana, shiny|88\/100|[from]move: Volt Switch\n|-damage|p1a: Deathstroke|82\/100|[from] Stealth Rock\n|\n|-heal|p2a: Blissey|81\/100|[from] item: Leftovers\n|upkeep\n|turn|17\n|\n|t:|1661562979\n|switch|p1a: Byakko|Zapdos, shiny|75\/100 tox\n|switch|p2a: Corviknight|Corviknight, F|75\/100\n|-damage|p2a: Corviknight|63\/100|[from] Stealth Rock\n|-ability|p2a: Corviknight|Pressure\n|\n|-damage|p1a: Byakko|69\/100 tox|[from] psn\n|upkeep\n|turn|18\n|j| whoghohou\n|\n|t:|1661562981\n|switch|p2a: Jirachi|Jirachi|100\/100\n|-damage|p2a: Jirachi|94\/100|[from] Stealth Rock\n|move|p1a: Byakko|Thunderbolt|p2a: Jirachi\n|-damage|p2a: Jirachi|66\/100\n|\n|-heal|p2a: Jirachi|72\/100|[from] item: Leftovers\n|-damage|p1a: Byakko|57\/100 tox|[from] psn\n|upkeep\n|turn|19\n|l| whoghohou\n|\n|t:|1661562985\n|switch|p1a: Amaterasu|Volcarona, M, shiny|100\/100\n|move|p2a: Jirachi|Wish|p2a: Jirachi\n|\n|-heal|p2a: Jirachi|78\/100|[from] item: Leftovers\n|upkeep\n|turn|20\n|\n|t:|1661562997\n|switch|p2a: Zapdos|Zapdos|100\/100\n|-ability|p2a: Zapdos|Pressure\n|move|p1a: Amaterasu|Flamethrower|p2a: Zapdos\n|-damage|p2a: Zapdos|49\/100\n|\n|-heal|p2a: Zapdos|100\/100|[from] move: Wish|[wisher] Jirachi\n|upkeep\n|turn|21\n|\n|t:|1661563005\n|switch|p1a: Zephyr|Zeraora, shiny|100\/100\n|move|p2a: Zapdos|Toxic|p1a: Zephyr\n|-status|p1a: Zephyr|tox\n|\n|-damage|p1a: Zephyr|95\/100 tox|[from] psn\n|upkeep\n|turn|22\n|\n|t:|1661563009\n|switch|p2a: Quagsire|Quagsire, M|100\/100\n|-damage|p2a: Quagsire|94\/100|[from] Stealth Rock\n|move|p1a: Zephyr|Toxic|p2a: Quagsire\n|-status|p2a: Quagsire|tox\n|\n|-heal|p2a: Quagsire|100\/100 tox|[from] item: Leftovers\n|-damage|p1a: Zephyr|83\/100 tox|[from] psn\n|-damage|p2a: Quagsire|94\/100 tox|[from] psn\n|upkeep\n|turn|23\n|\n|t:|1661563013\n|switch|p2a: Blissey|Blissey, F|81\/100\n|-damage|p2a: Blissey|68\/100|[from] Stealth Rock\n|move|p1a: Zephyr|Knock Off|p2a: Blissey\n|-damage|p2a: Blissey|41\/100\n|-enditem|p2a: Blissey|Leftovers|[from] move: Knock Off|[of] p1a: Zephyr\n|\n|-damage|p1a: Zephyr|65\/100 tox|[from] psn\n|upkeep\n|turn|24\n|l| LT94JE Tace\n|\n|t:|1661563019\n|switch|p1a: Kong|Rillaboom, M, shiny|100\/100\n|-damage|p1a: Kong|88\/100|[from] Stealth Rock\n|-fieldstart|move: Grassy Terrain|[from] ability: Grassy Surge|[of] p1a: Kong\n|switch|p2a: Quagsire|Quagsire, M|94\/100 tox\n|-damage|p2a: Quagsire|88\/100 tox|[from] Stealth Rock\n|\n|-heal|p1a: Kong|94\/100|[from] Grassy Terrain\n|-heal|p1a: Kong|100\/100|[from] item: Leftovers\n|-heal|p2a: Quagsire|94\/100 tox|[from] Grassy Terrain\n|-heal|p2a: Quagsire|100\/100 tox|[from] item: Leftovers\n|-damage|p2a: Quagsire|94\/100 tox|[from] psn\n|upkeep\n|turn|25\n|\n|t:|1661563023\n|switch|p2a: Zapdos|Zapdos|100\/100\n|-ability|p2a: Zapdos|Pressure\n|move|p1a: Kong|Swords Dance|p1a: Kong\n|-boost|p1a: Kong|atk|2\n|\n|upkeep\n|turn|26\n|\n|t:|1661563026\n|switch|p1a: Chaos|Heatran, M, shiny|64\/100\n|-damage|p1a: Chaos|52\/100|[from] Stealth Rock\n|move|p2a: Zapdos|Discharge|p1a: Chaos\n|-damage|p1a: Chaos|25\/100\n|\n|-heal|p1a: Chaos|31\/100|[from] Grassy Terrain\n|upkeep\n|turn|27\n|\n|t:|1661563034\n|switch|p1a: Zephyr|Zeraora, shiny|65\/100 tox\n|move|p2a: Zapdos|Discharge|p1a: Zephyr\n|-heal|p1a: Zephyr|89\/100 tox|[from] ability: Volt Absorb|[of] p2a: Zapdos\n|\n|-heal|p1a: Zephyr|95\/100 tox|[from] Grassy Terrain\n|-damage|p1a: Zephyr|89\/100 tox|[from] psn\n|upkeep\n|turn|28\n|j| LT94JE Origami\u2655\n|\n|t:|1661563038\n|switch|p1a: Kong|Rillaboom, M, shiny|100\/100\n|-damage|p1a: Kong|88\/100|[from] Stealth Rock\n|switch|p2a: Toxapex|Toxapex, F|58\/100 brn\n|-damage|p2a: Toxapex|45\/100 brn|[from] Stealth Rock\n|\n|-heal|p1a: Kong|94\/100|[from] Grassy Terrain\n|-heal|p1a: Kong|100\/100|[from] item: Leftovers\n|-heal|p2a: Toxapex|51\/100 brn|[from] Grassy Terrain\n|-damage|p2a: Toxapex|45\/100 brn|[from] brn\n|-fieldend|move: Grassy Terrain\n|upkeep\n|turn|29\n|\n|t:|1661563042\n|switch|p2a: Corviknight|Corviknight, F|63\/100\n|-damage|p2a: Corviknight|50\/100|[from] Stealth Rock\n|-ability|p2a: Corviknight|Pressure\n|move|p1a: Kong|Swords Dance|p1a: Kong\n|-boost|p1a: Kong|atk|2\n|\n|upkeep\n|turn|30\n|\n|t:|1661563046\n|move|p1a: Kong|Swords Dance|p1a: Kong\n|-boost|p1a: Kong|atk|2\n|move|p2a: Corviknight|Roost|p2a: Corviknight\n|-heal|p2a: Corviknight|100\/100\n|-singleturn|p2a: Corviknight|move: Roost\n|\n|upkeep\n|turn|31\n|\n|t:|1661563048\n|move|p1a: Kong|Superpower|p2a: Corviknight\n|-damage|p2a: Corviknight|17\/100\n|-unboost|p1a: Kong|atk|1\n|-unboost|p1a: Kong|def|1\n|move|p2a: Corviknight|Brave Bird|p1a: Kong\n|-supereffective|p1a: Kong\n|-damage|p1a: Kong|0 fnt\n|faint|p1a: Kong\n|-damage|p2a: Corviknight|0 fnt|[from] Recoil\n|faint|p2a: Corviknight\n|\n|upkeep\n|\n|t:|1661563062\n|switch|p1a: Amaterasu|Volcarona, M, shiny|100\/100\n|switch|p2a: Zapdos|Zapdos|100\/100\n|-ability|p2a: Zapdos|Pressure\n|turn|32\n|\n|t:|1661563066\n|move|p1a: Amaterasu|Quiver Dance|p1a: Amaterasu\n|-boost|p1a: Amaterasu|spa|1\n|-boost|p1a: Amaterasu|spd|1\n|-boost|p1a: Amaterasu|spe|1\n|move|p2a: Zapdos|Toxic|p1a: Amaterasu\n|-status|p1a: Amaterasu|tox\n|\n|-damage|p1a: Amaterasu|94\/100 tox|[from] psn\n|upkeep\n|turn|33\n|\n|t:|1661563071\n|switch|p2a: Toxapex|Toxapex, F|78\/100 brn\n|-damage|p2a: Toxapex|66\/100 brn|[from] Stealth Rock\n|move|p1a: Amaterasu|Flamethrower|p2a: Toxapex\n|-resisted|p2a: Toxapex\n|-damage|p2a: Toxapex|33\/100 brn\n|\n|-damage|p1a: Amaterasu|82\/100 tox|[from] psn\n|-damage|p2a: Toxapex|26\/100 brn|[from] brn\n|upkeep\n|turn|34\n|\n|t:|1661563081\n|switch|p2a: Quagsire|Quagsire, M|94\/100 tox\n|-damage|p2a: Quagsire|88\/100 tox|[from] Stealth Rock\n|move|p1a: Amaterasu|Quiver Dance|p1a: Amaterasu\n|-boost|p1a: Amaterasu|spa|1\n|-boost|p1a: Amaterasu|spd|1\n|-boost|p1a: Amaterasu|spe|1\n|\n|-heal|p2a: Quagsire|94\/100 tox|[from] item: Leftovers\n|-damage|p1a: Amaterasu|64\/100 tox|[from] psn\n|-damage|p2a: Quagsire|88\/100 tox|[from] psn\n|upkeep\n|turn|35\n|j| leona misa\n|\n|t:|1661563085\n|move|p1a: Amaterasu|Bug Buzz|p2a: Quagsire\n|-damage|p2a: Quagsire|23\/100 tox\n|move|p2a: Quagsire|Recover|p2a: Quagsire\n|-heal|p2a: Quagsire|73\/100 tox\n|\n|-heal|p2a: Quagsire|79\/100 tox|[from] item: Leftovers\n|-damage|p1a: Amaterasu|39\/100 tox|[from] psn\n|-damage|p2a: Quagsire|67\/100 tox|[from] psn\n|upkeep\n|turn|36\n|\n|t:|1661563094\n|switch|p2a: Blissey|Blissey, F|41\/100\n|-damage|p2a: Blissey|28\/100|[from] Stealth Rock\n|move|p1a: Amaterasu|Bug Buzz|p2a: Blissey\n|-damage|p2a: Blissey|0 fnt\n|faint|p2a: Blissey\n|\n|-damage|p1a: Amaterasu|9\/100 tox|[from] psn\n|upkeep\n|\n|t:|1661563096\n|switch|p2a: Jirachi|Jirachi|78\/100\n|-damage|p2a: Jirachi|72\/100|[from] Stealth Rock\n|turn|37\n|\n|t:|1661563099\n|switch|p1a: Chaos|Heatran, M, shiny|31\/100\n|-damage|p1a: Chaos|19\/100|[from] Stealth Rock\n|move|p2a: Jirachi|Protect||[still]\n|-fail|p2a: Jirachi\n|\n|-heal|p2a: Jirachi|78\/100|[from] item: Leftovers\n|upkeep\n|turn|38\n|\n|t:|1661563106\n|move|p2a: Jirachi|Protect|p2a: Jirachi\n|-singleturn|p2a: Jirachi|Protect\n|move|p1a: Chaos|Lava Plume|p2a: Jirachi\n|-activate|p2a: Jirachi|move: Protect\n|\n|-heal|p2a: Jirachi|84\/100|[from] item: Leftovers\n|upkeep\n|turn|39\n|\n|t:|1661563119\n|switch|p2a: Toxapex|Toxapex, F|60\/100 brn\n|-damage|p2a: Toxapex|47\/100 brn|[from] Stealth Rock\n|move|p1a: Chaos|Lava Plume|p2a: Toxapex\n|-resisted|p2a: Toxapex\n|-damage|p2a: Toxapex|33\/100 brn\n|\n|-damage|p2a: Toxapex|26\/100 brn|[from] brn\n|upkeep\n|turn|40\n|\n|t:|1661563123\n|switch|p1a: Byakko|Zapdos, shiny|57\/100 tox\n|switch|p2a: Zapdos|Zapdos|100\/100\n|-ability|p2a: Zapdos|Pressure\n|\n|-damage|p1a: Byakko|50\/100 tox|[from] psn\n|upkeep\n|turn|41\n|\n|t:|1661563127\n|move|p1a: Byakko|Roost|p1a: Byakko\n|-heal|p1a: Byakko|100\/100 tox\n|-singleturn|p1a: Byakko|move: Roost\n|move|p2a: Zapdos|Roost||[still]\n|-fail|p2a: Zapdos|heal\n|\n|-damage|p1a: Byakko|88\/100 tox|[from] psn\n|upkeep\n|turn|42\n|j| LT94JE Tace\n|\n|t:|1661563150\n|move|p1a: Byakko|Hurricane|p2a: Zapdos\n|-resisted|p2a: Zapdos\n|-damage|p2a: Zapdos|74\/100\n|move|p2a: Zapdos|Roost|p2a: Zapdos\n|-heal|p2a: Zapdos|100\/100\n|-singleturn|p2a: Zapdos|move: Roost\n|\n|-damage|p1a: Byakko|69\/100 tox|[from] psn\n|upkeep\n|turn|43\n|\n|t:|1661563154\n|move|p1a: Byakko|Volt Switch|p2a: Zapdos\n|-damage|p2a: Zapdos|63\/100\n|\n|t:|1661563156\n|switch|p1a: Zephyr|Zeraora, shiny|89\/100 tox|[from]move: Volt Switch\n|move|p2a: Zapdos|Discharge|p1a: Zephyr\n|-heal|p1a: Zephyr|100\/100 tox|[from] ability: Volt Absorb|[of] p2a: Zapdos\n|\n|-damage|p1a: Zephyr|95\/100 tox|[from] psn\n|upkeep\n|turn|44\n|j| Raikou solar\n|\n|t:|1661563163\n|switch|p2a: Quagsire|Quagsire, M|67\/100 tox\n|-damage|p2a: Quagsire|61\/100 tox|[from] Stealth Rock\n|move|p1a: Zephyr|Knock Off|p2a: Quagsire\n|-damage|p2a: Quagsire|40\/100 tox\n|-enditem|p2a: Quagsire|Leftovers|[from] move: Knock Off|[of] p1a: Zephyr\n|\n|-damage|p1a: Zephyr|83\/100 tox|[from] psn\n|-damage|p2a: Quagsire|34\/100 tox|[from] psn\n|upkeep\n|turn|45\n|\n|t:|1661563168\n|switch|p1a: Deathstroke|Kartana, shiny|82\/100\n|-damage|p1a: Deathstroke|76\/100|[from] Stealth Rock\n|move|p2a: Quagsire|Recover|p2a: Quagsire\n|-heal|p2a: Quagsire|84\/100 tox\n|\n|-damage|p2a: Quagsire|72\/100 tox|[from] psn\n|upkeep\n|turn|46\n|\n|t:|1661563178\n|switch|p2a: Zapdos|Zapdos|63\/100\n|-ability|p2a: Zapdos|Pressure\n|move|p1a: Deathstroke|Leaf Blade|p2a: Zapdos\n|-resisted|p2a: Zapdos\n|-damage|p2a: Zapdos|41\/100\n|\n|upkeep\n|turn|47\n|\n|t:|1661563184\n|switch|p1a: Zephyr|Zeraora, shiny|83\/100 tox\n|move|p2a: Zapdos|Roost|p2a: Zapdos\n|-heal|p2a: Zapdos|92\/100\n|-singleturn|p2a: Zapdos|move: Roost\n|\n|-damage|p1a: Zephyr|77\/100 tox|[from] psn\n|upkeep\n|turn|48\n|c| Raikou solar|Go wish kisser smoked that goofy stall noob\n|\n|t:|1661563190\n|switch|p1a: Deathstroke|Kartana, shiny|76\/100\n|-damage|p1a: Deathstroke|70\/100|[from] Stealth Rock\n|move|p2a: Zapdos|Defog|p1a: Deathstroke\n|-unboost|p1a: Deathstroke|evasion|1\n|-sideend|p1: wish kisser|Stealth Rock|[from] move: Defog|[of] p2a: Zapdos\n|-sideend|p2: LT94JEwangyu|Stealth Rock|[from] move: Defog|[of] p2a: Zapdos\n|\n|upkeep\n|turn|49\n|l| LT94JE Origami\u2655\n|c|\u2606wish kisser|its a good stall\n|\n|t:|1661563202\n|switch|p2a: Toxapex|Toxapex, F|60\/100 brn\n|move|p1a: Deathstroke|Knock Off|p2a: Toxapex\n|-damage|p2a: Toxapex|33\/100 brn\n|-enditem|p2a: Toxapex|Shed Shell|[from] move: Knock Off|[of] p1a: Deathstroke\n|\n|-damage|p2a: Toxapex|26\/100 brn|[from] brn\n|upkeep\n|turn|50\n|\n|t:|1661563213\n|switch|p1a: Byakko|Zapdos, shiny|69\/100 tox\n|switch|p2a: Zapdos|Zapdos|92\/100\n|-ability|p2a: Zapdos|Pressure\n|\n|-damage|p1a: Byakko|63\/100 tox|[from] psn\n|upkeep\n|turn|51\n|\n|t:|1661563217\n|switch|p1a: Zephyr|Zeraora, shiny|77\/100 tox\n|move|p2a: Zapdos|Roost|p2a: Zapdos\n|-heal|p2a: Zapdos|100\/100\n|-singleturn|p2a: Zapdos|move: Roost\n|\n|-damage|p1a: Zephyr|71\/100 tox|[from] psn\n|upkeep\n|turn|52\n|\n|t:|1661563227\n|switch|p1a: Deathstroke|Kartana, shiny|70\/100\n|switch|p2a: Quagsire|Quagsire, M|72\/100 tox\n|\n|-damage|p2a: Quagsire|66\/100 tox|[from] psn\n|upkeep\n|turn|53\n|c| Raikou solar|Still a pu$$y\n|\n|t:|1661563232\n|switch|p2a: Zapdos|Zapdos|100\/100\n|-ability|p2a: Zapdos|Pressure\n|move|p1a: Deathstroke|Leaf Blade|p2a: Zapdos\n|-resisted|p2a: Zapdos\n|-damage|p2a: Zapdos|78\/100\n|\n|upkeep\n|turn|54\n|\n|t:|1661563235\n|switch|p1a: Byakko|Zapdos, shiny|63\/100 tox\n|move|p2a: Zapdos|Roost|p2a: Zapdos\n|-heal|p2a: Zapdos|100\/100\n|-singleturn|p2a: Zapdos|move: Roost\n|\n|-damage|p1a: Byakko|57\/100 tox|[from] psn\n|upkeep\n|turn|55\n|\n|t:|1661563238\n|move|p1a: Byakko|Roost|p1a: Byakko\n|-heal|p1a: Byakko|100\/100 tox\n|-singleturn|p1a: Byakko|move: Roost\n|move|p2a: Zapdos|Discharge|p1a: Byakko\n|-resisted|p1a: Byakko\n|-damage|p1a: Byakko|82\/100 tox\n|\n|-damage|p1a: Byakko|70\/100 tox|[from] psn\n|upkeep\n|turn|56\n|\n|t:|1661563245\n|move|p1a: Byakko|Hurricane|p2a: Zapdos\n|-resisted|p2a: Zapdos\n|-damage|p2a: Zapdos|72\/100\n|move|p2a: Zapdos|Toxic|p1a: Byakko\n|-fail|p1a: Byakko|tox\n|\n|-damage|p1a: Byakko|51\/100 tox|[from] psn\n|upkeep\n|turn|57\n|\n|t:|1661563249\n|move|p1a: Byakko|Roost|p1a: Byakko\n|-heal|p1a: Byakko|100\/100 tox\n|-singleturn|p1a: Byakko|move: Roost\n|move|p2a: Zapdos|Roost|p2a: Zapdos\n|-heal|p2a: Zapdos|100\/100\n|-singleturn|p2a: Zapdos|move: Roost\n|\n|-damage|p1a: Byakko|76\/100 tox|[from] psn\n|upkeep\n|turn|58\n|l| leona misa\n|\n|t:|1661563255\n|switch|p1a: Zephyr|Zeraora, shiny|71\/100 tox\n|move|p2a: Zapdos|Toxic|p1a: Zephyr\n|-fail|p1a: Zephyr|tox\n|\n|-damage|p1a: Zephyr|65\/100 tox|[from] psn\n|upkeep\n|turn|59\n|j| Sosisjis\n|\n|t:|1661563264\n|switch|p2a: Jirachi|Jirachi|84\/100\n|move|p1a: Zephyr|Toxic|p2a: Jirachi\n|-immune|p2a: Jirachi\n|\n|-heal|p2a: Jirachi|91\/100|[from] item: Leftovers\n|-damage|p1a: Zephyr|53\/100 tox|[from] psn\n|upkeep\n|turn|60\n|\n|t:|1661563274\n|switch|p1a: Chaos|Heatran, M, shiny|19\/100\n|switch|p2a: Zapdos|Zapdos|100\/100\n|-ability|p2a: Zapdos|Pressure\n|\n|upkeep\n|turn|61\n|\n|t:|1661563278\n|switch|p1a: Zephyr|Zeraora, shiny|53\/100 tox\n|move|p2a: Zapdos|Discharge|p1a: Zephyr\n|-heal|p1a: Zephyr|77\/100 tox|[from] ability: Volt Absorb|[of] p2a: Zapdos\n|\n|-damage|p1a: Zephyr|71\/100 tox|[from] psn\n|upkeep\n|turn|62\n|\n|t:|1661563283\n|switch|p2a: Jirachi|Jirachi|91\/100\n|move|p1a: Zephyr|Knock Off|p2a: Jirachi\n|-supereffective|p2a: Jirachi\n|-crit|p2a: Jirachi\n|-damage|p2a: Jirachi|9\/100\n|-enditem|p2a: Jirachi|Leftovers|[from] move: Knock Off|[of] p1a: Zephyr\n|\n|-damage|p1a: Zephyr|59\/100 tox|[from] psn\n|upkeep\n|turn|63\n|j| LT94JE Origami\u2655\n|\n|t:|1661563290\n|switch|p1a: Chaos|Heatran, M, shiny|19\/100\n|move|p2a: Jirachi|Protect||[still]\n|-fail|p2a: Jirachi\n|\n|upkeep\n|turn|64\n|\n|t:|1661563294\n|move|p2a: Jirachi|Thunder Wave|p1a: Chaos\n|-status|p1a: Chaos|par\n|move|p1a: Chaos|Lava Plume|p2a: Jirachi\n|-supereffective|p2a: Jirachi\n|-damage|p2a: Jirachi|0 fnt\n|faint|p2a: Jirachi\n|\n|upkeep\n|\n|t:|1661563299\n|switch|p2a: Toxapex|Toxapex, F|60\/100 brn\n|turn|65\n|\n|t:|1661563304\n|switch|p1a: Byakko|Zapdos, shiny|76\/100 tox\n|move|p2a: Toxapex|Scald|p1a: Byakko\n|-damage|p1a: Byakko|58\/100 tox\n|\n|-damage|p1a: Byakko|52\/100 tox|[from] psn\n|-damage|p2a: Toxapex|53\/100 brn|[from] brn\n|upkeep\n|turn|66\n|\n|t:|1661563312\n|switch|p2a: Zapdos|Zapdos|100\/100\n|-ability|p2a: Zapdos|Pressure\n|move|p1a: Byakko|Hurricane|p2a: Zapdos\n|-resisted|p2a: Zapdos\n|-damage|p2a: Zapdos|75\/100\n|\n|-damage|p1a: Byakko|39\/100 tox|[from] psn\n|upkeep\n|turn|67\n|\n|t:|1661563315\n|move|p1a: Byakko|Roost|p1a: Byakko\n|-heal|p1a: Byakko|89\/100 tox\n|-singleturn|p1a: Byakko|move: Roost\n|move|p2a: Zapdos|Discharge|p1a: Byakko\n|-resisted|p1a: Byakko\n|-damage|p1a: Byakko|69\/100 tox\n|\n|-damage|p1a: Byakko|50\/100 tox|[from] psn\n|upkeep\n|turn|68\n|\n|t:|1661563321\n|switch|p1a: Zephyr|Zeraora, shiny|59\/100 tox\n|move|p2a: Zapdos|Roost|p2a: Zapdos\n|-heal|p2a: Zapdos|100\/100\n|-singleturn|p2a: Zapdos|move: Roost\n|\n|-damage|p1a: Zephyr|53\/100 tox|[from] psn\n|upkeep\n|turn|69\n|\n|t:|1661563325\n|switch|p2a: Quagsire|Quagsire, M|66\/100 tox\n|move|p1a: Zephyr|Toxic|p2a: Quagsire\n|-fail|p2a: Quagsire|tox\n|\n|-damage|p1a: Zephyr|42\/100 tox|[from] psn\n|-damage|p2a: Quagsire|60\/100 tox|[from] psn\n|upkeep\n|turn|70\n|\n|t:|1661563333\n|switch|p1a: Byakko|Zapdos, shiny|50\/100 tox\n|move|p2a: Quagsire|Recover|p2a: Quagsire\n|-heal|p2a: Quagsire|100\/100 tox\n|\n|-damage|p1a: Byakko|44\/100 tox|[from] psn\n|-damage|p2a: Quagsire|88\/100 tox|[from] psn\n|upkeep\n|turn|71\n|\n|t:|1661563340\n|switch|p2a: Zapdos|Zapdos|100\/100\n|-ability|p2a: Zapdos|Pressure\n|move|p1a: Byakko|Volt Switch|p2a: Zapdos\n|-damage|p2a: Zapdos|64\/100\n|j| KMNg99\n|\n|t:|1661563346\n|switch|p1a: Amaterasu|Volcarona, M, shiny|9\/100 tox|[from]move: Volt Switch\n|\n|-damage|p1a: Amaterasu|3\/100 tox|[from] psn\n|upkeep\n|turn|72\n|\n|t:|1661563350\n|move|p1a: Amaterasu|Bug Buzz|p2a: Zapdos\n|-resisted|p2a: Zapdos\n|-damage|p2a: Zapdos|28\/100\n|move|p2a: Zapdos|Roost|p2a: Zapdos\n|-heal|p2a: Zapdos|78\/100\n|-singleturn|p2a: Zapdos|move: Roost\n|\n|-damage|p1a: Amaterasu|0 fnt|[from] psn\n|faint|p1a: Amaterasu\n|upkeep\n|\n|t:|1661563353\n|switch|p1a: Byakko|Zapdos, shiny|44\/100 tox\n|turn|73\n|\n|t:|1661563359\n|move|p1a: Byakko|Roost|p1a: Byakko\n|-heal|p1a: Byakko|94\/100 tox\n|-singleturn|p1a: Byakko|move: Roost\n|move|p2a: Zapdos|Roost|p2a: Zapdos\n|-heal|p2a: Zapdos|100\/100\n|-singleturn|p2a: Zapdos|move: Roost\n|\n|-damage|p1a: Byakko|88\/100 tox|[from] psn\n|upkeep\n|turn|74\n|\n|t:|1661563364\n|move|p1a: Byakko|Volt Switch|p2a: Zapdos\n|-damage|p2a: Zapdos|68\/100\n|\n|t:|1661563367\n|switch|p1a: Deathstroke|Kartana, shiny|70\/100|[from]move: Volt Switch\n|move|p2a: Zapdos|Defog|p1a: Deathstroke\n|-unboost|p1a: Deathstroke|evasion|1\n|\n|upkeep\n|turn|75\n|\n|t:|1661563372\n|switch|p1a: Zephyr|Zeraora, shiny|42\/100 tox\n|move|p2a: Zapdos|Roost|p2a: Zapdos\n|-heal|p2a: Zapdos|100\/100\n|-singleturn|p2a: Zapdos|move: Roost\n|\n|-damage|p1a: Zephyr|36\/100 tox|[from] psn\n|upkeep\n|turn|76\n|\n|t:|1661563376\n|switch|p1a: Byakko|Zapdos, shiny|88\/100 tox\n|switch|p2a: Quagsire|Quagsire, M|88\/100 tox\n|\n|-damage|p1a: Byakko|81\/100 tox|[from] psn\n|-damage|p2a: Quagsire|82\/100 tox|[from] psn\n|upkeep\n|turn|77\n|\n|t:|1661563380\n|move|p1a: Byakko|Hurricane|p2a: Quagsire\n|-damage|p2a: Quagsire|14\/100 tox\n|move|p2a: Quagsire|Recover|p2a: Quagsire\n|-heal|p2a: Quagsire|64\/100 tox\n|\n|-damage|p1a: Byakko|69\/100 tox|[from] psn\n|-damage|p2a: Quagsire|52\/100 tox|[from] psn\n|upkeep\n|turn|78\n|\n|t:|1661563384\n|switch|p2a: Zapdos|Zapdos|100\/100\n|-ability|p2a: Zapdos|Pressure\n|move|p1a: Byakko|Hurricane|p2a: Zapdos\n|-resisted|p2a: Zapdos\n|-damage|p2a: Zapdos|72\/100\n|\n|-damage|p1a: Byakko|50\/100 tox|[from] psn\n|upkeep\n|turn|79\n|\n|t:|1661563390\n|move|p1a: Byakko|Roost|p1a: Byakko\n|-heal|p1a: Byakko|100\/100 tox\n|-singleturn|p1a: Byakko|move: Roost\n|move|p2a: Zapdos|Discharge|p1a: Byakko\n|-resisted|p1a: Byakko\n|-damage|p1a: Byakko|82\/100 tox\n|\n|-damage|p1a: Byakko|58\/100 tox|[from] psn\n|upkeep\n|turn|80\n|\n|t:|1661563398\n|move|p1a: Byakko|Volt Switch|p2a: Zapdos\n|-damage|p2a: Zapdos|39\/100\n|\n|t:|1661563402\n|switch|p1a: Zephyr|Zeraora, shiny|36\/100 tox|[from]move: Volt Switch\n|move|p2a: Zapdos|Roost|p2a: Zapdos\n|-heal|p2a: Zapdos|90\/100\n|-singleturn|p2a: Zapdos|move: Roost\n|\n|-damage|p1a: Zephyr|30\/100 tox|[from] psn\n|upkeep\n|turn|81\n|\n|t:|1661563407\n|switch|p1a: Chaos|Heatran, M, shiny|19\/100 par\n|switch|p2a: Toxapex|Toxapex, F|87\/100 brn\n|\n|-damage|p2a: Toxapex|80\/100 brn|[from] brn\n|upkeep\n|turn|82\n|\n|t:|1661563414\n|switch|p1a: Byakko|Zapdos, shiny|58\/100 tox\n|move|p2a: Toxapex|Scald|p1a: Byakko\n|-damage|p1a: Byakko|40\/100 tox\n|\n|-damage|p1a: Byakko|34\/100 tox|[from] psn\n|-damage|p2a: Toxapex|74\/100 brn|[from] brn\n|upkeep\n|turn|83\n|l| Sosisjis\n|\n|t:|1661563421\n|move|p1a: Byakko|Thunderbolt|p2a: Toxapex\n|-supereffective|p2a: Toxapex\n|-damage|p2a: Toxapex|0 fnt\n|faint|p2a: Toxapex\n|\n|-damage|p1a: Byakko|21\/100 tox|[from] psn\n|upkeep\n|\n|t:|1661563424\n|switch|p2a: Zapdos|Zapdos|90\/100\n|-ability|p2a: Zapdos|Pressure\n|turn|84\n|c|\u2606wish kisser|g\n|\n|t:|1661563428\n|move|p1a: Byakko|Roost|p1a: Byakko\n|-heal|p1a: Byakko|71\/100 tox\n|-singleturn|p1a: Byakko|move: Roost\n|move|p2a: Zapdos|Discharge|p1a: Byakko\n|-resisted|p1a: Byakko\n|-damage|p1a: Byakko|50\/100 tox\n|\n|-damage|p1a: Byakko|32\/100 tox|[from] psn\n|upkeep\n|turn|85\n|\n|t:|1661563435\n|move|p1a: Byakko|Roost|p1a: Byakko\n|-heal|p1a: Byakko|82\/100 tox\n|-singleturn|p1a: Byakko|move: Roost\n|move|p2a: Zapdos|Defog|p1a: Byakko\n|-unboost|p1a: Byakko|evasion|1\n|\n|-damage|p1a: Byakko|57\/100 tox|[from] psn\n|upkeep\n|turn|86\n|\n|t:|1661563445\n|move|p1a: Byakko|Volt Switch|p2a: Zapdos\n|-damage|p2a: Zapdos|56\/100\n|j| Stackexchange\n|\n|t:|1661563457\n|switch|p1a: Zephyr|Zeraora, shiny|30\/100 tox|[from]move: Volt Switch\n|move|p2a: Zapdos|Roost|p2a: Zapdos\n|-heal|p2a: Zapdos|100\/100\n|-singleturn|p2a: Zapdos|move: Roost\n|\n|-damage|p1a: Zephyr|24\/100 tox|[from] psn\n|upkeep\n|turn|87\n|\n|t:|1661563462\n|switch|p1a: Deathstroke|Kartana, shiny|70\/100\n|move|p2a: Zapdos|Discharge|p1a: Deathstroke\n|-resisted|p1a: Deathstroke\n|-damage|p1a: Deathstroke|17\/100\n|\n|upkeep\n|turn|88\n|\n|t:|1661563468\n|move|p1a: Deathstroke|Leaf Blade|p2a: Zapdos\n|-resisted|p2a: Zapdos\n|-damage|p2a: Zapdos|80\/100\n|move|p2a: Zapdos|Defog|p1a: Deathstroke\n|-unboost|p1a: Deathstroke|evasion|1\n|\n|upkeep\n|turn|89\n|\n|t:|1661563474\n|switch|p1a: Byakko|Zapdos, shiny|57\/100 tox\n|move|p2a: Zapdos|Roost|p2a: Zapdos\n|-heal|p2a: Zapdos|100\/100\n|-singleturn|p2a: Zapdos|move: Roost\n|\n|-damage|p1a: Byakko|51\/100 tox|[from] psn\n|upkeep\n|turn|90\n|l| Stackexchange\n|\n|t:|1661563478\n|move|p1a: Byakko|Roost|p1a: Byakko\n|-heal|p1a: Byakko|100\/100 tox\n|-singleturn|p1a: Byakko|move: Roost\n|move|p2a: Zapdos|Toxic|p1a: Byakko\n|-fail|p1a: Byakko|tox\n|\n|-damage|p1a: Byakko|88\/100 tox|[from] psn\n|upkeep\n|turn|91\n|\n|t:|1661563491\n|move|p1a: Byakko|Hurricane|p2a: Zapdos\n|-resisted|p2a: Zapdos\n|-damage|p2a: Zapdos|73\/100\n|move|p2a: Zapdos|Defog|p1a: Byakko\n|-unboost|p1a: Byakko|evasion|1\n|\n|-damage|p1a: Byakko|69\/100 tox|[from] psn\n|upkeep\n|turn|92\n|l| LT94JE Tace\n|\n|t:|1661563498\n|switch|p1a: Zephyr|Zeraora, shiny|24\/100 tox\n|move|p2a: Zapdos|Roost|p2a: Zapdos\n|-heal|p2a: Zapdos|100\/100\n|-singleturn|p2a: Zapdos|move: Roost\n|\n|-damage|p1a: Zephyr|18\/100 tox|[from] psn\n|upkeep\n|turn|93\n|j| CJQ1990\n|\n|t:|1661563502\n|switch|p2a: Quagsire|Quagsire, M|52\/100 tox\n|move|p1a: Zephyr|Toxic|p2a: Quagsire\n|-fail|p2a: Quagsire|tox\n|\n|-damage|p1a: Zephyr|6\/100 tox|[from] psn\n|-damage|p2a: Quagsire|45\/100 tox|[from] psn\n|upkeep\n|turn|94\n|\n|t:|1661563509\n|switch|p1a: Byakko|Zapdos, shiny|69\/100 tox\n|move|p2a: Quagsire|Recover|p2a: Quagsire\n|-heal|p2a: Quagsire|95\/100 tox\n|\n|-damage|p1a: Byakko|63\/100 tox|[from] psn\n|-damage|p2a: Quagsire|83\/100 tox|[from] psn\n|upkeep\n|turn|95\n|\n|t:|1661563514\n|move|p1a: Byakko|Volt Switch|p2a: Quagsire\n|-immune|p2a: Quagsire\n|move|p2a: Quagsire|Recover|p2a: Quagsire\n|-heal|p2a: Quagsire|100\/100 tox\n|\n|-damage|p1a: Byakko|51\/100 tox|[from] psn\n|-damage|p2a: Quagsire|82\/100 tox|[from] psn\n|upkeep\n|turn|96\n|\n|t:|1661563519\n|switch|p1a: Deathstroke|Kartana, shiny|17\/100\n|switch|p2a: Zapdos|Zapdos|100\/100\n|-ability|p2a: Zapdos|Pressure\n|\n|upkeep\n|turn|97\n|\n|t:|1661563526\n|switch|p1a: Byakko|Zapdos, shiny|51\/100 tox\n|move|p2a: Zapdos|Discharge|p1a: Byakko\n|-damage|p1a: Byakko|12\/100 tox\n|\n|-damage|p1a: Byakko|6\/100 tox|[from] psn\n|upkeep\n|turn|98\n|\n|t:|1661563534\n|move|p1a: Byakko|Roost|p1a: Byakko\n|-heal|p1a: Byakko|56\/100 tox\n|-singleturn|p1a: Byakko|move: Roost\n|move|p2a: Zapdos|Discharge|p1a: Byakko\n|-resisted|p1a: Byakko\n|-damage|p1a: Byakko|38\/100 tox\n|\n|-damage|p1a: Byakko|26\/100 tox|[from] psn\n|upkeep\n|turn|99\n|\n|t:|1661563539\n|move|p1a: Byakko|Roost|p1a: Byakko\n|-heal|p1a: Byakko|76\/100 tox\n|-singleturn|p1a: Byakko|move: Roost\n|move|p2a: Zapdos|Defog|p1a: Byakko\n|-unboost|p1a: Byakko|evasion|1\n|\n|-damage|p1a: Byakko|57\/100 tox|[from] psn\n|upkeep\n|turn|100\n|\n|t:|1661563544\n|switch|p2a: Quagsire|Quagsire, M|82\/100 tox\n|move|p1a: Byakko|Hurricane|p2a: Quagsire\n|-damage|p2a: Quagsire|11\/100 tox\n|-start|p2a: Quagsire|confusion\n|\n|-damage|p1a: Byakko|32\/100 tox|[from] psn\n|-damage|p2a: Quagsire|5\/100 tox|[from] psn\n|upkeep\n|turn|101\n|\n|t:|1661563552\n|switch|p2a: Zapdos|Zapdos|100\/100\n|-ability|p2a: Zapdos|Pressure\n|move|p1a: Byakko|Hurricane|p2a: Zapdos\n|-resisted|p2a: Zapdos\n|-damage|p2a: Zapdos|75\/100\n|-start|p2a: Zapdos|confusion\n|\n|-damage|p1a: Byakko|1\/100 tox|[from] psn\n|upkeep\n|turn|102\n|\n|t:|1661563561\n|move|p1a: Byakko|Roost|p1a: Byakko\n|-heal|p1a: Byakko|51\/100 tox\n|-singleturn|p1a: Byakko|move: Roost\n|-activate|p2a: Zapdos|confusion\n|move|p2a: Zapdos|Roost|p2a: Zapdos\n|-heal|p2a: Zapdos|100\/100\n|-singleturn|p2a: Zapdos|move: Roost\n|\n|-damage|p1a: Byakko|14\/100 tox|[from] psn\n|upkeep\n|turn|103\n|\n|t:|1661563578\n|move|p1a: Byakko|Volt Switch|p2a: Zapdos\n|-damage|p2a: Zapdos|68\/100\n|\n|t:|1661563581\n|switch|p1a: Chaos|Heatran, M, shiny|19\/100 par|[from]move: Volt Switch\n|-activate|p2a: Zapdos|confusion\n|move|p2a: Zapdos|Toxic||[still]\n|-fail|p2a: Zapdos\n|\n|upkeep\n|turn|104\n|\n|t:|1661563588\n|cant|p1a: Chaos|par\n|-activate|p2a: Zapdos|confusion\n|move|p2a: Zapdos|Discharge|p1a: Chaos\n|-damage|p1a: Chaos|0 fnt\n|faint|p1a: Chaos\n|\n|upkeep\n|\n|t:|1661563591\n|switch|p1a: Zephyr|Zeraora, shiny|6\/100 tox\n|turn|105\n|\n|t:|1661563596\n|switch|p1a: Deathstroke|Kartana, shiny|17\/100\n|-end|p2a: Zapdos|confusion\n|move|p2a: Zapdos|Roost|p2a: Zapdos\n|-heal|p2a: Zapdos|100\/100\n|-singleturn|p2a: Zapdos|move: Roost\n|\n|upkeep\n|turn|106\n|\n|t:|1661563614\n|move|p1a: Deathstroke|Knock Off|p2a: Zapdos\n|-damage|p2a: Zapdos|68\/100\n|-enditem|p2a: Zapdos|Heavy-Duty Boots|[from] move: Knock Off|[of] p1a: Deathstroke\n|move|p2a: Zapdos|Discharge|p1a: Deathstroke\n|-resisted|p1a: Deathstroke\n|-damage|p1a: Deathstroke|0 fnt\n|faint|p1a: Deathstroke\n|\n|upkeep\n|\n|t:|1661563618\n|switch|p1a: Zephyr|Zeraora, shiny|6\/100 tox\n|turn|107\n|\n|t:|1661563624\n|switch|p1a: Byakko|Zapdos, shiny|14\/100 tox\n|move|p2a: Zapdos|Defog|p1a: Byakko\n|-unboost|p1a: Byakko|evasion|1\n|\n|-damage|p1a: Byakko|8\/100 tox|[from] psn\n|upkeep\n|turn|108\n|\n|t:|1661563632\n|move|p1a: Byakko|Roost|p1a: Byakko\n|-heal|p1a: Byakko|58\/100 tox\n|-singleturn|p1a: Byakko|move: Roost\n|move|p2a: Zapdos|Discharge|p1a: Byakko\n|-resisted|p1a: Byakko\n|-damage|p1a: Byakko|39\/100 tox\n|\n|-damage|p1a: Byakko|27\/100 tox|[from] psn\n|upkeep\n|turn|109\n|\n|t:|1661563643\n|move|p1a: Byakko|Volt Switch|p2a: Zapdos\n|-damage|p2a: Zapdos|31\/100\n|\n|t:|1661563645\n|switch|p1a: Zephyr|Zeraora, shiny|6\/100 tox|[from]move: Volt Switch\n|move|p2a: Zapdos|Toxic|p1a: Zephyr\n|-fail|p1a: Zephyr|tox\n|\n|-damage|p1a: Zephyr|0 fnt|[from] psn\n|faint|p1a: Zephyr\n|upkeep\n|\n|t:|1661563647\n|switch|p1a: Byakko|Zapdos, shiny|27\/100 tox\n|turn|110\n|c|\u2606wish kisser|gg\n|c|\u2606wish kisser|hard game\n|c|\u2606wish kisser|asf\n|\n|t:|1661563671\n|move|p1a: Byakko|Thunderbolt|p2a: Zapdos\n|-damage|p2a: Zapdos|0 fnt\n|faint|p2a: Zapdos\n|\n|-damage|p1a: Byakko|21\/100 tox|[from] psn\n|upkeep\n|\n|t:|1661563675\n|switch|p2a: Quagsire|Quagsire, M|5\/100 tox\n|turn|111\n|\n|t:|1661563679\n|move|p1a: Byakko|Volt Switch|p2a: Quagsire\n|-immune|p2a: Quagsire\n|move|p2a: Quagsire|Recover|p2a: Quagsire\n|-heal|p2a: Quagsire|55\/100 tox\n|\n|-damage|p1a: Byakko|8\/100 tox|[from] psn\n|-damage|p2a: Quagsire|49\/100 tox|[from] psn\n|upkeep\n|turn|112\n|\n|t:|1661563684\n|move|p1a: Byakko|Roost|p1a: Byakko\n|-heal|p1a: Byakko|58\/100 tox\n|-singleturn|p1a: Byakko|move: Roost\n|move|p2a: Quagsire|Recover|p2a: Quagsire\n|-heal|p2a: Quagsire|99\/100 tox\n|\n|-damage|p1a: Byakko|40\/100 tox|[from] psn\n|-damage|p2a: Quagsire|87\/100 tox|[from] psn\n|upkeep\n|turn|113\n|c|\u2606wish kisser|wait\n|c|\u2606wish kisser|i dont have\n|c|\u2606wish kisser|hurricane\n|\n|t:|1661563692\n|move|p1a: Byakko|Roost|p1a: Byakko\n|-heal|p1a: Byakko|90\/100 tox\n|-singleturn|p1a: Byakko|move: Roost\n|move|p2a: Quagsire|Scald|p1a: Byakko\n|-damage|p1a: Byakko|65\/100 tox\n|\n|-damage|p1a: Byakko|40\/100 tox|[from] psn\n|-damage|p2a: Quagsire|69\/100 tox|[from] psn\n|upkeep\n|turn|114\n|c|\u2606wish kisser|gg\n|\n|t:|1661563696\n|move|p1a: Byakko|Volt Switch|p2a: Quagsire\n|-immune|p2a: Quagsire\n|move|p2a: Quagsire|Recover|p2a: Quagsire\n|-heal|p2a: Quagsire|100\/100 tox\n|\n|-damage|p1a: Byakko|9\/100 tox|[from] psn\n|-damage|p2a: Quagsire|76\/100 tox|[from] psn\n|upkeep\n|turn|115\n|\n|t:|1661563698\n|move|p1a: Byakko|Volt Switch|p2a: Quagsire\n|-immune|p2a: Quagsire\n|move|p2a: Quagsire|Earthquake|p1a: Byakko\n|-immune|p1a: Byakko\n|\n|-damage|p1a: Byakko|0 fnt|[from] psn\n|faint|p1a: Byakko\n|\n|win|LT94JEwangyu\n|upkeep\n|raw|wish kisser's rating: 1911 &rarr; <strong>1886<\/strong><br \/>(-25 for losing)\n|raw|LT94JEwangyu's rating: 1815 &rarr; <strong>1840<\/strong><br \/>(+25 for winning)\n|c| sgvh|crazy\n|l| Santiago Bernabeu\n|c|\u2606wish kisser|wp\n|l| LT94JE Origami\u2655\n|l| KMNg99\n|l| sgvh\n|l|\u2606wish kisser\n|l| Raikou solar\n||Ladder isn't responding, score probably updated but might not have (Request timeout).\n","uploadtime":1661563704,"views":67,"p1id":"wishkisser","p2id":"lt94jewangyu","formatid":"gen8ou","rating":1840,"private":0,"password":null}