{"id":"gen8ou-1649806207","p1":"HOF69","p2":"LT94JE Fuse","format":"gen8ou","log":"|j|\u2606HOF69\n|j|\u2606LT94JE Fuse\n|t:|1661636710\n|gametype|singles\n|player|p1|HOF69|red|1764\n|player|p2|LT94JE Fuse|yellow|1975\n|teamsize|p1|6\n|teamsize|p2|6\n|gen|8\n|tier|[Gen 8] OU\n|rated|\n|rule|Sleep Clause Mod: Limit one foe put to sleep\n|rule|Species Clause: Limit one of each Pok\u00e9mon\n|rule|OHKO Clause: OHKO moves are banned\n|rule|Evasion Items Clause: Evasion items are banned\n|rule|Evasion Moves Clause: Evasion moves are banned\n|rule|Endless Battle Clause: Forcing endless battles is banned\n|rule|HP Percentage Mod: HP is shown in percentages\n|rule|Dynamax Clause: You cannot dynamax\n|clearpoke\n|poke|p1|Cloyster, M|\n|poke|p1|Gengar, M|\n|poke|p1|Landorus-Therian, M|\n|poke|p1|Krookodile, M|\n|poke|p1|Kartana|\n|poke|p1|Tapu Lele|\n|poke|p2|Zapdos|\n|poke|p2|Urshifu-*, F|\n|poke|p2|Dragapult, M|\n|poke|p2|Landorus-Therian, M|\n|poke|p2|Melmetal|\n|poke|p2|Clefable, F|\n|teampreview\n|c|\u2606LT94JE Fuse|hf\n|j| hump\n|j| negative bitches\n|j| lt92pf mj\n|c| negative bitches|u2\n|c|\u2606HOF69|u2\n|j| 7amintenerife\n|j| Oily man\n|\n|t:|1661636734\n|start\n|switch|p1a: Krookodile|Krookodile, M|100\/100\n|switch|p2a: Zapdos|Zapdos|100\/100\n|-ability|p1a: Krookodile|Intimidate|boost\n|-unboost|p2a: Zapdos|atk|1\n|turn|1\n|\n|t:|1661636737\n|move|p2a: Zapdos|Hurricane|p1a: Krookodile\n|-enditem|p1a: Krookodile|Focus Sash\n|-damage|p1a: Krookodile|1\/100\n|move|p1a: Krookodile|Stealth Rock|p2a: Zapdos\n|-sidestart|p2: LT94JE Fuse|move: Stealth Rock\n|\n|upkeep\n|turn|2\n|\n|t:|1661636740\n|move|p2a: Zapdos|Hurricane|p1a: Krookodile|[miss]\n|-miss|p2a: Zapdos|p1a: Krookodile\n|move|p1a: Krookodile|Knock Off|p2a: Zapdos\n|-damage|p2a: Zapdos|42\/100\n|-enditem|p2a: Zapdos|Choice Specs|[from] move: Knock Off|[of] p1a: Krookodile\n|\n|upkeep\n|turn|3\n|\n|t:|1661636743\n|move|p2a: Zapdos|Heat Wave|p1a: Krookodile\n|-damage|p1a: Krookodile|0 fnt\n|faint|p1a: Krookodile\n|\n|upkeep\n|j| belvinita\n|\n|t:|1661636756\n|switch|p1a: Gengar|Gengar, M, shiny|100\/100\n|turn|4\n|c| Oily man|negative bitches ur username hits close to home for me\n|\n|t:|1661636769\n|switch|p2a: Landorus|Landorus-Therian, M|100\/100\n|-damage|p2a: Landorus|88\/100|[from] Stealth Rock\n|-ability|p2a: Landorus|Intimidate|boost\n|-unboost|p1a: Gengar|atk|1\n|move|p1a: Gengar|Shadow Ball|p2a: Landorus\n|-damage|p2a: Landorus|57\/100\n|-unboost|p2a: Landorus|spd|1\n|\n|-heal|p2a: Landorus|63\/100|[from] item: Leftovers\n|upkeep\n|turn|5\n|\n|t:|1661636773\n|move|p1a: Gengar|Shadow Ball|p2a: Landorus\n|-damage|p2a: Landorus|18\/100\n|move|p2a: Landorus|Defog|p1a: Gengar\n|-unboost|p1a: Gengar|evasion|1\n|-sideend|p2: LT94JE Fuse|Stealth Rock|[from] move: Defog|[of] p2a: Landorus\n|\n|-heal|p2a: Landorus|24\/100|[from] item: Leftovers\n|upkeep\n|turn|6\n|\n|t:|1661636780\n|switch|p2a: Melmetal|Melmetal|100\/100\n|move|p1a: Gengar|Shadow Ball|p2a: Melmetal\n|-damage|p2a: Melmetal|73\/100\n|\n|-heal|p2a: Melmetal|79\/100|[from] item: Leftovers\n|upkeep\n|turn|7\n|c| negative bitches|thats crazy\n|\n|t:|1661636789\n|move|p1a: Gengar|Focus Blast|p2a: Melmetal|[miss]\n|-miss|p1a: Gengar|p2a: Melmetal\n|move|p2a: Melmetal|Double Iron Bash|p1a: Gengar\n|-damage|p1a: Gengar|29\/100\n|-damage|p1a: Gengar|0 fnt\n|faint|p1a: Gengar\n|-hitcount|p1: Gengar|2\n|\n|-heal|p2a: Melmetal|86\/100|[from] item: Leftovers\n|upkeep\n|c| negative bitches|fusien sauce\n|c| negative bitches|fusien try to lose challenge (impossible!)\n|\n|t:|1661636817\n|switch|p1a: Kartana|Kartana|100\/100\n|turn|8\n|raw|<div class=\"broadcast-red\"><strong>Moderated chat was set to +!<\/strong><br \/>Only users of rank + and higher can talk.<\/div>\n|\n|t:|1661636851\n|switch|p2a: Clefable|Clefable, F|100\/100\n|move|p1a: Kartana|Knock Off|p2a: Clefable\n|-resisted|p2a: Clefable\n|-damage|p2a: Clefable|83\/100\n|-enditem|p2a: Clefable|Rocky Helmet|[from] move: Knock Off|[of] p1a: Kartana\n|\n|upkeep\n|turn|9\n|\n|t:|1661636879\n|move|p1a: Kartana|Leaf Blade|p2a: Clefable\n|-damage|p2a: Clefable|38\/100\n|move|p2a: Clefable|Thunder Wave|p1a: Kartana\n|-status|p1a: Kartana|par\n|\n|upkeep\n|turn|10\n|\n|t:|1661636884\n|move|p1a: Kartana|Leaf Blade|p2a: Clefable\n|-crit|p2a: Clefable\n|-damage|p2a: Clefable|0 fnt\n|faint|p2a: Clefable\n|-ability|p1a: Kartana|Beast Boost|boost\n|-boost|p1a: Kartana|atk|1\n|\n|upkeep\n|\n|t:|1661636920\n|switch|p2a: Dragapult|Dragapult, M|100\/100\n|turn|11\n|\n|t:|1661636932\n|switch|p1a: Landorus|Landorus-Therian, M|100\/100\n|-ability|p1a: Landorus|Intimidate|boost\n|-unboost|p2a: Dragapult|atk|1\n|move|p2a: Dragapult|Shadow Ball|p1a: Landorus\n|-damage|p1a: Landorus|66\/100\n|\n|upkeep\n|turn|12\n|\n|t:|1661636949\n|move|p2a: Dragapult|Shadow Ball|p1a: Landorus\n|-damage|p1a: Landorus|33\/100\n|move|p1a: Landorus|U-turn|p2a: Dragapult\n|-resisted|p2a: Dragapult\n|-damage|p2a: Dragapult|83\/100\n|\n|t:|1661636966\n|switch|p1a: Kartana|Kartana|100\/100 par|[from]move: U-turn\n|\n|upkeep\n|turn|13\n|\n|t:|1661636972\n|move|p2a: Dragapult|Shadow Ball|p1a: Kartana\n|-damage|p1a: Kartana|0 fnt\n|faint|p1a: Kartana\n|\n|upkeep\n|\n|t:|1661636974\n|switch|p1a: Tapu Lele|Tapu Lele|100\/100\n|-fieldstart|move: Psychic Terrain|[from] ability: Psychic Surge|[of] p1a: Tapu Lele\n|turn|14\n|\n|t:|1661636983\n|move|p2a: Dragapult|Shadow Ball|p1a: Tapu Lele\n|-supereffective|p1a: Tapu Lele\n|-damage|p1a: Tapu Lele|0 fnt\n|faint|p1a: Tapu Lele\n|\n|upkeep\n|\n|t:|1661636987\n|switch|p1a: Cloyster|Cloyster, M, shiny|100\/100\n|turn|15\n|\n|t:|1661636991\n|move|p2a: Dragapult|Shadow Ball|p1a: Cloyster\n|-enditem|p1a: Cloyster|Focus Sash\n|-damage|p1a: Cloyster|1\/100\n|move|p1a: Cloyster|Shell Smash|p1a: Cloyster\n|-unboost|p1a: Cloyster|def|1\n|-unboost|p1a: Cloyster|spd|1\n|-boost|p1a: Cloyster|atk|2\n|-boost|p1a: Cloyster|spa|2\n|-boost|p1a: Cloyster|spe|2\n|\n|upkeep\n|turn|16\n|\n|t:|1661636994\n|move|p1a: Cloyster|Icicle Spear|p2a: Dragapult\n|-supereffective|p2a: Dragapult\n|-damage|p2a: Dragapult|30\/100\n|-supereffective|p2a: Dragapult\n|-damage|p2a: Dragapult|0 fnt\n|faint|p2a: Dragapult\n|-hitcount|p2: Dragapult|2\n|\n|upkeep\n|\n|t:|1661636995\n|switch|p2a: Urshifu|Urshifu-Rapid-Strike, F|100\/100\n|turn|17\n|\n|t:|1661637000\n|move|p1a: Cloyster|Icicle Spear|p2a: Urshifu\n|-resisted|p2a: Urshifu\n|-damage|p2a: Urshifu|91\/100\n|-resisted|p2a: Urshifu\n|-damage|p2a: Urshifu|81\/100\n|-resisted|p2a: Urshifu\n|-damage|p2a: Urshifu|70\/100\n|-resisted|p2a: Urshifu\n|-damage|p2a: Urshifu|59\/100\n|-resisted|p2a: Urshifu\n|-damage|p2a: Urshifu|48\/100\n|-hitcount|p2a: Urshifu|5\n|move|p2a: Urshifu|Surging Strikes|p1a: Cloyster\n|-resisted|p1a: Cloyster\n|-crit|p1a: Cloyster\n|-damage|p1a: Cloyster|0 fnt\n|faint|p1a: Cloyster\n|-hitcount|p1: Cloyster|1\n|\n|upkeep\n|-message|HOF69 forfeited.\n|\n|win|LT94JE Fuse\n|raw|HOF69's rating: 1764 &rarr; <strong>1755<\/strong><br \/>(-9 for losing)\n|raw|LT94JE Fuse's rating: 1975 &rarr; <strong>1984<\/strong><br \/>(+9 for winning)\n|l|\u2606HOF69\n|c|\u2606LT94JE Fuse|gg\n||Ladder isn't responding, score probably updated but might not have (Request timeout).\n|l|\u2606LT94JE Fuse\n","uploadtime":1661637284,"views":127,"p1id":"hof69","p2id":"lt94jefuse","formatid":"gen8ou","rating":1755,"private":0,"password":null}