{"id":"gen8ou-1670054609","p1":"Almighty Sa'","p2":"roboPOKE","format":"gen8ou","log":"|j|\u2606Almighty Sa'\n|j|\u2606roboPOKE\n|t:|1664124973\n|gametype|singles\n|player|p1|Almighty Sa'|tabitha-gen3|1578\n|player|p2|roboPOKE|1|1595\n|teamsize|p1|6\n|teamsize|p2|6\n|gen|8\n|tier|[Gen 8] OU\n|rated|\n|rule|Sleep Clause Mod: Limit one foe put to sleep\n|rule|Species Clause: Limit one of each Pok\u00e9mon\n|rule|OHKO Clause: OHKO moves are banned\n|rule|Evasion Items Clause: Evasion items are banned\n|rule|Evasion Moves Clause: Evasion moves are banned\n|rule|Endless Battle Clause: Forcing endless battles is banned\n|rule|HP Percentage Mod: HP is shown in percentages\n|rule|Dynamax Clause: You cannot dynamax\n|clearpoke\n|poke|p1|Zeraora|\n|poke|p1|Weavile, M|\n|poke|p1|Slowbro, F|\n|poke|p1|Heatran, M|\n|poke|p1|Tornadus-Therian, M|\n|poke|p1|Tapu Bulu|\n|poke|p2|Toxapex, F|\n|poke|p2|Garchomp, M|\n|poke|p2|Moltres-Galar|\n|poke|p2|Clefable, M|\n|poke|p2|Kartana|\n|poke|p2|Heatran, M|\n|teampreview\n|c|\u2606roboPOKE|superadmin\n|c|\u2606Almighty Sa'|pokeROBO\n|inactive|Battle timer is ON: inactive players will automatically lose when time's up. (requested by roboPOKE)\n|\n|t:|1664125001\n|start\n|switch|p1a: Arcbeetle|Heatran, M|100\/100\n|switch|p2a: Heatran|Heatran, M|100\/100\n|turn|1\n|\n|t:|1664125004\n|switch|p2a: Garchomp|Garchomp, M|100\/100\n|move|p1a: Arcbeetle|Earth Power|p2a: Garchomp\n|-damage|p2a: Garchomp|77\/100\n|\n|-heal|p2a: Garchomp|83\/100|[from] item: Leftovers\n|upkeep\n|turn|2\n|\n|t:|1664125007\n|switch|p1a: Mega Emperor|Tornadus-Therian, M|100\/100\n|move|p2a: Garchomp|Earthquake|p1a: Mega Emperor\n|-immune|p1a: Mega Emperor\n|\n|-heal|p2a: Garchomp|89\/100|[from] item: Leftovers\n|upkeep\n|turn|3\n|\n|t:|1664125011\n|move|p1a: Mega Emperor|Icy Wind|p2a: Garchomp\n|-supereffective|p2a: Garchomp\n|-damage|p2a: Garchomp|22\/100\n|-unboost|p2a: Garchomp|spe|1\n|move|p2a: Garchomp|Toxic|p1a: Mega Emperor\n|-status|p1a: Mega Emperor|tox\n|\n|-heal|p2a: Garchomp|29\/100|[from] item: Leftovers\n|-damage|p1a: Mega Emperor|94\/100 tox|[from] psn\n|upkeep\n|turn|4\n|\n|t:|1664125016\n|switch|p1a: Arcbeetle|Heatran, M|100\/100\n|move|p2a: Garchomp|Protect||[still]\n|-fail|p2a: Garchomp\n|\n|-heal|p2a: Garchomp|35\/100|[from] item: Leftovers\n|upkeep\n|turn|5\n|\n|t:|1664125037\n|switch|p1a: Pink Bean|Slowbro, F|100\/100\n|move|p2a: Garchomp|Stealth Rock|p1a: Pink Bean\n|-sidestart|p1: Almighty Sa'|move: Stealth Rock\n|\n|-heal|p2a: Garchomp|41\/100|[from] item: Leftovers\n|upkeep\n|turn|6\n|\n|t:|1664125040\n|move|p2a: Garchomp|Protect|p2a: Garchomp\n|-singleturn|p2a: Garchomp|Protect\n|move|p1a: Pink Bean|Future Sight|p2a: Garchomp\n|-start|p1a: Pink Bean|move: Future Sight\n|\n|-heal|p2a: Garchomp|47\/100|[from] item: Leftovers\n|upkeep\n|turn|7\n|\n|t:|1664125045\n|switch|p2a: Moltres|Moltres-Galar|100\/100\n|switch|p1a: Mega Emperor|Tornadus-Therian, M|100\/100 tox\n|\n|-damage|p1a: Mega Emperor|94\/100 tox|[from] psn\n|upkeep\n|turn|8\n|\n|t:|1664125056\n|move|p1a: Mega Emperor|Defog|p2a: Moltres\n|-unboost|p2a: Moltres|evasion|1\n|-sideend|p1: Almighty Sa'|Stealth Rock|[from] move: Defog|[of] p1a: Mega Emperor\n|move|p2a: Moltres|Fiery Wrath|p1a: Mega Emperor\n|-damage|p1a: Mega Emperor|11\/100 tox\n|\n|-end|p2a: Moltres|move: Future Sight\n|-immune|p2a: Moltres\n|-damage|p1a: Mega Emperor|0 fnt|[from] psn\n|faint|p1a: Mega Emperor\n|upkeep\n|\n|t:|1664125066\n|switch|p1a: Rokusho|Weavile, M|100\/100\n|-ability|p1a: Rokusho|Pressure\n|turn|9\n|\n|t:|1664125070\n|switch|p2a: Clefable|Clefable, M|100\/100\n|move|p1a: Rokusho|Swords Dance|p1a: Rokusho\n|-boost|p1a: Rokusho|atk|2\n|\n|upkeep\n|turn|10\n|\n|t:|1664125073\n|move|p1a: Rokusho|Icicle Crash|p2a: Clefable\n|-damage|p2a: Clefable|0 fnt\n|faint|p2a: Clefable\n|-damage|p1a: Rokusho|91\/100|[from] item: Life Orb\n|\n|upkeep\n|\n|t:|1664125075\n|switch|p2a: Kartana|Kartana|100\/100\n|turn|11\n|\n|t:|1664125079\n|switch|p1a: Arcbeetle|Heatran, M|100\/100\n|move|p2a: Kartana|Smart Strike|p1a: Arcbeetle\n|-resisted|p1a: Arcbeetle\n|-damage|p1a: Arcbeetle|90\/100\n|-status|p2a: Kartana|brn|[from] ability: Flame Body|[of] p1a: Arcbeetle\n|\n|-heal|p1a: Arcbeetle|96\/100|[from] item: Leftovers\n|-damage|p2a: Kartana|94\/100 brn|[from] brn\n|upkeep\n|turn|12\n|\n|t:|1664125093\n|move|p2a: Kartana|Smart Strike|p1a: Arcbeetle\n|-resisted|p1a: Arcbeetle\n|-damage|p1a: Arcbeetle|92\/100\n|move|p1a: Arcbeetle|Magma Storm|p2a: Kartana\n|-supereffective|p2a: Kartana\n|-damage|p2a: Kartana|0 fnt\n|faint|p2a: Kartana\n|\n|-heal|p1a: Arcbeetle|98\/100|[from] item: Leftovers\n|upkeep\n|\n|t:|1664125095\n|switch|p2a: Garchomp|Garchomp, M|47\/100\n|turn|13\n|\n|t:|1664125098\n|switch|p1a: Pink Bean|Slowbro, F|100\/100\n|move|p2a: Garchomp|Earthquake|p1a: Pink Bean\n|-damage|p1a: Pink Bean|73\/100\n|\n|-heal|p2a: Garchomp|53\/100|[from] item: Leftovers\n|upkeep\n|turn|14\n|\n|t:|1664125102\n|move|p2a: Garchomp|Toxic|p1a: Pink Bean\n|-status|p1a: Pink Bean|tox\n|move|p1a: Pink Bean|Future Sight|p2a: Garchomp\n|-start|p1a: Pink Bean|move: Future Sight\n|\n|-heal|p2a: Garchomp|60\/100|[from] item: Leftovers\n|-damage|p1a: Pink Bean|67\/100 tox|[from] psn\n|upkeep\n|turn|15\n|\n|t:|1664125108\n|switch|p2a: Heatran|Heatran, M|100\/100\n|switch|p1a: Rokusho|Weavile, M|91\/100\n|-ability|p1a: Rokusho|Pressure\n|\n|upkeep\n|turn|16\n|\n|t:|1664125117\n|switch|p1a: Pink Bean|Slowbro, F|99\/100 tox\n|move|p2a: Heatran|Magma Storm|p1a: Pink Bean\n|-resisted|p1a: Pink Bean\n|-damage|p1a: Pink Bean|77\/100 tox\n|-activate|p1a: Pink Bean|move: Magma Storm|[of] p2a: Heatran\n|\n|-end|p2a: Heatran|move: Future Sight\n|-resisted|p2a: Heatran\n|-damage|p2a: Heatran|87\/100\n|-heal|p2a: Heatran|94\/100|[from] item: Leftovers\n|-damage|p1a: Pink Bean|71\/100 tox|[from] psn\n|-damage|p1a: Pink Bean|59\/100 tox|[from] move: Magma Storm|[partiallytrapped]\n|upkeep\n|turn|17\n|\n|t:|1664125120\n|move|p2a: Heatran|Taunt|p1a: Pink Bean\n|-start|p1a: Pink Bean|move: Taunt\n|move|p1a: Pink Bean|Body Press|p2a: Heatran\n|-supereffective|p2a: Heatran\n|-damage|p2a: Heatran|46\/100\n|\n|-heal|p2a: Heatran|52\/100|[from] item: Leftovers\n|-damage|p1a: Pink Bean|46\/100 tox|[from] psn\n|-damage|p1a: Pink Bean|34\/100 tox|[from] move: Magma Storm|[partiallytrapped]\n|upkeep\n|turn|18\n|\n|t:|1664125123\n|move|p2a: Heatran|Protect|p2a: Heatran\n|-singleturn|p2a: Heatran|Protect\n|move|p1a: Pink Bean|Body Press|p2a: Heatran\n|-activate|p2a: Heatran|move: Protect\n|\n|-heal|p2a: Heatran|58\/100|[from] item: Leftovers\n|-damage|p1a: Pink Bean|16\/100 tox|[from] psn\n|-damage|p1a: Pink Bean|3\/100 tox|[from] move: Magma Storm|[partiallytrapped]\n|upkeep\n|turn|19\n|\n|t:|1664125126\n|switch|p2a: Toxapex|Toxapex, F|100\/100\n|move|p1a: Pink Bean|Body Press|p2a: Toxapex\n|-resisted|p2a: Toxapex\n|-damage|p2a: Toxapex|92\/100\n|\n|-damage|p1a: Pink Bean|0 fnt|[from] psn\n|faint|p1a: Pink Bean\n|upkeep\n|\n|t:|1664125130\n|switch|p1a: Sumilidon|Zeraora|100\/100\n|turn|20\n|\n|t:|1664125132\n|move|p2a: Toxapex|Baneful Bunker|p2a: Toxapex\n|-singleturn|p2a: Toxapex|move: Protect\n|move|p1a: Sumilidon|Bulk Up|p1a: Sumilidon\n|-boost|p1a: Sumilidon|atk|1\n|-boost|p1a: Sumilidon|def|1\n|\n|upkeep\n|turn|21\n|\n|t:|1664125136\n|move|p1a: Sumilidon|Plasma Fists|p2a: Toxapex\n|-supereffective|p2a: Toxapex\n|-damage|p2a: Toxapex|13\/100\n|-fieldactivate|move: Ion Deluge\n|-hint|Normal-type moves become Electric-type after using Plasma Fists.\n|move|p2a: Toxapex|Infestation|p1a: Sumilidon\n|-damage|p1a: Sumilidon|97\/100\n|-activate|p1a: Sumilidon|move: Infestation|[of] p2a: Toxapex\n|\n|-damage|p1a: Sumilidon|81\/100|[from] move: Infestation|[partiallytrapped]\n|upkeep\n|turn|22\n|\n|t:|1664125143\n|move|p1a: Sumilidon|Bulk Up|p1a: Sumilidon\n|-boost|p1a: Sumilidon|atk|1\n|-boost|p1a: Sumilidon|def|1\n|move|p2a: Toxapex|Recover|p2a: Toxapex\n|-heal|p2a: Toxapex|63\/100\n|\n|-damage|p1a: Sumilidon|65\/100|[from] move: Infestation|[partiallytrapped]\n|upkeep\n|turn|23\n|\n|t:|1664125146\n|move|p1a: Sumilidon|Bulk Up|p1a: Sumilidon\n|-boost|p1a: Sumilidon|atk|1\n|-boost|p1a: Sumilidon|def|1\n|move|p2a: Toxapex|Knock Off|p1a: Sumilidon\n|-damage|p1a: Sumilidon|56\/100\n|-enditem|p1a: Sumilidon|Eject Pack|[from] move: Knock Off|[of] p2a: Toxapex\n|\n|-damage|p1a: Sumilidon|39\/100|[from] move: Infestation|[partiallytrapped]\n|upkeep\n|turn|24\n|\n|t:|1664125149\n|move|p1a: Sumilidon|Plasma Fists|p2a: Toxapex\n|-supereffective|p2a: Toxapex\n|-damage|p2a: Toxapex|0 fnt\n|-fieldactivate|move: Ion Deluge\n|-hint|Normal-type moves become Electric-type after using Plasma Fists.\n|faint|p2a: Toxapex\n|\n|-end|p1a: Sumilidon|Infestation|[partiallytrapped]|[silent]\n|upkeep\n|\n|t:|1664125153\n|switch|p2a: Garchomp|Garchomp, M|60\/100\n|turn|25\n|c|\u2606Almighty Sa'|:O\n|\n|t:|1664125158\n|move|p2a: Garchomp|Protect|p2a: Garchomp\n|-singleturn|p2a: Garchomp|Protect\n|move|p1a: Sumilidon|Play Rough|p2a: Garchomp\n|-activate|p2a: Garchomp|move: Protect\n|\n|-heal|p2a: Garchomp|66\/100|[from] item: Leftovers\n|upkeep\n|turn|26\n|\n|t:|1664125176\n|switch|p2a: Heatran|Heatran, M|58\/100\n|move|p1a: Sumilidon|Close Combat|p2a: Heatran\n|-supereffective|p2a: Heatran\n|-damage|p2a: Heatran|0 fnt\n|-unboost|p1a: Sumilidon|def|1\n|-unboost|p1a: Sumilidon|spd|1\n|faint|p2a: Heatran\n|\n|upkeep\n|\n|t:|1664125179\n|switch|p2a: Garchomp|Garchomp, M|66\/100\n|turn|27\n|\n|t:|1664125182\n|move|p1a: Sumilidon|Play Rough|p2a: Garchomp\n|-supereffective|p2a: Garchomp\n|-damage|p2a: Garchomp|0 fnt\n|-damage|p1a: Sumilidon|27\/100|[from] ability: Rough Skin|[of] p2a: Garchomp\n|faint|p2a: Garchomp\n|\n|upkeep\n|c|\u2606roboPOKE|gg\n|c|\u2606Almighty Sa'|gg\n|-message|roboPOKE forfeited.\n|\n|win|Almighty Sa'\n|raw|Almighty Sa&apos;'s rating: 1578 &rarr; <strong>1599<\/strong><br \/>(+21 for winning)\n|raw|roboPOKE's rating: 1595 &rarr; <strong>1574<\/strong><br \/>(-21 for losing)\n|l|\u2606roboPOKE\n|j| wGum\n|l| wGum\n||Ladder isn't responding, score probably updated but might not have (Request timeout).\n","uploadtime":1664125197,"views":16,"p1id":"almightysa","p2id":"robopoke","formatid":"gen8ou","rating":1574,"private":0,"password":null}