{"id":"gen8ou-1576562070","p1":"El Stefano","p2":"Yukrazy","format":"gen8ou","log":"|j|\u2606El Stefano\n|j|\u2606Yukrazy\n|t:|1652769148\n|gametype|singles\n|player|p1|El Stefano|265|1492\n|player|p2|Yukrazy|102|1477\n|teamsize|p1|6\n|teamsize|p2|6\n|gen|8\n|tier|[Gen 8] OU\n|rated|\n|rule|Sleep Clause Mod: Limit one foe put to sleep\n|rule|Species Clause: Limit one of each Pok\u00e9mon\n|rule|OHKO Clause: OHKO moves are banned\n|rule|Evasion Moves Clause: Evasion moves are banned\n|rule|Endless Battle Clause: Forcing endless battles is banned\n|rule|HP Percentage Mod: HP is shown in percentages\n|rule|Dynamax Clause: You cannot dynamax\n|clearpoke\n|poke|p1|Tapu Koko|\n|poke|p1|Torkoal, F|\n|poke|p1|Venusaur, M|\n|poke|p1|Heatran, M|\n|poke|p1|Rillaboom, M|\n|poke|p1|Landorus-Therian, M|\n|poke|p2|Mew|\n|poke|p2|Zapdos-Galar|\n|poke|p2|Zeraora|\n|poke|p2|Volcarona, M|\n|poke|p2|Dragapult, F|\n|poke|p2|Kartana|\n|teampreview\n|inactive|Battle timer is ON: inactive players will automatically lose when time's up. (requested by Yukrazy)\n|\n|t:|1652769160\n|start\n|switch|p1a: Landorus|Landorus-Therian, M|100\/100\n|switch|p2a: Mew|Mew|100\/100\n|-ability|p1a: Landorus|Intimidate|boost\n|-unboost|p2a: Mew|atk|1\n|turn|1\n|\n|t:|1652769164\n|move|p1a: Landorus|Knock Off|p2a: Mew\n|-supereffective|p2a: Mew\n|-enditem|p2a: Mew|Colbur Berry|[eat]\n|-enditem|p2a: Mew|Colbur Berry|[weaken]\n|-damage|p2a: Mew|70\/100\n|move|p2a: Mew|Stealth Rock|p1a: Landorus\n|-sidestart|p1: El Stefano|move: Stealth Rock\n|\n|upkeep\n|turn|2\n|\n|t:|1652769169\n|switch|p1a: Tapu Koko|Tapu Koko|100\/100\n|-damage|p1a: Tapu Koko|88\/100|[from] Stealth Rock\n|-fieldstart|move: Electric Terrain|[from] ability: Electric Surge|[of] p1a: Tapu Koko\n|move|p2a: Mew|Spikes|p1a: Tapu Koko\n|-sidestart|p1: El Stefano|Spikes\n|\n|-heal|p1a: Tapu Koko|94\/100|[from] item: Leftovers\n|upkeep\n|turn|3\n|\n|t:|1652769171\n|move|p1a: Tapu Koko|Defog|p2a: Mew\n|-unboost|p2a: Mew|evasion|1\n|-sideend|p1: El Stefano|Spikes|[from] move: Defog|[of] p1a: Tapu Koko\n|-sideend|p1: El Stefano|Stealth Rock|[from] move: Defog|[of] p1a: Tapu Koko\n|-fieldend|move: Electric Terrain\n|move|p2a: Mew|Spikes|p1a: Tapu Koko\n|-sidestart|p1: El Stefano|Spikes\n|\n|-heal|p1a: Tapu Koko|99\/100|[from] item: Leftovers\n|upkeep\n|turn|4\n|\n|t:|1652769175\n|move|p1a: Tapu Koko|Thunderbolt|p2a: Mew\n|-damage|p2a: Mew|35\/100\n|move|p2a: Mew|Taunt|p1a: Tapu Koko\n|-start|p1a: Tapu Koko|move: Taunt\n|\n|-heal|p1a: Tapu Koko|100\/100|[from] item: Leftovers\n|upkeep\n|turn|5\n|\n|t:|1652769179\n|move|p1a: Tapu Koko|Thunderbolt|p2a: Mew\n|-damage|p2a: Mew|1\/100\n|move|p2a: Mew|Stealth Rock|p1a: Tapu Koko\n|-sidestart|p1: El Stefano|move: Stealth Rock\n|\n|upkeep\n|turn|6\n|\n|t:|1652769194\n|move|p1a: Tapu Koko|Thunderbolt|p2a: Mew\n|-damage|p2a: Mew|0 fnt\n|faint|p2a: Mew\n|\n|upkeep\n|\n|t:|1652769203\n|switch|p2a: Zeraora|Zeraora|100\/100\n|turn|7\n|\n|t:|1652769211\n|switch|p1a: Landorus|Landorus-Therian, M|100\/100\n|-damage|p1a: Landorus|88\/100|[from] Stealth Rock\n|-ability|p1a: Landorus|Intimidate|boost\n|-unboost|p2a: Zeraora|atk|1\n|move|p2a: Zeraora|Plasma Fists|p1a: Landorus\n|-immune|p1a: Landorus\n|\n|upkeep\n|turn|8\n|\n|t:|1652769219\n|switch|p2a: Zapdos|Zapdos-Galar|100\/100\n|move|p1a: Landorus|U-turn|p2a: Zapdos\n|-resisted|p2a: Zapdos\n|-damage|p2a: Zapdos|92\/100\n|\n|t:|1652769222\n|switch|p1a: Tapu Koko|Tapu Koko|100\/100|[from]move: U-turn\n|-damage|p1a: Tapu Koko|88\/100|[from] Spikes\n|-damage|p1a: Tapu Koko|76\/100|[from] Stealth Rock\n|-fieldstart|move: Electric Terrain|[from] ability: Electric Surge|[of] p1a: Tapu Koko\n|\n|-heal|p1a: Tapu Koko|82\/100|[from] item: Leftovers\n|upkeep\n|turn|9\n|\n|t:|1652769225\n|move|p1a: Tapu Koko|Thunderbolt|p2a: Zapdos\n|-supereffective|p2a: Zapdos\n|-damage|p2a: Zapdos|0 fnt\n|faint|p2a: Zapdos\n|\n|-heal|p1a: Tapu Koko|88\/100|[from] item: Leftovers\n|upkeep\n|\n|t:|1652769229\n|switch|p2a: Zeraora|Zeraora|100\/100\n|turn|10\n|\n|t:|1652769233\n|move|p2a: Zeraora|Bulk Up|p2a: Zeraora\n|-boost|p2a: Zeraora|atk|1\n|-boost|p2a: Zeraora|def|1\n|move|p1a: Tapu Koko|Defog|p2a: Zeraora\n|-unboost|p2a: Zeraora|evasion|1\n|-sideend|p1: El Stefano|Spikes|[from] move: Defog|[of] p1a: Tapu Koko\n|-sideend|p1: El Stefano|Stealth Rock|[from] move: Defog|[of] p1a: Tapu Koko\n|-fieldend|move: Electric Terrain\n|\n|-heal|p1a: Tapu Koko|94\/100|[from] item: Leftovers\n|upkeep\n|turn|11\n|\n|t:|1652769239\n|move|p2a: Zeraora|Bulk Up|p2a: Zeraora\n|-boost|p2a: Zeraora|atk|1\n|-boost|p2a: Zeraora|def|1\n|move|p1a: Tapu Koko|U-turn|p2a: Zeraora\n|-damage|p2a: Zeraora|89\/100\n|inactive|El Stefano has 120 seconds left.\n|inactive|El Stefano has 90 seconds left.\n|inactive|El Stefano has 60 seconds left.\n|\n|t:|1652769354\n|switch|p1a: Landorus|Landorus-Therian, M|88\/100|[from]move: U-turn\n|-ability|p1a: Landorus|Intimidate|boost\n|-unboost|p2a: Zeraora|atk|1\n|\n|upkeep\n|turn|12\n|inactive|El Stefano has 30 seconds left.\n|\n|t:|1652769380\n|move|p1a: Landorus|Earthquake|p2a: Zeraora\n|-supereffective|p2a: Zeraora\n|-damage|p2a: Zeraora|13\/100\n|-enditem|p2a: Zeraora|Weakness Policy\n|-boost|p2a: Zeraora|atk|2|[from] item: Weakness Policy\n|-boost|p2a: Zeraora|spa|2|[from] item: Weakness Policy\n|move|p2a: Zeraora|Bulk Up|p2a: Zeraora\n|-boost|p2a: Zeraora|atk|1\n|-boost|p2a: Zeraora|def|1\n|\n|upkeep\n|turn|13\n|\n|t:|1652769385\n|move|p1a: Landorus|Earthquake|p2a: Zeraora\n|-supereffective|p2a: Zeraora\n|-damage|p2a: Zeraora|0 fnt\n|faint|p2a: Zeraora\n|\n|upkeep\n|\n|t:|1652769389\n|switch|p2a: Dragapult|Dragapult, F|100\/100\n|turn|14\n|\n|t:|1652769394\n|move|p1a: Landorus|Earthquake|p2a: Dragapult\n|-damage|p2a: Dragapult|21\/100\n|move|p2a: Dragapult|Dragon Dance|p2a: Dragapult\n|-boost|p2a: Dragapult|atk|1\n|-boost|p2a: Dragapult|spe|1\n|\n|upkeep\n|turn|15\n|inactive|El Stefano has 30 seconds left.\n|\n|t:|1652769423\n|move|p2a: Dragapult|Dragon Darts|p1a: Landorus\n|-damage|p1a: Landorus|33\/100\n|-anim|p2a: Dragapult|Dragon Darts|p1a: Landorus\n|-damage|p1a: Landorus|0 fnt\n|faint|p1a: Landorus\n|\n|upkeep\n|\n|t:|1652769426\n|switch|p1a: Rillaboom|Rillaboom, M|100\/100\n|-fieldstart|move: Grassy Terrain|[from] ability: Grassy Surge|[of] p1a: Rillaboom\n|turn|16\n|\n|t:|1652769432\n|move|p1a: Rillaboom|Grassy Glide|p2a: Dragapult\n|-resisted|p2a: Dragapult\n|-damage|p2a: Dragapult|0 fnt\n|faint|p2a: Dragapult\n|\n|upkeep\n|\n|t:|1652769434\n|switch|p2a: Kartana|Kartana|100\/100\n|turn|17\n|\n|t:|1652769442\n|switch|p1a: Torkoal|Torkoal, F|100\/100\n|-weather|SunnyDay|[from] ability: Drought|[of] p1a: Torkoal\n|move|p2a: Kartana|Swords Dance|p2a: Kartana\n|-boost|p2a: Kartana|atk|2\n|\n|-weather|SunnyDay|[upkeep]\n|upkeep\n|turn|18\n|\n|t:|1652769446\n|move|p2a: Kartana|Knock Off|p1a: Torkoal\n|-damage|p1a: Torkoal|67\/100\n|-enditem|p1a: Torkoal|Heat Rock|[from] move: Knock Off|[of] p2a: Kartana\n|move|p1a: Torkoal|Lava Plume|p2a: Kartana\n|-supereffective|p2a: Kartana\n|-damage|p2a: Kartana|0 fnt\n|faint|p2a: Kartana\n|\n|-weather|SunnyDay|[upkeep]\n|-heal|p1a: Torkoal|73\/100|[from] Grassy Terrain\n|upkeep\n|-message|Yukrazy forfeited.\n|\n|win|El Stefano\n|raw|El Stefano's rating: 1492 &rarr; <strong>1511<\/strong><br \/>(+19 for winning)\n|raw|Yukrazy's rating: 1477 &rarr; <strong>1458<\/strong><br \/>(-19 for losing)\n|l|\u2606Yukrazy\n","uploadtime":1652769455,"views":20,"p1id":"elstefano","p2id":"yukrazy","formatid":"gen8ou","rating":1458,"private":0,"password":null}