{"id":"gen8challengecup1v1-1681137471","p1":"terrensosaurex","p2":"MurderousMantyke","format":"gen8challengecup1v1","log":"|j|\u2606terrensosaurex\n|j|\u2606MurderousMantyke\n|inactive|Battle timer is ON: inactive players will automatically lose when time's up.\n|t:|1665273994\n|gametype|singles\n|player|p1|terrensosaurex|266|\n|player|p2|MurderousMantyke|#helpstaffxmas|\n|teamsize|p1|6\n|teamsize|p2|6\n|gen|8\n|tier|[Gen 8] Challenge Cup 1v1\n|rated|Tournament battle\n|rule|HP Percentage Mod: HP is shown in percentages\n|rule|Dynamax Clause: You cannot dynamax\n|clearpoke\n|poke|p1|Scyther, L74, M|\n|poke|p1|Starmie, L73|\n|poke|p1|Krokorok, L84, M|\n|poke|p1|Grubbin, L89, F|\n|poke|p1|Conkeldurr, L74, M|\n|poke|p1|Timburr, L88, F|\n|poke|p2|Deino, L89, F|\n|poke|p2|Jirachi, L68|\n|poke|p2|Electabuzz, L75, M|\n|poke|p2|Ferroseed, L88, F|\n|poke|p2|Malamar, L75, M|\n|poke|p2|Blaziken, L73, M|\n|teampreview|1\n|inactive|MurderousMantyke also wants the timer to be on.\n|j|@tsyon\u273f\n|c|\u2606MurderousMantyke|hf\n|inactive|terrensosaurex has 120 seconds left.\n|\n|t:|1665274051\n|start\n|switch|p1a: Krokorok|Krokorok, L84, M|234\/234\n|switch|p2a: Electabuzz|Electabuzz, L75, M|227\/227\n|-ability|p1a: Krokorok|Intimidate|boost\n|-unboost|p2a: Electabuzz|atk|1\n|turn|1\n|\n|t:|1665274060\n|move|p2a: Electabuzz|Low Sweep|p1a: Krokorok\n|-supereffective|p1a: Krokorok\n|-damage|p1a: Krokorok|144\/234\n|-unboost|p1a: Krokorok|spe|1\n|move|p1a: Krokorok|Scorching Sands|p2a: Electabuzz\n|-supereffective|p2a: Electabuzz\n|-damage|p2a: Electabuzz|131\/227\n|\n|upkeep\n|turn|2\n|\n|t:|1665274085\n|move|p2a: Electabuzz|Low Sweep|p1a: Krokorok\n|-supereffective|p1a: Krokorok\n|-damage|p1a: Krokorok|50\/234\n|-unboost|p1a: Krokorok|spe|1\n|move|p1a: Krokorok|Scorching Sands|p2a: Electabuzz\n|-supereffective|p2a: Electabuzz\n|-crit|p2a: Electabuzz\n|-damage|p2a: Electabuzz|0 fnt\n|faint|p2a: Electabuzz\n|\n|win|terrensosaurex\n|n|\u2606terrensosaurex|terrensosaurex\n|n|\u2606MurderousMantyke|murderousmantyke\n|n| tsyon\u273f|tsyon\n","uploadtime":1665274086,"views":4,"p1id":"terrensosaurex","p2id":"murderousmantyke","formatid":"gen8challengecup1v1","rating":0,"private":0,"password":null}