{"id":"gen8ou-1456585688","p1":"Nema1","p2":"wsdfg","format":"gen8ou","log":"|j|\u2606Nema1\n|j|\u2606wsdfg\n|t:|1637255579\n|gametype|singles\n|player|p1|Nema1|101|1492\n|player|p2|wsdfg|1|1507\n|teamsize|p1|6\n|teamsize|p2|6\n|gen|8\n|tier|[Gen 8] OU\n|rated|\n|rule|Sleep Clause Mod: Limit one foe put to sleep\n|rule|Species Clause: Limit one of each Pok\u00e9mon\n|rule|OHKO Clause: OHKO moves are banned\n|rule|Evasion Moves Clause: Evasion moves are banned\n|rule|Endless Battle Clause: Forcing endless battles is banned\n|rule|HP Percentage Mod: HP is shown in percentages\n|rule|Dynamax Clause: You cannot dynamax\n|clearpoke\n|poke|p1|Regidrago|\n|poke|p1|Darmanitan, M|\n|poke|p1|Zapdos|\n|poke|p1|Melmetal|\n|poke|p1|Swampert, F|\n|poke|p1|Rillaboom, M|\n|poke|p2|Scizor, F|\n|poke|p2|Hydreigon, F|\n|poke|p2|Tapu Koko|\n|poke|p2|Slowking, M|\n|poke|p2|Landorus-Therian, M|\n|poke|p2|Corviknight, F|\n|teampreview\n|\n|t:|1637255594\n|start\n|switch|p1a: Swampert|Swampert, F|100\/100\n|switch|p2a: Landorus|Landorus-Therian, M|100\/100\n|-ability|p2a: Landorus|Intimidate|boost\n|-unboost|p1a: Swampert|atk|1\n|turn|1\n|\n|t:|1637255601\n|move|p2a: Landorus|U-turn|p1a: Swampert\n|-damage|p1a: Swampert|82\/100\n|\n|t:|1637255603\n|switch|p2a: Corviknight|Corviknight, F|100\/100|[from]move: U-turn\n|-ability|p2a: Corviknight|Pressure\n|move|p1a: Swampert|Stealth Rock|p2a: Corviknight\n|-sidestart|p2: wsdfg|move: Stealth Rock\n|\n|-heal|p1a: Swampert|88\/100|[from] item: Leftovers\n|upkeep\n|turn|2\n|\n|t:|1637255612\n|move|p1a: Swampert|Flip Turn|p2a: Corviknight\n|-damage|p2a: Corviknight|90\/100\n|-damage|p1a: Swampert|72\/100|[from] item: Rocky Helmet|[of] p2a: Corviknight\n|\n|t:|1637255636\n|switch|p1a: Darmanitan|Darmanitan, M|100\/100|[from]move: Flip Turn\n|move|p2a: Corviknight|Defog|p1a: Darmanitan\n|-unboost|p1a: Darmanitan|evasion|1\n|-sideend|p2: wsdfg|Stealth Rock|[from] move: Defog|[of] p2a: Corviknight\n|\n|upkeep\n|turn|3\n|\n|t:|1637255647\n|switch|p2a: Landorus|Landorus-Therian, M|100\/100\n|-ability|p2a: Landorus|Intimidate|boost\n|-unboost|p1a: Darmanitan|atk|1\n|move|p1a: Darmanitan|Flare Blitz|p2a: Landorus\n|-damage|p2a: Landorus|44\/100\n|-damage|p1a: Darmanitan|80\/100|[from] Recoil\n|\n|-heal|p2a: Landorus|50\/100|[from] item: Leftovers\n|upkeep\n|turn|4\n|\n|t:|1637255658\n|switch|p2a: Slowking|Slowking, M|100\/100\n|move|p1a: Darmanitan|Flare Blitz|p2a: Slowking\n|-resisted|p2a: Slowking\n|-damage|p2a: Slowking|65\/100\n|-damage|p1a: Darmanitan|67\/100|[from] Recoil\n|\n|upkeep\n|turn|5\n|\n|t:|1637255675\n|switch|p1a: Rillaboom|Rillaboom, M|100\/100\n|-fieldstart|move: Grassy Terrain|[from] ability: Grassy Surge|[of] p1a: Rillaboom\n|move|p2a: Slowking|Teleport|p2a: Slowking\n|\n|t:|1637255719\n|switch|p2a: Scizor|Scizor, F|100\/100|[from]move: Teleport\n|\n|upkeep\n|turn|6\n|\n|t:|1637255726\n|move|p1a: Rillaboom|U-turn|p2a: Scizor\n|-resisted|p2a: Scizor\n|-damage|p2a: Scizor|82\/100\n|\n|t:|1637255730\n|switch|p1a: Zapdos|Zapdos, shiny|100\/100|[from]move: U-turn\n|move|p2a: Scizor|Knock Off|p1a: Zapdos\n|-damage|p1a: Zapdos|79\/100\n|-enditem|p1a: Zapdos|Heavy-Duty Boots|[from] move: Knock Off|[of] p2a: Scizor\n|\n|-heal|p2a: Scizor|89\/100|[from] Grassy Terrain\n|upkeep\n|turn|7\n|\n|t:|1637255742\n|switch|p2a: Tapu Koko|Tapu Koko|100\/100\n|-fieldstart|move: Electric Terrain|[from] ability: Electric Surge|[of] p2a: Tapu Koko\n|move|p1a: Zapdos|Hurricane|p2a: Tapu Koko|[miss]\n|-miss|p1a: Zapdos|p2a: Tapu Koko\n|\n|upkeep\n|turn|8\n|\n|t:|1637255757\n|move|p2a: Tapu Koko|U-turn|p1a: Zapdos\n|-resisted|p1a: Zapdos\n|-damage|p1a: Zapdos|73\/100\n|\n|t:|1637255763\n|switch|p2a: Landorus|Landorus-Therian, M|50\/100|[from]move: U-turn\n|-ability|p2a: Landorus|Intimidate|boost\n|-unboost|p1a: Zapdos|atk|1\n|move|p1a: Zapdos|Roost|p1a: Zapdos\n|-heal|p1a: Zapdos|100\/100\n|-singleturn|p1a: Zapdos|move: Roost\n|\n|-heal|p2a: Landorus|56\/100|[from] item: Leftovers\n|upkeep\n|turn|9\n|\n|t:|1637255785\n|switch|p2a: Tapu Koko|Tapu Koko|100\/100\n|move|p1a: Zapdos|Hurricane|p2a: Tapu Koko|[miss]\n|-miss|p1a: Zapdos|p2a: Tapu Koko\n|\n|upkeep\n|turn|10\n|\n|t:|1637255792\n|switch|p1a: Swampert|Swampert, F|72\/100\n|move|p2a: Tapu Koko|Dazzling Gleam|p1a: Swampert\n|-damage|p1a: Swampert|49\/100\n|\n|-heal|p1a: Swampert|55\/100|[from] item: Leftovers\n|upkeep\n|turn|11\n|\n|t:|1637255802\n|move|p2a: Tapu Koko|U-turn|p1a: Swampert\n|-damage|p1a: Swampert|42\/100\n|\n|t:|1637255805\n|switch|p2a: Corviknight|Corviknight, F|90\/100|[from]move: U-turn\n|-ability|p2a: Corviknight|Pressure\n|move|p1a: Swampert|Stealth Rock|p2a: Corviknight\n|-sidestart|p2: wsdfg|move: Stealth Rock\n|\n|-heal|p1a: Swampert|48\/100|[from] item: Leftovers\n|-fieldend|move: Electric Terrain\n|upkeep\n|turn|12\n|\n|t:|1637255820\n|switch|p1a: Darmanitan|Darmanitan, M|67\/100\n|move|p2a: Corviknight|U-turn|p1a: Darmanitan\n|-resisted|p1a: Darmanitan\n|-damage|p1a: Darmanitan|55\/100\n|\n|t:|1637255832\n|switch|p2a: Landorus|Landorus-Therian, M|56\/100|[from]move: U-turn\n|-damage|p2a: Landorus|44\/100|[from] Stealth Rock\n|-ability|p2a: Landorus|Intimidate|boost\n|-unboost|p1a: Darmanitan|atk|1\n|\n|-heal|p2a: Landorus|50\/100|[from] item: Leftovers\n|upkeep\n|turn|13\n|\n|t:|1637255842\n|switch|p1a: Rillaboom|Rillaboom, M|100\/100\n|-fieldstart|move: Grassy Terrain|[from] ability: Grassy Surge|[of] p1a: Rillaboom\n|switch|p2a: Slowking|Slowking, M|98\/100\n|\n|-heal|p2a: Slowking|100\/100|[from] Grassy Terrain\n|upkeep\n|turn|14\n|\n|t:|1637255856\n|switch|p2a: Corviknight|Corviknight, F|90\/100\n|-damage|p2a: Corviknight|78\/100|[from] Stealth Rock\n|-ability|p2a: Corviknight|Pressure\n|move|p1a: Rillaboom|U-turn|p2a: Corviknight\n|-resisted|p2a: Corviknight\n|-damage|p2a: Corviknight|72\/100\n|-damage|p1a: Rillaboom|84\/100|[from] item: Rocky Helmet|[of] p2a: Corviknight\n|\n|t:|1637255865\n|switch|p1a: Darmanitan|Darmanitan, M|55\/100|[from]move: U-turn\n|\n|-heal|p1a: Darmanitan|62\/100|[from] Grassy Terrain\n|upkeep\n|turn|15\n|\n|t:|1637255874\n|switch|p2a: Slowking|Slowking, M|100\/100\n|move|p1a: Darmanitan|Earthquake|p2a: Slowking\n|-damage|p2a: Slowking|79\/100\n|-damage|p1a: Darmanitan|52\/100|[from] item: Life Orb\n|\n|-heal|p1a: Darmanitan|58\/100|[from] Grassy Terrain\n|-heal|p2a: Slowking|85\/100|[from] Grassy Terrain\n|upkeep\n|turn|16\n|\n|t:|1637255900\n|switch|p1a: Rillaboom|Rillaboom, M|84\/100\n|move|p2a: Slowking|Teleport|p2a: Slowking\n|\n|t:|1637255917\n|switch|p2a: Corviknight|Corviknight, F|72\/100|[from]move: Teleport\n|-damage|p2a: Corviknight|60\/100|[from] Stealth Rock\n|-ability|p2a: Corviknight|Pressure\n|\n|-heal|p1a: Rillaboom|90\/100|[from] Grassy Terrain\n|upkeep\n|turn|17\n|\n|t:|1637255936\n|switch|p1a: Zapdos|Zapdos, shiny|100\/100\n|move|p2a: Corviknight|Defog|p1a: Zapdos\n|-unboost|p1a: Zapdos|evasion|1\n|-sideend|p2: wsdfg|Stealth Rock|[from] move: Defog|[of] p2a: Corviknight\n|-fieldend|move: Grassy Terrain\n|\n|upkeep\n|turn|18\n|\n|t:|1637255949\n|switch|p2a: Tapu Koko|Tapu Koko|100\/100\n|-fieldstart|move: Electric Terrain|[from] ability: Electric Surge|[of] p2a: Tapu Koko\n|move|p1a: Zapdos|Hurricane|p2a: Tapu Koko\n|-resisted|p2a: Tapu Koko\n|-damage|p2a: Tapu Koko|66\/100\n|\n|upkeep\n|turn|19\n|\n|t:|1637255968\n|switch|p1a: Rillaboom|Rillaboom, M|90\/100\n|-fieldstart|move: Grassy Terrain|[from] ability: Grassy Surge|[of] p1a: Rillaboom\n|move|p2a: Tapu Koko|Dazzling Gleam|p1a: Rillaboom\n|-damage|p1a: Rillaboom|49\/100\n|\n|-heal|p2a: Tapu Koko|72\/100|[from] Grassy Terrain\n|-heal|p1a: Rillaboom|55\/100|[from] Grassy Terrain\n|upkeep\n|turn|20\n|\n|t:|1637255985\n|switch|p2a: Corviknight|Corviknight, F|60\/100\n|-ability|p2a: Corviknight|Pressure\n|move|p1a: Rillaboom|U-turn|p2a: Corviknight\n|-resisted|p2a: Corviknight\n|-damage|p2a: Corviknight|54\/100\n|-damage|p1a: Rillaboom|38\/100|[from] item: Rocky Helmet|[of] p2a: Corviknight\n|\n|t:|1637256037\n|switch|p1a: Zapdos|Zapdos, shiny|100\/100|[from]move: U-turn\n|\n|upkeep\n|turn|21\n|\n|t:|1637256043\n|switch|p2a: Tapu Koko|Tapu Koko|72\/100\n|-fieldstart|move: Electric Terrain|[from] ability: Electric Surge|[of] p2a: Tapu Koko\n|move|p1a: Zapdos|Discharge|p2a: Tapu Koko\n|-resisted|p2a: Tapu Koko\n|-damage|p2a: Tapu Koko|48\/100\n|\n|upkeep\n|turn|22\n|\n|t:|1637256057\n|switch|p1a: Melmetal|Melmetal|100\/100\n|move|p2a: Tapu Koko|Roost|p2a: Tapu Koko\n|-heal|p2a: Tapu Koko|98\/100\n|-singleturn|p2a: Tapu Koko|move: Roost\n|\n|upkeep\n|turn|23\n|\n|t:|1637256064\n|move|p2a: Tapu Koko|U-turn|p1a: Melmetal\n|-resisted|p1a: Melmetal\n|-damage|p1a: Melmetal|95\/100\n|\n|t:|1637256066\n|switch|p2a: Landorus|Landorus-Therian, M|50\/100|[from]move: U-turn\n|-ability|p2a: Landorus|Intimidate|boost\n|-unboost|p1a: Melmetal|atk|1\n|move|p1a: Melmetal|Ice Punch|p2a: Landorus\n|-supereffective|p2a: Landorus\n|-damage|p2a: Landorus|0 fnt\n|faint|p2a: Landorus\n|\n|upkeep\n|\n|t:|1637256079\n|switch|p2a: Slowking|Slowking, M|100\/100\n|turn|24\n|\n|t:|1637256082\n|move|p1a: Melmetal|Thunder Punch|p2a: Slowking\n|-supereffective|p2a: Slowking\n|-damage|p2a: Slowking|43\/100\n|move|p2a: Slowking|Scald|p1a: Melmetal\n|-damage|p1a: Melmetal|80\/100\n|\n|upkeep\n|turn|25\n|\n|t:|1637256093\n|switch|p2a: Scizor|Scizor, F|89\/100\n|move|p1a: Melmetal|Thunder Punch|p2a: Scizor\n|-damage|p2a: Scizor|59\/100\n|\n|-fieldend|move: Electric Terrain\n|upkeep\n|turn|26\n|\n|t:|1637256104\n|switch|p1a: Zapdos|Zapdos, shiny|100\/100\n|move|p2a: Scizor|Knock Off|p1a: Zapdos\n|-damage|p1a: Zapdos|85\/100\n|-status|p2a: Scizor|par|[from] ability: Static|[of] p1a: Zapdos\n|\n|upkeep\n|turn|27\n|\n|t:|1637256119\n|switch|p2a: Tapu Koko|Tapu Koko|98\/100\n|-fieldstart|move: Electric Terrain|[from] ability: Electric Surge|[of] p2a: Tapu Koko\n|move|p1a: Zapdos|Discharge|p2a: Tapu Koko\n|-resisted|p2a: Tapu Koko\n|-damage|p2a: Tapu Koko|71\/100\n|\n|upkeep\n|turn|28\n|\n|t:|1637256129\n|move|p2a: Tapu Koko|Dazzling Gleam|p1a: Zapdos\n|-damage|p1a: Zapdos|54\/100\n|move|p1a: Zapdos|Roost|p1a: Zapdos\n|-heal|p1a: Zapdos|100\/100\n|-singleturn|p1a: Zapdos|move: Roost\n|\n|upkeep\n|turn|29\n|\n|t:|1637256137\n|move|p2a: Tapu Koko|Dazzling Gleam|p1a: Zapdos\n|-damage|p1a: Zapdos|66\/100\n|move|p1a: Zapdos|Discharge|p2a: Tapu Koko\n|-resisted|p2a: Tapu Koko\n|-damage|p2a: Tapu Koko|47\/100\n|\n|upkeep\n|turn|30\n|\n|t:|1637256145\n|switch|p1a: Melmetal|Melmetal|80\/100\n|move|p2a: Tapu Koko|Dazzling Gleam|p1a: Melmetal\n|-resisted|p1a: Melmetal\n|-damage|p1a: Melmetal|71\/100\n|\n|upkeep\n|turn|31\n|\n|t:|1637256155\n|move|p2a: Tapu Koko|U-turn|p1a: Melmetal\n|-resisted|p1a: Melmetal\n|-damage|p1a: Melmetal|66\/100\n|\n|t:|1637256157\n|switch|p2a: Hydreigon|Hydreigon, F|100\/100|[from]move: U-turn\n|move|p1a: Melmetal|Double Iron Bash|p2a: Hydreigon\n|-damage|p2a: Hydreigon|62\/100\n|-damage|p2a: Hydreigon|24\/100\n|-hitcount|p2a: Hydreigon|2\n|\n|-heal|p2a: Hydreigon|30\/100|[from] item: Leftovers\n|-fieldend|move: Electric Terrain\n|upkeep\n|turn|32\n|\n|t:|1637256202\n|switch|p1a: Swampert|Swampert, F|48\/100\n|move|p2a: Hydreigon|Roost|p2a: Hydreigon\n|-heal|p2a: Hydreigon|81\/100\n|-singleturn|p2a: Hydreigon|move: Roost\n|\n|-heal|p2a: Hydreigon|87\/100|[from] item: Leftovers\n|-heal|p1a: Swampert|54\/100|[from] item: Leftovers\n|upkeep\n|turn|33\n|\n|t:|1637256220\n|move|p2a: Hydreigon|Nasty Plot|p2a: Hydreigon\n|-boost|p2a: Hydreigon|spa|2\n|move|p1a: Swampert|Stealth Rock|p2a: Hydreigon\n|-sidestart|p2: wsdfg|move: Stealth Rock\n|\n|-heal|p2a: Hydreigon|93\/100|[from] item: Leftovers\n|-heal|p1a: Swampert|61\/100|[from] item: Leftovers\n|upkeep\n|turn|34\n|\n|t:|1637256229\n|move|p2a: Hydreigon|Dark Pulse|p1a: Swampert\n|-damage|p1a: Swampert|7\/100\n|move|p1a: Swampert|Toxic|p2a: Hydreigon\n|-status|p2a: Hydreigon|tox\n|\n|-heal|p2a: Hydreigon|99\/100 tox|[from] item: Leftovers\n|-heal|p1a: Swampert|13\/100|[from] item: Leftovers\n|-damage|p2a: Hydreigon|93\/100 tox|[from] psn\n|upkeep\n|turn|35\n|\n|t:|1637256250\n|move|p2a: Hydreigon|Dark Pulse|p1a: Swampert\n|-damage|p1a: Swampert|0 fnt\n|faint|p1a: Swampert\n|\n|-heal|p2a: Hydreigon|99\/100 tox|[from] item: Leftovers\n|-damage|p2a: Hydreigon|87\/100 tox|[from] psn\n|upkeep\n|\n|t:|1637256270\n|switch|p1a: Regidrago|Regidrago|100\/100\n|turn|36\n|\n|t:|1637256278\n|switch|p2a: Tapu Koko|Tapu Koko|47\/100\n|-fieldstart|move: Electric Terrain|[from] ability: Electric Surge|[of] p2a: Tapu Koko\n|move|p1a: Regidrago|Scale Shot|p2a: Tapu Koko\n|-immune|p2a: Tapu Koko\n|\n|upkeep\n|turn|37\n|\n|t:|1637256289\n|switch|p1a: Zapdos|Zapdos, shiny|66\/100\n|move|p2a: Tapu Koko|Thunderbolt|p1a: Zapdos\n|-damage|p1a: Zapdos|20\/100\n|\n|upkeep\n|turn|38\n|\n|t:|1637256299\n|move|p2a: Tapu Koko|Thunderbolt|p1a: Zapdos\n|-damage|p1a: Zapdos|0 fnt\n|faint|p1a: Zapdos\n|\n|upkeep\n|\n|t:|1637256304\n|switch|p1a: Rillaboom|Rillaboom, M|38\/100\n|-fieldstart|move: Grassy Terrain|[from] ability: Grassy Surge|[of] p1a: Rillaboom\n|turn|39\n|\n|t:|1637256313\n|switch|p2a: Corviknight|Corviknight, F|54\/100\n|-damage|p2a: Corviknight|42\/100|[from] Stealth Rock\n|-ability|p2a: Corviknight|Pressure\n|move|p1a: Rillaboom|U-turn|p2a: Corviknight\n|-resisted|p2a: Corviknight\n|-damage|p2a: Corviknight|37\/100\n|-damage|p1a: Rillaboom|22\/100|[from] item: Rocky Helmet|[of] p2a: Corviknight\n|\n|t:|1637256321\n|switch|p1a: Darmanitan|Darmanitan, M|58\/100|[from]move: U-turn\n|\n|-heal|p1a: Darmanitan|64\/100|[from] Grassy Terrain\n|upkeep\n|turn|40\n|\n|t:|1637256329\n|switch|p2a: Scizor|Scizor, F|59\/100 par\n|-damage|p2a: Scizor|47\/100 par|[from] Stealth Rock\n|move|p1a: Darmanitan|Flare Blitz|p2a: Scizor\n|-supereffective|p2a: Scizor\n|-damage|p2a: Scizor|0 fnt\n|faint|p2a: Scizor\n|-damage|p1a: Darmanitan|49\/100|[from] Recoil\n|\n|-heal|p1a: Darmanitan|55\/100|[from] Grassy Terrain\n|upkeep\n|\n|t:|1637256332\n|switch|p2a: Tapu Koko|Tapu Koko|47\/100\n|-fieldstart|move: Electric Terrain|[from] ability: Electric Surge|[of] p2a: Tapu Koko\n|turn|41\n|\n|t:|1637256350\n|move|p2a: Tapu Koko|Thunderbolt|p1a: Darmanitan\n|-damage|p1a: Darmanitan|0 fnt\n|faint|p1a: Darmanitan\n|\n|upkeep\n|\n|t:|1637256359\n|switch|p1a: Rillaboom|Rillaboom, M|22\/100\n|-fieldstart|move: Grassy Terrain|[from] ability: Grassy Surge|[of] p1a: Rillaboom\n|turn|42\n|\n|t:|1637256366\n|switch|p2a: Corviknight|Corviknight, F|37\/100\n|-damage|p2a: Corviknight|24\/100|[from] Stealth Rock\n|-ability|p2a: Corviknight|Pressure\n|switch|p1a: Regidrago|Regidrago|100\/100\n|\n|upkeep\n|turn|43\n|\n|t:|1637256377\n|switch|p2a: Hydreigon|Hydreigon, F|87\/100 tox\n|-damage|p2a: Hydreigon|74\/100 tox|[from] Stealth Rock\n|move|p1a: Regidrago|Fire Fang|p2a: Hydreigon\n|-resisted|p2a: Hydreigon\n|-damage|p2a: Hydreigon|59\/100 tox\n|\n|-heal|p2a: Hydreigon|65\/100 tox|[from] item: Leftovers\n|-damage|p2a: Hydreigon|59\/100 tox|[from] psn\n|upkeep\n|turn|44\n|\n|t:|1637256392\n|switch|p1a: Melmetal|Melmetal|66\/100\n|move|p2a: Hydreigon|Dark Pulse|p1a: Melmetal\n|-damage|p1a: Melmetal|49\/100\n|\n|-heal|p2a: Hydreigon|65\/100 tox|[from] item: Leftovers\n|-heal|p1a: Melmetal|55\/100|[from] Grassy Terrain\n|-damage|p2a: Hydreigon|53\/100 tox|[from] psn\n|upkeep\n|turn|45\n|\n|t:|1637256404\n|move|p2a: Hydreigon|Earth Power|p1a: Melmetal\n|-supereffective|p1a: Melmetal\n|-damage|p1a: Melmetal|25\/100\n|move|p1a: Melmetal|Ice Punch|p2a: Hydreigon\n|-supereffective|p2a: Hydreigon\n|-damage|p2a: Hydreigon|0 fnt\n|faint|p2a: Hydreigon\n|\n|-heal|p1a: Melmetal|31\/100|[from] Grassy Terrain\n|upkeep\n|\n|t:|1637256415\n|switch|p2a: Corviknight|Corviknight, F|24\/100\n|-damage|p2a: Corviknight|12\/100|[from] Stealth Rock\n|-ability|p2a: Corviknight|Pressure\n|turn|46\n|\n|t:|1637256421\n|move|p2a: Corviknight|Roost|p2a: Corviknight\n|-heal|p2a: Corviknight|62\/100\n|-singleturn|p2a: Corviknight|move: Roost\n|move|p1a: Melmetal|Thunder Punch|p2a: Corviknight\n|-damage|p2a: Corviknight|41\/100\n|-damage|p1a: Melmetal|14\/100|[from] item: Rocky Helmet|[of] p2a: Corviknight\n|\n|-heal|p2a: Corviknight|47\/100|[from] Grassy Terrain\n|-heal|p1a: Melmetal|20\/100|[from] Grassy Terrain\n|-fieldend|move: Grassy Terrain\n|upkeep\n|turn|47\n|\n|t:|1637256441\n|switch|p1a: Regidrago|Regidrago|100\/100\n|move|p2a: Corviknight|Body Press|p1a: Regidrago\n|-damage|p1a: Regidrago|75\/100\n|\n|upkeep\n|turn|48\n|\n|t:|1637256452\n|switch|p2a: Tapu Koko|Tapu Koko|47\/100\n|-fieldstart|move: Electric Terrain|[from] ability: Electric Surge|[of] p2a: Tapu Koko\n|move|p1a: Regidrago|Fire Fang|p2a: Tapu Koko\n|-damage|p2a: Tapu Koko|5\/100\n|\n|upkeep\n|turn|49\n|\n|t:|1637256462\n|switch|p1a: Melmetal|Melmetal|20\/100\n|move|p2a: Tapu Koko|Dazzling Gleam|p1a: Melmetal\n|-resisted|p1a: Melmetal\n|-damage|p1a: Melmetal|12\/100\n|\n|upkeep\n|turn|50\n|\n|t:|1637256471\n|move|p2a: Tapu Koko|Thunderbolt|p1a: Melmetal\n|-damage|p1a: Melmetal|0 fnt\n|faint|p1a: Melmetal\n|\n|upkeep\n|\n|t:|1637256477\n|switch|p1a: Rillaboom|Rillaboom, M|22\/100\n|-fieldstart|move: Grassy Terrain|[from] ability: Grassy Surge|[of] p1a: Rillaboom\n|turn|51\n|\n|t:|1637256482\n|switch|p2a: Corviknight|Corviknight, F|47\/100\n|-damage|p2a: Corviknight|35\/100|[from] Stealth Rock\n|-ability|p2a: Corviknight|Pressure\n|move|p1a: Rillaboom|Grassy Glide|p2a: Corviknight\n|-resisted|p2a: Corviknight\n|-damage|p2a: Corviknight|24\/100\n|-damage|p1a: Rillaboom|5\/100|[from] item: Rocky Helmet|[of] p2a: Corviknight\n|\n|-heal|p1a: Rillaboom|11\/100|[from] Grassy Terrain\n|upkeep\n|turn|52\n|\n|t:|1637256498\n|move|p1a: Rillaboom|Grassy Glide|p2a: Corviknight\n|-resisted|p2a: Corviknight\n|-damage|p2a: Corviknight|12\/100\n|-damage|p1a: Rillaboom|0 fnt|[from] item: Rocky Helmet|[of] p2a: Corviknight\n|faint|p1a: Rillaboom\n|move|p2a: Corviknight|U-turn|p1: Rillaboom|[notarget]\n|-fail|p2a: Corviknight\n|\n|upkeep\n|\n|t:|1637256506\n|switch|p1a: Regidrago|Regidrago|75\/100\n|turn|53\n|\n|t:|1637256514\n|move|p1a: Regidrago|Scale Shot|p2a: Corviknight\n|-resisted|p2a: Corviknight\n|-crit|p2a: Corviknight\n|-damage|p2a: Corviknight|0 fnt\n|faint|p2a: Corviknight\n|-hitcount|p2: Corviknight|1\n|-unboost|p1a: Regidrago|def|1\n|-boost|p1a: Regidrago|spe|1\n|\n|-heal|p1a: Regidrago|81\/100|[from] Grassy Terrain\n|upkeep\n|\n|t:|1637256527\n|switch|p2a: Slowking|Slowking, M|76\/100\n|turn|54\n|\n|t:|1637256532\n|move|p1a: Regidrago|Scale Shot|p2a: Slowking\n|-damage|p2a: Slowking|50\/100\n|-damage|p2a: Slowking|25\/100\n|-damage|p2a: Slowking|1\/100\n|-hitcount|p2a: Slowking|3\n|-unboost|p1a: Regidrago|def|1\n|-boost|p1a: Regidrago|spe|1\n|move|p2a: Slowking|Future Sight|p1a: Regidrago\n|-start|p2a: Slowking|move: Future Sight\n|\n|-heal|p1a: Regidrago|87\/100|[from] Grassy Terrain\n|-heal|p2a: Slowking|7\/100|[from] Grassy Terrain\n|upkeep\n|turn|55\n|\n|t:|1637256554\n|move|p1a: Regidrago|Scale Shot|p2a: Slowking\n|-damage|p2a: Slowking|0 fnt\n|faint|p2a: Slowking\n|-hitcount|p2: Slowking|1\n|-unboost|p1a: Regidrago|def|1\n|-boost|p1a: Regidrago|spe|1\n|\n|-heal|p1a: Regidrago|93\/100|[from] Grassy Terrain\n|-fieldend|move: Grassy Terrain\n|upkeep\n|\n|t:|1637256556\n|switch|p2a: Tapu Koko|Tapu Koko|5\/100\n|-fieldstart|move: Electric Terrain|[from] ability: Electric Surge|[of] p2a: Tapu Koko\n|turn|56\n|\n|t:|1637256576\n|move|p1a: Regidrago|Scale Shot|p2a: Tapu Koko\n|-immune|p2a: Tapu Koko\n|move|p2a: Tapu Koko|Dazzling Gleam|p1a: Regidrago\n|-supereffective|p1a: Regidrago\n|-damage|p1a: Regidrago|17\/100\n|\n|-end|p1a: Regidrago|move: Future Sight\n|-damage|p1a: Regidrago|0 fnt\n|faint|p1a: Regidrago\n|\n|win|wsdfg\n|upkeep\n|raw|Nema1's rating: 1492 &rarr; <strong>1473<\/strong><br \/>(-19 for losing)\n|raw|wsdfg's rating: 1507 &rarr; <strong>1526<\/strong><br \/>(+19 for winning)\n|l|\u2606wsdfg\n||Ladder isn't responding, score probably updated but might not have (Request timeout).\n","uploadtime":1637256614,"views":26,"p1id":"nema1","p2id":"wsdfg","formatid":"gen8ou","rating":1473,"private":0,"password":null}