{"id":"gen8ou-1654953521","p1":"minimax_ai","p2":"Forwards","format":"gen8ou","log":"|j|\u2606minimax_ai\n|j|\u2606Forwards\n|t:|1662192025\n|gametype|singles\n|player|p1|minimax_ai|102|1366\n|player|p2|Forwards|rollerskater|1419\n|teamsize|p1|6\n|teamsize|p2|6\n|gen|8\n|tier|[Gen 8] OU\n|rated|\n|rule|Sleep Clause Mod: Limit one foe put to sleep\n|rule|Species Clause: Limit one of each Pok\u00e9mon\n|rule|OHKO Clause: OHKO moves are banned\n|rule|Evasion Items Clause: Evasion items are banned\n|rule|Evasion Moves Clause: Evasion moves are banned\n|rule|Endless Battle Clause: Forcing endless battles is banned\n|rule|HP Percentage Mod: HP is shown in percentages\n|rule|Dynamax Clause: You cannot dynamax\n|clearpoke\n|poke|p1|Rotom-Wash|\n|poke|p1|Weavile, F|\n|poke|p1|Landorus-Therian, M|\n|poke|p1|Heatran, M|\n|poke|p1|Tangrowth, F|\n|poke|p1|Melmetal|\n|poke|p2|Tapu Koko|\n|poke|p2|Hawlucha, M|\n|poke|p2|Registeel|\n|poke|p2|Volcarona, F|\n|poke|p2|Moltres-Galar|\n|poke|p2|Landorus-Therian, M|\n|teampreview\n|c|\u2606minimax_ai|hf\n|inactive|Battle timer is ON: inactive players will automatically lose when time's up. (requested by minimax_ai)\n|c|\u2606Forwards|gl\n|\n|t:|1662192039\n|start\n|switch|p1a: landorustherian|Landorus-Therian, M|100\/100\n|switch|p2a: Landorus|Landorus-Therian, M|100\/100\n|-ability|p2a: Landorus|Intimidate|boost\n|-unboost|p1a: landorustherian|atk|1\n|-ability|p1a: landorustherian|Intimidate|boost\n|-unboost|p2a: Landorus|atk|1\n|turn|1\n|\n|t:|1662192041\n|move|p2a: Landorus|Stealth Rock|p1a: landorustherian\n|-sidestart|p1: minimax_ai|move: Stealth Rock\n|move|p1a: landorustherian|Toxic|p2a: Landorus\n|-status|p2a: Landorus|tox\n|\n|-damage|p2a: Landorus|95\/100 tox|[from] psn\n|upkeep\n|turn|2\n|\n|t:|1662192045\n|move|p2a: Landorus|Swords Dance|p2a: Landorus\n|-boost|p2a: Landorus|atk|2\n|move|p1a: landorustherian|Defog|p2a: Landorus\n|-unboost|p2a: Landorus|evasion|1\n|-sideend|p1: minimax_ai|Stealth Rock|[from] move: Defog|[of] p1a: landorustherian\n|\n|-damage|p2a: Landorus|83\/100 tox|[from] psn\n|upkeep\n|turn|3\n|\n|t:|1662192048\n|switch|p1a: Heatran|Heatran, M|100\/100\n|-item|p1a: Heatran|Air Balloon\n|move|p2a: Landorus|Stealth Rock|p1a: Heatran\n|-sidestart|p1: minimax_ai|move: Stealth Rock\n|\n|-damage|p2a: Landorus|65\/100 tox|[from] psn\n|upkeep\n|turn|4\n|\n|t:|1662192053\n|move|p2a: Landorus|Explosion|p1a: Heatran\n|-resisted|p1a: Heatran\n|-damage|p1a: Heatran|32\/100\n|-enditem|p1a: Heatran|Air Balloon\n|faint|p2a: Landorus\n|move|p1a: Heatran|Eruption|p2: Landorus|[notarget]\n|-fail|p1a: Heatran\n|\n|upkeep\n|\n|t:|1662192055\n|switch|p2a: Tapu Koko|Tapu Koko|100\/100\n|-fieldstart|move: Electric Terrain|[from] ability: Electric Surge|[of] p2a: Tapu Koko\n|turn|5\n|\n|t:|1662192060\n|switch|p1a: landorustherian|Landorus-Therian, M|100\/100\n|-damage|p1a: landorustherian|88\/100|[from] Stealth Rock\n|-ability|p1a: landorustherian|Intimidate|boost\n|-unboost|p2a: Tapu Koko|atk|1\n|move|p2a: Tapu Koko|Taunt|p1a: landorustherian\n|-start|p1a: landorustherian|move: Taunt\n|\n|-heal|p1a: landorustherian|94\/100|[from] item: Leftovers\n|upkeep\n|turn|6\n|\n|t:|1662192063\n|switch|p1a: rotomwash|Rotom-Wash|100\/100\n|-damage|p1a: rotomwash|88\/100|[from] Stealth Rock\n|move|p2a: Tapu Koko|Light Screen|p2a: Tapu Koko\n|-sidestart|p2: Forwards|move: Light Screen\n|\n|-heal|p1a: rotomwash|94\/100|[from] item: Leftovers\n|upkeep\n|turn|7\n|\n|t:|1662192066\n|move|p2a: Tapu Koko|Taunt|p1a: rotomwash\n|-start|p1a: rotomwash|move: Taunt\n|cant|p1a: rotomwash|move: Taunt|Nasty Plot\n|\n|-heal|p1a: rotomwash|100\/100|[from] item: Leftovers\n|upkeep\n|turn|8\n|\n|t:|1662192068\n|move|p2a: Tapu Koko|Reflect|p2a: Tapu Koko\n|-sidestart|p2: Forwards|Reflect\n|move|p1a: rotomwash|Hydro Pump|p2a: Tapu Koko\n|-damage|p2a: Tapu Koko|76\/100\n|\n|upkeep\n|turn|9\n|\n|t:|1662192069\n|move|p2a: Tapu Koko|U-turn|p1a: rotomwash\n|-damage|p1a: rotomwash|88\/100\n|\n|t:|1662192074\n|switch|p2a: Moltres|Moltres-Galar|100\/100|[from]move: U-turn\n|move|p1a: rotomwash|Hydro Pump|p2a: Moltres|[miss]\n|-miss|p1a: rotomwash|p2a: Moltres\n|\n|-heal|p1a: rotomwash|95\/100|[from] item: Leftovers\n|-end|p1a: rotomwash|move: Taunt\n|-fieldend|move: Electric Terrain\n|upkeep\n|turn|10\n|\n|t:|1662192079\n|switch|p1a: landorustherian|Landorus-Therian, M|94\/100\n|-damage|p1a: landorustherian|82\/100|[from] Stealth Rock\n|-ability|p1a: landorustherian|Intimidate|boost\n|-unboost|p2a: Moltres|atk|1\n|move|p2a: Moltres|Agility|p2a: Moltres\n|-boost|p2a: Moltres|spe|2\n|\n|-heal|p1a: landorustherian|88\/100|[from] item: Leftovers\n|upkeep\n|turn|11\n|\n|t:|1662192081\n|move|p2a: Moltres|Nasty Plot|p2a: Moltres\n|-boost|p2a: Moltres|spa|2\n|move|p1a: landorustherian|Defog|p2a: Moltres\n|-unboost|p2a: Moltres|evasion|1\n|-sideend|p2: Forwards|Reflect\n|-sideend|p2: Forwards|move: Light Screen\n|-sideend|p1: minimax_ai|Stealth Rock|[from] move: Defog|[of] p1a: landorustherian\n|\n|-heal|p1a: landorustherian|94\/100|[from] item: Leftovers\n|upkeep\n|turn|12\n|\n|t:|1662192083\n|switch|p1a: Melmetal|Melmetal|100\/100\n|move|p2a: Moltres|Fiery Wrath|p1a: Melmetal\n|-damage|p1a: Melmetal|57\/100\n|\n|upkeep\n|turn|13\n|\n|t:|1662192087\n|move|p2a: Moltres|Fiery Wrath|p1a: Melmetal\n|-damage|p1a: Melmetal|11\/100\n|move|p1a: Melmetal|Ice Punch|p2a: Moltres\n|-supereffective|p2a: Moltres\n|-damage|p2a: Moltres|27\/100\n|-enditem|p2a: Moltres|Weakness Policy\n|-boost|p2a: Moltres|atk|2|[from] item: Weakness Policy\n|-boost|p2a: Moltres|spa|2|[from] item: Weakness Policy\n|-ability|p2a: Moltres|Berserk|boost\n|-boost|p2a: Moltres|spa|1\n|\n|upkeep\n|turn|14\n|\n|t:|1662192092\n|move|p2a: Moltres|Fiery Wrath|p1a: Melmetal\n|-damage|p1a: Melmetal|0 fnt\n|faint|p1a: Melmetal\n|\n|upkeep\n|\n|t:|1662192092\n|switch|p1a: Weavile|Weavile, F|100\/100\n|-ability|p1a: Weavile|Pressure\n|turn|15\n|\n|t:|1662192097\n|move|p1a: Weavile|Ice Shard|p2a: Moltres\n|-supereffective|p2a: Moltres\n|-crit|p2a: Moltres\n|-damage|p2a: Moltres|0 fnt\n|faint|p2a: Moltres\n|\n|upkeep\n|\n|t:|1662192101\n|switch|p2a: Tapu Koko|Tapu Koko|76\/100\n|-fieldstart|move: Electric Terrain|[from] ability: Electric Surge|[of] p2a: Tapu Koko\n|turn|16\n|\n|t:|1662192103\n|switch|p1a: rotomwash|Rotom-Wash|95\/100\n|move|p2a: Tapu Koko|Reflect|p2a: Tapu Koko\n|-sidestart|p2: Forwards|Reflect\n|\n|-heal|p1a: rotomwash|100\/100|[from] item: Leftovers\n|upkeep\n|turn|17\n|\n|t:|1662192106\n|move|p2a: Tapu Koko|Taunt|p1a: rotomwash\n|-start|p1a: rotomwash|move: Taunt\n|cant|p1a: rotomwash|move: Taunt|Nasty Plot\n|\n|upkeep\n|turn|18\n|\n|t:|1662192108\n|move|p2a: Tapu Koko|Light Screen|p2a: Tapu Koko\n|-sidestart|p2: Forwards|move: Light Screen\n|move|p1a: rotomwash|Hydro Pump|p2a: Tapu Koko\n|-damage|p2a: Tapu Koko|48\/100\n|\n|upkeep\n|turn|19\n|\n|t:|1662192110\n|switch|p1a: landorustherian|Landorus-Therian, M|94\/100\n|-ability|p1a: landorustherian|Intimidate|boost\n|-unboost|p2a: Tapu Koko|atk|1\n|move|p2a: Tapu Koko|U-turn|p1a: landorustherian\n|-resisted|p1a: landorustherian\n|-damage|p1a: landorustherian|88\/100\n|\n|t:|1662192114\n|switch|p2a: Hawlucha|Hawlucha, M, shiny|100\/100|[from]move: U-turn\n|-enditem|p2a: Hawlucha|Electric Seed\n|-boost|p2a: Hawlucha|def|1|[from] item: Electric Seed\n|\n|-heal|p1a: landorustherian|94\/100|[from] item: Leftovers\n|upkeep\n|turn|20\n|\n|t:|1662192116\n|move|p2a: Hawlucha|Taunt|p1a: landorustherian\n|-start|p1a: landorustherian|move: Taunt\n|cant|p1a: landorustherian|move: Taunt|Toxic\n|\n|-heal|p1a: landorustherian|100\/100|[from] item: Leftovers\n|-fieldend|move: Electric Terrain\n|upkeep\n|turn|21\n|\n|t:|1662192119\n|move|p2a: Hawlucha|Swords Dance|p2a: Hawlucha\n|-boost|p2a: Hawlucha|atk|2\n|move|p1a: landorustherian|U-turn|p2a: Hawlucha\n|-resisted|p2a: Hawlucha\n|-crit|p2a: Hawlucha\n|-damage|p2a: Hawlucha|89\/100\n|\n|t:|1662192119\n|switch|p1a: Weavile|Weavile, F|100\/100|[from]move: U-turn\n|-ability|p1a: Weavile|Pressure\n|\n|upkeep\n|turn|22\n|\n|t:|1662192123\n|switch|p1a: landorustherian|Landorus-Therian, M|100\/100\n|-ability|p1a: landorustherian|Intimidate|boost\n|-unboost|p2a: Hawlucha|atk|1\n|move|p2a: Hawlucha|Acrobatics|p1a: landorustherian\n|-damage|p1a: landorustherian|30\/100\n|\n|-heal|p1a: landorustherian|36\/100|[from] item: Leftovers\n|upkeep\n|turn|23\n|\n|t:|1662192126\n|move|p2a: Hawlucha|Acrobatics|p1a: landorustherian\n|-damage|p1a: landorustherian|0 fnt\n|faint|p1a: landorustherian\n|\n|-sideend|p2: Forwards|Reflect\n|upkeep\n|\n|t:|1662192126\n|switch|p1a: rotomwash|Rotom-Wash|100\/100\n|turn|24\n|\n|t:|1662192128\n|move|p2a: Hawlucha|Close Combat|p1a: rotomwash\n|-damage|p1a: rotomwash|19\/100\n|-unboost|p2a: Hawlucha|def|1\n|-unboost|p2a: Hawlucha|spd|1\n|move|p1a: rotomwash|Thunderbolt|p2a: Hawlucha\n|-supereffective|p2a: Hawlucha\n|-damage|p2a: Hawlucha|16\/100\n|\n|-heal|p1a: rotomwash|25\/100|[from] item: Leftovers\n|upkeep\n|turn|25\n|\n|t:|1662192131\n|move|p2a: Hawlucha|Acrobatics|p1a: rotomwash\n|-resisted|p1a: rotomwash\n|-damage|p1a: rotomwash|0 fnt\n|faint|p1a: rotomwash\n|\n|-sideend|p2: Forwards|move: Light Screen\n|upkeep\n|\n|t:|1662192131\n|switch|p1a: Weavile|Weavile, F|100\/100\n|-ability|p1a: Weavile|Pressure\n|turn|26\n|\n|t:|1662192134\n|move|p1a: Weavile|Ice Shard|p2a: Hawlucha\n|-supereffective|p2a: Hawlucha\n|-damage|p2a: Hawlucha|0 fnt\n|faint|p2a: Hawlucha\n|\n|upkeep\n|\n|t:|1662192136\n|switch|p2a: Tapu Koko|Tapu Koko|48\/100\n|-fieldstart|move: Electric Terrain|[from] ability: Electric Surge|[of] p2a: Tapu Koko\n|turn|27\n|\n|t:|1662192138\n|switch|p1a: Tangrowth|Tangrowth, F|100\/100\n|move|p2a: Tapu Koko|Reflect|p2a: Tapu Koko\n|-sidestart|p2: Forwards|Reflect\n|\n|upkeep\n|turn|28\n|\n|t:|1662192140\n|move|p2a: Tapu Koko|Taunt|p1a: Tangrowth\n|-start|p1a: Tangrowth|move: Taunt\n|move|p1a: Tangrowth|Knock Off|p2a: Tapu Koko\n|-resisted|p2a: Tapu Koko\n|-damage|p2a: Tapu Koko|41\/100\n|-enditem|p2a: Tapu Koko|Light Clay|[from] move: Knock Off|[of] p1a: Tangrowth\n|\n|upkeep\n|turn|29\n|\n|t:|1662192141\n|move|p2a: Tapu Koko|Light Screen|p2a: Tapu Koko\n|-sidestart|p2: Forwards|move: Light Screen\n|move|p1a: Tangrowth|Knock Off|p2a: Tapu Koko\n|-resisted|p2a: Tapu Koko\n|-damage|p2a: Tapu Koko|37\/100\n|\n|upkeep\n|turn|30\n|\n|t:|1662192144\n|move|p2a: Tapu Koko|U-turn|p1a: Tangrowth\n|-supereffective|p1a: Tangrowth\n|-damage|p1a: Tangrowth|80\/100\n|-damage|p2a: Tapu Koko|21\/100|[from] item: Rocky Helmet|[of] p1a: Tangrowth\n|\n|t:|1662192146\n|switch|p2a: Volcarona|Volcarona, F, shiny|100\/100|[from]move: U-turn\n|move|p1a: Tangrowth|Knock Off|p2a: Volcarona\n|-damage|p2a: Volcarona|84\/100\n|-enditem|p2a: Volcarona|Heavy-Duty Boots|[from] move: Knock Off|[of] p1a: Tangrowth\n|\n|-end|p1a: Tangrowth|move: Taunt\n|upkeep\n|turn|31\n|\n|t:|1662192150\n|switch|p1a: Heatran|Heatran, M|32\/100\n|move|p2a: Volcarona|Quiver Dance|p2a: Volcarona\n|-boost|p2a: Volcarona|spa|1\n|-boost|p2a: Volcarona|spd|1\n|-boost|p2a: Volcarona|spe|1\n|\n|-fieldend|move: Electric Terrain\n|upkeep\n|turn|32\n|\n|t:|1662192152\n|move|p2a: Volcarona|Quiver Dance|p2a: Volcarona\n|-boost|p2a: Volcarona|spa|1\n|-boost|p2a: Volcarona|spd|1\n|-boost|p2a: Volcarona|spe|1\n|move|p1a: Heatran|Magma Storm|p2a: Volcarona\n|-damage|p2a: Volcarona|70\/100\n|-activate|p2a: Volcarona|move: Magma Storm|[of] p1a: Heatran\n|\n|-damage|p2a: Volcarona|58\/100|[from] move: Magma Storm|[partiallytrapped]\n|upkeep\n|turn|33\n|\n|t:|1662192160\n|move|p2a: Volcarona|Psychic|p1a: Heatran\n|-resisted|p1a: Heatran\n|-damage|p1a: Heatran|0 fnt\n|faint|p1a: Heatran\n|\n|-end|p2a: Volcarona|Magma Storm|[partiallytrapped]|[silent]\n|-sideend|p2: Forwards|move: Light Screen\n|upkeep\n|\n|t:|1662192160\n|switch|p1a: Weavile|Weavile, F|100\/100\n|-ability|p1a: Weavile|Pressure\n|turn|34\n|\n|t:|1662192163\n|move|p1a: Weavile|Ice Shard|p2a: Volcarona\n|-resisted|p2a: Volcarona\n|-damage|p2a: Volcarona|47\/100\n|move|p2a: Volcarona|Flamethrower|p1a: Weavile\n|-supereffective|p1a: Weavile\n|-damage|p1a: Weavile|0 fnt\n|faint|p1a: Weavile\n|\n|-sideend|p2: Forwards|Reflect\n|upkeep\n|\n|t:|1662192163\n|switch|p1a: Tangrowth|Tangrowth, F|100\/100\n|turn|35\n|\n|t:|1662192165\n|move|p2a: Volcarona|Bug Buzz|p1a: Tangrowth\n|-supereffective|p1a: Tangrowth\n|-damage|p1a: Tangrowth|0 fnt\n|faint|p1a: Tangrowth\n|\n|win|Forwards\n|raw|minimax_ai's rating: 1366 &rarr; <strong>1349<\/strong><br \/>(-17 for losing)\n|raw|Forwards's rating: 1419 &rarr; <strong>1436<\/strong><br \/>(+17 for winning)\n|c|\u2606minimax_ai|gg\n","uploadtime":1662192167,"views":26,"p1id":"minimaxai","p2id":"forwards","formatid":"gen8ou","rating":1349,"private":0,"password":null}