{"id":"gen8ou-1533595545","p1":"Enemyne","p2":"beastyj157","format":"gen8ou","log":"|j|\u2606Enemyne\n|j|\u2606beastyj157\n|inactive|Battle timer is ON: inactive players will automatically lose when time's up.\n|t:|1647630731\n|gametype|singles\n|player|p1|Enemyne|veteran|\n|player|p2|beastyj157|skierf|\n|teamsize|p1|6\n|teamsize|p2|6\n|gen|8\n|tier|[Gen 8] OU\n|rated|Tournament battle\n|rule|Sleep Clause Mod: Limit one foe put to sleep\n|rule|OHKO Clause: OHKO moves are banned\n|rule|Evasion Moves Clause: Evasion moves are banned\n|rule|Endless Battle Clause: Forcing endless battles is banned\n|rule|HP Percentage Mod: HP is shown in percentages\n|rule|Dynamax Clause: You cannot dynamax\n|clearpoke\n|poke|p1|Gogoat, M|\n|poke|p1|Gogoat, M|\n|poke|p1|Gogoat, F|\n|poke|p1|Gogoat, M|\n|poke|p1|Gogoat, F|\n|poke|p1|Gogoat, F|\n|poke|p2|Gogoat, M|\n|poke|p2|Gogoat, F|\n|poke|p2|Gogoat, M|\n|poke|p2|Gogoat, M|\n|poke|p2|Gogoat, F|\n|poke|p2|Gogoat, F|\n|teampreview\n|inactive|beastyj157 also wants the timer to be on.\n|j| stikiy\n|\n|t:|1647630745\n|start\n|switch|p1a: the goat|Gogoat, M|100\/100\n|switch|p2a: Gogoat|Gogoat, F|100\/100\n|turn|1\n|\n|t:|1647630747\n|move|p2a: Gogoat|Toxic|p1a: the goat|[miss]\n|-miss|p2a: Gogoat|p1a: the goat\n|move|p1a: the goat|Grassy Terrain|p1a: the goat\n|-fieldstart|move: Grassy Terrain\n|\n|upkeep\n|turn|2\n|j|%htcl (>\u25e1<)\n|c|\u2606beastyj157|F\n|\n|t:|1647630756\n|move|p2a: Gogoat|Toxic|p1a: the goat\n|-status|p1a: the goat|tox\n|move|p1a: the goat|Toxic|p2a: Gogoat\n|-status|p2a: Gogoat|tox\n|\n|-damage|p2a: Gogoat|94\/100 tox|[from] psn\n|-damage|p1a: the goat|94\/100 tox|[from] psn\n|upkeep\n|turn|3\n|\n|t:|1647630763\n|switch|p2a: Gogoat|Gogoat, M|100\/100\n|switch|p1a: bounce set|Gogoat, M|100\/100\n|\n|upkeep\n|turn|4\n|\n|t:|1647630768\n|switch|p2a: Gogoat|Gogoat, F|94\/100 tox\n|move|p1a: bounce set|Roar|p2a: Gogoat\n|drag|p2a: Gogoat|Gogoat, F|100\/100\n|\n|upkeep\n|turn|5\n|\n|t:|1647630772\n|move|p2a: Gogoat|Substitute|p2a: Gogoat\n|-start|p2a: Gogoat|Substitute\n|-damage|p2a: Gogoat|76\/100\n|move|p1a: bounce set|Toxic||[still]\n|-fail|p1a: bounce set\n|\n|-heal|p2a: Gogoat|82\/100|[from] Grassy Terrain\n|-heal|p2a: Gogoat|88\/100|[from] item: Leftovers\n|upkeep\n|turn|6\n|j| athbho22\n|\n|t:|1647630775\n|move|p2a: Gogoat|Aerial Ace|p1a: bounce set\n|-supereffective|p1a: bounce set\n|-damage|p1a: bounce set|83\/100\n|-damage|p2a: Gogoat|72\/100|[from] item: Rocky Helmet|[of] p1a: bounce set\n|move|p1a: bounce set|Roar|p2a: Gogoat\n|drag|p2a: Gogoat|Gogoat, M|100\/100\n|\n|-heal|p1a: bounce set|89\/100|[from] Grassy Terrain\n|upkeep\n|turn|7\n|j| TheNewBrends11\n|\n|t:|1647630783\n|move|p2a: Gogoat|Bulk Up|p2a: Gogoat\n|-boost|p2a: Gogoat|atk|1\n|-boost|p2a: Gogoat|def|1\n|move|p1a: bounce set|Toxic|p2a: Gogoat\n|-status|p2a: Gogoat|tox\n|\n|-heal|p1a: bounce set|96\/100|[from] Grassy Terrain\n|-damage|p2a: Gogoat|94\/100 tox|[from] psn\n|upkeep\n|turn|8\n|j| blacksqualo\n|\n|t:|1647630787\n|move|p2a: Gogoat|Aerial Ace|p1a: bounce set\n|-supereffective|p1a: bounce set\n|-damage|p1a: bounce set|76\/100\n|-damage|p2a: Gogoat|78\/100 tox|[from] item: Rocky Helmet|[of] p1a: bounce set\n|move|p1a: bounce set|Roar|p2a: Gogoat\n|drag|p2a: Gogoat|Gogoat, M|100\/100\n|\n|-heal|p1a: bounce set|82\/100|[from] Grassy Terrain\n|-fieldend|move: Grassy Terrain\n|upkeep\n|turn|9\n|l| stikiy\n|l| blacksqualo\n|c|\u2606beastyj157|nice strat holy\n|c|\u2606Enemyne|lol u know what i just realized\n|inactive|beastyj157 has 120 seconds left.\n|\n|t:|1647630817\n|move|p2a: Gogoat|Bulk Up|p2a: Gogoat\n|-boost|p2a: Gogoat|atk|1\n|-boost|p2a: Gogoat|def|1\n|move|p1a: bounce set|Toxic|p2a: Gogoat\n|-status|p2a: Gogoat|tox\n|\n|-damage|p2a: Gogoat|94\/100 tox|[from] psn\n|upkeep\n|turn|10\n|c|\u2606Enemyne|all mine have unique names\n|c|\u2606Enemyne|so u know which it is\n|c|\u2606Enemyne|i have no fucking clue\n|c|\u2606Enemyne|what goat those are\n|\n|t:|1647630828\n|move|p2a: Gogoat|Aerial Ace|p1a: bounce set\n|-supereffective|p1a: bounce set\n|-damage|p1a: bounce set|43\/100\n|-damage|p2a: Gogoat|78\/100 tox|[from] item: Rocky Helmet|[of] p1a: bounce set\n|move|p1a: bounce set|Roar|p2a: Gogoat\n|drag|p2a: Gogoat|Gogoat, F|72\/100\n|\n|-heal|p2a: Gogoat|78\/100|[from] item: Leftovers\n|upkeep\n|turn|11\n|\n|t:|1647630835\n|move|p2a: Gogoat|Substitute|p2a: Gogoat\n|-start|p2a: Gogoat|Substitute\n|-damage|p2a: Gogoat|53\/100\n|move|p1a: bounce set|Milk Drink|p1a: bounce set\n|-heal|p1a: bounce set|93\/100\n|\n|-heal|p2a: Gogoat|59\/100|[from] item: Leftovers\n|upkeep\n|turn|12\n|\n|t:|1647630840\n|move|p2a: Gogoat|Milk Drink|p2a: Gogoat\n|-heal|p2a: Gogoat|100\/100\n|move|p1a: bounce set|Roar|p2a: Gogoat\n|drag|p2a: Gogoat|Gogoat, F|100\/100\n|\n|upkeep\n|turn|13\n|\n|t:|1647630843\n|switch|p1a: the goat|Gogoat, M|94\/100 tox\n|move|p2a: Gogoat|Toxic|p1a: the goat\n|-fail|p1a: the goat|tox\n|\n|-damage|p1a: the goat|88\/100 tox|[from] psn\n|upkeep\n|turn|14\n|c|\u2606beastyj157|how do u know\n|\n|t:|1647630855\n|move|p2a: Gogoat|Substitute|p2a: Gogoat\n|-start|p2a: Gogoat|Substitute\n|-damage|p2a: Gogoat|76\/100\n|move|p1a: the goat|Grassy Terrain|p1a: the goat\n|-fieldstart|move: Grassy Terrain\n|\n|-heal|p2a: Gogoat|82\/100|[from] Grassy Terrain\n|-heal|p2a: Gogoat|88\/100|[from] item: Leftovers\n|-heal|p1a: the goat|94\/100 tox|[from] Grassy Terrain\n|-damage|p1a: the goat|82\/100 tox|[from] psn\n|upkeep\n|turn|15\n|l| athbho22\n|\n|t:|1647630870\n|switch|p1a: bounce set|Gogoat, M|93\/100\n|move|p2a: Gogoat|Bulk Up|p2a: Gogoat\n|-boost|p2a: Gogoat|atk|1\n|-boost|p2a: Gogoat|def|1\n|\n|-heal|p2a: Gogoat|94\/100|[from] Grassy Terrain\n|-heal|p2a: Gogoat|100\/100|[from] item: Leftovers\n|-heal|p1a: bounce set|99\/100|[from] Grassy Terrain\n|upkeep\n|turn|16\n|inactive|Enemyne has 120 seconds left.\n|\n|t:|1647630902\n|move|p2a: Gogoat|Toxic|p1a: bounce set\n|-status|p1a: bounce set|tox\n|move|p1a: bounce set|Roar|p2a: Gogoat\n|drag|p2a: Gogoat|Gogoat, F|100\/100\n|\n|-heal|p1a: bounce set|100\/100 tox|[from] Grassy Terrain\n|-damage|p1a: bounce set|94\/100 tox|[from] psn\n|upkeep\n|turn|17\n|inactive|Enemyne has 120 seconds left.\n|\n|t:|1647630910\n|switch|p1a: goat that goes|Gogoat, F|100\/100\n|move|p2a: Gogoat|Substitute|p2a: Gogoat\n|-start|p2a: Gogoat|Substitute\n|-damage|p2a: Gogoat|76\/100\n|\n|-heal|p2a: Gogoat|82\/100|[from] Grassy Terrain\n|-heal|p2a: Gogoat|88\/100|[from] item: Leftovers\n|upkeep\n|turn|18\n|\n|t:|1647630925\n|switch|p1a: bounce set|Gogoat, M|94\/100 tox\n|move|p2a: Gogoat|Aerial Ace|p1a: bounce set\n|-supereffective|p1a: bounce set\n|-damage|p1a: bounce set|77\/100 tox\n|-damage|p2a: Gogoat|72\/100|[from] item: Rocky Helmet|[of] p1a: bounce set\n|\n|-heal|p2a: Gogoat|78\/100|[from] Grassy Terrain\n|-heal|p2a: Gogoat|84\/100|[from] item: Leftovers\n|-heal|p1a: bounce set|84\/100 tox|[from] Grassy Terrain\n|-damage|p1a: bounce set|77\/100 tox|[from] psn\n|upkeep\n|turn|19\n|\n|t:|1647630928\n|move|p2a: Gogoat|Bulk Up|p2a: Gogoat\n|-boost|p2a: Gogoat|atk|1\n|-boost|p2a: Gogoat|def|1\n|move|p1a: bounce set|Roar|p2a: Gogoat\n|drag|p2a: Gogoat|Gogoat, M|78\/100 tox\n|\n|-heal|p2a: Gogoat|84\/100 tox|[from] Grassy Terrain\n|-heal|p1a: bounce set|84\/100 tox|[from] Grassy Terrain\n|-damage|p2a: Gogoat|78\/100 tox|[from] psn\n|-damage|p1a: bounce set|71\/100 tox|[from] psn\n|upkeep\n|turn|20\n|\n|t:|1647630944\n|move|p1a: bounce set|Toxic|p2a: Gogoat\n|-fail|p2a: Gogoat|tox\n|move|p2a: Gogoat|Roar|p1a: bounce set\n|drag|p1a: i am not immune|Gogoat, F|100\/100\n|-enditem|p1a: i am not immune|Grassy Seed\n|-boost|p1a: i am not immune|def|1|[from] item: Grassy Seed\n|\n|-heal|p2a: Gogoat|84\/100 tox|[from] Grassy Terrain\n|-damage|p2a: Gogoat|71\/100 tox|[from] psn\n|upkeep\n|turn|21\n|\n|t:|1647630949\n|move|p1a: i am not immune|Bounce||[still]\n|-prepare|p1a: i am not immune|Bounce\n|move|p2a: Gogoat|Roar|p1a: i am not immune|[miss]\n|-miss|p2a: Gogoat|p1a: i am not immune\n|\n|-heal|p2a: Gogoat|78\/100 tox|[from] Grassy Terrain\n|-damage|p2a: Gogoat|59\/100 tox|[from] psn\n|-fieldend|move: Grassy Terrain\n|upkeep\n|turn|22\n|\n|t:|1647630959\n|move|p2a: Gogoat|Grassy Terrain|p2a: Gogoat\n|-fieldstart|move: Grassy Terrain\n|move|p1a: i am not immune|Bounce|p2a: Gogoat|[from]lockedmove\n|-supereffective|p2a: Gogoat\n|-damage|p2a: Gogoat|31\/100 tox\n|\n|-heal|p2a: Gogoat|38\/100 tox|[from] Grassy Terrain\n|-damage|p2a: Gogoat|13\/100 tox|[from] psn\n|upkeep\n|turn|23\n|\n|t:|1647630977\n|move|p1a: i am not immune|Bounce||[still]\n|-prepare|p1a: i am not immune|Bounce\n|move|p2a: Gogoat|Roar|p1a: i am not immune|[miss]\n|-miss|p2a: Gogoat|p1a: i am not immune\n|\n|-heal|p2a: Gogoat|19\/100 tox|[from] Grassy Terrain\n|-damage|p2a: Gogoat|0 fnt|[from] psn\n|faint|p2a: Gogoat\n|upkeep\n|\n|t:|1647630983\n|switch|p2a: Gogoat|Gogoat, F|100\/100\n|turn|24\n|\n|t:|1647630985\n|move|p2a: Gogoat|Substitute|p2a: Gogoat\n|-start|p2a: Gogoat|Substitute\n|-damage|p2a: Gogoat|76\/100\n|move|p1a: i am not immune|Bounce|p2a: Gogoat|[from]lockedmove\n|-supereffective|p2a: Gogoat\n|-end|p2a: Gogoat|Substitute\n|\n|-heal|p2a: Gogoat|82\/100|[from] Grassy Terrain\n|-heal|p2a: Gogoat|88\/100|[from] item: Leftovers\n|upkeep\n|turn|25\n|\n|t:|1647630989\n|move|p2a: Gogoat|Substitute|p2a: Gogoat\n|-start|p2a: Gogoat|Substitute\n|-damage|p2a: Gogoat|63\/100\n|move|p1a: i am not immune|Toxic||[still]\n|-fail|p1a: i am not immune\n|\n|-heal|p2a: Gogoat|69\/100|[from] Grassy Terrain\n|-heal|p2a: Gogoat|76\/100|[from] item: Leftovers\n|upkeep\n|turn|26\n|\n|t:|1647630993\n|switch|p1a: bounce set|Gogoat, M|71\/100 tox\n|move|p2a: Gogoat|Toxic|p1a: bounce set\n|-fail|p1a: bounce set|tox\n|\n|-heal|p2a: Gogoat|82\/100|[from] Grassy Terrain\n|-heal|p2a: Gogoat|88\/100|[from] item: Leftovers\n|-heal|p1a: bounce set|77\/100 tox|[from] Grassy Terrain\n|-damage|p1a: bounce set|71\/100 tox|[from] psn\n|upkeep\n|turn|27\n|\n|t:|1647630998\n|move|p2a: Gogoat|Bulk Up|p2a: Gogoat\n|-boost|p2a: Gogoat|atk|1\n|-boost|p2a: Gogoat|def|1\n|move|p1a: bounce set|Roar|p2a: Gogoat\n|drag|p2a: Gogoat|Gogoat, F|94\/100 tox\n|\n|-heal|p2a: Gogoat|100\/100 tox|[from] Grassy Terrain\n|-heal|p1a: bounce set|77\/100 tox|[from] Grassy Terrain\n|-damage|p2a: Gogoat|94\/100 tox|[from] psn\n|-damage|p1a: bounce set|65\/100 tox|[from] psn\n|upkeep\n|turn|28\n|\n|t:|1647631006\n|switch|p1a: goat that goes|Gogoat, F|100\/100\n|move|p2a: Gogoat|Substitute|p2a: Gogoat\n|-start|p2a: Gogoat|Substitute\n|-damage|p2a: Gogoat|69\/100 tox\n|\n|-heal|p2a: Gogoat|76\/100 tox|[from] Grassy Terrain\n|-heal|p2a: Gogoat|82\/100 tox|[from] item: Leftovers\n|-damage|p2a: Gogoat|69\/100 tox|[from] psn\n|upkeep\n|turn|29\n|\n|t:|1647631010\n|switch|p1a: bounce set|Gogoat, M|65\/100 tox\n|move|p2a: Gogoat|Toxic|p1a: bounce set\n|-fail|p1a: bounce set|tox\n|\n|-heal|p2a: Gogoat|76\/100 tox|[from] Grassy Terrain\n|-heal|p2a: Gogoat|82\/100 tox|[from] item: Leftovers\n|-heal|p1a: bounce set|71\/100 tox|[from] Grassy Terrain\n|-damage|p2a: Gogoat|63\/100 tox|[from] psn\n|-damage|p1a: bounce set|65\/100 tox|[from] psn\n|-fieldend|move: Grassy Terrain\n|upkeep\n|turn|30\n|c|\u2606beastyj157|icba\n|c|\u2606beastyj157|u win gg\n|-message|beastyj157 forfeited.\n|\n|win|Enemyne\n|n|\u2606Enemyne|enemyne\n|n|\u2606beastyj157|beastyj157\n|n| htcl (>\u25e1<)|htcl\n|n| TheNewBrends11|thenewbrends11\n|l|\u2606beastyj157\n|c|\u2606Enemyne|gg\n|l| htcl (>\u25e1<)\n","uploadtime":1647631647,"views":15,"p1id":"enemyne","p2id":"beastyj157","formatid":"gen8ou","rating":0,"private":0,"password":null}