{"id":"gen8ou-1674444389","p1":"Oryen","p2":"snessy","format":"gen8ou","log":"|j|\u2606Oryen\n|j|\u2606snessy\n|inactive|Battle timer is ON: inactive players will automatically lose when time's up.\n|t:|1664565930\n|gametype|singles\n|player|p1|Oryen|lucas|\n|player|p2|snessy|caitlin-masters|\n|teamsize|p1|2\n|teamsize|p2|2\n|gen|8\n|tier|[Gen 8] OU\n|rated|Tournament battle\n|rule|Sleep Clause Mod: Limit one foe put to sleep\n|rule|Species Clause: Limit one of each Pok\u00e9mon\n|rule|OHKO Clause: OHKO moves are banned\n|rule|Evasion Items Clause: Evasion items are banned\n|rule|Evasion Moves Clause: Evasion moves are banned\n|rule|Endless Battle Clause: Forcing endless battles is banned\n|rule|HP Percentage Mod: HP is shown in percentages\n|rule|Dynamax Clause: You cannot dynamax\n|clearpoke\n|poke|p1|Dragonair, M|\n|poke|p1|Clefable, F|\n|poke|p2|Dragapult, M|\n|poke|p2|Zweilous, M|\n|teampreview\n|j|*Lady Monita\n|j| craltash\n|c|\u2606snessy|clefable\n|c|\u2606snessy|thats gg lol\n|\n|t:|1664565950\n|start\n|switch|p1a: Dragonair|Dragonair, M|100\/100\n|switch|p2a: Dragapult|Dragapult, M|100\/100\n|turn|1\n|j| ASerotoninScare\n|\n|t:|1664565956\n|move|p2a: Dragapult|Thunder Wave|p1a: Dragonair|[miss]\n|-miss|p2a: Dragapult|p1a: Dragonair\n|move|p1a: Dragonair|Breaking Swipe|p2a: Dragapult\n|-supereffective|p2a: Dragapult\n|-damage|p2a: Dragapult|53\/100\n|-unboost|p2a: Dragapult|atk|1\n|\n|upkeep\n|turn|2\n|j| Pok et Glace\n|\n|t:|1664565970\n|move|p2a: Dragapult|Thunder Wave|p1a: Dragonair\n|-status|p1a: Dragonair|par\n|move|p1a: Dragonair|Breaking Swipe|p2a: Dragapult\n|-supereffective|p2a: Dragapult\n|-damage|p2a: Dragapult|3\/100\n|-unboost|p2a: Dragapult|atk|1\n|\n|upkeep\n|turn|3\n|j|%sundays.n_sundaes\n|\n|t:|1664565981\n|move|p2a: Dragapult|U-turn|p1a: Dragonair\n|-damage|p1a: Dragonair|95\/100 par\n|\n|t:|1664565985\n|switch|p2a: Zweilous|Zweilous, M|100\/100|[from]move: U-turn\n|move|p1a: Dragonair|Breaking Swipe|p2a: Zweilous\n|-supereffective|p2a: Zweilous\n|-damage|p2a: Zweilous|54\/100\n|-unboost|p2a: Zweilous|atk|1\n|\n|upkeep\n|turn|4\n|l| craltash\n|\n|t:|1664565995\n|move|p2a: Zweilous|Outrage|p1a: Dragonair\n|-supereffective|p1a: Dragonair\n|-crit|p1a: Dragonair\n|-damage|p1a: Dragonair|0 fnt\n|faint|p1a: Dragonair\n|\n|upkeep\n|\n|t:|1664566000\n|switch|p1a: Clefable|Clefable, F, shiny|100\/100\n|turn|5\n|j| MetalReferencesMan\n|\n|t:|1664566010\n|move|p1a: Clefable|Moonblast|p2a: Zweilous\n|-supereffective|p2a: Zweilous\n|-damage|p2a: Zweilous|0 fnt\n|faint|p2a: Zweilous\n|\n|upkeep\n|j| Mandibuladel5555\n|l| Mandibuladel5555\n|\n|t:|1664566014\n|switch|p2a: Dragapult|Dragapult, M|3\/100\n|turn|6\n|l|%sundays.n_sundaes\n|\n|t:|1664566019\n|move|p2a: Dragapult|Hex|p1a: Clefable\n|-damage|p1a: Clefable|75\/100\n|move|p1a: Clefable|Moonblast|p2a: Dragapult\n|-supereffective|p2a: Dragapult\n|-damage|p2a: Dragapult|0 fnt\n|faint|p2a: Dragapult\n|\n|win|Oryen\n|n|\u2606Oryen|oryen\n|n|\u2606snessy|snessy\n|n|*Lady Monita|ladymonita\n|n| ASerotoninScare|aserotoninscare\n|n| Pok et Glace|poketglace\n|n| MetalReferencesMan|metalreferencesman\n","uploadtime":1664566020,"views":15,"p1id":"oryen","p2id":"snessy","formatid":"gen8ou","rating":0,"private":0,"password":null}