{"id":"gen8ou-1682799968","p1":"gotsnsd","p2":"minimax_ai","format":"gen8ou","log":"|j|\u2606gotsnsd\n|j|\u2606minimax_ai\n|t:|1665459737\n|gametype|singles\n|player|p1|gotsnsd|beauty-gen2jp|1523\n|player|p2|minimax_ai|lusamine-nihilego|1625\n|teamsize|p1|6\n|teamsize|p2|6\n|gen|8\n|tier|[Gen 8] OU\n|rated|\n|rule|Sleep Clause Mod: Limit one foe put to sleep\n|rule|Species Clause: Limit one of each Pok\u00e9mon\n|rule|OHKO Clause: OHKO moves are banned\n|rule|Evasion Items Clause: Evasion items are banned\n|rule|Evasion Moves Clause: Evasion moves are banned\n|rule|Endless Battle Clause: Forcing endless battles is banned\n|rule|HP Percentage Mod: HP is shown in percentages\n|rule|Dynamax Clause: You cannot dynamax\n|clearpoke\n|poke|p1|Melmetal|\n|poke|p1|Blacephalon|\n|poke|p1|Ferrothorn, M|\n|poke|p1|Slowking, M|\n|poke|p1|Landorus-Therian, M|\n|poke|p1|Zapdos-Galar|\n|poke|p2|Rotom-Wash|\n|poke|p2|Weavile, F|\n|poke|p2|Landorus-Therian, M|\n|poke|p2|Heatran, M|\n|poke|p2|Tangrowth, F|\n|poke|p2|Melmetal|\n|teampreview\n|c|\u2606minimax_ai|hf\n|\n|t:|1665459741\n|start\n|switch|p1a: Blacephalon|Blacephalon|100\/100\n|switch|p2a: Tangrowth|Tangrowth, F|100\/100\n|turn|1\n|inactive|Battle timer is ON: inactive players will automatically lose when time's up. (requested by minimax_ai)\n|\n|t:|1665459749\n|switch|p1a: Zapdos|Zapdos-Galar|100\/100\n|switch|p2a: rotomwash|Rotom-Wash|100\/100\n|\n|upkeep\n|turn|2\n|\n|t:|1665459755\n|move|p1a: Zapdos|U-turn|p2a: rotomwash\n|-damage|p2a: rotomwash|74\/100\n|\n|t:|1665459759\n|switch|p1a: Slowking|Slowking, M|100\/100|[from]move: U-turn\n|move|p2a: rotomwash|Pain Split|p1a: Slowking\n|-sethp|p1a: Slowking|79\/100|[from] move: Pain Split|[silent]\n|-sethp|p2a: rotomwash|100\/100|[from] move: Pain Split\n|\n|upkeep\n|turn|3\n|\n|t:|1665459761\n|move|p2a: rotomwash|Nasty Plot|p2a: rotomwash\n|-boost|p2a: rotomwash|spa|2\n|move|p1a: Slowking|Future Sight|p2a: rotomwash\n|-start|p1a: Slowking|move: Future Sight\n|\n|upkeep\n|turn|4\n|\n|t:|1665459764\n|move|p2a: rotomwash|Nasty Plot|p2a: rotomwash\n|-boost|p2a: rotomwash|spa|2\n|move|p1a: Slowking|Teleport|p1a: Slowking\n|\n|t:|1665459771\n|switch|p1a: Blacephalon|Blacephalon|100\/100|[from]move: Teleport\n|\n|upkeep\n|turn|5\n|\n|t:|1665459774\n|move|p1a: Blacephalon|Shadow Ball|p2a: rotomwash\n|-damage|p2a: rotomwash|27\/100\n|move|p2a: rotomwash|Thunderbolt|p1a: Blacephalon\n|-damage|p1a: Blacephalon|0 fnt\n|faint|p1a: Blacephalon\n|\n|-end|p2a: rotomwash|move: Future Sight\n|-damage|p2a: rotomwash|0 fnt\n|faint|p2a: rotomwash\n|upkeep\n|\n|t:|1665459779\n|switch|p1a: Zapdos|Zapdos-Galar|100\/100\n|switch|p2a: Tangrowth|Tangrowth, F|100\/100\n|turn|6\n|\n|t:|1665459784\n|move|p1a: Zapdos|U-turn|p2a: Tangrowth\n|-supereffective|p2a: Tangrowth\n|-damage|p2a: Tangrowth|75\/100\n|-damage|p1a: Zapdos|84\/100|[from] item: Rocky Helmet|[of] p2a: Tangrowth\n|\n|t:|1665459789\n|switch|p1a: Landorus|Landorus-Therian, M|100\/100|[from]move: U-turn\n|-ability|p1a: Landorus|Intimidate|boost\n|-unboost|p2a: Tangrowth|atk|1\n|move|p2a: Tangrowth|Sleep Powder|p1a: Landorus\n|-status|p1a: Landorus|slp|[from] move: Sleep Powder\n|\n|upkeep\n|turn|7\n|\n|t:|1665459795\n|switch|p2a: Heatran|Heatran, M|100\/100\n|-item|p2a: Heatran|Air Balloon\n|cant|p1a: Landorus|slp\n|\n|upkeep\n|turn|8\n|\n|t:|1665459799\n|move|p2a: Heatran|Stealth Rock|p1a: Landorus\n|-sidestart|p1: gotsnsd|move: Stealth Rock\n|cant|p1a: Landorus|slp\n|\n|upkeep\n|turn|9\n|\n|t:|1665459803\n|move|p2a: Heatran|Eruption|p1a: Landorus\n|-damage|p1a: Landorus|34\/100 slp\n|-curestatus|p1a: Landorus|slp|[msg]\n|move|p1a: Landorus|U-turn|p2a: Heatran\n|-resisted|p2a: Heatran\n|-damage|p2a: Heatran|95\/100\n|-enditem|p2a: Heatran|Air Balloon\n|\n|t:|1665459808\n|switch|p1a: Zapdos|Zapdos-Galar|84\/100|[from]move: U-turn\n|-damage|p1a: Zapdos|72\/100|[from] Stealth Rock\n|\n|upkeep\n|turn|10\n|\n|t:|1665459811\n|switch|p2a: Tangrowth|Tangrowth, F|100\/100\n|move|p1a: Zapdos|U-turn|p2a: Tangrowth\n|-supereffective|p2a: Tangrowth\n|-damage|p2a: Tangrowth|71\/100\n|-damage|p1a: Zapdos|55\/100|[from] item: Rocky Helmet|[of] p2a: Tangrowth\n|\n|t:|1665459817\n|switch|p1a: Ferrothorn|Ferrothorn, M|100\/100|[from]move: U-turn\n|-damage|p1a: Ferrothorn|95\/100|[from] Stealth Rock\n|\n|upkeep\n|turn|11\n|\n|t:|1665459819\n|move|p2a: Tangrowth|Focus Blast|p1a: Ferrothorn|[miss]\n|-miss|p2a: Tangrowth|p1a: Ferrothorn\n|move|p1a: Ferrothorn|Stealth Rock|p2a: Tangrowth\n|-sidestart|p2: minimax_ai|move: Stealth Rock\n|\n|upkeep\n|turn|12\n|\n|t:|1665459822\n|switch|p1a: Slowking|Slowking, M|100\/100\n|-damage|p1a: Slowking|88\/100|[from] Stealth Rock\n|move|p2a: Tangrowth|Focus Blast|p1a: Slowking\n|-resisted|p1a: Slowking\n|-damage|p1a: Slowking|78\/100\n|\n|upkeep\n|turn|13\n|\n|t:|1665459824\n|move|p2a: Tangrowth|Giga Drain|p1a: Slowking\n|-supereffective|p1a: Slowking\n|-damage|p1a: Slowking|42\/100\n|-heal|p2a: Tangrowth|89\/100|[from] drain|[of] p1a: Slowking\n|move|p1a: Slowking|Future Sight|p2a: Tangrowth\n|-start|p1a: Slowking|move: Future Sight\n|\n|upkeep\n|turn|14\n|\n|t:|1665459827\n|move|p2a: Tangrowth|Sleep Powder|p1a: Slowking|[miss]\n|-miss|p2a: Tangrowth|p1a: Slowking\n|move|p1a: Slowking|Slack Off|p1a: Slowking\n|-heal|p1a: Slowking|92\/100\n|\n|upkeep\n|turn|15\n|\n|t:|1665459829\n|move|p2a: Tangrowth|Sleep Powder|p1a: Slowking|[miss]\n|-miss|p2a: Tangrowth|p1a: Slowking\n|move|p1a: Slowking|Teleport|p1a: Slowking\n|\n|t:|1665459834\n|switch|p1a: Melmetal|Melmetal|100\/100|[from]move: Teleport\n|-damage|p1a: Melmetal|94\/100|[from] Stealth Rock\n|\n|-end|p2a: Tangrowth|move: Future Sight\n|-damage|p2a: Tangrowth|33\/100\n|upkeep\n|turn|16\n|\n|t:|1665459836\n|move|p1a: Melmetal|Double Iron Bash|p2a: Tangrowth\n|-damage|p2a: Tangrowth|8\/100\n|-damage|p2a: Tangrowth|0 fnt\n|faint|p2a: Tangrowth\n|-hitcount|p2: Tangrowth|2\n|\n|upkeep\n|\n|t:|1665459836\n|switch|p2a: Melmetal|Melmetal|100\/100\n|-damage|p2a: Melmetal|94\/100|[from] Stealth Rock\n|turn|17\n|\n|t:|1665459840\n|move|p1a: Melmetal|Double Iron Bash|p2a: Melmetal\n|-resisted|p2a: Melmetal\n|-damage|p2a: Melmetal|83\/100\n|-resisted|p2a: Melmetal\n|-damage|p2a: Melmetal|69\/100\n|-hitcount|p2a: Melmetal|2\n|cant|p2a: Melmetal|flinch\n|\n|upkeep\n|turn|18\n|\n|t:|1665459842\n|move|p1a: Melmetal|Double Iron Bash|p2a: Melmetal\n|-resisted|p2a: Melmetal\n|-damage|p2a: Melmetal|57\/100\n|-resisted|p2a: Melmetal\n|-damage|p2a: Melmetal|45\/100\n|-hitcount|p2a: Melmetal|2\n|move|p2a: Melmetal|Double Iron Bash|p1a: Melmetal\n|-resisted|p1a: Melmetal\n|-damage|p1a: Melmetal|83\/100\n|-resisted|p1a: Melmetal\n|-damage|p1a: Melmetal|70\/100\n|-hitcount|p1a: Melmetal|2\n|\n|upkeep\n|turn|19\n|\n|t:|1665459845\n|switch|p2a: landorustherian|Landorus-Therian, M|100\/100\n|-damage|p2a: landorustherian|88\/100|[from] Stealth Rock\n|-ability|p2a: landorustherian|Intimidate|boost\n|-unboost|p1a: Melmetal|atk|1\n|move|p1a: Melmetal|Earthquake|p2a: landorustherian\n|-immune|p2a: landorustherian\n|\n|-heal|p2a: landorustherian|94\/100|[from] item: Leftovers\n|upkeep\n|turn|20\n|\n|t:|1665459849\n|switch|p1a: Ferrothorn|Ferrothorn, M|95\/100\n|-damage|p1a: Ferrothorn|89\/100|[from] Stealth Rock\n|move|p2a: landorustherian|Earthquake|p1a: Ferrothorn\n|-damage|p1a: Ferrothorn|59\/100\n|\n|-heal|p2a: landorustherian|99\/100|[from] item: Leftovers\n|upkeep\n|turn|21\n|\n|t:|1665459853\n|move|p2a: landorustherian|Earthquake|p1a: Ferrothorn\n|-damage|p1a: Ferrothorn|30\/100\n|move|p1a: Ferrothorn|Leech Seed|p2a: landorustherian\n|-start|p2a: landorustherian|move: Leech Seed\n|\n|-heal|p2a: landorustherian|100\/100|[from] item: Leftovers\n|-damage|p2a: landorustherian|88\/100|[from] Leech Seed|[of] p1a: Ferrothorn\n|-heal|p1a: Ferrothorn|44\/100|[silent]\n|upkeep\n|turn|22\n|\n|t:|1665459856\n|move|p2a: landorustherian|Earthquake|p1a: Ferrothorn\n|-damage|p1a: Ferrothorn|16\/100\n|move|p1a: Ferrothorn|Body Press|p2a: landorustherian\n|-resisted|p2a: landorustherian\n|-damage|p2a: landorustherian|74\/100\n|\n|-heal|p2a: landorustherian|80\/100|[from] item: Leftovers\n|-damage|p2a: landorustherian|68\/100|[from] Leech Seed|[of] p1a: Ferrothorn\n|-heal|p1a: Ferrothorn|29\/100|[silent]\n|upkeep\n|turn|23\n|\n|t:|1665459860\n|switch|p1a: Landorus|Landorus-Therian, M|34\/100\n|-damage|p1a: Landorus|21\/100|[from] Stealth Rock\n|-ability|p1a: Landorus|Intimidate|boost\n|-unboost|p2a: landorustherian|atk|1\n|move|p2a: landorustherian|Earthquake|p1a: Landorus\n|-immune|p1a: Landorus\n|\n|-heal|p1a: Landorus|27\/100|[from] item: Leftovers\n|-heal|p2a: landorustherian|74\/100|[from] item: Leftovers\n|-damage|p2a: landorustherian|61\/100|[from] Leech Seed|[of] p1a: Landorus\n|-heal|p1a: Landorus|40\/100|[silent]\n|upkeep\n|turn|24\n|\n|t:|1665459865\n|move|p1a: Landorus|U-turn|p2a: landorustherian\n|-resisted|p2a: landorustherian\n|-damage|p2a: landorustherian|51\/100\n|\n|t:|1665459869\n|switch|p1a: Ferrothorn|Ferrothorn, M|29\/100|[from]move: U-turn\n|-damage|p1a: Ferrothorn|23\/100|[from] Stealth Rock\n|move|p2a: landorustherian|Toxic|p1a: Ferrothorn\n|-immune|p1a: Ferrothorn\n|\n|-heal|p2a: landorustherian|57\/100|[from] item: Leftovers\n|-damage|p2a: landorustherian|45\/100|[from] Leech Seed|[of] p1a: Ferrothorn\n|-heal|p1a: Ferrothorn|36\/100|[silent]\n|upkeep\n|turn|25\n|\n|t:|1665459874\n|switch|p2a: Melmetal|Melmetal|45\/100\n|-damage|p2a: Melmetal|39\/100|[from] Stealth Rock\n|switch|p1a: Landorus|Landorus-Therian, M|40\/100\n|-damage|p1a: Landorus|27\/100|[from] Stealth Rock\n|-ability|p1a: Landorus|Intimidate|boost\n|-unboost|p2a: Melmetal|atk|1\n|\n|-heal|p1a: Landorus|33\/100|[from] item: Leftovers\n|upkeep\n|turn|26\n|\n|t:|1665459877\n|move|p1a: Landorus|Earthquake|p2a: Melmetal\n|-supereffective|p2a: Melmetal\n|-damage|p2a: Melmetal|0 fnt\n|faint|p2a: Melmetal\n|\n|-heal|p1a: Landorus|39\/100|[from] item: Leftovers\n|upkeep\n|\n|t:|1665459877\n|switch|p2a: Heatran|Heatran, M|95\/100\n|-damage|p2a: Heatran|83\/100|[from] Stealth Rock\n|turn|27\n|\n|t:|1665459882\n|move|p2a: Heatran|Magma Storm|p1a: Landorus\n|-damage|p1a: Landorus|0 fnt\n|faint|p1a: Landorus\n|\n|upkeep\n|\n|t:|1665459888\n|switch|p1a: Zapdos|Zapdos-Galar|55\/100\n|-damage|p1a: Zapdos|43\/100|[from] Stealth Rock\n|turn|28\n|\n|t:|1665459890\n|switch|p2a: landorustherian|Landorus-Therian, M|45\/100\n|-damage|p2a: landorustherian|33\/100|[from] Stealth Rock\n|-ability|p2a: landorustherian|Intimidate|boost\n|-unboost|p1a: Zapdos|atk|1\n|-ability|p1a: Zapdos|Defiant|boost\n|-boost|p1a: Zapdos|atk|2\n|move|p1a: Zapdos|Thunderous Kick|p2a: landorustherian\n|-resisted|p2a: landorustherian\n|-damage|p2a: landorustherian|0 fnt\n|faint|p2a: landorustherian\n|\n|upkeep\n|\n|t:|1665459890\n|switch|p2a: Weavile|Weavile, F|100\/100\n|-damage|p2a: Weavile|76\/100|[from] Stealth Rock\n|-ability|p2a: Weavile|Pressure\n|turn|29\n|\n|t:|1665459894\n|switch|p1a: Melmetal|Melmetal|70\/100\n|-damage|p1a: Melmetal|64\/100|[from] Stealth Rock\n|move|p2a: Weavile|Ice Shard|p1a: Melmetal\n|-resisted|p1a: Melmetal\n|-damage|p1a: Melmetal|55\/100\n|\n|upkeep\n|turn|30\n|\n|t:|1665459896\n|move|p2a: Weavile|Ice Shard|p1a: Melmetal\n|-resisted|p1a: Melmetal\n|-damage|p1a: Melmetal|46\/100\n|move|p1a: Melmetal|Earthquake|p2a: Weavile\n|-damage|p2a: Weavile|8\/100\n|\n|upkeep\n|turn|31\n|\n|t:|1665459898\n|move|p2a: Weavile|Ice Shard|p1a: Melmetal\n|-resisted|p1a: Melmetal\n|-damage|p1a: Melmetal|36\/100\n|move|p1a: Melmetal|Earthquake|p2a: Weavile\n|-damage|p2a: Weavile|0 fnt\n|faint|p2a: Weavile\n|\n|upkeep\n|\n|t:|1665459898\n|switch|p2a: Heatran|Heatran, M|83\/100\n|-damage|p2a: Heatran|70\/100|[from] Stealth Rock\n|turn|32\n|\n|t:|1665459901\n|move|p2a: Heatran|Magma Storm|p1a: Melmetal\n|-supereffective|p1a: Melmetal\n|-damage|p1a: Melmetal|0 fnt\n|faint|p1a: Melmetal\n|\n|upkeep\n|\n|t:|1665459904\n|switch|p1a: Zapdos|Zapdos-Galar|43\/100\n|-damage|p1a: Zapdos|30\/100|[from] Stealth Rock\n|turn|33\n|\n|t:|1665459907\n|move|p1a: Zapdos|Thunderous Kick|p2a: Heatran\n|-supereffective|p2a: Heatran\n|-damage|p2a: Heatran|0 fnt\n|faint|p2a: Heatran\n|\n|win|gotsnsd\n|raw|gotsnsd's rating: 1523 &rarr; <strong>1549<\/strong><br \/>(+26 for winning)\n|raw|minimax_ai's rating: 1625 &rarr; <strong>1599<\/strong><br \/>(-26 for losing)\n|c|\u2606minimax_ai|gg\n","uploadtime":1665459909,"views":4,"p1id":"gotsnsd","p2id":"minimaxai","formatid":"gen8ou","rating":1549,"private":0,"password":null}