{"id":"gen8ou-1703942313","p1":"Steez Ibanez","p2":"minimax_ai","format":"gen8ou","log":"|j|\u2606Steez Ibanez\n|j|\u203dminimax_ai\n|t:|1667716172\n|gametype|singles\n|player|p1|Steez Ibanez|acetrainer-gen7|1732\n|player|p2|minimax_ai|169|1622\n|teamsize|p1|6\n|teamsize|p2|6\n|gen|8\n|tier|[Gen 8] OU\n|rated|\n|rule|Sleep Clause Mod: Limit one foe put to sleep\n|rule|Species Clause: Limit one of each Pok\u00e9mon\n|rule|OHKO Clause: OHKO moves are banned\n|rule|Evasion Items Clause: Evasion items are banned\n|rule|Evasion Moves Clause: Evasion moves are banned\n|rule|Endless Battle Clause: Forcing endless battles is banned\n|rule|HP Percentage Mod: HP is shown in percentages\n|rule|Dynamax Clause: You cannot dynamax\n|clearpoke\n|poke|p1|Zeraora|\n|poke|p1|Weezing-Galar, M|\n|poke|p1|Gastrodon-East, M|\n|poke|p1|Ferrothorn, M|\n|poke|p1|Zapdos|\n|poke|p1|Heatran, M|\n|poke|p2|Rotom-Wash|\n|poke|p2|Weavile, M|\n|poke|p2|Landorus-Therian, M|\n|poke|p2|Heatran, M|\n|poke|p2|Tangrowth, F|\n|poke|p2|Melmetal|\n|teampreview\n|inactive|Battle timer is ON: inactive players will automatically lose when time's up. (requested by Steez Ibanez)\n|inactive|minimax_ai also wants the timer to be on.\n|\n|t:|1667716185\n|start\n|switch|p1a: Bolt|Zapdos|100\/100\n|switch|p2a: Landorus|Landorus-Therian, M|100\/100\n|-ability|p2a: Landorus|Intimidate|boost\n|-unboost|p1a: Bolt|atk|1\n|turn|1\n|\n|t:|1667716188\n|switch|p1a: Abomination|Ferrothorn, M|100\/100\n|move|p2a: Landorus|Earthquake|p1a: Abomination\n|-damage|p1a: Abomination|71\/100\n|\n|upkeep\n|turn|2\n|\n|t:|1667716190\n|move|p2a: Landorus|Earthquake|p1a: Abomination\n|-damage|p1a: Abomination|46\/100\n|move|p1a: Abomination|Leech Seed|p2a: Landorus|[miss]\n|-miss|p1a: Abomination|p2a: Landorus\n|\n|upkeep\n|turn|3\n|\n|t:|1667716192\n|switch|p1a: Speedwagon|Weezing-Galar, M|100\/100\n|move|p2a: Landorus|Earthquake|p1a: Speedwagon\n|-immune|p1a: Speedwagon|[from] ability: Levitate\n|\n|upkeep\n|turn|4\n|\n|t:|1667716193\n|move|p2a: Landorus|U-turn|p1a: Speedwagon\n|-resisted|p1a: Speedwagon\n|-damage|p1a: Speedwagon|97\/100\n|\n|t:|1667716194\n|switch|p2a: Heatran|Heatran, M|100\/100|[from]move: U-turn\n|-item|p2a: Heatran|Air Balloon\n|move|p1a: Speedwagon|Toxic Spikes|p2a: Heatran\n|-sidestart|p2: minimax_ai|move: Toxic Spikes\n|\n|-heal|p1a: Speedwagon|100\/100|[from] item: Black Sludge\n|upkeep\n|turn|5\n|\n|t:|1667716197\n|switch|p1a: Gary|Gastrodon-East, M, shiny|100\/100\n|move|p2a: Heatran|Stealth Rock|p1a: Gary\n|-sidestart|p1: Steez Ibanez|move: Stealth Rock\n|\n|upkeep\n|turn|6\n|\n|t:|1667716200\n|switch|p2a: Rotom|Rotom-Wash|100\/100\n|move|p1a: Gary|Scald|p2a: Rotom\n|-resisted|p2a: Rotom\n|-damage|p2a: Rotom|87\/100\n|\n|-heal|p2a: Rotom|94\/100|[from] item: Leftovers\n|upkeep\n|turn|7\n|j| Tsukimizaka Kiriha\n|\n|t:|1667716203\n|move|p2a: Rotom|Nasty Plot|p2a: Rotom\n|-boost|p2a: Rotom|spa|2\n|move|p1a: Gary|Scald|p2a: Rotom\n|-resisted|p2a: Rotom\n|-damage|p2a: Rotom|81\/100\n|-status|p2a: Rotom|brn\n|\n|-heal|p2a: Rotom|87\/100 brn|[from] item: Leftovers\n|-damage|p2a: Rotom|81\/100 brn|[from] brn\n|upkeep\n|turn|8\n|\n|t:|1667716206\n|move|p2a: Rotom|Thunderbolt|p1a: Gary\n|-immune|p1a: Gary\n|move|p1a: Gary|Clear Smog|p2a: Rotom\n|-damage|p2a: Rotom|70\/100 brn\n|-clearboost|p2a: Rotom\n|\n|-heal|p2a: Rotom|76\/100 brn|[from] item: Leftovers\n|-damage|p2a: Rotom|70\/100 brn|[from] brn\n|upkeep\n|turn|9\n|\n|t:|1667716209\n|move|p2a: Rotom|Thunderbolt|p1a: Gary\n|-immune|p1a: Gary\n|move|p1a: Gary|Scald|p2a: Rotom\n|-resisted|p2a: Rotom\n|-damage|p2a: Rotom|57\/100 brn\n|\n|-heal|p2a: Rotom|64\/100 brn|[from] item: Leftovers\n|-damage|p2a: Rotom|57\/100 brn|[from] brn\n|upkeep\n|turn|10\n|\n|t:|1667716212\n|switch|p1a: Abomination|Ferrothorn, M|46\/100\n|-damage|p1a: Abomination|40\/100|[from] Stealth Rock\n|move|p2a: Rotom|Hydro Pump|p1a: Abomination\n|-resisted|p1a: Abomination\n|-damage|p1a: Abomination|22\/100\n|\n|-heal|p2a: Rotom|64\/100 brn|[from] item: Leftovers\n|-damage|p2a: Rotom|57\/100 brn|[from] brn\n|upkeep\n|turn|11\n|\n|t:|1667716217\n|move|p2a: Rotom|Hydro Pump|p1a: Abomination\n|-resisted|p1a: Abomination\n|-damage|p1a: Abomination|2\/100\n|move|p1a: Abomination|Spikes|p2a: Rotom\n|-sidestart|p2: minimax_ai|Spikes\n|\n|-heal|p2a: Rotom|64\/100 brn|[from] item: Leftovers\n|-damage|p2a: Rotom|57\/100 brn|[from] brn\n|upkeep\n|turn|12\n|\n|t:|1667716220\n|move|p2a: Rotom|Hydro Pump|p1a: Abomination\n|-resisted|p1a: Abomination\n|-damage|p1a: Abomination|0 fnt\n|faint|p1a: Abomination\n|\n|-heal|p2a: Rotom|64\/100 brn|[from] item: Leftovers\n|-damage|p2a: Rotom|57\/100 brn|[from] brn\n|upkeep\n|\n|t:|1667716222\n|switch|p1a: Jotaro|Zeraora|100\/100\n|turn|13\n|\n|t:|1667716224\n|move|p1a: Jotaro|Taunt|p2a: Rotom\n|-start|p2a: Rotom|move: Taunt\n|move|p2a: Rotom|Hydro Pump|p1a: Jotaro|[miss]\n|-miss|p2a: Rotom|p1a: Jotaro\n|\n|-heal|p2a: Rotom|64\/100 brn|[from] item: Leftovers\n|-damage|p2a: Rotom|57\/100 brn|[from] brn\n|upkeep\n|turn|14\n|\n|t:|1667716227\n|switch|p2a: Landorus|Landorus-Therian, M|100\/100\n|-ability|p2a: Landorus|Intimidate|boost\n|-unboost|p1a: Jotaro|atk|1\n|move|p1a: Jotaro|Knock Off|p2a: Landorus\n|-damage|p2a: Landorus|80\/100\n|-enditem|p2a: Landorus|Leftovers|[from] move: Knock Off|[of] p1a: Jotaro\n|\n|upkeep\n|turn|15\n|\n|t:|1667716229\n|move|p1a: Jotaro|Taunt|p2a: Landorus\n|-start|p2a: Landorus|move: Taunt\n|cant|p2a: Landorus|move: Taunt|Defog\n|\n|upkeep\n|turn|16\n|\n|t:|1667716233\n|switch|p1a: Bolt|Zapdos|100\/100\n|move|p2a: Landorus|U-turn|p1a: Bolt\n|-resisted|p1a: Bolt\n|-damage|p1a: Bolt|92\/100\n|\n|t:|1667716233\n|switch|p2a: Weavile|Weavile, M|100\/100|[from]move: U-turn\n|-status|p2a: Weavile|psn\n|-damage|p2a: Weavile|88\/100 psn|[from] Spikes\n|-ability|p2a: Weavile|Pressure\n|\n|-damage|p2a: Weavile|76\/100 psn|[from] psn\n|upkeep\n|turn|17\n|\n|t:|1667716237\n|move|p2a: Weavile|Triple Axel|p1a: Bolt\n|-supereffective|p1a: Bolt\n|-damage|p1a: Bolt|71\/100\n|-supereffective|p1a: Bolt\n|-damage|p1a: Bolt|29\/100\n|-supereffective|p1a: Bolt\n|-damage|p1a: Bolt|0 fnt\n|faint|p1a: Bolt\n|-hitcount|p1: Bolt|3\n|\n|-damage|p2a: Weavile|63\/100 psn|[from] psn\n|upkeep\n|j| Noob 0_o\n|\n|t:|1667716241\n|switch|p1a: Hephaestus|Heatran, M|100\/100\n|-damage|p1a: Hephaestus|88\/100|[from] Stealth Rock\n|-item|p1a: Hephaestus|Air Balloon\n|turn|18\n|\n|t:|1667716244\n|switch|p2a: Heatran|Heatran, M|100\/100\n|-item|p2a: Heatran|Air Balloon\n|move|p1a: Hephaestus|Stealth Rock|p2a: Heatran\n|-sidestart|p2: minimax_ai|move: Stealth Rock\n|\n|upkeep\n|turn|19\n|\n|t:|1667716246\n|switch|p1a: Gary|Gastrodon-East, M, shiny|100\/100\n|move|p2a: Heatran|Magma Storm|p1a: Gary\n|-resisted|p1a: Gary\n|-damage|p1a: Gary|82\/100\n|-activate|p1a: Gary|move: Magma Storm|[of] p2a: Heatran\n|\n|-damage|p1a: Gary|70\/100|[from] move: Magma Storm|[partiallytrapped]\n|upkeep\n|turn|20\n|\n|t:|1667716249\n|switch|p2a: Rotom|Rotom-Wash|57\/100 brn\n|-damage|p2a: Rotom|45\/100 brn|[from] Stealth Rock\n|move|p1a: Gary|Scald|p2a: Rotom\n|-resisted|p2a: Rotom\n|-damage|p2a: Rotom|32\/100 brn\n|\n|-heal|p2a: Rotom|38\/100 brn|[from] item: Leftovers\n|-damage|p2a: Rotom|32\/100 brn|[from] brn\n|-end|p1a: Gary|Magma Storm|[partiallytrapped]|[silent]\n|upkeep\n|turn|21\n|\n|t:|1667716251\n|move|p2a: Rotom|Pain Split|p1a: Gary\n|-sethp|p1a: Gary|46\/100|[from] move: Pain Split|[silent]\n|-sethp|p2a: Rotom|65\/100 brn|[from] move: Pain Split\n|move|p1a: Gary|Recover|p1a: Gary\n|-heal|p1a: Gary|96\/100\n|\n|-heal|p2a: Rotom|71\/100 brn|[from] item: Leftovers\n|-damage|p2a: Rotom|65\/100 brn|[from] brn\n|upkeep\n|turn|22\n|\n|t:|1667716255\n|move|p2a: Rotom|Pain Split|p1a: Gary\n|-sethp|p1a: Gary|71\/100|[from] move: Pain Split|[silent]\n|-sethp|p2a: Rotom|99\/100 brn|[from] move: Pain Split\n|move|p1a: Gary|Clear Smog|p2a: Rotom\n|-damage|p2a: Rotom|87\/100 brn\n|-clearboost|p2a: Rotom\n|\n|-heal|p2a: Rotom|94\/100 brn|[from] item: Leftovers\n|-damage|p2a: Rotom|87\/100 brn|[from] brn\n|upkeep\n|turn|23\n|\n|t:|1667716257\n|move|p2a: Rotom|Thunderbolt|p1a: Gary\n|-immune|p1a: Gary\n|move|p1a: Gary|Scald|p2a: Rotom\n|-resisted|p2a: Rotom\n|-damage|p2a: Rotom|75\/100 brn\n|\n|-heal|p2a: Rotom|81\/100 brn|[from] item: Leftovers\n|-damage|p2a: Rotom|75\/100 brn|[from] brn\n|upkeep\n|turn|24\n|\n|t:|1667716260\n|move|p2a: Rotom|Pain Split|p1a: Gary\n|-sethp|p1a: Gary|62\/100|[from] move: Pain Split|[silent]\n|-sethp|p2a: Rotom|87\/100 brn|[from] move: Pain Split\n|move|p1a: Gary|Scald|p2a: Rotom\n|-resisted|p2a: Rotom\n|-damage|p2a: Rotom|74\/100 brn\n|\n|-heal|p2a: Rotom|80\/100 brn|[from] item: Leftovers\n|-damage|p2a: Rotom|74\/100 brn|[from] brn\n|upkeep\n|turn|25\n|\n|t:|1667716278\n|move|p2a: Rotom|Pain Split|p1a: Gary\n|-sethp|p1a: Gary|57\/100|[from] move: Pain Split|[silent]\n|-sethp|p2a: Rotom|80\/100 brn|[from] move: Pain Split\n|move|p1a: Gary|Scald|p2a: Rotom\n|-resisted|p2a: Rotom\n|-damage|p2a: Rotom|67\/100 brn\n|\n|-heal|p2a: Rotom|74\/100 brn|[from] item: Leftovers\n|-damage|p2a: Rotom|67\/100 brn|[from] brn\n|upkeep\n|turn|26\n|\n|t:|1667716282\n|move|p2a: Rotom|Pain Split|p1a: Gary\n|-sethp|p1a: Gary|53\/100|[from] move: Pain Split|[silent]\n|-sethp|p2a: Rotom|74\/100 brn|[from] move: Pain Split\n|move|p1a: Gary|Scald|p2a: Rotom\n|-resisted|p2a: Rotom\n|-damage|p2a: Rotom|60\/100 brn\n|\n|-heal|p2a: Rotom|66\/100 brn|[from] item: Leftovers\n|-damage|p2a: Rotom|60\/100 brn|[from] brn\n|upkeep\n|turn|27\n|\n|t:|1667716286\n|move|p2a: Rotom|Pain Split|p1a: Gary\n|-sethp|p1a: Gary|48\/100|[from] move: Pain Split|[silent]\n|-sethp|p2a: Rotom|67\/100 brn|[from] move: Pain Split\n|move|p1a: Gary|Recover|p1a: Gary\n|-heal|p1a: Gary|98\/100\n|\n|-heal|p2a: Rotom|73\/100 brn|[from] item: Leftovers\n|-damage|p2a: Rotom|67\/100 brn|[from] brn\n|upkeep\n|turn|28\n|\n|t:|1667716291\n|switch|p1a: Jotaro|Zeraora|100\/100\n|move|p2a: Rotom|Pain Split|p1a: Jotaro\n|-sethp|p1a: Jotaro|82\/100|[from] move: Pain Split|[silent]\n|-sethp|p2a: Rotom|86\/100 brn|[from] move: Pain Split\n|\n|-heal|p2a: Rotom|92\/100 brn|[from] item: Leftovers\n|-damage|p2a: Rotom|86\/100 brn|[from] brn\n|upkeep\n|turn|29\n|\n|t:|1667716295\n|switch|p1a: Gary|Gastrodon-East, M, shiny|98\/100\n|move|p2a: Rotom|Pain Split|p1a: Gary\n|-sethp|p1a: Gary|79\/100|[from] move: Pain Split|[silent]\n|-sethp|p2a: Rotom|100\/100 brn|[from] move: Pain Split\n|\n|-damage|p2a: Rotom|94\/100 brn|[from] brn\n|upkeep\n|turn|30\n|\n|t:|1667716299\n|move|p2a: Rotom|Thunderbolt|p1a: Gary\n|-immune|p1a: Gary\n|move|p1a: Gary|Clear Smog|p2a: Rotom\n|-damage|p2a: Rotom|83\/100 brn\n|-clearboost|p2a: Rotom\n|\n|-heal|p2a: Rotom|89\/100 brn|[from] item: Leftovers\n|-damage|p2a: Rotom|83\/100 brn|[from] brn\n|upkeep\n|turn|31\n|\n|t:|1667716300\n|move|p2a: Rotom|Pain Split|p1a: Gary\n|-sethp|p1a: Gary|69\/100|[from] move: Pain Split|[silent]\n|-sethp|p2a: Rotom|97\/100 brn|[from] move: Pain Split\n|move|p1a: Gary|Clear Smog|p2a: Rotom\n|-damage|p2a: Rotom|85\/100 brn\n|-clearboost|p2a: Rotom\n|\n|-heal|p2a: Rotom|91\/100 brn|[from] item: Leftovers\n|-damage|p2a: Rotom|85\/100 brn|[from] brn\n|upkeep\n|turn|32\n|\n|t:|1667716303\n|move|p2a: Rotom|Pain Split|p1a: Gary\n|-sethp|p1a: Gary|65\/100|[from] move: Pain Split|[silent]\n|-sethp|p2a: Rotom|91\/100 brn|[from] move: Pain Split\n|move|p1a: Gary|Clear Smog|p2a: Rotom\n|-damage|p2a: Rotom|79\/100 brn\n|-clearboost|p2a: Rotom\n|\n|-heal|p2a: Rotom|85\/100 brn|[from] item: Leftovers\n|-damage|p2a: Rotom|79\/100 brn|[from] brn\n|upkeep\n|turn|33\n|\n|t:|1667716305\n|move|p2a: Rotom|Pain Split|p1a: Gary\n|-sethp|p1a: Gary|61\/100|[from] move: Pain Split|[silent]\n|-sethp|p2a: Rotom|85\/100 brn|[from] move: Pain Split\n|move|p1a: Gary|Scald|p2a: Rotom\n|-resisted|p2a: Rotom\n|-damage|p2a: Rotom|72\/100 brn\n|\n|-heal|p2a: Rotom|78\/100 brn|[from] item: Leftovers\n|-damage|p2a: Rotom|72\/100 brn|[from] brn\n|upkeep\n|turn|34\n|\n|t:|1667716319\n|move|p2a: Rotom|Pain Split|p1a: Gary\n|-sethp|p1a: Gary|56\/100|[from] move: Pain Split|[silent]\n|-sethp|p2a: Rotom|78\/100 brn|[from] move: Pain Split\n|move|p1a: Gary|Scald|p2a: Rotom\n|-resisted|p2a: Rotom\n|-damage|p2a: Rotom|65\/100 brn\n|\n|-heal|p2a: Rotom|71\/100 brn|[from] item: Leftovers\n|-damage|p2a: Rotom|65\/100 brn|[from] brn\n|upkeep\n|turn|35\n|\n|t:|1667716321\n|move|p2a: Rotom|Pain Split|p1a: Gary\n|-sethp|p1a: Gary|51\/100|[from] move: Pain Split|[silent]\n|-sethp|p2a: Rotom|72\/100 brn|[from] move: Pain Split\n|move|p1a: Gary|Recover|p1a: Gary\n|-heal|p1a: Gary|100\/100\n|\n|-heal|p2a: Rotom|78\/100 brn|[from] item: Leftovers\n|-damage|p2a: Rotom|72\/100 brn|[from] brn\n|upkeep\n|turn|36\n|\n|t:|1667716324\n|switch|p1a: Jotaro|Zeraora|82\/100\n|move|p2a: Rotom|Pain Split|p1a: Jotaro\n|-sethp|p1a: Jotaro|75\/100|[from] move: Pain Split|[silent]\n|-sethp|p2a: Rotom|78\/100 brn|[from] move: Pain Split\n|\n|-heal|p2a: Rotom|85\/100 brn|[from] item: Leftovers\n|-damage|p2a: Rotom|78\/100 brn|[from] brn\n|upkeep\n|turn|37\n|\n|t:|1667716326\n|move|p1a: Jotaro|Knock Off|p2a: Rotom\n|-damage|p2a: Rotom|46\/100 brn\n|-enditem|p2a: Rotom|Leftovers|[from] move: Knock Off|[of] p1a: Jotaro\n|move|p2a: Rotom|Pain Split|p1a: Jotaro\n|-sethp|p1a: Jotaro|59\/100|[from] move: Pain Split|[silent]\n|-sethp|p2a: Rotom|62\/100 brn|[from] move: Pain Split\n|\n|-damage|p2a: Rotom|56\/100 brn|[from] brn\n|upkeep\n|turn|38\n|\n|t:|1667716330\n|move|p1a: Jotaro|Plasma Fists|p2a: Rotom\n|-damage|p2a: Rotom|4\/100 brn\n|-fieldactivate|move: Ion Deluge\n|-hint|Normal-type moves become Electric-type after using Plasma Fists.\n|move|p2a: Rotom|Pain Split|p1a: Jotaro\n|-heal|p1a: Jotaro|84\/100|[from] ability: Volt Absorb|[of] p2a: Rotom\n|\n|-damage|p2a: Rotom|0 fnt|[from] brn\n|faint|p2a: Rotom\n|upkeep\n|\n|t:|1667716331\n|switch|p2a: Landorus|Landorus-Therian, M|80\/100\n|-damage|p2a: Landorus|67\/100|[from] Stealth Rock\n|-ability|p2a: Landorus|Intimidate|boost\n|-unboost|p1a: Jotaro|atk|1\n|turn|39\n|\n|t:|1667716338\n|switch|p1a: Hephaestus|Heatran, M|88\/100\n|-damage|p1a: Hephaestus|76\/100|[from] Stealth Rock\n|-item|p1a: Hephaestus|Air Balloon\n|move|p2a: Landorus|Earthquake|p1a: Hephaestus\n|-immune|p1a: Hephaestus\n|\n|upkeep\n|turn|40\n|\n|t:|1667716339\n|move|p1a: Hephaestus|Eruption|p2a: Landorus\n|-damage|p2a: Landorus|23\/100\n|move|p2a: Landorus|Defog|p1a: Hephaestus\n|-unboost|p1a: Hephaestus|evasion|1\n|-sideend|p1: Steez Ibanez|Stealth Rock|[from] move: Defog|[of] p2a: Landorus\n|-sideend|p2: minimax_ai|Spikes|[from] move: Defog|[of] p2a: Landorus\n|-sideend|p2: minimax_ai|Toxic Spikes|[from] move: Defog|[of] p2a: Landorus\n|-sideend|p2: minimax_ai|Stealth Rock|[from] move: Defog|[of] p2a: Landorus\n|\n|upkeep\n|turn|41\n|\n|t:|1667716344\n|switch|p2a: Heatran|Heatran, M|100\/100\n|-item|p2a: Heatran|Air Balloon\n|move|p1a: Hephaestus|Stealth Rock|p2a: Heatran\n|-sidestart|p2: minimax_ai|move: Stealth Rock\n|\n|upkeep\n|turn|42\n|\n|t:|1667716348\n|switch|p1a: Gary|Gastrodon-East, M, shiny|100\/100\n|move|p2a: Heatran|Magma Storm|p1a: Gary\n|-resisted|p1a: Gary\n|-damage|p1a: Gary|83\/100\n|-activate|p1a: Gary|move: Magma Storm|[of] p2a: Heatran\n|\n|-damage|p1a: Gary|71\/100|[from] move: Magma Storm|[partiallytrapped]\n|upkeep\n|turn|43\n|\n|t:|1667716352\n|switch|p2a: Tangrowth|Tangrowth, F|100\/100\n|-damage|p2a: Tangrowth|88\/100|[from] Stealth Rock\n|move|p1a: Gary|Scald|p2a: Tangrowth\n|-resisted|p2a: Tangrowth\n|-damage|p2a: Tangrowth|68\/100\n|-status|p2a: Tangrowth|brn\n|\n|-damage|p2a: Tangrowth|62\/100 brn|[from] brn\n|-end|p1a: Gary|Magma Storm|[partiallytrapped]|[silent]\n|upkeep\n|turn|44\n|\n|t:|1667716355\n|switch|p1a: Speedwagon|Weezing-Galar, M|100\/100\n|move|p2a: Tangrowth|Giga Drain|p1a: Speedwagon\n|-resisted|p1a: Speedwagon\n|-damage|p1a: Speedwagon|81\/100\n|-heal|p2a: Tangrowth|70\/100 brn|[from] drain|[of] p1a: Speedwagon\n|\n|-heal|p1a: Speedwagon|87\/100|[from] item: Black Sludge\n|-damage|p2a: Tangrowth|64\/100 brn|[from] brn\n|upkeep\n|turn|45\n|\n|t:|1667716358\n|switch|p2a: Heatran|Heatran, M|100\/100\n|-damage|p2a: Heatran|88\/100|[from] Stealth Rock\n|-item|p2a: Heatran|Air Balloon\n|move|p1a: Speedwagon|Toxic Spikes|p2a: Heatran\n|-sidestart|p2: minimax_ai|move: Toxic Spikes\n|\n|-heal|p1a: Speedwagon|93\/100|[from] item: Black Sludge\n|upkeep\n|turn|46\n|\n|t:|1667716361\n|switch|p1a: Gary|Gastrodon-East, M, shiny|71\/100\n|move|p2a: Heatran|Stealth Rock|p1a: Gary\n|-sidestart|p1: Steez Ibanez|move: Stealth Rock\n|\n|upkeep\n|turn|47\n|\n|t:|1667716364\n|switch|p2a: Tangrowth|Tangrowth, F|97\/100 brn\n|-damage|p2a: Tangrowth|84\/100 brn|[from] Stealth Rock\n|move|p1a: Gary|Recover|p1a: Gary\n|-heal|p1a: Gary|100\/100\n|\n|-damage|p2a: Tangrowth|78\/100 brn|[from] brn\n|upkeep\n|turn|48\n|\n|t:|1667716366\n|switch|p1a: Speedwagon|Weezing-Galar, M|93\/100\n|-damage|p1a: Speedwagon|81\/100|[from] Stealth Rock\n|move|p2a: Tangrowth|Giga Drain|p1a: Speedwagon\n|-resisted|p1a: Speedwagon\n|-damage|p1a: Speedwagon|61\/100\n|-heal|p2a: Tangrowth|86\/100 brn|[from] drain|[of] p1a: Speedwagon\n|\n|-heal|p1a: Speedwagon|67\/100|[from] item: Black Sludge\n|-damage|p2a: Tangrowth|80\/100 brn|[from] brn\n|upkeep\n|turn|49\n|\n|t:|1667716369\n|switch|p2a: Heatran|Heatran, M|88\/100\n|-damage|p2a: Heatran|76\/100|[from] Stealth Rock\n|-item|p2a: Heatran|Air Balloon\n|move|p1a: Speedwagon|Strange Steam|p2a: Heatran\n|-resisted|p2a: Heatran\n|-damage|p2a: Heatran|69\/100\n|-enditem|p2a: Heatran|Air Balloon\n|\n|-heal|p1a: Speedwagon|73\/100|[from] item: Black Sludge\n|upkeep\n|turn|50\n|\n|t:|1667716375\n|move|p2a: Heatran|Magma Storm|p1a: Speedwagon|[miss]\n|-miss|p2a: Heatran|p1a: Speedwagon\n|move|p1a: Speedwagon|Strange Steam|p2a: Heatran\n|-resisted|p2a: Heatran\n|-damage|p2a: Heatran|63\/100\n|\n|-heal|p1a: Speedwagon|79\/100|[from] item: Black Sludge\n|upkeep\n|turn|51\n|\n|t:|1667716377\n|switch|p1a: Hephaestus|Heatran, M|76\/100\n|-damage|p1a: Hephaestus|63\/100|[from] Stealth Rock\n|-item|p1a: Hephaestus|Air Balloon\n|move|p2a: Heatran|Magma Storm|p1a: Hephaestus\n|-start|p1a: Hephaestus|ability: Flash Fire\n|\n|upkeep\n|turn|52\n|\n|t:|1667716380\n|switch|p2a: Landorus|Landorus-Therian, M|23\/100\n|-damage|p2a: Landorus|11\/100|[from] Stealth Rock\n|-ability|p2a: Landorus|Intimidate|boost\n|-unboost|p1a: Hephaestus|atk|1\n|move|p1a: Hephaestus|Earth Power|p2a: Landorus\n|-immune|p2a: Landorus\n|\n|upkeep\n|turn|53\n|\n|t:|1667716381\n|move|p1a: Hephaestus|Eruption|p2a: Landorus\n|-damage|p2a: Landorus|0 fnt\n|faint|p2a: Landorus\n|\n|upkeep\n|\n|t:|1667716381\n|switch|p2a: Weavile|Weavile, M|63\/100 psn\n|-damage|p2a: Weavile|38\/100 psn|[from] Stealth Rock\n|-ability|p2a: Weavile|Pressure\n|turn|54\n|\n|t:|1667716384\n|-end|p1a: Hephaestus|ability: Flash Fire|[silent]\n|switch|p1a: Speedwagon|Weezing-Galar, M|79\/100\n|-damage|p1a: Speedwagon|67\/100|[from] Stealth Rock\n|move|p2a: Weavile|Knock Off|p1a: Speedwagon\n|-resisted|p1a: Speedwagon\n|-damage|p1a: Speedwagon|44\/100\n|-enditem|p1a: Speedwagon|Black Sludge|[from] move: Knock Off|[of] p2a: Weavile\n|\n|-damage|p2a: Weavile|26\/100 psn|[from] psn\n|upkeep\n|turn|55\n|\n|t:|1667716387\n|move|p2a: Weavile|Knock Off|p1a: Speedwagon\n|-resisted|p1a: Speedwagon\n|-damage|p1a: Speedwagon|30\/100\n|move|p1a: Speedwagon|Strange Steam|p2a: Weavile\n|-supereffective|p2a: Weavile\n|-damage|p2a: Weavile|0 fnt\n|faint|p2a: Weavile\n|\n|upkeep\n|\n|t:|1667716387\n|switch|p2a: Melmetal|Melmetal|100\/100\n|-damage|p2a: Melmetal|94\/100|[from] Stealth Rock\n|turn|56\n|\n|t:|1667716389\n|move|p1a: Speedwagon|Pain Split|p2a: Melmetal\n|-sethp|p2a: Melmetal|59\/100|[from] move: Pain Split|[silent]\n|-sethp|p1a: Speedwagon|77\/100|[from] move: Pain Split\n|move|p2a: Melmetal|Double Iron Bash|p1a: Speedwagon\n|-supereffective|p1a: Speedwagon\n|-damage|p1a: Speedwagon|21\/100\n|-supereffective|p1a: Speedwagon\n|-damage|p1a: Speedwagon|0 fnt\n|faint|p1a: Speedwagon\n|-hitcount|p1: Speedwagon|2\n|\n|upkeep\n|\n|t:|1667716391\n|switch|p1a: Hephaestus|Heatran, M|63\/100\n|-damage|p1a: Hephaestus|51\/100|[from] Stealth Rock\n|-item|p1a: Hephaestus|Air Balloon\n|turn|57\n|\n|t:|1667716395\n|move|p1a: Hephaestus|Eruption|p2a: Melmetal\n|-supereffective|p2a: Melmetal\n|-damage|p2a: Melmetal|16\/100\n|move|p2a: Melmetal|Thunder Punch|p1a: Hephaestus\n|-damage|p1a: Hephaestus|18\/100\n|-enditem|p1a: Hephaestus|Air Balloon\n|\n|upkeep\n|turn|58\n|\n|t:|1667716398\n|move|p1a: Hephaestus|Earth Power|p2a: Melmetal\n|-supereffective|p2a: Melmetal\n|-damage|p2a: Melmetal|0 fnt\n|faint|p2a: Melmetal\n|\n|upkeep\n|\n|t:|1667716398\n|switch|p2a: Heatran|Heatran, M|63\/100\n|-damage|p2a: Heatran|50\/100|[from] Stealth Rock\n|turn|59\n|\n|t:|1667716400\n|switch|p1a: Gary|Gastrodon-East, M, shiny|100\/100\n|move|p2a: Heatran|Earth Power|p1a: Gary\n|-damage|p1a: Gary|78\/100\n|-unboost|p1a: Gary|spd|1\n|\n|upkeep\n|turn|60\n|\n|t:|1667716404\n|switch|p1a: Hephaestus|Heatran, M|18\/100\n|-damage|p1a: Hephaestus|6\/100|[from] Stealth Rock\n|move|p2a: Heatran|Earth Power|p1a: Hephaestus\n|-supereffective|p1a: Hephaestus\n|-damage|p1a: Hephaestus|0 fnt\n|faint|p1a: Hephaestus\n|\n|upkeep\n|-message|Steez Ibanez forfeited.\n|\n|win|minimax_ai\n|raw|Steez Ibanez's rating: 1732 &rarr; <strong>1706<\/strong><br \/>(-26 for losing)\n|raw|minimax_ai's rating: 1622 &rarr; <strong>1648<\/strong><br \/>(+26 for winning)\n|l|\u2606Steez Ibanez\n","uploadtime":1667716410,"views":6,"p1id":"steezibanez","p2id":"minimaxai","formatid":"gen8ou","rating":1648,"private":0,"password":null}