{"id":"gen8ou-1701995855","p1":"numberoneswiftie","p2":"dddjfdw","format":"gen8ou","log":"|j|\u2606numberoneswiftie\n|j|\u2606dddjfdw\n|t:|1667502681\n|gametype|singles\n|player|p1|numberoneswiftie|swimmerf-gen4|1675\n|player|p2|dddjfdw|169|1654\n|teamsize|p1|6\n|teamsize|p2|6\n|gen|8\n|tier|[Gen 8] OU\n|rated|\n|rule|Sleep Clause Mod: Limit one foe put to sleep\n|rule|Species Clause: Limit one of each Pok\u00e9mon\n|rule|OHKO Clause: OHKO moves are banned\n|rule|Evasion Items Clause: Evasion items are banned\n|rule|Evasion Moves Clause: Evasion moves are banned\n|rule|Endless Battle Clause: Forcing endless battles is banned\n|rule|HP Percentage Mod: HP is shown in percentages\n|rule|Dynamax Clause: You cannot dynamax\n|clearpoke\n|poke|p1|Hippowdon, F|\n|poke|p1|Corviknight, M|\n|poke|p1|Toxapex, F|\n|poke|p1|Clefable, F|\n|poke|p1|Tornadus-Therian, M|\n|poke|p1|Blissey, F|\n|poke|p2|Porygon-Z|\n|poke|p2|Pelipper, M|\n|poke|p2|Barraskewda, F|\n|poke|p2|Tapu Lele|\n|poke|p2|Thundurus-Therian, M|\n|poke|p2|Swampert, M|\n|teampreview\n|inactive|Battle timer is ON: inactive players will automatically lose when time's up. (requested by dddjfdw)\n|\n|t:|1667502691\n|start\n|switch|p1a: Blissey|Blissey, F|100\/100\n|switch|p2a: Swampert|Swampert, M|100\/100\n|turn|1\n|\n|t:|1667502695\n|move|p2a: Swampert|Stealth Rock|p1a: Blissey\n|-sidestart|p1: numberoneswiftie|move: Stealth Rock\n|move|p1a: Blissey|Toxic|p2a: Swampert\n|-status|p2a: Swampert|tox\n|\n|-damage|p2a: Swampert|94\/100 tox|[from] psn\n|upkeep\n|turn|2\n|\n|t:|1667502700\n|switch|p1a: Corviknight|Corviknight, M|100\/100\n|-damage|p1a: Corviknight|88\/100|[from] Stealth Rock\n|-ability|p1a: Corviknight|Pressure\n|move|p2a: Swampert|Flip Turn|p1a: Corviknight\n|-damage|p1a: Corviknight|74\/100\n|\n|t:|1667502712\n|switch|p2a: Porygon-Z|Porygon-Z|100\/100|[from]move: Flip Turn\n|-ability|p2a: Porygon-Z|Download|boost\n|-boost|p2a: Porygon-Z|spa|1\n|\n|-heal|p1a: Corviknight|80\/100|[from] item: Leftovers\n|upkeep\n|turn|3\n|\n|t:|1667502718\n|switch|p1a: Blissey|Blissey, F|100\/100\n|move|p2a: Porygon-Z|Psyshock|p1a: Blissey\n|-damage|p1a: Blissey|44\/100\n|\n|upkeep\n|turn|4\n|\n|t:|1667502734\n|switch|p2a: Thundurus|Thundurus-Therian, M|100\/100\n|switch|p1a: Corviknight|Corviknight, M|80\/100\n|-damage|p1a: Corviknight|68\/100|[from] Stealth Rock\n|-ability|p1a: Corviknight|Pressure\n|\n|-heal|p1a: Corviknight|74\/100|[from] item: Leftovers\n|upkeep\n|turn|5\n|\n|t:|1667502745\n|switch|p1a: Hippowdon|Hippowdon, F|100\/100\n|-damage|p1a: Hippowdon|94\/100|[from] Stealth Rock\n|-weather|Sandstorm|[from] ability: Sand Stream|[of] p1a: Hippowdon\n|move|p2a: Thundurus|Volt Switch|p1a: Hippowdon\n|-immune|p1a: Hippowdon\n|\n|-weather|Sandstorm|[upkeep]\n|-damage|p2a: Thundurus|94\/100|[from] Sandstorm\n|-heal|p1a: Hippowdon|100\/100|[from] item: Leftovers\n|upkeep\n|turn|6\n|\n|t:|1667502757\n|switch|p2a: Pelipper|Pelipper, M|100\/100\n|-weather|RainDance|[from] ability: Drizzle|[of] p2a: Pelipper\n|move|p1a: Hippowdon|Stealth Rock|p2a: Pelipper\n|-sidestart|p2: dddjfdw|move: Stealth Rock\n|\n|-weather|RainDance|[upkeep]\n|upkeep\n|turn|7\n|\n|t:|1667502783\n|move|p1a: Hippowdon|Toxic|p2a: Pelipper\n|-status|p2a: Pelipper|tox\n|move|p2a: Pelipper|U-turn|p1a: Hippowdon\n|-damage|p1a: Hippowdon|93\/100\n|\n|t:|1667502788\n|switch|p2a: Barraskewda|Barraskewda, F|100\/100|[from]move: U-turn\n|-damage|p2a: Barraskewda|88\/100|[from] Stealth Rock\n|\n|-weather|RainDance|[upkeep]\n|-heal|p1a: Hippowdon|99\/100|[from] item: Leftovers\n|upkeep\n|turn|8\n|inactive|numberoneswiftie has 120 seconds left.\n|\n|t:|1667502817\n|switch|p1a: Toxapex|Toxapex, F|100\/100\n|-damage|p1a: Toxapex|88\/100|[from] Stealth Rock\n|move|p2a: Barraskewda|Flip Turn|p1a: Toxapex\n|-resisted|p1a: Toxapex\n|-damage|p1a: Toxapex|64\/100\n|\n|t:|1667502825\n|switch|p2a: Porygon-Z|Porygon-Z|100\/100|[from]move: Flip Turn\n|-damage|p2a: Porygon-Z|88\/100|[from] Stealth Rock\n|-ability|p2a: Porygon-Z|Download|boost\n|-boost|p2a: Porygon-Z|spa|1\n|\n|-weather|RainDance|[upkeep]\n|upkeep\n|turn|9\n|\n|t:|1667502831\n|switch|p1a: Hippowdon|Hippowdon, F|99\/100\n|-damage|p1a: Hippowdon|93\/100|[from] Stealth Rock\n|-weather|Sandstorm|[from] ability: Sand Stream|[of] p1a: Hippowdon\n|move|p2a: Porygon-Z|Tri Attack|p1a: Hippowdon\n|-damage|p1a: Hippowdon|22\/100\n|\n|-weather|Sandstorm|[upkeep]\n|-damage|p2a: Porygon-Z|82\/100|[from] Sandstorm\n|-heal|p1a: Hippowdon|28\/100|[from] item: Leftovers\n|upkeep\n|turn|10\n|l|\u2606numberoneswiftie\n|inactive|numberoneswiftie disconnected and has a minute to reconnect!\n|player|p1|\n|inactive|numberoneswiftie has 30 seconds to reconnect!\n|inactive|numberoneswiftie has 20 seconds to reconnect!\n|inactive|numberoneswiftie has 15 seconds to reconnect!\n|inactive|numberoneswiftie has 10 seconds to reconnect!\n|inactive|numberoneswiftie has 5 seconds to reconnect!\n|-message|numberoneswiftie lost due to inactivity.\n|\n|win|dddjfdw\n|raw|numberoneswiftie's rating: 1675 &rarr; <strong>1654<\/strong><br \/>(-21 for losing)\n|raw|dddjfdw's rating: 1654 &rarr; <strong>1675<\/strong><br \/>(+21 for winning)\n||Ladder isn't responding, score probably updated but might not have (Request timeout).\n","uploadtime":1667502898,"views":10,"p1id":"numberoneswiftie","p2id":"dddjfdw","formatid":"gen8ou","rating":1654,"private":0,"password":null}