{"id":"gen8ou-1434463438","p1":"caranges","p2":"i know im horrible","format":"gen8ou","log":"|j|\u2606caranges\n|j|\u2606i know im horrible\n|t:|1634107779\n|gametype|singles\n|player|p1|caranges|lucas|1544\n|player|p2|i know im horrible|102|1565\n|teamsize|p1|6\n|teamsize|p2|6\n|gen|8\n|tier|[Gen 8] OU\n|rated|\n|rule|Sleep Clause Mod: Limit one foe put to sleep\n|rule|Species Clause: Limit one of each Pok\u00e9mon\n|rule|OHKO Clause: OHKO moves are banned\n|rule|Evasion Moves Clause: Evasion moves are banned\n|rule|Endless Battle Clause: Forcing endless battles is banned\n|rule|HP Percentage Mod: HP is shown in percentages\n|rule|Dynamax Clause: You cannot dynamax\n|clearpoke\n|poke|p1|Rillaboom, M|\n|poke|p1|Dragapult, M|\n|poke|p1|Heatran, F|\n|poke|p1|Landorus-Therian, M|\n|poke|p1|Corviknight, F|\n|poke|p1|Dragonite, M|\n|poke|p2|Melmetal|\n|poke|p2|Corviknight, F|\n|poke|p2|Toxapex, M|\n|poke|p2|Landorus-Therian, M|\n|poke|p2|Blissey, F|\n|poke|p2|Clefable, F|\n|teampreview\n|j| BobbyBeenFree\n|\n|t:|1634107786\n|start\n|switch|p1a: Landorus|Landorus-Therian, M|100\/100\n|switch|p2a: Toxapex|Toxapex, M|100\/100\n|-ability|p1a: Landorus|Intimidate|boost\n|-unboost|p2a: Toxapex|atk|1\n|turn|1\n|\n|t:|1634107797\n|move|p1a: Landorus|Stealth Rock|p2a: Toxapex\n|-sidestart|p2: i know im horrible|move: Stealth Rock\n|move|p2a: Toxapex|Toxic|p1a: Landorus\n|-status|p1a: Landorus|tox\n|\n|-damage|p1a: Landorus|94\/100 tox|[from] psn\n|upkeep\n|turn|2\n|\n|t:|1634107806\n|move|p2a: Toxapex|Baneful Bunker|p2a: Toxapex\n|-singleturn|p2a: Toxapex|move: Protect\n|move|p1a: Landorus|Toxic|p2a: Toxapex\n|-activate|p2a: Toxapex|move: Protect\n|\n|-damage|p1a: Landorus|82\/100 tox|[from] psn\n|upkeep\n|turn|3\n|\n|t:|1634107816\n|move|p1a: Landorus|Earthquake|p2a: Toxapex\n|-supereffective|p2a: Toxapex\n|-damage|p2a: Toxapex|40\/100\n|move|p2a: Toxapex|Toxic Spikes|p1a: Landorus\n|-sidestart|p1: caranges|move: Toxic Spikes\n|\n|-damage|p1a: Landorus|64\/100 tox|[from] psn\n|upkeep\n|turn|4\n|\n|t:|1634107826\n|move|p2a: Toxapex|Baneful Bunker|p2a: Toxapex\n|-singleturn|p2a: Toxapex|move: Protect\n|move|p1a: Landorus|U-turn|p2a: Toxapex\n|-activate|p2a: Toxapex|move: Protect\n|\n|-damage|p1a: Landorus|40\/100 tox|[from] psn\n|upkeep\n|turn|5\n|\n|t:|1634107831\n|switch|p2a: Corviknight|Corviknight, F|100\/100\n|-damage|p2a: Corviknight|88\/100|[from] Stealth Rock\n|-ability|p2a: Corviknight|Pressure\n|move|p1a: Landorus|Earthquake|p2a: Corviknight\n|-immune|p2a: Corviknight\n|\n|-heal|p2a: Corviknight|94\/100|[from] item: Leftovers\n|-damage|p1a: Landorus|10\/100 tox|[from] psn\n|upkeep\n|turn|6\n|\n|t:|1634107841\n|move|p1a: Landorus|U-turn|p2a: Corviknight\n|-resisted|p2a: Corviknight\n|-damage|p2a: Corviknight|90\/100\n|\n|t:|1634107846\n|switch|p1a: Corviknight|Corviknight, F|100\/100|[from]move: U-turn\n|move|p2a: Corviknight|Body Press|p1a: Corviknight\n|-damage|p1a: Corviknight|88\/100\n|\n|-heal|p2a: Corviknight|96\/100|[from] item: Leftovers\n|-heal|p1a: Corviknight|94\/100|[from] item: Leftovers\n|upkeep\n|turn|7\n|\n|t:|1634107859\n|move|p2a: Corviknight|Bulk Up|p2a: Corviknight\n|-boost|p2a: Corviknight|atk|1\n|-boost|p2a: Corviknight|def|1\n|move|p1a: Corviknight|U-turn|p2a: Corviknight\n|-resisted|p2a: Corviknight\n|-damage|p2a: Corviknight|94\/100\n|\n|t:|1634107866\n|switch|p1a: Heatran|Heatran, F|100\/100|[from]move: U-turn\n|\n|-heal|p2a: Corviknight|99\/100|[from] item: Leftovers\n|upkeep\n|turn|8\n|\n|t:|1634107874\n|move|p1a: Heatran|Magma Storm|p2a: Corviknight\n|-supereffective|p2a: Corviknight\n|-damage|p2a: Corviknight|21\/100\n|-activate|p2a: Corviknight|move: Magma Storm|[of] p1a: Heatran\n|move|p2a: Corviknight|Body Press|p1a: Heatran\n|-supereffective|p1a: Heatran\n|-damage|p1a: Heatran|56\/100\n|\n|-heal|p1a: Heatran|62\/100|[from] item: Leftovers\n|-heal|p2a: Corviknight|27\/100|[from] item: Leftovers\n|-damage|p2a: Corviknight|15\/100|[from] move: Magma Storm|[partiallytrapped]\n|upkeep\n|turn|9\n|\n|t:|1634107888\n|move|p1a: Heatran|Magma Storm|p2a: Corviknight\n|-supereffective|p2a: Corviknight\n|-damage|p2a: Corviknight|0 fnt\n|faint|p2a: Corviknight\n|\n|-heal|p1a: Heatran|68\/100|[from] item: Leftovers\n|upkeep\n|\n|t:|1634107893\n|switch|p2a: Landorus|Landorus-Therian, M|100\/100\n|-damage|p2a: Landorus|88\/100|[from] Stealth Rock\n|-ability|p2a: Landorus|Intimidate|boost\n|-unboost|p1a: Heatran|atk|1\n|turn|10\n|\n|t:|1634107906\n|switch|p1a: Dragonite|Dragonite, M|100\/100\n|move|p2a: Landorus|Stealth Rock|p1a: Dragonite\n|-sidestart|p1: caranges|move: Stealth Rock\n|\n|-heal|p2a: Landorus|94\/100|[from] item: Leftovers\n|upkeep\n|turn|11\n|\n|t:|1634107914\n|move|p2a: Landorus|Toxic|p1a: Dragonite\n|-status|p1a: Dragonite|tox\n|move|p1a: Dragonite|Dragon Dance|p1a: Dragonite\n|-boost|p1a: Dragonite|atk|1\n|-boost|p1a: Dragonite|spe|1\n|\n|-heal|p2a: Landorus|99\/100|[from] item: Leftovers\n|-damage|p1a: Dragonite|94\/100 tox|[from] psn\n|upkeep\n|turn|12\n|\n|t:|1634107924\n|move|p2a: Landorus|Protect|p2a: Landorus\n|-singleturn|p2a: Landorus|Protect\n|move|p1a: Dragonite|Dragon Dance|p1a: Dragonite\n|-boost|p1a: Dragonite|atk|1\n|-boost|p1a: Dragonite|spe|1\n|\n|-heal|p2a: Landorus|100\/100|[from] item: Leftovers\n|-damage|p1a: Dragonite|82\/100 tox|[from] psn\n|upkeep\n|turn|13\n|\n|t:|1634107937\n|switch|p2a: Toxapex|Toxapex, M|74\/100\n|-damage|p2a: Toxapex|62\/100|[from] Stealth Rock\n|move|p1a: Dragonite|Dual Wingbeat|p2a: Toxapex\n|-damage|p2a: Toxapex|33\/100\n|-damage|p1a: Dragonite|65\/100 tox|[from] item: Rocky Helmet|[of] p2a: Toxapex\n|-damage|p2a: Toxapex|2\/100\n|-damage|p1a: Dragonite|49\/100 tox|[from] item: Rocky Helmet|[of] p2a: Toxapex\n|-hitcount|p2a: Toxapex|2\n|\n|-damage|p1a: Dragonite|30\/100 tox|[from] psn\n|upkeep\n|turn|14\n|\n|t:|1634107951\n|move|p1a: Dragonite|Roost|p1a: Dragonite\n|-heal|p1a: Dragonite|80\/100 tox\n|-singleturn|p1a: Dragonite|move: Roost\n|move|p2a: Toxapex|Recover|p2a: Toxapex\n|-heal|p2a: Toxapex|52\/100\n|\n|-damage|p1a: Dragonite|55\/100 tox|[from] psn\n|upkeep\n|turn|15\n|\n|t:|1634107961\n|move|p2a: Toxapex|Baneful Bunker|p2a: Toxapex\n|-singleturn|p2a: Toxapex|move: Protect\n|move|p1a: Dragonite|Earthquake|p2a: Toxapex\n|-activate|p2a: Toxapex|move: Protect\n|\n|-damage|p1a: Dragonite|24\/100 tox|[from] psn\n|upkeep\n|turn|16\n|\n|t:|1634107965\n|switch|p2a: Landorus|Landorus-Therian, M|100\/100\n|-damage|p2a: Landorus|88\/100|[from] Stealth Rock\n|-ability|p2a: Landorus|Intimidate|boost\n|-unboost|p1a: Dragonite|atk|1\n|move|p1a: Dragonite|Earthquake|p2a: Landorus\n|-immune|p2a: Landorus\n|\n|-heal|p2a: Landorus|94\/100|[from] item: Leftovers\n|-damage|p1a: Dragonite|0 fnt|[from] psn\n|faint|p1a: Dragonite\n|upkeep\n|\n|t:|1634107971\n|switch|p1a: Dragapult|Dragapult, M|100\/100\n|-status|p1a: Dragapult|psn\n|-damage|p1a: Dragapult|88\/100 psn|[from] Stealth Rock\n|turn|17\n|\n|t:|1634107980\n|move|p2a: Landorus|Protect|p2a: Landorus\n|-singleturn|p2a: Landorus|Protect\n|move|p1a: Dragapult|Hydro Pump|p2a: Landorus\n|-activate|p2a: Landorus|move: Protect\n|\n|-heal|p2a: Landorus|99\/100|[from] item: Leftovers\n|-damage|p1a: Dragapult|76\/100 psn|[from] psn\n|upkeep\n|turn|18\n|\n|t:|1634107989\n|switch|p1a: Heatran|Heatran, F|68\/100\n|-damage|p1a: Heatran|56\/100|[from] Stealth Rock\n|switch|p2a: Blissey|Blissey, F|100\/100\n|\n|-heal|p1a: Heatran|62\/100|[from] item: Leftovers\n|upkeep\n|turn|19\n|\n|t:|1634108001\n|switch|p2a: Melmetal|Melmetal|100\/100\n|-damage|p2a: Melmetal|94\/100|[from] Stealth Rock\n|move|p1a: Heatran|Magma Storm|p2a: Melmetal\n|-supereffective|p2a: Melmetal\n|-damage|p2a: Melmetal|17\/100\n|-activate|p2a: Melmetal|move: Magma Storm|[of] p1a: Heatran\n|\n|-heal|p1a: Heatran|68\/100|[from] item: Leftovers\n|-damage|p2a: Melmetal|5\/100|[from] move: Magma Storm|[partiallytrapped]\n|upkeep\n|turn|20\n|\n|t:|1634108014\n|move|p1a: Heatran|Earth Power|p2a: Melmetal\n|-supereffective|p2a: Melmetal\n|-damage|p2a: Melmetal|0 fnt\n|faint|p2a: Melmetal\n|\n|-heal|p1a: Heatran|75\/100|[from] item: Leftovers\n|upkeep\n|\n|t:|1634108017\n|switch|p2a: Landorus|Landorus-Therian, M|99\/100\n|-damage|p2a: Landorus|88\/100|[from] Stealth Rock\n|-ability|p2a: Landorus|Intimidate|boost\n|-unboost|p1a: Heatran|atk|1\n|turn|21\n|\n|t:|1634108032\n|switch|p2a: Clefable|Clefable, F|100\/100\n|switch|p1a: Landorus|Landorus-Therian, M|10\/100 tox\n|-damage|p1a: Landorus|0 fnt|[from] Stealth Rock\n|faint|p1a: Landorus\n|\n|upkeep\n|\n|t:|1634108047\n|switch|p1a: Heatran|Heatran, F|75\/100\n|-damage|p1a: Heatran|62\/100|[from] Stealth Rock\n|turn|22\n|\n|t:|1634108055\n|move|p1a: Heatran|Magma Storm|p2a: Clefable\n|-damage|p2a: Clefable|48\/100\n|-activate|p2a: Clefable|move: Magma Storm|[of] p1a: Heatran\n|move|p2a: Clefable|Calm Mind|p2a: Clefable\n|-boost|p2a: Clefable|spa|1\n|-boost|p2a: Clefable|spd|1\n|\n|-heal|p1a: Heatran|68\/100|[from] item: Leftovers\n|-heal|p2a: Clefable|55\/100|[from] item: Leftovers\n|upkeep\n|turn|23\n|\n|t:|1634108072\n|move|p1a: Heatran|Taunt|p2a: Clefable\n|-start|p2a: Clefable|move: Taunt\n|cant|p2a: Clefable|move: Taunt|Soft-Boiled\n|\n|-heal|p1a: Heatran|75\/100|[from] item: Leftovers\n|-heal|p2a: Clefable|61\/100|[from] item: Leftovers\n|upkeep\n|turn|24\n|-message|i know im horrible forfeited.\n|\n|win|caranges\n|raw|caranges's rating: 1544 &rarr; <strong>1565<\/strong><br \/>(+21 for winning)\n|raw|i know im horrible's rating: 1565 &rarr; <strong>1544<\/strong><br \/>(-21 for losing)\n|l|\u2606i know im horrible\n|l| BobbyBeenFree\n","uploadtime":1634108095,"views":24,"p1id":"caranges","p2id":"iknowimhorrible","formatid":"gen8ou","rating":1544,"private":0,"password":null}