{"id":"gen8ou-1417328582","p1":"Aquila028","p2":"Gurtrant","format":"gen8ou","log":"|j|\u2606Aquila028\n|j|\u2606Gurtrant\n|t:|1631722732\n|gametype|singles\n|player|p1|Aquila028|aaron|1615\n|player|p2|Gurtrant|238|1673\n|teamsize|p1|6\n|teamsize|p2|6\n|gen|8\n|tier|[Gen 8] OU\n|rated|\n|rule|Sleep Clause Mod: Limit one foe put to sleep\n|rule|Species Clause: Limit one of each Pok\u00e9mon\n|rule|OHKO Clause: OHKO moves are banned\n|rule|Evasion Moves Clause: Evasion moves are banned\n|rule|Endless Battle Clause: Forcing endless battles is banned\n|rule|HP Percentage Mod: HP is shown in percentages\n|rule|Dynamax Clause: You cannot dynamax\n|clearpoke\n|poke|p1|Hatterene, F|\n|poke|p1|Porygon2|\n|poke|p1|Cresselia, F|\n|poke|p1|Marowak-Alola, M|\n|poke|p1|Melmetal|\n|poke|p1|Ferrothorn, M|\n|poke|p2|Pelipper, F|\n|poke|p2|Heliolisk, M|\n|poke|p2|Seismitoad, M|\n|poke|p2|Barraskewda, M|\n|poke|p2|Ferrothorn, M|\n|poke|p2|Zapdos|\n|teampreview\n|inactive|Battle timer is ON: inactive players will automatically lose when time's up. (requested by Gurtrant)\n|\n|t:|1631722737\n|start\n|switch|p1a: Hatterene|Hatterene, F|100\/100\n|switch|p2a: Pelipper|Pelipper, F|100\/100\n|-weather|RainDance|[from] ability: Drizzle|[of] p2a: Pelipper\n|turn|1\n|\n|t:|1631722741\n|move|p2a: Pelipper|U-turn|p1a: Hatterene\n|-damage|p1a: Hatterene|94\/100\n|j| other account 6969\n|\n|t:|1631722744\n|switch|p2a: Ferrothorn|Ferrothorn, M|100\/100|[from]move: U-turn\n|move|p1a: Hatterene|Trick Room|p1a: Hatterene\n|-fieldstart|move: Trick Room|[of] p1a: Hatterene\n|\n|-weather|RainDance|[upkeep]\n|upkeep\n|turn|2\n|\n|t:|1631722748\n|move|p2a: Ferrothorn|Knock Off|p1a: Hatterene\n|-damage|p1a: Hatterene|76\/100\n|-enditem|p1a: Hatterene|Focus Sash|[from] move: Knock Off|[of] p2a: Ferrothorn\n|move|p1a: Hatterene|Healing Wish|p1a: Hatterene\n|faint|p1a: Hatterene\n|\n|-weather|RainDance|[upkeep]\n|upkeep\n|\n|t:|1631722750\n|switch|p1a: Marowak|Marowak-Alola, M|100\/100\n|turn|3\n|j| 69\u5c81\u5e26\u75c5\u5bf9\u6218asd3\n|\n|t:|1631722760\n|move|p2a: Ferrothorn|Knock Off|p1a: Marowak\n|-supereffective|p1a: Marowak\n|-damage|p1a: Marowak|56\/100\n|-enditem|p1a: Marowak|Thick Club|[from] move: Knock Off|[of] p2a: Ferrothorn\n|move|p1a: Marowak|Swords Dance|p1a: Marowak\n|-boost|p1a: Marowak|atk|2\n|\n|-weather|RainDance|[upkeep]\n|upkeep\n|turn|4\n|\n|t:|1631722770\n|move|p2a: Ferrothorn|Spikes|p1a: Marowak\n|-sidestart|p1: Aquila028|Spikes\n|move|p1a: Marowak|Flare Blitz|p2a: Ferrothorn\n|-supereffective|p2a: Ferrothorn\n|-damage|p2a: Ferrothorn|0 fnt\n|-damage|p1a: Marowak|44\/100|[from] ability: Iron Barbs|[of] p2a: Ferrothorn\n|faint|p2a: Ferrothorn\n|\n|-weather|RainDance|[upkeep]\n|upkeep\n|\n|t:|1631722783\n|switch|p2a: Barraskewda|Barraskewda, M|100\/100\n|turn|5\n|\n|t:|1631722786\n|move|p2a: Barraskewda|Aqua Jet|p1a: Marowak\n|-supereffective|p1a: Marowak\n|-damage|p1a: Marowak|0 fnt\n|faint|p1a: Marowak\n|\n|-weather|RainDance|[upkeep]\n|-fieldend|move: Trick Room\n|upkeep\n|\n|t:|1631722791\n|switch|p1a: Cresselia|Cresselia, F|100\/100\n|turn|6\n|l| other account 6969\n|\n|t:|1631722814\n|switch|p2a: Heliolisk|Heliolisk, M, shiny|100\/100\n|move|p1a: Cresselia|Trick Room|p1a: Cresselia\n|-fieldstart|move: Trick Room|[of] p1a: Cresselia\n|\n|-weather|RainDance|[upkeep]\n|upkeep\n|turn|7\n|\n|t:|1631722819\n|switch|p1a: Ferrothorn|Ferrothorn, M|100\/100\n|-damage|p1a: Ferrothorn|88\/100|[from] Spikes\n|move|p2a: Heliolisk|Thunder|p1a: Ferrothorn\n|-resisted|p1a: Ferrothorn\n|-damage|p1a: Ferrothorn|59\/100\n|-damage|p2a: Heliolisk|91\/100|[from] item: Life Orb\n|\n|-weather|RainDance|[upkeep]\n|-heal|p2a: Heliolisk|100\/100|[from] ability: Dry Skin\n|upkeep\n|turn|8\n|\n|t:|1631722825\n|switch|p2a: Zapdos|Zapdos|100\/100\n|move|p1a: Ferrothorn|Body Press|p2a: Zapdos\n|-resisted|p2a: Zapdos\n|-damage|p2a: Zapdos|91\/100\n|-damage|p1a: Ferrothorn|49\/100|[from] item: Life Orb\n|\n|-weather|none\n|upkeep\n|turn|9\n|\n|t:|1631722838\n|move|p1a: Ferrothorn|Gyro Ball|p2a: Zapdos\n|-resisted|p2a: Zapdos\n|-damage|p2a: Zapdos|61\/100\n|-damage|p1a: Ferrothorn|39\/100|[from] item: Life Orb\n|move|p2a: Zapdos|Roost|p2a: Zapdos\n|-heal|p2a: Zapdos|100\/100\n|-singleturn|p2a: Zapdos|move: Roost\n|\n|upkeep\n|turn|10\n|j| Adrift and Alone\n|\n|t:|1631722849\n|switch|p1a: Porygon2|Porygon2|100\/100\n|-damage|p1a: Porygon2|88\/100|[from] Spikes\n|-ability|p1a: Porygon2|Download|boost\n|-boost|p1a: Porygon2|spa|1\n|move|p2a: Zapdos|U-turn|p1a: Porygon2\n|-damage|p1a: Porygon2|79\/100\n|\n|t:|1631722855\n|switch|p2a: Pelipper|Pelipper, F|100\/100|[from]move: U-turn\n|-weather|RainDance|[from] ability: Drizzle|[of] p2a: Pelipper\n|\n|-weather|RainDance|[upkeep]\n|-fieldend|move: Trick Room\n|upkeep\n|turn|11\n|\n|t:|1631722862\n|switch|p2a: Seismitoad|Seismitoad, M|100\/100\n|move|p1a: Porygon2|Trick Room|p1a: Porygon2\n|-fieldstart|move: Trick Room|[of] p1a: Porygon2\n|\n|-weather|RainDance|[upkeep]\n|upkeep\n|turn|12\n|\n|t:|1631722866\n|move|p2a: Seismitoad|Stealth Rock|p1a: Porygon2\n|-sidestart|p1: Aquila028|move: Stealth Rock\n|move|p1a: Porygon2|Teleport|p1a: Porygon2\n|\n|t:|1631722884\n|switch|p1a: Ferrothorn|Ferrothorn, M|39\/100|[from]move: Teleport\n|-heal|p1a: Ferrothorn|100\/100|[from] move: Healing Wish\n|-damage|p1a: Ferrothorn|95\/100|[from] Stealth Rock\n|-damage|p1a: Ferrothorn|82\/100|[from] Spikes\n|\n|-weather|RainDance|[upkeep]\n|upkeep\n|turn|13\n|\n|t:|1631722892\n|switch|p2a: Zapdos|Zapdos|100\/100\n|move|p1a: Ferrothorn|Power Whip|p2a: Zapdos\n|-resisted|p2a: Zapdos\n|-damage|p2a: Zapdos|74\/100\n|-damage|p1a: Ferrothorn|72\/100|[from] item: Life Orb\n|\n|-weather|RainDance|[upkeep]\n|upkeep\n|turn|14\n|\n|t:|1631722898\n|switch|p1a: Porygon2|Porygon2|79\/100\n|-damage|p1a: Porygon2|66\/100|[from] Spikes\n|-damage|p1a: Porygon2|54\/100|[from] Stealth Rock\n|-ability|p1a: Porygon2|Download|boost\n|-boost|p1a: Porygon2|spa|1\n|move|p2a: Zapdos|Roost|p2a: Zapdos\n|-heal|p2a: Zapdos|100\/100\n|-singleturn|p2a: Zapdos|move: Roost\n|\n|-weather|RainDance|[upkeep]\n|upkeep\n|turn|15\n|\n|t:|1631722908\n|switch|p2a: Heliolisk|Heliolisk, M, shiny|100\/100\n|move|p1a: Porygon2|Recover|p1a: Porygon2\n|-heal|p1a: Porygon2|100\/100\n|\n|-weather|RainDance|[upkeep]\n|-fieldend|move: Trick Room\n|upkeep\n|turn|16\n|\n|t:|1631722913\n|move|p2a: Heliolisk|Thunder|p1a: Porygon2\n|-damage|p1a: Porygon2|71\/100\n|-damage|p2a: Heliolisk|91\/100|[from] item: Life Orb\n|move|p1a: Porygon2|Trick Room|p1a: Porygon2\n|-fieldstart|move: Trick Room|[of] p1a: Porygon2\n|\n|-weather|RainDance|[upkeep]\n|-heal|p2a: Heliolisk|100\/100|[from] ability: Dry Skin\n|upkeep\n|turn|17\n|\n|t:|1631722923\n|move|p2a: Heliolisk|Thunder|p1a: Porygon2\n|-damage|p1a: Porygon2|44\/100\n|-status|p1a: Porygon2|par\n|-damage|p2a: Heliolisk|91\/100|[from] item: Life Orb\n|move|p1a: Porygon2|Teleport|p1a: Porygon2\n|\n|t:|1631722930\n|switch|p1a: Melmetal|Melmetal|100\/100|[from]move: Teleport\n|-damage|p1a: Melmetal|88\/100|[from] Spikes\n|-damage|p1a: Melmetal|82\/100|[from] Stealth Rock\n|\n|-weather|none\n|upkeep\n|turn|18\n|\n|t:|1631722934\n|switch|p2a: Zapdos|Zapdos|100\/100\n|move|p1a: Melmetal|Double Iron Bash|p2a: Zapdos\n|-resisted|p2a: Zapdos\n|-damage|p2a: Zapdos|84\/100\n|-resisted|p2a: Zapdos\n|-damage|p2a: Zapdos|67\/100\n|-hitcount|p2a: Zapdos|2\n|\n|upkeep\n|turn|19\n|\n|t:|1631722940\n|move|p1a: Melmetal|Double Iron Bash|p2a: Zapdos\n|-resisted|p2a: Zapdos\n|-damage|p2a: Zapdos|52\/100\n|-resisted|p2a: Zapdos\n|-damage|p2a: Zapdos|36\/100\n|-hitcount|p2a: Zapdos|2\n|cant|p2a: Zapdos|flinch\n|\n|upkeep\n|turn|20\n|\n|t:|1631722946\n|move|p1a: Melmetal|Double Iron Bash|p2a: Zapdos\n|-resisted|p2a: Zapdos\n|-crit|p2a: Zapdos\n|-damage|p2a: Zapdos|14\/100\n|-resisted|p2a: Zapdos\n|-damage|p2a: Zapdos|0 fnt\n|faint|p2a: Zapdos\n|-hitcount|p2: Zapdos|2\n|\n|-fieldend|move: Trick Room\n|upkeep\n|c|\u2606Gurtrant|wow\n|c|\u2606Aquila028|that crit sucks sorry\n|\n|t:|1631722966\n|switch|p2a: Barraskewda|Barraskewda, M|100\/100\n|turn|21\n|\n|t:|1631722974\n|switch|p1a: Ferrothorn|Ferrothorn, M|72\/100\n|-damage|p1a: Ferrothorn|66\/100|[from] Stealth Rock\n|-damage|p1a: Ferrothorn|54\/100|[from] Spikes\n|move|p2a: Barraskewda|Close Combat|p1a: Ferrothorn\n|-supereffective|p1a: Ferrothorn\n|-damage|p1a: Ferrothorn|0 fnt\n|-unboost|p2a: Barraskewda|def|1\n|-unboost|p2a: Barraskewda|spd|1\n|-damage|p2a: Barraskewda|88\/100|[from] ability: Iron Barbs|[of] p1a: Ferrothorn\n|faint|p1a: Ferrothorn\n|\n|upkeep\n|\n|t:|1631722978\n|switch|p1a: Cresselia|Cresselia, F|100\/100\n|-damage|p1a: Cresselia|88\/100|[from] Stealth Rock\n|turn|22\n|\n|t:|1631722982\n|switch|p2a: Pelipper|Pelipper, F|100\/100\n|-weather|RainDance|[from] ability: Drizzle|[of] p2a: Pelipper\n|move|p1a: Cresselia|Trick Room|p1a: Cresselia\n|-fieldstart|move: Trick Room|[of] p1a: Cresselia\n|\n|-weather|RainDance|[upkeep]\n|upkeep\n|turn|23\n|\n|t:|1631722987\n|switch|p1a: Melmetal|Melmetal|82\/100\n|-damage|p1a: Melmetal|76\/100|[from] Stealth Rock\n|-damage|p1a: Melmetal|63\/100|[from] Spikes\n|move|p2a: Pelipper|U-turn|p1a: Melmetal\n|-resisted|p1a: Melmetal\n|-damage|p1a: Melmetal|61\/100\n|j| Sley044\n|l| Sley044\n|\n|t:|1631722995\n|switch|p2a: Heliolisk|Heliolisk, M, shiny|91\/100|[from]move: U-turn\n|\n|-weather|RainDance|[upkeep]\n|-heal|p2a: Heliolisk|100\/100|[from] ability: Dry Skin\n|upkeep\n|turn|24\n|\n|t:|1631723000\n|switch|p2a: Pelipper|Pelipper, F|100\/100\n|move|p1a: Melmetal|Double Iron Bash|p2a: Pelipper\n|-resisted|p2a: Pelipper\n|-damage|p2a: Pelipper|84\/100\n|-resisted|p2a: Pelipper\n|-damage|p2a: Pelipper|69\/100\n|-hitcount|p2a: Pelipper|2\n|\n|-weather|RainDance|[upkeep]\n|upkeep\n|turn|25\n|\n|t:|1631723006\n|move|p1a: Melmetal|Thunder Punch|p2a: Pelipper\n|-supereffective|p2a: Pelipper\n|-damage|p2a: Pelipper|0 fnt\n|faint|p2a: Pelipper\n|\n|-weather|RainDance|[upkeep]\n|upkeep\n|\n|t:|1631723010\n|switch|p2a: Seismitoad|Seismitoad, M|100\/100\n|turn|26\n|\n|t:|1631723013\n|move|p1a: Melmetal|Double Iron Bash|p2a: Seismitoad\n|-resisted|p2a: Seismitoad\n|-crit|p2a: Seismitoad\n|-damage|p2a: Seismitoad|60\/100\n|-resisted|p2a: Seismitoad\n|-damage|p2a: Seismitoad|32\/100\n|-hitcount|p2a: Seismitoad|2\n|cant|p2a: Seismitoad|flinch\n|\n|-weather|RainDance|[upkeep]\n|-fieldend|move: Trick Room\n|upkeep\n|turn|27\n|c|\u2606Gurtrant|ok\n|c|\u2606Aquila028|bro\n|c|\u2606Aquila028|im\n|\n|t:|1631723025\n|switch|p1a: Porygon2|Porygon2|44\/100 par\n|-damage|p1a: Porygon2|31\/100 par|[from] Spikes\n|-damage|p1a: Porygon2|19\/100 par|[from] Stealth Rock\n|-ability|p1a: Porygon2|Download|boost\n|-boost|p1a: Porygon2|spa|1\n|move|p2a: Seismitoad|Weather Ball|p1a: Porygon2\n|-damage|p1a: Porygon2|0 fnt\n|faint|p1a: Porygon2\n|-damage|p2a: Seismitoad|22\/100|[from] item: Life Orb\n|\n|-weather|RainDance|[upkeep]\n|upkeep\n|\n|t:|1631723027\n|switch|p1a: Cresselia|Cresselia, F|88\/100\n|-damage|p1a: Cresselia|76\/100|[from] Stealth Rock\n|turn|28\n|\n|t:|1631723030\n|move|p2a: Seismitoad|Weather Ball|p1a: Cresselia\n|-damage|p1a: Cresselia|23\/100\n|-damage|p2a: Seismitoad|12\/100|[from] item: Life Orb\n|move|p1a: Cresselia|Trick Room|p1a: Cresselia\n|-fieldstart|move: Trick Room|[of] p1a: Cresselia\n|\n|-weather|RainDance|[upkeep]\n|upkeep\n|turn|29\n|\n|t:|1631723036\n|move|p1a: Cresselia|Lunar Dance|p1a: Cresselia\n|faint|p1a: Cresselia\n|move|p2a: Seismitoad|Earth Power|p1: Cresselia|[notarget]\n|-fail|p2a: Seismitoad\n|\n|-weather|none\n|upkeep\n|\n|t:|1631723039\n|switch|p1a: Melmetal|Melmetal|61\/100\n|-heal|p1a: Melmetal|100\/100|[from] move: Lunar Dance\n|-damage|p1a: Melmetal|94\/100|[from] Stealth Rock\n|-damage|p1a: Melmetal|82\/100|[from] Spikes\n|turn|30\n|\n|t:|1631723043\n|move|p1a: Melmetal|Double Iron Bash|p2a: Seismitoad\n|-resisted|p2a: Seismitoad\n|-damage|p2a: Seismitoad|0 fnt\n|faint|p2a: Seismitoad\n|-hitcount|p2: Seismitoad|1\n|\n|upkeep\n|\n|t:|1631723046\n|switch|p2a: Heliolisk|Heliolisk, M, shiny|100\/100\n|turn|31\n|\n|t:|1631723050\n|move|p1a: Melmetal|Earthquake|p2a: Heliolisk\n|-supereffective|p2a: Heliolisk\n|-damage|p2a: Heliolisk|0 fnt\n|faint|p2a: Heliolisk\n|\n|upkeep\n|\n|t:|1631723054\n|switch|p2a: Barraskewda|Barraskewda, M|88\/100\n|turn|32\n|\n|t:|1631723058\n|move|p1a: Melmetal|Double Iron Bash|p2a: Barraskewda\n|-resisted|p2a: Barraskewda\n|-damage|p2a: Barraskewda|43\/100\n|-resisted|p2a: Barraskewda\n|-damage|p2a: Barraskewda|0 fnt\n|faint|p2a: Barraskewda\n|-hitcount|p2: Barraskewda|2\n|\n|win|Aquila028\n|raw|Aquila028's rating: 1615 &rarr; <strong>1638<\/strong><br \/>(+23 for winning)\n|raw|Gurtrant's rating: 1673 &rarr; <strong>1650<\/strong><br \/>(-23 for losing)\n|l|\u2606Gurtrant\n|c|\u2606Aquila028|the flinches man sorry\n||Ladder isn't responding, score probably updated but might not have (Request timeout).\n","uploadtime":1631723075,"views":28,"p1id":"aquila028","p2id":"gurtrant","formatid":"gen8ou","rating":1638,"private":0,"password":null}