{"id":"gen8ou-1148600837","p1":"D.Shyam777","p2":"testotesto321","format":"gen8ou","log":"|j|\u2606D.Shyam777\n|j|\u2606testotesto321\n|player|p1|D.Shyam777|clerk|1827\n|player|p2|testotesto321|bellelba|1694\n|teamsize|p1|6\n|teamsize|p2|6\n|gametype|singles\n|gen|8\n|tier|[Gen 8] OU\n|rated|\n|clearpoke\n|poke|p1|Torkoal, F|\n|poke|p1|Cinderace, F|\n|poke|p1|Rillaboom, M|\n|poke|p1|Venusaur, F|\n|poke|p1|Chansey, F|\n|poke|p1|Magearna|\n|poke|p2|Alakazam, F|\n|poke|p2|Magearna|\n|poke|p2|Cinderace, F|\n|poke|p2|Chansey, F|\n|poke|p2|Mandibuzz, F|\n|poke|p2|Toxapex, F|\n|rule|Sleep Clause Mod: Limit one foe put to sleep\n|rule|Species Clause: Limit one of each Pok\u00e9mon\n|rule|OHKO Clause: OHKO moves are banned\n|rule|Evasion Moves Clause: Evasion moves are banned\n|rule|Endless Battle Clause: Forcing endless battles is banned\n|rule|HP Percentage Mod: HP is shown in percentages\n|rule|Dynamax Clause: You cannot dynamax\n|teampreview\n|\n|start\n|switch|p1a: Cinderace|Cinderace, F|100\/100\n|switch|p2a: Alakazam|Alakazam, F|100\/100\n|turn|1\n|\n|switch|p2a: Toxapex|Toxapex, F, shiny|100\/100\n|switch|p1a: Chansey|Chansey, F|100\/100\n|\n|upkeep\n|turn|2\n|l|\u2606D.Shyam777\n|player|p1|\n|j|\u2606D.Shyam777\n|player|p1|D.Shyam777|clerk\n|c|\u2606D.Shyam777|Hello\n|c|\u2606D.Shyam777|i cant click a move\n|\n|switch|p1a: Torkoal|Torkoal, F|100\/100\n|-weather|SunnyDay|[from] ability: Drought|[of] p1a: Torkoal\n|switch|p2a: Chansey|Chansey, F|100\/100\n|\n|-weather|SunnyDay|[upkeep]\n|upkeep\n|turn|3\n|l|\u2606D.Shyam777\n|player|p1|\n|j|\u2606D.Shyam777\n|player|p1|D.Shyam777|clerk\n|inactive|Battle timer is ON: inactive players will automatically lose when time's up. (requested by testotesto321)\n|c|\u2606D.Shyam777|Man can you click moves or just switch out\n|inactive|D.Shyam777 has 120 seconds left.\n|c|\u2606D.Shyam777|i click the moves nothing happens\n|c|\u2606testotesto321|i can click, idk whats wrong\n|c|\u2606D.Shyam777|but i can only switch out\n|c|\u2606testotesto321|thats weird\n|inactive|D.Shyam777 has 90 seconds left.\n|c|\u2606testotesto321|ask in the help forum\n|inactive|D.Shyam777 has 60 seconds left.\n|c|\u2606D.Shyam777|Can you pause the timer i.ll try using my phone\n|inactive|D.Shyam777 has 30 seconds left.\n|inactive|D.Shyam777 has 20 seconds left.\n|c|\u2606D.Shyam777|Great sportmanship\n|inactive|D.Shyam777 has 15 seconds left.\n|\n|switch|p1a: Chansey|Chansey, F|100\/100\n|move|p2a: Chansey|Toxic|p1a: Chansey\n|-status|p1a: Chansey|tox\n|\n|-weather|SunnyDay|[upkeep]\n|-damage|p1a: Chansey|94\/100 tox|[from] psn\n|upkeep\n|turn|4\n|inactiveoff|Battle timer is now OFF.\n|c|\u2606D.Shyam777|Bruh\n|c|\u2606D.Shyam777|it doesnt work from my phone too\n|c|\u2606testotesto321|what the heck lol thats screwy\n|inactive|Battle timer is ON: inactive players will automatically lose when time's up. (requested by testotesto321)\n|inactive|D.Shyam777 has 60 seconds left.\n|inactive|D.Shyam777 has 30 seconds left.\n|\n|switch|p1a: Magearna|Magearna|100\/100\n|move|p2a: Chansey|Stealth Rock|p1a: Magearna\n|-sidestart|p1: D.Shyam777|move: Stealth Rock\n|\n|-weather|SunnyDay|[upkeep]\n|upkeep\n|turn|5\n|\n|switch|p1a: Chansey|Chansey, F|94\/100\n|-damage|p1a: Chansey|82\/100|[from] Stealth Rock\n|move|p2a: Chansey|Seismic Toss|p1a: Chansey\n|-damage|p1a: Chansey|68\/100\n|\n|-weather|SunnyDay|[upkeep]\n|upkeep\n|turn|6\n|inactive|D.Shyam777 has 30 seconds left.\n|inactive|D.Shyam777 has 20 seconds left.\n|\n|switch|p1a: Magearna|Magearna|100\/100\n|-damage|p1a: Magearna|95\/100|[from] Stealth Rock\n|move|p2a: Chansey|Seismic Toss|p1a: Magearna\n|-damage|p1a: Magearna|63\/100\n|\n|-weather|SunnyDay|[upkeep]\n|upkeep\n|turn|7\n|inactive|D.Shyam777 has 30 seconds left this turn.\n|inactiveoff|Battle timer is now OFF.\n|c|\u2606testotesto321|battle timer is being screwy too\n|inactive|Battle timer is ON: inactive players will automatically lose when time's up. (requested by testotesto321)\n|inactive|D.Shyam777 has 30 seconds left.\n|\n|switch|p1a: Chansey|Chansey, F|68\/100\n|-damage|p1a: Chansey|55\/100|[from] Stealth Rock\n|move|p2a: Chansey|Seismic Toss|p1a: Chansey\n|-damage|p1a: Chansey|41\/100\n|\n|-weather|SunnyDay|[upkeep]\n|upkeep\n|turn|8\n|c|\u2606testotesto321|keeps reactivating when i turn it off\n|\n|switch|p1a: Magearna|Magearna|63\/100\n|-damage|p1a: Magearna|57\/100|[from] Stealth Rock\n|switch|p2a: Cinderace|Cinderace, F|100\/100\n|\n|-weather|SunnyDay|[upkeep]\n|upkeep\n|turn|9\n|\n|switch|p1a: Torkoal|Torkoal, F|100\/100\n|-damage|p1a: Torkoal|76\/100|[from] Stealth Rock\n|move|p2a: Cinderace|Pyro Ball|p1a: Torkoal\n|-resisted|p1a: Torkoal\n|-damage|p1a: Torkoal|50\/100\n|\n|-weather|none\n|upkeep\n|turn|10\n|\n|switch|p1a: Chansey|Chansey, F|41\/100\n|-damage|p1a: Chansey|29\/100|[from] Stealth Rock\n|move|p2a: Cinderace|Pyro Ball|p1a: Chansey|[miss]\n|-miss|p2a: Cinderace|p1a: Chansey\n|\n|upkeep\n|turn|11\n|\n|switch|p1a: Torkoal|Torkoal, F|50\/100\n|-damage|p1a: Torkoal|25\/100|[from] Stealth Rock\n|-weather|SunnyDay|[from] ability: Drought|[of] p1a: Torkoal\n|move|p2a: Cinderace|Gunk Shot|p1a: Torkoal\n|-start|p2a: Cinderace|typechange|Poison|[from] ability: Libero\n|-damage|p1a: Torkoal|0 fnt\n|faint|p1a: Torkoal\n|\n|-weather|SunnyDay|[upkeep]\n|upkeep\n|inactive|D.Shyam777 has 30 seconds left.\n|c|\u2606testotesto321|ask in tge help forum if its a known glitch\n|c|\u2606testotesto321|the\n|inactive|D.Shyam777 has 20 seconds left.\n|inactive|D.Shyam777 has 15 seconds left.\n|inactive|D.Shyam777 has 10 seconds left.\n|inactive|D.Shyam777 has 5 seconds left.\n|-message|D.Shyam777 lost due to inactivity.\n|\n|win|testotesto321\n|l|\u2606testotesto321\n|raw|D.Shyam777's rating: 1827 &rarr; <strong>1799<\/strong><br \/>(-28 for losing)\n|raw|testotesto321's rating: 1674 &rarr; <strong>1702<\/strong><br \/>(+28 for winning)\n|c|\u2606D.Shyam777|Yeah sure the timer was glitching\n","uploadtime":1594384292,"views":10,"p1id":"dshyam777","p2id":"testotesto321","formatid":"gen8ou","rating":1702,"private":0,"password":null}