{"id":"gen8ou-1136040176","p1":"cold.exe","p2":"KandicBkm","format":"gen8ou","log":"|j|\u2606cold.exe\n|j|\u2606KandicBkm\n|player|p1|cold.exe|red|1585\n|player|p2|KandicBkm|265|1621\n|teamsize|p1|6\n|teamsize|p2|6\n|gametype|singles\n|gen|8\n|tier|[Gen 8] OU\n|rated|\n|clearpoke\n|poke|p1|Bisharp, M|\n|poke|p1|Cinderace, M|\n|poke|p1|Zeraora|\n|poke|p1|Diggersby, F|\n|poke|p1|Toxapex, F|\n|poke|p1|Urshifu, F|\n|poke|p2|Clawitzer, M|\n|poke|p2|Pincurchin, M|\n|poke|p2|Hawlucha, F|\n|poke|p2|Dragapult, F|\n|poke|p2|Indeedee, M|\n|poke|p2|Skarmory, M|\n|rule|Sleep Clause Mod: Limit one foe put to sleep\n|rule|Species Clause: Limit one of each Pok\u00e9mon\n|rule|OHKO Clause: OHKO moves are banned\n|rule|Evasion Moves Clause: Evasion moves are banned\n|rule|Endless Battle Clause: Forcing endless battles is banned\n|rule|HP Percentage Mod: HP is shown in percentages\n|rule|Dynamax Clause: You cannot dynamax\n|teampreview\n|inactive|Battle timer is ON: inactive players will automatically lose when time's up. (requested by KandicBkm)\n|\n|start\n|switch|p1a: Zeraora|Zeraora|100\/100\n|switch|p2a: Dragapult|Dragapult, F|100\/100\n|turn|1\n|\n|move|p1a: Zeraora|Knock Off|p2a: Dragapult\n|-supereffective|p2a: Dragapult\n|-damage|p2a: Dragapult|3\/100\n|-enditem|p2a: Dragapult|Life Orb|[from] move: Knock Off|[of] p1a: Zeraora\n|move|p2a: Dragapult|Dragon Darts|p1a: Zeraora\n|-damage|p1a: Zeraora|67\/100\n|-anim|p2a: Dragapult|Dragon Darts|p1a: Zeraora\n|-damage|p1a: Zeraora|30\/100\n|\n|upkeep\n|turn|2\n|\n|switch|p2a: Pincurchin|Pincurchin, M|100\/100\n|-fieldstart|move: Electric Terrain|[from] ability: Electric Surge|[of] p2a: Pincurchin\n|move|p1a: Zeraora|Plasma Fists|p2a: Pincurchin\n|-resisted|p2a: Pincurchin\n|-damage|p2a: Pincurchin|57\/100\n|-fieldactivate|move: Ion Deluge\n|\n|upkeep\n|turn|3\n|\n|switch|p2a: Hawlucha|Hawlucha, F|100\/100\n|-enditem|p2a: Hawlucha|Electric Seed\n|-boost|p2a: Hawlucha|def|1|[from] item: Electric Seed\n|move|p1a: Zeraora|Knock Off|p2a: Hawlucha\n|-resisted|p2a: Hawlucha\n|-damage|p2a: Hawlucha|90\/100\n|\n|upkeep\n|turn|4\n|\n|switch|p1a: Toxapex|Toxapex, F|100\/100\n|move|p2a: Hawlucha|Acrobatics|p1a: Toxapex\n|-damage|p1a: Toxapex|72\/100\n|\n|-heal|p1a: Toxapex|78\/100|[from] item: Black Sludge\n|upkeep\n|turn|5\n|\n|move|p2a: Hawlucha|Taunt|p1a: Toxapex\n|-start|p1a: Toxapex|move: Taunt\n|cant|p1a: Toxapex|move: Taunt|Haze\n|\n|-heal|p1a: Toxapex|84\/100|[from] item: Black Sludge\n|upkeep\n|turn|6\n|\n|move|p2a: Hawlucha|Swords Dance|p2a: Hawlucha\n|-boost|p2a: Hawlucha|atk|2\n|move|p1a: Toxapex|Scald|p2a: Hawlucha\n|-damage|p2a: Hawlucha|63\/100\n|\n|-heal|p1a: Toxapex|91\/100|[from] item: Black Sludge\n|upkeep\n|turn|7\n|\n|move|p2a: Hawlucha|Acrobatics|p1a: Toxapex\n|-damage|p1a: Toxapex|26\/100\n|move|p1a: Toxapex|Scald|p2a: Hawlucha\n|-damage|p2a: Hawlucha|37\/100\n|\n|-heal|p1a: Toxapex|32\/100|[from] item: Black Sludge\n|-end|p1a: Toxapex|move: Taunt\n|upkeep\n|turn|8\n|\n|move|p2a: Hawlucha|Close Combat|p1a: Toxapex\n|-resisted|p1a: Toxapex\n|-damage|p1a: Toxapex|2\/100\n|-unboost|p2a: Hawlucha|def|1\n|-unboost|p2a: Hawlucha|spd|1\n|move|p1a: Toxapex|Scald|p2a: Hawlucha\n|-damage|p2a: Hawlucha|0 fnt\n|faint|p2a: Hawlucha\n|\n|-heal|p1a: Toxapex|8\/100|[from] item: Black Sludge\n|upkeep\n|\n|switch|p2a: Clawitzer|Clawitzer, M, shiny|100\/100\n|turn|9\n|\n|move|p2a: Clawitzer|Water Pulse|p1a: Toxapex\n|-resisted|p1a: Toxapex\n|-damage|p1a: Toxapex|0 fnt\n|faint|p1a: Toxapex\n|\n|-fieldend|move: Electric Terrain\n|upkeep\n|\n|switch|p1a: Zeraora|Zeraora|30\/100\n|turn|10\n|\n|move|p1a: Zeraora|Plasma Fists|p2a: Clawitzer\n|-supereffective|p2a: Clawitzer\n|-damage|p2a: Clawitzer|0 fnt\n|-fieldactivate|move: Ion Deluge\n|faint|p2a: Clawitzer\n|\n|upkeep\n|\n|switch|p2a: Indeedee|Indeedee, M|100\/100\n|-fieldstart|move: Psychic Terrain|[from] ability: Psychic Surge|[of] p2a: Indeedee\n|turn|11\n|\n|move|p2a: Indeedee|Dazzling Gleam|p1a: Zeraora\n|-damage|p1a: Zeraora|0 fnt\n|faint|p1a: Zeraora\n|\n|upkeep\n|\n|switch|p1a: Cinderace|Cinderace, M|100\/100\n|turn|12\n|\n|switch|p2a: Skarmory|Skarmory, M|100\/100\n|move|p1a: Cinderace|Pyro Ball|p2a: Skarmory|[miss]\n|-miss|p1a: Cinderace|p2a: Skarmory\n|\n|upkeep\n|turn|13\n|\n|move|p1a: Cinderace|Pyro Ball|p2a: Skarmory\n|-supereffective|p2a: Skarmory\n|-damage|p2a: Skarmory|21\/100\n|-status|p2a: Skarmory|brn\n|move|p2a: Skarmory|Stealth Rock|p1a: Cinderace\n|-sidestart|p1: cold.exe|move: Stealth Rock\n|\n|-damage|p2a: Skarmory|15\/100 brn|[from] brn\n|upkeep\n|turn|14\n|\n|move|p1a: Cinderace|Pyro Ball|p2a: Skarmory\n|-supereffective|p2a: Skarmory\n|-damage|p2a: Skarmory|0 fnt\n|faint|p2a: Skarmory\n|\n|upkeep\n|\n|switch|p2a: Dragapult|Dragapult, F|3\/100\n|turn|15\n|\n|switch|p1a: Bisharp|Bisharp, M|100\/100\n|-damage|p1a: Bisharp|94\/100|[from] Stealth Rock\n|move|p2a: Dragapult|Dragon Darts|p1a: Bisharp\n|-resisted|p1a: Bisharp\n|-damage|p1a: Bisharp|78\/100\n|-anim|p2a: Dragapult|Dragon Darts|p1a: Bisharp\n|-resisted|p1a: Bisharp\n|-damage|p1a: Bisharp|61\/100\n|\n|-fieldend|move: Psychic Terrain\n|upkeep\n|turn|16\n|\n|switch|p2a: Indeedee|Indeedee, M|100\/100\n|-fieldstart|move: Psychic Terrain|[from] ability: Psychic Surge|[of] p2a: Indeedee\n|move|p1a: Bisharp|Knock Off|p2a: Indeedee\n|-supereffective|p2a: Indeedee\n|-damage|p2a: Indeedee|0 fnt\n|-enditem|p2a: Indeedee|Choice Scarf|[from] move: Knock Off|[of] p1a: Bisharp\n|-damage|p1a: Bisharp|51\/100|[from] item: Life Orb\n|faint|p2a: Indeedee\n|\n|upkeep\n|\n|switch|p2a: Dragapult|Dragapult, F|3\/100\n|turn|17\n|\n|move|p2a: Dragapult|Fire Blast|p1a: Bisharp\n|-supereffective|p1a: Bisharp\n|-damage|p1a: Bisharp|0 fnt\n|faint|p1a: Bisharp\n|\n|upkeep\n|\n|switch|p1a: Cinderace|Cinderace, M|100\/100\n|turn|18\n|\n|move|p2a: Dragapult|Dragon Darts|p1a: Cinderace\n|-damage|p1a: Cinderace|65\/100\n|-anim|p2a: Dragapult|Dragon Darts|p1a: Cinderace\n|-damage|p1a: Cinderace|28\/100\n|move|p1a: Cinderace|Pyro Ball|p2a: Dragapult\n|-resisted|p2a: Dragapult\n|-damage|p2a: Dragapult|0 fnt\n|faint|p2a: Dragapult\n|\n|upkeep\n|l|\u2606KandicBkm\n|inactive|KandicBkm disconnected and has a minute to reconnect!\n|player|p2|\n|inactive|cold.exe also wants the timer to be on.\n|inactive|KandicBkm has 30 seconds to reconnect!\n|inactive|KandicBkm has 20 seconds to reconnect!\n|inactive|KandicBkm has 15 seconds to reconnect!\n|inactive|KandicBkm has 10 seconds to reconnect!\n|inactive|KandicBkm has 5 seconds to reconnect!\n|-message|KandicBkm lost due to inactivity.\n|\n|win|cold.exe\n|raw|cold.exe's rating: 1570 &rarr; <strong>1593<\/strong><br \/>(+23 for winning)\n|raw|KandicBkm's rating: 1621 &rarr; <strong>1598<\/strong><br \/>(-23 for losing)\n","uploadtime":1592653431,"views":24,"p1id":"coldexe","p2id":"kandicbkm","formatid":"gen8ou","rating":1593,"private":0,"password":null}