{"id":"gen8ou-1687638000","p1":"ChandosH","p2":"iidanny2k","format":"gen8ou","log":"|html|<div class=\"broadcast-blue\"><strong>[Gen 8] OU is currently suspecting Melmetal! For information on how to participate check out the <a href=\"https:\/\/www.smogon.com\/forums\/threads\/np-ss-ou-suspect-process-round-12-monster-mash.3709234\/\">suspect thread<\/a>.<\/strong><\/div>\n|j|\u2606ChandosH\n|j|\u2606iidanny2k\n|t:|1665984698\n|gametype|singles\n|player|p1|ChandosH|n-masters|1579\n|player|p2|iidanny2k|palmer|1709\n|teamsize|p1|6\n|teamsize|p2|6\n|gen|8\n|tier|[Gen 8] OU\n|rated|\n|rule|Sleep Clause Mod: Limit one foe put to sleep\n|rule|Species Clause: Limit one of each Pok\u00e9mon\n|rule|OHKO Clause: OHKO moves are banned\n|rule|Evasion Items Clause: Evasion items are banned\n|rule|Evasion Moves Clause: Evasion moves are banned\n|rule|Endless Battle Clause: Forcing endless battles is banned\n|rule|HP Percentage Mod: HP is shown in percentages\n|rule|Dynamax Clause: You cannot dynamax\n|clearpoke\n|poke|p1|Pelipper, M|\n|poke|p1|Barraskewda, F|\n|poke|p1|Zapdos|\n|poke|p1|Ferrothorn, M|\n|poke|p1|Crawdaunt, M|\n|poke|p1|Landorus-Therian, M|\n|poke|p2|Toxapex, M|\n|poke|p2|Kangaskhan, F|\n|poke|p2|Dragapult, F|\n|poke|p2|Tapu Koko|\n|poke|p2|Landorus-Therian, M|\n|poke|p2|Scizor, F|\n|teampreview\n|inactive|Battle timer is ON: inactive players will automatically lose when time's up. (requested by iidanny2k)\n|\n|t:|1665984713\n|start\n|switch|p1a: Zapdos|Zapdos|100\/100\n|switch|p2a: Kangaskhan|Kangaskhan, F|100\/100\n|turn|1\n|\n|t:|1665984719\n|switch|p1a: Ferrothorn|Ferrothorn, M|100\/100\n|switch|p2a: Tapu Koko|Tapu Koko|100\/100\n|-fieldstart|move: Electric Terrain|[from] ability: Electric Surge|[of] p2a: Tapu Koko\n|\n|upkeep\n|turn|2\n|\n|t:|1665984722\n|move|p2a: Tapu Koko|Volt Switch|p1a: Ferrothorn\n|-resisted|p1a: Ferrothorn\n|-damage|p1a: Ferrothorn|85\/100\n|\n|t:|1665984724\n|switch|p2a: Dragapult|Dragapult, F|100\/100|[from]move: Volt Switch\n|move|p1a: Ferrothorn|Stealth Rock|p2a: Dragapult\n|-sidestart|p2: iidanny2k|move: Stealth Rock\n|\n|-heal|p1a: Ferrothorn|91\/100|[from] item: Leftovers\n|upkeep\n|turn|3\n|\n|t:|1665984734\n|switch|p1a: Landorus|Landorus-Therian, M|100\/100\n|-ability|p1a: Landorus|Intimidate|boost\n|-fail|p2a: Dragapult|unboost|[from] ability: Clear Body|[of] p2a: Dragapult\n|move|p2a: Dragapult|Shadow Ball|p1a: Landorus\n|-damage|p1a: Landorus|59\/100\n|\n|-heal|p1a: Landorus|65\/100|[from] item: Leftovers\n|upkeep\n|turn|4\n|\n|t:|1665984746\n|move|p2a: Dragapult|Shadow Ball|p1a: Landorus\n|-damage|p1a: Landorus|28\/100\n|move|p1a: Landorus|Toxic|p2a: Dragapult\n|-status|p2a: Dragapult|tox\n|\n|-heal|p1a: Landorus|34\/100|[from] item: Leftovers\n|-damage|p2a: Dragapult|95\/100 tox|[from] psn\n|upkeep\n|turn|5\n|\n|t:|1665984755\n|move|p2a: Dragapult|Shadow Ball|p1a: Landorus\n|-damage|p1a: Landorus|0 fnt\n|faint|p1a: Landorus\n|\n|-damage|p2a: Dragapult|83\/100 tox|[from] psn\n|-fieldend|move: Electric Terrain\n|upkeep\n|\n|t:|1665984759\n|switch|p1a: Crawdaunt|Crawdaunt, M|100\/100\n|turn|6\n|\n|t:|1665984777\n|switch|p2a: Toxapex|Toxapex, M|100\/100\n|-damage|p2a: Toxapex|88\/100|[from] Stealth Rock\n|move|p1a: Crawdaunt|Knock Off|p2a: Toxapex\n|-damage|p2a: Toxapex|33\/100\n|-damage|p1a: Crawdaunt|84\/100|[from] item: Rocky Helmet|[of] p2a: Toxapex\n|-enditem|p2a: Toxapex|Rocky Helmet|[from] move: Knock Off|[of] p1a: Crawdaunt\n|-damage|p1a: Crawdaunt|74\/100|[from] item: Life Orb\n|\n|upkeep\n|turn|7\n|\n|t:|1665984783\n|move|p1a: Crawdaunt|Crabhammer|p2a: Toxapex\n|-resisted|p2a: Toxapex\n|-damage|p2a: Toxapex|3\/100\n|-damage|p1a: Crawdaunt|65\/100|[from] item: Life Orb\n|move|p2a: Toxapex|Recover|p2a: Toxapex\n|-heal|p2a: Toxapex|53\/100\n|\n|upkeep\n|turn|8\n|\n|t:|1665984787\n|move|p1a: Crawdaunt|Swords Dance|p1a: Crawdaunt\n|-boost|p1a: Crawdaunt|atk|2\n|move|p2a: Toxapex|Recover|p2a: Toxapex\n|-heal|p2a: Toxapex|100\/100\n|\n|upkeep\n|turn|9\n|\n|t:|1665984793\n|move|p1a: Crawdaunt|Knock Off|p2a: Toxapex\n|-damage|p2a: Toxapex|30\/100\n|-damage|p1a: Crawdaunt|55\/100|[from] item: Life Orb\n|move|p2a: Toxapex|Haze|p2a: Toxapex\n|-clearallboost\n|\n|upkeep\n|turn|10\n|\n|t:|1665984796\n|move|p1a: Crawdaunt|Knock Off|p2a: Toxapex\n|-damage|p2a: Toxapex|0 fnt\n|faint|p2a: Toxapex\n|-damage|p1a: Crawdaunt|45\/100|[from] item: Life Orb\n|\n|upkeep\n|\n|t:|1665984801\n|switch|p2a: Scizor|Scizor, F|100\/100\n|-damage|p2a: Scizor|88\/100|[from] Stealth Rock\n|turn|11\n|\n|t:|1665984811\n|move|p1a: Crawdaunt|Knock Off|p2a: Scizor\n|-damage|p2a: Scizor|16\/100\n|-damage|p1a: Crawdaunt|29\/100|[from] item: Rocky Helmet|[of] p2a: Scizor\n|-enditem|p2a: Scizor|Rocky Helmet|[from] move: Knock Off|[of] p1a: Crawdaunt\n|-damage|p1a: Crawdaunt|19\/100|[from] item: Life Orb\n|move|p2a: Scizor|U-turn|p1a: Crawdaunt\n|-supereffective|p1a: Crawdaunt\n|-damage|p1a: Crawdaunt|0 fnt\n|faint|p1a: Crawdaunt\n|\n|t:|1665984815\n|switch|p2a: Tapu Koko|Tapu Koko|100\/100|[from]move: U-turn\n|-fieldstart|move: Electric Terrain|[from] ability: Electric Surge|[of] p2a: Tapu Koko\n|\n|upkeep\n|\n|t:|1665984822\n|switch|p1a: Ferrothorn|Ferrothorn, M|91\/100\n|turn|12\n|\n|t:|1665984827\n|move|p2a: Tapu Koko|Volt Switch|p1a: Ferrothorn\n|-resisted|p1a: Ferrothorn\n|-damage|p1a: Ferrothorn|75\/100\n|\n|t:|1665984832\n|switch|p2a: Scizor|Scizor, F|16\/100|[from]move: Volt Switch\n|-damage|p2a: Scizor|4\/100|[from] Stealth Rock\n|move|p1a: Ferrothorn|Leech Seed|p2a: Scizor\n|-start|p2a: Scizor|move: Leech Seed\n|\n|-heal|p1a: Ferrothorn|81\/100|[from] item: Leftovers\n|-damage|p2a: Scizor|0 fnt|[from] Leech Seed|[of] p1a: Ferrothorn\n|-heal|p1a: Ferrothorn|84\/100|[silent]\n|faint|p2a: Scizor\n|upkeep\n|\n|t:|1665984838\n|switch|p2a: Kangaskhan|Kangaskhan, F|100\/100\n|-damage|p2a: Kangaskhan|88\/100|[from] Stealth Rock\n|turn|13\n|\n|t:|1665984842\n|move|p2a: Kangaskhan|Fire Punch|p1a: Ferrothorn\n|-supereffective|p1a: Ferrothorn\n|-damage|p1a: Ferrothorn|15\/100\n|-damage|p2a: Kangaskhan|75\/100|[from] ability: Iron Barbs|[of] p1a: Ferrothorn\n|move|p1a: Ferrothorn|Leech Seed|p2a: Kangaskhan\n|-start|p2a: Kangaskhan|move: Leech Seed\n|\n|-heal|p1a: Ferrothorn|21\/100|[from] item: Leftovers\n|-damage|p2a: Kangaskhan|63\/100|[from] Leech Seed|[of] p1a: Ferrothorn\n|-heal|p1a: Ferrothorn|34\/100|[silent]\n|upkeep\n|turn|14\n|\n|t:|1665984847\n|switch|p2a: Tapu Koko|Tapu Koko|100\/100\n|switch|p1a: Pelipper|Pelipper, M|100\/100\n|-weather|RainDance|[from] ability: Drizzle|[of] p1a: Pelipper\n|\n|-weather|RainDance|[upkeep]\n|upkeep\n|turn|15\n|\n|t:|1665984858\n|switch|p1a: Ferrothorn|Ferrothorn, M|34\/100\n|move|p2a: Tapu Koko|Thunderbolt|p1a: Ferrothorn\n|-resisted|p1a: Ferrothorn\n|-damage|p1a: Ferrothorn|14\/100\n|\n|-weather|RainDance|[upkeep]\n|-heal|p1a: Ferrothorn|21\/100|[from] item: Leftovers\n|-fieldend|move: Electric Terrain\n|upkeep\n|turn|16\n|\n|t:|1665984863\n|move|p2a: Tapu Koko|Volt Switch|p1a: Ferrothorn\n|-resisted|p1a: Ferrothorn\n|-damage|p1a: Ferrothorn|9\/100\n|\n|t:|1665984871\n|switch|p2a: Kangaskhan|Kangaskhan, F|63\/100|[from]move: Volt Switch\n|-damage|p2a: Kangaskhan|50\/100|[from] Stealth Rock\n|move|p1a: Ferrothorn|Leech Seed|p2a: Kangaskhan\n|-start|p2a: Kangaskhan|move: Leech Seed\n|\n|-weather|RainDance|[upkeep]\n|-heal|p1a: Ferrothorn|15\/100|[from] item: Leftovers\n|-damage|p2a: Kangaskhan|38\/100|[from] Leech Seed|[of] p1a: Ferrothorn\n|-heal|p1a: Ferrothorn|28\/100|[silent]\n|upkeep\n|turn|17\n|\n|t:|1665984885\n|switch|p1a: Pelipper|Pelipper, M|100\/100\n|move|p2a: Kangaskhan|Double-Edge|p1a: Pelipper\n|-damage|p1a: Pelipper|39\/100\n|-damage|p2a: Kangaskhan|20\/100|[from] Recoil\n|\n|-weather|RainDance|[upkeep]\n|-damage|p2a: Kangaskhan|7\/100|[from] Leech Seed|[of] p1a: Pelipper\n|-heal|p1a: Pelipper|53\/100|[silent]\n|upkeep\n|turn|18\n|\n|t:|1665984892\n|switch|p1a: Ferrothorn|Ferrothorn, M|28\/100\n|move|p2a: Kangaskhan|Double-Edge|p1a: Ferrothorn\n|-resisted|p1a: Ferrothorn\n|-damage|p1a: Ferrothorn|5\/100\n|-damage|p2a: Kangaskhan|0 fnt|[from] ability: Iron Barbs|[of] p1a: Ferrothorn\n|faint|p2a: Kangaskhan\n|\n|-weather|RainDance|[upkeep]\n|-heal|p1a: Ferrothorn|11\/100|[from] item: Leftovers\n|upkeep\n|\n|t:|1665984895\n|switch|p2a: Tapu Koko|Tapu Koko|100\/100\n|-fieldstart|move: Electric Terrain|[from] ability: Electric Surge|[of] p2a: Tapu Koko\n|turn|19\n|\n|t:|1665984904\n|move|p2a: Tapu Koko|Thunderbolt|p1a: Ferrothorn\n|-resisted|p1a: Ferrothorn\n|-damage|p1a: Ferrothorn|0 fnt\n|faint|p1a: Ferrothorn\n|\n|-weather|RainDance|[upkeep]\n|upkeep\n|\n|t:|1665984907\n|switch|p1a: Barraskewda|Barraskewda, F|100\/100\n|turn|20\n|\n|t:|1665984909\n|switch|p2a: Landorus|Landorus-Therian, M|100\/100\n|-damage|p2a: Landorus|88\/100|[from] Stealth Rock\n|-ability|p2a: Landorus|Intimidate|boost\n|-unboost|p1a: Barraskewda|atk|1\n|move|p1a: Barraskewda|Liquidation|p2a: Landorus\n|-supereffective|p2a: Landorus\n|-damage|p2a: Landorus|0 fnt\n|faint|p2a: Landorus\n|\n|-weather|RainDance|[upkeep]\n|upkeep\n|\n|t:|1665984912\n|switch|p2a: Tapu Koko|Tapu Koko|100\/100\n|turn|21\n|j| sfgfsdfshs\n|inactive|ChandosH has 120 seconds left.\n|\n|t:|1665984967\n|switch|p1a: Zapdos|Zapdos|100\/100\n|move|p2a: Tapu Koko|Thunderbolt|p1a: Zapdos\n|-damage|p1a: Zapdos|42\/100\n|\n|-weather|none\n|upkeep\n|turn|22\n|\n|t:|1665984972\n|move|p2a: Tapu Koko|Thunderbolt|p1a: Zapdos\n|-damage|p1a: Zapdos|0 fnt\n|faint|p1a: Zapdos\n|\n|upkeep\n|\n|t:|1665984977\n|switch|p1a: Pelipper|Pelipper, M|53\/100\n|-weather|RainDance|[from] ability: Drizzle|[of] p1a: Pelipper\n|turn|23\n|\n|t:|1665984979\n|move|p2a: Tapu Koko|Thunderbolt|p1a: Pelipper\n|-supereffective|p1a: Pelipper\n|-crit|p1a: Pelipper\n|-damage|p1a: Pelipper|0 fnt\n|faint|p1a: Pelipper\n|\n|-weather|RainDance|[upkeep]\n|-fieldend|move: Electric Terrain\n|upkeep\n|\n|t:|1665984982\n|switch|p1a: Barraskewda|Barraskewda, F|100\/100\n|turn|24\n|\n|t:|1665984984\n|move|p1a: Barraskewda|Liquidation|p2a: Tapu Koko\n|-damage|p2a: Tapu Koko|0 fnt\n|faint|p2a: Tapu Koko\n|\n|-weather|RainDance|[upkeep]\n|upkeep\n|\n|t:|1665984986\n|switch|p2a: Dragapult|Dragapult, F|83\/100 tox\n|-damage|p2a: Dragapult|70\/100 tox|[from] Stealth Rock\n|turn|25\n|\n|t:|1665984989\n|move|p1a: Barraskewda|Liquidation|p2a: Dragapult\n|-resisted|p2a: Dragapult\n|-damage|p2a: Dragapult|0 fnt\n|faint|p2a: Dragapult\n|\n|win|ChandosH\n|raw|ChandosH's rating: 1579 &rarr; <strong>1606<\/strong><br \/>(+27 for winning)\n|raw|iidanny2k's rating: 1709 &rarr; <strong>1682<\/strong><br \/>(-27 for losing)\n|l|\u2606iidanny2k\n|c|\u2606ChandosH|Gg\n","uploadtime":1665984998,"views":20,"p1id":"chandosh","p2id":"iidanny2k","formatid":"gen8ou","rating":1606,"private":0,"password":null}