{"id":"gen8ou-1660652234","p1":"minimax_ai","p2":"Forwards","format":"gen8ou","log":"|j|\u2606minimax_ai\n|j|\u2606Forwards\n|t:|1662795152\n|gametype|singles\n|player|p1|minimax_ai|lusamine-nihilego|1554\n|player|p2|Forwards|rollerskater|1520\n|teamsize|p1|6\n|teamsize|p2|6\n|gen|8\n|tier|[Gen 8] OU\n|rated|\n|rule|Sleep Clause Mod: Limit one foe put to sleep\n|rule|Species Clause: Limit one of each Pok\u00e9mon\n|rule|OHKO Clause: OHKO moves are banned\n|rule|Evasion Items Clause: Evasion items are banned\n|rule|Evasion Moves Clause: Evasion moves are banned\n|rule|Endless Battle Clause: Forcing endless battles is banned\n|rule|HP Percentage Mod: HP is shown in percentages\n|rule|Dynamax Clause: You cannot dynamax\n|clearpoke\n|poke|p1|Rotom-Wash|\n|poke|p1|Weavile, M|\n|poke|p1|Landorus-Therian, M|\n|poke|p1|Heatran, M|\n|poke|p1|Tangrowth, M|\n|poke|p1|Melmetal|\n|poke|p2|Weavile, F|\n|poke|p2|Tapu Lele|\n|poke|p2|Volcanion|\n|poke|p2|Corviknight, F|\n|poke|p2|Landorus-Therian, M|\n|poke|p2|Tapu Bulu|\n|teampreview\n|c|\u2606minimax_ai|hf\n|inactive|Battle timer is ON: inactive players will automatically lose when time's up. (requested by minimax_ai)\n|c|\u2606Forwards|gl\n|\n|t:|1662795164\n|start\n|switch|p1a: rotomwash|Rotom-Wash|100\/100\n|switch|p2a: Weavile|Weavile, F|100\/100\n|turn|1\n|\n|t:|1662795170\n|switch|p1a: Melmetal|Melmetal|100\/100\n|move|p2a: Weavile|Knock Off|p1a: Melmetal\n|-damage|p1a: Melmetal|75\/100\n|-enditem|p1a: Melmetal|Assault Vest|[from] move: Knock Off|[of] p2a: Weavile\n|\n|upkeep\n|turn|2\n|\n|t:|1662795176\n|switch|p2a: Corviknight|Corviknight, F|100\/100\n|-ability|p2a: Corviknight|Pressure\n|move|p1a: Melmetal|Thunder Punch|p2a: Corviknight\n|-supereffective|p2a: Corviknight\n|-damage|p2a: Corviknight|60\/100\n|-damage|p1a: Melmetal|58\/100|[from] item: Rocky Helmet|[of] p2a: Corviknight\n|\n|upkeep\n|turn|3\n|\n|t:|1662795182\n|switch|p1a: rotomwash|Rotom-Wash|100\/100\n|move|p2a: Corviknight|Roost|p2a: Corviknight\n|-heal|p2a: Corviknight|100\/100\n|-singleturn|p2a: Corviknight|move: Roost\n|\n|upkeep\n|turn|4\n|\n|t:|1662795186\n|switch|p2a: Landorus|Landorus-Therian, M|100\/100\n|-ability|p2a: Landorus|Intimidate|boost\n|-unboost|p1a: rotomwash|atk|1\n|move|p1a: rotomwash|Hydro Pump|p2a: Landorus\n|-supereffective|p2a: Landorus\n|-damage|p2a: Landorus|3\/100\n|\n|-heal|p2a: Landorus|9\/100|[from] item: Leftovers\n|upkeep\n|turn|5\n|\n|t:|1662795192\n|move|p1a: rotomwash|Hydro Pump|p2a: Landorus|[miss]\n|-miss|p1a: rotomwash|p2a: Landorus\n|move|p2a: Landorus|Toxic|p1a: rotomwash\n|-status|p1a: rotomwash|tox\n|\n|-heal|p2a: Landorus|15\/100|[from] item: Leftovers\n|-damage|p1a: rotomwash|94\/100 tox|[from] psn\n|upkeep\n|turn|6\n|\n|t:|1662795195\n|switch|p2a: Volcanion|Volcanion|100\/100\n|move|p1a: rotomwash|Hydro Pump|p2a: Volcanion\n|-immune|p2a: Volcanion|[from] ability: Water Absorb\n|\n|-heal|p1a: rotomwash|100\/100 tox|[from] item: Leftovers\n|-damage|p1a: rotomwash|88\/100 tox|[from] psn\n|upkeep\n|turn|7\n|\n|t:|1662795200\n|switch|p2a: Landorus|Landorus-Therian, M|15\/100\n|-ability|p2a: Landorus|Intimidate|boost\n|-unboost|p1a: rotomwash|atk|1\n|move|p1a: rotomwash|Thunderbolt|p2a: Landorus\n|-immune|p2a: Landorus\n|\n|-heal|p1a: rotomwash|94\/100 tox|[from] item: Leftovers\n|-heal|p2a: Landorus|21\/100|[from] item: Leftovers\n|-damage|p1a: rotomwash|75\/100 tox|[from] psn\n|upkeep\n|turn|8\n|\n|t:|1662795207\n|switch|p1a: Heatran|Heatran, M|100\/100\n|-item|p1a: Heatran|Air Balloon\n|move|p2a: Landorus|U-turn|p1a: Heatran\n|-resisted|p1a: Heatran\n|-damage|p1a: Heatran|96\/100\n|-enditem|p1a: Heatran|Air Balloon\n|\n|t:|1662795211\n|switch|p2a: Volcanion|Volcanion|100\/100|[from]move: U-turn\n|\n|upkeep\n|turn|9\n|\n|t:|1662795215\n|switch|p1a: rotomwash|Rotom-Wash|75\/100 tox\n|move|p2a: Volcanion|Steam Eruption|p1a: rotomwash|[miss]\n|-miss|p2a: Volcanion|p1a: rotomwash\n|\n|-heal|p1a: rotomwash|82\/100 tox|[from] item: Leftovers\n|-damage|p1a: rotomwash|75\/100 tox|[from] psn\n|upkeep\n|turn|10\n|\n|t:|1662795218\n|switch|p2a: Landorus|Landorus-Therian, M|21\/100\n|-ability|p2a: Landorus|Intimidate|boost\n|-unboost|p1a: rotomwash|atk|1\n|move|p1a: rotomwash|Thunderbolt|p2a: Landorus\n|-immune|p2a: Landorus\n|\n|-heal|p1a: rotomwash|82\/100 tox|[from] item: Leftovers\n|-heal|p2a: Landorus|27\/100|[from] item: Leftovers\n|-damage|p1a: rotomwash|69\/100 tox|[from] psn\n|upkeep\n|turn|11\n|\n|t:|1662795225\n|move|p1a: rotomwash|Hydro Pump|p2a: Landorus\n|-supereffective|p2a: Landorus\n|-damage|p2a: Landorus|0 fnt\n|faint|p2a: Landorus\n|\n|-heal|p1a: rotomwash|75\/100 tox|[from] item: Leftovers\n|-damage|p1a: rotomwash|57\/100 tox|[from] psn\n|upkeep\n|\n|t:|1662795227\n|switch|p2a: Tapu Lele|Tapu Lele|100\/100\n|-fieldstart|move: Psychic Terrain|[from] ability: Psychic Surge|[of] p2a: Tapu Lele\n|turn|12\n|\n|t:|1662795231\n|switch|p1a: landorustherian|Landorus-Therian, M|100\/100\n|-ability|p1a: landorustherian|Intimidate|boost\n|-unboost|p2a: Tapu Lele|atk|1\n|move|p2a: Tapu Lele|Psychic|p1a: landorustherian\n|-damage|p1a: landorustherian|27\/100\n|\n|-heal|p1a: landorustherian|33\/100|[from] item: Leftovers\n|upkeep\n|turn|13\n|\n|t:|1662795234\n|switch|p2a: Weavile|Weavile, F|100\/100\n|switch|p1a: rotomwash|Rotom-Wash|57\/100 tox\n|\n|-heal|p1a: rotomwash|63\/100 tox|[from] item: Leftovers\n|-damage|p1a: rotomwash|57\/100 tox|[from] psn\n|upkeep\n|turn|14\n|\n|t:|1662795244\n|switch|p2a: Tapu Bulu|Tapu Bulu|100\/100\n|-fieldstart|move: Grassy Terrain|[from] ability: Grassy Surge|[of] p2a: Tapu Bulu\n|move|p1a: rotomwash|Thunderbolt|p2a: Tapu Bulu\n|-resisted|p2a: Tapu Bulu\n|-damage|p2a: Tapu Bulu|77\/100\n|\n|-heal|p2a: Tapu Bulu|83\/100|[from] Grassy Terrain\n|-heal|p1a: rotomwash|63\/100 tox|[from] item: Leftovers\n|-damage|p1a: rotomwash|50\/100 tox|[from] psn\n|upkeep\n|turn|15\n|\n|t:|1662795249\n|switch|p1a: Tangrowth|Tangrowth, M|100\/100\n|move|p2a: Tapu Bulu|Swords Dance|p2a: Tapu Bulu\n|-boost|p2a: Tapu Bulu|atk|2\n|\n|-heal|p2a: Tapu Bulu|89\/100|[from] Grassy Terrain\n|upkeep\n|turn|16\n|\n|t:|1662795252\n|move|p2a: Tapu Bulu|Close Combat|p1a: Tangrowth\n|-damage|p1a: Tangrowth|42\/100\n|-unboost|p2a: Tapu Bulu|def|1\n|-unboost|p2a: Tapu Bulu|spd|1\n|-damage|p2a: Tapu Bulu|72\/100|[from] item: Rocky Helmet|[of] p1a: Tangrowth\n|-damage|p2a: Tapu Bulu|62\/100|[from] item: Life Orb\n|move|p1a: Tangrowth|Giga Drain|p2a: Tapu Bulu\n|-resisted|p2a: Tapu Bulu\n|-damage|p2a: Tapu Bulu|29\/100\n|-heal|p1a: Tangrowth|53\/100|[from] drain|[of] p2a: Tapu Bulu\n|\n|-heal|p2a: Tapu Bulu|35\/100|[from] Grassy Terrain\n|-heal|p1a: Tangrowth|60\/100|[from] Grassy Terrain\n|upkeep\n|turn|17\n|\n|t:|1662795259\n|switch|p1a: landorustherian|Landorus-Therian, M|33\/100\n|-ability|p1a: landorustherian|Intimidate|boost\n|-unboost|p2a: Tapu Bulu|atk|1\n|move|p2a: Tapu Bulu|Close Combat|p1a: landorustherian\n|-resisted|p1a: landorustherian\n|-damage|p1a: landorustherian|0 fnt\n|-unboost|p2a: Tapu Bulu|def|1\n|-unboost|p2a: Tapu Bulu|spd|1\n|faint|p1a: landorustherian\n|-damage|p2a: Tapu Bulu|25\/100|[from] item: Life Orb\n|\n|-heal|p2a: Tapu Bulu|31\/100|[from] Grassy Terrain\n|upkeep\n|\n|t:|1662795259\n|switch|p1a: rotomwash|Rotom-Wash|50\/100 tox\n|turn|18\n|\n|t:|1662795261\n|move|p2a: Tapu Bulu|Horn Leech|p1a: rotomwash\n|-supereffective|p1a: rotomwash\n|-damage|p1a: rotomwash|0 fnt\n|-heal|p2a: Tapu Bulu|58\/100|[from] drain|[of] p1a: rotomwash\n|faint|p1a: rotomwash\n|-damage|p2a: Tapu Bulu|48\/100|[from] item: Life Orb\n|\n|-heal|p2a: Tapu Bulu|54\/100|[from] Grassy Terrain\n|-fieldend|move: Grassy Terrain\n|upkeep\n|\n|t:|1662795261\n|switch|p1a: Weavile|Weavile, M|100\/100\n|-ability|p1a: Weavile|Pressure\n|turn|19\n|\n|t:|1662795264\n|switch|p2a: Corviknight|Corviknight, F|100\/100\n|-ability|p2a: Corviknight|Pressure\n|move|p1a: Weavile|Knock Off|p2a: Corviknight\n|-damage|p2a: Corviknight|56\/100\n|-damage|p1a: Weavile|84\/100|[from] item: Rocky Helmet|[of] p2a: Corviknight\n|-enditem|p2a: Corviknight|Rocky Helmet|[from] move: Knock Off|[of] p1a: Weavile\n|\n|upkeep\n|turn|20\n|\n|t:|1662795268\n|switch|p1a: Heatran|Heatran, M|96\/100\n|move|p2a: Corviknight|Roost|p2a: Corviknight\n|-heal|p2a: Corviknight|100\/100\n|-singleturn|p2a: Corviknight|move: Roost\n|\n|upkeep\n|turn|21\n|\n|t:|1662795271\n|switch|p2a: Volcanion|Volcanion|100\/100\n|move|p1a: Heatran|Eruption|p2a: Volcanion\n|-resisted|p2a: Volcanion\n|-damage|p2a: Volcanion|89\/100\n|\n|upkeep\n|turn|22\n|\n|t:|1662795277\n|move|p1a: Heatran|Earth Power|p2a: Volcanion\n|-supereffective|p2a: Volcanion\n|-damage|p2a: Volcanion|50\/100\n|move|p2a: Volcanion|Steam Eruption|p1a: Heatran\n|-supereffective|p1a: Heatran\n|-damage|p1a: Heatran|0 fnt\n|faint|p1a: Heatran\n|\n|upkeep\n|\n|t:|1662795277\n|switch|p1a: Weavile|Weavile, M|84\/100\n|-ability|p1a: Weavile|Pressure\n|turn|23\n|\n|t:|1662795282\n|move|p1a: Weavile|Knock Off|p2a: Volcanion\n|-damage|p2a: Volcanion|0 fnt\n|-enditem|p2a: Volcanion|Assault Vest|[from] move: Knock Off|[of] p1a: Weavile\n|faint|p2a: Volcanion\n|\n|upkeep\n|\n|t:|1662795296\n|switch|p2a: Weavile|Weavile, F|100\/100\n|turn|24\n|\n|t:|1662795299\n|move|p2a: Weavile|Low Kick|p1a: Weavile\n|-supereffective|p1a: Weavile\n|-damage|p1a: Weavile|0 fnt\n|faint|p1a: Weavile\n|\n|upkeep\n|\n|t:|1662795299\n|switch|p1a: Melmetal|Melmetal|58\/100\n|turn|25\n|j| Kyurem\n|\n|t:|1662795304\n|move|p2a: Weavile|Low Kick|p1a: Melmetal\n|-supereffective|p1a: Melmetal\n|-damage|p1a: Melmetal|17\/100\n|move|p1a: Melmetal|Double Iron Bash|p2a: Weavile\n|-supereffective|p2a: Weavile\n|-damage|p2a: Weavile|0 fnt\n|faint|p2a: Weavile\n|-hitcount|p2: Weavile|1\n|\n|upkeep\n|\n|t:|1662795307\n|switch|p2a: Tapu Lele|Tapu Lele|100\/100\n|-fieldstart|move: Psychic Terrain|[from] ability: Psychic Surge|[of] p2a: Tapu Lele\n|turn|26\n|\n|t:|1662795308\n|move|p2a: Tapu Lele|Psychic|p1a: Melmetal\n|-resisted|p1a: Melmetal\n|-damage|p1a: Melmetal|0 fnt\n|faint|p1a: Melmetal\n|\n|upkeep\n|\n|t:|1662795308\n|switch|p1a: Tangrowth|Tangrowth, M|93\/100\n|turn|27\n|\n|t:|1662795314\n|move|p2a: Tapu Lele|Psychic|p1a: Tangrowth\n|-damage|p1a: Tangrowth|0 fnt\n|faint|p1a: Tangrowth\n|\n|win|Forwards\n|raw|minimax_ai's rating: 1554 &rarr; <strong>1532<\/strong><br \/>(-22 for losing)\n|raw|Forwards's rating: 1520 &rarr; <strong>1542<\/strong><br \/>(+22 for winning)\n|c|\u2606minimax_ai|gg\n","uploadtime":1662795316,"views":23,"p1id":"minimaxai","p2id":"forwards","formatid":"gen8ou","rating":1532,"private":0,"password":null}