{"id":"gen8ou-1125933020","p1":"piyush21","p2":"Q114","format":"gen8ou","log":"|j|\u2606piyush21\n|j|\u2606Q114\n|player|p1|piyush21|red|1907\n|player|p2|Q114|102|1763\n|teamsize|p1|6\n|teamsize|p2|6\n|gametype|singles\n|gen|8\n|tier|[Gen 8] OU\n|rated|\n|clearpoke\n|poke|p1|Shuckle, F|\n|poke|p1|Bisharp, F|\n|poke|p1|Togekiss, F|\n|poke|p1|Cloyster, F|\n|poke|p1|Aegislash, M|\n|poke|p1|Cinderace, F|\n|poke|p2|Toxapex, F|\n|poke|p2|Ferrothorn, M|\n|poke|p2|Seismitoad, M|\n|poke|p2|Tyranitar, F|\n|poke|p2|Clefable, M|\n|poke|p2|Corviknight, M|\n|rule|Sleep Clause Mod: Limit one foe put to sleep\n|rule|Species Clause: Limit one of each Pok\u00e9mon\n|rule|OHKO Clause: OHKO moves are banned\n|rule|Evasion Moves Clause: Evasion moves are banned\n|rule|Endless Battle Clause: Forcing endless battles is banned\n|rule|HP Percentage Mod: HP is shown in percentages\n|rule|Dynamax Clause: You cannot dynamax\n|teampreview\n|j| Agents of Fortune\n|j| Kechel\n|j| Cookin'Drugs\n|j| Commando 55\n|j| lechugasismica\n|j| Looda32\n|\n|start\n|switch|p1a: Shuckle|Shuckle, F|100\/100\n|switch|p2a: Seismitoad|Seismitoad, M|100\/100\n|turn|1\n|\n|move|p2a: Seismitoad|Scald|p1a: Shuckle\n|-supereffective|p1a: Shuckle\n|-damage|p1a: Shuckle|69\/100\n|-status|p1a: Shuckle|brn\n|move|p1a: Shuckle|Stealth Rock|p2a: Seismitoad\n|-sidestart|p2: Q114|move: Stealth Rock\n|\n|-damage|p1a: Shuckle|62\/100 brn|[from] brn\n|upkeep\n|turn|2\n|inactive|Battle timer is ON: inactive players will automatically lose when time's up. (requested by piyush21)\n|\n|move|p2a: Seismitoad|Scald|p1a: Shuckle\n|-supereffective|p1a: Shuckle\n|-damage|p1a: Shuckle|30\/100 brn\n|move|p1a: Shuckle|Sticky Web|p2a: Seismitoad\n|-sidestart|p2: Q114|move: Sticky Web\n|\n|-damage|p1a: Shuckle|23\/100 brn|[from] brn\n|upkeep\n|turn|3\n|\n|move|p2a: Seismitoad|Scald|p1a: Shuckle\n|-supereffective|p1a: Shuckle\n|-damage|p1a: Shuckle|0 fnt\n|faint|p1a: Shuckle\n|\n|upkeep\n|\n|switch|p1a: Aegislash|Aegislash, M|100\/100\n|turn|4\n|\n|move|p1a: Aegislash|Swords Dance|p1a: Aegislash\n|-boost|p1a: Aegislash|atk|2\n|move|p2a: Seismitoad|Scald|p1a: Aegislash\n|-damage|p1a: Aegislash|77\/100\n|\n|upkeep\n|turn|5\n|\n|-formechange|p1a: Aegislash|Aegislash-Blade||[from] ability: Stance Change\n|move|p1a: Aegislash|Close Combat|p2a: Seismitoad\n|-damage|p2a: Seismitoad|17\/100\n|-unboost|p1a: Aegislash|def|1\n|-unboost|p1a: Aegislash|spd|1\n|-damage|p1a: Aegislash|67\/100|[from] item: Life Orb\n|move|p2a: Seismitoad|Knock Off|p1a: Aegislash\n|-supereffective|p1a: Aegislash\n|-crit|p1a: Aegislash\n|-damage|p1a: Aegislash|0 fnt\n|-enditem|p1a: Aegislash|Life Orb|[from] move: Knock Off|[of] p2a: Seismitoad\n|faint|p1a: Aegislash\n|\n|-heal|p2a: Seismitoad|23\/100|[from] item: Leftovers\n|upkeep\n|j| myjava\n|\n|switch|p1a: Cloyster|Cloyster, F|100\/100\n|turn|6\n|\n|move|p1a: Cloyster|Icicle Spear|p2a: Seismitoad\n|-damage|p2a: Seismitoad|15\/100\n|-damage|p2a: Seismitoad|6\/100\n|-damage|p2a: Seismitoad|0 fnt\n|-hitcount|p2a: Seismitoad|3\n|faint|p2a: Seismitoad\n|\n|upkeep\n|\n|switch|p2a: Toxapex|Toxapex, F|100\/100\n|-activate|p2a: Toxapex|move: Sticky Web\n|-unboost|p2a: Toxapex|spe|1\n|-damage|p2a: Toxapex|88\/100|[from] Stealth Rock\n|turn|7\n|\n|move|p1a: Cloyster|Substitute|p1a: Cloyster\n|-start|p1a: Cloyster|Substitute\n|-damage|p1a: Cloyster|76\/100\n|move|p2a: Toxapex|Scald|p1a: Cloyster\n|-resisted|p1a: Cloyster\n|-activate|p1a: Cloyster|move: Substitute|[damage]\n|\n|-heal|p2a: Toxapex|94\/100|[from] item: Black Sludge\n|upkeep\n|turn|8\n|j| aerotics\n|j|\u203dasderftyu\n|j| chan da lure\n|\n|move|p1a: Cloyster|Shell Smash|p1a: Cloyster\n|-unboost|p1a: Cloyster|def|1\n|-unboost|p1a: Cloyster|spd|1\n|-boost|p1a: Cloyster|atk|2\n|-boost|p1a: Cloyster|spa|2\n|-boost|p1a: Cloyster|spe|2\n|move|p2a: Toxapex|Knock Off|p1a: Cloyster\n|-crit|p1a: Cloyster\n|-end|p1a: Cloyster|Substitute\n|\n|-heal|p2a: Toxapex|99\/100|[from] item: Black Sludge\n|upkeep\n|turn|9\n|j| xxxsaaawxxx\n|\n|move|p1a: Cloyster|Rock Blast|p2a: Toxapex|[miss]\n|-miss|p1a: Cloyster|p2a: Toxapex\n|move|p2a: Toxapex|Poison Jab|p1a: Cloyster\n|-damage|p1a: Cloyster|53\/100\n|\n|-heal|p2a: Toxapex|100\/100|[from] item: Black Sludge\n|upkeep\n|turn|10\n|\n|move|p1a: Cloyster|Rock Blast|p2a: Toxapex\n|-damage|p2a: Toxapex|91\/100\n|-damage|p2a: Toxapex|82\/100\n|-damage|p2a: Toxapex|73\/100\n|-damage|p2a: Toxapex|62\/100\n|-damage|p2a: Toxapex|52\/100\n|-hitcount|p2a: Toxapex|5\n|move|p2a: Toxapex|Knock Off|p1a: Cloyster\n|-damage|p1a: Cloyster|34\/100\n|-enditem|p1a: Cloyster|King's Rock|[from] move: Knock Off|[of] p2a: Toxapex\n|\n|-heal|p2a: Toxapex|58\/100|[from] item: Black Sludge\n|upkeep\n|turn|11\n|\n|move|p1a: Cloyster|Rock Blast|p2a: Toxapex\n|-damage|p2a: Toxapex|48\/100\n|-damage|p2a: Toxapex|38\/100\n|-damage|p2a: Toxapex|29\/100\n|-damage|p2a: Toxapex|19\/100\n|-damage|p2a: Toxapex|9\/100\n|-hitcount|p2a: Toxapex|5\n|move|p2a: Toxapex|Poison Jab|p1a: Cloyster\n|-damage|p1a: Cloyster|9\/100\n|\n|-heal|p2a: Toxapex|15\/100|[from] item: Black Sludge\n|upkeep\n|turn|12\n|l| lechugasismica\n|\n|move|p1a: Cloyster|Icicle Spear|p2a: Toxapex\n|-resisted|p2a: Toxapex\n|-damage|p2a: Toxapex|8\/100\n|-resisted|p2a: Toxapex\n|-damage|p2a: Toxapex|1\/100\n|-resisted|p2a: Toxapex\n|-damage|p2a: Toxapex|0 fnt\n|-hitcount|p2a: Toxapex|3\n|faint|p2a: Toxapex\n|\n|upkeep\n|\n|switch|p2a: Clefable|Clefable, M|100\/100\n|-damage|p2a: Clefable|88\/100|[from] Stealth Rock\n|-activate|p2a: Clefable|move: Sticky Web\n|-unboost|p2a: Clefable|spe|1\n|turn|13\n|j| Blackout9210\n|\n|move|p2a: Clefable|Protect|p2a: Clefable\n|-singleturn|p2a: Clefable|Protect\n|move|p1a: Cloyster|Icicle Spear|p2a: Clefable\n|-activate|p2a: Clefable|move: Protect\n|\n|-heal|p2a: Clefable|94\/100|[from] item: Leftovers\n|upkeep\n|turn|14\n|\n|move|p1a: Cloyster|Icicle Spear|p2a: Clefable\n|-damage|p2a: Clefable|86\/100\n|-damage|p2a: Clefable|77\/100\n|-damage|p2a: Clefable|68\/100\n|-damage|p2a: Clefable|59\/100\n|-damage|p2a: Clefable|50\/100\n|-hitcount|p2a: Clefable|5\n|move|p2a: Clefable|Wish|p2a: Clefable\n|\n|-heal|p2a: Clefable|56\/100|[from] item: Leftovers\n|upkeep\n|turn|15\n|\n|move|p2a: Clefable|Protect|p2a: Clefable\n|-singleturn|p2a: Clefable|Protect\n|move|p1a: Cloyster|Icicle Spear|p2a: Clefable\n|-activate|p2a: Clefable|move: Protect\n|\n|-heal|p2a: Clefable|100\/100|[from] move: Wish|[wisher] Clefable\n|upkeep\n|turn|16\n|\n|move|p1a: Cloyster|Icicle Spear|p2a: Clefable\n|-damage|p2a: Clefable|92\/100\n|-damage|p2a: Clefable|83\/100\n|-damage|p2a: Clefable|74\/100\n|-damage|p2a: Clefable|66\/100\n|-damage|p2a: Clefable|57\/100\n|-hitcount|p2a: Clefable|5\n|move|p2a: Clefable|Wish|p2a: Clefable\n|\n|-heal|p2a: Clefable|63\/100|[from] item: Leftovers\n|upkeep\n|turn|17\n|\n|move|p1a: Cloyster|Icicle Spear|p2a: Clefable\n|-damage|p2a: Clefable|54\/100\n|-crit|p2a: Clefable\n|-damage|p2a: Clefable|41\/100\n|-damage|p2a: Clefable|31\/100\n|-damage|p2a: Clefable|22\/100\n|-damage|p2a: Clefable|12\/100\n|-hitcount|p2a: Clefable|5\n|move|p2a: Clefable|Moonblast|p1a: Cloyster\n|-damage|p1a: Cloyster|0 fnt\n|faint|p1a: Cloyster\n|\n|-heal|p2a: Clefable|62\/100|[from] move: Wish|[wisher] Clefable\n|-heal|p2a: Clefable|68\/100|[from] item: Leftovers\n|upkeep\n|\n|switch|p1a: Bisharp|Bisharp, F|100\/100\n|turn|18\n|\n|switch|p1a: Total skill|Togekiss, F|100\/100\n|move|p2a: Clefable|Moonblast|p1a: Total skill\n|-damage|p1a: Total skill|72\/100\n|\n|-heal|p2a: Clefable|74\/100|[from] item: Leftovers\n|upkeep\n|turn|19\n|l| Blackout9210\n|j| Youngster Maxance\n|\n|switch|p1a: Bisharp|Bisharp, F|100\/100\n|switch|p2a: Tyranitar|Tyranitar, F|100\/100\n|-damage|p2a: Tyranitar|88\/100|[from] Stealth Rock\n|-activate|p2a: Tyranitar|move: Sticky Web\n|-unboost|p2a: Tyranitar|spe|1\n|-weather|Sandstorm|[from] ability: Sand Stream|[of] p2a: Tyranitar\n|\n|-weather|Sandstorm|[upkeep]\n|upkeep\n|turn|20\n|\n|switch|p1a: Total skill|Togekiss, F|72\/100\n|switch|p2a: Corviknight|Corviknight, M|100\/100\n|-damage|p2a: Corviknight|88\/100|[from] Stealth Rock\n|-ability|p2a: Corviknight|Pressure\n|\n|-weather|Sandstorm|[upkeep]\n|-damage|p1a: Total skill|65\/100|[from] Sandstorm\n|upkeep\n|turn|21\n|l| Youngster Maxance\n|\n|move|p1a: Total skill|Air Slash|p2a: Corviknight\n|-resisted|p2a: Corviknight\n|-damage|p2a: Corviknight|71\/100\n|cant|p2a: Corviknight|flinch\n|\n|-weather|Sandstorm|[upkeep]\n|-damage|p1a: Total skill|59\/100|[from] Sandstorm\n|upkeep\n|turn|22\n|\n|move|p1a: Total skill|Air Slash|p2a: Corviknight\n|-resisted|p2a: Corviknight\n|-damage|p2a: Corviknight|50\/100\n|cant|p2a: Corviknight|flinch\n|\n|-weather|Sandstorm|[upkeep]\n|-damage|p1a: Total skill|53\/100|[from] Sandstorm\n|upkeep\n|turn|23\n|\n|move|p1a: Total skill|Air Slash|p2a: Corviknight\n|-resisted|p2a: Corviknight\n|-damage|p2a: Corviknight|26\/100\n|cant|p2a: Corviknight|flinch\n|\n|-weather|none\n|upkeep\n|turn|24\n|\n|switch|p2a: Tyranitar|Tyranitar, F|88\/100\n|-activate|p2a: Tyranitar|move: Sticky Web\n|-unboost|p2a: Tyranitar|spe|1\n|-damage|p2a: Tyranitar|76\/100|[from] Stealth Rock\n|-weather|Sandstorm|[from] ability: Sand Stream|[of] p2a: Tyranitar\n|move|p1a: Total skill|Air Slash|p2a: Tyranitar|[miss]\n|-miss|p1a: Total skill|p2a: Tyranitar\n|\n|-weather|Sandstorm|[upkeep]\n|-damage|p1a: Total skill|47\/100|[from] Sandstorm\n|upkeep\n|turn|25\n|\n|move|p1a: Total skill|Air Slash|p2a: Tyranitar\n|-resisted|p2a: Tyranitar\n|-damage|p2a: Tyranitar|71\/100\n|move|p2a: Tyranitar|Stone Edge|p1a: Total skill\n|-supereffective|p1a: Total skill\n|-crit|p1a: Total skill\n|-damage|p1a: Total skill|0 fnt\n|faint|p1a: Total skill\n|\n|-weather|Sandstorm|[upkeep]\n|upkeep\n|\n|switch|p1a: Bisharp|Bisharp, F|100\/100\n|turn|26\n|\n|move|p1a: Bisharp|Iron Head|p2a: Tyranitar\n|-supereffective|p2a: Tyranitar\n|-damage|p2a: Tyranitar|0 fnt\n|-damage|p1a: Bisharp|91\/100|[from] item: Life Orb\n|faint|p2a: Tyranitar\n|\n|-weather|Sandstorm|[upkeep]\n|upkeep\n|\n|switch|p2a: Ferrothorn|Ferrothorn, M|100\/100\n|-activate|p2a: Ferrothorn|move: Sticky Web\n|-unboost|p2a: Ferrothorn|spe|1\n|-damage|p2a: Ferrothorn|95\/100|[from] Stealth Rock\n|turn|27\n|\n|switch|p1a: Cinderace|Cinderace, F|100\/100\n|move|p2a: Ferrothorn|Leech Seed|p1a: Cinderace\n|-start|p1a: Cinderace|move: Leech Seed\n|\n|-weather|Sandstorm|[upkeep]\n|-damage|p1a: Cinderace|95\/100|[from] Sandstorm\n|-heal|p2a: Ferrothorn|100\/100|[from] item: Leftovers\n|-damage|p1a: Cinderace|82\/100|[from] Leech Seed|[of] p2a: Ferrothorn\n|upkeep\n|turn|28\n|\n|move|p2a: Ferrothorn|Protect|p2a: Ferrothorn\n|-singleturn|p2a: Ferrothorn|Protect\n|move|p1a: Cinderace|Pyro Ball|p2a: Ferrothorn\n|-activate|p2a: Ferrothorn|move: Protect\n|\n|-weather|none\n|-damage|p1a: Cinderace|70\/100|[from] Leech Seed|[of] p2a: Ferrothorn\n|upkeep\n|turn|29\n|j| zeta2048\n|\n|switch|p2a: Corviknight|Corviknight, M|26\/100\n|-damage|p2a: Corviknight|14\/100|[from] Stealth Rock\n|-ability|p2a: Corviknight|Pressure\n|move|p1a: Cinderace|Pyro Ball|p2a: Corviknight\n|-supereffective|p2a: Corviknight\n|-damage|p2a: Corviknight|0 fnt\n|faint|p2a: Corviknight\n|\n|upkeep\n|\n|switch|p2a: Clefable|Clefable, M|74\/100\n|-activate|p2a: Clefable|move: Sticky Web\n|-unboost|p2a: Clefable|spe|1\n|-damage|p2a: Clefable|62\/100|[from] Stealth Rock\n|turn|30\n|\n|switch|p1a: Bisharp|Bisharp, F|91\/100\n|move|p2a: Clefable|Wish|p2a: Clefable\n|\n|-heal|p2a: Clefable|68\/100|[from] item: Leftovers\n|upkeep\n|turn|31\n|\n|move|p1a: Bisharp|Swords Dance|p1a: Bisharp\n|-boost|p1a: Bisharp|atk|2\n|move|p2a: Clefable|Moonblast|p1a: Bisharp\n|-damage|p1a: Bisharp|42\/100\n|-unboost|p1a: Bisharp|spa|1\n|-ability|p1a: Bisharp|Defiant\n|-boost|p1a: Bisharp|atk|2\n|\n|-heal|p2a: Clefable|100\/100|[from] move: Wish|[wisher] Clefable\n|upkeep\n|turn|32\n|\n|switch|p2a: Ferrothorn|Ferrothorn, M|100\/100\n|-activate|p2a: Ferrothorn|move: Sticky Web\n|-unboost|p2a: Ferrothorn|spe|1\n|-damage|p2a: Ferrothorn|95\/100|[from] Stealth Rock\n|move|p1a: Bisharp|Knock Off|p2a: Ferrothorn\n|-damage|p2a: Ferrothorn|0 fnt\n|-damage|p1a: Bisharp|29\/100|[from] ability: Iron Barbs|[of] p2a: Ferrothorn\n|-enditem|p2a: Ferrothorn|Leftovers|[from] move: Knock Off|[of] p1a: Bisharp\n|-damage|p1a: Bisharp|19\/100|[from] item: Life Orb\n|faint|p2a: Ferrothorn\n|\n|upkeep\n|l| chan da lure\n|inactive|Q114 has 120 seconds left.\n|\n|switch|p2a: Clefable|Clefable, M|100\/100\n|-damage|p2a: Clefable|88\/100|[from] Stealth Rock\n|-activate|p2a: Clefable|move: Sticky Web\n|-unboost|p2a: Clefable|spe|1\n|turn|33\n|\n|move|p2a: Clefable|Protect|p2a: Clefable\n|-singleturn|p2a: Clefable|Protect\n|move|p1a: Bisharp|Iron Head|p2a: Clefable\n|-activate|p2a: Clefable|move: Protect\n|\n|-heal|p2a: Clefable|94\/100|[from] item: Leftovers\n|upkeep\n|turn|34\n|\n|move|p1a: Bisharp|Iron Head|p2a: Clefable\n|-supereffective|p2a: Clefable\n|-damage|p2a: Clefable|6\/100\n|-damage|p1a: Bisharp|9\/100|[from] item: Life Orb\n|move|p2a: Clefable|Moonblast|p1a: Bisharp\n|-damage|p1a: Bisharp|0 fnt\n|faint|p1a: Bisharp\n|\n|-heal|p2a: Clefable|12\/100|[from] item: Leftovers\n|upkeep\n|\n|switch|p1a: Cinderace|Cinderace, F|70\/100\n|turn|35\n|\n|move|p2a: Clefable|Protect|p2a: Clefable\n|-singleturn|p2a: Clefable|Protect\n|move|p1a: Cinderace|Pyro Ball|p2a: Clefable\n|-activate|p2a: Clefable|move: Protect\n|\n|-heal|p2a: Clefable|18\/100|[from] item: Leftovers\n|upkeep\n|turn|36\n|j| bramito the legend\n|inactive|Q114 has 120 seconds left.\n|inactive|Q114 has 90 seconds left.\n|j| Lets go swinub\n|l| aerotics\n|inactive|Q114 has 60 seconds left.\n|j| wly6666\n|inactive|Q114 has 30 seconds left.\n|l| Lets go swinub\n|l| Cookin'Drugs\n|inactive|Q114 has 20 seconds left.\n|j| spreadfire\n|inactive|Q114 has 15 seconds left.\n|j| PhaylynnDeGray\n|c| Looda32|Lol this guy\n|inactive|Q114 has 10 seconds left.\n|c| Agents of Fortune|classic stall player\n|inactive|Q114 has 5 seconds left.\n|l| zeta2048\n|-message|Q114 lost due to inactivity.\n|\n|win|piyush21\n|l| Commando 55\n|c| Agents of Fortune|no respect at all\n|l| PhaylynnDeGray\n|l|\u2606piyush21\n|raw|piyush21's rating: 1907 &rarr; <strong>1921<\/strong><br \/>(+14 for winning)\n|raw|Q114's rating: 1783 &rarr; <strong>1770<\/strong><br \/>(-13 for losing)\n|c| Looda32|Got it coming\n","uploadtime":1591179972,"views":142,"p1id":"piyush21","p2id":"q114","formatid":"gen8ou","rating":1770,"private":0,"password":null}