{"id":"gen8ou-1290637542","p1":"machao753","p2":"friedfreak","format":"gen8ou","log":"|j|\u2606machao753\n|j|\u2606friedfreak\n|t:|1614388121\n|player|p1|machao753|170|1816\n|player|p2|friedfreak|170|1901\n|teamsize|p1|6\n|teamsize|p2|6\n|gametype|singles\n|gen|8\n|tier|[Gen 8] OU\n|rated|\n|clearpoke\n|poke|p1|Kyurem|\n|poke|p1|Tapu Fini|\n|poke|p1|Aegislash, M|\n|poke|p1|Landorus-Therian, M|\n|poke|p1|Kartana|\n|poke|p1|Heatran, F|\n|poke|p2|Hippowdon, F|\n|poke|p2|Magnezone|\n|poke|p2|Dragapult, M|\n|poke|p2|Kartana|\n|poke|p2|Slowbro, F|\n|poke|p2|Moltres|\n|rule|Sleep Clause Mod: Limit one foe put to sleep\n|rule|Species Clause: Limit one of each Pok\u00e9mon\n|rule|OHKO Clause: OHKO moves are banned\n|rule|Evasion Moves Clause: Evasion moves are banned\n|rule|Endless Battle Clause: Forcing endless battles is banned\n|rule|HP Percentage Mod: HP is shown in percentages\n|rule|Dynamax Clause: You cannot dynamax\n|teampreview\n|\n|t:|1614388150\n|start\n|switch|p1a: Kyurem|Kyurem|100\/100\n|switch|p2a: Dragapult|Dragapult, M|100\/100\n|-ability|p1a: Kyurem|Pressure\n|turn|1\n|\n|t:|1614388157\n|switch|p2a: Moltres|Moltres|100\/100\n|switch|p1a: Tapu Fini|Tapu Fini|100\/100\n|-fieldstart|move: Misty Terrain|[from] ability: Misty Surge|[of] p1a: Tapu Fini\n|\n|upkeep\n|turn|2\n|\n|t:|1614388168\n|switch|p2a: Slowbro|Slowbro, F|100\/100\n|move|p1a: Tapu Fini|Surf|p2a: Slowbro\n|-resisted|p2a: Slowbro\n|-damage|p2a: Slowbro|87\/100\n|\n|upkeep\n|turn|3\n|\n|t:|1614388173\n|move|p1a: Tapu Fini|Moonblast|p2a: Slowbro\n|-damage|p2a: Slowbro|54\/100\n|move|p2a: Slowbro|Teleport|p2a: Slowbro\n|j| maeve68\n|j| JKongh\n|\n|t:|1614388184\n|switch|p2a: Hippowdon|Hippowdon, F|100\/100|[from]move: Teleport\n|-weather|Sandstorm|[from] ability: Sand Stream|[of] p2a: Hippowdon\n|\n|-weather|Sandstorm|[upkeep]\n|-damage|p1a: Tapu Fini|94\/100|[from] Sandstorm\n|-heal|p1a: Tapu Fini|100\/100|[from] item: Leftovers\n|upkeep\n|turn|4\n|j| 3MuchSwag\n|\n|t:|1614388192\n|move|p1a: Tapu Fini|Taunt|p2a: Hippowdon\n|-start|p2a: Hippowdon|move: Taunt\n|cant|p2a: Hippowdon|move: Taunt|Stealth Rock\n|\n|-weather|Sandstorm|[upkeep]\n|-damage|p1a: Tapu Fini|94\/100|[from] Sandstorm\n|-heal|p1a: Tapu Fini|100\/100|[from] item: Leftovers\n|upkeep\n|turn|5\n|\n|t:|1614388205\n|switch|p2a: Slowbro|Slowbro, F|87\/100\n|move|p1a: Tapu Fini|Moonblast|p2a: Slowbro\n|-damage|p2a: Slowbro|53\/100\n|-unboost|p2a: Slowbro|spa|1\n|\n|-weather|Sandstorm|[upkeep]\n|-damage|p1a: Tapu Fini|94\/100|[from] Sandstorm\n|-damage|p2a: Slowbro|47\/100|[from] Sandstorm\n|-heal|p1a: Tapu Fini|100\/100|[from] item: Leftovers\n|-fieldend|Misty Terrain\n|upkeep\n|turn|6\n|\n|t:|1614388217\n|switch|p2a: Moltres|Moltres|100\/100\n|move|p1a: Tapu Fini|Taunt|p2a: Moltres\n|-start|p2a: Moltres|move: Taunt\n|\n|-weather|Sandstorm|[upkeep]\n|-damage|p2a: Moltres|94\/100|[from] Sandstorm\n|-damage|p1a: Tapu Fini|94\/100|[from] Sandstorm\n|-heal|p1a: Tapu Fini|100\/100|[from] item: Leftovers\n|upkeep\n|turn|7\n|\n|t:|1614388233\n|switch|p2a: Slowbro|Slowbro, F|80\/100\n|move|p1a: Tapu Fini|Surf|p2a: Slowbro\n|-resisted|p2a: Slowbro\n|-damage|p2a: Slowbro|65\/100\n|\n|-weather|none\n|upkeep\n|turn|8\n|\n|t:|1614388241\n|move|p1a: Tapu Fini|Taunt|p2a: Slowbro\n|-start|p2a: Slowbro|move: Taunt\n|cant|p2a: Slowbro|move: Taunt|Teleport\n|\n|upkeep\n|turn|9\n|j| Coxie Normus\n|\n|t:|1614388250\n|switch|p2a: Hippowdon|Hippowdon, F|100\/100\n|-weather|Sandstorm|[from] ability: Sand Stream|[of] p2a: Hippowdon\n|move|p1a: Tapu Fini|Moonblast|p2a: Hippowdon\n|-damage|p2a: Hippowdon|80\/100\n|-unboost|p2a: Hippowdon|spa|1\n|\n|-weather|Sandstorm|[upkeep]\n|-damage|p1a: Tapu Fini|94\/100|[from] Sandstorm\n|-heal|p1a: Tapu Fini|100\/100|[from] item: Leftovers\n|-heal|p2a: Hippowdon|86\/100|[from] item: Leftovers\n|upkeep\n|turn|10\n|\n|t:|1614388254\n|move|p1a: Tapu Fini|Taunt|p2a: Hippowdon\n|-start|p2a: Hippowdon|move: Taunt\n|move|p2a: Hippowdon|Earthquake|p1a: Tapu Fini\n|-damage|p1a: Tapu Fini|76\/100\n|\n|-weather|Sandstorm|[upkeep]\n|-damage|p1a: Tapu Fini|70\/100|[from] Sandstorm\n|-heal|p1a: Tapu Fini|76\/100|[from] item: Leftovers\n|-heal|p2a: Hippowdon|92\/100|[from] item: Leftovers\n|upkeep\n|turn|11\n|\n|t:|1614388271\n|switch|p1a: Kyurem|Kyurem|100\/100\n|-ability|p1a: Kyurem|Pressure\n|move|p2a: Hippowdon|Earthquake|p1a: Kyurem\n|-damage|p1a: Kyurem|64\/100\n|\n|-weather|Sandstorm|[upkeep]\n|-damage|p1a: Kyurem|58\/100|[from] Sandstorm\n|-heal|p2a: Hippowdon|98\/100|[from] item: Leftovers\n|upkeep\n|turn|12\n|\n|t:|1614388290\n|move|p1a: Kyurem|Draco Meteor|p2a: Hippowdon\n|-damage|p2a: Hippowdon|21\/100\n|-unboost|p1a: Kyurem|spa|2\n|move|p2a: Hippowdon|Earthquake|p1a: Kyurem\n|-damage|p1a: Kyurem|20\/100\n|\n|-weather|Sandstorm|[upkeep]\n|-damage|p1a: Kyurem|14\/100|[from] Sandstorm\n|-heal|p2a: Hippowdon|27\/100|[from] item: Leftovers\n|-end|p2a: Hippowdon|move: Taunt\n|upkeep\n|turn|13\n|j| OU make me yawn\n|j| Chipalancocote\n|\n|t:|1614388313\n|move|p1a: Kyurem|Draco Meteor|p2a: Hippowdon\n|-damage|p2a: Hippowdon|0 fnt\n|-unboost|p1a: Kyurem|spa|2\n|faint|p2a: Hippowdon\n|\n|-weather|none\n|upkeep\n|j| cHiCo\n|\n|t:|1614388325\n|switch|p2a: Dragapult|Dragapult, M|100\/100\n|turn|14\n|\n|t:|1614388328\n|switch|p1a: Heatran|Heatran, F|100\/100\n|move|p2a: Dragapult|Shadow Ball|p1a: Heatran\n|-damage|p1a: Heatran|64\/100\n|\n|-heal|p1a: Heatran|71\/100|[from] item: Leftovers\n|upkeep\n|turn|15\n|l| 3MuchSwag\n|\n|t:|1614388340\n|move|p2a: Dragapult|Shadow Ball|p1a: Heatran\n|-damage|p1a: Heatran|38\/100\n|move|p1a: Heatran|Magma Storm|p2a: Dragapult\n|-resisted|p2a: Dragapult\n|-damage|p2a: Dragapult|69\/100\n|-activate|p2a: Dragapult|move: Magma Storm|[of] p1a: Heatran\n|\n|-heal|p1a: Heatran|44\/100|[from] item: Leftovers\n|-damage|p2a: Dragapult|57\/100|[from] move: Magma Storm|[partiallytrapped]\n|upkeep\n|turn|16\n|\n|t:|1614388348\n|switch|p2a: Moltres|Moltres|94\/100\n|move|p1a: Heatran|Protect||[still]\n|-fail|p1a: Heatran\n|\n|-heal|p1a: Heatran|50\/100|[from] item: Leftovers\n|upkeep\n|turn|17\n|\n|t:|1614388353\n|move|p1a: Heatran|Protect|p1a: Heatran\n|-singleturn|p1a: Heatran|Protect\n|move|p2a: Moltres|Scorching Sands|p1a: Heatran\n|-activate|p1a: Heatran|move: Protect\n|\n|-heal|p1a: Heatran|56\/100|[from] item: Leftovers\n|upkeep\n|turn|18\n|\n|t:|1614388358\n|switch|p1a: Landorus|Landorus-Therian, M|100\/100\n|-ability|p1a: Landorus|Intimidate|boost\n|-unboost|p2a: Moltres|atk|1\n|move|p2a: Moltres|Flamethrower|p1a: Landorus\n|-damage|p1a: Landorus|56\/100\n|\n|upkeep\n|turn|19\n|\n|t:|1614388367\n|switch|p2a: Slowbro|Slowbro, F|98\/100\n|move|p1a: Landorus|Toxic|p2a: Slowbro\n|-status|p2a: Slowbro|tox\n|\n|-damage|p2a: Slowbro|92\/100 tox|[from] psn\n|upkeep\n|turn|20\n|\n|t:|1614388374\n|move|p1a: Landorus|Stealth Rock|p2a: Slowbro\n|-sidestart|p2: friedfreak|move: Stealth Rock\n|move|p2a: Slowbro|Teleport|p2a: Slowbro\n|j| trollllordd\n|l| OU make me yawn\n|\n|t:|1614388387\n|switch|p2a: Dragapult|Dragapult, M|57\/100|[from]move: Teleport\n|-damage|p2a: Dragapult|45\/100|[from] Stealth Rock\n|\n|upkeep\n|turn|21\n|\n|t:|1614388398\n|move|p2a: Dragapult|Shadow Ball|p1a: Landorus\n|-damage|p1a: Landorus|0 fnt\n|faint|p1a: Landorus\n|\n|upkeep\n|\n|t:|1614388402\n|switch|p1a: Kartana|Kartana|100\/100\n|turn|22\n|\n|t:|1614388408\n|switch|p2a: Moltres|Moltres|94\/100\n|move|p1a: Kartana|Knock Off|p2a: Moltres\n|-damage|p2a: Moltres|62\/100\n|-enditem|p2a: Moltres|Heavy-Duty Boots|[from] move: Knock Off|[of] p1a: Kartana\n|\n|upkeep\n|turn|23\n|\n|t:|1614388417\n|switch|p1a: Kyurem|Kyurem|14\/100\n|-ability|p1a: Kyurem|Pressure\n|move|p2a: Moltres|Defog|p1a: Kyurem\n|-unboost|p1a: Kyurem|evasion|1\n|-sideend|p2: friedfreak|Stealth Rock|[from] move: Defog|[of] p2a: Moltres\n|\n|upkeep\n|turn|24\n|j| vidachu\n|\n|t:|1614388437\n|switch|p2a: Slowbro|Slowbro, F|100\/100 tox\n|move|p1a: Kyurem|Ice Beam|p2a: Slowbro\n|-resisted|p2a: Slowbro\n|-damage|p2a: Slowbro|66\/100 tox\n|\n|-damage|p2a: Slowbro|60\/100 tox|[from] psn\n|upkeep\n|turn|25\n|\n|t:|1614388449\n|move|p1a: Kyurem|Ice Beam|p2a: Slowbro\n|-resisted|p2a: Slowbro\n|-crit|p2a: Slowbro\n|-damage|p2a: Slowbro|11\/100 tox\n|move|p2a: Slowbro|Teleport|p2a: Slowbro\n|\n|t:|1614388454\n|switch|p2a: Dragapult|Dragapult, M|45\/100|[from]move: Teleport\n|\n|upkeep\n|turn|26\n|\n|t:|1614388458\n|switch|p1a: Tapu Fini|Tapu Fini|76\/100\n|-fieldstart|move: Misty Terrain|[from] ability: Misty Surge|[of] p1a: Tapu Fini\n|move|p2a: Dragapult|Shadow Ball|p1a: Tapu Fini\n|-damage|p1a: Tapu Fini|37\/100\n|\n|-heal|p1a: Tapu Fini|44\/100|[from] item: Leftovers\n|upkeep\n|turn|27\n|\n|t:|1614388495\n|switch|p2a: Slowbro|Slowbro, F|44\/100 tox\n|switch|p1a: Kyurem|Kyurem|14\/100\n|-ability|p1a: Kyurem|Pressure\n|\n|-damage|p2a: Slowbro|38\/100 tox|[from] psn\n|upkeep\n|turn|28\n|\n|t:|1614388520\n|switch|p2a: Moltres|Moltres|62\/100\n|move|p1a: Kyurem|Draco Meteor|p2a: Moltres\n|-damage|p2a: Moltres|0 fnt\n|-unboost|p1a: Kyurem|spa|2\n|faint|p2a: Moltres\n|\n|upkeep\n|\n|t:|1614388534\n|switch|p2a: Dragapult|Dragapult, M|45\/100\n|turn|29\n|\n|t:|1614388541\n|move|p2a: Dragapult|Shadow Ball|p1a: Kyurem\n|-damage|p1a: Kyurem|0 fnt\n|faint|p1a: Kyurem\n|\n|upkeep\n|\n|t:|1614388542\n|switch|p1a: Kartana|Kartana|100\/100\n|turn|30\n|j| Aflexer2140\n|\n|t:|1614388572\n|switch|p2a: Slowbro|Slowbro, F|71\/100 tox\n|move|p1a: Kartana|Knock Off|p2a: Slowbro\n|-supereffective|p2a: Slowbro\n|-damage|p2a: Slowbro|23\/100 tox\n|-damage|p1a: Kartana|84\/100|[from] item: Rocky Helmet|[of] p2a: Slowbro\n|-enditem|p2a: Slowbro|Rocky Helmet|[from] move: Knock Off|[of] p1a: Kartana\n|\n|-damage|p2a: Slowbro|17\/100 tox|[from] psn\n|-fieldend|Misty Terrain\n|upkeep\n|turn|31\n|j| will-o-wave\n|\n|t:|1614388581\n|move|p1a: Kartana|Knock Off|p2a: Slowbro\n|-supereffective|p2a: Slowbro\n|-damage|p2a: Slowbro|0 fnt\n|faint|p2a: Slowbro\n|-ability|p1a: Kartana|Beast Boost|boost\n|-boost|p1a: Kartana|atk|1\n|\n|upkeep\n|j| AverageJoe326\n|j| MatisXYZ\n|\n|t:|1614388590\n|switch|p2a: Magnezone|Magnezone|100\/100\n|turn|32\n|j| BabyPigsAreLaughin\n|l| MatisXYZ\n|j| Xephix\n|\n|t:|1614388598\n|move|p1a: Kartana|Knock Off|p2a: Magnezone\n|-damage|p2a: Magnezone|33\/100\n|-enditem|p2a: Magnezone|Choice Specs|[from] move: Knock Off|[of] p1a: Kartana\n|move|p2a: Magnezone|Steel Beam|p1a: Kartana\n|-resisted|p1a: Kartana\n|-damage|p1a: Kartana|0 fnt\n|-damage|p2a: Magnezone|0 fnt|[from] mindblown\n|faint|p2a: Magnezone\n|faint|p1a: Kartana\n|\n|upkeep\n|l| cHiCo\n|\n|t:|1614388611\n|switch|p1a: Aegislash|Aegislash, M|100\/100\n|switch|p2a: Kartana|Kartana|100\/100\n|turn|33\n|\n|t:|1614388616\n|move|p2a: Kartana|Knock Off|p1a: Aegislash\n|-supereffective|p1a: Aegislash\n|-damage|p1a: Aegislash|0 fnt\n|-enditem|p1a: Aegislash|Spell Tag|[from] move: Knock Off|[of] p2a: Kartana\n|faint|p1a: Aegislash\n|-ability|p2a: Kartana|Beast Boost|boost\n|-boost|p2a: Kartana|atk|1\n|\n|upkeep\n|\n|t:|1614388621\n|switch|p1a: Tapu Fini|Tapu Fini|44\/100\n|-fieldstart|move: Misty Terrain|[from] ability: Misty Surge|[of] p1a: Tapu Fini\n|turn|34\n|j| Main Yorick\n|\n|t:|1614388627\n|move|p2a: Kartana|Knock Off|p1a: Tapu Fini\n|-resisted|p1a: Tapu Fini\n|-damage|p1a: Tapu Fini|12\/100\n|-enditem|p1a: Tapu Fini|Leftovers|[from] move: Knock Off|[of] p2a: Kartana\n|move|p1a: Tapu Fini|Moonblast|p2a: Kartana\n|-resisted|p2a: Kartana\n|-damage|p2a: Kartana|51\/100\n|\n|upkeep\n|turn|35\n|-message|machao753 forfeited.\n|\n|win|friedfreak\n|l|\u2606machao753\n|l| Main Yorick\n|j| MatisXYZ\n|l| maeve68\n|l| MatisXYZ\n","uploadtime":1614388648,"views":25,"p1id":"machao753","p2id":"friedfreak","formatid":"gen8ou","rating":0,"private":0,"password":null}