{"id":"gen8ou-1697500095","p1":"Omari P alt","p2":"Ladmaw","format":"gen8ou","log":"|j|\u203dOmari P alt\n|j|\u2606Ladmaw\n|t:|1667000796\n|gametype|singles\n|player|p1|Omari P alt|pokemonrangerf|1735\n|player|p2|Ladmaw|lucas|1672\n|teamsize|p1|6\n|teamsize|p2|6\n|gen|8\n|tier|[Gen 8] OU\n|rated|\n|rule|Sleep Clause Mod: Limit one foe put to sleep\n|rule|Species Clause: Limit one of each Pok\u00e9mon\n|rule|OHKO Clause: OHKO moves are banned\n|rule|Evasion Items Clause: Evasion items are banned\n|rule|Evasion Moves Clause: Evasion moves are banned\n|rule|Endless Battle Clause: Forcing endless battles is banned\n|rule|HP Percentage Mod: HP is shown in percentages\n|rule|Dynamax Clause: You cannot dynamax\n|clearpoke\n|poke|p1|Porygon-Z|\n|poke|p1|Tapu Lele|\n|poke|p1|Darmanitan, M|\n|poke|p1|Mandibuzz, F|\n|poke|p1|Nidoking, M|\n|poke|p1|Dragapult, F|\n|poke|p2|Kartana|\n|poke|p2|Blacephalon|\n|poke|p2|Landorus-Therian, M|\n|poke|p2|Slowbro, M|\n|poke|p2|Zapdos|\n|poke|p2|Tyranitar, M|\n|teampreview\n|inactive|Battle timer is ON: inactive players will automatically lose when time's up. (requested by Ladmaw)\n|j| conrookman\n|\n|t:|1667000821\n|start\n|switch|p1a: Nidoking|Nidoking, M, shiny|100\/100\n|switch|p2a: Slowbro|Slowbro, M|100\/100\n|turn|1\n|\n|t:|1667000824\n|move|p1a: Nidoking|Sludge Wave|p2a: Slowbro\n|-damage|p2a: Slowbro|41\/100\n|move|p2a: Slowbro|Ice Beam|p1a: Nidoking\n|-supereffective|p1a: Nidoking\n|-damage|p1a: Nidoking|46\/100\n|\n|upkeep\n|turn|2\n|\n|t:|1667000839\n|switch|p2a: Zapdos|Zapdos|100\/100\n|move|p1a: Nidoking|Stealth Rock|p2a: Zapdos\n|-sidestart|p2: Ladmaw|move: Stealth Rock\n|\n|upkeep\n|turn|3\n|\n|t:|1667000845\n|move|p2a: Zapdos|Defog|p1a: Nidoking\n|-unboost|p1a: Nidoking|evasion|1\n|-sideend|p2: Ladmaw|Stealth Rock|[from] move: Defog|[of] p2a: Zapdos\n|move|p1a: Nidoking|Ice Beam|p2a: Zapdos\n|-supereffective|p2a: Zapdos\n|-damage|p2a: Zapdos|31\/100\n|\n|upkeep\n|turn|4\n|\n|t:|1667000850\n|switch|p2a: Blacephalon|Blacephalon|100\/100\n|move|p1a: Nidoking|Ice Beam|p2a: Blacephalon\n|-resisted|p2a: Blacephalon\n|-damage|p2a: Blacephalon|70\/100\n|\n|upkeep\n|turn|5\n|\n|t:|1667000855\n|switch|p1a: Mandibuzz|Mandibuzz, F, shiny|100\/100\n|move|p2a: Blacephalon|Flamethrower|p1a: Mandibuzz\n|-damage|p1a: Mandibuzz|32\/100\n|\n|upkeep\n|turn|6\n|\n|t:|1667000858\n|switch|p1a: Dragapult|Dragapult, F|100\/100\n|move|p2a: Blacephalon|Flamethrower|p1a: Dragapult\n|-resisted|p1a: Dragapult\n|-damage|p1a: Dragapult|45\/100\n|\n|upkeep\n|turn|7\n|\n|t:|1667000861\n|switch|p2a: Landorus|Landorus-Therian, M|100\/100\n|-ability|p2a: Landorus|Intimidate|boost\n|-fail|p1a: Dragapult|unboost|[from] ability: Clear Body|[of] p1a: Dragapult\n|move|p1a: Dragapult|Dragon Darts|p2a: Landorus\n|-damage|p2a: Landorus|67\/100\n|-anim|p1a: Dragapult|Dragon Darts|p2a: Landorus\n|-damage|p2a: Landorus|34\/100\n|-damage|p1a: Dragapult|35\/100|[from] item: Life Orb\n|\n|-heal|p2a: Landorus|40\/100|[from] item: Leftovers\n|upkeep\n|turn|8\n|\n|t:|1667000868\n|switch|p1a: Nidoking|Nidoking, M, shiny|46\/100\n|move|p2a: Landorus|Knock Off|p1a: Nidoking\n|-damage|p1a: Nidoking|4\/100\n|-enditem|p1a: Nidoking|Focus Sash|[from] move: Knock Off|[of] p2a: Landorus\n|\n|-heal|p2a: Landorus|46\/100|[from] item: Leftovers\n|upkeep\n|turn|9\n|\n|t:|1667000872\n|move|p1a: Nidoking|Stealth Rock|p2a: Landorus\n|-sidestart|p2: Ladmaw|move: Stealth Rock\n|move|p2a: Landorus|Earthquake|p1a: Nidoking\n|-supereffective|p1a: Nidoking\n|-damage|p1a: Nidoking|0 fnt\n|faint|p1a: Nidoking\n|\n|-heal|p2a: Landorus|52\/100|[from] item: Leftovers\n|upkeep\n|\n|t:|1667000874\n|switch|p1a: Darmanitan|Darmanitan, M|100\/100\n|turn|10\n|\n|t:|1667000877\n|switch|p2a: Slowbro|Slowbro, M|74\/100\n|-damage|p2a: Slowbro|62\/100|[from] Stealth Rock\n|move|p1a: Darmanitan|Flare Blitz|p2a: Slowbro\n|-resisted|p2a: Slowbro\n|-damage|p2a: Slowbro|26\/100\n|-damage|p1a: Darmanitan|87\/100|[from] Recoil\n|\n|upkeep\n|turn|11\n|\n|t:|1667000880\n|switch|p2a: Landorus|Landorus-Therian, M|52\/100\n|-damage|p2a: Landorus|40\/100|[from] Stealth Rock\n|-ability|p2a: Landorus|Intimidate|boost\n|-unboost|p1a: Darmanitan|atk|1\n|move|p1a: Darmanitan|Flare Blitz|p2a: Landorus\n|-damage|p2a: Landorus|0 fnt\n|faint|p2a: Landorus\n|-damage|p1a: Darmanitan|73\/100|[from] Recoil\n|\n|upkeep\n|\n|t:|1667000886\n|switch|p2a: Slowbro|Slowbro, M|59\/100\n|-damage|p2a: Slowbro|47\/100|[from] Stealth Rock\n|turn|12\n|\n|t:|1667000889\n|switch|p1a: Porygon-Z|Porygon-Z, shiny|100\/100\n|move|p2a: Slowbro|Slack Off|p2a: Slowbro\n|-heal|p2a: Slowbro|97\/100\n|\n|upkeep\n|turn|13\n|\n|t:|1667000891\n|move|p1a: Porygon-Z|Nasty Plot|p1a: Porygon-Z\n|-boost|p1a: Porygon-Z|spa|2\n|move|p2a: Slowbro|Teleport|p2a: Slowbro\n|\n|t:|1667000895\n|switch|p2a: Tyranitar|Tyranitar, M|100\/100|[from]move: Teleport\n|-damage|p2a: Tyranitar|88\/100|[from] Stealth Rock\n|-weather|Sandstorm|[from] ability: Sand Stream|[of] p2a: Tyranitar\n|\n|-weather|Sandstorm|[upkeep]\n|-damage|p1a: Porygon-Z|94\/100|[from] Sandstorm\n|upkeep\n|turn|14\n|\n|t:|1667000897\n|move|p1a: Porygon-Z|Tri Attack|p2a: Tyranitar\n|-resisted|p2a: Tyranitar\n|-crit|p2a: Tyranitar\n|-damage|p2a: Tyranitar|7\/100\n|-damage|p1a: Porygon-Z|84\/100|[from] item: Life Orb\n|move|p2a: Tyranitar|Crunch|p1a: Porygon-Z\n|-damage|p1a: Porygon-Z|0 fnt\n|faint|p1a: Porygon-Z\n|\n|-weather|Sandstorm|[upkeep]\n|upkeep\n|\n|t:|1667000901\n|switch|p1a: Mandibuzz|Mandibuzz, F, shiny|32\/100\n|turn|15\n|\n|t:|1667000905\n|switch|p2a: Zapdos|Zapdos|31\/100\n|move|p1a: Mandibuzz|Roost|p1a: Mandibuzz\n|-heal|p1a: Mandibuzz|82\/100\n|-singleturn|p1a: Mandibuzz|move: Roost\n|\n|-weather|Sandstorm|[upkeep]\n|-damage|p2a: Zapdos|25\/100|[from] Sandstorm\n|upkeep\n|turn|16\n|\n|t:|1667000908\n|switch|p1a: Darmanitan|Darmanitan, M|73\/100\n|move|p2a: Zapdos|Defog|p1a: Darmanitan\n|-unboost|p1a: Darmanitan|evasion|1\n|-sideend|p2: Ladmaw|Stealth Rock|[from] move: Defog|[of] p2a: Zapdos\n|\n|-weather|Sandstorm|[upkeep]\n|-damage|p1a: Darmanitan|67\/100|[from] Sandstorm\n|-damage|p2a: Zapdos|19\/100|[from] Sandstorm\n|upkeep\n|turn|17\n|\n|t:|1667000911\n|switch|p2a: Slowbro|Slowbro, M|100\/100\n|move|p1a: Darmanitan|Toxic|p2a: Slowbro\n|-status|p2a: Slowbro|tox\n|\n|-weather|none\n|-damage|p2a: Slowbro|94\/100 tox|[from] psn\n|upkeep\n|turn|18\n|\n|t:|1667000914\n|switch|p1a: Dragapult|Dragapult, F|35\/100\n|move|p2a: Slowbro|Teleport|p2a: Slowbro\n|\n|t:|1667000917\n|switch|p2a: Kartana|Kartana|100\/100|[from]move: Teleport\n|\n|upkeep\n|turn|19\n|\n|t:|1667000920\n|switch|p1a: Mandibuzz|Mandibuzz, F, shiny|82\/100\n|move|p2a: Kartana|Smart Strike|p1a: Mandibuzz\n|-damage|p1a: Mandibuzz|56\/100\n|-damage|p2a: Kartana|84\/100|[from] item: Rocky Helmet|[of] p1a: Mandibuzz\n|\n|upkeep\n|turn|20\n|\n|t:|1667000926\n|switch|p2a: Tyranitar|Tyranitar, M|7\/100\n|-weather|Sandstorm|[from] ability: Sand Stream|[of] p2a: Tyranitar\n|move|p1a: Mandibuzz|Roost|p1a: Mandibuzz\n|-heal|p1a: Mandibuzz|100\/100\n|-singleturn|p1a: Mandibuzz|move: Roost\n|\n|-weather|Sandstorm|[upkeep]\n|upkeep\n|turn|21\n|\n|t:|1667000929\n|move|p2a: Tyranitar|Stone Edge|p1a: Mandibuzz\n|-supereffective|p1a: Mandibuzz\n|-damage|p1a: Mandibuzz|8\/100\n|move|p1a: Mandibuzz|Foul Play|p2a: Tyranitar\n|-resisted|p2a: Tyranitar\n|-damage|p2a: Tyranitar|0 fnt\n|faint|p2a: Tyranitar\n|\n|-weather|Sandstorm|[upkeep]\n|upkeep\n|\n|t:|1667000939\n|switch|p2a: Kartana|Kartana|84\/100\n|turn|22\n|\n|t:|1667000945\n|move|p2a: Kartana|Knock Off|p1a: Mandibuzz\n|-resisted|p1a: Mandibuzz\n|-damage|p1a: Mandibuzz|0 fnt\n|-damage|p2a: Kartana|67\/100|[from] item: Rocky Helmet|[of] p1a: Mandibuzz\n|-enditem|p1a: Mandibuzz|Rocky Helmet|[from] move: Knock Off|[of] p2a: Kartana\n|faint|p1a: Mandibuzz\n|-ability|p2a: Kartana|Beast Boost|boost\n|-boost|p2a: Kartana|atk|1\n|\n|-weather|Sandstorm|[upkeep]\n|upkeep\n|\n|t:|1667000947\n|switch|p1a: Tapu Lele|Tapu Lele|100\/100\n|-fieldstart|move: Psychic Terrain|[from] ability: Psychic Surge|[of] p1a: Tapu Lele\n|turn|23\n|\n|t:|1667000949\n|switch|p2a: Zapdos|Zapdos|19\/100\n|move|p1a: Tapu Lele|Magic Room|p1a: Tapu Lele\n|-fieldstart|move: Magic Room|[of] p1a: Tapu Lele\n|\n|-weather|Sandstorm|[upkeep]\n|-damage|p1a: Tapu Lele|94\/100|[from] Sandstorm\n|-damage|p2a: Zapdos|13\/100|[from] Sandstorm\n|upkeep\n|turn|24\n|\n|t:|1667000959\n|move|p1a: Tapu Lele|Psychic|p2a: Zapdos\n|-damage|p2a: Zapdos|0 fnt\n|faint|p2a: Zapdos\n|\n|-weather|none\n|upkeep\n|\n|t:|1667000962\n|switch|p2a: Blacephalon|Blacephalon|70\/100\n|turn|25\n|\n|t:|1667000963\n|move|p2a: Blacephalon|Shadow Ball|p1a: Tapu Lele\n|-supereffective|p1a: Tapu Lele\n|-damage|p1a: Tapu Lele|0 fnt\n|faint|p1a: Tapu Lele\n|-ability|p2a: Blacephalon|Beast Boost|boost\n|-boost|p2a: Blacephalon|spa|1\n|\n|upkeep\n|\n|t:|1667000966\n|switch|p1a: Dragapult|Dragapult, F|35\/100\n|turn|26\n|\n|t:|1667000977\n|switch|p2a: Slowbro|Slowbro, M|100\/100 tox\n|move|p1a: Dragapult|Dragon Darts|p2a: Slowbro\n|-damage|p2a: Slowbro|84\/100 tox\n|-anim|p1a: Dragapult|Dragon Darts|p2a: Slowbro\n|-damage|p2a: Slowbro|70\/100 tox\n|\n|-damage|p2a: Slowbro|64\/100 tox|[from] psn\n|upkeep\n|turn|27\n|\n|t:|1667000981\n|move|p1a: Dragapult|Dragon Dance|p1a: Dragapult\n|-boost|p1a: Dragapult|atk|1\n|-boost|p1a: Dragapult|spe|1\n|move|p2a: Slowbro|Teleport|p2a: Slowbro\n|\n|t:|1667000985\n|switch|p2a: Kartana|Kartana|67\/100|[from]move: Teleport\n|\n|-fieldend|move: Magic Room|[of] p1: Tapu Lele\n|-fieldend|move: Psychic Terrain\n|upkeep\n|turn|28\n|\n|t:|1667000987\n|move|p1a: Dragapult|Phantom Force||[still]\n|-prepare|p1a: Dragapult|Phantom Force\n|move|p2a: Kartana|Knock Off|p1a: Dragapult|[miss]\n|-miss|p2a: Kartana|p1a: Dragapult\n|\n|upkeep\n|turn|29\n|\n|t:|1667000991\n|move|p1a: Dragapult|Phantom Force|p2a: Kartana|[from]lockedmove\n|-damage|p2a: Kartana|0 fnt\n|faint|p2a: Kartana\n|-damage|p1a: Dragapult|25\/100|[from] item: Life Orb\n|\n|upkeep\n|\n|t:|1667001000\n|switch|p2a: Blacephalon|Blacephalon|70\/100\n|turn|30\n|\n|t:|1667001003\n|switch|p2a: Slowbro|Slowbro, M|97\/100 tox\n|move|p1a: Dragapult|Sucker Punch||[still]\n|-fail|p1a: Dragapult\n|\n|-damage|p2a: Slowbro|91\/100 tox|[from] psn\n|upkeep\n|turn|31\n|\n|t:|1667001017\n|move|p1a: Dragapult|Phantom Force||[still]\n|-prepare|p1a: Dragapult|Phantom Force\n|move|p2a: Slowbro|Ice Beam|p1a: Dragapult|[miss]\n|-miss|p2a: Slowbro|p1a: Dragapult\n|\n|-damage|p2a: Slowbro|79\/100 tox|[from] psn\n|upkeep\n|turn|32\n|\n|t:|1667001022\n|move|p1a: Dragapult|Phantom Force|p2a: Slowbro|[from]lockedmove\n|-supereffective|p2a: Slowbro\n|-damage|p2a: Slowbro|0 fnt\n|faint|p2a: Slowbro\n|-damage|p1a: Dragapult|15\/100|[from] item: Life Orb\n|\n|upkeep\n|-message|Ladmaw forfeited.\n|\n|win|Omari P alt\n|raw|Omari P alt's rating: 1735 &rarr; <strong>1751<\/strong><br \/>(+16 for winning)\n|raw|Ladmaw's rating: 1672 &rarr; <strong>1656<\/strong><br \/>(-16 for losing)\n|l|\u2606Ladmaw\n|l| conrookman\n||Ladder isn't responding, score probably updated but might not have (Request timeout).\n","uploadtime":1667001030,"views":17,"p1id":"omaripalt","p2id":"ladmaw","formatid":"gen8ou","rating":1656,"private":0,"password":null}