{"id":"gen8ou-1209707148","p1":"damorush","p2":"ImagineWagins","format":"gen8ou","log":"|j|\u2606damorush\n|j|\u2606ImagineWagins\n|t:|1603692016\n|player|p1|damorush|steven|1537\n|player|p2|ImagineWagins|swimmer-gen4|1526\n|teamsize|p1|6\n|teamsize|p2|6\n|gametype|singles\n|gen|8\n|tier|[Gen 8] OU\n|rated|\n|clearpoke\n|poke|p1|Aegislash, F|\n|poke|p1|Urshifu-*, F|\n|poke|p1|Zeraora|\n|poke|p1|Volcarona, M|\n|poke|p1|Shuckle, M|\n|poke|p1|Hydreigon, F|\n|poke|p2|Blaziken, M|\n|poke|p2|Genesect|\n|poke|p2|Tapu Bulu|\n|poke|p2|Landorus, M|\n|poke|p2|Volcanion|\n|poke|p2|Spectrier|\n|rule|Sleep Clause Mod: Limit one foe put to sleep\n|rule|Species Clause: Limit one of each Pok\u00e9mon\n|rule|OHKO Clause: OHKO moves are banned\n|rule|Evasion Moves Clause: Evasion moves are banned\n|rule|Endless Battle Clause: Forcing endless battles is banned\n|rule|HP Percentage Mod: HP is shown in percentages\n|rule|Dynamax Clause: You cannot dynamax\n|teampreview\n|\n|t:|1603692024\n|start\n|switch|p1a: Shuckle|Shuckle, M|100\/100\n|switch|p2a: Volcanion|Volcanion|100\/100\n|turn|1\n|inactive|Battle timer is ON: inactive players will automatically lose when time's up. (requested by ImagineWagins)\n|\n|t:|1603692031\n|move|p2a: Volcanion|Steam Eruption|p1a: Shuckle\n|-supereffective|p1a: Shuckle\n|-damage|p1a: Shuckle|22\/100\n|-enditem|p1a: Shuckle|Red Card|[of] p2a: Volcanion\n|drag|p2a: Landorus|Landorus, M|100\/100\n|move|p1a: Shuckle|Sticky Web|p2a: Landorus\n|-sidestart|p2: ImagineWagins|move: Sticky Web\n|\n|upkeep\n|turn|2\n|\n|t:|1603692042\n|switch|p1a: Hydreigon|Hydreigon, F|100\/100\n|move|p2a: Landorus|Earth Power|p1a: Hydreigon\n|-immune|p1a: Hydreigon|[from] ability: Levitate\n|\n|upkeep\n|turn|3\n|\n|t:|1603692055\n|move|p2a: Landorus|Focus Blast|p1a: Hydreigon|[miss]\n|-miss|p2a: Landorus|p1a: Hydreigon\n|move|p1a: Hydreigon|Flash Cannon|p2a: Landorus\n|-damage|p2a: Landorus|58\/100\n|-damage|p1a: Hydreigon|91\/100|[from] item: Life Orb\n|\n|upkeep\n|turn|4\n|\n|t:|1603692067\n|switch|p1a: Aegislash|Aegislash, F|100\/100\n|-item|p1a: Aegislash|Air Balloon\n|move|p2a: Landorus|Focus Blast|p1a: Aegislash\n|-immune|p1a: Aegislash\n|\n|upkeep\n|turn|5\n|\n|t:|1603692079\n|switch|p2a: Volcanion|Volcanion|100\/100\n|-formechange|p1a: Aegislash|Aegislash-Blade||[from] ability: Stance Change\n|move|p1a: Aegislash|Head Smash|p2a: Volcanion|[miss]\n|-miss|p1a: Aegislash|p2a: Volcanion\n|\n|upkeep\n|turn|6\n|\n|t:|1603692089\n|switch|p1a: Shuckle|Shuckle, M|22\/100\n|move|p2a: Volcanion|Flamethrower|p1a: Shuckle\n|-damage|p1a: Shuckle|0 fnt\n|faint|p1a: Shuckle\n|\n|upkeep\n|\n|t:|1603692096\n|switch|p1a: Zeraora|Zeraora|100\/100\n|turn|7\n|\n|t:|1603692102\n|switch|p2a: Landorus|Landorus, M|58\/100\n|move|p1a: Zeraora|Knock Off|p2a: Landorus\n|-damage|p2a: Landorus|1\/100\n|-enditem|p2a: Landorus|Life Orb|[from] move: Knock Off|[of] p1a: Zeraora\n|\n|upkeep\n|turn|8\n|j| XDNO\n|\n|t:|1603692109\n|move|p1a: Zeraora|Knock Off|p2a: Landorus\n|-damage|p2a: Landorus|0 fnt\n|faint|p2a: Landorus\n|\n|upkeep\n|\n|t:|1603692117\n|switch|p2a: Volcanion|Volcanion|100\/100\n|turn|9\n|\n|t:|1603692124\n|move|p1a: Zeraora|Knock Off|p2a: Volcanion\n|-damage|p2a: Volcanion|64\/100\n|-enditem|p2a: Volcanion|Heavy-Duty Boots|[from] move: Knock Off|[of] p1a: Zeraora\n|move|p2a: Volcanion|Defog|p1a: Zeraora\n|-unboost|p1a: Zeraora|evasion|1\n|-sideend|p2: ImagineWagins|Sticky Web|[from] move: Defog|[of] p2a: Volcanion\n|\n|upkeep\n|turn|10\n|\n|t:|1603692138\n|switch|p1a: Urshifu|Urshifu, F|100\/100\n|move|p2a: Volcanion|Steam Eruption|p1a: Urshifu\n|-damage|p1a: Urshifu|13\/100\n|\n|upkeep\n|turn|11\n|\n|t:|1603692144\n|switch|p2a: Tapu Bulu|Tapu Bulu|100\/100\n|-fieldstart|move: Grassy Terrain|[from] ability: Grassy Surge|[of] p2a: Tapu Bulu\n|move|p1a: Urshifu|Wicked Blow|p2a: Tapu Bulu\n|-resisted|p2a: Tapu Bulu\n|-crit|p2a: Tapu Bulu\n|-damage|p2a: Tapu Bulu|69\/100\n|\n|-heal|p1a: Urshifu|19\/100|[from] Grassy Terrain\n|-heal|p2a: Tapu Bulu|76\/100|[from] item: Leftovers\n|-heal|p2a: Tapu Bulu|82\/100|[from] Grassy Terrain\n|upkeep\n|turn|12\n|\n|t:|1603692155\n|switch|p2a: Volcanion|Volcanion|64\/100\n|move|p1a: Urshifu|Iron Head|p2a: Volcanion\n|-resisted|p2a: Volcanion\n|-damage|p2a: Volcanion|58\/100\n|\n|-heal|p1a: Urshifu|25\/100|[from] Grassy Terrain\n|-heal|p2a: Volcanion|64\/100|[from] Grassy Terrain\n|upkeep\n|turn|13\n|\n|t:|1603692163\n|move|p1a: Urshifu|Wicked Blow|p2a: Volcanion\n|-crit|p2a: Volcanion\n|-damage|p2a: Volcanion|1\/100\n|move|p2a: Volcanion|Steam Eruption|p1a: Urshifu\n|-damage|p1a: Urshifu|0 fnt\n|faint|p1a: Urshifu\n|\n|-heal|p2a: Volcanion|7\/100|[from] Grassy Terrain\n|upkeep\n|\n|t:|1603692173\n|switch|p1a: Zeraora|Zeraora|100\/100\n|turn|14\n|\n|t:|1603692177\n|move|p1a: Zeraora|Plasma Fists|p2a: Volcanion\n|-supereffective|p2a: Volcanion\n|-damage|p2a: Volcanion|0 fnt\n|-fieldactivate|move: Ion Deluge\n|faint|p2a: Volcanion\n|\n|upkeep\n|\n|t:|1603692183\n|switch|p2a: Tapu Bulu|Tapu Bulu|82\/100\n|turn|15\n|\n|t:|1603692187\n|switch|p1a: Volcarona|Volcarona, M|100\/100\n|switch|p2a: Spectrier|Spectrier|100\/100\n|\n|-fieldend|move: Grassy Terrain\n|upkeep\n|turn|16\n|\n|t:|1603692195\n|move|p2a: Spectrier|Shadow Ball|p1a: Volcarona\n|-damage|p1a: Volcarona|24\/100\n|-unboost|p1a: Volcarona|spd|1\n|move|p1a: Volcarona|Flamethrower|p2a: Spectrier\n|-damage|p2a: Spectrier|43\/100\n|\n|upkeep\n|turn|17\n|\n|t:|1603692202\n|move|p2a: Spectrier|Shadow Ball|p1a: Volcarona\n|-damage|p1a: Volcarona|0 fnt\n|faint|p1a: Volcarona\n|-ability|p2a: Spectrier|Grim Neigh|boost\n|-boost|p2a: Spectrier|spa|1\n|\n|upkeep\n|\n|t:|1603692209\n|switch|p1a: Zeraora|Zeraora|100\/100\n|turn|18\n|\n|t:|1603692212\n|move|p1a: Zeraora|Plasma Fists|p2a: Spectrier\n|-damage|p2a: Spectrier|0 fnt\n|-fieldactivate|move: Ion Deluge\n|faint|p2a: Spectrier\n|\n|upkeep\n|\n|t:|1603692214\n|switch|p2a: Tapu Bulu|Tapu Bulu|82\/100\n|-fieldstart|move: Grassy Terrain|[from] ability: Grassy Surge|[of] p2a: Tapu Bulu\n|turn|19\n|\n|t:|1603692222\n|switch|p1a: Aegislash|Aegislash, F|100\/100\n|-item|p1a: Aegislash|Air Balloon\n|move|p2a: Tapu Bulu|Horn Leech|p1a: Aegislash\n|-resisted|p1a: Aegislash\n|-damage|p1a: Aegislash|76\/100\n|-heal|p2a: Tapu Bulu|91\/100|[from] drain|[of] p1a: Aegislash\n|-enditem|p1a: Aegislash|Air Balloon\n|\n|-heal|p1a: Aegislash|82\/100|[from] Grassy Terrain\n|-heal|p2a: Tapu Bulu|97\/100|[from] item: Leftovers\n|-heal|p2a: Tapu Bulu|100\/100|[from] Grassy Terrain\n|upkeep\n|turn|20\n|\n|t:|1603692234\n|switch|p2a: Genesect|Genesect, shiny|100\/100\n|-ability|p2a: Genesect|Download|boost\n|-boost|p2a: Genesect|atk|1\n|-formechange|p1a: Aegislash|Aegislash-Blade||[from] ability: Stance Change\n|move|p1a: Aegislash|Head Smash|p2a: Genesect\n|-damage|p2a: Genesect|20\/100\n|-damage|p1a: Aegislash|39\/100|[from] Recoil\n|\n|-heal|p2a: Genesect|26\/100|[from] Grassy Terrain\n|-heal|p1a: Aegislash|45\/100|[from] Grassy Terrain\n|upkeep\n|turn|21\n|\n|t:|1603692246\n|move|p2a: Genesect|U-turn|p1a: Aegislash\n|-resisted|p1a: Aegislash\n|-damage|p1a: Aegislash|4\/100\n|\n|t:|1603692250\n|switch|p2a: Tapu Bulu|Tapu Bulu|100\/100|[from]move: U-turn\n|move|p1a: Aegislash|Iron Head|p2a: Tapu Bulu\n|-supereffective|p2a: Tapu Bulu\n|-damage|p2a: Tapu Bulu|26\/100\n|\n|-heal|p1a: Aegislash|10\/100|[from] Grassy Terrain\n|-heal|p2a: Tapu Bulu|32\/100|[from] item: Leftovers\n|-heal|p2a: Tapu Bulu|38\/100|[from] Grassy Terrain\n|upkeep\n|turn|22\n|\n|t:|1603692260\n|move|p1a: Aegislash|Iron Head|p2a: Tapu Bulu\n|-supereffective|p2a: Tapu Bulu\n|-damage|p2a: Tapu Bulu|0 fnt\n|faint|p2a: Tapu Bulu\n|\n|-heal|p1a: Aegislash|17\/100|[from] Grassy Terrain\n|upkeep\n|\n|t:|1603692263\n|switch|p2a: Genesect|Genesect, shiny|26\/100\n|-ability|p2a: Genesect|Download|boost\n|-boost|p2a: Genesect|atk|1\n|turn|23\n|\n|t:|1603692268\n|move|p2a: Genesect|U-turn|p1a: Aegislash\n|-resisted|p1a: Aegislash\n|-damage|p1a: Aegislash|0 fnt\n|faint|p1a: Aegislash\n|\n|t:|1603692271\n|switch|p2a: Blaziken|Blaziken, M|100\/100|[from]move: U-turn\n|\n|-fieldend|move: Grassy Terrain\n|upkeep\n|\n|t:|1603692278\n|switch|p1a: Hydreigon|Hydreigon, F|91\/100\n|turn|24\n|\n|t:|1603692282\n|move|p1a: Hydreigon|Draco Meteor|p2a: Blaziken\n|-damage|p2a: Blaziken|0 fnt\n|-unboost|p1a: Hydreigon|spa|2\n|-damage|p1a: Hydreigon|81\/100|[from] item: Life Orb\n|faint|p2a: Blaziken\n|\n|upkeep\n|\n|t:|1603692285\n|switch|p2a: Genesect|Genesect, shiny|26\/100\n|-ability|p2a: Genesect|Download|boost\n|-boost|p2a: Genesect|atk|1\n|turn|25\n|\n|t:|1603692291\n|move|p2a: Genesect|Extreme Speed|p1a: Hydreigon\n|-damage|p1a: Hydreigon|8\/100\n|move|p1a: Hydreigon|Fire Blast|p2a: Genesect\n|-supereffective|p2a: Genesect\n|-damage|p2a: Genesect|0 fnt\n|-damage|p1a: Hydreigon|0 fnt|[from] item: Life Orb\n|faint|p2a: Genesect\n|faint|p1a: Hydreigon\n|\n|win|damorush\n|raw|damorush's rating: 1537 &rarr; <strong>1557<\/strong><br \/>(+20 for winning)\n|raw|ImagineWagins's rating: 1526 &rarr; <strong>1507<\/strong><br \/>(-19 for losing)\n|l| XDNO\n|l|\u2606ImagineWagins\n","uploadtime":1603692303,"views":9,"p1id":"damorush","p2id":"imaginewagins","formatid":"gen8ou","rating":1507,"private":0,"password":null}