{"id":"gen8ou-1339424360","p1":"Mutako Z","p2":"RavioliKid","format":"gen8ou","log":"|j|\u2606Mutako Z\n|j|\u2606RavioliKid\n|t:|1620865772\n|gametype|singles\n|player|p1|Mutako Z|28|1425\n|player|p2|RavioliKid|elesa-gen5bw2|1387\n|teamsize|p1|6\n|teamsize|p2|6\n|gen|8\n|tier|[Gen 8] OU\n|rated|\n|rule|Sleep Clause Mod: Limit one foe put to sleep\n|rule|Species Clause: Limit one of each Pok\u00e9mon\n|rule|OHKO Clause: OHKO moves are banned\n|rule|Evasion Moves Clause: Evasion moves are banned\n|rule|Endless Battle Clause: Forcing endless battles is banned\n|rule|HP Percentage Mod: HP is shown in percentages\n|rule|Dynamax Clause: You cannot dynamax\n|clearpoke\n|poke|p1|Landorus-Therian, M|\n|poke|p1|Excadrill, M|\n|poke|p1|Skarmory, F|\n|poke|p1|Pelipper, F|\n|poke|p1|Kingdra, M|\n|poke|p1|Rotom-Heat|\n|poke|p2|Tyranitar, M|\n|poke|p2|Excadrill, M|\n|poke|p2|Dracozolt|\n|poke|p2|Scizor, M|\n|poke|p2|Tangrowth, F|\n|poke|p2|Garchomp, M|\n|teampreview\n|c|\u2606RavioliKid|glhf\n|inactive|Battle timer is ON: inactive players will automatically lose when time's up. (requested by RavioliKid)\n|\n|t:|1620865790\n|start\n|switch|p1a: Excadrill|Excadrill, M|100\/100\n|switch|p2a: Tangrowth|Tangrowth, F|100\/100\n|-ability|p1a: Excadrill|Mold Breaker\n|turn|1\n|\n|t:|1620865801\n|move|p1a: Excadrill|Stealth Rock|p2a: Tangrowth\n|-sidestart|p2: RavioliKid|move: Stealth Rock\n|move|p2a: Tangrowth|Knock Off|p1a: Excadrill\n|-damage|p1a: Excadrill|71\/100\n|-enditem|p1a: Excadrill|Focus Sash|[from] move: Knock Off|[of] p2a: Tangrowth\n|\n|upkeep\n|turn|2\n|\n|t:|1620865816\n|switch|p1a: Skarmory|Skarmory, F|100\/100\n|move|p2a: Tangrowth|Giga Drain|p1a: Skarmory\n|-resisted|p1a: Skarmory\n|-damage|p1a: Skarmory|91\/100\n|\n|upkeep\n|turn|3\n|\n|t:|1620865822\n|move|p1a: Skarmory|Body Press|p2a: Tangrowth\n|-damage|p2a: Tangrowth|83\/100\n|-damage|p1a: Skarmory|74\/100|[from] item: Rocky Helmet|[of] p2a: Tangrowth\n|move|p2a: Tangrowth|Knock Off|p1a: Skarmory\n|-damage|p1a: Skarmory|62\/100\n|-damage|p2a: Tangrowth|66\/100|[from] item: Rocky Helmet|[of] p1a: Skarmory\n|-enditem|p1a: Skarmory|Rocky Helmet|[from] move: Knock Off|[of] p2a: Tangrowth\n|\n|upkeep\n|turn|4\n|\n|t:|1620865835\n|move|p1a: Skarmory|Roost|p1a: Skarmory\n|-heal|p1a: Skarmory|100\/100\n|-singleturn|p1a: Skarmory|move: Roost\n|move|p2a: Tangrowth|Sleep Powder|p1a: Skarmory\n|-status|p1a: Skarmory|slp|[from] move: Sleep Powder\n|\n|upkeep\n|turn|5\n|\n|t:|1620865843\n|switch|p2a: Dracozolt|Dracozolt|100\/100\n|-damage|p2a: Dracozolt|88\/100|[from] Stealth Rock\n|cant|p1a: Skarmory|slp\n|\n|upkeep\n|turn|6\n|\n|t:|1620865852\n|switch|p1a: Landorus|Landorus-Therian, M|100\/100\n|-ability|p1a: Landorus|Intimidate|boost\n|-unboost|p2a: Dracozolt|atk|1\n|move|p2a: Dracozolt|Fire Blast|p1a: Landorus\n|-damage|p1a: Landorus|58\/100\n|-damage|p2a: Dracozolt|78\/100|[from] item: Life Orb\n|\n|upkeep\n|turn|7\n|\n|t:|1620865866\n|switch|p2a: Tangrowth|Tangrowth, F|99\/100\n|-damage|p2a: Tangrowth|87\/100|[from] Stealth Rock\n|move|p1a: Landorus|U-turn|p2a: Tangrowth\n|-supereffective|p2a: Tangrowth\n|-damage|p2a: Tangrowth|57\/100\n|-damage|p1a: Landorus|42\/100|[from] item: Rocky Helmet|[of] p2a: Tangrowth\n|\n|t:|1620865879\n|switch|p1a: Kingdra|Kingdra, M|100\/100|[from]move: U-turn\n|\n|upkeep\n|turn|8\n|\n|t:|1620865884\n|switch|p2a: Scizor|Scizor, M|100\/100\n|-damage|p2a: Scizor|88\/100|[from] Stealth Rock\n|move|p1a: Kingdra|Dragon Dance|p1a: Kingdra\n|-boost|p1a: Kingdra|atk|1\n|-boost|p1a: Kingdra|spe|1\n|\n|-heal|p2a: Scizor|94\/100|[from] item: Leftovers\n|upkeep\n|turn|9\n|\n|t:|1620865893\n|move|p1a: Kingdra|Focus Energy|p1a: Kingdra\n|-start|p1a: Kingdra|move: Focus Energy\n|move|p2a: Scizor|U-turn|p1a: Kingdra\n|-damage|p1a: Kingdra|62\/100\n|\n|t:|1620865899\n|switch|p2a: Tyranitar|Tyranitar, M|100\/100|[from]move: U-turn\n|-damage|p2a: Tyranitar|88\/100|[from] Stealth Rock\n|-weather|Sandstorm|[from] ability: Sand Stream|[of] p2a: Tyranitar\n|\n|-weather|Sandstorm|[upkeep]\n|-damage|p1a: Kingdra|56\/100|[from] Sandstorm\n|-heal|p2a: Tyranitar|94\/100|[from] item: Leftovers\n|upkeep\n|turn|10\n|\n|t:|1620865909\n|switch|p2a: Tangrowth|Tangrowth, F|90\/100\n|-damage|p2a: Tangrowth|78\/100|[from] Stealth Rock\n|move|p1a: Kingdra|Liquidation|p2a: Tangrowth\n|-resisted|p2a: Tangrowth\n|-crit|p2a: Tangrowth\n|-damage|p2a: Tangrowth|38\/100\n|-damage|p1a: Kingdra|40\/100|[from] item: Rocky Helmet|[of] p2a: Tangrowth\n|-damage|p1a: Kingdra|30\/100|[from] item: Life Orb\n|\n|-weather|Sandstorm|[upkeep]\n|-damage|p1a: Kingdra|24\/100|[from] Sandstorm\n|-damage|p2a: Tangrowth|31\/100|[from] Sandstorm\n|upkeep\n|turn|11\n|\n|t:|1620865921\n|move|p1a: Kingdra|Outrage|p2a: Tangrowth\n|-damage|p2a: Tangrowth|0 fnt\n|-damage|p1a: Kingdra|7\/100|[from] item: Rocky Helmet|[of] p2a: Tangrowth\n|faint|p2a: Tangrowth\n|-damage|p1a: Kingdra|0 fnt|[from] item: Life Orb\n|faint|p1a: Kingdra\n|\n|-weather|Sandstorm|[upkeep]\n|upkeep\n|\n|t:|1620865933\n|switch|p1a: Landorus|Landorus-Therian, M|42\/100\n|switch|p2a: Dracozolt|Dracozolt|78\/100\n|-damage|p2a: Dracozolt|66\/100|[from] Stealth Rock\n|-ability|p1a: Landorus|Intimidate|boost\n|-unboost|p2a: Dracozolt|atk|1\n|turn|12\n|\n|t:|1620865946\n|switch|p1a: Pelipper|Pelipper, F|100\/100\n|-weather|RainDance|[from] ability: Drizzle|[of] p1a: Pelipper\n|move|p2a: Dracozolt|Draco Meteor|p1a: Pelipper\n|-damage|p1a: Pelipper|23\/100\n|-unboost|p2a: Dracozolt|spa|2\n|-damage|p2a: Dracozolt|56\/100|[from] item: Life Orb\n|\n|-weather|RainDance|[upkeep]\n|upkeep\n|turn|13\n|\n|t:|1620865957\n|switch|p1a: Rotom|Rotom-Heat|100\/100\n|move|p2a: Dracozolt|Draco Meteor|p1a: Rotom\n|-damage|p1a: Rotom|73\/100\n|-unboost|p2a: Dracozolt|spa|2\n|-damage|p2a: Dracozolt|46\/100|[from] item: Life Orb\n|\n|-weather|RainDance|[upkeep]\n|upkeep\n|turn|14\n|\n|t:|1620865969\n|switch|p2a: Tyranitar|Tyranitar, M|94\/100\n|-damage|p2a: Tyranitar|82\/100|[from] Stealth Rock\n|-weather|Sandstorm|[from] ability: Sand Stream|[of] p2a: Tyranitar\n|move|p1a: Rotom|Reflect|p1a: Rotom\n|-sidestart|p1: Mutako Z|Reflect\n|\n|-weather|Sandstorm|[upkeep]\n|-damage|p1a: Rotom|67\/100|[from] Sandstorm\n|-heal|p2a: Tyranitar|88\/100|[from] item: Leftovers\n|upkeep\n|turn|15\n|\n|t:|1620865978\n|move|p1a: Rotom|Toxic|p2a: Tyranitar\n|-status|p2a: Tyranitar|tox\n|move|p2a: Tyranitar|Stealth Rock|p1a: Rotom\n|-sidestart|p1: Mutako Z|move: Stealth Rock\n|\n|-weather|Sandstorm|[upkeep]\n|-damage|p1a: Rotom|61\/100|[from] Sandstorm\n|-heal|p2a: Tyranitar|94\/100 tox|[from] item: Leftovers\n|-damage|p2a: Tyranitar|88\/100 tox|[from] psn\n|upkeep\n|turn|16\n|\n|t:|1620865987\n|move|p1a: Rotom|Light Screen|p1a: Rotom\n|-sidestart|p1: Mutako Z|move: Light Screen\n|move|p2a: Tyranitar|Rock Blast|p1a: Rotom\n|-supereffective|p1a: Rotom\n|-crit|p1a: Rotom\n|-damage|p1a: Rotom|26\/100\n|-supereffective|p1a: Rotom\n|-damage|p1a: Rotom|14\/100\n|-hitcount|p1a: Rotom|2\n|\n|-weather|Sandstorm|[upkeep]\n|-damage|p1a: Rotom|8\/100|[from] Sandstorm\n|-heal|p2a: Tyranitar|94\/100 tox|[from] item: Leftovers\n|-damage|p2a: Tyranitar|82\/100 tox|[from] psn\n|upkeep\n|turn|17\n|\n|t:|1620866002\n|move|p1a: Rotom|Toxic|p2a: Tyranitar\n|-fail|p2a: Tyranitar|tox\n|move|p2a: Tyranitar|Rock Blast|p1a: Rotom\n|-supereffective|p1a: Rotom\n|-damage|p1a: Rotom|0 fnt\n|-hitcount|p1a: Rotom|1\n|faint|p1a: Rotom\n|\n|-weather|Sandstorm|[upkeep]\n|-heal|p2a: Tyranitar|88\/100 tox|[from] item: Leftovers\n|-damage|p2a: Tyranitar|70\/100 tox|[from] psn\n|upkeep\n|\n|t:|1620866016\n|switch|p1a: Excadrill|Excadrill, M|71\/100\n|-damage|p1a: Excadrill|68\/100|[from] Stealth Rock\n|-ability|p1a: Excadrill|Mold Breaker\n|turn|18\n|inactive|RavioliKid has 120 seconds left.\n|\n|t:|1620866046\n|switch|p2a: Garchomp|Garchomp, M|100\/100\n|-damage|p2a: Garchomp|94\/100|[from] Stealth Rock\n|move|p1a: Excadrill|Rapid Spin|p2a: Garchomp\n|-damage|p2a: Garchomp|76\/100\n|-boost|p1a: Excadrill|spe|1\n|-sideend|p1: Mutako Z|Stealth Rock|[from] move: Rapid Spin|[of] p1a: Excadrill\n|\n|-weather|none\n|upkeep\n|turn|19\n|inactive|RavioliKid has 120 seconds left.\n|\n|t:|1620866062\n|switch|p1a: Pelipper|Pelipper, F|23\/100\n|-weather|RainDance|[from] ability: Drizzle|[of] p1a: Pelipper\n|move|p2a: Garchomp|Earthquake|p1a: Pelipper\n|-immune|p1a: Pelipper\n|\n|-weather|RainDance|[upkeep]\n|upkeep\n|turn|20\n|\n|t:|1620866071\n|move|p2a: Garchomp|Scale Shot|p1a: Pelipper\n|-damage|p1a: Pelipper|14\/100\n|-damage|p1a: Pelipper|4\/100\n|-damage|p1a: Pelipper|0 fnt\n|-hitcount|p1a: Pelipper|3\n|faint|p1a: Pelipper\n|-unboost|p2a: Garchomp|def|1\n|-boost|p2a: Garchomp|spe|1\n|-damage|p2a: Garchomp|66\/100|[from] item: Life Orb\n|\n|-weather|RainDance|[upkeep]\n|upkeep\n|\n|t:|1620866081\n|switch|p1a: Landorus|Landorus-Therian, M|42\/100\n|-ability|p1a: Landorus|Intimidate|boost\n|-unboost|p2a: Garchomp|atk|1\n|turn|21\n|\n|t:|1620866085\n|switch|p2a: Scizor|Scizor, M|94\/100\n|-damage|p2a: Scizor|82\/100|[from] Stealth Rock\n|move|p1a: Landorus|Earthquake|p2a: Scizor\n|-damage|p2a: Scizor|25\/100\n|\n|-weather|RainDance|[upkeep]\n|-heal|p2a: Scizor|31\/100|[from] item: Leftovers\n|-sideend|p1: Mutako Z|Reflect\n|upkeep\n|turn|22\n|\n|t:|1620866096\n|switch|p1a: Skarmory|Skarmory, F|100\/100 slp\n|move|p2a: Scizor|Bullet Punch|p1a: Skarmory\n|-resisted|p1a: Skarmory\n|-damage|p1a: Skarmory|92\/100 slp\n|\n|-weather|RainDance|[upkeep]\n|-heal|p2a: Scizor|38\/100|[from] item: Leftovers\n|upkeep\n|turn|23\n|\n|t:|1620866105\n|cant|p1a: Skarmory|slp\n|move|p2a: Scizor|Roost|p2a: Scizor\n|-heal|p2a: Scizor|88\/100\n|-singleturn|p2a: Scizor|move: Roost\n|\n|-weather|none\n|-heal|p2a: Scizor|94\/100|[from] item: Leftovers\n|-sideend|p1: Mutako Z|move: Light Screen\n|upkeep\n|turn|24\n|\n|t:|1620866112\n|-curestatus|p1a: Skarmory|slp|[msg]\n|move|p1a: Skarmory|Body Press|p2a: Scizor\n|-damage|p2a: Scizor|63\/100\n|move|p2a: Scizor|U-turn|p1a: Skarmory\n|-resisted|p1a: Skarmory\n|-damage|p1a: Skarmory|88\/100\n|\n|t:|1620866117\n|switch|p2a: Dracozolt|Dracozolt|46\/100|[from]move: U-turn\n|-damage|p2a: Dracozolt|33\/100|[from] Stealth Rock\n|\n|upkeep\n|turn|25\n|\n|t:|1620866123\n|move|p2a: Dracozolt|Fire Blast|p1a: Skarmory\n|-supereffective|p1a: Skarmory\n|-damage|p1a: Skarmory|0 fnt\n|faint|p1a: Skarmory\n|-damage|p2a: Dracozolt|23\/100|[from] item: Life Orb\n|\n|upkeep\n|\n|t:|1620866129\n|switch|p1a: Landorus|Landorus-Therian, M|42\/100\n|-ability|p1a: Landorus|Intimidate|boost\n|-unboost|p2a: Dracozolt|atk|1\n|turn|26\n|\n|t:|1620866137\n|switch|p2a: Scizor|Scizor, M|63\/100\n|-damage|p2a: Scizor|51\/100|[from] Stealth Rock\n|move|p1a: Landorus|Earthquake|p2a: Scizor\n|-damage|p2a: Scizor|0 fnt\n|faint|p2a: Scizor\n|\n|upkeep\n|\n|t:|1620866146\n|switch|p2a: Tyranitar|Tyranitar, M|70\/100 tox\n|-damage|p2a: Tyranitar|57\/100 tox|[from] Stealth Rock\n|-weather|Sandstorm|[from] ability: Sand Stream|[of] p2a: Tyranitar\n|turn|27\n|\n|t:|1620866152\n|switch|p1a: Excadrill|Excadrill, M|68\/100\n|-ability|p1a: Excadrill|Mold Breaker\n|move|p2a: Tyranitar|Earthquake|p1a: Excadrill\n|-supereffective|p1a: Excadrill\n|-damage|p1a: Excadrill|0 fnt\n|faint|p1a: Excadrill\n|\n|-weather|Sandstorm|[upkeep]\n|-heal|p2a: Tyranitar|63\/100 tox|[from] item: Leftovers\n|-damage|p2a: Tyranitar|57\/100 tox|[from] psn\n|upkeep\n|\n|t:|1620866162\n|switch|p1a: Landorus|Landorus-Therian, M|42\/100\n|-ability|p1a: Landorus|Intimidate|boost\n|-unboost|p2a: Tyranitar|atk|1\n|turn|28\n|c|\u2606Mutako Z|gg\n|c|\u2606RavioliKid|gg\n|\n|t:|1620866172\n|move|p1a: Landorus|Earthquake|p2a: Tyranitar\n|-supereffective|p2a: Tyranitar\n|-damage|p2a: Tyranitar|0 fnt\n|faint|p2a: Tyranitar\n|\n|-weather|Sandstorm|[upkeep]\n|upkeep\n|\n|t:|1620866190\n|switch|p2a: Excadrill|Excadrill, M|100\/100\n|-damage|p2a: Excadrill|97\/100|[from] Stealth Rock\n|turn|29\n|\n|t:|1620866194\n|move|p2a: Excadrill|Iron Head|p1a: Landorus\n|-damage|p1a: Landorus|0 fnt\n|faint|p1a: Landorus\n|\n|win|RavioliKid\n|raw|Mutako Z's rating: 1425 &rarr; <strong>1403<\/strong><br \/>(-22 for losing)\n|raw|RavioliKid's rating: 1387 &rarr; <strong>1409<\/strong><br \/>(+22 for winning)\n","uploadtime":1620866198,"views":26,"p1id":"mutakoz","p2id":"raviolikid","formatid":"gen8ou","rating":1403,"private":0,"password":null}