{"id":"gen8ou-1688125330","p1":"Aim on mai wei","p2":"A2MJC","format":"gen8ou","log":"|html|<div class=\"broadcast-blue\"><strong>[Gen 8] OU is currently suspecting Melmetal! For information on how to participate check out the <a href=\"https:\/\/www.smogon.com\/forums\/threads\/np-ss-ou-suspect-process-round-12-monster-mash.3709234\/\">suspect thread<\/a>.<\/strong><\/div>\n|j|\u2606Aim on mai wei\n|j|\u2606A2MJC\n|t:|1666034948\n|gametype|singles\n|player|p1|Aim on mai wei|1|1660\n|player|p2|A2MJC|lance|1608\n|teamsize|p1|6\n|teamsize|p2|6\n|gen|8\n|tier|[Gen 8] OU\n|rated|\n|rule|Sleep Clause Mod: Limit one foe put to sleep\n|rule|Species Clause: Limit one of each Pok\u00e9mon\n|rule|OHKO Clause: OHKO moves are banned\n|rule|Evasion Items Clause: Evasion items are banned\n|rule|Evasion Moves Clause: Evasion moves are banned\n|rule|Endless Battle Clause: Forcing endless battles is banned\n|rule|HP Percentage Mod: HP is shown in percentages\n|rule|Dynamax Clause: You cannot dynamax\n|clearpoke\n|poke|p1|Ditto|\n|poke|p1|Quagsire, M|\n|poke|p1|Blissey, F|\n|poke|p1|Corviknight, F|\n|poke|p1|Dragonite, M|\n|poke|p1|Buzzwole|\n|poke|p2|Regieleki|\n|poke|p2|Dragapult, F|\n|poke|p2|Melmetal|\n|poke|p2|Moltres-Galar|\n|poke|p2|Kommo-o, M|\n|poke|p2|Volcarona, F|\n|teampreview\n|\n|t:|1666034963\n|start\n|switch|p1a: Blissey|Blissey, F|100\/100\n|switch|p2a: Regieleki|Regieleki|100\/100\n|turn|1\n|inactive|Battle timer is ON: inactive players will automatically lose when time's up. (requested by Aim on mai wei)\n|\n|t:|1666034983\n|move|p2a: Regieleki|Reflect|p2a: Regieleki\n|-sidestart|p2: A2MJC|Reflect\n|move|p1a: Blissey|Stealth Rock|p2a: Regieleki\n|-sidestart|p2: A2MJC|move: Stealth Rock\n|\n|upkeep\n|turn|2\n|\n|t:|1666034990\n|move|p2a: Regieleki|Light Screen|p2a: Regieleki\n|-sidestart|p2: A2MJC|move: Light Screen\n|move|p1a: Blissey|Seismic Toss|p2a: Regieleki\n|-damage|p2a: Regieleki|73\/100\n|\n|upkeep\n|turn|3\n|\n|t:|1666034996\n|switch|p1a: Quagsire|Quagsire, M|100\/100\n|move|p2a: Regieleki|Rapid Spin|p1a: Quagsire\n|-damage|p1a: Quagsire|93\/100\n|-boost|p2a: Regieleki|spe|1\n|-sideend|p2: A2MJC|Stealth Rock|[from] move: Rapid Spin|[of] p2a: Regieleki\n|\n|-heal|p1a: Quagsire|99\/100|[from] item: Leftovers\n|upkeep\n|turn|4\n|\n|t:|1666035011\n|switch|p2a: Melmetal|Melmetal|100\/100\n|move|p1a: Quagsire|Toxic|p2a: Melmetal\n|-immune|p2a: Melmetal\n|\n|-heal|p1a: Quagsire|100\/100|[from] item: Leftovers\n|upkeep\n|turn|5\n|\n|t:|1666035025\n|move|p2a: Melmetal|Ice Punch|p1a: Quagsire\n|-damage|p1a: Quagsire|76\/100\n|move|p1a: Quagsire|Scald|p2a: Melmetal\n|-damage|p2a: Melmetal|94\/100\n|-status|p2a: Melmetal|brn\n|\n|-heal|p1a: Quagsire|82\/100|[from] item: Leftovers\n|-damage|p2a: Melmetal|88\/100 brn|[from] brn\n|upkeep\n|turn|6\n|\n|t:|1666035036\n|move|p2a: Melmetal|Double Iron Bash|p1a: Quagsire\n|-resisted|p1a: Quagsire\n|-crit|p1a: Quagsire\n|-damage|p1a: Quagsire|72\/100\n|-resisted|p1a: Quagsire\n|-damage|p1a: Quagsire|65\/100\n|-hitcount|p1a: Quagsire|2\n|cant|p1a: Quagsire|flinch\n|\n|-heal|p1a: Quagsire|71\/100|[from] item: Leftovers\n|-damage|p2a: Melmetal|82\/100 brn|[from] brn\n|upkeep\n|turn|7\n|inactive|A2MJC has 120 seconds left.\n|\n|t:|1666035067\n|switch|p2a: Kommo-o|Kommo-o, M|100\/100\n|move|p1a: Quagsire|Toxic|p2a: Kommo-o\n|-status|p2a: Kommo-o|tox\n|\n|-heal|p1a: Quagsire|77\/100|[from] item: Leftovers\n|-damage|p2a: Kommo-o|94\/100 tox|[from] psn\n|upkeep\n|turn|8\n|inactive|A2MJC has 120 seconds left.\n|\n|t:|1666035089\n|switch|p1a: Buzzwole|Buzzwole|100\/100\n|move|p2a: Kommo-o|Belly Drum|p2a: Kommo-o\n|-damage|p2a: Kommo-o|44\/100 tox\n|-setboost|p2a: Kommo-o|atk|6|[from] move: Belly Drum\n|-enditem|p2a: Kommo-o|Sitrus Berry|[eat]\n|-heal|p2a: Kommo-o|69\/100 tox|[from] item: Sitrus Berry\n|\n|-damage|p2a: Kommo-o|57\/100 tox|[from] psn\n|-sideend|p2: A2MJC|Reflect\n|upkeep\n|turn|9\n|inactive|A2MJC has 120 seconds left.\n|\n|t:|1666035119\n|move|p2a: Kommo-o|Drain Punch|p1a: Buzzwole\n|-resisted|p1a: Buzzwole\n|-damage|p1a: Buzzwole|59\/100\n|-heal|p2a: Kommo-o|85\/100 tox|[from] drain|[of] p1a: Buzzwole\n|move|p1a: Buzzwole|Ice Punch|p2a: Kommo-o\n|-supereffective|p2a: Kommo-o\n|-damage|p2a: Kommo-o|31\/100 tox\n|\n|-heal|p1a: Buzzwole|65\/100|[from] item: Leftovers\n|-damage|p2a: Kommo-o|13\/100 tox|[from] psn\n|-sideend|p2: A2MJC|move: Light Screen\n|upkeep\n|turn|10\n|\n|t:|1666035131\n|move|p2a: Kommo-o|Poison Jab|p1a: Buzzwole\n|-damage|p1a: Buzzwole|0 fnt\n|faint|p1a: Buzzwole\n|\n|-damage|p2a: Kommo-o|0 fnt|[from] psn\n|faint|p2a: Kommo-o\n|upkeep\n|\n|t:|1666035146\n|switch|p2a: Moltres|Moltres-Galar|100\/100\n|switch|p1a: Quagsire|Quagsire, M|77\/100\n|turn|11\n|\n|t:|1666035156\n|switch|p2a: Regieleki|Regieleki|73\/100\n|move|p1a: Quagsire|Toxic|p2a: Regieleki\n|-status|p2a: Regieleki|tox\n|\n|-heal|p1a: Quagsire|83\/100|[from] item: Leftovers\n|-damage|p2a: Regieleki|67\/100 tox|[from] psn\n|upkeep\n|turn|12\n|\n|t:|1666035160\n|move|p2a: Regieleki|Reflect|p2a: Regieleki\n|-sidestart|p2: A2MJC|Reflect\n|move|p1a: Quagsire|Earthquake|p2a: Regieleki\n|-supereffective|p2a: Regieleki\n|-damage|p2a: Regieleki|21\/100 tox\n|\n|-heal|p1a: Quagsire|89\/100|[from] item: Leftovers\n|-damage|p2a: Regieleki|8\/100 tox|[from] psn\n|upkeep\n|turn|13\n|\n|t:|1666035163\n|move|p2a: Regieleki|Light Screen|p2a: Regieleki\n|-sidestart|p2: A2MJC|move: Light Screen\n|move|p1a: Quagsire|Recover|p1a: Quagsire\n|-heal|p1a: Quagsire|100\/100\n|\n|-damage|p2a: Regieleki|0 fnt|[from] psn\n|faint|p2a: Regieleki\n|upkeep\n|inactive|A2MJC has 120 seconds left.\n|\n|t:|1666035169\n|switch|p2a: Dragapult|Dragapult, F|100\/100\n|turn|14\n|inactive|A2MJC has 120 seconds left.\n|\n|t:|1666035180\n|move|p2a: Dragapult|Shadow Ball|p1a: Quagsire\n|-damage|p1a: Quagsire|39\/100\n|-damage|p2a: Dragapult|91\/100|[from] item: Life Orb\n|move|p1a: Quagsire|Toxic|p2a: Dragapult\n|-status|p2a: Dragapult|tox\n|\n|-heal|p1a: Quagsire|45\/100|[from] item: Leftovers\n|-damage|p2a: Dragapult|85\/100 tox|[from] psn\n|upkeep\n|turn|15\n|\n|t:|1666035188\n|switch|p1a: Blissey|Blissey, F|100\/100\n|move|p2a: Dragapult|Shadow Ball|p1a: Blissey\n|-immune|p1a: Blissey\n|\n|-damage|p2a: Dragapult|73\/100 tox|[from] psn\n|upkeep\n|turn|16\n|\n|t:|1666035202\n|switch|p2a: Melmetal|Melmetal|82\/100 brn\n|move|p1a: Blissey|Stealth Rock|p2a: Melmetal\n|-sidestart|p2: A2MJC|move: Stealth Rock\n|\n|-damage|p2a: Melmetal|76\/100 brn|[from] brn\n|upkeep\n|turn|17\n|\n|t:|1666035205\n|switch|p1a: Quagsire|Quagsire, M|45\/100\n|move|p2a: Melmetal|Double Iron Bash|p1a: Quagsire\n|-resisted|p1a: Quagsire\n|-damage|p1a: Quagsire|39\/100\n|-resisted|p1a: Quagsire\n|-damage|p1a: Quagsire|31\/100\n|-hitcount|p1a: Quagsire|2\n|\n|-heal|p1a: Quagsire|38\/100|[from] item: Leftovers\n|-damage|p2a: Melmetal|70\/100 brn|[from] brn\n|upkeep\n|turn|18\n|\n|t:|1666035208\n|switch|p2a: Volcarona|Volcarona, F|100\/100\n|move|p1a: Quagsire|Recover|p1a: Quagsire\n|-heal|p1a: Quagsire|88\/100\n|\n|-heal|p1a: Quagsire|94\/100|[from] item: Leftovers\n|upkeep\n|turn|19\n|\n|t:|1666035211\n|move|p2a: Volcarona|Quiver Dance|p2a: Volcarona\n|-boost|p2a: Volcarona|spa|1\n|-boost|p2a: Volcarona|spd|1\n|-boost|p2a: Volcarona|spe|1\n|move|p1a: Quagsire|Toxic|p2a: Volcarona\n|-status|p2a: Volcarona|tox\n|\n|-heal|p1a: Quagsire|99\/100|[from] item: Leftovers\n|-damage|p2a: Volcarona|94\/100 tox|[from] psn\n|-sideend|p2: A2MJC|Reflect\n|upkeep\n|turn|20\n|\n|t:|1666035217\n|move|p2a: Volcarona|Quiver Dance|p2a: Volcarona\n|-boost|p2a: Volcarona|spa|1\n|-boost|p2a: Volcarona|spd|1\n|-boost|p2a: Volcarona|spe|1\n|move|p1a: Quagsire|Recover|p1a: Quagsire\n|-heal|p1a: Quagsire|100\/100\n|\n|-damage|p2a: Volcarona|82\/100 tox|[from] psn\n|-sideend|p2: A2MJC|move: Light Screen\n|upkeep\n|turn|21\n|\n|t:|1666035227\n|move|p2a: Volcarona|Bug Buzz|p1a: Quagsire\n|-damage|p1a: Quagsire|31\/100\n|move|p1a: Quagsire|Recover|p1a: Quagsire\n|-heal|p1a: Quagsire|81\/100\n|\n|-heal|p1a: Quagsire|87\/100|[from] item: Leftovers\n|-damage|p2a: Volcarona|64\/100 tox|[from] psn\n|upkeep\n|turn|22\n|\n|t:|1666035237\n|switch|p1a: Blissey|Blissey, F|100\/100\n|move|p2a: Volcarona|Bug Buzz|p1a: Blissey\n|-damage|p1a: Blissey|64\/100\n|\n|-damage|p2a: Volcarona|39\/100 tox|[from] psn\n|upkeep\n|turn|23\n|\n|t:|1666035245\n|move|p2a: Volcarona|Fiery Dance|p1a: Blissey\n|-damage|p1a: Blissey|30\/100\n|-boost|p2a: Volcarona|spa|1\n|move|p1a: Blissey|Soft-Boiled|p1a: Blissey\n|-heal|p1a: Blissey|80\/100\n|\n|-damage|p2a: Volcarona|9\/100 tox|[from] psn\n|upkeep\n|turn|24\n|\n|t:|1666035255\n|move|p2a: Volcarona|Bug Buzz|p1a: Blissey\n|-damage|p1a: Blissey|33\/100\n|move|p1a: Blissey|Soft-Boiled|p1a: Blissey\n|-heal|p1a: Blissey|83\/100\n|\n|-damage|p2a: Volcarona|0 fnt|[from] psn\n|faint|p2a: Volcarona\n|upkeep\n|\n|t:|1666035264\n|switch|p2a: Moltres|Moltres-Galar|100\/100\n|-damage|p2a: Moltres|76\/100|[from] Stealth Rock\n|turn|25\n|\n|t:|1666035270\n|move|p2a: Moltres|Nasty Plot|p2a: Moltres\n|-boost|p2a: Moltres|spa|2\n|move|p1a: Blissey|Seismic Toss|p2a: Moltres\n|-damage|p2a: Moltres|45\/100\n|-ability|p2a: Moltres|Berserk|boost\n|-boost|p2a: Moltres|spa|1\n|\n|upkeep\n|turn|26\n|\n|t:|1666035285\n|move|p2a: Moltres|Nasty Plot|p2a: Moltres\n|-boost|p2a: Moltres|spa|2\n|move|p1a: Blissey|Seismic Toss|p2a: Moltres\n|-damage|p2a: Moltres|14\/100\n|\n|upkeep\n|turn|27\n|\n|t:|1666035292\n|switch|p1a: Corviknight|Corviknight, F|100\/100\n|-ability|p1a: Corviknight|Pressure\n|move|p2a: Moltres|Fiery Wrath|p1a: Corviknight\n|-damage|p1a: Corviknight|0 fnt\n|faint|p1a: Corviknight\n|\n|upkeep\n|\n|t:|1666035295\n|switch|p1a: Ditto|Ditto|100\/100\n|-transform|p1a: Ditto|p2a: Moltres|[from] ability: Imposter\n|turn|28\n|\n|t:|1666035301\n|move|p1a: Ditto|Fiery Wrath|p2a: Moltres\n|-resisted|p2a: Moltres\n|-damage|p2a: Moltres|0 fnt\n|faint|p2a: Moltres\n|\n|upkeep\n|\n|t:|1666035305\n|switch|p2a: Melmetal|Melmetal|70\/100 brn\n|-damage|p2a: Melmetal|64\/100 brn|[from] Stealth Rock\n|turn|29\n|\n|t:|1666035308\n|move|p1a: Ditto|Fiery Wrath|p2a: Melmetal\n|-damage|p2a: Melmetal|0 fnt\n|faint|p2a: Melmetal\n|\n|upkeep\n|\n|t:|1666035314\n|switch|p2a: Dragapult|Dragapult, F|73\/100 tox\n|-damage|p2a: Dragapult|60\/100 tox|[from] Stealth Rock\n|turn|30\n|\n|t:|1666035321\n|switch|p1a: Blissey|Blissey, F|83\/100\n|move|p2a: Dragapult|Draco Meteor|p1a: Blissey\n|-damage|p1a: Blissey|51\/100\n|-unboost|p2a: Dragapult|spa|2\n|-damage|p2a: Dragapult|51\/100 tox|[from] item: Life Orb\n|\n|-damage|p2a: Dragapult|45\/100 tox|[from] psn\n|upkeep\n|turn|31\n|-message|A2MJC forfeited.\n|\n|win|Aim on mai wei\n|raw|Aim on mai wei's rating: 1660 &rarr; <strong>1677<\/strong><br \/>(+17 for winning)\n|raw|A2MJC's rating: 1608 &rarr; <strong>1591<\/strong><br \/>(-17 for losing)\n|l|\u2606A2MJC\n","uploadtime":1666035331,"views":20,"p1id":"aimonmaiwei","p2id":"a2mjc","formatid":"gen8ou","rating":1591,"private":0,"password":null}