{"id":"gen8ou-1138064009","p1":"The Last Hero","p2":"wooloo test","format":"gen8ou","log":"|j|\u2606The Last Hero\n|j|\u2606wooloo test\n|player|p1|The Last Hero|acetrainersnow|1778\n|player|p2|wooloo test|lucas|1695\n|teamsize|p1|6\n|teamsize|p2|6\n|gametype|singles\n|gen|8\n|tier|[Gen 8] OU\n|rated|\n|clearpoke\n|poke|p1|Urshifu-*, M|\n|poke|p1|Ditto|\n|poke|p1|Slowbro, M|\n|poke|p1|Excadrill, M|\n|poke|p1|Mandibuzz, F|\n|poke|p1|Clefable, F|\n|poke|p2|Slowbro-Galar, F|\n|poke|p2|Talonflame, M|\n|poke|p2|Krookodile, F|\n|poke|p2|Rillaboom, M|\n|poke|p2|Primarina, M|\n|poke|p2|Magnezone|\n|rule|Sleep Clause Mod: Limit one foe put to sleep\n|rule|Species Clause: Limit one of each Pok\u00e9mon\n|rule|OHKO Clause: OHKO moves are banned\n|rule|Evasion Moves Clause: Evasion moves are banned\n|rule|Endless Battle Clause: Forcing endless battles is banned\n|rule|HP Percentage Mod: HP is shown in percentages\n|rule|Dynamax Clause: You cannot dynamax\n|teampreview\n|\n|start\n|switch|p1a: Regina|Mandibuzz, F|100\/100\n|switch|p2a: Rillaboom|Rillaboom, M|100\/100\n|-fieldstart|move: Grassy Terrain|[from] ability: Grassy Surge|[of] p2a: Rillaboom\n|turn|1\n|j| m1ster Can S1r\n|\n|switch|p2a: Primarina|Primarina, M, shiny|100\/100\n|move|p1a: Regina|U-turn|p2a: Primarina\n|-resisted|p2a: Primarina\n|-damage|p2a: Primarina|95\/100\n|\n|switch|p1a: Not a Poliwrath|Urshifu, M|100\/100|[from]move: U-turn\n|\n|-heal|p2a: Primarina|100\/100|[from] item: Leftovers\n|upkeep\n|turn|2\n|\n|switch|p2a: Slowbro|Slowbro-Galar, F|100\/100\n|move|p1a: Not a Poliwrath|U-turn|p2a: Slowbro\n|-damage|p2a: Slowbro|76\/100\n|\n|switch|p1a: Fabiole|Clefable, F|100\/100|[from]move: U-turn\n|\n|-heal|p2a: Slowbro|82\/100|[from] Grassy Terrain\n|upkeep\n|turn|3\n|\n|move|p1a: Fabiole|Calm Mind|p1a: Fabiole\n|-boost|p1a: Fabiole|spa|1\n|-boost|p1a: Fabiole|spd|1\n|move|p2a: Slowbro|Calm Mind|p2a: Slowbro\n|-boost|p2a: Slowbro|spa|1\n|-boost|p2a: Slowbro|spd|1\n|\n|-heal|p2a: Slowbro|88\/100|[from] Grassy Terrain\n|upkeep\n|turn|4\n|\n|move|p1a: Fabiole|Calm Mind|p1a: Fabiole\n|-boost|p1a: Fabiole|spa|1\n|-boost|p1a: Fabiole|spd|1\n|move|p2a: Slowbro|Calm Mind|p2a: Slowbro\n|-boost|p2a: Slowbro|spa|1\n|-boost|p2a: Slowbro|spd|1\n|\n|-heal|p2a: Slowbro|94\/100|[from] Grassy Terrain\n|upkeep\n|turn|5\n|\n|move|p1a: Fabiole|Thunder|p2a: Slowbro\n|-damage|p2a: Slowbro|59\/100\n|move|p2a: Slowbro|Calm Mind|p2a: Slowbro\n|-boost|p2a: Slowbro|spa|1\n|-boost|p2a: Slowbro|spd|1\n|\n|-heal|p2a: Slowbro|65\/100|[from] Grassy Terrain\n|-fieldend|move: Grassy Terrain\n|upkeep\n|turn|6\n|-activate|p2a: Slowbro|ability: Quick Draw\n|\n|switch|p1a: Sexcadrill|Excadrill, M|100\/100\n|-ability|p1a: Sexcadrill|Mold Breaker\n|move|p2a: Slowbro|Psyshock|p1a: Sexcadrill\n|-resisted|p1a: Sexcadrill\n|-damage|p1a: Sexcadrill|54\/100\n|\n|-heal|p1a: Sexcadrill|61\/100|[from] item: Leftovers\n|upkeep\n|turn|7\n|\n|switch|p2a: Rillaboom|Rillaboom, M|100\/100\n|-fieldstart|move: Grassy Terrain|[from] ability: Grassy Surge|[of] p2a: Rillaboom\n|move|p1a: Sexcadrill|Stealth Rock|p2a: Rillaboom\n|-sidestart|p2: wooloo test|move: Stealth Rock\n|\n|-heal|p1a: Sexcadrill|67\/100|[from] item: Leftovers\n|-heal|p1a: Sexcadrill|73\/100|[from] Grassy Terrain\n|upkeep\n|turn|8\n|\n|switch|p1a: Regina|Mandibuzz, F|100\/100\n|move|p2a: Rillaboom|Grassy Glide|p1a: Regina\n|-resisted|p1a: Regina\n|-damage|p1a: Regina|77\/100\n|-damage|p2a: Rillaboom|91\/100|[from] item: Life Orb\n|\n|-heal|p2a: Rillaboom|97\/100|[from] Grassy Terrain\n|upkeep\n|turn|9\n|\n|move|p2a: Rillaboom|Drain Punch|p1a: Regina\n|-damage|p1a: Regina|51\/100\n|-heal|p2a: Rillaboom|100\/100|[from] drain|[of] p1a: Regina\n|-damage|p2a: Rillaboom|91\/100|[from] item: Life Orb\n|move|p1a: Regina|U-turn|p2a: Rillaboom\n|-supereffective|p2a: Rillaboom\n|-damage|p2a: Rillaboom|66\/100\n|\n|switch|p1a: Not a Poliwrath|Urshifu, M|100\/100|[from]move: U-turn\n|\n|-heal|p2a: Rillaboom|72\/100|[from] Grassy Terrain\n|upkeep\n|turn|10\n|\n|switch|p2a: Krookodile|Krookodile, F|100\/100\n|-damage|p2a: Krookodile|94\/100|[from] Stealth Rock\n|move|p1a: Not a Poliwrath|Wicked Blow|p2a: Krookodile\n|-resisted|p2a: Krookodile\n|-crit|p2a: Krookodile\n|-damage|p2a: Krookodile|33\/100\n|-setboost|p2a: Krookodile|atk|12|[from] ability: Anger Point\n|\n|-heal|p2a: Krookodile|39\/100|[from] Grassy Terrain\n|upkeep\n|turn|11\n|inactive|Battle timer is ON: inactive players will automatically lose when time's up. (requested by wooloo test)\n|\n|switch|p1a: Sexcadrill|Excadrill, M|73\/100\n|-ability|p1a: Sexcadrill|Mold Breaker\n|move|p2a: Krookodile|Close Combat|p1a: Sexcadrill\n|-supereffective|p1a: Sexcadrill\n|-damage|p1a: Sexcadrill|0 fnt\n|-unboost|p2a: Krookodile|def|1\n|-unboost|p2a: Krookodile|spd|1\n|faint|p1a: Sexcadrill\n|\n|-heal|p2a: Krookodile|46\/100|[from] Grassy Terrain\n|-fieldend|move: Grassy Terrain\n|upkeep\n|\n|switch|p1a: Dittroll|Ditto|100\/100\n|-transform|p1a: Dittroll|p2a: Krookodile|[from] ability: Imposter\n|turn|12\n|\n|move|p1a: Dittroll|Knock Off|p2a: Krookodile\n|-resisted|p2a: Krookodile\n|-damage|p2a: Krookodile|0 fnt\n|-enditem|p2a: Krookodile|Choice Scarf|[from] move: Knock Off|[of] p1a: Dittroll\n|faint|p2a: Krookodile\n|\n|upkeep\n|\n|switch|p2a: Rillaboom|Rillaboom, M|72\/100\n|-damage|p2a: Rillaboom|60\/100|[from] Stealth Rock\n|-fieldstart|move: Grassy Terrain|[from] ability: Grassy Surge|[of] p2a: Rillaboom\n|turn|13\n|\n|switch|p1a: Regina|Mandibuzz, F|51\/100\n|move|p2a: Rillaboom|Grassy Glide|p1a: Regina\n|-resisted|p1a: Regina\n|-damage|p1a: Regina|26\/100\n|-damage|p2a: Rillaboom|50\/100|[from] item: Life Orb\n|\n|-heal|p2a: Rillaboom|56\/100|[from] Grassy Terrain\n|upkeep\n|turn|14\n|\n|move|p2a: Rillaboom|Drain Punch|p1a: Regina\n|-damage|p1a: Regina|0 fnt\n|-heal|p2a: Rillaboom|72\/100|[from] drain|[of] p1a: Regina\n|-damage|p2a: Rillaboom|62\/100|[from] item: Life Orb\n|faint|p1a: Regina\n|\n|-heal|p2a: Rillaboom|68\/100|[from] Grassy Terrain\n|upkeep\n|\n|switch|p1a: Not a Poliwrath|Urshifu, M|100\/100\n|turn|15\n|\n|move|p2a: Rillaboom|Grassy Glide|p1a: Not a Poliwrath\n|-damage|p1a: Not a Poliwrath|33\/100\n|-damage|p2a: Rillaboom|58\/100|[from] item: Life Orb\n|move|p1a: Not a Poliwrath|Poison Jab|p2a: Rillaboom\n|-supereffective|p2a: Rillaboom\n|-damage|p2a: Rillaboom|0 fnt\n|faint|p2a: Rillaboom\n|\n|-heal|p1a: Not a Poliwrath|39\/100|[from] Grassy Terrain\n|upkeep\n|\n|switch|p2a: Talonflame|Talonflame, M|100\/100\n|turn|16\n|\n|switch|p1a: Slow Pr0|Slowbro, M|100\/100\n|move|p2a: Talonflame|U-turn|p1a: Slow Pr0\n|-supereffective|p1a: Slow Pr0\n|-damage|p1a: Slow Pr0|81\/100\n|\n|switch|p2a: Magnezone|Magnezone, shiny|100\/100|[from]move: U-turn\n|-damage|p2a: Magnezone|94\/100|[from] Stealth Rock\n|\n|-heal|p2a: Magnezone|100\/100|[from] Grassy Terrain\n|-heal|p1a: Slow Pr0|87\/100|[from] Grassy Terrain\n|upkeep\n|turn|17\n|\n|move|p2a: Magnezone|Volt Switch|p1a: Slow Pr0\n|-supereffective|p1a: Slow Pr0\n|-damage|p1a: Slow Pr0|13\/100\n|\n|switch|p2a: Talonflame|Talonflame, M|100\/100|[from]move: Volt Switch\n|move|p1a: Slow Pr0|Teleport|p1a: Slow Pr0\n|\n|switch|p1a: Dittroll|Ditto|100\/100|[from]move: Teleport\n|-transform|p1a: Dittroll|p2a: Talonflame|[from] ability: Imposter\n|\n|-fieldend|move: Grassy Terrain\n|upkeep\n|turn|18\n|\n|switch|p2a: Slowbro|Slowbro-Galar, F|65\/100\n|-damage|p2a: Slowbro|53\/100|[from] Stealth Rock\n|move|p1a: Dittroll|U-turn|p2a: Slowbro\n|-damage|p2a: Slowbro|41\/100\n|\n|switch|p1a: Not a Poliwrath|Urshifu, M|39\/100|[from]move: U-turn\n|\n|upkeep\n|turn|19\n|\n|move|p1a: Not a Poliwrath|Wicked Blow|p2a: Slowbro\n|-supereffective|p2a: Slowbro\n|-crit|p2a: Slowbro\n|-damage|p2a: Slowbro|0 fnt\n|faint|p2a: Slowbro\n|\n|upkeep\n|\n|switch|p2a: Talonflame|Talonflame, M|100\/100\n|turn|20\n|\n|switch|p1a: Fabiole|Clefable, F|100\/100\n|move|p2a: Talonflame|U-turn|p1a: Fabiole\n|-resisted|p1a: Fabiole\n|-damage|p1a: Fabiole|93\/100\n|\n|switch|p2a: Magnezone|Magnezone, shiny|100\/100|[from]move: U-turn\n|-damage|p2a: Magnezone|94\/100|[from] Stealth Rock\n|\n|upkeep\n|turn|21\n|j| TheThorn\n|\n|move|p2a: Magnezone|Flash Cannon|p1a: Fabiole\n|-supereffective|p1a: Fabiole\n|-damage|p1a: Fabiole|11\/100\n|move|p1a: Fabiole|Soft-Boiled|p1a: Fabiole\n|-heal|p1a: Fabiole|61\/100\n|\n|upkeep\n|turn|22\n|\n|switch|p1a: Dittroll|Ditto|100\/100\n|-transform|p1a: Dittroll|p2a: Magnezone|[from] ability: Imposter\n|move|p2a: Magnezone|Discharge|p1a: Dittroll\n|-resisted|p1a: Dittroll\n|-damage|p1a: Dittroll|76\/100\n|\n|upkeep\n|turn|23\n|\n|move|p1a: Dittroll|Body Press|p2a: Magnezone\n|-supereffective|p2a: Magnezone\n|-damage|p2a: Magnezone|56\/100\n|move|p2a: Magnezone|Volt Switch|p1a: Dittroll\n|-resisted|p1a: Dittroll\n|-damage|p1a: Dittroll|53\/100\n|\n|switch|p2a: Primarina|Primarina, M, shiny|100\/100|[from]move: Volt Switch\n|-damage|p2a: Primarina|88\/100|[from] Stealth Rock\n|\n|-heal|p2a: Primarina|94\/100|[from] item: Leftovers\n|upkeep\n|turn|24\n|\n|switch|p1a: Fabiole|Clefable, F|61\/100\n|move|p2a: Primarina|Substitute|p2a: Primarina\n|-start|p2a: Primarina|Substitute\n|-damage|p2a: Primarina|69\/100\n|\n|-heal|p2a: Primarina|75\/100|[from] item: Leftovers\n|upkeep\n|turn|25\n|\n|move|p2a: Primarina|Calm Mind|p2a: Primarina\n|-boost|p2a: Primarina|spa|1\n|-boost|p2a: Primarina|spd|1\n|move|p1a: Fabiole|Moonblast|p2a: Primarina\n|-activate|p2a: Primarina|move: Substitute|[damage]\n|\n|-heal|p2a: Primarina|81\/100|[from] item: Leftovers\n|upkeep\n|turn|26\n|\n|move|p2a: Primarina|Calm Mind|p2a: Primarina\n|-boost|p2a: Primarina|spa|1\n|-boost|p2a: Primarina|spd|1\n|move|p1a: Fabiole|Moonblast|p2a: Primarina\n|-end|p2a: Primarina|Substitute\n|\n|-heal|p2a: Primarina|88\/100|[from] item: Leftovers\n|upkeep\n|turn|27\n|\n|move|p2a: Primarina|Substitute|p2a: Primarina\n|-start|p2a: Primarina|Substitute\n|-damage|p2a: Primarina|63\/100\n|move|p1a: Fabiole|Thunder|p2a: Primarina\n|-supereffective|p2a: Primarina\n|-activate|p2a: Primarina|move: Substitute|[damage]\n|\n|-heal|p2a: Primarina|69\/100|[from] item: Leftovers\n|upkeep\n|turn|28\n|\n|move|p2a: Primarina|Calm Mind|p2a: Primarina\n|-boost|p2a: Primarina|spa|1\n|-boost|p2a: Primarina|spd|1\n|move|p1a: Fabiole|Thunder|p2a: Primarina|[miss]\n|-miss|p1a: Fabiole|p2a: Primarina\n|\n|-heal|p2a: Primarina|75\/100|[from] item: Leftovers\n|upkeep\n|turn|29\n|-message|The Last Hero forfeited.\n|\n|win|wooloo test\n|l|\u2606The Last Hero\n|l| TheThorn\n||Ladder (probably) updated, but score could not be retrieved (Request timeout).\n","uploadtime":1592922413,"views":245,"p1id":"thelasthero","p2id":"woolootest","formatid":"gen8ou","rating":0,"private":0,"password":null}