{"id":"gen8ou-1146064862","p1":"cold.exe","p2":"LemonySnickers","format":"gen8ou","log":"|j|\u2606cold.exe\n|j|\u2606LemonySnickers\n|player|p1|cold.exe|flannery|1517\n|player|p2|LemonySnickers|68|1461\n|teamsize|p1|6\n|teamsize|p2|6\n|gametype|singles\n|gen|8\n|tier|[Gen 8] OU\n|rated|\n|clearpoke\n|poke|p1|Diggersby, F|\n|poke|p1|Azumarill, F|\n|poke|p1|Mandibuzz, F|\n|poke|p1|Rotom-Heat|\n|poke|p1|Rillaboom, M|\n|poke|p1|Cinderace, F|\n|poke|p2|Pelipper, M|\n|poke|p2|Barraskewda, F|\n|poke|p2|Urshifu-*, F|\n|poke|p2|Ferrothorn, F|\n|poke|p2|Tentacruel, M|\n|poke|p2|Magearna|\n|rule|Sleep Clause Mod: Limit one foe put to sleep\n|rule|Species Clause: Limit one of each Pok\u00e9mon\n|rule|OHKO Clause: OHKO moves are banned\n|rule|Evasion Moves Clause: Evasion moves are banned\n|rule|Endless Battle Clause: Forcing endless battles is banned\n|rule|HP Percentage Mod: HP is shown in percentages\n|rule|Dynamax Clause: You cannot dynamax\n|teampreview\n|inactive|Battle timer is ON: inactive players will automatically lose when time's up. (requested by LemonySnickers)\n|\n|start\n|switch|p1a: Bruh|Cinderace, F|100\/100\n|switch|p2a: Urshifu|Urshifu-Rapid-Strike, F|100\/100\n|turn|1\n|\n|switch|p1a: Mandibuzz|Mandibuzz, F|100\/100\n|move|p2a: Urshifu|Surging Strikes|p1a: Mandibuzz\n|-crit|p1a: Mandibuzz\n|-damage|p1a: Mandibuzz|83\/100\n|-crit|p1a: Mandibuzz\n|-damage|p1a: Mandibuzz|66\/100\n|-crit|p1a: Mandibuzz\n|-damage|p1a: Mandibuzz|50\/100\n|-hitcount|p1a: Mandibuzz|3\n|\n|upkeep\n|turn|2\n|\n|switch|p2a: Pelipper|Pelipper, M|100\/100\n|-weather|RainDance|[from] ability: Drizzle|[of] p2a: Pelipper\n|move|p1a: Mandibuzz|Roost|p1a: Mandibuzz\n|-heal|p1a: Mandibuzz|99\/100\n|-singleturn|p1a: Mandibuzz|move: Roost\n|\n|-weather|RainDance|[upkeep]\n|upkeep\n|turn|3\n|\n|move|p2a: Pelipper|U-turn|p1a: Mandibuzz\n|-damage|p1a: Mandibuzz|95\/100\n|\n|switch|p2a: Magearna|Magearna|100\/100|[from]move: U-turn\n|move|p1a: Mandibuzz|U-turn|p2a: Magearna\n|-resisted|p2a: Magearna\n|-damage|p2a: Magearna|98\/100\n|\n|switch|p1a: Diggersby|Diggersby, F|100\/100|[from]move: U-turn\n|\n|-weather|RainDance|[upkeep]\n|upkeep\n|turn|4\n|\n|switch|p2a: Ferrothorn|Ferrothorn, F|100\/100\n|move|p1a: Diggersby|Earthquake|p2a: Ferrothorn\n|-damage|p2a: Ferrothorn|42\/100\n|\n|-weather|RainDance|[upkeep]\n|-heal|p2a: Ferrothorn|48\/100|[from] item: Leftovers\n|upkeep\n|turn|5\n|\n|switch|p1a: Rotom|Rotom-Heat|100\/100\n|switch|p2a: Pelipper|Pelipper, M|100\/100\n|\n|-weather|RainDance|[upkeep]\n|upkeep\n|turn|6\n|\n|switch|p2a: Ferrothorn|Ferrothorn, F|48\/100\n|move|p1a: Rotom|Volt Switch|p2a: Ferrothorn\n|-resisted|p2a: Ferrothorn\n|-damage|p2a: Ferrothorn|34\/100\n|\n|switch|p1a: Diggersby|Diggersby, F|100\/100|[from]move: Volt Switch\n|\n|-weather|RainDance|[upkeep]\n|-heal|p2a: Ferrothorn|40\/100|[from] item: Leftovers\n|upkeep\n|turn|7\n|\n|move|p1a: Diggersby|Knock Off|p2a: Ferrothorn\n|-damage|p2a: Ferrothorn|6\/100\n|-damage|p1a: Diggersby|88\/100|[from] ability: Iron Barbs|[of] p2a: Ferrothorn\n|-enditem|p2a: Ferrothorn|Leftovers|[from] move: Knock Off|[of] p1a: Diggersby\n|move|p2a: Ferrothorn|Knock Off|p1a: Diggersby\n|-damage|p1a: Diggersby|57\/100\n|-enditem|p1a: Diggersby|Choice Band|[from] move: Knock Off|[of] p2a: Ferrothorn\n|\n|-weather|RainDance|[upkeep]\n|upkeep\n|turn|8\n|\n|move|p1a: Diggersby|Knock Off|p2a: Ferrothorn\n|-damage|p2a: Ferrothorn|0 fnt\n|-damage|p1a: Diggersby|45\/100|[from] ability: Iron Barbs|[of] p2a: Ferrothorn\n|faint|p2a: Ferrothorn\n|\n|-weather|RainDance|[upkeep]\n|upkeep\n|\n|switch|p2a: Barraskewda|Barraskewda, F|100\/100\n|turn|9\n|\n|move|p1a: Diggersby|Quick Attack|p2a: Barraskewda\n|-damage|p2a: Barraskewda|48\/100\n|move|p2a: Barraskewda|Flip Turn|p1a: Diggersby\n|-supereffective|p1a: Diggersby\n|-damage|p1a: Diggersby|0 fnt\n|faint|p1a: Diggersby\n|\n|switch|p2a: Urshifu|Urshifu-Rapid-Strike, F|100\/100|[from]move: Flip Turn\n|\n|-weather|none\n|upkeep\n|\n|switch|p1a: Rillaboom|Rillaboom, M|100\/100\n|-fieldstart|move: Grassy Terrain|[from] ability: Grassy Surge|[of] p1a: Rillaboom\n|turn|10\n|\n|switch|p2a: Pelipper|Pelipper, M|100\/100\n|-weather|RainDance|[from] ability: Drizzle|[of] p2a: Pelipper\n|move|p1a: Rillaboom|Swords Dance|p1a: Rillaboom\n|-boost|p1a: Rillaboom|atk|2\n|\n|-weather|RainDance|[upkeep]\n|upkeep\n|turn|11\n|\n|move|p1a: Rillaboom|Grassy Glide|p2a: Pelipper\n|-damage|p2a: Pelipper|0 fnt\n|-damage|p1a: Rillaboom|91\/100|[from] item: Life Orb\n|faint|p2a: Pelipper\n|\n|-weather|RainDance|[upkeep]\n|-heal|p1a: Rillaboom|97\/100|[from] Grassy Terrain\n|upkeep\n|\n|switch|p2a: Magearna|Magearna|98\/100\n|turn|12\n|\n|switch|p1a: Azumarill|Azumarill, F|100\/100\n|move|p2a: Magearna|Fleur Cannon|p1a: Azumarill|[miss]\n|-miss|p2a: Magearna|p1a: Azumarill\n|\n|-weather|RainDance|[upkeep]\n|-heal|p2a: Magearna|100\/100|[from] Grassy Terrain\n|upkeep\n|turn|13\n|\n|move|p1a: Azumarill|Aqua Jet|p2a: Magearna\n|-damage|p2a: Magearna|50\/100\n|move|p2a: Magearna|Fleur Cannon|p1a: Azumarill\n|-damage|p1a: Azumarill|0 fnt\n|-unboost|p2a: Magearna|spa|2\n|faint|p1a: Azumarill\n|-ability|p2a: Magearna|Soul-Heart|boost\n|-boost|p2a: Magearna|spa|1\n|\n|-weather|RainDance|[upkeep]\n|-heal|p2a: Magearna|56\/100|[from] Grassy Terrain\n|upkeep\n|inactive|cold.exe has 120 seconds left.\n|\n|switch|p1a: Bruh|Cinderace, F|100\/100\n|turn|14\n|\n|switch|p2a: Tentacruel|Tentacruel, M|100\/100\n|move|p1a: Bruh|Shadow Ball|p2a: Tentacruel\n|-start|p1a: Bruh|typechange|Ghost|[from] ability: Libero\n|-damage|p2a: Tentacruel|63\/100\n|\n|-weather|RainDance|[upkeep]\n|-heal|p2a: Tentacruel|69\/100|[from] ability: Rain Dish\n|-heal|p2a: Tentacruel|75\/100|[from] item: Leftovers\n|-heal|p2a: Tentacruel|81\/100|[from] Grassy Terrain\n|-fieldend|move: Grassy Terrain\n|upkeep\n|turn|15\n|\n|move|p1a: Bruh|Shadow Ball|p2a: Tentacruel\n|-damage|p2a: Tentacruel|43\/100\n|move|p2a: Tentacruel|Knock Off|p1a: Bruh\n|-supereffective|p1a: Bruh\n|-damage|p1a: Bruh|51\/100\n|-enditem|p1a: Bruh|Choice Specs|[from] move: Knock Off|[of] p2a: Tentacruel\n|\n|-weather|RainDance|[upkeep]\n|-heal|p2a: Tentacruel|49\/100|[from] ability: Rain Dish\n|-heal|p2a: Tentacruel|55\/100|[from] item: Leftovers\n|upkeep\n|turn|16\n|\n|move|p1a: Bruh|Electro Ball|p2a: Tentacruel\n|-start|p1a: Bruh|typechange|Electric|[from] ability: Libero\n|-supereffective|p2a: Tentacruel\n|-damage|p2a: Tentacruel|20\/100\n|move|p2a: Tentacruel|Scald|p1a: Bruh\n|-damage|p1a: Bruh|7\/100\n|\n|-weather|RainDance|[upkeep]\n|-heal|p2a: Tentacruel|26\/100|[from] ability: Rain Dish\n|-heal|p2a: Tentacruel|32\/100|[from] item: Leftovers\n|upkeep\n|turn|17\n|\n|move|p1a: Bruh|Electro Ball|p2a: Tentacruel\n|-supereffective|p2a: Tentacruel\n|-damage|p2a: Tentacruel|0 fnt\n|faint|p2a: Tentacruel\n|\n|-weather|none\n|upkeep\n|\n|switch|p2a: Barraskewda|Barraskewda, F|48\/100\n|turn|18\n|\n|move|p2a: Barraskewda|Flip Turn|p1a: Bruh\n|-damage|p1a: Bruh|0 fnt\n|faint|p1a: Bruh\n|\n|switch|p2a: Magearna|Magearna|56\/100|[from]move: Flip Turn\n|\n|upkeep\n|\n|switch|p1a: Rotom|Rotom-Heat|100\/100\n|turn|19\n|\n|switch|p2a: Urshifu|Urshifu-Rapid-Strike, F|100\/100\n|move|p1a: Rotom|Volt Switch|p2a: Urshifu\n|-supereffective|p2a: Urshifu\n|-damage|p2a: Urshifu|11\/100\n|\n|switch|p1a: Rillaboom|Rillaboom, M|97\/100|[from]move: Volt Switch\n|-fieldstart|move: Grassy Terrain|[from] ability: Grassy Surge|[of] p1a: Rillaboom\n|\n|-heal|p2a: Urshifu|17\/100|[from] Grassy Terrain\n|-heal|p1a: Rillaboom|100\/100|[from] Grassy Terrain\n|upkeep\n|turn|20\n|\n|move|p1a: Rillaboom|Grassy Glide|p2a: Urshifu\n|-supereffective|p2a: Urshifu\n|-damage|p2a: Urshifu|0 fnt\n|-damage|p1a: Rillaboom|91\/100|[from] item: Life Orb\n|faint|p2a: Urshifu\n|\n|-heal|p1a: Rillaboom|97\/100|[from] Grassy Terrain\n|upkeep\n|\n|switch|p2a: Magearna|Magearna|56\/100\n|turn|21\n|\n|switch|p1a: Mandibuzz|Mandibuzz, F|95\/100\n|move|p2a: Magearna|Fleur Cannon|p1a: Mandibuzz\n|-supereffective|p1a: Mandibuzz\n|-damage|p1a: Mandibuzz|0 fnt\n|-unboost|p2a: Magearna|spa|2\n|faint|p1a: Mandibuzz\n|-ability|p2a: Magearna|Soul-Heart|boost\n|-boost|p2a: Magearna|spa|1\n|\n|-heal|p2a: Magearna|63\/100|[from] Grassy Terrain\n|upkeep\n|\n|switch|p1a: Rotom|Rotom-Heat|100\/100\n|turn|22\n|\n|move|p1a: Rotom|Volt Switch|p2a: Magearna\n|-crit|p2a: Magearna\n|-damage|p2a: Magearna|25\/100\n|\n|switch|p1a: Rillaboom|Rillaboom, M|97\/100|[from]move: Volt Switch\n|move|p2a: Magearna|Fleur Cannon|p1a: Rillaboom\n|-crit|p1a: Rillaboom\n|-damage|p1a: Rillaboom|0 fnt\n|-unboost|p2a: Magearna|spa|2\n|faint|p1a: Rillaboom\n|-ability|p2a: Magearna|Soul-Heart|boost\n|-boost|p2a: Magearna|spa|1\n|\n|-heal|p2a: Magearna|31\/100|[from] Grassy Terrain\n|upkeep\n|c|\u2606cold.exe|Nice crit\n|c|\u2606LemonySnickers|Nice choke\n|inactive|cold.exe has 120 seconds left.\n|c|\u2606cold.exe|Nah man i knew i didn't die to say and the switch to barraskewda was kinda obv\n|c|\u2606LemonySnickers|Overheat would kill both mag and skewda\n|inactive|cold.exe has 90 seconds left.\n|c|\u2606LemonySnickers|It was a useless risk \"man\"\n|c|\u2606LemonySnickers|And the switch would be stupid as ur play\n|inactive|cold.exe has 60 seconds left.\n|c|\u2606cold.exe|Bruh\n|c|\u2606cold.exe|Crit saved u anyways\n|c|\u2606cold.exe|Gg\n|-message|cold.exe forfeited.\n|\n|win|LemonySnickers\n|c|\u2606LemonySnickers|U had won\n|raw|cold.exe's rating: 1495 &rarr; <strong>1473<\/strong><br \/>(-22 for losing)\n|raw|LemonySnickers's rating: 1461 &rarr; <strong>1483<\/strong><br \/>(+22 for winning)\n|l|\u2606cold.exe\n|c|\u2606LemonySnickers|And throw\n","uploadtime":1594033106,"views":10,"p1id":"coldexe","p2id":"lemonysnickers","formatid":"gen8ou","rating":1473,"private":0,"password":null}