{"id":"gen8ou-1697489795","p1":"quixana","p2":"Jongruenwald","format":"gen8ou","log":"|j|\u2606quixana\n|j|\u2606Jongruenwald\n|t:|1666999650\n|gametype|singles\n|player|p1|quixana|ethan-pokeathlon|1631\n|player|p2|Jongruenwald|marlon|1671\n|teamsize|p1|6\n|teamsize|p2|6\n|gen|8\n|tier|[Gen 8] OU\n|rated|\n|rule|Sleep Clause Mod: Limit one foe put to sleep\n|rule|Species Clause: Limit one of each Pok\u00e9mon\n|rule|OHKO Clause: OHKO moves are banned\n|rule|Evasion Items Clause: Evasion items are banned\n|rule|Evasion Moves Clause: Evasion moves are banned\n|rule|Endless Battle Clause: Forcing endless battles is banned\n|rule|HP Percentage Mod: HP is shown in percentages\n|rule|Dynamax Clause: You cannot dynamax\n|clearpoke\n|poke|p1|Dragapult, M|\n|poke|p1|Rotom-Wash|\n|poke|p1|Landorus-Therian, M|\n|poke|p1|Melmetal|\n|poke|p1|Weavile, M|\n|poke|p1|Kartana|\n|poke|p2|Mandibuzz, F|\n|poke|p2|Tyranitar, F|\n|poke|p2|Excadrill, M|\n|poke|p2|Aegislash, F|\n|poke|p2|Toxapex, F|\n|poke|p2|Urshifu-*, F|\n|teampreview\n|\n|t:|1666999659\n|start\n|switch|p1a: Phantom|Rotom-Wash, shiny|100\/100\n|switch|p2a: Toxapex|Toxapex, F|100\/100\n|turn|1\n|\n|t:|1666999673\n|move|p1a: Phantom|Volt Switch|p2a: Toxapex\n|-supereffective|p2a: Toxapex\n|-damage|p2a: Toxapex|50\/100\n|\n|t:|1666999676\n|switch|p1a: Fate|Melmetal, shiny|100\/100|[from]move: Volt Switch\n|move|p2a: Toxapex|Toxic|p1a: Fate\n|-immune|p1a: Fate\n|\n|upkeep\n|turn|2\n|\n|t:|1666999685\n|switch|p2a: Mandibuzz|Mandibuzz, F|100\/100\n|move|p1a: Fate|Thunder Punch|p2a: Mandibuzz\n|-supereffective|p2a: Mandibuzz\n|-damage|p2a: Mandibuzz|34\/100\n|\n|-heal|p2a: Mandibuzz|41\/100|[from] item: Leftovers\n|upkeep\n|turn|3\n|\n|t:|1666999701\n|switch|p1a: Phantom|Rotom-Wash, shiny|100\/100\n|move|p2a: Mandibuzz|Roost|p2a: Mandibuzz\n|-heal|p2a: Mandibuzz|91\/100\n|-singleturn|p2a: Mandibuzz|move: Roost\n|\n|-heal|p2a: Mandibuzz|97\/100|[from] item: Leftovers\n|upkeep\n|turn|4\n|j| BabyPigsAreLaughin\n|\n|t:|1666999722\n|switch|p2a: Toxapex|Toxapex, F|84\/100\n|move|p1a: Phantom|Volt Switch|p2a: Toxapex\n|-supereffective|p2a: Toxapex\n|-damage|p2a: Toxapex|34\/100\n|\n|t:|1666999736\n|switch|p1a: Fate|Melmetal, shiny|100\/100|[from]move: Volt Switch\n|\n|upkeep\n|turn|5\n|\n|t:|1666999754\n|switch|p2a: Mandibuzz|Mandibuzz, F|97\/100\n|move|p1a: Fate|Double Iron Bash|p2a: Mandibuzz\n|-damage|p2a: Mandibuzz|61\/100\n|-damage|p2a: Mandibuzz|25\/100\n|-hitcount|p2a: Mandibuzz|2\n|\n|-heal|p2a: Mandibuzz|31\/100|[from] item: Leftovers\n|upkeep\n|turn|6\n|\n|t:|1666999785\n|switch|p1a: Phantom|Rotom-Wash, shiny|100\/100\n|move|p2a: Mandibuzz|U-turn|p1a: Phantom\n|-damage|p1a: Phantom|86\/100\n|\n|t:|1666999791\n|switch|p2a: Aegislash|Aegislash, F|100\/100|[from]move: U-turn\n|\n|-heal|p1a: Phantom|92\/100|[from] item: Leftovers\n|upkeep\n|turn|7\n|\n|t:|1666999800\n|move|p1a: Phantom|Volt Switch|p2a: Aegislash\n|-damage|p2a: Aegislash|73\/100\n|\n|t:|1666999803\n|switch|p1a: Enten|Landorus-Therian, M, shiny|100\/100|[from]move: Volt Switch\n|-ability|p1a: Enten|Intimidate|boost\n|-unboost|p2a: Aegislash|atk|1\n|-formechange|p2a: Aegislash|Aegislash-Blade||[from] ability: Stance Change\n|move|p2a: Aegislash|Shadow Ball|p1a: Enten\n|-damage|p1a: Enten|64\/100\n|-unboost|p1a: Enten|spd|1\n|\n|-heal|p1a: Enten|70\/100|[from] item: Leftovers\n|-heal|p2a: Aegislash|79\/100|[from] item: Leftovers\n|upkeep\n|turn|8\n|\n|t:|1666999811\n|switch|p2a: Mandibuzz|Mandibuzz, F|31\/100\n|move|p1a: Enten|U-turn|p2a: Mandibuzz\n|-damage|p2a: Mandibuzz|19\/100\n|\n|t:|1666999816\n|switch|p1a: Phantom|Rotom-Wash, shiny|92\/100|[from]move: U-turn\n|\n|-heal|p1a: Phantom|98\/100|[from] item: Leftovers\n|-heal|p2a: Mandibuzz|25\/100|[from] item: Leftovers\n|upkeep\n|turn|9\n|\n|t:|1666999822\n|switch|p2a: Excadrill|Excadrill, M|100\/100\n|-item|p2a: Excadrill|Air Balloon\n|move|p1a: Phantom|Volt Switch|p2a: Excadrill\n|-immune|p2a: Excadrill\n|\n|-heal|p1a: Phantom|100\/100|[from] item: Leftovers\n|upkeep\n|turn|10\n|\n|t:|1666999832\n|switch|p2a: Tyranitar|Tyranitar, F|100\/100\n|-weather|Sandstorm|[from] ability: Sand Stream|[of] p2a: Tyranitar\n|move|p1a: Phantom|Hydro Pump|p2a: Tyranitar\n|-supereffective|p2a: Tyranitar\n|-damage|p2a: Tyranitar|56\/100\n|\n|-weather|Sandstorm|[upkeep]\n|-damage|p1a: Phantom|94\/100|[from] Sandstorm\n|-heal|p1a: Phantom|100\/100|[from] item: Leftovers\n|upkeep\n|turn|11\n|\n|t:|1666999847\n|move|p1a: Phantom|Volt Switch|p2a: Tyranitar\n|-damage|p2a: Tyranitar|43\/100\n|\n|t:|1666999850\n|switch|p1a: Enten|Landorus-Therian, M, shiny|70\/100|[from]move: Volt Switch\n|-ability|p1a: Enten|Intimidate|boost\n|-unboost|p2a: Tyranitar|atk|1\n|move|p2a: Tyranitar|Stealth Rock|p1a: Enten\n|-sidestart|p1: quixana|move: Stealth Rock\n|\n|-weather|Sandstorm|[upkeep]\n|-heal|p1a: Enten|76\/100|[from] item: Leftovers\n|upkeep\n|turn|12\n|\n|t:|1666999856\n|switch|p2a: Urshifu|Urshifu-Rapid-Strike, F|100\/100\n|move|p1a: Enten|Defog|p2a: Urshifu\n|-unboost|p2a: Urshifu|evasion|1\n|-sideend|p1: quixana|Stealth Rock|[from] move: Defog|[of] p1a: Enten\n|\n|-weather|Sandstorm|[upkeep]\n|-damage|p2a: Urshifu|94\/100|[from] Sandstorm\n|-heal|p1a: Enten|82\/100|[from] item: Leftovers\n|upkeep\n|turn|13\n|\n|t:|1666999859\n|switch|p1a: Leviathan|Dragapult, M, shiny|100\/100\n|move|p2a: Urshifu|Bulk Up|p2a: Urshifu\n|-boost|p2a: Urshifu|atk|1\n|-boost|p2a: Urshifu|def|1\n|\n|-weather|Sandstorm|[upkeep]\n|-damage|p1a: Leviathan|95\/100|[from] Sandstorm\n|-damage|p2a: Urshifu|88\/100|[from] Sandstorm\n|upkeep\n|turn|14\n|\n|t:|1666999876\n|move|p1a: Leviathan|Draco Meteor|p2a: Urshifu\n|-damage|p2a: Urshifu|0 fnt\n|-unboost|p1a: Leviathan|spa|2\n|faint|p2a: Urshifu\n|\n|-weather|Sandstorm|[upkeep]\n|-damage|p1a: Leviathan|89\/100|[from] Sandstorm\n|upkeep\n|\n|t:|1666999882\n|switch|p2a: Excadrill|Excadrill, M|100\/100\n|-item|p2a: Excadrill|Air Balloon\n|turn|15\n|\n|t:|1666999891\n|switch|p1a: Enten|Landorus-Therian, M, shiny|82\/100\n|-ability|p1a: Enten|Intimidate|boost\n|-unboost|p2a: Excadrill|atk|1\n|move|p2a: Excadrill|Swords Dance|p2a: Excadrill\n|-boost|p2a: Excadrill|atk|2\n|\n|-weather|Sandstorm|[upkeep]\n|-heal|p1a: Enten|88\/100|[from] item: Leftovers\n|upkeep\n|turn|16\n|\n|t:|1666999896\n|move|p2a: Excadrill|Iron Head|p1a: Enten\n|-damage|p1a: Enten|28\/100\n|move|p1a: Enten|U-turn|p2a: Excadrill\n|-resisted|p2a: Excadrill\n|-crit|p2a: Excadrill\n|-damage|p2a: Excadrill|78\/100\n|-enditem|p2a: Excadrill|Air Balloon\n|\n|t:|1666999920\n|switch|p1a: Deathstroke|Kartana, shiny|100\/100|[from]move: U-turn\n|\n|-weather|Sandstorm|[upkeep]\n|upkeep\n|turn|17\n|\n|t:|1666999932\n|switch|p2a: Toxapex|Toxapex, F|67\/100\n|move|p1a: Deathstroke|Knock Off|p2a: Toxapex\n|-damage|p2a: Toxapex|39\/100\n|-damage|p1a: Deathstroke|84\/100|[from] item: Rocky Helmet|[of] p2a: Toxapex\n|-enditem|p2a: Toxapex|Rocky Helmet|[from] move: Knock Off|[of] p1a: Deathstroke\n|\n|-weather|none\n|upkeep\n|turn|18\n|\n|t:|1666999953\n|switch|p1a: Fate|Melmetal, shiny|100\/100\n|switch|p2a: Aegislash|Aegislash, F|79\/100\n|\n|-heal|p2a: Aegislash|85\/100|[from] item: Leftovers\n|upkeep\n|turn|19\n|\n|t:|1666999967\n|move|p2a: Aegislash|King's Shield|p2a: Aegislash\n|-singleturn|p2a: Aegislash|Protect\n|move|p1a: Fate|Double Iron Bash|p2a: Aegislash\n|-activate|p2a: Aegislash|move: Protect\n|-unboost|p1a: Fate|atk|1\n|\n|-heal|p2a: Aegislash|91\/100|[from] item: Leftovers\n|upkeep\n|turn|20\n|\n|t:|1666999972\n|-formechange|p2a: Aegislash|Aegislash-Blade||[from] ability: Stance Change\n|move|p2a: Aegislash|Shadow Ball|p1a: Fate\n|-damage|p1a: Fate|56\/100\n|move|p1a: Fate|Double Iron Bash|p2a: Aegislash\n|-resisted|p2a: Aegislash\n|-damage|p2a: Aegislash|44\/100\n|-resisted|p2a: Aegislash\n|-crit|p2a: Aegislash\n|-damage|p2a: Aegislash|0 fnt\n|faint|p2a: Aegislash\n|-hitcount|p2: Aegislash|2\n|\n|upkeep\n|c|\u2606Jongruenwald|Gg\n|c|\u2606quixana|gg\n|-message|Jongruenwald forfeited.\n|\n|win|quixana\n|raw|quixana's rating: 1660 &rarr; <strong>1681<\/strong><br \/>(+21 for winning)\n|raw|Jongruenwald's rating: 1671 &rarr; <strong>1650<\/strong><br \/>(-21 for losing)\n|l|\u2606Jongruenwald\n|l| BabyPigsAreLaughin\n||Ladder isn't responding, score probably updated but might not have (Request timeout).\n","uploadtime":1666999991,"views":14,"p1id":"quixana","p2id":"jongruenwald","formatid":"gen8ou","rating":1650,"private":0,"password":null}