{"id":"gen8ou-1487033517","p1":"hsfsrysy","p2":"Ivyon","format":"gen8ou","log":"|j|\u2606hsfsrysy\n|j|\u2606Ivyon\n|t:|1641561740\n|gametype|singles\n|player|p1|hsfsrysy|102|1275\n|player|p2|Ivyon|blue|1322\n|teamsize|p1|6\n|teamsize|p2|6\n|gen|8\n|tier|[Gen 8] OU\n|rated|\n|rule|Sleep Clause Mod: Limit one foe put to sleep\n|rule|Species Clause: Limit one of each Pok\u00e9mon\n|rule|OHKO Clause: OHKO moves are banned\n|rule|Evasion Moves Clause: Evasion moves are banned\n|rule|Endless Battle Clause: Forcing endless battles is banned\n|rule|HP Percentage Mod: HP is shown in percentages\n|rule|Dynamax Clause: You cannot dynamax\n|clearpoke\n|poke|p1|Tyranitar, M|\n|poke|p1|Excadrill, F|\n|poke|p1|Garchomp, F|\n|poke|p1|Kartana|\n|poke|p1|Zapdos|\n|poke|p1|Toxapex, F|\n|poke|p2|Dragonite, F|\n|poke|p2|Blaziken, M|\n|poke|p2|Espeon, F|\n|poke|p2|Shuckle, M|\n|poke|p2|Delibird, M|\n|poke|p2|Kingdra, M|\n|teampreview\n|inactive|Battle timer is ON: inactive players will automatically lose when time's up. (requested by hsfsrysy)\n|inactive|Ivyon has 120 seconds left.\n|\n|t:|1641561775\n|start\n|switch|p1a: Kartana|Kartana|100\/100\n|switch|p2a: Delibird|Delibird, M|100\/100\n|turn|1\n|\n|t:|1641561786\n|move|p1a: Kartana|Knock Off|p2a: Delibird\n|-enditem|p2a: Delibird|Focus Sash\n|-damage|p2a: Delibird|1\/100\n|-damage|p1a: Kartana|91\/100|[from] item: Life Orb\n|move|p2a: Delibird|Rapid Spin|p1a: Kartana\n|-resisted|p1a: Kartana\n|-damage|p1a: Kartana|88\/100\n|-boost|p2a: Delibird|spe|1\n|\n|upkeep\n|turn|2\n|\n|t:|1641561795\n|switch|p1a: Tyranitar|Tyranitar, M|100\/100\n|-weather|Sandstorm|[from] ability: Sand Stream|[of] p1a: Tyranitar\n|move|p2a: Delibird|Destiny Bond|p2a: Delibird\n|-singlemove|p2a: Delibird|Destiny Bond\n|\n|-weather|Sandstorm|[upkeep]\n|-damage|p2a: Delibird|0 fnt|[from] Sandstorm\n|faint|p2a: Delibird\n|upkeep\n|\n|t:|1641561813\n|switch|p2a: Kingdra|Kingdra, M|100\/100\n|turn|3\n|\n|t:|1641561825\n|switch|p2a: Espeon|Espeon, F|100\/100\n|move|p1a: Tyranitar|Toxic|p2a: Espeon\n|move|p2a: Espeon|Toxic|p1a: Tyranitar|[from]ability: Magic Bounce\n|-status|p1a: Tyranitar|tox\n|\n|-weather|Sandstorm|[upkeep]\n|-damage|p2a: Espeon|94\/100|[from] Sandstorm\n|-damage|p1a: Tyranitar|94\/100 tox|[from] psn\n|upkeep\n|turn|4\n|\n|t:|1641561837\n|switch|p1a: Excadrill|Excadrill, F, shiny|100\/100\n|move|p2a: Espeon|Charm|p1a: Excadrill\n|-unboost|p1a: Excadrill|atk|2\n|\n|-weather|Sandstorm|[upkeep]\n|-damage|p2a: Espeon|88\/100|[from] Sandstorm\n|upkeep\n|turn|5\n|\n|t:|1641561845\n|move|p1a: Excadrill|Swords Dance|p1a: Excadrill\n|-boost|p1a: Excadrill|atk|2\n|move|p2a: Espeon|Charm|p1a: Excadrill\n|-unboost|p1a: Excadrill|atk|2\n|\n|-weather|Sandstorm|[upkeep]\n|-damage|p2a: Espeon|82\/100|[from] Sandstorm\n|upkeep\n|turn|6\n|\n|t:|1641561853\n|move|p1a: Excadrill|Earthquake|p2a: Espeon\n|-damage|p2a: Espeon|30\/100\n|move|p2a: Espeon|Yawn|p1a: Excadrill\n|-start|p1a: Excadrill|move: Yawn|[of] p2a: Espeon\n|\n|-weather|none\n|upkeep\n|turn|7\n|\n|t:|1641561860\n|switch|p1a: Tyranitar|Tyranitar, M|94\/100 tox\n|-weather|Sandstorm|[from] ability: Sand Stream|[of] p1a: Tyranitar\n|move|p2a: Espeon|Charm|p1a: Tyranitar\n|-unboost|p1a: Tyranitar|atk|2\n|\n|-weather|Sandstorm|[upkeep]\n|-damage|p2a: Espeon|23\/100|[from] Sandstorm\n|-heal|p1a: Tyranitar|100\/100 tox|[from] item: Leftovers\n|-damage|p1a: Tyranitar|94\/100 tox|[from] psn\n|upkeep\n|turn|8\n|\n|t:|1641561872\n|switch|p1a: Excadrill|Excadrill, F, shiny|100\/100\n|move|p2a: Espeon|Charm|p1a: Excadrill\n|-unboost|p1a: Excadrill|atk|2\n|\n|-weather|Sandstorm|[upkeep]\n|-damage|p2a: Espeon|17\/100|[from] Sandstorm\n|upkeep\n|turn|9\n|\n|t:|1641561880\n|move|p1a: Excadrill|Iron Head|p2a: Espeon\n|-damage|p2a: Espeon|0 fnt\n|faint|p2a: Espeon\n|\n|-weather|Sandstorm|[upkeep]\n|upkeep\n|\n|t:|1641561903\n|switch|p2a: Kingdra|Kingdra, M|100\/100\n|turn|10\n|\n|t:|1641561908\n|move|p1a: Excadrill|Earthquake|p2a: Kingdra\n|-damage|p2a: Kingdra|61\/100\n|move|p2a: Kingdra|Focus Energy|p2a: Kingdra\n|-start|p2a: Kingdra|move: Focus Energy\n|\n|-weather|Sandstorm|[upkeep]\n|-damage|p2a: Kingdra|55\/100|[from] Sandstorm\n|upkeep\n|turn|11\n|\n|t:|1641561919\n|switch|p1a: Toxapex|Toxapex, F|100\/100\n|move|p2a: Kingdra|Hydro Pump|p1a: Toxapex\n|-resisted|p1a: Toxapex\n|-crit|p1a: Toxapex\n|-damage|p1a: Toxapex|59\/100\n|\n|-weather|none\n|upkeep\n|turn|12\n|\n|t:|1641561926\n|move|p2a: Kingdra|Draco Meteor|p1a: Toxapex\n|-crit|p1a: Toxapex\n|-damage|p1a: Toxapex|0 fnt\n|-unboost|p2a: Kingdra|spa|2\n|faint|p1a: Toxapex\n|\n|upkeep\n|\n|t:|1641561930\n|switch|p1a: Tyranitar|Tyranitar, M|94\/100 tox\n|-weather|Sandstorm|[from] ability: Sand Stream|[of] p1a: Tyranitar\n|turn|13\n|\n|t:|1641561935\n|switch|p1a: Zapdos|Zapdos|100\/100\n|move|p2a: Kingdra|Hydro Pump|p1a: Zapdos|[miss]\n|-miss|p2a: Kingdra|p1a: Zapdos\n|\n|-weather|Sandstorm|[upkeep]\n|-damage|p2a: Kingdra|49\/100|[from] Sandstorm\n|-damage|p1a: Zapdos|94\/100|[from] Sandstorm\n|upkeep\n|turn|14\n|\n|t:|1641561943\n|move|p2a: Kingdra|Draco Meteor|p1a: Zapdos\n|-crit|p1a: Zapdos\n|-damage|p1a: Zapdos|0 fnt\n|-unboost|p2a: Kingdra|spa|2\n|faint|p1a: Zapdos\n|\n|-weather|Sandstorm|[upkeep]\n|-damage|p2a: Kingdra|43\/100|[from] Sandstorm\n|upkeep\n|\n|t:|1641561947\n|switch|p1a: Excadrill|Excadrill, F, shiny|100\/100\n|turn|15\n|\n|t:|1641561953\n|switch|p2a: Shuckle|Shuckle, M, shiny|100\/100\n|move|p1a: Excadrill|Earthquake|p2a: Shuckle\n|-damage|p2a: Shuckle|67\/100\n|\n|-weather|Sandstorm|[upkeep]\n|upkeep\n|turn|16\n|\n|t:|1641561960\n|move|p1a: Excadrill|Swords Dance|p1a: Excadrill\n|-boost|p1a: Excadrill|atk|2\n|move|p2a: Shuckle|Stealth Rock|p1a: Excadrill\n|-sidestart|p1: hsfsrysy|move: Stealth Rock\n|\n|-weather|Sandstorm|[upkeep]\n|upkeep\n|turn|17\n|\n|t:|1641561966\n|move|p1a: Excadrill|Iron Head|p2a: Shuckle\n|-supereffective|p2a: Shuckle\n|-crit|p2a: Shuckle\n|-damage|p2a: Shuckle|0 fnt\n|-damage|p1a: Excadrill|84\/100|[from] item: Rocky Helmet|[of] p2a: Shuckle\n|faint|p2a: Shuckle\n|\n|-weather|none\n|-heal|p1a: Excadrill|90\/100|[from] item: Leftovers\n|upkeep\n|\n|t:|1641561982\n|switch|p2a: Kingdra|Kingdra, M|43\/100\n|turn|18\n|\n|t:|1641561988\n|move|p2a: Kingdra|Hydro Pump|p1a: Excadrill\n|-supereffective|p1a: Excadrill\n|-damage|p1a: Excadrill|0 fnt\n|faint|p1a: Excadrill\n|\n|upkeep\n|\n|t:|1641561992\n|switch|p1a: Kartana|Kartana|88\/100\n|-damage|p1a: Kartana|82\/100|[from] Stealth Rock\n|turn|19\n|\n|t:|1641562003\n|move|p1a: Kartana|Knock Off|p2a: Kingdra\n|-damage|p2a: Kingdra|0 fnt\n|-enditem|p2a: Kingdra|Scope Lens|[from] move: Knock Off|[of] p1a: Kartana\n|faint|p2a: Kingdra\n|-ability|p1a: Kartana|Beast Boost|boost\n|-boost|p1a: Kartana|atk|1\n|-damage|p1a: Kartana|72\/100|[from] item: Life Orb\n|\n|upkeep\n|\n|t:|1641562010\n|switch|p2a: Blaziken|Blaziken, M, shiny|100\/100\n|turn|20\n|\n|t:|1641562014\n|move|p1a: Kartana|Knock Off|p2a: Blaziken\n|-resisted|p2a: Blaziken\n|-damage|p2a: Blaziken|33\/100\n|-enditem|p2a: Blaziken|Focus Sash|[from] move: Knock Off|[of] p1a: Kartana\n|-damage|p1a: Kartana|63\/100|[from] item: Life Orb\n|move|p2a: Blaziken|Swords Dance|p2a: Blaziken\n|-boost|p2a: Blaziken|atk|2\n|\n|-ability|p2a: Blaziken|Speed Boost|boost\n|-boost|p2a: Blaziken|spe|1\n|upkeep\n|turn|21\n|\n|t:|1641562028\n|switch|p1a: Tyranitar|Tyranitar, M|94\/100 tox\n|-damage|p1a: Tyranitar|82\/100 tox|[from] Stealth Rock\n|-weather|Sandstorm|[from] ability: Sand Stream|[of] p1a: Tyranitar\n|move|p2a: Blaziken|Close Combat|p1a: Tyranitar\n|-supereffective|p1a: Tyranitar\n|-damage|p1a: Tyranitar|0 fnt\n|-unboost|p2a: Blaziken|def|1\n|-unboost|p2a: Blaziken|spd|1\n|faint|p1a: Tyranitar\n|\n|-weather|Sandstorm|[upkeep]\n|-damage|p2a: Blaziken|27\/100|[from] Sandstorm\n|-ability|p2a: Blaziken|Speed Boost|boost\n|-boost|p2a: Blaziken|spe|1\n|upkeep\n|\n|t:|1641562034\n|switch|p1a: Garchomp|Garchomp, F|100\/100\n|-damage|p1a: Garchomp|94\/100|[from] Stealth Rock\n|turn|22\n|\n|t:|1641562044\n|move|p2a: Blaziken|Close Combat|p1a: Garchomp\n|-damage|p1a: Garchomp|0 fnt\n|-unboost|p2a: Blaziken|def|1\n|-unboost|p2a: Blaziken|spd|1\n|-damage|p2a: Blaziken|14\/100|[from] ability: Rough Skin|[of] p1a: Garchomp\n|faint|p1a: Garchomp\n|\n|-weather|Sandstorm|[upkeep]\n|-damage|p2a: Blaziken|8\/100|[from] Sandstorm\n|-ability|p2a: Blaziken|Speed Boost|boost\n|-boost|p2a: Blaziken|spe|1\n|upkeep\n|\n|t:|1641562048\n|switch|p1a: Kartana|Kartana|63\/100\n|-damage|p1a: Kartana|56\/100|[from] Stealth Rock\n|turn|23\n|\n|t:|1641562056\n|move|p2a: Blaziken|Close Combat|p1a: Kartana\n|-supereffective|p1a: Kartana\n|-damage|p1a: Kartana|0 fnt\n|-unboost|p2a: Blaziken|def|1\n|-unboost|p2a: Blaziken|spd|1\n|faint|p1a: Kartana\n|\n|win|Ivyon\n|raw|hsfsrysy's rating: 1275 &rarr; <strong>1253<\/strong><br \/>(-22 for losing)\n|raw|Ivyon's rating: 1322 &rarr; <strong>1339<\/strong><br \/>(+17 for winning)\n|c|\u2606Ivyon|gg\n|l|\u2606hsfsrysy\n","uploadtime":1641562067,"views":10,"p1id":"hsfsrysy","p2id":"ivyon","formatid":"gen8ou","rating":1253,"private":0,"password":null}