{"id":"gen8ou-1175178488","p1":"LT73IU Piggg","p2":"ezwz","format":"gen8ou","log":"|raw|<div class=\"broadcast-blue\"><strong>This battle is required to be public due to a player having a name starting with 'LT73IU'.<\/div>\n|j|\u2606LT73IU Piggg\n|j|\u2606ezwz\n|t:|1598374216\n|player|p1|LT73IU Piggg|rood|1856\n|player|p2|ezwz|youngster-gen4|1888\n|teamsize|p1|6\n|teamsize|p2|6\n|gametype|singles\n|gen|8\n|tier|[Gen 8] OU\n|rated|\n|clearpoke\n|poke|p1|Dragapult, F|\n|poke|p1|Cloyster, M|\n|poke|p1|Urshifu-*, F|\n|poke|p1|Mew|\n|poke|p1|Scizor, F|\n|poke|p1|Slowbro-Galar, F|\n|poke|p2|Excadrill, M|\n|poke|p2|Ferrothorn, F|\n|poke|p2|Volcarona, F|\n|poke|p2|Primarina, M|\n|poke|p2|Clefable, F|\n|poke|p2|Hydreigon, F|\n|rule|Sleep Clause Mod: Limit one foe put to sleep\n|rule|Species Clause: Limit one of each Pok\u00e9mon\n|rule|OHKO Clause: OHKO moves are banned\n|rule|Evasion Moves Clause: Evasion moves are banned\n|rule|Endless Battle Clause: Forcing endless battles is banned\n|rule|HP Percentage Mod: HP is shown in percentages\n|rule|Dynamax Clause: You cannot dynamax\n|teampreview\n|j| LT73IU ad\n|j| 999Elo4Ever\n|j| up n coming\n|j| afduihidsuhfiuhds\n|j| LowGxeDoritos\n|j| lt73iu con\n|j| Tortillacrisp\n|j| 1rcc\n|j| Major Flavor\n|j| lt71lx slainey\n|j| LT73IU Stareal\n|\n|t:|1598374281\n|start\n|switch|p1a: leme get em up|Mew|100\/100\n|switch|p2a: Excadrill|Excadrill, M|100\/100\n|-ability|p2a: Excadrill|Mold Breaker\n|turn|1\n|l| LT73IU Stareal\n|j| Asanine\n|j| Zombini62\n|\n|t:|1598374333\n|move|p1a: leme get em up|Will-O-Wisp|p2a: Excadrill\n|-status|p2a: Excadrill|brn\n|move|p2a: Excadrill|Rapid Spin|p1a: leme get em up\n|-damage|p1a: leme get em up|95\/100\n|-boost|p2a: Excadrill|spe|1\n|\n|-damage|p2a: Excadrill|94\/100 brn|[from] brn\n|upkeep\n|turn|2\n|\n|t:|1598374341\n|move|p2a: Excadrill|Stealth Rock|p1a: leme get em up\n|-sidestart|p1: LT73IU Piggg|move: Stealth Rock\n|move|p1a: leme get em up|Stealth Rock|p2a: Excadrill\n|-sidestart|p2: ezwz|move: Stealth Rock\n|\n|-heal|p2a: Excadrill|100\/100 brn|[from] item: Leftovers\n|-damage|p2a: Excadrill|94\/100 brn|[from] brn\n|upkeep\n|turn|3\n|j| wertsd26\n|\n|t:|1598374348\n|move|p2a: Excadrill|Earthquake|p1a: leme get em up\n|-damage|p1a: leme get em up|76\/100\n|move|p1a: leme get em up|Knock Off|p2a: Excadrill\n|-damage|p2a: Excadrill|60\/100 brn\n|-enditem|p2a: Excadrill|Leftovers|[from] move: Knock Off|[of] p1a: leme get em up\n|\n|-damage|p2a: Excadrill|54\/100 brn|[from] brn\n|upkeep\n|turn|4\n|j| Separation\n|\n|t:|1598374356\n|switch|p1a: annoying|Dragapult, F|100\/100\n|-damage|p1a: annoying|88\/100|[from] Stealth Rock\n|move|p2a: Excadrill|Rapid Spin|p1a: annoying\n|-immune|p1a: annoying\n|\n|-heal|p1a: annoying|94\/100|[from] item: Leftovers\n|-damage|p2a: Excadrill|48\/100 brn|[from] brn\n|upkeep\n|turn|5\n|\n|t:|1598374369\n|switch|p2a: Clefable|Clefable, F|100\/100\n|move|p1a: annoying|Hex|p2a: Clefable\n|-damage|p2a: Clefable|72\/100\n|\n|-heal|p1a: annoying|99\/100|[from] item: Leftovers\n|upkeep\n|turn|6\n|j| cypherstest\n|\n|t:|1598374382\n|switch|p1a: leme get em up|Mew|76\/100\n|-damage|p1a: leme get em up|64\/100|[from] Stealth Rock\n|move|p2a: Clefable|Trick|p1a: leme get em up\n|-activate|p2a: Clefable|move: Trick|[of] p1a: leme get em up\n|-item|p1a: leme get em up|Sticky Barb|[from] move: Trick\n|-item|p2a: Clefable|Focus Sash|[from] move: Trick\n|\n|-damage|p1a: leme get em up|51\/100|[from] item: Sticky Barb\n|upkeep\n|turn|7\n|j| whiteegg\n|\n|t:|1598374412\n|move|p1a: leme get em up|Spikes|p2a: Clefable\n|-sidestart|p2: ezwz|Spikes\n|move|p2a: Clefable|Soft-Boiled|p2a: Clefable\n|-heal|p2a: Clefable|100\/100\n|\n|-damage|p1a: leme get em up|39\/100|[from] item: Sticky Barb\n|upkeep\n|turn|8\n|\n|t:|1598374419\n|switch|p2a: Hydreigon|Hydreigon, F|100\/100\n|-damage|p2a: Hydreigon|88\/100|[from] Stealth Rock\n|move|p1a: leme get em up|Spikes|p2a: Hydreigon\n|-sidestart|p2: ezwz|Spikes\n|\n|-damage|p1a: leme get em up|26\/100|[from] item: Sticky Barb\n|upkeep\n|turn|9\n|\n|t:|1598374426\n|move|p1a: leme get em up|Knock Off|p2a: Hydreigon\n|-resisted|p2a: Hydreigon\n|-crit|p2a: Hydreigon\n|-damage|p2a: Hydreigon|70\/100\n|-enditem|p2a: Hydreigon|Life Orb|[from] move: Knock Off|[of] p1a: leme get em up\n|move|p2a: Hydreigon|Nasty Plot|p2a: Hydreigon\n|-boost|p2a: Hydreigon|spa|2\n|\n|-damage|p1a: leme get em up|14\/100|[from] item: Sticky Barb\n|upkeep\n|turn|10\n|\n|t:|1598374435\n|move|p1a: leme get em up|Spikes|p2a: Hydreigon\n|-sidestart|p2: ezwz|Spikes\n|move|p2a: Hydreigon|Nasty Plot|p2a: Hydreigon\n|-boost|p2a: Hydreigon|spa|2\n|\n|-damage|p1a: leme get em up|1\/100|[from] item: Sticky Barb\n|upkeep\n|turn|11\n|\n|t:|1598374442\n|move|p1a: leme get em up|Will-O-Wisp|p2a: Hydreigon\n|-status|p2a: Hydreigon|brn\n|move|p2a: Hydreigon|Roost|p2a: Hydreigon\n|-heal|p2a: Hydreigon|100\/100 brn\n|-singleturn|p2a: Hydreigon|move: Roost\n|\n|-damage|p2a: Hydreigon|94\/100 brn|[from] brn\n|-damage|p1a: leme get em up|0 fnt|[from] item: Sticky Barb\n|faint|p1a: leme get em up\n|upkeep\n|\n|t:|1598374452\n|switch|p1a: annoying|Dragapult, F|99\/100\n|-damage|p1a: annoying|88\/100|[from] Stealth Rock\n|turn|12\n|c| lt71lx slainey|stoinky oinks has transcended from a fat hiker to a fat don\n|\n|t:|1598374464\n|move|p1a: annoying|Substitute|p1a: annoying\n|-start|p1a: annoying|Substitute\n|-damage|p1a: annoying|63\/100\n|move|p2a: Hydreigon|Draco Meteor|p1a: annoying\n|-supereffective|p1a: annoying\n|-end|p1a: annoying|Substitute\n|-unboost|p2a: Hydreigon|spa|2\n|\n|-heal|p1a: annoying|69\/100|[from] item: Leftovers\n|-damage|p2a: Hydreigon|88\/100 brn|[from] brn\n|upkeep\n|turn|13\n|c| lt71lx slainey|what character development\n|\n|t:|1598374474\n|move|p1a: annoying|Substitute|p1a: annoying\n|-start|p1a: annoying|Substitute\n|-damage|p1a: annoying|44\/100\n|move|p2a: Hydreigon|Draco Meteor|p1a: annoying\n|-supereffective|p1a: annoying\n|-end|p1a: annoying|Substitute\n|-unboost|p2a: Hydreigon|spa|2\n|\n|-heal|p1a: annoying|50\/100|[from] item: Leftovers\n|-damage|p2a: Hydreigon|82\/100 brn|[from] brn\n|upkeep\n|turn|14\n|\n|t:|1598374484\n|move|p1a: annoying|Substitute|p1a: annoying\n|-start|p1a: annoying|Substitute\n|-damage|p1a: annoying|25\/100\n|move|p2a: Hydreigon|Draco Meteor|p1a: annoying\n|-supereffective|p1a: annoying\n|-end|p1a: annoying|Substitute\n|-unboost|p2a: Hydreigon|spa|2\n|\n|-heal|p1a: annoying|31\/100|[from] item: Leftovers\n|-damage|p2a: Hydreigon|76\/100 brn|[from] brn\n|upkeep\n|turn|15\n|\n|t:|1598374496\n|move|p1a: annoying|Dragon Darts|p2a: Hydreigon\n|-supereffective|p2a: Hydreigon\n|-damage|p2a: Hydreigon|24\/100 brn\n|-anim|p1a: annoying|Dragon Darts|p2a: Hydreigon\n|-supereffective|p2a: Hydreigon\n|-damage|p2a: Hydreigon|0 fnt\n|faint|p2a: Hydreigon\n|\n|-heal|p1a: annoying|37\/100|[from] item: Leftovers\n|upkeep\n|\n|t:|1598374525\n|switch|p2a: Ferrothorn|Ferrothorn, F|100\/100\n|-damage|p2a: Ferrothorn|75\/100|[from] Spikes\n|-damage|p2a: Ferrothorn|69\/100|[from] Stealth Rock\n|turn|16\n|\n|t:|1598374538\n|move|p1a: annoying|Thunder Wave|p2a: Ferrothorn\n|-status|p2a: Ferrothorn|par\n|move|p2a: Ferrothorn|Spikes|p1a: annoying\n|-sidestart|p1: LT73IU Piggg|Spikes\n|\n|-heal|p1a: annoying|43\/100|[from] item: Leftovers\n|-heal|p2a: Ferrothorn|75\/100 par|[from] item: Leftovers\n|upkeep\n|turn|17\n|\n|t:|1598374572\n|switch|p1a: Pressure|Cloyster, M|100\/100\n|-damage|p1a: Pressure|88\/100|[from] Spikes\n|-damage|p1a: Pressure|63\/100|[from] Stealth Rock\n|move|p2a: Ferrothorn|Knock Off|p1a: Pressure\n|-damage|p1a: Pressure|44\/100\n|-enditem|p1a: Pressure|King's Rock|[from] move: Knock Off|[of] p2a: Ferrothorn\n|\n|-heal|p2a: Ferrothorn|82\/100 par|[from] item: Leftovers\n|upkeep\n|turn|18\n|c| lt71lx slainey|twave pult\n|\n|t:|1598374582\n|move|p1a: Pressure|Rapid Spin|p2a: Ferrothorn\n|-resisted|p2a: Ferrothorn\n|-damage|p2a: Ferrothorn|77\/100 par\n|-boost|p1a: Pressure|spe|1\n|-damage|p1a: Pressure|31\/100|[from] ability: Iron Barbs|[of] p2a: Ferrothorn\n|-sideend|p1: LT73IU Piggg|Spikes|[from] move: Rapid Spin|[of] p1a: Pressure\n|-sideend|p1: LT73IU Piggg|Stealth Rock|[from] move: Rapid Spin|[of] p1a: Pressure\n|move|p2a: Ferrothorn|Body Press|p1a: Pressure\n|-supereffective|p1a: Pressure\n|-damage|p1a: Pressure|0 fnt\n|faint|p1a: Pressure\n|\n|-heal|p2a: Ferrothorn|84\/100 par|[from] item: Leftovers\n|upkeep\n|\n|t:|1598374596\n|switch|p1a: Real man|Urshifu, F|100\/100\n|turn|19\n|\n|t:|1598374599\n|move|p1a: Real man|Wicked Blow|p2a: Ferrothorn\n|-crit|p2a: Ferrothorn\n|-damage|p2a: Ferrothorn|37\/100 par\n|-damage|p1a: Real man|88\/100|[from] ability: Iron Barbs|[of] p2a: Ferrothorn\n|move|p2a: Ferrothorn|Spikes|p1a: Real man\n|-sidestart|p1: LT73IU Piggg|Spikes\n|\n|-heal|p2a: Ferrothorn|43\/100 par|[from] item: Leftovers\n|upkeep\n|turn|20\n|c| lt71lx slainey|47% wicked\n|c| lt71lx slainey|well trained urshifu\n|j| lt73iu cuzzie\n|\n|t:|1598374615\n|move|p1a: Real man|Wicked Blow|p2a: Ferrothorn\n|-crit|p2a: Ferrothorn\n|-damage|p2a: Ferrothorn|0 fnt\n|-damage|p1a: Real man|76\/100|[from] ability: Iron Barbs|[of] p2a: Ferrothorn\n|faint|p2a: Ferrothorn\n|\n|upkeep\n|\n|t:|1598374622\n|switch|p2a: Clefable|Clefable, F|100\/100\n|turn|21\n|\n|t:|1598374628\n|switch|p1a: Scizor|Scizor, F|100\/100\n|-damage|p1a: Scizor|88\/100|[from] Spikes\n|move|p2a: Clefable|Moonblast|p1a: Scizor\n|-resisted|p1a: Scizor\n|-damage|p1a: Scizor|71\/100\n|\n|upkeep\n|turn|22\n|\n|t:|1598374636\n|switch|p2a: Excadrill|Excadrill, M|48\/100 brn\n|-damage|p2a: Excadrill|23\/100 brn|[from] Spikes\n|-damage|p2a: Excadrill|20\/100 brn|[from] Stealth Rock\n|-ability|p2a: Excadrill|Mold Breaker\n|move|p1a: Scizor|Knock Off|p2a: Excadrill\n|-damage|p2a: Excadrill|0 fnt\n|-damage|p1a: Scizor|61\/100|[from] item: Life Orb\n|faint|p2a: Excadrill\n|\n|upkeep\n|\n|t:|1598374638\n|switch|p2a: Volcarona|Volcarona, F|100\/100\n|turn|23\n|\n|t:|1598374650\n|move|p2a: Volcarona|Flamethrower|p1a: Scizor\n|-supereffective|p1a: Scizor\n|-damage|p1a: Scizor|0 fnt\n|faint|p1a: Scizor\n|\n|upkeep\n|\n|t:|1598374656\n|switch|p1a: annoying|Dragapult, F|43\/100\n|-damage|p1a: annoying|31\/100|[from] Spikes\n|turn|24\n|\n|t:|1598374666\n|switch|p2a: Clefable|Clefable, F|100\/100\n|move|p1a: annoying|Thunder Wave|p2a: Clefable|[miss]\n|-miss|p1a: annoying|p2a: Clefable\n|\n|-heal|p1a: annoying|37\/100|[from] item: Leftovers\n|upkeep\n|turn|25\n|\n|t:|1598374673\n|move|p1a: annoying|Thunder Wave|p2a: Clefable\n|-status|p2a: Clefable|par\n|move|p2a: Clefable|Moonblast|p1a: annoying\n|-supereffective|p1a: annoying\n|-damage|p1a: annoying|0 fnt\n|faint|p1a: annoying\n|\n|upkeep\n|\n|t:|1598374679\n|switch|p1a: Slowbro|Slowbro-Galar, F|100\/100\n|-damage|p1a: Slowbro|88\/100|[from] Spikes\n|turn|26\n|\n|t:|1598374695\n|switch|p2a: Primarina|Primarina, M|100\/100\n|-damage|p2a: Primarina|88\/100|[from] Stealth Rock\n|-damage|p2a: Primarina|63\/100|[from] Spikes\n|move|p1a: Slowbro|Nasty Plot|p1a: Slowbro\n|-boost|p1a: Slowbro|spa|2\n|\n|-heal|p2a: Primarina|69\/100|[from] item: Leftovers\n|upkeep\n|turn|27\n|\n|t:|1598374704\n|move|p2a: Primarina|Scald|p1a: Slowbro\n|-damage|p1a: Slowbro|45\/100\n|move|p1a: Slowbro|Shell Side Arm|p2a: Primarina\n|-supereffective|p2a: Primarina\n|-damage|p2a: Primarina|0 fnt\n|-hint|Special Shell Side Arm\n|faint|p2a: Primarina\n|\n|upkeep\n|\n|t:|1598374708\n|switch|p2a: Volcarona|Volcarona, F|100\/100\n|turn|28\n|\n|t:|1598374713\n|move|p2a: Volcarona|Flamethrower|p1a: Slowbro\n|-damage|p1a: Slowbro|0 fnt\n|faint|p1a: Slowbro\n|\n|upkeep\n|\n|t:|1598374717\n|switch|p1a: Real man|Urshifu, F|76\/100\n|-damage|p1a: Real man|64\/100|[from] Spikes\n|turn|29\n|\n|t:|1598374720\n|move|p2a: Volcarona|Flamethrower|p1a: Real man\n|-damage|p1a: Real man|7\/100\n|move|p1a: Real man|Wicked Blow|p2a: Volcarona\n|-crit|p2a: Volcarona\n|-damage|p2a: Volcarona|14\/100\n|\n|upkeep\n|turn|30\n|\n|t:|1598374729\n|move|p1a: Real man|Sucker Punch||[still]\n|-fail|p1a: Real man\n|move|p2a: Volcarona|Roost|p2a: Volcarona\n|-heal|p2a: Volcarona|65\/100\n|-singleturn|p2a: Volcarona|move: Roost\n|\n|upkeep\n|turn|31\n|\n|t:|1598374735\n|move|p1a: Real man|Sucker Punch|p2a: Volcarona\n|-damage|p2a: Volcarona|9\/100\n|-status|p1a: Real man|brn|[from] ability: Flame Body|[of] p2a: Volcarona\n|move|p2a: Volcarona|Flamethrower|p1a: Real man\n|-damage|p1a: Real man|0 fnt\n|faint|p1a: Real man\n|\n|win|ezwz\n|c|\u2606LT73IU Piggg|gg\n|l| Major Flavor\n|c|\u2606ezwz|gg\n|l|\u2606LT73IU Piggg\n|l| Tortillacrisp\n|c|\u2606ezwz|i played that so badly lol\n|l|\u2606ezwz\n","uploadtime":1598374765,"views":252,"p1id":"lt73iupiggg","p2id":"ezwz","formatid":"gen8ou","rating":0,"private":0,"password":null}