{"id":"gen8ou-1179978848","p1":"Commando 55","p2":"lt74pf gray","format":"gen8ou","log":"|j|\u2606Commando 55\n|j|\u2606lt74pf gray\n|t:|1599065632\n|player|p1|Commando 55|iris-gen5bw2|1796\n|player|p2|lt74pf gray|youngster-gen1rb|1977\n|teamsize|p1|6\n|teamsize|p2|6\n|gametype|singles\n|gen|8\n|tier|[Gen 8] OU\n|rated|\n|clearpoke\n|poke|p1|Lucario, F|\n|poke|p1|Gengar, M|\n|poke|p1|Corviknight, F|\n|poke|p1|Clefable, F|\n|poke|p1|Urshifu-*, F|\n|poke|p1|Gastrodon-East, F|\n|poke|p2|Zarude|\n|poke|p2|Clefable, M|\n|poke|p2|Rotom-Heat|\n|poke|p2|Ferrothorn, F|\n|poke|p2|Tyranitar, M|\n|poke|p2|Aegislash, F|\n|rule|Sleep Clause Mod: Limit one foe put to sleep\n|rule|Species Clause: Limit one of each Pok\u00e9mon\n|rule|OHKO Clause: OHKO moves are banned\n|rule|Evasion Moves Clause: Evasion moves are banned\n|rule|Endless Battle Clause: Forcing endless battles is banned\n|rule|HP Percentage Mod: HP is shown in percentages\n|rule|Dynamax Clause: You cannot dynamax\n|teampreview\n|j| egalvanc\n|inactive|Battle timer is ON: inactive players will automatically lose when time's up. (requested by lt74pf gray)\n|\n|t:|1599065645\n|start\n|switch|p1a: Urshifu|Urshifu, F|100\/100\n|switch|p2a: Clefable|Clefable, M|100\/100\n|turn|1\n|\n|t:|1599065650\n|switch|p1a: Clefable|Clefable, F|100\/100\n|move|p2a: Clefable|Moonblast|p1a: Clefable\n|-damage|p1a: Clefable|72\/100\n|\n|-heal|p1a: Clefable|78\/100|[from] item: Leftovers\n|upkeep\n|turn|2\n|\n|t:|1599065657\n|switch|p1a: Lucario|Lucario, F|100\/100\n|move|p2a: Clefable|Stealth Rock|p1a: Lucario\n|-sidestart|p1: Commando 55|move: Stealth Rock\n|\n|upkeep\n|turn|3\n|\n|t:|1599065662\n|switch|p2a: Aegislash|Aegislash, F|100\/100\n|move|p1a: Lucario|Flash Cannon|p2a: Aegislash\n|-resisted|p2a: Aegislash\n|-damage|p2a: Aegislash|74\/100\n|-damage|p1a: Lucario|91\/100|[from] item: Life Orb\n|\n|upkeep\n|turn|4\n|j| Tace\n|\n|t:|1599065668\n|switch|p1a: Gastrodon|Gastrodon-East, F|100\/100\n|-damage|p1a: Gastrodon|94\/100|[from] Stealth Rock\n|-formechange|p2a: Aegislash|Aegislash-Blade||[from] ability: Stance Change\n|move|p2a: Aegislash|Shadow Ball|p1a: Gastrodon\n|-damage|p1a: Gastrodon|49\/100\n|\n|-heal|p1a: Gastrodon|55\/100|[from] item: Leftovers\n|upkeep\n|turn|5\n|j| PokeDa\n|j| lt74pf loren\n|\n|t:|1599065675\n|switch|p2a: Ferrothorn|Ferrothorn, F|100\/100\n|move|p1a: Gastrodon|Recover|p1a: Gastrodon\n|-heal|p1a: Gastrodon|100\/100\n|\n|upkeep\n|turn|6\n|\n|t:|1599065692\n|switch|p1a: Corviknight|Corviknight, F, shiny|100\/100\n|-damage|p1a: Corviknight|88\/100|[from] Stealth Rock\n|-ability|p1a: Corviknight|Pressure\n|move|p2a: Ferrothorn|Power Whip|p1a: Corviknight\n|-resisted|p1a: Corviknight\n|-damage|p1a: Corviknight|82\/100\n|\n|-heal|p1a: Corviknight|89\/100|[from] item: Leftovers\n|upkeep\n|turn|7\n|l| PokeDa\n|\n|t:|1599065695\n|switch|p2a: Rotom|Rotom-Heat|100\/100\n|move|p1a: Corviknight|Defog|p2a: Rotom\n|-unboost|p2a: Rotom|evasion|1\n|-sideend|p1: Commando 55|Stealth Rock|[from] move: Defog|[of] p1a: Corviknight\n|\n|-heal|p1a: Corviknight|95\/100|[from] item: Leftovers\n|upkeep\n|turn|8\n|\n|t:|1599065699\n|switch|p1a: Clefable|Clefable, F|78\/100\n|move|p2a: Rotom|Toxic|p1a: Clefable\n|-status|p1a: Clefable|tox\n|\n|-heal|p1a: Clefable|84\/100 tox|[from] item: Leftovers\n|upkeep\n|turn|9\n|\n|t:|1599065703\n|move|p2a: Rotom|Volt Switch|p1a: Clefable\n|-damage|p1a: Clefable|61\/100 tox\n|\n|t:|1599065704\n|switch|p2a: Clefable|Clefable, M|100\/100|[from]move: Volt Switch\n|move|p1a: Clefable|Teleport|p1a: Clefable\n|\n|t:|1599065709\n|switch|p1a: Lucario|Lucario, F|91\/100|[from]move: Teleport\n|\n|upkeep\n|turn|10\n|\n|t:|1599065714\n|switch|p2a: Aegislash|Aegislash, F|74\/100\n|move|p1a: Lucario|Flash Cannon|p2a: Aegislash\n|-resisted|p2a: Aegislash\n|-damage|p2a: Aegislash|49\/100\n|-damage|p1a: Lucario|81\/100|[from] item: Life Orb\n|\n|upkeep\n|turn|11\n|\n|t:|1599065720\n|switch|p1a: Gastrodon|Gastrodon-East, F|100\/100\n|-formechange|p2a: Aegislash|Aegislash-Blade||[from] ability: Stance Change\n|move|p2a: Aegislash|Shadow Ball|p1a: Gastrodon\n|-damage|p1a: Gastrodon|52\/100\n|\n|-heal|p1a: Gastrodon|58\/100|[from] item: Leftovers\n|upkeep\n|turn|12\n|\n|t:|1599065729\n|move|p2a: Aegislash|Shadow Ball|p1a: Gastrodon\n|-damage|p1a: Gastrodon|6\/100\n|move|p1a: Gastrodon|Recover|p1a: Gastrodon\n|-heal|p1a: Gastrodon|56\/100\n|\n|-heal|p1a: Gastrodon|62\/100|[from] item: Leftovers\n|upkeep\n|turn|13\n|\n|t:|1599065732\n|switch|p2a: Ferrothorn|Ferrothorn, F|100\/100\n|move|p1a: Gastrodon|Recover|p1a: Gastrodon\n|-heal|p1a: Gastrodon|100\/100\n|\n|upkeep\n|turn|14\n|\n|t:|1599065736\n|switch|p1a: Clefable|Clefable, F|61\/100 tox\n|switch|p2a: Aegislash|Aegislash, F|49\/100\n|\n|-heal|p1a: Clefable|67\/100 tox|[from] item: Leftovers\n|upkeep\n|turn|15\n|\n|t:|1599065742\n|move|p1a: Clefable|Protect|p1a: Clefable\n|-singleturn|p1a: Clefable|Protect\n|-formechange|p2a: Aegislash|Aegislash-Blade||[from] ability: Stance Change\n|move|p2a: Aegislash|Shadow Ball|p1a: Clefable\n|-activate|p1a: Clefable|move: Protect\n|\n|-heal|p1a: Clefable|73\/100 tox|[from] item: Leftovers\n|upkeep\n|turn|16\n|\n|t:|1599065750\n|switch|p1a: Gastrodon|Gastrodon-East, F|100\/100\n|move|p2a: Aegislash|Shadow Ball|p1a: Gastrodon\n|-damage|p1a: Gastrodon|52\/100\n|\n|-heal|p1a: Gastrodon|58\/100|[from] item: Leftovers\n|upkeep\n|turn|17\n|\n|t:|1599065763\n|move|p2a: Aegislash|Shadow Ball|p1a: Gastrodon\n|-damage|p1a: Gastrodon|6\/100\n|-unboost|p1a: Gastrodon|spd|1\n|move|p1a: Gastrodon|Recover|p1a: Gastrodon\n|-heal|p1a: Gastrodon|56\/100\n|\n|-heal|p1a: Gastrodon|62\/100|[from] item: Leftovers\n|upkeep\n|turn|18\n|\n|t:|1599065767\n|switch|p1a: Urshifu|Urshifu, F|100\/100\n|move|p2a: Aegislash|Shadow Ball|p1a: Urshifu\n|-resisted|p1a: Urshifu\n|-damage|p1a: Urshifu|42\/100\n|\n|upkeep\n|turn|19\n|\n|t:|1599065772\n|switch|p1a: Lucario|Lucario, F|81\/100\n|switch|p2a: Clefable|Clefable, M|100\/100\n|\n|upkeep\n|turn|20\n|\n|t:|1599065778\n|move|p1a: Lucario|Nasty Plot|p1a: Lucario\n|-boost|p1a: Lucario|spa|2\n|move|p2a: Clefable|Moonblast|p1a: Lucario\n|-damage|p1a: Lucario|30\/100\n|\n|upkeep\n|turn|21\n|\n|t:|1599065786\n|switch|p2a: Rotom|Rotom-Heat|100\/100\n|move|p1a: Lucario|Focus Blast|p2a: Rotom|[miss]\n|-miss|p1a: Lucario|p2a: Rotom\n|\n|upkeep\n|turn|22\n|\n|t:|1599065799\n|switch|p2a: Aegislash|Aegislash, F|49\/100\n|switch|p1a: Clefable|Clefable, F|73\/100 tox\n|\n|-heal|p1a: Clefable|79\/100 tox|[from] item: Leftovers\n|upkeep\n|turn|23\n|\n|t:|1599065804\n|move|p1a: Clefable|Protect|p1a: Clefable\n|-singleturn|p1a: Clefable|Protect\n|-formechange|p2a: Aegislash|Aegislash-Blade||[from] ability: Stance Change\n|move|p2a: Aegislash|Shadow Ball|p1a: Clefable\n|-activate|p1a: Clefable|move: Protect\n|\n|-heal|p1a: Clefable|85\/100 tox|[from] item: Leftovers\n|upkeep\n|turn|24\n|\n|t:|1599065807\n|move|p2a: Aegislash|Shadow Ball|p1a: Clefable\n|-damage|p1a: Clefable|18\/100 tox\n|move|p1a: Clefable|Wish|p1a: Clefable\n|\n|-heal|p1a: Clefable|24\/100 tox|[from] item: Leftovers\n|upkeep\n|turn|25\n|\n|t:|1599065810\n|switch|p1a: Gastrodon|Gastrodon-East, F|62\/100\n|move|p2a: Aegislash|Shadow Ball|p1a: Gastrodon\n|-damage|p1a: Gastrodon|15\/100\n|-unboost|p1a: Gastrodon|spd|1\n|\n|-heal|p1a: Gastrodon|61\/100|[from] move: Wish|[wisher] Clefable\n|-heal|p1a: Gastrodon|67\/100|[from] item: Leftovers\n|upkeep\n|turn|26\n|\n|t:|1599065827\n|switch|p1a: Urshifu|Urshifu, F|42\/100\n|move|p2a: Aegislash|Shadow Ball|p1a: Urshifu\n|-resisted|p1a: Urshifu\n|-damage|p1a: Urshifu|0 fnt\n|faint|p1a: Urshifu\n|\n|upkeep\n|\n|t:|1599065845\n|switch|p1a: Lucario|Lucario, F|30\/100\n|turn|27\n|\n|t:|1599065853\n|switch|p2a: Rotom|Rotom-Heat|100\/100\n|move|p1a: Lucario|Focus Blast|p2a: Rotom|[miss]\n|-miss|p1a: Lucario|p2a: Rotom\n|\n|upkeep\n|turn|28\n|l| Tace\n|\n|t:|1599065863\n|switch|p2a: Aegislash|Aegislash, F|49\/100\n|switch|p1a: Gastrodon|Gastrodon-East, F|67\/100\n|\n|-heal|p1a: Gastrodon|73\/100|[from] item: Leftovers\n|upkeep\n|turn|29\n|\n|t:|1599065870\n|switch|p2a: Zarude|Zarude|100\/100\n|move|p1a: Gastrodon|Scald|p2a: Zarude\n|-resisted|p2a: Zarude\n|-damage|p2a: Zarude|88\/100\n|\n|-heal|p2a: Zarude|94\/100|[from] item: Leftovers\n|-heal|p1a: Gastrodon|79\/100|[from] item: Leftovers\n|upkeep\n|turn|30\n|j| Wally trump\n|\n|t:|1599065874\n|switch|p1a: Corviknight|Corviknight, F, shiny|95\/100\n|-ability|p1a: Corviknight|Pressure\n|move|p2a: Zarude|Bulk Up|p2a: Zarude\n|-boost|p2a: Zarude|atk|1\n|-boost|p2a: Zarude|def|1\n|\n|-heal|p2a: Zarude|99\/100|[from] item: Leftovers\n|-heal|p1a: Corviknight|100\/100|[from] item: Leftovers\n|upkeep\n|turn|31\n|j| Giggix999\n|\n|t:|1599065878\n|move|p2a: Zarude|Bulk Up|p2a: Zarude\n|-boost|p2a: Zarude|atk|1\n|-boost|p2a: Zarude|def|1\n|move|p1a: Corviknight|U-turn|p2a: Zarude\n|-supereffective|p2a: Zarude\n|-damage|p2a: Zarude|71\/100\n|\n|t:|1599065880\n|switch|p1a: Gengar|Gengar, M, shiny|100\/100|[from]move: U-turn\n|\n|-heal|p2a: Zarude|77\/100|[from] item: Leftovers\n|upkeep\n|turn|32\n|\n|t:|1599065884\n|switch|p2a: Tyranitar|Tyranitar, M|100\/100\n|-weather|Sandstorm|[from] ability: Sand Stream|[of] p2a: Tyranitar\n|move|p1a: Gengar|Sludge Wave|p2a: Tyranitar\n|-resisted|p2a: Tyranitar\n|-damage|p2a: Tyranitar|86\/100\n|-damage|p1a: Gengar|91\/100|[from] item: Life Orb\n|\n|-weather|Sandstorm|[upkeep]\n|-damage|p1a: Gengar|84\/100|[from] Sandstorm\n|upkeep\n|turn|33\n|\n|t:|1599065887\n|switch|p1a: Corviknight|Corviknight, F, shiny|100\/100\n|-ability|p1a: Corviknight|Pressure\n|move|p2a: Tyranitar|Earthquake|p1a: Corviknight\n|-immune|p1a: Corviknight\n|\n|-weather|Sandstorm|[upkeep]\n|upkeep\n|turn|34\n|\n|t:|1599065891\n|switch|p2a: Rotom|Rotom-Heat|100\/100\n|move|p1a: Corviknight|U-turn|p2a: Rotom\n|-resisted|p2a: Rotom\n|-damage|p2a: Rotom|93\/100\n|\n|t:|1599065897\n|switch|p1a: Clefable|Clefable, F|24\/100 tox|[from]move: U-turn\n|\n|-weather|Sandstorm|[upkeep]\n|-damage|p2a: Rotom|87\/100|[from] Sandstorm\n|-heal|p1a: Clefable|30\/100 tox|[from] item: Leftovers\n|upkeep\n|turn|35\n|\n|t:|1599065901\n|switch|p1a: Gastrodon|Gastrodon-East, F|79\/100\n|move|p2a: Rotom|Volt Switch|p1a: Gastrodon\n|-immune|p1a: Gastrodon\n|\n|-weather|Sandstorm|[upkeep]\n|-damage|p2a: Rotom|81\/100|[from] Sandstorm\n|-heal|p1a: Gastrodon|85\/100|[from] item: Leftovers\n|upkeep\n|turn|36\n|\n|t:|1599065913\n|switch|p1a: Clefable|Clefable, F|30\/100 tox\n|move|p2a: Rotom|Toxic|p1a: Clefable\n|-fail|p1a: Clefable|tox\n|\n|-weather|none\n|-heal|p1a: Clefable|36\/100 tox|[from] item: Leftovers\n|upkeep\n|turn|37\n|j| webbbbbbbbbb\n|l| Giggix999\n|\n|t:|1599065929\n|switch|p1a: Gengar|Gengar, M, shiny|84\/100\n|move|p2a: Rotom|Overheat|p1a: Gengar\n|-damage|p1a: Gengar|12\/100\n|-unboost|p2a: Rotom|spa|2\n|-start|p2a: Rotom|Disable|Overheat|[from] ability: Cursed Body|[of] p1a: Gengar\n|\n|upkeep\n|turn|38\n|\n|t:|1599065937\n|switch|p1a: Lucario|Lucario, F|30\/100\n|switch|p2a: Tyranitar|Tyranitar, M|86\/100\n|-weather|Sandstorm|[from] ability: Sand Stream|[of] p2a: Tyranitar\n|\n|-weather|Sandstorm|[upkeep]\n|upkeep\n|turn|39\n|\n|t:|1599065944\n|switch|p2a: Aegislash|Aegislash, F|49\/100\n|move|p1a: Lucario|Nasty Plot|p1a: Lucario\n|-boost|p1a: Lucario|spa|2\n|\n|-weather|Sandstorm|[upkeep]\n|upkeep\n|turn|40\n|\n|t:|1599065948\n|-formechange|p2a: Aegislash|Aegislash-Blade||[from] ability: Stance Change\n|move|p2a: Aegislash|Shadow Sneak|p1a: Lucario\n|-damage|p1a: Lucario|0 fnt\n|faint|p1a: Lucario\n|\n|-weather|Sandstorm|[upkeep]\n|upkeep\n|c|\u2606Commando 55|Damn\n|c|\u2606Commando 55|those focus blast misses hurt\n|c|\u2606lt74pf gray|yea\n|c|\u2606Commando 55|gg\n|c|\u2606lt74pf gray|gg\n|-message|Commando 55 forfeited.\n|\n|win|lt74pf gray\n|l|\u2606Commando 55\n|l|\u2606lt74pf gray\n||Ladder (probably) updated, but score could not be retrieved (Request timeout).\n|j| LT74PF Ash\n|l| LT74PF Ash\n","uploadtime":1599066107,"views":135,"p1id":"commando55","p2id":"lt74pfgray","formatid":"gen8ou","rating":0,"private":0,"password":null}