{"id":"gen8ou-1695248800","p1":"outdsmoolicthe3rd","p2":"Delibird Heart","format":"gen8ou","log":"|html|<div class=\"broadcast-blue\"><strong>[Gen 8] OU is currently suspecting Melmetal! For information on how to participate check out the <a href=\"https:\/\/www.smogon.com\/forums\/threads\/np-ss-ou-suspect-process-round-12-monster-mash.3709234\/\">suspect thread<\/a>.<\/strong><\/div>\n|j|\u2606outdsmoolicthe3rd\n|j|\u2606Delibird Heart\n|inactive|Battle timer is ON: inactive players will automatically lose when time's up.\n|t:|1666785268\n|gametype|singles\n|player|p1|outdsmoolicthe3rd|clemont|\n|player|p2|Delibird Heart|guitarist-gen4|\n|teamsize|p1|6\n|teamsize|p2|6\n|gen|8\n|tier|[Gen 8] OU\n|rated|Tournament battle\n|rule|Sleep Clause Mod: Limit one foe put to sleep\n|rule|Species Clause: Limit one of each Pok\u00e9mon\n|rule|OHKO Clause: OHKO moves are banned\n|rule|Evasion Items Clause: Evasion items are banned\n|rule|Evasion Moves Clause: Evasion moves are banned\n|rule|Endless Battle Clause: Forcing endless battles is banned\n|rule|HP Percentage Mod: HP is shown in percentages\n|rule|Dynamax Clause: You cannot dynamax\n|clearpoke\n|poke|p1|Kartana|\n|poke|p1|Heatran, F|\n|poke|p1|Landorus-Therian, M|\n|poke|p1|Slowbro, M|\n|poke|p1|Umbreon, M|\n|poke|p1|Tapu Koko|\n|poke|p2|Mienshao, M|\n|poke|p2|Landorus-Therian, M|\n|poke|p2|Tapu Koko|\n|poke|p2|Tangrowth, F|\n|poke|p2|Coalossal, F|\n|poke|p2|Slowking, F|\n|teampreview\n|inactive|outdsmoolicthe3rd also wants the timer to be on.\n|inactive|Delibird Heart also wants the timer to be on.\n|c|\u2606outdsmoolicthe3rd|glhf\n|c|\u2606Delibird Heart|gl hf\n|j|%moondazing\n|\n|t:|1666785285\n|start\n|switch|p1a: Slowbro|Slowbro, M|100\/100\n|switch|p2a: Landorus|Landorus-Therian, M|100\/100\n|-ability|p2a: Landorus|Intimidate|boost\n|-unboost|p1a: Slowbro|atk|1\n|turn|1\n|\n|t:|1666785300\n|move|p2a: Landorus|Stealth Rock|p1a: Slowbro\n|-sidestart|p1: outdsmoolicthe3rd|move: Stealth Rock\n|move|p1a: Slowbro|Scald|p2a: Landorus\n|-supereffective|p2a: Landorus\n|-damage|p2a: Landorus|23\/100\n|\n|upkeep\n|turn|2\n|\n|t:|1666785309\n|move|p2a: Landorus|U-turn|p1a: Slowbro\n|-supereffective|p1a: Slowbro\n|-damage|p1a: Slowbro|57\/100\n|\n|t:|1666785312\n|switch|p2a: Slowking|Slowking, F|100\/100|[from]move: U-turn\n|move|p1a: Slowbro|Scald|p2a: Slowking\n|-resisted|p2a: Slowking\n|-damage|p2a: Slowking|93\/100\n|\n|upkeep\n|turn|3\n|\n|t:|1666785318\n|move|p2a: Slowking|Future Sight|p1a: Slowbro\n|-start|p2a: Slowking|move: Future Sight\n|move|p1a: Slowbro|Slack Off|p1a: Slowbro\n|-heal|p1a: Slowbro|100\/100\n|\n|upkeep\n|turn|4\n|\n|t:|1666785321\n|move|p1a: Slowbro|Scald|p2a: Slowking\n|-resisted|p2a: Slowking\n|-damage|p2a: Slowking|85\/100\n|-status|p2a: Slowking|brn\n|move|p2a: Slowking|Teleport|p2a: Slowking\n|j| TheNewBrends11\n|\n|t:|1666785332\n|switch|p2a: Jackie|Mienshao, M, shiny|100\/100|[from]move: Teleport\n|\n|upkeep\n|turn|5\n|\n|t:|1666785344\n|move|p2a: Jackie|Knock Off|p1a: Slowbro\n|-supereffective|p1a: Slowbro\n|-damage|p1a: Slowbro|16\/100\n|-enditem|p1a: Slowbro|Heavy-Duty Boots|[from] move: Knock Off|[of] p2a: Jackie\n|move|p1a: Slowbro|Slack Off|p1a: Slowbro\n|-heal|p1a: Slowbro|66\/100\n|\n|-end|p1a: Slowbro|move: Future Sight\n|-resisted|p1a: Slowbro\n|-damage|p1a: Slowbro|52\/100\n|upkeep\n|turn|6\n|\n|t:|1666785353\n|switch|p1a: Tapu Koko|Tapu Koko, shiny|100\/100\n|-fieldstart|move: Electric Terrain|[from] ability: Electric Surge|[of] p1a: Tapu Koko\n|move|p2a: Jackie|Knock Off|p1a: Tapu Koko\n|-resisted|p1a: Tapu Koko\n|-damage|p1a: Tapu Koko|65\/100\n|-enditem|p1a: Tapu Koko|Heavy-Duty Boots|[from] move: Knock Off|[of] p2a: Jackie\n|\n|upkeep\n|turn|7\n|\n|t:|1666785362\n|switch|p2a: Tapu Koko|Tapu Koko|100\/100\n|move|p1a: Tapu Koko|Dazzling Gleam|p2a: Tapu Koko\n|-damage|p2a: Tapu Koko|53\/100\n|\n|upkeep\n|turn|8\n|j| cypherstest\n|\n|t:|1666785371\n|switch|p1a: Landorus|Landorus-Therian, M|100\/100\n|-damage|p1a: Landorus|88\/100|[from] Stealth Rock\n|-ability|p1a: Landorus|Intimidate|boost\n|-unboost|p2a: Tapu Koko|atk|1\n|move|p2a: Tapu Koko|Roost|p2a: Tapu Koko\n|-heal|p2a: Tapu Koko|100\/100\n|-singleturn|p2a: Tapu Koko|move: Roost\n|\n|-heal|p1a: Landorus|94\/100|[from] item: Leftovers\n|upkeep\n|turn|9\n|\n|t:|1666785376\n|move|p2a: Tapu Koko|U-turn|p1a: Landorus\n|-resisted|p1a: Landorus\n|-damage|p1a: Landorus|89\/100\n|\n|t:|1666785378\n|switch|p2a: Tangrowth|Tangrowth, F|100\/100|[from]move: U-turn\n|move|p1a: Landorus|U-turn|p2a: Tangrowth\n|-supereffective|p2a: Tangrowth\n|-damage|p2a: Tangrowth|78\/100\n|-damage|p1a: Landorus|72\/100|[from] item: Rocky Helmet|[of] p2a: Tangrowth\n|\n|t:|1666785383\n|switch|p1a: Heatran|Heatran, F|100\/100|[from]move: U-turn\n|-damage|p1a: Heatran|88\/100|[from] Stealth Rock\n|\n|-heal|p1a: Heatran|94\/100|[from] item: Leftovers\n|upkeep\n|turn|10\n|\n|t:|1666785390\n|switch|p2a: Slowking|Slowking, F|100\/100 brn\n|move|p1a: Heatran|Stealth Rock|p2a: Slowking\n|-sidestart|p2: Delibird Heart|move: Stealth Rock\n|\n|-heal|p1a: Heatran|100\/100|[from] item: Leftovers\n|-damage|p2a: Slowking|94\/100 brn|[from] brn\n|-fieldend|move: Electric Terrain\n|upkeep\n|turn|11\n|\n|t:|1666785399\n|switch|p1a: Kartana|Kartana, shiny|100\/100\n|-damage|p1a: Kartana|94\/100|[from] Stealth Rock\n|move|p2a: Slowking|Future Sight|p1a: Kartana\n|-start|p2a: Slowking|move: Future Sight\n|\n|-damage|p2a: Slowking|88\/100 brn|[from] brn\n|upkeep\n|turn|12\n|\n|t:|1666785407\n|switch|p2a: Tangrowth|Tangrowth, F|100\/100\n|-damage|p2a: Tangrowth|88\/100|[from] Stealth Rock\n|move|p1a: Kartana|Smart Strike|p2a: Tangrowth\n|-crit|p2a: Tangrowth\n|-damage|p2a: Tangrowth|31\/100\n|-damage|p1a: Kartana|78\/100|[from] item: Rocky Helmet|[of] p2a: Tangrowth\n|\n|upkeep\n|turn|13\n|\n|t:|1666785419\n|switch|p2a: fuck weavile|Coalossal, F|100\/100\n|move|p1a: Kartana|Smart Strike|p2a: fuck weavile\n|-damage|p2a: fuck weavile|63\/100\n|\n|-end|p1a: Kartana|move: Future Sight\n|-resisted|p1a: Kartana\n|-crit|p1a: Kartana\n|-damage|p1a: Kartana|0 fnt\n|faint|p1a: Kartana\n|upkeep\n|c|\u2606outdsmoolicthe3rd|oop\n|\n|t:|1666785441\n|switch|p1a: Landorus|Landorus-Therian, M|72\/100\n|-damage|p1a: Landorus|60\/100|[from] Stealth Rock\n|-ability|p1a: Landorus|Intimidate|boost\n|-unboost|p2a: fuck weavile|atk|1\n|turn|14\n|\n|t:|1666785446\n|switch|p2a: Tangrowth|Tangrowth, F|64\/100\n|-damage|p2a: Tangrowth|51\/100|[from] Stealth Rock\n|move|p1a: Landorus|Earthquake|p2a: Tangrowth\n|-resisted|p2a: Tangrowth\n|-damage|p2a: Tangrowth|40\/100\n|\n|-heal|p1a: Landorus|66\/100|[from] item: Leftovers\n|upkeep\n|turn|15\n|\n|t:|1666785455\n|move|p1a: Landorus|Toxic|p2a: Tangrowth\n|-status|p2a: Tangrowth|tox\n|move|p2a: Tangrowth|Knock Off|p1a: Landorus\n|-damage|p1a: Landorus|44\/100\n|-enditem|p1a: Landorus|Leftovers|[from] move: Knock Off|[of] p2a: Tangrowth\n|\n|-damage|p2a: Tangrowth|34\/100 tox|[from] psn\n|upkeep\n|turn|16\n|\n|t:|1666785473\n|switch|p1a: Heatran|Heatran, F|100\/100\n|-damage|p1a: Heatran|88\/100|[from] Stealth Rock\n|move|p2a: Tangrowth|Sleep Powder|p1a: Heatran\n|-status|p1a: Heatran|slp|[from] move: Sleep Powder\n|\n|-heal|p1a: Heatran|94\/100 slp|[from] item: Leftovers\n|-damage|p2a: Tangrowth|22\/100 tox|[from] psn\n|upkeep\n|turn|17\n|\n|t:|1666785480\n|cant|p1a: Heatran|slp\n|move|p2a: Tangrowth|Knock Off|p1a: Heatran\n|-damage|p1a: Heatran|80\/100 slp\n|-enditem|p1a: Heatran|Leftovers|[from] move: Knock Off|[of] p2a: Tangrowth\n|\n|-damage|p2a: Tangrowth|3\/100 tox|[from] psn\n|upkeep\n|turn|18\n|j| testingteams888\n|\n|t:|1666785484\n|cant|p1a: Heatran|slp\n|move|p2a: Tangrowth|Focus Blast|p1a: Heatran|[miss]\n|-miss|p2a: Tangrowth|p1a: Heatran\n|\n|-damage|p2a: Tangrowth|0 fnt|[from] psn\n|faint|p2a: Tangrowth\n|upkeep\n|\n|t:|1666785488\n|switch|p2a: Jackie|Mienshao, M, shiny|100\/100\n|-damage|p2a: Jackie|95\/100|[from] Stealth Rock\n|turn|19\n|c|\u2606outdsmoolicthe3rd|my b\n|\n|t:|1666785496\n|switch|p1a: Slowbro|Slowbro, M|85\/100\n|-damage|p1a: Slowbro|73\/100|[from] Stealth Rock\n|move|p2a: Jackie|High Jump Kick|p1a: Slowbro\n|-resisted|p1a: Slowbro\n|-damage|p1a: Slowbro|20\/100\n|\n|upkeep\n|turn|20\n|\n|t:|1666785521\n|move|p2a: Jackie|High Jump Kick|p1a: Slowbro\n|-resisted|p1a: Slowbro\n|-damage|p1a: Slowbro|0 fnt\n|faint|p1a: Slowbro\n|\n|upkeep\n|\n|t:|1666785523\n|switch|p1a: Tapu Koko|Tapu Koko, shiny|65\/100\n|-damage|p1a: Tapu Koko|52\/100|[from] Stealth Rock\n|-fieldstart|move: Electric Terrain|[from] ability: Electric Surge|[of] p1a: Tapu Koko\n|turn|21\n|\n|t:|1666785530\n|switch|p2a: Landorus|Landorus-Therian, M|23\/100\n|-damage|p2a: Landorus|11\/100|[from] Stealth Rock\n|-ability|p2a: Landorus|Intimidate|boost\n|-unboost|p1a: Tapu Koko|atk|1\n|move|p1a: Tapu Koko|Calm Mind|p1a: Tapu Koko\n|-boost|p1a: Tapu Koko|spa|1\n|-boost|p1a: Tapu Koko|spd|1\n|\n|upkeep\n|turn|22\n|\n|t:|1666785544\n|move|p1a: Tapu Koko|Dazzling Gleam|p2a: Landorus\n|-damage|p2a: Landorus|0 fnt\n|faint|p2a: Landorus\n|\n|upkeep\n|j| durbarod\n|inactive|Delibird Heart has 120 seconds left.\n|\n|t:|1666785571\n|switch|p2a: fuck weavile|Coalossal, F|63\/100\n|turn|23\n|inactive|Delibird Heart has 120 seconds left.\n|inactive|outdsmoolicthe3rd has 120 seconds left.\n|inactive|Delibird Heart has 90 seconds left.\n|inactive|outdsmoolicthe3rd has 90 seconds left.\n|inactive|Delibird Heart has 60 seconds left.\n|inactive|outdsmoolicthe3rd has 60 seconds left.\n|\n|t:|1666785662\n|move|p1a: Tapu Koko|Roost|p1a: Tapu Koko\n|-heal|p1a: Tapu Koko|100\/100\n|-singleturn|p1a: Tapu Koko|move: Roost\n|move|p2a: fuck weavile|Earthquake|p1a: Tapu Koko\n|-supereffective|p1a: Tapu Koko\n|-damage|p1a: Tapu Koko|43\/100\n|\n|upkeep\n|turn|24\n|inactive|Delibird Heart has 60 seconds left.\n|\n|t:|1666785674\n|switch|p1a: Umbreon|Umbreon, M, shiny|100\/100\n|-damage|p1a: Umbreon|88\/100|[from] Stealth Rock\n|move|p2a: fuck weavile|Earthquake|p1a: Umbreon\n|-damage|p1a: Umbreon|76\/100\n|\n|-heal|p1a: Umbreon|82\/100|[from] item: Leftovers\n|upkeep\n|turn|25\n|inactive|Delibird Heart has 60 seconds left.\n|\n|t:|1666785689\n|switch|p2a: Jackie|Mienshao, M, shiny|95\/100\n|-damage|p2a: Jackie|89\/100|[from] Stealth Rock\n|move|p1a: Umbreon|Wish|p1a: Umbreon\n|\n|-heal|p1a: Umbreon|88\/100|[from] item: Leftovers\n|-fieldend|move: Electric Terrain\n|upkeep\n|turn|26\n|\n|t:|1666785699\n|move|p1a: Umbreon|Protect|p1a: Umbreon\n|-singleturn|p1a: Umbreon|Protect\n|move|p2a: Jackie|High Jump Kick|p1a: Umbreon\n|-activate|p1a: Umbreon|move: Protect\n|-damage|p2a: Jackie|39\/100|[from] highjumpkick\n|\n|-heal|p1a: Umbreon|100\/100|[from] move: Wish|[wisher] Umbreon\n|upkeep\n|turn|27\n|\n|t:|1666785723\n|move|p1a: Umbreon|Protect||[still]\n|-fail|p1a: Umbreon\n|move|p2a: Jackie|High Jump Kick|p1a: Umbreon\n|-supereffective|p1a: Umbreon\n|-damage|p1a: Umbreon|0 fnt\n|faint|p1a: Umbreon\n|\n|upkeep\n|\n|t:|1666785725\n|switch|p1a: Tapu Koko|Tapu Koko, shiny|43\/100\n|-damage|p1a: Tapu Koko|30\/100|[from] Stealth Rock\n|-fieldstart|move: Electric Terrain|[from] ability: Electric Surge|[of] p1a: Tapu Koko\n|turn|28\n|\n|t:|1666785732\n|move|p1a: Tapu Koko|Roost|p1a: Tapu Koko\n|-heal|p1a: Tapu Koko|81\/100\n|-singleturn|p1a: Tapu Koko|move: Roost\n|move|p2a: Jackie|High Jump Kick|p1a: Tapu Koko\n|-resisted|p1a: Tapu Koko\n|-damage|p1a: Tapu Koko|0 fnt\n|faint|p1a: Tapu Koko\n|\n|upkeep\n|\n|t:|1666785740\n|switch|p1a: Heatran|Heatran, F|80\/100 slp\n|-damage|p1a: Heatran|68\/100 slp|[from] Stealth Rock\n|turn|29\n|\n|t:|1666785743\n|-curestatus|p1a: Heatran|slp|[msg]\n|move|p1a: Heatran|Protect|p1a: Heatran\n|-singleturn|p1a: Heatran|Protect\n|move|p2a: Jackie|High Jump Kick|p1a: Heatran\n|-activate|p1a: Heatran|move: Protect\n|-damage|p2a: Jackie|0 fnt|[from] highjumpkick\n|faint|p2a: Jackie\n|\n|upkeep\n|\n|t:|1666785749\n|switch|p2a: Slowking|Slowking, F|100\/100 brn\n|turn|30\n|c|\u2606outdsmoolicthe3rd|i did not expect that to kill\n|\n|t:|1666785755\n|move|p1a: Heatran|Lava Plume|p2a: Slowking\n|-resisted|p2a: Slowking\n|-damage|p2a: Slowking|90\/100 brn\n|move|p2a: Slowking|Scald|p1a: Heatran\n|-supereffective|p1a: Heatran\n|-damage|p1a: Heatran|21\/100\n|\n|-damage|p2a: Slowking|84\/100 brn|[from] brn\n|upkeep\n|turn|31\n|c|\u2606outdsmoolicthe3rd|gg\n|c|\u2606Delibird Heart|gg\n|\n|t:|1666785759\n|move|p1a: Heatran|Protect|p1a: Heatran\n|-singleturn|p1a: Heatran|Protect\n|move|p2a: Slowking|Scald|p1a: Heatran\n|-activate|p1a: Heatran|move: Protect\n|\n|-damage|p2a: Slowking|78\/100 brn|[from] brn\n|upkeep\n|turn|32\n|\n|t:|1666785763\n|move|p1a: Heatran|Lava Plume|p2a: Slowking\n|-resisted|p2a: Slowking\n|-damage|p2a: Slowking|69\/100 brn\n|move|p2a: Slowking|Scald|p1a: Heatran\n|-supereffective|p1a: Heatran\n|-damage|p1a: Heatran|0 fnt\n|faint|p1a: Heatran\n|\n|-damage|p2a: Slowking|62\/100 brn|[from] brn\n|-fieldend|move: Electric Terrain\n|upkeep\n|\n|t:|1666785766\n|switch|p1a: Landorus|Landorus-Therian, M|44\/100\n|-damage|p1a: Landorus|31\/100|[from] Stealth Rock\n|-ability|p1a: Landorus|Intimidate|boost\n|-unboost|p2a: Slowking|atk|1\n|turn|33\n|\n|t:|1666785768\n|move|p1a: Landorus|U-turn|p2a: Slowking\n|-supereffective|p2a: Slowking\n|-damage|p2a: Slowking|17\/100 brn\n|move|p2a: Slowking|Scald|p1a: Landorus\n|-supereffective|p1a: Landorus\n|-damage|p1a: Landorus|0 fnt\n|faint|p1a: Landorus\n|\n|win|Delibird Heart\n|n|\u2606outdsmoolicthe3rd|outdsmoolicthe3rd\n|n|\u2606Delibird Heart|delibirdheart\n|n|+moondazing|moondazing\n|n| TheNewBrends11|thenewbrends11\n|n| cypherstest|cypherstest\n|n| testingteams888|testingteams888\n|n| durbarod|durbarod\n|l| cypherstest\n|c|\u2606outdsmoolicthe3rd|gg\n|c|\u2606outdsmoolicthe3rd|good luck on the tour\n|l|\u2606outdsmoolicthe3rd\n|l|\u2606Delibird Heart\n|l|+moondazing\n","uploadtime":1666785772,"views":26,"p1id":"outdsmoolicthe3rd","p2id":"delibirdheart","formatid":"gen8ou","rating":0,"private":0,"password":null}