{"id":"gen8ou-1486562434","p1":"damorush","p2":"chinmaydagod","format":"gen8ou","log":"|j|\u2606damorush\n|j|\u2606chinmaydagod\n|t:|1641493575\n|gametype|singles\n|player|p1|damorush|1|1480\n|player|p2|chinmaydagod|170|1578\n|teamsize|p1|6\n|teamsize|p2|6\n|gen|8\n|tier|[Gen 8] OU\n|rated|\n|rule|Sleep Clause Mod: Limit one foe put to sleep\n|rule|Species Clause: Limit one of each Pok\u00e9mon\n|rule|OHKO Clause: OHKO moves are banned\n|rule|Evasion Moves Clause: Evasion moves are banned\n|rule|Endless Battle Clause: Forcing endless battles is banned\n|rule|HP Percentage Mod: HP is shown in percentages\n|rule|Dynamax Clause: You cannot dynamax\n|clearpoke\n|poke|p1|Mew|\n|poke|p1|Landorus-Therian, M|\n|poke|p1|Dragapult, M|\n|poke|p1|Bisharp, F|\n|poke|p1|Zapdos-Galar|\n|poke|p1|Urshifu-*, M|\n|poke|p2|Hydreigon, F|\n|poke|p2|Melmetal|\n|poke|p2|Blacephalon|\n|poke|p2|Landorus-Therian, M|\n|poke|p2|Tapu Fini|\n|poke|p2|Scizor, F|\n|teampreview\n|\n|t:|1641493586\n|start\n|switch|p1a: Mew|Mew|100\/100\n|switch|p2a: Chimera|Hydreigon, F|100\/100\n|turn|1\n|\n|t:|1641493593\n|move|p1a: Mew|Stealth Rock|p2a: Chimera\n|-sidestart|p2: chinmaydagod|move: Stealth Rock\n|move|p2a: Chimera|Taunt|p1a: Mew\n|-start|p1a: Mew|move: Taunt\n|\n|upkeep\n|turn|2\n|\n|t:|1641493599\n|move|p1a: Mew|Ice Beam|p2a: Chimera\n|-supereffective|p2a: Chimera\n|-damage|p2a: Chimera|42\/100\n|move|p2a: Chimera|Fire Spin|p1a: Mew\n|-damage|p1a: Mew|91\/100\n|-activate|p1a: Mew|move: Fire Spin|[of] p2a: Chimera\n|\n|-heal|p2a: Chimera|48\/100|[from] item: Leftovers\n|-damage|p1a: Mew|79\/100|[from] move: Fire Spin|[partiallytrapped]\n|upkeep\n|turn|3\n|\n|t:|1641493610\n|move|p1a: Mew|Ice Beam|p2a: Chimera\n|-supereffective|p2a: Chimera\n|-damage|p2a: Chimera|0 fnt\n|faint|p2a: Chimera\n|\n|-end|p1a: Mew|Fire Spin|[partiallytrapped]|[silent]\n|upkeep\n|\n|t:|1641493612\n|switch|p2a: Ursula|Tapu Fini|100\/100\n|-damage|p2a: Ursula|88\/100|[from] Stealth Rock\n|-fieldstart|move: Misty Terrain|[from] ability: Misty Surge|[of] p2a: Ursula\n|turn|4\n|\n|t:|1641493621\n|move|p1a: Mew|Ice Beam|p2a: Ursula\n|-resisted|p2a: Ursula\n|-damage|p2a: Ursula|77\/100\n|move|p2a: Ursula|Calm Mind|p2a: Ursula\n|-boost|p2a: Ursula|spa|1\n|-boost|p2a: Ursula|spd|1\n|\n|-heal|p2a: Ursula|83\/100|[from] item: Leftovers\n|-end|p1a: Mew|move: Taunt\n|upkeep\n|turn|5\n|\n|t:|1641493631\n|move|p1a: Mew|Taunt|p2a: Ursula\n|-start|p2a: Ursula|move: Taunt\n|move|p2a: Ursula|Draining Kiss|p1a: Mew\n|-damage|p1a: Mew|55\/100\n|-heal|p2a: Ursula|100\/100|[from] drain|[of] p1a: Mew\n|\n|upkeep\n|turn|6\n|\n|t:|1641493642\n|move|p1a: Mew|Spikes|p2a: Ursula\n|-sidestart|p2: chinmaydagod|Spikes\n|move|p2a: Ursula|Draining Kiss|p1a: Mew\n|-damage|p1a: Mew|29\/100\n|\n|upkeep\n|turn|7\n|\n|t:|1641493648\n|move|p1a: Mew|Spikes|p2a: Ursula\n|-sidestart|p2: chinmaydagod|Spikes\n|move|p2a: Ursula|Scald|p1a: Mew\n|-damage|p1a: Mew|0 fnt\n|faint|p1a: Mew\n|\n|-end|p2a: Ursula|move: Taunt\n|upkeep\n|\n|t:|1641493661\n|switch|p1a: Bisharp|Bisharp, F|100\/100\n|turn|8\n|\n|t:|1641493670\n|move|p2a: Ursula|Draining Kiss|p1a: Bisharp\n|-damage|p1a: Bisharp|62\/100\n|move|p1a: Bisharp|Swords Dance|p1a: Bisharp\n|-boost|p1a: Bisharp|atk|2\n|\n|-fieldend|Misty Terrain\n|upkeep\n|turn|9\n|\n|t:|1641493678\n|move|p2a: Ursula|Scald|p1a: Bisharp\n|-damage|p1a: Bisharp|0 fnt\n|faint|p1a: Bisharp\n|\n|upkeep\n|\n|t:|1641493684\n|switch|p1a: Zapdos|Zapdos-Galar|100\/100\n|turn|10\n|\n|t:|1641493688\n|move|p1a: Zapdos|Brave Bird|p2a: Ursula\n|-damage|p2a: Ursula|56\/100\n|-damage|p1a: Zapdos|85\/100|[from] Recoil\n|move|p2a: Ursula|Draining Kiss|p1a: Zapdos\n|-supereffective|p1a: Zapdos\n|-damage|p1a: Zapdos|25\/100\n|-heal|p2a: Ursula|98\/100|[from] drain|[of] p1a: Zapdos\n|\n|-heal|p2a: Ursula|100\/100|[from] item: Leftovers\n|upkeep\n|turn|11\n|\n|t:|1641493701\n|move|p1a: Zapdos|Brave Bird|p2a: Ursula\n|-damage|p2a: Ursula|50\/100\n|-damage|p1a: Zapdos|7\/100|[from] Recoil\n|move|p2a: Ursula|Draining Kiss|p1a: Zapdos\n|-supereffective|p1a: Zapdos\n|-damage|p1a: Zapdos|0 fnt\n|-heal|p2a: Ursula|54\/100|[from] drain|[of] p1a: Zapdos\n|faint|p1a: Zapdos\n|\n|-heal|p2a: Ursula|60\/100|[from] item: Leftovers\n|upkeep\n|\n|t:|1641493714\n|switch|p1a: Landorus|Landorus-Therian, M|100\/100\n|-ability|p1a: Landorus|Intimidate|boost\n|-unboost|p2a: Ursula|atk|1\n|turn|12\n|\n|t:|1641493719\n|move|p1a: Landorus|Earthquake|p2a: Ursula\n|-damage|p2a: Ursula|18\/100\n|move|p2a: Ursula|Scald|p1a: Landorus\n|-supereffective|p1a: Landorus\n|-damage|p1a: Landorus|0 fnt\n|faint|p1a: Landorus\n|\n|-heal|p2a: Ursula|24\/100|[from] item: Leftovers\n|upkeep\n|\n|t:|1641493729\n|switch|p1a: Urshifu|Urshifu-Rapid-Strike, M|100\/100\n|turn|13\n|\n|t:|1641493734\n|move|p1a: Urshifu|Surging Strikes|p2a: Ursula\n|-resisted|p2a: Ursula\n|-crit|p2a: Ursula\n|-damage|p2a: Ursula|14\/100\n|-resisted|p2a: Ursula\n|-crit|p2a: Ursula\n|-damage|p2a: Ursula|3\/100\n|-resisted|p2a: Ursula\n|-crit|p2a: Ursula\n|-damage|p2a: Ursula|0 fnt\n|faint|p2a: Ursula\n|-hitcount|p2: Ursula|3\n|\n|upkeep\n|\n|t:|1641493739\n|switch|p2a: Baymax|Melmetal|100\/100\n|-damage|p2a: Baymax|94\/100|[from] Stealth Rock\n|-damage|p2a: Baymax|78\/100|[from] Spikes\n|turn|14\n|\n|t:|1641493748\n|move|p1a: Urshifu|Surging Strikes|p2a: Baymax\n|-crit|p2a: Baymax\n|-damage|p2a: Baymax|59\/100\n|-crit|p2a: Baymax\n|-damage|p2a: Baymax|39\/100\n|-crit|p2a: Baymax\n|-damage|p2a: Baymax|20\/100\n|-hitcount|p2a: Baymax|3\n|move|p2a: Baymax|Double Iron Bash|p1a: Urshifu\n|-resisted|p1a: Urshifu\n|-damage|p1a: Urshifu|70\/100\n|-resisted|p1a: Urshifu\n|-damage|p1a: Urshifu|37\/100\n|-hitcount|p1a: Urshifu|2\n|\n|upkeep\n|turn|15\n|\n|t:|1641493760\n|move|p1a: Urshifu|Surging Strikes|p2a: Baymax\n|-crit|p2a: Baymax\n|-damage|p2a: Baymax|4\/100\n|-crit|p2a: Baymax\n|-damage|p2a: Baymax|0 fnt\n|faint|p2a: Baymax\n|-hitcount|p2: Baymax|2\n|\n|upkeep\n|\n|t:|1641493762\n|switch|p2a: Clown|Blacephalon|100\/100\n|-damage|p2a: Clown|84\/100|[from] Spikes\n|-damage|p2a: Clown|59\/100|[from] Stealth Rock\n|turn|16\n|\n|t:|1641493772\n|move|p2a: Clown|Shadow Ball|p1a: Urshifu\n|-damage|p1a: Urshifu|0 fnt\n|faint|p1a: Urshifu\n|-ability|p2a: Clown|Beast Boost|boost\n|-boost|p2a: Clown|spa|1\n|\n|upkeep\n|\n|t:|1641493779\n|switch|p1a: Dragapult|Dragapult, M|100\/100\n|turn|17\n|\n|t:|1641493784\n|move|p2a: Clown|Shadow Ball|p1a: Dragapult\n|-supereffective|p1a: Dragapult\n|-damage|p1a: Dragapult|0 fnt\n|faint|p1a: Dragapult\n|\n|win|chinmaydagod\n|raw|damorush's rating: 1480 &rarr; <strong>1465<\/strong><br \/>(-15 for losing)\n|raw|chinmaydagod's rating: 1578 &rarr; <strong>1593<\/strong><br \/>(+15 for winning)\n","uploadtime":1641493788,"views":7,"p1id":"damorush","p2id":"chinmaydagod","formatid":"gen8ou","rating":1465,"private":0,"password":null}