{"id":"gen8ou-1638119247","p1":"irgendwasmitmeeem","p2":"okaybears","format":"gen8ou","log":"|j|\u2606irgendwasmitmeeem\n|j|\u203dokaybears\n|t:|1660317747\n|gametype|singles\n|player|p1|irgendwasmitmeeem|may-masters|1715\n|player|p2|okaybears|169|1640\n|teamsize|p1|6\n|teamsize|p2|6\n|gen|8\n|tier|[Gen 8] OU\n|rated|\n|rule|Sleep Clause Mod: Limit one foe put to sleep\n|rule|Species Clause: Limit one of each Pok\u00e9mon\n|rule|OHKO Clause: OHKO moves are banned\n|rule|Evasion Items Clause: Evasion items are banned\n|rule|Evasion Moves Clause: Evasion moves are banned\n|rule|Endless Battle Clause: Forcing endless battles is banned\n|rule|HP Percentage Mod: HP is shown in percentages\n|rule|Dynamax Clause: You cannot dynamax\n|clearpoke\n|poke|p1|Tapu Lele|\n|poke|p1|Tapu Fini|\n|poke|p1|Tapu Bulu|\n|poke|p1|Tapu Koko|\n|poke|p1|Heatran, M|\n|poke|p1|Landorus-Therian, M|\n|poke|p2|Clefable, F|\n|poke|p2|Dragonite, F|\n|poke|p2|Pelipper, F|\n|poke|p2|Urshifu-*, F|\n|poke|p2|Landorus-Therian, M|\n|poke|p2|Ferrothorn, M|\n|teampreview\n|\n|t:|1660317764\n|start\n|switch|p1a: Roadrunner|Tapu Koko, shiny|100\/100\n|switch|p2a: Landorus|Landorus-Therian, M|100\/100\n|-fieldstart|move: Electric Terrain|[from] ability: Electric Surge|[of] p1a: Roadrunner\n|-ability|p2a: Landorus|Intimidate|boost\n|-unboost|p1a: Roadrunner|atk|1\n|turn|1\n|inactive|Battle timer is ON: inactive players will automatically lose when time's up. (requested by irgendwasmitmeeem)\n|\n|t:|1660317770\n|move|p1a: Roadrunner|U-turn|p2a: Landorus\n|-resisted|p2a: Landorus\n|-damage|p2a: Landorus|96\/100\n|\n|t:|1660317772\n|switch|p1a: Enten|Landorus-Therian, M, shiny|100\/100|[from]move: U-turn\n|-ability|p1a: Enten|Intimidate|boost\n|-unboost|p2a: Landorus|atk|1\n|move|p2a: Landorus|U-turn|p1a: Enten\n|-resisted|p1a: Enten\n|-damage|p1a: Enten|95\/100\n|\n|t:|1660317776\n|switch|p2a: Urshifu|Urshifu-Rapid-Strike, F|100\/100|[from]move: U-turn\n|\n|-heal|p1a: Enten|100\/100|[from] item: Leftovers\n|upkeep\n|turn|2\n|\n|t:|1660317782\n|switch|p1a: Saruman|Tapu Fini, shiny|100\/100\n|-fieldstart|move: Misty Terrain|[from] ability: Misty Surge|[of] p1a: Saruman\n|move|p2a: Urshifu|Surging Strikes|p1a: Saruman\n|-resisted|p1a: Saruman\n|-crit|p1a: Saruman\n|-damage|p1a: Saruman|90\/100\n|-resisted|p1a: Saruman\n|-crit|p1a: Saruman\n|-damage|p1a: Saruman|79\/100\n|-resisted|p1a: Saruman\n|-crit|p1a: Saruman\n|-damage|p1a: Saruman|68\/100\n|-hitcount|p1a: Saruman|3\n|\n|upkeep\n|turn|3\n|\n|t:|1660317786\n|switch|p1a: VulcanoKid|Heatran, M, shiny|100\/100\n|switch|p2a: Ferrothorn|Ferrothorn, M|100\/100\n|\n|upkeep\n|turn|4\n|\n|t:|1660317789\n|switch|p2a: Pelipper|Pelipper, F|100\/100\n|-weather|RainDance|[from] ability: Drizzle|[of] p2a: Pelipper\n|move|p1a: VulcanoKid|Magma Storm|p2a: Pelipper\n|-resisted|p2a: Pelipper\n|-damage|p2a: Pelipper|73\/100\n|-activate|p2a: Pelipper|move: Magma Storm|[of] p1a: VulcanoKid\n|\n|-weather|RainDance|[upkeep]\n|-damage|p2a: Pelipper|61\/100|[from] move: Magma Storm|[partiallytrapped]\n|upkeep\n|turn|5\n|\n|t:|1660317797\n|switch|p1a: Roadrunner|Tapu Koko, shiny|100\/100\n|-fieldstart|move: Electric Terrain|[from] ability: Electric Surge|[of] p1a: Roadrunner\n|move|p2a: Pelipper|Weather Ball|p1a: Roadrunner\n|-damage|p1a: Roadrunner|0 fnt\n|faint|p1a: Roadrunner\n|\n|-weather|RainDance|[upkeep]\n|-end|p2a: Pelipper|Magma Storm|[partiallytrapped]|[silent]\n|upkeep\n|\n|t:|1660317801\n|switch|p1a: VulcanoKid|Heatran, M, shiny|100\/100\n|turn|6\n|\n|t:|1660317805\n|switch|p2a: Clefable|Clefable, F|100\/100\n|move|p1a: VulcanoKid|Nature Power|p2a: Clefable\n|move|p1a: VulcanoKid|Thunderbolt|p2a: Clefable|[from]move: Nature Power\n|-damage|p2a: Clefable|57\/100\n|-status|p2a: Clefable|par\n|\n|-weather|RainDance|[upkeep]\n|-heal|p2a: Clefable|63\/100 par|[from] item: Leftovers\n|upkeep\n|turn|7\n|\n|t:|1660317815\n|switch|p2a: Landorus|Landorus-Therian, M|96\/100\n|-ability|p2a: Landorus|Intimidate|boost\n|-unboost|p1a: VulcanoKid|atk|1\n|move|p1a: VulcanoKid|Magma Storm|p2a: Landorus\n|-damage|p2a: Landorus|68\/100\n|-activate|p2a: Landorus|move: Magma Storm|[of] p1a: VulcanoKid\n|\n|-weather|RainDance|[upkeep]\n|-heal|p2a: Landorus|75\/100|[from] item: Leftovers\n|-damage|p2a: Landorus|62\/100|[from] move: Magma Storm|[partiallytrapped]\n|upkeep\n|turn|8\n|\n|t:|1660317824\n|switch|p1a: Saruman|Tapu Fini, shiny|68\/100\n|-fieldstart|move: Misty Terrain|[from] ability: Misty Surge|[of] p1a: Saruman\n|move|p2a: Landorus|U-turn|p1a: Saruman\n|-resisted|p1a: Saruman\n|-damage|p1a: Saruman|57\/100\n|\n|t:|1660317832\n|switch|p2a: Ferrothorn|Ferrothorn, M|100\/100|[from]move: U-turn\n|\n|-weather|none\n|upkeep\n|turn|9\n|\n|t:|1660317837\n|switch|p1a: VulcanoKid|Heatran, M, shiny|100\/100\n|move|p2a: Ferrothorn|Gyro Ball|p1a: VulcanoKid\n|-resisted|p1a: VulcanoKid\n|-damage|p1a: VulcanoKid|88\/100\n|\n|-heal|p1a: VulcanoKid|95\/100|[from] item: Leftovers\n|upkeep\n|turn|10\n|\n|t:|1660317850\n|switch|p2a: Clefable|Clefable, F|63\/100 par\n|move|p1a: VulcanoKid|Nature Power|p2a: Clefable\n|move|p1a: VulcanoKid|Moonblast|p2a: Clefable|[from]move: Nature Power\n|-damage|p2a: Clefable|27\/100 par\n|\n|-heal|p1a: VulcanoKid|100\/100|[from] item: Leftovers\n|-heal|p2a: Clefable|33\/100 par|[from] item: Leftovers\n|upkeep\n|turn|11\n|\n|t:|1660317854\n|move|p1a: VulcanoKid|Nature Power|p2a: Clefable\n|move|p1a: VulcanoKid|Moonblast|p2a: Clefable|[from]move: Nature Power\n|-damage|p2a: Clefable|0 fnt\n|faint|p2a: Clefable\n|\n|upkeep\n|\n|t:|1660317858\n|switch|p2a: Urshifu|Urshifu-Rapid-Strike, F|100\/100\n|turn|12\n|\n|t:|1660317863\n|switch|p1a: Saruman|Tapu Fini, shiny|57\/100\n|move|p2a: Urshifu|Close Combat|p1a: Saruman\n|-resisted|p1a: Saruman\n|-damage|p1a: Saruman|23\/100\n|-unboost|p2a: Urshifu|def|1\n|-unboost|p2a: Urshifu|spd|1\n|\n|-fieldend|Misty Terrain\n|upkeep\n|turn|13\n|\n|t:|1660317875\n|switch|p1a: VulcanoKid|Heatran, M, shiny|100\/100\n|switch|p2a: Ferrothorn|Ferrothorn, M|100\/100\n|\n|upkeep\n|turn|14\n|\n|t:|1660317881\n|switch|p2a: Dragonite|Dragonite, F|100\/100\n|move|p1a: VulcanoKid|Magma Storm|p2a: Dragonite\n|-resisted|p2a: Dragonite\n|-damage|p2a: Dragonite|88\/100\n|-activate|p2a: Dragonite|move: Magma Storm|[of] p1a: VulcanoKid\n|\n|-damage|p2a: Dragonite|76\/100|[from] move: Magma Storm|[partiallytrapped]\n|upkeep\n|turn|15\n|\n|t:|1660317890\n|switch|p1a: Enten|Landorus-Therian, M, shiny|100\/100\n|-ability|p1a: Enten|Intimidate|boost\n|-unboost|p2a: Dragonite|atk|1\n|move|p2a: Dragonite|Roost|p2a: Dragonite\n|-heal|p2a: Dragonite|100\/100\n|-singleturn|p2a: Dragonite|move: Roost\n|\n|-end|p2a: Dragonite|Magma Storm|[partiallytrapped]|[silent]\n|upkeep\n|turn|16\n|\n|t:|1660317893\n|move|p2a: Dragonite|Surf|p1a: Enten\n|-supereffective|p1a: Enten\n|-damage|p1a: Enten|58\/100\n|move|p1a: Enten|Toxic|p2a: Dragonite|[miss]\n|-miss|p1a: Enten|p2a: Dragonite\n|\n|-heal|p1a: Enten|64\/100|[from] item: Leftovers\n|upkeep\n|turn|17\n|\n|t:|1660317898\n|move|p2a: Dragonite|Surf|p1a: Enten\n|-supereffective|p1a: Enten\n|-damage|p1a: Enten|18\/100\n|move|p1a: Enten|Toxic|p2a: Dragonite\n|-status|p2a: Dragonite|tox\n|\n|-heal|p1a: Enten|24\/100|[from] item: Leftovers\n|-damage|p2a: Dragonite|94\/100 tox|[from] psn\n|upkeep\n|turn|18\n|\n|t:|1660317906\n|move|p2a: Dragonite|Heal Bell|p2a: Dragonite\n|-activate|p2a: Dragonite|move: Heal Bell\n|-curestatus|p2a: Dragonite|tox|[msg]\n|move|p1a: Enten|Stealth Rock|p2a: Dragonite\n|-sidestart|p2: okaybears|move: Stealth Rock\n|\n|-heal|p1a: Enten|30\/100|[from] item: Leftovers\n|upkeep\n|turn|19\n|\n|t:|1660317911\n|move|p2a: Dragonite|Hurricane|p1a: Enten|[miss]\n|-miss|p2a: Dragonite|p1a: Enten\n|move|p1a: Enten|U-turn|p2a: Dragonite\n|-resisted|p2a: Dragonite\n|-damage|p2a: Dragonite|87\/100\n|\n|t:|1660317923\n|switch|p1a: Psychokinese|Tapu Lele, shiny|100\/100|[from]move: U-turn\n|-fieldstart|move: Psychic Terrain|[from] ability: Psychic Surge|[of] p1a: Psychokinese\n|\n|upkeep\n|turn|20\n|\n|t:|1660317931\n|switch|p2a: Pelipper|Pelipper, F|61\/100\n|-damage|p2a: Pelipper|36\/100|[from] Stealth Rock\n|-weather|RainDance|[from] ability: Drizzle|[of] p2a: Pelipper\n|move|p1a: Psychokinese|Moonblast|p2a: Pelipper\n|-damage|p2a: Pelipper|0 fnt\n|faint|p2a: Pelipper\n|\n|-weather|RainDance|[upkeep]\n|upkeep\n|\n|t:|1660317933\n|switch|p2a: Ferrothorn|Ferrothorn, M|100\/100\n|-damage|p2a: Ferrothorn|94\/100|[from] Stealth Rock\n|turn|21\n|\n|t:|1660317943\n|switch|p1a: VulcanoKid|Heatran, M, shiny|100\/100\n|move|p2a: Ferrothorn|Gyro Ball|p1a: VulcanoKid\n|-resisted|p1a: VulcanoKid\n|-damage|p1a: VulcanoKid|88\/100\n|\n|-weather|RainDance|[upkeep]\n|-heal|p1a: VulcanoKid|95\/100|[from] item: Leftovers\n|-heal|p2a: Ferrothorn|100\/100|[from] item: Leftovers\n|upkeep\n|turn|22\n|\n|t:|1660317950\n|move|p2a: Ferrothorn|Protect|p2a: Ferrothorn\n|-singleturn|p2a: Ferrothorn|Protect\n|move|p1a: VulcanoKid|Nature Power|p2a: Ferrothorn\n|move|p1a: VulcanoKid|Psychic|p2a: Ferrothorn|[from]move: Nature Power\n|-activate|p2a: Ferrothorn|move: Protect\n|\n|-weather|RainDance|[upkeep]\n|-heal|p1a: VulcanoKid|100\/100|[from] item: Leftovers\n|upkeep\n|turn|23\n|\n|t:|1660317956\n|switch|p2a: Landorus|Landorus-Therian, M|62\/100\n|-damage|p2a: Landorus|50\/100|[from] Stealth Rock\n|-ability|p2a: Landorus|Intimidate|boost\n|-unboost|p1a: VulcanoKid|atk|1\n|move|p1a: VulcanoKid|Magma Storm|p2a: Landorus\n|-damage|p2a: Landorus|19\/100\n|-activate|p2a: Landorus|move: Magma Storm|[of] p1a: VulcanoKid\n|\n|-weather|RainDance|[upkeep]\n|-heal|p2a: Landorus|26\/100|[from] item: Leftovers\n|-damage|p2a: Landorus|13\/100|[from] move: Magma Storm|[partiallytrapped]\n|-fieldend|move: Psychic Terrain\n|upkeep\n|turn|24\n|\n|t:|1660317978\n|move|p1a: VulcanoKid|Nature Power|p2a: Landorus\n|move|p1a: VulcanoKid|Tri Attack|p2a: Landorus|[from]move: Nature Power\n|-damage|p2a: Landorus|0 fnt\n|faint|p2a: Landorus\n|\n|-weather|none\n|upkeep\n|\n|t:|1660317983\n|switch|p2a: Urshifu|Urshifu-Rapid-Strike, F|100\/100\n|-damage|p2a: Urshifu|94\/100|[from] Stealth Rock\n|turn|25\n|\n|t:|1660317989\n|switch|p1a: Hufflepuff|Tapu Bulu, shiny|100\/100\n|-fieldstart|move: Grassy Terrain|[from] ability: Grassy Surge|[of] p1a: Hufflepuff\n|move|p2a: Urshifu|Surging Strikes|p1a: Hufflepuff\n|-resisted|p1a: Hufflepuff\n|-crit|p1a: Hufflepuff\n|-damage|p1a: Hufflepuff|89\/100\n|-resisted|p1a: Hufflepuff\n|-crit|p1a: Hufflepuff\n|-damage|p1a: Hufflepuff|79\/100\n|-resisted|p1a: Hufflepuff\n|-crit|p1a: Hufflepuff\n|-damage|p1a: Hufflepuff|69\/100\n|-hitcount|p1a: Hufflepuff|3\n|\n|-heal|p2a: Urshifu|100\/100|[from] Grassy Terrain\n|-heal|p1a: Hufflepuff|75\/100|[from] Grassy Terrain\n|upkeep\n|turn|26\n|\n|t:|1660317994\n|move|p2a: Urshifu|U-turn|p1a: Hufflepuff\n|-damage|p1a: Hufflepuff|48\/100\n|\n|t:|1660317997\n|switch|p2a: Dragonite|Dragonite, F|87\/100|[from]move: U-turn\n|move|p1a: Hufflepuff|Close Combat|p2a: Dragonite\n|-resisted|p2a: Dragonite\n|-damage|p2a: Dragonite|61\/100\n|-unboost|p1a: Hufflepuff|def|1\n|-unboost|p1a: Hufflepuff|spd|1\n|\n|-heal|p1a: Hufflepuff|54\/100|[from] Grassy Terrain\n|upkeep\n|turn|27\n|\n|t:|1660318003\n|switch|p1a: Psychokinese|Tapu Lele, shiny|100\/100\n|-fieldstart|move: Psychic Terrain|[from] ability: Psychic Surge|[of] p1a: Psychokinese\n|move|p2a: Dragonite|Roost|p2a: Dragonite\n|-heal|p2a: Dragonite|100\/100\n|-singleturn|p2a: Dragonite|move: Roost\n|\n|upkeep\n|turn|28\n|\n|t:|1660318008\n|move|p2a: Dragonite|Roost||[still]\n|-fail|p2a: Dragonite|heal\n|move|p1a: Psychokinese|Psychic|p2a: Dragonite\n|-damage|p2a: Dragonite|59\/100\n|\n|upkeep\n|turn|29\n|\n|t:|1660318014\n|move|p2a: Dragonite|Roost|p2a: Dragonite\n|-heal|p2a: Dragonite|100\/100\n|-singleturn|p2a: Dragonite|move: Roost\n|move|p1a: Psychokinese|Psychic|p2a: Dragonite\n|-damage|p2a: Dragonite|59\/100\n|\n|upkeep\n|turn|30\n|\n|t:|1660318017\n|move|p2a: Dragonite|Roost|p2a: Dragonite\n|-heal|p2a: Dragonite|100\/100\n|-singleturn|p2a: Dragonite|move: Roost\n|move|p1a: Psychokinese|Psychic|p2a: Dragonite\n|-damage|p2a: Dragonite|54\/100\n|\n|upkeep\n|turn|31\n|\n|t:|1660318020\n|move|p2a: Dragonite|Roost|p2a: Dragonite\n|-heal|p2a: Dragonite|100\/100\n|-singleturn|p2a: Dragonite|move: Roost\n|move|p1a: Psychokinese|Psychic|p2a: Dragonite\n|-damage|p2a: Dragonite|52\/100\n|\n|-fieldend|move: Psychic Terrain\n|upkeep\n|turn|32\n|\n|t:|1660318026\n|move|p2a: Dragonite|Roost|p2a: Dragonite\n|-heal|p2a: Dragonite|100\/100\n|-singleturn|p2a: Dragonite|move: Roost\n|move|p1a: Psychokinese|Psychic|p2a: Dragonite\n|-damage|p2a: Dragonite|64\/100\n|\n|upkeep\n|turn|33\n|\n|t:|1660318032\n|switch|p2a: Ferrothorn|Ferrothorn, M|100\/100\n|-damage|p2a: Ferrothorn|94\/100|[from] Stealth Rock\n|move|p1a: Psychokinese|Psychic|p2a: Ferrothorn\n|-resisted|p2a: Ferrothorn\n|-damage|p2a: Ferrothorn|69\/100\n|-unboost|p2a: Ferrothorn|spd|1\n|\n|-heal|p2a: Ferrothorn|75\/100|[from] item: Leftovers\n|upkeep\n|turn|34\n|\n|t:|1660318040\n|switch|p1a: VulcanoKid|Heatran, M, shiny|100\/100\n|switch|p2a: Urshifu|Urshifu-Rapid-Strike, F|100\/100\n|-damage|p2a: Urshifu|94\/100|[from] Stealth Rock\n|\n|upkeep\n|turn|35\n|\n|t:|1660318046\n|switch|p1a: Enten|Landorus-Therian, M, shiny|30\/100\n|-ability|p1a: Enten|Intimidate|boost\n|-unboost|p2a: Urshifu|atk|1\n|move|p2a: Urshifu|Surging Strikes|p1a: Enten\n|-supereffective|p1a: Enten\n|-crit|p1a: Enten\n|-damage|p1a: Enten|0 fnt\n|faint|p1a: Enten\n|-hitcount|p1: Enten|1\n|\n|upkeep\n|\n|t:|1660318055\n|switch|p1a: Hufflepuff|Tapu Bulu, shiny|54\/100\n|-fieldstart|move: Grassy Terrain|[from] ability: Grassy Surge|[of] p1a: Hufflepuff\n|turn|36\n|\n|t:|1660318060\n|move|p2a: Urshifu|U-turn|p1a: Hufflepuff\n|-damage|p1a: Hufflepuff|36\/100\n|\n|t:|1660318063\n|switch|p2a: Dragonite|Dragonite, F|64\/100|[from]move: U-turn\n|move|p1a: Hufflepuff|Stone Edge|p2a: Dragonite\n|-supereffective|p2a: Dragonite\n|-damage|p2a: Dragonite|0 fnt\n|faint|p2a: Dragonite\n|\n|-heal|p1a: Hufflepuff|42\/100|[from] Grassy Terrain\n|upkeep\n|\n|t:|1660318066\n|switch|p2a: Urshifu|Urshifu-Rapid-Strike, F|94\/100\n|-damage|p2a: Urshifu|88\/100|[from] Stealth Rock\n|turn|37\n|\n|t:|1660318075\n|move|p2a: Urshifu|Surging Strikes|p1a: Hufflepuff\n|-resisted|p1a: Hufflepuff\n|-crit|p1a: Hufflepuff\n|-damage|p1a: Hufflepuff|32\/100\n|-resisted|p1a: Hufflepuff\n|-crit|p1a: Hufflepuff\n|-damage|p1a: Hufflepuff|22\/100\n|-resisted|p1a: Hufflepuff\n|-crit|p1a: Hufflepuff\n|-damage|p1a: Hufflepuff|11\/100\n|-hitcount|p1a: Hufflepuff|3\n|move|p1a: Hufflepuff|Stone Edge|p2a: Urshifu\n|-resisted|p2a: Urshifu\n|-damage|p2a: Urshifu|61\/100\n|\n|-heal|p2a: Urshifu|67\/100|[from] Grassy Terrain\n|-heal|p1a: Hufflepuff|17\/100|[from] Grassy Terrain\n|upkeep\n|turn|38\n|\n|t:|1660318080\n|move|p2a: Urshifu|Surging Strikes|p1a: Hufflepuff\n|-resisted|p1a: Hufflepuff\n|-crit|p1a: Hufflepuff\n|-damage|p1a: Hufflepuff|6\/100\n|-resisted|p1a: Hufflepuff\n|-crit|p1a: Hufflepuff\n|-damage|p1a: Hufflepuff|0 fnt\n|faint|p1a: Hufflepuff\n|-hitcount|p1: Hufflepuff|2\n|\n|-heal|p2a: Urshifu|73\/100|[from] Grassy Terrain\n|upkeep\n|\n|t:|1660318083\n|switch|p1a: Saruman|Tapu Fini, shiny|23\/100\n|-fieldstart|move: Misty Terrain|[from] ability: Misty Surge|[of] p1a: Saruman\n|turn|39\n|\n|t:|1660318086\n|switch|p1a: VulcanoKid|Heatran, M, shiny|100\/100\n|switch|p2a: Ferrothorn|Ferrothorn, M|75\/100\n|-damage|p2a: Ferrothorn|69\/100|[from] Stealth Rock\n|\n|-heal|p2a: Ferrothorn|75\/100|[from] item: Leftovers\n|upkeep\n|turn|40\n|\n|t:|1660318091\n|move|p2a: Ferrothorn|Protect|p2a: Ferrothorn\n|-singleturn|p2a: Ferrothorn|Protect\n|move|p1a: VulcanoKid|Magma Storm|p2a: Ferrothorn\n|-activate|p2a: Ferrothorn|move: Protect\n|\n|-heal|p2a: Ferrothorn|81\/100|[from] item: Leftovers\n|upkeep\n|turn|41\n|\n|t:|1660318094\n|switch|p2a: Urshifu|Urshifu-Rapid-Strike, F|73\/100\n|-damage|p2a: Urshifu|67\/100|[from] Stealth Rock\n|move|p1a: VulcanoKid|Nature Power|p2a: Urshifu\n|move|p1a: VulcanoKid|Moonblast|p2a: Urshifu|[from]move: Nature Power\n|-supereffective|p2a: Urshifu\n|-damage|p2a: Urshifu|0 fnt\n|faint|p2a: Urshifu\n|\n|upkeep\n|\n|t:|1660318099\n|switch|p2a: Ferrothorn|Ferrothorn, M|81\/100\n|-damage|p2a: Ferrothorn|75\/100|[from] Stealth Rock\n|turn|42\n|\n|t:|1660318104\n|move|p1a: VulcanoKid|Magma Storm|p2a: Ferrothorn\n|-supereffective|p2a: Ferrothorn\n|-damage|p2a: Ferrothorn|0 fnt\n|faint|p2a: Ferrothorn\n|\n|win|irgendwasmitmeeem\n|raw|irgendwasmitmeeem's rating: 1715 &rarr; <strong>1731<\/strong><br \/>(+16 for winning)\n|raw|okaybears's rating: 1640 &rarr; <strong>1624<\/strong><br \/>(-16 for losing)\n|l|\u203dokaybears\n||Ladder isn't responding, score probably updated but might not have (Request timeout).\n","uploadtime":1660318112,"views":60,"p1id":"irgendwasmitmeeem","p2id":"okaybears","formatid":"gen8ou","rating":1624,"private":0,"password":null}