{"id":"gen8ou-1670397740","p1":"UglyBitch69","p2":"ldailey19","format":"gen8ou","log":"|j|\u2606UglyBitch69\n|j|\u2606ldailey19\n|t:|1663827624\n|gametype|singles\n|player|p1|UglyBitch69|drayden|1555\n|player|p2|ldailey19|lance|1543\n|teamsize|p1|6\n|teamsize|p2|6\n|gen|8\n|tier|[Gen 8] OU\n|rated|\n|rule|Sleep Clause Mod: Limit one foe put to sleep\n|rule|Species Clause: Limit one of each Pok\u00e9mon\n|rule|OHKO Clause: OHKO moves are banned\n|rule|Evasion Items Clause: Evasion items are banned\n|rule|Evasion Moves Clause: Evasion moves are banned\n|rule|Endless Battle Clause: Forcing endless battles is banned\n|rule|HP Percentage Mod: HP is shown in percentages\n|rule|Dynamax Clause: You cannot dynamax\n|clearpoke\n|poke|p1|Landorus-Therian, M|\n|poke|p1|Magnezone|\n|poke|p1|Zygarde-10%|\n|poke|p1|Volcarona, F|\n|poke|p1|Primarina, M|\n|poke|p1|Kartana|\n|poke|p2|Magnezone|\n|poke|p2|Weavile, M|\n|poke|p2|Urshifu-*, F|\n|poke|p2|Heatran, M|\n|poke|p2|Landorus-Therian, M|\n|poke|p2|Dragapult, M|\n|teampreview\n|inactive|Battle timer is ON: inactive players will automatically lose when time's up. (requested by ldailey19)\n|inactive|UglyBitch69 has 120 seconds left.\n|\n|t:|1663827667\n|start\n|switch|p1a: Urshifu Water|Primarina, M|100\/100\n|switch|p2a: Dragapult|Dragapult, M, shiny|100\/100\n|turn|1\n|\n|t:|1663827687\n|move|p2a: Dragapult|U-turn|p1a: Urshifu Water\n|-resisted|p1a: Urshifu Water\n|-damage|p1a: Urshifu Water|85\/100\n|\n|t:|1663827691\n|switch|p2a: Magnezone|Magnezone, shiny|100\/100|[from]move: U-turn\n|move|p1a: Urshifu Water|Hydro Pump|p2a: Magnezone\n|-damage|p2a: Magnezone|37\/100\n|\n|upkeep\n|turn|2\n|\n|t:|1663827699\n|move|p1a: Urshifu Water|Hydro Pump|p2a: Magnezone\n|-damage|p2a: Magnezone|0 fnt\n|faint|p2a: Magnezone\n|\n|upkeep\n|inactive|ldailey19 has 120 seconds left.\n|\n|t:|1663827736\n|switch|p2a: Urshifu|Urshifu-Rapid-Strike, F|100\/100\n|turn|3\n|inactive|ldailey19 has 120 seconds left.\n|\n|t:|1663827751\n|switch|p1a: Entry Hazards|Volcarona, F|100\/100\n|move|p2a: Urshifu|Thunder Punch|p1a: Entry Hazards\n|-damage|p1a: Entry Hazards|78\/100\n|-status|p2a: Urshifu|brn|[from] ability: Flame Body|[of] p1a: Entry Hazards\n|\n|-damage|p2a: Urshifu|94\/100 brn|[from] brn\n|upkeep\n|turn|4\n|inactive|ldailey19 has 120 seconds left.\n|\n|t:|1663827759\n|move|p2a: Urshifu|Surging Strikes|p1a: Entry Hazards\n|-supereffective|p1a: Entry Hazards\n|-crit|p1a: Entry Hazards\n|-damage|p1a: Entry Hazards|59\/100\n|-supereffective|p1a: Entry Hazards\n|-crit|p1a: Entry Hazards\n|-damage|p1a: Entry Hazards|40\/100\n|-supereffective|p1a: Entry Hazards\n|-crit|p1a: Entry Hazards\n|-damage|p1a: Entry Hazards|23\/100\n|-hitcount|p1a: Entry Hazards|3\n|move|p1a: Entry Hazards|U-turn|p2a: Urshifu\n|-resisted|p2a: Urshifu\n|-damage|p2a: Urshifu|87\/100 brn\n|\n|t:|1663827773\n|switch|p1a: Kartana|Kartana, shiny|100\/100|[from]move: U-turn\n|\n|-damage|p2a: Urshifu|81\/100 brn|[from] brn\n|upkeep\n|turn|5\n|\n|t:|1663827781\n|switch|p2a: Landorus|Landorus-Therian, M|100\/100\n|-ability|p2a: Landorus|Intimidate|boost\n|-unboost|p1a: Kartana|atk|1\n|move|p1a: Kartana|Leaf Blade|p2a: Landorus\n|-damage|p2a: Landorus|73\/100\n|-damage|p1a: Kartana|84\/100|[from] item: Rocky Helmet|[of] p2a: Landorus\n|\n|upkeep\n|turn|6\n|\n|t:|1663827795\n|switch|p1a: Entry Hazards|Volcarona, F|23\/100\n|move|p2a: Landorus|Knock Off|p1a: Entry Hazards\n|-damage|p1a: Entry Hazards|0 fnt\n|-enditem|p1a: Entry Hazards|Heavy-Duty Boots|[from] move: Knock Off|[of] p2a: Landorus\n|faint|p1a: Entry Hazards\n|\n|upkeep\n|\n|t:|1663827802\n|switch|p1a: Urshifu Water|Primarina, M|85\/100\n|turn|7\n|\n|t:|1663827815\n|move|p2a: Landorus|Knock Off|p1a: Urshifu Water\n|-resisted|p1a: Urshifu Water\n|-damage|p1a: Urshifu Water|64\/100\n|-enditem|p1a: Urshifu Water|Choice Specs|[from] move: Knock Off|[of] p2a: Landorus\n|move|p1a: Urshifu Water|Hydro Pump|p2a: Landorus\n|-supereffective|p2a: Landorus\n|-damage|p2a: Landorus|0 fnt\n|faint|p2a: Landorus\n|\n|upkeep\n|\n|t:|1663827832\n|switch|p2a: Urshifu|Urshifu-Rapid-Strike, F|81\/100 brn\n|turn|8\n|\n|t:|1663827838\n|switch|p1a: Non-Binary|Magnezone|100\/100\n|move|p2a: Urshifu|Thunder Punch|p1a: Non-Binary\n|-resisted|p1a: Non-Binary\n|-damage|p1a: Non-Binary|94\/100\n|\n|-damage|p2a: Urshifu|75\/100 brn|[from] brn\n|upkeep\n|turn|9\n|\n|t:|1663827847\n|move|p2a: Urshifu|Close Combat|p1a: Non-Binary\n|-supereffective|p1a: Non-Binary\n|-enditem|p1a: Non-Binary|Chople Berry|[eat]\n|-enditem|p1a: Non-Binary|Chople Berry|[weaken]\n|-damage|p1a: Non-Binary|66\/100\n|-unboost|p2a: Urshifu|def|1\n|-unboost|p2a: Urshifu|spd|1\n|move|p1a: Non-Binary|Volt Switch|p2a: Urshifu\n|-supereffective|p2a: Urshifu\n|-damage|p2a: Urshifu|0 fnt\n|faint|p2a: Urshifu\n|\n|t:|1663827859\n|switch|p1a: Urshifu Water|Primarina, M|64\/100|[from]move: Volt Switch\n|\n|upkeep\n|\n|t:|1663827870\n|switch|p2a: Dragapult|Dragapult, M, shiny|100\/100\n|turn|10\n|\n|t:|1663827877\n|move|p2a: Dragapult|Phantom Force||[still]\n|-prepare|p2a: Dragapult|Phantom Force\n|move|p1a: Urshifu Water|Moonblast|p2a: Dragapult|[miss]\n|-miss|p1a: Urshifu Water|p2a: Dragapult\n|\n|upkeep\n|turn|11\n|\n|t:|1663827882\n|move|p2a: Dragapult|Phantom Force|p1a: Urshifu Water|[from]lockedmove\n|-damage|p1a: Urshifu Water|7\/100\n|move|p1a: Urshifu Water|Moonblast|p2a: Dragapult\n|-supereffective|p2a: Dragapult\n|-enditem|p2a: Dragapult|Focus Sash\n|-damage|p2a: Dragapult|1\/100\n|-unboost|p2a: Dragapult|spa|1\n|\n|upkeep\n|turn|12\n|\n|t:|1663827898\n|move|p2a: Dragapult|U-turn|p1a: Urshifu Water\n|-resisted|p1a: Urshifu Water\n|-damage|p1a: Urshifu Water|0 fnt\n|faint|p1a: Urshifu Water\n|\n|t:|1663827911\n|switch|p2a: Heatran|Heatran, M, shiny|100\/100|[from]move: U-turn\n|-item|p2a: Heatran|Air Balloon\n|\n|upkeep\n|\n|t:|1663827914\n|switch|p1a: Zygarde|Zygarde-10%, shiny|100\/100\n|-ability|p1a: Zygarde|Aura Break\n|turn|13\n|\n|t:|1663827936\n|move|p2a: Heatran|Protect|p2a: Heatran\n|-singleturn|p2a: Heatran|Protect\n|move|p1a: Zygarde|Thousand Arrows|p2a: Heatran\n|-activate|p2a: Heatran|move: Protect\n|\n|upkeep\n|turn|14\n|c|\u2606UglyBitch69|I mean\n|c|\u2606UglyBitch69|what did you expect\n|c|\u2606UglyBitch69|eq?\n|c|\u2606UglyBitch69|on zygarde?\n|inactive|ldailey19 has 120 seconds left.\n|inactive|ldailey19 has 90 seconds left.\n|c|\u2606UglyBitch69|Someones dying this turn\n|\n|t:|1663827990\n|switch|p2a: Dragapult|Dragapult, M, shiny|1\/100\n|move|p1a: Zygarde|Thousand Arrows|p2a: Dragapult\n|-crit|p2a: Dragapult\n|-damage|p2a: Dragapult|0 fnt\n|faint|p2a: Dragapult\n|\n|upkeep\n|j| TwoTreesWaiting\n|\n|t:|1663828006\n|switch|p2a: Weavile|Weavile, M|100\/100\n|-ability|p2a: Weavile|Pressure\n|turn|15\n|\n|t:|1663828015\n|switch|p1a: Kartana|Kartana, shiny|84\/100\n|move|p2a: Weavile|Knock Off|p1a: Kartana\n|-damage|p1a: Kartana|14\/100\n|-enditem|p1a: Kartana|Choice Scarf|[from] move: Knock Off|[of] p2a: Weavile\n|\n|upkeep\n|turn|16\n|\n|t:|1663828022\n|move|p2a: Weavile|Knock Off|p1a: Kartana\n|-damage|p1a: Kartana|0 fnt\n|faint|p1a: Kartana\n|\n|upkeep\n|\n|t:|1663828023\n|switch|p1a: Non-Binary|Magnezone|66\/100\n|turn|17\n|inactive|ldailey19 has 90 seconds left.\n|c|\u2606UglyBitch69|I dont need no kartana to win\n|inactive|ldailey19 has 60 seconds left.\n|\n|t:|1663828067\n|move|p2a: Weavile|Knock Off|p1a: Non-Binary\n|-damage|p1a: Non-Binary|20\/100\n|move|p1a: Non-Binary|Volt Switch|p2a: Weavile\n|-damage|p2a: Weavile|32\/100\n|c|\u2606UglyBitch69|Girl\n|\n|t:|1663828072\n|switch|p1a: Zygarde|Zygarde-10%, shiny|100\/100|[from]move: Volt Switch\n|-ability|p1a: Zygarde|Aura Break\n|\n|upkeep\n|turn|18\n|inactive|ldailey19 has 60 seconds left.\n|c|\u2606UglyBitch69|Just mooooveee\n|\n|t:|1663828100\n|move|p1a: Zygarde|Extreme Speed|p2a: Weavile\n|-damage|p2a: Weavile|0 fnt\n|faint|p2a: Weavile\n|\n|upkeep\n|c|\u2606UglyBitch69|Slow as hell and for what\n|j| jerryyyyzhaaaaa\n|-message|ldailey19 forfeited.\n|\n|win|UglyBitch69\n|raw|UglyBitch69's rating: 1555 &rarr; <strong>1574<\/strong><br \/>(+19 for winning)\n|raw|ldailey19's rating: 1543 &rarr; <strong>1524<\/strong><br \/>(-19 for losing)\n|l|\u2606ldailey19\n","uploadtime":1663828114,"views":13,"p1id":"uglybitch69","p2id":"ldailey19","formatid":"gen8ou","rating":1524,"private":0,"password":null}