{"id":"gen8ou-1488034225","p1":"justatest123","p2":"LECH24","format":"gen8ou","log":"|j|\u2606justatest123\n|j|\u2606LECH24\n|t:|1641700429\n|gametype|singles\n|player|p1|justatest123|backpacker|1697\n|player|p2|LECH24|102|1644\n|teamsize|p1|6\n|teamsize|p2|6\n|gen|8\n|tier|[Gen 8] OU\n|rated|\n|rule|Sleep Clause Mod: Limit one foe put to sleep\n|rule|Species Clause: Limit one of each Pok\u00e9mon\n|rule|OHKO Clause: OHKO moves are banned\n|rule|Evasion Moves Clause: Evasion moves are banned\n|rule|Endless Battle Clause: Forcing endless battles is banned\n|rule|HP Percentage Mod: HP is shown in percentages\n|rule|Dynamax Clause: You cannot dynamax\n|clearpoke\n|poke|p1|Weavile, M|\n|poke|p1|Tapu Lele|\n|poke|p1|Heatran, M|\n|poke|p1|Landorus-Therian, M|\n|poke|p1|Ferrothorn, M|\n|poke|p1|Zapdos|\n|poke|p2|Zarude|\n|poke|p2|Weavile, F|\n|poke|p2|Melmetal|\n|poke|p2|Clefable, F|\n|poke|p2|Landorus-Therian, M|\n|poke|p2|Tapu Koko|\n|teampreview\n|j| SilentDD\n|inactive|Battle timer is ON: inactive players will automatically lose when time's up. (requested by justatest123)\n|\n|t:|1641700492\n|start\n|switch|p1a: Weavile|Weavile, M|100\/100\n|switch|p2a: Melmetal|Melmetal|100\/100\n|-ability|p1a: Weavile|Pressure\n|turn|1\n|\n|t:|1641700496\n|switch|p1a: Zapdos|Zapdos|100\/100\n|move|p2a: Melmetal|Superpower|p1a: Zapdos\n|-resisted|p1a: Zapdos\n|-damage|p1a: Zapdos|83\/100\n|-unboost|p2a: Melmetal|atk|1\n|-unboost|p2a: Melmetal|def|1\n|\n|upkeep\n|turn|2\n|\n|t:|1641700505\n|switch|p2a: Landorus|Landorus-Therian, M|100\/100\n|-ability|p2a: Landorus|Intimidate|boost\n|-unboost|p1a: Zapdos|atk|1\n|move|p1a: Zapdos|Volt Switch|p2a: Landorus\n|-immune|p2a: Landorus\n|\n|upkeep\n|turn|3\n|\n|t:|1641700509\n|switch|p1a: Ferrothorn|Ferrothorn, M|100\/100\n|move|p2a: Landorus|Stealth Rock|p1a: Ferrothorn\n|-sidestart|p1: justatest123|move: Stealth Rock\n|\n|upkeep\n|turn|4\n|\n|t:|1641700515\n|switch|p2a: Clefable|Clefable, F|100\/100\n|move|p1a: Ferrothorn|Spikes|p2a: Clefable\n|-sidestart|p2: LECH24|Spikes\n|\n|upkeep\n|turn|5\n|\n|t:|1641700525\n|switch|p2a: Melmetal|Melmetal|100\/100\n|-damage|p2a: Melmetal|88\/100|[from] Spikes\n|switch|p1a: Heatran|Heatran, M|100\/100\n|-damage|p1a: Heatran|88\/100|[from] Stealth Rock\n|\n|-heal|p1a: Heatran|94\/100|[from] item: Leftovers\n|upkeep\n|turn|6\n|\n|t:|1641700529\n|switch|p1a: Zapdos|Zapdos|83\/100\n|move|p2a: Melmetal|Earthquake|p1a: Zapdos\n|-immune|p1a: Zapdos\n|\n|upkeep\n|turn|7\n|j| Virus spain\n|\n|t:|1641700533\n|switch|p2a: Landorus|Landorus-Therian, M|100\/100\n|-ability|p2a: Landorus|Intimidate|boost\n|-unboost|p1a: Zapdos|atk|1\n|move|p1a: Zapdos|Hurricane|p2a: Landorus\n|-damage|p2a: Landorus|67\/100\n|\n|-heal|p2a: Landorus|73\/100|[from] item: Leftovers\n|upkeep\n|turn|8\n|\n|t:|1641700538\n|switch|p1a: Ferrothorn|Ferrothorn, M|100\/100\n|-damage|p1a: Ferrothorn|94\/100|[from] Stealth Rock\n|move|p2a: Landorus|Toxic|p1a: Ferrothorn\n|-immune|p1a: Ferrothorn\n|\n|-heal|p2a: Landorus|79\/100|[from] item: Leftovers\n|-heal|p1a: Ferrothorn|100\/100|[from] item: Leftovers\n|upkeep\n|turn|9\n|\n|t:|1641700549\n|move|p2a: Landorus|Earthquake|p1a: Ferrothorn\n|-damage|p1a: Ferrothorn|72\/100\n|move|p1a: Ferrothorn|Spikes|p2a: Landorus\n|-sidestart|p2: LECH24|Spikes\n|\n|-heal|p2a: Landorus|85\/100|[from] item: Leftovers\n|-heal|p1a: Ferrothorn|78\/100|[from] item: Leftovers\n|upkeep\n|turn|10\n|\n|t:|1641700553\n|move|p2a: Landorus|Defog|p1a: Ferrothorn\n|-unboost|p1a: Ferrothorn|evasion|1\n|-sideend|p1: justatest123|Stealth Rock|[from] move: Defog|[of] p2a: Landorus\n|-sideend|p2: LECH24|Spikes|[from] move: Defog|[of] p2a: Landorus\n|move|p1a: Ferrothorn|Leech Seed|p2a: Landorus\n|-start|p2a: Landorus|move: Leech Seed\n|\n|-heal|p2a: Landorus|91\/100|[from] item: Leftovers\n|-heal|p1a: Ferrothorn|84\/100|[from] item: Leftovers\n|-damage|p2a: Landorus|79\/100|[from] Leech Seed|[of] p1a: Ferrothorn\n|-heal|p1a: Ferrothorn|97\/100|[silent]\n|upkeep\n|turn|11\n|\n|t:|1641700556\n|switch|p2a: Clefable|Clefable, F|100\/100\n|move|p1a: Ferrothorn|Spikes|p2a: Clefable\n|-sidestart|p2: LECH24|Spikes\n|\n|-heal|p1a: Ferrothorn|100\/100|[from] item: Leftovers\n|upkeep\n|turn|12\n|\n|t:|1641700565\n|switch|p2a: Landorus|Landorus-Therian, M|79\/100\n|-ability|p2a: Landorus|Intimidate|boost\n|-unboost|p1a: Ferrothorn|atk|1\n|switch|p1a: Heatran|Heatran, M|94\/100\n|\n|-heal|p2a: Landorus|85\/100|[from] item: Leftovers\n|-heal|p1a: Heatran|100\/100|[from] item: Leftovers\n|upkeep\n|turn|13\n|\n|t:|1641700573\n|switch|p1a: Ferrothorn|Ferrothorn, M|100\/100\n|move|p2a: Landorus|Earthquake|p1a: Ferrothorn\n|-damage|p1a: Ferrothorn|72\/100\n|\n|-heal|p2a: Landorus|91\/100|[from] item: Leftovers\n|-heal|p1a: Ferrothorn|78\/100|[from] item: Leftovers\n|upkeep\n|turn|14\n|\n|t:|1641700587\n|move|p2a: Landorus|Earthquake|p1a: Ferrothorn\n|-damage|p1a: Ferrothorn|48\/100\n|move|p1a: Ferrothorn|Leech Seed|p2a: Landorus\n|-start|p2a: Landorus|move: Leech Seed\n|\n|-heal|p2a: Landorus|97\/100|[from] item: Leftovers\n|-heal|p1a: Ferrothorn|54\/100|[from] item: Leftovers\n|-damage|p2a: Landorus|84\/100|[from] Leech Seed|[of] p1a: Ferrothorn\n|-heal|p1a: Ferrothorn|67\/100|[silent]\n|upkeep\n|turn|15\n|\n|t:|1641700597\n|switch|p2a: Clefable|Clefable, F|100\/100\n|move|p1a: Ferrothorn|Power Whip|p2a: Clefable\n|-damage|p2a: Clefable|73\/100\n|\n|-heal|p1a: Ferrothorn|74\/100|[from] item: Leftovers\n|upkeep\n|turn|16\n|\n|t:|1641700607\n|switch|p2a: Landorus|Landorus-Therian, M|84\/100\n|-ability|p2a: Landorus|Intimidate|boost\n|-unboost|p1a: Ferrothorn|atk|1\n|switch|p1a: Heatran|Heatran, M|100\/100\n|\n|-heal|p2a: Landorus|90\/100|[from] item: Leftovers\n|upkeep\n|turn|17\n|\n|t:|1641700618\n|switch|p1a: Ferrothorn|Ferrothorn, M|74\/100\n|move|p2a: Landorus|Earthquake|p1a: Ferrothorn\n|-damage|p1a: Ferrothorn|45\/100\n|\n|-heal|p2a: Landorus|96\/100|[from] item: Leftovers\n|-heal|p1a: Ferrothorn|51\/100|[from] item: Leftovers\n|upkeep\n|turn|18\n|\n|t:|1641700623\n|move|p2a: Landorus|Earthquake|p1a: Ferrothorn\n|-damage|p1a: Ferrothorn|22\/100\n|move|p1a: Ferrothorn|Leech Seed|p2a: Landorus\n|-start|p2a: Landorus|move: Leech Seed\n|\n|-heal|p2a: Landorus|100\/100|[from] item: Leftovers\n|-heal|p1a: Ferrothorn|28\/100|[from] item: Leftovers\n|-damage|p2a: Landorus|88\/100|[from] Leech Seed|[of] p1a: Ferrothorn\n|-heal|p1a: Ferrothorn|41\/100|[silent]\n|upkeep\n|turn|19\n|\n|t:|1641700626\n|switch|p1a: Landorus|Landorus-Therian, M|100\/100\n|-ability|p1a: Landorus|Intimidate|boost\n|-unboost|p2a: Landorus|atk|1\n|move|p2a: Landorus|Earthquake|p1a: Landorus\n|-immune|p1a: Landorus\n|\n|-heal|p2a: Landorus|94\/100|[from] item: Leftovers\n|-damage|p2a: Landorus|82\/100|[from] Leech Seed|[of] p1a: Landorus\n|upkeep\n|turn|20\n|\n|t:|1641700631\n|move|p1a: Landorus|Toxic|p2a: Landorus\n|-status|p2a: Landorus|tox\n|move|p2a: Landorus|Defog|p1a: Landorus\n|-unboost|p1a: Landorus|evasion|1\n|-sideend|p2: LECH24|Spikes|[from] move: Defog|[of] p2a: Landorus\n|\n|-heal|p2a: Landorus|88\/100 tox|[from] item: Leftovers\n|-damage|p2a: Landorus|76\/100 tox|[from] Leech Seed|[of] p1a: Landorus\n|-damage|p2a: Landorus|70\/100 tox|[from] psn\n|upkeep\n|turn|21\n|\n|t:|1641700640\n|switch|p2a: Tapu Koko|Tapu Koko|100\/100\n|-fieldstart|move: Electric Terrain|[from] ability: Electric Surge|[of] p2a: Tapu Koko\n|move|p1a: Landorus|U-turn|p2a: Tapu Koko\n|-resisted|p2a: Tapu Koko\n|-damage|p2a: Tapu Koko|84\/100\n|\n|t:|1641700651\n|switch|p1a: Ferrothorn|Ferrothorn, M|41\/100|[from]move: U-turn\n|\n|-heal|p1a: Ferrothorn|47\/100|[from] item: Leftovers\n|upkeep\n|turn|22\n|\n|t:|1641700656\n|switch|p1a: Landorus|Landorus-Therian, M|100\/100\n|-ability|p1a: Landorus|Intimidate|boost\n|-unboost|p2a: Tapu Koko|atk|1\n|move|p2a: Tapu Koko|Volt Switch|p1a: Landorus\n|-immune|p1a: Landorus\n|\n|upkeep\n|turn|23\n|\n|t:|1641700664\n|switch|p2a: Landorus|Landorus-Therian, M|70\/100 tox\n|-ability|p2a: Landorus|Intimidate|boost\n|-unboost|p1a: Landorus|atk|1\n|move|p1a: Landorus|Stealth Rock|p2a: Landorus\n|-sidestart|p2: LECH24|move: Stealth Rock\n|\n|-heal|p2a: Landorus|76\/100 tox|[from] item: Leftovers\n|-damage|p2a: Landorus|70\/100 tox|[from] psn\n|upkeep\n|turn|24\n|\n|t:|1641700667\n|move|p1a: Landorus|U-turn|p2a: Landorus\n|-resisted|p2a: Landorus\n|-damage|p2a: Landorus|62\/100 tox\n|\n|t:|1641700670\n|switch|p1a: Ferrothorn|Ferrothorn, M|47\/100|[from]move: U-turn\n|move|p2a: Landorus|Stealth Rock|p1a: Ferrothorn\n|-sidestart|p1: justatest123|move: Stealth Rock\n|\n|-heal|p2a: Landorus|68\/100 tox|[from] item: Leftovers\n|-heal|p1a: Ferrothorn|54\/100|[from] item: Leftovers\n|-damage|p2a: Landorus|56\/100 tox|[from] psn\n|upkeep\n|turn|25\n|inactive|justatest123 has 120 seconds left.\n|\n|t:|1641700709\n|switch|p2a: Zarude|Zarude|100\/100\n|-damage|p2a: Zarude|88\/100|[from] Stealth Rock\n|switch|p1a: Landorus|Landorus-Therian, M|100\/100\n|-damage|p1a: Landorus|88\/100|[from] Stealth Rock\n|-ability|p1a: Landorus|Intimidate|boost\n|-unboost|p2a: Zarude|atk|1\n|\n|-heal|p2a: Zarude|94\/100|[from] item: Leftovers\n|-heal|p1a: Landorus|94\/100|[from] item: Leftovers\n|-fieldend|move: Electric Terrain\n|upkeep\n|turn|26\n|\n|t:|1641700720\n|switch|p2a: Melmetal|Melmetal|88\/100\n|-damage|p2a: Melmetal|82\/100|[from] Stealth Rock\n|move|p1a: Landorus|U-turn|p2a: Melmetal\n|-resisted|p2a: Melmetal\n|-damage|p2a: Melmetal|76\/100\n|j| Wicket Ticket\n|inactive|justatest123 has 120 seconds left.\n|j| Colonelo\n|inactive|justatest123 has 90 seconds left.\n|\n|t:|1641700761\n|switch|p1a: Ferrothorn|Ferrothorn, M|54\/100|[from]move: U-turn\n|-damage|p1a: Ferrothorn|47\/100|[from] Stealth Rock\n|\n|-heal|p1a: Ferrothorn|54\/100|[from] item: Leftovers\n|upkeep\n|turn|27\n|\n|t:|1641700765\n|switch|p1a: Zapdos|Zapdos|83\/100\n|move|p2a: Melmetal|Ice Punch|p1a: Zapdos\n|-supereffective|p1a: Zapdos\n|-damage|p1a: Zapdos|25\/100\n|-status|p2a: Melmetal|par|[from] ability: Static|[of] p1a: Zapdos\n|\n|upkeep\n|turn|28\n|\n|t:|1641700780\n|move|p1a: Zapdos|Hurricane|p2a: Melmetal\n|-resisted|p2a: Melmetal\n|-damage|p2a: Melmetal|63\/100 par\n|move|p2a: Melmetal|Earthquake|p1a: Zapdos\n|-immune|p1a: Zapdos\n|\n|upkeep\n|turn|29\n|\n|t:|1641700790\n|move|p1a: Zapdos|Roost|p1a: Zapdos\n|-heal|p1a: Zapdos|75\/100\n|-singleturn|p1a: Zapdos|move: Roost\n|move|p2a: Melmetal|Superpower|p1a: Zapdos\n|-damage|p1a: Zapdos|42\/100\n|-unboost|p2a: Melmetal|atk|1\n|-unboost|p2a: Melmetal|def|1\n|\n|upkeep\n|turn|30\n|inactive|justatest123 has 90 seconds left.\n|\n|t:|1641700812\n|switch|p2a: Weavile|Weavile, F|100\/100\n|-ability|p2a: Weavile|Pressure\n|move|p1a: Zapdos|Roost|p1a: Zapdos\n|-heal|p1a: Zapdos|92\/100\n|-singleturn|p1a: Zapdos|move: Roost\n|\n|upkeep\n|turn|31\n|l| Wicket Ticket\n|\n|t:|1641700821\n|move|p2a: Weavile|Swords Dance|p2a: Weavile\n|-boost|p2a: Weavile|atk|2\n|move|p1a: Zapdos|Volt Switch|p2a: Weavile\n|-damage|p2a: Weavile|61\/100\n|\n|t:|1641700823\n|switch|p1a: Tapu Lele|Tapu Lele|100\/100|[from]move: Volt Switch\n|-damage|p1a: Tapu Lele|88\/100|[from] Stealth Rock\n|-fieldstart|move: Psychic Terrain|[from] ability: Psychic Surge|[of] p1a: Tapu Lele\n|\n|upkeep\n|turn|32\n|\n|t:|1641700831\n|switch|p2a: Melmetal|Melmetal|63\/100 par\n|-damage|p2a: Melmetal|57\/100 par|[from] Stealth Rock\n|move|p1a: Tapu Lele|Moonblast|p2a: Melmetal\n|-resisted|p2a: Melmetal\n|-damage|p2a: Melmetal|43\/100 par\n|\n|upkeep\n|turn|33\n|\n|t:|1641700846\n|switch|p1a: Landorus|Landorus-Therian, M|94\/100\n|-damage|p1a: Landorus|82\/100|[from] Stealth Rock\n|-ability|p1a: Landorus|Intimidate|boost\n|-unboost|p2a: Melmetal|atk|1\n|switch|p2a: Weavile|Weavile, F|61\/100\n|-ability|p2a: Weavile|Pressure\n|\n|-heal|p1a: Landorus|88\/100|[from] item: Leftovers\n|upkeep\n|turn|34\n|\n|t:|1641700856\n|switch|p1a: Ferrothorn|Ferrothorn, M|54\/100\n|-damage|p1a: Ferrothorn|47\/100|[from] Stealth Rock\n|move|p2a: Weavile|Knock Off|p1a: Ferrothorn\n|-damage|p1a: Ferrothorn|19\/100\n|-damage|p2a: Weavile|49\/100|[from] ability: Iron Barbs|[of] p1a: Ferrothorn\n|-enditem|p1a: Ferrothorn|Leftovers|[from] move: Knock Off|[of] p2a: Weavile\n|\n|upkeep\n|turn|35\n|\n|t:|1641700869\n|move|p2a: Weavile|Knock Off|p1a: Ferrothorn\n|-damage|p1a: Ferrothorn|0 fnt\n|-damage|p2a: Weavile|36\/100|[from] ability: Iron Barbs|[of] p1a: Ferrothorn\n|faint|p1a: Ferrothorn\n|\n|-fieldend|move: Psychic Terrain\n|upkeep\n|\n|t:|1641700883\n|switch|p1a: Tapu Lele|Tapu Lele|88\/100\n|-damage|p1a: Tapu Lele|76\/100|[from] Stealth Rock\n|-fieldstart|move: Psychic Terrain|[from] ability: Psychic Surge|[of] p1a: Tapu Lele\n|turn|36\n|j| georgiethefirst\n|j| Confusien\n|inactive|LECH24 has 120 seconds left.\n|j| Fusien\n|\n|t:|1641700941\n|switch|p2a: Landorus|Landorus-Therian, M|56\/100 tox\n|-damage|p2a: Landorus|43\/100 tox|[from] Stealth Rock\n|-ability|p2a: Landorus|Intimidate|boost\n|-unboost|p1a: Tapu Lele|atk|1\n|move|p1a: Tapu Lele|Moonblast|p2a: Landorus\n|-damage|p2a: Landorus|6\/100 tox\n|\n|-heal|p2a: Landorus|12\/100 tox|[from] item: Leftovers\n|-damage|p2a: Landorus|6\/100 tox|[from] psn\n|upkeep\n|turn|37\n|\n|t:|1641700944\n|move|p1a: Tapu Lele|Moonblast|p2a: Landorus\n|-damage|p2a: Landorus|0 fnt\n|faint|p2a: Landorus\n|\n|upkeep\n|\n|t:|1641700949\n|switch|p2a: Melmetal|Melmetal|43\/100 par\n|-damage|p2a: Melmetal|37\/100 par|[from] Stealth Rock\n|turn|38\n|\n|t:|1641700960\n|switch|p1a: Zapdos|Zapdos|92\/100\n|cant|p2a: Melmetal|par\n|\n|upkeep\n|turn|39\n|\n|t:|1641700976\n|move|p1a: Zapdos|Hurricane|p2a: Melmetal\n|-resisted|p2a: Melmetal\n|-damage|p2a: Melmetal|25\/100 par\n|move|p2a: Melmetal|Double Iron Bash|p1a: Zapdos\n|-resisted|p1a: Zapdos\n|-damage|p1a: Zapdos|76\/100\n|-resisted|p1a: Zapdos\n|-damage|p1a: Zapdos|61\/100\n|-hitcount|p1a: Zapdos|2\n|\n|upkeep\n|turn|40\n|\n|t:|1641700988\n|move|p1a: Zapdos|Hurricane|p2a: Melmetal\n|-resisted|p2a: Melmetal\n|-damage|p2a: Melmetal|11\/100 par\n|cant|p2a: Melmetal|par\n|\n|-fieldend|move: Psychic Terrain\n|upkeep\n|turn|41\n|inactive|LECH24 has 120 seconds left.\n|\n|t:|1641700996\n|move|p1a: Zapdos|Volt Switch|p2a: Melmetal\n|-crit|p2a: Melmetal\n|-damage|p2a: Melmetal|0 fnt\n|faint|p2a: Melmetal\n|\n|t:|1641701006\n|switch|p1a: Tapu Lele|Tapu Lele|76\/100|[from]move: Volt Switch\n|-damage|p1a: Tapu Lele|63\/100|[from] Stealth Rock\n|-fieldstart|move: Psychic Terrain|[from] ability: Psychic Surge|[of] p1a: Tapu Lele\n|\n|upkeep\n|\n|t:|1641701014\n|switch|p2a: Clefable|Clefable, F|73\/100\n|turn|42\n|n| d21l|confusien\n|\n|t:|1641701030\n|switch|p1a: Heatran|Heatran, M|100\/100\n|-damage|p1a: Heatran|88\/100|[from] Stealth Rock\n|move|p2a: Clefable|Soft-Boiled|p2a: Clefable\n|-heal|p2a: Clefable|100\/100\n|\n|-heal|p1a: Heatran|94\/100|[from] item: Leftovers\n|upkeep\n|turn|43\n|l| Fusien\n|j| Fusien\n|c|\u2606LECH24|Yea I can\u2019t beat this mon\n|c|\u2606LECH24|gg\n|inactive|LECH24 has 120 seconds left.\n|c|\u2606justatest123|gg\n|-message|LECH24 forfeited.\n|\n|win|justatest123\n|raw|justatest123's rating: 1697 &rarr; <strong>1714<\/strong><br \/>(+17 for winning)\n|raw|LECH24's rating: 1644 &rarr; <strong>1627<\/strong><br \/>(-17 for losing)\n|l| SilentDD\n","uploadtime":1641701065,"views":43,"p1id":"justatest123","p2id":"lech24","formatid":"gen8ou","rating":1627,"private":0,"password":null}