{"id":"gen8ou-1691263786","p1":"Sombra Diurna","p2":"minimax_ai","format":"gen8ou","log":"|html|<div class=\"broadcast-blue\"><strong>[Gen 8] OU is currently suspecting Melmetal! For information on how to participate check out the <a href=\"https:\/\/www.smogon.com\/forums\/threads\/np-ss-ou-suspect-process-round-12-monster-mash.3709234\/\">suspect thread<\/a>.<\/strong><\/div>\n|j|\u2606Sombra Diurna\n|j|\u2606minimax_ai\n|t:|1666360988\n|gametype|singles\n|player|p1|Sombra Diurna|blue|1439\n|player|p2|minimax_ai|lusamine-nihilego|1502\n|teamsize|p1|6\n|teamsize|p2|6\n|gen|8\n|tier|[Gen 8] OU\n|rated|\n|rule|Sleep Clause Mod: Limit one foe put to sleep\n|rule|Species Clause: Limit one of each Pok\u00e9mon\n|rule|OHKO Clause: OHKO moves are banned\n|rule|Evasion Items Clause: Evasion items are banned\n|rule|Evasion Moves Clause: Evasion moves are banned\n|rule|Endless Battle Clause: Forcing endless battles is banned\n|rule|HP Percentage Mod: HP is shown in percentages\n|rule|Dynamax Clause: You cannot dynamax\n|clearpoke\n|poke|p1|Marowak-Alola, M|\n|poke|p1|Slowbro, M|\n|poke|p1|Hatterene, F|\n|poke|p1|Garchomp, M|\n|poke|p1|Ferrothorn, M|\n|poke|p1|Drampa, M|\n|poke|p2|Rotom-Wash|\n|poke|p2|Weavile, M|\n|poke|p2|Landorus-Therian, M|\n|poke|p2|Heatran, M|\n|poke|p2|Tangrowth, M|\n|poke|p2|Melmetal|\n|teampreview\n|c|\u2606minimax_ai|hf\n|inactive|Battle timer is ON: inactive players will automatically lose when time's up. (requested by minimax_ai)\n|\n|t:|1666361000\n|start\n|switch|p1a: Sonso|Slowbro, M|100\/100\n|switch|p2a: landorustherian|Landorus-Therian, M|100\/100\n|-ability|p2a: landorustherian|Intimidate|boost\n|-unboost|p1a: Sonso|atk|1\n|turn|1\n|\n|t:|1666361006\n|move|p2a: landorustherian|U-turn|p1a: Sonso\n|-supereffective|p1a: Sonso\n|-crit|p1a: Sonso\n|-damage|p1a: Sonso|61\/100\n|\n|t:|1666361008\n|switch|p2a: Melmetal|Melmetal|100\/100|[from]move: U-turn\n|move|p1a: Sonso|Scald|p2a: Melmetal\n|-damage|p2a: Melmetal|87\/100\n|-status|p2a: Melmetal|brn\n|\n|-damage|p2a: Melmetal|81\/100 brn|[from] brn\n|upkeep\n|turn|2\n|\n|t:|1666361017\n|switch|p2a: landorustherian|Landorus-Therian, M|100\/100\n|-ability|p2a: landorustherian|Intimidate|boost\n|-unboost|p1a: Sonso|atk|1\n|switch|p1a: Thorns|Ferrothorn, M|100\/100\n|\n|upkeep\n|turn|3\n|\n|t:|1666361023\n|move|p2a: landorustherian|U-turn|p1a: Thorns\n|-damage|p1a: Thorns|84\/100\n|-damage|p2a: landorustherian|88\/100|[from] ability: Iron Barbs|[of] p1a: Thorns\n|\n|t:|1666361024\n|switch|p2a: Heatran|Heatran, M|100\/100|[from]move: U-turn\n|-item|p2a: Heatran|Air Balloon\n|move|p1a: Thorns|Leech Seed|p2a: Heatran\n|-start|p2a: Heatran|move: Leech Seed\n|\n|-damage|p2a: Heatran|88\/100|[from] Leech Seed|[of] p1a: Thorns\n|-heal|p1a: Thorns|95\/100|[silent]\n|upkeep\n|turn|4\n|\n|t:|1666361035\n|switch|p1a: Gorra|Hatterene, F, shiny|100\/100\n|move|p2a: Heatran|Magma Storm|p1a: Gorra\n|-damage|p1a: Gorra|57\/100\n|-activate|p1a: Gorra|move: Magma Storm|[of] p2a: Heatran\n|\n|-damage|p2a: Heatran|76\/100|[from] Leech Seed|[of] p1a: Gorra\n|-heal|p1a: Gorra|69\/100|[silent]\n|-damage|p1a: Gorra|57\/100|[from] move: Magma Storm|[partiallytrapped]\n|upkeep\n|turn|5\n|\n|t:|1666361045\n|move|p2a: Heatran|Magma Storm|p1a: Gorra\n|-damage|p1a: Gorra|11\/100\n|move|p1a: Gorra|Trick Room|p1a: Gorra\n|-fieldstart|move: Trick Room|[of] p1a: Gorra\n|\n|-damage|p2a: Heatran|63\/100|[from] Leech Seed|[of] p1a: Gorra\n|-heal|p1a: Gorra|23\/100|[silent]\n|-damage|p1a: Gorra|11\/100|[from] move: Magma Storm|[partiallytrapped]\n|upkeep\n|turn|6\n|\n|t:|1666361052\n|move|p1a: Gorra|Healing Wish|p1a: Gorra\n|faint|p1a: Gorra\n|move|p2a: Heatran|Magma Storm|p1: Gorra|[notarget]\n|-fail|p2a: Heatran\n|\n|upkeep\n|\n|t:|1666361057\n|switch|p1a: Falkor|Drampa, M|100\/100\n|turn|7\n|\n|t:|1666361065\n|switch|p2a: Melmetal|Melmetal|81\/100 brn\n|move|p1a: Falkor|Focus Blast|p2a: Melmetal|[miss]\n|-miss|p1a: Falkor|p2a: Melmetal\n|\n|-damage|p2a: Melmetal|74\/100 brn|[from] brn\n|upkeep\n|turn|8\n|\n|t:|1666361072\n|switch|p2a: landorustherian|Landorus-Therian, M|88\/100\n|-ability|p2a: landorustherian|Intimidate|boost\n|-unboost|p1a: Falkor|atk|1\n|move|p1a: Falkor|Focus Blast|p2a: landorustherian|[miss]\n|-miss|p1a: Falkor|p2a: landorustherian\n|\n|-heal|p2a: landorustherian|94\/100|[from] item: Leftovers\n|upkeep\n|turn|9\n|c|\u2606Sombra Diurna|lol\n|c|\u2606Sombra Diurna|every battle you won for luck?\n|\n|t:|1666361092\n|move|p1a: Falkor|Ice Beam|p2a: landorustherian\n|-supereffective|p2a: landorustherian\n|-damage|p2a: landorustherian|0 fnt\n|faint|p2a: landorustherian\n|\n|-fieldend|move: Trick Room\n|upkeep\n|\n|t:|1666361092\n|switch|p2a: Weavile|Weavile, M|100\/100\n|-ability|p2a: Weavile|Pressure\n|turn|10\n|\n|t:|1666361117\n|switch|p2a: rotomwash|Rotom-Wash|100\/100\n|switch|p1a: Thorns|Ferrothorn, M|95\/100\n|-heal|p1a: Thorns|100\/100|[from] move: Healing Wish\n|\n|upkeep\n|turn|11\n|\n|t:|1666361133\n|switch|p2a: Tangrowth|Tangrowth, M|100\/100\n|move|p1a: Thorns|Stealth Rock|p2a: Tangrowth\n|-sidestart|p2: minimax_ai|move: Stealth Rock\n|\n|upkeep\n|turn|12\n|inactive|Sombra Diurna has 120 seconds left.\n|\n|t:|1666361149\n|switch|p1a: Falkor|Drampa, M|100\/100\n|move|p2a: Tangrowth|Sleep Powder|p1a: Falkor\n|-status|p1a: Falkor|slp|[from] move: Sleep Powder\n|\n|upkeep\n|turn|13\n|\n|t:|1666361156\n|move|p2a: Tangrowth|Focus Blast|p1a: Falkor\n|-supereffective|p1a: Falkor\n|-damage|p1a: Falkor|42\/100 slp\n|-ability|p1a: Falkor|Berserk|boost\n|-boost|p1a: Falkor|spa|1\n|cant|p1a: Falkor|slp\n|\n|upkeep\n|turn|14\n|\n|t:|1666361166\n|switch|p1a: Billy B.|Marowak-Alola, M, shiny|100\/100\n|move|p2a: Tangrowth|Focus Blast|p1a: Billy B.\n|-immune|p1a: Billy B.\n|\n|upkeep\n|turn|15\n|\n|t:|1666361174\n|switch|p2a: Melmetal|Melmetal|74\/100 brn\n|-damage|p2a: Melmetal|68\/100 brn|[from] Stealth Rock\n|move|p1a: Billy B.|Flare Blitz|p2a: Melmetal\n|-supereffective|p2a: Melmetal\n|-damage|p2a: Melmetal|0 fnt\n|faint|p2a: Melmetal\n|\n|upkeep\n|\n|t:|1666361174\n|switch|p2a: Weavile|Weavile, M|100\/100\n|-damage|p2a: Weavile|76\/100|[from] Stealth Rock\n|-ability|p2a: Weavile|Pressure\n|turn|16\n|inactive|Sombra Diurna has 120 seconds left.\n|\n|t:|1666361210\n|switch|p1a: Thorns|Ferrothorn, M|100\/100\n|move|p2a: Weavile|Knock Off|p1a: Thorns\n|-damage|p1a: Thorns|43\/100\n|-damage|p2a: Weavile|63\/100|[from] ability: Iron Barbs|[of] p1a: Thorns\n|-enditem|p1a: Thorns|Shed Shell|[from] move: Knock Off|[of] p2a: Weavile\n|\n|upkeep\n|turn|17\n|inactive|Sombra Diurna has 120 seconds left.\n|\n|t:|1666361218\n|switch|p2a: Tangrowth|Tangrowth, M|100\/100\n|-damage|p2a: Tangrowth|88\/100|[from] Stealth Rock\n|move|p1a: Thorns|Leech Seed|p2a: Tangrowth\n|-immune|p2a: Tangrowth\n|\n|upkeep\n|turn|18\n|\n|t:|1666361228\n|switch|p1a: Sonso|Slowbro, M|94\/100\n|move|p2a: Tangrowth|Giga Drain|p1a: Sonso\n|-supereffective|p1a: Sonso\n|-damage|p1a: Sonso|34\/100\n|-heal|p2a: Tangrowth|100\/100|[from] drain|[of] p1a: Sonso\n|\n|upkeep\n|turn|19\n|\n|t:|1666361236\n|switch|p1a: Falkor|Drampa, M|42\/100 slp\n|move|p2a: Tangrowth|Giga Drain|p1a: Falkor\n|-resisted|p1a: Falkor\n|-damage|p1a: Falkor|26\/100 slp\n|\n|upkeep\n|turn|20\n|\n|t:|1666361243\n|switch|p1a: Sonso|Slowbro, M|68\/100\n|move|p2a: Tangrowth|Focus Blast|p1a: Sonso\n|-resisted|p1a: Sonso\n|-damage|p1a: Sonso|51\/100\n|\n|upkeep\n|turn|21\n|\n|t:|1666361258\n|switch|p1a: Thorns|Ferrothorn, M|43\/100\n|move|p2a: Tangrowth|Giga Drain|p1a: Thorns\n|-resisted|p1a: Thorns\n|-damage|p1a: Thorns|39\/100\n|\n|upkeep\n|turn|22\n|\n|t:|1666361264\n|move|p2a: Tangrowth|Giga Drain|p1a: Thorns\n|-resisted|p1a: Thorns\n|-damage|p1a: Thorns|34\/100\n|move|p1a: Thorns|Gyro Ball|p2a: Tangrowth\n|-damage|p2a: Tangrowth|86\/100\n|-damage|p1a: Thorns|18\/100|[from] item: Rocky Helmet|[of] p2a: Tangrowth\n|\n|upkeep\n|turn|23\n|\n|t:|1666361272\n|move|p2a: Tangrowth|Giga Drain|p1a: Thorns\n|-resisted|p1a: Thorns\n|-damage|p1a: Thorns|14\/100\n|-heal|p2a: Tangrowth|88\/100|[from] drain|[of] p1a: Thorns\n|move|p1a: Thorns|Leech Seed|p2a: Tangrowth\n|-immune|p2a: Tangrowth\n|\n|upkeep\n|turn|24\n|\n|t:|1666361278\n|switch|p1a: Billy B.|Marowak-Alola, M, shiny|100\/100\n|move|p2a: Tangrowth|Giga Drain|p1a: Billy B.\n|-resisted|p1a: Billy B.\n|-damage|p1a: Billy B.|79\/100\n|-heal|p2a: Tangrowth|95\/100|[from] drain|[of] p1a: Billy B.\n|\n|upkeep\n|turn|25\n|\n|t:|1666361285\n|move|p1a: Billy B.|Substitute|p1a: Billy B.\n|-start|p1a: Billy B.|Substitute\n|-damage|p1a: Billy B.|54\/100\n|move|p2a: Tangrowth|Knock Off|p1a: Billy B.\n|-supereffective|p1a: Billy B.\n|-end|p1a: Billy B.|Substitute\n|\n|upkeep\n|turn|26\n|\n|t:|1666361290\n|move|p1a: Billy B.|Flare Blitz|p2a: Tangrowth\n|-supereffective|p2a: Tangrowth\n|-damage|p2a: Tangrowth|0 fnt\n|-damage|p1a: Billy B.|38\/100|[from] item: Rocky Helmet|[of] p2a: Tangrowth\n|faint|p2a: Tangrowth\n|\n|upkeep\n|\n|t:|1666361290\n|switch|p2a: Weavile|Weavile, M|63\/100\n|-damage|p2a: Weavile|38\/100|[from] Stealth Rock\n|-ability|p2a: Weavile|Pressure\n|turn|27\n|\n|t:|1666361304\n|switch|p1a: Thorns|Ferrothorn, M|14\/100\n|move|p2a: Weavile|Knock Off|p1a: Thorns\n|-damage|p1a: Thorns|0 fnt\n|-damage|p2a: Weavile|26\/100|[from] ability: Iron Barbs|[of] p1a: Thorns\n|faint|p1a: Thorns\n|\n|upkeep\n|\n|t:|1666361313\n|switch|p1a: Sonso|Slowbro, M|85\/100\n|turn|28\n|\n|t:|1666361318\n|move|p2a: Weavile|Knock Off|p1a: Sonso\n|-supereffective|p1a: Sonso\n|-enditem|p1a: Sonso|Colbur Berry|[eat]\n|-enditem|p1a: Sonso|Colbur Berry|[weaken]\n|-damage|p1a: Sonso|46\/100\n|move|p1a: Sonso|Trick Room|p1a: Sonso\n|-fieldstart|move: Trick Room|[of] p1a: Sonso\n|\n|upkeep\n|turn|29\n|\n|t:|1666361323\n|switch|p2a: rotomwash|Rotom-Wash|100\/100\n|-damage|p2a: rotomwash|88\/100|[from] Stealth Rock\n|move|p1a: Sonso|Body Press|p2a: rotomwash\n|-damage|p2a: rotomwash|61\/100\n|\n|-heal|p2a: rotomwash|68\/100|[from] item: Leftovers\n|upkeep\n|turn|30\n|\n|t:|1666361332\n|switch|p1a: Falkor|Drampa, M|26\/100 slp\n|move|p2a: rotomwash|Nasty Plot|p2a: rotomwash\n|-boost|p2a: rotomwash|spa|2\n|\n|-heal|p2a: rotomwash|74\/100|[from] item: Leftovers\n|upkeep\n|turn|31\n|\n|t:|1666361339\n|cant|p1a: Falkor|slp\n|move|p2a: rotomwash|Thunderbolt|p1a: Falkor\n|-resisted|p1a: Falkor\n|-damage|p1a: Falkor|0 fnt\n|faint|p1a: Falkor\n|\n|-heal|p2a: rotomwash|80\/100|[from] item: Leftovers\n|upkeep\n|\n|t:|1666361346\n|switch|p1a: Billy B.|Marowak-Alola, M, shiny|38\/100\n|turn|32\n|\n|t:|1666361348\n|move|p1a: Billy B.|Poltergeist|p2a: rotomwash\n|-activate|p2a: rotomwash|move: Poltergeist|Leftovers\n|-damage|p2a: rotomwash|0 fnt\n|faint|p2a: rotomwash\n|\n|-fieldend|move: Trick Room\n|upkeep\n|\n|t:|1666361348\n|switch|p2a: Heatran|Heatran, M|63\/100\n|-damage|p2a: Heatran|51\/100|[from] Stealth Rock\n|-item|p2a: Heatran|Air Balloon\n|turn|33\n|\n|t:|1666361370\n|move|p2a: Heatran|Earth Power|p1a: Billy B.\n|-supereffective|p1a: Billy B.\n|-damage|p1a: Billy B.|0 fnt\n|faint|p1a: Billy B.\n|\n|upkeep\n|\n|t:|1666361374\n|switch|p1a: Sharko|Garchomp, M|100\/100\n|turn|34\n|\n|t:|1666361378\n|move|p1a: Sharko|Scale Shot|p2a: Heatran\n|-resisted|p2a: Heatran\n|-damage|p2a: Heatran|45\/100\n|-enditem|p2a: Heatran|Air Balloon\n|-resisted|p2a: Heatran\n|-damage|p2a: Heatran|38\/100\n|-resisted|p2a: Heatran\n|-damage|p2a: Heatran|31\/100\n|-resisted|p2a: Heatran\n|-damage|p2a: Heatran|24\/100\n|-hitcount|p2a: Heatran|4\n|-unboost|p1a: Sharko|def|1\n|-boost|p1a: Sharko|spe|1\n|move|p2a: Heatran|Magma Storm|p1a: Sharko\n|-resisted|p1a: Sharko\n|-damage|p1a: Sharko|74\/100\n|-activate|p1a: Sharko|move: Magma Storm|[of] p2a: Heatran\n|\n|-heal|p1a: Sharko|80\/100|[from] item: Leftovers\n|-damage|p1a: Sharko|68\/100|[from] move: Magma Storm|[partiallytrapped]\n|upkeep\n|turn|35\n|\n|t:|1666361394\n|move|p1a: Sharko|Earthquake|p2a: Heatran\n|-supereffective|p2a: Heatran\n|-damage|p2a: Heatran|0 fnt\n|faint|p2a: Heatran\n|\n|-heal|p1a: Sharko|74\/100|[from] item: Leftovers\n|-end|p1a: Sharko|Magma Storm|[partiallytrapped]|[silent]\n|upkeep\n|\n|t:|1666361394\n|switch|p2a: Weavile|Weavile, M|26\/100\n|-damage|p2a: Weavile|1\/100|[from] Stealth Rock\n|-ability|p2a: Weavile|Pressure\n|turn|36\n|\n|t:|1666361403\n|move|p2a: Weavile|Ice Shard|p1a: Sharko\n|-supereffective|p1a: Sharko\n|-damage|p1a: Sharko|0 fnt\n|faint|p1a: Sharko\n|\n|upkeep\n|\n|t:|1666361407\n|switch|p1a: Sonso|Slowbro, M|79\/100\n|turn|37\n|\n|t:|1666361410\n|move|p2a: Weavile|Ice Shard|p1a: Sonso\n|-resisted|p1a: Sonso\n|-damage|p1a: Sonso|70\/100\n|move|p1a: Sonso|Scald|p2a: Weavile\n|-damage|p2a: Weavile|0 fnt\n|faint|p2a: Weavile\n|\n|win|Sombra Diurna\n|raw|Sombra Diurna's rating: 1439 &rarr; <strong>1463<\/strong><br \/>(+24 for winning)\n|raw|minimax_ai's rating: 1502 &rarr; <strong>1478<\/strong><br \/>(-24 for losing)\n|c|\u2606minimax_ai|gg\n|l|\u2606minimax_ai\n||Ladder isn't responding, score probably updated but might not have (Request timeout).\n","uploadtime":1666361411,"views":3,"p1id":"sombradiurna","p2id":"minimaxai","formatid":"gen8ou","rating":1463,"private":0,"password":null}