{"id":"smogtours-gen8ou-615592","p1":"storm zone","p2":"Coach Jones 6fifth","format":"gen8ou","log":"|inactive|Battle timer is ON: inactive players will automatically lose when time's up.\n|t:|1648314078\n|gametype|singles\n|player|p1|storm zone|#wcop2021latinamerica|\n|player|p2|Coach Jones 6fifth|lusamine-nihilego|\n|teamsize|p1|6\n|teamsize|p2|6\n|gen|8\n|tier|[Gen 8] OU\n|rule|Sleep Clause Mod: Limit one foe put to sleep\n|rule|Species Clause: Limit one of each Pok\u00e9mon\n|rule|OHKO Clause: OHKO moves are banned\n|rule|Evasion Moves Clause: Evasion moves are banned\n|rule|Endless Battle Clause: Forcing endless battles is banned\n|rule|HP Percentage Mod: HP is shown in percentages\n|rule|Dynamax Clause: You cannot dynamax\n|clearpoke\n|poke|p1|Blacephalon|\n|poke|p1|Weavile, M|\n|poke|p1|Landorus-Therian, M|\n|poke|p1|Ferrothorn, M|\n|poke|p1|Rotom-Wash|\n|poke|p1|Dragapult, M|\n|poke|p2|Melmetal|\n|poke|p2|Tangrowth, M|\n|poke|p2|Weavile, M|\n|poke|p2|Tapu Fini|\n|poke|p2|Landorus-Therian, M|\n|poke|p2|Heatran, F|\n|teampreview\n|c|\u2606Coach Jones 6fifth|Hold up lemme send the link\n|inactive|storm zone has 270 seconds left.\n|inactive|Coach Jones 6fifth has 270 seconds left.\n|c|\u2606Coach Jones 6fifth|hf \n|inactive|Coach Jones 6fifth has 240 seconds left.\n|c|\u2606storm zone|u2\n|inactive|storm zone has 240 seconds left.\n|c|+TheSergio235|gl to both\n|c|+IPF|whats this for\n|c|+TheSergio235|adpl\n|c|@Aurella|tbh i thought you two were the same person\n|inactive|storm zone has 210 seconds left.\n|c|\u2606storm zone|lool we're not\n|c|+TheSergio235|lol\n|c|\u2606Coach Jones 6fifth|Alot of people did\n|\n|t:|1648314191\n|start\n|switch|p1a: Enten|Landorus-Therian, M, shiny|100\/100\n|switch|p2a: Tangrowth|Tangrowth, M|100\/100\n|-ability|p1a: Enten|Intimidate|boost\n|-unboost|p2a: Tangrowth|atk|1\n|turn|1\n|c|+TheSergio235|that whould mean sz whould have been with Blim on a vid\n|inactive|Coach Jones 6fifth has 270 seconds left.\n|c|+TheSergio235|that whould be epic ngl\n|c|\u2606storm zone|i did a video with blim tho, we both did\n|c|@Aurella|when??\n|\n|t:|1648314227\n|move|p1a: Enten|Toxic|p2a: Tangrowth\n|-status|p2a: Tangrowth|tox\n|move|p2a: Tangrowth|Knock Off|p1a: Enten\n|-damage|p1a: Enten|87\/100\n|-enditem|p1a: Enten|Leftovers|[from] move: Knock Off|[of] p2a: Tangrowth\n|\n|-damage|p2a: Tangrowth|94\/100 tox|[from] psn\n|upkeep\n|turn|2\n|c|\u2606storm zone|waay back olt 2021\n|c|+TheSergio235|ahh in vc with him??\n|c|\u2606storm zone|yes\n|\n|t:|1648314241\n|move|p1a: Enten|U-turn|p2a: Tangrowth\n|-supereffective|p2a: Tangrowth\n|-damage|p2a: Tangrowth|63\/100 tox\n|c|+TheSergio235|ahhh 2021 olt\n|\n|t:|1648314246\n|switch|p1a: Temple|Ferrothorn, M, shiny|100\/100|[from]move: U-turn\n|move|p2a: Tangrowth|Knock Off|p1a: Temple\n|-damage|p1a: Temple|92\/100\n|-damage|p2a: Tangrowth|51\/100 tox|[from] ability: Iron Barbs|[of] p1a: Temple\n|-enditem|p1a: Temple|Leftovers|[from] move: Knock Off|[of] p2a: Tangrowth\n|\n|-damage|p2a: Tangrowth|38\/100 tox|[from] psn\n|upkeep\n|turn|3\n|c|+TheSergio235|didnt know him back then\n|inactive|storm zone has 270 seconds left.\n|\n|t:|1648314254\n|switch|p2a: Heatran|Heatran, F|100\/100\n|move|p1a: Temple|Stealth Rock|p2a: Heatran\n|-sidestart|p2: Coach Jones 6fifth|move: Stealth Rock\n|\n|upkeep\n|turn|4\n|\n|t:|1648314264\n|switch|p1a: Enten|Landorus-Therian, M, shiny|87\/100\n|-ability|p1a: Enten|Intimidate|boost\n|-unboost|p2a: Heatran|atk|1\n|move|p2a: Heatran|Stealth Rock|p1a: Enten\n|-sidestart|p1: storm zone|move: Stealth Rock\n|\n|upkeep\n|turn|5\n|\n|t:|1648314271\n|switch|p2a: Landorus|Landorus-Therian, M|100\/100\n|-damage|p2a: Landorus|88\/100|[from] Stealth Rock\n|-ability|p2a: Landorus|Intimidate|boost\n|-unboost|p1a: Enten|atk|1\n|move|p1a: Enten|U-turn|p2a: Landorus\n|-resisted|p2a: Landorus\n|-damage|p2a: Landorus|80\/100\n|\n|t:|1648314275\n|switch|p1a: Bandit|Weavile, M, shiny|100\/100|[from]move: U-turn\n|-damage|p1a: Bandit|76\/100|[from] Stealth Rock\n|-ability|p1a: Bandit|Pressure\n|\n|upkeep\n|turn|6\n|inactive|Coach Jones 6fifth has 270 seconds left.\n|inactive|storm zone has 270 seconds left.\n|inactive|Coach Jones 6fifth has 240 seconds left.\n|\n|t:|1648314326\n|move|p2a: Landorus|U-turn|p1a: Bandit\n|-supereffective|p1a: Bandit\n|-crit|p1a: Bandit\n|-damage|p1a: Bandit|0 fnt\n|faint|p1a: Bandit\n|inactive|Coach Jones 6fifth has 240 seconds left.\n|\n|t:|1648314336\n|switch|p2a: Tangrowth|Tangrowth, M|71\/100 tox|[from]move: U-turn\n|-damage|p2a: Tangrowth|59\/100 tox|[from] Stealth Rock\n|\n|-damage|p2a: Tangrowth|53\/100 tox|[from] psn\n|upkeep\n|\n|t:|1648314342\n|switch|p1a: Enten|Landorus-Therian, M, shiny|87\/100\n|-damage|p1a: Enten|75\/100|[from] Stealth Rock\n|-ability|p1a: Enten|Intimidate|boost\n|-unboost|p2a: Tangrowth|atk|1\n|turn|7\n|\n|t:|1648314349\n|switch|p2a: Landorus|Landorus-Therian, M|80\/100\n|-damage|p2a: Landorus|68\/100|[from] Stealth Rock\n|-ability|p2a: Landorus|Intimidate|boost\n|-unboost|p1a: Enten|atk|1\n|move|p1a: Enten|U-turn|p2a: Landorus\n|-resisted|p2a: Landorus\n|-damage|p2a: Landorus|60\/100\n|\n|t:|1648314355\n|switch|p1a: Temple|Ferrothorn, M, shiny|92\/100|[from]move: U-turn\n|-damage|p1a: Temple|86\/100|[from] Stealth Rock\n|\n|upkeep\n|turn|8\n|\n|t:|1648314361\n|move|p2a: Landorus|Earthquake|p1a: Temple\n|-damage|p1a: Temple|53\/100\n|move|p1a: Temple|Body Press|p2a: Landorus\n|-resisted|p2a: Landorus\n|-damage|p2a: Landorus|41\/100\n|\n|upkeep\n|turn|9\n|\n|t:|1648314367\n|switch|p2a: Tangrowth|Tangrowth, M|86\/100 tox\n|-damage|p2a: Tangrowth|74\/100 tox|[from] Stealth Rock\n|move|p1a: Temple|Body Press|p2a: Tangrowth\n|-damage|p2a: Tangrowth|54\/100 tox\n|\n|-damage|p2a: Tangrowth|48\/100 tox|[from] psn\n|upkeep\n|turn|10\n|\n|t:|1648314371\n|switch|p2a: Landorus|Landorus-Therian, M|41\/100\n|-damage|p2a: Landorus|29\/100|[from] Stealth Rock\n|-ability|p2a: Landorus|Intimidate|boost\n|-unboost|p1a: Temple|atk|1\n|switch|p1a: Enten|Landorus-Therian, M, shiny|75\/100\n|-damage|p1a: Enten|62\/100|[from] Stealth Rock\n|-ability|p1a: Enten|Intimidate|boost\n|-unboost|p2a: Landorus|atk|1\n|\n|upkeep\n|turn|11\n|\n|t:|1648314378\n|move|p2a: Landorus|Explosion|p1a: Enten\n|-damage|p1a: Enten|4\/100\n|faint|p2a: Landorus\n|move|p1a: Enten|U-turn|p2: Landorus|[notarget]\n|-fail|p1a: Enten\n|\n|upkeep\n|\n|t:|1648314387\n|switch|p2a: Weavile|Weavile, M|100\/100\n|-damage|p2a: Weavile|76\/100|[from] Stealth Rock\n|-ability|p2a: Weavile|Pressure\n|turn|12\n|\n|t:|1648314394\n|switch|p1a: Temple|Ferrothorn, M, shiny|53\/100\n|-damage|p1a: Temple|47\/100|[from] Stealth Rock\n|move|p2a: Weavile|Knock Off|p1a: Temple\n|-damage|p1a: Temple|19\/100\n|-damage|p2a: Weavile|63\/100|[from] ability: Iron Barbs|[of] p1a: Temple\n|\n|upkeep\n|turn|13\n|\n|t:|1648314399\n|move|p2a: Weavile|Knock Off|p1a: Temple\n|-damage|p1a: Temple|0 fnt\n|-damage|p2a: Weavile|51\/100|[from] ability: Iron Barbs|[of] p1a: Temple\n|faint|p1a: Temple\n|\n|upkeep\n|\n|t:|1648314422\n|switch|p1a: Phantom|Rotom-Wash, shiny|100\/100\n|-damage|p1a: Phantom|88\/100|[from] Stealth Rock\n|turn|14\n|\n|t:|1648314436\n|move|p2a: Weavile|Knock Off|p1a: Phantom\n|-damage|p1a: Phantom|32\/100\n|-damage|p2a: Weavile|34\/100|[from] item: Rocky Helmet|[of] p1a: Phantom\n|-enditem|p1a: Phantom|Rocky Helmet|[from] move: Knock Off|[of] p2a: Weavile\n|move|p1a: Phantom|Volt Switch|p2a: Weavile\n|-damage|p2a: Weavile|0 fnt\n|faint|p2a: Weavile\n|\n|t:|1648314439\n|switch|p1a: Leviathan|Dragapult, M, shiny|100\/100|[from]move: Volt Switch\n|-damage|p1a: Leviathan|88\/100|[from] Stealth Rock\n|\n|upkeep\n|\n|t:|1648314443\n|switch|p2a: Tapu Fini|Tapu Fini|100\/100\n|-damage|p2a: Tapu Fini|88\/100|[from] Stealth Rock\n|-fieldstart|move: Misty Terrain|[from] ability: Misty Surge|[of] p2a: Tapu Fini\n|turn|15\n|\n|t:|1648314447\n|switch|p1a: Enten|Landorus-Therian, M, shiny|4\/100\n|-damage|p1a: Enten|0 fnt|[from] Stealth Rock\n|faint|p1a: Enten\n|move|p2a: Tapu Fini|Moonblast|p1: Enten|[notarget]\n|-fail|p2a: Tapu Fini\n|\n|-heal|p2a: Tapu Fini|94\/100|[from] item: Leftovers\n|upkeep\n|\n|t:|1648314459\n|switch|p1a: Hyperspace|Blacephalon, shiny|100\/100\n|-damage|p1a: Hyperspace|76\/100|[from] Stealth Rock\n|turn|16\n|\n|t:|1648314477\n|move|p1a: Hyperspace|Shadow Ball|p2a: Tapu Fini\n|-damage|p2a: Tapu Fini|57\/100\n|-unboost|p2a: Tapu Fini|spd|1\n|move|p2a: Tapu Fini|Surf|p1a: Hyperspace\n|-supereffective|p1a: Hyperspace\n|-damage|p1a: Hyperspace|0 fnt\n|faint|p1a: Hyperspace\n|\n|-heal|p2a: Tapu Fini|63\/100|[from] item: Leftovers\n|upkeep\n|\n|t:|1648314481\n|switch|p1a: Leviathan|Dragapult, M, shiny|88\/100\n|-damage|p1a: Leviathan|76\/100|[from] Stealth Rock\n|turn|17\n|inactive|Coach Jones 6fifth has 270 seconds left.\n|\n|t:|1648314521\n|switch|p2a: Heatran|Heatran, F|100\/100\n|-damage|p2a: Heatran|88\/100|[from] Stealth Rock\n|move|p1a: Leviathan|Shadow Ball|p2a: Heatran\n|-damage|p2a: Heatran|50\/100\n|\n|-heal|p2a: Heatran|57\/100|[from] item: Leftovers\n|upkeep\n|turn|18\n|\n|t:|1648314526\n|move|p1a: Leviathan|Shadow Ball|p2a: Heatran\n|-damage|p2a: Heatran|19\/100\n|move|p2a: Heatran|Earth Power|p1a: Leviathan\n|-damage|p1a: Leviathan|44\/100\n|\n|-heal|p2a: Heatran|26\/100|[from] item: Leftovers\n|upkeep\n|turn|19\n|\n|t:|1648314532\n|move|p1a: Leviathan|Shadow Ball|p2a: Heatran\n|-damage|p2a: Heatran|0 fnt\n|faint|p2a: Heatran\n|\n|-fieldend|Misty Terrain\n|upkeep\n|\n|t:|1648314540\n|switch|p2a: Melmetal|Melmetal|100\/100\n|-damage|p2a: Melmetal|94\/100|[from] Stealth Rock\n|turn|20\n|\n|t:|1648314545\n|switch|p1a: Phantom|Rotom-Wash, shiny|32\/100\n|-damage|p1a: Phantom|19\/100|[from] Stealth Rock\n|move|p2a: Melmetal|Double Iron Bash|p1a: Phantom\n|-resisted|p1a: Phantom\n|-damage|p1a: Phantom|6\/100\n|-resisted|p1a: Phantom\n|-damage|p1a: Phantom|0 fnt\n|faint|p1a: Phantom\n|-hitcount|p1: Phantom|2\n|\n|upkeep\n|\n|t:|1648314547\n|switch|p1a: Leviathan|Dragapult, M, shiny|44\/100\n|-damage|p1a: Leviathan|31\/100|[from] Stealth Rock\n|turn|21\n|\n|t:|1648314549\n|move|p1a: Leviathan|Flamethrower|p2a: Melmetal\n|-supereffective|p2a: Melmetal\n|-damage|p2a: Melmetal|12\/100\n|-status|p2a: Melmetal|brn\n|move|p2a: Melmetal|Double Iron Bash|p1a: Leviathan\n|-crit|p1a: Leviathan\n|-damage|p1a: Leviathan|0 fnt\n|faint|p1a: Leviathan\n|-hitcount|p1: Leviathan|1\n|\n|win|Coach Jones 6fifth\n|c|\u2606storm zone|gg\n|c|\u2606Coach Jones 6fifth|gg\n","uploadtime":1648314550,"views":1258,"p1id":"stormzone","p2id":"coachjones6fifth","formatid":"gen8ou","rating":0,"private":0,"password":null}