{"id":"smogtours-gen8ou-652997","p1":"Lucians Call","p2":"Misterioussaint","format":"gen8ou","log":"|inactive|Battle timer is ON: inactive players will automatically lose when time's up.\n|t:|1664921337\n|gametype|singles\n|player|p1|Lucians Call|furisodegirl-blue|\n|player|p2|Misterioussaint|furisodegirl-black|\n|teamsize|p1|1\n|teamsize|p2|1\n|gen|8\n|tier|[Gen 8] OU\n|rule|Sleep Clause Mod: Limit one foe put to sleep\n|rule|Species Clause: Limit one of each Pok\u00e9mon\n|rule|OHKO Clause: OHKO moves are banned\n|rule|Evasion Items Clause: Evasion items are banned\n|rule|Evasion Moves Clause: Evasion moves are banned\n|rule|Endless Battle Clause: Forcing endless battles is banned\n|rule|HP Percentage Mod: HP is shown in percentages\n|rule|Dynamax Clause: You cannot dynamax\n|clearpoke\n|poke|p1|Bisharp, F|\n|poke|p2|Alakazam, M|\n|teampreview\n|\n|t:|1664921339\n|start\n|switch|p1a: Bisharp|Bisharp, F|100\/100\n|switch|p2a: Alakazam|Alakazam, M|100\/100\n|turn|1\n|\n|t:|1664921345\n|move|p2a: Alakazam|Focus Blast|p1a: Bisharp\n|-supereffective|p1a: Bisharp\n|-enditem|p1a: Bisharp|Focus Sash\n|-damage|p1a: Bisharp|1\/100\n|move|p1a: Bisharp|Knock Off|p2a: Alakazam\n|-supereffective|p2a: Alakazam\n|-enditem|p2a: Alakazam|Focus Sash\n|-damage|p2a: Alakazam|1\/100\n|\n|upkeep\n|turn|2\n|\n|t:|1664921351\n|move|p2a: Alakazam|Torment|p1a: Bisharp\n|-start|p1a: Bisharp|Torment\n|move|p1a: Bisharp|Knock Off|p2a: Alakazam\n|-supereffective|p2a: Alakazam\n|-damage|p2a: Alakazam|0 fnt\n|faint|p2a: Alakazam\n|\n|win|Lucians Call\n","uploadtime":1664921352,"views":21,"p1id":"lucianscall","p2id":"misterioussaint","formatid":"gen8ou","rating":0,"private":0,"password":null}