{"id":"smogtours-gen8ou-623443","p1":"Coach Jones 6fifth","p2":"GuardArc","format":"gen8ou","log":"|inactive|Battle timer is ON: inactive players will automatically lose when time's up.\n|t:|1651427930\n|gametype|singles\n|player|p1|Coach Jones 6fifth|lusamine-nihilego|\n|player|p2|GuardArc|lance-gen3|\n|teamsize|p1|6\n|teamsize|p2|6\n|gen|8\n|tier|[Gen 8] OU\n|rule|Sleep Clause Mod: Limit one foe put to sleep\n|rule|Species Clause: Limit one of each Pok\u00e9mon\n|rule|OHKO Clause: OHKO moves are banned\n|rule|Evasion Moves Clause: Evasion moves are banned\n|rule|Endless Battle Clause: Forcing endless battles is banned\n|rule|HP Percentage Mod: HP is shown in percentages\n|rule|Dynamax Clause: You cannot dynamax\n|clearpoke\n|poke|p1|Heatran, F|\n|poke|p1|Zapdos|\n|poke|p1|Urshifu-*, M|\n|poke|p1|Ferrothorn, M|\n|poke|p1|Landorus-Therian, M|\n|poke|p1|Tapu Lele|\n|poke|p2|Dragapult, M|\n|poke|p2|Dragonite, M|\n|poke|p2|Buzzwole|\n|poke|p2|Slowking-Galar, F|\n|poke|p2|Landorus-Therian, M|\n|poke|p2|Heatran, F|\n|teampreview\n|c|\u2606GuardArc|hf man\n|c|\u2606GuardArc|I'll share link\n|c|\u2606GuardArc|oh you already got it lol\n|inactive|Coach Jones 6fifth has 270 seconds left.\n|inactive|GuardArc has 270 seconds left.\n|c|\u2606Coach Jones 6fifth|Hf also np\n|inactive|Coach Jones 6fifth has 240 seconds left.\n|inactive|GuardArc has 240 seconds left.\n|c|+Anvil Head|LGI GUARDARC\n|inactive|Coach Jones 6fifth has 210 seconds left.\n|inactive|GuardArc has 210 seconds left.\n|c|+Shooriken|LGI\n|c|+Shooriken|CRAW CREWWWWWW\n|inactive|Coach Jones 6fifth has 180 seconds left.\n|\n|t:|1651428070\n|start\n|switch|p1a: Tapu Lele|Tapu Lele|100\/100\n|switch|p2a: Dragapult|Dragapult, M|100\/100\n|-fieldstart|move: Psychic Terrain|[from] ability: Psychic Surge|[of] p1a: Tapu Lele\n|turn|1\n|inactive|GuardArc has 270 seconds left.\n|\n|t:|1651428087\n|switch|p2a: Slowking|Slowking-Galar, F|100\/100\n|move|p1a: Tapu Lele|Moonblast|p2a: Slowking\n|-resisted|p2a: Slowking\n|-damage|p2a: Slowking|90\/100\n|\n|upkeep\n|turn|2\n|inactive|GuardArc has 270 seconds left.\n|\n|t:|1651428109\n|switch|p1a: Landorus|Landorus-Therian, M|100\/100\n|-ability|p1a: Landorus|Intimidate|boost\n|-unboost|p2a: Slowking|atk|1\n|move|p2a: Slowking|Scald|p1a: Landorus\n|-supereffective|p1a: Landorus\n|-damage|p1a: Landorus|70\/100\n|-status|p1a: Landorus|brn\n|\n|-heal|p1a: Landorus|76\/100 brn|[from] item: Leftovers\n|-damage|p1a: Landorus|70\/100 brn|[from] brn\n|upkeep\n|turn|3\n|\n|t:|1651428130\n|move|p1a: Landorus|U-turn|p2a: Slowking\n|-damage|p2a: Slowking|79\/100\n|\n|t:|1651428136\n|switch|p1a: Heatran|Heatran, F|100\/100|[from]move: U-turn\n|move|p2a: Slowking|Scald|p1a: Heatran\n|-supereffective|p1a: Heatran\n|-damage|p1a: Heatran|74\/100\n|\n|-heal|p1a: Heatran|80\/100|[from] item: Leftovers\n|upkeep\n|turn|4\n|\n|t:|1651428143\n|switch|p2a: Heatran|Heatran, F|100\/100\n|-item|p2a: Heatran|Air Balloon\n|move|p1a: Heatran|Magma Storm|p2a: Heatran\n|-damage|p2a: Heatran|61\/100\n|-activate|p2a: Heatran|move: Magma Storm|[of] p1a: Heatran\n|-enditem|p2a: Heatran|Air Balloon\n|\n|-heal|p1a: Heatran|87\/100|[from] item: Leftovers\n|-damage|p2a: Heatran|48\/100|[from] move: Magma Storm|[partiallytrapped]\n|upkeep\n|turn|5\n|\n|t:|1651428150\n|move|p2a: Heatran|Earth Power|p1a: Heatran\n|-supereffective|p1a: Heatran\n|-damage|p1a: Heatran|3\/100\n|-unboost|p1a: Heatran|spd|1\n|move|p1a: Heatran|Earth Power|p2a: Heatran\n|-supereffective|p2a: Heatran\n|-damage|p2a: Heatran|0 fnt\n|faint|p2a: Heatran\n|\n|-heal|p1a: Heatran|9\/100|[from] item: Leftovers\n|-fieldend|move: Psychic Terrain\n|upkeep\n|\n|t:|1651428160\n|switch|p2a: Landorus|Landorus-Therian, M|100\/100\n|-ability|p2a: Landorus|Intimidate|boost\n|-unboost|p1a: Heatran|atk|1\n|turn|6\n|inactive|Coach Jones 6fifth has 240 seconds left.\n|\n|t:|1651428166\n|switch|p1a: Ferrothorn|Ferrothorn, M|100\/100\n|move|p2a: Landorus|U-turn|p1a: Ferrothorn\n|-damage|p1a: Ferrothorn|89\/100\n|-damage|p2a: Landorus|88\/100|[from] ability: Iron Barbs|[of] p1a: Ferrothorn\n|\n|t:|1651428171\n|switch|p2a: Dragapult|Dragapult, M|100\/100|[from]move: U-turn\n|\n|-heal|p1a: Ferrothorn|95\/100|[from] item: Leftovers\n|upkeep\n|turn|7\n|\n|t:|1651428185\n|switch|p1a: Landorus|Landorus-Therian, M|70\/100 brn\n|-ability|p1a: Landorus|Intimidate|boost\n|-unboost|p2a: Dragapult|atk|1\n|move|p2a: Dragapult|Flamethrower|p1a: Landorus\n|-damage|p1a: Landorus|41\/100 brn\n|\n|-heal|p1a: Landorus|47\/100 brn|[from] item: Leftovers\n|-damage|p1a: Landorus|41\/100 brn|[from] brn\n|upkeep\n|turn|8\n|\n|t:|1651428196\n|switch|p2a: Landorus|Landorus-Therian, M|88\/100\n|-ability|p2a: Landorus|Intimidate|boost\n|-unboost|p1a: Landorus|atk|1\n|move|p1a: Landorus|Toxic|p2a: Landorus\n|-status|p2a: Landorus|tox\n|\n|-heal|p1a: Landorus|47\/100 brn|[from] item: Leftovers\n|-heal|p2a: Landorus|94\/100 tox|[from] item: Leftovers\n|-damage|p2a: Landorus|88\/100 tox|[from] psn\n|-damage|p1a: Landorus|41\/100 brn|[from] brn\n|upkeep\n|turn|9\n|\n|t:|1651428202\n|move|p1a: Landorus|U-turn|p2a: Landorus\n|-resisted|p2a: Landorus\n|-damage|p2a: Landorus|85\/100 tox\n|\n|t:|1651428205\n|switch|p1a: Zapdos|Zapdos|100\/100|[from]move: U-turn\n|move|p2a: Landorus|U-turn|p1a: Zapdos\n|-resisted|p1a: Zapdos\n|-damage|p1a: Zapdos|92\/100\n|\n|t:|1651428211\n|switch|p2a: Dragapult|Dragapult, M|100\/100|[from]move: U-turn\n|\n|upkeep\n|turn|10\n|\n|t:|1651428214\n|move|p2a: Dragapult|Draco Meteor|p1a: Zapdos\n|-damage|p1a: Zapdos|7\/100\n|-unboost|p2a: Dragapult|spa|2\n|move|p1a: Zapdos|Roost|p1a: Zapdos\n|-heal|p1a: Zapdos|57\/100\n|-singleturn|p1a: Zapdos|move: Roost\n|\n|upkeep\n|turn|11\n|\n|t:|1651428222\n|switch|p2a: Slowking|Slowking-Galar, F|100\/100\n|move|p1a: Zapdos|Roost|p1a: Zapdos\n|-heal|p1a: Zapdos|100\/100\n|-singleturn|p1a: Zapdos|move: Roost\n|\n|upkeep\n|turn|12\n|\n|t:|1651428232\n|move|p1a: Zapdos|Volt Switch|p2a: Slowking\n|-damage|p2a: Slowking|87\/100\n|\n|t:|1651428234\n|switch|p1a: Landorus|Landorus-Therian, M|41\/100 brn|[from]move: Volt Switch\n|-ability|p1a: Landorus|Intimidate|boost\n|-unboost|p2a: Slowking|atk|1\n|move|p2a: Slowking|Future Sight|p1a: Landorus\n|-start|p2a: Slowking|move: Future Sight\n|\n|-heal|p1a: Landorus|47\/100 brn|[from] item: Leftovers\n|-damage|p1a: Landorus|41\/100 brn|[from] brn\n|upkeep\n|turn|13\n|\n|t:|1651428239\n|move|p1a: Landorus|Earthquake|p2a: Slowking\n|-supereffective|p2a: Slowking\n|-damage|p2a: Slowking|36\/100\n|move|p2a: Slowking|Scald|p1a: Landorus\n|-supereffective|p1a: Landorus\n|-damage|p1a: Landorus|8\/100 brn\n|\n|-heal|p1a: Landorus|14\/100 brn|[from] item: Leftovers\n|-damage|p1a: Landorus|8\/100 brn|[from] brn\n|upkeep\n|turn|14\n|\n|t:|1651428254\n|switch|p2a: Buzzwole|Buzzwole|100\/100\n|move|p1a: Landorus|Toxic|p2a: Buzzwole|[miss]\n|-miss|p1a: Landorus|p2a: Buzzwole\n|\n|-end|p1a: Landorus|move: Future Sight\n|-damage|p1a: Landorus|0 fnt\n|faint|p1a: Landorus\n|upkeep\n|\n|t:|1651428258\n|switch|p1a: Tapu Lele|Tapu Lele|100\/100\n|-fieldstart|move: Psychic Terrain|[from] ability: Psychic Surge|[of] p1a: Tapu Lele\n|turn|15\n|inactive|GuardArc has 270 seconds left.\n|\n|t:|1651428316\n|switch|p2a: Landorus|Landorus-Therian, M|85\/100 tox\n|-ability|p2a: Landorus|Intimidate|boost\n|-unboost|p1a: Tapu Lele|atk|1\n|move|p1a: Tapu Lele|Future Sight|p2a: Landorus\n|-start|p1a: Tapu Lele|move: Future Sight\n|\n|-heal|p2a: Landorus|91\/100 tox|[from] item: Leftovers\n|-damage|p2a: Landorus|85\/100 tox|[from] psn\n|upkeep\n|turn|16\n|\n|t:|1651428335\n|switch|p1a: Urshifu|Urshifu-Rapid-Strike, M|100\/100\n|move|p2a: Landorus|U-turn|p1a: Urshifu\n|-resisted|p1a: Urshifu\n|-damage|p1a: Urshifu|90\/100\n|inactive|GuardArc has 240 seconds left.\n|inactive|GuardArc has 210 seconds left.\n|\n|t:|1651428401\n|switch|p2a: Dragapult|Dragapult, M|100\/100|[from]move: U-turn\n|\n|upkeep\n|turn|17\n|inactive|Coach Jones 6fifth has 270 seconds left.\n|inactive|GuardArc has 180 seconds left.\n|\n|t:|1651428431\n|move|p2a: Dragapult|U-turn|p1a: Urshifu\n|-resisted|p1a: Urshifu\n|-damage|p1a: Urshifu|82\/100\n|inactive|GuardArc has 180 seconds left.\n|\n|t:|1651428465\n|switch|p2a: Landorus|Landorus-Therian, M|85\/100 tox|[from]move: U-turn\n|-ability|p2a: Landorus|Intimidate|boost\n|-unboost|p1a: Urshifu|atk|1\n|move|p1a: Urshifu|Surging Strikes|p2a: Landorus\n|-supereffective|p2a: Landorus\n|-crit|p2a: Landorus\n|-damage|p2a: Landorus|29\/100 tox\n|-supereffective|p2a: Landorus\n|-crit|p2a: Landorus\n|-damage|p2a: Landorus|0 fnt\n|faint|p2a: Landorus\n|-hitcount|p2: Landorus|2\n|\n|-hint|Future Sight did not hit because the target is fainted.\n|upkeep\n|\n|t:|1651428469\n|switch|p2a: Dragapult|Dragapult, M|100\/100\n|turn|18\n|\n|t:|1651428472\n|switch|p1a: Heatran|Heatran, F|9\/100\n|move|p2a: Dragapult|Shadow Ball|p1a: Heatran\n|-damage|p1a: Heatran|0 fnt\n|faint|p1a: Heatran\n|\n|upkeep\n|\n|t:|1651428479\n|switch|p1a: Tapu Lele|Tapu Lele|100\/100\n|turn|19\n|inactive|GuardArc has 180 seconds left.\n|inactive|Coach Jones 6fifth has 270 seconds left.\n|\n|t:|1651428520\n|switch|p2a: Slowking|Slowking-Galar, F|69\/100\n|move|p1a: Tapu Lele|Future Sight|p2a: Slowking\n|-start|p1a: Tapu Lele|move: Future Sight\n|\n|-fieldend|move: Psychic Terrain\n|upkeep\n|turn|20\n|\n|t:|1651428528\n|switch|p1a: Urshifu|Urshifu-Rapid-Strike, M|82\/100\n|move|p2a: Slowking|Future Sight|p1a: Urshifu\n|-start|p2a: Slowking|move: Future Sight\n|\n|upkeep\n|turn|21\n|inactive|GuardArc has 150 seconds left.\n|\n|t:|1651428555\n|move|p1a: Urshifu|Surging Strikes|p2a: Slowking\n|-crit|p2a: Slowking\n|-damage|p2a: Slowking|39\/100\n|-crit|p2a: Slowking\n|-damage|p2a: Slowking|9\/100\n|-crit|p2a: Slowking\n|-damage|p2a: Slowking|0 fnt\n|faint|p2a: Slowking\n|-hitcount|p2: Slowking|3\n|\n|-hint|Future Sight did not hit because the target is fainted.\n|upkeep\n|\n|t:|1651428565\n|switch|p2a: Dragapult|Dragapult, M|100\/100\n|turn|22\n|\n|t:|1651428569\n|move|p2a: Dragapult|Shadow Ball|p1a: Urshifu\n|-damage|p1a: Urshifu|0 fnt\n|faint|p1a: Urshifu\n|\n|-hint|Future Sight did not hit because the target is fainted.\n|upkeep\n|\n|t:|1651428572\n|switch|p1a: Tapu Lele|Tapu Lele|100\/100\n|-fieldstart|move: Psychic Terrain|[from] ability: Psychic Surge|[of] p1a: Tapu Lele\n|turn|23\n|c|+TheSergio235|gg\n|\n|t:|1651428578\n|move|p1a: Tapu Lele|Moonblast|p2a: Dragapult\n|-supereffective|p2a: Dragapult\n|-damage|p2a: Dragapult|0 fnt\n|faint|p2a: Dragapult\n|\n|upkeep\n|\n|t:|1651428581\n|switch|p2a: Dragonite|Dragonite, M|100\/100\n|turn|24\n|\n|t:|1651428584\n|move|p1a: Tapu Lele|Moonblast|p2a: Dragonite\n|-supereffective|p2a: Dragonite\n|-damage|p2a: Dragonite|48\/100\n|move|p2a: Dragonite|Dragon Dance|p2a: Dragonite\n|-boost|p2a: Dragonite|atk|1\n|-boost|p2a: Dragonite|spe|1\n|\n|upkeep\n|turn|25\n|\n|t:|1651428586\n|move|p1a: Tapu Lele|Moonblast|p2a: Dragonite\n|-supereffective|p2a: Dragonite\n|-damage|p2a: Dragonite|0 fnt\n|faint|p2a: Dragonite\n|\n|upkeep\n|c|+Amir|Rip Slowking-Galar \n|c|\u2606GuardArc|gg\n|\n|t:|1651428591\n|switch|p2a: Buzzwole|Buzzwole|100\/100\n|turn|26\n|c|\u2606Coach Jones 6fifth|gg\n|\n|t:|1651428598\n|move|p1a: Tapu Lele|Moonblast|p2a: Buzzwole\n|-supereffective|p2a: Buzzwole\n|-damage|p2a: Buzzwole|0 fnt\n|faint|p2a: Buzzwole\n|\n|win|Coach Jones 6fifth\n|player|p1|Coach Jones 6fifth|lusamine-nihilego\n|player|p1|\n","uploadtime":1651428599,"views":594,"p1id":"coachjones6fifth","p2id":"guardarc","formatid":"gen8ou","rating":0,"private":0,"password":null}