{"id":"smogtours-gen8ou-630995","p1":"PedroGreg","p2":"confide","format":"gen8ou","log":"|inactive|Battle timer is ON: inactive players will automatically lose when time's up.\n|t:|1654807312\n|gametype|singles\n|player|p1|PedroGreg|#wcop2022brazil|\n|player|p2|confide|#splxiiityrants|\n|teamsize|p1|6\n|teamsize|p2|6\n|gen|8\n|tier|[Gen 8] OU\n|rule|Sleep Clause Mod: Limit one foe put to sleep\n|rule|Species Clause: Limit one of each Pok\u00e9mon\n|rule|OHKO Clause: OHKO moves are banned\n|rule|Evasion Moves Clause: Evasion moves are banned\n|rule|Endless Battle Clause: Forcing endless battles is banned\n|rule|HP Percentage Mod: HP is shown in percentages\n|rule|Dynamax Clause: You cannot dynamax\n|clearpoke\n|poke|p1|Dragapult, F|\n|poke|p1|Landorus-Therian, M|\n|poke|p1|Zapdos|\n|poke|p1|Urshifu-*, F|\n|poke|p1|Blacephalon|\n|poke|p1|Heatran, M|\n|poke|p2|Melmetal|\n|poke|p2|Weavile, F|\n|poke|p2|Corviknight, F|\n|poke|p2|Garchomp, M|\n|poke|p2|Slowking-Galar, F|\n|poke|p2|Urshifu-*, M|\n|teampreview\n|c|+A HERO'S DESTINY|uh eh gregson\n|c|\u2606PedroGreg|hf\n|inactive|PedroGreg has 270 seconds left.\n|inactive|confide has 270 seconds left.\n|c|+Sahki|gregzada\n|c|\u2606confide|u too\n|inactive|PedroGreg has 240 seconds left.\n|inactive|confide has 240 seconds left.\n|c|+Freezai.|bom dia\n|raw|<div class=\"broadcast-red\"><strong>Moderated chat was set to \u2606!<\/strong><br \/>Only users of rank \u2606 and higher can talk.<\/div>\n|inactive|confide has 210 seconds left.\n|\n|t:|1654807415\n|start\n|switch|p1a: Dragapult|Dragapult, F|100\/100\n|switch|p2a: i grieve diferent|Corviknight, F|100\/100\n|-ability|p2a: i grieve diferent|Pressure\n|turn|1\n|inactive|PedroGreg has 270 seconds left.\n|\n|t:|1654807454\n|move|p1a: Dragapult|U-turn|p2a: i grieve diferent\n|-resisted|p2a: i grieve diferent\n|-damage|p2a: i grieve diferent|96\/100\n|-damage|p1a: Dragapult|84\/100|[from] item: Rocky Helmet|[of] p2a: i grieve diferent\n|\n|t:|1654807463\n|switch|p1a: Urshifu|Urshifu-Rapid-Strike, F|100\/100|[from]move: U-turn\n|move|p2a: i grieve diferent|Roost|p2a: i grieve diferent\n|-heal|p2a: i grieve diferent|100\/100\n|-singleturn|p2a: i grieve diferent|move: Roost\n|\n|upkeep\n|turn|2\n|inactive|PedroGreg has 270 seconds left.\n|inactive|PedroGreg has 240 seconds left.\n|inactive|PedroGreg has 210 seconds left.\n|\n|t:|1654807534\n|move|p1a: Urshifu|Surging Strikes|p2a: i grieve diferent\n|-crit|p2a: i grieve diferent\n|-damage|p2a: i grieve diferent|87\/100\n|-crit|p2a: i grieve diferent\n|-damage|p2a: i grieve diferent|74\/100\n|-crit|p2a: i grieve diferent\n|-damage|p2a: i grieve diferent|61\/100\n|-hitcount|p2a: i grieve diferent|3\n|move|p2a: i grieve diferent|U-turn|p1a: Urshifu\n|-resisted|p1a: Urshifu\n|-damage|p1a: Urshifu|94\/100\n|inactive|confide has 270 seconds left.\n|inactive|confide has 240 seconds left.\n|\n|t:|1654807587\n|switch|p2a: hes a killa|Urshifu-Rapid-Strike, M|100\/100|[from]move: U-turn\n|\n|upkeep\n|turn|3\n|inactive|PedroGreg has 210 seconds left.\n|\n|t:|1654807604\n|switch|p1a: Dragapult|Dragapult, F|84\/100\n|move|p2a: hes a killa|Close Combat|p1a: Dragapult\n|-immune|p1a: Dragapult\n|\n|upkeep\n|turn|4\n|inactive|PedroGreg has 210 seconds left.\n|\n|t:|1654807621\n|switch|p2a: not ur savior \ud83d\ude14|Slowking-Galar, F|100\/100\n|move|p1a: Dragapult|U-turn|p2a: not ur savior \ud83d\ude14\n|-damage|p2a: not ur savior \ud83d\ude14|61\/100\n|inactive|PedroGreg has 210 seconds left.\n|\n|t:|1654807626\n|switch|p1a: Blacephalon|Blacephalon|100\/100|[from]move: U-turn\n|\n|upkeep\n|turn|5\n|\n|t:|1654807632\n|switch|p2a: are u happy for me|Garchomp, M|100\/100\n|move|p1a: Blacephalon|Shadow Ball|p2a: are u happy for me\n|-damage|p2a: are u happy for me|50\/100\n|\n|-heal|p2a: are u happy for me|56\/100|[from] item: Leftovers\n|upkeep\n|turn|6\n|inactive|confide has 240 seconds left.\n|inactive|PedroGreg has 210 seconds left.\n|inactive|PedroGreg has 180 seconds left.\n|\n|t:|1654807698\n|switch|p1a: Landorus|Landorus-Therian, M|100\/100\n|-ability|p1a: Landorus|Intimidate|boost\n|-unboost|p2a: are u happy for me|atk|1\n|move|p2a: are u happy for me|Stealth Rock|p1a: Landorus\n|-sidestart|p1: PedroGreg|move: Stealth Rock\n|\n|-heal|p2a: are u happy for me|62\/100|[from] item: Leftovers\n|upkeep\n|turn|7\n|inactive|confide has 240 seconds left.\n|\n|t:|1654807718\n|switch|p2a: hes a killa|Urshifu-Rapid-Strike, M|100\/100\n|move|p1a: Landorus|Knock Off|p2a: hes a killa\n|-resisted|p2a: hes a killa\n|-damage|p2a: hes a killa|86\/100\n|-enditem|p2a: hes a killa|Protective Pads|[from] move: Knock Off|[of] p1a: Landorus\n|\n|upkeep\n|turn|8\n|\n|t:|1654807724\n|switch|p1a: Zapdos|Zapdos|100\/100\n|move|p2a: hes a killa|Surging Strikes|p1a: Zapdos\n|-crit|p1a: Zapdos\n|-damage|p1a: Zapdos|84\/100\n|-crit|p1a: Zapdos\n|-damage|p1a: Zapdos|69\/100\n|-crit|p1a: Zapdos\n|-damage|p1a: Zapdos|53\/100\n|-status|p2a: hes a killa|par|[from] ability: Static|[of] p1a: Zapdos\n|-hitcount|p1a: Zapdos|3\n|\n|upkeep\n|turn|9\n|inactive|confide has 240 seconds left.\n|\n|t:|1654807733\n|switch|p2a: not ur savior \ud83d\ude14|Slowking-Galar, F|95\/100\n|move|p1a: Zapdos|Defog|p2a: not ur savior \ud83d\ude14\n|-unboost|p2a: not ur savior \ud83d\ude14|evasion|1\n|-sideend|p1: PedroGreg|Stealth Rock|[from] move: Defog|[of] p1a: Zapdos\n|\n|upkeep\n|turn|10\n|inactive|confide has 240 seconds left.\n|\n|t:|1654807749\n|move|p1a: Zapdos|Roost|p1a: Zapdos\n|-heal|p1a: Zapdos|100\/100\n|-singleturn|p1a: Zapdos|move: Roost\n|move|p2a: not ur savior \ud83d\ude14|Future Sight|p1a: Zapdos\n|-start|p2a: not ur savior \ud83d\ude14|move: Future Sight\n|\n|upkeep\n|turn|11\n|inactive|PedroGreg has 150 seconds left.\n|\n|t:|1654807793\n|switch|p1a: Landorus|Landorus-Therian, M|100\/100\n|-ability|p1a: Landorus|Intimidate|boost\n|-unboost|p2a: not ur savior \ud83d\ude14|atk|1\n|move|p2a: not ur savior \ud83d\ude14|Scald|p1a: Landorus\n|-supereffective|p1a: Landorus\n|-damage|p1a: Landorus|59\/100\n|\n|-heal|p1a: Landorus|65\/100|[from] item: Leftovers\n|upkeep\n|turn|12\n|inactive|confide has 240 seconds left.\n|inactive|PedroGreg has 120 seconds left.\n|inactive|confide has 210 seconds left.\n|inactive|confide has 180 seconds left.\n|\n|t:|1654807881\n|switch|p2a: hes a killa|Urshifu-Rapid-Strike, M|86\/100 par\n|move|p1a: Landorus|Stealth Rock|p2a: hes a killa\n|-sidestart|p2: confide|move: Stealth Rock\n|\n|-end|p1a: Landorus|move: Future Sight\n|-crit|p1a: Landorus\n|-damage|p1a: Landorus|2\/100\n|-heal|p1a: Landorus|8\/100|[from] item: Leftovers\n|upkeep\n|turn|13\n|inactive|PedroGreg has 90 seconds left.\n|\n|t:|1654807916\n|move|p1a: Landorus|Earthquake|p2a: hes a killa\n|-damage|p2a: hes a killa|40\/100 par\n|move|p2a: hes a killa|U-turn|p1a: Landorus\n|-resisted|p1a: Landorus\n|-damage|p1a: Landorus|0 fnt\n|faint|p1a: Landorus\n|\n|t:|1654807941\n|switch|p2a: not ur savior \ud83d\ude14|Slowking-Galar, F|100\/100|[from]move: U-turn\n|-damage|p2a: not ur savior \ud83d\ude14|88\/100|[from] Stealth Rock\n|\n|upkeep\n|inactive|PedroGreg has 60 seconds left.\n|\n|t:|1654807972\n|switch|p1a: Heatran|Heatran, M|100\/100\n|turn|14\n|inactive|confide has 150 seconds left.\n|\n|t:|1654808002\n|move|p1a: Heatran|Magma Storm|p2a: not ur savior \ud83d\ude14\n|-damage|p2a: not ur savior \ud83d\ude14|68\/100\n|-activate|p2a: not ur savior \ud83d\ude14|move: Magma Storm|[of] p1a: Heatran\n|move|p2a: not ur savior \ud83d\ude14|Scald|p1a: Heatran\n|-supereffective|p1a: Heatran\n|-damage|p1a: Heatran|68\/100\n|\n|-heal|p1a: Heatran|74\/100|[from] item: Leftovers\n|-damage|p2a: not ur savior \ud83d\ude14|55\/100|[from] move: Magma Storm|[partiallytrapped]\n|upkeep\n|turn|15\n|\n|t:|1654808009\n|move|p1a: Heatran|Protect|p1a: Heatran\n|-singleturn|p1a: Heatran|Protect\n|move|p2a: not ur savior \ud83d\ude14|Scald|p1a: Heatran\n|-activate|p1a: Heatran|move: Protect\n|\n|-heal|p1a: Heatran|80\/100|[from] item: Leftovers\n|-damage|p2a: not ur savior \ud83d\ude14|43\/100|[from] move: Magma Storm|[partiallytrapped]\n|upkeep\n|turn|16\n|\n|t:|1654808011\n|move|p1a: Heatran|Earth Power|p2a: not ur savior \ud83d\ude14\n|-supereffective|p2a: not ur savior \ud83d\ude14\n|-damage|p2a: not ur savior \ud83d\ude14|16\/100\n|move|p2a: not ur savior \ud83d\ude14|Scald|p1a: Heatran\n|-supereffective|p1a: Heatran\n|-damage|p1a: Heatran|49\/100\n|\n|-heal|p1a: Heatran|55\/100|[from] item: Leftovers\n|-damage|p2a: not ur savior \ud83d\ude14|4\/100|[from] move: Magma Storm|[partiallytrapped]\n|upkeep\n|turn|17\n|\n|t:|1654808017\n|move|p1a: Heatran|Earth Power|p2a: not ur savior \ud83d\ude14\n|-supereffective|p2a: not ur savior \ud83d\ude14\n|-damage|p2a: not ur savior \ud83d\ude14|0 fnt\n|faint|p2a: not ur savior \ud83d\ude14\n|\n|-heal|p1a: Heatran|61\/100|[from] item: Leftovers\n|upkeep\n|\n|t:|1654808024\n|switch|p2a: are u happy for me|Garchomp, M|62\/100\n|-damage|p2a: are u happy for me|56\/100|[from] Stealth Rock\n|turn|18\n|inactive|PedroGreg has 90 seconds left.\n|\n|t:|1654808051\n|switch|p1a: Urshifu|Urshifu-Rapid-Strike, F|94\/100\n|move|p2a: are u happy for me|Earthquake|p1a: Urshifu\n|-damage|p1a: Urshifu|48\/100\n|\n|-heal|p2a: are u happy for me|62\/100|[from] item: Leftovers\n|upkeep\n|turn|19\n|inactive|PedroGreg has 90 seconds left.\n|inactive|confide has 150 seconds left.\n|\n|t:|1654808084\n|switch|p2a: hes a killa|Urshifu-Rapid-Strike, M|40\/100 par\n|-damage|p2a: hes a killa|33\/100 par|[from] Stealth Rock\n|move|p1a: Urshifu|Surging Strikes|p2a: hes a killa\n|-resisted|p2a: hes a killa\n|-crit|p2a: hes a killa\n|-damage|p2a: hes a killa|24\/100 par\n|-resisted|p2a: hes a killa\n|-crit|p2a: hes a killa\n|-damage|p2a: hes a killa|13\/100 par\n|-resisted|p2a: hes a killa\n|-crit|p2a: hes a killa\n|-damage|p2a: hes a killa|4\/100 par\n|-hitcount|p2a: hes a killa|3\n|\n|upkeep\n|turn|20\n|\n|t:|1654808089\n|move|p1a: Urshifu|Surging Strikes|p2a: hes a killa\n|-resisted|p2a: hes a killa\n|-crit|p2a: hes a killa\n|-damage|p2a: hes a killa|0 fnt\n|faint|p2a: hes a killa\n|-hitcount|p2: hes a killa|1\n|\n|upkeep\n|inactive|confide has 120 seconds left.\n|\n|t:|1654808137\n|switch|p2a: scratch that itch|Melmetal|100\/100\n|-damage|p2a: scratch that itch|94\/100|[from] Stealth Rock\n|turn|21\n|\n|t:|1654808153\n|move|p1a: Urshifu|U-turn|p2a: scratch that itch\n|-resisted|p2a: scratch that itch\n|-damage|p2a: scratch that itch|88\/100\n|\n|t:|1654808157\n|switch|p1a: Zapdos|Zapdos|100\/100|[from]move: U-turn\n|move|p2a: scratch that itch|Thunder Punch|p1a: Zapdos\n|-damage|p1a: Zapdos|60\/100\n|\n|upkeep\n|turn|22\n|\n|t:|1654808176\n|switch|p1a: Dragapult|Dragapult, F|84\/100\n|switch|p2a: are u happy for me|Garchomp, M|62\/100\n|-damage|p2a: are u happy for me|56\/100|[from] Stealth Rock\n|\n|-heal|p2a: are u happy for me|62\/100|[from] item: Leftovers\n|upkeep\n|turn|23\n|\n|t:|1654808182\n|move|p2a: are u happy for me|Protect|p2a: are u happy for me\n|-singleturn|p2a: are u happy for me|Protect\n|move|p1a: Dragapult|U-turn|p2a: are u happy for me\n|-activate|p2a: are u happy for me|move: Protect\n|\n|-heal|p2a: are u happy for me|68\/100|[from] item: Leftovers\n|upkeep\n|turn|24\n|inactive|confide has 90 seconds left.\n|\n|t:|1654808213\n|move|p1a: Dragapult|U-turn|p2a: are u happy for me\n|-damage|p2a: are u happy for me|41\/100\n|-damage|p1a: Dragapult|72\/100|[from] ability: Rough Skin|[of] p2a: are u happy for me\n|\n|t:|1654808219\n|switch|p1a: Zapdos|Zapdos|60\/100|[from]move: U-turn\n|move|p2a: are u happy for me|Earthquake|p1a: Zapdos\n|-immune|p1a: Zapdos\n|\n|-heal|p2a: are u happy for me|47\/100|[from] item: Leftovers\n|upkeep\n|turn|25\n|\n|t:|1654808226\n|move|p2a: are u happy for me|Stealth Rock|p1a: Zapdos\n|-sidestart|p1: PedroGreg|move: Stealth Rock\n|move|p1a: Zapdos|Hurricane|p2a: are u happy for me|[miss]\n|-miss|p1a: Zapdos|p2a: are u happy for me\n|\n|-heal|p2a: are u happy for me|54\/100|[from] item: Leftovers\n|upkeep\n|turn|26\n|inactive|confide has 90 seconds left.\n|\n|t:|1654808254\n|move|p2a: are u happy for me|Protect|p2a: are u happy for me\n|-singleturn|p2a: are u happy for me|Protect\n|move|p1a: Zapdos|Hurricane|p2a: are u happy for me\n|-activate|p2a: are u happy for me|move: Protect\n|\n|-heal|p2a: are u happy for me|60\/100|[from] item: Leftovers\n|upkeep\n|turn|27\n|\n|t:|1654808261\n|switch|p2a: scratch that itch|Melmetal|88\/100\n|-damage|p2a: scratch that itch|82\/100|[from] Stealth Rock\n|move|p1a: Zapdos|Hurricane|p2a: scratch that itch|[miss]\n|-miss|p1a: Zapdos|p2a: scratch that itch\n|\n|upkeep\n|turn|28\n|inactive|confide has 90 seconds left.\n|\n|t:|1654808287\n|switch|p2a: are u happy for me|Garchomp, M|60\/100\n|-damage|p2a: are u happy for me|54\/100|[from] Stealth Rock\n|move|p1a: Zapdos|Roost|p1a: Zapdos\n|-heal|p1a: Zapdos|100\/100\n|-singleturn|p1a: Zapdos|move: Roost\n|\n|-heal|p2a: are u happy for me|60\/100|[from] item: Leftovers\n|upkeep\n|turn|29\n|\n|t:|1654808298\n|move|p2a: are u happy for me|Protect|p2a: are u happy for me\n|-singleturn|p2a: are u happy for me|Protect\n|move|p1a: Zapdos|Hurricane|p2a: are u happy for me\n|-activate|p2a: are u happy for me|move: Protect\n|\n|-heal|p2a: are u happy for me|66\/100|[from] item: Leftovers\n|upkeep\n|turn|30\n|\n|t:|1654808302\n|move|p2a: are u happy for me|Toxic|p1a: Zapdos\n|-status|p1a: Zapdos|tox\n|move|p1a: Zapdos|Hurricane|p2a: are u happy for me\n|-damage|p2a: are u happy for me|36\/100\n|\n|-heal|p2a: are u happy for me|42\/100|[from] item: Leftovers\n|-damage|p1a: Zapdos|94\/100 tox|[from] psn\n|upkeep\n|turn|31\n|\n|t:|1654808315\n|move|p2a: are u happy for me|Protect|p2a: are u happy for me\n|-singleturn|p2a: are u happy for me|Protect\n|move|p1a: Zapdos|Hurricane|p2a: are u happy for me\n|-activate|p2a: are u happy for me|move: Protect\n|\n|-heal|p2a: are u happy for me|48\/100|[from] item: Leftovers\n|-damage|p1a: Zapdos|82\/100 tox|[from] psn\n|upkeep\n|turn|32\n|\n|t:|1654808338\n|switch|p2a: scratch that itch|Melmetal|82\/100\n|-damage|p2a: scratch that itch|75\/100|[from] Stealth Rock\n|move|p1a: Zapdos|Hurricane|p2a: scratch that itch|[miss]\n|-miss|p1a: Zapdos|p2a: scratch that itch\n|\n|-damage|p1a: Zapdos|64\/100 tox|[from] psn\n|upkeep\n|turn|33\n|\n|t:|1654808349\n|move|p1a: Zapdos|Discharge|p2a: scratch that itch\n|-damage|p2a: scratch that itch|48\/100\n|move|p2a: scratch that itch|Thunder Punch|p1a: Zapdos\n|-damage|p1a: Zapdos|27\/100 tox\n|-status|p2a: scratch that itch|par|[from] ability: Static|[of] p1a: Zapdos\n|\n|-damage|p1a: Zapdos|3\/100 tox|[from] psn\n|upkeep\n|turn|34\n|\n|t:|1654808361\n|move|p1a: Zapdos|Defog|p2a: scratch that itch\n|-unboost|p2a: scratch that itch|evasion|1\n|-sideend|p2: confide|Stealth Rock|[from] move: Defog|[of] p1a: Zapdos\n|-sideend|p1: PedroGreg|Stealth Rock|[from] move: Defog|[of] p1a: Zapdos\n|move|p2a: scratch that itch|Thunder Punch|p1a: Zapdos\n|-damage|p1a: Zapdos|0 fnt\n|faint|p1a: Zapdos\n|\n|upkeep\n|\n|t:|1654808371\n|switch|p1a: Heatran|Heatran, M|61\/100\n|turn|35\n|inactive|confide has 60 seconds left.\n|\n|t:|1654808409\n|switch|p2a: are u happy for me|Garchomp, M|48\/100\n|move|p1a: Heatran|Magma Storm|p2a: are u happy for me\n|-resisted|p2a: are u happy for me\n|-damage|p2a: are u happy for me|33\/100\n|-activate|p2a: are u happy for me|move: Magma Storm|[of] p1a: Heatran\n|\n|-heal|p2a: are u happy for me|39\/100|[from] item: Leftovers\n|-heal|p1a: Heatran|67\/100|[from] item: Leftovers\n|-damage|p2a: are u happy for me|26\/100|[from] move: Magma Storm|[partiallytrapped]\n|upkeep\n|turn|36\n|\n|t:|1654808417\n|move|p2a: are u happy for me|Earthquake|p1a: Heatran\n|-supereffective|p1a: Heatran\n|-damage|p1a: Heatran|0 fnt\n|faint|p1a: Heatran\n|\n|-heal|p2a: are u happy for me|33\/100|[from] item: Leftovers\n|-end|p2a: are u happy for me|Magma Storm|[partiallytrapped]|[silent]\n|upkeep\n|\n|t:|1654808423\n|switch|p1a: Urshifu|Urshifu-Rapid-Strike, F|48\/100\n|turn|37\n|inactive|confide has 60 seconds left.\n|\n|t:|1654808440\n|switch|p2a: scratch that itch|Melmetal|48\/100 par\n|move|p1a: Urshifu|Surging Strikes|p2a: scratch that itch\n|-crit|p2a: scratch that itch\n|-damage|p2a: scratch that itch|36\/100 par\n|-crit|p2a: scratch that itch\n|-damage|p2a: scratch that itch|23\/100 par\n|-crit|p2a: scratch that itch\n|-damage|p2a: scratch that itch|11\/100 par\n|-hitcount|p2a: scratch that itch|3\n|\n|upkeep\n|turn|38\n|inactive|confide has 60 seconds left.\n|\n|t:|1654808449\n|move|p1a: Urshifu|Surging Strikes|p2a: scratch that itch\n|-crit|p2a: scratch that itch\n|-damage|p2a: scratch that itch|0 fnt\n|faint|p2a: scratch that itch\n|-hitcount|p2: scratch that itch|1\n|\n|upkeep\n|inactive|confide has 60 seconds left.\n|\n|t:|1654808466\n|switch|p2a: i grieve diferent|Corviknight, F|61\/100\n|-ability|p2a: i grieve diferent|Pressure\n|turn|39\n|inactive|PedroGreg has 210 seconds left.\n|inactive|PedroGreg has 180 seconds left.\n|inactive|confide has 30 seconds left.\n|\n|t:|1654808519\n|move|p1a: Urshifu|Taunt|p2a: i grieve diferent\n|-start|p2a: i grieve diferent|move: Taunt\n|move|p2a: i grieve diferent|U-turn|p1a: Urshifu\n|-resisted|p1a: Urshifu\n|-damage|p1a: Urshifu|41\/100\n|inactive|confide has 30 seconds left.\n|\n|t:|1654808530\n|switch|p2a: shes a killa|Weavile, F|100\/100|[from]move: U-turn\n|\n|upkeep\n|turn|40\n|inactive|confide has 30 seconds left.\n|\n|t:|1654808541\n|switch|p2a: are u happy for me|Garchomp, M|33\/100\n|move|p1a: Urshifu|Surging Strikes|p2a: are u happy for me\n|-crit|p2a: are u happy for me\n|-damage|p2a: are u happy for me|16\/100\n|-activate|p2a: are u happy for me|ability: Rough Skin\n|-activate|p1a: Urshifu|item: Protective Pads\n|-crit|p2a: are u happy for me\n|-damage|p2a: are u happy for me|0 fnt\n|-activate|p2a: are u happy for me|ability: Rough Skin\n|-activate|p1a: Urshifu|item: Protective Pads\n|faint|p2a: are u happy for me\n|-hitcount|p2: are u happy for me|2\n|\n|upkeep\n|inactive|confide has 30 seconds left this turn.\n|\n|t:|1654808547\n|switch|p2a: i grieve diferent|Corviknight, F|61\/100\n|-ability|p2a: i grieve diferent|Pressure\n|turn|41\n|inactive|confide has 30 seconds left.\n|inactive|PedroGreg has 180 seconds left.\n|inactive|PedroGreg has 150 seconds left.\n|inactive|PedroGreg has 120 seconds left.\n|\n|t:|1654808632\n|move|p1a: Urshifu|Taunt|p2a: i grieve diferent\n|-start|p2a: i grieve diferent|move: Taunt\n|move|p2a: i grieve diferent|U-turn|p1a: Urshifu\n|-resisted|p1a: Urshifu\n|-damage|p1a: Urshifu|34\/100\n|inactive|confide has 30 seconds left.\n|\n|t:|1654808638\n|switch|p2a: shes a killa|Weavile, F|100\/100|[from]move: U-turn\n|\n|upkeep\n|turn|42\n|inactive|confide has 30 seconds left.\n|inactive|confide has 20 seconds left.\n|inactive|PedroGreg has 120 seconds left.\n|inactive|confide has 15 seconds left.\n|\n|t:|1654808677\n|move|p2a: shes a killa|Swords Dance|p2a: shes a killa\n|-boost|p2a: shes a killa|atk|2\n|move|p1a: Urshifu|U-turn|p2a: shes a killa\n|-supereffective|p2a: shes a killa\n|-crit|p2a: shes a killa\n|-damage|p2a: shes a killa|0 fnt\n|faint|p2a: shes a killa\n|inactive|confide has 20 seconds left this turn.\n|\n|t:|1654808679\n|switch|p1a: Blacephalon|Blacephalon|100\/100|[from]move: U-turn\n|\n|upkeep\n|inactive|confide has 25 seconds left this turn.\n|c|\u2606PedroGreg|gg\n|c|\u2606PedroGreg|wp\n|inactive|confide has 20 seconds left.\n|c|\u2606confide|.\n|inactive|confide has 15 seconds left.\n|\n|t:|1654808690\n|switch|p2a: i grieve diferent|Corviknight, F|61\/100\n|-ability|p2a: i grieve diferent|Pressure\n|turn|43\n|inactive|confide has 25 seconds left this turn.\n|inactive|confide has 20 seconds left.\n|\n|t:|1654808696\n|move|p1a: Blacephalon|Mind Blown|p2a: i grieve diferent\n|-supereffective|p2a: i grieve diferent\n|-damage|p2a: i grieve diferent|0 fnt\n|-damage|p1a: Blacephalon|50\/100|[from] mindblown\n|faint|p2a: i grieve diferent\n|\n|win|PedroGreg\n|inactive|confide has 25 seconds left this turn.\n","uploadtime":1654808697,"views":1486,"p1id":"pedrogreg","p2id":"confide","formatid":"gen8ou","rating":0,"private":0,"password":null}