{"id":"smogtours-gen8cap1v1-659923","p1":"Faygos","p2":"HUMP","format":"gen8cap1v1","log":"|inactive|Battle timer is ON: inactive players will automatically lose when time's up.\n|t:|1667762539\n|gametype|singles\n|player|p1|Faygos|265|\n|player|p2|HUMP|baker|\n|teamsize|p1|3\n|teamsize|p2|3\n|gen|8\n|tier|[Gen 8] CAP 1v1\n|rule|Species Clause: Limit one of each Pok\u00e9mon\n|rule|HP Percentage Mod: HP is shown in percentages\n|rule|Sleep Clause Mod: Limit one foe put to sleep\n|rule|Dynamax Clause: You cannot dynamax\n|clearpoke\n|poke|p1|Snaelstrom, F|\n|poke|p1|Jumbao, M|\n|poke|p1|Cawmodore, M|\n|poke|p2|Aurumoth, F|\n|poke|p2|Smokomodo, F|\n|poke|p2|Syclant, F|\n|teampreview|1\n|inactive|HUMP also wants the timer to be on.\n|inactive|Faygos also wants the timer to be on.\n|\n|t:|1667762565\n|start\n|switch|p1a: Jumbao|Jumbao, M|326\/326\n|switch|p2a: Aurumoth|Aurumoth, F|371\/371\n|-ability|p1a: Jumbao|No Guard|[from] ability: Trace|[of] p2a: Aurumoth\n|turn|1\n|\n|t:|1667762574\n|move|p1a: Jumbao|Moonblast|p2a: Aurumoth\n|-damage|p2a: Aurumoth|89\/371\n|-unboost|p2a: Aurumoth|spa|1\n|move|p2a: Aurumoth|Bug Buzz|p1a: Jumbao\n|-damage|p1a: Jumbao|227\/326\n|\n|upkeep\n|turn|2\n|-message|HUMP forfeited.\n|\n|win|Faygos\n","uploadtime":1667762579,"views":6,"p1id":"faygos","p2id":"hump","formatid":"gen8cap1v1","rating":0,"private":0,"password":null}