{"id":"sports-gen7draftleague-695812","p1":"baby eric","p2":"AsterJ","format":"gen7draftleague","log":"|j|\u2606baby eric\n|j|\u2606AsterJ\n|t:|1658872045\n|gametype|singles\n|player|p1|baby eric|hallumademe.png|\n|player|p2|AsterJ|asterj.png|\n|teamsize|p1|6\n|teamsize|p2|6\n|gen|7\n|tier|[Gen 7] Draft League\n|rule|Sleep Clause Mod: Limit one foe put to sleep\n|rule|OHKO Clause: OHKO moves are banned\n|rule|Evasion Moves Clause: Evasion moves are banned\n|rule|Endless Battle Clause: Forcing endless battles is banned\n|rule|HP Percentage Mod: HP is shown in percentages\n|clearpoke\n|poke|p1|Diancie|item\n|poke|p1|Kyurem-Black|item\n|poke|p1|Zapdos|item\n|poke|p1|Donphan, M|item\n|poke|p1|Salazzle, F|item\n|poke|p1|Starmie|item\n|poke|p2|Sharpedo, F|item\n|poke|p2|Landorus-Therian, M|item\n|poke|p2|Thundurus, M|item\n|poke|p2|Klefki, M|item\n|poke|p2|Infernape, F|item\n|poke|p2|Necrozma|item\n|teampreview\n|html|<button name=\"send\" class=\"button\" value=\"\/timer ds\"><i class=\"fa fa-hourglass-start\"><\/i> DS Timer<\/button> <button name=\"send\" class=\"button\" value=\"\/timer smogon\"><i class=\"fa fa-hourglass-start\"><\/i> Smogon Timer<\/button>\n|c|\u2606AsterJ|hf\n|inactive|Battle timer is ON: inactive players will automatically lose when time's up. (requested by baby eric)\n|c|\u2606baby eric|u2\n|j|^DL Sunny\n|j| ddrakloak\n|j| sponsoredbyNordVPN\n|j| VIG Luffy\n|j| DrinkingRedWine\n|j| Skyho\n|j| vinithewini\n|\n|t:|1658872068\n|start\n|switch|p1a: Donphan|Donphan, M|100\/100\n|switch|p2a: Klefki|Klefki, M|100\/100\n|turn|1\n|j| marvelous sea\n|j| Dackt\n|j|@PerfecteBlu\n|j|^King l5\n|j| sm64 on top\n|j| Habaduh\n|j| arezuwu\n|\n|t:|1658872073\n|switch|p2a: Necrozma|Necrozma|100\/100\n|switch|p1a: Starmie|Starmie|100\/100\n|\n|upkeep\n|turn|2\n|j| Sablolol\n|j| IkeDreams\n|j| fndfmnvr\n|j| Flames of Disaster\n|j| CG12\n|j| PokeFan4125\n|j| BurningDL\n|j| Shuckle15\n|j| RCR Sub\n|j| Odindark23\n|\n|t:|1658872088\n|move|p1a: Starmie|Toxic|p2a: Necrozma\n|-status|p2a: Necrozma|tox\n|move|p2a: Necrozma|Signal Beam|p1a: Starmie\n|-supereffective|p1a: Starmie\n|-damage|p1a: Starmie|55\/100\n|\n|-damage|p2a: Necrozma|94\/100 tox|[from] psn\n|upkeep\n|turn|3\n|j| Flappington\n|j| Jesse504\n|j| caramelprince72\n|l| caramelprince72\n|j| TGM Birbtales\n|j| Diviniya\n|j| Vikavolt is epic\n|j| clod9\n|c| Vikavolt is epic|hello\n|j| NuePika\n|c| Vikavolt is epic|is this like\n|j|^King Hot Dog W\n|c| Vikavolt is epic|finals\n|\n|t:|1658872106\n|switch|p2a: Klefki|Klefki, M|100\/100\n|move|p1a: Starmie|Recover|p1a: Starmie\n|-heal|p1a: Starmie|100\/100\n|\n|upkeep\n|turn|4\n|j| Johner Police\n|j| 2013 youtube room\n|j| bathe in her blood\n|j| Grytexy\n|j| DOOR MONEY\n|j| OPJellicent\u2764\ufe0f\n|c| 2013 youtube room|hallu back in dpl finals\n|j| GO HALLU\n|\n|t:|1658872117\n|move|p2a: Klefki|Light Screen|p2a: Klefki\n|-sidestart|p2: AsterJ|move: Light Screen\n|move|p1a: Starmie|Scald|p2a: Klefki\n|-damage|p2a: Klefki|88\/100\n|-status|p2a: Klefki|brn\n|\n|-damage|p2a: Klefki|82\/100 brn|[from] brn\n|upkeep\n|turn|5\n|j| Masskeauuu\n|c| GO HALLU|I got hallu \n|j| Pineco Guru\n|j| Erupquake24\n|j| Sinnoh Vibes~\n|\n|t:|1658872130\n|switch|p1a: Donphan|Donphan, M|100\/100\n|switch|p2a: Infernape|Infernape, F|100\/100\n|\n|upkeep\n|turn|6\n|j| fartballs45\n|j| Khaz\n|j| Codythunder56\n|j| robjr\n|j| bbryann\n|\n|t:|1658872135\n|move|p2a: Infernape|U-turn|p1a: Donphan\n|-damage|p1a: Donphan|89\/100\n|j| Gypsy King\n|\n|t:|1658872138\n|switch|p2a: Necrozma|Necrozma|94\/100 tox|[from]move: U-turn\n|move|p1a: Donphan|Stealth Rock|p2a: Necrozma\n|-sidestart|p2: AsterJ|move: Stealth Rock\n|\n|-damage|p2a: Necrozma|88\/100 tox|[from] psn\n|upkeep\n|turn|7\n|j| PikachuZappyZap\n|j| GBlazePlayz\n|j| Trick of Eye\n|c| fartballs45|Holy Shit.\n|j| Glopper\n|j| GCS'Conspiracy\n|j| girlfriend water\n|j| GetOgalTo1\n|j| Hunber Games Tasko\n|c| bathe in her blood|go hallu!\n|j| Turkitty\n|j| BTD Ves\n|\n|t:|1658872162\n|switch|p1a: Starmie|Starmie|100\/100\n|move|p2a: Necrozma|Stealth Rock|p1a: Starmie\n|-sidestart|p1: baby eric|move: Stealth Rock\n|\n|-damage|p2a: Necrozma|76\/100 tox|[from] psn\n|upkeep\n|turn|8\n|c| girlfriend water|hi DOOR MONEY\n|j| woopontop\n|j| EGAZebstrikas\n|\n|t:|1658872168\n|move|p1a: Starmie|Rapid Spin|p2a: Necrozma\n|-damage|p2a: Necrozma|74\/100 tox\n|-damage|p1a: Starmie|84\/100|[from] item: Rocky Helmet|[of] p2a: Necrozma\n|-sideend|p1: baby eric|Stealth Rock|[from] move: Rapid Spin|[of] p1a: Starmie\n|move|p2a: Necrozma|Signal Beam|p1a: Starmie\n|-supereffective|p1a: Starmie\n|-damage|p1a: Starmie|34\/100\n|\n|-damage|p2a: Necrozma|56\/100 tox|[from] psn\n|upkeep\n|turn|9\n|c| DOOR MONEY|hi GBlazePlayz\n|j| Vegeta the Goat\n|j| beefy boy alex\n|j| VanillaBase\n|\n|t:|1658872182\n|move|p1a: Starmie|Recover|p1a: Starmie\n|-heal|p1a: Starmie|84\/100\n|move|p2a: Necrozma|Stealth Rock|p1a: Starmie\n|-sidestart|p1: baby eric|move: Stealth Rock\n|\n|-damage|p2a: Necrozma|32\/100 tox|[from] psn\n|upkeep\n|turn|10\n|j| Accidental\n|c| bbryann|In shaking and vomiting  \n|c| BTD Ves|good morning gents\n|j| OrangeCrow\n|l| Khaz\n|l| bbryann\n|inactive|baby eric has 270 seconds left.\n|inactive|AsterJ has 270 seconds left.\n|j| TU AMIGO\n|c| Turkitty|This is the 2nd most important mu of the season tbh\n|\n|t:|1658872224\n|move|p1a: Starmie|Recover|p1a: Starmie\n|-heal|p1a: Starmie|100\/100\n|move|p2a: Necrozma|Stealth Rock||[still]\n|-fail|p2a: Necrozma\n|\n|-damage|p2a: Necrozma|2\/100 tox|[from] psn\n|upkeep\n|turn|11\n|j| Kaedaxe\n|j| honeybourbon\n|j| S2G Rin\n|\n|t:|1658872226\n|move|p1a: Starmie|Rapid Spin|p2a: Necrozma\n|-damage|p2a: Necrozma|0 fnt\n|-damage|p1a: Starmie|84\/100|[from] item: Rocky Helmet|[of] p2a: Necrozma\n|-sideend|p1: baby eric|Stealth Rock|[from] move: Rapid Spin|[of] p1a: Starmie\n|faint|p2a: Necrozma\n|\n|-sideend|p2: AsterJ|move: Light Screen\n|upkeep\n|\n|t:|1658872229\n|switch|p2a: Thundurus|Thundurus, M|100\/100\n|-damage|p2a: Thundurus|76\/100|[from] Stealth Rock\n|turn|12\n|c| fndfmnvr|Its all over\n|j| Joshtheturtwig\n|\n|t:|1658872237\n|switch|p1a: Donphan|Donphan, M|89\/100\n|move|p2a: Thundurus|Nasty Plot|p2a: Thundurus\n|-boost|p2a: Thundurus|spa|2\n|\n|upkeep\n|turn|13\n|c| ddrakloak|We Are Finished .\n|\n|t:|1658872241\n|move|p1a: Donphan|Endure|p1a: Donphan\n|-singleturn|p1a: Donphan|move: Endure\n|move|p2a: Thundurus|Grass Knot|p1a: Donphan\n|-supereffective|p1a: Donphan\n|-activate|p1a: Donphan|move: Endure\n|-damage|p1a: Donphan|1\/100\n|\n|upkeep\n|turn|14\n|j| palkia62\n|j| Legits\n|c| 2013 youtube room|hallu NASTY\n|-enditem|p1a: Donphan|Custap Berry|[eat]\n|-activate|p1a: Donphan|item: Custap Berry|[consumed]\n|\n|t:|1658872255\n|switch|p2a: Klefki|Klefki, M|82\/100 brn\n|-damage|p2a: Klefki|76\/100 brn|[from] Stealth Rock\n|move|p1a: Donphan|Endeavor|p2a: Klefki\n|-damage|p2a: Klefki|1\/100 brn\n|\n|-damage|p2a: Klefki|0 fnt|[from] brn\n|faint|p2a: Klefki\n|upkeep\n|j| mrmiddleman\n|c| GO HALLU|How \n|c| Joshtheturtwig|o\n|c| fartballs45|Wallahi you are finished\n|c| girlfriend water|how\n|c| S2G Rin|heat\n|c| TU AMIGO|Wheelchair\n|j| Los Amigos\n|c| Vikavolt is epic|goated\n|c| 2013 youtube room|:skull:\n|j| Femboy H00ters\n|j| congrats tgm\n|j| Hogline\n|j| Telekino City\n|inactive|AsterJ has 270 seconds left.\n|\n|t:|1658872281\n|switch|p2a: Infernape|Infernape, F|100\/100\n|-damage|p2a: Infernape|88\/100|[from] Stealth Rock\n|turn|15\n|c| congrats tgm|HalluNasty wins his third chip \n|c| GO HALLU|Personally I wouldn\u2019t get gooed on like this aster I that\u2019s just me though\n|j| himynameisbobert\n|c| BTD Ves|true\n|c| himynameisbobert|BABY ERIC GOATED\n|c| girlfriend water|AsterI\n|\n|t:|1658872300\n|move|p1a: Donphan|Endure|p1a: Donphan\n|-singleturn|p1a: Donphan|move: Endure\n|move|p2a: Infernape|Earthquake|p1a: Donphan\n|-activate|p1a: Donphan|move: Endure\n|-damage|p1a: Donphan|1\/100\n|\n|-heal|p2a: Infernape|94\/100|[from] item: Leftovers\n|upkeep\n|turn|16\n|c| BTD Ves|endured\n|\n|t:|1658872307\n|move|p2a: Infernape|Earthquake|p1a: Donphan\n|-damage|p1a: Donphan|0 fnt\n|faint|p1a: Donphan\n|\n|-heal|p2a: Infernape|100\/100|[from] item: Leftovers\n|upkeep\n|c| fartballs45|Free lefties\n|c| BTD Ves|fuck.\n|c| Femboy H00ters|Bro I just joined this what league is this and why is there 80 people? XD\n|\n|t:|1658872318\n|switch|p1a: Diancie|Diancie|100\/100\n|turn|17\n|c| BTD Ves|kys\n|c| marvelous sea|YBTT\n|l| Skyho\n|c| DOOR MONEY|ybtt\n|c| girlfriend water|GTTA\n|\n|t:|1658872328\n|detailschange|p1a: Diancie|Diancie-Mega\n|-mega|p1a: Diancie|Diancie|Diancite\n|move|p1a: Diancie|Moonblast|p2a: Infernape\n|-damage|p2a: Infernape|44\/100\n|-unboost|p2a: Infernape|spa|1\n|move|p2a: Infernape|U-turn|p1a: Diancie\n|-resisted|p1a: Diancie\n|-damage|p1a: Diancie|89\/100\n|c| Turkitty|Is it ybt or ybtt?\n|c| GetOgalTo1|YBTT\n|\n|t:|1658872336\n|switch|p2a: Thundurus|Thundurus, M|76\/100|[from]move: U-turn\n|-damage|p2a: Thundurus|51\/100|[from] Stealth Rock\n|\n|upkeep\n|turn|18\n|c| BTD Ves|good u\n|j| neummy\n|j| DJSen\n|j| Twerkium Z\n|j| Skyho\n|j| akuuuuuuuuu\n|\n|t:|1658872353\n|move|p2a: Thundurus|Flash Cannon|p1a: Diancie\n|-supereffective|p1a: Diancie\n|-damage|p1a: Diancie|0 fnt\n|faint|p1a: Diancie\n|\n|upkeep\n|c| BTD Ves|gn\n|\n|t:|1658872358\n|switch|p1a: Salazzle|Salazzle, F|100\/100\n|turn|19\n|j| ARE U HAPPY FOR ME\n|j| 7ybot\n|c| girlfriend water|dropped.\n|c| akuuuuuuuuu|gm DOOR MONEY\n|c| DOOR MONEY|shut up\n|c| akuuuuuuuuu|no\n|\n|t:|1658872378\n|move|p1a: Salazzle|Flamethrower|p2a: Thundurus\n|-damage|p2a: Thundurus|0 fnt\n|faint|p2a: Thundurus\n|\n|upkeep\n|l| TU AMIGO\n|\n|t:|1658872388\n|switch|p2a: Sharpedo|Sharpedo, F|100\/100\n|-damage|p2a: Sharpedo|88\/100|[from] Stealth Rock\n|turn|20\n|j| Dhhrurururur\n|c| Twerkium Z|in\n|c| Dhhrurururur|No shot \n|c| Twerkium Z|:pedo:\n|c| Joshtheturtwig|shork\n|c| girlfriend water|:pedo:\n|c| PikachuZappyZap|in\n|c| GO HALLU|As a person who analyzes all facets of the game \n|c| GO HALLU|hallu won \n|\n|t:|1658872408\n|switch|p1a: Kyurem|Kyurem-Black|100\/100\n|-ability|p1a: Kyurem|Teravolt\n|move|p2a: Sharpedo|Protect||[still]\n|-fail|p2a: Sharpedo\n|\n|-ability|p2a: Sharpedo|Speed Boost|boost\n|-boost|p2a: Sharpedo|spe|1\n|upkeep\n|turn|21\n|c| BTD Ves|bro is safe\n|c| Dhhrurururur|SHEEEEEE\n|l| Twerkium Z\n|j| jrbois\n|l| OPJellicent\u2764\ufe0f\n|j| Obi3\n|j| OPJellicent\u2764\ufe0f\n|inactive|baby eric has 270 seconds left.\n|j| hjkhj \u32db\n|c| Dhhrurururur|The pack is watching\n|j| Twerkium Z\n|\n|t:|1658872452\n|move|p2a: Sharpedo|Protect|p2a: Sharpedo\n|-singleturn|p2a: Sharpedo|Protect\n|move|p1a: Kyurem|Fusion Bolt|p2a: Sharpedo\n|-activate|p2a: Sharpedo|move: Protect\n|\n|-ability|p2a: Sharpedo|Speed Boost|boost\n|-boost|p2a: Sharpedo|spe|1\n|upkeep\n|turn|22\n|l| Twerkium Z\n|j| ElevatedGodlyness\n|\n|t:|1658872473\n|detailschange|p2a: Sharpedo|Sharpedo-Mega, F\n|-mega|p2a: Sharpedo|Sharpedo|Sharpedonite\n|move|p2a: Sharpedo|Crunch|p1a: Kyurem\n|-damage|p1a: Kyurem|57\/100\n|move|p1a: Kyurem|Hone Claws|p1a: Kyurem\n|-boost|p1a: Kyurem|atk|1\n|-boost|p1a: Kyurem|accuracy|1\n|\n|upkeep\n|turn|23\n|c| Turkitty|Choke?\n|\n|t:|1658872486\n|move|p2a: Sharpedo|Crunch|p1a: Kyurem\n|-damage|p1a: Kyurem|14\/100\n|move|p1a: Kyurem|Fusion Bolt|p2a: Sharpedo\n|-supereffective|p2a: Sharpedo\n|-damage|p2a: Sharpedo|0 fnt\n|faint|p2a: Sharpedo\n|\n|upkeep\n|c| Jesse504|crit opportunity\n|j| love chants\n|\n|t:|1658872491\n|switch|p2a: Landorus|Landorus-Therian, M|100\/100\n|-damage|p2a: Landorus|88\/100|[from] Stealth Rock\n|-ability|p2a: Landorus|Intimidate|boost\n|-unboost|p1a: Kyurem|atk|1\n|turn|24\n|j| Demolthy\n|inactive|baby eric has 270 seconds left.\n|j| kleckerr\n|c| love chants|go hailey!\n|c| fartballs45|Just remember hallu you are a fraud\n|inactive|AsterJ has 270 seconds left.\n|j| Ruby Best Girl\n|l| fndfmnvr\n|j| DD poopon\n|c| GO HALLU|Happy nasty well played \n|c| BTD Ves|good hone claws eric\n|j| juwanna menn\n|\n|t:|1658872530\n|switch|p2a: Infernape|Infernape, F|44\/100\n|-damage|p2a: Infernape|31\/100|[from] Stealth Rock\n|-zpower|p1a: Kyurem\n|move|p1a: Kyurem|Subzero Slammer|p2a: Infernape|[zeffect]\n|-resisted|p2a: Infernape\n|-damage|p2a: Infernape|0 fnt\n|faint|p2a: Infernape\n|\n|upkeep\n|\n|t:|1658872539\n|switch|p2a: Landorus|Landorus-Therian, M|88\/100\n|-damage|p2a: Landorus|76\/100|[from] Stealth Rock\n|-ability|p2a: Landorus|Intimidate|boost\n|-unboost|p1a: Kyurem|atk|1\n|turn|25\n|c| girlfriend water|i agree\n|c| GO HALLU|Choke for the fans \n|inactive|baby eric has 270 seconds left.\n|c| Jesse504|time out for the fans\n|c| GO HALLU|Get gooed \n|c| DD poopon|twerks\n|c| girlfriend water|timer for the fans\n|\n|t:|1658872574\n|switch|p1a: Starmie|Starmie|84\/100\n|move|p2a: Landorus|Rock Polish|p2a: Landorus\n|-boost|p2a: Landorus|spe|2\n|\n|upkeep\n|turn|26\n|c| girlfriend water|gg\n|c| GO HALLU|Messi \n|c| Vikavolt is epic|o its freeze shock\n|c| Vikavolt is epic|:0\n|c| Dhhrurururur|Oh jee\n|inactive|AsterJ has 240 seconds left.\n|c| Vikavolt is epic|at least i think\n|c| hjkhj \u32db|Please timer for the fans\n|c| Telekino City|lando will crit\n|j| slowteej\n|c| neummy|crit?\n|c| Telekino City|and kill everything\n|c| ARE U HAPPY FOR ME|for the fans\n|c| Femboy H00ters|critters in chat?\n|\n|t:|1658872618\n|move|p2a: Landorus|Swords Dance|p2a: Landorus\n|-boost|p2a: Landorus|atk|2\n|move|p1a: Starmie|Scald|p2a: Landorus\n|-supereffective|p2a: Landorus\n|-damage|p2a: Landorus|13\/100\n|\n|upkeep\n|turn|27\n|c| DOOR MONEY|chance ball\n|j| lexrn\n|c| Joshtheturtwig|aint no way\n|c| GO HALLU|MESSI\n|c| girlfriend water|wrap\n|c| marvelous sea|no shot\n|c| GO HALLU|NO\n|c| akuuuuuuuuu|holy'\n|c| Femboy H00ters|MESSI\n|c| PikachuZappyZap|wincon\n|c| fartballs45|OOOOOOOOOOOOOOOOOOOOOOOOOL\n|c| bathe in her blood|gg\n|c| PikachuZappyZap|wincon\n|c| hjkhj \u32db|Wair a second...\n|c| DD poopon|YOO\n|c| PikachuZappyZap|wincon\n|c| neummy|brother\n|c| Jesse504|LOOOOOOOOOOOL\n|c| PikachuZappyZap|wincon\n|c| akuuuuuuuuu|goat.\n|c| love chants|vamos\n|c| Vikavolt is epic|wait i know who you are\n|j| Kiliminati\n|c| congrats tgm|perdemos \n|c| Vikavolt is epic|hello pickles\n|c| GO HALLU|HALLU NOOO\n|c| Kiliminati|WUT\n|\n|t:|1658872642\n|switch|p1a: Kyurem|Kyurem-Black|14\/100\n|-ability|p1a: Kyurem|Teravolt\n|move|p2a: Landorus|Earthquake|p1a: Kyurem\n|-damage|p1a: Kyurem|0 fnt\n|faint|p1a: Kyurem\n|\n|upkeep\n|j| Twerkium Z\n|l| love chants\n|c| Twerkium Z|goat?\n|c| S2G Rin|ggs\n|inactive|baby eric has 240 seconds left.\n|\n|t:|1658872655\n|switch|p1a: Zapdos|Zapdos|100\/100\n|-ability|p1a: Zapdos|Pressure\n|turn|28\n|c| DD poopon|Aint no way\n|j| daddy max\n|c| S2G Rin|choked balls i think\n|c| DD poopon|Stedge miss\n|j| TWERKIUM Z HIM\n|c| Telekino City|edge hit and kill\n|inactive|baby eric has 240 seconds left.\n|c| Flappington|any edgers\n|c| Femboy H00ters|Stone Edge is funny\n|\n|t:|1658872673\n|-zpower|p2a: Landorus\n|move|p2a: Landorus|Continental Crush|p1a: Zapdos|[zeffect]\n|-supereffective|p1a: Zapdos\n|-damage|p1a: Zapdos|0 fnt\n|faint|p1a: Zapdos\n|\n|upkeep\n|c| Twerkium Z|incoming twerkium z\n|c| Joshtheturtwig|wow\n|c| Vikavolt is epic|omg this is the reverse sweep of the century if edge hits\n|c| sm64 on top|GOAT\n|c| Vikavolt is epic|o\n|c| daddy max|YOOOO\n|c| Kiliminati|Crushed\n|c| DD poopon|TWERKIUM Z\n|c| ddrakloak|no shot\n|c| Joshtheturtwig|didnt even scout \n|c| GO HALLU|NO SHOT\n|c| akuuuuuuuuu|holy shit\n|c| DrinkingRedWine|NO SHOT\n|c| girlfriend water|lol\n|c| DOOR MONEY|goat\n|c| Joshtheturtwig|sadge\n|c| marvelous sea|LOOOOOOOOOOOOOOOOOOOOOOOOOOL\n|\n|t:|1658872682\n|switch|p1a: Starmie|Starmie|84\/100\n|turn|29\n|c| GO HALLU|HALLU NO\n|c| IkeDreams|LOL\n|c| VIG Luffy|wraps\n|c| bathe in her blood|twerked on\n|c| Odindark23|NO SHOT\n|c| Flames of Disaster|LETS GOOOOOO ASTER\n|\n|t:|1658872685\n|move|p2a: Landorus|Earthquake|p1a: Starmie\n|-damage|p1a: Starmie|0 fnt\n|faint|p1a: Starmie\n|\n|upkeep\n|c| Vikavolt is epic|eq miss when\n|c| Twerkium Z|Twerkium Z'd\n|c| DD poopon|LMAOOOOOOOO\n|l| Turkitty\n|\n|t:|1658872688\n|switch|p1a: Salazzle|Salazzle, F|100\/100\n|turn|30\n|c| lexrn|Thank gof\n|c| DrinkingRedWine|LOL\n|c| girlfriend water|this is funny\n|c| IkeDreams|LETS GOOOOOO WINGS\n|c| lexrn|Fuck undead\n|\n|t:|1658872691\n|move|p2a: Landorus|Earthquake|p1a: Salazzle\n|-supereffective|p1a: Salazzle\n|-damage|p1a: Salazzle|0 fnt\n|faint|p1a: Salazzle\n|\n|win|AsterJ\n|c| Telekino City|LET'S\n|c| S2G Rin|sash?\n|c| lexrn|LMAO\n|c| fartballs45|HALLU YOU ARE A FRAUD\n|c| Telekino City|GO\n|c|\u2606AsterJ|gg\n|c| S2G Rin|nope\n|l| Dhhrurururur\n|l| juwanna menn\n|l| daddy max\n|l| vinithewini\n|c| sm64 on top|GOAT\n|l| GO HALLU\n|c| Femboy H00ters|Boy I love Edging\n|l| TWERKIUM Z HIM\n|c| fartballs45|HALLU YOU ARE A FRAUD\n|c| ddrakloak|asterjoat.\n|l| Erupquake24\n|c| marvelous sea|WRAP\n|l| Accidental\n|l| kleckerr\n|l| Glopper\n|c| GetOgalTo1|lol\n|c| bathe in her blood|goodnight hallu\n|c|\u2606baby eric|gg\n|l| Vikavolt is epic\n|c| Telekino City|REVERSERS IN THECHAT\n|l| BTD Ves\n|c| girlfriend water|hilarious in fact\n|c| Twerkium Z|Rahhh!!\n|l| Codythunder56\n|c| fartballs45|FRAUDULENT \n|c| Odindark23|Aster goat\n|l| Shuckle15\n|l| GBlazePlayz\n|c| fartballs45|SHITTY BOY\n|l| clod9\n|j| xXcrossbowXx\n|l| girlfriend water\n|l| lexrn\n|l| Twerkium Z\n|l| ElevatedGodlyness\n|l| BurningDL\n|l| honeybourbon\n|l| fartballs45\n|l| Kiliminati\n|l| Flappington\n|l| jrbois\n|c| Skyho|Lmfao\n|l| GCS'Conspiracy\n|l| VIG Luffy\n|l| Dackt\n|c| Skyho|Gg\n|l| congrats tgm\n|l| DJSen\n|l| Skyho\n|l| Sinnoh Vibes~\n|c| Diviniya|GOD\n|l| bathe in her blood\n|l| CG12\n|l| palkia62\n|j| Vergi1\n|l| PokeFan4125\n|l| Legits\n|l| beefy boy alex\n|l| Vegeta the Goat\n|l| S2G Rin\n|l| Hogline\n|l| Joshtheturtwig\n|l| hjkhj \u32db\n|l| arezuwu\n|l| Ruby Best Girl\n|l| Demolthy\n|j| fndfmnvr\n|l| 2013 youtube room\n|l| fndfmnvr\n|l| Trick of Eye\n|j| Donny P.\n|l| Kaedaxe\n|c| Femboy H00ters|Damn I wanna see this leagues server this was wild\n|l| Telekino City\n|j|^TNI Gregulator\n|l| TGM Birbtales\n|l| OrangeCrow\n|j| Goats eat grass\n|c| Goats eat grass|LOOOOOL\n|l| slowteej\n|l|^King l5\n|l| xXcrossbowXx\n|l| woopontop\n|l| Los Amigos\n|l| Goats eat grass\n|l|^King Hot Dog W\n|l| IkeDreams\n|j| Tikkito\n|j| KingofQuags\n|l| Masskeauuu\n|l| Vergi1\n|l| KingofQuags\n|l| Grytexy\n|l| DOOR MONEY\n|l| Flames of Disaster\n|l| mrmiddleman\n|l| Odindark23\n|l| Jesse504\n|l| NuePika\n|l| Gypsy King\n|l| Tikkito\n|l| marvelous sea\n|j| Just Achor\n|l| OPJellicent\u2764\ufe0f\n|l| 7ybot\n|l| himynameisbobert\n|l| Femboy H00ters\n|l| Johner Police\n|l| VanillaBase\n|l| Just Achor\n|l|^DL Sunny\n|l| PikachuZappyZap\n|l| sponsoredbyNordVPN\n|l| Sablolol\n|l| Pineco Guru\n|l| RCR Sub\n|l| DD poopon\n|l|@PerfecteBlu\n|l| robjr\n|l|^TNI Gregulator\n|l| GetOgalTo1\n|l| DrinkingRedWine\n|l| Donny P.\n|l| neummy\n|j| BeaverGanger69\n|l| BeaverGanger69\n|j| NuePika\n|l| NuePika\n|l|\u2606baby eric\n|l| Habaduh\n|l| ARE U HAPPY FOR ME\n|l| Diviniya\n|l| Obi3\n|l| Hunber Games Tasko\n|j|@st. ihiihuio \u266b\n|j| Lemurro\n|l| Lemurro\n|l| ddrakloak\n|l|@st. ihiihuio \u266b\n|n|\u2606AsterJ@!|asterj\n|n| EGAZebstrikas@!|egazebstrikas\n|j| Just Achor\n|l| Just Achor\n|j| Just Achor\n|l| Just Achor\n|j| datoneman\n","uploadtime":1658872712,"views":350,"p1id":"babyeric","p2id":"asterj","formatid":"gen7draftleague","rating":0,"private":0,"password":null}