{"id":"sports-gen7draftleague-659212","p1":"theoldydragon","p2":"AsterJ","format":"gen7draftleague","log":"|j|\u2606theoldydragon\n|j|\u2606AsterJ\n|t:|1653868803\n|gametype|singles\n|player|p1|theoldydragon|theoldydragon.png|\n|player|p2|AsterJ|asterj.png|\n|teamsize|p1|6\n|teamsize|p2|6\n|gen|7\n|tier|[Gen 7] Draft League\n|rule|Sleep Clause Mod: Limit one foe put to sleep\n|rule|OHKO Clause: OHKO moves are banned\n|rule|Evasion Moves Clause: Evasion moves are banned\n|rule|Endless Battle Clause: Forcing endless battles is banned\n|rule|HP Percentage Mod: HP is shown in percentages\n|clearpoke\n|poke|p1|Pidgeot, F|item\n|poke|p1|Garchomp, M|item\n|poke|p1|Rotom-Wash|item\n|poke|p1|Cofagrigus, M|item\n|poke|p1|Scizor, M|item\n|poke|p1|Hoopa-Unbound|item\n|poke|p2|Sharpedo, F|item\n|poke|p2|Thundurus, M|item\n|poke|p2|Klefki, F|item\n|poke|p2|Infernape, F|item\n|poke|p2|Landorus-Therian, M|item\n|poke|p2|Necrozma|item\n|teampreview\n|html|<button name=\"send\" class=\"button\" value=\"\/timer ds\"><i class=\"fa fa-hourglass-start\"><\/i> DS Timer<\/button> <button name=\"send\" class=\"button\" value=\"\/timer smogon\"><i class=\"fa fa-hourglass-start\"><\/i> Smogon Timer<\/button>\n|j| DamnDaTa\n|c|\u2606AsterJ|gl hf man\n|j| mrmiddleman\n|j| hjkhj\n|j| UnviaSlick\n|j| DZ Odin\n|c|\u2606theoldydragon|glhf\n|inactive|Battle timer is ON: inactive players will automatically lose when time's up. (requested by theoldydragon)\n|j| sablolol\n|j| ddrakloak\n|j| SB JC\n|j| BabyKeemOfDraft\n|j| DOOR MONEY\n|j| vinithewini\n|j| PikachuZappyZap\n|j| arezuwu\n|\n|t:|1653868841\n|start\n|switch|p1a: Garchomp|Garchomp, M|100\/100\n|switch|p2a: Aimel|Klefki, F|100\/100\n|turn|1\n|j| fartballs45\n|j| bathe in her blood\n|j| i love u finch\n|c| SB JC|gg\n|j| DevilShinra\n|j| TOOXIC860\n|c| bathe in her blood|woo go beardy\n|j| sponsoredbyNordVPN\n|\n|t:|1653868853\n|move|p2a: Aimel|Reflect|p2a: Aimel\n|-sidestart|p2: AsterJ|Reflect\n|move|p1a: Garchomp|Earthquake|p2a: Aimel\n|-supereffective|p2a: Aimel\n|-damage|p2a: Aimel|52\/100\n|-enditem|p2a: Aimel|Eject Button\n|c| sablolol|keys are back\n|j| MoneyGuy9559\n|j| Lemurro\n|c| DOOR MONEY|buttoned\n|\n|t:|1653868858\n|switch|p2a: Devin|Thundurus, M|100\/100\n|\n|upkeep\n|turn|2\n|c| TOOXIC860|OH BOY\n|c| UnviaSlick|not again .....\n|c| sablolol|el button\n|c| TOOXIC860|gg\n|c| sponsoredbyNordVPN|today the keys are Aimel and not bryann however\n|j| Erupquake24\n|c| PikachuZappyZap|omg it's Devin\n|c| mrmiddleman|sub salac time les go\n|j| Kniops\n|inactive|theoldydragon has 270 seconds left.\n|c| ddrakloak|brother it's time\n|j|^Bontz\n|c| sablolol|brother it's time\n|c| TOOXIC860|this thundy bout to fuck em\n|j| spheelchair\n|\n|t:|1653868904\n|move|p2a: Devin|Hidden Power|p1a: Garchomp\n|-supereffective|p1a: Garchomp\n|-damage|p1a: Garchomp|19\/100\n|move|p1a: Garchomp|Stone Edge|p2a: Devin\n|-supereffective|p2a: Devin\n|-crit|p2a: Devin\n|-damage|p2a: Devin|0 fnt\n|faint|p2a: Devin\n|\n|upkeep\n|j| Kanata Konoe\n|c| fartballs45|These guys cannot beat oldheads without using screens these guys are cheaters\n|c| DOOR MONEY|eject button and salac berry may define this season\n|c| sablolol|ahhhhhh\n|c| i love u finch|gone\n|c| TOOXIC860|nvm\n|inactive|AsterJ has 270 seconds left.\n|c| i love u finch|gn thund\n|c| sponsoredbyNordVPN|you jinxed it toxic\n|c| hjkhj|outplayed\n|c| DOOR MONEY|sheesh\n|c|\u2606theoldydragon|smile\n|c| TOOXIC860|im helping ves team get a win this week\n|c| DOOR MONEY|smile\n|c| i love u finch|yeah that crit took 5 games too long\n|c| sablolol|haxs trying to ensure oldheads to get 7-0s\n|inactive|AsterJ has 240 seconds left.\n|c| sablolol|dont get 7-0\n|c| i love u finch|so true\n|\n|t:|1653868950\n|switch|p2a: Rye|Landorus-Therian, M|100\/100\n|-ability|p2a: Rye|Intimidate|boost\n|-unboost|p1a: Garchomp|atk|1\n|turn|3\n|j| OPdragonite\n|c| i love u finch|except you got me last\n|\n|t:|1653868965\n|switch|p1a: Pidgeot|Pidgeot, F|100\/100\n|move|p2a: Rye|U-turn|p1a: Pidgeot\n|-resisted|p1a: Pidgeot\n|-damage|p1a: Pidgeot|85\/100\n|inactive|AsterJ has 240 seconds left.\n|j| StreetCredCookie\n|\n|t:|1653868976\n|switch|p2a: Aimel|Klefki, F|52\/100|[from]move: U-turn\n|\n|upkeep\n|turn|4\n|inactive|AsterJ has 240 seconds left.\n|\n|t:|1653868989\n|switch|p1a: Rotom|Rotom-Wash|100\/100\n|move|p2a: Aimel|Toxic|p1a: Rotom\n|-status|p1a: Rotom|tox\n|\n|-damage|p1a: Rotom|95\/100 tox|[from] psn\n|upkeep\n|turn|5\n|j| IronFlashGaming\n|j| Enzonana\n|j| SuperEpicAmpharos\n|j| PokeFan4125\n|\n|t:|1653869001\n|move|p2a: Aimel|Spikes|p1a: Rotom\n|-sidestart|p1: theoldydragon|Spikes\n|move|p1a: Rotom|Volt Switch|p2a: Aimel\n|-damage|p2a: Aimel|29\/100\n|\n|t:|1653869006\n|switch|p1a: Pidgeot|Pidgeot, F|85\/100|[from]move: Volt Switch\n|\n|-sideend|p2: AsterJ|Reflect\n|upkeep\n|turn|6\n|\n|t:|1653869012\n|switch|p1a: Rotom|Rotom-Wash|95\/100 tox\n|move|p2a: Aimel|Toxic|p1a: Rotom\n|-fail|p1a: Rotom|tox\n|\n|-damage|p1a: Rotom|89\/100 tox|[from] psn\n|upkeep\n|turn|7\n|\n|t:|1653869023\n|move|p2a: Aimel|Reflect|p2a: Aimel\n|-sidestart|p2: AsterJ|Reflect\n|move|p1a: Rotom|Defog|p2a: Aimel\n|-unboost|p2a: Aimel|evasion|1\n|-sideend|p2: AsterJ|Reflect\n|-sideend|p1: theoldydragon|Spikes|[from] move: Defog|[of] p1a: Rotom\n|\n|-damage|p1a: Rotom|77\/100 tox|[from] psn\n|upkeep\n|turn|8\n|\n|t:|1653869030\n|move|p2a: Aimel|Reflect|p2a: Aimel\n|-sidestart|p2: AsterJ|Reflect\n|move|p1a: Rotom|Hydro Pump|p2a: Aimel\n|-damage|p2a: Aimel|0 fnt\n|faint|p2a: Aimel\n|\n|-damage|p1a: Rotom|59\/100 tox|[from] psn\n|upkeep\n|\n|t:|1653869035\n|switch|p2a: Habaduh|Necrozma|100\/100\n|turn|9\n|inactive|AsterJ has 270 seconds left.\n|\n|t:|1653869043\n|move|p2a: Habaduh|Stealth Rock|p1a: Rotom\n|-sidestart|p1: theoldydragon|move: Stealth Rock\n|move|p1a: Rotom|Toxic|p2a: Habaduh\n|-status|p2a: Habaduh|tox\n|\n|-damage|p2a: Habaduh|94\/100 tox|[from] psn\n|-damage|p1a: Rotom|35\/100 tox|[from] psn\n|upkeep\n|turn|10\n|\n|t:|1653869055\n|move|p2a: Habaduh|Photon Geyser|p1a: Rotom\n|-damage|p1a: Rotom|0 fnt\n|faint|p1a: Rotom\n|\n|-heal|p2a: Habaduh|100\/100 tox|[from] item: Leftovers\n|-damage|p2a: Habaduh|88\/100 tox|[from] psn\n|upkeep\n|c| spheelchair|Hello user AsterJ\n|j| SPS Birbtales\n|\n|t:|1653869065\n|switch|p1a: Cofagrigus|Cofagrigus, M|100\/100\n|-damage|p1a: Cofagrigus|88\/100|[from] Stealth Rock\n|turn|11\n|c| spheelchair|I am wondering what has happened to bryann the klefki\n|\n|t:|1653869069\n|move|p2a: Habaduh|Photon Geyser|p1a: Cofagrigus\n|-damage|p1a: Cofagrigus|37\/100\n|move|p1a: Cofagrigus|Trick Room|p1a: Cofagrigus\n|-fieldstart|move: Trick Room|[of] p1a: Cofagrigus\n|\n|-heal|p2a: Habaduh|94\/100 tox|[from] item: Leftovers\n|-damage|p2a: Habaduh|75\/100 tox|[from] psn\n|upkeep\n|turn|12\n|\n|t:|1653869096\n|-zpower|p1a: Cofagrigus\n|move|p1a: Cofagrigus|Never-Ending Nightmare|p2a: Habaduh|[zeffect]\n|-supereffective|p2a: Habaduh\n|-damage|p2a: Habaduh|0 fnt\n|faint|p2a: Habaduh\n|\n|-sideend|p2: AsterJ|Reflect\n|upkeep\n|c| UnviaSlick|goat\n|\n|t:|1653869102\n|switch|p2a: KCric|Infernape, F|100\/100\n|turn|13\n|c| DOOR MONEY|Z COFAGRIGUS\n|c| fartballs45|Wowzer\n|inactive|AsterJ has 270 seconds left.\n|\n|t:|1653869117\n|move|p1a: Cofagrigus|Shadow Ball|p2a: KCric\n|-damage|p2a: KCric|52\/100\n|move|p2a: KCric|Slack Off|p2a: KCric\n|-heal|p2a: KCric|100\/100\n|\n|upkeep\n|turn|14\n|inactive|AsterJ has 270 seconds left.\n|\n|t:|1653869133\n|move|p1a: Cofagrigus|Nasty Plot|p1a: Cofagrigus\n|-boost|p1a: Cofagrigus|spa|2\n|move|p2a: KCric|Flare Blitz|p1a: Cofagrigus\n|-damage|p1a: Cofagrigus|1\/100\n|-activate|p1a: Cofagrigus|ability: Mummy|Blaze|[of] p2a: KCric\n|-damage|p2a: KCric|89\/100|[from] Recoil\n|\n|upkeep\n|turn|15\n|j| GeniusX\n|c| i love u finch|ate\n|c| i love u finch|bitch\n|inactive|AsterJ has 270 seconds left.\n|c| PikachuZappyZap|FREE\n|j| Turkitty\n|j| WIG Guildmaster\n|j| Kiliminati\n|\n|t:|1653869165\n|switch|p2a: Rye|Landorus-Therian, M|100\/100\n|-ability|p2a: Rye|Intimidate|boost\n|-unboost|p1a: Cofagrigus|atk|1\n|move|p1a: Cofagrigus|Shadow Ball|p2a: Rye\n|-damage|p2a: Rye|18\/100\n|\n|-fieldend|move: Trick Room\n|upkeep\n|turn|16\n|inactive|AsterJ has 240 seconds left.\n|\n|t:|1653869182\n|move|p2a: Rye|Stone Edge|p1a: Cofagrigus|[miss]\n|-miss|p2a: Rye|p1a: Cofagrigus\n|move|p1a: Cofagrigus|Trick Room|p1a: Cofagrigus\n|-fieldstart|move: Trick Room|[of] p1a: Cofagrigus\n|\n|upkeep\n|turn|17\n|c| WIG Guildmaster|danger\n|c| PikachuZappyZap|LOL\n|c| sponsoredbyNordVPN|.\n|c|\u2606theoldydragon|sry\n|c| i love u finch|gg \n|c| mrmiddleman|.\n|c| DOOR MONEY|LOL\n|c| UnviaSlick|no shot\n|c| i love u finch|smoked\n|c| ddrakloak|nice\n|c| Kiliminati|it ate\n|c| hjkhj|.\n|inactive|AsterJ has 240 seconds left.\n|c| PikachuZappyZap|won gg\n|c| TOOXIC860|gg\n|c| IronFlashGaming|.\n|c| SPS Birbtales|ves hax is not real\n|c| spheelchair|not a 7-0!!\n|c| i love u finch|we won anyway\n|\n|t:|1653869215\n|move|p1a: Cofagrigus|Shadow Ball|p2a: Rye\n|-crit|p2a: Rye\n|-damage|p2a: Rye|0 fnt\n|faint|p2a: Rye\n|\n|upkeep\n|\n|t:|1653869219\n|switch|p2a: Sablo|Sharpedo, F|100\/100\n|turn|18\n|\n|t:|1653869220\n|move|p2a: Sablo|Protect|p2a: Sablo\n|-singleturn|p2a: Sablo|Protect\n|move|p1a: Cofagrigus|Energy Ball|p2a: Sablo\n|-activate|p2a: Sablo|move: Protect\n|\n|-ability|p2a: Sablo|Speed Boost|boost\n|-boost|p2a: Sablo|spe|1\n|upkeep\n|turn|19\n|\n|t:|1653869225\n|switch|p2a: KCric|Infernape, F|89\/100\n|move|p1a: Cofagrigus|Energy Ball|p2a: KCric\n|-resisted|p2a: KCric\n|-damage|p2a: KCric|54\/100\n|\n|upkeep\n|turn|20\n|\n|t:|1653869237\n|move|p1a: Cofagrigus|Shadow Ball|p2a: KCric\n|-damage|p2a: KCric|0 fnt\n|faint|p2a: KCric\n|\n|-fieldend|move: Trick Room\n|upkeep\n|\n|t:|1653869240\n|switch|p2a: Sablo|Sharpedo, F|100\/100\n|turn|21\n|c| PikachuZappyZap|we balling\n|j| NV AM22\n|\n|t:|1653869248\n|move|p2a: Sablo|Ice Beam|p1a: Cofagrigus\n|-damage|p1a: Cofagrigus|0 fnt\n|faint|p1a: Cofagrigus\n|\n|-ability|p2a: Sablo|Speed Boost|boost\n|-boost|p2a: Sablo|spe|1\n|upkeep\n|c| WIG Guildmaster|the shark can do it\n|c| WIG Guildmaster|i believe\n|c| sponsoredbyNordVPN|SHARK IN\n|c| Kiliminati|Shark vs the world\n|\n|t:|1653869267\n|switch|p1a: Hoopa|Hoopa-Unbound|100\/100\n|-damage|p1a: Hoopa|88\/100|[from] Stealth Rock\n|turn|22\n|\n|t:|1653869270\n|detailschange|p2a: Sablo|Sharpedo-Mega, F\n|-mega|p2a: Sablo|Sharpedo|Sharpedonite\n|move|p2a: Sablo|Crunch|p1a: Hoopa\n|-damage|p1a: Hoopa|0 fnt\n|faint|p1a: Hoopa\n|\n|upkeep\n|c| sablolol|its shark season\n|c| WIG Guildmaster|aha\n|c| IronFlashGaming|LOL\n|c| IronFlashGaming|LOL\n|\n|t:|1653869281\n|switch|p1a: Scizor|Scizor, M|100\/100\n|-damage|p1a: Scizor|88\/100|[from] Stealth Rock\n|turn|23\n|c| IronFlashGaming|LOL\n|c| i love u finch|ok beardy throwing\n|c| i love u finch|lmao\n|c| TOOXIC860|.\n|c| TOOXIC860|.\n|\n|t:|1653869285\n|switch|p1a: Garchomp|Garchomp, M|19\/100\n|-damage|p1a: Garchomp|12\/100|[from] Stealth Rock\n|move|p2a: Sablo|Crunch|p1a: Garchomp\n|-damage|p1a: Garchomp|0 fnt\n|-damage|p2a: Sablo|88\/100|[from] ability: Rough Skin|[of] p1a: Garchomp\n|-damage|p2a: Sablo|72\/100|[from] item: Rocky Helmet|[of] p1a: Garchomp\n|faint|p1a: Garchomp\n|\n|upkeep\n|c| TOOXIC860|..\n|c| TOOXIC860|.\n|c| TOOXIC860|.\n|c| TOOXIC860|.\n|c| TOOXIC860|.\n|c| TOOXIC860|.\n|c| TOOXIC860|.\n|c| Turkitty|Beardy, I have you in fantasy\n|c| i love u finch|yup gg lost\n|\n|t:|1653869292\n|switch|p1a: Scizor|Scizor, M|88\/100\n|-damage|p1a: Scizor|76\/100|[from] Stealth Rock\n|turn|24\n|c| Turkitty|fucking stop\n|c| sponsoredbyNordVPN|jesus?\n|\n|t:|1653869296\n|move|p2a: Sablo|Crunch|p1a: Scizor\n|-crit|p1a: Scizor\n|-damage|p1a: Scizor|0 fnt\n|faint|p1a: Scizor\n|\n|upkeep\n|c| PikachuZappyZap|.\n|c| sablolol|OMG\n|c| DOOR MONEY|LOL\n|c| WIG Guildmaster|LOL\n|c| Kiliminati|LOL\n|c|\u2606theoldydragon|bruv\n|c| UnviaSlick|.\n|c| i love u finch|LOL\n|c| DevilShinra|LOL\n|c| Turkitty|i need your differential\n|c| ddrakloak|LMAO\n|c| TOOXIC860|LOLOLOLOLL\n|c| spheelchair|LOOOOOOOOOOOOOOOOOOOL\n|c|\u2606theoldydragon|fair\n|c| Enzonana|HJAHAJHAHAHA\n|c| sponsoredbyNordVPN|LOOOOOL\n|c| hjkhj|LOL\n|c| DamnDaTa|LOL\n|c| SPS Birbtales|yes haha\n|c| IronFlashGaming|YOOOOO\n|c|\u2606theoldydragon|gg\n|c| DZ Odin|LOL\n|c|\u2606AsterJ|bruv\n|c| sablolol|i alwasy win\n|\n|t:|1653869303\n|switch|p1a: Pidgeot|Pidgeot, F|85\/100\n|-damage|p1a: Pidgeot|60\/100|[from] Stealth Rock\n|turn|25\n|c| Kiliminati|FIXED GAME\n|c| IronFlashGaming|YOOOOO\n|j| ALG Spies\n|c| Enzonana|SUCK IT\n|c|\u2606AsterJ|gg\n|c| IronFlashGaming|YOOOOO\n|c| IronFlashGaming|YOOO\n|\n|t:|1653869306\n|detailschange|p1a: Pidgeot|Pidgeot-Mega, F\n|-mega|p1a: Pidgeot|Pidgeot|Pidgeotite\n|move|p2a: Sablo|Crunch|p1a: Pidgeot\n|-damage|p1a: Pidgeot|0 fnt\n|faint|p1a: Pidgeot\n|\n|win|AsterJ\n|c| DamnDaTa|NO SHOT\n|c| Kiliminati|SHARK VS THE WORLD\n|l| i love u finch\n|l|\u2606theoldydragon\n|c| Enzonana|FACIL\n|l| Erupquake24\n|c| IronFlashGaming|GET OWNED\n|l| spheelchair\n|l| TOOXIC860\n|l| IronFlashGaming\n|l| vinithewini\n|l| OPdragonite\n|l| Turkitty\n|l| arezuwu\n|l| DevilShinra\n|l| UnviaSlick\n|l| PokeFan4125\n|l| mrmiddleman\n|c| PikachuZappyZap|Enzonana start talking when you get off the bench and don't cry about bibarel and lurantis having bad mus\n|c| PikachuZappyZap|gn\n|l| GeniusX\n|l| PikachuZappyZap\n|l| NV AM22\n|l| sablolol\n|l| fartballs45\n|l| DZ Odin\n|l| MoneyGuy9559\n","uploadtime":1653869357,"views":173,"p1id":"theoldydragon","p2id":"asterj","formatid":"gen7draftleague","rating":0,"private":0,"password":null}