{"id":"sports-gen8nationaldexdraft-476672","p1":"UrAboutToGetSwept","p2":"MAVERICK SHOOTERS","format":"gen8nationaldexdraft","log":"|j|\u2606UrAboutToGetSwept\n|j|\u2606MAVERICK SHOOTERS\n|t:|1628703630\n|gametype|singles\n|player|p1|UrAboutToGetSwept|red|\n|player|p2|MAVERICK SHOOTERS|265|\n|teamsize|p1|6\n|teamsize|p2|6\n|gen|8\n|tier|[Gen 8] National Dex Draft\n|rule|Sleep Clause Mod: Limit one foe put to sleep\n|rule|OHKO Clause: OHKO moves are banned\n|rule|Evasion Moves Clause: Evasion moves are banned\n|rule|Endless Battle Clause: Forcing endless battles is banned\n|rule|HP Percentage Mod: HP is shown in percentages\n|rule|Dynamax Clause: You cannot dynamax\n|clearpoke\n|poke|p1|Garchomp, M|\n|poke|p1|Raikou|\n|poke|p1|Skarmory, M|\n|poke|p1|Blacephalon|\n|poke|p1|Mew|\n|poke|p1|Thwackey, M|\n|poke|p2|Slowbro, F|\n|poke|p2|Urshifu-*, F|\n|poke|p2|Aromatisse, F|\n|poke|p2|Miltank, F|\n|poke|p2|Melmetal|\n|poke|p2|Landorus-Therian, M|\n|teampreview\n|html|<button name=\"send\" class=\"button\" value=\"\/timer ds\"><i class=\"fa fa-hourglass-start\"><\/i> DS Timer<\/button> <button name=\"send\" class=\"button\" value=\"\/timer smogon\"><i class=\"fa fa-hourglass-start\"><\/i> Smogon Timer<\/button>\n|c|\u2606MAVERICK SHOOTERS|no fuck grookey\n|c|\u2606UrAboutToGetSwept|thank fuck\n|c|\u2606UrAboutToGetSwept|no dragalge\n|c|\u2606UrAboutToGetSwept|gg\n|j| PorygonTheBot\n|c| PorygonTheBot|Porygon has digitized into the match... booting up... successfully calibrating stats!\n|j| kkkkg\n|j| ASaltyOrange\n|c|\u2606MAVERICK SHOOTERS|i was thinking of it but couldnt fit it in \n|j| UnknownPingu\n|c|\u2606UrAboutToGetSwept|lfg no specs cryo \n|j| pinapple321\n|j| rooopos\n|j| Lukatsukio\n|j| shadowtime2000\n|c|\u2606UrAboutToGetSwept|let us know when we can start orange\n|c| ASaltyOrange|2 minutes\n|j| mrcarbonite\n|c|\u2606UrAboutToGetSwept|most one sided finals game incoming\n|c| shadowtime2000|racoon stopped johning...\n|j| AceJake28\n|j| GOATlisopod\n|j| ben-tk\n|c| GOATlisopod|YOOOO\n|c| GOATlisopod|THWACKEY\n|c| ASaltyOrange|okay, good to go\n|c|\u2606MAVERICK SHOOTERS|bro prison look at the current teams and tell me u aint just gonna win with thwackey\n|c| ASaltyOrange|feel free to mute chat at any time\n|j| CarlSHT\n|c|\u2606UrAboutToGetSwept|:niceboots:\n|c| CarlSHT|Nervous rn\n|c|\u2606MAVERICK SHOOTERS|ok i am putting modchat up ,if u guys have anything to say beofre i do then say it rn \n|c| shadowtime2000|:catJam:\n|c| CarlSHT|And Im not even playing\n|c|\u2606UrAboutToGetSwept|wow\n|c|\u2606UrAboutToGetSwept|i wanna see the shit talk\n|c| GOATlisopod|i have sometjing to say\n|c| Lukatsukio|Gl both\n|j| alwloading\n|c|\u2606UrAboutToGetSwept|:catJam::catJam::catJam::catJam::catJam::catJam::catJam:\n|c|\u2606UrAboutToGetSwept|:catJam::catJam::catJam::catJam::catJam::catJam::catJam::catJam::catJam::catJam::catJam::catJam::catJam::catJam:\n|c| GOATlisopod|shadowtime2000 is a johner loser\n|c| mrcarbonite|gl hf\n|c| pinapple321|gl hf both\n|j| JK The Don\n|c| CarlSHT|Glhf\n|c|\u2606UrAboutToGetSwept|i hope i hax\n|c|\u2606UrAboutToGetSwept|super hard\n|c| shadowtime2000|gl hf to both\n|c| shadowtime2000|hope i got my pickem prediction right\n|c| GOATlisopod|gl thwackey dude\n|c|\u2606UrAboutToGetSwept|who was it\n|c| CarlSHT|Thwackey sweet 2???\n|raw|<div class=\"broadcast-red\"><strong>Moderated chat was set to \u2606!<\/strong><br \/>Only users of rank \u2606 and higher can talk.<\/div>\n|c|\u2606UrAboutToGetSwept|thwackey goat\n|c|\u2606MAVERICK SHOOTERS|aight \n|c|\u2606UrAboutToGetSwept|hf\n|c|\u2606UrAboutToGetSwept|get crit a few times\n|c|\u2606UrAboutToGetSwept|and miss all your attacks\n|c|\u2606MAVERICK SHOOTERS|hf prison and hope i hax u so bad that i somehow win \n|c|\u2606UrAboutToGetSwept|im leading mew\n|c|\u2606UrAboutToGetSwept|and going for game\n|c|\u2606UrAboutToGetSwept|no cloyster or duggy for all of POs\n|\n|t:|1628703956\n|start\n|switch|p1a: 0-6|Skarmory, M, shiny|100\/100\n|switch|p2a: Landorus|Landorus-Therian, M|100\/100\n|-ability|p2a: Landorus|Intimidate|boost\n|-unboost|p1a: 0-6|atk|1\n|turn|1\n|\n|t:|1628703966\n|move|p2a: Landorus|Knock Off|p1a: 0-6\n|-damage|p1a: 0-6|77\/100\n|-enditem|p1a: 0-6|Leftovers|[from] move: Knock Off|[of] p2a: Landorus\n|move|p1a: 0-6|Stealth Rock|p2a: Landorus\n|-sidestart|p2: MAVERICK SHOOTERS|move: Stealth Rock\n|\n|upkeep\n|turn|2\n|c|\u2606MAVERICK SHOOTERS|no whirlwind please \n|\n|t:|1628703972\n|move|p2a: Landorus|Defog|p1a: 0-6\n|-unboost|p1a: 0-6|evasion|1\n|-sideend|p2: MAVERICK SHOOTERS|Stealth Rock|[from] move: Defog|[of] p2a: Landorus\n|move|p1a: 0-6|Roost|p1a: 0-6\n|-heal|p1a: 0-6|100\/100\n|-singleturn|p1a: 0-6|move: Roost\n|\n|upkeep\n|turn|3\n|\n|t:|1628703977\n|move|p2a: Landorus|U-turn|p1a: 0-6\n|-resisted|p1a: 0-6\n|-damage|p1a: 0-6|96\/100\n|\n|t:|1628703985\n|switch|p2a: Slowbro|Slowbro, F|100\/100|[from]move: U-turn\n|move|p1a: 0-6|Body Press|p2a: Slowbro\n|-resisted|p2a: Slowbro\n|-damage|p2a: Slowbro|90\/100\n|\n|upkeep\n|turn|4\n|c|\u2606UrAboutToGetSwept|aids mon is in\n|\n|t:|1628703998\n|switch|p1a: Genetics|Mew, shiny|100\/100\n|move|p2a: Slowbro|Teleport|p2a: Slowbro\n|c|\u2606UrAboutToGetSwept|gg\n|\n|t:|1628704002\n|switch|p2a: Urshifu|Urshifu, F|100\/100|[from]move: Teleport\n|\n|upkeep\n|turn|5\n|c|\u2606MAVERICK SHOOTERS|watch me double to melm on ur dgleam \n|c|\u2606MAVERICK SHOOTERS|imma do it \n|\n|t:|1628704060\n|move|p2a: Urshifu|Wicked Blow|p1a: Genetics\n|-supereffective|p1a: Genetics\n|-crit|p1a: Genetics\n|-damage|p1a: Genetics|0 fnt\n|faint|p1a: Genetics\n|\n|upkeep\n|c|\u2606UrAboutToGetSwept|told you i always lose this game\n|c|\u2606MAVERICK SHOOTERS|imagine not even having speed to outspeed \n|c|\u2606UrAboutToGetSwept|its spdef\n|c|\u2606UrAboutToGetSwept|for everyone else\n|\n|t:|1628704094\n|switch|p1a: 0-6|Skarmory, M, shiny|96\/100\n|turn|6\n|c|\u2606UrAboutToGetSwept|just sweep me now\n|raw|<div class=\"broadcast-blue\"><strong>Moderated chat was disabled!<\/strong><br \/>Anyone may talk now.<\/div>\n|c|\u2606MAVERICK SHOOTERS|ok jk u can talk now \n|c|\u2606MAVERICK SHOOTERS|tho other pls dont talk \n|c| CarlSHT|Poggers\n|c|\u2606MAVERICK SHOOTERS|or i will have to renable it \n|c| CarlSHT|Oops\n|c|\u2606UrAboutToGetSwept|you already won\n|c|\u2606UrAboutToGetSwept|wym\n|c| CarlSHT|Sorry\n|c| shadowtime2000|shouldve done misty explosion mew ngl\n|\n|t:|1628704176\n|switch|p2a: Slowbro|Slowbro, F|100\/100\n|move|p1a: 0-6|Counter||[still]\n|-fail|p1a: 0-6\n|\n|upkeep\n|turn|7\n|c|\u2606UrAboutToGetSwept|i get swept by cryo if i dont have spdef mew\n|c|\u2606MAVERICK SHOOTERS|KNEW IT WAS SOME BS \n|c|\u2606MAVERICK SHOOTERS|i am too good \n|c|\u2606UrAboutToGetSwept|with your 100-0 MU\n|c| JK The Don|No colbur gleam\n|\n|t:|1628704202\n|switch|p1a: Yellow Suicune|Raikou, shiny|100\/100\n|-ability|p1a: Yellow Suicune|Pressure\n|detailschange|p2a: Slowbro|Slowbro-Mega, F\n|-mega|p2a: Slowbro|Slowbro|Slowbronite\n|move|p2a: Slowbro|Flamethrower|p1a: Yellow Suicune\n|-damage|p1a: Yellow Suicune|76\/100\n|-status|p1a: Yellow Suicune|brn\n|\n|-damage|p1a: Yellow Suicune|70\/100 brn|[from] brn\n|upkeep\n|turn|8\n|c| JK The Don|crazy\n|c|\u2606UrAboutToGetSwept|i get swept by cryo if i am\n|c|\u2606MAVERICK SHOOTERS|skill burn \n|c|\u2606UrAboutToGetSwept|nice fucking burn\n|\n|t:|1628704220\n|switch|p2a: Aromatisse|Aromatisse, F|100\/100\n|move|p1a: Yellow Suicune|Volt Switch|p2a: Aromatisse\n|-damage|p2a: Aromatisse|65\/100\n|j| sussy bakas sussy\n|c|\u2606MAVERICK SHOOTERS|figured u would be specs \n|c| sussy bakas sussy|sacks mew like a boss\n|l| Lukatsukio\n|c|\u2606MAVERICK SHOOTERS|everyone except jk orange and prison pls dont talk \n|c|\u2606UrAboutToGetSwept|lukat left when he saw how over this was\n|c| ASaltyOrange|i cant enforce that\n|j| Lukatsukio\n|c| ASaltyOrange|so its all or no one\n|c| CarlSHT|Can I talk\n|c|\u2606MAVERICK SHOOTERS|u technically can but would appreciate not till the end \n|c| shadowtime2000|:sadge:\n|j| Schrosch\n|c| JK The Don|Just do mod chat plus\n|raw|<div class=\"broadcast-red\"><strong>Moderated chat was set to +!<\/strong><br \/>Only users of rank + and higher can talk.<\/div>\n|\n|t:|1628704343\n|switch|p1a: Loan Shark|Garchomp, M, shiny|100\/100|[from]move: Volt Switch\n|\n|-heal|p2a: Aromatisse|72\/100|[from] item: Leftovers\n|upkeep\n|turn|9\n|n|+JK The Don|jkthedon\n|n|+JK The Don|jkthedon\n|c|\u2606MAVERICK SHOOTERS|\/log JK The Don was promoted to Room Voice by MAVERICK SHOOTERS.\n|n|+JK The Don|jkthedon\n|c|\u2606UrAboutToGetSwept|end me already\n|n|+ASaltyOrange|asaltyorange\n|n|+ASaltyOrange|asaltyorange\n|c|\u2606MAVERICK SHOOTERS|\/log ASaltyOrange was promoted to Room Voice by MAVERICK SHOOTERS.\n|n|+ASaltyOrange|asaltyorange\n|\n|t:|1628704381\n|switch|p2a: Slowbro|Slowbro-Mega, F|100\/100\n|detailschange|p1a: Loan Shark|Garchomp-Mega, M, shiny\n|-mega|p1a: Loan Shark|Garchomp|Garchompite\n|move|p1a: Loan Shark|Earth Power|p2a: Slowbro\n|-damage|p2a: Slowbro|60\/100\n|\n|upkeep\n|turn|10\n|c|\u2606MAVERICK SHOOTERS|okie orange and jk u r roomvoice now \n|c|\u2606UrAboutToGetSwept|is it scarf shifu\n|c|\u2606MAVERICK SHOOTERS|u guys can talk ye?\n|c|\u2606UrAboutToGetSwept|so i can ff now\n|c|+JK The Don|Yes\n|\n|t:|1628704470\n|switch|p1a: Yellow Suicune|Raikou, shiny|70\/100 brn\n|-ability|p1a: Yellow Suicune|Pressure\n|switch|p2a: Aromatisse|Aromatisse, F|72\/100\n|\n|-heal|p2a: Aromatisse|78\/100|[from] item: Leftovers\n|-damage|p1a: Yellow Suicune|64\/100 brn|[from] brn\n|upkeep\n|turn|11\n|c|+JK The Don|We can\n|\n|t:|1628704480\n|switch|p1a: The Clown|Blacephalon, shiny|100\/100\n|move|p2a: Aromatisse|Wish|p2a: Aromatisse\n|\n|-heal|p2a: Aromatisse|84\/100|[from] item: Leftovers\n|upkeep\n|turn|12\n|\n|t:|1628704501\n|switch|p2a: Landorus|Landorus-Therian, M|100\/100\n|-ability|p2a: Landorus|Intimidate|boost\n|-unboost|p1a: The Clown|atk|1\n|move|p1a: The Clown|Toxic|p2a: Landorus\n|-status|p2a: Landorus|tox\n|\n|-damage|p2a: Landorus|94\/100 tox|[from] psn\n|upkeep\n|turn|13\n|\n|t:|1628704512\n|switch|p1a: 0-6|Skarmory, M, shiny|96\/100\n|move|p2a: Landorus|U-turn|p1a: 0-6\n|-resisted|p1a: 0-6\n|-damage|p1a: 0-6|92\/100\n|c|\u2606UrAboutToGetSwept|gg\n|\n|t:|1628704520\n|switch|p2a: Slowbro|Slowbro-Mega, F|60\/100|[from]move: U-turn\n|\n|upkeep\n|turn|14\n|c|+JK The Don|You had to make the bold play there \n|\n|t:|1628704552\n|switch|p1a: The Clown|Blacephalon, shiny|100\/100\n|move|p2a: Slowbro|Slack Off|p2a: Slowbro\n|-heal|p2a: Slowbro|100\/100\n|\n|upkeep\n|turn|15\n|c|\u2606MAVERICK SHOOTERS|imma do it again\n|c|\u2606MAVERICK SHOOTERS|this time roma\n|c|\u2606MAVERICK SHOOTERS|also my miltank has heal bell so \n|c|\u2606UrAboutToGetSwept|ok\n|c|\u2606UrAboutToGetSwept|then just beat me already you got a free finals\n|c|\u2606MAVERICK SHOOTERS|cant\n|c|\u2606UrAboutToGetSwept|i should have 3 less mons if you played better\n|c|\u2606MAVERICK SHOOTERS|well i dont have the position to do what i want to do \n|c|\u2606MAVERICK SHOOTERS|now play \n|\n|t:|1628704631\n|switch|p1a: 0-6|Skarmory, M, shiny|92\/100\n|switch|p2a: Miltank|Miltank, F|100\/100\n|\n|upkeep\n|turn|16\n|\n|t:|1628704657\n|move|p2a: Miltank|Stealth Rock|p1a: 0-6\n|-sidestart|p1: UrAboutToGetSwept|move: Stealth Rock\n|move|p1a: 0-6|Stealth Rock|p2a: Miltank\n|-sidestart|p2: MAVERICK SHOOTERS|move: Stealth Rock\n|\n|upkeep\n|turn|17\n|\n|t:|1628704685\n|switch|p2a: Aromatisse|Aromatisse, F|84\/100\n|-damage|p2a: Aromatisse|72\/100|[from] Stealth Rock\n|switch|p1a: 4 Grotle|Thwackey, M, shiny|100\/100\n|-damage|p1a: 4 Grotle|88\/100|[from] Stealth Rock\n|-fieldstart|move: Grassy Terrain|[from] ability: Grassy Surge|[of] p1a: 4 Grotle\n|\n|-heal|p1a: 4 Grotle|94\/100|[from] Grassy Terrain\n|-heal|p2a: Aromatisse|78\/100|[from] Grassy Terrain\n|-heal|p2a: Aromatisse|84\/100|[from] item: Leftovers\n|upkeep\n|turn|18\n|c|+JK The Don|For Grotle\n|c|\u2606UrAboutToGetSwept|for grotle\n|c|\u2606UrAboutToGetSwept|but it wont sweep this time\n|\n|t:|1628704741\n|move|p2a: Aromatisse|Protect|p2a: Aromatisse\n|-singleturn|p2a: Aromatisse|Protect\n|move|p1a: 4 Grotle|Wood Hammer|p2a: Aromatisse\n|-activate|p2a: Aromatisse|move: Protect\n|\n|-heal|p1a: 4 Grotle|99\/100|[from] Grassy Terrain\n|-heal|p2a: Aromatisse|90\/100|[from] Grassy Terrain\n|-heal|p2a: Aromatisse|96\/100|[from] item: Leftovers\n|upkeep\n|turn|19\n|c|\u2606UrAboutToGetSwept|bad play\n|c|\u2606UrAboutToGetSwept|what if i had sd\n|\n|t:|1628704768\n|switch|p2a: Melmetal|Melmetal|100\/100\n|-damage|p2a: Melmetal|94\/100|[from] Stealth Rock\n|move|p1a: 4 Grotle|Hammer Arm|p2a: Melmetal\n|-supereffective|p2a: Melmetal\n|-damage|p2a: Melmetal|62\/100\n|-unboost|p1a: 4 Grotle|spe|1\n|\n|-heal|p1a: 4 Grotle|100\/100|[from] Grassy Terrain\n|-heal|p2a: Melmetal|69\/100|[from] Grassy Terrain\n|upkeep\n|turn|20\n|c|\u2606UrAboutToGetSwept|what if i crit\n|c|\u2606MAVERICK SHOOTERS|didnt matter to me \n|\n|t:|1628704788\n|switch|p1a: 0-6|Skarmory, M, shiny|92\/100\n|-damage|p1a: 0-6|80\/100|[from] Stealth Rock\n|move|p2a: Melmetal|Double Iron Bash|p1a: 0-6\n|-resisted|p1a: 0-6\n|-damage|p1a: 0-6|70\/100\n|-resisted|p1a: 0-6\n|-damage|p1a: 0-6|59\/100\n|-hitcount|p1a: 0-6|2\n|\n|-heal|p2a: Melmetal|75\/100|[from] Grassy Terrain\n|upkeep\n|turn|21\n|\n|t:|1628704795\n|move|p1a: 0-6|Roost|p1a: 0-6\n|-heal|p1a: 0-6|100\/100\n|-singleturn|p1a: 0-6|move: Roost\n|move|p2a: Melmetal|Thunder Wave|p1a: 0-6\n|-status|p1a: 0-6|par\n|\n|-heal|p2a: Melmetal|81\/100|[from] Grassy Terrain\n|-fieldend|move: Grassy Terrain\n|upkeep\n|turn|22\n|c|\u2606MAVERICK SHOOTERS|flinching time \n|c|\u2606UrAboutToGetSwept|do it just hax me again like last time\n|\n|t:|1628704815\n|move|p2a: Melmetal|Double Iron Bash|p1a: 0-6\n|-resisted|p1a: 0-6\n|-damage|p1a: 0-6|91\/100 par\n|-resisted|p1a: 0-6\n|-damage|p1a: 0-6|81\/100 par\n|-hitcount|p1a: 0-6|2\n|cant|p1a: 0-6|par\n|\n|upkeep\n|turn|23\n|\n|t:|1628704824\n|move|p2a: Melmetal|Thunderbolt|p1a: 0-6\n|-supereffective|p1a: 0-6\n|-damage|p1a: 0-6|29\/100 par\n|move|p1a: 0-6|Body Press|p2a: Melmetal\n|-supereffective|p2a: Melmetal\n|-damage|p2a: Melmetal|47\/100\n|\n|upkeep\n|turn|24\n|l|+JK The Don\n|c|\u2606MAVERICK SHOOTERS|is no one in the vc?\n|c|\u2606UrAboutToGetSwept|no\n|c|\u2606MAVERICK SHOOTERS|damn\n|\n|t:|1628704938\n|switch|p1a: Loan Shark|Garchomp-Mega, M, shiny|100\/100\n|-damage|p1a: Loan Shark|94\/100|[from] Stealth Rock\n|move|p2a: Melmetal|Thunderbolt|p1a: Loan Shark\n|-immune|p1a: Loan Shark\n|\n|upkeep\n|turn|25\n|j|+JK The Don\n|c|\u2606UrAboutToGetSwept|ok time to live with shuca\n|\n|t:|1628704953\n|move|p1a: Loan Shark|Earth Power|p2a: Melmetal\n|-supereffective|p2a: Melmetal\n|-enditem|p2a: Melmetal|Shuca Berry|[eat]\n|-enditem|p2a: Melmetal|Shuca Berry|[weaken]\n|-damage|p2a: Melmetal|12\/100\n|move|p2a: Melmetal|Double Iron Bash|p1a: Loan Shark\n|-damage|p1a: Loan Shark|60\/100\n|-damage|p1a: Loan Shark|28\/100\n|-hitcount|p1a: Loan Shark|2\n|\n|upkeep\n|turn|26\n|\n|t:|1628704981\n|switch|p2a: Aromatisse|Aromatisse, F|96\/100\n|-damage|p2a: Aromatisse|84\/100|[from] Stealth Rock\n|move|p1a: Loan Shark|Draco Meteor|p2a: Aromatisse\n|-immune|p2a: Aromatisse\n|\n|-heal|p2a: Aromatisse|90\/100|[from] item: Leftovers\n|upkeep\n|turn|27\n|c|\u2606MAVERICK SHOOTERS|shoulda brought ice punch over lariat\n|\n|t:|1628704994\n|move|p1a: Loan Shark|Iron Head|p2a: Aromatisse\n|-supereffective|p2a: Aromatisse\n|-damage|p2a: Aromatisse|20\/100\n|move|p2a: Aromatisse|Moonblast|p1a: Loan Shark\n|-supereffective|p1a: Loan Shark\n|-damage|p1a: Loan Shark|0 fnt\n|faint|p1a: Loan Shark\n|\n|-heal|p2a: Aromatisse|26\/100|[from] item: Leftovers\n|upkeep\n|c|\u2606MAVERICK SHOOTERS|prison u like the fact that the melm set is the exact same from last time \n|c|\u2606UrAboutToGetSwept|yea\n|l|+JK The Don\n|c|\u2606UrAboutToGetSwept|i knew it would be\n|j|+JK The Don\n|raw|<div class=\"broadcast-blue\"><strong>Moderated chat was disabled!<\/strong><br \/>Anyone may talk now.<\/div>\n|c|\u2606MAVERICK SHOOTERS|orn which username r u\n|j| s1mpp\n|c|+ASaltyOrange|latigod\n|c| sussy bakas sussy|mixed melm is so hot\n|c| s1mpp|goat ass maverick\n|c| VanillaSnorlax|Ruff\n|c| s1mpp|what a guy\n|c|\u2606MAVERICK SHOOTERS|he isnt on lati god rn \n|c|\u2606MAVERICK SHOOTERS|!showset 5\n|c| MAVERICK SHOOTERS|\/raw <div class=\"infobox\">Melmetal @ Shuca Berry  <br \/>Ability: Iron Fist  <br \/>EVs: 240 HP &#x2f; 16 Def &#x2f; 24 SpA &#x2f; 228 SpD  <br \/>Sassy Nature  <br \/>- Double Iron Bash  <br \/>- Darkest Lariat  <br \/>- Thunderbolt  <br \/>- Thunder Wave  <br \/><br \/><\/div>\n|c|\u2606UrAboutToGetSwept|i actually win the game rn with a crit \n|c| sussy bakas sussy|show all your sets if real\n|c| shadowtime2000|true\n|c| shadowtime2000|show all your sets if real\n|l|+JK The Don\n|c| sussy bakas sussy|stop copying me loser\n|c|\u2606UrAboutToGetSwept|we were gonna both show our whole teams before\n|c|\u2606MAVERICK SHOOTERS|orn \n|c|\u2606UrAboutToGetSwept|but he got scared\n|c|\u2606MAVERICK SHOOTERS|r u on goatlispod\n|c| sussy bakas sussy|what\n|c| shadowtime2000|goatlispod is fade\n|c| shadowtime2000|lmaoo\n|c|\u2606MAVERICK SHOOTERS|oh \n|c|\u2606UrAboutToGetSwept|orn isnt here\n|l| sussy bakas sussy\n|l| s1mpp\n|c| GOATlisopod|who was on my account wtf\n|\n|t:|1628705237\n|switch|p1a: 4 Grotle|Thwackey, M, shiny|100\/100\n|-damage|p1a: 4 Grotle|88\/100|[from] Stealth Rock\n|-fieldstart|move: Grassy Terrain|[from] ability: Grassy Surge|[of] p1a: 4 Grotle\n|turn|28\n|j| LatiGOD\n|c| LatiGOD|I was here\n|c| LatiGOD|Im just on my phone\n|j| Ciqarettan\n|n|+LatiGOD|latigod\n|n|+LatiGOD|latigod\n|c|\u2606MAVERICK SHOOTERS|\/log LatiGOD was promoted to Room Voice by MAVERICK SHOOTERS.\n|n|+LatiGOD|latigod\n|raw|<div class=\"broadcast-red\"><strong>Moderated chat was set to +!<\/strong><br \/>Only users of rank + and higher can talk.<\/div>\n|\n|t:|1628705269\n|switch|p2a: Melmetal|Melmetal|12\/100\n|-damage|p2a: Melmetal|6\/100|[from] Stealth Rock\n|move|p1a: 4 Grotle|Grassy Glide|p2a: Melmetal\n|-resisted|p2a: Melmetal\n|-damage|p2a: Melmetal|0 fnt\n|faint|p2a: Melmetal\n|\n|-heal|p1a: 4 Grotle|94\/100|[from] Grassy Terrain\n|upkeep\n|c|\u2606UrAboutToGetSwept|ok i lose the game now\n|j|+JK The Don\n|c|\u2606UrAboutToGetSwept|go miltank and give me a chance\n|c|\u2606UrAboutToGetSwept|i dont have enough turns to sweep even if i got setup\n|\n|t:|1628705356\n|switch|p2a: Urshifu|Urshifu, F|100\/100\n|-damage|p2a: Urshifu|94\/100|[from] Stealth Rock\n|turn|29\n|c|\u2606UrAboutToGetSwept|damn not a real friend\n|c|\u2606UrAboutToGetSwept|cteams me in draft then doesnt give me a chance\n|c|\u2606MAVERICK SHOOTERS|click hammer arm \n|c|+LatiGOD|He never was.\n|c|\u2606UrAboutToGetSwept|you right orn\n|c|\u2606UrAboutToGetSwept|they never should have nerfed steel\n|c|\u2606MAVERICK SHOOTERS|aight play fade falling asleep :catJam:\n|\n|t:|1628705410\n|switch|p1a: 0-6|Skarmory, M, shiny|29\/100 par\n|-damage|p1a: 0-6|16\/100 par|[from] Stealth Rock\n|move|p2a: Urshifu|Wicked Blow|p1a: 0-6\n|-crit|p1a: 0-6\n|-damage|p1a: 0-6|0 fnt\n|faint|p1a: 0-6\n|\n|-heal|p2a: Urshifu|100\/100|[from] Grassy Terrain\n|upkeep\n|c|\u2606UrAboutToGetSwept|nice crit\n|c|\u2606UrAboutToGetSwept|are you scarf\n|l|+JK The Don\n|c|\u2606MAVERICK SHOOTERS|ye\n|c|\u2606UrAboutToGetSwept|you got a roll on mew then you asshole\n|c|\u2606MAVERICK SHOOTERS|lol\n|c|\u2606UrAboutToGetSwept|i clicked wisp\n|c|+LatiGOD|Hes lying btw\n|c|+LatiGOD|I know his sets\n|c|\u2606MAVERICK SHOOTERS|or am i \n|c|\u2606MAVERICK SHOOTERS|:catJam:\n|j|+JK The Don\n|c|+LatiGOD|Yes you are\n|c|\u2606MAVERICK SHOOTERS|also orn shush stop leaking that i am totally not scarf shifu \n|c|\u2606MAVERICK SHOOTERS|prison can u go to blaceph since i am not scarf\n|c|+LatiGOD|Why does it matter u won\n|c|\u2606UrAboutToGetSwept|^\n|c|+JK The Don|Prison didn\u2019t make enough bold plays \n|c|\u2606UrAboutToGetSwept|this game was over in MU'\n|c|+ASaltyOrange|play the game out,  save this for post-game\n|c|+JK The Don|played too passive\n|c|\u2606MAVERICK SHOOTERS|^\n|c|\u2606UrAboutToGetSwept|doesnt matter anyway\n|c|\u2606MAVERICK SHOOTERS|prison play\n|c|\u2606UrAboutToGetSwept|he has a counter to all my guys\n|c|\u2606UrAboutToGetSwept|im running calcs\n|c|+JK The Don|Could SD have won you the game\n|c|+JK The Don|is the question\n|c|\u2606MAVERICK SHOOTERS|nope \n|c|\u2606UrAboutToGetSwept|no\n|c|\u2606UrAboutToGetSwept|shifu lives\n|c|\u2606MAVERICK SHOOTERS|^\n|c|\u2606MAVERICK SHOOTERS|thats y i chose protect over fearing for sd \n|c|\u2606UrAboutToGetSwept|i get the exact same result\n|c|\u2606MAVERICK SHOOTERS|and melm being melm always lives as well \n|\n|t:|1628705600\n|switch|p1a: The Clown|Blacephalon, shiny|100\/100\n|-damage|p1a: The Clown|76\/100|[from] Stealth Rock\n|turn|30\n|\n|t:|1628705614\n|switch|p2a: Miltank|Miltank, F|100\/100\n|-damage|p2a: Miltank|88\/100|[from] Stealth Rock\n|move|p1a: The Clown|Mind Blown|p2a: Miltank\n|-damage|p2a: Miltank|34\/100\n|-damage|p1a: The Clown|26\/100|[from] mindblown\n|\n|-heal|p1a: The Clown|32\/100|[from] Grassy Terrain\n|-heal|p2a: Miltank|40\/100|[from] Grassy Terrain\n|upkeep\n|turn|31\n|\n|t:|1628705626\n|switch|p1a: Yellow Suicune|Raikou, shiny|64\/100 brn\n|-damage|p1a: Yellow Suicune|51\/100 brn|[from] Stealth Rock\n|-ability|p1a: Yellow Suicune|Pressure\n|move|p2a: Miltank|Milk Drink|p2a: Miltank\n|-heal|p2a: Miltank|91\/100\n|\n|-heal|p1a: Yellow Suicune|57\/100 brn|[from] Grassy Terrain\n|-heal|p2a: Miltank|97\/100|[from] Grassy Terrain\n|-damage|p1a: Yellow Suicune|51\/100 brn|[from] brn\n|upkeep\n|turn|32\n|\n|t:|1628705643\n|move|p1a: Yellow Suicune|Scald|p2a: Miltank\n|-crit|p2a: Miltank\n|-damage|p2a: Miltank|48\/100\n|move|p2a: Miltank|Bulldoze|p1a: Yellow Suicune\n|-supereffective|p1a: Yellow Suicune\n|-damage|p1a: Yellow Suicune|37\/100 brn\n|-unboost|p1a: Yellow Suicune|spe|1\n|\n|-heal|p2a: Miltank|54\/100|[from] Grassy Terrain\n|-heal|p1a: Yellow Suicune|43\/100 brn|[from] Grassy Terrain\n|-damage|p1a: Yellow Suicune|37\/100 brn|[from] brn\n|-fieldend|move: Grassy Terrain\n|upkeep\n|turn|33\n|c|+LatiGOD|Nice crit\n|c|\u2606UrAboutToGetSwept|wheres my burn\n|c|\u2606MAVERICK SHOOTERS|doesnt matter \n|c|\u2606MAVERICK SHOOTERS|miltank walls this too \n|\n|t:|1628705672\n|switch|p1a: 4 Grotle|Thwackey, M, shiny|94\/100\n|-damage|p1a: 4 Grotle|82\/100|[from] Stealth Rock\n|-fieldstart|move: Grassy Terrain|[from] ability: Grassy Surge|[of] p1a: 4 Grotle\n|move|p2a: Miltank|Milk Drink|p2a: Miltank\n|-heal|p2a: Miltank|100\/100\n|\n|-heal|p1a: 4 Grotle|88\/100|[from] Grassy Terrain\n|upkeep\n|turn|34\n|c|+JK The Don|It shouldn\u2019t but it does\n|c|\u2606UrAboutToGetSwept|how do you always burn\n|c|\u2606UrAboutToGetSwept|with flame\n|\n|t:|1628705708\n|switch|p2a: Aromatisse|Aromatisse, F|26\/100\n|-damage|p2a: Aromatisse|13\/100|[from] Stealth Rock\n|move|p1a: 4 Grotle|Swords Dance|p1a: 4 Grotle\n|-boost|p1a: 4 Grotle|atk|2\n|\n|-heal|p1a: 4 Grotle|94\/100|[from] Grassy Terrain\n|-heal|p2a: Aromatisse|20\/100|[from] Grassy Terrain\n|-heal|p2a: Aromatisse|26\/100|[from] item: Leftovers\n|upkeep\n|turn|35\n|\n|t:|1628705715\n|move|p1a: 4 Grotle|Grassy Glide|p2a: Aromatisse\n|-damage|p2a: Aromatisse|0 fnt\n|faint|p2a: Aromatisse\n|\n|-heal|p1a: 4 Grotle|99\/100|[from] Grassy Terrain\n|upkeep\n|c|\u2606UrAboutToGetSwept|if i crit shifu\n|c|+JK The Don|Wrong play \n|c|\u2606UrAboutToGetSwept|i win\n|c|\u2606UrAboutToGetSwept|he has encore\n|c|\u2606UrAboutToGetSwept|noob\n|\n|t:|1628705731\n|switch|p2a: Urshifu|Urshifu, F|100\/100\n|-damage|p2a: Urshifu|94\/100|[from] Stealth Rock\n|turn|36\n|c|\u2606UrAboutToGetSwept|actually i live wicked\n|c|\u2606UrAboutToGetSwept|on a fucking roll\n|c|+LatiGOD|Well hes not banded\n|c|\u2606MAVERICK SHOOTERS|70% on my favour \n|c|\u2606MAVERICK SHOOTERS|if non banded that is \n|c|+LatiGOD|You dont know his spread tho\n|c|+JK The Don|Just click glide\n|\n|t:|1628705824\n|move|p1a: 4 Grotle|Grassy Glide|p2a: Urshifu\n|-damage|p2a: Urshifu|20\/100\n|move|p2a: Urshifu|Wicked Blow|p1a: 4 Grotle\n|-crit|p1a: 4 Grotle\n|-damage|p1a: 4 Grotle|32\/100\n|\n|-heal|p2a: Urshifu|26\/100|[from] Grassy Terrain\n|-heal|p1a: 4 Grotle|38\/100|[from] Grassy Terrain\n|upkeep\n|turn|37\n|c|\u2606MAVERICK SHOOTERS|prison stop johning u only have one play \n|c|+LatiGOD|Bruh what a goat\n|c|\u2606MAVERICK SHOOTERS|yo how bulky is this shit lol \n|c|\u2606UrAboutToGetSwept|fuck so you did get the roll on mew\n|c|+JK The Don|That\u2019s scarf as fuck\n|\n|t:|1628705851\n|move|p1a: 4 Grotle|Grassy Glide|p2a: Urshifu\n|-damage|p2a: Urshifu|0 fnt\n|faint|p2a: Urshifu\n|\n|-heal|p1a: 4 Grotle|44\/100|[from] Grassy Terrain\n|-fieldend|move: Grassy Terrain\n|upkeep\n|\n|t:|1628705853\n|switch|p2a: Landorus|Landorus-Therian, M|94\/100 tox\n|-damage|p2a: Landorus|82\/100 tox|[from] Stealth Rock\n|-ability|p2a: Landorus|Intimidate|boost\n|-unboost|p1a: 4 Grotle|atk|1\n|turn|38\n|c|+LatiGOD|It was Roseli berrt\n|c|+LatiGOD|Berry*\n|c|\u2606UrAboutToGetSwept|i had wisp for that shit\n|c|\u2606MAVERICK SHOOTERS|!showset 2 \n|c| MAVERICK SHOOTERS|\/raw <div class=\"infobox\">Urshifu @ Roseli Berry  <br \/>Ability: Unseen Fist  <br \/>EVs: 16 HP &#x2f; 252 Atk &#x2f; 4 Def &#x2f; 12 SpD &#x2f; 224 Spe  <br \/>Jolly Nature  <br \/>- Wicked Blow  <br \/>- Drain Punch  <br \/>- Sucker Punch  <br \/>- Bulk Up  <br \/><br \/><\/div>\n|c|\u2606UrAboutToGetSwept|WOW\n|c|\u2606MAVERICK SHOOTERS|kek\n|c|\u2606UrAboutToGetSwept|and it wasnt ada\n|c|\u2606MAVERICK SHOOTERS|same set \n|c|\u2606UrAboutToGetSwept|never punished\n|c|\u2606MAVERICK SHOOTERS|just with roseli over pp \n|c|\u2606MAVERICK SHOOTERS|now play \n|c|\u2606MAVERICK SHOOTERS|we can talk afterwards\n|c|+JK The Don|Why did u not click sucker\n|c|\u2606MAVERICK SHOOTERS|actually forgot lol \n|c|+LatiGOD|Imagine forgetting in finals\n|c|\u2606UrAboutToGetSwept|you fucked up enough to actually give me a way out\n|c|\u2606MAVERICK SHOOTERS|Prison stop talking \n|c|\u2606MAVERICK SHOOTERS|play \n|c|+JK The Don|Prison come on\n|c|\u2606UrAboutToGetSwept|im running more calcs\n|c|+JK The Don|make the right choice\n|c|\u2606MAVERICK SHOOTERS|we can talk afterwards \n|c|\u2606UrAboutToGetSwept|you;re the one flooding the chat\n|c|+LatiGOD|^\n|l|+JK The Don\n|c|\u2606UrAboutToGetSwept|and rushing me after johning \n|c|\u2606MAVERICK SHOOTERS|okie \n|c|\u2606MAVERICK SHOOTERS|imma shush myself now \n|j|+JK The Don\n|l|+LatiGOD\n|\n|t:|1628706094\n|switch|p1a: Yellow Suicune|Raikou, shiny|37\/100 brn\n|-damage|p1a: Yellow Suicune|24\/100 brn|[from] Stealth Rock\n|-ability|p1a: Yellow Suicune|Pressure\n|move|p2a: Landorus|U-turn|p1a: Yellow Suicune\n|-damage|p1a: Yellow Suicune|0 fnt\n|faint|p1a: Yellow Suicune\n|j|+LatiGOD\n|\n|t:|1628706116\n|switch|p2a: Slowbro|Slowbro-Mega, F|100\/100|[from]move: U-turn\n|-damage|p2a: Slowbro|88\/100|[from] Stealth Rock\n|\n|upkeep\n|\n|t:|1628706120\n|switch|p1a: The Clown|Blacephalon, shiny|32\/100\n|-damage|p1a: The Clown|7\/100|[from] Stealth Rock\n|turn|39\n|\n|t:|1628706126\n|switch|p2a: Miltank|Miltank, F|100\/100\n|-damage|p2a: Miltank|88\/100|[from] Stealth Rock\n|move|p1a: The Clown|Shadow Ball|p2a: Miltank\n|-immune|p2a: Miltank\n|\n|upkeep\n|turn|40\n|\n|t:|1628706137\n|move|p1a: The Clown|Shadow Ball|p2a: Miltank\n|-immune|p2a: Miltank\n|move|p2a: Miltank|Milk Drink|p2a: Miltank\n|-heal|p2a: Miltank|100\/100\n|\n|upkeep\n|turn|41\n|c|+JK The Don|Prison\n|\n|t:|1628706141\n|move|p1a: The Clown|Shadow Ball|p2a: Miltank\n|-immune|p2a: Miltank\n|move|p2a: Miltank|Stealth Rock||[still]\n|-fail|p2a: Miltank\n|\n|upkeep\n|turn|42\n|c|\u2606UrAboutToGetSwept|jk\n|c|+JK The Don|Why\n|c|\u2606UrAboutToGetSwept|because\n|c|+JK The Don|I wonder what the miltank is now\n|c|\u2606UrAboutToGetSwept|spdef with mono bulldoze\n|c|+LatiGOD|Its Shed shell\n|c|\u2606UrAboutToGetSwept|if he had body slam i always lost\n|c|+LatiGOD|I know its last move\n|c|\u2606MAVERICK SHOOTERS|orn shush \n|c|\u2606UrAboutToGetSwept|actually i should have mind blown\n|c|\u2606UrAboutToGetSwept|i already knew your set \n|c|+JK The Don|Yes you should have\n|c|+JK The Don|thank you for realizing that now\n|c|\u2606UrAboutToGetSwept|it doesnt matter anyway\n|c|+LatiGOD|Mav ur the johner. u shush\n|c|\u2606UrAboutToGetSwept|cause he can just heal \n|\n|t:|1628706241\n|move|p1a: The Clown|Shadow Ball|p2a: Miltank\n|-immune|p2a: Miltank\n|move|p2a: Miltank|Bulldoze|p1a: The Clown\n|-supereffective|p1a: The Clown\n|-damage|p1a: The Clown|0 fnt\n|faint|p1a: The Clown\n|\n|upkeep\n|\n|t:|1628706242\n|switch|p1a: 4 Grotle|Thwackey, M, shiny|44\/100\n|-damage|p1a: 4 Grotle|31\/100|[from] Stealth Rock\n|-fieldstart|move: Grassy Terrain|[from] ability: Grassy Surge|[of] p1a: 4 Grotle\n|turn|43\n|c|\u2606MAVERICK SHOOTERS|nah i meant shush in the way dont tell the set \n|c|\u2606MAVERICK SHOOTERS|till the game is over \n|\n|t:|1628706263\n|move|p2a: Miltank|Bulldoze|p1a: 4 Grotle\n|-resisted|p1a: 4 Grotle\n|-damage|p1a: 4 Grotle|29\/100\n|-unboost|p1a: 4 Grotle|spe|1\n|move|p1a: 4 Grotle|Swords Dance|p1a: 4 Grotle\n|-boost|p1a: 4 Grotle|atk|2\n|\n|-heal|p1a: 4 Grotle|35\/100|[from] Grassy Terrain\n|upkeep\n|turn|44\n|c|+LatiGOD|The item dont make a difference\n|\n|t:|1628706273\n|switch|p2a: Slowbro|Slowbro-Mega, F|88\/100\n|-damage|p2a: Slowbro|76\/100|[from] Stealth Rock\n|move|p1a: 4 Grotle|Swords Dance|p1a: 4 Grotle\n|-boost|p1a: 4 Grotle|atk|2\n|\n|-heal|p1a: 4 Grotle|41\/100|[from] Grassy Terrain\n|-heal|p2a: Slowbro|82\/100|[from] Grassy Terrain\n|upkeep\n|turn|45\n|c|+LatiGOD|Im not telling him ur move\n|\n|t:|1628706283\n|move|p1a: 4 Grotle|Grassy Glide|p2a: Slowbro\n|-supereffective|p2a: Slowbro\n|-damage|p2a: Slowbro|0 fnt\n|faint|p2a: Slowbro\n|\n|-heal|p1a: 4 Grotle|47\/100|[from] Grassy Terrain\n|upkeep\n|c|\u2606UrAboutToGetSwept|LOLLLLL\n|c|\u2606UrAboutToGetSwept|nice fucking choke\n|\n|t:|1628706290\n|switch|p2a: Landorus|Landorus-Therian, M|82\/100 tox\n|-damage|p2a: Landorus|70\/100 tox|[from] Stealth Rock\n|-ability|p2a: Landorus|Intimidate|boost\n|-unboost|p1a: 4 Grotle|atk|1\n|turn|46\n|c|+JK The Don|C H O K E\n|c|\u2606UrAboutToGetSwept|i knew mono bulldoze gave me 2 sds if he stayed in\n|c|\u2606MAVERICK SHOOTERS|?\n|c|\u2606UrAboutToGetSwept|i needed miltank to be in when i was last mon thwackey\n|\n|t:|1628706336\n|switch|p2a: Miltank|Miltank, F|100\/100\n|-damage|p2a: Miltank|88\/100|[from] Stealth Rock\n|move|p1a: 4 Grotle|Grassy Glide|p2a: Miltank\n|-damage|p2a: Miltank|12\/100\n|\n|-heal|p2a: Miltank|18\/100|[from] Grassy Terrain\n|-heal|p1a: 4 Grotle|53\/100|[from] Grassy Terrain\n|upkeep\n|turn|47\n|c|\u2606UrAboutToGetSwept|and for you to stay in\n|c|\u2606UrAboutToGetSwept|actually\n|c|\u2606UrAboutToGetSwept|i might die\n|c|\u2606UrAboutToGetSwept|cause ik ur ada\n|\n|t:|1628706364\n|move|p1a: 4 Grotle|Grassy Glide|p2a: Miltank\n|-damage|p2a: Miltank|0 fnt\n|faint|p2a: Miltank\n|\n|-heal|p1a: 4 Grotle|59\/100|[from] Grassy Terrain\n|-fieldend|move: Grassy Terrain\n|upkeep\n|\n|t:|1628706369\n|switch|p2a: Landorus|Landorus-Therian, M|70\/100 tox\n|-damage|p2a: Landorus|57\/100 tox|[from] Stealth Rock\n|-ability|p2a: Landorus|Intimidate|boost\n|-unboost|p1a: 4 Grotle|atk|1\n|turn|48\n|c|\u2606UrAboutToGetSwept|its a roll\n|c|+ASaltyOrange|whats the roll\n|c|\u2606UrAboutToGetSwept|are you max attack\n|c|+LatiGOD|He is not max attack\n|c|+JK The Don|You should have clicked wood hammer\n|c|\u2606MAVERICK SHOOTERS|like 60% in my favour i beleive \n|c|+JK The Don|But it doesn\u2019t matter now\n|\n|t:|1628706412\n|move|p2a: Landorus|U-turn|p1a: 4 Grotle\n|-supereffective|p1a: 4 Grotle\n|-damage|p1a: 4 Grotle|2\/100\n|move|p1a: 4 Grotle|Wood Hammer|p2a: Landorus\n|-damage|p2a: Landorus|0 fnt\n|faint|p2a: Landorus\n|-damage|p1a: 4 Grotle|0 fnt|[from] Recoil\n|faint|p1a: 4 Grotle\n|\n|win|UrAboutToGetSwept\n|c|\u2606MAVERICK SHOOTERS|!showteam\n|c| MAVERICK SHOOTERS|\/raw <div class=\"infobox\"><details><summary>View team<\/summary>Slowbro @ Slowbronite  <br \/>Ability: Regenerator  <br \/>EVs: 248 HP &#x2f; 112 Def &#x2f; 148 SpD  <br \/>Bold Nature  <br \/>IVs: 0 Atk  <br \/>- Ice Beam  <br \/>- Flamethrower  <br \/>- Teleport  <br \/>- Slack Off  <br \/><br \/>Urshifu @ Roseli Berry  <br \/>Ability: Unseen Fist  <br \/>EVs: 16 HP &#x2f; 252 Atk &#x2f; 4 Def &#x2f; 12 SpD &#x2f; 224 Spe  <br \/>Jolly Nature  <br \/>- Wicked Blow  <br \/>- Drain Punch  <br \/>- Sucker Punch  <br \/>- Bulk Up  <br \/><br \/>Aromatisse @ Leftovers  <br \/>Ability: Aroma Veil  <br \/>EVs: 248 HP &#x2f; 60 Def &#x2f; 200 SpD  <br \/>Calm Nature  <br \/>IVs: 0 Atk  <br \/>- Moonblast  <br \/>- Encore  <br \/>- Wish  <br \/>- Protect  <br \/><br \/>Miltank (F) @ Shed Shell  <br \/>Ability: Thick Fat  <br \/>EVs: 248 HP &#x2f; 236 SpD &#x2f; 24 Spe  <br \/>Careful Nature  <br \/>- Bulldoze  <br \/>- Thunder  <br \/>- Stealth Rock  <br \/>- Milk Drink  <br \/><br \/>Melmetal @ Shuca Berry  <br \/>Ability: Iron Fist  <br \/>EVs: 240 HP &#x2f; 16 Def &#x2f; 24 SpA &#x2f; 228 SpD  <br \/>Sassy Nature  <br \/>- Double Iron Bash  <br \/>- Darkest Lariat  <br \/>- Thunderbolt  <br \/>- Thunder Wave  <br \/><br \/>Landorus (Landorus-Therian) (M) @ Leftovers  <br \/>Ability: Intimidate  <br \/>EVs: 248 HP &#x2f; 160 Atk &#x2f; 100 Spe  <br \/>Adamant Nature  <br \/>- Earthquake  <br \/>- Knock Off  <br \/>- U-turn  <br \/>- Defog  <br \/><br \/><\/details><\/div>\n|c|\u2606UrAboutToGetSwept|!showteam\n|c| UrAboutToGetSwept|\/raw <div class=\"infobox\"><details><summary>View team<\/summary>Loan Shark (Garchomp) @ Garchompite  <br \/>Ability: Rough Skin  <br \/>Shiny: Yes  <br \/>EVs: 172 Atk &#x2f; 252 SpA &#x2f; 84 Spe  <br \/>Mild Nature  <br \/>- Draco Meteor  <br \/>- Earth Power  <br \/>- Swords Dance  <br \/>- Iron Head  <br \/><br \/>Yellow Suicune (Raikou) @ Choice Specs  <br \/>Ability: Pressure  <br \/>Shiny: Yes  <br \/>EVs: 96 HP &#x2f; 252 SpA &#x2f; 4 SpD &#x2f; 156 Spe  <br \/>Timid Nature  <br \/>IVs: 0 Atk  <br \/>- Scald  <br \/>- Aura Sphere  <br \/>- Volt Switch  <br \/>- Thunderbolt  <br \/><br \/>0-6 (Skarmory) @ Leftovers  <br \/>Ability: Sturdy  <br \/>Shiny: Yes  <br \/>EVs: 252 HP &#x2f; 252 Def &#x2f; 4 SpD  <br \/>Bold Nature  <br \/>IVs: 0 Atk  <br \/>- Roost  <br \/>- Body Press  <br \/>- Stealth Rock  <br \/>- Counter  <br \/><br \/>The Clown (Blacephalon) @ Choice Specs  <br \/>Ability: Beast Boost  <br \/>Shiny: Yes  <br \/>EVs: 4 Def &#x2f; 252 SpA &#x2f; 252 Spe  <br \/>Modest Nature  <br \/>IVs: 0 Atk  <br \/>- Mind Blown  <br \/>- Shadow Ball  <br \/>- Overheat  <br \/>- Toxic  <br \/><br \/>Genetics (Mew) @ Leftovers  <br \/>Ability: Synchronize  <br \/>Shiny: Yes  <br \/>EVs: 248 HP &#x2f; 8 Def &#x2f; 252 SpD  <br \/>Calm Nature  <br \/>IVs: 0 Atk &#x2f; 30 Spe  <br \/>- Volt Switch  <br \/>- Roost  <br \/>- Will-O-Wisp  <br \/>- Defog  <br \/><br \/>4 Grotle (Thwackey) @ Eviolite  <br \/>Ability: Grassy Surge  <br \/>Shiny: Yes  <br \/>EVs: 72 HP &#x2f; 252 Atk &#x2f; 4 Def &#x2f; 180 Spe  <br \/>Adamant Nature  <br \/>- Swords Dance  <br \/>- Grassy Glide  <br \/>- Wood Hammer  <br \/>- Hammer Arm  <br \/><br \/><\/details><\/div>\n|c|\u2606UrAboutToGetSwept|gg\n|c|\u2606MAVERICK SHOOTERS|OH FUCK\n|c|\u2606MAVERICK SHOOTERS|lol\n|c|\u2606MAVERICK SHOOTERS|gg \n|c|+LatiGOD|THWACKEY DOES IT\n|c|+ASaltyOrange|So much for one-sided, ggs!\n|c|+JK The Don|FOR FUCKING GROTLE\n|c|+ASaltyOrange|unmute chat now\n|c|+JK The Don|BIG CHOKES\n|c|\u2606UrAboutToGetSwept|for fucking grotle\n|l|+JK The Don\n|c|+LatiGOD|What a game\n|l|+LatiGOD\n","uploadtime":1628706413,"views":230,"p1id":"urabouttogetswept","p2id":"maverickshooters","formatid":"gen8nationaldexdraft","rating":0,"private":0,"password":null}