{"id":"china-gen8lc-5378751","p1":"rimarinalove","p2":"Ferrothornail\u8349\u94a2\u7532","format":"gen8lc","log":"|uhtml|report-battle|<b>\u5c06\u5bf9\u6218\u94fe\u63a5\u516c\u5f00\u5230:<\/b> <button class=\"button\" name=\"send\" value=\"\/reportto skypillar\">Sky Pillar<\/button><button class=\"button\" name=\"send\" value=\"\/reportto shinx\">Shinx<\/button>\n|j|\u2606rimarinalove\n|j|\u2606Ferrothornail\u8349\u94a2\u7532\n|inactive|Battle timer is ON: inactive players will automatically lose when time's up.\n|t:|1663421208\n|gametype|singles\n|player|p1|rimarinalove|cpl2022higannohanabatake.png|\n|player|p2|Ferrothornail\u8349\u94a2\u7532|acetrainer-gen4dp|\n|teamsize|p1|6\n|teamsize|p2|6\n|gen|8\n|tier|[Gen 8] LC\n|rated|Tournament battle\n|rule|Sleep Clause Mod: Limit one foe put to sleep\n|rule|Species Clause: Limit one of each Pok\u00e9mon\n|rule|OHKO Clause: OHKO moves are banned\n|rule|Evasion Items Clause: Evasion items are banned\n|rule|Evasion Moves Clause: Evasion moves are banned\n|rule|Endless Battle Clause: Forcing endless battles is banned\n|rule|HP Percentage Mod: HP is shown in percentages\n|rule|Dynamax Clause: You cannot dynamax\n|clearpoke\n|poke|p1|Porygon, L5|\n|poke|p1|Abra, L5, F|\n|poke|p1|Mienfoo, L5, M|\n|poke|p1|Diglett, L5, F|\n|poke|p1|Mareanie, L5, F|\n|poke|p1|Ferroseed, L5, F|\n|poke|p2|Mienfoo, L5, M|\n|poke|p2|Carvanha, L5, M|\n|poke|p2|Azurill, L5, M|\n|poke|p2|Abra, L5, F|\n|poke|p2|Aron, L5, M|\n|poke|p2|Trapinch, L5, F|\n|teampreview\n|\n|t:|1663421228\n|start\n|switch|p1a: Mienfoo|Mienfoo, L5, M|100\/100\n|switch|p2a: Aron|Aron, L5, M|100\/100\n|turn|1\n|\n|t:|1663421240\n|switch|p2a: Azurill|Azurill, L5, M|100\/100\n|move|p1a: Mienfoo|Fake Out|p2a: Azurill\n|-damage|p2a: Azurill|78\/100\n|\n|upkeep\n|turn|2\n|\n|t:|1663421251\n|move|p1a: Mienfoo|High Jump Kick|p2a: Azurill|[miss]\n|-miss|p1a: Mienfoo|p2a: Azurill\n|-damage|p1a: Mienfoo|53\/100|[from] highjumpkick\n|move|p2a: Azurill|Body Slam|p1a: Mienfoo\n|-damage|p1a: Mienfoo|0 fnt\n|faint|p1a: Mienfoo\n|\n|upkeep\n|\n|t:|1663421273\n|switch|p1a: Porygon|Porygon, L5|100\/100\n|-ability|p1a: Porygon|Download|boost\n|-boost|p1a: Porygon|atk|1\n|turn|3\n|\n|t:|1663421285\n|move|p1a: Porygon|Tri Attack|p2a: Azurill\n|-damage|p2a: Azurill|19\/100\n|-enditem|p2a: Azurill|Sitrus Berry|[eat]\n|-heal|p2a: Azurill|41\/100|[from] item: Sitrus Berry\n|move|p2a: Azurill|Belly Drum||[still]\n|-fail|p2a: Azurill\n|\n|upkeep\n|turn|4\n|l|\u2606Ferrothornail\u8349\u94a2\u7532\n|inactive|Ferrothornail\u8349\u94a2\u7532 disconnected and has a minute to reconnect!\n|player|p2|\n|j| sleepdrawqrnig\n|j| igiegie\n|l| sleepdrawqrnig\n|inactive|Ferrothornail\u8349\u94a2\u7532 has 120 seconds left.\n|inactive|Ferrothornail\u8349\u94a2\u7532 has 90 seconds left.\n|inactive|Ferrothornail\u8349\u94a2\u7532 has 60 seconds left.\n|j| shuoer\n|c| igiegie|\u6709\u64cd\u4f5c\u7684\n|inactive|Ferrothornail\u8349\u94a2\u7532 has 30 seconds left.\n|c|\u2606rimarinalove|0 0\n|inactive|Ferrothornail\u8349\u94a2\u7532 has 20 seconds left.\n|inactive|Ferrothornail\u8349\u94a2\u7532 has 15 seconds left.\n|inactive|Ferrothornail\u8349\u94a2\u7532 has 10 seconds left.\n|inactive|Ferrothornail\u8349\u94a2\u7532 has 5 seconds left.\n|-message|Ferrothornail\u8349\u94a2\u7532 lost due to inactivity.\n|\n|win|rimarinalove\n|n|\u2606rimarinalove|rimarinalove\n|n| igiegie|igiegie\n|n| shuoer|shuoer\n","uploadtime":1663421440,"views":2,"p1id":"rimarinalove","p2id":"ferrothornail","formatid":"gen8lc","rating":0,"private":0,"password":null}