{"id":"china-gen8randombattle-5209648","p1":"AlIoutdragadarts","p2":"zerodragon123","format":"gen8randombattle","log":"|uhtml|report-battle|<b>\u5c06\u5bf9\u6218\u94fe\u63a5\u516c\u5f00\u5230:<\/b> <button class=\"button\" name=\"send\" value=\"\/reportto skypillar\">Sky Pillar<\/button><button class=\"button\" name=\"send\" value=\"\/reportto shinx\">Shinx<\/button>\n|j|\u2606AlIoutdragadarts\n|j|\u2606zerodragon123\n|inactive|Battle timer is ON: inactive players will automatically lose when time's up.\n|t:|1659610303\n|gametype|singles\n|player|p1|AlIoutdragadarts|lucas|\n|player|p2|zerodragon123|zerodragon123.jpg|\n|teamsize|p1|6\n|teamsize|p2|6\n|gen|8\n|tier|[Gen 8] Random Battle\n|rated|Tournament battle\n|rule|Species Clause: Limit one of each Pok\u00e9mon\n|rule|HP Percentage Mod: HP is shown in percentages\n|rule|Sleep Clause Mod: Limit one foe put to sleep\n|\n|t:|1659610303\n|start\n|switch|p1a: Corsola|Corsola-Galar, L84, F|238\/238\n|switch|p2a: Beartic|Beartic, L86, M|304\/304\n|turn|1\n|-message|zerodragon123 forfeited.\n|\n|win|AlIoutdragadarts\n|n|\u2606AlIoutdragadarts|alioutdragadarts\n|n|\u2606zerodragon123|zerodragon123\n","inputlog":">version 0b3e32d1995ec91706b265b83a7e9d12d298377a\n>version-origin 3918ebd609a2bd57e0326bf76fca79306b37a61f\n>start {\"formatid\":\"gen8randombattle\",\"seed\":[18586,2923,32406,40906],\"rated\":\"Tournament battle\"}\n>player p1 {\"name\":\"AlIoutdragadarts\",\"avatar\":\"lucas\",\"rating\":0,\"seed\":[30805,32554,792,22856]}\n>player p2 {\"name\":\"zerodragon123\",\"avatar\":\"zerodragon123.jpg\",\"rating\":0,\"seed\":[60925,27599,36507,64898]}\n>forcelose p2","uploadtime":1659610308,"views":7,"p1id":"alioutdragadarts","p2id":"zerodragon123","formatid":"gen8randombattle","rating":0,"private":0,"password":null}