{"id":"china-gen8ou-4452982","p1":"Swordsman.N","p2":"syelza","format":"gen8ou","log":"|j|\u2606Swordsman.N\n|j|\u2606syelza\n|t:|1647605421\n|gametype|singles\n|player|p1|Swordsman.N|caitlin|\n|player|p2|syelza|pokemonrangerf-gen4|\n|teamsize|p1|6\n|teamsize|p2|6\n|gen|8\n|tier|[Gen 8] OU\n|rule|Sleep Clause Mod: Limit one foe put to sleep\n|rule|Species Clause: Limit one of each Pok\u00e9mon\n|rule|OHKO Clause: OHKO moves are banned\n|rule|Evasion Moves Clause: Evasion moves are banned\n|rule|Endless Battle Clause: Forcing endless battles is banned\n|rule|HP Percentage Mod: HP is shown in percentages\n|rule|Dynamax Clause: You cannot dynamax\n|clearpoke\n|poke|p1|Buzzwole|\n|poke|p1|Hippowdon, F|\n|poke|p1|Tapu Koko|\n|poke|p1|Toxapex, M|\n|poke|p1|Corviknight, F|\n|poke|p1|Magnezone|\n|poke|p2|Mew|\n|poke|p2|Ninetales-Alola, F|\n|poke|p2|Garchomp, F|\n|poke|p2|Heatran, M|\n|poke|p2|Scizor, F|\n|poke|p2|Dragapult, F|\n|teampreview\n|j| rami3e\n|j| woflw\n|\n|t:|1647605446\n|start\n|switch|p1a: Tapu Koko|Tapu Koko|100\/100\n|switch|p2a: \u554a\u5bf9\u5bf9\u5bf9|Ninetales-Alola, F|100\/100\n|-fieldstart|move: Electric Terrain|[from] ability: Electric Surge|[of] p1a: Tapu Koko\n|-weather|Hail|[from] ability: Snow Warning|[of] p2a: \u554a\u5bf9\u5bf9\u5bf9\n|turn|1\n|\n|t:|1647605456\n|move|p1a: Tapu Koko|Thunderbolt|p2a: \u554a\u5bf9\u5bf9\u5bf9\n|-damage|p2a: \u554a\u5bf9\u5bf9\u5bf9|48\/100\n|move|p2a: \u554a\u5bf9\u5bf9\u5bf9|Hypnosis|p1a: Tapu Koko|[miss]\n|-miss|p2a: \u554a\u5bf9\u5bf9\u5bf9|p1a: Tapu Koko\n|\n|-weather|Hail|[upkeep]\n|-damage|p1a: Tapu Koko|94\/100|[from] Hail\n|upkeep\n|turn|2\n|\n|t:|1647605468\n|switch|p2a: \u83ab\u90aa\u6548\u679c~\u7279\u62dbtoken|Garchomp, F|100\/100\n|move|p1a: Tapu Koko|Thunderbolt|p2a: \u83ab\u90aa\u6548\u679c~\u7279\u62dbtoken\n|-immune|p2a: \u83ab\u90aa\u6548\u679c~\u7279\u62dbtoken\n|\n|-weather|Hail|[upkeep]\n|-damage|p1a: Tapu Koko|88\/100|[from] Hail\n|-damage|p2a: \u83ab\u90aa\u6548\u679c~\u7279\u62dbtoken|94\/100|[from] Hail\n|-heal|p2a: \u83ab\u90aa\u6548\u679c~\u7279\u62dbtoken|100\/100|[from] item: Leftovers\n|upkeep\n|turn|3\n|\n|t:|1647605478\n|switch|p1a: Buzzwole|Buzzwole|100\/100\n|move|p2a: \u83ab\u90aa\u6548\u679c~\u7279\u62dbtoken|Swords Dance|p2a: \u83ab\u90aa\u6548\u679c~\u7279\u62dbtoken\n|-boost|p2a: \u83ab\u90aa\u6548\u679c~\u7279\u62dbtoken|atk|2\n|\n|-weather|Hail|[upkeep]\n|-damage|p2a: \u83ab\u90aa\u6548\u679c~\u7279\u62dbtoken|94\/100|[from] Hail\n|-damage|p1a: Buzzwole|94\/100|[from] Hail\n|-heal|p2a: \u83ab\u90aa\u6548\u679c~\u7279\u62dbtoken|100\/100|[from] item: Leftovers\n|upkeep\n|turn|4\n|j| yuudachi0811\u5915\u7acb\n|\n|t:|1647605488\n|move|p2a: \u83ab\u90aa\u6548\u679c~\u7279\u62dbtoken|Earthquake|p1a: Buzzwole\n|-resisted|p1a: Buzzwole\n|-damage|p1a: Buzzwole|62\/100\n|move|p1a: Buzzwole|Ice Punch|p2a: \u83ab\u90aa\u6548\u679c~\u7279\u62dbtoken\n|-supereffective|p2a: \u83ab\u90aa\u6548\u679c~\u7279\u62dbtoken\n|-damage|p2a: \u83ab\u90aa\u6548\u679c~\u7279\u62dbtoken|0 fnt\n|-damage|p1a: Buzzwole|50\/100|[from] ability: Rough Skin|[of] p2a: \u83ab\u90aa\u6548\u679c~\u7279\u62dbtoken\n|faint|p2a: \u83ab\u90aa\u6548\u679c~\u7279\u62dbtoken\n|-ability|p1a: Buzzwole|Beast Boost|boost\n|-boost|p1a: Buzzwole|atk|1\n|\n|-weather|Hail|[upkeep]\n|-damage|p1a: Buzzwole|44\/100|[from] Hail\n|upkeep\n|c| yuudachi0811\u5915\u7acb|\u71d5\u8fd4\uff01\n|\n|t:|1647605499\n|switch|p2a: \u63a5\u4e0b\u6765\uff0c\u8fd1\u8eab\u6218\u5f88\u6709\u7528|Mew|100\/100\n|turn|5\n|\n|t:|1647605509\n|move|p2a: \u63a5\u4e0b\u6765\uff0c\u8fd1\u8eab\u6218\u5f88\u6709\u7528|Dragon Dance|p2a: \u63a5\u4e0b\u6765\uff0c\u8fd1\u8eab\u6218\u5f88\u6709\u7528\n|-boost|p2a: \u63a5\u4e0b\u6765\uff0c\u8fd1\u8eab\u6218\u5f88\u6709\u7528|atk|1\n|-boost|p2a: \u63a5\u4e0b\u6765\uff0c\u8fd1\u8eab\u6218\u5f88\u6709\u7528|spe|1\n|move|p1a: Buzzwole|Leech Life|p2a: \u63a5\u4e0b\u6765\uff0c\u8fd1\u8eab\u6218\u5f88\u6709\u7528\n|-supereffective|p2a: \u63a5\u4e0b\u6765\uff0c\u8fd1\u8eab\u6218\u5f88\u6709\u7528\n|-damage|p2a: \u63a5\u4e0b\u6765\uff0c\u8fd1\u8eab\u6218\u5f88\u6709\u7528|0 fnt\n|-heal|p1a: Buzzwole|85\/100|[from] drain|[of] p2a: \u63a5\u4e0b\u6765\uff0c\u8fd1\u8eab\u6218\u5f88\u6709\u7528\n|faint|p2a: \u63a5\u4e0b\u6765\uff0c\u8fd1\u8eab\u6218\u5f88\u6709\u7528\n|-ability|p1a: Buzzwole|Beast Boost|boost\n|-boost|p1a: Buzzwole|atk|1\n|\n|-weather|none\n|-fieldend|move: Electric Terrain\n|upkeep\n|\n|t:|1647605517\n|switch|p2a: \u653b\u51fb\u529b3000\u7684\u5f3a\u529b\u602a\u517d|Heatran, M|100\/100\n|-item|p2a: \u653b\u51fb\u529b3000\u7684\u5f3a\u529b\u602a\u517d|Air Balloon\n|turn|6\n|\n|t:|1647605556\n|switch|p1a: Hippowdon|Hippowdon, F|100\/100\n|-weather|Sandstorm|[from] ability: Sand Stream|[of] p1a: Hippowdon\n|move|p2a: \u653b\u51fb\u529b3000\u7684\u5f3a\u529b\u602a\u517d|Stealth Rock|p1a: Hippowdon\n|-sidestart|p1: Swordsman.N|move: Stealth Rock\n|\n|-weather|Sandstorm|[upkeep]\n|upkeep\n|turn|7\n|\n|t:|1647605564\n|move|p2a: \u653b\u51fb\u529b3000\u7684\u5f3a\u529b\u602a\u517d|Eruption|p1a: Hippowdon\n|-damage|p1a: Hippowdon|47\/100\n|move|p1a: Hippowdon|Stealth Rock|p2a: \u653b\u51fb\u529b3000\u7684\u5f3a\u529b\u602a\u517d\n|-sidestart|p2: syelza|move: Stealth Rock\n|\n|-weather|Sandstorm|[upkeep]\n|-heal|p1a: Hippowdon|53\/100|[from] item: Leftovers\n|upkeep\n|turn|8\n|\n|t:|1647605572\n|move|p2a: \u653b\u51fb\u529b3000\u7684\u5f3a\u529b\u602a\u517d|Eruption|p1a: Hippowdon\n|-damage|p1a: Hippowdon|1\/100\n|move|p1a: Hippowdon|Slack Off|p1a: Hippowdon\n|-heal|p1a: Hippowdon|51\/100\n|\n|-weather|Sandstorm|[upkeep]\n|-heal|p1a: Hippowdon|57\/100|[from] item: Leftovers\n|upkeep\n|turn|9\n|\n|t:|1647605580\n|move|p2a: \u653b\u51fb\u529b3000\u7684\u5f3a\u529b\u602a\u517d|Eruption|p1a: Hippowdon\n|-damage|p1a: Hippowdon|4\/100\n|move|p1a: Hippowdon|Slack Off|p1a: Hippowdon\n|-heal|p1a: Hippowdon|54\/100\n|\n|-weather|Sandstorm|[upkeep]\n|-heal|p1a: Hippowdon|60\/100|[from] item: Leftovers\n|upkeep\n|turn|10\n|\n|t:|1647605587\n|move|p2a: \u653b\u51fb\u529b3000\u7684\u5f3a\u529b\u602a\u517d|Eruption|p1a: Hippowdon\n|-damage|p1a: Hippowdon|5\/100\n|move|p1a: Hippowdon|Slack Off|p1a: Hippowdon\n|-heal|p1a: Hippowdon|55\/100\n|\n|-weather|none\n|-heal|p1a: Hippowdon|62\/100|[from] item: Leftovers\n|upkeep\n|turn|11\n|\n|t:|1647605595\n|move|p2a: \u653b\u51fb\u529b3000\u7684\u5f3a\u529b\u602a\u517d|Magma Storm|p1a: Hippowdon\n|-damage|p1a: Hippowdon|26\/100\n|-activate|p1a: Hippowdon|move: Magma Storm|[of] p2a: \u653b\u51fb\u529b3000\u7684\u5f3a\u529b\u602a\u517d\n|move|p1a: Hippowdon|Slack Off|p1a: Hippowdon\n|-heal|p1a: Hippowdon|76\/100\n|\n|-heal|p1a: Hippowdon|83\/100|[from] item: Leftovers\n|-damage|p1a: Hippowdon|70\/100|[from] move: Magma Storm|[partiallytrapped]\n|upkeep\n|turn|12\n|\n|t:|1647605603\n|move|p2a: \u653b\u51fb\u529b3000\u7684\u5f3a\u529b\u602a\u517d|Eruption|p1a: Hippowdon\n|-damage|p1a: Hippowdon|15\/100\n|move|p1a: Hippowdon|Slack Off|p1a: Hippowdon\n|-heal|p1a: Hippowdon|65\/100\n|\n|-heal|p1a: Hippowdon|71\/100|[from] item: Leftovers\n|-damage|p1a: Hippowdon|59\/100|[from] move: Magma Storm|[partiallytrapped]\n|upkeep\n|turn|13\n|\n|t:|1647605611\n|move|p2a: \u653b\u51fb\u529b3000\u7684\u5f3a\u529b\u602a\u517d|Eruption|p1a: Hippowdon\n|-damage|p1a: Hippowdon|0 fnt\n|faint|p1a: Hippowdon\n|\n|upkeep\n|\n|t:|1647605628\n|switch|p1a: Tapu Koko|Tapu Koko|88\/100\n|-fieldstart|move: Electric Terrain|[from] ability: Electric Surge|[of] p1a: Tapu Koko\n|turn|14\n|c| yuudachi0811\u5915\u7acb|\u539f\u6765\u6709\u4e00\u4e2a\u968f\u673a\u6570\u80fd\u6740\u554a\uff1f\n|c| woflw|\u8fd8\u670959\u8fd9\u4e48\u9ad8\n|\n|t:|1647605650\n|move|p1a: Tapu Koko|Thunderbolt|p2a: \u653b\u51fb\u529b3000\u7684\u5f3a\u529b\u602a\u517d\n|-damage|p2a: \u653b\u51fb\u529b3000\u7684\u5f3a\u529b\u602a\u517d|51\/100\n|-enditem|p2a: \u653b\u51fb\u529b3000\u7684\u5f3a\u529b\u602a\u517d|Air Balloon\n|move|p2a: \u653b\u51fb\u529b3000\u7684\u5f3a\u529b\u602a\u517d|Magma Storm|p1a: Tapu Koko\n|-damage|p1a: Tapu Koko|4\/100\n|-activate|p1a: Tapu Koko|move: Magma Storm|[of] p2a: \u653b\u51fb\u529b3000\u7684\u5f3a\u529b\u602a\u517d\n|\n|-damage|p1a: Tapu Koko|0 fnt|[from] move: Magma Storm|[partiallytrapped]\n|faint|p1a: Tapu Koko\n|upkeep\n|c| yuudachi0811\u5915\u7acb|\u6211\u4ee5\u4e3a55\u662f\u6700\u9ad8\u4e86\n|\n|t:|1647605664\n|switch|p1a: Toxapex|Toxapex, M|100\/100\n|-damage|p1a: Toxapex|88\/100|[from] Stealth Rock\n|turn|15\n|c| woflw|\u4e4b\u524d\u90fd\u5728\u6f14 \u6df7\u65f6\u957f\n|\n|t:|1647605681\n|move|p2a: \u653b\u51fb\u529b3000\u7684\u5f3a\u529b\u602a\u517d|Magma Storm|p1a: Toxapex\n|-resisted|p1a: Toxapex\n|-damage|p1a: Toxapex|66\/100\n|-activate|p1a: Toxapex|move: Magma Storm|[of] p2a: \u653b\u51fb\u529b3000\u7684\u5f3a\u529b\u602a\u517d\n|move|p1a: Toxapex|Toxic Spikes|p2a: \u653b\u51fb\u529b3000\u7684\u5f3a\u529b\u602a\u517d\n|-sidestart|p2: syelza|move: Toxic Spikes\n|\n|-heal|p1a: Toxapex|73\/100|[from] item: Black Sludge\n|-damage|p1a: Toxapex|60\/100|[from] move: Magma Storm|[partiallytrapped]\n|upkeep\n|turn|16\n|c| yuudachi0811\u5915\u7acb|\u4ed6\u592a\u61c2\u76f4\u64ad\u4e86\uff01\n|\n|t:|1647605689\n|move|p2a: \u653b\u51fb\u529b3000\u7684\u5f3a\u529b\u602a\u517d|Earth Power|p1a: Toxapex\n|-supereffective|p1a: Toxapex\n|-damage|p1a: Toxapex|9\/100\n|move|p1a: Toxapex|Recover|p1a: Toxapex\n|-heal|p1a: Toxapex|59\/100\n|\n|-heal|p1a: Toxapex|65\/100|[from] item: Black Sludge\n|-damage|p1a: Toxapex|52\/100|[from] move: Magma Storm|[partiallytrapped]\n|upkeep\n|turn|17\n|\n|t:|1647605697\n|move|p2a: \u653b\u51fb\u529b3000\u7684\u5f3a\u529b\u602a\u517d|Earth Power|p1a: Toxapex\n|-supereffective|p1a: Toxapex\n|-damage|p1a: Toxapex|1\/100\n|move|p1a: Toxapex|Recover|p1a: Toxapex\n|-heal|p1a: Toxapex|51\/100\n|\n|-heal|p1a: Toxapex|57\/100|[from] item: Black Sludge\n|-damage|p1a: Toxapex|45\/100|[from] move: Magma Storm|[partiallytrapped]\n|upkeep\n|turn|18\n|\n|t:|1647605707\n|move|p2a: \u653b\u51fb\u529b3000\u7684\u5f3a\u529b\u602a\u517d|Earth Power|p1a: Toxapex\n|-supereffective|p1a: Toxapex\n|-damage|p1a: Toxapex|0 fnt\n|faint|p1a: Toxapex\n|\n|-fieldend|move: Electric Terrain\n|upkeep\n|\n|t:|1647605711\n|switch|p1a: Buzzwole|Buzzwole|85\/100\n|-damage|p1a: Buzzwole|73\/100|[from] Stealth Rock\n|turn|19\n|\n|t:|1647605716\n|move|p2a: \u653b\u51fb\u529b3000\u7684\u5f3a\u529b\u602a\u517d|Magma Storm|p1a: Buzzwole\n|-supereffective|p1a: Buzzwole\n|-damage|p1a: Buzzwole|0 fnt\n|faint|p1a: Buzzwole\n|\n|upkeep\n|c| yuudachi0811\u5915\u7acb|\u4f20\u4e0b\u53bb\uff0cN\u7ed9\u55b7\u706b\u706b\u94a2\u6253\u4e00\u961f\n|\n|t:|1647605725\n|switch|p1a: Magnezone|Magnezone|100\/100\n|-damage|p1a: Magnezone|94\/100|[from] Stealth Rock\n|turn|20\n|c| rami3e|\u4e3a\u4ec0\u4e48\u4ed6\u7684\u5bb9\u989c\u98ce\u66b4\u4e0d\u4f1a\u7a7a\u554a\n|\n|t:|1647605733\n|move|p2a: \u653b\u51fb\u529b3000\u7684\u5f3a\u529b\u602a\u517d|Earth Power|p1a: Magnezone\n|-supereffective|p1a: Magnezone\n|-crit|p1a: Magnezone\n|-damage|p1a: Magnezone|0 fnt\n|faint|p1a: Magnezone\n|\n|upkeep\n|\n|t:|1647605738\n|switch|p1a: Corviknight|Corviknight, F|100\/100\n|-damage|p1a: Corviknight|88\/100|[from] Stealth Rock\n|-ability|p1a: Corviknight|Pressure\n|turn|21\n|c| yuudachi0811\u5915\u7acb|\u6211\u4e0d\u9053\u554a\n|\n|t:|1647605742\n|move|p2a: \u653b\u51fb\u529b3000\u7684\u5f3a\u529b\u602a\u517d|Magma Storm|p1a: Corviknight\n|-supereffective|p1a: Corviknight\n|-damage|p1a: Corviknight|13\/100\n|-activate|p1a: Corviknight|move: Magma Storm|[of] p2a: \u653b\u51fb\u529b3000\u7684\u5f3a\u529b\u602a\u517d\n|move|p1a: Corviknight|Brave Bird|p2a: \u653b\u51fb\u529b3000\u7684\u5f3a\u529b\u602a\u517d\n|-resisted|p2a: \u653b\u51fb\u529b3000\u7684\u5f3a\u529b\u602a\u517d\n|-damage|p2a: \u653b\u51fb\u529b3000\u7684\u5f3a\u529b\u602a\u517d|33\/100\n|-damage|p1a: Corviknight|8\/100|[from] Recoil\n|\n|-heal|p1a: Corviknight|15\/100|[from] item: Leftovers\n|-damage|p1a: Corviknight|2\/100|[from] move: Magma Storm|[partiallytrapped]\n|upkeep\n|turn|22\n|\n|t:|1647605753\n|move|p2a: \u653b\u51fb\u529b3000\u7684\u5f3a\u529b\u602a\u517d|Eruption|p1a: Corviknight\n|-supereffective|p1a: Corviknight\n|-damage|p1a: Corviknight|0 fnt\n|faint|p1a: Corviknight\n|\n|win|syelza\n","uploadtime":1647605759,"views":24,"p1id":"swordsmann","p2id":"syelza","formatid":"gen8ou","rating":0,"private":0,"password":null}