{"id":"china-gen8ou-5188830","p1":"XZzhang","p2":"AlIoutdragadarts","format":"gen8ou","log":"|uhtml|report-battle|<b>\u5c06\u5bf9\u6218\u94fe\u63a5\u516c\u5f00\u5230:<\/b> <button class=\"button\" name=\"send\" value=\"\/reportto skypillar\">Sky Pillar<\/button><button class=\"button\" name=\"send\" value=\"\/reportto shinx\">Shinx<\/button>\n|j|\u2606XZzhang\n|j|\u2606AlIoutdragadarts\n|inactive|Battle timer is ON: inactive players will automatically lose when time's up.\n|t:|1659274451\n|gametype|singles\n|player|p1|XZzhang|red|\n|player|p2|AlIoutdragadarts|lucas|\n|teamsize|p1|6\n|teamsize|p2|6\n|gen|8\n|tier|[Gen 8] OU\n|rated|Tournament battle\n|rule|Sleep Clause Mod: Limit one foe put to sleep\n|rule|Species Clause: Limit one of each Pok\u00e9mon\n|rule|OHKO Clause: OHKO moves are banned\n|rule|Evasion Moves Clause: Evasion moves are banned\n|rule|Endless Battle Clause: Forcing endless battles is banned\n|rule|HP Percentage Mod: HP is shown in percentages\n|rule|Dynamax Clause: You cannot dynamax\n|clearpoke\n|poke|p1|Ninetales-Alola, F|\n|poke|p1|Arctozolt|\n|poke|p1|Landorus-Therian, M|\n|poke|p1|Kartana|\n|poke|p1|Volcanion|\n|poke|p1|Rotom-Heat|\n|poke|p2|Clefable, F|\n|poke|p2|Skarmory, M|\n|poke|p2|Toxapex, M|\n|poke|p2|Excadrill, M|\n|poke|p2|Tyranitar, M|\n|poke|p2|Rotom-Wash|\n|teampreview\n|inactive|XZzhang also wants the timer to be on.\n|j| wdzkz\n|inactive|XZzhang has 120 seconds left.\n|j|\u265abaibaiats\n|l|\u265abaibaiats\n|\n|t:|1659274497\n|start\n|switch|p1a: Kartana|Kartana|100\/100\n|switch|p2a: Clefable|Clefable, F, shiny|100\/100\n|turn|1\n|inactive|AlIoutdragadarts has 120 seconds left.\n|\n|t:|1659274546\n|switch|p1a: Rotom|Rotom-Heat|100\/100\n|switch|p2a: Skarmory|Skarmory, M, shiny|100\/100\n|\n|upkeep\n|turn|2\n|\n|t:|1659274550\n|switch|p2a: Tyranitar|Tyranitar, M, shiny|100\/100\n|-weather|Sandstorm|[from] ability: Sand Stream|[of] p2a: Tyranitar\n|move|p1a: Rotom|Will-O-Wisp|p2a: Tyranitar\n|-status|p2a: Tyranitar|brn\n|\n|-weather|Sandstorm|[upkeep]\n|-damage|p1a: Rotom|95\/100|[from] Sandstorm\n|-damage|p2a: Tyranitar|94\/100 brn|[from] brn\n|upkeep\n|turn|3\n|inactive|AlIoutdragadarts has 120 seconds left.\n|j| Si\u5206ri\u5d29Ce\u79bble\u6790bi\n|inactive|AlIoutdragadarts has 90 seconds left.\n|\n|t:|1659274610\n|switch|p1a: Kartana|Kartana|100\/100\n|move|p2a: Tyranitar|Stone Edge|p1a: Kartana|[miss]\n|-miss|p2a: Tyranitar|p1a: Kartana\n|\n|-weather|Sandstorm|[upkeep]\n|-damage|p2a: Tyranitar|88\/100 brn|[from] brn\n|upkeep\n|turn|4\n|inactive|XZzhang has 120 seconds left.\n|j| igiegie\n|inactive|AlIoutdragadarts has 60 seconds left.\n|l| Si\u5206ri\u5d29Ce\u79bble\u6790bi\n|j| Si\u5206ri\u5d29Ce\u79bble\u6790bi\n|\n|t:|1659274660\n|switch|p2a: Skarmory|Skarmory, M, shiny|100\/100\n|move|p1a: Kartana|Knock Off|p2a: Skarmory\n|-crit|p2a: Skarmory\n|-damage|p2a: Skarmory|60\/100\n|-damage|p1a: Kartana|84\/100|[from] item: Rocky Helmet|[of] p2a: Skarmory\n|-enditem|p2a: Skarmory|Rocky Helmet|[from] move: Knock Off|[of] p1a: Kartana\n|\n|-weather|Sandstorm|[upkeep]\n|upkeep\n|turn|5\n|inactive|XZzhang has 120 seconds left.\n|\n|t:|1659274671\n|switch|p1a: Rotom|Rotom-Heat|95\/100\n|move|p2a: Skarmory|Roost|p2a: Skarmory\n|-heal|p2a: Skarmory|100\/100\n|-singleturn|p2a: Skarmory|move: Roost\n|\n|-weather|Sandstorm|[upkeep]\n|-damage|p1a: Rotom|89\/100|[from] Sandstorm\n|upkeep\n|turn|6\n|\n|t:|1659274681\n|switch|p2a: Clefable|Clefable, F, shiny|100\/100\n|move|p1a: Rotom|Volt Switch|p2a: Clefable\n|-damage|p2a: Clefable|77\/100\n|\n|t:|1659274687\n|switch|p1a: Miss or Eruption|Volcanion|100\/100|[from]move: Volt Switch\n|\n|-weather|none\n|-heal|p2a: Clefable|83\/100|[from] item: Leftovers\n|upkeep\n|turn|7\n|\n|t:|1659274699\n|switch|p2a: S\/O JOESTAR|Toxapex, M, shiny|100\/100\n|move|p1a: Miss or Eruption|Overheat|p2a: S\/O JOESTAR|[miss]\n|-miss|p1a: Miss or Eruption|p2a: S\/O JOESTAR\n|\n|upkeep\n|turn|8\n|\n|t:|1659274711\n|switch|p1a: Ninetales|Ninetales-Alola, F|100\/100\n|-weather|Hail|[from] ability: Snow Warning|[of] p1a: Ninetales\n|move|p2a: S\/O JOESTAR|Toxic|p1a: Ninetales\n|-status|p1a: Ninetales|tox\n|\n|-weather|Hail|[upkeep]\n|-damage|p2a: S\/O JOESTAR|94\/100|[from] Hail\n|-damage|p1a: Ninetales|94\/100 tox|[from] psn\n|upkeep\n|turn|9\n|inactive|XZzhang has 120 seconds left.\n|\n|t:|1659274735\n|switch|p2a: Tyranitar|Tyranitar, M, shiny|88\/100 brn\n|-weather|Sandstorm|[from] ability: Sand Stream|[of] p2a: Tyranitar\n|move|p1a: Ninetales|Aurora Veil||[still]\n|-fail|p1a: Ninetales\n|\n|-weather|Sandstorm|[upkeep]\n|-damage|p1a: Ninetales|88\/100 tox|[from] Sandstorm\n|-damage|p1a: Ninetales|76\/100 tox|[from] psn\n|-damage|p2a: Tyranitar|82\/100 brn|[from] brn\n|upkeep\n|turn|10\n|inactive|XZzhang has 120 seconds left.\n|\n|t:|1659274746\n|switch|p1a: Kartana|Kartana|84\/100\n|move|p2a: Tyranitar|Fire Punch|p1a: Kartana\n|-supereffective|p1a: Kartana\n|-damage|p1a: Kartana|0 fnt\n|faint|p1a: Kartana\n|\n|-weather|Sandstorm|[upkeep]\n|-damage|p2a: Tyranitar|76\/100 brn|[from] brn\n|upkeep\n|\n|t:|1659274755\n|switch|p1a: Arctozolt|Arctozolt|100\/100\n|turn|11\n|inactive|XZzhang has 120 seconds left.\n|inactive|AlIoutdragadarts has 90 seconds left.\n|\n|t:|1659274796\n|switch|p1a: Miss or Eruption|Volcanion|100\/100\n|switch|p2a: Rotom|Rotom-Wash, shiny|100\/100\n|\n|-weather|Sandstorm|[upkeep]\n|-damage|p2a: Rotom|94\/100|[from] Sandstorm\n|-damage|p1a: Miss or Eruption|94\/100|[from] Sandstorm\n|-heal|p2a: Rotom|100\/100|[from] item: Leftovers\n|upkeep\n|turn|12\n|inactive|XZzhang has 120 seconds left.\n|\n|t:|1659274811\n|switch|p1a: Landorus|Landorus-Therian, M|100\/100\n|-ability|p1a: Landorus|Intimidate|boost\n|-unboost|p2a: Rotom|atk|1\n|move|p2a: Rotom|Volt Switch|p1a: Landorus\n|-immune|p1a: Landorus\n|\n|-weather|Sandstorm|[upkeep]\n|-damage|p2a: Rotom|94\/100|[from] Sandstorm\n|-heal|p2a: Rotom|100\/100|[from] item: Leftovers\n|upkeep\n|turn|13\n|inactive|XZzhang has 120 seconds left.\n|\n|t:|1659274824\n|switch|p1a: Miss or Eruption|Volcanion|94\/100\n|move|p2a: Rotom|Hydro Pump|p1a: Miss or Eruption\n|-heal|p1a: Miss or Eruption|100\/100|[from] ability: Water Absorb|[of] p2a: Rotom\n|\n|-weather|none\n|upkeep\n|turn|14\n|inactive|XZzhang has 120 seconds left.\n|inactive|AlIoutdragadarts has 90 seconds left.\n|inactive|AlIoutdragadarts has 60 seconds left.\n|\n|t:|1659274860\n|switch|p1a: Arctozolt|Arctozolt|100\/100\n|move|p2a: Rotom|Volt Switch|p1a: Arctozolt\n|-resisted|p1a: Arctozolt\n|-damage|p1a: Arctozolt|82\/100\n|\n|t:|1659274865\n|switch|p2a: john Cena|Excadrill, M, shiny|100\/100|[from]move: Volt Switch\n|\n|upkeep\n|turn|15\n|inactive|XZzhang has 120 seconds left.\n|\n|t:|1659274871\n|switch|p2a: Clefable|Clefable, F, shiny|83\/100\n|switch|p1a: Landorus|Landorus-Therian, M|100\/100\n|-ability|p1a: Landorus|Intimidate|boost\n|-unboost|p2a: Clefable|atk|1\n|\n|-heal|p2a: Clefable|90\/100|[from] item: Leftovers\n|upkeep\n|turn|16\n|\n|t:|1659274881\n|move|p1a: Landorus|U-turn|p2a: Clefable\n|-resisted|p2a: Clefable\n|-damage|p2a: Clefable|81\/100\n|\n|t:|1659274883\n|switch|p1a: Miss or Eruption|Volcanion|100\/100|[from]move: U-turn\n|move|p2a: Clefable|Stealth Rock|p1a: Miss or Eruption\n|-sidestart|p1: XZzhang|move: Stealth Rock\n|\n|-heal|p2a: Clefable|87\/100|[from] item: Leftovers\n|upkeep\n|turn|17\n|-message|XZzhang forfeited.\n|\n|win|AlIoutdragadarts\n|n|\u2606XZzhang|xzzhang\n|n|\u2606AlIoutdragadarts|alioutdragadarts\n|n| wdzkz|wdzkz\n|n| igiegie|igiegie\n|n| Si\u5206ri\u5d29Ce\u79bble\u6790bi|siricelebi\n","uploadtime":1659274894,"views":52,"p1id":"xzzhang","p2id":"alioutdragadarts","formatid":"gen8ou","rating":0,"private":0,"password":null}