{"id":"gen2ou-1496597694","p1":"SkipTheDripBayless","p2":"dice","format":"gen2ou","log":"|j|\u2606SkipTheDripBayless\n|j|\u2606dice\n|inactive|Battle timer is ON: inactive players will automatically lose when time's up.\n|t:|1642896493\n|gametype|singles\n|player|p1|SkipTheDripBayless|richboy-gen4|\n|player|p2|dice|#splxiiiruiners|\n|teamsize|p1|6\n|teamsize|p2|6\n|gen|2\n|tier|[Gen 2] OU\n|rated|Tournament battle\n|rule|Sleep Clause Mod: Limit one foe put to sleep\n|rule|Freeze Clause Mod: Limit one foe frozen\n|rule|Species Clause: Limit one of each Pok\u00e9mon\n|rule|OHKO Clause: OHKO moves are banned\n|rule|Evasion Moves Clause: Evasion moves are banned\n|rule|Endless Battle Clause: Forcing endless battles is banned\n|rule|HP Percentage Mod: HP is shown in percentages\n|\n|t:|1642896493\n|start\n|switch|p1a: Smeargle|Smeargle, M|100\/100\n|switch|p2a: Zapdos|Zapdos|100\/100\n|turn|1\n|j| best to be worst\n|c|\u2606dice|gl\n|c| best to be worst|gl to both\n|\n|t:|1642896501\n|move|p2a: Zapdos|Hidden Power|p1a: Smeargle\n|-damage|p1a: Smeargle|67\/100\n|move|p1a: Smeargle|Agility|p1a: Smeargle\n|-boost|p1a: Smeargle|spe|2\n|\n|upkeep\n|turn|2\n|j| lmauiono\n|c|\u2606SkipTheDripBayless|if i spore here\n|c|\u2606SkipTheDripBayless|u sleep talk\n|c|\u2606SkipTheDripBayless|thunder me\n|c|\u2606SkipTheDripBayless|if i bp here\n|c|\u2606SkipTheDripBayless|u can hp water\n|inactive|SkipTheDripBayless has 120 seconds left.\n|c|\u2606SkipTheDripBayless|so it's a 50\/50\n|c|\u2606SkipTheDripBayless|huh\n|c|\u2606dice|not really\n|c|\u2606dice|spore thunder is low odds\n|c|\u2606SkipTheDripBayless|hm\n|c|\u2606SkipTheDripBayless|ur right\n|inactive|SkipTheDripBayless has 90 seconds left.\n|c|\u2606SkipTheDripBayless|i woudl go lax after\n|j| Kyurem\n|c|\u2606SkipTheDripBayless|right or something\n|\n|t:|1642896568\n|move|p1a: Smeargle|Spore|p2a: Zapdos\n|-status|p2a: Zapdos|slp|[from] move: Spore\n|cant|p2a: Zapdos|slp\n|\n|upkeep\n|turn|3\n|c|\u2606dice|probably\n|inactive|SkipTheDripBayless has 90 seconds left.\n|c|\u2606SkipTheDripBayless|is x2 speed\n|c|\u2606SkipTheDripBayless|is fast\n|c|\u2606SkipTheDripBayless|on lax\n|c| best to be worst|prob\n|c|\u2606dice|it is slower than gengar\n|c| best to be worst|most of the meta is just fat\n|c|\u2606SkipTheDripBayless|time to limit test\n|\n|t:|1642896598\n|switch|p2a: Forretress|Forretress, M|100\/100\n|move|p1a: Smeargle|Baton Pass|p1a: Smeargle\n|c|\u2606SkipTheDripBayless|what does gar do\n|c|\u2606SkipTheDripBayless|to me\n|c|\u2606dice|idk\n|c|\u2606dice|:O\n|\n|t:|1642896608\n|switch|p1a: Marowak|Marowak, M|100\/100|[from]move: Baton Pass\n|\n|upkeep\n|turn|4\n|c| best to be worst|bamboozeled\n|inactive|dice has 120 seconds left.\n|c|\u2606SkipTheDripBayless|im guessing\n|\n|t:|1642896636\n|move|p1a: Marowak|Fire Blast|p2a: Forretress|[miss]\n|-miss|p1a: Marowak\n|move|p2a: Forretress|Spikes|p1a: Marowak\n|-sidestart|p1: SkipTheDripBayless|Spikes\n|\n|upkeep\n|turn|5\n|inactive|dice has 120 seconds left.\n|\n|t:|1642896643\n|move|p1a: Marowak|Rock Slide|p2a: Forretress\n|-damage|p2a: Forretress|79\/100\n|move|p2a: Forretress|Explosion|p1a: Marowak\n|-damage|p1a: Marowak|0 fnt\n|faint|p2a: Forretress\n|faint|p1a: Marowak\n|inactive|SkipTheDripBayless has 90 seconds left.\n|c|\u2606SkipTheDripBayless|wtf\n|c|\u2606SkipTheDripBayless|i just died\n|c| best to be worst|yeah\n|c| best to be worst|half defense\n|c|\u2606SkipTheDripBayless|!dt explosion gen 3\n|error|No Pok\u00e9mon, item, move, ability or nature named 'explosion gen 3' was found in Gen 2. (Check your spelling?)\n|c| best to be worst|it was obv as shit\n|c|\u2606SkipTheDripBayless|!dt explosion,gen 3\n|raw|<ul class=\"utilichart\"><li class=\"result\"><span class=\"col movenamecol\"><a href=\"https:\/\/dex.pokemonshowdown.com\/moves\/explosion\">Explosion<\/a><\/span> <span class=\"col typecol\"><img src=\"\/\/play.pokemonshowdown.com\/sprites\/types\/Normal.png\" alt=\"Normal\" width=\"32\" height=\"14\"><img src=\"\/\/play.pokemonshowdown.com\/sprites\/categories\/Physical.png\" alt=\"Physical\" width=\"32\" height=\"14\"><\/span> <span class=\"col labelcol\"><em>Power<\/em><br>250<\/span> <span class=\"col widelabelcol\"><em>Accuracy<\/em><br>100%<\/span> <span class=\"col pplabelcol\"><em>PP<\/em><br>8<\/span> <span class=\"col movedesccol\">Target's Def halved during damage. User faints.<\/span> <\/li><li style=\"clear:both\"><\/li><\/ul>\n|raw|<font size=\"1\"><font color=\"#686868\">Priority:<\/font> 0&nbsp;|&ThickSpace;<font color=\"#686868\">Gen:<\/font> 1&nbsp;|&ThickSpace;<font color=\"#686868\">Target:<\/font> All Adjacent Pok\u00e9mon<\/font>\n\n|\n|t:|1642896673\n|switch|p1a: Smeargle|Smeargle, M|67\/100\n|switch|p2a: Gengar|Gengar, M|100\/100\n|-damage|p1a: Smeargle|54\/100|[from] Spikes\n|\n|upkeep\n|turn|6\n|\n|t:|1642896682\n|switch|p2a: Golem|Golem, M|100\/100\n|move|p1a: Smeargle|Spore|p2a: Golem\n|-message|Sleep Clause Mod activated.\n|\n|upkeep\n|turn|7\n|j| milotic scales\n|\n|t:|1642896688\n|move|p1a: Smeargle|Agility|p1a: Smeargle\n|-boost|p1a: Smeargle|spe|2\n|move|p2a: Golem|Earthquake|p1a: Smeargle\n|-damage|p1a: Smeargle|0 fnt\n|faint|p1a: Smeargle\n|c|\u2606SkipTheDripBayless|unlucky tbh\n|inactive|SkipTheDripBayless has 60 seconds left.\n|\n|t:|1642896709\n|switch|p1a: Machamp|Machamp, M|100\/100\n|-damage|p1a: Machamp|88\/100|[from] Spikes\n|\n|upkeep\n|turn|8\n|c| best to be worst|how?\n|inactive|SkipTheDripBayless has 60 seconds left.\n|\n|t:|1642896720\n|switch|p2a: Starmie|Starmie|100\/100\n|move|p1a: Machamp|Meditate|p1a: Machamp\n|-boost|p1a: Machamp|atk|1\n|\n|upkeep\n|turn|9\n|\n|t:|1642896728\n|move|p2a: Starmie|Surf|p1a: Machamp\n|-damage|p1a: Machamp|57\/100\n|move|p1a: Machamp|Hidden Power|p2a: Starmie\n|-supereffective|p2a: Starmie\n|-damage|p2a: Starmie|31\/100\n|\n|-heal|p2a: Starmie|37\/100|[from] item: Leftovers\n|upkeep\n|turn|10\n|\n|t:|1642896734\n|move|p2a: Starmie|Surf|p1a: Machamp\n|-damage|p1a: Machamp|27\/100\n|move|p1a: Machamp|Hidden Power|p2a: Starmie\n|-supereffective|p2a: Starmie\n|-damage|p2a: Starmie|0 fnt\n|faint|p2a: Starmie\n|j| Blaine500\n|\n|t:|1642896740\n|switch|p2a: Gengar|Gengar, M|100\/100\n|\n|upkeep\n|turn|11\n|\n|t:|1642896748\n|move|p2a: Gengar|Ice Punch|p1a: Machamp\n|-damage|p1a: Machamp|7\/100\n|move|p1a: Machamp|Rock Slide|p2a: Gengar\n|-damage|p2a: Gengar|56\/100\n|\n|-heal|p2a: Gengar|62\/100|[from] item: Leftovers\n|upkeep\n|turn|12\n|inactive|SkipTheDripBayless has 90 seconds left.\n|c|\u2606SkipTheDripBayless|why\n|c|\u2606SkipTheDripBayless|are u ice punch\n|\n|t:|1642896762\n|move|p2a: Gengar|Ice Punch|p1a: Machamp\n|-damage|p1a: Machamp|0 fnt\n|faint|p1a: Machamp\n|c|\u2606dice|because it is standard :D\n|c|\u2606SkipTheDripBayless|!dt ice punch, gen 3\n|raw|<ul class=\"utilichart\"><li class=\"result\"><span class=\"col movenamecol\"><a href=\"https:\/\/dex.pokemonshowdown.com\/moves\/icepunch\">Ice Punch<\/a><\/span> <span class=\"col typecol\"><img src=\"\/\/play.pokemonshowdown.com\/sprites\/types\/Ice.png\" alt=\"Ice\" width=\"32\" height=\"14\"><img src=\"\/\/play.pokemonshowdown.com\/sprites\/categories\/Special.png\" alt=\"Special\" width=\"32\" height=\"14\"><\/span> <span class=\"col labelcol\"><em>Power<\/em><br>75<\/span> <span class=\"col widelabelcol\"><em>Accuracy<\/em><br>100%<\/span> <span class=\"col pplabelcol\"><em>PP<\/em><br>24<\/span> <span class=\"col movedesccol\">10% chance to freeze the target.<\/span> <\/li><li style=\"clear:both\"><\/li><\/ul>\n|raw|<font size=\"1\"><font color=\"#686868\">Priority:<\/font> 0&nbsp;|&ThickSpace;<font color=\"#686868\">Gen:<\/font> 1&nbsp;|&ThickSpace;&#10003; Secondary effect&nbsp;|&ThickSpace;&#10003; Contact&nbsp;|&ThickSpace;&#10003; Punch&nbsp;|&ThickSpace;<font color=\"#686868\">Target:<\/font> One Adjacent Pok\u00e9mon<\/font>\n\n|c| Blaine500|Oh Dice online\n|c| best to be worst|bro how are you questioning him when your about to loose....\n|\n|t:|1642896780\n|switch|p1a: Jolteon|Jolteon, M|100\/100\n|-damage|p1a: Jolteon|88\/100|[from] Spikes\n|\n|-heal|p1a: Jolteon|94\/100|[from] item: Leftovers\n|-heal|p2a: Gengar|69\/100|[from] item: Leftovers\n|upkeep\n|turn|13\n|c|\u2606SkipTheDripBayless|that was a actual question\n|c|\u2606SkipTheDripBayless|lol\n|c| best to be worst|oh\n|c| Blaine500|Big fan I must say :D\n|c|\u2606SkipTheDripBayless|are the punching\n|inactive|SkipTheDripBayless has 60 seconds left.\n|c|\u2606SkipTheDripBayless|special\n|c|\u2606SkipTheDripBayless|lol\n|c|\u2606SkipTheDripBayless|so are u tpunch\n|\n|t:|1642896817\n|switch|p2a: Golem|Golem, M|100\/100\n|move|p1a: Jolteon|Hidden Power|p2a: Golem\n|-supereffective|p2a: Golem\n|-damage|p2a: Golem|21\/100\n|\n|-heal|p1a: Jolteon|99\/100|[from] item: Leftovers\n|-heal|p2a: Golem|27\/100|[from] item: Leftovers\n|upkeep\n|turn|14\n|c| best to be worst|well each type is either physical or special\n|l| lmauiono\n|\n|t:|1642896822\n|switch|p2a: Snorlax|Snorlax, M|100\/100\n|move|p1a: Jolteon|Hidden Power|p2a: Snorlax\n|-damage|p2a: Snorlax|90\/100\n|\n|-heal|p1a: Jolteon|100\/100|[from] item: Leftovers\n|-heal|p2a: Snorlax|96\/100|[from] item: Leftovers\n|upkeep\n|turn|15\n|c| best to be worst|for example fighting is physical\n|\n|t:|1642896827\n|move|p1a: Jolteon|Baton Pass|p1a: Jolteon\n|c| best to be worst|and fire is special\n|\n|t:|1642896829\n|switch|p1a: Scizor|Scizor, M|100\/100|[from]move: Baton Pass\n|-damage|p1a: Scizor|88\/100|[from] Spikes\n|move|p2a: Snorlax|Earthquake|p1a: Scizor\n|-damage|p1a: Scizor|63\/100\n|\n|-heal|p2a: Snorlax|100\/100|[from] item: Leftovers\n|upkeep\n|turn|16\n|\n|t:|1642896834\n|switch|p2a: Gengar|Gengar, M|69\/100\n|move|p1a: Scizor|Agility|p1a: Scizor\n|-boost|p1a: Scizor|spe|2\n|\n|-heal|p2a: Gengar|75\/100|[from] item: Leftovers\n|upkeep\n|turn|17\n|inactive|SkipTheDripBayless has 90 seconds left.\n|c|\u2606SkipTheDripBayless|im guessing\n|c|\u2606SkipTheDripBayless|fire punch\n|c|\u2606SkipTheDripBayless|so special\n|\n|t:|1642896850\n|move|p1a: Scizor|Agility|p1a: Scizor\n|-boost|p1a: Scizor|spe|2\n|move|p2a: Gengar|Dynamic Punch|p1a: Scizor\n|-damage|p1a: Scizor|45\/100\n|-start|p1a: Scizor|confusion\n|-enditem|p1a: Scizor|Miracle Berry|[eat]\n|-end|p1a: Scizor|confusion\n|\n|-heal|p2a: Gengar|81\/100|[from] item: Leftovers\n|upkeep\n|turn|18\n|c|\u2606SkipTheDripBayless|nvm\n|\n|t:|1642896860\n|move|p1a: Scizor|Baton Pass|p1a: Scizor\n|\n|t:|1642896863\n|switch|p1a: Snorlax|Snorlax, M|100\/100|[from]move: Baton Pass\n|-damage|p1a: Snorlax|88\/100|[from] Spikes\n|move|p2a: Gengar|Dynamic Punch|p1a: Snorlax|[miss]\n|-miss|p2a: Gengar\n|\n|-heal|p1a: Snorlax|94\/100|[from] item: Leftovers\n|-heal|p2a: Gengar|87\/100|[from] item: Leftovers\n|upkeep\n|turn|19\n|\n|t:|1642896869\n|move|p1a: Snorlax|Earthquake|p2a: Gengar\n|-supereffective|p2a: Gengar\n|-damage|p2a: Gengar|17\/100\n|move|p2a: Gengar|Explosion|p1a: Snorlax\n|-damage|p1a: Snorlax|16\/100\n|faint|p2a: Gengar\n|\n|t:|1642896874\n|switch|p2a: Snorlax|Snorlax, M|100\/100\n|\n|-heal|p1a: Snorlax|22\/100|[from] item: Leftovers\n|upkeep\n|turn|20\n|\n|t:|1642896879\n|move|p1a: Snorlax|Protect|p1a: Snorlax\n|-singleturn|p1a: Snorlax|Protect\n|move|p2a: Snorlax|Double-Edge|p1a: Snorlax\n|-activate|p1a: Snorlax|Protect\n|\n|-heal|p1a: Snorlax|28\/100|[from] item: Leftovers\n|upkeep\n|turn|21\n|\n|t:|1642896884\n|move|p1a: Snorlax|Double-Edge|p2a: Snorlax\n|-crit|p2a: Snorlax\n|-damage|p2a: Snorlax|24\/100\n|-damage|p1a: Snorlax|9\/100|[from] Recoil|[of] p2a: Snorlax\n|move|p2a: Snorlax|Double-Edge|p1a: Snorlax\n|-damage|p1a: Snorlax|0 fnt\n|-damage|p2a: Snorlax|22\/100|[from] Recoil|[of] p1a: Snorlax\n|faint|p1a: Snorlax\n|inactive|SkipTheDripBayless has 120 seconds left.\n|\n|t:|1642896890\n|switch|p1a: Jolteon|Jolteon, M|100\/100\n|-damage|p1a: Jolteon|88\/100|[from] Spikes\n|\n|-heal|p1a: Jolteon|94\/100|[from] item: Leftovers\n|-heal|p2a: Snorlax|28\/100|[from] item: Leftovers\n|upkeep\n|turn|22\n|c| Blaine500|high speed Lax\n|c|\u2606SkipTheDripBayless|no way this kills\n|c|\u2606SkipTheDripBayless|right\n|c| Blaine500|oh the irony\n|inactive|SkipTheDripBayless has 120 seconds left.\n|\n|t:|1642896902\n|switch|p2a: Golem|Golem, M|27\/100\n|move|p1a: Jolteon|Thunder|p2a: Golem\n|-immune|p2a: Golem\n|\n|-heal|p1a: Jolteon|99\/100|[from] item: Leftovers\n|-heal|p2a: Golem|33\/100|[from] item: Leftovers\n|upkeep\n|turn|23\n|\n|t:|1642896910\n|move|p1a: Jolteon|Hidden Power|p2a: Golem\n|-supereffective|p2a: Golem\n|-damage|p2a: Golem|0 fnt\n|faint|p2a: Golem\n|\n|t:|1642896912\n|switch|p2a: Snorlax|Snorlax, M|28\/100\n|\n|-heal|p1a: Jolteon|100\/100|[from] item: Leftovers\n|-heal|p2a: Snorlax|34\/100|[from] item: Leftovers\n|upkeep\n|turn|24\n|\n|t:|1642896922\n|move|p1a: Jolteon|Thunder|p2a: Snorlax\n|-damage|p2a: Snorlax|5\/100\n|move|p2a: Snorlax|Rest|p2a: Snorlax\n|-status|p2a: Snorlax|slp|[from] move: Rest\n|-heal|p2a: Snorlax|100\/100 slp|[silent]\n|\n|upkeep\n|turn|25\n|\n|t:|1642896926\n|move|p1a: Jolteon|Baton Pass|p1a: Jolteon\n|\n|t:|1642896928\n|switch|p1a: Scizor|Scizor, M|45\/100|[from]move: Baton Pass\n|-damage|p1a: Scizor|33\/100|[from] Spikes\n|cant|p2a: Snorlax|slp\n|move|p2a: Snorlax|Sleep Talk|p2a: Snorlax\n|move|p2a: Snorlax|Rest|p2a: Snorlax|[from]Sleep Talk\n|-fail|p2a: Snorlax\n|\n|upkeep\n|turn|26\n|\n|t:|1642896937\n|switch|p2a: Zapdos|Zapdos|100\/100 slp\n|move|p1a: Scizor|Swords Dance|p1a: Scizor\n|-boost|p1a: Scizor|atk|2\n|\n|upkeep\n|turn|27\n|\n|t:|1642896951\n|switch|p1a: Jolteon|Jolteon, M|100\/100\n|-damage|p1a: Jolteon|88\/100|[from] Spikes\n|cant|p2a: Zapdos|slp\n|move|p2a: Zapdos|Sleep Talk|p2a: Zapdos\n|move|p2a: Zapdos|Hidden Power|p1a: Jolteon|[from]Sleep Talk\n|-damage|p1a: Jolteon|68\/100\n|\n|-heal|p1a: Jolteon|74\/100|[from] item: Leftovers\n|upkeep\n|turn|28\n|c|\u2606SkipTheDripBayless|so if i crit thunder\n|c|\u2606SkipTheDripBayless|i win\n|c|\u2606SkipTheDripBayless|i think\n|\n|t:|1642896965\n|switch|p2a: Snorlax|Snorlax, M|100\/100 slp\n|move|p1a: Jolteon|Thunder|p2a: Snorlax\n|-damage|p2a: Snorlax|72\/100 slp\n|\n|-heal|p1a: Jolteon|80\/100|[from] item: Leftovers\n|-heal|p2a: Snorlax|79\/100 slp|[from] item: Leftovers\n|upkeep\n|turn|29\n|j| GSCJesse\n|\n|t:|1642896972\n|move|p1a: Jolteon|Thunder|p2a: Snorlax\n|-damage|p2a: Snorlax|53\/100 slp\n|cant|p2a: Snorlax|slp\n|move|p2a: Snorlax|Sleep Talk|p2a: Snorlax\n|move|p2a: Snorlax|Earthquake|p1a: Jolteon|[from]Sleep Talk\n|-supereffective|p1a: Jolteon\n|-damage|p1a: Jolteon|3\/100\n|\n|-heal|p1a: Jolteon|9\/100|[from] item: Leftovers\n|-heal|p2a: Snorlax|59\/100 slp|[from] item: Leftovers\n|upkeep\n|turn|30\n|\n|t:|1642896979\n|move|p1a: Jolteon|Thunder|p2a: Snorlax\n|-damage|p2a: Snorlax|30\/100 slp\n|-curestatus|p2a: Snorlax|slp|[msg]\n|move|p2a: Snorlax|Earthquake|p1a: Jolteon\n|-supereffective|p1a: Jolteon\n|-damage|p1a: Jolteon|0 fnt\n|faint|p1a: Jolteon\n|c|\u2606SkipTheDripBayless|gg\n|\n|t:|1642896987\n|switch|p1a: Scizor|Scizor, M|33\/100\n|-damage|p1a: Scizor|21\/100|[from] Spikes\n|\n|-heal|p2a: Snorlax|36\/100|[from] item: Leftovers\n|upkeep\n|turn|31\n|c|\u2606dice|u needed two crits\n|c|\u2606dice|gg\n|c| best to be worst|wp to both\n|c|\u2606SkipTheDripBayless|is double edge\n|c|\u2606SkipTheDripBayless|the only normal stab\n|c|\u2606SkipTheDripBayless|lol\n|c|\u2606dice|u can use return\n|\n|t:|1642897017\n|move|p1a: Scizor|Hidden Power|p2a: Snorlax\n|-damage|p2a: Snorlax|12\/100\n|move|p2a: Snorlax|Earthquake|p1a: Scizor\n|-damage|p1a: Scizor|0 fnt\n|faint|p1a: Scizor\n|\n|win|dice\n|n|\u2606SkipTheDripBayless|skipthedripbayless\n|n|\u2606dice|dice\n|n| best to be worst|besttobeworst\n|n| Kyurem|kyurem\n|n| milotic scales|miloticscales\n|n| Blaine500|blaine500\n|n| GSCJesse|gscjesse\n|c|\u2606dice|or body slam\n|c| best to be worst|double edge usually prefered for the damage\n|c|\u2606SkipTheDripBayless|is slam\n|c|\u2606SkipTheDripBayless|usable\n|c|\u2606dice|yea\n|c|\u2606SkipTheDripBayless|but rest\n|c|\u2606SkipTheDripBayless|makes para ass\n|c|\u2606SkipTheDripBayless|right\n|c|\u2606dice|i men\n|c|\u2606dice|it just depends\n|c|\u2606dice|para is still annoying\n|c|\u2606SkipTheDripBayless|ye\n|c|\u2606dice|into stuff like cloyster skarm etc\n|c|\u2606SkipTheDripBayless|it's old para\n|c|\u2606SkipTheDripBayless|so not fun\n|l|\u2606dice\n|c| best to be worst|sometimes you get full paraed when you rest\n|l|\u2606SkipTheDripBayless\n|c| best to be worst|and that fucks there tempo\n|l| best to be worst\n|c| Blaine500|there's also recoil to consider\n|c| Blaine500|when it comes to Double-Edge\n|c| Blaine500|since this does effect your defensive integrity\n|l| milotic scales\n","uploadtime":1642898575,"views":58,"p1id":"skipthedripbayless","p2id":"dice","formatid":"gen2ou","rating":0,"private":0,"password":null}