{"id":"gen5randombattle-1687011152","p1":"pdt","p2":"Ispamditto","format":"gen5randombattle","log":"|j|\u2606pdt\n|j|\u2606Ispamditto\n|inactive|Battle timer is ON: inactive players will automatically lose when time's up.\n|t:|1665914962\n|gametype|singles\n|player|p1|pdt|#scl1islanders|\n|player|p2|Ispamditto|dawn|\n|teamsize|p1|6\n|teamsize|p2|6\n|gen|5\n|tier|[Gen 5] Random Battle\n|rated|Tournament battle\n|rule|Sleep Clause Mod: Limit one foe put to sleep\n|rule|HP Percentage Mod: HP is shown in percentages\n|\n|t:|1665914962\n|start\n|switch|p1a: Donphan|Donphan, L82, F|282\/282\n|switch|p2a: Huntail|Huntail, L88, M|240\/240\n|turn|1\n|inactive|Ispamditto also wants the timer to be on.\n|j| Tanuj Jena\n|j| Crustles!!\n|j|@King Neodude\n|c|\u2606pdt|hf\n|j| eeveelover08\n|c|\u2606Ispamditto|HIII\n|j| Inpiedie\n|j|*Officer Jenny\n|inactive|Officer Jenny also wants the timer to be on.\n|c| Tanuj Jena|gl\n|j| Smoggers\n|j| Aldente Fettucino\n|j| Warios Left Foot\n|c| Crustles!!|GLHF to both players.\n|c|\u2606Ispamditto|YEA U TOO\n|c| Smoggers|glhf\n|c|\u2606Ispamditto|OH WAIT U DONT PLAY\n|c| Tanuj Jena|great start for ispamditto hmm\n|j| Marley Shini\n|inactive|Ispamditto has 120 seconds left.\n|l| Marley Shini\n|c|\u2606Ispamditto|no not really\n|c|\u2606Ispamditto|im not that good\n|j| Deathnotess99\n|c|\u2606Ispamditto|pdt has a special avatar\n|c| Crustles!!|shell smash is scary\n|c|\u2606Ispamditto|so hes obviously good\n|c| Tanuj Jena|yeah\n|j| avelxennit\n|inactive|Ispamditto has 90 seconds left.\n|c| Warios Left Foot|Dumbo vs eel snek\n|c| Inpiedie|King Neodude\n|c| Inpiedie|hi fartbot\n|c|*Officer Jenny|Hi, Inpiedie!\n|\n|t:|1665915046\n|switch|p2a: Quagsire|Quagsire, L84, F|297\/297\n|move|p1a: Donphan|Seed Bomb|p2a: Quagsire\n|-supereffective|p2a: Quagsire\n|-damage|p2a: Quagsire|0 fnt\n|faint|p2a: Quagsire\n|\n|upkeep\n|c|\u2606Ispamditto|welp\n|c| Tanuj Jena|ohhh\n|c|\u2606Ispamditto|that was a bad start\n|inactive|Ispamditto has 120 seconds left.\n|\n|t:|1665915063\n|switch|p2a: Regice|Regice, L86|278\/278\n|turn|2\n|\n|t:|1665915067\n|switch|p1a: Wormadam|Wormadam-Trash, L90, F|254\/254\n|move|p2a: Regice|Ice Beam|p1a: Wormadam\n|-resisted|p1a: Wormadam\n|-damage|p1a: Wormadam|206\/254\n|\n|-heal|p1a: Wormadam|221\/254|[from] item: Leftovers\n|upkeep\n|turn|3\n|c| Tanuj Jena|.randbats regice\n|j| aruxx537\n|\n|t:|1665915077\n|switch|p2a: Houndoom|Houndoom, L82, M|257\/257\n|move|p1a: Wormadam|Stealth Rock|p2a: Houndoom\n|-sidestart|p2: Ispamditto|move: Stealth Rock\n|\n|-heal|p1a: Wormadam|236\/254|[from] item: Leftovers\n|upkeep\n|turn|4\n|c| Tanuj Jena|o\/randbats regice\n|c| Tanuj Jena|omg bruh\n|c|@King Neodude|how did you\n|c| Crustles!!|Tanuj Jena \/randbats regice\n|c|@King Neodude|mess it up\n|c|@King Neodude|twice\n|\n|t:|1665915092\n|switch|p1a: Entei|Entei, L84|330\/330\n|-ability|p1a: Entei|Pressure\n|move|p2a: Houndoom|Fire Blast|p1a: Entei\n|-resisted|p1a: Entei\n|-damage|p1a: Entei|229\/330\n|-damage|p2a: Houndoom|232\/257|[from] item: Life Orb\n|\n|upkeep\n|turn|5\n|c|\u2606Ispamditto|OMG KING NEODUDE\n|c| Tanuj Jena|yeah\n|c| Inpiedie|lol\n|c|\u2606Ispamditto|SHOTOUT TO HIM YALL\n|c|@King Neodude|what\n|c|@King Neodude|whyu\n|c|\u2606Ispamditto|WITHOUT HIM I WOUDNT BE WHERE I AM TODAY\n|c|@King Neodude|wdym\n|c|\u2606pdt|my opponent is loud\n|\n|t:|1665915110\n|switch|p2a: Darmanitan|Darmanitan, L82, M|306\/306\n|-damage|p2a: Darmanitan|230\/306|[from] Stealth Rock\n|move|p1a: Entei|Bulldoze|p2a: Darmanitan\n|-supereffective|p2a: Darmanitan\n|-damage|p2a: Darmanitan|53\/306\n|-unboost|p2a: Darmanitan|spe|1\n|-damage|p1a: Entei|196\/330|[from] item: Life Orb\n|\n|upkeep\n|turn|6\n|c| Deathnotess99|A SPECIAL SPRITE?!\n|c|@King Neodude|honestly like\n|c| Smoggers|lmfao\n|raw|<div class=\"broadcast-red\"><strong>Moderated chat was set to @!<\/strong><br \/>Only users of rank @ and higher can talk.<\/div>\n|c|@King Neodude|so much better jesus christ\n|\n|t:|1665915124\n|move|p1a: Entei|Bulldoze|p2a: Darmanitan\n|-supereffective|p2a: Darmanitan\n|-damage|p2a: Darmanitan|0 fnt\n|faint|p2a: Darmanitan\n|-damage|p1a: Entei|163\/330|[from] item: Life Orb\n|\n|upkeep\n|raw|<div class=\"broadcast-red\"><strong>Moderated chat was set to autoconfirmed!<\/strong><br \/>Only users of rank autoconfirmed and higher can talk.<\/div>\n|j| pyorlex\n|c| Smoggers|lol\n|\n|t:|1665915134\n|switch|p2a: Zekrom|Zekrom, L76|277\/277\n|-damage|p2a: Zekrom|243\/277|[from] Stealth Rock\n|-ability|p2a: Zekrom|Teravolt\n|turn|7\n|\n|t:|1665915141\n|switch|p1a: Donphan|Donphan, L82, F|282\/282\n|move|p2a: Zekrom|Volt Switch|p1a: Donphan\n|-immune|p1a: Donphan\n|\n|-heal|p2a: Zekrom|260\/277|[from] item: Leftovers\n|upkeep\n|turn|8\n|\n|t:|1665915146\n|switch|p2a: Regice|Regice, L86|278\/278\n|-damage|p2a: Regice|209\/278|[from] Stealth Rock\n|move|p1a: Donphan|Earthquake|p2a: Regice\n|-crit|p2a: Regice\n|-damage|p2a: Regice|0 fnt\n|faint|p2a: Regice\n|\n|upkeep\n|c|\u2606Ispamditto|rip\n|c|\u2606Ispamditto|gg\n|\n|t:|1665915152\n|switch|p2a: Houndoom|Houndoom, L82, M|232\/257\n|-damage|p2a: Houndoom|168\/257|[from] Stealth Rock\n|turn|9\n|\n|t:|1665915157\n|switch|p1a: Entei|Entei, L84|163\/330\n|-ability|p1a: Entei|Pressure\n|move|p2a: Houndoom|Dark Pulse|p1a: Entei\n|-damage|p1a: Entei|29\/330\n|-damage|p2a: Houndoom|143\/257|[from] item: Life Orb\n|\n|upkeep\n|turn|10\n|c| Tanuj Jena|gg\n|c| Crustles!!|critical hit mattered.\n|\n|t:|1665915161\n|move|p1a: Entei|Bulldoze|p2a: Houndoom\n|-supereffective|p2a: Houndoom\n|-damage|p2a: Houndoom|0 fnt\n|faint|p2a: Houndoom\n|-damage|p1a: Entei|0 fnt|[from] item: Life Orb\n|faint|p1a: Entei\n|\n|upkeep\n|\n|t:|1665915170\n|switch|p1a: Dusclops|Dusclops, L82, F|200\/200\n|switch|p2a: Huntail|Huntail, L88, M|240\/240\n|-damage|p2a: Huntail|210\/240|[from] Stealth Rock\n|-ability|p1a: Dusclops|Pressure\n|turn|11\n|c| Tanuj Jena|2 v 5\n|\n|t:|1665915177\n|move|p2a: Huntail|Shell Smash|p2a: Huntail\n|-unboost|p2a: Huntail|def|1\n|-unboost|p2a: Huntail|spd|1\n|-boost|p2a: Huntail|atk|2\n|-boost|p2a: Huntail|spa|2\n|-boost|p2a: Huntail|spe|2\n|-enditem|p2a: Huntail|White Herb\n|-clearnegativeboost|p2a: Huntail|[silent]\n|move|p1a: Dusclops|Night Shade|p2a: Huntail\n|-damage|p2a: Huntail|128\/240\n|\n|upkeep\n|turn|12\n|\n|t:|1665915181\n|move|p2a: Huntail|Waterfall|p1a: Dusclops\n|-damage|p1a: Dusclops|109\/200\n|move|p1a: Dusclops|Night Shade|p2a: Huntail\n|-damage|p2a: Huntail|46\/240\n|\n|upkeep\n|turn|13\n|\n|t:|1665915184\n|move|p2a: Huntail|Waterfall|p1a: Dusclops\n|-damage|p1a: Dusclops|15\/200\n|move|p1a: Dusclops|Night Shade|p2a: Huntail\n|-damage|p2a: Huntail|0 fnt\n|faint|p2a: Huntail\n|\n|upkeep\n|\n|t:|1665915188\n|switch|p2a: Zekrom|Zekrom, L76|260\/277\n|-damage|p2a: Zekrom|226\/277|[from] Stealth Rock\n|-ability|p2a: Zekrom|Teravolt\n|turn|14\n|c| Tanuj Jena|rip\n|c|\u2606Ispamditto|i got clapped\n|c|\u2606Ispamditto|lololo;\n|c| Crustles!!|tbh they could've shell smashed twice\n|c|@King Neodude|it's winnable\n|\n|t:|1665915201\n|move|p2a: Zekrom|Outrage|p1a: Dusclops\n|-damage|p1a: Dusclops|0 fnt\n|faint|p1a: Dusclops\n|\n|-heal|p2a: Zekrom|243\/277|[from] item: Leftovers\n|upkeep\n|c| Tanuj Jena|1 v 5?\n|c| Crustles!!|night shade is set damage\n|c|\u2606pdt|Crustles i have sturdy\n|c|\u2606pdt|so its gg\n|\n|t:|1665915211\n|switch|p1a: Donphan|Donphan, L82, F|282\/282\n|turn|15\n|c| Smoggers|shouldve smashed twice\n|c| Tanuj Jena|1 v 4\n|\n|t:|1665915214\n|move|p2a: Zekrom|Outrage|p1a: Donphan|[from]lockedmove\n|-damage|p1a: Donphan|165\/282\n|-start|p2a: Zekrom|confusion|[fatigue]\n|move|p1a: Donphan|Earthquake|p2a: Zekrom\n|-supereffective|p2a: Zekrom\n|-damage|p2a: Zekrom|0 fnt\n|faint|p2a: Zekrom\n|\n|win|pdt\n|n|\u2606pdt|pdt\n|n|\u2606Ispamditto|ispamditto\n|n| Tanuj Jena|tanujjena\n|n| Crustles!!|crustles\n|n| King Neodude|kingneodude\n|n| Inpiedie|inpiedie\n|n|*Officer Jenny|officerjenny\n|n| Smoggers|smoggers\n|n| Aldente Fettucino|aldentefettucino\n|n| Warios Left Foot|wariosleftfoot\n|n| Deathnotess99|deathnotess99\n|n| avelxennit|avelxennit\n|n| aruxx537|aruxx537\n|n| pyorlex|pyorlex\n|c| Smoggers|oh nvm\n|c| Crustles!!|oh true\n|c|\u2606pdt|gg\n|l| King Neodude\n|c| Tanuj Jena|gg\n|c| Smoggers|gg\n|l| avelxennit\n|l| Inpiedie\n|c| Smoggers|wp\n|l| Crustles!!\n|l| Deathnotess99\n|c| Tanuj Jena|gg cong\n|l| Warios Left Foot\n","inputlog":">version ef613a9475d6dbd637653866edadf31f5286d49e\n>start {\"formatid\":\"gen5randombattle\",\"seed\":[25434,30893,50263,13470],\"rated\":\"Tournament battle\"}\n>player p1 {\"name\":\"pdt\",\"avatar\":\"#scl1islanders\",\"rating\":0,\"seed\":[18306,59489,48200,5102]}\n>player p2 {\"name\":\"Ispamditto\",\"avatar\":\"dawn\",\"rating\":0,\"seed\":[31735,30790,4351,35377]}\n>chat \u2606pdt|hf\n>chat \u2606Ispamditto|HIII\n>chat  Tanuj Jena|gl\n>chat  Crustles!!|GLHF to both players.\n>chat \u2606Ispamditto|YEA U TOO\n>chat  Smoggers|glhf\n>chat \u2606Ispamditto|OH WAIT U DONT PLAY\n>chat  Tanuj Jena|great start for ispamditto hmm\n>chat \u2606Ispamditto|no not really\n>chat \u2606Ispamditto|im not that good\n>chat \u2606Ispamditto|pdt has a special avatar\n>chat  Crustles!!|shell smash is scary\n>chat \u2606Ispamditto|so hes obviously good\n>chat  Tanuj Jena|yeah\n>chat  Warios Left Foot|Dumbo vs eel snek\n>chat  Inpiedie|King Neodude\n>chat  Inpiedie|hi fartbot\n>chat *Officer Jenny|Hi, Inpiedie!\n>p1 move seedbomb\n>p2 switch 3\n>chat \u2606Ispamditto|welp\n>chat  Tanuj Jena|ohhh\n>chat \u2606Ispamditto|that was a bad start\n>p2 switch 2\n>p1 switch 4\n>p2 move icebeam\n>chat  Tanuj Jena|.randbats regice\n>p1 move stealthrock\n>p2 switch 4\n>chat  Tanuj Jena|o\/randbats regice\n>chat  Tanuj Jena|omg bruh\n>chat @King Neodude|how did you\n>chat  Crustles!!|Tanuj Jena \/randbats regice\n>chat @King Neodude|mess it up\n>chat @King Neodude|twice\n>p1 switch 6\n>p2 move fireblast\n>chat \u2606Ispamditto|OMG KING NEODUDE\n>chat  Tanuj Jena|yeah\n>chat  Inpiedie|lol\n>chat \u2606Ispamditto|SHOTOUT TO HIM YALL\n>chat @King Neodude|what\n>chat @King Neodude|whyu\n>chat \u2606Ispamditto|WITHOUT HIM I WOUDNT BE WHERE I AM TODAY\n>chat @King Neodude|wdym\n>chat \u2606pdt|my opponent is loud\n>p1 move bulldoze\n>p2 switch 6\n>chat  Deathnotess99|A SPECIAL SPRITE?!\n>chat @King Neodude|honestly like\n>chat  Smoggers|lmfao\n>chat @King Neodude|so much better jesus christ\n>p1 move bulldoze\n>p2 move rockslide\n>chat  Smoggers|lol\n>p2 switch 5\n>p1 switch 4\n>p2 move voltswitch\n>p1 move earthquake\n>p2 switch 4\n>chat \u2606Ispamditto|rip\n>chat \u2606Ispamditto|gg\n>p2 switch 6\n>p1 switch 4\n>p2 move darkpulse\n>chat  Tanuj Jena|gg\n>chat  Crustles!!|critical hit mattered.\n>p1 move bulldoze\n>p2 move darkpulse\n>p1 switch 2\n>p2 switch 3\n>chat  Tanuj Jena|2 v 5 \n>p1 move nightshade\n>p2 move shellsmash\n>p1 move nightshade\n>p2 move waterfall\n>p1 move nightshade\n>p2 move waterfall\n>p2 switch 4\n>chat  Tanuj Jena|rip\n>chat \u2606Ispamditto|i got clapped\n>chat \u2606Ispamditto|lololo;\n>chat  Crustles!!|tbh they could've shell smashed twice\n>chat @King Neodude|it's winnable\n>p1 move nightshade\n>p2 move outrage\n>chat  Tanuj Jena|1 v 5?\n>chat  Crustles!!|night shade is set damage\n>chat \u2606pdt|Crustles i have sturdy\n>chat \u2606pdt|so its gg\n>p1 switch 4\n>chat  Smoggers|shouldve smashed twice\n>chat  Tanuj Jena|1 v 4\n>p1 move earthquake\n>p2 move outrage","uploadtime":1665915223,"views":14,"p1id":"pdt","p2id":"ispamditto","formatid":"gen5randombattle","rating":0,"private":0,"password":null}