{"id":"gen7metronomebattle-991835299","p1":"lighthouse64","p2":"Hajmola","format":"gen7metronomebattle","log":"|j|\u2606lighthouse64\n|j|\u2606Hajmola\n|player|p1|lighthouse64|130|\n|player|p2|Hajmola|10|\n|teamsize|p1|2\n|teamsize|p2|2\n|gametype|doubles\n|gen|7\n|tier|[Gen 7] Metronome Battle\n|rule|HP Percentage Mod: HP is shown in percentages\n|\n|start\n|switch|p1a: big brain anchor|Dhelmise|100\/100\n|switch|p1b: flower dino|Venusaur-Mega, F, shiny|100\/100\n|switch|p2a: Ugly AF Ghost|Gengar-Mega, F|100\/100\n|switch|p2b: 69 Y\/O monk|Alakazam-Mega, F|100\/100\n|turn|1\n|\n|move|p2b: 69 Y\/O monk|Metronome|p2b: 69 Y\/O monk\n|move|p2b: 69 Y\/O monk|Luster Purge|p1a: big brain anchor|[from]Metronome\n|-damage|p1a: big brain anchor|63\/100\n|move|p2a: Ugly AF Ghost|Metronome|p2a: Ugly AF Ghost\n|move|p2a: Ugly AF Ghost|Lucky Chant|p2a: Ugly AF Ghost|[from]Metronome\n|-sidestart|p2: Hajmola|move: Lucky Chant\n|move|p1b: flower dino|Metronome|p1b: flower dino\n|move|p1b: flower dino|Sandstorm|p1b: flower dino|[from]Metronome\n|-weather|Sandstorm\n|move|p1a: big brain anchor|Metronome|p1a: big brain anchor\n|move|p1a: big brain anchor|Air Slash|p2b: 69 Y\/O monk|[from]Metronome|[miss]\n|-miss|p1a: big brain anchor|p2b: 69 Y\/O monk\n|\n|-weather|Sandstorm|[upkeep]\n|-damage|p2b: 69 Y\/O monk|94\/100|[from] Sandstorm\n|-damage|p2a: Ugly AF Ghost|94\/100|[from] Sandstorm\n|-damage|p1b: flower dino|94\/100|[from] Sandstorm\n|-damage|p1a: big brain anchor|57\/100|[from] Sandstorm\n|upkeep\n|turn|2\n|\n|move|p2b: 69 Y\/O monk|Metronome|p2b: 69 Y\/O monk\n|move|p2b: 69 Y\/O monk|Rapid Spin|p1a: big brain anchor|[from]Metronome\n|-immune|p1a: big brain anchor\n|move|p2a: Ugly AF Ghost|Metronome|p2a: Ugly AF Ghost\n|move|p2a: Ugly AF Ghost|Rock Throw|p1a: big brain anchor|[from]Metronome\n|-damage|p1a: big brain anchor|48\/100\n|move|p1b: flower dino|Metronome|p1b: flower dino\n|move|p1b: flower dino|Gravity|p1b: flower dino|[from]Metronome\n|-fieldstart|move: Gravity\n|move|p1a: big brain anchor|Metronome|p1a: big brain anchor\n|move|p1a: big brain anchor|Drill Run|p2a: Ugly AF Ghost|[from]Metronome\n|-supereffective|p2a: Ugly AF Ghost\n|-damage|p2a: Ugly AF Ghost|15\/100\n|-enditem|p2a: Ugly AF Ghost|Weakness Policy\n|-boost|p2a: Ugly AF Ghost|atk|2\n|-boost|p2a: Ugly AF Ghost|spa|2\n|\n|-weather|Sandstorm|[upkeep]\n|-damage|p2b: 69 Y\/O monk|88\/100|[from] Sandstorm\n|-damage|p2a: Ugly AF Ghost|9\/100|[from] Sandstorm\n|-damage|p1b: flower dino|88\/100|[from] Sandstorm\n|-damage|p1a: big brain anchor|42\/100|[from] Sandstorm\n|upkeep\n|turn|3\n|\n|move|p2b: 69 Y\/O monk|Metronome|p2b: 69 Y\/O monk\n|move|p2b: 69 Y\/O monk|Head Smash|p1a: big brain anchor|[from]Metronome\n|-damage|p1a: big brain anchor|19\/100\n|-damage|p2b: 69 Y\/O monk|76\/100|[from] Recoil\n|move|p2a: Ugly AF Ghost|Metronome|p2a: Ugly AF Ghost\n|move|p2a: Ugly AF Ghost|Night Daze|p1a: big brain anchor|[from]Metronome\n|-supereffective|p1a: big brain anchor\n|-damage|p1a: big brain anchor|0 fnt\n|faint|p1a: big brain anchor\n|move|p1b: flower dino|Metronome|p1b: flower dino\n|move|p1b: flower dino|Pin Missile|p2b: 69 Y\/O monk|[from]Metronome\n|-supereffective|p2b: 69 Y\/O monk\n|-damage|p2b: 69 Y\/O monk|59\/100\n|-enditem|p2b: 69 Y\/O monk|Weakness Policy\n|-boost|p2b: 69 Y\/O monk|atk|2\n|-boost|p2b: 69 Y\/O monk|spa|2\n|-supereffective|p2b: 69 Y\/O monk\n|-damage|p2b: 69 Y\/O monk|43\/100\n|-hitcount|p2b: 69 Y\/O monk|2\n|\n|-weather|Sandstorm|[upkeep]\n|-damage|p2b: 69 Y\/O monk|37\/100|[from] Sandstorm\n|-damage|p2a: Ugly AF Ghost|2\/100|[from] Sandstorm\n|-damage|p1b: flower dino|82\/100|[from] Sandstorm\n|upkeep\n|turn|4\n|\n|move|p2b: 69 Y\/O monk|Metronome|p2b: 69 Y\/O monk\n|move|p2b: 69 Y\/O monk|Tail Slap|p1b: flower dino|[from]Metronome\n|-damage|p1b: flower dino|76\/100\n|-damage|p1b: flower dino|69\/100\n|-damage|p1b: flower dino|63\/100\n|-damage|p1b: flower dino|56\/100\n|-damage|p1b: flower dino|50\/100\n|-hitcount|p1b: flower dino|5\n|move|p2a: Ugly AF Ghost|Metronome|p2a: Ugly AF Ghost\n|move|p2a: Ugly AF Ghost|Leech Seed|p1b: flower dino|[from]Metronome\n|-immune|p1b: flower dino\n|move|p1b: flower dino|Metronome|p1b: flower dino\n|move|p1b: flower dino|Gear Grind|p2b: 69 Y\/O monk|[from]Metronome\n|-damage|p2b: 69 Y\/O monk|20\/100\n|-damage|p2b: 69 Y\/O monk|4\/100\n|-hitcount|p2b: 69 Y\/O monk|2\n|\n|-weather|Sandstorm|[upkeep]\n|-damage|p2b: 69 Y\/O monk|0 fnt|[from] Sandstorm\n|-damage|p2a: Ugly AF Ghost|0 fnt|[from] Sandstorm\n|-damage|p1b: flower dino|44\/100|[from] Sandstorm\n|faint|p2b: 69 Y\/O monk\n|faint|p2a: Ugly AF Ghost\n|\n|win|lighthouse64\n|upkeep\n","uploadtime":1570982163,"views":4,"p1id":"lighthouse64","p2id":"hajmola","formatid":"gen7metronomebattle","rating":0,"private":0,"password":null}