{"id":"gen7ou-689738310","p1":"I'm back from mars","p2":"PLT1 Joya","format":"gen7ou","log":"|j|\u2606I'm back from mars\n|j|\u2606PLT1 Joya\n|player|p1|I'm back from mars|128\n|teamsize|p1|6\n|player|p2|PLT1 Joya|287\n|teamsize|p2|6\n|gametype|singles\n|gen|7\n|tier|[Gen 7] OU\n|rated||rule|Sleep Clause Mod: Limit one foe put to sleep\n|rule|Species Clause: Limit one of each Pok\u00e9mon\n|rule|OHKO Clause: OHKO moves are banned\n|rule|Moody Clause: Moody is banned\n|rule|Evasion Moves Clause: Evasion moves are banned\n|rule|Endless Battle Clause: Forcing endless battles is banned\n|rule|HP Percentage Mod: HP is shown in percentages\n|clearpoke\n|poke|p1|Landorus-Therian, M|item\n|poke|p1|Chansey, F|item\n|poke|p1|Heatran, M|item\n|poke|p1|Latias, F|item\n|poke|p1|Ferrothorn, F|item\n|poke|p1|Mew|item\n|poke|p2|Excadrill, M|item\n|poke|p2|Greninja, M|item\n|poke|p2|Mimikyu, M|item\n|poke|p2|Kartana|item\n|poke|p2|Magnezone|item\n|poke|p2|Pinsir, M|item\n|teampreview\n|inactive|Battle timer is ON: inactive players will automatically lose when time's up. (requested by PLT1 Joya)|\n|start\n|switch|p1a: Landorus|Landorus-Therian, M|100\/100\n|switch|p2a: Excadrill|Excadrill, M|100\/100\n|-ability|p2a: Excadrill|Mold Breaker\n|-ability|p1a: Landorus|Intimidate|boost\n|-unboost|p2a: Excadrill|atk|1\n|turn|1|\n|move|p2a: Excadrill|Stealth Rock|p1a: Landorus\n|-sidestart|p1: I'm back from mars|move: Stealth Rock\n|move|p1a: Landorus|Earthquake|p2a: Excadrill\n|-supereffective|p2a: Excadrill\n|-enditem|p2a: Excadrill|Focus Sash\n|-damage|p2a: Excadrill|1\/100\n|\n|upkeep\n|turn|2|\n|move|p2a: Excadrill|Toxic|p1a: Landorus|[miss]\n|-miss|p2a: Excadrill|p1a: Landorus\n|move|p1a: Landorus|Stealth Rock|p2a: Excadrill\n|-sidestart|p2: PLT1 Joya|move: Stealth Rock\n|\n|upkeep\n|turn|3|\n|switch|p1a: Ferrothorn|Ferrothorn, F, shiny|100\/100\n|-damage|p1a: Ferrothorn|94\/100|[from] Stealth Rock\n|move|p2a: Excadrill|Rapid Spin|p1a: Ferrothorn\n|-resisted|p1a: Ferrothorn\n|-damage|p1a: Ferrothorn|93\/100\n|-damage|p2a: Excadrill|0 fnt|[from] ability: Iron Barbs|[of] p1a: Ferrothorn\n|faint|p2a: Excadrill\n|\n|-heal|p1a: Ferrothorn|99\/100|[from] item: Leftovers\n|upkeep|\n|switch|p2a: Magnezone|Magnezone|100\/100\n|-damage|p2a: Magnezone|94\/100|[from] Stealth Rock\n|turn|4|\n|move|p2a: Magnezone|Hidden Power|p1a: Ferrothorn\n|-supereffective|p1a: Ferrothorn\n|-damage|p1a: Ferrothorn|41\/100\n|move|p1a: Ferrothorn|Spikes|p2a: Magnezone\n|-sidestart|p2: PLT1 Joya|Spikes\n|\n|-heal|p1a: Ferrothorn|47\/100|[from] item: Leftovers\n|upkeep\n|turn|5|\n|move|p2a: Magnezone|Hidden Power|p1a: Ferrothorn\n|-supereffective|p1a: Ferrothorn\n|-damage|p1a: Ferrothorn|0 fnt\n|faint|p1a: Ferrothorn\n|\n|upkeep\n|inactive|I'm back from mars has 135 seconds left.|\n|switch|p1a: Heatran|Heatran, M, shiny|100\/100\n|-damage|p1a: Heatran|88\/100|[from] Stealth Rock\n|turn|6|\n|switch|p2a: Greninja|Greninja, M|100\/100\n|-damage|p2a: Greninja|88\/100|[from] Spikes\n|-damage|p2a: Greninja|76\/100|[from] Stealth Rock\n|move|p1a: Heatran|Magma Storm|p2a: Greninja\n|-resisted|p2a: Greninja\n|-damage|p2a: Greninja|38\/100\n|-activate|p2a: Greninja|move: Magma Storm|[of] p1a: Heatran\n|\n|-heal|p1a: Heatran|94\/100|[from] item: Leftovers\n|-damage|p2a: Greninja|26\/100|[from] move: Magma Storm|[partiallytrapped]\n|upkeep\n|turn|7|\n|switch|p1a: Chansey|Chansey, F|100\/100\n|-damage|p1a: Chansey|88\/100|[from] Stealth Rock\n|move|p2a: Greninja|Taunt|p1a: Chansey\n|-start|p1a: Chansey|move: Taunt\n|\n|upkeep\n|turn|8|\n|switch|p2a: Mimikyu|Mimikyu, M|100\/100\n|-damage|p2a: Mimikyu|88\/100|[from] Spikes\n|-damage|p2a: Mimikyu|76\/100|[from] Stealth Rock\n|move|p1a: Chansey|Seismic Toss|p2a: Mimikyu\n|-immune|p2a: Mimikyu|[msg]\n|\n|upkeep\n|turn|9|\n|switch|p1a: Heatran|Heatran, M, shiny|94\/100\n|-damage|p1a: Heatran|82\/100|[from] Stealth Rock\n|move|p2a: Mimikyu|Swords Dance|p2a: Mimikyu\n|-boost|p2a: Mimikyu|atk|2\n|\n|-heal|p1a: Heatran|88\/100|[from] item: Leftovers\n|upkeep\n|turn|10|\n|move|p2a: Mimikyu|Shadow Claw|p1a: Heatran\n|-crit|p1a: Heatran\n|-damage|p1a: Heatran|0 fnt\n|-damage|p2a: Mimikyu|66\/100|[from] item: Life Orb\n|faint|p1a: Heatran\n|\n|upkeep|\n|switch|p1a: Landorus|Landorus-Therian, M|100\/100\n|-damage|p1a: Landorus|88\/100|[from] Stealth Rock\n|-ability|p1a: Landorus|Intimidate|boost\n|-unboost|p2a: Mimikyu|atk|1\n|turn|11|\n|move|p2a: Mimikyu|Play Rough|p1a: Landorus\n|-damage|p1a: Landorus|34\/100\n|-damage|p2a: Mimikyu|56\/100|[from] item: Life Orb\n|move|p1a: Landorus|Earthquake|p2a: Mimikyu\n|-activate|p2a: Mimikyu|ability: Disguise\n|-damage|p2a: Mimikyu|56\/100\n|detailschange|p2a: Mimikyu|Mimikyu-Busted, M\n|\n|-heal|p1a: Landorus|40\/100|[from] item: Leftovers\n|upkeep\n|turn|12\n|inactive|I'm back from mars has 135 seconds left.|\n|move|p2a: Mimikyu|Play Rough|p1a: Landorus\n|-damage|p1a: Landorus|0 fnt\n|-damage|p2a: Mimikyu|46\/100|[from] item: Life Orb\n|faint|p1a: Landorus\n|\n|upkeep\n|inactive|I'm back from mars has 135 seconds left.|\n|switch|p1a: Chansey|Chansey, F|88\/100\n|-damage|p1a: Chansey|75\/100|[from] Stealth Rock\n|turn|13|\n|move|p2a: Mimikyu|Play Rough|p1a: Chansey\n|-damage|p1a: Chansey|22\/100\n|-damage|p2a: Mimikyu|36\/100|[from] item: Life Orb\n|move|p1a: Chansey|Soft-Boiled|p1a: Chansey\n|-heal|p1a: Chansey|72\/100\n|\n|upkeep\n|turn|14|\n|move|p2a: Mimikyu|Swords Dance|p2a: Mimikyu\n|-boost|p2a: Mimikyu|atk|2\n|move|p1a: Chansey|Soft-Boiled|p1a: Chansey\n|-heal|p1a: Chansey|100\/100\n|\n|upkeep\n|turn|15|\n|move|p2a: Mimikyu|Play Rough|p1a: Chansey\n|-crit|p1a: Chansey\n|-damage|p1a: Chansey|0 fnt\n|-damage|p2a: Mimikyu|26\/100|[from] item: Life Orb\n|faint|p1a: Chansey\n|\n|upkeep\n|c|\u2606I'm back from mars|ok ok\n|c|\u2606PLT1 Joya|??\n|inactive|I'm back from mars has 135 seconds left.\n|c|\u2606I'm back from mars|well\n|inactive|I'm back from mars has 120 seconds left.\n|c|\u2606I'm back from mars|i needed to wisp it with tran\n|inactive|I'm back from mars has 105 seconds left.\n|c|\u2606I'm back from mars|you crit'd\n|c|\u2606I'm back from mars|then i needed to twave it with chansey\n|inactive|I'm back from mars has 90 seconds left.\n|c|\u2606I'm back from mars|you crited again|\n|switch|p1a: Latias|Latias, F|100\/100\n|-damage|p1a: Latias|88\/100|[from] Stealth Rock\n|turn|16\n|c|\u2606PLT1 Joya|Pinsir wons\n|c|\u2606PLT1 Joya|Anyway\n|c|\u2606I'm back from mars|no\n|c|\u2606PLT1 Joya|So like\n|c|\u2606PLT1 Joya|Yes\n|c|\u2606I'm back from mars|no\n|inactive|PLT1 Joya has 135 seconds left.\n|c|\u2606PLT1 Joya|Pinsir + kartana\n|c|\u2606I'm back from mars|no\n|c|\u2606PLT1 Joya|Stupid\n|c|\u2606I'm back from mars|my latias|\n|-mega|p1a: Latias|Latias|Latiasite\n|detailschange|p1a: Latias|Latias-Mega, F\n|move|p2a: Mimikyu|Shadow Sneak|p1a: Latias\n|-supereffective|p1a: Latias\n|-damage|p1a: Latias|0 fnt\n|-damage|p2a: Mimikyu|16\/100|[from] item: Life Orb\n|faint|p1a: Latias\n|\n|upkeep\n|c|\u2606I'm back from mars|is hp fire tbolt\n|c|\u2606PLT1 Joya|Yeah\n|inactive|I'm back from mars has 135 seconds left.\n|c|\u2606I'm back from mars|and i would still have lando t to pivot|\n|switch|p1a: Mew|Mew|100\/100\n|-damage|p1a: Mew|88\/100|[from] Stealth Rock\n|turn|17\n|c|\u2606PLT1 Joya|Ok ok|\n|move|p2a: Mimikyu|Shadow Sneak|p1a: Mew\n|-supereffective|p1a: Mew\n|-damage|p1a: Mew|0 fnt\n|-damage|p2a: Mimikyu|6\/100|[from] item: Life Orb\n|faint|p1a: Mew\n|\n|win|PLT1 Joya\n|c|\u2606PLT1 Joya|GG\n|raw|I&apos;m back from mars's rating: 1495 &rarr; <strong>1478<\/strong><br \/>(-17 for losing)\n|raw|PLT1 Joya's rating: 1549 &rarr; <strong>1566<\/strong><br \/>(+17 for winning)\n","inputlog":null,"uploadtime":1516122955,"views":19,"p1id":"imbackfrommars","p2id":"plt1joya","formatid":"gen7ou","rating":1478,"private":0,"password":null}