{"id":"gen7randombattle-564800306","p1":"Hhhgggy","p2":"x wing fighter","format":"gen7randombattle","log":"|j|Hhhgggy\n|j|x wing fighter\n|player|p1|Hhhgggy|265\n|player|p2|x wing fighter|169\n|gametype|singles\n|gen|7\n|tier|[Gen 7] Random Battle\n|rated\n|seed|38581,6432,59064,39513,60486,29750,30067,9171,1616,12018,36242,10499\n|rule|Sleep Clause Mod: Limit one foe put to sleep\n|rule|HP Percentage Mod: HP is shown in percentages\n|\n|start\n|switch|p1a: Kingdra|Kingdra, L79, M|100\/100\n|switch|p2a: Garbodor|Garbodor, L79, F|100\/100\n|turn|1\n|l|Hhhgggy\n|player|p1|\n|j|Cfffgfffddf\n|l|Cfffgfffddf\n|-message|Hhhgggy lost due to inactivity.\n|\n|win|x wing fighter\n|raw|Hhhgggy's rating: 1000 &rarr; <strong>1000<\/strong><br \/>(+0 for losing)\n|raw|x wing fighter's rating: 1114 &rarr; <strong>1131<\/strong><br \/>(+17 for winning)","inputlog":null,"uploadtime":1492754557,"views":2,"p1id":"hhhgggy","p2id":"xwingfighter","formatid":"gen7randombattle","rating":1000,"private":0,"password":null}