{"id":"gen7vgc2018-681451936","p1":"YAMI Nin BETO","p2":"jly8","format":"gen7vgc2018","log":"|j|\u2606YAMI Nin BETO\n|j|\u2606jly8\n|player|p1|YAMI Nin BETO|289\n|teamsize|p1|6\n|player|p2|jly8|80\n|teamsize|p2|6\n|gametype|doubles\n|gen|7\n|tier|[Gen 7] VGC 2018|rule|Species Clause: Limit one of each Pok\u00e9mon\n|rule|Item Clause: Limit one of each item\n|clearpoke\n|poke|p1|Landorus-Therian, L50, M|item\n|poke|p1|Tapu Fini, L50|item\n|poke|p1|Charizard, L50, F|item\n|poke|p1|Aegislash, L50, F|item\n|poke|p1|Cresselia, L50, F|item\n|poke|p1|Naganadel, L50|item\n|poke|p2|Kangaskhan, L50, F|item\n|poke|p2|Landorus-Therian, L50, M|item\n|poke|p2|Cresselia, L50, F|item\n|poke|p2|Milotic, L50, M|item\n|poke|p2|Aegislash, L50, M|item\n|poke|p2|Tapu Koko, L50|item\n|teampreview|4|\n|start\n|switch|p1a: Cresselia|Cresselia, L50, F|48\/48\n|switch|p1b: Tapu Fini|Tapu Fini, L50|48\/48\n|switch|p2a: Landorus|Landorus-Therian, L50, M|48\/48\n|switch|p2b: Milotic|Milotic, L50, M|48\/48\n|-ability|p2a: Landorus|Intimidate|boost\n|-unboost|p1a: Cresselia|atk|1\n|-unboost|p1b: Tapu Fini|atk|1\n|-fieldstart|move: Misty Terrain|[from] ability: Misty Surge|[of] p1b: Tapu Fini\n|turn|1|\n|move|p2a: Landorus|U-turn|p1a: Cresselia\n|-supereffective|p1a: Cresselia\n|-damage|p1a: Cresselia|31\/48|\n|switch|p2a: Tapu Koko|Tapu Koko, L50|48\/48\n|-fieldstart|move: Electric Terrain|[from] ability: Electric Surge|[of] p2a: Tapu Koko\n|move|p1a: Cresselia|Toxic|p2b: Milotic\n|-status|p2b: Milotic|tox\n|-zpower|p1b: Tapu Fini\n|move|p1b: Tapu Fini|Hydro Vortex|p2a: Tapu Koko|[zeffect]\n|-damage|p2a: Tapu Koko|0 fnt\n|faint|p2a: Tapu Koko\n|move|p2b: Milotic|Scald|p1a: Cresselia\n|-damage|p1a: Cresselia|23\/48\n|\n|-damage|p2b: Milotic|45\/48 tox|[from] psn\n|upkeep|\n|switch|p2a: Kangaskhan|Kangaskhan, L50, F|48\/48\n|turn|2|\n|switch|p2b: Landorus|Landorus-Therian, L50, M|48\/48\n|-ability|p2b: Landorus|Intimidate|boost\n|-unboost|p1a: Cresselia|atk|1\n|-unboost|p1b: Tapu Fini|atk|1\n|-mega|p2a: Kangaskhan|Kangaskhan|Kangaskhanite\n|detailschange|p2a: Kangaskhan|Kangaskhan-Mega, L50, F\n|move|p2a: Kangaskhan|Double-Edge|p1a: Cresselia\n|-damage|p1a: Cresselia|4\/48\n|-enditem|p1a: Cresselia|Iapapa Berry|[eat]\n|-heal|p1a: Cresselia|28\/48|[from] item: Iapapa Berry\n|-damage|p1a: Cresselia|23\/48\n|-hitcount|p1a: Cresselia|2\n|-damage|p2a: Kangaskhan|37\/48|[from] Recoil|[of] p1a: Cresselia\n|move|p1b: Tapu Fini|Muddy Water|p2b: Landorus|[spread] p2a,p2b\n|-damage|p2a: Kangaskhan|21\/48\n|-supereffective|p2b: Landorus\n|-damage|p2b: Landorus|9\/48\n|move|p1a: Cresselia|Trick Room|p1a: Cresselia\n|-fieldstart|move: Trick Room|[of] p1a: Cresselia\n|\n|upkeep\n|turn|3|\n|move|p1b: Tapu Fini|Muddy Water|p2a: Kangaskhan|[spread] p2a,p2b\n|-damage|p2a: Kangaskhan|7\/48\n|-unboost|p2a: Kangaskhan|accuracy|1\n|-supereffective|p2b: Landorus\n|-damage|p2b: Landorus|0 fnt\n|faint|p2b: Landorus\n|move|p1a: Cresselia|Ice Beam|p2a: Kangaskhan\n|-damage|p2a: Kangaskhan|0 fnt\n|faint|p2a: Kangaskhan\n|\n|upkeep\n|c|\u2606jly8|:v\n|c|\u2606YAMI Nin BETO|xdxd\n|c|\u2606jly8|:v|\n|switch|p2b: Milotic|Milotic, L50, M|45\/48 tox\n|turn|4|\n|move|p2b: Milotic|Scald|p1a: Cresselia\n|-damage|p1a: Cresselia|16\/48\n|move|p1b: Tapu Fini|Moonblast|p2b: Milotic\n|-damage|p2b: Milotic|30\/48 tox\n|move|p1a: Cresselia|Calm Mind|p1a: Cresselia\n|-boost|p1a: Cresselia|spa|1\n|-boost|p1a: Cresselia|spd|1\n|\n|-damage|p2b: Milotic|28\/48 tox|[from] psn\n|upkeep\n|turn|5\n|c|\u2606jly8|jugue re mal n me espere ese z|\n|switch|p1b: Charizard|Charizard, L50, F|48\/48\n|move|p2b: Milotic|Scald|p1a: Cresselia\n|-damage|p1a: Cresselia|11\/48\n|move|p1a: Cresselia|Calm Mind|p1a: Cresselia\n|-boost|p1a: Cresselia|spa|1\n|-boost|p1a: Cresselia|spd|1\n|\n|-damage|p2b: Milotic|22\/48 tox|[from] psn\n|-fieldend|move: Electric Terrain\n|upkeep\n|-enditem|p2b: Milotic|Sitrus Berry|[eat]\n|-heal|p2b: Milotic|34\/48 tox|[from] item: Sitrus Berry\n|turn|6|\n|-mega|p1b: Charizard|Charizard|Charizardite Y\n|detailschange|p1b: Charizard|Charizard-Mega-Y, L50, F\n|-weather|SunnyDay|[from] ability: Drought|[of] p1b: Charizard\n|move|p2b: Milotic|Icy Wind|p1b: Charizard|[spread] p1a,p1b\n|-damage|p1a: Cresselia|9\/48y\n|-unboost|p1a: Cresselia|spe|1\n|-damage|p1b: Charizard|42\/48\n|-unboost|p1b: Charizard|spe|1\n|move|p1a: Cresselia|Calm Mind|p1a: Cresselia\n|-boost|p1a: Cresselia|spa|1\n|-boost|p1a: Cresselia|spd|1\n|move|p1b: Charizard|Solar Beam|p2b: Milotic|[still]\n|-prepare|p1b: Charizard|Solar Beam|p2b: Milotic\n|-anim|p1b: Charizard|Solar Beam|p2b: Milotic\n|-supereffective|p2b: Milotic\n|-damage|p2b: Milotic|2\/48 tox\n|\n|-weather|SunnyDay|[upkeep]\n|-damage|p2b: Milotic|0 fnt|[from] psn\n|-fieldend|move: Trick Room\n|upkeep\n|faint|p2b: Milotic\n|\n|win|YAMI Nin BETO\n|c|\u2606YAMI Nin BETO|Buen juego men :v\n|c|\u2606jly8|gg :v\n","inputlog":null,"uploadtime":1514608607,"views":1,"p1id":"yamininbeto","p2id":"jly8","formatid":"gen7vgc2018","rating":0,"private":0,"password":null}