{"id":"gen7ou-828495686","p1":"SMxVale","p2":"walch5566","format":"gen7ou","log":"|j|\u2606SMxVale\n|j|\u2606walch5566\n|player|p1|SMxVale|169\n|player|p2|walch5566|2\n|teamsize|p1|6\n|teamsize|p2|6\n|gametype|singles\n|gen|7\n|tier|[Gen 7] OU\n|rated|\n|rule|Sleep Clause Mod: Limit one foe put to sleep\n|rule|Species Clause: Limit one of each Pok\u00e9mon\n|rule|OHKO Clause: OHKO moves are banned\n|rule|Moody Clause: Moody is banned\n|rule|Evasion Moves Clause: Evasion moves are banned\n|rule|Endless Battle Clause: Forcing endless battles is banned\n|rule|HP Percentage Mod: HP is shown in percentages\n|clearpoke\n|poke|p1|Heatran, M|item\n|poke|p1|Tapu Bulu|item\n|poke|p1|Gliscor, M|item\n|poke|p1|Kyurem-Black|item\n|poke|p1|Medicham, M|item\n|poke|p1|Toxapex, M|item\n|poke|p2|Greninja, F|item\n|poke|p2|Mew|item\n|poke|p2|Magearna|item\n|poke|p2|Medicham, M|item\n|poke|p2|Kartana|item\n|poke|p2|Garchomp, M|item\n|teampreview\n|\n|start\n|switch|p1a: Kyurem|Kyurem-Black|100\/100\n|switch|p2a: Mew|Mew|100\/100\n|-ability|p1a: Kyurem|Teravolt\n|turn|1\n|inactive|Battle timer is ON: inactive players will automatically lose when time's up. (requested by SMxVale)\n|\n|move|p1a: Kyurem|Draco Meteor|p2a: Mew\n|-damage|p2a: Mew|36\/100\n|-unboost|p1a: Kyurem|spa|2\n|move|p2a: Mew|Stealth Rock|p1a: Kyurem\n|-sidestart|p1: SMxVale|move: Stealth Rock\n|\n|-heal|p2a: Mew|43\/100|[from] item: Leftovers\n|upkeep\n|turn|2\n|\n|move|p1a: Kyurem|Draco Meteor|p2a: Mew\n|-crit|p2a: Mew\n|-damage|p2a: Mew|0 fnt\n|-unboost|p1a: Kyurem|spa|2\n|faint|p2a: Mew\n|\n|upkeep\n|j| marschieren\n|\n|switch|p2a: Medicham|Medicham, M|100\/100\n|turn|3\n|inactive|SMxVale has 120 seconds left.\n|\n|switch|p1a: Heatran|Heatran, M|100\/100\n|-damage|p1a: Heatran|88\/100|[from] Stealth Rock\n|detailschange|p2a: Medicham|Medicham-Mega, M\n|-mega|p2a: Medicham|Medicham|Medichamite\n|move|p2a: Medicham|High Jump Kick|p1a: Heatran\n|-supereffective|p1a: Heatran\n|-damage|p1a: Heatran|0 fnt\n|faint|p1a: Heatran\n|\n|upkeep\n|\n|switch|p1a: Kyurem|Kyurem-Black|100\/100\n|-damage|p1a: Kyurem|76\/100|[from] Stealth Rock\n|-ability|p1a: Kyurem|Teravolt\n|turn|4\n|\n|switch|p2a: Magearna|Magearna|100\/100\n|move|p1a: Kyurem|Draco Meteor|p2a: Magearna\n|-immune|p2a: Magearna\n|\n|upkeep\n|turn|5\n|-message|SMxVale forfeited.\n|\n|win|walch5566\n|l|\u2606SMxVale\n|raw|SMxVale's rating: 1651 &rarr; <strong>1637<\/strong><br \/>(-14 for losing)\n|raw|walch5566's rating: 1756 &rarr; <strong>1770<\/strong><br \/>(+14 for winning)\n|l|\u2606walch5566\n","uploadtime":1543567511,"views":36,"p1id":"smxvale","p2id":"walch5566","formatid":"gen7ou","rating":1637,"private":0,"password":null}