{"id":"gen7mixandmega-1670776570","p1":"Unviabriel","p2":"Mincera31","format":"gen7mixandmega","log":"|j|\u2606Unviabriel\n|j|\u2606Mincera31\n|inactive|Battle timer is ON: inactive players will automatically lose when time's up.\n|t:|1663866919\n|gametype|singles\n|player|p1|Unviabriel|shauntal|\n|player|p2|Mincera31|1|\n|teamsize|p1|6\n|teamsize|p2|6\n|gen|7\n|tier|[Gen 7] Mix and Mega\n|rated|Tournament battle\n|rule|Species Clause: Limit one of each Pok\u00e9mon\n|rule|OHKO Clause: OHKO moves are banned\n|rule|Evasion Moves Clause: Evasion moves are banned\n|rule|Endless Battle Clause: Forcing endless battles is banned\n|rule|Dynamax Clause: You cannot dynamax\n|rule|HP Percentage Mod: HP is shown in percentages\n|rule|Mega Rayquaza Clause: You cannot mega evolve Rayquaza\n|rule|Sleep Clause Mod: Limit one foe put to sleep\n|clearpoke\n|poke|p1|Groudon|item\n|poke|p1|Kyogre|item\n|poke|p1|Zygarde|item\n|poke|p1|Kartana|item\n|poke|p1|Magearna|item\n|poke|p1|Mandibuzz, F|item\n|poke|p2|Genesect|item\n|poke|p2|Arceus-*|item\n|poke|p2|Necrozma-Dusk-Mane|item\n|poke|p2|Groudon|item\n|poke|p2|Mew|item\n|poke|p2|Zygarde|item\n|teampreview\n|j| AtariAlex\n|\n|t:|1663866940\n|start\n|switch|p1a: Mandibuzz|Mandibuzz, F|100\/100\n|switch|p2a: Mew|Mew|100\/100\n|turn|1\n|j|%Clastia\n|j| NoTollsNoRolls\n|\n|t:|1663866951\n|detailschange|p2a: Mew|Mew\n|-mega|p2a: Mew|Mew|Manectite\n|-ability|p2a: Mew|Intimidate|boost\n|-unboost|p1a: Mandibuzz|atk|1\n|-start|p2a: Mew|Manectite|[silent]\n|detailschange|p1a: Mandibuzz|Mandibuzz, F\n|-mega|p1a: Mandibuzz|Mandibuzz|Sablenite\n|-start|p1a: Mandibuzz|Sablenite|[silent]\n|move|p2a: Mew|Ice Beam|p1a: Mandibuzz\n|-supereffective|p1a: Mandibuzz\n|-damage|p1a: Mandibuzz|76\/100\n|move|p1a: Mandibuzz|U-turn|p2a: Mew\n|-supereffective|p2a: Mew\n|-damage|p2a: Mew|92\/100\n|j|\u2606mudkipbowl\n|inactive|Unviabriel has 120 seconds left.\n|\n|t:|1663866988\n|-start|p1a: Mandibuzz|Sablenite|[silent]\n|switch|p1a: Groudon|Groudon|100\/100|[from]move: U-turn\n|detailschange|p1a: Groudon|Groudon-Primal\n|-primal|p1a: Groudon\n|-weather|DesolateLand|[from] ability: Desolate Land|[of] p1a: Groudon\n|\n|-weather|DesolateLand|[upkeep]\n|upkeep\n|turn|2\n|inactive|Unviabriel has 120 seconds left.\n|\n|t:|1663866997\n|-start|p2a: Mew|Manectite|[silent]\n|switch|p2a: Arceus|Arceus-Ground|100\/100\n|move|p1a: Groudon|Stealth Rock|p2a: Arceus\n|-sidestart|p2: Mincera31|move: Stealth Rock\n|\n|-weather|DesolateLand|[upkeep]\n|upkeep\n|turn|3\n|inactive|Unviabriel has 120 seconds left.\n|\n|t:|1663867016\n|-weather|none\n|switch|p1a: Mandibuzz|Mandibuzz, F|76\/100\n|-start|p1a: Mandibuzz|Sablenite|[silent]\n|move|p2a: Arceus|Swords Dance|p2a: Arceus\n|-boost|p2a: Arceus|atk|2\n|\n|upkeep\n|turn|4\n|inactive|Unviabriel has 120 seconds left.\n|\n|t:|1663867039\n|-start|p1a: Mandibuzz|Sablenite|[silent]\n|switch|p1a: Kartana|Kartana|100\/100\n|move|p2a: Arceus|Stone Edge|p1a: Kartana\n|-resisted|p1a: Kartana\n|-damage|p1a: Kartana|66\/100\n|\n|upkeep\n|turn|5\n|\n|t:|1663867050\n|switch|p2a: Necrozma|Necrozma-Dusk-Mane|100\/100\n|-damage|p2a: Necrozma|94\/100|[from] Stealth Rock\n|detailschange|p1a: Kartana|Kartana\n|-mega|p1a: Kartana|Kartana|Metagrossite\n|-start|p1a: Kartana|Metagrossite|[silent]\n|move|p1a: Kartana|Leaf Blade|p2a: Necrozma\n|-resisted|p2a: Necrozma\n|-damage|p2a: Necrozma|71\/100\n|-damage|p1a: Kartana|49\/100|[from] item: Rocky Helmet|[of] p2a: Necrozma\n|\n|upkeep\n|turn|6\n|inactive|Unviabriel has 120 seconds left.\n|\n|t:|1663867063\n|-start|p1a: Kartana|Metagrossite|[silent]\n|switch|p1a: Groudon|Groudon-Primal|100\/100\n|-weather|DesolateLand|[from] ability: Desolate Land|[of] p1a: Groudon\n|move|p2a: Necrozma|Morning Sun|p2a: Necrozma\n|-heal|p2a: Necrozma|100\/100\n|\n|-weather|DesolateLand|[upkeep]\n|upkeep\n|turn|7\n|inactive|Unviabriel has 120 seconds left.\n|\n|t:|1663867083\n|switch|p2a: Arceus|Arceus-Ground|100\/100\n|-damage|p2a: Arceus|94\/100|[from] Stealth Rock\n|move|p1a: Groudon|Lava Plume|p2a: Arceus\n|-damage|p2a: Arceus|53\/100\n|-status|p2a: Arceus|brn\n|\n|-weather|DesolateLand|[upkeep]\n|-damage|p2a: Arceus|46\/100 brn|[from] brn\n|upkeep\n|turn|8\n|inactive|Unviabriel has 120 seconds left.\n|\n|t:|1663867096\n|-weather|none\n|switch|p1a: Mandibuzz|Mandibuzz, F|76\/100\n|-start|p1a: Mandibuzz|Sablenite|[silent]\n|-zpower|p2a: Arceus\n|move|p2a: Arceus|Tectonic Rage|p1a: Mandibuzz|[zeffect]\n|-immune|p1a: Mandibuzz\n|\n|-damage|p2a: Arceus|40\/100 brn|[from] brn\n|upkeep\n|turn|9\n|inactive|Unviabriel has 120 seconds left.\n|j| Apprenti Buck\n|\n|t:|1663867112\n|move|p2a: Arceus|Swords Dance|p2a: Arceus\n|-boost|p2a: Arceus|atk|2\n|move|p1a: Mandibuzz|U-turn|p2a: Arceus\n|-crit|p2a: Arceus\n|-damage|p2a: Arceus|28\/100 brn\n|j| oaklies\n|\n|t:|1663867123\n|-start|p1a: Mandibuzz|Sablenite|[silent]\n|switch|p1a: Kartana|Kartana|49\/100|[from]move: U-turn\n|-start|p1a: Kartana|Metagrossite|[silent]\n|\n|-damage|p2a: Arceus|21\/100 brn|[from] brn\n|upkeep\n|turn|10\n|\n|t:|1663867132\n|-start|p1a: Kartana|Metagrossite|[silent]\n|switch|p1a: Mandibuzz|Mandibuzz, F|76\/100\n|-start|p1a: Mandibuzz|Sablenite|[silent]\n|move|p2a: Arceus|Earthquake|p1a: Mandibuzz\n|-immune|p1a: Mandibuzz\n|\n|-damage|p2a: Arceus|15\/100 brn|[from] brn\n|upkeep\n|turn|11\n|\n|t:|1663867140\n|move|p2a: Arceus|Recover|p2a: Arceus\n|-heal|p2a: Arceus|65\/100 brn\n|move|p1a: Mandibuzz|Foul Play|p2a: Arceus\n|-damage|p2a: Arceus|0 fnt\n|faint|p2a: Arceus\n|\n|upkeep\n|\n|t:|1663867152\n|switch|p2a: Zygarde|Zygarde|100\/100\n|-damage|p2a: Zygarde|94\/100|[from] Stealth Rock\n|-ability|p2a: Zygarde|Aura Break\n|turn|12\n|inactive|Unviabriel has 120 seconds left.\n|\n|t:|1663867175\n|move|p2a: Zygarde|Dragon Dance|p2a: Zygarde\n|-boost|p2a: Zygarde|atk|1\n|-boost|p2a: Zygarde|spe|1\n|move|p1a: Mandibuzz|U-turn|p2a: Zygarde\n|-damage|p2a: Zygarde|84\/100\n|j| uwueweawa\n|l| uwueweawa\n|inactive|Unviabriel has 90 seconds left.\n|\n|t:|1663867213\n|-start|p1a: Mandibuzz|Sablenite|[silent]\n|switch|p1a: Kyogre|Kyogre|100\/100|[from]move: U-turn\n|detailschange|p1a: Kyogre|Kyogre-Primal\n|-primal|p1a: Kyogre\n|-weather|PrimordialSea|[from] ability: Primordial Sea|[of] p1a: Kyogre\n|\n|-weather|PrimordialSea|[upkeep]\n|upkeep\n|turn|13\n|j| fissure\n|inactive|Mincera31 has 120 seconds left.\n|\n|t:|1663867256\n|detailschange|p2a: Zygarde|Zygarde\n|-mega|p2a: Zygarde|Zygarde|Altarianite\n|-start|p2a: Zygarde|Altarianite|[silent]\n|-start|p2a: Zygarde|typechange|Dragon\/Fairy|[silent]\n|move|p2a: Zygarde|Return|p1a: Kyogre\n|-damage|p1a: Kyogre|0 fnt\n|faint|p1a: Kyogre\n|-weather|none\n|\n|upkeep\n|inactive|Unviabriel has 90 seconds left.\n|\n|t:|1663867274\n|switch|p1a: Kartana|Kartana|49\/100\n|-start|p1a: Kartana|Metagrossite|[silent]\n|turn|14\n|inactive|Mincera31 has 120 seconds left.\n|inactive|Mincera31 has 90 seconds left.\n|\n|t:|1663867310\n|-start|p2a: Zygarde|Altarianite|[silent]\n|switch|p2a: Necrozma|Necrozma-Dusk-Mane|100\/100\n|-damage|p2a: Necrozma|94\/100|[from] Stealth Rock\n|move|p1a: Kartana|Smart Strike|p2a: Necrozma\n|-resisted|p2a: Necrozma\n|-damage|p2a: Necrozma|78\/100\n|-damage|p1a: Kartana|33\/100|[from] item: Rocky Helmet|[of] p2a: Necrozma\n|\n|upkeep\n|turn|15\n|inactive|Unviabriel has 90 seconds left.\n|\n|t:|1663867330\n|-start|p1a: Kartana|Metagrossite|[silent]\n|switch|p1a: Groudon|Groudon-Primal|100\/100\n|-weather|DesolateLand|[from] ability: Desolate Land|[of] p1a: Groudon\n|move|p2a: Necrozma|Sunsteel Strike|p1a: Groudon\n|-resisted|p1a: Groudon\n|-damage|p1a: Groudon|85\/100\n|\n|-weather|DesolateLand|[upkeep]\n|upkeep\n|turn|16\n|inactive|Unviabriel has 90 seconds left.\n|\n|t:|1663867339\n|switch|p2a: Mew|Mew|92\/100\n|-start|p2a: Mew|Manectite|[silent]\n|-damage|p2a: Mew|79\/100|[from] Stealth Rock\n|-ability|p2a: Mew|Intimidate|boost\n|-unboost|p1a: Groudon|atk|1\n|move|p1a: Groudon|Lava Plume|p2a: Mew\n|-damage|p2a: Mew|40\/100\n|-status|p2a: Mew|brn\n|\n|-weather|DesolateLand|[upkeep]\n|-damage|p2a: Mew|34\/100 brn|[from] brn\n|upkeep\n|turn|17\n|inactive|Unviabriel has 90 seconds left.\n|inactive|Unviabriel has 60 seconds left.\n|\n|t:|1663867382\n|-weather|none\n|switch|p1a: Magearna|Magearna|100\/100\n|move|p2a: Mew|Roost|p2a: Mew\n|-heal|p2a: Mew|84\/100 brn\n|-singleturn|p2a: Mew|move: Roost\n|\n|-damage|p2a: Mew|78\/100 brn|[from] brn\n|upkeep\n|turn|18\n|inactive|Unviabriel has 60 seconds left.\n|\n|t:|1663867414\n|-start|p2a: Mew|Manectite|[silent]\n|switch|p2a: Necrozma|Necrozma-Dusk-Mane|78\/100\n|-damage|p2a: Necrozma|72\/100|[from] Stealth Rock\n|move|p1a: Magearna|Shift Gear|p1a: Magearna\n|-boost|p1a: Magearna|spe|2\n|-boost|p1a: Magearna|atk|1\n|\n|upkeep\n|turn|19\n|j| Lighhtt\n|\n|t:|1663867432\n|detailschange|p1a: Magearna|Magearna\n|-mega|p1a: Magearna|Magearna|Pinsirite\n|-start|p1a: Magearna|Pinsirite|[silent]\n|-start|p1a: Magearna|typechange|Steel\/Flying|[silent]\n|move|p1a: Magearna|Substitute|p1a: Magearna\n|-start|p1a: Magearna|Substitute\n|-damage|p1a: Magearna|76\/100\n|move|p2a: Necrozma|Thunder Wave||[still]\n|-fail|p2a: Necrozma\n|\n|upkeep\n|turn|20\n|\n|t:|1663867440\n|move|p1a: Magearna|Shift Gear|p1a: Magearna\n|-boost|p1a: Magearna|spe|2\n|-boost|p1a: Magearna|atk|1\n|move|p2a: Necrozma|Heat Wave|p1a: Magearna\n|-supereffective|p1a: Magearna\n|-end|p1a: Magearna|Substitute\n|\n|upkeep\n|turn|21\n|c| Lighhtt|OOoo\n|\n|t:|1663867451\n|-start|p1a: Magearna|Pinsirite|[silent]\n|switch|p1a: Mandibuzz|Mandibuzz, F|76\/100\n|-start|p1a: Mandibuzz|Sablenite|[silent]\n|move|p2a: Necrozma|Heat Wave|p1a: Mandibuzz\n|-damage|p1a: Mandibuzz|66\/100\n|\n|upkeep\n|turn|22\n|c|%Clastia|thats heat\n|c|\u2606Mincera31|i 2 more non prevelant techs\n|inactive|Mincera31 has 120 seconds left.\n|\n|t:|1663867491\n|move|p2a: Necrozma|Morning Sun|p2a: Necrozma\n|-heal|p2a: Necrozma|100\/100\n|move|p1a: Mandibuzz|U-turn|p2a: Necrozma\n|-damage|p2a: Necrozma|93\/100\n|-damage|p1a: Mandibuzz|49\/100|[from] item: Rocky Helmet|[of] p2a: Necrozma\n|\n|t:|1663867499\n|-start|p1a: Mandibuzz|Sablenite|[silent]\n|switch|p1a: Groudon|Groudon-Primal|85\/100|[from]move: U-turn\n|-weather|DesolateLand|[from] ability: Desolate Land|[of] p1a: Groudon\n|\n|-weather|DesolateLand|[upkeep]\n|upkeep\n|turn|23\n|inactive|Mincera31 has 120 seconds left.\n|\n|t:|1663867506\n|switch|p2a: Mew|Mew|78\/100 brn\n|-start|p2a: Mew|Manectite|[silent]\n|-damage|p2a: Mew|66\/100 brn|[from] Stealth Rock\n|-ability|p2a: Mew|Intimidate|boost\n|-unboost|p1a: Groudon|atk|1\n|move|p1a: Groudon|Lava Plume|p2a: Mew\n|-damage|p2a: Mew|24\/100 brn\n|\n|-weather|DesolateLand|[upkeep]\n|-damage|p2a: Mew|18\/100 brn|[from] brn\n|upkeep\n|turn|24\n|\n|t:|1663867515\n|move|p2a: Mew|Earth Power|p1a: Groudon\n|-supereffective|p1a: Groudon\n|-damage|p1a: Groudon|53\/100\n|move|p1a: Groudon|Lava Plume|p2a: Mew\n|-damage|p2a: Mew|0 fnt\n|faint|p2a: Mew\n|\n|-weather|DesolateLand|[upkeep]\n|upkeep\n|\n|t:|1663867524\n|switch|p2a: Zygarde|Zygarde|84\/100\n|-start|p2a: Zygarde|Altarianite|[silent]\n|-start|p2a: Zygarde|typechange|Dragon\/Fairy|[silent]\n|-damage|p2a: Zygarde|72\/100|[from] Stealth Rock\n|turn|25\n|inactive|Unviabriel has 60 seconds left.\n|\n|t:|1663867545\n|move|p2a: Zygarde|Dragon Dance|p2a: Zygarde\n|-boost|p2a: Zygarde|atk|1\n|-boost|p2a: Zygarde|spe|1\n|move|p1a: Groudon|Precipice Blades|p2a: Zygarde\n|-damage|p2a: Zygarde|37\/100\n|\n|-weather|DesolateLand|[upkeep]\n|upkeep\n|turn|26\n|inactive|Unviabriel has 30 seconds left.\n|inactive|Unviabriel has 20 seconds left.\n|inactive|Unviabriel has 15 seconds left.\n|inactive|Unviabriel has 10 seconds left.\n|\n|t:|1663867593\n|-weather|none\n|switch|p1a: Mandibuzz|Mandibuzz, F|49\/100\n|-start|p1a: Mandibuzz|Sablenite|[silent]\n|move|p2a: Zygarde|Thousand Arrows|p1a: Mandibuzz\n|-damage|p1a: Mandibuzz|21\/100\n|-start|p1a: Mandibuzz|Smack Down\n|\n|upkeep\n|turn|27\n|inactive|Unviabriel has 20 seconds left this turn.\n|inactive|Unviabriel has 15 seconds left.\n|\n|t:|1663867603\n|move|p2a: Zygarde|Return|p1a: Mandibuzz\n|-supereffective|p1a: Mandibuzz\n|-damage|p1a: Mandibuzz|0 fnt\n|faint|p1a: Mandibuzz\n|\n|upkeep\n|inactive|Unviabriel has 20 seconds left this turn.\n|inactive|Unviabriel has 15 seconds left.\n|inactive|Unviabriel has 10 seconds left.\n|\n|t:|1663867617\n|switch|p1a: Magearna|Magearna|76\/100\n|-start|p1a: Magearna|Pinsirite|[silent]\n|-start|p1a: Magearna|typechange|Steel\/Flying|[silent]\n|turn|28\n|inactive|Unviabriel has 20 seconds left this turn.\n|inactive|Unviabriel has 15 seconds left.\n|inactive|Unviabriel has 10 seconds left.\n|\n|t:|1663867629\n|move|p2a: Zygarde|Thousand Arrows|p1a: Magearna\n|-damage|p1a: Magearna|27\/100\n|-start|p1a: Magearna|Smack Down\n|move|p1a: Magearna|Shift Gear|p1a: Magearna\n|-boost|p1a: Magearna|spe|2\n|-boost|p1a: Magearna|atk|1\n|\n|upkeep\n|turn|29\n|inactive|Unviabriel has 20 seconds left this turn.\n|c| Apprenti Buck|i dont understand why pinsirite\n|inactive|Mincera31 has 120 seconds left.\n|c|\u2606Mincera31|return\n|c|\u2606Mincera31|it is bulky\n|c|\u2606Mincera31|and good utility moves\n|c|\u2606mudkipbowl|!mnm magearna @ pinsirite\n|raw|<div class=\"message\"><ul class=\"utilichart\"><li class=\"result\"><span class=\"col numcol\">MnM<\/span> <span class=\"col iconcol\"><psicon pokemon=\"magearna\"\/><\/span> <span class=\"col pokemonnamecol\" style=\"white-space:nowrap\"><a href=\"https:\/\/dex.pokemonshowdown.com\/pokemon\/magearna\" target=\"_blank\">Magearna<\/a><\/span> <span class=\"col typecol\"><img src=\"https:\/\/play.pokemonshowdown.com\/sprites\/types\/Steel.png\" alt=\"Steel\" height=\"14\" width=\"32\"><img src=\"https:\/\/play.pokemonshowdown.com\/sprites\/types\/Flying.png\" alt=\"Flying\" height=\"14\" width=\"32\"><\/span> <span style=\"float:left;min-height:26px\"><span class=\"col abilitycol\">Aerilate<\/span><span class=\"col abilitycol\"><\/span><\/span><span style=\"float:left;min-height:26px\"><span class=\"col statcol\"><em>HP<\/em><br \/>80<\/span> <span class=\"col statcol\"><em>Atk<\/em><br \/>125<\/span> <span class=\"col statcol\"><em>Def<\/em><br \/>135<\/span> <span class=\"col statcol\"><em>SpA<\/em><br \/>140<\/span> <span class=\"col statcol\"><em>SpD<\/em><br \/>135<\/span> <span class=\"col statcol\"><em>Spe<\/em><br \/>85<\/span> <span class=\"col bstcol\"><em>BST<br \/>700<\/em><\/span> <\/span><\/li><li style=\"clear:both\"><\/li><\/ul><\/div>\n|raw|<font size=\"1\"><font color=\"#686868\">Dex#:<\/font> 801&nbsp;|&ThickSpace;<font color=\"#686868\">Gen:<\/font> 7&nbsp;|&ThickSpace;<font color=\"#686868\">Height:<\/font> 1 m&nbsp;|&ThickSpace;<font color=\"#686868\">Weight:<\/font> 84.5 kg <em>(80 BP)<\/em>&nbsp;|&ThickSpace;<font color=\"#686868\">Dex Colour:<\/font> Gray&nbsp;|&ThickSpace;<font color=\"#686868\">Egg Group(s):<\/font> Undiscovered&nbsp;|&ThickSpace;<font color=\"#686868\">Does Not Evolve<\/font><\/font>\n|c|%Clastia|!mnm magearna@pinsirite\n|raw|<div class=\"message\"><ul class=\"utilichart\"><li class=\"result\"><span class=\"col numcol\">MnM<\/span> <span class=\"col iconcol\"><psicon pokemon=\"magearna\"\/><\/span> <span class=\"col pokemonnamecol\" style=\"white-space:nowrap\"><a href=\"https:\/\/dex.pokemonshowdown.com\/pokemon\/magearna\" target=\"_blank\">Magearna<\/a><\/span> <span class=\"col typecol\"><img src=\"https:\/\/play.pokemonshowdown.com\/sprites\/types\/Steel.png\" alt=\"Steel\" height=\"14\" width=\"32\"><img src=\"https:\/\/play.pokemonshowdown.com\/sprites\/types\/Flying.png\" alt=\"Flying\" height=\"14\" width=\"32\"><\/span> <span style=\"float:left;min-height:26px\"><span class=\"col abilitycol\">Aerilate<\/span><span class=\"col abilitycol\"><\/span><\/span><span style=\"float:left;min-height:26px\"><span class=\"col statcol\"><em>HP<\/em><br \/>80<\/span> <span class=\"col statcol\"><em>Atk<\/em><br \/>125<\/span> <span class=\"col statcol\"><em>Def<\/em><br \/>135<\/span> <span class=\"col statcol\"><em>SpA<\/em><br \/>140<\/span> <span class=\"col statcol\"><em>SpD<\/em><br \/>135<\/span> <span class=\"col statcol\"><em>Spe<\/em><br \/>85<\/span> <span class=\"col bstcol\"><em>BST<br \/>700<\/em><\/span> <\/span><\/li><li style=\"clear:both\"><\/li><\/ul><\/div>\n|raw|<font size=\"1\"><font color=\"#686868\">Dex#:<\/font> 801&nbsp;|&ThickSpace;<font color=\"#686868\">Gen:<\/font> 7&nbsp;|&ThickSpace;<font color=\"#686868\">Height:<\/font> 1 m&nbsp;|&ThickSpace;<font color=\"#686868\">Weight:<\/font> 84.5 kg <em>(80 BP)<\/em>&nbsp;|&ThickSpace;<font color=\"#686868\">Dex Colour:<\/font> Gray&nbsp;|&ThickSpace;<font color=\"#686868\">Egg Group(s):<\/font> Undiscovered&nbsp;|&ThickSpace;<font color=\"#686868\">Does Not Evolve<\/font><\/font>\n|c|\u2606mudkipbowl|sniped\n|c|%Clastia|also pdon exists\n|\n|t:|1663867686\n|move|p2a: Zygarde|Extreme Speed|p1a: Magearna\n|-resisted|p1a: Magearna\n|-damage|p1a: Magearna|0 fnt\n|faint|p1a: Magearna\n|\n|upkeep\n|inactive|Unviabriel has 25 seconds left this turn.\n|c|%Clastia|so alt is even worse\n|c| Lighhtt|frustration >> :P\n|inactive|Unviabriel has 20 seconds left.\n|c|%Clastia|and entei\n|inactive|Unviabriel has 15 seconds left.\n|c|%Clastia|etc\n|inactive|Unviabriel has 10 seconds left.\n|c|\u2606Mincera31|ditto aint common anyways\n|\n|t:|1663867702\n|switch|p1a: Kartana|Kartana|33\/100\n|-start|p1a: Kartana|Metagrossite|[silent]\n|turn|30\n|inactive|Unviabriel has 20 seconds left this turn.\n|c| Apprenti Buck|ah it learns return\n|\n|t:|1663867706\n|move|p2a: Zygarde|Extreme Speed|p1a: Kartana\n|-resisted|p1a: Kartana\n|-damage|p1a: Kartana|0 fnt\n|faint|p1a: Kartana\n|\n|upkeep\n|inactive|Unviabriel has 25 seconds left this turn.\n|inactive|Unviabriel has 20 seconds left.\n|\n|t:|1663867711\n|switch|p1a: Zygarde|Zygarde|100\/100\n|-ability|p1a: Zygarde|Aura Break\n|turn|31\n|inactive|Unviabriel has 30 seconds left this turn.\n|inactive|Mincera31 has 120 seconds left.\n|\n|t:|1663867717\n|detailschange|p1a: Zygarde|Zygarde\n|-mega|p1a: Zygarde|Zygarde|Altarianite\n|-start|p1a: Zygarde|Altarianite|[silent]\n|-start|p1a: Zygarde|typechange|Dragon\/Fairy|[silent]\n|move|p2a: Zygarde|Extreme Speed|p1a: Zygarde\n|-supereffective|p1a: Zygarde\n|-damage|p1a: Zygarde|0 fnt\n|faint|p1a: Zygarde\n|\n|upkeep\n|inactive|Unviabriel has 30 seconds left this turn.\n|c|%Clastia|!ds7 !return\n|c| Clastia|\/raw <div class=\"infobox\"><a href=\"\/\/dex.pokemonshowdown.com\/pokemon\/beldum\" target=\"_blank\" class=\"subtle\" style=\"white-space:nowrap\"><psicon pokemon=\"Beldum\" style=\"vertical-align:-7px;margin:-2px\" \/>Beldum<\/a>, <a href=\"\/\/dex.pokemonshowdown.com\/pokemon\/burmy\" target=\"_blank\" class=\"subtle\" style=\"white-space:nowrap\"><psicon pokemon=\"Burmy\" style=\"vertical-align:-7px;margin:-2px\" \/>Burmy<\/a>, <a href=\"\/\/dex.pokemonshowdown.com\/pokemon\/cascoon\" target=\"_blank\" class=\"subtle\" style=\"white-space:nowrap\"><psicon pokemon=\"Cascoon\" style=\"vertical-align:-7px;margin:-2px\" \/>Cascoon<\/a>, <a href=\"\/\/dex.pokemonshowdown.com\/pokemon\/caterpie\" target=\"_blank\" class=\"subtle\" style=\"white-space:nowrap\"><psicon pokemon=\"Caterpie\" style=\"vertical-align:-7px;margin:-2px\" \/>Caterpie<\/a>, <a href=\"\/\/dex.pokemonshowdown.com\/pokemon\/combee\" target=\"_blank\" class=\"subtle\" style=\"white-space:nowrap\"><psicon pokemon=\"Combee\" style=\"vertical-align:-7px;margin:-2px\" \/>Combee<\/a>, <a href=\"\/\/dex.pokemonshowdown.com\/pokemon\/cosmoem\" target=\"_blank\" class=\"subtle\" style=\"white-space:nowrap\"><psicon pokemon=\"Cosmoem\" style=\"vertical-align:-7px;margin:-2px\" \/>Cosmoem<\/a>, <a href=\"\/\/dex.pokemonshowdown.com\/pokemon\/cosmog\" target=\"_blank\" class=\"subtle\" style=\"white-space:nowrap\"><psicon pokemon=\"Cosmog\" style=\"vertical-align:-7px;margin:-2px\" \/>Cosmog<\/a>, <a href=\"\/\/dex.pokemonshowdown.com\/pokemon\/ditto\" target=\"_blank\" class=\"subtle\" style=\"white-space:nowrap\"><psicon pokemon=\"Ditto\" style=\"vertical-align:-7px;margin:-2px\" \/>Ditto<\/a>, <a href=\"\/\/dex.pokemonshowdown.com\/pokemon\/kakuna\" target=\"_blank\" class=\"subtle\" style=\"white-space:nowrap\"><psicon pokemon=\"Kakuna\" style=\"vertical-align:-7px;margin:-2px\" \/>Kakuna<\/a>, <a href=\"\/\/dex.pokemonshowdown.com\/pokemon\/kricketot\" target=\"_blank\" class=\"subtle\" style=\"white-space:nowrap\"><psicon pokemon=\"Kricketot\" style=\"vertical-align:-7px;margin:-2px\" \/>Kricketot<\/a>, <a href=\"\/\/dex.pokemonshowdown.com\/pokemon\/magikarp\" target=\"_blank\" class=\"subtle\" style=\"white-space:nowrap\"><psicon pokemon=\"Magikarp\" style=\"vertical-align:-7px;margin:-2px\" \/>Magikarp<\/a>, <a href=\"\/\/dex.pokemonshowdown.com\/pokemon\/metapod\" target=\"_blank\" class=\"subtle\" style=\"white-space:nowrap\"><psicon pokemon=\"Metapod\" style=\"vertical-align:-7px;margin:-2px\" \/>Metapod<\/a>, <a href=\"\/\/dex.pokemonshowdown.com\/pokemon\/pyukumuku\" target=\"_blank\" class=\"subtle\" style=\"white-space:nowrap\"><psicon pokemon=\"Pyukumuku\" style=\"vertical-align:-7px;margin:-2px\" \/>Pyukumuku<\/a>, <a href=\"\/\/dex.pokemonshowdown.com\/pokemon\/scatterbug\" target=\"_blank\" class=\"subtle\" style=\"white-space:nowrap\"><psicon pokemon=\"Scatterbug\" style=\"vertical-align:-7px;margin:-2px\" \/>Scatterbug<\/a>, <a href=\"\/\/dex.pokemonshowdown.com\/pokemon\/silcoon\" target=\"_blank\" class=\"subtle\" style=\"white-space:nowrap\"><psicon pokemon=\"Silcoon\" style=\"vertical-align:-7px;margin:-2px\" \/>Silcoon<\/a>, <a href=\"\/\/dex.pokemonshowdown.com\/pokemon\/spewpa\" target=\"_blank\" class=\"subtle\" style=\"white-space:nowrap\"><psicon pokemon=\"Spewpa\" style=\"vertical-align:-7px;margin:-2px\" \/>Spewpa<\/a>, <a href=\"\/\/dex.pokemonshowdown.com\/pokemon\/tynamo\" target=\"_blank\" class=\"subtle\" style=\"white-space:nowrap\"><psicon pokemon=\"Tynamo\" style=\"vertical-align:-7px;margin:-2px\" \/>Tynamo<\/a>, <a href=\"\/\/dex.pokemonshowdown.com\/pokemon\/unown\" target=\"_blank\" class=\"subtle\" style=\"white-space:nowrap\"><psicon pokemon=\"Unown\" style=\"vertical-align:-7px;margin:-2px\" \/>Unown<\/a>, <a href=\"\/\/dex.pokemonshowdown.com\/pokemon\/weedle\" target=\"_blank\" class=\"subtle\" style=\"white-space:nowrap\"><psicon pokemon=\"Weedle\" style=\"vertical-align:-7px;margin:-2px\" \/>Weedle<\/a>, <a href=\"\/\/dex.pokemonshowdown.com\/pokemon\/wobbuffet\" target=\"_blank\" class=\"subtle\" style=\"white-space:nowrap\"><psicon pokemon=\"Wobbuffet\" style=\"vertical-align:-7px;margin:-2px\" \/>Wobbuffet<\/a>, <a href=\"\/\/dex.pokemonshowdown.com\/pokemon\/wurmple\" target=\"_blank\" class=\"subtle\" style=\"white-space:nowrap\"><psicon pokemon=\"Wurmple\" style=\"vertical-align:-7px;margin:-2px\" \/>Wurmple<\/a>, <a href=\"\/\/dex.pokemonshowdown.com\/pokemon\/wynaut\" target=\"_blank\" class=\"subtle\" style=\"white-space:nowrap\"><psicon pokemon=\"Wynaut\" style=\"vertical-align:-7px;margin:-2px\" \/>Wynaut<\/a><\/div>\n|\n|t:|1663867724\n|switch|p1a: Groudon|Groudon-Primal|53\/100\n|-weather|DesolateLand|[from] ability: Desolate Land|[of] p1a: Groudon\n|turn|32\n|c| Apprenti Buck|also don was ur best shot\n|c|%Clastia|all fe mons learn return\n|\n|t:|1663867730\n|move|p2a: Zygarde|Thousand Arrows|p1a: Groudon\n|-supereffective|p1a: Groudon\n|-damage|p1a: Groudon|0 fnt\n|faint|p1a: Groudon\n|-weather|none\n|\n|win|Mincera31\n|n|\u2606Unviabriel|unviabriel\n|n|\u2606Mincera31|mincera31\n|n| AtariAlex|atarialex\n|n| Clastia|clastia\n|n| NoTollsNoRolls|notollsnorolls\n|n| mudkipbowl|mudkipbowl\n|n| Apprenti Buck|apprentibuck\n|n| oaklies|oaklies\n|n| fissure|fissure\n|n| Lighhtt|lighhtt\n|c|\u2606Unviabriel|let's see about that\n|c| Lighhtt|ggs\n|c|\u2606Unviabriel|yeah nope\n|c|\u2606Unviabriel|gg\n|c|\u2606Mincera31|it wont ohko\n|c| Clastia|except wobb\n|c|\u2606Mincera31|-1\n|l| Lighhtt\n|l| Apprenti Buck\n|l| mudkipbowl\n|l| NoTollsNoRolls\n|l| Clastia\n|l|\u2606Unviabriel\n|j|@isaiaH\n","uploadtime":1663867732,"views":6,"p1id":"unviabriel","p2id":"mincera31","formatid":"gen7mixandmega","rating":0,"private":0,"password":null}