{"id":"gen7battlefactory-1169059687","p1":"secteurC","p2":"ezwz","format":"gen7battlefactory","log":"|j|\u2606secteurC\n|j|\u2606ezwz\n|inactive|Battle timer is ON: inactive players will automatically lose when time's up.\n|t:|1597447232\n|player|p1|secteurC|clown|\n|player|p2|ezwz|youngster-gen4|\n|teamsize|p1|6\n|teamsize|p2|6\n|gametype|singles\n|gen|7\n|tier|[Gen 7] Battle Factory\n|rated|Tournament battle\n|rule|Sleep Clause Mod: Limit one foe put to sleep\n|clearpoke\n|poke|p1|Seismitoad, M|item\n|poke|p1|Cloyster, F|item\n|poke|p1|Venusaur, M|item\n|poke|p1|Porygon2|item\n|poke|p1|Donphan, M|item\n|poke|p1|Goodra, F|item\n|poke|p2|Bewear, F|item\n|poke|p2|Snorlax, M|item\n|poke|p2|Ninetales, M|item\n|poke|p2|Honchkrow, M|item\n|poke|p2|Sneasel, F|item\n|poke|p2|Uxie|item\n|rule|HP Percentage Mod: HP is shown in percentages\n|rule|Mega Rayquaza Clause: You cannot mega evolve Rayquaza\n|teampreview\n|j| Fusien \u30c4\n|j| get stalled noob\n|j| kjsnkdjnasd\n|j| Ske\n|l| get stalled noob\n|l| Ske\n|j| LT72MS TSAU\n|j| Sniiivyyyy\u2764\u2764\u2764\n|c| LT72MS TSAU|lol\n|j| cHiCo\n|c| LT72MS TSAU|ezwz got dogshut\n|c| Sniiivyyyy\u2764\u2764\u2764|aww\n|inactive|secteurC has 120 seconds left.\n|inactive|ezwz has 120 seconds left.\n|j| The_Gunstar_Black\n|c| Sniiivyyyy\u2764\u2764\u2764|wat a cute team\n|j| get stalled noob\n|c| LT72MS TSAU|which?\n|j| flawless creation\n|c| LT72MS TSAU|lol\n|j| tsyon\u273f\n|c| Sniiivyyyy\u2764\u2764\u2764|the one with sneasel\n|c| Sniiivyyyy\u2764\u2764\u2764|lol\n|c| LT72MS TSAU|everyone is smiling\n|inactive|secteurC has 90 seconds left.\n|l| flawless creation\n|\n|t:|1597447295\n|start\n|switch|p1a: Seismitoad|Seismitoad, M|414\/414\n|switch|p2a: Uxie|Uxie|354\/354\n|turn|1\n|c| LT72MS TSAU|lol\n|c| Sniiivyyyy\u2764\u2764\u2764|lmaoo yeaa\n|c|\u2606ezwz|sneasellll i can see this dub with my eyes closed\n|\n|t:|1597447308\n|move|p2a: Uxie|Yawn|p1a: Seismitoad\n|-start|p1a: Seismitoad|move: Yawn|[of] p2a: Uxie\n|move|p1a: Seismitoad|Toxic|p2a: Uxie\n|-status|p2a: Uxie|tox\n|\n|-damage|p2a: Uxie|332\/354 tox|[from] psn\n|upkeep\n|turn|2\n|\n|t:|1597447318\n|switch|p1a: Donphan|Donphan, M|384\/384\n|move|p2a: Uxie|Stealth Rock|p1a: Donphan\n|-sidestart|p1: secteurC|move: Stealth Rock\n|\n|-heal|p2a: Uxie|354\/354 tox|[from] item: Leftovers\n|-damage|p2a: Uxie|310\/354 tox|[from] psn\n|upkeep\n|turn|3\n|j| JMMR\n|\n|t:|1597447332\n|move|p2a: Uxie|Psychic|p1a: Donphan\n|-damage|p1a: Donphan|264\/384\n|move|p1a: Donphan|Rapid Spin|p2a: Uxie\n|-damage|p2a: Uxie|292\/354 tox\n|-sideend|p1: secteurC|Stealth Rock|[from] move: Rapid Spin|[of] p1a: Donphan\n|\n|-heal|p2a: Uxie|314\/354 tox|[from] item: Leftovers\n|-heal|p1a: Donphan|288\/384|[from] item: Leftovers\n|-damage|p2a: Uxie|248\/354 tox|[from] psn\n|upkeep\n|turn|4\n|c|\u2606ezwz|i lost yall\n|\n|t:|1597447355\n|move|p2a: Uxie|U-turn|p1a: Donphan\n|-damage|p1a: Donphan|253\/384\n|inactive|ezwz has 120 seconds left.\n|\n|t:|1597447382\n|switch|p2a: Ninetales|Ninetales, M|287\/287\n|-weather|SunnyDay|[from] ability: Drought|[of] p2a: Ninetales\n|move|p1a: Donphan|Knock Off|p2a: Ninetales\n|-damage|p2a: Ninetales|181\/287\n|\n|-weather|SunnyDay|[upkeep]\n|-heal|p1a: Donphan|277\/384|[from] item: Leftovers\n|upkeep\n|turn|5\n|inactive|ezwz has 120 seconds left.\n|\n|t:|1597447397\n|switch|p1a: Goodra|Goodra, F|322\/322\n|move|p2a: Ninetales|Solar Beam||[still]\n|-prepare|p2a: Ninetales|Solar Beam\n|-anim|p2a: Ninetales|Solar Beam|p1a: Goodra\n|-ability|p1a: Goodra|Sap Sipper|boost\n|-boost|p1a: Goodra|atk|1\n|\n|-weather|SunnyDay|[upkeep]\n|upkeep\n|turn|6\n|\n|t:|1597447408\n|switch|p2a: Snorlax|Snorlax, M|508\/508\n|move|p1a: Goodra|Draco Meteor|p2a: Snorlax\n|-damage|p2a: Snorlax|258\/508\n|-unboost|p1a: Goodra|spa|2\n|\n|-weather|SunnyDay|[upkeep]\n|-heal|p2a: Snorlax|289\/508|[from] item: Leftovers\n|upkeep\n|turn|7\n|c|\u2606ezwz|snorlax 6-0s we-\n|inactive|secteurC has 120 seconds left.\n|\n|t:|1597447440\n|move|p1a: Goodra|Draco Meteor|p2a: Snorlax\n|-damage|p2a: Snorlax|169\/508\n|-unboost|p1a: Goodra|spa|2\n|move|p2a: Snorlax|Curse|p2a: Snorlax\n|-unboost|p2a: Snorlax|spe|1\n|-boost|p2a: Snorlax|atk|1\n|-boost|p2a: Snorlax|def|1\n|\n|-weather|SunnyDay|[upkeep]\n|-heal|p2a: Snorlax|200\/508|[from] item: Leftovers\n|upkeep\n|turn|8\n|inactive|secteurC has 120 seconds left.\n|\n|t:|1597447448\n|switch|p1a: Venusaur|Venusaur, M|301\/301\n|move|p2a: Snorlax|Curse|p2a: Snorlax\n|-unboost|p2a: Snorlax|spe|1\n|-boost|p2a: Snorlax|atk|1\n|-boost|p2a: Snorlax|def|1\n|\n|-weather|none\n|-heal|p2a: Snorlax|231\/508|[from] item: Leftovers\n|upkeep\n|turn|9\n|\n|t:|1597447460\n|move|p1a: Venusaur|Sludge Bomb|p2a: Snorlax\n|-damage|p2a: Snorlax|95\/508\n|-status|p2a: Snorlax|psn\n|-damage|p1a: Venusaur|271\/301|[from] item: Life Orb\n|move|p2a: Snorlax|Frustration|p1a: Venusaur\n|-crit|p1a: Venusaur\n|-damage|p1a: Venusaur|0 fnt\n|faint|p1a: Venusaur\n|\n|-heal|p2a: Snorlax|126\/508 psn|[from] item: Leftovers\n|-damage|p2a: Snorlax|63\/508 psn|[from] psn\n|upkeep\n|j| Rowex79\u2764\n|c|\u2606ezwz|poison ;_;\n|inactive|secteurC has 120 seconds left.\n|\n|t:|1597447477\n|switch|p1a: Goodra|Goodra, F|322\/322\n|turn|10\n|inactive|secteurC has 120 seconds left.\n|\n|t:|1597447493\n|switch|p2a: Ninetales|Ninetales, M|181\/287\n|-weather|SunnyDay|[from] ability: Drought|[of] p2a: Ninetales\n|move|p1a: Goodra|Thunderbolt|p2a: Ninetales\n|-damage|p2a: Ninetales|12\/287\n|\n|-weather|SunnyDay|[upkeep]\n|upkeep\n|turn|11\n|\n|t:|1597447503\n|-zpower|p2a: Ninetales\n|move|p2a: Ninetales|Inferno Overdrive|p1a: Goodra|[zeffect]\n|-resisted|p1a: Goodra\n|-damage|p1a: Goodra|201\/322\n|move|p1a: Goodra|Thunderbolt|p2a: Ninetales\n|-damage|p2a: Ninetales|0 fnt\n|faint|p2a: Ninetales\n|\n|-weather|SunnyDay|[upkeep]\n|upkeep\n|\n|t:|1597447515\n|switch|p2a: Honchkrow|Honchkrow, M|341\/341\n|turn|12\n|\n|t:|1597447533\n|move|p1a: Goodra|Thunderbolt|p2a: Honchkrow\n|-supereffective|p2a: Honchkrow\n|-damage|p2a: Honchkrow|0 fnt\n|faint|p2a: Honchkrow\n|\n|-weather|SunnyDay|[upkeep]\n|upkeep\n|l| cHiCo\n|c|\u2606ezwz|o\n|\n|t:|1597447550\n|switch|p2a: Sneasel|Sneasel, F|251\/251\n|turn|13\n|c|\u2606secteurC|r\u00fcdiger\n|inactive|secteurC has 120 seconds left.\n|l| Fusien \u30c4\n|l| get stalled noob\n|j| get stalled noob\n|\n|t:|1597447591\n|move|p2a: Sneasel|Icicle Crash|p1a: Goodra\n|-supereffective|p1a: Goodra\n|-crit|p1a: Goodra\n|-damage|p1a: Goodra|0 fnt\n|-damage|p2a: Sneasel|226\/251|[from] item: Life Orb\n|faint|p1a: Goodra\n|\n|-weather|SunnyDay|[upkeep]\n|upkeep\n|\n|t:|1597447598\n|switch|p1a: Cloyster|Cloyster, F|241\/241\n|turn|14\n|\n|t:|1597447604\n|switch|p2a: Bewear|Bewear, F|382\/382\n|move|p1a: Cloyster|Shell Smash|p1a: Cloyster\n|-unboost|p1a: Cloyster|def|1\n|-unboost|p1a: Cloyster|spd|1\n|-boost|p1a: Cloyster|atk|2\n|-boost|p1a: Cloyster|spa|2\n|-boost|p1a: Cloyster|spe|2\n|\n|-weather|none\n|upkeep\n|turn|15\n|inactive|secteurC has 90 seconds left.\n|\n|t:|1597447638\n|move|p1a: Cloyster|Icicle Spear|p2a: Bewear\n|-damage|p2a: Bewear|300\/382\n|-damage|p2a: Bewear|219\/382\n|-damage|p2a: Bewear|128\/382\n|-damage|p2a: Bewear|44\/382\n|-damage|p2a: Bewear|0 fnt\n|-hitcount|p2a: Bewear|5\n|faint|p2a: Bewear\n|\n|upkeep\n|c|\u2606ezwz|gg\n|\n|t:|1597447648\n|switch|p2a: Uxie|Uxie|248\/354 tox\n|turn|16\n|\n|t:|1597447663\n|-zpower|p1a: Cloyster\n|move|p1a: Cloyster|Breakneck Blitz|p2a: Uxie|[zeffect]\n|-damage|p2a: Uxie|0 fnt\n|faint|p2a: Uxie\n|\n|upkeep\n|\n|t:|1597447667\n|switch|p2a: Snorlax|Snorlax, M|63\/508 psn\n|turn|17\n|c|\u2606secteurC|gg\n|\n|t:|1597447675\n|move|p1a: Cloyster|Icicle Spear|p2a: Snorlax\n|-crit|p2a: Snorlax\n|-damage|p2a: Snorlax|0 fnt\n|-hitcount|p2a: Snorlax|1\n|faint|p2a: Snorlax\n|\n|upkeep\n|\n|t:|1597447678\n|switch|p2a: Sneasel|Sneasel, F|226\/251\n|turn|18\n|\n|t:|1597447680\n|move|p1a: Cloyster|Explosion|p2a: Sneasel\n|-damage|p2a: Sneasel|0 fnt\n|faint|p1a: Cloyster\n|faint|p2a: Sneasel\n|\n|win|secteurC\n","inputlog":">version afa104925ee30f6fc0036578f7cf8fbf58a0f6b0\n>start {\"formatid\":\"gen7battlefactory\",\"seed\":[27194,63814,22843,17116],\"rated\":\"Tournament battle\"}\n>player p1 {\"name\":\"secteurC\",\"avatar\":\"clown\",\"team\":\"\",\"rating\":0,\"seed\":[45634,28384,50650,47786]}\n>player p2 {\"name\":\"ezwz\",\"avatar\":\"youngster-gen4\",\"team\":\"\",\"rating\":0,\"seed\":[21423,1057,49999,34986]}\n>chat  LT72MS TSAU|lol\n>chat  LT72MS TSAU|ezwz got dogshut\n>chat  Sniiivyyyy\u2764\u2764\u2764|aww\n>chat  Sniiivyyyy\u2764\u2764\u2764|wat a cute team\n>chat  LT72MS TSAU|which?\n>chat  LT72MS TSAU|lol\n>chat  Sniiivyyyy\u2764\u2764\u2764|the one with sneasel\n>chat  Sniiivyyyy\u2764\u2764\u2764|lol\n>chat  LT72MS TSAU|everyone is smiling\n>p1 team 1, 2, 3, 4, 5, 6\n>p2 team 6, 2, 3, 4, 5, 1\n>chat  LT72MS TSAU|lol\n>chat  Sniiivyyyy\u2764\u2764\u2764|lmaoo yeaa\n>chat \u2606ezwz|sneasellll i can see this dub with my eyes closed\n>p1 move toxic\n>p2 move yawn\n>p1 switch 5\n>p2 move stealthrock\n>p1 move rapidspin\n>p2 move psychic\n>chat \u2606ezwz|i lost yall\n>p1 move knockoff\n>p2 move uturn\n>p2 switch 3\n>p1 switch 6\n>p2 move solarbeam\n>p1 move dracometeor\n>p2 switch 2\n>chat \u2606ezwz|snorlax 6-0s we-\n>p1 move dracometeor\n>p2 move curse\n>p1 switch 3\n>p2 move curse\n>p1 move sludgebomb\n>p2 move frustration\n>chat \u2606ezwz|poison ;_;\n>p1 switch 3\n>p1 move thunderbolt\n>p2 switch 2\n>p1 move thunderbolt\n>p2 move fireblast zmove\n>p2 switch 4\n>p1 move thunderbolt\n>p2 move bravebird\n>chat \u2606ezwz|o\n>p2 switch 5\n>chat \u2606secteurC|r\u00fcdiger\n>p1 move thunderbolt\n>p2 move iciclecrash\n>p1 switch 2\n>p1 move shellsmash\n>p2 switch 6\n>p1 move iciclespear\n>p2 move superpower\n>chat \u2606ezwz|gg\n>p2 switch 3\n>p1 move explosion zmove\n>p2 move psychic\n>p2 switch 2\n>chat \u2606secteurC|gg\n>p1 move iciclespear\n>p2 move frustration\n>p2 switch 6\n>p1 move explosion\n>p2 move knockoff","uploadtime":1597447681,"views":17,"p1id":"secteurc","p2id":"ezwz","formatid":"gen7battlefactory","rating":0,"private":0,"password":null}