{"id":"gen7ou-596804495","p1":"I'm back from mars","p2":"Bruno de lucas","format":"gen7ou","log":"|j|I'm back from mars\n|j|Bruno de lucas\n|player|p1|I'm back from mars|128\n|teamsize|p1|6\n|player|p2|Bruno de lucas|1\n|teamsize|p2|6\n|gametype|singles\n|gen|7\n|tier|[Gen 7] OU\n|rated\n|seed|32109,29020,28853,29220\n|clearpoke\n|poke|p1|Sandslash-Alola, F|item\n|poke|p1|Ninetales-Alola, F|item\n|poke|p1|Latios, M|item\n|poke|p1|Magearna|item\n|poke|p1|Charizard, F|item\n|poke|p1|Ferrothorn, M|item\n|poke|p2|Sharpedo, F|item\n|poke|p2|Terrakion|item\n|poke|p2|Tapu Lele|item\n|poke|p2|Greninja, M|item\n|poke|p2|Landorus-Therian, M|item\n|poke|p2|Celesteela|item\n|rule|Sleep Clause Mod: Limit one foe put to sleep\n|rule|Species Clause: Limit one of each Pok\u00e9mon\n|rule|OHKO Clause: OHKO moves are banned\n|rule|Moody Clause: Moody is banned\n|rule|Evasion Moves Clause: Evasion moves are banned\n|rule|Endless Battle Clause: Forcing endless battles is banned\n|rule|HP Percentage Mod: HP is shown in percentages\n|teampreview\n|inactive|Battle timer is ON: inactive players will automatically lose when time's up. (requested by Bruno de lucas)\n|j|GenericName223\n|choice|team 2, team 1, team 3, team 4, team 5, team 6|team 2, team 1, team 3, team 4, team 5, team 6\n|\n|start\n|switch|p1a: Ninetales|Ninetales-Alola, F|349\/349\n|switch|p2a: Terrakion|Terrakion|323\/323\n|-weather|Hail|[from] ability: Snow Warning|[of] p1a: Ninetales\n|turn|1\n|choice|switch 6|move stoneedge\n|\n|switch|p1a: Ferrothorn|Ferrothorn, M|352\/352\n|move|p2a: Terrakion|Stone Edge|p1a: Ferrothorn\n|-resisted|p1a: Ferrothorn\n|-damage|p1a: Ferrothorn|292\/352\n|\n|-weather|Hail|[upkeep]\n|-damage|p2a: Terrakion|303\/323|[from] hail\n|-damage|p1a: Ferrothorn|270\/352|[from] hail\n|-heal|p1a: Ferrothorn|292\/352|[from] item: Leftovers\n|upkeep\n|turn|2\n|choice|switch 5|switch 5\n|\n|switch|p2a: Landorus|Landorus-Therian, M|381\/381\n|-ability|p2a: Landorus|Intimidate|boost\n|-unboost|p1a: Ferrothorn|atk|1\n|switch|p1a: Charizard|Charizard, F|297\/297\n|\n|-weather|Hail|[upkeep]\n|-damage|p1a: Charizard|279\/297|[from] hail\n|-damage|p2a: Landorus|358\/381|[from] hail\n|upkeep\n|turn|3\n|choice|move flareblitz mega|switch 5\n|\n|switch|p2a: Terrakion|Terrakion|303\/323\n|detailschange|p1a: Charizard|Charizard-Mega-X, F\n|-mega|p1a: Charizard|Charizard|Charizardite X\n|move|p1a: Charizard|Flare Blitz|p2a: Terrakion\n|-resisted|p2a: Terrakion\n|-damage|p2a: Terrakion|146\/323\n|-damage|p1a: Charizard|227\/297|[from] Recoil|[of] p2a: Terrakion\n|\n|-weather|Hail|[upkeep]\n|-damage|p2a: Terrakion|126\/323|[from] hail\n|-damage|p1a: Charizard|209\/297|[from] hail\n|upkeep\n|turn|4\n|inactive|Battle timer is ON: inactive players will automatically lose when time's up. (requested by Bruno de lucas)\n|choice|switch 5|move closecombat\n|\n|switch|p1a: Ferrothorn|Ferrothorn, M|292\/352\n|move|p2a: Terrakion|Close Combat|p1a: Ferrothorn\n|-supereffective|p1a: Ferrothorn\n|-damage|p1a: Ferrothorn|0 fnt\n|-damage|p2a: Terrakion|86\/323|[from] ability: Iron Barbs|[of] p1a: Ferrothorn\n|-unboost|p2a: Terrakion|def|1\n|-unboost|p2a: Terrakion|spd|1\n|faint|p1a: Ferrothorn\n|\n|-weather|Hail|[upkeep]\n|-damage|p2a: Terrakion|66\/323|[from] hail\n|upkeep\n|choice|switch 2|\n|\n|switch|p1a: Sandslash|Sandslash-Alola, F|292\/292\n|turn|5\n|choice|move iciclecrash|move closecombat\n|\n|move|p2a: Terrakion|Close Combat|p1a: Sandslash\n|-supereffective|p1a: Sandslash\n|-damage|p1a: Sandslash|0 fnt\n|-unboost|p2a: Terrakion|def|1\n|-unboost|p2a: Terrakion|spd|1\n|faint|p1a: Sandslash\n|\n|-weather|Hail|[upkeep]\n|-damage|p2a: Terrakion|46\/323|[from] hail\n|upkeep\n|c|\u2606I'm back from mars|im bad at maths xd\n|-message|I'm back from mars forfeited.\n|\n|win|Bruno de lucas\n|raw|I&apos;m back from mars's rating: 1691 &rarr; <strong>1670<\/strong><br \/>(-21 for losing)\n|raw|Bruno de lucas's rating: 1687 &rarr; <strong>1708<\/strong><br \/>(+21 for winning)\n|l|GenericName223","inputlog":null,"uploadtime":1498658922,"views":53,"p1id":"imbackfrommars","p2id":"brunodelucas","formatid":"gen7ou","rating":1670,"private":0,"password":null}