{"id":"gen7ou-967212373","p1":"ghecisbestvillain","p2":"Thai Lopez","format":"gen7ou","log":"|j|\u2606ghecisbestvillain\n|j|\u2606Thai Lopez\n|player|p1|ghecisbestvillain|269|1782\n|player|p2|Thai Lopez|170|1746\n|teamsize|p1|6\n|teamsize|p2|6\n|gametype|singles\n|gen|7\n|tier|[Gen 7] OU\n|rated|\n|rule|Sleep Clause Mod: Limit one foe put to sleep\n|rule|Species Clause: Limit one of each Pok\u00e9mon\n|rule|OHKO Clause: OHKO moves are banned\n|rule|Moody Clause: Moody is banned\n|rule|Evasion Moves Clause: Evasion moves are banned\n|rule|Endless Battle Clause: Forcing endless battles is banned\n|rule|HP Percentage Mod: HP is shown in percentages\n|clearpoke\n|poke|p1|Hawlucha, M|item\n|poke|p1|Clefable, F|item\n|poke|p1|Charizard, M|item\n|poke|p1|Tapu Koko|item\n|poke|p1|Magearna|item\n|poke|p1|Kyurem-Black|item\n|poke|p2|Magnezone|item\n|poke|p2|Landorus-Therian, M|item\n|poke|p2|Ferrothorn, M|item\n|poke|p2|Garchomp, F|item\n|poke|p2|Mimikyu, F|item\n|poke|p2|Hydreigon, F|item\n|teampreview\n|inactive|Battle timer is ON: inactive players will automatically lose when time's up. (requested by ghecisbestvillain)\n|\n|start\n|switch|p1a: Tapu Koko|Tapu Koko|100\/100\n|switch|p2a: Magnezone|Magnezone|100\/100\n|-fieldstart|move: Electric Terrain|[from] ability: Electric Surge|[of] p1a: Tapu Koko\n|turn|1\n|\n|move|p1a: Tapu Koko|Taunt|p2a: Magnezone\n|-start|p2a: Magnezone|move: Taunt\n|move|p2a: Magnezone|Thunder|p1a: Tapu Koko\n|-resisted|p1a: Tapu Koko\n|-damage|p1a: Tapu Koko|0 fnt\n|faint|p1a: Tapu Koko\n|\n|upkeep\n|c|\u2606Thai Lopez|shiest\n|inactive|ghecisbestvillain has 120 seconds left.\n|j| Boub08\n|inactive|ghecisbestvillain has 90 seconds left.\n|\n|switch|p1a: Hawlucha|Hawlucha, M|100\/100\n|-enditem|p1a: Hawlucha|Electric Seed\n|-boost|p1a: Hawlucha|def|1\n|turn|2\n|\n|move|p1a: Hawlucha|Swords Dance|p1a: Hawlucha\n|-boost|p1a: Hawlucha|atk|2\n|move|p2a: Magnezone|Thunder|p1a: Hawlucha\n|-supereffective|p1a: Hawlucha\n|-damage|p1a: Hawlucha|0 fnt\n|faint|p1a: Hawlucha\n|\n|upkeep\n|\n|switch|p1a: Charizard|Charizard, M|100\/100\n|turn|3\n|\n|switch|p2a: Garchomp|Garchomp, F|100\/100\n|move|p1a: Charizard|Dragon Dance|p1a: Charizard\n|-boost|p1a: Charizard|atk|1\n|-boost|p1a: Charizard|spe|1\n|\n|upkeep\n|turn|4\n|\n|detailschange|p1a: Charizard|Charizard-Mega-X, M\n|-mega|p1a: Charizard|Charizard|Charizardite X\n|move|p2a: Garchomp|Earthquake|p1a: Charizard\n|-supereffective|p1a: Charizard\n|-damage|p1a: Charizard|0 fnt\n|faint|p1a: Charizard\n|\n|upkeep\n|\n|switch|p1a: Clefable|Clefable, F|100\/100\n|turn|5\n|c|\u2606Thai Lopez|this is like\n|inactive|ghecisbestvillain has 120 seconds left.\n|c|\u2606Thai Lopez|literally a perfect replay\n|inactive|ghecisbestvillain has 90 seconds left.\n|c|\u2606Thai Lopez|shits not lookin good for u bud\n|inactive|ghecisbestvillain has 60 seconds left.\n|j| VPNcant chat sry\n|\n|switch|p2a: Magnezone|Magnezone|100\/100\n|move|p1a: Clefable|Cosmic Power|p1a: Clefable\n|-boost|p1a: Clefable|def|1\n|-boost|p1a: Clefable|spd|1\n|\n|-fieldend|move: Electric Terrain\n|upkeep\n|turn|6\n|inactive|ghecisbestvillain has 60 seconds left.\n|c|\u2606Thai Lopez|still dies\n|c|\u2606Thai Lopez|in 1\n|\n|move|p2a: Magnezone|Flash Cannon|p1a: Clefable\n|-supereffective|p1a: Clefable\n|-damage|p1a: Clefable|21\/100\n|move|p1a: Clefable|Cosmic Power|p1a: Clefable\n|-boost|p1a: Clefable|def|1\n|-boost|p1a: Clefable|spd|1\n|\n|-heal|p1a: Clefable|27\/100|[from] item: Leftovers\n|upkeep\n|turn|7\n|l| Boub08\n|c|\u2606Thai Lopez|opa\n|inactive|ghecisbestvillain has 60 seconds left.\n|j| Boub08\n|c|\u2606Thai Lopez|lived 1\n|j| jelly end\n|j| Oiseau Bleu\n|\n|move|p2a: Magnezone|Flash Cannon|p1a: Clefable\n|-supereffective|p1a: Clefable\n|-damage|p1a: Clefable|0 fnt\n|faint|p1a: Clefable\n|\n|upkeep\n|inactive|ghecisbestvillain has 30 seconds left.\n|\n|switch|p1a: Magearna|Magearna|100\/100\n|turn|8\n|c|\u2606ghecisbestvillain|shut the fuck up for a minute\n|j| AlexandraTheHonest\n|inactive|ghecisbestvillain has 30 seconds left.\n|\n|move|p1a: Magearna|Shift Gear|p1a: Magearna\n|-boost|p1a: Magearna|spe|2\n|-boost|p1a: Magearna|atk|1\n|move|p2a: Magnezone|Flash Cannon|p1a: Magearna\n|-damage|p1a: Magearna|11\/100\n|\n|upkeep\n|turn|9\n|c|\u2606Thai Lopez|mute me\n|c|\u2606Thai Lopez|im too drunk to give a shit\n|c|\u2606Thai Lopez|4 mons and i took no damage\n|c|\u2606Thai Lopez|mag just took 90\n|c|\u2606Thai Lopez|damn\n|c|\u2606ghecisbestvillain|damage at your mom\n|inactive|Thai Lopez has 120 seconds left.\n|\n|move|p1a: Magearna|Brick Break|p2a: Magnezone\n|-supereffective|p2a: Magnezone\n|-damage|p2a: Magnezone|37\/100\n|move|p2a: Magnezone|Flash Cannon|p1a: Magearna\n|-damage|p1a: Magearna|0 fnt\n|faint|p1a: Magearna\n|\n|upkeep\n|l| AlexandraTheHonest\n|c|\u2606ghecisbestvillain|in face\n|inactive|ghecisbestvillain has 30 seconds left.\n|l| VPNcant chat sry\n|j| Squash17\n|inactive|ghecisbestvillain has 20 seconds left.\n|c|\u2606Thai Lopez|my mom makes more money than both ur parents\n|\n|switch|p1a: Kyurem|Kyurem-Black|100\/100\n|-ability|p1a: Kyurem|Teravolt\n|turn|10\n|inactive|ghecisbestvillain has 30 seconds left this turn.\n|j| VPNcant chat sry\n|l| VPNcant chat sry\n|inactive|ghecisbestvillain has 20 seconds left.\n|inactive|ghecisbestvillain has 15 seconds left.\n|inactive|ghecisbestvillain has 10 seconds left.\n|c|\u2606Thai Lopez|bye\n|c|\u2606Thai Lopez|lol\n|inactive|ghecisbestvillain has 5 seconds left.\n|-message|ghecisbestvillain lost due to inactivity.\n|\n|win|Thai Lopez\n|raw|ghecisbestvillain's rating: 1782 &rarr; <strong>1760<\/strong><br \/>(-22 for losing)\n|raw|Thai Lopez's rating: 1746 &rarr; <strong>1769<\/strong><br \/>(+23 for winning)\n|c|\u2606Thai Lopez|6-0\n","uploadtime":1566981204,"views":11,"p1id":"ghecisbestvillain","p2id":"thailopez","formatid":"gen7ou","rating":1760,"private":0,"password":null}