{"id":"gen7randombattle-1612519538","p1":"PyetroSenpaiFds","p2":"Batataplays","format":"gen7randombattle","log":"|j|\u2606PyetroSenpaiFds\n|j|\u2606Batataplays\n|inactive|Battle timer is ON: inactive players will automatically lose when time's up.\n|t:|1657229667\n|gametype|singles\n|player|p1|PyetroSenpaiFds|leon-tower|\n|player|p2|Batataplays|265|\n|teamsize|p1|6\n|teamsize|p2|6\n|gen|7\n|tier|[Gen 7] Random Battle\n|rated|Tournament battle\n|rule|Sleep Clause Mod: Limit one foe put to sleep\n|rule|HP Percentage Mod: HP is shown in percentages\n|rule|Mega Rayquaza Clause: You cannot mega evolve Rayquaza\n|clearpoke\n|poke|p1|Diancie, L84|item\n|poke|p1|Darmanitan, L84, F|item\n|poke|p1|Blaziken, L76, M|item\n|poke|p1|Cryogonal, L88|item\n|poke|p1|Chesnaught, L82, F|item\n|poke|p1|Persian, L88, F|item\n|poke|p2|Registeel, L84|item\n|poke|p2|Reshiram, L76|item\n|poke|p2|Persian-Alola, L88, F|item\n|poke|p2|Gardevoir, L82, M|item\n|poke|p2|Exeggutor, L88, M|item\n|poke|p2|Muk-Alola, L82, M|item\n|teampreview\n|j| QM2 betinha\n|c|\u2606PyetroSenpaiFds|ta vendo\n|c|\u2606PyetroSenpaiFds|outro time mt bom\n|j| Empoleon O\n|j| minuto dragneel\n|c|\u2606Batataplays|time de waifus\n|c| QM2 betinha|batataplays pegou o persian picado\n|c|\u2606Batataplays|!dt registeel\n|raw|<div class=\"message\"><ul class=\"utilichart\"><li class=\"result\"><span class=\"col numcol\">RU<\/span> <span class=\"col iconcol\"><psicon pokemon=\"registeel\"\/><\/span> <span class=\"col pokemonnamecol\" style=\"white-space:nowrap\"><a href=\"https:\/\/dex.pokemonshowdown.com\/pokemon\/registeel\" target=\"_blank\">Registeel<\/a><\/span> <span class=\"col typecol\"><img src=\"https:\/\/play.pokemonshowdown.com\/sprites\/types\/Steel.png\" alt=\"Steel\" height=\"14\" width=\"32\"><\/span> <span style=\"float:left;min-height:26px\"><span class=\"col abilitycol\">Clear Body<\/span><span class=\"col abilitycol\"><em>Light Metal<\/em><\/span><\/span><span style=\"float:left;min-height:26px\"><span class=\"col statcol\"><em>HP<\/em><br \/>80<\/span> <span class=\"col statcol\"><em>Atk<\/em><br \/>75<\/span> <span class=\"col statcol\"><em>Def<\/em><br \/>150<\/span> <span class=\"col statcol\"><em>SpA<\/em><br \/>75<\/span> <span class=\"col statcol\"><em>SpD<\/em><br \/>150<\/span> <span class=\"col statcol\"><em>Spe<\/em><br \/>50<\/span> <span class=\"col bstcol\"><em>BST<br \/>580<\/em><\/span> <\/span><\/li><li style=\"clear:both\"><\/li><\/ul><\/div>\n|raw|<font size=\"1\"><font color=\"#686868\">Dex#:<\/font> 379&nbsp;|&ThickSpace;<font color=\"#686868\">Gen:<\/font> 3&nbsp;|&ThickSpace;<font color=\"#686868\">Height:<\/font> 1.9 m&nbsp;|&ThickSpace;<font color=\"#686868\">Weight:<\/font> 205 kg <em>(120 BP)<\/em>&nbsp;|&ThickSpace;<font color=\"#686868\">Dex Colour:<\/font> Gray&nbsp;|&ThickSpace;<font color=\"#686868\">Egg Group(s):<\/font> Undiscovered&nbsp;|&ThickSpace;<font color=\"#686868\">Does Not Evolve<\/font><\/font>\n\n|inactive|Batataplays has 120 seconds left.\n|l| minuto dragneel\n|c|\u2606PyetroSenpaiFds|muk alolan bela waifu\n|inactive|PyetroSenpaiFds has 120 seconds left.\n|\n|t:|1657229708\n|start\n|switch|p1a: Persian|Persian, L88, F|258\/258\n|switch|p2a: Muk|Muk-Alola, L82, M|306\/306\n|turn|1\n|l| QM2 betinha\n|\n|t:|1657229712\n|move|p1a: Persian|Fake Out|p2a: Muk\n|-damage|p2a: Muk|227\/306\n|-damage|p1a: Persian|233\/258|[from] item: Life Orb\n|cant|p2a: Muk|flinch\n|\n|upkeep\n|turn|2\n|\n|t:|1657229719\n|move|p1a: Persian|Return|p2a: Muk\n|-damage|p2a: Muk|94\/306\n|-damage|p1a: Persian|208\/258|[from] item: Life Orb\n|move|p2a: Muk|Pursuit|p1a: Persian\n|-damage|p1a: Persian|126\/258\n|\n|upkeep\n|turn|3\n|\n|t:|1657229726\n|switch|p2a: Registeel|Registeel, L84|272\/272\n|move|p1a: Persian|U-turn|p2a: Registeel\n|-resisted|p2a: Registeel\n|-damage|p2a: Registeel|255\/272\n|-damage|p1a: Persian|101\/258|[from] item: Life Orb\n|\n|t:|1657229735\n|switch|p1a: Darmanitan|Darmanitan, L84, F|314\/314\n|\n|-heal|p2a: Registeel|272\/272|[from] item: Leftovers\n|upkeep\n|turn|4\n|l| Empoleon O\n|j| Giorninhowo\n|l|\u2606Batataplays\n|inactive|Batataplays disconnected and has a minute to reconnect!\n|player|p2|\n|c|\u2606PyetroSenpaiFds|a, qual foi\n|inactive|Batataplays has 30 seconds to reconnect!\n|inactive|Batataplays has 20 seconds to reconnect!\n|inactive|Batataplays has 15 seconds to reconnect!\n|inactive|Batataplays has 10 seconds to reconnect!\n|j|\u2606Batataplays\n|inactive|Batataplays reconnected and has 80 seconds left.\n|player|p2|Batataplays|265\n|\n|t:|1657229811\n|switch|p2a: Muk|Muk-Alola, L82, M|94\/306\n|move|p1a: Darmanitan|Earthquake|p2a: Muk\n|-supereffective|p2a: Muk\n|-damage|p2a: Muk|0 fnt\n|faint|p2a: Muk\n|-damage|p1a: Darmanitan|283\/314|[from] item: Life Orb\n|\n|upkeep\n|l| Giorninhowo\n|\n|t:|1657229817\n|switch|p2a: Persian|Persian-Alola, L88, F|258\/258\n|turn|5\n|j| Empoleon O\n|\n|t:|1657229826\n|switch|p1a: Chesnaught|Chesnaught, L82, F|278\/278\n|move|p2a: Persian|Hypnosis|p1a: Chesnaught\n|-status|p1a: Chesnaught|slp|[from] move: Hypnosis\n|\n|upkeep\n|turn|6\n|inactive|Batataplays has 90 seconds left.\n|j| combo porreio\n|\n|t:|1657229838\n|switch|p2a: Gardevoir|Gardevoir, L82, M|246\/246\n|-ability|p2a: Gardevoir|Bulletproof|[from] ability: Trace|[of] p1a: Chesnaught\n|switch|p1a: Persian|Persian, L88, F|101\/258\n|\n|upkeep\n|turn|7\n|\n|t:|1657229845\n|switch|p2a: Registeel|Registeel, L84|272\/272\n|move|p1a: Persian|U-turn|p2a: Registeel\n|-resisted|p2a: Registeel\n|-damage|p2a: Registeel|255\/272\n|-damage|p1a: Persian|76\/258|[from] item: Life Orb\n|\n|t:|1657229848\n|switch|p1a: Darmanitan|Darmanitan, L84, F|283\/314\n|\n|-heal|p2a: Registeel|272\/272|[from] item: Leftovers\n|upkeep\n|turn|8\n|\n|t:|1657229852\n|move|p1a: Darmanitan|Flare Blitz|p2a: Registeel\n|-supereffective|p2a: Registeel\n|-damage|p2a: Registeel|0 fnt\n|faint|p2a: Registeel\n|-damage|p1a: Darmanitan|193\/314|[from] Recoil\n|\n|upkeep\n|\n|t:|1657229856\n|switch|p2a: Reshiram|Reshiram, L76|277\/277\n|-ability|p2a: Reshiram|Turboblaze\n|turn|9\n|\n|t:|1657229860\n|switch|p1a: Diancie|Diancie, L84|221\/221\n|move|p2a: Reshiram|Dragon Pulse|p1a: Diancie\n|-immune|p1a: Diancie\n|\n|upkeep\n|turn|10\n|\n|t:|1657229864\n|switch|p2a: Exeggutor|Exeggutor, L88, M|310\/310\n|move|p1a: Diancie|Light Screen|p1a: Diancie\n|-sidestart|p1: PyetroSenpaiFds|move: Light Screen\n|\n|upkeep\n|turn|11\n|\n|t:|1657229867\n|move|p2a: Exeggutor|Giga Drain|p1a: Diancie\n|-supereffective|p1a: Diancie\n|-damage|p1a: Diancie|155\/221\n|move|p1a: Diancie|Diamond Storm|p2a: Exeggutor\n|-damage|p2a: Exeggutor|204\/310\n|\n|upkeep\n|turn|12\n|\n|t:|1657229870\n|switch|p1a: Darmanitan|Darmanitan, L84, F|193\/314\n|move|p2a: Exeggutor|Giga Drain|p1a: Darmanitan\n|-resisted|p1a: Darmanitan\n|-damage|p1a: Darmanitan|155\/314\n|-heal|p2a: Exeggutor|223\/310|[from] drain|[of] p1a: Darmanitan\n|\n|upkeep\n|turn|13\n|\n|t:|1657229874\n|move|p1a: Darmanitan|Earthquake|p2a: Exeggutor\n|-resisted|p2a: Exeggutor\n|-damage|p2a: Exeggutor|163\/310\n|-damage|p1a: Darmanitan|124\/314|[from] item: Life Orb\n|move|p2a: Exeggutor|Psychic|p1a: Darmanitan\n|-damage|p1a: Darmanitan|34\/314\n|\n|upkeep\n|turn|14\n|\n|t:|1657229878\n|switch|p2a: Reshiram|Reshiram, L76|277\/277\n|-ability|p2a: Reshiram|Turboblaze\n|move|p1a: Darmanitan|Flare Blitz|p2a: Reshiram\n|-resisted|p2a: Reshiram\n|-damage|p2a: Reshiram|209\/277\n|-damage|p1a: Darmanitan|12\/314|[from] Recoil\n|\n|-heal|p2a: Reshiram|226\/277|[from] item: Leftovers\n|upkeep\n|turn|15\n|\n|t:|1657229882\n|switch|p2a: Exeggutor|Exeggutor, L88, M|163\/310\n|move|p1a: Darmanitan|Flare Blitz|p2a: Exeggutor\n|-supereffective|p2a: Exeggutor\n|-damage|p2a: Exeggutor|0 fnt\n|faint|p2a: Exeggutor\n|-damage|p1a: Darmanitan|0 fnt|[from] Recoil\n|faint|p1a: Darmanitan\n|\n|upkeep\n|\n|t:|1657229886\n|switch|p1a: Persian|Persian, L88, F|76\/258\n|switch|p2a: Gardevoir|Gardevoir, L82, M|246\/246\n|-ability|p2a: Gardevoir|Technician|[from] ability: Trace|[of] p1a: Persian\n|turn|16\n|\n|t:|1657229890\n|switch|p2a: Persian|Persian-Alola, L88, F|258\/258\n|move|p1a: Persian|Fake Out|p2a: Persian\n|-crit|p2a: Persian\n|-damage|p2a: Persian|190\/258\n|-damage|p1a: Persian|51\/258|[from] item: Life Orb\n|\n|upkeep\n|turn|17\n|\n|t:|1657229897\n|switch|p2a: Gardevoir|Gardevoir, L82, M|246\/246\n|-ability|p2a: Gardevoir|Technician|[from] ability: Trace|[of] p1a: Persian\n|move|p1a: Persian|U-turn|p2a: Gardevoir\n|-damage|p2a: Gardevoir|169\/246\n|-damage|p1a: Persian|26\/258|[from] item: Life Orb\n|\n|t:|1657229903\n|switch|p1a: Diancie|Diancie, L84|155\/221\n|\n|-sideend|p1: PyetroSenpaiFds|move: Light Screen\n|upkeep\n|turn|18\n|j| minuto dragneel\n|\n|t:|1657229908\n|detailschange|p2a: Gardevoir|Gardevoir-Mega, L82, M\n|-mega|p2a: Gardevoir|Gardevoir|Gardevoirite\n|move|p2a: Gardevoir|Hyper Voice|p1a: Diancie\n|-damage|p1a: Diancie|47\/221\n|move|p1a: Diancie|Diamond Storm|p2a: Gardevoir\n|-damage|p2a: Gardevoir|31\/246\n|\n|upkeep\n|turn|19\n|\n|t:|1657229912\n|move|p2a: Gardevoir|Hyper Voice|p1a: Diancie\n|-damage|p1a: Diancie|0 fnt\n|faint|p1a: Diancie\n|\n|upkeep\n|\n|t:|1657229914\n|switch|p1a: Persian|Persian, L88, F|26\/258\n|turn|20\n|l| minuto dragneel\n|c| combo porreio|vai batata vai\n|\n|t:|1657229935\n|switch|p2a: Reshiram|Reshiram, L76|226\/277\n|-ability|p2a: Reshiram|Turboblaze\n|move|p1a: Persian|U-turn|p2a: Reshiram\n|-resisted|p2a: Reshiram\n|-damage|p2a: Reshiram|199\/277\n|-damage|p1a: Persian|1\/258|[from] item: Life Orb\n|\n|t:|1657229954\n|switch|p1a: Cryogonal|Cryogonal, L88|283\/283\n|\n|-heal|p2a: Reshiram|216\/277|[from] item: Leftovers\n|upkeep\n|turn|21\n|\n|t:|1657229958\n|move|p1a: Cryogonal|Toxic|p2a: Reshiram\n|-status|p2a: Reshiram|tox\n|move|p2a: Reshiram|Toxic|p1a: Cryogonal\n|-status|p1a: Cryogonal|tox\n|\n|-heal|p2a: Reshiram|233\/277 tox|[from] item: Leftovers\n|-damage|p1a: Cryogonal|266\/283 tox|[from] psn\n|-damage|p2a: Reshiram|216\/277 tox|[from] psn\n|upkeep\n|turn|22\n|\n|t:|1657229963\n|switch|p1a: Chesnaught|Chesnaught, L82, F|278\/278 slp\n|move|p2a: Reshiram|Blue Flare|p1a: Chesnaught\n|-supereffective|p1a: Chesnaught\n|-damage|p1a: Chesnaught|0 fnt\n|faint|p1a: Chesnaught\n|\n|-heal|p2a: Reshiram|233\/277 tox|[from] item: Leftovers\n|-damage|p2a: Reshiram|199\/277 tox|[from] psn\n|upkeep\n|\n|t:|1657229969\n|switch|p1a: Blaziken|Blaziken, L76, M|247\/247\n|turn|23\n|\n|t:|1657229975\n|detailschange|p1a: Blaziken|Blaziken-Mega, L76, M\n|-mega|p1a: Blaziken|Blaziken|Blazikenite\n|move|p1a: Blaziken|Swords Dance|p1a: Blaziken\n|-boost|p1a: Blaziken|atk|2\n|move|p2a: Reshiram|Dragon Pulse|p1a: Blaziken\n|-damage|p1a: Blaziken|121\/247\n|\n|-heal|p2a: Reshiram|216\/277 tox|[from] item: Leftovers\n|-damage|p2a: Reshiram|165\/277 tox|[from] psn\n|-ability|p1a: Blaziken|Speed Boost|boost\n|-boost|p1a: Blaziken|spe|1\n|upkeep\n|turn|24\n|\n|t:|1657229980\n|move|p1a: Blaziken|High Jump Kick|p2a: Reshiram\n|-damage|p2a: Reshiram|0 fnt\n|faint|p2a: Reshiram\n|\n|-ability|p1a: Blaziken|Speed Boost|boost\n|-boost|p1a: Blaziken|spe|1\n|upkeep\n|c|\u2606PyetroSenpaiFds|gg\n|c|\u2606Batataplays|we losy\n|\n|t:|1657229987\n|switch|p2a: Persian|Persian-Alola, L88, F|190\/258\n|turn|25\n|c|\u2606Batataplays|vc\n|c|\u2606Batataplays|\u00e9 bom?\n|c|\u2606PyetroSenpaiFds|quem?\n|c|\u2606Batataplays|vc\n|c|\u2606Batataplays|\u00e9 bom?\n|c|\u2606PyetroSenpaiFds|n\u00e3o sei\n|c|\u2606Batataplays|clica\n|c|\u2606PyetroSenpaiFds|to vendo isso\n|c|\u2606Batataplays|HJk\n|c|\u2606Batataplays|hjl\n|inactive|Batataplays has 120 seconds left.\n|c|\u2606Batataplays|se tu \u00e9 bom\n|c|\u2606Batataplays|apenas clique\n|c|\u2606PyetroSenpaiFds|tu tem protect?\n|c|\u2606PyetroSenpaiFds|se tu tiver eu n\u00e3o clico\n|c|\u2606Batataplays|tenho nao\n|c|\u2606Batataplays|rlx\n|\n|t:|1657230044\n|move|p1a: Blaziken|High Jump Kick|p2a: Persian|[miss]\n|-miss|p1a: Blaziken|p2a: Persian\n|-damage|p1a: Blaziken|0 fnt|[from] highjumpkick\n|faint|p1a: Blaziken\n|move|p2a: Persian|Power Gem|p1: Blaziken|[notarget]\n|-fail|p2a: Persian\n|\n|upkeep\n|c|\u2606PyetroSenpaiFds|pqp kkkkkkkkkkkkkkkkkkkkkkkkkkkkkkkk\n|\n|t:|1657230051\n|switch|p1a: Cryogonal|Cryogonal, L88|266\/283 tox\n|turn|26\n|c|\u2606Batataplays|KKKKKKKK\n|c|\u2606Batataplays|EU SOU GENIO\n|\n|t:|1657230062\n|move|p2a: Persian|Nasty Plot|p2a: Persian\n|-boost|p2a: Persian|spa|2\n|move|p1a: Cryogonal|Ice Beam|p2a: Persian\n|-damage|p2a: Persian|61\/258\n|\n|-heal|p1a: Cryogonal|283\/283 tox|[from] item: Leftovers\n|-damage|p1a: Cryogonal|266\/283 tox|[from] psn\n|upkeep\n|turn|27\n|c|\u2606PyetroSenpaiFds|mas como tu mata?\n|c|\u2606PyetroSenpaiFds|eu n tomo HKO\n|c|\u2606PyetroSenpaiFds|s\u00f3 com flich\n|\n|t:|1657230077\n|-zpower|p2a: Persian\n|move|p2a: Persian|Black Hole Eclipse|p1a: Cryogonal|[zeffect]\n|-damage|p1a: Cryogonal|61\/283 tox\n|move|p1a: Cryogonal|Ice Beam|p2a: Persian\n|-damage|p2a: Persian|0 fnt\n|faint|p2a: Persian\n|\n|-heal|p1a: Cryogonal|78\/283 tox|[from] item: Leftovers\n|-damage|p1a: Cryogonal|44\/283 tox|[from] psn\n|upkeep\n|c|\u2606PyetroSenpaiFds|ata\n|\n|t:|1657230079\n|switch|p2a: Gardevoir|Gardevoir-Mega, L82, M|31\/246\n|turn|28\n|c|\u2606PyetroSenpaiFds|entendo\n|c|\u2606PyetroSenpaiFds|kkkkkkk\n|c|\u2606PyetroSenpaiFds|ahaha\n|c|\u2606PyetroSenpaiFds|kk\n|c|\u2606Batataplays|mas tu ganhou\n|\n|t:|1657230089\n|move|p1a: Cryogonal|Ice Beam|p2a: Gardevoir\n|-damage|p2a: Gardevoir|0 fnt\n|faint|p2a: Gardevoir\n|\n|win|PyetroSenpaiFds\n|n|\u2606PyetroSenpaiFds|pyetrosenpaifds\n|n|\u2606Batataplays|batataplays\n|n| Empoleon O|empoleono\n|n| combo porreio|comboporreio\n|c|\u2606Batataplays|gg.\n|c|\u2606Batataplays|mt bom cara\n|c|\u2606PyetroSenpaiFds|gg\n|c|\u2606PyetroSenpaiFds|wp\n|c|\u2606Batataplays|vlww\n|l|\u2606Batataplays\n","inputlog":">version 11c68141c380f61e2da7046fb748694845aecef0\n>start {\"formatid\":\"gen7randombattle@@@team preview\",\"seed\":[49398,1143,6763,20451],\"rated\":\"Tournament battle\"}\n>player p1 {\"name\":\"PyetroSenpaiFds\",\"avatar\":\"leon-tower\",\"rating\":0,\"seed\":[6444,26059,31379,61122]}\n>player p2 {\"name\":\"Batataplays\",\"avatar\":\"265\",\"rating\":0,\"seed\":[47609,25924,60126,14721]}\n>chat \u2606PyetroSenpaiFds|ta vendo\n>chat \u2606PyetroSenpaiFds|outro time mt bom\n>chat \u2606Batataplays|time de waifus\n>chat  QM2 betinha|batataplays pegou o persian picado \n>chat \u2606Batataplays|!dt registeel\n>chat \u2606PyetroSenpaiFds|muk alolan bela waifu\n>p1 team 6, 2, 3, 4, 5, 1\n>p2 team 6, 2, 3, 4, 5, 1\n>p1 move fakeout\n>p2 move pursuit\n>p1 move return\n>p2 move pursuit\n>p1 move uturn\n>p2 switch 6\n>p1 switch 2\n>chat \u2606PyetroSenpaiFds|a, qual foi\n>p1 move earthquake\n>p2 switch 6\n>p2 switch 3\n>p1 switch 5\n>p2 move hypnosis\n>p1 switch 2\n>p2 switch 4\n>p1 move uturn\n>p2 switch 6\n>p1 switch 5\n>p1 move flareblitz\n>p2 move stealthrock\n>p2 switch 2\n>p1 switch 6\n>p2 move dragonpulse\n>p1 move lightscreen\n>p2 switch 5\n>p1 move diamondstorm\n>p2 move gigadrain\n>p1 switch 6\n>p2 move gigadrain\n>p1 move earthquake\n>p2 move psychic\n>p1 move flareblitz\n>p2 switch 5\n>p1 move flareblitz\n>p2 switch 5\n>p1 switch 5\n>p2 switch 6\n>p1 move fakeout\n>p2 switch 4\n>p1 move uturn\n>p2 switch 4\n>p1 switch 6\n>p1 move diamondstorm\n>p2 move hypervoice mega\n>p1 move diamondstorm\n>p2 move hypervoice\n>p1 switch 6\n>chat  combo porreio|vai batata vai\n>p1 move uturn\n>p2 switch 5\n>p1 switch 4\n>p1 move toxic\n>p2 move toxic\n>p1 switch 2\n>p2 move blueflare\n>p1 switch 3\n>p1 move swordsdance mega\n>p2 move dragonpulse\n>p1 move highjumpkick\n>p2 move dragonpulse\n>chat \u2606PyetroSenpaiFds|gg\n>chat \u2606Batataplays|we losy\n>p2 switch 4\n>chat \u2606Batataplays|vc\n>chat \u2606Batataplays|\u00e9 bom?\n>chat \u2606PyetroSenpaiFds|quem?\n>chat \u2606Batataplays|vc\n>chat \u2606Batataplays|\u00e9 bom?\n>chat \u2606PyetroSenpaiFds|n\u00e3o sei\n>chat \u2606Batataplays|clica\n>chat \u2606PyetroSenpaiFds|to vendo isso\n>chat \u2606Batataplays|HJk\n>chat \u2606Batataplays|hjl\n>chat \u2606Batataplays|se tu \u00e9 bom\n>chat \u2606Batataplays|apenas clique\n>chat \u2606PyetroSenpaiFds|tu tem protect?\n>chat \u2606PyetroSenpaiFds|se tu tiver eu n\u00e3o clico\n>chat \u2606Batataplays|tenho nao\n>chat \u2606Batataplays|rlx\n>p1 move highjumpkick\n>p2 move powergem\n>chat \u2606PyetroSenpaiFds|pqp kkkkkkkkkkkkkkkkkkkkkkkkkkkkkkkk\n>p1 switch 2\n>chat \u2606Batataplays|KKKKKKKK\n>chat \u2606Batataplays|EU SOU GENIO\n>p1 move icebeam\n>p2 move nastyplot\n>chat \u2606PyetroSenpaiFds|mas como tu mata?\n>chat \u2606PyetroSenpaiFds|eu n tomo HKO\n>chat \u2606PyetroSenpaiFds|s\u00f3 com flich\n>p1 move icebeam\n>p2 move darkpulse zmove\n>chat \u2606PyetroSenpaiFds|ata\n>p2 switch 5\n>chat \u2606PyetroSenpaiFds|entendo\n>chat \u2606PyetroSenpaiFds|kkkkkkk\n>chat \u2606PyetroSenpaiFds|ahaha\n>chat \u2606PyetroSenpaiFds|kk\n>chat \u2606Batataplays|mas tu ganhou\n>p1 move icebeam\n>p2 move hypervoice","uploadtime":1657230089,"views":6,"p1id":"pyetrosenpaifds","p2id":"batataplays","formatid":"gen7randombattle","rating":0,"private":0,"password":null}