{"id":"gen7ou-700515580","p1":"Toxabelle","p2":"Zeusen's Alt Acc","format":"gen7ou","log":"|j|\u2606Toxabelle\n|j|\u2606Zeusen's Alt Acc\n|inactive|Battle timer is ON: inactive players will automatically lose when time's up.\n|player|p1|Toxabelle|101\n|player|p2|Zeusen's Alt Acc|54\n|teamsize|p1|6\n|teamsize|p2|6\n|gametype|singles\n|gen|7\n|tier|[Gen 7] OU\n|rated|Tournament battle\n|rule|Sleep Clause Mod: Limit one foe put to sleep\n|rule|Species Clause: Limit one of each Pok\u00e9mon\n|rule|OHKO Clause: OHKO moves are banned\n|rule|Moody Clause: Moody is banned\n|rule|Evasion Moves Clause: Evasion moves are banned\n|rule|Endless Battle Clause: Forcing endless battles is banned\n|rule|HP Percentage Mod: HP is shown in percentages\n|clearpoke\n|poke|p1|Scizor, M|item\n|poke|p1|Greninja, M|item\n|poke|p1|Gengar, F|item\n|poke|p1|Blacephalon|item\n|poke|p1|Mimikyu, M|item\n|poke|p1|Landorus-Therian, M|item\n|poke|p2|Heatran, M|item\n|poke|p2|Scizor, M|item\n|poke|p2|Tapu Bulu|item\n|poke|p2|Zygarde|item\n|poke|p2|Zapdos|item\n|poke|p2|Greninja, M|item\n|teampreview\n|c|\u2606Zeusen's Alt Acc|hf\n|j| Omari P\n|j| l Mamoswine l\n|j| Sambo\n|c|\u2606Toxabelle|hf\n|j| Explosion Badger\n|j| cocozao\n|j| reginicath\n|\n|start\n|switch|p1a: Gengar|Gengar, F|100\/100\n|switch|p2a: Greninja|Greninja, M|100\/100\n|turn|1\n|j| Twelfth\n|j| Orai\n|j| axelduif\n|j| LetterBeez\n|\n|move|p2a: Greninja|U-turn|p1a: Gengar\n|-start|p2a: Greninja|typechange|Bug|[from] Protean\n|-resisted|p1a: Gengar\n|-damage|p1a: Gengar|86\/100\n|j| banded pex\n|j| JiaLe Zhao 248\n|c| Twelfth|ghoooost spam\n|c| Omari P|lol\n|\n|switch|p2a: Zygarde|Zygarde|100\/100\n|-ability|p2a: Zygarde|Aura Break\n|move|p1a: Gengar|Focus Blast|p2a: Zygarde\n|-damage|p2a: Zygarde|60\/100\n|-unboost|p2a: Zygarde|spd|1\n|\n|upkeep\n|turn|2\n|c| LetterBeez|spoopy\n|c| Omari P|almost identical squads\n|j| new frieza\n|c|\u2606Toxabelle|identical?\n|c| Twelfth|sweet def drop\n|\n|switch|p2a: Scizor|Scizor, M|100\/100\n|move|p1a: Gengar|Shadow Ball|p2a: Scizor\n|-crit|p2a: Scizor\n|-damage|p2a: Scizor|30\/100\n|\n|upkeep\n|turn|3\n|j| Sabik94\n|c| Twelfth|oh gawd\n|c|\u2606Zeusen's Alt Acc|damn\n|c| Twelfth|gengar\n|c| Explosion Badger|why do i feel like i always watch a person who will be in the finals?\n|l| Sabik94\n|inactive|Zeusen's Alt Acc has 135 seconds left.\n|c|\u2606Zeusen's Alt Acc|im getting fucked hard\n|c| Omari P|zeusen just fyi\n|inactive|Zeusen's Alt Acc has 120 seconds left.\n|c| Omari P|shadow ball does the same damage as fb\n|c|\u2606Toxabelle|yeah\n|c| Omari P|even with the drop it didnt kill\n|j| CaterpieLevanton\n|c|\u2606Toxabelle|cuz S T A B\n|inactive|Zeusen's Alt Acc has 105 seconds left.\n|c|\u2606Toxabelle|it did 40 without\n|c|\u2606Toxabelle|so it does 1.5 after\n|inactive|Zeusen's Alt Acc has 90 seconds left.\n|c|\u2606Toxabelle|its a roll\n|\n|switch|p2a: Heatran|Heatran, M|100\/100\n|move|p1a: Gengar|Shadow Ball|p2a: Heatran\n|-damage|p2a: Heatran|67\/100\n|\n|-heal|p2a: Heatran|73\/100|[from] item: Leftovers\n|upkeep\n|turn|4\n|l| Explosion Badger\n|inactive|Toxabelle has 135 seconds left.\n|inactive|Zeusen's Alt Acc has 135 seconds left.\n|inactive|Zeusen's Alt Acc has 120 seconds left.\n|c| LetterBeez|I believe in u\n|inactive|Zeusen's Alt Acc has 105 seconds left.\n|l| CaterpieLevanton\n|inactive|Zeusen's Alt Acc has 90 seconds left.\n|\n|switch|p2a: Zapdos|Zapdos, shiny|100\/100\n|-ability|p2a: Zapdos|Pressure\n|move|p1a: Gengar|Shadow Ball|p2a: Zapdos\n|-damage|p2a: Zapdos|57\/100\n|\n|-heal|p2a: Zapdos|63\/100|[from] item: Leftovers\n|upkeep\n|turn|5\n|\n|move|p1a: Gengar|Taunt|p2a: Zapdos\n|-start|p2a: Zapdos|move: Taunt\n|cant|p2a: Zapdos|move: Taunt|Roost\n|\n|-heal|p2a: Zapdos|69\/100|[from] item: Leftovers\n|upkeep\n|turn|6\n|\n|move|p1a: Gengar|Shadow Ball|p2a: Zapdos\n|-damage|p2a: Zapdos|30\/100\n|move|p2a: Zapdos|Discharge|p1a: Gengar\n|-damage|p1a: Gengar|28\/100\n|\n|-heal|p2a: Zapdos|36\/100|[from] item: Leftovers\n|upkeep\n|turn|7\n|j| yraf\n|inactive|Zeusen's Alt Acc has 135 seconds left.\n|\n|move|p1a: Gengar|Focus Blast|p2a: Zapdos\n|-resisted|p2a: Zapdos\n|-damage|p2a: Zapdos|16\/100\n|-unboost|p2a: Zapdos|spd|1\n|move|p2a: Zapdos|Discharge|p1a: Gengar\n|-damage|p1a: Gengar|0 fnt\n|faint|p1a: Gengar\n|\n|-heal|p2a: Zapdos|22\/100|[from] item: Leftovers\n|-end|p2a: Zapdos|move: Taunt\n|upkeep\n|j| MagicDerpBus\n|\n|switch|p1a: Blacephalon|Blacephalon|100\/100\n|turn|8\n|\n|move|p1a: Blacephalon|Shadow Ball|p2a: Zapdos\n|-damage|p2a: Zapdos|0 fnt\n|faint|p2a: Zapdos\n|-ability|p1a: Blacephalon|Beast Boost|boost\n|-boost|p1a: Blacephalon|spa|1\n|\n|upkeep\n|\n|switch|p2a: Greninja|Greninja, M|100\/100\n|turn|9\n|c| Omari P|lol\n|c| Omari P|another ghost\n|\n|switch|p1a: Scizor|Scizor, M|100\/100\n|move|p2a: Greninja|Rock Slide|p1a: Scizor\n|-start|p2a: Greninja|typechange|Rock|[from] Protean\n|-damage|p1a: Scizor|73\/100\n|\n|upkeep\n|turn|10\n|c| LetterBeez|Shadow Ball spam is the new psy spam\n|\n|switch|p2a: Scizor|Scizor, M|30\/100\n|switch|p1a: Blacephalon|Blacephalon|100\/100\n|\n|upkeep\n|turn|11\n|\n|switch|p2a: Tapu Bulu|Tapu Bulu|100\/100\n|-fieldstart|move: Grassy Terrain|[from] ability: Grassy Surge|[of] p2a: Tapu Bulu\n|move|p1a: Blacephalon|Shadow Ball|p2a: Tapu Bulu\n|-damage|p2a: Tapu Bulu|71\/100\n|\n|-heal|p2a: Tapu Bulu|77\/100|[from] Grassy Terrain\n|upkeep\n|turn|12\n|\n|switch|p2a: Heatran|Heatran, M|73\/100\n|move|p1a: Blacephalon|Flamethrower|p2a: Heatran\n|-start|p2a: Heatran|ability: Flash Fire\n|\n|-heal|p2a: Heatran|79\/100|[from] item: Leftovers\n|-heal|p2a: Heatran|86\/100|[from] Grassy Terrain\n|upkeep\n|turn|13\n|\n|-zpower|p1a: Blacephalon\n|move|p1a: Blacephalon|Never-Ending Nightmare|p2a: Heatran|[zeffect]\n|-crit|p2a: Heatran\n|-damage|p2a: Heatran|0 fnt\n|faint|p2a: Heatran\n|-ability|p1a: Blacephalon|Beast Boost|boost\n|-boost|p1a: Blacephalon|spa|1\n|\n|upkeep\n|c|\u2606Toxabelle|ooh\n|c|\u2606Toxabelle|sry\n|c|\u2606Toxabelle|that was bs\n|c| LetterBeez|double switch power\n|c| LetterBeez|WOW\n|c| Omari P|lmao\n|c| Omari P|jesus\n|inactive|Zeusen's Alt Acc has 135 seconds left.\n|c| Omari P|this 0 ghost resist\n|c|\u2606Zeusen's Alt Acc|252 SpA Blacephalon Never-Ending Nightmare (160 BP) vs. 248 HP \/ 20+ SpD Heatran: 247-292 (64.1 - 75.8%) -- guaranteed 2HKO after Leftovers recovery\n|inactive|Zeusen's Alt Acc has 120 seconds left.\n|c| Omari P|is not working out against ghost spam\n|c|\u2606Toxabelle|i know it mattered\n|c|\u2606Zeusen's Alt Acc|sigh\n|c|\u2606Toxabelle|thats why im apologizing\n|\n|switch|p2a: Greninja|Greninja, M|100\/100\n|turn|14\n|c|\u2606Toxabelle|on behalf of rng\n|\n|switch|p2a: Scizor|Scizor, M|30\/100\n|move|p1a: Blacephalon|Shadow Ball|p2a: Scizor\n|-damage|p2a: Scizor|0 fnt\n|faint|p2a: Scizor\n|-ability|p1a: Blacephalon|Beast Boost|boost\n|-boost|p1a: Blacephalon|spa|1\n|\n|upkeep\n|c| LetterBeez|well most teams dont have ghost type moves\n|c|\u2606Zeusen's Alt Acc|yeah, im fucked\n|-message|Zeusen's Alt Acc forfeited.\n|\n|win|Toxabelle\n|l|\u2606Zeusen's Alt Acc\n|c| Omari P|LetterBeez thats not an excuse\n|l| Twelfth\n|l| Omari P\n|l|\u2606Toxabelle\n|l| LetterBeez\n|l| axelduif\n|l| Sambo\n|l| MagicDerpBus\n|l| banded pex\n|l| l Mamoswine l\n|j| Explosion Badger\n|l| Explosion Badger\n|l| yraf\n|l| reginicath\n|j| min min\n|l| min min\n|l| Orai\n|l| JiaLe Zhao 248\n|l| cocozao\n","inputlog":null,"uploadtime":1518021529,"views":34,"p1id":"toxabelle","p2id":"zeusensaltacc","formatid":"gen7ou","rating":0,"private":0,"password":null}