{"id":"gen7ou-684837341","p1":"Alolan Aster","p2":"Theycallmekwan","format":"gen7ou","log":"|j|\u2606Alolan Aster\n|j|\u2606Theycallmekwan\n|player|p1|Alolan Aster|52\n|teamsize|p1|6\n|player|p2|Theycallmekwan|1\n|teamsize|p2|6\n|gametype|singles\n|gen|7\n|tier|[Gen 7] OU\n|rated||rule|Sleep Clause Mod: Limit one foe put to sleep\n|rule|Species Clause: Limit one of each Pok\u00e9mon\n|rule|OHKO Clause: OHKO moves are banned\n|rule|Moody Clause: Moody is banned\n|rule|Evasion Moves Clause: Evasion moves are banned\n|rule|Endless Battle Clause: Forcing endless battles is banned\n|rule|HP Percentage Mod: HP is shown in percentages\n|clearpoke\n|poke|p1|Diancie|item\n|poke|p1|Volcanion|item\n|poke|p1|Landorus-Therian, M|item\n|poke|p1|Tapu Lele|item\n|poke|p1|Celesteela|item\n|poke|p1|Latios, M|item\n|poke|p2|Kartana|item\n|poke|p2|Tapu Bulu|item\n|poke|p2|Toxapex, F|item\n|poke|p2|Landorus-Therian, M|item\n|poke|p2|Magearna|item\n|poke|p2|Zygarde|item\n|teampreview|\n|start\n|switch|p1a: Tapu Lele|Tapu Lele|100\/100\n|switch|p2a: Magearna|Magearna|100\/100\n|-fieldstart|move: Psychic Terrain|[from] ability: Psychic Surge|[of] p1a: Tapu Lele\n|turn|1|\n|switch|p1a: Landorus|Landorus-Therian, M|100\/100\n|-ability|p1a: Landorus|Intimidate|boost\n|-unboost|p2a: Magearna|atk|1\n|switch|p2a: Tapu Bulu|Tapu Bulu|100\/100\n|-fieldstart|move: Grassy Terrain|[from] ability: Grassy Surge|[of] p2a: Tapu Bulu\n|\n|upkeep\n|turn|2|\n|move|p2a: Tapu Bulu|Wood Hammer|p1a: Landorus\n|-damage|p1a: Landorus|26\/100\n|-damage|p2a: Tapu Bulu|73\/100|[from] Recoil|[of] p1a: Landorus\n|move|p1a: Landorus|U-turn|p2a: Tapu Bulu\n|-damage|p2a: Tapu Bulu|54\/100|\n|switch|p1a: Tapu Lele|Tapu Lele|100\/100\n|-fieldstart|move: Psychic Terrain|[from] ability: Psychic Surge|[of] p1a: Tapu Lele\n|\n|upkeep\n|turn|3|\n|switch|p2a: Toxapex|Toxapex, F|100\/100\n|move|p1a: Tapu Lele|Psyshock|p2a: Toxapex\n|-supereffective|p2a: Toxapex\n|-damage|p2a: Toxapex|0 fnt\n|faint|p2a: Toxapex\n|\n|upkeep|\n|switch|p2a: Tapu Bulu|Tapu Bulu|54\/100\n|-fieldstart|move: Grassy Terrain|[from] ability: Grassy Surge|[of] p2a: Tapu Bulu\n|turn|4|\n|switch|p1a: Celesteela|Celesteela|100\/100\n|move|p2a: Tapu Bulu|Horn Leech|p1a: Celesteela\n|-resisted|p1a: Celesteela\n|-damage|p1a: Celesteela|89\/100\n|-heal|p2a: Tapu Bulu|61\/100|[from] drain|[of] p1a: Celesteela\n|\n|-heal|p2a: Tapu Bulu|67\/100|[from] Grassy Terrain\n|-heal|p1a: Celesteela|95\/100|[from] item: Leftovers\n|upkeep\n|turn|5\n|inactive|Battle timer is ON: inactive players will automatically lose when time's up. (requested by Theycallmekwan)|\n|switch|p2a: Landorus|Landorus-Therian, M|100\/100\n|-ability|p2a: Landorus|Intimidate|boost\n|-unboost|p1a: Celesteela|atk|1\n|move|p1a: Celesteela|Leech Seed|p2a: Landorus\n|-start|p2a: Landorus|move: Leech Seed\n|\n|-heal|p1a: Celesteela|100\/100|[from] item: Leftovers\n|-damage|p2a: Landorus|88\/100|[from] Leech Seed|[of] p1a: Celesteela\n|upkeep\n|turn|6|\n|move|p2a: Landorus|Stealth Rock|p1a: Celesteela\n|-sidestart|p1: Alolan Aster|move: Stealth Rock\n|move|p1a: Celesteela|Flamethrower|p2a: Landorus\n|-damage|p2a: Landorus|71\/100\n|-status|p2a: Landorus|brn\n|\n|-heal|p2a: Landorus|77\/100 brn|[from] item: Leftovers\n|-damage|p2a: Landorus|64\/100 brn|[from] Leech Seed|[of] p1a: Celesteela\n|-damage|p2a: Landorus|58\/100 brn|[from] brn\n|upkeep\n|turn|7|\n|move|p2a: Landorus|Earthquake|p1a: Celesteela\n|-immune|p1a: Celesteela|[msg]\n|move|p1a: Celesteela|Leech Seed|p2a: Landorus\n|-fail|p1a: Celesteela\n|\n|-heal|p2a: Landorus|64\/100 brn|[from] item: Leftovers\n|-damage|p2a: Landorus|52\/100 brn|[from] Leech Seed|[of] p1a: Celesteela\n|-damage|p2a: Landorus|46\/100 brn|[from] brn\n|upkeep\n|turn|8|\n|move|p2a: Landorus|U-turn|p1a: Celesteela\n|-resisted|p1a: Celesteela\n|-damage|p1a: Celesteela|98\/100|\n|switch|p2a: Zygarde|Zygarde|100\/100\n|-ability|p2a: Zygarde|Aura Break\n|move|p1a: Celesteela|Leech Seed|p2a: Zygarde\n|-start|p2a: Zygarde|move: Leech Seed\n|\n|-heal|p1a: Celesteela|100\/100|[from] item: Leftovers\n|-fieldend|move: Grassy Terrain\n|-damage|p2a: Zygarde|88\/100|[from] Leech Seed|[of] p1a: Celesteela\n|upkeep\n|turn|9|\n|move|p2a: Zygarde|Thousand Arrows|p1a: Celesteela\n|-damage|p1a: Celesteela|47\/100\n|-start|p1a: Celesteela|Smack Down\n|move|p1a: Celesteela|Heavy Slam|p2a: Zygarde\n|-damage|p2a: Zygarde|74\/100\n|\n|-heal|p1a: Celesteela|53\/100|[from] item: Leftovers\n|-damage|p2a: Zygarde|62\/100|[from] Leech Seed|[of] p1a: Celesteela\n|-heal|p1a: Celesteela|64\/100|[silent]\n|upkeep\n|turn|10|\n|move|p1a: Celesteela|Protect|p1a: Celesteela\n|-singleturn|p1a: Celesteela|Protect\n|move|p2a: Zygarde|Thousand Arrows|p1a: Celesteela\n|-activate|p1a: Celesteela|move: Protect\n|\n|-heal|p1a: Celesteela|70\/100|[from] item: Leftovers\n|-damage|p2a: Zygarde|49\/100|[from] Leech Seed|[of] p1a: Celesteela\n|-heal|p1a: Celesteela|81\/100|[silent]\n|upkeep\n|turn|11|\n|switch|p1a: Landorus|Landorus-Therian, M|26\/100\n|-damage|p1a: Landorus|13\/100|[from] Stealth Rock\n|-ability|p1a: Landorus|Intimidate|boost\n|-unboost|p2a: Zygarde|atk|1\n|move|p2a: Zygarde|Thousand Arrows|p1a: Landorus\n|-damage|p1a: Landorus|0 fnt\n|faint|p1a: Landorus\n|\n|upkeep|\n|switch|p1a: Latios|Latios, M|100\/100\n|-damage|p1a: Latios|88\/100|[from] Stealth Rock\n|turn|12|\n|switch|p2a: Landorus|Landorus-Therian, M|46\/100 brn\n|-ability|p2a: Landorus|Intimidate|boost\n|-unboost|p1a: Latios|atk|1\n|move|p1a: Latios|Trick|p2a: Landorus\n|-activate|p1a: Latios|move: Trick|[of] p2a: Landorus\n|-item|p2a: Landorus|Choice Scarf|[from] move: Trick\n|-item|p1a: Latios|Leftovers|[from] move: Trick\n|\n|-heal|p1a: Latios|94\/100|[from] item: Leftovers\n|-damage|p2a: Landorus|40\/100 brn|[from] brn\n|upkeep\n|turn|13|\n|move|p1a: Latios|Defog|p2a: Landorus\n|-unboost|p2a: Landorus|evasion|1\n|-sideend|p1: Alolan Aster|Stealth Rock|[from] move: Defog|[of] p1a: Latios\n|move|p2a: Landorus|U-turn|p1a: Latios\n|-supereffective|p1a: Latios\n|-damage|p1a: Latios|64\/100|\n|switch|p2a: Kartana|Kartana|100\/100\n|\n|-heal|p1a: Latios|70\/100|[from] item: Leftovers\n|upkeep\n|turn|14|\n|move|p2a: Kartana|Knock Off|p1a: Latios\n|-supereffective|p1a: Latios\n|-damage|p1a: Latios|0 fnt\n|-enditem|p1a: Latios|Leftovers|[from] move: Knock Off|[of] p2a: Kartana\n|faint|p1a: Latios\n|-ability|p2a: Kartana|Beast Boost|boost\n|-boost|p2a: Kartana|atk|1\n|\n|upkeep|\n|switch|p1a: Diancie|Diancie|100\/100\n|turn|15|\n|switch|p2a: Landorus|Landorus-Therian, M|40\/100 brn\n|-ability|p2a: Landorus|Intimidate|boost\n|-fail|p1a: Diancie|unboost|[from] ability: Clear Body|[of] p1a: Diancie\n|-mega|p1a: Diancie|Diancie|Diancite\n|detailschange|p1a: Diancie|Diancie-Mega\n|move|p1a: Diancie|Earth Power|p2a: Landorus\n|-immune|p2a: Landorus|[msg]\n|\n|-damage|p2a: Landorus|34\/100 brn|[from] brn\n|upkeep\n|turn|16|\n|switch|p1a: Celesteela|Celesteela|81\/100\n|move|p2a: Landorus|U-turn|p1a: Celesteela\n|-resisted|p1a: Celesteela\n|-damage|p1a: Celesteela|79\/100|\n|switch|p2a: Zygarde|Zygarde|49\/100\n|-ability|p2a: Zygarde|Aura Break\n|\n|-heal|p1a: Celesteela|85\/100|[from] item: Leftovers\n|upkeep\n|turn|17|\n|move|p2a: Zygarde|Thousand Arrows|p1a: Celesteela\n|-damage|p1a: Celesteela|33\/100\n|-start|p1a: Celesteela|Smack Down\n|move|p1a: Celesteela|Leech Seed|p2a: Zygarde\n|-start|p2a: Zygarde|move: Leech Seed\n|\n|-heal|p1a: Celesteela|39\/100|[from] item: Leftovers\n|-damage|p2a: Zygarde|37\/100|[from] Leech Seed|[of] p1a: Celesteela\n|-heal|p1a: Celesteela|50\/100|[silent]\n|upkeep\n|turn|18|\n|switch|p2a: Magearna|Magearna|100\/100\n|move|p1a: Celesteela|Protect|p1a: Celesteela\n|-fail|p1a: Celesteela\n|\n|-heal|p1a: Celesteela|57\/100|[from] item: Leftovers\n|upkeep\n|turn|19|\n|move|p1a: Celesteela|Protect|p1a: Celesteela\n|-singleturn|p1a: Celesteela|Protect\n|move|p2a: Magearna|Thunderbolt|p1a: Celesteela\n|-activate|p1a: Celesteela|move: Protect\n|\n|-heal|p1a: Celesteela|63\/100|[from] item: Leftovers\n|upkeep\n|turn|20|\n|switch|p1a: Tapu Lele|Tapu Lele|100\/100\n|-fieldstart|move: Psychic Terrain|[from] ability: Psychic Surge|[of] p1a: Tapu Lele\n|move|p2a: Magearna|Thunderbolt|p1a: Tapu Lele\n|-damage|p1a: Tapu Lele|68\/100\n|\n|upkeep\n|turn|21|\n|switch|p2a: Tapu Bulu|Tapu Bulu|67\/100\n|-fieldstart|move: Grassy Terrain|[from] ability: Grassy Surge|[of] p2a: Tapu Bulu\n|move|p1a: Tapu Lele|Psyshock|p2a: Tapu Bulu\n|-damage|p2a: Tapu Bulu|10\/100\n|\n|-heal|p1a: Tapu Lele|74\/100|[from] Grassy Terrain\n|-heal|p2a: Tapu Bulu|16\/100|[from] Grassy Terrain\n|upkeep\n|turn|22|\n|move|p1a: Tapu Lele|Psyshock|p2a: Tapu Bulu\n|-damage|p2a: Tapu Bulu|0 fnt\n|faint|p2a: Tapu Bulu\n|\n|-heal|p1a: Tapu Lele|80\/100|[from] Grassy Terrain\n|upkeep|\n|switch|p2a: Magearna|Magearna|100\/100\n|turn|23|\n|switch|p1a: Diancie|Diancie-Mega|100\/100\n|move|p2a: Magearna|Calm Mind|p2a: Magearna\n|-boost|p2a: Magearna|spa|1\n|-boost|p2a: Magearna|spd|1\n|\n|upkeep\n|turn|24|\n|move|p1a: Diancie|Earth Power|p2a: Magearna\n|-supereffective|p2a: Magearna\n|-damage|p2a: Magearna|50\/100\n|move|p2a: Magearna|Shift Gear|p2a: Magearna\n|-boost|p2a: Magearna|spe|2\n|-boost|p2a: Magearna|atk|1\n|\n|-heal|p2a: Magearna|56\/100|[from] Grassy Terrain\n|upkeep\n|turn|25\n|inactive|Theycallmekwan has 135 seconds left.\n|inactive|Theycallmekwan has 120 seconds left.\n|inactive|Theycallmekwan has 105 seconds left.|\n|move|p2a: Magearna|Calm Mind|p2a: Magearna\n|-boost|p2a: Magearna|spa|1\n|-boost|p2a: Magearna|spd|1\n|move|p1a: Diancie|Earth Power|p2a: Magearna\n|-supereffective|p2a: Magearna\n|-damage|p2a: Magearna|21\/100\n|\n|-heal|p2a: Magearna|27\/100|[from] Grassy Terrain\n|-fieldend|move: Grassy Terrain\n|upkeep\n|turn|26\n|inactive|Alolan Aster has 135 seconds left.\n|inactive|Theycallmekwan has 135 seconds left.|\n|-zpower|p2a: Magearna\n|move|p2a: Magearna|Gigavolt Havoc|p1a: Diancie|[zeffect]\n|-damage|p1a: Diancie|0 fnt\n|faint|p1a: Diancie\n|-ability|p2a: Magearna|Soul-Heart|boost\n|-boost|p2a: Magearna|spa|1\n|\n|upkeep|\n|switch|p1a: Tapu Lele|Tapu Lele|80\/100\n|-fieldstart|move: Psychic Terrain|[from] ability: Psychic Surge|[of] p1a: Tapu Lele\n|turn|27|\n|move|p2a: Magearna|Thunderbolt|p1a: Tapu Lele\n|-damage|p1a: Tapu Lele|0 fnt\n|faint|p1a: Tapu Lele\n|-ability|p2a: Magearna|Soul-Heart|boost\n|-boost|p2a: Magearna|spa|1\n|\n|upkeep\n|c|\u2606Theycallmekwan|gg\n|c|\u2606Alolan Aster|gg\n|-message|Alolan Aster forfeited.\n|\n|win|Theycallmekwan\n|l|\u2606Alolan Aster\n","inputlog":null,"uploadtime":1515235609,"views":3,"p1id":"alolanaster","p2id":"theycallmekwan","formatid":"gen7ou","rating":0,"private":0,"password":null}