{"id":"gen7ou-688996973","p1":"jly8","p2":"buyi ygf","format":"gen7ou","log":"|j|\u2606jly8\n|j|\u2606buyi ygf\n|player|p1|jly8|80\n|teamsize|p1|6\n|player|p2|buyi ygf|7\n|teamsize|p2|6\n|gametype|singles\n|gen|7\n|tier|[Gen 7] OU\n|rated||rule|Sleep Clause Mod: Limit one foe put to sleep\n|rule|Species Clause: Limit one of each Pok\u00e9mon\n|rule|OHKO Clause: OHKO moves are banned\n|rule|Moody Clause: Moody is banned\n|rule|Evasion Moves Clause: Evasion moves are banned\n|rule|Endless Battle Clause: Forcing endless battles is banned\n|rule|HP Percentage Mod: HP is shown in percentages\n|clearpoke\n|poke|p1|Blissey, F|item\n|poke|p1|Hawlucha, M|item\n|poke|p1|Tapu Koko|item\n|poke|p1|Ditto|item\n|poke|p1|Gyarados, M|item\n|poke|p1|Landorus-Therian, M|item\n|poke|p2|Diancie|item\n|poke|p2|Zapdos|item\n|poke|p2|Chansey, F|item\n|poke|p2|Tapu Bulu|item\n|poke|p2|Zygarde|item\n|poke|p2|Greninja, M|item\n|teampreview|\n|start\n|switch|p1a: Tapu Koko|Tapu Koko|100\/100\n|switch|p2a: Diancie|Diancie|100\/100\n|-fieldstart|move: Electric Terrain|[from] ability: Electric Surge|[of] p1a: Tapu Koko\n|turn|1|\n|-mega|p2a: Diancie|Diancie|Diancite\n|detailschange|p2a: Diancie|Diancie-Mega\n|move|p2a: Diancie|Protect|p2a: Diancie\n|-singleturn|p2a: Diancie|Protect\n|move|p1a: Tapu Koko|Thunderbolt|p2a: Diancie\n|-activate|p2a: Diancie|move: Protect\n|\n|upkeep\n|turn|2|\n|switch|p2a: Zygarde|Zygarde|100\/100\n|-ability|p2a: Zygarde|Aura Break\n|move|p1a: Tapu Koko|Thunderbolt|p2a: Zygarde\n|-immune|p2a: Zygarde|[msg]\n|\n|upkeep\n|turn|3\n|j| g dong oasdfi9dhf|\n|switch|p1a: Landorus|Landorus-Therian, M|100\/100\n|-ability|p1a: Landorus|Intimidate|boost\n|-unboost|p2a: Zygarde|atk|1\n|move|p2a: Zygarde|Thousand Arrows|p1a: Landorus\n|-damage|p1a: Landorus|63\/100\n|-start|p1a: Landorus|Smack Down\n|\n|-heal|p1a: Landorus|70\/100|[from] item: Leftovers\n|upkeep\n|turn|4\n|l| g dong oasdfi9dhf\n|j| g dong oasdfi9dhf\n|j| qqgeogor\n|j| Philmo|\n|switch|p2a: Zapdos|Zapdos|100\/100\n|move|p1a: Landorus|U-turn|p2a: Zapdos\n|-resisted|p2a: Zapdos\n|-damage|p2a: Zapdos|90\/100\n|-damage|p1a: Landorus|53\/100|[from] item: Rocky Helmet|[of] p2a: Zapdos|\n|switch|p1a: Tapu Koko|Tapu Koko|100\/100\n|\n|upkeep\n|turn|5|\n|switch|p2a: Chansey|Chansey, F|100\/100\n|move|p1a: Tapu Koko|Dazzling Gleam|p2a: Chansey\n|-damage|p2a: Chansey|85\/100\n|\n|-fieldend|move: Electric Terrain\n|upkeep\n|turn|6\n|j| Astraxx\n|inactive|Battle timer is ON: inactive players will automatically lose when time's up. (requested by buyi ygf)|\n|switch|p1a: Blissey|Blissey, F|100\/100\n|move|p2a: Chansey|Stealth Rock|p1a: Blissey\n|-sidestart|p1: jly8|move: Stealth Rock\n|\n|upkeep\n|turn|7\n|l| Philmo|\n|move|p1a: Blissey|Toxic|p2a: Chansey\n|-status|p2a: Chansey|tox\n|move|p2a: Chansey|Toxic|p1a: Blissey\n|-status|p1a: Blissey|tox\n|\n|-damage|p1a: Blissey|94\/100 tox|[from] psn\n|-damage|p2a: Chansey|79\/100 tox|[from] psn\n|upkeep\n|turn|8|\n|-curestatus|p1a: Blissey|tox|[from] ability: Natural Cure\n|switch|p1a: Landorus|Landorus-Therian, M|53\/100\n|-damage|p1a: Landorus|41\/100|[from] Stealth Rock\n|-ability|p1a: Landorus|Intimidate|boost\n|-unboost|p2a: Chansey|atk|1\n|-curestatus|p2a: Chansey|tox|[from] ability: Natural Cure\n|switch|p2a: Diancie|Diancie-Mega|100\/100\n|\n|-heal|p1a: Landorus|47\/100|[from] item: Leftovers\n|upkeep\n|turn|9|\n|switch|p1a: Blissey|Blissey, F|94\/100\n|-damage|p1a: Blissey|82\/100|[from] Stealth Rock\n|move|p2a: Diancie|Moonblast|p1a: Blissey\n|-damage|p1a: Blissey|59\/100\n|\n|-heal|p1a: Blissey|65\/100|[from] item: Leftovers\n|upkeep\n|turn|10|\n|move|p2a: Diancie|Diamond Storm|p1a: Blissey\n|-damage|p1a: Blissey|19\/100\n|move|p1a: Blissey|Wish|p1a: Blissey\n|\n|-heal|p1a: Blissey|25\/100|[from] item: Leftovers\n|upkeep\n|turn|11|\n|move|p1a: Blissey|Protect|p1a: Blissey\n|-singleturn|p1a: Blissey|Protect\n|move|p2a: Diancie|Diamond Storm|p1a: Blissey\n|-activate|p1a: Blissey|move: Protect\n|\n|-heal|p1a: Blissey|75\/100|[from] move: Wish|[wisher] Blissey\n|-heal|p1a: Blissey|81\/100|[from] item: Leftovers\n|upkeep\n|turn|12\n|inactive|buyi ygf has 135 seconds left.|\n|switch|p2a: Tapu Bulu|Tapu Bulu|100\/100\n|-fieldstart|move: Grassy Terrain|[from] ability: Grassy Surge|[of] p2a: Tapu Bulu\n|move|p1a: Blissey|Wish|p1a: Blissey\n|\n|-heal|p1a: Blissey|87\/100|[from] item: Leftovers\n|-heal|p1a: Blissey|93\/100|[from] Grassy Terrain\n|upkeep\n|turn|13\n|inactive|jly8 has 135 seconds left.|\n|switch|p1a: Ditto|Ditto|100\/100\n|-damage|p1a: Ditto|88\/100|[from] Stealth Rock\n|-transform|p1a: Ditto|p2a: Tapu Bulu|[from] ability: Imposter\n|move|p2a: Tapu Bulu|Swords Dance|p2a: Tapu Bulu\n|-boost|p2a: Tapu Bulu|atk|2\n|\n|-heal|p1a: Ditto|100\/100|[from] move: Wish|[wisher] Blissey\n|upkeep\n|turn|14\n|inactive|jly8 has 135 seconds left.\n|inactive|buyi ygf has 135 seconds left.|\n|switch|p1a: Landorus|Landorus-Therian, M|47\/100\n|-damage|p1a: Landorus|34\/100|[from] Stealth Rock\n|-ability|p1a: Landorus|Intimidate|boost\n|-unboost|p2a: Tapu Bulu|atk|1\n|move|p2a: Tapu Bulu|Swords Dance|p2a: Tapu Bulu\n|-boost|p2a: Tapu Bulu|atk|2\n|\n|-heal|p1a: Landorus|40\/100|[from] item: Leftovers\n|upkeep\n|turn|15|\n|move|p2a: Tapu Bulu|Horn Leech|p1a: Landorus\n|-damage|p1a: Landorus|0 fnt\n|faint|p1a: Landorus\n|\n|upkeep\n|inactive|jly8 has 135 seconds left.|\n|switch|p1a: Gyarados|Gyarados, M|100\/100\n|-damage|p1a: Gyarados|76\/100|[from] Stealth Rock\n|-ability|p1a: Gyarados|Intimidate|boost\n|-unboost|p2a: Tapu Bulu|atk|1\n|turn|16|\n|-mega|p1a: Gyarados|Gyarados|Gyaradosite\n|detailschange|p1a: Gyarados|Gyarados-Mega, M\n|-ability|p1a: Gyarados|Mold Breaker\n|move|p1a: Gyarados|Crunch|p2a: Tapu Bulu\n|-resisted|p2a: Tapu Bulu\n|-damage|p2a: Tapu Bulu|77\/100\n|move|p2a: Tapu Bulu|Horn Leech|p1a: Gyarados\n|-supereffective|p1a: Gyarados\n|-damage|p1a: Gyarados|0 fnt\n|-heal|p2a: Tapu Bulu|100\/100|[from] drain|[of] p1a: Gyarados\n|faint|p1a: Gyarados\n|\n|-fieldend|move: Grassy Terrain\n|upkeep|\n|switch|p1a: Ditto|Ditto|100\/100\n|-damage|p1a: Ditto|88\/100|[from] Stealth Rock\n|-transform|p1a: Ditto|p2a: Tapu Bulu|[from] ability: Imposter\n|-fieldstart|move: Grassy Terrain|[from] ability: Grassy Surge|[of] p1a: Ditto\n|turn|17|\n|move|p1a: Ditto|Stone Edge|p2a: Tapu Bulu\n|-damage|p2a: Tapu Bulu|20\/100\n|move|p2a: Tapu Bulu|Horn Leech|p1a: Ditto\n|-resisted|p1a: Ditto\n|-crit|p1a: Ditto\n|-damage|p1a: Ditto|0 fnt\n|-heal|p2a: Tapu Bulu|67\/100|[from] drain|[of] p1a: Ditto\n|faint|p1a: Ditto\n|\n|-heal|p2a: Tapu Bulu|73\/100|[from] Grassy Terrain\n|upkeep\n|-message|jly8 forfeited.\n|\n|win|buyi ygf\n|l|\u2606jly8\n|raw|jly8's rating: 1781 &rarr; <strong>1757<\/strong><br \/>(-24 for losing)\n|raw|buyi ygf's rating: 1714 &rarr; <strong>1738<\/strong><br \/>(+24 for winning)\n|l| Astraxx\n|l|\u2606buyi ygf\n|j| Davy the Eevee\n|l| Davy the Eevee\n","inputlog":null,"uploadtime":1515981530,"views":15,"p1id":"jly8","p2id":"buyiygf","formatid":"gen7ou","rating":1738,"private":0,"password":null}