{"id":"gen7ou-686575505","p1":"Alolan Aster","p2":"Winter Roses \u263e","format":"gen7ou","log":"|j|\u2606Alolan Aster\n|j|\u203dWinter Roses \u263e\n|player|p1|Alolan Aster|52\n|teamsize|p1|6\n|player|p2|Winter Roses \u263e|265\n|teamsize|p2|6\n|gametype|singles\n|gen|7\n|tier|[Gen 7] OU\n|rated||rule|Sleep Clause Mod: Limit one foe put to sleep\n|rule|Species Clause: Limit one of each Pok\u00e9mon\n|rule|OHKO Clause: OHKO moves are banned\n|rule|Moody Clause: Moody is banned\n|rule|Evasion Moves Clause: Evasion moves are banned\n|rule|Endless Battle Clause: Forcing endless battles is banned\n|rule|HP Percentage Mod: HP is shown in percentages\n|clearpoke\n|poke|p1|Lopunny, M|item\n|poke|p1|Tyranitar, M|item\n|poke|p1|Excadrill, M|item\n|poke|p1|Skarmory, M|item\n|poke|p1|Clefable, M|item\n|poke|p1|Tangrowth, M|item\n|poke|p2|Charizard, M|item\n|poke|p2|Kartana|item\n|poke|p2|Tapu Lele|item\n|poke|p2|Landorus-Therian, M|item\n|poke|p2|Magearna|item\n|poke|p2|Greninja, M|item\n|teampreview\n|inactive|Battle timer is ON: inactive players will automatically lose when time's up. (requested by Winter Roses \u263e)|\n|start\n|switch|p1a: Xen vo dietike|Clefable, M|100\/100\n|switch|p2a: Tapu Lele|Tapu Lele|100\/100\n|-fieldstart|move: Psychic Terrain|[from] ability: Psychic Surge|[of] p2a: Tapu Lele\n|turn|1|\n|switch|p1a: Miami Yacine|Tangrowth, M|100\/100\n|move|p2a: Tapu Lele|Calm Mind|p2a: Tapu Lele\n|-boost|p2a: Tapu Lele|spa|1\n|-boost|p2a: Tapu Lele|spd|1\n|\n|upkeep\n|turn|2|\n|switch|p1a: The Cratez|Tyranitar, M|100\/100\n|-weather|Sandstorm|[from] ability: Sand Stream|[of] p1a: The Cratez\n|-zpower|p2a: Tapu Lele\n|move|p2a: Tapu Lele|Shattered Psyche|p1a: The Cratez|[zeffect]\n|-immune|p1a: The Cratez|[msg]\n|\n|-weather|Sandstorm|[upkeep]\n|-damage|p2a: Tapu Lele|94\/100|[from] sandstorm\n|upkeep\n|turn|3\n|inactive|Alolan Aster has 135 seconds left.|\n|switch|p1a: Miami Yacine|Tangrowth, M|100\/100\n|move|p2a: Tapu Lele|Moonblast|p1a: Miami Yacine\n|-damage|p1a: Miami Yacine|52\/100\n|-unboost|p1a: Miami Yacine|spa|1\n|\n|-weather|Sandstorm|[upkeep]\n|-damage|p2a: Tapu Lele|88\/100|[from] sandstorm\n|-damage|p1a: Miami Yacine|46\/100|[from] sandstorm\n|upkeep\n|turn|4|\n|switch|p1a: The Cratez|Tyranitar, M|100\/100\n|move|p2a: Tapu Lele|Hidden Power|p1a: The Cratez\n|-resisted|p1a: The Cratez\n|-damage|p1a: The Cratez|90\/100\n|\n|-weather|Sandstorm|[upkeep]\n|-damage|p2a: Tapu Lele|82\/100|[from] sandstorm\n|upkeep\n|turn|5\n|inactive|Alolan Aster has 135 seconds left.\n|inactive|Alolan Aster has 120 seconds left.\n|inactive|Alolan Aster has 105 seconds left.\n|inactive|Alolan Aster has 90 seconds left.\n|inactive|Alolan Aster has 75 seconds left.|\n|switch|p1a: Jugglerz|Excadrill, M, shiny|100\/100\n|move|p2a: Tapu Lele|Moonblast|p1a: Jugglerz\n|-resisted|p1a: Jugglerz\n|-damage|p1a: Jugglerz|50\/100\n|\n|-weather|Sandstorm|[upkeep]\n|-damage|p2a: Tapu Lele|76\/100|[from] sandstorm\n|-heal|p1a: Jugglerz|56\/100|[from] item: Leftovers\n|-fieldend|move: Psychic Terrain\n|upkeep\n|turn|6|\n|switch|p2a: Landorus|Landorus-Therian, M|100\/100\n|-ability|p2a: Landorus|Intimidate|boost\n|-unboost|p1a: Jugglerz|atk|1\n|move|p1a: Jugglerz|Iron Head|p2a: Landorus\n|-damage|p2a: Landorus|81\/100\n|\n|-weather|none\n|-heal|p1a: Jugglerz|62\/100|[from] item: Leftovers\n|-heal|p2a: Landorus|87\/100|[from] item: Leftovers\n|upkeep\n|turn|7|\n|switch|p1a: Xen vo dietike|Clefable, M|100\/100\n|move|p2a: Landorus|U-turn|p1a: Xen vo dietike\n|-resisted|p1a: Xen vo dietike\n|-damage|p1a: Xen vo dietike|92\/100|\n|switch|p2a: Tapu Lele|Tapu Lele|76\/100\n|-fieldstart|move: Psychic Terrain|[from] ability: Psychic Surge|[of] p2a: Tapu Lele\n|\n|-heal|p1a: Xen vo dietike|98\/100|[from] item: Leftovers\n|upkeep\n|turn|8|\n|move|p2a: Tapu Lele|Moonblast|p1a: Xen vo dietike\n|-damage|p1a: Xen vo dietike|50\/100\n|move|p1a: Xen vo dietike|Thunder Wave|p2a: Tapu Lele\n|-status|p2a: Tapu Lele|par\n|\n|-heal|p1a: Xen vo dietike|56\/100|[from] item: Leftovers\n|upkeep\n|turn|9|\n|switch|p1a: The Cratez|Tyranitar, M|90\/100\n|-weather|Sandstorm|[from] ability: Sand Stream|[of] p1a: The Cratez\n|cant|p2a: Tapu Lele|par\n|\n|-weather|Sandstorm|[upkeep]\n|-damage|p2a: Tapu Lele|70\/100 par|[from] sandstorm\n|upkeep\n|turn|10|\n|move|p1a: The Cratez|Pursuit|p2a: Tapu Lele\n|-damage|p2a: Tapu Lele|28\/100 par\n|cant|p2a: Tapu Lele|par\n|\n|-weather|Sandstorm|[upkeep]\n|-damage|p2a: Tapu Lele|22\/100 par|[from] sandstorm\n|upkeep\n|turn|11|\n|move|p1a: The Cratez|Pursuit|p2a: Tapu Lele\n|-damage|p2a: Tapu Lele|0 fnt\n|faint|p2a: Tapu Lele\n|\n|-weather|Sandstorm|[upkeep]\n|-fieldend|move: Psychic Terrain\n|upkeep|\n|switch|p2a: Charizard|Charizard, M|100\/100\n|turn|12\n|inactive|Alolan Aster has 135 seconds left.|\n|switch|p1a: Xen vo dietike|Clefable, M|56\/100\n|-mega|p2a: Charizard|Charizard|Charizardite X\n|detailschange|p2a: Charizard|Charizard-Mega-X, M\n|move|p2a: Charizard|Flare Blitz|p1a: Xen vo dietike\n|-damage|p1a: Xen vo dietike|0 fnt\n|-damage|p2a: Charizard|76\/100|[from] Recoil|[of] p1a: Xen vo dietike\n|faint|p1a: Xen vo dietike\n|\n|-weather|Sandstorm|[upkeep]\n|-damage|p2a: Charizard|70\/100|[from] sandstorm\n|upkeep|\n|switch|p1a: The Cratez|Tyranitar, M|90\/100\n|turn|13|\n|switch|p2a: Landorus|Landorus-Therian, M|87\/100\n|-ability|p2a: Landorus|Intimidate|boost\n|-unboost|p1a: The Cratez|atk|1\n|move|p1a: The Cratez|Stone Edge|p2a: Landorus\n|-damage|p2a: Landorus|46\/100\n|\n|-weather|none\n|-heal|p2a: Landorus|52\/100|[from] item: Leftovers\n|upkeep\n|turn|14|\n|switch|p1a: Bushido|Skarmory, M|100\/100\n|move|p2a: Landorus|U-turn|p1a: Bushido\n|-resisted|p1a: Bushido\n|-damage|p1a: Bushido|97\/100\n|-damage|p2a: Landorus|35\/100|[from] item: Rocky Helmet|[of] p1a: Bushido|\n|switch|p2a: Charizard|Charizard-Mega-X, M|70\/100\n|\n|upkeep\n|turn|15|\n|switch|p1a: The Cratez|Tyranitar, M|90\/100\n|-weather|Sandstorm|[from] ability: Sand Stream|[of] p1a: The Cratez\n|move|p2a: Charizard|Earthquake|p1a: The Cratez\n|-supereffective|p1a: The Cratez\n|-damage|p1a: The Cratez|23\/100\n|\n|-weather|Sandstorm|[upkeep]\n|-damage|p2a: Charizard|64\/100|[from] sandstorm\n|upkeep\n|turn|16|\n|move|p2a: Charizard|Flare Blitz|p1a: The Cratez\n|-resisted|p1a: The Cratez\n|-damage|p1a: The Cratez|0 fnt\n|-damage|p2a: Charizard|55\/100|[from] Recoil|[of] p1a: The Cratez\n|faint|p1a: The Cratez\n|\n|-weather|Sandstorm|[upkeep]\n|-damage|p2a: Charizard|49\/100|[from] sandstorm\n|upkeep|\n|switch|p1a: Bausa|Lopunny, M, shiny|100\/100\n|turn|17|\n|switch|p2a: Landorus|Landorus-Therian, M|35\/100\n|-ability|p2a: Landorus|Intimidate|boost\n|-unboost|p1a: Bausa|atk|1\n|-mega|p1a: Bausa|Lopunny|Lopunnite\n|detailschange|p1a: Bausa|Lopunny-Mega, M, shiny\n|move|p1a: Bausa|Frustration|p2a: Landorus\n|-crit|p2a: Landorus\n|-damage|p2a: Landorus|0 fnt\n|faint|p2a: Landorus\n|\n|-weather|Sandstorm|[upkeep]\n|-damage|p1a: Bausa|95\/100|[from] sandstorm\n|upkeep\n|inactive|Winter Roses \u263e has 135 seconds left.\n|inactive|Winter Roses \u263e has 120 seconds left.|\n|switch|p2a: Magearna|Magearna|100\/100\n|turn|18|\n|switch|p1a: Jugglerz|Excadrill, M, shiny|62\/100\n|move|p2a: Magearna|Hidden Power|p1a: Jugglerz\n|-supereffective|p1a: Jugglerz\n|-damage|p1a: Jugglerz|18\/100\n|\n|-weather|Sandstorm|[upkeep]\n|-heal|p1a: Jugglerz|24\/100|[from] item: Leftovers\n|upkeep\n|turn|19|\n|move|p1a: Jugglerz|Earthquake|p2a: Magearna\n|-supereffective|p2a: Magearna\n|-damage|p2a: Magearna|16\/100\n|move|p2a: Magearna|Hidden Power|p1a: Jugglerz\n|-supereffective|p1a: Jugglerz\n|-damage|p1a: Jugglerz|0 fnt\n|faint|p1a: Jugglerz\n|-ability|p2a: Magearna|Soul-Heart|boost\n|-boost|p2a: Magearna|spa|1\n|\n|-weather|none\n|upkeep|\n|switch|p1a: Bausa|Lopunny-Mega, M, shiny|95\/100\n|turn|20|\n|move|p1a: Bausa|Fake Out|p2a: Magearna\n|-resisted|p2a: Magearna\n|-damage|p2a: Magearna|7\/100\n|cant|p2a: Magearna|flinch\n|\n|upkeep\n|turn|21|\n|move|p1a: Bausa|Frustration|p2a: Magearna\n|-resisted|p2a: Magearna\n|-crit|p2a: Magearna\n|-damage|p2a: Magearna|0 fnt\n|faint|p2a: Magearna\n|\n|upkeep|\n|switch|p2a: Kartana|Kartana, shiny|100\/100\n|turn|22|\n|switch|p2a: Charizard|Charizard-Mega-X, M|49\/100\n|switch|p1a: Bushido|Skarmory, M|97\/100\n|\n|upkeep\n|turn|23|\n|move|p2a: Charizard|Flare Blitz|p1a: Bushido\n|-supereffective|p1a: Bushido\n|-damage|p1a: Bushido|5\/100\n|-damage|p2a: Charizard|33\/100|[from] item: Rocky Helmet|[of] p1a: Bushido\n|-damage|p2a: Charizard|0 fnt|[from] Recoil|[of] p1a: Bushido\n|faint|p2a: Charizard\n|move|p1a: Bushido|Whirlwind|p2: Charizard|[notarget]\n|-notarget\n|\n|upkeep|\n|switch|p2a: Greninja|Greninja, M|100\/100\n|turn|24|\n|switch|p1a: Miami Yacine|Tangrowth, M|79\/100\n|move|p2a: Greninja|Ice Beam|p1a: Miami Yacine\n|-supereffective|p1a: Miami Yacine\n|-crit|p1a: Miami Yacine\n|-damage|p1a: Miami Yacine|0 fnt\n|faint|p1a: Miami Yacine\n|-activate|p2a: Greninja|ability: Battle Bond\n|detailschange|p2a: Greninja|Greninja-Ash, M\n|\n|upkeep|\n|switch|p1a: Bausa|Lopunny-Mega, M, shiny|95\/100\n|turn|25|\n|move|p1a: Bausa|High Jump Kick|p2a: Greninja\n|-supereffective|p2a: Greninja\n|-damage|p2a: Greninja|0 fnt\n|faint|p2a: Greninja\n|\n|upkeep|\n|switch|p2a: Kartana|Kartana, shiny|100\/100\n|turn|26|\n|move|p2a: Kartana|Sacred Sword|p1a: Bausa\n|-supereffective|p1a: Bausa\n|-damage|p1a: Bausa|0 fnt\n|faint|p1a: Bausa\n|-ability|p2a: Kartana|Beast Boost|boost\n|-boost|p2a: Kartana|atk|1\n|\n|upkeep\n|-message|Alolan Aster forfeited.\n|\n|win|Winter Roses \u263e\n|l|\u2606Alolan Aster\n|raw|Alolan Aster's rating: 1654 &rarr; <strong>1636<\/strong><br \/>(-18 for losing)\n|raw|Winter Roses \u263e's rating: 1689 &rarr; <strong>1707<\/strong><br \/>(+18 for winning)\n","inputlog":null,"uploadtime":1515554516,"views":6,"p1id":"alolanaster","p2id":"winterroses","formatid":"gen7ou","rating":1636,"private":0,"password":null}