{"id":"gen7ou-688778043","p1":"Moskito Cup","p2":"Okinara","format":"gen7ou","log":"|j|\u2606Moskito Cup\n|j|\u2606Okinara\n|player|p1|Moskito Cup|101\n|teamsize|p1|6\n|player|p2|Okinara|43\n|teamsize|p2|6\n|gametype|singles\n|gen|7\n|tier|[Gen 7] OU\n|rated||rule|Sleep Clause Mod: Limit one foe put to sleep\n|rule|Species Clause: Limit one of each Pok\u00e9mon\n|rule|OHKO Clause: OHKO moves are banned\n|rule|Moody Clause: Moody is banned\n|rule|Evasion Moves Clause: Evasion moves are banned\n|rule|Endless Battle Clause: Forcing endless battles is banned\n|rule|HP Percentage Mod: HP is shown in percentages\n|clearpoke\n|poke|p1|Venusaur, F|item\n|poke|p1|Keldeo-Resolute|item\n|poke|p1|Skarmory, M|item\n|poke|p1|Chansey, F|item\n|poke|p1|Heatran, M|item\n|poke|p1|Bisharp, F|item\n|poke|p2|Magearna|item\n|poke|p2|Greninja, M|item\n|poke|p2|Zapdos|item\n|poke|p2|Landorus-Therian, M|item\n|poke|p2|Latios, M|item\n|poke|p2|Zygarde|item\n|teampreview\n|inactive|Battle timer is ON: inactive players will automatically lose when time's up. (requested by Okinara)\n|raw|<div class=\"broadcast-red\"><strong>Moderated join is set to sync with modchat!<\/strong><br \/>Only users who can speak in modchat can join.<\/div>\n|c|\u2606Moskito Cup|\/log Moskito Cup set modjoin to sync with modchat.\n|raw|<div class=\"broadcast-red\"><strong>Moderated chat was set to +!<\/strong><br \/>Only users of rank + and higher can talk.<\/div>\n|c|\u2606Moskito Cup|\/log Moskito Cup made this room hidden.|\n|start\n|switch|p1a: Keldeo|Keldeo-Resolute|100\/100\n|switch|p2a: Landorus|Landorus-Therian, M|100\/100\n|-ability|p2a: Landorus|Intimidate|boost\n|-unboost|p1a: Keldeo|atk|1\n|turn|1|\n|move|p1a: Keldeo|Scald|p2a: Landorus\n|-supereffective|p2a: Landorus\n|-damage|p2a: Landorus|14\/100\n|-status|p2a: Landorus|brn\n|-zpower|p2a: Landorus\n|move|p2a: Landorus|Supersonic Skystrike|p1a: Keldeo|[zeffect]\n|-supereffective|p1a: Keldeo\n|-damage|p1a: Keldeo|12\/100\n|\n|-heal|p1a: Keldeo|18\/100|[from] item: Leftovers\n|-damage|p2a: Landorus|8\/100 brn|[from] brn\n|upkeep\n|turn|2|\n|switch|p2a: Latios|Latios, M|100\/100\n|move|p1a: Keldeo|Secret Sword|p2a: Latios\n|-resisted|p2a: Latios\n|-damage|p2a: Latios|70\/100\n|\n|-heal|p1a: Keldeo|25\/100|[from] item: Leftovers\n|upkeep\n|turn|3|\n|switch|p1a: Heatran|Heatran, M|100\/100\n|move|p2a: Latios|Draco Meteor|p1a: Heatran\n|-resisted|p1a: Heatran\n|-damage|p1a: Heatran|71\/100\n|-unboost|p2a: Latios|spa|2\n|\n|-heal|p1a: Heatran|77\/100|[from] item: Leftovers\n|upkeep\n|turn|4|\n|switch|p2a: Landorus|Landorus-Therian, M|8\/100 brn\n|-ability|p2a: Landorus|Intimidate|boost\n|-unboost|p1a: Heatran|atk|1\n|switch|p1a: Skarmory|Skarmory, M|100\/100\n|\n|-damage|p2a: Landorus|2\/100 brn|[from] brn\n|upkeep\n|turn|5|\n|move|p2a: Landorus|Stealth Rock|p1a: Skarmory\n|-sidestart|p1: Moskito Cup|move: Stealth Rock\n|move|p1a: Skarmory|Spikes|p2a: Landorus\n|-sidestart|p2: Okinara|Spikes\n|\n|-damage|p2a: Landorus|0 fnt|[from] brn\n|upkeep\n|faint|p2a: Landorus\n|inactive|Okinara has 135 seconds left.\n|inactive|Okinara has 120 seconds left.\n|inactive|Okinara has 105 seconds left.|\n|switch|p2a: Zapdos|Zapdos|100\/100\n|turn|6|\n|switch|p1a: Heatran|Heatran, M|77\/100\n|-damage|p1a: Heatran|65\/100|[from] Stealth Rock\n|move|p2a: Zapdos|Discharge|p1a: Heatran\n|-damage|p1a: Heatran|36\/100\n|\n|-heal|p1a: Heatran|42\/100|[from] item: Leftovers\n|upkeep\n|turn|7|\n|move|p1a: Heatran|Toxic|p2a: Zapdos\n|-status|p2a: Zapdos|tox\n|move|p2a: Zapdos|Discharge|p1a: Heatran\n|-damage|p1a: Heatran|13\/100\n|\n|-heal|p1a: Heatran|19\/100|[from] item: Leftovers\n|-damage|p2a: Zapdos|94\/100 tox|[from] psn\n|upkeep\n|turn|8|\n|move|p1a: Heatran|Stealth Rock|p2a: Zapdos\n|-sidestart|p2: Okinara|move: Stealth Rock\n|move|p2a: Zapdos|Discharge|p1a: Heatran\n|-damage|p1a: Heatran|0 fnt\n|faint|p1a: Heatran\n|\n|-heal|p2a: Zapdos|100\/100 tox|[from] item: Leftovers\n|-damage|p2a: Zapdos|88\/100 tox|[from] psn\n|upkeep|\n|switch|p1a: Bisharp|Bisharp, F|100\/100\n|-damage|p1a: Bisharp|94\/100|[from] Stealth Rock\n|turn|9|\n|move|p2a: Zapdos|Heat Wave|p1a: Bisharp\n|-supereffective|p1a: Bisharp\n|-damage|p1a: Bisharp|18\/100\n|move|p1a: Bisharp|Knock Off|p2a: Zapdos\n|-damage|p2a: Zapdos|52\/100 tox\n|-status|p1a: Bisharp|par|[from] ability: Static|[of] p2a: Zapdos\n|-enditem|p2a: Zapdos|Leftovers|[from] move: Knock Off|[of] p1a: Bisharp\n|\n|-heal|p1a: Bisharp|24\/100 par|[from] item: Leftovers\n|-damage|p2a: Zapdos|34\/100 tox|[from] psn\n|upkeep\n|turn|10|\n|move|p2a: Zapdos|Heat Wave|p1a: Bisharp|[miss]\n|-miss|p2a: Zapdos|p1a: Bisharp\n|move|p1a: Bisharp|Swords Dance|p1a: Bisharp\n|-boost|p1a: Bisharp|atk|2\n|\n|-heal|p1a: Bisharp|30\/100 par|[from] item: Leftovers\n|-damage|p2a: Zapdos|10\/100 tox|[from] psn\n|upkeep\n|turn|11|\n|move|p1a: Bisharp|Sucker Punch|p2a: Zapdos|[still]\n|-fail|p1a: Bisharp\n|move|p2a: Zapdos|Defog|p1a: Bisharp\n|-unboost|p1a: Bisharp|evasion|1\n|-ability|p1a: Bisharp|Defiant|boost\n|-boost|p1a: Bisharp|atk|2\n|-sideend|p1: Moskito Cup|Stealth Rock|[from] move: Defog|[of] p1a: Bisharp\n|-sideend|p2: Okinara|Spikes|[from] move: Defog|[of] p2a: Zapdos\n|-sideend|p2: Okinara|Stealth Rock|[from] move: Defog|[of] p2a: Zapdos\n|\n|-heal|p1a: Bisharp|36\/100 par|[from] item: Leftovers\n|-damage|p2a: Zapdos|0 fnt|[from] psn\n|upkeep\n|faint|p2a: Zapdos|\n|switch|p2a: Greninja|Greninja, M|100\/100\n|turn|12|\n|switch|p1a: Chansey|Chansey, F|100\/100\n|move|p2a: Greninja|Water Shuriken|p1a: Chansey\n|-damage|p1a: Chansey|98\/100\n|-damage|p1a: Chansey|94\/100\n|-damage|p1a: Chansey|91\/100\n|-damage|p1a: Chansey|88\/100\n|-damage|p1a: Chansey|84\/100\n|-hitcount|p1a: Chansey|5\n|\n|upkeep\n|turn|13|\n|switch|p2a: Latios|Latios, M|70\/100\n|move|p1a: Chansey|Seismic Toss|p2a: Latios\n|-damage|p2a: Latios|36\/100\n|\n|upkeep\n|turn|14|\n|switch|p1a: Skarmory|Skarmory, M|100\/100\n|move|p2a: Latios|Trick|p1a: Skarmory\n|-activate|p2a: Latios|move: Trick|[of] p1a: Skarmory\n|-item|p1a: Skarmory|Choice Scarf|[from] move: Trick\n|-item|p2a: Latios|Rocky Helmet|[from] move: Trick\n|\n|upkeep\n|turn|15|\n|switch|p2a: Magearna|Magearna|100\/100\n|move|p1a: Skarmory|Spikes|p2a: Magearna\n|-sidestart|p2: Okinara|Spikes\n|\n|upkeep\n|turn|16|\n|switch|p1a: Chansey|Chansey, F|84\/100\n|move|p2a: Magearna|Volt Switch|p1a: Chansey\n|-damage|p1a: Chansey|78\/100|\n|switch|p2a: Zygarde|Zygarde|100\/100\n|-damage|p2a: Zygarde|88\/100|[from] Spikes\n|-ability|p2a: Zygarde|Aura Break\n|\n|upkeep\n|turn|17|\n|move|p2a: Zygarde|Outrage|p1a: Chansey\n|-damage|p1a: Chansey|27\/100\n|move|p1a: Chansey|Seismic Toss|p2a: Zygarde\n|-damage|p2a: Zygarde|60\/100\n|\n|upkeep\n|turn|18|\n|switch|p1a: Skarmory|Skarmory, M|100\/100\n|move|p2a: Zygarde|Outrage|p1a: Skarmory|[from]lockedmove\n|-resisted|p1a: Skarmory\n|-damage|p1a: Skarmory|74\/100\n|-start|p2a: Zygarde|confusion|[fatigue]\n|\n|upkeep\n|turn|19|\n|switch|p2a: Greninja|Greninja, M|100\/100\n|-damage|p2a: Greninja|88\/100|[from] Spikes\n|move|p1a: Skarmory|Brave Bird|p2a: Greninja\n|-damage|p2a: Greninja|35\/100\n|-damage|p1a: Skarmory|59\/100|[from] Recoil|[of] p2a: Greninja\n|\n|upkeep\n|turn|20|\n|move|p2a: Greninja|Dark Pulse|p1a: Skarmory\n|-damage|p1a: Skarmory|0 fnt\n|faint|p1a: Skarmory\n|-activate|p2a: Greninja|ability: Battle Bond\n|detailschange|p2a: Greninja|Greninja-Ash, M\n|\n|upkeep|\n|switch|p1a: Venusaur|Venusaur, F|100\/100\n|turn|21|\n|-mega|p1a: Venusaur|Venusaur|Venusaurite\n|detailschange|p1a: Venusaur|Venusaur-Mega, F\n|move|p2a: Greninja|Dark Pulse|p1a: Venusaur\n|-damage|p1a: Venusaur|48\/100\n|move|p1a: Venusaur|Giga Drain|p2a: Greninja\n|-supereffective|p2a: Greninja\n|-crit|p2a: Greninja\n|-damage|p2a: Greninja|0 fnt\n|-heal|p1a: Venusaur|61\/100|[from] drain|[of] p2a: Greninja\n|faint|p2a: Greninja\n|\n|upkeep|\n|switch|p2a: Latios|Latios, M|36\/100\n|turn|22|\n|switch|p1a: Bisharp|Bisharp, F|36\/100 par\n|move|p2a: Latios|Psychic|p1a: Bisharp\n|-immune|p1a: Bisharp|[msg]\n|\n|-heal|p1a: Bisharp|42\/100 par|[from] item: Leftovers\n|upkeep\n|turn|23|\n|move|p2a: Latios|Draco Meteor|p1a: Bisharp\n|-resisted|p1a: Bisharp\n|-damage|p1a: Bisharp|0 fnt\n|-unboost|p2a: Latios|spa|2\n|faint|p1a: Bisharp\n|\n|upkeep|\n|switch|p1a: Chansey|Chansey, F|27\/100\n|turn|24|\n|switch|p2a: Zygarde|Zygarde|60\/100\n|-damage|p2a: Zygarde|48\/100|[from] Spikes\n|-ability|p2a: Zygarde|Aura Break\n|move|p1a: Chansey|Soft-Boiled|p1a: Chansey\n|-heal|p1a: Chansey|77\/100\n|\n|upkeep\n|turn|25|\n|move|p2a: Zygarde|Outrage|p1a: Chansey\n|-damage|p1a: Chansey|22\/100\n|move|p1a: Chansey|Soft-Boiled|p1a: Chansey\n|-heal|p1a: Chansey|72\/100\n|\n|upkeep\n|turn|26|\n|move|p2a: Zygarde|Outrage|p1a: Chansey|[from]lockedmove\n|-damage|p1a: Chansey|17\/100\n|-start|p2a: Zygarde|confusion|[fatigue]\n|move|p1a: Chansey|Soft-Boiled|p1a: Chansey\n|-heal|p1a: Chansey|67\/100\n|\n|upkeep\n|turn|27|\n|-activate|p2a: Zygarde|confusion\n|move|p2a: Zygarde|Outrage|p1a: Chansey\n|-damage|p1a: Chansey|14\/100\n|move|p1a: Chansey|Soft-Boiled|p1a: Chansey\n|-heal|p1a: Chansey|64\/100\n|\n|upkeep\n|turn|28|\n|-end|p2a: Zygarde|confusion\n|move|p2a: Zygarde|Outrage|p1a: Chansey|[from]lockedmove\n|-crit|p1a: Chansey\n|-damage|p1a: Chansey|0 fnt\n|-start|p2a: Zygarde|confusion|[fatigue]\n|faint|p1a: Chansey\n|\n|upkeep\n|inactive|Moskito Cup has 135 seconds left.|\n|switch|p1a: Keldeo|Keldeo-Resolute|25\/100\n|turn|29|\n|move|p1a: Keldeo|Secret Sword|p2a: Zygarde\n|-damage|p2a: Zygarde|13\/100\n|-activate|p2a: Zygarde|confusion\n|move|p2a: Zygarde|Outrage|p1a: Keldeo\n|-damage|p1a: Keldeo|0 fnt\n|faint|p1a: Keldeo\n|\n|upkeep|\n|switch|p1a: Venusaur|Venusaur-Mega, F|61\/100\n|turn|30|\n|-activate|p2a: Zygarde|confusion\n|move|p2a: Zygarde|Outrage|p1a: Venusaur|[from]lockedmove\n|-damage|p1a: Venusaur|12\/100\n|move|p1a: Venusaur|Synthesis|p1a: Venusaur\n|-heal|p1a: Venusaur|62\/100\n|\n|upkeep\n|turn|31|\n|-activate|p2a: Zygarde|confusion\n|move|p2a: Zygarde|Outrage|p1a: Venusaur|[from]lockedmove\n|-damage|p1a: Venusaur|9\/100\n|move|p1a: Venusaur|Synthesis|p1a: Venusaur\n|-heal|p1a: Venusaur|59\/100\n|\n|upkeep\n|turn|32|\n|-activate|p2a: Zygarde|confusion\n|-damage|p2a: Zygarde|0 fnt|[from] confusion\n|faint|p2a: Zygarde\n|move|p1a: Venusaur|Synthesis|p1a: Venusaur\n|-heal|p1a: Venusaur|100\/100\n|\n|upkeep|\n|switch|p2a: Latios|Latios, M|36\/100\n|turn|33|\n|move|p2a: Latios|Psychic|p1a: Venusaur\n|-supereffective|p1a: Venusaur\n|-damage|p1a: Venusaur|21\/100\n|-unboost|p1a: Venusaur|spd|1\n|move|p1a: Venusaur|Sludge Bomb|p2a: Latios\n|-damage|p2a: Latios|0 fnt\n|faint|p2a: Latios\n|\n|upkeep|\n|switch|p2a: Magearna|Magearna|100\/100\n|-damage|p2a: Magearna|88\/100|[from] Spikes\n|turn|34|\n|move|p1a: Venusaur|Synthesis|p1a: Venusaur\n|-heal|p1a: Venusaur|71\/100\n|move|p2a: Magearna|Iron Head|p1a: Venusaur\n|-damage|p1a: Venusaur|57\/100\n|\n|upkeep\n|turn|35|\n|move|p1a: Venusaur|Hidden Power|p2a: Magearna\n|-supereffective|p2a: Magearna\n|-damage|p2a: Magearna|74\/100\n|move|p2a: Magearna|Iron Head|p1a: Venusaur\n|-damage|p1a: Venusaur|42\/100\n|\n|upkeep\n|turn|36|\n|move|p1a: Venusaur|Hidden Power|p2a: Magearna\n|-supereffective|p2a: Magearna\n|-damage|p2a: Magearna|59\/100\n|move|p2a: Magearna|Hidden Power|p1a: Venusaur\n|-supereffective|p1a: Venusaur\n|-damage|p1a: Venusaur|21\/100\n|\n|upkeep\n|turn|37|\n|move|p1a: Venusaur|Synthesis|p1a: Venusaur\n|-heal|p1a: Venusaur|71\/100\n|move|p2a: Magearna|Hidden Power|p1a: Venusaur\n|-supereffective|p1a: Venusaur\n|-damage|p1a: Venusaur|49\/100\n|\n|upkeep\n|turn|38|\n|move|p1a: Venusaur|Hidden Power|p2a: Magearna\n|-supereffective|p2a: Magearna\n|-damage|p2a: Magearna|46\/100\n|move|p2a: Magearna|Hidden Power|p1a: Venusaur\n|-supereffective|p1a: Venusaur\n|-damage|p1a: Venusaur|30\/100\n|\n|upkeep\n|turn|39|\n|move|p1a: Venusaur|Synthesis|p1a: Venusaur\n|-heal|p1a: Venusaur|80\/100\n|move|p2a: Magearna|Hidden Power|p1a: Venusaur\n|-supereffective|p1a: Venusaur\n|-damage|p1a: Venusaur|57\/100\n|\n|upkeep\n|turn|40|\n|move|p1a: Venusaur|Hidden Power|p2a: Magearna\n|-supereffective|p2a: Magearna\n|-damage|p2a: Magearna|33\/100\n|move|p2a: Magearna|Hidden Power|p1a: Venusaur\n|-supereffective|p1a: Venusaur\n|-damage|p1a: Venusaur|36\/100\n|\n|upkeep\n|turn|41|\n|move|p1a: Venusaur|Synthesis|p1a: Venusaur\n|-heal|p1a: Venusaur|86\/100\n|move|p2a: Magearna|Hidden Power|p1a: Venusaur\n|-supereffective|p1a: Venusaur\n|-damage|p1a: Venusaur|66\/100\n|\n|upkeep\n|turn|42|\n|move|p1a: Venusaur|Hidden Power|p2a: Magearna\n|-supereffective|p2a: Magearna\n|-damage|p2a: Magearna|19\/100\n|move|p2a: Magearna|Hidden Power|p1a: Venusaur\n|-supereffective|p1a: Venusaur\n|-damage|p1a: Venusaur|47\/100\n|\n|upkeep\n|turn|43|\n|move|p1a: Venusaur|Synthesis|p1a: Venusaur\n|-heal|p1a: Venusaur|97\/100\n|move|p2a: Magearna|Hidden Power|p1a: Venusaur\n|-supereffective|p1a: Venusaur\n|-damage|p1a: Venusaur|75\/100\n|\n|upkeep\n|turn|44\n|c|\u2606Okinara|lucky cunt|\n|move|p1a: Venusaur|Hidden Power|p2a: Magearna\n|-supereffective|p2a: Magearna\n|-damage|p2a: Magearna|4\/100\n|move|p2a: Magearna|Hidden Power|p1a: Venusaur\n|-supereffective|p1a: Venusaur\n|-damage|p1a: Venusaur|54\/100\n|\n|upkeep\n|turn|45|\n|move|p1a: Venusaur|Hidden Power|p2a: Magearna\n|-supereffective|p2a: Magearna\n|-damage|p2a: Magearna|0 fnt\n|faint|p2a: Magearna\n|\n|win|Moskito Cup\n|l|\u2606Okinara\n|raw|Moskito Cup's rating: 1958 &rarr; <strong>1973<\/strong><br \/>(+15 for winning)\n|raw|Okinara's rating: 1863 &rarr; <strong>1849<\/strong><br \/>(-14 for losing)\n|c|\u2606Moskito Cup|\/log Moskito Cup made this room public.\n","inputlog":null,"uploadtime":1515951123,"views":283,"p1id":"moskitocup","p2id":"okinara","formatid":"gen7ou","rating":1849,"private":0,"password":null}