{"id":"gen7ou-667793532","p1":"Toxabelle","p2":"0medu","format":"gen7ou","log":"|raw|<div class=\"broadcast-red\"><strong>This battle is invite-only!<\/strong><br \/>Users must be rank + or invited with <code>\/invite<\/code> to join<\/div>\n|j|Toxabelle\n|j|0medu\n|player|p1|Toxabelle|164\n|teamsize|p1|6\n|player|p2|0medu|15\n|teamsize|p2|6\n|gametype|singles\n|gen|7\n|tier|[Gen 7] OU\n|rated|\n|seed|4037,30955,22896,41431\n|rule|Sleep Clause Mod: Limit one foe put to sleep\n|rule|Species Clause: Limit one of each Pok\u00e9mon\n|rule|OHKO Clause: OHKO moves are banned\n|rule|Moody Clause: Moody is banned\n|rule|Evasion Moves Clause: Evasion moves are banned\n|rule|Endless Battle Clause: Forcing endless battles is banned\n|rule|HP Percentage Mod: HP is shown in percentages\n|clearpoke\n|poke|p1|Charizard, F|item\n|poke|p1|Tornadus-Therian, M|item\n|poke|p1|Gliscor, F|item\n|poke|p1|Skarmory, M|item\n|poke|p1|Chansey, F|item\n|poke|p1|Tangrowth, M|item\n|poke|p2|Mamoswine, M|item\n|poke|p2|Toxapex, F|item\n|poke|p2|Zapdos|item\n|poke|p2|Greninja, M|item\n|poke|p2|Scizor, F|item\n|poke|p2|Gengar, M|item\n|teampreview\n|inactive|Battle timer is ON: inactive players will automatically lose when time's up. (requested by Toxabelle)\n|inactive|0medu has 135 seconds left.\n|choice|team 1, team 2, team 3, team 4, team 5, team 6|team 1, team 2, team 3, team 4, team 5, team 6\n|\n|start\n|switch|p1a: Charizard|Charizard, F|359\/359\n|switch|p2a: Mamoswine|Mamoswine, M|361\/361\n|turn|1\n|choice|move willowisp mega|move stealthrock\n|\n|-mega|p1a: Charizard|Charizard|Charizardite X\n|detailschange|p1a: Charizard|Charizard-Mega-X, F\n|move|p2a: Mamoswine|Stealth Rock|p1a: Charizard\n|-sidestart|p1: Toxabelle|move: Stealth Rock\n|move|p1a: Charizard|Will-O-Wisp|p2a: Mamoswine\n|-status|p2a: Mamoswine|brn\n|\n|-damage|p2a: Mamoswine|339\/361 brn|[from] brn\n|upkeep\n|turn|2\n|choice|switch 4|move earthquake\n|\n|switch|p1a: Skarmory|Skarmory, M|333\/333\n|-damage|p1a: Skarmory|292\/333|[from] Stealth Rock\n|move|p2a: Mamoswine|Earthquake|p1a: Skarmory\n|-immune|p1a: Skarmory|[msg]\n|\n|-damage|p2a: Mamoswine|317\/361 brn|[from] brn\n|upkeep\n|turn|3\n|choice|move defog|move iciclecrash zmove\n|\n|-zpower|p2a: Mamoswine\n|move|p2a: Mamoswine|Subzero Slammer|p1a: Skarmory|[zeffect]\n|-damage|p1a: Skarmory|205\/333\n|move|p1a: Skarmory|Defog|p2a: Mamoswine\n|-unboost|p2a: Mamoswine|evasion|1\n|-sideend|p1: Toxabelle|Stealth Rock|[from] move: Defog|[of] p1a: Skarmory\n|\n|-damage|p2a: Mamoswine|295\/361 brn|[from] brn\n|upkeep\n|turn|4\n|choice|move roost|move stealthrock\n|\n|move|p2a: Mamoswine|Stealth Rock|p1a: Skarmory\n|-sidestart|p1: Toxabelle|move: Stealth Rock\n|move|p1a: Skarmory|Roost|p1a: Skarmory\n|-heal|p1a: Skarmory|333\/333\n|\n|-damage|p2a: Mamoswine|273\/361 brn|[from] brn\n|upkeep\n|turn|5\n|choice|move defog|switch 6\n|\n|switch|p2a: Gengar|Gengar, M|262\/262\n|move|p1a: Skarmory|Defog|p2a: Gengar\n|-unboost|p2a: Gengar|evasion|1\n|-sideend|p1: Toxabelle|Stealth Rock|[from] move: Defog|[of] p1a: Skarmory\n|\n|upkeep\n|turn|6\n|choice|switch 2|move trick\n|\n|switch|p1a: Tornadus|Tornadus-Therian, M, shiny|299\/299\n|move|p2a: Gengar|Trick|p1a: Tornadus\n|-fail|p2a: Gengar\n|\n|upkeep\n|turn|7\n|choice|move knockoff|switch 2\n|\n|switch|p2a: Toxapex|Toxapex, F|303\/303\n|move|p1a: Tornadus|Knock Off|p2a: Toxapex\n|-damage|p2a: Toxapex|254\/303\n|-enditem|p2a: Toxapex|Black Sludge|[from] move: Knock Off|[of] p1a: Tornadus\n|\n|upkeep\n|turn|8\n|choice|move taunt|move toxic\n|\n|move|p1a: Tornadus|Taunt|p2a: Toxapex\n|-start|p2a: Toxapex|move: Taunt\n|cant|p2a: Toxapex|move: Taunt|Toxic\n|\n|upkeep\n|turn|9\n|choice|move uturn|move scald\n|\n|move|p1a: Tornadus|U-turn|p2a: Toxapex\n|-resisted|p2a: Toxapex\n|-damage|p2a: Toxapex|236\/303\n|choice|switch 4|\n|\n|switch|p1a: Charizard|Charizard-Mega-X, F|359\/359\n|move|p2a: Toxapex|Scald|p1a: Charizard\n|-damage|p1a: Charizard|289\/359\n|\n|upkeep\n|turn|10\n|choice|move willowisp|switch 3\n|\n|switch|p2a: Zapdos|Zapdos|383\/383\n|-ability|p2a: Zapdos|Pressure\n|move|p1a: Charizard|Will-O-Wisp|p2a: Zapdos\n|-status|p2a: Zapdos|brn\n|\n|-damage|p2a: Zapdos|360\/383 brn|[from] brn\n|upkeep\n|turn|11\n|c|\u26060medu|nice stall team m8\n|c|\u26060medu|you like waiting?\n|inactive|0medu has 135 seconds left.\n|c|\u2606Toxabelle|love it\n|inactive|0medu has 120 seconds left.\n|c|\u26060medu|let's go for it :D\n|c|\u2606Toxabelle|especially when i get the points at the end\n|inactive|0medu has 105 seconds left.\n|c|\u2606Toxabelle|your points\n|c|\u26060medu|lol you think I give a shit about points?\n|c|\u2606Toxabelle|are what drive me to keep playing\n|c|\u26060medu|sad human\n|inactive|0medu has 90 seconds left.\n|-message|0medu forfeited.\n|\n|win|Toxabelle\n|l|0medu\n|raw|Toxabelle's rating: 1834 &rarr; <strong>1843<\/strong><br \/>(+9 for winning)\n|raw|0medu's rating: 1617 &rarr; <strong>1608<\/strong><br \/>(-9 for losing)\n|c|\u2606Toxabelle|gg noob\n|c|\u2606Toxabelle|\/log Toxabelle made this room public.","inputlog":null,"uploadtime":1512203694,"views":52,"p1id":"toxabelle","p2id":"0medu","formatid":"gen7ou","rating":1608,"private":0,"password":null}