{"id":"gen7ou-679637099","p1":"Annexx","p2":"Moskito Cup","format":"gen7ou","log":"|raw|<div class=\"broadcast-red\"><strong>This battle is invite-only!<\/strong><br \/>Users must be rank + or invited with <code>\/invite<\/code> to join<\/div>\n|j|\u2606Annexx\n|j|\u2606Moskito Cup\n|player|p1|Annexx|242\n|teamsize|p1|6\n|player|p2|Moskito Cup|68\n|teamsize|p2|6\n|gametype|singles\n|gen|7\n|tier|[Gen 7] OU\n|rated||rule|Sleep Clause Mod: Limit one foe put to sleep\n|rule|Species Clause: Limit one of each Pok\u00e9mon\n|rule|OHKO Clause: OHKO moves are banned\n|rule|Moody Clause: Moody is banned\n|rule|Evasion Moves Clause: Evasion moves are banned\n|rule|Endless Battle Clause: Forcing endless battles is banned\n|rule|HP Percentage Mod: HP is shown in percentages\n|clearpoke\n|poke|p1|Heracross, F|item\n|poke|p1|Landorus-Therian, M|item\n|poke|p1|Toxapex, M|item\n|poke|p1|Tapu Koko|item\n|poke|p1|Magearna|item\n|poke|p1|Kartana|item\n|poke|p2|Venusaur, M|item\n|poke|p2|Keldeo-Resolute|item\n|poke|p2|Skarmory, M|item\n|poke|p2|Chansey, F|item\n|poke|p2|Heatran, M|item\n|poke|p2|Bisharp, F|item\n|teampreview\n|inactive|Battle timer is ON: inactive players will automatically lose when time's up. (requested by Moskito Cup)|\n|start\n|switch|p1a: Tapu Koko|Tapu Koko|100\/100\n|switch|p2a: Heatran|Heatran, M|100\/100\n|-fieldstart|move: Electric Terrain|[from] ability: Electric Surge|[of] p1a: Tapu Koko\n|turn|1\n|inactive|Moskito Cup has 135 seconds left.\n|inactive|Moskito Cup has 120 seconds left.\n|inactive|Moskito Cup has 105 seconds left.|\n|move|p1a: Tapu Koko|Thunderbolt|p2a: Heatran\n|-damage|p2a: Heatran|34\/100\n|move|p2a: Heatran|Stealth Rock|p1a: Tapu Koko\n|-sidestart|p1: Annexx|move: Stealth Rock\n|\n|-heal|p2a: Heatran|40\/100|[from] item: Leftovers\n|upkeep\n|turn|2|\n|switch|p2a: Venusaur|Venusaur, M|100\/100\n|move|p1a: Tapu Koko|Thunderbolt|p2a: Venusaur\n|-resisted|p2a: Venusaur\n|-damage|p2a: Venusaur|57\/100\n|\n|upkeep\n|turn|3|\n|switch|p1a: Toxapex|Toxapex, M|100\/100\n|-damage|p1a: Toxapex|88\/100|[from] Stealth Rock\n|-mega|p2a: Venusaur|Venusaur|Venusaurite\n|detailschange|p2a: Venusaur|Venusaur-Mega, M\n|move|p2a: Venusaur|Synthesis|p2a: Venusaur\n|-heal|p2a: Venusaur|100\/100\n|\n|-heal|p1a: Toxapex|94\/100|[from] item: Black Sludge\n|upkeep\n|turn|4|\n|switch|p2a: Bisharp|Bisharp, F|100\/100\n|move|p1a: Toxapex|Toxic Spikes|p2a: Bisharp\n|-sidestart|p2: Moskito Cup|move: Toxic Spikes\n|\n|-heal|p1a: Toxapex|100\/100|[from] item: Black Sludge\n|upkeep\n|turn|5|\n|move|p2a: Bisharp|Knock Off|p1a: Toxapex\n|-damage|p1a: Toxapex|61\/100\n|-enditem|p1a: Toxapex|Black Sludge|[from] move: Knock Off|[of] p2a: Bisharp\n|move|p1a: Toxapex|Scald|p2a: Bisharp\n|-damage|p2a: Bisharp|78\/100\n|\n|-heal|p2a: Bisharp|84\/100|[from] item: Leftovers\n|-fieldend|move: Electric Terrain\n|upkeep\n|turn|6|\n|switch|p1a: Heracross|Heracross, F|100\/100\n|-damage|p1a: Heracross|88\/100|[from] Stealth Rock\n|move|p2a: Bisharp|Swords Dance|p2a: Bisharp\n|-boost|p2a: Bisharp|atk|2\n|\n|-heal|p2a: Bisharp|90\/100|[from] item: Leftovers\n|upkeep\n|turn|7|\n|switch|p2a: Venusaur|Venusaur-Mega, M|100\/100\n|-sideend|p2: Moskito Cup|move: Toxic Spikes|[of] p2a: Venusaur\n|-mega|p1a: Heracross|Heracross|Heracronite\n|detailschange|p1a: Heracross|Heracross-Mega, F\n|move|p1a: Heracross|Close Combat|p2a: Venusaur\n|-resisted|p2a: Venusaur\n|-damage|p2a: Venusaur|75\/100\n|-unboost|p1a: Heracross|def|1\n|-unboost|p1a: Heracross|spd|1\n|\n|upkeep\n|turn|8|\n|switch|p2a: Heatran|Heatran, M|40\/100\n|move|p1a: Heracross|Swords Dance|p1a: Heracross\n|-boost|p1a: Heracross|atk|2\n|\n|-heal|p2a: Heatran|47\/100|[from] item: Leftovers\n|upkeep\n|turn|9|\n|switch|p1a: Toxapex|Toxapex, M|94\/100\n|-damage|p1a: Toxapex|81\/100|[from] Stealth Rock\n|move|p2a: Heatran|Lava Plume|p1a: Toxapex\n|-resisted|p1a: Toxapex\n|-damage|p1a: Toxapex|71\/100\n|-status|p1a: Toxapex|brn\n|\n|-heal|p2a: Heatran|53\/100|[from] item: Leftovers\n|-damage|p1a: Toxapex|64\/100 brn|[from] brn\n|upkeep\n|turn|10|\n|switch|p2a: Keldeo|Keldeo-Resolute|100\/100\n|move|p1a: Toxapex|Scald|p2a: Keldeo\n|-resisted|p2a: Keldeo\n|-damage|p2a: Keldeo|92\/100\n|\n|-heal|p2a: Keldeo|98\/100|[from] item: Leftovers\n|-damage|p1a: Toxapex|58\/100 brn|[from] brn\n|upkeep\n|turn|11|\n|move|p2a: Keldeo|Substitute|p2a: Keldeo\n|-start|p2a: Keldeo|Substitute\n|-damage|p2a: Keldeo|73\/100\n|move|p1a: Toxapex|Toxic Spikes|p2a: Keldeo\n|-sidestart|p2: Moskito Cup|move: Toxic Spikes\n|\n|-heal|p2a: Keldeo|79\/100|[from] item: Leftovers\n|-damage|p1a: Toxapex|52\/100 brn|[from] brn\n|upkeep\n|turn|12|\n|move|p2a: Keldeo|Calm Mind|p2a: Keldeo\n|-boost|p2a: Keldeo|spa|1\n|-boost|p2a: Keldeo|spd|1\n|move|p1a: Toxapex|Recover|p1a: Toxapex\n|-heal|p1a: Toxapex|100\/100 brn\n|\n|-heal|p2a: Keldeo|85\/100|[from] item: Leftovers\n|-damage|p1a: Toxapex|94\/100 brn|[from] brn\n|upkeep\n|turn|13|\n|move|p2a: Keldeo|Secret Sword|p1a: Toxapex\n|-resisted|p1a: Toxapex\n|-damage|p1a: Toxapex|72\/100 brn\n|move|p1a: Toxapex|Haze|p1a: Toxapex\n|-clearallboost\n|\n|-heal|p2a: Keldeo|91\/100|[from] item: Leftovers\n|-damage|p1a: Toxapex|65\/100 brn|[from] brn\n|upkeep\n|turn|14|\n|switch|p1a: Tapu Koko|Tapu Koko|100\/100\n|-damage|p1a: Tapu Koko|88\/100|[from] Stealth Rock\n|-fieldstart|move: Electric Terrain|[from] ability: Electric Surge|[of] p1a: Tapu Koko\n|move|p2a: Keldeo|Calm Mind|p2a: Keldeo\n|-boost|p2a: Keldeo|spa|1\n|-boost|p2a: Keldeo|spd|1\n|\n|-heal|p2a: Keldeo|97\/100|[from] item: Leftovers\n|upkeep\n|turn|15|\n|move|p1a: Tapu Koko|Volt Switch|p2a: Keldeo\n|-supereffective|p2a: Keldeo\n|-end|p2a: Keldeo|Substitute|\n|switch|p1a: Magearna|Magearna|100\/100\n|-damage|p1a: Magearna|95\/100|[from] Stealth Rock\n|move|p2a: Keldeo|Substitute|p2a: Keldeo\n|-start|p2a: Keldeo|Substitute\n|-damage|p2a: Keldeo|72\/100\n|\n|-heal|p2a: Keldeo|79\/100|[from] item: Leftovers\n|upkeep\n|turn|16|\n|move|p2a: Keldeo|Secret Sword|p1a: Magearna\n|-damage|p1a: Magearna|23\/100\n|move|p1a: Magearna|Shift Gear|p1a: Magearna\n|-boost|p1a: Magearna|spe|2\n|-boost|p1a: Magearna|atk|1\n|\n|-heal|p2a: Keldeo|85\/100|[from] item: Leftovers\n|upkeep\n|turn|17|\n|move|p1a: Magearna|Thunderbolt|p2a: Keldeo\n|-supereffective|p2a: Keldeo\n|-end|p2a: Keldeo|Substitute\n|move|p2a: Keldeo|Secret Sword|p1a: Magearna\n|-damage|p1a: Magearna|0 fnt\n|faint|p1a: Magearna\n|\n|-heal|p2a: Keldeo|91\/100|[from] item: Leftovers\n|upkeep|\n|switch|p1a: Kartana|Kartana|100\/100\n|-damage|p1a: Kartana|94\/100|[from] Stealth Rock\n|turn|18|\n|switch|p1a: Tapu Koko|Tapu Koko|88\/100\n|-damage|p1a: Tapu Koko|76\/100|[from] Stealth Rock\n|switch|p2a: Venusaur|Venusaur-Mega, M|75\/100\n|-sideend|p2: Moskito Cup|move: Toxic Spikes|[of] p2a: Venusaur\n|\n|-fieldend|move: Electric Terrain\n|upkeep\n|turn|19|\n|move|p1a: Tapu Koko|Volt Switch|p2a: Venusaur\n|-resisted|p2a: Venusaur\n|-damage|p2a: Venusaur|57\/100|\n|switch|p1a: Landorus|Landorus-Therian, M|100\/100\n|-damage|p1a: Landorus|88\/100|[from] Stealth Rock\n|-ability|p1a: Landorus|Intimidate|boost\n|-unboost|p2a: Venusaur|atk|1\n|move|p2a: Venusaur|Synthesis|p2a: Venusaur\n|-heal|p2a: Venusaur|100\/100\n|\n|-heal|p1a: Landorus|94\/100|[from] item: Leftovers\n|upkeep\n|turn|20|\n|move|p1a: Landorus|U-turn|p2a: Venusaur\n|-damage|p2a: Venusaur|88\/100|\n|switch|p1a: Heracross|Heracross-Mega, F|88\/100\n|-damage|p1a: Heracross|76\/100|[from] Stealth Rock\n|move|p2a: Venusaur|Giga Drain|p1a: Heracross\n|-resisted|p1a: Heracross\n|-damage|p1a: Heracross|59\/100\n|-heal|p2a: Venusaur|96\/100|[from] drain|[of] p1a: Heracross\n|\n|upkeep\n|turn|21|\n|switch|p2a: Skarmory|Skarmory, M|100\/100\n|move|p1a: Heracross|Pin Missile|p2a: Skarmory\n|-resisted|p2a: Skarmory\n|-damage|p2a: Skarmory|98\/100\n|-resisted|p2a: Skarmory\n|-damage|p2a: Skarmory|95\/100\n|-resisted|p2a: Skarmory\n|-damage|p2a: Skarmory|92\/100\n|-resisted|p2a: Skarmory\n|-damage|p2a: Skarmory|89\/100\n|-resisted|p2a: Skarmory\n|-damage|p2a: Skarmory|86\/100\n|-hitcount|p2a: Skarmory|5\n|\n|upkeep\n|turn|22|\n|switch|p1a: Tapu Koko|Tapu Koko|76\/100\n|-damage|p1a: Tapu Koko|63\/100|[from] Stealth Rock\n|-fieldstart|move: Electric Terrain|[from] ability: Electric Surge|[of] p1a: Tapu Koko\n|move|p2a: Skarmory|Spikes|p1a: Tapu Koko\n|-sidestart|p1: Annexx|Spikes\n|\n|upkeep\n|turn|23|\n|switch|p2a: Chansey|Chansey, F|100\/100\n|move|p1a: Tapu Koko|Volt Switch|p2a: Chansey\n|-damage|p2a: Chansey|80\/100|\n|switch|p1a: Kartana|Kartana|94\/100\n|-damage|p1a: Kartana|88\/100|[from] Stealth Rock\n|-damage|p1a: Kartana|76\/100|[from] Spikes\n|\n|upkeep\n|turn|24|\n|switch|p2a: Venusaur|Venusaur-Mega, M|96\/100\n|move|p1a: Kartana|Defog|p2a: Venusaur\n|-unboost|p2a: Venusaur|evasion|1\n|-sideend|p1: Annexx|Spikes|[from] move: Defog|[of] p1a: Kartana\n|-sideend|p1: Annexx|Stealth Rock|[from] move: Defog|[of] p1a: Kartana\n|\n|upkeep\n|turn|25|\n|switch|p1a: Landorus|Landorus-Therian, M|94\/100\n|-ability|p1a: Landorus|Intimidate|boost\n|-unboost|p2a: Venusaur|atk|1\n|switch|p2a: Heatran|Heatran, M|53\/100\n|\n|-heal|p1a: Landorus|99\/100|[from] item: Leftovers\n|-heal|p2a: Heatran|59\/100|[from] item: Leftovers\n|upkeep\n|turn|26|\n|move|p1a: Landorus|Earthquake|p2a: Heatran\n|-supereffective|p2a: Heatran\n|-damage|p2a: Heatran|0 fnt\n|faint|p2a: Heatran\n|\n|-heal|p1a: Landorus|100\/100|[from] item: Leftovers\n|-fieldend|move: Electric Terrain\n|upkeep|\n|switch|p2a: Skarmory|Skarmory, M|86\/100\n|turn|27|\n|move|p1a: Landorus|Stealth Rock|p2a: Skarmory\n|-sidestart|p2: Moskito Cup|move: Stealth Rock\n|move|p2a: Skarmory|Spikes|p1a: Landorus\n|-sidestart|p1: Annexx|Spikes\n|\n|upkeep\n|turn|28|\n|switch|p1a: Tapu Koko|Tapu Koko|63\/100\n|-damage|p1a: Tapu Koko|51\/100|[from] Spikes\n|-fieldstart|move: Electric Terrain|[from] ability: Electric Surge|[of] p1a: Tapu Koko\n|move|p2a: Skarmory|Whirlwind|p1a: Tapu Koko\n|drag|p1a: Heracross|Heracross-Mega, F|59\/100\n|-damage|p1a: Heracross|46\/100|[from] Spikes\n|\n|upkeep\n|turn|29|\n|switch|p1a: Landorus|Landorus-Therian, M|100\/100\n|-ability|p1a: Landorus|Intimidate|boost\n|-unboost|p2a: Skarmory|atk|1\n|move|p2a: Skarmory|Brave Bird|p1a: Landorus\n|-damage|p1a: Landorus|80\/100\n|-damage|p2a: Skarmory|79\/100|[from] Recoil|[of] p1a: Landorus\n|\n|-heal|p1a: Landorus|86\/100|[from] item: Leftovers\n|upkeep\n|turn|30|\n|move|p1a: Landorus|U-turn|p2a: Skarmory\n|-resisted|p2a: Skarmory\n|-damage|p2a: Skarmory|75\/100\n|-damage|p1a: Landorus|69\/100|[from] item: Rocky Helmet|[of] p2a: Skarmory|\n|switch|p1a: Toxapex|Toxapex, M|99\/100 brn\n|-damage|p1a: Toxapex|86\/100 brn|[from] Spikes\n|move|p2a: Skarmory|Whirlwind|p1a: Toxapex\n|drag|p1a: Tapu Koko|Tapu Koko|51\/100\n|-damage|p1a: Tapu Koko|38\/100|[from] Spikes\n|\n|upkeep\n|turn|31|\n|switch|p2a: Chansey|Chansey, F|80\/100\n|-damage|p2a: Chansey|68\/100|[from] Stealth Rock\n|move|p1a: Tapu Koko|Volt Switch|p2a: Chansey\n|-damage|p2a: Chansey|49\/100|\n|switch|p1a: Heracross|Heracross-Mega, F|46\/100\n|-damage|p1a: Heracross|34\/100|[from] Spikes\n|\n|upkeep\n|turn|32|\n|switch|p2a: Skarmory|Skarmory, M|75\/100\n|-damage|p2a: Skarmory|63\/100|[from] Stealth Rock\n|move|p1a: Heracross|Close Combat|p2a: Skarmory\n|-damage|p2a: Skarmory|12\/100\n|-damage|p1a: Heracross|17\/100|[from] item: Rocky Helmet|[of] p2a: Skarmory\n|-unboost|p1a: Heracross|def|1\n|-unboost|p1a: Heracross|spd|1\n|\n|-fieldend|move: Electric Terrain\n|upkeep\n|turn|33|\n|move|p1a: Heracross|Close Combat|p2a: Skarmory\n|-damage|p2a: Skarmory|0 fnt\n|-damage|p1a: Heracross|1\/100|[from] item: Rocky Helmet|[of] p2a: Skarmory\n|-unboost|p1a: Heracross|def|1\n|-unboost|p1a: Heracross|spd|1\n|faint|p2a: Skarmory\n|\n|upkeep|\n|switch|p2a: Keldeo|Keldeo-Resolute|91\/100\n|-damage|p2a: Keldeo|85\/100|[from] Stealth Rock\n|turn|34\n|inactive|Annexx has 135 seconds left.\n|inactive|Annexx has 120 seconds left.|\n|move|p2a: Keldeo|Scald|p1a: Heracross\n|-damage|p1a: Heracross|0 fnt\n|faint|p1a: Heracross\n|\n|-heal|p2a: Keldeo|91\/100|[from] item: Leftovers\n|upkeep|\n|switch|p1a: Tapu Koko|Tapu Koko|38\/100\n|-damage|p1a: Tapu Koko|26\/100|[from] Spikes\n|-fieldstart|move: Electric Terrain|[from] ability: Electric Surge|[of] p1a: Tapu Koko\n|turn|35|\n|switch|p2a: Chansey|Chansey, F|49\/100\n|-damage|p2a: Chansey|37\/100|[from] Stealth Rock\n|move|p1a: Tapu Koko|Volt Switch|p2a: Chansey\n|-damage|p2a: Chansey|16\/100|\n|switch|p1a: Kartana|Kartana|76\/100\n|-damage|p1a: Kartana|63\/100|[from] Spikes\n|\n|upkeep\n|turn|36|\n|switch|p2a: Venusaur|Venusaur-Mega, M|96\/100\n|-damage|p2a: Venusaur|83\/100|[from] Stealth Rock\n|move|p1a: Kartana|Aerial Ace|p2a: Venusaur\n|-supereffective|p2a: Venusaur\n|-damage|p2a: Venusaur|51\/100\n|\n|upkeep\n|turn|37\n|inactive|Annexx has 135 seconds left.|\n|move|p1a: Kartana|Aerial Ace|p2a: Venusaur\n|-supereffective|p2a: Venusaur\n|-damage|p2a: Venusaur|19\/100\n|move|p2a: Venusaur|Synthesis|p2a: Venusaur\n|-heal|p2a: Venusaur|69\/100\n|\n|upkeep\n|turn|38\n|-message|Annexx forfeited.\n|\n|win|Moskito Cup\n|l|\u2606Annexx\n|raw|Annexx's rating: 1974 &rarr; <strong>1953<\/strong><br \/>(-21 for losing)\n|raw|Moskito Cup's rating: 1960 &rarr; <strong>1981<\/strong><br \/>(+21 for winning)\n|c|\u2606Moskito Cup|\/log Moskito Cup made this room public.\n","inputlog":null,"uploadtime":1514262915,"views":180,"p1id":"annexx","p2id":"moskitocup","formatid":"gen7ou","rating":1953,"private":0,"password":null}