{"id":"gen7ou-790868756","p1":"lt54sl varhill","p2":"H4WT \u2605","format":"gen7ou","log":"|j|\u2606lt54sl varhill\n|j|\u2606H4WT \u2605\n|player|p1|lt54sl varhill|100\n|player|p2|H4WT \u2605|165\n|teamsize|p1|6\n|teamsize|p2|6\n|gametype|singles\n|gen|7\n|tier|[Gen 7] OU\n|rated|\n|rule|Sleep Clause Mod: Limit one foe put to sleep\n|rule|Species Clause: Limit one of each Pok\u00e9mon\n|rule|OHKO Clause: OHKO moves are banned\n|rule|Moody Clause: Moody is banned\n|rule|Evasion Moves Clause: Evasion moves are banned\n|rule|Endless Battle Clause: Forcing endless battles is banned\n|rule|HP Percentage Mod: HP is shown in percentages\n|clearpoke\n|poke|p1|Araquanid, M|item\n|poke|p1|Kartana|item\n|poke|p1|Mimikyu, F|item\n|poke|p1|Pinsir, F|item\n|poke|p1|Zygarde|item\n|poke|p1|Magearna|item\n|poke|p2|Ferrothorn, M|item\n|poke|p2|Landorus-Therian, M|item\n|poke|p2|Magearna|item\n|poke|p2|Clefable, M|item\n|poke|p2|Latios, M|item\n|poke|p2|Heatran, F|item\n|teampreview\n|j| LT54SL Vessev\n|\n|start\n|switch|p1a: The Leader|Araquanid, M|100\/100\n|switch|p2a: Ferrothorn|Ferrothorn, M|100\/100\n|turn|1\n|\n|move|p1a: The Leader|Magic Coat|p1a: The Leader\n|-singleturn|p1a: The Leader|move: Magic Coat\n|move|p2a: Ferrothorn|Spikes|p1a: The Leader\n|move|p1a: The Leader|Spikes|p2a: Ferrothorn|[from]Magic Coat\n|-sidestart|p2: H4WT \u2605|Spikes\n|\n|upkeep\n|turn|2\n|\n|move|p1a: The Leader|Magic Coat|p1a: The Leader\n|-singleturn|p1a: The Leader|move: Magic Coat\n|move|p2a: Ferrothorn|Spikes|p1a: The Leader\n|move|p1a: The Leader|Spikes|p2a: Ferrothorn|[from]Magic Coat\n|-sidestart|p2: H4WT \u2605|Spikes\n|\n|upkeep\n|turn|3\n|\n|move|p1a: The Leader|Magic Coat|p1a: The Leader\n|-singleturn|p1a: The Leader|move: Magic Coat\n|move|p2a: Ferrothorn|Power Whip|p1a: The Leader|[miss]\n|-miss|p2a: Ferrothorn|p1a: The Leader\n|\n|upkeep\n|turn|4\n|-message|H4WT \u2605 forfeited.\n|\n|win|lt54sl varhill\n|l|\u2606H4WT \u2605\n|raw|lt54sl varhill's rating: 1727 &rarr; <strong>1744<\/strong><br \/>(+17 for winning)\n|raw|H4WT \u2605's rating: 1666 &rarr; <strong>1650<\/strong><br \/>(-16 for losing)\n|l|\u2606lt54sl varhill\n","uploadtime":1534304597,"views":57,"p1id":"lt54slvarhill","p2id":"h4wt","formatid":"gen7ou","rating":1650,"private":0,"password":null}