{"id":"gen8ou-1677474239","p1":"minimax_ai","p2":"tesla roadster","format":"gen8ou","log":"|j|\u2606minimax_ai\n|j|\u2606tesla roadster\n|t:|1664900267\n|gametype|singles\n|player|p1|minimax_ai|lusamine-nihilego|1528\n|player|p2|tesla roadster|lucas|1496\n|teamsize|p1|6\n|teamsize|p2|6\n|gen|8\n|tier|[Gen 8] OU\n|rated|\n|rule|Sleep Clause Mod: Limit one foe put to sleep\n|rule|Species Clause: Limit one of each Pok\u00e9mon\n|rule|OHKO Clause: OHKO moves are banned\n|rule|Evasion Items Clause: Evasion items are banned\n|rule|Evasion Moves Clause: Evasion moves are banned\n|rule|Endless Battle Clause: Forcing endless battles is banned\n|rule|HP Percentage Mod: HP is shown in percentages\n|rule|Dynamax Clause: You cannot dynamax\n|clearpoke\n|poke|p1|Rotom-Wash|\n|poke|p1|Weavile, F|\n|poke|p1|Landorus-Therian, M|\n|poke|p1|Heatran, M|\n|poke|p1|Tangrowth, F|\n|poke|p1|Melmetal|\n|poke|p2|Ninetales-Alola, M|\n|poke|p2|Heatran, M|\n|poke|p2|Landorus-Therian, M|\n|poke|p2|Tapu Fini|\n|poke|p2|Arctozolt|\n|poke|p2|Kartana|\n|teampreview\n|c|\u2606minimax_ai|hf\n|inactive|Battle timer is ON: inactive players will automatically lose when time's up. (requested by minimax_ai)\n|inactive|tesla roadster has 120 seconds left.\n|inactive|tesla roadster has 90 seconds left.\n|\n|t:|1664900334\n|start\n|switch|p1a: Melmetal|Melmetal|100\/100\n|switch|p2a: Frozen Soul|Ninetales-Alola, M, shiny|100\/100\n|-weather|Hail|[from] ability: Snow Warning|[of] p2a: Frozen Soul\n|turn|1\n|\n|t:|1664900350\n|switch|p2a: Deathstroke|Kartana, shiny|100\/100\n|move|p1a: Melmetal|Double Iron Bash|p2a: Deathstroke\n|-resisted|p2a: Deathstroke\n|-damage|p2a: Deathstroke|78\/100\n|-resisted|p2a: Deathstroke\n|-damage|p2a: Deathstroke|57\/100\n|-hitcount|p2a: Deathstroke|2\n|\n|-weather|Hail|[upkeep]\n|-damage|p2a: Deathstroke|51\/100|[from] Hail\n|-damage|p1a: Melmetal|94\/100|[from] Hail\n|upkeep\n|turn|2\n|c|\u2606tesla roadster|hf\n|inactive|tesla roadster has 120 seconds left.\n|\n|t:|1664900380\n|move|p2a: Deathstroke|Sacred Sword|p1a: Melmetal\n|-supereffective|p1a: Melmetal\n|-damage|p1a: Melmetal|46\/100\n|move|p1a: Melmetal|Double Iron Bash|p2a: Deathstroke\n|-resisted|p2a: Deathstroke\n|-crit|p2a: Deathstroke\n|-damage|p2a: Deathstroke|17\/100\n|-resisted|p2a: Deathstroke\n|-damage|p2a: Deathstroke|0 fnt\n|faint|p2a: Deathstroke\n|-hitcount|p2: Deathstroke|2\n|\n|-weather|Hail|[upkeep]\n|-damage|p1a: Melmetal|40\/100|[from] Hail\n|upkeep\n|\n|t:|1664900384\n|switch|p2a: Destroyer|Arctozolt, shiny|100\/100\n|turn|3\n|inactive|tesla roadster has 120 seconds left.\n|\n|t:|1664900401\n|move|p2a: Destroyer|Blizzard|p1a: Melmetal\n|-resisted|p1a: Melmetal\n|-damage|p1a: Melmetal|30\/100\n|move|p1a: Melmetal|Double Iron Bash|p2a: Destroyer\n|-damage|p2a: Destroyer|56\/100\n|-damage|p2a: Destroyer|11\/100\n|-hitcount|p2a: Destroyer|2\n|\n|-weather|Hail|[upkeep]\n|-damage|p1a: Melmetal|24\/100|[from] Hail\n|upkeep\n|turn|4\n|\n|t:|1664900404\n|move|p2a: Destroyer|Bolt Beak|p1a: Melmetal\n|-damage|p1a: Melmetal|0 fnt\n|faint|p1a: Melmetal\n|\n|-weather|Hail|[upkeep]\n|upkeep\n|\n|t:|1664900404\n|switch|p1a: Weavile|Weavile, F|100\/100\n|-ability|p1a: Weavile|Pressure\n|turn|5\n|\n|t:|1664900409\n|switch|p2a: Raven|Tapu Fini, shiny|100\/100\n|-fieldstart|move: Misty Terrain|[from] ability: Misty Surge|[of] p2a: Raven\n|move|p1a: Weavile|Ice Shard|p2a: Raven\n|-resisted|p2a: Raven\n|-damage|p2a: Raven|90\/100\n|\n|-weather|Hail|[upkeep]\n|-damage|p2a: Raven|84\/100|[from] Hail\n|-heal|p2a: Raven|90\/100|[from] item: Leftovers\n|upkeep\n|turn|6\n|\n|t:|1664900414\n|switch|p1a: rotomwash|Rotom-Wash|100\/100\n|move|p2a: Raven|Calm Mind|p2a: Raven\n|-boost|p2a: Raven|spa|1\n|-boost|p2a: Raven|spd|1\n|\n|-weather|Hail|[upkeep]\n|-damage|p1a: rotomwash|94\/100|[from] Hail\n|-damage|p2a: Raven|84\/100|[from] Hail\n|-heal|p1a: rotomwash|100\/100|[from] item: Leftovers\n|-heal|p2a: Raven|90\/100|[from] item: Leftovers\n|upkeep\n|turn|7\n|\n|t:|1664900417\n|move|p1a: rotomwash|Nasty Plot|p1a: rotomwash\n|-boost|p1a: rotomwash|spa|2\n|move|p2a: Raven|Calm Mind|p2a: Raven\n|-boost|p2a: Raven|spa|1\n|-boost|p2a: Raven|spd|1\n|\n|-weather|Hail|[upkeep]\n|-damage|p1a: rotomwash|94\/100|[from] Hail\n|-damage|p2a: Raven|84\/100|[from] Hail\n|-heal|p1a: rotomwash|100\/100|[from] item: Leftovers\n|-heal|p2a: Raven|90\/100|[from] item: Leftovers\n|upkeep\n|turn|8\n|\n|t:|1664900421\n|move|p1a: rotomwash|Thunderbolt|p2a: Raven\n|-supereffective|p2a: Raven\n|-damage|p2a: Raven|29\/100\n|move|p2a: Raven|Draining Kiss|p1a: rotomwash\n|-damage|p1a: rotomwash|68\/100\n|-heal|p2a: Raven|53\/100|[from] drain|[of] p1a: rotomwash\n|\n|-weather|none\n|-heal|p1a: rotomwash|74\/100|[from] item: Leftovers\n|-heal|p2a: Raven|59\/100|[from] item: Leftovers\n|upkeep\n|turn|9\n|\n|t:|1664900425\n|switch|p2a: Frozen Soul|Ninetales-Alola, M, shiny|100\/100\n|-weather|Hail|[from] ability: Snow Warning|[of] p2a: Frozen Soul\n|move|p1a: rotomwash|Thunderbolt|p2a: Frozen Soul\n|-damage|p2a: Frozen Soul|26\/100\n|\n|-weather|Hail|[upkeep]\n|-damage|p1a: rotomwash|68\/100|[from] Hail\n|-heal|p1a: rotomwash|74\/100|[from] item: Leftovers\n|-fieldend|Misty Terrain\n|upkeep\n|turn|10\n|\n|t:|1664900432\n|move|p2a: Frozen Soul|Freeze-Dry|p1a: rotomwash\n|-supereffective|p1a: rotomwash\n|-damage|p1a: rotomwash|29\/100\n|move|p1a: rotomwash|Hydro Pump|p2a: Frozen Soul\n|-damage|p2a: Frozen Soul|0 fnt\n|faint|p2a: Frozen Soul\n|\n|-weather|Hail|[upkeep]\n|-damage|p1a: rotomwash|23\/100|[from] Hail\n|-heal|p1a: rotomwash|29\/100|[from] item: Leftovers\n|upkeep\n|\n|t:|1664900435\n|switch|p2a: Destroyer|Arctozolt, shiny|11\/100\n|turn|11\n|\n|t:|1664900440\n|move|p2a: Destroyer|Freeze-Dry|p1a: rotomwash\n|-supereffective|p1a: rotomwash\n|-damage|p1a: rotomwash|0 fnt\n|faint|p1a: rotomwash\n|\n|-weather|Hail|[upkeep]\n|upkeep\n|\n|t:|1664900440\n|switch|p1a: Heatran|Heatran, M|100\/100\n|-item|p1a: Heatran|Air Balloon\n|turn|12\n|\n|t:|1664900445\n|move|p2a: Destroyer|Bolt Beak|p1a: Heatran\n|-damage|p1a: Heatran|19\/100\n|-enditem|p1a: Heatran|Air Balloon\n|move|p1a: Heatran|Eruption|p2a: Destroyer\n|-supereffective|p2a: Destroyer\n|-damage|p2a: Destroyer|0 fnt\n|faint|p2a: Destroyer\n|\n|-weather|Hail|[upkeep]\n|-damage|p1a: Heatran|13\/100|[from] Hail\n|upkeep\n|\n|t:|1664900454\n|switch|p2a: Raven|Tapu Fini, shiny|59\/100\n|-fieldstart|move: Misty Terrain|[from] ability: Misty Surge|[of] p2a: Raven\n|turn|13\n|\n|t:|1664900457\n|switch|p1a: Tangrowth|Tangrowth, F|100\/100\n|move|p2a: Raven|Calm Mind|p2a: Raven\n|-boost|p2a: Raven|spa|1\n|-boost|p2a: Raven|spd|1\n|\n|-weather|Hail|[upkeep]\n|-damage|p2a: Raven|53\/100|[from] Hail\n|-damage|p1a: Tangrowth|94\/100|[from] Hail\n|-heal|p2a: Raven|59\/100|[from] item: Leftovers\n|upkeep\n|turn|14\n|\n|t:|1664900461\n|move|p2a: Raven|Calm Mind|p2a: Raven\n|-boost|p2a: Raven|spa|1\n|-boost|p2a: Raven|spd|1\n|move|p1a: Tangrowth|Giga Drain|p2a: Raven\n|-supereffective|p2a: Raven\n|-damage|p2a: Raven|35\/100\n|-heal|p1a: Tangrowth|100\/100|[from] drain|[of] p2a: Raven\n|\n|-weather|Hail|[upkeep]\n|-damage|p2a: Raven|29\/100|[from] Hail\n|-damage|p1a: Tangrowth|94\/100|[from] Hail\n|-heal|p2a: Raven|35\/100|[from] item: Leftovers\n|upkeep\n|turn|15\n|\n|t:|1664900467\n|move|p2a: Raven|Draining Kiss|p1a: Tangrowth\n|-damage|p1a: Tangrowth|47\/100\n|-heal|p2a: Raven|82\/100|[from] drain|[of] p1a: Tangrowth\n|-damage|p2a: Raven|65\/100|[from] item: Rocky Helmet|[of] p1a: Tangrowth\n|move|p1a: Tangrowth|Giga Drain|p2a: Raven\n|-supereffective|p2a: Raven\n|-damage|p2a: Raven|41\/100\n|-heal|p1a: Tangrowth|56\/100|[from] drain|[of] p2a: Raven\n|\n|-weather|Hail|[upkeep]\n|-damage|p2a: Raven|35\/100|[from] Hail\n|-damage|p1a: Tangrowth|50\/100|[from] Hail\n|-heal|p2a: Raven|41\/100|[from] item: Leftovers\n|upkeep\n|turn|16\n|\n|t:|1664900473\n|switch|p1a: Heatran|Heatran, M|13\/100\n|move|p2a: Raven|Draining Kiss|p1a: Heatran\n|-resisted|p1a: Heatran\n|-damage|p1a: Heatran|5\/100\n|-heal|p2a: Raven|48\/100|[from] drain|[of] p1a: Heatran\n|\n|-weather|none\n|-heal|p2a: Raven|54\/100|[from] item: Leftovers\n|upkeep\n|turn|17\n|\n|t:|1664900481\n|move|p1a: Heatran|Magma Storm|p2a: Raven\n|-resisted|p2a: Raven\n|-damage|p2a: Raven|43\/100\n|-activate|p2a: Raven|move: Magma Storm|[of] p1a: Heatran\n|move|p2a: Raven|Calm Mind|p2a: Raven\n|-boost|p2a: Raven|spa|1\n|-boost|p2a: Raven|spd|1\n|\n|-heal|p2a: Raven|49\/100|[from] item: Leftovers\n|-damage|p2a: Raven|37\/100|[from] move: Magma Storm|[partiallytrapped]\n|-fieldend|Misty Terrain\n|upkeep\n|turn|18\n|\n|t:|1664900483\n|move|p1a: Heatran|Magma Storm|p2a: Raven\n|-resisted|p2a: Raven\n|-damage|p2a: Raven|28\/100\n|move|p2a: Raven|Draining Kiss|p1a: Heatran\n|-resisted|p1a: Heatran\n|-damage|p1a: Heatran|0 fnt\n|-heal|p2a: Raven|31\/100|[from] drain|[of] p1a: Heatran\n|faint|p1a: Heatran\n|\n|-heal|p2a: Raven|37\/100|[from] item: Leftovers\n|-end|p2a: Raven|Magma Storm|[partiallytrapped]|[silent]\n|upkeep\n|\n|t:|1664900484\n|switch|p1a: Tangrowth|Tangrowth, F|83\/100\n|turn|19\n|\n|t:|1664900488\n|move|p2a: Raven|Draining Kiss|p1a: Tangrowth\n|-damage|p1a: Tangrowth|27\/100\n|-heal|p2a: Raven|92\/100|[from] drain|[of] p1a: Tangrowth\n|-damage|p2a: Raven|76\/100|[from] item: Rocky Helmet|[of] p1a: Tangrowth\n|move|p1a: Tangrowth|Sleep Powder|p2a: Raven\n|-status|p2a: Raven|slp|[from] move: Sleep Powder\n|\n|-heal|p2a: Raven|82\/100 slp|[from] item: Leftovers\n|upkeep\n|turn|20\n|\n|t:|1664900492\n|cant|p2a: Raven|slp\n|move|p1a: Tangrowth|Giga Drain|p2a: Raven\n|-supereffective|p2a: Raven\n|-damage|p2a: Raven|62\/100 slp\n|-heal|p1a: Tangrowth|35\/100|[from] drain|[of] p2a: Raven\n|\n|-heal|p2a: Raven|68\/100 slp|[from] item: Leftovers\n|upkeep\n|turn|21\n|\n|t:|1664900495\n|switch|p1a: landorustherian|Landorus-Therian, M|100\/100\n|-ability|p1a: landorustherian|Intimidate|boost\n|-unboost|p2a: Raven|atk|1\n|-curestatus|p2a: Raven|slp|[msg]\n|move|p2a: Raven|Draining Kiss|p1a: landorustherian\n|-damage|p1a: landorustherian|71\/100\n|-heal|p2a: Raven|95\/100|[from] drain|[of] p1a: landorustherian\n|\n|-heal|p2a: Raven|100\/100|[from] item: Leftovers\n|-heal|p1a: landorustherian|77\/100|[from] item: Leftovers\n|upkeep\n|turn|22\n|\n|t:|1664900499\n|switch|p1a: Tangrowth|Tangrowth, F|68\/100\n|move|p2a: Raven|Surf|p1a: Tangrowth\n|-resisted|p1a: Tangrowth\n|-damage|p1a: Tangrowth|15\/100\n|\n|upkeep\n|turn|23\n|\n|t:|1664900502\n|move|p2a: Raven|Surf|p1a: Tangrowth\n|-resisted|p1a: Tangrowth\n|-damage|p1a: Tangrowth|0 fnt\n|faint|p1a: Tangrowth\n|\n|upkeep\n|\n|t:|1664900502\n|switch|p1a: Weavile|Weavile, F|100\/100\n|-ability|p1a: Weavile|Pressure\n|turn|24\n|\n|t:|1664900505\n|switch|p1a: landorustherian|Landorus-Therian, M|77\/100\n|-ability|p1a: landorustherian|Intimidate|boost\n|-unboost|p2a: Raven|atk|1\n|move|p2a: Raven|Draining Kiss|p1a: landorustherian\n|-damage|p1a: landorustherian|47\/100\n|\n|-heal|p1a: landorustherian|53\/100|[from] item: Leftovers\n|upkeep\n|turn|25\n|\n|t:|1664900508\n|move|p2a: Raven|Surf|p1a: landorustherian\n|-supereffective|p1a: landorustherian\n|-damage|p1a: landorustherian|0 fnt\n|faint|p1a: landorustherian\n|\n|upkeep\n|\n|t:|1664900508\n|switch|p1a: Weavile|Weavile, F|100\/100\n|-ability|p1a: Weavile|Pressure\n|turn|26\n|\n|t:|1664900510\n|move|p1a: Weavile|Knock Off|p2a: Raven\n|-resisted|p2a: Raven\n|-damage|p2a: Raven|74\/100\n|-enditem|p2a: Raven|Leftovers|[from] move: Knock Off|[of] p1a: Weavile\n|move|p2a: Raven|Draining Kiss|p1a: Weavile\n|-supereffective|p1a: Weavile\n|-damage|p1a: Weavile|0 fnt\n|-heal|p2a: Raven|100\/100|[from] drain|[of] p1a: Weavile\n|faint|p1a: Weavile\n|\n|win|tesla roadster\n|raw|minimax_ai's rating: 1528 &rarr; <strong>1506<\/strong><br \/>(-22 for losing)\n|raw|tesla roadster's rating: 1496 &rarr; <strong>1518<\/strong><br \/>(+22 for winning)\n|c|\u2606minimax_ai|gg\n","uploadtime":1664900512,"views":7,"p1id":"minimaxai","p2id":"teslaroadster","formatid":"gen8ou","rating":1506,"private":0,"password":null}