{"id":"gen8ou-1649683566","p1":"ChiefGreenLeaf3","p2":"Sww-Suwa","format":"gen8ou","log":"|j|\u2606ChiefGreenLeaf3\n|j|\u2606Sww-Suwa\n|inactive|Battle timer is ON: inactive players will automatically lose when time's up.\n|t:|1661624713\n|gametype|singles\n|player|p1|ChiefGreenLeaf3|giovanni-gen1|\n|player|p2|Sww-Suwa|lisia|\n|teamsize|p1|6\n|teamsize|p2|6\n|gen|8\n|tier|[Gen 8] OU\n|rated|Tournament battle\n|rule|Sleep Clause Mod: Limit one foe put to sleep\n|rule|Species Clause: Limit one of each Pok\u00e9mon\n|rule|OHKO Clause: OHKO moves are banned\n|rule|Evasion Items Clause: Evasion items are banned\n|rule|Evasion Moves Clause: Evasion moves are banned\n|rule|Endless Battle Clause: Forcing endless battles is banned\n|rule|HP Percentage Mod: HP is shown in percentages\n|rule|Dynamax Clause: You cannot dynamax\n|clearpoke\n|poke|p1|Alakazam, F|\n|poke|p1|Blaziken, F|\n|poke|p1|Gengar, F|\n|poke|p1|Hawlucha, M|\n|poke|p1|Dracozolt|\n|poke|p1|Moltres-Galar|\n|poke|p2|Alakazam, M|\n|poke|p2|Aegislash, M|\n|poke|p2|Mienshao, F|\n|poke|p2|Moltres-Galar|\n|poke|p2|Terrakion|\n|poke|p2|Latias, F|\n|teampreview\n|c|\u2606Sww-Suwa|hf\n|j| stunfisk2140\n|j| balerion1\n|j| LocalMetagross\n|c|\u2606ChiefGreenLeaf3|u2 :)\n|j| LT92PF-(TR)oll\n|c| stunfisk2140|oi oi\n|j| P1rch\n|\n|t:|1661624729\n|start\n|switch|p1a: Hawlucha|Hawlucha, M|100\/100\n|switch|p2a: Terrakion|Terrakion|100\/100\n|turn|1\n|c|\u2606Sww-Suwa|bruh\n|c|\u2606Sww-Suwa|im so bad\n|c|\u2606ChiefGreenLeaf3|lmao\n|c|\u2606Sww-Suwa|i changed a move\n|c|\u2606Sww-Suwa|for stealth rock\n|c|\u2606Sww-Suwa|x.x\n|c|\u2606ChiefGreenLeaf3|oof\n|\n|t:|1661624757\n|move|p2a: Terrakion|Rock Tomb|p1a: Hawlucha\n|-damage|p1a: Hawlucha|56\/100\n|-unboost|p1a: Hawlucha|spe|1\n|-enditem|p1a: Hawlucha|White Herb\n|-clearnegativeboost|p1a: Hawlucha|[silent]\n|move|p1a: Hawlucha|Close Combat|p2a: Terrakion\n|-supereffective|p2a: Terrakion\n|-enditem|p2a: Terrakion|Focus Sash\n|-damage|p2a: Terrakion|1\/100\n|-unboost|p1a: Hawlucha|def|1\n|-unboost|p1a: Hawlucha|spd|1\n|\n|upkeep\n|turn|2\n|\n|t:|1661624762\n|move|p1a: Hawlucha|Acrobatics|p2a: Terrakion\n|-damage|p2a: Terrakion|0 fnt\n|faint|p2a: Terrakion\n|\n|upkeep\n|\n|t:|1661624771\n|switch|p2a: Aegislash|Aegislash, M, shiny|100\/100\n|turn|3\n|\n|t:|1661624773\n|move|p1a: Hawlucha|Throat Chop|p2a: Aegislash\n|-supereffective|p2a: Aegislash\n|-damage|p2a: Aegislash|55\/100\n|-start|p2a: Aegislash|Throat Chop|[silent]\n|-formechange|p2a: Aegislash|Aegislash-Blade||[from] ability: Stance Change\n|move|p2a: Aegislash|Shadow Claw|p1a: Hawlucha\n|-damage|p1a: Hawlucha|0 fnt\n|faint|p1a: Hawlucha\n|\n|upkeep\n|\n|t:|1661624780\n|switch|p1a: Dracozolt|Dracozolt|100\/100\n|turn|4\n|c| LocalMetagross|aegislash fat honest\n|\n|t:|1661624786\n|switch|p2a: Latias|Latias, F, shiny|100\/100\n|move|p1a: Dracozolt|Bolt Beak|p2a: Latias\n|-resisted|p2a: Latias\n|-damage|p2a: Latias|60\/100\n|\n|upkeep\n|turn|5\n|\n|t:|1661624809\n|switch|p1a: Alakazam|Alakazam, F|100\/100\n|move|p2a: Latias|Reflect|p2a: Latias\n|-sidestart|p2: Sww-Suwa|Reflect\n|\n|upkeep\n|turn|6\n|j| Ace infinite\n|\n|t:|1661624815\n|switch|p2a: Moltres|Moltres-Galar|100\/100\n|move|p1a: Alakazam|Thunder Wave|p2a: Moltres\n|-status|p2a: Moltres|par\n|\n|upkeep\n|turn|7\n|l| Ace infinite\n|j| creatermax900\n|\n|t:|1661624824\n|switch|p1a: Dracozolt|Dracozolt|100\/100\n|move|p2a: Moltres|Fiery Wrath|p1a: Dracozolt\n|-damage|p1a: Dracozolt|36\/100\n|\n|upkeep\n|turn|8\n|\n|t:|1661624834\n|switch|p2a: Mienshao|Mienshao, F, shiny|100\/100\n|move|p1a: Dracozolt|Bolt Beak|p2a: Mienshao\n|-damage|p2a: Mienshao|27\/100\n|\n|upkeep\n|turn|9\n|j| iqpweqorhqrowipe1\n|c| creatermax900|is this a uubl tournament\n|\n|t:|1661624841\n|move|p2a: Mienshao|U-turn|p1a: Dracozolt\n|-crit|p1a: Dracozolt\n|-damage|p1a: Dracozolt|0 fnt\n|faint|p1a: Dracozolt\n|c|\u2606ChiefGreenLeaf3|oof\n|c| P1rch|yes\n|c| iqpweqorhqrowipe1|u turn ko\n|\n|t:|1661624854\n|switch|p2a: Latias|Latias, F, shiny|60\/100|[from]move: U-turn\n|\n|upkeep\n|j| greystaple\n|\n|t:|1661624856\n|switch|p1a: Gengar|Gengar, F|100\/100\n|turn|10\n|c| LocalMetagross|skill\n|\n|t:|1661624861\n|switch|p2a: Moltres|Moltres-Galar|100\/100 par\n|move|p1a: Gengar|Shadow Ball|p2a: Moltres\n|-resisted|p2a: Moltres\n|-damage|p2a: Moltres|83\/100 par\n|\n|upkeep\n|turn|11\n|c| creatermax900|oof u gotta use terrakion as a stealth rocker\n|l| stunfisk2140\n|c| creatermax900|i mean terrakes decent\n|l| LT92PF-(TR)oll\n|c| creatermax900|to keep away defogers\n|\n|t:|1661624875\n|switch|p1a: Blaziken|Blaziken, F|100\/100\n|move|p2a: Moltres|Fiery Wrath|p1a: Blaziken\n|-resisted|p1a: Blaziken\n|-damage|p1a: Blaziken|71\/100\n|\n|upkeep\n|turn|12\n|c|\u2606Sww-Suwa|ya but\n|c|\u2606Sww-Suwa|i fucked up\n|c|\u2606Sww-Suwa|!showset terrakion\n|c| Sww-Suwa|\/raw <div class=\"infobox\">Terrakion @ Focus Sash  <br \/>Ability: Justified  <br \/>EVs: 252 Atk &#x2f; 4 SpD &#x2f; 252 Spe  <br \/>Jolly Nature  <br \/>- Taunt  <br \/>- Close Combat  <br \/>- Rock Tomb  <br \/>- Stone Edge  <br \/><br \/><\/div>\n|\n|t:|1661624887\n|move|p1a: Blaziken|Overheat|p2a: Moltres\n|-damage|p2a: Moltres|23\/100 par\n|-unboost|p1a: Blaziken|spa|2\n|-ability|p2a: Moltres|Berserk|boost\n|-boost|p2a: Moltres|spa|1\n|move|p2a: Moltres|Air Slash|p1a: Blaziken\n|-supereffective|p1a: Blaziken\n|-damage|p1a: Blaziken|0 fnt\n|faint|p1a: Blaziken\n|\n|-sideend|p2: Sww-Suwa|Reflect\n|upkeep\n|c| creatermax900|oof\n|c| balerion1|YOOOOOOOOOO\n|\n|t:|1661624896\n|switch|p1a: Moltres|Moltres-Galar|100\/100\n|turn|13\n|l| creatermax900\n|c| balerion1|MOLTG\n|c| balerion1|6-0\n|\n|t:|1661624907\n|switch|p2a: Alakazam|Alakazam, M|100\/100\n|move|p1a: Moltres|Agility|p1a: Moltres\n|-boost|p1a: Moltres|spe|2\n|\n|upkeep\n|turn|14\n|\n|t:|1661624909\n|move|p1a: Moltres|Fiery Wrath|p2a: Alakazam\n|-supereffective|p2a: Alakazam\n|-enditem|p2a: Alakazam|Focus Sash\n|-damage|p2a: Alakazam|1\/100\n|move|p2a: Alakazam|Encore|p1a: Moltres\n|-start|p1a: Moltres|Encore\n|\n|upkeep\n|turn|15\n|c| LocalMetagross|goltres is cracked\n|\n|t:|1661624918\n|move|p1a: Moltres|Fiery Wrath|p2a: Alakazam\n|-supereffective|p2a: Alakazam\n|-damage|p2a: Alakazam|0 fnt\n|faint|p2a: Alakazam\n|\n|upkeep\n|\n|t:|1661624925\n|switch|p2a: Mienshao|Mienshao, F, shiny|60\/100\n|turn|16\n|j| Beached Animal\n|inactive|Sww-Suwa has 120 seconds left.\n|\n|t:|1661624972\n|switch|p1a: Gengar|Gengar, F|100\/100\n|move|p2a: Mienshao|High Jump Kick|p1a: Gengar\n|-immune|p1a: Gengar\n|-damage|p2a: Mienshao|10\/100|[from] highjumpkick\n|\n|upkeep\n|turn|17\n|c| balerion1|oml the goat\n|j| LT92PF-(TR)oll\n|c|\u2606ChiefGreenLeaf3|been known\n|\n|t:|1661624999\n|switch|p2a: Aegislash|Aegislash, M, shiny|55\/100\n|move|p1a: Gengar|Shadow Ball|p2a: Aegislash\n|-supereffective|p2a: Aegislash\n|-damage|p2a: Aegislash|0 fnt\n|faint|p2a: Aegislash\n|\n|upkeep\n|\n|t:|1661625005\n|switch|p2a: Latias|Latias, F, shiny|60\/100\n|turn|18\n|\n|t:|1661625008\n|move|p1a: Gengar|Shadow Ball|p2a: Latias\n|-supereffective|p2a: Latias\n|-damage|p2a: Latias|0 fnt\n|faint|p2a: Latias\n|\n|upkeep\n|\n|t:|1661625014\n|switch|p2a: Mienshao|Mienshao, F, shiny|44\/100\n|turn|19\n|\n|t:|1661625022\n|move|p1a: Gengar|Shadow Ball|p2a: Mienshao\n|-damage|p2a: Mienshao|0 fnt\n|faint|p2a: Mienshao\n|\n|upkeep\n|c|\u2606ChiefGreenLeaf3|gg\n|c|\u2606Sww-Suwa|gg\n|-message|Sww-Suwa forfeited.\n|\n|win|ChiefGreenLeaf3\n|n|\u2606ChiefGreenLeaf3|chiefgreenleaf3\n|n|\u2606Sww-Suwa|swwsuwa\n|n| balerion1|balerion1\n|n| LocalMetagross|localmetagross\n|n| P1rch|p1rch\n|n| iqpweqorhqrowipe1|iqpweqorhqrowipe1\n|n| greystaple|greystaple\n|n| Beached Animal|beachedanimal\n|n| LT92PF-(TR)oll|lt92pftroll\n|l|\u2606Sww-Suwa\n|l| Beached Animal\n|l| LocalMetagross\n","uploadtime":1661625028,"views":101,"p1id":"chiefgreenleaf3","p2id":"swwsuwa","formatid":"gen8ou","rating":0,"private":0,"password":null}