{"id":"gen8ou-1638944311","p1":"Blue chen","p2":"LT93OQ Dasmer","format":"gen8ou","log":"|raw|<div class=\"broadcast-blue\"><strong>This battle is required to be public due to a player having a name starting with 'lt93oq'.<\/div>\n|j|\u2606Blue chen\n|j|\u2606LT93OQ Dasmer\n|t:|1660415514\n|gametype|singles\n|player|p1|Blue chen|blue-gen1champion|1712\n|player|p2|LT93OQ Dasmer|rei|1943\n|teamsize|p1|6\n|teamsize|p2|6\n|gen|8\n|tier|[Gen 8] OU\n|rated|\n|rule|Sleep Clause Mod: Limit one foe put to sleep\n|rule|Species Clause: Limit one of each Pok\u00e9mon\n|rule|OHKO Clause: OHKO moves are banned\n|rule|Evasion Items Clause: Evasion items are banned\n|rule|Evasion Moves Clause: Evasion moves are banned\n|rule|Endless Battle Clause: Forcing endless battles is banned\n|rule|HP Percentage Mod: HP is shown in percentages\n|rule|Dynamax Clause: You cannot dynamax\n|clearpoke\n|poke|p1|Melmetal|\n|poke|p1|Urshifu-*, M|\n|poke|p1|Garchomp, M|\n|poke|p1|Kartana|\n|poke|p1|Landorus-Therian, M|\n|poke|p1|Dragapult, M|\n|poke|p2|Garchomp, M|\n|poke|p2|Skarmory, M|\n|poke|p2|Rotom-Wash|\n|poke|p2|Slowking-Galar, F|\n|poke|p2|Ferrothorn, M|\n|poke|p2|Weavile, M|\n|teampreview\n|\n|t:|1660415523\n|start\n|switch|p1a: Landorus|Landorus-Therian, M|100\/100\n|switch|p2a: Rotom|Rotom-Wash|100\/100\n|-ability|p1a: Landorus|Intimidate|boost\n|-unboost|p2a: Rotom|atk|1\n|turn|1\n|\n|t:|1660415540\n|move|p2a: Rotom|Hydro Pump|p1a: Landorus\n|-supereffective|p1a: Landorus\n|-damage|p1a: Landorus|26\/100\n|move|p1a: Landorus|Stealth Rock|p2a: Rotom\n|-sidestart|p2: LT93OQ Dasmer|move: Stealth Rock\n|\n|-heal|p1a: Landorus|32\/100|[from] item: Leftovers\n|upkeep\n|turn|2\n|\n|t:|1660415550\n|switch|p1a: Urshifu|Urshifu-Rapid-Strike, M|100\/100\n|move|p2a: Rotom|Hydro Pump|p1a: Urshifu\n|-resisted|p1a: Urshifu\n|-damage|p1a: Urshifu|69\/100\n|\n|upkeep\n|turn|3\n|j| playa13\n|j| leaveamessage\n|\n|t:|1660415556\n|move|p1a: Urshifu|Bulk Up|p1a: Urshifu\n|-boost|p1a: Urshifu|atk|1\n|-boost|p1a: Urshifu|def|1\n|move|p2a: Rotom|Discharge|p1a: Urshifu\n|-supereffective|p1a: Urshifu\n|-damage|p1a: Urshifu|0 fnt\n|faint|p1a: Urshifu\n|\n|upkeep\n|j| just nimmemja\n|j| Coolcodename\n|j| Smash Time steez\n|\n|t:|1660415565\n|switch|p1a: Dragapult|Dragapult, M|100\/100\n|turn|4\n|\n|t:|1660415567\n|switch|p2a: Ferrothorn|Ferrothorn, M|100\/100\n|-damage|p2a: Ferrothorn|94\/100|[from] Stealth Rock\n|move|p1a: Dragapult|Dragon Darts|p2a: Ferrothorn\n|-resisted|p2a: Ferrothorn\n|-damage|p2a: Ferrothorn|81\/100\n|-anim|p1a: Dragapult|Dragon Darts|p2a: Ferrothorn\n|-resisted|p2a: Ferrothorn\n|-damage|p2a: Ferrothorn|69\/100\n|-damage|p1a: Dragapult|91\/100|[from] item: Life Orb\n|\n|-heal|p2a: Ferrothorn|75\/100|[from] item: Leftovers\n|upkeep\n|turn|5\n|\n|t:|1660415580\n|switch|p2a: Slowking|Slowking-Galar, F|100\/100\n|move|p1a: Dragapult|Dragon Dance|p1a: Dragapult\n|-boost|p1a: Dragapult|atk|1\n|-boost|p1a: Dragapult|spe|1\n|\n|upkeep\n|turn|6\n|j|+Pissog\n|\n|t:|1660415586\n|switch|p2a: Ferrothorn|Ferrothorn, M|75\/100\n|-damage|p2a: Ferrothorn|69\/100|[from] Stealth Rock\n|move|p1a: Dragapult|Dragon Darts|p2a: Ferrothorn\n|-resisted|p2a: Ferrothorn\n|-damage|p2a: Ferrothorn|50\/100\n|-anim|p1a: Dragapult|Dragon Darts|p2a: Ferrothorn\n|-resisted|p2a: Ferrothorn\n|-damage|p2a: Ferrothorn|32\/100\n|-damage|p1a: Dragapult|81\/100|[from] item: Life Orb\n|\n|-heal|p2a: Ferrothorn|38\/100|[from] item: Leftovers\n|upkeep\n|turn|7\n|j| LT93OQ Black Lotus\n|\n|t:|1660415598\n|move|p1a: Dragapult|Flamethrower|p2a: Ferrothorn\n|-supereffective|p2a: Ferrothorn\n|-damage|p2a: Ferrothorn|0 fnt\n|faint|p2a: Ferrothorn\n|-damage|p1a: Dragapult|71\/100|[from] item: Life Orb\n|\n|upkeep\n|\n|t:|1660415603\n|switch|p2a: Slowking|Slowking-Galar, F|100\/100\n|turn|8\n|\n|t:|1660415606\n|switch|p2a: Skarmory|Skarmory, M|100\/100\n|-damage|p2a: Skarmory|88\/100|[from] Stealth Rock\n|move|p1a: Dragapult|Dragon Darts|p2a: Skarmory\n|-resisted|p2a: Skarmory\n|-damage|p2a: Skarmory|75\/100\n|-anim|p1a: Dragapult|Dragon Darts|p2a: Skarmory\n|-resisted|p2a: Skarmory\n|-damage|p2a: Skarmory|62\/100\n|-damage|p1a: Dragapult|61\/100|[from] item: Life Orb\n|\n|upkeep\n|turn|9\n|\n|t:|1660415617\n|switch|p2a: Slowking|Slowking-Galar, F|100\/100\n|move|p1a: Dragapult|Flamethrower|p2a: Slowking\n|-damage|p2a: Slowking|81\/100\n|-damage|p1a: Dragapult|52\/100|[from] item: Life Orb\n|\n|upkeep\n|turn|10\n|\n|t:|1660415624\n|move|p1a: Dragapult|Dragon Darts|p2a: Slowking\n|-damage|p2a: Slowking|38\/100\n|-anim|p1a: Dragapult|Dragon Darts|p2a: Slowking\n|-damage|p2a: Slowking|0 fnt\n|faint|p2a: Slowking\n|-damage|p1a: Dragapult|42\/100|[from] item: Life Orb\n|\n|upkeep\n|\n|t:|1660415628\n|switch|p2a: Weavile|Weavile, M|100\/100\n|-ability|p2a: Weavile|Pressure\n|turn|11\n|\n|t:|1660415635\n|switch|p1a: Landorus|Landorus-Therian, M|32\/100\n|-ability|p1a: Landorus|Intimidate|boost\n|-unboost|p2a: Weavile|atk|1\n|move|p2a: Weavile|Ice Shard|p1a: Landorus\n|-supereffective|p1a: Landorus\n|-damage|p1a: Landorus|0 fnt\n|faint|p1a: Landorus\n|\n|upkeep\n|\n|t:|1660415644\n|switch|p1a: Dragapult|Dragapult, M|42\/100\n|turn|12\n|\n|t:|1660415647\n|move|p2a: Weavile|Ice Shard|p1a: Dragapult\n|-supereffective|p1a: Dragapult\n|-damage|p1a: Dragapult|4\/100\n|move|p1a: Dragapult|Dragon Darts|p2a: Weavile\n|-damage|p2a: Weavile|45\/100\n|-anim|p1a: Dragapult|Dragon Darts|p2a: Weavile\n|-damage|p2a: Weavile|0 fnt\n|faint|p2a: Weavile\n|-damage|p1a: Dragapult|0 fnt|[from] item: Life Orb\n|faint|p1a: Dragapult\n|\n|upkeep\n|\n|t:|1660415659\n|switch|p1a: Melmetal|Melmetal|100\/100\n|switch|p2a: Garchomp|Garchomp, M|100\/100\n|-damage|p2a: Garchomp|94\/100|[from] Stealth Rock\n|turn|13\n|\n|t:|1660415665\n|switch|p2a: Skarmory|Skarmory, M|62\/100\n|-damage|p2a: Skarmory|50\/100|[from] Stealth Rock\n|move|p1a: Melmetal|Iron Defense|p1a: Melmetal\n|-boost|p1a: Melmetal|def|2\n|\n|upkeep\n|turn|14\n|\n|t:|1660415674\n|move|p2a: Skarmory|Roost|p2a: Skarmory\n|-heal|p2a: Skarmory|99\/100\n|-singleturn|p2a: Skarmory|move: Roost\n|move|p1a: Melmetal|Body Press|p2a: Skarmory\n|-supereffective|p2a: Skarmory\n|-damage|p2a: Skarmory|40\/100\n|-damage|p1a: Melmetal|84\/100|[from] item: Rocky Helmet|[of] p2a: Skarmory\n|\n|-heal|p1a: Melmetal|90\/100|[from] item: Leftovers\n|upkeep\n|turn|15\n|\n|t:|1660415684\n|move|p2a: Skarmory|Roost|p2a: Skarmory\n|-heal|p2a: Skarmory|90\/100\n|-singleturn|p2a: Skarmory|move: Roost\n|move|p1a: Melmetal|Iron Defense|p1a: Melmetal\n|-boost|p1a: Melmetal|def|2\n|\n|-heal|p1a: Melmetal|96\/100|[from] item: Leftovers\n|upkeep\n|turn|16\n|j| lt93oq fenomeno\n|\n|t:|1660415693\n|switch|p2a: Rotom|Rotom-Wash|100\/100\n|-damage|p2a: Rotom|88\/100|[from] Stealth Rock\n|move|p1a: Melmetal|Body Press|p2a: Rotom\n|-damage|p2a: Rotom|5\/100\n|\n|-heal|p2a: Rotom|11\/100|[from] item: Leftovers\n|-heal|p1a: Melmetal|100\/100|[from] item: Leftovers\n|upkeep\n|turn|17\n|\n|t:|1660415704\n|move|p2a: Rotom|Pain Split|p1a: Melmetal\n|-sethp|p1a: Melmetal|54\/100|[from] move: Pain Split|[silent]\n|-sethp|p2a: Rotom|84\/100|[from] move: Pain Split\n|move|p1a: Melmetal|Body Press|p2a: Rotom\n|-damage|p2a: Rotom|1\/100\n|\n|-heal|p2a: Rotom|8\/100|[from] item: Leftovers\n|-heal|p1a: Melmetal|60\/100|[from] item: Leftovers\n|upkeep\n|turn|18\n|\n|t:|1660415714\n|move|p2a: Rotom|Discharge|p1a: Melmetal\n|-damage|p1a: Melmetal|38\/100\n|-status|p1a: Melmetal|par\n|move|p1a: Melmetal|Body Press|p2a: Rotom\n|-damage|p2a: Rotom|0 fnt\n|faint|p2a: Rotom\n|\n|-heal|p1a: Melmetal|45\/100 par|[from] item: Leftovers\n|upkeep\n|\n|t:|1660415721\n|switch|p2a: Garchomp|Garchomp, M|94\/100\n|-damage|p2a: Garchomp|88\/100|[from] Stealth Rock\n|turn|19\n|\n|t:|1660415728\n|move|p2a: Garchomp|Earthquake|p1a: Melmetal\n|-supereffective|p1a: Melmetal\n|-damage|p1a: Melmetal|26\/100 par\n|move|p1a: Melmetal|Body Press|p2a: Garchomp\n|-damage|p2a: Garchomp|16\/100\n|-damage|p1a: Melmetal|13\/100 par|[from] ability: Rough Skin|[of] p2a: Garchomp\n|\n|-heal|p2a: Garchomp|22\/100|[from] item: Leftovers\n|-heal|p1a: Melmetal|19\/100 par|[from] item: Leftovers\n|upkeep\n|turn|20\n|\n|t:|1660415739\n|move|p2a: Garchomp|Fire Fang|p1a: Melmetal\n|-supereffective|p1a: Melmetal\n|-damage|p1a: Melmetal|11\/100 par\n|cant|p1a: Melmetal|flinch\n|\n|-heal|p2a: Garchomp|29\/100|[from] item: Leftovers\n|-heal|p1a: Melmetal|17\/100 par|[from] item: Leftovers\n|upkeep\n|turn|21\n|\n|t:|1660415747\n|move|p2a: Garchomp|Scale Shot|p1a: Melmetal\n|-resisted|p1a: Melmetal\n|-damage|p1a: Melmetal|16\/100 par\n|-resisted|p1a: Melmetal\n|-damage|p1a: Melmetal|15\/100 par\n|-resisted|p1a: Melmetal\n|-damage|p1a: Melmetal|14\/100 par\n|-resisted|p1a: Melmetal\n|-damage|p1a: Melmetal|12\/100 par\n|-resisted|p1a: Melmetal\n|-damage|p1a: Melmetal|11\/100 par\n|-hitcount|p1a: Melmetal|5\n|-unboost|p2a: Garchomp|def|1\n|-boost|p2a: Garchomp|spe|1\n|move|p1a: Melmetal|Body Press|p2a: Garchomp\n|-damage|p2a: Garchomp|0 fnt\n|-damage|p1a: Melmetal|0 fnt|[from] ability: Rough Skin|[of] p2a: Garchomp\n|faint|p2a: Garchomp\n|faint|p1a: Melmetal\n|\n|upkeep\n|\n|t:|1660415765\n|switch|p2a: Skarmory|Skarmory, M|90\/100\n|switch|p1a: Garchomp|Garchomp, M|100\/100\n|-damage|p2a: Skarmory|78\/100|[from] Stealth Rock\n|turn|22\n|j| LT93OQ Friso\n|\n|t:|1660415771\n|move|p1a: Garchomp|Swords Dance|p1a: Garchomp\n|-boost|p1a: Garchomp|atk|2\n|move|p2a: Skarmory|Toxic|p1a: Garchomp\n|-status|p1a: Garchomp|tox\n|\n|-damage|p1a: Garchomp|94\/100 tox|[from] psn\n|upkeep\n|turn|23\n|\n|t:|1660415779\n|move|p1a: Garchomp|Swords Dance|p1a: Garchomp\n|-boost|p1a: Garchomp|atk|2\n|move|p2a: Skarmory|Roost|p2a: Skarmory\n|-heal|p2a: Skarmory|100\/100\n|-singleturn|p2a: Skarmory|move: Roost\n|\n|-heal|p1a: Garchomp|100\/100 tox|[from] item: Leftovers\n|-damage|p1a: Garchomp|88\/100 tox|[from] psn\n|upkeep\n|turn|24\n|n| LT93OQ Nerd|coolcodename\n|\n|t:|1660415789\n|move|p1a: Garchomp|Fire Fang|p2a: Skarmory\n|-supereffective|p2a: Skarmory\n|-crit|p2a: Skarmory\n|-ability|p2a: Skarmory|Sturdy\n|-damage|p2a: Skarmory|1\/100\n|-status|p2a: Skarmory|brn\n|-damage|p1a: Garchomp|72\/100 tox|[from] item: Rocky Helmet|[of] p2a: Skarmory\n|move|p2a: Skarmory|Roost|p2a: Skarmory\n|-heal|p2a: Skarmory|51\/100 brn\n|-singleturn|p2a: Skarmory|move: Roost\n|\n|-heal|p1a: Garchomp|78\/100 tox|[from] item: Leftovers\n|-damage|p1a: Garchomp|59\/100 tox|[from] psn\n|-damage|p2a: Skarmory|45\/100 brn|[from] brn\n|upkeep\n|turn|25\n|\n|t:|1660415804\n|move|p1a: Garchomp|Fire Fang|p2a: Skarmory\n|-supereffective|p2a: Skarmory\n|-crit|p2a: Skarmory\n|-damage|p2a: Skarmory|0 fnt\n|-damage|p1a: Garchomp|43\/100 tox|[from] item: Rocky Helmet|[of] p2a: Skarmory\n|faint|p2a: Skarmory\n|\n|win|Blue chen\n|raw|Blue chen's rating: 1712 &rarr; <strong>1744<\/strong><br \/>(+32 for winning)\n|raw|LT93OQ Dasmer's rating: 1943 &rarr; <strong>1911<\/strong><br \/>(-32 for losing)\n|l| lt93oq fenomeno\n|l|\u2606LT93OQ Dasmer\n","uploadtime":1660415815,"views":31,"p1id":"bluechen","p2id":"lt93oqdasmer","formatid":"gen8ou","rating":1744,"private":0,"password":null}