{"id":"gen8ou-1526499925","p1":"Redfire.Gslay","p2":"beastyj157","format":"gen8ou","log":"|j|\u2606Redfire.Gslay\n|j|\u2606beastyj157\n|inactive|Battle timer is ON: inactive players will automatically lose when time's up.\n|t:|1646775972\n|gametype|singles\n|player|p1|Redfire.Gslay|bede-leader|\n|player|p2|beastyj157|skierf|\n|teamsize|p1|6\n|teamsize|p2|6\n|gen|8\n|tier|[Gen 8] OU\n|rated|Tournament battle\n|rule|Sleep Clause Mod: Limit one foe put to sleep\n|rule|Species Clause: Limit one of each Pok\u00e9mon\n|rule|OHKO Clause: OHKO moves are banned\n|rule|Evasion Moves Clause: Evasion moves are banned\n|rule|Endless Battle Clause: Forcing endless battles is banned\n|rule|HP Percentage Mod: HP is shown in percentages\n|rule|Dynamax Clause: You cannot dynamax\n|clearpoke\n|poke|p1|Ferrothorn, M|\n|poke|p1|Urshifu-*, F|\n|poke|p1|Clefable, M|\n|poke|p1|Polteageist-Antique|\n|poke|p1|Tapu Koko|\n|poke|p1|Victini|\n|poke|p2|Ferrothorn, F|\n|poke|p2|Tornadus-Therian, M|\n|poke|p2|Clefable, M|\n|poke|p2|Landorus-Therian, M|\n|poke|p2|Blacephalon|\n|poke|p2|Weavile, F|\n|teampreview\n|inactive|Redfire.Gslay also wants the timer to be on.\n|inactive|beastyj157 also wants the timer to be on.\n|\n|t:|1646775978\n|start\n|switch|p1a: Polteageist|Polteageist-Antique|100\/100\n|switch|p2a: Blacephalon|Blacephalon|100\/100\n|turn|1\n|c|\u2606Redfire.Gslay|Glhf\n|c|\u2606beastyj157|oh no\n|c|\u2606Redfire.Gslay|also I\u2019m very bad so if you could let me win that would be nice\n|c|\u2606Redfire.Gslay|also oh ge\n|c|\u2606Redfire.Gslay|ye\n|\n|t:|1646775999\n|move|p2a: Blacephalon|Shadow Ball|p1a: Polteageist\n|-supereffective|p1a: Polteageist\n|-enditem|p1a: Polteageist|Focus Sash\n|-damage|p1a: Polteageist|1\/100\n|-start|p2a: Blacephalon|Disable|Shadow Ball|[from] ability: Cursed Body|[of] p1a: Polteageist\n|move|p1a: Polteageist|Shell Smash|p1a: Polteageist\n|-unboost|p1a: Polteageist|def|1\n|-unboost|p1a: Polteageist|spd|1\n|-boost|p1a: Polteageist|atk|2\n|-boost|p1a: Polteageist|spa|2\n|-boost|p1a: Polteageist|spe|2\n|\n|upkeep\n|turn|2\n|j| TheNewBrends11\n|c|\u2606beastyj157|i knew it\n|\n|t:|1646776010\n|switch|p2a: Clefable|Clefable, M|100\/100\n|move|p1a: Polteageist|Shadow Ball|p2a: Clefable\n|-damage|p2a: Clefable|38\/100\n|\n|upkeep\n|turn|3\n|c|\u2606Redfire.Gslay|Knew what\n|\n|t:|1646776020\n|switch|p2a: Weavile|Weavile, F|100\/100\n|-ability|p2a: Weavile|Pressure\n|move|p1a: Polteageist|Shadow Ball|p2a: Weavile\n|-resisted|p2a: Weavile\n|-damage|p2a: Weavile|41\/100\n|\n|upkeep\n|turn|4\n|c|\u2606beastyj157|i was about to trick\n|j| ladderis5pplonalts\n|j| Jddjraptor\n|c|\u2606beastyj157|but prayed ur were white herb\n|c|\u2606Redfire.Gslay|Yep\n|\n|t:|1646776035\n|move|p2a: Weavile|Ice Shard|p1a: Polteageist\n|-damage|p1a: Polteageist|0 fnt\n|faint|p1a: Polteageist\n|\n|upkeep\n|c|\u2606Redfire.Gslay|Nope\n|\n|t:|1646776042\n|switch|p1a: Urshifu|Urshifu-Rapid-Strike, F|100\/100\n|turn|5\n|c|\u2606beastyj157|oh my team\n|c|\u2606beastyj157|is urshifu weak\n|c|\u2606Redfire.Gslay|Yep\n|inactive|beastyj157 has 120 seconds left.\n|c|\u2606Redfire.Gslay|Expect feroseed\n|c|\u2606Redfire.Gslay|Oh wait\n|c|\u2606Redfire.Gslay|dam\n|c|\u2606Redfire.Gslay|gg\n|c|\u2606beastyj157|gg already lol\n|c|\u2606beastyj157|ok\n|c|\u2606Redfire.Gslay|Wait\n|inactive|beastyj157 has 90 seconds left.\n|\n|t:|1646776104\n|switch|p2a: Tornadus|Tornadus-Therian, M|100\/100\n|switch|p1a: Victini|Victini|100\/100\n|\n|upkeep\n|turn|6\n|c|\u2606Redfire.Gslay|could you forfeit then?\n|\n|t:|1646776108\n|move|p2a: Tornadus|Knock Off|p1a: Victini\n|-supereffective|p1a: Victini\n|-damage|p1a: Victini|53\/100\n|-enditem|p1a: Victini|Assault Vest|[from] move: Knock Off|[of] p2a: Tornadus\n|move|p1a: Victini|Glaciate|p2a: Tornadus\n|-supereffective|p2a: Tornadus\n|-damage|p2a: Tornadus|59\/100\n|-unboost|p2a: Tornadus|spe|1\n|\n|upkeep\n|turn|7\n|j| Juseth sepulveda\n|c|\u2606beastyj157|no\n|c|\u2606Redfire.Gslay|Ph\n|c|\u2606Redfire.Gslay|ok\n|\n|t:|1646776119\n|move|p1a: Victini|V-create|p2a: Tornadus\n|-damage|p2a: Tornadus|0 fnt\n|-unboost|p1a: Victini|spe|1\n|-unboost|p1a: Victini|def|1\n|-unboost|p1a: Victini|spd|1\n|faint|p2a: Tornadus\n|\n|upkeep\n|c|\u2606Redfire.Gslay|welp\n|\n|t:|1646776122\n|switch|p2a: Blacephalon|Blacephalon|100\/100\n|turn|8\n|\n|t:|1646776128\n|switch|p1a: Urshifu|Urshifu-Rapid-Strike, F|100\/100\n|move|p2a: Blacephalon|Shadow Ball|p1a: Urshifu\n|-damage|p1a: Urshifu|0 fnt\n|faint|p1a: Urshifu\n|-ability|p2a: Blacephalon|Beast Boost|boost\n|-boost|p2a: Blacephalon|spa|1\n|\n|upkeep\n|c|\u2606beastyj157|erm\n|\n|t:|1646776136\n|switch|p1a: Clefable|Clefable, M|100\/100\n|turn|9\n|c|\u2606beastyj157|ig if not shifu weak now\n|\n|t:|1646776141\n|move|p2a: Blacephalon|Shadow Ball|p1a: Clefable\n|-crit|p1a: Clefable\n|-damage|p1a: Clefable|10\/100\n|move|p1a: Clefable|Moonblast|p2a: Blacephalon\n|-resisted|p2a: Blacephalon\n|-damage|p2a: Blacephalon|64\/100\n|\n|-heal|p1a: Clefable|16\/100|[from] item: Leftovers\n|upkeep\n|turn|10\n|c|\u2606beastyj157|dang\n|inactive|Redfire.Gslay has 120 seconds left.\n|\n|t:|1646776188\n|switch|p1a: Ferrothorn|Ferrothorn, M|100\/100\n|move|p2a: Blacephalon|Shadow Ball|p1a: Ferrothorn\n|-damage|p1a: Ferrothorn|18\/100\n|-unboost|p1a: Ferrothorn|spd|1\n|\n|upkeep\n|turn|11\n|\n|t:|1646776194\n|move|p2a: Blacephalon|Shadow Ball|p1a: Ferrothorn\n|-damage|p1a: Ferrothorn|0 fnt\n|faint|p1a: Ferrothorn\n|-ability|p2a: Blacephalon|Beast Boost|boost\n|-boost|p2a: Blacephalon|spa|1\n|\n|upkeep\n|\n|t:|1646776198\n|switch|p1a: Tapu Koko|Tapu Koko|100\/100\n|-fieldstart|move: Electric Terrain|[from] ability: Electric Surge|[of] p1a: Tapu Koko\n|turn|12\n|c|\u2606beastyj157|dang boi\n|\n|t:|1646776206\n|switch|p2a: Landorus|Landorus-Therian, M|100\/100\n|-ability|p2a: Landorus|Intimidate|boost\n|-unboost|p1a: Tapu Koko|atk|1\n|move|p1a: Tapu Koko|Thunderbolt|p2a: Landorus\n|-immune|p2a: Landorus\n|\n|upkeep\n|turn|13\n|\n|t:|1646776209\n|switch|p1a: Clefable|Clefable, M|16\/100\n|move|p2a: Landorus|Earthquake|p1a: Clefable\n|-damage|p1a: Clefable|0 fnt\n|faint|p1a: Clefable\n|\n|upkeep\n|\n|t:|1646776213\n|switch|p1a: Victini|Victini|53\/100\n|turn|14\n|\n|t:|1646776216\n|switch|p2a: Weavile|Weavile, F|41\/100\n|-ability|p2a: Weavile|Pressure\n|move|p1a: Victini|Glaciate|p2a: Weavile\n|-resisted|p2a: Weavile\n|-damage|p2a: Weavile|28\/100\n|-unboost|p2a: Weavile|spe|1\n|\n|upkeep\n|turn|15\n|c|\u2606beastyj157|oh ye oops\n|\n|t:|1646776225\n|switch|p2a: Clefable|Clefable, M|38\/100\n|move|p1a: Victini|Scorching Sands|p2a: Clefable\n|-damage|p2a: Clefable|24\/100\n|-status|p2a: Clefable|brn\n|\n|upkeep\n|turn|16\n|\n|t:|1646776236\n|move|p1a: Victini|Expanding Force|p2a: Clefable\n|-damage|p2a: Clefable|2\/100 brn\n|move|p2a: Clefable|Moonblast|p1a: Victini\n|-resisted|p1a: Victini\n|-damage|p1a: Victini|38\/100\n|-unboost|p1a: Victini|spa|1\n|\n|-fieldend|move: Electric Terrain\n|upkeep\n|turn|17\n|\n|t:|1646776243\n|move|p1a: Victini|Glaciate|p2a: Clefable\n|-damage|p2a: Clefable|0 fnt\n|faint|p2a: Clefable\n|\n|upkeep\n|\n|t:|1646776246\n|switch|p2a: Blacephalon|Blacephalon|64\/100\n|turn|18\n|\n|t:|1646776250\n|move|p2a: Blacephalon|Shadow Ball|p1a: Victini\n|-supereffective|p1a: Victini\n|-damage|p1a: Victini|0 fnt\n|faint|p1a: Victini\n|-ability|p2a: Blacephalon|Beast Boost|boost\n|-boost|p2a: Blacephalon|spa|1\n|\n|upkeep\n|\n|t:|1646776252\n|switch|p1a: Tapu Koko|Tapu Koko|100\/100\n|-fieldstart|move: Electric Terrain|[from] ability: Electric Surge|[of] p1a: Tapu Koko\n|turn|19\n|\n|t:|1646776259\n|move|p1a: Tapu Koko|Dazzling Gleam|p2a: Blacephalon\n|-resisted|p2a: Blacephalon\n|-crit|p2a: Blacephalon\n|-damage|p2a: Blacephalon|6\/100\n|move|p2a: Blacephalon|Shadow Ball|p1a: Tapu Koko\n|-damage|p1a: Tapu Koko|0 fnt\n|faint|p1a: Tapu Koko\n|\n|win|beastyj157\n|n|\u2606Redfire.Gslay|redfiregslay\n|n|\u2606beastyj157|beastyj157\n|n| TheNewBrends11|thenewbrends11\n|n| ladderis5pplonalts|ladderis5pplonalts\n|n| Jddjraptor|jddjraptor\n|n| Juseth sepulveda|jusethsepulveda\n|c|\u2606beastyj157|gg\n|c|\u2606Redfire.Gslay|Gg\n|l|\u2606Redfire.Gslay\n|l| ladderis5pplonalts\n|c|\u2606beastyj157|meme team to finals baby\n|l|\u2606beastyj157\n|l| Juseth sepulveda\n","uploadtime":1646776330,"views":11,"p1id":"redfiregslay","p2id":"beastyj157","formatid":"gen8ou","rating":0,"private":0,"password":null}