{"id":"gen8ou-1628383289","p1":"LT91BB damien","p2":"tesla roadster","format":"gen8ou","log":"|raw|<div class=\"broadcast-blue\"><strong>This battle is required to be public due to a player having a name starting with 'lt91bb'.<\/div>\n|j|\u2606LT91BB damien\n|j|\u2606tesla roadster\n|t:|1659167520\n|gametype|singles\n|player|p1|LT91BB damien|lucas|1715\n|player|p2|tesla roadster|266|1738\n|teamsize|p1|6\n|teamsize|p2|6\n|gen|8\n|tier|[Gen 8] OU\n|rated|\n|rule|Sleep Clause Mod: Limit one foe put to sleep\n|rule|Species Clause: Limit one of each Pok\u00e9mon\n|rule|OHKO Clause: OHKO moves are banned\n|rule|Evasion Moves Clause: Evasion moves are banned\n|rule|Endless Battle Clause: Forcing endless battles is banned\n|rule|HP Percentage Mod: HP is shown in percentages\n|rule|Dynamax Clause: You cannot dynamax\n|clearpoke\n|poke|p1|Weavile, F|\n|poke|p1|Blacephalon|\n|poke|p1|Slowking-Galar, M|\n|poke|p1|Corviknight, F|\n|poke|p1|Landorus-Therian, M|\n|poke|p1|Toxapex, M|\n|poke|p2|Urshifu-*, F|\n|poke|p2|Tyranitar, M|\n|poke|p2|Excadrill, M|\n|poke|p2|Zapdos|\n|poke|p2|Ferrothorn, M|\n|poke|p2|Tapu Lele|\n|teampreview\n|inactive|Battle timer is ON: inactive players will automatically lose when time's up. (requested by LT91BB damien)\n|\n|t:|1659167570\n|start\n|switch|p1a: Blacephalon|Blacephalon|100\/100\n|switch|p2a: Ferrothorn|Ferrothorn, M|100\/100\n|turn|1\n|\n|t:|1659167586\n|switch|p2a: Tyranitar|Tyranitar, M|100\/100\n|-weather|Sandstorm|[from] ability: Sand Stream|[of] p2a: Tyranitar\n|move|p1a: Blacephalon|Overheat|p2a: Tyranitar\n|-resisted|p2a: Tyranitar\n|-damage|p2a: Tyranitar|62\/100\n|-unboost|p1a: Blacephalon|spa|2\n|\n|-weather|Sandstorm|[upkeep]\n|-damage|p1a: Blacephalon|94\/100|[from] Sandstorm\n|upkeep\n|turn|2\n|j| ripreckful\n|\n|t:|1659167608\n|switch|p1a: Toxapex|Toxapex, M|100\/100\n|move|p2a: Tyranitar|Stone Edge|p1a: Toxapex\n|-damage|p1a: Toxapex|38\/100\n|-enditem|p1a: Toxapex|Eject Button\n|l| ripreckful\n|\n|t:|1659167613\n|switch|p1a: Weavile|Weavile, F|100\/100\n|-ability|p1a: Weavile|Pressure\n|\n|-weather|Sandstorm|[upkeep]\n|-damage|p1a: Weavile|94\/100|[from] Sandstorm\n|upkeep\n|turn|3\n|inactive|tesla roadster has 120 seconds left.\n|\n|t:|1659167659\n|switch|p2a: Urshifu|Urshifu-Rapid-Strike, F|100\/100\n|move|p1a: Weavile|Low Kick|p2a: Urshifu\n|-damage|p2a: Urshifu|51\/100\n|\n|-weather|Sandstorm|[upkeep]\n|-damage|p1a: Weavile|88\/100|[from] Sandstorm\n|-damage|p2a: Urshifu|45\/100|[from] Sandstorm\n|upkeep\n|turn|4\n|\n|t:|1659167682\n|switch|p1a: Slowking|Slowking-Galar, M|100\/100\n|switch|p2a: Tapu Lele|Tapu Lele, shiny|100\/100\n|-fieldstart|move: Psychic Terrain|[from] ability: Psychic Surge|[of] p2a: Tapu Lele\n|\n|-weather|Sandstorm|[upkeep]\n|-damage|p2a: Tapu Lele|94\/100|[from] Sandstorm\n|-damage|p1a: Slowking|94\/100|[from] Sandstorm\n|upkeep\n|turn|5\n|inactive|LT91BB damien has 120 seconds left.\n|\n|t:|1659167703\n|switch|p2a: Ferrothorn|Ferrothorn, M|100\/100\n|switch|p1a: Corviknight|Corviknight, F|100\/100\n|-ability|p1a: Corviknight|Pressure\n|\n|-weather|none\n|upkeep\n|turn|6\n|inactive|LT91BB damien has 120 seconds left.\n|\n|t:|1659167723\n|switch|p1a: Toxapex|Toxapex, M|71\/100\n|move|p2a: Ferrothorn|Stealth Rock|p1a: Toxapex\n|-sidestart|p1: LT91BB damien|move: Stealth Rock\n|\n|upkeep\n|turn|7\n|inactive|tesla roadster has 90 seconds left.\n|\n|t:|1659167747\n|switch|p2a: Zapdos|Zapdos|100\/100\n|move|p1a: Toxapex|Knock Off|p2a: Zapdos\n|-damage|p2a: Zapdos|88\/100\n|-status|p1a: Toxapex|par|[from] ability: Static|[of] p2a: Zapdos\n|-enditem|p2a: Zapdos|Heavy-Duty Boots|[from] move: Knock Off|[of] p1a: Toxapex\n|\n|upkeep\n|turn|8\n|inactive|tesla roadster has 90 seconds left.\n|\n|t:|1659167769\n|switch|p1a: Landorus|Landorus-Therian, M|100\/100\n|-damage|p1a: Landorus|88\/100|[from] Stealth Rock\n|-ability|p1a: Landorus|Intimidate|boost\n|-unboost|p2a: Zapdos|atk|1\n|move|p2a: Zapdos|Volt Switch|p1a: Landorus\n|-immune|p1a: Landorus\n|\n|-heal|p1a: Landorus|94\/100|[from] item: Leftovers\n|-fieldend|move: Psychic Terrain\n|upkeep\n|turn|9\n|\n|t:|1659167775\n|move|p2a: Zapdos|Hurricane|p1a: Landorus\n|-damage|p1a: Landorus|60\/100\n|move|p1a: Landorus|Defog|p2a: Zapdos\n|-unboost|p2a: Zapdos|evasion|1\n|-sideend|p1: LT91BB damien|Stealth Rock|[from] move: Defog|[of] p1a: Landorus\n|\n|-heal|p1a: Landorus|66\/100|[from] item: Leftovers\n|upkeep\n|turn|10\n|inactive|tesla roadster has 90 seconds left.\n|\n|t:|1659167792\n|move|p2a: Zapdos|Hurricane|p1a: Landorus|[miss]\n|-miss|p2a: Zapdos|p1a: Landorus\n|move|p1a: Landorus|Toxic|p2a: Zapdos\n|-status|p2a: Zapdos|tox\n|\n|-heal|p1a: Landorus|72\/100|[from] item: Leftovers\n|-damage|p2a: Zapdos|82\/100 tox|[from] psn\n|upkeep\n|turn|11\n|\n|t:|1659167801\n|move|p2a: Zapdos|Hurricane|p1a: Landorus\n|-damage|p1a: Landorus|41\/100\n|-start|p1a: Landorus|confusion\n|-activate|p1a: Landorus|confusion\n|move|p1a: Landorus|U-turn|p2a: Zapdos\n|-resisted|p2a: Zapdos\n|-damage|p2a: Zapdos|74\/100 tox\n|\n|t:|1659167811\n|switch|p1a: Blacephalon|Blacephalon|94\/100|[from]move: U-turn\n|\n|-damage|p2a: Zapdos|62\/100 tox|[from] psn\n|upkeep\n|turn|12\n|j| OMICORIO\n|\n|t:|1659167820\n|switch|p2a: Tapu Lele|Tapu Lele, shiny|94\/100\n|-fieldstart|move: Psychic Terrain|[from] ability: Psychic Surge|[of] p2a: Tapu Lele\n|move|p1a: Blacephalon|Overheat|p2a: Tapu Lele\n|-damage|p2a: Tapu Lele|0 fnt\n|-unboost|p1a: Blacephalon|spa|2\n|faint|p2a: Tapu Lele\n|-ability|p1a: Blacephalon|Beast Boost|boost\n|-boost|p1a: Blacephalon|spa|1\n|\n|upkeep\n|\n|t:|1659167823\n|switch|p2a: Tyranitar|Tyranitar, M|62\/100\n|-weather|Sandstorm|[from] ability: Sand Stream|[of] p2a: Tyranitar\n|turn|13\n|inactive|LT91BB damien has 120 seconds left.\n|inactive|tesla roadster has 90 seconds left.\n|\n|t:|1659167867\n|switch|p1a: Corviknight|Corviknight, F|100\/100\n|-ability|p1a: Corviknight|Pressure\n|move|p2a: Tyranitar|Stone Edge|p1a: Corviknight\n|-damage|p1a: Corviknight|47\/100\n|\n|-weather|Sandstorm|[upkeep]\n|-heal|p1a: Corviknight|53\/100|[from] item: Leftovers\n|upkeep\n|turn|14\n|inactive|LT91BB damien has 120 seconds left.\n|\n|t:|1659167880\n|switch|p1a: Landorus|Landorus-Therian, M|41\/100\n|-ability|p1a: Landorus|Intimidate|boost\n|-unboost|p2a: Tyranitar|atk|1\n|move|p2a: Tyranitar|Stone Edge|p1a: Landorus|[miss]\n|-miss|p2a: Tyranitar|p1a: Landorus\n|\n|-weather|Sandstorm|[upkeep]\n|-heal|p1a: Landorus|47\/100|[from] item: Leftovers\n|upkeep\n|turn|15\n|inactive|tesla roadster has 90 seconds left.\n|\n|t:|1659167910\n|switch|p2a: Ferrothorn|Ferrothorn, M|100\/100\n|switch|p1a: Toxapex|Toxapex, M|100\/100 par\n|\n|-weather|Sandstorm|[upkeep]\n|-damage|p1a: Toxapex|95\/100 par|[from] Sandstorm\n|upkeep\n|turn|16\n|inactive|LT91BB damien has 120 seconds left.\n|\n|t:|1659167934\n|move|p2a: Ferrothorn|Knock Off|p1a: Toxapex\n|-damage|p1a: Toxapex|84\/100 par\n|move|p1a: Toxapex|Knock Off|p2a: Ferrothorn\n|-damage|p2a: Ferrothorn|90\/100\n|-damage|p1a: Toxapex|72\/100 par|[from] ability: Iron Barbs|[of] p2a: Ferrothorn\n|-enditem|p2a: Ferrothorn|Leftovers|[from] move: Knock Off|[of] p1a: Toxapex\n|\n|-weather|Sandstorm|[upkeep]\n|-damage|p1a: Toxapex|66\/100 par|[from] Sandstorm\n|-fieldend|move: Psychic Terrain\n|upkeep\n|turn|17\n|inactive|LT91BB damien has 120 seconds left.\n|\n|t:|1659167957\n|switch|p1a: Corviknight|Corviknight, F|53\/100\n|-ability|p1a: Corviknight|Pressure\n|move|p2a: Ferrothorn|Stealth Rock|p1a: Corviknight\n|-sidestart|p1: LT91BB damien|move: Stealth Rock\n|\n|-weather|none\n|-heal|p1a: Corviknight|59\/100|[from] item: Leftovers\n|upkeep\n|turn|18\n|inactive|tesla roadster has 90 seconds left.\n|inactive|LT91BB damien has 90 seconds left.\n|j| lt91bb fenomeno\n|\n|t:|1659167987\n|move|p1a: Corviknight|Defog|p2a: Ferrothorn\n|-unboost|p2a: Ferrothorn|evasion|1\n|-sideend|p1: LT91BB damien|Stealth Rock|[from] move: Defog|[of] p1a: Corviknight\n|move|p2a: Ferrothorn|Knock Off|p1a: Corviknight\n|-damage|p1a: Corviknight|46\/100\n|-enditem|p1a: Corviknight|Leftovers|[from] move: Knock Off|[of] p2a: Ferrothorn\n|\n|upkeep\n|turn|19\n|inactive|tesla roadster has 90 seconds left.\n|\n|t:|1659167999\n|move|p1a: Corviknight|Roost|p1a: Corviknight\n|-heal|p1a: Corviknight|96\/100\n|-singleturn|p1a: Corviknight|move: Roost\n|move|p2a: Ferrothorn|Knock Off|p1a: Corviknight\n|-damage|p1a: Corviknight|88\/100\n|\n|upkeep\n|turn|20\n|inactive|tesla roadster has 90 seconds left.\n|\n|t:|1659168011\n|move|p1a: Corviknight|Body Press|p2a: Ferrothorn\n|-supereffective|p2a: Ferrothorn\n|-damage|p2a: Ferrothorn|52\/100\n|-damage|p1a: Corviknight|76\/100|[from] ability: Iron Barbs|[of] p2a: Ferrothorn\n|move|p2a: Ferrothorn|Leech Seed|p1a: Corviknight\n|-start|p1a: Corviknight|move: Leech Seed\n|\n|-damage|p1a: Corviknight|63\/100|[from] Leech Seed|[of] p2a: Ferrothorn\n|-heal|p2a: Ferrothorn|66\/100|[silent]\n|upkeep\n|turn|21\n|\n|t:|1659168022\n|switch|p1a: Blacephalon|Blacephalon|94\/100\n|move|p2a: Ferrothorn|Stealth Rock|p1a: Blacephalon\n|-sidestart|p1: LT91BB damien|move: Stealth Rock\n|\n|upkeep\n|turn|22\n|\n|t:|1659168035\n|switch|p2a: Urshifu|Urshifu-Rapid-Strike, F|45\/100\n|move|p1a: Blacephalon|Overheat|p2a: Urshifu|[miss]\n|-miss|p1a: Blacephalon|p2a: Urshifu\n|\n|upkeep\n|turn|23\n|\n|t:|1659168041\n|switch|p1a: Toxapex|Toxapex, M|99\/100 par\n|-damage|p1a: Toxapex|87\/100 par|[from] Stealth Rock\n|move|p2a: Urshifu|U-turn|p1a: Toxapex\n|-resisted|p1a: Toxapex\n|-damage|p1a: Toxapex|78\/100 par\n|inactive|tesla roadster has 90 seconds left.\n|\n|t:|1659168061\n|switch|p2a: Zapdos|Zapdos|62\/100 tox|[from]move: U-turn\n|\n|-damage|p2a: Zapdos|56\/100 tox|[from] psn\n|upkeep\n|turn|24\n|inactive|LT91BB damien has 120 seconds left.\n|inactive|tesla roadster has 90 seconds left.\n|\n|t:|1659168074\n|move|p2a: Zapdos|Hurricane|p1a: Toxapex\n|-damage|p1a: Toxapex|48\/100 par\n|move|p1a: Toxapex|Recover|p1a: Toxapex\n|-heal|p1a: Toxapex|98\/100 par\n|\n|-damage|p2a: Zapdos|44\/100 tox|[from] psn\n|upkeep\n|turn|25\n|inactive|LT91BB damien has 120 seconds left.\n|inactive|tesla roadster has 90 seconds left.\n|\n|t:|1659168088\n|move|p2a: Zapdos|Roost|p2a: Zapdos\n|-heal|p2a: Zapdos|94\/100 tox\n|-singleturn|p2a: Zapdos|move: Roost\n|move|p1a: Toxapex|Recover|p1a: Toxapex\n|-heal|p1a: Toxapex|100\/100 par\n|\n|-damage|p2a: Zapdos|76\/100 tox|[from] psn\n|upkeep\n|turn|26\n|inactive|LT91BB damien has 120 seconds left.\n|\n|t:|1659168103\n|move|p2a: Zapdos|Hurricane|p1a: Toxapex\n|-damage|p1a: Toxapex|71\/100 par\n|move|p1a: Toxapex|Knock Off|p2a: Zapdos\n|-damage|p2a: Zapdos|68\/100 tox\n|\n|-damage|p2a: Zapdos|44\/100 tox|[from] psn\n|upkeep\n|turn|27\n|inactive|LT91BB damien has 120 seconds left.\n|\n|t:|1659168121\n|switch|p1a: Slowking|Slowking-Galar, M|100\/100\n|-damage|p1a: Slowking|88\/100|[from] Stealth Rock\n|move|p2a: Zapdos|Volt Switch|p1a: Slowking\n|-damage|p1a: Slowking|73\/100\n|\n|t:|1659168127\n|switch|p2a: Tyranitar|Tyranitar, M|62\/100|[from]move: Volt Switch\n|-weather|Sandstorm|[from] ability: Sand Stream|[of] p2a: Tyranitar\n|\n|-weather|Sandstorm|[upkeep]\n|-damage|p1a: Slowking|67\/100|[from] Sandstorm\n|upkeep\n|turn|28\n|inactive|LT91BB damien has 120 seconds left.\n|\n|t:|1659168139\n|switch|p1a: Landorus|Landorus-Therian, M|47\/100\n|-damage|p1a: Landorus|35\/100|[from] Stealth Rock\n|-ability|p1a: Landorus|Intimidate|boost\n|-unboost|p2a: Tyranitar|atk|1\n|move|p2a: Tyranitar|Crunch|p1a: Landorus\n|-damage|p1a: Landorus|0 fnt\n|faint|p1a: Landorus\n|\n|-weather|Sandstorm|[upkeep]\n|upkeep\n|\n|t:|1659168168\n|switch|p1a: Corviknight|Corviknight, F|63\/100\n|-damage|p1a: Corviknight|51\/100|[from] Stealth Rock\n|-ability|p1a: Corviknight|Pressure\n|turn|29\n|\n|t:|1659168180\n|switch|p2a: Urshifu|Urshifu-Rapid-Strike, F|45\/100\n|move|p1a: Corviknight|Defog|p2a: Urshifu\n|-unboost|p2a: Urshifu|evasion|1\n|-sideend|p1: LT91BB damien|Stealth Rock|[from] move: Defog|[of] p1a: Corviknight\n|\n|-weather|Sandstorm|[upkeep]\n|-damage|p2a: Urshifu|39\/100|[from] Sandstorm\n|upkeep\n|turn|30\n|\n|t:|1659168193\n|switch|p1a: Toxapex|Toxapex, M|100\/100 par\n|move|p2a: Urshifu|Taunt|p1a: Toxapex\n|-start|p1a: Toxapex|move: Taunt\n|\n|-weather|Sandstorm|[upkeep]\n|-damage|p2a: Urshifu|32\/100|[from] Sandstorm\n|-damage|p1a: Toxapex|95\/100 par|[from] Sandstorm\n|upkeep\n|turn|31\n|\n|t:|1659168209\n|move|p2a: Urshifu|U-turn|p1a: Toxapex\n|-resisted|p1a: Toxapex\n|-damage|p1a: Toxapex|85\/100 par\n|\n|t:|1659168212\n|switch|p2a: Zapdos|Zapdos|44\/100 tox|[from]move: U-turn\n|move|p1a: Toxapex|Knock Off|p2a: Zapdos\n|-damage|p2a: Zapdos|35\/100 tox\n|\n|-weather|none\n|-damage|p2a: Zapdos|29\/100 tox|[from] psn\n|upkeep\n|turn|32\n|inactive|tesla roadster has 120 seconds left.\n|inactive|LT91BB damien has 90 seconds left.\n|\n|t:|1659168235\n|switch|p1a: Blacephalon|Blacephalon|94\/100\n|move|p2a: Zapdos|Volt Switch|p1a: Blacephalon\n|-damage|p1a: Blacephalon|43\/100\n|l| lt91bb fenomeno\n|inactive|tesla roadster has 120 seconds left.\n|\n|t:|1659168241\n|switch|p2a: Tyranitar|Tyranitar, M|62\/100|[from]move: Volt Switch\n|-weather|Sandstorm|[from] ability: Sand Stream|[of] p2a: Tyranitar\n|\n|-weather|Sandstorm|[upkeep]\n|-damage|p1a: Blacephalon|37\/100|[from] Sandstorm\n|upkeep\n|turn|33\n|inactive|tesla roadster has 120 seconds left.\n|\n|t:|1659168255\n|switch|p1a: Toxapex|Toxapex, M|100\/100 par\n|move|p2a: Tyranitar|Crunch|p1a: Toxapex\n|-damage|p1a: Toxapex|42\/100 par\n|\n|-weather|Sandstorm|[upkeep]\n|-damage|p1a: Toxapex|36\/100 par|[from] Sandstorm\n|upkeep\n|turn|34\n|\n|t:|1659168261\n|switch|p1a: Weavile|Weavile, F|88\/100\n|-ability|p1a: Weavile|Pressure\n|move|p2a: Tyranitar|Crunch|p1a: Weavile\n|-resisted|p1a: Weavile\n|-damage|p1a: Weavile|30\/100\n|\n|-weather|Sandstorm|[upkeep]\n|-damage|p1a: Weavile|24\/100|[from] Sandstorm\n|upkeep\n|turn|35\n|j| ripreckful\n|\n|t:|1659168273\n|switch|p2a: Ferrothorn|Ferrothorn, M|66\/100\n|move|p1a: Weavile|Low Kick|p2a: Ferrothorn\n|-supereffective|p2a: Ferrothorn\n|-damage|p2a: Ferrothorn|0 fnt\n|-damage|p1a: Weavile|12\/100|[from] ability: Iron Barbs|[of] p2a: Ferrothorn\n|faint|p2a: Ferrothorn\n|\n|-weather|Sandstorm|[upkeep]\n|-damage|p1a: Weavile|6\/100|[from] Sandstorm\n|upkeep\n|inactive|tesla roadster has 120 seconds left.\n|\n|t:|1659168290\n|switch|p2a: Zapdos|Zapdos|29\/100 tox\n|turn|36\n|inactive|LT91BB damien has 120 seconds left.\n|\n|t:|1659168313\n|switch|p1a: Slowking|Slowking-Galar, M|100\/100\n|move|p2a: Zapdos|Roost|p2a: Zapdos\n|-heal|p2a: Zapdos|80\/100 tox\n|-singleturn|p2a: Zapdos|move: Roost\n|\n|-weather|none\n|-damage|p2a: Zapdos|74\/100 tox|[from] psn\n|upkeep\n|turn|37\n|\n|t:|1659168335\n|move|p2a: Zapdos|Volt Switch|p1a: Slowking\n|-damage|p1a: Slowking|84\/100\n|\n|t:|1659168340\n|switch|p2a: Tyranitar|Tyranitar, M|62\/100|[from]move: Volt Switch\n|-weather|Sandstorm|[from] ability: Sand Stream|[of] p2a: Tyranitar\n|move|p1a: Slowking|Earthquake|p2a: Tyranitar\n|-supereffective|p2a: Tyranitar\n|-damage|p2a: Tyranitar|31\/100\n|\n|-weather|Sandstorm|[upkeep]\n|-damage|p1a: Slowking|78\/100|[from] Sandstorm\n|upkeep\n|turn|38\n|inactive|LT91BB damien has 90 seconds left.\n|inactive|LT91BB damien has 60 seconds left.\n|\n|t:|1659168397\n|switch|p1a: Toxapex|Toxapex, M|69\/100 par\n|move|p2a: Tyranitar|Crunch|p1a: Toxapex\n|-damage|p1a: Toxapex|16\/100 par\n|\n|-weather|Sandstorm|[upkeep]\n|-damage|p1a: Toxapex|10\/100 par|[from] Sandstorm\n|upkeep\n|turn|39\n|inactive|LT91BB damien has 60 seconds left.\n|\n|t:|1659168408\n|move|p2a: Tyranitar|Crunch|p1a: Toxapex\n|-damage|p1a: Toxapex|0 fnt\n|faint|p1a: Toxapex\n|\n|-weather|Sandstorm|[upkeep]\n|upkeep\n|\n|t:|1659168411\n|switch|p1a: Blacephalon|Blacephalon|37\/100\n|turn|40\n|\n|t:|1659168424\n|switch|p2a: Urshifu|Urshifu-Rapid-Strike, F|32\/100\n|move|p1a: Blacephalon|Overheat|p2a: Urshifu\n|-resisted|p2a: Urshifu\n|-damage|p2a: Urshifu|0 fnt\n|-unboost|p1a: Blacephalon|spa|2\n|faint|p2a: Urshifu\n|-ability|p1a: Blacephalon|Beast Boost|boost\n|-boost|p1a: Blacephalon|spa|1\n|\n|-weather|Sandstorm|[upkeep]\n|-damage|p1a: Blacephalon|31\/100|[from] Sandstorm\n|upkeep\n|\n|t:|1659168435\n|switch|p2a: Tyranitar|Tyranitar, M|31\/100\n|turn|41\n|\n|t:|1659168451\n|switch|p1a: Slowking|Slowking-Galar, M|100\/100\n|move|p2a: Tyranitar|Crunch|p1a: Slowking\n|-supereffective|p1a: Slowking\n|-damage|p1a: Slowking|0 fnt\n|faint|p1a: Slowking\n|\n|-weather|none\n|upkeep\n|inactive|LT91BB damien has 60 seconds left.\n|\n|t:|1659168484\n|switch|p1a: Blacephalon|Blacephalon|31\/100\n|turn|42\n|\n|t:|1659168494\n|switch|p2a: Zapdos|Zapdos|74\/100 tox\n|move|p1a: Blacephalon|Overheat|p2a: Zapdos\n|-damage|p2a: Zapdos|0 fnt\n|-unboost|p1a: Blacephalon|spa|2\n|faint|p2a: Zapdos\n|-ability|p1a: Blacephalon|Beast Boost|boost\n|-boost|p1a: Blacephalon|spa|1\n|\n|upkeep\n|\n|t:|1659168510\n|switch|p2a: Tyranitar|Tyranitar, M|31\/100\n|-weather|Sandstorm|[from] ability: Sand Stream|[of] p2a: Tyranitar\n|turn|43\n|\n|t:|1659168529\n|switch|p1a: Weavile|Weavile, F|6\/100\n|-ability|p1a: Weavile|Pressure\n|switch|p2a: Excadrill|Excadrill, M|100\/100\n|\n|-weather|Sandstorm|[upkeep]\n|-damage|p1a: Weavile|0 fnt|[from] Sandstorm\n|faint|p1a: Weavile\n|upkeep\n|\n|t:|1659168535\n|switch|p1a: Corviknight|Corviknight, F|51\/100\n|-ability|p1a: Corviknight|Pressure\n|turn|44\n|\n|t:|1659168542\n|switch|p2a: Tyranitar|Tyranitar, M|31\/100\n|move|p1a: Corviknight|Roost|p1a: Corviknight\n|-heal|p1a: Corviknight|100\/100\n|-singleturn|p1a: Corviknight|move: Roost\n|\n|-weather|Sandstorm|[upkeep]\n|upkeep\n|turn|45\n|inactive|LT91BB damien has 60 seconds left.\n|\n|t:|1659168574\n|move|p2a: Tyranitar|Fire Punch|p1a: Corviknight\n|-supereffective|p1a: Corviknight\n|-damage|p1a: Corviknight|46\/100\n|move|p1a: Corviknight|Body Press|p2a: Tyranitar\n|-supereffective|p2a: Tyranitar\n|-damage|p2a: Tyranitar|0 fnt\n|faint|p2a: Tyranitar\n|\n|-weather|Sandstorm|[upkeep]\n|upkeep\n|\n|t:|1659168582\n|switch|p2a: Excadrill|Excadrill, M|100\/100\n|turn|46\n|c|\u2606tesla roadster|gg\n|inactive|LT91BB damien has 60 seconds left.\n|\n|t:|1659168589\n|move|p2a: Excadrill|Rock Slide|p1a: Corviknight\n|-damage|p1a: Corviknight|21\/100\n|move|p1a: Corviknight|Roost|p1a: Corviknight\n|-heal|p1a: Corviknight|71\/100\n|-singleturn|p1a: Corviknight|move: Roost\n|\n|-weather|Sandstorm|[upkeep]\n|upkeep\n|turn|47\n|-message|tesla roadster forfeited.\n|\n|win|LT91BB damien\n|raw|LT91BB damien's rating: 1715 &rarr; <strong>1736<\/strong><br \/>(+21 for winning)\n|raw|tesla roadster's rating: 1738 &rarr; <strong>1717<\/strong><br \/>(-21 for losing)\n|c|\u2606LT91BB damien|gg\n|l|\u2606tesla roadster\n|l|\u2606LT91BB damien\n|l| ripreckful\n","uploadtime":1659169013,"views":18,"p1id":"lt91bbdamien","p2id":"teslaroadster","formatid":"gen8ou","rating":1717,"private":0,"password":null}