{"id":"gen8ou-1642168653","p1":"Mimikyu Stardust","p2":"lt93oq im garbage","format":"gen8ou","log":"|raw|<div class=\"broadcast-blue\"><strong>This battle is required to be public due to a player having a name starting with 'lt93oq'.<\/div>\n|j|\u2606Mimikyu Stardust\n|j|\u2606lt93oq im garbage\n|t:|1660789312\n|gametype|singles\n|player|p1|Mimikyu Stardust|#wcop2022asia|1702\n|player|p2|lt93oq im garbage|102|1929\n|teamsize|p1|6\n|teamsize|p2|6\n|gen|8\n|tier|[Gen 8] OU\n|rated|\n|rule|Sleep Clause Mod: Limit one foe put to sleep\n|rule|Species Clause: Limit one of each Pok\u00e9mon\n|rule|OHKO Clause: OHKO moves are banned\n|rule|Evasion Items Clause: Evasion items are banned\n|rule|Evasion Moves Clause: Evasion moves are banned\n|rule|Endless Battle Clause: Forcing endless battles is banned\n|rule|HP Percentage Mod: HP is shown in percentages\n|rule|Dynamax Clause: You cannot dynamax\n|clearpoke\n|poke|p1|Mew|\n|poke|p1|Weavile, F|\n|poke|p1|Celesteela|\n|poke|p1|Garchomp, F|\n|poke|p1|Blacephalon|\n|poke|p1|Crawdaunt, F|\n|poke|p2|Hippowdon, M|\n|poke|p2|Corviknight, M|\n|poke|p2|Toxapex, F|\n|poke|p2|Clefable, F|\n|poke|p2|Tornadus-Therian, M|\n|poke|p2|Blissey, F|\n|teampreview\n|inactive|Battle timer is ON: inactive players will automatically lose when time's up. (requested by lt93oq im garbage)\n|\n|t:|1660789340\n|start\n|switch|p1a: Garchomp|Garchomp, F, shiny|100\/100\n|switch|p2a: Hippowdon|Hippowdon, M|100\/100\n|-weather|Sandstorm|[from] ability: Sand Stream|[of] p2a: Hippowdon\n|turn|1\n|\n|t:|1660789351\n|switch|p1a: Mew|Mew, shiny|100\/100\n|move|p2a: Hippowdon|Toxic|p1a: Mew\n|-status|p1a: Mew|tox\n|-activate|p1a: Mew|ability: Synchronize\n|-status|p2a: Hippowdon|tox\n|\n|-weather|Sandstorm|[upkeep]\n|-damage|p1a: Mew|94\/100 tox|[from] Sandstorm\n|-damage|p1a: Mew|88\/100 tox|[from] psn\n|-damage|p2a: Hippowdon|94\/100 tox|[from] psn\n|upkeep\n|turn|2\n|\n|t:|1660789356\n|move|p1a: Mew|Stealth Rock|p2a: Hippowdon\n|-sidestart|p2: lt93oq im garbage|move: Stealth Rock\n|move|p2a: Hippowdon|Earthquake|p1a: Mew\n|-damage|p1a: Mew|57\/100 tox\n|\n|-weather|Sandstorm|[upkeep]\n|-damage|p1a: Mew|51\/100 tox|[from] Sandstorm\n|-heal|p2a: Hippowdon|100\/100 tox|[from] item: Leftovers\n|-damage|p1a: Mew|38\/100 tox|[from] psn\n|-damage|p2a: Hippowdon|88\/100 tox|[from] psn\n|upkeep\n|turn|3\n|\n|t:|1660789359\n|move|p1a: Mew|Spikes|p2a: Hippowdon\n|-sidestart|p2: lt93oq im garbage|Spikes\n|move|p2a: Hippowdon|Stealth Rock|p1a: Mew\n|-sidestart|p1: Mimikyu Stardust|move: Stealth Rock\n|\n|-weather|Sandstorm|[upkeep]\n|-damage|p1a: Mew|32\/100 tox|[from] Sandstorm\n|-heal|p2a: Hippowdon|94\/100 tox|[from] item: Leftovers\n|-damage|p1a: Mew|14\/100 tox|[from] psn\n|-damage|p2a: Hippowdon|76\/100 tox|[from] psn\n|upkeep\n|turn|4\n|\n|t:|1660789368\n|move|p1a: Mew|Spikes|p2a: Hippowdon\n|-sidestart|p2: lt93oq im garbage|Spikes\n|move|p2a: Hippowdon|Slack Off|p2a: Hippowdon\n|-heal|p2a: Hippowdon|100\/100 tox\n|\n|-weather|Sandstorm|[upkeep]\n|-damage|p1a: Mew|7\/100 tox|[from] Sandstorm\n|-damage|p1a: Mew|0 fnt|[from] psn\n|faint|p1a: Mew\n|-damage|p2a: Hippowdon|76\/100 tox|[from] psn\n|upkeep\n|\n|t:|1660789373\n|switch|p1a: Crawdaunt|Crawdaunt, F, shiny|100\/100\n|-damage|p1a: Crawdaunt|88\/100|[from] Stealth Rock\n|turn|5\n|\n|t:|1660789377\n|move|p1a: Crawdaunt|Crabhammer|p2a: Hippowdon\n|-supereffective|p2a: Hippowdon\n|-damage|p2a: Hippowdon|0 fnt\n|faint|p2a: Hippowdon\n|-damage|p1a: Crawdaunt|78\/100|[from] item: Life Orb\n|\n|-weather|none\n|upkeep\n|\n|t:|1660789384\n|switch|p2a: Tornadus|Tornadus-Therian, M, shiny|100\/100\n|turn|6\n|j| LT93OQ Surispliff\n|\n|t:|1660789404\n|switch|p1a: Garchomp|Garchomp, F, shiny|100\/100\n|-damage|p1a: Garchomp|94\/100|[from] Stealth Rock\n|move|p2a: Tornadus|Hurricane|p1a: Garchomp\n|-damage|p1a: Garchomp|48\/100\n|\n|upkeep\n|turn|7\n|j| d18l\n|l| d18l\n|\n|t:|1660789418\n|move|p2a: Tornadus|Hurricane|p1a: Garchomp|[miss]\n|-miss|p2a: Tornadus|p1a: Garchomp\n|move|p1a: Garchomp|Swords Dance|p1a: Garchomp\n|-boost|p1a: Garchomp|atk|2\n|\n|upkeep\n|turn|8\n|\n|t:|1660789430\n|move|p2a: Tornadus|Hurricane|p1a: Garchomp|[miss]\n|-miss|p2a: Tornadus|p1a: Garchomp\n|move|p1a: Garchomp|Scale Shot|p2a: Tornadus\n|-damage|p2a: Tornadus|75\/100\n|-damage|p2a: Tornadus|46\/100\n|-damage|p2a: Tornadus|19\/100\n|-damage|p2a: Tornadus|0 fnt\n|faint|p2a: Tornadus\n|-hitcount|p2: Tornadus|4\n|-unboost|p1a: Garchomp|def|1\n|-boost|p1a: Garchomp|spe|1\n|\n|upkeep\n|\n|t:|1660789447\n|switch|p2a: Clefable|Clefable, F|100\/100\n|turn|9\n|\n|t:|1660789463\n|switch|p2a: Corviknight|Corviknight, M|100\/100\n|-damage|p2a: Corviknight|88\/100|[from] Stealth Rock\n|-ability|p2a: Corviknight|Pressure\n|move|p1a: Garchomp|Earthquake|p2a: Corviknight\n|-immune|p2a: Corviknight\n|\n|-heal|p2a: Corviknight|94\/100|[from] item: Leftovers\n|upkeep\n|turn|10\n|\n|t:|1660789488\n|switch|p2a: Clefable|Clefable, F|100\/100\n|move|p1a: Garchomp|Fire Fang|p2a: Clefable|[miss]\n|-miss|p1a: Garchomp|p2a: Clefable\n|\n|upkeep\n|turn|11\n|\n|t:|1660789495\n|switch|p2a: Corviknight|Corviknight, M|94\/100\n|-damage|p2a: Corviknight|82\/100|[from] Stealth Rock\n|-ability|p2a: Corviknight|Pressure\n|move|p1a: Garchomp|Earthquake|p2a: Corviknight\n|-immune|p2a: Corviknight\n|\n|-heal|p2a: Corviknight|88\/100|[from] item: Leftovers\n|upkeep\n|turn|12\n|\n|t:|1660789508\n|switch|p2a: Clefable|Clefable, F|100\/100\n|move|p1a: Garchomp|Fire Fang|p2a: Clefable\n|-crit|p2a: Clefable\n|-damage|p2a: Clefable|73\/100\n|\n|upkeep\n|turn|13\n|\n|t:|1660789511\n|move|p1a: Garchomp|Earthquake|p2a: Clefable\n|-damage|p2a: Clefable|27\/100\n|move|p2a: Clefable|Soft-Boiled|p2a: Clefable\n|-heal|p2a: Clefable|77\/100\n|\n|upkeep\n|turn|14\n|\n|t:|1660789515\n|move|p1a: Garchomp|Earthquake|p2a: Clefable\n|-damage|p2a: Clefable|36\/100\n|move|p2a: Clefable|Soft-Boiled|p2a: Clefable\n|-heal|p2a: Clefable|86\/100\n|\n|upkeep\n|turn|15\n|\n|t:|1660789520\n|switch|p1a: Blacephalon|Blacephalon, shiny|100\/100\n|-damage|p1a: Blacephalon|76\/100|[from] Stealth Rock\n|move|p2a: Clefable|Soft-Boiled|p2a: Clefable\n|-heal|p2a: Clefable|100\/100\n|\n|upkeep\n|turn|16\n|\n|t:|1660789527\n|switch|p2a: Toxapex|Toxapex, F|100\/100\n|-damage|p2a: Toxapex|88\/100|[from] Stealth Rock\n|-damage|p2a: Toxapex|72\/100|[from] Spikes\n|move|p1a: Blacephalon|Flamethrower|p2a: Toxapex\n|-resisted|p2a: Toxapex\n|-damage|p2a: Toxapex|50\/100\n|\n|upkeep\n|turn|17\n|\n|t:|1660789532\n|switch|p1a: Garchomp|Garchomp, F, shiny|48\/100\n|-damage|p1a: Garchomp|42\/100|[from] Stealth Rock\n|move|p2a: Toxapex|Recover|p2a: Toxapex\n|-heal|p2a: Toxapex|99\/100\n|\n|upkeep\n|turn|18\n|\n|t:|1660789537\n|move|p1a: Garchomp|Earthquake|p2a: Toxapex\n|-supereffective|p2a: Toxapex\n|-damage|p2a: Toxapex|34\/100\n|move|p2a: Toxapex|Toxic|p1a: Garchomp\n|-status|p1a: Garchomp|tox\n|-enditem|p1a: Garchomp|Lum Berry|[eat]\n|-curestatus|p1a: Garchomp|tox|[msg]\n|\n|upkeep\n|turn|19\n|\n|t:|1660789543\n|switch|p1a: Crawdaunt|Crawdaunt, F, shiny|78\/100\n|-damage|p1a: Crawdaunt|66\/100|[from] Stealth Rock\n|switch|p2a: Corviknight|Corviknight, M|88\/100\n|-damage|p2a: Corviknight|75\/100|[from] Stealth Rock\n|-ability|p2a: Corviknight|Pressure\n|\n|-heal|p2a: Corviknight|82\/100|[from] item: Leftovers\n|upkeep\n|turn|20\n|\n|t:|1660789547\n|move|p1a: Crawdaunt|Knock Off|p2a: Corviknight\n|-damage|p2a: Corviknight|22\/100\n|-enditem|p2a: Corviknight|Leftovers|[from] move: Knock Off|[of] p1a: Crawdaunt\n|-damage|p1a: Crawdaunt|56\/100|[from] item: Life Orb\n|move|p2a: Corviknight|Body Press|p1a: Crawdaunt\n|-supereffective|p1a: Crawdaunt\n|-damage|p1a: Crawdaunt|0 fnt\n|faint|p1a: Crawdaunt\n|\n|upkeep\n|\n|t:|1660789561\n|switch|p1a: Blacephalon|Blacephalon, shiny|76\/100\n|-damage|p1a: Blacephalon|51\/100|[from] Stealth Rock\n|turn|21\n|\n|t:|1660789571\n|switch|p2a: Blissey|Blissey, F|100\/100\n|move|p1a: Blacephalon|Trick|p2a: Blissey\n|-activate|p1a: Blacephalon|move: Trick|[of] p2a: Blissey\n|-item|p2a: Blissey|Choice Scarf|[from] move: Trick\n|-item|p1a: Blacephalon|Heavy-Duty Boots|[from] move: Trick\n|\n|upkeep\n|turn|22\n|c|\u2606lt93oq im garbage|ur\n|c|\u2606lt93oq im garbage|so\n|c|\u2606lt93oq im garbage|weird\n|c|\u2606Mimikyu Stardust|wdym\n|c|\u2606lt93oq im garbage|u had\n|inactive|Mimikyu Stardust has 120 seconds left.\n|\n|t:|1660789610\n|move|p1a: Blacephalon|Taunt|p2a: Blissey\n|-start|p2a: Blissey|move: Taunt\n|cant|p2a: Blissey|move: Taunt|Toxic\n|\n|upkeep\n|turn|23\n|\n|t:|1660789616\n|switch|p2a: Toxapex|Toxapex, F|67\/100\n|-damage|p2a: Toxapex|55\/100|[from] Stealth Rock\n|-damage|p2a: Toxapex|39\/100|[from] Spikes\n|move|p1a: Blacephalon|Shadow Ball|p2a: Toxapex\n|-damage|p2a: Toxapex|0 fnt\n|faint|p2a: Toxapex\n|-ability|p1a: Blacephalon|Beast Boost|boost\n|-boost|p1a: Blacephalon|spa|1\n|\n|upkeep\n|-message|lt93oq im garbage forfeited.\n|\n|win|Mimikyu Stardust\n|raw|Mimikyu Stardust's rating: 1711 &rarr; <strong>1742<\/strong><br \/>(+31 for winning)\n|raw|lt93oq im garbage's rating: 1929 &rarr; <strong>1898<\/strong><br \/>(-31 for losing)\n|l|\u2606lt93oq im garbage\n|l|\u2606Mimikyu Stardust\n||Ladder isn't responding, score probably updated but might not have (Request timeout).\n|j|\u2606Mimikyu Stardust\n|player|p1|Mimikyu Stardust|#wcop2022asia\n","uploadtime":1660789623,"views":96,"p1id":"mimikyustardust","p2id":"lt93oqimgarbage","formatid":"gen8ou","rating":1742,"private":0,"password":null}