{"id":"gen8ou-1633843909","p1":"Pinkacross","p2":"LT92PF FJ2K","format":"gen8ou","log":"|raw|<div class=\"broadcast-blue\"><strong>This battle is required to be public due to a player having a name starting with 'lt92pf'.<\/div>\n|j|\u2606Pinkacross\n|j|\u203dLT92PF FJ2K\n|t:|1659825005\n|gametype|singles\n|player|p1|Pinkacross|artist|1844\n|player|p2|LT92PF FJ2K|102|1782\n|teamsize|p1|6\n|teamsize|p2|6\n|gen|8\n|tier|[Gen 8] OU\n|rated|\n|rule|Sleep Clause Mod: Limit one foe put to sleep\n|rule|Species Clause: Limit one of each Pok\u00e9mon\n|rule|OHKO Clause: OHKO moves are banned\n|rule|Evasion Items Clause: Evasion items are banned\n|rule|Evasion Moves Clause: Evasion moves are banned\n|rule|Endless Battle Clause: Forcing endless battles is banned\n|rule|HP Percentage Mod: HP is shown in percentages\n|rule|Dynamax Clause: You cannot dynamax\n|clearpoke\n|poke|p1|Ninetales-Alola, F|\n|poke|p1|Cloyster, F|\n|poke|p1|Landorus-Therian, M|\n|poke|p1|Weavile, F|\n|poke|p1|Nihilego|\n|poke|p1|Volcarona, F|\n|poke|p2|Tyranitar, F|\n|poke|p2|Rotom-Wash|\n|poke|p2|Ferrothorn, M|\n|poke|p2|Excadrill, M|\n|poke|p2|Dragapult, M|\n|poke|p2|Clefable, F|\n|teampreview\n|c|\u2606Pinkacross|hf\n|j| LT92PF Black Lotus\n|j| London Beats\n|j|+Mengy \u32db\n|j| rdtfuysrw4\n|\n|t:|1659825031\n|start\n|switch|p1a: Weavile|Weavile, F|100\/100\n|switch|p2a: Clefable|Clefable, F|100\/100\n|turn|1\n|\n|t:|1659825034\n|move|p1a: Weavile|Swords Dance|p1a: Weavile\n|-boost|p1a: Weavile|atk|2\n|move|p2a: Clefable|Thunder Wave|p1a: Weavile\n|-status|p1a: Weavile|par\n|\n|upkeep\n|turn|2\n|j| LT92PF Buzzwole\n|\n|t:|1659825036\n|move|p1a: Weavile|Poison Jab|p2a: Clefable\n|-supereffective|p2a: Clefable\n|-damage|p2a: Clefable|0 fnt\n|-damage|p1a: Weavile|84\/100 par|[from] item: Rocky Helmet|[of] p2a: Clefable\n|faint|p2a: Clefable\n|-damage|p1a: Weavile|74\/100 par|[from] item: Life Orb\n|\n|upkeep\n|j| isudbhfahsb\n|j| Riquelme14\u25d5\u203f\u25d5\n|j| AmygdalanResponse\n|l| rdtfuysrw4\n|\n|t:|1659825054\n|switch|p2a: Tyranitar|Tyranitar, F|100\/100\n|-weather|Sandstorm|[from] ability: Sand Stream|[of] p2a: Tyranitar\n|turn|3\n|\n|t:|1659825058\n|move|p2a: Tyranitar|Stone Edge|p1a: Weavile\n|-supereffective|p1a: Weavile\n|-damage|p1a: Weavile|0 fnt\n|faint|p1a: Weavile\n|\n|-weather|Sandstorm|[upkeep]\n|upkeep\n|inactive|Battle timer is ON: inactive players will automatically lose when time's up. (requested by LT92PF FJ2K)\n|j| LT92PF Adri\n|\n|t:|1659825076\n|switch|p1a: Ninetales|Ninetales-Alola, F|100\/100\n|-weather|Hail|[from] ability: Snow Warning|[of] p1a: Ninetales\n|turn|4\n|\n|t:|1659825078\n|move|p1a: Ninetales|Aurora Veil|p1a: Ninetales\n|-sidestart|p1: Pinkacross|move: Aurora Veil\n|move|p2a: Tyranitar|Stone Edge|p1a: Ninetales\n|-supereffective|p1a: Ninetales\n|-damage|p1a: Ninetales|0 fnt\n|faint|p1a: Ninetales\n|\n|-weather|Hail|[upkeep]\n|-damage|p2a: Tyranitar|94\/100|[from] Hail\n|upkeep\n|l| isudbhfahsb\n|\n|t:|1659825102\n|switch|p1a: Landorus|Landorus-Therian, M|100\/100\n|-ability|p1a: Landorus|Intimidate|boost\n|-unboost|p2a: Tyranitar|atk|1\n|turn|5\n|\n|t:|1659825106\n|switch|p2a: Rotom|Rotom-Wash|100\/100\n|move|p1a: Landorus|Swords Dance|p1a: Landorus\n|-boost|p1a: Landorus|atk|2\n|\n|-weather|Hail|[upkeep]\n|-damage|p2a: Rotom|94\/100|[from] Hail\n|-damage|p1a: Landorus|95\/100|[from] Hail\n|-heal|p2a: Rotom|100\/100|[from] item: Leftovers\n|upkeep\n|turn|6\n|\n|t:|1659825110\n|move|p2a: Rotom|Hydro Pump|p1a: Landorus\n|-supereffective|p1a: Landorus\n|-damage|p1a: Landorus|42\/100\n|move|p1a: Landorus|Stone Edge|p2a: Rotom\n|-damage|p2a: Rotom|19\/100\n|\n|-weather|Hail|[upkeep]\n|-damage|p2a: Rotom|12\/100|[from] Hail\n|-damage|p1a: Landorus|36\/100|[from] Hail\n|-heal|p2a: Rotom|19\/100|[from] item: Leftovers\n|upkeep\n|turn|7\n|\n|t:|1659825114\n|move|p2a: Rotom|Hydro Pump|p1a: Landorus|[miss]\n|-miss|p2a: Rotom|p1a: Landorus\n|move|p1a: Landorus|Stone Edge|p2a: Rotom\n|-damage|p2a: Rotom|0 fnt\n|faint|p2a: Rotom\n|\n|-weather|Hail|[upkeep]\n|-damage|p1a: Landorus|30\/100|[from] Hail\n|upkeep\n|\n|t:|1659825117\n|switch|p2a: Dragapult|Dragapult, M|100\/100\n|turn|8\n|\n|t:|1659825119\n|move|p2a: Dragapult|Shadow Ball|p1a: Landorus\n|-damage|p1a: Landorus|0 fnt\n|faint|p1a: Landorus\n|\n|-weather|none\n|upkeep\n|\n|t:|1659825122\n|switch|p1a: Volcarona|Volcarona, F|100\/100\n|turn|9\n|\n|t:|1659825126\n|move|p2a: Dragapult|Shadow Ball|p1a: Volcarona\n|-damage|p1a: Volcarona|47\/100\n|-unboost|p1a: Volcarona|spd|1\n|move|p1a: Volcarona|Quiver Dance|p1a: Volcarona\n|-boost|p1a: Volcarona|spa|1\n|-boost|p1a: Volcarona|spd|1\n|-boost|p1a: Volcarona|spe|1\n|\n|-heal|p1a: Volcarona|53\/100|[from] item: Leftovers\n|upkeep\n|turn|10\n|\n|t:|1659825129\n|move|p2a: Dragapult|Shadow Ball|p1a: Volcarona\n|-damage|p1a: Volcarona|3\/100\n|move|p1a: Volcarona|Quiver Dance|p1a: Volcarona\n|-boost|p1a: Volcarona|spa|1\n|-boost|p1a: Volcarona|spd|1\n|-boost|p1a: Volcarona|spe|1\n|\n|-heal|p1a: Volcarona|9\/100|[from] item: Leftovers\n|upkeep\n|turn|11\n|\n|t:|1659825132\n|move|p1a: Volcarona|Bug Buzz|p2a: Dragapult\n|-resisted|p2a: Dragapult\n|-crit|p2a: Dragapult\n|-damage|p2a: Dragapult|0 fnt\n|faint|p2a: Dragapult\n|\n|-heal|p1a: Volcarona|15\/100|[from] item: Leftovers\n|-sideend|p1: Pinkacross|move: Aurora Veil\n|upkeep\n|l| Riquelme14\u25d5\u203f\u25d5\n|\n|t:|1659825150\n|switch|p2a: Tyranitar|Tyranitar, F|94\/100\n|-weather|Sandstorm|[from] ability: Sand Stream|[of] p2a: Tyranitar\n|turn|12\n|\n|t:|1659825156\n|switch|p2a: Ferrothorn|Ferrothorn, M|100\/100\n|move|p1a: Volcarona|Bug Buzz|p2a: Ferrothorn\n|-damage|p2a: Ferrothorn|9\/100\n|\n|-weather|Sandstorm|[upkeep]\n|-damage|p1a: Volcarona|9\/100|[from] Sandstorm\n|-heal|p1a: Volcarona|15\/100|[from] item: Leftovers\n|-heal|p2a: Ferrothorn|15\/100|[from] item: Leftovers\n|upkeep\n|turn|13\n|\n|t:|1659825174\n|move|p1a: Volcarona|Flamethrower|p2a: Ferrothorn\n|-supereffective|p2a: Ferrothorn\n|-damage|p2a: Ferrothorn|0 fnt\n|faint|p2a: Ferrothorn\n|\n|-weather|Sandstorm|[upkeep]\n|-damage|p1a: Volcarona|9\/100|[from] Sandstorm\n|-heal|p1a: Volcarona|15\/100|[from] item: Leftovers\n|upkeep\n|j| PUVS draco\n|\n|t:|1659825178\n|switch|p2a: Excadrill|Excadrill, M|100\/100\n|turn|14\n|\n|t:|1659825183\n|move|p2a: Excadrill|Earthquake|p1a: Volcarona\n|-damage|p1a: Volcarona|0 fnt\n|faint|p1a: Volcarona\n|\n|-weather|Sandstorm|[upkeep]\n|upkeep\n|\n|t:|1659825193\n|switch|p1a: Cloyster|Cloyster, F|100\/100\n|turn|15\n|\n|t:|1659825199\n|switch|p1a: Nihilego|Nihilego|100\/100\n|move|p2a: Excadrill|Swords Dance|p2a: Excadrill\n|-boost|p2a: Excadrill|atk|2\n|\n|-weather|Sandstorm|[upkeep]\n|upkeep\n|turn|16\n|\n|t:|1659825204\n|move|p2a: Excadrill|Earthquake|p1a: Nihilego\n|-supereffective|p1a: Nihilego\n|-damage|p1a: Nihilego|0 fnt\n|faint|p1a: Nihilego\n|\n|-weather|none\n|upkeep\n|\n|t:|1659825205\n|switch|p1a: Cloyster|Cloyster, F|100\/100\n|turn|17\n|\n|t:|1659825206\n|move|p2a: Excadrill|Rapid Spin|p1a: Cloyster\n|-damage|p1a: Cloyster|72\/100\n|-boost|p2a: Excadrill|spe|1\n|move|p1a: Cloyster|Shell Smash|p1a: Cloyster\n|-unboost|p1a: Cloyster|def|1\n|-unboost|p1a: Cloyster|spd|1\n|-boost|p1a: Cloyster|atk|2\n|-boost|p1a: Cloyster|spa|2\n|-boost|p1a: Cloyster|spe|2\n|\n|upkeep\n|turn|18\n|\n|t:|1659825216\n|switch|p2a: Tyranitar|Tyranitar, F|94\/100\n|-weather|Sandstorm|[from] ability: Sand Stream|[of] p2a: Tyranitar\n|move|p1a: Cloyster|Shell Smash|p1a: Cloyster\n|-unboost|p1a: Cloyster|def|1\n|-unboost|p1a: Cloyster|spd|1\n|-boost|p1a: Cloyster|atk|2\n|-boost|p1a: Cloyster|spa|2\n|-boost|p1a: Cloyster|spe|2\n|\n|-weather|Sandstorm|[upkeep]\n|-damage|p1a: Cloyster|66\/100|[from] Sandstorm\n|upkeep\n|turn|19\n|\n|t:|1659825221\n|move|p1a: Cloyster|Icicle Spear|p2a: Tyranitar\n|-crit|p2a: Tyranitar\n|-damage|p2a: Tyranitar|50\/100\n|-damage|p2a: Tyranitar|21\/100\n|-damage|p2a: Tyranitar|0 fnt\n|faint|p2a: Tyranitar\n|-hitcount|p2: Tyranitar|3\n|\n|-weather|Sandstorm|[upkeep]\n|-damage|p1a: Cloyster|60\/100|[from] Sandstorm\n|upkeep\n|\n|t:|1659825224\n|switch|p2a: Excadrill|Excadrill, M|100\/100\n|turn|20\n|\n|t:|1659825225\n|move|p1a: Cloyster|Icicle Spear|p2a: Excadrill\n|-damage|p2a: Excadrill|54\/100\n|-damage|p2a: Excadrill|3\/100\n|-damage|p2a: Excadrill|0 fnt\n|faint|p2a: Excadrill\n|-hitcount|p2: Excadrill|3\n|\n|win|Pinkacross\n|raw|Pinkacross's rating: 1844 &rarr; <strong>1860<\/strong><br \/>(+16 for winning)\n|raw|LT92PF FJ2K's rating: 1782 &rarr; <strong>1766<\/strong><br \/>(-16 for losing)\n|c|\u2606Pinkacross|gg\n|l|\u203dLT92PF FJ2K\n|l|\u2606Pinkacross\n|l| AmygdalanResponse\n|j|\u203dLT92PF FJ2K\n|player|p2|LT92PF FJ2K|102\n","uploadtime":1659825244,"views":112,"p1id":"pinkacross","p2id":"lt92pffj2k","formatid":"gen8ou","rating":1766,"private":0,"password":null}