{"id":"gen8ou-1702497428","p1":"Tzon","p2":"Stellar Flares","format":"gen8ou","log":"|j|\u2606Tzon\n|j|\u2606Stellar Flares\n|t:|1667561985\n|gametype|singles\n|player|p1|Tzon|cyclist|1616\n|player|p2|Stellar Flares|palmer|1910\n|teamsize|p1|6\n|teamsize|p2|6\n|gen|8\n|tier|[Gen 8] OU\n|rated|\n|rule|Sleep Clause Mod: Limit one foe put to sleep\n|rule|Species Clause: Limit one of each Pok\u00e9mon\n|rule|OHKO Clause: OHKO moves are banned\n|rule|Evasion Items Clause: Evasion items are banned\n|rule|Evasion Moves Clause: Evasion moves are banned\n|rule|Endless Battle Clause: Forcing endless battles is banned\n|rule|HP Percentage Mod: HP is shown in percentages\n|rule|Dynamax Clause: You cannot dynamax\n|clearpoke\n|poke|p1|Volcanion|\n|poke|p1|Ninetales-Alola, F|\n|poke|p1|Corviknight, M|\n|poke|p1|Arctozolt|\n|poke|p1|Landorus-Therian, M|\n|poke|p1|Tornadus-Therian, M|\n|poke|p2|Corviknight, M|\n|poke|p2|Tornadus-Therian, M|\n|poke|p2|Audino, F|\n|poke|p2|Shedinja|\n|poke|p2|Clefable, M|\n|poke|p2|Garchomp, F|\n|teampreview\n|\n|t:|1667562015\n|start\n|switch|p1a: Tornadus|Tornadus-Therian, M|100\/100\n|switch|p2a: Tornadus|Tornadus-Therian, M|100\/100\n|turn|1\n|\n|t:|1667562023\n|switch|p1a: Landorus|Landorus-Therian, M|100\/100\n|-ability|p1a: Landorus|Intimidate|boost\n|-unboost|p2a: Tornadus|atk|1\n|move|p2a: Tornadus|Toxic|p1a: Landorus\n|-status|p1a: Landorus|tox\n|\n|-damage|p1a: Landorus|94\/100 tox|[from] psn\n|upkeep\n|turn|2\n|\n|t:|1667562058\n|move|p2a: Tornadus|Knock Off|p1a: Landorus\n|-damage|p1a: Landorus|82\/100 tox\n|-enditem|p1a: Landorus|Leftovers|[from] move: Knock Off|[of] p2a: Tornadus\n|move|p1a: Landorus|U-turn|p2a: Tornadus\n|-resisted|p2a: Tornadus\n|-damage|p2a: Tornadus|88\/100\n|-damage|p1a: Landorus|65\/100 tox|[from] item: Rocky Helmet|[of] p2a: Tornadus\n|inactive|Battle timer is ON: inactive players will automatically lose when time's up. (requested by Stellar Flares)\n|\n|t:|1667562069\n|switch|p1a: Corviknight|Corviknight, M|100\/100|[from]move: U-turn\n|-ability|p1a: Corviknight|Pressure\n|\n|upkeep\n|turn|3\n|\n|t:|1667562073\n|move|p2a: Tornadus|Knock Off|p1a: Corviknight\n|-damage|p1a: Corviknight|92\/100\n|-damage|p2a: Tornadus|72\/100|[from] item: Rocky Helmet|[of] p1a: Corviknight\n|-enditem|p1a: Corviknight|Rocky Helmet|[from] move: Knock Off|[of] p2a: Tornadus\n|move|p1a: Corviknight|Body Press|p2a: Tornadus\n|-resisted|p2a: Tornadus\n|-damage|p2a: Tornadus|59\/100\n|-damage|p1a: Corviknight|76\/100|[from] item: Rocky Helmet|[of] p2a: Tornadus\n|\n|upkeep\n|turn|4\n|\n|t:|1667562082\n|move|p2a: Tornadus|Heat Wave|p1a: Corviknight\n|-supereffective|p1a: Corviknight\n|-damage|p1a: Corviknight|32\/100\n|move|p1a: Corviknight|U-turn|p2a: Tornadus\n|-resisted|p2a: Tornadus\n|-damage|p2a: Tornadus|52\/100\n|-damage|p1a: Corviknight|16\/100|[from] item: Rocky Helmet|[of] p2a: Tornadus\n|\n|t:|1667562090\n|switch|p1a: Volcanion|Volcanion|100\/100|[from]move: U-turn\n|\n|upkeep\n|turn|5\n|\n|t:|1667562092\n|switch|p2a: Audino|Audino, F|100\/100\n|move|p1a: Volcanion|Flamethrower|p2a: Audino\n|-damage|p2a: Audino|54\/100\n|\n|upkeep\n|turn|6\n|\n|t:|1667562107\n|switch|p1a: Corviknight|Corviknight, M|16\/100\n|-ability|p1a: Corviknight|Pressure\n|move|p2a: Audino|Knock Off|p1a: Corviknight\n|-damage|p1a: Corviknight|10\/100\n|\n|upkeep\n|turn|7\n|\n|t:|1667562113\n|switch|p2a: Garchomp|Garchomp, F|100\/100\n|move|p1a: Corviknight|Roost|p1a: Corviknight\n|-heal|p1a: Corviknight|60\/100\n|-singleturn|p1a: Corviknight|move: Roost\n|\n|upkeep\n|turn|8\n|\n|t:|1667562115\n|switch|p1a: Ninetales|Ninetales-Alola, F|100\/100\n|-weather|Hail|[from] ability: Snow Warning|[of] p1a: Ninetales\n|move|p2a: Garchomp|Fire Fang|p1a: Ninetales|[miss]\n|-miss|p2a: Garchomp|p1a: Ninetales\n|\n|-weather|Hail|[upkeep]\n|-damage|p2a: Garchomp|94\/100|[from] Hail\n|-heal|p2a: Garchomp|100\/100|[from] item: Leftovers\n|upkeep\n|turn|9\n|\n|t:|1667562120\n|switch|p2a: Audino|Audino, F|87\/100\n|move|p1a: Ninetales|Freeze-Dry|p2a: Audino\n|-damage|p2a: Audino|73\/100\n|-status|p2a: Audino|frz\n|\n|-weather|Hail|[upkeep]\n|-damage|p2a: Audino|67\/100 frz|[from] Hail\n|upkeep\n|turn|10\n|\n|t:|1667562124\n|switch|p1a: Arctozolt|Arctozolt|100\/100\n|switch|p2a: Clefable|Clefable, M|100\/100\n|\n|-weather|Hail|[upkeep]\n|-damage|p2a: Clefable|94\/100|[from] Hail\n|-heal|p2a: Clefable|100\/100|[from] item: Leftovers\n|upkeep\n|turn|11\n|\n|t:|1667562128\n|switch|p2a: Shedinja|Shedinja|100\/100\n|move|p1a: Arctozolt|Substitute|p1a: Arctozolt\n|-start|p1a: Arctozolt|Substitute\n|-damage|p1a: Arctozolt|76\/100\n|\n|-weather|Hail|[upkeep]\n|-heal|p1a: Arctozolt|82\/100|[from] item: Leftovers\n|upkeep\n|turn|12\n|\n|t:|1667562149\n|switch|p1a: Corviknight|Corviknight, M|60\/100\n|-ability|p1a: Corviknight|Pressure\n|move|p2a: Shedinja|Toxic|p1a: Corviknight\n|-immune|p1a: Corviknight\n|\n|-weather|Hail|[upkeep]\n|-damage|p1a: Corviknight|53\/100|[from] Hail\n|upkeep\n|turn|13\n|\n|t:|1667562154\n|move|p2a: Shedinja|Will-O-Wisp|p1a: Corviknight\n|-status|p1a: Corviknight|brn\n|move|p1a: Corviknight|Roost|p1a: Corviknight\n|-heal|p1a: Corviknight|100\/100 brn\n|-singleturn|p1a: Corviknight|move: Roost\n|\n|-weather|Hail|[upkeep]\n|-damage|p1a: Corviknight|94\/100 brn|[from] Hail\n|-damage|p1a: Corviknight|88\/100 brn|[from] brn\n|upkeep\n|turn|14\n|\n|t:|1667562161\n|switch|p1a: Tornadus|Tornadus-Therian, M|100\/100\n|move|p2a: Shedinja|Toxic|p1a: Tornadus\n|-status|p1a: Tornadus|tox\n|\n|-weather|Hail|[upkeep]\n|-damage|p1a: Tornadus|94\/100 tox|[from] Hail\n|-damage|p1a: Tornadus|88\/100 tox|[from] psn\n|upkeep\n|turn|15\n|\n|t:|1667562171\n|switch|p2a: Tornadus|Tornadus-Therian, M|85\/100\n|move|p1a: Tornadus|Knock Off|p2a: Tornadus\n|-damage|p2a: Tornadus|67\/100\n|-damage|p1a: Tornadus|72\/100 tox|[from] item: Rocky Helmet|[of] p2a: Tornadus\n|-enditem|p2a: Tornadus|Rocky Helmet|[from] move: Knock Off|[of] p1a: Tornadus\n|\n|-weather|none\n|-damage|p1a: Tornadus|60\/100 tox|[from] psn\n|upkeep\n|turn|16\n|\n|t:|1667562178\n|switch|p1a: Corviknight|Corviknight, M|88\/100 brn\n|-ability|p1a: Corviknight|Pressure\n|move|p2a: Tornadus|Knock Off|p1a: Corviknight\n|-damage|p1a: Corviknight|80\/100 brn\n|\n|-damage|p1a: Corviknight|73\/100 brn|[from] brn\n|upkeep\n|turn|17\n|\n|t:|1667562182\n|switch|p2a: Shedinja|Shedinja|100\/100\n|move|p1a: Corviknight|Roost|p1a: Corviknight\n|-heal|p1a: Corviknight|100\/100 brn\n|-singleturn|p1a: Corviknight|move: Roost\n|\n|-damage|p1a: Corviknight|94\/100 brn|[from] brn\n|upkeep\n|turn|18\n|\n|t:|1667562195\n|switch|p1a: Tornadus|Tornadus-Therian, M|93\/100 tox\n|move|p2a: Shedinja|Hex|p1a: Tornadus\n|-damage|p1a: Tornadus|70\/100 tox\n|\n|-damage|p1a: Tornadus|64\/100 tox|[from] psn\n|upkeep\n|turn|19\n|\n|t:|1667562201\n|move|p2a: Shedinja|Protect|p2a: Shedinja\n|-singleturn|p2a: Shedinja|Protect\n|move|p1a: Tornadus|U-turn|p2a: Shedinja\n|-activate|p2a: Shedinja|move: Protect\n|\n|-damage|p1a: Tornadus|52\/100 tox|[from] psn\n|upkeep\n|turn|20\n|\n|t:|1667562213\n|switch|p1a: Volcanion|Volcanion|100\/100\n|switch|p2a: Tornadus|Tornadus-Therian, M|99\/100\n|\n|upkeep\n|turn|21\n|\n|t:|1667562221\n|move|p2a: Tornadus|Toxic|p1a: Volcanion|[miss]\n|-miss|p2a: Tornadus|p1a: Volcanion\n|move|p1a: Volcanion|Flamethrower|p2a: Tornadus\n|-damage|p2a: Tornadus|31\/100\n|\n|upkeep\n|turn|22\n|\n|t:|1667562226\n|switch|p2a: Audino|Audino, F|99\/100 frz\n|move|p1a: Volcanion|Flamethrower|p2a: Audino\n|-damage|p2a: Audino|55\/100 frz\n|-curestatus|p2a: Audino|frz|[msg]\n|\n|upkeep\n|turn|23\n|\n|t:|1667562232\n|move|p1a: Volcanion|Flamethrower|p2a: Audino\n|-damage|p2a: Audino|10\/100\n|move|p2a: Audino|Toxic|p1a: Volcanion\n|-status|p1a: Volcanion|tox\n|\n|-damage|p1a: Volcanion|95\/100 tox|[from] psn\n|upkeep\n|turn|24\n|\n|t:|1667562237\n|switch|p2a: Garchomp|Garchomp, F|100\/100\n|move|p1a: Volcanion|Flamethrower|p2a: Garchomp\n|-resisted|p2a: Garchomp\n|-damage|p2a: Garchomp|61\/100\n|\n|-heal|p2a: Garchomp|67\/100|[from] item: Leftovers\n|-damage|p1a: Volcanion|83\/100 tox|[from] psn\n|upkeep\n|turn|25\n|\n|t:|1667562243\n|switch|p1a: Corviknight|Corviknight, M|94\/100 brn\n|-ability|p1a: Corviknight|Pressure\n|move|p2a: Garchomp|Earthquake|p1a: Corviknight\n|-immune|p1a: Corviknight\n|\n|-heal|p2a: Garchomp|73\/100|[from] item: Leftovers\n|-damage|p1a: Corviknight|88\/100 brn|[from] brn\n|upkeep\n|turn|26\n|\n|t:|1667562246\n|move|p2a: Garchomp|Fire Fang|p1a: Corviknight\n|-supereffective|p1a: Corviknight\n|-damage|p1a: Corviknight|57\/100 brn\n|move|p1a: Corviknight|U-turn|p2a: Garchomp\n|-damage|p2a: Garchomp|67\/100\n|-damage|p1a: Corviknight|45\/100 brn|[from] ability: Rough Skin|[of] p2a: Garchomp\n|\n|t:|1667562249\n|switch|p1a: Ninetales|Ninetales-Alola, F|100\/100|[from]move: U-turn\n|-weather|Hail|[from] ability: Snow Warning|[of] p1a: Ninetales\n|\n|-weather|Hail|[upkeep]\n|-damage|p2a: Garchomp|60\/100|[from] Hail\n|-heal|p2a: Garchomp|67\/100|[from] item: Leftovers\n|upkeep\n|turn|27\n|\n|t:|1667562261\n|switch|p2a: Audino|Audino, F|44\/100\n|move|p1a: Ninetales|Aurora Veil|p1a: Ninetales\n|-sidestart|p1: Tzon|move: Aurora Veil\n|\n|-weather|Hail|[upkeep]\n|-damage|p2a: Audino|38\/100|[from] Hail\n|upkeep\n|turn|28\n|\n|t:|1667562271\n|switch|p1a: Corviknight|Corviknight, M|45\/100 brn\n|-ability|p1a: Corviknight|Pressure\n|move|p2a: Audino|Wish|p2a: Audino\n|\n|-weather|Hail|[upkeep]\n|-damage|p2a: Audino|31\/100|[from] Hail\n|-damage|p1a: Corviknight|39\/100 brn|[from] Hail\n|-damage|p1a: Corviknight|32\/100 brn|[from] brn\n|upkeep\n|turn|29\n|\n|t:|1667562273\n|move|p2a: Audino|Protect|p2a: Audino\n|-singleturn|p2a: Audino|Protect\n|move|p1a: Corviknight|Roost|p1a: Corviknight\n|-heal|p1a: Corviknight|82\/100 brn\n|-singleturn|p1a: Corviknight|move: Roost\n|\n|-weather|Hail|[upkeep]\n|-damage|p2a: Audino|25\/100|[from] Hail\n|-damage|p1a: Corviknight|76\/100 brn|[from] Hail\n|-heal|p2a: Audino|75\/100|[from] move: Wish|[wisher] Audino\n|-damage|p1a: Corviknight|70\/100 brn|[from] brn\n|upkeep\n|turn|30\n|\n|t:|1667562280\n|switch|p2a: Tornadus|Tornadus-Therian, M|65\/100\n|switch|p1a: Arctozolt|Arctozolt|82\/100\n|\n|-weather|Hail|[upkeep]\n|-damage|p2a: Tornadus|59\/100|[from] Hail\n|-heal|p1a: Arctozolt|88\/100|[from] item: Leftovers\n|upkeep\n|turn|31\n|\n|t:|1667562286\n|switch|p2a: Shedinja|Shedinja|100\/100\n|move|p1a: Arctozolt|Substitute|p1a: Arctozolt\n|-start|p1a: Arctozolt|Substitute\n|-damage|p1a: Arctozolt|63\/100\n|\n|-weather|Hail|[upkeep]\n|-heal|p1a: Arctozolt|69\/100|[from] item: Leftovers\n|-sideend|p1: Tzon|move: Aurora Veil\n|upkeep\n|turn|32\n|\n|t:|1667562291\n|move|p1a: Arctozolt|Low Kick|p2a: Shedinja\n|-immune|p2a: Shedinja|[from] ability: Wonder Guard\n|move|p2a: Shedinja|Hex|p1a: Arctozolt\n|-activate|p1a: Arctozolt|move: Substitute|[damage]\n|\n|-weather|Hail|[upkeep]\n|-heal|p1a: Arctozolt|76\/100|[from] item: Leftovers\n|upkeep\n|turn|33\n|\n|t:|1667562298\n|move|p1a: Arctozolt|Low Kick|p2a: Shedinja\n|-immune|p2a: Shedinja|[from] ability: Wonder Guard\n|move|p2a: Shedinja|Hex|p1a: Arctozolt\n|-end|p1a: Arctozolt|Substitute\n|\n|-weather|none\n|-heal|p1a: Arctozolt|82\/100|[from] item: Leftovers\n|upkeep\n|turn|34\n|\n|t:|1667562304\n|switch|p2a: Tornadus|Tornadus-Therian, M|92\/100\n|move|p1a: Arctozolt|Substitute|p1a: Arctozolt\n|-start|p1a: Arctozolt|Substitute\n|-damage|p1a: Arctozolt|57\/100\n|\n|-heal|p1a: Arctozolt|63\/100|[from] item: Leftovers\n|upkeep\n|turn|35\n|\n|t:|1667562307\n|move|p2a: Tornadus|Heat Wave|p1a: Arctozolt|[miss]\n|-miss|p2a: Tornadus|p1a: Arctozolt\n|move|p1a: Arctozolt|Bolt Beak|p2a: Tornadus\n|-supereffective|p2a: Tornadus\n|-damage|p2a: Tornadus|17\/100\n|\n|-heal|p1a: Arctozolt|69\/100|[from] item: Leftovers\n|upkeep\n|turn|36\n|\n|t:|1667562314\n|switch|p2a: Shedinja|Shedinja|100\/100\n|move|p1a: Arctozolt|Bolt Beak|p2a: Shedinja\n|-immune|p2a: Shedinja|[from] ability: Wonder Guard\n|\n|-heal|p1a: Arctozolt|76\/100|[from] item: Leftovers\n|upkeep\n|turn|37\n|\n|t:|1667562316\n|move|p1a: Arctozolt|Low Kick|p2a: Shedinja\n|-immune|p2a: Shedinja|[from] ability: Wonder Guard\n|move|p2a: Shedinja|Hex|p1a: Arctozolt\n|-activate|p1a: Arctozolt|move: Substitute|[damage]\n|\n|-heal|p1a: Arctozolt|82\/100|[from] item: Leftovers\n|upkeep\n|turn|38\n|\n|t:|1667562322\n|move|p1a: Arctozolt|Low Kick|p2a: Shedinja\n|-immune|p2a: Shedinja|[from] ability: Wonder Guard\n|move|p2a: Shedinja|Hex|p1a: Arctozolt\n|-end|p1a: Arctozolt|Substitute\n|\n|-heal|p1a: Arctozolt|88\/100|[from] item: Leftovers\n|upkeep\n|turn|39\n|\n|t:|1667562329\n|switch|p1a: Ninetales|Ninetales-Alola, F|100\/100\n|-weather|Hail|[from] ability: Snow Warning|[of] p1a: Ninetales\n|move|p2a: Shedinja|Hex|p1a: Ninetales\n|-damage|p1a: Ninetales|85\/100\n|\n|-weather|Hail|[upkeep]\n|upkeep\n|turn|40\n|\n|t:|1667562336\n|switch|p2a: Audino|Audino, F|100\/100\n|move|p1a: Ninetales|Encore||[still]\n|-fail|p1a: Ninetales\n|\n|-weather|Hail|[upkeep]\n|-damage|p2a: Audino|94\/100|[from] Hail\n|upkeep\n|turn|41\n|\n|t:|1667562341\n|switch|p1a: Corviknight|Corviknight, M|70\/100 brn\n|-ability|p1a: Corviknight|Pressure\n|move|p2a: Audino|Wish|p2a: Audino\n|\n|-weather|Hail|[upkeep]\n|-damage|p2a: Audino|88\/100|[from] Hail\n|-damage|p1a: Corviknight|64\/100 brn|[from] Hail\n|-damage|p1a: Corviknight|57\/100 brn|[from] brn\n|upkeep\n|turn|42\n|\n|t:|1667562348\n|switch|p2a: Tornadus|Tornadus-Therian, M|50\/100\n|move|p1a: Corviknight|Roost|p1a: Corviknight\n|-heal|p1a: Corviknight|100\/100 brn\n|-singleturn|p1a: Corviknight|move: Roost\n|\n|-weather|Hail|[upkeep]\n|-damage|p2a: Tornadus|44\/100|[from] Hail\n|-damage|p1a: Corviknight|94\/100 brn|[from] Hail\n|-heal|p2a: Tornadus|100\/100|[from] move: Wish|[wisher] Audino\n|-damage|p1a: Corviknight|88\/100 brn|[from] brn\n|upkeep\n|turn|43\n|\n|t:|1667562357\n|switch|p1a: Volcanion|Volcanion|83\/100 tox\n|move|p2a: Tornadus|Heat Wave|p1a: Volcanion\n|-resisted|p1a: Volcanion\n|-damage|p1a: Volcanion|75\/100 tox\n|\n|-weather|Hail|[upkeep]\n|-damage|p2a: Tornadus|94\/100|[from] Hail\n|-damage|p1a: Volcanion|69\/100 tox|[from] Hail\n|-damage|p1a: Volcanion|63\/100 tox|[from] psn\n|upkeep\n|turn|44\n|\n|t:|1667562362\n|switch|p2a: Audino|Audino, F|100\/100\n|move|p1a: Volcanion|Steam Eruption|p2a: Audino\n|-damage|p2a: Audino|41\/100\n|\n|-weather|Hail|[upkeep]\n|-damage|p1a: Volcanion|57\/100 tox|[from] Hail\n|-damage|p2a: Audino|35\/100|[from] Hail\n|-damage|p1a: Volcanion|45\/100 tox|[from] psn\n|upkeep\n|turn|45\n|\n|t:|1667562368\n|switch|p1a: Arctozolt|Arctozolt|88\/100\n|switch|p2a: Shedinja|Shedinja|100\/100\n|\n|-weather|Hail|[upkeep]\n|-heal|p1a: Arctozolt|94\/100|[from] item: Leftovers\n|upkeep\n|turn|46\n|\n|t:|1667562373\n|switch|p2a: Tornadus|Tornadus-Therian, M|100\/100\n|move|p1a: Arctozolt|Substitute|p1a: Arctozolt\n|-start|p1a: Arctozolt|Substitute\n|-damage|p1a: Arctozolt|69\/100\n|\n|-weather|none\n|-heal|p1a: Arctozolt|76\/100|[from] item: Leftovers\n|upkeep\n|turn|47\n|\n|t:|1667562377\n|move|p2a: Tornadus|Heat Wave|p1a: Arctozolt|[miss]\n|-miss|p2a: Tornadus|p1a: Arctozolt\n|move|p1a: Arctozolt|Blizzard|p2a: Tornadus|[miss]\n|-miss|p1a: Arctozolt|p2a: Tornadus\n|\n|-heal|p1a: Arctozolt|82\/100|[from] item: Leftovers\n|upkeep\n|turn|48\n|\n|t:|1667562382\n|move|p2a: Tornadus|Heat Wave|p1a: Arctozolt\n|-supereffective|p1a: Arctozolt\n|-end|p1a: Arctozolt|Substitute\n|move|p1a: Arctozolt|Blizzard|p2a: Tornadus|[miss]\n|-miss|p1a: Arctozolt|p2a: Tornadus\n|\n|-heal|p1a: Arctozolt|88\/100|[from] item: Leftovers\n|upkeep\n|turn|49\n|\n|t:|1667562394\n|switch|p1a: Landorus|Landorus-Therian, M|65\/100 tox\n|-ability|p1a: Landorus|Intimidate|boost\n|-unboost|p2a: Tornadus|atk|1\n|move|p2a: Tornadus|Knock Off|p1a: Landorus\n|-damage|p1a: Landorus|55\/100 tox\n|\n|-damage|p1a: Landorus|49\/100 tox|[from] psn\n|upkeep\n|turn|50\n|\n|t:|1667562398\n|switch|p2a: Corviknight|Corviknight, M|100\/100\n|-ability|p2a: Corviknight|Pressure\n|move|p1a: Landorus|Toxic|p2a: Corviknight\n|-immune|p2a: Corviknight\n|\n|-damage|p1a: Landorus|37\/100 tox|[from] psn\n|upkeep\n|turn|51\n|\n|t:|1667562407\n|switch|p1a: Tornadus|Tornadus-Therian, M|85\/100 tox\n|move|p2a: Corviknight|Body Press|p1a: Tornadus\n|-resisted|p1a: Tornadus\n|-damage|p1a: Tornadus|74\/100 tox\n|\n|-damage|p1a: Tornadus|68\/100 tox|[from] psn\n|upkeep\n|turn|52\n|\n|t:|1667562413\n|switch|p2a: Audino|Audino, F|68\/100\n|move|p1a: Tornadus|Knock Off|p2a: Audino\n|-damage|p2a: Audino|50\/100\n|-enditem|p2a: Audino|Shed Shell|[from] move: Knock Off|[of] p1a: Tornadus\n|\n|-damage|p1a: Tornadus|55\/100 tox|[from] psn\n|upkeep\n|turn|53\n|\n|t:|1667562428\n|move|p1a: Tornadus|U-turn|p2a: Audino\n|-damage|p2a: Audino|37\/100\n|\n|t:|1667562435\n|switch|p1a: Corviknight|Corviknight, M|88\/100 brn|[from]move: U-turn\n|-ability|p1a: Corviknight|Pressure\n|move|p2a: Audino|Wish|p2a: Audino\n|\n|-damage|p1a: Corviknight|82\/100 brn|[from] brn\n|upkeep\n|turn|54\n|j| taotaozi\n|inactive|Tzon has 120 seconds left.\n|\n|t:|1667562474\n|switch|p1a: Arctozolt|Arctozolt|88\/100\n|move|p2a: Audino|Protect||[still]\n|-fail|p2a: Audino\n|\n|-heal|p2a: Audino|87\/100|[from] move: Wish|[wisher] Audino\n|-heal|p1a: Arctozolt|94\/100|[from] item: Leftovers\n|upkeep\n|turn|55\n|\n|t:|1667562479\n|move|p1a: Arctozolt|Substitute|p1a: Arctozolt\n|-start|p1a: Arctozolt|Substitute\n|-damage|p1a: Arctozolt|69\/100\n|move|p2a: Audino|Knock Off|p1a: Arctozolt\n|-activate|p1a: Arctozolt|move: Substitute|[damage]\n|\n|-heal|p1a: Arctozolt|76\/100|[from] item: Leftovers\n|upkeep\n|turn|56\n|\n|t:|1667562485\n|move|p2a: Audino|Protect|p2a: Audino\n|-singleturn|p2a: Audino|Protect\n|move|p1a: Arctozolt|Bolt Beak|p2a: Audino\n|-activate|p2a: Audino|move: Protect\n|\n|-heal|p1a: Arctozolt|82\/100|[from] item: Leftovers\n|upkeep\n|turn|57\n|\n|t:|1667562494\n|move|p1a: Arctozolt|Bolt Beak|p2a: Audino\n|-damage|p2a: Audino|24\/100\n|move|p2a: Audino|Wish|p2a: Audino\n|\n|-heal|p1a: Arctozolt|88\/100|[from] item: Leftovers\n|upkeep\n|turn|58\n|\n|t:|1667562501\n|move|p2a: Audino|Protect|p2a: Audino\n|-singleturn|p2a: Audino|Protect\n|move|p1a: Arctozolt|Low Kick|p2a: Audino\n|-activate|p2a: Audino|move: Protect\n|\n|-heal|p2a: Audino|74\/100|[from] move: Wish|[wisher] Audino\n|-heal|p1a: Arctozolt|94\/100|[from] item: Leftovers\n|upkeep\n|turn|59\n|\n|t:|1667562507\n|switch|p2a: Shedinja|Shedinja|100\/100\n|move|p1a: Arctozolt|Bolt Beak|p2a: Shedinja\n|-immune|p2a: Shedinja|[from] ability: Wonder Guard\n|\n|-heal|p1a: Arctozolt|100\/100|[from] item: Leftovers\n|upkeep\n|turn|60\n|\n|t:|1667562520\n|move|p1a: Arctozolt|Low Kick|p2a: Shedinja\n|-immune|p2a: Shedinja|[from] ability: Wonder Guard\n|move|p2a: Shedinja|Toxic|p1a: Arctozolt|[miss]\n|-miss|p2a: Shedinja|p1a: Arctozolt\n|\n|upkeep\n|turn|61\n|\n|t:|1667562526\n|move|p1a: Arctozolt|Low Kick|p2a: Shedinja\n|-immune|p2a: Shedinja|[from] ability: Wonder Guard\n|move|p2a: Shedinja|Will-O-Wisp||[still]\n|-fail|p2a: Shedinja\n|\n|upkeep\n|turn|62\n|\n|t:|1667562532\n|move|p1a: Arctozolt|Low Kick|p2a: Shedinja\n|-immune|p2a: Shedinja|[from] ability: Wonder Guard\n|move|p2a: Shedinja|Will-O-Wisp||[still]\n|-fail|p2a: Shedinja\n|\n|upkeep\n|turn|63\n|\n|t:|1667562540\n|move|p1a: Arctozolt|Low Kick|p2a: Shedinja\n|-immune|p2a: Shedinja|[from] ability: Wonder Guard\n|move|p2a: Shedinja|Will-O-Wisp||[still]\n|-fail|p2a: Shedinja\n|\n|upkeep\n|turn|64\n|\n|t:|1667562545\n|switch|p2a: Tornadus|Tornadus-Therian, M|100\/100\n|move|p1a: Arctozolt|Low Kick|p2a: Tornadus\n|-resisted|p2a: Tornadus\n|-damage|p2a: Tornadus|89\/100\n|\n|upkeep\n|turn|65\n|inactive|Tzon has 120 seconds left.\n|\n|t:|1667562580\n|switch|p2a: Shedinja|Shedinja|100\/100\n|move|p1a: Arctozolt|Blizzard|p2a: Shedinja\n|-immune|p2a: Shedinja|[from] ability: Wonder Guard\n|\n|upkeep\n|turn|66\n|\n|t:|1667562585\n|move|p1a: Arctozolt|Low Kick|p2a: Shedinja\n|-immune|p2a: Shedinja|[from] ability: Wonder Guard\n|move|p2a: Shedinja|Will-O-Wisp||[still]\n|-fail|p2a: Shedinja\n|\n|upkeep\n|turn|67\n|\n|t:|1667562588\n|move|p1a: Arctozolt|Low Kick|p2a: Shedinja\n|-immune|p2a: Shedinja|[from] ability: Wonder Guard\n|move|p2a: Shedinja|Will-O-Wisp|p1a: Arctozolt|[miss]\n|-miss|p2a: Shedinja|p1a: Arctozolt\n|\n|upkeep\n|turn|68\n|\n|t:|1667562594\n|switch|p2a: Corviknight|Corviknight, M|100\/100\n|-ability|p2a: Corviknight|Pressure\n|move|p1a: Arctozolt|Low Kick|p2a: Corviknight\n|-damage|p2a: Corviknight|86\/100\n|\n|-heal|p2a: Corviknight|92\/100|[from] item: Leftovers\n|upkeep\n|turn|69\n|\n|t:|1667562598\n|switch|p1a: Volcanion|Volcanion|45\/100 tox\n|switch|p2a: Shedinja|Shedinja|100\/100\n|\n|-damage|p1a: Volcanion|39\/100 tox|[from] psn\n|upkeep\n|turn|70\n|\n|t:|1667562603\n|switch|p2a: Audino|Audino, F|100\/100\n|move|p1a: Volcanion|Flamethrower|p2a: Audino\n|-damage|p2a: Audino|56\/100\n|\n|-damage|p1a: Volcanion|27\/100 tox|[from] psn\n|upkeep\n|turn|71\n|\n|t:|1667562622\n|switch|p1a: Ninetales|Ninetales-Alola, F|85\/100\n|-weather|Hail|[from] ability: Snow Warning|[of] p1a: Ninetales\n|switch|p2a: Garchomp|Garchomp, F|67\/100\n|\n|-weather|Hail|[upkeep]\n|-damage|p2a: Garchomp|60\/100|[from] Hail\n|-heal|p2a: Garchomp|67\/100|[from] item: Leftovers\n|upkeep\n|turn|72\n|\n|t:|1667562625\n|switch|p2a: Audino|Audino, F|90\/100\n|move|p1a: Ninetales|Aurora Veil|p1a: Ninetales\n|-sidestart|p1: Tzon|move: Aurora Veil\n|\n|-weather|Hail|[upkeep]\n|-damage|p2a: Audino|83\/100|[from] Hail\n|upkeep\n|turn|73\n|\n|t:|1667562631\n|switch|p1a: Tornadus|Tornadus-Therian, M|89\/100 tox\n|move|p2a: Audino|Knock Off|p1a: Tornadus\n|-damage|p1a: Tornadus|81\/100 tox\n|-enditem|p1a: Tornadus|Assault Vest|[from] move: Knock Off|[of] p2a: Audino\n|\n|-weather|Hail|[upkeep]\n|-damage|p1a: Tornadus|75\/100 tox|[from] Hail\n|-damage|p2a: Audino|77\/100|[from] Hail\n|-damage|p1a: Tornadus|69\/100 tox|[from] psn\n|upkeep\n|turn|74\n|\n|t:|1667562637\n|switch|p1a: Arctozolt|Arctozolt|100\/100\n|move|p2a: Audino|Wish|p2a: Audino\n|\n|-weather|Hail|[upkeep]\n|-damage|p2a: Audino|71\/100|[from] Hail\n|upkeep\n|turn|75\n|\n|t:|1667562646\n|move|p2a: Audino|Protect|p2a: Audino\n|-singleturn|p2a: Audino|Protect\n|move|p1a: Arctozolt|Substitute|p1a: Arctozolt\n|-start|p1a: Arctozolt|Substitute\n|-damage|p1a: Arctozolt|76\/100\n|\n|-weather|Hail|[upkeep]\n|-damage|p2a: Audino|65\/100|[from] Hail\n|-heal|p2a: Audino|100\/100|[from] move: Wish|[wisher] Audino\n|-heal|p1a: Arctozolt|82\/100|[from] item: Leftovers\n|upkeep\n|turn|76\n|\n|t:|1667562649\n|move|p1a: Arctozolt|Bolt Beak|p2a: Audino\n|-damage|p2a: Audino|34\/100\n|move|p2a: Audino|Wish|p2a: Audino\n|\n|-weather|Hail|[upkeep]\n|-damage|p2a: Audino|28\/100|[from] Hail\n|-heal|p1a: Arctozolt|88\/100|[from] item: Leftovers\n|-sideend|p1: Tzon|move: Aurora Veil\n|upkeep\n|turn|77\n|\n|t:|1667562657\n|move|p2a: Audino|Protect|p2a: Audino\n|-singleturn|p2a: Audino|Protect\n|move|p1a: Arctozolt|Low Kick|p2a: Audino\n|-activate|p2a: Audino|move: Protect\n|\n|-weather|Hail|[upkeep]\n|-damage|p2a: Audino|21\/100|[from] Hail\n|-heal|p2a: Audino|71\/100|[from] move: Wish|[wisher] Audino\n|-heal|p1a: Arctozolt|94\/100|[from] item: Leftovers\n|upkeep\n|turn|78\n|\n|t:|1667562663\n|switch|p2a: Shedinja|Shedinja|100\/100\n|move|p1a: Arctozolt|Low Kick|p2a: Shedinja\n|-immune|p2a: Shedinja|[from] ability: Wonder Guard\n|\n|-weather|none\n|-heal|p1a: Arctozolt|100\/100|[from] item: Leftovers\n|upkeep\n|turn|79\n|\n|t:|1667562667\n|move|p1a: Arctozolt|Low Kick|p2a: Shedinja\n|-immune|p2a: Shedinja|[from] ability: Wonder Guard\n|move|p2a: Shedinja|Will-O-Wisp|p1a: Arctozolt|[miss]\n|-miss|p2a: Shedinja|p1a: Arctozolt\n|\n|upkeep\n|turn|80\n|\n|t:|1667562669\n|move|p1a: Arctozolt|Low Kick|p2a: Shedinja\n|-immune|p2a: Shedinja|[from] ability: Wonder Guard\n|move|p2a: Shedinja|Will-O-Wisp||[still]\n|-fail|p2a: Shedinja\n|\n|upkeep\n|turn|81\n|\n|t:|1667562674\n|move|p1a: Arctozolt|Low Kick|p2a: Shedinja\n|-immune|p2a: Shedinja|[from] ability: Wonder Guard\n|move|p2a: Shedinja|Will-O-Wisp||[still]\n|-fail|p2a: Shedinja\n|\n|upkeep\n|turn|82\n|\n|t:|1667562679\n|move|p1a: Arctozolt|Low Kick|p2a: Shedinja\n|-immune|p2a: Shedinja|[from] ability: Wonder Guard\n|move|p2a: Shedinja|Will-O-Wisp||[still]\n|-fail|p2a: Shedinja\n|\n|upkeep\n|turn|83\n|\n|t:|1667562684\n|move|p1a: Arctozolt|Low Kick|p2a: Shedinja\n|-immune|p2a: Shedinja|[from] ability: Wonder Guard\n|move|p2a: Shedinja|Will-O-Wisp|p1a: Arctozolt|[miss]\n|-miss|p2a: Shedinja|p1a: Arctozolt\n|\n|upkeep\n|turn|84\n|\n|t:|1667562689\n|move|p1a: Arctozolt|Low Kick|p2a: Shedinja\n|-immune|p2a: Shedinja|[from] ability: Wonder Guard\n|move|p2a: Shedinja|Will-O-Wisp||[still]\n|-fail|p2a: Shedinja\n|\n|upkeep\n|turn|85\n|\n|t:|1667562693\n|move|p1a: Arctozolt|Low Kick|p2a: Shedinja\n|-immune|p2a: Shedinja|[from] ability: Wonder Guard\n|move|p2a: Shedinja|Will-O-Wisp||[still]\n|-fail|p2a: Shedinja\n|\n|upkeep\n|turn|86\n|\n|t:|1667562696\n|move|p1a: Arctozolt|Low Kick|p2a: Shedinja\n|-immune|p2a: Shedinja|[from] ability: Wonder Guard\n|move|p2a: Shedinja|Will-O-Wisp||[still]\n|-fail|p2a: Shedinja\n|\n|upkeep\n|turn|87\n|\n|t:|1667562722\n|move|p1a: Arctozolt|Low Kick|p2a: Shedinja\n|-immune|p2a: Shedinja|[from] ability: Wonder Guard\n|move|p2a: Shedinja|Will-O-Wisp||[still]\n|-fail|p2a: Shedinja\n|\n|upkeep\n|turn|88\n|\n|t:|1667562728\n|switch|p2a: Corviknight|Corviknight, M|92\/100\n|-ability|p2a: Corviknight|Pressure\n|move|p1a: Arctozolt|Low Kick|p2a: Corviknight\n|-damage|p2a: Corviknight|78\/100\n|\n|-heal|p2a: Corviknight|85\/100|[from] item: Leftovers\n|upkeep\n|turn|89\n|\n|t:|1667562731\n|switch|p2a: Shedinja|Shedinja|100\/100\n|move|p1a: Arctozolt|Low Kick|p2a: Shedinja\n|-immune|p2a: Shedinja|[from] ability: Wonder Guard\n|\n|upkeep\n|turn|90\n|\n|t:|1667562736\n|move|p1a: Arctozolt|Low Kick|p2a: Shedinja\n|-immune|p2a: Shedinja|[from] ability: Wonder Guard\n|move|p2a: Shedinja|Will-O-Wisp||[still]\n|-fail|p2a: Shedinja\n|\n|upkeep\n|turn|91\n|\n|t:|1667562741\n|move|p1a: Arctozolt|Low Kick|p2a: Shedinja\n|-immune|p2a: Shedinja|[from] ability: Wonder Guard\n|move|p2a: Shedinja|Will-O-Wisp||[still]\n|-fail|p2a: Shedinja\n|\n|upkeep\n|turn|92\n|\n|t:|1667562745\n|move|p1a: Arctozolt|Low Kick|p2a: Shedinja\n|-immune|p2a: Shedinja|[from] ability: Wonder Guard\n|move|p2a: Shedinja|Will-O-Wisp||[still]\n|-fail|p2a: Shedinja\n|\n|upkeep\n|turn|93\n|\n|t:|1667562751\n|move|p1a: Arctozolt|Low Kick|p2a: Shedinja\n|-immune|p2a: Shedinja|[from] ability: Wonder Guard\n|move|p2a: Shedinja|Will-O-Wisp||[still]\n|-fail|p2a: Shedinja\n|\n|upkeep\n|turn|94\n|\n|t:|1667562761\n|move|p1a: Arctozolt|Bolt Beak|p2a: Shedinja\n|-immune|p2a: Shedinja|[from] ability: Wonder Guard\n|move|p2a: Shedinja|Will-O-Wisp||[still]\n|-fail|p2a: Shedinja\n|\n|upkeep\n|turn|95\n|\n|t:|1667562784\n|switch|p1a: Corviknight|Corviknight, M|82\/100 brn\n|-ability|p1a: Corviknight|Pressure\n|move|p2a: Shedinja|Will-O-Wisp|p1a: Corviknight\n|-fail|p1a: Corviknight|brn\n|\n|-damage|p1a: Corviknight|75\/100 brn|[from] brn\n|upkeep\n|turn|96\n|\n|t:|1667562793\n|switch|p2a: Garchomp|Garchomp, F|67\/100\n|move|p1a: Corviknight|U-turn|p2a: Garchomp\n|-damage|p2a: Garchomp|59\/100\n|-damage|p1a: Corviknight|63\/100 brn|[from] ability: Rough Skin|[of] p2a: Garchomp\n|\n|t:|1667562796\n|switch|p1a: Ninetales|Ninetales-Alola, F|85\/100|[from]move: U-turn\n|-weather|Hail|[from] ability: Snow Warning|[of] p1a: Ninetales\n|\n|-weather|Hail|[upkeep]\n|-damage|p2a: Garchomp|53\/100|[from] Hail\n|-heal|p2a: Garchomp|59\/100|[from] item: Leftovers\n|upkeep\n|turn|97\n|\n|t:|1667562808\n|switch|p1a: Arctozolt|Arctozolt|100\/100\n|switch|p2a: Audino|Audino, F|100\/100\n|\n|-weather|Hail|[upkeep]\n|-damage|p2a: Audino|94\/100|[from] Hail\n|upkeep\n|turn|98\n|\n|t:|1667562817\n|move|p1a: Arctozolt|Bolt Beak|p2a: Audino\n|-damage|p2a: Audino|27\/100\n|move|p2a: Audino|Wish|p2a: Audino\n|\n|-weather|Hail|[upkeep]\n|-damage|p2a: Audino|21\/100|[from] Hail\n|upkeep\n|turn|99\n|\n|t:|1667562822\n|move|p2a: Audino|Protect|p2a: Audino\n|-singleturn|p2a: Audino|Protect\n|move|p1a: Arctozolt|Substitute|p1a: Arctozolt\n|-start|p1a: Arctozolt|Substitute\n|-damage|p1a: Arctozolt|76\/100\n|\n|-weather|Hail|[upkeep]\n|-damage|p2a: Audino|15\/100|[from] Hail\n|-heal|p2a: Audino|65\/100|[from] move: Wish|[wisher] Audino\n|-heal|p1a: Arctozolt|82\/100|[from] item: Leftovers\n|upkeep\n|turn|100\n|\n|t:|1667562826\n|switch|p2a: Shedinja|Shedinja|100\/100\n|move|p1a: Arctozolt|Bolt Beak|p2a: Shedinja\n|-immune|p2a: Shedinja|[from] ability: Wonder Guard\n|\n|-weather|Hail|[upkeep]\n|-heal|p1a: Arctozolt|88\/100|[from] item: Leftovers\n|upkeep\n|turn|101\n|\n|t:|1667562833\n|switch|p1a: Corviknight|Corviknight, M|63\/100 brn\n|-ability|p1a: Corviknight|Pressure\n|move|p2a: Shedinja|Will-O-Wisp|p1a: Corviknight\n|-fail|p1a: Corviknight|brn\n|\n|-weather|Hail|[upkeep]\n|-damage|p1a: Corviknight|57\/100 brn|[from] Hail\n|-damage|p1a: Corviknight|50\/100 brn|[from] brn\n|upkeep\n|turn|102\n|\n|t:|1667562838\n|switch|p2a: Garchomp|Garchomp, F|59\/100\n|move|p1a: Corviknight|Roost|p1a: Corviknight\n|-heal|p1a: Corviknight|100\/100 brn\n|-singleturn|p1a: Corviknight|move: Roost\n|\n|-weather|Hail|[upkeep]\n|-damage|p2a: Garchomp|53\/100|[from] Hail\n|-damage|p1a: Corviknight|94\/100 brn|[from] Hail\n|-heal|p2a: Garchomp|59\/100|[from] item: Leftovers\n|-damage|p1a: Corviknight|88\/100 brn|[from] brn\n|upkeep\n|turn|103\n|\n|t:|1667562841\n|move|p2a: Garchomp|Fire Fang|p1a: Corviknight\n|-supereffective|p1a: Corviknight\n|-damage|p1a: Corviknight|60\/100 brn\n|move|p1a: Corviknight|Body Press|p2a: Garchomp\n|-damage|p2a: Garchomp|46\/100\n|-damage|p1a: Corviknight|47\/100 brn|[from] ability: Rough Skin|[of] p2a: Garchomp\n|\n|-weather|none\n|-heal|p2a: Garchomp|52\/100|[from] item: Leftovers\n|-damage|p1a: Corviknight|41\/100 brn|[from] brn\n|upkeep\n|turn|104\n|\n|t:|1667562849\n|move|p2a: Garchomp|Fire Fang|p1a: Corviknight\n|-supereffective|p1a: Corviknight\n|-damage|p1a: Corviknight|10\/100 brn\n|move|p1a: Corviknight|Roost|p1a: Corviknight\n|-heal|p1a: Corviknight|60\/100 brn\n|-singleturn|p1a: Corviknight|move: Roost\n|\n|-heal|p2a: Garchomp|58\/100|[from] item: Leftovers\n|-damage|p1a: Corviknight|53\/100 brn|[from] brn\n|upkeep\n|turn|105\n|\n|t:|1667562854\n|move|p2a: Garchomp|Whirlpool|p1a: Corviknight\n|-damage|p1a: Corviknight|48\/100 brn\n|-activate|p1a: Corviknight|move: Whirlpool|[of] p2a: Garchomp\n|move|p1a: Corviknight|Roost|p1a: Corviknight\n|-heal|p1a: Corviknight|98\/100 brn\n|-singleturn|p1a: Corviknight|move: Roost\n|\n|-heal|p2a: Garchomp|64\/100|[from] item: Leftovers\n|-damage|p1a: Corviknight|91\/100 brn|[from] brn\n|-damage|p1a: Corviknight|79\/100 brn|[from] move: Whirlpool|[partiallytrapped]\n|upkeep\n|turn|106\n|\n|t:|1667562859\n|move|p2a: Garchomp|Fire Fang|p1a: Corviknight\n|-supereffective|p1a: Corviknight\n|-damage|p1a: Corviknight|49\/100 brn\n|move|p1a: Corviknight|Body Press|p2a: Garchomp\n|-damage|p2a: Garchomp|52\/100\n|-damage|p1a: Corviknight|37\/100 brn|[from] ability: Rough Skin|[of] p2a: Garchomp\n|\n|-heal|p2a: Garchomp|58\/100|[from] item: Leftovers\n|-damage|p1a: Corviknight|31\/100 brn|[from] brn\n|-damage|p1a: Corviknight|18\/100 brn|[from] move: Whirlpool|[partiallytrapped]\n|upkeep\n|turn|107\n|\n|t:|1667562862\n|move|p2a: Garchomp|Fire Fang|p1a: Corviknight\n|-supereffective|p1a: Corviknight\n|-damage|p1a: Corviknight|0 fnt\n|faint|p1a: Corviknight\n|\n|-heal|p2a: Garchomp|64\/100|[from] item: Leftovers\n|upkeep\n|\n|t:|1667562865\n|switch|p1a: Ninetales|Ninetales-Alola, F|85\/100\n|-weather|Hail|[from] ability: Snow Warning|[of] p1a: Ninetales\n|turn|108\n|\n|t:|1667562870\n|switch|p1a: Landorus|Landorus-Therian, M|37\/100 tox\n|-ability|p1a: Landorus|Intimidate|boost\n|-unboost|p2a: Garchomp|atk|1\n|switch|p2a: Audino|Audino, F|98\/100\n|\n|-weather|Hail|[upkeep]\n|-damage|p1a: Landorus|31\/100 tox|[from] Hail\n|-damage|p2a: Audino|92\/100|[from] Hail\n|-damage|p1a: Landorus|25\/100 tox|[from] psn\n|upkeep\n|turn|109\n|\n|t:|1667562872\n|switch|p2a: Corviknight|Corviknight, M|85\/100\n|-ability|p2a: Corviknight|Pressure\n|move|p1a: Landorus|Toxic|p2a: Corviknight\n|-immune|p2a: Corviknight\n|\n|-weather|Hail|[upkeep]\n|-damage|p1a: Landorus|19\/100 tox|[from] Hail\n|-damage|p2a: Corviknight|78\/100|[from] Hail\n|-heal|p2a: Corviknight|85\/100|[from] item: Leftovers\n|-damage|p1a: Landorus|7\/100 tox|[from] psn\n|upkeep\n|turn|110\n|-message|Tzon forfeited.\n|\n|win|Stellar Flares\n|raw|Tzon's rating: 1616 &rarr; <strong>1610<\/strong><br \/>(-6 for losing)\n|raw|Stellar Flares's rating: 1910 &rarr; <strong>1916<\/strong><br \/>(+6 for winning)\n|l|\u2606Tzon\n","uploadtime":1667562883,"views":26,"p1id":"tzon","p2id":"stellarflares","formatid":"gen8ou","rating":1610,"private":0,"password":null}