{"id":"gen8ou-1251982671","p1":"yungmacedgod","p2":"Draco09876","format":"gen8ou","log":"|html|<div class=\"broadcast-blue\"><strong>[Gen 8] OU is currently suspecting Urshifu-S! For information on how to participate check out the <a href=\"https:\/\/www.smogon.com\/forums\/threads\/np-ss-ou-suspect-process-round-8-aint-no-rest-for-the-wicked.3675310\/\">suspect thread<\/a>.<\/strong><\/div>\n|j|\u2606yungmacedgod\n|j|\u2606Draco09876\n|t:|1609202017\n|player|p1|yungmacedgod|valerie|1676\n|player|p2|Draco09876|266|1643\n|teamsize|p1|6\n|teamsize|p2|6\n|gametype|singles\n|gen|8\n|tier|[Gen 8] OU\n|rated|\n|clearpoke\n|poke|p1|Tapu Fini|\n|poke|p1|Urshifu-*, M|\n|poke|p1|Heatran, F|\n|poke|p1|Zapdos|\n|poke|p1|Garchomp, M|\n|poke|p1|Rillaboom, M|\n|poke|p2|Melmetal|\n|poke|p2|Porygon2|\n|poke|p2|Conkeldurr, F|\n|poke|p2|Crawdaunt, F|\n|poke|p2|Slowbro, M|\n|poke|p2|Magearna|\n|rule|Sleep Clause Mod: Limit one foe put to sleep\n|rule|Species Clause: Limit one of each Pok\u00e9mon\n|rule|OHKO Clause: OHKO moves are banned\n|rule|Evasion Moves Clause: Evasion moves are banned\n|rule|Endless Battle Clause: Forcing endless battles is banned\n|rule|HP Percentage Mod: HP is shown in percentages\n|rule|Dynamax Clause: You cannot dynamax\n|teampreview\n|inactive|Battle timer is ON: inactive players will automatically lose when time's up. (requested by yungmacedgod)\n|c|\u2606yungmacedgod|glhf\n|\n|t:|1609202029\n|start\n|switch|p1a: Heatran|Heatran, F|100\/100\n|switch|p2a: Magearna|Magearna|100\/100\n|turn|1\n|c|\u2606Draco09876|glhf\n|\n|t:|1609202037\n|switch|p2a: Porygon2|Porygon2|100\/100\n|-ability|p2a: Porygon2|Flash Fire|[from] ability: Trace|[of] p1a: Heatran\n|move|p1a: Heatran|Taunt|p2a: Porygon2\n|-start|p2a: Porygon2|move: Taunt\n|\n|upkeep\n|turn|2\n|\n|t:|1609202043\n|switch|p2a: Crawdaunt|Crawdaunt, F|100\/100\n|move|p1a: Heatran|Magma Storm|p2a: Crawdaunt\n|-resisted|p2a: Crawdaunt\n|-damage|p2a: Crawdaunt|67\/100\n|-activate|p2a: Crawdaunt|move: Magma Storm|[of] p1a: Heatran\n|\n|-damage|p2a: Crawdaunt|54\/100|[from] move: Magma Storm|[partiallytrapped]\n|upkeep\n|turn|3\n|\n|t:|1609202055\n|move|p1a: Heatran|Protect|p1a: Heatran\n|-singleturn|p1a: Heatran|Protect\n|move|p2a: Crawdaunt|Knock Off|p1a: Heatran\n|-activate|p1a: Heatran|move: Protect\n|\n|-damage|p2a: Crawdaunt|42\/100|[from] move: Magma Storm|[partiallytrapped]\n|upkeep\n|turn|4\n|\n|t:|1609202061\n|move|p1a: Heatran|Earth Power|p2a: Crawdaunt\n|-damage|p2a: Crawdaunt|0 fnt\n|faint|p2a: Crawdaunt\n|\n|upkeep\n|\n|t:|1609202066\n|switch|p2a: Conkeldurr|Conkeldurr, F|100\/100\n|turn|5\n|\n|t:|1609202079\n|switch|p1a: Tapu Fini|Tapu Fini|100\/100\n|-fieldstart|move: Misty Terrain|[from] ability: Misty Surge|[of] p1a: Tapu Fini\n|move|p2a: Conkeldurr|Knock Off|p1a: Tapu Fini\n|-resisted|p1a: Tapu Fini\n|-damage|p1a: Tapu Fini|79\/100\n|-enditem|p1a: Tapu Fini|Choice Scarf|[from] move: Knock Off|[of] p2a: Conkeldurr\n|\n|upkeep\n|turn|6\n|\n|t:|1609202093\n|switch|p2a: Melmetal|Melmetal|100\/100\n|move|p1a: Tapu Fini|Trick|p2a: Melmetal\n|-activate|p1a: Tapu Fini|move: Trick|[of] p2a: Melmetal\n|-enditem|p2a: Melmetal|Choice Band|[silent]|[from] move: Trick\n|-item|p1a: Tapu Fini|Choice Band|[from] move: Trick\n|\n|upkeep\n|turn|7\n|\n|t:|1609202103\n|switch|p1a: Garchomp|Garchomp, M|100\/100\n|move|p2a: Melmetal|Earthquake|p1a: Garchomp\n|-damage|p1a: Garchomp|70\/100\n|\n|upkeep\n|turn|8\n|\n|t:|1609202111\n|switch|p2a: Slowbro|Slowbro, M|100\/100\n|move|p1a: Garchomp|Stealth Rock|p2a: Slowbro\n|-sidestart|p2: Draco09876|move: Stealth Rock\n|\n|upkeep\n|turn|9\n|\n|t:|1609202114\n|move|p1a: Garchomp|Toxic|p2a: Slowbro|[miss]\n|-miss|p1a: Garchomp|p2a: Slowbro\n|move|p2a: Slowbro|Trick Room|p2a: Slowbro\n|-fieldstart|move: Trick Room|[of] p2a: Slowbro\n|\n|-fieldend|Misty Terrain\n|upkeep\n|turn|10\n|\n|t:|1609202119\n|move|p1a: Garchomp|Earthquake|p2a: Slowbro\n|-damage|p2a: Slowbro|74\/100\n|move|p2a: Slowbro|Teleport|p2a: Slowbro\n|\n|t:|1609202123\n|switch|p2a: Conkeldurr|Conkeldurr, F|100\/100|[from]move: Teleport\n|-damage|p2a: Conkeldurr|94\/100|[from] Stealth Rock\n|\n|-status|p2a: Conkeldurr|brn|[from] item: Flame Orb\n|upkeep\n|turn|11\n|\n|t:|1609202131\n|move|p2a: Conkeldurr|Ice Punch|p1a: Garchomp\n|-supereffective|p1a: Garchomp\n|-damage|p1a: Garchomp|0 fnt\n|-damage|p2a: Conkeldurr|82\/100 brn|[from] ability: Rough Skin|[of] p1a: Garchomp\n|-damage|p2a: Conkeldurr|65\/100 brn|[from] item: Rocky Helmet|[of] p1a: Garchomp\n|faint|p1a: Garchomp\n|\n|-damage|p2a: Conkeldurr|59\/100 brn|[from] brn\n|upkeep\n|\n|t:|1609202156\n|switch|p1a: Rillaboom|Rillaboom, M|100\/100\n|-fieldstart|move: Grassy Terrain|[from] ability: Grassy Surge|[of] p1a: Rillaboom\n|turn|12\n|\n|t:|1609202166\n|switch|p2a: Melmetal|Melmetal|100\/100\n|-damage|p2a: Melmetal|94\/100|[from] Stealth Rock\n|move|p1a: Rillaboom|Grassy Glide|p2a: Melmetal\n|-resisted|p2a: Melmetal\n|-damage|p2a: Melmetal|74\/100\n|\n|-heal|p2a: Melmetal|80\/100|[from] Grassy Terrain\n|upkeep\n|turn|13\n|\n|t:|1609202176\n|switch|p1a: Tapu Fini|Tapu Fini|79\/100\n|-fieldstart|move: Misty Terrain|[from] ability: Misty Surge|[of] p1a: Tapu Fini\n|move|p2a: Melmetal|Superpower|p1a: Tapu Fini\n|-resisted|p1a: Tapu Fini\n|-damage|p1a: Tapu Fini|52\/100\n|-unboost|p2a: Melmetal|atk|1\n|-unboost|p2a: Melmetal|def|1\n|\n|-fieldend|move: Trick Room\n|upkeep\n|turn|14\n|\n|t:|1609202185\n|move|p1a: Tapu Fini|Trick|p2a: Melmetal\n|-activate|p1a: Tapu Fini|move: Trick|[of] p2a: Melmetal\n|-item|p2a: Melmetal|Choice Band|[from] move: Trick\n|-enditem|p1a: Tapu Fini|Choice Band|[silent]|[from] move: Trick\n|move|p2a: Melmetal|Double Iron Bash|p1a: Tapu Fini\n|-damage|p1a: Tapu Fini|8\/100\n|-damage|p1a: Tapu Fini|0 fnt\n|-hitcount|p1a: Tapu Fini|2\n|faint|p1a: Tapu Fini\n|\n|upkeep\n|\n|t:|1609202190\n|switch|p1a: Heatran|Heatran, F|100\/100\n|turn|15\n|inactive|Draco09876 has 120 seconds left.\n|\n|t:|1609202234\n|switch|p2a: Porygon2|Porygon2|100\/100\n|-damage|p2a: Porygon2|88\/100|[from] Stealth Rock\n|-ability|p2a: Porygon2|Flash Fire|[from] ability: Trace|[of] p1a: Heatran\n|move|p1a: Heatran|Taunt|p2a: Porygon2\n|-start|p2a: Porygon2|move: Taunt\n|\n|upkeep\n|turn|16\n|\n|t:|1609202239\n|switch|p2a: Slowbro|Slowbro, M|100\/100\n|move|p1a: Heatran|Earth Power|p2a: Slowbro\n|-damage|p2a: Slowbro|72\/100\n|\n|upkeep\n|turn|17\n|inactive|Draco09876 has 120 seconds left.\n|\n|t:|1609202252\n|move|p1a: Heatran|Taunt|p2a: Slowbro\n|-start|p2a: Slowbro|move: Taunt\n|cant|p2a: Slowbro|move: Taunt|Trick Room\n|\n|-fieldend|Misty Terrain\n|upkeep\n|turn|18\n|\n|t:|1609202264\n|switch|p2a: Porygon2|Porygon2|88\/100\n|-damage|p2a: Porygon2|76\/100|[from] Stealth Rock\n|-ability|p2a: Porygon2|Flash Fire|[from] ability: Trace|[of] p1a: Heatran\n|move|p1a: Heatran|Earth Power|p2a: Porygon2\n|-damage|p2a: Porygon2|63\/100\n|\n|upkeep\n|turn|19\n|\n|t:|1609202282\n|move|p1a: Heatran|Taunt|p2a: Porygon2\n|-start|p2a: Porygon2|move: Taunt\n|cant|p2a: Porygon2|move: Taunt|Thunder Wave\n|\n|upkeep\n|turn|20\n|\n|t:|1609202286\n|switch|p2a: Slowbro|Slowbro, M|100\/100\n|move|p1a: Heatran|Earth Power|p2a: Slowbro\n|-damage|p2a: Slowbro|71\/100\n|\n|upkeep\n|turn|21\n|\n|t:|1609202292\n|switch|p2a: Conkeldurr|Conkeldurr, F|59\/100 brn\n|-damage|p2a: Conkeldurr|53\/100 brn|[from] Stealth Rock\n|move|p1a: Heatran|Magma Storm|p2a: Conkeldurr\n|-damage|p2a: Conkeldurr|3\/100 brn\n|-activate|p2a: Conkeldurr|move: Magma Storm|[of] p1a: Heatran\n|\n|-damage|p2a: Conkeldurr|0 fnt|[from] brn\n|faint|p2a: Conkeldurr\n|upkeep\n|\n|t:|1609202301\n|switch|p2a: Melmetal|Melmetal|80\/100\n|-damage|p2a: Melmetal|74\/100|[from] Stealth Rock\n|turn|22\n|\n|t:|1609202310\n|move|p1a: Heatran|Magma Storm|p2a: Melmetal\n|-supereffective|p2a: Melmetal\n|-damage|p2a: Melmetal|0 fnt\n|faint|p2a: Melmetal\n|\n|upkeep\n|\n|t:|1609202314\n|switch|p2a: Magearna|Magearna|100\/100\n|-damage|p2a: Magearna|94\/100|[from] Stealth Rock\n|turn|23\n|\n|t:|1609202317\n|move|p1a: Heatran|Taunt|p2a: Magearna\n|-start|p2a: Magearna|move: Taunt\n|cant|p2a: Magearna|move: Taunt|Trick Room\n|\n|-heal|p2a: Magearna|100\/100|[from] item: Leftovers\n|upkeep\n|turn|24\n|\n|t:|1609202322\n|move|p1a: Heatran|Earth Power|p2a: Magearna\n|-supereffective|p2a: Magearna\n|-damage|p2a: Magearna|59\/100\n|move|p2a: Magearna|Aura Sphere|p1a: Heatran\n|-supereffective|p1a: Heatran\n|-damage|p1a: Heatran|67\/100\n|\n|-heal|p1a: Heatran|73\/100|[from] item: Leftovers\n|-heal|p2a: Magearna|65\/100|[from] item: Leftovers\n|upkeep\n|turn|25\n|\n|t:|1609202334\n|move|p1a: Heatran|Earth Power|p2a: Magearna\n|-supereffective|p2a: Magearna\n|-damage|p2a: Magearna|24\/100\n|move|p2a: Magearna|Aura Sphere|p1a: Heatran\n|-supereffective|p1a: Heatran\n|-damage|p1a: Heatran|41\/100\n|\n|-heal|p1a: Heatran|48\/100|[from] item: Leftovers\n|-heal|p2a: Magearna|30\/100|[from] item: Leftovers\n|-end|p2a: Magearna|move: Taunt\n|upkeep\n|turn|26\n|\n|t:|1609202345\n|switch|p2a: Porygon2|Porygon2|63\/100\n|-damage|p2a: Porygon2|51\/100|[from] Stealth Rock\n|-ability|p2a: Porygon2|Flash Fire|[from] ability: Trace|[of] p1a: Heatran\n|move|p1a: Heatran|Earth Power|p2a: Porygon2\n|-damage|p2a: Porygon2|39\/100\n|-unboost|p2a: Porygon2|spd|1\n|\n|-heal|p1a: Heatran|54\/100|[from] item: Leftovers\n|upkeep\n|turn|27\n|-message|Draco09876 forfeited.\n|\n|win|yungmacedgod\n|l|\u2606Draco09876\n|raw|yungmacedgod's rating: 1675 &rarr; <strong>1693<\/strong><br \/>(+18 for winning)\n|raw|Draco09876's rating: 1644 &rarr; <strong>1626<\/strong><br \/>(-18 for losing)\n","uploadtime":1609202414,"views":24,"p1id":"yungmacedgod","p2id":"draco09876","formatid":"gen8ou","rating":1626,"private":0,"password":null}