{"id":"gen8ou-1536620388","p1":"hh66tt","p2":"big boss 447","format":"gen8ou","log":"|j|\u2606hh66tt\n|j|\u2606big boss 447\n|t:|1648001210\n|gametype|singles\n|player|p1|hh66tt|169|1742\n|player|p2|big boss 447|harlequin|1822\n|teamsize|p1|6\n|teamsize|p2|6\n|gen|8\n|tier|[Gen 8] OU\n|rated|\n|rule|Sleep Clause Mod: Limit one foe put to sleep\n|rule|Species Clause: Limit one of each Pok\u00e9mon\n|rule|OHKO Clause: OHKO moves are banned\n|rule|Evasion Moves Clause: Evasion moves are banned\n|rule|Endless Battle Clause: Forcing endless battles is banned\n|rule|HP Percentage Mod: HP is shown in percentages\n|rule|Dynamax Clause: You cannot dynamax\n|clearpoke\n|poke|p1|Tapu Lele|\n|poke|p1|Polteageist|\n|poke|p1|Espeon, F|\n|poke|p1|Hawlucha, M|\n|poke|p1|Cloyster, M|\n|poke|p1|Omastar, F|\n|poke|p2|Garchomp, F|\n|poke|p2|Tapu Koko|\n|poke|p2|Urshifu-*, M|\n|poke|p2|Tornadus-Therian, M|\n|poke|p2|Heatran, M|\n|poke|p2|Ferrothorn, F|\n|teampreview\n|inactive|Battle timer is ON: inactive players will automatically lose when time's up. (requested by big boss 447)\n|l|\u2606big boss 447\n|inactive|big boss 447 disconnected and has a minute to reconnect!\n|player|p2|\n|j|\u2606big boss 447\n|inactive|big boss 447 reconnected and has 115 seconds left.\n|player|p2|big boss 447|harlequin\n|\n|t:|1648001253\n|start\n|switch|p1a: Tapu Lele|Tapu Lele, shiny|100\/100\n|switch|p2a: Heatran|Heatran, M|100\/100\n|-item|p2a: Heatran|Air Balloon\n|-fieldstart|move: Psychic Terrain|[from] ability: Psychic Surge|[of] p1a: Tapu Lele\n|turn|1\n|j| AlIoutdragadarts\n|l| AlIoutdragadarts\n|\n|t:|1648001263\n|switch|p1a: Espeon|Espeon, F|100\/100\n|move|p2a: Heatran|Eruption|p1a: Espeon\n|-damage|p1a: Espeon|0 fnt\n|faint|p1a: Espeon\n|\n|upkeep\n|\n|t:|1648001286\n|switch|p1a: Omastar|Omastar, F|100\/100\n|turn|2\n|\n|t:|1648001291\n|move|p2a: Heatran|Taunt|p1a: Omastar\n|-start|p1a: Omastar|move: Taunt\n|cant|p1a: Omastar|move: Taunt|Shell Smash\n|\n|upkeep\n|turn|3\n|\n|t:|1648001314\n|switch|p2a: Ferrothorn|Ferrothorn, F|100\/100\n|switch|p1a: Hawlucha|Hawlucha, M|100\/100\n|-enditem|p1a: Hawlucha|Psychic Seed\n|-boost|p1a: Hawlucha|spd|1|[from] item: Psychic Seed\n|\n|upkeep\n|turn|4\n|\n|t:|1648001320\n|switch|p2a: Tapu Koko|Tapu Koko|100\/100\n|-fieldstart|move: Electric Terrain|[from] ability: Electric Surge|[of] p2a: Tapu Koko\n|move|p1a: Hawlucha|Close Combat|p2a: Tapu Koko\n|-resisted|p2a: Tapu Koko\n|-damage|p2a: Tapu Koko|66\/100\n|-unboost|p1a: Hawlucha|def|1\n|-unboost|p1a: Hawlucha|spd|1\n|\n|upkeep\n|turn|5\n|\n|t:|1648001328\n|move|p1a: Hawlucha|Close Combat|p2a: Tapu Koko\n|-resisted|p2a: Tapu Koko\n|-damage|p2a: Tapu Koko|31\/100\n|-unboost|p1a: Hawlucha|def|1\n|-unboost|p1a: Hawlucha|spd|1\n|move|p2a: Tapu Koko|Volt Switch|p1a: Hawlucha\n|-supereffective|p1a: Hawlucha\n|-damage|p1a: Hawlucha|0 fnt\n|faint|p1a: Hawlucha\n|\n|t:|1648001342\n|switch|p2a: Heatran|Heatran, M|100\/100|[from]move: Volt Switch\n|-item|p2a: Heatran|Air Balloon\n|\n|upkeep\n|\n|t:|1648001346\n|switch|p1a: Tapu Lele|Tapu Lele, shiny|100\/100\n|-fieldstart|move: Psychic Terrain|[from] ability: Psychic Surge|[of] p1a: Tapu Lele\n|turn|6\n|\n|t:|1648001366\n|move|p2a: Heatran|Eruption|p1a: Tapu Lele\n|-damage|p1a: Tapu Lele|17\/100\n|move|p1a: Tapu Lele|Light Screen|p1a: Tapu Lele\n|-sidestart|p1: hh66tt|move: Light Screen\n|\n|upkeep\n|turn|7\n|\n|t:|1648001391\n|move|p2a: Heatran|Eruption|p1a: Tapu Lele\n|-damage|p1a: Tapu Lele|0 fnt\n|faint|p1a: Tapu Lele\n|\n|upkeep\n|inactive|hh66tt has 120 seconds left.\n|\n|t:|1648001413\n|switch|p1a: Omastar|Omastar, F|100\/100\n|turn|8\n|\n|t:|1648001423\n|move|p2a: Heatran|Taunt|p1a: Omastar\n|-start|p1a: Omastar|move: Taunt\n|move|p1a: Omastar|Surf|p2a: Heatran\n|-supereffective|p2a: Heatran\n|-damage|p2a: Heatran|9\/100\n|-enditem|p2a: Heatran|Air Balloon\n|\n|upkeep\n|turn|9\n|\n|t:|1648001430\n|switch|p2a: Ferrothorn|Ferrothorn, F|100\/100\n|move|p1a: Omastar|Surf|p2a: Ferrothorn\n|-resisted|p2a: Ferrothorn\n|-damage|p2a: Ferrothorn|86\/100\n|\n|-heal|p2a: Ferrothorn|93\/100|[from] item: Leftovers\n|upkeep\n|turn|10\n|\n|t:|1648001437\n|move|p1a: Omastar|Ice Beam|p2a: Ferrothorn\n|-damage|p2a: Ferrothorn|74\/100\n|move|p2a: Ferrothorn|Stealth Rock|p1a: Omastar\n|-sidestart|p1: hh66tt|move: Stealth Rock\n|\n|-heal|p2a: Ferrothorn|81\/100|[from] item: Leftovers\n|-end|p1a: Omastar|move: Taunt\n|-sideend|p1: hh66tt|move: Light Screen\n|upkeep\n|turn|11\n|\n|t:|1648001452\n|move|p1a: Omastar|Shell Smash|p1a: Omastar\n|-unboost|p1a: Omastar|def|1\n|-unboost|p1a: Omastar|spd|1\n|-boost|p1a: Omastar|atk|2\n|-boost|p1a: Omastar|spa|2\n|-boost|p1a: Omastar|spe|2\n|move|p2a: Ferrothorn|Leech Seed|p1a: Omastar\n|-start|p1a: Omastar|move: Leech Seed\n|\n|-heal|p2a: Ferrothorn|87\/100|[from] item: Leftovers\n|-damage|p1a: Omastar|88\/100|[from] Leech Seed|[of] p2a: Ferrothorn\n|-heal|p2a: Ferrothorn|97\/100|[silent]\n|upkeep\n|turn|12\n|\n|t:|1648001467\n|move|p1a: Omastar|Ice Beam|p2a: Ferrothorn\n|-damage|p2a: Ferrothorn|63\/100\n|-status|p2a: Ferrothorn|frz\n|-curestatus|p2a: Ferrothorn|frz|[msg]\n|move|p2a: Ferrothorn|Body Press|p1a: Omastar\n|-supereffective|p1a: Omastar\n|-damage|p1a: Omastar|17\/100\n|-ability|p1a: Omastar|Weak Armor|boost\n|-unboost|p1a: Omastar|def|1\n|-boost|p1a: Omastar|spe|2\n|\n|-heal|p2a: Ferrothorn|69\/100|[from] item: Leftovers\n|-damage|p1a: Omastar|4\/100|[from] Leech Seed|[of] p2a: Ferrothorn\n|-heal|p2a: Ferrothorn|79\/100|[silent]\n|upkeep\n|turn|13\n|inactive|big boss 447 has 120 seconds left.\n|\n|t:|1648001504\n|move|p1a: Omastar|Earth Power|p2a: Ferrothorn\n|-damage|p2a: Ferrothorn|41\/100\n|move|p2a: Ferrothorn|Stealth Rock||[still]\n|-fail|p2a: Ferrothorn\n|\n|-heal|p2a: Ferrothorn|48\/100|[from] item: Leftovers\n|-damage|p1a: Omastar|0 fnt|[from] Leech Seed|[of] p2a: Ferrothorn\n|-heal|p2a: Ferrothorn|51\/100|[silent]\n|faint|p1a: Omastar\n|-fieldend|move: Psychic Terrain\n|upkeep\n|\n|t:|1648001513\n|switch|p1a: Polteageist|Polteageist, shiny|100\/100\n|-damage|p1a: Polteageist|88\/100|[from] Stealth Rock\n|turn|14\n|inactive|big boss 447 has 120 seconds left.\n|\n|t:|1648001525\n|move|p1a: Polteageist|Shell Smash|p1a: Polteageist\n|-unboost|p1a: Polteageist|def|1\n|-unboost|p1a: Polteageist|spd|1\n|-boost|p1a: Polteageist|atk|2\n|-boost|p1a: Polteageist|spa|2\n|-boost|p1a: Polteageist|spe|2\n|move|p2a: Ferrothorn|Knock Off|p1a: Polteageist\n|-supereffective|p1a: Polteageist\n|-damage|p1a: Polteageist|0 fnt\n|-enditem|p1a: Polteageist|Focus Sash|[from] move: Knock Off|[of] p2a: Ferrothorn\n|faint|p1a: Polteageist\n|\n|-heal|p2a: Ferrothorn|57\/100|[from] item: Leftovers\n|upkeep\n|-message|hh66tt forfeited.\n|\n|win|big boss 447\n|raw|hh66tt's rating: 1742 &rarr; <strong>1727<\/strong><br \/>(-15 for losing)\n|raw|big boss 447's rating: 1822 &rarr; <strong>1837<\/strong><br \/>(+15 for winning)\n|l|\u2606hh66tt\n","uploadtime":1648001536,"views":52,"p1id":"hh66tt","p2id":"bigboss447","formatid":"gen8ou","rating":1727,"private":0,"password":null}