{"id":"gen8ou-1507963929","p1":"SleepyNeil","p2":"Sombra Diurna","format":"gen8ou","log":"|j|\u2606SleepyNeil\n|j|\u2606Sombra Diurna\n|t:|1644483835\n|gametype|singles\n|player|p1|SleepyNeil|lucas|1725\n|player|p2|Sombra Diurna|blue|1700\n|teamsize|p1|6\n|teamsize|p2|6\n|gen|8\n|tier|[Gen 8] OU\n|rated|\n|rule|Sleep Clause Mod: Limit one foe put to sleep\n|rule|Species Clause: Limit one of each Pok\u00e9mon\n|rule|OHKO Clause: OHKO moves are banned\n|rule|Evasion Moves Clause: Evasion moves are banned\n|rule|Endless Battle Clause: Forcing endless battles is banned\n|rule|HP Percentage Mod: HP is shown in percentages\n|rule|Dynamax Clause: You cannot dynamax\n|clearpoke\n|poke|p1|Corviknight, M|\n|poke|p1|Buzzwole|\n|poke|p1|Weavile, F|\n|poke|p1|Rotom-Wash|\n|poke|p1|Garchomp, M|\n|poke|p1|Slowking-Galar, M|\n|poke|p2|Marowak-Alola, M|\n|poke|p2|Slowbro, M|\n|poke|p2|Hatterene, F|\n|poke|p2|Garchomp, M|\n|poke|p2|Ferrothorn, M|\n|poke|p2|Drampa, M|\n|teampreview\n|\n|t:|1644483847\n|start\n|switch|p1a: Weavile|Weavile, F|100\/100\n|switch|p2a: Thorns|Ferrothorn, M|100\/100\n|-ability|p1a: Weavile|Pressure\n|turn|1\n|\n|t:|1644483854\n|switch|p1a: Corviknight|Corviknight, M|100\/100\n|-ability|p1a: Corviknight|Pressure\n|move|p2a: Thorns|Stealth Rock|p1a: Corviknight\n|-sidestart|p1: SleepyNeil|move: Stealth Rock\n|\n|upkeep\n|turn|2\n|\n|t:|1644483860\n|move|p1a: Corviknight|Defog|p2a: Thorns\n|-unboost|p2a: Thorns|evasion|1\n|-sideend|p1: SleepyNeil|Stealth Rock|[from] move: Defog|[of] p1a: Corviknight\n|move|p2a: Thorns|Leech Seed|p1a: Corviknight\n|-start|p1a: Corviknight|move: Leech Seed\n|\n|-damage|p1a: Corviknight|88\/100|[from] Leech Seed|[of] p2a: Thorns\n|upkeep\n|turn|3\n|\n|t:|1644483872\n|switch|p1a: Slowking|Slowking-Galar, M|100\/100\n|move|p2a: Thorns|Leech Seed|p1a: Slowking\n|-start|p1a: Slowking|move: Leech Seed\n|\n|-damage|p1a: Slowking|88\/100|[from] Leech Seed|[of] p2a: Thorns\n|upkeep\n|turn|4\n|inactive|Battle timer is ON: inactive players will automatically lose when time's up. (requested by Sombra Diurna)\n|j| Hoo-bah-stank\n|\n|t:|1644483899\n|move|p1a: Slowking|Sludge Bomb|p2a: Thorns\n|-immune|p2a: Thorns\n|move|p2a: Thorns|Stealth Rock|p1a: Slowking\n|-sidestart|p1: SleepyNeil|move: Stealth Rock\n|\n|-damage|p1a: Slowking|76\/100|[from] Leech Seed|[of] p2a: Thorns\n|upkeep\n|turn|5\n|\n|t:|1644483908\n|switch|p1a: Corviknight|Corviknight, M|88\/100\n|-damage|p1a: Corviknight|75\/100|[from] Stealth Rock\n|-ability|p1a: Corviknight|Pressure\n|switch|p2a: Billy B.|Marowak-Alola, M, shiny|100\/100\n|\n|-heal|p1a: Corviknight|82\/100|[from] item: Leftovers\n|upkeep\n|turn|6\n|\n|t:|1644483918\n|move|p1a: Corviknight|Defog|p2a: Billy B.\n|-unboost|p2a: Billy B.|evasion|1\n|-sideend|p1: SleepyNeil|Stealth Rock|[from] move: Defog|[of] p1a: Corviknight\n|move|p2a: Billy B.|Poltergeist|p1a: Corviknight\n|-activate|p1a: Corviknight|move: Poltergeist|Leftovers\n|-damage|p1a: Corviknight|1\/100\n|\n|-heal|p1a: Corviknight|8\/100|[from] item: Leftovers\n|upkeep\n|turn|7\n|\n|t:|1644483935\n|move|p1a: Corviknight|Brave Bird|p2a: Billy B.\n|-damage|p2a: Billy B.|64\/100\n|-damage|p1a: Corviknight|0 fnt|[from] Recoil\n|faint|p1a: Corviknight\n|move|p2a: Billy B.|Poltergeist|p1: Corviknight|[notarget]\n|-fail|p2a: Billy B.\n|\n|upkeep\n|\n|t:|1644483939\n|switch|p1a: Garchomp|Garchomp, M|100\/100\n|turn|8\n|\n|t:|1644483944\n|switch|p2a: Sonso|Slowbro, M|100\/100\n|move|p1a: Garchomp|Stealth Rock|p2a: Sonso\n|-sidestart|p2: Sombra Diurna|move: Stealth Rock\n|\n|upkeep\n|turn|9\n|\n|t:|1644483952\n|switch|p1a: Rotom|Rotom-Wash|100\/100\n|move|p2a: Sonso|Scald|p1a: Rotom\n|-resisted|p1a: Rotom\n|-damage|p1a: Rotom|87\/100\n|\n|upkeep\n|turn|10\n|\n|t:|1644483962\n|switch|p2a: Sharko|Garchomp, M|100\/100\n|-damage|p2a: Sharko|94\/100|[from] Stealth Rock\n|move|p1a: Rotom|Trick|p2a: Sharko\n|-activate|p1a: Rotom|move: Trick|[of] p2a: Sharko\n|-item|p2a: Sharko|Choice Specs|[from] move: Trick\n|-item|p1a: Rotom|Leftovers|[from] move: Trick\n|\n|-heal|p1a: Rotom|93\/100|[from] item: Leftovers\n|upkeep\n|turn|11\n|\n|t:|1644483971\n|move|p2a: Sharko|Scale Shot|p1a: Rotom\n|-damage|p1a: Rotom|79\/100\n|-damage|p1a: Rotom|63\/100\n|-damage|p1a: Rotom|49\/100\n|-damage|p1a: Rotom|33\/100\n|-hitcount|p1a: Rotom|4\n|-unboost|p2a: Sharko|def|1\n|-boost|p2a: Sharko|spe|1\n|move|p1a: Rotom|Hydro Pump|p2a: Sharko\n|-damage|p2a: Sharko|42\/100\n|\n|-heal|p1a: Rotom|39\/100|[from] item: Leftovers\n|upkeep\n|turn|12\n|\n|t:|1644483984\n|switch|p1a: Buzzwole|Buzzwole|100\/100\n|move|p2a: Sharko|Scale Shot|p1a: Buzzwole\n|-damage|p1a: Buzzwole|93\/100\n|-damage|p1a: Buzzwole|83\/100\n|-damage|p1a: Buzzwole|74\/100\n|-hitcount|p1a: Buzzwole|3\n|-unboost|p2a: Sharko|def|1\n|-boost|p2a: Sharko|spe|1\n|\n|upkeep\n|turn|13\n|\n|t:|1644483994\n|switch|p2a: Sonso|Slowbro, M|100\/100\n|-damage|p2a: Sonso|88\/100|[from] Stealth Rock\n|move|p1a: Buzzwole|Ice Punch|p2a: Sonso\n|-resisted|p2a: Sonso\n|-damage|p2a: Sonso|80\/100\n|\n|upkeep\n|turn|14\n|\n|t:|1644484004\n|move|p1a: Buzzwole|Taunt|p2a: Sonso\n|-start|p2a: Sonso|move: Taunt\n|move|p2a: Sonso|Scald|p1a: Buzzwole\n|-damage|p1a: Buzzwole|35\/100\n|\n|upkeep\n|turn|15\n|\n|t:|1644484012\n|switch|p1a: Rotom|Rotom-Wash|39\/100\n|move|p2a: Sonso|Scald|p1a: Rotom\n|-resisted|p1a: Rotom\n|-damage|p1a: Rotom|24\/100\n|\n|-heal|p1a: Rotom|30\/100|[from] item: Leftovers\n|upkeep\n|turn|16\n|\n|t:|1644484020\n|switch|p2a: Thorns|Ferrothorn, M|100\/100\n|-damage|p2a: Thorns|94\/100|[from] Stealth Rock\n|move|p1a: Rotom|Volt Switch|p2a: Thorns\n|-resisted|p2a: Thorns\n|-damage|p2a: Thorns|84\/100\n|\n|t:|1644484024\n|switch|p1a: Slowking|Slowking-Galar, M|100\/100|[from]move: Volt Switch\n|\n|upkeep\n|turn|17\n|\n|t:|1644484029\n|move|p1a: Slowking|Flamethrower|p2a: Thorns\n|-supereffective|p2a: Thorns\n|-damage|p2a: Thorns|15\/100\n|move|p2a: Thorns|Stealth Rock|p1a: Slowking\n|-sidestart|p1: SleepyNeil|move: Stealth Rock\n|\n|upkeep\n|turn|18\n|\n|t:|1644484036\n|switch|p2a: Sonso|Slowbro, M|100\/100\n|-damage|p2a: Sonso|88\/100|[from] Stealth Rock\n|move|p1a: Slowking|Sludge Bomb|p2a: Sonso\n|-damage|p2a: Sonso|48\/100\n|\n|upkeep\n|turn|19\n|\n|t:|1644484046\n|move|p1a: Slowking|Future Sight|p2a: Sonso\n|-start|p1a: Slowking|move: Future Sight\n|move|p2a: Sonso|Trick Room|p2a: Sonso\n|-fieldstart|move: Trick Room|[of] p2a: Sonso\n|\n|upkeep\n|turn|20\n|\n|t:|1644484051\n|move|p2a: Sonso|Slack Off|p2a: Sonso\n|-heal|p2a: Sonso|98\/100\n|move|p1a: Slowking|Sludge Bomb|p2a: Sonso\n|-damage|p2a: Sonso|59\/100\n|-status|p2a: Sonso|psn\n|\n|-damage|p2a: Sonso|46\/100 psn|[from] psn\n|upkeep\n|turn|21\n|\n|t:|1644484059\n|switch|p2a: Thorns|Ferrothorn, M|15\/100\n|-damage|p2a: Thorns|8\/100|[from] Stealth Rock\n|move|p1a: Slowking|Sludge Bomb|p2a: Thorns\n|-immune|p2a: Thorns\n|\n|-end|p2a: Thorns|move: Future Sight\n|-resisted|p2a: Thorns\n|-damage|p2a: Thorns|0 fnt\n|faint|p2a: Thorns\n|upkeep\n|\n|t:|1644484068\n|switch|p2a: Billy B.|Marowak-Alola, M, shiny|64\/100\n|-damage|p2a: Billy B.|40\/100|[from] Stealth Rock\n|turn|22\n|\n|t:|1644484081\n|switch|p1a: Buzzwole|Buzzwole|35\/100\n|-damage|p1a: Buzzwole|23\/100|[from] Stealth Rock\n|move|p2a: Billy B.|Poltergeist|p1a: Buzzwole\n|-activate|p1a: Buzzwole|move: Poltergeist|Rocky Helmet\n|-damage|p1a: Buzzwole|0 fnt\n|faint|p1a: Buzzwole\n|\n|upkeep\n|\n|t:|1644484091\n|switch|p1a: Rotom|Rotom-Wash|30\/100\n|-damage|p1a: Rotom|18\/100|[from] Stealth Rock\n|turn|23\n|\n|t:|1644484095\n|move|p2a: Billy B.|Flare Blitz|p1a: Rotom\n|-resisted|p1a: Rotom\n|-damage|p1a: Rotom|0 fnt\n|faint|p1a: Rotom\n|\n|-fieldend|move: Trick Room\n|upkeep\n|\n|t:|1644484097\n|switch|p1a: Garchomp|Garchomp, M|100\/100\n|-damage|p1a: Garchomp|94\/100|[from] Stealth Rock\n|turn|24\n|\n|t:|1644484111\n|switch|p2a: Falkor|Drampa, M|100\/100\n|-damage|p2a: Falkor|88\/100|[from] Stealth Rock\n|move|p1a: Garchomp|Swords Dance|p1a: Garchomp\n|-boost|p1a: Garchomp|atk|2\n|\n|-heal|p1a: Garchomp|100\/100|[from] item: Leftovers\n|upkeep\n|turn|25\n|\n|t:|1644484133\n|move|p1a: Garchomp|Scale Shot|p2a: Falkor\n|-supereffective|p2a: Falkor\n|-damage|p2a: Falkor|36\/100\n|-supereffective|p2a: Falkor\n|-damage|p2a: Falkor|0 fnt\n|faint|p2a: Falkor\n|-hitcount|p2: Falkor|2\n|-unboost|p1a: Garchomp|def|1\n|-boost|p1a: Garchomp|spe|1\n|\n|upkeep\n|\n|t:|1644484141\n|switch|p2a: Sonso|Slowbro, M|80\/100 psn\n|-damage|p2a: Sonso|67\/100 psn|[from] Stealth Rock\n|turn|26\n|\n|t:|1644484145\n|move|p1a: Garchomp|Earthquake|p2a: Sonso\n|-damage|p2a: Sonso|5\/100 psn\n|move|p2a: Sonso|Trick Room|p2a: Sonso\n|-fieldstart|move: Trick Room|[of] p2a: Sonso\n|\n|-damage|p2a: Sonso|0 fnt|[from] psn\n|faint|p2a: Sonso\n|upkeep\n|\n|t:|1644484152\n|switch|p2a: Billy B.|Marowak-Alola, M, shiny|40\/100\n|-damage|p2a: Billy B.|15\/100|[from] Stealth Rock\n|turn|27\n|\n|t:|1644484157\n|switch|p1a: Weavile|Weavile, F|100\/100\n|-ability|p1a: Weavile|Pressure\n|move|p2a: Billy B.|Poltergeist|p1a: Weavile\n|-activate|p1a: Weavile|move: Poltergeist|Heavy-Duty Boots\n|-resisted|p1a: Weavile\n|-damage|p1a: Weavile|25\/100\n|\n|upkeep\n|turn|28\n|\n|t:|1644484185\n|switch|p1a: Garchomp|Garchomp, M|100\/100\n|-damage|p1a: Garchomp|94\/100|[from] Stealth Rock\n|move|p2a: Billy B.|Flare Blitz|p1a: Garchomp\n|-resisted|p1a: Garchomp\n|-damage|p1a: Garchomp|49\/100\n|-damage|p2a: Billy B.|2\/100|[from] ability: Rough Skin|[of] p1a: Garchomp\n|\n|-heal|p1a: Garchomp|55\/100|[from] item: Leftovers\n|upkeep\n|turn|29\n|\n|t:|1644484207\n|switch|p1a: Slowking|Slowking-Galar, M|100\/100\n|-damage|p1a: Slowking|88\/100|[from] Stealth Rock\n|move|p2a: Billy B.|Poltergeist|p1a: Slowking|[miss]\n|-miss|p2a: Billy B.|p1a: Slowking\n|\n|upkeep\n|turn|30\n|\n|t:|1644484220\n|switch|p2a: Sharko|Garchomp, M|42\/100\n|-damage|p2a: Sharko|36\/100|[from] Stealth Rock\n|move|p1a: Slowking|Flamethrower|p2a: Sharko\n|-resisted|p2a: Sharko\n|-damage|p2a: Sharko|22\/100\n|\n|-fieldend|move: Trick Room\n|upkeep\n|turn|31\n|\n|t:|1644484229\n|switch|p1a: Garchomp|Garchomp, M|55\/100\n|-damage|p1a: Garchomp|49\/100|[from] Stealth Rock\n|move|p2a: Sharko|Earthquake|p1a: Garchomp\n|-damage|p1a: Garchomp|0 fnt\n|faint|p1a: Garchomp\n|\n|upkeep\n|\n|t:|1644484230\n|switch|p1a: Weavile|Weavile, F|25\/100\n|-ability|p1a: Weavile|Pressure\n|turn|32\n|\n|t:|1644484240\n|move|p1a: Weavile|Ice Shard|p2a: Sharko\n|-supereffective|p2a: Sharko\n|-damage|p2a: Sharko|0 fnt\n|faint|p2a: Sharko\n|\n|upkeep\n|\n|t:|1644484244\n|switch|p2a: Gorra|Hatterene, F, shiny|100\/100\n|-damage|p2a: Gorra|88\/100|[from] Stealth Rock\n|turn|33\n|\n|t:|1644484255\n|move|p1a: Weavile|Knock Off|p2a: Gorra\n|-crit|p2a: Gorra\n|-damage|p2a: Gorra|14\/100\n|-enditem|p2a: Gorra|Kasib Berry|[from] move: Knock Off|[of] p1a: Weavile\n|move|p2a: Gorra|Trick Room|p2a: Gorra\n|-fieldstart|move: Trick Room|[of] p2a: Gorra\n|\n|upkeep\n|turn|34\n|c|\u2606Sombra Diurna|come on!!!\n|c|\u2606Sombra Diurna|i fucking won\n|\n|t:|1644484268\n|move|p1a: Weavile|Ice Shard|p2a: Gorra\n|-damage|p2a: Gorra|0 fnt\n|faint|p2a: Gorra\n|\n|upkeep\n|c|\u2606SleepyNeil|gg\n|c|\u2606Sombra Diurna|lol\n|c|\u2606SleepyNeil|u choked\n|c|\u2606Sombra Diurna|lollolol\n|c|\u2606SleepyNeil|didn't like poltergeist into chomp\n|inactive|Sombra Diurna has 120 seconds left.\n|c|\u2606Sombra Diurna|i got healing wish\n|c|\u2606SleepyNeil|*click\n|c|\u2606SleepyNeil|nah see\n|c|\u2606SleepyNeil|good players\n|c|\u2606Sombra Diurna|hahahahaha\n|c|\u2606Sombra Diurna|fuking noob\n|c|\u2606SleepyNeil|realize where they can play better\n|c|\u2606Sombra Diurna|you won for pure luck\n|c|\u2606SleepyNeil|bad Players complain off of hax\n|inactive|Sombra Diurna has 90 seconds left.\n|c|\u2606SleepyNeil|thanks for the elo sir\n|c|\u2606Sombra Diurna|you critme in last play\n|c|\u2606Sombra Diurna|hahahaha\n|c|\u2606SleepyNeil|thanks for the elo sir\n|c|\u2606Sombra Diurna|miss+crit\n|c|\u2606SleepyNeil|and the miss play\n|c|\u2606Sombra Diurna|of curse, any noob can win whit luck\n|c|\u2606SleepyNeil|yo big brain is a misplay\n|inactive|Sombra Diurna has 60 seconds left.\n|c|\u2606Sombra Diurna|i no need predict your patetic plays\n|c|\u2606SleepyNeil|nah\n|c|\u2606SleepyNeil|salty baby\n|inactive|Sombra Diurna has 30 seconds left.\n|c|\u2606Sombra Diurna|in theory, i won without hax\n|-message|Sombra Diurna forfeited.\n|\n|win|SleepyNeil\n|inactive|Sombra Diurna has 30 seconds left this turn.\n|raw|SleepyNeil's rating: 1725 &rarr; <strong>1744<\/strong><br \/>(+19 for winning)\n|raw|Sombra Diurna's rating: 1700 &rarr; <strong>1681<\/strong><br \/>(-19 for losing)\n|l|\u2606Sombra Diurna\n|c| Hoo-bah-stank|Was ice shard not a ko on maro last time it was in?\n|c| Hoo-bah-stank|when you doubled back to chomp\n|c|\u2606SleepyNeil|the man doesnt realize\n|c|\u2606SleepyNeil|I swords dance on healing wish turn\n|c|\u2606SleepyNeil|ice shard into slowking hit\n||Ladder isn't responding, score probably updated but might not have (Request timeout).\n","uploadtime":1644484452,"views":55,"p1id":"sleepyneil","p2id":"sombradiurna","formatid":"gen8ou","rating":1681,"private":0,"password":null}