{"id":"gen8ou-1701101983","p1":"brettfavreguilty","p2":"TESLA ROADSTER","format":"gen8ou","log":"|j|\u203dbrettfavreguilty\n|j|\u2606TESLA ROADSTER\n|t:|1667412525\n|gametype|singles\n|player|p1|brettfavreguilty|harlequin|1764\n|player|p2|TESLA ROADSTER|265|1829\n|teamsize|p1|6\n|teamsize|p2|6\n|gen|8\n|tier|[Gen 8] OU\n|rated|\n|rule|Sleep Clause Mod: Limit one foe put to sleep\n|rule|Species Clause: Limit one of each Pok\u00e9mon\n|rule|OHKO Clause: OHKO moves are banned\n|rule|Evasion Items Clause: Evasion items are banned\n|rule|Evasion Moves Clause: Evasion moves are banned\n|rule|Endless Battle Clause: Forcing endless battles is banned\n|rule|HP Percentage Mod: HP is shown in percentages\n|rule|Dynamax Clause: You cannot dynamax\n|clearpoke\n|poke|p1|Pelipper, F|\n|poke|p1|Melmetal|\n|poke|p1|Inteleon, M|\n|poke|p1|Ferrothorn, M|\n|poke|p1|Barraskewda, F|\n|poke|p1|Seismitoad, F|\n|poke|p2|Kommo-o, M|\n|poke|p2|Clefable, F|\n|poke|p2|Ferrothorn, M|\n|poke|p2|Zapdos-Galar|\n|poke|p2|Zeraora|\n|poke|p2|Landorus-Therian, M|\n|teampreview\n|inactive|Battle timer is ON: inactive players will automatically lose when time's up. (requested by brettfavreguilty)\n|c|\u2606TESLA ROADSTER|hf\n|\n|t:|1667412532\n|start\n|switch|p1a: Pelipper|Pelipper, F|100\/100\n|switch|p2a: Zeraora|Zeraora|100\/100\n|-weather|RainDance|[from] ability: Drizzle|[of] p1a: Pelipper\n|turn|1\n|j| avatar wan's bae\n|\n|t:|1667412536\n|move|p2a: Zeraora|Knock Off|p1a: Pelipper\n|-damage|p1a: Pelipper|78\/100\n|-enditem|p1a: Pelipper|Damp Rock|[from] move: Knock Off|[of] p2a: Zeraora\n|move|p1a: Pelipper|U-turn|p2a: Zeraora\n|-damage|p2a: Zeraora|89\/100\n|\n|t:|1667412540\n|switch|p1a: Barraskewda|Barraskewda, F|100\/100|[from]move: U-turn\n|\n|-weather|RainDance|[upkeep]\n|upkeep\n|turn|2\n|\n|t:|1667412548\n|switch|p2a: Kommo-o|Kommo-o, M|100\/100\n|move|p1a: Barraskewda|Flip Turn|p2a: Kommo-o\n|-resisted|p2a: Kommo-o\n|-damage|p2a: Kommo-o|76\/100\n|-damage|p1a: Barraskewda|84\/100|[from] item: Rocky Helmet|[of] p2a: Kommo-o\n|\n|t:|1667412554\n|switch|p1a: Inteleon|Inteleon, M|100\/100|[from]move: Flip Turn\n|\n|-weather|RainDance|[upkeep]\n|upkeep\n|turn|3\n|\n|t:|1667412561\n|switch|p2a: Zeraora|Zeraora|89\/100\n|move|p1a: Inteleon|Focus Energy|p1a: Inteleon\n|-start|p1a: Inteleon|move: Focus Energy\n|\n|-weather|RainDance|[upkeep]\n|upkeep\n|turn|4\n|\n|t:|1667412568\n|move|p2a: Zeraora|Plasma Fists|p1a: Inteleon\n|-supereffective|p1a: Inteleon\n|-damage|p1a: Inteleon|0 fnt\n|-fieldactivate|move: Ion Deluge\n|-hint|Normal-type moves become Electric-type after using Plasma Fists.\n|faint|p1a: Inteleon\n|\n|-weather|RainDance|[upkeep]\n|upkeep\n|\n|t:|1667412571\n|switch|p1a: Seismitoad|Seismitoad, F|100\/100\n|turn|5\n|\n|t:|1667412578\n|switch|p2a: Landorus|Landorus-Therian, M|100\/100\n|-ability|p2a: Landorus|Intimidate|boost\n|-unboost|p1a: Seismitoad|atk|1\n|move|p1a: Seismitoad|Earth Power|p2a: Landorus\n|-immune|p2a: Landorus\n|\n|-weather|RainDance|[upkeep]\n|upkeep\n|turn|6\n|j| FernandoTA\n|\n|t:|1667412582\n|switch|p2a: Kommo-o|Kommo-o, M|76\/100\n|move|p1a: Seismitoad|Earth Power|p2a: Kommo-o\n|-damage|p2a: Kommo-o|34\/100\n|-damage|p1a: Seismitoad|91\/100|[from] item: Life Orb\n|\n|-weather|RainDance|[upkeep]\n|upkeep\n|turn|7\n|\n|t:|1667412588\n|switch|p2a: Landorus|Landorus-Therian, M|100\/100\n|-ability|p2a: Landorus|Intimidate|boost\n|-unboost|p1a: Seismitoad|atk|1\n|move|p1a: Seismitoad|Weather Ball|p2a: Landorus\n|-supereffective|p2a: Landorus\n|-damage|p2a: Landorus|0 fnt\n|faint|p2a: Landorus\n|-damage|p1a: Seismitoad|81\/100|[from] item: Life Orb\n|\n|-weather|RainDance|[upkeep]\n|upkeep\n|\n|t:|1667412596\n|switch|p2a: Clefable|Clefable, F|100\/100\n|turn|8\n|\n|t:|1667412599\n|switch|p1a: Melmetal|Melmetal|100\/100\n|move|p2a: Clefable|Soft-Boiled||[still]\n|-fail|p2a: Clefable|heal\n|\n|-weather|none\n|upkeep\n|turn|9\n|\n|t:|1667412618\n|move|p2a: Clefable|Wish|p2a: Clefable\n|move|p1a: Melmetal|Earthquake|p2a: Clefable\n|-damage|p2a: Clefable|54\/100\n|\n|-heal|p2a: Clefable|60\/100|[from] item: Leftovers\n|upkeep\n|turn|10\n|j| amimec\n|\n|t:|1667412623\n|switch|p2a: Zapdos|Zapdos-Galar|100\/100\n|switch|p1a: Pelipper|Pelipper, F|78\/100\n|-weather|RainDance|[from] ability: Drizzle|[of] p1a: Pelipper\n|\n|-weather|RainDance|[upkeep]\n|upkeep\n|turn|11\n|j| Ran Kob\n|\n|t:|1667412631\n|move|p2a: Zapdos|Brave Bird|p1a: Pelipper\n|-damage|p1a: Pelipper|14\/100\n|-damage|p2a: Zapdos|79\/100|[from] Recoil\n|move|p1a: Pelipper|U-turn|p2a: Zapdos\n|-resisted|p2a: Zapdos\n|-damage|p2a: Zapdos|77\/100\n|\n|t:|1667412637\n|switch|p1a: Barraskewda|Barraskewda, F|84\/100|[from]move: U-turn\n|\n|-weather|RainDance|[upkeep]\n|upkeep\n|turn|12\n|\n|t:|1667412651\n|switch|p2a: Ferrothorn|Ferrothorn, M|100\/100\n|move|p1a: Barraskewda|Flip Turn|p2a: Ferrothorn\n|-resisted|p2a: Ferrothorn\n|-damage|p2a: Ferrothorn|78\/100\n|-damage|p1a: Barraskewda|72\/100|[from] ability: Iron Barbs|[of] p2a: Ferrothorn\n|\n|t:|1667412659\n|switch|p1a: Ferrothorn|Ferrothorn, M|100\/100|[from]move: Flip Turn\n|\n|-weather|RainDance|[upkeep]\n|-heal|p2a: Ferrothorn|84\/100|[from] item: Leftovers\n|upkeep\n|turn|13\n|\n|t:|1667412663\n|switch|p2a: Kommo-o|Kommo-o, M|34\/100\n|move|p1a: Ferrothorn|Knock Off|p2a: Kommo-o\n|-resisted|p2a: Kommo-o\n|-damage|p2a: Kommo-o|27\/100\n|-damage|p1a: Ferrothorn|84\/100|[from] item: Rocky Helmet|[of] p2a: Kommo-o\n|-enditem|p2a: Kommo-o|Rocky Helmet|[from] move: Knock Off|[of] p1a: Ferrothorn\n|\n|-weather|RainDance|[upkeep]\n|-heal|p1a: Ferrothorn|90\/100|[from] item: Leftovers\n|upkeep\n|turn|14\n|j| TheMightyDRE\n|l| TheMightyDRE\n|\n|t:|1667412672\n|switch|p1a: Pelipper|Pelipper, F|14\/100\n|move|p2a: Kommo-o|Stealth Rock|p1a: Pelipper\n|-sidestart|p1: brettfavreguilty|move: Stealth Rock\n|\n|-weather|none\n|upkeep\n|turn|15\n|\n|t:|1667412681\n|switch|p2a: Zapdos|Zapdos-Galar|77\/100\n|move|p1a: Pelipper|Roost|p1a: Pelipper\n|-heal|p1a: Pelipper|64\/100\n|-singleturn|p1a: Pelipper|move: Roost\n|\n|upkeep\n|turn|16\n|\n|t:|1667412688\n|switch|p1a: Melmetal|Melmetal|100\/100\n|-damage|p1a: Melmetal|94\/100|[from] Stealth Rock\n|move|p2a: Zapdos|Brave Bird|p1a: Melmetal\n|-resisted|p1a: Melmetal\n|-damage|p1a: Melmetal|72\/100\n|-damage|p2a: Zapdos|67\/100|[from] Recoil\n|\n|upkeep\n|turn|17\n|j| fork gaming\n|\n|t:|1667412710\n|switch|p2a: Kommo-o|Kommo-o, M|27\/100\n|move|p1a: Melmetal|Double Iron Bash|p2a: Kommo-o\n|-damage|p2a: Kommo-o|0 fnt\n|faint|p2a: Kommo-o\n|-hitcount|p2: Kommo-o|1\n|\n|upkeep\n|\n|t:|1667412714\n|switch|p2a: Zapdos|Zapdos-Galar|67\/100\n|turn|18\n|\n|t:|1667412723\n|switch|p1a: Ferrothorn|Ferrothorn, M|90\/100\n|-damage|p1a: Ferrothorn|84\/100|[from] Stealth Rock\n|move|p2a: Zapdos|Close Combat|p1a: Ferrothorn\n|-supereffective|p1a: Ferrothorn\n|-damage|p1a: Ferrothorn|0 fnt\n|-unboost|p2a: Zapdos|def|1\n|-unboost|p2a: Zapdos|spd|1\n|-damage|p2a: Zapdos|55\/100|[from] ability: Iron Barbs|[of] p1a: Ferrothorn\n|faint|p1a: Ferrothorn\n|\n|upkeep\n|\n|t:|1667412726\n|switch|p1a: Pelipper|Pelipper, F|64\/100\n|-damage|p1a: Pelipper|39\/100|[from] Stealth Rock\n|-weather|RainDance|[from] ability: Drizzle|[of] p1a: Pelipper\n|turn|19\n|\n|t:|1667412752\n|switch|p2a: Clefable|Clefable, F|60\/100\n|move|p1a: Pelipper|U-turn|p2a: Clefable\n|-resisted|p2a: Clefable\n|-damage|p2a: Clefable|57\/100\n|\n|t:|1667412765\n|switch|p1a: Seismitoad|Seismitoad, F|81\/100|[from]move: U-turn\n|-damage|p1a: Seismitoad|75\/100|[from] Stealth Rock\n|\n|-weather|RainDance|[upkeep]\n|-heal|p2a: Clefable|63\/100|[from] item: Leftovers\n|upkeep\n|turn|20\n|\n|t:|1667412774\n|move|p1a: Seismitoad|Weather Ball|p2a: Clefable\n|-damage|p2a: Clefable|0 fnt\n|faint|p2a: Clefable\n|-damage|p1a: Seismitoad|65\/100|[from] item: Life Orb\n|\n|-weather|RainDance|[upkeep]\n|upkeep\n|\n|t:|1667412778\n|switch|p2a: Ferrothorn|Ferrothorn, M|84\/100\n|turn|21\n|\n|t:|1667412781\n|move|p1a: Seismitoad|Earth Power|p2a: Ferrothorn\n|-crit|p2a: Ferrothorn\n|-damage|p2a: Ferrothorn|24\/100\n|-damage|p1a: Seismitoad|55\/100|[from] item: Life Orb\n|move|p2a: Ferrothorn|Knock Off|p1a: Seismitoad\n|-damage|p1a: Seismitoad|24\/100\n|-enditem|p1a: Seismitoad|Life Orb|[from] move: Knock Off|[of] p2a: Ferrothorn\n|\n|-weather|RainDance|[upkeep]\n|-heal|p2a: Ferrothorn|30\/100|[from] item: Leftovers\n|upkeep\n|turn|22\n|l| fork gaming\n|\n|t:|1667412789\n|switch|p2a: Zapdos|Zapdos-Galar|55\/100\n|move|p1a: Seismitoad|Weather Ball|p2a: Zapdos\n|-damage|p2a: Zapdos|0 fnt\n|faint|p2a: Zapdos\n|\n|-weather|RainDance|[upkeep]\n|upkeep\n|c|\u2606TESLA ROADSTER|gg\n|-message|TESLA ROADSTER forfeited.\n|\n|win|brettfavreguilty\n|raw|brettfavreguilty's rating: 1764 &rarr; <strong>1788<\/strong><br \/>(+24 for winning)\n|raw|TESLA ROADSTER's rating: 1829 &rarr; <strong>1805<\/strong><br \/>(-24 for losing)\n|j| JamieIsOver\n|l|\u2606TESLA ROADSTER\n|l| FernandoTA\n||Ladder isn't responding, score probably updated but might not have (Request timeout).\n","uploadtime":1667412809,"views":15,"p1id":"brettfavreguilty","p2id":"teslaroadster","formatid":"gen8ou","rating":1788,"private":0,"password":null}