{"id":"gen8ou-1157913149","p1":"Commando 55","p2":"Shootingwolf","format":"gen8ou","log":"|j|\u2606Commando 55\n|j|\u2606Shootingwolf\n|t:|1595757873\n|player|p1|Commando 55|iris-gen5bw2|1822\n|player|p2|Shootingwolf|erika|1722\n|teamsize|p1|6\n|teamsize|p2|6\n|gametype|singles\n|gen|8\n|tier|[Gen 8] OU\n|rated|\n|html|<div class=\"broadcast-blue\"><strong>OU is currently suspecting Magearna! For information on how to participate check out the <a href=\"https:\/\/www.smogon.com\/forums\/threads\/3667669\/\">suspect thread<\/a>.<\/strong><\/div>\n|clearpoke\n|poke|p1|Torkoal, M|\n|poke|p1|Talonflame, F|\n|poke|p1|Cinderace, M|\n|poke|p1|Clefable, M|\n|poke|p1|Gastrodon-East, F|\n|poke|p1|Rotom-Mow|\n|poke|p2|Urshifu-*, F|\n|poke|p2|Amoonguss, M|\n|poke|p2|Volcarona, F|\n|poke|p2|Mandibuzz, F|\n|poke|p2|Gengar, M|\n|poke|p2|Chansey, F|\n|rule|Sleep Clause Mod: Limit one foe put to sleep\n|rule|Species Clause: Limit one of each Pok\u00e9mon\n|rule|OHKO Clause: OHKO moves are banned\n|rule|Evasion Moves Clause: Evasion moves are banned\n|rule|Endless Battle Clause: Forcing endless battles is banned\n|rule|HP Percentage Mod: HP is shown in percentages\n|rule|Dynamax Clause: You cannot dynamax\n|teampreview\n|inactive|Battle timer is ON: inactive players will automatically lose when time's up. (requested by Commando 55)\n|\n|t:|1595757888\n|start\n|switch|p1a: Cinderace|Cinderace, M, shiny|100\/100\n|switch|p2a: Chansey|Chansey, F|100\/100\n|turn|1\n|\n|t:|1595757896\n|switch|p2a: Gengar|Gengar, M|100\/100\n|move|p1a: Cinderace|High Jump Kick|p2a: Gengar\n|-start|p1a: Cinderace|typechange|Fighting|[from] ability: Libero\n|-immune|p2a: Gengar\n|-damage|p1a: Cinderace|51\/100|[from] highjumpkick\n|\n|upkeep\n|turn|2\n|\n|t:|1595757907\n|switch|p1a: Gastrodon|Gastrodon-East, F|100\/100\n|move|p2a: Gengar|Sludge Bomb|p1a: Gastrodon\n|-resisted|p1a: Gastrodon\n|-damage|p1a: Gastrodon|84\/100\n|\n|-heal|p1a: Gastrodon|90\/100|[from] item: Leftovers\n|upkeep\n|turn|3\n|\n|t:|1595757917\n|switch|p2a: Mandibuzz|Mandibuzz, F|100\/100\n|switch|p1a: Torkoal|Torkoal, M|100\/100\n|-weather|SunnyDay|[from] ability: Drought|[of] p1a: Torkoal\n|\n|-weather|SunnyDay|[upkeep]\n|upkeep\n|turn|4\n|\n|t:|1595757926\n|move|p2a: Mandibuzz|U-turn|p1a: Torkoal\n|-resisted|p1a: Torkoal\n|-damage|p1a: Torkoal|97\/100\n|\n|t:|1595757929\n|switch|p2a: Chansey|Chansey, F|100\/100|[from]move: U-turn\n|move|p1a: Torkoal|Stealth Rock|p2a: Chansey\n|-sidestart|p2: Shootingwolf|move: Stealth Rock\n|\n|-weather|SunnyDay|[upkeep]\n|upkeep\n|turn|5\n|\n|t:|1595757937\n|switch|p1a: Clefable|Clefable, M|100\/100\n|move|p2a: Chansey|Stealth Rock|p1a: Clefable\n|-sidestart|p1: Commando 55|move: Stealth Rock\n|\n|-weather|SunnyDay|[upkeep]\n|upkeep\n|turn|6\n|\n|t:|1595757942\n|move|p1a: Clefable|Wish|p1a: Clefable\n|move|p2a: Chansey|Teleport|p2a: Chansey\n|\n|t:|1595757952\n|switch|p2a: Gengar|Gengar, M|100\/100|[from]move: Teleport\n|-damage|p2a: Gengar|88\/100|[from] Stealth Rock\n|\n|-weather|SunnyDay|[upkeep]\n|upkeep\n|turn|7\n|\n|t:|1595757958\n|switch|p1a: Gastrodon|Gastrodon-East, F|90\/100\n|-damage|p1a: Gastrodon|84\/100|[from] Stealth Rock\n|move|p2a: Gengar|Shadow Ball|p1a: Gastrodon\n|-crit|p1a: Gastrodon\n|-damage|p1a: Gastrodon|44\/100\n|\n|-weather|none\n|-heal|p1a: Gastrodon|90\/100|[from] move: Wish|[wisher] Clefable\n|-heal|p1a: Gastrodon|96\/100|[from] item: Leftovers\n|upkeep\n|turn|8\n|\n|t:|1595757970\n|switch|p2a: Chansey|Chansey, F|100\/100\n|-damage|p2a: Chansey|88\/100|[from] Stealth Rock\n|move|p1a: Gastrodon|Scald|p2a: Chansey\n|-damage|p2a: Chansey|80\/100\n|-status|p2a: Chansey|brn\n|\n|-heal|p1a: Gastrodon|100\/100|[from] item: Leftovers\n|-damage|p2a: Chansey|74\/100 brn|[from] brn\n|upkeep\n|turn|9\n|\n|t:|1595757981\n|move|p2a: Chansey|Soft-Boiled|p2a: Chansey\n|-heal|p2a: Chansey|100\/100 brn\n|move|p1a: Gastrodon|Earth Power|p2a: Chansey\n|-damage|p2a: Chansey|92\/100 brn\n|\n|-damage|p2a: Chansey|86\/100 brn|[from] brn\n|upkeep\n|turn|10\n|\n|t:|1595757988\n|move|p1a: Gastrodon|Earth Power|p2a: Chansey\n|-damage|p2a: Chansey|77\/100 brn\n|-unboost|p2a: Chansey|spd|1\n|move|p2a: Chansey|Teleport|p2a: Chansey\n|\n|t:|1595757995\n|switch|p2a: Amoonguss|Amoonguss, M|100\/100|[from]move: Teleport\n|-damage|p2a: Amoonguss|88\/100|[from] Stealth Rock\n|\n|-heal|p2a: Amoonguss|94\/100|[from] item: Black Sludge\n|upkeep\n|turn|11\n|\n|t:|1595758013\n|switch|p1a: Torkoal|Torkoal, M|97\/100\n|-weather|SunnyDay|[from] ability: Drought|[of] p1a: Torkoal\n|move|p2a: Amoonguss|Spore|p1a: Torkoal\n|-status|p1a: Torkoal|slp|[from] move: Spore\n|\n|-weather|SunnyDay|[upkeep]\n|-heal|p2a: Amoonguss|99\/100|[from] item: Black Sludge\n|upkeep\n|turn|12\n|\n|t:|1595758020\n|switch|p2a: Urshifu|Urshifu, F|100\/100\n|-damage|p2a: Urshifu|94\/100|[from] Stealth Rock\n|cant|p1a: Torkoal|slp\n|\n|-weather|SunnyDay|[upkeep]\n|upkeep\n|turn|13\n|\n|t:|1595758025\n|switch|p1a: Clefable|Clefable, M|100\/100\n|move|p2a: Urshifu|Wicked Blow|p1a: Clefable\n|-resisted|p1a: Clefable\n|-crit|p1a: Clefable\n|-damage|p1a: Clefable|65\/100\n|\n|-weather|SunnyDay|[upkeep]\n|-heal|p1a: Clefable|72\/100|[from] item: Leftovers\n|upkeep\n|turn|14\n|\n|t:|1595758033\n|move|p2a: Urshifu|Wicked Blow|p1a: Clefable\n|-resisted|p1a: Clefable\n|-crit|p1a: Clefable\n|-damage|p1a: Clefable|38\/100\n|move|p1a: Clefable|Teleport|p1a: Clefable\n|j| iarim\n|\n|t:|1595758042\n|switch|p1a: Cinderace|Cinderace, M, shiny|51\/100|[from]move: Teleport\n|-damage|p1a: Cinderace|26\/100|[from] Stealth Rock\n|\n|-weather|SunnyDay|[upkeep]\n|upkeep\n|turn|15\n|\n|t:|1595758064\n|switch|p2a: Mandibuzz|Mandibuzz, F|100\/100\n|move|p1a: Cinderace|Pyro Ball|p2a: Mandibuzz\n|-damage|p2a: Mandibuzz|46\/100\n|-damage|p1a: Cinderace|16\/100|[from] item: Life Orb\n|\n|-weather|none\n|upkeep\n|turn|16\n|\n|t:|1595758071\n|switch|p1a: Clefable|Clefable, M|38\/100\n|move|p2a: Mandibuzz|Roost|p2a: Mandibuzz\n|-heal|p2a: Mandibuzz|96\/100\n|-singleturn|p2a: Mandibuzz|move: Roost\n|\n|-heal|p1a: Clefable|44\/100|[from] item: Leftovers\n|upkeep\n|turn|17\n|\n|t:|1595758075\n|move|p2a: Mandibuzz|U-turn|p1a: Clefable\n|-resisted|p1a: Clefable\n|-damage|p1a: Clefable|40\/100\n|\n|t:|1595758078\n|switch|p2a: Gengar|Gengar, M|88\/100|[from]move: U-turn\n|-damage|p2a: Gengar|76\/100|[from] Stealth Rock\n|move|p1a: Clefable|Wish|p1a: Clefable\n|\n|-heal|p1a: Clefable|46\/100|[from] item: Leftovers\n|upkeep\n|turn|18\n|\n|t:|1595758090\n|switch|p2a: Urshifu|Urshifu, F|94\/100\n|-damage|p2a: Urshifu|88\/100|[from] Stealth Rock\n|move|p1a: Clefable|Protect||[still]\n|-fail|p1a: Clefable\n|\n|-heal|p1a: Clefable|96\/100|[from] move: Wish|[wisher] Clefable\n|-heal|p1a: Clefable|100\/100|[from] item: Leftovers\n|upkeep\n|turn|19\n|\n|t:|1595758104\n|switch|p2a: Volcarona|Volcarona, F|100\/100\n|move|p1a: Clefable|Moonblast|p2a: Volcarona\n|-resisted|p2a: Volcarona\n|-damage|p2a: Volcarona|86\/100\n|\n|upkeep\n|turn|20\n|\n|t:|1595758109\n|move|p2a: Volcarona|Fiery Dance|p1a: Clefable\n|-damage|p1a: Clefable|65\/100\n|move|p1a: Clefable|Wish|p1a: Clefable\n|\n|-heal|p1a: Clefable|71\/100|[from] item: Leftovers\n|upkeep\n|turn|21\n|\n|t:|1595758119\n|switch|p1a: Gastrodon|Gastrodon-East, F|100\/100\n|-damage|p1a: Gastrodon|94\/100|[from] Stealth Rock\n|move|p2a: Volcarona|Quiver Dance|p2a: Volcarona\n|-boost|p2a: Volcarona|spa|1\n|-boost|p2a: Volcarona|spd|1\n|-boost|p2a: Volcarona|spe|1\n|\n|-heal|p1a: Gastrodon|100\/100|[from] move: Wish|[wisher] Clefable\n|upkeep\n|turn|22\n|\n|t:|1595758127\n|switch|p2a: Amoonguss|Amoonguss, M|100\/100\n|-damage|p2a: Amoonguss|88\/100|[from] Stealth Rock\n|move|p1a: Gastrodon|Toxic|p2a: Amoonguss\n|-immune|p2a: Amoonguss\n|\n|-heal|p2a: Amoonguss|94\/100|[from] item: Black Sludge\n|upkeep\n|turn|23\n|\n|t:|1595758140\n|switch|p1a: Torkoal|Torkoal, M|97\/100 slp\n|-weather|SunnyDay|[from] ability: Drought|[of] p1a: Torkoal\n|switch|p2a: Urshifu|Urshifu, F|88\/100\n|-damage|p2a: Urshifu|82\/100|[from] Stealth Rock\n|\n|-weather|SunnyDay|[upkeep]\n|upkeep\n|turn|24\n|\n|t:|1595758145\n|switch|p1a: Clefable|Clefable, M|71\/100\n|move|p2a: Urshifu|Wicked Blow|p1a: Clefable\n|-resisted|p1a: Clefable\n|-crit|p1a: Clefable\n|-damage|p1a: Clefable|33\/100\n|\n|-weather|SunnyDay|[upkeep]\n|-heal|p1a: Clefable|39\/100|[from] item: Leftovers\n|upkeep\n|turn|25\n|\n|t:|1595758157\n|move|p2a: Urshifu|Wicked Blow|p1a: Clefable\n|-resisted|p1a: Clefable\n|-crit|p1a: Clefable\n|-damage|p1a: Clefable|6\/100\n|move|p1a: Clefable|Wish|p1a: Clefable\n|\n|-weather|SunnyDay|[upkeep]\n|-heal|p1a: Clefable|12\/100|[from] item: Leftovers\n|upkeep\n|turn|26\n|\n|t:|1595758170\n|move|p2a: Urshifu|Wicked Blow|p1a: Clefable\n|-resisted|p1a: Clefable\n|-crit|p1a: Clefable\n|-damage|p1a: Clefable|0 fnt\n|faint|p1a: Clefable\n|\n|-weather|SunnyDay|[upkeep]\n|upkeep\n|\n|t:|1595758177\n|switch|p1a: Talonflame|Talonflame, F|100\/100\n|-damage|p1a: Talonflame|51\/100|[from] Stealth Rock\n|turn|27\n|j| xxxaaaxxx\n|\n|t:|1595758183\n|switch|p2a: Mandibuzz|Mandibuzz, F|96\/100\n|move|p1a: Talonflame|Flare Blitz|p2a: Mandibuzz\n|-damage|p2a: Mandibuzz|32\/100\n|-damage|p1a: Talonflame|21\/100|[from] Recoil\n|\n|-weather|none\n|upkeep\n|turn|28\n|\n|t:|1595758187\n|move|p1a: Talonflame|Flare Blitz|p2a: Mandibuzz\n|-damage|p2a: Mandibuzz|0 fnt\n|-damage|p1a: Talonflame|6\/100|[from] Recoil\n|faint|p2a: Mandibuzz\n|\n|upkeep\n|\n|t:|1595758195\n|switch|p2a: Gengar|Gengar, M|76\/100\n|-damage|p2a: Gengar|64\/100|[from] Stealth Rock\n|turn|29\n|\n|t:|1595758202\n|switch|p1a: Gastrodon|Gastrodon-East, F|100\/100\n|-damage|p1a: Gastrodon|94\/100|[from] Stealth Rock\n|move|p2a: Gengar|Shadow Ball|p1a: Gastrodon\n|-damage|p1a: Gastrodon|66\/100\n|\n|-heal|p1a: Gastrodon|72\/100|[from] item: Leftovers\n|upkeep\n|turn|30\n|\n|t:|1595758206\n|switch|p2a: Chansey|Chansey, F|77\/100\n|-damage|p2a: Chansey|64\/100|[from] Stealth Rock\n|switch|p1a: Torkoal|Torkoal, M|97\/100 slp\n|-weather|SunnyDay|[from] ability: Drought|[of] p1a: Torkoal\n|\n|-weather|SunnyDay|[upkeep]\n|upkeep\n|turn|31\n|\n|t:|1595758210\n|-curestatus|p1a: Torkoal|slp|[msg]\n|move|p1a: Torkoal|Rapid Spin|p2a: Chansey\n|-damage|p2a: Chansey|59\/100\n|-boost|p1a: Torkoal|spe|1\n|-sideend|p1: Commando 55|Stealth Rock|[from] move: Rapid Spin|[of] p1a: Torkoal\n|move|p2a: Chansey|Teleport|p2a: Chansey\n|\n|t:|1595758220\n|switch|p2a: Volcarona|Volcarona, F|86\/100|[from]move: Teleport\n|\n|-weather|SunnyDay|[upkeep]\n|upkeep\n|turn|32\n|\n|t:|1595758225\n|switch|p1a: Gastrodon|Gastrodon-East, F|72\/100\n|move|p2a: Volcarona|Fiery Dance|p1a: Gastrodon\n|-resisted|p1a: Gastrodon\n|-damage|p1a: Gastrodon|52\/100\n|-boost|p2a: Volcarona|spa|1\n|\n|-weather|SunnyDay|[upkeep]\n|-heal|p1a: Gastrodon|58\/100|[from] item: Leftovers\n|upkeep\n|turn|33\n|\n|t:|1595758242\n|switch|p1a: Talonflame|Talonflame, F|6\/100\n|move|p2a: Volcarona|Psychic|p1a: Talonflame\n|-damage|p1a: Talonflame|0 fnt\n|faint|p1a: Talonflame\n|\n|-weather|SunnyDay|[upkeep]\n|upkeep\n|\n|t:|1595758246\n|switch|p1a: Cinderace|Cinderace, M, shiny|16\/100\n|turn|34\n|j| Bull or Bear\n|\n|t:|1595758262\n|switch|p2a: Amoonguss|Amoonguss, M|100\/100\n|-damage|p2a: Amoonguss|88\/100|[from] Stealth Rock\n|move|p1a: Cinderace|Pyro Ball|p2a: Amoonguss\n|-supereffective|p2a: Amoonguss\n|-damage|p2a: Amoonguss|0 fnt\n|-damage|p1a: Cinderace|6\/100|[from] item: Life Orb\n|faint|p2a: Amoonguss\n|\n|-weather|none\n|upkeep\n|\n|t:|1595758269\n|switch|p2a: Gengar|Gengar, M|64\/100\n|-damage|p2a: Gengar|51\/100|[from] Stealth Rock\n|turn|35\n|\n|t:|1595758280\n|switch|p1a: Gastrodon|Gastrodon-East, F|58\/100\n|move|p2a: Gengar|Shadow Ball|p1a: Gastrodon\n|-damage|p1a: Gastrodon|31\/100\n|\n|-heal|p1a: Gastrodon|37\/100|[from] item: Leftovers\n|upkeep\n|turn|36\n|\n|t:|1595758287\n|move|p2a: Gengar|Shadow Ball|p1a: Gastrodon\n|-damage|p1a: Gastrodon|10\/100\n|move|p1a: Gastrodon|Recover|p1a: Gastrodon\n|-heal|p1a: Gastrodon|60\/100\n|\n|-heal|p1a: Gastrodon|66\/100|[from] item: Leftovers\n|upkeep\n|turn|37\n|\n|t:|1595758294\n|switch|p2a: Urshifu|Urshifu, F|82\/100\n|-damage|p2a: Urshifu|76\/100|[from] Stealth Rock\n|move|p1a: Gastrodon|Earth Power|p2a: Urshifu\n|-damage|p2a: Urshifu|30\/100\n|\n|-heal|p1a: Gastrodon|73\/100|[from] item: Leftovers\n|upkeep\n|turn|38\n|\n|t:|1595758311\n|switch|p1a: Rotom|Rotom-Mow|100\/100\n|move|p2a: Urshifu|Wicked Blow|p1a: Rotom\n|-crit|p1a: Rotom\n|-damage|p1a: Rotom|7\/100\n|\n|-heal|p1a: Rotom|13\/100|[from] item: Leftovers\n|upkeep\n|turn|39\n|\n|t:|1595758319\n|move|p2a: Urshifu|Wicked Blow|p1a: Rotom\n|-crit|p1a: Rotom\n|-damage|p1a: Rotom|0 fnt\n|faint|p1a: Rotom\n|\n|upkeep\n|\n|t:|1595758329\n|switch|p1a: Torkoal|Torkoal, M|97\/100\n|-weather|SunnyDay|[from] ability: Drought|[of] p1a: Torkoal\n|turn|40\n|\n|t:|1595758341\n|switch|p2a: Chansey|Chansey, F|59\/100\n|-damage|p2a: Chansey|47\/100|[from] Stealth Rock\n|switch|p1a: Cinderace|Cinderace, M, shiny|6\/100\n|\n|-weather|SunnyDay|[upkeep]\n|upkeep\n|turn|41\n|j| Tanganui\n|inactive|Shootingwolf has 120 seconds left.\n|l| iarim\n|inactive|Commando 55 has 120 seconds left.\n|j| Kaga hight iq\n|l|\u2606Commando 55\n|inactive|Commando 55 disconnected and has a minute to reconnect!\n|player|p1|\n|j|\u2606Commando 55\n|inactive|Commando 55 reconnected and has 95 seconds left.\n|player|p1|Commando 55|iris-gen5bw2\n|inactive|Commando 55 has 90 seconds left.\n|l| Bull or Bear\n|\n|t:|1595758422\n|switch|p2a: Gengar|Gengar, M|51\/100\n|-damage|p2a: Gengar|39\/100|[from] Stealth Rock\n|move|p1a: Cinderace|Pyro Ball|p2a: Gengar|[miss]\n|-miss|p1a: Cinderace|p2a: Gengar\n|\n|-weather|SunnyDay|[upkeep]\n|upkeep\n|turn|42\n|inactive|Commando 55 has 90 seconds left.\n|inactive|Shootingwolf has 120 seconds left.\n|\n|t:|1595758429\n|switch|p1a: Gastrodon|Gastrodon-East, F|73\/100\n|move|p2a: Gengar|Shadow Ball|p1a: Gastrodon\n|-damage|p1a: Gastrodon|43\/100\n|-unboost|p1a: Gastrodon|spd|1\n|\n|-weather|SunnyDay|[upkeep]\n|-heal|p1a: Gastrodon|50\/100|[from] item: Leftovers\n|upkeep\n|turn|43\n|l| Tanganui\n|\n|t:|1595758434\n|move|p2a: Gengar|Shadow Ball|p1a: Gastrodon\n|-damage|p1a: Gastrodon|11\/100\n|move|p1a: Gastrodon|Recover|p1a: Gastrodon\n|-heal|p1a: Gastrodon|61\/100\n|\n|-weather|SunnyDay|[upkeep]\n|-heal|p1a: Gastrodon|67\/100|[from] item: Leftovers\n|upkeep\n|turn|44\n|\n|t:|1595758442\n|move|p2a: Gengar|Shadow Ball|p1a: Gastrodon\n|-damage|p1a: Gastrodon|29\/100\n|move|p1a: Gastrodon|Recover|p1a: Gastrodon\n|-heal|p1a: Gastrodon|79\/100\n|\n|-weather|none\n|-heal|p1a: Gastrodon|85\/100|[from] item: Leftovers\n|upkeep\n|turn|45\n|\n|t:|1595758447\n|move|p2a: Gengar|Shadow Ball|p1a: Gastrodon\n|-damage|p1a: Gastrodon|41\/100\n|move|p1a: Gastrodon|Recover|p1a: Gastrodon\n|-heal|p1a: Gastrodon|91\/100\n|\n|-heal|p1a: Gastrodon|97\/100|[from] item: Leftovers\n|upkeep\n|turn|46\n|\n|t:|1595758454\n|move|p2a: Gengar|Shadow Ball|p1a: Gastrodon\n|-damage|p1a: Gastrodon|57\/100\n|-unboost|p1a: Gastrodon|spd|1\n|move|p1a: Gastrodon|Earth Power|p2a: Gengar\n|-supereffective|p2a: Gengar\n|-damage|p2a: Gengar|0 fnt\n|faint|p2a: Gengar\n|\n|-heal|p1a: Gastrodon|63\/100|[from] item: Leftovers\n|upkeep\n|\n|t:|1595758461\n|switch|p2a: Volcarona|Volcarona, F|86\/100\n|turn|47\n|inactive|Commando 55 has 120 seconds left.\n|\n|t:|1595758481\n|move|p2a: Volcarona|Quiver Dance|p2a: Volcarona\n|-boost|p2a: Volcarona|spa|1\n|-boost|p2a: Volcarona|spd|1\n|-boost|p2a: Volcarona|spe|1\n|move|p1a: Gastrodon|Toxic|p2a: Volcarona\n|-status|p2a: Volcarona|tox\n|\n|-heal|p1a: Gastrodon|69\/100|[from] item: Leftovers\n|-damage|p2a: Volcarona|79\/100 tox|[from] psn\n|upkeep\n|turn|48\n|\n|t:|1595758492\n|switch|p1a: Cinderace|Cinderace, M, shiny|6\/100\n|move|p2a: Volcarona|Fiery Dance|p1a: Cinderace\n|-resisted|p1a: Cinderace\n|-damage|p1a: Cinderace|0 fnt\n|faint|p1a: Cinderace\n|\n|-damage|p2a: Volcarona|67\/100 tox|[from] psn\n|upkeep\n|\n|t:|1595758495\n|switch|p1a: Gastrodon|Gastrodon-East, F|69\/100\n|turn|49\n|\n|t:|1595758500\n|move|p2a: Volcarona|Quiver Dance|p2a: Volcarona\n|-boost|p2a: Volcarona|spa|1\n|-boost|p2a: Volcarona|spd|1\n|-boost|p2a: Volcarona|spe|1\n|move|p1a: Gastrodon|Recover|p1a: Gastrodon\n|-heal|p1a: Gastrodon|100\/100\n|\n|-damage|p2a: Volcarona|49\/100 tox|[from] psn\n|upkeep\n|turn|50\n|j| Culamen\n|inactive|Commando 55 has 120 seconds left.\n|inactive|Commando 55 has 90 seconds left.\n|\n|t:|1595758561\n|move|p2a: Volcarona|Roost|p2a: Volcarona\n|-heal|p2a: Volcarona|99\/100 tox\n|-singleturn|p2a: Volcarona|move: Roost\n|move|p1a: Gastrodon|Recover||[still]\n|-fail|p1a: Gastrodon|heal\n|\n|-damage|p2a: Volcarona|75\/100 tox|[from] psn\n|upkeep\n|turn|51\n|\n|t:|1595758573\n|move|p2a: Volcarona|Psychic|p1a: Gastrodon\n|-damage|p1a: Gastrodon|62\/100\n|move|p1a: Gastrodon|Scald|p2a: Volcarona\n|-supereffective|p2a: Volcarona\n|-damage|p2a: Volcarona|48\/100 tox\n|\n|-heal|p1a: Gastrodon|68\/100|[from] item: Leftovers\n|-damage|p2a: Volcarona|18\/100 tox|[from] psn\n|upkeep\n|turn|52\n|\n|t:|1595758584\n|move|p2a: Volcarona|Psychic|p1a: Gastrodon\n|-damage|p1a: Gastrodon|33\/100\n|move|p1a: Gastrodon|Recover|p1a: Gastrodon\n|-heal|p1a: Gastrodon|83\/100\n|\n|-heal|p1a: Gastrodon|89\/100|[from] item: Leftovers\n|-damage|p2a: Volcarona|0 fnt|[from] psn\n|faint|p2a: Volcarona\n|upkeep\n|\n|t:|1595758587\n|switch|p2a: Chansey|Chansey, F|47\/100\n|-damage|p2a: Chansey|35\/100|[from] Stealth Rock\n|turn|53\n|\n|t:|1595758607\n|move|p2a: Chansey|Soft-Boiled|p2a: Chansey\n|-heal|p2a: Chansey|85\/100\n|move|p1a: Gastrodon|Toxic|p2a: Chansey\n|-status|p2a: Chansey|tox\n|\n|-heal|p1a: Gastrodon|95\/100|[from] item: Leftovers\n|-damage|p2a: Chansey|79\/100 tox|[from] psn\n|upkeep\n|turn|54\n|\n|t:|1595758614\n|move|p2a: Chansey|Seismic Toss|p1a: Gastrodon\n|-damage|p1a: Gastrodon|71\/100\n|move|p1a: Gastrodon|Earth Power|p2a: Chansey\n|-damage|p2a: Chansey|69\/100 tox\n|\n|-heal|p1a: Gastrodon|77\/100|[from] item: Leftovers\n|-damage|p2a: Chansey|57\/100 tox|[from] psn\n|upkeep\n|turn|55\n|inactive|Commando 55 has 90 seconds left.\n|\n|t:|1595758640\n|move|p1a: Gastrodon|Recover|p1a: Gastrodon\n|-heal|p1a: Gastrodon|100\/100\n|move|p2a: Chansey|Teleport|p2a: Chansey\n|\n|t:|1595758642\n|-curestatus|p2a: Chansey|tox|[from] ability: Natural Cure\n|switch|p2a: Urshifu|Urshifu, F|30\/100|[from]move: Teleport\n|-damage|p2a: Urshifu|24\/100|[from] Stealth Rock\n|\n|upkeep\n|turn|56\n|\n|t:|1595758654\n|move|p2a: Urshifu|Close Combat|p1a: Gastrodon\n|-damage|p1a: Gastrodon|0 fnt\n|-unboost|p2a: Urshifu|def|1\n|-unboost|p2a: Urshifu|spd|1\n|faint|p1a: Gastrodon\n|\n|upkeep\n|\n|t:|1595758657\n|switch|p1a: Torkoal|Torkoal, M|97\/100\n|-weather|SunnyDay|[from] ability: Drought|[of] p1a: Torkoal\n|turn|57\n|j| jefo\n|j| egamhcrA\n|c| jefo|hey\n|\n|t:|1595758662\n|move|p2a: Urshifu|Close Combat|p1a: Torkoal\n|-damage|p1a: Torkoal|43\/100\n|-unboost|p2a: Urshifu|def|1\n|-unboost|p2a: Urshifu|spd|1\n|move|p1a: Torkoal|Lava Plume|p2a: Urshifu\n|-damage|p2a: Urshifu|0 fnt\n|faint|p2a: Urshifu\n|\n|-weather|SunnyDay|[upkeep]\n|upkeep\n|c| jefo|ban mag\n|\n|t:|1595758666\n|switch|p2a: Chansey|Chansey, F|57\/100\n|-damage|p2a: Chansey|45\/100|[from] Stealth Rock\n|turn|58\n|\n|t:|1595758669\n|move|p2a: Chansey|Soft-Boiled|p2a: Chansey\n|-heal|p2a: Chansey|95\/100\n|move|p1a: Torkoal|Yawn|p2a: Chansey\n|-start|p2a: Chansey|move: Yawn|[of] p1a: Torkoal\n|\n|-weather|SunnyDay|[upkeep]\n|upkeep\n|turn|59\n|\n|t:|1595758673\n|move|p2a: Chansey|Seismic Toss|p1a: Torkoal\n|-damage|p1a: Torkoal|14\/100\n|move|p1a: Torkoal|Rapid Spin|p2a: Chansey\n|-damage|p2a: Chansey|89\/100\n|-boost|p1a: Torkoal|spe|1\n|\n|-weather|SunnyDay|[upkeep]\n|-end|p2a: Chansey|move: Yawn|[silent]\n|-status|p2a: Chansey|slp\n|upkeep\n|turn|60\n|\n|t:|1595758677\n|cant|p2a: Chansey|slp\n|move|p1a: Torkoal|Rapid Spin|p2a: Chansey\n|-damage|p2a: Chansey|84\/100 slp\n|-boost|p1a: Torkoal|spe|1\n|\n|-weather|SunnyDay|[upkeep]\n|upkeep\n|turn|61\n|\n|t:|1595758680\n|move|p1a: Torkoal|Lava Plume|p2a: Chansey\n|-damage|p2a: Chansey|73\/100 slp\n|cant|p2a: Chansey|slp\n|\n|-weather|none\n|upkeep\n|turn|62\n|\n|t:|1595758684\n|move|p1a: Torkoal|Lava Plume|p2a: Chansey\n|-damage|p2a: Chansey|66\/100 slp\n|-curestatus|p2a: Chansey|slp|[msg]\n|move|p2a: Chansey|Seismic Toss|p1a: Torkoal\n|-damage|p1a: Torkoal|0 fnt\n|faint|p1a: Torkoal\n|\n|win|Shootingwolf\n|c| xxxaaaxxx|lol no reason to ban mag\n|l| jefo\n|l|\u2606Commando 55\n|raw|Commando 55's rating: 1822 &rarr; <strong>1797<\/strong><br \/>(-25 for losing)\n|raw|Shootingwolf's rating: 1722 &rarr; <strong>1747<\/strong><br \/>(+25 for winning)\n","uploadtime":1595758687,"views":147,"p1id":"commando55","p2id":"shootingwolf","formatid":"gen8ou","rating":1747,"private":0,"password":null}