{"id":"gen8ou-1621723599","p1":"magical gohda chef","p2":"Makuryu","format":"gen8ou","log":"|j|\u2606magical gohda chef\n|j|\u2606Makuryu\n|t:|1658360652\n|gametype|singles\n|player|p1|magical gohda chef|harlequin|1646\n|player|p2|Makuryu|koga|1692\n|teamsize|p1|6\n|teamsize|p2|6\n|gen|8\n|tier|[Gen 8] OU\n|rated|\n|rule|Sleep Clause Mod: Limit one foe put to sleep\n|rule|Species Clause: Limit one of each Pok\u00e9mon\n|rule|OHKO Clause: OHKO moves are banned\n|rule|Evasion Moves Clause: Evasion moves are banned\n|rule|Endless Battle Clause: Forcing endless battles is banned\n|rule|HP Percentage Mod: HP is shown in percentages\n|rule|Dynamax Clause: You cannot dynamax\n|clearpoke\n|poke|p1|Toxtricity, F|\n|poke|p1|Blacephalon|\n|poke|p1|Landorus-Therian, M|\n|poke|p1|Dragapult, F|\n|poke|p1|Tyranitar, M|\n|poke|p1|Corviknight, M|\n|poke|p2|Landorus-Therian, M|\n|poke|p2|Tapu Lele|\n|poke|p2|Magnezone|\n|poke|p2|Kartana|\n|poke|p2|Dragonite, F|\n|poke|p2|Weavile, M|\n|teampreview\n|inactive|Battle timer is ON: inactive players will automatically lose when time's up. (requested by magical gohda chef)\n|\n|t:|1658360662\n|start\n|switch|p1a: Landorus|Landorus-Therian, M|100\/100\n|switch|p2a: Landorus|Landorus-Therian, M|100\/100\n|-ability|p2a: Landorus|Intimidate|boost\n|-unboost|p1a: Landorus|atk|1\n|-ability|p1a: Landorus|Intimidate|boost\n|-unboost|p2a: Landorus|atk|1\n|turn|1\n|\n|t:|1658360669\n|move|p2a: Landorus|Stealth Rock|p1a: Landorus\n|-sidestart|p1: magical gohda chef|move: Stealth Rock\n|move|p1a: Landorus|Stealth Rock|p2a: Landorus\n|-sidestart|p2: Makuryu|move: Stealth Rock\n|\n|upkeep\n|turn|2\n|\n|t:|1658360673\n|move|p2a: Landorus|Toxic|p1a: Landorus\n|-status|p1a: Landorus|tox\n|move|p1a: Landorus|U-turn|p2a: Landorus\n|-resisted|p2a: Landorus\n|-damage|p2a: Landorus|94\/100\n|\n|t:|1658360694\n|switch|p1a: Corviknight|Corviknight, M|100\/100|[from]move: U-turn\n|-damage|p1a: Corviknight|88\/100|[from] Stealth Rock\n|-ability|p1a: Corviknight|Pressure\n|\n|-heal|p2a: Landorus|99\/100|[from] item: Leftovers\n|upkeep\n|turn|3\n|j| ChristianBeThatGuy\n|\n|t:|1658360701\n|switch|p2a: Magnezone|Magnezone|100\/100\n|-damage|p2a: Magnezone|94\/100|[from] Stealth Rock\n|move|p1a: Corviknight|U-turn|p2a: Magnezone\n|-resisted|p2a: Magnezone\n|-damage|p2a: Magnezone|88\/100\n|\n|t:|1658360712\n|switch|p1a: Landorus|Landorus-Therian, M|100\/100 tox|[from]move: U-turn\n|-ability|p1a: Landorus|Intimidate|boost\n|-unboost|p2a: Magnezone|atk|1\n|\n|-damage|p1a: Landorus|94\/100 tox|[from] psn\n|upkeep\n|turn|4\n|\n|t:|1658360721\n|move|p2a: Magnezone|Body Press|p1a: Landorus\n|-resisted|p1a: Landorus\n|-damage|p1a: Landorus|81\/100 tox\n|move|p1a: Landorus|Knock Off|p2a: Magnezone\n|-damage|p2a: Magnezone|61\/100\n|-enditem|p2a: Magnezone|Chople Berry|[from] move: Knock Off|[of] p1a: Landorus\n|\n|-damage|p1a: Landorus|69\/100 tox|[from] psn\n|upkeep\n|turn|5\n|\n|t:|1658360729\n|move|p2a: Magnezone|Magnet Rise|p2a: Magnezone\n|-start|p2a: Magnezone|Magnet Rise\n|move|p1a: Landorus|U-turn|p2a: Magnezone\n|-resisted|p2a: Magnezone\n|-damage|p2a: Magnezone|51\/100\n|\n|t:|1658360736\n|switch|p1a: Dragapult|Dragapult, F|100\/100|[from]move: U-turn\n|-damage|p1a: Dragapult|88\/100|[from] Stealth Rock\n|\n|upkeep\n|turn|6\n|\n|t:|1658360741\n|move|p1a: Dragapult|Shadow Ball|p2a: Magnezone\n|-damage|p2a: Magnezone|0 fnt\n|faint|p2a: Magnezone\n|\n|upkeep\n|\n|t:|1658360745\n|switch|p2a: Weavile|Weavile, M|100\/100\n|-ability|p2a: Weavile|Pressure\n|turn|7\n|\n|t:|1658360750\n|switch|p1a: Corviknight|Corviknight, M|88\/100\n|-damage|p1a: Corviknight|76\/100|[from] Stealth Rock\n|-ability|p1a: Corviknight|Pressure\n|move|p2a: Weavile|Knock Off|p1a: Corviknight\n|-damage|p1a: Corviknight|46\/100\n|-damage|p2a: Weavile|84\/100|[from] item: Rocky Helmet|[of] p1a: Corviknight\n|-enditem|p1a: Corviknight|Rocky Helmet|[from] move: Knock Off|[of] p2a: Weavile\n|\n|upkeep\n|turn|8\n|l| ChristianBeThatGuy\n|\n|t:|1658360763\n|move|p2a: Weavile|Triple Axel|p1a: Corviknight|[miss]\n|-miss|p2a: Weavile|p1a: Corviknight\n|move|p1a: Corviknight|Roost|p1a: Corviknight\n|-heal|p1a: Corviknight|96\/100\n|-singleturn|p1a: Corviknight|move: Roost\n|\n|upkeep\n|turn|9\n|\n|t:|1658360770\n|move|p2a: Weavile|Triple Axel|p1a: Corviknight\n|-damage|p1a: Corviknight|90\/100\n|-damage|p1a: Corviknight|77\/100\n|-damage|p1a: Corviknight|59\/100\n|-hitcount|p1a: Corviknight|3\n|move|p1a: Corviknight|Body Press|p2a: Weavile\n|-supereffective|p2a: Weavile\n|-damage|p2a: Weavile|0 fnt\n|faint|p2a: Weavile\n|\n|upkeep\n|\n|t:|1658360781\n|switch|p2a: Tapu Lele|Tapu Lele|100\/100\n|-damage|p2a: Tapu Lele|88\/100|[from] Stealth Rock\n|-fieldstart|move: Psychic Terrain|[from] ability: Psychic Surge|[of] p2a: Tapu Lele\n|turn|10\n|\n|t:|1658360790\n|switch|p1a: Toxtricity|Toxtricity, F|100\/100\n|-damage|p1a: Toxtricity|88\/100|[from] Stealth Rock\n|move|p2a: Tapu Lele|Future Sight|p1a: Toxtricity\n|-start|p2a: Tapu Lele|move: Future Sight\n|\n|upkeep\n|turn|11\n|\n|t:|1658360796\n|switch|p2a: Landorus|Landorus-Therian, M|99\/100\n|-damage|p2a: Landorus|88\/100|[from] Stealth Rock\n|-ability|p2a: Landorus|Intimidate|boost\n|-unboost|p1a: Toxtricity|atk|1\n|move|p1a: Toxtricity|Boomburst|p2a: Landorus\n|-damage|p2a: Landorus|17\/100\n|\n|-heal|p2a: Landorus|23\/100|[from] item: Leftovers\n|upkeep\n|turn|12\n|\n|t:|1658360805\n|move|p1a: Toxtricity|Boomburst|p2a: Landorus\n|-damage|p2a: Landorus|0 fnt\n|faint|p2a: Landorus\n|\n|-end|p1a: Toxtricity|move: Future Sight\n|-supereffective|p1a: Toxtricity\n|-damage|p1a: Toxtricity|0 fnt\n|faint|p1a: Toxtricity\n|upkeep\n|\n|t:|1658360815\n|switch|p1a: Dragapult|Dragapult, F|88\/100\n|switch|p2a: Tapu Lele|Tapu Lele|88\/100\n|-damage|p1a: Dragapult|76\/100|[from] Stealth Rock\n|-damage|p2a: Tapu Lele|76\/100|[from] Stealth Rock\n|turn|13\n|\n|t:|1658360821\n|move|p1a: Dragapult|Shadow Ball|p2a: Tapu Lele\n|-supereffective|p2a: Tapu Lele\n|-damage|p2a: Tapu Lele|0 fnt\n|faint|p2a: Tapu Lele\n|\n|upkeep\n|\n|t:|1658360826\n|switch|p2a: Dragonite|Dragonite, F|100\/100\n|turn|14\n|\n|t:|1658360830\n|switch|p1a: Tyranitar|Tyranitar, M|100\/100\n|-damage|p1a: Tyranitar|88\/100|[from] Stealth Rock\n|-weather|Sandstorm|[from] ability: Sand Stream|[of] p1a: Tyranitar\n|move|p2a: Dragonite|Dragon Dance|p2a: Dragonite\n|-boost|p2a: Dragonite|atk|1\n|-boost|p2a: Dragonite|spe|1\n|\n|-weather|Sandstorm|[upkeep]\n|-damage|p2a: Dragonite|94\/100|[from] Sandstorm\n|-fieldend|move: Psychic Terrain\n|upkeep\n|turn|15\n|\n|t:|1658360840\n|move|p2a: Dragonite|Earthquake|p1a: Tyranitar\n|-supereffective|p1a: Tyranitar\n|-damage|p1a: Tyranitar|0 fnt\n|faint|p1a: Tyranitar\n|\n|-weather|Sandstorm|[upkeep]\n|-damage|p2a: Dragonite|88\/100|[from] Sandstorm\n|upkeep\n|\n|t:|1658360851\n|switch|p1a: Blacephalon|Blacephalon|100\/100\n|-damage|p1a: Blacephalon|76\/100|[from] Stealth Rock\n|turn|16\n|\n|t:|1658360855\n|move|p1a: Blacephalon|Trick|p2a: Dragonite\n|-activate|p1a: Blacephalon|move: Trick|[of] p2a: Dragonite\n|-item|p2a: Dragonite|Choice Scarf|[from] move: Trick\n|-item|p1a: Blacephalon|Heavy-Duty Boots|[from] move: Trick\n|move|p2a: Dragonite|Earthquake|p1a: Blacephalon\n|-supereffective|p1a: Blacephalon\n|-damage|p1a: Blacephalon|0 fnt\n|faint|p1a: Blacephalon\n|\n|-weather|Sandstorm|[upkeep]\n|-damage|p2a: Dragonite|82\/100|[from] Sandstorm\n|upkeep\n|\n|t:|1658360862\n|switch|p1a: Corviknight|Corviknight, M|59\/100\n|-damage|p1a: Corviknight|46\/100|[from] Stealth Rock\n|-ability|p1a: Corviknight|Pressure\n|turn|17\n|\n|t:|1658360867\n|switch|p2a: Kartana|Kartana|100\/100\n|-damage|p2a: Kartana|94\/100|[from] Stealth Rock\n|move|p1a: Corviknight|Roost|p1a: Corviknight\n|-heal|p1a: Corviknight|96\/100\n|-singleturn|p1a: Corviknight|move: Roost\n|\n|-weather|Sandstorm|[upkeep]\n|upkeep\n|turn|18\n|inactive|Makuryu has 120 seconds left.\n|inactive|Makuryu has 90 seconds left.\n|\n|t:|1658360929\n|move|p2a: Kartana|Knock Off|p1a: Corviknight\n|-damage|p1a: Corviknight|78\/100\n|move|p1a: Corviknight|Body Press|p2a: Kartana\n|-supereffective|p2a: Kartana\n|-damage|p2a: Kartana|34\/100\n|\n|-weather|none\n|upkeep\n|turn|19\n|-message|Makuryu forfeited.\n|\n|win|magical gohda chef\n|raw|magical gohda chef's rating: 1646 &rarr; <strong>1669<\/strong><br \/>(+23 for winning)\n|raw|Makuryu's rating: 1692 &rarr; <strong>1669<\/strong><br \/>(-23 for losing)\n|l|\u2606Makuryu\n||Ladder isn't responding, score probably updated but might not have (Request timeout).\n","uploadtime":1658360995,"views":71,"p1id":"magicalgohdachef","p2id":"makuryu","formatid":"gen8ou","rating":1669,"private":0,"password":null}