{"id":"gen8ou-1506653362","p1":"zhengxd","p2":"Sombra Diurna","format":"gen8ou","log":"|j|\u2606zhengxd\n|j|\u2606Sombra Diurna\n|t:|1644321790\n|gametype|singles\n|player|p1|zhengxd|265|1635\n|player|p2|Sombra Diurna|blue|1642\n|teamsize|p1|6\n|teamsize|p2|6\n|gen|8\n|tier|[Gen 8] OU\n|rated|\n|rule|Sleep Clause Mod: Limit one foe put to sleep\n|rule|Species Clause: Limit one of each Pok\u00e9mon\n|rule|OHKO Clause: OHKO moves are banned\n|rule|Evasion Moves Clause: Evasion moves are banned\n|rule|Endless Battle Clause: Forcing endless battles is banned\n|rule|HP Percentage Mod: HP is shown in percentages\n|rule|Dynamax Clause: You cannot dynamax\n|clearpoke\n|poke|p1|Tyranitar, M|\n|poke|p1|Blissey, F|\n|poke|p1|Heatran, F|\n|poke|p1|Buzzwole|\n|poke|p1|Urshifu-*, M|\n|poke|p1|Zeraora|\n|poke|p2|Marowak-Alola, M|\n|poke|p2|Slowbro, M|\n|poke|p2|Hatterene, F|\n|poke|p2|Garchomp, M|\n|poke|p2|Ferrothorn, M|\n|poke|p2|Drampa, M|\n|teampreview\n|inactive|Battle timer is ON: inactive players will automatically lose when time's up. (requested by zhengxd)\n|\n|t:|1644321802\n|start\n|switch|p1a: Urshifu|Urshifu-Rapid-Strike, M|100\/100\n|switch|p2a: Sharko|Garchomp, M|100\/100\n|turn|1\n|\n|t:|1644321809\n|switch|p2a: Sonso|Slowbro, M|100\/100\n|switch|p1a: Buzzwole|Buzzwole|100\/100\n|\n|upkeep\n|turn|2\n|j| zap4lyfe\n|\n|t:|1644321816\n|switch|p1a: Blissey|Blissey, F|100\/100\n|move|p2a: Sonso|Trick Room|p2a: Sonso\n|-fieldstart|move: Trick Room|[of] p2a: Sonso\n|\n|upkeep\n|turn|3\n|j| JoleneFreezu\n|\n|t:|1644321825\n|switch|p2a: Thorns|Ferrothorn, M|100\/100\n|move|p1a: Blissey|Stealth Rock|p2a: Thorns\n|-sidestart|p2: Sombra Diurna|move: Stealth Rock\n|\n|upkeep\n|turn|4\n|\n|t:|1644321832\n|switch|p1a: Heatran|Heatran, F|100\/100\n|move|p2a: Thorns|Stealth Rock|p1a: Heatran\n|-sidestart|p1: zhengxd|move: Stealth Rock\n|\n|upkeep\n|turn|5\n|\n|t:|1644321842\n|switch|p2a: Falkor|Drampa, M|100\/100\n|-damage|p2a: Falkor|88\/100|[from] Stealth Rock\n|move|p1a: Heatran|Magma Storm|p2a: Falkor\n|-resisted|p2a: Falkor\n|-damage|p2a: Falkor|65\/100\n|-activate|p2a: Falkor|move: Magma Storm|[of] p1a: Heatran\n|\n|-damage|p2a: Falkor|53\/100|[from] move: Magma Storm|[partiallytrapped]\n|upkeep\n|turn|6\n|\n|t:|1644321853\n|switch|p1a: Blissey|Blissey, F|100\/100\n|move|p2a: Falkor|Roost|p2a: Falkor\n|-heal|p2a: Falkor|100\/100\n|-singleturn|p2a: Falkor|move: Roost\n|\n|-end|p2a: Falkor|Magma Storm|[partiallytrapped]|[silent]\n|-fieldend|move: Trick Room\n|upkeep\n|turn|7\n|\n|t:|1644321864\n|switch|p1a: Urshifu|Urshifu-Rapid-Strike, M|100\/100\n|-damage|p1a: Urshifu|94\/100|[from] Stealth Rock\n|switch|p2a: Thorns|Ferrothorn, M|100\/100\n|-damage|p2a: Thorns|94\/100|[from] Stealth Rock\n|\n|upkeep\n|turn|8\n|\n|t:|1644321874\n|switch|p2a: Sonso|Slowbro, M|100\/100\n|-damage|p2a: Sonso|88\/100|[from] Stealth Rock\n|move|p1a: Urshifu|Close Combat|p2a: Sonso\n|-resisted|p2a: Sonso\n|-damage|p2a: Sonso|68\/100\n|-unboost|p1a: Urshifu|def|1\n|-unboost|p1a: Urshifu|spd|1\n|\n|upkeep\n|turn|9\n|\n|t:|1644321885\n|move|p1a: Urshifu|U-turn|p2a: Sonso\n|-supereffective|p2a: Sonso\n|-damage|p2a: Sonso|37\/100\n|\n|t:|1644321890\n|switch|p1a: Heatran|Heatran, F|100\/100|[from]move: U-turn\n|-damage|p1a: Heatran|88\/100|[from] Stealth Rock\n|move|p2a: Sonso|Trick Room|p2a: Sonso\n|-fieldstart|move: Trick Room|[of] p2a: Sonso\n|\n|-heal|p1a: Heatran|94\/100|[from] item: Leftovers\n|upkeep\n|turn|10\n|\n|t:|1644321898\n|switch|p2a: Falkor|Drampa, M|100\/100\n|-damage|p2a: Falkor|88\/100|[from] Stealth Rock\n|move|p1a: Heatran|Magma Storm|p2a: Falkor\n|-resisted|p2a: Falkor\n|-damage|p2a: Falkor|65\/100\n|-activate|p2a: Falkor|move: Magma Storm|[of] p1a: Heatran\n|\n|-heal|p1a: Heatran|100\/100|[from] item: Leftovers\n|-damage|p2a: Falkor|53\/100|[from] move: Magma Storm|[partiallytrapped]\n|upkeep\n|turn|11\n|\n|t:|1644321909\n|move|p2a: Falkor|Focus Blast|p1a: Heatran\n|-supereffective|p1a: Heatran\n|-crit|p1a: Heatran\n|-damage|p1a: Heatran|0 fnt\n|faint|p1a: Heatran\n|-damage|p2a: Falkor|43\/100|[from] item: Life Orb\n|\n|-end|p2a: Falkor|Magma Storm|[partiallytrapped]|[silent]\n|upkeep\n|\n|t:|1644321918\n|switch|p1a: Blissey|Blissey, F|100\/100\n|turn|12\n|j| Rattataboy2003\n|\n|t:|1644321922\n|move|p2a: Falkor|Roost|p2a: Falkor\n|-heal|p2a: Falkor|94\/100\n|-singleturn|p2a: Falkor|move: Roost\n|move|p1a: Blissey|Toxic|p2a: Falkor\n|-status|p2a: Falkor|tox\n|\n|-damage|p2a: Falkor|87\/100 tox|[from] psn\n|upkeep\n|turn|13\n|\n|t:|1644321937\n|switch|p2a: Thorns|Ferrothorn, M|94\/100\n|-damage|p2a: Thorns|88\/100|[from] Stealth Rock\n|move|p1a: Blissey|Seismic Toss|p2a: Thorns\n|-damage|p2a: Thorns|60\/100\n|-damage|p1a: Blissey|88\/100|[from] ability: Iron Barbs|[of] p2a: Thorns\n|\n|-fieldend|move: Trick Room\n|upkeep\n|turn|14\n|j| Jdiejsjdksk\n|\n|t:|1644321946\n|switch|p1a: Buzzwole|Buzzwole|100\/100\n|-damage|p1a: Buzzwole|88\/100|[from] Stealth Rock\n|move|p2a: Thorns|Leech Seed|p1a: Buzzwole\n|-start|p1a: Buzzwole|move: Leech Seed\n|\n|-damage|p1a: Buzzwole|76\/100|[from] Leech Seed|[of] p2a: Thorns\n|-heal|p2a: Thorns|72\/100|[silent]\n|upkeep\n|turn|15\n|\n|t:|1644321961\n|switch|p1a: Zeraora|Zeraora|100\/100\n|switch|p2a: Sonso|Slowbro, M|71\/100\n|-damage|p2a: Sonso|58\/100|[from] Stealth Rock\n|\n|upkeep\n|turn|16\n|\n|t:|1644321975\n|move|p1a: Zeraora|Knock Off|p2a: Sonso\n|-supereffective|p2a: Sonso\n|-enditem|p2a: Sonso|Colbur Berry|[eat]\n|-enditem|p2a: Sonso|Colbur Berry|[weaken]\n|-damage|p2a: Sonso|41\/100\n|move|p2a: Sonso|Trick Room|p2a: Sonso\n|-fieldstart|move: Trick Room|[of] p2a: Sonso\n|\n|upkeep\n|turn|17\n|\n|t:|1644321984\n|switch|p2a: Falkor|Drampa, M|87\/100 tox\n|-damage|p2a: Falkor|75\/100 tox|[from] Stealth Rock\n|move|p1a: Zeraora|Volt Switch|p2a: Falkor\n|-resisted|p2a: Falkor\n|-damage|p2a: Falkor|63\/100 tox\n|\n|t:|1644321993\n|switch|p1a: Blissey|Blissey, F|88\/100|[from]move: Volt Switch\n|\n|-damage|p2a: Falkor|57\/100 tox|[from] psn\n|upkeep\n|turn|18\n|\n|t:|1644322003\n|move|p2a: Falkor|Focus Blast|p1a: Blissey\n|-supereffective|p1a: Blissey\n|-damage|p1a: Blissey|51\/100\n|-damage|p2a: Falkor|47\/100 tox|[from] item: Life Orb\n|move|p1a: Blissey|Seismic Toss|p2a: Falkor\n|-damage|p2a: Falkor|19\/100 tox\n|\n|-damage|p2a: Falkor|7\/100 tox|[from] psn\n|upkeep\n|turn|19\n|\n|t:|1644322012\n|move|p2a: Falkor|Roost|p2a: Falkor\n|-heal|p2a: Falkor|57\/100 tox\n|-singleturn|p2a: Falkor|move: Roost\n|move|p1a: Blissey|Soft-Boiled|p1a: Blissey\n|-heal|p1a: Blissey|100\/100\n|\n|-damage|p2a: Falkor|39\/100 tox|[from] psn\n|upkeep\n|turn|20\n|\n|t:|1644322025\n|switch|p2a: Sonso|Slowbro, M|75\/100\n|-damage|p2a: Sonso|62\/100|[from] Stealth Rock\n|move|p1a: Blissey|Seismic Toss|p2a: Sonso\n|-damage|p2a: Sonso|37\/100\n|\n|-fieldend|move: Trick Room\n|upkeep\n|turn|21\n|\n|t:|1644322034\n|switch|p2a: Gorra|Hatterene, F, shiny|100\/100\n|-damage|p2a: Gorra|88\/100|[from] Stealth Rock\n|move|p1a: Blissey|Toxic|p2a: Gorra\n|move|p2a: Gorra|Toxic|p1a: Blissey|[from]ability: Magic Bounce\n|-status|p1a: Blissey|tox\n|\n|-damage|p1a: Blissey|94\/100 tox|[from] psn\n|upkeep\n|turn|22\n|\n|t:|1644322044\n|-curestatus|p1a: Blissey|tox|[from] ability: Natural Cure\n|switch|p1a: Tyranitar|Tyranitar, M|100\/100\n|-damage|p1a: Tyranitar|88\/100|[from] Stealth Rock\n|-weather|Sandstorm|[from] ability: Sand Stream|[of] p1a: Tyranitar\n|move|p2a: Gorra|Trick Room|p2a: Gorra\n|-fieldstart|move: Trick Room|[of] p2a: Gorra\n|\n|-weather|Sandstorm|[upkeep]\n|-damage|p2a: Gorra|82\/100|[from] Sandstorm\n|upkeep\n|turn|23\n|\n|t:|1644322055\n|switch|p2a: Thorns|Ferrothorn, M|72\/100\n|-damage|p2a: Thorns|66\/100|[from] Stealth Rock\n|switch|p1a: Blissey|Blissey, F|94\/100\n|\n|-weather|Sandstorm|[upkeep]\n|-damage|p1a: Blissey|88\/100|[from] Sandstorm\n|upkeep\n|turn|24\n|\n|t:|1644322072\n|switch|p1a: Buzzwole|Buzzwole|76\/100\n|-damage|p1a: Buzzwole|64\/100|[from] Stealth Rock\n|move|p2a: Thorns|Leech Seed|p1a: Buzzwole\n|-start|p1a: Buzzwole|move: Leech Seed\n|\n|-weather|Sandstorm|[upkeep]\n|-damage|p1a: Buzzwole|57\/100|[from] Sandstorm\n|-damage|p1a: Buzzwole|45\/100|[from] Leech Seed|[of] p2a: Thorns\n|-heal|p2a: Thorns|78\/100|[silent]\n|upkeep\n|turn|25\n|\n|t:|1644322092\n|switch|p2a: Falkor|Drampa, M|39\/100 tox\n|-damage|p2a: Falkor|27\/100 tox|[from] Stealth Rock\n|move|p1a: Buzzwole|Roost|p1a: Buzzwole\n|-heal|p1a: Buzzwole|95\/100\n|-singleturn|p1a: Buzzwole|move: Roost\n|\n|-weather|Sandstorm|[upkeep]\n|-damage|p2a: Falkor|21\/100 tox|[from] Sandstorm\n|-damage|p1a: Buzzwole|89\/100|[from] Sandstorm\n|-damage|p1a: Buzzwole|77\/100|[from] Leech Seed|[of] p2a: Falkor\n|-heal|p2a: Falkor|33\/100 tox|[silent]\n|-damage|p2a: Falkor|27\/100 tox|[from] psn\n|upkeep\n|turn|26\n|\n|t:|1644322105\n|switch|p1a: Tyranitar|Tyranitar, M|88\/100\n|-damage|p1a: Tyranitar|76\/100|[from] Stealth Rock\n|move|p2a: Falkor|Roost|p2a: Falkor\n|-heal|p2a: Falkor|77\/100 tox\n|-singleturn|p2a: Falkor|move: Roost\n|\n|-weather|none\n|-damage|p2a: Falkor|65\/100 tox|[from] psn\n|-fieldend|move: Trick Room\n|upkeep\n|turn|27\n|j| veryrandomperson\n|\n|t:|1644322117\n|move|p1a: Tyranitar|Flamethrower|p2a: Falkor\n|-resisted|p2a: Falkor\n|-damage|p2a: Falkor|49\/100 tox\n|-ability|p2a: Falkor|Berserk|boost\n|-boost|p2a: Falkor|spa|1\n|move|p2a: Falkor|Focus Blast|p1a: Tyranitar\n|-supereffective|p1a: Tyranitar\n|-damage|p1a: Tyranitar|0 fnt\n|faint|p1a: Tyranitar\n|-damage|p2a: Falkor|39\/100 tox|[from] item: Life Orb\n|\n|-damage|p2a: Falkor|21\/100 tox|[from] psn\n|upkeep\n|\n|t:|1644322128\n|switch|p1a: Buzzwole|Buzzwole|77\/100\n|-damage|p1a: Buzzwole|64\/100|[from] Stealth Rock\n|turn|28\n|\n|t:|1644322133\n|switch|p2a: Sonso|Slowbro, M|70\/100\n|-damage|p2a: Sonso|58\/100|[from] Stealth Rock\n|move|p1a: Buzzwole|Close Combat|p2a: Sonso\n|-resisted|p2a: Sonso\n|-damage|p2a: Sonso|40\/100\n|-unboost|p1a: Buzzwole|def|1\n|-unboost|p1a: Buzzwole|spd|1\n|\n|upkeep\n|turn|29\n|\n|t:|1644322142\n|move|p1a: Buzzwole|Earthquake|p2a: Sonso\n|-damage|p2a: Sonso|21\/100\n|move|p2a: Sonso|Trick Room|p2a: Sonso\n|-fieldstart|move: Trick Room|[of] p2a: Sonso\n|\n|upkeep\n|turn|30\n|\n|t:|1644322149\n|move|p2a: Sonso|Body Press|p1a: Buzzwole\n|-resisted|p1a: Buzzwole\n|-damage|p1a: Buzzwole|51\/100\n|-damage|p2a: Sonso|5\/100|[from] item: Rocky Helmet|[of] p1a: Buzzwole\n|move|p1a: Buzzwole|Ice Punch|p2a: Sonso\n|-resisted|p2a: Sonso\n|-damage|p2a: Sonso|0 fnt\n|faint|p2a: Sonso\n|-ability|p1a: Buzzwole|Beast Boost|boost\n|-boost|p1a: Buzzwole|atk|1\n|\n|upkeep\n|\n|t:|1644322158\n|switch|p2a: Billy B.|Marowak-Alola, M, shiny|100\/100\n|-damage|p2a: Billy B.|76\/100|[from] Stealth Rock\n|turn|31\n|\n|t:|1644322167\n|switch|p1a: Blissey|Blissey, F|88\/100\n|move|p2a: Billy B.|Flare Blitz|p1a: Blissey\n|-damage|p1a: Blissey|0 fnt\n|faint|p1a: Blissey\n|\n|upkeep\n|\n|t:|1644322192\n|switch|p1a: Zeraora|Zeraora|100\/100\n|turn|32\n|\n|t:|1644322208\n|switch|p1a: Urshifu|Urshifu-Rapid-Strike, M|94\/100\n|-damage|p1a: Urshifu|88\/100|[from] Stealth Rock\n|move|p2a: Billy B.|Flare Blitz|p1a: Urshifu\n|-resisted|p1a: Urshifu\n|-damage|p1a: Urshifu|41\/100\n|\n|upkeep\n|turn|33\n|j| DaGundalf\n|l| Rattataboy2003\n|\n|t:|1644322218\n|move|p1a: Urshifu|Aqua Jet|p2a: Billy B.\n|-supereffective|p2a: Billy B.\n|-damage|p2a: Billy B.|39\/100\n|move|p2a: Billy B.|Flare Blitz|p1a: Urshifu\n|-resisted|p1a: Urshifu\n|-damage|p1a: Urshifu|0 fnt\n|faint|p1a: Urshifu\n|\n|-fieldend|move: Trick Room\n|upkeep\n|j| AlIoutdragadarts\n|l| AlIoutdragadarts\n|\n|t:|1644322226\n|switch|p1a: Buzzwole|Buzzwole|51\/100\n|-damage|p1a: Buzzwole|39\/100|[from] Stealth Rock\n|turn|34\n|l| DaGundalf\n|inactive|Sombra Diurna has 120 seconds left.\n|\n|t:|1644322257\n|switch|p2a: Sharko|Garchomp, M|100\/100\n|-damage|p2a: Sharko|94\/100|[from] Stealth Rock\n|move|p1a: Buzzwole|Earthquake|p2a: Sharko\n|-damage|p2a: Sharko|60\/100\n|\n|-heal|p2a: Sharko|66\/100|[from] item: Leftovers\n|upkeep\n|turn|35\n|\n|t:|1644322266\n|switch|p2a: Thorns|Ferrothorn, M|78\/100\n|-damage|p2a: Thorns|72\/100|[from] Stealth Rock\n|move|p1a: Buzzwole|Roost|p1a: Buzzwole\n|-heal|p1a: Buzzwole|89\/100\n|-singleturn|p1a: Buzzwole|move: Roost\n|\n|upkeep\n|turn|36\n|inactive|Sombra Diurna has 120 seconds left.\n|\n|t:|1644322288\n|switch|p2a: Billy B.|Marowak-Alola, M, shiny|39\/100\n|-damage|p2a: Billy B.|14\/100|[from] Stealth Rock\n|move|p1a: Buzzwole|Close Combat|p2a: Billy B.\n|-immune|p2a: Billy B.\n|\n|upkeep\n|turn|37\n|inactive|Sombra Diurna has 120 seconds left.\n|\n|t:|1644322298\n|switch|p2a: Thorns|Ferrothorn, M|72\/100\n|-damage|p2a: Thorns|66\/100|[from] Stealth Rock\n|move|p1a: Buzzwole|Earthquake|p2a: Thorns\n|-damage|p2a: Thorns|42\/100\n|\n|upkeep\n|turn|38\n|inactive|Sombra Diurna has 120 seconds left.\n|\n|t:|1644322309\n|switch|p2a: Billy B.|Marowak-Alola, M, shiny|14\/100\n|-damage|p2a: Billy B.|0 fnt|[from] Stealth Rock\n|faint|p2a: Billy B.\n|move|p1a: Buzzwole|Close Combat|p2: Billy B.|[notarget]\n|-fail|p1a: Buzzwole\n|\n|upkeep\n|inactive|Sombra Diurna has 120 seconds left.\n|\n|t:|1644322315\n|switch|p2a: Gorra|Hatterene, F, shiny|82\/100\n|-damage|p2a: Gorra|70\/100|[from] Stealth Rock\n|turn|39\n|j| Misty Gym comback1\n|\n|t:|1644322320\n|switch|p1a: Zeraora|Zeraora|100\/100\n|move|p2a: Gorra|Trick Room|p2a: Gorra\n|-fieldstart|move: Trick Room|[of] p2a: Gorra\n|\n|upkeep\n|turn|40\n|\n|t:|1644322332\n|move|p2a: Gorra|Draining Kiss|p1a: Zeraora\n|-damage|p1a: Zeraora|71\/100\n|-heal|p2a: Gorra|92\/100|[from] drain|[of] p1a: Zeraora\n|move|p1a: Zeraora|Knock Off|p2a: Gorra\n|-damage|p2a: Gorra|61\/100\n|-enditem|p2a: Gorra|Kasib Berry|[from] move: Knock Off|[of] p1a: Zeraora\n|\n|upkeep\n|turn|41\n|\n|t:|1644322342\n|move|p2a: Gorra|Healing Wish|p2a: Gorra\n|faint|p2a: Gorra\n|move|p1a: Zeraora|Plasma Fists|p2: Gorra|[notarget]\n|-fail|p1a: Zeraora\n|\n|upkeep\n|\n|t:|1644322346\n|switch|p2a: Falkor|Drampa, M|21\/100 tox\n|-heal|p2a: Falkor|100\/100|[from] move: Healing Wish\n|-damage|p2a: Falkor|88\/100|[from] Stealth Rock\n|turn|42\n|\n|t:|1644322355\n|move|p2a: Falkor|Hyper Voice|p1a: Zeraora\n|-damage|p1a: Zeraora|0 fnt\n|faint|p1a: Zeraora\n|-damage|p2a: Falkor|78\/100|[from] item: Life Orb\n|\n|upkeep\n|\n|t:|1644322360\n|switch|p1a: Buzzwole|Buzzwole|89\/100\n|-damage|p1a: Buzzwole|77\/100|[from] Stealth Rock\n|turn|43\n|\n|t:|1644322365\n|move|p2a: Falkor|Hyper Voice|p1a: Buzzwole\n|-damage|p1a: Buzzwole|0 fnt\n|faint|p1a: Buzzwole\n|-damage|p2a: Falkor|69\/100|[from] item: Life Orb\n|\n|win|Sombra Diurna\n|raw|zhengxd's rating: 1635 &rarr; <strong>1615<\/strong><br \/>(-20 for losing)\n|raw|Sombra Diurna's rating: 1642 &rarr; <strong>1662<\/strong><br \/>(+20 for winning)\n|l|\u2606zhengxd\n|l| zap4lyfe\n","uploadtime":1644322372,"views":51,"p1id":"zhengxd","p2id":"sombradiurna","formatid":"gen8ou","rating":1615,"private":0,"password":null}