{"id":"gen8ou-1694963063","p1":"BriefMarigold4","p2":"Kwaga","format":"gen8ou","log":"|html|<div class=\"broadcast-blue\"><strong>[Gen 8] OU is currently suspecting Melmetal! For information on how to participate check out the <a href=\"https:\/\/www.smogon.com\/forums\/threads\/np-ss-ou-suspect-process-round-12-monster-mash.3709234\/\">suspect thread<\/a>.<\/strong><\/div>\n|j|\u2606BriefMarigold4\n|j|\u2606Kwaga\n|t:|1666747320\n|gametype|singles\n|player|p1|BriefMarigold4|170|1597\n|player|p2|Kwaga|brock-gen1rb|1650\n|teamsize|p1|6\n|teamsize|p2|6\n|gen|8\n|tier|[Gen 8] OU\n|rated|\n|rule|Sleep Clause Mod: Limit one foe put to sleep\n|rule|Species Clause: Limit one of each Pok\u00e9mon\n|rule|OHKO Clause: OHKO moves are banned\n|rule|Evasion Items Clause: Evasion items are banned\n|rule|Evasion Moves Clause: Evasion moves are banned\n|rule|Endless Battle Clause: Forcing endless battles is banned\n|rule|HP Percentage Mod: HP is shown in percentages\n|rule|Dynamax Clause: You cannot dynamax\n|clearpoke\n|poke|p1|Buzzwole|\n|poke|p1|Snorlax, F|\n|poke|p1|Slowking-Galar, M|\n|poke|p1|Corviknight, F|\n|poke|p1|Landorus-Therian, M|\n|poke|p1|Urshifu-*, M|\n|poke|p2|Tapu Lele|\n|poke|p2|Urshifu-*, M|\n|poke|p2|Zeraora|\n|poke|p2|Slowking, M|\n|poke|p2|Heatran, M|\n|poke|p2|Mandibuzz, F|\n|teampreview\n|\n|t:|1666747333\n|start\n|switch|p1a: God Save the King|Slowking-Galar, M|100\/100\n|switch|p2a: Zeraora|Zeraora|100\/100\n|turn|1\n|\n|t:|1666747335\n|move|p2a: Zeraora|Knock Off|p1a: God Save the King\n|-supereffective|p1a: God Save the King\n|-damage|p1a: God Save the King|48\/100\n|-enditem|p1a: God Save the King|Assault Vest|[from] move: Knock Off|[of] p2a: Zeraora\n|move|p1a: God Save the King|Future Sight|p2a: Zeraora\n|-start|p1a: God Save the King|move: Future Sight\n|\n|upkeep\n|turn|2\n|\n|t:|1666747341\n|switch|p1a: bomb|Landorus-Therian, M|100\/100\n|-ability|p1a: bomb|Intimidate|boost\n|-unboost|p2a: Zeraora|atk|1\n|move|p2a: Zeraora|Knock Off|p1a: bomb\n|-damage|p1a: bomb|77\/100\n|-enditem|p1a: bomb|Soft Sand|[from] move: Knock Off|[of] p2a: Zeraora\n|\n|upkeep\n|turn|3\n|\n|t:|1666747346\n|switch|p2a: Slowking|Slowking, M|100\/100\n|move|p1a: bomb|Swords Dance|p1a: bomb\n|-boost|p1a: bomb|atk|2\n|\n|-end|p2a: Slowking|move: Future Sight\n|-resisted|p2a: Slowking\n|-damage|p2a: Slowking|84\/100\n|upkeep\n|turn|4\n|\n|t:|1666747351\n|move|p1a: bomb|Smack Down|p2a: Slowking\n|-damage|p2a: Slowking|47\/100\n|-enditem|p2a: Slowking|Eject Button\n|-message|BriefMarigold4 forfeited.\n|\n|win|Kwaga\n|raw|BriefMarigold4's rating: 1597 &rarr; <strong>1580<\/strong><br \/>(-17 for losing)\n|raw|Kwaga's rating: 1650 &rarr; <strong>1667<\/strong><br \/>(+17 for winning)\n|l|\u2606BriefMarigold4\n","uploadtime":1666747356,"views":7,"p1id":"briefmarigold4","p2id":"kwaga","formatid":"gen8ou","rating":1580,"private":0,"password":null}