{"id":"gen8ou-1252076024","p1":"Rheinmetal","p2":"Carlos_Gamer_04","format":"gen8ou","log":"|html|<div class=\"broadcast-blue\"><strong>[Gen 8] OU is currently suspecting Urshifu-S! For information on how to participate check out the <a href=\"https:\/\/www.smogon.com\/forums\/threads\/np-ss-ou-suspect-process-round-8-aint-no-rest-for-the-wicked.3675310\/\">suspect thread<\/a>.<\/strong><\/div>\n|j|\u2606Rheinmetal\n|j|\u2606Carlos_Gamer_04\n|t:|1609214806\n|player|p1|Rheinmetal|cynthia|1622\n|player|p2|Carlos_Gamer_04|hilbert-dueldisk|1567\n|teamsize|p1|6\n|teamsize|p2|6\n|gametype|singles\n|gen|8\n|tier|[Gen 8] OU\n|rated|\n|clearpoke\n|poke|p1|Pelipper, M|\n|poke|p1|Barraskewda, F|\n|poke|p1|Zapdos|\n|poke|p1|Ferrothorn, F|\n|poke|p1|Kingdra, M|\n|poke|p1|Excadrill, M|\n|poke|p2|Shuckle, F|\n|poke|p2|Rillaboom, M|\n|poke|p2|Bisharp, M|\n|poke|p2|Blaziken, M|\n|poke|p2|Toxtricity, M|\n|poke|p2|Tapu Fini|\n|rule|Sleep Clause Mod: Limit one foe put to sleep\n|rule|Species Clause: Limit one of each Pok\u00e9mon\n|rule|OHKO Clause: OHKO moves are banned\n|rule|Evasion Moves Clause: Evasion moves are banned\n|rule|Endless Battle Clause: Forcing endless battles is banned\n|rule|HP Percentage Mod: HP is shown in percentages\n|rule|Dynamax Clause: You cannot dynamax\n|teampreview\n|inactive|Battle timer is ON: inactive players will automatically lose when time's up. (requested by Rheinmetal)\n|\n|t:|1609214810\n|start\n|switch|p1a: Pelipper|Pelipper, M|100\/100\n|switch|p2a: Al-lahu-\u00e1kbar|Shuckle, F|100\/100\n|-weather|RainDance|[from] ability: Drizzle|[of] p1a: Pelipper\n|turn|1\n|\n|t:|1609214817\n|move|p1a: Pelipper|U-turn|p2a: Al-lahu-\u00e1kbar\n|-damage|p2a: Al-lahu-\u00e1kbar|96\/100\n|\n|t:|1609214819\n|switch|p1a: Barraskewda|Barraskewda, F|100\/100|[from]move: U-turn\n|move|p2a: Al-lahu-\u00e1kbar|Sticky Web|p1a: Barraskewda\n|-sidestart|p1: Rheinmetal|move: Sticky Web\n|\n|-weather|RainDance|[upkeep]\n|upkeep\n|turn|2\n|j| XDNO\n|\n|t:|1609214825\n|move|p1a: Barraskewda|Liquidation|p2a: Al-lahu-\u00e1kbar\n|-supereffective|p2a: Al-lahu-\u00e1kbar\n|-damage|p2a: Al-lahu-\u00e1kbar|0 fnt\n|faint|p2a: Al-lahu-\u00e1kbar\n|\n|-weather|RainDance|[upkeep]\n|upkeep\n|\n|t:|1609214830\n|switch|p2a: RillaBoomer|Rillaboom, M|100\/100\n|-fieldstart|move: Grassy Terrain|[from] ability: Grassy Surge|[of] p2a: RillaBoomer\n|turn|3\n|j| Vessev\n|\n|t:|1609214834\n|switch|p1a: Zapdos|Zapdos|100\/100\n|move|p2a: RillaBoomer|U-turn|p1a: Zapdos\n|-resisted|p1a: Zapdos\n|-damage|p1a: Zapdos|82\/100\n|l| Vessev\n|\n|t:|1609214843\n|switch|p2a: Kurt|Toxtricity, M|100\/100|[from]move: U-turn\n|\n|-weather|RainDance|[upkeep]\n|upkeep\n|turn|4\n|j| Vessev\n|\n|t:|1609214848\n|switch|p1a: Excadrill|Excadrill, M|100\/100\n|-activate|p1a: Excadrill|move: Sticky Web\n|-unboost|p1a: Excadrill|spe|1\n|-ability|p1a: Excadrill|Mold Breaker\n|move|p2a: Kurt|Shift Gear|p2a: Kurt\n|-boost|p2a: Kurt|spe|2\n|-boost|p2a: Kurt|atk|1\n|\n|-weather|RainDance|[upkeep]\n|upkeep\n|turn|5\n|j| Teufel.L\n|l| Vessev\n|\n|t:|1609214857\n|move|p2a: Kurt|Drain Punch|p1a: Excadrill\n|-supereffective|p1a: Excadrill\n|-damage|p1a: Excadrill|7\/100\n|-damage|p2a: Kurt|91\/100|[from] item: Life Orb\n|move|p1a: Excadrill|Rapid Spin|p2a: Kurt\n|-damage|p2a: Kurt|68\/100\n|-boost|p1a: Excadrill|spe|1\n|-sideend|p1: Rheinmetal|Sticky Web|[from] move: Rapid Spin|[of] p1a: Excadrill\n|\n|-weather|RainDance|[upkeep]\n|-heal|p2a: Kurt|74\/100|[from] Grassy Terrain\n|-heal|p1a: Excadrill|13\/100|[from] item: Leftovers\n|-heal|p1a: Excadrill|19\/100|[from] Grassy Terrain\n|upkeep\n|turn|6\n|\n|t:|1609214871\n|move|p2a: Kurt|Boomburst|p1a: Excadrill\n|-resisted|p1a: Excadrill\n|-damage|p1a: Excadrill|0 fnt\n|-damage|p2a: Kurt|64\/100|[from] item: Life Orb\n|faint|p1a: Excadrill\n|\n|-weather|RainDance|[upkeep]\n|-heal|p2a: Kurt|71\/100|[from] Grassy Terrain\n|upkeep\n|\n|t:|1609214873\n|switch|p1a: Kingdra|Kingdra, M|100\/100\n|turn|7\n|\n|t:|1609214883\n|move|p1a: Kingdra|Hydro Pump|p2a: Kurt\n|-damage|p2a: Kurt|0 fnt\n|faint|p2a: Kurt\n|\n|-weather|RainDance|[upkeep]\n|-fieldend|move: Grassy Terrain\n|upkeep\n|\n|t:|1609214889\n|switch|p2a: RillaBoomer|Rillaboom, M|100\/100\n|-fieldstart|move: Grassy Terrain|[from] ability: Grassy Surge|[of] p2a: RillaBoomer\n|turn|8\n|\n|t:|1609214896\n|move|p2a: RillaBoomer|Grassy Glide|p1a: Kingdra\n|-damage|p1a: Kingdra|11\/100\n|move|p1a: Kingdra|Hydro Pump|p2a: RillaBoomer|[miss]\n|-miss|p1a: Kingdra|p2a: RillaBoomer\n|\n|-weather|none\n|-heal|p1a: Kingdra|17\/100|[from] Grassy Terrain\n|upkeep\n|turn|9\n|\n|t:|1609214907\n|switch|p2a: Pollo Frito|Blaziken, M, shiny|100\/100\n|switch|p1a: Ferrothorn|Ferrothorn, F|100\/100\n|\n|upkeep\n|turn|10\n|\n|t:|1609214915\n|move|p2a: Pollo Frito|Swords Dance|p2a: Pollo Frito\n|-boost|p2a: Pollo Frito|atk|2\n|move|p1a: Ferrothorn|Spikes|p2a: Pollo Frito\n|-sidestart|p2: Carlos_Gamer_04|Spikes\n|\n|-ability|p2a: Pollo Frito|Speed Boost|boost\n|-boost|p2a: Pollo Frito|spe|1\n|upkeep\n|turn|11\n|\n|t:|1609214923\n|move|p2a: Pollo Frito|Flare Blitz|p1a: Ferrothorn\n|-supereffective|p1a: Ferrothorn\n|-damage|p1a: Ferrothorn|0 fnt\n|-damage|p2a: Pollo Frito|88\/100|[from] ability: Iron Barbs|[of] p1a: Ferrothorn\n|-damage|p2a: Pollo Frito|50\/100|[from] Recoil\n|-damage|p2a: Pollo Frito|40\/100|[from] item: Life Orb\n|faint|p1a: Ferrothorn\n|\n|-heal|p2a: Pollo Frito|46\/100|[from] Grassy Terrain\n|-ability|p2a: Pollo Frito|Speed Boost|boost\n|-boost|p2a: Pollo Frito|spe|1\n|upkeep\n|\n|t:|1609214925\n|switch|p1a: Pelipper|Pelipper, M|100\/100\n|-weather|RainDance|[from] ability: Drizzle|[of] p1a: Pelipper\n|turn|12\n|\n|t:|1609214937\n|move|p2a: Pollo Frito|Stone Edge|p1a: Pelipper\n|-supereffective|p1a: Pelipper\n|-damage|p1a: Pelipper|0 fnt\n|-damage|p2a: Pollo Frito|36\/100|[from] item: Life Orb\n|faint|p1a: Pelipper\n|\n|-weather|RainDance|[upkeep]\n|-heal|p2a: Pollo Frito|42\/100|[from] Grassy Terrain\n|-fieldend|move: Grassy Terrain\n|-ability|p2a: Pollo Frito|Speed Boost|boost\n|-boost|p2a: Pollo Frito|spe|1\n|upkeep\n|\n|t:|1609214945\n|switch|p1a: Barraskewda|Barraskewda, F|100\/100\n|turn|13\n|\n|t:|1609214962\n|move|p1a: Barraskewda|Aqua Jet|p2a: Pollo Frito\n|-supereffective|p2a: Pollo Frito\n|-damage|p2a: Pollo Frito|0 fnt\n|faint|p2a: Pollo Frito\n|\n|-weather|RainDance|[upkeep]\n|upkeep\n|\n|t:|1609214968\n|switch|p2a: RillaBoomer|Rillaboom, M|100\/100\n|-damage|p2a: RillaBoomer|88\/100|[from] Spikes\n|-fieldstart|move: Grassy Terrain|[from] ability: Grassy Surge|[of] p2a: RillaBoomer\n|turn|14\n|\n|t:|1609214974\n|switch|p1a: Zapdos|Zapdos|82\/100\n|move|p2a: RillaBoomer|U-turn|p1a: Zapdos\n|-resisted|p1a: Zapdos\n|-damage|p1a: Zapdos|64\/100\n|\n|t:|1609214990\n|switch|p2a: Chocho|Tapu Fini, shiny|100\/100|[from]move: U-turn\n|-damage|p2a: Chocho|88\/100|[from] Spikes\n|-fieldstart|move: Misty Terrain|[from] ability: Misty Surge|[of] p2a: Chocho\n|\n|-weather|RainDance|[upkeep]\n|upkeep\n|turn|15\n|\n|t:|1609214997\n|move|p1a: Zapdos|Discharge|p2a: Chocho\n|-supereffective|p2a: Chocho\n|-damage|p2a: Chocho|39\/100\n|move|p2a: Chocho|Hydro Pump|p1a: Zapdos\n|-damage|p1a: Zapdos|0 fnt\n|faint|p1a: Zapdos\n|\n|-weather|RainDance|[upkeep]\n|upkeep\n|\n|t:|1609215001\n|switch|p1a: Barraskewda|Barraskewda, F|100\/100\n|turn|16\n|\n|t:|1609215007\n|move|p1a: Barraskewda|Liquidation|p2a: Chocho\n|-resisted|p2a: Chocho\n|-damage|p2a: Chocho|0 fnt\n|faint|p2a: Chocho\n|\n|-weather|RainDance|[upkeep]\n|upkeep\n|\n|t:|1609215012\n|switch|p2a: RillaBoomer|Rillaboom, M|88\/100\n|-damage|p2a: RillaBoomer|76\/100|[from] Spikes\n|-fieldstart|move: Grassy Terrain|[from] ability: Grassy Surge|[of] p2a: RillaBoomer\n|turn|17\n|\n|t:|1609215018\n|switch|p1a: Kingdra|Kingdra, M|17\/100\n|move|p2a: RillaBoomer|Grassy Glide|p1a: Kingdra\n|-damage|p1a: Kingdra|0 fnt\n|faint|p1a: Kingdra\n|\n|-weather|RainDance|[upkeep]\n|-heal|p2a: RillaBoomer|82\/100|[from] Grassy Terrain\n|upkeep\n|-message|Rheinmetal forfeited.\n|\n|win|Carlos_Gamer_04\n|l|\u2606Rheinmetal\n|raw|Rheinmetal's rating: 1622 &rarr; <strong>1599<\/strong><br \/>(-23 for losing)\n|raw|Carlos_Gamer_04's rating: 1567 &rarr; <strong>1590<\/strong><br \/>(+23 for winning)\n|l| Teufel.L\n|j| Vessev\n|l| Vessev\n|l| XDNO\n","uploadtime":1609215309,"views":30,"p1id":"rheinmetal","p2id":"carlosgamer04","formatid":"gen8ou","rating":1590,"private":0,"password":null}