{"id":"gen8ou-1363595917","p1":"ayevon","p2":"not mb","format":"gen8ou","log":"|j|\u2606ayevon\n|j|\u203dnot mb\n|t:|1624406671\n|gametype|singles\n|player|p1|ayevon|266|1936\n|player|p2|not mb|#wcop2020uswest|2003\n|teamsize|p1|6\n|teamsize|p2|6\n|gen|8\n|tier|[Gen 8] OU\n|rated|\n|rule|Sleep Clause Mod: Limit one foe put to sleep\n|rule|Species Clause: Limit one of each Pok\u00e9mon\n|rule|OHKO Clause: OHKO moves are banned\n|rule|Evasion Moves Clause: Evasion moves are banned\n|rule|Endless Battle Clause: Forcing endless battles is banned\n|rule|HP Percentage Mod: HP is shown in percentages\n|rule|Dynamax Clause: You cannot dynamax\n|clearpoke\n|poke|p1|Tyranitar, F|\n|poke|p1|Excadrill, M|\n|poke|p1|Garchomp, F|\n|poke|p1|Kartana|\n|poke|p1|Zapdos|\n|poke|p1|Toxapex, F|\n|poke|p2|Kyurem|\n|poke|p2|Zeraora|\n|poke|p2|Ferrothorn, F|\n|poke|p2|Landorus-Therian, M|\n|poke|p2|Rotom-Wash|\n|poke|p2|Dragapult, M|\n|teampreview\n|j| devwin\n|\n|t:|1624406725\n|start\n|switch|p1a: Tyranitar|Tyranitar, F|100\/100\n|switch|p2a: Landorus|Landorus-Therian, M|100\/100\n|-ability|p2a: Landorus|Intimidate|boost\n|-unboost|p1a: Tyranitar|atk|1\n|-weather|Sandstorm|[from] ability: Sand Stream|[of] p1a: Tyranitar\n|turn|1\n|\n|t:|1624406737\n|switch|p1a: Kartana|Kartana|100\/100\n|move|p2a: Landorus|U-turn|p1a: Kartana\n|-damage|p1a: Kartana|81\/100\n|\n|t:|1624406781\n|switch|p2a: Dragapult|Dragapult, M|100\/100|[from]move: U-turn\n|\n|-weather|Sandstorm|[upkeep]\n|-damage|p2a: Dragapult|95\/100|[from] Sandstorm\n|upkeep\n|turn|2\n|j| Awatcherofmyrek\n|j| Tavo mtz\n|inactive|Battle timer is ON: inactive players will automatically lose when time's up. (requested by not mb)\n|\n|t:|1624406805\n|switch|p1a: Toxapex|Toxapex, F|100\/100\n|move|p2a: Dragapult|Will-O-Wisp|p1a: Toxapex|[miss]\n|-miss|p2a: Dragapult|p1a: Toxapex\n|\n|-weather|Sandstorm|[upkeep]\n|-damage|p2a: Dragapult|89\/100|[from] Sandstorm\n|-damage|p1a: Toxapex|95\/100|[from] Sandstorm\n|upkeep\n|turn|3\n|\n|t:|1624406813\n|switch|p2a: Rotom|Rotom-Wash|100\/100\n|move|p1a: Toxapex|Knock Off|p2a: Rotom\n|-damage|p2a: Rotom|83\/100\n|-enditem|p2a: Rotom|Leftovers|[from] move: Knock Off|[of] p1a: Toxapex\n|\n|-weather|Sandstorm|[upkeep]\n|-damage|p2a: Rotom|77\/100|[from] Sandstorm\n|-damage|p1a: Toxapex|89\/100|[from] Sandstorm\n|upkeep\n|turn|4\n|\n|t:|1624406817\n|move|p2a: Rotom|Will-O-Wisp|p1a: Toxapex\n|-status|p1a: Toxapex|brn\n|move|p1a: Toxapex|Toxic Spikes|p2a: Rotom\n|-sidestart|p2: not mb|move: Toxic Spikes\n|\n|-weather|Sandstorm|[upkeep]\n|-damage|p2a: Rotom|71\/100|[from] Sandstorm\n|-damage|p1a: Toxapex|83\/100 brn|[from] Sandstorm\n|-damage|p1a: Toxapex|77\/100 brn|[from] brn\n|upkeep\n|turn|5\n|j| Bunny Girl Mai\n|\n|t:|1624406834\n|switch|p1a: Kartana|Kartana|81\/100\n|move|p2a: Rotom|Volt Switch|p1a: Kartana\n|-resisted|p1a: Kartana\n|-damage|p1a: Kartana|39\/100\n|\n|t:|1624406843\n|switch|p2a: Dragapult|Dragapult, M|89\/100|[from]move: Volt Switch\n|\n|-weather|none\n|upkeep\n|turn|6\n|j| Jolextest2\n|\n|t:|1624406849\n|switch|p1a: Toxapex|Toxapex, F|100\/100 brn\n|move|p2a: Dragapult|Hex|p1a: Toxapex\n|-damage|p1a: Toxapex|52\/100 brn\n|\n|-damage|p1a: Toxapex|46\/100 brn|[from] brn\n|upkeep\n|turn|7\n|inactive|not mb has 120 seconds left.\n|\n|t:|1624406881\n|switch|p1a: Tyranitar|Tyranitar, F|100\/100\n|-weather|Sandstorm|[from] ability: Sand Stream|[of] p1a: Tyranitar\n|move|p2a: Dragapult|Will-O-Wisp|p1a: Tyranitar\n|-status|p1a: Tyranitar|brn\n|\n|-weather|Sandstorm|[upkeep]\n|-damage|p2a: Dragapult|83\/100|[from] Sandstorm\n|-damage|p1a: Tyranitar|94\/100 brn|[from] brn\n|upkeep\n|turn|8\n|j| Mitymouse11\n|\n|t:|1624406891\n|move|p2a: Dragapult|U-turn|p1a: Tyranitar\n|-supereffective|p1a: Tyranitar\n|-damage|p1a: Tyranitar|64\/100 brn\n|j| Chaky4418\n|\n|t:|1624406898\n|switch|p2a: Zeraora|Zeraora|100\/100|[from]move: U-turn\n|move|p1a: Tyranitar|Toxic|p2a: Zeraora\n|-status|p2a: Zeraora|tox\n|\n|-weather|Sandstorm|[upkeep]\n|-damage|p2a: Zeraora|95\/100 tox|[from] Sandstorm\n|-heal|p1a: Tyranitar|70\/100 brn|[from] item: Leftovers\n|-damage|p2a: Zeraora|89\/100 tox|[from] psn\n|-damage|p1a: Tyranitar|64\/100 brn|[from] brn\n|upkeep\n|turn|9\n|\n|t:|1624406904\n|move|p1a: Tyranitar|Protect|p1a: Tyranitar\n|-singleturn|p1a: Tyranitar|Protect\n|move|p2a: Zeraora|Knock Off|p1a: Tyranitar\n|-activate|p1a: Tyranitar|move: Protect\n|\n|-weather|Sandstorm|[upkeep]\n|-damage|p2a: Zeraora|83\/100 tox|[from] Sandstorm\n|-heal|p1a: Tyranitar|70\/100 brn|[from] item: Leftovers\n|-damage|p2a: Zeraora|71\/100 tox|[from] psn\n|-damage|p1a: Tyranitar|64\/100 brn|[from] brn\n|upkeep\n|turn|10\n|\n|t:|1624406911\n|switch|p1a: Garchomp|Garchomp, F|100\/100\n|move|p2a: Zeraora|Knock Off|p1a: Garchomp\n|-damage|p1a: Garchomp|69\/100\n|-damage|p2a: Zeraora|58\/100 tox|[from] ability: Rough Skin|[of] p1a: Garchomp\n|-enditem|p1a: Garchomp|Leftovers|[from] move: Knock Off|[of] p2a: Zeraora\n|\n|-weather|Sandstorm|[upkeep]\n|-damage|p2a: Zeraora|52\/100 tox|[from] Sandstorm\n|-damage|p2a: Zeraora|34\/100 tox|[from] psn\n|upkeep\n|turn|11\n|inactive|not mb has 120 seconds left.\n|inactive|not mb has 90 seconds left.\n|\n|t:|1624406975\n|switch|p1a: Zapdos|Zapdos|100\/100\n|-ability|p1a: Zapdos|Pressure\n|move|p2a: Zeraora|Knock Off|p1a: Zapdos\n|-damage|p1a: Zapdos|61\/100\n|-enditem|p1a: Zapdos|Heavy-Duty Boots|[from] move: Knock Off|[of] p2a: Zeraora\n|\n|-weather|none\n|-damage|p2a: Zeraora|10\/100 tox|[from] psn\n|upkeep\n|turn|12\n|inactive|not mb has 90 seconds left.\n|\n|t:|1624406991\n|switch|p2a: Rotom|Rotom-Wash|71\/100\n|switch|p1a: Garchomp|Garchomp, F|69\/100\n|\n|upkeep\n|turn|13\n|\n|t:|1624406996\n|move|p1a: Garchomp|Substitute|p1a: Garchomp\n|-start|p1a: Garchomp|Substitute\n|-damage|p1a: Garchomp|44\/100\n|move|p2a: Rotom|Hydro Pump|p1a: Garchomp\n|-end|p1a: Garchomp|Substitute\n|\n|upkeep\n|turn|14\n|\n|t:|1624407005\n|move|p1a: Garchomp|Scale Shot|p2a: Rotom\n|-damage|p2a: Rotom|56\/100\n|-damage|p2a: Rotom|41\/100\n|-damage|p2a: Rotom|26\/100\n|-damage|p2a: Rotom|12\/100\n|-damage|p2a: Rotom|0 fnt\n|faint|p2a: Rotom\n|-hitcount|p2: Rotom|5\n|-unboost|p1a: Garchomp|def|1\n|-boost|p1a: Garchomp|spe|1\n|\n|upkeep\n|\n|t:|1624407018\n|switch|p2a: Landorus|Landorus-Therian, M|100\/100\n|-ability|p2a: Landorus|Intimidate|boost\n|-unboost|p1a: Garchomp|atk|1\n|turn|15\n|l| Chaky4418\n|j| Dr1llSargent\n|\n|t:|1624407044\n|switch|p1a: Toxapex|Toxapex, F|79\/100 brn\n|move|p2a: Landorus|Defog|p1a: Toxapex\n|-unboost|p1a: Toxapex|evasion|1\n|-sideend|p2: not mb|Toxic Spikes|[from] move: Defog|[of] p2a: Landorus\n|\n|-damage|p1a: Toxapex|73\/100 brn|[from] brn\n|upkeep\n|turn|16\n|\n|t:|1624407060\n|move|p2a: Landorus|U-turn|p1a: Toxapex\n|-resisted|p1a: Toxapex\n|-damage|p1a: Toxapex|67\/100 brn\n|-damage|p2a: Landorus|84\/100|[from] item: Rocky Helmet|[of] p1a: Toxapex\n|\n|t:|1624407062\n|switch|p2a: Kyurem|Kyurem|100\/100|[from]move: U-turn\n|-ability|p2a: Kyurem|Pressure\n|move|p1a: Toxapex|Scald|p2a: Kyurem\n|-resisted|p2a: Kyurem\n|-damage|p2a: Kyurem|94\/100\n|\n|-damage|p1a: Toxapex|61\/100 brn|[from] brn\n|upkeep\n|turn|17\n|\n|t:|1624407069\n|switch|p1a: Tyranitar|Tyranitar, F|64\/100 brn\n|-weather|Sandstorm|[from] ability: Sand Stream|[of] p1a: Tyranitar\n|move|p2a: Kyurem|Freeze-Dry|p1a: Tyranitar\n|-damage|p1a: Tyranitar|42\/100 brn\n|\n|-weather|Sandstorm|[upkeep]\n|-damage|p2a: Kyurem|87\/100|[from] Sandstorm\n|-heal|p1a: Tyranitar|48\/100 brn|[from] item: Leftovers\n|-damage|p1a: Tyranitar|42\/100 brn|[from] brn\n|upkeep\n|turn|18\n|j| taymar keith\n|\n|t:|1624407088\n|switch|p2a: Ferrothorn|Ferrothorn, F|100\/100\n|move|p1a: Tyranitar|Stealth Rock|p2a: Ferrothorn\n|-sidestart|p2: not mb|move: Stealth Rock\n|\n|-weather|Sandstorm|[upkeep]\n|-heal|p1a: Tyranitar|48\/100 brn|[from] item: Leftovers\n|-damage|p1a: Tyranitar|42\/100 brn|[from] brn\n|upkeep\n|turn|19\n|\n|t:|1624407111\n|switch|p1a: Zapdos|Zapdos|61\/100\n|-ability|p1a: Zapdos|Pressure\n|move|p2a: Ferrothorn|Spikes|p1a: Zapdos\n|-sidestart|p1: ayevon|Spikes\n|\n|-weather|Sandstorm|[upkeep]\n|-damage|p1a: Zapdos|55\/100|[from] Sandstorm\n|upkeep\n|turn|20\n|\n|t:|1624407124\n|switch|p2a: Kyurem|Kyurem|87\/100\n|-damage|p2a: Kyurem|63\/100|[from] Stealth Rock\n|-ability|p2a: Kyurem|Pressure\n|move|p1a: Zapdos|Hurricane|p2a: Kyurem|[miss]\n|-miss|p1a: Zapdos|p2a: Kyurem\n|\n|-weather|Sandstorm|[upkeep]\n|-damage|p1a: Zapdos|49\/100|[from] Sandstorm\n|-damage|p2a: Kyurem|57\/100|[from] Sandstorm\n|upkeep\n|turn|21\n|inactive|ayevon has 120 seconds left.\n|\n|t:|1624407152\n|move|p1a: Zapdos|Roost|p1a: Zapdos\n|-heal|p1a: Zapdos|99\/100\n|-singleturn|p1a: Zapdos|move: Roost\n|move|p2a: Kyurem|Freeze-Dry|p1a: Zapdos\n|-damage|p1a: Zapdos|37\/100\n|\n|-weather|none\n|upkeep\n|turn|22\n|\n|t:|1624407158\n|switch|p1a: Tyranitar|Tyranitar, F|42\/100 brn\n|-damage|p1a: Tyranitar|30\/100 brn|[from] Spikes\n|-weather|Sandstorm|[from] ability: Sand Stream|[of] p1a: Tyranitar\n|move|p2a: Kyurem|Freeze-Dry|p1a: Tyranitar\n|-damage|p1a: Tyranitar|8\/100 brn\n|\n|-weather|Sandstorm|[upkeep]\n|-damage|p2a: Kyurem|50\/100|[from] Sandstorm\n|-heal|p1a: Tyranitar|14\/100 brn|[from] item: Leftovers\n|-damage|p1a: Tyranitar|8\/100 brn|[from] brn\n|upkeep\n|turn|23\n|l| Jolextest2\n|j| Jolextest2\n|inactive|not mb has 90 seconds left.\n|\n|t:|1624407192\n|switch|p2a: Ferrothorn|Ferrothorn, F|100\/100\n|-damage|p2a: Ferrothorn|94\/100|[from] Stealth Rock\n|switch|p1a: Excadrill|Excadrill, M|100\/100\n|-damage|p1a: Excadrill|88\/100|[from] Spikes\n|\n|-weather|Sandstorm|[upkeep]\n|-heal|p1a: Excadrill|94\/100|[from] item: Leftovers\n|-heal|p2a: Ferrothorn|100\/100|[from] item: Leftovers\n|upkeep\n|turn|24\n|inactive|not mb has 90 seconds left.\n|j| Zombini62\n|l| Jolextest2\n|inactive|ayevon has 120 seconds left.\n|\n|t:|1624407216\n|move|p1a: Excadrill|Swords Dance|p1a: Excadrill\n|-boost|p1a: Excadrill|atk|2\n|move|p2a: Ferrothorn|Knock Off|p1a: Excadrill\n|-damage|p1a: Excadrill|63\/100\n|-enditem|p1a: Excadrill|Leftovers|[from] move: Knock Off|[of] p2a: Ferrothorn\n|\n|-weather|Sandstorm|[upkeep]\n|upkeep\n|turn|25\n|inactive|ayevon has 120 seconds left.\n|\n|t:|1624407244\n|move|p1a: Excadrill|Earthquake|p2a: Ferrothorn\n|-damage|p2a: Ferrothorn|19\/100\n|move|p2a: Ferrothorn|Leech Seed|p1a: Excadrill\n|-start|p1a: Excadrill|move: Leech Seed\n|\n|-weather|Sandstorm|[upkeep]\n|-heal|p2a: Ferrothorn|25\/100|[from] item: Leftovers\n|-damage|p1a: Excadrill|51\/100|[from] Leech Seed|[of] p2a: Ferrothorn\n|-heal|p2a: Ferrothorn|38\/100|[silent]\n|upkeep\n|turn|26\n|inactive|not mb has 60 seconds left.\n|j| hfeath\n|inactive|not mb has 30 seconds left.\n|l| Mitymouse11\n|inactive|not mb has 20 seconds left.\n|l| Bunny Girl Mai\n|inactive|not mb has 15 seconds left.\n|\n|t:|1624407308\n|switch|p1a: Zapdos|Zapdos|37\/100\n|-ability|p1a: Zapdos|Pressure\n|move|p2a: Ferrothorn|Leech Seed|p1a: Zapdos\n|-start|p1a: Zapdos|move: Leech Seed\n|\n|-weather|none\n|-heal|p2a: Ferrothorn|44\/100|[from] item: Leftovers\n|-damage|p1a: Zapdos|24\/100|[from] Leech Seed|[of] p2a: Ferrothorn\n|-heal|p2a: Ferrothorn|55\/100|[silent]\n|upkeep\n|turn|27\n|inactive|not mb has 25 seconds left this turn.\n|inactive|not mb has 20 seconds left.\n|inactive|not mb has 15 seconds left.\n|j| Bunny Girl Mai\n|j| Mitymouse11\n|\n|t:|1624407319\n|switch|p2a: Landorus|Landorus-Therian, M|84\/100\n|-damage|p2a: Landorus|72\/100|[from] Stealth Rock\n|-ability|p2a: Landorus|Intimidate|boost\n|-unboost|p1a: Zapdos|atk|1\n|move|p1a: Zapdos|Hurricane|p2a: Landorus\n|-damage|p2a: Landorus|7\/100\n|\n|-heal|p2a: Landorus|13\/100|[from] item: Leftovers\n|-damage|p1a: Zapdos|12\/100|[from] Leech Seed|[of] p2a: Landorus\n|-heal|p2a: Landorus|24\/100|[silent]\n|upkeep\n|turn|28\n|inactive|not mb has 25 seconds left this turn.\n|inactive|not mb has 20 seconds left.\n|inactive|not mb has 15 seconds left.\n|inactive|not mb has 10 seconds left.\n|\n|t:|1624407336\n|move|p1a: Zapdos|Hurricane|p2a: Landorus\n|-damage|p2a: Landorus|0 fnt\n|faint|p2a: Landorus\n|\n|upkeep\n|inactive|not mb has 15 seconds left this turn.\n|\n|t:|1624407339\n|switch|p2a: Dragapult|Dragapult, M|83\/100\n|turn|29\n|inactive|not mb has 25 seconds left this turn.\n|inactive|not mb has 20 seconds left.\n|\n|t:|1624407346\n|switch|p1a: Tyranitar|Tyranitar, F|8\/100 brn\n|-damage|p1a: Tyranitar|0 fnt|[from] Spikes\n|faint|p1a: Tyranitar\n|move|p2a: Dragapult|Hex|p1: Tyranitar|[notarget]\n|-fail|p2a: Dragapult\n|\n|upkeep\n|inactive|not mb has 25 seconds left this turn.\n|\n|t:|1624407357\n|switch|p1a: Excadrill|Excadrill, M|51\/100\n|-damage|p1a: Excadrill|38\/100|[from] Spikes\n|turn|30\n|inactive|not mb has 30 seconds left.\n|\n|t:|1624407365\n|move|p2a: Dragapult|U-turn|p1a: Excadrill\n|-resisted|p1a: Excadrill\n|-damage|p1a: Excadrill|25\/100\n|\n|t:|1624407367\n|switch|p2a: Zeraora|Zeraora|10\/100 tox|[from]move: U-turn\n|move|p1a: Excadrill|Earthquake|p2a: Zeraora\n|-supereffective|p2a: Zeraora\n|-damage|p2a: Zeraora|0 fnt\n|faint|p2a: Zeraora\n|\n|upkeep\n|\n|t:|1624407369\n|switch|p2a: Dragapult|Dragapult, M|83\/100\n|turn|31\n|j| Calico S\n|\n|t:|1624407378\n|move|p2a: Dragapult|Hex|p1a: Excadrill\n|-damage|p1a: Excadrill|0 fnt\n|faint|p1a: Excadrill\n|\n|upkeep\n|\n|t:|1624407379\n|switch|p1a: Toxapex|Toxapex, F|95\/100 brn\n|-damage|p1a: Toxapex|82\/100 brn|[from] Spikes\n|turn|32\n|inactive|not mb has 60 seconds left.\n|\n|t:|1624407385\n|move|p2a: Dragapult|Hex|p1a: Toxapex\n|-damage|p1a: Toxapex|35\/100 brn\n|move|p1a: Toxapex|Scald|p2a: Dragapult\n|-resisted|p2a: Dragapult\n|-damage|p2a: Dragapult|73\/100\n|-status|p2a: Dragapult|brn\n|\n|-damage|p2a: Dragapult|67\/100 brn|[from] brn\n|-damage|p1a: Toxapex|30\/100 brn|[from] brn\n|upkeep\n|turn|33\n|\n|t:|1624407392\n|switch|p1a: Kartana|Kartana|39\/100\n|-damage|p1a: Kartana|27\/100|[from] Spikes\n|move|p2a: Dragapult|Hex|p1a: Kartana\n|-damage|p1a: Kartana|0 fnt\n|faint|p1a: Kartana\n|\n|-damage|p2a: Dragapult|61\/100 brn|[from] brn\n|upkeep\n|\n|t:|1624407394\n|switch|p1a: Toxapex|Toxapex, F|63\/100 brn\n|-damage|p1a: Toxapex|51\/100 brn|[from] Spikes\n|turn|34\n|\n|t:|1624407401\n|switch|p1a: Garchomp|Garchomp, F|44\/100\n|-damage|p1a: Garchomp|31\/100|[from] Spikes\n|move|p2a: Dragapult|Hex|p1a: Garchomp\n|-damage|p1a: Garchomp|0 fnt\n|faint|p1a: Garchomp\n|\n|-damage|p2a: Dragapult|55\/100 brn|[from] brn\n|upkeep\n|\n|t:|1624407405\n|switch|p1a: Toxapex|Toxapex, F|84\/100 brn\n|-damage|p1a: Toxapex|72\/100 brn|[from] Spikes\n|turn|35\n|j| banhmisaigon\n|\n|t:|1624407413\n|switch|p1a: Zapdos|Zapdos|12\/100\n|-ability|p1a: Zapdos|Pressure\n|move|p2a: Dragapult|U-turn|p1a: Zapdos\n|-resisted|p1a: Zapdos\n|-damage|p1a: Zapdos|6\/100\n|\n|t:|1624407420\n|switch|p2a: Kyurem|Kyurem|50\/100|[from]move: U-turn\n|-damage|p2a: Kyurem|26\/100|[from] Stealth Rock\n|-ability|p2a: Kyurem|Pressure\n|\n|upkeep\n|turn|36\n|\n|t:|1624407422\n|move|p1a: Zapdos|Hurricane|p2a: Kyurem|[miss]\n|-miss|p1a: Zapdos|p2a: Kyurem\n|move|p2a: Kyurem|Freeze-Dry|p1a: Zapdos\n|-supereffective|p1a: Zapdos\n|-damage|p1a: Zapdos|0 fnt\n|faint|p1a: Zapdos\n|\n|upkeep\n|-message|ayevon forfeited.\n|\n|win|not mb\n|raw|ayevon's rating: 1911 &rarr; <strong>1896<\/strong><br \/>(-15 for losing)\n|raw|not mb's rating: 2003 &rarr; <strong>2018<\/strong><br \/>(+15 for winning)\n|l|\u2606ayevon\n|l| devwin\n|l|\u203dnot mb\n|l| Dr1llSargent\n|l| Tavo mtz\n|l| Mitymouse11\n","uploadtime":1624407429,"views":138,"p1id":"ayevon","p2id":"notmb","formatid":"gen8ou","rating":1896,"private":0,"password":null}