{"id":"gen8uu-1277937764","p1":"LolzMachine","p2":"ramo acne","format":"gen8uu","log":"|j|\u2606LolzMachine\n|j|\u2606ramo acne\n|t:|1612725527\n|player|p1|LolzMachine|294|1611\n|player|p2|ramo acne|teacher-gen2|1553\n|teamsize|p1|6\n|teamsize|p2|6\n|gametype|singles\n|gen|8\n|tier|[Gen 8] UU\n|rated|\n|clearpoke\n|poke|p1|Regidrago|\n|poke|p1|Araquanid, M|\n|poke|p1|Nidoqueen, F|\n|poke|p1|Moltres-Galar|\n|poke|p1|Mimikyu, F|\n|poke|p1|Bisharp, F|\n|poke|p2|Shuckle, F|\n|poke|p2|Bisharp, M|\n|poke|p2|Azumarill, M|\n|poke|p2|Victini|\n|poke|p2|Thundurus-Therian, M|\n|poke|p2|Scizor, F|\n|rule|Sleep Clause Mod: Limit one foe put to sleep\n|rule|Species Clause: Limit one of each Pok\u00e9mon\n|rule|OHKO Clause: OHKO moves are banned\n|rule|Evasion Moves Clause: Evasion moves are banned\n|rule|Endless Battle Clause: Forcing endless battles is banned\n|rule|HP Percentage Mod: HP is shown in percentages\n|rule|Dynamax Clause: You cannot dynamax\n|teampreview\n|\n|t:|1612725567\n|start\n|switch|p1a: Araquanid|Araquanid, M|100\/100\n|switch|p2a: Shuckle|Shuckle, F|100\/100\n|turn|1\n|\n|t:|1612725572\n|move|p1a: Araquanid|Magic Coat|p1a: Araquanid\n|-singleturn|p1a: Araquanid|move: Magic Coat\n|move|p2a: Shuckle|Infestation|p1a: Araquanid\n|-damage|p1a: Araquanid|98\/100\n|-activate|p1a: Araquanid|move: Infestation|[of] p2a: Shuckle\n|\n|-damage|p1a: Araquanid|86\/100|[from] move: Infestation|[partiallytrapped]\n|upkeep\n|turn|2\n|\n|t:|1612725582\n|move|p1a: Araquanid|Sticky Web|p2a: Shuckle\n|-sidestart|p2: ramo acne|move: Sticky Web\n|move|p2a: Shuckle|Encore|p1a: Araquanid\n|-start|p1a: Araquanid|Encore\n|\n|-damage|p1a: Araquanid|74\/100|[from] move: Infestation|[partiallytrapped]\n|upkeep\n|turn|3\n|\n|t:|1612725590\n|move|p1a: Araquanid|Sticky Web||[still]\n|-fail|p1a: Araquanid\n|move|p2a: Shuckle|Stealth Rock|p1a: Araquanid\n|-sidestart|p1: LolzMachine|move: Stealth Rock\n|\n|-damage|p1a: Araquanid|62\/100|[from] move: Infestation|[partiallytrapped]\n|upkeep\n|turn|4\n|\n|t:|1612725605\n|switch|p2a: Bisharp|Bisharp, M|100\/100\n|-activate|p2a: Bisharp|move: Sticky Web\n|-unboost|p2a: Bisharp|spe|1\n|-ability|p2a: Bisharp|Defiant\n|-boost|p2a: Bisharp|atk|2\n|move|p1a: Araquanid|Sticky Web||[still]\n|-fail|p1a: Araquanid\n|\n|-end|p1a: Araquanid|Infestation|[partiallytrapped]|[silent]\n|upkeep\n|turn|5\n|\n|t:|1612725624\n|move|p1a: Araquanid|Sticky Web||[still]\n|-fail|p1a: Araquanid\n|move|p2a: Bisharp|Swords Dance|p2a: Bisharp\n|-boost|p2a: Bisharp|atk|2\n|\n|-end|p1a: Araquanid|Encore\n|upkeep\n|turn|6\n|\n|t:|1612725631\n|move|p2a: Bisharp|Sucker Punch|p1a: Araquanid\n|-damage|p1a: Araquanid|0 fnt\n|faint|p1a: Araquanid\n|\n|upkeep\n|\n|t:|1612725637\n|switch|p1a: Mimikyu|Mimikyu, F|100\/100\n|-damage|p1a: Mimikyu|88\/100|[from] Stealth Rock\n|turn|7\n|\n|t:|1612725645\n|move|p1a: Mimikyu|Play Rough|p2a: Bisharp\n|-damage|p2a: Bisharp|39\/100\n|-damage|p1a: Mimikyu|78\/100|[from] item: Life Orb\n|move|p2a: Bisharp|Knock Off|p1a: Mimikyu\n|-activate|p1a: Mimikyu|ability: Disguise\n|-damage|p1a: Mimikyu|78\/100\n|-enditem|p1a: Mimikyu|Life Orb|[from] move: Knock Off|[of] p2a: Bisharp\n|detailschange|p1a: Mimikyu|Mimikyu-Busted, F\n|-damage|p1a: Mimikyu|66\/100|[from] pokemon: Mimikyu-Busted\n|\n|upkeep\n|turn|8\n|\n|t:|1612725659\n|move|p1a: Mimikyu|Swords Dance|p1a: Mimikyu\n|-boost|p1a: Mimikyu|atk|2\n|move|p2a: Bisharp|Iron Head|p1a: Mimikyu\n|-supereffective|p1a: Mimikyu\n|-crit|p1a: Mimikyu\n|-damage|p1a: Mimikyu|0 fnt\n|faint|p1a: Mimikyu\n|\n|upkeep\n|\n|t:|1612725663\n|switch|p1a: Bisharp|Bisharp, F|100\/100\n|-damage|p1a: Bisharp|95\/100|[from] Stealth Rock\n|turn|9\n|\n|t:|1612725671\n|move|p1a: Bisharp|Knock Off|p2a: Bisharp\n|-resisted|p2a: Bisharp\n|-damage|p2a: Bisharp|0 fnt\n|-enditem|p2a: Bisharp|Black Glasses|[from] move: Knock Off|[of] p1a: Bisharp\n|-damage|p1a: Bisharp|85\/100|[from] item: Life Orb\n|faint|p2a: Bisharp\n|\n|upkeep\n|\n|t:|1612725685\n|switch|p2a: Thundurus|Thundurus-Therian, M|100\/100\n|turn|10\n|\n|t:|1612725693\n|move|p1a: Bisharp|Sucker Punch|p2a: Thundurus\n|-damage|p2a: Thundurus|17\/100\n|-damage|p1a: Bisharp|75\/100|[from] item: Life Orb\n|move|p2a: Thundurus|Focus Blast|p1a: Bisharp|[miss]\n|-miss|p2a: Thundurus|p1a: Bisharp\n|\n|upkeep\n|turn|11\n|\n|t:|1612725706\n|switch|p2a: Shuckle|Shuckle, F|100\/100\n|-activate|p2a: Shuckle|move: Sticky Web\n|-unboost|p2a: Shuckle|spe|1\n|move|p1a: Bisharp|Sucker Punch||[still]\n|-fail|p1a: Bisharp\n|\n|upkeep\n|turn|12\n|\n|t:|1612725720\n|move|p1a: Bisharp|Iron Head|p2a: Shuckle\n|-supereffective|p2a: Shuckle\n|-crit|p2a: Shuckle\n|-damage|p2a: Shuckle|11\/100\n|-damage|p1a: Bisharp|65\/100|[from] item: Life Orb\n|move|p2a: Shuckle|Encore|p1a: Bisharp\n|-start|p1a: Bisharp|Encore\n|\n|upkeep\n|turn|13\n|\n|t:|1612725756\n|switch|p1a: Nidoqueen|Nidoqueen, F|100\/100\n|-damage|p1a: Nidoqueen|94\/100|[from] Stealth Rock\n|switch|p2a: Victini|Victini|100\/100\n|\n|upkeep\n|turn|14\n|\n|t:|1612725777\n|switch|p1a: Regidrago|Regidrago|100\/100\n|-damage|p1a: Regidrago|88\/100|[from] Stealth Rock\n|move|p2a: Victini|U-turn|p1a: Regidrago\n|-damage|p1a: Regidrago|71\/100\n|\n|t:|1612725789\n|switch|p2a: Azumarill|Azumarill, M|100\/100|[from]move: U-turn\n|-activate|p2a: Azumarill|move: Sticky Web\n|-unboost|p2a: Azumarill|spe|1\n|\n|upkeep\n|turn|15\n|\n|t:|1612725797\n|move|p1a: Regidrago|Ancient Power|p2a: Azumarill\n|-damage|p2a: Azumarill|63\/100\n|move|p2a: Azumarill|Belly Drum|p2a: Azumarill\n|-damage|p2a: Azumarill|13\/100\n|-setboost|p2a: Azumarill|atk|6|[from] move: Belly Drum\n|-enditem|p2a: Azumarill|Sitrus Berry|[eat]\n|-heal|p2a: Azumarill|38\/100|[from] item: Sitrus Berry\n|\n|upkeep\n|turn|16\n|\n|t:|1612725804\n|move|p2a: Azumarill|Aqua Jet|p1a: Regidrago\n|-resisted|p1a: Regidrago\n|-damage|p1a: Regidrago|18\/100\n|move|p1a: Regidrago|Ancient Power|p2a: Azumarill\n|-damage|p2a: Azumarill|6\/100\n|\n|upkeep\n|turn|17\n|\n|t:|1612725810\n|move|p2a: Azumarill|Aqua Jet|p1a: Regidrago\n|-resisted|p1a: Regidrago\n|-damage|p1a: Regidrago|0 fnt\n|faint|p1a: Regidrago\n|\n|upkeep\n|\n|t:|1612725812\n|switch|p1a: Bisharp|Bisharp, F|65\/100\n|-damage|p1a: Bisharp|59\/100|[from] Stealth Rock\n|turn|18\n|\n|t:|1612725822\n|switch|p2a: Shuckle|Shuckle, F|11\/100\n|-activate|p2a: Shuckle|move: Sticky Web\n|-unboost|p2a: Shuckle|spe|1\n|move|p1a: Bisharp|Sucker Punch||[still]\n|-fail|p1a: Bisharp\n|\n|upkeep\n|turn|19\n|-enditem|p2a: Shuckle|Custap Berry|[eat]\n|-activate|p2a: Shuckle|item: Custap Berry|[consumed]\n|\n|t:|1612725829\n|move|p2a: Shuckle|Encore|p1a: Bisharp\n|-start|p1a: Bisharp|Encore\n|move|p1a: Bisharp|Sucker Punch||[still]\n|-fail|p1a: Bisharp\n|\n|upkeep\n|turn|20\n|\n|t:|1612725839\n|move|p1a: Bisharp|Sucker Punch|p2a: Shuckle\n|-damage|p2a: Shuckle|0 fnt\n|-damage|p1a: Bisharp|49\/100|[from] item: Life Orb\n|faint|p2a: Shuckle\n|\n|upkeep\n|\n|t:|1612725852\n|switch|p2a: Scizor|Scizor, F|100\/100\n|-activate|p2a: Scizor|move: Sticky Web\n|-unboost|p2a: Scizor|spe|1\n|turn|21\n|\n|t:|1612725858\n|switch|p1a: Nidoqueen|Nidoqueen, F|94\/100\n|-damage|p1a: Nidoqueen|88\/100|[from] Stealth Rock\n|move|p2a: Scizor|Swords Dance|p2a: Scizor\n|-boost|p2a: Scizor|atk|2\n|\n|upkeep\n|turn|22\n|\n|t:|1612725882\n|switch|p2a: Thundurus|Thundurus-Therian, M|17\/100\n|move|p1a: Nidoqueen|Fire Blast|p2a: Thundurus\n|-damage|p2a: Thundurus|0 fnt\n|faint|p2a: Thundurus\n|\n|upkeep\n|\n|t:|1612725889\n|switch|p2a: Victini|Victini|100\/100\n|turn|23\n|\n|t:|1612725900\n|move|p2a: Victini|Psychic|p1a: Nidoqueen\n|-supereffective|p1a: Nidoqueen\n|-damage|p1a: Nidoqueen|0 fnt\n|faint|p1a: Nidoqueen\n|\n|upkeep\n|\n|t:|1612725906\n|switch|p1a: Bisharp|Bisharp, F|49\/100\n|-damage|p1a: Bisharp|43\/100|[from] Stealth Rock\n|turn|24\n|j| Tupac_alive_2021\n|\n|t:|1612725926\n|move|p1a: Bisharp|Sucker Punch|p2a: Victini\n|-supereffective|p2a: Victini\n|-damage|p2a: Victini|0 fnt\n|-damage|p1a: Bisharp|33\/100|[from] item: Life Orb\n|faint|p2a: Victini\n|\n|upkeep\n|\n|t:|1612725937\n|switch|p2a: Azumarill|Azumarill, M|6\/100\n|-activate|p2a: Azumarill|move: Sticky Web\n|-unboost|p2a: Azumarill|spe|1\n|turn|25\n|\n|t:|1612725953\n|switch|p2a: Scizor|Scizor, F|100\/100\n|-activate|p2a: Scizor|move: Sticky Web\n|-unboost|p2a: Scizor|spe|1\n|move|p1a: Bisharp|Sucker Punch||[still]\n|-fail|p1a: Bisharp\n|\n|upkeep\n|turn|26\n|\n|t:|1612725989\n|move|p2a: Scizor|Bullet Punch|p1a: Bisharp\n|-resisted|p1a: Bisharp\n|-damage|p1a: Bisharp|2\/100\n|-damage|p2a: Scizor|91\/100|[from] item: Life Orb\n|move|p1a: Bisharp|Knock Off|p2a: Scizor\n|-damage|p2a: Scizor|5\/100\n|-enditem|p2a: Scizor|Life Orb|[from] move: Knock Off|[of] p1a: Bisharp\n|-damage|p1a: Bisharp|0 fnt|[from] item: Life Orb\n|faint|p1a: Bisharp\n|\n|upkeep\n|\n|t:|1612725993\n|switch|p1a: Moltres|Moltres-Galar|100\/100\n|-damage|p1a: Moltres|76\/100|[from] Stealth Rock\n|turn|27\n|\n|t:|1612726001\n|move|p2a: Scizor|Bullet Punch|p1a: Moltres\n|-damage|p1a: Moltres|38\/100\n|-ability|p1a: Moltres|Berserk|boost\n|-boost|p1a: Moltres|spa|1\n|move|p1a: Moltres|Fiery Wrath|p2a: Scizor\n|-damage|p2a: Scizor|0 fnt\n|faint|p2a: Scizor\n|\n|upkeep\n|\n|t:|1612726006\n|switch|p2a: Azumarill|Azumarill, M|6\/100\n|-activate|p2a: Azumarill|move: Sticky Web\n|-unboost|p2a: Azumarill|spe|1\n|turn|28\n|\n|t:|1612726008\n|move|p2a: Azumarill|Aqua Jet|p1a: Moltres\n|-damage|p1a: Moltres|11\/100\n|move|p1a: Moltres|Fiery Wrath|p2a: Azumarill\n|-resisted|p2a: Azumarill\n|-damage|p2a: Azumarill|0 fnt\n|faint|p2a: Azumarill\n|\n|win|LolzMachine\n|l|\u2606ramo acne\n||Ladder (probably) updated, but score could not be retrieved (Request timeout).\n","uploadtime":1612726144,"views":24,"p1id":"lolzmachine","p2id":"ramoacne","formatid":"gen8uu","rating":0,"private":0,"password":null}