{"id":"gen8ou-1438482130","p1":"Acey 2B!","p2":"rigmortus","format":"gen8ou","log":"|j|\u2606Acey 2B!\n|j|\u2606rigmortus\n|t:|1634673470\n|gametype|singles\n|player|p1|Acey 2B!|winona-gen6|1810\n|player|p2|rigmortus|lucas|1859\n|teamsize|p1|6\n|teamsize|p2|6\n|gen|8\n|tier|[Gen 8] OU\n|rated|\n|rule|Sleep Clause Mod: Limit one foe put to sleep\n|rule|Species Clause: Limit one of each Pok\u00e9mon\n|rule|OHKO Clause: OHKO moves are banned\n|rule|Evasion Moves Clause: Evasion moves are banned\n|rule|Endless Battle Clause: Forcing endless battles is banned\n|rule|HP Percentage Mod: HP is shown in percentages\n|rule|Dynamax Clause: You cannot dynamax\n|clearpoke\n|poke|p1|Clefable, F|\n|poke|p1|Ferrothorn, M|\n|poke|p1|Toxapex, M|\n|poke|p1|Tornadus-Therian, M|\n|poke|p1|Hippowdon, F|\n|poke|p1|Dragapult, F|\n|poke|p2|Skarmory, F|\n|poke|p2|Rotom-Wash|\n|poke|p2|Heatran, M|\n|poke|p2|Landorus-Therian, M|\n|poke|p2|Tapu Lele|\n|poke|p2|Dragapult, M|\n|teampreview\n|inactive|Battle timer is ON: inactive players will automatically lose when time's up. (requested by rigmortus)\n|inactive|Acey 2B! has 120 seconds left.\n|j| dying breath\n|\n|t:|1634673522\n|start\n|switch|p1a: Wraith|Dragapult, F|100\/100\n|switch|p2a: Rotom|Rotom-Wash|100\/100\n|turn|1\n|l| dying breath\n|j| Shofu1234\n|\n|t:|1634673530\n|switch|p1a: Psamathe|Hippowdon, F, shiny|100\/100\n|-weather|Sandstorm|[from] ability: Sand Stream|[of] p1a: Psamathe\n|switch|p2a: Heatran|Heatran, M|100\/100\n|\n|-weather|Sandstorm|[upkeep]\n|upkeep\n|turn|2\n|j| dying breath\n|\n|t:|1634673541\n|switch|p2a: Skarmory|Skarmory, F|100\/100\n|switch|p1a: Raiden|Tornadus-Therian, M, shiny|100\/100\n|\n|-weather|Sandstorm|[upkeep]\n|-damage|p1a: Raiden|94\/100|[from] Sandstorm\n|upkeep\n|turn|3\n|\n|t:|1634673548\n|switch|p2a: Rotom|Rotom-Wash|100\/100\n|move|p1a: Raiden|Knock Off|p2a: Rotom\n|-damage|p2a: Rotom|81\/100\n|-enditem|p2a: Rotom|Choice Scarf|[from] move: Knock Off|[of] p1a: Raiden\n|\n|-weather|Sandstorm|[upkeep]\n|-damage|p1a: Raiden|88\/100|[from] Sandstorm\n|-damage|p2a: Rotom|75\/100|[from] Sandstorm\n|upkeep\n|turn|4\n|\n|t:|1634673553\n|move|p1a: Raiden|U-turn|p2a: Rotom\n|-damage|p2a: Rotom|63\/100\n|\n|t:|1634673555\n|switch|p1a: Meruem|Ferrothorn, M|100\/100|[from]move: U-turn\n|move|p2a: Rotom|Trick|p1a: Meruem\n|-activate|p2a: Rotom|move: Trick|[of] p1a: Meruem\n|-enditem|p1a: Meruem|Leftovers|[silent]|[from] move: Trick\n|-item|p2a: Rotom|Leftovers|[from] move: Trick\n|\n|-weather|Sandstorm|[upkeep]\n|-damage|p2a: Rotom|57\/100|[from] Sandstorm\n|-heal|p2a: Rotom|63\/100|[from] item: Leftovers\n|upkeep\n|turn|5\n|\n|t:|1634673561\n|move|p2a: Rotom|Volt Switch|p1a: Meruem\n|-resisted|p1a: Meruem\n|-damage|p1a: Meruem|92\/100\n|\n|t:|1634673568\n|switch|p2a: Skarmory|Skarmory, F|100\/100|[from]move: Volt Switch\n|move|p1a: Meruem|Knock Off|p2a: Skarmory\n|-damage|p2a: Skarmory|88\/100\n|-damage|p1a: Meruem|75\/100|[from] item: Rocky Helmet|[of] p2a: Skarmory\n|-enditem|p2a: Skarmory|Rocky Helmet|[from] move: Knock Off|[of] p1a: Meruem\n|\n|-weather|none\n|upkeep\n|turn|6\n|\n|t:|1634673576\n|switch|p1a: Raiden|Tornadus-Therian, M, shiny|100\/100\n|move|p2a: Skarmory|Body Press|p1a: Raiden\n|-resisted|p1a: Raiden\n|-damage|p1a: Raiden|84\/100\n|\n|upkeep\n|turn|7\n|\n|t:|1634673579\n|switch|p2a: Rotom|Rotom-Wash|63\/100\n|move|p1a: Raiden|Knock Off|p2a: Rotom\n|-damage|p2a: Rotom|45\/100\n|-enditem|p2a: Rotom|Leftovers|[from] move: Knock Off|[of] p1a: Raiden\n|\n|upkeep\n|turn|8\n|\n|t:|1634673585\n|move|p1a: Raiden|U-turn|p2a: Rotom\n|-damage|p2a: Rotom|31\/100\n|\n|t:|1634673587\n|switch|p1a: Carnage|Toxapex, M, shiny|100\/100|[from]move: U-turn\n|move|p2a: Rotom|Pain Split|p1a: Carnage\n|-sethp|p1a: Carnage|66\/100|[from] move: Pain Split|[silent]\n|-sethp|p2a: Rotom|66\/100|[from] move: Pain Split\n|\n|upkeep\n|turn|9\n|c|\u2606Acey 2B!|mislcick\n|\n|t:|1634673596\n|move|p2a: Rotom|Volt Switch|p1a: Carnage\n|-supereffective|p1a: Carnage\n|-damage|p1a: Carnage|29\/100\n|\n|t:|1634673599\n|switch|p2a: Heatran|Heatran, M|100\/100|[from]move: Volt Switch\n|move|p1a: Carnage|Toxic Spikes|p2a: Heatran\n|-sidestart|p2: rigmortus|move: Toxic Spikes\n|\n|upkeep\n|turn|10\n|\n|t:|1634673605\n|switch|p1a: Psamathe|Hippowdon, F, shiny|100\/100\n|-weather|Sandstorm|[from] ability: Sand Stream|[of] p1a: Psamathe\n|move|p2a: Heatran|Stealth Rock|p1a: Psamathe\n|-sidestart|p1: Acey 2B!|move: Stealth Rock\n|\n|-weather|Sandstorm|[upkeep]\n|upkeep\n|turn|11\n|\n|t:|1634673614\n|switch|p2a: Skarmory|Skarmory, F|88\/100\n|switch|p1a: Raiden|Tornadus-Therian, M, shiny|100\/100\n|\n|-weather|Sandstorm|[upkeep]\n|-damage|p1a: Raiden|94\/100|[from] Sandstorm\n|upkeep\n|turn|12\n|\n|t:|1634673620\n|switch|p2a: Rotom|Rotom-Wash|66\/100\n|move|p1a: Raiden|Knock Off|p2a: Rotom\n|-damage|p2a: Rotom|53\/100\n|\n|-weather|Sandstorm|[upkeep]\n|-damage|p1a: Raiden|88\/100|[from] Sandstorm\n|-damage|p2a: Rotom|47\/100|[from] Sandstorm\n|upkeep\n|turn|13\n|\n|t:|1634673625\n|move|p1a: Raiden|U-turn|p2a: Rotom\n|-damage|p2a: Rotom|33\/100\n|\n|t:|1634673626\n|switch|p1a: Meruem|Ferrothorn, M|75\/100|[from]move: U-turn\n|-damage|p1a: Meruem|69\/100|[from] Stealth Rock\n|move|p2a: Rotom|Pain Split|p1a: Meruem\n|-sethp|p1a: Meruem|49\/100|[from] move: Pain Split|[silent]\n|-sethp|p2a: Rotom|56\/100|[from] move: Pain Split\n|\n|-weather|Sandstorm|[upkeep]\n|-damage|p2a: Rotom|50\/100|[from] Sandstorm\n|upkeep\n|turn|14\n|\n|t:|1634673633\n|move|p2a: Rotom|Volt Switch|p1a: Meruem\n|-resisted|p1a: Meruem\n|-damage|p1a: Meruem|41\/100\n|\n|t:|1634673637\n|switch|p2a: Skarmory|Skarmory, F|88\/100|[from]move: Volt Switch\n|move|p1a: Meruem|Leech Seed|p2a: Skarmory\n|-start|p2a: Skarmory|move: Leech Seed\n|\n|-weather|none\n|-damage|p2a: Skarmory|76\/100|[from] Leech Seed|[of] p1a: Meruem\n|-heal|p1a: Meruem|53\/100|[silent]\n|upkeep\n|turn|15\n|\n|t:|1634673643\n|switch|p2a: Heatran|Heatran, M|100\/100\n|switch|p1a: Raiden|Tornadus-Therian, M, shiny|100\/100\n|\n|upkeep\n|turn|16\n|\n|t:|1634673647\n|switch|p2a: Rotom|Rotom-Wash|50\/100\n|move|p1a: Raiden|Knock Off|p2a: Rotom\n|-damage|p2a: Rotom|38\/100\n|\n|upkeep\n|turn|17\n|\n|t:|1634673654\n|move|p1a: Raiden|U-turn|p2a: Rotom\n|-damage|p2a: Rotom|26\/100\n|\n|t:|1634673656\n|switch|p1a: Meruem|Ferrothorn, M|53\/100|[from]move: U-turn\n|-damage|p1a: Meruem|47\/100|[from] Stealth Rock\n|move|p2a: Rotom|Pain Split|p1a: Meruem\n|-sethp|p1a: Meruem|34\/100|[from] move: Pain Split|[silent]\n|-sethp|p2a: Rotom|40\/100|[from] move: Pain Split\n|\n|upkeep\n|turn|18\n|\n|t:|1634673663\n|move|p2a: Rotom|Volt Switch|p1a: Meruem\n|-resisted|p1a: Meruem\n|-damage|p1a: Meruem|26\/100\n|\n|t:|1634673667\n|switch|p2a: Skarmory|Skarmory, F|76\/100|[from]move: Volt Switch\n|move|p1a: Meruem|Leech Seed|p2a: Skarmory\n|-start|p2a: Skarmory|move: Leech Seed\n|\n|-damage|p2a: Skarmory|64\/100|[from] Leech Seed|[of] p1a: Meruem\n|-heal|p1a: Meruem|38\/100|[silent]\n|upkeep\n|turn|19\n|\n|t:|1634673688\n|switch|p2a: Heatran|Heatran, M|100\/100\n|move|p1a: Meruem|Spikes|p2a: Heatran\n|-sidestart|p2: rigmortus|Spikes\n|\n|upkeep\n|turn|20\n|\n|t:|1634673695\n|switch|p1a: Psamathe|Hippowdon, F, shiny|100\/100\n|-weather|Sandstorm|[from] ability: Sand Stream|[of] p1a: Psamathe\n|move|p2a: Heatran|Magma Storm|p1a: Psamathe\n|-damage|p1a: Psamathe|70\/100\n|-activate|p1a: Psamathe|move: Magma Storm|[of] p2a: Heatran\n|\n|-weather|Sandstorm|[upkeep]\n|-damage|p1a: Psamathe|57\/100|[from] move: Magma Storm|[partiallytrapped]\n|upkeep\n|turn|21\n|\n|t:|1634673707\n|switch|p2a: Skarmory|Skarmory, F|64\/100\n|move|p1a: Psamathe|Slack Off|p1a: Psamathe\n|-heal|p1a: Psamathe|100\/100\n|\n|-weather|Sandstorm|[upkeep]\n|-end|p1a: Psamathe|Magma Storm|[partiallytrapped]|[silent]\n|upkeep\n|turn|22\n|\n|t:|1634673711\n|move|p2a: Skarmory|Spikes|p1a: Psamathe\n|-sidestart|p1: Acey 2B!|Spikes\n|move|p1a: Psamathe|Stealth Rock|p2a: Skarmory\n|-sidestart|p2: rigmortus|move: Stealth Rock\n|\n|-weather|Sandstorm|[upkeep]\n|upkeep\n|turn|23\n|j| meatybawls\n|\n|t:|1634673719\n|switch|p2a: Rotom|Rotom-Wash|40\/100\n|-damage|p2a: Rotom|27\/100|[from] Stealth Rock\n|switch|p1a: Raiden|Tornadus-Therian, M, shiny|100\/100\n|\n|-weather|Sandstorm|[upkeep]\n|-damage|p1a: Raiden|94\/100|[from] Sandstorm\n|-damage|p2a: Rotom|21\/100|[from] Sandstorm\n|upkeep\n|turn|24\n|\n|t:|1634673732\n|move|p1a: Raiden|U-turn|p2a: Rotom\n|-damage|p2a: Rotom|7\/100\n|\n|t:|1634673734\n|switch|p1a: Meruem|Ferrothorn, M|38\/100|[from]move: U-turn\n|-damage|p1a: Meruem|32\/100|[from] Stealth Rock\n|-damage|p1a: Meruem|19\/100|[from] Spikes\n|move|p2a: Rotom|Volt Switch|p1a: Meruem\n|-resisted|p1a: Meruem\n|-damage|p1a: Meruem|12\/100\n|\n|t:|1634673742\n|switch|p2a: Landorus|Landorus-Therian, M|100\/100|[from]move: Volt Switch\n|-damage|p2a: Landorus|88\/100|[from] Stealth Rock\n|-ability|p2a: Landorus|Intimidate|boost\n|-unboost|p1a: Meruem|atk|1\n|\n|-weather|none\n|-heal|p2a: Landorus|94\/100|[from] item: Leftovers\n|upkeep\n|turn|25\n|\n|t:|1634673751\n|move|p2a: Landorus|Earthquake|p1a: Meruem\n|-damage|p1a: Meruem|0 fnt\n|faint|p1a: Meruem\n|\n|-heal|p2a: Landorus|99\/100|[from] item: Leftovers\n|upkeep\n|\n|t:|1634673761\n|switch|p1a: Psamathe|Hippowdon, F, shiny|100\/100\n|-weather|Sandstorm|[from] ability: Sand Stream|[of] p1a: Psamathe\n|turn|26\n|\n|t:|1634673766\n|move|p2a: Landorus|U-turn|p1a: Psamathe\n|-damage|p1a: Psamathe|83\/100\n|\n|t:|1634673769\n|switch|p2a: Skarmory|Skarmory, F|64\/100|[from]move: U-turn\n|-damage|p2a: Skarmory|51\/100|[from] Stealth Rock\n|move|p1a: Psamathe|Toxic|p2a: Skarmory\n|-immune|p2a: Skarmory\n|\n|-weather|Sandstorm|[upkeep]\n|upkeep\n|turn|27\n|\n|t:|1634673778\n|switch|p2a: Landorus|Landorus-Therian, M|99\/100\n|-damage|p2a: Landorus|88\/100|[from] Stealth Rock\n|-ability|p2a: Landorus|Intimidate|boost\n|-unboost|p1a: Psamathe|atk|1\n|move|p1a: Psamathe|Earthquake|p2a: Landorus\n|-immune|p2a: Landorus\n|\n|-weather|Sandstorm|[upkeep]\n|-heal|p2a: Landorus|94\/100|[from] item: Leftovers\n|upkeep\n|turn|28\n|\n|t:|1634673781\n|move|p2a: Landorus|U-turn|p1a: Psamathe\n|-damage|p1a: Psamathe|68\/100\n|\n|t:|1634673783\n|switch|p2a: Skarmory|Skarmory, F|51\/100|[from]move: U-turn\n|-damage|p2a: Skarmory|39\/100|[from] Stealth Rock\n|move|p1a: Psamathe|Toxic|p2a: Skarmory\n|-immune|p2a: Skarmory\n|\n|-weather|Sandstorm|[upkeep]\n|upkeep\n|turn|29\n|\n|t:|1634673786\n|switch|p2a: Landorus|Landorus-Therian, M|94\/100\n|-damage|p2a: Landorus|82\/100|[from] Stealth Rock\n|-ability|p2a: Landorus|Intimidate|boost\n|-unboost|p1a: Psamathe|atk|1\n|move|p1a: Psamathe|Slack Off|p1a: Psamathe\n|-heal|p1a: Psamathe|100\/100\n|\n|-weather|Sandstorm|[upkeep]\n|-heal|p2a: Landorus|88\/100|[from] item: Leftovers\n|upkeep\n|turn|30\n|\n|t:|1634673790\n|move|p2a: Landorus|U-turn|p1a: Psamathe\n|-damage|p1a: Psamathe|85\/100\n|\n|t:|1634673791\n|switch|p2a: Skarmory|Skarmory, F|39\/100|[from]move: U-turn\n|-damage|p2a: Skarmory|27\/100|[from] Stealth Rock\n|move|p1a: Psamathe|Toxic|p2a: Skarmory\n|-immune|p2a: Skarmory\n|\n|-weather|none\n|upkeep\n|turn|31\n|\n|t:|1634673793\n|switch|p1a: Raiden|Tornadus-Therian, M, shiny|100\/100\n|move|p2a: Skarmory|Roost|p2a: Skarmory\n|-heal|p2a: Skarmory|77\/100\n|-singleturn|p2a: Skarmory|move: Roost\n|\n|upkeep\n|turn|32\n|\n|t:|1634673798\n|switch|p2a: Landorus|Landorus-Therian, M|88\/100\n|-damage|p2a: Landorus|75\/100|[from] Stealth Rock\n|-ability|p2a: Landorus|Intimidate|boost\n|-unboost|p1a: Raiden|atk|1\n|move|p1a: Raiden|Heat Wave|p2a: Landorus|[miss]\n|-miss|p1a: Raiden|p2a: Landorus\n|\n|-heal|p2a: Landorus|81\/100|[from] item: Leftovers\n|upkeep\n|turn|33\n|\n|t:|1634673802\n|move|p1a: Raiden|U-turn|p2a: Landorus\n|-resisted|p2a: Landorus\n|-damage|p2a: Landorus|76\/100\n|\n|t:|1634673804\n|switch|p1a: Gwyndolin|Clefable, F|100\/100|[from]move: U-turn\n|move|p2a: Landorus|Knock Off|p1a: Gwyndolin\n|-resisted|p1a: Gwyndolin\n|-damage|p1a: Gwyndolin|88\/100\n|-enditem|p1a: Gwyndolin|Life Orb|[from] move: Knock Off|[of] p2a: Landorus\n|\n|-heal|p2a: Landorus|82\/100|[from] item: Leftovers\n|upkeep\n|turn|34\n|\n|t:|1634673811\n|move|p2a: Landorus|Defog|p1a: Gwyndolin\n|-unboost|p1a: Gwyndolin|evasion|1\n|-sideend|p1: Acey 2B!|Spikes|[from] move: Defog|[of] p2a: Landorus\n|-sideend|p1: Acey 2B!|Stealth Rock|[from] move: Defog|[of] p2a: Landorus\n|-sideend|p2: rigmortus|Spikes|[from] move: Defog|[of] p2a: Landorus\n|-sideend|p2: rigmortus|Toxic Spikes|[from] move: Defog|[of] p2a: Landorus\n|-sideend|p2: rigmortus|Stealth Rock|[from] move: Defog|[of] p2a: Landorus\n|move|p1a: Gwyndolin|Soft-Boiled|p1a: Gwyndolin\n|-heal|p1a: Gwyndolin|100\/100\n|\n|-heal|p2a: Landorus|88\/100|[from] item: Leftovers\n|upkeep\n|turn|35\n|\n|t:|1634673815\n|switch|p1a: Raiden|Tornadus-Therian, M, shiny|100\/100\n|move|p2a: Landorus|U-turn|p1a: Raiden\n|-resisted|p1a: Raiden\n|-damage|p1a: Raiden|88\/100\n|\n|t:|1634673831\n|switch|p2a: Heatran|Heatran, M|100\/100|[from]move: U-turn\n|\n|upkeep\n|turn|36\n|\n|t:|1634673837\n|move|p1a: Raiden|Knock Off|p2a: Heatran\n|-damage|p2a: Heatran|82\/100\n|-enditem|p2a: Heatran|Leftovers|[from] move: Knock Off|[of] p1a: Raiden\n|move|p2a: Heatran|Magma Storm|p1a: Raiden\n|-damage|p1a: Raiden|42\/100\n|-activate|p1a: Raiden|move: Magma Storm|[of] p2a: Heatran\n|\n|-damage|p1a: Raiden|30\/100|[from] move: Magma Storm|[partiallytrapped]\n|upkeep\n|turn|37\n|\n|t:|1634673845\n|move|p1a: Raiden|U-turn|p2a: Heatran\n|-resisted|p2a: Heatran\n|-damage|p2a: Heatran|79\/100\n|\n|t:|1634673847\n|switch|p1a: Psamathe|Hippowdon, F, shiny|85\/100|[from]move: U-turn\n|-weather|Sandstorm|[from] ability: Sand Stream|[of] p1a: Psamathe\n|move|p2a: Heatran|Stealth Rock|p1a: Psamathe\n|-sidestart|p1: Acey 2B!|move: Stealth Rock\n|\n|-weather|Sandstorm|[upkeep]\n|upkeep\n|turn|38\n|\n|t:|1634673859\n|switch|p2a: Skarmory|Skarmory, F|77\/100\n|move|p1a: Psamathe|Stealth Rock|p2a: Skarmory\n|-sidestart|p2: rigmortus|move: Stealth Rock\n|\n|-weather|Sandstorm|[upkeep]\n|upkeep\n|turn|39\n|\n|t:|1634673863\n|switch|p1a: Raiden|Tornadus-Therian, M, shiny|63\/100\n|move|p2a: Skarmory|Spikes|p1a: Raiden\n|-sidestart|p1: Acey 2B!|Spikes\n|\n|-weather|Sandstorm|[upkeep]\n|-damage|p1a: Raiden|57\/100|[from] Sandstorm\n|upkeep\n|turn|40\n|\n|t:|1634673870\n|move|p1a: Raiden|U-turn|p2a: Skarmory\n|-resisted|p2a: Skarmory\n|-damage|p2a: Skarmory|75\/100\n|\n|t:|1634673873\n|switch|p1a: Gwyndolin|Clefable, F|100\/100|[from]move: U-turn\n|move|p2a: Skarmory|Roost|p2a: Skarmory\n|-heal|p2a: Skarmory|100\/100\n|-singleturn|p2a: Skarmory|move: Roost\n|\n|-weather|Sandstorm|[upkeep]\n|upkeep\n|turn|41\n|\n|t:|1634673878\n|switch|p2a: Heatran|Heatran, M|79\/100\n|-damage|p2a: Heatran|67\/100|[from] Stealth Rock\n|move|p1a: Gwyndolin|Moonblast|p2a: Heatran\n|-resisted|p2a: Heatran\n|-damage|p2a: Heatran|62\/100\n|\n|-weather|none\n|upkeep\n|turn|42\n|\n|t:|1634673884\n|switch|p1a: Psamathe|Hippowdon, F, shiny|85\/100\n|-weather|Sandstorm|[from] ability: Sand Stream|[of] p1a: Psamathe\n|move|p2a: Heatran|Magma Storm|p1a: Psamathe\n|-damage|p1a: Psamathe|54\/100\n|-activate|p1a: Psamathe|move: Magma Storm|[of] p2a: Heatran\n|\n|-weather|Sandstorm|[upkeep]\n|-damage|p1a: Psamathe|41\/100|[from] move: Magma Storm|[partiallytrapped]\n|upkeep\n|turn|43\n|l| dying breath\n|j| dying breath\n|\n|t:|1634673897\n|switch|p2a: Landorus|Landorus-Therian, M|88\/100\n|-damage|p2a: Landorus|76\/100|[from] Stealth Rock\n|-ability|p2a: Landorus|Intimidate|boost\n|-unboost|p1a: Psamathe|atk|1\n|move|p1a: Psamathe|Slack Off|p1a: Psamathe\n|-heal|p1a: Psamathe|91\/100\n|\n|-weather|Sandstorm|[upkeep]\n|-heal|p2a: Landorus|82\/100|[from] item: Leftovers\n|-end|p1a: Psamathe|Magma Storm|[partiallytrapped]|[silent]\n|upkeep\n|turn|44\n|\n|t:|1634673900\n|switch|p1a: Gwyndolin|Clefable, F|100\/100\n|move|p2a: Landorus|Knock Off|p1a: Gwyndolin\n|-resisted|p1a: Gwyndolin\n|-damage|p1a: Gwyndolin|92\/100\n|\n|-weather|Sandstorm|[upkeep]\n|-heal|p2a: Landorus|88\/100|[from] item: Leftovers\n|upkeep\n|turn|45\n|\n|t:|1634673905\n|move|p2a: Landorus|Earthquake|p1a: Gwyndolin\n|-damage|p1a: Gwyndolin|50\/100\n|move|p1a: Gwyndolin|Moonblast|p2a: Landorus\n|-damage|p2a: Landorus|65\/100\n|\n|-weather|Sandstorm|[upkeep]\n|-heal|p2a: Landorus|71\/100|[from] item: Leftovers\n|upkeep\n|turn|46\n|\n|t:|1634673911\n|move|p2a: Landorus|Defog|p1a: Gwyndolin\n|-unboost|p1a: Gwyndolin|evasion|1\n|-sideend|p1: Acey 2B!|Spikes|[from] move: Defog|[of] p2a: Landorus\n|-sideend|p1: Acey 2B!|Stealth Rock|[from] move: Defog|[of] p2a: Landorus\n|-sideend|p2: rigmortus|Stealth Rock|[from] move: Defog|[of] p2a: Landorus\n|move|p1a: Gwyndolin|Soft-Boiled|p1a: Gwyndolin\n|-heal|p1a: Gwyndolin|100\/100\n|\n|-weather|none\n|-heal|p2a: Landorus|77\/100|[from] item: Leftovers\n|upkeep\n|turn|47\n|\n|t:|1634673915\n|move|p2a: Landorus|Earthquake|p1a: Gwyndolin\n|-damage|p1a: Gwyndolin|61\/100\n|move|p1a: Gwyndolin|Moonblast|p2a: Landorus\n|-damage|p2a: Landorus|53\/100\n|\n|-heal|p2a: Landorus|59\/100|[from] item: Leftovers\n|upkeep\n|turn|48\n|\n|t:|1634673919\n|move|p2a: Landorus|Earthquake|p1a: Gwyndolin\n|-damage|p1a: Gwyndolin|22\/100\n|move|p1a: Gwyndolin|Soft-Boiled|p1a: Gwyndolin\n|-heal|p1a: Gwyndolin|72\/100\n|\n|-heal|p2a: Landorus|65\/100|[from] item: Leftovers\n|upkeep\n|turn|49\n|\n|t:|1634673921\n|move|p2a: Landorus|Earthquake|p1a: Gwyndolin\n|-damage|p1a: Gwyndolin|33\/100\n|move|p1a: Gwyndolin|Soft-Boiled|p1a: Gwyndolin\n|-heal|p1a: Gwyndolin|83\/100\n|\n|-heal|p2a: Landorus|71\/100|[from] item: Leftovers\n|upkeep\n|turn|50\n|\n|t:|1634673924\n|move|p2a: Landorus|U-turn|p1a: Gwyndolin\n|-resisted|p1a: Gwyndolin\n|-damage|p1a: Gwyndolin|75\/100\n|\n|t:|1634673927\n|switch|p2a: Heatran|Heatran, M|62\/100|[from]move: U-turn\n|move|p1a: Gwyndolin|Soft-Boiled|p1a: Gwyndolin\n|-heal|p1a: Gwyndolin|100\/100\n|\n|upkeep\n|turn|51\n|\n|t:|1634673931\n|switch|p2a: Landorus|Landorus-Therian, M|71\/100\n|-ability|p2a: Landorus|Intimidate|boost\n|-unboost|p1a: Gwyndolin|atk|1\n|switch|p1a: Psamathe|Hippowdon, F, shiny|91\/100\n|-weather|Sandstorm|[from] ability: Sand Stream|[of] p1a: Psamathe\n|\n|-weather|Sandstorm|[upkeep]\n|-heal|p2a: Landorus|77\/100|[from] item: Leftovers\n|upkeep\n|turn|52\n|\n|t:|1634673935\n|move|p2a: Landorus|Knock Off|p1a: Psamathe\n|-damage|p1a: Psamathe|71\/100\n|-enditem|p1a: Psamathe|Heavy-Duty Boots|[from] move: Knock Off|[of] p2a: Landorus\n|move|p1a: Psamathe|Toxic|p2a: Landorus|[miss]\n|-miss|p1a: Psamathe|p2a: Landorus\n|\n|-weather|Sandstorm|[upkeep]\n|-heal|p2a: Landorus|83\/100|[from] item: Leftovers\n|upkeep\n|turn|53\n|\n|t:|1634673939\n|move|p2a: Landorus|U-turn|p1a: Psamathe\n|-damage|p1a: Psamathe|56\/100\n|\n|t:|1634673941\n|switch|p2a: Skarmory|Skarmory, F|100\/100|[from]move: U-turn\n|move|p1a: Psamathe|Slack Off|p1a: Psamathe\n|-heal|p1a: Psamathe|100\/100\n|\n|-weather|Sandstorm|[upkeep]\n|upkeep\n|turn|54\n|\n|t:|1634673946\n|move|p2a: Skarmory|Spikes|p1a: Psamathe\n|-sidestart|p1: Acey 2B!|Spikes\n|move|p1a: Psamathe|Stealth Rock|p2a: Skarmory\n|-sidestart|p2: rigmortus|move: Stealth Rock\n|\n|-weather|Sandstorm|[upkeep]\n|upkeep\n|turn|55\n|\n|t:|1634673953\n|switch|p1a: Raiden|Tornadus-Therian, M, shiny|90\/100\n|move|p2a: Skarmory|Spikes|p1a: Raiden\n|-sidestart|p1: Acey 2B!|Spikes\n|\n|-weather|none\n|upkeep\n|turn|56\n|\n|t:|1634673961\n|move|p1a: Raiden|Knock Off|p2a: Skarmory\n|-damage|p2a: Skarmory|92\/100\n|move|p2a: Skarmory|Roost|p2a: Skarmory\n|-heal|p2a: Skarmory|100\/100\n|-singleturn|p2a: Skarmory|move: Roost\n|\n|upkeep\n|turn|57\n|\n|t:|1634673966\n|move|p1a: Raiden|Knock Off|p2a: Skarmory\n|-damage|p2a: Skarmory|93\/100\n|move|p2a: Skarmory|Spikes|p1a: Raiden\n|-sidestart|p1: Acey 2B!|Spikes\n|\n|upkeep\n|turn|58\n|l| meatybawls\n|\n|t:|1634673974\n|switch|p2a: Rotom|Rotom-Wash|7\/100\n|-damage|p2a: Rotom|0 fnt|[from] Stealth Rock\n|faint|p2a: Rotom\n|move|p1a: Raiden|Knock Off|p2: Rotom|[notarget]\n|-fail|p1a: Raiden\n|\n|upkeep\n|\n|t:|1634673976\n|switch|p2a: Heatran|Heatran, M|62\/100\n|-damage|p2a: Heatran|49\/100|[from] Stealth Rock\n|turn|59\n|\n|t:|1634673980\n|move|p1a: Raiden|Defog|p2a: Heatran\n|-unboost|p2a: Heatran|evasion|1\n|-sideend|p2: rigmortus|Stealth Rock|[from] move: Defog|[of] p1a: Raiden\n|-sideend|p1: Acey 2B!|Spikes|[from] move: Defog|[of] p1a: Raiden\n|move|p2a: Heatran|Magma Storm|p1a: Raiden\n|-damage|p1a: Raiden|47\/100\n|-activate|p1a: Raiden|move: Magma Storm|[of] p2a: Heatran\n|\n|-damage|p1a: Raiden|34\/100|[from] move: Magma Storm|[partiallytrapped]\n|upkeep\n|turn|60\n|\n|t:|1634673988\n|move|p1a: Raiden|U-turn|p2a: Heatran\n|-resisted|p2a: Heatran\n|-damage|p2a: Heatran|46\/100\n|\n|t:|1634673991\n|switch|p1a: Psamathe|Hippowdon, F, shiny|100\/100|[from]move: U-turn\n|-weather|Sandstorm|[from] ability: Sand Stream|[of] p1a: Psamathe\n|move|p2a: Heatran|Stealth Rock|p1a: Psamathe\n|-sidestart|p1: Acey 2B!|move: Stealth Rock\n|\n|-weather|Sandstorm|[upkeep]\n|upkeep\n|turn|61\n|\n|t:|1634673995\n|switch|p2a: Skarmory|Skarmory, F|93\/100\n|move|p1a: Psamathe|Toxic|p2a: Skarmory\n|-immune|p2a: Skarmory\n|\n|-weather|Sandstorm|[upkeep]\n|upkeep\n|turn|62\n|j| jkljkljklbnm\n|\n|t:|1634674003\n|move|p2a: Skarmory|Spikes|p1a: Psamathe\n|-sidestart|p1: Acey 2B!|Spikes\n|move|p1a: Psamathe|Stealth Rock|p2a: Skarmory\n|-sidestart|p2: rigmortus|move: Stealth Rock\n|\n|-weather|Sandstorm|[upkeep]\n|upkeep\n|turn|63\n|\n|t:|1634674009\n|switch|p2a: Landorus|Landorus-Therian, M|83\/100\n|-damage|p2a: Landorus|71\/100|[from] Stealth Rock\n|-ability|p2a: Landorus|Intimidate|boost\n|-unboost|p1a: Psamathe|atk|1\n|switch|p1a: Raiden|Tornadus-Therian, M, shiny|67\/100\n|\n|-weather|Sandstorm|[upkeep]\n|-damage|p1a: Raiden|61\/100|[from] Sandstorm\n|-heal|p2a: Landorus|77\/100|[from] item: Leftovers\n|upkeep\n|turn|64\n|\n|t:|1634674018\n|move|p1a: Raiden|U-turn|p2a: Landorus\n|-resisted|p2a: Landorus\n|-damage|p2a: Landorus|70\/100\n|\n|t:|1634674021\n|switch|p1a: Gwyndolin|Clefable, F|100\/100|[from]move: U-turn\n|move|p2a: Landorus|Knock Off|p1a: Gwyndolin\n|-resisted|p1a: Gwyndolin\n|-damage|p1a: Gwyndolin|92\/100\n|\n|-weather|none\n|-heal|p2a: Landorus|76\/100|[from] item: Leftovers\n|upkeep\n|turn|65\n|\n|t:|1634674026\n|move|p2a: Landorus|Earthquake|p1a: Gwyndolin\n|-damage|p1a: Gwyndolin|54\/100\n|move|p1a: Gwyndolin|Soft-Boiled|p1a: Gwyndolin\n|-heal|p1a: Gwyndolin|100\/100\n|\n|-heal|p2a: Landorus|82\/100|[from] item: Leftovers\n|upkeep\n|turn|66\n|l| jkljkljklbnm\n|\n|t:|1634674030\n|move|p2a: Landorus|Earthquake|p1a: Gwyndolin\n|-damage|p1a: Gwyndolin|62\/100\n|move|p1a: Gwyndolin|Moonblast|p2a: Landorus\n|-damage|p2a: Landorus|58\/100\n|\n|-heal|p2a: Landorus|64\/100|[from] item: Leftovers\n|upkeep\n|turn|67\n|\n|t:|1634674033\n|move|p2a: Landorus|Earthquake|p1a: Gwyndolin\n|-damage|p1a: Gwyndolin|21\/100\n|move|p1a: Gwyndolin|Soft-Boiled|p1a: Gwyndolin\n|-heal|p1a: Gwyndolin|71\/100\n|\n|-heal|p2a: Landorus|70\/100|[from] item: Leftovers\n|upkeep\n|turn|68\n|\n|t:|1634674036\n|move|p2a: Landorus|Earthquake|p1a: Gwyndolin\n|-damage|p1a: Gwyndolin|35\/100\n|move|p1a: Gwyndolin|Soft-Boiled|p1a: Gwyndolin\n|-heal|p1a: Gwyndolin|85\/100\n|\n|-heal|p2a: Landorus|76\/100|[from] item: Leftovers\n|upkeep\n|turn|69\n|\n|t:|1634674040\n|switch|p1a: Raiden|Tornadus-Therian, M, shiny|95\/100\n|move|p2a: Landorus|Earthquake|p1a: Raiden\n|-immune|p1a: Raiden\n|\n|-heal|p2a: Landorus|82\/100|[from] item: Leftovers\n|upkeep\n|turn|70\n|\n|t:|1634674042\n|move|p1a: Raiden|U-turn|p2a: Landorus\n|-resisted|p2a: Landorus\n|-damage|p2a: Landorus|75\/100\n|\n|t:|1634674045\n|switch|p1a: Carnage|Toxapex, M, shiny|63\/100|[from]move: U-turn\n|-damage|p1a: Carnage|50\/100|[from] Spikes\n|-damage|p1a: Carnage|38\/100|[from] Stealth Rock\n|move|p2a: Landorus|Knock Off|p1a: Carnage\n|-damage|p1a: Carnage|17\/100\n|-damage|p2a: Landorus|59\/100|[from] item: Rocky Helmet|[of] p1a: Carnage\n|-enditem|p1a: Carnage|Rocky Helmet|[from] move: Knock Off|[of] p2a: Landorus\n|\n|-heal|p2a: Landorus|65\/100|[from] item: Leftovers\n|upkeep\n|turn|71\n|j| quantumalchemist\n|\n|t:|1634674050\n|switch|p1a: Gwyndolin|Clefable, F|85\/100\n|move|p2a: Landorus|Knock Off|p1a: Gwyndolin\n|-resisted|p1a: Gwyndolin\n|-damage|p1a: Gwyndolin|77\/100\n|\n|-heal|p2a: Landorus|71\/100|[from] item: Leftovers\n|upkeep\n|turn|72\n|\n|t:|1634674054\n|switch|p1a: Raiden|Tornadus-Therian, M, shiny|100\/100\n|move|p2a: Landorus|Earthquake|p1a: Raiden\n|-immune|p1a: Raiden\n|\n|-heal|p2a: Landorus|77\/100|[from] item: Leftovers\n|upkeep\n|turn|73\n|\n|t:|1634674056\n|move|p1a: Raiden|U-turn|p2a: Landorus\n|-resisted|p2a: Landorus\n|-damage|p2a: Landorus|69\/100\n|\n|t:|1634674057\n|switch|p1a: Carnage|Toxapex, M, shiny|50\/100|[from]move: U-turn\n|-damage|p1a: Carnage|37\/100|[from] Spikes\n|-damage|p1a: Carnage|25\/100|[from] Stealth Rock\n|move|p2a: Landorus|Knock Off|p1a: Carnage\n|-damage|p1a: Carnage|10\/100\n|\n|-heal|p2a: Landorus|75\/100|[from] item: Leftovers\n|upkeep\n|turn|74\n|\n|t:|1634674062\n|switch|p1a: Gwyndolin|Clefable, F|77\/100\n|move|p2a: Landorus|Earthquake|p1a: Gwyndolin\n|-damage|p1a: Gwyndolin|38\/100\n|\n|-heal|p2a: Landorus|81\/100|[from] item: Leftovers\n|upkeep\n|turn|75\n|j| azruf\n|\n|t:|1634674069\n|move|p2a: Landorus|Earthquake|p1a: Gwyndolin\n|-damage|p1a: Gwyndolin|0 fnt\n|faint|p1a: Gwyndolin\n|\n|-heal|p2a: Landorus|87\/100|[from] item: Leftovers\n|upkeep\n|\n|t:|1634674073\n|switch|p1a: Wraith|Dragapult, F|100\/100\n|-damage|p1a: Wraith|88\/100|[from] Spikes\n|-damage|p1a: Wraith|76\/100|[from] Stealth Rock\n|turn|76\n|\n|t:|1634674077\n|move|p1a: Wraith|Hydro Pump|p2a: Landorus\n|-supereffective|p2a: Landorus\n|-damage|p2a: Landorus|16\/100\n|move|p2a: Landorus|Knock Off|p1a: Wraith\n|-supereffective|p1a: Wraith\n|-damage|p1a: Wraith|0 fnt\n|-enditem|p1a: Wraith|Choice Specs|[from] move: Knock Off|[of] p2a: Landorus\n|faint|p1a: Wraith\n|\n|-heal|p2a: Landorus|22\/100|[from] item: Leftovers\n|upkeep\n|\n|t:|1634674084\n|switch|p1a: Raiden|Tornadus-Therian, M, shiny|100\/100\n|turn|77\n|\n|t:|1634674089\n|move|p1a: Raiden|Knock Off|p2a: Landorus\n|-damage|p2a: Landorus|4\/100\n|-enditem|p2a: Landorus|Leftovers|[from] move: Knock Off|[of] p1a: Raiden\n|move|p2a: Landorus|Knock Off|p1a: Raiden\n|-damage|p1a: Raiden|65\/100\n|-enditem|p1a: Raiden|Heavy-Duty Boots|[from] move: Knock Off|[of] p2a: Landorus\n|\n|upkeep\n|turn|78\n|\n|t:|1634674102\n|move|p1a: Raiden|Defog|p2a: Landorus\n|-unboost|p2a: Landorus|evasion|1\n|-sideend|p2: rigmortus|Stealth Rock|[from] move: Defog|[of] p1a: Raiden\n|-sideend|p1: Acey 2B!|Spikes|[from] move: Defog|[of] p1a: Raiden\n|-sideend|p1: Acey 2B!|Stealth Rock|[from] move: Defog|[of] p1a: Raiden\n|move|p2a: Landorus|U-turn|p1a: Raiden\n|-resisted|p1a: Raiden\n|-damage|p1a: Raiden|52\/100\n|\n|t:|1634674107\n|switch|p2a: Tapu Lele|Tapu Lele|100\/100|[from]move: U-turn\n|-fieldstart|move: Psychic Terrain|[from] ability: Psychic Surge|[of] p2a: Tapu Lele\n|\n|upkeep\n|turn|79\n|\n|t:|1634674112\n|move|p1a: Raiden|U-turn|p2a: Tapu Lele\n|-damage|p2a: Tapu Lele|78\/100\n|\n|t:|1634674113\n|switch|p1a: Psamathe|Hippowdon, F, shiny|100\/100|[from]move: U-turn\n|-weather|Sandstorm|[from] ability: Sand Stream|[of] p1a: Psamathe\n|move|p2a: Tapu Lele|Psyshock|p1a: Psamathe\n|-damage|p1a: Psamathe|59\/100\n|\n|-weather|Sandstorm|[upkeep]\n|-damage|p2a: Tapu Lele|72\/100|[from] Sandstorm\n|upkeep\n|turn|80\n|\n|t:|1634674121\n|switch|p2a: Skarmory|Skarmory, F|93\/100\n|move|p1a: Psamathe|Slack Off|p1a: Psamathe\n|-heal|p1a: Psamathe|100\/100\n|\n|-weather|Sandstorm|[upkeep]\n|upkeep\n|turn|81\n|\n|t:|1634674125\n|switch|p1a: Carnage|Toxapex, M, shiny|44\/100\n|move|p2a: Skarmory|Spikes|p1a: Carnage\n|-sidestart|p1: Acey 2B!|Spikes\n|\n|-weather|Sandstorm|[upkeep]\n|-damage|p1a: Carnage|37\/100|[from] Sandstorm\n|upkeep\n|turn|82\n|j| OU make me yawn \u00bd\n|j| ds des chats\n|\n|t:|1634674132\n|switch|p2a: Tapu Lele|Tapu Lele|72\/100\n|move|p1a: Carnage|Toxic Spikes|p2a: Tapu Lele\n|-sidestart|p2: rigmortus|move: Toxic Spikes\n|\n|-weather|Sandstorm|[upkeep]\n|-damage|p2a: Tapu Lele|66\/100|[from] Sandstorm\n|-damage|p1a: Carnage|31\/100|[from] Sandstorm\n|-fieldend|move: Psychic Terrain\n|upkeep\n|turn|83\n|\n|t:|1634674136\n|switch|p1a: Psamathe|Hippowdon, F, shiny|100\/100\n|-damage|p1a: Psamathe|88\/100|[from] Spikes\n|move|p2a: Tapu Lele|Moonblast|p1a: Psamathe\n|-damage|p1a: Psamathe|49\/100\n|\n|-weather|none\n|upkeep\n|turn|84\n|\n|t:|1634674145\n|move|p2a: Tapu Lele|Moonblast|p1a: Psamathe\n|-damage|p1a: Psamathe|11\/100\n|move|p1a: Psamathe|Slack Off|p1a: Psamathe\n|-heal|p1a: Psamathe|61\/100\n|\n|upkeep\n|turn|85\n|\n|t:|1634674147\n|move|p2a: Tapu Lele|Moonblast|p1a: Psamathe\n|-crit|p1a: Psamathe\n|-damage|p1a: Psamathe|5\/100\n|move|p1a: Psamathe|Slack Off|p1a: Psamathe\n|-heal|p1a: Psamathe|55\/100\n|\n|upkeep\n|turn|86\n|\n|t:|1634674153\n|move|p2a: Tapu Lele|Moonblast|p1a: Psamathe\n|-damage|p1a: Psamathe|18\/100\n|move|p1a: Psamathe|Slack Off|p1a: Psamathe\n|-heal|p1a: Psamathe|68\/100\n|\n|upkeep\n|turn|87\n|\n|t:|1634674155\n|move|p2a: Tapu Lele|Moonblast|p1a: Psamathe\n|-damage|p1a: Psamathe|30\/100\n|move|p1a: Psamathe|Slack Off|p1a: Psamathe\n|-heal|p1a: Psamathe|80\/100\n|\n|upkeep\n|turn|88\n|j| AgentJojo\n|\n|t:|1634674157\n|move|p2a: Tapu Lele|Moonblast|p1a: Psamathe\n|-damage|p1a: Psamathe|38\/100\n|-unboost|p1a: Psamathe|spa|1\n|move|p1a: Psamathe|Slack Off|p1a: Psamathe\n|-heal|p1a: Psamathe|88\/100\n|\n|upkeep\n|turn|89\n|\n|t:|1634674160\n|move|p2a: Tapu Lele|Moonblast|p1a: Psamathe\n|-damage|p1a: Psamathe|47\/100\n|move|p1a: Psamathe|Earthquake|p2a: Tapu Lele\n|-damage|p2a: Tapu Lele|10\/100\n|\n|upkeep\n|turn|90\n|\n|t:|1634674163\n|move|p2a: Tapu Lele|Moonblast|p1a: Psamathe\n|-damage|p1a: Psamathe|9\/100\n|-unboost|p1a: Psamathe|spa|1\n|move|p1a: Psamathe|Slack Off|p1a: Psamathe\n|-heal|p1a: Psamathe|59\/100\n|\n|upkeep\n|turn|91\n|\n|t:|1634674168\n|move|p2a: Tapu Lele|Moonblast|p1a: Psamathe\n|-damage|p1a: Psamathe|21\/100\n|move|p1a: Psamathe|Slack Off|p1a: Psamathe\n|-heal|p1a: Psamathe|71\/100\n|\n|upkeep\n|turn|92\n|l| azruf\n|\n|t:|1634674170\n|move|p2a: Tapu Lele|Moonblast|p1a: Psamathe\n|-damage|p1a: Psamathe|29\/100\n|move|p1a: Psamathe|Slack Off|p1a: Psamathe\n|-heal|p1a: Psamathe|79\/100\n|\n|upkeep\n|turn|93\n|\n|t:|1634674172\n|move|p2a: Tapu Lele|Moonblast|p1a: Psamathe\n|-damage|p1a: Psamathe|42\/100\n|move|p1a: Psamathe|Slack Off|p1a: Psamathe\n|-heal|p1a: Psamathe|92\/100\n|\n|upkeep\n|turn|94\n|\n|t:|1634674180\n|switch|p2a: Landorus|Landorus-Therian, M|4\/100\n|-ability|p2a: Landorus|Intimidate|boost\n|-unboost|p1a: Psamathe|atk|1\n|move|p1a: Psamathe|Slack Off|p1a: Psamathe\n|-heal|p1a: Psamathe|100\/100\n|\n|upkeep\n|turn|95\n|\n|t:|1634674185\n|move|p2a: Landorus|Earthquake|p1a: Psamathe\n|-damage|p1a: Psamathe|67\/100\n|move|p1a: Psamathe|Stealth Rock|p2a: Landorus\n|-sidestart|p2: rigmortus|move: Stealth Rock\n|\n|upkeep\n|turn|96\n|\n|t:|1634674188\n|switch|p1a: Raiden|Tornadus-Therian, M, shiny|85\/100\n|move|p2a: Landorus|Defog|p1a: Raiden\n|-unboost|p1a: Raiden|evasion|1\n|-sideend|p1: Acey 2B!|Spikes|[from] move: Defog|[of] p2a: Landorus\n|-sideend|p2: rigmortus|Toxic Spikes|[from] move: Defog|[of] p2a: Landorus\n|-sideend|p2: rigmortus|Stealth Rock|[from] move: Defog|[of] p2a: Landorus\n|\n|upkeep\n|turn|97\n|j| a123123321321a\n|\n|t:|1634674191\n|switch|p2a: Heatran|Heatran, M|46\/100\n|move|p1a: Raiden|U-turn|p2a: Heatran\n|-resisted|p2a: Heatran\n|-damage|p2a: Heatran|43\/100\n|\n|t:|1634674192\n|switch|p1a: Psamathe|Hippowdon, F, shiny|67\/100|[from]move: U-turn\n|-weather|Sandstorm|[from] ability: Sand Stream|[of] p1a: Psamathe\n|\n|-weather|Sandstorm|[upkeep]\n|upkeep\n|turn|98\n|\n|t:|1634674200\n|move|p2a: Heatran|Magma Storm|p1a: Psamathe\n|-damage|p1a: Psamathe|34\/100\n|-activate|p1a: Psamathe|move: Magma Storm|[of] p2a: Heatran\n|move|p1a: Psamathe|Stealth Rock|p2a: Heatran\n|-sidestart|p2: rigmortus|move: Stealth Rock\n|\n|-weather|Sandstorm|[upkeep]\n|-damage|p1a: Psamathe|21\/100|[from] move: Magma Storm|[partiallytrapped]\n|upkeep\n|turn|99\n|\n|t:|1634674213\n|move|p2a: Heatran|Stealth Rock|p1a: Psamathe\n|-sidestart|p1: Acey 2B!|move: Stealth Rock\n|move|p1a: Psamathe|Earthquake|p2a: Heatran\n|-supereffective|p2a: Heatran\n|-damage|p2a: Heatran|0 fnt\n|faint|p2a: Heatran\n|\n|-weather|Sandstorm|[upkeep]\n|-end|p1a: Psamathe|Magma Storm|[partiallytrapped]|[silent]\n|upkeep\n|\n|t:|1634674219\n|switch|p2a: Dragapult|Dragapult, M|100\/100\n|-damage|p2a: Dragapult|88\/100|[from] Stealth Rock\n|turn|100\n|\n|t:|1634674223\n|move|p2a: Dragapult|Shadow Ball|p1a: Psamathe\n|-damage|p1a: Psamathe|0 fnt\n|faint|p1a: Psamathe\n|\n|-weather|Sandstorm|[upkeep]\n|-damage|p2a: Dragapult|82\/100|[from] Sandstorm\n|upkeep\n|\n|t:|1634674224\n|switch|p1a: Carnage|Toxapex, M, shiny|64\/100\n|-damage|p1a: Carnage|52\/100|[from] Stealth Rock\n|turn|101\n|\n|t:|1634674234\n|switch|p2a: Landorus|Landorus-Therian, M|4\/100\n|-damage|p2a: Landorus|0 fnt|[from] Stealth Rock\n|faint|p2a: Landorus\n|move|p1a: Carnage|Recover|p1a: Carnage\n|-heal|p1a: Carnage|100\/100\n|\n|-weather|none\n|upkeep\n|\n|t:|1634674236\n|switch|p2a: Tapu Lele|Tapu Lele|10\/100\n|-damage|p2a: Tapu Lele|0 fnt|[from] Stealth Rock\n|faint|p2a: Tapu Lele\n|\n|t:|1634674244\n|switch|p2a: Skarmory|Skarmory, F|93\/100\n|-damage|p2a: Skarmory|80\/100|[from] Stealth Rock\n|turn|102\n|\n|t:|1634674246\n|move|p2a: Skarmory|Iron Defense|p2a: Skarmory\n|-boost|p2a: Skarmory|def|2\n|move|p1a: Carnage|Toxic Spikes|p2a: Skarmory\n|-sidestart|p2: rigmortus|move: Toxic Spikes\n|\n|upkeep\n|turn|103\n|\n|t:|1634674248\n|move|p2a: Skarmory|Iron Defense|p2a: Skarmory\n|-boost|p2a: Skarmory|def|2\n|move|p1a: Carnage|Scald|p2a: Skarmory\n|-damage|p2a: Skarmory|59\/100\n|\n|upkeep\n|turn|104\n|\n|t:|1634674250\n|move|p2a: Skarmory|Iron Defense|p2a: Skarmory\n|-boost|p2a: Skarmory|def|2\n|move|p1a: Carnage|Scald|p2a: Skarmory\n|-damage|p2a: Skarmory|35\/100\n|\n|upkeep\n|turn|105\n|\n|t:|1634674252\n|move|p2a: Skarmory|Body Press|p1a: Carnage\n|-resisted|p1a: Carnage\n|-damage|p1a: Carnage|62\/100\n|move|p1a: Carnage|Scald|p2a: Skarmory\n|-damage|p2a: Skarmory|12\/100\n|-status|p2a: Skarmory|brn\n|\n|-damage|p2a: Skarmory|6\/100 brn|[from] brn\n|upkeep\n|turn|106\n|\n|t:|1634674257\n|move|p2a: Skarmory|Spikes|p1a: Carnage\n|-sidestart|p1: Acey 2B!|Spikes\n|move|p1a: Carnage|Haze|p1a: Carnage\n|-clearallboost\n|\n|-damage|p2a: Skarmory|0 fnt|[from] brn\n|faint|p2a: Skarmory\n|upkeep\n|\n|t:|1634674260\n|switch|p2a: Dragapult|Dragapult, M|82\/100\n|-status|p2a: Dragapult|psn\n|-damage|p2a: Dragapult|70\/100 psn|[from] Stealth Rock\n|turn|107\n|\n|t:|1634674265\n|move|p2a: Dragapult|Shadow Ball|p1a: Carnage\n|-damage|p1a: Carnage|19\/100\n|move|p1a: Carnage|Recover|p1a: Carnage\n|-heal|p1a: Carnage|69\/100\n|\n|-damage|p2a: Dragapult|58\/100 psn|[from] psn\n|upkeep\n|turn|108\n|\n|t:|1634674268\n|move|p2a: Dragapult|Shadow Ball|p1a: Carnage\n|-damage|p1a: Carnage|29\/100\n|move|p1a: Carnage|Recover|p1a: Carnage\n|-heal|p1a: Carnage|79\/100\n|\n|-damage|p2a: Dragapult|45\/100 psn|[from] psn\n|upkeep\n|turn|109\n|\n|t:|1634674271\n|move|p2a: Dragapult|Shadow Ball|p1a: Carnage\n|-damage|p1a: Carnage|42\/100\n|move|p1a: Carnage|Recover|p1a: Carnage\n|-heal|p1a: Carnage|92\/100\n|\n|-damage|p2a: Dragapult|33\/100 psn|[from] psn\n|upkeep\n|turn|110\n|\n|t:|1634674273\n|move|p2a: Dragapult|Shadow Ball|p1a: Carnage\n|-damage|p1a: Carnage|49\/100\n|move|p1a: Carnage|Recover|p1a: Carnage\n|-heal|p1a: Carnage|99\/100\n|\n|-damage|p2a: Dragapult|21\/100 psn|[from] psn\n|upkeep\n|turn|111\n|-message|rigmortus forfeited.\n|\n|win|Acey 2B!\n|raw|Acey 2B!'s rating: 1810 &rarr; <strong>1833<\/strong><br \/>(+23 for winning)\n|raw|rigmortus's rating: 1859 &rarr; <strong>1836<\/strong><br \/>(-23 for losing)\n|l|\u2606rigmortus\n|l| OU make me yawn \u00bd\n||Ladder isn't responding, score probably updated but might not have (Request timeout).\n|l|\u2606Acey 2B!\n|l| dying breath\n|l| ds des chats\n","uploadtime":1634674802,"views":117,"p1id":"acey2b","p2id":"rigmortus","formatid":"gen8ou","rating":1833,"private":0,"password":null}