{"id":"gen8ou-1676608372","p1":"Mutako Z","p2":"Guest 5890168","format":"gen8ou","log":"|j|\u2606Mutako Z\n|j|\u203dGuest 5890168\n|t:|1664811111\n|gametype|singles\n|player|p1|Mutako Z|unknown|1522\n|player|p2|Guest 5890168|170|1459\n|teamsize|p1|6\n|teamsize|p2|6\n|gen|8\n|tier|[Gen 8] OU\n|rated|\n|rule|Sleep Clause Mod: Limit one foe put to sleep\n|rule|Species Clause: Limit one of each Pok\u00e9mon\n|rule|OHKO Clause: OHKO moves are banned\n|rule|Evasion Items Clause: Evasion items are banned\n|rule|Evasion Moves Clause: Evasion moves are banned\n|rule|Endless Battle Clause: Forcing endless battles is banned\n|rule|HP Percentage Mod: HP is shown in percentages\n|rule|Dynamax Clause: You cannot dynamax\n|clearpoke\n|poke|p1|Tapu Lele|\n|poke|p1|Alakazam, M|\n|poke|p1|Moltres-Galar|\n|poke|p1|Landorus-Therian, M|\n|poke|p1|Ferrothorn, M|\n|poke|p1|Toxapex, M|\n|poke|p2|Rotom-Wash|\n|poke|p2|Weavile, F|\n|poke|p2|Landorus-Therian, M|\n|poke|p2|Heatran, M|\n|poke|p2|Tangrowth, F|\n|poke|p2|Melmetal|\n|teampreview\n|inactive|Battle timer is ON: inactive players will automatically lose when time's up. (requested by Guest 5890168)\n|\n|t:|1664811130\n|start\n|switch|p1a: Tapu Lele|Tapu Lele|100\/100\n|switch|p2a: Landorus|Landorus-Therian, M|100\/100\n|-fieldstart|move: Psychic Terrain|[from] ability: Psychic Surge|[of] p1a: Tapu Lele\n|-ability|p2a: Landorus|Intimidate|boost\n|-unboost|p1a: Tapu Lele|atk|1\n|turn|1\n|\n|t:|1664811147\n|move|p1a: Tapu Lele|Psychic|p2a: Landorus\n|-crit|p2a: Landorus\n|-damage|p2a: Landorus|7\/100\n|move|p2a: Landorus|Earthquake|p1a: Tapu Lele\n|-damage|p1a: Tapu Lele|33\/100\n|\n|-heal|p2a: Landorus|13\/100|[from] item: Leftovers\n|upkeep\n|turn|2\n|\n|t:|1664811155\n|switch|p1a: Landorus|Landorus-Therian, M|100\/100\n|-ability|p1a: Landorus|Intimidate|boost\n|-unboost|p2a: Landorus|atk|1\n|switch|p2a: Heatran|Heatran, M|100\/100\n|-item|p2a: Heatran|Air Balloon\n|\n|upkeep\n|turn|3\n|\n|t:|1664811162\n|move|p2a: Heatran|Eruption|p1a: Landorus\n|-damage|p1a: Landorus|33\/100\n|move|p1a: Landorus|U-turn|p2a: Heatran\n|-resisted|p2a: Heatran\n|-damage|p2a: Heatran|96\/100\n|-enditem|p2a: Heatran|Air Balloon\n|\n|t:|1664811175\n|switch|p1a: Alakazam|Alakazam, M|100\/100|[from]move: U-turn\n|\n|upkeep\n|turn|4\n|\n|t:|1664811179\n|switch|p1a: Toxapex|Toxapex, M|100\/100\n|move|p2a: Heatran|Eruption|p1a: Toxapex\n|-resisted|p1a: Toxapex\n|-damage|p1a: Toxapex|71\/100\n|-enditem|p1a: Toxapex|Eject Button\n|\n|t:|1664811188\n|switch|p1a: Landorus|Landorus-Therian, M|33\/100\n|-ability|p1a: Landorus|Intimidate|boost\n|-unboost|p2a: Heatran|atk|1\n|\n|-heal|p1a: Landorus|39\/100|[from] item: Leftovers\n|upkeep\n|turn|5\n|\n|t:|1664811195\n|switch|p1a: Toxapex|Toxapex, M|100\/100\n|move|p2a: Heatran|Magma Storm|p1a: Toxapex\n|-resisted|p1a: Toxapex\n|-damage|p1a: Toxapex|77\/100\n|-activate|p1a: Toxapex|move: Magma Storm|[of] p2a: Heatran\n|\n|-damage|p1a: Toxapex|65\/100|[from] move: Magma Storm|[partiallytrapped]\n|-fieldend|move: Psychic Terrain\n|upkeep\n|turn|6\n|\n|t:|1664811203\n|move|p2a: Heatran|Stealth Rock|p1a: Toxapex\n|-sidestart|p1: Mutako Z|move: Stealth Rock\n|move|p1a: Toxapex|Scald|p2a: Heatran\n|-supereffective|p2a: Heatran\n|-damage|p2a: Heatran|60\/100\n|\n|-damage|p1a: Toxapex|53\/100|[from] move: Magma Storm|[partiallytrapped]\n|upkeep\n|turn|7\n|\n|t:|1664811211\n|move|p2a: Heatran|Magma Storm|p1a: Toxapex|[miss]\n|-miss|p2a: Heatran|p1a: Toxapex\n|move|p1a: Toxapex|Recover|p1a: Toxapex\n|-heal|p1a: Toxapex|100\/100\n|\n|-damage|p1a: Toxapex|88\/100|[from] move: Magma Storm|[partiallytrapped]\n|upkeep\n|turn|8\n|\n|t:|1664811217\n|move|p2a: Heatran|Magma Storm|p1a: Toxapex\n|-resisted|p1a: Toxapex\n|-damage|p1a: Toxapex|67\/100\n|move|p1a: Toxapex|Light Screen|p1a: Toxapex\n|-sidestart|p1: Mutako Z|move: Light Screen\n|\n|-damage|p1a: Toxapex|54\/100|[from] move: Magma Storm|[partiallytrapped]\n|upkeep\n|turn|9\n|\n|t:|1664811224\n|move|p2a: Heatran|Magma Storm|p1a: Toxapex\n|-resisted|p1a: Toxapex\n|-damage|p1a: Toxapex|43\/100\n|move|p1a: Toxapex|Recover|p1a: Toxapex\n|-heal|p1a: Toxapex|93\/100\n|\n|-end|p1a: Toxapex|Magma Storm|[partiallytrapped]\n|upkeep\n|turn|10\n|\n|t:|1664811230\n|move|p2a: Heatran|Magma Storm|p1a: Toxapex\n|-resisted|p1a: Toxapex\n|-damage|p1a: Toxapex|83\/100\n|-activate|p1a: Toxapex|move: Magma Storm|[of] p2a: Heatran\n|move|p1a: Toxapex|Scald|p2a: Heatran\n|-supereffective|p2a: Heatran\n|-damage|p2a: Heatran|24\/100\n|\n|-damage|p1a: Toxapex|70\/100|[from] move: Magma Storm|[partiallytrapped]\n|upkeep\n|turn|11\n|\n|t:|1664811238\n|switch|p2a: Rotom|Rotom-Wash|100\/100\n|move|p1a: Toxapex|Recover|p1a: Toxapex\n|-heal|p1a: Toxapex|100\/100\n|\n|-end|p1a: Toxapex|Magma Storm|[partiallytrapped]|[silent]\n|upkeep\n|turn|12\n|\n|t:|1664811244\n|move|p2a: Rotom|Nasty Plot|p2a: Rotom\n|-boost|p2a: Rotom|spa|2\n|move|p1a: Toxapex|Scald|p2a: Rotom\n|-resisted|p2a: Rotom\n|-damage|p2a: Rotom|91\/100\n|-status|p2a: Rotom|brn\n|\n|-heal|p2a: Rotom|97\/100 brn|[from] item: Leftovers\n|-damage|p2a: Rotom|91\/100 brn|[from] brn\n|-sideend|p1: Mutako Z|move: Light Screen\n|upkeep\n|turn|13\n|\n|t:|1664811255\n|move|p2a: Rotom|Thunderbolt|p1a: Toxapex\n|-supereffective|p1a: Toxapex\n|-damage|p1a: Toxapex|0 fnt\n|faint|p1a: Toxapex\n|\n|-heal|p2a: Rotom|97\/100 brn|[from] item: Leftovers\n|-damage|p2a: Rotom|91\/100 brn|[from] brn\n|upkeep\n|\n|t:|1664811264\n|switch|p1a: Tapu Lele|Tapu Lele|33\/100\n|-damage|p1a: Tapu Lele|21\/100|[from] Stealth Rock\n|-fieldstart|move: Psychic Terrain|[from] ability: Psychic Surge|[of] p1a: Tapu Lele\n|turn|14\n|\n|t:|1664811269\n|switch|p2a: Landorus|Landorus-Therian, M|13\/100\n|-ability|p2a: Landorus|Intimidate|boost\n|-unboost|p1a: Tapu Lele|atk|1\n|move|p1a: Tapu Lele|Moonblast|p2a: Landorus\n|-damage|p2a: Landorus|0 fnt\n|faint|p2a: Landorus\n|\n|upkeep\n|\n|t:|1664811269\n|switch|p2a: Heatran|Heatran, M|24\/100\n|turn|15\n|\n|t:|1664811287\n|move|p1a: Tapu Lele|Moonblast|p2a: Heatran\n|-resisted|p2a: Heatran\n|-crit|p2a: Heatran\n|-damage|p2a: Heatran|0 fnt\n|faint|p2a: Heatran\n|\n|upkeep\n|\n|t:|1664811287\n|switch|p2a: Melmetal|Melmetal|100\/100\n|turn|16\n|\n|t:|1664811294\n|switch|p1a: Ferrothorn|Ferrothorn, M|100\/100\n|-damage|p1a: Ferrothorn|95\/100|[from] Stealth Rock\n|move|p2a: Melmetal|Ice Punch|p1a: Ferrothorn\n|-damage|p1a: Ferrothorn|69\/100\n|-damage|p2a: Melmetal|88\/100|[from] ability: Iron Barbs|[of] p1a: Ferrothorn\n|\n|-heal|p1a: Ferrothorn|75\/100|[from] item: Leftovers\n|upkeep\n|turn|17\n|\n|t:|1664811303\n|switch|p2a: Tangrowth|Tangrowth, F|100\/100\n|move|p1a: Ferrothorn|Knock Off|p2a: Tangrowth\n|-damage|p2a: Tangrowth|90\/100\n|-damage|p1a: Ferrothorn|58\/100|[from] item: Rocky Helmet|[of] p2a: Tangrowth\n|-enditem|p2a: Tangrowth|Rocky Helmet|[from] move: Knock Off|[of] p1a: Ferrothorn\n|\n|-heal|p1a: Ferrothorn|64\/100|[from] item: Leftovers\n|upkeep\n|turn|18\n|\n|t:|1664811312\n|move|p2a: Tangrowth|Knock Off|p1a: Ferrothorn\n|-damage|p1a: Ferrothorn|46\/100\n|-damage|p2a: Tangrowth|77\/100|[from] ability: Iron Barbs|[of] p1a: Ferrothorn\n|-enditem|p1a: Ferrothorn|Leftovers|[from] move: Knock Off|[of] p2a: Tangrowth\n|move|p1a: Ferrothorn|Stealth Rock|p2a: Tangrowth\n|-sidestart|p2: Guest 5890168|move: Stealth Rock\n|\n|-fieldend|move: Psychic Terrain\n|upkeep\n|turn|19\n|\n|t:|1664811322\n|move|p2a: Tangrowth|Giga Drain|p1a: Ferrothorn\n|-resisted|p1a: Ferrothorn\n|-damage|p1a: Ferrothorn|42\/100\n|-heal|p2a: Tangrowth|79\/100|[from] drain|[of] p1a: Ferrothorn\n|move|p1a: Ferrothorn|Knock Off|p2a: Tangrowth\n|-damage|p2a: Tangrowth|71\/100\n|\n|upkeep\n|turn|20\n|\n|t:|1664811328\n|move|p2a: Tangrowth|Giga Drain|p1a: Ferrothorn\n|-resisted|p1a: Ferrothorn\n|-damage|p1a: Ferrothorn|37\/100\n|-heal|p2a: Tangrowth|73\/100|[from] drain|[of] p1a: Ferrothorn\n|move|p1a: Ferrothorn|Iron Head|p2a: Tangrowth\n|-damage|p2a: Tangrowth|59\/100\n|\n|upkeep\n|turn|21\n|\n|t:|1664811337\n|switch|p1a: Moltres|Moltres-Galar|100\/100\n|move|p2a: Tangrowth|Focus Blast|p1a: Moltres\n|-damage|p1a: Moltres|76\/100\n|\n|upkeep\n|turn|22\n|\n|t:|1664811346\n|switch|p2a: Weavile|Weavile, F|100\/100\n|-damage|p2a: Weavile|76\/100|[from] Stealth Rock\n|-ability|p2a: Weavile|Pressure\n|move|p1a: Moltres|Agility|p1a: Moltres\n|-boost|p1a: Moltres|spe|2\n|\n|upkeep\n|turn|23\n|\n|t:|1664811354\n|move|p1a: Moltres|Hurricane|p2a: Weavile|[miss]\n|-miss|p1a: Moltres|p2a: Weavile\n|move|p2a: Weavile|Triple Axel|p1a: Moltres|[miss]\n|-miss|p2a: Weavile|p1a: Moltres\n|\n|upkeep\n|turn|24\n|\n|t:|1664811360\n|move|p1a: Moltres|Hurricane|p2a: Weavile\n|-damage|p2a: Weavile|5\/100\n|move|p2a: Weavile|Triple Axel|p1a: Moltres\n|-supereffective|p1a: Moltres\n|-damage|p1a: Moltres|43\/100\n|-supereffective|p1a: Moltres\n|-damage|p1a: Moltres|0 fnt\n|faint|p1a: Moltres\n|-hitcount|p1: Moltres|2\n|\n|upkeep\n|\n|t:|1664811375\n|switch|p1a: Ferrothorn|Ferrothorn, M|37\/100\n|-damage|p1a: Ferrothorn|31\/100|[from] Stealth Rock\n|turn|25\n|\n|t:|1664811381\n|move|p2a: Weavile|Triple Axel|p1a: Ferrothorn\n|-damage|p1a: Ferrothorn|19\/100\n|-damage|p2a: Weavile|0 fnt|[from] ability: Iron Barbs|[of] p1a: Ferrothorn\n|faint|p2a: Weavile\n|-hitcount|p1a: Ferrothorn|1\n|move|p1a: Ferrothorn|Iron Head|p2: Weavile|[notarget]\n|-fail|p1a: Ferrothorn\n|\n|upkeep\n|\n|t:|1664811381\n|switch|p2a: Melmetal|Melmetal|88\/100\n|-damage|p2a: Melmetal|82\/100|[from] Stealth Rock\n|turn|26\n|\n|t:|1664811392\n|move|p2a: Melmetal|Double Iron Bash|p1a: Ferrothorn\n|-resisted|p1a: Ferrothorn\n|-damage|p1a: Ferrothorn|3\/100\n|-damage|p2a: Melmetal|69\/100|[from] ability: Iron Barbs|[of] p1a: Ferrothorn\n|-resisted|p1a: Ferrothorn\n|-damage|p1a: Ferrothorn|0 fnt\n|-damage|p2a: Melmetal|57\/100|[from] ability: Iron Barbs|[of] p1a: Ferrothorn\n|faint|p1a: Ferrothorn\n|-hitcount|p1: Ferrothorn|2\n|\n|upkeep\n|\n|t:|1664811401\n|switch|p1a: Tapu Lele|Tapu Lele|21\/100\n|-damage|p1a: Tapu Lele|8\/100|[from] Stealth Rock\n|-fieldstart|move: Psychic Terrain|[from] ability: Psychic Surge|[of] p1a: Tapu Lele\n|turn|27\n|\n|t:|1664811410\n|move|p1a: Tapu Lele|Psychic|p2a: Melmetal\n|-resisted|p2a: Melmetal\n|-damage|p2a: Melmetal|31\/100\n|move|p2a: Melmetal|Double Iron Bash|p1a: Tapu Lele\n|-supereffective|p1a: Tapu Lele\n|-damage|p1a: Tapu Lele|0 fnt\n|faint|p1a: Tapu Lele\n|-hitcount|p1: Tapu Lele|1\n|\n|upkeep\n|\n|t:|1664811417\n|switch|p1a: Landorus|Landorus-Therian, M|39\/100\n|-damage|p1a: Landorus|27\/100|[from] Stealth Rock\n|-ability|p1a: Landorus|Intimidate|boost\n|-unboost|p2a: Melmetal|atk|1\n|turn|28\n|\n|t:|1664811424\n|switch|p2a: Tangrowth|Tangrowth, F|92\/100\n|-damage|p2a: Tangrowth|80\/100|[from] Stealth Rock\n|move|p1a: Landorus|Earthquake|p2a: Tangrowth\n|-resisted|p2a: Tangrowth\n|-damage|p2a: Tangrowth|67\/100\n|\n|-heal|p1a: Landorus|33\/100|[from] item: Leftovers\n|upkeep\n|turn|29\n|\n|t:|1664811432\n|move|p1a: Landorus|Toxic|p2a: Tangrowth\n|-status|p2a: Tangrowth|tox\n|move|p2a: Tangrowth|Giga Drain|p1a: Landorus\n|-damage|p1a: Landorus|9\/100\n|-heal|p2a: Tangrowth|78\/100 tox|[from] drain|[of] p1a: Landorus\n|\n|-heal|p1a: Landorus|15\/100|[from] item: Leftovers\n|-damage|p2a: Tangrowth|72\/100 tox|[from] psn\n|upkeep\n|turn|30\n|\n|t:|1664811447\n|move|p1a: Landorus|Toxic|p2a: Tangrowth\n|-fail|p2a: Tangrowth|tox\n|move|p2a: Tangrowth|Knock Off|p1a: Landorus\n|-damage|p1a: Landorus|0 fnt\n|-enditem|p1a: Landorus|Leftovers|[from] move: Knock Off|[of] p2a: Tangrowth\n|faint|p1a: Landorus\n|\n|-damage|p2a: Tangrowth|59\/100 tox|[from] psn\n|upkeep\n|\n|t:|1664811455\n|switch|p1a: Alakazam|Alakazam, M|100\/100\n|turn|31\n|\n|t:|1664811460\n|move|p1a: Alakazam|Nasty Plot|p1a: Alakazam\n|-boost|p1a: Alakazam|spa|2\n|move|p2a: Tangrowth|Knock Off|p1a: Alakazam\n|-supereffective|p1a: Alakazam\n|-enditem|p1a: Alakazam|Focus Sash\n|-damage|p1a: Alakazam|1\/100\n|\n|-damage|p2a: Tangrowth|41\/100 tox|[from] psn\n|-fieldend|move: Psychic Terrain\n|upkeep\n|turn|32\n|\n|t:|1664811471\n|move|p1a: Alakazam|Expanding Force|p2a: Tangrowth\n|-damage|p2a: Tangrowth|0 fnt\n|faint|p2a: Tangrowth\n|\n|upkeep\n|\n|t:|1664811471\n|switch|p2a: Melmetal|Melmetal|31\/100\n|-damage|p2a: Melmetal|25\/100|[from] Stealth Rock\n|turn|33\n|\n|t:|1664811477\n|move|p1a: Alakazam|Shadow Ball|p2a: Melmetal\n|-damage|p2a: Melmetal|0 fnt\n|faint|p2a: Melmetal\n|\n|upkeep\n|\n|t:|1664811477\n|switch|p2a: Rotom|Rotom-Wash|91\/100 brn\n|-damage|p2a: Rotom|78\/100 brn|[from] Stealth Rock\n|turn|34\n|\n|t:|1664811487\n|move|p1a: Alakazam|Expanding Force|p2a: Rotom\n|-damage|p2a: Rotom|0 fnt\n|faint|p2a: Rotom\n|\n|win|Mutako Z\n|raw|Mutako Z's rating: 1522 &rarr; <strong>1538<\/strong><br \/>(+16 for winning)\n|raw|Guest 5890168's rating: 1459 &rarr; <strong>1443<\/strong><br \/>(-16 for losing)\n|l|\u203dGuest 5890168\n||Ladder isn't responding, score probably updated but might not have (Request timeout).\n","uploadtime":1664811489,"views":4,"p1id":"mutakoz","p2id":"guest5890168","formatid":"gen8ou","rating":1443,"private":0,"password":null}