{"id":"gen8ou-1108048344","p1":"N30N3","p2":"vnmmv","format":"gen8ou","log":"|j|\u2606N30N3\n|j|\u2606vnmmv\n|player|p1|N30N3|170|1837\n|player|p2|vnmmv|266|1763\n|teamsize|p1|6\n|teamsize|p2|6\n|gametype|singles\n|gen|8\n|tier|[Gen 8] OU\n|rated|\n|clearpoke\n|poke|p1|Kyurem|\n|poke|p1|Hippowdon, M|\n|poke|p1|Excadrill, M|\n|poke|p1|Tyranitar, F|\n|poke|p1|Hawlucha, F|\n|poke|p1|Ferrothorn, F|\n|poke|p2|Crawdaunt, M|\n|poke|p2|Dracovish|\n|poke|p2|Pelipper, M|\n|poke|p2|Zeraora|\n|poke|p2|Dragapult, M|\n|poke|p2|Jirachi|\n|rule|Sleep Clause Mod: Limit one foe put to sleep\n|rule|Species Clause: Limit one of each Pok\u00e9mon\n|rule|OHKO Clause: OHKO moves are banned\n|rule|Evasion Moves Clause: Evasion moves are banned\n|rule|Endless Battle Clause: Forcing endless battles is banned\n|rule|HP Percentage Mod: HP is shown in percentages\n|rule|Dynamax Clause: You cannot dynamax\n|teampreview\n|inactive|Battle timer is ON: inactive players will automatically lose when time's up. (requested by N30N3)\n|\n|start\n|switch|p1a: Tyranitar|Tyranitar, F|100\/100\n|switch|p2a: Zeraora|Zeraora|100\/100\n|-weather|Sandstorm|[from] ability: Sand Stream|[of] p1a: Tyranitar\n|turn|1\n|j| AgressivEbolAidCOV\n|\n|switch|p1a: Ferrothorn|Ferrothorn, F|100\/100\n|move|p2a: Zeraora|Close Combat|p1a: Ferrothorn\n|-supereffective|p1a: Ferrothorn\n|-damage|p1a: Ferrothorn|39\/100\n|-unboost|p2a: Zeraora|def|1\n|-unboost|p2a: Zeraora|spd|1\n|-damage|p2a: Zeraora|88\/100|[from] ability: Iron Barbs|[of] p1a: Ferrothorn\n|-damage|p2a: Zeraora|78\/100|[from] item: Life Orb\n|\n|-weather|Sandstorm|[upkeep]\n|-damage|p2a: Zeraora|72\/100|[from] Sandstorm\n|-heal|p1a: Ferrothorn|45\/100|[from] item: Leftovers\n|upkeep\n|turn|2\n|\n|switch|p1a: Hippowdon|Hippowdon, M|100\/100\n|move|p2a: Zeraora|Close Combat|p1a: Hippowdon\n|-damage|p1a: Hippowdon|75\/100\n|-unboost|p2a: Zeraora|def|1\n|-unboost|p2a: Zeraora|spd|1\n|-damage|p2a: Zeraora|63\/100|[from] item: Life Orb\n|\n|-weather|Sandstorm|[upkeep]\n|-damage|p2a: Zeraora|57\/100|[from] Sandstorm\n|upkeep\n|turn|3\n|\n|switch|p2a: Pelipper|Pelipper, M|100\/100\n|-weather|RainDance|[from] ability: Drizzle|[of] p2a: Pelipper\n|move|p1a: Hippowdon|Earthquake|p2a: Pelipper\n|-immune|p2a: Pelipper\n|\n|-weather|RainDance|[upkeep]\n|upkeep\n|turn|4\n|\n|switch|p1a: Tyranitar|Tyranitar, F|100\/100\n|-weather|Sandstorm|[from] ability: Sand Stream|[of] p1a: Tyranitar\n|move|p2a: Pelipper|U-turn|p1a: Tyranitar\n|-supereffective|p1a: Tyranitar\n|-damage|p1a: Tyranitar|83\/100\n|\n|switch|p2a: Dracovish|Dracovish|100\/100|[from]move: U-turn\n|\n|-weather|Sandstorm|[upkeep]\n|-damage|p2a: Dracovish|94\/100|[from] Sandstorm\n|upkeep\n|turn|5\n|\n|switch|p1a: Ferrothorn|Ferrothorn, F|45\/100\n|move|p2a: Dracovish|Fishious Rend|p1a: Ferrothorn\n|-resisted|p1a: Ferrothorn\n|-damage|p1a: Ferrothorn|14\/100\n|-damage|p2a: Dracovish|82\/100|[from] ability: Iron Barbs|[of] p1a: Ferrothorn\n|\n|-weather|Sandstorm|[upkeep]\n|-damage|p2a: Dracovish|76\/100|[from] Sandstorm\n|-heal|p1a: Ferrothorn|20\/100|[from] item: Leftovers\n|upkeep\n|turn|6\n|\n|move|p2a: Dracovish|Fishious Rend|p1a: Ferrothorn\n|-resisted|p1a: Ferrothorn\n|-damage|p1a: Ferrothorn|0 fnt\n|-damage|p2a: Dracovish|63\/100|[from] ability: Iron Barbs|[of] p1a: Ferrothorn\n|faint|p1a: Ferrothorn\n|\n|-weather|Sandstorm|[upkeep]\n|-damage|p2a: Dracovish|57\/100|[from] Sandstorm\n|upkeep\n|\n|switch|p1a: Hawlucha|Hawlucha, F|100\/100\n|turn|7\n|\n|switch|p2a: Dragapult|Dragapult, M|100\/100\n|move|p1a: Hawlucha|Close Combat|p2a: Dragapult\n|-immune|p2a: Dragapult\n|\n|-weather|Sandstorm|[upkeep]\n|-damage|p2a: Dragapult|95\/100|[from] Sandstorm\n|-damage|p1a: Hawlucha|94\/100|[from] Sandstorm\n|upkeep\n|turn|8\n|\n|switch|p1a: Hippowdon|Hippowdon, M|75\/100\n|move|p2a: Dragapult|Thunder Wave|p1a: Hippowdon\n|-immune|p1a: Hippowdon\n|\n|-weather|none\n|upkeep\n|turn|9\n|\n|switch|p2a: Pelipper|Pelipper, M|100\/100\n|-weather|RainDance|[from] ability: Drizzle|[of] p2a: Pelipper\n|move|p1a: Hippowdon|Stealth Rock|p2a: Pelipper\n|-sidestart|p2: vnmmv|move: Stealth Rock\n|\n|-weather|RainDance|[upkeep]\n|upkeep\n|turn|10\n|\n|switch|p1a: Tyranitar|Tyranitar, F|83\/100\n|-weather|Sandstorm|[from] ability: Sand Stream|[of] p1a: Tyranitar\n|move|p2a: Pelipper|Defog|p1a: Tyranitar\n|-unboost|p1a: Tyranitar|evasion|1\n|-sideend|p2: vnmmv|Stealth Rock|[from] move: Defog|[of] p2a: Pelipper\n|\n|-weather|Sandstorm|[upkeep]\n|-damage|p2a: Pelipper|94\/100|[from] Sandstorm\n|upkeep\n|turn|11\n|\n|switch|p2a: Jirachi|Jirachi|100\/100\n|move|p1a: Tyranitar|Crunch|p2a: Jirachi\n|-supereffective|p2a: Jirachi\n|-damage|p2a: Jirachi|0 fnt\n|faint|p2a: Jirachi\n|\n|-weather|Sandstorm|[upkeep]\n|upkeep\n|\n|switch|p2a: Dracovish|Dracovish|57\/100\n|turn|12\n|\n|move|p2a: Dracovish|Fishious Rend|p1a: Tyranitar\n|-supereffective|p1a: Tyranitar\n|-damage|p1a: Tyranitar|0 fnt\n|faint|p1a: Tyranitar\n|\n|-weather|Sandstorm|[upkeep]\n|-damage|p2a: Dracovish|51\/100|[from] Sandstorm\n|upkeep\n|\n|switch|p1a: Excadrill|Excadrill, M|100\/100\n|turn|13\n|\n|switch|p2a: Dragapult|Dragapult, M|95\/100\n|move|p1a: Excadrill|Rock Slide|p2a: Dragapult\n|-crit|p2a: Dragapult\n|-damage|p2a: Dragapult|15\/100\n|-damage|p1a: Excadrill|91\/100|[from] item: Life Orb\n|\n|-weather|Sandstorm|[upkeep]\n|-damage|p2a: Dragapult|9\/100|[from] Sandstorm\n|upkeep\n|turn|14\n|\n|move|p2a: Dragapult|Shadow Ball|p1a: Excadrill\n|-damage|p1a: Excadrill|41\/100\n|-unboost|p1a: Excadrill|spd|1\n|move|p1a: Excadrill|Iron Head|p2a: Dragapult\n|-damage|p2a: Dragapult|0 fnt\n|-damage|p1a: Excadrill|31\/100|[from] item: Life Orb\n|faint|p2a: Dragapult\n|\n|-weather|none\n|upkeep\n|\n|switch|p2a: Zeraora|Zeraora|57\/100\n|turn|15\n|inactive|N30N3 has 120 seconds left.\n|\n|switch|p1a: Hippowdon|Hippowdon, M|75\/100\n|-weather|Sandstorm|[from] ability: Sand Stream|[of] p1a: Hippowdon\n|move|p2a: Zeraora|Knock Off|p1a: Hippowdon\n|-damage|p1a: Hippowdon|54\/100\n|-enditem|p1a: Hippowdon|Smooth Rock|[from] move: Knock Off|[of] p2a: Zeraora\n|-damage|p2a: Zeraora|47\/100|[from] item: Life Orb\n|\n|-weather|Sandstorm|[upkeep]\n|-damage|p2a: Zeraora|41\/100|[from] Sandstorm\n|upkeep\n|turn|16\n|inactive|vnmmv has 120 seconds left.\n|\n|switch|p1a: Hawlucha|Hawlucha, F|94\/100\n|move|p2a: Zeraora|Grass Knot|p1a: Hawlucha\n|-resisted|p1a: Hawlucha\n|-damage|p1a: Hawlucha|84\/100\n|-damage|p2a: Zeraora|31\/100|[from] item: Life Orb\n|\n|-weather|Sandstorm|[upkeep]\n|-damage|p2a: Zeraora|25\/100|[from] Sandstorm\n|-damage|p1a: Hawlucha|78\/100|[from] Sandstorm\n|upkeep\n|turn|17\n|inactive|vnmmv has 120 seconds left.\n|\n|switch|p2a: Pelipper|Pelipper, M|94\/100\n|-weather|RainDance|[from] ability: Drizzle|[of] p2a: Pelipper\n|switch|p1a: Hippowdon|Hippowdon, M|54\/100\n|-weather|Sandstorm|[from] ability: Sand Stream|[of] p1a: Hippowdon\n|\n|-weather|Sandstorm|[upkeep]\n|-damage|p2a: Pelipper|88\/100|[from] Sandstorm\n|upkeep\n|turn|18\n|inactive|vnmmv has 120 seconds left.\n|\n|move|p2a: Pelipper|U-turn|p1a: Hippowdon\n|-damage|p1a: Hippowdon|50\/100\n|\n|switch|p2a: Dracovish|Dracovish|51\/100|[from]move: U-turn\n|move|p1a: Hippowdon|Stealth Rock|p2a: Dracovish\n|-sidestart|p2: vnmmv|move: Stealth Rock\n|\n|-weather|Sandstorm|[upkeep]\n|-damage|p2a: Dracovish|44\/100|[from] Sandstorm\n|upkeep\n|turn|19\n|inactive|N30N3 has 120 seconds left.\n|\n|move|p2a: Dracovish|Fishious Rend|p1a: Hippowdon\n|-supereffective|p1a: Hippowdon\n|-damage|p1a: Hippowdon|0 fnt\n|faint|p1a: Hippowdon\n|\n|-weather|Sandstorm|[upkeep]\n|-damage|p2a: Dracovish|38\/100|[from] Sandstorm\n|upkeep\n|\n|switch|p1a: Hawlucha|Hawlucha, F|78\/100\n|turn|20\n|\n|switch|p2a: Pelipper|Pelipper, M|88\/100\n|-damage|p2a: Pelipper|63\/100|[from] Stealth Rock\n|-weather|RainDance|[from] ability: Drizzle|[of] p2a: Pelipper\n|move|p1a: Hawlucha|Close Combat|p2a: Pelipper\n|-resisted|p2a: Pelipper\n|-damage|p2a: Pelipper|34\/100\n|-unboost|p1a: Hawlucha|def|1\n|-unboost|p1a: Hawlucha|spd|1\n|-enditem|p1a: Hawlucha|White Herb\n|-clearnegativeboost|p1a: Hawlucha|[silent]\n|\n|-weather|RainDance|[upkeep]\n|upkeep\n|turn|21\n|\n|move|p1a: Hawlucha|Acrobatics|p2a: Pelipper\n|-damage|p2a: Pelipper|0 fnt\n|faint|p2a: Pelipper\n|\n|-weather|RainDance|[upkeep]\n|upkeep\n|\n|switch|p2a: Crawdaunt|Crawdaunt, M|100\/100\n|-damage|p2a: Crawdaunt|88\/100|[from] Stealth Rock\n|turn|22\n|\n|switch|p1a: Kyurem|Kyurem|100\/100\n|-ability|p1a: Kyurem|Pressure\n|move|p2a: Crawdaunt|Aqua Jet|p1a: Kyurem\n|-resisted|p1a: Kyurem\n|-damage|p1a: Kyurem|78\/100\n|\n|-weather|RainDance|[upkeep]\n|upkeep\n|turn|23\n|\n|switch|p2a: Zeraora|Zeraora|25\/100\n|-damage|p2a: Zeraora|13\/100|[from] Stealth Rock\n|move|p1a: Kyurem|Freeze-Dry|p2a: Zeraora\n|-damage|p2a: Zeraora|0 fnt\n|faint|p2a: Zeraora\n|\n|-weather|RainDance|[upkeep]\n|upkeep\n|\n|switch|p2a: Dracovish|Dracovish|38\/100\n|-damage|p2a: Dracovish|26\/100|[from] Stealth Rock\n|turn|24\n|\n|switch|p1a: Excadrill|Excadrill, M|31\/100\n|move|p2a: Dracovish|Fishious Rend|p1a: Excadrill\n|-supereffective|p1a: Excadrill\n|-damage|p1a: Excadrill|0 fnt\n|faint|p1a: Excadrill\n|\n|-weather|RainDance|[upkeep]\n|upkeep\n|\n|switch|p1a: Hawlucha|Hawlucha, F|78\/100\n|turn|25\n|\n|move|p2a: Dracovish|Fishious Rend|p1a: Hawlucha\n|-damage|p1a: Hawlucha|0 fnt\n|faint|p1a: Hawlucha\n|\n|-weather|RainDance|[upkeep]\n|upkeep\n|j| HeavenStar\n|\n|switch|p1a: Kyurem|Kyurem|78\/100\n|-ability|p1a: Kyurem|Pressure\n|turn|26\n|\n|switch|p2a: Crawdaunt|Crawdaunt, M|88\/100\n|-damage|p2a: Crawdaunt|76\/100|[from] Stealth Rock\n|move|p1a: Kyurem|Freeze-Dry|p2a: Crawdaunt\n|-supereffective|p2a: Crawdaunt\n|-damage|p2a: Crawdaunt|0 fnt\n|faint|p2a: Crawdaunt\n|\n|-weather|RainDance|[upkeep]\n|upkeep\n|\n|switch|p2a: Dracovish|Dracovish|26\/100\n|-damage|p2a: Dracovish|13\/100|[from] Stealth Rock\n|turn|27\n|\n|move|p2a: Dracovish|Outrage|p1a: Kyurem\n|-supereffective|p1a: Kyurem\n|-damage|p1a: Kyurem|0 fnt\n|faint|p1a: Kyurem\n|\n|win|vnmmv\n|c|\u2606vnmmv|gg\n","uploadtime":1588531862,"views":97,"p1id":"n30n3","p2id":"vnmmv","formatid":"gen8ou","rating":0,"private":0,"password":null}