{"id":"gen8ou-1670283795","p1":"PKS Stylez","p2":"Gotham Paladin","format":"gen8ou","log":"|j|\u2606PKS Stylez\n|j|\u2606Gotham Paladin\n|inactive|Battle timer is ON: inactive players will automatically lose when time's up.\n|t:|1664145478\n|gametype|singles\n|player|p1|PKS Stylez|interviewers|\n|player|p2|Gotham Paladin|oak-gen1rb|\n|teamsize|p1|6\n|teamsize|p2|6\n|gen|8\n|tier|[Gen 8] OU\n|rated|Tournament battle\n|rule|Sleep Clause Mod: Limit one foe put to sleep\n|rule|Species Clause: Limit one of each Pok\u00e9mon\n|rule|OHKO Clause: OHKO moves are banned\n|rule|Evasion Items Clause: Evasion items are banned\n|rule|Evasion Moves Clause: Evasion moves are banned\n|rule|Endless Battle Clause: Forcing endless battles is banned\n|rule|HP Percentage Mod: HP is shown in percentages\n|rule|Dynamax Clause: You cannot dynamax\n|clearpoke\n|poke|p1|Weavile, F|\n|poke|p1|Melmetal|\n|poke|p1|Tapu Lele|\n|poke|p1|Dragapult, M|\n|poke|p1|Zapdos|\n|poke|p1|Toxapex, M|\n|poke|p2|Urshifu-*, M|\n|poke|p2|Slowking-Galar, M|\n|poke|p2|Corviknight, M|\n|poke|p2|Dragonite, M|\n|poke|p2|Landorus-Therian, M|\n|poke|p2|Dragapult, F|\n|teampreview\n|j| Okitsegg\n|l| Okitsegg\n|j| Kyurem\n|\n|t:|1664145504\n|start\n|switch|p1a: Weavile|Weavile, F|100\/100\n|switch|p2a: Urshifu|Urshifu-Rapid-Strike, M|100\/100\n|-ability|p1a: Weavile|Pressure\n|turn|1\n|\n|t:|1664145512\n|switch|p1a: Zapdos|Zapdos|100\/100\n|move|p2a: Urshifu|U-turn|p1a: Zapdos\n|-resisted|p1a: Zapdos\n|-damage|p1a: Zapdos|90\/100\n|\n|t:|1664145515\n|switch|p2a: Landorus|Landorus-Therian, M|100\/100|[from]move: U-turn\n|-ability|p2a: Landorus|Intimidate|boost\n|-unboost|p1a: Zapdos|atk|1\n|\n|upkeep\n|turn|2\n|\n|t:|1664145526\n|move|p2a: Landorus|Stealth Rock|p1a: Zapdos\n|-sidestart|p1: PKS Stylez|move: Stealth Rock\n|move|p1a: Zapdos|Heat Wave|p2a: Landorus\n|-damage|p2a: Landorus|68\/100\n|\n|upkeep\n|turn|3\n|\n|t:|1664145533\n|move|p2a: Landorus|Swords Dance|p2a: Landorus\n|-boost|p2a: Landorus|atk|2\n|move|p1a: Zapdos|Defog|p2a: Landorus\n|-unboost|p2a: Landorus|evasion|1\n|-sideend|p1: PKS Stylez|Stealth Rock|[from] move: Defog|[of] p1a: Zapdos\n|\n|upkeep\n|turn|4\n|\n|t:|1664145543\n|move|p2a: Landorus|Stone Edge|p1a: Zapdos\n|-supereffective|p1a: Zapdos\n|-damage|p1a: Zapdos|0 fnt\n|faint|p1a: Zapdos\n|\n|upkeep\n|\n|t:|1664145550\n|switch|p1a: Weavile|Weavile, F|100\/100\n|-ability|p1a: Weavile|Pressure\n|turn|5\n|\n|t:|1664145558\n|switch|p2a: Urshifu|Urshifu-Rapid-Strike, M|100\/100\n|move|p1a: Weavile|Knock Off|p2a: Urshifu\n|-resisted|p2a: Urshifu\n|-damage|p2a: Urshifu|66\/100\n|-enditem|p2a: Urshifu|Protective Pads|[from] move: Knock Off|[of] p1a: Weavile\n|\n|upkeep\n|turn|6\n|\n|t:|1664145566\n|switch|p1a: Toxapex|Toxapex, M|100\/100\n|move|p2a: Urshifu|U-turn|p1a: Toxapex\n|-resisted|p1a: Toxapex\n|-crit|p1a: Toxapex\n|-damage|p1a: Toxapex|87\/100\n|\n|t:|1664145569\n|switch|p2a: Landorus|Landorus-Therian, M|68\/100|[from]move: U-turn\n|-ability|p2a: Landorus|Intimidate|boost\n|-unboost|p1a: Toxapex|atk|1\n|\n|-heal|p1a: Toxapex|93\/100|[from] item: Black Sludge\n|upkeep\n|turn|7\n|\n|t:|1664145580\n|move|p2a: Landorus|Earthquake|p1a: Toxapex\n|-supereffective|p1a: Toxapex\n|-damage|p1a: Toxapex|19\/100\n|move|p1a: Toxapex|Scald|p2a: Landorus\n|-supereffective|p2a: Landorus\n|-damage|p2a: Landorus|25\/100\n|\n|-heal|p1a: Toxapex|25\/100|[from] item: Black Sludge\n|upkeep\n|turn|8\n|\n|t:|1664145597\n|switch|p1a: Weavile|Weavile, F|100\/100\n|-ability|p1a: Weavile|Pressure\n|move|p2a: Landorus|Earthquake|p1a: Weavile\n|-damage|p1a: Weavile|0 fnt\n|faint|p1a: Weavile\n|\n|upkeep\n|\n|t:|1664145607\n|switch|p1a: Dragapult|Dragapult, M|100\/100\n|turn|9\n|\n|t:|1664145613\n|move|p1a: Dragapult|Substitute|p1a: Dragapult\n|-start|p1a: Dragapult|Substitute\n|-damage|p1a: Dragapult|76\/100\n|move|p2a: Landorus|Earthquake|p1a: Dragapult\n|-end|p1a: Dragapult|Substitute\n|\n|-heal|p1a: Dragapult|82\/100|[from] item: Leftovers\n|upkeep\n|turn|10\n|\n|t:|1664145622\n|move|p1a: Dragapult|Dragon Darts|p2a: Landorus\n|-damage|p2a: Landorus|0 fnt\n|faint|p2a: Landorus\n|\n|-heal|p1a: Dragapult|88\/100|[from] item: Leftovers\n|upkeep\n|\n|t:|1664145631\n|switch|p2a: Dragapult|Dragapult, F|100\/100\n|turn|11\n|\n|t:|1664145635\n|switch|p1a: Toxapex|Toxapex, M|58\/100\n|move|p2a: Dragapult|Shadow Ball|p1a: Toxapex\n|-damage|p1a: Toxapex|17\/100\n|\n|-heal|p1a: Toxapex|23\/100|[from] item: Black Sludge\n|upkeep\n|turn|12\n|\n|t:|1664145648\n|move|p2a: Dragapult|Shadow Ball|p1a: Toxapex\n|-damage|p1a: Toxapex|0 fnt\n|faint|p1a: Toxapex\n|\n|upkeep\n|\n|t:|1664145657\n|switch|p1a: Melmetal|Melmetal|100\/100\n|turn|13\n|\n|t:|1664145665\n|switch|p2a: Corviknight|Corviknight, M|100\/100\n|-ability|p2a: Corviknight|Pressure\n|move|p1a: Melmetal|Ice Punch|p2a: Corviknight\n|-damage|p2a: Corviknight|82\/100\n|-status|p2a: Corviknight|frz\n|\n|-heal|p2a: Corviknight|89\/100 frz|[from] item: Leftovers\n|upkeep\n|turn|14\n|j| smile.dkc\n|\n|t:|1664145686\n|switch|p2a: Urshifu|Urshifu-Rapid-Strike, M|66\/100\n|switch|p1a: Dragapult|Dragapult, M|88\/100\n|\n|-heal|p1a: Dragapult|94\/100|[from] item: Leftovers\n|upkeep\n|turn|15\n|\n|t:|1664145695\n|move|p1a: Dragapult|Dragon Dance|p1a: Dragapult\n|-boost|p1a: Dragapult|atk|1\n|-boost|p1a: Dragapult|spe|1\n|move|p2a: Urshifu|Taunt|p1a: Dragapult\n|-start|p1a: Dragapult|move: Taunt\n|\n|-heal|p1a: Dragapult|99\/100|[from] item: Leftovers\n|upkeep\n|turn|16\n|\n|t:|1664145703\n|move|p1a: Dragapult|Dragon Darts|p2a: Urshifu\n|-damage|p2a: Urshifu|28\/100\n|-anim|p1a: Dragapult|Dragon Darts|p2a: Urshifu\n|-damage|p2a: Urshifu|0 fnt\n|faint|p2a: Urshifu\n|\n|-heal|p1a: Dragapult|100\/100|[from] item: Leftovers\n|upkeep\n|\n|t:|1664145707\n|switch|p2a: Slowking|Slowking-Galar, M|100\/100\n|turn|17\n|\n|t:|1664145714\n|move|p1a: Dragapult|Phantom Force||[still]\n|-prepare|p1a: Dragapult|Phantom Force\n|move|p2a: Slowking|Scald|p1a: Dragapult|[miss]\n|-miss|p2a: Slowking|p1a: Dragapult\n|\n|upkeep\n|turn|18\n|\n|t:|1664145719\n|move|p1a: Dragapult|Phantom Force|p2a: Slowking|[from]lockedmove\n|-supereffective|p2a: Slowking\n|-damage|p2a: Slowking|0 fnt\n|faint|p2a: Slowking\n|\n|-end|p1a: Dragapult|move: Taunt\n|upkeep\n|\n|t:|1664145728\n|switch|p2a: Dragapult|Dragapult, F|100\/100\n|turn|19\n|\n|t:|1664145731\n|move|p1a: Dragapult|Dragon Darts|p2a: Dragapult\n|-supereffective|p2a: Dragapult\n|-damage|p2a: Dragapult|0 fnt\n|faint|p2a: Dragapult\n|\n|upkeep\n|-message|Gotham Paladin forfeited.\n|\n|win|PKS Stylez\n|n|\u2606PKS Stylez|pksstylez\n|n|\u2606Gotham Paladin|gothampaladin\n|n| Kyurem|kyurem\n|n| smile.dkc|smiledkc\n|l|\u2606Gotham Paladin\n","uploadtime":1664145742,"views":32,"p1id":"pksstylez","p2id":"gothampaladin","formatid":"gen8ou","rating":0,"private":0,"password":null}