{"id":"gen8ou-1262244444","p1":"LolzMachine","p2":"MathIMo","format":"gen8ou","log":"|j|\u2606LolzMachine\n|j|\u2606MathIMo\n|t:|1610647726\n|player|p1|LolzMachine|294|1624\n|player|p2|MathIMo|jogger|1619\n|teamsize|p1|6\n|teamsize|p2|6\n|gametype|singles\n|gen|8\n|tier|[Gen 8] OU\n|rated|\n|clearpoke\n|poke|p1|Aggron, M|\n|poke|p1|Araquanid, F|\n|poke|p1|Garchomp, F|\n|poke|p1|Zapdos-Galar|\n|poke|p1|Obstagoon, M|\n|poke|p1|Regieleki|\n|poke|p2|Zapdos-Galar|\n|poke|p2|Nidoking, M|\n|poke|p2|Buzzwole|\n|poke|p2|Dragonite, M|\n|poke|p2|Magearna|\n|poke|p2|Swampert, F|\n|rule|Sleep Clause Mod: Limit one foe put to sleep\n|rule|Species Clause: Limit one of each Pok\u00e9mon\n|rule|OHKO Clause: OHKO moves are banned\n|rule|Evasion Moves Clause: Evasion moves are banned\n|rule|Endless Battle Clause: Forcing endless battles is banned\n|rule|HP Percentage Mod: HP is shown in percentages\n|rule|Dynamax Clause: You cannot dynamax\n|teampreview\n|\n|t:|1610647739\n|start\n|switch|p1a: Araquanid|Araquanid, F|100\/100\n|switch|p2a: Swampert|Swampert, F|100\/100\n|turn|1\n|\n|t:|1610647750\n|move|p1a: Araquanid|Liquidation|p2a: Swampert\n|-damage|p2a: Swampert|44\/100\n|move|p2a: Swampert|Stealth Rock|p1a: Araquanid\n|-sidestart|p1: LolzMachine|move: Stealth Rock\n|\n|-heal|p2a: Swampert|50\/100|[from] item: Leftovers\n|upkeep\n|turn|2\n|\n|t:|1610647767\n|switch|p2a: Buzzwole|Buzzwole, shiny|100\/100\n|move|p1a: Araquanid|Sticky Web|p2a: Buzzwole\n|-sidestart|p2: MathIMo|move: Sticky Web\n|\n|upkeep\n|turn|3\n|\n|t:|1610647771\n|switch|p1a: Garchomp|Garchomp, F|100\/100\n|-damage|p1a: Garchomp|94\/100|[from] Stealth Rock\n|move|p2a: Buzzwole|Toxic|p1a: Garchomp\n|-status|p1a: Garchomp|tox\n|\n|-damage|p1a: Garchomp|88\/100 tox|[from] psn\n|upkeep\n|turn|4\n|\n|t:|1610647776\n|move|p1a: Garchomp|Fire Blast|p2a: Buzzwole\n|-supereffective|p2a: Buzzwole\n|-damage|p2a: Buzzwole|47\/100\n|move|p2a: Buzzwole|Leech Life|p1a: Garchomp\n|-crit|p1a: Garchomp\n|-damage|p1a: Garchomp|42\/100 tox\n|-heal|p2a: Buzzwole|70\/100|[from] drain|[of] p1a: Garchomp\n|-damage|p2a: Buzzwole|58\/100|[from] ability: Rough Skin|[of] p1a: Garchomp\n|-damage|p2a: Buzzwole|41\/100|[from] item: Rocky Helmet|[of] p1a: Garchomp\n|\n|-damage|p1a: Garchomp|30\/100 tox|[from] psn\n|upkeep\n|turn|5\n|\n|t:|1610647785\n|move|p1a: Garchomp|Earthquake|p2a: Buzzwole\n|-resisted|p2a: Buzzwole\n|-crit|p2a: Buzzwole\n|-damage|p2a: Buzzwole|25\/100\n|move|p2a: Buzzwole|Roost|p2a: Buzzwole\n|-heal|p2a: Buzzwole|75\/100\n|-singleturn|p2a: Buzzwole|move: Roost\n|\n|-damage|p1a: Garchomp|11\/100 tox|[from] psn\n|upkeep\n|turn|6\n|\n|t:|1610647789\n|move|p2a: Buzzwole|Roost|p2a: Buzzwole\n|-heal|p2a: Buzzwole|100\/100\n|-singleturn|p2a: Buzzwole|move: Roost\n|move|p1a: Garchomp|Dragon Tail|p2a: Buzzwole\n|-damage|p2a: Buzzwole|89\/100\n|-damage|p1a: Garchomp|0 fnt|[from] item: Rocky Helmet|[of] p2a: Buzzwole\n|drag|p2a: Dragonite|Dragonite, M, shiny|100\/100\n|faint|p1a: Garchomp\n|\n|upkeep\n|\n|t:|1610647792\n|switch|p1a: Aggron|Aggron, M|100\/100\n|-damage|p1a: Aggron|94\/100|[from] Stealth Rock\n|turn|7\n|\n|t:|1610647797\n|move|p2a: Dragonite|Dragon Dance|p2a: Dragonite\n|-boost|p2a: Dragonite|atk|1\n|-boost|p2a: Dragonite|spe|1\n|move|p1a: Aggron|Head Smash|p2a: Dragonite\n|-supereffective|p2a: Dragonite\n|-damage|p2a: Dragonite|0 fnt\n|faint|p2a: Dragonite\n|\n|upkeep\n|\n|t:|1610647803\n|switch|p2a: Nidoking|Nidoking, M|100\/100\n|-activate|p2a: Nidoking|move: Sticky Web\n|-unboost|p2a: Nidoking|spe|1\n|turn|8\n|\n|t:|1610647808\n|move|p1a: Aggron|Head Smash|p2a: Nidoking\n|-resisted|p2a: Nidoking\n|-damage|p2a: Nidoking|24\/100\n|move|p2a: Nidoking|Substitute|p2a: Nidoking\n|-fail|p2a: Nidoking|move: Substitute|[weak]\n|\n|upkeep\n|turn|9\n|\n|t:|1610647812\n|move|p1a: Aggron|Head Smash|p2a: Nidoking\n|-resisted|p2a: Nidoking\n|-damage|p2a: Nidoking|0 fnt\n|faint|p2a: Nidoking\n|\n|upkeep\n|\n|t:|1610647815\n|switch|p2a: Zapdos|Zapdos-Galar|100\/100\n|turn|10\n|\n|t:|1610647820\n|switch|p1a: Araquanid|Araquanid, F|100\/100\n|-damage|p1a: Araquanid|76\/100|[from] Stealth Rock\n|move|p2a: Zapdos|Close Combat|p1a: Araquanid\n|-resisted|p1a: Araquanid\n|-damage|p1a: Araquanid|34\/100\n|-unboost|p2a: Zapdos|def|1\n|-unboost|p2a: Zapdos|spd|1\n|\n|upkeep\n|turn|11\n|\n|t:|1610647825\n|move|p2a: Zapdos|Close Combat|p1a: Araquanid\n|-resisted|p1a: Araquanid\n|-damage|p1a: Araquanid|0 fnt\n|-unboost|p2a: Zapdos|def|1\n|-unboost|p2a: Zapdos|spd|1\n|faint|p1a: Araquanid\n|\n|upkeep\n|\n|t:|1610647830\n|switch|p1a: Regieleki|Regieleki|100\/100\n|-damage|p1a: Regieleki|88\/100|[from] Stealth Rock\n|turn|12\n|\n|t:|1610647835\n|switch|p1a: Zapdos|Zapdos-Galar|100\/100\n|-damage|p1a: Zapdos|88\/100|[from] Stealth Rock\n|switch|p2a: Swampert|Swampert, F|50\/100\n|-activate|p2a: Swampert|move: Sticky Web\n|-unboost|p2a: Swampert|spe|1\n|\n|-heal|p1a: Zapdos|94\/100|[from] item: Leftovers\n|-heal|p2a: Swampert|56\/100|[from] item: Leftovers\n|upkeep\n|turn|13\n|\n|t:|1610647838\n|switch|p2a: Buzzwole|Buzzwole, shiny|89\/100\n|-activate|p2a: Buzzwole|move: Sticky Web\n|-unboost|p2a: Buzzwole|spe|1\n|move|p1a: Zapdos|Thunderous Kick|p2a: Buzzwole\n|-resisted|p2a: Buzzwole\n|-damage|p2a: Buzzwole|77\/100\n|-unboost|p2a: Buzzwole|def|1\n|-damage|p1a: Zapdos|78\/100|[from] item: Rocky Helmet|[of] p2a: Buzzwole\n|\n|-heal|p1a: Zapdos|84\/100|[from] item: Leftovers\n|upkeep\n|turn|14\n|\n|t:|1610647846\n|move|p1a: Zapdos|Brave Bird|p2a: Buzzwole\n|-supereffective|p2a: Buzzwole\n|-damage|p2a: Buzzwole|0 fnt\n|-damage|p1a: Zapdos|67\/100|[from] item: Rocky Helmet|[of] p2a: Buzzwole\n|-damage|p1a: Zapdos|35\/100|[from] Recoil\n|faint|p2a: Buzzwole\n|\n|-heal|p1a: Zapdos|41\/100|[from] item: Leftovers\n|upkeep\n|\n|t:|1610647853\n|switch|p2a: Zapdos|Zapdos-Galar|100\/100\n|turn|15\n|\n|t:|1610647857\n|switch|p1a: Aggron|Aggron, M|94\/100\n|-damage|p1a: Aggron|88\/100|[from] Stealth Rock\n|move|p2a: Zapdos|Close Combat|p1a: Aggron\n|-supereffective|p1a: Aggron\n|-damage|p1a: Aggron|0 fnt\n|-unboost|p2a: Zapdos|def|1\n|-unboost|p2a: Zapdos|spd|1\n|faint|p1a: Aggron\n|\n|upkeep\n|\n|t:|1610647861\n|switch|p1a: Regieleki|Regieleki|88\/100\n|-damage|p1a: Regieleki|76\/100|[from] Stealth Rock\n|turn|16\n|\n|t:|1610647864\n|switch|p1a: Zapdos|Zapdos-Galar|41\/100\n|-damage|p1a: Zapdos|29\/100|[from] Stealth Rock\n|switch|p2a: Swampert|Swampert, F|56\/100\n|-activate|p2a: Swampert|move: Sticky Web\n|-unboost|p2a: Swampert|spe|1\n|\n|-heal|p1a: Zapdos|35\/100|[from] item: Leftovers\n|-heal|p2a: Swampert|63\/100|[from] item: Leftovers\n|upkeep\n|turn|17\n|\n|t:|1610647871\n|switch|p2a: Magearna|Magearna|100\/100\n|-activate|p2a: Magearna|move: Sticky Web\n|-unboost|p2a: Magearna|spe|1\n|move|p1a: Zapdos|Thunderous Kick|p2a: Magearna\n|-damage|p2a: Magearna|58\/100\n|-unboost|p2a: Magearna|def|1\n|\n|-heal|p1a: Zapdos|41\/100|[from] item: Leftovers\n|upkeep\n|turn|18\n|\n|t:|1610647877\n|move|p1a: Zapdos|Thunderous Kick|p2a: Magearna\n|-damage|p2a: Magearna|0 fnt\n|faint|p2a: Magearna\n|\n|-heal|p1a: Zapdos|48\/100|[from] item: Leftovers\n|upkeep\n|\n|t:|1610647880\n|switch|p2a: Zapdos|Zapdos-Galar|100\/100\n|turn|19\n|j| HISTORICAL LOW\n|\n|t:|1610647886\n|switch|p1a: Obstagoon|Obstagoon, M|100\/100\n|-damage|p1a: Obstagoon|88\/100|[from] Stealth Rock\n|move|p2a: Zapdos|Brave Bird|p1a: Obstagoon\n|-damage|p1a: Obstagoon|28\/100\n|-damage|p2a: Zapdos|80\/100|[from] Recoil\n|\n|-status|p1a: Obstagoon|brn|[from] item: Flame Orb\n|upkeep\n|turn|20\n|\n|t:|1610647890\n|move|p2a: Zapdos|Brave Bird|p1a: Obstagoon\n|-damage|p1a: Obstagoon|0 fnt\n|-damage|p2a: Zapdos|71\/100|[from] Recoil\n|faint|p1a: Obstagoon\n|\n|upkeep\n|\n|t:|1610647891\n|switch|p1a: Regieleki|Regieleki|76\/100\n|-damage|p1a: Regieleki|64\/100|[from] Stealth Rock\n|turn|21\n|\n|t:|1610647898\n|move|p1a: Regieleki|Volt Switch|p2a: Zapdos\n|-supereffective|p2a: Zapdos\n|-damage|p2a: Zapdos|0 fnt\n|faint|p2a: Zapdos\n|\n|t:|1610647900\n|switch|p1a: Zapdos|Zapdos-Galar|48\/100|[from]move: Volt Switch\n|-damage|p1a: Zapdos|35\/100|[from] Stealth Rock\n|\n|-heal|p1a: Zapdos|41\/100|[from] item: Leftovers\n|upkeep\n|\n|t:|1610647903\n|switch|p2a: Swampert|Swampert, F|63\/100\n|-activate|p2a: Swampert|move: Sticky Web\n|-unboost|p2a: Swampert|spe|1\n|turn|22\n|\n|t:|1610647906\n|move|p1a: Zapdos|Thunderous Kick|p2a: Swampert\n|-damage|p2a: Swampert|18\/100\n|-unboost|p2a: Swampert|def|1\n|move|p2a: Swampert|Flip Turn|p1a: Zapdos\n|-damage|p1a: Zapdos|14\/100\n|\n|-heal|p1a: Zapdos|20\/100|[from] item: Leftovers\n|-heal|p2a: Swampert|24\/100|[from] item: Leftovers\n|upkeep\n|turn|23\n|\n|t:|1610647911\n|move|p1a: Zapdos|Thunderous Kick|p2a: Swampert\n|-damage|p2a: Swampert|0 fnt\n|faint|p2a: Swampert\n|\n|win|LolzMachine\n|l|\u2606MathIMo\n||Ladder (probably) updated, but score could not be retrieved (Request timeout).\n","uploadtime":1610648161,"views":22,"p1id":"lolzmachine","p2id":"mathimo","formatid":"gen8ou","rating":0,"private":0,"password":null}