{"id":"gen8ou-1434665862","p1":"gaenisalbino","p2":"uiopman\u2606888","format":"gen8ou","log":"|j|\u2606gaenisalbino\n|j|\u2606uiopman\u2606888\n|t:|1634140565\n|gametype|singles\n|player|p1|gaenisalbino|blue|1716\n|player|p2|uiopman\u2606888|170|1696\n|teamsize|p1|6\n|teamsize|p2|6\n|gen|8\n|tier|[Gen 8] OU\n|rated|\n|rule|Sleep Clause Mod: Limit one foe put to sleep\n|rule|Species Clause: Limit one of each Pok\u00e9mon\n|rule|OHKO Clause: OHKO moves are banned\n|rule|Evasion Moves Clause: Evasion moves are banned\n|rule|Endless Battle Clause: Forcing endless battles is banned\n|rule|HP Percentage Mod: HP is shown in percentages\n|rule|Dynamax Clause: You cannot dynamax\n|clearpoke\n|poke|p1|Magnezone|\n|poke|p1|Weavile, M|\n|poke|p1|Kyurem|\n|poke|p1|Landorus-Therian, M|\n|poke|p1|Tapu Lele|\n|poke|p1|Tapu Fini|\n|poke|p2|Dhelmise|\n|poke|p2|Marowak-Alola, M|\n|poke|p2|Porygon2|\n|poke|p2|Cresselia, F|\n|poke|p2|Hatterene, F|\n|poke|p2|Melmetal|\n|teampreview\n|j| RTSG tests\n|\n|t:|1634140609\n|start\n|switch|p1a: Kyurem|Kyurem, shiny|100\/100\n|switch|p2a: DIMENSION|Hatterene, F|100\/100\n|-ability|p1a: Kyurem|Pressure\n|turn|1\n|\n|t:|1634140612\n|move|p1a: Kyurem|Iron Head|p2a: DIMENSION\n|-supereffective|p2a: DIMENSION\n|-damage|p2a: DIMENSION|37\/100\n|-damage|p1a: Kyurem|91\/100|[from] item: Life Orb\n|cant|p2a: DIMENSION|flinch\n|\n|upkeep\n|turn|2\n|c|\u2606uiopman\u2606888|WHAT THE FUCK\n|c|\u2606uiopman\u2606888|????\n|\n|t:|1634140624\n|move|p1a: Kyurem|Iron Head|p2a: DIMENSION\n|-supereffective|p2a: DIMENSION\n|-damage|p2a: DIMENSION|0 fnt\n|faint|p2a: DIMENSION\n|-damage|p1a: Kyurem|81\/100|[from] item: Life Orb\n|\n|upkeep\n|j| Tabata Tyrogue\n|c|\u2606uiopman\u2606888|who does this\n|c|\u2606gaenisalbino|Lol\n|\n|t:|1634140634\n|switch|p2a: IDOLIZE|Porygon2|100\/100\n|-ability|p2a: IDOLIZE|Pressure|[from] ability: Trace|[of] p1a: Kyurem\n|-ability|p2a: IDOLIZE|Pressure\n|turn|3\n|c|\u2606gaenisalbino|People like me\n|c|\u2606uiopman\u2606888|malding rn\n|c|\u2606gaenisalbino|Dont get salty\n|c|\u2606uiopman\u2606888|out of all iron head cheese leads it was kyurem that gets the flinch\n|c|\u2606gaenisalbino|Yes lol\n|c|\u2606uiopman\u2606888|ironic\n|\n|t:|1634140665\n|move|p1a: Kyurem|Dragon Dance|p1a: Kyurem\n|-boost|p1a: Kyurem|atk|1\n|-boost|p1a: Kyurem|spe|1\n|move|p2a: IDOLIZE|Trick Room|p2a: IDOLIZE\n|-fieldstart|move: Trick Room|[of] p2a: IDOLIZE\n|\n|upkeep\n|turn|4\n|\n|t:|1634140670\n|move|p1a: Kyurem|Iron Head|p2a: IDOLIZE\n|-damage|p2a: IDOLIZE|70\/100\n|-damage|p1a: Kyurem|71\/100|[from] item: Life Orb\n|move|p2a: IDOLIZE|Teleport|p2a: IDOLIZE\n|\n|t:|1634140674\n|switch|p2a: SLOW DOWN|Melmetal, shiny|100\/100|[from]move: Teleport\n|\n|upkeep\n|turn|5\n|c|\u2606gaenisalbino|Indeed it is\n|\n|t:|1634140696\n|switch|p1a: Landorus|Landorus-Therian, M, shiny|100\/100\n|-ability|p1a: Landorus|Intimidate|boost\n|-unboost|p2a: SLOW DOWN|atk|1\n|move|p2a: SLOW DOWN|Double Iron Bash|p1a: Landorus\n|-damage|p1a: Landorus|64\/100\n|-damage|p1a: Landorus|28\/100\n|-hitcount|p1a: Landorus|2\n|-damage|p2a: SLOW DOWN|91\/100|[from] item: Life Orb\n|\n|-heal|p1a: Landorus|34\/100|[from] item: Leftovers\n|upkeep\n|turn|6\n|\n|t:|1634140739\n|switch|p1a: Tapu Lele|Tapu Lele|100\/100\n|-fieldstart|move: Psychic Terrain|[from] ability: Psychic Surge|[of] p1a: Tapu Lele\n|move|p2a: SLOW DOWN|Double Iron Bash|p1a: Tapu Lele\n|-supereffective|p1a: Tapu Lele\n|-damage|p1a: Tapu Lele|0 fnt\n|faint|p1a: Tapu Lele\n|-hitcount|p1: Tapu Lele|1\n|-damage|p2a: SLOW DOWN|81\/100|[from] item: Life Orb\n|\n|upkeep\n|\n|t:|1634140758\n|switch|p1a: Landorus|Landorus-Therian, M, shiny|34\/100\n|-ability|p1a: Landorus|Intimidate|boost\n|-unboost|p2a: SLOW DOWN|atk|1\n|turn|7\n|\n|t:|1634140763\n|switch|p2a: IDOLIZE|Porygon2|70\/100\n|-ability|p2a: IDOLIZE|Intimidate|[from] ability: Trace|[of] p1a: Landorus\n|-ability|p2a: IDOLIZE|Intimidate|boost\n|-unboost|p1a: Landorus|atk|1\n|move|p1a: Landorus|Stealth Rock|p2a: IDOLIZE\n|-sidestart|p2: uiopman\u2606888|move: Stealth Rock\n|\n|-heal|p1a: Landorus|40\/100|[from] item: Leftovers\n|-fieldend|move: Trick Room\n|upkeep\n|turn|8\n|\n|t:|1634140772\n|move|p1a: Landorus|U-turn|p2a: IDOLIZE\n|-damage|p2a: IDOLIZE|61\/100\n|\n|t:|1634140783\n|switch|p1a: Kyurem|Kyurem, shiny|71\/100|[from]move: U-turn\n|-ability|p1a: Kyurem|Pressure\n|move|p2a: IDOLIZE|Trick Room|p2a: IDOLIZE\n|-fieldstart|move: Trick Room|[of] p2a: IDOLIZE\n|\n|upkeep\n|turn|9\n|\n|t:|1634140791\n|move|p1a: Kyurem|Freeze-Dry|p2a: IDOLIZE\n|-damage|p2a: IDOLIZE|37\/100\n|-damage|p1a: Kyurem|61\/100|[from] item: Life Orb\n|move|p2a: IDOLIZE|Teleport|p2a: IDOLIZE\n|\n|t:|1634140794\n|switch|p2a: SLOW DOWN|Melmetal, shiny|81\/100|[from]move: Teleport\n|-damage|p2a: SLOW DOWN|75\/100|[from] Stealth Rock\n|\n|upkeep\n|turn|10\n|j| gare23limit\n|\n|t:|1634140807\n|switch|p1a: Landorus|Landorus-Therian, M, shiny|40\/100\n|-ability|p1a: Landorus|Intimidate|boost\n|-unboost|p2a: SLOW DOWN|atk|1\n|move|p2a: SLOW DOWN|Double Iron Bash|p1a: Landorus\n|-damage|p1a: Landorus|0 fnt\n|faint|p1a: Landorus\n|-hitcount|p1: Landorus|1\n|-damage|p2a: SLOW DOWN|65\/100|[from] item: Life Orb\n|\n|-fieldend|move: Psychic Terrain\n|upkeep\n|\n|t:|1634140809\n|switch|p1a: Magnezone|Magnezone, shiny|100\/100\n|turn|11\n|c|\u2606uiopman\u2606888|zone moment\n|\n|t:|1634140814\n|switch|p1a: Tapu Fini|Tapu Fini|100\/100\n|-fieldstart|move: Misty Terrain|[from] ability: Misty Surge|[of] p1a: Tapu Fini\n|move|p2a: SLOW DOWN|Superpower|p1a: Tapu Fini\n|-resisted|p1a: Tapu Fini\n|-damage|p1a: Tapu Fini|83\/100\n|-unboost|p2a: SLOW DOWN|atk|1\n|-unboost|p2a: SLOW DOWN|def|1\n|-damage|p2a: SLOW DOWN|55\/100|[from] item: Life Orb\n|\n|upkeep\n|turn|12\n|c|\u2606uiopman\u2606888|wtf\n|c|\u2606uiopman\u2606888|wp\n|c|\u2606gaenisalbino|xD\n|\n|t:|1634140833\n|switch|p2a: NAUTILUS|Dhelmise|100\/100\n|-damage|p2a: NAUTILUS|88\/100|[from] Stealth Rock\n|move|p1a: Tapu Fini|Scald|p2a: NAUTILUS\n|-resisted|p2a: NAUTILUS\n|-damage|p2a: NAUTILUS|73\/100\n|\n|-fieldend|move: Trick Room\n|upkeep\n|turn|13\n|\n|t:|1634140839\n|switch|p1a: Kyurem|Kyurem, shiny|61\/100\n|-ability|p1a: Kyurem|Pressure\n|move|p2a: NAUTILUS|Poltergeist|p1a: Kyurem\n|-activate|p1a: Kyurem|move: Poltergeist|Life Orb\n|-damage|p1a: Kyurem|0 fnt\n|faint|p1a: Kyurem\n|\n|upkeep\n|\n|t:|1634140841\n|switch|p1a: Weavile|Weavile, M|100\/100\n|-ability|p1a: Weavile|Pressure\n|turn|14\n|c|\u2606uiopman\u2606888|in\n|c|\u2606uiopman\u2606888|out\n|c|\u2606uiopman\u2606888|damn\n|c|\u2606gaenisalbino|Could u wait for 2m?\n|c|\u2606gaenisalbino|Pls\n|c|\u2606uiopman\u2606888|weav not having pursuit\n|c|\u2606uiopman\u2606888|sure gaenisalbino\n|c|\u2606gaenisalbino|Thanks man\n|c|\u2606uiopman\u2606888|can wait\n|\n|t:|1634140962\n|switch|p2a: IDOLIZE|Porygon2|37\/100\n|-damage|p2a: IDOLIZE|25\/100|[from] Stealth Rock\n|-ability|p2a: IDOLIZE|Pressure|[from] ability: Trace|[of] p1a: Weavile\n|-ability|p2a: IDOLIZE|Pressure\n|move|p1a: Weavile|Triple Axel|p2a: IDOLIZE\n|-damage|p2a: IDOLIZE|18\/100\n|-hitcount|p2a: IDOLIZE|1\n|\n|upkeep\n|turn|15\n|\n|t:|1634140972\n|move|p1a: Weavile|Knock Off|p2a: IDOLIZE\n|-damage|p2a: IDOLIZE|0 fnt\n|-enditem|p2a: IDOLIZE|Eviolite|[from] move: Knock Off|[of] p1a: Weavile\n|faint|p2a: IDOLIZE\n|\n|-fieldend|Misty Terrain\n|upkeep\n|\n|t:|1634140975\n|switch|p2a: SLOW DOWN|Melmetal, shiny|55\/100\n|-damage|p2a: SLOW DOWN|49\/100|[from] Stealth Rock\n|turn|16\n|\n|t:|1634140984\n|switch|p1a: Tapu Fini|Tapu Fini|83\/100\n|-fieldstart|move: Misty Terrain|[from] ability: Misty Surge|[of] p1a: Tapu Fini\n|move|p2a: SLOW DOWN|Superpower|p1a: Tapu Fini\n|-resisted|p1a: Tapu Fini\n|-damage|p1a: Tapu Fini|57\/100\n|-unboost|p2a: SLOW DOWN|atk|1\n|-unboost|p2a: SLOW DOWN|def|1\n|-damage|p2a: SLOW DOWN|39\/100|[from] item: Life Orb\n|\n|upkeep\n|turn|17\n|\n|t:|1634140991\n|switch|p1a: Weavile|Weavile, M|100\/100\n|-ability|p1a: Weavile|Pressure\n|switch|p2a: EPILOGUE|Cresselia, F|100\/100\n|-damage|p2a: EPILOGUE|88\/100|[from] Stealth Rock\n|\n|upkeep\n|turn|18\n|\n|t:|1634140995\n|move|p1a: Weavile|Swords Dance|p1a: Weavile\n|-boost|p1a: Weavile|atk|2\n|move|p2a: EPILOGUE|Trick Room|p2a: EPILOGUE\n|-fieldstart|move: Trick Room|[of] p2a: EPILOGUE\n|\n|upkeep\n|turn|19\n|\n|t:|1634140999\n|move|p2a: EPILOGUE|Lunar Dance|p2a: EPILOGUE\n|faint|p2a: EPILOGUE\n|move|p1a: Weavile|Knock Off|p2: EPILOGUE|[notarget]\n|-fail|p1a: Weavile\n|\n|upkeep\n|\n|t:|1634141012\n|switch|p2a: PLACE ON FIRE|Marowak-Alola, M|100\/100\n|-damage|p2a: PLACE ON FIRE|76\/100|[from] Stealth Rock\n|turn|20\n|c|\u2606gaenisalbino|Should be gg\n|\n|t:|1634141020\n|switch|p1a: Tapu Fini|Tapu Fini|57\/100\n|move|p2a: PLACE ON FIRE|Flare Blitz|p1a: Tapu Fini\n|-resisted|p1a: Tapu Fini\n|-damage|p1a: Tapu Fini|16\/100\n|\n|-fieldend|Misty Terrain\n|upkeep\n|turn|21\n|j| NewWorldOrder2030\n|\n|t:|1634141052\n|move|p2a: PLACE ON FIRE|Flare Blitz|p1a: Tapu Fini\n|-resisted|p1a: Tapu Fini\n|-damage|p1a: Tapu Fini|0 fnt\n|faint|p1a: Tapu Fini\n|\n|upkeep\n|\n|t:|1634141055\n|switch|p1a: Magnezone|Magnezone, shiny|100\/100\n|turn|22\n|\n|t:|1634141059\n|move|p2a: PLACE ON FIRE|Flare Blitz|p1a: Magnezone\n|-supereffective|p1a: Magnezone\n|-damage|p1a: Magnezone|0 fnt\n|faint|p1a: Magnezone\n|\n|-fieldend|move: Trick Room\n|upkeep\n|j| westcottike\n|\n|t:|1634141062\n|switch|p1a: Weavile|Weavile, M|100\/100\n|-ability|p1a: Weavile|Pressure\n|turn|23\n|\n|t:|1634141072\n|move|p1a: Weavile|Knock Off|p2a: PLACE ON FIRE\n|-supereffective|p2a: PLACE ON FIRE\n|-damage|p2a: PLACE ON FIRE|0 fnt\n|-enditem|p2a: PLACE ON FIRE|Thick Club|[from] move: Knock Off|[of] p1a: Weavile\n|faint|p2a: PLACE ON FIRE\n|\n|upkeep\n|\n|t:|1634141073\n|switch|p2a: SLOW DOWN|Melmetal, shiny|39\/100\n|-heal|p2a: SLOW DOWN|100\/100|[from] move: Lunar Dance\n|-damage|p2a: SLOW DOWN|94\/100|[from] Stealth Rock\n|turn|24\n|c|\u2606gaenisalbino|I lost ig\n|c|\u2606uiopman\u2606888|gg\n|c|\u2606gaenisalbino|gg\n|\n|t:|1634141082\n|move|p1a: Weavile|Knock Off|p2a: SLOW DOWN\n|-damage|p2a: SLOW DOWN|65\/100\n|-enditem|p2a: SLOW DOWN|Life Orb|[from] move: Knock Off|[of] p1a: Weavile\n|move|p2a: SLOW DOWN|Double Iron Bash|p1a: Weavile\n|-supereffective|p1a: Weavile\n|-damage|p1a: Weavile|0 fnt\n|faint|p1a: Weavile\n|-hitcount|p1: Weavile|1\n|\n|win|uiopman\u2606888\n|raw|gaenisalbino's rating: 1716 &rarr; <strong>1695<\/strong><br \/>(-21 for losing)\n|raw|uiopman\u2606888's rating: 1696 &rarr; <strong>1717<\/strong><br \/>(+21 for winning)\n|l| westcottike\n|l|\u2606gaenisalbino\n||Ladder isn't responding, score probably updated but might not have (Request timeout).\n","uploadtime":1634141092,"views":30,"p1id":"gaenisalbino","p2id":"uiopman888","formatid":"gen8ou","rating":1695,"private":0,"password":null}