{"id":"gen8ou-1600685040","p1":"Senzumii","p2":"gotsnsd","format":"gen8ou","log":"|j|\u2606Senzumii\n|j|\u2606gotsnsd\n|t:|1655766962\n|gametype|singles\n|player|p1|Senzumii|psychicf-gen4|1656\n|player|p2|gotsnsd|beauty-gen2jp|1702\n|teamsize|p1|6\n|teamsize|p2|6\n|gen|8\n|tier|[Gen 8] OU\n|rated|\n|rule|Sleep Clause Mod: Limit one foe put to sleep\n|rule|Species Clause: Limit one of each Pok\u00e9mon\n|rule|OHKO Clause: OHKO moves are banned\n|rule|Evasion Moves Clause: Evasion moves are banned\n|rule|Endless Battle Clause: Forcing endless battles is banned\n|rule|HP Percentage Mod: HP is shown in percentages\n|rule|Dynamax Clause: You cannot dynamax\n|clearpoke\n|poke|p1|Tapu Koko|\n|poke|p1|Victini|\n|poke|p1|Clefable, F|\n|poke|p1|Landorus-Therian, M|\n|poke|p1|Ferrothorn, M|\n|poke|p1|Dragonite, F|\n|poke|p2|Kartana|\n|poke|p2|Landorus-Therian, M|\n|poke|p2|Dragapult, F|\n|poke|p2|Weavile, M|\n|poke|p2|Tyranitar, F|\n|poke|p2|Melmetal|\n|teampreview\n|\n|t:|1655766990\n|start\n|switch|p1a: Clefable|Clefable, F|100\/100\n|switch|p2a: Tyranitar|Tyranitar, F|100\/100\n|-weather|Sandstorm|[from] ability: Sand Stream|[of] p2a: Tyranitar\n|turn|1\n|inactive|Battle timer is ON: inactive players will automatically lose when time's up. (requested by Senzumii)\n|\n|t:|1655767008\n|switch|p2a: Landorus|Landorus-Therian, M|100\/100\n|-ability|p2a: Landorus|Intimidate|boost\n|-unboost|p1a: Clefable|atk|1\n|move|p1a: Clefable|Thunder Wave|p2a: Landorus\n|-immune|p2a: Landorus\n|\n|-weather|Sandstorm|[upkeep]\n|upkeep\n|turn|2\n|\n|t:|1655767012\n|switch|p1a: Landorus|Landorus-Therian, M|100\/100\n|-ability|p1a: Landorus|Intimidate|boost\n|-unboost|p2a: Landorus|atk|1\n|move|p2a: Landorus|Knock Off|p1a: Landorus\n|-damage|p1a: Landorus|76\/100\n|-enditem|p1a: Landorus|Normal Gem|[from] move: Knock Off|[of] p2a: Landorus\n|\n|-weather|Sandstorm|[upkeep]\n|upkeep\n|turn|3\n|\n|t:|1655767017\n|move|p1a: Landorus|Stealth Rock|p2a: Landorus\n|-sidestart|p2: gotsnsd|move: Stealth Rock\n|move|p2a: Landorus|Stealth Rock|p1a: Landorus\n|-sidestart|p1: Senzumii|move: Stealth Rock\n|\n|-weather|Sandstorm|[upkeep]\n|upkeep\n|turn|4\n|\n|t:|1655767022\n|switch|p2a: Dragapult|Dragapult, F|100\/100\n|-damage|p2a: Dragapult|88\/100|[from] Stealth Rock\n|move|p1a: Landorus|Knock Off|p2a: Dragapult\n|-supereffective|p2a: Dragapult\n|-damage|p2a: Dragapult|0 fnt\n|-enditem|p2a: Dragapult|Choice Band|[from] move: Knock Off|[of] p1a: Landorus\n|faint|p2a: Dragapult\n|\n|-weather|Sandstorm|[upkeep]\n|upkeep\n|\n|t:|1655767026\n|switch|p2a: Weavile|Weavile, M|100\/100\n|-damage|p2a: Weavile|76\/100|[from] Stealth Rock\n|-ability|p2a: Weavile|Pressure\n|turn|5\n|\n|t:|1655767028\n|switch|p1a: Ferrothorn|Ferrothorn, M|100\/100\n|-damage|p1a: Ferrothorn|95\/100|[from] Stealth Rock\n|move|p2a: Weavile|Beat Up|p1a: Ferrothorn\n|-damage|p1a: Ferrothorn|87\/100\n|-damage|p1a: Ferrothorn|77\/100\n|-damage|p1a: Ferrothorn|67\/100\n|-damage|p1a: Ferrothorn|57\/100\n|-damage|p1a: Ferrothorn|48\/100\n|-hitcount|p1a: Ferrothorn|5\n|\n|-weather|none\n|upkeep\n|turn|6\n|\n|t:|1655767042\n|switch|p2a: Landorus|Landorus-Therian, M|100\/100\n|-damage|p2a: Landorus|88\/100|[from] Stealth Rock\n|-ability|p2a: Landorus|Intimidate|boost\n|-unboost|p1a: Ferrothorn|atk|1\n|switch|p1a: Tapu Koko|Tapu Koko|100\/100\n|-fieldstart|move: Electric Terrain|[from] ability: Electric Surge|[of] p1a: Tapu Koko\n|\n|upkeep\n|turn|7\n|\n|t:|1655767050\n|switch|p1a: Ferrothorn|Ferrothorn, M|48\/100\n|-damage|p1a: Ferrothorn|42\/100|[from] Stealth Rock\n|move|p2a: Landorus|Toxic|p1a: Ferrothorn|[miss]\n|-miss|p2a: Landorus|p1a: Ferrothorn\n|\n|upkeep\n|turn|8\n|\n|t:|1655767061\n|switch|p2a: Kartana|Kartana|100\/100\n|-damage|p2a: Kartana|95\/100|[from] Stealth Rock\n|move|p1a: Ferrothorn|Spikes|p2a: Kartana\n|-sidestart|p2: gotsnsd|Spikes\n|\n|upkeep\n|turn|9\n|\n|t:|1655767070\n|switch|p1a: Dragonite|Dragonite, F|100\/100\n|move|p2a: Kartana|Defog|p1a: Dragonite\n|-unboost|p1a: Dragonite|evasion|1\n|-sideend|p1: Senzumii|Stealth Rock|[from] move: Defog|[of] p2a: Kartana\n|-sideend|p2: gotsnsd|Spikes|[from] move: Defog|[of] p2a: Kartana\n|-sideend|p2: gotsnsd|Stealth Rock|[from] move: Defog|[of] p2a: Kartana\n|-fieldend|move: Electric Terrain\n|\n|upkeep\n|turn|10\n|\n|t:|1655767081\n|switch|p1a: Landorus|Landorus-Therian, M|76\/100\n|-ability|p1a: Landorus|Intimidate|boost\n|-unboost|p2a: Kartana|atk|1\n|move|p2a: Kartana|Knock Off|p1a: Landorus\n|-damage|p1a: Landorus|53\/100\n|\n|upkeep\n|turn|11\n|\n|t:|1655767091\n|move|p2a: Kartana|Leaf Blade|p1a: Landorus\n|-damage|p1a: Landorus|11\/100\n|move|p1a: Landorus|Earthquake|p2a: Kartana\n|-damage|p2a: Kartana|41\/100\n|\n|upkeep\n|turn|12\n|\n|t:|1655767103\n|switch|p1a: Ferrothorn|Ferrothorn, M|42\/100\n|move|p2a: Kartana|Knock Off|p1a: Ferrothorn\n|-damage|p1a: Ferrothorn|26\/100\n|-damage|p2a: Kartana|29\/100|[from] ability: Iron Barbs|[of] p1a: Ferrothorn\n|-damage|p2a: Kartana|12\/100|[from] item: Rocky Helmet|[of] p1a: Ferrothorn\n|-enditem|p1a: Ferrothorn|Rocky Helmet|[from] move: Knock Off|[of] p2a: Kartana\n|\n|upkeep\n|turn|13\n|\n|t:|1655767108\n|switch|p1a: Tapu Koko|Tapu Koko|100\/100\n|-fieldstart|move: Electric Terrain|[from] ability: Electric Surge|[of] p1a: Tapu Koko\n|move|p2a: Kartana|Synthesis|p2a: Kartana\n|-heal|p2a: Kartana|62\/100\n|\n|upkeep\n|turn|14\n|\n|t:|1655767115\n|switch|p2a: Landorus|Landorus-Therian, M|88\/100\n|-ability|p2a: Landorus|Intimidate|boost\n|-unboost|p1a: Tapu Koko|atk|1\n|move|p1a: Tapu Koko|Nature's Madness|p2a: Landorus\n|-damage|p2a: Landorus|44\/100\n|-enditem|p2a: Landorus|Eject Button\n|j| ty-tyui\u21bb\n|\n|t:|1655767121\n|switch|p2a: Tyranitar|Tyranitar, F|100\/100\n|-weather|Sandstorm|[from] ability: Sand Stream|[of] p2a: Tyranitar\n|\n|-weather|Sandstorm|[upkeep]\n|-damage|p1a: Tapu Koko|94\/100|[from] Sandstorm\n|upkeep\n|turn|15\n|\n|t:|1655767128\n|move|p1a: Tapu Koko|Volt Switch|p2a: Tyranitar\n|-damage|p2a: Tyranitar|73\/100\n|\n|t:|1655767131\n|switch|p1a: Clefable|Clefable, F|100\/100|[from]move: Volt Switch\n|move|p2a: Tyranitar|Stone Edge|p1a: Clefable\n|-damage|p1a: Clefable|36\/100\n|\n|-weather|Sandstorm|[upkeep]\n|-heal|p1a: Clefable|42\/100|[from] item: Leftovers\n|upkeep\n|turn|16\n|\n|t:|1655767146\n|move|p2a: Tyranitar|Stone Edge|p1a: Clefable\n|-damage|p1a: Clefable|0 fnt\n|faint|p1a: Clefable\n|\n|-weather|Sandstorm|[upkeep]\n|upkeep\n|\n|t:|1655767148\n|switch|p1a: Landorus|Landorus-Therian, M|11\/100\n|-ability|p1a: Landorus|Intimidate|boost\n|-unboost|p2a: Tyranitar|atk|1\n|turn|17\n|\n|t:|1655767157\n|switch|p2a: Kartana|Kartana|62\/100\n|move|p1a: Landorus|Stealth Rock|p2a: Kartana\n|-sidestart|p2: gotsnsd|move: Stealth Rock\n|\n|-weather|Sandstorm|[upkeep]\n|-fieldend|move: Electric Terrain\n|upkeep\n|turn|18\n|\n|t:|1655767171\n|switch|p1a: Ferrothorn|Ferrothorn, M|26\/100\n|move|p2a: Kartana|Knock Off|p1a: Ferrothorn\n|-crit|p1a: Ferrothorn\n|-damage|p1a: Ferrothorn|4\/100\n|-damage|p2a: Kartana|50\/100|[from] ability: Iron Barbs|[of] p1a: Ferrothorn\n|\n|-weather|none\n|upkeep\n|turn|19\n|\n|t:|1655767183\n|move|p2a: Kartana|Synthesis|p2a: Kartana\n|-heal|p2a: Kartana|99\/100\n|move|p1a: Ferrothorn|Spikes|p2a: Kartana\n|-sidestart|p2: gotsnsd|Spikes\n|\n|upkeep\n|turn|20\n|\n|t:|1655767192\n|move|p2a: Kartana|Defog|p1a: Ferrothorn\n|-unboost|p1a: Ferrothorn|evasion|1\n|-sideend|p2: gotsnsd|Spikes|[from] move: Defog|[of] p2a: Kartana\n|-sideend|p2: gotsnsd|Stealth Rock|[from] move: Defog|[of] p2a: Kartana\n|move|p1a: Ferrothorn|Spikes|p2a: Kartana\n|-sidestart|p2: gotsnsd|Spikes\n|\n|upkeep\n|turn|21\n|\n|t:|1655767195\n|move|p2a: Kartana|Knock Off|p1a: Ferrothorn\n|-damage|p1a: Ferrothorn|0 fnt\n|-damage|p2a: Kartana|87\/100|[from] ability: Iron Barbs|[of] p1a: Ferrothorn\n|faint|p1a: Ferrothorn\n|-ability|p2a: Kartana|Beast Boost|boost\n|-boost|p2a: Kartana|atk|1\n|\n|upkeep\n|\n|t:|1655767199\n|switch|p1a: Tapu Koko|Tapu Koko|94\/100\n|-fieldstart|move: Electric Terrain|[from] ability: Electric Surge|[of] p1a: Tapu Koko\n|turn|22\n|\n|t:|1655767210\n|move|p1a: Tapu Koko|Volt Switch|p2a: Kartana\n|-resisted|p2a: Kartana\n|-damage|p2a: Kartana|35\/100\n|\n|t:|1655767216\n|switch|p1a: Dragonite|Dragonite, F|100\/100|[from]move: Volt Switch\n|move|p2a: Kartana|Knock Off|p1a: Dragonite\n|-damage|p1a: Dragonite|70\/100\n|-enditem|p1a: Dragonite|Heavy-Duty Boots|[from] move: Knock Off|[of] p2a: Kartana\n|\n|upkeep\n|turn|23\n|\n|t:|1655767235\n|switch|p2a: Landorus|Landorus-Therian, M|44\/100\n|-ability|p2a: Landorus|Intimidate|boost\n|-unboost|p1a: Dragonite|atk|1\n|move|p1a: Dragonite|Dragon Dance|p1a: Dragonite\n|-boost|p1a: Dragonite|atk|1\n|-boost|p1a: Dragonite|spe|1\n|\n|upkeep\n|turn|24\n|\n|t:|1655767249\n|move|p1a: Dragonite|Dual Wingbeat|p2a: Landorus\n|-damage|p2a: Landorus|23\/100\n|-damage|p2a: Landorus|1\/100\n|-hitcount|p2a: Landorus|2\n|move|p2a: Landorus|Toxic|p1a: Dragonite\n|-status|p1a: Dragonite|tox\n|\n|-damage|p1a: Dragonite|64\/100 tox|[from] psn\n|upkeep\n|turn|25\n|\n|t:|1655767264\n|switch|p2a: Tyranitar|Tyranitar, F|73\/100\n|-damage|p2a: Tyranitar|61\/100|[from] Spikes\n|-weather|Sandstorm|[from] ability: Sand Stream|[of] p2a: Tyranitar\n|move|p1a: Dragonite|Dual Wingbeat|p2a: Tyranitar\n|-resisted|p2a: Tyranitar\n|-damage|p2a: Tyranitar|50\/100\n|-resisted|p2a: Tyranitar\n|-damage|p2a: Tyranitar|40\/100\n|-hitcount|p2a: Tyranitar|2\n|\n|-weather|Sandstorm|[upkeep]\n|-damage|p1a: Dragonite|58\/100 tox|[from] Sandstorm\n|-damage|p1a: Dragonite|45\/100 tox|[from] psn\n|upkeep\n|turn|26\n|\n|t:|1655767269\n|switch|p2a: Landorus|Landorus-Therian, M|1\/100\n|-ability|p2a: Landorus|Intimidate|boost\n|-unboost|p1a: Dragonite|atk|1\n|move|p1a: Dragonite|Earthquake|p2a: Landorus\n|-immune|p2a: Landorus\n|\n|-weather|Sandstorm|[upkeep]\n|-damage|p1a: Dragonite|39\/100 tox|[from] Sandstorm\n|-damage|p1a: Dragonite|21\/100 tox|[from] psn\n|-fieldend|move: Electric Terrain\n|upkeep\n|turn|27\n|\n|t:|1655767275\n|move|p1a: Dragonite|Dual Wingbeat|p2a: Landorus\n|-damage|p2a: Landorus|0 fnt\n|faint|p2a: Landorus\n|-hitcount|p2: Landorus|1\n|\n|-weather|Sandstorm|[upkeep]\n|-damage|p1a: Dragonite|14\/100 tox|[from] Sandstorm\n|-damage|p1a: Dragonite|0 fnt|[from] psn\n|faint|p1a: Dragonite\n|upkeep\n|\n|t:|1655767295\n|switch|p2a: Kartana|Kartana|35\/100\n|switch|p1a: Tapu Koko|Tapu Koko|94\/100\n|-fieldstart|move: Electric Terrain|[from] ability: Electric Surge|[of] p1a: Tapu Koko\n|-damage|p2a: Kartana|23\/100|[from] Spikes\n|turn|28\n|\n|t:|1655767302\n|switch|p2a: Melmetal|Melmetal|100\/100\n|-damage|p2a: Melmetal|88\/100|[from] Spikes\n|move|p1a: Tapu Koko|Dazzling Gleam|p2a: Melmetal\n|-resisted|p2a: Melmetal\n|-damage|p2a: Melmetal|71\/100\n|\n|-weather|Sandstorm|[upkeep]\n|-damage|p1a: Tapu Koko|88\/100|[from] Sandstorm\n|upkeep\n|turn|29\n|\n|t:|1655767307\n|move|p1a: Tapu Koko|Volt Switch|p2a: Melmetal\n|-damage|p2a: Melmetal|34\/100\n|\n|t:|1655767321\n|switch|p1a: Landorus|Landorus-Therian, M|11\/100|[from]move: Volt Switch\n|-ability|p1a: Landorus|Intimidate|boost\n|-unboost|p2a: Melmetal|atk|1\n|move|p2a: Melmetal|Double Iron Bash|p1a: Landorus\n|-damage|p1a: Landorus|0 fnt\n|faint|p1a: Landorus\n|-hitcount|p1: Landorus|1\n|\n|-weather|none\n|upkeep\n|\n|t:|1655767323\n|switch|p1a: Tapu Koko|Tapu Koko|88\/100\n|turn|30\n|\n|t:|1655767331\n|move|p1a: Tapu Koko|Volt Switch|p2a: Melmetal\n|-damage|p2a: Melmetal|0 fnt\n|faint|p2a: Melmetal\n|\n|t:|1655767332\n|switch|p1a: Victini|Victini|100\/100|[from]move: Volt Switch\n|\n|upkeep\n|\n|t:|1655767338\n|switch|p2a: Kartana|Kartana|23\/100\n|-damage|p2a: Kartana|11\/100|[from] Spikes\n|turn|31\n|\n|t:|1655767348\n|move|p2a: Kartana|Defog|p1a: Victini\n|-unboost|p1a: Victini|evasion|1\n|-sideend|p2: gotsnsd|Spikes|[from] move: Defog|[of] p2a: Kartana\n|-fieldend|move: Electric Terrain\n|move|p1a: Victini|Bolt Strike|p2a: Kartana\n|-resisted|p2a: Kartana\n|-damage|p2a: Kartana|0 fnt\n|-damage|p1a: Victini|84\/100|[from] item: Rocky Helmet|[of] p2a: Kartana\n|faint|p2a: Kartana\n|\n|upkeep\n|\n|t:|1655767359\n|switch|p2a: Weavile|Weavile, M|76\/100\n|-ability|p2a: Weavile|Pressure\n|turn|32\n|\n|t:|1655767376\n|switch|p1a: Tapu Koko|Tapu Koko|88\/100\n|-fieldstart|move: Electric Terrain|[from] ability: Electric Surge|[of] p1a: Tapu Koko\n|move|p2a: Weavile|Triple Axel|p1a: Tapu Koko\n|-damage|p1a: Tapu Koko|67\/100\n|-damage|p1a: Tapu Koko|21\/100\n|-damage|p1a: Tapu Koko|0 fnt\n|faint|p1a: Tapu Koko\n|-hitcount|p1: Tapu Koko|3\n|\n|upkeep\n|c|\u2606Senzumii|wp\n|\n|t:|1655767383\n|switch|p1a: Victini|Victini|84\/100\n|turn|33\n|inactive|gotsnsd has 120 seconds left.\n|inactive|gotsnsd has 90 seconds left.\n|inactive|gotsnsd has 60 seconds left.\n|\n|t:|1655767492\n|switch|p2a: Tyranitar|Tyranitar, F|40\/100\n|-weather|Sandstorm|[from] ability: Sand Stream|[of] p2a: Tyranitar\n|move|p1a: Victini|Bolt Strike|p2a: Tyranitar\n|-damage|p2a: Tyranitar|0 fnt\n|faint|p2a: Tyranitar\n|\n|-weather|Sandstorm|[upkeep]\n|-damage|p1a: Victini|78\/100|[from] Sandstorm\n|upkeep\n|\n|t:|1655767495\n|switch|p2a: Weavile|Weavile, M|76\/100\n|-ability|p2a: Weavile|Pressure\n|turn|34\n|\n|t:|1655767506\n|move|p2a: Weavile|Beat Up|p1a: Victini\n|-supereffective|p1a: Victini\n|-damage|p1a: Victini|51\/100\n|-hitcount|p1a: Victini|1\n|move|p1a: Victini|Bolt Strike|p2a: Weavile\n|-damage|p2a: Weavile|0 fnt\n|faint|p2a: Weavile\n|\n|win|Senzumii\n|raw|Senzumii's rating: 1656 &rarr; <strong>1679<\/strong><br \/>(+23 for winning)\n|raw|gotsnsd's rating: 1702 &rarr; <strong>1679<\/strong><br \/>(-23 for losing)\n|l|\u2606gotsnsd\n","uploadtime":1655767512,"views":19,"p1id":"senzumii","p2id":"gotsnsd","formatid":"gen8ou","rating":1679,"private":0,"password":null}