{"id":"gen8ou-1125288163","p1":"MOSTPOWERFULJOJO","p2":"goran el draco","format":"gen8ou","log":"|j|\u2606MOSTPOWERFULJOJO\n|j|\u2606goran el draco\n|player|p1|MOSTPOWERFULJOJO|chili|1720\n|player|p2|goran el draco|n|1629\n|teamsize|p1|6\n|teamsize|p2|6\n|gametype|singles\n|gen|8\n|tier|[Gen 8] OU\n|rated|\n|html|<div class=\"broadcast-blue\"><strong>OU is currently suspecting Dracovish! For information on how to participate check out the <a href=\"https:\/\/www.smogon.com\/forums\/threads\/3664521\/\">suspect thread<\/a>.<\/strong><\/div>\n|clearpoke\n|poke|p1|Shuckle, M|\n|poke|p1|Hydreigon, M|\n|poke|p1|Gengar, F|\n|poke|p1|Bisharp, M|\n|poke|p1|Hawlucha, M|\n|poke|p1|Mimikyu, M|\n|poke|p2|Cloyster, F|\n|poke|p2|Diggersby, M|\n|poke|p2|Clefable, F|\n|poke|p2|Zeraora|\n|poke|p2|Dragapult, M|\n|poke|p2|Ferrothorn, M|\n|rule|Sleep Clause Mod: Limit one foe put to sleep\n|rule|Species Clause: Limit one of each Pok\u00e9mon\n|rule|OHKO Clause: OHKO moves are banned\n|rule|Evasion Moves Clause: Evasion moves are banned\n|rule|Endless Battle Clause: Forcing endless battles is banned\n|rule|HP Percentage Mod: HP is shown in percentages\n|rule|Dynamax Clause: You cannot dynamax\n|teampreview\n|\n|start\n|switch|p1a: Shuckle|Shuckle, M, shiny|100\/100\n|switch|p2a: Cloyster|Cloyster, F|100\/100\n|turn|1\n|\n|move|p2a: Cloyster|Shell Smash|p2a: Cloyster\n|-unboost|p2a: Cloyster|def|1\n|-unboost|p2a: Cloyster|spd|1\n|-boost|p2a: Cloyster|atk|2\n|-boost|p2a: Cloyster|spa|2\n|-boost|p2a: Cloyster|spe|2\n|move|p1a: Shuckle|Sticky Web|p2a: Cloyster\n|-sidestart|p2: goran el draco|move: Sticky Web\n|\n|upkeep\n|turn|2\n|\n|move|p2a: Cloyster|Rock Blast|p1a: Shuckle\n|-supereffective|p1a: Shuckle\n|-damage|p1a: Shuckle|82\/100\n|-supereffective|p1a: Shuckle\n|-damage|p1a: Shuckle|60\/100\n|-supereffective|p1a: Shuckle\n|-damage|p1a: Shuckle|40\/100\n|-supereffective|p1a: Shuckle\n|-damage|p1a: Shuckle|19\/100\n|-supereffective|p1a: Shuckle\n|-damage|p1a: Shuckle|0 fnt\n|-hitcount|p1a: Shuckle|5\n|faint|p1a: Shuckle\n|\n|upkeep\n|\n|switch|p1a: Bisharp|Bisharp, M, shiny|100\/100\n|turn|3\n|\n|move|p2a: Cloyster|Icicle Spear|p1a: Bisharp\n|-resisted|p1a: Bisharp\n|-damage|p1a: Bisharp|86\/100\n|-resisted|p1a: Bisharp\n|-damage|p1a: Bisharp|72\/100\n|-resisted|p1a: Bisharp\n|-crit|p1a: Bisharp\n|-damage|p1a: Bisharp|50\/100\n|-resisted|p1a: Bisharp\n|-damage|p1a: Bisharp|34\/100\n|-resisted|p1a: Bisharp\n|-damage|p1a: Bisharp|21\/100\n|-hitcount|p1a: Bisharp|5\n|cant|p1a: Bisharp|flinch\n|\n|upkeep\n|turn|4\n|\n|move|p2a: Cloyster|Ice Shard|p1a: Bisharp\n|-resisted|p1a: Bisharp\n|-damage|p1a: Bisharp|0 fnt\n|faint|p1a: Bisharp\n|\n|upkeep\n|-message|MOSTPOWERFULJOJO forfeited.\n|\n|win|goran el draco\n|l|\u2606MOSTPOWERFULJOJO\n|raw|MOSTPOWERFULJOJO's rating: 1720 &rarr; <strong>1694<\/strong><br \/>(-26 for losing)\n|raw|goran el draco's rating: 1629 &rarr; <strong>1654<\/strong><br \/>(+25 for winning)\n","uploadtime":1591083850,"views":25,"p1id":"mostpowerfuljojo","p2id":"goraneldraco","formatid":"gen8ou","rating":1654,"private":0,"password":null}