{"id":"gen8ou-1371929427","p1":"BestixL","p2":"Lt81yl fusien","format":"gen8ou","log":"|raw|<div class=\"broadcast-blue\"><strong>This battle is required to be public due to a player having a name starting with 'lt81yl'.<\/div>\n|j|\u2606BestixL\n|j|\u2606Lt81yl fusien\n|t:|1625613175\n|gametype|singles\n|player|p1|BestixL|liza|1931\n|player|p2|Lt81yl fusien|yellow|1908\n|teamsize|p1|6\n|teamsize|p2|6\n|gen|8\n|tier|[Gen 8] OU\n|rated|\n|rule|Sleep Clause Mod: Limit one foe put to sleep\n|rule|Species Clause: Limit one of each Pok\u00e9mon\n|rule|OHKO Clause: OHKO moves are banned\n|rule|Evasion Moves Clause: Evasion moves are banned\n|rule|Endless Battle Clause: Forcing endless battles is banned\n|rule|HP Percentage Mod: HP is shown in percentages\n|rule|Dynamax Clause: You cannot dynamax\n|clearpoke\n|poke|p1|Clefable, M|\n|poke|p1|Dragonite, F|\n|poke|p1|Landorus-Therian, M|\n|poke|p1|Skarmory, F|\n|poke|p1|Slowking, M|\n|poke|p1|Weavile, F|\n|poke|p2|Zeraora|\n|poke|p2|Tapu Bulu|\n|poke|p2|Kartana|\n|poke|p2|Buzzwole|\n|poke|p2|Tyranitar, M|\n|poke|p2|Landorus-Therian, M|\n|teampreview\n|inactive|Battle timer is ON: inactive players will automatically lose when time's up. (requested by Lt81yl fusien)\n|j| regnite \u25d5\u203f\u25d5\n|j| masFR\n|j| melancholy hills\n|c|\u2606Lt81yl fusien|Hf\n|c|\u2606BestixL|u2\n|j| RipReckful\n|j| dylanjzayas\n|j| field of stars\n|j| LT81YL SCHWEMBO\n|inactive|BestixL has 120 seconds left.\n|j| august\n|\n|t:|1625613208\n|start\n|switch|p1a: Skarmory|Skarmory, F|100\/100\n|switch|p2a: Landorus|Landorus-Therian, M|100\/100\n|-ability|p2a: Landorus|Intimidate|boost\n|-unboost|p1a: Skarmory|atk|1\n|turn|1\n|l| LT81YL SCHWEMBO\n|\n|t:|1625613211\n|move|p2a: Landorus|Knock Off|p1a: Skarmory\n|-damage|p1a: Skarmory|80\/100\n|-damage|p2a: Landorus|84\/100|[from] item: Rocky Helmet|[of] p1a: Skarmory\n|-enditem|p1a: Skarmory|Rocky Helmet|[from] move: Knock Off|[of] p2a: Landorus\n|move|p1a: Skarmory|Toxic|p2a: Landorus\n|-status|p2a: Landorus|tox\n|\n|-heal|p2a: Landorus|90\/100 tox|[from] item: Leftovers\n|-damage|p2a: Landorus|84\/100 tox|[from] psn\n|upkeep\n|turn|2\n|\n|t:|1625613217\n|move|p2a: Landorus|U-turn|p1a: Skarmory\n|-resisted|p1a: Skarmory\n|-damage|p1a: Skarmory|76\/100\n|\n|t:|1625613220\n|switch|p2a: Zeraora|Zeraora|100\/100|[from]move: U-turn\n|move|p1a: Skarmory|Spikes|p2a: Zeraora\n|-sidestart|p2: Lt81yl fusien|Spikes\n|\n|upkeep\n|turn|3\n|j| jukzfjf\n|l| dylanjzayas\n|\n|t:|1625613228\n|move|p2a: Zeraora|Knock Off|p1a: Skarmory\n|-damage|p1a: Skarmory|64\/100\n|move|p1a: Skarmory|Toxic|p2a: Zeraora\n|-status|p2a: Zeraora|tox\n|\n|-damage|p2a: Zeraora|95\/100 tox|[from] psn\n|upkeep\n|turn|4\n|j| Lord_Enz\n|\n|t:|1625613234\n|switch|p1a: Landorus|Landorus-Therian, M|100\/100\n|-ability|p1a: Landorus|Intimidate|boost\n|-unboost|p2a: Zeraora|atk|1\n|move|p2a: Zeraora|Plasma Fists|p1a: Landorus\n|-immune|p1a: Landorus\n|\n|-damage|p2a: Zeraora|83\/100 tox|[from] psn\n|upkeep\n|turn|5\n|j| lt81yl raizen\n|l| Lord_Enz\n|\n|t:|1625613238\n|switch|p1a: Skarmory|Skarmory, F|64\/100\n|move|p2a: Zeraora|Knock Off|p1a: Skarmory\n|-damage|p1a: Skarmory|55\/100\n|\n|-damage|p2a: Zeraora|65\/100 tox|[from] psn\n|upkeep\n|turn|6\n|\n|t:|1625613240\n|move|p2a: Zeraora|Knock Off|p1a: Skarmory\n|-damage|p1a: Skarmory|47\/100\n|move|p1a: Skarmory|Roost|p1a: Skarmory\n|-heal|p1a: Skarmory|97\/100\n|-singleturn|p1a: Skarmory|move: Roost\n|\n|-damage|p2a: Zeraora|41\/100 tox|[from] psn\n|upkeep\n|turn|7\n|\n|t:|1625613243\n|switch|p2a: Landorus|Landorus-Therian, M|84\/100 tox\n|-ability|p2a: Landorus|Intimidate|boost\n|-unboost|p1a: Skarmory|atk|1\n|move|p1a: Skarmory|Spikes|p2a: Landorus\n|-sidestart|p2: Lt81yl fusien|Spikes\n|\n|-heal|p2a: Landorus|90\/100 tox|[from] item: Leftovers\n|-damage|p2a: Landorus|84\/100 tox|[from] psn\n|upkeep\n|turn|8\n|\n|t:|1625613246\n|move|p2a: Landorus|Defog|p1a: Skarmory\n|-unboost|p1a: Skarmory|evasion|1\n|-sideend|p2: Lt81yl fusien|Spikes|[from] move: Defog|[of] p2a: Landorus\n|move|p1a: Skarmory|Spikes|p2a: Landorus\n|-sidestart|p2: Lt81yl fusien|Spikes\n|\n|-heal|p2a: Landorus|90\/100 tox|[from] item: Leftovers\n|-damage|p2a: Landorus|78\/100 tox|[from] psn\n|upkeep\n|turn|9\n|\n|t:|1625613249\n|move|p2a: Landorus|Defog|p1a: Skarmory\n|-unboost|p1a: Skarmory|evasion|1\n|-sideend|p2: Lt81yl fusien|Spikes|[from] move: Defog|[of] p2a: Landorus\n|move|p1a: Skarmory|Spikes|p2a: Landorus\n|-sidestart|p2: Lt81yl fusien|Spikes\n|\n|-heal|p2a: Landorus|84\/100 tox|[from] item: Leftovers\n|-damage|p2a: Landorus|66\/100 tox|[from] psn\n|upkeep\n|turn|10\n|\n|t:|1625613251\n|move|p2a: Landorus|U-turn|p1a: Skarmory\n|-resisted|p1a: Skarmory\n|-damage|p1a: Skarmory|93\/100\n|\n|t:|1625613253\n|switch|p2a: Zeraora|Zeraora|41\/100 tox|[from]move: U-turn\n|move|p1a: Skarmory|Spikes|p2a: Zeraora\n|-sidestart|p2: Lt81yl fusien|Spikes\n|\n|-damage|p2a: Zeraora|35\/100 tox|[from] psn\n|upkeep\n|turn|11\n|\n|t:|1625613256\n|switch|p2a: Landorus|Landorus-Therian, M|66\/100 tox\n|-ability|p2a: Landorus|Intimidate|boost\n|-unboost|p1a: Skarmory|atk|1\n|switch|p1a: Landorus|Landorus-Therian, M|100\/100\n|-ability|p1a: Landorus|Intimidate|boost\n|-unboost|p2a: Landorus|atk|1\n|\n|-heal|p2a: Landorus|72\/100 tox|[from] item: Leftovers\n|-damage|p2a: Landorus|66\/100 tox|[from] psn\n|upkeep\n|turn|12\n|\n|t:|1625613260\n|move|p2a: Landorus|Defog|p1a: Landorus\n|-unboost|p1a: Landorus|evasion|1\n|-sideend|p2: Lt81yl fusien|Spikes|[from] move: Defog|[of] p2a: Landorus\n|move|p1a: Landorus|Swords Dance|p1a: Landorus\n|-boost|p1a: Landorus|atk|2\n|\n|-heal|p2a: Landorus|72\/100 tox|[from] item: Leftovers\n|-damage|p2a: Landorus|60\/100 tox|[from] psn\n|upkeep\n|turn|13\n|\n|t:|1625613262\n|move|p2a: Landorus|Knock Off|p1a: Landorus\n|-damage|p1a: Landorus|74\/100\n|-enditem|p1a: Landorus|Soft Sand|[from] move: Knock Off|[of] p2a: Landorus\n|move|p1a: Landorus|Stone Edge|p2a: Landorus\n|-damage|p2a: Landorus|0 fnt\n|faint|p2a: Landorus\n|\n|upkeep\n|c| regnite \u25d5\u203f\u25d5|lmao\n|c| regnite \u25d5\u203f\u25d5|skarmory le wallea a los 6\n|\n|t:|1625613270\n|switch|p2a: Buzzwole|Buzzwole|100\/100\n|turn|14\n|\n|t:|1625613273\n|switch|p1a: Slowking|Slowking, M|100\/100\n|move|p2a: Buzzwole|Close Combat|p1a: Slowking\n|-resisted|p1a: Slowking\n|-damage|p1a: Slowking|75\/100\n|-unboost|p2a: Buzzwole|def|1\n|-unboost|p2a: Buzzwole|spd|1\n|\n|upkeep\n|turn|15\n|\n|t:|1625613280\n|move|p2a: Buzzwole|Leech Life|p1a: Slowking\n|-supereffective|p1a: Slowking\n|-damage|p1a: Slowking|0 fnt\n|faint|p1a: Slowking\n|-ability|p2a: Buzzwole|Beast Boost|boost\n|-boost|p2a: Buzzwole|atk|1\n|\n|upkeep\n|\n|t:|1625613285\n|switch|p1a: Dragonite|Dragonite, F|100\/100\n|turn|16\n|c| regnite \u25d5\u203f\u25d5|perdemos\n|\n|t:|1625613292\n|switch|p2a: Tyranitar|Tyranitar, M|100\/100\n|-weather|Sandstorm|[from] ability: Sand Stream|[of] p2a: Tyranitar\n|move|p1a: Dragonite|Toxic|p2a: Tyranitar\n|-status|p2a: Tyranitar|tox\n|\n|-weather|Sandstorm|[upkeep]\n|-damage|p1a: Dragonite|94\/100|[from] Sandstorm\n|-damage|p2a: Tyranitar|94\/100 tox|[from] psn\n|upkeep\n|turn|17\n|j| lt81yl cuzzie\n|\n|t:|1625613298\n|switch|p1a: Skarmory|Skarmory, F|93\/100\n|move|p2a: Tyranitar|Ice Beam|p1a: Skarmory\n|-damage|p1a: Skarmory|64\/100\n|\n|-weather|Sandstorm|[upkeep]\n|-heal|p2a: Tyranitar|100\/100 tox|[from] item: Leftovers\n|-damage|p2a: Tyranitar|88\/100 tox|[from] psn\n|upkeep\n|turn|18\n|\n|t:|1625613302\n|switch|p2a: Kartana|Kartana|100\/100\n|move|p1a: Skarmory|Roost|p1a: Skarmory\n|-heal|p1a: Skarmory|100\/100\n|-singleturn|p1a: Skarmory|move: Roost\n|\n|-weather|Sandstorm|[upkeep]\n|upkeep\n|turn|19\n|j| samurott champloo\n|\n|t:|1625613307\n|switch|p2a: Buzzwole|Buzzwole|100\/100\n|move|p1a: Skarmory|Body Press|p2a: Buzzwole\n|-resisted|p2a: Buzzwole\n|-damage|p2a: Buzzwole|91\/100\n|-damage|p1a: Skarmory|84\/100|[from] item: Rocky Helmet|[of] p2a: Buzzwole\n|\n|-weather|Sandstorm|[upkeep]\n|-damage|p2a: Buzzwole|85\/100|[from] Sandstorm\n|upkeep\n|turn|20\n|j| LT81YL slainey\n|j|%Ox the Fox\n|\n|t:|1625613313\n|move|p2a: Buzzwole|Close Combat|p1a: Skarmory\n|-damage|p1a: Skarmory|44\/100\n|-unboost|p2a: Buzzwole|def|1\n|-unboost|p2a: Buzzwole|spd|1\n|move|p1a: Skarmory|Spikes|p2a: Buzzwole\n|-sidestart|p2: Lt81yl fusien|Spikes\n|\n|-weather|none\n|upkeep\n|turn|21\n|j| LT81YL balo\n|\n|t:|1625613317\n|move|p2a: Buzzwole|Close Combat|p1a: Skarmory\n|-damage|p1a: Skarmory|7\/100\n|-unboost|p2a: Buzzwole|def|1\n|-unboost|p2a: Buzzwole|spd|1\n|move|p1a: Skarmory|Roost|p1a: Skarmory\n|-heal|p1a: Skarmory|57\/100\n|-singleturn|p1a: Skarmory|move: Roost\n|\n|upkeep\n|turn|22\n|c| LT81YL slainey|go fusien!\n|j| Kay9ine1\n|\n|t:|1625613321\n|switch|p2a: Zeraora|Zeraora|35\/100 tox\n|move|p1a: Skarmory|Roost|p1a: Skarmory\n|-heal|p1a: Skarmory|100\/100\n|-singleturn|p1a: Skarmory|move: Roost\n|\n|-damage|p2a: Zeraora|29\/100 tox|[from] psn\n|upkeep\n|turn|23\n|\n|t:|1625613325\n|switch|p1a: Landorus|Landorus-Therian, M|74\/100\n|-ability|p1a: Landorus|Intimidate|boost\n|-unboost|p2a: Zeraora|atk|1\n|move|p2a: Zeraora|Plasma Fists|p1a: Landorus\n|-immune|p1a: Landorus\n|\n|-damage|p2a: Zeraora|17\/100 tox|[from] psn\n|upkeep\n|turn|24\n|\n|t:|1625613328\n|move|p2a: Zeraora|Knock Off|p1a: Landorus\n|-damage|p1a: Landorus|60\/100\n|move|p1a: Landorus|Swords Dance|p1a: Landorus\n|-boost|p1a: Landorus|atk|2\n|\n|-damage|p2a: Zeraora|0 fnt|[from] psn\n|faint|p2a: Zeraora\n|upkeep\n|\n|t:|1625613331\n|switch|p2a: Kartana|Kartana|100\/100\n|-damage|p2a: Kartana|88\/100|[from] Spikes\n|turn|25\n|\n|t:|1625613333\n|switch|p1a: Skarmory|Skarmory, F|100\/100\n|move|p2a: Kartana|Swords Dance|p2a: Kartana\n|-boost|p2a: Kartana|atk|2\n|\n|upkeep\n|turn|26\n|\n|t:|1625613336\n|move|p2a: Kartana|Sacred Sword|p1a: Skarmory\n|-damage|p1a: Skarmory|52\/100\n|move|p1a: Skarmory|Body Press|p2a: Kartana\n|-supereffective|p2a: Kartana\n|-damage|p2a: Kartana|22\/100\n|\n|upkeep\n|turn|27\n|\n|t:|1625613341\n|switch|p1a: Landorus|Landorus-Therian, M|60\/100\n|-ability|p1a: Landorus|Intimidate|boost\n|-unboost|p2a: Kartana|atk|1\n|-enditem|p2a: Kartana|Adrenaline Orb\n|-boost|p2a: Kartana|spe|1|[from] item: Adrenaline Orb\n|move|p2a: Kartana|Sacred Sword|p1a: Landorus\n|-resisted|p1a: Landorus\n|-damage|p1a: Landorus|22\/100\n|\n|upkeep\n|turn|28\n|j| 1800s Agents\n|\n|t:|1625613345\n|move|p2a: Kartana|Leaf Blade|p1a: Landorus\n|-damage|p1a: Landorus|0 fnt\n|faint|p1a: Landorus\n|-ability|p2a: Kartana|Beast Boost|boost\n|-boost|p2a: Kartana|atk|1\n|\n|upkeep\n|j| LT81YL ABR\n|\n|t:|1625613347\n|switch|p1a: Dragonite|Dragonite, F|94\/100\n|turn|29\n|l| LT81YL ABR\n|\n|t:|1625613349\n|move|p2a: Kartana|Knock Off|p1a: Dragonite\n|-damage|p1a: Dragonite|35\/100\n|-enditem|p1a: Dragonite|Heavy-Duty Boots|[from] move: Knock Off|[of] p2a: Kartana\n|move|p1a: Dragonite|Flamethrower|p2a: Kartana\n|-supereffective|p2a: Kartana\n|-damage|p2a: Kartana|0 fnt\n|faint|p2a: Kartana\n|\n|upkeep\n|\n|t:|1625613355\n|switch|p2a: Tapu Bulu|Tapu Bulu|100\/100\n|-damage|p2a: Tapu Bulu|88\/100|[from] Spikes\n|-fieldstart|move: Grassy Terrain|[from] ability: Grassy Surge|[of] p2a: Tapu Bulu\n|turn|30\n|l| lt81yl cuzzie\n|\n|t:|1625613359\n|move|p2a: Tapu Bulu|Stone Edge|p1a: Dragonite\n|-supereffective|p1a: Dragonite\n|-damage|p1a: Dragonite|0 fnt\n|faint|p1a: Dragonite\n|-damage|p2a: Tapu Bulu|78\/100|[from] item: Life Orb\n|\n|-heal|p2a: Tapu Bulu|84\/100|[from] Grassy Terrain\n|upkeep\n|\n|t:|1625613362\n|switch|p1a: Skarmory|Skarmory, F|52\/100\n|turn|31\n|j| Electric win\n|\n|t:|1625613370\n|move|p2a: Tapu Bulu|Swords Dance|p2a: Tapu Bulu\n|-boost|p2a: Tapu Bulu|atk|2\n|move|p1a: Skarmory|Roost|p1a: Skarmory\n|-heal|p1a: Skarmory|100\/100\n|-singleturn|p1a: Skarmory|move: Roost\n|\n|-heal|p2a: Tapu Bulu|90\/100|[from] Grassy Terrain\n|upkeep\n|turn|32\n|j| TheRoosterPrince\n|j| OnGroveStreet\n|\n|t:|1625613388\n|move|p2a: Tapu Bulu|Close Combat|p1a: Skarmory\n|-damage|p1a: Skarmory|36\/100\n|-unboost|p2a: Tapu Bulu|def|1\n|-unboost|p2a: Tapu Bulu|spd|1\n|-damage|p2a: Tapu Bulu|80\/100|[from] item: Life Orb\n|move|p1a: Skarmory|Roost|p1a: Skarmory\n|-heal|p1a: Skarmory|86\/100\n|-singleturn|p1a: Skarmory|move: Roost\n|\n|-heal|p2a: Tapu Bulu|86\/100|[from] Grassy Terrain\n|-heal|p1a: Skarmory|92\/100|[from] Grassy Terrain\n|upkeep\n|turn|33\n|\n|t:|1625613394\n|switch|p1a: Clefable|Clefable, M|100\/100\n|move|p2a: Tapu Bulu|Swords Dance|p2a: Tapu Bulu\n|-boost|p2a: Tapu Bulu|atk|2\n|\n|-heal|p2a: Tapu Bulu|92\/100|[from] Grassy Terrain\n|upkeep\n|turn|34\n|\n|t:|1625613396\n|move|p2a: Tapu Bulu|Horn Leech|p1a: Clefable\n|-damage|p1a: Clefable|0 fnt\n|-heal|p2a: Tapu Bulu|100\/100|[from] drain|[of] p1a: Clefable\n|faint|p1a: Clefable\n|-damage|p2a: Tapu Bulu|91\/100|[from] item: Life Orb\n|\n|-heal|p2a: Tapu Bulu|97\/100|[from] Grassy Terrain\n|-fieldend|move: Grassy Terrain\n|upkeep\n|\n|t:|1625613399\n|switch|p1a: Weavile|Weavile, F|100\/100\n|-ability|p1a: Weavile|Pressure\n|turn|35\n|\n|t:|1625613403\n|switch|p1a: Skarmory|Skarmory, F|92\/100\n|switch|p2a: Buzzwole|Buzzwole|85\/100\n|-damage|p2a: Buzzwole|72\/100|[from] Spikes\n|\n|upkeep\n|turn|36\n|\n|t:|1625613413\n|move|p2a: Buzzwole|Close Combat|p1a: Skarmory\n|-damage|p1a: Skarmory|53\/100\n|-unboost|p2a: Buzzwole|def|1\n|-unboost|p2a: Buzzwole|spd|1\n|move|p1a: Skarmory|Toxic|p2a: Buzzwole\n|-status|p2a: Buzzwole|tox\n|\n|-damage|p2a: Buzzwole|66\/100 tox|[from] psn\n|upkeep\n|turn|37\n|l| Electric win\n|\n|t:|1625613415\n|switch|p2a: Tapu Bulu|Tapu Bulu|97\/100\n|-damage|p2a: Tapu Bulu|84\/100|[from] Spikes\n|-fieldstart|move: Grassy Terrain|[from] ability: Grassy Surge|[of] p2a: Tapu Bulu\n|move|p1a: Skarmory|Roost|p1a: Skarmory\n|-heal|p1a: Skarmory|100\/100\n|-singleturn|p1a: Skarmory|move: Roost\n|\n|-heal|p2a: Tapu Bulu|90\/100|[from] Grassy Terrain\n|upkeep\n|turn|38\n|\n|t:|1625613419\n|switch|p1a: Weavile|Weavile, F|100\/100\n|-ability|p1a: Weavile|Pressure\n|move|p2a: Tapu Bulu|Swords Dance|p2a: Tapu Bulu\n|-boost|p2a: Tapu Bulu|atk|2\n|\n|-heal|p2a: Tapu Bulu|96\/100|[from] Grassy Terrain\n|upkeep\n|turn|39\n|l| OnGroveStreet\n|\n|t:|1625613438\n|move|p1a: Weavile|Triple Axel|p2a: Tapu Bulu\n|-supereffective|p2a: Tapu Bulu\n|-damage|p2a: Tapu Bulu|73\/100\n|-supereffective|p2a: Tapu Bulu\n|-damage|p2a: Tapu Bulu|27\/100\n|-supereffective|p2a: Tapu Bulu\n|-crit|p2a: Tapu Bulu\n|-damage|p2a: Tapu Bulu|0 fnt\n|faint|p2a: Tapu Bulu\n|-hitcount|p2: Tapu Bulu|3\n|\n|upkeep\n|\n|t:|1625613444\n|switch|p2a: Buzzwole|Buzzwole|66\/100 tox\n|-damage|p2a: Buzzwole|54\/100 tox|[from] Spikes\n|turn|40\n|\n|t:|1625613448\n|move|p1a: Weavile|Knock Off|p2a: Buzzwole\n|-resisted|p2a: Buzzwole\n|-damage|p2a: Buzzwole|39\/100 tox\n|-damage|p1a: Weavile|84\/100|[from] item: Rocky Helmet|[of] p2a: Buzzwole\n|-enditem|p2a: Buzzwole|Rocky Helmet|[from] move: Knock Off|[of] p1a: Weavile\n|move|p2a: Buzzwole|Close Combat|p1a: Weavile\n|-supereffective|p1a: Weavile\n|-damage|p1a: Weavile|0 fnt\n|-unboost|p2a: Buzzwole|def|1\n|-unboost|p2a: Buzzwole|spd|1\n|faint|p1a: Weavile\n|-ability|p2a: Buzzwole|Beast Boost|boost\n|-boost|p2a: Buzzwole|atk|1\n|\n|-heal|p2a: Buzzwole|45\/100 tox|[from] Grassy Terrain\n|-damage|p2a: Buzzwole|39\/100 tox|[from] psn\n|upkeep\n|\n|t:|1625613451\n|switch|p1a: Skarmory|Skarmory, F|100\/100\n|turn|41\n|\n|t:|1625613453\n|move|p2a: Buzzwole|Close Combat|p1a: Skarmory\n|-damage|p1a: Skarmory|46\/100\n|-unboost|p2a: Buzzwole|def|1\n|-unboost|p2a: Buzzwole|spd|1\n|move|p1a: Skarmory|Roost|p1a: Skarmory\n|-heal|p1a: Skarmory|97\/100\n|-singleturn|p1a: Skarmory|move: Roost\n|\n|-heal|p2a: Buzzwole|45\/100 tox|[from] Grassy Terrain\n|-heal|p1a: Skarmory|100\/100|[from] Grassy Terrain\n|-damage|p2a: Buzzwole|32\/100 tox|[from] psn\n|-fieldend|move: Grassy Terrain\n|upkeep\n|turn|42\n|\n|t:|1625613457\n|move|p2a: Buzzwole|Close Combat|p1a: Skarmory\n|-damage|p1a: Skarmory|48\/100\n|-unboost|p2a: Buzzwole|def|1\n|-unboost|p2a: Buzzwole|spd|1\n|move|p1a: Skarmory|Roost|p1a: Skarmory\n|-heal|p1a: Skarmory|98\/100\n|-singleturn|p1a: Skarmory|move: Roost\n|\n|-damage|p2a: Buzzwole|14\/100 tox|[from] psn\n|upkeep\n|turn|43\n|j| OnGroveStreet\n|\n|t:|1625613461\n|move|p2a: Buzzwole|Ice Punch|p1a: Skarmory\n|-damage|p1a: Skarmory|73\/100\n|move|p1a: Skarmory|Roost|p1a: Skarmory\n|-heal|p1a: Skarmory|100\/100\n|-singleturn|p1a: Skarmory|move: Roost\n|\n|-damage|p2a: Buzzwole|0 fnt|[from] psn\n|faint|p2a: Buzzwole\n|upkeep\n|\n|t:|1625613463\n|switch|p2a: Tyranitar|Tyranitar, M|88\/100 tox\n|-damage|p2a: Tyranitar|76\/100 tox|[from] Spikes\n|-weather|Sandstorm|[from] ability: Sand Stream|[of] p2a: Tyranitar\n|turn|44\n|\n|t:|1625613464\n|move|p1a: Skarmory|Body Press|p2a: Tyranitar\n|-supereffective|p2a: Tyranitar\n|-damage|p2a: Tyranitar|0 fnt\n|faint|p2a: Tyranitar\n|\n|win|BestixL\n|l| masFR\n|raw|BestixL's rating: 1931 &rarr; <strong>1950<\/strong><br \/>(+19 for winning)\n|raw|Lt81yl fusien's rating: 1908 &rarr; <strong>1889<\/strong><br \/>(-19 for losing)\n|c|\u2606Lt81yl fusien|Gg\n|l| field of stars\n|c|\u2606BestixL|gg\n|l| regnite \u25d5\u203f\u25d5\n|l|\u2606Lt81yl fusien\n|l| samurott champloo\n|l|\u2606BestixL\n|l| OnGroveStreet\n|l| TheRoosterPrince\n||Ladder isn't responding, score probably updated but might not have (Request timeout).\n|j| villainKDA\n|l| lt81yl raizen\n|l| 1800s Agents\n|l| melancholy hills\n|l| august\n|l| Kay9ine1\n|j| OU make me yawn\n|l| RipReckful\n","uploadtime":1625613662,"views":41,"p1id":"bestixl","p2id":"lt81ylfusien","formatid":"gen8ou","rating":1889,"private":0,"password":null}