{"id":"gen8ou-1675367057","p1":"ZAINE SASSON","p2":"Down$hift","format":"gen8ou","log":"|j|\u2606ZAINE SASSON\n|j|\u2606Down$hift\n|t:|1664668917\n|gametype|singles\n|player|p1|ZAINE SASSON|ethan-masters|1615\n|player|p2|Down$hift|teamrocket|1665\n|teamsize|p1|6\n|teamsize|p2|6\n|gen|8\n|tier|[Gen 8] OU\n|rated|\n|rule|Sleep Clause Mod: Limit one foe put to sleep\n|rule|Species Clause: Limit one of each Pok\u00e9mon\n|rule|OHKO Clause: OHKO moves are banned\n|rule|Evasion Items Clause: Evasion items are banned\n|rule|Evasion Moves Clause: Evasion moves are banned\n|rule|Endless Battle Clause: Forcing endless battles is banned\n|rule|HP Percentage Mod: HP is shown in percentages\n|rule|Dynamax Clause: You cannot dynamax\n|clearpoke\n|poke|p1|Blacephalon|\n|poke|p1|Snorlax, M|\n|poke|p1|Mew|\n|poke|p1|Landorus-Therian, M|\n|poke|p1|Kartana|\n|poke|p1|Volcarona, M|\n|poke|p2|Regigigas|\n|poke|p2|Weezing-Galar, F|\n|poke|p2|Landorus-Therian, M|\n|poke|p2|Dragapult, F|\n|poke|p2|Slowbro, F|\n|poke|p2|Tapu Lele|\n|teampreview\n|inactive|Battle timer is ON: inactive players will automatically lose when time's up. (requested by ZAINE SASSON)\n|c|\u2606Down$hift|hf\n|c|\u2606ZAINE SASSON|hf\n|\n|t:|1664668948\n|start\n|switch|p1a: Landorus|Landorus-Therian, M|100\/100\n|switch|p2a: Canned Calamari|Tapu Lele|100\/100\n|-fieldstart|move: Psychic Terrain|[from] ability: Psychic Surge|[of] p2a: Canned Calamari\n|-ability|p1a: Landorus|Intimidate|boost\n|-unboost|p2a: Canned Calamari|atk|1\n|turn|1\n|\n|t:|1664668954\n|move|p2a: Canned Calamari|Psychic|p1a: Landorus\n|-damage|p1a: Landorus|0 fnt\n|faint|p1a: Landorus\n|\n|upkeep\n|\n|t:|1664668960\n|switch|p1a: stormzone(lame)|Mew|100\/100\n|turn|2\n|\n|t:|1664668976\n|move|p1a: stormzone(lame)|Cosmic Power|p1a: stormzone(lame)\n|-boost|p1a: stormzone(lame)|def|1\n|-boost|p1a: stormzone(lame)|spd|1\n|move|p2a: Canned Calamari|Psychic|p1a: stormzone(lame)\n|-resisted|p1a: stormzone(lame)\n|-damage|p1a: stormzone(lame)|74\/100\n|\n|upkeep\n|turn|3\n|\n|t:|1664668981\n|switch|p2a: Dreepy Airlines|Dragapult, F|100\/100\n|move|p1a: stormzone(lame)|Cosmic Power|p1a: stormzone(lame)\n|-boost|p1a: stormzone(lame)|def|1\n|-boost|p1a: stormzone(lame)|spd|1\n|\n|upkeep\n|turn|4\n|\n|t:|1664668984\n|move|p2a: Dreepy Airlines|Thunder Wave|p1a: stormzone(lame)|[miss]\n|-miss|p2a: Dreepy Airlines|p1a: stormzone(lame)\n|move|p1a: stormzone(lame)|Soft-Boiled|p1a: stormzone(lame)\n|-heal|p1a: stormzone(lame)|100\/100\n|\n|upkeep\n|turn|5\n|\n|t:|1664668990\n|move|p2a: Dreepy Airlines|Thunder Wave|p1a: stormzone(lame)|[miss]\n|-miss|p2a: Dreepy Airlines|p1a: stormzone(lame)\n|move|p1a: stormzone(lame)|Stored Power|p2a: Dreepy Airlines\n|-damage|p2a: Dreepy Airlines|44\/100\n|\n|-fieldend|move: Psychic Terrain\n|upkeep\n|turn|6\n|\n|t:|1664668994\n|move|p2a: Dreepy Airlines|Thunder Wave|p1a: stormzone(lame)\n|-status|p1a: stormzone(lame)|par\n|-activate|p1a: stormzone(lame)|ability: Synchronize\n|-status|p2a: Dreepy Airlines|par\n|move|p1a: stormzone(lame)|Stored Power|p2a: Dreepy Airlines\n|-damage|p2a: Dreepy Airlines|0 fnt\n|faint|p2a: Dreepy Airlines\n|\n|upkeep\n|\n|t:|1664668999\n|switch|p2a: BIacephaIon|Regigigas, shiny|100\/100\n|-start|p2a: BIacephaIon|ability: Slow Start\n|turn|7\n|j| ionlysmokezaza\n|\n|t:|1664669006\n|cant|p1a: stormzone(lame)|par\n|move|p2a: BIacephaIon|Power-Up Punch|p1a: stormzone(lame)\n|-resisted|p1a: stormzone(lame)\n|-damage|p1a: stormzone(lame)|99\/100 par\n|-boost|p2a: BIacephaIon|atk|1\n|\n|upkeep\n|turn|8\n|\n|t:|1664669008\n|move|p1a: stormzone(lame)|Cosmic Power|p1a: stormzone(lame)\n|-boost|p1a: stormzone(lame)|def|1\n|-boost|p1a: stormzone(lame)|spd|1\n|move|p2a: BIacephaIon|Power-Up Punch|p1a: stormzone(lame)\n|-resisted|p1a: stormzone(lame)\n|-damage|p1a: stormzone(lame)|97\/100 par\n|-boost|p2a: BIacephaIon|atk|1\n|\n|upkeep\n|turn|9\n|\n|t:|1664669011\n|move|p1a: stormzone(lame)|Stored Power|p2a: BIacephaIon\n|-damage|p2a: BIacephaIon|71\/100\n|move|p2a: BIacephaIon|Power-Up Punch|p1a: stormzone(lame)\n|-resisted|p1a: stormzone(lame)\n|-damage|p1a: stormzone(lame)|95\/100 par\n|-boost|p2a: BIacephaIon|atk|1\n|\n|-heal|p2a: BIacephaIon|77\/100|[from] item: Leftovers\n|upkeep\n|turn|10\n|\n|t:|1664669031\n|switch|p1a: Blacephalon|Blacephalon|100\/100\n|move|p2a: BIacephaIon|Power-Up Punch|p1a: Blacephalon\n|-immune|p1a: Blacephalon\n|\n|-heal|p2a: BIacephaIon|84\/100|[from] item: Leftovers\n|upkeep\n|turn|11\n|\n|t:|1664669037\n|move|p1a: Blacephalon|Explosion|p2a: BIacephaIon\n|-enditem|p1a: Blacephalon|Normal Gem|[from] gem\n|-damage|p2a: BIacephaIon|5\/100\n|faint|p1a: Blacephalon\n|move|p2a: BIacephaIon|Knock Off|p1: Blacephalon|[notarget]\n|-fail|p2a: BIacephaIon\n|\n|-heal|p2a: BIacephaIon|11\/100|[from] item: Leftovers\n|-end|p2a: BIacephaIon|Slow Start\n|upkeep\n|\n|t:|1664669043\n|switch|p1a: Kartana|Kartana|100\/100\n|turn|12\n|\n|t:|1664669050\n|-end|p2a: BIacephaIon|Slow Start|[silent]\n|switch|p2a: LandOUrus-T|Landorus-Therian, M|100\/100\n|-ability|p2a: LandOUrus-T|Intimidate|boost\n|-unboost|p1a: Kartana|atk|1\n|move|p1a: Kartana|Knock Off|p2a: LandOUrus-T\n|-damage|p2a: LandOUrus-T|79\/100\n|-enditem|p2a: LandOUrus-T|Leftovers|[from] move: Knock Off|[of] p1a: Kartana\n|\n|upkeep\n|turn|13\n|\n|t:|1664669057\n|move|p1a: Kartana|Leaf Blade|p2a: LandOUrus-T\n|-damage|p2a: LandOUrus-T|51\/100\n|move|p2a: LandOUrus-T|Stealth Rock|p1a: Kartana\n|-sidestart|p1: ZAINE SASSON|move: Stealth Rock\n|\n|upkeep\n|turn|14\n|\n|t:|1664669065\n|switch|p2a: Dimmadome|Weezing-Galar, F|100\/100\n|move|p1a: Kartana|Leaf Blade|p2a: Dimmadome\n|-resisted|p2a: Dimmadome\n|-crit|p2a: Dimmadome\n|-damage|p2a: Dimmadome|72\/100\n|-damage|p1a: Kartana|84\/100|[from] item: Rocky Helmet|[of] p2a: Dimmadome\n|\n|upkeep\n|turn|15\n|\n|t:|1664669073\n|switch|p1a: stormzone(lame)|Mew|95\/100 par\n|-damage|p1a: stormzone(lame)|83\/100 par|[from] Stealth Rock\n|move|p2a: Dimmadome|Will-O-Wisp||[still]\n|-fail|p2a: Dimmadome\n|\n|upkeep\n|turn|16\n|\n|t:|1664669076\n|switch|p2a: Canned Calamari|Tapu Lele|100\/100\n|-fieldstart|move: Psychic Terrain|[from] ability: Psychic Surge|[of] p2a: Canned Calamari\n|cant|p1a: stormzone(lame)|par\n|\n|upkeep\n|turn|17\n|\n|t:|1664669087\n|switch|p1a: Kartana|Kartana|84\/100\n|-damage|p1a: Kartana|78\/100|[from] Stealth Rock\n|move|p2a: Canned Calamari|Moonblast|p1a: Kartana\n|-resisted|p1a: Kartana\n|-damage|p1a: Kartana|0 fnt\n|faint|p1a: Kartana\n|\n|upkeep\n|\n|t:|1664669094\n|switch|p1a: Volcarona|Volcarona, M|100\/100\n|turn|18\n|\n|t:|1664669098\n|switch|p2a: LandOUrus-T|Landorus-Therian, M|51\/100\n|-ability|p2a: LandOUrus-T|Intimidate|boost\n|-unboost|p1a: Volcarona|atk|1\n|move|p1a: Volcarona|Quiver Dance|p1a: Volcarona\n|-boost|p1a: Volcarona|spa|1\n|-boost|p1a: Volcarona|spd|1\n|-boost|p1a: Volcarona|spe|1\n|\n|upkeep\n|turn|19\n|\n|t:|1664669101\n|move|p1a: Volcarona|Flamethrower|p2a: LandOUrus-T\n|-damage|p2a: LandOUrus-T|0 fnt\n|faint|p2a: LandOUrus-T\n|\n|upkeep\n|\n|t:|1664669103\n|switch|p2a: Canned Calamari|Tapu Lele|100\/100\n|turn|20\n|\n|t:|1664669113\n|switch|p1a: stormzone(lame)|Mew|83\/100 par\n|-damage|p1a: stormzone(lame)|70\/100 par|[from] Stealth Rock\n|move|p2a: Canned Calamari|Psyshock|p1a: stormzone(lame)\n|-resisted|p1a: stormzone(lame)\n|-damage|p1a: stormzone(lame)|32\/100 par\n|\n|-fieldend|move: Psychic Terrain\n|upkeep\n|turn|21\n|\n|t:|1664669124\n|switch|p2a: BIacephaIon|Regigigas, shiny|11\/100\n|-start|p2a: BIacephaIon|ability: Slow Start\n|move|p1a: stormzone(lame)|Soft-Boiled|p1a: stormzone(lame)\n|-heal|p1a: stormzone(lame)|82\/100 par\n|\n|-heal|p2a: BIacephaIon|17\/100|[from] item: Leftovers\n|upkeep\n|turn|22\n|\n|t:|1664669134\n|cant|p1a: stormzone(lame)|par\n|move|p2a: BIacephaIon|Power-Up Punch|p1a: stormzone(lame)\n|-resisted|p1a: stormzone(lame)\n|-crit|p1a: stormzone(lame)\n|-damage|p1a: stormzone(lame)|78\/100 par\n|-boost|p2a: BIacephaIon|atk|1\n|\n|-heal|p2a: BIacephaIon|23\/100|[from] item: Leftovers\n|upkeep\n|turn|23\n|\n|t:|1664669137\n|move|p1a: stormzone(lame)|Stored Power|p2a: BIacephaIon\n|-damage|p2a: BIacephaIon|19\/100\n|move|p2a: BIacephaIon|Power-Up Punch|p1a: stormzone(lame)\n|-resisted|p1a: stormzone(lame)\n|-damage|p1a: stormzone(lame)|73\/100 par\n|-boost|p2a: BIacephaIon|atk|1\n|\n|-heal|p2a: BIacephaIon|25\/100|[from] item: Leftovers\n|upkeep\n|turn|24\n|\n|t:|1664669141\n|switch|p1a: Volcarona|Volcarona, M|100\/100\n|move|p2a: BIacephaIon|Body Slam|p1a: Volcarona\n|-damage|p1a: Volcarona|34\/100\n|\n|-heal|p2a: BIacephaIon|31\/100|[from] item: Leftovers\n|upkeep\n|turn|25\n|\n|t:|1664669147\n|-end|p2a: BIacephaIon|Slow Start|[silent]\n|switch|p2a: ur slow|Slowbro, F|100\/100\n|move|p1a: Volcarona|Flamethrower|p2a: ur slow\n|-resisted|p2a: ur slow\n|-damage|p2a: ur slow|81\/100\n|\n|upkeep\n|turn|26\n|\n|t:|1664669149\n|move|p1a: Volcarona|Bug Buzz|p2a: ur slow\n|-supereffective|p2a: ur slow\n|-damage|p2a: ur slow|9\/100\n|move|p2a: ur slow|Scald|p1a: Volcarona\n|-supereffective|p1a: Volcarona\n|-damage|p1a: Volcarona|0 fnt\n|faint|p1a: Volcarona\n|\n|upkeep\n|\n|t:|1664669153\n|switch|p1a: stormzone(lame)|Mew|73\/100 par\n|-damage|p1a: stormzone(lame)|61\/100 par|[from] Stealth Rock\n|turn|27\n|\n|t:|1664669156\n|switch|p2a: Canned Calamari|Tapu Lele|100\/100\n|-fieldstart|move: Psychic Terrain|[from] ability: Psychic Surge|[of] p2a: Canned Calamari\n|move|p1a: stormzone(lame)|Cosmic Power|p1a: stormzone(lame)\n|-boost|p1a: stormzone(lame)|def|1\n|-boost|p1a: stormzone(lame)|spd|1\n|\n|upkeep\n|turn|28\n|l| ionlysmokezaza\n|\n|t:|1664669159\n|move|p2a: Canned Calamari|Moonblast|p1a: stormzone(lame)\n|-damage|p1a: stormzone(lame)|12\/100 par\n|move|p1a: stormzone(lame)|Soft-Boiled|p1a: stormzone(lame)\n|-heal|p1a: stormzone(lame)|62\/100 par\n|\n|upkeep\n|turn|29\n|\n|t:|1664669166\n|move|p2a: Canned Calamari|Moonblast|p1a: stormzone(lame)\n|-damage|p1a: stormzone(lame)|13\/100 par\n|cant|p1a: stormzone(lame)|par\n|\n|upkeep\n|turn|30\n|-message|ZAINE SASSON forfeited.\n|\n|win|Down$hift\n|raw|ZAINE SASSON's rating: 1615 &rarr; <strong>1598<\/strong><br \/>(-17 for losing)\n|raw|Down$hift's rating: 1665 &rarr; <strong>1682<\/strong><br \/>(+17 for winning)\n|l|\u2606ZAINE SASSON\n|j| zaydapoketrainer\n|j| knexhawk2\n|j| Lisofef\n|j| sufy512\n|j| NoTollsNoRolls\n|c| zaydapoketrainer|bom\n||Ladder isn't responding, score probably updated but might not have (Request timeout).\n|l| Lisofef\n|j| Qinter\n|j| Kwaga\n|c| zaydapoketrainer|what shit did regigigas do\n|c| zaydapoketrainer|lol\n|l| Kwaga\n|c| Qinter|yeah\n|c| zaydapoketrainer|I mean\n|j| bhkg\n|l| bhkg\n|c|\u2606Down$hift|he made it si\n|c| zaydapoketrainer|it did 66 to bolcarona\n|j| cycle cap\n|c|\u2606Down$hift|so\n|c| zaydapoketrainer|ig\n|c|\u2606Down$hift|mew didnt win\n|l| NoTollsNoRolls\n|c|\u2606Down$hift|and also volc\n|l| Qinter\n|c| zaydapoketrainer|But\n|c| zaydapoketrainer|why\n|c| zaydapoketrainer|are u running\n|c| zaydapoketrainer|weezing-galar\n|c| zaydapoketrainer|ur playing singles\n|c| sufy512|yep\n|c| sufy512|weezing is good bro\n|l| sufy512\n|l| zaydapoketrainer\n|c|\u2606Down$hift|rilla, kart, lando chomp all checked\n|c|\u2606Down$hift|+ defog\n|c| cycle cap|if that was curselax\n","uploadtime":1664669334,"views":41,"p1id":"zainesasson","p2id":"downhift","formatid":"gen8ou","rating":1598,"private":0,"password":null}