{"id":"gen8ou-1705869998","p1":"30orless","p2":"Highv0ltag3","format":"gen8ou","log":"|j|\u260630orless\n|j|\u2606Highv0ltag3\n|t:|1667928635\n|gametype|singles\n|player|p1|30orless|170|1758\n|player|p2|Highv0ltag3|volo|1997\n|teamsize|p1|6\n|teamsize|p2|6\n|gen|8\n|tier|[Gen 8] OU\n|rated|\n|rule|Sleep Clause Mod: Limit one foe put to sleep\n|rule|Species Clause: Limit one of each Pok\u00e9mon\n|rule|OHKO Clause: OHKO moves are banned\n|rule|Evasion Items Clause: Evasion items are banned\n|rule|Evasion Moves Clause: Evasion moves are banned\n|rule|Endless Battle Clause: Forcing endless battles is banned\n|rule|HP Percentage Mod: HP is shown in percentages\n|rule|Dynamax Clause: You cannot dynamax\n|clearpoke\n|poke|p1|Moltres|\n|poke|p1|Hydreigon, M|\n|poke|p1|Blaziken, F|\n|poke|p1|Volcanion|\n|poke|p1|Zapdos|\n|poke|p1|Mamoswine, F|\n|poke|p2|Aegislash, F|\n|poke|p2|Hydreigon, F|\n|poke|p2|Toxapex, M|\n|poke|p2|Landorus-Therian, M|\n|poke|p2|Kartana|\n|poke|p2|Weavile, M|\n|teampreview\n|inactive|Battle timer is ON: inactive players will automatically lose when time's up. (requested by 30orless)\n|\n|t:|1667928654\n|start\n|switch|p1a: Hydreigon|Hydreigon, M|100\/100\n|switch|p2a: Kartana|Kartana|100\/100\n|turn|1\n|\n|t:|1667928665\n|switch|p2a: Landorus|Landorus-Therian, M|100\/100\n|-ability|p2a: Landorus|Intimidate|boost\n|-unboost|p1a: Hydreigon|atk|1\n|move|p1a: Hydreigon|Draco Meteor|p2a: Landorus\n|-damage|p2a: Landorus|50\/100\n|-unboost|p1a: Hydreigon|spa|2\n|\n|-heal|p2a: Landorus|56\/100|[from] item: Leftovers\n|upkeep\n|turn|2\n|\n|t:|1667928674\n|switch|p1a: Moltres|Moltres|100\/100\n|move|p2a: Landorus|Toxic|p1a: Moltres\n|-status|p1a: Moltres|tox\n|\n|-heal|p2a: Landorus|62\/100|[from] item: Leftovers\n|-damage|p1a: Moltres|94\/100 tox|[from] psn\n|upkeep\n|turn|3\n|j| Crancher\n|\n|t:|1667928690\n|switch|p2a: Toxapex|Toxapex, M|100\/100\n|move|p1a: Moltres|Brave Bird|p2a: Toxapex\n|-damage|p2a: Toxapex|67\/100\n|-damage|p1a: Moltres|78\/100 tox|[from] item: Rocky Helmet|[of] p2a: Toxapex\n|-damage|p1a: Moltres|69\/100 tox|[from] Recoil\n|\n|-damage|p1a: Moltres|57\/100 tox|[from] psn\n|upkeep\n|turn|4\n|\n|t:|1667928696\n|move|p1a: Moltres|Scorching Sands|p2a: Toxapex\n|-supereffective|p2a: Toxapex\n|-damage|p2a: Toxapex|33\/100\n|-status|p2a: Toxapex|brn\n|move|p2a: Toxapex|Toxic|p1a: Moltres\n|-fail|p1a: Moltres|tox\n|\n|-damage|p1a: Moltres|39\/100 tox|[from] psn\n|-damage|p2a: Toxapex|27\/100 brn|[from] brn\n|upkeep\n|turn|5\n|\n|t:|1667928705\n|switch|p2a: Hydreigon|Hydreigon, F|100\/100\n|move|p1a: Moltres|Brave Bird|p2a: Hydreigon\n|-damage|p2a: Hydreigon|45\/100\n|-damage|p1a: Moltres|20\/100 tox|[from] Recoil\n|\n|-heal|p2a: Hydreigon|51\/100|[from] item: Leftovers\n|-damage|p1a: Moltres|0 fnt|[from] psn\n|faint|p1a: Moltres\n|upkeep\n|\n|t:|1667928710\n|switch|p1a: Mamoswine|Mamoswine, F|100\/100\n|turn|6\n|\n|t:|1667928720\n|switch|p2a: Toxapex|Toxapex, M|60\/100 brn\n|move|p1a: Mamoswine|Stealth Rock|p2a: Toxapex\n|-sidestart|p2: Highv0ltag3|move: Stealth Rock\n|\n|-damage|p2a: Toxapex|54\/100 brn|[from] brn\n|upkeep\n|turn|7\n|\n|t:|1667928726\n|switch|p2a: Landorus|Landorus-Therian, M|62\/100\n|-damage|p2a: Landorus|50\/100|[from] Stealth Rock\n|-ability|p2a: Landorus|Intimidate|boost\n|-fail|p1a: Mamoswine|unboost|Attack|[from] ability: Oblivious|[of] p1a: Mamoswine\n|move|p1a: Mamoswine|Earthquake|p2a: Landorus\n|-immune|p2a: Landorus\n|\n|-heal|p2a: Landorus|56\/100|[from] item: Leftovers\n|upkeep\n|turn|8\n|\n|t:|1667928730\n|switch|p2a: Weavile|Weavile, M|100\/100\n|-ability|p2a: Weavile|Pressure\n|move|p1a: Mamoswine|Icicle Crash|p2a: Weavile\n|-resisted|p2a: Weavile\n|-damage|p2a: Weavile|56\/100\n|\n|upkeep\n|turn|9\n|\n|t:|1667928738\n|move|p2a: Weavile|Triple Axel|p1a: Mamoswine\n|-damage|p1a: Mamoswine|90\/100\n|-crit|p1a: Mamoswine\n|-damage|p1a: Mamoswine|58\/100\n|-damage|p1a: Mamoswine|22\/100\n|-hitcount|p1a: Mamoswine|3\n|move|p1a: Mamoswine|Earthquake|p2a: Weavile\n|-damage|p2a: Weavile|0 fnt\n|faint|p2a: Weavile\n|\n|upkeep\n|\n|t:|1667928745\n|switch|p2a: Kartana|Kartana|100\/100\n|-damage|p2a: Kartana|94\/100|[from] Stealth Rock\n|turn|10\n|j| thehellevenisthat\n|\n|t:|1667928748\n|switch|p1a: Blaziken|Blaziken, F|100\/100\n|move|p2a: Kartana|Knock Off|p1a: Blaziken\n|-resisted|p1a: Blaziken\n|-damage|p1a: Blaziken|52\/100\n|-enditem|p1a: Blaziken|Life Orb|[from] move: Knock Off|[of] p2a: Kartana\n|\n|upkeep\n|turn|11\n|\n|t:|1667928757\n|switch|p2a: Landorus|Landorus-Therian, M|56\/100\n|-damage|p2a: Landorus|43\/100|[from] Stealth Rock\n|-ability|p2a: Landorus|Intimidate|boost\n|-unboost|p1a: Blaziken|atk|1\n|move|p1a: Blaziken|Overheat|p2a: Landorus\n|-damage|p2a: Landorus|2\/100\n|-unboost|p1a: Blaziken|spa|2\n|\n|-heal|p2a: Landorus|8\/100|[from] item: Leftovers\n|-ability|p1a: Blaziken|Speed Boost|boost\n|-boost|p1a: Blaziken|spe|1\n|upkeep\n|turn|12\n|\n|t:|1667928762\n|switch|p2a: Toxapex|Toxapex, M|87\/100 brn\n|-damage|p2a: Toxapex|75\/100 brn|[from] Stealth Rock\n|move|p1a: Blaziken|Overheat|p2a: Toxapex\n|-resisted|p2a: Toxapex\n|-damage|p2a: Toxapex|63\/100 brn\n|-unboost|p1a: Blaziken|spa|2\n|\n|-damage|p2a: Toxapex|57\/100 brn|[from] brn\n|-ability|p1a: Blaziken|Speed Boost|boost\n|-boost|p1a: Blaziken|spe|1\n|upkeep\n|turn|13\n|\n|t:|1667928770\n|switch|p1a: Zapdos|Zapdos|100\/100\n|move|p2a: Toxapex|Toxic|p1a: Zapdos\n|-status|p1a: Zapdos|tox\n|\n|-damage|p1a: Zapdos|94\/100 tox|[from] psn\n|-damage|p2a: Toxapex|51\/100 brn|[from] brn\n|upkeep\n|turn|14\n|\n|t:|1667928776\n|switch|p2a: Hydreigon|Hydreigon, F|51\/100\n|-damage|p2a: Hydreigon|38\/100|[from] Stealth Rock\n|move|p1a: Zapdos|Discharge|p2a: Hydreigon\n|-resisted|p2a: Hydreigon\n|-damage|p2a: Hydreigon|21\/100\n|\n|-heal|p2a: Hydreigon|27\/100|[from] item: Leftovers\n|-damage|p1a: Zapdos|82\/100 tox|[from] psn\n|upkeep\n|turn|15\n|\n|t:|1667928786\n|move|p1a: Zapdos|Hurricane|p2a: Hydreigon\n|-damage|p2a: Hydreigon|0 fnt\n|faint|p2a: Hydreigon\n|\n|-damage|p1a: Zapdos|64\/100 tox|[from] psn\n|upkeep\n|\n|t:|1667928800\n|switch|p2a: Toxapex|Toxapex, M|84\/100 brn\n|-damage|p2a: Toxapex|72\/100 brn|[from] Stealth Rock\n|turn|16\n|\n|t:|1667928812\n|switch|p2a: Landorus|Landorus-Therian, M|8\/100\n|-damage|p2a: Landorus|0 fnt|[from] Stealth Rock\n|faint|p2a: Landorus\n|move|p1a: Zapdos|Discharge|p2: Landorus|[notarget]\n|-fail|p1a: Zapdos\n|\n|-damage|p1a: Zapdos|40\/100 tox|[from] psn\n|upkeep\n|\n|t:|1667928815\n|switch|p2a: Kartana|Kartana|94\/100\n|-damage|p2a: Kartana|88\/100|[from] Stealth Rock\n|turn|17\n|\n|t:|1667928817\n|switch|p1a: Blaziken|Blaziken, F|52\/100\n|move|p2a: Kartana|Leaf Blade|p1a: Blaziken\n|-resisted|p1a: Blaziken\n|-damage|p1a: Blaziken|0 fnt\n|faint|p1a: Blaziken\n|-ability|p2a: Kartana|Beast Boost|boost\n|-boost|p2a: Kartana|atk|1\n|\n|upkeep\n|\n|t:|1667928823\n|switch|p1a: Hydreigon|Hydreigon, M|100\/100\n|turn|18\n|\n|t:|1667928825\n|switch|p2a: Toxapex|Toxapex, M|100\/100 brn\n|-damage|p2a: Toxapex|88\/100 brn|[from] Stealth Rock\n|move|p1a: Hydreigon|Dark Pulse|p2a: Toxapex\n|-damage|p2a: Toxapex|51\/100 brn\n|\n|-damage|p2a: Toxapex|45\/100 brn|[from] brn\n|upkeep\n|turn|19\n|\n|t:|1667928830\n|move|p1a: Hydreigon|Dark Pulse|p2a: Toxapex\n|-damage|p2a: Toxapex|8\/100 brn\n|cant|p2a: Toxapex|flinch\n|\n|-damage|p2a: Toxapex|2\/100 brn|[from] brn\n|upkeep\n|turn|20\n|\n|t:|1667928839\n|move|p1a: Hydreigon|Dark Pulse|p2a: Toxapex\n|-damage|p2a: Toxapex|0 fnt\n|faint|p2a: Toxapex\n|\n|upkeep\n|\n|t:|1667928846\n|switch|p2a: Kartana|Kartana|88\/100\n|-damage|p2a: Kartana|82\/100|[from] Stealth Rock\n|turn|21\n|\n|t:|1667928849\n|move|p1a: Hydreigon|Dark Pulse|p2a: Kartana\n|-damage|p2a: Kartana|0 fnt\n|faint|p2a: Kartana\n|\n|upkeep\n|-message|Highv0ltag3 forfeited.\n|\n|win|30orless\n|raw|30orless's rating: 1758 &rarr; <strong>1790<\/strong><br \/>(+32 for winning)\n|raw|Highv0ltag3's rating: 1997 &rarr; <strong>1965<\/strong><br \/>(-32 for losing)\n|l|\u2606Highv0ltag3\n|l| Crancher\n","uploadtime":1667928864,"views":4,"p1id":"30orless","p2id":"highv0ltag3","formatid":"gen8ou","rating":1790,"private":0,"password":null}