{"id":"gen8ou-1613444837","p1":"Steelix Fusion","p2":"gittt rekttt BOY","format":"gen8ou","log":"|j|\u2606Steelix Fusion\n|j|\u203dgittt rekttt BOY\n|t:|1657343400\n|gametype|singles\n|player|p1|Steelix Fusion|marshal|1760\n|player|p2|gittt rekttt BOY|lucas-gen4pt|1766\n|teamsize|p1|6\n|teamsize|p2|6\n|gen|8\n|tier|[Gen 8] OU\n|rated|\n|rule|Sleep Clause Mod: Limit one foe put to sleep\n|rule|Species Clause: Limit one of each Pok\u00e9mon\n|rule|OHKO Clause: OHKO moves are banned\n|rule|Evasion Moves Clause: Evasion moves are banned\n|rule|Endless Battle Clause: Forcing endless battles is banned\n|rule|HP Percentage Mod: HP is shown in percentages\n|rule|Dynamax Clause: You cannot dynamax\n|clearpoke\n|poke|p1|Ninetales-Alola, F|\n|poke|p1|Klefki, M|\n|poke|p1|Scolipede, M|\n|poke|p1|Gyarados, M|\n|poke|p1|Garchomp, F|\n|poke|p1|Blaziken, F|\n|poke|p2|Chansey, F|\n|poke|p2|Landorus-Therian, M|\n|poke|p2|Dragapult, F|\n|poke|p2|Toxapex, M|\n|poke|p2|Corviknight, F|\n|poke|p2|Keldeo-Resolute|\n|teampreview\n|j| BabyPigsAreLaughin\n|inactive|Battle timer is ON: inactive players will automatically lose when time's up. (requested by Steelix Fusion)\n|c|\u2606Steelix Fusion|hail\n|c|\u2606Steelix Fusion|should get a defensive boost\n|c|\u2606Steelix Fusion|ice shield\n|c|\u2606Steelix Fusion|50% from contact movesd\n|inactive|Steelix Fusion has 120 seconds left.\n|j| practicinq\n|j| Biglargemarge\n|j| Lordtallboat\n|j| nodragondanceinrb\n|j| GoldenStateIdiots\n|c| BabyPigsAreLaughin|Like Sandstorm gives rock types a boost in special defense, right?\n|c|\u2606Steelix Fusion|yeah\n|c|\u2606Steelix Fusion|exactly\n|c|\u2606Steelix Fusion|but\n|c|\u2606Steelix Fusion|-50% from contact moves\n|inactive|Steelix Fusion has 90 seconds left.\n|c|\u2606Steelix Fusion|while in hail\n|\n|t:|1657343474\n|start\n|switch|p1a: Ninetales|Ninetales-Alola, F|100\/100\n|switch|p2a: Landorus|Landorus-Therian, M|100\/100\n|-weather|Hail|[from] ability: Snow Warning|[of] p1a: Ninetales\n|-ability|p2a: Landorus|Intimidate|boost\n|-unboost|p1a: Ninetales|atk|1\n|turn|1\n|\n|t:|1657343483\n|switch|p2a: Chansey|Chansey, F|100\/100\n|move|p1a: Ninetales|Safeguard|p1a: Ninetales\n|-sidestart|p1: Steelix Fusion|Safeguard\n|\n|-weather|Hail|[upkeep]\n|-damage|p2a: Chansey|94\/100|[from] Hail\n|upkeep\n|turn|2\n|c| BabyPigsAreLaughin|That would be great. Hail would be top tier.\n|\n|t:|1657343488\n|move|p1a: Ninetales|Aurora Veil|p1a: Ninetales\n|-sidestart|p1: Steelix Fusion|move: Aurora Veil\n|move|p2a: Chansey|Thunder Wave|p1a: Ninetales\n|-activate|p1a: Ninetales|move: Safeguard\n|\n|-weather|Hail|[upkeep]\n|-damage|p2a: Chansey|88\/100|[from] Hail\n|upkeep\n|turn|3\n|\n|t:|1657343493\n|move|p1a: Ninetales|Encore|p2a: Chansey\n|-start|p2a: Chansey|Encore\n|move|p2a: Chansey|Thunder Wave|p1a: Ninetales\n|-activate|p1a: Ninetales|move: Safeguard\n|\n|-weather|Hail|[upkeep]\n|-damage|p2a: Chansey|82\/100|[from] Hail\n|upkeep\n|turn|4\n|\n|t:|1657343501\n|switch|p1a: Garchomp|Garchomp, F|100\/100\n|move|p2a: Chansey|Thunder Wave|p1a: Garchomp\n|-immune|p1a: Garchomp\n|\n|-weather|Hail|[upkeep]\n|-damage|p1a: Garchomp|94\/100|[from] Hail\n|-damage|p2a: Chansey|76\/100|[from] Hail\n|upkeep\n|turn|5\n|\n|t:|1657343508\n|switch|p2a: Corviknight|Corviknight, F|100\/100\n|-ability|p2a: Corviknight|Pressure\n|move|p1a: Garchomp|Swords Dance|p1a: Garchomp\n|-boost|p1a: Garchomp|atk|2\n|\n|-weather|none\n|-sideend|p1: Steelix Fusion|Safeguard\n|upkeep\n|turn|6\n|\n|t:|1657343515\n|move|p1a: Garchomp|Fire Fang|p2a: Corviknight\n|-supereffective|p2a: Corviknight\n|-damage|p2a: Corviknight|29\/100\n|-damage|p1a: Garchomp|78\/100|[from] item: Rocky Helmet|[of] p2a: Corviknight\n|-damage|p1a: Garchomp|68\/100|[from] item: Life Orb\n|move|p2a: Corviknight|Iron Defense|p2a: Corviknight\n|-boost|p2a: Corviknight|def|2\n|\n|upkeep\n|turn|7\n|\n|t:|1657343526\n|move|p1a: Garchomp|Fire Fang|p2a: Corviknight\n|-supereffective|p2a: Corviknight\n|-damage|p2a: Corviknight|0 fnt\n|-damage|p1a: Garchomp|51\/100|[from] item: Rocky Helmet|[of] p2a: Corviknight\n|faint|p2a: Corviknight\n|-damage|p1a: Garchomp|42\/100|[from] item: Life Orb\n|\n|upkeep\n|\n|t:|1657343543\n|switch|p2a: Keldeo|Keldeo-Resolute|100\/100\n|turn|8\n|\n|t:|1657343552\n|switch|p1a: Gyarados|Gyarados, M, shiny|100\/100\n|move|p2a: Keldeo|Scald|p1a: Gyarados\n|-resisted|p1a: Gyarados\n|-damage|p1a: Gyarados|88\/100\n|\n|-heal|p1a: Gyarados|94\/100|[from] item: Leftovers\n|upkeep\n|turn|9\n|\n|t:|1657343559\n|switch|p2a: Toxapex|Toxapex, M|100\/100\n|move|p1a: Gyarados|Dragon Dance|p1a: Gyarados\n|-boost|p1a: Gyarados|atk|1\n|-boost|p1a: Gyarados|spe|1\n|\n|-heal|p1a: Gyarados|99\/100|[from] item: Leftovers\n|-sideend|p1: Steelix Fusion|move: Aurora Veil\n|upkeep\n|turn|10\n|\n|t:|1657343566\n|move|p1a: Gyarados|Earthquake|p2a: Toxapex\n|-supereffective|p2a: Toxapex\n|-damage|p2a: Toxapex|37\/100\n|move|p2a: Toxapex|Haze|p2a: Toxapex\n|-clearallboost\n|\n|-heal|p1a: Gyarados|100\/100|[from] item: Leftovers\n|upkeep\n|turn|11\n|\n|t:|1657343572\n|switch|p2a: Dragapult|Dragapult, F|100\/100\n|move|p1a: Gyarados|Dragon Dance|p1a: Gyarados\n|-boost|p1a: Gyarados|atk|1\n|-boost|p1a: Gyarados|spe|1\n|\n|upkeep\n|turn|12\n|\n|t:|1657343578\n|move|p2a: Dragapult|Will-O-Wisp|p1a: Gyarados\n|-status|p1a: Gyarados|brn\n|move|p1a: Gyarados|Dragon Dance|p1a: Gyarados\n|-boost|p1a: Gyarados|atk|1\n|-boost|p1a: Gyarados|spe|1\n|\n|-damage|p1a: Gyarados|94\/100 brn|[from] brn\n|upkeep\n|turn|13\n|\n|t:|1657343586\n|move|p1a: Gyarados|Dragon Dance|p1a: Gyarados\n|-boost|p1a: Gyarados|atk|1\n|-boost|p1a: Gyarados|spe|1\n|move|p2a: Dragapult|Hex|p1a: Gyarados\n|-damage|p1a: Gyarados|47\/100 brn\n|\n|-heal|p1a: Gyarados|53\/100 brn|[from] item: Leftovers\n|-damage|p1a: Gyarados|47\/100 brn|[from] brn\n|upkeep\n|turn|14\n|l| GoldenStateIdiots\n|\n|t:|1657343594\n|move|p1a: Gyarados|Bounce||[still]\n|-prepare|p1a: Gyarados|Bounce\n|move|p2a: Dragapult|Hex|p1a: Gyarados|[miss]\n|-miss|p2a: Dragapult|p1a: Gyarados\n|\n|-heal|p1a: Gyarados|53\/100 brn|[from] item: Leftovers\n|-damage|p1a: Gyarados|47\/100 brn|[from] brn\n|upkeep\n|turn|15\n|\n|t:|1657343601\n|switch|p2a: Toxapex|Toxapex, M|71\/100\n|move|p1a: Gyarados|Bounce|p2a: Toxapex|[from]lockedmove\n|-damage|p2a: Toxapex|33\/100\n|-damage|p1a: Gyarados|30\/100 brn|[from] item: Rocky Helmet|[of] p2a: Toxapex\n|\n|-heal|p1a: Gyarados|36\/100 brn|[from] item: Leftovers\n|-damage|p1a: Gyarados|30\/100 brn|[from] brn\n|upkeep\n|turn|16\n|\n|t:|1657343623\n|switch|p2a: Keldeo|Keldeo-Resolute|100\/100\n|move|p1a: Gyarados|Waterfall|p2a: Keldeo\n|-resisted|p2a: Keldeo\n|-damage|p2a: Keldeo|69\/100\n|\n|-heal|p1a: Gyarados|36\/100 brn|[from] item: Leftovers\n|-heal|p2a: Keldeo|75\/100|[from] item: Leftovers\n|-damage|p1a: Gyarados|30\/100 brn|[from] brn\n|upkeep\n|turn|17\n|c| BabyPigsAreLaughin|Rocky Helmet does too much damage.\n|\n|t:|1657343632\n|move|p1a: Gyarados|Waterfall|p2a: Keldeo\n|-resisted|p2a: Keldeo\n|-damage|p2a: Keldeo|44\/100\n|move|p2a: Keldeo|Scald|p1a: Gyarados\n|-resisted|p1a: Gyarados\n|-damage|p1a: Gyarados|5\/100 brn\n|\n|-heal|p1a: Gyarados|11\/100 brn|[from] item: Leftovers\n|-heal|p2a: Keldeo|50\/100|[from] item: Leftovers\n|-damage|p1a: Gyarados|5\/100 brn|[from] brn\n|upkeep\n|turn|18\n|j| Mingan Su\n|\n|t:|1657343641\n|move|p1a: Gyarados|Earthquake|p2a: Keldeo\n|-damage|p2a: Keldeo|0 fnt\n|faint|p2a: Keldeo\n|-ability|p1a: Gyarados|Moxie|boost\n|-boost|p1a: Gyarados|atk|1\n|\n|-heal|p1a: Gyarados|11\/100 brn|[from] item: Leftovers\n|-damage|p1a: Gyarados|5\/100 brn|[from] brn\n|upkeep\n|\n|t:|1657343647\n|switch|p2a: Dragapult|Dragapult, F|100\/100\n|turn|19\n|\n|t:|1657343650\n|move|p1a: Gyarados|Bounce||[still]\n|-prepare|p1a: Gyarados|Bounce\n|move|p2a: Dragapult|Hex|p1a: Gyarados|[miss]\n|-miss|p2a: Dragapult|p1a: Gyarados\n|\n|-heal|p1a: Gyarados|11\/100 brn|[from] item: Leftovers\n|-damage|p1a: Gyarados|5\/100 brn|[from] brn\n|upkeep\n|turn|20\n|\n|t:|1657343656\n|move|p1a: Gyarados|Bounce|p2a: Dragapult|[from]lockedmove\n|-damage|p2a: Dragapult|18\/100\n|move|p2a: Dragapult|Hex|p1a: Gyarados\n|-damage|p1a: Gyarados|0 fnt\n|faint|p1a: Gyarados\n|\n|-heal|p2a: Dragapult|24\/100|[from] item: Leftovers\n|upkeep\n|j| KMTQ1\n|\n|t:|1657343664\n|switch|p1a: Ninetales|Ninetales-Alola, F|100\/100\n|-weather|Hail|[from] ability: Snow Warning|[of] p1a: Ninetales\n|turn|21\n|\n|t:|1657343673\n|switch|p2a: Chansey|Chansey, F|76\/100\n|move|p1a: Ninetales|Aurora Veil|p1a: Ninetales\n|-sidestart|p1: Steelix Fusion|move: Aurora Veil\n|\n|-weather|Hail|[upkeep]\n|-damage|p2a: Chansey|70\/100|[from] Hail\n|upkeep\n|turn|22\n|\n|t:|1657343679\n|move|p1a: Ninetales|Safeguard|p1a: Ninetales\n|-sidestart|p1: Steelix Fusion|Safeguard\n|move|p2a: Chansey|Wish|p2a: Chansey\n|\n|-weather|Hail|[upkeep]\n|-damage|p2a: Chansey|64\/100|[from] Hail\n|upkeep\n|turn|23\n|\n|t:|1657343684\n|switch|p2a: Toxapex|Toxapex, M|67\/100\n|move|p1a: Ninetales|Freeze-Dry|p2a: Toxapex\n|-supereffective|p2a: Toxapex\n|-damage|p2a: Toxapex|29\/100\n|\n|-weather|Hail|[upkeep]\n|-damage|p2a: Toxapex|23\/100|[from] Hail\n|-heal|p2a: Toxapex|100\/100|[from] move: Wish|[wisher] Chansey\n|upkeep\n|turn|24\n|j| imzosi\n|c| Biglargemarge|what that klefki do\n|\n|t:|1657343696\n|switch|p1a: Garchomp|Garchomp, F|42\/100\n|move|p2a: Toxapex|Scald|p1a: Garchomp\n|-damage|p1a: Garchomp|32\/100\n|\n|-weather|Hail|[upkeep]\n|-damage|p1a: Garchomp|26\/100|[from] Hail\n|-damage|p2a: Toxapex|94\/100|[from] Hail\n|upkeep\n|turn|25\n|\n|t:|1657343705\n|switch|p2a: Landorus|Landorus-Therian, M|100\/100\n|-ability|p2a: Landorus|Intimidate|boost\n|-unboost|p1a: Garchomp|atk|1\n|move|p1a: Garchomp|Swords Dance|p1a: Garchomp\n|-boost|p1a: Garchomp|atk|2\n|\n|-weather|none\n|upkeep\n|turn|26\n|\n|t:|1657343712\n|move|p1a: Garchomp|Scale Shot|p2a: Landorus\n|-damage|p2a: Landorus|75\/100\n|-damage|p2a: Landorus|45\/100\n|-crit|p2a: Landorus\n|-damage|p2a: Landorus|4\/100\n|-hitcount|p2a: Landorus|3\n|-unboost|p1a: Garchomp|def|1\n|-boost|p1a: Garchomp|spe|1\n|-damage|p1a: Garchomp|16\/100|[from] item: Life Orb\n|move|p2a: Landorus|Earthquake|p1a: Garchomp\n|-damage|p1a: Garchomp|0 fnt\n|faint|p1a: Garchomp\n|\n|-heal|p2a: Landorus|10\/100|[from] item: Leftovers\n|-sideend|p1: Steelix Fusion|Safeguard\n|upkeep\n|\n|t:|1657343726\n|switch|p1a: Ninetales|Ninetales-Alola, F|100\/100\n|-weather|Hail|[from] ability: Snow Warning|[of] p1a: Ninetales\n|turn|27\n|\n|t:|1657343732\n|switch|p2a: Chansey|Chansey, F|64\/100\n|move|p1a: Ninetales|Freeze-Dry|p2a: Chansey\n|-damage|p2a: Chansey|57\/100\n|-status|p2a: Chansey|frz\n|\n|-weather|Hail|[upkeep]\n|-damage|p2a: Chansey|51\/100 frz|[from] Hail\n|upkeep\n|turn|28\n|j| Zmaslan902100\n|\n|t:|1657343740\n|move|p1a: Ninetales|Safeguard|p1a: Ninetales\n|-sidestart|p1: Steelix Fusion|Safeguard\n|-curestatus|p2a: Chansey|frz|[msg]\n|move|p2a: Chansey|Soft-Boiled|p2a: Chansey\n|-heal|p2a: Chansey|100\/100\n|\n|-weather|Hail|[upkeep]\n|-damage|p2a: Chansey|94\/100|[from] Hail\n|-sideend|p1: Steelix Fusion|move: Aurora Veil\n|upkeep\n|turn|29\n|\n|t:|1657343747\n|move|p1a: Ninetales|Encore|p2a: Chansey\n|-start|p2a: Chansey|Encore\n|move|p2a: Chansey|Soft-Boiled|p2a: Chansey\n|-heal|p2a: Chansey|100\/100\n|\n|-weather|Hail|[upkeep]\n|-damage|p2a: Chansey|94\/100|[from] Hail\n|upkeep\n|turn|30\n|\n|t:|1657343757\n|move|p1a: Ninetales|Aurora Veil|p1a: Ninetales\n|-sidestart|p1: Steelix Fusion|move: Aurora Veil\n|move|p2a: Chansey|Soft-Boiled|p2a: Chansey\n|-heal|p2a: Chansey|100\/100\n|\n|-weather|Hail|[upkeep]\n|-damage|p2a: Chansey|94\/100|[from] Hail\n|upkeep\n|turn|31\n|\n|t:|1657343764\n|switch|p1a: Blaziken|Blaziken, F|100\/100\n|move|p2a: Chansey|Soft-Boiled|p2a: Chansey\n|-heal|p2a: Chansey|100\/100\n|\n|-weather|none\n|-end|p2a: Chansey|Encore\n|upkeep\n|turn|32\n|\n|t:|1657343770\n|switch|p2a: Landorus|Landorus-Therian, M|10\/100\n|-ability|p2a: Landorus|Intimidate|boost\n|-unboost|p1a: Blaziken|atk|1\n|move|p1a: Blaziken|Swords Dance|p1a: Blaziken\n|-boost|p1a: Blaziken|atk|2\n|\n|-heal|p2a: Landorus|16\/100|[from] item: Leftovers\n|-sideend|p1: Steelix Fusion|Safeguard\n|-ability|p1a: Blaziken|Speed Boost|boost\n|-boost|p1a: Blaziken|spe|1\n|upkeep\n|turn|33\n|c| BabyPigsAreLaughin|It's time to end this, bro.\n|\n|t:|1657343780\n|switch|p2a: Toxapex|Toxapex, M|100\/100\n|move|p1a: Blaziken|Flare Blitz|p2a: Toxapex\n|-resisted|p2a: Toxapex\n|-damage|p2a: Toxapex|62\/100\n|-damage|p1a: Blaziken|84\/100|[from] item: Rocky Helmet|[of] p2a: Toxapex\n|-damage|p1a: Blaziken|71\/100|[from] Recoil\n|-damage|p1a: Blaziken|61\/100|[from] item: Life Orb\n|\n|-ability|p1a: Blaziken|Speed Boost|boost\n|-boost|p1a: Blaziken|spe|1\n|upkeep\n|turn|34\n|\n|t:|1657343790\n|switch|p2a: Landorus|Landorus-Therian, M|16\/100\n|-ability|p2a: Landorus|Intimidate|boost\n|-unboost|p1a: Blaziken|atk|1\n|move|p1a: Blaziken|Thunder Punch|p2a: Landorus\n|-immune|p2a: Landorus\n|\n|-heal|p2a: Landorus|22\/100|[from] item: Leftovers\n|-ability|p1a: Blaziken|Speed Boost|boost\n|-boost|p1a: Blaziken|spe|1\n|upkeep\n|turn|35\n|\n|t:|1657343799\n|move|p1a: Blaziken|Swords Dance|p1a: Blaziken\n|-boost|p1a: Blaziken|atk|2\n|move|p2a: Landorus|Earthquake|p1a: Blaziken\n|-supereffective|p1a: Blaziken\n|-damage|p1a: Blaziken|0 fnt\n|faint|p1a: Blaziken\n|\n|-heal|p2a: Landorus|28\/100|[from] item: Leftovers\n|upkeep\n|\n|t:|1657343808\n|switch|p1a: Scolipede|Scolipede, M|100\/100\n|turn|36\n|\n|t:|1657343813\n|move|p1a: Scolipede|Swords Dance|p1a: Scolipede\n|-boost|p1a: Scolipede|atk|2\n|move|p2a: Landorus|Earthquake|p1a: Scolipede\n|-damage|p1a: Scolipede|63\/100\n|\n|-heal|p2a: Landorus|34\/100|[from] item: Leftovers\n|-ability|p1a: Scolipede|Speed Boost|boost\n|-boost|p1a: Scolipede|spe|1\n|upkeep\n|turn|37\n|\n|t:|1657343822\n|move|p1a: Scolipede|Aqua Tail|p2a: Landorus\n|-supereffective|p2a: Landorus\n|-damage|p2a: Landorus|0 fnt\n|faint|p2a: Landorus\n|-damage|p1a: Scolipede|53\/100|[from] item: Life Orb\n|\n|-sideend|p1: Steelix Fusion|move: Aurora Veil\n|-ability|p1a: Scolipede|Speed Boost|boost\n|-boost|p1a: Scolipede|spe|1\n|upkeep\n|\n|t:|1657343824\n|switch|p2a: Toxapex|Toxapex, M|96\/100\n|turn|38\n|\n|t:|1657343831\n|switch|p1a: Klefki|Klefki, M, shiny|100\/100\n|move|p2a: Toxapex|Scald|p1a: Klefki\n|-damage|p1a: Klefki|81\/100\n|-status|p1a: Klefki|brn\n|\n|-damage|p1a: Klefki|75\/100 brn|[from] brn\n|upkeep\n|turn|39\n|l| Zmaslan902100\n|\n|t:|1657343840\n|switch|p2a: Chansey|Chansey, F|100\/100\n|move|p1a: Klefki|Thunder Wave|p2a: Chansey\n|-status|p2a: Chansey|par\n|\n|-damage|p1a: Klefki|69\/100 brn|[from] brn\n|upkeep\n|turn|40\n|\n|t:|1657343847\n|switch|p1a: Ninetales|Ninetales-Alola, F|100\/100\n|-weather|Hail|[from] ability: Snow Warning|[of] p1a: Ninetales\n|cant|p2a: Chansey|par\n|\n|-weather|Hail|[upkeep]\n|-damage|p2a: Chansey|94\/100 par|[from] Hail\n|upkeep\n|turn|41\n|\n|t:|1657343855\n|-curestatus|p2a: Chansey|par|[from] ability: Natural Cure\n|switch|p2a: Toxapex|Toxapex, M|100\/100\n|move|p1a: Ninetales|Safeguard|p1a: Ninetales\n|-sidestart|p1: Steelix Fusion|Safeguard\n|\n|-weather|Hail|[upkeep]\n|-damage|p2a: Toxapex|94\/100|[from] Hail\n|upkeep\n|turn|42\n|\n|t:|1657343861\n|move|p1a: Ninetales|Aurora Veil|p1a: Ninetales\n|-sidestart|p1: Steelix Fusion|move: Aurora Veil\n|move|p2a: Toxapex|Scald|p1a: Ninetales\n|-damage|p1a: Ninetales|91\/100\n|\n|-weather|Hail|[upkeep]\n|-damage|p2a: Toxapex|88\/100|[from] Hail\n|upkeep\n|turn|43\n|\n|t:|1657343867\n|switch|p2a: Chansey|Chansey, F|94\/100\n|move|p1a: Ninetales|Freeze-Dry|p2a: Chansey\n|-damage|p2a: Chansey|88\/100\n|\n|-weather|Hail|[upkeep]\n|-damage|p2a: Chansey|81\/100|[from] Hail\n|upkeep\n|turn|44\n|\n|t:|1657343875\n|switch|p1a: Klefki|Klefki, M, shiny|69\/100 brn\n|move|p2a: Chansey|Seismic Toss|p1a: Klefki\n|-damage|p1a: Klefki|30\/100 brn\n|\n|-weather|none\n|-damage|p1a: Klefki|24\/100 brn|[from] brn\n|upkeep\n|turn|45\n|\n|t:|1657343882\n|move|p1a: Klefki|Thunder Wave|p2a: Chansey|[miss]\n|-miss|p1a: Klefki|p2a: Chansey\n|move|p2a: Chansey|Wish|p2a: Chansey\n|\n|-damage|p1a: Klefki|17\/100 brn|[from] brn\n|-sideend|p1: Steelix Fusion|Safeguard\n|upkeep\n|turn|46\n|c|\u2606Steelix Fusion|lol\n|\n|t:|1657343888\n|move|p1a: Klefki|Thunder Wave|p2a: Chansey\n|-status|p2a: Chansey|par\n|move|p2a: Chansey|Seismic Toss|p1a: Klefki\n|-damage|p1a: Klefki|0 fnt\n|faint|p1a: Klefki\n|\n|-heal|p2a: Chansey|100\/100 par|[from] move: Wish|[wisher] Chansey\n|upkeep\n|c|\u2606Steelix Fusion|guy played so des\n|c|\u2606Steelix Fusion|he wanted this\n|c|\u2606Steelix Fusion|bad\n|\n|t:|1657343898\n|switch|p1a: Scolipede|Scolipede, M|53\/100\n|turn|47\n|\n|t:|1657343901\n|-curestatus|p2a: Chansey|par|[from] ability: Natural Cure\n|switch|p2a: Toxapex|Toxapex, M|100\/100\n|move|p1a: Scolipede|Swords Dance|p1a: Scolipede\n|-boost|p1a: Scolipede|atk|2\n|\n|-ability|p1a: Scolipede|Speed Boost|boost\n|-boost|p1a: Scolipede|spe|1\n|upkeep\n|turn|48\n|c| BabyPigsAreLaughin|He was trying so hard as if this was the final round of a tournament.\n|c|\u2606Steelix Fusion|https:\/\/play.pokemonshowdown.com\/battle-gen8ou-1613448185-5js9t9zo1lo2wvkky15r3vztgggdi7gpw\n|c|\u2606Steelix Fusion|he can wait\n|n|\u203dgittt rekttt BOY|gitttrektttboy\n|inactive|Steelix Fusion has 120 seconds left.\n|inactive|Steelix Fusion has 90 seconds left.\n|inactive|Steelix Fusion has 60 seconds left.\n|c| Go b4 it gets dark|steelix fusion\n|c| Go b4 it gets dark|timer\n|inactive|Steelix Fusion has 30 seconds left.\n|inactive|Steelix Fusion has 20 seconds left.\n|inactive|Steelix Fusion has 15 seconds left.\n|inactive|Steelix Fusion has 10 seconds left.\n|inactive|Steelix Fusion has 5 seconds left.\n|-message|Steelix Fusion lost due to inactivity.\n|\n|win|gittt rekttt BOY\n|raw|Steelix Fusion's rating: 1760 &rarr; <strong>1740<\/strong><br \/>(-20 for losing)\n|raw|gittt rekttt BOY's rating: 1766 &rarr; <strong>1786<\/strong><br \/>(+20 for winning)\n|l|\u2606Steelix Fusion\n|l| nodragondanceinrb\n|l| imzosi\n|l| KMTQ1\n|l| Mingan Su\n|l| Biglargemarge\n|l| BabyPigsAreLaughin\n","uploadtime":1657344036,"views":13,"p1id":"steelixfusion","p2id":"gitttrektttboy","formatid":"gen8ou","rating":1740,"private":0,"password":null}