{"id":"gen8ou-1611607580","p1":"ramixi0596","p2":"Makuryu","format":"gen8ou","log":"|j|\u2606ramixi0596\n|j|\u2606Makuryu\n|t:|1657125170\n|gametype|singles\n|player|p1|ramixi0596|candice|1699\n|player|p2|Makuryu|koga|1701\n|teamsize|p1|6\n|teamsize|p2|6\n|gen|8\n|tier|[Gen 8] OU\n|rated|\n|rule|Sleep Clause Mod: Limit one foe put to sleep\n|rule|Species Clause: Limit one of each Pok\u00e9mon\n|rule|OHKO Clause: OHKO moves are banned\n|rule|Evasion Moves Clause: Evasion moves are banned\n|rule|Endless Battle Clause: Forcing endless battles is banned\n|rule|HP Percentage Mod: HP is shown in percentages\n|rule|Dynamax Clause: You cannot dynamax\n|clearpoke\n|poke|p1|Weavile, M|\n|poke|p1|Ferrothorn, M|\n|poke|p1|Landorus-Therian, M|\n|poke|p1|Tapu Fini|\n|poke|p1|Heatran, M|\n|poke|p1|Tornadus-Therian, M|\n|poke|p2|Nihilego|\n|poke|p2|Zapdos-Galar|\n|poke|p2|Kartana|\n|poke|p2|Celesteela|\n|poke|p2|Garchomp, M|\n|poke|p2|Tapu Fini|\n|teampreview\n|inactive|Battle timer is ON: inactive players will automatically lose when time's up. (requested by ramixi0596)\n|\n|t:|1657125182\n|start\n|switch|p1a: Ferrothorn|Ferrothorn, M|100\/100\n|switch|p2a: Zapdos|Zapdos-Galar|100\/100\n|turn|1\n|j| Fastbreak 3\n|j| Struck Nuts\n|\n|t:|1657125208\n|switch|p1a: Tornadus|Tornadus-Therian, M|100\/100\n|move|p2a: Zapdos|Close Combat|p1a: Tornadus\n|-resisted|p1a: Tornadus\n|-damage|p1a: Tornadus|47\/100\n|-unboost|p2a: Zapdos|def|1\n|-unboost|p2a: Zapdos|spd|1\n|\n|upkeep\n|turn|2\n|l| Struck Nuts\n|\n|t:|1657125217\n|switch|p2a: Nihilego|Nihilego|100\/100\n|move|p1a: Tornadus|U-turn|p2a: Nihilego\n|-resisted|p2a: Nihilego\n|-damage|p2a: Nihilego|90\/100\n|\n|t:|1657125228\n|switch|p1a: Ferrothorn|Ferrothorn, M|100\/100|[from]move: U-turn\n|\n|upkeep\n|turn|3\n|j| Abcdefp\n|\n|t:|1657125252\n|switch|p2a: Garchomp|Garchomp, M|100\/100\n|move|p1a: Ferrothorn|Stealth Rock|p2a: Garchomp\n|-sidestart|p2: Makuryu|move: Stealth Rock\n|\n|upkeep\n|turn|4\n|\n|t:|1657125264\n|switch|p1a: Landorus|Landorus-Therian, M|100\/100\n|-ability|p1a: Landorus|Intimidate|boost\n|-unboost|p2a: Garchomp|atk|1\n|move|p2a: Garchomp|Stealth Rock|p1a: Landorus\n|-sidestart|p1: ramixi0596|move: Stealth Rock\n|\n|upkeep\n|turn|5\n|\n|t:|1657125270\n|move|p2a: Garchomp|Toxic|p1a: Landorus\n|-status|p1a: Landorus|tox\n|move|p1a: Landorus|U-turn|p2a: Garchomp\n|-damage|p2a: Garchomp|80\/100\n|-damage|p1a: Landorus|88\/100 tox|[from] ability: Rough Skin|[of] p2a: Garchomp\n|-damage|p1a: Landorus|72\/100 tox|[from] item: Rocky Helmet|[of] p2a: Garchomp\n|\n|t:|1657125274\n|switch|p1a: Weavile|Weavile, M|100\/100|[from]move: U-turn\n|-ability|p1a: Weavile|Pressure\n|\n|upkeep\n|turn|6\n|\n|t:|1657125281\n|move|p1a: Weavile|Swords Dance|p1a: Weavile\n|-boost|p1a: Weavile|atk|2\n|move|p2a: Garchomp|Earthquake|p1a: Weavile\n|-damage|p1a: Weavile|55\/100\n|\n|upkeep\n|turn|7\n|\n|t:|1657125299\n|move|p1a: Weavile|Ice Shard|p2a: Garchomp\n|-supereffective|p2a: Garchomp\n|-damage|p2a: Garchomp|0 fnt\n|faint|p2a: Garchomp\n|\n|upkeep\n|\n|t:|1657125309\n|switch|p2a: Kartana|Kartana|100\/100\n|-damage|p2a: Kartana|94\/100|[from] Stealth Rock\n|turn|8\n|\n|t:|1657125319\n|move|p2a: Kartana|Sacred Sword|p1a: Weavile\n|-supereffective|p1a: Weavile\n|-damage|p1a: Weavile|0 fnt\n|faint|p1a: Weavile\n|-ability|p2a: Kartana|Beast Boost|boost\n|-boost|p2a: Kartana|atk|1\n|\n|upkeep\n|\n|t:|1657125325\n|switch|p1a: Tornadus|Tornadus-Therian, M|81\/100\n|-damage|p1a: Tornadus|56\/100|[from] Stealth Rock\n|turn|9\n|\n|t:|1657125332\n|switch|p2a: Nihilego|Nihilego|90\/100\n|-damage|p2a: Nihilego|78\/100|[from] Stealth Rock\n|move|p1a: Tornadus|Heat Wave|p2a: Nihilego\n|-resisted|p2a: Nihilego\n|-damage|p2a: Nihilego|70\/100\n|-status|p2a: Nihilego|brn\n|\n|-damage|p2a: Nihilego|63\/100 brn|[from] brn\n|upkeep\n|turn|10\n|\n|t:|1657125341\n|move|p1a: Tornadus|U-turn|p2a: Nihilego\n|-resisted|p2a: Nihilego\n|-damage|p2a: Nihilego|53\/100 brn\n|\n|t:|1657125344\n|switch|p1a: Ferrothorn|Ferrothorn, M|100\/100|[from]move: U-turn\n|-damage|p1a: Ferrothorn|94\/100|[from] Stealth Rock\n|move|p2a: Nihilego|Meteor Beam||[still]\n|-prepare|p2a: Nihilego|Meteor Beam\n|-boost|p2a: Nihilego|spa|1\n|-enditem|p2a: Nihilego|Power Herb\n|-anim|p2a: Nihilego|Meteor Beam|p1a: Ferrothorn\n|-resisted|p1a: Ferrothorn\n|-damage|p1a: Ferrothorn|58\/100\n|\n|-damage|p2a: Nihilego|46\/100 brn|[from] brn\n|upkeep\n|turn|11\n|\n|t:|1657125355\n|move|p2a: Nihilego|Power Gem|p1a: Ferrothorn\n|-resisted|p1a: Ferrothorn\n|-damage|p1a: Ferrothorn|31\/100\n|move|p1a: Ferrothorn|Leech Seed|p2a: Nihilego\n|-start|p2a: Nihilego|move: Leech Seed\n|\n|-damage|p2a: Nihilego|34\/100 brn|[from] Leech Seed|[of] p1a: Ferrothorn\n|-heal|p1a: Ferrothorn|43\/100|[silent]\n|-damage|p2a: Nihilego|28\/100 brn|[from] brn\n|upkeep\n|turn|12\n|\n|t:|1657125363\n|move|p2a: Nihilego|Power Gem|p1a: Ferrothorn\n|-resisted|p1a: Ferrothorn\n|-damage|p1a: Ferrothorn|18\/100\n|move|p1a: Ferrothorn|Gyro Ball|p2a: Nihilego\n|-supereffective|p2a: Nihilego\n|-damage|p2a: Nihilego|0 fnt\n|faint|p2a: Nihilego\n|\n|upkeep\n|\n|t:|1657125371\n|switch|p2a: Kartana|Kartana|94\/100\n|-damage|p2a: Kartana|88\/100|[from] Stealth Rock\n|turn|13\n|\n|t:|1657125377\n|move|p2a: Kartana|Knock Off|p1a: Ferrothorn\n|-damage|p1a: Ferrothorn|0 fnt\n|-damage|p2a: Kartana|76\/100|[from] ability: Iron Barbs|[of] p1a: Ferrothorn\n|-damage|p2a: Kartana|59\/100|[from] item: Rocky Helmet|[of] p1a: Ferrothorn\n|-enditem|p1a: Ferrothorn|Rocky Helmet|[from] move: Knock Off|[of] p2a: Kartana\n|faint|p1a: Ferrothorn\n|-ability|p2a: Kartana|Beast Boost|boost\n|-boost|p2a: Kartana|atk|1\n|\n|upkeep\n|\n|t:|1657125382\n|switch|p1a: Tapu Fini|Tapu Fini|100\/100\n|-damage|p1a: Tapu Fini|88\/100|[from] Stealth Rock\n|-fieldstart|move: Misty Terrain|[from] ability: Misty Surge|[of] p1a: Tapu Fini\n|turn|14\n|\n|t:|1657125393\n|switch|p2a: Tapu Fini|Tapu Fini|100\/100\n|-damage|p2a: Tapu Fini|88\/100|[from] Stealth Rock\n|move|p1a: Tapu Fini|Nature's Madness|p2a: Tapu Fini\n|-damage|p2a: Tapu Fini|45\/100\n|\n|-heal|p2a: Tapu Fini|51\/100|[from] item: Leftovers\n|-heal|p1a: Tapu Fini|94\/100|[from] item: Leftovers\n|upkeep\n|turn|15\n|l| Fastbreak 3\n|\n|t:|1657125411\n|move|p2a: Tapu Fini|Calm Mind|p2a: Tapu Fini\n|-boost|p2a: Tapu Fini|spa|1\n|-boost|p2a: Tapu Fini|spd|1\n|move|p1a: Tapu Fini|Moonblast|p2a: Tapu Fini\n|-damage|p2a: Tapu Fini|34\/100\n|\n|-heal|p2a: Tapu Fini|40\/100|[from] item: Leftovers\n|-heal|p1a: Tapu Fini|99\/100|[from] item: Leftovers\n|upkeep\n|turn|16\n|\n|t:|1657125421\n|move|p2a: Tapu Fini|Taunt|p1a: Tapu Fini\n|-start|p1a: Tapu Fini|move: Taunt\n|move|p1a: Tapu Fini|Whirlpool|p2a: Tapu Fini|[miss]\n|-miss|p1a: Tapu Fini|p2a: Tapu Fini\n|\n|-heal|p2a: Tapu Fini|46\/100|[from] item: Leftovers\n|-heal|p1a: Tapu Fini|100\/100|[from] item: Leftovers\n|upkeep\n|turn|17\n|\n|t:|1657125429\n|move|p2a: Tapu Fini|Calm Mind|p2a: Tapu Fini\n|-boost|p2a: Tapu Fini|spa|1\n|-boost|p2a: Tapu Fini|spd|1\n|move|p1a: Tapu Fini|Whirlpool|p2a: Tapu Fini\n|-resisted|p2a: Tapu Fini\n|-damage|p2a: Tapu Fini|44\/100\n|-activate|p2a: Tapu Fini|move: Whirlpool|[of] p1a: Tapu Fini\n|\n|-heal|p2a: Tapu Fini|50\/100|[from] item: Leftovers\n|-damage|p2a: Tapu Fini|38\/100|[from] move: Whirlpool|[partiallytrapped]\n|upkeep\n|turn|18\n|\n|t:|1657125438\n|move|p2a: Tapu Fini|Draining Kiss|p1a: Tapu Fini\n|-damage|p1a: Tapu Fini|72\/100\n|-heal|p2a: Tapu Fini|59\/100|[from] drain|[of] p1a: Tapu Fini\n|move|p1a: Tapu Fini|Nature's Madness|p2a: Tapu Fini\n|-damage|p2a: Tapu Fini|30\/100\n|\n|-heal|p2a: Tapu Fini|36\/100|[from] item: Leftovers\n|-heal|p1a: Tapu Fini|78\/100|[from] item: Leftovers\n|-damage|p2a: Tapu Fini|24\/100|[from] move: Whirlpool|[partiallytrapped]\n|-end|p1a: Tapu Fini|move: Taunt\n|-fieldend|Misty Terrain\n|upkeep\n|turn|19\n|\n|t:|1657125450\n|move|p2a: Tapu Fini|Draining Kiss|p1a: Tapu Fini\n|-damage|p1a: Tapu Fini|53\/100\n|-heal|p2a: Tapu Fini|43\/100|[from] drain|[of] p1a: Tapu Fini\n|move|p1a: Tapu Fini|Nature's Madness|p2a: Tapu Fini\n|-damage|p2a: Tapu Fini|22\/100\n|\n|-heal|p2a: Tapu Fini|28\/100|[from] item: Leftovers\n|-heal|p1a: Tapu Fini|59\/100|[from] item: Leftovers\n|-damage|p2a: Tapu Fini|16\/100|[from] move: Whirlpool|[partiallytrapped]\n|upkeep\n|turn|20\n|\n|t:|1657125461\n|move|p2a: Tapu Fini|Draining Kiss|p1a: Tapu Fini\n|-damage|p1a: Tapu Fini|29\/100\n|-heal|p2a: Tapu Fini|38\/100|[from] drain|[of] p1a: Tapu Fini\n|move|p1a: Tapu Fini|Nature's Madness|p2a: Tapu Fini\n|-damage|p2a: Tapu Fini|19\/100\n|\n|-heal|p2a: Tapu Fini|26\/100|[from] item: Leftovers\n|-heal|p1a: Tapu Fini|35\/100|[from] item: Leftovers\n|-damage|p2a: Tapu Fini|13\/100|[from] move: Whirlpool|[partiallytrapped]\n|upkeep\n|turn|21\n|\n|t:|1657125471\n|move|p2a: Tapu Fini|Draining Kiss|p1a: Tapu Fini\n|-damage|p1a: Tapu Fini|6\/100\n|-heal|p2a: Tapu Fini|35\/100|[from] drain|[of] p1a: Tapu Fini\n|move|p1a: Tapu Fini|Nature's Madness|p2a: Tapu Fini\n|-damage|p2a: Tapu Fini|18\/100\n|\n|-heal|p2a: Tapu Fini|24\/100|[from] item: Leftovers\n|-heal|p1a: Tapu Fini|12\/100|[from] item: Leftovers\n|-damage|p2a: Tapu Fini|12\/100|[from] move: Whirlpool|[partiallytrapped]\n|upkeep\n|turn|22\n|\n|t:|1657125481\n|move|p2a: Tapu Fini|Draining Kiss|p1a: Tapu Fini\n|-damage|p1a: Tapu Fini|0 fnt\n|-heal|p2a: Tapu Fini|21\/100|[from] drain|[of] p1a: Tapu Fini\n|faint|p1a: Tapu Fini\n|\n|-heal|p2a: Tapu Fini|27\/100|[from] item: Leftovers\n|-end|p2a: Tapu Fini|Whirlpool|[partiallytrapped]\n|upkeep\n|\n|t:|1657125499\n|switch|p1a: Tornadus|Tornadus-Therian, M|89\/100\n|-damage|p1a: Tornadus|64\/100|[from] Stealth Rock\n|turn|23\n|\n|t:|1657125510\n|move|p1a: Tornadus|Hurricane|p2a: Tapu Fini\n|-damage|p2a: Tapu Fini|11\/100\n|-start|p2a: Tapu Fini|confusion\n|-activate|p2a: Tapu Fini|confusion\n|-damage|p2a: Tapu Fini|7\/100|[from] confusion\n|\n|-heal|p2a: Tapu Fini|13\/100|[from] item: Leftovers\n|upkeep\n|turn|24\n|\n|t:|1657125518\n|move|p1a: Tornadus|Hurricane|p2a: Tapu Fini\n|-damage|p2a: Tapu Fini|0 fnt\n|faint|p2a: Tapu Fini\n|\n|upkeep\n|\n|t:|1657125528\n|switch|p2a: Celesteela|Celesteela|100\/100\n|-damage|p2a: Celesteela|88\/100|[from] Stealth Rock\n|turn|25\n|\n|t:|1657125532\n|move|p1a: Tornadus|U-turn|p2a: Celesteela\n|-resisted|p2a: Celesteela\n|-damage|p2a: Celesteela|85\/100\n|\n|t:|1657125540\n|switch|p1a: Heatran|Heatran, M|100\/100|[from]move: U-turn\n|-damage|p1a: Heatran|88\/100|[from] Stealth Rock\n|-item|p1a: Heatran|Air Balloon\n|move|p2a: Celesteela|Autotomize|p2a: Celesteela\n|-boost|p2a: Celesteela|spe|2\n|-start|p2a: Celesteela|Autotomize\n|\n|upkeep\n|turn|26\n|\n|t:|1657125550\n|move|p2a: Celesteela|Meteor Beam||[still]\n|-prepare|p2a: Celesteela|Meteor Beam\n|-boost|p2a: Celesteela|spa|1\n|-enditem|p2a: Celesteela|Power Herb\n|-anim|p2a: Celesteela|Meteor Beam|p1a: Heatran|[miss]\n|-miss|p2a: Celesteela|p1a: Heatran\n|move|p1a: Heatran|Eruption|p2a: Celesteela\n|-supereffective|p2a: Celesteela\n|-damage|p2a: Celesteela|0 fnt\n|faint|p2a: Celesteela\n|\n|upkeep\n|\n|t:|1657125560\n|switch|p2a: Zapdos|Zapdos-Galar|100\/100\n|-damage|p2a: Zapdos|88\/100|[from] Stealth Rock\n|turn|27\n|\n|t:|1657125570\n|move|p2a: Zapdos|Close Combat|p1a: Heatran\n|-supereffective|p1a: Heatran\n|-damage|p1a: Heatran|0 fnt\n|-unboost|p2a: Zapdos|def|1\n|-unboost|p2a: Zapdos|spd|1\n|-enditem|p1a: Heatran|Air Balloon\n|faint|p1a: Heatran\n|\n|upkeep\n|\n|t:|1657125573\n|switch|p1a: Tornadus|Tornadus-Therian, M|97\/100\n|-damage|p1a: Tornadus|72\/100|[from] Stealth Rock\n|turn|28\n|\n|t:|1657125579\n|move|p1a: Tornadus|Hurricane|p2a: Zapdos|[miss]\n|-miss|p1a: Tornadus|p2a: Zapdos\n|move|p2a: Zapdos|Close Combat|p1a: Tornadus\n|-resisted|p1a: Tornadus\n|-damage|p1a: Tornadus|21\/100\n|-unboost|p2a: Zapdos|def|1\n|-unboost|p2a: Zapdos|spd|1\n|\n|upkeep\n|turn|29\n|\n|t:|1657125590\n|move|p1a: Tornadus|Hurricane|p2a: Zapdos|[miss]\n|-miss|p1a: Tornadus|p2a: Zapdos\n|move|p2a: Zapdos|Close Combat|p1a: Tornadus\n|-resisted|p1a: Tornadus\n|-damage|p1a: Tornadus|0 fnt\n|-unboost|p2a: Zapdos|def|1\n|-unboost|p2a: Zapdos|spd|1\n|faint|p1a: Tornadus\n|\n|upkeep\n|\n|t:|1657125591\n|switch|p1a: Landorus|Landorus-Therian, M|72\/100 tox\n|-damage|p1a: Landorus|59\/100 tox|[from] Stealth Rock\n|-ability|p1a: Landorus|Intimidate|boost\n|-unboost|p2a: Zapdos|atk|1\n|-ability|p2a: Zapdos|Defiant\n|-boost|p2a: Zapdos|atk|2\n|turn|30\n|\n|t:|1657125604\n|move|p2a: Zapdos|Close Combat|p1a: Landorus\n|-resisted|p1a: Landorus\n|-damage|p1a: Landorus|0 fnt\n|-unboost|p2a: Zapdos|def|1\n|-unboost|p2a: Zapdos|spd|1\n|faint|p1a: Landorus\n|\n|win|Makuryu\n|raw|ramixi0596's rating: 1699 &rarr; <strong>1679<\/strong><br \/>(-20 for losing)\n|raw|Makuryu's rating: 1701 &rarr; <strong>1721<\/strong><br \/>(+20 for winning)\n|l|\u2606Makuryu\n|l|\u2606ramixi0596\n||Ladder isn't responding, score probably updated but might not have (Request timeout).\n","uploadtime":1657125610,"views":17,"p1id":"ramixi0596","p2id":"makuryu","formatid":"gen8ou","rating":1679,"private":0,"password":null}