{"id":"gen8ou-1449540287","p1":"Potassium Spoon","p2":"Gurtrant","format":"gen8ou","log":"|j|\u2606Potassium Spoon\n|j|\u2606Gurtrant\n|t:|1636148147\n|gametype|singles\n|player|p1|Potassium Spoon|guitarist|1595\n|player|p2|Gurtrant|238|1726\n|teamsize|p1|6\n|teamsize|p2|6\n|gen|8\n|tier|[Gen 8] OU\n|rated|\n|rule|Sleep Clause Mod: Limit one foe put to sleep\n|rule|Species Clause: Limit one of each Pok\u00e9mon\n|rule|OHKO Clause: OHKO moves are banned\n|rule|Evasion Moves Clause: Evasion moves are banned\n|rule|Endless Battle Clause: Forcing endless battles is banned\n|rule|HP Percentage Mod: HP is shown in percentages\n|rule|Dynamax Clause: You cannot dynamax\n|clearpoke\n|poke|p1|Dracozolt|\n|poke|p1|Tyranitar, F|\n|poke|p1|Rillaboom, M|\n|poke|p1|Excadrill, M|\n|poke|p1|Tornadus-Therian, M|\n|poke|p1|Moltres|\n|poke|p2|Pelipper, F|\n|poke|p2|Heliolisk, M|\n|poke|p2|Seismitoad, F|\n|poke|p2|Barraskewda, F|\n|poke|p2|Ferrothorn, F|\n|poke|p2|Zapdos|\n|teampreview\n|inactive|Battle timer is ON: inactive players will automatically lose when time's up. (requested by Gurtrant)\n|inactive|Gurtrant has 120 seconds left.\n|inactive|Gurtrant has 90 seconds left.\n|\n|t:|1636148207\n|start\n|switch|p1a: Tornadus|Tornadus-Therian, M|100\/100\n|switch|p2a: Pelipper|Pelipper, F|100\/100\n|-weather|RainDance|[from] ability: Drizzle|[of] p2a: Pelipper\n|turn|1\n|\n|t:|1636148210\n|switch|p2a: Zapdos|Zapdos|100\/100\n|move|p1a: Tornadus|Knock Off|p2a: Zapdos\n|-damage|p2a: Zapdos|87\/100\n|-status|p1a: Tornadus|par|[from] ability: Static|[of] p2a: Zapdos\n|-enditem|p2a: Zapdos|Heavy-Duty Boots|[from] move: Knock Off|[of] p1a: Tornadus\n|\n|-weather|RainDance|[upkeep]\n|upkeep\n|turn|2\n|\n|t:|1636148213\n|switch|p1a: Tyranitar|Tyranitar, F|100\/100\n|-weather|Sandstorm|[from] ability: Sand Stream|[of] p1a: Tyranitar\n|move|p2a: Zapdos|U-turn|p1a: Tyranitar\n|-supereffective|p1a: Tyranitar\n|-damage|p1a: Tyranitar|79\/100\n|\n|t:|1636148216\n|switch|p2a: Pelipper|Pelipper, F|100\/100|[from]move: U-turn\n|-weather|RainDance|[from] ability: Drizzle|[of] p2a: Pelipper\n|\n|-weather|RainDance|[upkeep]\n|upkeep\n|turn|3\n|\n|t:|1636148223\n|switch|p1a: Tornadus|Tornadus-Therian, M|100\/100 par\n|move|p2a: Pelipper|U-turn|p1a: Tornadus\n|-resisted|p1a: Tornadus\n|-damage|p1a: Tornadus|96\/100 par\n|\n|t:|1636148230\n|switch|p2a: Barraskewda|Barraskewda, F|100\/100|[from]move: U-turn\n|\n|-weather|RainDance|[upkeep]\n|upkeep\n|turn|4\n|\n|t:|1636148232\n|switch|p1a: Rillaboom|Rillaboom, M|100\/100\n|-fieldstart|move: Grassy Terrain|[from] ability: Grassy Surge|[of] p1a: Rillaboom\n|move|p2a: Barraskewda|Liquidation|p1a: Rillaboom\n|-resisted|p1a: Rillaboom\n|-damage|p1a: Rillaboom|42\/100\n|\n|-weather|RainDance|[upkeep]\n|-heal|p1a: Rillaboom|49\/100|[from] Grassy Terrain\n|upkeep\n|turn|5\n|\n|t:|1636148239\n|switch|p2a: Zapdos|Zapdos|87\/100\n|move|p1a: Rillaboom|U-turn|p2a: Zapdos\n|-resisted|p2a: Zapdos\n|-damage|p2a: Zapdos|73\/100\n|\n|t:|1636148253\n|switch|p1a: Tyranitar|Tyranitar, F|79\/100|[from]move: U-turn\n|-weather|Sandstorm|[from] ability: Sand Stream|[of] p1a: Tyranitar\n|\n|-weather|Sandstorm|[upkeep]\n|-damage|p2a: Zapdos|67\/100|[from] Sandstorm\n|-heal|p1a: Tyranitar|85\/100|[from] Grassy Terrain\n|upkeep\n|turn|6\n|\n|t:|1636148256\n|move|p2a: Zapdos|U-turn|p1a: Tyranitar\n|-supereffective|p1a: Tyranitar\n|-damage|p1a: Tyranitar|66\/100\n|\n|t:|1636148258\n|switch|p2a: Pelipper|Pelipper, F|100\/100|[from]move: U-turn\n|-weather|RainDance|[from] ability: Drizzle|[of] p2a: Pelipper\n|move|p1a: Tyranitar|Stealth Rock|p2a: Pelipper\n|-sidestart|p2: Gurtrant|move: Stealth Rock\n|\n|-weather|RainDance|[upkeep]\n|-heal|p1a: Tyranitar|72\/100|[from] Grassy Terrain\n|upkeep\n|turn|7\n|\n|t:|1636148264\n|switch|p1a: Tornadus|Tornadus-Therian, M|100\/100 par\n|move|p2a: Pelipper|U-turn|p1a: Tornadus\n|-resisted|p1a: Tornadus\n|-damage|p1a: Tornadus|96\/100 par\n|\n|t:|1636148268\n|switch|p2a: Barraskewda|Barraskewda, F|100\/100|[from]move: U-turn\n|-damage|p2a: Barraskewda|88\/100|[from] Stealth Rock\n|\n|-weather|RainDance|[upkeep]\n|-heal|p2a: Barraskewda|94\/100|[from] Grassy Terrain\n|upkeep\n|turn|8\n|\n|t:|1636148275\n|move|p2a: Barraskewda|Liquidation|p1a: Tornadus\n|-damage|p1a: Tornadus|0 fnt\n|faint|p1a: Tornadus\n|\n|-weather|RainDance|[upkeep]\n|-heal|p2a: Barraskewda|100\/100|[from] Grassy Terrain\n|-fieldend|move: Grassy Terrain\n|upkeep\n|\n|t:|1636148277\n|switch|p1a: Rillaboom|Rillaboom, M|49\/100\n|-fieldstart|move: Grassy Terrain|[from] ability: Grassy Surge|[of] p1a: Rillaboom\n|turn|9\n|\n|t:|1636148280\n|switch|p2a: Zapdos|Zapdos|67\/100\n|-damage|p2a: Zapdos|42\/100|[from] Stealth Rock\n|move|p1a: Rillaboom|Grassy Glide|p2a: Zapdos\n|-resisted|p2a: Zapdos\n|-damage|p2a: Zapdos|15\/100\n|\n|-weather|RainDance|[upkeep]\n|-heal|p1a: Rillaboom|55\/100|[from] Grassy Terrain\n|upkeep\n|turn|10\n|\n|t:|1636148287\n|switch|p2a: Ferrothorn|Ferrothorn, F|100\/100\n|-damage|p2a: Ferrothorn|94\/100|[from] Stealth Rock\n|move|p1a: Rillaboom|Grassy Glide|p2a: Ferrothorn\n|-resisted|p2a: Ferrothorn\n|-damage|p2a: Ferrothorn|81\/100\n|-damage|p1a: Rillaboom|42\/100|[from] ability: Iron Barbs|[of] p2a: Ferrothorn\n|\n|-weather|RainDance|[upkeep]\n|-heal|p1a: Rillaboom|49\/100|[from] Grassy Terrain\n|-heal|p2a: Ferrothorn|87\/100|[from] Grassy Terrain\n|-heal|p2a: Ferrothorn|93\/100|[from] item: Leftovers\n|upkeep\n|turn|11\n|\n|t:|1636148290\n|switch|p1a: Moltres|Moltres|100\/100\n|move|p2a: Ferrothorn|Spikes|p1a: Moltres\n|-sidestart|p1: Potassium Spoon|Spikes\n|\n|-weather|RainDance|[upkeep]\n|-heal|p2a: Ferrothorn|99\/100|[from] Grassy Terrain\n|-heal|p2a: Ferrothorn|100\/100|[from] item: Leftovers\n|upkeep\n|turn|12\n|\n|t:|1636148301\n|switch|p2a: Seismitoad|Seismitoad, F|100\/100\n|-damage|p2a: Seismitoad|94\/100|[from] Stealth Rock\n|move|p1a: Moltres|Sunny Day|p1a: Moltres\n|-weather|SunnyDay\n|\n|-weather|SunnyDay|[upkeep]\n|-heal|p2a: Seismitoad|100\/100|[from] Grassy Terrain\n|upkeep\n|turn|13\n|\n|t:|1636148314\n|switch|p2a: Pelipper|Pelipper, F|100\/100\n|-damage|p2a: Pelipper|75\/100|[from] Stealth Rock\n|-weather|RainDance|[from] ability: Drizzle|[of] p2a: Pelipper\n|move|p1a: Moltres|Sunny Day|p1a: Moltres\n|-weather|SunnyDay\n|\n|-weather|SunnyDay|[upkeep]\n|-fieldend|move: Grassy Terrain\n|upkeep\n|turn|14\n|\n|t:|1636148323\n|switch|p2a: Seismitoad|Seismitoad, F|100\/100\n|-damage|p2a: Seismitoad|94\/100|[from] Stealth Rock\n|move|p1a: Moltres|Solar Beam||[still]\n|-prepare|p1a: Moltres|Solar Beam\n|-anim|p1a: Moltres|Solar Beam|p2a: Seismitoad\n|-supereffective|p2a: Seismitoad\n|-damage|p2a: Seismitoad|0 fnt\n|faint|p2a: Seismitoad\n|\n|-weather|SunnyDay|[upkeep]\n|upkeep\n|\n|t:|1636148331\n|switch|p2a: Barraskewda|Barraskewda, F|100\/100\n|-damage|p2a: Barraskewda|88\/100|[from] Stealth Rock\n|turn|15\n|\n|t:|1636148356\n|move|p2a: Barraskewda|Flip Turn|p1a: Moltres\n|-supereffective|p1a: Moltres\n|-damage|p1a: Moltres|48\/100\n|\n|t:|1636148362\n|switch|p2a: Pelipper|Pelipper, F|75\/100|[from]move: Flip Turn\n|-damage|p2a: Pelipper|50\/100|[from] Stealth Rock\n|-weather|RainDance|[from] ability: Drizzle|[of] p2a: Pelipper\n|move|p1a: Moltres|Sunny Day|p1a: Moltres\n|-weather|SunnyDay\n|\n|-weather|SunnyDay|[upkeep]\n|upkeep\n|turn|16\n|\n|t:|1636148368\n|switch|p2a: Zapdos|Zapdos|15\/100\n|-damage|p2a: Zapdos|0 fnt|[from] Stealth Rock\n|faint|p2a: Zapdos\n|move|p1a: Moltres|Solar Beam||[still]\n|-prepare|p1a: Moltres|Solar Beam\n|-anim|p1a: Moltres|Solar Beam|p2: Zapdos|[notarget]\n|-fail|p1a: Moltres\n|\n|-weather|SunnyDay|[upkeep]\n|upkeep\n|\n|t:|1636148372\n|switch|p2a: Barraskewda|Barraskewda, F|88\/100\n|-damage|p2a: Barraskewda|76\/100|[from] Stealth Rock\n|turn|17\n|\n|t:|1636148377\n|move|p2a: Barraskewda|Flip Turn|p1a: Moltres\n|-supereffective|p1a: Moltres\n|-damage|p1a: Moltres|0 fnt\n|-status|p2a: Barraskewda|brn|[from] ability: Flame Body|[of] p1a: Moltres\n|faint|p1a: Moltres\n|\n|t:|1636148382\n|switch|p2a: Heliolisk|Heliolisk, M, shiny|100\/100|[from]move: Flip Turn\n|-damage|p2a: Heliolisk|88\/100|[from] Stealth Rock\n|\n|-weather|SunnyDay|[upkeep]\n|-damage|p2a: Heliolisk|76\/100|[from] ability: Dry Skin|[of] p2a: Heliolisk\n|upkeep\n|\n|t:|1636148397\n|switch|p1a: Tyranitar|Tyranitar, F|72\/100\n|-damage|p1a: Tyranitar|59\/100|[from] Spikes\n|-weather|Sandstorm|[from] ability: Sand Stream|[of] p1a: Tyranitar\n|turn|18\n|\n|t:|1636148403\n|switch|p1a: Dracozolt|Dracozolt|100\/100\n|-damage|p1a: Dracozolt|88\/100|[from] Spikes\n|move|p2a: Heliolisk|Volt Switch|p1a: Dracozolt\n|-resisted|p1a: Dracozolt\n|-damage|p1a: Dracozolt|72\/100\n|-damage|p2a: Heliolisk|66\/100|[from] item: Life Orb\n|\n|t:|1636148406\n|switch|p2a: Pelipper|Pelipper, F|50\/100|[from]move: Volt Switch\n|-damage|p2a: Pelipper|25\/100|[from] Stealth Rock\n|-weather|RainDance|[from] ability: Drizzle|[of] p2a: Pelipper\n|\n|-weather|RainDance|[upkeep]\n|upkeep\n|turn|19\n|\n|t:|1636148424\n|switch|p2a: Ferrothorn|Ferrothorn, F|100\/100\n|-damage|p2a: Ferrothorn|94\/100|[from] Stealth Rock\n|move|p1a: Dracozolt|Bolt Beak|p2a: Ferrothorn\n|-resisted|p2a: Ferrothorn\n|-damage|p2a: Ferrothorn|58\/100\n|-damage|p1a: Dracozolt|59\/100|[from] ability: Iron Barbs|[of] p2a: Ferrothorn\n|-damage|p1a: Dracozolt|49\/100|[from] item: Life Orb\n|\n|-weather|RainDance|[upkeep]\n|-heal|p2a: Ferrothorn|64\/100|[from] item: Leftovers\n|upkeep\n|turn|20\n|\n|t:|1636148435\n|move|p1a: Dracozolt|Fire Blast|p2a: Ferrothorn|[miss]\n|-miss|p1a: Dracozolt|p2a: Ferrothorn\n|move|p2a: Ferrothorn|Gyro Ball|p1a: Dracozolt\n|-resisted|p1a: Dracozolt\n|-damage|p1a: Dracozolt|24\/100\n|\n|-weather|RainDance|[upkeep]\n|-heal|p2a: Ferrothorn|71\/100|[from] item: Leftovers\n|upkeep\n|turn|21\n|inactive|Potassium Spoon has 120 seconds left.\n|\n|t:|1636148465\n|switch|p1a: Tyranitar|Tyranitar, F|59\/100\n|-damage|p1a: Tyranitar|47\/100|[from] Spikes\n|-weather|Sandstorm|[from] ability: Sand Stream|[of] p1a: Tyranitar\n|move|p2a: Ferrothorn|Gyro Ball|p1a: Tyranitar\n|-supereffective|p1a: Tyranitar\n|-damage|p1a: Tyranitar|5\/100\n|\n|-weather|Sandstorm|[upkeep]\n|-heal|p2a: Ferrothorn|77\/100|[from] item: Leftovers\n|upkeep\n|turn|22\n|\n|t:|1636148473\n|switch|p1a: Excadrill|Excadrill, M|100\/100\n|-item|p1a: Excadrill|Air Balloon\n|move|p2a: Ferrothorn|Knock Off|p1a: Excadrill\n|-damage|p1a: Excadrill|71\/100\n|-enditem|p1a: Excadrill|Air Balloon\n|\n|-weather|Sandstorm|[upkeep]\n|-heal|p2a: Ferrothorn|83\/100|[from] item: Leftovers\n|upkeep\n|turn|23\n|\n|t:|1636148481\n|switch|p2a: Pelipper|Pelipper, F|25\/100\n|-damage|p2a: Pelipper|0 fnt|[from] Stealth Rock\n|faint|p2a: Pelipper\n|move|p1a: Excadrill|Rapid Spin|p2: Pelipper|[notarget]\n|-fail|p1a: Excadrill\n|\n|-weather|Sandstorm|[upkeep]\n|upkeep\n|\n|t:|1636148489\n|switch|p2a: Ferrothorn|Ferrothorn, F|83\/100\n|-damage|p2a: Ferrothorn|77\/100|[from] Stealth Rock\n|turn|24\n|\n|t:|1636148499\n|move|p1a: Excadrill|Swords Dance|p1a: Excadrill\n|-boost|p1a: Excadrill|atk|2\n|move|p2a: Ferrothorn|Leech Seed|p1a: Excadrill\n|-start|p1a: Excadrill|move: Leech Seed\n|\n|-weather|Sandstorm|[upkeep]\n|-heal|p2a: Ferrothorn|83\/100|[from] item: Leftovers\n|-damage|p1a: Excadrill|58\/100|[from] Leech Seed|[of] p2a: Ferrothorn\n|-heal|p2a: Ferrothorn|96\/100|[silent]\n|upkeep\n|turn|25\n|\n|t:|1636148505\n|switch|p2a: Heliolisk|Heliolisk, M, shiny|66\/100\n|-damage|p2a: Heliolisk|53\/100|[from] Stealth Rock\n|move|p1a: Excadrill|Rapid Spin|p2a: Heliolisk\n|-damage|p2a: Heliolisk|0 fnt\n|-boost|p1a: Excadrill|spe|1\n|-end|p1a: Excadrill|Leech Seed|[from] move: Rapid Spin|[of] p1a: Excadrill\n|-sideend|p1: Potassium Spoon|Spikes|[from] move: Rapid Spin|[of] p1a: Excadrill\n|faint|p2a: Heliolisk\n|\n|-weather|Sandstorm|[upkeep]\n|upkeep\n|\n|t:|1636148508\n|switch|p2a: Barraskewda|Barraskewda, F|76\/100 brn\n|-damage|p2a: Barraskewda|64\/100 brn|[from] Stealth Rock\n|turn|26\n|\n|t:|1636148522\n|move|p2a: Barraskewda|Aqua Jet|p1a: Excadrill\n|-supereffective|p1a: Excadrill\n|-damage|p1a: Excadrill|12\/100\n|move|p1a: Excadrill|Iron Head|p2a: Barraskewda\n|-resisted|p2a: Barraskewda\n|-damage|p2a: Barraskewda|0 fnt\n|faint|p2a: Barraskewda\n|\n|-weather|Sandstorm|[upkeep]\n|upkeep\n|-message|Gurtrant forfeited.\n|\n|win|Potassium Spoon\n|raw|Potassium Spoon's rating: 1572 &rarr; <strong>1600<\/strong><br \/>(+28 for winning)\n|raw|Gurtrant's rating: 1726 &rarr; <strong>1698<\/strong><br \/>(-28 for losing)\n|l|\u2606Gurtrant\n||Ladder isn't responding, score probably updated but might not have (Request timeout).\n","uploadtime":1636148638,"views":22,"p1id":"potassiumspoon","p2id":"gurtrant","formatid":"gen8ou","rating":1600,"private":0,"password":null}