{"id":"gen8ou-1387102443","p1":"Lenape","p2":"LT84JM Acey!","format":"gen8ou","log":"|raw|<div class=\"broadcast-blue\"><strong>This battle is required to be public due to a player having a name starting with 'lt84jm'.<\/div>\n|j|\u2606Lenape\n|j|\u2606LT84JM Acey!\n|t:|1627674472\n|gametype|singles\n|player|p1|Lenape|170|1779\n|player|p2|LT84JM Acey!|lucy-gen3|1794\n|teamsize|p1|6\n|teamsize|p2|6\n|gen|8\n|tier|[Gen 8] OU\n|rated|\n|rule|Sleep Clause Mod: Limit one foe put to sleep\n|rule|Species Clause: Limit one of each Pok\u00e9mon\n|rule|OHKO Clause: OHKO moves are banned\n|rule|Evasion Moves Clause: Evasion moves are banned\n|rule|Endless Battle Clause: Forcing endless battles is banned\n|rule|HP Percentage Mod: HP is shown in percentages\n|rule|Dynamax Clause: You cannot dynamax\n|clearpoke\n|poke|p1|Rotom-Heat|\n|poke|p1|Corviknight, M|\n|poke|p1|Sylveon, F|\n|poke|p1|Rhyperior, M|\n|poke|p1|Toxapex, F|\n|poke|p1|Umbreon, M|\n|poke|p2|Gyarados, M|\n|poke|p2|Landorus-Therian, M|\n|poke|p2|Magnezone|\n|poke|p2|Melmetal|\n|poke|p2|Dragapult, F|\n|poke|p2|Tapu Lele|\n|teampreview\n|inactive|Battle timer is ON: inactive players will automatically lose when time's up. (requested by Lenape)\n|\n|t:|1627674495\n|start\n|switch|p1a: Rotom|Rotom-Heat|100\/100\n|switch|p2a: Landorus|Landorus-Therian, M|100\/100\n|-ability|p2a: Landorus|Intimidate|boost\n|-unboost|p1a: Rotom|atk|1\n|turn|1\n|\n|t:|1627674497\n|move|p1a: Rotom|Trick|p2a: Landorus\n|-activate|p1a: Rotom|move: Trick|[of] p2a: Landorus\n|-item|p2a: Landorus|Choice Scarf|[from] move: Trick\n|-item|p1a: Rotom|Leftovers|[from] move: Trick\n|move|p2a: Landorus|Knock Off|p1a: Rotom\n|-damage|p1a: Rotom|75\/100\n|-enditem|p1a: Rotom|Leftovers|[from] move: Knock Off|[of] p2a: Landorus\n|\n|upkeep\n|turn|2\n|\n|t:|1627674505\n|move|p2a: Landorus|Knock Off|p1a: Rotom\n|-damage|p1a: Rotom|58\/100\n|move|p1a: Rotom|Will-O-Wisp|p2a: Landorus\n|-status|p2a: Landorus|brn\n|\n|-damage|p2a: Landorus|94\/100 brn|[from] brn\n|upkeep\n|turn|3\n|\n|t:|1627674514\n|switch|p1a: Umbreon|Umbreon, M|100\/100\n|move|p2a: Landorus|Knock Off|p1a: Umbreon\n|-resisted|p1a: Umbreon\n|-damage|p1a: Umbreon|96\/100\n|-enditem|p1a: Umbreon|Leftovers|[from] move: Knock Off|[of] p2a: Landorus\n|\n|-damage|p2a: Landorus|88\/100 brn|[from] brn\n|upkeep\n|turn|4\n|\n|t:|1627674518\n|switch|p2a: Melmetal|Melmetal|100\/100\n|move|p1a: Umbreon|Wish|p1a: Umbreon\n|\n|upkeep\n|turn|5\n|\n|t:|1627674523\n|switch|p1a: Rotom|Rotom-Heat|58\/100\n|move|p2a: Melmetal|Superpower|p1a: Rotom\n|-damage|p1a: Rotom|14\/100\n|-unboost|p2a: Melmetal|atk|1\n|-unboost|p2a: Melmetal|def|1\n|\n|-heal|p1a: Rotom|79\/100|[from] move: Wish|[wisher] Umbreon\n|upkeep\n|turn|6\n|\n|t:|1627674535\n|switch|p1a: Umbreon|Umbreon, M|96\/100\n|switch|p2a: Landorus|Landorus-Therian, M|88\/100 brn\n|-ability|p2a: Landorus|Intimidate|boost\n|-fail|p1a: Umbreon|unboost|Attack|[from] ability: Inner Focus|[of] p1a: Umbreon\n|\n|-damage|p2a: Landorus|82\/100 brn|[from] brn\n|upkeep\n|turn|7\n|\n|t:|1627674538\n|move|p2a: Landorus|Stealth Rock|p1a: Umbreon\n|-sidestart|p1: Lenape|move: Stealth Rock\n|move|p1a: Umbreon|Wish|p1a: Umbreon\n|\n|-damage|p2a: Landorus|76\/100 brn|[from] brn\n|upkeep\n|turn|8\n|\n|t:|1627674544\n|switch|p2a: Dragapult|Dragapult, F|100\/100\n|switch|p1a: Rotom|Rotom-Heat|79\/100\n|-damage|p1a: Rotom|54\/100|[from] Stealth Rock\n|\n|-heal|p1a: Rotom|100\/100|[from] move: Wish|[wisher] Umbreon\n|upkeep\n|turn|9\n|\n|t:|1627674547\n|move|p2a: Dragapult|Draco Meteor|p1a: Rotom\n|-damage|p1a: Rotom|20\/100\n|-unboost|p2a: Dragapult|spa|2\n|move|p1a: Rotom|Defog|p2a: Dragapult\n|-unboost|p2a: Dragapult|evasion|1\n|-sideend|p1: Lenape|Stealth Rock|[from] move: Defog|[of] p1a: Rotom\n|\n|upkeep\n|turn|10\n|\n|t:|1627674552\n|switch|p2a: Landorus|Landorus-Therian, M|76\/100 brn\n|-ability|p2a: Landorus|Intimidate|boost\n|-unboost|p1a: Rotom|atk|1\n|switch|p1a: Sylveon|Sylveon, F|100\/100\n|\n|-damage|p2a: Landorus|70\/100 brn|[from] brn\n|upkeep\n|turn|11\n|\n|t:|1627674554\n|switch|p1a: Rotom|Rotom-Heat|20\/100\n|move|p2a: Landorus|Stealth Rock|p1a: Rotom\n|-sidestart|p1: Lenape|move: Stealth Rock\n|\n|-damage|p2a: Landorus|64\/100 brn|[from] brn\n|upkeep\n|turn|12\n|\n|t:|1627674557\n|move|p2a: Landorus|Stealth Rock||[still]\n|-fail|p2a: Landorus\n|move|p1a: Rotom|Defog|p2a: Landorus\n|-unboost|p2a: Landorus|evasion|1\n|-sideend|p1: Lenape|Stealth Rock|[from] move: Defog|[of] p1a: Rotom\n|\n|-damage|p2a: Landorus|58\/100 brn|[from] brn\n|upkeep\n|turn|13\n|\n|t:|1627674560\n|move|p2a: Landorus|Stealth Rock|p1a: Rotom\n|-sidestart|p1: Lenape|move: Stealth Rock\n|move|p1a: Rotom|Defog|p2a: Landorus\n|-unboost|p2a: Landorus|evasion|1\n|-sideend|p1: Lenape|Stealth Rock|[from] move: Defog|[of] p1a: Rotom\n|\n|-damage|p2a: Landorus|52\/100 brn|[from] brn\n|upkeep\n|turn|14\n|\n|t:|1627674564\n|switch|p2a: Dragapult|Dragapult, F|100\/100\n|move|p1a: Rotom|Defog|p2a: Dragapult\n|-unboost|p2a: Dragapult|evasion|1\n|\n|upkeep\n|turn|15\n|\n|t:|1627674567\n|switch|p1a: Sylveon|Sylveon, F|100\/100\n|move|p2a: Dragapult|U-turn|p1a: Sylveon\n|-resisted|p1a: Sylveon\n|-damage|p1a: Sylveon|90\/100\n|\n|t:|1627674568\n|switch|p2a: Landorus|Landorus-Therian, M|52\/100 brn|[from]move: U-turn\n|-ability|p2a: Landorus|Intimidate|boost\n|-unboost|p1a: Sylveon|atk|1\n|\n|-heal|p1a: Sylveon|96\/100|[from] item: Leftovers\n|-damage|p2a: Landorus|46\/100 brn|[from] brn\n|upkeep\n|turn|16\n|\n|t:|1627674572\n|switch|p1a: Rotom|Rotom-Heat|20\/100\n|move|p2a: Landorus|Stealth Rock|p1a: Rotom\n|-sidestart|p1: Lenape|move: Stealth Rock\n|\n|-damage|p2a: Landorus|40\/100 brn|[from] brn\n|upkeep\n|turn|17\n|\n|t:|1627674574\n|switch|p2a: Dragapult|Dragapult, F|100\/100\n|move|p1a: Rotom|Defog|p2a: Dragapult\n|-unboost|p2a: Dragapult|evasion|1\n|-sideend|p1: Lenape|Stealth Rock|[from] move: Defog|[of] p1a: Rotom\n|\n|upkeep\n|turn|18\n|\n|t:|1627674577\n|switch|p1a: Umbreon|Umbreon, M|96\/100\n|move|p2a: Dragapult|U-turn|p1a: Umbreon\n|-supereffective|p1a: Umbreon\n|-damage|p1a: Umbreon|78\/100\n|\n|t:|1627674578\n|switch|p2a: Landorus|Landorus-Therian, M|40\/100 brn|[from]move: U-turn\n|-ability|p2a: Landorus|Intimidate|boost\n|-fail|p1a: Umbreon|unboost|Attack|[from] ability: Inner Focus|[of] p1a: Umbreon\n|\n|-damage|p2a: Landorus|34\/100 brn|[from] brn\n|upkeep\n|turn|19\n|\n|t:|1627674580\n|switch|p1a: Rotom|Rotom-Heat|20\/100\n|move|p2a: Landorus|U-turn|p1a: Rotom\n|-resisted|p1a: Rotom\n|-damage|p1a: Rotom|14\/100\n|\n|t:|1627674582\n|switch|p2a: Dragapult|Dragapult, F|100\/100|[from]move: U-turn\n|\n|upkeep\n|turn|20\n|\n|t:|1627674584\n|switch|p1a: Sylveon|Sylveon, F|96\/100\n|move|p2a: Dragapult|U-turn|p1a: Sylveon\n|-resisted|p1a: Sylveon\n|-damage|p1a: Sylveon|86\/100\n|\n|t:|1627674585\n|switch|p2a: Landorus|Landorus-Therian, M|34\/100 brn|[from]move: U-turn\n|-ability|p2a: Landorus|Intimidate|boost\n|-unboost|p1a: Sylveon|atk|1\n|\n|-heal|p1a: Sylveon|92\/100|[from] item: Leftovers\n|-damage|p2a: Landorus|28\/100 brn|[from] brn\n|upkeep\n|turn|21\n|\n|t:|1627674587\n|switch|p1a: Rotom|Rotom-Heat|14\/100\n|move|p2a: Landorus|Stealth Rock|p1a: Rotom\n|-sidestart|p1: Lenape|move: Stealth Rock\n|\n|-damage|p2a: Landorus|22\/100 brn|[from] brn\n|upkeep\n|turn|22\n|\n|t:|1627674589\n|switch|p2a: Dragapult|Dragapult, F|100\/100\n|move|p1a: Rotom|Defog|p2a: Dragapult\n|-unboost|p2a: Dragapult|evasion|1\n|-sideend|p1: Lenape|Stealth Rock|[from] move: Defog|[of] p1a: Rotom\n|\n|upkeep\n|turn|23\n|\n|t:|1627674592\n|switch|p1a: Sylveon|Sylveon, F|92\/100\n|move|p2a: Dragapult|U-turn|p1a: Sylveon\n|-resisted|p1a: Sylveon\n|-damage|p1a: Sylveon|82\/100\n|\n|t:|1627674593\n|switch|p2a: Landorus|Landorus-Therian, M|22\/100 brn|[from]move: U-turn\n|-ability|p2a: Landorus|Intimidate|boost\n|-unboost|p1a: Sylveon|atk|1\n|\n|-heal|p1a: Sylveon|88\/100|[from] item: Leftovers\n|-damage|p2a: Landorus|16\/100 brn|[from] brn\n|upkeep\n|turn|24\n|\n|t:|1627674595\n|switch|p1a: Rotom|Rotom-Heat|14\/100\n|move|p2a: Landorus|U-turn|p1a: Rotom\n|-resisted|p1a: Rotom\n|-damage|p1a: Rotom|9\/100\n|\n|t:|1627674596\n|switch|p2a: Dragapult|Dragapult, F|100\/100|[from]move: U-turn\n|\n|upkeep\n|turn|25\n|\n|t:|1627674598\n|switch|p1a: Sylveon|Sylveon, F|88\/100\n|move|p2a: Dragapult|U-turn|p1a: Sylveon\n|-resisted|p1a: Sylveon\n|-damage|p1a: Sylveon|77\/100\n|\n|t:|1627674600\n|switch|p2a: Landorus|Landorus-Therian, M|16\/100 brn|[from]move: U-turn\n|-ability|p2a: Landorus|Intimidate|boost\n|-unboost|p1a: Sylveon|atk|1\n|\n|-heal|p1a: Sylveon|83\/100|[from] item: Leftovers\n|-damage|p2a: Landorus|10\/100 brn|[from] brn\n|upkeep\n|turn|26\n|\n|t:|1627674602\n|switch|p1a: Rotom|Rotom-Heat|9\/100\n|move|p2a: Landorus|U-turn|p1a: Rotom\n|-resisted|p1a: Rotom\n|-damage|p1a: Rotom|4\/100\n|\n|t:|1627674604\n|switch|p2a: Dragapult|Dragapult, F|100\/100|[from]move: U-turn\n|\n|upkeep\n|turn|27\n|j| Darkness Senpai \u30c4\n|\n|t:|1627674606\n|switch|p1a: Sylveon|Sylveon, F|83\/100\n|move|p2a: Dragapult|U-turn|p1a: Sylveon\n|-resisted|p1a: Sylveon\n|-damage|p1a: Sylveon|72\/100\n|\n|t:|1627674607\n|switch|p2a: Landorus|Landorus-Therian, M|10\/100 brn|[from]move: U-turn\n|-ability|p2a: Landorus|Intimidate|boost\n|-unboost|p1a: Sylveon|atk|1\n|\n|-heal|p1a: Sylveon|78\/100|[from] item: Leftovers\n|-damage|p2a: Landorus|4\/100 brn|[from] brn\n|upkeep\n|turn|28\n|\n|t:|1627674615\n|switch|p1a: Rhyperior|Rhyperior, M|100\/100\n|move|p2a: Landorus|Stealth Rock|p1a: Rhyperior\n|-sidestart|p1: Lenape|move: Stealth Rock\n|\n|-damage|p2a: Landorus|0 fnt|[from] brn\n|faint|p2a: Landorus\n|upkeep\n|\n|t:|1627674621\n|switch|p2a: Melmetal|Melmetal|100\/100\n|turn|29\n|\n|t:|1627674631\n|switch|p1a: Toxapex|Toxapex, F|100\/100\n|-damage|p1a: Toxapex|88\/100|[from] Stealth Rock\n|move|p2a: Melmetal|Double Iron Bash|p1a: Toxapex\n|-resisted|p1a: Toxapex\n|-damage|p1a: Toxapex|75\/100\n|-resisted|p1a: Toxapex\n|-damage|p1a: Toxapex|61\/100\n|-hitcount|p1a: Toxapex|2\n|\n|-heal|p1a: Toxapex|67\/100|[from] item: Black Sludge\n|upkeep\n|turn|30\n|\n|t:|1627674633\n|move|p1a: Toxapex|Baneful Bunker|p1a: Toxapex\n|-singleturn|p1a: Toxapex|move: Protect\n|move|p2a: Melmetal|Earthquake|p1a: Toxapex\n|-activate|p1a: Toxapex|move: Protect\n|\n|-heal|p1a: Toxapex|73\/100|[from] item: Black Sludge\n|upkeep\n|turn|31\n|\n|t:|1627674636\n|move|p1a: Toxapex|Scald|p2a: Melmetal\n|-damage|p2a: Melmetal|90\/100\n|-status|p2a: Melmetal|brn\n|move|p2a: Melmetal|Thunder Punch|p1a: Toxapex\n|-supereffective|p1a: Toxapex\n|-damage|p1a: Toxapex|52\/100\n|-status|p1a: Toxapex|par\n|\n|-heal|p1a: Toxapex|58\/100 par|[from] item: Black Sludge\n|-damage|p2a: Melmetal|84\/100 brn|[from] brn\n|upkeep\n|turn|32\n|\n|t:|1627674640\n|switch|p2a: Tapu Lele|Tapu Lele|100\/100\n|-fieldstart|move: Psychic Terrain|[from] ability: Psychic Surge|[of] p2a: Tapu Lele\n|switch|p1a: Umbreon|Umbreon, M|78\/100\n|-damage|p1a: Umbreon|65\/100|[from] Stealth Rock\n|\n|upkeep\n|turn|33\n|\n|t:|1627674644\n|move|p1a: Umbreon|Protect|p1a: Umbreon\n|-singleturn|p1a: Umbreon|Protect\n|move|p2a: Tapu Lele|Future Sight|p1a: Umbreon\n|-start|p2a: Tapu Lele|move: Future Sight\n|\n|upkeep\n|turn|34\n|\n|t:|1627674648\n|switch|p2a: Magnezone|Magnezone|100\/100\n|move|p1a: Umbreon|Wish|p1a: Umbreon\n|\n|upkeep\n|turn|35\n|\n|t:|1627674653\n|switch|p1a: Rhyperior|Rhyperior, M|100\/100\n|-damage|p1a: Rhyperior|94\/100|[from] Stealth Rock\n|move|p2a: Magnezone|Iron Defense|p2a: Magnezone\n|-boost|p2a: Magnezone|def|2\n|\n|-end|p1a: Rhyperior|move: Future Sight\n|-damage|p1a: Rhyperior|29\/100\n|-heal|p1a: Rhyperior|75\/100|[from] move: Wish|[wisher] Umbreon\n|-heal|p1a: Rhyperior|81\/100|[from] item: Leftovers\n|upkeep\n|turn|36\n|\n|t:|1627674657\n|move|p2a: Magnezone|Magnet Rise|p2a: Magnezone\n|-start|p2a: Magnezone|Magnet Rise\n|move|p1a: Rhyperior|Earthquake|p2a: Magnezone\n|-immune|p2a: Magnezone\n|\n|-heal|p1a: Rhyperior|87\/100|[from] item: Leftovers\n|-fieldend|move: Psychic Terrain\n|upkeep\n|turn|37\n|\n|t:|1627674660\n|switch|p1a: Sylveon|Sylveon, F|78\/100\n|-damage|p1a: Sylveon|66\/100|[from] Stealth Rock\n|move|p2a: Magnezone|Body Press|p1a: Sylveon\n|-resisted|p1a: Sylveon\n|-crit|p1a: Sylveon\n|-damage|p1a: Sylveon|16\/100\n|\n|-heal|p1a: Sylveon|22\/100|[from] item: Leftovers\n|upkeep\n|turn|38\n|\n|t:|1627674662\n|move|p2a: Magnezone|Body Press|p1a: Sylveon\n|-resisted|p1a: Sylveon\n|-damage|p1a: Sylveon|0 fnt\n|faint|p1a: Sylveon\n|\n|upkeep\n|\n|t:|1627674667\n|switch|p1a: Toxapex|Toxapex, F|91\/100 par\n|-damage|p1a: Toxapex|79\/100 par|[from] Stealth Rock\n|turn|39\n|\n|t:|1627674669\n|move|p2a: Magnezone|Thunderbolt|p1a: Toxapex\n|-supereffective|p1a: Toxapex\n|-damage|p1a: Toxapex|4\/100 par\n|move|p1a: Toxapex|Scald|p2a: Magnezone\n|-damage|p2a: Magnezone|78\/100\n|\n|-heal|p1a: Toxapex|10\/100 par|[from] item: Black Sludge\n|upkeep\n|turn|40\n|\n|t:|1627674672\n|move|p2a: Magnezone|Body Press|p1a: Toxapex\n|-resisted|p1a: Toxapex\n|-damage|p1a: Toxapex|0 fnt\n|faint|p1a: Toxapex\n|\n|-end|p2a: Magnezone|Magnet Rise\n|upkeep\n|\n|t:|1627674680\n|switch|p1a: Umbreon|Umbreon, M|65\/100\n|-damage|p1a: Umbreon|53\/100|[from] Stealth Rock\n|turn|41\n|\n|t:|1627674687\n|move|p2a: Magnezone|Body Press|p1a: Umbreon\n|-supereffective|p1a: Umbreon\n|-damage|p1a: Umbreon|0 fnt\n|faint|p1a: Umbreon\n|\n|upkeep\n|\n|t:|1627674691\n|switch|p1a: Rhyperior|Rhyperior, M|87\/100\n|-damage|p1a: Rhyperior|81\/100|[from] Stealth Rock\n|turn|42\n|\n|t:|1627674694\n|move|p2a: Magnezone|Magnet Rise|p2a: Magnezone\n|-start|p2a: Magnezone|Magnet Rise\n|move|p1a: Rhyperior|Rock Blast|p2a: Magnezone\n|-resisted|p2a: Magnezone\n|-damage|p2a: Magnezone|76\/100\n|-resisted|p2a: Magnezone\n|-damage|p2a: Magnezone|73\/100\n|-resisted|p2a: Magnezone\n|-damage|p2a: Magnezone|71\/100\n|-resisted|p2a: Magnezone\n|-damage|p2a: Magnezone|68\/100\n|-resisted|p2a: Magnezone\n|-damage|p2a: Magnezone|66\/100\n|-hitcount|p2a: Magnezone|5\n|\n|-heal|p1a: Rhyperior|87\/100|[from] item: Leftovers\n|upkeep\n|turn|43\n|\n|t:|1627674697\n|move|p2a: Magnezone|Iron Defense|p2a: Magnezone\n|-boost|p2a: Magnezone|def|2\n|move|p1a: Rhyperior|Rock Blast|p2a: Magnezone\n|-resisted|p2a: Magnezone\n|-damage|p2a: Magnezone|63\/100\n|-resisted|p2a: Magnezone\n|-crit|p2a: Magnezone\n|-damage|p2a: Magnezone|57\/100\n|-resisted|p2a: Magnezone\n|-damage|p2a: Magnezone|55\/100\n|-hitcount|p2a: Magnezone|3\n|\n|-heal|p1a: Rhyperior|93\/100|[from] item: Leftovers\n|upkeep\n|turn|44\n|\n|t:|1627674699\n|move|p2a: Magnezone|Body Press|p1a: Rhyperior\n|-supereffective|p1a: Rhyperior\n|-damage|p1a: Rhyperior|15\/100\n|move|p1a: Rhyperior|Rock Blast|p2a: Magnezone\n|-resisted|p2a: Magnezone\n|-damage|p2a: Magnezone|53\/100\n|-resisted|p2a: Magnezone\n|-damage|p2a: Magnezone|51\/100\n|-resisted|p2a: Magnezone\n|-damage|p2a: Magnezone|50\/100\n|-resisted|p2a: Magnezone\n|-damage|p2a: Magnezone|48\/100\n|-hitcount|p2a: Magnezone|4\n|\n|-heal|p1a: Rhyperior|21\/100|[from] item: Leftovers\n|upkeep\n|turn|45\n|\n|t:|1627674701\n|move|p2a: Magnezone|Body Press|p1a: Rhyperior\n|-supereffective|p1a: Rhyperior\n|-damage|p1a: Rhyperior|0 fnt\n|faint|p1a: Rhyperior\n|\n|upkeep\n|\n|t:|1627674705\n|switch|p1a: Corviknight|Corviknight, M|100\/100\n|-damage|p1a: Corviknight|88\/100|[from] Stealth Rock\n|-ability|p1a: Corviknight|Pressure\n|turn|46\n|\n|t:|1627674706\n|move|p2a: Magnezone|Thunderbolt|p1a: Corviknight\n|-supereffective|p1a: Corviknight\n|-damage|p1a: Corviknight|0 fnt\n|faint|p1a: Corviknight\n|\n|-end|p2a: Magnezone|Magnet Rise\n|upkeep\n|\n|t:|1627674708\n|switch|p1a: Rotom|Rotom-Heat|4\/100\n|-damage|p1a: Rotom|0 fnt|[from] Stealth Rock\n|faint|p1a: Rotom\n|\n|win|LT84JM Acey!\n|raw|Lenape's rating: 1779 &rarr; <strong>1760<\/strong><br \/>(-19 for losing)\n|raw|LT84JM Acey!'s rating: 1794 &rarr; <strong>1813<\/strong><br \/>(+19 for winning)\n|l|\u2606Lenape\n||Ladder isn't responding, score probably updated but might not have (Request timeout).\n","uploadtime":1627674712,"views":236,"p1id":"lenape","p2id":"lt84jmacey","formatid":"gen8ou","rating":1760,"private":0,"password":null}