{"id":"gen8ou-1649464473","p1":"LT94JenPlsComeBack","p2":"bramitoboy","format":"gen8ou","log":"|j|\u2606LT94JenPlsComeBack\n|j|\u2606bramitoboy\n|t:|1661601860\n|gametype|singles\n|player|p1|LT94JenPlsComeBack|#mimikyustardust|2023\n|player|p2|bramitoboy|265|1889\n|teamsize|p1|6\n|teamsize|p2|6\n|gen|8\n|tier|[Gen 8] OU\n|rated|\n|rule|Sleep Clause Mod: Limit one foe put to sleep\n|rule|Species Clause: Limit one of each Pok\u00e9mon\n|rule|OHKO Clause: OHKO moves are banned\n|rule|Evasion Items Clause: Evasion items are banned\n|rule|Evasion Moves Clause: Evasion moves are banned\n|rule|Endless Battle Clause: Forcing endless battles is banned\n|rule|HP Percentage Mod: HP is shown in percentages\n|rule|Dynamax Clause: You cannot dynamax\n|clearpoke\n|poke|p1|Pelipper, F|\n|poke|p1|Barraskewda, M|\n|poke|p1|Regieleki|\n|poke|p1|Tapu Lele|\n|poke|p1|Landorus-Therian, M|\n|poke|p1|Ferrothorn, F|\n|poke|p2|Zarude-Dada|\n|poke|p2|Keldeo-Resolute|\n|poke|p2|Tapu Lele|\n|poke|p2|Tapu Koko|\n|poke|p2|Heatran, M|\n|poke|p2|Landorus-Therian, M|\n|teampreview\n|c|\u2606LT94JenPlsComeBack|hf\n|c|\u2606bramitoboy|u2\n|\n|t:|1661601878\n|start\n|switch|p1a: Barraskewda|Barraskewda, M|100\/100\n|switch|p2a: Tapu Lele|Tapu Lele|100\/100\n|-fieldstart|move: Psychic Terrain|[from] ability: Psychic Surge|[of] p2a: Tapu Lele\n|turn|1\n|\n|t:|1661601883\n|move|p1a: Barraskewda|Liquidation|p2a: Tapu Lele\n|-damage|p2a: Tapu Lele|0 fnt\n|faint|p2a: Tapu Lele\n|\n|upkeep\n|j| zelduxe\n|c|\u2606bramitoboy|it could be scarf, why did you take this risk?\n|\n|t:|1661601899\n|switch|p2a: Keldeo|Keldeo-Resolute|100\/100\n|turn|2\n|j| 1 em trach thu\n|\n|t:|1661601905\n|switch|p1a: Tapu Lele|Tapu Lele|100\/100\n|move|p2a: Keldeo|Substitute|p2a: Keldeo\n|-start|p2a: Keldeo|Substitute\n|-damage|p2a: Keldeo|75\/100\n|\n|-heal|p2a: Keldeo|82\/100|[from] item: Leftovers\n|upkeep\n|turn|3\n|\n|t:|1661601910\n|move|p1a: Tapu Lele|Moonblast|p2a: Keldeo\n|-supereffective|p2a: Keldeo\n|-end|p2a: Keldeo|Substitute\n|move|p2a: Keldeo|Scald|p1a: Tapu Lele\n|-damage|p1a: Tapu Lele|54\/100\n|\n|-heal|p2a: Keldeo|88\/100|[from] item: Leftovers\n|upkeep\n|turn|4\n|\n|t:|1661601915\n|move|p1a: Tapu Lele|Moonblast|p2a: Keldeo\n|-supereffective|p2a: Keldeo\n|-damage|p2a: Keldeo|0 fnt\n|faint|p2a: Keldeo\n|\n|upkeep\n|j| LT94JE Carlos\n|c|\u2606LT94JenPlsComeBack|idk\n|\n|t:|1661601921\n|switch|p2a: Heatran|Heatran, M|100\/100\n|-item|p2a: Heatran|Air Balloon\n|turn|5\n|c|\u2606LT94JenPlsComeBack|feeling\n|c|\u2606bramitoboy|bah\n|-message|bramitoboy forfeited.\n|\n|win|LT94JenPlsComeBack\n|raw|LT94JenPlsComeBack's rating: 2023 &rarr; <strong>2036<\/strong><br \/>(+13 for winning)\n|raw|bramitoboy's rating: 1889 &rarr; <strong>1876<\/strong><br \/>(-13 for losing)\n|l|\u2606bramitoboy\n|j| anique\n|j| LT94JE Jack G\n|l| anique\n|c| LT94JE Carlos|instinct\n|c|\u2606LT94JenPlsComeBack|lol\n|l| zelduxe\n|l| LT94JE Carlos\n","uploadtime":1661601944,"views":186,"p1id":"lt94jenplscomeback","p2id":"bramitoboy","formatid":"gen8ou","rating":1876,"private":0,"password":null}