{"id":"gen8ou-1568823424","p1":"ripreckful","p2":"quixana","format":"gen8ou","log":"|j|\u2606ripreckful\n|j|\u2606quixana\n|inactive|Battle timer is ON: inactive players will automatically lose when time's up.\n|t:|1651825427\n|gametype|singles\n|player|p1|ripreckful|hilbert|\n|player|p2|quixana|ethan-pokeathlon|\n|teamsize|p1|6\n|teamsize|p2|6\n|gen|8\n|tier|[Gen 8] OU\n|rated|Tournament battle\n|rule|Sleep Clause Mod: Limit one foe put to sleep\n|rule|Species Clause: Limit one of each Pok\u00e9mon\n|rule|OHKO Clause: OHKO moves are banned\n|rule|Evasion Moves Clause: Evasion moves are banned\n|rule|Endless Battle Clause: Forcing endless battles is banned\n|rule|HP Percentage Mod: HP is shown in percentages\n|rule|Dynamax Clause: You cannot dynamax\n|clearpoke\n|poke|p1|Nihilego|\n|poke|p1|Kartana|\n|poke|p1|Celesteela|\n|poke|p1|Mew|\n|poke|p1|Landorus-Therian, M|\n|poke|p1|Urshifu-*, M|\n|poke|p2|Tangrowth, F|\n|poke|p2|Tornadus-Therian, M|\n|poke|p2|Toxapex, F|\n|poke|p2|Corviknight, M|\n|poke|p2|Blissey, F|\n|poke|p2|Quagsire, F|\n|teampreview\n|inactive|ripreckful also wants the timer to be on.\n|j| dragonclaw723\n|j| vkhss\n|j| Mistelpil\n|j| cranking 90's rn\n|j| noobpichu\n|c| vkhss|oh man\n|c| cranking 90's rn|wow lmao\n|j| Air isnt fair\n|c| cranking 90's rn|stall in finals\n|inactive|ripreckful has 120 seconds left.\n|inactive|quixana has 120 seconds left.\n|c|\u2606ripreckful|hf\n|inactive|ripreckful has 90 seconds left.\n|c| noobpichu|stall against ho\n|c|\u2606quixana|u2\n|inactive|ripreckful has 60 seconds left.\n|\n|t:|1651825539\n|start\n|switch|p1a: Landorus|Landorus-Therian, M|100\/100\n|switch|p2a: Ye-Late|Tornadus-Therian, M|100\/100\n|-ability|p1a: Landorus|Intimidate|boost\n|-unboost|p2a: Ye-Late|atk|1\n|turn|1\n|inactive|quixana has 120 seconds left.\n|\n|t:|1651825586\n|switch|p2a: BLAKE BORTLES|Tangrowth, F|100\/100\n|move|p1a: Landorus|Stone Edge|p2a: BLAKE BORTLES\n|-damage|p2a: BLAKE BORTLES|82\/100\n|\n|upkeep\n|turn|2\n|\n|t:|1651825606\n|switch|p1a: Celesteela|Celesteela|100\/100\n|move|p2a: BLAKE BORTLES|Knock Off|p1a: Celesteela\n|-damage|p1a: Celesteela|78\/100\n|-enditem|p1a: Celesteela|Power Herb|[from] move: Knock Off|[of] p2a: BLAKE BORTLES\n|\n|upkeep\n|turn|3\n|l| vkhss\n|\n|t:|1651825622\n|switch|p2a: 737|Blissey, F|100\/100\n|move|p1a: Celesteela|Air Slash|p2a: 737\n|-damage|p2a: 737|86\/100\n|\n|upkeep\n|turn|4\n|\n|t:|1651825640\n|switch|p1a: Urshifu|Urshifu-Rapid-Strike, M|100\/100\n|move|p2a: 737|Stealth Rock|p1a: Urshifu\n|-sidestart|p1: ripreckful|move: Stealth Rock\n|\n|upkeep\n|turn|5\n|inactive|quixana has 90 seconds left.\n|\n|t:|1651825667\n|switch|p2a: BLAKE BORTLES|Tangrowth, F|100\/100\n|move|p1a: Urshifu|U-turn|p2a: BLAKE BORTLES\n|-supereffective|p2a: BLAKE BORTLES\n|-damage|p2a: BLAKE BORTLES|73\/100\n|c| cranking 90's rn|pls be pain split nihilego\n|\n|t:|1651825674\n|switch|p1a: Mew|Mew|100\/100|[from]move: U-turn\n|-damage|p1a: Mew|88\/100|[from] Stealth Rock\n|\n|upkeep\n|turn|6\n|c|\u2606ripreckful|pain split does 6-0\n|j| vkhss\n|inactive|quixana has 90 seconds left.\n|c| noobpichu|no way its pain slpit\n|inactive|ripreckful has 120 seconds left.\n|c| cranking 90's rn|it might b\n|\n|t:|1651825696\n|switch|p2a: Ye-Late|Tornadus-Therian, M|100\/100\n|move|p1a: Mew|Nasty Plot|p1a: Mew\n|-boost|p1a: Mew|spa|2\n|\n|upkeep\n|turn|7\n|inactive|ripreckful has 120 seconds left.\n|inactive|quixana has 90 seconds left.\n|c| cranking 90's rn|fuck em up!!!\n|c| noobpichu|oh its dog shit mew lmao\n|c| cranking 90's rn|bro this mew is fire\n|c| noobpichu|+2 vaccuum wave did 54 to heliolisk\n|inactive|quixana has 60 seconds left.\n|\n|t:|1651825735\n|move|p2a: Ye-Late|Hurricane|p1a: Mew\n|-damage|p1a: Mew|38\/100\n|move|p1a: Mew|Nasty Plot|p1a: Mew\n|-boost|p1a: Mew|spa|2\n|\n|upkeep\n|turn|8\n|c| cranking 90's rn|right\n|\n|t:|1651825755\n|move|p2a: Ye-Late|Hurricane|p1a: Mew\n|-damage|p1a: Mew|0 fnt\n|faint|p1a: Mew\n|\n|upkeep\n|inactive|ripreckful has 90 seconds left.\n|c|\u2606ripreckful|damn dodge mightve let me win\n|c| vkhss|damn\n|c| cranking 90's rn|he do have quag tho\n|c|\u2606ripreckful|quag takes 50\n|inactive|ripreckful has 60 seconds left.\n|c| cranking 90's rn|eq prob does 38\n|c| cranking 90's rn|no?\n|c|\u2606ripreckful|32 max\n|c| cranking 90's rn|oh\n|inactive|ripreckful has 30 seconds left.\n|\n|t:|1651825826\n|switch|p1a: Landorus|Landorus-Therian, M|100\/100\n|-damage|p1a: Landorus|88\/100|[from] Stealth Rock\n|-ability|p1a: Landorus|Intimidate|boost\n|-unboost|p2a: Ye-Late|atk|1\n|turn|9\n|\n|t:|1651825833\n|switch|p2a: BLAKE BORTLES|Tangrowth, F|100\/100\n|move|p1a: Landorus|Swords Dance|p1a: Landorus\n|-boost|p1a: Landorus|atk|2\n|\n|upkeep\n|turn|10\n|c|\u2606ripreckful|ok imma fish for crits gl\n|inactive|ripreckful has 30 seconds left.\n|inactive|ripreckful has 20 seconds left.\n|inactive|quixana has 60 seconds left.\n|c| cranking 90's rn|sub on powder\n|inactive|ripreckful has 15 seconds left.\n|\n|t:|1651825874\n|move|p1a: Landorus|Earthquake|p2a: BLAKE BORTLES\n|-resisted|p2a: BLAKE BORTLES\n|-damage|p2a: BLAKE BORTLES|74\/100\n|move|p2a: BLAKE BORTLES|Knock Off|p1a: Landorus\n|-damage|p1a: Landorus|62\/100\n|-enditem|p1a: Landorus|Adrenaline Orb|[from] move: Knock Off|[of] p2a: BLAKE BORTLES\n|\n|upkeep\n|turn|11\n|inactive|ripreckful has 25 seconds left this turn.\n|inactive|ripreckful has 20 seconds left.\n|\n|t:|1651825881\n|move|p1a: Landorus|Swords Dance|p1a: Landorus\n|-boost|p1a: Landorus|atk|2\n|move|p2a: BLAKE BORTLES|Giga Drain|p1a: Landorus\n|-damage|p1a: Landorus|28\/100\n|-heal|p2a: BLAKE BORTLES|87\/100|[from] drain|[of] p1a: Landorus\n|\n|upkeep\n|turn|12\n|inactive|ripreckful has 30 seconds left this turn.\n|\n|t:|1651825887\n|switch|p2a: What..QUA6QYQ|Quagsire, F|100\/100\n|move|p1a: Landorus|Stone Edge|p2a: What..QUA6QYQ\n|-resisted|p2a: What..QUA6QYQ\n|-damage|p2a: What..QUA6QYQ|87\/100\n|\n|-heal|p2a: What..QUA6QYQ|93\/100|[from] item: Leftovers\n|upkeep\n|turn|13\n|\n|t:|1651825891\n|move|p1a: Landorus|Earthquake|p2a: What..QUA6QYQ\n|-damage|p2a: What..QUA6QYQ|52\/100\n|move|p2a: What..QUA6QYQ|Scald|p1a: Landorus\n|-supereffective|p1a: Landorus\n|-damage|p1a: Landorus|0 fnt\n|faint|p1a: Landorus\n|\n|-heal|p2a: What..QUA6QYQ|58\/100|[from] item: Leftovers\n|upkeep\n|l| vkhss\n|inactive|ripreckful has 30 seconds left.\n|\n|t:|1651825909\n|switch|p1a: Nihilego|Nihilego|100\/100\n|-damage|p1a: Nihilego|88\/100|[from] Stealth Rock\n|turn|14\n|\n|t:|1651825936\n|move|p1a: Nihilego|Grass Knot|p2a: What..QUA6QYQ\n|-supereffective|p2a: What..QUA6QYQ\n|-damage|p2a: What..QUA6QYQ|0 fnt\n|faint|p2a: What..QUA6QYQ\n|-ability|p1a: Nihilego|Beast Boost|boost\n|-boost|p1a: Nihilego|spe|1\n|\n|upkeep\n|j| vkhss\n|c| cranking 90's rn|he can also\n|inactive|quixana has 60 seconds left.\n|c|\u2606ripreckful|1 kill thats pretty much a win\n|c| cranking 90's rn|kart sd and dodge\n|c| cranking 90's rn|don't tell me u aren't pain split\n|c| cranking 90's rn|zzz\n|c|\u2606ripreckful|maybe\n|c| noobpichu|hes not\n|inactive|quixana has 30 seconds left.\n|\n|t:|1651825979\n|switch|p2a: Amy Schumer \ud83e\udd22|Toxapex, F|100\/100\n|turn|15\n|c| noobpichu|its double stabs meteor beam grass not\n|\n|t:|1651825992\n|move|p1a: Nihilego|Meteor Beam||[still]\n|-prepare|p1a: Nihilego|Meteor Beam\n|-boost|p1a: Nihilego|spa|1\n|-enditem|p1a: Nihilego|Power Herb\n|-anim|p1a: Nihilego|Meteor Beam|p2a: Amy Schumer \ud83e\udd22\n|-damage|p2a: Amy Schumer \ud83e\udd22|34\/100\n|move|p2a: Amy Schumer \ud83e\udd22|Haze|p2a: Amy Schumer \ud83e\udd22\n|-clearallboost\n|\n|upkeep\n|turn|16\n|\n|t:|1651825998\n|switch|p2a: 737|Blissey, F|86\/100\n|move|p1a: Nihilego|Meteor Beam||[still]\n|-prepare|p1a: Nihilego|Meteor Beam\n|-boost|p1a: Nihilego|spa|1\n|\n|upkeep\n|turn|17\n|\n|t:|1651826007\n|move|p1a: Nihilego|Meteor Beam|p2a: 737|[from]lockedmove\n|-damage|p2a: 737|54\/100\n|move|p2a: 737|Seismic Toss|p1a: Nihilego\n|-damage|p1a: Nihilego|62\/100\n|\n|upkeep\n|turn|18\n|l| vkhss\n|\n|t:|1651826026\n|move|p1a: Nihilego|Meteor Beam||[still]\n|-prepare|p1a: Nihilego|Meteor Beam\n|-boost|p1a: Nihilego|spa|1\n|move|p2a: 737|Seismic Toss|p1a: Nihilego\n|-damage|p1a: Nihilego|35\/100\n|\n|upkeep\n|turn|19\n|\n|t:|1651826032\n|move|p1a: Nihilego|Meteor Beam|p2a: 737|[from]lockedmove\n|-damage|p2a: 737|10\/100\n|move|p2a: 737|Soft-Boiled|p2a: 737\n|-heal|p2a: 737|60\/100\n|\n|upkeep\n|turn|20\n|l| cranking 90's rn\n|inactive|ripreckful has 90 seconds left.\n|j| vkhss\n|inactive|quixana has 30 seconds left.\n|\n|t:|1651826072\n|move|p1a: Nihilego|Meteor Beam||[still]\n|-prepare|p1a: Nihilego|Meteor Beam\n|-boost|p1a: Nihilego|spa|1\n|move|p2a: 737|Soft-Boiled|p2a: 737\n|-heal|p2a: 737|100\/100\n|\n|upkeep\n|turn|21\n|\n|t:|1651826074\n|move|p1a: Nihilego|Meteor Beam|p2a: 737|[from]lockedmove\n|-crit|p2a: 737\n|-damage|p2a: 737|22\/100\n|move|p2a: 737|Seismic Toss|p1a: Nihilego\n|-damage|p1a: Nihilego|9\/100\n|\n|upkeep\n|turn|22\n|c|\u2606ripreckful|chance\n|c| vkhss|ohh\n|inactive|quixana has 30 seconds left.\n|c| noobpichu|does it ohko corv\n|c|\u2606ripreckful|at +3 it should\n|inactive|quixana has 20 seconds left.\n|j| cranking 90's rn\n|c| noobpichu|oh fair\n|inactive|quixana has 15 seconds left.\n|inactive|quixana has 10 seconds left.\n|inactive|quixana has 5 seconds left.\n|c|\u2606ripreckful|just sack this bro\n|\n|t:|1651826122\n|move|p1a: Nihilego|Power Gem|p2a: 737\n|-damage|p2a: 737|0 fnt\n|faint|p2a: 737\n|-ability|p1a: Nihilego|Beast Boost|boost\n|-boost|p1a: Nihilego|spe|1\n|\n|upkeep\n|inactive|quixana has 10 seconds left this turn.\n|c|\u2606ripreckful|time\n|inactive|quixana has 5 seconds left.\n|\n|t:|1651826130\n|switch|p2a: Cut the chit chat|Corviknight, M|100\/100\n|-ability|p2a: Cut the chit chat|Pressure\n|turn|23\n|inactive|quixana has 15 seconds left this turn.\n|inactive|quixana has 10 seconds left.\n|\n|t:|1651826135\n|move|p1a: Nihilego|Power Gem|p2a: Cut the chit chat\n|-damage|p2a: Cut the chit chat|18\/100\n|move|p2a: Cut the chit chat|Body Press|p1a: Nihilego\n|-damage|p1a: Nihilego|0 fnt\n|faint|p1a: Nihilego\n|\n|-heal|p2a: Cut the chit chat|24\/100|[from] item: Leftovers\n|upkeep\n|inactive|quixana has 15 seconds left this turn.\n|c| noobpichu|ye\n|c| noobpichu|rip\n|c|\u2606ripreckful|:(\n|\n|t:|1651826142\n|switch|p1a: Celesteela|Celesteela|78\/100\n|-damage|p1a: Celesteela|66\/100|[from] Stealth Rock\n|turn|24\n|inactive|quixana has 25 seconds left this turn.\n|c| vkhss|Steela\n|c| vkhss|wins right?\n|c|\u2606ripreckful|maybe\n|inactive|ripreckful has 120 seconds left.\n|l| noobpichu\n|\n|t:|1651826160\n|switch|p2a: Amy Schumer \ud83e\udd22|Toxapex, F|67\/100\n|move|p1a: Celesteela|Meteor Beam||[still]\n|-prepare|p1a: Celesteela|Meteor Beam\n|-boost|p1a: Celesteela|spa|1\n|\n|upkeep\n|turn|25\n|inactive|quixana has 30 seconds left.\n|\n|t:|1651826169\n|move|p1a: Celesteela|Meteor Beam|p2a: Amy Schumer \ud83e\udd22|[from]lockedmove\n|-damage|p2a: Amy Schumer \ud83e\udd22|16\/100\n|move|p2a: Amy Schumer \ud83e\udd22|Recover|p2a: Amy Schumer \ud83e\udd22\n|-heal|p2a: Amy Schumer \ud83e\udd22|66\/100\n|\n|upkeep\n|turn|26\n|\n|t:|1651826173\n|move|p1a: Celesteela|Air Slash|p2a: Amy Schumer \ud83e\udd22\n|-damage|p2a: Amy Schumer \ud83e\udd22|21\/100\n|move|p2a: Amy Schumer \ud83e\udd22|Haze|p2a: Amy Schumer \ud83e\udd22\n|-clearallboost\n|\n|upkeep\n|turn|27\n|\n|t:|1651826186\n|switch|p2a: Cut the chit chat|Corviknight, M|24\/100\n|-ability|p2a: Cut the chit chat|Pressure\n|move|p1a: Celesteela|Air Slash|p2a: Cut the chit chat\n|-resisted|p2a: Cut the chit chat\n|-damage|p2a: Cut the chit chat|8\/100\n|\n|-heal|p2a: Cut the chit chat|14\/100|[from] item: Leftovers\n|upkeep\n|turn|28\n|\n|t:|1651826193\n|move|p1a: Celesteela|Air Slash|p2a: Cut the chit chat|[miss]\n|-miss|p1a: Celesteela|p2a: Cut the chit chat\n|move|p2a: Cut the chit chat|Body Press|p1a: Celesteela\n|-damage|p1a: Celesteela|39\/100\n|\n|-heal|p2a: Cut the chit chat|20\/100|[from] item: Leftovers\n|upkeep\n|turn|29\n|c| cranking 90's rn|a\n|j| Fart Stinky\n|\n|t:|1651826222\n|move|p1a: Celesteela|Flamethrower|p2a: Cut the chit chat\n|-supereffective|p2a: Cut the chit chat\n|-damage|p2a: Cut the chit chat|0 fnt\n|faint|p2a: Cut the chit chat\n|-ability|p1a: Celesteela|Beast Boost|boost\n|-boost|p1a: Celesteela|spa|1\n|\n|upkeep\n|\n|t:|1651826244\n|switch|p2a: Ye-Late|Tornadus-Therian, M|100\/100\n|turn|30\n|\n|t:|1651826251\n|move|p2a: Ye-Late|Focus Blast|p1a: Celesteela\n|-damage|p1a: Celesteela|2\/100\n|move|p1a: Celesteela|Autotomize|p1a: Celesteela\n|-boost|p1a: Celesteela|spe|2\n|-start|p1a: Celesteela|Autotomize\n|\n|upkeep\n|turn|31\n|c| vkhss|:o\n|c| vkhss|chance?\n|\n|t:|1651826266\n|move|p1a: Celesteela|Air Slash|p2a: Ye-Late\n|-damage|p2a: Ye-Late|36\/100\n|move|p2a: Ye-Late|Hurricane|p1a: Celesteela|[miss]\n|-miss|p2a: Ye-Late|p1a: Celesteela\n|\n|upkeep\n|turn|32\n|c| cranking 90's rn|..\n|c|\u2606ripreckful|tbf the odds r in my favour on that one\n|inactive|quixana has 30 seconds left.\n|c| vkhss|just flinch everything\n|inactive|quixana has 20 seconds left.\n|c| cranking 90's rn|go win\n|inactive|quixana has 15 seconds left.\n|inactive|quixana has 10 seconds left.\n|\n|t:|1651826309\n|move|p1a: Celesteela|Air Slash|p2a: Ye-Late\n|-crit|p2a: Ye-Late\n|-damage|p2a: Ye-Late|0 fnt\n|faint|p2a: Ye-Late\n|-ability|p1a: Celesteela|Beast Boost|boost\n|-boost|p1a: Celesteela|spa|1\n|\n|upkeep\n|inactive|quixana has 15 seconds left this turn.\n|\n|t:|1651826312\n|switch|p2a: Amy Schumer \ud83e\udd22|Toxapex, F|54\/100\n|turn|33\n|inactive|quixana has 25 seconds left this turn.\n|c| vkhss|Flinch\n|c|\u2606ripreckful|gg\n|c| vkhss|pls\n|inactive|quixana has 20 seconds left.\n|c|\u2606ripreckful|if i hit\n|inactive|quixana has 15 seconds left.\n|c| vkhss|do u need the flinch?\n|inactive|quixana has 10 seconds left.\n|c| cranking 90's rn|no\n|c| vkhss|No u dont\n|c|\u2606ripreckful|nah it kills\n|inactive|quixana has 5 seconds left.\n|\n|t:|1651826335\n|move|p1a: Celesteela|Air Slash|p2a: Amy Schumer \ud83e\udd22\n|-damage|p2a: Amy Schumer \ud83e\udd22|0 fnt\n|faint|p2a: Amy Schumer \ud83e\udd22\n|-ability|p1a: Celesteela|Beast Boost|boost\n|-boost|p1a: Celesteela|spa|1\n|\n|upkeep\n|inactive|quixana has 10 seconds left this turn.\n|\n|t:|1651826337\n|switch|p2a: BLAKE BORTLES|Tangrowth, F|100\/100\n|turn|34\n|inactive|quixana has 20 seconds left this turn.\n|c|\u2606quixana|gg\n|inactive|quixana has 15 seconds left.\n|c| vkhss|damn\n|c|\u2606ripreckful|gg bro\n|\n|t:|1651826346\n|move|p1a: Celesteela|Flamethrower|p2a: BLAKE BORTLES\n|-supereffective|p2a: BLAKE BORTLES\n|-damage|p2a: BLAKE BORTLES|0 fnt\n|faint|p2a: BLAKE BORTLES\n|\n|win|ripreckful\n|inactive|quixana has 20 seconds left this turn.\n|n|\u2606ripreckful|ripreckful\n|n|\u2606quixana|quixana\n|n| dragonclaw723|dragonclaw723\n|n| Mistelpil|mistelpil\n|n| Air isnt fair|airisntfair\n|n| vkhss|vkhss\n|n| cranking 90's rn|cranking90srn\n|n| Fart Stinky|fartstinky\n","uploadtime":1651826347,"views":124,"p1id":"ripreckful","p2id":"quixana","formatid":"gen8ou","rating":0,"private":0,"password":null}