{"id":"gen8ou-1210635448","p1":"roboPOKE","p2":"Darnellred","format":"gen8ou","log":"|j|\u2606roboPOKE\n|j|\u2606Darnellred\n|t:|1603805566\n|player|p1|roboPOKE|102|1707\n|player|p2|Darnellred|red|1636\n|teamsize|p1|6\n|teamsize|p2|6\n|gametype|singles\n|gen|8\n|tier|[Gen 8] OU\n|rated|\n|clearpoke\n|poke|p1|Sandaconda, F|\n|poke|p1|Excadrill, M|\n|poke|p1|Ninetales-Alola, M|\n|poke|p1|Magearna|\n|poke|p1|Zygarde|\n|poke|p1|Buzzwole|\n|poke|p2|Uxie|\n|poke|p2|Cresselia, F|\n|poke|p2|Magearna|\n|poke|p2|Glastrier|\n|poke|p2|Melmetal|\n|poke|p2|Marowak-Alola, F|\n|rule|Sleep Clause Mod: Limit one foe put to sleep\n|rule|Species Clause: Limit one of each Pok\u00e9mon\n|rule|OHKO Clause: OHKO moves are banned\n|rule|Evasion Moves Clause: Evasion moves are banned\n|rule|Endless Battle Clause: Forcing endless battles is banned\n|rule|HP Percentage Mod: HP is shown in percentages\n|rule|Dynamax Clause: You cannot dynamax\n|teampreview\n|l|\u2606Darnellred\n|player|p2|\n|inactive|Battle timer is ON: inactive players will automatically lose when time's up. (requested by roboPOKE)\n|j|\u2606Darnellred\n|inactive|Darnellred reconnected and has 145 seconds left.\n|player|p2|Darnellred|red\n|\n|t:|1603805605\n|start\n|switch|p1a: Sandaconda|Sandaconda, F|100\/100\n|switch|p2a: Melmetal|Melmetal|100\/100\n|turn|1\n|\n|t:|1603805611\n|move|p1a: Sandaconda|Stealth Rock|p2a: Melmetal\n|-sidestart|p2: Darnellred|move: Stealth Rock\n|move|p2a: Melmetal|Double Iron Bash|p1a: Sandaconda\n|-damage|p1a: Sandaconda|46\/100\n|-weather|Sandstorm|[from] ability: Sand Spit|[of] p1a: Sandaconda\n|-damage|p1a: Sandaconda|0 fnt\n|-hitcount|p1a: Sandaconda|2\n|faint|p1a: Sandaconda\n|\n|-weather|Sandstorm|[upkeep]\n|upkeep\n|\n|t:|1603805616\n|switch|p1a: Excadrill|Excadrill, M|100\/100\n|turn|2\n|\n|t:|1603805619\n|switch|p2a: Uxie|Uxie|100\/100\n|-damage|p2a: Uxie|88\/100|[from] Stealth Rock\n|move|p1a: Excadrill|Earthquake|p2a: Uxie\n|-immune|p2a: Uxie|[from] ability: Levitate\n|\n|-weather|Sandstorm|[upkeep]\n|-damage|p2a: Uxie|82\/100|[from] Sandstorm\n|upkeep\n|turn|3\n|\n|t:|1603805625\n|move|p1a: Excadrill|Swords Dance|p1a: Excadrill\n|-boost|p1a: Excadrill|atk|2\n|move|p2a: Uxie|Trick Room|p2a: Uxie\n|-fieldstart|move: Trick Room|[of] p2a: Uxie\n|\n|-weather|Sandstorm|[upkeep]\n|-damage|p2a: Uxie|76\/100|[from] Sandstorm\n|upkeep\n|turn|4\n|\n|t:|1603805628\n|move|p2a: Uxie|Stealth Rock|p1a: Excadrill\n|-sidestart|p1: roboPOKE|move: Stealth Rock\n|move|p1a: Excadrill|Earthquake|p2a: Uxie\n|-immune|p2a: Uxie|[from] ability: Levitate\n|\n|-weather|Sandstorm|[upkeep]\n|-damage|p2a: Uxie|69\/100|[from] Sandstorm\n|upkeep\n|turn|5\n|\n|t:|1603805638\n|move|p2a: Uxie|Memento|p1a: Excadrill\n|-unboost|p1a: Excadrill|atk|2\n|-unboost|p1a: Excadrill|spa|2\n|faint|p2a: Uxie\n|move|p1a: Excadrill|Earthquake|p2: Uxie|[notarget]\n|-fail|p1a: Excadrill\n|\n|-weather|Sandstorm|[upkeep]\n|upkeep\n|\n|t:|1603805645\n|switch|p2a: Melmetal|Melmetal|100\/100\n|-damage|p2a: Melmetal|94\/100|[from] Stealth Rock\n|turn|6\n|\n|t:|1603805648\n|move|p2a: Melmetal|Double Iron Bash|p1a: Excadrill\n|-resisted|p1a: Excadrill\n|-damage|p1a: Excadrill|53\/100\n|-resisted|p1a: Excadrill\n|-damage|p1a: Excadrill|8\/100\n|-hitcount|p1a: Excadrill|2\n|cant|p1a: Excadrill|flinch\n|\n|-weather|Sandstorm|[upkeep]\n|upkeep\n|turn|7\n|\n|t:|1603805654\n|move|p2a: Melmetal|Double Iron Bash|p1a: Excadrill\n|-resisted|p1a: Excadrill\n|-damage|p1a: Excadrill|0 fnt\n|-hitcount|p1a: Excadrill|1\n|faint|p1a: Excadrill\n|\n|-weather|Sandstorm|[upkeep]\n|-fieldend|move: Trick Room\n|upkeep\n|\n|t:|1603805656\n|switch|p1a: Ninetales|Ninetales-Alola, M|100\/100\n|-damage|p1a: Ninetales|76\/100|[from] Stealth Rock\n|-weather|Hail|[from] ability: Snow Warning|[of] p1a: Ninetales\n|turn|8\n|\n|t:|1603805658\n|move|p1a: Ninetales|Aurora Veil|p1a: Ninetales\n|-sidestart|p1: roboPOKE|move: Aurora Veil\n|move|p2a: Melmetal|Double Iron Bash|p1a: Ninetales\n|-supereffective|p1a: Ninetales\n|-damage|p1a: Ninetales|0 fnt\n|-hitcount|p1a: Ninetales|1\n|faint|p1a: Ninetales\n|\n|-weather|Hail|[upkeep]\n|-damage|p2a: Melmetal|88\/100|[from] Hail\n|upkeep\n|\n|t:|1603805666\n|switch|p1a: Zygarde|Zygarde|100\/100\n|-damage|p1a: Zygarde|94\/100|[from] Stealth Rock\n|-ability|p1a: Zygarde|Aura Break\n|turn|9\n|\n|t:|1603805671\n|move|p1a: Zygarde|Coil|p1a: Zygarde\n|-boost|p1a: Zygarde|atk|1\n|-boost|p1a: Zygarde|def|1\n|-boost|p1a: Zygarde|accuracy|1\n|move|p2a: Melmetal|Double Iron Bash|p1a: Zygarde\n|-damage|p1a: Zygarde|77\/100\n|-damage|p1a: Zygarde|62\/100\n|-hitcount|p1a: Zygarde|2\n|\n|-weather|Hail|[upkeep]\n|-damage|p1a: Zygarde|56\/100|[from] Hail\n|-damage|p2a: Melmetal|82\/100|[from] Hail\n|-heal|p1a: Zygarde|62\/100|[from] item: Leftovers\n|upkeep\n|turn|10\n|\n|t:|1603805680\n|switch|p2a: Magearna|Magearna|100\/100\n|-damage|p2a: Magearna|94\/100|[from] Stealth Rock\n|move|p1a: Zygarde|Coil|p1a: Zygarde\n|-boost|p1a: Zygarde|atk|1\n|-boost|p1a: Zygarde|def|1\n|-boost|p1a: Zygarde|accuracy|1\n|\n|-weather|Hail|[upkeep]\n|-damage|p1a: Zygarde|56\/100|[from] Hail\n|-damage|p2a: Magearna|88\/100|[from] Hail\n|-heal|p1a: Zygarde|62\/100|[from] item: Leftovers\n|upkeep\n|turn|11\n|\n|t:|1603805684\n|move|p1a: Zygarde|Thousand Arrows|p2a: Magearna\n|-supereffective|p2a: Magearna\n|-enditem|p2a: Magearna|Shuca Berry|[eat]\n|-enditem|p2a: Magearna|Shuca Berry|[weaken]\n|-damage|p2a: Magearna|19\/100\n|move|p2a: Magearna|Trick Room|p2a: Magearna\n|-fieldstart|move: Trick Room|[of] p2a: Magearna\n|\n|-weather|Hail|[upkeep]\n|-damage|p2a: Magearna|13\/100|[from] Hail\n|-damage|p1a: Zygarde|56\/100|[from] Hail\n|-heal|p1a: Zygarde|62\/100|[from] item: Leftovers\n|upkeep\n|turn|12\n|\n|t:|1603805691\n|move|p1a: Zygarde|Extreme Speed|p2a: Magearna\n|-resisted|p2a: Magearna\n|-damage|p2a: Magearna|0 fnt\n|faint|p2a: Magearna\n|\n|-weather|none\n|-heal|p1a: Zygarde|68\/100|[from] item: Leftovers\n|upkeep\n|\n|t:|1603805694\n|switch|p2a: Glastrier|Glastrier|100\/100\n|turn|13\n|\n|t:|1603805697\n|move|p2a: Glastrier|Icicle Crash|p1a: Zygarde\n|-supereffective|p1a: Zygarde\n|-damage|p1a: Zygarde|27\/100\n|move|p1a: Zygarde|Thousand Arrows|p2a: Glastrier\n|-damage|p2a: Glastrier|47\/100\n|\n|-heal|p1a: Zygarde|33\/100|[from] item: Leftovers\n|upkeep\n|turn|14\n|\n|t:|1603805703\n|switch|p1a: Buzzwole|Buzzwole|100\/100\n|-damage|p1a: Buzzwole|88\/100|[from] Stealth Rock\n|move|p2a: Glastrier|Icicle Crash|p1a: Buzzwole\n|-damage|p1a: Buzzwole|68\/100\n|\n|-heal|p1a: Buzzwole|74\/100|[from] item: Leftovers\n|upkeep\n|turn|15\n|\n|t:|1603805714\n|switch|p2a: Cresselia|Cresselia, F|100\/100\n|-damage|p2a: Cresselia|88\/100|[from] Stealth Rock\n|move|p1a: Buzzwole|Bulk Up|p1a: Buzzwole\n|-boost|p1a: Buzzwole|atk|1\n|-boost|p1a: Buzzwole|def|1\n|\n|-heal|p1a: Buzzwole|80\/100|[from] item: Leftovers\n|-sideend|p1: roboPOKE|move: Aurora Veil\n|-fieldend|move: Trick Room\n|upkeep\n|turn|16\n|\n|t:|1603805720\n|move|p1a: Buzzwole|Bulk Up|p1a: Buzzwole\n|-boost|p1a: Buzzwole|atk|1\n|-boost|p1a: Buzzwole|def|1\n|move|p2a: Cresselia|Trick Room|p2a: Cresselia\n|-fieldstart|move: Trick Room|[of] p2a: Cresselia\n|\n|-heal|p1a: Buzzwole|86\/100|[from] item: Leftovers\n|upkeep\n|turn|17\n|\n|t:|1603805724\n|switch|p2a: Melmetal|Melmetal|82\/100\n|-damage|p2a: Melmetal|76\/100|[from] Stealth Rock\n|move|p1a: Buzzwole|Bulk Up|p1a: Buzzwole\n|-boost|p1a: Buzzwole|atk|1\n|-boost|p1a: Buzzwole|def|1\n|\n|-heal|p1a: Buzzwole|93\/100|[from] item: Leftovers\n|upkeep\n|turn|18\n|\n|t:|1603805727\n|move|p2a: Melmetal|Double Iron Bash|p1a: Buzzwole\n|-damage|p1a: Buzzwole|72\/100\n|-damage|p1a: Buzzwole|53\/100\n|-hitcount|p1a: Buzzwole|2\n|cant|p1a: Buzzwole|flinch\n|\n|-heal|p1a: Buzzwole|59\/100|[from] item: Leftovers\n|upkeep\n|turn|19\n|\n|t:|1603805732\n|move|p2a: Melmetal|Double Iron Bash|p1a: Buzzwole\n|-damage|p1a: Buzzwole|39\/100\n|-damage|p1a: Buzzwole|19\/100\n|-hitcount|p1a: Buzzwole|2\n|move|p1a: Buzzwole|Drain Punch|p2a: Melmetal\n|-supereffective|p2a: Melmetal\n|-damage|p2a: Melmetal|0 fnt\n|-heal|p1a: Buzzwole|69\/100|[from] drain|[of] p2a: Melmetal\n|faint|p2a: Melmetal\n|-ability|p1a: Buzzwole|Beast Boost|boost\n|-boost|p1a: Buzzwole|atk|1\n|\n|-heal|p1a: Buzzwole|75\/100|[from] item: Leftovers\n|upkeep\n|\n|t:|1603805739\n|switch|p2a: Marowak|Marowak-Alola, F|100\/100\n|-damage|p2a: Marowak|76\/100|[from] Stealth Rock\n|turn|20\n|\n|t:|1603805743\n|move|p2a: Marowak|Flare Blitz|p1a: Buzzwole\n|-supereffective|p1a: Buzzwole\n|-damage|p1a: Buzzwole|21\/100\n|-damage|p2a: Marowak|56\/100|[from] Recoil\n|move|p1a: Buzzwole|Thunder Punch|p2a: Marowak\n|-ability|p2a: Marowak|Lightning Rod|boost\n|-boost|p2a: Marowak|spa|1\n|\n|-heal|p1a: Buzzwole|27\/100|[from] item: Leftovers\n|-fieldend|move: Trick Room\n|upkeep\n|turn|21\n|\n|t:|1603805754\n|switch|p2a: Cresselia|Cresselia, F|88\/100\n|-damage|p2a: Cresselia|76\/100|[from] Stealth Rock\n|move|p1a: Buzzwole|Poison Jab|p2a: Cresselia\n|-damage|p2a: Cresselia|31\/100\n|-status|p2a: Cresselia|psn\n|\n|-heal|p1a: Buzzwole|33\/100|[from] item: Leftovers\n|-damage|p2a: Cresselia|19\/100 psn|[from] psn\n|upkeep\n|turn|22\n|\n|t:|1603805761\n|move|p1a: Buzzwole|Drain Punch|p2a: Cresselia\n|-resisted|p2a: Cresselia\n|-damage|p2a: Cresselia|0 fnt\n|-heal|p1a: Buzzwole|45\/100|[from] drain|[of] p2a: Cresselia\n|faint|p2a: Cresselia\n|-ability|p1a: Buzzwole|Beast Boost|boost\n|-boost|p1a: Buzzwole|atk|1\n|\n|-heal|p1a: Buzzwole|51\/100|[from] item: Leftovers\n|upkeep\n|-message|Darnellred forfeited.\n|\n|win|roboPOKE\n|l|\u2606Darnellred\n","uploadtime":1603805771,"views":53,"p1id":"robopoke","p2id":"darnellred","formatid":"gen8ou","rating":0,"private":0,"password":null}