{"id":"gen8ou-1274022760","p1":"NeoNaruto\u00ae++","p2":"LaxativeCement","format":"gen8ou","log":"|html|<div class=\"broadcast-blue\"><strong>[Gen 8] OU is currently suspecting Spectrier! For information on how to participate check out the <a href=\"https:\/\/www.smogon.com\/forums\/threads\/np-ss-ou-suspect-process-round-9-old-town-road.3676744\/\">suspect thread<\/a>.<\/strong><\/div>\n|j|\u2606NeoNaruto\u00ae++\n|j|\u2606LaxativeCement\n|t:|1612209699\n|player|p1|NeoNaruto\u00ae++|medium|1685\n|player|p2|LaxativeCement|lucas|1646\n|teamsize|p1|6\n|teamsize|p2|6\n|gametype|singles\n|gen|8\n|tier|[Gen 8] OU\n|rated|\n|clearpoke\n|poke|p1|Landorus-Therian, M|\n|poke|p1|Slowbro, M|\n|poke|p1|Tapu Koko|\n|poke|p1|Dragonite, F|\n|poke|p1|Darmanitan, F|\n|poke|p1|Magearna|\n|poke|p2|Garchomp, M|\n|poke|p2|Blaziken, M|\n|poke|p2|Kartana|\n|poke|p2|Dragonite, F|\n|poke|p2|Magnezone|\n|poke|p2|Zapdos|\n|rule|Sleep Clause Mod: Limit one foe put to sleep\n|rule|Species Clause: Limit one of each Pok\u00e9mon\n|rule|OHKO Clause: OHKO moves are banned\n|rule|Evasion Moves Clause: Evasion moves are banned\n|rule|Endless Battle Clause: Forcing endless battles is banned\n|rule|HP Percentage Mod: HP is shown in percentages\n|rule|Dynamax Clause: You cannot dynamax\n|teampreview\n|inactive|Battle timer is ON: inactive players will automatically lose when time's up. (requested by LaxativeCement)\n|inactive|NeoNaruto\u00ae++ also wants the timer to be on.\n|inactive|LaxativeCement has 120 seconds left.\n|\n|t:|1612209733\n|start\n|switch|p1a: Bernie Landers|Landorus-Therian, M|100\/100\n|switch|p2a: Gameshark|Garchomp, M|100\/100\n|-ability|p1a: Bernie Landers|Intimidate|boost\n|-unboost|p2a: Gameshark|atk|1\n|turn|1\n|\n|t:|1612209736\n|move|p2a: Gameshark|Toxic|p1a: Bernie Landers\n|-status|p1a: Bernie Landers|tox\n|move|p1a: Bernie Landers|Stealth Rock|p2a: Gameshark\n|-sidestart|p2: LaxativeCement|move: Stealth Rock\n|\n|-damage|p1a: Bernie Landers|94\/100 tox|[from] psn\n|upkeep\n|turn|2\n|\n|t:|1612209739\n|move|p2a: Gameshark|Stealth Rock|p1a: Bernie Landers\n|-sidestart|p1: NeoNaruto\u00ae++|move: Stealth Rock\n|move|p1a: Bernie Landers|Knock Off|p2a: Gameshark\n|-damage|p2a: Gameshark|76\/100\n|-damage|p1a: Bernie Landers|82\/100 tox|[from] ability: Rough Skin|[of] p2a: Gameshark\n|-damage|p1a: Bernie Landers|66\/100 tox|[from] item: Rocky Helmet|[of] p2a: Gameshark\n|-enditem|p2a: Gameshark|Rocky Helmet|[from] move: Knock Off|[of] p1a: Bernie Landers\n|\n|-damage|p1a: Bernie Landers|54\/100 tox|[from] psn\n|upkeep\n|turn|3\n|\n|t:|1612209743\n|switch|p1a: spvceghvstpvrrp|Slowbro, M, shiny|100\/100\n|-damage|p1a: spvceghvstpvrrp|88\/100|[from] Stealth Rock\n|move|p2a: Gameshark|Roar|p1a: spvceghvstpvrrp\n|drag|p1a: Bernie Landers|Landorus-Therian, M|54\/100 tox\n|-damage|p1a: Bernie Landers|41\/100 tox|[from] Stealth Rock\n|-ability|p1a: Bernie Landers|Intimidate|boost\n|-unboost|p2a: Gameshark|atk|1\n|\n|-damage|p1a: Bernie Landers|35\/100 tox|[from] psn\n|upkeep\n|turn|4\n|\n|t:|1612209751\n|switch|p1a: spvceghvstpvrrp|Slowbro, M, shiny|100\/100\n|-damage|p1a: spvceghvstpvrrp|88\/100|[from] Stealth Rock\n|move|p2a: Gameshark|Roar|p1a: spvceghvstpvrrp\n|drag|p1a: Darmanitan|Darmanitan, F|100\/100\n|\n|upkeep\n|turn|5\n|\n|t:|1612209765\n|move|p2a: Gameshark|Earthquake|p1a: Darmanitan\n|-supereffective|p1a: Darmanitan\n|-damage|p1a: Darmanitan|28\/100\n|move|p1a: Darmanitan|Flare Blitz|p2a: Gameshark\n|-resisted|p2a: Gameshark\n|-damage|p2a: Gameshark|34\/100\n|-damage|p1a: Darmanitan|16\/100|[from] ability: Rough Skin|[of] p2a: Gameshark\n|-damage|p1a: Darmanitan|0 fnt|[from] Recoil\n|faint|p1a: Darmanitan\n|\n|upkeep\n|\n|t:|1612209768\n|switch|p1a: Tapu Koko|Tapu Koko|100\/100\n|-damage|p1a: Tapu Koko|88\/100|[from] Stealth Rock\n|-fieldstart|move: Electric Terrain|[from] ability: Electric Surge|[of] p1a: Tapu Koko\n|turn|6\n|c|\u2606LaxativeCement|boots darm??\n|inactive|LaxativeCement has 120 seconds left.\n|\n|t:|1612209799\n|switch|p2a: IN MY ZONE|Magnezone|100\/100\n|-damage|p2a: IN MY ZONE|94\/100|[from] Stealth Rock\n|move|p1a: Tapu Koko|Dazzling Gleam|p2a: IN MY ZONE\n|-resisted|p2a: IN MY ZONE\n|-damage|p2a: IN MY ZONE|72\/100\n|\n|upkeep\n|turn|7\n|\n|t:|1612209813\n|switch|p1a: Bernie Landers|Landorus-Therian, M|35\/100 tox\n|-damage|p1a: Bernie Landers|23\/100 tox|[from] Stealth Rock\n|-ability|p1a: Bernie Landers|Intimidate|boost\n|-unboost|p2a: IN MY ZONE|atk|1\n|move|p2a: IN MY ZONE|Flash Cannon|p1a: Bernie Landers\n|-damage|p1a: Bernie Landers|0 fnt\n|faint|p1a: Bernie Landers\n|\n|upkeep\n|\n|t:|1612209815\n|switch|p1a: Fat Charizard|Dragonite, F, shiny|100\/100\n|turn|8\n|\n|t:|1612209823\n|move|p1a: Fat Charizard|Earthquake|p2a: IN MY ZONE\n|-supereffective|p2a: IN MY ZONE\n|-damage|p2a: IN MY ZONE|0 fnt\n|faint|p2a: IN MY ZONE\n|\n|upkeep\n|\n|t:|1612209838\n|switch|p2a: Mario Kart|Kartana|100\/100\n|-damage|p2a: Mario Kart|94\/100|[from] Stealth Rock\n|turn|9\n|\n|t:|1612209852\n|switch|p1a: spvceghvstpvrrp|Slowbro, M, shiny|100\/100\n|-damage|p1a: spvceghvstpvrrp|88\/100|[from] Stealth Rock\n|move|p2a: Mario Kart|Knock Off|p1a: spvceghvstpvrrp\n|-supereffective|p1a: spvceghvstpvrrp\n|-damage|p1a: spvceghvstpvrrp|38\/100\n|-damage|p2a: Mario Kart|78\/100|[from] item: Rocky Helmet|[of] p1a: spvceghvstpvrrp\n|-enditem|p1a: spvceghvstpvrrp|Rocky Helmet|[from] move: Knock Off|[of] p2a: Mario Kart\n|\n|upkeep\n|turn|10\n|j| Nuzzload\n|\n|t:|1612209859\n|switch|p2a: Big Bird|Zapdos|100\/100\n|move|p1a: spvceghvstpvrrp|Slack Off|p1a: spvceghvstpvrrp\n|-heal|p1a: spvceghvstpvrrp|88\/100\n|\n|-fieldend|move: Electric Terrain\n|upkeep\n|turn|11\n|\n|t:|1612209865\n|move|p2a: Big Bird|Volt Switch|p1a: spvceghvstpvrrp\n|-supereffective|p1a: spvceghvstpvrrp\n|-damage|p1a: spvceghvstpvrrp|22\/100\n|\n|t:|1612209867\n|switch|p2a: Gameshark|Garchomp, M|34\/100|[from]move: Volt Switch\n|-damage|p2a: Gameshark|28\/100|[from] Stealth Rock\n|move|p1a: spvceghvstpvrrp|Teleport|p1a: spvceghvstpvrrp\n|\n|t:|1612209870\n|switch|p1a: Tapu Koko|Tapu Koko|88\/100|[from]move: Teleport\n|-damage|p1a: Tapu Koko|76\/100|[from] Stealth Rock\n|-fieldstart|move: Electric Terrain|[from] ability: Electric Surge|[of] p1a: Tapu Koko\n|\n|upkeep\n|turn|12\n|\n|t:|1612209879\n|move|p1a: Tapu Koko|Dazzling Gleam|p2a: Gameshark\n|-supereffective|p2a: Gameshark\n|-damage|p2a: Gameshark|0 fnt\n|faint|p2a: Gameshark\n|\n|upkeep\n|\n|t:|1612209885\n|switch|p2a: Mario Kart|Kartana|78\/100\n|-damage|p2a: Mario Kart|72\/100|[from] Stealth Rock\n|turn|13\n|\n|t:|1612209896\n|switch|p1a: VODECi|Magearna|100\/100\n|-damage|p1a: VODECi|94\/100|[from] Stealth Rock\n|move|p2a: Mario Kart|Smart Strike|p1a: VODECi\n|-damage|p1a: VODECi|53\/100\n|\n|upkeep\n|turn|14\n|\n|t:|1612209908\n|switch|p2a: Big Bird|Zapdos|100\/100\n|move|p1a: VODECi|Focus Blast|p2a: Big Bird|[miss]\n|-miss|p1a: VODECi|p2a: Big Bird\n|\n|upkeep\n|turn|15\n|\n|t:|1612209914\n|move|p2a: Big Bird|Heat Wave|p1a: VODECi\n|-supereffective|p1a: VODECi\n|-damage|p1a: VODECi|31\/100\n|move|p1a: VODECi|Ice Beam|p2a: Big Bird\n|-supereffective|p2a: Big Bird\n|-damage|p2a: Big Bird|49\/100\n|\n|-fieldend|move: Electric Terrain\n|upkeep\n|turn|16\n|\n|t:|1612209920\n|move|p2a: Big Bird|Roost|p2a: Big Bird\n|-heal|p2a: Big Bird|99\/100\n|-singleturn|p2a: Big Bird|move: Roost\n|move|p1a: VODECi|Ice Beam|p2a: Big Bird\n|-damage|p2a: Big Bird|75\/100\n|\n|upkeep\n|turn|17\n|\n|t:|1612209923\n|move|p2a: Big Bird|Heat Wave|p1a: VODECi\n|-supereffective|p1a: VODECi\n|-damage|p1a: VODECi|7\/100\n|move|p1a: VODECi|Volt Switch|p2a: Big Bird\n|-damage|p2a: Big Bird|54\/100\n|\n|t:|1612209926\n|switch|p1a: Tapu Koko|Tapu Koko|76\/100|[from]move: Volt Switch\n|-damage|p1a: Tapu Koko|63\/100|[from] Stealth Rock\n|-fieldstart|move: Electric Terrain|[from] ability: Electric Surge|[of] p1a: Tapu Koko\n|\n|upkeep\n|turn|18\n|\n|t:|1612209932\n|move|p1a: Tapu Koko|Thunderbolt|p2a: Big Bird\n|-damage|p2a: Big Bird|0 fnt\n|faint|p2a: Big Bird\n|\n|upkeep\n|\n|t:|1612209946\n|switch|p2a: Mario Kart|Kartana|72\/100\n|-damage|p2a: Mario Kart|65\/100|[from] Stealth Rock\n|turn|19\n|l| Nuzzload\n|\n|t:|1612209951\n|switch|p1a: VODECi|Magearna|7\/100\n|-damage|p1a: VODECi|1\/100|[from] Stealth Rock\n|move|p2a: Mario Kart|Leaf Blade|p1a: VODECi\n|-resisted|p1a: VODECi\n|-damage|p1a: VODECi|0 fnt\n|faint|p1a: VODECi\n|-ability|p2a: Mario Kart|Beast Boost|boost\n|-boost|p2a: Mario Kart|atk|1\n|\n|upkeep\n|\n|t:|1612209953\n|switch|p1a: Fat Charizard|Dragonite, F, shiny|100\/100\n|turn|20\n|\n|t:|1612209955\n|switch|p2a: Dragginballz|Dragonite, F|100\/100\n|move|p1a: Fat Charizard|Dragon Dance|p1a: Fat Charizard\n|-boost|p1a: Fat Charizard|atk|1\n|-boost|p1a: Fat Charizard|spe|1\n|\n|upkeep\n|turn|21\n|\n|t:|1612209959\n|move|p1a: Fat Charizard|Dual Wingbeat|p2a: Dragginballz\n|-damage|p2a: Dragginballz|82\/100\n|-damage|p2a: Dragginballz|40\/100\n|-hitcount|p2a: Dragginballz|2\n|move|p2a: Dragginballz|Dragon Claw|p1a: Fat Charizard\n|-supereffective|p1a: Fat Charizard\n|-damage|p1a: Fat Charizard|54\/100\n|\n|-fieldend|move: Electric Terrain\n|upkeep\n|turn|22\n|\n|t:|1612209968\n|move|p2a: Dragginballz|Extreme Speed|p1a: Fat Charizard\n|-damage|p1a: Fat Charizard|24\/100\n|move|p1a: Fat Charizard|Dual Wingbeat|p2a: Dragginballz\n|-damage|p2a: Dragginballz|3\/100\n|-damage|p2a: Dragginballz|0 fnt\n|-hitcount|p2a: Dragginballz|2\n|faint|p2a: Dragginballz\n|\n|upkeep\n|\n|t:|1612209971\n|switch|p2a: Mario Kart|Kartana|65\/100\n|-damage|p2a: Mario Kart|59\/100|[from] Stealth Rock\n|turn|23\n|\n|t:|1612209976\n|move|p2a: Mario Kart|Smart Strike|p1a: Fat Charizard\n|-damage|p1a: Fat Charizard|0 fnt\n|faint|p1a: Fat Charizard\n|-ability|p2a: Mario Kart|Beast Boost|boost\n|-boost|p2a: Mario Kart|atk|1\n|\n|upkeep\n|\n|t:|1612209978\n|switch|p1a: Tapu Koko|Tapu Koko|63\/100\n|-damage|p1a: Tapu Koko|51\/100|[from] Stealth Rock\n|-fieldstart|move: Electric Terrain|[from] ability: Electric Surge|[of] p1a: Tapu Koko\n|turn|24\n|\n|t:|1612209995\n|move|p2a: Mario Kart|Smart Strike|p1a: Tapu Koko\n|-damage|p1a: Tapu Koko|0 fnt\n|faint|p1a: Tapu Koko\n|-ability|p2a: Mario Kart|Beast Boost|boost\n|-boost|p2a: Mario Kart|atk|1\n|\n|upkeep\n|-message|NeoNaruto\u00ae++ forfeited.\n|\n|win|LaxativeCement\n|l|\u2606NeoNaruto\u00ae++\n","uploadtime":1612210028,"views":39,"p1id":"neonaruto","p2id":"laxativecement","formatid":"gen8ou","rating":0,"private":0,"password":null}