{"id":"gen8ou-1179604747","p1":"LT74PF Zen","p2":"isheavydead","format":"gen8ou","log":"|j|\u2606LT74PF Zen\n|j|\u2606isheavydead\n|inactive|Battle timer is ON: inactive players will automatically lose when time's up.\n|t:|1599007616\n|player|p1|LT74PF Zen|skierf|\n|player|p2|isheavydead|medium|\n|teamsize|p1|6\n|teamsize|p2|6\n|gametype|singles\n|gen|8\n|tier|[Gen 8] OU\n|rated|Tournament battle\n|clearpoke\n|poke|p1|Excadrill, M|\n|poke|p1|Magnezone|\n|poke|p1|Skarmory, F|\n|poke|p1|Tyranitar, M|\n|poke|p1|Amoonguss, M|\n|poke|p1|Clefable, M|\n|poke|p2|Haxorus, M|\n|poke|p2|Volcarona, M|\n|poke|p2|Ninetales-Alola, F|\n|poke|p2|Excadrill, F|\n|poke|p2|Urshifu-*, F|\n|poke|p2|Azumarill, M|\n|rule|Sleep Clause Mod: Limit one foe put to sleep\n|rule|Species Clause: Limit one of each Pok\u00e9mon\n|rule|OHKO Clause: OHKO moves are banned\n|rule|Evasion Moves Clause: Evasion moves are banned\n|rule|Endless Battle Clause: Forcing endless battles is banned\n|rule|HP Percentage Mod: HP is shown in percentages\n|rule|Dynamax Clause: You cannot dynamax\n|teampreview\n|inactive|LT74PF Zen also wants the timer to be on.\n|j| The_Gunstar_Black\n|j| LVloneSupreme\n|c|\u2606isheavydead|HF\n|j| exploding toxapex\n|c|\u2606LT74PF Zen|o\n|j| Sniiivyyyy\u2764\u2764\u2764\n|j| MynameisYoshikageK\n|j| Ayante\n|c|\u2606isheavydead|im fucked\n|c|\u2606LT74PF Zen|hf\n|j| TacoTempest\n|j| TechnoGenji\n|l| Ayante\n|l|\u2606isheavydead\n|inactive|isheavydead disconnected and has a minute to reconnect!\n|player|p2|\n|c|\u2606LT74PF Zen|i thought u were gonna bring something vs the trick room\n|inactive|LT74PF Zen has 120 seconds left.\n|\n|t:|1599007647\n|start\n|switch|p1a: Excadrill|Excadrill, M|100\/100\n|switch|p2a: Excadrill|Excadrill, F, shiny|100\/100\n|-ability|p2a: Excadrill|Mold Breaker\n|turn|1\n|j|\u2606isheavydead\n|inactive|isheavydead reconnected and has 140 seconds left.\n|player|p2|isheavydead|medium\n|\n|t:|1599007660\n|switch|p1a: Skarmory|Skarmory, F|100\/100\n|move|p2a: Excadrill|Earthquake|p1a: Skarmory\n|-immune|p1a: Skarmory\n|\n|upkeep\n|turn|2\n|j| Holy peperoni\n|\n|t:|1599007663\n|move|p2a: Excadrill|Stealth Rock|p1a: Skarmory\n|-sidestart|p1: LT74PF Zen|move: Stealth Rock\n|move|p1a: Skarmory|Body Press|p2a: Excadrill\n|-supereffective|p2a: Excadrill\n|-damage|p2a: Excadrill|1\/100\n|\n|upkeep\n|turn|3\n|j| Zombini62\n|c|\u2606isheavydead|I was!\n|c|\u2606isheavydead|and then\n|c| exploding toxapex|wow\n|c|\u2606isheavydead|im screwed now\n|\n|t:|1599007676\n|move|p2a: Excadrill|Steel Beam|p1a: Skarmory\n|-resisted|p1a: Skarmory\n|-damage|p1a: Skarmory|83\/100\n|-damage|p2a: Excadrill|0 fnt|[from] mindblown\n|faint|p2a: Excadrill\n|move|p1a: Skarmory|Spikes|p2: Excadrill\n|-sidestart|p2: isheavydead|Spikes\n|\n|upkeep\n|\n|t:|1599007678\n|switch|p2a: Volcarona|Volcarona, M|100\/100\n|turn|4\n|\n|t:|1599007684\n|switch|p2a: Haxorus|Haxorus, M, shiny|100\/100\n|-damage|p2a: Haxorus|88\/100|[from] Spikes\n|-ability|p2a: Haxorus|Mold Breaker\n|switch|p1a: Tyranitar|Tyranitar, M|100\/100\n|-damage|p1a: Tyranitar|88\/100|[from] Stealth Rock\n|-weather|Sandstorm|[from] ability: Sand Stream|[of] p1a: Tyranitar\n|\n|-weather|Sandstorm|[upkeep]\n|-damage|p2a: Haxorus|82\/100|[from] Sandstorm\n|-heal|p1a: Tyranitar|94\/100|[from] item: Leftovers\n|upkeep\n|turn|5\n|j| Hell's Incarnate\n|\n|t:|1599007688\n|switch|p1a: Skarmory|Skarmory, F|83\/100\n|-damage|p1a: Skarmory|71\/100|[from] Stealth Rock\n|move|p2a: Haxorus|Swords Dance|p2a: Haxorus\n|-boost|p2a: Haxorus|atk|2\n|\n|-weather|Sandstorm|[upkeep]\n|-damage|p2a: Haxorus|76\/100|[from] Sandstorm\n|upkeep\n|turn|6\n|\n|t:|1599007690\n|move|p2a: Haxorus|Close Combat|p1a: Skarmory\n|-damage|p1a: Skarmory|20\/100\n|-unboost|p2a: Haxorus|def|1\n|-unboost|p2a: Haxorus|spd|1\n|-damage|p2a: Haxorus|60\/100|[from] item: Rocky Helmet|[of] p1a: Skarmory\n|move|p1a: Skarmory|Whirlwind|p2a: Haxorus\n|drag|p2a: Azumarill|Azumarill, M|100\/100\n|-damage|p2a: Azumarill|88\/100|[from] Spikes\n|\n|-weather|Sandstorm|[upkeep]\n|-damage|p2a: Azumarill|82\/100|[from] Sandstorm\n|upkeep\n|turn|7\n|\n|t:|1599007702\n|move|p2a: Azumarill|Knock Off|p1a: Skarmory\n|-damage|p1a: Skarmory|0 fnt\n|-damage|p2a: Azumarill|66\/100|[from] item: Rocky Helmet|[of] p1a: Skarmory\n|-enditem|p1a: Skarmory|Rocky Helmet|[from] move: Knock Off|[of] p2a: Azumarill\n|faint|p1a: Skarmory\n|\n|-weather|Sandstorm|[upkeep]\n|-damage|p2a: Azumarill|60\/100|[from] Sandstorm\n|upkeep\n|\n|t:|1599007704\n|switch|p1a: Amoonguss|Amoonguss, M, shiny|100\/100\n|-damage|p1a: Amoonguss|88\/100|[from] Stealth Rock\n|turn|8\n|\n|t:|1599007708\n|switch|p2a: Ninetales|Ninetales-Alola, F, shiny|100\/100\n|-damage|p2a: Ninetales|88\/100|[from] Spikes\n|-weather|Hail|[from] ability: Snow Warning|[of] p2a: Ninetales\n|move|p1a: Amoonguss|Spore|p2a: Ninetales\n|-status|p2a: Ninetales|slp|[from] move: Spore\n|\n|-weather|Hail|[upkeep]\n|-damage|p1a: Amoonguss|82\/100|[from] Hail\n|-heal|p1a: Amoonguss|88\/100|[from] item: Black Sludge\n|upkeep\n|turn|9\n|\n|t:|1599007712\n|switch|p2a: Volcarona|Volcarona, M|100\/100\n|switch|p1a: Tyranitar|Tyranitar, M|94\/100\n|-damage|p1a: Tyranitar|82\/100|[from] Stealth Rock\n|-weather|Sandstorm|[from] ability: Sand Stream|[of] p1a: Tyranitar\n|\n|-weather|Sandstorm|[upkeep]\n|-damage|p2a: Volcarona|94\/100|[from] Sandstorm\n|-heal|p1a: Tyranitar|88\/100|[from] item: Leftovers\n|upkeep\n|turn|10\n|l| Hell's Incarnate\n|\n|t:|1599007715\n|switch|p2a: Urshifu|Urshifu, F|100\/100\n|-damage|p2a: Urshifu|88\/100|[from] Spikes\n|move|p1a: Tyranitar|Stealth Rock|p2a: Urshifu\n|-sidestart|p2: isheavydead|move: Stealth Rock\n|\n|-weather|Sandstorm|[upkeep]\n|-damage|p2a: Urshifu|82\/100|[from] Sandstorm\n|-heal|p1a: Tyranitar|94\/100|[from] item: Leftovers\n|upkeep\n|turn|11\n|\n|t:|1599007720\n|switch|p2a: Volcarona|Volcarona, M|94\/100\n|switch|p1a: Clefable|Clefable, M, shiny|100\/100\n|\n|-weather|Sandstorm|[upkeep]\n|-damage|p2a: Volcarona|88\/100|[from] Sandstorm\n|upkeep\n|turn|12\n|\n|t:|1599007722\n|switch|p2a: Haxorus|Haxorus, M, shiny|60\/100\n|-damage|p2a: Haxorus|47\/100|[from] Stealth Rock\n|-damage|p2a: Haxorus|35\/100|[from] Spikes\n|-ability|p2a: Haxorus|Mold Breaker\n|move|p1a: Clefable|Trick|p2a: Haxorus\n|-activate|p1a: Clefable|move: Trick|[of] p2a: Haxorus\n|-item|p2a: Haxorus|Sticky Barb|[from] move: Trick\n|-item|p1a: Clefable|Lum Berry|[from] move: Trick\n|\n|-weather|Sandstorm|[upkeep]\n|-damage|p2a: Haxorus|29\/100|[from] Sandstorm\n|-damage|p2a: Haxorus|17\/100|[from] item: Sticky Barb\n|upkeep\n|turn|13\n|c| exploding toxapex|s t e e l b e a m e x c a d r i l l n e w m e t a\n|l| LVloneSupreme\n|j|%Skypenguin@!\n|c|\u2606isheavydead|IM FUCKED\n|c|\u2606isheavydead|wdym\n|\n|t:|1599007735\n|switch|p1a: Amoonguss|Amoonguss, M, shiny|100\/100\n|-damage|p1a: Amoonguss|88\/100|[from] Stealth Rock\n|move|p2a: Haxorus|Poison Jab|p1a: Amoonguss\n|-damage|p1a: Amoonguss|65\/100\n|\n|-weather|none\n|-heal|p1a: Amoonguss|71\/100|[from] item: Black Sludge\n|-damage|p2a: Haxorus|4\/100|[from] item: Sticky Barb\n|upkeep\n|turn|14\n|c|\u2606isheavydead|steel beam is regular meta\n|\n|t:|1599007741\n|move|p2a: Haxorus|Swords Dance|p2a: Haxorus\n|-boost|p2a: Haxorus|atk|2\n|move|p1a: Amoonguss|Giga Drain|p2a: Haxorus\n|-resisted|p2a: Haxorus\n|-damage|p2a: Haxorus|0 fnt\n|-heal|p1a: Amoonguss|72\/100|[from] drain|[of] p2a: Haxorus\n|faint|p2a: Haxorus\n|\n|-heal|p1a: Amoonguss|78\/100|[from] item: Black Sludge\n|upkeep\n|\n|t:|1599007746\n|switch|p2a: Volcarona|Volcarona, M|88\/100\n|turn|15\n|c|\u2606LT74PF Zen|steel beam is common\n|\n|t:|1599007749\n|switch|p1a: Tyranitar|Tyranitar, M|94\/100\n|-damage|p1a: Tyranitar|82\/100|[from] Stealth Rock\n|-weather|Sandstorm|[from] ability: Sand Stream|[of] p1a: Tyranitar\n|move|p2a: Volcarona|Bug Buzz|p1a: Tyranitar\n|-supereffective|p1a: Tyranitar\n|-damage|p1a: Tyranitar|49\/100\n|\n|-weather|Sandstorm|[upkeep]\n|-damage|p2a: Volcarona|82\/100|[from] Sandstorm\n|-heal|p1a: Tyranitar|55\/100|[from] item: Leftovers\n|upkeep\n|turn|16\n|\n|t:|1599007756\n|switch|p2a: Urshifu|Urshifu, F|82\/100\n|-damage|p2a: Urshifu|76\/100|[from] Stealth Rock\n|-damage|p2a: Urshifu|64\/100|[from] Spikes\n|move|p1a: Tyranitar|Rock Blast|p2a: Urshifu\n|-resisted|p2a: Urshifu\n|-damage|p2a: Urshifu|58\/100\n|-resisted|p2a: Urshifu\n|-damage|p2a: Urshifu|53\/100\n|-hitcount|p2a: Urshifu|2\n|\n|-weather|Sandstorm|[upkeep]\n|-damage|p2a: Urshifu|47\/100|[from] Sandstorm\n|-heal|p1a: Tyranitar|62\/100|[from] item: Leftovers\n|upkeep\n|turn|17\n|\n|t:|1599007762\n|switch|p2a: Azumarill|Azumarill, M|60\/100\n|-damage|p2a: Azumarill|47\/100|[from] Spikes\n|-damage|p2a: Azumarill|35\/100|[from] Stealth Rock\n|-enditem|p2a: Azumarill|Sitrus Berry|[eat]\n|-heal|p2a: Azumarill|60\/100|[from] item: Sitrus Berry\n|switch|p1a: Amoonguss|Amoonguss, M, shiny|100\/100\n|-damage|p1a: Amoonguss|88\/100|[from] Stealth Rock\n|\n|-weather|Sandstorm|[upkeep]\n|-damage|p2a: Azumarill|54\/100|[from] Sandstorm\n|-damage|p1a: Amoonguss|82\/100|[from] Sandstorm\n|-heal|p1a: Amoonguss|88\/100|[from] item: Black Sludge\n|upkeep\n|turn|18\n|\n|t:|1599007767\n|move|p2a: Azumarill|Knock Off|p1a: Amoonguss\n|-damage|p1a: Amoonguss|55\/100\n|-enditem|p1a: Amoonguss|Black Sludge|[from] move: Knock Off|[of] p2a: Azumarill\n|move|p1a: Amoonguss|Sludge Bomb|p2a: Azumarill\n|-supereffective|p2a: Azumarill\n|-damage|p2a: Azumarill|0 fnt\n|faint|p2a: Azumarill\n|\n|-weather|Sandstorm|[upkeep]\n|-damage|p1a: Amoonguss|49\/100|[from] Sandstorm\n|upkeep\n|\n|t:|1599007769\n|switch|p2a: Volcarona|Volcarona, M|82\/100\n|turn|19\n|\n|t:|1599007775\n|switch|p1a: Excadrill|Excadrill, M|100\/100\n|-damage|p1a: Excadrill|97\/100|[from] Stealth Rock\n|move|p2a: Volcarona|Fiery Dance|p1a: Excadrill\n|-supereffective|p1a: Excadrill\n|-damage|p1a: Excadrill|0 fnt\n|-boost|p2a: Volcarona|spa|1\n|faint|p1a: Excadrill\n|\n|-weather|none\n|upkeep\n|c|\u2606LT74PF Zen|oof\n|c|\u2606isheavydead|yo wait what\n|c| exploding toxapex|but 50 sp. atk\n|\n|t:|1599007784\n|switch|p1a: Tyranitar|Tyranitar, M|62\/100\n|-damage|p1a: Tyranitar|49\/100|[from] Stealth Rock\n|-weather|Sandstorm|[from] ability: Sand Stream|[of] p1a: Tyranitar\n|turn|20\n|c|\u2606isheavydead|steel beam prevents them from defoging\n|c|\u2606isheavydead|kid\n|\n|t:|1599007794\n|switch|p2a: Urshifu|Urshifu, F|47\/100\n|-damage|p2a: Urshifu|40\/100|[from] Stealth Rock\n|-damage|p2a: Urshifu|28\/100|[from] Spikes\n|move|p1a: Tyranitar|Rock Blast|p2a: Urshifu\n|-resisted|p2a: Urshifu\n|-damage|p2a: Urshifu|22\/100\n|-resisted|p2a: Urshifu\n|-damage|p2a: Urshifu|17\/100\n|-resisted|p2a: Urshifu\n|-damage|p2a: Urshifu|11\/100\n|-hitcount|p2a: Urshifu|3\n|\n|-weather|Sandstorm|[upkeep]\n|-damage|p2a: Urshifu|5\/100|[from] Sandstorm\n|-heal|p1a: Tyranitar|55\/100|[from] item: Leftovers\n|upkeep\n|turn|21\n|c| TacoTempest|dam i didnt know ur suppost to switch out this much\n|\n|t:|1599007799\n|switch|p1a: Amoonguss|Amoonguss, M, shiny|82\/100\n|-damage|p1a: Amoonguss|70\/100|[from] Stealth Rock\n|move|p2a: Urshifu|Drain Punch|p1a: Amoonguss\n|-resisted|p1a: Amoonguss\n|-damage|p1a: Amoonguss|54\/100\n|-heal|p2a: Urshifu|15\/100|[from] drain|[of] p1a: Amoonguss\n|\n|-weather|Sandstorm|[upkeep]\n|-damage|p2a: Urshifu|9\/100|[from] Sandstorm\n|-damage|p1a: Amoonguss|48\/100|[from] Sandstorm\n|upkeep\n|turn|22\n|\n|t:|1599007801\n|move|p2a: Urshifu|Wicked Blow|p1a: Amoonguss\n|-crit|p1a: Amoonguss\n|-damage|p1a: Amoonguss|0 fnt\n|faint|p1a: Amoonguss\n|\n|-weather|Sandstorm|[upkeep]\n|-damage|p2a: Urshifu|3\/100|[from] Sandstorm\n|upkeep\n|\n|t:|1599007806\n|switch|p1a: Clefable|Clefable, M, shiny|100\/100\n|turn|23\n|\n|t:|1599007811\n|move|p2a: Urshifu|Wicked Blow|p1a: Clefable\n|-resisted|p1a: Clefable\n|-crit|p1a: Clefable\n|-damage|p1a: Clefable|72\/100\n|move|p1a: Clefable|Moonblast|p2a: Urshifu\n|-supereffective|p2a: Urshifu\n|-damage|p2a: Urshifu|0 fnt\n|faint|p2a: Urshifu\n|\n|-weather|Sandstorm|[upkeep]\n|upkeep\n|\n|t:|1599007813\n|switch|p2a: Volcarona|Volcarona, M|82\/100\n|turn|24\n|c|\u2606LT74PF Zen|ok i threw\n|c|\u2606isheavydead|if i get this boost\n|inactive|LT74PF Zen has 120 seconds left.\n|c|\u2606LT74PF Zen|bug buzz did too much\n|\n|t:|1599007862\n|switch|p1a: Tyranitar|Tyranitar, M|55\/100\n|-damage|p1a: Tyranitar|43\/100|[from] Stealth Rock\n|move|p2a: Volcarona|Quiver Dance|p2a: Volcarona\n|-boost|p2a: Volcarona|spa|1\n|-boost|p2a: Volcarona|spd|1\n|-boost|p2a: Volcarona|spe|1\n|\n|-weather|none\n|-heal|p1a: Tyranitar|49\/100|[from] item: Leftovers\n|upkeep\n|turn|25\n|\n|t:|1599007864\n|move|p2a: Volcarona|Bug Buzz|p1a: Tyranitar\n|-supereffective|p1a: Tyranitar\n|-damage|p1a: Tyranitar|0 fnt\n|faint|p1a: Tyranitar\n|\n|upkeep\n|c|\u2606LT74PF Zen|ok\n|l| exploding toxapex\n|c|\u2606isheavydead|rip\n|c|\u2606LT74PF Zen|i forgot sand went down\n|c|\u2606LT74PF Zen|so thats a double L\n|c|\u2606LT74PF Zen|gg\n|c|\u2606isheavydead|gg\n|c|\u2606LT74PF Zen|i choked with exca lmao\n|c|\u2606LT74PF Zen|it had rock slide and everything\n|c|\u2606isheavydead|yea\n|-message|LT74PF Zen forfeited.\n|\n|win|isheavydead\n","uploadtime":1599007885,"views":91,"p1id":"lt74pfzen","p2id":"isheavydead","formatid":"gen8ou","rating":0,"private":0,"password":null}