{"id":"gen8ou-1179753033","p1":"relic stone","p2":"LT74PF gggiq280","format":"gen8ou","log":"|raw|<div class=\"broadcast-blue\"><strong>This battle is required to be public due to a player having a name starting with 'LT74PF'.<\/div>\n|j|\u2606relic stone\n|j|\u2606LT74PF gggiq280\n|t:|1599032456\n|player|p1|relic stone|lusamine-nihilego|1862\n|player|p2|LT74PF gggiq280|birdkeeper|1725\n|teamsize|p1|6\n|teamsize|p2|6\n|gametype|singles\n|gen|8\n|tier|[Gen 8] OU\n|rated|\n|clearpoke\n|poke|p1|Tangrowth, M|\n|poke|p1|Urshifu-*, M|\n|poke|p1|Aegislash, M|\n|poke|p1|Rotom-Heat|\n|poke|p1|Azumarill, M|\n|poke|p1|Rhyperior, M|\n|poke|p2|Ditto|\n|poke|p2|Hatterene, F|\n|poke|p2|Toxapex, M|\n|poke|p2|Blissey, F|\n|poke|p2|Corviknight, M|\n|poke|p2|Amoonguss, M|\n|rule|Sleep Clause Mod: Limit one foe put to sleep\n|rule|Species Clause: Limit one of each Pok\u00e9mon\n|rule|OHKO Clause: OHKO moves are banned\n|rule|Evasion Moves Clause: Evasion moves are banned\n|rule|Endless Battle Clause: Forcing endless battles is banned\n|rule|HP Percentage Mod: HP is shown in percentages\n|rule|Dynamax Clause: You cannot dynamax\n|teampreview\n|c|\u2606relic stone|hf\n|c|\u2606LT74PF gggiq280|u2\n|j| lt74pf byron\n|j| lt74pf 999\n|\n|t:|1599032468\n|start\n|switch|p1a: Achilles|Aegislash, M|100\/100\n|switch|p2a: Toxapex|Toxapex, M|100\/100\n|turn|1\n|j| serena4ever\n|\n|t:|1599032473\n|switch|p1a: Ramen|Tangrowth, M|100\/100\n|move|p2a: Toxapex|Knock Off|p1a: Ramen\n|-damage|p1a: Ramen|93\/100\n|-damage|p2a: Toxapex|84\/100|[from] item: Rocky Helmet|[of] p1a: Ramen\n|-enditem|p1a: Ramen|Rocky Helmet|[from] move: Knock Off|[of] p2a: Toxapex\n|\n|upkeep\n|turn|2\n|j| Truedrew (\u203d)\n|l| lt74pf byron\n|j| LT73IU YAKO\n|c| lt74pf 999|go sz!\n|j| HelpinghansVIB\n|\n|t:|1599032486\n|switch|p2a: Amoonguss|Amoonguss, M|100\/100\n|move|p1a: Ramen|Sleep Powder|p2a: Amoonguss\n|-immune|p2a: Amoonguss\n|\n|upkeep\n|turn|3\n|\n|t:|1599032502\n|move|p1a: Ramen|Knock Off|p2a: Amoonguss\n|-damage|p2a: Amoonguss|85\/100\n|-damage|p1a: Ramen|76\/100|[from] item: Rocky Helmet|[of] p2a: Amoonguss\n|-enditem|p2a: Amoonguss|Rocky Helmet|[from] move: Knock Off|[of] p1a: Ramen\n|move|p2a: Amoonguss|Sludge Bomb|p1a: Ramen\n|-supereffective|p1a: Ramen\n|-damage|p1a: Ramen|0 fnt\n|faint|p1a: Ramen\n|\n|upkeep\n|\n|t:|1599032511\n|switch|p1a: Phantom|Rotom-Heat, shiny|100\/100\n|turn|4\n|\n|t:|1599032517\n|switch|p2a: Toxapex|Toxapex, M|100\/100\n|move|p1a: Phantom|Volt Switch|p2a: Toxapex\n|-supereffective|p2a: Toxapex\n|-damage|p2a: Toxapex|57\/100\n|\n|t:|1599032520\n|switch|p1a: Mortar|Rhyperior, M|100\/100|[from]move: Volt Switch\n|\n|upkeep\n|turn|5\n|\n|t:|1599032524\n|switch|p2a: Corviknight|Corviknight, M|100\/100\n|-ability|p2a: Corviknight|Pressure\n|move|p1a: Mortar|Earthquake|p2a: Corviknight\n|-immune|p2a: Corviknight\n|\n|upkeep\n|turn|6\n|\n|t:|1599032533\n|move|p1a: Mortar|Stealth Rock|p2a: Corviknight\n|-sidestart|p2: LT74PF gggiq280|move: Stealth Rock\n|move|p2a: Corviknight|Iron Head|p1a: Mortar\n|-supereffective|p1a: Mortar\n|-damage|p1a: Mortar|75\/100\n|\n|-heal|p1a: Mortar|81\/100|[from] item: Leftovers\n|upkeep\n|turn|7\n|\n|t:|1599032538\n|move|p1a: Mortar|Heat Crash|p2a: Corviknight\n|-supereffective|p2a: Corviknight\n|-damage|p2a: Corviknight|56\/100\n|move|p2a: Corviknight|Defog|p1a: Mortar\n|-unboost|p1a: Mortar|evasion|1\n|-sideend|p2: LT74PF gggiq280|Stealth Rock|[from] move: Defog|[of] p2a: Corviknight\n|\n|-heal|p1a: Mortar|88\/100|[from] item: Leftovers\n|-heal|p2a: Corviknight|62\/100|[from] item: Leftovers\n|upkeep\n|turn|8\n|j| LT74PF piyush21\n|\n|t:|1599032551\n|move|p1a: Mortar|Heat Crash|p2a: Corviknight\n|-supereffective|p2a: Corviknight\n|-damage|p2a: Corviknight|12\/100\n|move|p2a: Corviknight|Roost|p2a: Corviknight\n|-heal|p2a: Corviknight|62\/100\n|-singleturn|p2a: Corviknight|move: Roost\n|\n|-heal|p1a: Mortar|94\/100|[from] item: Leftovers\n|-heal|p2a: Corviknight|68\/100|[from] item: Leftovers\n|upkeep\n|turn|9\n|\n|t:|1599032559\n|move|p1a: Mortar|Swords Dance|p1a: Mortar\n|-boost|p1a: Mortar|atk|2\n|move|p2a: Corviknight|Roost|p2a: Corviknight\n|-heal|p2a: Corviknight|100\/100\n|-singleturn|p2a: Corviknight|move: Roost\n|\n|-heal|p1a: Mortar|99\/100|[from] item: Leftovers\n|upkeep\n|turn|10\n|\n|t:|1599032566\n|switch|p2a: Toxapex|Toxapex, M|90\/100\n|move|p1a: Mortar|Heat Crash|p2a: Toxapex\n|-resisted|p2a: Toxapex\n|-damage|p2a: Toxapex|63\/100\n|-damage|p1a: Mortar|83\/100|[from] item: Rocky Helmet|[of] p2a: Toxapex\n|\n|-heal|p1a: Mortar|89\/100|[from] item: Leftovers\n|upkeep\n|turn|11\n|\n|t:|1599032572\n|switch|p2a: Corviknight|Corviknight, M|100\/100\n|-ability|p2a: Corviknight|Pressure\n|move|p1a: Mortar|Earthquake|p2a: Corviknight\n|-immune|p2a: Corviknight\n|\n|-heal|p1a: Mortar|96\/100|[from] item: Leftovers\n|upkeep\n|turn|12\n|\n|t:|1599032575\n|switch|p2a: Ditto|Ditto|100\/100\n|-transform|p2a: Ditto|p1a: Mortar|[from] ability: Imposter\n|move|p1a: Mortar|Stealth Rock|p2a: Ditto\n|-sidestart|p2: LT74PF gggiq280|move: Stealth Rock\n|\n|-heal|p1a: Mortar|100\/100|[from] item: Leftovers\n|upkeep\n|turn|13\n|\n|t:|1599032586\n|switch|p1a: Phantom|Rotom-Heat, shiny|100\/100\n|move|p2a: Ditto|Earthquake|p1a: Phantom\n|-immune|p1a: Phantom|[from] ability: Levitate\n|\n|upkeep\n|turn|14\n|\n|t:|1599032591\n|switch|p2a: Blissey|Blissey, F|100\/100\n|move|p1a: Phantom|Volt Switch|p2a: Blissey\n|-damage|p2a: Blissey|91\/100\n|\n|t:|1599032607\n|switch|p1a: Silhouette|Urshifu, M|100\/100|[from]move: Volt Switch\n|\n|upkeep\n|turn|15\n|\n|t:|1599032613\n|move|p1a: Silhouette|Bulk Up|p1a: Silhouette\n|-boost|p1a: Silhouette|atk|1\n|-boost|p1a: Silhouette|def|1\n|move|p2a: Blissey|Thunder Wave|p1a: Silhouette\n|-status|p1a: Silhouette|par\n|\n|upkeep\n|turn|16\n|j| yiyue\n|j| HOF69\n|\n|t:|1599032622\n|switch|p2a: Corviknight|Corviknight, M|100\/100\n|-damage|p2a: Corviknight|88\/100|[from] Stealth Rock\n|-ability|p2a: Corviknight|Pressure\n|cant|p1a: Silhouette|par\n|\n|-heal|p2a: Corviknight|94\/100|[from] item: Leftovers\n|upkeep\n|turn|17\n|c| lt74pf 999|where's ur kyutaro\n|\n|t:|1599032625\n|move|p2a: Corviknight|Defog|p1a: Silhouette\n|-unboost|p1a: Silhouette|evasion|1\n|-sideend|p2: LT74PF gggiq280|Stealth Rock|[from] move: Defog|[of] p2a: Corviknight\n|cant|p1a: Silhouette|par\n|\n|-heal|p2a: Corviknight|100\/100|[from] item: Leftovers\n|upkeep\n|turn|18\n|\n|t:|1599032628\n|move|p2a: Corviknight|Body Press|p1a: Silhouette\n|-supereffective|p1a: Silhouette\n|-damage|p1a: Silhouette|73\/100 par\n|move|p1a: Silhouette|Wicked Blow|p2a: Corviknight\n|-crit|p2a: Corviknight\n|-damage|p2a: Corviknight|5\/100\n|-damage|p1a: Silhouette|63\/100 par|[from] item: Life Orb\n|\n|-heal|p2a: Corviknight|11\/100|[from] item: Leftovers\n|upkeep\n|turn|19\n|j| vhhvjhvjhvjhv66\n|c|\u2606LT74PF gggiq280|syr\n|j| Stall is coming\n|\n|t:|1599032635\n|move|p2a: Corviknight|Roost|p2a: Corviknight\n|-heal|p2a: Corviknight|61\/100\n|-singleturn|p2a: Corviknight|move: Roost\n|move|p1a: Silhouette|Wicked Blow|p2a: Corviknight\n|-crit|p2a: Corviknight\n|-damage|p2a: Corviknight|0 fnt\n|-damage|p1a: Silhouette|53\/100 par|[from] item: Life Orb\n|faint|p2a: Corviknight\n|\n|upkeep\n|j| jefo\n|\n|t:|1599032639\n|switch|p2a: Ditto|Ditto|100\/100\n|-transform|p2a: Ditto|p1a: Silhouette|[from] ability: Imposter\n|turn|20\n|j| Swaggy Fuccboi\n|\n|t:|1599032644\n|move|p2a: Ditto|Wicked Blow|p1a: Silhouette\n|-resisted|p1a: Silhouette\n|-crit|p1a: Silhouette\n|-damage|p1a: Silhouette|26\/100 par\n|move|p1a: Silhouette|Poison Jab|p2a: Ditto\n|-damage|p2a: Ditto|54\/100\n|-damage|p1a: Silhouette|16\/100 par|[from] item: Life Orb\n|\n|upkeep\n|turn|21\n|\n|t:|1599032650\n|move|p1a: Silhouette|Sucker Punch|p2a: Ditto\n|-resisted|p2a: Ditto\n|-damage|p2a: Ditto|40\/100\n|-damage|p1a: Silhouette|6\/100 par|[from] item: Life Orb\n|move|p2a: Ditto|Wicked Blow|p1a: Silhouette\n|-resisted|p1a: Silhouette\n|-crit|p1a: Silhouette\n|-damage|p1a: Silhouette|0 fnt\n|faint|p1a: Silhouette\n|\n|upkeep\n|\n|t:|1599032654\n|switch|p1a: Torrent|Azumarill, M|100\/100\n|turn|22\n|\n|t:|1599032659\n|move|p2a: Ditto|Wicked Blow|p1a: Torrent\n|-resisted|p1a: Torrent\n|-crit|p1a: Torrent\n|-damage|p1a: Torrent|62\/100\n|move|p1a: Torrent|Whirlpool|p2a: Ditto\n|-damage|p2a: Ditto|27\/100\n|-activate|p2a: Ditto|move: Whirlpool|[of] p1a: Torrent\n|\n|-heal|p1a: Torrent|68\/100|[from] item: Leftovers\n|-damage|p2a: Ditto|15\/100|[from] move: Whirlpool|[partiallytrapped]\n|upkeep\n|turn|23\n|\n|t:|1599032664\n|move|p2a: Ditto|Wicked Blow|p1a: Torrent\n|-resisted|p1a: Torrent\n|-crit|p1a: Torrent\n|-damage|p1a: Torrent|30\/100\n|move|p1a: Torrent|Toxic|p2a: Ditto\n|-status|p2a: Ditto|tox\n|\n|-heal|p1a: Torrent|36\/100|[from] item: Leftovers\n|-damage|p2a: Ditto|8\/100 tox|[from] psn\n|-damage|p2a: Ditto|0 fnt|[from] move: Whirlpool|[partiallytrapped]\n|faint|p2a: Ditto\n|upkeep\n|\n|t:|1599032667\n|switch|p2a: Hatterene|Hatterene, F|100\/100\n|turn|24\n|\n|t:|1599032680\n|move|p1a: Torrent|Perish Song|p1a: Torrent\n|-start|p1a: Torrent|perish3|[silent]\n|-start|p2a: Hatterene|perish3|[silent]\n|-fieldactivate|move: Perish Song\n|move|p2a: Hatterene|Calm Mind|p2a: Hatterene\n|-boost|p2a: Hatterene|spa|1\n|-boost|p2a: Hatterene|spd|1\n|\n|-heal|p1a: Torrent|43\/100|[from] item: Leftovers\n|-start|p1a: Torrent|perish3\n|-start|p2a: Hatterene|perish3\n|upkeep\n|turn|25\n|\n|t:|1599032685\n|move|p1a: Torrent|Protect|p1a: Torrent\n|-singleturn|p1a: Torrent|Protect\n|move|p2a: Hatterene|Psychic|p1a: Torrent\n|-activate|p1a: Torrent|move: Protect\n|\n|-heal|p1a: Torrent|49\/100|[from] item: Leftovers\n|-start|p1a: Torrent|perish2\n|-start|p2a: Hatterene|perish2\n|upkeep\n|turn|26\n|\n|t:|1599032688\n|move|p1a: Torrent|Protect||[still]\n|-fail|p1a: Torrent\n|move|p2a: Hatterene|Mystical Fire|p1a: Torrent\n|-resisted|p1a: Torrent\n|-damage|p1a: Torrent|29\/100\n|-unboost|p1a: Torrent|spa|1\n|\n|-heal|p1a: Torrent|35\/100|[from] item: Leftovers\n|-start|p1a: Torrent|perish1\n|-start|p2a: Hatterene|perish1\n|upkeep\n|turn|27\n|\n|t:|1599032697\n|switch|p1a: Phantom|Rotom-Heat, shiny|100\/100\n|switch|p2a: Toxapex|Toxapex, M|96\/100\n|\n|upkeep\n|turn|28\n|j| ez\n|\n|t:|1599032700\n|move|p1a: Phantom|Volt Switch|p2a: Toxapex\n|-supereffective|p2a: Toxapex\n|-damage|p2a: Toxapex|51\/100\n|\n|t:|1599032703\n|switch|p1a: Torrent|Azumarill, M|35\/100|[from]move: Volt Switch\n|move|p2a: Toxapex|Recover|p2a: Toxapex\n|-heal|p2a: Toxapex|100\/100\n|\n|-heal|p1a: Torrent|42\/100|[from] item: Leftovers\n|upkeep\n|turn|29\n|\n|t:|1599032707\n|switch|p2a: Amoonguss|Amoonguss, M|100\/100\n|move|p1a: Torrent|Whirlpool|p2a: Amoonguss\n|-resisted|p2a: Amoonguss\n|-damage|p2a: Amoonguss|96\/100\n|-activate|p2a: Amoonguss|move: Whirlpool|[of] p1a: Torrent\n|\n|-heal|p1a: Torrent|48\/100|[from] item: Leftovers\n|-damage|p2a: Amoonguss|84\/100|[from] move: Whirlpool|[partiallytrapped]\n|upkeep\n|turn|30\n|\n|t:|1599032710\n|move|p1a: Torrent|Protect|p1a: Torrent\n|-singleturn|p1a: Torrent|Protect\n|move|p2a: Amoonguss|Sludge Bomb|p1a: Torrent\n|-activate|p1a: Torrent|move: Protect\n|\n|-heal|p1a: Torrent|54\/100|[from] item: Leftovers\n|-damage|p2a: Amoonguss|71\/100|[from] move: Whirlpool|[partiallytrapped]\n|upkeep\n|turn|31\n|\n|t:|1599032713\n|move|p1a: Torrent|Whirlpool|p2a: Amoonguss\n|-resisted|p2a: Amoonguss\n|-damage|p2a: Amoonguss|68\/100\n|move|p2a: Amoonguss|Sludge Bomb|p1a: Torrent\n|-supereffective|p1a: Torrent\n|-damage|p1a: Torrent|0 fnt\n|faint|p1a: Torrent\n|\n|-end|p2a: Amoonguss|Whirlpool|[partiallytrapped]|[silent]\n|upkeep\n|\n|t:|1599032716\n|switch|p1a: Phantom|Rotom-Heat, shiny|100\/100\n|turn|32\n|\n|t:|1599032722\n|switch|p2a: Blissey|Blissey, F|91\/100\n|move|p1a: Phantom|Volt Switch|p2a: Blissey\n|-damage|p2a: Blissey|82\/100\n|\n|t:|1599032726\n|switch|p1a: Mortar|Rhyperior, M|100\/100|[from]move: Volt Switch\n|\n|upkeep\n|turn|33\n|\n|t:|1599032733\n|switch|p2a: Amoonguss|Amoonguss, M|100\/100\n|move|p1a: Mortar|Swords Dance|p1a: Mortar\n|-boost|p1a: Mortar|atk|2\n|\n|upkeep\n|turn|34\n|c| lt74pf 999|go!\n|\n|t:|1599032740\n|move|p1a: Mortar|Heat Crash|p2a: Amoonguss\n|-supereffective|p2a: Amoonguss\n|-damage|p2a: Amoonguss|0 fnt\n|faint|p2a: Amoonguss\n|\n|upkeep\n|c|\u2606relic stone|gg\n|\n|t:|1599032744\n|switch|p2a: Toxapex|Toxapex, M|100\/100\n|turn|35\n|c|\u2606LT74PF gggiq280|gg\n|\n|t:|1599032748\n|move|p1a: Mortar|Earthquake|p2a: Toxapex\n|-supereffective|p2a: Toxapex\n|-damage|p2a: Toxapex|0 fnt\n|faint|p2a: Toxapex\n|\n|upkeep\n|-message|LT74PF gggiq280 forfeited.\n|\n|win|relic stone\n|l|\u2606LT74PF gggiq280\n|raw|relic stone's rating: 1862 &rarr; <strong>1875<\/strong><br \/>(+13 for winning)\n|raw|LT74PF gggiq280's rating: 1739 &rarr; <strong>1726<\/strong><br \/>(-13 for losing)\n|l| Truedrew (\u203d)\n|l| LT74PF piyush21\n|l| yiyue\n|l| Swaggy Fuccboi\n","uploadtime":1599032777,"views":238,"p1id":"relicstone","p2id":"lt74pfgggiq280","formatid":"gen8ou","rating":1726,"private":0,"password":null}