{"id":"gen8ou-1590123803","p1":"NeoNaruto\u00ae++","p2":"HOF69","format":"gen8ou","log":"|j|\u2606NeoNaruto\u00ae++\n|j|\u2606HOF69\n|t:|1654481654\n|gametype|singles\n|player|p1|NeoNaruto\u00ae++|burglar-gen1rb|1633\n|player|p2|HOF69|red|1851\n|teamsize|p1|6\n|teamsize|p2|6\n|gen|8\n|tier|[Gen 8] OU\n|rated|\n|rule|Sleep Clause Mod: Limit one foe put to sleep\n|rule|Species Clause: Limit one of each Pok\u00e9mon\n|rule|OHKO Clause: OHKO moves are banned\n|rule|Evasion Moves Clause: Evasion moves are banned\n|rule|Endless Battle Clause: Forcing endless battles is banned\n|rule|HP Percentage Mod: HP is shown in percentages\n|rule|Dynamax Clause: You cannot dynamax\n|clearpoke\n|poke|p1|Landorus-Therian, M|\n|poke|p1|Slowbro, F|\n|poke|p1|Tapu Koko|\n|poke|p1|Dragonite, M|\n|poke|p1|Darmanitan, F|\n|poke|p1|Tyranitar, F|\n|poke|p2|Blacephalon|\n|poke|p2|Gengar, M|\n|poke|p2|Kartana|\n|poke|p2|Tapu Lele|\n|poke|p2|Krookodile, F|\n|poke|p2|Landorus-Therian, M|\n|teampreview\n|inactive|Battle timer is ON: inactive players will automatically lose when time's up. (requested by NeoNaruto\u00ae++)\n|inactive|NeoNaruto\u00ae++ has 120 seconds left.\n|\n|t:|1654481695\n|start\n|switch|p1a: PURRP FOR SALE|Darmanitan, F|100\/100\n|switch|p2a: Krookodile|Krookodile, F|100\/100\n|-ability|p2a: Krookodile|Intimidate|boost\n|-unboost|p1a: PURRP FOR SALE|atk|1\n|turn|1\n|\n|t:|1654481705\n|move|p2a: Krookodile|Stealth Rock|p1a: PURRP FOR SALE\n|-sidestart|p1: NeoNaruto\u00ae++|move: Stealth Rock\n|move|p1a: PURRP FOR SALE|Flare Blitz|p2a: Krookodile\n|-enditem|p2a: Krookodile|Focus Sash\n|-damage|p2a: Krookodile|1\/100\n|-damage|p1a: PURRP FOR SALE|69\/100|[from] Recoil\n|\n|upkeep\n|turn|2\n|\n|t:|1654481711\n|switch|p1a: spvceghvstpvrrp|Slowbro, F, shiny|100\/100\n|-damage|p1a: spvceghvstpvrrp|88\/100|[from] Stealth Rock\n|move|p2a: Krookodile|Knock Off|p1a: spvceghvstpvrrp\n|-supereffective|p1a: spvceghvstpvrrp\n|-crit|p1a: spvceghvstpvrrp\n|-damage|p1a: spvceghvstpvrrp|10\/100\n|-damage|p2a: Krookodile|0 fnt|[from] item: Rocky Helmet|[of] p1a: spvceghvstpvrrp\n|faint|p2a: Krookodile\n|\n|upkeep\n|\n|t:|1654481720\n|switch|p2a: Gengar|Gengar, M, shiny|100\/100\n|turn|3\n|\n|t:|1654481723\n|switch|p1a: DA LAST REX(3005)|Tyranitar, F|100\/100\n|-damage|p1a: DA LAST REX(3005)|88\/100|[from] Stealth Rock\n|-weather|Sandstorm|[from] ability: Sand Stream|[of] p1a: DA LAST REX(3005)\n|move|p2a: Gengar|Shadow Ball|p1a: DA LAST REX(3005)\n|-resisted|p1a: DA LAST REX(3005)\n|-crit|p1a: DA LAST REX(3005)\n|-damage|p1a: DA LAST REX(3005)|79\/100\n|\n|-weather|Sandstorm|[upkeep]\n|-damage|p2a: Gengar|94\/100|[from] Sandstorm\n|upkeep\n|turn|4\n|\n|t:|1654481733\n|move|p2a: Gengar|Focus Blast|p1a: DA LAST REX(3005)|[miss]\n|-miss|p2a: Gengar|p1a: DA LAST REX(3005)\n|move|p1a: DA LAST REX(3005)|Stone Edge|p2a: Gengar\n|-damage|p2a: Gengar|5\/100\n|\n|-weather|Sandstorm|[upkeep]\n|-damage|p2a: Gengar|0 fnt|[from] Sandstorm\n|faint|p2a: Gengar\n|upkeep\n|\n|t:|1654481741\n|switch|p2a: Kartana|Kartana|100\/100\n|turn|5\n|\n|t:|1654481749\n|switch|p1a: Bernie Landers|Landorus-Therian, M|100\/100\n|-damage|p1a: Bernie Landers|88\/100|[from] Stealth Rock\n|-ability|p1a: Bernie Landers|Intimidate|boost\n|-unboost|p2a: Kartana|atk|1\n|move|p2a: Kartana|Swords Dance|p2a: Kartana\n|-boost|p2a: Kartana|atk|2\n|\n|-weather|Sandstorm|[upkeep]\n|upkeep\n|turn|6\n|\n|t:|1654481752\n|move|p2a: Kartana|Leaf Blade|p1a: Bernie Landers\n|-damage|p1a: Bernie Landers|28\/100\n|move|p1a: Bernie Landers|U-turn|p2a: Kartana\n|-damage|p2a: Kartana|76\/100\n|\n|t:|1654481755\n|switch|p1a: VODECi|Tapu Koko|100\/100|[from]move: U-turn\n|-damage|p1a: VODECi|88\/100|[from] Stealth Rock\n|-fieldstart|move: Electric Terrain|[from] ability: Electric Surge|[of] p1a: VODECi\n|\n|-weather|Sandstorm|[upkeep]\n|-damage|p1a: VODECi|82\/100|[from] Sandstorm\n|upkeep\n|turn|7\n|\n|t:|1654481758\n|switch|p2a: Landorus|Landorus-Therian, M|100\/100\n|-ability|p2a: Landorus|Intimidate|boost\n|-unboost|p1a: VODECi|atk|1\n|move|p1a: VODECi|Thunderbolt|p2a: Landorus\n|-immune|p2a: Landorus\n|\n|-weather|none\n|upkeep\n|turn|8\n|\n|t:|1654481767\n|switch|p1a: spvceghvstpvrrp|Slowbro, F, shiny|43\/100\n|-damage|p1a: spvceghvstpvrrp|31\/100|[from] Stealth Rock\n|switch|p2a: Kartana|Kartana|76\/100\n|\n|upkeep\n|turn|9\n|\n|t:|1654481771\n|move|p2a: Kartana|Knock Off|p1a: spvceghvstpvrrp\n|-supereffective|p1a: spvceghvstpvrrp\n|-damage|p1a: spvceghvstpvrrp|0 fnt\n|-enditem|p1a: spvceghvstpvrrp|Rocky Helmet|[from] move: Knock Off|[of] p2a: Kartana\n|faint|p1a: spvceghvstpvrrp\n|-ability|p2a: Kartana|Beast Boost|boost\n|-boost|p2a: Kartana|atk|1\n|\n|upkeep\n|\n|t:|1654481774\n|switch|p1a: VODECi|Tapu Koko|82\/100\n|-damage|p1a: VODECi|70\/100|[from] Stealth Rock\n|turn|10\n|\n|t:|1654481778\n|switch|p2a: Landorus|Landorus-Therian, M|100\/100\n|-ability|p2a: Landorus|Intimidate|boost\n|-unboost|p1a: VODECi|atk|1\n|move|p1a: VODECi|Dazzling Gleam|p2a: Landorus\n|-damage|p2a: Landorus|68\/100\n|\n|-fieldend|move: Electric Terrain\n|upkeep\n|turn|11\n|\n|t:|1654481781\n|switch|p1a: Bernie Landers|Landorus-Therian, M|28\/100\n|-damage|p1a: Bernie Landers|16\/100|[from] Stealth Rock\n|-ability|p1a: Bernie Landers|Intimidate|boost\n|-unboost|p2a: Landorus|atk|1\n|move|p2a: Landorus|U-turn|p1a: Bernie Landers\n|-resisted|p1a: Bernie Landers\n|-crit|p1a: Bernie Landers\n|-damage|p1a: Bernie Landers|3\/100\n|-damage|p2a: Landorus|51\/100|[from] item: Rocky Helmet|[of] p1a: Bernie Landers\n|\n|t:|1654481785\n|switch|p2a: Kartana|Kartana|76\/100|[from]move: U-turn\n|\n|upkeep\n|turn|12\n|\n|t:|1654481789\n|move|p2a: Kartana|Knock Off|p1a: Bernie Landers\n|-damage|p1a: Bernie Landers|0 fnt\n|-enditem|p1a: Bernie Landers|Rocky Helmet|[from] move: Knock Off|[of] p2a: Kartana\n|faint|p1a: Bernie Landers\n|-ability|p2a: Kartana|Beast Boost|boost\n|-boost|p2a: Kartana|atk|1\n|\n|upkeep\n|\n|t:|1654481792\n|switch|p1a: VODECi|Tapu Koko|70\/100\n|-damage|p1a: VODECi|57\/100|[from] Stealth Rock\n|-fieldstart|move: Electric Terrain|[from] ability: Electric Surge|[of] p1a: VODECi\n|turn|13\n|\n|t:|1654481798\n|switch|p2a: Landorus|Landorus-Therian, M|51\/100\n|-ability|p2a: Landorus|Intimidate|boost\n|-unboost|p1a: VODECi|atk|1\n|move|p1a: VODECi|Dazzling Gleam|p2a: Landorus\n|-damage|p2a: Landorus|18\/100\n|\n|upkeep\n|turn|14\n|\n|t:|1654481804\n|move|p1a: VODECi|Dazzling Gleam|p2a: Landorus\n|-damage|p2a: Landorus|0 fnt\n|faint|p2a: Landorus\n|\n|upkeep\n|\n|t:|1654481813\n|switch|p2a: Tapu Lele|Tapu Lele|100\/100\n|-fieldstart|move: Psychic Terrain|[from] ability: Psychic Surge|[of] p2a: Tapu Lele\n|turn|15\n|\n|t:|1654481823\n|switch|p1a: PURRP FOR SALE|Darmanitan, F|69\/100\n|-damage|p1a: PURRP FOR SALE|45\/100|[from] Stealth Rock\n|move|p2a: Tapu Lele|Moonblast|p1a: PURRP FOR SALE\n|-resisted|p1a: PURRP FOR SALE\n|-damage|p1a: PURRP FOR SALE|8\/100\n|\n|upkeep\n|turn|16\n|\n|t:|1654481825\n|move|p2a: Tapu Lele|Moonblast|p1a: PURRP FOR SALE\n|-resisted|p1a: PURRP FOR SALE\n|-damage|p1a: PURRP FOR SALE|0 fnt\n|faint|p1a: PURRP FOR SALE\n|\n|upkeep\n|\n|t:|1654481827\n|switch|p1a: DA LAST REX(3005)|Tyranitar, F|79\/100\n|-damage|p1a: DA LAST REX(3005)|67\/100|[from] Stealth Rock\n|-weather|Sandstorm|[from] ability: Sand Stream|[of] p1a: DA LAST REX(3005)\n|turn|17\n|\n|t:|1654481835\n|move|p2a: Tapu Lele|Focus Blast|p1a: DA LAST REX(3005)\n|-supereffective|p1a: DA LAST REX(3005)\n|-damage|p1a: DA LAST REX(3005)|14\/100\n|move|p1a: DA LAST REX(3005)|Fire Blast|p2a: Tapu Lele\n|-damage|p2a: Tapu Lele|68\/100\n|\n|-weather|Sandstorm|[upkeep]\n|-damage|p2a: Tapu Lele|62\/100|[from] Sandstorm\n|upkeep\n|turn|18\n|\n|t:|1654481840\n|move|p2a: Tapu Lele|Moonblast|p1a: DA LAST REX(3005)\n|-supereffective|p1a: DA LAST REX(3005)\n|-crit|p1a: DA LAST REX(3005)\n|-damage|p1a: DA LAST REX(3005)|0 fnt\n|faint|p1a: DA LAST REX(3005)\n|\n|-weather|Sandstorm|[upkeep]\n|-damage|p2a: Tapu Lele|56\/100|[from] Sandstorm\n|upkeep\n|\n|t:|1654481842\n|switch|p1a: VODECi|Tapu Koko|57\/100\n|-damage|p1a: VODECi|45\/100|[from] Stealth Rock\n|-fieldstart|move: Electric Terrain|[from] ability: Electric Surge|[of] p1a: VODECi\n|turn|19\n|\n|t:|1654481856\n|move|p1a: VODECi|Thunderbolt|p2a: Tapu Lele\n|-damage|p2a: Tapu Lele|0 fnt\n|faint|p2a: Tapu Lele\n|\n|-weather|Sandstorm|[upkeep]\n|-damage|p1a: VODECi|39\/100|[from] Sandstorm\n|upkeep\n|\n|t:|1654481858\n|switch|p2a: Blacephalon|Blacephalon|100\/100\n|turn|20\n|\n|t:|1654481861\n|move|p2a: Blacephalon|Shadow Ball|p1a: VODECi\n|-damage|p1a: VODECi|0 fnt\n|faint|p1a: VODECi\n|-ability|p2a: Blacephalon|Beast Boost|boost\n|-boost|p2a: Blacephalon|spa|1\n|\n|-weather|Sandstorm|[upkeep]\n|-damage|p2a: Blacephalon|94\/100|[from] Sandstorm\n|upkeep\n|\n|t:|1654481863\n|switch|p1a: Fat Charizard|Dragonite, M, shiny|100\/100\n|turn|21\n|\n|t:|1654481870\n|move|p2a: Blacephalon|Shadow Ball|p1a: Fat Charizard\n|-damage|p1a: Fat Charizard|65\/100\n|move|p1a: Fat Charizard|Earthquake|p2a: Blacephalon\n|-supereffective|p2a: Blacephalon\n|-damage|p2a: Blacephalon|0 fnt\n|faint|p2a: Blacephalon\n|\n|-weather|none\n|upkeep\n|\n|t:|1654481875\n|switch|p2a: Kartana|Kartana|76\/100\n|turn|22\n|\n|t:|1654481877\n|move|p2a: Kartana|Swords Dance|p2a: Kartana\n|-boost|p2a: Kartana|atk|2\n|move|p1a: Fat Charizard|Dual Wingbeat|p2a: Kartana\n|-damage|p2a: Kartana|49\/100\n|-damage|p2a: Kartana|23\/100\n|-hitcount|p2a: Kartana|2\n|\n|upkeep\n|turn|23\n|\n|t:|1654481882\n|move|p1a: Fat Charizard|Extreme Speed|p2a: Kartana\n|-resisted|p2a: Kartana\n|-crit|p2a: Kartana\n|-damage|p2a: Kartana|0 fnt\n|faint|p2a: Kartana\n|\n|win|NeoNaruto\u00ae++\n|raw|NeoNaruto\u00ae++'s rating: 1633 &rarr; <strong>1664<\/strong><br \/>(+31 for winning)\n|raw|HOF69's rating: 1851 &rarr; <strong>1820<\/strong><br \/>(-31 for losing)\n|l|\u2606HOF69\n|l|\u2606NeoNaruto\u00ae++\n||Ladder isn't responding, score probably updated but might not have (Request timeout).\n","uploadtime":1654482432,"views":121,"p1id":"neonaruto","p2id":"hof69","formatid":"gen8ou","rating":1664,"private":0,"password":null}