{"id":"gen8ou-1165247018","p1":"LT71LX Storm","p2":"winter lanterns","format":"gen8ou","log":"|raw|<div class=\"broadcast-blue\"><strong>This battle is required to be public due to a player having a name prefixed by 'LT71LX'.<\/div>\n|j|\u2606LT71LX Storm\n|j|\u2606winter lanterns\n|t:|1596864847\n|player|p1|LT71LX Storm|zinnia|1978\n|player|p2|winter lanterns|169|1847\n|teamsize|p1|6\n|teamsize|p2|6\n|gametype|singles\n|gen|8\n|tier|[Gen 8] OU\n|rated|\n|clearpoke\n|poke|p1|Diggersby, M|\n|poke|p1|Togekiss, M|\n|poke|p1|Toxtricity, M|\n|poke|p1|Rillaboom, M|\n|poke|p1|Dragapult, M|\n|poke|p1|Volcarona, M|\n|poke|p2|Zeraora|\n|poke|p2|Dragapult, M|\n|poke|p2|Excadrill, F|\n|poke|p2|Urshifu-*, M|\n|poke|p2|Rillaboom, F|\n|poke|p2|Volcarona, M|\n|rule|Sleep Clause Mod: Limit one foe put to sleep\n|rule|Species Clause: Limit one of each Pok\u00e9mon\n|rule|OHKO Clause: OHKO moves are banned\n|rule|Evasion Moves Clause: Evasion moves are banned\n|rule|Endless Battle Clause: Forcing endless battles is banned\n|rule|HP Percentage Mod: HP is shown in percentages\n|rule|Dynamax Clause: You cannot dynamax\n|teampreview\n|\n|t:|1596864865\n|start\n|switch|p1a: Lumberjack|Diggersby, M|100\/100\n|switch|p2a: Excadrill|Excadrill, F|100\/100\n|-ability|p2a: Excadrill|Mold Breaker\n|turn|1\n|\n|t:|1596864878\n|switch|p2a: Rillaboom|Rillaboom, F|100\/100\n|-fieldstart|move: Grassy Terrain|[from] ability: Grassy Surge|[of] p2a: Rillaboom\n|-enditem|p2a: Rillaboom|Grassy Seed\n|-boost|p2a: Rillaboom|def|1|[from] item: Grassy Seed\n|move|p1a: Lumberjack|Earthquake|p2a: Rillaboom\n|-resisted|p2a: Rillaboom\n|-damage|p2a: Rillaboom|84\/100\n|-damage|p1a: Lumberjack|91\/100|[from] item: Life Orb\n|\n|-heal|p2a: Rillaboom|90\/100|[from] Grassy Terrain\n|-heal|p1a: Lumberjack|97\/100|[from] Grassy Terrain\n|upkeep\n|turn|2\n|\n|t:|1596864883\n|move|p2a: Rillaboom|Knock Off|p1a: Lumberjack\n|-damage|p1a: Lumberjack|56\/100\n|-enditem|p1a: Lumberjack|Life Orb|[from] move: Knock Off|[of] p2a: Rillaboom\n|move|p1a: Lumberjack|Mega Kick|p2a: Rillaboom|[miss]\n|-miss|p1a: Lumberjack|p2a: Rillaboom\n|\n|-heal|p2a: Rillaboom|96\/100|[from] Grassy Terrain\n|-heal|p1a: Lumberjack|62\/100|[from] Grassy Terrain\n|upkeep\n|turn|3\n|\n|t:|1596864887\n|switch|p1a: Amaterasu|Volcarona, M, shiny|100\/100\n|move|p2a: Rillaboom|Grassy Glide|p1a: Amaterasu\n|-resisted|p1a: Amaterasu\n|-damage|p1a: Amaterasu|90\/100\n|\n|-heal|p2a: Rillaboom|100\/100|[from] Grassy Terrain\n|-heal|p1a: Amaterasu|96\/100|[from] Grassy Terrain\n|upkeep\n|turn|4\n|\n|t:|1596864891\n|switch|p2a: Dragapult|Dragapult, M|100\/100\n|move|p1a: Amaterasu|Flamethrower|p2a: Dragapult\n|-resisted|p2a: Dragapult\n|-damage|p2a: Dragapult|71\/100\n|-status|p2a: Dragapult|brn\n|\n|-heal|p2a: Dragapult|77\/100 brn|[from] Grassy Terrain\n|-heal|p1a: Amaterasu|100\/100|[from] Grassy Terrain\n|-damage|p2a: Dragapult|71\/100 brn|[from] brn\n|upkeep\n|turn|5\n|\n|t:|1596864898\n|switch|p1a: Lumberjack|Diggersby, M|62\/100\n|move|p2a: Dragapult|Dragon Dance|p2a: Dragapult\n|-boost|p2a: Dragapult|atk|1\n|-boost|p2a: Dragapult|spe|1\n|\n|-heal|p2a: Dragapult|77\/100 brn|[from] Grassy Terrain\n|-heal|p1a: Lumberjack|68\/100|[from] Grassy Terrain\n|-fieldend|move: Grassy Terrain\n|-damage|p2a: Dragapult|71\/100 brn|[from] brn\n|upkeep\n|turn|6\n|\n|t:|1596864901\n|switch|p1a: Cloud n1n3|Togekiss, M|100\/100\n|move|p2a: Dragapult|Dragon Darts|p1a: Cloud n1n3\n|-immune|p1a: Cloud n1n3\n|\n|-damage|p2a: Dragapult|65\/100 brn|[from] brn\n|upkeep\n|turn|7\n|\n|t:|1596864904\n|move|p2a: Dragapult|Steel Wing|p1a: Cloud n1n3\n|-supereffective|p1a: Cloud n1n3\n|-damage|p1a: Cloud n1n3|67\/100\n|-damage|p2a: Dragapult|56\/100 brn|[from] item: Life Orb\n|move|p1a: Cloud n1n3|Air Slash|p2a: Dragapult\n|-damage|p2a: Dragapult|16\/100 brn\n|\n|-damage|p2a: Dragapult|10\/100 brn|[from] brn\n|upkeep\n|turn|8\n|\n|t:|1596864908\n|move|p2a: Dragapult|Steel Wing|p1a: Cloud n1n3\n|-supereffective|p1a: Cloud n1n3\n|-damage|p1a: Cloud n1n3|36\/100\n|-damage|p2a: Dragapult|0 fnt|[from] item: Life Orb\n|faint|p2a: Dragapult\n|move|p1a: Cloud n1n3|Roost|p1a: Cloud n1n3\n|-heal|p1a: Cloud n1n3|86\/100\n|-singleturn|p1a: Cloud n1n3|move: Roost\n|\n|upkeep\n|\n|t:|1596864912\n|switch|p2a: Excadrill|Excadrill, F|100\/100\n|-ability|p2a: Excadrill|Mold Breaker\n|turn|9\n|\n|t:|1596864915\n|switch|p1a: Tama Tonga|Rillaboom, M|100\/100\n|-fieldstart|move: Grassy Terrain|[from] ability: Grassy Surge|[of] p1a: Tama Tonga\n|move|p2a: Excadrill|Stealth Rock|p1a: Tama Tonga\n|-sidestart|p1: LT71LX Storm|move: Stealth Rock\n|\n|upkeep\n|turn|10\n|\n|t:|1596864918\n|switch|p2a: Volcarona|Volcarona, M|100\/100\n|move|p1a: Tama Tonga|High Horsepower|p2a: Volcarona\n|-damage|p2a: Volcarona|29\/100\n|-status|p1a: Tama Tonga|brn|[from] ability: Flame Body|[of] p2a: Volcarona\n|-damage|p1a: Tama Tonga|91\/100 brn|[from] item: Life Orb\n|\n|-heal|p2a: Volcarona|36\/100|[from] Grassy Terrain\n|-heal|p1a: Tama Tonga|97\/100 brn|[from] Grassy Terrain\n|-damage|p1a: Tama Tonga|91\/100 brn|[from] brn\n|upkeep\n|turn|11\n|\n|t:|1596864925\n|switch|p1a: Serpentine|Dragapult, M|100\/100\n|-damage|p1a: Serpentine|88\/100|[from] Stealth Rock\n|move|p2a: Volcarona|Fiery Dance|p1a: Serpentine\n|-resisted|p1a: Serpentine\n|-damage|p1a: Serpentine|61\/100\n|\n|-heal|p1a: Serpentine|67\/100|[from] Grassy Terrain\n|-heal|p2a: Volcarona|42\/100|[from] Grassy Terrain\n|upkeep\n|turn|12\n|\n|t:|1596864936\n|switch|p2a: Excadrill|Excadrill, F|100\/100\n|-ability|p2a: Excadrill|Mold Breaker\n|move|p1a: Serpentine|Dragon Darts|p2a: Excadrill\n|-resisted|p2a: Excadrill\n|-damage|p2a: Excadrill|82\/100\n|-anim|p1a: Serpentine|Dragon Darts|p2a: Excadrill\n|-resisted|p2a: Excadrill\n|-damage|p2a: Excadrill|63\/100\n|\n|-heal|p1a: Serpentine|73\/100|[from] Grassy Terrain\n|-heal|p2a: Excadrill|69\/100|[from] Grassy Terrain\n|upkeep\n|turn|13\n|\n|t:|1596864940\n|move|p1a: Serpentine|Dragon Darts|p2a: Excadrill\n|-resisted|p2a: Excadrill\n|-damage|p2a: Excadrill|50\/100\n|-anim|p1a: Serpentine|Dragon Darts|p2a: Excadrill\n|-resisted|p2a: Excadrill\n|-damage|p2a: Excadrill|30\/100\n|move|p2a: Excadrill|Iron Head|p1a: Serpentine\n|-damage|p1a: Serpentine|9\/100\n|\n|-heal|p1a: Serpentine|15\/100|[from] Grassy Terrain\n|-heal|p2a: Excadrill|37\/100|[from] Grassy Terrain\n|-fieldend|move: Grassy Terrain\n|upkeep\n|turn|14\n|\n|t:|1596864944\n|move|p1a: Serpentine|Dragon Darts|p2a: Excadrill\n|-resisted|p2a: Excadrill\n|-damage|p2a: Excadrill|17\/100\n|-anim|p1a: Serpentine|Dragon Darts|p2a: Excadrill\n|-resisted|p2a: Excadrill\n|-damage|p2a: Excadrill|0 fnt\n|faint|p2a: Excadrill\n|\n|upkeep\n|\n|t:|1596864947\n|switch|p2a: Zeraora|Zeraora|100\/100\n|turn|15\n|\n|t:|1596864956\n|move|p1a: Serpentine|Dragon Darts|p2a: Zeraora\n|-damage|p2a: Zeraora|65\/100\n|-anim|p1a: Serpentine|Dragon Darts|p2a: Zeraora\n|-damage|p2a: Zeraora|30\/100\n|move|p2a: Zeraora|Bulk Up|p2a: Zeraora\n|-boost|p2a: Zeraora|atk|1\n|-boost|p2a: Zeraora|def|1\n|\n|upkeep\n|turn|16\n|\n|t:|1596864969\n|switch|p2a: Rillaboom|Rillaboom, F|100\/100\n|-fieldstart|move: Grassy Terrain|[from] ability: Grassy Surge|[of] p2a: Rillaboom\n|move|p1a: Serpentine|Dragon Darts|p2a: Rillaboom\n|-damage|p2a: Rillaboom|71\/100\n|-anim|p1a: Serpentine|Dragon Darts|p2a: Rillaboom\n|-damage|p2a: Rillaboom|43\/100\n|\n|-heal|p1a: Serpentine|21\/100|[from] Grassy Terrain\n|-heal|p2a: Rillaboom|49\/100|[from] Grassy Terrain\n|upkeep\n|turn|17\n|\n|t:|1596864977\n|switch|p1a: Cloud n1n3|Togekiss, M|86\/100\n|move|p2a: Rillaboom|Grassy Glide|p1a: Cloud n1n3\n|-resisted|p1a: Cloud n1n3\n|-damage|p1a: Cloud n1n3|71\/100\n|\n|-heal|p2a: Rillaboom|55\/100|[from] Grassy Terrain\n|upkeep\n|turn|18\n|\n|t:|1596864980\n|move|p2a: Rillaboom|Acrobatics|p1a: Cloud n1n3\n|-damage|p1a: Cloud n1n3|45\/100\n|move|p1a: Cloud n1n3|Air Slash|p2a: Rillaboom\n|-supereffective|p2a: Rillaboom\n|-damage|p2a: Rillaboom|0 fnt\n|faint|p2a: Rillaboom\n|\n|upkeep\n|\n|t:|1596864983\n|switch|p2a: Zeraora|Zeraora|30\/100\n|turn|19\n|\n|t:|1596865000\n|switch|p1a: Lumberjack|Diggersby, M|68\/100\n|-damage|p1a: Lumberjack|62\/100|[from] Stealth Rock\n|move|p2a: Zeraora|Bulk Up|p2a: Zeraora\n|-boost|p2a: Zeraora|atk|1\n|-boost|p2a: Zeraora|def|1\n|\n|-heal|p2a: Zeraora|36\/100|[from] Grassy Terrain\n|-heal|p1a: Lumberjack|68\/100|[from] Grassy Terrain\n|upkeep\n|turn|20\n|\n|t:|1596865005\n|switch|p1a: Serpentine|Dragapult, M|21\/100\n|-damage|p1a: Serpentine|9\/100|[from] Stealth Rock\n|move|p2a: Zeraora|Close Combat|p1a: Serpentine\n|-immune|p1a: Serpentine\n|\n|-heal|p1a: Serpentine|15\/100|[from] Grassy Terrain\n|-heal|p2a: Zeraora|42\/100|[from] Grassy Terrain\n|-fieldend|move: Grassy Terrain\n|upkeep\n|turn|21\n|\n|t:|1596865018\n|move|p1a: Serpentine|Dragon Darts|p2a: Zeraora\n|-damage|p2a: Zeraora|19\/100\n|-anim|p1a: Serpentine|Dragon Darts|p2a: Zeraora\n|-damage|p2a: Zeraora|0 fnt\n|faint|p2a: Zeraora\n|\n|upkeep\n|\n|t:|1596865022\n|switch|p2a: Urshifu|Urshifu, M|100\/100\n|turn|22\n|\n|t:|1596865024\n|move|p1a: Serpentine|Dragon Darts|p2a: Urshifu\n|-damage|p2a: Urshifu|73\/100\n|-anim|p1a: Serpentine|Dragon Darts|p2a: Urshifu\n|-damage|p2a: Urshifu|46\/100\n|move|p2a: Urshifu|Bulk Up|p2a: Urshifu\n|-boost|p2a: Urshifu|atk|1\n|-boost|p2a: Urshifu|def|1\n|\n|upkeep\n|turn|23\n|\n|t:|1596865028\n|move|p2a: Urshifu|Sucker Punch|p1a: Serpentine\n|-supereffective|p1a: Serpentine\n|-damage|p1a: Serpentine|0 fnt\n|-damage|p2a: Urshifu|36\/100|[from] item: Life Orb\n|faint|p1a: Serpentine\n|\n|upkeep\n|\n|t:|1596865048\n|switch|p1a: Amaterasu|Volcarona, M, shiny|100\/100\n|turn|24\n|\n|t:|1596865051\n|move|p2a: Urshifu|Sucker Punch|p1a: Amaterasu\n|-damage|p1a: Amaterasu|31\/100\n|-damage|p2a: Urshifu|26\/100|[from] item: Life Orb\n|move|p1a: Amaterasu|Flamethrower|p2a: Urshifu\n|-damage|p2a: Urshifu|0 fnt\n|faint|p2a: Urshifu\n|\n|upkeep\n|\n|t:|1596865054\n|switch|p2a: Volcarona|Volcarona, M|42\/100\n|turn|25\n|\n|t:|1596865059\n|move|p2a: Volcarona|Fiery Dance|p1a: Amaterasu\n|-crit|p1a: Amaterasu\n|-damage|p1a: Amaterasu|0 fnt\n|-boost|p2a: Volcarona|spa|1\n|faint|p1a: Amaterasu\n|\n|upkeep\n|\n|t:|1596865067\n|switch|p1a: Lumberjack|Diggersby, M|68\/100\n|-damage|p1a: Lumberjack|62\/100|[from] Stealth Rock\n|turn|26\n|\n|t:|1596865070\n|move|p1a: Lumberjack|Quick Attack|p2a: Volcarona\n|-damage|p2a: Volcarona|0 fnt\n|-status|p1a: Lumberjack|brn|[from] ability: Flame Body|[of] p2a: Volcarona\n|faint|p2a: Volcarona\n|\n|win|LT71LX Storm\n|l|\u2606LT71LX Storm\n|l|\u2606winter lanterns\n|j| lt71lx vaboh\n","uploadtime":1596865078,"views":161,"p1id":"lt71lxstorm","p2id":"winterlanterns","formatid":"gen8ou","rating":0,"private":0,"password":null}