{"id":"gen8ou-1050744054","p1":"user_1 ou","p2":"Nox Aeternus","format":"gen8ou","log":"|j|\u2606user_1 ou\n|j|\u2606Nox Aeternus\n|player|p1|user_1 ou|eusine|1663\n|player|p2|Nox Aeternus|lucy-gen3|1800\n|teamsize|p1|6\n|teamsize|p2|6\n|gametype|singles\n|gen|8\n|tier|[Gen 8] OU\n|rated|\n|clearpoke\n|poke|p1|Excadrill, M|\n|poke|p1|Froslass, F|\n|poke|p1|Polteageist|\n|poke|p1|Cloyster, F|\n|poke|p1|Barbaracle, F|\n|poke|p1|Dugtrio, F|\n|poke|p2|Dragapult, M|\n|poke|p2|Obstagoon, M|\n|poke|p2|Ferrothorn, M|\n|poke|p2|Rotom-Heat|\n|poke|p2|Hippowdon, F|\n|poke|p2|Hatterene, F|\n|rule|Sleep Clause Mod: Limit one foe put to sleep\n|rule|Species Clause: Limit one of each Pok\u00e9mon\n|rule|OHKO Clause: OHKO moves are banned\n|rule|Evasion Moves Clause: Evasion moves are banned\n|rule|Endless Battle Clause: Forcing endless battles is banned\n|rule|HP Percentage Mod: HP is shown in percentages\n|rule|Dynamax Clause: You cannot dynamax\n|teampreview\n|\n|start\n|switch|p1a: Excadrill|Excadrill, M|100\/100\n|switch|p2a: Hippowdon|Hippowdon, F|100\/100\n|-ability|p1a: Excadrill|Mold Breaker\n|-weather|Sandstorm|[from] ability: Sand Stream|[of] p2a: Hippowdon\n|turn|1\n|\n|move|p1a: Excadrill|Stealth Rock|p2a: Hippowdon\n|-sidestart|p2: Nox Aeternus|move: Stealth Rock\n|move|p2a: Hippowdon|Earthquake|p1a: Excadrill\n|-supereffective|p1a: Excadrill\n|-enditem|p1a: Excadrill|Focus Sash\n|-damage|p1a: Excadrill|1\/100\n|\n|-weather|Sandstorm|[upkeep]\n|upkeep\n|turn|2\n|\n|move|p1a: Excadrill|Earthquake|p2a: Hippowdon\n|-damage|p2a: Hippowdon|64\/100\n|move|p2a: Hippowdon|Stealth Rock|p1a: Excadrill\n|-sidestart|p1: user_1 ou|move: Stealth Rock\n|\n|-weather|Sandstorm|[upkeep]\n|-heal|p2a: Hippowdon|70\/100|[from] item: Leftovers\n|upkeep\n|turn|3\n|\n|switch|p2a: Dragapult|Dragapult, M|100\/100\n|-damage|p2a: Dragapult|88\/100|[from] Stealth Rock\n|move|p1a: Excadrill|Earthquake|p2a: Dragapult\n|-damage|p2a: Dragapult|11\/100\n|\n|-weather|Sandstorm|[upkeep]\n|-damage|p2a: Dragapult|5\/100|[from] Sandstorm\n|upkeep\n|turn|4\n|\n|move|p2a: Dragapult|Shadow Ball|p1a: Excadrill\n|-damage|p1a: Excadrill|0 fnt\n|faint|p1a: Excadrill\n|\n|-weather|Sandstorm|[upkeep]\n|-damage|p2a: Dragapult|0 fnt|[from] Sandstorm\n|faint|p2a: Dragapult\n|upkeep\n|\n|switch|p2a: Rotom|Rotom-Heat|100\/100\n|switch|p1a: Dugtrio|Dugtrio, F|100\/100\n|-damage|p1a: Dugtrio|94\/100|[from] Stealth Rock\n|turn|5\n|\n|move|p1a: Dugtrio|Stone Edge|p2a: Rotom\n|-supereffective|p2a: Rotom\n|-damage|p2a: Rotom|38\/100\n|move|p2a: Rotom|Overheat|p1a: Dugtrio\n|-damage|p1a: Dugtrio|0 fnt\n|-unboost|p2a: Rotom|spa|2\n|faint|p1a: Dugtrio\n|\n|-weather|none\n|upkeep\n|\n|switch|p1a: Froslass|Froslass, F|100\/100\n|-damage|p1a: Froslass|75\/100|[from] Stealth Rock\n|turn|6\n|\n|move|p1a: Froslass|Shadow Ball|p2a: Rotom\n|-damage|p2a: Rotom|14\/100\n|-unboost|p2a: Rotom|spd|1\n|move|p2a: Rotom|Thunder Wave|p1a: Froslass\n|-status|p1a: Froslass|par\n|\n|upkeep\n|turn|7\n|\n|switch|p2a: Obstagoon|Obstagoon, M|100\/100\n|-damage|p2a: Obstagoon|88\/100|[from] Stealth Rock\n|move|p1a: Froslass|Shadow Ball|p2a: Obstagoon\n|-immune|p2a: Obstagoon\n|\n|-status|p2a: Obstagoon|brn|[from] item: Flame Orb\n|upkeep\n|turn|8\n|\n|move|p2a: Obstagoon|Knock Off|p1a: Froslass\n|-supereffective|p1a: Froslass\n|-damage|p1a: Froslass|0 fnt\n|-enditem|p1a: Froslass|Focus Sash|[from] move: Knock Off|[of] p2a: Obstagoon\n|faint|p1a: Froslass\n|\n|-damage|p2a: Obstagoon|82\/100 brn|[from] brn\n|upkeep\n|\n|switch|p1a: Barbaracle|Barbaracle, F|100\/100\n|-damage|p1a: Barbaracle|88\/100|[from] Stealth Rock\n|turn|9\n|\n|move|p2a: Obstagoon|Close Combat|p1a: Barbaracle\n|-supereffective|p1a: Barbaracle\n|-damage|p1a: Barbaracle|0 fnt\n|-unboost|p2a: Obstagoon|def|1\n|-unboost|p2a: Obstagoon|spd|1\n|faint|p1a: Barbaracle\n|\n|-damage|p2a: Obstagoon|76\/100 brn|[from] brn\n|upkeep\n|\n|switch|p1a: Cloyster|Cloyster, F|100\/100\n|-damage|p1a: Cloyster|76\/100|[from] Stealth Rock\n|turn|10\n|j| Jonoboyo\n|\n|move|p2a: Obstagoon|Close Combat|p1a: Cloyster\n|-supereffective|p1a: Cloyster\n|-damage|p1a: Cloyster|0 fnt\n|-unboost|p2a: Obstagoon|def|1\n|-unboost|p2a: Obstagoon|spd|1\n|faint|p1a: Cloyster\n|\n|-damage|p2a: Obstagoon|70\/100 brn|[from] brn\n|upkeep\n|\n|switch|p1a: Polteageist|Polteageist|100\/100\n|-damage|p1a: Polteageist|88\/100|[from] Stealth Rock\n|turn|11\n|\n|move|p2a: Obstagoon|Knock Off|p1a: Polteageist\n|-supereffective|p1a: Polteageist\n|-damage|p1a: Polteageist|0 fnt\n|-enditem|p1a: Polteageist|Focus Sash|[from] move: Knock Off|[of] p2a: Obstagoon\n|faint|p1a: Polteageist\n|\n|win|Nox Aeternus\n|l|\u2606user_1 ou\n|raw|user_1 ou's rating: 1663 &rarr; <strong>1650<\/strong><br \/>(-13 for losing)\n|raw|Nox Aeternus's rating: 1800 &rarr; <strong>1812<\/strong><br \/>(+12 for winning)\n","uploadtime":1579700927,"views":32,"p1id":"user1ou","p2id":"noxaeternus","formatid":"gen8ou","rating":1650,"private":0,"password":null}