{"id":"gen8ou-1626941980","p1":"antarctozolt","p2":"LT91BB BBats","format":"gen8ou","log":"|raw|<div class=\"broadcast-blue\"><strong>This battle is required to be public due to a player having a name starting with 'lt91bb'.<\/div>\n|j|\u2606antarctozolt\n|j|\u2606LT91BB BBats\n|t:|1658996181\n|gametype|singles\n|player|p1|antarctozolt|skier|1844\n|player|p2|LT91BB BBats|n|1847\n|teamsize|p1|6\n|teamsize|p2|6\n|gen|8\n|tier|[Gen 8] OU\n|rated|\n|rule|Sleep Clause Mod: Limit one foe put to sleep\n|rule|Species Clause: Limit one of each Pok\u00e9mon\n|rule|OHKO Clause: OHKO moves are banned\n|rule|Evasion Moves Clause: Evasion moves are banned\n|rule|Endless Battle Clause: Forcing endless battles is banned\n|rule|HP Percentage Mod: HP is shown in percentages\n|rule|Dynamax Clause: You cannot dynamax\n|clearpoke\n|poke|p1|Hippowdon, M|\n|poke|p1|Zeraora|\n|poke|p1|Xatu, F|\n|poke|p1|Toxapex, M|\n|poke|p1|Corviknight, F|\n|poke|p1|Blissey, F|\n|poke|p2|Zapdos|\n|poke|p2|Weavile, F|\n|poke|p2|Kartana|\n|poke|p2|Landorus-Therian, M|\n|poke|p2|Volcanion|\n|poke|p2|Melmetal|\n|teampreview\n|j| saki X toki\n|\n|t:|1658996191\n|start\n|switch|p1a: Zeraora|Zeraora, shiny|100\/100\n|switch|p2a: Weavile|Weavile, F|100\/100\n|-ability|p2a: Weavile|Pressure\n|turn|1\n|\n|t:|1658996195\n|switch|p2a: Landorus|Landorus-Therian, M|100\/100\n|-ability|p2a: Landorus|Intimidate|boost\n|-unboost|p1a: Zeraora|atk|1\n|move|p1a: Zeraora|Toxic|p2a: Landorus\n|-status|p2a: Landorus|tox\n|\n|-damage|p2a: Landorus|94\/100 tox|[from] psn\n|upkeep\n|turn|2\n|\n|t:|1658996200\n|switch|p1a: Corviknight|Corviknight, F, shiny|100\/100\n|-ability|p1a: Corviknight|Pressure\n|move|p2a: Landorus|U-turn|p1a: Corviknight\n|-resisted|p1a: Corviknight\n|-damage|p1a: Corviknight|97\/100\n|\n|t:|1658996202\n|switch|p2a: Volcanion|Volcanion|100\/100|[from]move: U-turn\n|\n|-heal|p1a: Corviknight|100\/100|[from] item: Leftovers\n|upkeep\n|turn|3\n|\n|t:|1658996210\n|switch|p2a: Weavile|Weavile, F|100\/100\n|-ability|p2a: Weavile|Pressure\n|switch|p1a: Blissey|Blissey, F, shiny|100\/100\n|\n|upkeep\n|turn|4\n|\n|t:|1658996215\n|switch|p1a: Toxapex|Toxapex, M, shiny|100\/100\n|move|p2a: Weavile|Knock Off|p1a: Toxapex\n|-damage|p1a: Toxapex|61\/100\n|-enditem|p1a: Toxapex|Shed Shell|[from] move: Knock Off|[of] p2a: Weavile\n|\n|upkeep\n|turn|5\n|\n|t:|1658996220\n|switch|p2a: Zapdos|Zapdos|100\/100\n|move|p1a: Toxapex|Recover|p1a: Toxapex\n|-heal|p1a: Toxapex|100\/100\n|\n|upkeep\n|turn|6\n|\n|t:|1658996224\n|switch|p1a: Zeraora|Zeraora, shiny|100\/100\n|move|p2a: Zapdos|Volt Switch|p1a: Zeraora\n|-immune|p1a: Zeraora|[from] ability: Volt Absorb\n|\n|upkeep\n|turn|7\n|\n|t:|1658996227\n|switch|p2a: Landorus|Landorus-Therian, M|94\/100 tox\n|-ability|p2a: Landorus|Intimidate|boost\n|-unboost|p1a: Zeraora|atk|1\n|move|p1a: Zeraora|Knock Off|p2a: Landorus\n|-damage|p2a: Landorus|75\/100 tox\n|-enditem|p2a: Landorus|Leftovers|[from] move: Knock Off|[of] p1a: Zeraora\n|\n|-damage|p2a: Landorus|69\/100 tox|[from] psn\n|upkeep\n|turn|8\n|\n|t:|1658996230\n|switch|p1a: Corviknight|Corviknight, F, shiny|100\/100\n|-ability|p1a: Corviknight|Pressure\n|move|p2a: Landorus|U-turn|p1a: Corviknight\n|-resisted|p1a: Corviknight\n|-damage|p1a: Corviknight|97\/100\n|\n|t:|1658996234\n|switch|p2a: Zapdos|Zapdos|100\/100|[from]move: U-turn\n|\n|-heal|p1a: Corviknight|100\/100|[from] item: Leftovers\n|upkeep\n|turn|9\n|\n|t:|1658996240\n|switch|p1a: Blissey|Blissey, F, shiny|100\/100\n|move|p2a: Zapdos|Volt Switch|p1a: Blissey\n|-damage|p1a: Blissey|86\/100\n|\n|t:|1658996242\n|switch|p2a: Weavile|Weavile, F|100\/100|[from]move: Volt Switch\n|-ability|p2a: Weavile|Pressure\n|\n|upkeep\n|turn|10\n|j| ripreckful\n|j| lzaaaaa\n|j| CrucialKoko\n|\n|t:|1658996244\n|switch|p1a: Toxapex|Toxapex, M, shiny|100\/100\n|move|p2a: Weavile|Beat Up|p1a: Toxapex\n|-damage|p1a: Toxapex|93\/100\n|-damage|p1a: Toxapex|87\/100\n|-damage|p1a: Toxapex|77\/100\n|-damage|p1a: Toxapex|69\/100\n|-damage|p1a: Toxapex|61\/100\n|-hitcount|p1a: Toxapex|5\n|\n|upkeep\n|turn|11\n|\n|t:|1658996249\n|switch|p2a: Melmetal|Melmetal|100\/100\n|move|p1a: Toxapex|Scald|p2a: Melmetal\n|-damage|p2a: Melmetal|80\/100\n|\n|upkeep\n|turn|12\n|j| Separation\n|\n|t:|1658996256\n|switch|p1a: Corviknight|Corviknight, F, shiny|100\/100\n|-ability|p1a: Corviknight|Pressure\n|move|p2a: Melmetal|Double Iron Bash|p1a: Corviknight\n|-resisted|p1a: Corviknight\n|-damage|p1a: Corviknight|81\/100\n|-resisted|p1a: Corviknight\n|-damage|p1a: Corviknight|60\/100\n|-hitcount|p1a: Corviknight|2\n|\n|-heal|p1a: Corviknight|66\/100|[from] item: Leftovers\n|upkeep\n|turn|13\n|\n|t:|1658996260\n|switch|p2a: Zapdos|Zapdos|100\/100\n|move|p1a: Corviknight|Roost|p1a: Corviknight\n|-heal|p1a: Corviknight|100\/100\n|-singleturn|p1a: Corviknight|move: Roost\n|\n|upkeep\n|turn|14\n|\n|t:|1658996263\n|switch|p1a: Zeraora|Zeraora, shiny|100\/100\n|move|p2a: Zapdos|Hurricane|p1a: Zeraora\n|-resisted|p1a: Zeraora\n|-damage|p1a: Zeraora|62\/100\n|-start|p1a: Zeraora|confusion\n|\n|-heal|p1a: Zeraora|68\/100|[from] item: Leftovers\n|upkeep\n|turn|15\n|\n|t:|1658996266\n|switch|p2a: Landorus|Landorus-Therian, M|69\/100 tox\n|-ability|p2a: Landorus|Intimidate|boost\n|-unboost|p1a: Zeraora|atk|1\n|-activate|p1a: Zeraora|confusion\n|move|p1a: Zeraora|Knock Off|p2a: Landorus\n|-damage|p2a: Landorus|55\/100 tox\n|\n|-heal|p1a: Zeraora|74\/100|[from] item: Leftovers\n|-damage|p2a: Landorus|49\/100 tox|[from] psn\n|upkeep\n|turn|16\n|\n|t:|1658996269\n|switch|p1a: Corviknight|Corviknight, F, shiny|100\/100\n|-ability|p1a: Corviknight|Pressure\n|move|p2a: Landorus|U-turn|p1a: Corviknight\n|-resisted|p1a: Corviknight\n|-damage|p1a: Corviknight|97\/100\n|\n|t:|1658996271\n|switch|p2a: Volcanion|Volcanion|100\/100|[from]move: U-turn\n|\n|-heal|p1a: Corviknight|100\/100|[from] item: Leftovers\n|upkeep\n|turn|17\n|j| icefacez\n|\n|t:|1658996277\n|switch|p2a: Melmetal|Melmetal|80\/100\n|switch|p1a: Blissey|Blissey, F, shiny|86\/100\n|\n|upkeep\n|turn|18\n|\n|t:|1658996281\n|switch|p1a: Hippowdon|Hippowdon, M, shiny|100\/100\n|-weather|Sandstorm|[from] ability: Sand Stream|[of] p1a: Hippowdon\n|move|p2a: Melmetal|Thunder Punch|p1a: Hippowdon\n|-immune|p1a: Hippowdon\n|\n|-weather|Sandstorm|[upkeep]\n|upkeep\n|turn|19\n|\n|t:|1658996285\n|switch|p2a: Landorus|Landorus-Therian, M|49\/100 tox\n|-ability|p2a: Landorus|Intimidate|boost\n|-unboost|p1a: Hippowdon|atk|1\n|move|p1a: Hippowdon|Stealth Rock|p2a: Landorus\n|-sidestart|p2: LT91BB BBats|move: Stealth Rock\n|\n|-weather|Sandstorm|[upkeep]\n|-damage|p2a: Landorus|43\/100 tox|[from] psn\n|upkeep\n|turn|20\n|\n|t:|1658996288\n|switch|p1a: Xatu|Xatu, F, shiny|100\/100\n|move|p2a: Landorus|Stealth Rock|p1a: Xatu\n|move|p1a: Xatu|Stealth Rock||[from]ability: Magic Bounce|[still]\n|-fail|p1a: Xatu\n|\n|-weather|Sandstorm|[upkeep]\n|-damage|p1a: Xatu|94\/100|[from] Sandstorm\n|-heal|p1a: Xatu|100\/100|[from] item: Leftovers\n|-damage|p2a: Landorus|31\/100 tox|[from] psn\n|upkeep\n|turn|21\n|j| Linkerrr\n|\n|t:|1658996292\n|move|p2a: Landorus|Defog|p1a: Xatu\n|move|p1a: Xatu|Defog|p2a: Landorus|[from]ability: Magic Bounce\n|-unboost|p2a: Landorus|evasion|1\n|-sideend|p2: LT91BB BBats|Stealth Rock|[from] move: Defog|[of] p1a: Xatu\n|move|p1a: Xatu|Teleport|p1a: Xatu\n|j| Kabunox\n|\n|t:|1658996297\n|switch|p1a: Zeraora|Zeraora, shiny|74\/100|[from]move: Teleport\n|\n|-weather|Sandstorm|[upkeep]\n|-damage|p1a: Zeraora|68\/100|[from] Sandstorm\n|-heal|p1a: Zeraora|74\/100|[from] item: Leftovers\n|-damage|p2a: Landorus|13\/100 tox|[from] psn\n|upkeep\n|turn|22\n|\n|t:|1658996301\n|move|p1a: Zeraora|Knock Off|p2a: Landorus\n|-damage|p2a: Landorus|0 fnt\n|faint|p2a: Landorus\n|\n|-weather|none\n|-heal|p1a: Zeraora|80\/100|[from] item: Leftovers\n|upkeep\n|j| LT91BB INSULT\n|\n|t:|1658996305\n|switch|p2a: Melmetal|Melmetal|80\/100\n|turn|23\n|\n|t:|1658996310\n|switch|p1a: Corviknight|Corviknight, F, shiny|100\/100\n|-ability|p1a: Corviknight|Pressure\n|move|p2a: Melmetal|Thunder Punch|p1a: Corviknight\n|-supereffective|p1a: Corviknight\n|-damage|p1a: Corviknight|31\/100\n|\n|-heal|p1a: Corviknight|37\/100|[from] item: Leftovers\n|upkeep\n|turn|24\n|l| Kabunox\n|\n|t:|1658996317\n|switch|p2a: Zapdos|Zapdos|100\/100\n|move|p1a: Corviknight|Roost|p1a: Corviknight\n|-heal|p1a: Corviknight|87\/100\n|-singleturn|p1a: Corviknight|move: Roost\n|\n|-heal|p1a: Corviknight|93\/100|[from] item: Leftovers\n|upkeep\n|turn|25\n|\n|t:|1658996321\n|switch|p1a: Zeraora|Zeraora, shiny|80\/100\n|move|p2a: Zapdos|Volt Switch|p1a: Zeraora\n|-heal|p1a: Zeraora|100\/100|[from] ability: Volt Absorb|[of] p2a: Zapdos\n|\n|upkeep\n|turn|26\n|\n|t:|1658996325\n|move|p1a: Zeraora|Plasma Fists|p2a: Zapdos\n|-damage|p2a: Zapdos|41\/100\n|-fieldactivate|move: Ion Deluge\n|-hint|Normal-type moves become Electric-type after using Plasma Fists.\n|move|p2a: Zapdos|Hurricane|p1a: Zeraora|[miss]\n|-miss|p2a: Zapdos|p1a: Zeraora\n|\n|upkeep\n|turn|27\n|j| Mournfinale\n|j| ClumsyClefable\n|j| RNN YasuKe\n|\n|t:|1658996329\n|move|p1a: Zeraora|Knock Off|p2a: Zapdos\n|-damage|p2a: Zapdos|0 fnt\n|-enditem|p2a: Zapdos|Heavy-Duty Boots|[from] move: Knock Off|[of] p1a: Zeraora\n|faint|p2a: Zapdos\n|\n|upkeep\n|j| Ivehadenoughshit\n|\n|t:|1658996333\n|switch|p2a: Melmetal|Melmetal|80\/100\n|turn|28\n|l| lzaaaaa\n|\n|t:|1658996337\n|switch|p1a: Toxapex|Toxapex, M, shiny|94\/100\n|move|p2a: Melmetal|Double Iron Bash|p1a: Toxapex\n|-resisted|p1a: Toxapex\n|-damage|p1a: Toxapex|73\/100\n|-resisted|p1a: Toxapex\n|-damage|p1a: Toxapex|54\/100\n|-hitcount|p1a: Toxapex|2\n|\n|upkeep\n|turn|29\n|\n|t:|1658996340\n|switch|p1a: Corviknight|Corviknight, F, shiny|93\/100\n|-ability|p1a: Corviknight|Pressure\n|move|p2a: Melmetal|Double Iron Bash|p1a: Corviknight\n|-resisted|p1a: Corviknight\n|-damage|p1a: Corviknight|73\/100\n|-resisted|p1a: Corviknight\n|-damage|p1a: Corviknight|51\/100\n|-hitcount|p1a: Corviknight|2\n|\n|-heal|p1a: Corviknight|58\/100|[from] item: Leftovers\n|upkeep\n|turn|30\n|\n|t:|1658996342\n|move|p1a: Corviknight|Roost|p1a: Corviknight\n|-heal|p1a: Corviknight|100\/100\n|-singleturn|p1a: Corviknight|move: Roost\n|move|p2a: Melmetal|Double Iron Bash|p1a: Corviknight\n|-resisted|p1a: Corviknight\n|-damage|p1a: Corviknight|79\/100\n|-resisted|p1a: Corviknight\n|-damage|p1a: Corviknight|59\/100\n|-hitcount|p1a: Corviknight|2\n|\n|-heal|p1a: Corviknight|65\/100|[from] item: Leftovers\n|upkeep\n|turn|31\n|-message|LT91BB BBats forfeited.\n|\n|win|antarctozolt\n|raw|antarctozolt's rating: 1844 &rarr; <strong>1864<\/strong><br \/>(+20 for winning)\n|raw|LT91BB BBats's rating: 1847 &rarr; <strong>1827<\/strong><br \/>(-20 for losing)\n|l|\u2606LT91BB BBats\n","uploadtime":1658996349,"views":150,"p1id":"antarctozolt","p2id":"lt91bbbbats","formatid":"gen8ou","rating":1827,"private":0,"password":null}