{"id":"gen8ou-1667181116","p1":"thearmyant","p2":"2(H2O)","format":"gen8ou","log":"|j|\u2606thearmyant\n|j|\u26062(H2O)\n|t:|1663493423\n|gametype|singles\n|player|p1|thearmyant|1|1724\n|player|p2|2(H2O)|chase|1772\n|teamsize|p1|6\n|teamsize|p2|6\n|gen|8\n|tier|[Gen 8] OU\n|rated|\n|rule|Sleep Clause Mod: Limit one foe put to sleep\n|rule|Species Clause: Limit one of each Pok\u00e9mon\n|rule|OHKO Clause: OHKO moves are banned\n|rule|Evasion Items Clause: Evasion items are banned\n|rule|Evasion Moves Clause: Evasion moves are banned\n|rule|Endless Battle Clause: Forcing endless battles is banned\n|rule|HP Percentage Mod: HP is shown in percentages\n|rule|Dynamax Clause: You cannot dynamax\n|clearpoke\n|poke|p1|Tapu Koko|\n|poke|p1|Dragonite, M|\n|poke|p1|Victini|\n|poke|p1|Ferrothorn, F|\n|poke|p1|Landorus-Therian, M|\n|poke|p1|Clefable, F|\n|poke|p2|Hatterene, F|\n|poke|p2|Cresselia, F|\n|poke|p2|Porygon2|\n|poke|p2|Torkoal, F|\n|poke|p2|Marowak-Alola, F|\n|poke|p2|Stakataka|\n|teampreview\n|inactive|Battle timer is ON: inactive players will automatically lose when time's up. (requested by 2(H2O))\n|\n|t:|1663493434\n|start\n|switch|p1a: Landorus|Landorus-Therian, M|100\/100\n|switch|p2a: Hatterene|Hatterene, F, shiny|100\/100\n|-ability|p1a: Landorus|Intimidate|boost\n|-unboost|p2a: Hatterene|atk|1\n|turn|1\n|\n|t:|1663493437\n|move|p1a: Landorus|U-turn|p2a: Hatterene\n|-crit|p2a: Hatterene\n|-damage|p2a: Hatterene|64\/100\n|\n|t:|1663493442\n|switch|p1a: Victini|Victini|100\/100|[from]move: U-turn\n|move|p2a: Hatterene|Trick Room|p2a: Hatterene\n|-fieldstart|move: Trick Room|[of] p2a: Hatterene\n|\n|upkeep\n|turn|2\n|\n|t:|1663493448\n|move|p2a: Hatterene|Healing Wish|p2a: Hatterene\n|faint|p2a: Hatterene\n|move|p1a: Victini|U-turn|p2: Hatterene|[notarget]\n|-fail|p1a: Victini\n|\n|upkeep\n|j| ydk916\n|\n|t:|1663493452\n|switch|p2a: Torkoal|Torkoal, F|100\/100\n|-weather|SunnyDay|[from] ability: Drought|[of] p2a: Torkoal\n|turn|3\n|\n|t:|1663493458\n|move|p2a: Torkoal|Eruption|p1a: Victini\n|-resisted|p1a: Victini\n|-damage|p1a: Victini|28\/100\n|move|p1a: Victini|Encore|p2a: Torkoal\n|-start|p2a: Torkoal|Encore\n|\n|-weather|SunnyDay|[upkeep]\n|upkeep\n|turn|4\n|\n|t:|1663493468\n|move|p2a: Torkoal|Eruption|p1a: Victini\n|-resisted|p1a: Victini\n|-damage|p1a: Victini|0 fnt\n|faint|p1a: Victini\n|\n|-weather|SunnyDay|[upkeep]\n|upkeep\n|\n|t:|1663493470\n|switch|p1a: Dragonite|Dragonite, M|100\/100\n|turn|5\n|\n|t:|1663493472\n|move|p2a: Torkoal|Eruption|p1a: Dragonite\n|-resisted|p1a: Dragonite\n|-damage|p1a: Dragonite|70\/100\n|move|p1a: Dragonite|Dragon Dance|p1a: Dragonite\n|-boost|p1a: Dragonite|atk|1\n|-boost|p1a: Dragonite|spe|1\n|\n|-weather|SunnyDay|[upkeep]\n|-fieldend|move: Trick Room\n|upkeep\n|turn|6\n|\n|t:|1663493481\n|switch|p2a: Cresselia|Cresselia, F|100\/100\n|move|p1a: Dragonite|Dual Wingbeat|p2a: Cresselia\n|-damage|p2a: Cresselia|86\/100\n|-damage|p2a: Cresselia|72\/100\n|-hitcount|p2a: Cresselia|2\n|\n|-weather|SunnyDay|[upkeep]\n|upkeep\n|turn|7\n|\n|t:|1663493487\n|move|p1a: Dragonite|Roost|p1a: Dragonite\n|-heal|p1a: Dragonite|100\/100\n|-singleturn|p1a: Dragonite|move: Roost\n|move|p2a: Cresselia|Ice Beam|p1a: Dragonite\n|-supereffective|p1a: Dragonite\n|-damage|p1a: Dragonite|85\/100\n|\n|-weather|none\n|upkeep\n|turn|8\n|j| i-TigEr4\n|\n|t:|1663493511\n|move|p1a: Dragonite|Dragon Dance|p1a: Dragonite\n|-boost|p1a: Dragonite|atk|1\n|-boost|p1a: Dragonite|spe|1\n|move|p2a: Cresselia|Trick Room|p2a: Cresselia\n|-fieldstart|move: Trick Room|[of] p2a: Cresselia\n|\n|upkeep\n|turn|9\n|\n|t:|1663493513\n|move|p2a: Cresselia|Ice Beam|p1a: Dragonite\n|-supereffective|p1a: Dragonite\n|-damage|p1a: Dragonite|28\/100\n|move|p1a: Dragonite|Roost|p1a: Dragonite\n|-heal|p1a: Dragonite|78\/100\n|-singleturn|p1a: Dragonite|move: Roost\n|\n|upkeep\n|turn|10\n|\n|t:|1663493520\n|move|p2a: Cresselia|Ice Beam|p1a: Dragonite\n|-supereffective|p1a: Dragonite\n|-damage|p1a: Dragonite|16\/100\n|move|p1a: Dragonite|Roost|p1a: Dragonite\n|-heal|p1a: Dragonite|66\/100\n|-singleturn|p1a: Dragonite|move: Roost\n|\n|upkeep\n|turn|11\n|\n|t:|1663493523\n|move|p2a: Cresselia|Ice Beam|p1a: Dragonite\n|-supereffective|p1a: Dragonite\n|-damage|p1a: Dragonite|8\/100\n|move|p1a: Dragonite|Roost|p1a: Dragonite\n|-heal|p1a: Dragonite|58\/100\n|-singleturn|p1a: Dragonite|move: Roost\n|\n|upkeep\n|turn|12\n|\n|t:|1663493526\n|move|p2a: Cresselia|Ice Beam|p1a: Dragonite\n|-supereffective|p1a: Dragonite\n|-damage|p1a: Dragonite|2\/100\n|move|p1a: Dragonite|Roost|p1a: Dragonite\n|-heal|p1a: Dragonite|52\/100\n|-singleturn|p1a: Dragonite|move: Roost\n|\n|-fieldend|move: Trick Room\n|upkeep\n|turn|13\n|\n|t:|1663493528\n|move|p1a: Dragonite|Roost|p1a: Dragonite\n|-heal|p1a: Dragonite|100\/100\n|-singleturn|p1a: Dragonite|move: Roost\n|move|p2a: Cresselia|Ice Beam|p1a: Dragonite\n|-supereffective|p1a: Dragonite\n|-damage|p1a: Dragonite|87\/100\n|-status|p1a: Dragonite|frz\n|\n|upkeep\n|turn|14\n|\n|t:|1663493531\n|cant|p1a: Dragonite|frz\n|move|p2a: Cresselia|Trick Room|p2a: Cresselia\n|-fieldstart|move: Trick Room|[of] p2a: Cresselia\n|\n|upkeep\n|turn|15\n|\n|t:|1663493535\n|switch|p1a: Ferrothorn|Ferrothorn, F|100\/100\n|move|p2a: Cresselia|Ice Beam|p1a: Ferrothorn\n|-damage|p1a: Ferrothorn|87\/100\n|\n|upkeep\n|turn|16\n|\n|t:|1663493538\n|switch|p2a: Torkoal|Torkoal, F|100\/100\n|-weather|SunnyDay|[from] ability: Drought|[of] p2a: Torkoal\n|move|p1a: Ferrothorn|Knock Off|p2a: Torkoal\n|-damage|p2a: Torkoal|83\/100\n|-enditem|p2a: Torkoal|Choice Specs|[from] move: Knock Off|[of] p1a: Ferrothorn\n|\n|-weather|SunnyDay|[upkeep]\n|upkeep\n|turn|17\n|\n|t:|1663493549\n|switch|p1a: Dragonite|Dragonite, M|87\/100 frz\n|move|p2a: Torkoal|Weather Ball|p1a: Dragonite\n|-resisted|p1a: Dragonite\n|-damage|p1a: Dragonite|57\/100 frz\n|-curestatus|p1a: Dragonite|frz|[msg]\n|\n|-weather|SunnyDay|[upkeep]\n|upkeep\n|turn|18\n|\n|t:|1663493557\n|switch|p2a: Marowak|Marowak-Alola, F|100\/100\n|move|p1a: Dragonite|Roost|p1a: Dragonite\n|-heal|p1a: Dragonite|100\/100\n|-singleturn|p1a: Dragonite|move: Roost\n|\n|-weather|SunnyDay|[upkeep]\n|-fieldend|move: Trick Room\n|upkeep\n|turn|19\n|\n|t:|1663493562\n|switch|p2a: Cresselia|Cresselia, F|72\/100\n|-heal|p2a: Cresselia|100\/100|[from] move: Healing Wish\n|move|p1a: Dragonite|Earthquake|p2a: Cresselia\n|-immune|p2a: Cresselia|[from] ability: Levitate\n|\n|-weather|SunnyDay|[upkeep]\n|upkeep\n|turn|20\n|l| i-TigEr4\n|\n|t:|1663493566\n|switch|p1a: Ferrothorn|Ferrothorn, F|87\/100\n|move|p2a: Cresselia|Trick Room|p2a: Cresselia\n|-fieldstart|move: Trick Room|[of] p2a: Cresselia\n|\n|-weather|none\n|upkeep\n|turn|21\n|\n|t:|1663493569\n|switch|p2a: Torkoal|Torkoal, F|83\/100\n|-weather|SunnyDay|[from] ability: Drought|[of] p2a: Torkoal\n|move|p1a: Ferrothorn|Knock Off|p2a: Torkoal\n|-damage|p2a: Torkoal|73\/100\n|\n|-weather|SunnyDay|[upkeep]\n|upkeep\n|turn|22\n|\n|t:|1663493576\n|switch|p1a: Dragonite|Dragonite, M|100\/100\n|switch|p2a: Stakataka|Stakataka, shiny|100\/100\n|\n|-weather|SunnyDay|[upkeep]\n|upkeep\n|turn|23\n|\n|t:|1663493579\n|move|p2a: Stakataka|Stone Edge|p1a: Dragonite|[miss]\n|-miss|p2a: Stakataka|p1a: Dragonite\n|move|p1a: Dragonite|Earthquake|p2a: Stakataka\n|-supereffective|p2a: Stakataka\n|-damage|p2a: Stakataka|18\/100\n|\n|-weather|SunnyDay|[upkeep]\n|upkeep\n|turn|24\n|\n|t:|1663493585\n|move|p2a: Stakataka|Stone Edge|p1a: Dragonite\n|-supereffective|p1a: Dragonite\n|-damage|p1a: Dragonite|25\/100\n|-damage|p2a: Stakataka|8\/100|[from] item: Life Orb\n|move|p1a: Dragonite|Earthquake|p2a: Stakataka\n|-supereffective|p2a: Stakataka\n|-damage|p2a: Stakataka|0 fnt\n|faint|p2a: Stakataka\n|\n|-weather|SunnyDay|[upkeep]\n|-fieldend|move: Trick Room\n|upkeep\n|\n|t:|1663493589\n|switch|p2a: Marowak|Marowak-Alola, F|100\/100\n|turn|25\n|\n|t:|1663493601\n|move|p1a: Dragonite|Earthquake|p2a: Marowak\n|-supereffective|p2a: Marowak\n|-damage|p2a: Marowak|35\/100\n|move|p2a: Marowak|Poltergeist|p1a: Dragonite\n|-activate|p1a: Dragonite|move: Poltergeist|Heavy-Duty Boots\n|-damage|p1a: Dragonite|0 fnt\n|faint|p1a: Dragonite\n|\n|-weather|none\n|upkeep\n|\n|t:|1663493613\n|switch|p1a: Landorus|Landorus-Therian, M|100\/100\n|-ability|p1a: Landorus|Intimidate|boost\n|-unboost|p2a: Marowak|atk|1\n|turn|26\n|j| Ran Kob\n|\n|t:|1663493624\n|switch|p2a: Cresselia|Cresselia, F|100\/100\n|move|p1a: Landorus|Stealth Rock|p2a: Cresselia\n|-sidestart|p2: 2(H2O)|move: Stealth Rock\n|\n|upkeep\n|turn|27\n|\n|t:|1663493629\n|move|p1a: Landorus|U-turn|p2a: Cresselia\n|-supereffective|p2a: Cresselia\n|-damage|p2a: Cresselia|77\/100\n|\n|t:|1663493631\n|switch|p1a: Ferrothorn|Ferrothorn, F|87\/100|[from]move: U-turn\n|move|p2a: Cresselia|Trick Room|p2a: Cresselia\n|-fieldstart|move: Trick Room|[of] p2a: Cresselia\n|\n|upkeep\n|turn|28\n|\n|t:|1663493633\n|switch|p2a: Torkoal|Torkoal, F|73\/100\n|-damage|p2a: Torkoal|48\/100|[from] Stealth Rock\n|-weather|SunnyDay|[from] ability: Drought|[of] p2a: Torkoal\n|move|p1a: Ferrothorn|Knock Off|p2a: Torkoal\n|-damage|p2a: Torkoal|37\/100\n|\n|-weather|SunnyDay|[upkeep]\n|upkeep\n|turn|29\n|\n|t:|1663493647\n|switch|p1a: Clefable|Clefable, F, shiny|100\/100\n|move|p2a: Torkoal|Weather Ball|p1a: Clefable\n|-damage|p1a: Clefable|49\/100\n|\n|-weather|SunnyDay|[upkeep]\n|upkeep\n|turn|30\n|\n|t:|1663493664\n|move|p2a: Torkoal|Weather Ball|p1a: Clefable\n|-damage|p1a: Clefable|0 fnt\n|faint|p1a: Clefable\n|\n|-weather|SunnyDay|[upkeep]\n|upkeep\n|\n|t:|1663493668\n|switch|p1a: Landorus|Landorus-Therian, M|100\/100\n|-ability|p1a: Landorus|Intimidate|boost\n|-unboost|p2a: Torkoal|atk|1\n|turn|31\n|\n|t:|1663493675\n|move|p2a: Torkoal|Weather Ball|p1a: Landorus\n|-damage|p1a: Landorus|48\/100\n|move|p1a: Landorus|U-turn|p2a: Torkoal\n|-resisted|p2a: Torkoal\n|-damage|p2a: Torkoal|29\/100\n|\n|t:|1663493677\n|switch|p1a: Tapu Koko|Tapu Koko|100\/100|[from]move: U-turn\n|-fieldstart|move: Electric Terrain|[from] ability: Electric Surge|[of] p1a: Tapu Koko\n|\n|-weather|SunnyDay|[upkeep]\n|-fieldend|move: Trick Room\n|upkeep\n|turn|32\n|\n|t:|1663493683\n|switch|p2a: Porygon2|Porygon2, shiny|100\/100\n|-damage|p2a: Porygon2|88\/100|[from] Stealth Rock\n|-ability|p2a: Porygon2|Electric Surge|[from] ability: Trace|[of] p1a: Tapu Koko\n|move|p1a: Tapu Koko|Thunderbolt|p2a: Porygon2\n|-damage|p2a: Porygon2|67\/100\n|\n|-weather|none\n|upkeep\n|turn|33\n|\n|t:|1663493686\n|switch|p1a: Ferrothorn|Ferrothorn, F|87\/100\n|move|p2a: Porygon2|Trick Room|p2a: Porygon2\n|-fieldstart|move: Trick Room|[of] p2a: Porygon2\n|\n|upkeep\n|turn|34\n|\n|t:|1663493690\n|move|p1a: Ferrothorn|Leech Seed|p2a: Porygon2|[miss]\n|-miss|p1a: Ferrothorn|p2a: Porygon2\n|move|p2a: Porygon2|Teleport|p2a: Porygon2\n|\n|t:|1663493693\n|switch|p2a: Torkoal|Torkoal, F|29\/100|[from]move: Teleport\n|-damage|p2a: Torkoal|5\/100|[from] Stealth Rock\n|-weather|SunnyDay|[from] ability: Drought|[of] p2a: Torkoal\n|\n|-weather|SunnyDay|[upkeep]\n|upkeep\n|turn|35\n|\n|t:|1663493697\n|switch|p1a: Landorus|Landorus-Therian, M|48\/100\n|-ability|p1a: Landorus|Intimidate|boost\n|-unboost|p2a: Torkoal|atk|1\n|move|p2a: Torkoal|Weather Ball|p1a: Landorus\n|-damage|p1a: Landorus|0 fnt\n|faint|p1a: Landorus\n|\n|-weather|SunnyDay|[upkeep]\n|-fieldend|move: Electric Terrain\n|upkeep\n|\n|t:|1663493699\n|switch|p1a: Ferrothorn|Ferrothorn, F|87\/100\n|turn|36\n|\n|t:|1663493701\n|move|p2a: Torkoal|Weather Ball|p1a: Ferrothorn\n|-supereffective|p1a: Ferrothorn\n|-damage|p1a: Ferrothorn|0 fnt\n|faint|p1a: Ferrothorn\n|\n|-weather|SunnyDay|[upkeep]\n|upkeep\n|-message|thearmyant forfeited.\n|\n|win|2(H2O)\n|raw|thearmyant's rating: 1724 &rarr; <strong>1707<\/strong><br \/>(-17 for losing)\n|raw|2(H2O)'s rating: 1772 &rarr; <strong>1789<\/strong><br \/>(+17 for winning)\n|l|\u2606thearmyant\n","uploadtime":1663493707,"views":70,"p1id":"thearmyant","p2id":"2h2o","formatid":"gen8ou","rating":1707,"private":0,"password":null}