{"id":"gen8ou-1662076843","p1":"d18l","p2":"okaybears","format":"gen8ou","log":"|j|\u2606d18l\n|j|\u2606okaybears\n|t:|1662949619\n|gametype|singles\n|player|p1|d18l|backpacker|1756\n|player|p2|okaybears|bugcatcher-gen4dp|1721\n|teamsize|p1|6\n|teamsize|p2|6\n|gen|8\n|tier|[Gen 8] OU\n|rated|\n|rule|Sleep Clause Mod: Limit one foe put to sleep\n|rule|Species Clause: Limit one of each Pok\u00e9mon\n|rule|OHKO Clause: OHKO moves are banned\n|rule|Evasion Items Clause: Evasion items are banned\n|rule|Evasion Moves Clause: Evasion moves are banned\n|rule|Endless Battle Clause: Forcing endless battles is banned\n|rule|HP Percentage Mod: HP is shown in percentages\n|rule|Dynamax Clause: You cannot dynamax\n|clearpoke\n|poke|p1|Tapu Koko|\n|poke|p1|Victini|\n|poke|p1|Landorus-Therian, M|\n|poke|p1|Tornadus-Therian, M|\n|poke|p1|Rotom-Wash|\n|poke|p1|Ferrothorn, M|\n|poke|p2|Heatran, M|\n|poke|p2|Venusaur, M|\n|poke|p2|Weavile, M|\n|poke|p2|Torkoal, F|\n|poke|p2|Clefable, F|\n|poke|p2|Landorus-Therian, M|\n|teampreview\n|j| KakunaBR\n|j| Llqht\n|\n|t:|1662949641\n|start\n|switch|p1a: Tornadus|Tornadus-Therian, M|100\/100\n|switch|p2a: Torkoal|Torkoal, F|100\/100\n|-weather|SunnyDay|[from] ability: Drought|[of] p2a: Torkoal\n|turn|1\n|\n|t:|1662949651\n|switch|p2a: Clefable|Clefable, F|100\/100\n|move|p1a: Tornadus|Knock Off|p2a: Clefable\n|-resisted|p2a: Clefable\n|-damage|p2a: Clefable|92\/100\n|-enditem|p2a: Clefable|Leftovers|[from] move: Knock Off|[of] p1a: Tornadus\n|\n|-weather|SunnyDay|[upkeep]\n|upkeep\n|turn|2\n|\n|t:|1662949655\n|move|p1a: Tornadus|U-turn|p2a: Clefable\n|-resisted|p2a: Clefable\n|-damage|p2a: Clefable|86\/100\n|\n|t:|1662949668\n|switch|p1a: Victini|Victini|100\/100|[from]move: U-turn\n|move|p2a: Clefable|Teleport|p2a: Clefable\n|\n|t:|1662949672\n|switch|p2a: Landorus|Landorus-Therian, M|100\/100|[from]move: Teleport\n|-ability|p2a: Landorus|Intimidate|boost\n|-unboost|p1a: Victini|atk|1\n|\n|-weather|SunnyDay|[upkeep]\n|upkeep\n|turn|3\n|\n|t:|1662949682\n|switch|p1a: Landorus|Landorus-Therian, M|100\/100\n|-ability|p1a: Landorus|Intimidate|boost\n|-unboost|p2a: Landorus|atk|1\n|switch|p2a: Heatran|Heatran, M|100\/100\n|-item|p2a: Heatran|Air Balloon\n|\n|-weather|SunnyDay|[upkeep]\n|upkeep\n|turn|4\n|j| h9gh\n|\n|t:|1662949711\n|move|p2a: Heatran|Eruption|p1a: Landorus\n|-damage|p1a: Landorus|0 fnt\n|faint|p1a: Landorus\n|\n|-weather|SunnyDay|[upkeep]\n|upkeep\n|\n|t:|1662949713\n|switch|p1a: Rotom|Rotom-Wash|100\/100\n|turn|5\n|\n|t:|1662949727\n|move|p2a: Heatran|Solar Beam||[still]\n|-prepare|p2a: Heatran|Solar Beam\n|-anim|p2a: Heatran|Solar Beam|p1a: Rotom\n|-supereffective|p1a: Rotom\n|-damage|p1a: Rotom|9\/100\n|move|p1a: Rotom|Volt Switch|p2a: Heatran\n|-damage|p2a: Heatran|75\/100\n|-enditem|p2a: Heatran|Air Balloon\n|\n|t:|1662949740\n|switch|p1a: Victini|Victini|100\/100|[from]move: Volt Switch\n|\n|-weather|SunnyDay|[upkeep]\n|upkeep\n|turn|6\n|\n|t:|1662949745\n|move|p1a: Victini|U-turn|p2a: Heatran\n|-resisted|p2a: Heatran\n|-damage|p2a: Heatran|70\/100\n|\n|t:|1662949747\n|switch|p1a: Rotom|Rotom-Wash|9\/100|[from]move: U-turn\n|move|p2a: Heatran|Earth Power|p1a: Rotom\n|-immune|p1a: Rotom|[from] ability: Levitate\n|\n|-weather|SunnyDay|[upkeep]\n|-heal|p1a: Rotom|15\/100|[from] item: Leftovers\n|upkeep\n|turn|7\n|\n|t:|1662949753\n|move|p2a: Heatran|Eruption|p1a: Rotom\n|-resisted|p1a: Rotom\n|-damage|p1a: Rotom|0 fnt\n|faint|p1a: Rotom\n|\n|-weather|SunnyDay|[upkeep]\n|upkeep\n|\n|t:|1662949758\n|switch|p1a: Tapu Koko|Tapu Koko|100\/100\n|-fieldstart|move: Electric Terrain|[from] ability: Electric Surge|[of] p1a: Tapu Koko\n|turn|8\n|\n|t:|1662949764\n|switch|p2a: Landorus|Landorus-Therian, M|100\/100\n|-ability|p2a: Landorus|Intimidate|boost\n|-unboost|p1a: Tapu Koko|atk|1\n|move|p1a: Tapu Koko|Thunderbolt|p2a: Landorus\n|-immune|p2a: Landorus\n|\n|-weather|none\n|upkeep\n|turn|9\n|\n|t:|1662949770\n|switch|p1a: Tornadus|Tornadus-Therian, M|100\/100\n|move|p2a: Landorus|U-turn|p1a: Tornadus\n|-resisted|p1a: Tornadus\n|-damage|p1a: Tornadus|90\/100\n|\n|t:|1662949774\n|switch|p2a: Torkoal|Torkoal, F|100\/100|[from]move: U-turn\n|-weather|SunnyDay|[from] ability: Drought|[of] p2a: Torkoal\n|\n|-weather|SunnyDay|[upkeep]\n|upkeep\n|turn|10\n|j| chicago slime\n|\n|t:|1662949786\n|switch|p2a: Heatran|Heatran, M|70\/100\n|move|p1a: Tornadus|U-turn|p2a: Heatran\n|-resisted|p2a: Heatran\n|-damage|p2a: Heatran|67\/100\n|\n|t:|1662949789\n|switch|p1a: Tapu Koko|Tapu Koko|100\/100|[from]move: U-turn\n|\n|-weather|SunnyDay|[upkeep]\n|upkeep\n|turn|11\n|\n|t:|1662949793\n|switch|p2a: Landorus|Landorus-Therian, M|100\/100\n|-ability|p2a: Landorus|Intimidate|boost\n|-unboost|p1a: Tapu Koko|atk|1\n|move|p1a: Tapu Koko|Thunderbolt|p2a: Landorus\n|-immune|p2a: Landorus\n|\n|-weather|SunnyDay|[upkeep]\n|upkeep\n|turn|12\n|\n|t:|1662949796\n|switch|p1a: Tornadus|Tornadus-Therian, M|100\/100\n|move|p2a: Landorus|U-turn|p1a: Tornadus\n|-resisted|p1a: Tornadus\n|-damage|p1a: Tornadus|90\/100\n|\n|t:|1662949799\n|switch|p2a: Heatran|Heatran, M|67\/100|[from]move: U-turn\n|\n|-weather|SunnyDay|[upkeep]\n|-fieldend|move: Electric Terrain\n|upkeep\n|turn|13\n|-message|d18l forfeited.\n|\n|win|okaybears\n|raw|d18l's rating: 1756 &rarr; <strong>1734<\/strong><br \/>(-22 for losing)\n|raw|okaybears's rating: 1721 &rarr; <strong>1743<\/strong><br \/>(+22 for winning)\n|l| KakunaBR\n||Ladder isn't responding, score probably updated but might not have (Request timeout).\n","uploadtime":1662949817,"views":50,"p1id":"d18l","p2id":"okaybears","formatid":"gen8ou","rating":1734,"private":0,"password":null}