{"id":"gen8ou-1629848570","p1":"cute pink team","p2":"LT91BB stareal","format":"gen8ou","log":"|raw|<div class=\"broadcast-blue\"><strong>This battle is required to be public due to a player having a name starting with 'lt91bb'.<\/div>\n|j|\u2606cute pink team\n|j|\u2606LT91BB stareal\n|t:|1659358191\n|gametype|singles\n|player|p1|cute pink team|youngster|1734\n|player|p2|LT91BB stareal|169|1822\n|teamsize|p1|6\n|teamsize|p2|6\n|gen|8\n|tier|[Gen 8] OU\n|rated|\n|rule|Sleep Clause Mod: Limit one foe put to sleep\n|rule|Species Clause: Limit one of each Pok\u00e9mon\n|rule|OHKO Clause: OHKO moves are banned\n|rule|Evasion Moves Clause: Evasion moves are banned\n|rule|Endless Battle Clause: Forcing endless battles is banned\n|rule|HP Percentage Mod: HP is shown in percentages\n|rule|Dynamax Clause: You cannot dynamax\n|clearpoke\n|poke|p1|Zapdos|\n|poke|p1|Tyranitar, F|\n|poke|p1|Ditto|\n|poke|p1|Corviknight, F|\n|poke|p1|Volcanion|\n|poke|p1|Blacephalon|\n|poke|p2|Gastrodon-East, M|\n|poke|p2|Blissey, F|\n|poke|p2|Toxapex, M|\n|poke|p2|Clefable, F|\n|poke|p2|Corviknight, M|\n|poke|p2|Slowking-Galar, F|\n|teampreview\n|inactive|Battle timer is ON: inactive players will automatically lose when time's up. (requested by LT91BB stareal)\n|\n|t:|1659358213\n|start\n|switch|p1a: Blacephalon|Blacephalon|100\/100\n|switch|p2a: Slowking|Slowking-Galar, F|100\/100\n|turn|1\n|\n|t:|1659358219\n|switch|p2a: Blissey|Blissey, F|100\/100\n|move|p1a: Blacephalon|Trick|p2a: Blissey\n|-activate|p1a: Blacephalon|move: Trick|[of] p2a: Blissey\n|-item|p2a: Blissey|Choice Scarf|[from] move: Trick\n|-item|p1a: Blacephalon|Heavy-Duty Boots|[from] move: Trick\n|\n|upkeep\n|turn|2\n|\n|t:|1659358225\n|switch|p1a: Corviknight|Corviknight, F|100\/100\n|-ability|p1a: Corviknight|Pressure\n|move|p2a: Blissey|Stealth Rock|p1a: Corviknight\n|-sidestart|p1: cute pink team|move: Stealth Rock\n|\n|upkeep\n|turn|3\n|\n|t:|1659358228\n|switch|p2a: Corviknight|Corviknight, M|100\/100\n|-ability|p2a: Corviknight|Pressure\n|move|p1a: Corviknight|Defog|p2a: Corviknight\n|-unboost|p2a: Corviknight|evasion|1\n|-sideend|p1: cute pink team|Stealth Rock|[from] move: Defog|[of] p1a: Corviknight\n|\n|upkeep\n|turn|4\n|\n|t:|1659358230\n|switch|p2a: Toxapex|Toxapex, M|100\/100\n|move|p1a: Corviknight|U-turn|p2a: Toxapex\n|-resisted|p2a: Toxapex\n|-damage|p2a: Toxapex|96\/100\n|-damage|p1a: Corviknight|84\/100|[from] item: Rocky Helmet|[of] p2a: Toxapex\n|\n|t:|1659358236\n|switch|p1a: Zapdos|Zapdos|100\/100|[from]move: U-turn\n|-ability|p1a: Zapdos|Pressure\n|\n|upkeep\n|turn|5\n|\n|t:|1659358244\n|switch|p2a: Gastrodon|Gastrodon-East, M|100\/100\n|move|p1a: Zapdos|Hurricane|p2a: Gastrodon\n|-damage|p2a: Gastrodon|33\/100\n|\n|-heal|p2a: Gastrodon|39\/100|[from] item: Leftovers\n|upkeep\n|turn|6\n|\n|t:|1659358251\n|switch|p1a: Volcanion|Volcanion|100\/100\n|move|p2a: Gastrodon|Protect||[still]\n|-fail|p2a: Gastrodon\n|\n|-heal|p2a: Gastrodon|46\/100|[from] item: Leftovers\n|upkeep\n|turn|7\n|\n|t:|1659358259\n|move|p1a: Volcanion|Overheat|p2a: Gastrodon\n|-resisted|p2a: Gastrodon\n|-crit|p2a: Gastrodon\n|-damage|p2a: Gastrodon|0 fnt\n|-unboost|p1a: Volcanion|spa|2\n|faint|p2a: Gastrodon\n|\n|upkeep\n|-message|LT91BB stareal forfeited.\n|\n|win|cute pink team\n|raw|cute pink team's rating: 1734 &rarr; <strong>1759<\/strong><br \/>(+25 for winning)\n|raw|LT91BB stareal's rating: 1822 &rarr; <strong>1797<\/strong><br \/>(-25 for losing)\n|l|\u2606LT91BB stareal\n","uploadtime":1659358266,"views":38,"p1id":"cutepinkteam","p2id":"lt91bbstareal","formatid":"gen8ou","rating":1759,"private":0,"password":null}