{"id":"gen8ou-1681308989","p1":"PANDA EXPRESS HR","p2":"quixana","format":"gen8ou","log":"|j|\u2606PANDA EXPRESS HR\n|j|\u2606quixana\n|t:|1665295135\n|gametype|singles\n|player|p1|PANDA EXPRESS HR|170|1650\n|player|p2|quixana|ethan-pokeathlon|1782\n|teamsize|p1|6\n|teamsize|p2|6\n|gen|8\n|tier|[Gen 8] OU\n|rated|\n|rule|Sleep Clause Mod: Limit one foe put to sleep\n|rule|Species Clause: Limit one of each Pok\u00e9mon\n|rule|OHKO Clause: OHKO moves are banned\n|rule|Evasion Items Clause: Evasion items are banned\n|rule|Evasion Moves Clause: Evasion moves are banned\n|rule|Endless Battle Clause: Forcing endless battles is banned\n|rule|HP Percentage Mod: HP is shown in percentages\n|rule|Dynamax Clause: You cannot dynamax\n|clearpoke\n|poke|p1|Accelgor, M|\n|poke|p1|Melmetal|\n|poke|p1|Polteageist|\n|poke|p1|Corviknight, F|\n|poke|p1|Zygarde-10%|\n|poke|p1|Slurpuff, M|\n|poke|p2|Chansey, F|\n|poke|p2|Corviknight, M|\n|poke|p2|Hippowdon, F|\n|poke|p2|Toxapex, M|\n|poke|p2|Clefable, F|\n|poke|p2|Tornadus-Therian, M|\n|teampreview\n|\n|t:|1665295153\n|start\n|switch|p1a: Accelgor|Accelgor, M|100\/100\n|switch|p2a: Hippowdon|Hippowdon, F|100\/100\n|-weather|Sandstorm|[from] ability: Sand Stream|[of] p2a: Hippowdon\n|turn|1\n|j| Ran Kob\n|\n|t:|1665295166\n|move|p1a: Accelgor|Spikes|p2a: Hippowdon\n|-sidestart|p2: quixana|Spikes\n|move|p2a: Hippowdon|Stealth Rock|p1a: Accelgor\n|-sidestart|p1: PANDA EXPRESS HR|move: Stealth Rock\n|\n|-weather|Sandstorm|[upkeep]\n|-damage|p1a: Accelgor|94\/100|[from] Sandstorm\n|upkeep\n|turn|2\n|\n|t:|1665295174\n|move|p1a: Accelgor|Encore|p2a: Hippowdon\n|-start|p2a: Hippowdon|Encore\n|move|p2a: Hippowdon|Stealth Rock||[still]\n|-fail|p2a: Hippowdon\n|\n|-weather|Sandstorm|[upkeep]\n|-damage|p1a: Accelgor|88\/100|[from] Sandstorm\n|upkeep\n|turn|3\n|\n|t:|1665295186\n|switch|p2a: Corviknight|Corviknight, M|100\/100\n|-ability|p2a: Corviknight|Pressure\n|move|p1a: Accelgor|Spikes|p2a: Corviknight\n|-sidestart|p2: quixana|Spikes\n|\n|-weather|Sandstorm|[upkeep]\n|-damage|p1a: Accelgor|82\/100|[from] Sandstorm\n|upkeep\n|turn|4\n|\n|t:|1665295196\n|move|p1a: Accelgor|Final Gambit|p2a: Corviknight\n|-damage|p2a: Corviknight|26\/100\n|faint|p1a: Accelgor\n|move|p2a: Corviknight|Roost|p2a: Corviknight\n|-heal|p2a: Corviknight|76\/100\n|-singleturn|p2a: Corviknight|move: Roost\n|\n|-weather|Sandstorm|[upkeep]\n|-heal|p2a: Corviknight|82\/100|[from] item: Leftovers\n|upkeep\n|\n|t:|1665295201\n|switch|p1a: Zygarde|Zygarde-10%|100\/100\n|-damage|p1a: Zygarde|94\/100|[from] Stealth Rock\n|-ability|p1a: Zygarde|Aura Break\n|turn|5\n|\n|t:|1665295216\n|move|p1a: Zygarde|Thousand Arrows|p2a: Corviknight\n|-damage|p2a: Corviknight|43\/100\n|-start|p2a: Corviknight|Smack Down\n|move|p2a: Corviknight|Roost|p2a: Corviknight\n|-heal|p2a: Corviknight|93\/100\n|-singleturn|p2a: Corviknight|move: Roost\n|\n|-weather|none\n|-heal|p2a: Corviknight|99\/100|[from] item: Leftovers\n|upkeep\n|turn|6\n|\n|t:|1665295239\n|move|p1a: Zygarde|Thousand Arrows|p2a: Corviknight\n|-supereffective|p2a: Corviknight\n|-damage|p2a: Corviknight|31\/100\n|move|p2a: Corviknight|Iron Defense|p2a: Corviknight\n|-boost|p2a: Corviknight|def|2\n|\n|-heal|p2a: Corviknight|38\/100|[from] item: Leftovers\n|upkeep\n|turn|7\n|\n|t:|1665295244\n|move|p1a: Zygarde|Thousand Arrows|p2a: Corviknight\n|-supereffective|p2a: Corviknight\n|-damage|p2a: Corviknight|0 fnt\n|faint|p2a: Corviknight\n|\n|upkeep\n|\n|t:|1665295253\n|switch|p2a: Clefable|Clefable, F|100\/100\n|turn|8\n|\n|t:|1665295256\n|switch|p1a: Melmetal|Melmetal|100\/100\n|-damage|p1a: Melmetal|94\/100|[from] Stealth Rock\n|move|p2a: Clefable|Flamethrower|p1a: Melmetal\n|-supereffective|p1a: Melmetal\n|-damage|p1a: Melmetal|54\/100\n|\n|upkeep\n|turn|9\n|\n|t:|1665295260\n|switch|p2a: Toxapex|Toxapex, M|100\/100\n|-damage|p2a: Toxapex|84\/100|[from] Spikes\n|move|p1a: Melmetal|Double Iron Bash|p2a: Toxapex\n|-resisted|p2a: Toxapex\n|-damage|p2a: Toxapex|63\/100\n|-resisted|p2a: Toxapex\n|-damage|p2a: Toxapex|44\/100\n|-hitcount|p2a: Toxapex|2\n|\n|upkeep\n|turn|10\n|\n|t:|1665295267\n|switch|p1a: Corviknight|Corviknight, F|100\/100\n|-damage|p1a: Corviknight|88\/100|[from] Stealth Rock\n|-ability|p1a: Corviknight|Pressure\n|move|p2a: Toxapex|Recover|p2a: Toxapex\n|-heal|p2a: Toxapex|94\/100\n|\n|upkeep\n|turn|11\n|\n|t:|1665295279\n|move|p1a: Corviknight|Brave Bird|p2a: Toxapex\n|-damage|p2a: Toxapex|70\/100\n|-damage|p1a: Corviknight|82\/100|[from] Recoil\n|move|p2a: Toxapex|Knock Off|p1a: Corviknight\n|-damage|p1a: Corviknight|73\/100\n|-damage|p2a: Toxapex|54\/100|[from] item: Rocky Helmet|[of] p1a: Corviknight\n|-enditem|p1a: Corviknight|Rocky Helmet|[from] move: Knock Off|[of] p2a: Toxapex\n|\n|upkeep\n|turn|12\n|\n|t:|1665295288\n|switch|p2a: Tornadus|Tornadus-Therian, M, shiny|100\/100\n|move|p1a: Corviknight|U-turn|p2a: Tornadus\n|-resisted|p2a: Tornadus\n|-damage|p2a: Tornadus|93\/100\n|\n|t:|1665295291\n|switch|p1a: Melmetal|Melmetal|54\/100|[from]move: U-turn\n|-damage|p1a: Melmetal|48\/100|[from] Stealth Rock\n|\n|upkeep\n|turn|13\n|\n|t:|1665295298\n|move|p2a: Tornadus|Focus Blast|p1a: Melmetal\n|-supereffective|p1a: Melmetal\n|-damage|p1a: Melmetal|0 fnt\n|faint|p1a: Melmetal\n|\n|upkeep\n|\n|t:|1665295304\n|switch|p1a: Zygarde|Zygarde-10%|94\/100\n|-damage|p1a: Zygarde|88\/100|[from] Stealth Rock\n|-ability|p1a: Zygarde|Aura Break\n|turn|14\n|\n|t:|1665295317\n|move|p1a: Zygarde|Thousand Arrows|p2a: Tornadus\n|-damage|p2a: Tornadus|27\/100\n|-start|p2a: Tornadus|Smack Down\n|move|p2a: Tornadus|Knock Off|p1a: Zygarde\n|-damage|p1a: Zygarde|50\/100\n|-enditem|p1a: Zygarde|Choice Band|[from] move: Knock Off|[of] p2a: Tornadus\n|\n|upkeep\n|turn|15\n|\n|t:|1665295327\n|switch|p2a: Hippowdon|Hippowdon, F|100\/100\n|-damage|p2a: Hippowdon|84\/100|[from] Spikes\n|-weather|Sandstorm|[from] ability: Sand Stream|[of] p2a: Hippowdon\n|move|p1a: Zygarde|Thousand Arrows|p2a: Hippowdon\n|-damage|p2a: Hippowdon|56\/100\n|\n|-weather|Sandstorm|[upkeep]\n|-heal|p2a: Hippowdon|62\/100|[from] item: Leftovers\n|upkeep\n|turn|16\n|\n|t:|1665295332\n|move|p1a: Zygarde|Thousand Arrows|p2a: Hippowdon\n|-damage|p2a: Hippowdon|32\/100\n|move|p2a: Hippowdon|Slack Off|p2a: Hippowdon\n|-heal|p2a: Hippowdon|82\/100\n|\n|-weather|Sandstorm|[upkeep]\n|-heal|p2a: Hippowdon|88\/100|[from] item: Leftovers\n|upkeep\n|turn|17\n|\n|t:|1665295336\n|move|p1a: Zygarde|Thousand Arrows|p2a: Hippowdon\n|-damage|p2a: Hippowdon|58\/100\n|move|p2a: Hippowdon|Toxic|p1a: Zygarde\n|-status|p1a: Zygarde|tox\n|\n|-weather|Sandstorm|[upkeep]\n|-heal|p2a: Hippowdon|64\/100|[from] item: Leftovers\n|-damage|p1a: Zygarde|44\/100 tox|[from] psn\n|upkeep\n|turn|18\n|\n|t:|1665295339\n|switch|p1a: Slurpuff|Slurpuff, M|100\/100\n|-damage|p1a: Slurpuff|88\/100|[from] Stealth Rock\n|move|p2a: Hippowdon|Slack Off|p2a: Hippowdon\n|-heal|p2a: Hippowdon|100\/100\n|\n|-weather|Sandstorm|[upkeep]\n|-damage|p1a: Slurpuff|82\/100|[from] Sandstorm\n|upkeep\n|turn|19\n|\n|t:|1665295345\n|move|p1a: Slurpuff|Belly Drum|p1a: Slurpuff\n|-damage|p1a: Slurpuff|32\/100\n|-setboost|p1a: Slurpuff|atk|6|[from] move: Belly Drum\n|-enditem|p1a: Slurpuff|Sitrus Berry|[eat]\n|-heal|p1a: Slurpuff|57\/100|[from] item: Sitrus Berry\n|move|p2a: Hippowdon|Toxic|p1a: Slurpuff\n|-status|p1a: Slurpuff|tox\n|\n|-weather|none\n|-damage|p1a: Slurpuff|50\/100 tox|[from] psn\n|upkeep\n|turn|20\n|\n|t:|1665295351\n|switch|p2a: Clefable|Clefable, F|100\/100\n|move|p1a: Slurpuff|Facade|p2a: Clefable\n|-damage|p2a: Clefable|72\/100\n|\n|-damage|p1a: Slurpuff|38\/100 tox|[from] psn\n|upkeep\n|turn|21\n|\n|t:|1665295355\n|move|p1a: Slurpuff|Play Rough|p2a: Clefable\n|-damage|p2a: Clefable|45\/100\n|move|p2a: Clefable|Soft-Boiled|p2a: Clefable\n|-heal|p2a: Clefable|95\/100\n|\n|-damage|p1a: Slurpuff|19\/100 tox|[from] psn\n|upkeep\n|turn|22\n|\n|t:|1665295362\n|move|p1a: Slurpuff|Play Rough|p2a: Clefable\n|-damage|p2a: Clefable|70\/100\n|move|p2a: Clefable|Calm Mind|p2a: Clefable\n|-boost|p2a: Clefable|spa|1\n|-boost|p2a: Clefable|spd|1\n|\n|-damage|p1a: Slurpuff|0 fnt|[from] psn\n|faint|p1a: Slurpuff\n|upkeep\n|\n|t:|1665295364\n|switch|p1a: Polteageist|Polteageist|100\/100\n|-damage|p1a: Polteageist|88\/100|[from] Stealth Rock\n|turn|23\n|\n|t:|1665295405\n|move|p1a: Polteageist|Shell Smash|p1a: Polteageist\n|-unboost|p1a: Polteageist|def|1\n|-unboost|p1a: Polteageist|spd|1\n|-boost|p1a: Polteageist|atk|2\n|-boost|p1a: Polteageist|spa|2\n|-boost|p1a: Polteageist|spe|2\n|move|p2a: Clefable|Calm Mind|p2a: Clefable\n|-boost|p2a: Clefable|spa|1\n|-boost|p2a: Clefable|spd|1\n|\n|-heal|p1a: Polteageist|94\/100|[from] item: Leftovers\n|upkeep\n|turn|24\n|\n|t:|1665295412\n|move|p1a: Polteageist|Shell Smash|p1a: Polteageist\n|-unboost|p1a: Polteageist|def|1\n|-unboost|p1a: Polteageist|spd|1\n|-boost|p1a: Polteageist|atk|2\n|-boost|p1a: Polteageist|spa|2\n|-boost|p1a: Polteageist|spe|2\n|move|p2a: Clefable|Moonblast|p1a: Polteageist\n|-damage|p1a: Polteageist|20\/100\n|\n|-heal|p1a: Polteageist|27\/100|[from] item: Leftovers\n|upkeep\n|turn|25\n|j| vytycyucvgv\n|\n|t:|1665295418\n|move|p1a: Polteageist|Stored Power|p2a: Clefable\n|-damage|p2a: Clefable|26\/100\n|move|p2a: Clefable|Moonblast|p1a: Polteageist\n|-damage|p1a: Polteageist|0 fnt\n|faint|p1a: Polteageist\n|\n|upkeep\n|-message|PANDA EXPRESS HR forfeited.\n|\n|win|quixana\n|raw|PANDA EXPRESS HR's rating: 1650 &rarr; <strong>1637<\/strong><br \/>(-13 for losing)\n|raw|quixana's rating: 1782 &rarr; <strong>1795<\/strong><br \/>(+13 for winning)\n|l|\u2606PANDA EXPRESS HR\n|l| vytycyucvgv\n","uploadtime":1665295429,"views":25,"p1id":"pandaexpresshr","p2id":"quixana","formatid":"gen8ou","rating":1637,"private":0,"password":null}