{"id":"gen8ou-1620068689","p1":"Drag0n Dart5","p2":"Ill Leave","format":"gen8ou","log":"|j|\u2606Drag0n Dart5\n|j|\u2606Ill Leave\n|t:|1658170882\n|gametype|singles\n|player|p1|Drag0n Dart5|yellow|1370\n|player|p2|Ill Leave|265|1418\n|teamsize|p1|6\n|teamsize|p2|6\n|gen|8\n|tier|[Gen 8] OU\n|rated|\n|rule|Sleep Clause Mod: Limit one foe put to sleep\n|rule|Species Clause: Limit one of each Pok\u00e9mon\n|rule|OHKO Clause: OHKO moves are banned\n|rule|Evasion Moves Clause: Evasion moves are banned\n|rule|Endless Battle Clause: Forcing endless battles is banned\n|rule|HP Percentage Mod: HP is shown in percentages\n|rule|Dynamax Clause: You cannot dynamax\n|clearpoke\n|poke|p1|Tapu Koko|\n|poke|p1|Urshifu-*, F|\n|poke|p1|Melmetal|\n|poke|p1|Heatran, M|\n|poke|p1|Landorus-Therian, M|\n|poke|p1|Tornadus-Therian, M|\n|poke|p2|Magnezone|\n|poke|p2|Tornadus-Therian, M|\n|poke|p2|Landorus-Therian, M|\n|poke|p2|Tapu Fini|\n|poke|p2|Nihilego|\n|poke|p2|Melmetal|\n|teampreview\n|inactive|Battle timer is ON: inactive players will automatically lose when time's up. (requested by Drag0n Dart5)\n|\n|t:|1658170890\n|start\n|switch|p1a: Melmetal|Melmetal|100\/100\n|switch|p2a: Landorus|Landorus-Therian, M|100\/100\n|-ability|p2a: Landorus|Intimidate|boost\n|-unboost|p1a: Melmetal|atk|1\n|turn|1\n|\n|t:|1658170896\n|move|p2a: Landorus|U-turn|p1a: Melmetal\n|-resisted|p1a: Melmetal\n|-damage|p1a: Melmetal|94\/100\n|\n|t:|1658170899\n|switch|p2a: Magnezone|Magnezone|100\/100|[from]move: U-turn\n|move|p1a: Melmetal|Toxic|p2a: Magnezone\n|-immune|p2a: Magnezone\n|\n|-heal|p1a: Melmetal|99\/100|[from] item: Leftovers\n|upkeep\n|turn|2\n|\n|t:|1658170908\n|switch|p2a: Landorus|Landorus-Therian, M|100\/100\n|-ability|p2a: Landorus|Intimidate|boost\n|-unboost|p1a: Melmetal|atk|1\n|move|p1a: Melmetal|Earthquake|p2a: Landorus\n|-immune|p2a: Landorus\n|\n|-heal|p1a: Melmetal|100\/100|[from] item: Leftovers\n|upkeep\n|turn|3\n|\n|t:|1658170916\n|switch|p1a: Landorus|Landorus-Therian, M|100\/100\n|-ability|p1a: Landorus|Intimidate|boost\n|-unboost|p2a: Landorus|atk|1\n|move|p2a: Landorus|U-turn|p1a: Landorus\n|-resisted|p1a: Landorus\n|-damage|p1a: Landorus|93\/100\n|\n|t:|1658170921\n|switch|p2a: Tornadus|Tornadus-Therian, M|100\/100|[from]move: U-turn\n|\n|-heal|p1a: Landorus|99\/100|[from] item: Leftovers\n|upkeep\n|turn|4\n|\n|t:|1658170930\n|switch|p1a: Heatran|Heatran, M|100\/100\n|-item|p1a: Heatran|Air Balloon\n|move|p2a: Tornadus|Icy Wind|p1a: Heatran\n|-resisted|p1a: Heatran\n|-damage|p1a: Heatran|97\/100\n|-unboost|p1a: Heatran|spe|1\n|-enditem|p1a: Heatran|Air Balloon\n|\n|upkeep\n|turn|5\n|\n|t:|1658170931\n|move|p2a: Tornadus|Knock Off|p1a: Heatran\n|-damage|p1a: Heatran|82\/100\n|move|p1a: Heatran|Stealth Rock|p2a: Tornadus\n|-sidestart|p2: Ill Leave|move: Stealth Rock\n|\n|upkeep\n|turn|6\n|\n|t:|1658170943\n|move|p2a: Tornadus|U-turn|p1a: Heatran\n|-resisted|p1a: Heatran\n|-damage|p1a: Heatran|79\/100\n|\n|t:|1658170949\n|switch|p2a: Tapu Fini|Tapu Fini|100\/100|[from]move: U-turn\n|-damage|p2a: Tapu Fini|88\/100|[from] Stealth Rock\n|-fieldstart|move: Misty Terrain|[from] ability: Misty Surge|[of] p2a: Tapu Fini\n|move|p1a: Heatran|Eruption|p2a: Tapu Fini\n|-resisted|p2a: Tapu Fini\n|-crit|p2a: Tapu Fini\n|-damage|p2a: Tapu Fini|48\/100\n|\n|-heal|p2a: Tapu Fini|54\/100|[from] item: Leftovers\n|upkeep\n|turn|7\n|\n|t:|1658170955\n|switch|p1a: Tapu Koko|Tapu Koko|100\/100\n|-fieldstart|move: Electric Terrain|[from] ability: Electric Surge|[of] p1a: Tapu Koko\n|move|p2a: Tapu Fini|Calm Mind|p2a: Tapu Fini\n|-boost|p2a: Tapu Fini|spa|1\n|-boost|p2a: Tapu Fini|spd|1\n|\n|-heal|p2a: Tapu Fini|60\/100|[from] item: Leftovers\n|upkeep\n|turn|8\n|\n|t:|1658170961\n|switch|p2a: Landorus|Landorus-Therian, M|100\/100\n|-damage|p2a: Landorus|88\/100|[from] Stealth Rock\n|-ability|p2a: Landorus|Intimidate|boost\n|-unboost|p1a: Tapu Koko|atk|1\n|move|p1a: Tapu Koko|Thunderbolt|p2a: Landorus\n|-immune|p2a: Landorus\n|\n|-heal|p2a: Landorus|94\/100|[from] item: Leftovers\n|upkeep\n|turn|9\n|\n|t:|1658170965\n|move|p1a: Tapu Koko|U-turn|p2a: Landorus\n|-resisted|p2a: Landorus\n|-damage|p2a: Landorus|90\/100\n|\n|t:|1658170975\n|switch|p1a: Landorus|Landorus-Therian, M|99\/100|[from]move: U-turn\n|-ability|p1a: Landorus|Intimidate|boost\n|-unboost|p2a: Landorus|atk|1\n|move|p2a: Landorus|Defog|p1a: Landorus\n|-unboost|p1a: Landorus|evasion|1\n|-sideend|p2: Ill Leave|Stealth Rock|[from] move: Defog|[of] p2a: Landorus\n|-fieldend|move: Electric Terrain\n|\n|-heal|p2a: Landorus|96\/100|[from] item: Leftovers\n|-heal|p1a: Landorus|100\/100|[from] item: Leftovers\n|upkeep\n|turn|10\n|\n|t:|1658170979\n|move|p2a: Landorus|Toxic|p1a: Landorus\n|-status|p1a: Landorus|tox\n|move|p1a: Landorus|U-turn|p2a: Landorus\n|-resisted|p2a: Landorus\n|-damage|p2a: Landorus|87\/100\n|\n|t:|1658170984\n|switch|p1a: Urshifu|Urshifu-Rapid-Strike, F|100\/100|[from]move: U-turn\n|\n|-heal|p2a: Landorus|93\/100|[from] item: Leftovers\n|upkeep\n|turn|11\n|\n|t:|1658170990\n|switch|p2a: Magnezone|Magnezone|100\/100\n|move|p1a: Urshifu|Surging Strikes|p2a: Magnezone\n|-crit|p2a: Magnezone\n|-damage|p2a: Magnezone|85\/100\n|-crit|p2a: Magnezone\n|-damage|p2a: Magnezone|72\/100\n|-crit|p2a: Magnezone\n|-damage|p2a: Magnezone|58\/100\n|-hitcount|p2a: Magnezone|3\n|\n|upkeep\n|turn|12\n|\n|t:|1658171004\n|move|p1a: Urshifu|Close Combat|p2a: Magnezone\n|-supereffective|p2a: Magnezone\n|-damage|p2a: Magnezone|0 fnt\n|-unboost|p1a: Urshifu|def|1\n|-unboost|p1a: Urshifu|spd|1\n|faint|p2a: Magnezone\n|\n|upkeep\n|\n|t:|1658171010\n|switch|p2a: Tornadus|Tornadus-Therian, M|100\/100\n|turn|13\n|\n|t:|1658171016\n|switch|p1a: Tapu Koko|Tapu Koko|100\/100\n|-fieldstart|move: Electric Terrain|[from] ability: Electric Surge|[of] p1a: Tapu Koko\n|move|p2a: Tornadus|U-turn|p1a: Tapu Koko\n|-resisted|p1a: Tapu Koko\n|-damage|p1a: Tapu Koko|91\/100\n|\n|t:|1658171020\n|switch|p2a: Nihilego|Nihilego|100\/100|[from]move: U-turn\n|\n|upkeep\n|turn|14\n|\n|t:|1658171026\n|move|p1a: Tapu Koko|U-turn|p2a: Nihilego\n|-resisted|p2a: Nihilego\n|-damage|p2a: Nihilego|89\/100\n|\n|t:|1658171035\n|switch|p1a: Urshifu|Urshifu-Rapid-Strike, F|100\/100|[from]move: U-turn\n|move|p2a: Nihilego|Stealth Rock|p1a: Urshifu\n|-sidestart|p1: Drag0n Dart5|move: Stealth Rock\n|\n|upkeep\n|turn|15\n|\n|t:|1658171041\n|move|p2a: Nihilego|Sludge Wave|p1a: Urshifu\n|-damage|p1a: Urshifu|25\/100\n|-status|p1a: Urshifu|psn\n|move|p1a: Urshifu|U-turn|p2a: Nihilego\n|-resisted|p2a: Nihilego\n|-damage|p2a: Nihilego|72\/100\n|\n|t:|1658171049\n|switch|p1a: Landorus|Landorus-Therian, M|100\/100 tox|[from]move: U-turn\n|-damage|p1a: Landorus|88\/100 tox|[from] Stealth Rock\n|-ability|p1a: Landorus|Intimidate|boost\n|-unboost|p2a: Nihilego|atk|1\n|\n|-heal|p1a: Landorus|94\/100 tox|[from] item: Leftovers\n|-damage|p1a: Landorus|88\/100 tox|[from] psn\n|upkeep\n|turn|16\n|\n|t:|1658171054\n|switch|p2a: Tornadus|Tornadus-Therian, M|100\/100\n|move|p1a: Landorus|Defog|p2a: Tornadus\n|-unboost|p2a: Tornadus|evasion|1\n|-sideend|p1: Drag0n Dart5|Stealth Rock|[from] move: Defog|[of] p1a: Landorus\n|-fieldend|move: Electric Terrain\n|\n|-heal|p1a: Landorus|94\/100 tox|[from] item: Leftovers\n|-damage|p1a: Landorus|82\/100 tox|[from] psn\n|upkeep\n|turn|17\n|\n|t:|1658171061\n|switch|p1a: Melmetal|Melmetal|100\/100\n|move|p2a: Tornadus|U-turn|p1a: Melmetal\n|-resisted|p1a: Melmetal\n|-damage|p1a: Melmetal|96\/100\n|\n|t:|1658171067\n|switch|p2a: Landorus|Landorus-Therian, M|93\/100|[from]move: U-turn\n|-ability|p2a: Landorus|Intimidate|boost\n|-unboost|p1a: Melmetal|atk|1\n|\n|-heal|p2a: Landorus|99\/100|[from] item: Leftovers\n|-heal|p1a: Melmetal|100\/100|[from] item: Leftovers\n|upkeep\n|turn|18\n|\n|t:|1658171073\n|move|p2a: Landorus|Earthquake|p1a: Melmetal\n|-supereffective|p1a: Melmetal\n|-damage|p1a: Melmetal|45\/100\n|move|p1a: Melmetal|Toxic|p2a: Landorus\n|-status|p2a: Landorus|tox\n|\n|-heal|p2a: Landorus|100\/100 tox|[from] item: Leftovers\n|-heal|p1a: Melmetal|51\/100|[from] item: Leftovers\n|-damage|p2a: Landorus|94\/100 tox|[from] psn\n|upkeep\n|turn|19\n|\n|t:|1658171080\n|switch|p1a: Tornadus|Tornadus-Therian, M|100\/100\n|move|p2a: Landorus|Earthquake|p1a: Tornadus\n|-immune|p1a: Tornadus\n|\n|-heal|p2a: Landorus|100\/100 tox|[from] item: Leftovers\n|-damage|p2a: Landorus|88\/100 tox|[from] psn\n|upkeep\n|turn|20\n|\n|t:|1658171089\n|move|p1a: Tornadus|Knock Off|p2a: Landorus\n|-damage|p2a: Landorus|72\/100 tox\n|-enditem|p2a: Landorus|Leftovers|[from] move: Knock Off|[of] p1a: Tornadus\n|move|p2a: Landorus|U-turn|p1a: Tornadus\n|-resisted|p1a: Tornadus\n|-damage|p1a: Tornadus|90\/100\n|\n|t:|1658171094\n|switch|p2a: Melmetal|Melmetal|100\/100|[from]move: U-turn\n|\n|upkeep\n|turn|21\n|\n|t:|1658171097\n|move|p1a: Tornadus|Heat Wave|p2a: Melmetal\n|-supereffective|p2a: Melmetal\n|-damage|p2a: Melmetal|57\/100\n|move|p2a: Melmetal|Double Iron Bash|p1a: Tornadus\n|-damage|p1a: Tornadus|41\/100\n|-damage|p1a: Tornadus|0 fnt\n|faint|p1a: Tornadus\n|-hitcount|p1: Tornadus|2\n|\n|-heal|p2a: Melmetal|63\/100|[from] item: Leftovers\n|upkeep\n|\n|t:|1658171104\n|switch|p1a: Heatran|Heatran, M|79\/100\n|turn|22\n|\n|t:|1658171107\n|move|p2a: Melmetal|Protect|p2a: Melmetal\n|-singleturn|p2a: Melmetal|Protect\n|move|p1a: Heatran|Magma Storm|p2a: Melmetal\n|-activate|p2a: Melmetal|move: Protect\n|\n|-heal|p2a: Melmetal|69\/100|[from] item: Leftovers\n|upkeep\n|turn|23\n|\n|t:|1658171110\n|switch|p2a: Nihilego|Nihilego|72\/100\n|move|p1a: Heatran|Stealth Rock|p2a: Nihilego\n|-sidestart|p2: Ill Leave|move: Stealth Rock\n|\n|upkeep\n|turn|24\n|\n|t:|1658171114\n|move|p2a: Nihilego|Stealth Rock|p1a: Heatran\n|-sidestart|p1: Drag0n Dart5|move: Stealth Rock\n|move|p1a: Heatran|Earth Power|p2a: Nihilego\n|-supereffective|p2a: Nihilego\n|-damage|p2a: Nihilego|0 fnt\n|faint|p2a: Nihilego\n|\n|upkeep\n|\n|t:|1658171123\n|switch|p2a: Tapu Fini|Tapu Fini|60\/100\n|-damage|p2a: Tapu Fini|48\/100|[from] Stealth Rock\n|-fieldstart|move: Misty Terrain|[from] ability: Misty Surge|[of] p2a: Tapu Fini\n|turn|25\n|\n|t:|1658171131\n|switch|p1a: Urshifu|Urshifu-Rapid-Strike, F|25\/100 psn\n|-damage|p1a: Urshifu|19\/100 psn|[from] Stealth Rock\n|move|p2a: Tapu Fini|Scald|p1a: Urshifu\n|-resisted|p1a: Urshifu\n|-damage|p1a: Urshifu|0 fnt\n|faint|p1a: Urshifu\n|\n|-heal|p2a: Tapu Fini|54\/100|[from] item: Leftovers\n|upkeep\n|\n|t:|1658171135\n|switch|p1a: Tapu Koko|Tapu Koko|91\/100\n|-fieldstart|move: Electric Terrain|[from] ability: Electric Surge|[of] p1a: Tapu Koko\n|turn|26\n|\n|t:|1658171141\n|move|p1a: Tapu Koko|U-turn|p2a: Tapu Fini\n|-resisted|p2a: Tapu Fini\n|-damage|p2a: Tapu Fini|48\/100\n|\n|t:|1658171147\n|switch|p1a: Melmetal|Melmetal|51\/100|[from]move: U-turn\n|-damage|p1a: Melmetal|45\/100|[from] Stealth Rock\n|move|p2a: Tapu Fini|Scald|p1a: Melmetal\n|-damage|p1a: Melmetal|21\/100\n|\n|-heal|p2a: Tapu Fini|54\/100|[from] item: Leftovers\n|-heal|p1a: Melmetal|27\/100|[from] item: Leftovers\n|upkeep\n|turn|27\n|\n|t:|1658171170\n|switch|p2a: Melmetal|Melmetal|69\/100\n|-damage|p2a: Melmetal|63\/100|[from] Stealth Rock\n|move|p1a: Melmetal|Double Iron Bash|p2a: Melmetal\n|-resisted|p2a: Melmetal\n|-damage|p2a: Melmetal|51\/100\n|-resisted|p2a: Melmetal\n|-damage|p2a: Melmetal|38\/100\n|-hitcount|p2a: Melmetal|2\n|\n|-heal|p2a: Melmetal|44\/100|[from] item: Leftovers\n|-heal|p1a: Melmetal|33\/100|[from] item: Leftovers\n|upkeep\n|turn|28\n|\n|t:|1658171174\n|move|p2a: Melmetal|Earthquake|p1a: Melmetal\n|-supereffective|p1a: Melmetal\n|-damage|p1a: Melmetal|0 fnt\n|faint|p1a: Melmetal\n|\n|-heal|p2a: Melmetal|50\/100|[from] item: Leftovers\n|upkeep\n|\n|t:|1658171182\n|switch|p1a: Heatran|Heatran, M|79\/100\n|-damage|p1a: Heatran|66\/100|[from] Stealth Rock\n|turn|29\n|\n|t:|1658171188\n|move|p2a: Melmetal|Protect|p2a: Melmetal\n|-singleturn|p2a: Melmetal|Protect\n|move|p1a: Heatran|Magma Storm|p2a: Melmetal\n|-activate|p2a: Melmetal|move: Protect\n|\n|-heal|p2a: Melmetal|57\/100|[from] item: Leftovers\n|upkeep\n|turn|30\n|\n|t:|1658171194\n|switch|p2a: Tapu Fini|Tapu Fini|54\/100\n|-damage|p2a: Tapu Fini|42\/100|[from] Stealth Rock\n|-fieldstart|move: Misty Terrain|[from] ability: Misty Surge|[of] p2a: Tapu Fini\n|move|p1a: Heatran|Magma Storm|p2a: Tapu Fini\n|-resisted|p2a: Tapu Fini\n|-damage|p2a: Tapu Fini|18\/100\n|-activate|p2a: Tapu Fini|move: Magma Storm|[of] p1a: Heatran\n|\n|-heal|p2a: Tapu Fini|24\/100|[from] item: Leftovers\n|-damage|p2a: Tapu Fini|12\/100|[from] move: Magma Storm|[partiallytrapped]\n|upkeep\n|turn|31\n|\n|t:|1658171202\n|switch|p1a: Tapu Koko|Tapu Koko|91\/100\n|-fieldstart|move: Electric Terrain|[from] ability: Electric Surge|[of] p1a: Tapu Koko\n|move|p2a: Tapu Fini|Scald|p1a: Tapu Koko\n|-damage|p1a: Tapu Koko|53\/100\n|\n|-heal|p2a: Tapu Fini|18\/100|[from] item: Leftovers\n|-end|p2a: Tapu Fini|Magma Storm|[partiallytrapped]|[silent]\n|upkeep\n|turn|32\n|\n|t:|1658171207\n|switch|p2a: Landorus|Landorus-Therian, M|72\/100 tox\n|-damage|p2a: Landorus|60\/100 tox|[from] Stealth Rock\n|-ability|p2a: Landorus|Intimidate|boost\n|-unboost|p1a: Tapu Koko|atk|1\n|move|p1a: Tapu Koko|U-turn|p2a: Landorus\n|-resisted|p2a: Landorus\n|-damage|p2a: Landorus|56\/100 tox\n|\n|t:|1658171213\n|switch|p1a: Landorus|Landorus-Therian, M|82\/100 tox|[from]move: U-turn\n|-damage|p1a: Landorus|70\/100 tox|[from] Stealth Rock\n|-ability|p1a: Landorus|Intimidate|boost\n|-unboost|p2a: Landorus|atk|1\n|\n|-heal|p1a: Landorus|76\/100 tox|[from] item: Leftovers\n|-damage|p2a: Landorus|50\/100 tox|[from] psn\n|-damage|p1a: Landorus|70\/100 tox|[from] psn\n|upkeep\n|turn|33\n|\n|t:|1658171223\n|move|p2a: Landorus|U-turn|p1a: Landorus\n|-resisted|p1a: Landorus\n|-damage|p1a: Landorus|63\/100 tox\n|\n|t:|1658171227\n|switch|p2a: Tornadus|Tornadus-Therian, M|100\/100|[from]move: U-turn\n|-damage|p2a: Tornadus|76\/100|[from] Stealth Rock\n|move|p1a: Landorus|U-turn|p2a: Tornadus\n|-resisted|p2a: Tornadus\n|-damage|p2a: Tornadus|64\/100\n|\n|t:|1658171231\n|switch|p1a: Tapu Koko|Tapu Koko|53\/100|[from]move: U-turn\n|\n|upkeep\n|turn|34\n|\n|t:|1658171240\n|move|p1a: Tapu Koko|Thunderbolt|p2a: Tornadus\n|-supereffective|p2a: Tornadus\n|-damage|p2a: Tornadus|0 fnt\n|faint|p2a: Tornadus\n|\n|upkeep\n|\n|t:|1658171243\n|switch|p2a: Melmetal|Melmetal|57\/100\n|-damage|p2a: Melmetal|50\/100|[from] Stealth Rock\n|turn|35\n|\n|t:|1658171249\n|move|p1a: Tapu Koko|U-turn|p2a: Melmetal\n|-resisted|p2a: Melmetal\n|-damage|p2a: Melmetal|46\/100\n|\n|t:|1658171251\n|switch|p1a: Landorus|Landorus-Therian, M|63\/100 tox|[from]move: U-turn\n|-damage|p1a: Landorus|50\/100 tox|[from] Stealth Rock\n|-ability|p1a: Landorus|Intimidate|boost\n|-unboost|p2a: Melmetal|atk|1\n|move|p2a: Melmetal|Double Iron Bash|p1a: Landorus\n|-damage|p1a: Landorus|24\/100 tox\n|-damage|p1a: Landorus|0 fnt\n|faint|p1a: Landorus\n|-hitcount|p1: Landorus|2\n|\n|-heal|p2a: Melmetal|52\/100|[from] item: Leftovers\n|-fieldend|move: Electric Terrain\n|upkeep\n|\n|t:|1658171257\n|switch|p1a: Heatran|Heatran, M|66\/100\n|-damage|p1a: Heatran|54\/100|[from] Stealth Rock\n|turn|36\n|\n|t:|1658171260\n|move|p2a: Melmetal|Protect|p2a: Melmetal\n|-singleturn|p2a: Melmetal|Protect\n|move|p1a: Heatran|Magma Storm|p2a: Melmetal\n|-activate|p2a: Melmetal|move: Protect\n|\n|-heal|p2a: Melmetal|58\/100|[from] item: Leftovers\n|upkeep\n|turn|37\n|\n|t:|1658171262\n|switch|p2a: Tapu Fini|Tapu Fini|18\/100\n|-damage|p2a: Tapu Fini|6\/100|[from] Stealth Rock\n|-fieldstart|move: Misty Terrain|[from] ability: Misty Surge|[of] p2a: Tapu Fini\n|move|p1a: Heatran|Magma Storm|p2a: Tapu Fini|[miss]\n|-miss|p1a: Heatran|p2a: Tapu Fini\n|\n|-heal|p2a: Tapu Fini|12\/100|[from] item: Leftovers\n|upkeep\n|turn|38\n|\n|t:|1658171269\n|switch|p1a: Tapu Koko|Tapu Koko|53\/100\n|-fieldstart|move: Electric Terrain|[from] ability: Electric Surge|[of] p1a: Tapu Koko\n|move|p2a: Tapu Fini|Scald|p1a: Tapu Koko\n|-damage|p1a: Tapu Koko|9\/100\n|\n|-heal|p2a: Tapu Fini|18\/100|[from] item: Leftovers\n|upkeep\n|turn|39\n|\n|t:|1658171281\n|move|p1a: Tapu Koko|Thunderbolt|p2a: Tapu Fini\n|-supereffective|p2a: Tapu Fini\n|-damage|p2a: Tapu Fini|0 fnt\n|faint|p2a: Tapu Fini\n|\n|upkeep\n|\n|t:|1658171285\n|switch|p2a: Landorus|Landorus-Therian, M|50\/100 tox\n|-damage|p2a: Landorus|37\/100 tox|[from] Stealth Rock\n|-ability|p2a: Landorus|Intimidate|boost\n|-unboost|p1a: Tapu Koko|atk|1\n|turn|40\n|\n|t:|1658171288\n|move|p1a: Tapu Koko|Dazzling Gleam|p2a: Landorus\n|-damage|p2a: Landorus|4\/100 tox\n|move|p2a: Landorus|Earthquake|p1a: Tapu Koko\n|-supereffective|p1a: Tapu Koko\n|-damage|p1a: Tapu Koko|0 fnt\n|faint|p1a: Tapu Koko\n|\n|-damage|p2a: Landorus|0 fnt|[from] psn\n|faint|p2a: Landorus\n|upkeep\n|\n|t:|1658171292\n|switch|p1a: Heatran|Heatran, M|54\/100\n|switch|p2a: Melmetal|Melmetal|58\/100\n|-damage|p1a: Heatran|42\/100|[from] Stealth Rock\n|-damage|p2a: Melmetal|52\/100|[from] Stealth Rock\n|turn|41\n|\n|t:|1658171300\n|move|p1a: Heatran|Magma Storm|p2a: Melmetal\n|-supereffective|p2a: Melmetal\n|-damage|p2a: Melmetal|0 fnt\n|faint|p2a: Melmetal\n|\n|win|Drag0n Dart5\n|raw|Drag0n Dart5's rating: 1370 &rarr; <strong>1393<\/strong><br \/>(+23 for winning)\n|raw|Ill Leave's rating: 1418 &rarr; <strong>1395<\/strong><br \/>(-23 for losing)\n|l|\u2606Ill Leave\n||Ladder isn't responding, score probably updated but might not have (Request timeout).\n","uploadtime":1658171307,"views":21,"p1id":"drag0ndart5","p2id":"illleave","formatid":"gen8ou","rating":1393,"private":0,"password":null}