{"id":"gen8ou-1064693978","p1":"madness10","p2":"Qilson","format":"gen8ou","log":"|j|\u2606madness10\n|j|\u2606Qilson\n|player|p1|madness10|265|1500\n|player|p2|Qilson|1|1455\n|teamsize|p1|6\n|teamsize|p2|6\n|gametype|singles\n|gen|8\n|tier|[Gen 8] OU\n|rated|\n|clearpoke\n|poke|p1|Dragapult, M|\n|poke|p1|Seismitoad, M|\n|poke|p1|Darmanitan, M|\n|poke|p1|Sylveon, M|\n|poke|p1|Rotom-Mow|\n|poke|p1|Corviknight, M|\n|poke|p2|Kommo-o, F|\n|poke|p2|Gengar, F|\n|poke|p2|Mew|\n|poke|p2|Terrakion|\n|poke|p2|Mimikyu, F|\n|poke|p2|Obstagoon, M|\n|rule|Sleep Clause Mod: Limit one foe put to sleep\n|rule|Species Clause: Limit one of each Pok\u00e9mon\n|rule|OHKO Clause: OHKO moves are banned\n|rule|Evasion Moves Clause: Evasion moves are banned\n|rule|Endless Battle Clause: Forcing endless battles is banned\n|rule|HP Percentage Mod: HP is shown in percentages\n|rule|Dynamax Clause: You cannot dynamax\n|teampreview\n|inactive|Battle timer is ON: inactive players will automatically lose when time's up. (requested by Qilson)\n|\n|start\n|switch|p1a: Corviknight|Corviknight, M, shiny|100\/100\n|switch|p2a: Mew|Mew|100\/100\n|-ability|p1a: Corviknight|Pressure\n|turn|1\n|inactive|Qilson has 120 seconds left.\n|\n|move|p2a: Mew|Stealth Rock|p1a: Corviknight\n|-sidestart|p1: madness10|move: Stealth Rock\n|move|p1a: Corviknight|U-turn|p2a: Mew\n|-supereffective|p2a: Mew\n|-damage|p2a: Mew|71\/100\n|-enditem|p2a: Mew|Red Card|[of] p1a: Corviknight\n|drag|p1a: Rotom|Rotom-Mow, shiny|100\/100\n|-damage|p1a: Rotom|88\/100|[from] Stealth Rock\n|\n|-heal|p1a: Rotom|94\/100|[from] item: Leftovers\n|upkeep\n|turn|2\n|\n|move|p2a: Mew|Spikes|p1a: Rotom\n|-sidestart|p1: madness10|Spikes\n|move|p1a: Rotom|Substitute|p1a: Rotom\n|-start|p1a: Rotom|Substitute\n|-damage|p1a: Rotom|69\/100\n|\n|-heal|p1a: Rotom|75\/100|[from] item: Leftovers\n|upkeep\n|turn|3\n|\n|move|p2a: Mew|Spikes|p1a: Rotom\n|-sidestart|p1: madness10|Spikes\n|move|p1a: Rotom|Nasty Plot|p1a: Rotom\n|-boost|p1a: Rotom|spa|2\n|\n|-heal|p1a: Rotom|82\/100|[from] item: Leftovers\n|upkeep\n|turn|4\n|\n|move|p2a: Mew|Self-Destruct|p1a: Rotom\n|-end|p1a: Rotom|Substitute\n|faint|p2a: Mew\n|move|p1a: Rotom|Discharge|p2: Mew|[notarget]\n|-fail|p1a: Rotom\n|\n|-heal|p1a: Rotom|88\/100|[from] item: Leftovers\n|upkeep\n|\n|switch|p2a: Gengar|Gengar, F|100\/100\n|turn|5\n|l|\u2606Qilson\n|inactive|Qilson disconnected and has a minute to reconnect!\n|player|p2|\n|j|\u2606Qilson\n|inactive|Qilson reconnected and has 110 seconds left.\n|player|p2|Qilson|1\n|\n|move|p2a: Gengar|Sludge Wave|p1a: Rotom\n|-supereffective|p1a: Rotom\n|-damage|p1a: Rotom|0 fnt\n|faint|p1a: Rotom\n|\n|upkeep\n|\n|switch|p1a: Corviknight|Corviknight, M, shiny|100\/100\n|-damage|p1a: Corviknight|88\/100|[from] Stealth Rock\n|-ability|p1a: Corviknight|Pressure\n|turn|6\n|\n|move|p2a: Gengar|Taunt|p1a: Corviknight\n|-start|p1a: Corviknight|move: Taunt\n|cant|p1a: Corviknight|move: Taunt|Defog\n|\n|upkeep\n|turn|7\n|\n|move|p2a: Gengar|Shadow Ball|p1a: Corviknight\n|-damage|p1a: Corviknight|45\/100\n|-unboost|p1a: Corviknight|spd|1\n|move|p1a: Corviknight|Brave Bird|p2a: Gengar\n|-damage|p2a: Gengar|32\/100\n|-start|p1a: Corviknight|Disable|Brave Bird|[from] ability: Cursed Body|[of] p2a: Gengar\n|-damage|p1a: Corviknight|30\/100|[from] Recoil\n|\n|upkeep\n|turn|8\n|\n|move|p2a: Gengar|Shadow Ball|p1a: Corviknight\n|-damage|p1a: Corviknight|0 fnt\n|faint|p1a: Corviknight\n|\n|upkeep\n|\n|switch|p1a: Seismitoad|Seismitoad, M|100\/100\n|-damage|p1a: Seismitoad|84\/100|[from] Spikes\n|-damage|p1a: Seismitoad|78\/100|[from] Stealth Rock\n|turn|9\n|\n|move|p2a: Gengar|Shadow Ball|p1a: Seismitoad\n|-damage|p1a: Seismitoad|31\/100\n|move|p1a: Seismitoad|Stealth Rock|p2a: Gengar\n|-sidestart|p2: Qilson|move: Stealth Rock\n|\n|-heal|p1a: Seismitoad|37\/100|[from] item: Leftovers\n|upkeep\n|turn|10\n|\n|move|p2a: Gengar|Shadow Ball|p1a: Seismitoad\n|-damage|p1a: Seismitoad|0 fnt\n|faint|p1a: Seismitoad\n|\n|upkeep\n|\n|switch|p1a: Dragapult|Dragapult, M, shiny|100\/100\n|-damage|p1a: Dragapult|84\/100|[from] Spikes\n|-damage|p1a: Dragapult|72\/100|[from] Stealth Rock\n|turn|11\n|\n|move|p1a: Dragapult|Shadow Ball|p2a: Gengar\n|-supereffective|p2a: Gengar\n|-damage|p2a: Gengar|0 fnt\n|faint|p2a: Gengar\n|\n|upkeep\n|\n|switch|p2a: Obstagoon|Obstagoon, M|100\/100\n|-damage|p2a: Obstagoon|88\/100|[from] Stealth Rock\n|turn|12\n|\n|switch|p1a: Sylveon|Sylveon, M, shiny|100\/100\n|-damage|p1a: Sylveon|88\/100|[from] Stealth Rock\n|-damage|p1a: Sylveon|71\/100|[from] Spikes\n|move|p2a: Obstagoon|Knock Off|p1a: Sylveon\n|-resisted|p1a: Sylveon\n|-damage|p1a: Sylveon|46\/100\n|-enditem|p1a: Sylveon|Leftovers|[from] move: Knock Off|[of] p2a: Obstagoon\n|\n|-status|p2a: Obstagoon|brn|[from] item: Flame Orb\n|upkeep\n|turn|13\n|\n|switch|p1a: Dragapult|Dragapult, M, shiny|72\/100\n|-damage|p1a: Dragapult|55\/100|[from] Spikes\n|-damage|p1a: Dragapult|43\/100|[from] Stealth Rock\n|move|p2a: Obstagoon|Facade|p1a: Dragapult\n|-immune|p1a: Dragapult\n|\n|-damage|p2a: Obstagoon|82\/100 brn|[from] brn\n|upkeep\n|turn|14\n|\n|move|p1a: Dragapult|Draco Meteor|p2a: Obstagoon\n|-damage|p2a: Obstagoon|0 fnt\n|-unboost|p1a: Dragapult|spa|2\n|faint|p2a: Obstagoon\n|\n|upkeep\n|\n|switch|p2a: Mimikyu|Mimikyu, F|100\/100\n|-damage|p2a: Mimikyu|88\/100|[from] Stealth Rock\n|turn|15\n|\n|switch|p1a: Sylveon|Sylveon, M, shiny|46\/100\n|-damage|p1a: Sylveon|29\/100|[from] Spikes\n|-damage|p1a: Sylveon|17\/100|[from] Stealth Rock\n|move|p2a: Mimikyu|Swords Dance|p2a: Mimikyu\n|-boost|p2a: Mimikyu|atk|2\n|\n|upkeep\n|turn|16\n|\n|move|p2a: Mimikyu|Shadow Claw|p1a: Sylveon\n|-damage|p1a: Sylveon|0 fnt\n|-damage|p2a: Mimikyu|78\/100|[from] item: Life Orb\n|faint|p1a: Sylveon\n|\n|upkeep\n|\n|switch|p1a: Darmanitan|Darmanitan, M, shiny|100\/100\n|-damage|p1a: Darmanitan|84\/100|[from] Spikes\n|-damage|p1a: Darmanitan|59\/100|[from] Stealth Rock\n|turn|17\n|\n|move|p1a: Darmanitan|Earthquake|p2a: Mimikyu\n|-activate|p2a: Mimikyu|ability: Disguise\n|-damage|p2a: Mimikyu|78\/100\n|detailschange|p2a: Mimikyu|Mimikyu-Busted, F\n|-damage|p2a: Mimikyu|66\/100|[from] pokemon: mimikyubusted\n|move|p2a: Mimikyu|Shadow Claw|p1a: Darmanitan\n|-damage|p1a: Darmanitan|0 fnt\n|-damage|p2a: Mimikyu|56\/100|[from] item: Life Orb\n|faint|p1a: Darmanitan\n|\n|upkeep\n|-message|madness10 forfeited.\n|\n|win|Qilson\n|l|\u2606madness10\n|raw|madness10's rating: 1500 &rarr; <strong>1477<\/strong><br \/>(-23 for losing)\n|raw|Qilson's rating: 1455 &rarr; <strong>1477<\/strong><br \/>(+22 for winning)\n","uploadtime":1581950078,"views":0,"p1id":"madness10","p2id":"qilson","formatid":"gen8ou","rating":1477,"private":0,"password":null}