{"id":"gen8ou-1422773521","p1":"NeoNaruto\u00ae++","p2":"Down$hift","format":"gen8ou","log":"|j|\u2606NeoNaruto\u00ae++\n|j|\u2606Down$hift\n|t:|1632444801\n|gametype|singles\n|player|p1|NeoNaruto\u00ae++|medium|1742\n|player|p2|Down$hift|teamrocket|1754\n|teamsize|p1|6\n|teamsize|p2|6\n|gen|8\n|tier|[Gen 8] OU\n|rated|\n|rule|Sleep Clause Mod: Limit one foe put to sleep\n|rule|Species Clause: Limit one of each Pok\u00e9mon\n|rule|OHKO Clause: OHKO moves are banned\n|rule|Evasion Moves Clause: Evasion moves are banned\n|rule|Endless Battle Clause: Forcing endless battles is banned\n|rule|HP Percentage Mod: HP is shown in percentages\n|rule|Dynamax Clause: You cannot dynamax\n|clearpoke\n|poke|p1|Landorus-Therian, M|\n|poke|p1|Slowbro, M|\n|poke|p1|Tapu Koko|\n|poke|p1|Dragonite, M|\n|poke|p1|Darmanitan, F|\n|poke|p1|Tyranitar, F|\n|poke|p2|Regieleki|\n|poke|p2|Tapu Koko|\n|poke|p2|Landorus-Therian, M|\n|poke|p2|Tyranitar, F|\n|poke|p2|Amoonguss, F|\n|poke|p2|Corviknight, M|\n|teampreview\n|inactive|Battle timer is ON: inactive players will automatically lose when time's up. (requested by NeoNaruto\u00ae++)\n|c|\u2606Down$hift|Hf\n|\n|t:|1632444809\n|start\n|switch|p1a: Bernie Landers|Landorus-Therian, M|100\/100\n|switch|p2a: LandOUrus-T|Landorus-Therian, M|100\/100\n|-ability|p1a: Bernie Landers|Intimidate|boost\n|-unboost|p2a: LandOUrus-T|atk|1\n|-ability|p2a: LandOUrus-T|Intimidate|boost\n|-unboost|p1a: Bernie Landers|atk|1\n|turn|1\n|inactive|NeoNaruto\u00ae++ has 120 seconds left.\n|\n|t:|1632444849\n|move|p1a: Bernie Landers|Knock Off|p2a: LandOUrus-T\n|-damage|p2a: LandOUrus-T|80\/100\n|-enditem|p2a: LandOUrus-T|Leftovers|[from] move: Knock Off|[of] p1a: Bernie Landers\n|move|p2a: LandOUrus-T|Knock Off|p1a: Bernie Landers\n|-damage|p1a: Bernie Landers|86\/100\n|-damage|p2a: LandOUrus-T|63\/100|[from] item: Rocky Helmet|[of] p1a: Bernie Landers\n|-enditem|p1a: Bernie Landers|Rocky Helmet|[from] move: Knock Off|[of] p2a: LandOUrus-T\n|\n|upkeep\n|turn|2\n|\n|t:|1632444853\n|move|p1a: Bernie Landers|Stealth Rock|p2a: LandOUrus-T\n|-sidestart|p2: Down$hift|move: Stealth Rock\n|move|p2a: LandOUrus-T|Stealth Rock|p1a: Bernie Landers\n|-sidestart|p1: NeoNaruto\u00ae++|move: Stealth Rock\n|\n|upkeep\n|turn|3\n|j| VirginGuysSucks\n|\n|t:|1632444857\n|move|p1a: Bernie Landers|Knock Off|p2a: LandOUrus-T\n|-damage|p2a: LandOUrus-T|49\/100\n|move|p2a: LandOUrus-T|U-turn|p1a: Bernie Landers\n|-resisted|p1a: Bernie Landers\n|-damage|p1a: Bernie Landers|80\/100\n|\n|t:|1632444871\n|switch|p2a: House Of Pain|Regieleki|100\/100|[from]move: U-turn\n|-damage|p2a: House Of Pain|88\/100|[from] Stealth Rock\n|\n|upkeep\n|turn|4\n|\n|t:|1632444873\n|move|p2a: House Of Pain|Explosion|p1a: Bernie Landers\n|-damage|p1a: Bernie Landers|5\/100\n|faint|p2a: House Of Pain\n|move|p1a: Bernie Landers|Knock Off|p2: House Of Pain|[notarget]\n|-fail|p1a: Bernie Landers\n|\n|upkeep\n|\n|t:|1632444884\n|switch|p2a: LandOUrus-T|Landorus-Therian, M|49\/100\n|-damage|p2a: LandOUrus-T|37\/100|[from] Stealth Rock\n|-ability|p2a: LandOUrus-T|Intimidate|boost\n|-unboost|p1a: Bernie Landers|atk|1\n|turn|5\n|\n|t:|1632444889\n|move|p1a: Bernie Landers|U-turn|p2a: LandOUrus-T\n|-resisted|p2a: LandOUrus-T\n|-damage|p2a: LandOUrus-T|31\/100\n|\n|t:|1632444891\n|switch|p1a: spvceghvstpvrrp|Slowbro, M, shiny|100\/100|[from]move: U-turn\n|-damage|p1a: spvceghvstpvrrp|88\/100|[from] Stealth Rock\n|move|p2a: LandOUrus-T|U-turn|p1a: spvceghvstpvrrp\n|-supereffective|p1a: spvceghvstpvrrp\n|-damage|p1a: spvceghvstpvrrp|57\/100\n|-damage|p2a: LandOUrus-T|15\/100|[from] item: Rocky Helmet|[of] p1a: spvceghvstpvrrp\n|\n|t:|1632444895\n|switch|p2a: Tapu OHKO|Tapu Koko|100\/100|[from]move: U-turn\n|-damage|p2a: Tapu OHKO|88\/100|[from] Stealth Rock\n|-fieldstart|move: Electric Terrain|[from] ability: Electric Surge|[of] p2a: Tapu OHKO\n|\n|upkeep\n|turn|6\n|\n|t:|1632444901\n|switch|p1a: Bernie Landers|Landorus-Therian, M|5\/100\n|-damage|p1a: Bernie Landers|0 fnt|[from] Stealth Rock\n|faint|p1a: Bernie Landers\n|move|p2a: Tapu OHKO|Volt Switch|p1: Bernie Landers|[notarget]\n|-fail|p2a: Tapu OHKO\n|\n|upkeep\n|\n|t:|1632444905\n|switch|p1a: Tapu Koko|Tapu Koko|100\/100\n|-damage|p1a: Tapu Koko|88\/100|[from] Stealth Rock\n|turn|7\n|\n|t:|1632444908\n|switch|p2a: AMOGUS|Amoonguss, F|100\/100\n|-damage|p2a: AMOGUS|88\/100|[from] Stealth Rock\n|move|p1a: Tapu Koko|Volt Switch|p2a: AMOGUS\n|-resisted|p2a: AMOGUS\n|-damage|p2a: AMOGUS|63\/100\n|\n|t:|1632444912\n|switch|p1a: PURRP FOR SALE|Darmanitan, F|100\/100|[from]move: Volt Switch\n|\n|upkeep\n|turn|8\n|\n|t:|1632444916\n|switch|p2a: LandOUrus-T|Landorus-Therian, M|15\/100\n|-damage|p2a: LandOUrus-T|2\/100|[from] Stealth Rock\n|-ability|p2a: LandOUrus-T|Intimidate|boost\n|-unboost|p1a: PURRP FOR SALE|atk|1\n|move|p1a: PURRP FOR SALE|Flare Blitz|p2a: LandOUrus-T\n|-damage|p2a: LandOUrus-T|0 fnt\n|faint|p2a: LandOUrus-T\n|-damage|p1a: PURRP FOR SALE|99\/100|[from] Recoil\n|\n|upkeep\n|\n|t:|1632444920\n|switch|p2a: Tapu OHKO|Tapu Koko|88\/100\n|-damage|p2a: Tapu OHKO|76\/100|[from] Stealth Rock\n|turn|9\n|\n|t:|1632444930\n|switch|p1a: VODECi|Tyranitar, F|100\/100\n|-damage|p1a: VODECi|88\/100|[from] Stealth Rock\n|-weather|Sandstorm|[from] ability: Sand Stream|[of] p1a: VODECi\n|move|p2a: Tapu OHKO|Volt Switch|p1a: VODECi\n|-damage|p1a: VODECi|73\/100\n|\n|t:|1632444936\n|switch|p2a: Back in Buisness|Tyranitar, F|100\/100|[from]move: Volt Switch\n|-damage|p2a: Back in Buisness|88\/100|[from] Stealth Rock\n|\n|-weather|Sandstorm|[upkeep]\n|-heal|p2a: Back in Buisness|94\/100|[from] item: Leftovers\n|-fieldend|move: Electric Terrain\n|upkeep\n|turn|10\n|\n|t:|1632444939\n|switch|p1a: spvceghvstpvrrp|Slowbro, M, shiny|90\/100\n|-damage|p1a: spvceghvstpvrrp|78\/100|[from] Stealth Rock\n|move|p2a: Back in Buisness|Earthquake|p1a: spvceghvstpvrrp\n|-damage|p1a: spvceghvstpvrrp|56\/100\n|\n|-weather|Sandstorm|[upkeep]\n|-damage|p1a: spvceghvstpvrrp|50\/100|[from] Sandstorm\n|-heal|p2a: Back in Buisness|100\/100|[from] item: Leftovers\n|upkeep\n|turn|11\n|\n|t:|1632444947\n|move|p2a: Back in Buisness|Rock Blast|p1a: spvceghvstpvrrp\n|-damage|p1a: spvceghvstpvrrp|40\/100\n|-damage|p1a: spvceghvstpvrrp|30\/100\n|-damage|p1a: spvceghvstpvrrp|21\/100\n|-hitcount|p1a: spvceghvstpvrrp|3\n|move|p1a: spvceghvstpvrrp|Teleport|p1a: spvceghvstpvrrp\n|\n|t:|1632444949\n|switch|p1a: PURRP FOR SALE|Darmanitan, F|99\/100|[from]move: Teleport\n|\n|-weather|Sandstorm|[upkeep]\n|-damage|p1a: PURRP FOR SALE|94\/100|[from] Sandstorm\n|upkeep\n|turn|12\n|\n|t:|1632444958\n|switch|p2a: AMOGUS|Amoonguss, F|96\/100\n|-damage|p2a: AMOGUS|84\/100|[from] Stealth Rock\n|move|p1a: PURRP FOR SALE|Superpower|p2a: AMOGUS\n|-resisted|p2a: AMOGUS\n|-damage|p2a: AMOGUS|65\/100\n|-unboost|p1a: PURRP FOR SALE|atk|1\n|-unboost|p1a: PURRP FOR SALE|def|1\n|-damage|p1a: PURRP FOR SALE|77\/100|[from] item: Rocky Helmet|[of] p2a: AMOGUS\n|\n|-weather|Sandstorm|[upkeep]\n|-damage|p1a: PURRP FOR SALE|71\/100|[from] Sandstorm\n|-damage|p2a: AMOGUS|59\/100|[from] Sandstorm\n|upkeep\n|turn|13\n|j| 7o77superpanda\n|j| Lucrodium\n|\n|t:|1632444965\n|switch|p2a: Back in Buisness|Tyranitar, F|100\/100\n|-damage|p2a: Back in Buisness|88\/100|[from] Stealth Rock\n|move|p1a: PURRP FOR SALE|Flare Blitz|p2a: Back in Buisness\n|-resisted|p2a: Back in Buisness\n|-damage|p2a: Back in Buisness|63\/100\n|-damage|p1a: PURRP FOR SALE|62\/100|[from] Recoil\n|\n|-weather|none\n|-heal|p2a: Back in Buisness|69\/100|[from] item: Leftovers\n|upkeep\n|turn|14\n|\n|t:|1632444970\n|switch|p2a: AMOGUS|Amoonguss, F|92\/100\n|-damage|p2a: AMOGUS|80\/100|[from] Stealth Rock\n|move|p1a: PURRP FOR SALE|U-turn|p2a: AMOGUS\n|-damage|p2a: AMOGUS|64\/100\n|-damage|p1a: PURRP FOR SALE|46\/100|[from] item: Rocky Helmet|[of] p2a: AMOGUS\n|j| Hella Rare Pepe\n|\n|t:|1632444976\n|switch|p1a: Tapu Koko|Tapu Koko|88\/100|[from]move: U-turn\n|-damage|p1a: Tapu Koko|76\/100|[from] Stealth Rock\n|-fieldstart|move: Electric Terrain|[from] ability: Electric Surge|[of] p1a: Tapu Koko\n|\n|upkeep\n|turn|15\n|\n|t:|1632444981\n|move|p1a: Tapu Koko|Volt Switch|p2a: AMOGUS\n|-resisted|p2a: AMOGUS\n|-damage|p2a: AMOGUS|39\/100\n|\n|t:|1632444984\n|switch|p1a: VODECi|Tyranitar, F|73\/100|[from]move: Volt Switch\n|-damage|p1a: VODECi|60\/100|[from] Stealth Rock\n|-weather|Sandstorm|[from] ability: Sand Stream|[of] p1a: VODECi\n|move|p2a: AMOGUS|Sludge Bomb|p1a: VODECi\n|-resisted|p1a: VODECi\n|-damage|p1a: VODECi|56\/100\n|\n|-weather|Sandstorm|[upkeep]\n|-damage|p2a: AMOGUS|33\/100|[from] Sandstorm\n|upkeep\n|turn|16\n|j| die\u2665inside\n|\n|t:|1632444990\n|move|p1a: VODECi|Fire Blast|p2a: AMOGUS\n|-supereffective|p2a: AMOGUS\n|-damage|p2a: AMOGUS|0 fnt\n|faint|p2a: AMOGUS\n|\n|-weather|Sandstorm|[upkeep]\n|upkeep\n|\n|t:|1632444996\n|switch|p2a: Excalibird|Corviknight, M|100\/100\n|-damage|p2a: Excalibird|88\/100|[from] Stealth Rock\n|-ability|p2a: Excalibird|Pressure\n|turn|17\n|\n|t:|1632445001\n|switch|p1a: Tapu Koko|Tapu Koko|76\/100\n|-damage|p1a: Tapu Koko|63\/100|[from] Stealth Rock\n|move|p2a: Excalibird|Body Press|p1a: Tapu Koko\n|-resisted|p1a: Tapu Koko\n|-damage|p1a: Tapu Koko|45\/100\n|\n|-weather|Sandstorm|[upkeep]\n|-damage|p1a: Tapu Koko|39\/100|[from] Sandstorm\n|upkeep\n|turn|18\n|-message|Down$hift forfeited.\n|\n|win|NeoNaruto\u00ae++\n|raw|NeoNaruto\u00ae++'s rating: 1742 &rarr; <strong>1763<\/strong><br \/>(+21 for winning)\n|raw|Down$hift's rating: 1754 &rarr; <strong>1733<\/strong><br \/>(-21 for losing)\n|l|\u2606Down$hift\n|l|\u2606NeoNaruto\u00ae++\n|l| VirginGuysSucks\n|l| Hella Rare Pepe\n","uploadtime":1632445039,"views":58,"p1id":"neonaruto","p2id":"downhift","formatid":"gen8ou","rating":1733,"private":0,"password":null}