{"id":"gen8ou-1436395902","p1":"Daymo","p2":"I'm back from Mars","format":"gen8ou","log":"|j|\u2606Daymo\n|j|\u2606I'm back from Mars\n|t:|1634377552\n|gametype|singles\n|player|p1|Daymo|lance|1719\n|player|p2|I'm back from Mars|dawn|1874\n|teamsize|p1|6\n|teamsize|p2|6\n|gen|8\n|tier|[Gen 8] OU\n|rated|\n|rule|Sleep Clause Mod: Limit one foe put to sleep\n|rule|Species Clause: Limit one of each Pok\u00e9mon\n|rule|OHKO Clause: OHKO moves are banned\n|rule|Evasion Moves Clause: Evasion moves are banned\n|rule|Endless Battle Clause: Forcing endless battles is banned\n|rule|HP Percentage Mod: HP is shown in percentages\n|rule|Dynamax Clause: You cannot dynamax\n|clearpoke\n|poke|p1|Ninetales-Alola, M|\n|poke|p1|Bisharp, M|\n|poke|p1|Latios, M|\n|poke|p1|Garchomp, F|\n|poke|p1|Celesteela|\n|poke|p1|Azumarill, F|\n|poke|p2|Shedinja|\n|poke|p2|Skarmory, M|\n|poke|p2|Gastrodon, M|\n|poke|p2|Toxapex, F|\n|poke|p2|Clefable, F|\n|poke|p2|Hydreigon, F|\n|teampreview\n|j| Sersi Lanistar\n|j| jeanmilapipe\n|\n|t:|1634377575\n|start\n|switch|p1a: Ninetales|Ninetales-Alola, M|100\/100\n|switch|p2a: Skarmory|Skarmory, M|100\/100\n|-weather|Hail|[from] ability: Snow Warning|[of] p1a: Ninetales\n|turn|1\n|\n|t:|1634377580\n|move|p1a: Ninetales|Aurora Veil|p1a: Ninetales\n|-sidestart|p1: Daymo|move: Aurora Veil\n|move|p2a: Skarmory|Toxic|p1a: Ninetales\n|-status|p1a: Ninetales|tox\n|\n|-weather|Hail|[upkeep]\n|-damage|p2a: Skarmory|95\/100|[from] Hail\n|-damage|p1a: Ninetales|94\/100 tox|[from] psn\n|upkeep\n|turn|2\n|\n|t:|1634377592\n|move|p1a: Ninetales|Encore|p2a: Skarmory\n|-start|p2a: Skarmory|Encore\n|move|p2a: Skarmory|Toxic|p1a: Ninetales\n|-fail|p1a: Ninetales|tox\n|\n|-weather|Hail|[upkeep]\n|-damage|p2a: Skarmory|89\/100|[from] Hail\n|-damage|p1a: Ninetales|82\/100 tox|[from] psn\n|upkeep\n|turn|3\n|\n|t:|1634377598\n|switch|p1a: Bisharp|Bisharp, M, shiny|100\/100\n|move|p2a: Skarmory|Toxic|p1a: Bisharp\n|-immune|p1a: Bisharp\n|\n|-weather|Hail|[upkeep]\n|-damage|p1a: Bisharp|95\/100|[from] Hail\n|-damage|p2a: Skarmory|83\/100|[from] Hail\n|upkeep\n|turn|4\n|\n|t:|1634377625\n|switch|p2a: Hydreigon|Hydreigon, F|100\/100\n|move|p1a: Bisharp|Swords Dance|p1a: Bisharp\n|-boost|p1a: Bisharp|atk|2\n|\n|-weather|Hail|[upkeep]\n|-damage|p2a: Hydreigon|94\/100|[from] Hail\n|-damage|p1a: Bisharp|89\/100|[from] Hail\n|-heal|p2a: Hydreigon|100\/100|[from] item: Leftovers\n|upkeep\n|turn|5\n|\n|t:|1634377632\n|move|p2a: Hydreigon|Flamethrower|p1a: Bisharp\n|-supereffective|p1a: Bisharp\n|-damage|p1a: Bisharp|34\/100\n|move|p1a: Bisharp|Iron Head|p2a: Hydreigon\n|-damage|p2a: Hydreigon|0 fnt\n|faint|p2a: Hydreigon\n|-damage|p1a: Bisharp|24\/100|[from] item: Life Orb\n|\n|-weather|none\n|upkeep\n|\n|t:|1634377644\n|switch|p2a: Toxapex|Toxapex, F|100\/100\n|turn|6\n|\n|t:|1634377647\n|move|p1a: Bisharp|Knock Off|p2a: Toxapex\n|-damage|p2a: Toxapex|13\/100\n|-damage|p1a: Bisharp|8\/100|[from] item: Rocky Helmet|[of] p2a: Toxapex\n|-enditem|p2a: Toxapex|Rocky Helmet|[from] move: Knock Off|[of] p1a: Bisharp\n|-damage|p1a: Bisharp|0 fnt|[from] item: Life Orb\n|faint|p1a: Bisharp\n|move|p2a: Toxapex|Knock Off|p1: Bisharp|[notarget]\n|-fail|p2a: Toxapex\n|\n|upkeep\n|\n|t:|1634377670\n|switch|p1a: Celesteela|Celesteela, shiny|100\/100\n|turn|7\n|\n|t:|1634377674\n|switch|p2a: Gastrodon|Gastrodon, M|100\/100\n|move|p1a: Celesteela|Air Slash|p2a: Gastrodon\n|-damage|p2a: Gastrodon|74\/100\n|\n|-heal|p2a: Gastrodon|81\/100|[from] item: Leftovers\n|upkeep\n|turn|8\n|\n|t:|1634377680\n|move|p1a: Celesteela|Air Slash|p2a: Gastrodon\n|-damage|p2a: Gastrodon|57\/100\n|move|p2a: Gastrodon|Scald|p1a: Celesteela\n|-damage|p1a: Celesteela|88\/100\n|-status|p1a: Celesteela|brn\n|\n|-heal|p2a: Gastrodon|63\/100|[from] item: Leftovers\n|-damage|p1a: Celesteela|82\/100 brn|[from] brn\n|-sideend|p1: Daymo|move: Aurora Veil\n|upkeep\n|turn|9\n|\n|t:|1634377686\n|switch|p1a: Ninetales|Ninetales-Alola, M|82\/100 tox\n|-weather|Hail|[from] ability: Snow Warning|[of] p1a: Ninetales\n|move|p2a: Gastrodon|Recover|p2a: Gastrodon\n|-heal|p2a: Gastrodon|100\/100\n|\n|-weather|Hail|[upkeep]\n|-damage|p2a: Gastrodon|94\/100|[from] Hail\n|-heal|p2a: Gastrodon|100\/100|[from] item: Leftovers\n|-damage|p1a: Ninetales|76\/100 tox|[from] psn\n|upkeep\n|turn|10\n|\n|t:|1634377696\n|switch|p2a: Skarmory|Skarmory, M|83\/100\n|move|p1a: Ninetales|Aurora Veil|p1a: Ninetales\n|-sidestart|p1: Daymo|move: Aurora Veil\n|\n|-weather|Hail|[upkeep]\n|-damage|p2a: Skarmory|77\/100|[from] Hail\n|-damage|p1a: Ninetales|64\/100 tox|[from] psn\n|upkeep\n|turn|11\n|\n|t:|1634377700\n|move|p1a: Ninetales|Hypnosis|p2a: Skarmory|[miss]\n|-miss|p1a: Ninetales|p2a: Skarmory\n|move|p2a: Skarmory|Roost|p2a: Skarmory\n|-heal|p2a: Skarmory|100\/100\n|-singleturn|p2a: Skarmory|move: Roost\n|\n|-weather|Hail|[upkeep]\n|-damage|p2a: Skarmory|95\/100|[from] Hail\n|-damage|p1a: Ninetales|46\/100 tox|[from] psn\n|upkeep\n|turn|12\n|\n|t:|1634377707\n|move|p1a: Ninetales|Hypnosis|p2a: Skarmory\n|-status|p2a: Skarmory|slp|[from] move: Hypnosis\n|cant|p2a: Skarmory|slp\n|\n|-weather|Hail|[upkeep]\n|-damage|p2a: Skarmory|89\/100 slp|[from] Hail\n|-damage|p1a: Ninetales|22\/100 tox|[from] psn\n|upkeep\n|turn|13\n|\n|t:|1634377719\n|switch|p1a: Azumarill|Azumarill, F|100\/100\n|switch|p2a: Clefable|Clefable, F|100\/100\n|\n|-weather|none\n|upkeep\n|turn|14\n|\n|t:|1634377726\n|move|p1a: Azumarill|Belly Drum|p1a: Azumarill\n|-damage|p1a: Azumarill|50\/100\n|-setboost|p1a: Azumarill|atk|6|[from] move: Belly Drum\n|-enditem|p1a: Azumarill|Sitrus Berry|[eat]\n|-heal|p1a: Azumarill|75\/100|[from] item: Sitrus Berry\n|move|p2a: Clefable|Calm Mind|p2a: Clefable\n|-boost|p2a: Clefable|spa|1\n|-boost|p2a: Clefable|spd|1\n|\n|upkeep\n|turn|15\n|\n|t:|1634377733\n|move|p1a: Azumarill|Play Rough|p2a: Clefable\n|-damage|p2a: Clefable|55\/100\n|move|p2a: Clefable|Moonblast|p1a: Azumarill\n|-damage|p1a: Azumarill|46\/100\n|\n|-heal|p2a: Clefable|61\/100|[from] item: Leftovers\n|upkeep\n|turn|16\n|\n|t:|1634377741\n|move|p1a: Azumarill|Play Rough|p2a: Clefable\n|-damage|p2a: Clefable|19\/100\n|move|p2a: Clefable|Soft-Boiled|p2a: Clefable\n|-heal|p2a: Clefable|69\/100\n|\n|-heal|p2a: Clefable|75\/100|[from] item: Leftovers\n|upkeep\n|turn|17\n|\n|t:|1634377744\n|move|p1a: Azumarill|Play Rough|p2a: Clefable\n|-damage|p2a: Clefable|30\/100\n|-unboost|p2a: Clefable|atk|1\n|move|p2a: Clefable|Soft-Boiled|p2a: Clefable\n|-heal|p2a: Clefable|80\/100\n|\n|-heal|p2a: Clefable|86\/100|[from] item: Leftovers\n|-sideend|p1: Daymo|move: Aurora Veil\n|upkeep\n|turn|18\n|\n|t:|1634377747\n|move|p1a: Azumarill|Play Rough|p2a: Clefable\n|-damage|p2a: Clefable|41\/100\n|move|p2a: Clefable|Soft-Boiled|p2a: Clefable\n|-heal|p2a: Clefable|91\/100\n|\n|-heal|p2a: Clefable|97\/100|[from] item: Leftovers\n|upkeep\n|turn|19\n|j| Xpndkirrdji\n|\n|t:|1634377758\n|move|p1a: Azumarill|Play Rough|p2a: Clefable\n|-damage|p2a: Clefable|55\/100\n|move|p2a: Clefable|Soft-Boiled|p2a: Clefable\n|-heal|p2a: Clefable|100\/100\n|\n|upkeep\n|turn|20\n|\n|t:|1634377764\n|move|p1a: Azumarill|Play Rough|p2a: Clefable|[miss]\n|-miss|p1a: Azumarill|p2a: Clefable\n|move|p2a: Clefable|Moonblast|p1a: Azumarill\n|-damage|p1a: Azumarill|0 fnt\n|faint|p1a: Azumarill\n|\n|upkeep\n|\n|t:|1634377769\n|switch|p1a: Celesteela|Celesteela, shiny|82\/100 brn\n|turn|21\n|\n|t:|1634377775\n|switch|p2a: Gastrodon|Gastrodon, M|100\/100\n|move|p1a: Celesteela|Meteor Beam||[still]\n|-prepare|p1a: Celesteela|Meteor Beam\n|-boost|p1a: Celesteela|spa|1\n|-enditem|p1a: Celesteela|Power Herb\n|-anim|p1a: Celesteela|Meteor Beam|p2a: Gastrodon\n|-resisted|p2a: Gastrodon\n|-damage|p2a: Gastrodon|82\/100\n|\n|-heal|p2a: Gastrodon|88\/100|[from] item: Leftovers\n|-damage|p1a: Celesteela|76\/100 brn|[from] brn\n|upkeep\n|turn|22\n|\n|t:|1634377783\n|move|p1a: Celesteela|Air Slash|p2a: Gastrodon\n|-damage|p2a: Gastrodon|54\/100\n|move|p2a: Gastrodon|Scald|p1a: Celesteela\n|-damage|p1a: Celesteela|51\/100 brn\n|\n|-heal|p2a: Gastrodon|61\/100|[from] item: Leftovers\n|-damage|p1a: Celesteela|45\/100 brn|[from] brn\n|upkeep\n|turn|23\n|\n|t:|1634377791\n|move|p1a: Celesteela|Air Slash|p2a: Gastrodon\n|-damage|p2a: Gastrodon|24\/100\n|move|p2a: Gastrodon|Recover|p2a: Gastrodon\n|-heal|p2a: Gastrodon|74\/100\n|\n|-heal|p2a: Gastrodon|81\/100|[from] item: Leftovers\n|-damage|p1a: Celesteela|39\/100 brn|[from] brn\n|upkeep\n|turn|24\n|\n|t:|1634377801\n|move|p1a: Celesteela|Air Slash|p2a: Gastrodon\n|-damage|p2a: Gastrodon|46\/100\n|cant|p2a: Gastrodon|flinch\n|\n|-heal|p2a: Gastrodon|52\/100|[from] item: Leftovers\n|-damage|p1a: Celesteela|33\/100 brn|[from] brn\n|upkeep\n|turn|25\n|\n|t:|1634377809\n|move|p1a: Celesteela|Air Slash|p2a: Gastrodon\n|-damage|p2a: Gastrodon|17\/100\n|move|p2a: Gastrodon|Recover|p2a: Gastrodon\n|-heal|p2a: Gastrodon|67\/100\n|\n|-heal|p2a: Gastrodon|73\/100|[from] item: Leftovers\n|-damage|p1a: Celesteela|27\/100 brn|[from] brn\n|upkeep\n|turn|26\n|j| dw its easy alija\n|\n|t:|1634377812\n|move|p1a: Celesteela|Air Slash|p2a: Gastrodon\n|-damage|p2a: Gastrodon|38\/100\n|cant|p2a: Gastrodon|flinch\n|\n|-heal|p2a: Gastrodon|44\/100|[from] item: Leftovers\n|-damage|p1a: Celesteela|21\/100 brn|[from] brn\n|upkeep\n|turn|27\n|\n|t:|1634377819\n|move|p1a: Celesteela|Air Slash|p2a: Gastrodon\n|-damage|p2a: Gastrodon|9\/100\n|move|p2a: Gastrodon|Recover|p2a: Gastrodon\n|-heal|p2a: Gastrodon|59\/100\n|\n|-heal|p2a: Gastrodon|65\/100|[from] item: Leftovers\n|-damage|p1a: Celesteela|15\/100 brn|[from] brn\n|upkeep\n|turn|28\n|j| Sciror\n|\n|t:|1634377822\n|move|p1a: Celesteela|Air Slash|p2a: Gastrodon\n|-damage|p2a: Gastrodon|26\/100\n|cant|p2a: Gastrodon|flinch\n|\n|-heal|p2a: Gastrodon|32\/100|[from] item: Leftovers\n|-damage|p1a: Celesteela|9\/100 brn|[from] brn\n|upkeep\n|turn|29\n|j| NULX ruins\n|\n|t:|1634377841\n|move|p1a: Celesteela|Air Slash|p2a: Gastrodon\n|-damage|p2a: Gastrodon|0 fnt\n|faint|p2a: Gastrodon\n|-ability|p1a: Celesteela|Beast Boost|boost\n|-boost|p1a: Celesteela|spa|1\n|\n|-damage|p1a: Celesteela|3\/100 brn|[from] brn\n|upkeep\n|\n|t:|1634377845\n|switch|p2a: Shedinja|Shedinja|100\/100\n|turn|30\n|\n|t:|1634377862\n|move|p2a: Shedinja|Shadow Sneak|p1a: Celesteela\n|-damage|p1a: Celesteela|0 fnt\n|faint|p1a: Celesteela\n|\n|upkeep\n|\n|t:|1634377865\n|switch|p1a: Ninetales|Ninetales-Alola, M|22\/100 tox\n|-weather|Hail|[from] ability: Snow Warning|[of] p1a: Ninetales\n|turn|31\n|\n|t:|1634377876\n|switch|p2a: Skarmory|Skarmory, M|89\/100 slp\n|move|p1a: Ninetales|Aurora Veil|p1a: Ninetales\n|-sidestart|p1: Daymo|move: Aurora Veil\n|\n|-weather|Hail|[upkeep]\n|-damage|p2a: Skarmory|83\/100 slp|[from] Hail\n|-damage|p1a: Ninetales|16\/100 tox|[from] psn\n|upkeep\n|turn|32\n|\n|t:|1634377888\n|switch|p1a: Latios|Latios, M|100\/100\n|cant|p2a: Skarmory|slp\n|\n|-weather|Hail|[upkeep]\n|-damage|p1a: Latios|95\/100|[from] Hail\n|-damage|p2a: Skarmory|77\/100 slp|[from] Hail\n|upkeep\n|turn|33\n|\n|t:|1634377896\n|move|p1a: Latios|Calm Mind|p1a: Latios\n|-boost|p1a: Latios|spa|1\n|-boost|p1a: Latios|spd|1\n|-curestatus|p2a: Skarmory|slp|[msg]\n|move|p2a: Skarmory|Toxic|p1a: Latios\n|-status|p1a: Latios|tox\n|\n|-weather|Hail|[upkeep]\n|-damage|p1a: Latios|89\/100 tox|[from] Hail\n|-damage|p2a: Skarmory|71\/100|[from] Hail\n|-damage|p1a: Latios|83\/100 tox|[from] psn\n|upkeep\n|turn|34\n|\n|t:|1634377905\n|move|p1a: Latios|Agility|p1a: Latios\n|-boost|p1a: Latios|spe|2\n|move|p2a: Skarmory|Roost|p2a: Skarmory\n|-heal|p2a: Skarmory|100\/100\n|-singleturn|p2a: Skarmory|move: Roost\n|\n|-weather|Hail|[upkeep]\n|-damage|p1a: Latios|77\/100 tox|[from] Hail\n|-damage|p2a: Skarmory|95\/100|[from] Hail\n|-damage|p1a: Latios|65\/100 tox|[from] psn\n|upkeep\n|turn|35\n|\n|t:|1634377909\n|move|p1a: Latios|Calm Mind|p1a: Latios\n|-boost|p1a: Latios|spa|1\n|-boost|p1a: Latios|spd|1\n|move|p2a: Skarmory|Roost|p2a: Skarmory\n|-heal|p2a: Skarmory|100\/100\n|-singleturn|p2a: Skarmory|move: Roost\n|\n|-weather|none\n|-damage|p1a: Latios|47\/100 tox|[from] psn\n|upkeep\n|turn|36\n|\n|t:|1634377917\n|move|p1a: Latios|Aura Sphere|p2a: Skarmory\n|-damage|p2a: Skarmory|17\/100\n|move|p2a: Skarmory|Roost|p2a: Skarmory\n|-heal|p2a: Skarmory|67\/100\n|-singleturn|p2a: Skarmory|move: Roost\n|\n|-damage|p1a: Latios|23\/100 tox|[from] psn\n|upkeep\n|turn|37\n|\n|t:|1634377954\n|switch|p2a: Shedinja|Shedinja|100\/100\n|move|p1a: Latios|Aura Sphere|p2a: Shedinja\n|-immune|p2a: Shedinja|[from] ability: Wonder Guard\n|\n|-damage|p1a: Latios|0 fnt|[from] psn\n|faint|p1a: Latios\n|upkeep\n|\n|t:|1634377956\n|switch|p1a: Ninetales|Ninetales-Alola, M|16\/100 tox\n|-weather|Hail|[from] ability: Snow Warning|[of] p1a: Ninetales\n|turn|38\n|\n|t:|1634377979\n|move|p2a: Shedinja|Shadow Sneak|p1a: Ninetales\n|-damage|p1a: Ninetales|6\/100 tox\n|move|p1a: Ninetales|Hypnosis|p2a: Shedinja\n|-status|p2a: Shedinja|slp|[from] move: Hypnosis\n|\n|-weather|Hail|[upkeep]\n|-damage|p2a: Shedinja|0 fnt|[from] Hail\n|faint|p2a: Shedinja\n|-damage|p1a: Ninetales|0 fnt|[from] psn\n|faint|p1a: Ninetales\n|-sideend|p1: Daymo|move: Aurora Veil\n|upkeep\n|\n|t:|1634378001\n|switch|p1a: Garchomp|Garchomp, F|100\/100\n|switch|p2a: Skarmory|Skarmory, M|67\/100\n|turn|39\n|\n|t:|1634378003\n|move|p1a: Garchomp|Fire Blast|p2a: Skarmory\n|-supereffective|p2a: Skarmory\n|-damage|p2a: Skarmory|5\/100\n|-damage|p1a: Garchomp|91\/100|[from] item: Life Orb\n|move|p2a: Skarmory|Toxic|p1a: Garchomp\n|-status|p1a: Garchomp|tox\n|\n|-weather|Hail|[upkeep]\n|-damage|p1a: Garchomp|85\/100 tox|[from] Hail\n|-damage|p2a: Skarmory|0 fnt|[from] Hail\n|faint|p2a: Skarmory\n|-damage|p1a: Garchomp|78\/100 tox|[from] psn\n|upkeep\n|\n|t:|1634378007\n|switch|p2a: Clefable|Clefable, F|100\/100\n|turn|40\n|\n|t:|1634378016\n|move|p1a: Garchomp|Earthquake|p2a: Clefable\n|-damage|p2a: Clefable|52\/100\n|-damage|p1a: Garchomp|69\/100 tox|[from] item: Life Orb\n|move|p2a: Clefable|Soft-Boiled|p2a: Clefable\n|-heal|p2a: Clefable|100\/100\n|\n|-weather|Hail|[upkeep]\n|-damage|p1a: Garchomp|62\/100 tox|[from] Hail\n|-damage|p2a: Clefable|94\/100|[from] Hail\n|-heal|p2a: Clefable|100\/100|[from] item: Leftovers\n|-damage|p1a: Garchomp|50\/100 tox|[from] psn\n|upkeep\n|turn|41\n|-message|Daymo forfeited.\n|\n|win|I'm back from Mars\n|raw|Daymo's rating: 1719 &rarr; <strong>1707<\/strong><br \/>(-12 for losing)\n|raw|I&apos;m back from Mars's rating: 1874 &rarr; <strong>1886<\/strong><br \/>(+12 for winning)\n|l|\u2606Daymo\n","uploadtime":1634378023,"views":42,"p1id":"daymo","p2id":"imbackfrommars","formatid":"gen8ou","rating":1707,"private":0,"password":null}