{"id":"gen8ou-1166378643","p1":"LT71LX devin","p2":"2222mm","format":"gen8ou","log":"|raw|<div class=\"broadcast-blue\"><strong>This battle is required to be public due to a player having a name prefixed by 'LT71LX'.<\/div>\n|j|\u2606LT71LX devin\n|j|\u26062222mm\n|t:|1597054783\n|player|p1|LT71LX devin|#wcop2020asia|1637\n|player|p2|2222mm|winona-gen3|1689\n|teamsize|p1|6\n|teamsize|p2|6\n|gametype|singles\n|gen|8\n|tier|[Gen 8] OU\n|rated|\n|clearpoke\n|poke|p1|Lycanroc-Dusk, M|\n|poke|p1|Urshifu-*, F|\n|poke|p1|Volcarona, F|\n|poke|p1|Rillaboom, F|\n|poke|p1|Gyarados, M|\n|poke|p1|Zeraora|\n|poke|p2|Urshifu-*, F|\n|poke|p2|Clefable, F|\n|poke|p2|Corviknight, M|\n|poke|p2|Dragapult, M|\n|poke|p2|Ferrothorn, M|\n|poke|p2|Dracozolt|\n|rule|Sleep Clause Mod: Limit one foe put to sleep\n|rule|Species Clause: Limit one of each Pok\u00e9mon\n|rule|OHKO Clause: OHKO moves are banned\n|rule|Evasion Moves Clause: Evasion moves are banned\n|rule|Endless Battle Clause: Forcing endless battles is banned\n|rule|HP Percentage Mod: HP is shown in percentages\n|rule|Dynamax Clause: You cannot dynamax\n|teampreview\n|inactive|Battle timer is ON: inactive players will automatically lose when time's up. (requested by LT71LX devin)\n|\n|t:|1597054812\n|start\n|switch|p1a: Lycanroc|Lycanroc-Dusk, M|100\/100\n|switch|p2a: Corviknight|Corviknight, M|100\/100\n|-ability|p2a: Corviknight|Pressure\n|turn|1\n|\n|t:|1597054818\n|move|p1a: Lycanroc|Stealth Rock|p2a: Corviknight\n|-sidestart|p2: 2222mm|move: Stealth Rock\n|move|p2a: Corviknight|Iron Head|p1a: Lycanroc\n|-supereffective|p1a: Lycanroc\n|-damage|p1a: Lycanroc|20\/100\n|\n|upkeep\n|turn|2\n|\n|t:|1597054829\n|move|p1a: Lycanroc|Endeavor|p2a: Corviknight\n|-damage|p2a: Corviknight|15\/100\n|move|p2a: Corviknight|U-turn|p1a: Lycanroc\n|-damage|p1a: Lycanroc|0 fnt\n|faint|p1a: Lycanroc\n|inactive|2222mm has 120 seconds left.\n|\n|t:|1597054866\n|switch|p2a: Urshifu|Urshifu, F|100\/100|[from]move: U-turn\n|-damage|p2a: Urshifu|94\/100|[from] Stealth Rock\n|\n|upkeep\n|\n|t:|1597054884\n|switch|p1a: Rillaboom|Rillaboom, F|100\/100\n|-fieldstart|move: Grassy Terrain|[from] ability: Grassy Surge|[of] p1a: Rillaboom\n|turn|3\n|\n|t:|1597054889\n|move|p1a: Rillaboom|Grassy Glide|p2a: Urshifu\n|-damage|p2a: Urshifu|31\/100\n|move|p2a: Urshifu|U-turn|p1a: Rillaboom\n|-supereffective|p1a: Rillaboom\n|-damage|p1a: Rillaboom|15\/100\n|inactive|2222mm has 120 seconds left.\n|\n|t:|1597054914\n|switch|p2a: Ferrothorn|Ferrothorn, M|100\/100|[from]move: U-turn\n|-damage|p2a: Ferrothorn|94\/100|[from] Stealth Rock\n|\n|-heal|p1a: Rillaboom|22\/100|[from] Grassy Terrain\n|-heal|p2a: Ferrothorn|100\/100|[from] item: Leftovers\n|upkeep\n|turn|4\n|\n|t:|1597054927\n|switch|p1a: Volcarona|Volcarona, F|100\/100\n|move|p2a: Ferrothorn|Leech Seed|p1a: Volcarona\n|-start|p1a: Volcarona|move: Leech Seed\n|\n|-damage|p1a: Volcarona|88\/100|[from] Leech Seed|[of] p2a: Ferrothorn\n|upkeep\n|turn|5\n|\n|t:|1597054933\n|switch|p2a: Dragapult|Dragapult, M|100\/100\n|move|p1a: Volcarona|Flamethrower|p2a: Dragapult\n|-resisted|p2a: Dragapult\n|-damage|p2a: Dragapult|72\/100\n|\n|-heal|p2a: Dragapult|78\/100|[from] Grassy Terrain\n|-heal|p1a: Volcarona|94\/100|[from] Grassy Terrain\n|-damage|p1a: Volcarona|82\/100|[from] Leech Seed|[of] p2a: Dragapult\n|-heal|p2a: Dragapult|91\/100|[silent]\n|upkeep\n|turn|6\n|inactive|2222mm has 120 seconds left.\n|\n|t:|1597054947\n|switch|p1a: Rillaboom|Rillaboom, F|22\/100\n|move|p2a: Dragapult|U-turn|p1a: Rillaboom\n|-supereffective|p1a: Rillaboom\n|-damage|p1a: Rillaboom|0 fnt\n|faint|p1a: Rillaboom\n|\n|t:|1597054957\n|switch|p2a: Dracozolt|Dracozolt|100\/100|[from]move: U-turn\n|-damage|p2a: Dracozolt|88\/100|[from] Stealth Rock\n|\n|-heal|p2a: Dracozolt|94\/100|[from] Grassy Terrain\n|upkeep\n|\n|t:|1597054981\n|switch|p1a: Zeraora|Zeraora|100\/100\n|-enditem|p1a: Zeraora|Grassy Seed\n|-boost|p1a: Zeraora|def|1|[from] item: Grassy Seed\n|turn|7\n|inactive|2222mm has 120 seconds left.\n|\n|t:|1597054991\n|move|p1a: Zeraora|Bulk Up|p1a: Zeraora\n|-boost|p1a: Zeraora|atk|1\n|-boost|p1a: Zeraora|def|1\n|move|p2a: Dracozolt|Draco Meteor|p1a: Zeraora\n|-damage|p1a: Zeraora|17\/100\n|-unboost|p2a: Dracozolt|spa|2\n|-damage|p2a: Dracozolt|84\/100|[from] item: Life Orb\n|\n|-heal|p1a: Zeraora|23\/100|[from] Grassy Terrain\n|-heal|p2a: Dracozolt|91\/100|[from] Grassy Terrain\n|-fieldend|move: Grassy Terrain\n|upkeep\n|turn|8\n|inactive|2222mm has 120 seconds left.\n|\n|t:|1597055001\n|move|p1a: Zeraora|Knock Off|p2a: Dracozolt\n|-damage|p2a: Dracozolt|31\/100\n|-enditem|p2a: Dracozolt|Life Orb|[from] move: Knock Off|[of] p1a: Zeraora\n|move|p2a: Dracozolt|Draco Meteor|p1a: Zeraora\n|-damage|p1a: Zeraora|0 fnt\n|-unboost|p2a: Dracozolt|spa|2\n|faint|p1a: Zeraora\n|\n|upkeep\n|\n|t:|1597055016\n|switch|p1a: Volcarona|Volcarona, F|82\/100\n|turn|9\n|\n|t:|1597055033\n|switch|p1a: Gyarados|Gyarados, M|100\/100\n|move|p2a: Dracozolt|Bolt Beak|p1a: Gyarados\n|-supereffective|p1a: Gyarados\n|-damage|p1a: Gyarados|0 fnt\n|faint|p1a: Gyarados\n|\n|upkeep\n|\n|t:|1597055035\n|switch|p1a: Urshifu|Urshifu, F|100\/100\n|turn|10\n|\n|t:|1597055049\n|switch|p2a: Clefable|Clefable, F|100\/100\n|move|p1a: Urshifu|Bulk Up|p1a: Urshifu\n|-boost|p1a: Urshifu|atk|1\n|-boost|p1a: Urshifu|def|1\n|\n|upkeep\n|turn|11\n|\n|t:|1597055053\n|move|p1a: Urshifu|Iron Head|p2a: Clefable\n|-supereffective|p2a: Clefable\n|-damage|p2a: Clefable|6\/100\n|-damage|p1a: Urshifu|91\/100|[from] item: Life Orb\n|move|p2a: Clefable|Moonblast|p1a: Urshifu\n|-supereffective|p1a: Urshifu\n|-damage|p1a: Urshifu|0 fnt\n|faint|p1a: Urshifu\n|\n|-heal|p2a: Clefable|12\/100|[from] item: Leftovers\n|upkeep\n|\n|t:|1597055065\n|switch|p1a: Volcarona|Volcarona, F|82\/100\n|turn|12\n|\n|t:|1597055069\n|switch|p2a: Dragapult|Dragapult, M|91\/100\n|move|p1a: Volcarona|Quiver Dance|p1a: Volcarona\n|-boost|p1a: Volcarona|spa|1\n|-boost|p1a: Volcarona|spd|1\n|-boost|p1a: Volcarona|spe|1\n|\n|upkeep\n|turn|13\n|\n|t:|1597055074\n|move|p1a: Volcarona|Safeguard|p1a: Volcarona\n|-sidestart|p1: LT71LX devin|Safeguard\n|move|p2a: Dragapult|Thunder Wave|p1a: Volcarona\n|-status|p1a: Volcarona|par\n|\n|upkeep\n|turn|14\n|\n|t:|1597055082\n|move|p2a: Dragapult|Dragon Darts|p1a: Volcarona\n|-crit|p1a: Volcarona\n|-damage|p1a: Volcarona|44\/100 par\n|-anim|p2a: Dragapult|Dragon Darts|p1a: Volcarona\n|-damage|p1a: Volcarona|22\/100 par\n|move|p1a: Volcarona|Quiver Dance|p1a: Volcarona\n|-boost|p1a: Volcarona|spa|1\n|-boost|p1a: Volcarona|spd|1\n|-boost|p1a: Volcarona|spe|1\n|\n|upkeep\n|turn|15\n|-message|LT71LX devin forfeited.\n|\n|win|2222mm\n|l|\u2606LT71LX devin\n|raw|LT71LX devin's rating: 1637 &rarr; <strong>1620<\/strong><br \/>(-17 for losing)\n|raw|2222mm's rating: 1689 &rarr; <strong>1706<\/strong><br \/>(+17 for winning)\n","uploadtime":1597055100,"views":51,"p1id":"lt71lxdevin","p2id":"2222mm","formatid":"gen8ou","rating":1620,"private":0,"password":null}