{"id":"gen8ou-1688189628","p1":"Huskothy","p2":"OUTD Rose","format":"gen8ou","log":"|html|<div class=\"broadcast-blue\"><strong>[Gen 8] OU is currently suspecting Melmetal! For information on how to participate check out the <a href=\"https:\/\/www.smogon.com\/forums\/threads\/np-ss-ou-suspect-process-round-12-monster-mash.3709234\/\">suspect thread<\/a>.<\/strong><\/div>\n|j|\u2606Huskothy\n|j|\u2606OUTD Rose\n|t:|1666040248\n|gametype|singles\n|player|p1|Huskothy|lucas|1618\n|player|p2|OUTD Rose|pokemonranger-gen6xy|1612\n|teamsize|p1|6\n|teamsize|p2|6\n|gen|8\n|tier|[Gen 8] OU\n|rated|\n|rule|Sleep Clause Mod: Limit one foe put to sleep\n|rule|Species Clause: Limit one of each Pok\u00e9mon\n|rule|OHKO Clause: OHKO moves are banned\n|rule|Evasion Items Clause: Evasion items are banned\n|rule|Evasion Moves Clause: Evasion moves are banned\n|rule|Endless Battle Clause: Forcing endless battles is banned\n|rule|HP Percentage Mod: HP is shown in percentages\n|rule|Dynamax Clause: You cannot dynamax\n|clearpoke\n|poke|p1|Salamence, M|\n|poke|p1|Pelipper, F|\n|poke|p1|Barraskewda, F|\n|poke|p1|Ferrothorn, M|\n|poke|p1|Seismitoad, M|\n|poke|p1|Bisharp, F|\n|poke|p2|Mamoswine, M|\n|poke|p2|Primarina, F|\n|poke|p2|Zapdos|\n|poke|p2|Victini|\n|poke|p2|Ferrothorn, F|\n|poke|p2|Latios, M|\n|teampreview\n|\n|t:|1666040267\n|start\n|switch|p1a: Salamence|Salamence, M|100\/100\n|switch|p2a: CAPALA|Zapdos|100\/100\n|-ability|p1a: Salamence|Intimidate|boost\n|-unboost|p2a: CAPALA|atk|1\n|turn|1\n|\n|t:|1666040270\n|move|p1a: Salamence|Draco Meteor|p2a: CAPALA\n|-damage|p2a: CAPALA|9\/100\n|-unboost|p1a: Salamence|spa|2\n|move|p2a: CAPALA|Volt Switch|p1a: Salamence\n|-damage|p1a: Salamence|62\/100\n|\n|t:|1666040279\n|switch|p2a: SEA CHANGE|Primarina, F|100\/100|[from]move: Volt Switch\n|\n|upkeep\n|turn|2\n|\n|t:|1666040291\n|switch|p1a: Bisharp|Bisharp, F|100\/100\n|switch|p2a: CAPALA|Zapdos|9\/100\n|\n|upkeep\n|turn|3\n|\n|t:|1666040296\n|switch|p2a: SPINE CURVES|Ferrothorn, F|100\/100\n|move|p1a: Bisharp|Knock Off|p2a: SPINE CURVES\n|-damage|p2a: SPINE CURVES|73\/100\n|-damage|p1a: Bisharp|88\/100|[from] ability: Iron Barbs|[of] p2a: SPINE CURVES\n|-enditem|p2a: SPINE CURVES|Leftovers|[from] move: Knock Off|[of] p1a: Bisharp\n|\n|upkeep\n|turn|4\n|\n|t:|1666040302\n|move|p1a: Bisharp|Brick Break|p2a: SPINE CURVES\n|-supereffective|p2a: SPINE CURVES\n|-damage|p2a: SPINE CURVES|43\/100\n|-damage|p1a: Bisharp|76\/100|[from] ability: Iron Barbs|[of] p2a: SPINE CURVES\n|move|p2a: SPINE CURVES|Stealth Rock|p1a: Bisharp\n|-sidestart|p1: Huskothy|move: Stealth Rock\n|\n|upkeep\n|turn|5\n|\n|t:|1666040307\n|move|p1a: Bisharp|Brick Break|p2a: SPINE CURVES\n|-supereffective|p2a: SPINE CURVES\n|-damage|p2a: SPINE CURVES|14\/100\n|-damage|p1a: Bisharp|64\/100|[from] ability: Iron Barbs|[of] p2a: SPINE CURVES\n|move|p2a: SPINE CURVES|Body Press|p1a: Bisharp\n|-supereffective|p1a: Bisharp\n|-damage|p1a: Bisharp|0 fnt\n|faint|p1a: Bisharp\n|\n|upkeep\n|\n|t:|1666040314\n|switch|p1a: Barraskewda|Barraskewda, F|100\/100\n|-damage|p1a: Barraskewda|88\/100|[from] Stealth Rock\n|turn|6\n|\n|t:|1666040319\n|move|p1a: Barraskewda|Flip Turn|p2a: SPINE CURVES\n|-resisted|p2a: SPINE CURVES\n|-damage|p2a: SPINE CURVES|0 fnt\n|-damage|p1a: Barraskewda|76\/100|[from] ability: Iron Barbs|[of] p2a: SPINE CURVES\n|faint|p2a: SPINE CURVES\n|j| Jongruenwald\n|\n|t:|1666040331\n|switch|p1a: Pelipper|Pelipper, F|100\/100|[from]move: Flip Turn\n|-damage|p1a: Pelipper|76\/100|[from] Stealth Rock\n|-weather|RainDance|[from] ability: Drizzle|[of] p1a: Pelipper\n|\n|-weather|RainDance|[upkeep]\n|upkeep\n|j| First loves\n|\n|t:|1666040349\n|switch|p2a: CAPALA|Zapdos|9\/100\n|turn|7\n|\n|t:|1666040353\n|switch|p1a: Seismitoad|Seismitoad, M|100\/100\n|-damage|p1a: Seismitoad|95\/100|[from] Stealth Rock\n|move|p2a: CAPALA|Hurricane|p1a: Seismitoad\n|-damage|p1a: Seismitoad|35\/100\n|\n|-weather|RainDance|[upkeep]\n|upkeep\n|turn|8\n|\n|t:|1666040364\n|switch|p2a: SEA CHANGE|Primarina, F|100\/100\n|move|p1a: Seismitoad|Hydro Pump|p2a: SEA CHANGE|[miss]\n|-miss|p1a: Seismitoad|p2a: SEA CHANGE\n|\n|-weather|RainDance|[upkeep]\n|upkeep\n|turn|9\n|\n|t:|1666040370\n|move|p1a: Seismitoad|Earth Power|p2a: SEA CHANGE\n|-damage|p2a: SEA CHANGE|62\/100\n|-damage|p1a: Seismitoad|25\/100|[from] item: Life Orb\n|move|p2a: SEA CHANGE|Scald|p1a: Seismitoad\n|-damage|p1a: Seismitoad|0 fnt\n|faint|p1a: Seismitoad\n|\n|-weather|RainDance|[upkeep]\n|-heal|p2a: SEA CHANGE|69\/100|[from] item: Leftovers\n|upkeep\n|\n|t:|1666040375\n|switch|p1a: Ferrothorn|Ferrothorn, M|100\/100\n|-damage|p1a: Ferrothorn|94\/100|[from] Stealth Rock\n|turn|10\n|\n|t:|1666040381\n|move|p2a: SEA CHANGE|Scald|p1a: Ferrothorn\n|-resisted|p1a: Ferrothorn\n|-damage|p1a: Ferrothorn|78\/100\n|move|p1a: Ferrothorn|Leech Seed|p2a: SEA CHANGE\n|-start|p2a: SEA CHANGE|move: Leech Seed\n|\n|-weather|RainDance|[upkeep]\n|-heal|p2a: SEA CHANGE|75\/100|[from] item: Leftovers\n|-heal|p1a: Ferrothorn|85\/100|[from] item: Leftovers\n|-damage|p2a: SEA CHANGE|62\/100|[from] Leech Seed|[of] p1a: Ferrothorn\n|-heal|p1a: Ferrothorn|97\/100|[silent]\n|upkeep\n|turn|11\n|\n|t:|1666040390\n|move|p2a: SEA CHANGE|Scald|p1a: Ferrothorn\n|-resisted|p1a: Ferrothorn\n|-crit|p1a: Ferrothorn\n|-damage|p1a: Ferrothorn|72\/100\n|move|p1a: Ferrothorn|Spikes|p2a: SEA CHANGE\n|-sidestart|p2: OUTD Rose|Spikes\n|\n|-weather|RainDance|[upkeep]\n|-heal|p2a: SEA CHANGE|68\/100|[from] item: Leftovers\n|-heal|p1a: Ferrothorn|78\/100|[from] item: Leftovers\n|-damage|p2a: SEA CHANGE|56\/100|[from] Leech Seed|[of] p1a: Ferrothorn\n|-heal|p1a: Ferrothorn|91\/100|[silent]\n|upkeep\n|turn|12\n|\n|t:|1666040395\n|switch|p2a: CAPALA|Zapdos|9\/100\n|move|p1a: Ferrothorn|Spikes|p2a: CAPALA\n|-sidestart|p2: OUTD Rose|Spikes\n|\n|-weather|RainDance|[upkeep]\n|-heal|p1a: Ferrothorn|97\/100|[from] item: Leftovers\n|upkeep\n|turn|13\n|\n|t:|1666040399\n|move|p2a: CAPALA|Roost|p2a: CAPALA\n|-heal|p2a: CAPALA|60\/100\n|-singleturn|p2a: CAPALA|move: Roost\n|move|p1a: Ferrothorn|Leech Seed|p2a: CAPALA\n|-start|p2a: CAPALA|move: Leech Seed\n|\n|-weather|none\n|-heal|p1a: Ferrothorn|100\/100|[from] item: Leftovers\n|-damage|p2a: CAPALA|47\/100|[from] Leech Seed|[of] p1a: Ferrothorn\n|upkeep\n|turn|14\n|\n|t:|1666040404\n|move|p2a: CAPALA|Roost|p2a: CAPALA\n|-heal|p2a: CAPALA|97\/100\n|-singleturn|p2a: CAPALA|move: Roost\n|move|p1a: Ferrothorn|Leech Seed||[still]\n|-fail|p1a: Ferrothorn\n|\n|-damage|p2a: CAPALA|85\/100|[from] Leech Seed|[of] p1a: Ferrothorn\n|upkeep\n|turn|15\n|\n|t:|1666040409\n|move|p2a: CAPALA|Defog|p1a: Ferrothorn\n|-unboost|p1a: Ferrothorn|evasion|1\n|-sideend|p1: Huskothy|Stealth Rock|[from] move: Defog|[of] p2a: CAPALA\n|-sideend|p2: OUTD Rose|Spikes|[from] move: Defog|[of] p2a: CAPALA\n|move|p1a: Ferrothorn|Knock Off|p2a: CAPALA\n|-damage|p2a: CAPALA|69\/100\n|-status|p1a: Ferrothorn|par|[from] ability: Static|[of] p2a: CAPALA\n|-enditem|p2a: CAPALA|Heavy-Duty Boots|[from] move: Knock Off|[of] p1a: Ferrothorn\n|\n|-damage|p2a: CAPALA|57\/100|[from] Leech Seed|[of] p1a: Ferrothorn\n|upkeep\n|turn|16\n|\n|t:|1666040412\n|move|p2a: CAPALA|Volt Switch|p1a: Ferrothorn\n|-resisted|p1a: Ferrothorn\n|-damage|p1a: Ferrothorn|90\/100 par\n|\n|t:|1666040415\n|switch|p2a: HOT THOUGHTS|Victini|100\/100|[from]move: Volt Switch\n|move|p1a: Ferrothorn|Spikes|p2a: HOT THOUGHTS\n|-sidestart|p2: OUTD Rose|Spikes\n|\n|-heal|p1a: Ferrothorn|97\/100 par|[from] item: Leftovers\n|upkeep\n|turn|17\n|\n|t:|1666040421\n|switch|p1a: Pelipper|Pelipper, F|76\/100\n|-weather|RainDance|[from] ability: Drizzle|[of] p1a: Pelipper\n|move|p2a: HOT THOUGHTS|Bolt Strike|p1a: Pelipper\n|-supereffective|p1a: Pelipper\n|-damage|p1a: Pelipper|0 fnt\n|faint|p1a: Pelipper\n|\n|-weather|RainDance|[upkeep]\n|upkeep\n|\n|t:|1666040423\n|switch|p1a: Salamence|Salamence, M|62\/100\n|-ability|p1a: Salamence|Intimidate|boost\n|-unboost|p2a: HOT THOUGHTS|atk|1\n|turn|18\n|\n|t:|1666040452\n|move|p1a: Salamence|Hurricane|p2a: HOT THOUGHTS\n|-damage|p2a: HOT THOUGHTS|18\/100\n|move|p2a: HOT THOUGHTS|Glaciate|p1a: Salamence\n|-supereffective|p1a: Salamence\n|-crit|p1a: Salamence\n|-damage|p1a: Salamence|0 fnt\n|faint|p1a: Salamence\n|\n|-weather|RainDance|[upkeep]\n|upkeep\n|\n|t:|1666040456\n|switch|p1a: Barraskewda|Barraskewda, F|76\/100\n|turn|19\n|\n|t:|1666040460\n|switch|p2a: CAPALA|Zapdos|57\/100\n|move|p1a: Barraskewda|Liquidation|p2a: CAPALA\n|-damage|p2a: CAPALA|0 fnt\n|faint|p2a: CAPALA\n|\n|-weather|RainDance|[upkeep]\n|upkeep\n|\n|t:|1666040510\n|switch|p2a: TESSELATE|Latios, M|100\/100\n|turn|20\n|\n|t:|1666040514\n|switch|p1a: Ferrothorn|Ferrothorn, M|97\/100 par\n|move|p2a: TESSELATE|Psychic|p1a: Ferrothorn\n|-resisted|p1a: Ferrothorn\n|-damage|p1a: Ferrothorn|81\/100 par\n|\n|-weather|RainDance|[upkeep]\n|-heal|p1a: Ferrothorn|87\/100 par|[from] item: Leftovers\n|upkeep\n|turn|21\n|\n|t:|1666040528\n|switch|p2a: SEA CHANGE|Primarina, F|56\/100\n|-damage|p2a: SEA CHANGE|43\/100|[from] Spikes\n|move|p1a: Ferrothorn|Power Whip|p2a: SEA CHANGE\n|-supereffective|p2a: SEA CHANGE\n|-damage|p2a: SEA CHANGE|0 fnt\n|faint|p2a: SEA CHANGE\n|\n|-weather|RainDance|[upkeep]\n|-heal|p1a: Ferrothorn|94\/100 par|[from] item: Leftovers\n|upkeep\n|\n|t:|1666040536\n|switch|p2a: HORRIBLY RIGHT|Mamoswine, M|100\/100\n|-damage|p2a: HORRIBLY RIGHT|88\/100|[from] Spikes\n|turn|22\n|\n|t:|1666040540\n|move|p2a: HORRIBLY RIGHT|Icicle Crash|p1a: Ferrothorn\n|-damage|p1a: Ferrothorn|62\/100 par\n|cant|p1a: Ferrothorn|flinch\n|\n|-weather|RainDance|[upkeep]\n|-heal|p1a: Ferrothorn|68\/100 par|[from] item: Leftovers\n|upkeep\n|turn|23\n|\n|t:|1666040546\n|switch|p1a: Barraskewda|Barraskewda, F|76\/100\n|move|p2a: HORRIBLY RIGHT|Earthquake|p1a: Barraskewda\n|-damage|p1a: Barraskewda|0 fnt\n|faint|p1a: Barraskewda\n|\n|-weather|RainDance|[upkeep]\n|upkeep\n|c|\u2606Huskothy|gg\n|-message|Huskothy forfeited.\n|\n|win|OUTD Rose\n|raw|Huskothy's rating: 1618 &rarr; <strong>1598<\/strong><br \/>(-20 for losing)\n|raw|OUTD Rose's rating: 1612 &rarr; <strong>1632<\/strong><br \/>(+20 for winning)\n|l|\u2606Huskothy\n|c|\u2606OUTD Rose|gg\n|l| First loves\n||Ladder isn't responding, score probably updated but might not have (Request timeout).\n|l| Jongruenwald\n","uploadtime":1666040717,"views":28,"p1id":"huskothy","p2id":"outdrose","formatid":"gen8ou","rating":1598,"private":0,"password":null}