{"id":"gen8ou-1296781220","p1":"Kazt_5","p2":"8TeenNakedCowboys","format":"gen8ou","log":"|j|\u2606Kazt_5\n|j|\u26068TeenNakedCowboys\n|inactive|Battle timer is ON: inactive players will automatically lose when time's up.\n|t:|1615180862\n|player|p1|Kazt_5|dawn|\n|player|p2|8TeenNakedCowboys|80|\n|teamsize|p1|6\n|teamsize|p2|6\n|gametype|singles\n|gen|8\n|tier|[Gen 8] OU\n|rated|Tournament battle\n|clearpoke\n|poke|p1|Quagsire, F|\n|poke|p1|Latias, F|\n|poke|p1|Blacephalon|\n|poke|p1|Stunfisk, F|\n|poke|p1|Uxie|\n|poke|p1|Cloyster, M|\n|poke|p2|Blacephalon|\n|poke|p2|Cloyster, F|\n|poke|p2|Latias, F|\n|poke|p2|Hawlucha, M|\n|poke|p2|Klefki, F|\n|poke|p2|Stunfisk, F|\n|rule|Sleep Clause Mod: Limit one foe put to sleep\n|rule|Species Clause: Limit one of each Pok\u00e9mon\n|rule|OHKO Clause: OHKO moves are banned\n|rule|Evasion Moves Clause: Evasion moves are banned\n|rule|Endless Battle Clause: Forcing endless battles is banned\n|rule|HP Percentage Mod: HP is shown in percentages\n|rule|Dynamax Clause: You cannot dynamax\n|teampreview\n|j| NSXernos\n|j| jmoore15\n|c|\u26068TeenNakedCowboys|mb\n|j| BurlyBear_poke\n|c|\u26068TeenNakedCowboys|was with the boys\n|j| Kylerqaz\n|c|\u26068TeenNakedCowboys|ready now\n|c|\u2606Kazt_5|me and the bois about to win the tour\n|c|\u26068TeenNakedCowboys|pog\n|c| Kylerqaz|the other 17 naked cowboys?\n|inactive|Kazt_5 has 120 seconds left.\n|j| Omari P alt\n|\n|t:|1615180898\n|start\n|switch|p1a: Cloyster|Cloyster, M|100\/100\n|switch|p2a: Stunfisk|Stunfisk, F|100\/100\n|turn|1\n|c| NSXernos|no terrain sand lucha this is interesting\n|\n|t:|1615180910\n|move|p1a: Cloyster|Icicle Spear|p2a: Stunfisk\n|-supereffective|p2a: Stunfisk\n|-damage|p2a: Stunfisk|85\/100\n|-supereffective|p2a: Stunfisk\n|-damage|p2a: Stunfisk|69\/100\n|-supereffective|p2a: Stunfisk\n|-damage|p2a: Stunfisk|53\/100\n|-supereffective|p2a: Stunfisk\n|-damage|p2a: Stunfisk|37\/100\n|-supereffective|p2a: Stunfisk\n|-damage|p2a: Stunfisk|20\/100\n|-hitcount|p2a: Stunfisk|5\n|move|p2a: Stunfisk|Discharge|p1a: Cloyster\n|-supereffective|p1a: Cloyster\n|-damage|p1a: Cloyster|8\/100\n|-status|p1a: Cloyster|par\n|\n|-heal|p2a: Stunfisk|26\/100|[from] item: Leftovers\n|upkeep\n|turn|2\n|j| mf_salvador\n|\n|t:|1615180922\n|switch|p1a: Quagsire|Quagsire, F|100\/100\n|move|p2a: Stunfisk|Stealth Rock|p1a: Quagsire\n|-sidestart|p1: Kazt_5|move: Stealth Rock\n|\n|-heal|p2a: Stunfisk|33\/100|[from] item: Leftovers\n|upkeep\n|turn|3\n|c| NSXernos|the para\n|c| jmoore15|gg\n|c| mf_salvador|go kazt go!\n|\n|t:|1615180928\n|move|p1a: Quagsire|Earthquake|p2a: Stunfisk\n|-supereffective|p2a: Stunfisk\n|-damage|p2a: Stunfisk|0 fnt\n|faint|p2a: Stunfisk\n|\n|upkeep\n|j| HoldMySandwich\n|\n|t:|1615180936\n|switch|p2a: Cloyster|Cloyster, F|100\/100\n|turn|4\n|\n|t:|1615180947\n|move|p2a: Cloyster|Icicle Spear|p1a: Quagsire\n|-damage|p1a: Quagsire|91\/100\n|-damage|p1a: Quagsire|83\/100\n|-damage|p1a: Quagsire|74\/100\n|-damage|p1a: Quagsire|67\/100\n|-damage|p1a: Quagsire|58\/100\n|-hitcount|p1a: Quagsire|5\n|move|p1a: Quagsire|Toxic|p2a: Cloyster\n|-status|p2a: Cloyster|tox\n|\n|-heal|p1a: Quagsire|64\/100|[from] item: Leftovers\n|-damage|p2a: Cloyster|94\/100 tox|[from] psn\n|upkeep\n|turn|5\n|c| Kylerqaz|just  say gg till its true, good strat\n|\n|t:|1615180957\n|move|p1a: Quagsire|Protect|p1a: Quagsire\n|-singleturn|p1a: Quagsire|Protect\n|move|p2a: Cloyster|Icicle Spear|p1a: Quagsire\n|-activate|p1a: Quagsire|move: Protect\n|\n|-heal|p1a: Quagsire|70\/100|[from] item: Leftovers\n|-damage|p2a: Cloyster|82\/100 tox|[from] psn\n|upkeep\n|turn|6\n|c| NSXernos|he didnt say gg as good game, he said it as GO GO\n|\n|t:|1615180964\n|switch|p1a: Cloyster|Cloyster, M|8\/100 par\n|move|p2a: Cloyster|Icicle Spear|p1a: Cloyster\n|-resisted|p1a: Cloyster\n|-damage|p1a: Cloyster|6\/100 par\n|-resisted|p1a: Cloyster\n|-damage|p1a: Cloyster|4\/100 par\n|-resisted|p1a: Cloyster\n|-damage|p1a: Cloyster|2\/100 par\n|-resisted|p1a: Cloyster\n|-damage|p1a: Cloyster|0 fnt\n|-hitcount|p1a: Cloyster|4\n|faint|p1a: Cloyster\n|\n|-damage|p2a: Cloyster|63\/100 tox|[from] psn\n|upkeep\n|\n|t:|1615180971\n|switch|p1a: Quagsire|Quagsire, F|70\/100\n|-damage|p1a: Quagsire|64\/100|[from] Stealth Rock\n|turn|7\n|c| jmoore15|^^\n|c| jmoore15|thank you\n|\n|t:|1615180975\n|switch|p2a: Blacephalon|Blacephalon|100\/100\n|move|p1a: Quagsire|Protect||[still]\n|-fail|p1a: Quagsire\n|\n|-heal|p1a: Quagsire|70\/100|[from] item: Leftovers\n|upkeep\n|turn|8\n|\n|t:|1615180980\n|switch|p1a: Stunfisk|Stunfisk, F|100\/100\n|-damage|p1a: Stunfisk|94\/100|[from] Stealth Rock\n|move|p2a: Blacephalon|Shadow Ball|p1a: Stunfisk\n|-damage|p1a: Stunfisk|50\/100\n|\n|-heal|p1a: Stunfisk|56\/100|[from] item: Leftovers\n|upkeep\n|turn|9\n|c| Omari P alt|if ur scarf\n|\n|t:|1615180984\n|switch|p2a: Cloyster|Cloyster, F|63\/100 tox\n|move|p1a: Stunfisk|Earthquake|p2a: Cloyster\n|-damage|p2a: Cloyster|43\/100 tox\n|\n|-heal|p1a: Stunfisk|62\/100|[from] item: Leftovers\n|-damage|p2a: Cloyster|37\/100 tox|[from] psn\n|upkeep\n|turn|10\n|c| Omari P alt|u win\n|c| Kylerqaz|ah my mistake then\n|c| jmoore15|gg\n|c| mf_salvador|gg!\n|c| NSXernos|is stunfisk needed in this tour?\n|c| mf_salvador|not needed\n|c| mf_salvador|but available\n|inactive|Kazt_5 has 120 seconds left.\n|c| mf_salvador|im a klefki guy myself\n|c|\u2606Kazt_5|i have the feeling this guy is kings rock and is trying to cheese me\n|c| mf_salvador|oh wait they have klefki\n|j| RIPReckful\n|c|\u26068TeenNakedCowboys|correct\n|c| NSXernos|lol\n|l|\u2606Kazt_5\n|inactive|Kazt_5 disconnected and has a minute to reconnect!\n|player|p1|\n|l| Omari P alt\n|c| mf_salvador|kings rock isnt cheese its part of the game what can i say\n|c| jmoore15|gg\n|c| jmoore15|he left\n|j|\u2606Kazt_5\n|inactive|Kazt_5 reconnected and has 90 seconds left.\n|player|p1|Kazt_5|dawn\n|c| mf_salvador|they back\n|\n|t:|1615181054\n|move|p2a: Cloyster|Icicle Spear|p1a: Stunfisk\n|-supereffective|p1a: Stunfisk\n|-crit|p1a: Stunfisk\n|-damage|p1a: Stunfisk|22\/100\n|-supereffective|p1a: Stunfisk\n|-damage|p1a: Stunfisk|0 fnt\n|-hitcount|p1a: Stunfisk|2\n|faint|p1a: Stunfisk\n|\n|-damage|p2a: Cloyster|25\/100 tox|[from] psn\n|upkeep\n|\n|t:|1615181056\n|switch|p1a: Latias|Latias, F|100\/100\n|-damage|p1a: Latias|88\/100|[from] Stealth Rock\n|turn|11\n|\n|t:|1615181060\n|move|p1a: Latias|Psychic|p2a: Cloyster\n|-damage|p2a: Cloyster|0 fnt\n|faint|p2a: Cloyster\n|\n|upkeep\n|c|\u2606Kazt_5|my internet is lagging a lot rn\n|\n|t:|1615181077\n|switch|p2a: Klefki|Klefki, F|100\/100\n|turn|12\n|\n|t:|1615181081\n|switch|p1a: Quagsire|Quagsire, F|70\/100\n|-damage|p1a: Quagsire|64\/100|[from] Stealth Rock\n|move|p2a: Klefki|Calm Mind|p2a: Klefki\n|-boost|p2a: Klefki|spa|1\n|-boost|p2a: Klefki|spd|1\n|\n|-heal|p1a: Quagsire|70\/100|[from] item: Leftovers\n|upkeep\n|turn|13\n|c| mf_salvador|did yall know max speed scarf latias outspeeds +2 cloyster by 1 point exactly\n|inactive|Kazt_5 has 120 seconds left.\n|c| Kylerqaz|inputs lagging, i understand\n|c| mf_salvador|calm mind klefki\n|\n|t:|1615181100\n|switch|p2a: Hawlucha|Hawlucha, M|100\/100\n|switch|p1a: Uxie|Uxie|100\/100\n|-damage|p1a: Uxie|88\/100|[from] Stealth Rock\n|\n|-heal|p1a: Uxie|94\/100|[from] item: Leftovers\n|upkeep\n|turn|14\n|c| mf_salvador|curious\n|inactive|Kazt_5 has 120 seconds left.\n|\n|t:|1615181107\n|switch|p2a: Blacephalon|Blacephalon|100\/100\n|move|p1a: Uxie|Psychic|p2a: Blacephalon\n|-damage|p2a: Blacephalon|61\/100\n|\n|-heal|p1a: Uxie|100\/100|[from] item: Leftovers\n|upkeep\n|turn|15\n|inactive|Kazt_5 has 120 seconds left.\n|\n|t:|1615181123\n|move|p2a: Blacephalon|Shadow Ball|p1a: Uxie\n|-supereffective|p1a: Uxie\n|-damage|p1a: Uxie|20\/100\n|move|p1a: Uxie|Knock Off|p2a: Blacephalon\n|-supereffective|p2a: Blacephalon\n|-damage|p2a: Blacephalon|0 fnt\n|-enditem|p2a: Blacephalon|Choice Specs|[from] move: Knock Off|[of] p1a: Uxie\n|faint|p2a: Blacephalon\n|\n|-heal|p1a: Uxie|26\/100|[from] item: Leftovers\n|upkeep\n|\n|t:|1615181129\n|switch|p2a: Latias|Latias, F|100\/100\n|turn|16\n|c|\u2606Kazt_5|that was specs??? wow\n|inactive|Kazt_5 has 120 seconds left.\n|c| mf_salvador|go kazt go\n|c| mf_salvador|uxie shreds\n|\n|t:|1615181155\n|move|p2a: Latias|Agility|p2a: Latias\n|-boost|p2a: Latias|spe|2\n|move|p1a: Uxie|Yawn|p2a: Latias\n|-start|p2a: Latias|move: Yawn|[of] p1a: Uxie\n|\n|-heal|p1a: Uxie|33\/100|[from] item: Leftovers\n|upkeep\n|turn|17\n|c| Kylerqaz|oh he sleep\n|\n|t:|1615181166\n|switch|p2a: Klefki|Klefki, F|100\/100\n|switch|p1a: Latias|Latias, F|88\/100\n|-damage|p1a: Latias|76\/100|[from] Stealth Rock\n|\n|upkeep\n|turn|18\n|c| mf_salvador|a... agility?\n|\n|t:|1615181175\n|switch|p1a: Uxie|Uxie|33\/100\n|-damage|p1a: Uxie|20\/100|[from] Stealth Rock\n|move|p2a: Klefki|Calm Mind|p2a: Klefki\n|-boost|p2a: Klefki|spa|1\n|-boost|p2a: Klefki|spd|1\n|\n|-heal|p1a: Uxie|26\/100|[from] item: Leftovers\n|upkeep\n|turn|19\n|\n|t:|1615181178\n|move|p1a: Uxie|Yawn|p2a: Klefki\n|-start|p2a: Klefki|move: Yawn|[of] p1a: Uxie\n|move|p2a: Klefki|Draining Kiss|p1a: Uxie\n|-damage|p1a: Uxie|15\/100\n|\n|-heal|p1a: Uxie|21\/100|[from] item: Leftovers\n|upkeep\n|turn|20\n|inactive|Kazt_5 has 120 seconds left.\n|\n|t:|1615181189\n|switch|p2a: Latias|Latias, F|100\/100\n|move|p1a: Uxie|Knock Off|p2a: Latias\n|-supereffective|p2a: Latias\n|-damage|p2a: Latias|63\/100\n|-enditem|p2a: Latias|Weakness Policy\n|-boost|p2a: Latias|atk|2|[from] item: Weakness Policy\n|-boost|p2a: Latias|spa|2|[from] item: Weakness Policy\n|\n|-heal|p1a: Uxie|27\/100|[from] item: Leftovers\n|upkeep\n|turn|21\n|\n|t:|1615181194\n|move|p2a: Latias|Dragon Pulse|p1a: Uxie\n|-damage|p1a: Uxie|0 fnt\n|faint|p1a: Uxie\n|\n|upkeep\n|c| mf_salvador|uh oh\n|c| mf_salvador|spaghettio\n|j| AZN1\u2655\n|c| HoldMySandwich|you activated his trap card\n|c|\u2606Kazt_5|pretty much gg\n|inactive|Kazt_5 has 120 seconds left.\n|\n|t:|1615181208\n|switch|p1a: Quagsire|Quagsire, F|70\/100\n|-damage|p1a: Quagsire|64\/100|[from] Stealth Rock\n|turn|22\n|c| Kylerqaz|weakness policy is my favorite item i swear\n|c| mf_salvador|unaware quag\n|inactive|Kazt_5 has 120 seconds left.\n|\n|t:|1615181218\n|move|p1a: Quagsire|Protect|p1a: Quagsire\n|-singleturn|p1a: Quagsire|Protect\n|move|p2a: Latias|Agility|p2a: Latias\n|-boost|p2a: Latias|spe|2\n|\n|-heal|p1a: Quagsire|70\/100|[from] item: Leftovers\n|upkeep\n|turn|23\n|c| HoldMySandwich|agility stored power?\n|\n|t:|1615181225\n|move|p2a: Latias|Stored Power|p1a: Quagsire\n|-damage|p1a: Quagsire|0 fnt\n|faint|p1a: Quagsire\n|\n|upkeep\n|\n|t:|1615181230\n|switch|p1a: Blacephalon|Blacephalon|100\/100\n|-damage|p1a: Blacephalon|76\/100|[from] Stealth Rock\n|turn|24\n|c|\u26068TeenNakedCowboys|gg\n|\n|t:|1615181234\n|move|p2a: Latias|Dragon Pulse|p1a: Blacephalon\n|-damage|p1a: Blacephalon|0 fnt\n|faint|p1a: Blacephalon\n|\n|upkeep\n|c| mf_salvador|weakness policy is one of those items that always works for my opponent and never works for me\n|c|\u2606Kazt_5|shoutouts to the boys\n|c| Kylerqaz|good night sweet prince\n|\n|t:|1615181242\n|switch|p1a: Latias|Latias, F|76\/100\n|-damage|p1a: Latias|64\/100|[from] Stealth Rock\n|turn|25\n|\n|t:|1615181246\n|move|p2a: Latias|Dragon Pulse|p1a: Latias\n|-supereffective|p1a: Latias\n|-damage|p1a: Latias|0 fnt\n|faint|p1a: Latias\n|\n|win|8TeenNakedCowboys\n|n|\u26068TeenNakedCowboys|8teennakedcowboys\n|n| NSXernos|nsxernos\n|n| jmoore15|jmoore15\n|n| BurlyBear_poke|burlybearpoke\n|n| Kylerqaz|kylerqaz\n|n| mf_salvador|mfsalvador\n|n| HoldMySandwich|holdmysandwich\n|n| RIPReckful|ripreckful\n|n|\u2606Kazt_5|kazt5\n|n| AZN1\u2655|azn1\n","uploadtime":1615181247,"views":14,"p1id":"kazt5","p2id":"8teennakedcowboys","formatid":"gen8ou","rating":0,"private":0,"password":null}