{"id":"gen8ou-1552583351","p1":"browoo42","p2":"stopthreat","format":"gen8ou","log":"|j|\u2606browoo42\n|j|\u2606stopthreat\n|t:|1649865416\n|gametype|singles\n|player|p1|browoo42|1|1688\n|player|p2|stopthreat|skier|1724\n|teamsize|p1|6\n|teamsize|p2|6\n|gen|8\n|tier|[Gen 8] OU\n|rated|\n|rule|Sleep Clause Mod: Limit one foe put to sleep\n|rule|Species Clause: Limit one of each Pok\u00e9mon\n|rule|OHKO Clause: OHKO moves are banned\n|rule|Evasion Moves Clause: Evasion moves are banned\n|rule|Endless Battle Clause: Forcing endless battles is banned\n|rule|HP Percentage Mod: HP is shown in percentages\n|rule|Dynamax Clause: You cannot dynamax\n|clearpoke\n|poke|p1|Dragonite, M|\n|poke|p1|Landorus-Therian, M|\n|poke|p1|Mew|\n|poke|p1|Tapu Koko|\n|poke|p1|Jirachi|\n|poke|p1|Crawdaunt, M|\n|poke|p2|Dragapult, M|\n|poke|p2|Clefable, M|\n|poke|p2|Crawdaunt, M|\n|poke|p2|Corviknight, M|\n|poke|p2|Heatran, F|\n|poke|p2|Gastrodon, F|\n|teampreview\n|inactive|Battle timer is ON: inactive players will automatically lose when time's up. (requested by stopthreat)\n|\n|t:|1649865437\n|start\n|switch|p1a: Crawdaunt|Crawdaunt, M|100\/100\n|switch|p2a: Clefable|Clefable, M|100\/100\n|turn|1\n|\n|t:|1649865448\n|move|p2a: Clefable|Moonblast|p1a: Crawdaunt\n|-supereffective|p1a: Crawdaunt\n|-enditem|p1a: Crawdaunt|Focus Sash\n|-damage|p1a: Crawdaunt|1\/100\n|move|p1a: Crawdaunt|Crabhammer|p2a: Clefable|[miss]\n|-miss|p1a: Crawdaunt|p2a: Clefable\n|\n|upkeep\n|turn|2\n|c|\u2606browoo42|rip\n|c|\u2606browoo42|gg\n|j| M0rD3uR Test\n|\n|t:|1649865456\n|switch|p1a: Jirachi|Jirachi|100\/100\n|move|p2a: Clefable|Flamethrower|p1a: Jirachi\n|-supereffective|p1a: Jirachi\n|-damage|p1a: Jirachi|23\/100\n|-status|p1a: Jirachi|brn\n|\n|-damage|p1a: Jirachi|17\/100 brn|[from] brn\n|upkeep\n|turn|3\n|c|\u2606browoo42|double rip\n|c|\u2606stopthreat|rip rip\n|\n|t:|1649865470\n|switch|p2a: Gastrodon|Gastrodon, F|100\/100\n|move|p1a: Jirachi|Trick|p2a: Gastrodon\n|-activate|p1a: Jirachi|move: Trick|[of] p2a: Gastrodon\n|-item|p2a: Gastrodon|Choice Scarf|[from] move: Trick\n|-item|p1a: Jirachi|Leftovers|[from] move: Trick\n|\n|-heal|p1a: Jirachi|23\/100 brn|[from] item: Leftovers\n|-damage|p1a: Jirachi|17\/100 brn|[from] brn\n|upkeep\n|turn|4\n|\n|t:|1649865478\n|switch|p1a: Mew|Mew|100\/100\n|move|p2a: Gastrodon|Scald|p1a: Mew\n|-damage|p1a: Mew|76\/100\n|\n|upkeep\n|turn|5\n|\n|t:|1649865506\n|switch|p2a: Heatran|Heatran, F|100\/100\n|move|p1a: Mew|Ice Beam|p2a: Heatran\n|-resisted|p2a: Heatran\n|-damage|p2a: Heatran|96\/100\n|-damage|p1a: Mew|66\/100|[from] item: Life Orb\n|\n|-heal|p2a: Heatran|100\/100|[from] item: Leftovers\n|upkeep\n|turn|6\n|\n|t:|1649865514\n|move|p1a: Mew|Earth Power|p2a: Heatran\n|-supereffective|p2a: Heatran\n|-damage|p2a: Heatran|16\/100\n|-damage|p1a: Mew|56\/100|[from] item: Life Orb\n|move|p2a: Heatran|Magma Storm|p1a: Mew\n|-damage|p1a: Mew|13\/100\n|-activate|p1a: Mew|move: Magma Storm|[of] p2a: Heatran\n|\n|-heal|p2a: Heatran|22\/100|[from] item: Leftovers\n|-damage|p1a: Mew|1\/100|[from] move: Magma Storm|[partiallytrapped]\n|upkeep\n|turn|7\n|inactive|stopthreat has 120 seconds left.\n|\n|t:|1649865554\n|move|p2a: Heatran|Protect|p2a: Heatran\n|-singleturn|p2a: Heatran|Protect\n|move|p1a: Mew|Giga Drain|p2a: Heatran\n|-activate|p2a: Heatran|move: Protect\n|\n|-heal|p2a: Heatran|28\/100|[from] item: Leftovers\n|-damage|p1a: Mew|0 fnt|[from] move: Magma Storm|[partiallytrapped]\n|faint|p1a: Mew\n|upkeep\n|\n|t:|1649865564\n|switch|p1a: Crawdaunt|Crawdaunt, M|1\/100\n|turn|8\n|\n|t:|1649865579\n|move|p1a: Crawdaunt|Swords Dance|p1a: Crawdaunt\n|-boost|p1a: Crawdaunt|atk|2\n|move|p2a: Heatran|Earth Power|p1a: Crawdaunt\n|-damage|p1a: Crawdaunt|0 fnt\n|faint|p1a: Crawdaunt\n|\n|-heal|p2a: Heatran|34\/100|[from] item: Leftovers\n|upkeep\n|j| ppev\n|c|\u2606browoo42|gg\n|\n|t:|1649865588\n|switch|p1a: Dragonite|Dragonite, M|100\/100\n|turn|9\n|\n|t:|1649865594\n|switch|p2a: Clefable|Clefable, M|100\/100\n|move|p1a: Dragonite|Earthquake|p2a: Clefable\n|-damage|p2a: Clefable|20\/100\n|\n|upkeep\n|turn|10\n|c|\u2606browoo42|gg\n|c|\u2606browoo42|gg\n|c|\u2606browoo42|gg\n|c|\u2606browoo42|gg\n|c|\u2606browoo42|gg\n|inactive|stopthreat has 120 seconds left.\n|\n|t:|1649865602\n|switch|p2a: Corviknight|Corviknight, M|100\/100\n|-ability|p2a: Corviknight|Pressure\n|move|p1a: Dragonite|Earthquake|p2a: Corviknight\n|-immune|p2a: Corviknight\n|\n|upkeep\n|turn|11\n|c|\u2606stopthreat|gg\n|-message|browoo42 forfeited.\n|\n|win|stopthreat\n|raw|browoo42's rating: 1688 &rarr; <strong>1672<\/strong><br \/>(-16 for losing)\n|raw|stopthreat's rating: 1754 &rarr; <strong>1770<\/strong><br \/>(+16 for winning)\n|l|\u2606browoo42\n||Ladder isn't responding, score probably updated but might not have (Request timeout).\n","uploadtime":1649865622,"views":40,"p1id":"browoo42","p2id":"stopthreat","formatid":"gen8ou","rating":1672,"private":0,"password":null}