{"id":"gen8ou-1239604553","p1":"The Last Hero","p2":"Assbender42069","format":"gen8ou","log":"|j|\u2606The Last Hero\n|j|\u2606Assbender42069\n|t:|1607442630\n|player|p1|The Last Hero|acetrainersnow|1846\n|player|p2|Assbender42069|101|1794\n|teamsize|p1|6\n|teamsize|p2|6\n|gametype|singles\n|gen|8\n|tier|[Gen 8] OU\n|rated|\n|clearpoke\n|poke|p1|Tyranitar, F|\n|poke|p1|Garchomp, M|\n|poke|p1|Magnezone|\n|poke|p1|Clefable, F|\n|poke|p1|Mantine, M|\n|poke|p1|Cinderace, M|\n|poke|p2|Pelipper, F|\n|poke|p2|Blissey, F|\n|poke|p2|Barraskewda, F|\n|poke|p2|Ferrothorn, F|\n|poke|p2|Urshifu-*, F|\n|poke|p2|Tornadus-Therian, M|\n|rule|Sleep Clause Mod: Limit one foe put to sleep\n|rule|Species Clause: Limit one of each Pok\u00e9mon\n|rule|OHKO Clause: OHKO moves are banned\n|rule|Evasion Moves Clause: Evasion moves are banned\n|rule|Endless Battle Clause: Forcing endless battles is banned\n|rule|HP Percentage Mod: HP is shown in percentages\n|rule|Dynamax Clause: You cannot dynamax\n|teampreview\n|inactive|Battle timer is ON: inactive players will automatically lose when time's up. (requested by Assbender42069)\n|j| vip10086\n|\n|t:|1607442646\n|start\n|switch|p1a: Fabiole|Clefable, F|100\/100\n|switch|p2a: Pelipper|Pelipper, F|100\/100\n|-weather|RainDance|[from] ability: Drizzle|[of] p2a: Pelipper\n|turn|1\n|\n|t:|1607442654\n|move|p1a: Fabiole|Calm Mind|p1a: Fabiole\n|-boost|p1a: Fabiole|spa|1\n|-boost|p1a: Fabiole|spd|1\n|move|p2a: Pelipper|U-turn|p1a: Fabiole\n|-resisted|p1a: Fabiole\n|-damage|p1a: Fabiole|97\/100\n|\n|t:|1607442661\n|switch|p2a: Urshifu|Urshifu-Rapid-Strike, F|100\/100|[from]move: U-turn\n|\n|-weather|RainDance|[upkeep]\n|-heal|p1a: Fabiole|100\/100|[from] item: Leftovers\n|upkeep\n|turn|2\n|j| SemiProHawk707\n|j| camelott\n|j| Gigashrimps\n|j| bigbadbbear\n|j| deepesh1\n|c| Gigashrimps|Mantine pog\n|c| Gigashrimps|Flying pancake\n|inactive|Assbender42069 has 120 seconds left.\n|\n|t:|1607442710\n|switch|p1a: Mantarraya|Mantine, M|100\/100\n|move|p2a: Urshifu|Surging Strikes|p1a: Mantarraya\n|-immune|p1a: Mantarraya|[from] ability: Water Absorb\n|\n|-weather|RainDance|[upkeep]\n|upkeep\n|turn|3\n|j| skyexperimenter\n|\n|t:|1607442720\n|switch|p2a: Ferrothorn|Ferrothorn, F|100\/100\n|move|p1a: Mantarraya|Scald|p2a: Ferrothorn\n|-resisted|p2a: Ferrothorn\n|-damage|p2a: Ferrothorn|86\/100\n|-status|p2a: Ferrothorn|brn\n|\n|-weather|RainDance|[upkeep]\n|-damage|p2a: Ferrothorn|79\/100 brn|[from] brn\n|upkeep\n|turn|4\n|\n|t:|1607442731\n|switch|p1a: Fabiole|Clefable, F|100\/100\n|move|p2a: Ferrothorn|Stealth Rock|p1a: Fabiole\n|-sidestart|p1: The Last Hero|move: Stealth Rock\n|\n|-weather|RainDance|[upkeep]\n|-damage|p2a: Ferrothorn|73\/100 brn|[from] brn\n|upkeep\n|turn|5\n|\n|t:|1607442739\n|move|p1a: Fabiole|Calm Mind|p1a: Fabiole\n|-boost|p1a: Fabiole|spa|1\n|-boost|p1a: Fabiole|spd|1\n|move|p2a: Ferrothorn|Knock Off|p1a: Fabiole\n|-resisted|p1a: Fabiole\n|-damage|p1a: Fabiole|97\/100\n|-enditem|p1a: Fabiole|Leftovers|[from] move: Knock Off|[of] p2a: Ferrothorn\n|\n|-weather|RainDance|[upkeep]\n|-damage|p2a: Ferrothorn|67\/100 brn|[from] brn\n|upkeep\n|turn|6\n|\n|t:|1607442752\n|switch|p2a: Barraskewda|Barraskewda, F|100\/100\n|move|p1a: Fabiole|Calm Mind|p1a: Fabiole\n|-boost|p1a: Fabiole|spa|1\n|-boost|p1a: Fabiole|spd|1\n|\n|-weather|RainDance|[upkeep]\n|upkeep\n|turn|7\n|\n|t:|1607442761\n|move|p2a: Barraskewda|Liquidation|p1a: Fabiole\n|-damage|p1a: Fabiole|14\/100\n|move|p1a: Fabiole|Thunder|p2a: Barraskewda\n|-supereffective|p2a: Barraskewda\n|-damage|p2a: Barraskewda|0 fnt\n|faint|p2a: Barraskewda\n|\n|-weather|RainDance|[upkeep]\n|upkeep\n|\n|t:|1607442773\n|switch|p2a: Urshifu|Urshifu-Rapid-Strike, F|100\/100\n|turn|8\n|\n|t:|1607442778\n|switch|p1a: Magnetroll|Magnezone|100\/100\n|-damage|p1a: Magnetroll|94\/100|[from] Stealth Rock\n|move|p2a: Urshifu|Thunder Punch|p1a: Magnetroll\n|-resisted|p1a: Magnetroll\n|-damage|p1a: Magnetroll|72\/100\n|\n|-weather|none\n|upkeep\n|turn|9\n|\n|t:|1607442788\n|switch|p2a: Blissey|Blissey, F|100\/100\n|move|p1a: Magnetroll|Volt Switch|p2a: Blissey\n|-damage|p2a: Blissey|85\/100\n|\n|t:|1607442791\n|switch|p1a: Fabiole|Clefable, F|14\/100|[from]move: Volt Switch\n|\n|upkeep\n|turn|10\n|\n|t:|1607442800\n|move|p1a: Fabiole|Soft-Boiled|p1a: Fabiole\n|-heal|p1a: Fabiole|65\/100\n|move|p2a: Blissey|Teleport|p2a: Blissey\n|\n|t:|1607442805\n|switch|p2a: Pelipper|Pelipper, F|100\/100|[from]move: Teleport\n|-weather|RainDance|[from] ability: Drizzle|[of] p2a: Pelipper\n|\n|-weather|RainDance|[upkeep]\n|upkeep\n|turn|11\n|\n|t:|1607442812\n|move|p1a: Fabiole|Soft-Boiled|p1a: Fabiole\n|-heal|p1a: Fabiole|100\/100\n|move|p2a: Pelipper|U-turn|p1a: Fabiole\n|-resisted|p1a: Fabiole\n|-damage|p1a: Fabiole|97\/100\n|\n|t:|1607442819\n|switch|p2a: Urshifu|Urshifu-Rapid-Strike, F|100\/100|[from]move: U-turn\n|\n|-weather|RainDance|[upkeep]\n|upkeep\n|turn|12\n|j| outb pj\n|\n|t:|1607442824\n|switch|p1a: Magnetroll|Magnezone|72\/100\n|-damage|p1a: Magnetroll|66\/100|[from] Stealth Rock\n|move|p2a: Urshifu|Surging Strikes|p1a: Magnetroll\n|-crit|p1a: Magnetroll\n|-damage|p1a: Magnetroll|14\/100\n|-crit|p1a: Magnetroll\n|-damage|p1a: Magnetroll|0 fnt\n|-hitcount|p1a: Magnetroll|2\n|faint|p1a: Magnetroll\n|\n|-weather|RainDance|[upkeep]\n|upkeep\n|\n|t:|1607442828\n|switch|p1a: Mantarraya|Mantine, M|100\/100\n|turn|13\n|\n|t:|1607442844\n|switch|p2a: Ferrothorn|Ferrothorn, F|67\/100 brn\n|move|p1a: Mantarraya|Defog|p2a: Ferrothorn\n|-unboost|p2a: Ferrothorn|evasion|1\n|-sideend|p1: The Last Hero|Stealth Rock|[from] move: Defog|[of] p1a: Mantarraya\n|\n|-weather|RainDance|[upkeep]\n|-damage|p2a: Ferrothorn|61\/100 brn|[from] brn\n|upkeep\n|turn|14\n|\n|t:|1607442860\n|switch|p1a: Fabiole|Clefable, F|97\/100\n|move|p2a: Ferrothorn|Stealth Rock|p1a: Fabiole\n|-sidestart|p1: The Last Hero|move: Stealth Rock\n|\n|-weather|RainDance|[upkeep]\n|-damage|p2a: Ferrothorn|54\/100 brn|[from] brn\n|upkeep\n|turn|15\n|\n|t:|1607442868\n|switch|p2a: Urshifu|Urshifu-Rapid-Strike, F|100\/100\n|move|p1a: Fabiole|Moonblast|p2a: Urshifu\n|-supereffective|p2a: Urshifu\n|-crit|p2a: Urshifu\n|-damage|p2a: Urshifu|0 fnt\n|faint|p2a: Urshifu\n|\n|-weather|RainDance|[upkeep]\n|upkeep\n|\n|t:|1607442878\n|switch|p2a: Tornadus|Tornadus-Therian, M|100\/100\n|turn|16\n|\n|t:|1607442882\n|move|p2a: Tornadus|Nasty Plot|p2a: Tornadus\n|-boost|p2a: Tornadus|spa|2\n|move|p1a: Fabiole|Thunder|p2a: Tornadus\n|-supereffective|p2a: Tornadus\n|-damage|p2a: Tornadus|37\/100\n|\n|-weather|RainDance|[upkeep]\n|upkeep\n|turn|17\n|\n|t:|1607442894\n|switch|p1a: Jurasica|Tyranitar, F|100\/100\n|-damage|p1a: Jurasica|88\/100|[from] Stealth Rock\n|-weather|Sandstorm|[from] ability: Sand Stream|[of] p1a: Jurasica\n|move|p2a: Tornadus|Hurricane|p1a: Jurasica|[miss]\n|-miss|p2a: Tornadus|p1a: Jurasica\n|\n|-weather|Sandstorm|[upkeep]\n|-damage|p2a: Tornadus|31\/100|[from] Sandstorm\n|upkeep\n|turn|18\n|\n|t:|1607442908\n|switch|p1a: Mantarraya|Mantine, M|100\/100\n|move|p2a: Tornadus|Weather Ball|p1a: Mantarraya\n|-supereffective|p1a: Mantarraya\n|-damage|p1a: Mantarraya|22\/100\n|\n|-weather|Sandstorm|[upkeep]\n|-damage|p2a: Tornadus|25\/100|[from] Sandstorm\n|-damage|p1a: Mantarraya|16\/100|[from] Sandstorm\n|upkeep\n|turn|19\n|\n|t:|1607442917\n|move|p2a: Tornadus|Hurricane|p1a: Mantarraya\n|-damage|p1a: Mantarraya|0 fnt\n|faint|p1a: Mantarraya\n|\n|-weather|Sandstorm|[upkeep]\n|-damage|p2a: Tornadus|19\/100|[from] Sandstorm\n|upkeep\n|\n|t:|1607442920\n|switch|p1a: Sonic|Cinderace, M|100\/100\n|-damage|p1a: Sonic|76\/100|[from] Stealth Rock\n|turn|20\n|\n|t:|1607442930\n|switch|p2a: Ferrothorn|Ferrothorn, F|54\/100 brn\n|move|p1a: Sonic|U-turn|p2a: Ferrothorn\n|-start|p1a: Sonic|typechange|Bug|[from] ability: Libero\n|-damage|p2a: Ferrothorn|34\/100 brn\n|-damage|p1a: Sonic|63\/100|[from] ability: Iron Barbs|[of] p2a: Ferrothorn\n|-damage|p1a: Sonic|47\/100|[from] item: Rocky Helmet|[of] p2a: Ferrothorn\n|\n|t:|1607442935\n|switch|p1a: Chompy|Garchomp, M|100\/100|[from]move: U-turn\n|-damage|p1a: Chompy|94\/100|[from] Stealth Rock\n|\n|-weather|Sandstorm|[upkeep]\n|-heal|p1a: Chompy|100\/100|[from] item: Leftovers\n|-damage|p2a: Ferrothorn|27\/100 brn|[from] brn\n|upkeep\n|turn|21\n|\n|t:|1607442949\n|move|p1a: Chompy|Substitute|p1a: Chompy\n|-start|p1a: Chompy|Substitute\n|-damage|p1a: Chompy|76\/100\n|move|p2a: Ferrothorn|Leech Seed||[still]\n|-fail|p2a: Ferrothorn\n|\n|-weather|Sandstorm|[upkeep]\n|-heal|p1a: Chompy|82\/100|[from] item: Leftovers\n|-damage|p2a: Ferrothorn|21\/100 brn|[from] brn\n|upkeep\n|turn|22\n|\n|t:|1607442959\n|switch|p2a: Pelipper|Pelipper, F|100\/100\n|-weather|RainDance|[from] ability: Drizzle|[of] p2a: Pelipper\n|move|p1a: Chompy|Swords Dance|p1a: Chompy\n|-boost|p1a: Chompy|atk|2\n|\n|-weather|RainDance|[upkeep]\n|-heal|p1a: Chompy|88\/100|[from] item: Leftovers\n|upkeep\n|turn|23\n|\n|t:|1607442971\n|move|p1a: Chompy|Scale Shot|p2a: Pelipper\n|-damage|p2a: Pelipper|81\/100\n|-damage|p2a: Pelipper|59\/100\n|-damage|p2a: Pelipper|42\/100\n|-hitcount|p2a: Pelipper|3\n|-unboost|p1a: Chompy|def|1\n|-boost|p1a: Chompy|spe|1\n|move|p2a: Pelipper|Scald|p1a: Chompy\n|-end|p1a: Chompy|Substitute\n|\n|-weather|RainDance|[upkeep]\n|-heal|p1a: Chompy|94\/100|[from] item: Leftovers\n|upkeep\n|turn|24\n|\n|t:|1607442985\n|move|p1a: Chompy|Scale Shot|p2a: Pelipper\n|-damage|p2a: Pelipper|22\/100\n|-damage|p2a: Pelipper|1\/100\n|-crit|p2a: Pelipper\n|-damage|p2a: Pelipper|0 fnt\n|-hitcount|p2a: Pelipper|3\n|-unboost|p1a: Chompy|def|1\n|-boost|p1a: Chompy|spe|1\n|faint|p2a: Pelipper\n|\n|-weather|RainDance|[upkeep]\n|-heal|p1a: Chompy|99\/100|[from] item: Leftovers\n|upkeep\n|j| Zombini62\n|j| Vessev\n|j| OilyBootySpex\n|j| caracolamola\n|j| Cure bball\n|l| caracolamola\n|-message|Assbender42069 forfeited.\n|\n|win|The Last Hero\n|l|\u2606Assbender42069\n|l| Zombini62\n|l| OilyBootySpex\n|l| skyexperimenter\n|l| Gigashrimps\n|l| bigbadbbear\n||Ladder (probably) updated, but score could not be retrieved (Request timeout).\n|l|\u2606The Last Hero\n|l| camelott\n|l| SemiProHawk707\n|l| deepesh1\n|l| outb pj\n","uploadtime":1607443011,"views":92,"p1id":"thelasthero","p2id":"assbender42069","formatid":"gen8ou","rating":0,"private":0,"password":null}