{"id":"gen8ou-1329810469","p1":"Charli91","p2":"damorush","format":"gen8ou","log":"|j|\u2606Charli91\n|j|\u2606damorush\n|t:|1619535519\n|gametype|singles\n|player|p1|Charli91|101|1530\n|player|p2|damorush|steven|1513\n|teamsize|p1|6\n|teamsize|p2|6\n|gen|8\n|tier|[Gen 8] OU\n|rated|\n|clearpoke\n|poke|p1|Regieleki|\n|poke|p1|Rillaboom, F|\n|poke|p1|Landorus-Therian, M|\n|poke|p1|Barraskewda, M|\n|poke|p1|Blacephalon|\n|poke|p1|Scizor, M|\n|poke|p2|Shuckle, M|\n|poke|p2|Garchomp, F|\n|poke|p2|Blacephalon|\n|poke|p2|Tapu Lele|\n|poke|p2|Kartana|\n|poke|p2|Crawdaunt, M|\n|rule|Sleep Clause Mod: Limit one foe put to sleep\n|rule|Species Clause: Limit one of each Pok\u00e9mon\n|rule|OHKO Clause: OHKO moves are banned\n|rule|Evasion Moves Clause: Evasion moves are banned\n|rule|Endless Battle Clause: Forcing endless battles is banned\n|rule|HP Percentage Mod: HP is shown in percentages\n|rule|Dynamax Clause: You cannot dynamax\n|teampreview\n|inactive|Battle timer is ON: inactive players will automatically lose when time's up. (requested by Charli91)\n|\n|t:|1619535530\n|start\n|switch|p1a: Landorus|Landorus-Therian, M|100\/100\n|switch|p2a: Shuckle|Shuckle, M|100\/100\n|-ability|p1a: Landorus|Intimidate|boost\n|-unboost|p2a: Shuckle|atk|1\n|turn|1\n|\n|t:|1619535539\n|move|p1a: Landorus|Earthquake|p2a: Shuckle\n|-damage|p2a: Shuckle|67\/100\n|-enditem|p2a: Shuckle|Red Card|[of] p1a: Landorus\n|drag|p1a: Scizor|Scizor, M|100\/100\n|move|p2a: Shuckle|Sticky Web|p1a: Scizor\n|-sidestart|p1: Charli91|move: Sticky Web\n|\n|upkeep\n|turn|2\n|\n|t:|1619535547\n|move|p1a: Scizor|U-turn|p2a: Shuckle\n|-damage|p2a: Shuckle|33\/100\n|\n|t:|1619535550\n|switch|p1a: Landorus|Landorus-Therian, M|100\/100|[from]move: U-turn\n|-ability|p1a: Landorus|Intimidate|boost\n|-unboost|p2a: Shuckle|atk|1\n|move|p2a: Shuckle|Stealth Rock|p1a: Landorus\n|-sidestart|p1: Charli91|move: Stealth Rock\n|\n|upkeep\n|turn|3\n|\n|t:|1619535558\n|switch|p2a: Garchomp|Garchomp, F|100\/100\n|move|p1a: Landorus|Defog|p2a: Garchomp\n|-unboost|p2a: Garchomp|evasion|1\n|-sideend|p1: Charli91|Stealth Rock|[from] move: Defog|[of] p1a: Landorus\n|-sideend|p1: Charli91|Sticky Web|[from] move: Defog|[of] p1a: Landorus\n|\n|upkeep\n|turn|4\n|\n|t:|1619535565\n|move|p2a: Garchomp|Swords Dance|p2a: Garchomp\n|-boost|p2a: Garchomp|atk|2\n|move|p1a: Landorus|Earthquake|p2a: Garchomp\n|-damage|p2a: Garchomp|42\/100\n|\n|upkeep\n|turn|5\n|\n|t:|1619535572\n|switch|p1a: Scizor|Scizor, M|100\/100\n|move|p2a: Garchomp|Scale Shot|p1a: Scizor\n|-resisted|p1a: Scizor\n|-damage|p1a: Scizor|83\/100\n|-resisted|p1a: Scizor\n|-damage|p1a: Scizor|66\/100\n|-resisted|p1a: Scizor\n|-damage|p1a: Scizor|48\/100\n|-hitcount|p1a: Scizor|3\n|-unboost|p2a: Garchomp|def|1\n|-boost|p2a: Garchomp|spe|1\n|-damage|p2a: Garchomp|32\/100|[from] item: Life Orb\n|\n|upkeep\n|turn|6\n|\n|t:|1619535584\n|switch|p2a: Tapu Lele|Tapu Lele|100\/100\n|-fieldstart|move: Psychic Terrain|[from] ability: Psychic Surge|[of] p2a: Tapu Lele\n|move|p1a: Scizor|Bullet Punch|p2a: Tapu Lele\n|-activate|p2a: Tapu Lele|move: Psychic Terrain\n|\n|upkeep\n|turn|7\n|inactive|Charli91 has 120 seconds left.\n|inactive|damorush has 120 seconds left.\n|\n|t:|1619535637\n|switch|p1a: Landorus|Landorus-Therian, M|100\/100\n|-ability|p1a: Landorus|Intimidate|boost\n|-unboost|p2a: Tapu Lele|atk|1\n|move|p2a: Tapu Lele|Focus Blast|p1a: Landorus\n|-resisted|p1a: Landorus\n|-damage|p1a: Landorus|74\/100\n|-unboost|p1a: Landorus|spd|1\n|\n|upkeep\n|turn|8\n|inactive|Charli91 has 120 seconds left.\n|\n|t:|1619535656\n|switch|p2a: Kartana|Kartana|100\/100\n|move|p1a: Landorus|U-turn|p2a: Kartana\n|-damage|p2a: Kartana|72\/100\n|\n|t:|1619535662\n|switch|p1a: Blacephalon|Blacephalon|100\/100|[from]move: U-turn\n|\n|upkeep\n|turn|9\n|inactive|damorush has 120 seconds left.\n|\n|t:|1619535675\n|switch|p2a: Garchomp|Garchomp, F|32\/100\n|move|p1a: Blacephalon|Shadow Ball|p2a: Garchomp\n|-crit|p2a: Garchomp\n|-damage|p2a: Garchomp|0 fnt\n|faint|p2a: Garchomp\n|-ability|p1a: Blacephalon|Beast Boost|boost\n|-boost|p1a: Blacephalon|spa|1\n|\n|upkeep\n|inactive|damorush has 120 seconds left.\n|inactive|damorush has 90 seconds left.\n|\n|t:|1619535724\n|switch|p2a: Crawdaunt|Crawdaunt, M|100\/100\n|turn|10\n|\n|t:|1619535733\n|switch|p1a: Landorus|Landorus-Therian, M|74\/100\n|-ability|p1a: Landorus|Intimidate|boost\n|-unboost|p2a: Crawdaunt|atk|1\n|move|p2a: Crawdaunt|Knock Off|p1a: Landorus\n|-damage|p1a: Landorus|9\/100\n|-enditem|p1a: Landorus|Expert Belt|[from] move: Knock Off|[of] p2a: Crawdaunt\n|-damage|p2a: Crawdaunt|91\/100|[from] item: Life Orb\n|\n|-fieldend|move: Psychic Terrain\n|upkeep\n|turn|11\n|inactive|Charli91 has 120 seconds left.\n|\n|t:|1619535756\n|switch|p1a: Scizor|Scizor, M|48\/100\n|move|p2a: Crawdaunt|Aqua Jet|p1a: Scizor\n|-damage|p1a: Scizor|23\/100\n|-damage|p2a: Crawdaunt|81\/100|[from] item: Life Orb\n|\n|upkeep\n|turn|12\n|inactive|Charli91 has 120 seconds left.\n|\n|t:|1619535765\n|switch|p2a: Tapu Lele|Tapu Lele|100\/100\n|-fieldstart|move: Psychic Terrain|[from] ability: Psychic Surge|[of] p2a: Tapu Lele\n|switch|p1a: Landorus|Landorus-Therian, M|9\/100\n|-ability|p1a: Landorus|Intimidate|boost\n|-unboost|p2a: Tapu Lele|atk|1\n|\n|upkeep\n|turn|13\n|inactive|Charli91 has 120 seconds left.\n|\n|t:|1619535780\n|switch|p1a: Scizor|Scizor, M|23\/100\n|move|p2a: Tapu Lele|Psychic|p1a: Scizor\n|-resisted|p1a: Scizor\n|-damage|p1a: Scizor|0 fnt\n|faint|p1a: Scizor\n|\n|upkeep\n|\n|t:|1619535786\n|switch|p1a: Blacephalon|Blacephalon|100\/100\n|turn|14\n|\n|t:|1619535801\n|switch|p2a: Shuckle|Shuckle, M|33\/100\n|move|p1a: Blacephalon|Shadow Ball|p2a: Shuckle\n|-damage|p2a: Shuckle|3\/100\n|-unboost|p2a: Shuckle|spd|1\n|\n|upkeep\n|turn|15\n|\n|t:|1619535810\n|move|p1a: Blacephalon|Shadow Ball|p2a: Shuckle\n|-damage|p2a: Shuckle|0 fnt\n|faint|p2a: Shuckle\n|-ability|p1a: Blacephalon|Beast Boost|boost\n|-boost|p1a: Blacephalon|spa|1\n|\n|upkeep\n|\n|t:|1619535816\n|switch|p2a: Crawdaunt|Crawdaunt, M|81\/100\n|turn|16\n|\n|t:|1619535827\n|switch|p1a: Landorus|Landorus-Therian, M|9\/100\n|-ability|p1a: Landorus|Intimidate|boost\n|-unboost|p2a: Crawdaunt|atk|1\n|move|p2a: Crawdaunt|Swords Dance|p2a: Crawdaunt\n|-boost|p2a: Crawdaunt|atk|2\n|\n|-fieldend|move: Psychic Terrain\n|upkeep\n|turn|17\n|\n|t:|1619535843\n|move|p2a: Crawdaunt|Aqua Jet|p1a: Landorus\n|-supereffective|p1a: Landorus\n|-damage|p1a: Landorus|0 fnt\n|-damage|p2a: Crawdaunt|71\/100|[from] item: Life Orb\n|faint|p1a: Landorus\n|\n|upkeep\n|\n|t:|1619535846\n|switch|p1a: Rillaboom|Rillaboom, F|100\/100\n|-fieldstart|move: Grassy Terrain|[from] ability: Grassy Surge|[of] p1a: Rillaboom\n|turn|18\n|\n|t:|1619535856\n|switch|p2a: Kartana|Kartana|72\/100\n|move|p1a: Rillaboom|Swords Dance|p1a: Rillaboom\n|-boost|p1a: Rillaboom|atk|2\n|\n|-heal|p2a: Kartana|78\/100|[from] Grassy Terrain\n|upkeep\n|turn|19\n|\n|t:|1619535865\n|move|p2a: Kartana|Knock Off|p1a: Rillaboom\n|-damage|p1a: Rillaboom|36\/100\n|-enditem|p1a: Rillaboom|Life Orb|[from] move: Knock Off|[of] p2a: Kartana\n|-damage|p2a: Kartana|68\/100|[from] item: Life Orb\n|move|p1a: Rillaboom|Superpower|p2a: Kartana\n|-supereffective|p2a: Kartana\n|-damage|p2a: Kartana|0 fnt\n|-unboost|p1a: Rillaboom|atk|1\n|-unboost|p1a: Rillaboom|def|1\n|faint|p2a: Kartana\n|\n|-heal|p1a: Rillaboom|42\/100|[from] Grassy Terrain\n|upkeep\n|\n|t:|1619535877\n|switch|p2a: Blacephalon|Blacephalon|100\/100\n|turn|20\n|inactive|Charli91 has 120 seconds left.\n|\n|t:|1619535936\n|move|p1a: Rillaboom|Grassy Glide|p2a: Blacephalon\n|-resisted|p2a: Blacephalon\n|-damage|p2a: Blacephalon|10\/100\n|move|p2a: Blacephalon|Shadow Ball|p1a: Rillaboom\n|-damage|p1a: Rillaboom|0 fnt\n|faint|p1a: Rillaboom\n|-ability|p2a: Blacephalon|Beast Boost|boost\n|-boost|p2a: Blacephalon|spa|1\n|\n|-heal|p2a: Blacephalon|16\/100|[from] Grassy Terrain\n|upkeep\n|inactive|Charli91 has 90 seconds left.\n|\n|t:|1619535952\n|switch|p1a: Regieleki|Regieleki|100\/100\n|turn|21\n|inactive|Charli91 has 90 seconds left.\n|\n|t:|1619535970\n|switch|p2a: Tapu Lele|Tapu Lele|100\/100\n|-fieldstart|move: Psychic Terrain|[from] ability: Psychic Surge|[of] p2a: Tapu Lele\n|move|p1a: Regieleki|Volt Switch|p2a: Tapu Lele\n|-damage|p2a: Tapu Lele|25\/100\n|inactive|Charli91 has 90 seconds left.\n|\n|t:|1619535978\n|switch|p1a: Blacephalon|Blacephalon|100\/100|[from]move: Volt Switch\n|\n|upkeep\n|turn|22\n|\n|t:|1619535985\n|switch|p2a: Crawdaunt|Crawdaunt, M|71\/100\n|move|p1a: Blacephalon|Shadow Ball|p2a: Crawdaunt\n|-resisted|p2a: Crawdaunt\n|-damage|p2a: Crawdaunt|21\/100\n|\n|upkeep\n|turn|23\n|-message|damorush forfeited.\n|\n|win|Charli91\n|l|\u2606damorush\n|raw|Charli91's rating: 1530 &rarr; <strong>1549<\/strong><br \/>(+19 for winning)\n|raw|damorush's rating: 1513 &rarr; <strong>1494<\/strong><br \/>(-19 for losing)\n|c|\u2606Charli91|Gg\n||Ladder isn't responding, score probably updated but might not have (Request timeout).\n","uploadtime":1619535998,"views":19,"p1id":"charli91","p2id":"damorush","formatid":"gen8ou","rating":1494,"private":0,"password":null}