{"id":"gen8ou-1648353527","p1":"wish kisser","p2":"LT94JE Lio","format":"gen8ou","log":"|raw|<div class=\"broadcast-blue\"><strong>This battle is required to be public due to a player having a name starting with 'lt94je'.<\/div>\n|j|\u2606wish kisser\n|j|\u2606LT94JE Lio\n|t:|1661473732\n|gametype|singles\n|player|p1|wish kisser|ethan|1785\n|player|p2|LT94JE Lio|1|1854\n|teamsize|p1|6\n|teamsize|p2|6\n|gen|8\n|tier|[Gen 8] OU\n|rated|\n|rule|Sleep Clause Mod: Limit one foe put to sleep\n|rule|Species Clause: Limit one of each Pok\u00e9mon\n|rule|OHKO Clause: OHKO moves are banned\n|rule|Evasion Items Clause: Evasion items are banned\n|rule|Evasion Moves Clause: Evasion moves are banned\n|rule|Endless Battle Clause: Forcing endless battles is banned\n|rule|HP Percentage Mod: HP is shown in percentages\n|rule|Dynamax Clause: You cannot dynamax\n|clearpoke\n|poke|p1|Clefable, M|\n|poke|p1|Gastrodon-East, M|\n|poke|p1|Skarmory, M|\n|poke|p1|Heatran, M|\n|poke|p1|Zeraora|\n|poke|p1|Rotom-Wash|\n|poke|p2|Pelipper, F|\n|poke|p2|Landorus-Therian, M|\n|poke|p2|Ferrothorn, F|\n|poke|p2|Barraskewda, F|\n|poke|p2|Tapu Lele|\n|poke|p2|Weavile, M|\n|teampreview\n|c|\u2606wish kisser|hf\n|c|\u2606LT94JE Lio|hf\n|\n|t:|1661473741\n|start\n|switch|p1a: Rotom|Rotom-Wash|100\/100\n|switch|p2a: Tapu Lele|Tapu Lele|100\/100\n|-fieldstart|move: Psychic Terrain|[from] ability: Psychic Surge|[of] p2a: Tapu Lele\n|turn|1\n|\n|t:|1661473746\n|move|p2a: Tapu Lele|Future Sight|p1a: Rotom\n|-start|p2a: Tapu Lele|move: Future Sight\n|move|p1a: Rotom|Pain Split|p2a: Tapu Lele\n|-sethp|p2a: Tapu Lele|100\/100|[from] move: Pain Split|[silent]\n|-sethp|p1a: Rotom|97\/100|[from] move: Pain Split\n|\n|-heal|p1a: Rotom|100\/100|[from] item: Leftovers\n|upkeep\n|turn|2\n|j| LT92PF Raizen\n|\n|t:|1661473768\n|switch|p2a: Ferrothorn|Ferrothorn, F|100\/100\n|switch|p1a: Heatran|Heatran, M|100\/100\n|\n|upkeep\n|turn|3\n|\n|t:|1661473772\n|move|p1a: Heatran|Stealth Rock|p2a: Ferrothorn\n|-sidestart|p2: LT94JE Lio|move: Stealth Rock\n|move|p2a: Ferrothorn|Body Press|p1a: Heatran\n|-supereffective|p1a: Heatran\n|-damage|p1a: Heatran|55\/100\n|\n|-end|p1a: Heatran|move: Future Sight\n|-resisted|p1a: Heatran\n|-damage|p1a: Heatran|30\/100\n|-heal|p1a: Heatran|36\/100|[from] item: Leftovers\n|upkeep\n|turn|4\n|c|\u2606wish kisser|he did a lot\n|j| ultimateswordnd\n|j| Z6MC\n|j| LT94JE scorcha\n|\n|t:|1661473785\n|switch|p2a: Landorus|Landorus-Therian, M|100\/100\n|-damage|p2a: Landorus|88\/100|[from] Stealth Rock\n|-ability|p2a: Landorus|Intimidate|boost\n|-unboost|p1a: Heatran|atk|1\n|move|p1a: Heatran|Toxic|p2a: Landorus\n|-status|p2a: Landorus|tox\n|\n|-heal|p2a: Landorus|94\/100 tox|[from] item: Leftovers\n|-heal|p1a: Heatran|42\/100|[from] item: Leftovers\n|-damage|p2a: Landorus|88\/100 tox|[from] psn\n|upkeep\n|turn|5\n|\n|t:|1661473788\n|switch|p1a: Skarmory|Skarmory, M|100\/100\n|move|p2a: Landorus|Defog|p1a: Skarmory\n|-unboost|p1a: Skarmory|evasion|1\n|-sideend|p2: LT94JE Lio|Stealth Rock|[from] move: Defog|[of] p2a: Landorus\n|-fieldend|move: Psychic Terrain\n|\n|-heal|p2a: Landorus|94\/100 tox|[from] item: Leftovers\n|-damage|p2a: Landorus|82\/100 tox|[from] psn\n|upkeep\n|turn|6\n|j| Venositile\n|j| edrala\n|\n|t:|1661473792\n|switch|p2a: Tapu Lele|Tapu Lele|100\/100\n|-fieldstart|move: Psychic Terrain|[from] ability: Psychic Surge|[of] p2a: Tapu Lele\n|move|p1a: Skarmory|Spikes|p2a: Tapu Lele\n|-sidestart|p2: LT94JE Lio|Spikes\n|\n|upkeep\n|turn|7\n|\n|t:|1661473796\n|switch|p1a: Gastrodon|Gastrodon-East, M|100\/100\n|move|p2a: Tapu Lele|Future Sight|p1a: Gastrodon\n|-start|p2a: Tapu Lele|move: Future Sight\n|\n|upkeep\n|turn|8\n|l| Venositile\n|\n|t:|1661473816\n|switch|p2a: Ferrothorn|Ferrothorn, F|100\/100\n|-damage|p2a: Ferrothorn|88\/100|[from] Spikes\n|move|p1a: Gastrodon|Curse|p1a: Gastrodon\n|-unboost|p1a: Gastrodon|spe|1\n|-boost|p1a: Gastrodon|atk|1\n|-boost|p1a: Gastrodon|def|1\n|\n|upkeep\n|turn|9\n|\n|t:|1661473819\n|move|p2a: Ferrothorn|Stealth Rock|p1a: Gastrodon\n|-sidestart|p1: wish kisser|move: Stealth Rock\n|move|p1a: Gastrodon|Curse|p1a: Gastrodon\n|-unboost|p1a: Gastrodon|spe|1\n|-boost|p1a: Gastrodon|atk|1\n|-boost|p1a: Gastrodon|def|1\n|\n|-end|p1a: Gastrodon|move: Future Sight\n|-damage|p1a: Gastrodon|41\/100\n|-heal|p1a: Gastrodon|47\/100|[from] item: Leftovers\n|upkeep\n|turn|10\n|\n|t:|1661473823\n|move|p2a: Ferrothorn|Power Whip|p1a: Gastrodon\n|-supereffective|p1a: Gastrodon\n|-damage|p1a: Gastrodon|0 fnt\n|faint|p1a: Gastrodon\n|\n|-fieldend|move: Psychic Terrain\n|upkeep\n|\n|t:|1661473825\n|switch|p1a: Heatran|Heatran, M|42\/100\n|-damage|p1a: Heatran|30\/100|[from] Stealth Rock\n|turn|11\n|\n|t:|1661473829\n|switch|p2a: Pelipper|Pelipper, F|100\/100\n|-weather|RainDance|[from] ability: Drizzle|[of] p2a: Pelipper\n|move|p1a: Heatran|Stealth Rock|p2a: Pelipper\n|-sidestart|p2: LT94JE Lio|move: Stealth Rock\n|\n|-weather|RainDance|[upkeep]\n|-heal|p1a: Heatran|36\/100|[from] item: Leftovers\n|upkeep\n|turn|12\n|\n|t:|1661473832\n|move|p2a: Pelipper|Weather Ball|p1a: Heatran\n|-supereffective|p1a: Heatran\n|-damage|p1a: Heatran|0 fnt\n|faint|p1a: Heatran\n|\n|-weather|RainDance|[upkeep]\n|upkeep\n|\n|t:|1661473835\n|switch|p1a: Rotom|Rotom-Wash|100\/100\n|-damage|p1a: Rotom|88\/100|[from] Stealth Rock\n|turn|13\n|inactive|Battle timer is ON: inactive players will automatically lose when time's up. (requested by wish kisser)\n|\n|t:|1661473866\n|switch|p2a: Ferrothorn|Ferrothorn, F|88\/100\n|-damage|p2a: Ferrothorn|76\/100|[from] Spikes\n|-damage|p2a: Ferrothorn|70\/100|[from] Stealth Rock\n|move|p1a: Rotom|Nasty Plot|p1a: Rotom\n|-boost|p1a: Rotom|spa|2\n|\n|-weather|RainDance|[upkeep]\n|-heal|p1a: Rotom|94\/100|[from] item: Leftovers\n|upkeep\n|turn|14\n|\n|t:|1661473870\n|move|p1a: Rotom|Hydro Pump|p2a: Ferrothorn\n|-resisted|p2a: Ferrothorn\n|-damage|p2a: Ferrothorn|11\/100\n|-enditem|p2a: Ferrothorn|Eject Button\n|\n|t:|1661473875\n|switch|p2a: Weavile|Weavile, M|100\/100\n|-damage|p2a: Weavile|88\/100|[from] Spikes\n|-damage|p2a: Weavile|63\/100|[from] Stealth Rock\n|-ability|p2a: Weavile|Pressure\n|\n|-weather|RainDance|[upkeep]\n|-heal|p1a: Rotom|100\/100|[from] item: Leftovers\n|upkeep\n|turn|15\n|c|\u2606wish kisser|oof\n|\n|t:|1661473880\n|switch|p1a: Clefable|Clefable, M|100\/100\n|move|p2a: Weavile|Knock Off|p1a: Clefable\n|-resisted|p1a: Clefable\n|-damage|p1a: Clefable|66\/100\n|-enditem|p1a: Clefable|Leftovers|[from] move: Knock Off|[of] p2a: Weavile\n|\n|-weather|none\n|upkeep\n|turn|16\n|\n|t:|1661473893\n|switch|p2a: Landorus|Landorus-Therian, M|82\/100 tox\n|-damage|p2a: Landorus|70\/100 tox|[from] Stealth Rock\n|-ability|p2a: Landorus|Intimidate|boost\n|-unboost|p1a: Clefable|atk|1\n|switch|p1a: Rotom|Rotom-Wash|100\/100\n|-damage|p1a: Rotom|88\/100|[from] Stealth Rock\n|\n|-heal|p1a: Rotom|94\/100|[from] item: Leftovers\n|-heal|p2a: Landorus|76\/100 tox|[from] item: Leftovers\n|-damage|p2a: Landorus|70\/100 tox|[from] psn\n|upkeep\n|turn|17\n|j| qanondpp\n|\n|t:|1661473901\n|move|p1a: Rotom|Hydro Pump|p2a: Landorus|[miss]\n|-miss|p1a: Rotom|p2a: Landorus\n|move|p2a: Landorus|Defog|p1a: Rotom\n|-unboost|p1a: Rotom|evasion|1\n|-sideend|p1: wish kisser|Stealth Rock|[from] move: Defog|[of] p2a: Landorus\n|-sideend|p2: LT94JE Lio|Spikes|[from] move: Defog|[of] p2a: Landorus\n|-sideend|p2: LT94JE Lio|Stealth Rock|[from] move: Defog|[of] p2a: Landorus\n|\n|-heal|p1a: Rotom|100\/100|[from] item: Leftovers\n|-heal|p2a: Landorus|76\/100 tox|[from] item: Leftovers\n|-damage|p2a: Landorus|64\/100 tox|[from] psn\n|upkeep\n|turn|18\n|l| qanondpp\n|\n|t:|1661473910\n|switch|p2a: Tapu Lele|Tapu Lele|100\/100\n|-fieldstart|move: Psychic Terrain|[from] ability: Psychic Surge|[of] p2a: Tapu Lele\n|move|p1a: Rotom|Hydro Pump|p2a: Tapu Lele|[miss]\n|-miss|p1a: Rotom|p2a: Tapu Lele\n|\n|upkeep\n|turn|19\n|\n|t:|1661473914\n|move|p2a: Tapu Lele|Psychic|p1a: Rotom\n|-damage|p1a: Rotom|41\/100\n|-unboost|p1a: Rotom|spd|1\n|move|p1a: Rotom|Discharge|p2a: Tapu Lele\n|-damage|p2a: Tapu Lele|63\/100\n|-status|p2a: Tapu Lele|par\n|\n|-heal|p1a: Rotom|48\/100|[from] item: Leftovers\n|upkeep\n|turn|20\n|j| Jongruenwald\n|\n|t:|1661473921\n|move|p1a: Rotom|Hydro Pump|p2a: Tapu Lele|[miss]\n|-miss|p1a: Rotom|p2a: Tapu Lele\n|cant|p2a: Tapu Lele|par\n|\n|-heal|p1a: Rotom|54\/100|[from] item: Leftovers\n|upkeep\n|turn|21\n|j| qanondpp\n|\n|t:|1661473924\n|move|p1a: Rotom|Hydro Pump|p2a: Tapu Lele\n|-damage|p2a: Tapu Lele|14\/100 par\n|cant|p2a: Tapu Lele|par\n|\n|-heal|p1a: Rotom|60\/100|[from] item: Leftovers\n|upkeep\n|turn|22\n|l| qanondpp\n|\n|t:|1661473929\n|move|p1a: Rotom|Discharge|p2a: Tapu Lele\n|-damage|p2a: Tapu Lele|0 fnt\n|faint|p2a: Tapu Lele\n|\n|-heal|p1a: Rotom|66\/100|[from] item: Leftovers\n|-fieldend|move: Psychic Terrain\n|upkeep\n|\n|t:|1661473930\n|switch|p2a: Weavile|Weavile, M|63\/100\n|-ability|p2a: Weavile|Pressure\n|turn|23\n|\n|t:|1661473934\n|switch|p1a: Skarmory|Skarmory, M|100\/100\n|move|p2a: Weavile|Knock Off|p1a: Skarmory\n|-damage|p1a: Skarmory|58\/100\n|-damage|p2a: Weavile|47\/100|[from] item: Rocky Helmet|[of] p1a: Skarmory\n|-enditem|p1a: Skarmory|Rocky Helmet|[from] move: Knock Off|[of] p2a: Weavile\n|\n|upkeep\n|turn|24\n|\n|t:|1661473940\n|switch|p2a: Pelipper|Pelipper, F|100\/100\n|-weather|RainDance|[from] ability: Drizzle|[of] p2a: Pelipper\n|move|p1a: Skarmory|Roost|p1a: Skarmory\n|-heal|p1a: Skarmory|100\/100\n|-singleturn|p1a: Skarmory|move: Roost\n|\n|-weather|RainDance|[upkeep]\n|upkeep\n|turn|25\n|\n|t:|1661473942\n|switch|p1a: Rotom|Rotom-Wash|66\/100\n|move|p2a: Pelipper|Weather Ball|p1a: Rotom\n|-resisted|p1a: Rotom\n|-damage|p1a: Rotom|15\/100\n|\n|-weather|RainDance|[upkeep]\n|-heal|p1a: Rotom|21\/100|[from] item: Leftovers\n|upkeep\n|turn|26\n|\n|t:|1661473948\n|switch|p2a: Weavile|Weavile, M|47\/100\n|-ability|p2a: Weavile|Pressure\n|move|p1a: Rotom|Discharge|p2a: Weavile\n|-damage|p2a: Weavile|2\/100\n|\n|-weather|RainDance|[upkeep]\n|-heal|p1a: Rotom|27\/100|[from] item: Leftovers\n|upkeep\n|turn|27\n|\n|t:|1661473959\n|switch|p1a: Skarmory|Skarmory, M|100\/100\n|move|p2a: Weavile|Triple Axel|p1a: Skarmory\n|-damage|p1a: Skarmory|91\/100\n|-crit|p1a: Skarmory\n|-damage|p1a: Skarmory|64\/100\n|-damage|p1a: Skarmory|40\/100\n|-hitcount|p1a: Skarmory|3\n|\n|-weather|RainDance|[upkeep]\n|upkeep\n|turn|28\n|\n|t:|1661473965\n|move|p2a: Weavile|Triple Axel|p1a: Skarmory\n|-damage|p1a: Skarmory|30\/100\n|-damage|p1a: Skarmory|12\/100\n|-damage|p1a: Skarmory|0 fnt\n|faint|p1a: Skarmory\n|-hitcount|p1: Skarmory|3\n|\n|-weather|none\n|upkeep\n|\n|t:|1661473968\n|switch|p1a: Zeraora|Zeraora|100\/100\n|turn|29\n|\n|t:|1661473970\n|switch|p2a: Landorus|Landorus-Therian, M|64\/100 tox\n|-ability|p2a: Landorus|Intimidate|boost\n|-unboost|p1a: Zeraora|atk|1\n|move|p1a: Zeraora|Knock Off|p2a: Landorus\n|-damage|p2a: Landorus|48\/100 tox\n|-enditem|p2a: Landorus|Leftovers|[from] move: Knock Off|[of] p1a: Zeraora\n|\n|-damage|p2a: Landorus|42\/100 tox|[from] psn\n|upkeep\n|turn|30\n|\n|t:|1661473973\n|switch|p1a: Rotom|Rotom-Wash|27\/100\n|move|p2a: Landorus|U-turn|p1a: Rotom\n|-damage|p1a: Rotom|4\/100\n|\n|t:|1661473975\n|switch|p2a: Weavile|Weavile, M|2\/100|[from]move: U-turn\n|-ability|p2a: Weavile|Pressure\n|\n|-heal|p1a: Rotom|10\/100|[from] item: Leftovers\n|upkeep\n|turn|31\n|\n|t:|1661473978\n|move|p2a: Weavile|Icicle Crash|p1a: Rotom\n|-resisted|p1a: Rotom\n|-damage|p1a: Rotom|0 fnt\n|faint|p1a: Rotom\n|\n|upkeep\n|\n|t:|1661473980\n|switch|p1a: Zeraora|Zeraora|100\/100\n|turn|32\n|\n|t:|1661473982\n|switch|p2a: Landorus|Landorus-Therian, M|42\/100 tox\n|-ability|p2a: Landorus|Intimidate|boost\n|-unboost|p1a: Zeraora|atk|1\n|move|p1a: Zeraora|Knock Off|p2a: Landorus\n|-damage|p2a: Landorus|32\/100 tox\n|\n|-damage|p2a: Landorus|26\/100 tox|[from] psn\n|upkeep\n|turn|33\n|\n|t:|1661473985\n|switch|p1a: Clefable|Clefable, M|66\/100\n|move|p2a: Landorus|U-turn|p1a: Clefable\n|-resisted|p1a: Clefable\n|-damage|p1a: Clefable|56\/100\n|\n|t:|1661473987\n|switch|p2a: Pelipper|Pelipper, F|100\/100|[from]move: U-turn\n|-weather|RainDance|[from] ability: Drizzle|[of] p2a: Pelipper\n|\n|-weather|RainDance|[upkeep]\n|upkeep\n|turn|34\n|\n|t:|1661473990\n|move|p2a: Pelipper|Weather Ball|p1a: Clefable\n|-damage|p1a: Clefable|0 fnt\n|faint|p1a: Clefable\n|\n|-weather|RainDance|[upkeep]\n|upkeep\n|\n|t:|1661473993\n|switch|p1a: Zeraora|Zeraora|100\/100\n|turn|35\n|\n|t:|1661473994\n|move|p1a: Zeraora|Plasma Fists|p2a: Pelipper\n|-supereffective|p2a: Pelipper\n|-damage|p2a: Pelipper|0 fnt\n|-fieldactivate|move: Ion Deluge\n|-hint|Normal-type moves become Electric-type after using Plasma Fists.\n|faint|p2a: Pelipper\n|\n|-weather|RainDance|[upkeep]\n|upkeep\n|\n|t:|1661473996\n|switch|p2a: Barraskewda|Barraskewda, F|100\/100\n|turn|36\n|\n|t:|1661473998\n|move|p2a: Barraskewda|Liquidation|p1a: Zeraora\n|-damage|p1a: Zeraora|0 fnt\n|faint|p1a: Zeraora\n|\n|win|LT94JE Lio\n|raw|wish kisser's rating: 1785 &rarr; <strong>1767<\/strong><br \/>(-18 for losing)\n|raw|LT94JE Lio's rating: 1824 &rarr; <strong>1842<\/strong><br \/>(+18 for winning)\n|c|\u2606wish kisser|gg\n|c|\u2606LT94JE Lio|gg\n|c|\u2606wish kisser|future sight should be banned\n|l| LT92PF Raizen\n|c|\u2606LT94JE Lio|TRU\n|c|\u2606wish kisser|but tl are useless\n|c|\u2606wish kisser|gl\n|l|\u2606LT94JE Lio\n|l|\u2606wish kisser\n||Ladder isn't responding, score probably updated but might not have (Request timeout).\n|l| Jongruenwald\n|l| LT94JE scorcha\n","uploadtime":1661474072,"views":59,"p1id":"wishkisser","p2id":"lt94jelio","formatid":"gen8ou","rating":1767,"private":0,"password":null}