{"id":"gen8ou-1181878029","p1":"Ayante","p2":"LT74PF DeeJ","format":"gen8ou","log":"|raw|<div class=\"broadcast-blue\"><strong>This battle is required to be public due to a player having a name starting with 'LT74PF'.<\/div>\n|j|\u2606Ayante\n|j|\u2606LT74PF DeeJ\n|t:|1599340135\n|player|p1|Ayante|koga|1781\n|player|p2|LT74PF DeeJ|nate|1848\n|teamsize|p1|6\n|teamsize|p2|6\n|gametype|singles\n|gen|8\n|tier|[Gen 8] OU\n|rated|\n|clearpoke\n|poke|p1|Excadrill, F|\n|poke|p1|Zeraora|\n|poke|p1|Dragapult, F|\n|poke|p1|Volcarona, M|\n|poke|p1|Primarina, F|\n|poke|p1|Rillaboom, F|\n|poke|p2|Torkoal, F|\n|poke|p2|Darmanitan, M|\n|poke|p2|Venusaur, M|\n|poke|p2|Hatterene, F|\n|poke|p2|Blissey, F|\n|poke|p2|Kommo-o, F|\n|rule|Sleep Clause Mod: Limit one foe put to sleep\n|rule|Species Clause: Limit one of each Pok\u00e9mon\n|rule|OHKO Clause: OHKO moves are banned\n|rule|Evasion Moves Clause: Evasion moves are banned\n|rule|Endless Battle Clause: Forcing endless battles is banned\n|rule|HP Percentage Mod: HP is shown in percentages\n|rule|Dynamax Clause: You cannot dynamax\n|teampreview\n|inactive|Battle timer is ON: inactive players will automatically lose when time's up. (requested by LT74PF DeeJ)\n|j| Chainsawhand\n|j| Potatochan789\n|\n|t:|1599340167\n|start\n|switch|p1a: Primarina|Primarina, F|100\/100\n|switch|p2a: Kommo-o|Kommo-o, F|100\/100\n|turn|1\n|\n|t:|1599340178\n|switch|p2a: Blissey|Blissey, F|100\/100\n|move|p1a: Primarina|Calm Mind|p1a: Primarina\n|-boost|p1a: Primarina|spa|1\n|-boost|p1a: Primarina|spd|1\n|\n|upkeep\n|turn|2\n|\n|t:|1599340184\n|switch|p1a: Excadrill|Excadrill, F|100\/100\n|-ability|p1a: Excadrill|Mold Breaker\n|move|p2a: Blissey|Seismic Toss|p1a: Excadrill\n|-damage|p1a: Excadrill|74\/100\n|\n|-heal|p1a: Excadrill|80\/100|[from] item: Leftovers\n|upkeep\n|turn|3\n|\n|t:|1599340195\n|switch|p2a: Kommo-o|Kommo-o, F|100\/100\n|move|p1a: Excadrill|Stealth Rock|p2a: Kommo-o\n|-sidestart|p2: LT74PF DeeJ|move: Stealth Rock\n|\n|-heal|p1a: Excadrill|86\/100|[from] item: Leftovers\n|upkeep\n|turn|4\n|j|+Primal Unova\n|j| viash\n|\n|t:|1599340211\n|switch|p1a: Primarina|Primarina, F|100\/100\n|move|p2a: Kommo-o|Stealth Rock|p1a: Primarina\n|-sidestart|p1: Ayante|move: Stealth Rock\n|\n|upkeep\n|turn|5\n|\n|t:|1599340220\n|switch|p2a: Blissey|Blissey, F|100\/100\n|move|p1a: Primarina|Calm Mind|p1a: Primarina\n|-boost|p1a: Primarina|spa|1\n|-boost|p1a: Primarina|spd|1\n|\n|upkeep\n|turn|6\n|\n|t:|1599340228\n|move|p1a: Primarina|Calm Mind|p1a: Primarina\n|-boost|p1a: Primarina|spa|1\n|-boost|p1a: Primarina|spd|1\n|move|p2a: Blissey|Seismic Toss|p1a: Primarina\n|-damage|p1a: Primarina|73\/100\n|\n|-heal|p1a: Primarina|79\/100|[from] item: Leftovers\n|upkeep\n|turn|7\n|\n|t:|1599340237\n|move|p1a: Primarina|Calm Mind|p1a: Primarina\n|-boost|p1a: Primarina|spa|1\n|-boost|p1a: Primarina|spd|1\n|move|p2a: Blissey|Seismic Toss|p1a: Primarina\n|-damage|p1a: Primarina|51\/100\n|\n|-heal|p1a: Primarina|58\/100|[from] item: Leftovers\n|upkeep\n|turn|8\n|\n|t:|1599340246\n|move|p1a: Primarina|Draining Kiss|p2a: Blissey\n|-damage|p2a: Blissey|81\/100\n|-heal|p1a: Primarina|86\/100|[from] drain|[of] p2a: Blissey\n|move|p2a: Blissey|Toxic|p1a: Primarina\n|-status|p1a: Primarina|tox\n|\n|-heal|p1a: Primarina|92\/100 tox|[from] item: Leftovers\n|-damage|p1a: Primarina|86\/100 tox|[from] psn\n|upkeep\n|turn|9\n|l| Chainsawhand\n|\n|t:|1599340260\n|move|p1a: Primarina|Scald|p2a: Blissey\n|-damage|p2a: Blissey|49\/100\n|move|p2a: Blissey|Toxic|p1a: Primarina\n|-fail|p1a: Primarina|tox\n|\n|-heal|p1a: Primarina|92\/100 tox|[from] item: Leftovers\n|-damage|p1a: Primarina|80\/100 tox|[from] psn\n|upkeep\n|turn|10\n|\n|t:|1599340270\n|move|p1a: Primarina|Scald|p2a: Blissey\n|-damage|p2a: Blissey|20\/100\n|-status|p2a: Blissey|brn\n|move|p2a: Blissey|Soft-Boiled|p2a: Blissey\n|-heal|p2a: Blissey|70\/100 brn\n|\n|-heal|p1a: Primarina|86\/100 tox|[from] item: Leftovers\n|-damage|p1a: Primarina|67\/100 tox|[from] psn\n|-damage|p2a: Blissey|64\/100 brn|[from] brn\n|upkeep\n|turn|11\n|\n|t:|1599340282\n|switch|p1a: Rillaboom|Rillaboom, F|100\/100\n|-damage|p1a: Rillaboom|88\/100|[from] Stealth Rock\n|-fieldstart|move: Grassy Terrain|[from] ability: Grassy Surge|[of] p1a: Rillaboom\n|move|p2a: Blissey|Soft-Boiled|p2a: Blissey\n|-heal|p2a: Blissey|100\/100 brn\n|\n|-heal|p1a: Rillaboom|94\/100|[from] Grassy Terrain\n|-damage|p2a: Blissey|94\/100 brn|[from] brn\n|upkeep\n|turn|12\n|\n|t:|1599340304\n|switch|p2a: Torkoal|Torkoal, F|100\/100\n|-damage|p2a: Torkoal|76\/100|[from] Stealth Rock\n|-weather|SunnyDay|[from] ability: Drought|[of] p2a: Torkoal\n|move|p1a: Rillaboom|Swords Dance|p1a: Rillaboom\n|-boost|p1a: Rillaboom|atk|2\n|\n|-weather|SunnyDay|[upkeep]\n|-heal|p1a: Rillaboom|99\/100|[from] Grassy Terrain\n|-heal|p2a: Torkoal|82\/100|[from] Grassy Terrain\n|upkeep\n|turn|13\n|\n|t:|1599340316\n|move|p1a: Rillaboom|High Horsepower|p2a: Torkoal\n|-supereffective|p2a: Torkoal\n|-damage|p2a: Torkoal|0 fnt\n|-damage|p1a: Rillaboom|90\/100|[from] item: Life Orb\n|faint|p2a: Torkoal\n|\n|-weather|SunnyDay|[upkeep]\n|-heal|p1a: Rillaboom|96\/100|[from] Grassy Terrain\n|upkeep\n|\n|t:|1599340321\n|switch|p2a: Venusaur|Venusaur, M|100\/100\n|-damage|p2a: Venusaur|88\/100|[from] Stealth Rock\n|turn|14\n|inactive|Ayante has 120 seconds left.\n|\n|t:|1599340357\n|move|p1a: Rillaboom|Grassy Glide|p2a: Venusaur\n|-resisted|p2a: Venusaur\n|-damage|p2a: Venusaur|44\/100\n|-damage|p1a: Rillaboom|87\/100|[from] item: Life Orb\n|move|p2a: Venusaur|Weather Ball|p1a: Rillaboom\n|-supereffective|p1a: Rillaboom\n|-damage|p1a: Rillaboom|0 fnt\n|-damage|p2a: Venusaur|34\/100|[from] item: Life Orb\n|faint|p1a: Rillaboom\n|\n|-weather|SunnyDay|[upkeep]\n|-heal|p2a: Venusaur|40\/100|[from] Grassy Terrain\n|upkeep\n|\n|t:|1599340380\n|switch|p1a: Dragapult|Dragapult, F|100\/100\n|-damage|p1a: Dragapult|88\/100|[from] Stealth Rock\n|turn|15\n|\n|t:|1599340398\n|switch|p2a: Hatterene|Hatterene, F|100\/100\n|-damage|p2a: Hatterene|88\/100|[from] Stealth Rock\n|move|p1a: Dragapult|Shadow Ball|p2a: Hatterene\n|-supereffective|p2a: Hatterene\n|-damage|p2a: Hatterene|6\/100\n|\n|-weather|SunnyDay|[upkeep]\n|-heal|p1a: Dragapult|94\/100|[from] Grassy Terrain\n|-heal|p2a: Hatterene|12\/100|[from] Grassy Terrain\n|-fieldend|move: Grassy Terrain\n|upkeep\n|turn|16\n|\n|t:|1599340410\n|switch|p2a: Blissey|Blissey, F|94\/100\n|move|p1a: Dragapult|Shadow Ball|p2a: Blissey\n|-immune|p2a: Blissey\n|\n|-weather|SunnyDay|[upkeep]\n|upkeep\n|turn|17\n|l| Potatochan789\n|\n|t:|1599340428\n|move|p1a: Dragapult|Shadow Ball|p2a: Blissey\n|-immune|p2a: Blissey\n|move|p2a: Blissey|Teleport|p2a: Blissey\n|j| oxjfhf\n|\n|t:|1599340434\n|switch|p2a: Kommo-o|Kommo-o, F|100\/100|[from]move: Teleport\n|-damage|p2a: Kommo-o|94\/100|[from] Stealth Rock\n|\n|-weather|SunnyDay|[upkeep]\n|upkeep\n|turn|18\n|l| oxjfhf\n|inactive|Ayante has 90 seconds left.\n|\n|t:|1599340463\n|switch|p1a: Primarina|Primarina, F|67\/100 tox\n|-damage|p1a: Primarina|55\/100 tox|[from] Stealth Rock\n|move|p2a: Kommo-o|Earthquake|p1a: Primarina\n|-damage|p1a: Primarina|33\/100 tox\n|\n|-weather|SunnyDay|[upkeep]\n|-heal|p1a: Primarina|39\/100 tox|[from] item: Leftovers\n|-damage|p1a: Primarina|33\/100 tox|[from] psn\n|upkeep\n|turn|19\n|inactive|Ayante has 90 seconds left.\n|\n|t:|1599340488\n|switch|p2a: Blissey|Blissey, F|94\/100\n|move|p1a: Primarina|Draining Kiss|p2a: Blissey\n|-damage|p2a: Blissey|87\/100\n|-heal|p1a: Primarina|44\/100 tox|[from] drain|[of] p2a: Blissey\n|\n|-weather|none\n|-heal|p1a: Primarina|50\/100 tox|[from] item: Leftovers\n|-damage|p1a: Primarina|38\/100 tox|[from] psn\n|upkeep\n|turn|20\n|inactive|Ayante has 90 seconds left.\n|\n|t:|1599340514\n|move|p1a: Primarina|Draining Kiss|p2a: Blissey\n|-damage|p2a: Blissey|79\/100\n|-heal|p1a: Primarina|50\/100 tox|[from] drain|[of] p2a: Blissey\n|move|p2a: Blissey|Teleport|p2a: Blissey\n|\n|t:|1599340520\n|switch|p2a: Darmanitan|Darmanitan, M|100\/100|[from]move: Teleport\n|-damage|p2a: Darmanitan|76\/100|[from] Stealth Rock\n|\n|-heal|p1a: Primarina|56\/100 tox|[from] item: Leftovers\n|-damage|p1a: Primarina|37\/100 tox|[from] psn\n|upkeep\n|turn|21\n|\n|t:|1599340530\n|move|p2a: Darmanitan|Earthquake|p1a: Primarina\n|-damage|p1a: Primarina|0 fnt\n|faint|p1a: Primarina\n|\n|upkeep\n|\n|t:|1599340539\n|switch|p1a: Volcarona|Volcarona, M|100\/100\n|turn|22\n|\n|t:|1599340543\n|move|p2a: Darmanitan|Earthquake|p1a: Volcarona\n|-damage|p1a: Volcarona|41\/100\n|move|p1a: Volcarona|Quiver Dance|p1a: Volcarona\n|-boost|p1a: Volcarona|spa|1\n|-boost|p1a: Volcarona|spd|1\n|-boost|p1a: Volcarona|spe|1\n|\n|upkeep\n|turn|23\n|\n|t:|1599340556\n|move|p1a: Volcarona|Roost|p1a: Volcarona\n|-heal|p1a: Volcarona|91\/100\n|-singleturn|p1a: Volcarona|move: Roost\n|move|p2a: Darmanitan|Earthquake|p1a: Volcarona\n|-damage|p1a: Volcarona|40\/100\n|\n|upkeep\n|turn|24\n|\n|t:|1599340563\n|move|p1a: Volcarona|Roost|p1a: Volcarona\n|-heal|p1a: Volcarona|91\/100\n|-singleturn|p1a: Volcarona|move: Roost\n|move|p2a: Darmanitan|Earthquake|p1a: Volcarona\n|-damage|p1a: Volcarona|35\/100\n|\n|upkeep\n|turn|25\n|\n|t:|1599340569\n|move|p1a: Volcarona|Roost|p1a: Volcarona\n|-heal|p1a: Volcarona|85\/100\n|-singleturn|p1a: Volcarona|move: Roost\n|move|p2a: Darmanitan|Earthquake|p1a: Volcarona\n|-damage|p1a: Volcarona|30\/100\n|\n|upkeep\n|turn|26\n|\n|t:|1599340576\n|move|p1a: Volcarona|Roost|p1a: Volcarona\n|-heal|p1a: Volcarona|80\/100\n|-singleturn|p1a: Volcarona|move: Roost\n|move|p2a: Darmanitan|Earthquake|p1a: Volcarona\n|-damage|p1a: Volcarona|23\/100\n|\n|upkeep\n|turn|27\n|\n|t:|1599340583\n|move|p1a: Volcarona|Roost|p1a: Volcarona\n|-heal|p1a: Volcarona|73\/100\n|-singleturn|p1a: Volcarona|move: Roost\n|move|p2a: Darmanitan|Earthquake|p1a: Volcarona\n|-crit|p1a: Volcarona\n|-damage|p1a: Volcarona|0 fnt\n|faint|p1a: Volcarona\n|\n|upkeep\n|\n|t:|1599340592\n|switch|p1a: Dragapult|Dragapult, F|94\/100\n|-damage|p1a: Dragapult|82\/100|[from] Stealth Rock\n|turn|28\n|\n|t:|1599340600\n|switch|p2a: Hatterene|Hatterene, F|12\/100\n|-damage|p2a: Hatterene|0 fnt|[from] Stealth Rock\n|faint|p2a: Hatterene\n|move|p1a: Dragapult|U-turn|p2: Hatterene|[notarget]\n|-fail|p1a: Dragapult\n|\n|upkeep\n|\n|t:|1599340609\n|switch|p2a: Kommo-o|Kommo-o, F|94\/100\n|-damage|p2a: Kommo-o|88\/100|[from] Stealth Rock\n|turn|29\n|\n|t:|1599340614\n|move|p1a: Dragapult|U-turn|p2a: Kommo-o\n|-resisted|p2a: Kommo-o\n|-damage|p2a: Kommo-o|83\/100\n|-damage|p1a: Dragapult|65\/100|[from] item: Rocky Helmet|[of] p2a: Kommo-o\n|\n|t:|1599340626\n|switch|p1a: Excadrill|Excadrill, F|86\/100|[from]move: U-turn\n|-damage|p1a: Excadrill|83\/100|[from] Stealth Rock\n|-ability|p1a: Excadrill|Mold Breaker\n|move|p2a: Kommo-o|Body Press|p1a: Excadrill\n|-supereffective|p1a: Excadrill\n|-damage|p1a: Excadrill|0 fnt\n|faint|p1a: Excadrill\n|\n|upkeep\n|\n|t:|1599340637\n|switch|p1a: Dragapult|Dragapult, F|65\/100\n|-damage|p1a: Dragapult|53\/100|[from] Stealth Rock\n|turn|30\n|\n|t:|1599340645\n|switch|p2a: Venusaur|Venusaur, M|40\/100\n|-damage|p2a: Venusaur|27\/100|[from] Stealth Rock\n|move|p1a: Dragapult|Draco Meteor|p2a: Venusaur\n|-damage|p2a: Venusaur|0 fnt\n|-unboost|p1a: Dragapult|spa|2\n|faint|p2a: Venusaur\n|\n|upkeep\n|\n|t:|1599340651\n|switch|p2a: Blissey|Blissey, F|79\/100\n|turn|31\n|\n|t:|1599340657\n|switch|p1a: Zeraora|Zeraora|100\/100\n|-damage|p1a: Zeraora|88\/100|[from] Stealth Rock\n|move|p2a: Blissey|Toxic|p1a: Zeraora\n|-status|p1a: Zeraora|tox\n|\n|-heal|p1a: Zeraora|94\/100 tox|[from] item: Leftovers\n|-damage|p1a: Zeraora|88\/100 tox|[from] psn\n|upkeep\n|turn|32\n|\n|t:|1599340669\n|switch|p2a: Kommo-o|Kommo-o, F|83\/100\n|-damage|p2a: Kommo-o|76\/100|[from] Stealth Rock\n|move|p1a: Zeraora|Close Combat|p2a: Kommo-o\n|-damage|p2a: Kommo-o|52\/100\n|-unboost|p1a: Zeraora|def|1\n|-unboost|p1a: Zeraora|spd|1\n|-damage|p1a: Zeraora|72\/100 tox|[from] item: Rocky Helmet|[of] p2a: Kommo-o\n|\n|-heal|p1a: Zeraora|78\/100 tox|[from] item: Leftovers\n|-damage|p1a: Zeraora|66\/100 tox|[from] psn\n|upkeep\n|turn|33\n|\n|t:|1599340685\n|switch|p1a: Dragapult|Dragapult, F|53\/100\n|-damage|p1a: Dragapult|41\/100|[from] Stealth Rock\n|move|p2a: Kommo-o|Earthquake|p1a: Dragapult\n|-damage|p1a: Dragapult|5\/100\n|\n|upkeep\n|turn|34\n|\n|t:|1599340695\n|switch|p2a: Darmanitan|Darmanitan, M|76\/100\n|-damage|p2a: Darmanitan|51\/100|[from] Stealth Rock\n|move|p1a: Dragapult|Draco Meteor|p2a: Darmanitan\n|-damage|p2a: Darmanitan|0 fnt\n|-unboost|p1a: Dragapult|spa|2\n|faint|p2a: Darmanitan\n|\n|upkeep\n|\n|t:|1599340697\n|switch|p2a: Blissey|Blissey, F|79\/100\n|turn|35\n|\n|t:|1599340708\n|move|p1a: Dragapult|Draco Meteor|p2a: Blissey\n|-damage|p2a: Blissey|62\/100\n|-unboost|p1a: Dragapult|spa|2\n|move|p2a: Blissey|Soft-Boiled|p2a: Blissey\n|-heal|p2a: Blissey|100\/100\n|\n|upkeep\n|turn|36\n|-message|Ayante forfeited.\n|\n|win|LT74PF DeeJ\n|l|\u2606Ayante\n|l| viash\n|raw|Ayante's rating: 1781 &rarr; <strong>1765<\/strong><br \/>(-16 for losing)\n|raw|LT74PF DeeJ's rating: 1848 &rarr; <strong>1864<\/strong><br \/>(+16 for winning)\n","uploadtime":1599340732,"views":180,"p1id":"ayante","p2id":"lt74pfdeej","formatid":"gen8ou","rating":1765,"private":0,"password":null}