{"id":"gen8ou-1311593131","p1":"NotSoTryHard33","p2":"cump2","format":"gen8ou","log":"|j|\u2606NotSoTryHard33\n|j|\u2606cump2\n|t:|1617064136\n|player|p1|NotSoTryHard33|1|1386\n|player|p2|cump2|102|1434\n|teamsize|p1|6\n|teamsize|p2|6\n|gametype|singles\n|gen|8\n|tier|[Gen 8] OU\n|rated|\n|clearpoke\n|poke|p1|Azumarill, M|\n|poke|p1|Volcarona, M|\n|poke|p1|Alakazam, M|\n|poke|p1|Tapu Koko|\n|poke|p1|Hawlucha, F|\n|poke|p1|Dragapult, M|\n|poke|p2|Swampert, M|\n|poke|p2|Dragapult, M|\n|poke|p2|Mandibuzz, F|\n|poke|p2|Volcarona, F|\n|poke|p2|Terrakion|\n|poke|p2|Rillaboom, F|\n|rule|Sleep Clause Mod: Limit one foe put to sleep\n|rule|Species Clause: Limit one of each Pok\u00e9mon\n|rule|OHKO Clause: OHKO moves are banned\n|rule|Evasion Moves Clause: Evasion moves are banned\n|rule|Endless Battle Clause: Forcing endless battles is banned\n|rule|HP Percentage Mod: HP is shown in percentages\n|rule|Dynamax Clause: You cannot dynamax\n|teampreview\n|\n|t:|1617064152\n|start\n|switch|p1a: Tapu Koko|Tapu Koko|100\/100\n|switch|p2a: Swampert|Swampert, M|100\/100\n|-fieldstart|move: Electric Terrain|[from] ability: Electric Surge|[of] p1a: Tapu Koko\n|turn|1\n|\n|t:|1617064159\n|move|p1a: Tapu Koko|Reflect|p1a: Tapu Koko\n|-sidestart|p1: NotSoTryHard33|Reflect\n|move|p2a: Swampert|Stealth Rock|p1a: Tapu Koko\n|-sidestart|p1: NotSoTryHard33|move: Stealth Rock\n|\n|upkeep\n|turn|2\n|\n|t:|1617064164\n|move|p1a: Tapu Koko|U-turn|p2a: Swampert\n|-damage|p2a: Swampert|85\/100\n|\n|t:|1617064177\n|switch|p1a: Hawlucha|Hawlucha, F|100\/100|[from]move: U-turn\n|-damage|p1a: Hawlucha|88\/100|[from] Stealth Rock\n|-enditem|p1a: Hawlucha|Electric Seed\n|-boost|p1a: Hawlucha|def|1|[from] item: Electric Seed\n|move|p2a: Swampert|Earthquake|p1a: Hawlucha\n|-immune|p1a: Hawlucha\n|\n|-heal|p2a: Swampert|91\/100|[from] item: Leftovers\n|upkeep\n|turn|3\n|\n|t:|1617064183\n|move|p1a: Hawlucha|Swords Dance|p1a: Hawlucha\n|-boost|p1a: Hawlucha|atk|2\n|move|p2a: Swampert|Toxic|p1a: Hawlucha\n|-status|p1a: Hawlucha|tox\n|\n|-heal|p2a: Swampert|97\/100|[from] item: Leftovers\n|-damage|p1a: Hawlucha|82\/100 tox|[from] psn\n|upkeep\n|turn|4\n|\n|t:|1617064188\n|switch|p2a: Mandibuzz|Mandibuzz, F|100\/100\n|move|p1a: Hawlucha|Swords Dance|p1a: Hawlucha\n|-boost|p1a: Hawlucha|atk|2\n|\n|-damage|p1a: Hawlucha|70\/100 tox|[from] psn\n|upkeep\n|turn|5\n|\n|t:|1617064193\n|move|p1a: Hawlucha|Close Combat|p2a: Mandibuzz\n|-damage|p2a: Mandibuzz|0 fnt\n|-unboost|p1a: Hawlucha|def|1\n|-unboost|p1a: Hawlucha|spd|1\n|faint|p2a: Mandibuzz\n|\n|-damage|p1a: Hawlucha|52\/100 tox|[from] psn\n|-fieldend|move: Electric Terrain\n|upkeep\n|inactive|Battle timer is ON: inactive players will automatically lose when time's up. (requested by NotSoTryHard33)\n|\n|t:|1617064223\n|switch|p2a: Swampert|Swampert, M|97\/100\n|turn|6\n|\n|t:|1617064226\n|move|p1a: Hawlucha|Acrobatics|p2a: Swampert\n|-damage|p2a: Swampert|0 fnt\n|faint|p2a: Swampert\n|\n|-damage|p1a: Hawlucha|27\/100 tox|[from] psn\n|upkeep\n|\n|t:|1617064238\n|switch|p2a: Rillaboom|Rillaboom, F, shiny|100\/100\n|-fieldstart|move: Grassy Terrain|[from] ability: Grassy Surge|[of] p2a: Rillaboom\n|turn|7\n|\n|t:|1617064244\n|move|p2a: Rillaboom|Grassy Glide|p1a: Hawlucha\n|-resisted|p1a: Hawlucha\n|-damage|p1a: Hawlucha|0 fnt\n|faint|p1a: Hawlucha\n|\n|upkeep\n|\n|t:|1617064249\n|switch|p1a: Dragapult|Dragapult, M|100\/100\n|-damage|p1a: Dragapult|88\/100|[from] Stealth Rock\n|turn|8\n|\n|t:|1617064256\n|switch|p2a: Terrakion|Terrakion|100\/100\n|move|p1a: Dragapult|Dragon Dance|p1a: Dragapult\n|-boost|p1a: Dragapult|atk|1\n|-boost|p1a: Dragapult|spe|1\n|\n|-heal|p1a: Dragapult|94\/100|[from] Grassy Terrain\n|-sideend|p1: NotSoTryHard33|Reflect\n|upkeep\n|turn|9\n|\n|t:|1617064261\n|move|p1a: Dragapult|Dragon Darts|p2a: Terrakion\n|-damage|p2a: Terrakion|49\/100\n|-anim|p1a: Dragapult|Dragon Darts|p2a: Terrakion\n|-damage|p2a: Terrakion|0 fnt\n|faint|p2a: Terrakion\n|\n|-heal|p1a: Dragapult|99\/100|[from] Grassy Terrain\n|upkeep\n|\n|t:|1617064267\n|switch|p2a: Rillaboom|Rillaboom, F, shiny|100\/100\n|turn|10\n|\n|t:|1617064272\n|move|p1a: Dragapult|Dragon Darts|p2a: Rillaboom\n|-damage|p2a: Rillaboom|48\/100\n|-anim|p1a: Dragapult|Dragon Darts|p2a: Rillaboom\n|-damage|p2a: Rillaboom|0 fnt\n|faint|p2a: Rillaboom\n|\n|-heal|p1a: Dragapult|100\/100|[from] Grassy Terrain\n|upkeep\n|-message|cump2 forfeited.\n|\n|win|NotSoTryHard33\n|raw|NotSoTryHard33's rating: 1386 &rarr; <strong>1409<\/strong><br \/>(+23 for winning)\n|raw|cump2's rating: 1434 &rarr; <strong>1411<\/strong><br \/>(-23 for losing)\n|l|\u2606cump2\n","uploadtime":1617064283,"views":49,"p1id":"notsotryhard33","p2id":"cump2","formatid":"gen8ou","rating":1409,"private":0,"password":null}