{"id":"gen8ou-1680793578","p1":"Huskothy","p2":"30orless","format":"gen8ou","log":"|j|\u2606Huskothy\n|j|\u203d30orless\n|t:|1665240255\n|gametype|singles\n|player|p1|Huskothy|lucas|1570\n|player|p2|30orless|265|1637\n|teamsize|p1|6\n|teamsize|p2|6\n|gen|8\n|tier|[Gen 8] OU\n|rated|\n|rule|Sleep Clause Mod: Limit one foe put to sleep\n|rule|Species Clause: Limit one of each Pok\u00e9mon\n|rule|OHKO Clause: OHKO moves are banned\n|rule|Evasion Items Clause: Evasion items are banned\n|rule|Evasion Moves Clause: Evasion moves are banned\n|rule|Endless Battle Clause: Forcing endless battles is banned\n|rule|HP Percentage Mod: HP is shown in percentages\n|rule|Dynamax Clause: You cannot dynamax\n|clearpoke\n|poke|p1|Machamp, F|\n|poke|p1|Dragapult, M|\n|poke|p1|Ferrothorn, F|\n|poke|p1|Moltres-Galar|\n|poke|p1|Landorus-Therian, M|\n|poke|p1|Tapu Koko|\n|poke|p2|Moltres|\n|poke|p2|Hydreigon, M|\n|poke|p2|Blaziken, F|\n|poke|p2|Volcanion|\n|poke|p2|Zapdos|\n|poke|p2|Mamoswine, M|\n|teampreview\n|inactive|Battle timer is ON: inactive players will automatically lose when time's up. (requested by 30orless)\n|inactive|Huskothy has 120 seconds left.\n|\n|t:|1665240314\n|start\n|switch|p1a: Dragapult|Dragapult, M|100\/100\n|switch|p2a: Moltres|Moltres|100\/100\n|turn|1\n|\n|t:|1665240318\n|move|p1a: Dragapult|Thunder Wave|p2a: Moltres\n|-status|p2a: Moltres|par\n|move|p2a: Moltres|Brave Bird|p1a: Dragapult\n|-damage|p1a: Dragapult|24\/100\n|-damage|p2a: Moltres|80\/100 par|[from] Recoil\n|\n|upkeep\n|turn|2\n|\n|t:|1665240324\n|move|p1a: Dragapult|U-turn|p2a: Moltres\n|-resisted|p2a: Moltres\n|-damage|p2a: Moltres|75\/100 par\n|\n|t:|1665240326\n|switch|p1a: Tapu Koko|Tapu Koko|100\/100|[from]move: U-turn\n|-fieldstart|move: Electric Terrain|[from] ability: Electric Surge|[of] p1a: Tapu Koko\n|move|p2a: Moltres|Brave Bird|p1a: Tapu Koko\n|-resisted|p1a: Tapu Koko\n|-damage|p1a: Tapu Koko|61\/100\n|-damage|p2a: Moltres|66\/100 par|[from] Recoil\n|\n|upkeep\n|turn|3\n|\n|t:|1665240329\n|move|p1a: Tapu Koko|U-turn|p2a: Moltres\n|-resisted|p2a: Moltres\n|-damage|p2a: Moltres|62\/100 par\n|\n|t:|1665240333\n|switch|p1a: Landorus|Landorus-Therian, M|100\/100|[from]move: U-turn\n|-ability|p1a: Landorus|Intimidate|boost\n|-unboost|p2a: Moltres|atk|1\n|move|p2a: Moltres|Scorching Sands|p1a: Landorus\n|-immune|p1a: Landorus\n|\n|upkeep\n|turn|4\n|\n|t:|1665240338\n|switch|p1a: Tapu Koko|Tapu Koko|61\/100\n|switch|p2a: Zapdos|Zapdos|100\/100\n|\n|upkeep\n|turn|5\n|\n|t:|1665240341\n|move|p1a: Tapu Koko|Roost|p1a: Tapu Koko\n|-heal|p1a: Tapu Koko|100\/100\n|-singleturn|p1a: Tapu Koko|move: Roost\n|move|p2a: Zapdos|Discharge|p1a: Tapu Koko\n|-resisted|p1a: Tapu Koko\n|-damage|p1a: Tapu Koko|68\/100\n|\n|upkeep\n|turn|6\n|\n|t:|1665240345\n|switch|p2a: Hydreigon|Hydreigon, M|100\/100\n|move|p1a: Tapu Koko|Thunderbolt|p2a: Hydreigon\n|-resisted|p2a: Hydreigon\n|-damage|p2a: Hydreigon|68\/100\n|\n|-fieldend|move: Electric Terrain\n|upkeep\n|turn|7\n|\n|t:|1665240349\n|switch|p1a: Moltres|Moltres-Galar|100\/100\n|move|p2a: Hydreigon|Earth Power|p1a: Moltres\n|-immune|p1a: Moltres\n|\n|upkeep\n|turn|8\n|\n|t:|1665240353\n|switch|p2a: Zapdos|Zapdos|100\/100\n|switch|p1a: Tapu Koko|Tapu Koko|68\/100\n|-fieldstart|move: Electric Terrain|[from] ability: Electric Surge|[of] p1a: Tapu Koko\n|\n|upkeep\n|turn|9\n|\n|t:|1665240357\n|move|p1a: Tapu Koko|Dazzling Gleam|p2a: Zapdos\n|-damage|p2a: Zapdos|66\/100\n|move|p2a: Zapdos|Discharge|p1a: Tapu Koko\n|-resisted|p1a: Tapu Koko\n|-damage|p1a: Tapu Koko|35\/100\n|\n|upkeep\n|turn|10\n|\n|t:|1665240360\n|switch|p2a: Mamoswine|Mamoswine, M|100\/100\n|move|p1a: Tapu Koko|Roost|p1a: Tapu Koko\n|-heal|p1a: Tapu Koko|85\/100\n|-singleturn|p1a: Tapu Koko|move: Roost\n|\n|upkeep\n|turn|11\n|\n|t:|1665240362\n|move|p1a: Tapu Koko|U-turn|p2a: Mamoswine\n|-damage|p2a: Mamoswine|82\/100\n|\n|t:|1665240365\n|switch|p1a: Ferrothorn|Ferrothorn, F|100\/100|[from]move: U-turn\n|move|p2a: Mamoswine|Stealth Rock|p1a: Ferrothorn\n|-sidestart|p1: Huskothy|move: Stealth Rock\n|\n|upkeep\n|turn|12\n|\n|t:|1665240368\n|switch|p2a: Blaziken|Blaziken, F|100\/100\n|move|p1a: Ferrothorn|Stealth Rock|p2a: Blaziken\n|-sidestart|p2: 30orless|move: Stealth Rock\n|\n|-fieldend|move: Electric Terrain\n|upkeep\n|turn|13\n|\n|t:|1665240371\n|move|p2a: Blaziken|Overheat|p1a: Ferrothorn\n|-supereffective|p1a: Ferrothorn\n|-damage|p1a: Ferrothorn|0 fnt\n|-unboost|p2a: Blaziken|spa|2\n|faint|p1a: Ferrothorn\n|-damage|p2a: Blaziken|91\/100|[from] item: Life Orb\n|\n|-ability|p2a: Blaziken|Speed Boost|boost\n|-boost|p2a: Blaziken|spe|1\n|upkeep\n|\n|t:|1665240379\n|switch|p1a: Machamp|Machamp, F|100\/100\n|-damage|p1a: Machamp|94\/100|[from] Stealth Rock\n|turn|14\n|\n|t:|1665240381\n|move|p2a: Blaziken|Close Combat|p1a: Machamp\n|-damage|p1a: Machamp|11\/100\n|-unboost|p2a: Blaziken|def|1\n|-unboost|p2a: Blaziken|spd|1\n|-damage|p2a: Blaziken|81\/100|[from] item: Life Orb\n|move|p1a: Machamp|Dynamic Punch|p2a: Blaziken\n|-damage|p2a: Blaziken|0 fnt\n|faint|p2a: Blaziken\n|\n|upkeep\n|\n|t:|1665240392\n|switch|p2a: Zapdos|Zapdos|66\/100\n|turn|15\n|\n|t:|1665240397\n|switch|p1a: Tapu Koko|Tapu Koko|85\/100\n|-fieldstart|move: Electric Terrain|[from] ability: Electric Surge|[of] p1a: Tapu Koko\n|move|p2a: Zapdos|Discharge|p1a: Tapu Koko\n|-resisted|p1a: Tapu Koko\n|-damage|p1a: Tapu Koko|53\/100\n|\n|upkeep\n|turn|16\n|\n|t:|1665240403\n|switch|p2a: Hydreigon|Hydreigon, M|68\/100\n|-damage|p2a: Hydreigon|56\/100|[from] Stealth Rock\n|move|p1a: Tapu Koko|Roost|p1a: Tapu Koko\n|-heal|p1a: Tapu Koko|100\/100\n|-singleturn|p1a: Tapu Koko|move: Roost\n|\n|upkeep\n|turn|17\n|\n|t:|1665240407\n|switch|p1a: Moltres|Moltres-Galar|100\/100\n|-damage|p1a: Moltres|76\/100|[from] Stealth Rock\n|move|p2a: Hydreigon|Earth Power|p1a: Moltres\n|-immune|p1a: Moltres\n|\n|upkeep\n|turn|18\n|\n|t:|1665240411\n|switch|p2a: Moltres|Moltres|62\/100 par\n|move|p1a: Moltres|Fiery Wrath|p2a: Moltres\n|-damage|p2a: Moltres|22\/100 par\n|\n|upkeep\n|turn|19\n|\n|t:|1665240415\n|move|p1a: Moltres|Fiery Wrath|p2a: Moltres\n|-damage|p2a: Moltres|0 fnt\n|faint|p2a: Moltres\n|\n|-fieldend|move: Electric Terrain\n|upkeep\n|\n|t:|1665240419\n|switch|p2a: Zapdos|Zapdos|66\/100\n|turn|20\n|\n|t:|1665240423\n|switch|p1a: Tapu Koko|Tapu Koko|100\/100\n|-fieldstart|move: Electric Terrain|[from] ability: Electric Surge|[of] p1a: Tapu Koko\n|move|p2a: Zapdos|Roost|p2a: Zapdos\n|-heal|p2a: Zapdos|100\/100\n|-singleturn|p2a: Zapdos|move: Roost\n|\n|upkeep\n|turn|21\n|\n|t:|1665240425\n|move|p1a: Tapu Koko|Thunderbolt|p2a: Zapdos\n|-damage|p2a: Zapdos|49\/100\n|move|p2a: Zapdos|Hurricane|p1a: Tapu Koko|[miss]\n|-miss|p2a: Zapdos|p1a: Tapu Koko\n|\n|upkeep\n|turn|22\n|\n|t:|1665240429\n|move|p1a: Tapu Koko|Dazzling Gleam|p2a: Zapdos\n|-damage|p2a: Zapdos|16\/100\n|move|p2a: Zapdos|Roost|p2a: Zapdos\n|-heal|p2a: Zapdos|66\/100\n|-singleturn|p2a: Zapdos|move: Roost\n|\n|upkeep\n|turn|23\n|\n|t:|1665240431\n|switch|p2a: Mamoswine|Mamoswine, M|82\/100\n|-damage|p2a: Mamoswine|69\/100|[from] Stealth Rock\n|move|p1a: Tapu Koko|Thunderbolt|p2a: Mamoswine\n|-immune|p2a: Mamoswine\n|\n|upkeep\n|turn|24\n|\n|t:|1665240434\n|move|p1a: Tapu Koko|U-turn|p2a: Mamoswine\n|-damage|p2a: Mamoswine|52\/100\n|\n|t:|1665240436\n|switch|p1a: Machamp|Machamp, F|11\/100|[from]move: U-turn\n|-damage|p1a: Machamp|5\/100|[from] Stealth Rock\n|move|p2a: Mamoswine|Earthquake|p1a: Machamp\n|-damage|p1a: Machamp|0 fnt\n|faint|p1a: Machamp\n|\n|-fieldend|move: Electric Terrain\n|upkeep\n|\n|t:|1665240440\n|switch|p1a: Tapu Koko|Tapu Koko|100\/100\n|-fieldstart|move: Electric Terrain|[from] ability: Electric Surge|[of] p1a: Tapu Koko\n|turn|25\n|\n|t:|1665240443\n|move|p1a: Tapu Koko|U-turn|p2a: Mamoswine\n|-damage|p2a: Mamoswine|33\/100\n|\n|t:|1665240446\n|switch|p1a: Landorus|Landorus-Therian, M|100\/100|[from]move: U-turn\n|-damage|p1a: Landorus|88\/100|[from] Stealth Rock\n|-ability|p1a: Landorus|Intimidate|boost\n|-fail|p2a: Mamoswine|unboost|Attack|[from] ability: Oblivious|[of] p2a: Mamoswine\n|move|p2a: Mamoswine|Icicle Crash|p1a: Landorus\n|-supereffective|p1a: Landorus\n|-damage|p1a: Landorus|0 fnt\n|faint|p1a: Landorus\n|\n|upkeep\n|\n|t:|1665240450\n|switch|p1a: Tapu Koko|Tapu Koko|100\/100\n|turn|26\n|\n|t:|1665240461\n|switch|p2a: Volcanion|Volcanion|100\/100\n|move|p1a: Tapu Koko|Dazzling Gleam|p2a: Volcanion\n|-resisted|p2a: Volcanion\n|-damage|p2a: Volcanion|83\/100\n|\n|upkeep\n|turn|27\n|\n|t:|1665240463\n|switch|p2a: Hydreigon|Hydreigon, M|56\/100\n|-damage|p2a: Hydreigon|44\/100|[from] Stealth Rock\n|move|p1a: Tapu Koko|Thunderbolt|p2a: Hydreigon\n|-resisted|p2a: Hydreigon\n|-damage|p2a: Hydreigon|11\/100\n|\n|upkeep\n|turn|28\n|\n|t:|1665240468\n|switch|p1a: Dragapult|Dragapult, M|24\/100\n|move|p2a: Hydreigon|Earth Power|p1a: Dragapult\n|-damage|p1a: Dragapult|0 fnt\n|faint|p1a: Dragapult\n|\n|upkeep\n|\n|t:|1665240471\n|switch|p1a: Moltres|Moltres-Galar|76\/100\n|-damage|p1a: Moltres|51\/100|[from] Stealth Rock\n|turn|29\n|\n|t:|1665240480\n|switch|p2a: Volcanion|Volcanion|83\/100\n|switch|p1a: Tapu Koko|Tapu Koko|100\/100\n|\n|-fieldend|move: Electric Terrain\n|upkeep\n|turn|30\n|\n|t:|1665240488\n|move|p1a: Tapu Koko|U-turn|p2a: Volcanion\n|-resisted|p2a: Volcanion\n|-damage|p2a: Volcanion|76\/100\n|\n|t:|1665240490\n|switch|p1a: Moltres|Moltres-Galar|51\/100|[from]move: U-turn\n|-damage|p1a: Moltres|26\/100|[from] Stealth Rock\n|move|p2a: Volcanion|Steam Eruption|p1a: Moltres\n|-damage|p1a: Moltres|0 fnt\n|faint|p1a: Moltres\n|\n|upkeep\n|\n|t:|1665240491\n|switch|p1a: Tapu Koko|Tapu Koko|100\/100\n|-fieldstart|move: Electric Terrain|[from] ability: Electric Surge|[of] p1a: Tapu Koko\n|turn|31\n|\n|t:|1665240494\n|move|p1a: Tapu Koko|Thunderbolt|p2a: Volcanion\n|-supereffective|p2a: Volcanion\n|-damage|p2a: Volcanion|0 fnt\n|faint|p2a: Volcanion\n|\n|upkeep\n|\n|t:|1665240501\n|switch|p2a: Zapdos|Zapdos|66\/100\n|turn|32\n|\n|t:|1665240503\n|move|p1a: Tapu Koko|Thunderbolt|p2a: Zapdos\n|-damage|p2a: Zapdos|17\/100\n|move|p2a: Zapdos|Defog|p1a: Tapu Koko\n|-unboost|p1a: Tapu Koko|evasion|1\n|-sideend|p1: Huskothy|Stealth Rock|[from] move: Defog|[of] p2a: Zapdos\n|-sideend|p2: 30orless|Stealth Rock|[from] move: Defog|[of] p2a: Zapdos\n|-fieldend|move: Electric Terrain\n|\n|upkeep\n|turn|33\n|\n|t:|1665240507\n|move|p1a: Tapu Koko|Dazzling Gleam|p2a: Zapdos\n|-damage|p2a: Zapdos|0 fnt\n|faint|p2a: Zapdos\n|\n|upkeep\n|\n|t:|1665240509\n|switch|p2a: Mamoswine|Mamoswine, M|33\/100\n|turn|34\n|\n|t:|1665240511\n|move|p2a: Mamoswine|Ice Shard|p1a: Tapu Koko\n|-damage|p1a: Tapu Koko|67\/100\n|move|p1a: Tapu Koko|Dazzling Gleam|p2a: Mamoswine\n|-crit|p2a: Mamoswine\n|-damage|p2a: Mamoswine|0 fnt\n|faint|p2a: Mamoswine\n|\n|upkeep\n|\n|t:|1665240512\n|switch|p2a: Hydreigon|Hydreigon, M|11\/100\n|turn|35\n|\n|t:|1665240514\n|move|p2a: Hydreigon|Earth Power|p1a: Tapu Koko\n|-supereffective|p1a: Tapu Koko\n|-damage|p1a: Tapu Koko|0 fnt\n|faint|p1a: Tapu Koko\n|\n|win|30orless\n|raw|Huskothy's rating: 1570 &rarr; <strong>1554<\/strong><br \/>(-16 for losing)\n|raw|30orless's rating: 1637 &rarr; <strong>1653<\/strong><br \/>(+16 for winning)\n|c|\u2606Huskothy|gg\n|l|\u2606Huskothy\n","uploadtime":1665240521,"views":17,"p1id":"huskothy","p2id":"30orless","formatid":"gen8ou","rating":1554,"private":0,"password":null}