{"id":"gen8ou-1313683284","p1":"IM AT MY LIMIT","p2":"OU make me yawn \u00a4","format":"gen8ou","log":"|j|\u2606IM AT MY LIMIT\n|j|\u2606OU make me yawn \u00a4\n|t:|1617343771\n|gametype|singles\n|player|p1|IM AT MY LIMIT|dawn|\n|player|p2|OU make me yawn \u00a4|nate|\n|teamsize|p1|6\n|teamsize|p2|6\n|gen|8\n|tier|[Gen 8] OU\n|clearpoke\n|poke|p1|Avalugg, M|\n|poke|p1|Clefable, F|\n|poke|p1|Xatu, M|\n|poke|p1|Hydreigon, F|\n|poke|p1|Heatran, F|\n|poke|p1|Gastrodon, M|\n|poke|p2|Slowking-Galar, M|\n|poke|p2|Urshifu-*, M|\n|poke|p2|Landorus-Therian, M|\n|poke|p2|Tapu Koko|\n|poke|p2|Ferrothorn, F|\n|poke|p2|Mandibuzz, F|\n|rule|Sleep Clause Mod: Limit one foe put to sleep\n|rule|Species Clause: Limit one of each Pok\u00e9mon\n|rule|OHKO Clause: OHKO moves are banned\n|rule|Evasion Moves Clause: Evasion moves are banned\n|rule|Endless Battle Clause: Forcing endless battles is banned\n|rule|HP Percentage Mod: HP is shown in percentages\n|rule|Dynamax Clause: You cannot dynamax\n|teampreview\n|inactive|Battle timer is ON: inactive players will automatically lose when time's up. (requested by OU make me yawn \u00a4)\n|c|\u2606OU make me yawn \u00a4|Uhhh\n|c|\u2606OU make me yawn \u00a4|what happened to qaug\n|c|\u2606IM AT MY LIMIT|Gastro seemed 10x better\n|inactive|IM AT MY LIMIT has 270 seconds left.\n|inactive|OU make me yawn \u00a4 has 270 seconds left.\n|c|\u2606OU make me yawn \u00a4|fair enough\n|\n|t:|1617343816\n|start\n|switch|p1a: harold|Heatran, F|100\/100\n|switch|p2a: Not good|Landorus-Therian, M, shiny|100\/100\n|-ability|p2a: Not good|Intimidate|boost\n|-unboost|p1a: harold|atk|1\n|turn|1\n|\n|t:|1617343822\n|switch|p1a: Trolled|Avalugg, M|100\/100\n|move|p2a: Not good|U-turn|p1a: Trolled\n|-damage|p1a: Trolled|91\/100\n|\n|t:|1617343826\n|switch|p2a: T|Tapu Koko|100\/100|[from]move: U-turn\n|-fieldstart|move: Electric Terrain|[from] ability: Electric Surge|[of] p2a: T\n|\n|upkeep\n|turn|2\n|\n|t:|1617343833\n|switch|p1a: HAHAHAHAH|Gastrodon, M|100\/100\n|move|p2a: T|U-turn|p1a: HAHAHAHAH\n|-damage|p1a: HAHAHAHAH|89\/100\n|-damage|p2a: T|84\/100|[from] item: Rocky Helmet|[of] p1a: HAHAHAHAH\n|c|\u2606OU make me yawn \u00a4|rocky helmet\n|c|\u2606OU make me yawn \u00a4|What\n|c|\u2606IM AT MY LIMIT|troll the urshifu\n|\n|t:|1617343858\n|switch|p2a: The trolleage|Urshifu-Rapid-Strike, M|100\/100|[from]move: U-turn\n|\n|upkeep\n|turn|3\n|\n|t:|1617343863\n|switch|p2a: \ud83d\ude2d|Ferrothorn, F, shiny|100\/100\n|move|p1a: HAHAHAHAH|Toxic|p2a: \ud83d\ude2d\n|-immune|p2a: \ud83d\ude2d\n|\n|upkeep\n|turn|4\n|\n|t:|1617343872\n|switch|p1a: ur mom|Xatu, M|100\/100\n|switch|p2a: T|Tapu Koko|84\/100\n|\n|upkeep\n|turn|5\n|\n|t:|1617343877\n|switch|p2a: \ud83d\ude2d|Ferrothorn, F, shiny|100\/100\n|switch|p1a: HAHAHAHAH|Gastrodon, M|89\/100\n|\n|-fieldend|move: Electric Terrain\n|upkeep\n|turn|6\n|\n|t:|1617343885\n|switch|p1a: harold|Heatran, F|100\/100\n|move|p2a: \ud83d\ude2d|Knock Off|p1a: harold\n|-damage|p1a: harold|83\/100\n|-enditem|p1a: harold|Leftovers|[from] move: Knock Off|[of] p2a: \ud83d\ude2d\n|\n|upkeep\n|turn|7\n|\n|t:|1617343900\n|switch|p2a: The trolleage|Urshifu-Rapid-Strike, M|100\/100\n|move|p1a: harold|Magma Storm|p2a: The trolleage|[miss]\n|-miss|p1a: harold|p2a: The trolleage\n|\n|upkeep\n|turn|8\n|c|\u2606IM AT MY LIMIT|you gotta be shitting me LOL\n|\n|t:|1617343918\n|switch|p2a: \ud83d\ude2d|Ferrothorn, F, shiny|100\/100\n|switch|p1a: HAHAHAHAH|Gastrodon, M|89\/100\n|\n|upkeep\n|turn|9\n|\n|t:|1617343933\n|switch|p1a: ur mom|Xatu, M|100\/100\n|move|p2a: \ud83d\ude2d|Knock Off|p1a: ur mom\n|-supereffective|p1a: ur mom\n|-damage|p1a: ur mom|63\/100\n|-enditem|p1a: ur mom|Leftovers|[from] move: Knock Off|[of] p2a: \ud83d\ude2d\n|\n|upkeep\n|turn|10\n|\n|t:|1617343939\n|move|p1a: ur mom|Roost|p1a: ur mom\n|-heal|p1a: ur mom|100\/100\n|-singleturn|p1a: ur mom|move: Roost\n|move|p2a: \ud83d\ude2d|Knock Off|p1a: ur mom\n|-supereffective|p1a: ur mom\n|-damage|p1a: ur mom|75\/100\n|\n|upkeep\n|turn|11\n|\n|t:|1617343946\n|switch|p2a: T|Tapu Koko|84\/100\n|-fieldstart|move: Electric Terrain|[from] ability: Electric Surge|[of] p2a: T\n|move|p1a: ur mom|Wish|p1a: ur mom\n|\n|upkeep\n|turn|12\n|\n|t:|1617343953\n|switch|p2a: \ud83d\ude2d|Ferrothorn, F, shiny|100\/100\n|switch|p1a: HAHAHAHAH|Gastrodon, M|89\/100\n|\n|-heal|p1a: HAHAHAHAH|100\/100|[from] move: Wish|[wisher] ur mom\n|upkeep\n|turn|13\n|\n|t:|1617343964\n|switch|p1a: ur mom|Xatu, M|75\/100\n|switch|p2a: \ud83d\udc40|Slowking-Galar, M|100\/100\n|\n|upkeep\n|turn|14\n|\n|t:|1617343973\n|switch|p1a: HAHAHAHAH|Gastrodon, M|100\/100\n|move|p2a: \ud83d\udc40|Future Sight|p1a: HAHAHAHAH\n|-start|p2a: \ud83d\udc40|move: Future Sight\n|\n|upkeep\n|turn|15\n|\n|t:|1617343988\n|switch|p2a: The trolleage|Urshifu-Rapid-Strike, M|100\/100\n|move|p1a: HAHAHAHAH|Earthquake|p2a: The trolleage\n|-damage|p2a: The trolleage|71\/100\n|\n|-fieldend|move: Electric Terrain\n|upkeep\n|turn|16\n|\n|t:|1617343995\n|move|p2a: The trolleage|Close Combat|p1a: HAHAHAHAH\n|-damage|p1a: HAHAHAHAH|36\/100\n|-unboost|p2a: The trolleage|def|1\n|-unboost|p2a: The trolleage|spd|1\n|-damage|p2a: The trolleage|54\/100|[from] item: Rocky Helmet|[of] p1a: HAHAHAHAH\n|move|p1a: HAHAHAHAH|Recover|p1a: HAHAHAHAH\n|-heal|p1a: HAHAHAHAH|86\/100\n|\n|-end|p1a: HAHAHAHAH|move: Future Sight\n|-damage|p1a: HAHAHAHAH|29\/100\n|upkeep\n|turn|17\n|\n|t:|1617344006\n|switch|p1a: ASS|Clefable, F|100\/100\n|move|p2a: The trolleage|Close Combat|p1a: ASS\n|-resisted|p1a: ASS\n|-damage|p1a: ASS|68\/100\n|-unboost|p2a: The trolleage|def|1\n|-unboost|p2a: The trolleage|spd|1\n|\n|upkeep\n|turn|18\n|\n|t:|1617344033\n|switch|p1a: HAHAHAHAH|Gastrodon, M|29\/100\n|move|p2a: The trolleage|Close Combat|p1a: HAHAHAHAH\n|-damage|p1a: HAHAHAHAH|0 fnt\n|-unboost|p2a: The trolleage|def|1\n|-unboost|p2a: The trolleage|spd|1\n|-damage|p2a: The trolleage|38\/100|[from] item: Rocky Helmet|[of] p1a: HAHAHAHAH\n|faint|p1a: HAHAHAHAH\n|\n|upkeep\n|c|\u2606IM AT MY LIMIT|WHY DONT U SWITCH\n|c|\u2606IM AT MY LIMIT|WTH\n|c|\u2606OU make me yawn \u00a4|Because\n|inactive|IM AT MY LIMIT has 270 seconds left.\n|c|\u2606OU make me yawn \u00a4|You thought i was gonna go slowking\n|c|\u2606OU make me yawn \u00a4|which gives you a free recover with gastro\n|c|\u2606OU make me yawn \u00a4|can't take that risk LOL\n|inactive|IM AT MY LIMIT has 240 seconds left.\n|c|\u2606IM AT MY LIMIT|ok\n|-message|IM AT MY LIMIT forfeited.\n|\n|win|OU make me yawn \u00a4\n|n|\u2606IM AT MY LIMIT@!|imatmylimit\n|n|\u2606IM AT MY LIMIT|imatmylimit\n|player|p2|OU make me yawn \u00a4|nate\n|inactive|Battle timer is ON: inactive players will automatically lose when time's up. (requested by OU make me yawn \u00a4)\n","uploadtime":1617344117,"views":36,"p1id":"imatmylimit","p2id":"oumakemeyawn","formatid":"gen8ou","rating":0,"private":0,"password":null}