{"id":"gen8ou-1255565127","p1":"Digvijay 2.0","p2":"Kazt_5","format":"gen8ou","log":"|html|<div class=\"broadcast-blue\"><strong>[Gen 8] OU is currently suspecting Urshifu-S! For information on how to participate check out the <a href=\"https:\/\/www.smogon.com\/forums\/threads\/np-ss-ou-suspect-process-round-8-aint-no-rest-for-the-wicked.3675310\/\">suspect thread<\/a>.<\/strong><\/div>\n|j|\u2606Digvijay 2.0\n|j|\u2606Kazt_5\n|inactive|Battle timer is ON: inactive players will automatically lose when time's up.\n|t:|1609746543\n|player|p1|Digvijay 2.0|ruinmaniac|\n|player|p2|Kazt_5|dawn|\n|teamsize|p1|6\n|teamsize|p2|6\n|gametype|singles\n|gen|8\n|tier|[Gen 8] OU\n|rated|Tournament battle\n|clearpoke\n|poke|p1|Swampert, F|\n|poke|p1|Volcarona, F|\n|poke|p1|Magearna|\n|poke|p1|Dragonite, M|\n|poke|p1|Rillaboom, M|\n|poke|p1|Hawlucha, F|\n|poke|p2|Urshifu-*, M|\n|poke|p2|Heatran, M|\n|poke|p2|Rillaboom, M|\n|poke|p2|Nidoking, M|\n|poke|p2|Zapdos|\n|poke|p2|Kartana|\n|rule|Sleep Clause Mod: Limit one foe put to sleep\n|rule|Species Clause: Limit one of each Pok\u00e9mon\n|rule|OHKO Clause: OHKO moves are banned\n|rule|Evasion Moves Clause: Evasion moves are banned\n|rule|Endless Battle Clause: Forcing endless battles is banned\n|rule|HP Percentage Mod: HP is shown in percentages\n|rule|Dynamax Clause: You cannot dynamax\n|teampreview\n|j|%NixHex\n|\n|t:|1609746570\n|start\n|switch|p1a: Swampert|Swampert, F|100\/100\n|switch|p2a: Urshifu|Urshifu-Rapid-Strike, M|100\/100\n|turn|1\n|j| RedBluePlays\n|\n|t:|1609746576\n|move|p2a: Urshifu|Close Combat|p1a: Swampert\n|-damage|p1a: Swampert|11\/100\n|-unboost|p2a: Urshifu|def|1\n|-unboost|p2a: Urshifu|spd|1\n|move|p1a: Swampert|Stealth Rock|p2a: Urshifu\n|-sidestart|p2: Kazt_5|move: Stealth Rock\n|\n|-heal|p1a: Swampert|17\/100|[from] item: Leftovers\n|upkeep\n|turn|2\n|j| OST test ee\n|\n|t:|1609746601\n|move|p2a: Urshifu|Close Combat|p1a: Swampert\n|-damage|p1a: Swampert|0 fnt\n|-unboost|p2a: Urshifu|def|1\n|-unboost|p2a: Urshifu|spd|1\n|faint|p1a: Swampert\n|\n|upkeep\n|\n|t:|1609746604\n|switch|p1a: Dragonite|Dragonite, M|100\/100\n|turn|3\n|j| Ladder clip\n|j| F A Mpire\n|\n|t:|1609746618\n|switch|p2a: Zapdos|Zapdos|100\/100\n|move|p1a: Dragonite|Dragon Dance|p1a: Dragonite\n|-boost|p1a: Dragonite|atk|1\n|-boost|p1a: Dragonite|spe|1\n|\n|upkeep\n|turn|4\n|\n|t:|1609746624\n|move|p1a: Dragonite|Dragon Dance|p1a: Dragonite\n|-boost|p1a: Dragonite|atk|1\n|-boost|p1a: Dragonite|spe|1\n|move|p2a: Zapdos|Discharge|p1a: Dragonite\n|-damage|p1a: Dragonite|83\/100\n|\n|upkeep\n|turn|5\n|\n|t:|1609746631\n|move|p1a: Dragonite|Dragon Dance|p1a: Dragonite\n|-boost|p1a: Dragonite|atk|1\n|-boost|p1a: Dragonite|spe|1\n|move|p2a: Zapdos|Discharge|p1a: Dragonite\n|-damage|p1a: Dragonite|47\/100\n|\n|upkeep\n|turn|6\n|\n|t:|1609746635\n|move|p1a: Dragonite|Roost|p1a: Dragonite\n|-heal|p1a: Dragonite|97\/100\n|-singleturn|p1a: Dragonite|move: Roost\n|move|p2a: Zapdos|Discharge|p1a: Dragonite\n|-resisted|p1a: Dragonite\n|-damage|p1a: Dragonite|80\/100\n|-status|p1a: Dragonite|par\n|\n|upkeep\n|turn|7\n|\n|t:|1609746638\n|cant|p1a: Dragonite|par\n|move|p2a: Zapdos|Defog|p1a: Dragonite\n|-unboost|p1a: Dragonite|evasion|1\n|-sideend|p2: Kazt_5|Stealth Rock|[from] move: Defog|[of] p2a: Zapdos\n|\n|upkeep\n|turn|8\n|\n|t:|1609746642\n|move|p1a: Dragonite|Roost|p1a: Dragonite\n|-heal|p1a: Dragonite|100\/100 par\n|-singleturn|p1a: Dragonite|move: Roost\n|move|p2a: Zapdos|Hurricane|p1a: Dragonite|[miss]\n|-miss|p2a: Zapdos|p1a: Dragonite\n|\n|upkeep\n|turn|9\n|\n|t:|1609746646\n|move|p1a: Dragonite|Dragon Dance|p1a: Dragonite\n|-boost|p1a: Dragonite|atk|1\n|-boost|p1a: Dragonite|spe|1\n|move|p2a: Zapdos|Hurricane|p1a: Dragonite\n|-damage|p1a: Dragonite|77\/100 par\n|\n|upkeep\n|turn|10\n|\n|t:|1609746664\n|switch|p2a: Rillaboom|Rillaboom, M|100\/100\n|-fieldstart|move: Grassy Terrain|[from] ability: Grassy Surge|[of] p2a: Rillaboom\n|-enditem|p2a: Rillaboom|Grassy Seed\n|-boost|p2a: Rillaboom|def|1|[from] item: Grassy Seed\n|move|p1a: Dragonite|Roost|p1a: Dragonite\n|-heal|p1a: Dragonite|100\/100 par\n|-singleturn|p1a: Dragonite|move: Roost\n|\n|upkeep\n|turn|11\n|\n|t:|1609746672\n|switch|p2a: Zapdos|Zapdos|100\/100\n|move|p1a: Dragonite|Dual Wingbeat|p2a: Zapdos|[miss]\n|-miss|p1a: Dragonite|p2a: Zapdos\n|\n|upkeep\n|turn|12\n|l| RedBluePlays\n|\n|t:|1609746680\n|switch|p2a: Nidoking|Nidoking, M|100\/100\n|cant|p1a: Dragonite|par\n|\n|upkeep\n|turn|13\n|\n|t:|1609746685\n|move|p1a: Dragonite|Earthquake|p2a: Nidoking\n|-supereffective|p2a: Nidoking\n|-damage|p2a: Nidoking|0 fnt\n|faint|p2a: Nidoking\n|\n|upkeep\n|j| WTFAlice7\n|c|\u2606Kazt_5|yeah i have like, nothing for that\n|c|\u2606Kazt_5|and specifically that\n|inactive|Kazt_5 has 120 seconds left.\n|c| OST test ee|~~zapdos~~\n|c|\u2606Kazt_5|needed it to get paralyze earlier\n|c|\u2606Kazt_5|you saw what zapdos did\n|c|\u2606Digvijay 2.0|I think Dnite is a bit Underrated\n|\n|t:|1609746733\n|switch|p2a: Zapdos|Zapdos|100\/100\n|turn|14\n|\n|t:|1609746737\n|move|p1a: Dragonite|Dual Wingbeat|p2a: Zapdos\n|-resisted|p2a: Zapdos\n|-damage|p2a: Zapdos|77\/100\n|-resisted|p2a: Zapdos\n|-damage|p2a: Zapdos|52\/100\n|-hitcount|p2a: Zapdos|2\n|move|p2a: Zapdos|Hurricane|p1a: Dragonite\n|-damage|p1a: Dragonite|78\/100 par\n|\n|-fieldend|move: Grassy Terrain\n|upkeep\n|turn|15\n|c|%NixHex|nite's really good\n|\n|t:|1609746747\n|move|p1a: Dragonite|Dual Wingbeat|p2a: Zapdos\n|-resisted|p2a: Zapdos\n|-damage|p2a: Zapdos|25\/100\n|-resisted|p2a: Zapdos\n|-damage|p2a: Zapdos|0 fnt\n|-hitcount|p2a: Zapdos|2\n|faint|p2a: Zapdos\n|\n|upkeep\n|\n|t:|1609746755\n|switch|p2a: Kartana|Kartana|100\/100\n|turn|16\n|c| OST test ee|yeah nite is nice\n|c| Ladder clip|Yk what...\n|\n|t:|1609746761\n|move|p2a: Kartana|Smart Strike|p1a: Dragonite\n|-damage|p1a: Dragonite|26\/100 par\n|move|p1a: Dragonite|Earthquake|p2a: Kartana\n|-damage|p2a: Kartana|0 fnt\n|faint|p2a: Kartana\n|\n|upkeep\n|c|%NixHex|when i see it in team preview i get that sense of foreboding, the same one i get when i see nidoking\n|\n|t:|1609746771\n|switch|p2a: Urshifu|Urshifu-Rapid-Strike, M|100\/100\n|turn|17\n|j| WJFL\n|\n|t:|1609746790\n|move|p1a: Dragonite|Earthquake|p2a: Urshifu\n|-damage|p2a: Urshifu|0 fnt\n|faint|p2a: Urshifu\n|\n|upkeep\n|c|\u2606Kazt_5|gg\n|inactive|Kazt_5 has 120 seconds left.\n|c| Ladder clip|I know the nidoking feeling\n|l| Ladder clip\n|-message|Kazt_5 forfeited.\n|\n|win|Digvijay 2.0\n|n|\u2606Digvijay 2.0|digvijay20\n|n|\u2606Kazt_5|kazt5\n|n|+NixHex|nixhex\n|n| OST test ee|osttestee\n|n| F A Mpire|fampire\n|n| WTFAlice7|wtfalice7\n|n| WJFL|wjfl\n","uploadtime":1609746806,"views":45,"p1id":"digvijay20","p2id":"kazt5","formatid":"gen8ou","rating":0,"private":0,"password":null}