{"id":"gen8ou-1096171704","p1":"friedfreak","p2":"hitmanthe","format":"gen8ou","log":"|j|\u2606friedfreak\n|j|\u2606hitmanthe\n|player|p1|friedfreak|2|1829\n|player|p2|hitmanthe|76|1837\n|teamsize|p1|6\n|teamsize|p2|6\n|gametype|singles\n|gen|8\n|tier|[Gen 8] OU\n|rated|\n|html|<div class=\"broadcast-red\"><strong>OU is currently suspecting Melmetal! For information on how to participate check out the <a href=\"https:\/\/www.smogon.com\/forums\/threads\/3662190\/\">suspect thread<\/a>.<\/strong><\/div>\n|clearpoke\n|poke|p1|Conkeldurr, M|\n|poke|p1|Toxtricity, M|\n|poke|p1|Melmetal|\n|poke|p1|Clefable, F|\n|poke|p1|Dragapult, M|\n|poke|p1|Seismitoad, M|\n|poke|p2|Hippowdon, M|\n|poke|p2|Excadrill, M|\n|poke|p2|Clefable, F|\n|poke|p2|Dragapult, F|\n|poke|p2|Kyurem|\n|poke|p2|Conkeldurr, M|\n|rule|Sleep Clause Mod: Limit one foe put to sleep\n|rule|Species Clause: Limit one of each Pok\u00e9mon\n|rule|OHKO Clause: OHKO moves are banned\n|rule|Evasion Moves Clause: Evasion moves are banned\n|rule|Endless Battle Clause: Forcing endless battles is banned\n|rule|HP Percentage Mod: HP is shown in percentages\n|rule|Dynamax Clause: You cannot dynamax\n|teampreview\n|j| DrexNau21\n|j| Spicy mann\n|\n|start\n|switch|p1a: Dragapult|Dragapult, M|100\/100\n|switch|p2a: Clefable|Clefable, F|100\/100\n|turn|1\n|c| DrexNau21|hi\n|inactive|Battle timer is ON: inactive players will automatically lose when time's up. (requested by friedfreak)\n|\n|move|p1a: Dragapult|U-turn|p2a: Clefable\n|-resisted|p2a: Clefable\n|-damage|p2a: Clefable|90\/100\n|\n|switch|p1a: Toxtricity|Toxtricity, M|100\/100|[from]move: U-turn\n|move|p2a: Clefable|Flamethrower|p1a: Toxtricity\n|-damage|p1a: Toxtricity|42\/100\n|\n|-heal|p1a: Toxtricity|49\/100|[from] item: Black Sludge\n|upkeep\n|turn|2\n|\n|switch|p2a: Dragapult|Dragapult, F|100\/100\n|move|p1a: Toxtricity|Boomburst|p2a: Dragapult\n|-immune|p2a: Dragapult\n|\n|-heal|p1a: Toxtricity|55\/100|[from] item: Black Sludge\n|upkeep\n|turn|3\n|\n|move|p2a: Dragapult|Steel Wing|p1a: Toxtricity|[miss]\n|-miss|p2a: Dragapult|p1a: Toxtricity\n|move|p1a: Toxtricity|Boomburst|p2a: Dragapult\n|-immune|p2a: Dragapult\n|\n|-heal|p1a: Toxtricity|61\/100|[from] item: Black Sludge\n|upkeep\n|turn|4\n|c| DrexNau21|what are you doing bro?\n|\n|switch|p1a: Seismitoad|Seismitoad, M|100\/100\n|move|p2a: Dragapult|Fire Blast|p1a: Seismitoad\n|-resisted|p1a: Seismitoad\n|-damage|p1a: Seismitoad|83\/100\n|-damage|p2a: Dragapult|91\/100|[from] item: Life Orb\n|\n|-heal|p1a: Seismitoad|89\/100|[from] item: Leftovers\n|upkeep\n|turn|5\n|j| Mistyu\n|\n|move|p2a: Dragapult|Dragon Darts|p1a: Seismitoad\n|-damage|p1a: Seismitoad|65\/100\n|-anim|p2a: Dragapult|Dragon Darts|p1a: Seismitoad\n|-damage|p1a: Seismitoad|39\/100\n|-damage|p2a: Dragapult|81\/100|[from] item: Life Orb\n|move|p1a: Seismitoad|Knock Off|p2a: Dragapult\n|-supereffective|p2a: Dragapult\n|-damage|p2a: Dragapult|25\/100\n|-enditem|p2a: Dragapult|Life Orb|[from] move: Knock Off|[of] p1a: Seismitoad\n|\n|-heal|p1a: Seismitoad|45\/100|[from] item: Leftovers\n|upkeep\n|turn|6\n|\n|switch|p1a: Clefable|Clefable, F|100\/100\n|move|p2a: Dragapult|Dragon Dance|p2a: Dragapult\n|-boost|p2a: Dragapult|atk|1\n|-boost|p2a: Dragapult|spe|1\n|\n|upkeep\n|turn|7\n|\n|move|p2a: Dragapult|Steel Wing|p1a: Clefable\n|-supereffective|p1a: Clefable\n|-damage|p1a: Clefable|42\/100\n|move|p1a: Clefable|Moonblast|p2a: Dragapult\n|-supereffective|p2a: Dragapult\n|-damage|p2a: Dragapult|0 fnt\n|faint|p2a: Dragapult\n|\n|-heal|p1a: Clefable|48\/100|[from] item: Leftovers\n|upkeep\n|j| Davidoar15\n|j| city shining\n|j| PlsNoSalamance\n|\n|switch|p2a: Kyurem|Kyurem|100\/100\n|-ability|p2a: Kyurem|Pressure\n|turn|8\n|\n|switch|p1a: Melmetal|Melmetal|100\/100\n|move|p2a: Kyurem|Ice Beam|p1a: Melmetal\n|-resisted|p1a: Melmetal\n|-damage|p1a: Melmetal|83\/100\n|\n|upkeep\n|turn|9\n|c| DrexNau21|Hii!! :D\n|\n|switch|p2a: Hippowdon|Hippowdon, M|100\/100\n|-weather|Sandstorm|[from] ability: Sand Stream|[of] p2a: Hippowdon\n|move|p1a: Melmetal|Double Iron Bash|p2a: Hippowdon\n|-damage|p2a: Hippowdon|83\/100\n|-damage|p2a: Hippowdon|66\/100\n|-hitcount|p2a: Hippowdon|2\n|\n|-weather|Sandstorm|[upkeep]\n|upkeep\n|turn|10\n|\n|move|p2a: Hippowdon|Stealth Rock|p1a: Melmetal\n|-sidestart|p1: friedfreak|move: Stealth Rock\n|move|p1a: Melmetal|Double Iron Bash|p2a: Hippowdon\n|-damage|p2a: Hippowdon|45\/100\n|-damage|p2a: Hippowdon|24\/100\n|-hitcount|p2a: Hippowdon|2\n|\n|-weather|Sandstorm|[upkeep]\n|upkeep\n|turn|11\n|\n|switch|p2a: Conkeldurr|Conkeldurr, M|100\/100\n|switch|p1a: Seismitoad|Seismitoad, M|45\/100\n|-damage|p1a: Seismitoad|39\/100|[from] Stealth Rock\n|\n|-weather|Sandstorm|[upkeep]\n|-damage|p2a: Conkeldurr|94\/100|[from] Sandstorm\n|-heal|p1a: Seismitoad|45\/100|[from] item: Leftovers\n|-status|p2a: Conkeldurr|brn|[from] item: Flame Orb\n|upkeep\n|turn|12\n|\n|switch|p1a: Clefable|Clefable, F|48\/100\n|move|p2a: Conkeldurr|Facade|p1a: Clefable\n|-damage|p1a: Clefable|0 fnt\n|faint|p1a: Clefable\n|\n|-weather|Sandstorm|[upkeep]\n|-damage|p2a: Conkeldurr|88\/100 brn|[from] Sandstorm\n|-damage|p2a: Conkeldurr|82\/100 brn|[from] brn\n|upkeep\n|\n|switch|p1a: Toxtricity|Toxtricity, M|61\/100\n|-damage|p1a: Toxtricity|49\/100|[from] Stealth Rock\n|turn|13\n|\n|move|p1a: Toxtricity|Boomburst|p2a: Conkeldurr\n|-damage|p2a: Conkeldurr|2\/100 brn\n|move|p2a: Conkeldurr|Facade|p1a: Toxtricity\n|-damage|p1a: Toxtricity|0 fnt\n|faint|p1a: Toxtricity\n|\n|-weather|Sandstorm|[upkeep]\n|-damage|p2a: Conkeldurr|0 fnt|[from] Sandstorm\n|faint|p2a: Conkeldurr\n|upkeep\n|\n|switch|p1a: Conkeldurr|Conkeldurr, M|100\/100\n|switch|p2a: Excadrill|Excadrill, M|100\/100\n|-damage|p1a: Conkeldurr|95\/100|[from] Stealth Rock\n|turn|14\n|\n|switch|p2a: Clefable|Clefable, F|90\/100\n|move|p1a: Conkeldurr|Close Combat|p2a: Clefable\n|-resisted|p2a: Clefable\n|-damage|p2a: Clefable|38\/100\n|-unboost|p1a: Conkeldurr|def|1\n|-unboost|p1a: Conkeldurr|spd|1\n|\n|-weather|Sandstorm|[upkeep]\n|-damage|p1a: Conkeldurr|89\/100|[from] Sandstorm\n|-status|p1a: Conkeldurr|brn|[from] item: Flame Orb\n|upkeep\n|turn|15\n|\n|switch|p1a: Melmetal|Melmetal|83\/100\n|-damage|p1a: Melmetal|77\/100|[from] Stealth Rock\n|move|p2a: Clefable|Flamethrower|p1a: Melmetal\n|-supereffective|p1a: Melmetal\n|-damage|p1a: Melmetal|41\/100\n|\n|-weather|Sandstorm|[upkeep]\n|upkeep\n|turn|16\n|inactive|hitmanthe has 120 seconds left.\n|\n|switch|p2a: Kyurem|Kyurem|100\/100\n|-ability|p2a: Kyurem|Pressure\n|move|p1a: Melmetal|Double Iron Bash|p2a: Kyurem\n|-supereffective|p2a: Kyurem\n|-damage|p2a: Kyurem|34\/100\n|-supereffective|p2a: Kyurem\n|-damage|p2a: Kyurem|0 fnt\n|-hitcount|p2a: Kyurem|2\n|faint|p2a: Kyurem\n|\n|-weather|none\n|upkeep\n|\n|switch|p2a: Hippowdon|Hippowdon, M|24\/100\n|-weather|Sandstorm|[from] ability: Sand Stream|[of] p2a: Hippowdon\n|turn|17\n|\n|switch|p1a: Seismitoad|Seismitoad, M|45\/100\n|-damage|p1a: Seismitoad|39\/100|[from] Stealth Rock\n|move|p2a: Hippowdon|Earthquake|p1a: Seismitoad\n|-damage|p1a: Seismitoad|14\/100\n|\n|-weather|Sandstorm|[upkeep]\n|-heal|p1a: Seismitoad|20\/100|[from] item: Leftovers\n|upkeep\n|turn|18\n|l| PlsNoSalamance\n|\n|move|p1a: Seismitoad|Scald|p2a: Hippowdon\n|-supereffective|p2a: Hippowdon\n|-damage|p2a: Hippowdon|0 fnt\n|faint|p2a: Hippowdon\n|\n|-weather|Sandstorm|[upkeep]\n|-heal|p1a: Seismitoad|26\/100|[from] item: Leftovers\n|upkeep\n|j| Fuegoss\n|\n|switch|p2a: Clefable|Clefable, F|38\/100\n|turn|19\n|\n|move|p2a: Clefable|Moonblast|p1a: Seismitoad\n|-damage|p1a: Seismitoad|0 fnt\n|faint|p1a: Seismitoad\n|\n|-weather|Sandstorm|[upkeep]\n|upkeep\n|\n|switch|p1a: Dragapult|Dragapult, M|100\/100\n|-damage|p1a: Dragapult|88\/100|[from] Stealth Rock\n|turn|20\n|\n|switch|p2a: Excadrill|Excadrill, M|100\/100\n|move|p1a: Dragapult|Shadow Ball|p2a: Excadrill\n|-damage|p2a: Excadrill|55\/100\n|\n|-weather|Sandstorm|[upkeep]\n|-damage|p1a: Dragapult|82\/100|[from] Sandstorm\n|upkeep\n|turn|21\n|\n|switch|p1a: Melmetal|Melmetal|41\/100\n|-damage|p1a: Melmetal|35\/100|[from] Stealth Rock\n|move|p2a: Excadrill|Earthquake|p1a: Melmetal\n|-supereffective|p1a: Melmetal\n|-damage|p1a: Melmetal|0 fnt\n|-damage|p2a: Excadrill|45\/100|[from] item: Life Orb\n|faint|p1a: Melmetal\n|\n|-weather|Sandstorm|[upkeep]\n|upkeep\n|j| AyariFuentes\n|\n|switch|p1a: Conkeldurr|Conkeldurr, M|89\/100 brn\n|-damage|p1a: Conkeldurr|83\/100 brn|[from] Stealth Rock\n|turn|22\n|\n|move|p1a: Conkeldurr|Mach Punch|p2a: Excadrill\n|-supereffective|p2a: Excadrill\n|-damage|p2a: Excadrill|0 fnt\n|faint|p2a: Excadrill\n|\n|-weather|Sandstorm|[upkeep]\n|-damage|p1a: Conkeldurr|77\/100 brn|[from] Sandstorm\n|-damage|p1a: Conkeldurr|71\/100 brn|[from] brn\n|upkeep\n|\n|switch|p2a: Clefable|Clefable, F|38\/100\n|turn|23\n|\n|move|p1a: Conkeldurr|Mach Punch|p2a: Clefable\n|-resisted|p2a: Clefable\n|-damage|p2a: Clefable|13\/100\n|move|p2a: Clefable|Moonblast|p1a: Conkeldurr\n|-supereffective|p1a: Conkeldurr\n|-damage|p1a: Conkeldurr|0 fnt\n|faint|p1a: Conkeldurr\n|\n|-weather|Sandstorm|[upkeep]\n|upkeep\n|c| DrexNau21|GG\n|\n|switch|p1a: Dragapult|Dragapult, M|82\/100\n|-damage|p1a: Dragapult|70\/100|[from] Stealth Rock\n|turn|24\n|\n|move|p1a: Dragapult|Shadow Ball|p2a: Clefable\n|-damage|p2a: Clefable|0 fnt\n|faint|p2a: Clefable\n|\n|win|friedfreak\n|l|\u2606hitmanthe\n|l|\u2606friedfreak\n|c| Fuegoss|why\n|c| Fuegoss|softboiled\n|c| Fuegoss|and then\n|c| Fuegoss|moonblast\n|l| Davidoar15\n|c| Fuegoss|l\n|c| AyariFuentes|you dumb\n|l| AyariFuentes\n|l| Fuegoss\n|raw|friedfreak's rating: 1848 &rarr; <strong>1867<\/strong><br \/>(+19 for winning)\n|raw|hitmanthe's rating: 1838 &rarr; <strong>1818<\/strong><br \/>(-20 for losing)\n|c| DrexNau21|dragapult is fastet\n|l| DrexNau21\n|l| Spicy mann\n|l| Mistyu\n","uploadtime":1586816606,"views":62,"p1id":"friedfreak","p2id":"hitmanthe","formatid":"gen8ou","rating":1818,"private":0,"password":null}