{"id":"gen8nationaldexag-1706966724","p1":"cllout","p2":"gonzoliffs","format":"gen8nationaldexag","log":"|j|\u2606cllout\n|j|\u2606gonzoliffs\n|t:|1668037165\n|gametype|singles\n|player|p1|cllout|misty-lgpe|1607\n|player|p2|gonzoliffs|102|1535\n|teamsize|p1|6\n|teamsize|p2|6\n|gen|8\n|tier|[Gen 8] National Dex AG\n|rated|\n|rule|HP Percentage Mod: HP is shown in percentages\n|rule|Endless Battle Clause: Forcing endless battles is banned\n|clearpoke\n|poke|p1|Rayquaza|\n|poke|p1|Groudon|\n|poke|p1|Necrozma-Dusk-Mane|\n|poke|p1|Calyrex-Shadow|\n|poke|p1|Yveltal|\n|poke|p1|Marshadow|\n|poke|p2|Groudon|\n|poke|p2|Rayquaza|\n|poke|p2|Regieleki|\n|poke|p2|Ditto|\n|poke|p2|Vivillon, F|\n|poke|p2|Krookodile, M|\n|teampreview\n|inactive|Battle timer is ON: inactive players will automatically lose when time's up. (requested by cllout)\n|inactive|cllout has 120 seconds left.\n|\n|t:|1668037199\n|start\n|switch|p1a: Calyrex|Calyrex-Shadow|100\/100\n|switch|p2a: Groudon|Groudon|100\/100\n|-ability|p1a: Calyrex|As One\n|-ability|p1a: Calyrex|Unnerve\n|detailschange|p2a: Groudon|Groudon-Primal\n|-primal|p2a: Groudon\n|-weather|DesolateLand|[from] ability: Desolate Land|[of] p2a: Groudon\n|turn|1\n|\n|t:|1668037210\n|move|p1a: Calyrex|Nasty Plot|p1a: Calyrex\n|-boost|p1a: Calyrex|spa|2\n|move|p2a: Groudon|Rock Tomb|p1a: Calyrex\n|-damage|p1a: Calyrex|66\/100\n|-unboost|p1a: Calyrex|spe|1\n|\n|-weather|DesolateLand|[upkeep]\n|upkeep\n|turn|2\n|\n|t:|1668037221\n|-weather|none\n|switch|p2a: Inmate 69|Krookodile, M|100\/100\n|move|p1a: Calyrex|Astral Barrage|p2a: Inmate 69\n|-resisted|p2a: Inmate 69\n|-damage|p2a: Inmate 69|1\/100\n|\n|upkeep\n|turn|3\n|\n|t:|1668037239\n|switch|p1a: Necrozma|Necrozma-Dusk-Mane|100\/100\n|move|p2a: Inmate 69|Knock Off|p1a: Necrozma\n|-supereffective|p1a: Necrozma\n|-damage|p1a: Necrozma|49\/100\n|-enditem|p1a: Necrozma|Weakness Policy\n|-boost|p1a: Necrozma|atk|2|[from] item: Weakness Policy\n|-boost|p1a: Necrozma|spa|2|[from] item: Weakness Policy\n|\n|upkeep\n|turn|4\n|\n|t:|1668037257\n|-start|p1a: Necrozma|Dynamax|\n|-heal|p1a: Necrozma|49\/100|[silent]\n|move|p2a: Inmate 69|Knock Off|p1a: Necrozma\n|-supereffective|p1a: Necrozma\n|-damage|p1a: Necrozma|33\/100\n|move|p1a: Necrozma|Max Steelspike|p2a: Inmate 69\n|-damage|p2a: Inmate 69|0 fnt\n|-boost|p1a: Necrozma|def|1\n|faint|p2a: Inmate 69\n|\n|upkeep\n|inactive|gonzoliffs has 120 seconds left.\n|\n|t:|1668037288\n|switch|p2a: Ditto|Ditto|100\/100\n|-transform|p2a: Ditto|p1a: Necrozma|[from] ability: Imposter\n|turn|5\n|inactive|gonzoliffs has 120 seconds left.\n|\n|t:|1668037298\n|-end|p1a: Necrozma|Dynamax\n|-heal|p1a: Necrozma|33\/100|[silent]\n|switch|p1a: Yveltal|Yveltal, shiny|100\/100\n|-ability|p1a: Yveltal|Dark Aura\n|-start|p2a: Ditto|Dynamax|\n|-heal|p2a: Ditto|100\/100|[silent]\n|move|p2a: Ditto|Max Quake|p1a: Yveltal\n|-immune|p1a: Yveltal\n|\n|upkeep\n|turn|6\n|\n|t:|1668037306\n|move|p1a: Yveltal|Knock Off|p2a: Ditto\n|-supereffective|p2a: Ditto\n|-damage|p2a: Ditto|80\/100\n|-enditem|p2a: Ditto|Choice Scarf|[from] move: Knock Off|[of] p1a: Yveltal\n|move|p2a: Ditto|Max Rockfall|p1a: Yveltal\n|-supereffective|p1a: Yveltal\n|-damage|p1a: Yveltal|0 fnt\n|-weather|Sandstorm\n|faint|p1a: Yveltal\n|\n|-weather|Sandstorm|[upkeep]\n|upkeep\n|\n|t:|1668037323\n|switch|p1a: Marshadow|Marshadow|100\/100\n|turn|7\n|\n|t:|1668037335\n|move|p1a: Marshadow|Spectral Thief||[still]\n|-clearpositiveboost|p2a: Ditto|p1a: Marshadow|move: Spectral Thief\n|-boost|p1a: Marshadow|atk|2\n|-boost|p1a: Marshadow|def|1\n|-boost|p1a: Marshadow|spa|2\n|-anim|p1a: Marshadow|Spectral Thief|p2a: Ditto\n|-supereffective|p2a: Ditto\n|-damage|p2a: Ditto|28\/100\n|move|p2a: Ditto|Max Quake|p1a: Marshadow\n|-damage|p1a: Marshadow|50\/100\n|-boost|p2a: Ditto|spd|1\n|\n|-weather|Sandstorm|[upkeep]\n|-damage|p1a: Marshadow|43\/100|[from] Sandstorm\n|upkeep\n|-end|p2a: Ditto|Dynamax\n|-heal|p2a: Ditto|28\/100|[silent]\n|turn|8\n|inactive|gonzoliffs has 120 seconds left.\n|\n|t:|1668037369\n|switch|p2a: Groudon|Groudon-Primal|100\/100\n|-weather|DesolateLand|[from] ability: Desolate Land|[of] p2a: Groudon\n|move|p1a: Marshadow|Spectral Thief|p2a: Groudon\n|-damage|p2a: Groudon|36\/100\n|\n|-weather|DesolateLand|[upkeep]\n|upkeep\n|turn|9\n|inactive|gonzoliffs has 120 seconds left.\n|\n|t:|1668037385\n|move|p1a: Marshadow|Drain Punch|p2a: Groudon\n|-damage|p2a: Groudon|0 fnt\n|-heal|p1a: Marshadow|62\/100|[from] drain|[of] p2a: Groudon\n|faint|p2a: Groudon\n|-weather|none\n|\n|upkeep\n|inactive|gonzoliffs has 120 seconds left.\n|\n|t:|1668037390\n|switch|p2a: Ditto|Ditto|28\/100\n|-transform|p2a: Ditto|p1a: Marshadow|[from] ability: Imposter\n|turn|10\n|\n|t:|1668037402\n|move|p2a: Ditto|Shadow Sneak|p1a: Marshadow\n|-supereffective|p1a: Marshadow\n|-damage|p1a: Marshadow|0 fnt\n|faint|p1a: Marshadow\n|\n|upkeep\n|inactive|cllout has 120 seconds left.\n|\n|t:|1668037423\n|switch|p1a: Groudon|Groudon|100\/100\n|detailschange|p1a: Groudon|Groudon-Primal\n|-primal|p1a: Groudon\n|-weather|DesolateLand|[from] ability: Desolate Land|[of] p1a: Groudon\n|turn|11\n|\n|t:|1668037437\n|switch|p2a: Vivillon|Vivillon, F|100\/100\n|move|p1a: Groudon|Precipice Blades|p2a: Vivillon\n|-immune|p2a: Vivillon\n|\n|-weather|DesolateLand|[upkeep]\n|upkeep\n|turn|12\n|inactive|cllout has 120 seconds left.\n|\n|t:|1668037457\n|move|p2a: Vivillon|Sleep Powder|p1a: Groudon\n|-status|p1a: Groudon|slp|[from] move: Sleep Powder\n|cant|p1a: Groudon|slp\n|\n|-weather|DesolateLand|[upkeep]\n|upkeep\n|turn|13\n|\n|t:|1668037471\n|move|p2a: Vivillon|Quiver Dance|p2a: Vivillon\n|-boost|p2a: Vivillon|spa|1\n|-boost|p2a: Vivillon|spd|1\n|-boost|p2a: Vivillon|spe|1\n|-curestatus|p1a: Groudon|slp|[msg]\n|move|p1a: Groudon|Stone Edge|p2a: Vivillon\n|-supereffective|p2a: Vivillon\n|-damage|p2a: Vivillon|0 fnt\n|faint|p2a: Vivillon\n|\n|-weather|DesolateLand|[upkeep]\n|upkeep\n|\n|t:|1668037482\n|switch|p2a: Rayquaza|Rayquaza, shiny|100\/100\n|-ability|p2a: Rayquaza|Air Lock\n|turn|14\n|\n|t:|1668037489\n|detailschange|p2a: Rayquaza|Rayquaza-Mega, shiny\n|-mega|p2a: Rayquaza|Rayquaza|\n|-weather|DeltaStream|[from] ability: Delta Stream|[of] p2a: Rayquaza\n|move|p2a: Rayquaza|Dragon Dance|p2a: Rayquaza\n|-boost|p2a: Rayquaza|atk|1\n|-boost|p2a: Rayquaza|spe|1\n|move|p1a: Groudon|Thunder Wave|p2a: Rayquaza\n|-status|p2a: Rayquaza|par\n|\n|-weather|DeltaStream|[upkeep]\n|upkeep\n|turn|15\n|\n|t:|1668037500\n|move|p2a: Rayquaza|Earthquake|p1a: Groudon\n|-supereffective|p1a: Groudon\n|-damage|p1a: Groudon|32\/100\n|move|p1a: Groudon|Stealth Rock|p2a: Rayquaza\n|-sidestart|p2: gonzoliffs|move: Stealth Rock\n|\n|-weather|DeltaStream|[upkeep]\n|upkeep\n|turn|16\n|\n|t:|1668037512\n|move|p2a: Rayquaza|Earthquake|p1a: Groudon\n|-supereffective|p1a: Groudon\n|-damage|p1a: Groudon|0 fnt\n|faint|p1a: Groudon\n|\n|-weather|DeltaStream|[upkeep]\n|upkeep\n|inactive|cllout has 120 seconds left.\n|\n|t:|1668037567\n|switch|p1a: Necrozma|Necrozma-Dusk-Mane|33\/100\n|turn|17\n|\n|t:|1668037578\n|cant|p2a: Rayquaza|par\n|move|p1a: Necrozma|Stone Edge|p2a: Rayquaza\n|-activate||deltastream\n|-crit|p2a: Rayquaza\n|-damage|p2a: Rayquaza|37\/100 par\n|\n|-weather|DeltaStream|[upkeep]\n|upkeep\n|turn|18\n|\n|t:|1668037585\n|move|p2a: Rayquaza|Earthquake|p1a: Necrozma\n|-supereffective|p1a: Necrozma\n|-damage|p1a: Necrozma|0 fnt\n|faint|p1a: Necrozma\n|\n|-weather|DeltaStream|[upkeep]\n|upkeep\n|\n|t:|1668037596\n|switch|p1a: Rayquaza|Rayquaza|100\/100\n|-ability|p1a: Rayquaza|Air Lock\n|turn|19\n|\n|t:|1668037605\n|detailschange|p1a: Rayquaza|Rayquaza-Mega\n|-mega|p1a: Rayquaza|Rayquaza|\n|move|p2a: Rayquaza|Extreme Speed|p1a: Rayquaza\n|-damage|p1a: Rayquaza|44\/100\n|move|p1a: Rayquaza|Dragon Ascent|p2a: Rayquaza\n|-damage|p2a: Rayquaza|0 fnt\n|-unboost|p1a: Rayquaza|def|1\n|-unboost|p1a: Rayquaza|spd|1\n|faint|p2a: Rayquaza\n|\n|-weather|DeltaStream|[upkeep]\n|upkeep\n|\n|t:|1668037629\n|switch|p2a: Ditto|Ditto|28\/100\n|-damage|p2a: Ditto|15\/100|[from] Stealth Rock\n|-transform|p2a: Ditto|p1a: Rayquaza|[from] ability: Imposter\n|turn|20\n|inactive|cllout has 120 seconds left.\n|\n|t:|1668037657\n|switch|p1a: Calyrex|Calyrex-Shadow|66\/100\n|-ability|p1a: Calyrex|As One\n|-ability|p1a: Calyrex|Unnerve\n|move|p2a: Ditto|Extreme Speed|p1a: Calyrex\n|-immune|p1a: Calyrex\n|\n|-weather|DeltaStream|[upkeep]\n|upkeep\n|turn|21\n|\n|t:|1668037666\n|move|p1a: Calyrex|Astral Barrage|p2a: Ditto\n|-damage|p2a: Ditto|0 fnt\n|faint|p2a: Ditto\n|-weather|none\n|-ability|p1a: Calyrex|Grim Neigh|boost\n|-boost|p1a: Calyrex|spa|1\n|\n|upkeep\n|\n|t:|1668037668\n|switch|p2a: C4|Regieleki|100\/100\n|-damage|p2a: C4|88\/100|[from] Stealth Rock\n|turn|22\n|\n|t:|1668037680\n|move|p2a: C4|Wild Charge|p1a: Calyrex\n|-damage|p1a: Calyrex|0 fnt\n|faint|p1a: Calyrex\n|-damage|p2a: C4|70\/100|[from] Recoil\n|-damage|p2a: C4|60\/100|[from] item: Life Orb\n|\n|upkeep\n|\n|t:|1668037685\n|switch|p1a: Rayquaza|Rayquaza-Mega|44\/100\n|-weather|DeltaStream|[from] ability: Delta Stream|[of] p1a: Rayquaza\n|turn|23\n|inactive|cllout has 120 seconds left.\n|\n|t:|1668037692\n|move|p1a: Rayquaza|Extreme Speed|p2a: C4\n|-damage|p2a: C4|0 fnt\n|faint|p2a: C4\n|\n|win|cllout\n|raw|cllout's rating: 1607 &rarr; <strong>1623<\/strong><br \/>(+16 for winning)\n|raw|gonzoliffs's rating: 1535 &rarr; <strong>1519<\/strong><br \/>(-16 for losing)\n|l|\u2606gonzoliffs\n|c|\u2606cllout|gg\n","uploadtime":1668037709,"views":4,"p1id":"cllout","p2id":"gonzoliffs","formatid":"gen8nationaldexag","rating":1519,"private":0,"password":null}