{"id":"gen8ou-1703923305","p1":"Sombra Diurna","p2":"Steez Ibanez","format":"gen8ou","log":"|j|\u2606Sombra Diurna\n|j|\u2606Steez Ibanez\n|t:|1667712933\n|gametype|singles\n|player|p1|Sombra Diurna|blue|1783\n|player|p2|Steez Ibanez|acetrainer-gen7|1819\n|teamsize|p1|6\n|teamsize|p2|6\n|gen|8\n|tier|[Gen 8] OU\n|rated|\n|rule|Sleep Clause Mod: Limit one foe put to sleep\n|rule|Species Clause: Limit one of each Pok\u00e9mon\n|rule|OHKO Clause: OHKO moves are banned\n|rule|Evasion Items Clause: Evasion items are banned\n|rule|Evasion Moves Clause: Evasion moves are banned\n|rule|Endless Battle Clause: Forcing endless battles is banned\n|rule|HP Percentage Mod: HP is shown in percentages\n|rule|Dynamax Clause: You cannot dynamax\n|clearpoke\n|poke|p1|Slowbro, F|\n|poke|p1|Hatterene, F|\n|poke|p1|Marowak-Alola, M|\n|poke|p1|Ferrothorn, M|\n|poke|p1|Garchomp, F|\n|poke|p1|Drampa, M|\n|poke|p2|Zeraora|\n|poke|p2|Weezing-Galar, M|\n|poke|p2|Gastrodon-East, M|\n|poke|p2|Ferrothorn, M|\n|poke|p2|Zapdos|\n|poke|p2|Heatran, M|\n|teampreview\n|inactive|Battle timer is ON: inactive players will automatically lose when time's up. (requested by Steez Ibanez)\n|\n|t:|1667712947\n|start\n|switch|p1a: Billy B.|Marowak-Alola, M|100\/100\n|switch|p2a: Speedwagon|Weezing-Galar, M|100\/100\n|turn|1\n|\n|t:|1667712957\n|move|p1a: Billy B.|Poltergeist|p2a: Speedwagon\n|-activate|p2a: Speedwagon|move: Poltergeist|Black Sludge\n|-damage|p2a: Speedwagon|39\/100\n|move|p2a: Speedwagon|Toxic Spikes|p1a: Billy B.\n|-sidestart|p1: Sombra Diurna|move: Toxic Spikes\n|\n|-heal|p2a: Speedwagon|45\/100|[from] item: Black Sludge\n|upkeep\n|turn|2\n|\n|t:|1667712968\n|switch|p2a: Hephaestus|Heatran, M|100\/100\n|-item|p2a: Hephaestus|Air Balloon\n|move|p1a: Billy B.|Substitute|p1a: Billy B.\n|-start|p1a: Billy B.|Substitute\n|-damage|p1a: Billy B.|76\/100\n|\n|upkeep\n|turn|3\n|\n|t:|1667712975\n|move|p2a: Hephaestus|Earth Power|p1a: Billy B.\n|-supereffective|p1a: Billy B.\n|-end|p1a: Billy B.|Substitute\n|move|p1a: Billy B.|Poltergeist|p2a: Hephaestus\n|-activate|p2a: Hephaestus|move: Poltergeist|Air Balloon\n|-damage|p2a: Hephaestus|13\/100\n|-enditem|p2a: Hephaestus|Air Balloon\n|\n|upkeep\n|turn|4\n|j| zttyt\n|\n|t:|1667712989\n|switch|p1a: Gorra|Hatterene, F|100\/100\n|-status|p1a: Gorra|psn\n|move|p2a: Hephaestus|Earth Power|p1a: Gorra\n|-damage|p1a: Gorra|72\/100 psn\n|\n|-damage|p1a: Gorra|60\/100 psn|[from] psn\n|upkeep\n|turn|5\n|\n|t:|1667712997\n|move|p2a: Hephaestus|Magma Storm|p1a: Gorra\n|-damage|p1a: Gorra|11\/100 psn\n|-activate|p1a: Gorra|move: Magma Storm|[of] p2a: Hephaestus\n|move|p1a: Gorra|Trick Room|p1a: Gorra\n|-fieldstart|move: Trick Room|[of] p1a: Gorra\n|\n|-damage|p1a: Gorra|0 fnt|[from] psn\n|faint|p1a: Gorra\n|upkeep\n|\n|t:|1667713005\n|switch|p1a: Falko|Drampa, M|100\/100\n|-status|p1a: Falko|psn\n|turn|6\n|\n|t:|1667713010\n|switch|p2a: Gary|Gastrodon-East, M, shiny|100\/100\n|move|p1a: Falko|Focus Blast|p2a: Gary|[miss]\n|-miss|p1a: Falko|p2a: Gary\n|\n|-damage|p1a: Falko|88\/100 psn|[from] psn\n|upkeep\n|turn|7\n|\n|t:|1667713018\n|switch|p1a: Thorns|Ferrothorn, M|100\/100\n|switch|p2a: Hephaestus|Heatran, M|13\/100\n|\n|upkeep\n|turn|8\n|\n|t:|1667713025\n|move|p1a: Thorns|Stealth Rock|p2a: Hephaestus\n|-sidestart|p2: Steez Ibanez|move: Stealth Rock\n|move|p2a: Hephaestus|Magma Storm|p1a: Thorns\n|-supereffective|p1a: Thorns\n|-damage|p1a: Thorns|0 fnt\n|faint|p1a: Thorns\n|\n|upkeep\n|inactive|Sombra Diurna has 120 seconds left.\n|\n|t:|1667713056\n|switch|p1a: Sonso|Slowbro, F|100\/100\n|-status|p1a: Sonso|psn\n|turn|9\n|j| Skinnybiscuit\n|\n|t:|1667713066\n|move|p1a: Sonso|Body Press|p2a: Hephaestus\n|-supereffective|p2a: Hephaestus\n|-damage|p2a: Hephaestus|0 fnt\n|faint|p2a: Hephaestus\n|\n|-damage|p1a: Sonso|88\/100 psn|[from] psn\n|-fieldend|move: Trick Room\n|upkeep\n|j| FENDINI\n|\n|t:|1667713073\n|switch|p2a: Bolt|Zapdos|100\/100\n|turn|10\n|j| LindsayDavenPORK\n|\n|t:|1667713085\n|switch|p1a: Falko|Drampa, M|88\/100 psn\n|move|p2a: Bolt|Volt Switch|p1a: Falko\n|-resisted|p1a: Falko\n|-damage|p1a: Falko|72\/100 psn\n|\n|t:|1667713089\n|switch|p2a: Jotaro|Zeraora|100\/100|[from]move: Volt Switch\n|\n|-damage|p1a: Falko|60\/100 psn|[from] psn\n|upkeep\n|turn|11\n|j| gold bottle\n|\n|t:|1667713099\n|switch|p1a: Sonso|Slowbro, F|100\/100 psn\n|move|p2a: Jotaro|Close Combat|p1a: Sonso\n|-resisted|p1a: Sonso\n|-damage|p1a: Sonso|90\/100 psn\n|-unboost|p2a: Jotaro|def|1\n|-unboost|p2a: Jotaro|spd|1\n|\n|-damage|p1a: Sonso|78\/100 psn|[from] psn\n|upkeep\n|turn|12\n|\n|t:|1667713110\n|move|p2a: Jotaro|Taunt|p1a: Sonso\n|-start|p1a: Sonso|move: Taunt\n|move|p1a: Sonso|Scald|p2a: Jotaro\n|-damage|p2a: Jotaro|48\/100\n|\n|-damage|p1a: Sonso|65\/100 psn|[from] psn\n|upkeep\n|turn|13\n|\n|t:|1667713121\n|move|p2a: Jotaro|Plasma Fists|p1a: Sonso\n|-supereffective|p1a: Sonso\n|-damage|p1a: Sonso|13\/100 psn\n|-fieldactivate|move: Ion Deluge\n|-hint|Normal-type moves become Electric-type after using Plasma Fists.\n|move|p1a: Sonso|Scald|p2a: Jotaro\n|-damage|p2a: Jotaro|0 fnt\n|faint|p2a: Jotaro\n|\n|-damage|p1a: Sonso|1\/100 psn|[from] psn\n|upkeep\n|\n|t:|1667713135\n|switch|p2a: Abomination|Ferrothorn, M|100\/100\n|-damage|p2a: Abomination|95\/100|[from] Stealth Rock\n|turn|14\n|\n|t:|1667713142\n|switch|p1a: Falko|Drampa, M|60\/100 psn\n|move|p2a: Abomination|Knock Off|p1a: Falko\n|-damage|p1a: Falko|37\/100 psn\n|-enditem|p1a: Falko|Expert Belt|[from] move: Knock Off|[of] p2a: Abomination\n|-ability|p1a: Falko|Berserk|boost\n|-boost|p1a: Falko|spa|1\n|\n|-damage|p1a: Falko|24\/100 psn|[from] psn\n|upkeep\n|turn|15\n|j| ygvbnh\n|\n|t:|1667713153\n|switch|p2a: Gary|Gastrodon-East, M, shiny|100\/100\n|move|p1a: Falko|Roost|p1a: Falko\n|-heal|p1a: Falko|75\/100 psn\n|-singleturn|p1a: Falko|move: Roost\n|\n|-damage|p1a: Falko|62\/100 psn|[from] psn\n|upkeep\n|turn|16\n|\n|t:|1667713159\n|move|p2a: Gary|Clear Smog|p1a: Falko\n|-damage|p1a: Falko|51\/100 psn\n|-clearboost|p1a: Falko\n|move|p1a: Falko|Roost|p1a: Falko\n|-heal|p1a: Falko|100\/100 psn\n|-singleturn|p1a: Falko|move: Roost\n|\n|-damage|p1a: Falko|88\/100 psn|[from] psn\n|upkeep\n|turn|17\n|\n|t:|1667713169\n|move|p2a: Gary|Earthquake|p1a: Falko\n|-damage|p1a: Falko|56\/100 psn\n|move|p1a: Falko|Focus Blast|p2a: Gary\n|-damage|p2a: Gary|72\/100\n|-unboost|p2a: Gary|spd|1\n|\n|-damage|p1a: Falko|43\/100 psn|[from] psn\n|upkeep\n|turn|18\n|\n|t:|1667713178\n|switch|p2a: Speedwagon|Weezing-Galar, M|45\/100\n|-damage|p2a: Speedwagon|32\/100|[from] Stealth Rock\n|move|p1a: Falko|Roost|p1a: Falko\n|-heal|p1a: Falko|94\/100 psn\n|-singleturn|p1a: Falko|move: Roost\n|\n|-heal|p2a: Speedwagon|38\/100|[from] item: Black Sludge\n|-damage|p1a: Falko|81\/100 psn|[from] psn\n|upkeep\n|turn|19\n|\n|t:|1667713186\n|move|p2a: Speedwagon|Strange Steam|p1a: Falko\n|-supereffective|p1a: Falko\n|-damage|p1a: Falko|23\/100 psn\n|-ability|p1a: Falko|Berserk|boost\n|-boost|p1a: Falko|spa|1\n|move|p1a: Falko|Ice Beam|p2a: Speedwagon\n|-damage|p2a: Speedwagon|0 fnt\n|faint|p2a: Speedwagon\n|\n|-damage|p1a: Falko|11\/100 psn|[from] psn\n|upkeep\n|\n|t:|1667713195\n|switch|p2a: Bolt|Zapdos|100\/100\n|turn|20\n|j| Tsukimizaka Kiriha\n|\n|t:|1667713207\n|switch|p1a: Sonso|Slowbro, F|34\/100 psn\n|move|p2a: Bolt|Heat Wave|p1a: Sonso\n|-resisted|p1a: Sonso\n|-damage|p1a: Sonso|21\/100 psn\n|\n|-damage|p1a: Sonso|9\/100 psn|[from] psn\n|upkeep\n|turn|21\n|\n|t:|1667713214\n|move|p2a: Bolt|Heat Wave|p1a: Sonso\n|-resisted|p1a: Sonso\n|-damage|p1a: Sonso|0 fnt\n|faint|p1a: Sonso\n|\n|upkeep\n|\n|t:|1667713219\n|switch|p1a: Sharpo|Garchomp, F|100\/100\n|-status|p1a: Sharpo|psn\n|turn|22\n|\n|t:|1667713230\n|switch|p2a: Abomination|Ferrothorn, M|95\/100\n|-damage|p2a: Abomination|89\/100|[from] Stealth Rock\n|move|p1a: Sharpo|Swords Dance|p1a: Sharpo\n|-boost|p1a: Sharpo|atk|2\n|\n|-damage|p1a: Sharpo|88\/100 psn|[from] psn\n|upkeep\n|turn|23\n|\n|t:|1667713240\n|move|p1a: Sharpo|Earthquake|p2a: Abomination\n|-damage|p2a: Abomination|33\/100\n|move|p2a: Abomination|Gyro Ball|p1a: Sharpo\n|-damage|p1a: Sharpo|37\/100 psn\n|-damage|p2a: Abomination|21\/100|[from] ability: Rough Skin|[of] p1a: Sharpo\n|\n|-heal|p1a: Sharpo|43\/100 psn|[from] item: Leftovers\n|-damage|p1a: Sharpo|30\/100 psn|[from] psn\n|upkeep\n|turn|24\n|\n|t:|1667713249\n|move|p1a: Sharpo|Earthquake|p2a: Abomination\n|-damage|p2a: Abomination|0 fnt\n|faint|p2a: Abomination\n|\n|-heal|p1a: Sharpo|37\/100 psn|[from] item: Leftovers\n|-damage|p1a: Sharpo|24\/100 psn|[from] psn\n|upkeep\n|\n|t:|1667713252\n|switch|p2a: Bolt|Zapdos|100\/100\n|turn|25\n|\n|t:|1667713261\n|move|p1a: Sharpo|Stone Edge|p2a: Bolt\n|-supereffective|p2a: Bolt\n|-damage|p2a: Bolt|5\/100\n|move|p2a: Bolt|Roost|p2a: Bolt\n|-heal|p2a: Bolt|55\/100\n|-singleturn|p2a: Bolt|move: Roost\n|\n|-heal|p1a: Sharpo|30\/100 psn|[from] item: Leftovers\n|-damage|p1a: Sharpo|18\/100 psn|[from] psn\n|upkeep\n|turn|26\n|\n|t:|1667713271\n|switch|p2a: Gary|Gastrodon-East, M, shiny|72\/100\n|move|p1a: Sharpo|Scale Shot|p2a: Gary\n|-damage|p2a: Gary|44\/100\n|-damage|p2a: Gary|15\/100\n|-damage|p2a: Gary|0 fnt\n|faint|p2a: Gary\n|-hitcount|p2: Gary|3\n|-unboost|p1a: Sharpo|def|1\n|-boost|p1a: Sharpo|spe|1\n|\n|-heal|p1a: Sharpo|24\/100 psn|[from] item: Leftovers\n|-damage|p1a: Sharpo|12\/100 psn|[from] psn\n|upkeep\n|\n|t:|1667713276\n|switch|p2a: Bolt|Zapdos|55\/100\n|turn|27\n|\n|t:|1667713287\n|move|p1a: Sharpo|Scale Shot|p2a: Bolt\n|-damage|p2a: Bolt|38\/100\n|-damage|p2a: Bolt|20\/100\n|-damage|p2a: Bolt|2\/100\n|-damage|p2a: Bolt|0 fnt\n|faint|p2a: Bolt\n|-hitcount|p2: Bolt|4\n|\n|win|Sombra Diurna\n|raw|Sombra Diurna's rating: 1783 &rarr; <strong>1803<\/strong><br \/>(+20 for winning)\n|raw|Steez Ibanez's rating: 1791 &rarr; <strong>1771<\/strong><br \/>(-20 for losing)\n|l|\u2606Steez Ibanez\n","uploadtime":1667713297,"views":15,"p1id":"sombradiurna","p2id":"steezibanez","formatid":"gen8ou","rating":1771,"private":0,"password":null}