{"id":"gen8vgc2021-1290622113","p1":"Tony2810","p2":"bhkg","format":"gen8vgc2021","log":"|j|\u2606Tony2810\n|j|\u2606bhkg\n|t:|1614386103\n|player|p1|Tony2810|iris-gen5bw2|\n|player|p2|bhkg|lucas|\n|teamsize|p1|6\n|teamsize|p2|6\n|gametype|doubles\n|gen|8\n|tier|[Gen 8] VGC 2021\n|rule|Species Clause: Limit one of each Pok\u00e9mon\n|rule|Item Clause: Limit one of each item\n|clearpoke\n|poke|p1|Anorith, L50, F|\n|poke|p1|Riolu, L50, M|\n|poke|p1|Growlithe, L50, M|\n|poke|p1|Natu, L50, M|\n|poke|p1|Pumpkaboo-*, L50, M|\n|poke|p1|Tentacool, L50, M|\n|poke|p2|Gastly, L50, M|\n|poke|p2|Cubone, L50, F|\n|poke|p2|Scorbunny, L50, F|\n|poke|p2|Scraggy, L50, M|\n|poke|p2|Magnemite, L50|\n|poke|p2|Mantyke, L50, F|\n|teampreview|4\n|\n|t:|1614386138\n|start\n|switch|p1a: Riolu|Riolu, L50, M|100\/100\n|switch|p1b: Natu|Natu, L50, M|100\/100\n|switch|p2a: Scraggy|Scraggy, L50, M|100\/100\n|switch|p2b: Magnemite|Magnemite, L50, shiny|100\/100\n|-ability|p2a: Scraggy|Intimidate|boost\n|-fail|p1a: Riolu|unboost|Attack|[from] ability: Inner Focus|[of] p1a: Riolu\n|-unboost|p1b: Natu|atk|1\n|turn|1\n|\n|t:|1614386163\n|-start|p1b: Natu|Dynamax\n|-heal|p1b: Natu|100\/100|[silent]\n|move|p1a: Riolu|Bulldoze|p2b: Magnemite|[spread] p2a,p2b\n|-immune|p1b: Natu\n|-supereffective|p2b: Magnemite\n|-damage|p2a: Scraggy|89\/100\n|-damage|p2b: Magnemite|10\/100\n|-unboost|p2a: Scraggy|spe|1\n|-unboost|p2b: Magnemite|spe|1\n|move|p1b: Natu|Max Airstream|p2a: Scraggy\n|-supereffective|p2a: Scraggy\n|-damage|p2a: Scraggy|0 fnt\n|-boost|p1a: Riolu|spe|1\n|-boost|p1b: Natu|spe|1\n|-damage|p1b: Natu|96\/100|[from] item: Life Orb\n|faint|p2a: Scraggy\n|move|p2b: Magnemite|Thunderbolt|p1a: Riolu\n|-crit|p1a: Riolu\n|-damage|p1a: Riolu|0 fnt\n|faint|p1a: Riolu\n|\n|upkeep\n|\n|t:|1614386188\n|switch|p1a: Pumpkaboo|Pumpkaboo-Small, L50, M|100\/100\n|switch|p2a: Gastly|Gastly, L50, M, shiny|100\/100\n|turn|2\n|\n|t:|1614386196\n|-start|p2a: Gastly|Dynamax\n|-heal|p2a: Gastly|100\/100|[silent]\n|move|p2a: Gastly|Max Guard|p2a: Gastly\n|-singleturn|p2a: Gastly|Max Guard\n|move|p1b: Natu|Max Mindstorm|p2a: Gastly\n|-activate|p2a: Gastly|move: Max Guard\n|move|p1a: Pumpkaboo|Poltergeist|p2a: Gastly\n|-activate|p2a: Gastly|move: Max Guard\n|move|p2b: Magnemite|Thunderbolt|p1b: Natu\n|-supereffective|p1b: Natu\n|-damage|p1b: Natu|0 fnt\n|faint|p1b: Natu\n|\n|upkeep\n|\n|t:|1614386204\n|switch|p1b: Tentacool|Tentacool, L50, M, shiny|100\/100\n|turn|3\n|\n|t:|1614386218\n|move|p2a: Gastly|Max Phantasm|p1a: Pumpkaboo\n|-supereffective|p1a: Pumpkaboo\n|-crit|p1a: Pumpkaboo\n|-damage|p1a: Pumpkaboo|0 fnt\n|-fail|p1b: Tentacool|unboost|[from] ability: Clear Body|[of] p1b: Tentacool\n|faint|p1a: Pumpkaboo\n|move|p1b: Tentacool|Ice Beam|p2b: Magnemite\n|-resisted|p2b: Magnemite\n|-damage|p2b: Magnemite|0 fnt\n|faint|p2b: Magnemite\n|\n|upkeep\n|\n|t:|1614386227\n|switch|p2b: Cubone|Cubone, L50, F|100\/100\n|turn|4\n|\n|t:|1614386230\n|move|p2a: Gastly|Max Phantasm|p1b: Tentacool\n|-damage|p1b: Tentacool|25\/100\n|-fail|p1b: Tentacool|unboost|[from] ability: Clear Body|[of] p1b: Tentacool\n|move|p1b: Tentacool|Hydro Pump|p2a: Gastly\n|-damage|p2a: Gastly|39\/100\n|move|p2b: Cubone|Bonemerang|p1b: Tentacool\n|-supereffective|p1b: Tentacool\n|-damage|p1b: Tentacool|0 fnt\n|-hitcount|p1b: Tentacool|1\n|faint|p1b: Tentacool\n|\n|win|bhkg\n|c|\u2606bhkg|gg wp\n|l|\u2606bhkg\n","uploadtime":1614386245,"views":10,"p1id":"tony2810","p2id":"bhkg","formatid":"gen8vgc2021","rating":0,"private":0,"password":null}