{"id":"gen8ou-1177333619","p1":"LT73IU Mannat1","p2":"relic stone","format":"gen8ou","log":"|raw|<div class=\"broadcast-blue\"><strong>This battle is required to be public due to a player having a name starting with 'LT73IU'.<\/div>\n|j|\u2606LT73IU Mannat1\n|j|\u2606relic stone\n|t:|1598669363\n|player|p1|LT73IU Mannat1|ninjaboy|2023\n|player|p2|relic stone|lusamine-nihilego|1963\n|teamsize|p1|6\n|teamsize|p2|6\n|gametype|singles\n|gen|8\n|tier|[Gen 8] OU\n|rated|\n|clearpoke\n|poke|p1|Hatterene, F|\n|poke|p1|Tyranitar, F|\n|poke|p1|Excadrill, M|\n|poke|p1|Amoonguss, F|\n|poke|p1|Corviknight, F|\n|poke|p1|Kyurem|\n|poke|p2|Torkoal, M|\n|poke|p2|Venusaur, M|\n|poke|p2|Togekiss, M|\n|poke|p2|Urshifu-*, M|\n|poke|p2|Charizard, M|\n|poke|p2|Excadrill, M|\n|rule|Sleep Clause Mod: Limit one foe put to sleep\n|rule|Species Clause: Limit one of each Pok\u00e9mon\n|rule|OHKO Clause: OHKO moves are banned\n|rule|Evasion Moves Clause: Evasion moves are banned\n|rule|Endless Battle Clause: Forcing endless battles is banned\n|rule|HP Percentage Mod: HP is shown in percentages\n|rule|Dynamax Clause: You cannot dynamax\n|teampreview\n|j| tigers jaw\n|j| theo mani fan club\n|c|\u2606relic stone|hf john\n|j| its morning\n|c| theo mani fan club|pleasant\n|j| egalvanc\n|j| Sagiri I.\n|c| tigers jaw|cordial\n|\n|t:|1598669387\n|start\n|switch|p1a: Hatterene|Hatterene, F|100\/100\n|switch|p2a: Sage|Charizard, M|100\/100\n|turn|1\n|\n|t:|1598669392\n|switch|p2a: Impaler|Excadrill, M, shiny|100\/100\n|-ability|p2a: Impaler|Mold Breaker\n|switch|p1a: Tyranitar|Tyranitar, F|100\/100\n|-weather|Sandstorm|[from] ability: Sand Stream|[of] p1a: Tyranitar\n|\n|-weather|Sandstorm|[upkeep]\n|upkeep\n|turn|2\n|\n|t:|1598669395\n|switch|p1a: Corviknight|Corviknight, F|100\/100\n|-ability|p1a: Corviknight|Pressure\n|move|p2a: Impaler|Stealth Rock|p1a: Corviknight\n|-sidestart|p1: LT73IU Mannat1|move: Stealth Rock\n|\n|-weather|Sandstorm|[upkeep]\n|upkeep\n|turn|3\n|j| lax\n|\n|t:|1598669398\n|switch|p2a: Kazame|Torkoal, M|100\/100\n|-weather|SunnyDay|[from] ability: Drought|[of] p2a: Kazame\n|move|p1a: Corviknight|Defog|p2a: Kazame\n|-unboost|p2a: Kazame|evasion|1\n|-sideend|p1: LT73IU Mannat1|Stealth Rock|[from] move: Defog|[of] p1a: Corviknight\n|\n|-weather|SunnyDay|[upkeep]\n|upkeep\n|turn|4\n|j| SteeTeamsBurner12\n|j| tanggy\n|j| spikematoi\n|\n|t:|1598669410\n|switch|p1a: Tyranitar|Tyranitar, F|100\/100\n|-weather|Sandstorm|[from] ability: Sand Stream|[of] p1a: Tyranitar\n|move|p2a: Kazame|Lava Plume|p1a: Tyranitar\n|-resisted|p1a: Tyranitar\n|-damage|p1a: Tyranitar|96\/100\n|-status|p1a: Tyranitar|brn\n|\n|-weather|Sandstorm|[upkeep]\n|-damage|p2a: Kazame|94\/100|[from] Sandstorm\n|-heal|p1a: Tyranitar|100\/100 brn|[from] item: Leftovers\n|-damage|p1a: Tyranitar|94\/100 brn|[from] brn\n|upkeep\n|turn|5\n|\n|t:|1598669415\n|switch|p1a: Amoonguss|Amoonguss, F|100\/100\n|move|p2a: Kazame|Body Press|p1a: Amoonguss\n|-resisted|p1a: Amoonguss\n|-damage|p1a: Amoonguss|89\/100\n|-damage|p2a: Kazame|78\/100|[from] item: Rocky Helmet|[of] p1a: Amoonguss\n|\n|-weather|Sandstorm|[upkeep]\n|-damage|p1a: Amoonguss|83\/100|[from] Sandstorm\n|-damage|p2a: Kazame|72\/100|[from] Sandstorm\n|upkeep\n|turn|6\n|\n|t:|1598669423\n|move|p1a: Amoonguss|Spore|p2a: Kazame\n|-status|p2a: Kazame|slp|[from] move: Spore\n|cant|p2a: Kazame|slp\n|\n|-weather|Sandstorm|[upkeep]\n|-damage|p1a: Amoonguss|77\/100|[from] Sandstorm\n|-damage|p2a: Kazame|66\/100 slp|[from] Sandstorm\n|upkeep\n|turn|7\n|\n|t:|1598669429\n|switch|p1a: Hatterene|Hatterene, F|100\/100\n|switch|p2a: Impaler|Excadrill, M, shiny|100\/100\n|-ability|p2a: Impaler|Mold Breaker\n|\n|-weather|Sandstorm|[upkeep]\n|-damage|p1a: Hatterene|95\/100|[from] Sandstorm\n|-heal|p1a: Hatterene|100\/100|[from] item: Leftovers\n|upkeep\n|turn|8\n|j| Dra15\n|j| Livio ElTito\n|\n|t:|1598669434\n|switch|p1a: Corviknight|Corviknight, F|100\/100\n|-ability|p1a: Corviknight|Pressure\n|move|p2a: Impaler|Stealth Rock|p1a: Corviknight\n|-sidestart|p1: LT73IU Mannat1|move: Stealth Rock\n|\n|-weather|none\n|upkeep\n|turn|9\n|\n|t:|1598669437\n|switch|p2a: Sage|Charizard, M|100\/100\n|move|p1a: Corviknight|Defog|p2a: Sage\n|-unboost|p2a: Sage|evasion|1\n|-sideend|p1: LT73IU Mannat1|Stealth Rock|[from] move: Defog|[of] p1a: Corviknight\n|\n|upkeep\n|turn|10\n|\n|t:|1598669440\n|switch|p1a: Tyranitar|Tyranitar, F|94\/100 brn\n|-weather|Sandstorm|[from] ability: Sand Stream|[of] p1a: Tyranitar\n|move|p2a: Sage|Focus Blast|p1a: Tyranitar|[miss]\n|-miss|p2a: Sage|p1a: Tyranitar\n|\n|-weather|Sandstorm|[upkeep]\n|-damage|p2a: Sage|94\/100|[from] Sandstorm\n|-heal|p1a: Tyranitar|100\/100 brn|[from] item: Leftovers\n|-damage|p1a: Tyranitar|94\/100 brn|[from] brn\n|upkeep\n|turn|11\n|\n|t:|1598669452\n|switch|p2a: Kazame|Torkoal, M|66\/100 slp\n|-weather|SunnyDay|[from] ability: Drought|[of] p2a: Kazame\n|move|p1a: Tyranitar|Stealth Rock|p2a: Kazame\n|-sidestart|p2: relic stone|move: Stealth Rock\n|\n|-weather|SunnyDay|[upkeep]\n|-heal|p1a: Tyranitar|100\/100 brn|[from] item: Leftovers\n|-damage|p1a: Tyranitar|94\/100 brn|[from] brn\n|upkeep\n|turn|12\n|\n|t:|1598669459\n|switch|p1a: Hatterene|Hatterene, F|100\/100\n|switch|p2a: Impaler|Excadrill, M, shiny|100\/100\n|-damage|p2a: Impaler|97\/100|[from] Stealth Rock\n|-ability|p2a: Impaler|Mold Breaker\n|\n|-weather|SunnyDay|[upkeep]\n|-heal|p2a: Impaler|100\/100|[from] item: Leftovers\n|upkeep\n|turn|13\n|\n|t:|1598669463\n|move|p2a: Impaler|Stealth Rock|p1a: Hatterene\n|-sidestart|p1: LT73IU Mannat1|move: Stealth Rock\n|move|p1a: Hatterene|Calm Mind|p1a: Hatterene\n|-boost|p1a: Hatterene|spa|1\n|-boost|p1a: Hatterene|spd|1\n|\n|-weather|SunnyDay|[upkeep]\n|upkeep\n|turn|14\n|l| lax\n|\n|t:|1598669466\n|move|p2a: Impaler|Toxic|p1a: Hatterene\n|-status|p1a: Hatterene|tox\n|move|p1a: Hatterene|Mystical Fire|p2a: Impaler\n|-supereffective|p2a: Impaler\n|-damage|p2a: Impaler|17\/100\n|-unboost|p2a: Impaler|spa|1\n|\n|-weather|SunnyDay|[upkeep]\n|-heal|p2a: Impaler|23\/100|[from] item: Leftovers\n|-damage|p1a: Hatterene|95\/100 tox|[from] psn\n|upkeep\n|turn|15\n|\n|t:|1598669468\n|move|p2a: Impaler|Rapid Spin|p1a: Hatterene\n|-damage|p1a: Hatterene|82\/100 tox\n|-boost|p2a: Impaler|spe|1\n|-sideend|p2: relic stone|Stealth Rock|[from] move: Rapid Spin|[of] p2a: Impaler\n|move|p1a: Hatterene|Mystical Fire|p2a: Impaler\n|-supereffective|p2a: Impaler\n|-damage|p2a: Impaler|0 fnt\n|faint|p2a: Impaler\n|\n|-weather|SunnyDay|[upkeep]\n|-heal|p1a: Hatterene|88\/100 tox|[from] item: Leftovers\n|-damage|p1a: Hatterene|76\/100 tox|[from] psn\n|upkeep\n|\n|t:|1598669472\n|switch|p2a: Sage|Charizard, M|94\/100\n|turn|16\n|\n|t:|1598669476\n|switch|p1a: Tyranitar|Tyranitar, F|94\/100 brn\n|-damage|p1a: Tyranitar|82\/100 brn|[from] Stealth Rock\n|-weather|Sandstorm|[from] ability: Sand Stream|[of] p1a: Tyranitar\n|move|p2a: Sage|Focus Blast|p1a: Tyranitar\n|-supereffective|p1a: Tyranitar\n|-damage|p1a: Tyranitar|0 fnt\n|faint|p1a: Tyranitar\n|\n|-weather|Sandstorm|[upkeep]\n|-damage|p2a: Sage|88\/100|[from] Sandstorm\n|upkeep\n|\n|t:|1598669481\n|switch|p1a: Amoonguss|Amoonguss, F|100\/100\n|-damage|p1a: Amoonguss|88\/100|[from] Stealth Rock\n|turn|17\n|\n|t:|1598669487\n|switch|p2a: Kazame|Torkoal, M|66\/100 slp\n|-weather|SunnyDay|[from] ability: Drought|[of] p2a: Kazame\n|move|p1a: Amoonguss|Sludge Bomb|p2a: Kazame\n|-damage|p2a: Kazame|33\/100 slp\n|\n|-weather|SunnyDay|[upkeep]\n|upkeep\n|turn|18\n|\n|t:|1598669490\n|switch|p2a: Rex|Venusaur, M|100\/100\n|move|p1a: Amoonguss|Sludge Bomb|p2a: Rex\n|-damage|p2a: Rex|68\/100\n|\n|-weather|SunnyDay|[upkeep]\n|upkeep\n|turn|19\n|c|\u2606LT73IU Mannat1|this is unwinnable\n|-message|LT73IU Mannat1 forfeited.\n|\n|win|relic stone\n|l|\u2606LT73IU Mannat1\n|raw|LT73IU Mannat1's rating: 2023 &rarr; <strong>2000<\/strong><br \/>(-23 for losing)\n|raw|relic stone's rating: 1963 &rarr; <strong>1986<\/strong><br \/>(+23 for winning)\n|c|\u2606relic stone|ggs\n|l| tigers jaw\n|l| tanggy\n","uploadtime":1598669508,"views":282,"p1id":"lt73iumannat1","p2id":"relicstone","formatid":"gen8ou","rating":1986,"private":0,"password":null}