{"id":"gen8ou-1608020503","p1":"madre mia rosalia","p2":"Makuryu","format":"gen8ou","log":"|j|\u203dmadre mia rosalia\n|j|\u2606Makuryu\n|t:|1656672081\n|gametype|singles\n|player|p1|madre mia rosalia|266|1640\n|player|p2|Makuryu|koga|1709\n|teamsize|p1|6\n|teamsize|p2|6\n|gen|8\n|tier|[Gen 8] OU\n|rated|\n|rule|Sleep Clause Mod: Limit one foe put to sleep\n|rule|Species Clause: Limit one of each Pok\u00e9mon\n|rule|OHKO Clause: OHKO moves are banned\n|rule|Evasion Moves Clause: Evasion moves are banned\n|rule|Endless Battle Clause: Forcing endless battles is banned\n|rule|HP Percentage Mod: HP is shown in percentages\n|rule|Dynamax Clause: You cannot dynamax\n|clearpoke\n|poke|p1|Landorus-Therian, M|\n|poke|p1|Regieleki|\n|poke|p1|Slowking-Galar, M|\n|poke|p1|Skarmory, M|\n|poke|p1|Gastrodon, M|\n|poke|p1|Latias, F|\n|poke|p2|Zapdos|\n|poke|p2|Heatran, M|\n|poke|p2|Ferrothorn, M|\n|poke|p2|Dragapult, F|\n|poke|p2|Buzzwole|\n|poke|p2|Blissey, F|\n|teampreview\n|j| Woody Fox\n|inactive|Battle timer is ON: inactive players will automatically lose when time's up. (requested by Makuryu)\n|j| Otoutoun\n|\n|t:|1656672133\n|start\n|switch|p1a: Regieleki|Regieleki|100\/100\n|switch|p2a: Buzzwole|Buzzwole|100\/100\n|turn|1\n|\n|t:|1656672139\n|switch|p2a: Blissey|Blissey, F|100\/100\n|move|p1a: Regieleki|Volt Switch|p2a: Blissey\n|-damage|p2a: Blissey|83\/100\n|\n|t:|1656672150\n|switch|p1a: Landorus|Landorus-Therian, M|100\/100|[from]move: Volt Switch\n|-ability|p1a: Landorus|Intimidate|boost\n|-unboost|p2a: Blissey|atk|1\n|\n|upkeep\n|turn|2\n|\n|t:|1656672156\n|switch|p2a: Heatran|Heatran, M|100\/100\n|-item|p2a: Heatran|Air Balloon\n|move|p1a: Landorus|Knock Off|p2a: Heatran\n|-damage|p2a: Heatran|67\/100\n|-enditem|p2a: Heatran|Air Balloon\n|\n|upkeep\n|turn|3\n|\n|t:|1656672166\n|switch|p2a: Zapdos|Zapdos|100\/100\n|move|p1a: Landorus|Stealth Rock|p2a: Zapdos\n|-sidestart|p2: Makuryu|move: Stealth Rock\n|\n|upkeep\n|turn|4\n|\n|t:|1656672172\n|move|p2a: Zapdos|Toxic|p1a: Landorus|[miss]\n|-miss|p2a: Zapdos|p1a: Landorus\n|move|p1a: Landorus|Explosion|p2a: Zapdos\n|-enditem|p1a: Landorus|Normal Gem|[from] gem\n|-damage|p2a: Zapdos|0 fnt\n|faint|p1a: Landorus\n|faint|p2a: Zapdos\n|\n|upkeep\n|\n|t:|1656672187\n|switch|p2a: Heatran|Heatran, M|67\/100\n|switch|p1a: Latias|Latias, F|100\/100\n|-damage|p2a: Heatran|54\/100|[from] Stealth Rock\n|turn|5\n|\n|t:|1656672193\n|move|p1a: Latias|Earthquake|p2a: Heatran\n|-supereffective|p2a: Heatran\n|-damage|p2a: Heatran|0 fnt\n|faint|p2a: Heatran\n|\n|upkeep\n|j| RealMadridOfficial\n|l| Woody Fox\n|inactive|Makuryu has 120 seconds left.\n|\n|t:|1656672227\n|switch|p2a: Dragapult|Dragapult, F|100\/100\n|-damage|p2a: Dragapult|88\/100|[from] Stealth Rock\n|turn|6\n|\n|t:|1656672250\n|move|p2a: Dragapult|Shadow Ball|p1a: Latias\n|-supereffective|p1a: Latias\n|-damage|p1a: Latias|7\/100\n|move|p1a: Latias|Earthquake|p2a: Dragapult\n|-damage|p2a: Dragapult|36\/100\n|\n|upkeep\n|turn|7\n|\n|t:|1656672257\n|move|p2a: Dragapult|Shadow Ball|p1a: Latias\n|-supereffective|p1a: Latias\n|-damage|p1a: Latias|0 fnt\n|faint|p1a: Latias\n|\n|upkeep\n|\n|t:|1656672259\n|switch|p1a: Regieleki|Regieleki|100\/100\n|turn|8\n|\n|t:|1656672264\n|switch|p2a: Blissey|Blissey, F|83\/100\n|move|p1a: Regieleki|Volt Switch|p2a: Blissey\n|-damage|p2a: Blissey|66\/100\n|\n|t:|1656672271\n|switch|p1a: Skarmory|Skarmory, M|100\/100|[from]move: Volt Switch\n|\n|upkeep\n|turn|9\n|\n|t:|1656672284\n|move|p1a: Skarmory|Spikes|p2a: Blissey\n|-sidestart|p2: Makuryu|Spikes\n|move|p2a: Blissey|Thunder Wave|p1a: Skarmory|[miss]\n|-miss|p2a: Blissey|p1a: Skarmory\n|\n|upkeep\n|turn|10\n|inactive|madre mia rosalia has 120 seconds left.\n|\n|t:|1656672321\n|move|p1a: Skarmory|Spikes|p2a: Blissey\n|-sidestart|p2: Makuryu|Spikes\n|move|p2a: Blissey|Thunder Wave|p1a: Skarmory\n|-status|p1a: Skarmory|par\n|\n|upkeep\n|turn|11\n|\n|t:|1656672327\n|move|p2a: Blissey|Soft-Boiled|p2a: Blissey\n|-heal|p2a: Blissey|100\/100\n|move|p1a: Skarmory|Spikes|p2a: Blissey\n|-sidestart|p2: Makuryu|Spikes\n|\n|upkeep\n|turn|12\n|\n|t:|1656672332\n|move|p2a: Blissey|Seismic Toss|p1a: Skarmory\n|-damage|p1a: Skarmory|70\/100 par\n|-damage|p2a: Blissey|84\/100|[from] item: Rocky Helmet|[of] p1a: Skarmory\n|move|p1a: Skarmory|Body Press|p2a: Blissey\n|-supereffective|p2a: Blissey\n|-damage|p2a: Blissey|28\/100\n|\n|upkeep\n|turn|13\n|\n|t:|1656672339\n|move|p2a: Blissey|Soft-Boiled|p2a: Blissey\n|-heal|p2a: Blissey|78\/100\n|move|p1a: Skarmory|Body Press|p2a: Blissey\n|-supereffective|p2a: Blissey\n|-damage|p2a: Blissey|20\/100\n|\n|upkeep\n|turn|14\n|\n|t:|1656672344\n|move|p2a: Blissey|Soft-Boiled|p2a: Blissey\n|-heal|p2a: Blissey|70\/100\n|move|p1a: Skarmory|Roost|p1a: Skarmory\n|-heal|p1a: Skarmory|100\/100 par\n|-singleturn|p1a: Skarmory|move: Roost\n|\n|upkeep\n|turn|15\n|\n|t:|1656672351\n|switch|p2a: Buzzwole|Buzzwole|100\/100\n|-damage|p2a: Buzzwole|88\/100|[from] Stealth Rock\n|-damage|p2a: Buzzwole|63\/100|[from] Spikes\n|cant|p1a: Skarmory|par\n|\n|upkeep\n|turn|16\n|\n|t:|1656672358\n|move|p2a: Buzzwole|Thunder Punch|p1a: Skarmory\n|-supereffective|p1a: Skarmory\n|-damage|p1a: Skarmory|50\/100 par\n|-damage|p2a: Buzzwole|47\/100|[from] item: Rocky Helmet|[of] p1a: Skarmory\n|move|p1a: Skarmory|Toxic|p2a: Buzzwole\n|-status|p2a: Buzzwole|tox\n|\n|-damage|p2a: Buzzwole|40\/100 tox|[from] psn\n|upkeep\n|turn|17\n|\n|t:|1656672366\n|switch|p1a: Gastrodon|Gastrodon, M|100\/100\n|move|p2a: Buzzwole|Thunder Punch|p1a: Gastrodon\n|-immune|p1a: Gastrodon\n|\n|-damage|p2a: Buzzwole|28\/100 tox|[from] psn\n|upkeep\n|turn|18\n|\n|t:|1656672373\n|switch|p2a: Blissey|Blissey, F|70\/100\n|move|p1a: Gastrodon|Scald|p2a: Blissey\n|-damage|p2a: Blissey|60\/100\n|-status|p2a: Blissey|brn\n|\n|-damage|p2a: Blissey|54\/100 brn|[from] brn\n|upkeep\n|turn|19\n|\n|t:|1656672381\n|switch|p1a: Slowking|Slowking-Galar, M|100\/100\n|move|p2a: Blissey|Soft-Boiled|p2a: Blissey\n|-heal|p2a: Blissey|100\/100 brn\n|\n|-damage|p2a: Blissey|94\/100 brn|[from] brn\n|upkeep\n|turn|20\n|\n|t:|1656672388\n|move|p2a: Blissey|Thunder Wave|p1a: Slowking|[miss]\n|-miss|p2a: Blissey|p1a: Slowking\n|move|p1a: Slowking|Future Sight|p2a: Blissey\n|-start|p1a: Slowking|move: Future Sight\n|\n|-damage|p2a: Blissey|88\/100 brn|[from] brn\n|upkeep\n|turn|21\n|\n|t:|1656672394\n|switch|p1a: Skarmory|Skarmory, M|50\/100 par\n|move|p2a: Blissey|Seismic Toss|p1a: Skarmory\n|-damage|p1a: Skarmory|20\/100 par\n|-damage|p2a: Blissey|72\/100 brn|[from] item: Rocky Helmet|[of] p1a: Skarmory\n|\n|-damage|p2a: Blissey|65\/100 brn|[from] brn\n|upkeep\n|turn|22\n|\n|t:|1656672402\n|switch|p1a: Slowking|Slowking-Galar, M|100\/100\n|move|p2a: Blissey|Seismic Toss|p1a: Slowking\n|-damage|p1a: Slowking|75\/100\n|\n|-end|p2a: Blissey|move: Future Sight\n|-damage|p2a: Blissey|49\/100 brn\n|-damage|p2a: Blissey|43\/100 brn|[from] brn\n|upkeep\n|turn|23\n|\n|t:|1656672410\n|move|p2a: Blissey|Soft-Boiled|p2a: Blissey\n|-heal|p2a: Blissey|93\/100 brn\n|move|p1a: Slowking|Future Sight|p2a: Blissey\n|-start|p1a: Slowking|move: Future Sight\n|\n|-damage|p2a: Blissey|86\/100 brn|[from] brn\n|upkeep\n|turn|24\n|\n|t:|1656672416\n|move|p2a: Blissey|Seismic Toss|p1a: Slowking\n|-damage|p1a: Slowking|50\/100\n|move|p1a: Slowking|Sludge Bomb|p2a: Blissey\n|-damage|p2a: Blissey|75\/100 brn\n|\n|-damage|p2a: Blissey|69\/100 brn|[from] brn\n|upkeep\n|turn|25\n|\n|t:|1656672423\n|switch|p1a: Gastrodon|Gastrodon, M|100\/100\n|move|p2a: Blissey|Soft-Boiled|p2a: Blissey\n|-heal|p2a: Blissey|100\/100 brn\n|\n|-end|p2a: Blissey|move: Future Sight\n|-damage|p2a: Blissey|84\/100 brn\n|-damage|p2a: Blissey|78\/100 brn|[from] brn\n|upkeep\n|turn|26\n|\n|t:|1656672443\n|switch|p1a: Slowking|Slowking-Galar, M|83\/100\n|move|p2a: Blissey|Seismic Toss|p1a: Slowking\n|-damage|p1a: Slowking|57\/100\n|\n|-damage|p2a: Blissey|72\/100 brn|[from] brn\n|upkeep\n|turn|27\n|\n|t:|1656672451\n|switch|p1a: Gastrodon|Gastrodon, M|100\/100\n|move|p2a: Blissey|Thunder Wave|p1a: Gastrodon\n|-immune|p1a: Gastrodon\n|\n|-damage|p2a: Blissey|66\/100 brn|[from] brn\n|upkeep\n|turn|28\n|\n|t:|1656672457\n|move|p2a: Blissey|Seismic Toss|p1a: Gastrodon\n|-damage|p1a: Gastrodon|77\/100\n|move|p1a: Gastrodon|Earth Power|p2a: Blissey\n|-damage|p2a: Blissey|54\/100 brn\n|\n|-heal|p1a: Gastrodon|83\/100|[from] item: Leftovers\n|-damage|p2a: Blissey|48\/100 brn|[from] brn\n|upkeep\n|turn|29\n|\n|t:|1656672466\n|switch|p1a: Slowking|Slowking-Galar, M|91\/100\n|move|p2a: Blissey|Thunder Wave|p1a: Slowking\n|-status|p1a: Slowking|par\n|\n|-damage|p2a: Blissey|42\/100 brn|[from] brn\n|upkeep\n|turn|30\n|\n|t:|1656672491\n|move|p2a: Blissey|Soft-Boiled|p2a: Blissey\n|-heal|p2a: Blissey|92\/100 brn\n|cant|p1a: Slowking|par\n|\n|-damage|p2a: Blissey|86\/100 brn|[from] brn\n|upkeep\n|turn|31\n|\n|t:|1656672499\n|move|p2a: Blissey|Seismic Toss|p1a: Slowking\n|-damage|p1a: Slowking|65\/100 par\n|cant|p1a: Slowking|par\n|\n|-damage|p2a: Blissey|80\/100 brn|[from] brn\n|upkeep\n|turn|32\n|\n|t:|1656672512\n|move|p2a: Blissey|Seismic Toss|p1a: Slowking\n|-damage|p1a: Slowking|40\/100 par\n|move|p1a: Slowking|Future Sight|p2a: Blissey\n|-start|p1a: Slowking|move: Future Sight\n|\n|-damage|p2a: Blissey|73\/100 brn|[from] brn\n|upkeep\n|turn|33\n|\n|t:|1656672518\n|-curestatus|p2a: Blissey|brn|[from] ability: Natural Cure\n|switch|p2a: Ferrothorn|Ferrothorn, M|100\/100\n|-damage|p2a: Ferrothorn|94\/100|[from] Stealth Rock\n|-damage|p2a: Ferrothorn|69\/100|[from] Spikes\n|switch|p1a: Gastrodon|Gastrodon, M|83\/100\n|\n|-heal|p1a: Gastrodon|89\/100|[from] item: Leftovers\n|-heal|p2a: Ferrothorn|75\/100|[from] item: Leftovers\n|upkeep\n|turn|34\n|\n|t:|1656672529\n|switch|p1a: Skarmory|Skarmory, M|20\/100 par\n|move|p2a: Ferrothorn|Knock Off|p1a: Skarmory\n|-damage|p1a: Skarmory|7\/100 par\n|-damage|p2a: Ferrothorn|59\/100|[from] item: Rocky Helmet|[of] p1a: Skarmory\n|-enditem|p1a: Skarmory|Rocky Helmet|[from] move: Knock Off|[of] p2a: Ferrothorn\n|\n|-end|p2a: Ferrothorn|move: Future Sight\n|-resisted|p2a: Ferrothorn\n|-damage|p2a: Ferrothorn|40\/100\n|-heal|p2a: Ferrothorn|46\/100|[from] item: Leftovers\n|upkeep\n|turn|35\n|\n|t:|1656672539\n|move|p1a: Skarmory|Roost|p1a: Skarmory\n|-heal|p1a: Skarmory|57\/100 par\n|-singleturn|p1a: Skarmory|move: Roost\n|move|p2a: Ferrothorn|Knock Off|p1a: Skarmory\n|-damage|p1a: Skarmory|48\/100 par\n|\n|-heal|p2a: Ferrothorn|52\/100|[from] item: Leftovers\n|upkeep\n|turn|36\n|\n|t:|1656672547\n|move|p1a: Skarmory|Roost|p1a: Skarmory\n|-heal|p1a: Skarmory|98\/100 par\n|-singleturn|p1a: Skarmory|move: Roost\n|move|p2a: Ferrothorn|Leech Seed|p1a: Skarmory\n|-start|p1a: Skarmory|move: Leech Seed\n|\n|-heal|p2a: Ferrothorn|59\/100|[from] item: Leftovers\n|-damage|p1a: Skarmory|86\/100 par|[from] Leech Seed|[of] p2a: Ferrothorn\n|-heal|p2a: Ferrothorn|70\/100|[silent]\n|upkeep\n|turn|37\n|\n|t:|1656672555\n|switch|p1a: Gastrodon|Gastrodon, M|89\/100\n|move|p2a: Ferrothorn|Spikes|p1a: Gastrodon\n|-sidestart|p1: madre mia rosalia|Spikes\n|\n|-heal|p1a: Gastrodon|95\/100|[from] item: Leftovers\n|-heal|p2a: Ferrothorn|77\/100|[from] item: Leftovers\n|upkeep\n|turn|38\n|\n|t:|1656672562\n|move|p1a: Gastrodon|Scald|p2a: Ferrothorn\n|-resisted|p2a: Ferrothorn\n|-damage|p2a: Ferrothorn|66\/100\n|-status|p2a: Ferrothorn|brn\n|move|p2a: Ferrothorn|Power Whip|p1a: Gastrodon\n|-supereffective|p1a: Gastrodon\n|-crit|p1a: Gastrodon\n|-damage|p1a: Gastrodon|0 fnt\n|faint|p1a: Gastrodon\n|\n|-heal|p2a: Ferrothorn|72\/100 brn|[from] item: Leftovers\n|-damage|p2a: Ferrothorn|66\/100 brn|[from] brn\n|upkeep\n|\n|t:|1656672569\n|switch|p1a: Slowking|Slowking-Galar, M|73\/100 par\n|-damage|p1a: Slowking|61\/100 par|[from] Spikes\n|turn|39\n|\n|t:|1656672585\n|switch|p2a: Blissey|Blissey, F|73\/100\n|move|p1a: Slowking|Flamethrower|p2a: Blissey\n|-damage|p2a: Blissey|65\/100\n|\n|upkeep\n|turn|40\n|\n|t:|1656672593\n|switch|p1a: Skarmory|Skarmory, M|86\/100 par\n|move|p2a: Blissey|Seismic Toss|p1a: Skarmory\n|-damage|p1a: Skarmory|56\/100 par\n|\n|upkeep\n|turn|41\n|\n|t:|1656672612\n|move|p2a: Blissey|Seismic Toss|p1a: Skarmory\n|-damage|p1a: Skarmory|26\/100 par\n|move|p1a: Skarmory|Roost|p1a: Skarmory\n|-heal|p1a: Skarmory|76\/100 par\n|-singleturn|p1a: Skarmory|move: Roost\n|\n|upkeep\n|turn|42\n|\n|t:|1656672621\n|move|p2a: Blissey|Seismic Toss|p1a: Skarmory\n|-damage|p1a: Skarmory|46\/100 par\n|move|p1a: Skarmory|Roost|p1a: Skarmory\n|-heal|p1a: Skarmory|96\/100 par\n|-singleturn|p1a: Skarmory|move: Roost\n|\n|upkeep\n|turn|43\n|\n|t:|1656672627\n|move|p2a: Blissey|Soft-Boiled|p2a: Blissey\n|-heal|p2a: Blissey|100\/100\n|move|p1a: Skarmory|Body Press|p2a: Blissey\n|-supereffective|p2a: Blissey\n|-damage|p2a: Blissey|41\/100\n|\n|upkeep\n|turn|44\n|\n|t:|1656672633\n|move|p2a: Blissey|Soft-Boiled|p2a: Blissey\n|-heal|p2a: Blissey|91\/100\n|cant|p1a: Skarmory|par\n|\n|upkeep\n|turn|45\n|\n|t:|1656672642\n|switch|p2a: Ferrothorn|Ferrothorn, M|66\/100 brn\n|-damage|p2a: Ferrothorn|60\/100 brn|[from] Stealth Rock\n|-damage|p2a: Ferrothorn|35\/100 brn|[from] Spikes\n|move|p1a: Skarmory|Body Press|p2a: Ferrothorn\n|-supereffective|p2a: Ferrothorn\n|-damage|p2a: Ferrothorn|0 fnt\n|-damage|p1a: Skarmory|84\/100 par|[from] ability: Iron Barbs|[of] p2a: Ferrothorn\n|faint|p2a: Ferrothorn\n|\n|upkeep\n|\n|t:|1656672652\n|switch|p2a: Blissey|Blissey, F|91\/100\n|turn|46\n|\n|t:|1656672655\n|move|p2a: Blissey|Seismic Toss|p1a: Skarmory\n|-damage|p1a: Skarmory|54\/100 par\n|move|p1a: Skarmory|Body Press|p2a: Blissey\n|-supereffective|p2a: Blissey\n|-damage|p2a: Blissey|34\/100\n|\n|upkeep\n|turn|47\n|\n|t:|1656672661\n|move|p2a: Blissey|Soft-Boiled|p2a: Blissey\n|-heal|p2a: Blissey|84\/100\n|cant|p1a: Skarmory|par\n|\n|upkeep\n|turn|48\n|l| Otoutoun\n|\n|t:|1656672665\n|move|p2a: Blissey|Seismic Toss|p1a: Skarmory\n|-damage|p1a: Skarmory|24\/100 par\n|move|p1a: Skarmory|Roost|p1a: Skarmory\n|-heal|p1a: Skarmory|74\/100 par\n|-singleturn|p1a: Skarmory|move: Roost\n|\n|upkeep\n|turn|49\n|\n|t:|1656672672\n|move|p2a: Blissey|Seismic Toss|p1a: Skarmory\n|-damage|p1a: Skarmory|44\/100 par\n|cant|p1a: Skarmory|par\n|\n|upkeep\n|turn|50\n|\n|t:|1656672677\n|move|p2a: Blissey|Seismic Toss|p1a: Skarmory\n|-damage|p1a: Skarmory|14\/100 par\n|move|p1a: Skarmory|Roost|p1a: Skarmory\n|-heal|p1a: Skarmory|64\/100 par\n|-singleturn|p1a: Skarmory|move: Roost\n|\n|upkeep\n|turn|51\n|\n|t:|1656672683\n|move|p2a: Blissey|Seismic Toss|p1a: Skarmory\n|-damage|p1a: Skarmory|34\/100 par\n|move|p1a: Skarmory|Roost|p1a: Skarmory\n|-heal|p1a: Skarmory|84\/100 par\n|-singleturn|p1a: Skarmory|move: Roost\n|\n|upkeep\n|turn|52\n|\n|t:|1656672691\n|move|p2a: Blissey|Seismic Toss|p1a: Skarmory\n|-damage|p1a: Skarmory|54\/100 par\n|move|p1a: Skarmory|Roost|p1a: Skarmory\n|-heal|p1a: Skarmory|100\/100 par\n|-singleturn|p1a: Skarmory|move: Roost\n|\n|upkeep\n|turn|53\n|l| RealMadridOfficial\n|\n|t:|1656672698\n|move|p2a: Blissey|Seismic Toss|p1a: Skarmory\n|-damage|p1a: Skarmory|70\/100 par\n|move|p1a: Skarmory|Body Press|p2a: Blissey\n|-supereffective|p2a: Blissey\n|-damage|p2a: Blissey|32\/100\n|\n|upkeep\n|turn|54\n|\n|t:|1656672704\n|move|p2a: Blissey|Soft-Boiled|p2a: Blissey\n|-heal|p2a: Blissey|82\/100\n|cant|p1a: Skarmory|par\n|\n|upkeep\n|turn|55\n|\n|t:|1656672708\n|move|p2a: Blissey|Seismic Toss|p1a: Skarmory\n|-damage|p1a: Skarmory|40\/100 par\n|move|p1a: Skarmory|Roost|p1a: Skarmory\n|-heal|p1a: Skarmory|91\/100 par\n|-singleturn|p1a: Skarmory|move: Roost\n|\n|upkeep\n|turn|56\n|\n|t:|1656672714\n|move|p2a: Blissey|Seismic Toss|p1a: Skarmory\n|-damage|p1a: Skarmory|61\/100 par\n|move|p1a: Skarmory|Toxic|p2a: Blissey\n|-status|p2a: Blissey|tox\n|\n|-damage|p2a: Blissey|75\/100 tox|[from] psn\n|upkeep\n|turn|57\n|\n|t:|1656672721\n|move|p2a: Blissey|Seismic Toss|p1a: Skarmory\n|-damage|p1a: Skarmory|31\/100 par\n|cant|p1a: Skarmory|par\n|\n|-damage|p2a: Blissey|63\/100 tox|[from] psn\n|upkeep\n|turn|58\n|\n|t:|1656672729\n|switch|p1a: Regieleki|Regieleki|100\/100\n|move|p2a: Blissey|Seismic Toss|p1a: Regieleki\n|-damage|p1a: Regieleki|69\/100\n|\n|-damage|p2a: Blissey|45\/100 tox|[from] psn\n|upkeep\n|turn|59\n|\n|t:|1656672737\n|-curestatus|p2a: Blissey|tox|[from] ability: Natural Cure\n|switch|p2a: Dragapult|Dragapult, F|36\/100\n|-damage|p2a: Dragapult|24\/100|[from] Stealth Rock\n|-damage|p2a: Dragapult|0 fnt|[from] Spikes\n|faint|p2a: Dragapult\n|move|p1a: Regieleki|Rapid Spin|p2: Dragapult|[notarget]\n|-fail|p1a: Regieleki\n|\n|upkeep\n|\n|t:|1656672745\n|switch|p2a: Blissey|Blissey, F|45\/100\n|turn|60\n|\n|t:|1656672748\n|move|p1a: Regieleki|Electro Ball|p2a: Blissey\n|-damage|p2a: Blissey|16\/100\n|move|p2a: Blissey|Soft-Boiled|p2a: Blissey\n|-heal|p2a: Blissey|66\/100\n|\n|upkeep\n|turn|61\n|l|\u203dmadre mia rosalia\n|inactive|madre mia rosalia disconnected and has a minute to reconnect!\n|player|p1|\n|j|\u203dmadre mia rosalia\n|inactive|madre mia rosalia reconnected and has 120 seconds left.\n|player|p1|madre mia rosalia|266\n|n|\u203dmadre mia rosalia|madremiarosalia\n|n|\u203dmadre mia rosalia|madremiarosalia\n|\n|t:|1656672782\n|move|p1a: Regieleki|Electro Ball|p2a: Blissey\n|-damage|p2a: Blissey|36\/100\n|move|p2a: Blissey|Soft-Boiled|p2a: Blissey\n|-heal|p2a: Blissey|86\/100\n|\n|upkeep\n|turn|62\n|\n|t:|1656672788\n|move|p1a: Regieleki|Rapid Spin|p2a: Blissey\n|-damage|p2a: Blissey|78\/100\n|-boost|p1a: Regieleki|spe|1\n|-sideend|p1: madre mia rosalia|Spikes|[from] move: Rapid Spin|[of] p1a: Regieleki\n|move|p2a: Blissey|Seismic Toss|p1a: Regieleki\n|-damage|p1a: Regieleki|38\/100\n|\n|upkeep\n|turn|63\n|\n|t:|1656672795\n|move|p1a: Regieleki|Volt Switch|p2a: Blissey\n|-damage|p2a: Blissey|62\/100\n|\n|t:|1656672797\n|switch|p1a: Slowking|Slowking-Galar, M|94\/100 par|[from]move: Volt Switch\n|move|p2a: Blissey|Seismic Toss|p1a: Slowking\n|-damage|p1a: Slowking|69\/100 par\n|\n|upkeep\n|turn|64\n|\n|t:|1656672803\n|move|p2a: Blissey|Seismic Toss|p1a: Slowking\n|-damage|p1a: Slowking|43\/100 par\n|cant|p1a: Slowking|par\n|\n|upkeep\n|turn|65\n|\n|t:|1656672807\n|move|p2a: Blissey|Seismic Toss|p1a: Slowking\n|-damage|p1a: Slowking|18\/100 par\n|move|p1a: Slowking|Sludge Bomb|p2a: Blissey\n|-damage|p2a: Blissey|50\/100\n|\n|upkeep\n|turn|66\n|\n|t:|1656672813\n|switch|p1a: Regieleki|Regieleki|38\/100\n|move|p2a: Blissey|Seismic Toss|p1a: Regieleki\n|-damage|p1a: Regieleki|7\/100\n|\n|upkeep\n|turn|67\n|\n|t:|1656672819\n|move|p1a: Regieleki|Volt Switch|p2a: Blissey\n|-damage|p2a: Blissey|32\/100\n|\n|t:|1656672821\n|switch|p1a: Slowking|Slowking-Galar, M|51\/100 par|[from]move: Volt Switch\n|move|p2a: Blissey|Soft-Boiled|p2a: Blissey\n|-heal|p2a: Blissey|82\/100\n|\n|upkeep\n|turn|68\n|\n|t:|1656672826\n|move|p2a: Blissey|Seismic Toss|p1a: Slowking\n|-damage|p1a: Slowking|26\/100 par\n|cant|p1a: Slowking|par\n|\n|upkeep\n|turn|69\n|\n|t:|1656672835\n|switch|p1a: Regieleki|Regieleki|7\/100\n|move|p2a: Blissey|Seismic Toss|p1a: Regieleki\n|-damage|p1a: Regieleki|0 fnt\n|faint|p1a: Regieleki\n|\n|upkeep\n|\n|t:|1656672839\n|switch|p1a: Slowking|Slowking-Galar, M|59\/100 par\n|turn|70\n|\n|t:|1656672854\n|move|p2a: Blissey|Seismic Toss|p1a: Slowking\n|-damage|p1a: Slowking|34\/100 par\n|move|p1a: Slowking|Sludge Bomb|p2a: Blissey\n|-damage|p2a: Blissey|70\/100\n|-status|p2a: Blissey|psn\n|\n|-damage|p2a: Blissey|58\/100 psn|[from] psn\n|upkeep\n|turn|71\n|\n|t:|1656672862\n|switch|p1a: Skarmory|Skarmory, M|31\/100 par\n|move|p2a: Blissey|Seismic Toss|p1a: Skarmory\n|-damage|p1a: Skarmory|0 fnt\n|faint|p1a: Skarmory\n|\n|-damage|p2a: Blissey|45\/100 psn|[from] psn\n|upkeep\n|\n|t:|1656672867\n|switch|p1a: Slowking|Slowking-Galar, M|67\/100 par\n|turn|72\n|\n|t:|1656672871\n|-curestatus|p2a: Blissey|psn|[from] ability: Natural Cure\n|switch|p2a: Buzzwole|Buzzwole|28\/100 tox\n|-damage|p2a: Buzzwole|16\/100 tox|[from] Stealth Rock\n|-damage|p2a: Buzzwole|0 fnt|[from] Spikes\n|faint|p2a: Buzzwole\n|move|p1a: Slowking|Future Sight|p2: Buzzwole\n|-start|p1a: Slowking|move: Future Sight\n|\n|upkeep\n|\n|t:|1656672879\n|switch|p2a: Blissey|Blissey, F|45\/100\n|turn|73\n|\n|t:|1656672883\n|move|p2a: Blissey|Soft-Boiled|p2a: Blissey\n|-heal|p2a: Blissey|95\/100\n|move|p1a: Slowking|Sludge Bomb|p2a: Blissey\n|-crit|p2a: Blissey\n|-damage|p2a: Blissey|76\/100\n|-status|p2a: Blissey|psn\n|\n|-damage|p2a: Blissey|63\/100 psn|[from] psn\n|upkeep\n|turn|74\n|\n|t:|1656672911\n|move|p2a: Blissey|Soft-Boiled|p2a: Blissey\n|-heal|p2a: Blissey|100\/100 psn\n|move|p1a: Slowking|Future Sight||[still]\n|-fail|p1a: Slowking\n|\n|-end|p2a: Blissey|move: Future Sight\n|-damage|p2a: Blissey|84\/100 psn\n|-damage|p2a: Blissey|71\/100 psn|[from] psn\n|upkeep\n|turn|75\n|\n|t:|1656672919\n|move|p2a: Blissey|Seismic Toss|p1a: Slowking\n|-damage|p1a: Slowking|41\/100 par\n|move|p1a: Slowking|Future Sight|p2a: Blissey\n|-start|p1a: Slowking|move: Future Sight\n|\n|-damage|p2a: Blissey|59\/100 psn|[from] psn\n|upkeep\n|turn|76\n|-message|Makuryu forfeited.\n|\n|win|madre mia rosalia\n|raw|madre mia rosalia's rating: 1640 &rarr; <strong>1664<\/strong><br \/>(+24 for winning)\n|raw|Makuryu's rating: 1709 &rarr; <strong>1685<\/strong><br \/>(-24 for losing)\n|l|\u2606Makuryu\n|l|\u203dmadre mia rosalia\n","uploadtime":1656672933,"views":17,"p1id":"madremiarosalia","p2id":"makuryu","formatid":"gen8ou","rating":1664,"private":0,"password":null}