{"id":"gen8ou-1706339887","p1":"ChandosH","p2":"minimax_ai","format":"gen8ou","log":"|j|\u2606ChandosH\n|j|\u2606minimax_ai\n|t:|1667975378\n|gametype|singles\n|player|p1|ChandosH|n-masters|1756\n|player|p2|minimax_ai|169|1663\n|teamsize|p1|6\n|teamsize|p2|6\n|gen|8\n|tier|[Gen 8] OU\n|rated|\n|rule|Sleep Clause Mod: Limit one foe put to sleep\n|rule|Species Clause: Limit one of each Pok\u00e9mon\n|rule|OHKO Clause: OHKO moves are banned\n|rule|Evasion Items Clause: Evasion items are banned\n|rule|Evasion Moves Clause: Evasion moves are banned\n|rule|Endless Battle Clause: Forcing endless battles is banned\n|rule|HP Percentage Mod: HP is shown in percentages\n|rule|Dynamax Clause: You cannot dynamax\n|clearpoke\n|poke|p1|Tyranitar, M|\n|poke|p1|Excadrill, M|\n|poke|p1|Slowbro, F|\n|poke|p1|Tornadus-Therian, M|\n|poke|p1|Buzzwole|\n|poke|p1|Heatran, M|\n|poke|p2|Rotom-Wash|\n|poke|p2|Weavile, M|\n|poke|p2|Landorus-Therian, M|\n|poke|p2|Heatran, M|\n|poke|p2|Tangrowth, F|\n|poke|p2|Melmetal|\n|teampreview\n|c|\u2606minimax_ai|hf\n|inactive|Battle timer is ON: inactive players will automatically lose when time's up. (requested by minimax_ai)\n|c|\u2606ChandosH|u too\n|\n|t:|1667975399\n|start\n|switch|p1a: Tornadus|Tornadus-Therian, M|100\/100\n|switch|p2a: landorustherian|Landorus-Therian, M|100\/100\n|-ability|p2a: landorustherian|Intimidate|boost\n|-unboost|p1a: Tornadus|atk|1\n|turn|1\n|\n|t:|1667975404\n|move|p1a: Tornadus|Toxic|p2a: landorustherian\n|-status|p2a: landorustherian|tox\n|move|p2a: landorustherian|Toxic|p1a: Tornadus|[miss]\n|-miss|p2a: landorustherian|p1a: Tornadus\n|\n|-damage|p2a: landorustherian|94\/100 tox|[from] psn\n|upkeep\n|turn|2\n|\n|t:|1667975417\n|switch|p2a: Melmetal|Melmetal|100\/100\n|move|p1a: Tornadus|Knock Off|p2a: Melmetal\n|-damage|p2a: Melmetal|93\/100\n|-enditem|p2a: Melmetal|Assault Vest|[from] move: Knock Off|[of] p1a: Tornadus\n|\n|upkeep\n|turn|3\n|\n|t:|1667975426\n|move|p1a: Tornadus|U-turn|p2a: Melmetal\n|-resisted|p2a: Melmetal\n|-crit|p2a: Melmetal\n|-damage|p2a: Melmetal|87\/100\n|\n|t:|1667975436\n|switch|p1a: Slowbro|Slowbro, F|100\/100|[from]move: U-turn\n|move|p2a: Melmetal|Ice Punch|p1a: Slowbro\n|-resisted|p1a: Slowbro\n|-damage|p1a: Slowbro|91\/100\n|-damage|p2a: Melmetal|70\/100|[from] item: Rocky Helmet|[of] p1a: Slowbro\n|\n|upkeep\n|turn|4\n|\n|t:|1667975445\n|switch|p2a: Tangrowth|Tangrowth, F|100\/100\n|move|p1a: Slowbro|Teleport|p1a: Slowbro\n|\n|t:|1667975457\n|switch|p1a: Heatran|Heatran, M|100\/100|[from]move: Teleport\n|\n|upkeep\n|turn|5\n|j| PoobleMaster945\n|j| LT_Alt1\n|\n|t:|1667975462\n|switch|p2a: rotomwash|Rotom-Wash|100\/100\n|move|p1a: Heatran|Stealth Rock|p2a: rotomwash\n|-sidestart|p2: minimax_ai|move: Stealth Rock\n|\n|upkeep\n|turn|6\n|\n|t:|1667975469\n|move|p1a: Heatran|Toxic|p2a: rotomwash|[miss]\n|-miss|p1a: Heatran|p2a: rotomwash\n|move|p2a: rotomwash|Nasty Plot|p2a: rotomwash\n|-boost|p2a: rotomwash|spa|2\n|\n|upkeep\n|turn|7\n|\n|t:|1667975477\n|move|p1a: Heatran|Toxic|p2a: rotomwash\n|-status|p2a: rotomwash|tox\n|move|p2a: rotomwash|Thunderbolt|p1a: Heatran\n|-damage|p1a: Heatran|35\/100\n|\n|-heal|p1a: Heatran|42\/100|[from] item: Leftovers\n|-damage|p2a: rotomwash|94\/100 tox|[from] psn\n|upkeep\n|turn|8\n|inactive|ChandosH has 120 seconds left.\n|inactive|ChandosH has 90 seconds left.\n|c|\u2606ChandosH|im noticing a recurring problem with this team and rotom lol\n|\n|t:|1667975554\n|move|p1a: Heatran|Magma Storm|p2a: rotomwash\n|-resisted|p2a: rotomwash\n|-damage|p2a: rotomwash|68\/100 tox\n|-activate|p2a: rotomwash|move: Magma Storm|[of] p1a: Heatran\n|move|p2a: rotomwash|Thunderbolt|p1a: Heatran\n|-damage|p1a: Heatran|0 fnt\n|faint|p1a: Heatran\n|\n|-heal|p2a: rotomwash|74\/100 tox|[from] item: Leftovers\n|-damage|p2a: rotomwash|61\/100 tox|[from] psn\n|-end|p2a: rotomwash|Magma Storm|[partiallytrapped]|[silent]\n|upkeep\n|inactive|ChandosH has 60 seconds left.\n|\n|t:|1667975598\n|switch|p1a: Tornadus|Tornadus-Therian, M|100\/100\n|turn|9\n|\n|t:|1667975603\n|move|p1a: Tornadus|U-turn|p2a: rotomwash\n|-damage|p2a: rotomwash|45\/100 tox\n|\n|t:|1667975607\n|switch|p1a: Tyranitar|Tyranitar, M|100\/100|[from]move: U-turn\n|-weather|Sandstorm|[from] ability: Sand Stream|[of] p1a: Tyranitar\n|move|p2a: rotomwash|Pain Split|p1a: Tyranitar\n|-sethp|p1a: Tyranitar|70\/100|[from] move: Pain Split|[silent]\n|-sethp|p2a: rotomwash|79\/100 tox|[from] move: Pain Split\n|\n|-weather|Sandstorm|[upkeep]\n|-damage|p2a: rotomwash|73\/100 tox|[from] Sandstorm\n|-heal|p2a: rotomwash|79\/100 tox|[from] item: Leftovers\n|-damage|p2a: rotomwash|60\/100 tox|[from] psn\n|upkeep\n|turn|10\n|\n|t:|1667975614\n|switch|p2a: Tangrowth|Tangrowth, F|100\/100\n|-damage|p2a: Tangrowth|88\/100|[from] Stealth Rock\n|switch|p1a: Slowbro|Slowbro, F|100\/100\n|\n|-weather|Sandstorm|[upkeep]\n|-damage|p2a: Tangrowth|82\/100|[from] Sandstorm\n|-damage|p1a: Slowbro|94\/100|[from] Sandstorm\n|upkeep\n|turn|11\n|inactive|ChandosH has 60 seconds left.\n|\n|t:|1667975620\n|move|p2a: Tangrowth|Sleep Powder|p1a: Slowbro|[miss]\n|-miss|p2a: Tangrowth|p1a: Slowbro\n|move|p1a: Slowbro|Teleport|p1a: Slowbro\n|inactive|ChandosH has 60 seconds left.\n|\n|t:|1667975627\n|switch|p1a: Tornadus|Tornadus-Therian, M|100\/100|[from]move: Teleport\n|\n|-weather|Sandstorm|[upkeep]\n|-damage|p1a: Tornadus|94\/100|[from] Sandstorm\n|-damage|p2a: Tangrowth|76\/100|[from] Sandstorm\n|upkeep\n|turn|12\n|\n|t:|1667975636\n|switch|p2a: rotomwash|Rotom-Wash|60\/100 tox\n|-damage|p2a: rotomwash|48\/100 tox|[from] Stealth Rock\n|move|p1a: Tornadus|Knock Off|p2a: rotomwash\n|-damage|p2a: rotomwash|27\/100 tox\n|-enditem|p2a: rotomwash|Leftovers|[from] move: Knock Off|[of] p1a: Tornadus\n|\n|-weather|Sandstorm|[upkeep]\n|-damage|p1a: Tornadus|88\/100|[from] Sandstorm\n|-damage|p2a: rotomwash|21\/100 tox|[from] Sandstorm\n|-damage|p2a: rotomwash|15\/100 tox|[from] psn\n|upkeep\n|turn|13\n|\n|t:|1667975645\n|move|p1a: Tornadus|Knock Off|p2a: rotomwash\n|-damage|p2a: rotomwash|0 fnt\n|faint|p2a: rotomwash\n|\n|-weather|none\n|upkeep\n|\n|t:|1667975645\n|switch|p2a: Heatran|Heatran, M|100\/100\n|-damage|p2a: Heatran|88\/100|[from] Stealth Rock\n|-item|p2a: Heatran|Air Balloon\n|turn|14\n|\n|t:|1667975654\n|move|p1a: Tornadus|U-turn|p2a: Heatran\n|-resisted|p2a: Heatran\n|-damage|p2a: Heatran|85\/100\n|-enditem|p2a: Heatran|Air Balloon\n|\n|t:|1667975660\n|switch|p1a: Slowbro|Slowbro, F|100\/100|[from]move: U-turn\n|move|p2a: Heatran|Earth Power|p1a: Slowbro\n|-damage|p1a: Slowbro|66\/100\n|-unboost|p1a: Slowbro|spd|1\n|\n|upkeep\n|turn|15\n|\n|t:|1667975674\n|move|p2a: Heatran|Earth Power|p1a: Slowbro\n|-crit|p1a: Slowbro\n|-damage|p1a: Slowbro|0 fnt\n|faint|p1a: Slowbro\n|\n|upkeep\n|inactive|ChandosH has 60 seconds left.\n|\n|t:|1667975708\n|switch|p1a: Tyranitar|Tyranitar, M|70\/100\n|-weather|Sandstorm|[from] ability: Sand Stream|[of] p1a: Tyranitar\n|turn|16\n|inactive|ChandosH has 60 seconds left.\n|\n|t:|1667975716\n|switch|p2a: Tangrowth|Tangrowth, F|100\/100\n|-damage|p2a: Tangrowth|88\/100|[from] Stealth Rock\n|move|p1a: Tyranitar|Stone Edge|p2a: Tangrowth\n|-damage|p2a: Tangrowth|43\/100\n|\n|-weather|Sandstorm|[upkeep]\n|-damage|p2a: Tangrowth|37\/100|[from] Sandstorm\n|upkeep\n|turn|17\n|\n|t:|1667975725\n|switch|p2a: Melmetal|Melmetal|70\/100\n|-damage|p2a: Melmetal|64\/100|[from] Stealth Rock\n|move|p1a: Tyranitar|Stone Edge|p2a: Melmetal\n|-resisted|p2a: Melmetal\n|-damage|p2a: Melmetal|41\/100\n|\n|-weather|Sandstorm|[upkeep]\n|upkeep\n|turn|18\n|\n|t:|1667975732\n|switch|p1a: Buzzwole|Buzzwole|100\/100\n|move|p2a: Melmetal|Double Iron Bash|p1a: Buzzwole\n|-damage|p1a: Buzzwole|80\/100\n|-damage|p2a: Melmetal|24\/100|[from] item: Rocky Helmet|[of] p1a: Buzzwole\n|-damage|p1a: Buzzwole|59\/100\n|-damage|p2a: Melmetal|8\/100|[from] item: Rocky Helmet|[of] p1a: Buzzwole\n|-hitcount|p1a: Buzzwole|2\n|\n|-weather|Sandstorm|[upkeep]\n|-damage|p1a: Buzzwole|53\/100|[from] Sandstorm\n|upkeep\n|turn|19\n|\n|t:|1667975740\n|move|p1a: Buzzwole|Roost|p1a: Buzzwole\n|-heal|p1a: Buzzwole|100\/100\n|-singleturn|p1a: Buzzwole|move: Roost\n|move|p2a: Melmetal|Double Iron Bash|p1a: Buzzwole\n|-damage|p1a: Buzzwole|81\/100\n|-damage|p2a: Melmetal|0 fnt|[from] item: Rocky Helmet|[of] p1a: Buzzwole\n|faint|p2a: Melmetal\n|-hitcount|p1a: Buzzwole|1\n|\n|-weather|Sandstorm|[upkeep]\n|-damage|p1a: Buzzwole|75\/100|[from] Sandstorm\n|upkeep\n|\n|t:|1667975740\n|switch|p2a: Heatran|Heatran, M|85\/100\n|-damage|p2a: Heatran|72\/100|[from] Stealth Rock\n|turn|20\n|inactive|ChandosH has 60 seconds left.\n|\n|t:|1667975773\n|switch|p1a: Tornadus|Tornadus-Therian, M|100\/100\n|move|p2a: Heatran|Magma Storm|p1a: Tornadus\n|-damage|p1a: Tornadus|44\/100\n|-activate|p1a: Tornadus|move: Magma Storm|[of] p2a: Heatran\n|\n|-weather|none\n|-damage|p1a: Tornadus|32\/100|[from] move: Magma Storm|[partiallytrapped]\n|upkeep\n|turn|21\n|\n|t:|1667975780\n|move|p1a: Tornadus|Hurricane|p2a: Heatran\n|-resisted|p2a: Heatran\n|-damage|p2a: Heatran|53\/100\n|move|p2a: Heatran|Earth Power|p1a: Tornadus\n|-immune|p1a: Tornadus\n|\n|-damage|p1a: Tornadus|19\/100|[from] move: Magma Storm|[partiallytrapped]\n|upkeep\n|turn|22\n|inactive|ChandosH has 60 seconds left.\n|\n|t:|1667975807\n|move|p1a: Tornadus|U-turn|p2a: Heatran\n|-resisted|p2a: Heatran\n|-damage|p2a: Heatran|49\/100\n|\n|t:|1667975818\n|switch|p1a: Excadrill|Excadrill, M|100\/100|[from]move: U-turn\n|move|p2a: Heatran|Earth Power|p1a: Excadrill\n|-supereffective|p1a: Excadrill\n|-damage|p1a: Excadrill|15\/100\n|\n|-heal|p1a: Excadrill|21\/100|[from] item: Leftovers\n|upkeep\n|turn|23\n|\n|t:|1667975825\n|switch|p2a: Tangrowth|Tangrowth, F|70\/100\n|-damage|p2a: Tangrowth|58\/100|[from] Stealth Rock\n|move|p1a: Excadrill|Swords Dance|p1a: Excadrill\n|-boost|p1a: Excadrill|atk|2\n|\n|-heal|p1a: Excadrill|27\/100|[from] item: Leftovers\n|upkeep\n|turn|24\n|\n|t:|1667975833\n|move|p1a: Excadrill|Iron Head|p2a: Tangrowth\n|-damage|p2a: Tangrowth|12\/100\n|-damage|p1a: Excadrill|11\/100|[from] item: Rocky Helmet|[of] p2a: Tangrowth\n|move|p2a: Tangrowth|Giga Drain|p1a: Excadrill\n|-damage|p1a: Excadrill|0 fnt\n|-heal|p2a: Tangrowth|16\/100|[from] drain|[of] p1a: Excadrill\n|faint|p1a: Excadrill\n|\n|upkeep\n|\n|t:|1667975849\n|switch|p1a: Tyranitar|Tyranitar, M|70\/100\n|-weather|Sandstorm|[from] ability: Sand Stream|[of] p1a: Tyranitar\n|turn|25\n|\n|t:|1667975860\n|move|p1a: Tyranitar|Stone Edge|p2a: Tangrowth\n|-damage|p2a: Tangrowth|0 fnt\n|faint|p2a: Tangrowth\n|\n|-weather|Sandstorm|[upkeep]\n|upkeep\n|\n|t:|1667975860\n|switch|p2a: landorustherian|Landorus-Therian, M|94\/100 tox\n|-damage|p2a: landorustherian|82\/100 tox|[from] Stealth Rock\n|-ability|p2a: landorustherian|Intimidate|boost\n|-unboost|p1a: Tyranitar|atk|1\n|turn|26\n|\n|t:|1667975885\n|switch|p1a: Buzzwole|Buzzwole|75\/100\n|move|p2a: landorustherian|Toxic|p1a: Buzzwole\n|-status|p1a: Buzzwole|tox\n|\n|-weather|Sandstorm|[upkeep]\n|-damage|p1a: Buzzwole|68\/100 tox|[from] Sandstorm\n|-heal|p2a: landorustherian|88\/100 tox|[from] item: Leftovers\n|-damage|p1a: Buzzwole|62\/100 tox|[from] psn\n|-damage|p2a: landorustherian|82\/100 tox|[from] psn\n|upkeep\n|turn|27\n|\n|t:|1667975895\n|switch|p2a: Heatran|Heatran, M|49\/100\n|-damage|p2a: Heatran|37\/100|[from] Stealth Rock\n|move|p1a: Buzzwole|Roost|p1a: Buzzwole\n|-heal|p1a: Buzzwole|100\/100 tox\n|-singleturn|p1a: Buzzwole|move: Roost\n|\n|-weather|Sandstorm|[upkeep]\n|-damage|p1a: Buzzwole|94\/100 tox|[from] Sandstorm\n|-damage|p1a: Buzzwole|82\/100 tox|[from] psn\n|upkeep\n|turn|28\n|\n|t:|1667975900\n|switch|p1a: Tornadus|Tornadus-Therian, M|52\/100\n|move|p2a: Heatran|Magma Storm|p1a: Tornadus|[miss]\n|-miss|p2a: Heatran|p1a: Tornadus\n|\n|-weather|Sandstorm|[upkeep]\n|-damage|p1a: Tornadus|46\/100|[from] Sandstorm\n|upkeep\n|turn|29\n|\n|t:|1667975905\n|move|p1a: Tornadus|Knock Off|p2a: Heatran\n|-damage|p2a: Heatran|23\/100\n|move|p2a: Heatran|Earth Power|p1a: Tornadus\n|-immune|p1a: Tornadus\n|\n|-weather|none\n|upkeep\n|turn|30\n|\n|t:|1667975910\n|move|p1a: Tornadus|Hurricane|p2a: Heatran\n|-resisted|p2a: Heatran\n|-damage|p2a: Heatran|4\/100\n|move|p2a: Heatran|Earth Power|p1a: Tornadus\n|-immune|p1a: Tornadus\n|\n|upkeep\n|turn|31\n|\n|t:|1667975917\n|move|p1a: Tornadus|Knock Off|p2a: Heatran\n|-damage|p2a: Heatran|0 fnt\n|faint|p2a: Heatran\n|\n|upkeep\n|\n|t:|1667975917\n|switch|p2a: Weavile|Weavile, M|100\/100\n|-damage|p2a: Weavile|76\/100|[from] Stealth Rock\n|-ability|p2a: Weavile|Pressure\n|turn|32\n|\n|t:|1667975932\n|move|p2a: Weavile|Triple Axel|p1a: Tornadus\n|-supereffective|p1a: Tornadus\n|-damage|p1a: Tornadus|17\/100\n|-supereffective|p1a: Tornadus\n|-damage|p1a: Tornadus|0 fnt\n|faint|p1a: Tornadus\n|-hitcount|p1: Tornadus|2\n|\n|upkeep\n|\n|t:|1667975936\n|switch|p1a: Buzzwole|Buzzwole|82\/100 tox\n|turn|33\n|\n|t:|1667975961\n|move|p2a: Weavile|Triple Axel|p1a: Buzzwole\n|-damage|p1a: Buzzwole|74\/100 tox\n|-damage|p2a: Weavile|59\/100|[from] item: Rocky Helmet|[of] p1a: Buzzwole\n|-damage|p1a: Buzzwole|59\/100 tox\n|-damage|p2a: Weavile|43\/100|[from] item: Rocky Helmet|[of] p1a: Buzzwole\n|-damage|p1a: Buzzwole|35\/100 tox\n|-damage|p2a: Weavile|26\/100|[from] item: Rocky Helmet|[of] p1a: Buzzwole\n|-hitcount|p1a: Buzzwole|3\n|move|p1a: Buzzwole|Roost|p1a: Buzzwole\n|-heal|p1a: Buzzwole|85\/100 tox\n|-singleturn|p1a: Buzzwole|move: Roost\n|\n|-damage|p1a: Buzzwole|79\/100 tox|[from] psn\n|upkeep\n|turn|34\n|\n|t:|1667975974\n|move|p2a: Weavile|Triple Axel|p1a: Buzzwole\n|-crit|p1a: Buzzwole\n|-damage|p1a: Buzzwole|67\/100 tox\n|-damage|p2a: Weavile|10\/100|[from] item: Rocky Helmet|[of] p1a: Buzzwole\n|-damage|p1a: Buzzwole|51\/100 tox\n|-damage|p2a: Weavile|0 fnt|[from] item: Rocky Helmet|[of] p1a: Buzzwole\n|faint|p2a: Weavile\n|-hitcount|p1a: Buzzwole|2\n|move|p1a: Buzzwole|Roost|p1a: Buzzwole\n|-heal|p1a: Buzzwole|100\/100 tox\n|-singleturn|p1a: Buzzwole|move: Roost\n|\n|-damage|p1a: Buzzwole|88\/100 tox|[from] psn\n|upkeep\n|\n|t:|1667975974\n|switch|p2a: landorustherian|Landorus-Therian, M|82\/100 tox\n|-damage|p2a: landorustherian|70\/100 tox|[from] Stealth Rock\n|-ability|p2a: landorustherian|Intimidate|boost\n|-unboost|p1a: Buzzwole|atk|1\n|turn|35\n|\n|t:|1667975980\n|switch|p1a: Tyranitar|Tyranitar, M|70\/100\n|-weather|Sandstorm|[from] ability: Sand Stream|[of] p1a: Tyranitar\n|move|p2a: landorustherian|Earthquake|p1a: Tyranitar\n|-supereffective|p1a: Tyranitar\n|-damage|p1a: Tyranitar|0 fnt\n|faint|p1a: Tyranitar\n|\n|-weather|Sandstorm|[upkeep]\n|-heal|p2a: landorustherian|76\/100 tox|[from] item: Leftovers\n|-damage|p2a: landorustherian|70\/100 tox|[from] psn\n|upkeep\n|\n|t:|1667975985\n|switch|p1a: Buzzwole|Buzzwole|88\/100 tox\n|turn|36\n|\n|t:|1667975988\n|move|p1a: Buzzwole|Ice Punch|p2a: landorustherian\n|-supereffective|p2a: landorustherian\n|-damage|p2a: landorustherian|0 fnt\n|faint|p2a: landorustherian\n|\n|win|ChandosH\n|raw|ChandosH's rating: 1756 &rarr; <strong>1771<\/strong><br \/>(+15 for winning)\n|raw|minimax_ai's rating: 1663 &rarr; <strong>1648<\/strong><br \/>(-15 for losing)\n|c|\u2606minimax_ai|gg\n|l|\u2606minimax_ai\n|c|\u2606ChandosH|Gg\n||Ladder isn't responding, score probably updated but might not have (Request timeout).\n","uploadtime":1667975990,"views":4,"p1id":"chandosh","p2id":"minimaxai","formatid":"gen8ou","rating":1648,"private":0,"password":null}