{"id":"gen8ou-1599246783","p1":"beastyj157","p2":"amstan","format":"gen8ou","log":"|j|\u2606beastyj157\n|j|\u2606amstan\n|inactive|Battle timer is ON: inactive players will automatically lose when time's up.\n|t:|1655589200\n|gametype|singles\n|player|p1|beastyj157|skierf|\n|player|p2|amstan|giovanni|\n|teamsize|p1|6\n|teamsize|p2|6\n|gen|8\n|tier|[Gen 8] OU\n|rated|Tournament battle\n|rule|Sleep Clause Mod: Limit one foe put to sleep\n|rule|Species Clause: Limit one of each Pok\u00e9mon\n|rule|OHKO Clause: OHKO moves are banned\n|rule|Evasion Moves Clause: Evasion moves are banned\n|rule|Endless Battle Clause: Forcing endless battles is banned\n|rule|HP Percentage Mod: HP is shown in percentages\n|rule|Dynamax Clause: You cannot dynamax\n|clearpoke\n|poke|p1|Nidoking, M|\n|poke|p1|Slowbro, F|\n|poke|p1|Heatran, F|\n|poke|p1|Landorus-Therian, M|\n|poke|p1|Weavile, F|\n|poke|p1|Tornadus-Therian, M|\n|poke|p2|Keldeo-Resolute|\n|poke|p2|Heatran, F|\n|poke|p2|Tapu Koko|\n|poke|p2|Landorus-Therian, M|\n|poke|p2|Bisharp, M|\n|poke|p2|Dragonite, F|\n|teampreview\n|inactive|beastyj157 also wants the timer to be on.\n|\n|t:|1655589209\n|start\n|switch|p1a: Nidoking|Nidoking, M|100\/100\n|switch|p2a: Keldeo|Keldeo-Resolute|100\/100\n|turn|1\n|j| Rosaism\n|\n|t:|1655589214\n|switch|p1a: Slowbro|Slowbro, F|100\/100\n|move|p2a: Keldeo|Substitute|p2a: Keldeo\n|-start|p2a: Keldeo|Substitute\n|-damage|p2a: Keldeo|76\/100\n|\n|-heal|p2a: Keldeo|82\/100|[from] item: Leftovers\n|upkeep\n|turn|2\n|\n|t:|1655589218\n|move|p2a: Keldeo|Scald|p1a: Slowbro\n|-resisted|p1a: Slowbro\n|-damage|p1a: Slowbro|80\/100\n|move|p1a: Slowbro|Future Sight|p2a: Keldeo\n|-start|p1a: Slowbro|move: Future Sight\n|\n|-heal|p2a: Keldeo|88\/100|[from] item: Leftovers\n|upkeep\n|turn|3\n|\n|t:|1655589222\n|move|p2a: Keldeo|Calm Mind|p2a: Keldeo\n|-boost|p2a: Keldeo|spa|1\n|-boost|p2a: Keldeo|spd|1\n|move|p1a: Slowbro|Teleport|p1a: Slowbro\n|\n|t:|1655589227\n|switch|p1a: Tornadus|Tornadus-Therian, M|100\/100|[from]move: Teleport\n|\n|-heal|p2a: Keldeo|94\/100|[from] item: Leftovers\n|upkeep\n|turn|4\n|\n|t:|1655589229\n|move|p1a: Tornadus|Hurricane|p2a: Keldeo\n|-supereffective|p2a: Keldeo\n|-end|p2a: Keldeo|Substitute\n|move|p2a: Keldeo|Scald|p1a: Tornadus\n|-damage|p1a: Tornadus|46\/100\n|\n|-end|p2a: Keldeo|move: Future Sight\n|-supereffective|p2a: Keldeo\n|-damage|p2a: Keldeo|31\/100\n|-heal|p2a: Keldeo|37\/100|[from] item: Leftovers\n|upkeep\n|turn|5\n|\n|t:|1655589239\n|switch|p2a: Tapu Koko|Tapu Koko|100\/100\n|-fieldstart|move: Electric Terrain|[from] ability: Electric Surge|[of] p2a: Tapu Koko\n|move|p1a: Tornadus|U-turn|p2a: Tapu Koko\n|-resisted|p2a: Tapu Koko\n|-damage|p2a: Tapu Koko|91\/100\n|\n|t:|1655589242\n|switch|p1a: Nidoking|Nidoking, M|100\/100|[from]move: U-turn\n|\n|upkeep\n|turn|6\n|\n|t:|1655589251\n|move|p2a: Tapu Koko|U-turn|p1a: Nidoking\n|-resisted|p1a: Nidoking\n|-damage|p1a: Nidoking|89\/100\n|\n|t:|1655589258\n|switch|p2a: Dragonite|Dragonite, F|100\/100|[from]move: U-turn\n|move|p1a: Nidoking|Ice Beam|p2a: Dragonite\n|-supereffective|p2a: Dragonite\n|-crit|p2a: Dragonite\n|-damage|p2a: Dragonite|0 fnt\n|faint|p2a: Dragonite\n|\n|upkeep\n|c|\u2606beastyj157|NICE\n|\n|t:|1655589262\n|switch|p2a: Keldeo|Keldeo-Resolute|37\/100\n|turn|7\n|j| TheNewBrends11@!\n|\n|t:|1655589272\n|switch|p1a: Slowbro|Slowbro, F|100\/100\n|move|p2a: Keldeo|Scald|p1a: Slowbro\n|-resisted|p1a: Slowbro\n|-damage|p1a: Slowbro|78\/100\n|\n|-heal|p2a: Keldeo|43\/100|[from] item: Leftovers\n|upkeep\n|turn|8\n|\n|t:|1655589281\n|switch|p2a: Heatran|Heatran, F|100\/100\n|move|p1a: Slowbro|Future Sight|p2a: Heatran\n|-start|p1a: Slowbro|move: Future Sight\n|\n|upkeep\n|turn|9\n|\n|t:|1655589284\n|move|p2a: Heatran|Magma Storm|p1a: Slowbro\n|-resisted|p1a: Slowbro\n|-damage|p1a: Slowbro|57\/100\n|-activate|p1a: Slowbro|move: Magma Storm|[of] p2a: Heatran\n|move|p1a: Slowbro|Teleport|p1a: Slowbro\n|\n|t:|1655589290\n|switch|p1a: Nidoking|Nidoking, M|89\/100|[from]move: Teleport\n|\n|-fieldend|move: Electric Terrain\n|upkeep\n|turn|10\n|\n|t:|1655589298\n|switch|p2a: Landorus|Landorus-Therian, M|100\/100\n|-ability|p2a: Landorus|Intimidate|boost\n|-unboost|p1a: Nidoking|atk|1\n|move|p1a: Nidoking|Earth Power|p2a: Landorus\n|-immune|p2a: Landorus\n|\n|-end|p2a: Landorus|move: Future Sight\n|-damage|p2a: Landorus|57\/100\n|-heal|p2a: Landorus|63\/100|[from] item: Leftovers\n|upkeep\n|turn|11\n|\n|t:|1655589300\n|move|p1a: Nidoking|Ice Beam|p2a: Landorus\n|-supereffective|p2a: Landorus\n|-crit|p2a: Landorus\n|-damage|p2a: Landorus|0 fnt\n|faint|p2a: Landorus\n|\n|upkeep\n|\n|t:|1655589305\n|switch|p2a: Keldeo|Keldeo-Resolute|43\/100\n|turn|12\n|\n|t:|1655589310\n|switch|p1a: Slowbro|Slowbro, F|90\/100\n|move|p2a: Keldeo|Substitute|p2a: Keldeo\n|-start|p2a: Keldeo|Substitute\n|-damage|p2a: Keldeo|18\/100\n|\n|-heal|p2a: Keldeo|24\/100|[from] item: Leftovers\n|upkeep\n|turn|13\n|\n|t:|1655589317\n|move|p2a: Keldeo|Calm Mind|p2a: Keldeo\n|-boost|p2a: Keldeo|spa|1\n|-boost|p2a: Keldeo|spd|1\n|move|p1a: Slowbro|Future Sight|p2a: Keldeo\n|-start|p1a: Slowbro|move: Future Sight\n|\n|-heal|p2a: Keldeo|31\/100|[from] item: Leftovers\n|upkeep\n|turn|14\n|\n|t:|1655589321\n|move|p2a: Keldeo|Calm Mind|p2a: Keldeo\n|-boost|p2a: Keldeo|spa|1\n|-boost|p2a: Keldeo|spd|1\n|move|p1a: Slowbro|Teleport|p1a: Slowbro\n|\n|t:|1655589330\n|switch|p1a: Weavile|Weavile, F|100\/100|[from]move: Teleport\n|-ability|p1a: Weavile|Pressure\n|\n|-heal|p2a: Keldeo|37\/100|[from] item: Leftovers\n|upkeep\n|turn|15\n|\n|t:|1655589335\n|move|p1a: Weavile|Triple Axel|p2a: Keldeo|[miss]\n|-miss|p1a: Weavile|p2a: Keldeo\n|move|p2a: Keldeo|Substitute|p2a: Keldeo\n|-fail|p2a: Keldeo|move: Substitute\n|\n|-end|p2a: Keldeo|move: Future Sight\n|-supereffective|p2a: Keldeo\n|-end|p2a: Keldeo|Substitute\n|-heal|p2a: Keldeo|43\/100|[from] item: Leftovers\n|upkeep\n|turn|16\n|\n|t:|1655589338\n|move|p1a: Weavile|Triple Axel|p2a: Keldeo\n|-resisted|p2a: Keldeo\n|-damage|p2a: Keldeo|37\/100\n|-resisted|p2a: Keldeo\n|-damage|p2a: Keldeo|25\/100\n|-resisted|p2a: Keldeo\n|-damage|p2a: Keldeo|9\/100\n|-hitcount|p2a: Keldeo|3\n|move|p2a: Keldeo|Substitute|p2a: Keldeo\n|-fail|p2a: Keldeo|move: Substitute|[weak]\n|\n|-heal|p2a: Keldeo|15\/100|[from] item: Leftovers\n|upkeep\n|turn|17\n|c|\u2606beastyj157|mad man\n|c|\u2606beastyj157|thats all ima say\n|\n|t:|1655589355\n|move|p1a: Weavile|Knock Off|p2a: Keldeo\n|-resisted|p2a: Keldeo\n|-damage|p2a: Keldeo|0 fnt\n|-enditem|p2a: Keldeo|Leftovers|[from] move: Knock Off|[of] p1a: Weavile\n|faint|p2a: Keldeo\n|\n|upkeep\n|\n|t:|1655589358\n|switch|p2a: Tapu Koko|Tapu Koko|91\/100\n|-fieldstart|move: Electric Terrain|[from] ability: Electric Surge|[of] p2a: Tapu Koko\n|turn|18\n|\n|t:|1655589361\n|switch|p1a: Nidoking|Nidoking, M|89\/100\n|move|p2a: Tapu Koko|Dazzling Gleam|p1a: Nidoking\n|-resisted|p1a: Nidoking\n|-damage|p1a: Nidoking|60\/100\n|\n|upkeep\n|turn|19\n|\n|t:|1655589365\n|move|p2a: Tapu Koko|U-turn|p1a: Nidoking\n|-resisted|p1a: Nidoking\n|-damage|p1a: Nidoking|48\/100\n|\n|t:|1655589367\n|switch|p2a: Heatran|Heatran, F|100\/100|[from]move: U-turn\n|move|p1a: Nidoking|Earth Power|p2a: Heatran\n|-supereffective|p2a: Heatran\n|-damage|p2a: Heatran|0 fnt\n|faint|p2a: Heatran\n|\n|upkeep\n|\n|t:|1655589368\n|switch|p2a: Tapu Koko|Tapu Koko|91\/100\n|turn|20\n|\n|t:|1655589374\n|move|p2a: Tapu Koko|Dazzling Gleam|p1a: Nidoking\n|-resisted|p1a: Nidoking\n|-damage|p1a: Nidoking|19\/100\n|move|p1a: Nidoking|Earth Power|p2a: Tapu Koko\n|-supereffective|p2a: Tapu Koko\n|-damage|p2a: Tapu Koko|0 fnt\n|faint|p2a: Tapu Koko\n|\n|upkeep\n|\n|t:|1655589377\n|switch|p2a: Bisharp|Bisharp, M|100\/100\n|turn|21\n|\n|t:|1655589378\n|move|p2a: Bisharp|Sucker Punch|p1a: Nidoking\n|-damage|p1a: Nidoking|0 fnt\n|faint|p1a: Nidoking\n|\n|upkeep\n|\n|t:|1655589382\n|switch|p1a: Heatran|Heatran, F|100\/100\n|turn|22\n|\n|t:|1655589394\n|move|p2a: Bisharp|Sucker Punch|p1a: Heatran\n|-damage|p1a: Heatran|50\/100\n|move|p1a: Heatran|Earth Power|p2a: Bisharp\n|-supereffective|p2a: Bisharp\n|-damage|p2a: Bisharp|8\/100\n|-unboost|p2a: Bisharp|spd|1\n|-ability|p2a: Bisharp|Defiant\n|-boost|p2a: Bisharp|atk|2\n|\n|-heal|p1a: Heatran|57\/100|[from] item: Leftovers\n|-fieldend|move: Electric Terrain\n|upkeep\n|turn|23\n|c|\u2606beastyj157|....\n|\n|t:|1655589402\n|move|p2a: Bisharp|Sucker Punch|p1a: Heatran\n|-damage|p1a: Heatran|0 fnt\n|faint|p1a: Heatran\n|\n|upkeep\n|\n|t:|1655589405\n|switch|p1a: Weavile|Weavile, F|100\/100\n|-ability|p1a: Weavile|Pressure\n|turn|24\n|c|\u2606amstan|gg\n|c|\u2606beastyj157|!dt sucker punch\n|raw|<ul class=\"utilichart\"><li class=\"result\"><span class=\"col movenamecol\"><a href=\"https:\/\/dex.pokemonshowdown.com\/moves\/suckerpunch\">Sucker Punch<\/a><\/span> <span class=\"col typecol\"><img src=\"\/\/play.pokemonshowdown.com\/sprites\/types\/Dark.png\" alt=\"Dark\" width=\"32\" height=\"14\"><img src=\"\/\/play.pokemonshowdown.com\/sprites\/categories\/Physical.png\" alt=\"Physical\" width=\"32\" height=\"14\"><\/span> <span class=\"col labelcol\"><em>Power<\/em><br>70<\/span> <span class=\"col widelabelcol\"><em>Accuracy<\/em><br>100%<\/span> <span class=\"col pplabelcol\"><em>PP<\/em><br>8<\/span> <span class=\"col movedesccol\">Usually goes first. Fails if target is not attacking.<\/span> <\/li><li style=\"clear:both\"><\/li><\/ul>\n|raw|<font size=\"1\"><font color=\"#686868\">Priority:<\/font> 1&nbsp;|&ThickSpace;<font color=\"#686868\">Gen:<\/font> 4&nbsp;|&ThickSpace;&#10003; Contact&nbsp;|&ThickSpace;<font color=\"#686868\">Z-Power:<\/font> 140&nbsp;|&ThickSpace;<font color=\"#686868\">Dynamax Power:<\/font> 120&nbsp;|&ThickSpace;<font color=\"#686868\">Target:<\/font> One Adjacent Pok\u00e9mon<\/font>\n\n|c|\u2606beastyj157|ok good\n|\n|t:|1655589430\n|move|p1a: Weavile|Ice Shard|p2a: Bisharp\n|-resisted|p2a: Bisharp\n|-damage|p2a: Bisharp|0 fnt\n|faint|p2a: Bisharp\n|\n|win|beastyj157\n|n|\u2606beastyj157|beastyj157\n|n|\u2606amstan|amstan\n|n| Rosaism|rosaism\n|n| TheNewBrends11@!|thenewbrends11\n|c|\u2606beastyj157|gg\n|l|\u2606beastyj157\n|l| Rosaism\n|j| Dloweds\n","uploadtime":1655589559,"views":15,"p1id":"beastyj157","p2id":"amstan","formatid":"gen8ou","rating":0,"private":0,"password":null}