{"id":"gen8ou-1143251116","p1":"Blitzburgh","p2":"big boss 447","format":"gen8ou","log":"|j|\u2606Blitzburgh\n|j|\u2606big boss 447\n|player|p1|Blitzburgh|101|1798\n|player|p2|big boss 447|n|1740\n|teamsize|p1|6\n|teamsize|p2|6\n|gametype|singles\n|gen|8\n|tier|[Gen 8] OU\n|rated|\n|clearpoke\n|poke|p1|Magearna|\n|poke|p1|Chansey, F|\n|poke|p1|Toxapex, M|\n|poke|p1|Urshifu-*, M|\n|poke|p1|Talonflame, F|\n|poke|p1|Tangrowth, F|\n|poke|p2|Torkoal, F|\n|poke|p2|Cinderace, M|\n|poke|p2|Venusaur, M|\n|poke|p2|Volcarona, M|\n|poke|p2|Aegislash, M|\n|poke|p2|Mandibuzz, F|\n|rule|Sleep Clause Mod: Limit one foe put to sleep\n|rule|Species Clause: Limit one of each Pok\u00e9mon\n|rule|OHKO Clause: OHKO moves are banned\n|rule|Evasion Moves Clause: Evasion moves are banned\n|rule|Endless Battle Clause: Forcing endless battles is banned\n|rule|HP Percentage Mod: HP is shown in percentages\n|rule|Dynamax Clause: You cannot dynamax\n|teampreview\n|\n|start\n|switch|p1a: Toxapex|Toxapex, M|100\/100\n|switch|p2a: Torkoal|Torkoal, F|100\/100\n|-weather|SunnyDay|[from] ability: Drought|[of] p2a: Torkoal\n|turn|1\n|j|\u203dADF WINS OU\n|inactive|Battle timer is ON: inactive players will automatically lose when time's up. (requested by Blitzburgh)\n|\n|move|p1a: Toxapex|Scald|p2a: Torkoal\n|-supereffective|p2a: Torkoal\n|-damage|p2a: Torkoal|77\/100\n|move|p2a: Torkoal|Stealth Rock|p1a: Toxapex\n|-sidestart|p1: Blitzburgh|move: Stealth Rock\n|\n|-weather|SunnyDay|[upkeep]\n|upkeep\n|turn|2\n|\n|move|p1a: Toxapex|Toxic|p2a: Torkoal\n|-status|p2a: Torkoal|tox\n|move|p2a: Torkoal|Yawn|p1a: Toxapex\n|-start|p1a: Toxapex|move: Yawn|[of] p2a: Torkoal\n|\n|-weather|SunnyDay|[upkeep]\n|-damage|p2a: Torkoal|71\/100 tox|[from] psn\n|upkeep\n|turn|3\n|\n|switch|p1a: Chansey|Chansey, F|100\/100\n|-damage|p1a: Chansey|88\/100|[from] Stealth Rock\n|switch|p2a: Cinderace|Cinderace, M|100\/100\n|\n|-weather|SunnyDay|[upkeep]\n|upkeep\n|turn|4\n|\n|switch|p1a: Toxapex|Toxapex, M|100\/100\n|-damage|p1a: Toxapex|88\/100|[from] Stealth Rock\n|move|p2a: Cinderace|Bulk Up|p2a: Cinderace\n|-start|p2a: Cinderace|typechange|Fighting|[from] ability: Libero\n|-boost|p2a: Cinderace|atk|1\n|-boost|p2a: Cinderace|def|1\n|\n|-weather|SunnyDay|[upkeep]\n|upkeep\n|turn|5\n|\n|move|p2a: Cinderace|Zen Headbutt|p1a: Toxapex\n|-start|p2a: Cinderace|typechange|Psychic|[from] ability: Libero\n|-supereffective|p1a: Toxapex\n|-damage|p1a: Toxapex|6\/100\n|move|p1a: Toxapex|Haze|p1a: Toxapex\n|-clearallboost\n|\n|-weather|SunnyDay|[upkeep]\n|upkeep\n|turn|6\n|\n|move|p2a: Cinderace|Pyro Ball|p1a: Toxapex\n|-start|p2a: Cinderace|typechange|Fire|[from] ability: Libero\n|-resisted|p1a: Toxapex\n|-damage|p1a: Toxapex|0 fnt\n|faint|p1a: Toxapex\n|\n|-weather|SunnyDay|[upkeep]\n|upkeep\n|\n|switch|p1a: Talonflame|Talonflame, F|100\/100\n|turn|7\n|\n|move|p1a: Talonflame|Toxic|p2a: Cinderace\n|-status|p2a: Cinderace|tox\n|move|p2a: Cinderace|Pyro Ball|p1a: Talonflame|[miss]\n|-miss|p2a: Cinderace|p1a: Talonflame\n|\n|-weather|SunnyDay|[upkeep]\n|-damage|p2a: Cinderace|94\/100 tox|[from] psn\n|upkeep\n|turn|8\n|\n|move|p1a: Talonflame|Defog|p2a: Cinderace\n|-unboost|p2a: Cinderace|evasion|1\n|-sideend|p1: Blitzburgh|Stealth Rock|[from] move: Defog|[of] p1a: Talonflame\n|move|p2a: Cinderace|Pyro Ball|p1a: Talonflame|[miss]\n|-miss|p2a: Cinderace|p1a: Talonflame\n|\n|-weather|none\n|-damage|p2a: Cinderace|82\/100 tox|[from] psn\n|upkeep\n|turn|9\n|\n|switch|p2a: Mandibuzz|Mandibuzz, F|100\/100\n|move|p1a: Talonflame|Toxic|p2a: Mandibuzz\n|-status|p2a: Mandibuzz|tox\n|\n|-damage|p2a: Mandibuzz|94\/100 tox|[from] psn\n|upkeep\n|turn|10\n|\n|switch|p1a: Magearna|Magearna|100\/100\n|move|p2a: Mandibuzz|Knock Off|p1a: Magearna\n|-resisted|p1a: Magearna\n|-damage|p1a: Magearna|92\/100\n|-enditem|p1a: Magearna|Leftovers|[from] move: Knock Off|[of] p2a: Mandibuzz\n|\n|-damage|p2a: Mandibuzz|82\/100 tox|[from] psn\n|upkeep\n|turn|11\n|\n|switch|p2a: Torkoal|Torkoal, F|71\/100 tox\n|-weather|SunnyDay|[from] ability: Drought|[of] p2a: Torkoal\n|move|p1a: Magearna|Flash Cannon|p2a: Torkoal\n|-resisted|p2a: Torkoal\n|-damage|p2a: Torkoal|41\/100 tox\n|\n|-weather|SunnyDay|[upkeep]\n|-damage|p2a: Torkoal|35\/100 tox|[from] psn\n|upkeep\n|turn|12\n|\n|move|p1a: Magearna|Thunderbolt|p2a: Torkoal\n|-damage|p2a: Torkoal|0 fnt\n|faint|p2a: Torkoal\n|-ability|p1a: Magearna|Soul-Heart|boost\n|-boost|p1a: Magearna|spa|1\n|\n|-weather|SunnyDay|[upkeep]\n|upkeep\n|\n|switch|p2a: Cinderace|Cinderace, M|82\/100 tox\n|turn|13\n|\n|switch|p1a: Talonflame|Talonflame, F|100\/100\n|move|p2a: Cinderace|Pyro Ball|p1a: Talonflame\n|-resisted|p1a: Talonflame\n|-damage|p1a: Talonflame|36\/100\n|\n|-weather|SunnyDay|[upkeep]\n|-damage|p2a: Cinderace|76\/100 tox|[from] psn\n|upkeep\n|turn|14\n|\n|move|p1a: Talonflame|Roost|p1a: Talonflame\n|-heal|p1a: Talonflame|86\/100\n|-singleturn|p1a: Talonflame|move: Roost\n|move|p2a: Cinderace|Pyro Ball|p1a: Talonflame|[miss]\n|-miss|p2a: Cinderace|p1a: Talonflame\n|\n|-weather|SunnyDay|[upkeep]\n|-damage|p2a: Cinderace|64\/100 tox|[from] psn\n|upkeep\n|turn|15\n|\n|switch|p2a: Aegislash|Aegislash, M|100\/100\n|-item|p2a: Aegislash|Air Balloon\n|move|p1a: Talonflame|Roost|p1a: Talonflame\n|-heal|p1a: Talonflame|100\/100\n|-singleturn|p1a: Talonflame|move: Roost\n|\n|-weather|SunnyDay|[upkeep]\n|upkeep\n|turn|16\n|\n|switch|p1a: Tangrowth|Tangrowth, F|100\/100\n|move|p2a: Aegislash|Toxic|p1a: Tangrowth\n|-status|p1a: Tangrowth|tox\n|\n|-weather|SunnyDay|[upkeep]\n|-damage|p1a: Tangrowth|94\/100 tox|[from] psn\n|upkeep\n|turn|17\n|\n|switch|p2a: Cinderace|Cinderace, M|64\/100 tox\n|move|p1a: Tangrowth|Knock Off|p2a: Cinderace\n|-damage|p2a: Cinderace|34\/100 tox\n|-enditem|p2a: Cinderace|Heavy-Duty Boots|[from] move: Knock Off|[of] p1a: Tangrowth\n|\n|-weather|SunnyDay|[upkeep]\n|-damage|p2a: Cinderace|28\/100 tox|[from] psn\n|-damage|p1a: Tangrowth|82\/100 tox|[from] psn\n|upkeep\n|turn|18\n|\n|switch|p1a: Talonflame|Talonflame, F|100\/100\n|move|p2a: Cinderace|Pyro Ball|p1a: Talonflame\n|-resisted|p1a: Talonflame\n|-damage|p1a: Talonflame|43\/100\n|\n|-weather|none\n|-damage|p2a: Cinderace|16\/100 tox|[from] psn\n|upkeep\n|turn|19\n|\n|switch|p2a: Aegislash|Aegislash, M|100\/100\n|-item|p2a: Aegislash|Air Balloon\n|move|p1a: Talonflame|Roost|p1a: Talonflame\n|-heal|p1a: Talonflame|94\/100\n|-singleturn|p1a: Talonflame|move: Roost\n|\n|upkeep\n|turn|20\n|\n|switch|p1a: Tangrowth|Tangrowth, F|100\/100 tox\n|move|p2a: Aegislash|Swords Dance|p2a: Aegislash\n|-boost|p2a: Aegislash|atk|2\n|\n|-damage|p1a: Tangrowth|94\/100 tox|[from] psn\n|upkeep\n|turn|21\n|\n|switch|p2a: Venusaur|Venusaur, M|100\/100\n|move|p1a: Tangrowth|Knock Off|p2a: Venusaur\n|-damage|p2a: Venusaur|73\/100\n|-enditem|p2a: Venusaur|Life Orb|[from] move: Knock Off|[of] p1a: Tangrowth\n|\n|-damage|p1a: Tangrowth|82\/100 tox|[from] psn\n|upkeep\n|turn|22\n|\n|switch|p2a: Volcarona|Volcarona, M|100\/100\n|switch|p1a: Magearna|Magearna|92\/100\n|\n|upkeep\n|turn|23\n|\n|switch|p1a: Chansey|Chansey, F|88\/100\n|move|p2a: Volcarona|Quiver Dance|p2a: Volcarona\n|-boost|p2a: Volcarona|spa|1\n|-boost|p2a: Volcarona|spd|1\n|-boost|p2a: Volcarona|spe|1\n|\n|upkeep\n|turn|24\n|\n|move|p2a: Volcarona|Substitute|p2a: Volcarona\n|-start|p2a: Volcarona|Substitute\n|-damage|p2a: Volcarona|76\/100\n|move|p1a: Chansey|Psych Up|p2a: Volcarona\n|-copyboost|p1a: Chansey|p2a: Volcarona|[from] move: Psych Up\n|\n|upkeep\n|turn|25\n|\n|switch|p2a: Aegislash|Aegislash, M|100\/100\n|-item|p2a: Aegislash|Air Balloon\n|move|p1a: Chansey|Seismic Toss|p2a: Aegislash\n|-immune|p2a: Aegislash\n|\n|upkeep\n|turn|26\n|\n|switch|p1a: Tangrowth|Tangrowth, F|100\/100 tox\n|-formechange|p2a: Aegislash|Aegislash-Blade||[from] ability: Stance Change\n|move|p2a: Aegislash|Close Combat|p1a: Tangrowth\n|-damage|p1a: Tangrowth|75\/100 tox\n|-unboost|p2a: Aegislash|def|1\n|-unboost|p2a: Aegislash|spd|1\n|-damage|p2a: Aegislash|84\/100|[from] item: Rocky Helmet|[of] p1a: Tangrowth\n|\n|-damage|p1a: Tangrowth|69\/100 tox|[from] psn\n|upkeep\n|turn|27\n|\n|switch|p2a: Volcarona|Volcarona, M|76\/100\n|move|p1a: Tangrowth|Infestation|p2a: Volcarona\n|-resisted|p2a: Volcarona\n|-damage|p2a: Volcarona|73\/100\n|-activate|p2a: Volcarona|move: Infestation|[of] p1a: Tangrowth\n|\n|-damage|p1a: Tangrowth|57\/100 tox|[from] psn\n|-damage|p2a: Volcarona|61\/100|[from] move: Infestation|[partiallytrapped]\n|upkeep\n|turn|28\n|\n|switch|p1a: Chansey|Chansey, F|88\/100\n|move|p2a: Volcarona|Flamethrower|p1a: Chansey\n|-damage|p1a: Chansey|71\/100\n|\n|-end|p2a: Volcarona|Infestation|[partiallytrapped]|[silent]\n|upkeep\n|turn|29\n|\n|switch|p2a: Aegislash|Aegislash, M|84\/100\n|-item|p2a: Aegislash|Air Balloon\n|move|p1a: Chansey|Stealth Rock|p2a: Aegislash\n|-sidestart|p2: big boss 447|move: Stealth Rock\n|\n|upkeep\n|turn|30\n|\n|switch|p1a: Tangrowth|Tangrowth, F|90\/100 tox\n|move|p2a: Aegislash|Swords Dance|p2a: Aegislash\n|-boost|p2a: Aegislash|atk|2\n|\n|-damage|p1a: Tangrowth|84\/100 tox|[from] psn\n|upkeep\n|turn|31\n|\n|move|p2a: Aegislash|Swords Dance|p2a: Aegislash\n|-boost|p2a: Aegislash|atk|2\n|move|p1a: Tangrowth|Knock Off|p2a: Aegislash\n|-supereffective|p2a: Aegislash\n|-damage|p2a: Aegislash|43\/100\n|-enditem|p2a: Aegislash|Air Balloon\n|\n|-damage|p1a: Tangrowth|71\/100 tox|[from] psn\n|upkeep\n|turn|32\n|\n|move|p2a: Aegislash|Swords Dance|p2a: Aegislash\n|-boost|p2a: Aegislash|atk|2\n|move|p1a: Tangrowth|Knock Off|p2a: Aegislash\n|-supereffective|p2a: Aegislash\n|-damage|p2a: Aegislash|13\/100\n|\n|-damage|p1a: Tangrowth|53\/100 tox|[from] psn\n|upkeep\n|turn|33\n|\n|-formechange|p2a: Aegislash|Aegislash-Blade||[from] ability: Stance Change\n|move|p2a: Aegislash|Close Combat|p1a: Tangrowth\n|-damage|p1a: Tangrowth|0 fnt\n|-unboost|p2a: Aegislash|def|1\n|-unboost|p2a: Aegislash|spd|1\n|-damage|p2a: Aegislash|0 fnt|[from] item: Rocky Helmet|[of] p1a: Tangrowth\n|faint|p1a: Tangrowth\n|faint|p2a: Aegislash\n|\n|upkeep\n|-message|big boss 447 forfeited.\n|\n|win|Blitzburgh\n|l|\u2606big boss 447\n|l|\u2606Blitzburgh\n|raw|Blitzburgh's rating: 1816 &rarr; <strong>1832<\/strong><br \/>(+16 for winning)\n|raw|big boss 447's rating: 1741 &rarr; <strong>1725<\/strong><br \/>(-16 for losing)\n","uploadtime":1593623521,"views":60,"p1id":"blitzburgh","p2id":"bigboss447","formatid":"gen8ou","rating":1725,"private":0,"password":null}