{"id":"gen8ou-1259667066","p1":"Selah","p2":"Draco09876","format":"gen8ou","log":"|j|\u2606Selah\n|j|\u2606Draco09876\n|t:|1610309969\n|player|p1|Selah|alder|1776\n|player|p2|Draco09876|266|1714\n|teamsize|p1|6\n|teamsize|p2|6\n|gametype|singles\n|gen|8\n|tier|[Gen 8] OU\n|rated|\n|clearpoke\n|poke|p1|Tapu Lele|\n|poke|p1|Spectrier|\n|poke|p1|Heatran, F|\n|poke|p1|Toxapex, F|\n|poke|p1|Mandibuzz, F|\n|poke|p1|Hippowdon, F|\n|poke|p2|Toxtricity, F|\n|poke|p2|Tornadus-Therian, M|\n|poke|p2|Mandibuzz, F|\n|poke|p2|Dragapult, M|\n|poke|p2|Clefable, M|\n|poke|p2|Swampert, F|\n|rule|Sleep Clause Mod: Limit one foe put to sleep\n|rule|Species Clause: Limit one of each Pok\u00e9mon\n|rule|OHKO Clause: OHKO moves are banned\n|rule|Evasion Moves Clause: Evasion moves are banned\n|rule|Endless Battle Clause: Forcing endless battles is banned\n|rule|HP Percentage Mod: HP is shown in percentages\n|rule|Dynamax Clause: You cannot dynamax\n|teampreview\n|inactive|Battle timer is ON: inactive players will automatically lose when time's up. (requested by Draco09876)\n|\n|t:|1610309994\n|start\n|switch|p1a: Tapu Lele|Tapu Lele|100\/100\n|switch|p2a: Swampert|Swampert, F|100\/100\n|-fieldstart|move: Psychic Terrain|[from] ability: Psychic Surge|[of] p1a: Tapu Lele\n|turn|1\n|\n|t:|1610310023\n|switch|p2a: Clefable|Clefable, M|100\/100\n|move|p1a: Tapu Lele|Moonblast|p2a: Clefable\n|-damage|p2a: Clefable|55\/100\n|\n|-heal|p2a: Clefable|61\/100|[from] item: Leftovers\n|upkeep\n|turn|2\n|\n|t:|1610310030\n|switch|p1a: Toxapex|Toxapex, F|100\/100\n|move|p2a: Clefable|Thunder Wave|p1a: Toxapex\n|-status|p1a: Toxapex|par\n|\n|-heal|p2a: Clefable|67\/100|[from] item: Leftovers\n|upkeep\n|turn|3\n|\n|t:|1610310034\n|move|p2a: Clefable|Soft-Boiled|p2a: Clefable\n|-heal|p2a: Clefable|100\/100\n|move|p1a: Toxapex|Knock Off|p2a: Clefable\n|-resisted|p2a: Clefable\n|-crit|p2a: Clefable\n|-damage|p2a: Clefable|89\/100\n|-enditem|p2a: Clefable|Leftovers|[from] move: Knock Off|[of] p1a: Toxapex\n|\n|upkeep\n|turn|4\n|\n|t:|1610310039\n|switch|p2a: Toxtricity|Toxtricity, F|100\/100\n|move|p1a: Toxapex|Toxic Spikes|p2a: Toxtricity\n|-sidestart|p2: Draco09876|move: Toxic Spikes\n|\n|upkeep\n|turn|5\n|\n|t:|1610310062\n|switch|p1a: Heatran|Heatran, F|100\/100\n|move|p2a: Toxtricity|Boomburst|p1a: Heatran\n|-resisted|p1a: Heatran\n|-damage|p1a: Heatran|70\/100\n|\n|-heal|p1a: Heatran|76\/100|[from] item: Leftovers\n|-fieldend|move: Psychic Terrain\n|upkeep\n|turn|6\n|j| mahoubroujo\n|\n|t:|1610310082\n|switch|p2a: Mandibuzz|Mandibuzz, F|100\/100\n|move|p1a: Heatran|Magma Storm|p2a: Mandibuzz\n|-damage|p2a: Mandibuzz|57\/100\n|-activate|p2a: Mandibuzz|move: Magma Storm|[of] p1a: Heatran\n|\n|-heal|p1a: Heatran|83\/100|[from] item: Leftovers\n|-damage|p2a: Mandibuzz|44\/100|[from] move: Magma Storm|[partiallytrapped]\n|upkeep\n|turn|7\n|\n|t:|1610310090\n|move|p1a: Heatran|Taunt|p2a: Mandibuzz\n|-start|p2a: Mandibuzz|move: Taunt\n|move|p2a: Mandibuzz|U-turn|p1a: Heatran\n|-resisted|p1a: Heatran\n|-damage|p1a: Heatran|80\/100\n|\n|t:|1610310094\n|switch|p2a: Toxtricity|Toxtricity, F|100\/100|[from]move: U-turn\n|-sideend|p2: Draco09876|move: Toxic Spikes|[of] p2a: Toxtricity\n|\n|-heal|p1a: Heatran|86\/100|[from] item: Leftovers\n|upkeep\n|turn|8\n|j| BasedHasselbeck\n|\n|t:|1610310098\n|switch|p2a: Swampert|Swampert, F|100\/100\n|move|p1a: Heatran|Magma Storm|p2a: Swampert\n|-resisted|p2a: Swampert\n|-damage|p2a: Swampert|84\/100\n|-activate|p2a: Swampert|move: Magma Storm|[of] p1a: Heatran\n|\n|-heal|p1a: Heatran|92\/100|[from] item: Leftovers\n|-heal|p2a: Swampert|91\/100|[from] item: Leftovers\n|-damage|p2a: Swampert|78\/100|[from] move: Magma Storm|[partiallytrapped]\n|upkeep\n|turn|9\n|l| BasedHasselbeck\n|\n|t:|1610310108\n|move|p1a: Heatran|Protect|p1a: Heatran\n|-singleturn|p1a: Heatran|Protect\n|move|p2a: Swampert|Flip Turn|p1a: Heatran\n|-activate|p1a: Heatran|move: Protect\n|\n|-heal|p1a: Heatran|98\/100|[from] item: Leftovers\n|-heal|p2a: Swampert|84\/100|[from] item: Leftovers\n|-damage|p2a: Swampert|72\/100|[from] move: Magma Storm|[partiallytrapped]\n|upkeep\n|turn|10\n|j| Gilbywilby\n|j| Alemantas194\n|\n|t:|1610310122\n|switch|p1a: Mandibuzz|Mandibuzz, F|100\/100\n|move|p2a: Swampert|Flip Turn|p1a: Mandibuzz\n|-damage|p1a: Mandibuzz|86\/100\n|j| The Shitpoopers\n|\n|t:|1610310145\n|switch|p2a: Toxtricity|Toxtricity, F|100\/100|[from]move: Flip Turn\n|\n|upkeep\n|turn|11\n|\n|t:|1610310151\n|switch|p1a: Heatran|Heatran, F|98\/100\n|move|p2a: Toxtricity|Volt Switch|p1a: Heatran\n|-damage|p1a: Heatran|65\/100\n|\n|t:|1610310154\n|switch|p2a: Swampert|Swampert, F|72\/100|[from]move: Volt Switch\n|\n|-heal|p1a: Heatran|71\/100|[from] item: Leftovers\n|-heal|p2a: Swampert|78\/100|[from] item: Leftovers\n|upkeep\n|turn|12\n|\n|t:|1610310158\n|switch|p1a: Tapu Lele|Tapu Lele|100\/100\n|-fieldstart|move: Psychic Terrain|[from] ability: Psychic Surge|[of] p1a: Tapu Lele\n|move|p2a: Swampert|Stealth Rock|p1a: Tapu Lele\n|-sidestart|p1: Selah|move: Stealth Rock\n|\n|-heal|p2a: Swampert|84\/100|[from] item: Leftovers\n|upkeep\n|turn|13\n|j| yarcii\n|\n|t:|1610310165\n|move|p1a: Tapu Lele|Moonblast|p2a: Swampert\n|-damage|p2a: Swampert|34\/100\n|move|p2a: Swampert|Flip Turn|p1a: Tapu Lele\n|-damage|p1a: Tapu Lele|68\/100\n|\n|t:|1610310168\n|switch|p2a: Toxtricity|Toxtricity, F|100\/100|[from]move: Flip Turn\n|\n|upkeep\n|turn|14\n|j| flawless creation\n|\n|t:|1610310178\n|switch|p1a: Heatran|Heatran, F|71\/100\n|-damage|p1a: Heatran|59\/100|[from] Stealth Rock\n|move|p2a: Toxtricity|Boomburst|p1a: Heatran\n|-resisted|p1a: Heatran\n|-damage|p1a: Heatran|30\/100\n|\n|-heal|p1a: Heatran|37\/100|[from] item: Leftovers\n|upkeep\n|turn|15\n|j| Limited_Toolkit\n|\n|t:|1610310185\n|switch|p2a: Swampert|Swampert, F|34\/100\n|move|p1a: Heatran|Earth Power|p2a: Swampert\n|-damage|p2a: Swampert|12\/100\n|\n|-heal|p1a: Heatran|43\/100|[from] item: Leftovers\n|-heal|p2a: Swampert|18\/100|[from] item: Leftovers\n|upkeep\n|turn|16\n|\n|t:|1610310190\n|move|p1a: Heatran|Earth Power|p2a: Swampert\n|-damage|p2a: Swampert|0 fnt\n|faint|p2a: Swampert\n|\n|-heal|p1a: Heatran|49\/100|[from] item: Leftovers\n|-fieldend|move: Psychic Terrain\n|upkeep\n|\n|t:|1610310195\n|switch|p2a: Toxtricity|Toxtricity, F|100\/100\n|turn|17\n|\n|t:|1610310198\n|move|p1a: Heatran|Protect|p1a: Heatran\n|-singleturn|p1a: Heatran|Protect\n|move|p2a: Toxtricity|Volt Switch|p1a: Heatran\n|-activate|p1a: Heatran|move: Protect\n|\n|-heal|p1a: Heatran|55\/100|[from] item: Leftovers\n|upkeep\n|turn|18\n|\n|t:|1610310204\n|switch|p2a: Tornadus|Tornadus-Therian, M|100\/100\n|move|p1a: Heatran|Magma Storm|p2a: Tornadus\n|-damage|p2a: Tornadus|37\/100\n|-activate|p2a: Tornadus|move: Magma Storm|[of] p1a: Heatran\n|\n|-heal|p1a: Heatran|61\/100|[from] item: Leftovers\n|-damage|p2a: Tornadus|25\/100|[from] move: Magma Storm|[partiallytrapped]\n|upkeep\n|turn|19\n|j| deesnut\n|l| flawless creation\n|\n|t:|1610310208\n|move|p1a: Heatran|Protect|p1a: Heatran\n|-singleturn|p1a: Heatran|Protect\n|move|p2a: Tornadus|Air Slash|p1a: Heatran\n|-activate|p1a: Heatran|move: Protect\n|\n|-heal|p1a: Heatran|67\/100|[from] item: Leftovers\n|-damage|p2a: Tornadus|13\/100|[from] move: Magma Storm|[partiallytrapped]\n|upkeep\n|turn|20\n|\n|t:|1610310211\n|move|p2a: Tornadus|Air Slash|p1a: Heatran\n|-resisted|p1a: Heatran\n|-damage|p1a: Heatran|51\/100\n|move|p1a: Heatran|Magma Storm|p2a: Tornadus\n|-damage|p2a: Tornadus|0 fnt\n|faint|p2a: Tornadus\n|\n|-heal|p1a: Heatran|57\/100|[from] item: Leftovers\n|upkeep\n|\n|t:|1610310215\n|switch|p2a: Dragapult|Dragapult, M|100\/100\n|turn|21\n|\n|t:|1610310221\n|switch|p1a: Mandibuzz|Mandibuzz, F|86\/100\n|move|p2a: Dragapult|Dragon Darts|p1a: Mandibuzz\n|-damage|p1a: Mandibuzz|69\/100\n|-anim|p2a: Dragapult|Dragon Darts|p1a: Mandibuzz\n|-damage|p1a: Mandibuzz|52\/100\n|\n|upkeep\n|turn|22\n|\n|t:|1610310229\n|switch|p2a: Clefable|Clefable, M|89\/100\n|move|p1a: Mandibuzz|Roost|p1a: Mandibuzz\n|-heal|p1a: Mandibuzz|100\/100\n|-singleturn|p1a: Mandibuzz|move: Roost\n|\n|upkeep\n|turn|23\n|\n|t:|1610310237\n|switch|p1a: Hippowdon|Hippowdon, F|100\/100\n|-damage|p1a: Hippowdon|94\/100|[from] Stealth Rock\n|-weather|Sandstorm|[from] ability: Sand Stream|[of] p1a: Hippowdon\n|switch|p2a: Toxtricity|Toxtricity, F|100\/100\n|\n|-weather|Sandstorm|[upkeep]\n|-damage|p2a: Toxtricity|94\/100|[from] Sandstorm\n|-heal|p1a: Hippowdon|100\/100|[from] item: Leftovers\n|upkeep\n|turn|24\n|\n|t:|1610310242\n|move|p2a: Toxtricity|Boomburst|p1a: Hippowdon\n|-damage|p1a: Hippowdon|44\/100\n|move|p1a: Hippowdon|Earthquake|p2a: Toxtricity\n|-supereffective|p2a: Toxtricity\n|-damage|p2a: Toxtricity|0 fnt\n|faint|p2a: Toxtricity\n|\n|-weather|Sandstorm|[upkeep]\n|-heal|p1a: Hippowdon|50\/100|[from] item: Leftovers\n|upkeep\n|l| Gilbywilby\n|\n|t:|1610310253\n|switch|p2a: Dragapult|Dragapult, M|100\/100\n|turn|25\n|j| SpittingDuck\n|\n|t:|1610310257\n|move|p2a: Dragapult|Dragon Dance|p2a: Dragapult\n|-boost|p2a: Dragapult|atk|1\n|-boost|p2a: Dragapult|spe|1\n|move|p1a: Hippowdon|Toxic|p2a: Dragapult\n|-status|p2a: Dragapult|tox\n|\n|-weather|Sandstorm|[upkeep]\n|-damage|p2a: Dragapult|95\/100 tox|[from] Sandstorm\n|-heal|p2a: Dragapult|100\/100 tox|[from] item: Leftovers\n|-heal|p1a: Hippowdon|56\/100|[from] item: Leftovers\n|-damage|p2a: Dragapult|95\/100 tox|[from] psn\n|upkeep\n|turn|26\n|\n|t:|1610310261\n|move|p2a: Dragapult|Dragon Dance|p2a: Dragapult\n|-boost|p2a: Dragapult|atk|1\n|-boost|p2a: Dragapult|spe|1\n|move|p1a: Hippowdon|Slack Off|p1a: Hippowdon\n|-heal|p1a: Hippowdon|100\/100\n|\n|-weather|Sandstorm|[upkeep]\n|-damage|p2a: Dragapult|89\/100 tox|[from] Sandstorm\n|-heal|p2a: Dragapult|95\/100 tox|[from] item: Leftovers\n|-damage|p2a: Dragapult|83\/100 tox|[from] psn\n|upkeep\n|turn|27\n|\n|t:|1610310266\n|move|p2a: Dragapult|Dragon Darts|p1a: Hippowdon\n|-damage|p1a: Hippowdon|76\/100\n|-anim|p2a: Dragapult|Dragon Darts|p1a: Hippowdon\n|-damage|p1a: Hippowdon|51\/100\n|move|p1a: Hippowdon|Earthquake|p2a: Dragapult\n|-damage|p2a: Dragapult|33\/100 tox\n|\n|-weather|none\n|-heal|p2a: Dragapult|39\/100 tox|[from] item: Leftovers\n|-heal|p1a: Hippowdon|58\/100|[from] item: Leftovers\n|-damage|p2a: Dragapult|21\/100 tox|[from] psn\n|upkeep\n|turn|28\n|\n|t:|1610310272\n|switch|p1a: Tapu Lele|Tapu Lele|68\/100\n|-damage|p1a: Tapu Lele|56\/100|[from] Stealth Rock\n|-fieldstart|move: Psychic Terrain|[from] ability: Psychic Surge|[of] p1a: Tapu Lele\n|move|p2a: Dragapult|Dragon Darts|p1a: Tapu Lele\n|-immune|p1a: Tapu Lele\n|\n|-heal|p2a: Dragapult|27\/100 tox|[from] item: Leftovers\n|-damage|p2a: Dragapult|3\/100 tox|[from] psn\n|upkeep\n|turn|29\n|\n|t:|1610310276\n|switch|p1a: Hippowdon|Hippowdon, F|58\/100\n|-damage|p1a: Hippowdon|51\/100|[from] Stealth Rock\n|-weather|Sandstorm|[from] ability: Sand Stream|[of] p1a: Hippowdon\n|move|p2a: Dragapult|Dragon Darts|p1a: Hippowdon\n|-crit|p1a: Hippowdon\n|-damage|p1a: Hippowdon|13\/100\n|-anim|p2a: Dragapult|Dragon Darts|p1a: Hippowdon\n|-damage|p1a: Hippowdon|0 fnt\n|faint|p1a: Hippowdon\n|\n|-weather|Sandstorm|[upkeep]\n|-damage|p2a: Dragapult|0 fnt|[from] Sandstorm\n|faint|p2a: Dragapult\n|upkeep\n|j| ppev\n|inactive|Draco09876 has 120 seconds left.\n|inactive|Draco09876 has 90 seconds left.\n|inactive|Draco09876 has 60 seconds left.\n|c|\u2606Selah|gg\n|inactive|Draco09876 has 30 seconds left.\n|inactive|Draco09876 has 20 seconds left.\n|inactive|Draco09876 has 15 seconds left.\n|inactive|Draco09876 has 10 seconds left.\n|l| Limited_Toolkit\n|inactive|Draco09876 has 5 seconds left.\n|-message|Draco09876 lost due to inactivity.\n|\n|win|Selah\n|l|\u2606Selah\n|j|\u2606Selah\n|player|p1|Selah|alder\n||Ladder (probably) updated, but score could not be retrieved (Request timeout).\n","uploadtime":1610310434,"views":55,"p1id":"selah","p2id":"draco09876","formatid":"gen8ou","rating":0,"private":0,"password":null}