{"id":"gen8ou-1280273314","p1":"Pangoro with vv","p2":"ArcanineSquad","format":"gen8ou","log":"|j|\u203dPangoro with vv\n|j|\u2606ArcanineSquad\n|t:|1613031258\n|player|p1|Pangoro with vv|policeman-gen4|1677\n|player|p2|ArcanineSquad|cynthia-gen4|1631\n|teamsize|p1|6\n|teamsize|p2|6\n|gametype|singles\n|gen|8\n|tier|[Gen 8] OU\n|rated|\n|clearpoke\n|poke|p1|Tapu Koko|\n|poke|p1|Magearna|\n|poke|p1|Dragonite, M|\n|poke|p1|Hawlucha, M|\n|poke|p1|Bisharp, M|\n|poke|p1|Landorus-Therian, M|\n|poke|p2|Latias, F|\n|poke|p2|Heatran, M|\n|poke|p2|Grimmsnarl, M|\n|poke|p2|Magearna|\n|poke|p2|Landorus-Therian, M|\n|poke|p2|Kartana|\n|rule|Sleep Clause Mod: Limit one foe put to sleep\n|rule|Species Clause: Limit one of each Pok\u00e9mon\n|rule|OHKO Clause: OHKO moves are banned\n|rule|Evasion Moves Clause: Evasion moves are banned\n|rule|Endless Battle Clause: Forcing endless battles is banned\n|rule|HP Percentage Mod: HP is shown in percentages\n|rule|Dynamax Clause: You cannot dynamax\n|teampreview\n|inactive|Battle timer is ON: inactive players will automatically lose when time's up. (requested by ArcanineSquad)\n|\n|t:|1613031265\n|start\n|switch|p1a: Bisharp|Bisharp, M|100\/100\n|switch|p2a: Landorus|Landorus-Therian, M|100\/100\n|-ability|p2a: Landorus|Intimidate|boost\n|-unboost|p1a: Bisharp|atk|1\n|-ability|p1a: Bisharp|Defiant\n|-boost|p1a: Bisharp|atk|2\n|turn|1\n|\n|t:|1613031269\n|switch|p1a: Landorus|Landorus-Therian, M|100\/100\n|-ability|p1a: Landorus|Intimidate|boost\n|-unboost|p2a: Landorus|atk|1\n|move|p2a: Landorus|Earthquake|p1a: Landorus\n|-immune|p1a: Landorus\n|\n|upkeep\n|turn|2\n|\n|t:|1613031272\n|move|p2a: Landorus|Stealth Rock|p1a: Landorus\n|-sidestart|p1: Pangoro with vv|move: Stealth Rock\n|move|p1a: Landorus|Stealth Rock|p2a: Landorus\n|-sidestart|p2: ArcanineSquad|move: Stealth Rock\n|\n|upkeep\n|turn|3\n|\n|t:|1613031275\n|move|p1a: Landorus|Swords Dance|p1a: Landorus\n|-boost|p1a: Landorus|atk|2\n|move|p2a: Landorus|Swords Dance|p2a: Landorus\n|-boost|p2a: Landorus|atk|2\n|\n|upkeep\n|turn|4\n|\n|t:|1613031280\n|move|p2a: Landorus|Swords Dance|p2a: Landorus\n|-boost|p2a: Landorus|atk|2\n|move|p1a: Landorus|Earthquake|p2a: Landorus\n|-immune|p2a: Landorus\n|\n|upkeep\n|turn|5\n|\n|t:|1613031285\n|move|p1a: Landorus|Earthquake|p2a: Landorus\n|-immune|p2a: Landorus\n|move|p2a: Landorus|Earthquake|p1a: Landorus\n|-immune|p1a: Landorus\n|\n|upkeep\n|turn|6\n|\n|t:|1613031290\n|move|p1a: Landorus|Swords Dance|p1a: Landorus\n|-boost|p1a: Landorus|atk|2\n|move|p2a: Landorus|Swords Dance|p2a: Landorus\n|-boost|p2a: Landorus|atk|2\n|\n|upkeep\n|turn|7\n|\n|t:|1613031293\n|move|p1a: Landorus|Swords Dance|p1a: Landorus\n|-boost|p1a: Landorus|atk|2\n|move|p2a: Landorus|Swords Dance|p2a: Landorus\n|-boost|p2a: Landorus|atk|1\n|\n|upkeep\n|turn|8\n|\n|t:|1613031295\n|move|p1a: Landorus|Swords Dance|p1a: Landorus\n|-boost|p1a: Landorus|atk|0\n|move|p2a: Landorus|Earthquake|p1a: Landorus\n|-immune|p1a: Landorus\n|\n|upkeep\n|turn|9\n|\n|t:|1613031297\n|move|p2a: Landorus|Swords Dance|p2a: Landorus\n|-boost|p2a: Landorus|atk|0\n|move|p1a: Landorus|Earthquake|p2a: Landorus\n|-immune|p2a: Landorus\n|\n|upkeep\n|turn|10\n|\n|t:|1613031300\n|move|p1a: Landorus|Earthquake|p2a: Landorus\n|-immune|p2a: Landorus\n|move|p2a: Landorus|Swords Dance|p2a: Landorus\n|-boost|p2a: Landorus|atk|0\n|\n|upkeep\n|turn|11\n|\n|t:|1613031303\n|move|p2a: Landorus|Swords Dance|p2a: Landorus\n|-boost|p2a: Landorus|atk|0\n|move|p1a: Landorus|Earthquake|p2a: Landorus\n|-immune|p2a: Landorus\n|\n|upkeep\n|turn|12\n|\n|t:|1613031305\n|move|p1a: Landorus|Earthquake|p2a: Landorus\n|-immune|p2a: Landorus\n|move|p2a: Landorus|Swords Dance|p2a: Landorus\n|-boost|p2a: Landorus|atk|0\n|\n|upkeep\n|turn|13\n|\n|t:|1613031308\n|move|p2a: Landorus|Swords Dance|p2a: Landorus\n|-boost|p2a: Landorus|atk|0\n|move|p1a: Landorus|Earthquake|p2a: Landorus\n|-immune|p2a: Landorus\n|\n|upkeep\n|turn|14\n|\n|t:|1613031312\n|move|p2a: Landorus|Swords Dance|p2a: Landorus\n|-boost|p2a: Landorus|atk|0\n|move|p1a: Landorus|Earthquake|p2a: Landorus\n|-immune|p2a: Landorus\n|\n|upkeep\n|turn|15\n|\n|t:|1613031316\n|move|p2a: Landorus|Swords Dance|p2a: Landorus\n|-boost|p2a: Landorus|atk|0\n|move|p1a: Landorus|Earthquake|p2a: Landorus\n|-immune|p2a: Landorus\n|\n|upkeep\n|turn|16\n|\n|t:|1613031319\n|move|p1a: Landorus|Earthquake|p2a: Landorus\n|-immune|p2a: Landorus\n|move|p2a: Landorus|Swords Dance|p2a: Landorus\n|-boost|p2a: Landorus|atk|0\n|\n|upkeep\n|turn|17\n|\n|t:|1613031323\n|move|p2a: Landorus|Swords Dance|p2a: Landorus\n|-boost|p2a: Landorus|atk|0\n|move|p1a: Landorus|Stealth Rock||[still]\n|-fail|p1a: Landorus\n|\n|upkeep\n|turn|18\n|\n|t:|1613031328\n|move|p2a: Landorus|Swords Dance|p2a: Landorus\n|-boost|p2a: Landorus|atk|0\n|move|p1a: Landorus|Stealth Rock||[still]\n|-fail|p1a: Landorus\n|\n|upkeep\n|turn|19\n|\n|t:|1613031331\n|move|p1a: Landorus|Stealth Rock||[still]\n|-fail|p1a: Landorus\n|move|p2a: Landorus|Swords Dance|p2a: Landorus\n|-boost|p2a: Landorus|atk|0\n|\n|upkeep\n|turn|20\n|\n|t:|1613031335\n|move|p2a: Landorus|Swords Dance|p2a: Landorus\n|-boost|p2a: Landorus|atk|0\n|move|p1a: Landorus|Swords Dance|p1a: Landorus\n|-boost|p1a: Landorus|atk|0\n|\n|upkeep\n|turn|21\n|\n|t:|1613031338\n|move|p1a: Landorus|Swords Dance|p1a: Landorus\n|-boost|p1a: Landorus|atk|0\n|move|p2a: Landorus|Swords Dance|p2a: Landorus\n|-boost|p2a: Landorus|atk|0\n|\n|upkeep\n|turn|22\n|\n|t:|1613031340\n|move|p1a: Landorus|Swords Dance|p1a: Landorus\n|-boost|p1a: Landorus|atk|0\n|move|p2a: Landorus|Swords Dance|p2a: Landorus\n|-boost|p2a: Landorus|atk|0\n|\n|upkeep\n|turn|23\n|\n|t:|1613031343\n|move|p1a: Landorus|Swords Dance|p1a: Landorus\n|-boost|p1a: Landorus|atk|0\n|move|p2a: Landorus|Swords Dance|p2a: Landorus\n|-boost|p2a: Landorus|atk|0\n|\n|upkeep\n|turn|24\n|\n|t:|1613031345\n|move|p2a: Landorus|Swords Dance|p2a: Landorus\n|-boost|p2a: Landorus|atk|0\n|move|p1a: Landorus|Swords Dance|p1a: Landorus\n|-boost|p1a: Landorus|atk|0\n|\n|upkeep\n|turn|25\n|j| laevin \u32db\n|j| Lightchanseyy\n|\n|t:|1613031350\n|move|p1a: Landorus|Swords Dance|p1a: Landorus\n|-boost|p1a: Landorus|atk|0\n|move|p2a: Landorus|Swords Dance|p2a: Landorus\n|-boost|p2a: Landorus|atk|0\n|\n|upkeep\n|turn|26\n|l| Lightchanseyy\n|\n|t:|1613031353\n|move|p1a: Landorus|Swords Dance|p1a: Landorus\n|-boost|p1a: Landorus|atk|0\n|move|p2a: Landorus|Swords Dance|p2a: Landorus\n|-boost|p2a: Landorus|atk|0\n|\n|upkeep\n|turn|27\n|\n|t:|1613031355\n|move|p2a: Landorus|Swords Dance|p2a: Landorus\n|-boost|p2a: Landorus|atk|0\n|move|p1a: Landorus|Swords Dance|p1a: Landorus\n|-boost|p1a: Landorus|atk|0\n|\n|upkeep\n|turn|28\n|\n|t:|1613031357\n|move|p2a: Landorus|Swords Dance|p2a: Landorus\n|-boost|p2a: Landorus|atk|0\n|move|p1a: Landorus|Swords Dance|p1a: Landorus\n|-boost|p1a: Landorus|atk|0\n|\n|upkeep\n|turn|29\n|\n|t:|1613031363\n|move|p1a: Landorus|Swords Dance|p1a: Landorus\n|-boost|p1a: Landorus|atk|0\n|move|p2a: Landorus|Swords Dance|p2a: Landorus\n|-boost|p2a: Landorus|atk|0\n|\n|upkeep\n|turn|30\n|\n|t:|1613031366\n|move|p2a: Landorus|Swords Dance|p2a: Landorus\n|-boost|p2a: Landorus|atk|0\n|move|p1a: Landorus|Swords Dance|p1a: Landorus\n|-boost|p1a: Landorus|atk|0\n|\n|upkeep\n|turn|31\n|\n|t:|1613031372\n|move|p1a: Landorus|Swords Dance|p1a: Landorus\n|-boost|p1a: Landorus|atk|0\n|move|p2a: Landorus|Swords Dance|p2a: Landorus\n|-boost|p2a: Landorus|atk|0\n|\n|upkeep\n|turn|32\n|j| RumiaDesu\n|\n|t:|1613031379\n|move|p2a: Landorus|Swords Dance|p2a: Landorus\n|-boost|p2a: Landorus|atk|0\n|move|p1a: Landorus|Stealth Rock||[still]\n|-fail|p1a: Landorus\n|\n|upkeep\n|turn|33\n|\n|t:|1613031382\n|move|p1a: Landorus|Stealth Rock||[still]\n|-fail|p1a: Landorus\n|move|p2a: Landorus|Swords Dance|p2a: Landorus\n|-boost|p2a: Landorus|atk|0\n|\n|upkeep\n|turn|34\n|\n|t:|1613031391\n|move|p1a: Landorus|Swords Dance|p1a: Landorus\n|-boost|p1a: Landorus|atk|0\n|move|p2a: Landorus|Swords Dance|p2a: Landorus\n|-boost|p2a: Landorus|atk|0\n|\n|upkeep\n|turn|35\n|l| RumiaDesu\n|\n|t:|1613031394\n|move|p2a: Landorus|Swords Dance|p2a: Landorus\n|-boost|p2a: Landorus|atk|0\n|move|p1a: Landorus|Swords Dance|p1a: Landorus\n|-boost|p1a: Landorus|atk|0\n|\n|upkeep\n|turn|36\n|\n|t:|1613031397\n|move|p2a: Landorus|Swords Dance|p2a: Landorus\n|-boost|p2a: Landorus|atk|0\n|move|p1a: Landorus|Swords Dance|p1a: Landorus\n|-boost|p1a: Landorus|atk|0\n|\n|upkeep\n|turn|37\n|\n|t:|1613031400\n|move|p1a: Landorus|Swords Dance|p1a: Landorus\n|-boost|p1a: Landorus|atk|0\n|move|p2a: Landorus|Stealth Rock||[still]\n|-fail|p2a: Landorus\n|\n|upkeep\n|turn|38\n|\n|t:|1613031402\n|move|p1a: Landorus|Swords Dance|p1a: Landorus\n|-boost|p1a: Landorus|atk|0\n|move|p2a: Landorus|Stealth Rock||[still]\n|-fail|p2a: Landorus\n|\n|upkeep\n|turn|39\n|\n|t:|1613031404\n|move|p1a: Landorus|Stealth Rock||[still]\n|-fail|p1a: Landorus\n|move|p2a: Landorus|Stealth Rock||[still]\n|-fail|p2a: Landorus\n|\n|upkeep\n|turn|40\n|\n|t:|1613031406\n|move|p2a: Landorus|Stealth Rock||[still]\n|-fail|p2a: Landorus\n|move|p1a: Landorus|Swords Dance|p1a: Landorus\n|-boost|p1a: Landorus|atk|0\n|\n|upkeep\n|turn|41\n|\n|t:|1613031411\n|move|p2a: Landorus|Stealth Rock||[still]\n|-fail|p2a: Landorus\n|move|p1a: Landorus|Swords Dance|p1a: Landorus\n|-boost|p1a: Landorus|atk|0\n|\n|upkeep\n|turn|42\n|\n|t:|1613031414\n|move|p2a: Landorus|Stealth Rock||[still]\n|-fail|p2a: Landorus\n|move|p1a: Landorus|Swords Dance|p1a: Landorus\n|-boost|p1a: Landorus|atk|0\n|\n|upkeep\n|turn|43\n|\n|t:|1613031417\n|move|p1a: Landorus|Swords Dance|p1a: Landorus\n|-boost|p1a: Landorus|atk|0\n|move|p2a: Landorus|Stealth Rock||[still]\n|-fail|p2a: Landorus\n|\n|upkeep\n|turn|44\n|\n|t:|1613031419\n|move|p1a: Landorus|Swords Dance|p1a: Landorus\n|-boost|p1a: Landorus|atk|0\n|move|p2a: Landorus|Stealth Rock||[still]\n|-fail|p2a: Landorus\n|\n|upkeep\n|turn|45\n|\n|t:|1613031421\n|move|p1a: Landorus|Swords Dance|p1a: Landorus\n|-boost|p1a: Landorus|atk|0\n|move|p2a: Landorus|Stealth Rock||[still]\n|-fail|p2a: Landorus\n|\n|upkeep\n|turn|46\n|\n|t:|1613031423\n|move|p2a: Landorus|Stealth Rock||[still]\n|-fail|p2a: Landorus\n|move|p1a: Landorus|Swords Dance|p1a: Landorus\n|-boost|p1a: Landorus|atk|0\n|\n|upkeep\n|turn|47\n|\n|t:|1613031425\n|move|p1a: Landorus|Swords Dance|p1a: Landorus\n|-boost|p1a: Landorus|atk|0\n|move|p2a: Landorus|Stealth Rock||[still]\n|-fail|p2a: Landorus\n|\n|upkeep\n|turn|48\n|\n|t:|1613031427\n|move|p1a: Landorus|Swords Dance|p1a: Landorus\n|-boost|p1a: Landorus|atk|0\n|move|p2a: Landorus|Stealth Rock||[still]\n|-fail|p2a: Landorus\n|\n|upkeep\n|turn|49\n|j| balabulu\n|\n|t:|1613031429\n|move|p1a: Landorus|Swords Dance|p1a: Landorus\n|-boost|p1a: Landorus|atk|0\n|move|p2a: Landorus|Stealth Rock||[still]\n|-fail|p2a: Landorus\n|\n|upkeep\n|turn|50\n|\n|t:|1613031431\n|move|p2a: Landorus|Stealth Rock||[still]\n|-fail|p2a: Landorus\n|move|p1a: Landorus|Swords Dance|p1a: Landorus\n|-boost|p1a: Landorus|atk|0\n|\n|upkeep\n|turn|51\n|\n|t:|1613031433\n|move|p2a: Landorus|Stealth Rock||[still]\n|-fail|p2a: Landorus\n|move|p1a: Landorus|Stealth Rock||[still]\n|-fail|p1a: Landorus\n|\n|upkeep\n|turn|52\n|\n|t:|1613031435\n|move|p1a: Landorus|Stealth Rock||[still]\n|-fail|p1a: Landorus\n|move|p2a: Landorus|Stealth Rock||[still]\n|-fail|p2a: Landorus\n|\n|upkeep\n|turn|53\n|\n|t:|1613031437\n|move|p1a: Landorus|Stealth Rock||[still]\n|-fail|p1a: Landorus\n|move|p2a: Landorus|Stealth Rock||[still]\n|-fail|p2a: Landorus\n|\n|upkeep\n|turn|54\n|\n|t:|1613031439\n|move|p1a: Landorus|Stealth Rock||[still]\n|-fail|p1a: Landorus\n|move|p2a: Landorus|Stealth Rock||[still]\n|-fail|p2a: Landorus\n|\n|upkeep\n|turn|55\n|\n|t:|1613031440\n|move|p1a: Landorus|Stealth Rock||[still]\n|-fail|p1a: Landorus\n|move|p2a: Landorus|Stealth Rock||[still]\n|-fail|p2a: Landorus\n|\n|upkeep\n|turn|56\n|\n|t:|1613031443\n|move|p1a: Landorus|Stealth Rock||[still]\n|-fail|p1a: Landorus\n|move|p2a: Landorus|Stealth Rock||[still]\n|-fail|p2a: Landorus\n|\n|upkeep\n|turn|57\n|\n|t:|1613031445\n|move|p1a: Landorus|Stealth Rock||[still]\n|-fail|p1a: Landorus\n|move|p2a: Landorus|Stealth Rock||[still]\n|-fail|p2a: Landorus\n|\n|upkeep\n|turn|58\n|\n|t:|1613031449\n|move|p2a: Landorus|Stealth Rock||[still]\n|-fail|p2a: Landorus\n|move|p1a: Landorus|Stealth Rock||[still]\n|-fail|p1a: Landorus\n|\n|upkeep\n|turn|59\n|\n|t:|1613031451\n|move|p2a: Landorus|Stealth Rock||[still]\n|-fail|p2a: Landorus\n|move|p1a: Landorus|Stealth Rock||[still]\n|-fail|p1a: Landorus\n|\n|upkeep\n|turn|60\n|\n|t:|1613031456\n|move|p2a: Landorus|Stealth Rock||[still]\n|-fail|p2a: Landorus\n|move|p1a: Landorus|Stealth Rock||[still]\n|-fail|p1a: Landorus\n|\n|upkeep\n|turn|61\n|\n|t:|1613031458\n|move|p1a: Landorus|Stealth Rock||[still]\n|-fail|p1a: Landorus\n|move|p2a: Landorus|Stealth Rock||[still]\n|-fail|p2a: Landorus\n|\n|upkeep\n|turn|62\n|\n|t:|1613031460\n|move|p1a: Landorus|Stealth Rock||[still]\n|-fail|p1a: Landorus\n|move|p2a: Landorus|Stealth Rock||[still]\n|-fail|p2a: Landorus\n|\n|upkeep\n|turn|63\n|\n|t:|1613031463\n|move|p1a: Landorus|Stealth Rock||[still]\n|-fail|p1a: Landorus\n|move|p2a: Landorus|Stealth Rock||[still]\n|-fail|p2a: Landorus\n|\n|upkeep\n|turn|64\n|\n|t:|1613031464\n|move|p2a: Landorus|Stealth Rock||[still]\n|-fail|p2a: Landorus\n|move|p1a: Landorus|Stealth Rock||[still]\n|-fail|p1a: Landorus\n|\n|upkeep\n|turn|65\n|\n|t:|1613031467\n|move|p1a: Landorus|Stealth Rock||[still]\n|-fail|p1a: Landorus\n|move|p2a: Landorus|Stealth Rock||[still]\n|-fail|p2a: Landorus\n|\n|upkeep\n|turn|66\n|\n|t:|1613031469\n|move|p1a: Landorus|Stealth Rock||[still]\n|-fail|p1a: Landorus\n|move|p2a: Landorus|Stealth Rock||[still]\n|-fail|p2a: Landorus\n|\n|upkeep\n|turn|67\n|\n|t:|1613031471\n|move|p1a: Landorus|Stealth Rock||[still]\n|-fail|p1a: Landorus\n|move|p2a: Landorus|Stealth Rock||[still]\n|-fail|p2a: Landorus\n|\n|upkeep\n|turn|68\n|\n|t:|1613031477\n|move|p1a: Landorus|Stealth Rock||[still]\n|-fail|p1a: Landorus\n|move|p2a: Landorus|Earthquake|p1a: Landorus\n|-immune|p1a: Landorus\n|\n|upkeep\n|turn|69\n|\n|t:|1613031481\n|move|p1a: Landorus|Earthquake|p2a: Landorus\n|-immune|p2a: Landorus\n|move|p2a: Landorus|Earthquake|p1a: Landorus\n|-immune|p1a: Landorus\n|\n|upkeep\n|turn|70\n|\n|t:|1613031485\n|move|p2a: Landorus|Earthquake|p1a: Landorus\n|-immune|p1a: Landorus\n|move|p1a: Landorus|Stealth Rock||[still]\n|-fail|p1a: Landorus\n|\n|upkeep\n|turn|71\n|\n|t:|1613031489\n|move|p2a: Landorus|Earthquake|p1a: Landorus\n|-immune|p1a: Landorus\n|move|p1a: Landorus|Stealth Rock||[still]\n|-fail|p1a: Landorus\n|\n|upkeep\n|turn|72\n|\n|t:|1613031491\n|move|p2a: Landorus|Earthquake|p1a: Landorus\n|-immune|p1a: Landorus\n|move|p1a: Landorus|Stealth Rock||[still]\n|-fail|p1a: Landorus\n|\n|upkeep\n|turn|73\n|\n|t:|1613031494\n|move|p1a: Landorus|Stealth Rock||[still]\n|-fail|p1a: Landorus\n|move|p2a: Landorus|Earthquake|p1a: Landorus\n|-immune|p1a: Landorus\n|\n|upkeep\n|turn|74\n|\n|t:|1613031499\n|move|p1a: Landorus|Stealth Rock||[still]\n|-fail|p1a: Landorus\n|move|p2a: Landorus|Earthquake|p1a: Landorus\n|-immune|p1a: Landorus\n|\n|upkeep\n|turn|75\n|\n|t:|1613031502\n|move|p2a: Landorus|Earthquake|p1a: Landorus\n|-immune|p1a: Landorus\n|move|p1a: Landorus|Stealth Rock||[still]\n|-fail|p1a: Landorus\n|\n|upkeep\n|turn|76\n|\n|t:|1613031504\n|move|p1a: Landorus|Stealth Rock||[still]\n|-fail|p1a: Landorus\n|move|p2a: Landorus|Earthquake|p1a: Landorus\n|-immune|p1a: Landorus\n|\n|upkeep\n|turn|77\n|\n|t:|1613031509\n|move|p1a: Landorus|Earthquake|p2a: Landorus\n|-immune|p2a: Landorus\n|move|p2a: Landorus|Earthquake|p1a: Landorus\n|-immune|p1a: Landorus\n|\n|upkeep\n|turn|78\n|\n|t:|1613031513\n|move|p1a: Landorus|Earthquake|p2a: Landorus\n|-immune|p2a: Landorus\n|move|p2a: Landorus|Earthquake|p1a: Landorus\n|-immune|p1a: Landorus\n|\n|upkeep\n|turn|79\n|\n|t:|1613031515\n|move|p2a: Landorus|Earthquake|p1a: Landorus\n|-immune|p1a: Landorus\n|move|p1a: Landorus|Earthquake|p2a: Landorus\n|-immune|p2a: Landorus\n|\n|upkeep\n|turn|80\n|\n|t:|1613031517\n|move|p2a: Landorus|Earthquake|p1a: Landorus\n|-immune|p1a: Landorus\n|move|p1a: Landorus|Earthquake|p2a: Landorus\n|-immune|p2a: Landorus\n|\n|upkeep\n|turn|81\n|\n|t:|1613031524\n|move|p1a: Landorus|Earthquake|p2a: Landorus\n|-immune|p2a: Landorus\n|move|p2a: Landorus|Explosion|p1a: Landorus\n|-enditem|p1a: Landorus|Focus Sash\n|-damage|p1a: Landorus|1\/100\n|faint|p2a: Landorus\n|\n|upkeep\n|\n|t:|1613031532\n|switch|p2a: Kartana|Kartana, shiny|100\/100\n|-damage|p2a: Kartana|94\/100|[from] Stealth Rock\n|turn|82\n|\n|t:|1613031535\n|move|p2a: Kartana|Knock Off|p1a: Landorus\n|-damage|p1a: Landorus|0 fnt\n|faint|p1a: Landorus\n|-ability|p2a: Kartana|Beast Boost|boost\n|-boost|p2a: Kartana|atk|1\n|\n|upkeep\n|\n|t:|1613031542\n|switch|p1a: Dragonite|Dragonite, M|100\/100\n|turn|83\n|\n|t:|1613031547\n|move|p2a: Kartana|Knock Off|p1a: Dragonite\n|-damage|p1a: Dragonite|65\/100\n|-enditem|p1a: Dragonite|Heavy-Duty Boots|[from] move: Knock Off|[of] p2a: Kartana\n|move|p1a: Dragonite|Dragon Dance|p1a: Dragonite\n|-boost|p1a: Dragonite|atk|1\n|-boost|p1a: Dragonite|spe|1\n|\n|upkeep\n|turn|84\n|\n|t:|1613031552\n|switch|p2a: Grimmsnarl|Grimmsnarl, M, shiny|100\/100\n|-damage|p2a: Grimmsnarl|88\/100|[from] Stealth Rock\n|move|p1a: Dragonite|Dragon Dance|p1a: Dragonite\n|-boost|p1a: Dragonite|atk|1\n|-boost|p1a: Dragonite|spe|1\n|\n|upkeep\n|turn|85\n|\n|t:|1613031554\n|move|p2a: Grimmsnarl|Taunt|p1a: Dragonite\n|-start|p1a: Dragonite|move: Taunt\n|move|p1a: Dragonite|Dual Wingbeat|p2a: Grimmsnarl\n|-damage|p2a: Grimmsnarl|36\/100\n|-damage|p2a: Grimmsnarl|0 fnt\n|-hitcount|p2a: Grimmsnarl|2\n|faint|p2a: Grimmsnarl\n|\n|upkeep\n|\n|t:|1613031561\n|switch|p2a: Kartana|Kartana, shiny|94\/100\n|-damage|p2a: Kartana|88\/100|[from] Stealth Rock\n|turn|86\n|\n|t:|1613031564\n|move|p1a: Dragonite|Dual Wingbeat|p2a: Kartana\n|-damage|p2a: Kartana|43\/100\n|-damage|p2a: Kartana|0 fnt\n|-hitcount|p2a: Kartana|2\n|faint|p2a: Kartana\n|\n|upkeep\n|l| laevin \u32db\n|\n|t:|1613031569\n|switch|p2a: Magearna|Magearna|100\/100\n|-damage|p2a: Magearna|95\/100|[from] Stealth Rock\n|turn|87\n|\n|t:|1613031571\n|move|p1a: Dragonite|Earthquake|p2a: Magearna\n|-supereffective|p2a: Magearna\n|-damage|p2a: Magearna|0 fnt\n|faint|p2a: Magearna\n|\n|-end|p1a: Dragonite|move: Taunt\n|upkeep\n|\n|t:|1613031579\n|switch|p2a: Heatran|Heatran, M, shiny|100\/100\n|-damage|p2a: Heatran|88\/100|[from] Stealth Rock\n|turn|88\n|-message|ArcanineSquad forfeited.\n|\n|win|Pangoro with vv\n|l|\u2606ArcanineSquad\n|raw|Pangoro with vv's rating: 1677 &rarr; <strong>1695<\/strong><br \/>(+18 for winning)\n|raw|ArcanineSquad's rating: 1631 &rarr; <strong>1613<\/strong><br \/>(-18 for losing)\n","uploadtime":1613031605,"views":17,"p1id":"pangorowithvv","p2id":"arcaninesquad","formatid":"gen8ou","rating":1613,"private":0,"password":null}