{"id":"gen8ou-1293354263","p1":"Glit Poww!","p2":"SkipTheDripBayless","format":"gen8ou","log":"|j|\u2606Glit Poww!\n|j|\u2606SkipTheDripBayless\n|inactive|Battle timer is ON: inactive players will automatically lose when time's up.\n|t:|1614741012\n|player|p1|Glit Poww!|misty-gen2|\n|player|p2|SkipTheDripBayless|acetrainersnowf|\n|teamsize|p1|6\n|teamsize|p2|6\n|gametype|singles\n|gen|8\n|tier|[Gen 8] OU\n|rated|Tournament battle\n|clearpoke\n|poke|p1|Tyranitar, F|\n|poke|p1|Landorus-Therian, M|\n|poke|p1|Tapu Koko|\n|poke|p1|Celesteela|\n|poke|p1|Rotom-Heat|\n|poke|p1|Toxapex, M|\n|poke|p2|Skarmory, F|\n|poke|p2|Heatran, M|\n|poke|p2|Venusaur, M|\n|poke|p2|Chansey, F|\n|poke|p2|Keldeo-Resolute|\n|poke|p2|Bisharp, M|\n|rule|Sleep Clause Mod: Limit one foe put to sleep\n|rule|Species Clause: Limit one of each Pok\u00e9mon\n|rule|OHKO Clause: OHKO moves are banned\n|rule|Evasion Moves Clause: Evasion moves are banned\n|rule|Endless Battle Clause: Forcing endless battles is banned\n|rule|HP Percentage Mod: HP is shown in percentages\n|rule|Dynamax Clause: You cannot dynamax\n|teampreview\n|inactive|Glit Poww! also wants the timer to be on.\n|\n|t:|1614741037\n|start\n|switch|p1a: Tapu Koko|Tapu Koko|100\/100\n|switch|p2a: Heatran|Heatran, M|100\/100\n|-fieldstart|move: Electric Terrain|[from] ability: Electric Surge|[of] p1a: Tapu Koko\n|turn|1\n|\n|t:|1614741047\n|switch|p1a: Rotom|Rotom-Heat|100\/100\n|move|p2a: Heatran|Stealth Rock|p1a: Rotom\n|-sidestart|p1: Glit Poww!|move: Stealth Rock\n|\n|upkeep\n|turn|2\n|\n|t:|1614741052\n|move|p2a: Heatran|Toxic|p1a: Rotom\n|-status|p1a: Rotom|tox\n|move|p1a: Rotom|Defog|p2a: Heatran\n|-unboost|p2a: Heatran|evasion|1\n|-sideend|p1: Glit Poww!|Stealth Rock|[from] move: Defog|[of] p1a: Rotom\n|-fieldend|move: Electric Terrain\n|\n|-damage|p1a: Rotom|94\/100 tox|[from] psn\n|upkeep\n|turn|3\n|\n|t:|1614741056\n|move|p2a: Heatran|Stealth Rock|p1a: Rotom\n|-sidestart|p1: Glit Poww!|move: Stealth Rock\n|move|p1a: Rotom|Volt Switch|p2a: Heatran\n|-damage|p2a: Heatran|80\/100\n|\n|t:|1614741059\n|switch|p1a: Yeeky|Landorus-Therian, M|100\/100|[from]move: Volt Switch\n|-damage|p1a: Yeeky|88\/100|[from] Stealth Rock\n|-ability|p1a: Yeeky|Intimidate|boost\n|-unboost|p2a: Heatran|atk|1\n|\n|-heal|p2a: Heatran|86\/100|[from] item: Leftovers\n|-heal|p1a: Yeeky|94\/100|[from] item: Leftovers\n|upkeep\n|turn|4\n|\n|t:|1614741072\n|move|p2a: Heatran|Toxic|p1a: Yeeky\n|-status|p1a: Yeeky|tox\n|move|p1a: Yeeky|Earthquake|p2a: Heatran\n|-supereffective|p2a: Heatran\n|-damage|p2a: Heatran|0 fnt\n|faint|p2a: Heatran\n|\n|-heal|p1a: Yeeky|100\/100 tox|[from] item: Leftovers\n|-damage|p1a: Yeeky|94\/100 tox|[from] psn\n|upkeep\n|j| Solobigbagalert\n|\n|t:|1614741077\n|switch|p2a: Keldeo|Keldeo-Resolute|100\/100\n|turn|5\n|\n|t:|1614741085\n|switch|p1a: Celesteela|Celesteela|100\/100\n|-damage|p1a: Celesteela|88\/100|[from] Stealth Rock\n|move|p2a: Keldeo|Scald|p1a: Celesteela\n|-damage|p1a: Celesteela|64\/100\n|\n|-heal|p1a: Celesteela|70\/100|[from] item: Leftovers\n|upkeep\n|turn|6\n|\n|t:|1614741088\n|move|p2a: Keldeo|Substitute|p2a: Keldeo\n|-start|p2a: Keldeo|Substitute\n|-damage|p2a: Keldeo|76\/100\n|move|p1a: Celesteela|Leech Seed||[still]\n|-fail|p1a: Celesteela\n|\n|-heal|p2a: Keldeo|82\/100|[from] item: Leftovers\n|-heal|p1a: Celesteela|76\/100|[from] item: Leftovers\n|upkeep\n|turn|7\n|\n|t:|1614741090\n|move|p2a: Keldeo|Calm Mind|p2a: Keldeo\n|-boost|p2a: Keldeo|spa|1\n|-boost|p2a: Keldeo|spd|1\n|move|p1a: Celesteela|Giga Drain|p2a: Keldeo\n|-supereffective|p2a: Keldeo\n|-end|p2a: Keldeo|Substitute\n|-heal|p1a: Celesteela|86\/100|[from] drain|[of] p2a: Keldeo\n|\n|-heal|p2a: Keldeo|88\/100|[from] item: Leftovers\n|-heal|p1a: Celesteela|92\/100|[from] item: Leftovers\n|upkeep\n|turn|8\n|\n|t:|1614741094\n|move|p2a: Keldeo|Scald|p1a: Celesteela\n|-damage|p1a: Celesteela|54\/100\n|-status|p1a: Celesteela|brn\n|move|p1a: Celesteela|Giga Drain|p2a: Keldeo\n|-supereffective|p2a: Keldeo\n|-damage|p2a: Keldeo|59\/100\n|-heal|p1a: Celesteela|66\/100 brn|[from] drain|[of] p2a: Keldeo\n|\n|-heal|p2a: Keldeo|65\/100|[from] item: Leftovers\n|-heal|p1a: Celesteela|72\/100 brn|[from] item: Leftovers\n|-damage|p1a: Celesteela|66\/100 brn|[from] brn\n|upkeep\n|turn|9\n|\n|t:|1614741097\n|move|p2a: Keldeo|Secret Sword|p1a: Celesteela\n|-damage|p1a: Celesteela|11\/100 brn\n|move|p1a: Celesteela|Giga Drain|p2a: Keldeo\n|-supereffective|p2a: Keldeo\n|-damage|p2a: Keldeo|39\/100\n|-heal|p1a: Celesteela|22\/100 brn|[from] drain|[of] p2a: Keldeo\n|\n|-heal|p2a: Keldeo|45\/100|[from] item: Leftovers\n|-heal|p1a: Celesteela|28\/100 brn|[from] item: Leftovers\n|-damage|p1a: Celesteela|22\/100 brn|[from] brn\n|upkeep\n|turn|10\n|\n|t:|1614741100\n|move|p2a: Keldeo|Scald|p1a: Celesteela\n|-damage|p1a: Celesteela|0 fnt\n|faint|p1a: Celesteela\n|\n|-heal|p2a: Keldeo|51\/100|[from] item: Leftovers\n|upkeep\n|\n|t:|1614741102\n|switch|p1a: Tapu Koko|Tapu Koko|100\/100\n|-damage|p1a: Tapu Koko|88\/100|[from] Stealth Rock\n|-fieldstart|move: Electric Terrain|[from] ability: Electric Surge|[of] p1a: Tapu Koko\n|turn|11\n|\n|t:|1614741112\n|switch|p2a: Chansey|Chansey, F|100\/100\n|move|p1a: Tapu Koko|Volt Switch|p2a: Chansey\n|-crit|p2a: Chansey\n|-damage|p2a: Chansey|75\/100\n|\n|t:|1614741116\n|switch|p1a: Rotom|Rotom-Heat|94\/100 tox|[from]move: Volt Switch\n|\n|-damage|p1a: Rotom|88\/100 tox|[from] psn\n|upkeep\n|turn|12\n|\n|t:|1614741119\n|move|p1a: Rotom|Defog|p2a: Chansey\n|-unboost|p2a: Chansey|evasion|1\n|-sideend|p1: Glit Poww!|Stealth Rock|[from] move: Defog|[of] p1a: Rotom\n|-fieldend|move: Electric Terrain\n|move|p2a: Chansey|Seismic Toss|p1a: Rotom\n|-damage|p1a: Rotom|55\/100 tox\n|\n|-damage|p1a: Rotom|43\/100 tox|[from] psn\n|upkeep\n|turn|13\n|\n|t:|1614741121\n|move|p1a: Rotom|Pain Split|p2a: Chansey\n|-sethp|p2a: Chansey|48\/100|[from] move: Pain Split|[silent]\n|-sethp|p1a: Rotom|100\/100 tox|[from] move: Pain Split\n|move|p2a: Chansey|Seismic Toss|p1a: Rotom\n|-damage|p1a: Rotom|68\/100 tox\n|\n|-damage|p1a: Rotom|49\/100 tox|[from] psn\n|upkeep\n|turn|14\n|\n|t:|1614741123\n|move|p1a: Rotom|Volt Switch|p2a: Chansey\n|-damage|p2a: Chansey|41\/100\n|\n|t:|1614741129\n|switch|p1a: Tyranitar|Tyranitar, F|100\/100|[from]move: Volt Switch\n|-weather|Sandstorm|[from] ability: Sand Stream|[of] p1a: Tyranitar\n|move|p2a: Chansey|Soft-Boiled|p2a: Chansey\n|-heal|p2a: Chansey|91\/100\n|\n|-weather|Sandstorm|[upkeep]\n|-damage|p2a: Chansey|85\/100|[from] Sandstorm\n|upkeep\n|turn|15\n|\n|t:|1614741135\n|switch|p2a: Skarmory|Skarmory, F|100\/100\n|move|p1a: Tyranitar|Crunch|p2a: Skarmory\n|-damage|p2a: Skarmory|52\/100\n|-unboost|p2a: Skarmory|def|1\n|-damage|p1a: Tyranitar|84\/100|[from] item: Rocky Helmet|[of] p2a: Skarmory\n|\n|-weather|Sandstorm|[upkeep]\n|upkeep\n|turn|16\n|\n|t:|1614741145\n|switch|p2a: Bisharp|Bisharp, M|100\/100\n|move|p1a: Tyranitar|Crunch|p2a: Bisharp\n|-resisted|p2a: Bisharp\n|-damage|p2a: Bisharp|68\/100\n|\n|-weather|Sandstorm|[upkeep]\n|-heal|p2a: Bisharp|74\/100|[from] item: Leftovers\n|upkeep\n|turn|17\n|\n|t:|1614741152\n|switch|p1a: Toxapex|Toxapex, M|100\/100\n|move|p2a: Bisharp|Iron Head|p1a: Toxapex\n|-resisted|p1a: Toxapex\n|-damage|p1a: Toxapex|86\/100\n|-damage|p2a: Bisharp|57\/100|[from] item: Rocky Helmet|[of] p1a: Toxapex\n|\n|-weather|Sandstorm|[upkeep]\n|-damage|p1a: Toxapex|80\/100|[from] Sandstorm\n|-heal|p2a: Bisharp|63\/100|[from] item: Leftovers\n|upkeep\n|turn|18\n|\n|t:|1614741160\n|move|p2a: Bisharp|Swords Dance|p2a: Bisharp\n|-boost|p2a: Bisharp|atk|2\n|move|p1a: Toxapex|Scald|p2a: Bisharp\n|-damage|p2a: Bisharp|40\/100\n|\n|-weather|none\n|-heal|p2a: Bisharp|46\/100|[from] item: Leftovers\n|upkeep\n|turn|19\n|\n|t:|1614741163\n|move|p2a: Bisharp|Knock Off|p1a: Toxapex\n|-damage|p1a: Toxapex|21\/100\n|-damage|p2a: Bisharp|30\/100|[from] item: Rocky Helmet|[of] p1a: Toxapex\n|-enditem|p1a: Toxapex|Rocky Helmet|[from] move: Knock Off|[of] p2a: Bisharp\n|move|p1a: Toxapex|Scald|p2a: Bisharp\n|-damage|p2a: Bisharp|5\/100\n|\n|-heal|p2a: Bisharp|11\/100|[from] item: Leftovers\n|upkeep\n|turn|20\n|j| iifreshy\n|\n|t:|1614741170\n|move|p2a: Bisharp|Knock Off|p1a: Toxapex\n|-damage|p1a: Toxapex|0 fnt\n|faint|p1a: Toxapex\n|\n|-heal|p2a: Bisharp|17\/100|[from] item: Leftovers\n|upkeep\n|\n|t:|1614741171\n|switch|p1a: Tapu Koko|Tapu Koko|88\/100\n|-fieldstart|move: Electric Terrain|[from] ability: Electric Surge|[of] p1a: Tapu Koko\n|turn|21\n|l| iifreshy\n|\n|t:|1614741179\n|move|p2a: Bisharp|Sucker Punch|p1a: Tapu Koko\n|-resisted|p1a: Tapu Koko\n|-damage|p1a: Tapu Koko|34\/100\n|move|p1a: Tapu Koko|Volt Switch|p2a: Bisharp\n|-damage|p2a: Bisharp|0 fnt\n|faint|p2a: Bisharp\n|\n|t:|1614741192\n|switch|p1a: Yeeky|Landorus-Therian, M|94\/100 tox|[from]move: Volt Switch\n|\n|-heal|p1a: Yeeky|100\/100 tox|[from] item: Leftovers\n|-damage|p1a: Yeeky|94\/100 tox|[from] psn\n|upkeep\n|\n|t:|1614741194\n|switch|p2a: Keldeo|Keldeo-Resolute|51\/100\n|turn|22\n|j| TheAdjuster\n|\n|t:|1614741197\n|move|p2a: Keldeo|Scald|p1a: Yeeky\n|-supereffective|p1a: Yeeky\n|-damage|p1a: Yeeky|5\/100 tox\n|move|p1a: Yeeky|Earthquake|p2a: Keldeo\n|-damage|p2a: Keldeo|0 fnt\n|faint|p2a: Keldeo\n|\n|-heal|p1a: Yeeky|11\/100 tox|[from] item: Leftovers\n|-damage|p1a: Yeeky|0 fnt|[from] psn\n|faint|p1a: Yeeky\n|upkeep\n|\n|t:|1614741207\n|switch|p2a: Venusaur|Venusaur, M|100\/100\n|switch|p1a: Tyranitar|Tyranitar, F|84\/100\n|-weather|Sandstorm|[from] ability: Sand Stream|[of] p1a: Tyranitar\n|turn|23\n|\n|t:|1614741212\n|move|p1a: Tyranitar|Fire Punch|p2a: Venusaur\n|-supereffective|p2a: Venusaur\n|-damage|p2a: Venusaur|28\/100\n|move|p2a: Venusaur|Giga Drain|p1a: Tyranitar\n|-supereffective|p1a: Tyranitar\n|-damage|p1a: Tyranitar|32\/100\n|-heal|p2a: Venusaur|52\/100|[from] drain|[of] p1a: Tyranitar\n|\n|-weather|Sandstorm|[upkeep]\n|-damage|p2a: Venusaur|46\/100|[from] Sandstorm\n|-heal|p2a: Venusaur|52\/100|[from] item: Leftovers\n|upkeep\n|turn|24\n|\n|t:|1614741217\n|switch|p2a: Chansey|Chansey, F|85\/100\n|move|p1a: Tyranitar|Fire Punch|p2a: Chansey\n|-damage|p2a: Chansey|55\/100\n|-status|p2a: Chansey|brn\n|\n|-weather|Sandstorm|[upkeep]\n|-damage|p2a: Chansey|49\/100 brn|[from] Sandstorm\n|-damage|p2a: Chansey|43\/100 brn|[from] brn\n|upkeep\n|turn|25\n|j| HelloIwillplaynow\n|c| TheAdjuster|pog\n|\n|t:|1614741222\n|switch|p1a: Rotom|Rotom-Heat|49\/100 tox\n|move|p2a: Chansey|Soft-Boiled|p2a: Chansey\n|-heal|p2a: Chansey|93\/100 brn\n|\n|-weather|Sandstorm|[upkeep]\n|-damage|p1a: Rotom|43\/100 tox|[from] Sandstorm\n|-damage|p2a: Chansey|87\/100 brn|[from] Sandstorm\n|-damage|p1a: Rotom|36\/100 tox|[from] psn\n|-damage|p2a: Chansey|81\/100 brn|[from] brn\n|-fieldend|move: Electric Terrain\n|upkeep\n|turn|26\n|j| buteko\n|\n|t:|1614741228\n|move|p1a: Rotom|Pain Split|p2a: Chansey\n|-sethp|p2a: Chansey|49\/100 brn|[from] move: Pain Split|[silent]\n|-sethp|p1a: Rotom|100\/100 tox|[from] move: Pain Split\n|move|p2a: Chansey|Seismic Toss|p1a: Rotom\n|-damage|p1a: Rotom|68\/100 tox\n|\n|-weather|Sandstorm|[upkeep]\n|-damage|p1a: Rotom|61\/100 tox|[from] Sandstorm\n|-damage|p2a: Chansey|43\/100 brn|[from] Sandstorm\n|-damage|p1a: Rotom|49\/100 tox|[from] psn\n|-damage|p2a: Chansey|36\/100 brn|[from] brn\n|upkeep\n|turn|27\n|\n|t:|1614741235\n|move|p1a: Rotom|Volt Switch|p2a: Chansey\n|-crit|p2a: Chansey\n|-damage|p2a: Chansey|26\/100 brn\n|\n|t:|1614741237\n|switch|p1a: Tyranitar|Tyranitar, F|32\/100|[from]move: Volt Switch\n|move|p2a: Chansey|Soft-Boiled|p2a: Chansey\n|-heal|p2a: Chansey|76\/100 brn\n|\n|-weather|none\n|-damage|p2a: Chansey|69\/100 brn|[from] brn\n|upkeep\n|turn|28\n|\n|t:|1614741241\n|switch|p2a: Venusaur|Venusaur, M|52\/100\n|move|p1a: Tyranitar|Stone Edge|p2a: Venusaur|[miss]\n|-miss|p1a: Tyranitar|p2a: Venusaur\n|\n|-heal|p2a: Venusaur|58\/100|[from] item: Leftovers\n|upkeep\n|turn|29\n|j| FrozenCold\n|\n|t:|1614741245\n|move|p1a: Tyranitar|Stone Edge|p2a: Venusaur|[miss]\n|-miss|p1a: Tyranitar|p2a: Venusaur\n|move|p2a: Venusaur|Giga Drain|p1a: Tyranitar\n|-supereffective|p1a: Tyranitar\n|-damage|p1a: Tyranitar|0 fnt\n|-heal|p2a: Venusaur|73\/100|[from] drain|[of] p1a: Tyranitar\n|faint|p1a: Tyranitar\n|\n|-heal|p2a: Venusaur|79\/100|[from] item: Leftovers\n|upkeep\n|c|\u2606Glit Poww!|lol\n|c|\u2606SkipTheDripBayless|u lost\n|c|\u2606SkipTheDripBayless|either way\n|c|\u2606Glit Poww!|how?\n|c| FrozenCold|god\n|c| FrozenCold|is that slightly adjusted\n|c|\u2606SkipTheDripBayless|i go skarm\n|c| FrozenCold|wish killer\n|c|\u2606SkipTheDripBayless|and roost\n|c|\u2606SkipTheDripBayless|and u lose\n|inactive|Glit Poww! has 120 seconds left.\n|c|\u2606SkipTheDripBayless|not to mention\n|c|\u2606SkipTheDripBayless|the crunch drop\n|c|\u2606SkipTheDripBayless|on ym skarm\n|\n|t:|1614741298\n|switch|p1a: Tapu Koko|Tapu Koko|34\/100\n|-fieldstart|move: Electric Terrain|[from] ability: Electric Surge|[of] p1a: Tapu Koko\n|turn|30\n|c|\u2606SkipTheDripBayless|only reason ur in this spot\n|\n|t:|1614741302\n|move|p1a: Tapu Koko|Volt Switch|p2a: Venusaur\n|-resisted|p2a: Venusaur\n|-damage|p2a: Venusaur|52\/100\n|\n|t:|1614741306\n|switch|p1a: Rotom|Rotom-Heat|49\/100 tox|[from]move: Volt Switch\n|move|p2a: Venusaur|Sludge Bomb|p1a: Rotom\n|-damage|p1a: Rotom|24\/100 tox\n|\n|-heal|p2a: Venusaur|58\/100|[from] item: Leftovers\n|-damage|p1a: Rotom|18\/100 tox|[from] psn\n|upkeep\n|turn|31\n|c| FrozenCold|also lefties on venu\n|\n|t:|1614741314\n|switch|p2a: Chansey|Chansey, F|69\/100\n|move|p1a: Rotom|Overheat|p2a: Chansey\n|-damage|p2a: Chansey|57\/100\n|-unboost|p1a: Rotom|spa|2\n|\n|-damage|p1a: Rotom|5\/100 tox|[from] psn\n|upkeep\n|turn|32\n|c| FrozenCold|angy face\n|\n|t:|1614741325\n|move|p1a: Rotom|Pain Split|p2a: Chansey\n|-sethp|p2a: Chansey|30\/100|[from] move: Pain Split|[silent]\n|-sethp|p1a: Rotom|62\/100 tox|[from] move: Pain Split\n|move|p2a: Chansey|Seismic Toss|p1a: Rotom\n|-damage|p1a: Rotom|29\/100 tox\n|\n|-damage|p1a: Rotom|10\/100 tox|[from] psn\n|upkeep\n|turn|33\n|inactive|Glit Poww! has 120 seconds left.\n|\n|t:|1614741352\n|move|p1a: Rotom|Pain Split|p2a: Chansey\n|-sethp|p2a: Chansey|17\/100|[from] move: Pain Split|[silent]\n|-sethp|p1a: Rotom|36\/100 tox|[from] move: Pain Split\n|move|p2a: Chansey|Soft-Boiled|p2a: Chansey\n|-heal|p2a: Chansey|67\/100\n|\n|-damage|p1a: Rotom|11\/100 tox|[from] psn\n|upkeep\n|turn|34\n|\n|t:|1614741359\n|move|p1a: Rotom|Volt Switch|p2a: Chansey\n|-damage|p2a: Chansey|64\/100\n|inactive|Glit Poww! has 120 seconds left.\n|l| FrozenCold\n|c|\u2606Glit Poww!|nah stone edge kills skarm\n|\n|t:|1614741387\n|switch|p1a: Tapu Koko|Tapu Koko|34\/100|[from]move: Volt Switch\n|move|p2a: Chansey|Soft-Boiled|p2a: Chansey\n|-heal|p2a: Chansey|100\/100\n|\n|-fieldend|move: Electric Terrain\n|upkeep\n|turn|35\n|c|\u2606Glit Poww!|just clac\n|c|\u2606SkipTheDripBayless|nope\n|c|\u2606Glit Poww!|calced*\n|c| Solobigbagalert|rofl\n|c|\u2606SkipTheDripBayless|now click\n|\n|t:|1614741403\n|move|p1a: Tapu Koko|Thunderbolt|p2a: Chansey\n|-damage|p2a: Chansey|85\/100\n|-status|p2a: Chansey|par\n|move|p2a: Chansey|Seismic Toss|p1a: Tapu Koko\n|-damage|p1a: Tapu Koko|0 fnt\n|faint|p1a: Tapu Koko\n|\n|upkeep\n|c|\u2606SkipTheDripBayless|u lose\n|c| Solobigbagalert|imagine thinking ttar kills skarm from there\n|c|\u2606Glit Poww!|it dose 55\n|inactive|Glit Poww! has 90 seconds left.\n|c|\u2606Glit Poww!|gg\n|-message|Glit Poww! forfeited.\n|\n|win|SkipTheDripBayless\n|n|\u2606Glit Poww!|glitpoww\n|n|\u2606SkipTheDripBayless|skipthedripbayless\n|n| Solobigbagalert|solobigbagalert\n|n| TheAdjuster|theadjuster\n|n| HelloIwillplaynow|helloiwillplaynow\n|n| buteko|buteko\n","uploadtime":1614741430,"views":48,"p1id":"glitpoww","p2id":"skipthedripbayless","formatid":"gen8ou","rating":0,"private":0,"password":null}