{"id":"gen8ou-1131212801","p1":"Storm Zone","p2":"big boss 447","format":"gen8ou","log":"|j|\u2606Storm Zone\n|j|\u2606big boss 447\n|player|p1|Storm Zone|zinnia|1874\n|player|p2|big boss 447|n|1829\n|teamsize|p1|6\n|teamsize|p2|6\n|gametype|singles\n|gen|8\n|tier|[Gen 8] OU\n|rated|\n|clearpoke\n|poke|p1|Toxtricity, M|\n|poke|p1|Kommo-o, M|\n|poke|p1|Necrozma|\n|poke|p1|Cinderace, M|\n|poke|p1|Zeraora|\n|poke|p1|Hydreigon, M|\n|poke|p2|Rotom-Wash|\n|poke|p2|Pelipper, F|\n|poke|p2|Crawdaunt, M|\n|poke|p2|Kyurem|\n|poke|p2|Zeraora|\n|poke|p2|Ferrothorn, M|\n|rule|Sleep Clause Mod: Limit one foe put to sleep\n|rule|Species Clause: Limit one of each Pok\u00e9mon\n|rule|OHKO Clause: OHKO moves are banned\n|rule|Evasion Moves Clause: Evasion moves are banned\n|rule|Endless Battle Clause: Forcing endless battles is banned\n|rule|HP Percentage Mod: HP is shown in percentages\n|rule|Dynamax Clause: You cannot dynamax\n|teampreview\n|j| Billy Billyson\n|j| xxxsaaawxxx\n|inactive|Battle timer is ON: inactive players will automatically lose when time's up. (requested by big boss 447)\n|j| vidar\n|\n|start\n|switch|p1a: Hybrid|Hydreigon, M, shiny|100\/100\n|switch|p2a: Kyurem|Kyurem|100\/100\n|-ability|p2a: Kyurem|Pressure\n|turn|1\n|\n|switch|p2a: Ferrothorn|Ferrothorn, M|100\/100\n|move|p1a: Hybrid|Draco Meteor|p2a: Ferrothorn|[miss]\n|-miss|p1a: Hybrid|p2a: Ferrothorn\n|\n|upkeep\n|turn|2\n|\n|switch|p1a: Liberacy|Cinderace, M|100\/100\n|move|p2a: Ferrothorn|Stealth Rock|p1a: Liberacy\n|-sidestart|p1: Storm Zone|move: Stealth Rock\n|\n|upkeep\n|turn|3\n|\n|switch|p2a: Pelipper|Pelipper, F|100\/100\n|-weather|RainDance|[from] ability: Drizzle|[of] p2a: Pelipper\n|move|p1a: Liberacy|High Jump Kick|p2a: Pelipper\n|-start|p1a: Liberacy|typechange|Fighting|[from] ability: Libero\n|-resisted|p2a: Pelipper\n|-damage|p2a: Pelipper|59\/100\n|\n|-weather|RainDance|[upkeep]\n|upkeep\n|turn|4\n|\n|switch|p1a: Descendant|Necrozma|100\/100\n|-damage|p1a: Descendant|88\/100|[from] Stealth Rock\n|move|p2a: Pelipper|Hurricane|p1a: Descendant\n|-damage|p1a: Descendant|53\/100\n|\n|-weather|RainDance|[upkeep]\n|-heal|p1a: Descendant|59\/100|[from] item: Leftovers\n|upkeep\n|turn|5\n|\n|switch|p2a: Kyurem|Kyurem|100\/100\n|-ability|p2a: Kyurem|Pressure\n|move|p1a: Descendant|Stealth Rock|p2a: Kyurem\n|-sidestart|p2: big boss 447|move: Stealth Rock\n|\n|-weather|RainDance|[upkeep]\n|-heal|p1a: Descendant|65\/100|[from] item: Leftovers\n|upkeep\n|turn|6\n|\n|move|p2a: Kyurem|Ice Beam|p1a: Descendant\n|-damage|p1a: Descendant|0 fnt\n|faint|p1a: Descendant\n|\n|-weather|RainDance|[upkeep]\n|upkeep\n|\n|switch|p1a: Liberacy|Cinderace, M|100\/100\n|-damage|p1a: Liberacy|76\/100|[from] Stealth Rock\n|turn|7\n|j| penguino0205\n|\n|switch|p2a: Rotom|Rotom-Wash|100\/100\n|-damage|p2a: Rotom|88\/100|[from] Stealth Rock\n|move|p1a: Liberacy|High Jump Kick|p2a: Rotom\n|-start|p1a: Liberacy|typechange|Fighting|[from] ability: Libero\n|-damage|p2a: Rotom|20\/100\n|\n|-weather|none\n|-heal|p2a: Rotom|26\/100|[from] item: Leftovers\n|upkeep\n|turn|8\n|\n|move|p1a: Liberacy|High Jump Kick|p2a: Rotom\n|-damage|p2a: Rotom|0 fnt\n|faint|p2a: Rotom\n|\n|upkeep\n|\n|switch|p2a: Pelipper|Pelipper, F|59\/100\n|-weather|RainDance|[from] ability: Drizzle|[of] p2a: Pelipper\n|turn|9\n|\n|switch|p1a: Kurt Cobain|Toxtricity, M|100\/100\n|-damage|p1a: Kurt Cobain|88\/100|[from] Stealth Rock\n|move|p2a: Pelipper|Hurricane|p1a: Kurt Cobain\n|-resisted|p1a: Kurt Cobain\n|-damage|p1a: Kurt Cobain|59\/100\n|\n|-weather|RainDance|[upkeep]\n|upkeep\n|turn|10\n|\n|switch|p2a: Ferrothorn|Ferrothorn, M|100\/100\n|-damage|p2a: Ferrothorn|94\/100|[from] Stealth Rock\n|move|p1a: Kurt Cobain|Boomburst|p2a: Ferrothorn\n|-resisted|p2a: Ferrothorn\n|-damage|p2a: Ferrothorn|71\/100\n|-enditem|p1a: Kurt Cobain|Throat Spray\n|-boost|p1a: Kurt Cobain|spa|1|[from] item: Throat Spray\n|\n|-weather|RainDance|[upkeep]\n|-heal|p2a: Ferrothorn|77\/100|[from] item: Leftovers\n|upkeep\n|turn|11\n|\n|move|p1a: Kurt Cobain|Boomburst|p2a: Ferrothorn\n|-resisted|p2a: Ferrothorn\n|-damage|p2a: Ferrothorn|47\/100\n|move|p2a: Ferrothorn|Power Whip|p1a: Kurt Cobain\n|-resisted|p1a: Kurt Cobain\n|-damage|p1a: Kurt Cobain|27\/100\n|\n|-weather|RainDance|[upkeep]\n|-heal|p2a: Ferrothorn|53\/100|[from] item: Leftovers\n|upkeep\n|turn|12\n|l| vidar\n|\n|move|p1a: Kurt Cobain|Boomburst|p2a: Ferrothorn\n|-resisted|p2a: Ferrothorn\n|-damage|p2a: Ferrothorn|23\/100\n|move|p2a: Ferrothorn|Power Whip|p1a: Kurt Cobain\n|-resisted|p1a: Kurt Cobain\n|-damage|p1a: Kurt Cobain|0 fnt\n|faint|p1a: Kurt Cobain\n|\n|-weather|RainDance|[upkeep]\n|-heal|p2a: Ferrothorn|29\/100|[from] item: Leftovers\n|upkeep\n|\n|switch|p1a: Zephyr|Zeraora|100\/100\n|-damage|p1a: Zephyr|88\/100|[from] Stealth Rock\n|turn|13\n|j| seven starsss\n|\n|move|p1a: Zephyr|Close Combat|p2a: Ferrothorn\n|-supereffective|p2a: Ferrothorn\n|-damage|p2a: Ferrothorn|0 fnt\n|-unboost|p1a: Zephyr|def|1\n|-unboost|p1a: Zephyr|spd|1\n|-damage|p1a: Zephyr|76\/100|[from] ability: Iron Barbs|[of] p2a: Ferrothorn\n|-damage|p1a: Zephyr|66\/100|[from] item: Life Orb\n|faint|p2a: Ferrothorn\n|\n|-weather|none\n|upkeep\n|\n|switch|p2a: Zeraora|Zeraora|100\/100\n|-damage|p2a: Zeraora|88\/100|[from] Stealth Rock\n|turn|14\n|\n|move|p2a: Zeraora|Play Rough|p1a: Zephyr\n|-damage|p1a: Zephyr|5\/100\n|move|p1a: Zephyr|Close Combat|p2a: Zeraora\n|-damage|p2a: Zeraora|25\/100\n|-unboost|p1a: Zephyr|def|1\n|-unboost|p1a: Zephyr|spd|1\n|-damage|p1a: Zephyr|0 fnt|[from] item: Life Orb\n|faint|p1a: Zephyr\n|\n|upkeep\n|\n|switch|p1a: Hybrid|Hydreigon, M, shiny|100\/100\n|-damage|p1a: Hybrid|88\/100|[from] Stealth Rock\n|turn|15\n|\n|move|p1a: Hybrid|Dark Pulse|p2a: Zeraora\n|-damage|p2a: Zeraora|0 fnt\n|faint|p2a: Zeraora\n|\n|upkeep\n|\n|switch|p2a: Kyurem|Kyurem|100\/100\n|-damage|p2a: Kyurem|76\/100|[from] Stealth Rock\n|-ability|p2a: Kyurem|Pressure\n|turn|16\n|\n|switch|p1a: Liberacy|Cinderace, M|76\/100\n|-damage|p1a: Liberacy|51\/100|[from] Stealth Rock\n|move|p2a: Kyurem|Ice Beam|p1a: Liberacy\n|-resisted|p1a: Liberacy\n|-damage|p1a: Liberacy|0 fnt\n|faint|p1a: Liberacy\n|\n|upkeep\n|\n|switch|p1a: Hybrid|Hydreigon, M, shiny|88\/100\n|-damage|p1a: Hybrid|76\/100|[from] Stealth Rock\n|turn|17\n|j| RBTP-SUSEJ\n|\n|switch|p2a: Pelipper|Pelipper, F|59\/100\n|-weather|RainDance|[from] ability: Drizzle|[of] p2a: Pelipper\n|move|p1a: Hybrid|Draco Meteor|p2a: Pelipper\n|-damage|p2a: Pelipper|0 fnt\n|-unboost|p1a: Hybrid|spa|2\n|faint|p2a: Pelipper\n|\n|-weather|RainDance|[upkeep]\n|upkeep\n|\n|switch|p2a: Crawdaunt|Crawdaunt, M|100\/100\n|-damage|p2a: Crawdaunt|88\/100|[from] Stealth Rock\n|turn|18\n|\n|switch|p1a: King Komodo|Kommo-o, M|100\/100\n|-damage|p1a: King Komodo|94\/100|[from] Stealth Rock\n|move|p2a: Crawdaunt|Liquidation|p1a: King Komodo\n|-resisted|p1a: King Komodo\n|-damage|p1a: King Komodo|36\/100\n|-damage|p2a: Crawdaunt|78\/100|[from] item: Life Orb\n|\n|-weather|RainDance|[upkeep]\n|upkeep\n|turn|19\n|\n|move|p2a: Crawdaunt|Aqua Jet|p1a: King Komodo\n|-resisted|p1a: King Komodo\n|-damage|p1a: King Komodo|10\/100\n|-damage|p2a: Crawdaunt|69\/100|[from] item: Life Orb\n|move|p1a: King Komodo|Close Combat|p2a: Crawdaunt\n|-supereffective|p2a: Crawdaunt\n|-damage|p2a: Crawdaunt|0 fnt\n|-unboost|p1a: King Komodo|def|1\n|-unboost|p1a: King Komodo|spd|1\n|-damage|p1a: King Komodo|0 fnt|[from] item: Life Orb\n|faint|p2a: Crawdaunt\n|faint|p1a: King Komodo\n|\n|-weather|RainDance|[upkeep]\n|upkeep\n|\n|switch|p1a: Hybrid|Hydreigon, M, shiny|76\/100\n|switch|p2a: Kyurem|Kyurem|76\/100\n|-damage|p1a: Hybrid|64\/100|[from] Stealth Rock\n|-damage|p2a: Kyurem|51\/100|[from] Stealth Rock\n|-ability|p2a: Kyurem|Pressure\n|turn|20\n|\n|move|p1a: Hybrid|Draco Meteor|p2a: Kyurem\n|-supereffective|p2a: Kyurem\n|-damage|p2a: Kyurem|0 fnt\n|-unboost|p1a: Hybrid|spa|2\n|faint|p2a: Kyurem\n|\n|win|Storm Zone\n|raw|Storm Zone's rating: 1874 &rarr; <strong>1890<\/strong><br \/>(+16 for winning)\n|raw|big boss 447's rating: 1809 &rarr; <strong>1793<\/strong><br \/>(-16 for losing)\n|l|\u2606big boss 447\n|l|\u2606Storm Zone\n|l| Billy Billyson\n|l| penguino0205\n|l| seven starsss\n|l| RBTP-SUSEJ\n|l| xxxsaaawxxx\n","uploadtime":1591933554,"views":894,"p1id":"stormzone","p2id":"bigboss447","formatid":"gen8ou","rating":1793,"private":0,"password":null}