{"id":"gen8ou-1633621498","p1":"LT92PF Raizen","p2":"Sp0oNl0rD","format":"gen8ou","log":"|raw|<div class=\"broadcast-blue\"><strong>This battle is required to be public due to a player having a name starting with 'lt92pf'.<\/div>\n|j|\u2606LT92PF Raizen\n|j|\u2606Sp0oNl0rD\n|t:|1659801869\n|gametype|singles\n|player|p1|LT92PF Raizen|170|1664\n|player|p2|Sp0oNl0rD|teamrocket|1680\n|teamsize|p1|6\n|teamsize|p2|6\n|gen|8\n|tier|[Gen 8] OU\n|rated|\n|rule|Sleep Clause Mod: Limit one foe put to sleep\n|rule|Species Clause: Limit one of each Pok\u00e9mon\n|rule|OHKO Clause: OHKO moves are banned\n|rule|Evasion Items Clause: Evasion items are banned\n|rule|Evasion Moves Clause: Evasion moves are banned\n|rule|Endless Battle Clause: Forcing endless battles is banned\n|rule|HP Percentage Mod: HP is shown in percentages\n|rule|Dynamax Clause: You cannot dynamax\n|clearpoke\n|poke|p1|Tapu Koko|\n|poke|p1|Tornadus-Therian, M|\n|poke|p1|Garchomp, F|\n|poke|p1|Urshifu-*, F|\n|poke|p1|Slowking-Galar, M|\n|poke|p1|Ferrothorn, M|\n|poke|p2|Landorus-Therian, M|\n|poke|p2|Heatran, F|\n|poke|p2|Kartana|\n|poke|p2|Weavile, F|\n|poke|p2|Zapdos|\n|poke|p2|Tapu Fini|\n|teampreview\n|inactive|Battle timer is ON: inactive players will automatically lose when time's up. (requested by Sp0oNl0rD)\n|j| yop on the flux\n|\n|t:|1659801887\n|start\n|switch|p1a: Tornadus|Tornadus-Therian, M, shiny|100\/100\n|switch|p2a: Heatran|Heatran, F|100\/100\n|-item|p2a: Heatran|Air Balloon\n|turn|1\n|\n|t:|1659801893\n|move|p1a: Tornadus|Knock Off|p2a: Heatran\n|-damage|p2a: Heatran|87\/100\n|-enditem|p2a: Heatran|Air Balloon\n|move|p2a: Heatran|Magma Storm|p1a: Tornadus\n|-damage|p1a: Tornadus|56\/100\n|-activate|p1a: Tornadus|move: Magma Storm|[of] p2a: Heatran\n|\n|-damage|p1a: Tornadus|43\/100|[from] move: Magma Storm|[partiallytrapped]\n|upkeep\n|turn|2\n|\n|t:|1659801896\n|move|p1a: Tornadus|U-turn|p2a: Heatran\n|-resisted|p2a: Heatran\n|-damage|p2a: Heatran|85\/100\n|\n|t:|1659801898\n|switch|p1a: Garchomp|Garchomp, F, shiny|100\/100|[from]move: U-turn\n|move|p2a: Heatran|Stealth Rock|p1a: Garchomp\n|-sidestart|p1: LT92PF Raizen|move: Stealth Rock\n|\n|upkeep\n|turn|3\n|\n|t:|1659801903\n|switch|p2a: Landorus|Landorus-Therian, M|100\/100\n|-ability|p2a: Landorus|Intimidate|boost\n|-unboost|p1a: Garchomp|atk|1\n|move|p1a: Garchomp|Stealth Rock|p2a: Landorus\n|-sidestart|p2: Sp0oNl0rD|move: Stealth Rock\n|\n|upkeep\n|turn|4\n|\n|t:|1659801906\n|move|p1a: Garchomp|Toxic|p2a: Landorus\n|-status|p2a: Landorus|tox\n|move|p2a: Landorus|Toxic|p1a: Garchomp\n|-status|p1a: Garchomp|tox\n|\n|-damage|p1a: Garchomp|94\/100 tox|[from] psn\n|-damage|p2a: Landorus|94\/100 tox|[from] psn\n|upkeep\n|turn|5\n|\n|t:|1659801909\n|switch|p1a: Tornadus|Tornadus-Therian, M, shiny|76\/100\n|move|p2a: Landorus|Defog|p1a: Tornadus\n|-unboost|p1a: Tornadus|evasion|1\n|-sideend|p1: LT92PF Raizen|Stealth Rock|[from] move: Defog|[of] p2a: Landorus\n|-sideend|p2: Sp0oNl0rD|Stealth Rock|[from] move: Defog|[of] p2a: Landorus\n|\n|-heal|p2a: Landorus|100\/100 tox|[from] item: Leftovers\n|-damage|p2a: Landorus|88\/100 tox|[from] psn\n|upkeep\n|turn|6\n|\n|t:|1659801912\n|move|p1a: Tornadus|Knock Off|p2a: Landorus\n|-damage|p2a: Landorus|70\/100 tox\n|-enditem|p2a: Landorus|Leftovers|[from] move: Knock Off|[of] p1a: Tornadus\n|move|p2a: Landorus|U-turn|p1a: Tornadus\n|-resisted|p1a: Tornadus\n|-damage|p1a: Tornadus|65\/100\n|\n|t:|1659801913\n|switch|p2a: Zapdos|Zapdos|100\/100|[from]move: U-turn\n|\n|upkeep\n|turn|7\n|j| playingaround987\n|\n|t:|1659801917\n|switch|p1a: Slowking|Slowking-Galar, M, shiny|100\/100\n|move|p2a: Zapdos|Hurricane|p1a: Slowking\n|-damage|p1a: Slowking|57\/100\n|-start|p1a: Slowking|confusion\n|\n|upkeep\n|turn|8\n|\n|t:|1659801920\n|move|p2a: Zapdos|Hurricane|p1a: Slowking\n|-damage|p1a: Slowking|15\/100\n|-activate|p1a: Slowking|confusion\n|move|p1a: Slowking|Sludge Bomb|p2a: Zapdos\n|-damage|p2a: Zapdos|53\/100\n|-status|p2a: Zapdos|psn\n|\n|-damage|p2a: Zapdos|40\/100 psn|[from] psn\n|upkeep\n|turn|9\n|\n|t:|1659801925\n|switch|p2a: Landorus|Landorus-Therian, M|70\/100 tox\n|-ability|p2a: Landorus|Intimidate|boost\n|-unboost|p1a: Slowking|atk|1\n|switch|p1a: Tornadus|Tornadus-Therian, M, shiny|99\/100\n|\n|-damage|p2a: Landorus|63\/100 tox|[from] psn\n|upkeep\n|turn|10\n|\n|t:|1659801929\n|move|p1a: Tornadus|Hurricane|p2a: Landorus\n|-damage|p2a: Landorus|35\/100 tox\n|move|p2a: Landorus|U-turn|p1a: Tornadus\n|-resisted|p1a: Tornadus\n|-damage|p1a: Tornadus|87\/100\n|\n|t:|1659801931\n|switch|p2a: Zapdos|Zapdos|40\/100 psn|[from]move: U-turn\n|\n|-damage|p2a: Zapdos|28\/100 psn|[from] psn\n|upkeep\n|turn|11\n|\n|t:|1659801937\n|switch|p1a: Tapu Koko|Tapu Koko, shiny|100\/100\n|-fieldstart|move: Electric Terrain|[from] ability: Electric Surge|[of] p1a: Tapu Koko\n|move|p2a: Zapdos|Volt Switch|p1a: Tapu Koko\n|-resisted|p1a: Tapu Koko\n|-damage|p1a: Tapu Koko|58\/100\n|\n|t:|1659801941\n|switch|p2a: Kartana|Kartana|100\/100|[from]move: Volt Switch\n|\n|upkeep\n|turn|12\n|j| LT92PF rej\n|\n|t:|1659801946\n|switch|p2a: Weavile|Weavile, F|100\/100\n|-ability|p2a: Weavile|Pressure\n|switch|p1a: Ferrothorn|Ferrothorn, M, shiny|100\/100\n|\n|upkeep\n|turn|13\n|\n|t:|1659801949\n|switch|p2a: Heatran|Heatran, F|85\/100\n|move|p1a: Ferrothorn|Spikes|p2a: Heatran\n|-sidestart|p2: Sp0oNl0rD|Spikes\n|\n|upkeep\n|turn|14\n|\n|t:|1659801952\n|switch|p1a: Garchomp|Garchomp, F, shiny|94\/100 tox\n|move|p2a: Heatran|Stealth Rock|p1a: Garchomp\n|-sidestart|p1: LT92PF Raizen|move: Stealth Rock\n|\n|-heal|p1a: Garchomp|100\/100 tox|[from] item: Leftovers\n|-damage|p1a: Garchomp|94\/100 tox|[from] psn\n|upkeep\n|turn|15\n|\n|t:|1659801958\n|switch|p2a: Landorus|Landorus-Therian, M|35\/100 tox\n|-ability|p2a: Landorus|Intimidate|boost\n|-unboost|p1a: Garchomp|atk|1\n|move|p1a: Garchomp|Stealth Rock|p2a: Landorus\n|-sidestart|p2: Sp0oNl0rD|move: Stealth Rock\n|\n|-heal|p1a: Garchomp|100\/100 tox|[from] item: Leftovers\n|-damage|p1a: Garchomp|88\/100 tox|[from] psn\n|-damage|p2a: Landorus|29\/100 tox|[from] psn\n|-fieldend|move: Electric Terrain\n|upkeep\n|turn|16\n|\n|t:|1659801962\n|switch|p1a: Tornadus|Tornadus-Therian, M, shiny|100\/100\n|move|p2a: Landorus|Defog|p1a: Tornadus\n|-unboost|p1a: Tornadus|evasion|1\n|-sideend|p1: LT92PF Raizen|Stealth Rock|[from] move: Defog|[of] p2a: Landorus\n|-sideend|p2: Sp0oNl0rD|Spikes|[from] move: Defog|[of] p2a: Landorus\n|-sideend|p2: Sp0oNl0rD|Stealth Rock|[from] move: Defog|[of] p2a: Landorus\n|\n|-damage|p2a: Landorus|17\/100 tox|[from] psn\n|upkeep\n|turn|17\n|\n|t:|1659801965\n|move|p1a: Tornadus|Hurricane|p2a: Landorus\n|-damage|p2a: Landorus|0 fnt\n|faint|p2a: Landorus\n|\n|upkeep\n|\n|t:|1659801967\n|switch|p2a: Weavile|Weavile, F|100\/100\n|-ability|p2a: Weavile|Pressure\n|turn|18\n|\n|t:|1659801970\n|switch|p1a: Ferrothorn|Ferrothorn, M, shiny|100\/100\n|move|p2a: Weavile|Icicle Crash|p1a: Ferrothorn|[miss]\n|-miss|p2a: Weavile|p1a: Ferrothorn\n|\n|upkeep\n|turn|19\n|\n|t:|1659801974\n|switch|p2a: Heatran|Heatran, F|85\/100\n|move|p1a: Ferrothorn|Leech Seed|p2a: Heatran\n|-start|p2a: Heatran|move: Leech Seed\n|\n|-damage|p2a: Heatran|72\/100|[from] Leech Seed|[of] p1a: Ferrothorn\n|upkeep\n|turn|20\n|\n|t:|1659801979\n|switch|p2a: Weavile|Weavile, F|100\/100\n|-ability|p2a: Weavile|Pressure\n|switch|p1a: Tornadus|Tornadus-Therian, M, shiny|100\/100\n|\n|upkeep\n|turn|21\n|\n|t:|1659801981\n|switch|p1a: Ferrothorn|Ferrothorn, M, shiny|100\/100\n|move|p2a: Weavile|Icicle Crash|p1a: Ferrothorn|[miss]\n|-miss|p2a: Weavile|p1a: Ferrothorn\n|\n|upkeep\n|turn|22\n|c|\u2606Sp0oNl0rD|I give up weav isn't cooperating\n|-message|Sp0oNl0rD forfeited.\n|\n|win|LT92PF Raizen\n|raw|LT92PF Raizen's rating: 1664 &rarr; <strong>1685<\/strong><br \/>(+21 for winning)\n|raw|Sp0oNl0rD's rating: 1680 &rarr; <strong>1659<\/strong><br \/>(-21 for losing)\n|l|\u2606Sp0oNl0rD\n|l|\u2606LT92PF Raizen\n|l| LT92PF rej\n||Ladder isn't responding, score probably updated but might not have (Request timeout).\n","uploadtime":1659802085,"views":77,"p1id":"lt92pfraizen","p2id":"sp0onl0rd","formatid":"gen8ou","rating":1659,"private":0,"password":null}