{"id":"gen8ou-1429334525","p1":"BVRZUM","p2":"galarian dragapult","format":"gen8ou","log":"|j|\u2606BVRZUM\n|j|\u2606galarian dragapult\n|t:|1633387004\n|gametype|singles\n|player|p1|BVRZUM|morty|1782\n|player|p2|galarian dragapult|266|1786\n|teamsize|p1|6\n|teamsize|p2|6\n|gen|8\n|tier|[Gen 8] OU\n|rated|\n|rule|Sleep Clause Mod: Limit one foe put to sleep\n|rule|Species Clause: Limit one of each Pok\u00e9mon\n|rule|OHKO Clause: OHKO moves are banned\n|rule|Evasion Moves Clause: Evasion moves are banned\n|rule|Endless Battle Clause: Forcing endless battles is banned\n|rule|HP Percentage Mod: HP is shown in percentages\n|rule|Dynamax Clause: You cannot dynamax\n|clearpoke\n|poke|p1|Tapu Koko|\n|poke|p1|Hawlucha, M|\n|poke|p1|Mew|\n|poke|p1|Celesteela|\n|poke|p1|Garchomp, M|\n|poke|p1|Cloyster, M|\n|poke|p2|Dragapult, M|\n|poke|p2|Heatran, M|\n|poke|p2|Magnezone|\n|poke|p2|Landorus-Therian, M|\n|poke|p2|Tapu Fini|\n|poke|p2|Melmetal|\n|teampreview\n|\n|t:|1633387017\n|start\n|switch|p1a: Tapu Koko|Tapu Koko, shiny|100\/100\n|switch|p2a: Landorus|Landorus-Therian, M|100\/100\n|-fieldstart|move: Electric Terrain|[from] ability: Electric Surge|[of] p1a: Tapu Koko\n|-ability|p2a: Landorus|Intimidate|boost\n|-unboost|p1a: Tapu Koko|atk|1\n|turn|1\n|\n|t:|1633387024\n|move|p1a: Tapu Koko|Reflect|p1a: Tapu Koko\n|-sidestart|p1: BVRZUM|Reflect\n|move|p2a: Landorus|Knock Off|p1a: Tapu Koko\n|-resisted|p1a: Tapu Koko\n|-damage|p1a: Tapu Koko|92\/100\n|-enditem|p1a: Tapu Koko|Light Clay|[from] move: Knock Off|[of] p2a: Landorus\n|\n|upkeep\n|turn|2\n|\n|t:|1633387028\n|move|p1a: Tapu Koko|Light Screen|p1a: Tapu Koko\n|-sidestart|p1: BVRZUM|move: Light Screen\n|move|p2a: Landorus|Defog|p1a: Tapu Koko\n|-unboost|p1a: Tapu Koko|evasion|1\n|-sideend|p1: BVRZUM|Reflect\n|-sideend|p1: BVRZUM|move: Light Screen\n|-fieldend|move: Electric Terrain\n|\n|upkeep\n|turn|3\n|\n|t:|1633387033\n|move|p1a: Tapu Koko|U-turn|p2a: Landorus\n|-resisted|p2a: Landorus\n|-damage|p2a: Landorus|95\/100\n|\n|t:|1633387037\n|switch|p1a: Celesteela|Celesteela, shiny|100\/100|[from]move: U-turn\n|move|p2a: Landorus|Earthquake|p1a: Celesteela\n|-immune|p1a: Celesteela\n|\n|-heal|p2a: Landorus|100\/100|[from] item: Leftovers\n|upkeep\n|turn|4\n|\n|t:|1633387041\n|move|p1a: Celesteela|Autotomize|p1a: Celesteela\n|-boost|p1a: Celesteela|spe|2\n|-start|p1a: Celesteela|Autotomize\n|move|p2a: Landorus|Knock Off|p1a: Celesteela\n|-damage|p1a: Celesteela|72\/100\n|-enditem|p1a: Celesteela|Power Herb|[from] move: Knock Off|[of] p2a: Landorus\n|\n|upkeep\n|turn|5\n|j| Terry B bestdlc\n|\n|t:|1633387044\n|move|p1a: Celesteela|Meteor Beam||[still]\n|-prepare|p1a: Celesteela|Meteor Beam\n|-boost|p1a: Celesteela|spa|1\n|move|p2a: Landorus|U-turn|p1a: Celesteela\n|-resisted|p1a: Celesteela\n|-damage|p1a: Celesteela|66\/100\n|\n|t:|1633387049\n|switch|p2a: Magnezone|Magnezone|100\/100|[from]move: U-turn\n|\n|upkeep\n|turn|6\n|\n|t:|1633387053\n|move|p1a: Celesteela|Meteor Beam|p2a: Magnezone|[from]lockedmove\n|-resisted|p2a: Magnezone\n|-damage|p2a: Magnezone|69\/100\n|move|p2a: Magnezone|Thunderbolt|p1a: Celesteela\n|-supereffective|p1a: Celesteela\n|-crit|p1a: Celesteela\n|-damage|p1a: Celesteela|0 fnt\n|faint|p1a: Celesteela\n|\n|upkeep\n|inactive|Battle timer is ON: inactive players will automatically lose when time's up. (requested by galarian dragapult)\n|\n|t:|1633387059\n|switch|p1a: Garchomp|Garchomp, M|100\/100\n|turn|7\n|j| TheNotoriousDIC\n|\n|t:|1633387066\n|move|p1a: Garchomp|Swords Dance|p1a: Garchomp\n|-boost|p1a: Garchomp|atk|2\n|move|p2a: Magnezone|Toxic|p1a: Garchomp\n|-status|p1a: Garchomp|tox\n|\n|-damage|p1a: Garchomp|94\/100 tox|[from] psn\n|upkeep\n|turn|8\n|\n|t:|1633387075\n|switch|p2a: Landorus|Landorus-Therian, M|100\/100\n|-ability|p2a: Landorus|Intimidate|boost\n|-unboost|p1a: Garchomp|atk|1\n|move|p1a: Garchomp|Earthquake|p2a: Landorus\n|-immune|p2a: Landorus\n|\n|-heal|p1a: Garchomp|100\/100 tox|[from] item: Leftovers\n|-damage|p1a: Garchomp|88\/100 tox|[from] psn\n|upkeep\n|turn|9\n|j| HYper\n|\n|t:|1633387079\n|move|p1a: Garchomp|Scale Shot|p2a: Landorus\n|-damage|p2a: Landorus|81\/100\n|-damage|p2a: Landorus|61\/100\n|-damage|p2a: Landorus|42\/100\n|-damage|p2a: Landorus|24\/100\n|-damage|p2a: Landorus|4\/100\n|-hitcount|p2a: Landorus|5\n|-unboost|p1a: Garchomp|def|1\n|-boost|p1a: Garchomp|spe|1\n|move|p2a: Landorus|Earthquake|p1a: Garchomp\n|-crit|p1a: Garchomp\n|-damage|p1a: Garchomp|0 fnt\n|faint|p1a: Garchomp\n|\n|-heal|p2a: Landorus|10\/100|[from] item: Leftovers\n|upkeep\n|\n|t:|1633387094\n|switch|p1a: Tapu Koko|Tapu Koko, shiny|92\/100\n|-fieldstart|move: Electric Terrain|[from] ability: Electric Surge|[of] p1a: Tapu Koko\n|turn|10\n|\n|t:|1633387101\n|move|p1a: Tapu Koko|Taunt|p2a: Landorus\n|-start|p2a: Landorus|move: Taunt\n|move|p2a: Landorus|Earthquake|p1a: Tapu Koko\n|-supereffective|p1a: Tapu Koko\n|-damage|p1a: Tapu Koko|0 fnt\n|faint|p1a: Tapu Koko\n|\n|-heal|p2a: Landorus|16\/100|[from] item: Leftovers\n|upkeep\n|\n|t:|1633387107\n|switch|p1a: Hawlucha|Hawlucha, M, shiny|100\/100\n|-enditem|p1a: Hawlucha|Electric Seed\n|-boost|p1a: Hawlucha|def|1|[from] item: Electric Seed\n|turn|11\n|\n|t:|1633387112\n|move|p1a: Hawlucha|Swords Dance|p1a: Hawlucha\n|-boost|p1a: Hawlucha|atk|2\n|move|p2a: Landorus|U-turn|p1a: Hawlucha\n|-resisted|p1a: Hawlucha\n|-damage|p1a: Hawlucha|95\/100\n|\n|t:|1633387123\n|switch|p2a: Tapu Fini|Tapu Fini|100\/100|[from]move: U-turn\n|-fieldstart|move: Misty Terrain|[from] ability: Misty Surge|[of] p2a: Tapu Fini\n|\n|upkeep\n|turn|12\n|\n|t:|1633387128\n|move|p1a: Hawlucha|Acrobatics|p2a: Tapu Fini\n|-damage|p2a: Tapu Fini|32\/100\n|move|p2a: Tapu Fini|Draining Kiss|p1a: Hawlucha\n|-supereffective|p1a: Hawlucha\n|-damage|p1a: Hawlucha|48\/100\n|-heal|p2a: Tapu Fini|63\/100|[from] drain|[of] p1a: Hawlucha\n|\n|-heal|p2a: Tapu Fini|69\/100|[from] item: Leftovers\n|upkeep\n|turn|13\n|l| HYper\n|\n|t:|1633387136\n|move|p1a: Hawlucha|Acrobatics|p2a: Tapu Fini\n|-damage|p2a: Tapu Fini|3\/100\n|move|p2a: Tapu Fini|Draining Kiss|p1a: Hawlucha\n|-supereffective|p1a: Hawlucha\n|-damage|p1a: Hawlucha|0 fnt\n|-heal|p2a: Tapu Fini|34\/100|[from] drain|[of] p1a: Hawlucha\n|faint|p1a: Hawlucha\n|\n|-heal|p2a: Tapu Fini|40\/100|[from] item: Leftovers\n|upkeep\n|\n|t:|1633387147\n|switch|p1a: Cloyster|Cloyster, M, shiny|100\/100\n|turn|14\n|\n|t:|1633387154\n|move|p2a: Tapu Fini|Draining Kiss|p1a: Cloyster\n|-damage|p1a: Cloyster|58\/100\n|-heal|p2a: Tapu Fini|62\/100|[from] drain|[of] p1a: Cloyster\n|move|p1a: Cloyster|Shell Smash|p1a: Cloyster\n|-unboost|p1a: Cloyster|def|1\n|-unboost|p1a: Cloyster|spd|1\n|-boost|p1a: Cloyster|atk|2\n|-boost|p1a: Cloyster|spa|2\n|-boost|p1a: Cloyster|spe|2\n|\n|-heal|p2a: Tapu Fini|68\/100|[from] item: Leftovers\n|upkeep\n|turn|15\n|\n|t:|1633387165\n|move|p1a: Cloyster|Shell Smash|p1a: Cloyster\n|-unboost|p1a: Cloyster|def|1\n|-unboost|p1a: Cloyster|spd|1\n|-boost|p1a: Cloyster|atk|2\n|-boost|p1a: Cloyster|spa|2\n|-boost|p1a: Cloyster|spe|2\n|move|p2a: Tapu Fini|Draining Kiss|p1a: Cloyster\n|-damage|p1a: Cloyster|0 fnt\n|-heal|p2a: Tapu Fini|99\/100|[from] drain|[of] p1a: Cloyster\n|faint|p1a: Cloyster\n|\n|-heal|p2a: Tapu Fini|100\/100|[from] item: Leftovers\n|-fieldend|Misty Terrain\n|upkeep\n|j| I am but a Clown\n|\n|t:|1633387173\n|switch|p1a: Mew|Mew|100\/100\n|turn|16\n|\n|t:|1633387178\n|switch|p2a: Dragapult|Dragapult, M|100\/100\n|move|p1a: Mew|Taunt|p2a: Dragapult\n|-start|p2a: Dragapult|move: Taunt\n|\n|upkeep\n|turn|17\n|\n|t:|1633387181\n|move|p2a: Dragapult|Shadow Ball|p1a: Mew\n|-supereffective|p1a: Mew\n|-damage|p1a: Mew|11\/100\n|move|p1a: Mew|Cosmic Power|p1a: Mew\n|-boost|p1a: Mew|def|1\n|-boost|p1a: Mew|spd|1\n|\n|-heal|p1a: Mew|17\/100|[from] item: Leftovers\n|upkeep\n|turn|18\n|\n|t:|1633387183\n|move|p2a: Dragapult|Shadow Ball|p1a: Mew\n|-supereffective|p1a: Mew\n|-damage|p1a: Mew|0 fnt\n|faint|p1a: Mew\n|\n|win|galarian dragapult\n|raw|BVRZUM's rating: 1782 &rarr; <strong>1762<\/strong><br \/>(-20 for losing)\n|raw|galarian dragapult's rating: 1786 &rarr; <strong>1806<\/strong><br \/>(+20 for winning)\n|l|\u2606BVRZUM\n||Ladder isn't responding, score probably updated but might not have (Request timeout).\n","uploadtime":1633387307,"views":33,"p1id":"bvrzum","p2id":"galariandragapult","formatid":"gen8ou","rating":1762,"private":0,"password":null}