{"id":"gen8metronomebattle-1147439186","p1":"Pokefreak77","p2":"Jeanouioui","format":"gen8metronomebattle","log":"|j|\u2606Pokefreak77\n|j|\u2606Jeanouioui\n|player|p1|Pokefreak77|102|1329\n|player|p2|Jeanouioui|hugh|1154\n|teamsize|p1|2\n|teamsize|p2|2\n|gametype|doubles\n|gen|8\n|tier|[Gen 8] Metronome Battle\n|rated|\n|rule|HP Percentage Mod: HP is shown in percentages\n|\n|start\n|switch|p1a: Landorus|Landorus-Therian, M|100\/100\n|switch|p1b: Drifblim|Drifblim, M|100\/100\n|switch|p2a: Cerulean|Heracross-Mega, M|100\/100\n|switch|p2b: Fuchsia|Heracross-Mega, F, shiny|100\/100\n|-ability|p2a: Cerulean|Intrepid Sword|boost\n|-boost|p2a: Cerulean|atk|1\n|-weather|DeltaStream|[from] ability: Delta Stream|[of] p1b: Drifblim\n|-ability|p2b: Fuchsia|Intrepid Sword|boost\n|-boost|p2b: Fuchsia|atk|1\n|turn|1\n|\n|move|p1a: Landorus|Metronome|p1a: Landorus\n|move|p1a: Landorus|Scratch|p2b: Fuchsia|[from]Metronome\n|-supereffective|p2b: Fuchsia\n|-damage|p2b: Fuchsia|0 fnt\n|faint|p2b: Fuchsia\n|move|p2a: Cerulean|Metronome|p2a: Cerulean\n|move|p2a: Cerulean|Leech Life|p1a: Landorus|[from]Metronome\n|-resisted|p1a: Landorus\n|-damage|p1a: Landorus|48\/100\n|move|p1b: Drifblim|Metronome|p1b: Drifblim\n|move|p1b: Drifblim|Hypnosis|p2a: Cerulean|[from]Metronome\n|-status|p2a: Cerulean|slp|[from] move: Hypnosis\n|\n|-weather|DeltaStream|[upkeep]\n|upkeep\n|turn|2\n|\n|move|p1a: Landorus|Metronome|p1a: Landorus\n|move|p1a: Landorus|Stockpile|p1a: Landorus|[from]Metronome\n|-start|p1a: Landorus|stockpile1\n|-boost|p1a: Landorus|def|1\n|-boost|p1a: Landorus|spd|1\n|cant|p2a: Cerulean|slp\n|move|p1b: Drifblim|Metronome|p1b: Drifblim\n|move|p1b: Drifblim|Head Smash|p2a: Cerulean|[from]Metronome\n|-damage|p2a: Cerulean|73\/100 slp\n|-damage|p1b: Drifblim|90\/100|[from] Recoil\n|\n|-weather|DeltaStream|[upkeep]\n|upkeep\n|turn|3\n|\n|move|p1a: Landorus|Metronome|p1a: Landorus\n|move|p1a: Landorus|Vise Grip|p2a: Cerulean|[from]Metronome\n|-supereffective|p2a: Cerulean\n|-crit|p2a: Cerulean\n|-damage|p2a: Cerulean|0 fnt\n|faint|p2a: Cerulean\n|\n|win|Pokefreak77\n|l|\u2606Jeanouioui\n||Ladder (probably) updated, but score could not be retrieved (Request timeout).\n","uploadtime":1594222363,"views":2,"p1id":"pokefreak77","p2id":"jeanouioui","formatid":"gen8metronomebattle","rating":0,"private":0,"password":null}