{"id":"gen8ou-1162535654","p1":"GaijinEagle","p2":"Br jesus","format":"gen8ou","log":"|j|\u2606GaijinEagle\n|j|\u2606Br jesus\n|t:|1596465177\n|player|p1|GaijinEagle|101|1200\n|player|p2|Br jesus|169|1212\n|teamsize|p1|6\n|teamsize|p2|6\n|gametype|singles\n|gen|8\n|tier|[Gen 8] OU\n|rated|\n|html|<div class=\"broadcast-blue\"><strong>OU is currently suspecting Magearna! For information on how to participate check out the <a href=\"https:\/\/www.smogon.com\/forums\/threads\/3667669\/\">suspect thread<\/a>.<\/strong><\/div>\n|clearpoke\n|poke|p1|Shuckle, M|\n|poke|p1|Urshifu-*, M|\n|poke|p1|Lycanroc-Dusk, F|\n|poke|p1|Alakazam, M|\n|poke|p1|Cinderace, F|\n|poke|p1|Dragapult, F|\n|poke|p2|Exploud, F|\n|poke|p2|Incineroar, M|\n|poke|p2|Barraskewda, F|\n|poke|p2|Rillaboom, F|\n|poke|p2|Weezing-Galar, F|\n|poke|p2|Jirachi|\n|rule|Sleep Clause Mod: Limit one foe put to sleep\n|rule|Species Clause: Limit one of each Pok\u00e9mon\n|rule|OHKO Clause: OHKO moves are banned\n|rule|Evasion Moves Clause: Evasion moves are banned\n|rule|Endless Battle Clause: Forcing endless battles is banned\n|rule|HP Percentage Mod: HP is shown in percentages\n|rule|Dynamax Clause: You cannot dynamax\n|teampreview\n|inactive|Battle timer is ON: inactive players will automatically lose when time's up. (requested by GaijinEagle)\n|inactive|GaijinEagle has 120 seconds left.\n|inactive|GaijinEagle has 90 seconds left.\n|inactive|GaijinEagle has 60 seconds left.\n|inactive|GaijinEagle has 30 seconds left.\n|inactive|GaijinEagle has 20 seconds left.\n|inactiveoff|Battle timer is now OFF.\n|\n|t:|1596465314\n|start\n|switch|p1a: Shuckle|Shuckle, M|100\/100\n|switch|p2a: How Are You?|Jirachi|100\/100\n|turn|1\n|\n|t:|1596465329\n|move|p2a: How Are You?|Iron Head|p1a: Shuckle\n|-supereffective|p1a: Shuckle\n|-damage|p1a: Shuckle|63\/100\n|move|p1a: Shuckle|Sticky Web|p2a: How Are You?\n|-sidestart|p2: Br jesus|move: Sticky Web\n|\n|upkeep\n|turn|2\n|inactive|Battle timer is ON: inactive players will automatically lose when time's up. (requested by Br jesus)\n|\n|t:|1596465340\n|move|p2a: How Are You?|Iron Head|p1a: Shuckle\n|-supereffective|p1a: Shuckle\n|-damage|p1a: Shuckle|26\/100\n|move|p1a: Shuckle|Stealth Rock|p2a: How Are You?\n|-sidestart|p2: Br jesus|move: Stealth Rock\n|\n|upkeep\n|turn|3\n|inactive|GaijinEagle has 90 seconds left.\n|\n|t:|1596465348\n|move|p2a: How Are You?|Stealth Rock|p1a: Shuckle\n|-sidestart|p1: GaijinEagle|move: Stealth Rock\n|move|p1a: Shuckle|Final Gambit|p2a: How Are You?\n|-damage|p2a: How Are You?|85\/100\n|faint|p1a: Shuckle\n|\n|-heal|p2a: How Are You?|91\/100|[from] item: Leftovers\n|upkeep\n|inactive|GaijinEagle has 90 seconds left.\n|\n|t:|1596465359\n|switch|p1a: Cinderace|Cinderace, F|100\/100\n|turn|4\n|\n|t:|1596465364\n|switch|p2a: Hi|Incineroar, M|100\/100\n|-ability|p2a: Hi|Intimidate|boost\n|-unboost|p1a: Cinderace|atk|1\n|move|p1a: Cinderace|Pyro Ball|p2a: Hi\n|-resisted|p2a: Hi\n|-damage|p2a: Hi|83\/100\n|\n|upkeep\n|turn|5\n|inactive|GaijinEagle has 90 seconds left.\n|\n|t:|1596465389\n|switch|p1a: Lycanroc|Lycanroc-Dusk, F|100\/100\n|-damage|p1a: Lycanroc|88\/100|[from] Stealth Rock\n|move|p2a: Hi|Parting Shot|p1a: Lycanroc\n|-unboost|p1a: Lycanroc|atk|1\n|-unboost|p1a: Lycanroc|spa|1\n|\n|t:|1596465401\n|switch|p2a: Bye|Rillaboom, F, shiny|100\/100|[from]move: Parting Shot\n|-damage|p2a: Bye|88\/100|[from] Stealth Rock\n|-activate|p2a: Bye|move: Sticky Web\n|-unboost|p2a: Bye|spe|1\n|-fieldstart|move: Grassy Terrain|[from] ability: Grassy Surge|[of] p2a: Bye\n|\n|-heal|p1a: Lycanroc|94\/100|[from] Grassy Terrain\n|-heal|p2a: Bye|94\/100|[from] Grassy Terrain\n|upkeep\n|turn|6\n|inactive|GaijinEagle has 90 seconds left.\n|\n|t:|1596465430\n|move|p1a: Lycanroc|Accelerock|p2a: Bye\n|-damage|p2a: Bye|70\/100\n|-damage|p1a: Lycanroc|84\/100|[from] item: Life Orb\n|move|p2a: Bye|Grassy Glide|p1a: Lycanroc\n|-supereffective|p1a: Lycanroc\n|-damage|p1a: Lycanroc|0 fnt\n|faint|p1a: Lycanroc\n|\n|-heal|p2a: Bye|76\/100|[from] Grassy Terrain\n|upkeep\n|\n|t:|1596465438\n|switch|p1a: Cinderace|Cinderace, F|100\/100\n|turn|7\n|inactive|GaijinEagle has 60 seconds left.\n|\n|t:|1596465467\n|switch|p1a: Urshifu|Urshifu, M|100\/100\n|-damage|p1a: Urshifu|94\/100|[from] Stealth Rock\n|switch|p2a: Its Me Again|Weezing-Galar, F|100\/100\n|-ability|p2a: Its Me Again|Neutralizing Gas\n|\n|-heal|p1a: Urshifu|100\/100|[from] Grassy Terrain\n|upkeep\n|turn|8\n|inactive|GaijinEagle has 60 seconds left.\n|\n|t:|1596465492\n|switch|p1a: Cinderace|Cinderace, F|100\/100\n|move|p2a: Its Me Again|Strange Steam|p1a: Cinderace\n|-resisted|p1a: Cinderace\n|-damage|p1a: Cinderace|78\/100\n|\n|-heal|p1a: Cinderace|84\/100|[from] Grassy Terrain\n|upkeep\n|turn|9\n|\n|t:|1596465502\n|move|p1a: Cinderace|Zen Headbutt|p2a: Its Me Again\n|-supereffective|p2a: Its Me Again\n|-damage|p2a: Its Me Again|53\/100\n|cant|p2a: Its Me Again|flinch\n|\n|-heal|p1a: Cinderace|90\/100|[from] Grassy Terrain\n|-heal|p2a: Its Me Again|59\/100|[from] Grassy Terrain\n|-fieldend|move: Grassy Terrain\n|upkeep\n|turn|10\n|\n|t:|1596465508\n|move|p1a: Cinderace|Zen Headbutt|p2a: Its Me Again\n|-supereffective|p2a: Its Me Again\n|-damage|p2a: Its Me Again|13\/100\n|move|p2a: Its Me Again|Pain Split|p1a: Cinderace\n|-sethp|p1a: Cinderace|51\/100|[from] move: Pain Split|[silent]\n|-sethp|p2a: Its Me Again|56\/100|[from] move: Pain Split\n|\n|upkeep\n|turn|11\n|\n|t:|1596465516\n|switch|p2a: Hi|Incineroar, M|83\/100\n|-ability|p2a: Hi|Intimidate|boost\n|-unboost|p1a: Cinderace|atk|1\n|move|p1a: Cinderace|Zen Headbutt|p2a: Hi\n|-start|p1a: Cinderace|typechange|Psychic|[from] ability: Libero\n|-immune|p2a: Hi\n|\n|upkeep\n|turn|12\n|\n|t:|1596465530\n|switch|p1a: Urshifu|Urshifu, M|100\/100\n|-damage|p1a: Urshifu|94\/100|[from] Stealth Rock\n|move|p2a: Hi|Knock Off|p1a: Urshifu\n|-resisted|p1a: Urshifu\n|-damage|p1a: Urshifu|81\/100\n|-enditem|p1a: Urshifu|Life Orb|[from] move: Knock Off|[of] p2a: Hi\n|\n|upkeep\n|turn|13\n|\n|t:|1596465547\n|move|p1a: Urshifu|Close Combat|p2a: Hi\n|-supereffective|p2a: Hi\n|-damage|p2a: Hi|0 fnt\n|-unboost|p1a: Urshifu|def|1\n|-unboost|p1a: Urshifu|spd|1\n|faint|p2a: Hi\n|\n|upkeep\n|\n|t:|1596465557\n|switch|p2a: Bye|Rillaboom, F, shiny|76\/100\n|-damage|p2a: Bye|64\/100|[from] Stealth Rock\n|-activate|p2a: Bye|move: Sticky Web\n|-unboost|p2a: Bye|spe|1\n|-fieldstart|move: Grassy Terrain|[from] ability: Grassy Surge|[of] p2a: Bye\n|turn|14\n|inactive|GaijinEagle has 60 seconds left.\n|\n|t:|1596465596\n|switch|p1a: Cinderace|Cinderace, F|51\/100\n|move|p2a: Bye|Drum Beating|p1a: Cinderace\n|-resisted|p1a: Cinderace\n|-damage|p1a: Cinderace|0 fnt\n|faint|p1a: Cinderace\n|\n|-heal|p2a: Bye|70\/100|[from] Grassy Terrain\n|upkeep\n|\n|t:|1596465610\n|switch|p1a: Urshifu|Urshifu, M|81\/100\n|-damage|p1a: Urshifu|75\/100|[from] Stealth Rock\n|turn|15\n|\n|t:|1596465620\n|switch|p2a: How Are You?|Jirachi|91\/100\n|-activate|p2a: How Are You?|move: Sticky Web\n|-unboost|p2a: How Are You?|spe|1\n|-damage|p2a: How Are You?|85\/100|[from] Stealth Rock\n|move|p1a: Urshifu|Close Combat|p2a: How Are You?\n|-damage|p2a: How Are You?|26\/100\n|-unboost|p1a: Urshifu|def|1\n|-unboost|p1a: Urshifu|spd|1\n|\n|-heal|p1a: Urshifu|81\/100|[from] Grassy Terrain\n|-heal|p2a: How Are You?|32\/100|[from] item: Leftovers\n|-heal|p2a: How Are You?|38\/100|[from] Grassy Terrain\n|upkeep\n|turn|16\n|\n|t:|1596465636\n|move|p1a: Urshifu|Close Combat|p2a: How Are You?\n|-damage|p2a: How Are You?|0 fnt\n|-unboost|p1a: Urshifu|def|1\n|-unboost|p1a: Urshifu|spd|1\n|faint|p2a: How Are You?\n|\n|-heal|p1a: Urshifu|88\/100|[from] Grassy Terrain\n|upkeep\n|\n|t:|1596465642\n|switch|p2a: Bye|Rillaboom, F, shiny|70\/100\n|-damage|p2a: Bye|58\/100|[from] Stealth Rock\n|-activate|p2a: Bye|move: Sticky Web\n|-unboost|p2a: Bye|spe|1\n|turn|17\n|\n|t:|1596465648\n|move|p2a: Bye|Grassy Glide|p1a: Urshifu\n|-damage|p1a: Urshifu|0 fnt\n|faint|p1a: Urshifu\n|\n|-heal|p2a: Bye|64\/100|[from] Grassy Terrain\n|upkeep\n|\n|t:|1596465652\n|switch|p1a: Dragapult|Dragapult, F|100\/100\n|-damage|p1a: Dragapult|88\/100|[from] Stealth Rock\n|turn|18\n|inactive|GaijinEagle has 60 seconds left.\n|\n|t:|1596465666\n|switch|p2a: Sup|Barraskewda, F, shiny|100\/100\n|-activate|p2a: Sup|move: Sticky Web\n|-unboost|p2a: Sup|spe|1\n|-damage|p2a: Sup|88\/100|[from] Stealth Rock\n|move|p1a: Dragapult|Dragon Darts|p2a: Sup\n|-damage|p2a: Sup|19\/100\n|-anim|p1a: Dragapult|Dragon Darts|p2a: Sup\n|-damage|p2a: Sup|0 fnt\n|-damage|p1a: Dragapult|78\/100|[from] item: Life Orb\n|faint|p2a: Sup\n|\n|-heal|p1a: Dragapult|84\/100|[from] Grassy Terrain\n|-fieldend|move: Grassy Terrain\n|upkeep\n|\n|t:|1596465680\n|switch|p2a: Its Me Again|Weezing-Galar, F|56\/100\n|-ability|p2a: Its Me Again|Neutralizing Gas\n|turn|19\n|inactive|GaijinEagle has 60 seconds left.\n|\n|t:|1596465717\n|move|p1a: Dragapult|Phantom Force||[still]\n|-prepare|p1a: Dragapult|Phantom Force\n|move|p2a: Its Me Again|Strange Steam|p1a: Dragapult|[miss]\n|-miss|p2a: Its Me Again|p1a: Dragapult\n|\n|upkeep\n|turn|20\n|\n|t:|1596465725\n|move|p1a: Dragapult|Phantom Force|p2a: Its Me Again|[from]lockedmove\n|-damage|p2a: Its Me Again|0 fnt\n|-damage|p1a: Dragapult|75\/100|[from] item: Life Orb\n|faint|p2a: Its Me Again\n|\n|upkeep\n|\n|t:|1596465730\n|switch|p2a: F Yo Ethnicity|Exploud, F, shiny|100\/100\n|-damage|p2a: F Yo Ethnicity|88\/100|[from] Stealth Rock\n|-activate|p2a: F Yo Ethnicity|move: Sticky Web\n|-unboost|p2a: F Yo Ethnicity|spe|1\n|turn|21\n|\n|t:|1596465743\n|move|p1a: Dragapult|Dragon Darts|p2a: F Yo Ethnicity\n|-damage|p2a: F Yo Ethnicity|36\/100\n|-anim|p1a: Dragapult|Dragon Darts|p2a: F Yo Ethnicity\n|-damage|p2a: F Yo Ethnicity|0 fnt\n|-damage|p1a: Dragapult|65\/100|[from] item: Life Orb\n|faint|p2a: F Yo Ethnicity\n|\n|upkeep\n|\n|t:|1596465747\n|switch|p2a: Bye|Rillaboom, F, shiny|64\/100\n|-activate|p2a: Bye|move: Sticky Web\n|-unboost|p2a: Bye|spe|1\n|-damage|p2a: Bye|52\/100|[from] Stealth Rock\n|-fieldstart|move: Grassy Terrain|[from] ability: Grassy Surge|[of] p2a: Bye\n|turn|22\n|inactive|GaijinEagle has 60 seconds left.\n|\n|t:|1596465752\n|move|p2a: Bye|Grassy Glide|p1a: Dragapult\n|-resisted|p1a: Dragapult\n|-damage|p1a: Dragapult|19\/100\n|move|p1a: Dragapult|Phantom Force||[still]\n|-prepare|p1a: Dragapult|Phantom Force\n|\n|-heal|p2a: Bye|58\/100|[from] Grassy Terrain\n|upkeep\n|turn|23\n|\n|t:|1596465760\n|move|p2a: Bye|Grassy Glide|p1a: Dragapult|[miss]\n|-miss|p2a: Bye|p1a: Dragapult\n|move|p1a: Dragapult|Phantom Force|p2a: Bye|[from]lockedmove\n|-damage|p2a: Bye|0 fnt\n|-damage|p1a: Dragapult|9\/100|[from] item: Life Orb\n|faint|p2a: Bye\n|\n|win|GaijinEagle\n|l|\u2606Br jesus\n|c|\u2606GaijinEagle|gg\n","uploadtime":1596465774,"views":21,"p1id":"gaijineagle","p2id":"brjesus","formatid":"gen8ou","rating":0,"private":0,"password":null}