{"id":"gen8ou-1594372796","p1":"Batataplays","p2":"RaynningOutside","format":"gen8ou","log":"|j|\u2606Batataplays\n|j|\u2606RaynningOutside\n|inactive|Battle timer is ON: inactive players will automatically lose when time's up.\n|t:|1654993796\n|gametype|singles\n|player|p1|Batataplays|sonia|\n|player|p2|RaynningOutside|ethan|\n|teamsize|p1|6\n|teamsize|p2|6\n|gen|8\n|tier|[Gen 8] OU\n|rated|Tournament battle\n|rule|Sleep Clause Mod: Limit one foe put to sleep\n|rule|Species Clause: Limit one of each Pok\u00e9mon\n|rule|OHKO Clause: OHKO moves are banned\n|rule|Evasion Moves Clause: Evasion moves are banned\n|rule|Endless Battle Clause: Forcing endless battles is banned\n|rule|HP Percentage Mod: HP is shown in percentages\n|rule|Dynamax Clause: You cannot dynamax\n|clearpoke\n|poke|p1|Lanturn, M|\n|poke|p1|Pelipper, F|\n|poke|p1|Tapu Koko|\n|poke|p1|Corviknight, M|\n|poke|p1|Chansey, F|\n|poke|p1|Beartic, M|\n|poke|p2|Hippowdon, F|\n|poke|p2|Excadrill, M|\n|poke|p2|Dracozolt|\n|poke|p2|Volcanion|\n|poke|p2|Clefable, F|\n|poke|p2|Skarmory, M|\n|teampreview\n|j| SR.bonnie\n|j| nyacanm\n|j| isa200bela-\u00ac\n|c|\u2606RaynningOutside|batatas\n|j| UnstableMachinery\n|c|\u2606RaynningOutside|voce por aqui\n|c|\u2606Batataplays|traidor\n|c|\u2606RaynningOutside|WEATHER WAR\n|c|\u2606Batataplays|bem que eu sabia que vc tava andando mt com o\n|c|\u2606Batataplays|Mde\n|j| PaoTopSUS\n|c| SR.bonnie|Vai pessoa q estiver ganhando\n|inactive|RaynningOutside has 120 seconds left.\n|c|\u2606RaynningOutside|e voc\u00ea acha q n vi\n|c|\u2606RaynningOutside|tu andando com\n|inactive|Batataplays has 120 seconds left.\n|\n|t:|1654993842\n|start\n|switch|p1a: Tapu Koko|Tapu Koko, shiny|100\/100\n|switch|p2a: Leg day|Dracozolt|100\/100\n|-fieldstart|move: Electric Terrain|[from] ability: Electric Surge|[of] p1a: Tapu Koko\n|turn|1\n|c|\u2606RaynningOutside|lesgo\n|c|\u2606RaynningOutside|ih ala tapu koko\n|c|\u2606Batataplays|Com quem\n|c|\u2606Batataplays|me deixou curioso\n|\n|t:|1654993856\n|switch|p2a: Saarah|Hippowdon, F|100\/100\n|-weather|Sandstorm|[from] ability: Sand Stream|[of] p2a: Saarah\n|move|p1a: Tapu Koko|Dazzling Gleam|p2a: Saarah\n|-damage|p2a: Saarah|67\/100\n|\n|-weather|Sandstorm|[upkeep]\n|-damage|p1a: Tapu Koko|94\/100|[from] Sandstorm\n|upkeep\n|turn|2\n|c|\u2606Batataplays|KKKKJ\n|c| PaoTopSUS|aposto no batata\n|c|\u2606RaynningOutside|com\n|\n|t:|1654993862\n|switch|p1a: Pelipper|Pelipper, F|100\/100\n|-weather|RainDance|[from] ability: Drizzle|[of] p1a: Pelipper\n|move|p2a: Saarah|Slack Off|p2a: Saarah\n|-heal|p2a: Saarah|100\/100\n|\n|-weather|RainDance|[upkeep]\n|upkeep\n|turn|3\n|\n|t:|1654993868\n|switch|p2a: Granus|Volcanion|100\/100\n|move|p1a: Pelipper|U-turn|p2a: Granus\n|-resisted|p2a: Granus\n|-damage|p2a: Granus|96\/100\n|c|\u2606RaynningOutside|aposta em mim pf\n|c|\u2606RaynningOutside|pfv\n|\n|t:|1654993875\n|switch|p1a: Chansey|Chansey, F|100\/100|[from]move: U-turn\n|\n|-weather|RainDance|[upkeep]\n|upkeep\n|turn|4\n|c|\u2606RaynningOutside|pra perder dinheiro\n|c| PaoTopSUS|safado\n|c| SR.bonnie|Eu aposto em quem estiver ganhando\n|c|\u2606RaynningOutside|tenho fobia de chansey\n|c|\u2606Batataplays|pior q esse volcanion \u00e9 chato\n|\n|t:|1654993897\n|switch|p2a: Leg day|Dracozolt|100\/100\n|move|p1a: Chansey|Toxic|p2a: Leg day|[miss]\n|-miss|p1a: Chansey|p2a: Leg day\n|\n|-weather|RainDance|[upkeep]\n|upkeep\n|turn|5\n|c|\u2606RaynningOutside|eba\n|\n|t:|1654993904\n|move|p2a: Leg day|Bolt Beak|p1a: Chansey\n|-damage|p1a: Chansey|35\/100\n|move|p1a: Chansey|Stealth Rock|p2a: Leg day\n|-sidestart|p2: RaynningOutside|move: Stealth Rock\n|\n|-weather|RainDance|[upkeep]\n|-fieldend|move: Electric Terrain\n|upkeep\n|turn|6\n|c|\u2606RaynningOutside|nice\n|\n|t:|1654993910\n|switch|p1a: Lanturn|Lanturn, M|100\/100\n|move|p2a: Leg day|Bolt Beak|p1a: Lanturn\n|-immune|p1a: Lanturn|[from] ability: Volt Absorb\n|\n|-weather|RainDance|[upkeep]\n|upkeep\n|turn|7\n|c|\u2606RaynningOutside|eita\n|c|\u2606RaynningOutside|lanturn meta\n|c|\u2606Batataplays|fa\u00e7a\n|c|\u2606Batataplays|eu sei que vc quer\n|j| AkumaAK\n|c|\u2606RaynningOutside|vc acha\n|c|\u2606RaynningOutside|q n fao\n|c|\u2606RaynningOutside|fa\u00e7o?\n|c|\u2606RaynningOutside|volcanion\n|c|\u2606RaynningOutside|agora\n|c|\u2606RaynningOutside|duvida?\n|c|\u2606Batataplays|pior que eu acho que nn\n|inactive|RaynningOutside has 120 seconds left.\n|c|\u2606RaynningOutside|DUVIDAS?\n|j| uranio enriquecido\n|c|\u2606Batataplays|vc nn seria capaz\n|c| uranio enriquecido|RaynningOutside\n|\n|t:|1654993948\n|switch|p2a: Saarah|Hippowdon, F|100\/100\n|-damage|p2a: Saarah|94\/100|[from] Stealth Rock\n|-weather|Sandstorm|[from] ability: Sand Stream|[of] p2a: Saarah\n|move|p1a: Lanturn|Ice Beam|p2a: Saarah\n|-supereffective|p2a: Saarah\n|-damage|p2a: Saarah|39\/100\n|\n|-weather|Sandstorm|[upkeep]\n|-damage|p1a: Lanturn|94\/100|[from] Sandstorm\n|upkeep\n|turn|8\n|c| AkumaAK|nao sei o que \u00e9 pior\n|c|\u2606RaynningOutside|eu concordo\n|inactive|RaynningOutside has 120 seconds left.\n|c|\u2606RaynningOutside|SAFADO\n|c|\u2606Batataplays|po era oq eu queria msm KKK\n|c|\u2606RaynningOutside|ELE CONFIOU\n|c| SR.bonnie|Kkkkkkkk\n|\n|t:|1654993960\n|switch|p2a: Granus|Volcanion|96\/100\n|move|p1a: Lanturn|Ice Beam|p2a: Granus\n|-resisted|p2a: Granus\n|-damage|p2a: Granus|86\/100\n|\n|-weather|Sandstorm|[upkeep]\n|-damage|p2a: Granus|80\/100|[from] Sandstorm\n|-damage|p1a: Lanturn|88\/100|[from] Sandstorm\n|upkeep\n|turn|9\n|c| AkumaAK|se \u00e9 o luturn ou o beartic\n|inactive|RaynningOutside has 120 seconds left.\n|c|\u2606RaynningOutside|droga meu amigo confio em mim\n|c|\u2606RaynningOutside|como ousa\n|\n|t:|1654993977\n|move|p2a: Granus|Weather Ball|p1a: Lanturn\n|-damage|p1a: Lanturn|53\/100\n|move|p1a: Lanturn|Ice Beam|p2a: Granus\n|-resisted|p2a: Granus\n|-damage|p2a: Granus|69\/100\n|\n|-weather|Sandstorm|[upkeep]\n|-damage|p2a: Granus|63\/100|[from] Sandstorm\n|-damage|p1a: Lanturn|47\/100|[from] Sandstorm\n|upkeep\n|turn|10\n|\n|t:|1654993982\n|switch|p1a: Corviknight|Corviknight, M, shiny|100\/100\n|-ability|p1a: Corviknight|Pressure\n|move|p2a: Granus|Steam Eruption|p1a: Corviknight\n|-damage|p1a: Corviknight|52\/100\n|\n|-weather|Sandstorm|[upkeep]\n|-damage|p2a: Granus|57\/100|[from] Sandstorm\n|upkeep\n|turn|11\n|c|\u2606RaynningOutside|tendi\n|inactive|RaynningOutside has 120 seconds left.\n|c| UnstableMachinery|q isso vanessaur\n|\n|t:|1654993993\n|switch|p1a: Tapu Koko|Tapu Koko, shiny|94\/100\n|-fieldstart|move: Electric Terrain|[from] ability: Electric Surge|[of] p1a: Tapu Koko\n|move|p2a: Granus|Flamethrower|p1a: Tapu Koko\n|-damage|p1a: Tapu Koko|23\/100\n|\n|-weather|Sandstorm|[upkeep]\n|-damage|p1a: Tapu Koko|17\/100|[from] Sandstorm\n|-damage|p2a: Granus|51\/100|[from] Sandstorm\n|upkeep\n|turn|12\n|inactive|RaynningOutside has 120 seconds left.\n|c|\u2606RaynningOutside|brabo\n|c| PaoTopSUS|ta preula\n|\n|t:|1654994010\n|switch|p2a: Leg day|Dracozolt|100\/100\n|-damage|p2a: Leg day|88\/100|[from] Stealth Rock\n|move|p1a: Tapu Koko|Dazzling Gleam|p2a: Leg day\n|-supereffective|p2a: Leg day\n|-damage|p2a: Leg day|0 fnt\n|faint|p2a: Leg day\n|\n|-weather|Sandstorm|[upkeep]\n|-damage|p1a: Tapu Koko|10\/100|[from] Sandstorm\n|upkeep\n|c|\u2606RaynningOutside|oh no\n|c| SR.bonnie|Potente\n|\n|t:|1654994017\n|switch|p2a: Guacamole|Excadrill, M|100\/100\n|-damage|p2a: Guacamole|97\/100|[from] Stealth Rock\n|turn|13\n|\n|t:|1654994023\n|switch|p1a: Corviknight|Corviknight, M, shiny|52\/100\n|-ability|p1a: Corviknight|Pressure\n|move|p2a: Guacamole|Iron Head|p1a: Corviknight\n|-resisted|p1a: Corviknight\n|-damage|p1a: Corviknight|38\/100\n|\n|-weather|Sandstorm|[upkeep]\n|-heal|p2a: Guacamole|100\/100|[from] item: Leftovers\n|upkeep\n|turn|14\n|c|\u2606RaynningOutside|guacamole\n|\n|t:|1654994031\n|move|p2a: Guacamole|Earthquake|p1a: Corviknight\n|-immune|p1a: Corviknight\n|move|p1a: Corviknight|Roost|p1a: Corviknight\n|-heal|p1a: Corviknight|88\/100\n|-singleturn|p1a: Corviknight|move: Roost\n|\n|-weather|none\n|upkeep\n|turn|15\n|c|\u2606RaynningOutside|pq\n|c|\u2606RaynningOutside|que eu\n|c|\u2606RaynningOutside|sou mais rapido\n|c|\u2606RaynningOutside|quem decidiu isso\n|c| UnstableMachinery|sand rush\n|c|\u2606Batataplays|uai corvo \u00e9 lerdo\n|c|\u2606Batataplays|KKKJ\n|\n|t:|1654994046\n|switch|p2a: Tink|Skarmory, M|100\/100\n|-damage|p2a: Tink|88\/100|[from] Stealth Rock\n|move|p1a: Corviknight|Body Press|p2a: Tink\n|-damage|p2a: Tink|73\/100\n|-damage|p1a: Corviknight|72\/100|[from] item: Rocky Helmet|[of] p2a: Tink\n|\n|-fieldend|move: Electric Terrain\n|upkeep\n|turn|16\n|c| SR.bonnie|Kkkkkkk\n|c| UnstableMachinery|e corvo \u00e9 lerdo\n|\n|t:|1654994054\n|switch|p1a: Pelipper|Pelipper, F|100\/100\n|-weather|RainDance|[from] ability: Drizzle|[of] p1a: Pelipper\n|move|p2a: Tink|Spikes|p1a: Pelipper\n|-sidestart|p1: Batataplays|Spikes\n|\n|-weather|RainDance|[upkeep]\n|upkeep\n|turn|17\n|l| uranio enriquecido\n|\n|t:|1654994058\n|move|p2a: Tink|Roost|p2a: Tink\n|-heal|p2a: Tink|100\/100\n|-singleturn|p2a: Tink|move: Roost\n|move|p1a: Pelipper|Scald|p2a: Tink\n|-damage|p2a: Tink|51\/100\n|\n|-weather|RainDance|[upkeep]\n|upkeep\n|turn|18\n|\n|t:|1654994062\n|move|p2a: Tink|Roost|p2a: Tink\n|-heal|p2a: Tink|100\/100\n|-singleturn|p2a: Tink|move: Roost\n|move|p1a: Pelipper|U-turn|p2a: Tink\n|-resisted|p2a: Tink\n|-damage|p2a: Tink|98\/100\n|-damage|p1a: Pelipper|84\/100|[from] item: Rocky Helmet|[of] p2a: Tink\n|c| AkumaAK|como toma\n|\n|t:|1654994065\n|switch|p1a: Lanturn|Lanturn, M|47\/100|[from]move: U-turn\n|-damage|p1a: Lanturn|35\/100|[from] Spikes\n|\n|-weather|RainDance|[upkeep]\n|upkeep\n|turn|19\n|c| AkumaAK|flamethorer\n|c|\u2606RaynningOutside|tapu koko nao ironicamente um problema\n|c| AkumaAK|de gra\u00e7a\n|c|\u2606RaynningOutside|duvidas\n|c| SR.bonnie|Os cara gosta de cheiro de terra molhada\n|c| UnstableMachinery|mas \u00e9 bom msm o cheiro\n|inactive|RaynningOutside has 120 seconds left.\n|\n|t:|1654994098\n|switch|p2a: Saarah|Hippowdon, F|39\/100\n|-damage|p2a: Saarah|33\/100|[from] Stealth Rock\n|-weather|Sandstorm|[from] ability: Sand Stream|[of] p2a: Saarah\n|move|p1a: Lanturn|Ice Beam|p2a: Saarah\n|-supereffective|p2a: Saarah\n|-damage|p2a: Saarah|0 fnt\n|faint|p2a: Saarah\n|\n|-weather|Sandstorm|[upkeep]\n|-damage|p1a: Lanturn|29\/100|[from] Sandstorm\n|upkeep\n|inactive|RaynningOutside has 120 seconds left.\n|c|\u2606Batataplays|amem\n|c|\u2606RaynningOutside|safado cachorro\n|c| UnstableMachinery|eita sem mais sand\n|c| PaoTopSUS|hippo morreu\n|c|\u2606RaynningOutside|perdemo\n|\n|t:|1654994119\n|switch|p2a: Lua|Clefable, F|100\/100\n|turn|20\n|c|\u2606RaynningOutside|ou\n|c|\u2606RaynningOutside|ou sera\n|\n|t:|1654994125\n|switch|p1a: Pelipper|Pelipper, F|84\/100\n|-weather|RainDance|[from] ability: Drizzle|[of] p1a: Pelipper\n|move|p2a: Lua|Calm Mind|p2a: Lua\n|-boost|p2a: Lua|spa|1\n|-boost|p2a: Lua|spd|1\n|\n|-weather|RainDance|[upkeep]\n|upkeep\n|turn|21\n|c| AkumaAK|gg\n|inactive|RaynningOutside has 120 seconds left.\n|\n|t:|1654994132\n|move|p1a: Pelipper|Toxic|p2a: Lua\n|-status|p2a: Lua|tox\n|move|p2a: Lua|Calm Mind|p2a: Lua\n|-boost|p2a: Lua|spa|1\n|-boost|p2a: Lua|spd|1\n|\n|-weather|RainDance|[upkeep]\n|upkeep\n|turn|22\n|c| AkumaAK|rain \u00e9 roubado demais\n|\n|t:|1654994139\n|switch|p1a: Corviknight|Corviknight, M, shiny|72\/100\n|-ability|p1a: Corviknight|Pressure\n|move|p2a: Lua|Calm Mind|p2a: Lua\n|-boost|p2a: Lua|spa|1\n|-boost|p2a: Lua|spd|1\n|\n|-weather|RainDance|[upkeep]\n|upkeep\n|turn|23\n|c|\u2606RaynningOutside|magic guard boys\n|c| UnstableMachinery|opo batata\n|c| AkumaAK|etaa a salva\u00e7ao\n|\n|t:|1654994146\n|move|p1a: Corviknight|Defog|p2a: Lua\n|-unboost|p2a: Lua|evasion|1\n|-sideend|p2: RaynningOutside|Stealth Rock|[from] move: Defog|[of] p1a: Corviknight\n|-sideend|p1: Batataplays|Spikes|[from] move: Defog|[of] p1a: Corviknight\n|move|p2a: Lua|Calm Mind|p2a: Lua\n|-boost|p2a: Lua|spa|1\n|-boost|p2a: Lua|spd|1\n|\n|-weather|RainDance|[upkeep]\n|upkeep\n|turn|24\n|c| UnstableMachinery|ele n tomou dano de rocks\n|\n|t:|1654994150\n|switch|p1a: Tapu Koko|Tapu Koko, shiny|10\/100\n|-fieldstart|move: Electric Terrain|[from] ability: Electric Surge|[of] p1a: Tapu Koko\n|move|p2a: Lua|Thunderbolt|p1a: Tapu Koko\n|-resisted|p1a: Tapu Koko\n|-damage|p1a: Tapu Koko|0 fnt\n|faint|p1a: Tapu Koko\n|\n|-weather|RainDance|[upkeep]\n|upkeep\n|c| SR.bonnie|Uia\n|\n|t:|1654994153\n|switch|p1a: Lanturn|Lanturn, M|29\/100\n|turn|25\n|\n|t:|1654994155\n|move|p1a: Lanturn|Rising Voltage|p2a: Lua\n|-hint|Rising Voltage's BP doubled on grounded target.\n|-damage|p2a: Lua|64\/100 tox\n|move|p2a: Lua|Moonblast|p1a: Lanturn\n|-damage|p1a: Lanturn|0 fnt\n|faint|p1a: Lanturn\n|\n|-weather|RainDance|[upkeep]\n|-heal|p2a: Lua|70\/100 tox|[from] item: Leftovers\n|upkeep\n|c|\u2606RaynningOutside|venga\n|c| UnstableMachinery|se ligar when\n|\n|t:|1654994160\n|switch|p1a: Beartic|Beartic, M, shiny|100\/100\n|turn|26\n|c| AkumaAK|sso beartic\n|c|\u2606Batataplays|perdemo\n|c| AkumaAK|salva\n|c|\u2606RaynningOutside|ih rapaz\n|c|\u2606RaynningOutside|olha o choke do pai\n|c| SR.bonnie|Clefsweep\n|\n|t:|1654994178\n|move|p1a: Beartic|Icicle Crash|p2a: Lua\n|-damage|p2a: Lua|33\/100 tox\n|move|p2a: Lua|Moonblast|p1a: Beartic\n|-damage|p1a: Beartic|0 fnt\n|faint|p1a: Beartic\n|\n|-weather|RainDance|[upkeep]\n|-heal|p2a: Lua|39\/100 tox|[from] item: Leftovers\n|upkeep\n|c|\u2606Batataplays|UnstableMachinery choquei mas \u00e9 pq eu tenho raiva de unaware\n|c|\u2606Batataplays|KKKJ\n|c|\u2606RaynningOutside|gra\u00e7as\n|c|\u2606RaynningOutside|a tudo\n|c|\u2606RaynningOutside|KKKKK\n|c|\u2606RaynningOutside|eu quase\n|c|\u2606Batataplays|RaynningOutside\n|c|\u2606Batataplays|cara\n|c|\u2606RaynningOutside|coloquei unaware\n|c|\u2606RaynningOutside|juro\n|c|\u2606Batataplays|ou coroa?\n|c|\u2606RaynningOutside|coroa\n|c|\u2606RaynningOutside|joga ai\n|c| AkumaAK|chansy\n|c|\u2606Batataplays|!pick cara, coroa\n|c| Batataplays|\/raw <div class=\"infobox\"><em>We randomly picked:<\/em> cara<\/div>\n|inactive|Batataplays has 120 seconds left.\n|c| AkumaAK|que ve\n|c|\u2606RaynningOutside|oh no\n|c|\u2606Batataplays|vai ter q forfeitar meu mano\n|c|\u2606RaynningOutside|melhor de tres\n|c|\u2606Batataplays|ahhh\n|c|\u2606Batataplays|cra\n|c|\u2606Batataplays|cara\n|j|+be7\n|c|\u2606RaynningOutside|po mas eu perdi\n|c|\u2606RaynningOutside|KKKKKK\n|c|\u2606Batataplays|1-1\n|c|+be7|batata\n|c|+be7|'-'\n|c|\u2606RaynningOutside|blz\n|c| SR.bonnie|Kkkkkk\n|c|+be7|pq\n|c|\u2606RaynningOutside|COROA\n|inactive|Batataplays has 90 seconds left.\n|c|\u2606Batataplays|!pick cara, coroa\n|c| Batataplays|\/raw <div class=\"infobox\"><em>We randomly picked:<\/em> coroa<\/div>\n|c|\u2606Batataplays|NOOOOOOOOOOO\n|c|\u2606RaynningOutside|NICE\n|c| UnstableMachinery|oi be7 confirmas q eu te surrei com esse time ne\n|c|\u2606Batataplays|vou ter que aceitar\n|c|+be7|confirmo\n|c| AkumaAK|vai ser\n|c| UnstableMachinery|eu cctz n ganhei pq vc misclicko\n|c| AkumaAK|coroa\n|c|\u2606Batataplays|ser sweepado pela fada\n|c| AkumaAK|na proxima\n|\n|t:|1654994254\n|switch|p1a: Chansey|Chansey, F|35\/100\n|turn|27\n|\n|t:|1654994258\n|move|p2a: Lua|Moonblast|p1a: Chansey\n|-damage|p1a: Chansey|4\/100\n|-unboost|p1a: Chansey|spa|1\n|move|p1a: Chansey|Soft-Boiled|p1a: Chansey\n|-heal|p1a: Chansey|55\/100\n|\n|-weather|none\n|-heal|p2a: Lua|45\/100 tox|[from] item: Leftovers\n|upkeep\n|turn|28\n|c|+be7|KKKKKKKKK\n|c|+be7|Q RID\u00cdCULO\n|c|\u2606RaynningOutside|chansey\n|c|\u2606RaynningOutside|e uma\n|c|\u2606RaynningOutside|doen\u00e7a\n|c|\u2606RaynningOutside|na sociedade\n|\n|t:|1654994273\n|move|p2a: Lua|Soft-Boiled|p2a: Lua\n|-heal|p2a: Lua|95\/100 tox\n|move|p1a: Chansey|Soft-Boiled|p1a: Chansey\n|-heal|p1a: Chansey|100\/100\n|\n|-heal|p2a: Lua|100\/100 tox|[from] item: Leftovers\n|-fieldend|move: Electric Terrain\n|upkeep\n|turn|29\n|c| UnstableMachinery|clefable tbm \u00e9\n|c| AkumaAK|concordo\n|\n|t:|1654994276\n|move|p2a: Lua|Calm Mind|p2a: Lua\n|-boost|p2a: Lua|spa|1\n|-boost|p2a: Lua|spd|1\n|move|p1a: Chansey|Stealth Rock|p2a: Lua\n|-sidestart|p2: RaynningOutside|move: Stealth Rock\n|\n|upkeep\n|turn|30\n|c|\u2606RaynningOutside|n vem ao caso\n|c|\u2606RaynningOutside|machinery\n|c| SR.bonnie|Kkkkkkkk\n|\n|t:|1654994285\n|move|p2a: Lua|Calm Mind|p2a: Lua\n|-boost|p2a: Lua|spa|1\n|-boost|p2a: Lua|spd|1\n|move|p1a: Chansey|Seismic Toss|p2a: Lua\n|-damage|p2a: Lua|75\/100 tox\n|\n|-heal|p2a: Lua|81\/100 tox|[from] item: Leftovers\n|upkeep\n|turn|31\n|\n|t:|1654994291\n|move|p2a: Lua|Moonblast|p1a: Chansey\n|-damage|p1a: Chansey|60\/100\n|move|p1a: Chansey|Seismic Toss|p2a: Lua\n|-damage|p2a: Lua|56\/100 tox\n|\n|-heal|p2a: Lua|62\/100 tox|[from] item: Leftovers\n|upkeep\n|turn|32\n|c|\u2606RaynningOutside|top 10 lutas dos animes\n|\n|t:|1654994299\n|move|p2a: Lua|Thunderbolt|p1a: Chansey\n|-damage|p1a: Chansey|35\/100\n|-status|p1a: Chansey|par\n|cant|p1a: Chansey|par\n|\n|-heal|p2a: Lua|68\/100 tox|[from] item: Leftovers\n|upkeep\n|turn|33\n|c|\u2606RaynningOutside|NICE\n|c| PaoTopSUS|nooooooooooo\n|c| UnstableMachinery|vsf\n|c| AkumaAK|batalha de bola\n|c| AkumaAK|rosa\n|c|\u2606RaynningOutside|LUA EU TE AMO\n|c| UnstableMachinery|perdemos\n|\n|t:|1654994308\n|move|p2a: Lua|Moonblast|p1a: Chansey\n|-damage|p1a: Chansey|0 fnt\n|faint|p1a: Chansey\n|\n|-heal|p2a: Lua|74\/100 tox|[from] item: Leftovers\n|upkeep\n|c|\u2606Batataplays|UnstableMachinery ai tu ve\n|c| PaoTopSUS|kkkkkkkkkkkkkkkkkkk\n|c|\u2606Batataplays|q o cara \u00e9 melhor q eu\n|c|\u2606RaynningOutside|a minha bola rosa\n|c|\u2606Batataplays|mas ele \u00e9 gente boa\n|c|\u2606Batataplays|merece\n|c|\u2606RaynningOutside|menos redonda supremacy\n|l|+be7\n|c| SR.bonnie|O  o  hax\n|\n|t:|1654994323\n|switch|p1a: Pelipper|Pelipper, F|84\/100\n|-weather|RainDance|[from] ability: Drizzle|[of] p1a: Pelipper\n|turn|34\n|c|\u2606RaynningOutside|eba obg batata\n|c|\u2606RaynningOutside|tu tbm\n|c| nyacanm|kkkkkk\n|c|\u2606Batataplays|se vc for bom RaynningOutside\n|c|\u2606Batataplays|vc troca\n|c| AkumaAK|relaxa\n|c| AkumaAK|o pelliper\n|c|\u2606RaynningOutside|ih rapaz\n|c| AkumaAK|critica\n|\n|t:|1654994336\n|move|p1a: Pelipper|U-turn|p2a: Lua\n|-resisted|p2a: Lua\n|-damage|p2a: Lua|71\/100 tox\n|c|\u2606RaynningOutside|agora me tentou\n|\n|t:|1654994340\n|switch|p1a: Corviknight|Corviknight, M, shiny|72\/100|[from]move: U-turn\n|-ability|p1a: Corviknight|Pressure\n|move|p2a: Lua|Thunderbolt|p1a: Corviknight\n|-supereffective|p1a: Corviknight\n|-damage|p1a: Corviknight|0 fnt\n|faint|p1a: Corviknight\n|\n|-weather|RainDance|[upkeep]\n|-heal|p2a: Lua|77\/100 tox|[from] item: Leftovers\n|upkeep\n|\n|t:|1654994342\n|switch|p1a: Pelipper|Pelipper, F|84\/100\n|turn|35\n|c|\u2606Batataplays|trocar when\n|c|\u2606RaynningOutside|fechando com meu mano je\n|c| AkumaAK|pelliper vai crita\n|c|\u2606RaynningOutside|tenta\u00e7\u00e3o n chega a mim\n|c|\u2606Batataplays|troca ai\n|\n|t:|1654994359\n|switch|p2a: Granus|Volcanion|51\/100\n|move|p1a: Pelipper|Toxic|p2a: Granus\n|-status|p2a: Granus|tox\n|\n|-weather|RainDance|[upkeep]\n|-damage|p2a: Granus|45\/100 tox|[from] psn\n|upkeep\n|turn|36\n|\n|t:|1654994365\n|move|p2a: Granus|Weather Ball|p1a: Pelipper\n|-resisted|p1a: Pelipper\n|-crit|p1a: Pelipper\n|-damage|p1a: Pelipper|0 fnt\n|faint|p1a: Pelipper\n|\n|win|RaynningOutside\n|n|\u2606Batataplays|batataplays\n|n|\u2606RaynningOutside|raynningoutside\n|n| SR.bonnie|srbonnie\n|n| nyacanm|nyacanm\n|n| isa200bela-\u00ac|isa200bela\n|n| UnstableMachinery|unstablemachinery\n|n| PaoTopSUS|paotopsus\n|n| AkumaAK|akumaak\n","uploadtime":1654994365,"views":35,"p1id":"batataplays","p2id":"raynningoutside","formatid":"gen8ou","rating":0,"private":0,"password":null}