{"id":"gen8ou-1595201268","p1":"Koen_DW","p2":"blacksponge","format":"gen8ou","log":"|j|\u2606Koen_DW\n|j|\u2606blacksponge\n|t:|1655102243\n|gametype|singles\n|player|p1|Koen_DW|101|1447\n|player|p2|blacksponge|lucas|1433\n|teamsize|p1|6\n|teamsize|p2|6\n|gen|8\n|tier|[Gen 8] OU\n|rated|\n|rule|Sleep Clause Mod: Limit one foe put to sleep\n|rule|Species Clause: Limit one of each Pok\u00e9mon\n|rule|OHKO Clause: OHKO moves are banned\n|rule|Evasion Moves Clause: Evasion moves are banned\n|rule|Endless Battle Clause: Forcing endless battles is banned\n|rule|HP Percentage Mod: HP is shown in percentages\n|rule|Dynamax Clause: You cannot dynamax\n|clearpoke\n|poke|p1|Rillaboom, M|\n|poke|p1|Dragapult, M|\n|poke|p1|Tapu Fini|\n|poke|p1|Blacephalon|\n|poke|p1|Ferrothorn, M|\n|poke|p1|Urshifu-*, M|\n|poke|p2|Pelipper, M|\n|poke|p2|Blastoise, F|\n|poke|p2|Moltres|\n|poke|p2|Amoonguss, M|\n|poke|p2|Sharpedo, M|\n|poke|p2|Excadrill, F|\n|teampreview\n|\n|t:|1655102253\n|start\n|switch|p1a: Rillaboom|Rillaboom, M, shiny|100\/100\n|switch|p2a: Excadrill|Excadrill, F|100\/100\n|-ability|p2a: Excadrill|Mold Breaker\n|-fieldstart|move: Grassy Terrain|[from] ability: Grassy Surge|[of] p1a: Rillaboom\n|turn|1\n|\n|t:|1655102258\n|switch|p1a: Tapu Fini|Tapu Fini, shiny|100\/100\n|-fieldstart|move: Misty Terrain|[from] ability: Misty Surge|[of] p1a: Tapu Fini\n|move|p2a: Excadrill|Toxic|p1a: Tapu Fini\n|-activate|p1a: Tapu Fini|move: Misty Terrain\n|\n|upkeep\n|turn|2\n|\n|t:|1655102262\n|move|p1a: Tapu Fini|Trick|p2a: Excadrill\n|-activate|p1a: Tapu Fini|move: Trick|[of] p2a: Excadrill\n|-item|p2a: Excadrill|Choice Scarf|[from] move: Trick\n|-item|p1a: Tapu Fini|Focus Sash|[from] move: Trick\n|move|p2a: Excadrill|Earthquake|p1a: Tapu Fini\n|-damage|p1a: Tapu Fini|52\/100\n|\n|upkeep\n|turn|3\n|\n|t:|1655102267\n|move|p2a: Excadrill|Earthquake|p1a: Tapu Fini\n|-damage|p1a: Tapu Fini|2\/100\n|move|p1a: Tapu Fini|Scald|p2a: Excadrill\n|-supereffective|p2a: Excadrill\n|-damage|p2a: Excadrill|34\/100\n|\n|upkeep\n|turn|4\n|\n|t:|1655102271\n|switch|p1a: Rillaboom|Rillaboom, M, shiny|100\/100\n|-fieldstart|move: Grassy Terrain|[from] ability: Grassy Surge|[of] p1a: Rillaboom\n|move|p2a: Excadrill|Earthquake|p1a: Rillaboom\n|-resisted|p1a: Rillaboom\n|-damage|p1a: Rillaboom|85\/100\n|\n|-heal|p2a: Excadrill|40\/100|[from] Grassy Terrain\n|-heal|p1a: Rillaboom|91\/100|[from] Grassy Terrain\n|upkeep\n|turn|5\n|\n|t:|1655102274\n|switch|p2a: Amoonguss|Amoonguss, M|100\/100\n|move|p1a: Rillaboom|U-turn|p2a: Amoonguss\n|-damage|p2a: Amoonguss|71\/100\n|-damage|p1a: Rillaboom|75\/100|[from] item: Rocky Helmet|[of] p2a: Amoonguss\n|\n|t:|1655102278\n|switch|p1a: Blacephalon|Blacephalon, shiny|100\/100|[from]move: U-turn\n|\n|-heal|p2a: Amoonguss|77\/100|[from] Grassy Terrain\n|upkeep\n|turn|6\n|\n|t:|1655102283\n|switch|p2a: Pelipper|Pelipper, M|100\/100\n|-weather|RainDance|[from] ability: Drizzle|[of] p2a: Pelipper\n|move|p1a: Blacephalon|Shadow Ball|p2a: Pelipper\n|-damage|p2a: Pelipper|35\/100\n|\n|-weather|RainDance|[upkeep]\n|upkeep\n|turn|7\n|\n|t:|1655102295\n|switch|p2a: Amoonguss|Amoonguss, M|100\/100\n|move|p1a: Blacephalon|Shadow Ball|p2a: Amoonguss\n|-damage|p2a: Amoonguss|60\/100\n|\n|-weather|RainDance|[upkeep]\n|-heal|p2a: Amoonguss|66\/100|[from] Grassy Terrain\n|upkeep\n|turn|8\n|\n|t:|1655102304\n|switch|p1a: Ferrothorn|Ferrothorn, M, shiny|100\/100\n|move|p2a: Amoonguss|Foul Play|p1a: Ferrothorn\n|-damage|p1a: Ferrothorn|87\/100\n|-damage|p2a: Amoonguss|53\/100|[from] ability: Iron Barbs|[of] p1a: Ferrothorn\n|\n|-weather|RainDance|[upkeep]\n|-heal|p2a: Amoonguss|60\/100|[from] Grassy Terrain\n|-heal|p1a: Ferrothorn|94\/100|[from] Grassy Terrain\n|-heal|p1a: Ferrothorn|99\/100|[from] item: Leftovers\n|-fieldend|move: Grassy Terrain\n|upkeep\n|turn|9\n|\n|t:|1655102309\n|switch|p2a: Moltres|Moltres|100\/100\n|move|p1a: Ferrothorn|Leech Seed|p2a: Moltres|[miss]\n|-miss|p1a: Ferrothorn|p2a: Moltres\n|\n|-weather|RainDance|[upkeep]\n|-heal|p1a: Ferrothorn|100\/100|[from] item: Leftovers\n|upkeep\n|turn|10\n|\n|t:|1655102312\n|move|p2a: Moltres|Hurricane|p1a: Ferrothorn\n|-damage|p1a: Ferrothorn|60\/100\n|-start|p1a: Ferrothorn|confusion\n|-activate|p1a: Ferrothorn|confusion\n|move|p1a: Ferrothorn|Knock Off|p2a: Moltres\n|-damage|p2a: Moltres|85\/100\n|-enditem|p2a: Moltres|Heavy-Duty Boots|[from] move: Knock Off|[of] p1a: Ferrothorn\n|\n|-weather|RainDance|[upkeep]\n|-heal|p1a: Ferrothorn|66\/100|[from] item: Leftovers\n|upkeep\n|turn|11\n|\n|t:|1655102318\n|switch|p1a: Tapu Fini|Tapu Fini, shiny|2\/100\n|-fieldstart|move: Misty Terrain|[from] ability: Misty Surge|[of] p1a: Tapu Fini\n|move|p2a: Moltres|Hurricane|p1a: Tapu Fini\n|-damage|p1a: Tapu Fini|0 fnt\n|faint|p1a: Tapu Fini\n|\n|-weather|RainDance|[upkeep]\n|upkeep\n|\n|t:|1655102323\n|switch|p1a: Dragapult|Dragapult, M, shiny|100\/100\n|turn|12\n|\n|t:|1655102326\n|move|p1a: Dragapult|Substitute|p1a: Dragapult\n|-start|p1a: Dragapult|Substitute\n|-damage|p1a: Dragapult|76\/100\n|move|p2a: Moltres|Hurricane|p1a: Dragapult\n|-end|p1a: Dragapult|Substitute\n|\n|-weather|RainDance|[upkeep]\n|upkeep\n|turn|13\n|\n|t:|1655102330\n|move|p1a: Dragapult|Dragon Dance|p1a: Dragapult\n|-boost|p1a: Dragapult|atk|1\n|-boost|p1a: Dragapult|spe|1\n|move|p2a: Moltres|Hurricane|p1a: Dragapult\n|-damage|p1a: Dragapult|15\/100\n|\n|-weather|none\n|upkeep\n|turn|14\n|\n|t:|1655102339\n|move|p1a: Dragapult|Dragon Darts|p2a: Moltres\n|-damage|p2a: Moltres|56\/100\n|-anim|p1a: Dragapult|Dragon Darts|p2a: Moltres\n|-damage|p2a: Moltres|28\/100\n|move|p2a: Moltres|Scorching Sands|p1a: Dragapult\n|-damage|p1a: Dragapult|0 fnt\n|faint|p1a: Dragapult\n|\n|upkeep\n|\n|t:|1655102355\n|switch|p1a: Blacephalon|Blacephalon, shiny|100\/100\n|turn|15\n|\n|t:|1655102359\n|switch|p2a: Amoonguss|Amoonguss, M|93\/100\n|move|p1a: Blacephalon|Shadow Ball|p2a: Amoonguss\n|-damage|p2a: Amoonguss|56\/100\n|\n|-fieldend|Misty Terrain\n|upkeep\n|turn|16\n|\n|t:|1655102364\n|move|p1a: Blacephalon|Shadow Ball|p2a: Amoonguss\n|-damage|p2a: Amoonguss|18\/100\n|move|p2a: Amoonguss|Spore|p1a: Blacephalon\n|-status|p1a: Blacephalon|slp|[from] move: Spore\n|\n|upkeep\n|turn|17\n|\n|t:|1655102369\n|switch|p1a: Ferrothorn|Ferrothorn, M, shiny|66\/100\n|move|p2a: Amoonguss|Foul Play|p1a: Ferrothorn\n|-damage|p1a: Ferrothorn|54\/100\n|-damage|p2a: Amoonguss|5\/100|[from] ability: Iron Barbs|[of] p1a: Ferrothorn\n|\n|-heal|p1a: Ferrothorn|60\/100|[from] item: Leftovers\n|upkeep\n|turn|18\n|\n|t:|1655102373\n|switch|p2a: Moltres|Moltres|28\/100\n|move|p1a: Ferrothorn|Knock Off|p2a: Moltres\n|-damage|p2a: Moltres|18\/100\n|\n|-heal|p1a: Ferrothorn|66\/100|[from] item: Leftovers\n|upkeep\n|turn|19\n|\n|t:|1655102377\n|move|p2a: Moltres|Scorching Sands|p1a: Ferrothorn\n|-damage|p1a: Ferrothorn|51\/100\n|move|p1a: Ferrothorn|Stealth Rock|p2a: Moltres\n|-sidestart|p2: blacksponge|move: Stealth Rock\n|\n|-heal|p1a: Ferrothorn|57\/100|[from] item: Leftovers\n|upkeep\n|turn|20\n|\n|t:|1655102381\n|switch|p1a: Blacephalon|Blacephalon, shiny|100\/100 slp\n|move|p2a: Moltres|Defog|p1a: Blacephalon\n|-unboost|p1a: Blacephalon|evasion|1\n|-sideend|p2: blacksponge|Stealth Rock|[from] move: Defog|[of] p2a: Moltres\n|\n|upkeep\n|turn|21\n|\n|t:|1655102384\n|cant|p1a: Blacephalon|slp\n|move|p2a: Moltres|Scorching Sands|p1a: Blacephalon\n|-supereffective|p1a: Blacephalon\n|-damage|p1a: Blacephalon|33\/100 slp\n|\n|upkeep\n|turn|22\n|\n|t:|1655102387\n|cant|p1a: Blacephalon|slp\n|move|p2a: Moltres|Scorching Sands|p1a: Blacephalon\n|-supereffective|p1a: Blacephalon\n|-damage|p1a: Blacephalon|0 fnt\n|faint|p1a: Blacephalon\n|\n|upkeep\n|\n|t:|1655102389\n|switch|p1a: Urshifu|Urshifu-Rapid-Strike, M|100\/100\n|turn|23\n|\n|t:|1655102392\n|move|p1a: Urshifu|U-turn|p2a: Moltres\n|-resisted|p2a: Moltres\n|-damage|p2a: Moltres|11\/100\n|\n|t:|1655102395\n|switch|p1a: Rillaboom|Rillaboom, M, shiny|75\/100|[from]move: U-turn\n|-fieldstart|move: Grassy Terrain|[from] ability: Grassy Surge|[of] p1a: Rillaboom\n|move|p2a: Moltres|Roost|p2a: Moltres\n|-heal|p2a: Moltres|61\/100\n|-singleturn|p2a: Moltres|move: Roost\n|\n|-heal|p1a: Rillaboom|81\/100|[from] Grassy Terrain\n|-heal|p2a: Moltres|68\/100|[from] Grassy Terrain\n|upkeep\n|turn|24\n|\n|t:|1655102398\n|move|p1a: Rillaboom|Knock Off|p2a: Moltres\n|-damage|p2a: Moltres|45\/100\n|move|p2a: Moltres|Hurricane|p1a: Rillaboom\n|-supereffective|p1a: Rillaboom\n|-damage|p1a: Rillaboom|0 fnt\n|faint|p1a: Rillaboom\n|\n|upkeep\n|\n|t:|1655102401\n|switch|p1a: Urshifu|Urshifu-Rapid-Strike, M|100\/100\n|turn|25\n|\n|t:|1655102405\n|switch|p2a: Amoonguss|Amoonguss, M|39\/100\n|move|p1a: Urshifu|Surging Strikes|p2a: Amoonguss\n|-resisted|p2a: Amoonguss\n|-crit|p2a: Amoonguss\n|-damage|p2a: Amoonguss|26\/100\n|-damage|p1a: Urshifu|84\/100|[from] item: Rocky Helmet|[of] p2a: Amoonguss\n|-resisted|p2a: Amoonguss\n|-crit|p2a: Amoonguss\n|-damage|p2a: Amoonguss|15\/100\n|-damage|p1a: Urshifu|68\/100|[from] item: Rocky Helmet|[of] p2a: Amoonguss\n|-resisted|p2a: Amoonguss\n|-crit|p2a: Amoonguss\n|-damage|p2a: Amoonguss|3\/100\n|-damage|p1a: Urshifu|51\/100|[from] item: Rocky Helmet|[of] p2a: Amoonguss\n|-hitcount|p2a: Amoonguss|3\n|\n|-heal|p1a: Urshifu|57\/100|[from] Grassy Terrain\n|-heal|p2a: Amoonguss|10\/100|[from] Grassy Terrain\n|upkeep\n|turn|26\n|\n|t:|1655102411\n|switch|p2a: Pelipper|Pelipper, M|35\/100\n|-weather|RainDance|[from] ability: Drizzle|[of] p2a: Pelipper\n|move|p1a: Urshifu|Surging Strikes|p2a: Pelipper\n|-resisted|p2a: Pelipper\n|-crit|p2a: Pelipper\n|-damage|p2a: Pelipper|19\/100\n|-resisted|p2a: Pelipper\n|-crit|p2a: Pelipper\n|-damage|p2a: Pelipper|4\/100\n|-resisted|p2a: Pelipper\n|-crit|p2a: Pelipper\n|-damage|p2a: Pelipper|0 fnt\n|faint|p2a: Pelipper\n|-hitcount|p2: Pelipper|3\n|\n|-weather|RainDance|[upkeep]\n|-heal|p1a: Urshifu|64\/100|[from] Grassy Terrain\n|upkeep\n|\n|t:|1655102420\n|switch|p2a: Blastoise|Blastoise, F|100\/100\n|turn|27\n|\n|t:|1655102423\n|move|p1a: Urshifu|Surging Strikes|p2a: Blastoise\n|-resisted|p2a: Blastoise\n|-crit|p2a: Blastoise\n|-damage|p2a: Blastoise|77\/100\n|-resisted|p2a: Blastoise\n|-crit|p2a: Blastoise\n|-damage|p2a: Blastoise|54\/100\n|-resisted|p2a: Blastoise\n|-crit|p2a: Blastoise\n|-damage|p2a: Blastoise|30\/100\n|-hitcount|p2a: Blastoise|3\n|move|p2a: Blastoise|Shell Smash|p2a: Blastoise\n|-unboost|p2a: Blastoise|def|1\n|-unboost|p2a: Blastoise|spd|1\n|-boost|p2a: Blastoise|atk|2\n|-boost|p2a: Blastoise|spa|2\n|-boost|p2a: Blastoise|spe|2\n|-enditem|p2a: Blastoise|White Herb\n|-clearnegativeboost|p2a: Blastoise|[silent]\n|\n|-weather|RainDance|[upkeep]\n|-heal|p2a: Blastoise|36\/100|[from] Grassy Terrain\n|-heal|p1a: Urshifu|70\/100|[from] Grassy Terrain\n|-fieldend|move: Grassy Terrain\n|upkeep\n|turn|28\n|\n|t:|1655102426\n|move|p2a: Blastoise|Surf|p1a: Urshifu\n|-resisted|p1a: Urshifu\n|-damage|p1a: Urshifu|0 fnt\n|faint|p1a: Urshifu\n|\n|-weather|RainDance|[upkeep]\n|upkeep\n|\n|t:|1655102428\n|switch|p1a: Ferrothorn|Ferrothorn, M, shiny|57\/100\n|turn|29\n|\n|t:|1655102433\n|move|p2a: Blastoise|Focus Blast|p1a: Ferrothorn|[miss]\n|-miss|p2a: Blastoise|p1a: Ferrothorn\n|move|p1a: Ferrothorn|Leech Seed|p2a: Blastoise\n|-start|p2a: Blastoise|move: Leech Seed\n|\n|-weather|RainDance|[upkeep]\n|-heal|p1a: Ferrothorn|63\/100|[from] item: Leftovers\n|-damage|p2a: Blastoise|24\/100|[from] Leech Seed|[of] p1a: Ferrothorn\n|-heal|p1a: Ferrothorn|74\/100|[silent]\n|upkeep\n|turn|30\n|\n|t:|1655102437\n|move|p2a: Blastoise|Focus Blast|p1a: Ferrothorn\n|-supereffective|p1a: Ferrothorn\n|-damage|p1a: Ferrothorn|0 fnt\n|faint|p1a: Ferrothorn\n|\n|win|blacksponge\n|raw|Koen_DW's rating: 1447 &rarr; <strong>1426<\/strong><br \/>(-21 for losing)\n|raw|blacksponge's rating: 1433 &rarr; <strong>1454<\/strong><br \/>(+21 for winning)\n|l|\u2606Koen_DW\n","uploadtime":1655102444,"views":9,"p1id":"koendw","p2id":"blacksponge","formatid":"gen8ou","rating":1426,"private":0,"password":null}