{"id":"gen8ou-1655226790","p1":"Candice","p2":"minimax_ai","format":"gen8ou","log":"|j|\u2606Candice\n|j|\u2606minimax_ai\n|t:|1662224332\n|gametype|singles\n|player|p1|Candice|psychicf-gen4|1703\n|player|p2|minimax_ai|lusamine-nihilego|1635\n|teamsize|p1|6\n|teamsize|p2|6\n|gen|8\n|tier|[Gen 8] OU\n|rated|\n|rule|Sleep Clause Mod: Limit one foe put to sleep\n|rule|Species Clause: Limit one of each Pok\u00e9mon\n|rule|OHKO Clause: OHKO moves are banned\n|rule|Evasion Items Clause: Evasion items are banned\n|rule|Evasion Moves Clause: Evasion moves are banned\n|rule|Endless Battle Clause: Forcing endless battles is banned\n|rule|HP Percentage Mod: HP is shown in percentages\n|rule|Dynamax Clause: You cannot dynamax\n|clearpoke\n|poke|p1|Landorus-Therian, M|\n|poke|p1|Dragapult, F|\n|poke|p1|Tapu Lele|\n|poke|p1|Zapdos|\n|poke|p1|Urshifu-*, M|\n|poke|p1|Melmetal|\n|poke|p2|Rotom-Wash|\n|poke|p2|Weavile, F|\n|poke|p2|Landorus-Therian, M|\n|poke|p2|Heatran, M|\n|poke|p2|Tangrowth, F|\n|poke|p2|Melmetal|\n|teampreview\n|c|\u2606minimax_ai|hf\n|\n|t:|1662224335\n|start\n|switch|p1a: Matrouchka|Tapu Lele|100\/100\n|switch|p2a: landorustherian|Landorus-Therian, M|100\/100\n|-fieldstart|move: Psychic Terrain|[from] ability: Psychic Surge|[of] p1a: Matrouchka\n|-ability|p2a: landorustherian|Intimidate|boost\n|-unboost|p1a: Matrouchka|atk|1\n|turn|1\n|inactive|Battle timer is ON: inactive players will automatically lose when time's up. (requested by minimax_ai)\n|\n|t:|1662224338\n|move|p1a: Matrouchka|Psychic|p2a: landorustherian\n|-damage|p2a: landorustherian|24\/100\n|move|p2a: landorustherian|U-turn|p1a: Matrouchka\n|-damage|p1a: Matrouchka|66\/100\n|\n|t:|1662224339\n|switch|p2a: Weavile|Weavile, F|100\/100|[from]move: U-turn\n|-ability|p2a: Weavile|Pressure\n|\n|upkeep\n|turn|2\n|\n|t:|1662224346\n|switch|p1a: Kuma|Urshifu-Rapid-Strike, M|100\/100\n|move|p2a: Weavile|Knock Off|p1a: Kuma\n|-resisted|p1a: Kuma\n|-damage|p1a: Kuma|63\/100\n|-enditem|p1a: Kuma|Choice Band|[from] move: Knock Off|[of] p2a: Weavile\n|\n|upkeep\n|turn|3\n|\n|t:|1662224348\n|switch|p2a: Tangrowth|Tangrowth, F|100\/100\n|move|p1a: Kuma|U-turn|p2a: Tangrowth\n|-supereffective|p2a: Tangrowth\n|-damage|p2a: Tangrowth|74\/100\n|-damage|p1a: Kuma|47\/100|[from] item: Rocky Helmet|[of] p2a: Tangrowth\n|\n|t:|1662224360\n|switch|p1a: Lap\u00e9rouse|Landorus-Therian, M|100\/100|[from]move: U-turn\n|-ability|p1a: Lap\u00e9rouse|Intimidate|boost\n|-unboost|p2a: Tangrowth|atk|1\n|\n|upkeep\n|turn|4\n|\n|t:|1662224362\n|switch|p2a: landorustherian|Landorus-Therian, M|24\/100\n|-ability|p2a: landorustherian|Intimidate|boost\n|-unboost|p1a: Lap\u00e9rouse|atk|1\n|move|p1a: Lap\u00e9rouse|Toxic|p2a: landorustherian\n|-status|p2a: landorustherian|tox\n|\n|-heal|p2a: landorustherian|30\/100 tox|[from] item: Leftovers\n|-damage|p2a: landorustherian|24\/100 tox|[from] psn\n|upkeep\n|turn|5\n|\n|t:|1662224364\n|switch|p2a: Melmetal|Melmetal|100\/100\n|move|p1a: Lap\u00e9rouse|Stealth Rock|p2a: Melmetal\n|-sidestart|p2: minimax_ai|move: Stealth Rock\n|\n|-fieldend|move: Psychic Terrain\n|upkeep\n|turn|6\n|\n|t:|1662224366\n|move|p1a: Lap\u00e9rouse|U-turn|p2a: Melmetal\n|-resisted|p2a: Melmetal\n|-damage|p2a: Melmetal|96\/100\n|\n|t:|1662224368\n|switch|p1a: Voltaire|Zapdos|100\/100|[from]move: U-turn\n|move|p2a: Melmetal|Double Iron Bash|p1a: Voltaire\n|-resisted|p1a: Voltaire\n|-crit|p1a: Voltaire\n|-damage|p1a: Voltaire|76\/100\n|-resisted|p1a: Voltaire\n|-damage|p1a: Voltaire|58\/100\n|-hitcount|p1a: Voltaire|2\n|\n|upkeep\n|turn|7\n|\n|t:|1662224372\n|move|p1a: Voltaire|Roost|p1a: Voltaire\n|-heal|p1a: Voltaire|100\/100\n|-singleturn|p1a: Voltaire|move: Roost\n|move|p2a: Melmetal|Ice Punch|p1a: Voltaire\n|-damage|p1a: Voltaire|72\/100\n|\n|upkeep\n|turn|8\n|\n|t:|1662224377\n|move|p1a: Voltaire|Discharge|p2a: Melmetal\n|-damage|p2a: Melmetal|78\/100\n|move|p2a: Melmetal|Ice Punch|p1a: Voltaire\n|-supereffective|p1a: Voltaire\n|-damage|p1a: Voltaire|13\/100\n|\n|upkeep\n|turn|9\n|\n|t:|1662224379\n|move|p1a: Voltaire|Roost|p1a: Voltaire\n|-heal|p1a: Voltaire|63\/100\n|-singleturn|p1a: Voltaire|move: Roost\n|move|p2a: Melmetal|Ice Punch|p1a: Voltaire\n|-damage|p1a: Voltaire|34\/100\n|-status|p2a: Melmetal|par|[from] ability: Static|[of] p1a: Voltaire\n|\n|upkeep\n|turn|10\n|\n|t:|1662224381\n|move|p1a: Voltaire|Roost|p1a: Voltaire\n|-heal|p1a: Voltaire|84\/100\n|-singleturn|p1a: Voltaire|move: Roost\n|move|p2a: Melmetal|Ice Punch|p1a: Voltaire\n|-damage|p1a: Voltaire|57\/100\n|\n|upkeep\n|turn|11\n|\n|t:|1662224383\n|move|p1a: Voltaire|Roost|p1a: Voltaire\n|-heal|p1a: Voltaire|100\/100\n|-singleturn|p1a: Voltaire|move: Roost\n|move|p2a: Melmetal|Ice Punch|p1a: Voltaire\n|-damage|p1a: Voltaire|75\/100\n|\n|upkeep\n|turn|12\n|\n|t:|1662224385\n|move|p1a: Voltaire|Discharge|p2a: Melmetal\n|-damage|p2a: Melmetal|59\/100 par\n|cant|p2a: Melmetal|par\n|\n|upkeep\n|turn|13\n|\n|t:|1662224389\n|move|p1a: Voltaire|Discharge|p2a: Melmetal\n|-damage|p2a: Melmetal|40\/100 par\n|move|p2a: Melmetal|Double Iron Bash|p1a: Voltaire\n|-resisted|p1a: Voltaire\n|-damage|p1a: Voltaire|59\/100\n|-resisted|p1a: Voltaire\n|-crit|p1a: Voltaire\n|-damage|p1a: Voltaire|33\/100\n|-hitcount|p1a: Voltaire|2\n|\n|upkeep\n|turn|14\n|\n|t:|1662224390\n|move|p1a: Voltaire|Roost|p1a: Voltaire\n|-heal|p1a: Voltaire|84\/100\n|-singleturn|p1a: Voltaire|move: Roost\n|move|p2a: Melmetal|Ice Punch|p1a: Voltaire\n|-damage|p1a: Voltaire|58\/100\n|\n|upkeep\n|turn|15\n|\n|t:|1662224392\n|move|p1a: Voltaire|Roost|p1a: Voltaire\n|-heal|p1a: Voltaire|100\/100\n|-singleturn|p1a: Voltaire|move: Roost\n|move|p2a: Melmetal|Ice Punch|p1a: Voltaire\n|-damage|p1a: Voltaire|74\/100\n|\n|upkeep\n|turn|16\n|j| AnloveBack\n|\n|t:|1662224394\n|move|p1a: Voltaire|Discharge|p2a: Melmetal\n|-damage|p2a: Melmetal|23\/100 par\n|move|p2a: Melmetal|Ice Punch|p1a: Voltaire\n|-supereffective|p1a: Voltaire\n|-damage|p1a: Voltaire|22\/100\n|\n|upkeep\n|turn|17\n|\n|t:|1662224395\n|move|p1a: Voltaire|Roost|p1a: Voltaire\n|-heal|p1a: Voltaire|72\/100\n|-singleturn|p1a: Voltaire|move: Roost\n|move|p2a: Melmetal|Ice Punch|p1a: Voltaire\n|-damage|p1a: Voltaire|45\/100\n|\n|upkeep\n|turn|18\n|\n|t:|1662224397\n|move|p1a: Voltaire|Roost|p1a: Voltaire\n|-heal|p1a: Voltaire|95\/100\n|-singleturn|p1a: Voltaire|move: Roost\n|move|p2a: Melmetal|Ice Punch|p1a: Voltaire\n|-damage|p1a: Voltaire|69\/100\n|\n|upkeep\n|turn|19\n|\n|t:|1662224399\n|move|p1a: Voltaire|Discharge|p2a: Melmetal\n|-damage|p2a: Melmetal|5\/100 par\n|move|p2a: Melmetal|Ice Punch|p1a: Voltaire\n|-supereffective|p1a: Voltaire\n|-damage|p1a: Voltaire|18\/100\n|\n|upkeep\n|turn|20\n|\n|t:|1662224401\n|move|p1a: Voltaire|Roost|p1a: Voltaire\n|-heal|p1a: Voltaire|68\/100\n|-singleturn|p1a: Voltaire|move: Roost\n|move|p2a: Melmetal|Ice Punch|p1a: Voltaire\n|-damage|p1a: Voltaire|42\/100\n|\n|upkeep\n|turn|21\n|\n|t:|1662224402\n|move|p1a: Voltaire|Roost|p1a: Voltaire\n|-heal|p1a: Voltaire|92\/100\n|-singleturn|p1a: Voltaire|move: Roost\n|move|p2a: Melmetal|Ice Punch|p1a: Voltaire\n|-damage|p1a: Voltaire|64\/100\n|\n|upkeep\n|turn|22\n|l| AnloveBack\n|\n|t:|1662224404\n|move|p1a: Voltaire|Roost|p1a: Voltaire\n|-heal|p1a: Voltaire|100\/100\n|-singleturn|p1a: Voltaire|move: Roost\n|move|p2a: Melmetal|Ice Punch|p1a: Voltaire\n|-damage|p1a: Voltaire|75\/100\n|\n|upkeep\n|turn|23\n|\n|t:|1662224407\n|move|p1a: Voltaire|Roost|p1a: Voltaire\n|-heal|p1a: Voltaire|100\/100\n|-singleturn|p1a: Voltaire|move: Roost\n|cant|p2a: Melmetal|par\n|\n|upkeep\n|turn|24\n|\n|t:|1662224409\n|move|p1a: Voltaire|Discharge|p2a: Melmetal\n|-damage|p2a: Melmetal|0 fnt\n|faint|p2a: Melmetal\n|\n|upkeep\n|\n|t:|1662224409\n|switch|p2a: Heatran|Heatran, M|100\/100\n|-damage|p2a: Heatran|88\/100|[from] Stealth Rock\n|-item|p2a: Heatran|Air Balloon\n|turn|25\n|j| Me1oNz\n|\n|t:|1662224425\n|move|p2a: Heatran|Eruption|p1a: Voltaire\n|-damage|p1a: Voltaire|39\/100\n|move|p1a: Voltaire|Discharge|p2a: Heatran\n|-crit|p2a: Heatran\n|-damage|p2a: Heatran|35\/100\n|-enditem|p2a: Heatran|Air Balloon\n|\n|upkeep\n|turn|26\n|j| maybeimwrong\n|\n|t:|1662224431\n|move|p2a: Heatran|Stealth Rock|p1a: Voltaire\n|-sidestart|p1: Candice|move: Stealth Rock\n|move|p1a: Voltaire|Roost|p1a: Voltaire\n|-heal|p1a: Voltaire|90\/100\n|-singleturn|p1a: Voltaire|move: Roost\n|\n|upkeep\n|turn|27\n|\n|t:|1662224433\n|move|p2a: Heatran|Magma Storm|p1a: Voltaire|[miss]\n|-miss|p2a: Heatran|p1a: Voltaire\n|move|p1a: Voltaire|Discharge|p2a: Heatran\n|-damage|p2a: Heatran|2\/100\n|\n|upkeep\n|turn|28\n|\n|t:|1662224437\n|move|p2a: Heatran|Magma Storm|p1a: Voltaire\n|-damage|p1a: Voltaire|38\/100\n|-activate|p1a: Voltaire|move: Magma Storm|[of] p2a: Heatran\n|move|p1a: Voltaire|Discharge|p2a: Heatran\n|-damage|p2a: Heatran|0 fnt\n|faint|p2a: Heatran\n|\n|-end|p1a: Voltaire|Magma Storm|[partiallytrapped]|[silent]\n|upkeep\n|\n|t:|1662224437\n|switch|p2a: rotomwash|Rotom-Wash|100\/100\n|-damage|p2a: rotomwash|88\/100|[from] Stealth Rock\n|turn|29\n|\n|t:|1662224440\n|move|p2a: rotomwash|Hydro Pump|p1a: Voltaire|[miss]\n|-miss|p2a: rotomwash|p1a: Voltaire\n|move|p1a: Voltaire|Roost|p1a: Voltaire\n|-heal|p1a: Voltaire|88\/100\n|-singleturn|p1a: Voltaire|move: Roost\n|\n|-heal|p2a: rotomwash|94\/100|[from] item: Leftovers\n|upkeep\n|turn|30\n|c|\u2606Candice|rip\n|\n|t:|1662224447\n|move|p2a: rotomwash|Nasty Plot|p2a: rotomwash\n|-boost|p2a: rotomwash|spa|2\n|move|p1a: Voltaire|Discharge|p2a: rotomwash\n|-damage|p2a: rotomwash|58\/100\n|\n|-heal|p2a: rotomwash|64\/100|[from] item: Leftovers\n|upkeep\n|turn|31\n|\n|t:|1662224454\n|move|p2a: rotomwash|Thunderbolt|p1a: Voltaire\n|-crit|p1a: Voltaire\n|-damage|p1a: Voltaire|0 fnt\n|faint|p1a: Voltaire\n|\n|-heal|p2a: rotomwash|70\/100|[from] item: Leftovers\n|upkeep\n|c|\u2606Candice|that's better\n|\n|t:|1662224467\n|switch|p1a: Matrouchka|Tapu Lele|66\/100\n|-damage|p1a: Matrouchka|54\/100|[from] Stealth Rock\n|-fieldstart|move: Psychic Terrain|[from] ability: Psychic Surge|[of] p1a: Matrouchka\n|turn|32\n|\n|t:|1662224468\n|switch|p2a: landorustherian|Landorus-Therian, M|24\/100 tox\n|-damage|p2a: landorustherian|12\/100 tox|[from] Stealth Rock\n|-ability|p2a: landorustherian|Intimidate|boost\n|-unboost|p1a: Matrouchka|atk|1\n|move|p1a: Matrouchka|Moonblast|p2a: landorustherian\n|-damage|p2a: landorustherian|0 fnt\n|faint|p2a: landorustherian\n|\n|upkeep\n|\n|t:|1662224469\n|switch|p2a: Weavile|Weavile, F|100\/100\n|-damage|p2a: Weavile|76\/100|[from] Stealth Rock\n|-ability|p2a: Weavile|Pressure\n|turn|33\n|\n|t:|1662224473\n|switch|p1a: Kuma|Urshifu-Rapid-Strike, M|47\/100\n|-damage|p1a: Kuma|41\/100|[from] Stealth Rock\n|move|p2a: Weavile|Knock Off|p1a: Kuma\n|-resisted|p1a: Kuma\n|-damage|p1a: Kuma|15\/100\n|\n|upkeep\n|turn|34\n|\n|t:|1662224478\n|switch|p1a: Lap\u00e9rouse|Landorus-Therian, M|100\/100\n|-damage|p1a: Lap\u00e9rouse|88\/100|[from] Stealth Rock\n|-ability|p1a: Lap\u00e9rouse|Intimidate|boost\n|-unboost|p2a: Weavile|atk|1\n|move|p2a: Weavile|Knock Off|p1a: Lap\u00e9rouse\n|-damage|p1a: Lap\u00e9rouse|46\/100\n|-enditem|p1a: Lap\u00e9rouse|Leftovers|[from] move: Knock Off|[of] p2a: Weavile\n|\n|upkeep\n|turn|35\n|\n|t:|1662224480\n|switch|p1a: Kuma|Urshifu-Rapid-Strike, M|15\/100\n|-damage|p1a: Kuma|9\/100|[from] Stealth Rock\n|move|p2a: Weavile|Knock Off|p1a: Kuma\n|-resisted|p1a: Kuma\n|-damage|p1a: Kuma|0 fnt\n|faint|p1a: Kuma\n|\n|upkeep\n|j| Malabar323\n|\n|t:|1662224491\n|switch|p1a: Evinrude|Dragapult, F|100\/100\n|-damage|p1a: Evinrude|88\/100|[from] Stealth Rock\n|turn|36\n|\n|t:|1662224497\n|move|p1a: Evinrude|Shadow Ball|p2a: Weavile\n|-resisted|p2a: Weavile\n|-damage|p2a: Weavile|40\/100\n|-unboost|p2a: Weavile|spd|1\n|move|p2a: Weavile|Knock Off|p1a: Evinrude\n|-supereffective|p1a: Evinrude\n|-damage|p1a: Evinrude|0 fnt\n|-enditem|p1a: Evinrude|Choice Specs|[from] move: Knock Off|[of] p2a: Weavile\n|faint|p1a: Evinrude\n|\n|-fieldend|move: Psychic Terrain\n|upkeep\n|\n|t:|1662224501\n|switch|p1a: Opal|Melmetal|100\/100\n|-damage|p1a: Opal|94\/100|[from] Stealth Rock\n|turn|37\n|\n|t:|1662224503\n|move|p2a: Weavile|Knock Off|p1a: Opal\n|-damage|p1a: Opal|68\/100\n|-enditem|p1a: Opal|Assault Vest|[from] move: Knock Off|[of] p2a: Weavile\n|move|p1a: Opal|Superpower|p2a: Weavile\n|-supereffective|p2a: Weavile\n|-damage|p2a: Weavile|0 fnt\n|-unboost|p1a: Opal|atk|1\n|-unboost|p1a: Opal|def|1\n|faint|p2a: Weavile\n|\n|upkeep\n|\n|t:|1662224503\n|switch|p2a: rotomwash|Rotom-Wash|70\/100\n|-damage|p2a: rotomwash|58\/100|[from] Stealth Rock\n|turn|38\n|\n|t:|1662224506\n|move|p2a: rotomwash|Hydro Pump|p1a: Opal\n|-damage|p1a: Opal|24\/100\n|move|p1a: Opal|Superpower|p2a: rotomwash\n|-damage|p2a: rotomwash|23\/100\n|-unboost|p1a: Opal|atk|1\n|-unboost|p1a: Opal|def|1\n|\n|-heal|p2a: rotomwash|29\/100|[from] item: Leftovers\n|upkeep\n|turn|39\n|\n|t:|1662224510\n|move|p2a: rotomwash|Hydro Pump|p1a: Opal\n|-damage|p1a: Opal|0 fnt\n|faint|p1a: Opal\n|\n|-heal|p2a: rotomwash|36\/100|[from] item: Leftovers\n|upkeep\n|\n|t:|1662224512\n|switch|p1a: Matrouchka|Tapu Lele|54\/100\n|-damage|p1a: Matrouchka|41\/100|[from] Stealth Rock\n|-fieldstart|move: Psychic Terrain|[from] ability: Psychic Surge|[of] p1a: Matrouchka\n|turn|40\n|\n|t:|1662224518\n|move|p1a: Matrouchka|Psychic|p2a: rotomwash\n|-damage|p2a: rotomwash|0 fnt\n|faint|p2a: rotomwash\n|\n|upkeep\n|\n|t:|1662224518\n|switch|p2a: Tangrowth|Tangrowth, F|100\/100\n|-damage|p2a: Tangrowth|88\/100|[from] Stealth Rock\n|turn|41\n|\n|t:|1662224521\n|move|p1a: Matrouchka|Psychic|p2a: Tangrowth\n|-damage|p2a: Tangrowth|0 fnt\n|faint|p2a: Tangrowth\n|\n|win|Candice\n|raw|Candice's rating: 1703 &rarr; <strong>1719<\/strong><br \/>(+16 for winning)\n|raw|minimax_ai's rating: 1635 &rarr; <strong>1619<\/strong><br \/>(-16 for losing)\n|c|\u2606minimax_ai|gg\n|l|\u2606minimax_ai\n|c|\u2606Candice|gg\n|l| maybeimwrong\n||Ladder isn't responding, score probably updated but might not have (Request timeout).\n","uploadtime":1662224523,"views":10,"p1id":"candice","p2id":"minimaxai","formatid":"gen8ou","rating":1619,"private":0,"password":null}