{"id":"gen8ou-1519771804","p1":"GGeorgie","p2":"legitteambuilder","format":"gen8ou","log":"|j|\u2606GGeorgie\n|j|\u2606legitteambuilder\n|t:|1645961782\n|gametype|singles\n|player|p1|GGeorgie|hiker-gen2|1628\n|player|p2|legitteambuilder|benga|1633\n|teamsize|p1|6\n|teamsize|p2|6\n|gen|8\n|tier|[Gen 8] OU\n|rated|\n|rule|Sleep Clause Mod: Limit one foe put to sleep\n|rule|Species Clause: Limit one of each Pok\u00e9mon\n|rule|OHKO Clause: OHKO moves are banned\n|rule|Evasion Moves Clause: Evasion moves are banned\n|rule|Endless Battle Clause: Forcing endless battles is banned\n|rule|HP Percentage Mod: HP is shown in percentages\n|rule|Dynamax Clause: You cannot dynamax\n|clearpoke\n|poke|p1|Tyranitar, F|\n|poke|p1|Excadrill, F|\n|poke|p1|Heatran, M|\n|poke|p1|Keldeo-Resolute|\n|poke|p1|Skarmory, M|\n|poke|p1|Amoonguss, F|\n|poke|p2|Pelipper, M|\n|poke|p2|Zapdos|\n|poke|p2|Barraskewda, M|\n|poke|p2|Ferrothorn, F|\n|poke|p2|Urshifu-*, F|\n|poke|p2|Excadrill, F|\n|teampreview\n|inactive|Battle timer is ON: inactive players will automatically lose when time's up. (requested by GGeorgie)\n|\n|t:|1645961797\n|start\n|switch|p1a: Keldeo|Keldeo-Resolute|100\/100\n|switch|p2a: Barraskewda|Barraskewda, M, shiny|100\/100\n|turn|1\n|\n|t:|1645961819\n|move|p2a: Barraskewda|Flip Turn|p1a: Keldeo\n|-resisted|p1a: Keldeo\n|-damage|p1a: Keldeo|70\/100\n|\n|t:|1645961822\n|switch|p2a: Pelipper|Pelipper, M|100\/100|[from]move: Flip Turn\n|-weather|RainDance|[from] ability: Drizzle|[of] p2a: Pelipper\n|move|p1a: Keldeo|Hydro Pump|p2a: Pelipper\n|-resisted|p2a: Pelipper\n|-damage|p2a: Pelipper|12\/100\n|\n|-weather|RainDance|[upkeep]\n|upkeep\n|turn|2\n|inactive|legitteambuilder has 120 seconds left.\n|\n|t:|1645961866\n|switch|p1a: Heatran|Heatran, M|100\/100\n|-item|p1a: Heatran|Air Balloon\n|switch|p2a: BellaThorn|Ferrothorn, F, shiny|100\/100\n|\n|-weather|RainDance|[upkeep]\n|upkeep\n|turn|3\n|\n|t:|1645961873\n|switch|p2a: Excadrill|Excadrill, F|100\/100\n|-ability|p2a: Excadrill|Mold Breaker\n|move|p1a: Heatran|Stealth Rock|p2a: Excadrill\n|-sidestart|p2: legitteambuilder|move: Stealth Rock\n|\n|-weather|RainDance|[upkeep]\n|upkeep\n|turn|4\n|\n|t:|1645961877\n|move|p2a: Excadrill|Rapid Spin|p1a: Heatran\n|-resisted|p1a: Heatran\n|-damage|p1a: Heatran|94\/100\n|-boost|p2a: Excadrill|spe|1\n|-enditem|p1a: Heatran|Air Balloon\n|-sideend|p2: legitteambuilder|Stealth Rock|[from] move: Rapid Spin|[of] p2a: Excadrill\n|move|p1a: Heatran|Earth Power|p2a: Excadrill\n|-supereffective|p2a: Excadrill\n|-damage|p2a: Excadrill|42\/100\n|-unboost|p2a: Excadrill|spd|1\n|\n|-weather|RainDance|[upkeep]\n|-heal|p2a: Excadrill|48\/100|[from] item: Leftovers\n|upkeep\n|turn|5\n|\n|t:|1645961886\n|switch|p2a: Zapdos|Zapdos, shiny|100\/100\n|switch|p1a: Skarmory|Skarmory, M|100\/100\n|\n|-weather|RainDance|[upkeep]\n|upkeep\n|turn|6\n|\n|t:|1645961897\n|switch|p2a: Barraskewda|Barraskewda, M, shiny|100\/100\n|switch|p1a: Excadrill|Excadrill, F|100\/100\n|\n|-weather|RainDance|[upkeep]\n|upkeep\n|turn|7\n|j| Laubroww_\n|\n|t:|1645961900\n|switch|p1a: Amoonguss|Amoonguss, F|100\/100\n|move|p2a: Barraskewda|Flip Turn|p1a: Amoonguss\n|-resisted|p1a: Amoonguss\n|-damage|p1a: Amoonguss|68\/100\n|-damage|p2a: Barraskewda|84\/100|[from] item: Rocky Helmet|[of] p1a: Amoonguss\n|\n|t:|1645961908\n|switch|p2a: Tai Lung|Urshifu-Rapid-Strike, F|100\/100|[from]move: Flip Turn\n|\n|-weather|RainDance|[upkeep]\n|upkeep\n|turn|8\n|j| Gran Clefable\n|\n|t:|1645961928\n|switch|p1a: Skarmory|Skarmory, M|100\/100\n|move|p2a: Tai Lung|Surging Strikes|p1a: Skarmory\n|-crit|p1a: Skarmory\n|-damage|p1a: Skarmory|78\/100\n|-crit|p1a: Skarmory\n|-damage|p1a: Skarmory|58\/100\n|-crit|p1a: Skarmory\n|-damage|p1a: Skarmory|36\/100\n|-hitcount|p1a: Skarmory|3\n|\n|-weather|none\n|upkeep\n|turn|9\n|\n|t:|1645961945\n|switch|p2a: Pelipper|Pelipper, M|12\/100\n|-weather|RainDance|[from] ability: Drizzle|[of] p2a: Pelipper\n|switch|p1a: Amoonguss|Amoonguss, F|100\/100\n|\n|-weather|RainDance|[upkeep]\n|upkeep\n|turn|10\n|\n|t:|1645961956\n|switch|p2a: Zapdos|Zapdos, shiny|100\/100\n|move|p1a: Amoonguss|Giga Drain|p2a: Zapdos\n|-resisted|p2a: Zapdos\n|-damage|p2a: Zapdos|88\/100\n|\n|-weather|RainDance|[upkeep]\n|upkeep\n|turn|11\n|\n|t:|1645961967\n|switch|p1a: Tyranitar|Tyranitar, F, shiny|100\/100\n|-weather|Sandstorm|[from] ability: Sand Stream|[of] p1a: Tyranitar\n|move|p2a: Zapdos|Weather Ball|p1a: Tyranitar\n|-damage|p1a: Tyranitar|76\/100\n|\n|-weather|Sandstorm|[upkeep]\n|-damage|p2a: Zapdos|82\/100|[from] Sandstorm\n|upkeep\n|turn|12\n|\n|t:|1645961976\n|switch|p2a: Tai Lung|Urshifu-Rapid-Strike, F|100\/100\n|switch|p1a: Heatran|Heatran, M|94\/100\n|\n|-weather|Sandstorm|[upkeep]\n|-damage|p2a: Tai Lung|94\/100|[from] Sandstorm\n|upkeep\n|turn|13\n|\n|t:|1645961991\n|switch|p2a: Pelipper|Pelipper, M|12\/100\n|-weather|RainDance|[from] ability: Drizzle|[of] p2a: Pelipper\n|switch|p1a: Amoonguss|Amoonguss, F|100\/100\n|\n|-weather|RainDance|[upkeep]\n|upkeep\n|turn|14\n|\n|t:|1645961997\n|switch|p1a: Tyranitar|Tyranitar, F, shiny|76\/100\n|-weather|Sandstorm|[from] ability: Sand Stream|[of] p1a: Tyranitar\n|move|p2a: Pelipper|Roost|p2a: Pelipper\n|-heal|p2a: Pelipper|62\/100\n|-singleturn|p2a: Pelipper|move: Roost\n|\n|-weather|Sandstorm|[upkeep]\n|-damage|p2a: Pelipper|56\/100|[from] Sandstorm\n|upkeep\n|turn|15\n|\n|t:|1645962004\n|switch|p2a: BellaThorn|Ferrothorn, F, shiny|100\/100\n|move|p1a: Tyranitar|Stone Edge|p2a: BellaThorn\n|-resisted|p2a: BellaThorn\n|-damage|p2a: BellaThorn|71\/100\n|\n|-weather|Sandstorm|[upkeep]\n|upkeep\n|turn|16\n|\n|t:|1645962012\n|switch|p1a: Heatran|Heatran, M|94\/100\n|move|p2a: BellaThorn|Knock Off|p1a: Heatran\n|-damage|p1a: Heatran|79\/100\n|\n|-weather|Sandstorm|[upkeep]\n|upkeep\n|turn|17\n|\n|t:|1645962016\n|switch|p2a: Tai Lung|Urshifu-Rapid-Strike, F|94\/100\n|move|p1a: Heatran|Stealth Rock|p2a: Tai Lung\n|-sidestart|p2: legitteambuilder|move: Stealth Rock\n|\n|-weather|Sandstorm|[upkeep]\n|-damage|p2a: Tai Lung|88\/100|[from] Sandstorm\n|upkeep\n|turn|18\n|\n|t:|1645962022\n|switch|p2a: Excadrill|Excadrill, F|48\/100\n|-damage|p2a: Excadrill|45\/100|[from] Stealth Rock\n|-ability|p2a: Excadrill|Mold Breaker\n|switch|p1a: Amoonguss|Amoonguss, F|100\/100\n|\n|-weather|none\n|-heal|p2a: Excadrill|51\/100|[from] item: Leftovers\n|upkeep\n|turn|19\n|\n|t:|1645962025\n|move|p2a: Excadrill|Rapid Spin|p1a: Amoonguss\n|-damage|p1a: Amoonguss|89\/100\n|-boost|p2a: Excadrill|spe|1\n|-damage|p2a: Excadrill|34\/100|[from] item: Rocky Helmet|[of] p1a: Amoonguss\n|-sideend|p2: legitteambuilder|Stealth Rock|[from] move: Rapid Spin|[of] p2a: Excadrill\n|move|p1a: Amoonguss|Foul Play|p2a: Excadrill\n|-damage|p2a: Excadrill|0 fnt\n|faint|p2a: Excadrill\n|\n|upkeep\n|\n|t:|1645962029\n|switch|p2a: Pelipper|Pelipper, M|56\/100\n|-weather|RainDance|[from] ability: Drizzle|[of] p2a: Pelipper\n|turn|20\n|\n|t:|1645962045\n|switch|p2a: Zapdos|Zapdos, shiny|82\/100\n|move|p1a: Amoonguss|Giga Drain|p2a: Zapdos\n|-resisted|p2a: Zapdos\n|-damage|p2a: Zapdos|68\/100\n|-heal|p1a: Amoonguss|95\/100|[from] drain|[of] p2a: Zapdos\n|\n|-weather|RainDance|[upkeep]\n|upkeep\n|turn|21\n|inactive|GGeorgie has 120 seconds left.\n|\n|t:|1645962095\n|switch|p1a: Tyranitar|Tyranitar, F, shiny|76\/100\n|-weather|Sandstorm|[from] ability: Sand Stream|[of] p1a: Tyranitar\n|move|p2a: Zapdos|Hurricane|p1a: Tyranitar|[miss]\n|-miss|p2a: Zapdos|p1a: Tyranitar\n|\n|-weather|Sandstorm|[upkeep]\n|-damage|p2a: Zapdos|62\/100|[from] Sandstorm\n|upkeep\n|turn|22\n|-message|legitteambuilder forfeited.\n|\n|win|GGeorgie\n|raw|GGeorgie's rating: 1646 &rarr; <strong>1665<\/strong><br \/>(+19 for winning)\n|raw|legitteambuilder's rating: 1633 &rarr; <strong>1614<\/strong><br \/>(-19 for losing)\n|l|\u2606legitteambuilder\n","uploadtime":1645962105,"views":23,"p1id":"ggeorgie","p2id":"legitteambuilder","formatid":"gen8ou","rating":1614,"private":0,"password":null}