{"id":"gen8ou-1519160714","p1":"GGeorgie","p2":"enpathy","format":"gen8ou","log":"|j|\u2606GGeorgie\n|j|\u2606enpathy\n|t:|1645874227\n|gametype|singles\n|player|p1|GGeorgie|hiker-gen2|1649\n|player|p2|enpathy|102|1670\n|teamsize|p1|6\n|teamsize|p2|6\n|gen|8\n|tier|[Gen 8] OU\n|rated|\n|rule|Sleep Clause Mod: Limit one foe put to sleep\n|rule|Species Clause: Limit one of each Pok\u00e9mon\n|rule|OHKO Clause: OHKO moves are banned\n|rule|Evasion Moves Clause: Evasion moves are banned\n|rule|Endless Battle Clause: Forcing endless battles is banned\n|rule|HP Percentage Mod: HP is shown in percentages\n|rule|Dynamax Clause: You cannot dynamax\n|clearpoke\n|poke|p1|Weavile, F|\n|poke|p1|Tornadus-Therian, M|\n|poke|p1|Landorus-Therian, M|\n|poke|p1|Rotom-Wash|\n|poke|p1|Melmetal|\n|poke|p1|Toxapex, M|\n|poke|p2|Landorus-Therian, M|\n|poke|p2|Corviknight, F|\n|poke|p2|Tapu Koko|\n|poke|p2|Toxapex, F|\n|poke|p2|Weavile, F|\n|poke|p2|Blacephalon|\n|teampreview\n|inactive|Battle timer is ON: inactive players will automatically lose when time's up. (requested by GGeorgie)\n|\n|t:|1645874237\n|start\n|switch|p1a: Rotom|Rotom-Wash|100\/100\n|switch|p2a: Tapu Koko|Tapu Koko|100\/100\n|-fieldstart|move: Electric Terrain|[from] ability: Electric Surge|[of] p2a: Tapu Koko\n|turn|1\n|\n|t:|1645874242\n|switch|p1a: Landorus|Landorus-Therian, M|100\/100\n|-ability|p1a: Landorus|Intimidate|boost\n|-unboost|p2a: Tapu Koko|atk|1\n|move|p2a: Tapu Koko|Toxic|p1a: Landorus|[miss]\n|-miss|p2a: Tapu Koko|p1a: Landorus\n|\n|upkeep\n|turn|2\n|\n|t:|1645874247\n|switch|p2a: Corviknight|Corviknight, F|100\/100\n|-ability|p2a: Corviknight|Pressure\n|move|p1a: Landorus|Earthquake|p2a: Corviknight\n|-immune|p2a: Corviknight\n|\n|upkeep\n|turn|3\n|\n|t:|1645874250\n|move|p1a: Landorus|Stealth Rock|p2a: Corviknight\n|-sidestart|p2: enpathy|move: Stealth Rock\n|move|p2a: Corviknight|Defog|p1a: Landorus\n|-unboost|p1a: Landorus|evasion|1\n|-sideend|p2: enpathy|Stealth Rock|[from] move: Defog|[of] p2a: Corviknight\n|-fieldend|move: Electric Terrain\n|\n|upkeep\n|turn|4\n|\n|t:|1645874254\n|move|p1a: Landorus|Stealth Rock|p2a: Corviknight\n|-sidestart|p2: enpathy|move: Stealth Rock\n|move|p2a: Corviknight|U-turn|p1a: Landorus\n|-resisted|p1a: Landorus\n|-damage|p1a: Landorus|93\/100\n|\n|t:|1645874259\n|switch|p2a: Landorus|Landorus-Therian, M|100\/100|[from]move: U-turn\n|-damage|p2a: Landorus|88\/100|[from] Stealth Rock\n|-ability|p2a: Landorus|Intimidate|boost\n|-unboost|p1a: Landorus|atk|1\n|\n|-heal|p1a: Landorus|99\/100|[from] item: Leftovers\n|-heal|p2a: Landorus|94\/100|[from] item: Leftovers\n|upkeep\n|turn|5\n|j| Lightchanseyy\n|l| Lightchanseyy\n|\n|t:|1645874270\n|move|p1a: Landorus|U-turn|p2a: Landorus\n|-resisted|p2a: Landorus\n|-damage|p2a: Landorus|87\/100\n|\n|t:|1645874272\n|switch|p1a: Melmetal|Melmetal|100\/100|[from]move: U-turn\n|move|p2a: Landorus|Toxic|p1a: Melmetal\n|-immune|p1a: Melmetal\n|\n|-heal|p2a: Landorus|93\/100|[from] item: Leftovers\n|upkeep\n|turn|6\n|\n|t:|1645874283\n|move|p2a: Landorus|Defog|p1a: Melmetal\n|-unboost|p1a: Melmetal|evasion|1\n|-sideend|p2: enpathy|Stealth Rock|[from] move: Defog|[of] p2a: Landorus\n|move|p1a: Melmetal|Double Iron Bash|p2a: Landorus\n|-damage|p2a: Landorus|52\/100\n|-damage|p2a: Landorus|7\/100\n|-hitcount|p2a: Landorus|2\n|\n|-heal|p2a: Landorus|13\/100|[from] item: Leftovers\n|upkeep\n|turn|7\n|\n|t:|1645874289\n|switch|p2a: Toxapex|Toxapex, F|100\/100\n|switch|p1a: Tornadus|Tornadus-Therian, M|100\/100\n|\n|upkeep\n|turn|8\n|\n|t:|1645874293\n|switch|p2a: Tapu Koko|Tapu Koko|100\/100\n|-fieldstart|move: Electric Terrain|[from] ability: Electric Surge|[of] p2a: Tapu Koko\n|move|p1a: Tornadus|U-turn|p2a: Tapu Koko\n|-resisted|p2a: Tapu Koko\n|-damage|p2a: Tapu Koko|94\/100\n|-damage|p1a: Tornadus|84\/100|[from] item: Rocky Helmet|[of] p2a: Tapu Koko\n|\n|t:|1645874295\n|switch|p1a: Landorus|Landorus-Therian, M|99\/100|[from]move: U-turn\n|-ability|p1a: Landorus|Intimidate|boost\n|-unboost|p2a: Tapu Koko|atk|1\n|\n|-heal|p1a: Landorus|100\/100|[from] item: Leftovers\n|upkeep\n|turn|9\n|\n|t:|1645874297\n|move|p2a: Tapu Koko|U-turn|p1a: Landorus\n|-resisted|p1a: Landorus\n|-damage|p1a: Landorus|96\/100\n|\n|t:|1645874298\n|switch|p2a: Corviknight|Corviknight, F|100\/100|[from]move: U-turn\n|-ability|p2a: Corviknight|Pressure\n|move|p1a: Landorus|Earthquake|p2a: Corviknight\n|-immune|p2a: Corviknight\n|\n|-heal|p1a: Landorus|100\/100|[from] item: Leftovers\n|upkeep\n|turn|10\n|\n|t:|1645874301\n|move|p1a: Landorus|Stealth Rock|p2a: Corviknight\n|-sidestart|p2: enpathy|move: Stealth Rock\n|move|p2a: Corviknight|Defog|p1a: Landorus\n|-unboost|p1a: Landorus|evasion|1\n|-sideend|p2: enpathy|Stealth Rock|[from] move: Defog|[of] p2a: Corviknight\n|-fieldend|move: Electric Terrain\n|\n|upkeep\n|turn|11\n|\n|t:|1645874303\n|move|p1a: Landorus|Stealth Rock|p2a: Corviknight\n|-sidestart|p2: enpathy|move: Stealth Rock\n|move|p2a: Corviknight|Defog|p1a: Landorus\n|-unboost|p1a: Landorus|evasion|1\n|-sideend|p2: enpathy|Stealth Rock|[from] move: Defog|[of] p2a: Corviknight\n|\n|upkeep\n|turn|12\n|\n|t:|1645874307\n|move|p1a: Landorus|Stealth Rock|p2a: Corviknight\n|-sidestart|p2: enpathy|move: Stealth Rock\n|move|p2a: Corviknight|Defog|p1a: Landorus\n|-unboost|p1a: Landorus|evasion|1\n|-sideend|p2: enpathy|Stealth Rock|[from] move: Defog|[of] p2a: Corviknight\n|\n|upkeep\n|turn|13\n|\n|t:|1645874310\n|move|p1a: Landorus|Stealth Rock|p2a: Corviknight\n|-sidestart|p2: enpathy|move: Stealth Rock\n|move|p2a: Corviknight|Defog|p1a: Landorus\n|-unboost|p1a: Landorus|evasion|1\n|-sideend|p2: enpathy|Stealth Rock|[from] move: Defog|[of] p2a: Corviknight\n|\n|upkeep\n|turn|14\n|\n|t:|1645874312\n|move|p1a: Landorus|Stealth Rock|p2a: Corviknight\n|-sidestart|p2: enpathy|move: Stealth Rock\n|move|p2a: Corviknight|Defog|p1a: Landorus\n|-unboost|p1a: Landorus|evasion|1\n|-sideend|p2: enpathy|Stealth Rock|[from] move: Defog|[of] p2a: Corviknight\n|\n|upkeep\n|turn|15\n|\n|t:|1645874314\n|move|p1a: Landorus|U-turn|p2a: Corviknight\n|-resisted|p2a: Corviknight\n|-damage|p2a: Corviknight|97\/100\n|-damage|p1a: Landorus|84\/100|[from] item: Rocky Helmet|[of] p2a: Corviknight\n|\n|t:|1645874315\n|switch|p1a: Rotom|Rotom-Wash|100\/100|[from]move: U-turn\n|move|p2a: Corviknight|Defog|p1a: Rotom\n|-unboost|p1a: Rotom|evasion|1\n|\n|upkeep\n|turn|16\n|\n|t:|1645874319\n|switch|p2a: Toxapex|Toxapex, F|100\/100\n|move|p1a: Rotom|Thunderbolt|p2a: Toxapex\n|-supereffective|p2a: Toxapex\n|-damage|p2a: Toxapex|42\/100\n|-enditem|p2a: Toxapex|Eject Button\n|\n|t:|1645874325\n|switch|p2a: Tapu Koko|Tapu Koko|94\/100\n|-fieldstart|move: Electric Terrain|[from] ability: Electric Surge|[of] p2a: Tapu Koko\n|\n|upkeep\n|turn|17\n|\n|t:|1645874327\n|switch|p1a: Melmetal|Melmetal|100\/100\n|move|p2a: Tapu Koko|Thunderbolt|p1a: Melmetal\n|-crit|p1a: Melmetal\n|-damage|p1a: Melmetal|51\/100\n|\n|-heal|p1a: Melmetal|57\/100|[from] item: Leftovers\n|upkeep\n|turn|18\n|\n|t:|1645874338\n|switch|p2a: Corviknight|Corviknight, F|97\/100\n|-ability|p2a: Corviknight|Pressure\n|move|p1a: Melmetal|Substitute|p1a: Melmetal\n|-start|p1a: Melmetal|Substitute\n|-damage|p1a: Melmetal|32\/100\n|\n|-heal|p1a: Melmetal|39\/100|[from] item: Leftovers\n|upkeep\n|turn|19\n|\n|t:|1645874340\n|move|p2a: Corviknight|Body Press|p1a: Melmetal\n|-supereffective|p1a: Melmetal\n|-end|p1a: Melmetal|Substitute\n|move|p1a: Melmetal|Thunder Punch|p2a: Corviknight\n|-supereffective|p2a: Corviknight\n|-damage|p2a: Corviknight|40\/100\n|-damage|p1a: Melmetal|22\/100|[from] item: Rocky Helmet|[of] p2a: Corviknight\n|\n|-heal|p1a: Melmetal|28\/100|[from] item: Leftovers\n|upkeep\n|turn|20\n|\n|t:|1645874346\n|move|p2a: Corviknight|Roost|p2a: Corviknight\n|-heal|p2a: Corviknight|90\/100\n|-singleturn|p2a: Corviknight|move: Roost\n|move|p1a: Melmetal|Earthquake|p2a: Corviknight\n|-supereffective|p2a: Corviknight\n|-damage|p2a: Corviknight|37\/100\n|\n|-heal|p1a: Melmetal|34\/100|[from] item: Leftovers\n|-fieldend|move: Electric Terrain\n|upkeep\n|turn|21\n|\n|t:|1645874352\n|move|p2a: Corviknight|Roost|p2a: Corviknight\n|-heal|p2a: Corviknight|87\/100\n|-singleturn|p2a: Corviknight|move: Roost\n|move|p1a: Melmetal|Earthquake|p2a: Corviknight\n|-supereffective|p2a: Corviknight\n|-damage|p2a: Corviknight|38\/100\n|\n|-heal|p1a: Melmetal|40\/100|[from] item: Leftovers\n|upkeep\n|turn|22\n|\n|t:|1645874356\n|move|p2a: Corviknight|Roost|p2a: Corviknight\n|-heal|p2a: Corviknight|88\/100\n|-singleturn|p2a: Corviknight|move: Roost\n|move|p1a: Melmetal|Earthquake|p2a: Corviknight\n|-supereffective|p2a: Corviknight\n|-damage|p2a: Corviknight|41\/100\n|\n|-heal|p1a: Melmetal|47\/100|[from] item: Leftovers\n|upkeep\n|turn|23\n|\n|t:|1645874359\n|switch|p1a: Rotom|Rotom-Wash|100\/100\n|move|p2a: Corviknight|Roost|p2a: Corviknight\n|-heal|p2a: Corviknight|91\/100\n|-singleturn|p2a: Corviknight|move: Roost\n|\n|upkeep\n|turn|24\n|j| LT_Alt1\n|\n|t:|1645874363\n|switch|p2a: Landorus|Landorus-Therian, M|13\/100\n|-ability|p2a: Landorus|Intimidate|boost\n|-unboost|p1a: Rotom|atk|1\n|move|p1a: Rotom|Volt Switch|p2a: Landorus\n|-immune|p2a: Landorus\n|\n|-heal|p2a: Landorus|19\/100|[from] item: Leftovers\n|upkeep\n|turn|25\n|\n|t:|1645874369\n|switch|p2a: Toxapex|Toxapex, F|76\/100\n|move|p1a: Rotom|Hydro Pump|p2a: Toxapex\n|-resisted|p2a: Toxapex\n|-damage|p2a: Toxapex|61\/100\n|\n|upkeep\n|turn|26\n|\n|t:|1645874373\n|switch|p2a: Landorus|Landorus-Therian, M|19\/100\n|-ability|p2a: Landorus|Intimidate|boost\n|-unboost|p1a: Rotom|atk|1\n|move|p1a: Rotom|Thunderbolt|p2a: Landorus\n|-immune|p2a: Landorus\n|\n|-heal|p2a: Landorus|25\/100|[from] item: Leftovers\n|upkeep\n|turn|27\n|\n|t:|1645874377\n|move|p1a: Rotom|Thunderbolt|p2a: Landorus\n|-immune|p2a: Landorus\n|move|p2a: Landorus|Toxic|p1a: Rotom\n|-status|p1a: Rotom|tox\n|\n|-heal|p2a: Landorus|31\/100|[from] item: Leftovers\n|-damage|p1a: Rotom|94\/100 tox|[from] psn\n|upkeep\n|turn|28\n|\n|t:|1645874381\n|switch|p2a: Toxapex|Toxapex, F|95\/100\n|move|p1a: Rotom|Thunderbolt|p2a: Toxapex\n|-supereffective|p2a: Toxapex\n|-damage|p2a: Toxapex|29\/100\n|\n|-damage|p1a: Rotom|82\/100 tox|[from] psn\n|upkeep\n|turn|29\n|\n|t:|1645874383\n|move|p1a: Rotom|Volt Switch|p2a: Toxapex\n|-supereffective|p2a: Toxapex\n|-damage|p2a: Toxapex|0 fnt\n|faint|p2a: Toxapex\n|\n|t:|1645874390\n|switch|p1a: Weavile|Weavile, F|100\/100|[from]move: Volt Switch\n|-ability|p1a: Weavile|Pressure\n|\n|upkeep\n|\n|t:|1645874393\n|switch|p2a: Tapu Koko|Tapu Koko|94\/100\n|-fieldstart|move: Electric Terrain|[from] ability: Electric Surge|[of] p2a: Tapu Koko\n|turn|30\n|\n|t:|1645874395\n|switch|p1a: Melmetal|Melmetal|47\/100\n|move|p2a: Tapu Koko|U-turn|p1a: Melmetal\n|-resisted|p1a: Melmetal\n|-damage|p1a: Melmetal|42\/100\n|\n|t:|1645874407\n|switch|p2a: Blacephalon|Blacephalon|100\/100|[from]move: U-turn\n|\n|-heal|p1a: Melmetal|48\/100|[from] item: Leftovers\n|upkeep\n|turn|31\n|\n|t:|1645874412\n|switch|p1a: Tornadus|Tornadus-Therian, M|100\/100\n|move|p2a: Blacephalon|Shadow Ball|p1a: Tornadus\n|-damage|p1a: Tornadus|25\/100\n|\n|upkeep\n|turn|32\n|\n|t:|1645874418\n|switch|p2a: Tapu Koko|Tapu Koko|94\/100\n|move|p1a: Tornadus|Toxic|p2a: Tapu Koko\n|-status|p2a: Tapu Koko|tox\n|\n|-damage|p2a: Tapu Koko|88\/100 tox|[from] psn\n|upkeep\n|turn|33\n|\n|t:|1645874421\n|switch|p1a: Landorus|Landorus-Therian, M|84\/100\n|-ability|p1a: Landorus|Intimidate|boost\n|-unboost|p2a: Tapu Koko|atk|1\n|move|p2a: Tapu Koko|U-turn|p1a: Landorus\n|-resisted|p1a: Landorus\n|-damage|p1a: Landorus|79\/100\n|\n|t:|1645874423\n|switch|p2a: Weavile|Weavile, F|100\/100|[from]move: U-turn\n|-ability|p2a: Weavile|Pressure\n|\n|-heal|p1a: Landorus|85\/100|[from] item: Leftovers\n|upkeep\n|turn|34\n|\n|t:|1645874425\n|switch|p1a: Toxapex|Toxapex, M|100\/100\n|move|p2a: Weavile|Knock Off|p1a: Toxapex\n|-damage|p1a: Toxapex|42\/100\n|-enditem|p1a: Toxapex|Shed Shell|[from] move: Knock Off|[of] p2a: Weavile\n|\n|-fieldend|move: Electric Terrain\n|upkeep\n|turn|35\n|\n|t:|1645874431\n|move|p2a: Weavile|Knock Off|p1a: Toxapex\n|-damage|p1a: Toxapex|5\/100\n|move|p1a: Toxapex|Recover|p1a: Toxapex\n|-heal|p1a: Toxapex|56\/100\n|\n|upkeep\n|turn|36\n|\n|t:|1645874435\n|switch|p2a: Tapu Koko|Tapu Koko|88\/100 tox\n|-fieldstart|move: Electric Terrain|[from] ability: Electric Surge|[of] p2a: Tapu Koko\n|move|p1a: Toxapex|Recover|p1a: Toxapex\n|-heal|p1a: Toxapex|100\/100\n|\n|-damage|p2a: Tapu Koko|82\/100 tox|[from] psn\n|upkeep\n|turn|37\n|\n|t:|1645874439\n|move|p1a: Toxapex|Baneful Bunker|p1a: Toxapex\n|-singleturn|p1a: Toxapex|move: Protect\n|move|p2a: Tapu Koko|U-turn|p1a: Toxapex\n|-activate|p1a: Toxapex|move: Protect\n|\n|-damage|p2a: Tapu Koko|70\/100 tox|[from] psn\n|upkeep\n|turn|38\n|\n|t:|1645874443\n|switch|p1a: Landorus|Landorus-Therian, M|85\/100\n|-ability|p1a: Landorus|Intimidate|boost\n|-unboost|p2a: Tapu Koko|atk|1\n|move|p2a: Tapu Koko|Roost|p2a: Tapu Koko\n|-heal|p2a: Tapu Koko|100\/100 tox\n|-singleturn|p2a: Tapu Koko|move: Roost\n|\n|-heal|p1a: Landorus|91\/100|[from] item: Leftovers\n|-damage|p2a: Tapu Koko|83\/100 tox|[from] psn\n|upkeep\n|turn|39\n|\n|t:|1645874447\n|move|p2a: Tapu Koko|U-turn|p1a: Landorus\n|-resisted|p1a: Landorus\n|-damage|p1a: Landorus|86\/100\n|\n|t:|1645874448\n|switch|p2a: Corviknight|Corviknight, F|91\/100|[from]move: U-turn\n|-ability|p2a: Corviknight|Pressure\n|move|p1a: Landorus|U-turn|p2a: Corviknight\n|-resisted|p2a: Corviknight\n|-damage|p2a: Corviknight|88\/100\n|-damage|p1a: Landorus|69\/100|[from] item: Rocky Helmet|[of] p2a: Corviknight\n|\n|t:|1645874450\n|switch|p1a: Rotom|Rotom-Wash|82\/100 tox|[from]move: U-turn\n|\n|-damage|p1a: Rotom|76\/100 tox|[from] psn\n|upkeep\n|turn|40\n|\n|t:|1645874453\n|switch|p2a: Landorus|Landorus-Therian, M|31\/100\n|-ability|p2a: Landorus|Intimidate|boost\n|-unboost|p1a: Rotom|atk|1\n|move|p1a: Rotom|Thunderbolt|p2a: Landorus\n|-immune|p2a: Landorus\n|\n|-heal|p2a: Landorus|37\/100|[from] item: Leftovers\n|-damage|p1a: Rotom|63\/100 tox|[from] psn\n|-fieldend|move: Electric Terrain\n|upkeep\n|turn|41\n|j| cxcould\n|\n|t:|1645874456\n|move|p1a: Rotom|Hydro Pump|p2a: Landorus|[miss]\n|-miss|p1a: Rotom|p2a: Landorus\n|move|p2a: Landorus|U-turn|p1a: Rotom\n|-damage|p1a: Rotom|34\/100 tox\n|\n|t:|1645874459\n|switch|p2a: Blacephalon|Blacephalon|100\/100|[from]move: U-turn\n|\n|-damage|p1a: Rotom|15\/100 tox|[from] psn\n|upkeep\n|turn|42\n|\n|t:|1645874465\n|switch|p1a: Melmetal|Melmetal|48\/100\n|move|p2a: Blacephalon|Shadow Ball|p1a: Melmetal\n|-damage|p1a: Melmetal|0 fnt\n|faint|p1a: Melmetal\n|-ability|p2a: Blacephalon|Beast Boost|boost\n|-boost|p2a: Blacephalon|spa|1\n|\n|upkeep\n|\n|t:|1645874466\n|switch|p1a: Weavile|Weavile, F|100\/100\n|-ability|p1a: Weavile|Pressure\n|turn|43\n|\n|t:|1645874471\n|switch|p2a: Tapu Koko|Tapu Koko|83\/100 tox\n|-fieldstart|move: Electric Terrain|[from] ability: Electric Surge|[of] p2a: Tapu Koko\n|move|p1a: Weavile|Triple Axel|p2a: Tapu Koko\n|-damage|p2a: Tapu Koko|67\/100 tox\n|-damage|p1a: Weavile|84\/100|[from] item: Rocky Helmet|[of] p2a: Tapu Koko\n|-damage|p2a: Tapu Koko|35\/100 tox\n|-damage|p1a: Weavile|68\/100|[from] item: Rocky Helmet|[of] p2a: Tapu Koko\n|-damage|p2a: Tapu Koko|0 fnt\n|-damage|p1a: Weavile|51\/100|[from] item: Rocky Helmet|[of] p2a: Tapu Koko\n|faint|p2a: Tapu Koko\n|-hitcount|p2: Tapu Koko|3\n|\n|upkeep\n|\n|t:|1645874475\n|switch|p2a: Weavile|Weavile, F|100\/100\n|-ability|p2a: Weavile|Pressure\n|turn|44\n|\n|t:|1645874478\n|switch|p1a: Toxapex|Toxapex, M|100\/100\n|switch|p2a: Landorus|Landorus-Therian, M|37\/100\n|-ability|p2a: Landorus|Intimidate|boost\n|-unboost|p1a: Toxapex|atk|1\n|\n|-heal|p2a: Landorus|43\/100|[from] item: Leftovers\n|upkeep\n|turn|45\n|\n|t:|1645874482\n|move|p2a: Landorus|Earthquake|p1a: Toxapex\n|-supereffective|p1a: Toxapex\n|-damage|p1a: Toxapex|26\/100\n|move|p1a: Toxapex|Scald|p2a: Landorus\n|-supereffective|p2a: Landorus\n|-damage|p2a: Landorus|18\/100\n|-status|p2a: Landorus|brn\n|\n|-heal|p2a: Landorus|24\/100 brn|[from] item: Leftovers\n|-damage|p2a: Landorus|18\/100 brn|[from] brn\n|upkeep\n|turn|46\n|-message|enpathy forfeited.\n|\n|win|GGeorgie\n|raw|GGeorgie's rating: 1649 &rarr; <strong>1670<\/strong><br \/>(+21 for winning)\n|raw|enpathy's rating: 1670 &rarr; <strong>1649<\/strong><br \/>(-21 for losing)\n|l|\u2606enpathy\n","uploadtime":1645874489,"views":89,"p1id":"ggeorgie","p2id":"enpathy","formatid":"gen8ou","rating":1649,"private":0,"password":null}