{"id":"gen8ou-1620840468","p1":"flygonisdragon","p2":"FENDINI","format":"gen8ou","log":"|j|\u2606flygonisdragon\n|j|\u2606FENDINI\n|t:|1658259790\n|gametype|singles\n|player|p1|flygonisdragon|ninjaboy|1770\n|player|p2|FENDINI|n|1781\n|teamsize|p1|6\n|teamsize|p2|6\n|gen|8\n|tier|[Gen 8] OU\n|rated|\n|rule|Sleep Clause Mod: Limit one foe put to sleep\n|rule|Species Clause: Limit one of each Pok\u00e9mon\n|rule|OHKO Clause: OHKO moves are banned\n|rule|Evasion Moves Clause: Evasion moves are banned\n|rule|Endless Battle Clause: Forcing endless battles is banned\n|rule|HP Percentage Mod: HP is shown in percentages\n|rule|Dynamax Clause: You cannot dynamax\n|clearpoke\n|poke|p1|Volcanion|\n|poke|p1|Bisharp, F|\n|poke|p1|Mandibuzz, F|\n|poke|p1|Hippowdon, F|\n|poke|p1|Zapdos-Galar|\n|poke|p1|Victini|\n|poke|p2|Tyranitar, M|\n|poke|p2|Clefable, M|\n|poke|p2|Excadrill, M|\n|poke|p2|Tangrowth, F|\n|poke|p2|Slowking-Galar, M|\n|poke|p2|Rotom-Wash|\n|teampreview\n|inactive|Battle timer is ON: inactive players will automatically lose when time's up. (requested by FENDINI)\n|j| Ulcivar\n|\n|t:|1658259807\n|start\n|switch|p1a: Volcanion|Volcanion|100\/100\n|switch|p2a: Slowking|Slowking-Galar, M|100\/100\n|turn|1\n|\n|t:|1658259811\n|switch|p1a: Hippowdon|Hippowdon, F|100\/100\n|-weather|Sandstorm|[from] ability: Sand Stream|[of] p1a: Hippowdon\n|move|p2a: Slowking|Trick|p1a: Hippowdon\n|-activate|p2a: Slowking|move: Trick|[of] p1a: Hippowdon\n|-item|p1a: Hippowdon|Black Sludge|[from] move: Trick\n|-item|p2a: Slowking|Leftovers|[from] move: Trick\n|\n|-weather|Sandstorm|[upkeep]\n|-damage|p2a: Slowking|94\/100|[from] Sandstorm\n|-damage|p1a: Hippowdon|88\/100|[from] item: Black Sludge\n|-heal|p2a: Slowking|100\/100|[from] item: Leftovers\n|upkeep\n|turn|2\n|\n|t:|1658259815\n|switch|p2a: Clefable|Clefable, M|100\/100\n|move|p1a: Hippowdon|Stealth Rock|p2a: Clefable\n|-sidestart|p2: FENDINI|move: Stealth Rock\n|\n|-weather|Sandstorm|[upkeep]\n|-damage|p1a: Hippowdon|76\/100|[from] item: Black Sludge\n|upkeep\n|turn|3\n|\n|t:|1658259821\n|switch|p1a: Volcanion|Volcanion|100\/100\n|move|p2a: Clefable|Stealth Rock|p1a: Volcanion\n|-sidestart|p1: flygonisdragon|move: Stealth Rock\n|\n|-weather|Sandstorm|[upkeep]\n|-damage|p1a: Volcanion|95\/100|[from] Sandstorm\n|upkeep\n|turn|4\n|\n|t:|1658259828\n|switch|p2a: Rotom|Rotom-Wash|100\/100\n|-damage|p2a: Rotom|88\/100|[from] Stealth Rock\n|move|p1a: Volcanion|Steam Eruption|p2a: Rotom\n|-resisted|p2a: Rotom\n|-damage|p2a: Rotom|54\/100\n|-status|p2a: Rotom|brn\n|\n|-weather|Sandstorm|[upkeep]\n|-damage|p1a: Volcanion|89\/100|[from] Sandstorm\n|-damage|p2a: Rotom|48\/100 brn|[from] Sandstorm\n|-heal|p2a: Rotom|54\/100 brn|[from] item: Leftovers\n|-damage|p2a: Rotom|48\/100 brn|[from] brn\n|upkeep\n|turn|5\n|\n|t:|1658259838\n|move|p1a: Volcanion|Steam Eruption|p2a: Rotom\n|-resisted|p2a: Rotom\n|-damage|p2a: Rotom|14\/100 brn\n|move|p2a: Rotom|Pain Split|p1a: Volcanion\n|-sethp|p1a: Volcanion|51\/100|[from] move: Pain Split|[silent]\n|-sethp|p2a: Rotom|51\/100 brn|[from] move: Pain Split\n|\n|-weather|none\n|-heal|p2a: Rotom|57\/100 brn|[from] item: Leftovers\n|-damage|p2a: Rotom|51\/100 brn|[from] brn\n|upkeep\n|turn|6\n|\n|t:|1658259844\n|switch|p1a: Hippowdon|Hippowdon, F|76\/100\n|-damage|p1a: Hippowdon|70\/100|[from] Stealth Rock\n|-weather|Sandstorm|[from] ability: Sand Stream|[of] p1a: Hippowdon\n|move|p2a: Rotom|Volt Switch|p1a: Hippowdon\n|-immune|p1a: Hippowdon\n|\n|-weather|Sandstorm|[upkeep]\n|-damage|p2a: Rotom|45\/100 brn|[from] Sandstorm\n|-heal|p2a: Rotom|51\/100 brn|[from] item: Leftovers\n|-damage|p1a: Hippowdon|57\/100|[from] item: Black Sludge\n|-damage|p2a: Rotom|45\/100 brn|[from] brn\n|upkeep\n|turn|7\n|\n|t:|1658259850\n|move|p2a: Rotom|Hydro Pump|p1a: Hippowdon\n|-supereffective|p1a: Hippowdon\n|-damage|p1a: Hippowdon|0 fnt\n|faint|p1a: Hippowdon\n|\n|-weather|Sandstorm|[upkeep]\n|-damage|p2a: Rotom|39\/100 brn|[from] Sandstorm\n|-heal|p2a: Rotom|45\/100 brn|[from] item: Leftovers\n|-damage|p2a: Rotom|39\/100 brn|[from] brn\n|upkeep\n|\n|t:|1658259853\n|switch|p1a: Bisharp|Bisharp, F|100\/100\n|-damage|p1a: Bisharp|95\/100|[from] Stealth Rock\n|turn|8\n|\n|t:|1658259856\n|move|p1a: Bisharp|Swords Dance|p1a: Bisharp\n|-boost|p1a: Bisharp|atk|2\n|move|p2a: Rotom|Volt Switch|p1a: Bisharp\n|-damage|p1a: Bisharp|53\/100\n|\n|t:|1658259857\n|switch|p2a: Tangrowth|Tangrowth, F|100\/100|[from]move: Volt Switch\n|-damage|p2a: Tangrowth|88\/100|[from] Stealth Rock\n|\n|-weather|Sandstorm|[upkeep]\n|-damage|p2a: Tangrowth|82\/100|[from] Sandstorm\n|upkeep\n|turn|9\n|\n|t:|1658259860\n|move|p1a: Bisharp|Iron Head|p2a: Tangrowth\n|-damage|p2a: Tangrowth|38\/100\n|-damage|p1a: Bisharp|36\/100|[from] item: Rocky Helmet|[of] p2a: Tangrowth\n|cant|p2a: Tangrowth|flinch\n|\n|-weather|Sandstorm|[upkeep]\n|-damage|p2a: Tangrowth|32\/100|[from] Sandstorm\n|upkeep\n|turn|10\n|j| Venositile\n|\n|t:|1658259869\n|switch|p2a: Clefable|Clefable, M|100\/100\n|move|p1a: Bisharp|Knock Off|p2a: Clefable\n|-resisted|p2a: Clefable\n|-damage|p2a: Clefable|47\/100\n|-damage|p1a: Bisharp|19\/100|[from] item: Rocky Helmet|[of] p2a: Clefable\n|-enditem|p2a: Clefable|Rocky Helmet|[from] move: Knock Off|[of] p1a: Bisharp\n|\n|-weather|none\n|upkeep\n|turn|11\n|\n|t:|1658259881\n|switch|p2a: Tangrowth|Tangrowth, F|65\/100\n|-damage|p2a: Tangrowth|53\/100|[from] Stealth Rock\n|move|p1a: Bisharp|Iron Head|p2a: Tangrowth\n|-damage|p2a: Tangrowth|3\/100\n|-damage|p1a: Bisharp|3\/100|[from] item: Rocky Helmet|[of] p2a: Tangrowth\n|\n|upkeep\n|turn|12\n|\n|t:|1658259888\n|move|p1a: Bisharp|Knock Off|p2a: Tangrowth\n|-damage|p2a: Tangrowth|0 fnt\n|-damage|p1a: Bisharp|0 fnt|[from] item: Rocky Helmet|[of] p2a: Tangrowth\n|faint|p2a: Tangrowth\n|faint|p1a: Bisharp\n|\n|upkeep\n|\n|t:|1658259899\n|switch|p1a: Zapdos|Zapdos-Galar|100\/100\n|switch|p2a: Slowking|Slowking-Galar, M|100\/100\n|-damage|p1a: Zapdos|88\/100|[from] Stealth Rock\n|-damage|p2a: Slowking|88\/100|[from] Stealth Rock\n|turn|13\n|l| Ulcivar\n|\n|t:|1658259903\n|move|p1a: Zapdos|Brave Bird|p2a: Slowking\n|-damage|p2a: Slowking|17\/100\n|-damage|p1a: Zapdos|61\/100|[from] Recoil\n|move|p2a: Slowking|Psychic|p1a: Zapdos\n|-supereffective|p1a: Zapdos\n|-damage|p1a: Zapdos|0 fnt\n|faint|p1a: Zapdos\n|\n|-heal|p2a: Slowking|23\/100|[from] item: Leftovers\n|upkeep\n|\n|t:|1658259906\n|switch|p1a: Victini|Victini|100\/100\n|turn|14\n|\n|t:|1658259920\n|switch|p2a: Clefable|Clefable, M|47\/100\n|move|p1a: Victini|Blue Flare|p2a: Clefable|[miss]\n|-miss|p1a: Victini|p2a: Clefable\n|\n|upkeep\n|turn|15\n|\n|t:|1658259924\n|move|p1a: Victini|Blue Flare|p2a: Clefable\n|-damage|p2a: Clefable|0 fnt\n|faint|p2a: Clefable\n|\n|upkeep\n|\n|t:|1658259928\n|switch|p2a: Tyranitar|Tyranitar, M|100\/100\n|-damage|p2a: Tyranitar|88\/100|[from] Stealth Rock\n|-weather|Sandstorm|[from] ability: Sand Stream|[of] p2a: Tyranitar\n|turn|16\n|\n|t:|1658259932\n|move|p1a: Victini|U-turn|p2a: Tyranitar\n|-supereffective|p2a: Tyranitar\n|-damage|p2a: Tyranitar|63\/100\n|\n|t:|1658259935\n|switch|p1a: Mandibuzz|Mandibuzz, F|100\/100|[from]move: U-turn\n|move|p2a: Tyranitar|Stone Edge|p1a: Mandibuzz|[miss]\n|-miss|p2a: Tyranitar|p1a: Mandibuzz\n|\n|-weather|Sandstorm|[upkeep]\n|upkeep\n|turn|17\n|\n|t:|1658259938\n|move|p2a: Tyranitar|Stone Edge|p1a: Mandibuzz\n|-supereffective|p1a: Mandibuzz\n|-damage|p1a: Mandibuzz|0 fnt\n|faint|p1a: Mandibuzz\n|\n|-weather|Sandstorm|[upkeep]\n|upkeep\n|\n|t:|1658259942\n|switch|p1a: Volcanion|Volcanion|51\/100\n|-damage|p1a: Volcanion|26\/100|[from] Stealth Rock\n|turn|18\n|\n|t:|1658259947\n|switch|p2a: Rotom|Rotom-Wash|39\/100 brn\n|-damage|p2a: Rotom|27\/100 brn|[from] Stealth Rock\n|move|p1a: Volcanion|Steam Eruption|p2a: Rotom\n|-resisted|p2a: Rotom\n|-damage|p2a: Rotom|0 fnt\n|faint|p2a: Rotom\n|\n|-weather|Sandstorm|[upkeep]\n|-damage|p1a: Volcanion|20\/100|[from] Sandstorm\n|upkeep\n|\n|t:|1658259949\n|switch|p2a: Excadrill|Excadrill, M|100\/100\n|-damage|p2a: Excadrill|97\/100|[from] Stealth Rock\n|turn|19\n|\n|t:|1658259951\n|move|p2a: Excadrill|Earthquake|p1a: Volcanion\n|-supereffective|p1a: Volcanion\n|-damage|p1a: Volcanion|0 fnt\n|faint|p1a: Volcanion\n|\n|-weather|Sandstorm|[upkeep]\n|-heal|p2a: Excadrill|100\/100|[from] item: Leftovers\n|upkeep\n|\n|t:|1658259952\n|switch|p1a: Victini|Victini|100\/100\n|turn|20\n|\n|t:|1658259954\n|move|p2a: Excadrill|Earthquake|p1a: Victini\n|-supereffective|p1a: Victini\n|-damage|p1a: Victini|0 fnt\n|faint|p1a: Victini\n|\n|win|FENDINI\n|raw|flygonisdragon's rating: 1770 &rarr; <strong>1751<\/strong><br \/>(-19 for losing)\n|raw|FENDINI's rating: 1781 &rarr; <strong>1800<\/strong><br \/>(+19 for winning)\n|j| Maghreb\n|l|\u2606flygonisdragon\n","uploadtime":1658259961,"views":26,"p1id":"flygonisdragon","p2id":"fendini","formatid":"gen8ou","rating":1751,"private":0,"password":null}