{"id":"gen8ou-1629845965","p1":"cute pink team","p2":"SKIP THE DRIP","format":"gen8ou","log":"|j|\u2606cute pink team\n|j|\u2606SKIP THE DRIP\n|t:|1659357873\n|gametype|singles\n|player|p1|cute pink team|youngster|1714\n|player|p2|SKIP THE DRIP|policeman-gen8|1706\n|teamsize|p1|6\n|teamsize|p2|6\n|gen|8\n|tier|[Gen 8] OU\n|rated|\n|rule|Sleep Clause Mod: Limit one foe put to sleep\n|rule|Species Clause: Limit one of each Pok\u00e9mon\n|rule|OHKO Clause: OHKO moves are banned\n|rule|Evasion Moves Clause: Evasion moves are banned\n|rule|Endless Battle Clause: Forcing endless battles is banned\n|rule|HP Percentage Mod: HP is shown in percentages\n|rule|Dynamax Clause: You cannot dynamax\n|clearpoke\n|poke|p1|Zapdos|\n|poke|p1|Tyranitar, M|\n|poke|p1|Ditto|\n|poke|p1|Corviknight, M|\n|poke|p1|Volcanion|\n|poke|p1|Blacephalon|\n|poke|p2|Amoonguss, M|\n|poke|p2|Quagsire, M|\n|poke|p2|Skarmory, M|\n|poke|p2|Clefable, F|\n|poke|p2|Hydreigon, M|\n|poke|p2|Toxapex, M|\n|teampreview\n|inactive|Battle timer is ON: inactive players will automatically lose when time's up. (requested by SKIP THE DRIP)\n|\n|t:|1659357884\n|start\n|switch|p1a: Zapdos|Zapdos|100\/100\n|switch|p2a: REAL RX|Toxapex, M|100\/100\n|-ability|p1a: Zapdos|Pressure\n|turn|1\n|\n|t:|1659357894\n|switch|p2a: HATED THAT HOUSE|Amoonguss, M, shiny|100\/100\n|move|p1a: Zapdos|Thunderbolt|p2a: HATED THAT HOUSE\n|-resisted|p2a: HATED THAT HOUSE\n|-damage|p2a: HATED THAT HOUSE|81\/100\n|\n|upkeep\n|turn|2\n|j| LT91BB Livio\n|\n|t:|1659357904\n|switch|p1a: Ditto|Ditto|100\/100\n|-transform|p1a: Ditto|p2a: HATED THAT HOUSE|[from] ability: Imposter\n|move|p2a: HATED THAT HOUSE|Giga Drain|p1a: Ditto\n|-resisted|p1a: Ditto\n|-damage|p1a: Ditto|94\/100\n|-heal|p2a: HATED THAT HOUSE|83\/100|[from] drain|[of] p1a: Ditto\n|\n|upkeep\n|turn|3\n|l| LT91BB Livio\n|\n|t:|1659357916\n|switch|p1a: Zapdos|Zapdos|100\/100\n|-ability|p1a: Zapdos|Pressure\n|switch|p2a: BOOMIN A BITCH|Clefable, F|100\/100\n|\n|upkeep\n|turn|4\n|\n|t:|1659357918\n|move|p1a: Zapdos|Volt Switch|p2a: BOOMIN A BITCH\n|-damage|p2a: BOOMIN A BITCH|56\/100\n|\n|t:|1659357922\n|switch|p1a: Blacephalon|Blacephalon|100\/100|[from]move: Volt Switch\n|move|p2a: BOOMIN A BITCH|Soft-Boiled|p2a: BOOMIN A BITCH\n|-heal|p2a: BOOMIN A BITCH|100\/100\n|\n|upkeep\n|turn|5\n|\n|t:|1659357930\n|switch|p2a: REAL RX|Toxapex, M|100\/100\n|move|p1a: Blacephalon|Trick|p2a: REAL RX\n|-activate|p1a: Blacephalon|move: Trick|[of] p2a: REAL RX\n|-item|p2a: REAL RX|Choice Scarf|[from] move: Trick\n|-item|p1a: Blacephalon|Payapa Berry|[from] move: Trick\n|\n|upkeep\n|turn|6\n|\n|t:|1659357939\n|switch|p1a: Ditto|Ditto|100\/100\n|-transform|p1a: Ditto|p2a: REAL RX|[from] ability: Imposter\n|move|p2a: REAL RX|Knock Off|p1a: Ditto\n|-damage|p1a: Ditto|90\/100\n|-enditem|p1a: Ditto|Choice Scarf|[from] move: Knock Off|[of] p2a: REAL RX\n|\n|upkeep\n|turn|7\n|\n|t:|1659357945\n|move|p2a: REAL RX|Knock Off|p1a: Ditto\n|-damage|p1a: Ditto|84\/100\n|move|p1a: Ditto|Toxic Spikes|p2a: REAL RX\n|-sidestart|p2: SKIP THE DRIP|move: Toxic Spikes\n|\n|upkeep\n|turn|8\n|\n|t:|1659357947\n|move|p2a: REAL RX|Knock Off|p1a: Ditto\n|-damage|p1a: Ditto|77\/100\n|move|p1a: Ditto|Toxic Spikes|p2a: REAL RX\n|-sidestart|p2: SKIP THE DRIP|move: Toxic Spikes\n|\n|upkeep\n|turn|9\n|\n|t:|1659357949\n|move|p2a: REAL RX|Knock Off|p1a: Ditto\n|-damage|p1a: Ditto|70\/100\n|move|p1a: Ditto|Toxic Spikes||[still]\n|-fail|p1a: Ditto\n|\n|upkeep\n|turn|10\n|\n|t:|1659357952\n|switch|p1a: Corviknight|Corviknight, M|100\/100\n|-ability|p1a: Corviknight|Pressure\n|move|p2a: REAL RX|Knock Off|p1a: Corviknight\n|-damage|p1a: Corviknight|87\/100\n|-enditem|p1a: Corviknight|Leftovers|[from] move: Knock Off|[of] p2a: REAL RX\n|\n|upkeep\n|turn|11\n|\n|t:|1659357957\n|move|p1a: Corviknight|U-turn|p2a: REAL RX\n|-resisted|p2a: REAL RX\n|-damage|p2a: REAL RX|97\/100\n|\n|t:|1659357959\n|switch|p1a: Ditto|Ditto|100\/100|[from]move: U-turn\n|-transform|p1a: Ditto|p2a: REAL RX|[from] ability: Imposter\n|move|p2a: REAL RX|Knock Off|p1a: Ditto\n|-damage|p1a: Ditto|93\/100\n|\n|upkeep\n|turn|12\n|\n|t:|1659357963\n|switch|p1a: Corviknight|Corviknight, M|87\/100\n|-ability|p1a: Corviknight|Pressure\n|move|p2a: REAL RX|Knock Off|p1a: Corviknight\n|-damage|p1a: Corviknight|78\/100\n|\n|upkeep\n|turn|13\n|\n|t:|1659357972\n|move|p1a: Corviknight|U-turn|p2a: REAL RX\n|-resisted|p2a: REAL RX\n|-damage|p2a: REAL RX|93\/100\n|\n|t:|1659357974\n|switch|p1a: Ditto|Ditto|100\/100|[from]move: U-turn\n|-transform|p1a: Ditto|p2a: REAL RX|[from] ability: Imposter\n|move|p2a: REAL RX|Knock Off|p1a: Ditto\n|-damage|p1a: Ditto|94\/100\n|\n|upkeep\n|turn|14\n|\n|t:|1659357976\n|switch|p2a: HATED THAT HOUSE|Amoonguss, M, shiny|100\/100\n|-sideend|p2: SKIP THE DRIP|move: Toxic Spikes|[of] p2a: HATED THAT HOUSE\n|switch|p1a: Corviknight|Corviknight, M|78\/100\n|-ability|p1a: Corviknight|Pressure\n|\n|upkeep\n|turn|15\n|\n|t:|1659357984\n|move|p1a: Corviknight|U-turn|p2a: HATED THAT HOUSE\n|-damage|p2a: HATED THAT HOUSE|89\/100\n|\n|t:|1659357985\n|switch|p1a: Ditto|Ditto|100\/100|[from]move: U-turn\n|-transform|p1a: Ditto|p2a: HATED THAT HOUSE|[from] ability: Imposter\n|move|p2a: HATED THAT HOUSE|Foul Play|p1a: Ditto\n|-damage|p1a: Ditto|79\/100\n|\n|upkeep\n|turn|16\n|\n|t:|1659357993\n|switch|p1a: Zapdos|Zapdos|100\/100\n|-ability|p1a: Zapdos|Pressure\n|switch|p2a: BOOMIN A BITCH|Clefable, F|100\/100\n|\n|upkeep\n|turn|17\n|\n|t:|1659357998\n|move|p1a: Zapdos|Hurricane|p2a: BOOMIN A BITCH\n|-damage|p2a: BOOMIN A BITCH|27\/100\n|move|p2a: BOOMIN A BITCH|Soft-Boiled|p2a: BOOMIN A BITCH\n|-heal|p2a: BOOMIN A BITCH|77\/100\n|\n|upkeep\n|turn|18\n|inactive|SKIP THE DRIP has 120 seconds left.\n|inactive|SKIP THE DRIP has 90 seconds left.\n|\n|t:|1659358061\n|switch|p2a: 12 STOUT STREET|Hydreigon, M|100\/100\n|move|p1a: Zapdos|Hurricane|p2a: 12 STOUT STREET\n|-damage|p2a: 12 STOUT STREET|16\/100\n|\n|-heal|p2a: 12 STOUT STREET|22\/100|[from] item: Leftovers\n|upkeep\n|turn|19\n|\n|t:|1659358065\n|move|p1a: Zapdos|Hurricane|p2a: 12 STOUT STREET\n|-damage|p2a: 12 STOUT STREET|0 fnt\n|faint|p2a: 12 STOUT STREET\n|\n|upkeep\n|\n|t:|1659358069\n|switch|p2a: REAL RX|Toxapex, M|100\/100\n|turn|20\n|\n|t:|1659358073\n|switch|p1a: Corviknight|Corviknight, M|78\/100\n|-ability|p1a: Corviknight|Pressure\n|move|p2a: REAL RX|Toxic Spikes|p1a: Corviknight\n|-sidestart|p1: cute pink team|move: Toxic Spikes\n|\n|upkeep\n|turn|21\n|\n|t:|1659358077\n|switch|p2a: BOOMIN A BITCH|Clefable, F|77\/100\n|move|p1a: Corviknight|Defog|p2a: BOOMIN A BITCH\n|-unboost|p2a: BOOMIN A BITCH|evasion|1\n|-sideend|p1: cute pink team|Toxic Spikes|[from] move: Defog|[of] p1a: Corviknight\n|\n|upkeep\n|turn|22\n|\n|t:|1659358085\n|switch|p1a: Blacephalon|Blacephalon|100\/100\n|move|p2a: BOOMIN A BITCH|Stealth Rock|p1a: Blacephalon\n|-sidestart|p1: cute pink team|move: Stealth Rock\n|\n|upkeep\n|turn|23\n|\n|t:|1659358089\n|switch|p1a: Corviknight|Corviknight, M|78\/100\n|-damage|p1a: Corviknight|65\/100|[from] Stealth Rock\n|-ability|p1a: Corviknight|Pressure\n|switch|p2a: REAL RX|Toxapex, M|100\/100\n|\n|upkeep\n|turn|24\n|\n|t:|1659358096\n|switch|p2a: CRIED IN THE COLD|Skarmory, M|100\/100\n|move|p1a: Corviknight|Defog|p2a: CRIED IN THE COLD\n|-unboost|p2a: CRIED IN THE COLD|evasion|1\n|-sideend|p1: cute pink team|Stealth Rock|[from] move: Defog|[of] p1a: Corviknight\n|\n|upkeep\n|turn|25\n|\n|t:|1659358104\n|move|p2a: CRIED IN THE COLD|Toxic|p1a: Corviknight\n|-immune|p1a: Corviknight\n|move|p1a: Corviknight|Roost|p1a: Corviknight\n|-heal|p1a: Corviknight|100\/100\n|-singleturn|p1a: Corviknight|move: Roost\n|\n|upkeep\n|turn|26\n|\n|t:|1659358109\n|move|p2a: CRIED IN THE COLD|Spikes|p1a: Corviknight\n|-sidestart|p1: cute pink team|Spikes\n|move|p1a: Corviknight|U-turn|p2a: CRIED IN THE COLD\n|-resisted|p2a: CRIED IN THE COLD\n|-damage|p2a: CRIED IN THE COLD|99\/100\n|\n|t:|1659358111\n|switch|p1a: Zapdos|Zapdos|100\/100|[from]move: U-turn\n|-ability|p1a: Zapdos|Pressure\n|\n|upkeep\n|turn|27\n|\n|t:|1659358118\n|switch|p2a: MOM KICKED ME OUT|Quagsire, M|100\/100\n|move|p1a: Zapdos|Hurricane|p2a: MOM KICKED ME OUT\n|-damage|p2a: MOM KICKED ME OUT|0 fnt\n|faint|p2a: MOM KICKED ME OUT\n|\n|upkeep\n|-message|SKIP THE DRIP forfeited.\n|\n|win|cute pink team\n|raw|cute pink team's rating: 1714 &rarr; <strong>1734<\/strong><br \/>(+20 for winning)\n|raw|SKIP THE DRIP's rating: 1706 &rarr; <strong>1686<\/strong><br \/>(-20 for losing)\n|l|\u2606SKIP THE DRIP\n||Ladder isn't responding, score probably updated but might not have (Request timeout).\n","uploadtime":1659358126,"views":40,"p1id":"cutepinkteam","p2id":"skipthedrip","formatid":"gen8ou","rating":1686,"private":0,"password":null}