{"id":"gen8ou-1688476854","p1":"lingjolunojobana","p2":"OUTD Wraks2","format":"gen8ou","log":"|html|<div class=\"broadcast-blue\"><strong>[Gen 8] OU is currently suspecting Melmetal! For information on how to participate check out the <a href=\"https:\/\/www.smogon.com\/forums\/threads\/np-ss-ou-suspect-process-round-12-monster-mash.3709234\/\">suspect thread<\/a>.<\/strong><\/div>\n|j|\u2606lingjolunojobana\n|j|\u2606OUTD Wraks2\n|t:|1666072062\n|gametype|singles\n|player|p1|lingjolunojobana|crasherwake|1650\n|player|p2|OUTD Wraks2|101|1586\n|teamsize|p1|6\n|teamsize|p2|6\n|gen|8\n|tier|[Gen 8] OU\n|rated|\n|rule|Sleep Clause Mod: Limit one foe put to sleep\n|rule|Species Clause: Limit one of each Pok\u00e9mon\n|rule|OHKO Clause: OHKO moves are banned\n|rule|Evasion Items Clause: Evasion items are banned\n|rule|Evasion Moves Clause: Evasion moves are banned\n|rule|Endless Battle Clause: Forcing endless battles is banned\n|rule|HP Percentage Mod: HP is shown in percentages\n|rule|Dynamax Clause: You cannot dynamax\n|clearpoke\n|poke|p1|Torkoal, F|\n|poke|p1|Venusaur, M|\n|poke|p1|Heatran, M|\n|poke|p1|Landorus-Therian, M|\n|poke|p1|Garchomp, M|\n|poke|p1|Victini|\n|poke|p2|Swampert, F|\n|poke|p2|Corviknight, F|\n|poke|p2|Blissey, F|\n|poke|p2|Rillaboom, F|\n|poke|p2|Dragapult, F|\n|poke|p2|Conkeldurr, M|\n|teampreview\n|inactive|Battle timer is ON: inactive players will automatically lose when time's up. (requested by OUTD Wraks2)\n|\n|t:|1666072072\n|start\n|switch|p1a: \u795e\u91cc\u9675\u534e|Torkoal, F, shiny|100\/100\n|switch|p2a: Dragapult|Dragapult, F|100\/100\n|-weather|SunnyDay|[from] ability: Drought|[of] p1a: \u795e\u91cc\u9675\u534e\n|turn|1\n|\n|t:|1666072079\n|switch|p1a: \u732b\u67f1|Landorus-Therian, M, shiny|100\/100\n|-ability|p1a: \u732b\u67f1|Intimidate|boost\n|-unboost|p2a: Dragapult|atk|1\n|move|p2a: Dragapult|Draco Meteor|p1a: \u732b\u67f1\n|-damage|p1a: \u732b\u67f1|33\/100\n|-unboost|p2a: Dragapult|spa|2\n|\n|-weather|SunnyDay|[upkeep]\n|-heal|p1a: \u732b\u67f1|40\/100|[from] item: Leftovers\n|upkeep\n|turn|2\n|\n|t:|1666072091\n|switch|p2a: Corviknight|Corviknight, F|100\/100\n|-ability|p2a: Corviknight|Pressure\n|move|p1a: \u732b\u67f1|U-turn|p2a: Corviknight\n|-resisted|p2a: Corviknight\n|-damage|p2a: Corviknight|97\/100\n|-damage|p1a: \u732b\u67f1|23\/100|[from] item: Rocky Helmet|[of] p2a: Corviknight\n|\n|t:|1666072099\n|switch|p1a: \u793e\u4f1a\u4f60\u82b1\u54e5|Venusaur, M, shiny|100\/100|[from]move: U-turn\n|\n|-weather|SunnyDay|[upkeep]\n|upkeep\n|turn|3\n|\n|t:|1666072107\n|switch|p2a: Blissey|Blissey, F|100\/100\n|move|p1a: \u793e\u4f1a\u4f60\u82b1\u54e5|Growth|p1a: \u793e\u4f1a\u4f60\u82b1\u54e5\n|-boost|p1a: \u793e\u4f1a\u4f60\u82b1\u54e5|atk|2\n|-boost|p1a: \u793e\u4f1a\u4f60\u82b1\u54e5|spa|2\n|\n|-weather|SunnyDay|[upkeep]\n|upkeep\n|turn|4\n|\n|t:|1666072113\n|move|p1a: \u793e\u4f1a\u4f60\u82b1\u54e5|Growth|p1a: \u793e\u4f1a\u4f60\u82b1\u54e5\n|-boost|p1a: \u793e\u4f1a\u4f60\u82b1\u54e5|atk|2\n|-boost|p1a: \u793e\u4f1a\u4f60\u82b1\u54e5|spa|2\n|move|p2a: Blissey|Seismic Toss|p1a: \u793e\u4f1a\u4f60\u82b1\u54e5\n|-damage|p1a: \u793e\u4f1a\u4f60\u82b1\u54e5|67\/100\n|\n|-weather|SunnyDay|[upkeep]\n|upkeep\n|turn|5\n|\n|t:|1666072120\n|move|p1a: \u793e\u4f1a\u4f60\u82b1\u54e5|Giga Drain|p2a: Blissey\n|-damage|p2a: Blissey|52\/100\n|-heal|p1a: \u793e\u4f1a\u4f60\u82b1\u54e5|100\/100|[from] drain|[of] p2a: Blissey\n|-damage|p1a: \u793e\u4f1a\u4f60\u82b1\u54e5|91\/100|[from] item: Life Orb\n|move|p2a: Blissey|Seismic Toss|p1a: \u793e\u4f1a\u4f60\u82b1\u54e5\n|-damage|p1a: \u793e\u4f1a\u4f60\u82b1\u54e5|57\/100\n|\n|-weather|SunnyDay|[upkeep]\n|upkeep\n|turn|6\n|\n|t:|1666072128\n|switch|p2a: Corviknight|Corviknight, F|97\/100\n|-ability|p2a: Corviknight|Pressure\n|move|p1a: \u793e\u4f1a\u4f60\u82b1\u54e5|Weather Ball|p2a: Corviknight\n|-supereffective|p2a: Corviknight\n|-damage|p2a: Corviknight|0 fnt\n|faint|p2a: Corviknight\n|-damage|p1a: \u793e\u4f1a\u4f60\u82b1\u54e5|47\/100|[from] item: Life Orb\n|\n|-weather|SunnyDay|[upkeep]\n|upkeep\n|\n|t:|1666072143\n|switch|p2a: Dragapult|Dragapult, F|100\/100\n|turn|7\n|\n|t:|1666072151\n|switch|p2a: Conkeldurr|Conkeldurr, M|100\/100\n|move|p1a: \u793e\u4f1a\u4f60\u82b1\u54e5|Earth Power|p2a: Conkeldurr\n|-damage|p2a: Conkeldurr|0 fnt\n|faint|p2a: Conkeldurr\n|-damage|p1a: \u793e\u4f1a\u4f60\u82b1\u54e5|37\/100|[from] item: Life Orb\n|\n|-weather|SunnyDay|[upkeep]\n|upkeep\n|\n|t:|1666072168\n|switch|p2a: Blissey|Blissey, F|52\/100\n|turn|8\n|\n|t:|1666072187\n|move|p1a: \u793e\u4f1a\u4f60\u82b1\u54e5|Weather Ball|p2a: Blissey\n|-damage|p2a: Blissey|0 fnt\n|faint|p2a: Blissey\n|-damage|p1a: \u793e\u4f1a\u4f60\u82b1\u54e5|27\/100|[from] item: Life Orb\n|\n|-weather|none\n|upkeep\n|\n|t:|1666072190\n|switch|p2a: Dragapult|Dragapult, F|100\/100\n|turn|9\n|inactive|lingjolunojobana has 120 seconds left.\n|c|\u2606lingjolunojobana|venusaur is monster\n|\n|t:|1666072238\n|switch|p1a: \u732b\u67f1|Landorus-Therian, M, shiny|23\/100\n|-ability|p1a: \u732b\u67f1|Intimidate|boost\n|-unboost|p2a: Dragapult|atk|1\n|move|p2a: Dragapult|Shadow Ball|p1a: \u732b\u67f1\n|-damage|p1a: \u732b\u67f1|0 fnt\n|faint|p1a: \u732b\u67f1\n|\n|upkeep\n|\n|t:|1666072245\n|switch|p1a: \u795e\u91cc\u9675\u534e|Torkoal, F, shiny|100\/100\n|-weather|SunnyDay|[from] ability: Drought|[of] p1a: \u795e\u91cc\u9675\u534e\n|turn|10\n|\n|t:|1666072251\n|move|p2a: Dragapult|Shadow Ball|p1a: \u795e\u91cc\u9675\u534e\n|-damage|p1a: \u795e\u91cc\u9675\u534e|29\/100\n|move|p1a: \u795e\u91cc\u9675\u534e|Stealth Rock|p2a: Dragapult\n|-sidestart|p2: OUTD Wraks2|move: Stealth Rock\n|\n|-weather|SunnyDay|[upkeep]\n|upkeep\n|turn|11\n|\n|t:|1666072256\n|move|p2a: Dragapult|Shadow Ball|p1a: \u795e\u91cc\u9675\u534e\n|-damage|p1a: \u795e\u91cc\u9675\u534e|0 fnt\n|faint|p1a: \u795e\u91cc\u9675\u534e\n|\n|-weather|SunnyDay|[upkeep]\n|upkeep\n|\n|t:|1666072259\n|switch|p1a: MAGA|Garchomp, M, shiny|100\/100\n|turn|12\n|\n|t:|1666072265\n|switch|p2a: Rillaboom|Rillaboom, F|100\/100\n|-damage|p2a: Rillaboom|88\/100|[from] Stealth Rock\n|-fieldstart|move: Grassy Terrain|[from] ability: Grassy Surge|[of] p2a: Rillaboom\n|move|p1a: MAGA|Swords Dance|p1a: MAGA\n|-boost|p1a: MAGA|atk|2\n|\n|-weather|SunnyDay|[upkeep]\n|-heal|p2a: Rillaboom|94\/100|[from] Grassy Terrain\n|upkeep\n|turn|13\n|\n|t:|1666072269\n|move|p2a: Rillaboom|Grassy Glide|p1a: MAGA\n|-damage|p1a: MAGA|22\/100\n|-damage|p2a: Rillaboom|82\/100|[from] ability: Rough Skin|[of] p1a: MAGA\n|move|p1a: MAGA|Fire Fang|p2a: Rillaboom\n|-supereffective|p2a: Rillaboom\n|-damage|p2a: Rillaboom|0 fnt\n|faint|p2a: Rillaboom\n|\n|-weather|SunnyDay|[upkeep]\n|-heal|p1a: MAGA|29\/100|[from] Grassy Terrain\n|-heal|p1a: MAGA|35\/100|[from] item: Leftovers\n|upkeep\n|\n|t:|1666072276\n|switch|p2a: Dragapult|Dragapult, F|100\/100\n|-damage|p2a: Dragapult|88\/100|[from] Stealth Rock\n|turn|14\n|\n|t:|1666072282\n|move|p2a: Dragapult|Shadow Ball|p1a: MAGA\n|-damage|p1a: MAGA|0 fnt\n|faint|p1a: MAGA\n|\n|-weather|SunnyDay|[upkeep]\n|-heal|p2a: Dragapult|94\/100|[from] Grassy Terrain\n|upkeep\n|\n|t:|1666072287\n|switch|p1a: \u793e\u4f1a\u4f60\u82b1\u54e5|Venusaur, M, shiny|27\/100\n|turn|15\n|\n|t:|1666072292\n|move|p1a: \u793e\u4f1a\u4f60\u82b1\u54e5|Earth Power|p2a: Dragapult\n|-damage|p2a: Dragapult|46\/100\n|-damage|p1a: \u793e\u4f1a\u4f60\u82b1\u54e5|17\/100|[from] item: Life Orb\n|move|p2a: Dragapult|Shadow Ball|p1a: \u793e\u4f1a\u4f60\u82b1\u54e5\n|-damage|p1a: \u793e\u4f1a\u4f60\u82b1\u54e5|0 fnt\n|faint|p1a: \u793e\u4f1a\u4f60\u82b1\u54e5\n|\n|-weather|SunnyDay|[upkeep]\n|-heal|p2a: Dragapult|52\/100|[from] Grassy Terrain\n|upkeep\n|\n|t:|1666072298\n|switch|p1a: \u610f\u5927\u5229\u9762\u62cc42\u53f7\u706b\u94a2|Heatran, M|100\/100\n|-item|p1a: \u610f\u5927\u5229\u9762\u62cc42\u53f7\u706b\u94a2|Air Balloon\n|turn|16\n|\n|t:|1666072303\n|move|p2a: Dragapult|Shadow Ball|p1a: \u610f\u5927\u5229\u9762\u62cc42\u53f7\u706b\u94a2\n|-damage|p1a: \u610f\u5927\u5229\u9762\u62cc42\u53f7\u706b\u94a2|53\/100\n|-enditem|p1a: \u610f\u5927\u5229\u9762\u62cc42\u53f7\u706b\u94a2|Air Balloon\n|move|p1a: \u610f\u5927\u5229\u9762\u62cc42\u53f7\u706b\u94a2|Flash Cannon|p2a: Dragapult\n|-damage|p2a: Dragapult|0 fnt\n|faint|p2a: Dragapult\n|\n|-weather|SunnyDay|[upkeep]\n|-heal|p1a: \u610f\u5927\u5229\u9762\u62cc42\u53f7\u706b\u94a2|59\/100|[from] Grassy Terrain\n|-fieldend|move: Grassy Terrain\n|upkeep\n|\n|t:|1666072308\n|switch|p2a: Swampert|Swampert, F|100\/100\n|-damage|p2a: Swampert|94\/100|[from] Stealth Rock\n|turn|17\n|\n|t:|1666072320\n|move|p1a: \u610f\u5927\u5229\u9762\u62cc42\u53f7\u706b\u94a2|Magma Storm|p2a: Swampert\n|-resisted|p2a: Swampert\n|-damage|p2a: Swampert|67\/100\n|-activate|p2a: Swampert|move: Magma Storm|[of] p1a: \u610f\u5927\u5229\u9762\u62cc42\u53f7\u706b\u94a2\n|move|p2a: Swampert|Earthquake|p1a: \u610f\u5927\u5229\u9762\u62cc42\u53f7\u706b\u94a2\n|-supereffective|p1a: \u610f\u5927\u5229\u9762\u62cc42\u53f7\u706b\u94a2\n|-damage|p1a: \u610f\u5927\u5229\u9762\u62cc42\u53f7\u706b\u94a2|0 fnt\n|faint|p1a: \u610f\u5927\u5229\u9762\u62cc42\u53f7\u706b\u94a2\n|\n|-weather|none\n|-heal|p2a: Swampert|73\/100|[from] item: Leftovers\n|-end|p2a: Swampert|Magma Storm|[partiallytrapped]|[silent]\n|upkeep\n|\n|t:|1666072326\n|switch|p1a: V\u4ed4|Victini|100\/100\n|turn|18\n|\n|t:|1666072330\n|move|p1a: V\u4ed4|Trick|p2a: Swampert\n|-activate|p1a: V\u4ed4|move: Trick|[of] p2a: Swampert\n|-item|p2a: Swampert|Choice Scarf|[from] move: Trick\n|-item|p1a: V\u4ed4|Leftovers|[from] move: Trick\n|move|p2a: Swampert|Earthquake|p1a: V\u4ed4\n|-supereffective|p1a: V\u4ed4\n|-damage|p1a: V\u4ed4|28\/100\n|\n|-heal|p1a: V\u4ed4|35\/100|[from] item: Leftovers\n|upkeep\n|turn|19\n|c|\u2606OUTD Wraks2|gg\n|\n|t:|1666072337\n|move|p1a: V\u4ed4|U-turn|p2a: Swampert\n|-damage|p2a: Swampert|53\/100\n|move|p2a: Swampert|Earthquake|p1a: V\u4ed4\n|-supereffective|p1a: V\u4ed4\n|-damage|p1a: V\u4ed4|0 fnt\n|faint|p1a: V\u4ed4\n|\n|win|OUTD Wraks2\n|raw|lingjolunojobana's rating: 1650 &rarr; <strong>1626<\/strong><br \/>(-24 for losing)\n|raw|OUTD Wraks2's rating: 1586 &rarr; <strong>1610<\/strong><br \/>(+24 for winning)\n","uploadtime":1666072350,"views":7,"p1id":"lingjolunojobana","p2id":"outdwraks2","formatid":"gen8ou","rating":1610,"private":0,"password":null}