{"id":"gen8ou-1695518395","p1":"SoarApollo","p2":"Colonel Rivai","format":"gen8ou","log":"|html|<div class=\"broadcast-blue\"><strong>[Gen 8] OU is currently suspecting Melmetal! For information on how to participate check out the <a href=\"https:\/\/www.smogon.com\/forums\/threads\/np-ss-ou-suspect-process-round-12-monster-mash.3709234\/\">suspect thread<\/a>.<\/strong><\/div>\n|j|\u2606SoarApollo\n|j|\u2606Colonel Rivai\n|t:|1666805704\n|gametype|singles\n|player|p1|SoarApollo|rollerskater|1665\n|player|p2|Colonel Rivai|266|1699\n|teamsize|p1|6\n|teamsize|p2|6\n|gen|8\n|tier|[Gen 8] OU\n|rated|\n|rule|Sleep Clause Mod: Limit one foe put to sleep\n|rule|Species Clause: Limit one of each Pok\u00e9mon\n|rule|OHKO Clause: OHKO moves are banned\n|rule|Evasion Items Clause: Evasion items are banned\n|rule|Evasion Moves Clause: Evasion moves are banned\n|rule|Endless Battle Clause: Forcing endless battles is banned\n|rule|HP Percentage Mod: HP is shown in percentages\n|rule|Dynamax Clause: You cannot dynamax\n|clearpoke\n|poke|p1|Raikou|\n|poke|p1|Zapdos|\n|poke|p1|Dragonite, M|\n|poke|p1|Urshifu-*, M|\n|poke|p1|Melmetal|\n|poke|p1|Swampert, F|\n|poke|p2|Hydreigon, F|\n|poke|p2|Kartana|\n|poke|p2|Blacephalon|\n|poke|p2|Landorus-Therian, M|\n|poke|p2|Melmetal|\n|poke|p2|Toxapex, F|\n|teampreview\n|inactive|Battle timer is ON: inactive players will automatically lose when time's up. (requested by Colonel Rivai)\n|\n|t:|1666805712\n|start\n|switch|p1a: Swampert|Swampert, F|100\/100\n|switch|p2a: Hydreigon|Hydreigon, F|100\/100\n|turn|1\n|\n|t:|1666805715\n|move|p2a: Hydreigon|Beat Up|p1a: Swampert\n|-damage|p1a: Swampert|92\/100\n|-damage|p1a: Swampert|78\/100\n|-damage|p1a: Swampert|68\/100\n|-damage|p1a: Swampert|57\/100\n|-damage|p1a: Swampert|44\/100\n|-damage|p1a: Swampert|38\/100\n|-hitcount|p1a: Swampert|6\n|move|p1a: Swampert|Toxic|p2a: Hydreigon\n|-status|p2a: Hydreigon|tox\n|\n|-heal|p1a: Swampert|44\/100|[from] item: Leftovers\n|-damage|p2a: Hydreigon|94\/100 tox|[from] psn\n|upkeep\n|turn|2\n|j| El Pogo Loco\n|\n|t:|1666805719\n|switch|p1a: Urshifu|Urshifu-Rapid-Strike, M|100\/100\n|move|p2a: Hydreigon|Beat Up|p1a: Urshifu\n|-resisted|p1a: Urshifu\n|-damage|p1a: Urshifu|94\/100\n|-resisted|p1a: Urshifu\n|-damage|p1a: Urshifu|86\/100\n|-resisted|p1a: Urshifu\n|-damage|p1a: Urshifu|80\/100\n|-resisted|p1a: Urshifu\n|-damage|p1a: Urshifu|73\/100\n|-resisted|p1a: Urshifu\n|-damage|p1a: Urshifu|66\/100\n|-resisted|p1a: Urshifu\n|-damage|p1a: Urshifu|62\/100\n|-hitcount|p1a: Urshifu|6\n|\n|-damage|p2a: Hydreigon|82\/100 tox|[from] psn\n|upkeep\n|turn|3\n|\n|t:|1666805723\n|switch|p2a: Toxapex|Toxapex, F|100\/100\n|move|p1a: Urshifu|U-turn|p2a: Toxapex\n|-resisted|p2a: Toxapex\n|-damage|p2a: Toxapex|93\/100\n|\n|t:|1666805726\n|switch|p1a: Zapdos|Zapdos|100\/100|[from]move: U-turn\n|\n|upkeep\n|turn|4\n|\n|t:|1666805728\n|move|p1a: Zapdos|Volt Switch|p2a: Toxapex\n|-supereffective|p2a: Toxapex\n|-damage|p2a: Toxapex|31\/100\n|\n|t:|1666805730\n|switch|p1a: Swampert|Swampert, F|44\/100|[from]move: Volt Switch\n|move|p2a: Toxapex|Toxic|p1a: Swampert\n|-status|p1a: Swampert|tox\n|\n|-heal|p1a: Swampert|50\/100 tox|[from] item: Leftovers\n|-damage|p1a: Swampert|44\/100 tox|[from] psn\n|upkeep\n|turn|5\n|\n|t:|1666805733\n|move|p1a: Swampert|Stealth Rock|p2a: Toxapex\n|-sidestart|p2: Colonel Rivai|move: Stealth Rock\n|move|p2a: Toxapex|Recover|p2a: Toxapex\n|-heal|p2a: Toxapex|81\/100\n|\n|-heal|p1a: Swampert|50\/100 tox|[from] item: Leftovers\n|-damage|p1a: Swampert|38\/100 tox|[from] psn\n|upkeep\n|turn|6\n|\n|t:|1666805736\n|switch|p2a: Landorus|Landorus-Therian, M|100\/100\n|-damage|p2a: Landorus|88\/100|[from] Stealth Rock\n|-ability|p2a: Landorus|Intimidate|boost\n|-unboost|p1a: Swampert|atk|1\n|move|p1a: Swampert|Flip Turn|p2a: Landorus\n|-supereffective|p2a: Landorus\n|-damage|p2a: Landorus|58\/100\n|\n|t:|1666805739\n|switch|p1a: Urshifu|Urshifu-Rapid-Strike, M|62\/100|[from]move: Flip Turn\n|\n|-heal|p2a: Landorus|64\/100|[from] item: Leftovers\n|upkeep\n|turn|7\n|\n|t:|1666805741\n|switch|p2a: Toxapex|Toxapex, F|100\/100\n|-damage|p2a: Toxapex|88\/100|[from] Stealth Rock\n|move|p1a: Urshifu|U-turn|p2a: Toxapex\n|-resisted|p2a: Toxapex\n|-damage|p2a: Toxapex|81\/100\n|\n|t:|1666805744\n|switch|p1a: Raikou|Raikou|100\/100|[from]move: U-turn\n|\n|upkeep\n|turn|8\n|\n|t:|1666805748\n|switch|p2a: Hydreigon|Hydreigon, F|82\/100 tox\n|-damage|p2a: Hydreigon|70\/100 tox|[from] Stealth Rock\n|move|p1a: Raikou|Scald|p2a: Hydreigon\n|-resisted|p2a: Hydreigon\n|-damage|p2a: Hydreigon|48\/100 tox\n|\n|-damage|p2a: Hydreigon|41\/100 tox|[from] psn\n|upkeep\n|turn|9\n|\n|t:|1666805751\n|switch|p1a: Swampert|Swampert, F|38\/100 tox\n|move|p2a: Hydreigon|Beat Up|p1a: Swampert\n|-damage|p1a: Swampert|28\/100 tox\n|-damage|p1a: Swampert|15\/100 tox\n|-damage|p1a: Swampert|4\/100 tox\n|-damage|p1a: Swampert|0 fnt\n|faint|p1a: Swampert\n|-hitcount|p1: Swampert|4\n|\n|-damage|p2a: Hydreigon|29\/100 tox|[from] psn\n|upkeep\n|\n|t:|1666805754\n|switch|p1a: Urshifu|Urshifu-Rapid-Strike, M|62\/100\n|turn|10\n|\n|t:|1666805757\n|switch|p2a: Toxapex|Toxapex, F|100\/100\n|-damage|p2a: Toxapex|88\/100|[from] Stealth Rock\n|move|p1a: Urshifu|U-turn|p2a: Toxapex\n|-resisted|p2a: Toxapex\n|-damage|p2a: Toxapex|80\/100\n|\n|t:|1666805761\n|switch|p1a: Raikou|Raikou|100\/100|[from]move: U-turn\n|\n|upkeep\n|turn|11\n|\n|t:|1666805764\n|move|p1a: Raikou|Scald|p2a: Toxapex\n|-resisted|p2a: Toxapex\n|-damage|p2a: Toxapex|65\/100\n|move|p2a: Toxapex|Toxic|p1a: Raikou\n|-status|p1a: Raikou|tox\n|\n|-damage|p1a: Raikou|94\/100 tox|[from] psn\n|upkeep\n|turn|12\n|\n|t:|1666805767\n|switch|p1a: Dragonite|Dragonite, M|100\/100\n|move|p2a: Toxapex|Recover|p2a: Toxapex\n|-heal|p2a: Toxapex|100\/100\n|\n|upkeep\n|turn|13\n|\n|t:|1666805771\n|switch|p1a: Raikou|Raikou|94\/100 tox\n|move|p2a: Toxapex|Toxic|p1a: Raikou\n|-fail|p1a: Raikou|tox\n|\n|-damage|p1a: Raikou|88\/100 tox|[from] psn\n|upkeep\n|turn|14\n|\n|t:|1666805775\n|switch|p2a: Landorus|Landorus-Therian, M|64\/100\n|-damage|p2a: Landorus|51\/100|[from] Stealth Rock\n|-ability|p2a: Landorus|Intimidate|boost\n|-fail|p1a: Raikou|unboost|Attack|[from] ability: Inner Focus|[of] p1a: Raikou\n|move|p1a: Raikou|Scald|p2a: Landorus\n|-supereffective|p2a: Landorus\n|-damage|p2a: Landorus|0 fnt\n|faint|p2a: Landorus\n|\n|-damage|p1a: Raikou|76\/100 tox|[from] psn\n|upkeep\n|\n|t:|1666805778\n|switch|p2a: Kartana|Kartana|100\/100\n|-damage|p2a: Kartana|94\/100|[from] Stealth Rock\n|turn|15\n|\n|t:|1666805782\n|switch|p1a: Zapdos|Zapdos|100\/100\n|move|p2a: Kartana|Knock Off|p1a: Zapdos\n|-damage|p1a: Zapdos|24\/100\n|-status|p2a: Kartana|par|[from] ability: Static|[of] p1a: Zapdos\n|-enditem|p1a: Zapdos|Heavy-Duty Boots|[from] move: Knock Off|[of] p2a: Kartana\n|\n|upkeep\n|turn|16\n|\n|t:|1666805787\n|move|p1a: Zapdos|Volt Switch|p2a: Kartana\n|-resisted|p2a: Kartana\n|-damage|p2a: Kartana|31\/100 par\n|\n|t:|1666805788\n|switch|p1a: Urshifu|Urshifu-Rapid-Strike, M|62\/100|[from]move: Volt Switch\n|move|p2a: Kartana|Knock Off|p1a: Urshifu\n|-resisted|p1a: Urshifu\n|-damage|p1a: Urshifu|30\/100\n|-enditem|p1a: Urshifu|Protective Pads|[from] move: Knock Off|[of] p2a: Kartana\n|\n|upkeep\n|turn|17\n|\n|t:|1666805794\n|switch|p2a: Toxapex|Toxapex, F|100\/100\n|-damage|p2a: Toxapex|88\/100|[from] Stealth Rock\n|move|p1a: Urshifu|U-turn|p2a: Toxapex\n|-resisted|p2a: Toxapex\n|-damage|p2a: Toxapex|80\/100\n|-damage|p1a: Urshifu|14\/100|[from] item: Rocky Helmet|[of] p2a: Toxapex\n|\n|t:|1666805796\n|switch|p1a: Raikou|Raikou|76\/100 tox|[from]move: U-turn\n|\n|-damage|p1a: Raikou|69\/100 tox|[from] psn\n|upkeep\n|turn|18\n|\n|t:|1666805806\n|switch|p2a: Kartana|Kartana|31\/100 par\n|-damage|p2a: Kartana|25\/100 par|[from] Stealth Rock\n|move|p1a: Raikou|Thunderbolt|p2a: Kartana\n|-resisted|p2a: Kartana\n|-damage|p2a: Kartana|0 fnt\n|faint|p2a: Kartana\n|\n|-damage|p1a: Raikou|57\/100 tox|[from] psn\n|upkeep\n|\n|t:|1666805810\n|switch|p2a: Blacephalon|Blacephalon|100\/100\n|-damage|p2a: Blacephalon|76\/100|[from] Stealth Rock\n|turn|19\n|\n|t:|1666805813\n|switch|p1a: Urshifu|Urshifu-Rapid-Strike, M|14\/100\n|move|p2a: Blacephalon|Shadow Ball|p1a: Urshifu\n|-damage|p1a: Urshifu|0 fnt\n|faint|p1a: Urshifu\n|-ability|p2a: Blacephalon|Beast Boost|boost\n|-boost|p2a: Blacephalon|spa|1\n|\n|upkeep\n|\n|t:|1666805815\n|switch|p1a: Dragonite|Dragonite, M|100\/100\n|turn|20\n|\n|t:|1666805819\n|switch|p2a: Toxapex|Toxapex, F|100\/100\n|-damage|p2a: Toxapex|88\/100|[from] Stealth Rock\n|move|p1a: Dragonite|Earthquake|p2a: Toxapex\n|-supereffective|p2a: Toxapex\n|-damage|p2a: Toxapex|46\/100\n|\n|upkeep\n|turn|21\n|\n|t:|1666805822\n|switch|p1a: Zapdos|Zapdos|24\/100\n|move|p2a: Toxapex|Recover|p2a: Toxapex\n|-heal|p2a: Toxapex|96\/100\n|\n|upkeep\n|turn|22\n|\n|t:|1666805825\n|move|p1a: Zapdos|Roost|p1a: Zapdos\n|-heal|p1a: Zapdos|75\/100\n|-singleturn|p1a: Zapdos|move: Roost\n|move|p2a: Toxapex|Toxic|p1a: Zapdos\n|-status|p1a: Zapdos|tox\n|\n|-damage|p1a: Zapdos|68\/100 tox|[from] psn\n|upkeep\n|turn|23\n|\n|t:|1666805830\n|switch|p2a: Hydreigon|Hydreigon, F|29\/100 tox\n|-damage|p2a: Hydreigon|17\/100 tox|[from] Stealth Rock\n|move|p1a: Zapdos|Hurricane|p2a: Hydreigon\n|-damage|p2a: Hydreigon|0 fnt\n|faint|p2a: Hydreigon\n|\n|-damage|p1a: Zapdos|56\/100 tox|[from] psn\n|upkeep\n|\n|t:|1666805832\n|switch|p2a: Blacephalon|Blacephalon|76\/100\n|-damage|p2a: Blacephalon|51\/100|[from] Stealth Rock\n|turn|24\n|\n|t:|1666805835\n|move|p2a: Blacephalon|Shadow Ball|p1a: Zapdos\n|-damage|p1a: Zapdos|0 fnt\n|faint|p1a: Zapdos\n|-ability|p2a: Blacephalon|Beast Boost|boost\n|-boost|p2a: Blacephalon|spa|1\n|\n|upkeep\n|\n|t:|1666805837\n|switch|p1a: Dragonite|Dragonite, M|100\/100\n|turn|25\n|\n|t:|1666805842\n|switch|p2a: Toxapex|Toxapex, F|100\/100\n|-damage|p2a: Toxapex|88\/100|[from] Stealth Rock\n|move|p1a: Dragonite|Earthquake|p2a: Toxapex\n|-supereffective|p2a: Toxapex\n|-damage|p2a: Toxapex|51\/100\n|\n|upkeep\n|turn|26\n|\n|t:|1666805845\n|switch|p1a: Raikou|Raikou|57\/100 tox\n|move|p2a: Toxapex|Recover|p2a: Toxapex\n|-heal|p2a: Toxapex|100\/100\n|\n|-damage|p1a: Raikou|51\/100 tox|[from] psn\n|upkeep\n|turn|27\n|\n|t:|1666805849\n|switch|p2a: Melmetal|Melmetal|100\/100\n|-damage|p2a: Melmetal|94\/100|[from] Stealth Rock\n|move|p1a: Raikou|Thunderbolt|p2a: Melmetal\n|-damage|p2a: Melmetal|55\/100\n|\n|-damage|p1a: Raikou|38\/100 tox|[from] psn\n|upkeep\n|turn|28\n|j| sack2005\n|\n|t:|1666805857\n|switch|p1a: Melmetal|Melmetal|100\/100\n|move|p2a: Melmetal|Superpower|p1a: Melmetal\n|-supereffective|p1a: Melmetal\n|-damage|p1a: Melmetal|38\/100\n|-unboost|p2a: Melmetal|atk|1\n|-unboost|p2a: Melmetal|def|1\n|\n|-heal|p1a: Melmetal|44\/100|[from] item: Leftovers\n|upkeep\n|turn|29\n|\n|t:|1666805859\n|switch|p2a: Toxapex|Toxapex, F|100\/100\n|-damage|p2a: Toxapex|88\/100|[from] Stealth Rock\n|move|p1a: Melmetal|Earthquake|p2a: Toxapex\n|-supereffective|p2a: Toxapex\n|-damage|p2a: Toxapex|35\/100\n|\n|-heal|p1a: Melmetal|50\/100|[from] item: Leftovers\n|upkeep\n|turn|30\n|\n|t:|1666805863\n|move|p1a: Melmetal|Earthquake|p2a: Toxapex\n|-supereffective|p2a: Toxapex\n|-damage|p2a: Toxapex|0 fnt\n|faint|p2a: Toxapex\n|\n|-heal|p1a: Melmetal|56\/100|[from] item: Leftovers\n|upkeep\n|\n|t:|1666805864\n|switch|p2a: Blacephalon|Blacephalon|51\/100\n|-damage|p2a: Blacephalon|26\/100|[from] Stealth Rock\n|turn|31\n|\n|t:|1666805866\n|move|p1a: Melmetal|Protect|p1a: Melmetal\n|-singleturn|p1a: Melmetal|Protect\n|move|p2a: Blacephalon|Shadow Ball|p1a: Melmetal\n|-activate|p1a: Melmetal|move: Protect\n|\n|-heal|p1a: Melmetal|62\/100|[from] item: Leftovers\n|upkeep\n|turn|32\n|\n|t:|1666805868\n|move|p2a: Blacephalon|Shadow Ball|p1a: Melmetal\n|-damage|p1a: Melmetal|24\/100\n|move|p1a: Melmetal|Earthquake|p2a: Blacephalon\n|-supereffective|p2a: Blacephalon\n|-damage|p2a: Blacephalon|0 fnt\n|faint|p2a: Blacephalon\n|\n|-heal|p1a: Melmetal|30\/100|[from] item: Leftovers\n|upkeep\n|l|\u2606Colonel Rivai\n|inactive|Colonel Rivai disconnected and has a minute to reconnect!\n|player|p2|\n|inactive|Colonel Rivai has 30 seconds to reconnect!\n|inactive|Colonel Rivai has 20 seconds to reconnect!\n|inactive|Colonel Rivai has 15 seconds to reconnect!\n|inactive|Colonel Rivai has 10 seconds to reconnect!\n|inactive|Colonel Rivai has 5 seconds to reconnect!\n|-message|Colonel Rivai lost due to inactivity.\n|\n|win|SoarApollo\n|raw|SoarApollo's rating: 1665 &rarr; <strong>1687<\/strong><br \/>(+22 for winning)\n|raw|Colonel Rivai's rating: 1699 &rarr; <strong>1677<\/strong><br \/>(-22 for losing)\n","uploadtime":1666805938,"views":22,"p1id":"soarapollo","p2id":"colonelrivai","formatid":"gen8ou","rating":1677,"private":0,"password":null}