{"id":"gen8ou-1695062103","p1":"coral \u2665 fan","p2":"Steez Ibanez","format":"gen8ou","log":"|html|<div class=\"broadcast-blue\"><strong>[Gen 8] OU is currently suspecting Melmetal! For information on how to participate check out the <a href=\"https:\/\/www.smogon.com\/forums\/threads\/np-ss-ou-suspect-process-round-12-monster-mash.3709234\/\">suspect thread<\/a>.<\/strong><\/div>\n|j|\u2606coral \u2665 fan\n|j|\u2606Steez Ibanez\n|inactive|Battle timer is ON: inactive players will automatically lose when time's up.\n|t:|1666759588\n|gametype|singles\n|player|p1|coral \u2665 fan|elaine|\n|player|p2|Steez Ibanez|acetrainer-gen7|\n|teamsize|p1|6\n|teamsize|p2|6\n|gen|8\n|tier|[Gen 8] OU\n|rated|Tournament battle\n|rule|Sleep Clause Mod: Limit one foe put to sleep\n|rule|Species Clause: Limit one of each Pok\u00e9mon\n|rule|OHKO Clause: OHKO moves are banned\n|rule|Evasion Items Clause: Evasion items are banned\n|rule|Evasion Moves Clause: Evasion moves are banned\n|rule|Endless Battle Clause: Forcing endless battles is banned\n|rule|HP Percentage Mod: HP is shown in percentages\n|rule|Dynamax Clause: You cannot dynamax\n|clearpoke\n|poke|p1|Ninetales-Alola, M|\n|poke|p1|Arctozolt|\n|poke|p1|Arctovish|\n|poke|p1|Magnezone|\n|poke|p1|Swampert, M|\n|poke|p1|Corviknight, F|\n|poke|p2|Garchomp, M|\n|poke|p2|Volcarona, M|\n|poke|p2|Landorus-Therian, M|\n|poke|p2|Ferrothorn, M|\n|poke|p2|Tyranitar, M|\n|poke|p2|Alakazam, M|\n|teampreview\n|c|\u2606Steez Ibanez|Hf\n|j| cteaming!\n|c|\u2606coral \u2665 fan|u2\n|j|%moondazing\n|j| X-Wing Fighter\n|j| Selenaur\n|j| FaceblueO\n|j| cypherstest\n|c|\u2606Steez Ibanez|No you\n|inactive|Steez Ibanez has 120 seconds left.\n|c|\u2606Steez Ibanez|Hi xwing\n|\n|t:|1666759628\n|start\n|switch|p1a: Jezaille Brett|Ninetales-Alola, M, shiny|100\/100\n|switch|p2a: Simba|Landorus-Therian, M|100\/100\n|-ability|p2a: Simba|Intimidate|boost\n|-unboost|p1a: Jezaille Brett|atk|1\n|-weather|Hail|[from] ability: Snow Warning|[of] p1a: Jezaille Brett\n|turn|1\n|j| joey milktank\n|\n|t:|1666759638\n|switch|p1a: Simon Blackquill|Corviknight, F|100\/100\n|-ability|p1a: Simon Blackquill|Pressure\n|move|p2a: Simba|Stone Edge|p1a: Simon Blackquill\n|-crit|p1a: Simon Blackquill\n|-damage|p1a: Simon Blackquill|67\/100\n|\n|-weather|Hail|[upkeep]\n|-damage|p2a: Simba|95\/100|[from] Hail\n|-damage|p1a: Simon Blackquill|61\/100|[from] Hail\n|upkeep\n|turn|2\n|\n|t:|1666759645\n|switch|p2a: Samehada|Garchomp, M|100\/100\n|move|p1a: Simon Blackquill|U-turn|p2a: Samehada\n|-damage|p2a: Samehada|87\/100\n|-damage|p1a: Simon Blackquill|49\/100|[from] ability: Rough Skin|[of] p2a: Samehada\n|j| ghostfreakkkk\n|\n|t:|1666759650\n|switch|p1a: Luke Atmey|Arctozolt|100\/100|[from]move: U-turn\n|\n|-weather|Hail|[upkeep]\n|-damage|p2a: Samehada|81\/100|[from] Hail\n|-heal|p2a: Samehada|87\/100|[from] item: Leftovers\n|upkeep\n|turn|3\n|\n|t:|1666759658\n|switch|p2a: Abomination|Ferrothorn, M|100\/100\n|move|p1a: Luke Atmey|Bolt Beak|p2a: Abomination\n|-resisted|p2a: Abomination\n|-damage|p2a: Abomination|84\/100\n|-damage|p1a: Luke Atmey|88\/100|[from] ability: Iron Barbs|[of] p2a: Abomination\n|-damage|p1a: Luke Atmey|72\/100|[from] item: Rocky Helmet|[of] p2a: Abomination\n|\n|-weather|Hail|[upkeep]\n|-damage|p2a: Abomination|78\/100|[from] Hail\n|upkeep\n|turn|4\n|\n|t:|1666759661\n|switch|p1a: Enoch Drebber|Magnezone|100\/100\n|switch|p2a: Reptar|Tyranitar, M|100\/100\n|-weather|Sandstorm|[from] ability: Sand Stream|[of] p2a: Reptar\n|\n|-weather|Sandstorm|[upkeep]\n|upkeep\n|turn|5\n|\n|t:|1666759666\n|switch|p1a: Simon Blackquill|Corviknight, F|49\/100\n|-ability|p1a: Simon Blackquill|Pressure\n|switch|p2a: Samehada|Garchomp, M|87\/100\n|\n|-weather|Sandstorm|[upkeep]\n|-heal|p2a: Samehada|93\/100|[from] item: Leftovers\n|upkeep\n|turn|6\n|\n|t:|1666759669\n|move|p2a: Samehada|Swords Dance|p2a: Samehada\n|-boost|p2a: Samehada|atk|2\n|move|p1a: Simon Blackquill|Roost|p1a: Simon Blackquill\n|-heal|p1a: Simon Blackquill|99\/100\n|-singleturn|p1a: Simon Blackquill|move: Roost\n|\n|-weather|Sandstorm|[upkeep]\n|-heal|p2a: Samehada|99\/100|[from] item: Leftovers\n|upkeep\n|turn|7\n|\n|t:|1666759673\n|switch|p1a: Jezaille Brett|Ninetales-Alola, M, shiny|100\/100\n|-weather|Hail|[from] ability: Snow Warning|[of] p1a: Jezaille Brett\n|move|p2a: Samehada|Fire Fang|p1a: Jezaille Brett\n|-supereffective|p1a: Jezaille Brett\n|-damage|p1a: Jezaille Brett|0 fnt\n|faint|p1a: Jezaille Brett\n|\n|-weather|Hail|[upkeep]\n|-damage|p2a: Samehada|93\/100|[from] Hail\n|-heal|p2a: Samehada|99\/100|[from] item: Leftovers\n|upkeep\n|\n|t:|1666759678\n|switch|p1a: Manfred Von Karma|Arctovish|100\/100\n|turn|8\n|c| Selenaur|Ohhh\n|\n|t:|1666759684\n|switch|p2a: Abomination|Ferrothorn, M|78\/100\n|move|p1a: Manfred Von Karma|Blizzard|p2a: Abomination\n|-damage|p2a: Abomination|38\/100\n|-damage|p1a: Manfred Von Karma|91\/100|[from] item: Life Orb\n|\n|-weather|Hail|[upkeep]\n|-damage|p2a: Abomination|32\/100|[from] Hail\n|upkeep\n|turn|9\n|\n|t:|1666759690\n|switch|p2a: Reptar|Tyranitar, M|100\/100\n|-weather|Sandstorm|[from] ability: Sand Stream|[of] p2a: Reptar\n|move|p1a: Manfred Von Karma|Blizzard|p2a: Reptar|[miss]\n|-miss|p1a: Manfred Von Karma|p2a: Reptar\n|\n|-weather|Sandstorm|[upkeep]\n|-damage|p1a: Manfred Von Karma|85\/100|[from] Sandstorm\n|upkeep\n|turn|10\n|\n|t:|1666759697\n|switch|p1a: Simon Blackquill|Corviknight, F|99\/100\n|-ability|p1a: Simon Blackquill|Pressure\n|switch|p2a: Abomination|Ferrothorn, M|32\/100\n|\n|-weather|Sandstorm|[upkeep]\n|upkeep\n|turn|11\n|\n|t:|1666759701\n|move|p1a: Simon Blackquill|U-turn|p2a: Abomination\n|-damage|p2a: Abomination|24\/100\n|-damage|p1a: Simon Blackquill|87\/100|[from] ability: Iron Barbs|[of] p2a: Abomination\n|-damage|p1a: Simon Blackquill|70\/100|[from] item: Rocky Helmet|[of] p2a: Abomination\n|j| chimpusblast\n|\n|t:|1666759702\n|switch|p1a: Enoch Drebber|Magnezone|100\/100|[from]move: U-turn\n|move|p2a: Abomination|Leech Seed|p1a: Enoch Drebber\n|-start|p1a: Enoch Drebber|move: Leech Seed\n|\n|-weather|Sandstorm|[upkeep]\n|-damage|p1a: Enoch Drebber|88\/100|[from] Leech Seed|[of] p2a: Abomination\n|-heal|p2a: Abomination|35\/100|[silent]\n|upkeep\n|turn|12\n|\n|t:|1666759705\n|move|p1a: Enoch Drebber|Iron Defense|p1a: Enoch Drebber\n|-boost|p1a: Enoch Drebber|def|2\n|move|p2a: Abomination|Spikes|p1a: Enoch Drebber\n|-sidestart|p1: coral \u2665 fan|Spikes\n|\n|-weather|Sandstorm|[upkeep]\n|-damage|p1a: Enoch Drebber|76\/100|[from] Leech Seed|[of] p2a: Abomination\n|-heal|p2a: Abomination|46\/100|[silent]\n|upkeep\n|turn|13\n|\n|t:|1666759707\n|move|p1a: Enoch Drebber|Body Press|p2a: Abomination\n|-supereffective|p2a: Abomination\n|-damage|p2a: Abomination|0 fnt\n|-damage|p1a: Enoch Drebber|64\/100|[from] ability: Iron Barbs|[of] p2a: Abomination\n|-damage|p1a: Enoch Drebber|47\/100|[from] item: Rocky Helmet|[of] p2a: Abomination\n|faint|p2a: Abomination\n|\n|-weather|none\n|upkeep\n|j| feebler\n|\n|t:|1666759709\n|switch|p2a: Susano'o|Volcarona, M|100\/100\n|turn|14\n|l| feebler\n|\n|t:|1666759721\n|switch|p1a: Sebastian Debeste|Swampert, M|100\/100\n|-damage|p1a: Sebastian Debeste|88\/100|[from] Spikes\n|move|p2a: Susano'o|Quiver Dance|p2a: Susano'o\n|-boost|p2a: Susano'o|spa|1\n|-boost|p2a: Susano'o|spd|1\n|-boost|p2a: Susano'o|spe|1\n|\n|upkeep\n|turn|15\n|j| scarier-suwa\n|\n|t:|1666759725\n|move|p2a: Susano'o|Safeguard|p2a: Susano'o\n|-sidestart|p2: Steez Ibanez|Safeguard\n|move|p1a: Sebastian Debeste|Earthquake|p2a: Susano'o\n|-damage|p2a: Susano'o|67\/100\n|\n|upkeep\n|turn|16\n|c| X-Wing Fighter|yo hows it going steez\n|\n|t:|1666759729\n|move|p2a: Susano'o|Quiver Dance|p2a: Susano'o\n|-boost|p2a: Susano'o|spa|1\n|-boost|p2a: Susano'o|spd|1\n|-boost|p2a: Susano'o|spe|1\n|move|p1a: Sebastian Debeste|Earthquake|p2a: Susano'o\n|-damage|p2a: Susano'o|32\/100\n|\n|upkeep\n|turn|17\n|c| scarier-suwa|safeguard volc\n|c| scarier-suwa|HEATTTT\n|c|\u2606Steez Ibanez|Chillin\n|\n|t:|1666759742\n|move|p2a: Susano'o|Roost|p2a: Susano'o\n|-heal|p2a: Susano'o|83\/100\n|-singleturn|p2a: Susano'o|move: Roost\n|move|p1a: Sebastian Debeste|Earthquake|p2a: Susano'o\n|-damage|p2a: Susano'o|48\/100\n|\n|upkeep\n|turn|18\n|\n|t:|1666759745\n|move|p2a: Susano'o|Roost|p2a: Susano'o\n|-heal|p2a: Susano'o|99\/100\n|-singleturn|p2a: Susano'o|move: Roost\n|move|p1a: Sebastian Debeste|Earthquake|p2a: Susano'o\n|-damage|p2a: Susano'o|62\/100\n|\n|upkeep\n|turn|19\n|\n|t:|1666759751\n|move|p2a: Susano'o|Roost|p2a: Susano'o\n|-heal|p2a: Susano'o|100\/100\n|-singleturn|p2a: Susano'o|move: Roost\n|move|p1a: Sebastian Debeste|Earthquake|p2a: Susano'o\n|-damage|p2a: Susano'o|67\/100\n|\n|-sideend|p2: Steez Ibanez|Safeguard\n|upkeep\n|turn|20\n|\n|t:|1666759753\n|move|p2a: Susano'o|Safeguard|p2a: Susano'o\n|-sidestart|p2: Steez Ibanez|Safeguard\n|move|p1a: Sebastian Debeste|Earthquake|p2a: Susano'o\n|-damage|p2a: Susano'o|31\/100\n|\n|upkeep\n|turn|21\n|\n|t:|1666759755\n|move|p2a: Susano'o|Roost|p2a: Susano'o\n|-heal|p2a: Susano'o|81\/100\n|-singleturn|p2a: Susano'o|move: Roost\n|move|p1a: Sebastian Debeste|Earthquake|p2a: Susano'o\n|-damage|p2a: Susano'o|49\/100\n|\n|upkeep\n|turn|22\n|\n|t:|1666759757\n|move|p2a: Susano'o|Roost|p2a: Susano'o\n|-heal|p2a: Susano'o|99\/100\n|-singleturn|p2a: Susano'o|move: Roost\n|move|p1a: Sebastian Debeste|Earthquake|p2a: Susano'o\n|-damage|p2a: Susano'o|62\/100\n|\n|upkeep\n|turn|23\n|c| scarier-suwa|crit is 1\/24 in this gen right\n|\n|t:|1666759760\n|move|p2a: Susano'o|Quiver Dance|p2a: Susano'o\n|-boost|p2a: Susano'o|spa|1\n|-boost|p2a: Susano'o|spd|1\n|-boost|p2a: Susano'o|spe|1\n|move|p1a: Sebastian Debeste|Earthquake|p2a: Susano'o\n|-damage|p2a: Susano'o|26\/100\n|\n|upkeep\n|turn|24\n|c|\u2606coral \u2665 fan|yea\n|\n|t:|1666759764\n|move|p2a: Susano'o|Roost|p2a: Susano'o\n|-heal|p2a: Susano'o|76\/100\n|-singleturn|p2a: Susano'o|move: Roost\n|move|p1a: Sebastian Debeste|Earthquake|p2a: Susano'o\n|-damage|p2a: Susano'o|45\/100\n|\n|-sideend|p2: Steez Ibanez|Safeguard\n|upkeep\n|turn|25\n|\n|t:|1666759767\n|move|p2a: Susano'o|Safeguard|p2a: Susano'o\n|-sidestart|p2: Steez Ibanez|Safeguard\n|move|p1a: Sebastian Debeste|Earthquake|p2a: Susano'o\n|-damage|p2a: Susano'o|12\/100\n|\n|upkeep\n|turn|26\n|c| X-Wing Fighter|same here\n|c|\u2606coral \u2665 fan|steez wins this\n|c|\u2606coral \u2665 fan|unless i get one\n|\n|t:|1666759779\n|move|p2a: Susano'o|Roost|p2a: Susano'o\n|-heal|p2a: Susano'o|62\/100\n|-singleturn|p2a: Susano'o|move: Roost\n|move|p1a: Sebastian Debeste|Earthquake|p2a: Susano'o\n|-damage|p2a: Susano'o|30\/100\n|\n|upkeep\n|turn|27\n|\n|t:|1666759781\n|move|p2a: Susano'o|Roost|p2a: Susano'o\n|-heal|p2a: Susano'o|80\/100\n|-singleturn|p2a: Susano'o|move: Roost\n|move|p1a: Sebastian Debeste|Earthquake|p2a: Susano'o\n|-damage|p2a: Susano'o|43\/100\n|\n|upkeep\n|turn|28\n|\n|t:|1666759783\n|move|p2a: Susano'o|Roost|p2a: Susano'o\n|-heal|p2a: Susano'o|93\/100\n|-singleturn|p2a: Susano'o|move: Roost\n|move|p1a: Sebastian Debeste|Earthquake|p2a: Susano'o\n|-damage|p2a: Susano'o|58\/100\n|\n|upkeep\n|turn|29\n|\n|t:|1666759789\n|move|p2a: Susano'o|Roost|p2a: Susano'o\n|-heal|p2a: Susano'o|100\/100\n|-singleturn|p2a: Susano'o|move: Roost\n|move|p1a: Sebastian Debeste|Earthquake|p2a: Susano'o\n|-damage|p2a: Susano'o|65\/100\n|\n|-sideend|p2: Steez Ibanez|Safeguard\n|upkeep\n|turn|30\n|\n|t:|1666759791\n|move|p2a: Susano'o|Safeguard|p2a: Susano'o\n|-sidestart|p2: Steez Ibanez|Safeguard\n|move|p1a: Sebastian Debeste|Seismic Toss|p2a: Susano'o\n|-damage|p2a: Susano'o|38\/100\n|-status|p1a: Sebastian Debeste|brn|[from] ability: Flame Body|[of] p2a: Susano'o\n|\n|-damage|p1a: Sebastian Debeste|82\/100 brn|[from] brn\n|upkeep\n|turn|31\n|\n|t:|1666759794\n|move|p2a: Susano'o|Roost|p2a: Susano'o\n|-heal|p2a: Susano'o|88\/100\n|-singleturn|p2a: Susano'o|move: Roost\n|move|p1a: Sebastian Debeste|Seismic Toss|p2a: Susano'o\n|-damage|p2a: Susano'o|61\/100\n|\n|-damage|p1a: Sebastian Debeste|76\/100 brn|[from] brn\n|upkeep\n|turn|32\n|\n|t:|1666759799\n|switch|p1a: Manfred Von Karma|Arctovish|85\/100\n|-damage|p1a: Manfred Von Karma|73\/100|[from] Spikes\n|move|p2a: Susano'o|Quiver Dance|p2a: Susano'o\n|-boost|p2a: Susano'o|spa|1\n|-boost|p2a: Susano'o|spd|1\n|-boost|p2a: Susano'o|spe|1\n|\n|upkeep\n|turn|33\n|\n|t:|1666759803\n|move|p2a: Susano'o|Flamethrower|p1a: Manfred Von Karma\n|-damage|p1a: Manfred Von Karma|0 fnt\n|faint|p1a: Manfred Von Karma\n|\n|upkeep\n|\n|t:|1666759811\n|switch|p1a: Enoch Drebber|Magnezone|47\/100\n|-damage|p1a: Enoch Drebber|35\/100|[from] Spikes\n|turn|34\n|\n|t:|1666759815\n|move|p2a: Susano'o|Flamethrower|p1a: Enoch Drebber\n|-supereffective|p1a: Enoch Drebber\n|-damage|p1a: Enoch Drebber|0 fnt\n|faint|p1a: Enoch Drebber\n|\n|-sideend|p2: Steez Ibanez|Safeguard\n|upkeep\n|j| i hate 2x crits\n|\n|t:|1666759817\n|switch|p1a: Sebastian Debeste|Swampert, M|76\/100 brn\n|-damage|p1a: Sebastian Debeste|63\/100 brn|[from] Spikes\n|turn|35\n|\n|t:|1666759819\n|move|p2a: Susano'o|Safeguard|p2a: Susano'o\n|-sidestart|p2: Steez Ibanez|Safeguard\n|move|p1a: Sebastian Debeste|Mirror Coat||[still]\n|-fail|p1a: Sebastian Debeste\n|\n|-damage|p1a: Sebastian Debeste|57\/100 brn|[from] brn\n|upkeep\n|turn|36\n|\n|t:|1666759822\n|move|p2a: Susano'o|Quiver Dance|p2a: Susano'o\n|-boost|p2a: Susano'o|spa|1\n|-boost|p2a: Susano'o|spd|1\n|-boost|p2a: Susano'o|spe|1\n|move|p1a: Sebastian Debeste|Mirror Coat||[still]\n|-fail|p1a: Sebastian Debeste\n|\n|-damage|p1a: Sebastian Debeste|51\/100 brn|[from] brn\n|upkeep\n|turn|37\n|c|\u2606coral \u2665 fan|gg\n|c|\u2606Steez Ibanez|gg\n|-message|coral \u2665 fan forfeited.\n|\n|win|Steez Ibanez\n|n|\u2606coral \u2665 fan|coralfan\n|n|\u2606Steez Ibanez|steezibanez\n|n| cteaming!|cteaming\n|n|+moondazing|moondazing\n|n| X-Wing Fighter|xwingfighter\n|n| Selenaur|selenaur\n|n| FaceblueO|faceblueo\n|n| cypherstest|cypherstest\n|n| joey milktank|joeymilktank\n|n| ghostfreakkkk|ghostfreakkkk\n|n| chimpusblast|chimpusblast\n|n| scarier-suwa|scariersuwa\n|n| i hate 2x crits|ihate2xcrits\n","uploadtime":1666759829,"views":16,"p1id":"coralfan","p2id":"steezibanez","formatid":"gen8ou","rating":0,"private":0,"password":null}