{"id":"gen8ou-1063772252","p1":"Flashybee","p2":"Charmalane","format":"gen8ou","log":"|j|\u2606Flashybee\n|j|\u2606Charmalane\n|player|p1|Flashybee|70|1523\n|player|p2|Charmalane|92|1609\n|teamsize|p1|6\n|teamsize|p2|6\n|gametype|singles\n|gen|8\n|tier|[Gen 8] OU\n|rated|\n|clearpoke\n|poke|p1|Zeraora|\n|poke|p1|Pincurchin, M|\n|poke|p1|Hawlucha, F|\n|poke|p1|Rotom-Wash|\n|poke|p1|Toxtricity, M|\n|poke|p1|Conkeldurr, M|\n|poke|p2|Torkoal, M|\n|poke|p2|Venusaur, M|\n|poke|p2|Shiftry, M|\n|poke|p2|Seismitoad, M|\n|poke|p2|Darmanitan, M|\n|poke|p2|Mandibuzz, F|\n|rule|Sleep Clause Mod: Limit one foe put to sleep\n|rule|Species Clause: Limit one of each Pok\u00e9mon\n|rule|OHKO Clause: OHKO moves are banned\n|rule|Evasion Moves Clause: Evasion moves are banned\n|rule|Endless Battle Clause: Forcing endless battles is banned\n|rule|HP Percentage Mod: HP is shown in percentages\n|rule|Dynamax Clause: You cannot dynamax\n|teampreview\n|\n|start\n|switch|p1a: Rotom|Rotom-Wash|100\/100\n|switch|p2a: Slippy|Seismitoad, M|100\/100\n|turn|1\n|\n|move|p1a: Rotom|Trick|p2a: Slippy\n|-activate|p1a: Rotom|move: Trick|[of] p2a: Slippy\n|-item|p2a: Slippy|Ring Target|[from] move: Trick\n|-item|p1a: Rotom|Leftovers|[from] move: Trick\n|move|p2a: Slippy|Stealth Rock|p1a: Rotom\n|-sidestart|p1: Flashybee|move: Stealth Rock\n|\n|upkeep\n|turn|2\n|\n|switch|p2a: Oogway|Torkoal, M|100\/100\n|-weather|SunnyDay|[from] ability: Drought|[of] p2a: Oogway\n|move|p1a: Rotom|Volt Switch|p2a: Oogway\n|-damage|p2a: Oogway|69\/100\n|\n|switch|p1a: Conkeldurr|Conkeldurr, M|100\/100|[from]move: Volt Switch\n|-damage|p1a: Conkeldurr|94\/100|[from] Stealth Rock\n|\n|-weather|SunnyDay|[upkeep]\n|upkeep\n|turn|3\n|j| Nihlism\n|l| Nihlism\n|\n|switch|p2a: Mandy|Mandibuzz, F|100\/100\n|move|p1a: Conkeldurr|Defog|p2a: Mandy\n|-unboost|p2a: Mandy|evasion|1\n|-sideend|p1: Flashybee|Stealth Rock|[from] move: Defog|[of] p1a: Conkeldurr\n|\n|-weather|SunnyDay|[upkeep]\n|upkeep\n|turn|4\n|\n|switch|p1a: Pincurchin|Pincurchin, M|100\/100\n|-fieldstart|move: Electric Terrain|[from] ability: Electric Surge|[of] p1a: Pincurchin\n|move|p2a: Mandy|U-turn|p1a: Pincurchin\n|-damage|p1a: Pincurchin|94\/100\n|\n|switch|p2a: Daruma|Darmanitan, M|100\/100|[from]move: U-turn\n|\n|-weather|SunnyDay|[upkeep]\n|upkeep\n|turn|5\n|\n|move|p2a: Daruma|Flare Blitz|p1a: Pincurchin\n|-damage|p1a: Pincurchin|0 fnt\n|-damage|p2a: Daruma|74\/100|[from] Recoil\n|faint|p1a: Pincurchin\n|\n|-weather|SunnyDay|[upkeep]\n|upkeep\n|\n|switch|p1a: Hawlucha|Hawlucha, F|100\/100\n|-enditem|p1a: Hawlucha|Electric Seed\n|-boost|p1a: Hawlucha|def|1|[from] item: Electric Seed\n|turn|6\n|\n|move|p1a: Hawlucha|Acrobatics|p2a: Daruma\n|-damage|p2a: Daruma|0 fnt\n|faint|p2a: Daruma\n|\n|-weather|SunnyDay|[upkeep]\n|upkeep\n|\n|switch|p2a: Oogway|Torkoal, M|69\/100\n|turn|7\n|\n|move|p1a: Hawlucha|Acrobatics|p2a: Oogway\n|-damage|p2a: Oogway|39\/100\n|move|p2a: Oogway|Lava Plume|p1a: Hawlucha\n|-damage|p1a: Hawlucha|50\/100\n|\n|-weather|SunnyDay|[upkeep]\n|upkeep\n|turn|8\n|\n|move|p1a: Hawlucha|Roost|p1a: Hawlucha\n|-heal|p1a: Hawlucha|99\/100\n|-singleturn|p1a: Hawlucha|move: Roost\n|move|p2a: Oogway|Lava Plume|p1a: Hawlucha\n|-damage|p1a: Hawlucha|49\/100\n|\n|-weather|SunnyDay|[upkeep]\n|upkeep\n|turn|9\n|\n|move|p1a: Hawlucha|Roost|p1a: Hawlucha\n|-heal|p1a: Hawlucha|99\/100\n|-singleturn|p1a: Hawlucha|move: Roost\n|move|p2a: Oogway|Lava Plume|p1a: Hawlucha\n|-damage|p1a: Hawlucha|47\/100\n|\n|-weather|none\n|upkeep\n|turn|10\n|\n|move|p1a: Hawlucha|Roost|p1a: Hawlucha\n|-heal|p1a: Hawlucha|97\/100\n|-singleturn|p1a: Hawlucha|move: Roost\n|move|p2a: Oogway|Lava Plume|p1a: Hawlucha\n|-damage|p1a: Hawlucha|65\/100\n|\n|upkeep\n|turn|11\n|\n|move|p1a: Hawlucha|Swords Dance|p1a: Hawlucha\n|-boost|p1a: Hawlucha|atk|2\n|move|p2a: Oogway|Lava Plume|p1a: Hawlucha\n|-damage|p1a: Hawlucha|34\/100\n|\n|-fieldend|move: Electric Terrain\n|upkeep\n|turn|12\n|\n|move|p1a: Hawlucha|Roost|p1a: Hawlucha\n|-heal|p1a: Hawlucha|84\/100\n|-singleturn|p1a: Hawlucha|move: Roost\n|move|p2a: Oogway|Lava Plume|p1a: Hawlucha\n|-damage|p1a: Hawlucha|49\/100\n|-status|p1a: Hawlucha|brn\n|\n|-damage|p1a: Hawlucha|43\/100 brn|[from] brn\n|upkeep\n|turn|13\n|\n|switch|p2a: Mandy|Mandibuzz, F|100\/100\n|move|p1a: Hawlucha|Roost|p1a: Hawlucha\n|-heal|p1a: Hawlucha|93\/100 brn\n|-singleturn|p1a: Hawlucha|move: Roost\n|\n|-damage|p1a: Hawlucha|87\/100 brn|[from] brn\n|upkeep\n|turn|14\n|\n|move|p1a: Hawlucha|Swords Dance|p1a: Hawlucha\n|-boost|p1a: Hawlucha|atk|2\n|move|p2a: Mandy|Foul Play|p1a: Hawlucha\n|-resisted|p1a: Hawlucha\n|-damage|p1a: Hawlucha|38\/100 brn\n|\n|-damage|p1a: Hawlucha|32\/100 brn|[from] brn\n|upkeep\n|turn|15\n|\n|move|p1a: Hawlucha|Close Combat|p2a: Mandy\n|-crit|p2a: Mandy\n|-damage|p2a: Mandy|11\/100\n|-unboost|p1a: Hawlucha|def|1\n|-unboost|p1a: Hawlucha|spd|1\n|move|p2a: Mandy|Foul Play|p1a: Hawlucha\n|-resisted|p1a: Hawlucha\n|-damage|p1a: Hawlucha|0 fnt\n|faint|p1a: Hawlucha\n|\n|-heal|p2a: Mandy|17\/100|[from] item: Leftovers\n|upkeep\n|\n|switch|p1a: Zeraora|Zeraora|100\/100\n|turn|16\n|\n|switch|p2a: Oogway|Torkoal, M|39\/100\n|-weather|SunnyDay|[from] ability: Drought|[of] p2a: Oogway\n|move|p1a: Zeraora|Plasma Fists|p2a: Oogway\n|-damage|p2a: Oogway|11\/100\n|-fieldactivate|move: Ion Deluge\n|\n|-weather|SunnyDay|[upkeep]\n|upkeep\n|turn|17\n|\n|switch|p2a: Mandy|Mandibuzz, F|17\/100\n|move|p1a: Zeraora|Plasma Fists|p2a: Mandy\n|-supereffective|p2a: Mandy\n|-damage|p2a: Mandy|0 fnt\n|-fieldactivate|move: Ion Deluge\n|faint|p2a: Mandy\n|\n|-weather|SunnyDay|[upkeep]\n|upkeep\n|\n|switch|p2a: Wart|Venusaur, M|100\/100\n|turn|18\n|\n|move|p2a: Wart|Growth|p2a: Wart\n|-boost|p2a: Wart|atk|2\n|-boost|p2a: Wart|spa|2\n|move|p1a: Zeraora|Blaze Kick|p2a: Wart\n|-supereffective|p2a: Wart\n|-damage|p2a: Wart|0 fnt\n|faint|p2a: Wart\n|\n|-weather|SunnyDay|[upkeep]\n|upkeep\n|\n|switch|p2a: Tengu|Shiftry, M|100\/100\n|turn|19\n|\n|move|p2a: Tengu|Solar Blade||[still]\n|-prepare|p2a: Tengu|Solar Blade|p1a: Zeraora\n|-anim|p2a: Tengu|Solar Blade|p1a: Zeraora\n|-damage|p1a: Zeraora|24\/100\n|move|p1a: Zeraora|Close Combat|p2a: Tengu\n|-supereffective|p2a: Tengu\n|-enditem|p2a: Tengu|Focus Sash\n|-damage|p2a: Tengu|1\/100\n|-unboost|p1a: Zeraora|def|1\n|-unboost|p1a: Zeraora|spd|1\n|\n|-weather|SunnyDay|[upkeep]\n|upkeep\n|turn|20\n|\n|move|p2a: Tengu|Solar Blade||[still]\n|-prepare|p2a: Tengu|Solar Blade|p1a: Zeraora\n|-anim|p2a: Tengu|Solar Blade|p1a: Zeraora\n|-damage|p1a: Zeraora|0 fnt\n|faint|p1a: Zeraora\n|\n|-weather|SunnyDay|[upkeep]\n|upkeep\n|\n|switch|p1a: Conkeldurr|Conkeldurr, M|94\/100\n|turn|21\n|\n|switch|p2a: Slippy|Seismitoad, M|100\/100\n|move|p1a: Conkeldurr|Mach Punch|p2a: Slippy\n|-damage|p2a: Slippy|76\/100\n|\n|-weather|SunnyDay|[upkeep]\n|upkeep\n|turn|22\n|\n|move|p2a: Slippy|Toxic|p1a: Conkeldurr|[miss]\n|-miss|p2a: Slippy|p1a: Conkeldurr\n|move|p1a: Conkeldurr|Thunder Punch|p2a: Slippy\n|-supereffective|p2a: Slippy\n|-damage|p2a: Slippy|28\/100\n|\n|-weather|SunnyDay|[upkeep]\n|upkeep\n|turn|23\n|\n|move|p2a: Slippy|Toxic|p1a: Conkeldurr\n|-status|p1a: Conkeldurr|tox\n|move|p1a: Conkeldurr|Thunder Punch|p2a: Slippy\n|-supereffective|p2a: Slippy\n|-damage|p2a: Slippy|0 fnt\n|faint|p2a: Slippy\n|\n|-weather|none\n|-damage|p1a: Conkeldurr|88\/100 tox|[from] psn\n|upkeep\n|\n|switch|p2a: Tengu|Shiftry, M|1\/100\n|turn|24\n|\n|switch|p2a: Oogway|Torkoal, M|11\/100\n|-weather|SunnyDay|[from] ability: Drought|[of] p2a: Oogway\n|move|p1a: Conkeldurr|Mach Punch|p2a: Oogway\n|-damage|p2a: Oogway|0 fnt\n|faint|p2a: Oogway\n|\n|-weather|SunnyDay|[upkeep]\n|-damage|p1a: Conkeldurr|76\/100 tox|[from] psn\n|upkeep\n|\n|switch|p2a: Tengu|Shiftry, M|1\/100\n|turn|25\n|\n|move|p2a: Tengu|Sucker Punch|p1a: Conkeldurr\n|-resisted|p1a: Conkeldurr\n|-damage|p1a: Conkeldurr|61\/100 tox\n|move|p1a: Conkeldurr|Mach Punch|p2a: Tengu\n|-supereffective|p2a: Tengu\n|-damage|p2a: Tengu|0 fnt\n|faint|p2a: Tengu\n|\n|win|Flashybee\n|c|\u2606Charmalane|gg\n|l|\u2606Flashybee\n","uploadtime":1581792537,"views":7,"p1id":"flashybee","p2id":"charmalane","formatid":"gen8ou","rating":0,"private":0,"password":null}