{"id":"gen8ou-1593469834","p1":"LECH24","p2":"alien ass farm","format":"gen8ou","log":"|j|\u2606LECH24\n|j|\u2606alien ass farm\n|t:|1654882077\n|gametype|singles\n|player|p1|LECH24|266|1609\n|player|p2|alien ass farm|petrel|1599\n|teamsize|p1|6\n|teamsize|p2|6\n|gen|8\n|tier|[Gen 8] OU\n|rated|\n|rule|Sleep Clause Mod: Limit one foe put to sleep\n|rule|Species Clause: Limit one of each Pok\u00e9mon\n|rule|OHKO Clause: OHKO moves are banned\n|rule|Evasion Moves Clause: Evasion moves are banned\n|rule|Endless Battle Clause: Forcing endless battles is banned\n|rule|HP Percentage Mod: HP is shown in percentages\n|rule|Dynamax Clause: You cannot dynamax\n|clearpoke\n|poke|p1|Kartana|\n|poke|p1|Latios, M|\n|poke|p1|Blacephalon|\n|poke|p1|Corviknight, M|\n|poke|p1|Blissey, F|\n|poke|p1|Zeraora|\n|poke|p2|Ninetales-Alola, F|\n|poke|p2|Arctozolt|\n|poke|p2|Kommo-o, M|\n|poke|p2|Mandibuzz, F|\n|poke|p2|Urshifu-*, F|\n|poke|p2|Landorus-Therian, M|\n|teampreview\n|\n|t:|1654882104\n|start\n|switch|p1a: Blacephalon|Blacephalon|100\/100\n|switch|p2a: my albino friend|Ninetales-Alola, F|100\/100\n|-weather|Hail|[from] ability: Snow Warning|[of] p2a: my albino friend\n|turn|1\n|j| Karkl\n|\n|t:|1654882117\n|switch|p2a: Mother Grizzly|Urshifu-Rapid-Strike, F|100\/100\n|move|p1a: Blacephalon|Overheat|p2a: Mother Grizzly\n|-resisted|p2a: Mother Grizzly\n|-damage|p2a: Mother Grizzly|13\/100\n|-unboost|p1a: Blacephalon|spa|2\n|\n|-weather|Hail|[upkeep]\n|-damage|p1a: Blacephalon|94\/100|[from] Hail\n|-damage|p2a: Mother Grizzly|7\/100|[from] Hail\n|upkeep\n|turn|2\n|\n|t:|1654882130\n|move|p1a: Blacephalon|Overheat|p2a: Mother Grizzly|[miss]\n|-miss|p1a: Blacephalon|p2a: Mother Grizzly\n|move|p2a: Mother Grizzly|U-turn|p1a: Blacephalon\n|-resisted|p1a: Blacephalon\n|-damage|p1a: Blacephalon|73\/100\n|j| CoronaVarus EUW\n|\n|t:|1654882138\n|switch|p2a: Kommowo|Kommo-o, M|100\/100|[from]move: U-turn\n|\n|-weather|Hail|[upkeep]\n|-damage|p1a: Blacephalon|67\/100|[from] Hail\n|upkeep\n|turn|3\n|c|\u2606LECH24|Truly hate this game\n|\n|t:|1654882155\n|switch|p1a: Latios|Latios, M|100\/100\n|move|p2a: Kommowo|Clangorous Soul|p2a: Kommowo\n|-boost|p2a: Kommowo|atk|1\n|-boost|p2a: Kommowo|def|1\n|-boost|p2a: Kommowo|spa|1\n|-boost|p2a: Kommowo|spd|1\n|-boost|p2a: Kommowo|spe|1\n|-damage|p2a: Kommowo|68\/100\n|-enditem|p2a: Kommowo|Throat Spray\n|-boost|p2a: Kommowo|spa|1|[from] item: Throat Spray\n|\n|-weather|Hail|[upkeep]\n|-damage|p1a: Latios|95\/100|[from] Hail\n|upkeep\n|turn|4\n|\n|t:|1654882171\n|move|p1a: Latios|Trick|p2a: Kommowo\n|-activate|p1a: Latios|move: Trick|[of] p2a: Kommowo\n|-item|p2a: Kommowo|Choice Scarf|[from] move: Trick\n|-enditem|p1a: Latios|Choice Scarf|[silent]|[from] move: Trick\n|move|p2a: Kommowo|Clanging Scales|p1a: Latios\n|-supereffective|p1a: Latios\n|-damage|p1a: Latios|0 fnt\n|faint|p1a: Latios\n|-unboost|p2a: Kommowo|def|1\n|\n|-weather|Hail|[upkeep]\n|upkeep\n|\n|t:|1654882174\n|switch|p1a: Blissey|Blissey, F|100\/100\n|turn|5\n|\n|t:|1654882181\n|move|p2a: Kommowo|Clanging Scales|p1a: Blissey\n|-damage|p1a: Blissey|64\/100\n|-unboost|p2a: Kommowo|def|1\n|move|p1a: Blissey|Seismic Toss|p2a: Kommowo\n|-damage|p2a: Kommowo|33\/100\n|\n|-weather|Hail|[upkeep]\n|-damage|p1a: Blissey|58\/100|[from] Hail\n|upkeep\n|turn|6\n|\n|t:|1654882193\n|switch|p2a: hail satan|Arctozolt|100\/100\n|move|p1a: Blissey|Soft-Boiled|p1a: Blissey\n|-heal|p1a: Blissey|100\/100\n|\n|-weather|Hail|[upkeep]\n|-damage|p1a: Blissey|94\/100|[from] Hail\n|upkeep\n|turn|7\n|\n|t:|1654882205\n|move|p2a: hail satan|Stomping Tantrum|p1a: Blissey\n|-damage|p1a: Blissey|69\/100\n|-damage|p2a: hail satan|91\/100|[from] item: Life Orb\n|move|p1a: Blissey|Stealth Rock|p2a: hail satan\n|-sidestart|p2: alien ass farm|move: Stealth Rock\n|\n|-weather|Hail|[upkeep]\n|-damage|p1a: Blissey|63\/100|[from] Hail\n|upkeep\n|turn|8\n|\n|t:|1654882213\n|switch|p1a: Zeraora|Zeraora|100\/100\n|move|p2a: hail satan|Stomping Tantrum|p1a: Zeraora\n|-supereffective|p1a: Zeraora\n|-damage|p1a: Zeraora|18\/100\n|-damage|p2a: hail satan|81\/100|[from] item: Life Orb\n|\n|-weather|none\n|upkeep\n|turn|9\n|\n|t:|1654882222\n|switch|p2a: kitten mittons|Landorus-Therian, M|100\/100\n|-damage|p2a: kitten mittons|88\/100|[from] Stealth Rock\n|-ability|p2a: kitten mittons|Intimidate|boost\n|-unboost|p1a: Zeraora|atk|1\n|move|p1a: Zeraora|Knock Off|p2a: kitten mittons\n|-damage|p2a: kitten mittons|66\/100\n|-enditem|p2a: kitten mittons|Choice Scarf|[from] move: Knock Off|[of] p1a: Zeraora\n|\n|upkeep\n|turn|10\n|\n|t:|1654882231\n|switch|p1a: Blacephalon|Blacephalon|67\/100\n|move|p2a: kitten mittons|U-turn|p1a: Blacephalon\n|-resisted|p1a: Blacephalon\n|-damage|p1a: Blacephalon|52\/100\n|\n|t:|1654882239\n|switch|p2a: Vulture Culture|Mandibuzz, F|100\/100|[from]move: U-turn\n|\n|upkeep\n|turn|11\n|\n|t:|1654882247\n|switch|p1a: Corviknight|Corviknight, M|100\/100\n|-ability|p1a: Corviknight|Pressure\n|move|p2a: Vulture Culture|Defog|p1a: Corviknight\n|-unboost|p1a: Corviknight|evasion|1\n|-sideend|p2: alien ass farm|Stealth Rock|[from] move: Defog|[of] p2a: Vulture Culture\n|\n|upkeep\n|turn|12\n|\n|t:|1654882255\n|switch|p2a: my albino friend|Ninetales-Alola, F|100\/100\n|-weather|Hail|[from] ability: Snow Warning|[of] p2a: my albino friend\n|move|p1a: Corviknight|U-turn|p2a: my albino friend\n|-resisted|p2a: my albino friend\n|-damage|p2a: my albino friend|89\/100\n|\n|t:|1654882258\n|switch|p1a: Blacephalon|Blacephalon|52\/100|[from]move: U-turn\n|\n|-weather|Hail|[upkeep]\n|-damage|p1a: Blacephalon|46\/100|[from] Hail\n|upkeep\n|turn|13\n|\n|t:|1654882275\n|switch|p2a: kitten mittons|Landorus-Therian, M|66\/100\n|-ability|p2a: kitten mittons|Intimidate|boost\n|-unboost|p1a: Blacephalon|atk|1\n|move|p1a: Blacephalon|Flamethrower|p2a: kitten mittons\n|-damage|p2a: kitten mittons|0 fnt\n|faint|p2a: kitten mittons\n|-ability|p1a: Blacephalon|Beast Boost|boost\n|-boost|p1a: Blacephalon|spa|1\n|\n|-weather|Hail|[upkeep]\n|-damage|p1a: Blacephalon|40\/100|[from] Hail\n|upkeep\n|inactive|Battle timer is ON: inactive players will automatically lose when time's up. (requested by LECH24)\n|\n|t:|1654882338\n|switch|p2a: hail satan|Arctozolt|81\/100\n|turn|14\n|\n|t:|1654882352\n|switch|p1a: Corviknight|Corviknight, M|100\/100\n|-ability|p1a: Corviknight|Pressure\n|move|p2a: hail satan|Bolt Beak|p1a: Corviknight\n|-supereffective|p1a: Corviknight\n|-damage|p1a: Corviknight|0 fnt\n|faint|p1a: Corviknight\n|-damage|p2a: hail satan|71\/100|[from] item: Life Orb\n|\n|-weather|Hail|[upkeep]\n|upkeep\n|\n|t:|1654882359\n|switch|p1a: Kartana|Kartana|100\/100\n|turn|15\n|\n|t:|1654882369\n|move|p2a: hail satan|Blizzard|p1a: Kartana\n|-damage|p1a: Kartana|0 fnt\n|faint|p1a: Kartana\n|-damage|p2a: hail satan|61\/100|[from] item: Life Orb\n|\n|-weather|Hail|[upkeep]\n|upkeep\n|\n|t:|1654882372\n|switch|p1a: Blacephalon|Blacephalon|40\/100\n|turn|16\n|-message|LECH24 forfeited.\n|\n|win|alien ass farm\n|raw|LECH24's rating: 1609 &rarr; <strong>1588<\/strong><br \/>(-21 for losing)\n|raw|alien ass farm's rating: 1599 &rarr; <strong>1620<\/strong><br \/>(+21 for winning)\n|l|\u2606LECH24\n|l| Karkl\n||Ladder isn't responding, score probably updated but might not have (Request timeout).\n","uploadtime":1654882502,"views":34,"p1id":"lech24","p2id":"alienassfarm","formatid":"gen8ou","rating":1588,"private":0,"password":null}