{"id":"gen8ou-1659075533","p1":"Kotokawa Akira","p2":"DjezzeMwoan","format":"gen8ou","log":"|j|\u2606Kotokawa Akira\n|j|\u2606DjezzeMwoan\n|t:|1662636596\n|gametype|singles\n|player|p1|Kotokawa Akira|lisia|1414\n|player|p2|DjezzeMwoan|gambler|1353\n|teamsize|p1|6\n|teamsize|p2|6\n|gen|8\n|tier|[Gen 8] OU\n|rated|\n|rule|Sleep Clause Mod: Limit one foe put to sleep\n|rule|Species Clause: Limit one of each Pok\u00e9mon\n|rule|OHKO Clause: OHKO moves are banned\n|rule|Evasion Items Clause: Evasion items are banned\n|rule|Evasion Moves Clause: Evasion moves are banned\n|rule|Endless Battle Clause: Forcing endless battles is banned\n|rule|HP Percentage Mod: HP is shown in percentages\n|rule|Dynamax Clause: You cannot dynamax\n|clearpoke\n|poke|p1|Kartana|\n|poke|p1|Heatran, F|\n|poke|p1|Zapdos|\n|poke|p1|Tapu Koko|\n|poke|p1|Landorus-Therian, M|\n|poke|p1|Clefable, M|\n|poke|p2|Tapu Koko|\n|poke|p2|Urshifu-*, M|\n|poke|p2|Melmetal|\n|poke|p2|Heatran, M|\n|poke|p2|Landorus-Therian, M|\n|poke|p2|Tornadus-Therian, M|\n|teampreview\n|\n|t:|1662636613\n|start\n|switch|p1a: Clefable|Clefable, M|100\/100\n|switch|p2a: Tornadus|Tornadus-Therian, M|100\/100\n|turn|1\n|\n|t:|1662636621\n|move|p2a: Tornadus|Knock Off|p1a: Clefable\n|-resisted|p1a: Clefable\n|-damage|p1a: Clefable|93\/100\n|-enditem|p1a: Clefable|Sticky Barb|[from] move: Knock Off|[of] p2a: Tornadus\n|move|p1a: Clefable|Trick|p2a: Tornadus\n|-activate|p1a: Clefable|move: Trick|[of] p2a: Tornadus\n|-enditem|p2a: Tornadus|Assault Vest|[silent]|[from] move: Trick\n|-item|p1a: Clefable|Assault Vest|[from] move: Trick\n|\n|upkeep\n|turn|2\n|\n|t:|1662636628\n|move|p2a: Tornadus|U-turn|p1a: Clefable\n|-resisted|p1a: Clefable\n|-damage|p1a: Clefable|88\/100\n|\n|t:|1662636630\n|switch|p2a: Melmetal|Melmetal|100\/100|[from]move: U-turn\n|move|p1a: Clefable|Moonblast|p2a: Melmetal\n|-resisted|p2a: Melmetal\n|-damage|p2a: Melmetal|87\/100\n|\n|-heal|p2a: Melmetal|93\/100|[from] item: Leftovers\n|upkeep\n|turn|3\n|\n|t:|1662636638\n|switch|p1a: Zapdos|Zapdos|100\/100\n|move|p2a: Melmetal|Toxic|p1a: Zapdos\n|-status|p1a: Zapdos|tox\n|\n|-heal|p2a: Melmetal|99\/100|[from] item: Leftovers\n|-damage|p1a: Zapdos|94\/100 tox|[from] psn\n|upkeep\n|turn|4\n|\n|t:|1662636646\n|move|p2a: Melmetal|Protect|p2a: Melmetal\n|-singleturn|p2a: Melmetal|Protect\n|move|p1a: Zapdos|Volt Switch|p2a: Melmetal\n|-activate|p2a: Melmetal|move: Protect\n|\n|-heal|p2a: Melmetal|100\/100|[from] item: Leftovers\n|-damage|p1a: Zapdos|82\/100 tox|[from] psn\n|upkeep\n|turn|5\n|\n|t:|1662636691\n|move|p1a: Zapdos|Volt Switch|p2a: Melmetal\n|-damage|p2a: Melmetal|73\/100\n|\n|t:|1662636696\n|switch|p1a: Heatran|Heatran, F|100\/100|[from]move: Volt Switch\n|move|p2a: Melmetal|Earthquake|p1a: Heatran\n|-supereffective|p1a: Heatran\n|-damage|p1a: Heatran|0 fnt\n|faint|p1a: Heatran\n|\n|-heal|p2a: Melmetal|79\/100|[from] item: Leftovers\n|upkeep\n|-message|Kotokawa Akira forfeited.\n|\n|win|DjezzeMwoan\n|raw|Kotokawa Akira's rating: 1414 &rarr; <strong>1391<\/strong><br \/>(-23 for losing)\n|raw|DjezzeMwoan's rating: 1353 &rarr; <strong>1376<\/strong><br \/>(+23 for winning)\n|l|\u2606Kotokawa Akira\n|c|\u2606DjezzeMwoan|ez\n||Ladder isn't responding, score probably updated but might not have (Request timeout).\n","uploadtime":1662636708,"views":11,"p1id":"kotokawaakira","p2id":"djezzemwoan","formatid":"gen8ou","rating":1376,"private":0,"password":null}