{"id":"gen8ou-1693086127","p1":"Trogba Trogba","p2":"SDK04","format":"gen8ou","log":"|html|<div class=\"broadcast-blue\"><strong>[Gen 8] OU is currently suspecting Melmetal! For information on how to participate check out the <a href=\"https:\/\/www.smogon.com\/forums\/threads\/np-ss-ou-suspect-process-round-12-monster-mash.3709234\/\">suspect thread<\/a>.<\/strong><\/div>\n|j|\u2606Trogba Trogba\n|j|\u2606SDK04\n|inactive|Battle timer is ON: inactive players will automatically lose when time's up.\n|t:|1666561974\n|gametype|singles\n|player|p1|Trogba Trogba|lance|\n|player|p2|SDK04|nate|\n|teamsize|p1|6\n|teamsize|p2|6\n|gen|8\n|tier|[Gen 8] OU\n|rated|Tournament battle\n|rule|Sleep Clause Mod: Limit one foe put to sleep\n|rule|Species Clause: Limit one of each Pok\u00e9mon\n|rule|OHKO Clause: OHKO moves are banned\n|rule|Evasion Items Clause: Evasion items are banned\n|rule|Evasion Moves Clause: Evasion moves are banned\n|rule|Endless Battle Clause: Forcing endless battles is banned\n|rule|HP Percentage Mod: HP is shown in percentages\n|rule|Dynamax Clause: You cannot dynamax\n|clearpoke\n|poke|p1|Aron, L1, F|\n|poke|p1|Tyranitar, M|\n|poke|p1|Excadrill, M|\n|poke|p1|Dracozolt|\n|poke|p1|Tapu Fini|\n|poke|p1|Tangrowth, F|\n|poke|p2|Volcanion|\n|poke|p2|Landorus-Therian, M|\n|poke|p2|Zapdos|\n|poke|p2|Melmetal|\n|poke|p2|Tapu Lele|\n|poke|p2|Dragapult, M|\n|teampreview\n|j| natdexfunnn\n|l| natdexfunnn\n|\n|t:|1666561995\n|start\n|switch|p1a: Aron|Aron, L1, F|100\/100\n|switch|p2a: Dragapult|Dragapult, M|100\/100\n|turn|1\n|\n|t:|1666561999\n|move|p1a: Aron|Protect|p1a: Aron\n|-singleturn|p1a: Aron|Protect\n|move|p2a: Dragapult|Dragon Darts|p1a: Aron\n|-activate|p1a: Aron|move: Protect\n|\n|upkeep\n|turn|2\n|\n|t:|1666562007\n|switch|p2a: Landorus|Landorus-Therian, M|100\/100\n|-ability|p2a: Landorus|Intimidate|boost\n|-unboost|p1a: Aron|atk|1\n|switch|p1a: Tapu Fini|Tapu Fini|100\/100\n|-fieldstart|move: Misty Terrain|[from] ability: Misty Surge|[of] p1a: Tapu Fini\n|\n|upkeep\n|turn|3\n|\n|t:|1666562018\n|switch|p1a: Tyranitar|Tyranitar, M|100\/100\n|-weather|Sandstorm|[from] ability: Sand Stream|[of] p1a: Tyranitar\n|move|p2a: Landorus|Stealth Rock|p1a: Tyranitar\n|-sidestart|p1: Trogba Trogba|move: Stealth Rock\n|\n|-weather|Sandstorm|[upkeep]\n|upkeep\n|turn|4\n|\n|t:|1666562021\n|move|p2a: Landorus|Earthquake|p1a: Tyranitar\n|-supereffective|p1a: Tyranitar\n|-damage|p1a: Tyranitar|24\/100\n|move|p1a: Tyranitar|Ice Beam|p2a: Landorus\n|-supereffective|p2a: Landorus\n|-damage|p2a: Landorus|38\/100\n|\n|-weather|Sandstorm|[upkeep]\n|-heal|p2a: Landorus|44\/100|[from] item: Leftovers\n|upkeep\n|turn|5\n|\n|t:|1666562030\n|switch|p1a: Tangrowth|Tangrowth, F|100\/100\n|-damage|p1a: Tangrowth|88\/100|[from] Stealth Rock\n|move|p2a: Landorus|U-turn|p1a: Tangrowth\n|-supereffective|p1a: Tangrowth\n|-crit|p1a: Tangrowth\n|-damage|p1a: Tangrowth|55\/100\n|-damage|p2a: Landorus|27\/100|[from] item: Rocky Helmet|[of] p1a: Tangrowth\n|\n|t:|1666562033\n|switch|p2a: Volcanion|Volcanion|100\/100|[from]move: U-turn\n|\n|-weather|Sandstorm|[upkeep]\n|-damage|p2a: Volcanion|95\/100|[from] Sandstorm\n|-damage|p1a: Tangrowth|49\/100|[from] Sandstorm\n|upkeep\n|turn|6\n|\n|t:|1666562044\n|switch|p1a: Tapu Fini|Tapu Fini|100\/100\n|-damage|p1a: Tapu Fini|88\/100|[from] Stealth Rock\n|move|p2a: Volcanion|Flamethrower|p1a: Tapu Fini\n|-resisted|p1a: Tapu Fini\n|-damage|p1a: Tapu Fini|71\/100\n|\n|-weather|Sandstorm|[upkeep]\n|-damage|p2a: Volcanion|89\/100|[from] Sandstorm\n|-damage|p1a: Tapu Fini|65\/100|[from] Sandstorm\n|-heal|p1a: Tapu Fini|71\/100|[from] item: Leftovers\n|-fieldend|Misty Terrain\n|upkeep\n|turn|7\n|\n|t:|1666562047\n|switch|p1a: Dracozolt|Dracozolt|100\/100\n|-damage|p1a: Dracozolt|88\/100|[from] Stealth Rock\n|move|p2a: Volcanion|Sludge Bomb|p1a: Dracozolt\n|-damage|p1a: Dracozolt|36\/100\n|\n|-weather|Sandstorm|[upkeep]\n|-damage|p2a: Volcanion|83\/100|[from] Sandstorm\n|upkeep\n|turn|8\n|\n|t:|1666562052\n|switch|p2a: Landorus|Landorus-Therian, M|27\/100\n|-ability|p2a: Landorus|Intimidate|boost\n|-unboost|p1a: Dracozolt|atk|1\n|move|p1a: Dracozolt|Bolt Beak|p2a: Landorus\n|-immune|p2a: Landorus\n|\n|-weather|Sandstorm|[upkeep]\n|-heal|p2a: Landorus|33\/100|[from] item: Leftovers\n|upkeep\n|turn|9\n|\n|t:|1666562056\n|move|p1a: Dracozolt|Outrage|p2a: Landorus\n|-damage|p2a: Landorus|0 fnt\n|faint|p2a: Landorus\n|-damage|p1a: Dracozolt|26\/100|[from] item: Life Orb\n|\n|-weather|Sandstorm|[upkeep]\n|upkeep\n|\n|t:|1666562059\n|switch|p2a: Dragapult|Dragapult, M|100\/100\n|turn|10\n|\n|t:|1666562060\n|move|p2a: Dragapult|Sucker Punch|p1a: Dracozolt\n|-damage|p1a: Dracozolt|0 fnt\n|faint|p1a: Dracozolt\n|\n|-weather|none\n|upkeep\n|\n|t:|1666562080\n|switch|p1a: Excadrill|Excadrill, M|100\/100\n|-damage|p1a: Excadrill|97\/100|[from] Stealth Rock\n|-item|p1a: Excadrill|Air Balloon\n|turn|11\n|\n|t:|1666562084\n|move|p2a: Dragapult|Sucker Punch||[still]\n|-fail|p2a: Dragapult\n|move|p1a: Excadrill|Swords Dance|p1a: Excadrill\n|-boost|p1a: Excadrill|atk|2\n|\n|upkeep\n|turn|12\n|\n|t:|1666562096\n|switch|p2a: Zapdos|Zapdos|100\/100\n|move|p1a: Excadrill|Iron Head|p2a: Zapdos\n|-resisted|p2a: Zapdos\n|-damage|p2a: Zapdos|64\/100\n|\n|upkeep\n|turn|13\n|\n|t:|1666562098\n|move|p1a: Excadrill|Rapid Spin|p2a: Zapdos\n|-damage|p2a: Zapdos|36\/100\n|-boost|p1a: Excadrill|spe|1\n|-sideend|p1: Trogba Trogba|Stealth Rock|[from] move: Rapid Spin|[of] p1a: Excadrill\n|move|p2a: Zapdos|Hurricane|p1a: Excadrill\n|-resisted|p1a: Excadrill\n|-damage|p1a: Excadrill|69\/100\n|-enditem|p1a: Excadrill|Air Balloon\n|\n|upkeep\n|turn|14\n|\n|t:|1666562103\n|move|p1a: Excadrill|Iron Head|p2a: Zapdos\n|-resisted|p2a: Zapdos\n|-damage|p2a: Zapdos|0 fnt\n|faint|p2a: Zapdos\n|\n|upkeep\n|\n|t:|1666562111\n|switch|p2a: Tapu Lele|Tapu Lele|100\/100\n|-fieldstart|move: Psychic Terrain|[from] ability: Psychic Surge|[of] p2a: Tapu Lele\n|turn|15\n|\n|t:|1666562120\n|switch|p1a: Tyranitar|Tyranitar, M|24\/100\n|-weather|Sandstorm|[from] ability: Sand Stream|[of] p1a: Tyranitar\n|move|p2a: Tapu Lele|Focus Blast|p1a: Tyranitar|[miss]\n|-miss|p2a: Tapu Lele|p1a: Tyranitar\n|\n|-weather|Sandstorm|[upkeep]\n|-damage|p2a: Tapu Lele|94\/100|[from] Sandstorm\n|upkeep\n|turn|16\n|\n|t:|1666562130\n|switch|p1a: Aron|Aron, L1, F|100\/100\n|move|p2a: Tapu Lele|Focus Blast|p1a: Aron|[miss]\n|-miss|p2a: Tapu Lele|p1a: Aron\n|\n|-weather|Sandstorm|[upkeep]\n|-damage|p2a: Tapu Lele|88\/100|[from] Sandstorm\n|upkeep\n|turn|17\n|\n|t:|1666562132\n|switch|p2a: Melmetal|Melmetal|100\/100\n|move|p1a: Aron|Endeavor|p2a: Melmetal\n|-damage|p2a: Melmetal|3\/100\n|\n|-weather|Sandstorm|[upkeep]\n|upkeep\n|turn|18\n|\n|t:|1666562135\n|switch|p1a: Tangrowth|Tangrowth, F|82\/100\n|move|p2a: Melmetal|Double Iron Bash|p1a: Tangrowth\n|-damage|p1a: Tangrowth|60\/100\n|-damage|p2a: Melmetal|0 fnt|[from] item: Rocky Helmet|[of] p1a: Tangrowth\n|faint|p2a: Melmetal\n|-hitcount|p1a: Tangrowth|1\n|\n|-weather|Sandstorm|[upkeep]\n|-damage|p1a: Tangrowth|54\/100|[from] Sandstorm\n|upkeep\n|\n|t:|1666562138\n|switch|p2a: Volcanion|Volcanion|83\/100\n|turn|19\n|\n|t:|1666562151\n|move|p2a: Volcanion|Flamethrower|p1a: Tangrowth\n|-supereffective|p1a: Tangrowth\n|-damage|p1a: Tangrowth|0 fnt\n|faint|p1a: Tangrowth\n|\n|-weather|Sandstorm|[upkeep]\n|-damage|p2a: Volcanion|77\/100|[from] Sandstorm\n|-fieldend|move: Psychic Terrain\n|upkeep\n|\n|t:|1666562153\n|switch|p1a: Excadrill|Excadrill, M|69\/100\n|turn|20\n|\n|t:|1666562162\n|switch|p2a: Tapu Lele|Tapu Lele|88\/100\n|-fieldstart|move: Psychic Terrain|[from] ability: Psychic Surge|[of] p2a: Tapu Lele\n|move|p1a: Excadrill|Earthquake|p2a: Tapu Lele\n|-damage|p2a: Tapu Lele|7\/100\n|\n|-weather|Sandstorm|[upkeep]\n|-damage|p2a: Tapu Lele|1\/100|[from] Sandstorm\n|upkeep\n|turn|21\n|\n|t:|1666562168\n|move|p1a: Excadrill|Rapid Spin|p2a: Tapu Lele\n|-damage|p2a: Tapu Lele|0 fnt\n|-boost|p1a: Excadrill|spe|1\n|faint|p2a: Tapu Lele\n|\n|-weather|Sandstorm|[upkeep]\n|upkeep\n|\n|t:|1666562190\n|switch|p2a: Dragapult|Dragapult, M|100\/100\n|turn|22\n|\n|t:|1666562197\n|switch|p1a: Tyranitar|Tyranitar, M|24\/100\n|move|p2a: Dragapult|Phantom Force||[still]\n|-prepare|p2a: Dragapult|Phantom Force\n|\n|-weather|none\n|upkeep\n|turn|23\n|\n|t:|1666562208\n|switch|p1a: Aron|Aron, L1, F|100\/100\n|move|p2a: Dragapult|Phantom Force|p1a: Aron|[from]lockedmove\n|-ability|p1a: Aron|Sturdy\n|-damage|p1a: Aron|9\/100\n|\n|upkeep\n|turn|24\n|\n|t:|1666562222\n|move|p2a: Dragapult|Phantom Force||[still]\n|-prepare|p2a: Dragapult|Phantom Force\n|move|p1a: Aron|Sandstorm|p1a: Aron\n|-weather|Sandstorm\n|\n|-weather|Sandstorm|[upkeep]\n|-damage|p2a: Dragapult|95\/100|[from] Sandstorm\n|-fieldend|move: Psychic Terrain\n|upkeep\n|turn|25\n|\n|t:|1666562225\n|move|p2a: Dragapult|Phantom Force|p1a: Aron|[from]lockedmove\n|-damage|p1a: Aron|0 fnt\n|faint|p1a: Aron\n|\n|-weather|Sandstorm|[upkeep]\n|-damage|p2a: Dragapult|89\/100|[from] Sandstorm\n|upkeep\n|\n|t:|1666562230\n|switch|p1a: Tapu Fini|Tapu Fini|71\/100\n|-fieldstart|move: Misty Terrain|[from] ability: Misty Surge|[of] p1a: Tapu Fini\n|turn|26\n|\n|t:|1666562235\n|switch|p2a: Volcanion|Volcanion|77\/100\n|move|p1a: Tapu Fini|Draining Kiss|p2a: Volcanion\n|-resisted|p2a: Volcanion\n|-crit|p2a: Volcanion\n|-damage|p2a: Volcanion|61\/100\n|-heal|p1a: Tapu Fini|82\/100|[from] drain|[of] p2a: Volcanion\n|\n|-weather|Sandstorm|[upkeep]\n|-damage|p2a: Volcanion|55\/100|[from] Sandstorm\n|-damage|p1a: Tapu Fini|75\/100|[from] Sandstorm\n|-heal|p1a: Tapu Fini|82\/100|[from] item: Leftovers\n|upkeep\n|turn|27\n|\n|t:|1666562240\n|move|p2a: Volcanion|Steam Eruption|p1a: Tapu Fini\n|-resisted|p1a: Tapu Fini\n|-damage|p1a: Tapu Fini|62\/100\n|move|p1a: Tapu Fini|Draining Kiss|p2a: Volcanion\n|-resisted|p2a: Volcanion\n|-damage|p2a: Volcanion|44\/100\n|-heal|p1a: Tapu Fini|69\/100|[from] drain|[of] p2a: Volcanion\n|\n|-weather|Sandstorm|[upkeep]\n|-damage|p2a: Volcanion|38\/100|[from] Sandstorm\n|-damage|p1a: Tapu Fini|63\/100|[from] Sandstorm\n|-heal|p1a: Tapu Fini|69\/100|[from] item: Leftovers\n|upkeep\n|turn|28\n|\n|t:|1666562246\n|move|p2a: Volcanion|Sludge Bomb|p1a: Tapu Fini\n|-supereffective|p1a: Tapu Fini\n|-damage|p1a: Tapu Fini|24\/100\n|move|p1a: Tapu Fini|Draining Kiss|p2a: Volcanion\n|-resisted|p2a: Volcanion\n|-damage|p2a: Volcanion|27\/100\n|-heal|p1a: Tapu Fini|31\/100|[from] drain|[of] p2a: Volcanion\n|\n|-weather|none\n|-heal|p1a: Tapu Fini|37\/100|[from] item: Leftovers\n|upkeep\n|turn|29\n|\n|t:|1666562249\n|switch|p1a: Tyranitar|Tyranitar, M|24\/100\n|-weather|Sandstorm|[from] ability: Sand Stream|[of] p1a: Tyranitar\n|move|p2a: Volcanion|Steam Eruption|p1a: Tyranitar\n|-supereffective|p1a: Tyranitar\n|-damage|p1a: Tyranitar|0 fnt\n|faint|p1a: Tyranitar\n|\n|-weather|Sandstorm|[upkeep]\n|-damage|p2a: Volcanion|21\/100|[from] Sandstorm\n|upkeep\n|\n|t:|1666562251\n|switch|p1a: Excadrill|Excadrill, M|69\/100\n|turn|30\n|\n|t:|1666562254\n|move|p1a: Excadrill|Earthquake|p2a: Volcanion\n|-supereffective|p2a: Volcanion\n|-damage|p2a: Volcanion|0 fnt\n|faint|p2a: Volcanion\n|\n|-weather|Sandstorm|[upkeep]\n|-fieldend|Misty Terrain\n|upkeep\n|\n|t:|1666562255\n|switch|p2a: Dragapult|Dragapult, M|89\/100\n|turn|31\n|\n|t:|1666562260\n|move|p1a: Excadrill|Earthquake|p2a: Dragapult\n|-damage|p2a: Dragapult|16\/100\n|move|p2a: Dragapult|Phantom Force||[still]\n|-prepare|p2a: Dragapult|Phantom Force\n|\n|-weather|Sandstorm|[upkeep]\n|-damage|p2a: Dragapult|10\/100|[from] Sandstorm\n|upkeep\n|turn|32\n|\n|t:|1666562262\n|switch|p1a: Tapu Fini|Tapu Fini|37\/100\n|-fieldstart|move: Misty Terrain|[from] ability: Misty Surge|[of] p1a: Tapu Fini\n|move|p2a: Dragapult|Phantom Force|p1a: Tapu Fini|[from]lockedmove\n|-damage|p1a: Tapu Fini|0 fnt\n|faint|p1a: Tapu Fini\n|\n|-weather|Sandstorm|[upkeep]\n|-damage|p2a: Dragapult|4\/100|[from] Sandstorm\n|upkeep\n|\n|t:|1666562263\n|switch|p1a: Excadrill|Excadrill, M|69\/100\n|turn|33\n|\n|t:|1666562266\n|move|p1a: Excadrill|Earthquake|p2a: Dragapult\n|-damage|p2a: Dragapult|0 fnt\n|faint|p2a: Dragapult\n|\n|win|Trogba Trogba\n|n|\u2606Trogba Trogba|trogbatrogba\n|n|\u2606SDK04|sdk04\n|c|\u2606SDK04|gg\n|c|\u2606SDK04|wp\n|c|\u2606Trogba Trogba|gg\n","uploadtime":1666562273,"views":22,"p1id":"trogbatrogba","p2id":"sdk04","formatid":"gen8ou","rating":0,"private":0,"password":null}