{"id":"gen8ou-1298214879","p1":"Kazt_5","p2":"readyoueverymuch","format":"gen8ou","log":"|j|\u2606Kazt_5\n|j|\u2606readyoueverymuch\n|inactive|Battle timer is ON: inactive players will automatically lose when time's up.\n|t:|1615350807\n|player|p1|Kazt_5|dawn|\n|player|p2|readyoueverymuch|youngster-gen4|\n|teamsize|p1|6\n|teamsize|p2|6\n|gametype|singles\n|gen|8\n|tier|[Gen 8] OU\n|rated|Tournament battle\n|clearpoke\n|poke|p1|Dragapult, F|\n|poke|p1|Clefable, M|\n|poke|p1|Moltres-Galar|\n|poke|p1|Heatran, F|\n|poke|p1|Landorus-Therian, M|\n|poke|p1|Rillaboom, M|\n|poke|p2|Landorus-Therian, M|\n|poke|p2|Ferrothorn, M|\n|poke|p2|Slowking, F|\n|poke|p2|Dragonite, F|\n|poke|p2|Bisharp, F|\n|poke|p2|Tapu Koko|\n|rule|Sleep Clause Mod: Limit one foe put to sleep\n|rule|Species Clause: Limit one of each Pok\u00e9mon\n|rule|OHKO Clause: OHKO moves are banned\n|rule|Evasion Moves Clause: Evasion moves are banned\n|rule|Endless Battle Clause: Forcing endless battles is banned\n|rule|HP Percentage Mod: HP is shown in percentages\n|rule|Dynamax Clause: You cannot dynamax\n|teampreview\n|j| lost again\n|c|\u2606Kazt_5|hf\n|j|+myjava\n|j| epsilon_xd\n|inactive|readyoueverymuch has 120 seconds left.\n|\n|t:|1615350843\n|start\n|switch|p1a: Rillaboom|Rillaboom, M|100\/100\n|switch|p2a: Landorus|Landorus-Therian, M|100\/100\n|-fieldstart|move: Grassy Terrain|[from] ability: Grassy Surge|[of] p1a: Rillaboom\n|-ability|p2a: Landorus|Intimidate|boost\n|-unboost|p1a: Rillaboom|atk|1\n|turn|1\n|\n|t:|1615350851\n|move|p1a: Rillaboom|Grassy Glide|p2a: Landorus\n|-damage|p2a: Landorus|67\/100\n|-damage|p1a: Rillaboom|91\/100|[from] item: Life Orb\n|move|p2a: Landorus|Toxic|p1a: Rillaboom\n|-status|p1a: Rillaboom|tox\n|\n|-heal|p1a: Rillaboom|97\/100 tox|[from] Grassy Terrain\n|-heal|p2a: Landorus|73\/100|[from] item: Leftovers\n|-damage|p1a: Rillaboom|91\/100 tox|[from] psn\n|upkeep\n|turn|2\n|\n|t:|1615350863\n|move|p1a: Rillaboom|Grassy Glide|p2a: Landorus\n|-damage|p2a: Landorus|41\/100\n|-damage|p1a: Rillaboom|81\/100 tox|[from] item: Life Orb\n|move|p2a: Landorus|Stealth Rock|p1a: Rillaboom\n|-sidestart|p1: Kazt_5|move: Stealth Rock\n|\n|-heal|p1a: Rillaboom|87\/100 tox|[from] Grassy Terrain\n|-heal|p2a: Landorus|47\/100|[from] item: Leftovers\n|-damage|p1a: Rillaboom|75\/100 tox|[from] psn\n|upkeep\n|turn|3\n|\n|t:|1615350867\n|switch|p1a: Landorus|Landorus-Therian, M|100\/100\n|-damage|p1a: Landorus|88\/100|[from] Stealth Rock\n|-ability|p1a: Landorus|Intimidate|boost\n|-unboost|p2a: Landorus|atk|1\n|switch|p2a: Dragonite|Dragonite, F|100\/100\n|\n|-heal|p1a: Landorus|94\/100|[from] item: Leftovers\n|upkeep\n|turn|4\n|\n|t:|1615350870\n|move|p1a: Landorus|Defog|p2a: Dragonite\n|-unboost|p2a: Dragonite|evasion|1\n|-sideend|p1: Kazt_5|Stealth Rock|[from] move: Defog|[of] p1a: Landorus\n|-fieldend|move: Grassy Terrain\n|move|p2a: Dragonite|Ice Beam|p1a: Landorus\n|-supereffective|p1a: Landorus\n|-damage|p1a: Landorus|5\/100\n|\n|-heal|p1a: Landorus|11\/100|[from] item: Leftovers\n|upkeep\n|turn|5\n|\n|t:|1615350877\n|move|p1a: Landorus|U-turn|p2a: Dragonite\n|-resisted|p2a: Dragonite\n|-damage|p2a: Dragonite|96\/100\n|\n|t:|1615350881\n|switch|p1a: Clefable|Clefable, M|100\/100|[from]move: U-turn\n|move|p2a: Dragonite|Ice Beam|p1a: Clefable\n|-damage|p1a: Clefable|80\/100\n|\n|upkeep\n|turn|6\n|\n|t:|1615350889\n|switch|p2a: Slowking|Slowking, F|100\/100\n|switch|p1a: Heatran|Heatran, F|100\/100\n|\n|upkeep\n|turn|7\n|\n|t:|1615350899\n|move|p1a: Heatran|Stealth Rock|p2a: Slowking\n|-sidestart|p2: readyoueverymuch|move: Stealth Rock\n|move|p2a: Slowking|Teleport|p2a: Slowking\n|\n|t:|1615350906\n|switch|p2a: Landorus|Landorus-Therian, M|47\/100|[from]move: Teleport\n|-damage|p2a: Landorus|35\/100|[from] Stealth Rock\n|-ability|p2a: Landorus|Intimidate|boost\n|-unboost|p1a: Heatran|atk|1\n|\n|-heal|p2a: Landorus|41\/100|[from] item: Leftovers\n|upkeep\n|turn|8\n|\n|t:|1615350910\n|switch|p1a: Landorus|Landorus-Therian, M|11\/100\n|-ability|p1a: Landorus|Intimidate|boost\n|-unboost|p2a: Landorus|atk|1\n|move|p2a: Landorus|Stealth Rock|p1a: Landorus\n|-sidestart|p1: Kazt_5|move: Stealth Rock\n|\n|-heal|p1a: Landorus|17\/100|[from] item: Leftovers\n|-heal|p2a: Landorus|47\/100|[from] item: Leftovers\n|upkeep\n|turn|9\n|\n|t:|1615350917\n|switch|p2a: Dragonite|Dragonite, F|96\/100\n|move|p1a: Landorus|Knock Off|p2a: Dragonite\n|-damage|p2a: Dragonite|74\/100\n|-enditem|p2a: Dragonite|Heavy-Duty Boots|[from] move: Knock Off|[of] p1a: Landorus\n|\n|-heal|p1a: Landorus|23\/100|[from] item: Leftovers\n|upkeep\n|turn|10\n|\n|t:|1615350923\n|move|p1a: Landorus|U-turn|p2a: Dragonite\n|-resisted|p2a: Dragonite\n|-damage|p2a: Dragonite|66\/100\n|\n|t:|1615350934\n|switch|p1a: Clefable|Clefable, M|80\/100|[from]move: U-turn\n|move|p2a: Dragonite|Roost|p2a: Dragonite\n|-heal|p2a: Dragonite|100\/100\n|-singleturn|p2a: Dragonite|move: Roost\n|\n|upkeep\n|turn|11\n|j| 2weed\n|c| 2weed|pog\n|\n|t:|1615350949\n|switch|p2a: Slowking|Slowking, F|100\/100\n|switch|p1a: Rillaboom|Rillaboom, M|75\/100 tox\n|-damage|p1a: Rillaboom|62\/100 tox|[from] Stealth Rock\n|-fieldstart|move: Grassy Terrain|[from] ability: Grassy Surge|[of] p1a: Rillaboom\n|\n|-heal|p1a: Rillaboom|69\/100 tox|[from] Grassy Terrain\n|-damage|p1a: Rillaboom|62\/100 tox|[from] psn\n|upkeep\n|turn|12\n|\n|t:|1615350962\n|switch|p2a: Dragonite|Dragonite, F|100\/100\n|-damage|p2a: Dragonite|76\/100|[from] Stealth Rock\n|move|p1a: Rillaboom|Drain Punch|p2a: Dragonite\n|-resisted|p2a: Dragonite\n|-damage|p2a: Dragonite|63\/100\n|-heal|p1a: Rillaboom|69\/100 tox|[from] drain|[of] p2a: Dragonite\n|-damage|p1a: Rillaboom|59\/100 tox|[from] item: Life Orb\n|\n|-heal|p1a: Rillaboom|65\/100 tox|[from] Grassy Terrain\n|-damage|p1a: Rillaboom|53\/100 tox|[from] psn\n|upkeep\n|turn|13\n|\n|t:|1615350972\n|switch|p1a: Dragapult|Dragapult, F|100\/100\n|-damage|p1a: Dragapult|88\/100|[from] Stealth Rock\n|move|p2a: Dragonite|Roost|p2a: Dragonite\n|-heal|p2a: Dragonite|100\/100\n|-singleturn|p2a: Dragonite|move: Roost\n|\n|-heal|p1a: Dragapult|94\/100|[from] Grassy Terrain\n|-heal|p1a: Dragapult|99\/100|[from] item: Leftovers\n|upkeep\n|turn|14\n|\n|t:|1615350980\n|switch|p2a: Ferrothorn|Ferrothorn, M|100\/100\n|-damage|p2a: Ferrothorn|94\/100|[from] Stealth Rock\n|move|p1a: Dragapult|Thunder Wave|p2a: Ferrothorn\n|-status|p2a: Ferrothorn|par\n|\n|-heal|p1a: Dragapult|100\/100|[from] Grassy Terrain\n|-heal|p2a: Ferrothorn|100\/100 par|[from] Grassy Terrain\n|upkeep\n|turn|15\n|\n|t:|1615350987\n|switch|p1a: Heatran|Heatran, F|100\/100\n|-damage|p1a: Heatran|88\/100|[from] Stealth Rock\n|cant|p2a: Ferrothorn|par\n|\n|-heal|p1a: Heatran|94\/100|[from] Grassy Terrain\n|-heal|p1a: Heatran|100\/100|[from] item: Leftovers\n|-fieldend|move: Grassy Terrain\n|upkeep\n|turn|16\n|l| 2weed\n|\n|t:|1615350997\n|switch|p2a: Dragonite|Dragonite, F|100\/100\n|-damage|p2a: Dragonite|76\/100|[from] Stealth Rock\n|move|p1a: Heatran|Toxic|p2a: Dragonite\n|-status|p2a: Dragonite|tox\n|\n|-damage|p2a: Dragonite|69\/100 tox|[from] psn\n|upkeep\n|turn|17\n|\n|t:|1615351010\n|switch|p1a: Dragapult|Dragapult, F|100\/100\n|-damage|p1a: Dragapult|88\/100|[from] Stealth Rock\n|move|p2a: Dragonite|Heal Bell|p2a: Dragonite\n|-activate|p2a: Dragonite|move: Heal Bell\n|-curestatus|p2a: Dragonite|tox|[msg]\n|-curestatus|p2: Ferrothorn|par|[msg]\n|\n|-heal|p1a: Dragapult|94\/100|[from] item: Leftovers\n|upkeep\n|turn|18\n|\n|t:|1615351016\n|switch|p2a: Ferrothorn|Ferrothorn, M|100\/100\n|-damage|p2a: Ferrothorn|94\/100|[from] Stealth Rock\n|move|p1a: Dragapult|Thunder Wave|p2a: Ferrothorn|[miss]\n|-miss|p1a: Dragapult|p2a: Ferrothorn\n|\n|-heal|p1a: Dragapult|99\/100|[from] item: Leftovers\n|-heal|p2a: Ferrothorn|100\/100|[from] item: Leftovers\n|upkeep\n|turn|19\n|\n|t:|1615351030\n|switch|p1a: Heatran|Heatran, F|100\/100\n|-damage|p1a: Heatran|88\/100|[from] Stealth Rock\n|move|p2a: Ferrothorn|Knock Off|p1a: Heatran\n|-crit|p1a: Heatran\n|-damage|p1a: Heatran|60\/100\n|-enditem|p1a: Heatran|Leftovers|[from] move: Knock Off|[of] p2a: Ferrothorn\n|\n|upkeep\n|turn|20\n|\n|t:|1615351036\n|switch|p1a: Moltres|Moltres-Galar|100\/100\n|-damage|p1a: Moltres|76\/100|[from] Stealth Rock\n|switch|p2a: Slowking|Slowking, F|100\/100\n|\n|-heal|p1a: Moltres|82\/100|[from] item: Leftovers\n|upkeep\n|turn|21\n|\n|t:|1615351041\n|move|p1a: Moltres|Fiery Wrath|p2a: Slowking\n|-supereffective|p2a: Slowking\n|-damage|p2a: Slowking|55\/100\n|move|p2a: Slowking|Teleport|p2a: Slowking\n|\n|t:|1615351045\n|switch|p2a: Tapu Koko|Tapu Koko|100\/100|[from]move: Teleport\n|-fieldstart|move: Electric Terrain|[from] ability: Electric Surge|[of] p2a: Tapu Koko\n|\n|-heal|p1a: Moltres|88\/100|[from] item: Leftovers\n|upkeep\n|turn|22\n|\n|t:|1615351053\n|switch|p1a: Heatran|Heatran, F|60\/100\n|-damage|p1a: Heatran|47\/100|[from] Stealth Rock\n|move|p2a: Tapu Koko|Thunderbolt|p1a: Heatran\n|-damage|p1a: Heatran|17\/100\n|\n|upkeep\n|turn|23\n|\n|t:|1615351056\n|move|p2a: Tapu Koko|Thunderbolt|p1a: Heatran\n|-damage|p1a: Heatran|0 fnt\n|faint|p1a: Heatran\n|\n|upkeep\n|\n|t:|1615351062\n|switch|p1a: Rillaboom|Rillaboom, M|53\/100 tox\n|-damage|p1a: Rillaboom|41\/100 tox|[from] Stealth Rock\n|-fieldstart|move: Grassy Terrain|[from] ability: Grassy Surge|[of] p1a: Rillaboom\n|turn|24\n|c|\u2606Kazt_5|that dnite pretty much cteam my whole time\n|inactive|Kazt_5 has 120 seconds left.\n|\n|t:|1615351096\n|switch|p2a: Dragonite|Dragonite, F|69\/100\n|-damage|p2a: Dragonite|44\/100|[from] Stealth Rock\n|move|p1a: Rillaboom|Grassy Glide|p2a: Dragonite\n|-resisted|p2a: Dragonite\n|-damage|p2a: Dragonite|32\/100\n|-damage|p1a: Rillaboom|31\/100 tox|[from] item: Life Orb\n|\n|-heal|p1a: Rillaboom|37\/100 tox|[from] Grassy Terrain\n|-damage|p1a: Rillaboom|31\/100 tox|[from] psn\n|upkeep\n|turn|25\n|j| 1300ELO???????\n|\n|t:|1615351106\n|switch|p1a: Dragapult|Dragapult, F|99\/100\n|-damage|p1a: Dragapult|88\/100|[from] Stealth Rock\n|move|p2a: Dragonite|Roost|p2a: Dragonite\n|-heal|p2a: Dragonite|82\/100\n|-singleturn|p2a: Dragonite|move: Roost\n|\n|-heal|p1a: Dragapult|94\/100|[from] Grassy Terrain\n|-heal|p1a: Dragapult|99\/100|[from] item: Leftovers\n|-heal|p2a: Dragonite|88\/100|[from] Grassy Terrain\n|upkeep\n|turn|26\n|\n|t:|1615351111\n|switch|p2a: Tapu Koko|Tapu Koko|100\/100\n|-fieldstart|move: Electric Terrain|[from] ability: Electric Surge|[of] p2a: Tapu Koko\n|move|p1a: Dragapult|Thunder Wave|p2a: Tapu Koko\n|-immune|p2a: Tapu Koko\n|\n|-heal|p1a: Dragapult|100\/100|[from] item: Leftovers\n|upkeep\n|turn|27\n|\n|t:|1615351117\n|move|p1a: Dragapult|Hex|p2a: Tapu Koko\n|-damage|p2a: Tapu Koko|63\/100\n|move|p2a: Tapu Koko|Dazzling Gleam|p1a: Dragapult\n|-supereffective|p1a: Dragapult\n|-damage|p1a: Dragapult|0 fnt\n|faint|p1a: Dragapult\n|\n|upkeep\n|c|\u2606readyoueverymuch|gg\n|c|\u2606Kazt_5|gg\n|l| 1300ELO???????\n|-message|Kazt_5 forfeited.\n|\n|win|readyoueverymuch\n|n|\u2606Kazt_5|kazt5\n|n|\u2606readyoueverymuch|readyoueverymuch\n|n| lost again|lostagain\n|n| myjava|myjava\n|n| epsilon_xd|epsilonxd\n|l|\u2606Kazt_5\n|l| myjava\n|l|\u2606readyoueverymuch\n","uploadtime":1615351164,"views":144,"p1id":"kazt5","p2id":"readyoueverymuch","formatid":"gen8ou","rating":0,"private":0,"password":null}