{"id":"gen8ou-1550886965","p1":"djok barra hi","p2":"goran el draco","format":"gen8ou","log":"|j|\u203ddjok barra hi\n|j|\u203dgoran el draco\n|t:|1649676562\n|gametype|singles\n|player|p1|djok barra hi|102|1802\n|player|p2|goran el draco|harlequin|1931\n|teamsize|p1|6\n|teamsize|p2|6\n|gen|8\n|tier|[Gen 8] OU\n|rated|\n|rule|Sleep Clause Mod: Limit one foe put to sleep\n|rule|Species Clause: Limit one of each Pok\u00e9mon\n|rule|OHKO Clause: OHKO moves are banned\n|rule|Evasion Moves Clause: Evasion moves are banned\n|rule|Endless Battle Clause: Forcing endless battles is banned\n|rule|HP Percentage Mod: HP is shown in percentages\n|rule|Dynamax Clause: You cannot dynamax\n|clearpoke\n|poke|p1|Regieleki|\n|poke|p1|Garchomp, M|\n|poke|p1|Blissey, F|\n|poke|p1|Heatran, M|\n|poke|p1|Zapdos|\n|poke|p1|Buzzwole|\n|poke|p2|Obstagoon, M|\n|poke|p2|Tyranitar, M|\n|poke|p2|Landorus-Therian, M|\n|poke|p2|Dragapult, F|\n|poke|p2|Blacephalon|\n|poke|p2|Clefable, F|\n|teampreview\n|inactive|Battle timer is ON: inactive players will automatically lose when time's up. (requested by goran el draco)\n|\n|t:|1649676583\n|start\n|switch|p1a: Garchomp|Garchomp, M|100\/100\n|switch|p2a: Clefable|Clefable, F|100\/100\n|turn|1\n|\n|t:|1649676588\n|move|p1a: Garchomp|Stealth Rock|p2a: Clefable\n|-sidestart|p2: goran el draco|move: Stealth Rock\n|move|p2a: Clefable|Moonblast|p1a: Garchomp\n|-supereffective|p1a: Garchomp\n|-damage|p1a: Garchomp|43\/100\n|\n|-heal|p1a: Garchomp|50\/100|[from] item: Leftovers\n|upkeep\n|turn|2\n|\n|t:|1649676590\n|move|p1a: Garchomp|Protect|p1a: Garchomp\n|-singleturn|p1a: Garchomp|Protect\n|move|p2a: Clefable|Moonblast|p1a: Garchomp\n|-activate|p1a: Garchomp|move: Protect\n|\n|-heal|p1a: Garchomp|56\/100|[from] item: Leftovers\n|upkeep\n|turn|3\n|\n|t:|1649676593\n|switch|p1a: Heatran|Heatran, M|100\/100\n|move|p2a: Clefable|Teleport|p2a: Clefable\n|\n|t:|1649676597\n|switch|p2a: Landorus|Landorus-Therian, M|100\/100|[from]move: Teleport\n|-damage|p2a: Landorus|88\/100|[from] Stealth Rock\n|-ability|p2a: Landorus|Intimidate|boost\n|-unboost|p1a: Heatran|atk|1\n|\n|upkeep\n|turn|4\n|\n|t:|1649676609\n|switch|p1a: Buzzwole|Buzzwole|100\/100\n|move|p2a: Landorus|Stealth Rock|p1a: Buzzwole\n|-sidestart|p1: djok barra hi|move: Stealth Rock\n|\n|upkeep\n|turn|5\n|\n|t:|1649676613\n|switch|p1a: Heatran|Heatran, M|100\/100\n|-damage|p1a: Heatran|88\/100|[from] Stealth Rock\n|switch|p2a: Clefable|Clefable, F|100\/100\n|\n|-heal|p1a: Heatran|94\/100|[from] item: Leftovers\n|upkeep\n|turn|6\n|\n|t:|1649676621\n|switch|p2a: Landorus|Landorus-Therian, M|88\/100\n|-damage|p2a: Landorus|76\/100|[from] Stealth Rock\n|-ability|p2a: Landorus|Intimidate|boost\n|-unboost|p1a: Heatran|atk|1\n|move|p1a: Heatran|Magma Storm|p2a: Landorus|[miss]\n|-miss|p1a: Heatran|p2a: Landorus\n|\n|-heal|p1a: Heatran|100\/100|[from] item: Leftovers\n|upkeep\n|turn|7\n|\n|t:|1649676629\n|switch|p1a: Buzzwole|Buzzwole|100\/100\n|-damage|p1a: Buzzwole|88\/100|[from] Stealth Rock\n|move|p2a: Landorus|Earthquake|p1a: Buzzwole\n|-resisted|p1a: Buzzwole\n|-damage|p1a: Buzzwole|73\/100\n|\n|upkeep\n|turn|8\n|\n|t:|1649676632\n|switch|p2a: Clefable|Clefable, F|100\/100\n|move|p1a: Buzzwole|Ice Punch|p2a: Clefable\n|-damage|p2a: Clefable|77\/100\n|-damage|p1a: Buzzwole|56\/100|[from] item: Rocky Helmet|[of] p2a: Clefable\n|\n|upkeep\n|turn|9\n|\n|t:|1649676636\n|move|p1a: Buzzwole|Roost|p1a: Buzzwole\n|-heal|p1a: Buzzwole|100\/100\n|-singleturn|p1a: Buzzwole|move: Roost\n|move|p2a: Clefable|Teleport|p2a: Clefable\n|\n|t:|1649676639\n|switch|p2a: Dragapult|Dragapult, F|100\/100|[from]move: Teleport\n|-damage|p2a: Dragapult|88\/100|[from] Stealth Rock\n|\n|upkeep\n|turn|10\n|\n|t:|1649676655\n|switch|p1a: Heatran|Heatran, M|100\/100\n|-damage|p1a: Heatran|88\/100|[from] Stealth Rock\n|move|p2a: Dragapult|U-turn|p1a: Heatran\n|-resisted|p1a: Heatran\n|-damage|p1a: Heatran|85\/100\n|\n|t:|1649676662\n|switch|p2a: Tyranitar|Tyranitar, M|100\/100|[from]move: U-turn\n|-damage|p2a: Tyranitar|88\/100|[from] Stealth Rock\n|-weather|Sandstorm|[from] ability: Sand Stream|[of] p2a: Tyranitar\n|\n|-weather|Sandstorm|[upkeep]\n|-heal|p1a: Heatran|92\/100|[from] item: Leftovers\n|upkeep\n|turn|11\n|\n|t:|1649676676\n|move|p2a: Tyranitar|Ice Punch|p1a: Heatran\n|-resisted|p1a: Heatran\n|-damage|p1a: Heatran|85\/100\n|-status|p2a: Tyranitar|brn|[from] ability: Flame Body|[of] p1a: Heatran\n|move|p1a: Heatran|Earth Power|p2a: Tyranitar\n|-supereffective|p2a: Tyranitar\n|-damage|p2a: Tyranitar|55\/100 brn\n|\n|-weather|Sandstorm|[upkeep]\n|-heal|p1a: Heatran|91\/100|[from] item: Leftovers\n|-damage|p2a: Tyranitar|49\/100 brn|[from] brn\n|upkeep\n|turn|12\n|\n|t:|1649676683\n|switch|p2a: Landorus|Landorus-Therian, M|76\/100\n|-damage|p2a: Landorus|64\/100|[from] Stealth Rock\n|-ability|p2a: Landorus|Intimidate|boost\n|-unboost|p1a: Heatran|atk|1\n|move|p1a: Heatran|Magma Storm|p2a: Landorus|[miss]\n|-miss|p1a: Heatran|p2a: Landorus\n|\n|-weather|Sandstorm|[upkeep]\n|-heal|p1a: Heatran|97\/100|[from] item: Leftovers\n|upkeep\n|turn|13\n|\n|t:|1649676694\n|switch|p1a: Buzzwole|Buzzwole|100\/100\n|-damage|p1a: Buzzwole|88\/100|[from] Stealth Rock\n|move|p2a: Landorus|U-turn|p1a: Buzzwole\n|-resisted|p1a: Buzzwole\n|-damage|p1a: Buzzwole|81\/100\n|-damage|p2a: Landorus|47\/100|[from] item: Rocky Helmet|[of] p1a: Buzzwole\n|\n|t:|1649676698\n|switch|p2a: Dragapult|Dragapult, F|88\/100|[from]move: U-turn\n|-damage|p2a: Dragapult|76\/100|[from] Stealth Rock\n|\n|-weather|Sandstorm|[upkeep]\n|-damage|p2a: Dragapult|70\/100|[from] Sandstorm\n|-damage|p1a: Buzzwole|75\/100|[from] Sandstorm\n|upkeep\n|turn|14\n|\n|t:|1649676707\n|switch|p1a: Blissey|Blissey, F|100\/100\n|-damage|p1a: Blissey|88\/100|[from] Stealth Rock\n|move|p2a: Dragapult|U-turn|p1a: Blissey\n|-damage|p1a: Blissey|74\/100\n|-damage|p2a: Dragapult|53\/100|[from] item: Rocky Helmet|[of] p1a: Blissey\n|\n|t:|1649676713\n|switch|p2a: Obstagoon|Obstagoon, M|100\/100|[from]move: U-turn\n|-damage|p2a: Obstagoon|88\/100|[from] Stealth Rock\n|\n|-weather|none\n|-status|p2a: Obstagoon|brn|[from] item: Flame Orb\n|upkeep\n|turn|15\n|\n|t:|1649676722\n|switch|p1a: Garchomp|Garchomp, M|56\/100\n|-damage|p1a: Garchomp|50\/100|[from] Stealth Rock\n|move|p2a: Obstagoon|Bulk Up|p2a: Obstagoon\n|-boost|p2a: Obstagoon|atk|1\n|-boost|p2a: Obstagoon|def|1\n|\n|-heal|p1a: Garchomp|56\/100|[from] item: Leftovers\n|-damage|p2a: Obstagoon|82\/100 brn|[from] brn\n|upkeep\n|turn|16\n|\n|t:|1649676725\n|move|p1a: Garchomp|Protect|p1a: Garchomp\n|-singleturn|p1a: Garchomp|Protect\n|move|p2a: Obstagoon|Facade|p1a: Garchomp\n|-activate|p1a: Garchomp|move: Protect\n|\n|-heal|p1a: Garchomp|62\/100|[from] item: Leftovers\n|-damage|p2a: Obstagoon|76\/100 brn|[from] brn\n|upkeep\n|turn|17\n|\n|t:|1649676729\n|move|p2a: Obstagoon|Facade|p1a: Garchomp\n|-damage|p1a: Garchomp|0 fnt\n|-damage|p2a: Obstagoon|64\/100 brn|[from] ability: Rough Skin|[of] p1a: Garchomp\n|faint|p1a: Garchomp\n|\n|-damage|p2a: Obstagoon|58\/100 brn|[from] brn\n|upkeep\n|\n|t:|1649676733\n|switch|p1a: Regieleki|Regieleki|100\/100\n|-damage|p1a: Regieleki|88\/100|[from] Stealth Rock\n|turn|18\n|\n|t:|1649676738\n|switch|p2a: Landorus|Landorus-Therian, M|47\/100\n|-damage|p2a: Landorus|35\/100|[from] Stealth Rock\n|-ability|p2a: Landorus|Intimidate|boost\n|-unboost|p1a: Regieleki|atk|1\n|move|p1a: Regieleki|Substitute|p1a: Regieleki\n|-start|p1a: Regieleki|Substitute\n|-damage|p1a: Regieleki|63\/100\n|\n|-heal|p1a: Regieleki|69\/100|[from] item: Leftovers\n|upkeep\n|turn|19\n|\n|t:|1649676741\n|move|p1a: Regieleki|Protect|p1a: Regieleki\n|-singleturn|p1a: Regieleki|Protect\n|move|p2a: Landorus|Earthquake|p1a: Regieleki\n|-activate|p1a: Regieleki|move: Protect\n|\n|-heal|p1a: Regieleki|75\/100|[from] item: Leftovers\n|upkeep\n|turn|20\n|\n|t:|1649676742\n|move|p1a: Regieleki|Rapid Spin|p2a: Landorus\n|-damage|p2a: Landorus|28\/100\n|-boost|p1a: Regieleki|spe|1\n|-damage|p1a: Regieleki|59\/100|[from] item: Rocky Helmet|[of] p2a: Landorus\n|-sideend|p1: djok barra hi|Stealth Rock|[from] move: Rapid Spin|[of] p1a: Regieleki\n|move|p2a: Landorus|Earthquake|p1a: Regieleki\n|-supereffective|p1a: Regieleki\n|-end|p1a: Regieleki|Substitute\n|\n|-heal|p1a: Regieleki|65\/100|[from] item: Leftovers\n|upkeep\n|turn|21\n|\n|t:|1649676747\n|move|p1a: Regieleki|Substitute|p1a: Regieleki\n|-start|p1a: Regieleki|Substitute\n|-damage|p1a: Regieleki|40\/100\n|move|p2a: Landorus|Stealth Rock|p1a: Regieleki\n|-sidestart|p1: djok barra hi|move: Stealth Rock\n|\n|-heal|p1a: Regieleki|46\/100|[from] item: Leftovers\n|upkeep\n|turn|22\n|\n|t:|1649676749\n|move|p1a: Regieleki|Protect|p1a: Regieleki\n|-singleturn|p1a: Regieleki|Protect\n|move|p2a: Landorus|Earthquake|p1a: Regieleki\n|-activate|p1a: Regieleki|move: Protect\n|\n|-heal|p1a: Regieleki|52\/100|[from] item: Leftovers\n|upkeep\n|turn|23\n|\n|t:|1649676751\n|move|p1a: Regieleki|Rapid Spin|p2a: Landorus\n|-damage|p2a: Landorus|21\/100\n|-boost|p1a: Regieleki|spe|1\n|-damage|p1a: Regieleki|35\/100|[from] item: Rocky Helmet|[of] p2a: Landorus\n|-sideend|p1: djok barra hi|Stealth Rock|[from] move: Rapid Spin|[of] p1a: Regieleki\n|move|p2a: Landorus|Earthquake|p1a: Regieleki\n|-supereffective|p1a: Regieleki\n|-end|p1a: Regieleki|Substitute\n|\n|-heal|p1a: Regieleki|41\/100|[from] item: Leftovers\n|upkeep\n|turn|24\n|\n|t:|1649676758\n|switch|p1a: Buzzwole|Buzzwole|75\/100\n|move|p2a: Landorus|Stealth Rock|p1a: Buzzwole\n|-sidestart|p1: djok barra hi|move: Stealth Rock\n|\n|upkeep\n|turn|25\n|\n|t:|1649676762\n|switch|p2a: Clefable|Clefable, F|77\/100\n|move|p1a: Buzzwole|Roost|p1a: Buzzwole\n|-heal|p1a: Buzzwole|100\/100\n|-singleturn|p1a: Buzzwole|move: Roost\n|\n|upkeep\n|turn|26\n|\n|t:|1649676767\n|switch|p1a: Heatran|Heatran, M|97\/100\n|-damage|p1a: Heatran|85\/100|[from] Stealth Rock\n|move|p2a: Clefable|Wish|p2a: Clefable\n|\n|-heal|p1a: Heatran|91\/100|[from] item: Leftovers\n|upkeep\n|turn|27\n|\n|t:|1649676773\n|move|p2a: Clefable|Protect|p2a: Clefable\n|-singleturn|p2a: Clefable|Protect\n|move|p1a: Heatran|Heavy Slam|p2a: Clefable\n|-activate|p2a: Clefable|move: Protect\n|\n|-heal|p2a: Clefable|100\/100|[from] move: Wish|[wisher] Clefable\n|-heal|p1a: Heatran|97\/100|[from] item: Leftovers\n|upkeep\n|turn|28\n|\n|t:|1649676796\n|switch|p2a: Tyranitar|Tyranitar, M|49\/100 brn\n|-damage|p2a: Tyranitar|37\/100 brn|[from] Stealth Rock\n|-weather|Sandstorm|[from] ability: Sand Stream|[of] p2a: Tyranitar\n|move|p1a: Heatran|Magma Storm|p2a: Tyranitar\n|-resisted|p2a: Tyranitar\n|-damage|p2a: Tyranitar|23\/100 brn\n|-activate|p2a: Tyranitar|move: Magma Storm|[of] p1a: Heatran\n|\n|-weather|Sandstorm|[upkeep]\n|-heal|p1a: Heatran|100\/100|[from] item: Leftovers\n|-damage|p2a: Tyranitar|17\/100 brn|[from] brn\n|-damage|p2a: Tyranitar|5\/100 brn|[from] move: Magma Storm|[partiallytrapped]\n|upkeep\n|turn|29\n|\n|t:|1649676802\n|move|p2a: Tyranitar|Stone Edge|p1a: Heatran\n|-damage|p1a: Heatran|72\/100\n|move|p1a: Heatran|Earth Power|p2a: Tyranitar\n|-supereffective|p2a: Tyranitar\n|-crit|p2a: Tyranitar\n|-damage|p2a: Tyranitar|0 fnt\n|faint|p2a: Tyranitar\n|\n|-weather|Sandstorm|[upkeep]\n|-heal|p1a: Heatran|78\/100|[from] item: Leftovers\n|upkeep\n|\n|t:|1649676812\n|switch|p2a: Dragapult|Dragapult, F|53\/100\n|-damage|p2a: Dragapult|41\/100|[from] Stealth Rock\n|turn|30\n|\n|t:|1649676818\n|move|p2a: Dragapult|Shadow Ball|p1a: Heatran\n|-damage|p1a: Heatran|28\/100\n|move|p1a: Heatran|Heavy Slam|p2a: Dragapult\n|-damage|p2a: Dragapult|0 fnt\n|faint|p2a: Dragapult\n|\n|-weather|Sandstorm|[upkeep]\n|-heal|p1a: Heatran|34\/100|[from] item: Leftovers\n|upkeep\n|\n|t:|1649676821\n|switch|p2a: Obstagoon|Obstagoon, M|58\/100 brn\n|-damage|p2a: Obstagoon|46\/100 brn|[from] Stealth Rock\n|turn|31\n|\n|t:|1649676833\n|switch|p1a: Buzzwole|Buzzwole|100\/100\n|-damage|p1a: Buzzwole|88\/100|[from] Stealth Rock\n|move|p2a: Obstagoon|Knock Off|p1a: Buzzwole\n|-resisted|p1a: Buzzwole\n|-damage|p1a: Buzzwole|67\/100\n|-damage|p2a: Obstagoon|29\/100 brn|[from] item: Rocky Helmet|[of] p1a: Buzzwole\n|-enditem|p1a: Buzzwole|Rocky Helmet|[from] move: Knock Off|[of] p2a: Obstagoon\n|\n|-weather|Sandstorm|[upkeep]\n|-damage|p2a: Obstagoon|23\/100 brn|[from] Sandstorm\n|-damage|p1a: Buzzwole|61\/100|[from] Sandstorm\n|-damage|p2a: Obstagoon|17\/100 brn|[from] brn\n|upkeep\n|turn|32\n|\n|t:|1649676836\n|switch|p2a: Clefable|Clefable, F|100\/100\n|move|p1a: Buzzwole|Roost|p1a: Buzzwole\n|-heal|p1a: Buzzwole|100\/100\n|-singleturn|p1a: Buzzwole|move: Roost\n|\n|-weather|none\n|upkeep\n|turn|33\n|\n|t:|1649676841\n|switch|p1a: Heatran|Heatran, M|34\/100\n|-damage|p1a: Heatran|22\/100|[from] Stealth Rock\n|move|p2a: Clefable|Wish|p2a: Clefable\n|\n|-heal|p1a: Heatran|28\/100|[from] item: Leftovers\n|upkeep\n|turn|34\n|\n|t:|1649676846\n|move|p1a: Heatran|Heavy Slam|p2a: Clefable\n|-supereffective|p2a: Clefable\n|-damage|p2a: Clefable|41\/100\n|-damage|p1a: Heatran|11\/100|[from] item: Rocky Helmet|[of] p2a: Clefable\n|move|p2a: Clefable|Teleport|p2a: Clefable\n|\n|t:|1649676862\n|switch|p2a: Obstagoon|Obstagoon, M|17\/100 brn|[from]move: Teleport\n|-damage|p2a: Obstagoon|5\/100 brn|[from] Stealth Rock\n|\n|-heal|p2a: Obstagoon|61\/100 brn|[from] move: Wish|[wisher] Clefable\n|-heal|p1a: Heatran|18\/100|[from] item: Leftovers\n|-damage|p2a: Obstagoon|55\/100 brn|[from] brn\n|upkeep\n|turn|35\n|\n|t:|1649676886\n|move|p2a: Obstagoon|Facade|p1a: Heatran\n|-resisted|p1a: Heatran\n|-damage|p1a: Heatran|0 fnt\n|faint|p1a: Heatran\n|\n|-damage|p2a: Obstagoon|49\/100 brn|[from] brn\n|upkeep\n|\n|t:|1649676889\n|switch|p1a: Zapdos|Zapdos|100\/100\n|turn|36\n|\n|t:|1649676892\n|move|p1a: Zapdos|Thunderbolt|p2a: Obstagoon\n|-damage|p2a: Obstagoon|0 fnt\n|faint|p2a: Obstagoon\n|\n|upkeep\n|\n|t:|1649676899\n|switch|p2a: Blacephalon|Blacephalon|100\/100\n|-damage|p2a: Blacephalon|76\/100|[from] Stealth Rock\n|turn|37\n|\n|t:|1649676906\n|move|p2a: Blacephalon|Overheat|p1a: Zapdos\n|-damage|p1a: Zapdos|14\/100\n|-unboost|p2a: Blacephalon|spa|2\n|move|p1a: Zapdos|Thunderbolt|p2a: Blacephalon\n|-damage|p2a: Blacephalon|0 fnt\n|faint|p2a: Blacephalon\n|\n|upkeep\n|\n|t:|1649676910\n|switch|p2a: Clefable|Clefable, F|41\/100\n|turn|38\n|\n|t:|1649676917\n|move|p1a: Zapdos|Hurricane|p2a: Clefable\n|-damage|p2a: Clefable|0 fnt\n|faint|p2a: Clefable\n|\n|upkeep\n|-message|goran el draco forfeited.\n|\n|win|djok barra hi\n|raw|djok barra hi's rating: 1802 &rarr; <strong>1829<\/strong><br \/>(+27 for winning)\n|raw|goran el draco's rating: 1931 &rarr; <strong>1904<\/strong><br \/>(-27 for losing)\n|l|\u203dgoran el draco\n|c|\u203ddjok barra hi|\/log djok barra hi made this room public.\n","uploadtime":1649676930,"views":57,"p1id":"djokbarrahi","p2id":"goraneldraco","formatid":"gen8ou","rating":1829,"private":0,"password":null}