{"id":"gen8doublesoudynamaxlevel0-1147438821","p1":"VGC Test658","p2":"cold.exe","format":"gen8doublesoudynamaxlevel0","log":"|j|\u2606VGC Test658\n|j|\u2606cold.exe\n|player|p1|VGC Test658|102|1183\n|player|p2|cold.exe|flannery|1182\n|teamsize|p1|6\n|teamsize|p2|6\n|gametype|doubles\n|gen|8\n|tier|[Gen 8] Doubles OU (Dynamax Level 0)\n|rated|\n|clearpoke\n|poke|p1|Rillaboom, M|\n|poke|p1|Porygon2|\n|poke|p1|Marowak-Alola, M|\n|poke|p1|Indeedee-F, F|\n|poke|p1|Hatterene, F|\n|poke|p1|Azumarill, F|\n|poke|p2|Hatterene, F|\n|poke|p2|Togekiss, M|\n|poke|p2|Dusclops, M|\n|poke|p2|Cinderace, M|\n|poke|p2|Diggersby, M|\n|poke|p2|Amoonguss, M|\n|rule|Species Clause: Limit one of each Pok\u00e9mon\n|rule|OHKO Clause: OHKO moves are banned\n|rule|Evasion Moves Clause: Evasion moves are banned\n|rule|Gravity Sleep Clause: The combination of sleep-inducing moves with imperfect accuracy and Gravity or Gigantamax Orbeetle are banned\n|rule|Endless Battle Clause: Forcing endless battles is banned\n|rule|HP Percentage Mod: HP is shown in percentages\n|teampreview\n|inactive|Battle timer is ON: inactive players will automatically lose when time's up. (requested by cold.exe)\n|\n|start\n|switch|p1a: \u30c0\u30a6\u30f3\u30ed\u30fc\u30c9|Porygon2|100\/100\n|switch|p1b: \u30d5\u30a1\u30f3\u30c8\u30e0\u30d5\u30ec\u30a2|Marowak-Alola, M, shiny|100\/100\n|switch|p2a: Hatterene|Hatterene, F|100\/100\n|switch|p2b: Dusclops|Dusclops, M|100\/100\n|-ability|p1a: \u30c0\u30a6\u30f3\u30ed\u30fc\u30c9|Download|boost\n|-boost|p1a: \u30c0\u30a6\u30f3\u30ed\u30fc\u30c9|spa|1\n|-item|p1a: \u30c0\u30a6\u30f3\u30ed\u30fc\u30c9|Eviolite|[from] ability: Frisk|[of] p2b: Dusclops|[identify]\n|-item|p1b: \u30d5\u30a1\u30f3\u30c8\u30e0\u30d5\u30ec\u30a2|Thick Club|[from] ability: Frisk|[of] p2b: Dusclops|[identify]\n|turn|1\n|inactive|cold.exe has 120 seconds left.\n|-message|cold.exe forfeited.\n|\n|win|VGC Test658\n|l|\u2606cold.exe\n","uploadtime":1594222348,"views":0,"p1id":"vgctest658","p2id":"coldexe","formatid":"gen8doublesoudynamaxlevel0","rating":0,"private":0,"password":null}