{"id":"gen8ou-1112880439","p1":"N30N3","p2":"oldspicemike","format":"gen8ou","log":"|j|\u2606N30N3\n|j|\u2606oldspicemike\n|player|p1|N30N3|2|2025\n|player|p2|oldspicemike|170|2012\n|teamsize|p1|6\n|teamsize|p2|6\n|gametype|singles\n|gen|8\n|tier|[Gen 8] OU\n|rated|\n|clearpoke\n|poke|p1|Mimikyu, F|\n|poke|p1|Hippowdon, M|\n|poke|p1|Excadrill, F|\n|poke|p1|Tyranitar, F|\n|poke|p1|Kyurem|\n|poke|p1|Ferrothorn, M|\n|poke|p2|Cinderace, M|\n|poke|p2|Primarina, M|\n|poke|p2|Seismitoad, M|\n|poke|p2|Corviknight, M|\n|poke|p2|Gengar, M|\n|poke|p2|Obstagoon, F|\n|rule|Sleep Clause Mod: Limit one foe put to sleep\n|rule|Species Clause: Limit one of each Pok\u00e9mon\n|rule|OHKO Clause: OHKO moves are banned\n|rule|Evasion Moves Clause: Evasion moves are banned\n|rule|Endless Battle Clause: Forcing endless battles is banned\n|rule|HP Percentage Mod: HP is shown in percentages\n|rule|Dynamax Clause: You cannot dynamax\n|teampreview\n|j| 10 margs deep\n|j| Caly's\n|inactive|Battle timer is ON: inactive players will automatically lose when time's up. (requested by N30N3)\n|j| phys2000\n|\n|start\n|switch|p1a: Hippowdon|Hippowdon, M|100\/100\n|switch|p2a: Cinderace|Cinderace, M|100\/100\n|-weather|Sandstorm|[from] ability: Sand Stream|[of] p1a: Hippowdon\n|turn|1\n|j| yuy\n|\n|switch|p2a: Seismitoad|Seismitoad, M|100\/100\n|move|p1a: Hippowdon|Earthquake|p2a: Seismitoad\n|-crit|p2a: Seismitoad\n|-damage|p2a: Seismitoad|60\/100\n|\n|-weather|Sandstorm|[upkeep]\n|-heal|p2a: Seismitoad|66\/100|[from] item: Leftovers\n|upkeep\n|turn|2\n|j| Gyorg Costanza\n|j| spacie meta\n|l| Gyorg Costanza\n|\n|switch|p1a: Kyurem|Kyurem|100\/100\n|-ability|p1a: Kyurem|Pressure\n|move|p2a: Seismitoad|Stealth Rock|p1a: Kyurem\n|-sidestart|p1: N30N3|move: Stealth Rock\n|\n|-weather|Sandstorm|[upkeep]\n|-damage|p1a: Kyurem|94\/100|[from] Sandstorm\n|-heal|p2a: Seismitoad|72\/100|[from] item: Leftovers\n|upkeep\n|turn|3\n|j|+MJB\n|\n|switch|p2a: Gengar|Gengar, M|100\/100\n|move|p1a: Kyurem|Freeze-Dry|p2a: Gengar\n|-damage|p2a: Gengar|0 fnt\n|faint|p2a: Gengar\n|\n|-weather|Sandstorm|[upkeep]\n|-damage|p1a: Kyurem|88\/100|[from] Sandstorm\n|upkeep\n|j| Fairy Child\n|\n|switch|p2a: Cinderace|Cinderace, M|100\/100\n|turn|4\n|\n|switch|p1a: Hippowdon|Hippowdon, M|100\/100\n|-damage|p1a: Hippowdon|94\/100|[from] Stealth Rock\n|move|p2a: Cinderace|High Jump Kick|p1a: Hippowdon\n|-damage|p1a: Hippowdon|58\/100\n|\n|-weather|Sandstorm|[upkeep]\n|-damage|p2a: Cinderace|95\/100|[from] Sandstorm\n|upkeep\n|turn|5\n|\n|switch|p2a: Primarina|Primarina, M|100\/100\n|move|p1a: Hippowdon|Slack Off|p1a: Hippowdon\n|-heal|p1a: Hippowdon|100\/100\n|\n|-weather|Sandstorm|[upkeep]\n|-damage|p2a: Primarina|94\/100|[from] Sandstorm\n|-heal|p2a: Primarina|100\/100|[from] item: Leftovers\n|upkeep\n|turn|6\n|\n|switch|p1a: Ferrothorn|Ferrothorn, M|100\/100\n|-damage|p1a: Ferrothorn|94\/100|[from] Stealth Rock\n|move|p2a: Primarina|Scald|p1a: Ferrothorn\n|-resisted|p1a: Ferrothorn\n|-damage|p1a: Ferrothorn|77\/100\n|\n|-weather|Sandstorm|[upkeep]\n|-damage|p2a: Primarina|94\/100|[from] Sandstorm\n|-heal|p2a: Primarina|100\/100|[from] item: Leftovers\n|-heal|p1a: Ferrothorn|84\/100|[from] item: Leftovers\n|upkeep\n|turn|7\n|\n|move|p2a: Primarina|Substitute|p2a: Primarina\n|-start|p2a: Primarina|Substitute\n|-damage|p2a: Primarina|76\/100\n|move|p1a: Ferrothorn|Spikes|p2a: Primarina\n|-sidestart|p2: oldspicemike|Spikes\n|\n|-weather|Sandstorm|[upkeep]\n|-damage|p2a: Primarina|70\/100|[from] Sandstorm\n|-heal|p2a: Primarina|76\/100|[from] item: Leftovers\n|-heal|p1a: Ferrothorn|90\/100|[from] item: Leftovers\n|upkeep\n|turn|8\n|\n|move|p2a: Primarina|Scald|p1a: Ferrothorn\n|-resisted|p1a: Ferrothorn\n|-damage|p1a: Ferrothorn|74\/100\n|move|p1a: Ferrothorn|Spikes|p2a: Primarina\n|-sidestart|p2: oldspicemike|Spikes\n|\n|-weather|none\n|-heal|p2a: Primarina|82\/100|[from] item: Leftovers\n|-heal|p1a: Ferrothorn|80\/100|[from] item: Leftovers\n|upkeep\n|turn|9\n|\n|move|p2a: Primarina|Scald|p1a: Ferrothorn\n|-resisted|p1a: Ferrothorn\n|-damage|p1a: Ferrothorn|63\/100\n|move|p1a: Ferrothorn|Spikes|p2a: Primarina\n|-sidestart|p2: oldspicemike|Spikes\n|\n|-heal|p2a: Primarina|88\/100|[from] item: Leftovers\n|-heal|p1a: Ferrothorn|69\/100|[from] item: Leftovers\n|upkeep\n|turn|10\n|\n|move|p2a: Primarina|Calm Mind|p2a: Primarina\n|-boost|p2a: Primarina|spa|1\n|-boost|p2a: Primarina|spd|1\n|move|p1a: Ferrothorn|Gyro Ball|p2a: Primarina\n|-end|p2a: Primarina|Substitute\n|\n|-heal|p2a: Primarina|94\/100|[from] item: Leftovers\n|-heal|p1a: Ferrothorn|75\/100|[from] item: Leftovers\n|upkeep\n|turn|11\n|\n|switch|p2a: Corviknight|Corviknight, M|100\/100\n|-ability|p2a: Corviknight|Pressure\n|move|p1a: Ferrothorn|Gyro Ball|p2a: Corviknight\n|-resisted|p2a: Corviknight\n|-damage|p2a: Corviknight|91\/100\n|\n|-heal|p2a: Corviknight|97\/100|[from] item: Leftovers\n|-heal|p1a: Ferrothorn|81\/100|[from] item: Leftovers\n|upkeep\n|turn|12\n|\n|move|p2a: Corviknight|Defog|p1a: Ferrothorn\n|-unboost|p1a: Ferrothorn|evasion|1\n|-sideend|p1: N30N3|Stealth Rock|[from] move: Defog|[of] p2a: Corviknight\n|-sideend|p2: oldspicemike|Spikes|[from] move: Defog|[of] p2a: Corviknight\n|move|p1a: Ferrothorn|Leech Seed|p2a: Corviknight\n|-start|p2a: Corviknight|move: Leech Seed\n|\n|-heal|p2a: Corviknight|100\/100|[from] item: Leftovers\n|-heal|p1a: Ferrothorn|88\/100|[from] item: Leftovers\n|-damage|p2a: Corviknight|88\/100|[from] Leech Seed|[of] p1a: Ferrothorn\n|-heal|p1a: Ferrothorn|100\/100|[silent]\n|upkeep\n|turn|13\n|\n|switch|p2a: Cinderace|Cinderace, M|95\/100\n|move|p1a: Ferrothorn|Knock Off|p2a: Cinderace\n|-damage|p2a: Cinderace|61\/100\n|-enditem|p2a: Cinderace|Choice Band|[from] move: Knock Off|[of] p1a: Ferrothorn\n|\n|upkeep\n|turn|14\n|j| ID Uc207Pr4f57t9\n|\n|switch|p2a: Primarina|Primarina, M|94\/100\n|switch|p1a: Hippowdon|Hippowdon, M|100\/100\n|-weather|Sandstorm|[from] ability: Sand Stream|[of] p1a: Hippowdon\n|\n|-weather|Sandstorm|[upkeep]\n|-damage|p2a: Primarina|88\/100|[from] Sandstorm\n|-heal|p2a: Primarina|94\/100|[from] item: Leftovers\n|upkeep\n|turn|15\n|\n|move|p2a: Primarina|Scald|p1a: Hippowdon\n|-supereffective|p1a: Hippowdon\n|-damage|p1a: Hippowdon|27\/100\n|move|p1a: Hippowdon|Stealth Rock|p2a: Primarina\n|-sidestart|p2: oldspicemike|move: Stealth Rock\n|\n|-weather|Sandstorm|[upkeep]\n|-damage|p2a: Primarina|88\/100|[from] Sandstorm\n|-heal|p2a: Primarina|94\/100|[from] item: Leftovers\n|upkeep\n|turn|16\n|\n|switch|p2a: Cinderace|Cinderace, M|61\/100\n|-damage|p2a: Cinderace|36\/100|[from] Stealth Rock\n|switch|p1a: Ferrothorn|Ferrothorn, M|100\/100\n|\n|-weather|Sandstorm|[upkeep]\n|-damage|p2a: Cinderace|30\/100|[from] Sandstorm\n|upkeep\n|turn|17\n|\n|switch|p1a: Tyranitar|Tyranitar, F|100\/100\n|move|p2a: Cinderace|Pyro Ball|p1a: Tyranitar|[miss]\n|-miss|p2a: Cinderace|p1a: Tyranitar\n|\n|-weather|Sandstorm|[upkeep]\n|-damage|p2a: Cinderace|24\/100|[from] Sandstorm\n|upkeep\n|turn|18\n|\n|switch|p1a: Mimikyu|Mimikyu, F|100\/100\n|move|p2a: Cinderace|High Jump Kick|p1a: Mimikyu\n|-immune|p1a: Mimikyu\n|-damage|p2a: Cinderace|0 fnt|[from] highjumpkick\n|faint|p2a: Cinderace\n|\n|-weather|Sandstorm|[upkeep]\n|-damage|p1a: Mimikyu|95\/100|[from] Sandstorm\n|upkeep\n|j| Disable animations\n|c| Disable animations|2000 woah\n|j| Trophus\n|\n|switch|p2a: Seismitoad|Seismitoad, M|72\/100\n|-damage|p2a: Seismitoad|66\/100|[from] Stealth Rock\n|turn|19\n|\n|switch|p1a: Kyurem|Kyurem|88\/100\n|-ability|p1a: Kyurem|Pressure\n|move|p2a: Seismitoad|Scald|p1a: Kyurem\n|-resisted|p1a: Kyurem\n|-damage|p1a: Kyurem|76\/100\n|\n|-weather|Sandstorm|[upkeep]\n|-damage|p1a: Kyurem|70\/100|[from] Sandstorm\n|-heal|p2a: Seismitoad|72\/100|[from] item: Leftovers\n|upkeep\n|turn|20\n|j| jcfarias84\n|\n|move|p1a: Kyurem|Freeze-Dry|p2a: Seismitoad\n|-supereffective|p2a: Seismitoad\n|-damage|p2a: Seismitoad|0 fnt\n|faint|p2a: Seismitoad\n|\n|-weather|Sandstorm|[upkeep]\n|-damage|p1a: Kyurem|64\/100|[from] Sandstorm\n|upkeep\n|\n|switch|p2a: Obstagoon|Obstagoon, F|100\/100\n|-damage|p2a: Obstagoon|88\/100|[from] Stealth Rock\n|turn|21\n|j| Irene Belserion\n|\n|switch|p1a: Ferrothorn|Ferrothorn, M|100\/100\n|move|p2a: Obstagoon|Knock Off|p1a: Ferrothorn\n|-damage|p1a: Ferrothorn|75\/100\n|-damage|p2a: Obstagoon|76\/100|[from] ability: Iron Barbs|[of] p1a: Ferrothorn\n|-enditem|p1a: Ferrothorn|Leftovers|[from] move: Knock Off|[of] p2a: Obstagoon\n|\n|-weather|none\n|-status|p2a: Obstagoon|brn|[from] item: Flame Orb\n|upkeep\n|turn|22\n|\n|move|p2a: Obstagoon|Switcheroo|p1a: Ferrothorn\n|-activate|p2a: Obstagoon|move: Trick|[of] p1a: Ferrothorn\n|-item|p1a: Ferrothorn|Flame Orb|[from] move: Switcheroo\n|-enditem|p2a: Obstagoon|Flame Orb|[silent]|[from] move: Switcheroo\n|move|p1a: Ferrothorn|Leech Seed|p2a: Obstagoon\n|-start|p2a: Obstagoon|move: Leech Seed\n|\n|-damage|p2a: Obstagoon|64\/100 brn|[from] Leech Seed|[of] p1a: Ferrothorn\n|-heal|p1a: Ferrothorn|86\/100|[silent]\n|-damage|p2a: Obstagoon|58\/100 brn|[from] brn\n|-status|p1a: Ferrothorn|brn|[from] item: Flame Orb\n|upkeep\n|turn|23\n|j| Uncool_loser\n|\n|switch|p2a: Corviknight|Corviknight, M|88\/100\n|-damage|p2a: Corviknight|75\/100|[from] Stealth Rock\n|-ability|p2a: Corviknight|Pressure\n|move|p1a: Ferrothorn|Knock Off|p2a: Corviknight\n|-damage|p2a: Corviknight|69\/100\n|-enditem|p2a: Corviknight|Leftovers|[from] move: Knock Off|[of] p1a: Ferrothorn\n|\n|-damage|p1a: Ferrothorn|80\/100 brn|[from] brn\n|upkeep\n|turn|24\n|j| Newcomerxxx\n|inactive|N30N3 has 120 seconds left.\n|\n|switch|p1a: Kyurem|Kyurem|64\/100\n|-ability|p1a: Kyurem|Pressure\n|move|p2a: Corviknight|U-turn|p1a: Kyurem\n|-damage|p1a: Kyurem|49\/100\n|j| ismail10\n|\n|switch|p2a: Obstagoon|Obstagoon, F|58\/100 brn|[from]move: U-turn\n|-damage|p2a: Obstagoon|45\/100 brn|[from] Stealth Rock\n|\n|-damage|p2a: Obstagoon|39\/100 brn|[from] brn\n|upkeep\n|turn|25\n|\n|switch|p1a: Ferrothorn|Ferrothorn, M|80\/100 brn\n|move|p2a: Obstagoon|Facade|p1a: Ferrothorn\n|-resisted|p1a: Ferrothorn\n|-damage|p1a: Ferrothorn|53\/100 brn\n|-damage|p2a: Obstagoon|27\/100 brn|[from] ability: Iron Barbs|[of] p1a: Ferrothorn\n|\n|-damage|p2a: Obstagoon|21\/100 brn|[from] brn\n|-damage|p1a: Ferrothorn|47\/100 brn|[from] brn\n|upkeep\n|turn|26\n|\n|switch|p2a: Corviknight|Corviknight, M|69\/100\n|-damage|p2a: Corviknight|57\/100|[from] Stealth Rock\n|-ability|p2a: Corviknight|Pressure\n|move|p1a: Ferrothorn|Spikes|p2a: Corviknight\n|-sidestart|p2: oldspicemike|Spikes\n|\n|-damage|p1a: Ferrothorn|40\/100 brn|[from] brn\n|upkeep\n|turn|27\n|inactive|N30N3 has 120 seconds left.\n|\n|move|p2a: Corviknight|Defog|p1a: Ferrothorn\n|-unboost|p1a: Ferrothorn|evasion|1\n|-sideend|p2: oldspicemike|Spikes|[from] move: Defog|[of] p2a: Corviknight\n|-sideend|p2: oldspicemike|Stealth Rock|[from] move: Defog|[of] p2a: Corviknight\n|move|p1a: Ferrothorn|Leech Seed|p2a: Corviknight\n|-start|p2a: Corviknight|move: Leech Seed\n|\n|-damage|p2a: Corviknight|44\/100|[from] Leech Seed|[of] p1a: Ferrothorn\n|-heal|p1a: Ferrothorn|54\/100 brn|[silent]\n|-damage|p1a: Ferrothorn|48\/100 brn|[from] brn\n|upkeep\n|turn|28\n|\n|switch|p1a: Kyurem|Kyurem|49\/100\n|-ability|p1a: Kyurem|Pressure\n|move|p2a: Corviknight|U-turn|p1a: Kyurem\n|-damage|p1a: Kyurem|36\/100\n|\n|switch|p2a: Obstagoon|Obstagoon, F|21\/100 brn|[from]move: U-turn\n|\n|-damage|p2a: Obstagoon|15\/100 brn|[from] brn\n|upkeep\n|turn|29\n|\n|switch|p1a: Ferrothorn|Ferrothorn, M|48\/100 brn\n|move|p2a: Obstagoon|Facade|p1a: Ferrothorn\n|-resisted|p1a: Ferrothorn\n|-damage|p1a: Ferrothorn|20\/100 brn\n|-damage|p2a: Obstagoon|3\/100 brn|[from] ability: Iron Barbs|[of] p1a: Ferrothorn\n|\n|-damage|p2a: Obstagoon|0 fnt|[from] brn\n|faint|p2a: Obstagoon\n|-damage|p1a: Ferrothorn|14\/100 brn|[from] brn\n|upkeep\n|l| Caly's\n|\n|switch|p2a: Primarina|Primarina, M|94\/100\n|turn|30\n|\n|switch|p1a: Tyranitar|Tyranitar, F|100\/100\n|-weather|Sandstorm|[from] ability: Sand Stream|[of] p1a: Tyranitar\n|move|p2a: Primarina|Substitute|p2a: Primarina\n|-start|p2a: Primarina|Substitute\n|-damage|p2a: Primarina|69\/100\n|\n|-weather|Sandstorm|[upkeep]\n|-damage|p2a: Primarina|63\/100|[from] Sandstorm\n|-heal|p2a: Primarina|69\/100|[from] item: Leftovers\n|upkeep\n|turn|31\n|\n|move|p1a: Tyranitar|Stone Edge|p2a: Primarina\n|-end|p2a: Primarina|Substitute\n|move|p2a: Primarina|Scald|p1a: Tyranitar\n|-supereffective|p1a: Tyranitar\n|-damage|p1a: Tyranitar|46\/100\n|\n|-weather|Sandstorm|[upkeep]\n|-damage|p2a: Primarina|63\/100|[from] Sandstorm\n|-heal|p2a: Primarina|69\/100|[from] item: Leftovers\n|upkeep\n|turn|32\n|\n|move|p1a: Tyranitar|Stone Edge|p2a: Primarina\n|-damage|p2a: Primarina|0 fnt\n|faint|p2a: Primarina\n|\n|-weather|Sandstorm|[upkeep]\n|upkeep\n|c|\u2606oldspicemike|gg\n|l| Uncool_loser\n|j| hell yeah HYper\n|-message|oldspicemike forfeited.\n|\n|win|N30N3\n|c|\u2606N30N3|Gg\n|l|+MJB\n|l| Fairy Child\n|l|\u2606oldspicemike\n|l| hell yeah HYper\n|l| phys2000\n||Ladder (probably) updated, but score could not be retrieved (Response not received).\n|l|\u2606N30N3\n|l| spacie meta\n|c| jcfarias84|rank N30N3\n|l| 10 margs deep\n|c| Newcomerxxx|2045\n|c| Newcomerxxx|Wow\n","uploadtime":1589226763,"views":478,"p1id":"n30n3","p2id":"oldspicemike","formatid":"gen8ou","rating":0,"private":0,"password":null}