{"id":"gen8ou-1251095449","p1":"legitteambuilder","p2":"jeanmilapipe","format":"gen8ou","log":"|j|\u2606legitteambuilder\n|j|\u2606jeanmilapipe\n|t:|1609070994\n|player|p1|legitteambuilder|lance|1870\n|player|p2|jeanmilapipe|n|1775\n|teamsize|p1|6\n|teamsize|p2|6\n|gametype|singles\n|gen|8\n|tier|[Gen 8] OU\n|rated|\n|clearpoke\n|poke|p1|Azumarill, F|\n|poke|p1|Regieleki|\n|poke|p1|Buzzwole|\n|poke|p1|Spectrier|\n|poke|p1|Landorus-Therian, M|\n|poke|p1|Kartana|\n|poke|p2|Rillaboom, F|\n|poke|p2|Garchomp, M|\n|poke|p2|Toxapex, F|\n|poke|p2|Kartana|\n|poke|p2|Mandibuzz, F|\n|poke|p2|Aegislash, F|\n|rule|Sleep Clause Mod: Limit one foe put to sleep\n|rule|Species Clause: Limit one of each Pok\u00e9mon\n|rule|OHKO Clause: OHKO moves are banned\n|rule|Evasion Moves Clause: Evasion moves are banned\n|rule|Endless Battle Clause: Forcing endless battles is banned\n|rule|HP Percentage Mod: HP is shown in percentages\n|rule|Dynamax Clause: You cannot dynamax\n|teampreview\n|j| we went way back\n|j| Tifigi\n|\n|t:|1609071027\n|start\n|switch|p1a: Prince|Spectrier|100\/100\n|switch|p2a: Mandibuzz|Mandibuzz, F|100\/100\n|turn|1\n|\n|t:|1609071033\n|switch|p1a: NBAYB listener|Buzzwole|100\/100\n|move|p2a: Mandibuzz|Foul Play|p1a: NBAYB listener\n|-resisted|p1a: NBAYB listener\n|-damage|p1a: NBAYB listener|85\/100\n|\n|-heal|p1a: NBAYB listener|91\/100|[from] item: Leftovers\n|upkeep\n|turn|2\n|\n|t:|1609071044\n|switch|p2a: Toxapex|Toxapex, F|100\/100\n|move|p1a: NBAYB listener|Stone Edge|p2a: Toxapex\n|-damage|p2a: Toxapex|76\/100\n|\n|-heal|p1a: NBAYB listener|97\/100|[from] item: Leftovers\n|upkeep\n|turn|3\n|\n|t:|1609071053\n|switch|p1a: Electro kid|Regieleki|100\/100\n|move|p2a: Toxapex|Toxic|p1a: Electro kid\n|-status|p1a: Electro kid|tox\n|\n|-damage|p1a: Electro kid|95\/100 tox|[from] psn\n|upkeep\n|turn|4\n|j| Gta-zees\n|\n|t:|1609071065\n|switch|p2a: Garchomp|Garchomp, M|100\/100\n|move|p1a: Electro kid|Reflect|p1a: Electro kid\n|-sidestart|p1: legitteambuilder|Reflect\n|\n|-damage|p1a: Electro kid|83\/100 tox|[from] psn\n|upkeep\n|turn|5\n|\n|t:|1609071074\n|switch|p1a: Awoomarill|Azumarill, F, shiny|100\/100\n|move|p2a: Garchomp|Earthquake|p1a: Awoomarill\n|-damage|p1a: Awoomarill|70\/100\n|\n|upkeep\n|turn|6\n|\n|t:|1609071089\n|move|p2a: Garchomp|Earthquake|p1a: Awoomarill\n|-damage|p1a: Awoomarill|39\/100\n|-enditem|p1a: Awoomarill|Sitrus Berry|[eat]\n|-heal|p1a: Awoomarill|63\/100|[from] item: Sitrus Berry\n|move|p1a: Awoomarill|Play Rough|p2a: Garchomp|[miss]\n|-miss|p1a: Awoomarill|p2a: Garchomp\n|\n|upkeep\n|turn|7\n|\n|t:|1609071098\n|switch|p2a: Toxapex|Toxapex, F|100\/100\n|move|p1a: Awoomarill|Play Rough|p2a: Toxapex\n|-resisted|p2a: Toxapex\n|-damage|p2a: Toxapex|84\/100\n|-damage|p1a: Awoomarill|47\/100|[from] item: Rocky Helmet|[of] p2a: Toxapex\n|\n|upkeep\n|turn|8\n|\n|t:|1609071116\n|move|p1a: Awoomarill|Knock Off|p2a: Toxapex\n|-damage|p2a: Toxapex|61\/100\n|-damage|p1a: Awoomarill|30\/100|[from] item: Rocky Helmet|[of] p2a: Toxapex\n|-enditem|p2a: Toxapex|Rocky Helmet|[from] move: Knock Off|[of] p1a: Awoomarill\n|move|p2a: Toxapex|Toxic|p1a: Awoomarill\n|-status|p1a: Awoomarill|tox\n|\n|-damage|p1a: Awoomarill|24\/100 tox|[from] psn\n|upkeep\n|turn|9\n|j| coupher\n|\n|t:|1609071128\n|switch|p1a: Prince|Spectrier|100\/100\n|move|p2a: Toxapex|Recover|p2a: Toxapex\n|-heal|p2a: Toxapex|100\/100\n|\n|upkeep\n|turn|10\n|\n|t:|1609071134\n|switch|p2a: Mandibuzz|Mandibuzz, F|100\/100\n|move|p1a: Prince|Substitute|p1a: Prince\n|-start|p1a: Prince|Substitute\n|-damage|p1a: Prince|75\/100\n|\n|-heal|p1a: Prince|82\/100|[from] item: Leftovers\n|upkeep\n|turn|11\n|\n|t:|1609071141\n|move|p1a: Prince|Will-O-Wisp|p2a: Mandibuzz\n|-status|p2a: Mandibuzz|brn\n|move|p2a: Mandibuzz|Foul Play|p1a: Prince\n|-supereffective|p1a: Prince\n|-activate|p1a: Prince|move: Substitute|[damage]\n|\n|-heal|p1a: Prince|88\/100|[from] item: Leftovers\n|-damage|p2a: Mandibuzz|94\/100 brn|[from] brn\n|-sideend|p1: legitteambuilder|Reflect\n|upkeep\n|turn|12\n|\n|t:|1609071151\n|move|p1a: Prince|Calm Mind|p1a: Prince\n|-boost|p1a: Prince|spa|1\n|-boost|p1a: Prince|spd|1\n|move|p2a: Mandibuzz|Foul Play|p1a: Prince\n|-supereffective|p1a: Prince\n|-end|p1a: Prince|Substitute\n|\n|-heal|p1a: Prince|94\/100|[from] item: Leftovers\n|-damage|p2a: Mandibuzz|88\/100 brn|[from] brn\n|upkeep\n|turn|13\n|l| coupher\n|\n|t:|1609071163\n|move|p1a: Prince|Substitute|p1a: Prince\n|-start|p1a: Prince|Substitute\n|-damage|p1a: Prince|69\/100\n|move|p2a: Mandibuzz|Foul Play|p1a: Prince\n|-supereffective|p1a: Prince\n|-activate|p1a: Prince|move: Substitute|[damage]\n|\n|-heal|p1a: Prince|75\/100|[from] item: Leftovers\n|-damage|p2a: Mandibuzz|82\/100 brn|[from] brn\n|upkeep\n|turn|14\n|\n|t:|1609071191\n|move|p1a: Prince|Calm Mind|p1a: Prince\n|-boost|p1a: Prince|spa|1\n|-boost|p1a: Prince|spd|1\n|move|p2a: Mandibuzz|Foul Play|p1a: Prince\n|-supereffective|p1a: Prince\n|-end|p1a: Prince|Substitute\n|\n|-heal|p1a: Prince|81\/100|[from] item: Leftovers\n|-damage|p2a: Mandibuzz|76\/100 brn|[from] brn\n|upkeep\n|turn|15\n|j| Windows 98 SE\n|\n|t:|1609071202\n|switch|p2a: Rillaboom|Rillaboom, F|100\/100\n|-fieldstart|move: Grassy Terrain|[from] ability: Grassy Surge|[of] p2a: Rillaboom\n|move|p1a: Prince|Substitute|p1a: Prince\n|-start|p1a: Prince|Substitute\n|-damage|p1a: Prince|56\/100\n|\n|-heal|p1a: Prince|62\/100|[from] item: Leftovers\n|-heal|p1a: Prince|68\/100|[from] Grassy Terrain\n|upkeep\n|turn|16\n|\n|t:|1609071212\n|move|p2a: Rillaboom|Grassy Glide|p1a: Prince\n|-end|p1a: Prince|Substitute\n|-damage|p2a: Rillaboom|91\/100|[from] item: Life Orb\n|move|p1a: Prince|Will-O-Wisp|p2a: Rillaboom\n|-status|p2a: Rillaboom|brn\n|\n|-heal|p1a: Prince|74\/100|[from] item: Leftovers\n|-heal|p1a: Prince|81\/100|[from] Grassy Terrain\n|-heal|p2a: Rillaboom|97\/100 brn|[from] Grassy Terrain\n|-damage|p2a: Rillaboom|91\/100 brn|[from] brn\n|upkeep\n|turn|17\n|\n|t:|1609071234\n|move|p2a: Rillaboom|Grassy Glide|p1a: Prince\n|-damage|p1a: Prince|54\/100\n|-damage|p2a: Rillaboom|81\/100 brn|[from] item: Life Orb\n|move|p1a: Prince|Hex|p2a: Rillaboom\n|-damage|p2a: Rillaboom|0 fnt\n|faint|p2a: Rillaboom\n|-ability|p1a: Prince|Grim Neigh|boost\n|-boost|p1a: Prince|spa|1\n|\n|-heal|p1a: Prince|60\/100|[from] item: Leftovers\n|-heal|p1a: Prince|66\/100|[from] Grassy Terrain\n|upkeep\n|\n|t:|1609071245\n|switch|p2a: Aegislash|Aegislash, F|100\/100\n|turn|18\n|j| Vessev\n|\n|t:|1609071280\n|-formechange|p2a: Aegislash|Aegislash-Blade||[from] ability: Stance Change\n|move|p2a: Aegislash|Shadow Sneak|p1a: Prince\n|-supereffective|p1a: Prince\n|-crit|p1a: Prince\n|-damage|p1a: Prince|0 fnt\n|faint|p1a: Prince\n|\n|upkeep\n|c|\u2606legitteambuilder|aw man\n|j| K302\n|j| Phyuck Yuu\n|c|\u2606legitteambuilder|if youre not banded than that crit mattered a lot\n|c|\u2606jeanmilapipe|it mattered a lot\n|c|\u2606jeanmilapipe|I am not banded\n|\n|t:|1609071337\n|switch|p1a: it's ova|Kartana, shiny|100\/100\n|turn|19\n|c|\u2606jeanmilapipe|I was 6 0 by that crap\n|\n|t:|1609071347\n|-formechange|p2a: Aegislash|Aegislash||[from] ability: Stance Change\n|move|p2a: Aegislash|King's Shield|p2a: Aegislash\n|-singleturn|p2a: Aegislash|Protect\n|move|p1a: it's ova|Swords Dance|p1a: it's ova\n|-boost|p1a: it's ova|atk|2\n|\n|-fieldend|move: Grassy Terrain\n|upkeep\n|turn|20\n|j| Gary's Best Friend\n|\n|t:|1609071357\n|switch|p2a: Mandibuzz|Mandibuzz, F|76\/100 brn\n|move|p1a: it's ova|Knock Off|p2a: Mandibuzz\n|-resisted|p2a: Mandibuzz\n|-damage|p2a: Mandibuzz|58\/100 brn\n|-enditem|p2a: Mandibuzz|Heavy-Duty Boots|[from] move: Knock Off|[of] p1a: it's ova\n|\n|-damage|p2a: Mandibuzz|52\/100 brn|[from] brn\n|upkeep\n|turn|21\n|\n|t:|1609071365\n|move|p1a: it's ova|Smart Strike|p2a: Mandibuzz\n|-damage|p2a: Mandibuzz|11\/100 brn\n|move|p2a: Mandibuzz|Foul Play|p1a: it's ova\n|-damage|p1a: it's ova|49\/100\n|\n|-damage|p2a: Mandibuzz|5\/100 brn|[from] brn\n|upkeep\n|turn|22\n|\n|t:|1609071378\n|move|p1a: it's ova|Knock Off|p2a: Mandibuzz\n|-resisted|p2a: Mandibuzz\n|-damage|p2a: Mandibuzz|0 fnt\n|faint|p2a: Mandibuzz\n|-ability|p1a: it's ova|Beast Boost|boost\n|-boost|p1a: it's ova|spe|1\n|\n|upkeep\n|\n|t:|1609071385\n|switch|p2a: Toxapex|Toxapex, F|100\/100\n|turn|23\n|\n|t:|1609071390\n|move|p1a: it's ova|Leaf Blade|p2a: Toxapex\n|-damage|p2a: Toxapex|41\/100\n|move|p2a: Toxapex|Haze|p2a: Toxapex\n|-clearallboost\n|\n|upkeep\n|turn|24\n|\n|t:|1609071397\n|move|p1a: it's ova|Swords Dance|p1a: it's ova\n|-boost|p1a: it's ova|atk|2\n|move|p2a: Toxapex|Recover|p2a: Toxapex\n|-heal|p2a: Toxapex|91\/100\n|\n|upkeep\n|turn|25\n|\n|t:|1609071406\n|move|p1a: it's ova|Leaf Blade|p2a: Toxapex\n|-crit|p2a: Toxapex\n|-damage|p2a: Toxapex|3\/100\n|move|p2a: Toxapex|Haze|p2a: Toxapex\n|-clearallboost\n|\n|upkeep\n|turn|26\n|\n|t:|1609071414\n|switch|p2a: Kartana|Kartana|100\/100\n|move|p1a: it's ova|Swords Dance|p1a: it's ova\n|-boost|p1a: it's ova|atk|2\n|\n|upkeep\n|turn|27\n|\n|t:|1609071420\n|move|p1a: it's ova|Knock Off|p2a: Kartana\n|-damage|p2a: Kartana|35\/100\n|-enditem|p2a: Kartana|Lum Berry|[from] move: Knock Off|[of] p1a: it's ova\n|move|p2a: Kartana|Sacred Sword|p1a: it's ova\n|-supereffective|p1a: it's ova\n|-damage|p1a: it's ova|0 fnt\n|faint|p1a: it's ova\n|-ability|p2a: Kartana|Beast Boost|boost\n|-boost|p2a: Kartana|atk|1\n|\n|upkeep\n|\n|t:|1609071451\n|switch|p1a: Electro kid|Regieleki|83\/100 tox\n|turn|28\n|\n|t:|1609071456\n|switch|p2a: Garchomp|Garchomp, M|100\/100\n|move|p1a: Electro kid|Volt Switch|p2a: Garchomp\n|-immune|p2a: Garchomp\n|\n|-damage|p1a: Electro kid|77\/100 tox|[from] psn\n|upkeep\n|turn|29\n|\n|t:|1609071463\n|move|p1a: Electro kid|Reflect|p1a: Electro kid\n|-sidestart|p1: legitteambuilder|Reflect\n|move|p2a: Garchomp|Scale Shot|p1a: Electro kid\n|-damage|p1a: Electro kid|63\/100 tox\n|-damage|p1a: Electro kid|51\/100 tox\n|-hitcount|p1a: Electro kid|2\n|-unboost|p2a: Garchomp|def|1\n|-boost|p2a: Garchomp|spe|1\n|\n|-damage|p1a: Electro kid|39\/100 tox|[from] psn\n|upkeep\n|turn|30\n|\n|t:|1609071473\n|move|p1a: Electro kid|Explosion|p2a: Garchomp\n|-damage|p2a: Garchomp|22\/100\n|faint|p1a: Electro kid\n|move|p2a: Garchomp|Scale Shot|p1: Electro kid|[notarget]\n|-fail|p2a: Garchomp\n|\n|upkeep\n|inactive|Battle timer is ON: inactive players will automatically lose when time's up. (requested by jeanmilapipe)\n|\n|t:|1609071521\n|switch|p1a: Land'R'Us|Landorus-Therian, M, shiny|100\/100\n|-ability|p1a: Land'R'Us|Intimidate|boost\n|-unboost|p2a: Garchomp|atk|1\n|turn|31\n|\n|t:|1609071529\n|move|p2a: Garchomp|Scale Shot|p1a: Land'R'Us\n|-damage|p1a: Land'R'Us|95\/100\n|-damage|p1a: Land'R'Us|90\/100\n|-damage|p1a: Land'R'Us|85\/100\n|-hitcount|p1a: Land'R'Us|3\n|-unboost|p2a: Garchomp|def|1\n|-boost|p2a: Garchomp|spe|1\n|move|p1a: Land'R'Us|Earthquake|p2a: Garchomp\n|-damage|p2a: Garchomp|0 fnt\n|faint|p2a: Garchomp\n|\n|upkeep\n|\n|t:|1609071546\n|switch|p2a: Kartana|Kartana|35\/100\n|turn|32\n|\n|t:|1609071550\n|move|p2a: Kartana|Leaf Blade|p1a: Land'R'Us\n|-damage|p1a: Land'R'Us|50\/100\n|move|p1a: Land'R'Us|Earthquake|p2a: Kartana\n|-damage|p2a: Kartana|0 fnt\n|faint|p2a: Kartana\n|\n|upkeep\n|\n|t:|1609071576\n|switch|p2a: Aegislash|Aegislash, F|100\/100\n|turn|33\n|\n|t:|1609071587\n|move|p1a: Land'R'Us|Earthquake|p2a: Aegislash\n|-supereffective|p2a: Aegislash\n|-damage|p2a: Aegislash|0 fnt\n|faint|p2a: Aegislash\n|\n|upkeep\n|c|\u2606legitteambuilder|gg\n|c|\u2606jeanmilapipe|gg\n|-message|jeanmilapipe forfeited.\n|\n|win|legitteambuilder\n|l|\u2606jeanmilapipe\n|l|\u2606legitteambuilder\n|raw|legitteambuilder's rating: 1870 &rarr; <strong>1885<\/strong><br \/>(+15 for winning)\n|raw|jeanmilapipe's rating: 1775 &rarr; <strong>1761<\/strong><br \/>(-14 for losing)\n|l| Gta-zees\n|l| Phyuck Yuu\n|l| Tifigi\n","uploadtime":1609071767,"views":88,"p1id":"legitteambuilder","p2id":"jeanmilapipe","formatid":"gen8ou","rating":1761,"private":0,"password":null}