{"id":"gen8ou-1649658417","p1":"lt94je cuzzie","p2":"misplayin","format":"gen8ou","log":"|raw|<div class=\"broadcast-blue\"><strong>This battle is required to be public due to a player having a name starting with 'lt94je'.<\/div>\n|j|\u2606lt94je cuzzie\n|j|\u2606misplayin\n|t:|1661622274\n|gametype|singles\n|player|p1|lt94je cuzzie|266|1733\n|player|p2|misplayin|acetrainer-gen4dp|1721\n|teamsize|p1|6\n|teamsize|p2|6\n|gen|8\n|tier|[Gen 8] OU\n|rated|\n|rule|Sleep Clause Mod: Limit one foe put to sleep\n|rule|Species Clause: Limit one of each Pok\u00e9mon\n|rule|OHKO Clause: OHKO moves are banned\n|rule|Evasion Items Clause: Evasion items are banned\n|rule|Evasion Moves Clause: Evasion moves are banned\n|rule|Endless Battle Clause: Forcing endless battles is banned\n|rule|HP Percentage Mod: HP is shown in percentages\n|rule|Dynamax Clause: You cannot dynamax\n|clearpoke\n|poke|p1|Dragapult, M|\n|poke|p1|Talonflame, F|\n|poke|p1|Gengar, F|\n|poke|p1|Clefable, F|\n|poke|p1|Corviknight, F|\n|poke|p1|Mamoswine, F|\n|poke|p2|Azumarill, F|\n|poke|p2|Gengar, M|\n|poke|p2|Garchomp, F|\n|poke|p2|Tornadus-Therian, M|\n|poke|p2|Landorus-Therian, M|\n|poke|p2|Buzzwole|\n|teampreview\n|inactive|Battle timer is ON: inactive players will automatically lose when time's up. (requested by misplayin)\n|\n|t:|1661622296\n|start\n|switch|p1a: diabolical one|Clefable, F|100\/100\n|switch|p2a: Azumarill|Azumarill, F|100\/100\n|turn|1\n|\n|t:|1661622302\n|move|p2a: Azumarill|Liquidation|p1a: diabolical one\n|-damage|p1a: diabolical one|36\/100\n|-damage|p2a: Azumarill|84\/100|[from] item: Rocky Helmet|[of] p1a: diabolical one\n|move|p1a: diabolical one|Knock Off|p2a: Azumarill\n|-resisted|p2a: Azumarill\n|-damage|p2a: Azumarill|76\/100\n|-enditem|p2a: Azumarill|Choice Band|[from] move: Knock Off|[of] p1a: diabolical one\n|\n|upkeep\n|turn|2\n|\n|t:|1661622308\n|switch|p1a: ol' nellie|Corviknight, F|100\/100\n|-ability|p1a: ol' nellie|Pressure\n|move|p2a: Azumarill|Liquidation|p1a: ol' nellie\n|-damage|p1a: ol' nellie|64\/100\n|\n|-heal|p1a: ol' nellie|70\/100|[from] item: Leftovers\n|upkeep\n|turn|3\n|\n|t:|1661622322\n|switch|p1a: Flamingfowl|Talonflame, F|100\/100\n|move|p2a: Azumarill|Knock Off|p1a: Flamingfowl\n|-damage|p1a: Flamingfowl|64\/100\n|-status|p2a: Azumarill|brn|[from] ability: Flame Body|[of] p1a: Flamingfowl\n|\n|-damage|p2a: Azumarill|70\/100 brn|[from] brn\n|upkeep\n|turn|4\n|c|\u2606misplayin|:(\n|c|\u2606lt94je cuzzie|op knock answer\n|c|\u2606misplayin|no item is crazy\n|j| Yuipo\n|c| Yuipo|aha\n|\n|t:|1661622350\n|switch|p1a: ol' nellie|Corviknight, F|70\/100\n|-ability|p1a: ol' nellie|Pressure\n|move|p2a: Azumarill|Liquidation|p1a: ol' nellie\n|-damage|p1a: ol' nellie|53\/100\n|\n|-heal|p1a: ol' nellie|59\/100|[from] item: Leftovers\n|-damage|p2a: Azumarill|64\/100 brn|[from] brn\n|upkeep\n|turn|5\n|c| Yuipo|ikr\n|c| Yuipo|no one\n|c| Yuipo|in this meta\n|c|\u2606misplayin|not  a soul\n|c| Yuipo|runs no item\n|\n|t:|1661622362\n|move|p2a: Azumarill|Knock Off|p1a: ol' nellie\n|-damage|p1a: ol' nellie|47\/100\n|-enditem|p1a: ol' nellie|Leftovers|[from] move: Knock Off|[of] p2a: Azumarill\n|move|p1a: ol' nellie|Roost|p1a: ol' nellie\n|-heal|p1a: ol' nellie|97\/100\n|-singleturn|p1a: ol' nellie|move: Roost\n|\n|-damage|p2a: Azumarill|58\/100 brn|[from] brn\n|upkeep\n|turn|6\n|\n|t:|1661622367\n|switch|p2a: Tornadus|Tornadus-Therian, M|100\/100\n|move|p1a: ol' nellie|Brave Bird|p2a: Tornadus\n|-damage|p2a: Tornadus|59\/100\n|-damage|p1a: ol' nellie|84\/100|[from] Recoil\n|\n|upkeep\n|turn|7\n|c| Yuipo|so that's why knock so broken\n|\n|t:|1661622370\n|switch|p1a: Flamingfowl|Talonflame, F|64\/100\n|move|p2a: Tornadus|Heat Wave|p1a: Flamingfowl\n|-resisted|p1a: Flamingfowl\n|-damage|p1a: Flamingfowl|53\/100\n|\n|upkeep\n|turn|8\n|\n|t:|1661622376\n|move|p2a: Tornadus|Hurricane|p1a: Flamingfowl|[miss]\n|-miss|p2a: Tornadus|p1a: Flamingfowl\n|move|p1a: Flamingfowl|Roost|p1a: Flamingfowl\n|-heal|p1a: Flamingfowl|100\/100\n|-singleturn|p1a: Flamingfowl|move: Roost\n|\n|upkeep\n|turn|9\n|c| Yuipo|but i thought talonflame made a good case for running no item\n|c| Yuipo|so here we are :P\n|\n|t:|1661622387\n|move|p2a: Tornadus|Hurricane|p1a: Flamingfowl\n|-damage|p1a: Flamingfowl|62\/100\n|move|p1a: Flamingfowl|Acrobatics|p2a: Tornadus\n|-damage|p2a: Tornadus|21\/100\n|\n|upkeep\n|turn|10\n|c| Yuipo|omy\n|\n|t:|1661622394\n|switch|p2a: Garchomp|Garchomp, F|100\/100\n|move|p1a: Flamingfowl|Will-O-Wisp|p2a: Garchomp\n|-status|p2a: Garchomp|brn\n|\n|-damage|p2a: Garchomp|94\/100 brn|[from] brn\n|upkeep\n|turn|11\n|c| Yuipo|fat talon countering torn too\n|\n|t:|1661622401\n|move|p1a: Flamingfowl|Taunt|p2a: Garchomp\n|-start|p2a: Garchomp|move: Taunt\n|cant|p2a: Garchomp|move: Taunt|Stealth Rock\n|\n|-heal|p2a: Garchomp|100\/100 brn|[from] item: Leftovers\n|-damage|p2a: Garchomp|94\/100 brn|[from] brn\n|upkeep\n|turn|12\n|c| Yuipo|wewwwwww\n|c| Yuipo|bahahahahha\n|c| Yuipo|bruh\n|c|\u2606lt94je cuzzie|uh\n|c|\u2606misplayin|this is crazyyyyyyyyyyy\n|c| Yuipo|it's 6-0ing LOL\n|c|\u2606lt94je cuzzie|what have u done yui\n|c| Yuipo|ahahahaha\n|c| Yuipo|yoooooooo\n|c|\u2606misplayin|lmaooo\n|c| Yuipo|we've brought it back\n|c| Yuipo|:^)\n|\n|t:|1661622419\n|switch|p2a: Tornadus|Tornadus-Therian, M|54\/100\n|move|p1a: Flamingfowl|Acrobatics|p2a: Tornadus\n|-damage|p2a: Tornadus|16\/100\n|\n|upkeep\n|turn|13\n|c| Yuipo|everyone abusing knock\n|\n|t:|1661622425\n|switch|p2a: Garchomp|Garchomp, F|94\/100 brn\n|move|p1a: Flamingfowl|Roost|p1a: Flamingfowl\n|-heal|p1a: Flamingfowl|100\/100\n|-singleturn|p1a: Flamingfowl|move: Roost\n|\n|-heal|p2a: Garchomp|100\/100 brn|[from] item: Leftovers\n|-damage|p2a: Garchomp|94\/100 brn|[from] brn\n|upkeep\n|turn|14\n|\n|t:|1661622429\n|move|p2a: Garchomp|Protect|p2a: Garchomp\n|-singleturn|p2a: Garchomp|Protect\n|move|p1a: Flamingfowl|Taunt|p2a: Garchomp\n|-activate|p2a: Garchomp|move: Protect\n|\n|-heal|p2a: Garchomp|100\/100 brn|[from] item: Leftovers\n|-damage|p2a: Garchomp|94\/100 brn|[from] brn\n|upkeep\n|turn|15\n|c| Yuipo|while sulking that knock gets too much value\n|\n|t:|1661622434\n|switch|p2a: Tornadus|Tornadus-Therian, M|49\/100\n|move|p1a: Flamingfowl|Taunt|p2a: Tornadus\n|-start|p2a: Tornadus|move: Taunt\n|\n|upkeep\n|turn|16\n|c| Yuipo|and talon out here laughing and burning\n|\n|t:|1661622437\n|switch|p2a: Garchomp|Garchomp, F|94\/100 brn\n|move|p1a: Flamingfowl|Acrobatics|p2a: Garchomp\n|-damage|p2a: Garchomp|68\/100 brn\n|-damage|p1a: Flamingfowl|88\/100|[from] ability: Rough Skin|[of] p2a: Garchomp\n|\n|-heal|p2a: Garchomp|74\/100 brn|[from] item: Leftovers\n|-damage|p2a: Garchomp|68\/100 brn|[from] brn\n|upkeep\n|turn|17\n|c| Yuipo|it ain't a waterfowl\n|c| Yuipo|it's a\n|c| Yuipo|flamingfowl\n|\n|t:|1661622451\n|switch|p2a: Gengar|Gengar, M|100\/100\n|move|p1a: Flamingfowl|Taunt|p2a: Gengar\n|-start|p2a: Gengar|move: Taunt\n|\n|upkeep\n|turn|18\n|\n|t:|1661622455\n|switch|p1a: MUZZIE|Mamoswine, F|100\/100\n|move|p2a: Gengar|Thunderbolt|p1a: MUZZIE\n|-immune|p1a: MUZZIE\n|\n|upkeep\n|turn|19\n|c| Yuipo|goat muzzie...\n|c|\u2606misplayin|im getting smashed\n|\n|t:|1661622470\n|switch|p1a: blurry vision|Gengar, F|100\/100\n|move|p2a: Gengar|Focus Blast|p1a: blurry vision\n|-immune|p1a: blurry vision\n|\n|-end|p2a: Gengar|move: Taunt\n|upkeep\n|turn|20\n|c|\u2606misplayin|yooooooooooooooooooooooo\n|\n|t:|1661622488\n|switch|p1a: MUZZIE|Mamoswine, F|100\/100\n|switch|p2a: Landorus|Landorus-Therian, M|100\/100\n|-ability|p2a: Landorus|Intimidate|boost\n|-unboost|p1a: MUZZIE|atk|1\n|\n|upkeep\n|turn|21\n|\n|t:|1661622493\n|switch|p2a: Buzzwole|Buzzwole|100\/100\n|move|p1a: MUZZIE|Icicle Crash|p2a: Buzzwole\n|-damage|p2a: Buzzwole|83\/100\n|\n|upkeep\n|turn|22\n|c| Yuipo|cuzzie on fire\n|c| Yuipo|what the\n|c|\u2606misplayin|cool down pls\n|\n|t:|1661622507\n|switch|p2a: Gengar|Gengar, M|100\/100\n|switch|p1a: Flamingfowl|Talonflame, F|88\/100\n|\n|upkeep\n|turn|23\n|c| Yuipo|he's talonflame itself\n|\n|t:|1661622511\n|switch|p1a: MUZZIE|Mamoswine, F|100\/100\n|move|p2a: Gengar|Nasty Plot|p2a: Gengar\n|-boost|p2a: Gengar|spa|2\n|\n|upkeep\n|turn|24\n|c| Yuipo|got the flame booty\n|j| ShaqFromBasketball\n|\n|t:|1661622517\n|move|p2a: Gengar|Shadow Ball|p1a: MUZZIE\n|-damage|p1a: MUZZIE|7\/100\n|-damage|p2a: Gengar|91\/100|[from] item: Life Orb\n|move|p1a: MUZZIE|Earthquake|p2a: Gengar\n|-supereffective|p2a: Gengar\n|-damage|p2a: Gengar|0 fnt\n|faint|p2a: Gengar\n|\n|upkeep\n|c| Yuipo|ah mamo\n|c| Yuipo|ahhh mamo\n|c|\u2606lt94je cuzzie|wait up\n|c|\u2606lt94je cuzzie|this is not the muzzie spread is it\n|c| Yuipo|yeah it is\n|c|\u2606lt94je cuzzie|dang thats hard hitting\n|inactive|misplayin has 120 seconds left.\n|c|\u2606misplayin|this is a wrap\n|c| Yuipo|but of course\n|c|\u2606misplayin|wp\n|c|\u2606misplayin|wp\n|c| ShaqFromBasketball|mamo is insane what\n|-message|misplayin forfeited.\n|\n|win|lt94je cuzzie\n|raw|lt94je cuzzie's rating: 1733 &rarr; <strong>1753<\/strong><br \/>(+20 for winning)\n|raw|misplayin's rating: 1738 &rarr; <strong>1718<\/strong><br \/>(-20 for losing)\n|l|\u2606misplayin\n|c| Yuipo|ahahahha LGI BOI\n|c| ShaqFromBasketball|man\n|c| ShaqFromBasketball|this thing cooks\n|c| Yuipo|this is mr million btw cuzzie\n||Ladder isn't responding, score probably updated but might not have (Request timeout).\n|c| Yuipo|i sent him the team and asked him to keep it a secret\n|c| ShaqFromBasketball|oh yeah sorry for lurking lol\n|c| Yuipo|np enjoy the cuzzie outplays\n|c| ShaqFromBasketball|yeah man\n|c| ShaqFromBasketball|that was insane\n","uploadtime":1661622627,"views":42,"p1id":"lt94jecuzzie","p2id":"misplayin","formatid":"gen8ou","rating":1718,"private":0,"password":null}