{"id":"gen8ou-1376919499","p1":"2DpkmN","p2":"LT82ZW Vaw","format":"gen8ou","log":"|raw|<div class=\"broadcast-blue\"><strong>This battle is required to be public due to a player having a name starting with 'lt82zw'.<\/div>\n|j|\u26062DpkmN\n|j|\u2606LT82ZW Vaw\n|t:|1626285956\n|gametype|singles\n|player|p1|2DpkmN|102|1673\n|player|p2|LT82ZW Vaw|falkner|1731\n|teamsize|p1|6\n|teamsize|p2|6\n|gen|8\n|tier|[Gen 8] OU\n|rated|\n|rule|Sleep Clause Mod: Limit one foe put to sleep\n|rule|Species Clause: Limit one of each Pok\u00e9mon\n|rule|OHKO Clause: OHKO moves are banned\n|rule|Evasion Moves Clause: Evasion moves are banned\n|rule|Endless Battle Clause: Forcing endless battles is banned\n|rule|HP Percentage Mod: HP is shown in percentages\n|rule|Dynamax Clause: You cannot dynamax\n|clearpoke\n|poke|p1|Zapdos-Galar|\n|poke|p1|Hippowdon, F|\n|poke|p1|Corviknight, M|\n|poke|p1|Dragapult, M|\n|poke|p1|Rillaboom, M|\n|poke|p1|Tapu Koko|\n|poke|p2|Bisharp, M|\n|poke|p2|Cloyster, F|\n|poke|p2|Garchomp, M|\n|poke|p2|Hawlucha, M|\n|poke|p2|Skarmory, F|\n|poke|p2|Volcarona, M|\n|teampreview\n|inactive|Battle timer is ON: inactive players will automatically lose when time's up. (requested by LT82ZW Vaw)\n|\n|t:|1626285963\n|start\n|switch|p1a: Tapu Koko|Tapu Koko, shiny|100\/100\n|switch|p2a: Skarmory|Skarmory, F|100\/100\n|-fieldstart|move: Electric Terrain|[from] ability: Electric Surge|[of] p1a: Tapu Koko\n|turn|1\n|\n|t:|1626285969\n|move|p1a: Tapu Koko|Dazzling Gleam|p2a: Skarmory\n|-resisted|p2a: Skarmory\n|-damage|p2a: Skarmory|71\/100\n|move|p2a: Skarmory|Stealth Rock|p1a: Tapu Koko\n|-sidestart|p1: 2DpkmN|move: Stealth Rock\n|\n|upkeep\n|turn|2\n|inactive|2DpkmN has 120 seconds left.\n|inactive|2DpkmN has 90 seconds left.\n|\n|t:|1626286047\n|move|p1a: Tapu Koko|Volt Switch|p2a: Skarmory\n|-supereffective|p2a: Skarmory\n|-crit|p2a: Skarmory\n|-damage|p2a: Skarmory|0 fnt\n|faint|p2a: Skarmory\n|\n|t:|1626286062\n|switch|p1a: Dragapult|Dragapult, M, shiny|100\/100|[from]move: Volt Switch\n|-damage|p1a: Dragapult|88\/100|[from] Stealth Rock\n|\n|upkeep\n|\n|t:|1626286065\n|switch|p2a: Bisharp|Bisharp, M|100\/100\n|turn|3\n|inactive|2DpkmN has 60 seconds left.\n|\n|t:|1626286099\n|switch|p2a: Volcarona|Volcarona, M|100\/100\n|move|p1a: Dragapult|U-turn|p2a: Volcarona\n|-resisted|p2a: Volcarona\n|-damage|p2a: Volcarona|87\/100\n|\n|t:|1626286103\n|switch|p1a: Zapdos|Zapdos-Galar|100\/100|[from]move: U-turn\n|-damage|p1a: Zapdos|88\/100|[from] Stealth Rock\n|\n|upkeep\n|turn|4\n|inactive|2DpkmN has 60 seconds left.\n|\n|t:|1626286116\n|switch|p2a: Garchomp|Garchomp, M|100\/100\n|move|p1a: Zapdos|Brave Bird|p2a: Garchomp\n|-damage|p2a: Garchomp|6\/100\n|-damage|p1a: Zapdos|76\/100|[from] ability: Rough Skin|[of] p2a: Garchomp\n|-damage|p1a: Zapdos|41\/100|[from] Recoil\n|\n|upkeep\n|turn|5\n|\n|t:|1626286124\n|switch|p1a: Corviknight|Corviknight, M, shiny|100\/100\n|-damage|p1a: Corviknight|88\/100|[from] Stealth Rock\n|-ability|p1a: Corviknight|Pressure\n|move|p2a: Garchomp|Scale Shot|p1a: Corviknight\n|-resisted|p1a: Corviknight\n|-damage|p1a: Corviknight|83\/100\n|-resisted|p1a: Corviknight\n|-damage|p1a: Corviknight|78\/100\n|-resisted|p1a: Corviknight\n|-damage|p1a: Corviknight|72\/100\n|-resisted|p1a: Corviknight\n|-damage|p1a: Corviknight|67\/100\n|-hitcount|p1a: Corviknight|4\n|-unboost|p2a: Garchomp|def|1\n|-boost|p2a: Garchomp|spe|1\n|-damage|p2a: Garchomp|0 fnt|[from] item: Life Orb\n|faint|p2a: Garchomp\n|\n|-fieldend|move: Electric Terrain\n|upkeep\n|\n|t:|1626286128\n|switch|p2a: Volcarona|Volcarona, M|87\/100\n|turn|6\n|\n|t:|1626286130\n|move|p2a: Volcarona|Quiver Dance|p2a: Volcarona\n|-boost|p2a: Volcarona|spa|1\n|-boost|p2a: Volcarona|spd|1\n|-boost|p2a: Volcarona|spe|1\n|move|p1a: Corviknight|U-turn|p2a: Volcarona\n|-resisted|p2a: Volcarona\n|-damage|p2a: Volcarona|76\/100\n|-status|p1a: Corviknight|brn|[from] ability: Flame Body|[of] p2a: Volcarona\n|\n|t:|1626286133\n|switch|p1a: Hippowdon|Hippowdon, F, shiny|100\/100|[from]move: U-turn\n|-damage|p1a: Hippowdon|94\/100|[from] Stealth Rock\n|-weather|Sandstorm|[from] ability: Sand Stream|[of] p1a: Hippowdon\n|\n|-weather|Sandstorm|[upkeep]\n|-damage|p2a: Volcarona|70\/100|[from] Sandstorm\n|-heal|p1a: Hippowdon|100\/100|[from] item: Leftovers\n|upkeep\n|turn|7\n|\n|t:|1626286140\n|move|p2a: Volcarona|Fire Blast|p1a: Hippowdon\n|-damage|p1a: Hippowdon|37\/100\n|move|p1a: Hippowdon|Toxic|p2a: Volcarona\n|-status|p2a: Volcarona|tox\n|\n|-weather|Sandstorm|[upkeep]\n|-damage|p2a: Volcarona|64\/100 tox|[from] Sandstorm\n|-heal|p1a: Hippowdon|44\/100|[from] item: Leftovers\n|-damage|p2a: Volcarona|57\/100 tox|[from] psn\n|upkeep\n|turn|8\n|\n|t:|1626286154\n|move|p2a: Volcarona|Fire Blast|p1a: Hippowdon\n|-damage|p1a: Hippowdon|0 fnt\n|faint|p1a: Hippowdon\n|\n|-weather|Sandstorm|[upkeep]\n|-damage|p2a: Volcarona|51\/100 tox|[from] Sandstorm\n|-damage|p2a: Volcarona|39\/100 tox|[from] psn\n|upkeep\n|inactive|2DpkmN has 90 seconds left.\n|\n|t:|1626286166\n|switch|p1a: Zapdos|Zapdos-Galar|41\/100\n|-damage|p1a: Zapdos|29\/100|[from] Stealth Rock\n|turn|9\n|\n|t:|1626286172\n|move|p2a: Volcarona|Psychic|p1a: Zapdos\n|-supereffective|p1a: Zapdos\n|-damage|p1a: Zapdos|0 fnt\n|faint|p1a: Zapdos\n|\n|-weather|Sandstorm|[upkeep]\n|-damage|p2a: Volcarona|33\/100 tox|[from] Sandstorm\n|-damage|p2a: Volcarona|15\/100 tox|[from] psn\n|upkeep\n|\n|t:|1626286179\n|switch|p1a: Corviknight|Corviknight, M, shiny|67\/100 brn\n|-damage|p1a: Corviknight|55\/100 brn|[from] Stealth Rock\n|-ability|p1a: Corviknight|Pressure\n|turn|10\n|\n|t:|1626286194\n|move|p2a: Volcarona|Fire Blast|p1a: Corviknight\n|-supereffective|p1a: Corviknight\n|-damage|p1a: Corviknight|0 fnt\n|faint|p1a: Corviknight\n|\n|-weather|none\n|-damage|p2a: Volcarona|0 fnt|[from] psn\n|faint|p2a: Volcarona\n|upkeep\n|\n|t:|1626286199\n|switch|p2a: Bisharp|Bisharp, M|100\/100\n|switch|p1a: Tapu Koko|Tapu Koko, shiny|100\/100\n|-fieldstart|move: Electric Terrain|[from] ability: Electric Surge|[of] p1a: Tapu Koko\n|turn|11\n|\n|t:|1626286205\n|move|p1a: Tapu Koko|Volt Switch|p2a: Bisharp\n|-damage|p2a: Bisharp|40\/100\n|\n|t:|1626286209\n|switch|p1a: Rillaboom|Rillaboom, M, shiny|100\/100|[from]move: Volt Switch\n|-damage|p1a: Rillaboom|88\/100|[from] Stealth Rock\n|-fieldstart|move: Grassy Terrain|[from] ability: Grassy Surge|[of] p1a: Rillaboom\n|move|p2a: Bisharp|Iron Head|p1a: Rillaboom\n|-damage|p1a: Rillaboom|28\/100\n|-damage|p2a: Bisharp|30\/100|[from] item: Life Orb\n|\n|-heal|p1a: Rillaboom|35\/100|[from] Grassy Terrain\n|-heal|p2a: Bisharp|36\/100|[from] Grassy Terrain\n|upkeep\n|turn|12\n|\n|t:|1626286215\n|move|p1a: Rillaboom|Drain Punch|p2a: Bisharp\n|-supereffective|p2a: Bisharp\n|-damage|p2a: Bisharp|0 fnt\n|-heal|p1a: Rillaboom|49\/100|[from] drain|[of] p2a: Bisharp\n|faint|p2a: Bisharp\n|-damage|p1a: Rillaboom|39\/100|[from] item: Life Orb\n|\n|-heal|p1a: Rillaboom|45\/100|[from] Grassy Terrain\n|upkeep\n|\n|t:|1626286219\n|switch|p2a: Hawlucha|Hawlucha, M|100\/100\n|turn|13\n|\n|t:|1626286235\n|move|p2a: Hawlucha|Swords Dance|p2a: Hawlucha\n|-boost|p2a: Hawlucha|atk|2\n|move|p1a: Rillaboom|Swords Dance|p1a: Rillaboom\n|-boost|p1a: Rillaboom|atk|2\n|\n|-heal|p1a: Rillaboom|51\/100|[from] Grassy Terrain\n|upkeep\n|turn|14\n|\n|t:|1626286238\n|move|p1a: Rillaboom|Grassy Glide|p2a: Hawlucha\n|-resisted|p2a: Hawlucha\n|-damage|p2a: Hawlucha|16\/100\n|-damage|p1a: Rillaboom|41\/100|[from] item: Life Orb\n|move|p2a: Hawlucha|Sky Attack||[still]\n|-prepare|p2a: Hawlucha|Sky Attack\n|-enditem|p2a: Hawlucha|Power Herb\n|-anim|p2a: Hawlucha|Sky Attack|p1a: Rillaboom\n|-supereffective|p1a: Rillaboom\n|-damage|p1a: Rillaboom|0 fnt\n|faint|p1a: Rillaboom\n|\n|upkeep\n|\n|t:|1626286243\n|switch|p1a: Tapu Koko|Tapu Koko, shiny|100\/100\n|-fieldstart|move: Electric Terrain|[from] ability: Electric Surge|[of] p1a: Tapu Koko\n|turn|15\n|inactive|LT82ZW Vaw has 120 seconds left.\n|\n|t:|1626286274\n|move|p2a: Hawlucha|Close Combat|p1a: Tapu Koko\n|-resisted|p1a: Tapu Koko\n|-damage|p1a: Tapu Koko|30\/100\n|-unboost|p2a: Hawlucha|def|1\n|-unboost|p2a: Hawlucha|spd|1\n|move|p1a: Tapu Koko|Thunderbolt|p2a: Hawlucha\n|-supereffective|p2a: Hawlucha\n|-damage|p2a: Hawlucha|0 fnt\n|faint|p2a: Hawlucha\n|\n|upkeep\n|\n|t:|1626286278\n|switch|p2a: Cloyster|Cloyster, F|100\/100\n|turn|16\n|\n|t:|1626286296\n|move|p2a: Cloyster|Ice Shard|p1a: Tapu Koko\n|-damage|p1a: Tapu Koko|7\/100\n|move|p1a: Tapu Koko|Thunderbolt|p2a: Cloyster\n|-supereffective|p2a: Cloyster\n|-damage|p2a: Cloyster|0 fnt\n|faint|p2a: Cloyster\n|\n|win|2DpkmN\n|raw|2DpkmN's rating: 1673 &rarr; <strong>1695<\/strong><br \/>(+22 for winning)\n|raw|LT82ZW Vaw's rating: 1715 &rarr; <strong>1693<\/strong><br \/>(-22 for losing)\n|l|\u2606LT82ZW Vaw\n||Ladder isn't responding, score probably updated but might not have (Request timeout).\n","uploadtime":1626286305,"views":18,"p1id":"2dpkmn","p2id":"lt82zwvaw","formatid":"gen8ou","rating":1693,"private":0,"password":null}