{"id":"gen8ou-1597976706","p1":"quixana","p2":"2(H2O)-Alt","format":"gen8ou","log":"|j|\u2606quixana\n|j|\u26062(H2O)-Alt\n|t:|1655428407\n|gametype|singles\n|player|p1|quixana|ethan-pokeathlon|1709\n|player|p2|2(H2O)-Alt|youngster|1693\n|teamsize|p1|6\n|teamsize|p2|6\n|gen|8\n|tier|[Gen 8] OU\n|rated|\n|rule|Sleep Clause Mod: Limit one foe put to sleep\n|rule|Species Clause: Limit one of each Pok\u00e9mon\n|rule|OHKO Clause: OHKO moves are banned\n|rule|Evasion Moves Clause: Evasion moves are banned\n|rule|Endless Battle Clause: Forcing endless battles is banned\n|rule|HP Percentage Mod: HP is shown in percentages\n|rule|Dynamax Clause: You cannot dynamax\n|clearpoke\n|poke|p1|Clefable, F|\n|poke|p1|Toxapex, M|\n|poke|p1|Hippowdon, M|\n|poke|p1|Excadrill, F|\n|poke|p1|Blacephalon|\n|poke|p1|Skarmory, F|\n|poke|p2|Kartana|\n|poke|p2|Tapu Lele|\n|poke|p2|Toxapex, M|\n|poke|p2|Mandibuzz, F|\n|poke|p2|Magnezone|\n|poke|p2|Landorus-Therian, M|\n|teampreview\n|c|\u2606quixana|yo\n|c|\u2606quixana|dont embarass me in another rmt\n|c|\u26062(H2O)-Alt|haha\n|c|\u26062(H2O)-Alt|srry\n|\n|t:|1655428459\n|start\n|switch|p1a: Blacephalon|Blacephalon|100\/100\n|switch|p2a: Landorus|Landorus-Therian, M|100\/100\n|-ability|p2a: Landorus|Intimidate|boost\n|-unboost|p1a: Blacephalon|atk|1\n|turn|1\n|c|\u2606quixana|no worries it was a cool team\n|\n|t:|1655428467\n|switch|p1a: Skarmory|Skarmory, F, shiny|100\/100\n|move|p2a: Landorus|U-turn|p1a: Skarmory\n|-resisted|p1a: Skarmory\n|-damage|p1a: Skarmory|98\/100\n|-damage|p2a: Landorus|84\/100|[from] item: Rocky Helmet|[of] p1a: Skarmory\n|c|\u26062(H2O)-Alt|thanks\n|\n|t:|1655428474\n|switch|p2a: Magnezone|Magnezone|100\/100|[from]move: U-turn\n|\n|upkeep\n|turn|2\n|\n|t:|1655428482\n|move|p2a: Magnezone|Thunderbolt|p1a: Skarmory\n|-supereffective|p1a: Skarmory\n|-damage|p1a: Skarmory|0 fnt\n|faint|p1a: Skarmory\n|\n|upkeep\n|\n|t:|1655428501\n|switch|p1a: Hippowdon|Hippowdon, M|100\/100\n|-weather|Sandstorm|[from] ability: Sand Stream|[of] p1a: Hippowdon\n|turn|3\n|\n|t:|1655428508\n|switch|p2a: Kartana|Kartana|100\/100\n|move|p1a: Hippowdon|Stealth Rock|p2a: Kartana\n|-sidestart|p2: 2(H2O)-Alt|move: Stealth Rock\n|\n|-weather|Sandstorm|[upkeep]\n|upkeep\n|turn|4\n|\n|t:|1655428520\n|move|p2a: Kartana|Leaf Blade|p1a: Hippowdon\n|-supereffective|p1a: Hippowdon\n|-damage|p1a: Hippowdon|0 fnt\n|faint|p1a: Hippowdon\n|-ability|p2a: Kartana|Beast Boost|boost\n|-boost|p2a: Kartana|atk|1\n|\n|-weather|Sandstorm|[upkeep]\n|upkeep\n|\n|t:|1655428531\n|switch|p1a: Excadrill|Excadrill, F|100\/100\n|turn|5\n|j| Hisuian Magikarp 1\n|\n|t:|1655428536\n|switch|p2a: Mandibuzz|Mandibuzz, F|100\/100\n|move|p1a: Excadrill|Earthquake|p2a: Mandibuzz\n|-immune|p2a: Mandibuzz\n|\n|-weather|Sandstorm|[upkeep]\n|upkeep\n|turn|6\n|c|\u2606quixana|4got the zone\n|c|\u2606quixana|gg\n|\n|t:|1655428548\n|switch|p1a: Clefable|Clefable, F|100\/100\n|move|p2a: Mandibuzz|Defog|p1a: Clefable\n|-unboost|p1a: Clefable|evasion|1\n|-sideend|p2: 2(H2O)-Alt|Stealth Rock|[from] move: Defog|[of] p2a: Mandibuzz\n|\n|-weather|Sandstorm|[upkeep]\n|upkeep\n|turn|7\n|\n|t:|1655428553\n|switch|p2a: Magnezone|Magnezone|100\/100\n|move|p1a: Clefable|Calm Mind|p1a: Clefable\n|-boost|p1a: Clefable|spa|1\n|-boost|p1a: Clefable|spd|1\n|\n|-weather|none\n|upkeep\n|turn|8\n|c|\u26062(H2O)-Alt|gg\n|j| IceGuysFinishLast\n|\n|t:|1655428564\n|switch|p1a: Toxapex|Toxapex, M|100\/100\n|move|p2a: Magnezone|Flash Cannon|p1a: Toxapex\n|-resisted|p1a: Toxapex\n|-damage|p1a: Toxapex|91\/100\n|\n|upkeep\n|turn|9\n|\n|t:|1655428574\n|switch|p2a: Landorus|Landorus-Therian, M|84\/100\n|-ability|p2a: Landorus|Intimidate|boost\n|-unboost|p1a: Toxapex|atk|1\n|move|p1a: Toxapex|Light Screen|p1a: Toxapex\n|-sidestart|p1: quixana|move: Light Screen\n|\n|-heal|p2a: Landorus|90\/100|[from] item: Leftovers\n|upkeep\n|turn|10\n|\n|t:|1655428581\n|switch|p1a: Clefable|Clefable, F|100\/100\n|move|p2a: Landorus|U-turn|p1a: Clefable\n|-resisted|p1a: Clefable\n|-damage|p1a: Clefable|92\/100\n|\n|t:|1655428586\n|switch|p2a: Kartana|Kartana|100\/100|[from]move: U-turn\n|\n|upkeep\n|turn|11\n|\n|t:|1655428594\n|switch|p1a: Toxapex|Toxapex, M|100\/100\n|move|p2a: Kartana|Leaf Blade|p1a: Toxapex\n|-damage|p1a: Toxapex|34\/100\n|\n|upkeep\n|turn|12\n|\n|t:|1655428609\n|move|p2a: Kartana|Leaf Blade|p1a: Toxapex\n|-damage|p1a: Toxapex|0 fnt\n|faint|p1a: Toxapex\n|-ability|p2a: Kartana|Beast Boost|boost\n|-boost|p2a: Kartana|atk|1\n|\n|upkeep\n|-message|quixana forfeited.\n|\n|win|2(H2O)-Alt\n|raw|quixana's rating: 1709 &rarr; <strong>1688<\/strong><br \/>(-21 for losing)\n|raw|2(H2O)-Alt's rating: 1693 &rarr; <strong>1714<\/strong><br \/>(+21 for winning)\n|l|\u2606quixana\n|c|\u26062(H2O)-Alt|well played\n||Ladder isn't responding, score probably updated but might not have (Request timeout).\n","uploadtime":1655428633,"views":70,"p1id":"quixana","p2id":"2h2oalt","formatid":"gen8ou","rating":1688,"private":0,"password":null}