{"id":"gen8ou-1704841843","p1":"I'm back from mars","p2":"Tsukishirohinami","format":"gen8ou","log":"|j|\u2606I'm back from mars\n|j|\u2606Tsukishirohinami\n|inactive|Battle timer is ON: inactive players will automatically lose when time's up.\n|t:|1667827835\n|gametype|singles\n|player|p1|I'm back from mars|lucas|\n|player|p2|Tsukishirohinami|dawn|\n|teamsize|p1|6\n|teamsize|p2|6\n|gen|8\n|tier|[Gen 8] OU\n|rated|Tournament battle\n|rule|Sleep Clause Mod: Limit one foe put to sleep\n|rule|Species Clause: Limit one of each Pok\u00e9mon\n|rule|OHKO Clause: OHKO moves are banned\n|rule|Evasion Items Clause: Evasion items are banned\n|rule|Evasion Moves Clause: Evasion moves are banned\n|rule|Endless Battle Clause: Forcing endless battles is banned\n|rule|HP Percentage Mod: HP is shown in percentages\n|rule|Dynamax Clause: You cannot dynamax\n|clearpoke\n|poke|p1|Jirachi|\n|poke|p1|Skarmory, M|\n|poke|p1|Gastrodon, M|\n|poke|p1|Toxapex, M|\n|poke|p1|Clefable, F|\n|poke|p1|Hydreigon, F|\n|poke|p2|Tapu Lele|\n|poke|p2|Blacephalon|\n|poke|p2|Conkeldurr, M|\n|poke|p2|Landorus-Therian, M|\n|poke|p2|Kartana|\n|poke|p2|Magnezone|\n|teampreview\n|inactive|Tsukishirohinami also wants the timer to be on.\n|j| Pikablu007\n|c|\u2606Tsukishirohinami|glhf\n|l| Pikablu007\n|j|@moondazing\n|\n|t:|1667827848\n|start\n|switch|p1a: Toxapex|Toxapex, M|100\/100\n|switch|p2a: Landorus|Landorus-Therian, M|100\/100\n|-ability|p2a: Landorus|Intimidate|boost\n|-unboost|p1a: Toxapex|atk|1\n|turn|1\n|j| Pikablu007\n|\n|t:|1667827856\n|move|p2a: Landorus|Earthquake|p1a: Toxapex\n|-supereffective|p1a: Toxapex\n|-damage|p1a: Toxapex|39\/100\n|move|p1a: Toxapex|Toxic|p2a: Landorus\n|-status|p2a: Landorus|tox\n|\n|-damage|p2a: Landorus|95\/100 tox|[from] psn\n|upkeep\n|turn|2\n|j| Aftx\n|j| aursnes\n|c|\u2606I'm back from mars|gl\n|j| the art of\n|\n|t:|1667827867\n|switch|p2a: Magnezone|Magnezone|100\/100\n|switch|p1a: Clefable|Clefable, F|100\/100\n|\n|upkeep\n|turn|3\n|\n|t:|1667827871\n|switch|p1a: Gastrodon|Gastrodon, M|100\/100\n|move|p2a: Magnezone|Substitute|p2a: Magnezone\n|-start|p2a: Magnezone|Substitute\n|-damage|p2a: Magnezone|76\/100\n|\n|-heal|p2a: Magnezone|82\/100|[from] item: Leftovers\n|upkeep\n|turn|4\n|\n|t:|1667827876\n|move|p2a: Magnezone|Body Press|p1a: Gastrodon\n|-damage|p1a: Gastrodon|78\/100\n|move|p1a: Gastrodon|Earth Power|p2a: Magnezone\n|-supereffective|p2a: Magnezone\n|-end|p2a: Magnezone|Substitute\n|\n|-heal|p2a: Magnezone|88\/100|[from] item: Leftovers\n|-heal|p1a: Gastrodon|84\/100|[from] item: Leftovers\n|upkeep\n|turn|5\n|\n|t:|1667827882\n|switch|p2a: Landorus|Landorus-Therian, M|95\/100 tox\n|-ability|p2a: Landorus|Intimidate|boost\n|-unboost|p1a: Gastrodon|atk|1\n|move|p1a: Gastrodon|Scald|p2a: Landorus\n|-supereffective|p2a: Landorus\n|-damage|p2a: Landorus|32\/100 tox\n|\n|-heal|p1a: Gastrodon|90\/100|[from] item: Leftovers\n|-damage|p2a: Landorus|26\/100 tox|[from] psn\n|upkeep\n|turn|6\n|j| cypherstest\n|\n|t:|1667827905\n|move|p2a: Landorus|Stealth Rock|p1a: Gastrodon\n|-sidestart|p1: I'm back from mars|move: Stealth Rock\n|move|p1a: Gastrodon|Recover|p1a: Gastrodon\n|-heal|p1a: Gastrodon|100\/100\n|\n|-damage|p2a: Landorus|14\/100 tox|[from] psn\n|upkeep\n|turn|7\n|\n|t:|1667827913\n|switch|p2a: Conkeldurr|Conkeldurr, M|100\/100\n|move|p1a: Gastrodon|Recover||[still]\n|-fail|p1a: Gastrodon|heal\n|\n|-status|p2a: Conkeldurr|brn|[from] item: Flame Orb\n|upkeep\n|turn|8\n|\n|t:|1667827922\n|switch|p1a: Jirachi|Jirachi|100\/100\n|-damage|p1a: Jirachi|94\/100|[from] Stealth Rock\n|move|p2a: Conkeldurr|Taunt|p1a: Jirachi\n|-start|p1a: Jirachi|move: Taunt\n|\n|-heal|p1a: Jirachi|100\/100|[from] item: Leftovers\n|-damage|p2a: Conkeldurr|94\/100 brn|[from] brn\n|upkeep\n|turn|9\n|\n|t:|1667827927\n|move|p1a: Jirachi|U-turn|p2a: Conkeldurr\n|-resisted|p2a: Conkeldurr\n|-damage|p2a: Conkeldurr|87\/100 brn\n|\n|t:|1667827931\n|switch|p1a: Hydreigon|Hydreigon, F|100\/100|[from]move: U-turn\n|-damage|p1a: Hydreigon|88\/100|[from] Stealth Rock\n|move|p2a: Conkeldurr|Knock Off|p1a: Hydreigon\n|-resisted|p1a: Hydreigon\n|-damage|p1a: Hydreigon|54\/100\n|-enditem|p1a: Hydreigon|Leftovers|[from] move: Knock Off|[of] p2a: Conkeldurr\n|\n|-damage|p2a: Conkeldurr|81\/100 brn|[from] brn\n|upkeep\n|turn|10\n|l| Pikablu007\n|\n|t:|1667827943\n|switch|p1a: Toxapex|Toxapex, M|72\/100\n|-damage|p1a: Toxapex|59\/100|[from] Stealth Rock\n|move|p2a: Conkeldurr|Mach Punch|p1a: Toxapex\n|-resisted|p1a: Toxapex\n|-damage|p1a: Toxapex|48\/100\n|-damage|p2a: Conkeldurr|65\/100 brn|[from] item: Rocky Helmet|[of] p1a: Toxapex\n|\n|-damage|p2a: Conkeldurr|58\/100 brn|[from] brn\n|upkeep\n|turn|11\n|\n|t:|1667827952\n|move|p2a: Conkeldurr|Taunt|p1a: Toxapex\n|-start|p1a: Toxapex|move: Taunt\n|cant|p1a: Toxapex|move: Taunt|Recover\n|\n|-damage|p2a: Conkeldurr|52\/100 brn|[from] brn\n|upkeep\n|turn|12\n|\n|t:|1667827963\n|switch|p1a: Clefable|Clefable, F|100\/100\n|-damage|p1a: Clefable|88\/100|[from] Stealth Rock\n|move|p2a: Conkeldurr|Knock Off|p1a: Clefable\n|-resisted|p1a: Clefable\n|-damage|p1a: Clefable|66\/100\n|-enditem|p1a: Clefable|Leftovers|[from] move: Knock Off|[of] p2a: Conkeldurr\n|\n|-damage|p2a: Conkeldurr|46\/100 brn|[from] brn\n|upkeep\n|turn|13\n|\n|t:|1667827971\n|switch|p2a: Tapu Lele|Tapu Lele, shiny|100\/100\n|-fieldstart|move: Psychic Terrain|[from] ability: Psychic Surge|[of] p2a: Tapu Lele\n|move|p1a: Clefable|Moonblast|p2a: Tapu Lele\n|-damage|p2a: Tapu Lele|66\/100\n|-unboost|p2a: Tapu Lele|spa|1\n|\n|upkeep\n|turn|14\n|\n|t:|1667827974\n|switch|p1a: Jirachi|Jirachi|100\/100\n|-damage|p1a: Jirachi|94\/100|[from] Stealth Rock\n|move|p2a: Tapu Lele|Future Sight|p1a: Jirachi\n|-start|p2a: Tapu Lele|move: Future Sight\n|\n|-heal|p1a: Jirachi|100\/100|[from] item: Leftovers\n|upkeep\n|turn|15\n|\n|t:|1667827982\n|switch|p2a: Blacephalon|Blacephalon|100\/100\n|move|p1a: Jirachi|Body Slam|p2a: Blacephalon\n|-immune|p2a: Blacephalon\n|\n|upkeep\n|turn|16\n|\n|t:|1667827987\n|move|p1a: Jirachi|Protect|p1a: Jirachi\n|-singleturn|p1a: Jirachi|Protect\n|move|p2a: Blacephalon|Substitute|p2a: Blacephalon\n|-start|p2a: Blacephalon|Substitute\n|-damage|p2a: Blacephalon|76\/100\n|\n|-end|p1a: Jirachi|move: Future Sight\n|-resisted|p1a: Jirachi\n|-damage|p1a: Jirachi|87\/100\n|-heal|p1a: Jirachi|93\/100|[from] item: Leftovers\n|upkeep\n|turn|17\n|\n|t:|1667827992\n|switch|p1a: Gastrodon|Gastrodon, M|100\/100\n|-damage|p1a: Gastrodon|94\/100|[from] Stealth Rock\n|move|p2a: Blacephalon|Shadow Ball|p1a: Gastrodon\n|-damage|p1a: Gastrodon|62\/100\n|\n|-heal|p1a: Gastrodon|69\/100|[from] item: Leftovers\n|-fieldend|move: Psychic Terrain\n|upkeep\n|turn|18\n|\n|t:|1667828001\n|move|p2a: Blacephalon|Shadow Ball|p1a: Gastrodon\n|-damage|p1a: Gastrodon|40\/100\n|move|p1a: Gastrodon|Recover|p1a: Gastrodon\n|-heal|p1a: Gastrodon|90\/100\n|\n|-heal|p1a: Gastrodon|96\/100|[from] item: Leftovers\n|upkeep\n|turn|19\n|\n|t:|1667828007\n|switch|p2a: Kartana|Kartana, shiny|100\/100\n|move|p1a: Gastrodon|Earth Power|p2a: Kartana\n|-damage|p2a: Kartana|6\/100\n|\n|-heal|p1a: Gastrodon|100\/100|[from] item: Leftovers\n|upkeep\n|turn|20\n|\n|t:|1667828011\n|switch|p1a: Toxapex|Toxapex, M|81\/100\n|-damage|p1a: Toxapex|69\/100|[from] Stealth Rock\n|move|p2a: Kartana|Leaf Blade|p1a: Toxapex\n|-damage|p1a: Toxapex|18\/100\n|-damage|p2a: Kartana|0 fnt|[from] item: Rocky Helmet|[of] p1a: Toxapex\n|faint|p2a: Kartana\n|\n|upkeep\n|\n|t:|1667828015\n|switch|p2a: Blacephalon|Blacephalon|76\/100\n|turn|21\n|\n|t:|1667828022\n|switch|p2a: Conkeldurr|Conkeldurr, M|46\/100 brn\n|switch|p1a: Gastrodon|Gastrodon, M|100\/100\n|-damage|p1a: Gastrodon|94\/100|[from] Stealth Rock\n|\n|-heal|p1a: Gastrodon|100\/100|[from] item: Leftovers\n|-damage|p2a: Conkeldurr|40\/100 brn|[from] brn\n|upkeep\n|turn|22\n|\n|t:|1667828033\n|switch|p1a: Skarmory|Skarmory, M|100\/100\n|-damage|p1a: Skarmory|88\/100|[from] Stealth Rock\n|move|p2a: Conkeldurr|Drain Punch|p1a: Skarmory\n|-damage|p1a: Skarmory|49\/100\n|-heal|p2a: Conkeldurr|56\/100 brn|[from] drain|[of] p1a: Skarmory\n|\n|-damage|p2a: Conkeldurr|50\/100 brn|[from] brn\n|upkeep\n|turn|23\n|j| Notorioustupacet\n|\n|t:|1667828046\n|move|p1a: Skarmory|Stealth Rock|p2a: Conkeldurr\n|-sidestart|p2: Tsukishirohinami|move: Stealth Rock\n|move|p2a: Conkeldurr|Taunt|p1a: Skarmory\n|-start|p1a: Skarmory|move: Taunt\n|\n|-damage|p2a: Conkeldurr|44\/100 brn|[from] brn\n|upkeep\n|turn|24\n|\n|t:|1667828049\n|move|p1a: Skarmory|Body Press|p2a: Conkeldurr\n|-damage|p2a: Conkeldurr|17\/100 brn\n|move|p2a: Conkeldurr|Drain Punch|p1a: Skarmory\n|-damage|p1a: Skarmory|6\/100\n|-heal|p2a: Conkeldurr|34\/100 brn|[from] drain|[of] p1a: Skarmory\n|\n|-damage|p2a: Conkeldurr|28\/100 brn|[from] brn\n|upkeep\n|turn|25\n|\n|t:|1667828054\n|move|p2a: Conkeldurr|Mach Punch|p1a: Skarmory\n|-damage|p1a: Skarmory|0 fnt\n|faint|p1a: Skarmory\n|\n|-damage|p2a: Conkeldurr|22\/100 brn|[from] brn\n|upkeep\n|\n|t:|1667828059\n|switch|p1a: Jirachi|Jirachi|93\/100\n|-damage|p1a: Jirachi|87\/100|[from] Stealth Rock\n|turn|26\n|\n|t:|1667828069\n|switch|p2a: Blacephalon|Blacephalon|76\/100\n|move|p1a: Jirachi|Protect||[still]\n|-fail|p1a: Jirachi\n|\n|-heal|p1a: Jirachi|93\/100|[from] item: Leftovers\n|upkeep\n|turn|27\n|\n|t:|1667828076\n|switch|p1a: Gastrodon|Gastrodon, M|100\/100\n|-damage|p1a: Gastrodon|94\/100|[from] Stealth Rock\n|move|p2a: Blacephalon|Shadow Ball|p1a: Gastrodon\n|-damage|p1a: Gastrodon|63\/100\n|\n|-heal|p1a: Gastrodon|70\/100|[from] item: Leftovers\n|upkeep\n|turn|28\n|\n|t:|1667828095\n|switch|p2a: Tapu Lele|Tapu Lele, shiny|66\/100\n|-damage|p2a: Tapu Lele|54\/100|[from] Stealth Rock\n|-fieldstart|move: Psychic Terrain|[from] ability: Psychic Surge|[of] p2a: Tapu Lele\n|move|p1a: Gastrodon|Recover|p1a: Gastrodon\n|-heal|p1a: Gastrodon|100\/100\n|\n|upkeep\n|turn|29\n|\n|t:|1667828099\n|switch|p1a: Jirachi|Jirachi|93\/100\n|-damage|p1a: Jirachi|87\/100|[from] Stealth Rock\n|move|p2a: Tapu Lele|Psychic|p1a: Jirachi\n|-resisted|p1a: Jirachi\n|-damage|p1a: Jirachi|77\/100\n|\n|-heal|p1a: Jirachi|83\/100|[from] item: Leftovers\n|upkeep\n|turn|30\n|l| the art of\n|\n|t:|1667828105\n|switch|p2a: Magnezone|Magnezone|88\/100\n|-damage|p2a: Magnezone|82\/100|[from] Stealth Rock\n|move|p1a: Jirachi|U-turn|p2a: Magnezone\n|-resisted|p2a: Magnezone\n|-damage|p2a: Magnezone|75\/100\n|\n|t:|1667828112\n|switch|p1a: Hydreigon|Hydreigon, F|54\/100|[from]move: U-turn\n|-damage|p1a: Hydreigon|42\/100|[from] Stealth Rock\n|\n|-heal|p2a: Magnezone|81\/100|[from] item: Leftovers\n|upkeep\n|turn|31\n|\n|t:|1667828115\n|move|p1a: Hydreigon|Earth Power|p2a: Magnezone\n|-supereffective|p2a: Magnezone\n|-damage|p2a: Magnezone|0 fnt\n|faint|p2a: Magnezone\n|\n|upkeep\n|j| PoobleMaster945\n|\n|t:|1667828122\n|switch|p2a: Conkeldurr|Conkeldurr, M|22\/100 brn\n|-damage|p2a: Conkeldurr|16\/100 brn|[from] Stealth Rock\n|turn|32\n|\n|t:|1667828127\n|switch|p1a: Toxapex|Toxapex, M|51\/100\n|-damage|p1a: Toxapex|38\/100|[from] Stealth Rock\n|move|p2a: Conkeldurr|Drain Punch|p1a: Toxapex\n|-resisted|p1a: Toxapex\n|-damage|p1a: Toxapex|18\/100\n|-heal|p2a: Conkeldurr|23\/100 brn|[from] drain|[of] p1a: Toxapex\n|-damage|p2a: Conkeldurr|7\/100 brn|[from] item: Rocky Helmet|[of] p1a: Toxapex\n|\n|-damage|p2a: Conkeldurr|1\/100 brn|[from] brn\n|-fieldend|move: Psychic Terrain\n|upkeep\n|turn|33\n|\n|t:|1667828141\n|move|p2a: Conkeldurr|Knock Off|p1a: Toxapex\n|-damage|p1a: Toxapex|0 fnt\n|-damage|p2a: Conkeldurr|0 fnt|[from] item: Rocky Helmet|[of] p1a: Toxapex\n|faint|p1a: Toxapex\n|faint|p2a: Conkeldurr\n|\n|upkeep\n|\n|t:|1667828146\n|switch|p2a: Tapu Lele|Tapu Lele, shiny|54\/100\n|switch|p1a: Jirachi|Jirachi|83\/100\n|-damage|p2a: Tapu Lele|41\/100|[from] Stealth Rock\n|-fieldstart|move: Psychic Terrain|[from] ability: Psychic Surge|[of] p2a: Tapu Lele\n|-damage|p1a: Jirachi|77\/100|[from] Stealth Rock\n|turn|34\n|\n|t:|1667828151\n|move|p2a: Tapu Lele|Future Sight|p1a: Jirachi\n|-start|p2a: Tapu Lele|move: Future Sight\n|move|p1a: Jirachi|Body Slam|p2a: Tapu Lele\n|-damage|p2a: Tapu Lele|10\/100\n|\n|-heal|p1a: Jirachi|83\/100|[from] item: Leftovers\n|upkeep\n|turn|35\n|\n|t:|1667828157\n|switch|p2a: Blacephalon|Blacephalon|76\/100\n|move|p1a: Jirachi|U-turn|p2a: Blacephalon\n|-resisted|p2a: Blacephalon\n|-damage|p2a: Blacephalon|66\/100\n|\n|t:|1667828159\n|switch|p1a: Hydreigon|Hydreigon, F|42\/100|[from]move: U-turn\n|-damage|p1a: Hydreigon|29\/100|[from] Stealth Rock\n|\n|upkeep\n|turn|36\n|\n|t:|1667828168\n|move|p2a: Blacephalon|Shadow Ball|p1a: Hydreigon\n|-resisted|p1a: Hydreigon\n|-damage|p1a: Hydreigon|3\/100\n|move|p1a: Hydreigon|Roost|p1a: Hydreigon\n|-heal|p1a: Hydreigon|53\/100\n|-singleturn|p1a: Hydreigon|move: Roost\n|\n|-end|p1a: Hydreigon|move: Future Sight\n|-immune|p1a: Hydreigon\n|upkeep\n|turn|37\n|\n|t:|1667828174\n|switch|p2a: Landorus|Landorus-Therian, M|14\/100 tox\n|-damage|p2a: Landorus|2\/100 tox|[from] Stealth Rock\n|-ability|p2a: Landorus|Intimidate|boost\n|-unboost|p1a: Hydreigon|atk|1\n|move|p1a: Hydreigon|Roost|p1a: Hydreigon\n|-heal|p1a: Hydreigon|100\/100\n|-singleturn|p1a: Hydreigon|move: Roost\n|\n|-damage|p2a: Landorus|0 fnt|[from] psn\n|faint|p2a: Landorus\n|upkeep\n|\n|t:|1667828176\n|switch|p2a: Tapu Lele|Tapu Lele, shiny|10\/100\n|-damage|p2a: Tapu Lele|0 fnt|[from] Stealth Rock\n|faint|p2a: Tapu Lele\n|\n|t:|1667828178\n|switch|p2a: Blacephalon|Blacephalon|66\/100\n|turn|38\n|-message|Tsukishirohinami forfeited.\n|\n|win|I'm back from mars\n|n|\u2606I'm back from mars|imbackfrommars\n|n|\u2606Tsukishirohinami|tsukishirohinami\n|n|+moondazing|moondazing\n|n| Aftx|aftx\n|n| aursnes|aursnes\n|n| cypherstest|cypherstest\n|n| Notorioustupacet|notorioustupacet\n|n| PoobleMaster945|pooblemaster945\n","uploadtime":1667828180,"views":2,"p1id":"imbackfrommars","p2id":"tsukishirohinami","formatid":"gen8ou","rating":0,"private":0,"password":null}