{"id":"gen8ou-1648616039","p1":"return nirvana","p2":"LT94JE Fuse","format":"gen8ou","log":"|raw|<div class=\"broadcast-blue\"><strong>This battle is required to be public due to a player having a name starting with 'lt94je'.<\/div>\n|j|\u2606return nirvana\n|j|\u2606LT94JE Fuse\n|t:|1661508440\n|gametype|singles\n|player|p1|return nirvana|gambler-gen1|1882\n|player|p2|LT94JE Fuse|yellow|1825\n|teamsize|p1|6\n|teamsize|p2|6\n|gen|8\n|tier|[Gen 8] OU\n|rated|\n|rule|Sleep Clause Mod: Limit one foe put to sleep\n|rule|Species Clause: Limit one of each Pok\u00e9mon\n|rule|OHKO Clause: OHKO moves are banned\n|rule|Evasion Items Clause: Evasion items are banned\n|rule|Evasion Moves Clause: Evasion moves are banned\n|rule|Endless Battle Clause: Forcing endless battles is banned\n|rule|HP Percentage Mod: HP is shown in percentages\n|rule|Dynamax Clause: You cannot dynamax\n|clearpoke\n|poke|p1|Pelipper, M|\n|poke|p1|Kartana|\n|poke|p1|Kingdra, F|\n|poke|p1|Landorus-Therian, M|\n|poke|p1|Melmetal|\n|poke|p1|Dragapult, M|\n|poke|p2|Necrozma|\n|poke|p2|Tapu Lele|\n|poke|p2|Urshifu-*, F|\n|poke|p2|Tornadus-Therian, M|\n|poke|p2|Gastrodon, M|\n|poke|p2|Heatran, M|\n|teampreview\n|c|\u2606return nirvana|gastro\n|c|\u2606return nirvana|rip\n|c|\u2606return nirvana|hf\n|\n|t:|1661508460\n|start\n|switch|p1a: Landorus|Landorus-Therian, M|100\/100\n|switch|p2a: Necrozma|Necrozma|100\/100\n|-ability|p1a: Landorus|Intimidate|boost\n|-unboost|p2a: Necrozma|atk|1\n|turn|1\n|inactive|Battle timer is ON: inactive players will automatically lose when time's up. (requested by return nirvana)\n|\n|t:|1661508488\n|move|p2a: Necrozma|Photon Geyser|p1a: Landorus\n|-damage|p1a: Landorus|33\/100\n|move|p1a: Landorus|Stealth Rock|p2a: Necrozma\n|-sidestart|p2: LT94JE Fuse|move: Stealth Rock\n|\n|-heal|p1a: Landorus|39\/100|[from] item: Leftovers\n|upkeep\n|turn|2\n|j| ilcavalierebianco\n|\n|t:|1661508493\n|switch|p1a: Melmetal|Melmetal|100\/100\n|move|p2a: Necrozma|Photon Geyser|p1a: Melmetal\n|-resisted|p1a: Melmetal\n|-damage|p1a: Melmetal|64\/100\n|\n|-heal|p1a: Melmetal|71\/100|[from] item: Leftovers\n|upkeep\n|turn|3\n|inactive|LT94JE Fuse has 120 seconds left.\n|j| LT_Alt1\n|j| Cyberacc\n|\n|t:|1661508540\n|switch|p2a: Gastrodon|Gastrodon, M|100\/100\n|-damage|p2a: Gastrodon|94\/100|[from] Stealth Rock\n|move|p1a: Melmetal|Toxic|p2a: Gastrodon\n|-status|p2a: Gastrodon|tox\n|\n|-heal|p1a: Melmetal|77\/100|[from] item: Leftovers\n|-heal|p2a: Gastrodon|100\/100 tox|[from] item: Leftovers\n|-damage|p2a: Gastrodon|94\/100 tox|[from] psn\n|upkeep\n|turn|4\n|\n|t:|1661508545\n|switch|p2a: Heatran|Heatran, M|100\/100\n|-damage|p2a: Heatran|88\/100|[from] Stealth Rock\n|move|p1a: Melmetal|Double Iron Bash|p2a: Heatran\n|-resisted|p2a: Heatran\n|-damage|p2a: Heatran|81\/100\n|-resisted|p2a: Heatran\n|-damage|p2a: Heatran|75\/100\n|-status|p1a: Melmetal|brn|[from] ability: Flame Body|[of] p2a: Heatran\n|-hitcount|p2a: Heatran|2\n|\n|-heal|p2a: Heatran|81\/100|[from] item: Leftovers\n|-heal|p1a: Melmetal|83\/100 brn|[from] item: Leftovers\n|-damage|p1a: Melmetal|77\/100 brn|[from] brn\n|upkeep\n|turn|5\n|l| Cyberacc\n|inactive|LT94JE Fuse has 120 seconds left.\n|j| Mimikyu Stardust\n|j| Chaitanya\n|j| LT94JE adreamew\n|inactive|LT94JE Fuse has 90 seconds left.\n|\n|t:|1661508596\n|switch|p1a: Pelipper|Pelipper, M|100\/100\n|-weather|RainDance|[from] ability: Drizzle|[of] p1a: Pelipper\n|move|p2a: Heatran|Stealth Rock|p1a: Pelipper\n|-sidestart|p1: return nirvana|move: Stealth Rock\n|\n|-weather|RainDance|[upkeep]\n|-heal|p2a: Heatran|87\/100|[from] item: Leftovers\n|upkeep\n|turn|6\n|\n|t:|1661508606\n|move|p2a: Heatran|Magma Storm|p1a: Pelipper\n|-resisted|p1a: Pelipper\n|-damage|p1a: Pelipper|90\/100\n|-activate|p1a: Pelipper|move: Magma Storm|[of] p2a: Heatran\n|move|p1a: Pelipper|U-turn|p2a: Heatran\n|-resisted|p2a: Heatran\n|-damage|p2a: Heatran|86\/100\n|\n|t:|1661508618\n|switch|p1a: Kingdra|Kingdra, F|100\/100|[from]move: U-turn\n|-damage|p1a: Kingdra|88\/100|[from] Stealth Rock\n|\n|-weather|RainDance|[upkeep]\n|-heal|p2a: Heatran|92\/100|[from] item: Leftovers\n|upkeep\n|turn|7\n|l| LT94JE adreamew\n|j| el horroroso\n|\n|t:|1661508639\n|switch|p2a: Gastrodon|Gastrodon, M|94\/100 tox\n|-damage|p2a: Gastrodon|88\/100 tox|[from] Stealth Rock\n|move|p1a: Kingdra|Surf|p2a: Gastrodon\n|-ability|p2a: Gastrodon|Storm Drain|boost\n|-boost|p2a: Gastrodon|spa|1\n|\n|-weather|RainDance|[upkeep]\n|-heal|p2a: Gastrodon|94\/100 tox|[from] item: Leftovers\n|-damage|p2a: Gastrodon|88\/100 tox|[from] psn\n|upkeep\n|turn|8\n|\n|t:|1661508642\n|switch|p1a: Pelipper|Pelipper, M|90\/100\n|-damage|p1a: Pelipper|66\/100|[from] Stealth Rock\n|move|p2a: Gastrodon|Scald|p1a: Pelipper\n|-resisted|p1a: Pelipper\n|-damage|p1a: Pelipper|40\/100\n|-status|p1a: Pelipper|brn\n|\n|-weather|RainDance|[upkeep]\n|-heal|p2a: Gastrodon|94\/100 tox|[from] item: Leftovers\n|-damage|p2a: Gastrodon|82\/100 tox|[from] psn\n|-damage|p1a: Pelipper|34\/100 brn|[from] brn\n|upkeep\n|turn|9\n|\n|t:|1661508644\n|move|p1a: Pelipper|Roost|p1a: Pelipper\n|-heal|p1a: Pelipper|84\/100 brn\n|-singleturn|p1a: Pelipper|move: Roost\n|move|p2a: Gastrodon|Earth Power|p1a: Pelipper\n|-damage|p1a: Pelipper|45\/100 brn\n|\n|-weather|RainDance|[upkeep]\n|-heal|p2a: Gastrodon|88\/100 tox|[from] item: Leftovers\n|-damage|p2a: Gastrodon|70\/100 tox|[from] psn\n|-damage|p1a: Pelipper|39\/100 brn|[from] brn\n|upkeep\n|turn|10\n|\n|t:|1661508648\n|switch|p2a: Necrozma|Necrozma|100\/100\n|-damage|p2a: Necrozma|88\/100|[from] Stealth Rock\n|move|p1a: Pelipper|Roost|p1a: Pelipper\n|-heal|p1a: Pelipper|89\/100 brn\n|-singleturn|p1a: Pelipper|move: Roost\n|\n|-weather|RainDance|[upkeep]\n|-damage|p1a: Pelipper|83\/100 brn|[from] brn\n|upkeep\n|turn|11\n|\n|t:|1661508653\n|switch|p1a: Landorus|Landorus-Therian, M|39\/100\n|-damage|p1a: Landorus|27\/100|[from] Stealth Rock\n|-ability|p1a: Landorus|Intimidate|boost\n|-unboost|p2a: Necrozma|atk|1\n|move|p2a: Necrozma|Photon Geyser|p1a: Landorus\n|-damage|p1a: Landorus|0 fnt\n|faint|p1a: Landorus\n|\n|-weather|RainDance|[upkeep]\n|upkeep\n|\n|t:|1661508654\n|switch|p1a: Kingdra|Kingdra, F|88\/100\n|-damage|p1a: Kingdra|76\/100|[from] Stealth Rock\n|turn|12\n|inactive|LT94JE Fuse has 120 seconds left.\n|\n|t:|1661508660\n|switch|p2a: Heatran|Heatran, M|92\/100\n|-damage|p2a: Heatran|80\/100|[from] Stealth Rock\n|move|p1a: Kingdra|Draco Meteor|p2a: Heatran\n|-resisted|p2a: Heatran\n|-damage|p2a: Heatran|48\/100\n|-unboost|p1a: Kingdra|spa|2\n|\n|-weather|none\n|-heal|p2a: Heatran|54\/100|[from] item: Leftovers\n|upkeep\n|turn|13\n|\n|t:|1661508664\n|switch|p1a: Pelipper|Pelipper, M|83\/100 brn\n|-damage|p1a: Pelipper|58\/100 brn|[from] Stealth Rock\n|-weather|RainDance|[from] ability: Drizzle|[of] p1a: Pelipper\n|move|p2a: Heatran|Magma Storm|p1a: Pelipper\n|-resisted|p1a: Pelipper\n|-damage|p1a: Pelipper|47\/100 brn\n|-activate|p1a: Pelipper|move: Magma Storm|[of] p2a: Heatran\n|\n|-weather|RainDance|[upkeep]\n|-heal|p2a: Heatran|60\/100|[from] item: Leftovers\n|-damage|p1a: Pelipper|41\/100 brn|[from] brn\n|-damage|p1a: Pelipper|28\/100 brn|[from] move: Magma Storm|[partiallytrapped]\n|upkeep\n|turn|14\n|l| Chaitanya\n|\n|t:|1661508669\n|move|p2a: Heatran|Magma Storm|p1a: Pelipper\n|-resisted|p1a: Pelipper\n|-damage|p1a: Pelipper|18\/100 brn\n|move|p1a: Pelipper|Roost|p1a: Pelipper\n|-heal|p1a: Pelipper|68\/100 brn\n|-singleturn|p1a: Pelipper|move: Roost\n|\n|-weather|RainDance|[upkeep]\n|-heal|p2a: Heatran|67\/100|[from] item: Leftovers\n|-damage|p1a: Pelipper|62\/100 brn|[from] brn\n|-damage|p1a: Pelipper|50\/100 brn|[from] move: Magma Storm|[partiallytrapped]\n|upkeep\n|turn|15\n|\n|t:|1661508671\n|move|p2a: Heatran|Magma Storm|p1a: Pelipper\n|-resisted|p1a: Pelipper\n|-damage|p1a: Pelipper|40\/100 brn\n|move|p1a: Pelipper|U-turn|p2a: Heatran\n|-resisted|p2a: Heatran\n|-damage|p2a: Heatran|66\/100\n|\n|t:|1661508674\n|switch|p1a: Kartana|Kartana|100\/100|[from]move: U-turn\n|-damage|p1a: Kartana|94\/100|[from] Stealth Rock\n|\n|-weather|RainDance|[upkeep]\n|-heal|p2a: Heatran|72\/100|[from] item: Leftovers\n|upkeep\n|turn|16\n|\n|t:|1661508679\n|move|p1a: Kartana|Knock Off|p2a: Heatran\n|-damage|p2a: Heatran|23\/100\n|-enditem|p2a: Heatran|Leftovers|[from] move: Knock Off|[of] p1a: Kartana\n|move|p2a: Heatran|Earth Power|p1a: Kartana\n|-damage|p1a: Kartana|15\/100\n|\n|-weather|RainDance|[upkeep]\n|upkeep\n|turn|17\n|\n|t:|1661508682\n|move|p1a: Kartana|Knock Off|p2a: Heatran\n|-damage|p2a: Heatran|0 fnt\n|faint|p2a: Heatran\n|-ability|p1a: Kartana|Beast Boost|boost\n|-boost|p1a: Kartana|atk|1\n|\n|-weather|RainDance|[upkeep]\n|upkeep\n|\n|t:|1661508683\n|switch|p2a: Tornadus|Tornadus-Therian, M|100\/100\n|turn|18\n|\n|t:|1661508687\n|switch|p1a: Melmetal|Melmetal|77\/100 brn\n|-damage|p1a: Melmetal|71\/100 brn|[from] Stealth Rock\n|move|p2a: Tornadus|Knock Off|p1a: Melmetal\n|-damage|p1a: Melmetal|59\/100 brn\n|-enditem|p1a: Melmetal|Leftovers|[from] move: Knock Off|[of] p2a: Tornadus\n|\n|-weather|RainDance|[upkeep]\n|-damage|p1a: Melmetal|53\/100 brn|[from] brn\n|upkeep\n|turn|19\n|inactive|LT94JE Fuse has 120 seconds left.\n|\n|t:|1661508729\n|switch|p1a: Kingdra|Kingdra, F|76\/100\n|-damage|p1a: Kingdra|63\/100|[from] Stealth Rock\n|move|p2a: Tornadus|U-turn|p1a: Kingdra\n|-damage|p1a: Kingdra|44\/100\n|\n|t:|1661508731\n|switch|p2a: Gastrodon|Gastrodon, M|70\/100 tox|[from]move: U-turn\n|-damage|p2a: Gastrodon|64\/100 tox|[from] Stealth Rock\n|\n|-weather|RainDance|[upkeep]\n|-heal|p2a: Gastrodon|70\/100 tox|[from] item: Leftovers\n|-damage|p2a: Gastrodon|64\/100 tox|[from] psn\n|upkeep\n|turn|20\n|\n|t:|1661508737\n|move|p1a: Kingdra|Hydro Pump|p2a: Gastrodon\n|-ability|p2a: Gastrodon|Storm Drain|boost\n|-boost|p2a: Gastrodon|spa|1\n|move|p2a: Gastrodon|Earth Power|p1a: Kingdra\n|-damage|p1a: Kingdra|0 fnt\n|faint|p1a: Kingdra\n|\n|-weather|none\n|-heal|p2a: Gastrodon|70\/100 tox|[from] item: Leftovers\n|-damage|p2a: Gastrodon|58\/100 tox|[from] psn\n|upkeep\n|\n|t:|1661508741\n|switch|p1a: Dragapult|Dragapult, M|100\/100\n|-damage|p1a: Dragapult|88\/100|[from] Stealth Rock\n|turn|21\n|j| Wee5387\n|c|\u2606return nirvana|gg\n|-message|return nirvana forfeited.\n|\n|win|LT94JE Fuse\n|raw|return nirvana's rating: 1882 &rarr; <strong>1858<\/strong><br \/>(-24 for losing)\n|raw|LT94JE Fuse's rating: 1804 &rarr; <strong>1828<\/strong><br \/>(+24 for winning)\n|l|\u2606return nirvana\n|l| Wee5387\n|c|\u2606LT94JE Fuse|Gg\n|j| L9BGNXTY\n|l| L9BGNXTY\n|l| el horroroso\n","uploadtime":1661508924,"views":82,"p1id":"returnnirvana","p2id":"lt94jefuse","formatid":"gen8ou","rating":1828,"private":0,"password":null}