{"id":"gen8ou-1453084494","p1":"gaenisalbino","p2":"F0rdPrefect","format":"gen8ou","log":"|j|\u2606gaenisalbino\n|j|\u2606F0rdPrefect\n|t:|1636639442\n|gametype|singles\n|player|p1|gaenisalbino|266|1832\n|player|p2|F0rdPrefect|wallace-gen6|1749\n|teamsize|p1|6\n|teamsize|p2|6\n|gen|8\n|tier|[Gen 8] OU\n|rated|\n|rule|Sleep Clause Mod: Limit one foe put to sleep\n|rule|Species Clause: Limit one of each Pok\u00e9mon\n|rule|OHKO Clause: OHKO moves are banned\n|rule|Evasion Moves Clause: Evasion moves are banned\n|rule|Endless Battle Clause: Forcing endless battles is banned\n|rule|HP Percentage Mod: HP is shown in percentages\n|rule|Dynamax Clause: You cannot dynamax\n|clearpoke\n|poke|p1|Urshifu-*, M|\n|poke|p1|Kyurem|\n|poke|p1|Landorus-Therian, M|\n|poke|p1|Ferrothorn, F|\n|poke|p1|Tyranitar, F|\n|poke|p1|Slowbro, F|\n|poke|p2|Hatterene, F|\n|poke|p2|Melmetal|\n|poke|p2|Marowak-Alola, F|\n|poke|p2|Crawdaunt, M|\n|poke|p2|Porygon2|\n|poke|p2|Cresselia, F|\n|teampreview\n|inactive|Battle timer is ON: inactive players will automatically lose when time's up. (requested by F0rdPrefect)\n|j| dghkjdf\n|j| 0zorcNecropHADES\n|inactive|gaenisalbino has 120 seconds left.\n|\n|t:|1636639489\n|start\n|switch|p1a: abhi noob|Landorus-Therian, M|100\/100\n|switch|p2a: Hatterene|Hatterene, F|100\/100\n|-ability|p1a: abhi noob|Intimidate|boost\n|-unboost|p2a: Hatterene|atk|1\n|turn|1\n|\n|t:|1636639494\n|move|p1a: abhi noob|Earthquake|p2a: Hatterene\n|-damage|p2a: Hatterene|47\/100\n|move|p2a: Hatterene|Trick Room|p2a: Hatterene\n|-fieldstart|move: Trick Room|[of] p2a: Hatterene\n|\n|upkeep\n|turn|2\n|\n|t:|1636639500\n|move|p2a: Hatterene|Healing Wish|p2a: Hatterene\n|faint|p2a: Hatterene\n|move|p1a: abhi noob|Earthquake|p2: Hatterene|[notarget]\n|-fail|p1a: abhi noob\n|\n|upkeep\n|\n|t:|1636639506\n|switch|p2a: Crawdaunt|Crawdaunt, M|100\/100\n|turn|3\n|\n|t:|1636639521\n|switch|p1a: Sidd|Urshifu-Rapid-Strike, M|100\/100\n|move|p2a: Crawdaunt|Swords Dance|p2a: Crawdaunt\n|-boost|p2a: Crawdaunt|atk|2\n|\n|upkeep\n|turn|4\n|inactive|gaenisalbino has 120 seconds left.\n|inactive|F0rdPrefect has 120 seconds left.\n|inactive|gaenisalbino has 90 seconds left.\n|inactive|F0rdPrefect has 90 seconds left.\n|j| Kyliananas\n|j| PepinilloCrazy\n|\n|t:|1636639615\n|move|p2a: Crawdaunt|Crabhammer|p1a: Sidd\n|-resisted|p1a: Sidd\n|-damage|p1a: Sidd|5\/100\n|-damage|p2a: Crawdaunt|91\/100|[from] item: Life Orb\n|move|p1a: Sidd|Close Combat|p2a: Crawdaunt\n|-supereffective|p2a: Crawdaunt\n|-damage|p2a: Crawdaunt|0 fnt\n|-unboost|p1a: Sidd|def|1\n|-unboost|p1a: Sidd|spd|1\n|faint|p2a: Crawdaunt\n|\n|upkeep\n|c| 0zorcNecropHADES|5%\n|\n|t:|1636639622\n|switch|p2a: Porygon2|Porygon2|100\/100\n|-ability|p2a: Porygon2|Unseen Fist|[from] ability: Trace|[of] p1a: Sidd\n|turn|5\n|c|\u2606gaenisalbino|yeah\n|c|\u2606gaenisalbino|it never killed\n|inactive|gaenisalbino has 60 seconds left.\n|c|\u2606gaenisalbino|2 252+ Atk Life Orb Adaptability Crawdaunt Crabhammer vs. 0 HP \/ 4 Def Urshifu-Rapid-Strike: 292-344 (85.6 - 100.8%) -- 12.5% chance to OHKO\n|c|\u2606gaenisalbino|12.5 perc chance\n|c|\u2606gaenisalbino|check the facts before getting salty\n|\n|t:|1636639661\n|move|p2a: Porygon2|Ice Beam|p1a: Sidd\n|-resisted|p1a: Sidd\n|-damage|p1a: Sidd|0 fnt\n|faint|p1a: Sidd\n|\n|-fieldend|move: Trick Room\n|upkeep\n|c|\u2606F0rdPrefect|calm down\n|j| yiyue\n|c| 0zorcNecropHADES|i'm not\n|c| 0zorcNecropHADES|kid\n|c|\u2606F0rdPrefect|he is not the one battling you\n|c|\u2606gaenisalbino|oh\n|c|\u2606gaenisalbino|my bad\n|c|\u2606gaenisalbino|oof\n|inactive|gaenisalbino has 30 seconds left.\n|c|\u2606F0rdPrefect|haha np\n|c|\u2606F0rdPrefect|i did the calc too\n|c|\u2606gaenisalbino|sorry bro\n|inactive|gaenisalbino has 20 seconds left.\n|\n|t:|1636639695\n|switch|p1a: SaeraT|Ferrothorn, F|100\/100\n|turn|6\n|inactive|gaenisalbino has 30 seconds left this turn.\n|\n|t:|1636639705\n|move|p1a: SaeraT|Body Press|p2a: Porygon2\n|-supereffective|p2a: Porygon2\n|-damage|p2a: Porygon2|65\/100\n|move|p2a: Porygon2|Trick Room|p2a: Porygon2\n|-fieldstart|move: Trick Room|[of] p2a: Porygon2\n|\n|upkeep\n|turn|7\n|inactive|gaenisalbino has 30 seconds left.\n|\n|t:|1636639710\n|switch|p1a: abhi noob|Landorus-Therian, M|100\/100\n|-ability|p1a: abhi noob|Intimidate|boost\n|-unboost|p2a: Porygon2|atk|1\n|move|p2a: Porygon2|Teleport|p2a: Porygon2\n|j| superb fit\n|\n|t:|1636639715\n|switch|p2a: Melmetal|Melmetal|100\/100|[from]move: Teleport\n|\n|upkeep\n|turn|8\n|\n|t:|1636639720\n|switch|p1a: Keys|Slowbro, F|100\/100\n|move|p2a: Melmetal|Double Iron Bash|p1a: Keys\n|-resisted|p1a: Keys\n|-damage|p1a: Keys|81\/100\n|-resisted|p1a: Keys\n|-damage|p1a: Keys|61\/100\n|-hitcount|p1a: Keys|2\n|\n|upkeep\n|turn|9\n|inactive|F0rdPrefect has 120 seconds left.\n|\n|t:|1636639728\n|move|p2a: Melmetal|Double Iron Bash|p1a: Keys\n|-resisted|p1a: Keys\n|-damage|p1a: Keys|40\/100\n|-resisted|p1a: Keys\n|-damage|p1a: Keys|19\/100\n|-hitcount|p1a: Keys|2\n|cant|p1a: Keys|flinch\n|\n|upkeep\n|turn|10\n|\n|t:|1636639735\n|switch|p1a: SaeraT|Ferrothorn, F|100\/100\n|move|p2a: Melmetal|Double Iron Bash|p1a: SaeraT\n|-resisted|p1a: SaeraT\n|-damage|p1a: SaeraT|80\/100\n|-damage|p2a: Melmetal|88\/100|[from] ability: Iron Barbs|[of] p1a: SaeraT\n|-resisted|p1a: SaeraT\n|-damage|p1a: SaeraT|62\/100\n|-damage|p2a: Melmetal|76\/100|[from] ability: Iron Barbs|[of] p1a: SaeraT\n|-hitcount|p1a: SaeraT|2\n|\n|-heal|p1a: SaeraT|68\/100|[from] item: Leftovers\n|-fieldend|move: Trick Room\n|upkeep\n|turn|11\n|inactive|gaenisalbino has 60 seconds left.\n|j| Nautious1\n|inactive|F0rdPrefect has 120 seconds left.\n|c|\u2606F0rdPrefect|and people shouldnt spectate my games as im rly bad and just lucky\n|\n|t:|1636639771\n|switch|p2a: Porygon2|Porygon2|65\/100\n|-heal|p2a: Porygon2|100\/100|[from] move: Healing Wish\n|-ability|p2a: Porygon2|Iron Barbs|[from] ability: Trace|[of] p1a: SaeraT\n|move|p1a: SaeraT|Leech Seed|p2a: Porygon2\n|-start|p2a: Porygon2|move: Leech Seed\n|\n|-heal|p1a: SaeraT|75\/100|[from] item: Leftovers\n|-damage|p2a: Porygon2|88\/100|[from] Leech Seed|[of] p1a: SaeraT\n|-heal|p1a: SaeraT|88\/100|[silent]\n|upkeep\n|turn|12\n|inactive|gaenisalbino has 60 seconds left.\n|l| yiyue\n|c|\u2606gaenisalbino|you can just turn the no spectators option on lol\n|c|\u2606gaenisalbino|holy shit\n|c|\u2606gaenisalbino|7 specs\n|\n|t:|1636639808\n|move|p1a: SaeraT|Body Press|p2a: Porygon2\n|-supereffective|p2a: Porygon2\n|-damage|p2a: Porygon2|54\/100\n|-damage|p1a: SaeraT|75\/100|[from] ability: Iron Barbs|[of] p2a: Porygon2\n|move|p2a: Porygon2|Trick Room|p2a: Porygon2\n|-fieldstart|move: Trick Room|[of] p2a: Porygon2\n|\n|-heal|p1a: SaeraT|81\/100|[from] item: Leftovers\n|-damage|p2a: Porygon2|42\/100|[from] Leech Seed|[of] p1a: SaeraT\n|-heal|p1a: SaeraT|95\/100|[silent]\n|upkeep\n|turn|13\n|\n|t:|1636639817\n|switch|p1a: Anvil|Tyranitar, F|100\/100\n|-weather|Sandstorm|[from] ability: Sand Stream|[of] p1a: Anvil\n|switch|p2a: Marowak|Marowak-Alola, F|100\/100\n|\n|-weather|Sandstorm|[upkeep]\n|-damage|p2a: Marowak|94\/100|[from] Sandstorm\n|upkeep\n|turn|14\n|\n|t:|1636639829\n|switch|p2a: Porygon2|Porygon2|42\/100\n|-ability|p2a: Porygon2|Sand Stream|[from] ability: Trace|[of] p1a: Anvil\n|move|p1a: Anvil|Crunch|p2a: Porygon2\n|-damage|p2a: Porygon2|22\/100\n|\n|-weather|Sandstorm|[upkeep]\n|-damage|p2a: Porygon2|16\/100|[from] Sandstorm\n|upkeep\n|turn|15\n|\n|t:|1636639834\n|move|p2a: Porygon2|Recover|p2a: Porygon2\n|-heal|p2a: Porygon2|66\/100\n|move|p1a: Anvil|Stone Edge|p2a: Porygon2\n|-damage|p2a: Porygon2|42\/100\n|\n|-weather|Sandstorm|[upkeep]\n|-damage|p2a: Porygon2|36\/100|[from] Sandstorm\n|upkeep\n|turn|16\n|\n|t:|1636639839\n|move|p2a: Porygon2|Recover|p2a: Porygon2\n|-heal|p2a: Porygon2|86\/100\n|move|p1a: Anvil|Stealth Rock|p2a: Porygon2\n|-sidestart|p2: F0rdPrefect|move: Stealth Rock\n|\n|-weather|Sandstorm|[upkeep]\n|-damage|p2a: Porygon2|80\/100|[from] Sandstorm\n|-fieldend|move: Trick Room\n|upkeep\n|turn|17\n|\n|t:|1636639843\n|move|p1a: Anvil|Stone Edge|p2a: Porygon2|[miss]\n|-miss|p1a: Anvil|p2a: Porygon2\n|move|p2a: Porygon2|Trick Room|p2a: Porygon2\n|-fieldstart|move: Trick Room|[of] p2a: Porygon2\n|\n|-weather|none\n|upkeep\n|turn|18\n|j| Kevinuss\n|\n|t:|1636639849\n|switch|p1a: Keys|Slowbro, F|52\/100\n|move|p2a: Porygon2|Teleport|p2a: Porygon2\n|\n|t:|1636639854\n|switch|p2a: Marowak|Marowak-Alola, F|94\/100|[from]move: Teleport\n|-damage|p2a: Marowak|70\/100|[from] Stealth Rock\n|\n|upkeep\n|turn|19\n|\n|t:|1636639863\n|switch|p1a: Anvil|Tyranitar, F|100\/100\n|-weather|Sandstorm|[from] ability: Sand Stream|[of] p1a: Anvil\n|move|p2a: Marowak|Swords Dance|p2a: Marowak\n|-boost|p2a: Marowak|atk|2\n|\n|-weather|Sandstorm|[upkeep]\n|-damage|p2a: Marowak|63\/100|[from] Sandstorm\n|upkeep\n|turn|20\n|\n|t:|1636639866\n|switch|p1a: abhi noob|Landorus-Therian, M|100\/100\n|-ability|p1a: abhi noob|Intimidate|boost\n|-unboost|p2a: Marowak|atk|1\n|move|p2a: Marowak|Earthquake|p1a: abhi noob\n|-immune|p1a: abhi noob\n|\n|-weather|Sandstorm|[upkeep]\n|-damage|p2a: Marowak|57\/100|[from] Sandstorm\n|upkeep\n|turn|21\n|j| NPC666\n|inactive|gaenisalbino has 90 seconds left.\n|\n|t:|1636639891\n|switch|p1a: Anvil|Tyranitar, F|100\/100\n|move|p2a: Marowak|Flare Blitz|p1a: Anvil\n|-resisted|p1a: Anvil\n|-damage|p1a: Anvil|42\/100\n|\n|-weather|Sandstorm|[upkeep]\n|-damage|p2a: Marowak|51\/100|[from] Sandstorm\n|-heal|p1a: Anvil|48\/100|[from] item: Leftovers\n|-fieldend|move: Trick Room\n|upkeep\n|turn|22\n|\n|t:|1636639901\n|switch|p2a: Porygon2|Porygon2|80\/100\n|-damage|p2a: Porygon2|68\/100|[from] Stealth Rock\n|-ability|p2a: Porygon2|Sand Stream|[from] ability: Trace|[of] p1a: Anvil\n|move|p1a: Anvil|Crunch|p2a: Porygon2\n|-damage|p2a: Porygon2|48\/100\n|\n|-weather|Sandstorm|[upkeep]\n|-damage|p2a: Porygon2|42\/100|[from] Sandstorm\n|-heal|p1a: Anvil|54\/100|[from] item: Leftovers\n|upkeep\n|turn|23\n|\n|t:|1636639906\n|move|p1a: Anvil|Stone Edge|p2a: Porygon2\n|-crit|p2a: Porygon2\n|-damage|p2a: Porygon2|3\/100\n|move|p2a: Porygon2|Recover|p2a: Porygon2\n|-heal|p2a: Porygon2|53\/100\n|\n|-weather|none\n|-heal|p1a: Anvil|61\/100|[from] item: Leftovers\n|upkeep\n|turn|24\n|j| PhoHoa\n|\n|t:|1636639915\n|switch|p1a: Keys|Slowbro, F|86\/100\n|move|p2a: Porygon2|Trick Room|p2a: Porygon2\n|-fieldstart|move: Trick Room|[of] p2a: Porygon2\n|\n|upkeep\n|turn|25\n|\n|t:|1636639922\n|move|p2a: Porygon2|Recover|p2a: Porygon2\n|-heal|p2a: Porygon2|100\/100\n|move|p1a: Keys|Teleport|p1a: Keys\n|j| Meanie Poo\n|l| Kyliananas\n|\n|t:|1636639934\n|switch|p1a: Anvil|Tyranitar, F|61\/100|[from]move: Teleport\n|-weather|Sandstorm|[from] ability: Sand Stream|[of] p1a: Anvil\n|\n|-weather|Sandstorm|[upkeep]\n|-damage|p2a: Porygon2|94\/100|[from] Sandstorm\n|-heal|p1a: Anvil|67\/100|[from] item: Leftovers\n|upkeep\n|turn|26\n|\n|t:|1636639942\n|move|p1a: Anvil|Stone Edge|p2a: Porygon2\n|-damage|p2a: Porygon2|72\/100\n|move|p2a: Porygon2|Teleport|p2a: Porygon2\n|\n|t:|1636639944\n|switch|p2a: Melmetal|Melmetal|76\/100|[from]move: Teleport\n|-damage|p2a: Melmetal|69\/100|[from] Stealth Rock\n|\n|-weather|Sandstorm|[upkeep]\n|-heal|p1a: Anvil|73\/100|[from] item: Leftovers\n|upkeep\n|turn|27\n|inactive|gaenisalbino has 120 seconds left.\n|\n|t:|1636639953\n|switch|p1a: Keys|Slowbro, F|100\/100\n|move|p2a: Melmetal|Thunder Punch|p1a: Keys\n|-supereffective|p1a: Keys\n|-damage|p1a: Keys|38\/100\n|\n|-weather|Sandstorm|[upkeep]\n|-damage|p1a: Keys|31\/100|[from] Sandstorm\n|upkeep\n|turn|28\n|inactive|gaenisalbino has 120 seconds left.\n|\n|t:|1636639966\n|switch|p2a: Porygon2|Porygon2|72\/100\n|-damage|p2a: Porygon2|60\/100|[from] Stealth Rock\n|-ability|p2a: Porygon2|Regenerator|[from] ability: Trace|[of] p1a: Keys\n|switch|p1a: Amir|Kyurem|100\/100\n|-ability|p1a: Amir|Pressure\n|\n|-weather|Sandstorm|[upkeep]\n|-damage|p2a: Porygon2|53\/100|[from] Sandstorm\n|-damage|p1a: Amir|94\/100|[from] Sandstorm\n|-fieldend|move: Trick Room\n|upkeep\n|turn|29\n|\n|t:|1636639975\n|move|p1a: Amir|Focus Blast|p2a: Porygon2\n|-supereffective|p2a: Porygon2\n|-damage|p2a: Porygon2|4\/100\n|move|p2a: Porygon2|Trick Room|p2a: Porygon2\n|-fieldstart|move: Trick Room|[of] p2a: Porygon2\n|\n|-weather|none\n|upkeep\n|turn|30\n|inactive|gaenisalbino has 120 seconds left.\n|\n|t:|1636640002\n|move|p2a: Porygon2|Recover|p2a: Porygon2\n|-heal|p2a: Porygon2|54\/100\n|move|p1a: Amir|Focus Blast|p2a: Porygon2\n|-supereffective|p2a: Porygon2\n|-damage|p2a: Porygon2|1\/100\n|\n|upkeep\n|turn|31\n|\n|t:|1636640007\n|switch|p2a: Marowak|Marowak-Alola, F|51\/100\n|-damage|p2a: Marowak|26\/100|[from] Stealth Rock\n|move|p1a: Amir|Focus Blast|p2a: Marowak\n|-immune|p2a: Marowak\n|\n|upkeep\n|turn|32\n|inactive|gaenisalbino has 120 seconds left.\n|l| Meanie Poo\n|\n|t:|1636640045\n|move|p2a: Marowak|Poltergeist|p1a: Amir\n|-activate|p1a: Amir|move: Poltergeist|Never-Melt Ice\n|-damage|p1a: Amir|7\/100\n|move|p1a: Amir|Earth Power|p2a: Marowak\n|-supereffective|p2a: Marowak\n|-damage|p2a: Marowak|0 fnt\n|faint|p2a: Marowak\n|\n|upkeep\n|\n|t:|1636640056\n|switch|p2a: Porygon2|Porygon2|34\/100\n|-damage|p2a: Porygon2|22\/100|[from] Stealth Rock\n|-ability|p2a: Porygon2|Pressure|[from] ability: Trace|[of] p1a: Amir\n|-ability|p2a: Porygon2|Pressure\n|turn|33\n|\n|t:|1636640063\n|switch|p1a: Anvil|Tyranitar, F|73\/100\n|-weather|Sandstorm|[from] ability: Sand Stream|[of] p1a: Anvil\n|move|p2a: Porygon2|Ice Beam|p1a: Anvil\n|-damage|p1a: Anvil|64\/100\n|\n|-weather|Sandstorm|[upkeep]\n|-damage|p2a: Porygon2|16\/100|[from] Sandstorm\n|-heal|p1a: Anvil|70\/100|[from] item: Leftovers\n|-fieldend|move: Trick Room\n|upkeep\n|turn|34\n|\n|t:|1636640070\n|move|p1a: Anvil|Crunch|p2a: Porygon2\n|-damage|p2a: Porygon2|0 fnt\n|faint|p2a: Porygon2\n|\n|-weather|Sandstorm|[upkeep]\n|-heal|p1a: Anvil|76\/100|[from] item: Leftovers\n|upkeep\n|\n|t:|1636640072\n|switch|p2a: Melmetal|Melmetal|69\/100\n|-damage|p2a: Melmetal|63\/100|[from] Stealth Rock\n|turn|35\n|inactive|gaenisalbino has 120 seconds left.\n|\n|t:|1636640092\n|switch|p1a: SaeraT|Ferrothorn, F|95\/100\n|move|p2a: Melmetal|Superpower|p1a: SaeraT\n|-supereffective|p1a: SaeraT\n|-damage|p1a: SaeraT|12\/100\n|-unboost|p2a: Melmetal|atk|1\n|-unboost|p2a: Melmetal|def|1\n|-damage|p2a: Melmetal|51\/100|[from] ability: Iron Barbs|[of] p1a: SaeraT\n|\n|-weather|Sandstorm|[upkeep]\n|-heal|p1a: SaeraT|18\/100|[from] item: Leftovers\n|upkeep\n|turn|36\n|\n|t:|1636640098\n|move|p1a: SaeraT|Leech Seed|p2a: Melmetal\n|-start|p2a: Melmetal|move: Leech Seed\n|move|p2a: Melmetal|Superpower|p1a: SaeraT\n|-supereffective|p1a: SaeraT\n|-damage|p1a: SaeraT|0 fnt\n|-unboost|p2a: Melmetal|atk|1\n|-unboost|p2a: Melmetal|def|1\n|-damage|p2a: Melmetal|38\/100|[from] ability: Iron Barbs|[of] p1a: SaeraT\n|faint|p1a: SaeraT\n|\n|-weather|Sandstorm|[upkeep]\n|upkeep\n|\n|t:|1636640101\n|switch|p1a: abhi noob|Landorus-Therian, M|100\/100\n|-ability|p1a: abhi noob|Intimidate|boost\n|-unboost|p2a: Melmetal|atk|1\n|turn|37\n|c|\u2606gaenisalbino|gg\n|\n|t:|1636640105\n|switch|p2a: Cresselia|Cresselia, F|100\/100\n|-damage|p2a: Cresselia|88\/100|[from] Stealth Rock\n|move|p1a: abhi noob|Earthquake|p2a: Cresselia\n|-immune|p2a: Cresselia|[from] ability: Levitate\n|\n|-weather|none\n|upkeep\n|turn|38\n|c|\u2606F0rdPrefect|gg\n|\n|t:|1636640111\n|move|p1a: abhi noob|Toxic|p2a: Cresselia\n|-status|p2a: Cresselia|tox\n|move|p2a: Cresselia|Trick Room|p2a: Cresselia\n|-fieldstart|move: Trick Room|[of] p2a: Cresselia\n|\n|-damage|p2a: Cresselia|82\/100 tox|[from] psn\n|upkeep\n|turn|39\n|j| bear kigurumi\n|inactive|gaenisalbino has 120 seconds left.\n|c|\u2606gaenisalbino|i could lose LOLLL\n|\n|t:|1636640148\n|switch|p1a: Keys|Slowbro, F|65\/100\n|move|p2a: Cresselia|Ice Beam|p1a: Keys\n|-resisted|p1a: Keys\n|-damage|p1a: Keys|56\/100\n|\n|-damage|p2a: Cresselia|70\/100 tox|[from] psn\n|upkeep\n|turn|40\n|\n|t:|1636640152\n|switch|p2a: Melmetal|Melmetal|38\/100\n|-damage|p2a: Melmetal|32\/100|[from] Stealth Rock\n|move|p1a: Keys|Teleport|p1a: Keys\n|\n|t:|1636640157\n|switch|p1a: abhi noob|Landorus-Therian, M|100\/100|[from]move: Teleport\n|-ability|p1a: abhi noob|Intimidate|boost\n|-unboost|p2a: Melmetal|atk|1\n|\n|upkeep\n|turn|41\n|inactive|gaenisalbino has 120 seconds left.\n|l| 0zorcNecropHADES\n|inactive|gaenisalbino has 90 seconds left.\n|\n|t:|1636640208\n|switch|p1a: Keys|Slowbro, F|90\/100\n|move|p2a: Melmetal|Double Iron Bash|p1a: Keys\n|-resisted|p1a: Keys\n|-damage|p1a: Keys|77\/100\n|-resisted|p1a: Keys\n|-damage|p1a: Keys|64\/100\n|-hitcount|p1a: Keys|2\n|\n|upkeep\n|turn|42\n|inactive|gaenisalbino has 90 seconds left.\n|\n|t:|1636640217\n|switch|p2a: Cresselia|Cresselia, F|70\/100 tox\n|-damage|p2a: Cresselia|57\/100 tox|[from] Stealth Rock\n|move|p1a: Keys|Teleport|p1a: Keys\n|inactive|gaenisalbino has 90 seconds left.\n|\n|t:|1636640224\n|switch|p1a: Anvil|Tyranitar, F|76\/100|[from]move: Teleport\n|-weather|Sandstorm|[from] ability: Sand Stream|[of] p1a: Anvil\n|\n|-weather|Sandstorm|[upkeep]\n|-damage|p2a: Cresselia|51\/100 tox|[from] Sandstorm\n|-heal|p1a: Anvil|82\/100|[from] item: Leftovers\n|-damage|p2a: Cresselia|45\/100 tox|[from] psn\n|-fieldend|move: Trick Room\n|upkeep\n|turn|43\n|\n|t:|1636640228\n|move|p1a: Anvil|Crunch|p2a: Cresselia\n|-supereffective|p2a: Cresselia\n|-damage|p2a: Cresselia|11\/100 tox\n|-unboost|p2a: Cresselia|def|1\n|move|p2a: Cresselia|Trick Room|p2a: Cresselia\n|-fieldstart|move: Trick Room|[of] p2a: Cresselia\n|\n|-weather|Sandstorm|[upkeep]\n|-damage|p2a: Cresselia|5\/100 tox|[from] Sandstorm\n|-heal|p1a: Anvil|89\/100|[from] item: Leftovers\n|-damage|p2a: Cresselia|0 fnt|[from] psn\n|faint|p2a: Cresselia\n|upkeep\n|\n|t:|1636640230\n|switch|p2a: Melmetal|Melmetal|32\/100\n|-damage|p2a: Melmetal|26\/100|[from] Stealth Rock\n|turn|44\n|j| MLZG\n|\n|t:|1636640242\n|switch|p1a: Keys|Slowbro, F|97\/100\n|move|p2a: Melmetal|Double Iron Bash|p1a: Keys\n|-resisted|p1a: Keys\n|-damage|p1a: Keys|77\/100\n|-resisted|p1a: Keys\n|-damage|p1a: Keys|58\/100\n|-hitcount|p1a: Keys|2\n|\n|-weather|Sandstorm|[upkeep]\n|-damage|p1a: Keys|52\/100|[from] Sandstorm\n|upkeep\n|turn|45\n|\n|t:|1636640246\n|move|p2a: Melmetal|Double Iron Bash|p1a: Keys\n|-resisted|p1a: Keys\n|-damage|p1a: Keys|31\/100\n|-resisted|p1a: Keys\n|-crit|p1a: Keys\n|-damage|p1a: Keys|1\/100\n|-hitcount|p1a: Keys|2\n|cant|p1a: Keys|flinch\n|\n|-weather|Sandstorm|[upkeep]\n|-damage|p1a: Keys|0 fnt|[from] Sandstorm\n|faint|p1a: Keys\n|upkeep\n|inactive|gaenisalbino has 120 seconds left.\n|\n|t:|1636640256\n|switch|p1a: Anvil|Tyranitar, F|89\/100\n|turn|46\n|\n|t:|1636640260\n|move|p2a: Melmetal|Double Iron Bash|p1a: Anvil\n|-supereffective|p1a: Anvil\n|-damage|p1a: Anvil|0 fnt\n|faint|p1a: Anvil\n|-hitcount|p1: Anvil|1\n|\n|-weather|none\n|upkeep\n|\n|t:|1636640264\n|switch|p1a: abhi noob|Landorus-Therian, M|100\/100\n|-ability|p1a: abhi noob|Intimidate|boost\n|-unboost|p2a: Melmetal|atk|1\n|turn|47\n|\n|t:|1636640267\n|move|p2a: Melmetal|Double Iron Bash|p1a: abhi noob\n|-damage|p1a: abhi noob|57\/100\n|-damage|p1a: abhi noob|14\/100\n|-hitcount|p1a: abhi noob|2\n|cant|p1a: abhi noob|flinch\n|\n|-heal|p1a: abhi noob|20\/100|[from] item: Leftovers\n|-fieldend|move: Trick Room\n|upkeep\n|turn|48\n|\n|t:|1636640270\n|move|p1a: abhi noob|Earthquake|p2a: Melmetal\n|-supereffective|p2a: Melmetal\n|-damage|p2a: Melmetal|0 fnt\n|faint|p2a: Melmetal\n|\n|win|gaenisalbino\n|raw|gaenisalbino's rating: 1832 &rarr; <strong>1847<\/strong><br \/>(+15 for winning)\n|raw|F0rdPrefect's rating: 1749 &rarr; <strong>1734<\/strong><br \/>(-15 for losing)\n|c|\u2606F0rdPrefect|gg\n|c|\u2606gaenisalbino|gg\n|c|\u2606gaenisalbino|wp\n|c|\u2606gaenisalbino|close game\n","uploadtime":1636640287,"views":25,"p1id":"gaenisalbino","p2id":"f0rdprefect","formatid":"gen8ou","rating":1734,"private":0,"password":null}