{"id":"gen8ou-1652149901","p1":"cump3","p2":"minimax_ai","format":"gen8ou","log":"|j|\u2606cump3\n|j|\u2606minimax_ai\n|t:|1661891419\n|gametype|singles\n|player|p1|cump3|169|1586\n|player|p2|minimax_ai|lusamine-nihilego|1590\n|teamsize|p1|6\n|teamsize|p2|6\n|gen|8\n|tier|[Gen 8] OU\n|rated|\n|rule|Sleep Clause Mod: Limit one foe put to sleep\n|rule|Species Clause: Limit one of each Pok\u00e9mon\n|rule|OHKO Clause: OHKO moves are banned\n|rule|Evasion Items Clause: Evasion items are banned\n|rule|Evasion Moves Clause: Evasion moves are banned\n|rule|Endless Battle Clause: Forcing endless battles is banned\n|rule|HP Percentage Mod: HP is shown in percentages\n|rule|Dynamax Clause: You cannot dynamax\n|clearpoke\n|poke|p1|Clefable, F|\n|poke|p1|Ferrothorn, M|\n|poke|p1|Buzzwole|\n|poke|p1|Victini|\n|poke|p1|Dragonite, F|\n|poke|p1|Tapu Koko|\n|poke|p2|Rotom-Wash|\n|poke|p2|Weavile, M|\n|poke|p2|Landorus-Therian, M|\n|poke|p2|Heatran, M|\n|poke|p2|Tangrowth, F|\n|poke|p2|Melmetal|\n|teampreview\n|c|\u2606minimax_ai|hf\n|inactive|Battle timer is ON: inactive players will automatically lose when time's up. (requested by minimax_ai)\n|c|\u2606cump3|u2\n|\n|t:|1661891428\n|start\n|switch|p1a: Victini|Victini|100\/100\n|switch|p2a: landorustherian|Landorus-Therian, M|100\/100\n|-ability|p2a: landorustherian|Intimidate|boost\n|-unboost|p1a: Victini|atk|1\n|turn|1\n|\n|t:|1661891434\n|switch|p1a: Dragonite|Dragonite, F|100\/100\n|switch|p2a: Tangrowth|Tangrowth, F|100\/100\n|\n|upkeep\n|turn|2\n|\n|t:|1661891438\n|switch|p1a: Buzzwole|Buzzwole|100\/100\n|switch|p2a: Melmetal|Melmetal|100\/100\n|\n|upkeep\n|turn|3\n|\n|t:|1661891440\n|switch|p2a: Tangrowth|Tangrowth, F|100\/100\n|move|p1a: Buzzwole|Close Combat|p2a: Tangrowth\n|-damage|p2a: Tangrowth|71\/100\n|-unboost|p1a: Buzzwole|def|1\n|-unboost|p1a: Buzzwole|spd|1\n|-damage|p1a: Buzzwole|84\/100|[from] item: Rocky Helmet|[of] p2a: Tangrowth\n|\n|upkeep\n|turn|4\n|\n|t:|1661891443\n|move|p1a: Buzzwole|Toxic|p2a: Tangrowth\n|-status|p2a: Tangrowth|tox\n|move|p2a: Tangrowth|Focus Blast|p1a: Buzzwole\n|-resisted|p1a: Buzzwole\n|-damage|p1a: Buzzwole|52\/100\n|\n|-damage|p2a: Tangrowth|64\/100 tox|[from] psn\n|upkeep\n|turn|5\n|\n|t:|1661891445\n|switch|p2a: rotomwash|Rotom-Wash|100\/100\n|move|p1a: Buzzwole|Roost|p1a: Buzzwole\n|-heal|p1a: Buzzwole|100\/100\n|-singleturn|p1a: Buzzwole|move: Roost\n|\n|upkeep\n|turn|6\n|\n|t:|1661891448\n|switch|p1a: Ferrothorn|Ferrothorn, M|100\/100\n|move|p2a: rotomwash|Nasty Plot|p2a: rotomwash\n|-boost|p2a: rotomwash|spa|2\n|\n|upkeep\n|turn|7\n|\n|t:|1661891450\n|switch|p2a: landorustherian|Landorus-Therian, M|100\/100\n|-ability|p2a: landorustherian|Intimidate|boost\n|-unboost|p1a: Ferrothorn|atk|1\n|move|p1a: Ferrothorn|Leech Seed|p2a: landorustherian\n|-start|p2a: landorustherian|move: Leech Seed\n|\n|-damage|p2a: landorustherian|88\/100|[from] Leech Seed|[of] p1a: Ferrothorn\n|upkeep\n|turn|8\n|\n|t:|1661891452\n|switch|p2a: Heatran|Heatran, M|100\/100\n|-item|p2a: Heatran|Air Balloon\n|move|p1a: Ferrothorn|Spikes|p2a: Heatran\n|-sidestart|p2: minimax_ai|Spikes\n|\n|upkeep\n|turn|9\n|\n|t:|1661891460\n|switch|p1a: Dragonite|Dragonite, F|100\/100\n|move|p2a: Heatran|Magma Storm|p1a: Dragonite|[miss]\n|-miss|p2a: Heatran|p1a: Dragonite\n|\n|upkeep\n|turn|10\n|\n|t:|1661891461\n|move|p1a: Dragonite|Ice Punch|p2a: Heatran\n|-resisted|p2a: Heatran\n|-damage|p2a: Heatran|94\/100\n|-enditem|p2a: Heatran|Air Balloon\n|move|p2a: Heatran|Magma Storm|p1a: Dragonite\n|-resisted|p1a: Dragonite\n|-damage|p1a: Dragonite|86\/100\n|-activate|p1a: Dragonite|move: Magma Storm|[of] p2a: Heatran\n|\n|-damage|p1a: Dragonite|74\/100|[from] move: Magma Storm|[partiallytrapped]\n|upkeep\n|turn|11\n|\n|t:|1661891463\n|switch|p2a: Melmetal|Melmetal|100\/100\n|-damage|p2a: Melmetal|88\/100|[from] Spikes\n|move|p1a: Dragonite|Roost|p1a: Dragonite\n|-heal|p1a: Dragonite|100\/100\n|-singleturn|p1a: Dragonite|move: Roost\n|\n|-end|p1a: Dragonite|Magma Storm|[partiallytrapped]|[silent]\n|upkeep\n|turn|12\n|\n|t:|1661891466\n|switch|p1a: Buzzwole|Buzzwole|100\/100\n|move|p2a: Melmetal|Ice Punch|p1a: Buzzwole\n|-crit|p1a: Buzzwole\n|-damage|p1a: Buzzwole|77\/100\n|\n|upkeep\n|turn|13\n|\n|t:|1661891468\n|move|p1a: Buzzwole|Ice Punch|p2a: Melmetal\n|-resisted|p2a: Melmetal\n|-crit|p2a: Melmetal\n|-damage|p2a: Melmetal|78\/100\n|move|p2a: Melmetal|Double Iron Bash|p1a: Buzzwole\n|-damage|p1a: Buzzwole|58\/100\n|-damage|p1a: Buzzwole|39\/100\n|-hitcount|p1a: Buzzwole|2\n|\n|upkeep\n|turn|14\n|\n|t:|1661891469\n|move|p1a: Buzzwole|Roost|p1a: Buzzwole\n|-heal|p1a: Buzzwole|89\/100\n|-singleturn|p1a: Buzzwole|move: Roost\n|move|p2a: Melmetal|Double Iron Bash|p1a: Buzzwole\n|-damage|p1a: Buzzwole|71\/100\n|-damage|p1a: Buzzwole|51\/100\n|-hitcount|p1a: Buzzwole|2\n|\n|upkeep\n|turn|15\n|\n|t:|1661891471\n|move|p1a: Buzzwole|Close Combat|p2a: Melmetal\n|-supereffective|p2a: Melmetal\n|-damage|p2a: Melmetal|14\/100\n|-unboost|p1a: Buzzwole|def|1\n|-unboost|p1a: Buzzwole|spd|1\n|move|p2a: Melmetal|Double Iron Bash|p1a: Buzzwole\n|-damage|p1a: Buzzwole|21\/100\n|-damage|p1a: Buzzwole|0 fnt\n|faint|p1a: Buzzwole\n|-hitcount|p1: Buzzwole|2\n|\n|upkeep\n|\n|t:|1661891473\n|switch|p1a: Victini|Victini|100\/100\n|turn|16\n|\n|t:|1661891477\n|move|p1a: Victini|U-turn|p2a: Melmetal\n|-resisted|p2a: Melmetal\n|-damage|p2a: Melmetal|8\/100\n|\n|t:|1661891478\n|switch|p1a: Ferrothorn|Ferrothorn, M|100\/100|[from]move: U-turn\n|move|p2a: Melmetal|Earthquake|p1a: Ferrothorn\n|-damage|p1a: Ferrothorn|78\/100\n|\n|-heal|p1a: Ferrothorn|85\/100|[from] item: Leftovers\n|upkeep\n|turn|17\n|\n|t:|1661891482\n|switch|p2a: landorustherian|Landorus-Therian, M|88\/100\n|-ability|p2a: landorustherian|Intimidate|boost\n|-unboost|p1a: Ferrothorn|atk|1\n|move|p1a: Ferrothorn|Leech Seed|p2a: landorustherian\n|-start|p2a: landorustherian|move: Leech Seed\n|\n|-heal|p2a: landorustherian|94\/100|[from] item: Leftovers\n|-heal|p1a: Ferrothorn|91\/100|[from] item: Leftovers\n|-damage|p2a: landorustherian|82\/100|[from] Leech Seed|[of] p1a: Ferrothorn\n|-heal|p1a: Ferrothorn|100\/100|[silent]\n|upkeep\n|turn|18\n|\n|t:|1661891484\n|move|p2a: landorustherian|Defog|p1a: Ferrothorn\n|-unboost|p1a: Ferrothorn|evasion|1\n|-sideend|p2: minimax_ai|Spikes|[from] move: Defog|[of] p2a: landorustherian\n|move|p1a: Ferrothorn|Spikes|p2a: landorustherian\n|-sidestart|p2: minimax_ai|Spikes\n|\n|-heal|p2a: landorustherian|88\/100|[from] item: Leftovers\n|-damage|p2a: landorustherian|76\/100|[from] Leech Seed|[of] p1a: Ferrothorn\n|upkeep\n|turn|19\n|\n|t:|1661891486\n|move|p2a: landorustherian|Defog|p1a: Ferrothorn\n|-unboost|p1a: Ferrothorn|evasion|1\n|-sideend|p2: minimax_ai|Spikes|[from] move: Defog|[of] p2a: landorustherian\n|move|p1a: Ferrothorn|Knock Off|p2a: landorustherian\n|-damage|p2a: landorustherian|61\/100\n|-enditem|p2a: landorustherian|Leftovers|[from] move: Knock Off|[of] p1a: Ferrothorn\n|\n|-damage|p2a: landorustherian|49\/100|[from] Leech Seed|[of] p1a: Ferrothorn\n|upkeep\n|turn|20\n|\n|t:|1661891488\n|move|p2a: landorustherian|U-turn|p1a: Ferrothorn\n|-damage|p1a: Ferrothorn|87\/100\n|-damage|p2a: landorustherian|36\/100|[from] ability: Iron Barbs|[of] p1a: Ferrothorn\n|\n|t:|1661891488\n|switch|p2a: Heatran|Heatran, M|94\/100|[from]move: U-turn\n|move|p1a: Ferrothorn|Spikes|p2a: Heatran\n|-sidestart|p2: minimax_ai|Spikes\n|\n|-heal|p1a: Ferrothorn|93\/100|[from] item: Leftovers\n|upkeep\n|turn|21\n|\n|t:|1661891491\n|switch|p1a: Dragonite|Dragonite, F|100\/100\n|move|p2a: Heatran|Stealth Rock|p1a: Dragonite\n|-sidestart|p1: cump3|move: Stealth Rock\n|\n|upkeep\n|turn|22\n|\n|t:|1661891498\n|switch|p2a: rotomwash|Rotom-Wash|100\/100\n|move|p1a: Dragonite|Earthquake|p2a: rotomwash\n|-immune|p2a: rotomwash|[from] ability: Levitate\n|\n|upkeep\n|turn|23\n|\n|t:|1661891501\n|switch|p1a: Ferrothorn|Ferrothorn, M|93\/100\n|-damage|p1a: Ferrothorn|87\/100|[from] Stealth Rock\n|move|p2a: rotomwash|Nasty Plot|p2a: rotomwash\n|-boost|p2a: rotomwash|spa|2\n|\n|-heal|p1a: Ferrothorn|93\/100|[from] item: Leftovers\n|upkeep\n|turn|24\n|\n|t:|1661891503\n|switch|p2a: landorustherian|Landorus-Therian, M|36\/100\n|-ability|p2a: landorustherian|Intimidate|boost\n|-unboost|p1a: Ferrothorn|atk|1\n|move|p1a: Ferrothorn|Leech Seed|p2a: landorustherian\n|-start|p2a: landorustherian|move: Leech Seed\n|\n|-heal|p1a: Ferrothorn|99\/100|[from] item: Leftovers\n|-damage|p2a: landorustherian|24\/100|[from] Leech Seed|[of] p1a: Ferrothorn\n|-heal|p1a: Ferrothorn|100\/100|[silent]\n|upkeep\n|turn|25\n|\n|t:|1661891505\n|switch|p2a: rotomwash|Rotom-Wash|100\/100\n|move|p1a: Ferrothorn|Spikes|p2a: rotomwash\n|-sidestart|p2: minimax_ai|Spikes\n|\n|upkeep\n|turn|26\n|\n|t:|1661891507\n|move|p2a: rotomwash|Nasty Plot|p2a: rotomwash\n|-boost|p2a: rotomwash|spa|2\n|move|p1a: Ferrothorn|Leech Seed|p2a: rotomwash\n|-start|p2a: rotomwash|move: Leech Seed\n|\n|-damage|p2a: rotomwash|88\/100|[from] Leech Seed|[of] p1a: Ferrothorn\n|upkeep\n|turn|27\n|\n|t:|1661891511\n|switch|p2a: Tangrowth|Tangrowth, F|98\/100 tox\n|-damage|p2a: Tangrowth|81\/100 tox|[from] Spikes\n|move|p1a: Ferrothorn|Knock Off|p2a: Tangrowth\n|-damage|p2a: Tangrowth|73\/100 tox\n|-damage|p1a: Ferrothorn|84\/100|[from] item: Rocky Helmet|[of] p2a: Tangrowth\n|-enditem|p2a: Tangrowth|Rocky Helmet|[from] move: Knock Off|[of] p1a: Ferrothorn\n|\n|-heal|p1a: Ferrothorn|90\/100|[from] item: Leftovers\n|-damage|p2a: Tangrowth|67\/100 tox|[from] psn\n|upkeep\n|turn|28\n|\n|t:|1661891515\n|switch|p2a: rotomwash|Rotom-Wash|88\/100\n|switch|p1a: Clefable|Clefable, F|100\/100\n|\n|-heal|p2a: rotomwash|94\/100|[from] item: Leftovers\n|upkeep\n|turn|29\n|\n|t:|1661891520\n|move|p2a: rotomwash|Nasty Plot|p2a: rotomwash\n|-boost|p2a: rotomwash|spa|2\n|move|p1a: Clefable|Moonblast|p2a: rotomwash\n|-damage|p2a: rotomwash|59\/100\n|\n|-heal|p2a: rotomwash|66\/100|[from] item: Leftovers\n|upkeep\n|turn|30\n|\n|t:|1661891522\n|switch|p1a: Ferrothorn|Ferrothorn, M|90\/100\n|-damage|p1a: Ferrothorn|84\/100|[from] Stealth Rock\n|move|p2a: rotomwash|Pain Split|p1a: Ferrothorn\n|-sethp|p1a: Ferrothorn|70\/100|[from] move: Pain Split|[silent]\n|-sethp|p2a: rotomwash|81\/100|[from] move: Pain Split\n|\n|-heal|p2a: rotomwash|88\/100|[from] item: Leftovers\n|-heal|p1a: Ferrothorn|77\/100|[from] item: Leftovers\n|upkeep\n|turn|31\n|\n|t:|1661891524\n|switch|p2a: landorustherian|Landorus-Therian, M|24\/100\n|-ability|p2a: landorustherian|Intimidate|boost\n|-unboost|p1a: Ferrothorn|atk|1\n|move|p1a: Ferrothorn|Leech Seed|p2a: landorustherian\n|-start|p2a: landorustherian|move: Leech Seed\n|\n|-heal|p1a: Ferrothorn|83\/100|[from] item: Leftovers\n|-damage|p2a: landorustherian|12\/100|[from] Leech Seed|[of] p1a: Ferrothorn\n|-heal|p1a: Ferrothorn|96\/100|[silent]\n|upkeep\n|turn|32\n|\n|t:|1661891526\n|switch|p2a: rotomwash|Rotom-Wash|88\/100\n|move|p1a: Ferrothorn|Spikes|p2a: rotomwash\n|-sidestart|p2: minimax_ai|Spikes\n|\n|-heal|p2a: rotomwash|94\/100|[from] item: Leftovers\n|-heal|p1a: Ferrothorn|100\/100|[from] item: Leftovers\n|upkeep\n|turn|33\n|\n|t:|1661891527\n|move|p2a: rotomwash|Nasty Plot|p2a: rotomwash\n|-boost|p2a: rotomwash|spa|2\n|move|p1a: Ferrothorn|Leech Seed|p2a: rotomwash|[miss]\n|-miss|p1a: Ferrothorn|p2a: rotomwash\n|\n|-heal|p2a: rotomwash|99\/100|[from] item: Leftovers\n|upkeep\n|turn|34\n|\n|t:|1661891529\n|move|p2a: rotomwash|Nasty Plot|p2a: rotomwash\n|-boost|p2a: rotomwash|spa|2\n|move|p1a: Ferrothorn|Leech Seed|p2a: rotomwash\n|-start|p2a: rotomwash|move: Leech Seed\n|\n|-heal|p2a: rotomwash|100\/100|[from] item: Leftovers\n|-damage|p2a: rotomwash|88\/100|[from] Leech Seed|[of] p1a: Ferrothorn\n|upkeep\n|turn|35\n|\n|t:|1661891532\n|move|p2a: rotomwash|Nasty Plot|p2a: rotomwash\n|-boost|p2a: rotomwash|spa|2\n|move|p1a: Ferrothorn|Knock Off|p2a: rotomwash\n|-damage|p2a: rotomwash|72\/100\n|-enditem|p2a: rotomwash|Leftovers|[from] move: Knock Off|[of] p1a: Ferrothorn\n|\n|-damage|p2a: rotomwash|59\/100|[from] Leech Seed|[of] p1a: Ferrothorn\n|upkeep\n|turn|36\n|\n|t:|1661891542\n|move|p2a: rotomwash|Hydro Pump|p1a: Ferrothorn|[miss]\n|-miss|p2a: rotomwash|p1a: Ferrothorn\n|move|p1a: Ferrothorn|Knock Off|p2a: rotomwash\n|-damage|p2a: rotomwash|50\/100\n|\n|-damage|p2a: rotomwash|37\/100|[from] Leech Seed|[of] p1a: Ferrothorn\n|upkeep\n|turn|37\n|\n|t:|1661891548\n|switch|p1a: Victini|Victini|100\/100\n|move|p2a: rotomwash|Hydro Pump|p1a: Victini\n|-supereffective|p1a: Victini\n|-damage|p1a: Victini|0 fnt\n|faint|p1a: Victini\n|\n|upkeep\n|\n|t:|1661891553\n|switch|p1a: Tapu Koko|Tapu Koko, shiny|100\/100\n|-fieldstart|move: Electric Terrain|[from] ability: Electric Surge|[of] p1a: Tapu Koko\n|turn|38\n|\n|t:|1661891555\n|switch|p2a: Melmetal|Melmetal|8\/100\n|-damage|p2a: Melmetal|0 fnt|[from] Spikes\n|faint|p2a: Melmetal\n|move|p1a: Tapu Koko|Thunderbolt|p2: Melmetal|[notarget]\n|-fail|p1a: Tapu Koko\n|\n|upkeep\n|\n|t:|1661891555\n|switch|p2a: Heatran|Heatran, M|94\/100\n|-damage|p2a: Heatran|70\/100|[from] Spikes\n|turn|39\n|\n|t:|1661891558\n|switch|p1a: Dragonite|Dragonite, F|100\/100\n|move|p2a: Heatran|Magma Storm|p1a: Dragonite\n|-resisted|p1a: Dragonite\n|-damage|p1a: Dragonite|87\/100\n|-activate|p1a: Dragonite|move: Magma Storm|[of] p2a: Heatran\n|\n|-damage|p1a: Dragonite|75\/100|[from] move: Magma Storm|[partiallytrapped]\n|upkeep\n|turn|40\n|\n|t:|1661891560\n|switch|p2a: rotomwash|Rotom-Wash|37\/100\n|move|p1a: Dragonite|Earthquake|p2a: rotomwash\n|-immune|p2a: rotomwash|[from] ability: Levitate\n|\n|-end|p1a: Dragonite|Magma Storm|[partiallytrapped]|[silent]\n|upkeep\n|turn|41\n|\n|t:|1661891562\n|move|p1a: Dragonite|Ice Punch|p2a: rotomwash\n|-resisted|p2a: rotomwash\n|-damage|p2a: rotomwash|23\/100\n|move|p2a: rotomwash|Pain Split|p1a: Dragonite\n|-sethp|p1a: Dragonite|48\/100|[from] move: Pain Split|[silent]\n|-sethp|p2a: rotomwash|51\/100|[from] move: Pain Split\n|\n|upkeep\n|turn|42\n|\n|t:|1661891565\n|move|p1a: Dragonite|Roost|p1a: Dragonite\n|-heal|p1a: Dragonite|98\/100\n|-singleturn|p1a: Dragonite|move: Roost\n|move|p2a: rotomwash|Pain Split|p1a: Dragonite\n|-sethp|p1a: Dragonite|73\/100|[from] move: Pain Split|[silent]\n|-sethp|p2a: rotomwash|78\/100|[from] move: Pain Split\n|\n|-fieldend|move: Electric Terrain\n|upkeep\n|turn|43\n|\n|t:|1661891576\n|move|p1a: Dragonite|Dragon Dance|p1a: Dragonite\n|-boost|p1a: Dragonite|atk|1\n|-boost|p1a: Dragonite|spe|1\n|move|p2a: rotomwash|Nasty Plot|p2a: rotomwash\n|-boost|p2a: rotomwash|spa|2\n|\n|upkeep\n|turn|44\n|\n|t:|1661891580\n|move|p1a: Dragonite|Dragon Dance|p1a: Dragonite\n|-boost|p1a: Dragonite|atk|1\n|-boost|p1a: Dragonite|spe|1\n|move|p2a: rotomwash|Pain Split|p1a: Dragonite\n|-sethp|p1a: Dragonite|73\/100|[from] move: Pain Split|[silent]\n|-sethp|p2a: rotomwash|78\/100|[from] move: Pain Split\n|\n|upkeep\n|turn|45\n|\n|t:|1661891585\n|move|p1a: Dragonite|Dragon Dance|p1a: Dragonite\n|-boost|p1a: Dragonite|atk|1\n|-boost|p1a: Dragonite|spe|1\n|move|p2a: rotomwash|Nasty Plot|p2a: rotomwash\n|-boost|p2a: rotomwash|spa|2\n|\n|upkeep\n|turn|46\n|\n|t:|1661891589\n|move|p1a: Dragonite|Ice Punch|p2a: rotomwash\n|-resisted|p2a: rotomwash\n|-damage|p2a: rotomwash|44\/100\n|move|p2a: rotomwash|Hydro Pump|p1a: Dragonite\n|-resisted|p1a: Dragonite\n|-damage|p1a: Dragonite|2\/100\n|\n|upkeep\n|turn|47\n|\n|t:|1661891595\n|move|p1a: Dragonite|Ice Punch|p2a: rotomwash\n|-resisted|p2a: rotomwash\n|-damage|p2a: rotomwash|5\/100\n|move|p2a: rotomwash|Thunderbolt|p1a: Dragonite\n|-damage|p1a: Dragonite|0 fnt\n|faint|p1a: Dragonite\n|\n|upkeep\n|\n|t:|1661891597\n|switch|p1a: Tapu Koko|Tapu Koko, shiny|100\/100\n|-fieldstart|move: Electric Terrain|[from] ability: Electric Surge|[of] p1a: Tapu Koko\n|turn|48\n|\n|t:|1661891601\n|move|p1a: Tapu Koko|Dazzling Gleam|p2a: rotomwash\n|-damage|p2a: rotomwash|0 fnt\n|faint|p2a: rotomwash\n|\n|upkeep\n|\n|t:|1661891601\n|switch|p2a: Tangrowth|Tangrowth, F|99\/100 tox\n|-damage|p2a: Tangrowth|75\/100 tox|[from] Spikes\n|turn|49\n|\n|t:|1661891605\n|move|p1a: Tapu Koko|Calm Mind|p1a: Tapu Koko\n|-boost|p1a: Tapu Koko|spa|1\n|-boost|p1a: Tapu Koko|spd|1\n|move|p2a: Tangrowth|Giga Drain|p1a: Tapu Koko\n|-damage|p1a: Tapu Koko|73\/100\n|-heal|p2a: Tangrowth|85\/100 tox|[from] drain|[of] p1a: Tapu Koko\n|\n|-damage|p2a: Tangrowth|78\/100 tox|[from] psn\n|upkeep\n|turn|50\n|\n|t:|1661891607\n|switch|p2a: landorustherian|Landorus-Therian, M|12\/100\n|-ability|p2a: landorustherian|Intimidate|boost\n|-unboost|p1a: Tapu Koko|atk|1\n|move|p1a: Tapu Koko|Calm Mind|p1a: Tapu Koko\n|-boost|p1a: Tapu Koko|spa|1\n|-boost|p1a: Tapu Koko|spd|1\n|\n|upkeep\n|turn|51\n|\n|t:|1661891610\n|move|p1a: Tapu Koko|Dazzling Gleam|p2a: landorustherian\n|-damage|p2a: landorustherian|0 fnt\n|faint|p2a: landorustherian\n|\n|upkeep\n|\n|t:|1661891610\n|switch|p2a: Heatran|Heatran, M|70\/100\n|-damage|p2a: Heatran|45\/100|[from] Spikes\n|turn|52\n|\n|t:|1661891613\n|move|p1a: Tapu Koko|Thunderbolt|p2a: Heatran\n|-damage|p2a: Heatran|0 fnt\n|faint|p2a: Heatran\n|\n|-fieldend|move: Electric Terrain\n|upkeep\n|\n|t:|1661891613\n|switch|p2a: Weavile|Weavile, M|100\/100\n|-damage|p2a: Weavile|76\/100|[from] Spikes\n|-ability|p2a: Weavile|Pressure\n|turn|53\n|\n|t:|1661891615\n|move|p2a: Weavile|Ice Shard|p1a: Tapu Koko\n|-damage|p1a: Tapu Koko|29\/100\n|move|p1a: Tapu Koko|Thunderbolt|p2a: Weavile\n|-damage|p2a: Weavile|0 fnt\n|faint|p2a: Weavile\n|\n|upkeep\n|\n|t:|1661891615\n|switch|p2a: Tangrowth|Tangrowth, F|100\/100 tox\n|-damage|p2a: Tangrowth|75\/100 tox|[from] Spikes\n|turn|54\n|\n|t:|1661891618\n|move|p1a: Tapu Koko|Roost|p1a: Tapu Koko\n|-heal|p1a: Tapu Koko|79\/100\n|-singleturn|p1a: Tapu Koko|move: Roost\n|move|p2a: Tangrowth|Sleep Powder|p1a: Tapu Koko\n|-status|p1a: Tapu Koko|slp|[from] move: Sleep Powder\n|\n|-damage|p2a: Tangrowth|69\/100 tox|[from] psn\n|upkeep\n|turn|55\n|\n|t:|1661891622\n|cant|p1a: Tapu Koko|slp\n|move|p2a: Tangrowth|Giga Drain|p1a: Tapu Koko\n|-damage|p1a: Tapu Koko|57\/100 slp\n|-heal|p2a: Tangrowth|77\/100 tox|[from] drain|[of] p1a: Tapu Koko\n|\n|-damage|p2a: Tangrowth|64\/100 tox|[from] psn\n|upkeep\n|turn|56\n|\n|t:|1661891623\n|cant|p1a: Tapu Koko|slp\n|move|p2a: Tangrowth|Giga Drain|p1a: Tapu Koko\n|-damage|p1a: Tapu Koko|37\/100 slp\n|-heal|p2a: Tangrowth|72\/100 tox|[from] drain|[of] p1a: Tapu Koko\n|\n|-damage|p2a: Tangrowth|53\/100 tox|[from] psn\n|upkeep\n|turn|57\n|\n|t:|1661891624\n|cant|p1a: Tapu Koko|slp\n|move|p2a: Tangrowth|Giga Drain|p1a: Tapu Koko\n|-damage|p1a: Tapu Koko|17\/100 slp\n|-heal|p2a: Tangrowth|60\/100 tox|[from] drain|[of] p1a: Tapu Koko\n|\n|-damage|p2a: Tangrowth|35\/100 tox|[from] psn\n|upkeep\n|turn|58\n|\n|t:|1661891626\n|-curestatus|p1a: Tapu Koko|slp|[msg]\n|move|p1a: Tapu Koko|Thunderbolt|p2a: Tangrowth\n|-resisted|p2a: Tangrowth\n|-damage|p2a: Tangrowth|0 fnt\n|faint|p2a: Tangrowth\n|\n|win|cump3\n|raw|cump3's rating: 1586 &rarr; <strong>1606<\/strong><br \/>(+20 for winning)\n|raw|minimax_ai's rating: 1590 &rarr; <strong>1570<\/strong><br \/>(-20 for losing)\n|c|\u2606minimax_ai|gg\n","uploadtime":1661891628,"views":31,"p1id":"cump3","p2id":"minimaxai","formatid":"gen8ou","rating":1570,"private":0,"password":null}