{"id":"gen8ou-1163769796","p1":"LT71LX WunderBoo!","p2":"GaijinEagle","format":"gen8ou","log":"|raw|<div class=\"broadcast-blue\"><strong>This battle is required to be public due to a player having a name prefixed by 'LT71LX'.<\/div>\n|j|\u2606LT71LX WunderBoo!\n|j|\u2606GaijinEagle\n|t:|1596646449\n|player|p1|LT71LX WunderBoo!|pryce|1210\n|player|p2|GaijinEagle|169|1180\n|teamsize|p1|6\n|teamsize|p2|6\n|gametype|singles\n|gen|8\n|tier|[Gen 8] OU\n|rated|\n|html|<div class=\"broadcast-blue\"><strong>OU is currently suspecting Magearna! For information on how to participate check out the <a href=\"https:\/\/www.smogon.com\/forums\/threads\/3667669\/\">suspect thread<\/a>.<\/strong><\/div>\n|clearpoke\n|poke|p1|Urshifu-*, M|\n|poke|p1|Slowbro, M|\n|poke|p1|Marowak-Alola, F|\n|poke|p1|Corviknight, F|\n|poke|p1|Hydreigon, F|\n|poke|p1|Clefable, M|\n|poke|p2|Shuckle, M|\n|poke|p2|Urshifu-*, M|\n|poke|p2|Weavile, F|\n|poke|p2|Alakazam, M|\n|poke|p2|Cinderace, M|\n|poke|p2|Conkeldurr, F|\n|rule|Sleep Clause Mod: Limit one foe put to sleep\n|rule|Species Clause: Limit one of each Pok\u00e9mon\n|rule|OHKO Clause: OHKO moves are banned\n|rule|Evasion Moves Clause: Evasion moves are banned\n|rule|Endless Battle Clause: Forcing endless battles is banned\n|rule|HP Percentage Mod: HP is shown in percentages\n|rule|Dynamax Clause: You cannot dynamax\n|teampreview\n|inactive|Battle timer is ON: inactive players will automatically lose when time's up. (requested by GaijinEagle)\n|inactive|LT71LX WunderBoo! has 120 seconds left.\n|inactive|GaijinEagle has 120 seconds left.\n|inactive|GaijinEagle has 90 seconds left.\n|\n|t:|1596646538\n|start\n|switch|p1a: Marowak|Marowak-Alola, F|100\/100\n|switch|p2a: Urshifu|Urshifu, M|100\/100\n|turn|1\n|\n|t:|1596646554\n|switch|p1a: Clefable|Clefable, M|100\/100\n|move|p2a: Urshifu|Wicked Blow|p1a: Clefable\n|-resisted|p1a: Clefable\n|-crit|p1a: Clefable\n|-damage|p1a: Clefable|53\/100\n|-damage|p2a: Urshifu|91\/100|[from] item: Life Orb\n|\n|-heal|p1a: Clefable|59\/100|[from] item: Leftovers\n|upkeep\n|turn|2\n|inactive|GaijinEagle has 120 seconds left.\n|\n|t:|1596646578\n|switch|p2a: Shuckle|Shuckle, M|100\/100\n|move|p1a: Clefable|Moonblast|p2a: Shuckle\n|-damage|p2a: Shuckle|84\/100\n|\n|-heal|p1a: Clefable|65\/100|[from] item: Leftovers\n|upkeep\n|turn|3\n|inactive|GaijinEagle has 120 seconds left.\n|\n|t:|1596646607\n|switch|p1a: Marowak|Marowak-Alola, F|100\/100\n|move|p2a: Shuckle|Sticky Web|p1a: Marowak\n|-sidestart|p1: LT71LX WunderBoo!|move: Sticky Web\n|\n|upkeep\n|turn|4\n|inactive|GaijinEagle has 120 seconds left.\n|\n|t:|1596646628\n|move|p1a: Marowak|Flare Blitz|p2a: Shuckle\n|-damage|p2a: Shuckle|21\/100\n|move|p2a: Shuckle|Stealth Rock|p1a: Marowak\n|-sidestart|p1: LT71LX WunderBoo!|move: Stealth Rock\n|\n|upkeep\n|turn|5\n|\n|t:|1596646643\n|move|p1a: Marowak|Earthquake|p2a: Shuckle\n|-damage|p2a: Shuckle|0 fnt\n|faint|p2a: Shuckle\n|\n|upkeep\n|\n|t:|1596646649\n|switch|p2a: Urshifu|Urshifu, M|91\/100\n|turn|6\n|inactive|LT71LX WunderBoo! has 120 seconds left.\n|\n|t:|1596646699\n|move|p2a: Urshifu|Wicked Blow|p1a: Marowak\n|-supereffective|p1a: Marowak\n|-crit|p1a: Marowak\n|-damage|p1a: Marowak|0 fnt\n|-damage|p2a: Urshifu|81\/100|[from] item: Life Orb\n|faint|p1a: Marowak\n|\n|upkeep\n|\n|t:|1596646702\n|switch|p1a: Corviknight|Corviknight, F|100\/100\n|-damage|p1a: Corviknight|88\/100|[from] Stealth Rock\n|-ability|p1a: Corviknight|Pressure\n|turn|7\n|inactive|GaijinEagle has 120 seconds left.\n|\n|t:|1596646732\n|move|p2a: Urshifu|Bulk Up|p2a: Urshifu\n|-boost|p2a: Urshifu|atk|1\n|-boost|p2a: Urshifu|def|1\n|move|p1a: Corviknight|Defog|p2a: Urshifu\n|-unboost|p2a: Urshifu|evasion|1\n|-sideend|p1: LT71LX WunderBoo!|Stealth Rock|[from] move: Defog|[of] p1a: Corviknight\n|-sideend|p1: LT71LX WunderBoo!|Sticky Web|[from] move: Defog|[of] p1a: Corviknight\n|\n|-heal|p1a: Corviknight|94\/100|[from] item: Leftovers\n|upkeep\n|turn|8\n|\n|t:|1596646757\n|move|p2a: Urshifu|Wicked Blow|p1a: Corviknight\n|-crit|p1a: Corviknight\n|-damage|p1a: Corviknight|0 fnt\n|-damage|p2a: Urshifu|71\/100|[from] item: Life Orb\n|faint|p1a: Corviknight\n|\n|upkeep\n|\n|t:|1596646762\n|switch|p1a: Hydreigon|Hydreigon, F|100\/100\n|turn|9\n|\n|t:|1596646776\n|move|p2a: Urshifu|Sucker Punch|p1a: Hydreigon\n|-resisted|p1a: Hydreigon\n|-damage|p1a: Hydreigon|60\/100\n|-damage|p2a: Urshifu|61\/100|[from] item: Life Orb\n|move|p1a: Hydreigon|Draco Meteor|p2a: Urshifu\n|-damage|p2a: Urshifu|0 fnt\n|-unboost|p1a: Hydreigon|spa|2\n|faint|p2a: Urshifu\n|\n|upkeep\n|inactive|GaijinEagle has 90 seconds left.\n|\n|t:|1596646796\n|switch|p2a: Conkeldurr|Conkeldurr, F|100\/100\n|turn|10\n|inactive|LT71LX WunderBoo! has 120 seconds left.\n|\n|t:|1596646810\n|switch|p1a: Clefable|Clefable, M|65\/100\n|move|p2a: Conkeldurr|Mach Punch|p1a: Clefable\n|-resisted|p1a: Clefable\n|-damage|p1a: Clefable|52\/100\n|\n|-heal|p1a: Clefable|58\/100|[from] item: Leftovers\n|-status|p2a: Conkeldurr|brn|[from] item: Flame Orb\n|upkeep\n|turn|11\n|\n|t:|1596646828\n|move|p2a: Conkeldurr|Facade|p1a: Clefable\n|-damage|p1a: Clefable|0 fnt\n|faint|p1a: Clefable\n|\n|-damage|p2a: Conkeldurr|95\/100 brn|[from] brn\n|upkeep\n|inactive|LT71LX WunderBoo! has 120 seconds left.\n|inactive|LT71LX WunderBoo! has 90 seconds left.\n|\n|t:|1596646878\n|switch|p1a: Urshifu|Urshifu, M|100\/100\n|turn|12\n|\n|t:|1596646882\n|move|p2a: Conkeldurr|Mach Punch|p1a: Urshifu\n|-supereffective|p1a: Urshifu\n|-damage|p1a: Urshifu|34\/100\n|move|p1a: Urshifu|Close Combat|p2a: Conkeldurr\n|-damage|p2a: Conkeldurr|0 fnt\n|-unboost|p1a: Urshifu|def|1\n|-unboost|p1a: Urshifu|spd|1\n|faint|p2a: Conkeldurr\n|\n|upkeep\n|inactive|GaijinEagle has 90 seconds left.\n|\n|t:|1596646936\n|switch|p2a: Alakazam|Alakazam, M|100\/100\n|turn|13\n|\n|t:|1596646950\n|switch|p1a: Slowbro|Slowbro, M|100\/100\n|move|p2a: Alakazam|Dazzling Gleam|p1a: Slowbro\n|-damage|p1a: Slowbro|73\/100\n|\n|upkeep\n|turn|14\n|\n|t:|1596646974\n|switch|p2a: Weavile|Weavile, F|100\/100\n|-ability|p2a: Weavile|Pressure\n|move|p1a: Slowbro|Thunder Wave|p2a: Weavile\n|-status|p2a: Weavile|par\n|\n|upkeep\n|turn|15\n|\n|t:|1596646996\n|move|p2a: Weavile|Knock Off|p1a: Slowbro\n|-supereffective|p1a: Slowbro\n|-damage|p1a: Slowbro|27\/100\n|-damage|p2a: Weavile|91\/100 par|[from] item: Life Orb\n|move|p1a: Slowbro|Teleport|p1a: Slowbro\n|\n|t:|1596647000\n|switch|p1a: Urshifu|Urshifu, M|34\/100|[from]move: Teleport\n|\n|upkeep\n|turn|16\n|\n|t:|1596647013\n|cant|p2a: Weavile|par\n|move|p1a: Urshifu|Wicked Blow|p2a: Weavile\n|-resisted|p2a: Weavile\n|-crit|p2a: Weavile\n|-damage|p2a: Weavile|15\/100 par\n|\n|upkeep\n|turn|17\n|\n|t:|1596647018\n|cant|p2a: Weavile|par\n|move|p1a: Urshifu|Wicked Blow|p2a: Weavile\n|-resisted|p2a: Weavile\n|-crit|p2a: Weavile\n|-damage|p2a: Weavile|0 fnt\n|faint|p2a: Weavile\n|\n|upkeep\n|c|\u2606LT71LX WunderBoo!|ah\n|inactive|GaijinEagle has 90 seconds left.\n|\n|t:|1596647029\n|switch|p2a: Alakazam|Alakazam, M|100\/100\n|turn|18\n|inactive|GaijinEagle has 90 seconds left.\n|\n|t:|1596647060\n|switch|p1a: Slowbro|Slowbro, M|61\/100\n|move|p2a: Alakazam|Dazzling Gleam|p1a: Slowbro\n|-damage|p1a: Slowbro|30\/100\n|\n|upkeep\n|turn|19\n|inactive|GaijinEagle has 60 seconds left.\n|\n|t:|1596647077\n|switch|p2a: Cinderace|Cinderace, M|100\/100\n|move|p1a: Slowbro|Slack Off|p1a: Slowbro\n|-heal|p1a: Slowbro|80\/100\n|\n|upkeep\n|turn|20\n|\n|t:|1596647086\n|move|p2a: Cinderace|Sucker Punch|p1a: Slowbro\n|-start|p2a: Cinderace|typechange|Dark|[from] ability: Libero\n|-supereffective|p1a: Slowbro\n|-damage|p1a: Slowbro|42\/100\n|move|p1a: Slowbro|Scald|p2a: Cinderace\n|-damage|p2a: Cinderace|59\/100\n|\n|upkeep\n|turn|21\n|\n|t:|1596647094\n|move|p2a: Cinderace|Sucker Punch||[still]\n|-fail|p2a: Cinderace\n|move|p1a: Slowbro|Slack Off|p1a: Slowbro\n|-heal|p1a: Slowbro|92\/100\n|\n|upkeep\n|turn|22\n|\n|t:|1596647097\n|move|p2a: Cinderace|Sucker Punch||[still]\n|-fail|p2a: Cinderace\n|move|p1a: Slowbro|Thunder Wave|p2a: Cinderace\n|-status|p2a: Cinderace|par\n|\n|upkeep\n|turn|23\n|\n|t:|1596647103\n|move|p2a: Cinderace|Bulk Up|p2a: Cinderace\n|-start|p2a: Cinderace|typechange|Fighting|[from] ability: Libero\n|-boost|p2a: Cinderace|atk|1\n|-boost|p2a: Cinderace|def|1\n|move|p1a: Slowbro|Scald|p2a: Cinderace\n|-damage|p2a: Cinderace|20\/100 par\n|\n|upkeep\n|turn|24\n|\n|t:|1596647111\n|move|p2a: Cinderace|Sucker Punch|p1a: Slowbro\n|-start|p2a: Cinderace|typechange|Dark|[from] ability: Libero\n|-supereffective|p1a: Slowbro\n|-damage|p1a: Slowbro|28\/100\n|move|p1a: Slowbro|Scald|p2a: Cinderace\n|-damage|p2a: Cinderace|0 fnt\n|faint|p2a: Cinderace\n|\n|upkeep\n|\n|t:|1596647115\n|switch|p2a: Alakazam|Alakazam, M|100\/100\n|turn|25\n|\n|t:|1596647123\n|move|p2a: Alakazam|Dazzling Gleam|p1a: Slowbro\n|-damage|p1a: Slowbro|0 fnt\n|faint|p1a: Slowbro\n|\n|upkeep\n|\n|t:|1596647129\n|switch|p1a: Hydreigon|Hydreigon, F|60\/100\n|turn|26\n|\n|t:|1596647140\n|move|p1a: Hydreigon|Dark Pulse|p2a: Alakazam\n|-supereffective|p2a: Alakazam\n|-enditem|p2a: Alakazam|Focus Sash\n|-damage|p2a: Alakazam|1\/100\n|move|p2a: Alakazam|Dazzling Gleam|p1a: Hydreigon\n|-supereffective|p1a: Hydreigon\n|-damage|p1a: Hydreigon|0 fnt\n|faint|p1a: Hydreigon\n|\n|upkeep\n|\n|t:|1596647145\n|switch|p1a: Urshifu|Urshifu, M|34\/100\n|turn|27\n|inactive|GaijinEagle has 120 seconds left.\n|\n|t:|1596647153\n|move|p1a: Urshifu|Sucker Punch|p2a: Alakazam\n|-supereffective|p2a: Alakazam\n|-damage|p2a: Alakazam|0 fnt\n|faint|p2a: Alakazam\n|\n|win|LT71LX WunderBoo!\n|raw|LT71LX WunderBoo!'s rating: 1235 &rarr; <strong>1256<\/strong><br \/>(+21 for winning)\n|raw|GaijinEagle's rating: 1180 &rarr; <strong>1159<\/strong><br \/>(-21 for losing)\n","uploadtime":1596647173,"views":23,"p1id":"lt71lxwunderboo","p2id":"gaijineagle","formatid":"gen8ou","rating":1159,"private":0,"password":null}