{"id":"gen8ou-1123649754","p1":"Wreckithard","p2":"JoeyOwesMeMoney","format":"gen8ou","log":"|j|\u2606Wreckithard\n|j|\u2606JoeyOwesMeMoney\n|player|p1|Wreckithard|hilda|1780\n|player|p2|JoeyOwesMeMoney|170|1734\n|teamsize|p1|6\n|teamsize|p2|6\n|gametype|singles\n|gen|8\n|tier|[Gen 8] OU\n|rated|\n|html|<div class=\"broadcast-blue\"><strong>OU is currently suspecting Dracovish! For information on how to participate check out the <a href=\"https:\/\/www.smogon.com\/forums\/threads\/3664521\/\">suspect thread<\/a>.<\/strong><\/div>\n|clearpoke\n|poke|p1|Primarina, F|\n|poke|p1|Rotom-Heat|\n|poke|p1|Ferrothorn, M|\n|poke|p1|Clefable, F|\n|poke|p1|Seismitoad, F|\n|poke|p1|Hydreigon, F|\n|poke|p2|Toxapex, F|\n|poke|p2|Ferrothorn, F|\n|poke|p2|Seismitoad, F|\n|poke|p2|Tyranitar, M|\n|poke|p2|Clefable, F|\n|poke|p2|Corviknight, M|\n|rule|Sleep Clause Mod: Limit one foe put to sleep\n|rule|Species Clause: Limit one of each Pok\u00e9mon\n|rule|OHKO Clause: OHKO moves are banned\n|rule|Evasion Moves Clause: Evasion moves are banned\n|rule|Endless Battle Clause: Forcing endless battles is banned\n|rule|HP Percentage Mod: HP is shown in percentages\n|rule|Dynamax Clause: You cannot dynamax\n|teampreview\n|c|\u2606Wreckithard|Joey owes me too\n|inactive|Battle timer is ON: inactive players will automatically lose when time's up. (requested by JoeyOwesMeMoney)\n|j| Ekonos\n|inactive|Wreckithard has 120 seconds left.\n|\n|start\n|switch|p1a: Rotom|Rotom-Heat|100\/100\n|switch|p2a: Toxapex|Toxapex, F|100\/100\n|turn|1\n|j| HELPINGHANSVIB\n|\n|move|p1a: Rotom|Discharge|p2a: Toxapex\n|-supereffective|p2a: Toxapex\n|-damage|p2a: Toxapex|48\/100\n|move|p2a: Toxapex|Knock Off|p1a: Rotom\n|-damage|p1a: Rotom|83\/100\n|-enditem|p1a: Rotom|Heavy-Duty Boots|[from] move: Knock Off|[of] p2a: Toxapex\n|\n|-heal|p2a: Toxapex|54\/100|[from] item: Black Sludge\n|upkeep\n|turn|2\n|\n|switch|p2a: Seismitoad|Seismitoad, F|100\/100\n|move|p1a: Rotom|Toxic|p2a: Seismitoad\n|-status|p2a: Seismitoad|tox\n|\n|-damage|p2a: Seismitoad|94\/100 tox|[from] psn\n|upkeep\n|turn|3\n|\n|switch|p1a: Ferrothorn|Ferrothorn, M|100\/100\n|move|p2a: Seismitoad|Stealth Rock|p1a: Ferrothorn\n|-sidestart|p1: Wreckithard|move: Stealth Rock\n|\n|-heal|p2a: Seismitoad|100\/100 tox|[from] item: Leftovers\n|-damage|p2a: Seismitoad|88\/100 tox|[from] psn\n|upkeep\n|turn|4\n|\n|switch|p2a: Toxapex|Toxapex, F|88\/100\n|move|p1a: Ferrothorn|Spikes|p2a: Toxapex\n|-sidestart|p2: JoeyOwesMeMoney|Spikes\n|\n|-heal|p2a: Toxapex|94\/100|[from] item: Black Sludge\n|upkeep\n|turn|5\n|\n|move|p1a: Ferrothorn|Spikes|p2a: Toxapex\n|-sidestart|p2: JoeyOwesMeMoney|Spikes\n|move|p2a: Toxapex|Scald|p1a: Ferrothorn\n|-resisted|p1a: Ferrothorn\n|-damage|p1a: Ferrothorn|93\/100\n|\n|-heal|p2a: Toxapex|99\/100|[from] item: Black Sludge\n|upkeep\n|turn|6\n|\n|move|p1a: Ferrothorn|Knock Off|p2a: Toxapex\n|-damage|p2a: Toxapex|86\/100\n|-enditem|p2a: Toxapex|Black Sludge|[from] move: Knock Off|[of] p1a: Ferrothorn\n|move|p2a: Toxapex|Scald|p1a: Ferrothorn\n|-resisted|p1a: Ferrothorn\n|-damage|p1a: Ferrothorn|86\/100\n|\n|upkeep\n|turn|7\n|j| 2howtech\n|\n|switch|p1a: Clefable|Clefable, F|100\/100\n|move|p2a: Toxapex|Scald|p1a: Clefable\n|-damage|p1a: Clefable|90\/100\n|-status|p1a: Clefable|brn\n|\n|-heal|p1a: Clefable|96\/100 brn|[from] item: Leftovers\n|upkeep\n|turn|8\n|\n|move|p2a: Toxapex|Knock Off|p1a: Clefable\n|-resisted|p1a: Clefable\n|-damage|p1a: Clefable|87\/100 brn\n|-enditem|p1a: Clefable|Leftovers|[from] move: Knock Off|[of] p2a: Toxapex\n|move|p1a: Clefable|Teleport|p1a: Clefable\n|inactive|Wreckithard has 120 seconds left.\n|\n|switch|p1a: Primarina|Primarina, F|100\/100|[from]move: Teleport\n|-damage|p1a: Primarina|88\/100|[from] Stealth Rock\n|\n|-heal|p1a: Primarina|94\/100|[from] item: Leftovers\n|upkeep\n|turn|9\n|\n|move|p1a: Primarina|Substitute|p1a: Primarina\n|-start|p1a: Primarina|Substitute\n|-damage|p1a: Primarina|69\/100\n|move|p2a: Toxapex|Poison Jab|p1a: Primarina\n|-supereffective|p1a: Primarina\n|-end|p1a: Primarina|Substitute\n|\n|-heal|p1a: Primarina|75\/100|[from] item: Leftovers\n|upkeep\n|turn|10\n|j| Normie Cringe\n|j| GlobalWarmingDoom\n|\n|switch|p1a: Ferrothorn|Ferrothorn, M|86\/100\n|-damage|p1a: Ferrothorn|79\/100|[from] Stealth Rock\n|move|p2a: Toxapex|Poison Jab|p1a: Ferrothorn\n|-immune|p1a: Ferrothorn\n|\n|upkeep\n|turn|11\n|\n|move|p1a: Ferrothorn|Leech Seed|p2a: Toxapex\n|-start|p2a: Toxapex|move: Leech Seed\n|move|p2a: Toxapex|Scald|p1a: Ferrothorn\n|-resisted|p1a: Ferrothorn\n|-damage|p1a: Ferrothorn|72\/100\n|\n|-damage|p2a: Toxapex|74\/100|[from] Leech Seed|[of] p1a: Ferrothorn\n|-heal|p1a: Ferrothorn|82\/100|[silent]\n|upkeep\n|turn|12\n|\n|move|p1a: Ferrothorn|Spikes|p2a: Toxapex\n|-sidestart|p2: JoeyOwesMeMoney|Spikes\n|move|p2a: Toxapex|Scald|p1a: Ferrothorn\n|-resisted|p1a: Ferrothorn\n|-damage|p1a: Ferrothorn|75\/100\n|\n|-damage|p2a: Toxapex|62\/100|[from] Leech Seed|[of] p1a: Ferrothorn\n|-heal|p1a: Ferrothorn|85\/100|[silent]\n|upkeep\n|turn|13\n|\n|switch|p1a: Clefable|Clefable, F|87\/100 brn\n|move|p2a: Toxapex|Scald|p1a: Clefable\n|-damage|p1a: Clefable|76\/100 brn\n|\n|-damage|p2a: Toxapex|50\/100|[from] Leech Seed|[of] p1a: Clefable\n|-heal|p1a: Clefable|86\/100 brn|[silent]\n|upkeep\n|turn|14\n|\n|switch|p2a: Corviknight|Corviknight, M|100\/100\n|-ability|p2a: Corviknight|Pressure\n|move|p1a: Clefable|Teleport|p1a: Clefable\n|\n|switch|p1a: Rotom|Rotom-Heat|83\/100|[from]move: Teleport\n|-damage|p1a: Rotom|58\/100|[from] Stealth Rock\n|\n|upkeep\n|turn|15\n|\n|switch|p2a: Tyranitar|Tyranitar, M|100\/100\n|-damage|p2a: Tyranitar|76\/100|[from] Spikes\n|-weather|Sandstorm|[from] ability: Sand Stream|[of] p2a: Tyranitar\n|move|p1a: Rotom|Discharge|p2a: Tyranitar\n|-damage|p2a: Tyranitar|68\/100\n|\n|-weather|Sandstorm|[upkeep]\n|-damage|p1a: Rotom|52\/100|[from] Sandstorm\n|upkeep\n|turn|16\n|\n|switch|p1a: Seismitoad|Seismitoad, F|100\/100\n|-damage|p1a: Seismitoad|94\/100|[from] Stealth Rock\n|move|p2a: Tyranitar|Stone Edge|p1a: Seismitoad\n|-resisted|p1a: Seismitoad\n|-damage|p1a: Seismitoad|79\/100\n|\n|-weather|Sandstorm|[upkeep]\n|-heal|p1a: Seismitoad|86\/100|[from] item: Leftovers\n|upkeep\n|turn|17\n|\n|switch|p2a: Corviknight|Corviknight, M|100\/100\n|-ability|p2a: Corviknight|Pressure\n|move|p1a: Seismitoad|Scald|p2a: Corviknight\n|-damage|p2a: Corviknight|79\/100\n|\n|-weather|Sandstorm|[upkeep]\n|-heal|p1a: Seismitoad|92\/100|[from] item: Leftovers\n|upkeep\n|turn|18\n|\n|move|p2a: Corviknight|Defog|p1a: Seismitoad\n|-unboost|p1a: Seismitoad|evasion|1\n|-sideend|p1: Wreckithard|Stealth Rock|[from] move: Defog|[of] p2a: Corviknight\n|-sideend|p2: JoeyOwesMeMoney|Spikes|[from] move: Defog|[of] p2a: Corviknight\n|move|p1a: Seismitoad|Scald|p2a: Corviknight\n|-crit|p2a: Corviknight\n|-damage|p2a: Corviknight|46\/100\n|\n|-weather|Sandstorm|[upkeep]\n|-heal|p1a: Seismitoad|98\/100|[from] item: Leftovers\n|upkeep\n|turn|19\n|\n|move|p2a: Corviknight|Roost|p2a: Corviknight\n|-heal|p2a: Corviknight|96\/100\n|-singleturn|p2a: Corviknight|move: Roost\n|move|p1a: Seismitoad|Scald|p2a: Corviknight\n|-damage|p2a: Corviknight|72\/100\n|-status|p2a: Corviknight|brn\n|\n|-weather|none\n|-heal|p1a: Seismitoad|100\/100|[from] item: Leftovers\n|-damage|p2a: Corviknight|66\/100 brn|[from] brn\n|upkeep\n|turn|20\n|\n|move|p2a: Corviknight|Roost|p2a: Corviknight\n|-heal|p2a: Corviknight|100\/100 brn\n|-singleturn|p2a: Corviknight|move: Roost\n|move|p1a: Seismitoad|Stealth Rock|p2a: Corviknight\n|-sidestart|p2: JoeyOwesMeMoney|move: Stealth Rock\n|\n|-damage|p2a: Corviknight|94\/100 brn|[from] brn\n|upkeep\n|turn|21\n|\n|switch|p1a: Rotom|Rotom-Heat|52\/100\n|move|p2a: Corviknight|Defog|p1a: Rotom\n|-unboost|p1a: Rotom|evasion|1\n|-sideend|p2: JoeyOwesMeMoney|Stealth Rock|[from] move: Defog|[of] p2a: Corviknight\n|\n|-damage|p2a: Corviknight|88\/100 brn|[from] brn\n|upkeep\n|turn|22\n|\n|switch|p2a: Tyranitar|Tyranitar, M|68\/100\n|-weather|Sandstorm|[from] ability: Sand Stream|[of] p2a: Tyranitar\n|move|p1a: Rotom|Overheat|p2a: Tyranitar\n|-resisted|p2a: Tyranitar\n|-damage|p2a: Tyranitar|62\/100\n|-unboost|p1a: Rotom|spa|2\n|\n|-weather|Sandstorm|[upkeep]\n|-damage|p1a: Rotom|46\/100|[from] Sandstorm\n|upkeep\n|turn|23\n|\n|switch|p1a: Ferrothorn|Ferrothorn, M|85\/100\n|switch|p2a: Clefable|Clefable, F|100\/100\n|\n|-weather|Sandstorm|[upkeep]\n|-damage|p2a: Clefable|94\/100|[from] Sandstorm\n|-heal|p2a: Clefable|100\/100|[from] item: Leftovers\n|upkeep\n|turn|24\n|j| eperiod\n|\n|switch|p2a: Toxapex|Toxapex, F|83\/100\n|move|p1a: Ferrothorn|Knock Off|p2a: Toxapex\n|-damage|p2a: Toxapex|74\/100\n|\n|-weather|Sandstorm|[upkeep]\n|-damage|p2a: Toxapex|68\/100|[from] Sandstorm\n|upkeep\n|turn|25\n|\n|move|p1a: Ferrothorn|Leech Seed|p2a: Toxapex\n|-start|p2a: Toxapex|move: Leech Seed\n|move|p2a: Toxapex|Scald|p1a: Ferrothorn\n|-resisted|p1a: Ferrothorn\n|-damage|p1a: Ferrothorn|77\/100\n|-status|p1a: Ferrothorn|brn\n|\n|-weather|Sandstorm|[upkeep]\n|-damage|p2a: Toxapex|63\/100|[from] Sandstorm\n|-damage|p2a: Toxapex|50\/100|[from] Leech Seed|[of] p1a: Ferrothorn\n|-heal|p1a: Ferrothorn|88\/100 brn|[silent]\n|-damage|p1a: Ferrothorn|82\/100 brn|[from] brn\n|upkeep\n|turn|26\n|inactive|JoeyOwesMeMoney has 120 seconds left.\n|\n|move|p1a: Ferrothorn|Spikes|p2a: Toxapex\n|-sidestart|p2: JoeyOwesMeMoney|Spikes\n|move|p2a: Toxapex|Toxic Spikes|p1a: Ferrothorn\n|-sidestart|p1: Wreckithard|move: Toxic Spikes\n|\n|-weather|none\n|-damage|p2a: Toxapex|38\/100|[from] Leech Seed|[of] p1a: Ferrothorn\n|-heal|p1a: Ferrothorn|92\/100 brn|[silent]\n|-damage|p1a: Ferrothorn|86\/100 brn|[from] brn\n|upkeep\n|turn|27\n|inactive|JoeyOwesMeMoney has 120 seconds left.\n|\n|switch|p2a: Corviknight|Corviknight, M|88\/100 brn\n|-ability|p2a: Corviknight|Pressure\n|move|p1a: Ferrothorn|Spikes|p2a: Corviknight\n|-sidestart|p2: JoeyOwesMeMoney|Spikes\n|\n|-damage|p2a: Corviknight|82\/100 brn|[from] brn\n|-damage|p1a: Ferrothorn|80\/100 brn|[from] brn\n|upkeep\n|turn|28\n|l| Normie Cringe\n|\n|move|p2a: Corviknight|Defog|p1a: Ferrothorn\n|-unboost|p1a: Ferrothorn|evasion|1\n|-sideend|p1: Wreckithard|Toxic Spikes|[from] move: Defog|[of] p2a: Corviknight\n|-sideend|p2: JoeyOwesMeMoney|Spikes|[from] move: Defog|[of] p2a: Corviknight\n|move|p1a: Ferrothorn|Knock Off|p2a: Corviknight\n|-damage|p2a: Corviknight|76\/100 brn\n|-damage|p1a: Ferrothorn|63\/100 brn|[from] item: Rocky Helmet|[of] p2a: Corviknight\n|-enditem|p2a: Corviknight|Rocky Helmet|[from] move: Knock Off|[of] p1a: Ferrothorn\n|\n|-damage|p2a: Corviknight|70\/100 brn|[from] brn\n|-damage|p1a: Ferrothorn|57\/100 brn|[from] brn\n|upkeep\n|turn|29\n|\n|switch|p2a: Toxapex|Toxapex, F|71\/100\n|move|p1a: Ferrothorn|Leech Seed|p2a: Toxapex\n|-start|p2a: Toxapex|move: Leech Seed\n|\n|-damage|p2a: Toxapex|59\/100|[from] Leech Seed|[of] p1a: Ferrothorn\n|-heal|p1a: Ferrothorn|68\/100 brn|[silent]\n|-damage|p1a: Ferrothorn|61\/100 brn|[from] brn\n|upkeep\n|turn|30\n|\n|switch|p2a: Corviknight|Corviknight, M|70\/100 brn\n|-ability|p2a: Corviknight|Pressure\n|move|p1a: Ferrothorn|Spikes|p2a: Corviknight\n|-sidestart|p2: JoeyOwesMeMoney|Spikes\n|\n|-damage|p2a: Corviknight|64\/100 brn|[from] brn\n|-damage|p1a: Ferrothorn|55\/100 brn|[from] brn\n|upkeep\n|turn|31\n|\n|switch|p1a: Clefable|Clefable, F|86\/100 brn\n|move|p2a: Corviknight|Roost|p2a: Corviknight\n|-heal|p2a: Corviknight|100\/100 brn\n|-singleturn|p2a: Corviknight|move: Roost\n|\n|-damage|p2a: Corviknight|94\/100 brn|[from] brn\n|upkeep\n|turn|32\n|\n|switch|p2a: Clefable|Clefable, F|100\/100\n|-damage|p2a: Clefable|88\/100|[from] Spikes\n|move|p1a: Clefable|Wish|p1a: Clefable\n|\n|-heal|p2a: Clefable|94\/100|[from] item: Leftovers\n|upkeep\n|turn|33\n|\n|move|p2a: Clefable|Wish|p2a: Clefable\n|move|p1a: Clefable|Teleport|p1a: Clefable\n|j| NOBBY csp\n|\n|switch|p1a: Rotom|Rotom-Heat|46\/100|[from]move: Teleport\n|\n|-heal|p1a: Rotom|100\/100|[from] move: Wish|[wisher] Clefable\n|-heal|p2a: Clefable|99\/100|[from] item: Leftovers\n|upkeep\n|turn|34\n|\n|switch|p2a: Tyranitar|Tyranitar, M|62\/100\n|-damage|p2a: Tyranitar|49\/100|[from] Spikes\n|-weather|Sandstorm|[from] ability: Sand Stream|[of] p2a: Tyranitar\n|move|p1a: Rotom|Overheat|p2a: Tyranitar\n|-resisted|p2a: Tyranitar\n|-damage|p2a: Tyranitar|42\/100\n|-unboost|p1a: Rotom|spa|2\n|\n|-weather|Sandstorm|[upkeep]\n|-damage|p1a: Rotom|95\/100|[from] Sandstorm\n|-heal|p2a: Tyranitar|91\/100|[from] move: Wish|[wisher] Clefable\n|upkeep\n|turn|35\n|l| Ekonos\n|\n|switch|p1a: Seismitoad|Seismitoad, F|100\/100\n|switch|p2a: Toxapex|Toxapex, F|93\/100\n|-damage|p2a: Toxapex|80\/100|[from] Spikes\n|\n|-weather|Sandstorm|[upkeep]\n|-damage|p2a: Toxapex|74\/100|[from] Sandstorm\n|upkeep\n|turn|36\n|\n|move|p1a: Seismitoad|Earthquake|p2a: Toxapex\n|-supereffective|p2a: Toxapex\n|-damage|p2a: Toxapex|30\/100\n|move|p2a: Toxapex|Knock Off|p1a: Seismitoad\n|-damage|p1a: Seismitoad|89\/100\n|-enditem|p1a: Seismitoad|Leftovers|[from] move: Knock Off|[of] p2a: Toxapex\n|\n|-weather|Sandstorm|[upkeep]\n|-damage|p2a: Toxapex|24\/100|[from] Sandstorm\n|upkeep\n|turn|37\n|\n|switch|p2a: Corviknight|Corviknight, M|94\/100 brn\n|-ability|p2a: Corviknight|Pressure\n|move|p1a: Seismitoad|Scald|p2a: Corviknight\n|-damage|p2a: Corviknight|72\/100 brn\n|\n|-weather|Sandstorm|[upkeep]\n|-damage|p2a: Corviknight|66\/100 brn|[from] brn\n|upkeep\n|turn|38\n|\n|move|p2a: Corviknight|Defog|p1a: Seismitoad\n|-unboost|p1a: Seismitoad|evasion|1\n|-sideend|p2: JoeyOwesMeMoney|Spikes|[from] move: Defog|[of] p2a: Corviknight\n|move|p1a: Seismitoad|Scald|p2a: Corviknight\n|-damage|p2a: Corviknight|43\/100 brn\n|\n|-weather|none\n|-damage|p2a: Corviknight|37\/100 brn|[from] brn\n|upkeep\n|turn|39\n|\n|move|p2a: Corviknight|Roost|p2a: Corviknight\n|-heal|p2a: Corviknight|87\/100 brn\n|-singleturn|p2a: Corviknight|move: Roost\n|move|p1a: Seismitoad|Earthquake|p2a: Corviknight\n|-supereffective|p2a: Corviknight\n|-damage|p2a: Corviknight|51\/100 brn\n|\n|-damage|p2a: Corviknight|45\/100 brn|[from] brn\n|upkeep\n|turn|40\n|\n|move|p2a: Corviknight|Roost|p2a: Corviknight\n|-heal|p2a: Corviknight|95\/100 brn\n|-singleturn|p2a: Corviknight|move: Roost\n|move|p1a: Seismitoad|Stealth Rock|p2a: Corviknight\n|-sidestart|p2: JoeyOwesMeMoney|move: Stealth Rock\n|\n|-damage|p2a: Corviknight|89\/100 brn|[from] brn\n|upkeep\n|turn|41\n|\n|switch|p2a: Toxapex|Toxapex, F|58\/100\n|-damage|p2a: Toxapex|45\/100|[from] Stealth Rock\n|switch|p1a: Rotom|Rotom-Heat|95\/100\n|\n|upkeep\n|turn|42\n|\n|switch|p2a: Seismitoad|Seismitoad, F|88\/100 tox\n|-damage|p2a: Seismitoad|82\/100 tox|[from] Stealth Rock\n|move|p1a: Rotom|Discharge|p2a: Seismitoad\n|-immune|p2a: Seismitoad\n|\n|-heal|p2a: Seismitoad|88\/100 tox|[from] item: Leftovers\n|-damage|p2a: Seismitoad|82\/100 tox|[from] psn\n|upkeep\n|turn|43\n|\n|switch|p1a: Clefable|Clefable, F|86\/100 brn\n|switch|p2a: Toxapex|Toxapex, F|79\/100\n|-damage|p2a: Toxapex|67\/100|[from] Stealth Rock\n|\n|upkeep\n|turn|44\n|\n|switch|p1a: Ferrothorn|Ferrothorn, M|55\/100 brn\n|move|p2a: Toxapex|Poison Jab|p1a: Ferrothorn\n|-immune|p1a: Ferrothorn\n|\n|-damage|p1a: Ferrothorn|49\/100 brn|[from] brn\n|upkeep\n|turn|45\n|\n|move|p1a: Ferrothorn|Leech Seed|p2a: Toxapex\n|-start|p2a: Toxapex|move: Leech Seed\n|move|p2a: Toxapex|Toxic Spikes|p1a: Ferrothorn\n|-sidestart|p1: Wreckithard|move: Toxic Spikes\n|\n|-damage|p2a: Toxapex|54\/100|[from] Leech Seed|[of] p1a: Ferrothorn\n|-heal|p1a: Ferrothorn|59\/100 brn|[silent]\n|-damage|p1a: Ferrothorn|53\/100 brn|[from] brn\n|upkeep\n|turn|46\n|\n|switch|p2a: Corviknight|Corviknight, M|89\/100 brn\n|-damage|p2a: Corviknight|76\/100 brn|[from] Stealth Rock\n|-ability|p2a: Corviknight|Pressure\n|move|p1a: Ferrothorn|Spikes|p2a: Corviknight\n|-sidestart|p2: JoeyOwesMeMoney|Spikes\n|\n|-damage|p2a: Corviknight|70\/100 brn|[from] brn\n|-damage|p1a: Ferrothorn|47\/100 brn|[from] brn\n|upkeep\n|turn|47\n|\n|move|p2a: Corviknight|Bulk Up|p2a: Corviknight\n|-boost|p2a: Corviknight|atk|1\n|-boost|p2a: Corviknight|def|1\n|move|p1a: Ferrothorn|Leech Seed|p2a: Corviknight\n|-start|p2a: Corviknight|move: Leech Seed\n|\n|-damage|p2a: Corviknight|58\/100 brn|[from] Leech Seed|[of] p1a: Ferrothorn\n|-heal|p1a: Ferrothorn|61\/100 brn|[silent]\n|-damage|p2a: Corviknight|52\/100 brn|[from] brn\n|-damage|p1a: Ferrothorn|54\/100 brn|[from] brn\n|upkeep\n|turn|48\n|\n|move|p2a: Corviknight|Defog|p1a: Ferrothorn\n|-unboost|p1a: Ferrothorn|evasion|1\n|-sideend|p1: Wreckithard|Toxic Spikes|[from] move: Defog|[of] p2a: Corviknight\n|-sideend|p2: JoeyOwesMeMoney|Spikes|[from] move: Defog|[of] p2a: Corviknight\n|-sideend|p2: JoeyOwesMeMoney|Stealth Rock|[from] move: Defog|[of] p2a: Corviknight\n|move|p1a: Ferrothorn|Spikes|p2a: Corviknight\n|-sidestart|p2: JoeyOwesMeMoney|Spikes\n|\n|-damage|p2a: Corviknight|40\/100 brn|[from] Leech Seed|[of] p1a: Ferrothorn\n|-heal|p1a: Ferrothorn|68\/100 brn|[silent]\n|-damage|p2a: Corviknight|34\/100 brn|[from] brn\n|-damage|p1a: Ferrothorn|62\/100 brn|[from] brn\n|upkeep\n|turn|49\n|\n|move|p2a: Corviknight|Roost|p2a: Corviknight\n|-heal|p2a: Corviknight|84\/100 brn\n|-singleturn|p2a: Corviknight|move: Roost\n|move|p1a: Ferrothorn|Body Press|p2a: Corviknight\n|-supereffective|p2a: Corviknight\n|-damage|p2a: Corviknight|72\/100 brn\n|\n|-damage|p2a: Corviknight|60\/100 brn|[from] Leech Seed|[of] p1a: Ferrothorn\n|-heal|p1a: Ferrothorn|76\/100 brn|[silent]\n|-damage|p2a: Corviknight|54\/100 brn|[from] brn\n|-damage|p1a: Ferrothorn|70\/100 brn|[from] brn\n|upkeep\n|turn|50\n|\n|switch|p1a: Rotom|Rotom-Heat|95\/100\n|move|p2a: Corviknight|Roost|p2a: Corviknight\n|-heal|p2a: Corviknight|100\/100 brn\n|-singleturn|p2a: Corviknight|move: Roost\n|\n|-damage|p2a: Corviknight|88\/100 brn|[from] Leech Seed|[of] p1a: Rotom\n|-heal|p1a: Rotom|100\/100|[silent]\n|-damage|p2a: Corviknight|82\/100 brn|[from] brn\n|upkeep\n|turn|51\n|\n|switch|p2a: Tyranitar|Tyranitar, M|91\/100\n|-damage|p2a: Tyranitar|79\/100|[from] Spikes\n|-weather|Sandstorm|[from] ability: Sand Stream|[of] p2a: Tyranitar\n|move|p1a: Rotom|Toxic|p2a: Tyranitar\n|-status|p2a: Tyranitar|tox\n|\n|-weather|Sandstorm|[upkeep]\n|-damage|p1a: Rotom|95\/100|[from] Sandstorm\n|-damage|p2a: Tyranitar|72\/100 tox|[from] psn\n|upkeep\n|turn|52\n|j| lihuamao\n|\n|switch|p1a: Seismitoad|Seismitoad, F|89\/100\n|switch|p2a: Clefable|Clefable, F|99\/100\n|-damage|p2a: Clefable|88\/100|[from] Spikes\n|\n|-weather|Sandstorm|[upkeep]\n|-damage|p2a: Clefable|82\/100|[from] Sandstorm\n|-heal|p2a: Clefable|88\/100|[from] item: Leftovers\n|upkeep\n|turn|53\n|\n|move|p1a: Seismitoad|Stealth Rock|p2a: Clefable\n|-sidestart|p2: JoeyOwesMeMoney|move: Stealth Rock\n|move|p2a: Clefable|Aromatherapy|p2a: Clefable\n|-activate|p2a: Clefable|move: Aromatherapy\n|-curestatus|p2: Seismitoad|tox|[msg]\n|-curestatus|p2: Corviknight|brn|[msg]\n|-curestatus|p2: Tyranitar|tox|[msg]\n|\n|-weather|Sandstorm|[upkeep]\n|-damage|p2a: Clefable|82\/100|[from] Sandstorm\n|-heal|p2a: Clefable|88\/100|[from] item: Leftovers\n|upkeep\n|turn|54\n|c|\u2606Wreckithard|Dear God\n|c|\u2606Wreckithard|Help ,e\n|c|\u2606Wreckithard|me\n|\n|switch|p1a: Clefable|Clefable, F|86\/100 brn\n|move|p2a: Clefable|Wish|p2a: Clefable\n|\n|-weather|Sandstorm|[upkeep]\n|-damage|p2a: Clefable|82\/100|[from] Sandstorm\n|-heal|p2a: Clefable|88\/100|[from] item: Leftovers\n|upkeep\n|turn|55\n|\n|switch|p2a: Corviknight|Corviknight, M|82\/100\n|-damage|p2a: Corviknight|70\/100|[from] Stealth Rock\n|-ability|p2a: Corviknight|Pressure\n|move|p1a: Clefable|Teleport|p1a: Clefable\n|\n|switch|p1a: Rotom|Rotom-Heat|95\/100|[from]move: Teleport\n|\n|-weather|none\n|-heal|p2a: Corviknight|100\/100|[from] move: Wish|[wisher] Clefable\n|upkeep\n|turn|56\n|\n|switch|p2a: Seismitoad|Seismitoad, F|82\/100\n|-damage|p2a: Seismitoad|76\/100|[from] Stealth Rock\n|-damage|p2a: Seismitoad|64\/100|[from] Spikes\n|move|p1a: Rotom|Discharge|p2a: Seismitoad\n|-immune|p2a: Seismitoad\n|\n|-heal|p2a: Seismitoad|70\/100|[from] item: Leftovers\n|upkeep\n|turn|57\n|\n|switch|p1a: Clefable|Clefable, F|86\/100 brn\n|move|p2a: Seismitoad|Stealth Rock|p1a: Clefable\n|-sidestart|p1: Wreckithard|move: Stealth Rock\n|\n|-heal|p2a: Seismitoad|76\/100|[from] item: Leftovers\n|upkeep\n|turn|58\n|\n|switch|p2a: Toxapex|Toxapex, F|88\/100\n|-damage|p2a: Toxapex|75\/100|[from] Spikes\n|-damage|p2a: Toxapex|63\/100|[from] Stealth Rock\n|move|p1a: Clefable|Wish|p1a: Clefable\n|\n|upkeep\n|turn|59\n|\n|switch|p1a: Ferrothorn|Ferrothorn, M|70\/100 brn\n|-damage|p1a: Ferrothorn|64\/100 brn|[from] Stealth Rock\n|move|p2a: Toxapex|Toxic Spikes|p1a: Ferrothorn\n|-sidestart|p1: Wreckithard|move: Toxic Spikes\n|\n|-heal|p1a: Ferrothorn|100\/100 brn|[from] move: Wish|[wisher] Clefable\n|-damage|p1a: Ferrothorn|94\/100 brn|[from] brn\n|upkeep\n|turn|60\n|\n|switch|p2a: Ferrothorn|Ferrothorn, F|100\/100\n|-damage|p2a: Ferrothorn|88\/100|[from] Spikes\n|-damage|p2a: Ferrothorn|82\/100|[from] Stealth Rock\n|move|p1a: Ferrothorn|Spikes|p2a: Ferrothorn\n|-sidestart|p2: JoeyOwesMeMoney|Spikes\n|\n|-heal|p2a: Ferrothorn|88\/100|[from] item: Leftovers\n|-damage|p1a: Ferrothorn|88\/100 brn|[from] brn\n|upkeep\n|turn|61\n|l| lihuamao\n|\n|switch|p1a: Rotom|Rotom-Heat|95\/100\n|-damage|p1a: Rotom|70\/100|[from] Stealth Rock\n|move|p2a: Ferrothorn|Spikes|p1a: Rotom\n|-sidestart|p1: Wreckithard|Spikes\n|\n|-heal|p2a: Ferrothorn|94\/100|[from] item: Leftovers\n|upkeep\n|turn|62\n|\n|switch|p2a: Seismitoad|Seismitoad, F|76\/100\n|-damage|p2a: Seismitoad|70\/100|[from] Stealth Rock\n|-damage|p2a: Seismitoad|54\/100|[from] Spikes\n|move|p1a: Rotom|Overheat|p2a: Seismitoad\n|-resisted|p2a: Seismitoad\n|-damage|p2a: Seismitoad|27\/100\n|-unboost|p1a: Rotom|spa|2\n|\n|-heal|p2a: Seismitoad|33\/100|[from] item: Leftovers\n|upkeep\n|turn|63\n|\n|switch|p1a: Clefable|Clefable, F|86\/100 brn\n|switch|p2a: Clefable|Clefable, F|88\/100\n|-damage|p2a: Clefable|75\/100|[from] Stealth Rock\n|-damage|p2a: Clefable|59\/100|[from] Spikes\n|\n|-heal|p2a: Clefable|65\/100|[from] item: Leftovers\n|upkeep\n|turn|64\n|j| xxxsaaawxxx\n|\n|move|p1a: Clefable|Wish|p1a: Clefable\n|move|p2a: Clefable|Wish|p2a: Clefable\n|\n|-heal|p2a: Clefable|71\/100|[from] item: Leftovers\n|upkeep\n|turn|65\n|\n|switch|p2a: Tyranitar|Tyranitar, M|72\/100\n|-damage|p2a: Tyranitar|56\/100|[from] Spikes\n|-damage|p2a: Tyranitar|43\/100|[from] Stealth Rock\n|-weather|Sandstorm|[from] ability: Sand Stream|[of] p2a: Tyranitar\n|move|p1a: Clefable|Teleport|p1a: Clefable\n|\n|switch|p1a: Ferrothorn|Ferrothorn, M|88\/100 brn|[from]move: Teleport\n|-damage|p1a: Ferrothorn|75\/100 brn|[from] Spikes\n|-damage|p1a: Ferrothorn|69\/100 brn|[from] Stealth Rock\n|\n|-weather|Sandstorm|[upkeep]\n|-heal|p1a: Ferrothorn|100\/100 brn|[from] move: Wish|[wisher] Clefable\n|-heal|p2a: Tyranitar|92\/100|[from] move: Wish|[wisher] Clefable\n|-damage|p1a: Ferrothorn|94\/100 brn|[from] brn\n|upkeep\n|turn|66\n|\n|switch|p2a: Ferrothorn|Ferrothorn, F|94\/100\n|-damage|p2a: Ferrothorn|78\/100|[from] Spikes\n|-damage|p2a: Ferrothorn|72\/100|[from] Stealth Rock\n|move|p1a: Ferrothorn|Body Press|p2a: Ferrothorn\n|-supereffective|p2a: Ferrothorn\n|-damage|p2a: Ferrothorn|46\/100\n|-damage|p1a: Ferrothorn|82\/100 brn|[from] ability: Iron Barbs|[of] p2a: Ferrothorn\n|\n|-weather|Sandstorm|[upkeep]\n|-heal|p2a: Ferrothorn|52\/100|[from] item: Leftovers\n|-damage|p1a: Ferrothorn|75\/100 brn|[from] brn\n|upkeep\n|turn|67\n|\n|move|p1a: Ferrothorn|Body Press|p2a: Ferrothorn\n|-supereffective|p2a: Ferrothorn\n|-damage|p2a: Ferrothorn|27\/100\n|-damage|p1a: Ferrothorn|63\/100 brn|[from] ability: Iron Barbs|[of] p2a: Ferrothorn\n|move|p2a: Ferrothorn|Spikes|p1a: Ferrothorn\n|-sidestart|p1: Wreckithard|Spikes\n|\n|-weather|Sandstorm|[upkeep]\n|-heal|p2a: Ferrothorn|33\/100|[from] item: Leftovers\n|-damage|p1a: Ferrothorn|57\/100 brn|[from] brn\n|upkeep\n|turn|68\n|\n|move|p2a: Ferrothorn|Protect|p2a: Ferrothorn\n|-singleturn|p2a: Ferrothorn|Protect\n|move|p1a: Ferrothorn|Body Press|p2a: Ferrothorn\n|-activate|p2a: Ferrothorn|move: Protect\n|\n|-weather|Sandstorm|[upkeep]\n|-heal|p2a: Ferrothorn|39\/100|[from] item: Leftovers\n|-damage|p1a: Ferrothorn|50\/100 brn|[from] brn\n|upkeep\n|turn|69\n|\n|move|p1a: Ferrothorn|Body Press|p2a: Ferrothorn\n|-supereffective|p2a: Ferrothorn\n|-damage|p2a: Ferrothorn|14\/100\n|-damage|p1a: Ferrothorn|38\/100 brn|[from] ability: Iron Barbs|[of] p2a: Ferrothorn\n|move|p2a: Ferrothorn|Spikes|p1a: Ferrothorn\n|-sidestart|p1: Wreckithard|Spikes\n|\n|-weather|none\n|-heal|p2a: Ferrothorn|20\/100|[from] item: Leftovers\n|-damage|p1a: Ferrothorn|32\/100 brn|[from] brn\n|upkeep\n|turn|70\n|inactive|JoeyOwesMeMoney has 120 seconds left.\n|\n|move|p2a: Ferrothorn|Protect|p2a: Ferrothorn\n|-singleturn|p2a: Ferrothorn|Protect\n|move|p1a: Ferrothorn|Spikes|p2a: Ferrothorn\n|-sidestart|p2: JoeyOwesMeMoney|Spikes\n|\n|-heal|p2a: Ferrothorn|26\/100|[from] item: Leftovers\n|-damage|p1a: Ferrothorn|25\/100 brn|[from] brn\n|upkeep\n|turn|71\n|\n|move|p2a: Ferrothorn|Protect||[still]\n|-fail|p2a: Ferrothorn\n|move|p1a: Ferrothorn|Body Press|p2a: Ferrothorn\n|-supereffective|p2a: Ferrothorn\n|-damage|p2a: Ferrothorn|0 fnt\n|-damage|p1a: Ferrothorn|13\/100 brn|[from] ability: Iron Barbs|[of] p2a: Ferrothorn\n|faint|p2a: Ferrothorn\n|\n|-damage|p1a: Ferrothorn|7\/100 brn|[from] brn\n|upkeep\n|inactive|JoeyOwesMeMoney has 120 seconds left.\n|\n|switch|p2a: Toxapex|Toxapex, F|97\/100\n|-damage|p2a: Toxapex|84\/100|[from] Stealth Rock\n|-damage|p2a: Toxapex|60\/100|[from] Spikes\n|turn|72\n|\n|move|p1a: Ferrothorn|Leech Seed|p2a: Toxapex\n|-start|p2a: Toxapex|move: Leech Seed\n|move|p2a: Toxapex|Poison Jab|p1a: Ferrothorn\n|-immune|p1a: Ferrothorn\n|\n|-damage|p2a: Toxapex|47\/100|[from] Leech Seed|[of] p1a: Ferrothorn\n|-heal|p1a: Ferrothorn|17\/100 brn|[silent]\n|-damage|p1a: Ferrothorn|11\/100 brn|[from] brn\n|upkeep\n|turn|73\n|\n|move|p1a: Ferrothorn|Body Press|p2a: Toxapex\n|-resisted|p2a: Toxapex\n|-damage|p2a: Toxapex|43\/100\n|move|p2a: Toxapex|Scald|p1a: Ferrothorn\n|-resisted|p1a: Ferrothorn\n|-damage|p1a: Ferrothorn|4\/100 brn\n|\n|-damage|p2a: Toxapex|31\/100|[from] Leech Seed|[of] p1a: Ferrothorn\n|-heal|p1a: Ferrothorn|14\/100 brn|[silent]\n|-damage|p1a: Ferrothorn|8\/100 brn|[from] brn\n|upkeep\n|turn|74\n|\n|switch|p2a: Corviknight|Corviknight, M|100\/100\n|-damage|p2a: Corviknight|88\/100|[from] Stealth Rock\n|-ability|p2a: Corviknight|Pressure\n|move|p1a: Ferrothorn|Knock Off|p2a: Corviknight\n|-crit|p2a: Corviknight\n|-damage|p2a: Corviknight|82\/100\n|\n|-damage|p1a: Ferrothorn|2\/100 brn|[from] brn\n|upkeep\n|turn|75\n|j| quit the cap\n|\n|move|p2a: Corviknight|Body Press|p1a: Ferrothorn\n|-supereffective|p1a: Ferrothorn\n|-damage|p1a: Ferrothorn|0 fnt\n|-damage|p2a: Corviknight|70\/100|[from] ability: Iron Barbs|[of] p1a: Ferrothorn\n|-damage|p2a: Corviknight|53\/100|[from] item: Rocky Helmet|[of] p1a: Ferrothorn\n|faint|p1a: Ferrothorn\n|\n|upkeep\n|\n|switch|p1a: Rotom|Rotom-Heat|70\/100\n|-damage|p1a: Rotom|45\/100|[from] Stealth Rock\n|turn|76\n|j| Q Je Suis\n|\n|switch|p2a: Seismitoad|Seismitoad, F|33\/100\n|-damage|p2a: Seismitoad|27\/100|[from] Stealth Rock\n|-damage|p2a: Seismitoad|2\/100|[from] Spikes\n|move|p1a: Rotom|Discharge|p2a: Seismitoad\n|-immune|p2a: Seismitoad\n|\n|-heal|p2a: Seismitoad|8\/100|[from] item: Leftovers\n|upkeep\n|turn|77\n|j| phys2000\n|\n|move|p1a: Rotom|Overheat|p2a: Seismitoad|[miss]\n|-miss|p1a: Rotom|p2a: Seismitoad\n|move|p2a: Seismitoad|Scald|p1a: Rotom\n|-supereffective|p1a: Rotom\n|-damage|p1a: Rotom|0 fnt\n|faint|p1a: Rotom\n|\n|-heal|p2a: Seismitoad|15\/100|[from] item: Leftovers\n|upkeep\n|c|\u2606Wreckithard|WTF\n|\n|switch|p1a: Clefable|Clefable, F|86\/100 brn\n|turn|78\n|\n|move|p2a: Seismitoad|Scald|p1a: Clefable\n|-damage|p1a: Clefable|69\/100 brn\n|move|p1a: Clefable|Moonblast|p2a: Seismitoad\n|-damage|p2a: Seismitoad|0 fnt\n|faint|p2a: Seismitoad\n|\n|upkeep\n|c|\u2606Wreckithard|I needed that to win\n|\n|switch|p2a: Corviknight|Corviknight, M|53\/100\n|-damage|p2a: Corviknight|41\/100|[from] Stealth Rock\n|-ability|p2a: Corviknight|Pressure\n|turn|79\n|\n|move|p2a: Corviknight|Defog|p1a: Clefable\n|-unboost|p1a: Clefable|evasion|1\n|-sideend|p1: Wreckithard|Spikes|[from] move: Defog|[of] p2a: Corviknight\n|-sideend|p1: Wreckithard|Toxic Spikes|[from] move: Defog|[of] p2a: Corviknight\n|-sideend|p1: Wreckithard|Stealth Rock|[from] move: Defog|[of] p2a: Corviknight\n|-sideend|p2: JoeyOwesMeMoney|Spikes|[from] move: Defog|[of] p2a: Corviknight\n|-sideend|p2: JoeyOwesMeMoney|Stealth Rock|[from] move: Defog|[of] p2a: Corviknight\n|move|p1a: Clefable|Wish|p1a: Clefable\n|\n|upkeep\n|turn|80\n|\n|switch|p2a: Toxapex|Toxapex, F|64\/100\n|move|p1a: Clefable|Teleport|p1a: Clefable\n|\n|switch|p1a: Seismitoad|Seismitoad, F|89\/100|[from]move: Teleport\n|\n|-heal|p1a: Seismitoad|100\/100|[from] move: Wish|[wisher] Clefable\n|upkeep\n|turn|81\n|\n|switch|p2a: Corviknight|Corviknight, M|41\/100\n|-ability|p2a: Corviknight|Pressure\n|move|p1a: Seismitoad|Earthquake|p2a: Corviknight\n|-immune|p2a: Corviknight\n|\n|upkeep\n|turn|82\n|\n|move|p2a: Corviknight|Roost|p2a: Corviknight\n|-heal|p2a: Corviknight|91\/100\n|-singleturn|p2a: Corviknight|move: Roost\n|move|p1a: Seismitoad|Scald|p2a: Corviknight\n|-damage|p2a: Corviknight|68\/100\n|\n|upkeep\n|turn|83\n|\n|switch|p2a: Toxapex|Toxapex, F|97\/100\n|move|p1a: Seismitoad|Stealth Rock|p2a: Toxapex\n|-sidestart|p2: JoeyOwesMeMoney|move: Stealth Rock\n|\n|upkeep\n|turn|84\n|l| NOBBY csp\n|inactive|Wreckithard has 120 seconds left.\n|j| lihuamao\n|inactive|Wreckithard has 90 seconds left.\n|\n|move|p1a: Seismitoad|Scald|p2a: Toxapex\n|-resisted|p2a: Toxapex\n|-damage|p2a: Toxapex|87\/100\n|move|p2a: Toxapex|Toxic Spikes|p1a: Seismitoad\n|-sidestart|p1: Wreckithard|move: Toxic Spikes\n|\n|upkeep\n|turn|85\n|\n|move|p1a: Seismitoad|Earthquake|p2a: Toxapex\n|-supereffective|p2a: Toxapex\n|-damage|p2a: Toxapex|46\/100\n|move|p2a: Toxapex|Poison Jab|p1a: Seismitoad\n|-resisted|p1a: Seismitoad\n|-damage|p1a: Seismitoad|93\/100\n|\n|upkeep\n|turn|86\n|j| Storm Zone\n|\n|switch|p2a: Corviknight|Corviknight, M|68\/100\n|-damage|p2a: Corviknight|56\/100|[from] Stealth Rock\n|-ability|p2a: Corviknight|Pressure\n|move|p1a: Seismitoad|Earthquake|p2a: Corviknight\n|-immune|p2a: Corviknight\n|\n|upkeep\n|turn|87\n|inactive|Wreckithard has 90 seconds left.\n|\n|move|p2a: Corviknight|Roost|p2a: Corviknight\n|-heal|p2a: Corviknight|100\/100\n|-singleturn|p2a: Corviknight|move: Roost\n|move|p1a: Seismitoad|Scald|p2a: Corviknight\n|-damage|p2a: Corviknight|77\/100\n|\n|upkeep\n|turn|88\n|inactive|Wreckithard has 60 seconds left.\n|\n|switch|p2a: Toxapex|Toxapex, F|80\/100\n|-damage|p2a: Toxapex|67\/100|[from] Stealth Rock\n|move|p1a: Seismitoad|Scald|p2a: Toxapex\n|-resisted|p2a: Toxapex\n|-damage|p2a: Toxapex|58\/100\n|-status|p2a: Toxapex|brn\n|\n|-damage|p2a: Toxapex|52\/100 brn|[from] brn\n|upkeep\n|turn|89\n|\n|switch|p2a: Corviknight|Corviknight, M|77\/100\n|-damage|p2a: Corviknight|65\/100|[from] Stealth Rock\n|-ability|p2a: Corviknight|Pressure\n|move|p1a: Seismitoad|Earthquake|p2a: Corviknight\n|-immune|p2a: Corviknight\n|\n|upkeep\n|turn|90\n|\n|move|p2a: Corviknight|Roost|p2a: Corviknight\n|-heal|p2a: Corviknight|100\/100\n|-singleturn|p2a: Corviknight|move: Roost\n|move|p1a: Seismitoad|Scald|p2a: Corviknight\n|-damage|p2a: Corviknight|76\/100\n|\n|upkeep\n|turn|91\n|\n|switch|p2a: Toxapex|Toxapex, F|85\/100 brn\n|-damage|p2a: Toxapex|73\/100 brn|[from] Stealth Rock\n|move|p1a: Seismitoad|Scald|p2a: Toxapex\n|-resisted|p2a: Toxapex\n|-damage|p2a: Toxapex|63\/100 brn\n|\n|-damage|p2a: Toxapex|57\/100 brn|[from] brn\n|upkeep\n|turn|92\n|\n|switch|p2a: Corviknight|Corviknight, M|76\/100\n|-damage|p2a: Corviknight|64\/100|[from] Stealth Rock\n|-ability|p2a: Corviknight|Pressure\n|move|p1a: Seismitoad|Earthquake|p2a: Corviknight\n|-immune|p2a: Corviknight\n|\n|upkeep\n|turn|93\n|\n|move|p2a: Corviknight|Roost|p2a: Corviknight\n|-heal|p2a: Corviknight|100\/100\n|-singleturn|p2a: Corviknight|move: Roost\n|move|p1a: Seismitoad|Scald|p2a: Corviknight\n|-damage|p2a: Corviknight|76\/100\n|\n|upkeep\n|turn|94\n|inactive|Wreckithard has 30 seconds left.\n|j| NOBBY csp\n|inactive|Wreckithard has 20 seconds left.\n|inactive|Wreckithard has 15 seconds left.\n|inactive|Wreckithard has 10 seconds left.\n|l| NOBBY csp\n|inactive|Wreckithard has 5 seconds left.\n|-message|Wreckithard lost due to inactivity.\n|\n|win|JoeyOwesMeMoney\n|raw|Wreckithard's rating: 1780 &rarr; <strong>1760<\/strong><br \/>(-20 for losing)\n|raw|JoeyOwesMeMoney's rating: 1769 &rarr; <strong>1789<\/strong><br \/>(+20 for winning)\n|l| GlobalWarmingDoom\n|l| eperiod\n|l|\u2606Wreckithard\n|j| FOUR ONE SIX !\n|l| FOUR ONE SIX !\n|l| Q Je Suis\n|l| xxxsaaawxxx\n|l| lihuamao\n|l| Storm Zone\n","uploadtime":1590814098,"views":15,"p1id":"wreckithard","p2id":"joeyowesmemoney","formatid":"gen8ou","rating":1760,"private":0,"password":null}