{"id":"gen8ou-1113913928","p1":"robopoke5","p2":"Rorschach I","format":"gen8ou","log":"|j|\u2606robopoke5\n|j|\u2606Rorschach I\n|player|p1|robopoke5|2|1680\n|player|p2|Rorschach I|cynthia|1724\n|teamsize|p1|6\n|teamsize|p2|6\n|gametype|singles\n|gen|8\n|tier|[Gen 8] OU\n|rated|\n|clearpoke\n|poke|p1|Toxapex, M|\n|poke|p1|Flygon, M|\n|poke|p1|Pikachu, F|\n|poke|p1|Diggersby, M|\n|poke|p1|Excadrill, F|\n|poke|p1|Tyranitar, M|\n|poke|p2|Salazzle, F|\n|poke|p2|Clefable, M|\n|poke|p2|Seismitoad, F|\n|poke|p2|Corviknight, M|\n|poke|p2|Dragapult, M|\n|poke|p2|Conkeldurr, M|\n|rule|Sleep Clause Mod: Limit one foe put to sleep\n|rule|Species Clause: Limit one of each Pok\u00e9mon\n|rule|OHKO Clause: OHKO moves are banned\n|rule|Evasion Moves Clause: Evasion moves are banned\n|rule|Endless Battle Clause: Forcing endless battles is banned\n|rule|HP Percentage Mod: HP is shown in percentages\n|rule|Dynamax Clause: You cannot dynamax\n|teampreview\n|\n|start\n|switch|p1a: Toxapex|Toxapex, M|100\/100\n|switch|p2a: Conkeldurr|Conkeldurr, M|100\/100\n|turn|1\n|\n|switch|p2a: Clefable|Clefable, M|100\/100\n|move|p1a: Toxapex|Toxic Spikes|p2a: Clefable\n|-sidestart|p2: Rorschach I|move: Toxic Spikes\n|\n|upkeep\n|turn|2\n|\n|move|p1a: Toxapex|Scald|p2a: Clefable\n|-damage|p2a: Clefable|89\/100\n|move|p2a: Clefable|Teleport|p2a: Clefable\n|\n|switch|p2a: Salazzle|Salazzle, F|100\/100|[from]move: Teleport\n|-sideend|p2: Rorschach I|move: Toxic Spikes|[of] p2a: Salazzle\n|\n|upkeep\n|turn|3\n|\n|switch|p1a: Flygon|Flygon, M|100\/100\n|move|p2a: Salazzle|Toxic|p1a: Flygon\n|-status|p1a: Flygon|tox\n|\n|-damage|p1a: Flygon|95\/100 tox|[from] psn\n|upkeep\n|turn|4\n|\n|switch|p2a: Corviknight|Corviknight, M|100\/100\n|-ability|p2a: Corviknight|Pressure\n|move|p1a: Flygon|U-turn|p2a: Corviknight\n|-resisted|p2a: Corviknight\n|-damage|p2a: Corviknight|95\/100\n|\n|switch|p1a: Pikachu|Pikachu, F|100\/100|[from]move: U-turn\n|\n|-heal|p2a: Corviknight|100\/100|[from] item: Leftovers\n|upkeep\n|turn|5\n|inactive|Battle timer is ON: inactive players will automatically lose when time's up. (requested by robopoke5)\n|\n|switch|p2a: Seismitoad|Seismitoad, F|100\/100\n|move|p1a: Pikachu|Knock Off|p2a: Seismitoad\n|-damage|p2a: Seismitoad|69\/100\n|-enditem|p2a: Seismitoad|Leftovers|[from] move: Knock Off|[of] p1a: Pikachu\n|\n|upkeep\n|turn|6\n|\n|switch|p1a: Toxapex|Toxapex, M|100\/100\n|move|p2a: Seismitoad|Stealth Rock|p1a: Toxapex\n|-sidestart|p1: robopoke5|move: Stealth Rock\n|\n|upkeep\n|turn|7\n|\n|move|p2a: Seismitoad|Earth Power|p1a: Toxapex\n|-supereffective|p1a: Toxapex\n|-damage|p1a: Toxapex|53\/100\n|move|p1a: Toxapex|Toxic Spikes|p2a: Seismitoad\n|-sidestart|p2: Rorschach I|move: Toxic Spikes\n|\n|-heal|p1a: Toxapex|59\/100|[from] item: Black Sludge\n|upkeep\n|turn|8\n|\n|switch|p2a: Salazzle|Salazzle, F|100\/100\n|-sideend|p2: Rorschach I|move: Toxic Spikes|[of] p2a: Salazzle\n|move|p1a: Toxapex|Recover|p1a: Toxapex\n|-heal|p1a: Toxapex|100\/100\n|\n|upkeep\n|turn|9\n|\n|switch|p1a: Flygon|Flygon, M|95\/100 tox\n|-damage|p1a: Flygon|89\/100 tox|[from] Stealth Rock\n|move|p2a: Salazzle|Substitute|p2a: Salazzle\n|-start|p2a: Salazzle|Substitute\n|-damage|p2a: Salazzle|76\/100\n|\n|-heal|p2a: Salazzle|82\/100|[from] item: Black Sludge\n|-damage|p1a: Flygon|83\/100 tox|[from] psn\n|upkeep\n|turn|10\n|\n|switch|p1a: Tyranitar|Tyranitar, M|100\/100\n|-damage|p1a: Tyranitar|88\/100|[from] Stealth Rock\n|-weather|Sandstorm|[from] ability: Sand Stream|[of] p1a: Tyranitar\n|move|p2a: Salazzle|Sludge Wave|p1a: Tyranitar\n|-resisted|p1a: Tyranitar\n|-damage|p1a: Tyranitar|71\/100\n|\n|-weather|Sandstorm|[upkeep]\n|-damage|p2a: Salazzle|76\/100|[from] Sandstorm\n|-heal|p2a: Salazzle|82\/100|[from] item: Black Sludge\n|upkeep\n|turn|11\n|\n|move|p2a: Salazzle|Toxic|p1a: Tyranitar\n|-status|p1a: Tyranitar|tox\n|move|p1a: Tyranitar|Rock Blast|p2a: Salazzle\n|-supereffective|p2a: Salazzle\n|-end|p2a: Salazzle|Substitute\n|-supereffective|p2a: Salazzle\n|-damage|p2a: Salazzle|43\/100\n|-supereffective|p2a: Salazzle\n|-damage|p2a: Salazzle|5\/100\n|-supereffective|p2a: Salazzle\n|-damage|p2a: Salazzle|0 fnt\n|-hitcount|p2a: Salazzle|4\n|faint|p2a: Salazzle\n|\n|-weather|Sandstorm|[upkeep]\n|-damage|p1a: Tyranitar|65\/100 tox|[from] psn\n|upkeep\n|\n|switch|p2a: Conkeldurr|Conkeldurr, M|100\/100\n|turn|12\n|\n|move|p2a: Conkeldurr|Knock Off|p1a: Tyranitar\n|-resisted|p1a: Tyranitar\n|-damage|p1a: Tyranitar|39\/100 tox\n|-enditem|p1a: Tyranitar|Focus Sash|[from] move: Knock Off|[of] p2a: Conkeldurr\n|move|p1a: Tyranitar|Counter|p2a: Conkeldurr\n|-damage|p2a: Conkeldurr|54\/100\n|\n|-weather|Sandstorm|[upkeep]\n|-damage|p2a: Conkeldurr|48\/100|[from] Sandstorm\n|-damage|p1a: Tyranitar|27\/100 tox|[from] psn\n|-status|p2a: Conkeldurr|brn|[from] item: Flame Orb\n|upkeep\n|turn|13\n|\n|move|p1a: Tyranitar|Ice Beam|p2a: Conkeldurr\n|-damage|p2a: Conkeldurr|12\/100 brn\n|move|p2a: Conkeldurr|Drain Punch|p1a: Tyranitar\n|-supereffective|p1a: Tyranitar\n|-damage|p1a: Tyranitar|0 fnt\n|-heal|p2a: Conkeldurr|24\/100 brn|[from] drain|[of] p1a: Tyranitar\n|faint|p1a: Tyranitar\n|\n|-weather|Sandstorm|[upkeep]\n|-damage|p2a: Conkeldurr|18\/100 brn|[from] Sandstorm\n|-damage|p2a: Conkeldurr|12\/100 brn|[from] brn\n|upkeep\n|\n|switch|p1a: Diggersby|Diggersby, M|100\/100\n|-damage|p1a: Diggersby|94\/100|[from] Stealth Rock\n|turn|14\n|c|\u2606robopoke5|why didnt u machpunch u dont have it?\n|\n|switch|p2a: Corviknight|Corviknight, M|100\/100\n|-ability|p2a: Corviknight|Pressure\n|move|p1a: Diggersby|Quick Attack|p2a: Corviknight\n|-resisted|p2a: Corviknight\n|-damage|p2a: Corviknight|85\/100\n|-damage|p1a: Diggersby|84\/100|[from] item: Life Orb\n|\n|-weather|none\n|-heal|p2a: Corviknight|91\/100|[from] item: Leftovers\n|upkeep\n|turn|15\n|inactive|Rorschach I has 120 seconds left.\n|c|\u2606Rorschach I|just a bad play from my part\n|\n|move|p1a: Diggersby|Fire Punch|p2a: Corviknight\n|-supereffective|p2a: Corviknight\n|-damage|p2a: Corviknight|24\/100\n|-damage|p1a: Diggersby|74\/100|[from] item: Life Orb\n|move|p2a: Corviknight|U-turn|p1a: Diggersby\n|-damage|p1a: Diggersby|56\/100\n|\n|switch|p2a: Dragapult|Dragapult, M|100\/100|[from]move: U-turn\n|\n|upkeep\n|turn|16\n|\n|move|p2a: Dragapult|Will-O-Wisp|p1a: Diggersby\n|-status|p1a: Diggersby|brn\n|move|p1a: Diggersby|Fire Punch|p2a: Dragapult\n|-resisted|p2a: Dragapult\n|-damage|p2a: Dragapult|85\/100\n|-damage|p1a: Diggersby|46\/100 brn|[from] item: Life Orb\n|\n|-damage|p1a: Diggersby|40\/100 brn|[from] brn\n|upkeep\n|turn|17\n|\n|move|p2a: Dragapult|Draco Meteor|p1a: Diggersby\n|-damage|p1a: Diggersby|0 fnt\n|-unboost|p2a: Dragapult|spa|2\n|faint|p1a: Diggersby\n|\n|upkeep\n|\n|switch|p1a: Pikachu|Pikachu, F|100\/100\n|-damage|p1a: Pikachu|88\/100|[from] Stealth Rock\n|turn|18\n|\n|switch|p2a: Seismitoad|Seismitoad, F|69\/100\n|move|p1a: Pikachu|Knock Off|p2a: Seismitoad\n|-damage|p2a: Seismitoad|49\/100\n|\n|upkeep\n|turn|19\n|\n|switch|p1a: Flygon|Flygon, M|83\/100 tox\n|-damage|p1a: Flygon|77\/100 tox|[from] Stealth Rock\n|move|p2a: Seismitoad|Scald|p1a: Flygon\n|-damage|p1a: Flygon|46\/100 tox\n|\n|-damage|p1a: Flygon|40\/100 tox|[from] psn\n|upkeep\n|turn|20\n|\n|switch|p2a: Corviknight|Corviknight, M|24\/100\n|-ability|p2a: Corviknight|Pressure\n|move|p1a: Flygon|U-turn|p2a: Corviknight\n|-resisted|p2a: Corviknight\n|-damage|p2a: Corviknight|18\/100\n|\n|switch|p1a: Pikachu|Pikachu, F|88\/100|[from]move: U-turn\n|-damage|p1a: Pikachu|76\/100|[from] Stealth Rock\n|\n|-heal|p2a: Corviknight|24\/100|[from] item: Leftovers\n|upkeep\n|turn|21\n|inactive|Rorschach I has 120 seconds left.\n|inactive|Rorschach I has 90 seconds left.\n|\n|move|p1a: Pikachu|Knock Off|p2a: Corviknight\n|-damage|p2a: Corviknight|0 fnt\n|-enditem|p2a: Corviknight|Leftovers|[from] move: Knock Off|[of] p1a: Pikachu\n|faint|p2a: Corviknight\n|\n|upkeep\n|inactive|Rorschach I has 90 seconds left.\n|\n|switch|p2a: Dragapult|Dragapult, M|85\/100\n|turn|22\n|\n|move|p2a: Dragapult|Draco Meteor|p1a: Pikachu\n|-damage|p1a: Pikachu|0 fnt\n|-unboost|p2a: Dragapult|spa|2\n|faint|p1a: Pikachu\n|\n|upkeep\n|\n|switch|p1a: Toxapex|Toxapex, M|100\/100\n|-damage|p1a: Toxapex|88\/100|[from] Stealth Rock\n|turn|23\n|\n|move|p2a: Dragapult|Will-O-Wisp|p1a: Toxapex|[miss]\n|-miss|p2a: Dragapult|p1a: Toxapex\n|move|p1a: Toxapex|Toxic Spikes|p2a: Dragapult\n|-sidestart|p2: Rorschach I|move: Toxic Spikes\n|\n|-heal|p1a: Toxapex|94\/100|[from] item: Black Sludge\n|upkeep\n|turn|24\n|\n|move|p2a: Dragapult|Will-O-Wisp|p1a: Toxapex\n|-status|p1a: Toxapex|brn\n|move|p1a: Toxapex|Toxic Spikes|p2a: Dragapult\n|-sidestart|p2: Rorschach I|move: Toxic Spikes\n|\n|-heal|p1a: Toxapex|100\/100 brn|[from] item: Black Sludge\n|-damage|p1a: Toxapex|94\/100 brn|[from] brn\n|upkeep\n|turn|25\n|inactive|Rorschach I has 120 seconds left.\n|\n|move|p2a: Dragapult|U-turn|p1a: Toxapex\n|-resisted|p1a: Toxapex\n|-damage|p1a: Toxapex|89\/100 brn\n|\n|switch|p2a: Clefable|Clefable, M|89\/100|[from]move: U-turn\n|-status|p2a: Clefable|tox\n|move|p1a: Toxapex|Recover|p1a: Toxapex\n|-heal|p1a: Toxapex|100\/100 brn\n|\n|-heal|p2a: Clefable|95\/100 tox|[from] item: Leftovers\n|-damage|p1a: Toxapex|94\/100 brn|[from] brn\n|upkeep\n|turn|26\n|\n|switch|p1a: Excadrill|Excadrill, F|100\/100\n|-damage|p1a: Excadrill|97\/100|[from] Stealth Rock\n|-item|p1a: Excadrill|Air Balloon\n|move|p2a: Clefable|Wish|p2a: Clefable\n|\n|-heal|p2a: Clefable|100\/100 tox|[from] item: Leftovers\n|upkeep\n|turn|27\n|inactive|Rorschach I has 120 seconds left.\n|\n|switch|p2a: Seismitoad|Seismitoad, F|49\/100\n|-status|p2a: Seismitoad|tox\n|move|p1a: Excadrill|Stealth Rock|p2a: Seismitoad\n|-sidestart|p2: Rorschach I|move: Stealth Rock\n|\n|-heal|p2a: Seismitoad|96\/100 tox|[from] move: Wish|[wisher] Clefable\n|-damage|p2a: Seismitoad|90\/100 tox|[from] psn\n|upkeep\n|turn|28\n|inactive|Rorschach I has 120 seconds left.\n|\n|switch|p1a: Toxapex|Toxapex, M|100\/100 brn\n|-damage|p1a: Toxapex|88\/100 brn|[from] Stealth Rock\n|move|p2a: Seismitoad|Scald|p1a: Toxapex\n|-resisted|p1a: Toxapex\n|-damage|p1a: Toxapex|78\/100 brn\n|\n|-heal|p1a: Toxapex|84\/100 brn|[from] item: Black Sludge\n|-damage|p2a: Seismitoad|78\/100 tox|[from] psn\n|-damage|p1a: Toxapex|78\/100 brn|[from] brn\n|upkeep\n|turn|29\n|inactive|Rorschach I has 120 seconds left.\n|\n|switch|p2a: Clefable|Clefable, M|100\/100 tox\n|move|p1a: Toxapex|Recover|p1a: Toxapex\n|-heal|p1a: Toxapex|100\/100 brn\n|\n|-damage|p1a: Toxapex|94\/100 brn|[from] brn\n|upkeep\n|turn|30\n|\n|switch|p1a: Excadrill|Excadrill, F|97\/100\n|-damage|p1a: Excadrill|94\/100|[from] Stealth Rock\n|-item|p1a: Excadrill|Air Balloon\n|move|p2a: Clefable|Teleport|p2a: Clefable\n|\n|switch|p2a: Dragapult|Dragapult, M|85\/100|[from]move: Teleport\n|-status|p2a: Dragapult|tox\n|-damage|p2a: Dragapult|73\/100 tox|[from] Stealth Rock\n|\n|-damage|p2a: Dragapult|67\/100 tox|[from] psn\n|upkeep\n|turn|31\n|\n|switch|p1a: Toxapex|Toxapex, M|100\/100 brn\n|-damage|p1a: Toxapex|88\/100 brn|[from] Stealth Rock\n|move|p2a: Dragapult|Hex|p1a: Toxapex\n|-damage|p1a: Toxapex|35\/100 brn\n|\n|-heal|p1a: Toxapex|42\/100 brn|[from] item: Black Sludge\n|-damage|p2a: Dragapult|55\/100 tox|[from] psn\n|-damage|p1a: Toxapex|35\/100 brn|[from] brn\n|upkeep\n|turn|32\n|\n|switch|p1a: Flygon|Flygon, M|40\/100 tox\n|-damage|p1a: Flygon|34\/100 tox|[from] Stealth Rock\n|move|p2a: Dragapult|Hex|p1a: Flygon\n|-damage|p1a: Flygon|0 fnt\n|faint|p1a: Flygon\n|\n|-damage|p2a: Dragapult|37\/100 tox|[from] psn\n|upkeep\n|inactive|robopoke5 has 120 seconds left.\n|\n|switch|p1a: Toxapex|Toxapex, M|69\/100 brn\n|-damage|p1a: Toxapex|56\/100 brn|[from] Stealth Rock\n|turn|33\n|\n|move|p2a: Dragapult|U-turn|p1a: Toxapex\n|-resisted|p1a: Toxapex\n|-damage|p1a: Toxapex|51\/100 brn\n|\n|switch|p2a: Clefable|Clefable, M|100\/100 tox|[from]move: U-turn\n|move|p1a: Toxapex|Recover|p1a: Toxapex\n|-heal|p1a: Toxapex|100\/100 brn\n|\n|-damage|p1a: Toxapex|94\/100 brn|[from] brn\n|upkeep\n|turn|34\n|\n|switch|p1a: Excadrill|Excadrill, F|94\/100\n|-damage|p1a: Excadrill|91\/100|[from] Stealth Rock\n|-item|p1a: Excadrill|Air Balloon\n|move|p2a: Clefable|Moonblast|p1a: Excadrill\n|-resisted|p1a: Excadrill\n|-damage|p1a: Excadrill|71\/100\n|-enditem|p1a: Excadrill|Air Balloon\n|\n|upkeep\n|turn|35\n|\n|switch|p2a: Seismitoad|Seismitoad, F|78\/100 tox\n|-damage|p2a: Seismitoad|72\/100 tox|[from] Stealth Rock\n|move|p1a: Excadrill|Earthquake|p2a: Seismitoad\n|-damage|p2a: Seismitoad|37\/100 tox\n|\n|-damage|p2a: Seismitoad|31\/100 tox|[from] psn\n|upkeep\n|turn|36\n|\n|move|p1a: Excadrill|Earthquake|p2a: Seismitoad\n|-damage|p2a: Seismitoad|0 fnt\n|faint|p2a: Seismitoad\n|\n|upkeep\n|\n|switch|p2a: Dragapult|Dragapult, M|37\/100 tox\n|-damage|p2a: Dragapult|24\/100 tox|[from] Stealth Rock\n|turn|37\n|\n|move|p2a: Dragapult|Hex|p1a: Excadrill\n|-damage|p1a: Excadrill|23\/100\n|move|p1a: Excadrill|Earthquake|p2a: Dragapult\n|-damage|p2a: Dragapult|0 fnt\n|faint|p2a: Dragapult\n|\n|upkeep\n|\n|switch|p2a: Conkeldurr|Conkeldurr, M|12\/100 brn\n|-damage|p2a: Conkeldurr|6\/100 brn|[from] Stealth Rock\n|turn|38\n|\n|move|p1a: Excadrill|Rapid Spin|p2a: Conkeldurr\n|-damage|p2a: Conkeldurr|0 fnt\n|-boost|p1a: Excadrill|spe|1\n|-sideend|p1: robopoke5|Stealth Rock|[from] move: Rapid Spin|[of] p1a: Excadrill\n|faint|p2a: Conkeldurr\n|\n|upkeep\n|-message|Rorschach I forfeited.\n|\n|win|robopoke5\n|l|\u2606Rorschach I\n","uploadtime":1589380015,"views":148,"p1id":"robopoke5","p2id":"rorschachi","formatid":"gen8ou","rating":0,"private":0,"password":null}