{"id":"gen8ou-1629449330","p1":"LT91BB Egerie","p2":"Escalando","format":"gen8ou","log":"|raw|<div class=\"broadcast-blue\"><strong>This battle is required to be public due to a player having a name starting with 'lt91bb'.<\/div>\n|j|\u2606LT91BB Egerie\n|j|\u2606Escalando\n|t:|1659303739\n|gametype|singles\n|player|p1|LT91BB Egerie|camper|1672\n|player|p2|Escalando|lucas-gen4pt|1723\n|teamsize|p1|6\n|teamsize|p2|6\n|gen|8\n|tier|[Gen 8] OU\n|rated|\n|rule|Sleep Clause Mod: Limit one foe put to sleep\n|rule|Species Clause: Limit one of each Pok\u00e9mon\n|rule|OHKO Clause: OHKO moves are banned\n|rule|Evasion Moves Clause: Evasion moves are banned\n|rule|Endless Battle Clause: Forcing endless battles is banned\n|rule|HP Percentage Mod: HP is shown in percentages\n|rule|Dynamax Clause: You cannot dynamax\n|clearpoke\n|poke|p1|Dragapult, F|\n|poke|p1|Melmetal|\n|poke|p1|Buzzwole|\n|poke|p1|Clefable, F|\n|poke|p1|Seismitoad, M|\n|poke|p1|Mandibuzz, F|\n|poke|p2|Clefable, M|\n|poke|p2|Garchomp, M|\n|poke|p2|Tornadus-Therian, M|\n|poke|p2|Tapu Lele|\n|poke|p2|Ferrothorn, M|\n|poke|p2|Rotom-Wash|\n|teampreview\n|inactive|Battle timer is ON: inactive players will automatically lose when time's up. (requested by LT91BB Egerie)\n|inactive|Escalando has 120 seconds left.\n|inactive|LT91BB Egerie has 120 seconds left.\n|\n|t:|1659303791\n|start\n|switch|p1a: Dragapult|Dragapult, F|100\/100\n|switch|p2a: Ferrothorn|Ferrothorn, M|100\/100\n|turn|1\n|\n|t:|1659303796\n|switch|p2a: Rotom|Rotom-Wash|100\/100\n|move|p1a: Dragapult|Flamethrower|p2a: Rotom\n|-resisted|p2a: Rotom\n|-damage|p2a: Rotom|82\/100\n|\n|-heal|p2a: Rotom|88\/100|[from] item: Leftovers\n|upkeep\n|turn|2\n|\n|t:|1659303806\n|switch|p1a: Seismitoad|Seismitoad, M|100\/100\n|move|p2a: Rotom|Will-O-Wisp|p1a: Seismitoad\n|-status|p1a: Seismitoad|brn\n|\n|-heal|p2a: Rotom|95\/100|[from] item: Leftovers\n|-damage|p1a: Seismitoad|94\/100 brn|[from] brn\n|upkeep\n|turn|3\n|\n|t:|1659303815\n|switch|p2a: Ferrothorn|Ferrothorn, M|100\/100\n|move|p1a: Seismitoad|Stealth Rock|p2a: Ferrothorn\n|-sidestart|p2: Escalando|move: Stealth Rock\n|\n|-heal|p1a: Seismitoad|100\/100 brn|[from] item: Leftovers\n|-damage|p1a: Seismitoad|94\/100 brn|[from] brn\n|upkeep\n|turn|4\n|\n|t:|1659303818\n|switch|p1a: Dragapult|Dragapult, F|100\/100\n|move|p2a: Ferrothorn|Stealth Rock|p1a: Dragapult\n|-sidestart|p1: LT91BB Egerie|move: Stealth Rock\n|\n|upkeep\n|turn|5\n|\n|t:|1659303823\n|move|p1a: Dragapult|Flamethrower|p2a: Ferrothorn\n|-supereffective|p2a: Ferrothorn\n|-damage|p2a: Ferrothorn|0 fnt\n|faint|p2a: Ferrothorn\n|\n|upkeep\n|\n|t:|1659303838\n|switch|p2a: Garchomp|Garchomp, M|100\/100\n|-damage|p2a: Garchomp|94\/100|[from] Stealth Rock\n|turn|6\n|\n|t:|1659303840\n|switch|p1a: Buzzwole|Buzzwole|100\/100\n|-damage|p1a: Buzzwole|88\/100|[from] Stealth Rock\n|move|p2a: Garchomp|Swords Dance|p2a: Garchomp\n|-boost|p2a: Garchomp|atk|2\n|\n|-heal|p2a: Garchomp|100\/100|[from] item: Leftovers\n|upkeep\n|turn|7\n|\n|t:|1659303853\n|switch|p2a: Clefable|Clefable, M|100\/100\n|move|p1a: Buzzwole|Ice Punch|p2a: Clefable\n|-damage|p2a: Clefable|75\/100\n|\n|upkeep\n|turn|8\n|\n|t:|1659303855\n|switch|p1a: Melmetal|Melmetal|100\/100\n|-damage|p1a: Melmetal|94\/100|[from] Stealth Rock\n|move|p2a: Clefable|Moonblast|p1a: Melmetal\n|-resisted|p1a: Melmetal\n|-damage|p1a: Melmetal|87\/100\n|-unboost|p1a: Melmetal|spa|1\n|\n|upkeep\n|turn|9\n|\n|t:|1659303863\n|switch|p2a: Rotom|Rotom-Wash|95\/100\n|-damage|p2a: Rotom|82\/100|[from] Stealth Rock\n|move|p1a: Melmetal|Thunder Punch|p2a: Rotom\n|-damage|p2a: Rotom|53\/100\n|\n|-heal|p2a: Rotom|59\/100|[from] item: Leftovers\n|upkeep\n|turn|10\n|\n|t:|1659303869\n|switch|p1a: Seismitoad|Seismitoad, M|94\/100 brn\n|-damage|p1a: Seismitoad|88\/100 brn|[from] Stealth Rock\n|move|p2a: Rotom|Pain Split|p1a: Seismitoad\n|-sethp|p1a: Seismitoad|66\/100 brn|[from] move: Pain Split|[silent]\n|-sethp|p2a: Rotom|90\/100|[from] move: Pain Split\n|\n|-heal|p2a: Rotom|96\/100|[from] item: Leftovers\n|-heal|p1a: Seismitoad|72\/100 brn|[from] item: Leftovers\n|-damage|p1a: Seismitoad|66\/100 brn|[from] brn\n|upkeep\n|turn|11\n|\n|t:|1659303876\n|switch|p2a: Clefable|Clefable, M|75\/100\n|move|p1a: Seismitoad|Ice Punch|p2a: Clefable\n|-damage|p2a: Clefable|68\/100\n|\n|-heal|p1a: Seismitoad|72\/100 brn|[from] item: Leftovers\n|-damage|p1a: Seismitoad|66\/100 brn|[from] brn\n|upkeep\n|turn|12\n|\n|t:|1659303878\n|switch|p1a: Melmetal|Melmetal|87\/100\n|-damage|p1a: Melmetal|81\/100|[from] Stealth Rock\n|move|p2a: Clefable|Soft-Boiled|p2a: Clefable\n|-heal|p2a: Clefable|100\/100\n|\n|upkeep\n|turn|13\n|\n|t:|1659303884\n|switch|p2a: Rotom|Rotom-Wash|96\/100\n|-damage|p2a: Rotom|83\/100|[from] Stealth Rock\n|switch|p1a: Clefable|Clefable, F|100\/100\n|\n|-heal|p2a: Rotom|90\/100|[from] item: Leftovers\n|upkeep\n|turn|14\n|\n|t:|1659303891\n|move|p2a: Rotom|Volt Switch|p1a: Clefable\n|-damage|p1a: Clefable|80\/100\n|\n|t:|1659303893\n|switch|p2a: Clefable|Clefable, M|100\/100|[from]move: Volt Switch\n|move|p1a: Clefable|Wish|p1a: Clefable\n|\n|-heal|p1a: Clefable|86\/100|[from] item: Leftovers\n|upkeep\n|turn|15\n|\n|t:|1659303900\n|move|p2a: Clefable|Moonblast|p1a: Clefable\n|-damage|p1a: Clefable|59\/100\n|move|p1a: Clefable|Heal Bell|p1a: Clefable\n|-activate|p1a: Clefable|move: Heal Bell\n|-curestatus|p1: Seismitoad|brn|[msg]\n|\n|-heal|p1a: Clefable|100\/100|[from] move: Wish|[wisher] Clefable\n|upkeep\n|turn|16\n|\n|t:|1659303905\n|move|p2a: Clefable|Thunder Wave|p1a: Clefable\n|-status|p1a: Clefable|par\n|cant|p1a: Clefable|par\n|\n|upkeep\n|turn|17\n|\n|t:|1659303909\n|move|p2a: Clefable|Moonblast|p1a: Clefable\n|-damage|p1a: Clefable|74\/100 par\n|-unboost|p1a: Clefable|spa|1\n|move|p1a: Clefable|Wish|p1a: Clefable\n|\n|-heal|p1a: Clefable|80\/100 par|[from] item: Leftovers\n|upkeep\n|turn|18\n|\n|t:|1659303916\n|switch|p1a: Seismitoad|Seismitoad, M|66\/100\n|-damage|p1a: Seismitoad|60\/100|[from] Stealth Rock\n|move|p2a: Clefable|Moonblast|p1a: Seismitoad\n|-damage|p1a: Seismitoad|28\/100\n|\n|-heal|p1a: Seismitoad|75\/100|[from] move: Wish|[wisher] Clefable\n|-heal|p1a: Seismitoad|81\/100|[from] item: Leftovers\n|upkeep\n|turn|19\n|\n|t:|1659303927\n|switch|p1a: Melmetal|Melmetal|81\/100\n|-damage|p1a: Melmetal|74\/100|[from] Stealth Rock\n|switch|p2a: Tornadus|Tornadus-Therian, M|100\/100\n|\n|upkeep\n|turn|20\n|\n|t:|1659303932\n|move|p2a: Tornadus|U-turn|p1a: Melmetal\n|-resisted|p1a: Melmetal\n|-damage|p1a: Melmetal|70\/100\n|\n|t:|1659303934\n|switch|p2a: Rotom|Rotom-Wash|90\/100|[from]move: U-turn\n|-damage|p2a: Rotom|77\/100|[from] Stealth Rock\n|move|p1a: Melmetal|Double Iron Bash|p2a: Rotom\n|-resisted|p2a: Rotom\n|-damage|p2a: Rotom|68\/100\n|-resisted|p2a: Rotom\n|-damage|p2a: Rotom|58\/100\n|-hitcount|p2a: Rotom|2\n|\n|-heal|p2a: Rotom|64\/100|[from] item: Leftovers\n|upkeep\n|turn|21\n|\n|t:|1659303937\n|switch|p1a: Seismitoad|Seismitoad, M|81\/100\n|-damage|p1a: Seismitoad|75\/100|[from] Stealth Rock\n|move|p2a: Rotom|Will-O-Wisp|p1a: Seismitoad|[miss]\n|-miss|p2a: Rotom|p1a: Seismitoad\n|\n|-heal|p2a: Rotom|71\/100|[from] item: Leftovers\n|-heal|p1a: Seismitoad|81\/100|[from] item: Leftovers\n|upkeep\n|turn|22\n|\n|t:|1659303942\n|switch|p2a: Tornadus|Tornadus-Therian, M|100\/100\n|move|p1a: Seismitoad|Toxic|p2a: Tornadus\n|-status|p2a: Tornadus|tox\n|\n|-heal|p1a: Seismitoad|87\/100|[from] item: Leftovers\n|-damage|p2a: Tornadus|94\/100 tox|[from] psn\n|upkeep\n|turn|23\n|\n|t:|1659303946\n|move|p2a: Tornadus|Knock Off|p1a: Seismitoad\n|-damage|p1a: Seismitoad|73\/100\n|-enditem|p1a: Seismitoad|Leftovers|[from] move: Knock Off|[of] p2a: Tornadus\n|move|p1a: Seismitoad|Ice Punch|p2a: Tornadus\n|-supereffective|p2a: Tornadus\n|-damage|p2a: Tornadus|60\/100 tox\n|\n|-damage|p2a: Tornadus|48\/100 tox|[from] psn\n|upkeep\n|turn|24\n|\n|t:|1659303950\n|move|p2a: Tornadus|U-turn|p1a: Seismitoad\n|-damage|p1a: Seismitoad|63\/100\n|\n|t:|1659303953\n|switch|p2a: Clefable|Clefable, M|100\/100|[from]move: U-turn\n|move|p1a: Seismitoad|Toxic|p2a: Clefable\n|-status|p2a: Clefable|tox\n|\n|upkeep\n|turn|25\n|\n|t:|1659303957\n|switch|p1a: Melmetal|Melmetal|70\/100\n|-damage|p1a: Melmetal|64\/100|[from] Stealth Rock\n|move|p2a: Clefable|Aromatherapy|p2a: Clefable\n|-activate|p2a: Clefable|move: Aromatherapy\n|-curestatus|p2a: Clefable|tox|[msg]\n|-curestatus|p2: Tornadus|tox|[msg]\n|\n|upkeep\n|turn|26\n|\n|t:|1659303966\n|switch|p2a: Rotom|Rotom-Wash|71\/100\n|-damage|p2a: Rotom|58\/100|[from] Stealth Rock\n|switch|p1a: Dragapult|Dragapult, F|100\/100\n|-damage|p1a: Dragapult|88\/100|[from] Stealth Rock\n|\n|-heal|p2a: Rotom|64\/100|[from] item: Leftovers\n|upkeep\n|turn|27\n|\n|t:|1659303971\n|switch|p2a: Clefable|Clefable, M|100\/100\n|move|p1a: Dragapult|Shadow Ball|p2a: Clefable\n|-damage|p2a: Clefable|56\/100\n|\n|upkeep\n|turn|28\n|\n|t:|1659303976\n|switch|p1a: Clefable|Clefable, F|80\/100 par\n|move|p2a: Clefable|Soft-Boiled|p2a: Clefable\n|-heal|p2a: Clefable|100\/100\n|\n|-heal|p1a: Clefable|86\/100 par|[from] item: Leftovers\n|upkeep\n|turn|29\n|\n|t:|1659303979\n|switch|p2a: Tornadus|Tornadus-Therian, M|81\/100\n|move|p1a: Clefable|Wish|p1a: Clefable\n|\n|-heal|p1a: Clefable|92\/100 par|[from] item: Leftovers\n|upkeep\n|turn|30\n|\n|t:|1659303986\n|switch|p1a: Seismitoad|Seismitoad, M|63\/100\n|-damage|p1a: Seismitoad|57\/100|[from] Stealth Rock\n|move|p2a: Tornadus|Knock Off|p1a: Seismitoad\n|-damage|p1a: Seismitoad|48\/100\n|\n|-heal|p1a: Seismitoad|95\/100|[from] move: Wish|[wisher] Clefable\n|upkeep\n|turn|31\n|\n|t:|1659303990\n|move|p2a: Tornadus|U-turn|p1a: Seismitoad\n|-damage|p1a: Seismitoad|86\/100\n|\n|t:|1659303993\n|switch|p2a: Clefable|Clefable, M|100\/100|[from]move: U-turn\n|move|p1a: Seismitoad|Toxic|p2a: Clefable\n|-status|p2a: Clefable|tox\n|\n|upkeep\n|turn|32\n|\n|t:|1659303997\n|switch|p1a: Clefable|Clefable, F|92\/100 par\n|move|p2a: Clefable|Moonblast|p1a: Clefable\n|-damage|p1a: Clefable|66\/100 par\n|\n|-heal|p1a: Clefable|72\/100 par|[from] item: Leftovers\n|upkeep\n|turn|33\n|\n|t:|1659304002\n|switch|p2a: Tapu Lele|Tapu Lele|100\/100\n|-damage|p2a: Tapu Lele|88\/100|[from] Stealth Rock\n|-fieldstart|move: Psychic Terrain|[from] ability: Psychic Surge|[of] p2a: Tapu Lele\n|move|p1a: Clefable|Wish|p1a: Clefable\n|\n|-heal|p1a: Clefable|78\/100 par|[from] item: Leftovers\n|upkeep\n|turn|34\n|\n|t:|1659304010\n|switch|p1a: Melmetal|Melmetal|64\/100\n|-damage|p1a: Melmetal|58\/100|[from] Stealth Rock\n|move|p2a: Tapu Lele|Moonblast|p1a: Melmetal\n|-resisted|p1a: Melmetal\n|-damage|p1a: Melmetal|44\/100\n|\n|-heal|p1a: Melmetal|92\/100|[from] move: Wish|[wisher] Clefable\n|upkeep\n|turn|35\n|\n|t:|1659304019\n|switch|p2a: Rotom|Rotom-Wash|64\/100\n|-damage|p2a: Rotom|52\/100|[from] Stealth Rock\n|switch|p1a: Dragapult|Dragapult, F|88\/100\n|-damage|p1a: Dragapult|76\/100|[from] Stealth Rock\n|\n|-heal|p2a: Rotom|58\/100|[from] item: Leftovers\n|upkeep\n|turn|36\n|\n|t:|1659304025\n|switch|p2a: Clefable|Clefable, M|100\/100 tox\n|move|p1a: Dragapult|Shadow Ball|p2a: Clefable\n|-damage|p2a: Clefable|61\/100 tox\n|\n|upkeep\n|turn|37\n|\n|t:|1659304028\n|switch|p1a: Melmetal|Melmetal|92\/100\n|-damage|p1a: Melmetal|86\/100|[from] Stealth Rock\n|move|p2a: Clefable|Soft-Boiled|p2a: Clefable\n|-heal|p2a: Clefable|100\/100 tox\n|\n|-fieldend|move: Psychic Terrain\n|upkeep\n|turn|38\n|\n|t:|1659304033\n|switch|p2a: Rotom|Rotom-Wash|58\/100\n|-damage|p2a: Rotom|46\/100|[from] Stealth Rock\n|switch|p1a: Dragapult|Dragapult, F|76\/100\n|-damage|p1a: Dragapult|64\/100|[from] Stealth Rock\n|\n|-heal|p2a: Rotom|52\/100|[from] item: Leftovers\n|upkeep\n|turn|39\n|\n|t:|1659304037\n|switch|p2a: Clefable|Clefable, M|100\/100 tox\n|move|p1a: Dragapult|Shadow Ball|p2a: Clefable\n|-damage|p2a: Clefable|58\/100 tox\n|-unboost|p2a: Clefable|spd|1\n|\n|upkeep\n|turn|40\n|\n|t:|1659304045\n|move|p1a: Dragapult|Shadow Ball|p2a: Clefable\n|-damage|p2a: Clefable|0 fnt\n|faint|p2a: Clefable\n|\n|upkeep\n|\n|t:|1659304048\n|switch|p2a: Tapu Lele|Tapu Lele|88\/100\n|-damage|p2a: Tapu Lele|76\/100|[from] Stealth Rock\n|-fieldstart|move: Psychic Terrain|[from] ability: Psychic Surge|[of] p2a: Tapu Lele\n|turn|41\n|\n|t:|1659304064\n|switch|p1a: Melmetal|Melmetal|86\/100\n|-damage|p1a: Melmetal|80\/100|[from] Stealth Rock\n|move|p2a: Tapu Lele|Psychic|p1a: Melmetal\n|-resisted|p1a: Melmetal\n|-crit|p1a: Melmetal\n|-damage|p1a: Melmetal|53\/100\n|\n|upkeep\n|turn|42\n|\n|t:|1659304083\n|switch|p2a: Rotom|Rotom-Wash|52\/100\n|-damage|p2a: Rotom|39\/100|[from] Stealth Rock\n|switch|p1a: Dragapult|Dragapult, F|64\/100\n|-damage|p1a: Dragapult|51\/100|[from] Stealth Rock\n|\n|-heal|p2a: Rotom|46\/100|[from] item: Leftovers\n|upkeep\n|turn|43\n|\n|t:|1659304088\n|move|p1a: Dragapult|Shadow Ball|p2a: Rotom\n|-damage|p2a: Rotom|0 fnt\n|faint|p2a: Rotom\n|\n|upkeep\n|\n|t:|1659304091\n|switch|p2a: Tapu Lele|Tapu Lele|76\/100\n|-damage|p2a: Tapu Lele|63\/100|[from] Stealth Rock\n|turn|44\n|\n|t:|1659304093\n|switch|p2a: Garchomp|Garchomp, M|100\/100\n|-damage|p2a: Garchomp|94\/100|[from] Stealth Rock\n|switch|p1a: Mandibuzz|Mandibuzz, F|100\/100\n|\n|-heal|p2a: Garchomp|100\/100|[from] item: Leftovers\n|upkeep\n|turn|45\n|\n|t:|1659304096\n|move|p2a: Garchomp|Swords Dance|p2a: Garchomp\n|-boost|p2a: Garchomp|atk|2\n|move|p1a: Mandibuzz|Foul Play|p2a: Garchomp\n|-damage|p2a: Garchomp|6\/100\n|-damage|p1a: Mandibuzz|88\/100|[from] ability: Rough Skin|[of] p2a: Garchomp\n|\n|-heal|p2a: Garchomp|13\/100|[from] item: Leftovers\n|-fieldend|move: Psychic Terrain\n|upkeep\n|turn|46\n|\n|t:|1659304099\n|move|p2a: Garchomp|Scale Shot|p1a: Mandibuzz\n|-crit|p1a: Mandibuzz\n|-damage|p1a: Mandibuzz|61\/100\n|-damage|p1a: Mandibuzz|44\/100\n|-damage|p1a: Mandibuzz|26\/100\n|-hitcount|p1a: Mandibuzz|3\n|-unboost|p2a: Garchomp|def|1\n|-boost|p2a: Garchomp|spe|1\n|move|p1a: Mandibuzz|Foul Play|p2a: Garchomp\n|-damage|p2a: Garchomp|0 fnt\n|-damage|p1a: Mandibuzz|14\/100|[from] ability: Rough Skin|[of] p2a: Garchomp\n|faint|p2a: Garchomp\n|\n|upkeep\n|-message|Escalando forfeited.\n|\n|win|LT91BB Egerie\n|raw|LT91BB Egerie's rating: 1672 &rarr; <strong>1695<\/strong><br \/>(+23 for winning)\n|raw|Escalando's rating: 1723 &rarr; <strong>1700<\/strong><br \/>(-23 for losing)\n|l|\u2606Escalando\n","uploadtime":1659304115,"views":39,"p1id":"lt91bbegerie","p2id":"escalando","formatid":"gen8ou","rating":1695,"private":0,"password":null}