{"id":"gen8ou-1137232644","p1":"Blue chen","p2":"D00MED Guy","format":"gen8ou","log":"|j|\u2606Blue chen\n|j|\u2606D00MED Guy\n|player|p1|Blue chen|karen|1724\n|player|p2|D00MED Guy|marley|1767\n|teamsize|p1|6\n|teamsize|p2|6\n|gametype|singles\n|gen|8\n|tier|[Gen 8] OU\n|rated|\n|clearpoke\n|poke|p1|Accelgor, M|\n|poke|p1|Magearna|\n|poke|p1|Urshifu-*, M|\n|poke|p1|Dracozolt|\n|poke|p1|Azumarill, M|\n|poke|p1|Volcarona, M|\n|poke|p2|Slowbro, F|\n|poke|p2|Torkoal, M|\n|poke|p2|Marowak-Alola, F|\n|poke|p2|Mandibuzz, F|\n|poke|p2|Venusaur, F|\n|poke|p2|Excadrill, M|\n|rule|Sleep Clause Mod: Limit one foe put to sleep\n|rule|Species Clause: Limit one of each Pok\u00e9mon\n|rule|OHKO Clause: OHKO moves are banned\n|rule|Evasion Moves Clause: Evasion moves are banned\n|rule|Endless Battle Clause: Forcing endless battles is banned\n|rule|HP Percentage Mod: HP is shown in percentages\n|rule|Dynamax Clause: You cannot dynamax\n|teampreview\n|j| un om reunionnais\n|j| SmallBallerAlert\n|\n|start\n|switch|p1a: Azumarill|Azumarill, M|100\/100\n|switch|p2a: Excadrill|Excadrill, M|100\/100\n|-ability|p2a: Excadrill|Mold Breaker\n|turn|1\n|\n|switch|p2a: Torkoal|Torkoal, M|100\/100\n|-weather|SunnyDay|[from] ability: Drought|[of] p2a: Torkoal\n|move|p1a: Azumarill|Knock Off|p2a: Torkoal\n|-damage|p2a: Torkoal|80\/100\n|-enditem|p2a: Torkoal|Eject Button|[from] move: Knock Off|[of] p1a: Azumarill\n|\n|-weather|SunnyDay|[upkeep]\n|upkeep\n|turn|2\n|inactive|Battle timer is ON: inactive players will automatically lose when time's up. (requested by D00MED Guy)\n|\n|move|p1a: Azumarill|Belly Drum|p1a: Azumarill\n|-damage|p1a: Azumarill|51\/100\n|-setboost|p1a: Azumarill|atk|6|[from] move: Belly Drum\n|move|p2a: Torkoal|Stealth Rock|p1a: Azumarill\n|-sidestart|p1: Blue chen|move: Stealth Rock\n|\n|-weather|SunnyDay|[upkeep]\n|upkeep\n|turn|3\n|\n|move|p1a: Azumarill|Aqua Jet|p2a: Torkoal\n|-supereffective|p2a: Torkoal\n|-damage|p2a: Torkoal|27\/100\n|move|p2a: Torkoal|Yawn|p1a: Azumarill\n|-start|p1a: Azumarill|move: Yawn|[of] p2a: Torkoal\n|\n|-weather|SunnyDay|[upkeep]\n|upkeep\n|turn|4\n|\n|switch|p2a: Venusaur|Venusaur, F|100\/100\n|move|p1a: Azumarill|Knock Off|p2a: Venusaur\n|-damage|p2a: Venusaur|0 fnt\n|-enditem|p2a: Venusaur|Life Orb|[from] move: Knock Off|[of] p1a: Azumarill\n|faint|p2a: Venusaur\n|\n|-weather|SunnyDay|[upkeep]\n|-end|p1a: Azumarill|move: Yawn|[silent]\n|-status|p1a: Azumarill|slp\n|upkeep\n|\n|switch|p2a: Marowak|Marowak-Alola, F|100\/100\n|turn|5\n|\n|cant|p1a: Azumarill|slp\n|move|p2a: Marowak|Flare Blitz|p1a: Azumarill\n|-resisted|p1a: Azumarill\n|-damage|p1a: Azumarill|0 fnt\n|faint|p1a: Azumarill\n|\n|-weather|none\n|upkeep\n|j| OilyBootySpex\n|j| Iversucc\n|j| poopoopiker\n|\n|switch|p1a: Urshifu|Urshifu-Rapid-Strike, M|100\/100\n|-damage|p1a: Urshifu|94\/100|[from] Stealth Rock\n|turn|6\n|j| REDEYESplayer\n|\n|switch|p1a: Accelgor|Accelgor, M|100\/100\n|-damage|p1a: Accelgor|76\/100|[from] Stealth Rock\n|switch|p2a: Torkoal|Torkoal, M|27\/100\n|-weather|SunnyDay|[from] ability: Drought|[of] p2a: Torkoal\n|\n|-weather|SunnyDay|[upkeep]\n|upkeep\n|turn|7\n|\n|move|p1a: Accelgor|Toxic Spikes|p2a: Torkoal\n|-sidestart|p2: D00MED Guy|move: Toxic Spikes\n|move|p2a: Torkoal|Rapid Spin|p1a: Accelgor\n|-damage|p1a: Accelgor|61\/100\n|-boost|p2a: Torkoal|spe|1\n|-sideend|p2: D00MED Guy|Toxic Spikes|[from] move: Rapid Spin|[of] p2a: Torkoal\n|\n|-weather|SunnyDay|[upkeep]\n|upkeep\n|turn|8\n|\n|move|p1a: Accelgor|Encore|p2a: Torkoal\n|-start|p2a: Torkoal|Encore\n|move|p2a: Torkoal|Rapid Spin|p1a: Accelgor\n|-damage|p1a: Accelgor|44\/100\n|-boost|p2a: Torkoal|spe|1\n|\n|-weather|SunnyDay|[upkeep]\n|upkeep\n|turn|9\n|\n|switch|p1a: Urshifu|Urshifu-Rapid-Strike, M|94\/100\n|-damage|p1a: Urshifu|88\/100|[from] Stealth Rock\n|switch|p2a: Excadrill|Excadrill, M|100\/100\n|-ability|p2a: Excadrill|Mold Breaker\n|\n|-weather|SunnyDay|[upkeep]\n|-heal|p1a: Urshifu|94\/100|[from] item: Leftovers\n|upkeep\n|turn|10\n|\n|switch|p2a: Slowbro|Slowbro, F|100\/100\n|move|p1a: Urshifu|Surging Strikes|p2a: Slowbro\n|-resisted|p2a: Slowbro\n|-crit|p2a: Slowbro\n|-damage|p2a: Slowbro|98\/100\n|-resisted|p2a: Slowbro\n|-crit|p2a: Slowbro\n|-damage|p2a: Slowbro|95\/100\n|-resisted|p2a: Slowbro\n|-crit|p2a: Slowbro\n|-damage|p2a: Slowbro|92\/100\n|-hitcount|p2a: Slowbro|3\n|\n|-weather|none\n|-heal|p1a: Urshifu|100\/100|[from] item: Leftovers\n|upkeep\n|turn|11\n|j| prince dragoknight\n|\n|move|p1a: Urshifu|Substitute|p1a: Urshifu\n|-start|p1a: Urshifu|Substitute\n|-damage|p1a: Urshifu|76\/100\n|move|p2a: Slowbro|Trick Room|p2a: Slowbro\n|-fieldstart|move: Trick Room|[of] p2a: Slowbro\n|\n|-heal|p1a: Urshifu|82\/100|[from] item: Leftovers\n|upkeep\n|turn|12\n|j| omgatree6\n|l| prince dragoknight\n|j| uhgfuejfehj\n|\n|move|p2a: Slowbro|Scald|p1a: Urshifu\n|-resisted|p1a: Urshifu\n|-crit|p1a: Urshifu\n|-end|p1a: Urshifu|Substitute\n|move|p1a: Urshifu|Substitute|p1a: Urshifu\n|-start|p1a: Urshifu|Substitute\n|-damage|p1a: Urshifu|57\/100\n|\n|-heal|p1a: Urshifu|63\/100|[from] item: Leftovers\n|upkeep\n|turn|13\n|\n|move|p2a: Slowbro|Scald|p1a: Urshifu\n|-resisted|p1a: Urshifu\n|-activate|p1a: Urshifu|move: Substitute|[damage]\n|move|p1a: Urshifu|Bulk Up|p1a: Urshifu\n|-boost|p1a: Urshifu|atk|1\n|-boost|p1a: Urshifu|def|1\n|\n|-heal|p1a: Urshifu|69\/100|[from] item: Leftovers\n|upkeep\n|turn|14\n|\n|move|p2a: Slowbro|Scald|p1a: Urshifu\n|-resisted|p1a: Urshifu\n|-end|p1a: Urshifu|Substitute\n|move|p1a: Urshifu|Substitute|p1a: Urshifu\n|-start|p1a: Urshifu|Substitute\n|-damage|p1a: Urshifu|44\/100\n|\n|-heal|p1a: Urshifu|50\/100|[from] item: Leftovers\n|upkeep\n|turn|15\n|\n|switch|p2a: Torkoal|Torkoal, M|27\/100\n|-weather|SunnyDay|[from] ability: Drought|[of] p2a: Torkoal\n|move|p1a: Urshifu|Bulk Up|p1a: Urshifu\n|-boost|p1a: Urshifu|atk|1\n|-boost|p1a: Urshifu|def|1\n|\n|-weather|SunnyDay|[upkeep]\n|-heal|p1a: Urshifu|57\/100|[from] item: Leftovers\n|-fieldend|move: Trick Room\n|upkeep\n|turn|16\n|j| Wahax\n|\n|switch|p2a: Slowbro|Slowbro, F|100\/100\n|move|p1a: Urshifu|Surging Strikes|p2a: Slowbro\n|-resisted|p2a: Slowbro\n|-crit|p2a: Slowbro\n|-damage|p2a: Slowbro|95\/100\n|-resisted|p2a: Slowbro\n|-crit|p2a: Slowbro\n|-damage|p2a: Slowbro|89\/100\n|-resisted|p2a: Slowbro\n|-crit|p2a: Slowbro\n|-damage|p2a: Slowbro|83\/100\n|-hitcount|p2a: Slowbro|3\n|\n|-weather|SunnyDay|[upkeep]\n|-heal|p1a: Urshifu|63\/100|[from] item: Leftovers\n|upkeep\n|turn|17\n|j| Stryfe\n|\n|move|p1a: Urshifu|Bulk Up|p1a: Urshifu\n|-boost|p1a: Urshifu|atk|1\n|-boost|p1a: Urshifu|def|1\n|move|p2a: Slowbro|Trick Room|p2a: Slowbro\n|-fieldstart|move: Trick Room|[of] p2a: Slowbro\n|\n|-weather|SunnyDay|[upkeep]\n|-heal|p1a: Urshifu|69\/100|[from] item: Leftovers\n|upkeep\n|turn|18\n|\n|move|p2a: Slowbro|Scald|p1a: Urshifu\n|-resisted|p1a: Urshifu\n|-activate|p1a: Urshifu|move: Substitute|[damage]\n|move|p1a: Urshifu|Bulk Up|p1a: Urshifu\n|-boost|p1a: Urshifu|atk|1\n|-boost|p1a: Urshifu|def|1\n|\n|-weather|SunnyDay|[upkeep]\n|-heal|p1a: Urshifu|75\/100|[from] item: Leftovers\n|upkeep\n|turn|19\n|j| Arnaud senju vgc\n|j| bad battie\n|\n|move|p2a: Slowbro|Scald|p1a: Urshifu\n|-resisted|p1a: Urshifu\n|-activate|p1a: Urshifu|move: Substitute|[damage]\n|move|p1a: Urshifu|Substitute|p1a: Urshifu\n|-fail|p1a: Urshifu|move: Substitute\n|\n|-weather|none\n|-heal|p1a: Urshifu|81\/100|[from] item: Leftovers\n|upkeep\n|turn|20\n|j| Peter97\n|\n|move|p2a: Slowbro|Slack Off|p2a: Slowbro\n|-heal|p2a: Slowbro|100\/100\n|move|p1a: Urshifu|Substitute|p1a: Urshifu\n|-fail|p1a: Urshifu|move: Substitute\n|\n|-heal|p1a: Urshifu|87\/100|[from] item: Leftovers\n|upkeep\n|turn|21\n|\n|move|p2a: Slowbro|Scald|p1a: Urshifu\n|-resisted|p1a: Urshifu\n|-end|p1a: Urshifu|Substitute\n|move|p1a: Urshifu|Bulk Up|p1a: Urshifu\n|-boost|p1a: Urshifu|atk|1\n|-boost|p1a: Urshifu|def|1\n|\n|-heal|p1a: Urshifu|93\/100|[from] item: Leftovers\n|-fieldend|move: Trick Room\n|upkeep\n|turn|22\n|\n|move|p1a: Urshifu|Substitute|p1a: Urshifu\n|-start|p1a: Urshifu|Substitute\n|-damage|p1a: Urshifu|69\/100\n|move|p2a: Slowbro|Teleport|p2a: Slowbro\n|l| Arnaud senju vgc\n|\n|switch|p2a: Torkoal|Torkoal, M|27\/100|[from]move: Teleport\n|-weather|SunnyDay|[from] ability: Drought|[of] p2a: Torkoal\n|\n|-weather|SunnyDay|[upkeep]\n|-heal|p1a: Urshifu|75\/100|[from] item: Leftovers\n|upkeep\n|turn|23\n|\n|switch|p2a: Slowbro|Slowbro, F|100\/100\n|move|p1a: Urshifu|Bulk Up|p1a: Urshifu\n|-boost|p1a: Urshifu|atk|1\n|-boost|p1a: Urshifu|def|1\n|\n|-weather|SunnyDay|[upkeep]\n|-heal|p1a: Urshifu|81\/100|[from] item: Leftovers\n|upkeep\n|turn|24\n|c| REDEYESplayer|u are psychic man\n|\n|move|p1a: Urshifu|Close Combat|p2a: Slowbro\n|-resisted|p2a: Slowbro\n|-damage|p2a: Slowbro|33\/100\n|-unboost|p1a: Urshifu|def|1\n|-unboost|p1a: Urshifu|spd|1\n|move|p2a: Slowbro|Teleport|p2a: Slowbro\n|c| REDEYESplayer|Slowbro  got this\n|\n|switch|p2a: Torkoal|Torkoal, M|27\/100|[from]move: Teleport\n|\n|-weather|SunnyDay|[upkeep]\n|-heal|p1a: Urshifu|87\/100|[from] item: Leftovers\n|upkeep\n|turn|25\n|c| REDEYESplayer|it may be too late\n|\n|switch|p2a: Slowbro|Slowbro, F|66\/100\n|move|p1a: Urshifu|Close Combat|p2a: Slowbro\n|-resisted|p2a: Slowbro\n|-damage|p2a: Slowbro|0 fnt\n|-unboost|p1a: Urshifu|def|1\n|-unboost|p1a: Urshifu|spd|1\n|faint|p2a: Slowbro\n|\n|-weather|SunnyDay|[upkeep]\n|-heal|p1a: Urshifu|93\/100|[from] item: Leftovers\n|upkeep\n|-message|D00MED Guy forfeited.\n|\n|win|Blue chen\n|l|\u2606D00MED Guy\n|c|\u2606Blue chen|lol\n|raw|Blue chen's rating: 1724 &rarr; <strong>1747<\/strong><br \/>(+23 for winning)\n|raw|D00MED Guy's rating: 1767 &rarr; <strong>1745<\/strong><br \/>(-22 for losing)\n|l| REDEYESplayer\n|l| uhgfuejfehj\n|c| Iversucc|yikes\n|l| poopoopiker\n|l| omgatree6\n|l| OilyBootySpex\n","uploadtime":1592815308,"views":20,"p1id":"bluechen","p2id":"d00medguy","formatid":"gen8ou","rating":1745,"private":0,"password":null}