{"id":"gen8ou-1255453182","p1":"IM AT MY LIMIT","p2":"BillyTheFlash","format":"gen8ou","log":"|html|<div class=\"broadcast-blue\"><strong>[Gen 8] OU is currently suspecting Urshifu-S! For information on how to participate check out the <a href=\"https:\/\/www.smogon.com\/forums\/threads\/np-ss-ou-suspect-process-round-8-aint-no-rest-for-the-wicked.3675310\/\">suspect thread<\/a>.<\/strong><\/div>\n|j|\u2606IM AT MY LIMIT\n|j|\u2606BillyTheFlash\n|t:|1609727910\n|player|p1|IM AT MY LIMIT|lucas|\n|player|p2|BillyTheFlash|hiker-gen4|\n|teamsize|p1|6\n|teamsize|p2|6\n|gametype|singles\n|gen|8\n|tier|[Gen 8] OU\n|clearpoke\n|poke|p1|Slowking-Galar, M|\n|poke|p1|Slowbro, F|\n|poke|p1|Hydreigon, M|\n|poke|p1|Urshifu-*, F|\n|poke|p1|Tangrowth, F|\n|poke|p1|Blissey, F|\n|poke|p2|Slowking-Galar, F|\n|poke|p2|Quagsire, M|\n|poke|p2|Hydreigon, M|\n|poke|p2|Urshifu-*, F|\n|poke|p2|Tangrowth, F|\n|poke|p2|Blissey, F|\n|rule|Sleep Clause Mod: Limit one foe put to sleep\n|rule|Species Clause: Limit one of each Pok\u00e9mon\n|rule|OHKO Clause: OHKO moves are banned\n|rule|Evasion Moves Clause: Evasion moves are banned\n|rule|Endless Battle Clause: Forcing endless battles is banned\n|rule|HP Percentage Mod: HP is shown in percentages\n|rule|Dynamax Clause: You cannot dynamax\n|teampreview\n|inactive|Battle timer is ON: inactive players will automatically lose when time's up. (requested by IM AT MY LIMIT)\n|inactive|IM AT MY LIMIT has 270 seconds left.\n|\n|t:|1609727942\n|start\n|switch|p1a: Fuck this mon|Slowbro, F, shiny|100\/100\n|switch|p2a: 11 days|Urshifu, F|100\/100\n|turn|1\n|\n|t:|1609727951\n|switch|p1a: Skooler|Tangrowth, F, shiny|100\/100\n|move|p2a: 11 days|Wicked Blow|p1a: Skooler\n|-crit|p1a: Skooler\n|-damage|p1a: Skooler|55\/100\n|-damage|p2a: 11 days|84\/100|[from] item: Rocky Helmet|[of] p1a: Skooler\n|\n|upkeep\n|turn|2\n|\n|t:|1609727973\n|switch|p2a: B|Slowking-Galar, F, shiny|100\/100\n|move|p1a: Skooler|Knock Off|p2a: B\n|-supereffective|p2a: B\n|-damage|p2a: B|50\/100\n|-enditem|p2a: B|Assault Vest|[from] move: Knock Off|[of] p1a: Skooler\n|\n|upkeep\n|turn|3\n|\n|t:|1609727983\n|switch|p2a: Skooler|Tangrowth, F, shiny|100\/100\n|move|p1a: Skooler|Sleep Powder|p2a: Skooler\n|-immune|p2a: Skooler\n|\n|upkeep\n|turn|4\n|\n|t:|1609727992\n|switch|p1a: B|Slowking-Galar, M, shiny|100\/100\n|move|p2a: Skooler|Knock Off|p1a: B\n|-supereffective|p1a: B\n|-damage|p1a: B|51\/100\n|-enditem|p1a: B|Assault Vest|[from] move: Knock Off|[of] p2a: Skooler\n|\n|upkeep\n|turn|5\n|\n|t:|1609728003\n|move|p2a: Skooler|Knock Off|p1a: B\n|-supereffective|p1a: B\n|-damage|p1a: B|21\/100\n|move|p1a: B|Future Sight|p2a: Skooler\n|-start|p1a: B|move: Future Sight\n|\n|upkeep\n|turn|6\n|\n|t:|1609728007\n|switch|p1a: Skooler|Tangrowth, F, shiny|88\/100\n|move|p2a: Skooler|Knock Off|p1a: Skooler\n|-damage|p1a: Skooler|77\/100\n|-damage|p2a: Skooler|84\/100|[from] item: Rocky Helmet|[of] p1a: Skooler\n|-enditem|p1a: Skooler|Rocky Helmet|[from] move: Knock Off|[of] p2a: Skooler\n|\n|upkeep\n|turn|7\n|\n|t:|1609728018\n|switch|p2a: Walter white|Quagsire, M, shiny|100\/100\n|move|p1a: Skooler|Focus Blast|p2a: Walter white\n|-damage|p2a: Walter white|64\/100\n|\n|-end|p2a: Walter white|move: Future Sight\n|-damage|p2a: Walter white|0 fnt\n|faint|p2a: Walter white\n|upkeep\n|\n|t:|1609728028\n|switch|p2a: 11 days|Urshifu, F|84\/100\n|turn|8\n|\n|t:|1609728031\n|move|p2a: 11 days|Wicked Blow|p1a: Skooler\n|-crit|p1a: Skooler\n|-damage|p1a: Skooler|24\/100\n|move|p1a: Skooler|Giga Drain|p2a: 11 days\n|-damage|p2a: 11 days|39\/100\n|-heal|p1a: Skooler|43\/100|[from] drain|[of] p2a: 11 days\n|\n|upkeep\n|turn|9\n|\n|t:|1609728033\n|switch|p1a: Hisenberg|Hydreigon, M|100\/100\n|move|p2a: 11 days|Wicked Blow|p1a: Hisenberg\n|-resisted|p1a: Hisenberg\n|-crit|p1a: Hisenberg\n|-damage|p1a: Hisenberg|54\/100\n|\n|-heal|p1a: Hisenberg|60\/100|[from] item: Leftovers\n|upkeep\n|turn|10\n|\n|t:|1609728048\n|switch|p2a: Hisenberg|Hydreigon, M|100\/100\n|move|p1a: Hisenberg|Roost|p1a: Hisenberg\n|-heal|p1a: Hisenberg|100\/100\n|-singleturn|p1a: Hisenberg|move: Roost\n|\n|upkeep\n|turn|11\n|\n|t:|1609728059\n|switch|p1a: FUCKK|Blissey, F|100\/100\n|move|p2a: Hisenberg|Dark Pulse|p1a: FUCKK\n|-damage|p1a: FUCKK|87\/100\n|\n|upkeep\n|turn|12\n|\n|t:|1609728071\n|switch|p2a: 11 days|Urshifu, F|39\/100\n|move|p1a: FUCKK|Teleport|p1a: FUCKK\n|\n|t:|1609728075\n|switch|p1a: 11 days|Urshifu, F|100\/100|[from]move: Teleport\n|\n|upkeep\n|turn|13\n|\n|t:|1609728085\n|switch|p1a: Skooler|Tangrowth, F, shiny|76\/100\n|move|p2a: 11 days|Close Combat|p1a: Skooler\n|-damage|p1a: Skooler|23\/100\n|-unboost|p2a: 11 days|def|1\n|-unboost|p2a: 11 days|spd|1\n|\n|upkeep\n|turn|14\n|\n|t:|1609728097\n|switch|p1a: Fuck this mon|Slowbro, F, shiny|100\/100\n|move|p2a: 11 days|Close Combat|p1a: Fuck this mon\n|-resisted|p1a: Fuck this mon\n|-damage|p1a: Fuck this mon|74\/100\n|-unboost|p2a: 11 days|def|1\n|-unboost|p2a: 11 days|spd|1\n|-damage|p2a: 11 days|23\/100|[from] item: Rocky Helmet|[of] p1a: Fuck this mon\n|\n|upkeep\n|turn|15\n|\n|t:|1609728107\n|switch|p2a: B|Slowking-Galar, F, shiny|83\/100\n|move|p1a: Fuck this mon|Teleport|p1a: Fuck this mon\n|\n|t:|1609728120\n|switch|p1a: 11 days|Urshifu, F|100\/100|[from]move: Teleport\n|\n|upkeep\n|turn|16\n|\n|t:|1609728134\n|move|p1a: 11 days|Bulk Up|p1a: 11 days\n|-boost|p1a: 11 days|atk|1\n|-boost|p1a: 11 days|def|1\n|move|p2a: B|Future Sight|p1a: 11 days\n|-start|p2a: B|move: Future Sight\n|\n|upkeep\n|turn|17\n|\n|t:|1609728146\n|move|p1a: 11 days|Wicked Blow|p2a: B\n|-supereffective|p2a: B\n|-crit|p2a: B\n|-damage|p2a: B|0 fnt\n|-damage|p1a: 11 days|91\/100|[from] item: Life Orb\n|faint|p2a: B\n|\n|upkeep\n|\n|t:|1609728150\n|switch|p2a: 11 days|Urshifu, F|23\/100\n|turn|18\n|\n|t:|1609728153\n|move|p1a: 11 days|Sucker Punch|p2a: 11 days\n|-resisted|p2a: 11 days\n|-damage|p2a: 11 days|4\/100\n|-damage|p1a: 11 days|81\/100|[from] item: Life Orb\n|move|p2a: 11 days|Close Combat|p1a: 11 days\n|-supereffective|p1a: 11 days\n|-damage|p1a: 11 days|0 fnt\n|-unboost|p2a: 11 days|def|1\n|-unboost|p2a: 11 days|spd|1\n|faint|p1a: 11 days\n|\n|-hint|Future Sight did not hit because the target is fainted.\n|upkeep\n|\n|t:|1609728163\n|switch|p1a: Fuck this mon|Slowbro, F, shiny|100\/100\n|turn|19\n|\n|t:|1609728169\n|switch|p2a: Hisenberg|Hydreigon, M|100\/100\n|move|p1a: Fuck this mon|Teleport|p1a: Fuck this mon\n|\n|t:|1609728172\n|switch|p1a: FUCKK|Blissey, F|87\/100|[from]move: Teleport\n|\n|upkeep\n|turn|20\n|\n|t:|1609728176\n|move|p2a: Hisenberg|Earth Power|p1a: FUCKK\n|-damage|p1a: FUCKK|78\/100\n|move|p1a: FUCKK|Teleport|p1a: FUCKK\n|\n|t:|1609728179\n|switch|p1a: Skooler|Tangrowth, F, shiny|56\/100|[from]move: Teleport\n|\n|upkeep\n|turn|21\n|\n|t:|1609728191\n|switch|p2a: FUCKK|Blissey, F|100\/100\n|switch|p1a: FUCKK|Blissey, F|78\/100\n|\n|upkeep\n|turn|22\n|\n|t:|1609728195\n|move|p2a: FUCKK|Toxic|p1a: FUCKK\n|-status|p1a: FUCKK|tox\n|move|p1a: FUCKK|Teleport|p1a: FUCKK\n|\n|t:|1609728198\n|switch|p1a: B|Slowking-Galar, M, shiny|55\/100|[from]move: Teleport\n|\n|upkeep\n|turn|23\n|\n|t:|1609728202\n|switch|p1a: FUCKK|Blissey, F|78\/100\n|move|p2a: FUCKK|Toxic|p1a: FUCKK\n|-status|p1a: FUCKK|tox\n|\n|-damage|p1a: FUCKK|72\/100 tox|[from] psn\n|upkeep\n|turn|24\n|\n|t:|1609728206\n|move|p2a: FUCKK|Toxic|p1a: FUCKK\n|-fail|p1a: FUCKK|tox\n|move|p1a: FUCKK|Teleport|p1a: FUCKK\n|\n|t:|1609728208\n|-curestatus|p1a: FUCKK|tox|[from] ability: Natural Cure\n|switch|p1a: Fuck this mon|Slowbro, F, shiny|100\/100|[from]move: Teleport\n|\n|upkeep\n|turn|25\n|\n|t:|1609728213\n|switch|p1a: FUCKK|Blissey, F|72\/100\n|move|p2a: FUCKK|Seismic Toss|p1a: FUCKK\n|-damage|p1a: FUCKK|58\/100\n|\n|upkeep\n|turn|26\n|\n|t:|1609728219\n|move|p2a: FUCKK|Toxic|p1a: FUCKK\n|-status|p1a: FUCKK|tox\n|move|p1a: FUCKK|Soft-Boiled|p1a: FUCKK\n|-heal|p1a: FUCKK|100\/100 tox\n|\n|-damage|p1a: FUCKK|94\/100 tox|[from] psn\n|upkeep\n|turn|27\n|\n|t:|1609728234\n|switch|p2a: Skooler|Tangrowth, F, shiny|100\/100\n|move|p1a: FUCKK|Teleport|p1a: FUCKK\n|\n|t:|1609728237\n|-curestatus|p1a: FUCKK|tox|[from] ability: Natural Cure\n|switch|p1a: B|Slowking-Galar, M, shiny|88\/100|[from]move: Teleport\n|\n|upkeep\n|turn|28\n|\n|t:|1609728246\n|switch|p1a: Skooler|Tangrowth, F, shiny|89\/100\n|move|p2a: Skooler|Knock Off|p1a: Skooler\n|-crit|p1a: Skooler\n|-damage|p1a: Skooler|76\/100\n|\n|upkeep\n|turn|29\n|\n|t:|1609728252\n|move|p1a: Skooler|Knock Off|p2a: Skooler\n|-damage|p2a: Skooler|89\/100\n|-damage|p1a: Skooler|60\/100|[from] item: Rocky Helmet|[of] p2a: Skooler\n|-enditem|p2a: Skooler|Rocky Helmet|[from] move: Knock Off|[of] p1a: Skooler\n|move|p2a: Skooler|Focus Blast|p1a: Skooler\n|-damage|p1a: Skooler|18\/100\n|\n|upkeep\n|turn|30\n|\n|t:|1609728262\n|switch|p1a: B|Slowking-Galar, M, shiny|100\/100\n|move|p2a: Skooler|Knock Off|p1a: B\n|-supereffective|p1a: B\n|-damage|p1a: B|71\/100\n|\n|upkeep\n|turn|31\n|\n|t:|1609728268\n|move|p2a: Skooler|Sleep Powder|p1a: B\n|-status|p1a: B|slp|[from] move: Sleep Powder\n|cant|p1a: B|slp\n|\n|upkeep\n|turn|32\n|\n|t:|1609728278\n|switch|p1a: Skooler|Tangrowth, F, shiny|51\/100\n|move|p2a: Skooler|Knock Off|p1a: Skooler\n|-damage|p1a: Skooler|43\/100\n|\n|upkeep\n|turn|33\n|\n|t:|1609728283\n|switch|p1a: FUCKK|Blissey, F|94\/100\n|move|p2a: Skooler|Focus Blast|p1a: FUCKK\n|-supereffective|p1a: FUCKK\n|-damage|p1a: FUCKK|74\/100\n|\n|upkeep\n|turn|34\n|\n|t:|1609728291\n|move|p1a: FUCKK|Soft-Boiled|p1a: FUCKK\n|-heal|p1a: FUCKK|100\/100\n|move|p2a: Skooler|Focus Blast|p1a: FUCKK\n|-supereffective|p1a: FUCKK\n|-damage|p1a: FUCKK|80\/100\n|\n|upkeep\n|turn|35\n|\n|t:|1609728308\n|move|p2a: Skooler|Knock Off|p1a: FUCKK\n|-damage|p1a: FUCKK|59\/100\n|-enditem|p1a: FUCKK|Heavy-Duty Boots|[from] move: Knock Off|[of] p2a: Skooler\n|move|p1a: FUCKK|Teleport|p1a: FUCKK\n|\n|t:|1609728312\n|switch|p1a: Fuck this mon|Slowbro, F, shiny|100\/100|[from]move: Teleport\n|\n|upkeep\n|turn|36\n|\n|t:|1609728316\n|switch|p1a: Skooler|Tangrowth, F, shiny|76\/100\n|move|p2a: Skooler|Knock Off|p1a: Skooler\n|-damage|p1a: Skooler|68\/100\n|\n|upkeep\n|turn|37\n|\n|t:|1609728320\n|switch|p1a: Fuck this mon|Slowbro, F, shiny|100\/100\n|move|p2a: Skooler|Knock Off|p1a: Fuck this mon\n|-supereffective|p1a: Fuck this mon\n|-damage|p1a: Fuck this mon|73\/100\n|-damage|p2a: Skooler|73\/100|[from] item: Rocky Helmet|[of] p1a: Fuck this mon\n|-enditem|p1a: Fuck this mon|Rocky Helmet|[from] move: Knock Off|[of] p2a: Skooler\n|\n|upkeep\n|turn|38\n|\n|t:|1609728326\n|switch|p1a: Skooler|Tangrowth, F, shiny|100\/100\n|move|p2a: Skooler|Sleep Powder|p1a: Skooler\n|-immune|p1a: Skooler\n|\n|upkeep\n|turn|39\n|\n|t:|1609728331\n|switch|p1a: Fuck this mon|Slowbro, F, shiny|100\/100\n|move|p2a: Skooler|Knock Off|p1a: Fuck this mon\n|-supereffective|p1a: Fuck this mon\n|-damage|p1a: Fuck this mon|82\/100\n|\n|upkeep\n|turn|40\n|\n|t:|1609728333\n|switch|p1a: Skooler|Tangrowth, F, shiny|100\/100\n|move|p2a: Skooler|Knock Off|p1a: Skooler\n|-damage|p1a: Skooler|92\/100\n|\n|upkeep\n|turn|41\n|\n|t:|1609728341\n|switch|p1a: Hisenberg|Hydreigon, M|100\/100\n|move|p2a: Skooler|Sleep Powder|p1a: Hisenberg|[miss]\n|-miss|p2a: Skooler|p1a: Hisenberg\n|\n|upkeep\n|turn|42\n|\n|t:|1609728353\n|switch|p1a: B|Slowking-Galar, M, shiny|100\/100 slp\n|move|p2a: Skooler|Focus Blast|p1a: B\n|-resisted|p1a: B\n|-damage|p1a: B|96\/100 slp\n|-unboost|p1a: B|spd|1\n|\n|upkeep\n|turn|43\n|\n|t:|1609728362\n|switch|p1a: Skooler|Tangrowth, F, shiny|100\/100\n|move|p2a: Skooler|Knock Off|p1a: Skooler\n|-damage|p1a: Skooler|92\/100\n|\n|upkeep\n|turn|44\n|\n|t:|1609728369\n|switch|p1a: FUCKK|Blissey, F|59\/100\n|switch|p2a: Hisenberg|Hydreigon, M|100\/100\n|\n|upkeep\n|turn|45\n|\n|t:|1609728373\n|switch|p2a: Skooler|Tangrowth, F, shiny|100\/100\n|move|p1a: FUCKK|Soft-Boiled|p1a: FUCKK\n|-heal|p1a: FUCKK|100\/100\n|\n|upkeep\n|turn|46\n|\n|t:|1609728376\n|switch|p2a: Hisenberg|Hydreigon, M|100\/100\n|move|p1a: FUCKK|Toxic|p2a: Hisenberg\n|-status|p2a: Hisenberg|tox\n|\n|-damage|p2a: Hisenberg|94\/100 tox|[from] psn\n|upkeep\n|turn|47\n|\n|t:|1609728383\n|switch|p2a: FUCKK|Blissey, F|100\/100\n|move|p1a: FUCKK|Toxic|p2a: FUCKK\n|-status|p2a: FUCKK|tox\n|\n|-damage|p2a: FUCKK|94\/100 tox|[from] psn\n|upkeep\n|turn|48\n|\n|t:|1609728386\n|move|p1a: FUCKK|Teleport|p1a: FUCKK\n|\n|t:|1609728390\n|switch|p1a: Fuck this mon|Slowbro, F, shiny|100\/100|[from]move: Teleport\n|move|p2a: FUCKK|Teleport|p2a: FUCKK\n|\n|t:|1609728407\n|switch|p2a: 11 days|Urshifu, F|4\/100|[from]move: Teleport\n|\n|upkeep\n|turn|49\n|\n|t:|1609728411\n|switch|p1a: Skooler|Tangrowth, F, shiny|100\/100\n|move|p2a: 11 days|Wicked Blow|p1a: Skooler\n|-crit|p1a: Skooler\n|-damage|p1a: Skooler|49\/100\n|\n|upkeep\n|turn|50\n|\n|t:|1609728419\n|switch|p2a: Skooler|Tangrowth, F, shiny|100\/100\n|switch|p1a: Fuck this mon|Slowbro, F, shiny|100\/100\n|\n|upkeep\n|turn|51\n|\n|t:|1609728429\n|switch|p1a: Skooler|Tangrowth, F, shiny|82\/100\n|move|p2a: Skooler|Sleep Powder|p1a: Skooler\n|-immune|p1a: Skooler\n|\n|upkeep\n|turn|52\n|\n|t:|1609728436\n|switch|p1a: Hisenberg|Hydreigon, M|100\/100\n|switch|p2a: FUCKK|Blissey, F|94\/100\n|\n|upkeep\n|turn|53\n|\n|t:|1609728440\n|switch|p1a: B|Slowking-Galar, M, shiny|100\/100 slp\n|move|p2a: FUCKK|Seismic Toss|p1a: B\n|-damage|p1a: B|75\/100 slp\n|\n|upkeep\n|turn|54\n|\n|t:|1609728448\n|switch|p1a: FUCKK|Blissey, F|100\/100\n|move|p2a: FUCKK|Teleport|p2a: FUCKK\n|\n|t:|1609728453\n|switch|p2a: Hisenberg|Hydreigon, M|94\/100 tox|[from]move: Teleport\n|\n|-heal|p2a: Hisenberg|100\/100 tox|[from] item: Leftovers\n|-damage|p2a: Hisenberg|94\/100 tox|[from] psn\n|upkeep\n|turn|55\n|\n|t:|1609728456\n|switch|p2a: Skooler|Tangrowth, F, shiny|100\/100\n|move|p1a: FUCKK|Teleport|p1a: FUCKK\n|\n|t:|1609728460\n|switch|p1a: B|Slowking-Galar, M, shiny|100\/100 slp|[from]move: Teleport\n|\n|upkeep\n|turn|56\n|\n|t:|1609728463\n|move|p2a: Skooler|Focus Blast|p1a: B\n|-resisted|p1a: B\n|-damage|p1a: B|96\/100 slp\n|cant|p1a: B|slp\n|\n|upkeep\n|turn|57\n|\n|t:|1609728468\n|move|p2a: Skooler|Focus Blast|p1a: B|[miss]\n|-miss|p2a: Skooler|p1a: B\n|cant|p1a: B|slp\n|\n|upkeep\n|turn|58\n|\n|t:|1609728472\n|move|p2a: Skooler|Knock Off|p1a: B\n|-supereffective|p1a: B\n|-damage|p1a: B|65\/100 slp\n|-curestatus|p1a: B|slp|[msg]\n|move|p1a: B|Sludge Bomb|p2a: Skooler\n|-supereffective|p2a: Skooler\n|-damage|p2a: Skooler|0 fnt\n|faint|p2a: Skooler\n|\n|upkeep\n|\n|t:|1609728477\n|switch|p2a: 11 days|Urshifu, F|4\/100\n|turn|59\n|\n|t:|1609728481\n|switch|p1a: Fuck this mon|Slowbro, F, shiny|100\/100\n|move|p2a: 11 days|Wicked Blow|p1a: Fuck this mon\n|-supereffective|p1a: Fuck this mon\n|-crit|p1a: Fuck this mon\n|-damage|p1a: Fuck this mon|0 fnt\n|faint|p1a: Fuck this mon\n|\n|upkeep\n|\n|t:|1609728486\n|switch|p1a: Skooler|Tangrowth, F, shiny|100\/100\n|turn|60\n|\n|t:|1609728491\n|switch|p2a: FUCKK|Blissey, F|94\/100\n|move|p1a: Skooler|Giga Drain|p2a: FUCKK\n|-damage|p2a: FUCKK|84\/100\n|\n|upkeep\n|turn|61\n|\n|t:|1609728514\n|switch|p1a: FUCKK|Blissey, F|100\/100\n|move|p2a: FUCKK|Toxic|p1a: FUCKK\n|-status|p1a: FUCKK|tox\n|\n|-damage|p1a: FUCKK|94\/100 tox|[from] psn\n|upkeep\n|turn|62\n|\n|t:|1609728516\n|move|p2a: FUCKK|Soft-Boiled|p2a: FUCKK\n|-heal|p2a: FUCKK|100\/100\n|move|p1a: FUCKK|Teleport|p1a: FUCKK\n|\n|t:|1609728525\n|-curestatus|p1a: FUCKK|tox|[from] ability: Natural Cure\n|switch|p1a: Hisenberg|Hydreigon, M|100\/100|[from]move: Teleport\n|\n|upkeep\n|turn|63\n|\n|t:|1609728533\n|switch|p1a: B|Slowking-Galar, M, shiny|98\/100\n|move|p2a: FUCKK|Toxic|p1a: B|[miss]\n|-miss|p2a: FUCKK|p1a: B\n|\n|upkeep\n|turn|64\n|\n|t:|1609728542\n|switch|p1a: FUCKK|Blissey, F|94\/100\n|move|p2a: FUCKK|Seismic Toss|p1a: FUCKK\n|-damage|p1a: FUCKK|80\/100\n|\n|upkeep\n|turn|65\n|\n|t:|1609728548\n|switch|p1a: B|Slowking-Galar, M, shiny|100\/100\n|move|p2a: FUCKK|Seismic Toss|p1a: B\n|-damage|p1a: B|75\/100\n|\n|upkeep\n|turn|66\n|\n|t:|1609728553\n|switch|p1a: FUCKK|Blissey, F|80\/100\n|move|p2a: FUCKK|Toxic|p1a: FUCKK\n|-status|p1a: FUCKK|tox\n|\n|-damage|p1a: FUCKK|74\/100 tox|[from] psn\n|upkeep\n|turn|67\n|\n|t:|1609728557\n|-curestatus|p1a: FUCKK|tox|[from] ability: Natural Cure\n|switch|p1a: B|Slowking-Galar, M, shiny|100\/100\n|move|p2a: FUCKK|Seismic Toss|p1a: B\n|-damage|p1a: B|75\/100\n|\n|upkeep\n|turn|68\n|\n|t:|1609728559\n|switch|p1a: FUCKK|Blissey, F|74\/100\n|move|p2a: FUCKK|Seismic Toss|p1a: FUCKK\n|-damage|p1a: FUCKK|60\/100\n|\n|upkeep\n|turn|69\n|\n|t:|1609728561\n|switch|p1a: B|Slowking-Galar, M, shiny|100\/100\n|move|p2a: FUCKK|Teleport|p2a: FUCKK\n|\n|t:|1609728564\n|switch|p2a: 11 days|Urshifu, F|4\/100|[from]move: Teleport\n|\n|upkeep\n|turn|70\n|\n|t:|1609728567\n|switch|p1a: Skooler|Tangrowth, F, shiny|100\/100\n|move|p2a: 11 days|Wicked Blow|p1a: Skooler\n|-crit|p1a: Skooler\n|-damage|p1a: Skooler|51\/100\n|\n|upkeep\n|turn|71\n|\n|t:|1609728574\n|switch|p2a: FUCKK|Blissey, F|100\/100\n|switch|p1a: Hisenberg|Hydreigon, M|100\/100\n|\n|upkeep\n|turn|72\n|\n|t:|1609728578\n|switch|p1a: FUCKK|Blissey, F|60\/100\n|move|p2a: FUCKK|Seismic Toss|p1a: FUCKK\n|-damage|p1a: FUCKK|46\/100\n|\n|upkeep\n|turn|73\n|\n|t:|1609728585\n|move|p1a: FUCKK|Soft-Boiled|p1a: FUCKK\n|-heal|p1a: FUCKK|96\/100\n|move|p2a: FUCKK|Teleport|p2a: FUCKK\n|\n|t:|1609728589\n|switch|p2a: Hisenberg|Hydreigon, M|94\/100 tox|[from]move: Teleport\n|\n|-heal|p2a: Hisenberg|100\/100 tox|[from] item: Leftovers\n|-damage|p2a: Hisenberg|94\/100 tox|[from] psn\n|upkeep\n|turn|74\n|\n|t:|1609728601\n|switch|p2a: 11 days|Urshifu, F|4\/100\n|move|p1a: FUCKK|Teleport|p1a: FUCKK\n|\n|t:|1609728603\n|switch|p1a: Skooler|Tangrowth, F, shiny|84\/100|[from]move: Teleport\n|\n|upkeep\n|turn|75\n|\n|t:|1609728612\n|move|p2a: 11 days|U-turn|p1a: Skooler\n|-supereffective|p1a: Skooler\n|-damage|p1a: Skooler|49\/100\n|\n|t:|1609728615\n|switch|p2a: FUCKK|Blissey, F|100\/100|[from]move: U-turn\n|move|p1a: Skooler|Giga Drain|p2a: FUCKK\n|-damage|p2a: FUCKK|90\/100\n|-heal|p1a: Skooler|58\/100|[from] drain|[of] p2a: FUCKK\n|\n|upkeep\n|turn|76\n|\n|t:|1609728623\n|switch|p1a: FUCKK|Blissey, F|96\/100\n|move|p2a: FUCKK|Seismic Toss|p1a: FUCKK\n|-damage|p1a: FUCKK|82\/100\n|\n|upkeep\n|turn|77\n|\n|t:|1609728630\n|switch|p1a: B|Slowking-Galar, M, shiny|100\/100\n|move|p2a: FUCKK|Seismic Toss|p1a: B\n|-damage|p1a: B|75\/100\n|\n|upkeep\n|turn|78\n|\n|t:|1609728636\n|switch|p1a: FUCKK|Blissey, F|82\/100\n|move|p2a: FUCKK|Toxic|p1a: FUCKK|[miss]\n|-miss|p2a: FUCKK|p1a: FUCKK\n|\n|upkeep\n|turn|79\n|\n|t:|1609728646\n|move|p1a: FUCKK|Seismic Toss|p2a: FUCKK\n|-damage|p2a: FUCKK|76\/100\n|move|p2a: FUCKK|Seismic Toss|p1a: FUCKK\n|-damage|p1a: FUCKK|68\/100\n|\n|upkeep\n|turn|80\n|\n|t:|1609728652\n|move|p2a: FUCKK|Toxic|p1a: FUCKK\n|-status|p1a: FUCKK|tox\n|move|p1a: FUCKK|Soft-Boiled|p1a: FUCKK\n|-heal|p1a: FUCKK|100\/100 tox\n|\n|-damage|p1a: FUCKK|94\/100 tox|[from] psn\n|upkeep\n|turn|81\n|\n|t:|1609728654\n|-curestatus|p1a: FUCKK|tox|[from] ability: Natural Cure\n|switch|p1a: B|Slowking-Galar, M, shiny|100\/100\n|move|p2a: FUCKK|Seismic Toss|p1a: B\n|-damage|p1a: B|75\/100\n|\n|upkeep\n|turn|82\n|\n|t:|1609728658\n|switch|p1a: FUCKK|Blissey, F|94\/100\n|move|p2a: FUCKK|Seismic Toss|p1a: FUCKK\n|-damage|p1a: FUCKK|80\/100\n|\n|upkeep\n|turn|83\n|\n|t:|1609728663\n|switch|p1a: B|Slowking-Galar, M, shiny|100\/100\n|move|p2a: FUCKK|Seismic Toss|p1a: B\n|-damage|p1a: B|75\/100\n|\n|upkeep\n|turn|84\n|\n|t:|1609728665\n|switch|p1a: FUCKK|Blissey, F|80\/100\n|move|p2a: FUCKK|Seismic Toss|p1a: FUCKK\n|-damage|p1a: FUCKK|66\/100\n|\n|upkeep\n|turn|85\n|\n|t:|1609728670\n|switch|p1a: B|Slowking-Galar, M, shiny|100\/100\n|move|p2a: FUCKK|Toxic|p1a: B\n|-immune|p1a: B\n|\n|upkeep\n|turn|86\n|\n|t:|1609728678\n|switch|p1a: FUCKK|Blissey, F|66\/100\n|move|p2a: FUCKK|Seismic Toss|p1a: FUCKK\n|-damage|p1a: FUCKK|52\/100\n|\n|upkeep\n|turn|87\n|\n|t:|1609728681\n|move|p1a: FUCKK|Soft-Boiled|p1a: FUCKK\n|-heal|p1a: FUCKK|100\/100\n|move|p2a: FUCKK|Seismic Toss|p1a: FUCKK\n|-damage|p1a: FUCKK|86\/100\n|\n|upkeep\n|turn|88\n|\n|t:|1609728684\n|switch|p1a: B|Slowking-Galar, M, shiny|100\/100\n|move|p2a: FUCKK|Teleport|p2a: FUCKK\n|\n|t:|1609728688\n|switch|p2a: 11 days|Urshifu, F|4\/100|[from]move: Teleport\n|\n|upkeep\n|turn|89\n|\n|t:|1609728691\n|switch|p1a: Skooler|Tangrowth, F, shiny|91\/100\n|move|p2a: 11 days|Wicked Blow|p1a: Skooler\n|-crit|p1a: Skooler\n|-damage|p1a: Skooler|43\/100\n|\n|upkeep\n|turn|90\n|\n|t:|1609728704\n|switch|p1a: Hisenberg|Hydreigon, M|100\/100\n|move|p2a: 11 days|Wicked Blow|p1a: Hisenberg\n|-resisted|p1a: Hisenberg\n|-crit|p1a: Hisenberg\n|-damage|p1a: Hisenberg|52\/100\n|\n|-heal|p1a: Hisenberg|58\/100|[from] item: Leftovers\n|upkeep\n|turn|91\n|\n|t:|1609728712\n|switch|p2a: FUCKK|Blissey, F|76\/100\n|move|p1a: Hisenberg|Roost|p1a: Hisenberg\n|-heal|p1a: Hisenberg|100\/100\n|-singleturn|p1a: Hisenberg|move: Roost\n|\n|upkeep\n|turn|92\n|\n|t:|1609728723\n|switch|p1a: B|Slowking-Galar, M, shiny|100\/100\n|move|p2a: FUCKK|Seismic Toss|p1a: B\n|-damage|p1a: B|75\/100\n|\n|upkeep\n|turn|93\n|\n|t:|1609728728\n|switch|p1a: FUCKK|Blissey, F|86\/100\n|move|p2a: FUCKK|Seismic Toss|p1a: FUCKK\n|-damage|p1a: FUCKK|72\/100\n|\n|upkeep\n|turn|94\n|\n|t:|1609728736\n|switch|p1a: B|Slowking-Galar, M, shiny|100\/100\n|move|p2a: FUCKK|Seismic Toss|p1a: B\n|-damage|p1a: B|75\/100\n|\n|upkeep\n|turn|95\n|\n|t:|1609728741\n|switch|p1a: FUCKK|Blissey, F|72\/100\n|move|p2a: FUCKK|Seismic Toss|p1a: FUCKK\n|-damage|p1a: FUCKK|58\/100\n|\n|upkeep\n|turn|96\n|\n|t:|1609728745\n|switch|p1a: B|Slowking-Galar, M, shiny|100\/100\n|move|p2a: FUCKK|Seismic Toss|p1a: B\n|-damage|p1a: B|75\/100\n|\n|upkeep\n|turn|97\n|\n|t:|1609728751\n|switch|p1a: FUCKK|Blissey, F|58\/100\n|move|p2a: FUCKK|Seismic Toss|p1a: FUCKK\n|-damage|p1a: FUCKK|44\/100\n|\n|upkeep\n|turn|98\n|\n|t:|1609728763\n|switch|p1a: B|Slowking-Galar, M, shiny|100\/100\n|move|p2a: FUCKK|Seismic Toss|p1a: B\n|-damage|p1a: B|75\/100\n|\n|upkeep\n|turn|99\n|\n|t:|1609728770\n|switch|p1a: FUCKK|Blissey, F|44\/100\n|move|p2a: FUCKK|Seismic Toss|p1a: FUCKK\n|-damage|p1a: FUCKK|30\/100\n|\n|upkeep\n|turn|100\n|\n|t:|1609728774\n|move|p2a: FUCKK|Seismic Toss|p1a: FUCKK\n|-damage|p1a: FUCKK|16\/100\n|move|p1a: FUCKK|Soft-Boiled|p1a: FUCKK\n|-heal|p1a: FUCKK|66\/100\n|\n|upkeep\n|turn|101\n|\n|t:|1609728779\n|switch|p1a: B|Slowking-Galar, M, shiny|100\/100\n|move|p2a: FUCKK|Teleport|p2a: FUCKK\n|\n|t:|1609728783\n|switch|p2a: 11 days|Urshifu, F|4\/100|[from]move: Teleport\n|\n|upkeep\n|turn|102\n|\n|t:|1609728792\n|switch|p1a: Skooler|Tangrowth, F, shiny|76\/100\n|move|p2a: 11 days|U-turn|p1a: Skooler\n|-supereffective|p1a: Skooler\n|-damage|p1a: Skooler|41\/100\n|\n|t:|1609728801\n|switch|p2a: Hisenberg|Hydreigon, M|94\/100 tox|[from]move: U-turn\n|\n|-heal|p2a: Hisenberg|100\/100 tox|[from] item: Leftovers\n|-damage|p2a: Hisenberg|94\/100 tox|[from] psn\n|upkeep\n|turn|103\n|\n|t:|1609728812\n|switch|p1a: FUCKK|Blissey, F|66\/100\n|move|p2a: Hisenberg|Earth Power|p1a: FUCKK\n|-damage|p1a: FUCKK|58\/100\n|\n|-heal|p2a: Hisenberg|100\/100 tox|[from] item: Leftovers\n|-damage|p2a: Hisenberg|88\/100 tox|[from] psn\n|upkeep\n|turn|104\n|\n|t:|1609728822\n|switch|p2a: FUCKK|Blissey, F|76\/100\n|move|p1a: FUCKK|Soft-Boiled|p1a: FUCKK\n|-heal|p1a: FUCKK|100\/100\n|\n|upkeep\n|turn|105\n|\n|t:|1609728827\n|move|p1a: FUCKK|Teleport|p1a: FUCKK\n|\n|t:|1609728829\n|switch|p1a: Skooler|Tangrowth, F, shiny|74\/100|[from]move: Teleport\n|move|p2a: FUCKK|Teleport|p2a: FUCKK\n|\n|t:|1609728835\n|switch|p2a: 11 days|Urshifu, F|4\/100|[from]move: Teleport\n|\n|upkeep\n|turn|106\n|\n|t:|1609728838\n|switch|p1a: B|Slowking-Galar, M, shiny|100\/100\n|move|p2a: 11 days|U-turn|p1a: B\n|-damage|p1a: B|60\/100\n|\n|t:|1609728859\n|switch|p2a: FUCKK|Blissey, F|76\/100|[from]move: U-turn\n|\n|upkeep\n|turn|107\n|\n|t:|1609728868\n|switch|p1a: FUCKK|Blissey, F|100\/100\n|move|p2a: FUCKK|Seismic Toss|p1a: FUCKK\n|-damage|p1a: FUCKK|86\/100\n|\n|upkeep\n|turn|108\n|\n|t:|1609728875\n|move|p2a: FUCKK|Seismic Toss|p1a: FUCKK\n|-damage|p1a: FUCKK|72\/100\n|move|p1a: FUCKK|Toxic|p2a: FUCKK\n|-status|p2a: FUCKK|tox\n|\n|-damage|p2a: FUCKK|70\/100 tox|[from] psn\n|upkeep\n|turn|109\n|\n|t:|1609728879\n|move|p1a: FUCKK|Seismic Toss|p2a: FUCKK\n|-damage|p2a: FUCKK|56\/100 tox\n|move|p2a: FUCKK|Teleport|p2a: FUCKK\n|\n|t:|1609728885\n|-curestatus|p2a: FUCKK|tox|[from] ability: Natural Cure\n|switch|p2a: Hisenberg|Hydreigon, M|88\/100 tox|[from]move: Teleport\n|\n|-heal|p2a: Hisenberg|94\/100 tox|[from] item: Leftovers\n|-damage|p2a: Hisenberg|88\/100 tox|[from] psn\n|upkeep\n|turn|110\n|\n|t:|1609728894\n|move|p2a: Hisenberg|Dark Pulse|p1a: FUCKK\n|-damage|p1a: FUCKK|60\/100\n|cant|p1a: FUCKK|flinch\n|\n|-heal|p2a: Hisenberg|94\/100 tox|[from] item: Leftovers\n|-damage|p2a: Hisenberg|82\/100 tox|[from] psn\n|upkeep\n|turn|111\n|\n|t:|1609728900\n|move|p2a: Hisenberg|Dark Pulse|p1a: FUCKK\n|-crit|p1a: FUCKK\n|-damage|p1a: FUCKK|42\/100\n|move|p1a: FUCKK|Seismic Toss|p2a: Hisenberg\n|-damage|p2a: Hisenberg|56\/100 tox\n|\n|-heal|p2a: Hisenberg|62\/100 tox|[from] item: Leftovers\n|-damage|p2a: Hisenberg|44\/100 tox|[from] psn\n|upkeep\n|turn|112\n|\n|t:|1609728906\n|move|p2a: Hisenberg|Roost|p2a: Hisenberg\n|-heal|p2a: Hisenberg|94\/100 tox\n|-singleturn|p2a: Hisenberg|move: Roost\n|move|p1a: FUCKK|Soft-Boiled|p1a: FUCKK\n|-heal|p1a: FUCKK|92\/100\n|\n|-heal|p2a: Hisenberg|99\/100 tox|[from] item: Leftovers\n|-damage|p2a: Hisenberg|75\/100 tox|[from] psn\n|upkeep\n|turn|113\n|inactive|IM AT MY LIMIT has 270 seconds left.\n|\n|t:|1609728944\n|move|p2a: Hisenberg|Dark Pulse|p1a: FUCKK\n|-damage|p1a: FUCKK|80\/100\n|move|p1a: FUCKK|Seismic Toss|p2a: Hisenberg\n|-damage|p2a: Hisenberg|49\/100 tox\n|\n|-heal|p2a: Hisenberg|56\/100 tox|[from] item: Leftovers\n|-damage|p2a: Hisenberg|25\/100 tox|[from] psn\n|upkeep\n|turn|114\n|\n|t:|1609728951\n|switch|p2a: FUCKK|Blissey, F|56\/100\n|move|p1a: FUCKK|Seismic Toss|p2a: FUCKK\n|-damage|p2a: FUCKK|42\/100\n|\n|upkeep\n|turn|115\n|\n|t:|1609728954\n|move|p1a: FUCKK|Toxic|p2a: FUCKK\n|-status|p2a: FUCKK|tox\n|move|p2a: FUCKK|Seismic Toss|p1a: FUCKK\n|-damage|p1a: FUCKK|66\/100\n|\n|-damage|p2a: FUCKK|36\/100 tox|[from] psn\n|upkeep\n|turn|116\n|\n|t:|1609728971\n|move|p1a: FUCKK|Seismic Toss|p2a: FUCKK\n|-damage|p2a: FUCKK|22\/100 tox\n|move|p2a: FUCKK|Soft-Boiled|p2a: FUCKK\n|-heal|p2a: FUCKK|72\/100 tox\n|\n|-damage|p2a: FUCKK|59\/100 tox|[from] psn\n|upkeep\n|turn|117\n|\n|t:|1609728976\n|move|p2a: FUCKK|Soft-Boiled|p2a: FUCKK\n|-heal|p2a: FUCKK|100\/100 tox\n|move|p1a: FUCKK|Seismic Toss|p2a: FUCKK\n|-damage|p2a: FUCKK|86\/100 tox\n|\n|-damage|p2a: FUCKK|68\/100 tox|[from] psn\n|upkeep\n|turn|118\n|\n|t:|1609728984\n|move|p1a: FUCKK|Seismic Toss|p2a: FUCKK\n|-damage|p2a: FUCKK|54\/100 tox\n|move|p2a: FUCKK|Teleport|p2a: FUCKK\n|\n|t:|1609728987\n|-curestatus|p2a: FUCKK|tox|[from] ability: Natural Cure\n|switch|p2a: 11 days|Urshifu, F|4\/100|[from]move: Teleport\n|\n|upkeep\n|turn|119\n|\n|t:|1609728990\n|switch|p1a: Skooler|Tangrowth, F, shiny|100\/100\n|move|p2a: 11 days|Close Combat|p1a: Skooler\n|-damage|p1a: Skooler|54\/100\n|-unboost|p2a: 11 days|def|1\n|-unboost|p2a: 11 days|spd|1\n|\n|upkeep\n|turn|120\n|\n|t:|1609729012\n|switch|p2a: Hisenberg|Hydreigon, M|25\/100 tox\n|move|p1a: Skooler|Giga Drain|p2a: Hisenberg\n|-resisted|p2a: Hisenberg\n|-damage|p2a: Hisenberg|15\/100 tox\n|-heal|p1a: Skooler|59\/100|[from] drain|[of] p2a: Hisenberg\n|\n|-heal|p2a: Hisenberg|21\/100 tox|[from] item: Leftovers\n|-damage|p2a: Hisenberg|15\/100 tox|[from] psn\n|upkeep\n|turn|121\n|\n|t:|1609729015\n|move|p2a: Hisenberg|Dark Pulse|p1a: Skooler\n|-damage|p1a: Skooler|7\/100\n|move|p1a: Skooler|Focus Blast|p2a: Hisenberg\n|-supereffective|p2a: Hisenberg\n|-damage|p2a: Hisenberg|0 fnt\n|faint|p2a: Hisenberg\n|\n|upkeep\n|\n|t:|1609729025\n|switch|p2a: 11 days|Urshifu, F|4\/100\n|turn|122\n|\n|t:|1609729028\n|switch|p1a: B|Slowking-Galar, M, shiny|93\/100\n|move|p2a: 11 days|Close Combat|p1a: B\n|-resisted|p1a: B\n|-damage|p1a: B|67\/100\n|-unboost|p2a: 11 days|def|1\n|-unboost|p2a: 11 days|spd|1\n|\n|upkeep\n|turn|123\n|\n|t:|1609729033\n|switch|p2a: FUCKK|Blissey, F|54\/100\n|move|p1a: B|Sludge Bomb|p2a: FUCKK\n|-damage|p2a: FUCKK|40\/100\n|\n|upkeep\n|turn|124\n|\n|t:|1609729036\n|switch|p1a: Skooler|Tangrowth, F, shiny|40\/100\n|move|p2a: FUCKK|Soft-Boiled|p2a: FUCKK\n|-heal|p2a: FUCKK|90\/100\n|\n|upkeep\n|turn|125\n|\n|t:|1609729043\n|switch|p1a: FUCKK|Blissey, F|66\/100\n|move|p2a: FUCKK|Teleport|p2a: FUCKK\n|\n|t:|1609729047\n|switch|p2a: 11 days|Urshifu, F|4\/100|[from]move: Teleport\n|\n|upkeep\n|turn|126\n|j| Effect volume\n|\n|t:|1609729052\n|switch|p1a: B|Slowking-Galar, M, shiny|100\/100\n|move|p2a: 11 days|U-turn|p1a: B\n|-damage|p1a: B|63\/100\n|\n|t:|1609729057\n|switch|p2a: FUCKK|Blissey, F|90\/100|[from]move: U-turn\n|\n|upkeep\n|turn|127\n|\n|t:|1609729081\n|switch|p1a: FUCKK|Blissey, F|66\/100\n|move|p2a: FUCKK|Teleport|p2a: FUCKK\n|\n|t:|1609729084\n|switch|p2a: 11 days|Urshifu, F|4\/100|[from]move: Teleport\n|\n|upkeep\n|turn|128\n|\n|t:|1609729087\n|switch|p1a: B|Slowking-Galar, M, shiny|96\/100\n|move|p2a: 11 days|U-turn|p1a: B\n|-damage|p1a: B|57\/100\n|\n|t:|1609729094\n|switch|p2a: FUCKK|Blissey, F|90\/100|[from]move: U-turn\n|\n|upkeep\n|turn|129\n|\n|t:|1609729100\n|switch|p1a: Skooler|Tangrowth, F, shiny|73\/100\n|move|p2a: FUCKK|Teleport|p2a: FUCKK\n|\n|t:|1609729104\n|switch|p2a: 11 days|Urshifu, F|4\/100|[from]move: Teleport\n|\n|upkeep\n|turn|130\n|\n|t:|1609729114\n|move|p2a: 11 days|U-turn|p1a: Skooler\n|-supereffective|p1a: Skooler\n|-damage|p1a: Skooler|32\/100\n|\n|t:|1609729117\n|switch|p2a: FUCKK|Blissey, F|90\/100|[from]move: U-turn\n|move|p1a: Skooler|Giga Drain|p2a: FUCKK\n|-crit|p2a: FUCKK\n|-damage|p2a: FUCKK|74\/100\n|-heal|p1a: Skooler|46\/100|[from] drain|[of] p2a: FUCKK\n|\n|upkeep\n|turn|131\n|\n|t:|1609729122\n|move|p2a: FUCKK|Seismic Toss|p1a: Skooler\n|-damage|p1a: Skooler|22\/100\n|move|p1a: Skooler|Sleep Powder|p2a: FUCKK\n|-status|p2a: FUCKK|slp|[from] move: Sleep Powder\n|\n|upkeep\n|turn|132\n|\n|t:|1609729129\n|cant|p2a: FUCKK|slp\n|move|p1a: Skooler|Giga Drain|p2a: FUCKK\n|-damage|p2a: FUCKK|63\/100 slp\n|-heal|p1a: Skooler|31\/100|[from] drain|[of] p2a: FUCKK\n|\n|upkeep\n|turn|133\n|\n|t:|1609729131\n|-curestatus|p2a: FUCKK|slp|[msg]\n|move|p2a: FUCKK|Soft-Boiled|p2a: FUCKK\n|-heal|p2a: FUCKK|100\/100\n|move|p1a: Skooler|Focus Blast|p2a: FUCKK|[miss]\n|-miss|p1a: Skooler|p2a: FUCKK\n|\n|upkeep\n|turn|134\n|\n|t:|1609729136\n|switch|p1a: FUCKK|Blissey, F|66\/100\n|move|p2a: FUCKK|Teleport|p2a: FUCKK\n|\n|t:|1609729140\n|switch|p2a: 11 days|Urshifu, F|4\/100|[from]move: Teleport\n|\n|upkeep\n|turn|135\n|\n|t:|1609729144\n|switch|p1a: B|Slowking-Galar, M, shiny|90\/100\n|move|p2a: 11 days|U-turn|p1a: B\n|-damage|p1a: B|49\/100\n|\n|t:|1609729149\n|switch|p2a: FUCKK|Blissey, F|100\/100|[from]move: U-turn\n|\n|upkeep\n|turn|136\n|\n|t:|1609729156\n|switch|p1a: Skooler|Tangrowth, F, shiny|64\/100\n|move|p2a: FUCKK|Teleport|p2a: FUCKK\n|\n|t:|1609729159\n|switch|p2a: 11 days|Urshifu, F|4\/100|[from]move: Teleport\n|\n|upkeep\n|turn|137\n|\n|t:|1609729163\n|switch|p1a: Hisenberg|Hydreigon, M|100\/100\n|move|p2a: 11 days|U-turn|p1a: Hisenberg\n|-supereffective|p1a: Hisenberg\n|-damage|p1a: Hisenberg|25\/100\n|\n|t:|1609729169\n|switch|p2a: FUCKK|Blissey, F|100\/100|[from]move: U-turn\n|\n|-heal|p1a: Hisenberg|31\/100|[from] item: Leftovers\n|upkeep\n|turn|138\n|\n|t:|1609729174\n|move|p1a: Hisenberg|Roost|p1a: Hisenberg\n|-heal|p1a: Hisenberg|81\/100\n|-singleturn|p1a: Hisenberg|move: Roost\n|move|p2a: FUCKK|Seismic Toss|p1a: Hisenberg\n|-damage|p1a: Hisenberg|56\/100\n|\n|-heal|p1a: Hisenberg|62\/100|[from] item: Leftovers\n|upkeep\n|turn|139\n|\n|t:|1609729178\n|switch|p1a: B|Slowking-Galar, M, shiny|82\/100\n|move|p2a: FUCKK|Toxic|p1a: B\n|-immune|p1a: B\n|\n|upkeep\n|turn|140\n|\n|t:|1609729184\n|switch|p1a: FUCKK|Blissey, F|66\/100\n|move|p2a: FUCKK|Teleport|p2a: FUCKK\n|\n|t:|1609729187\n|switch|p2a: 11 days|Urshifu, F|4\/100|[from]move: Teleport\n|\n|upkeep\n|turn|141\n|\n|t:|1609729194\n|switch|p1a: B|Slowking-Galar, M, shiny|100\/100\n|move|p2a: 11 days|U-turn|p1a: B\n|-damage|p1a: B|63\/100\n|\n|t:|1609729199\n|switch|p2a: FUCKK|Blissey, F|100\/100|[from]move: U-turn\n|\n|upkeep\n|turn|142\n|\n|t:|1609729202\n|switch|p1a: FUCKK|Blissey, F|66\/100\n|move|p2a: FUCKK|Teleport|p2a: FUCKK\n|\n|t:|1609729205\n|switch|p2a: 11 days|Urshifu, F|4\/100|[from]move: Teleport\n|\n|upkeep\n|turn|143\n|\n|t:|1609729214\n|switch|p1a: B|Slowking-Galar, M, shiny|96\/100\n|move|p2a: 11 days|Close Combat|p1a: B\n|-resisted|p1a: B\n|-damage|p1a: B|73\/100\n|-unboost|p2a: 11 days|def|1\n|-unboost|p2a: 11 days|spd|1\n|\n|upkeep\n|turn|144\n|\n|t:|1609729221\n|switch|p2a: FUCKK|Blissey, F|100\/100\n|move|p1a: B|Future Sight|p2a: FUCKK\n|-start|p1a: B|move: Future Sight\n|\n|upkeep\n|turn|145\n|\n|t:|1609729225\n|switch|p1a: FUCKK|Blissey, F|66\/100\n|move|p2a: FUCKK|Teleport|p2a: FUCKK\n|\n|t:|1609729228\n|switch|p2a: 11 days|Urshifu, F|4\/100|[from]move: Teleport\n|\n|upkeep\n|turn|146\n|\n|t:|1609729237\n|switch|p1a: Skooler|Tangrowth, F, shiny|97\/100\n|move|p2a: 11 days|U-turn|p1a: Skooler\n|-supereffective|p1a: Skooler\n|-damage|p1a: Skooler|59\/100\n|\n|t:|1609729244\n|switch|p2a: FUCKK|Blissey, F|100\/100|[from]move: U-turn\n|\n|-end|p2a: FUCKK|move: Future Sight\n|-damage|p2a: FUCKK|82\/100\n|upkeep\n|turn|147\n|\n|t:|1609729255\n|move|p2a: FUCKK|Toxic|p1a: Skooler\n|-status|p1a: Skooler|tox\n|move|p1a: Skooler|Giga Drain|p2a: FUCKK\n|-damage|p2a: FUCKK|71\/100\n|-heal|p1a: Skooler|69\/100 tox|[from] drain|[of] p2a: FUCKK\n|\n|-damage|p1a: Skooler|62\/100 tox|[from] psn\n|upkeep\n|turn|148\n|\n|t:|1609729266\n|switch|p1a: FUCKK|Blissey, F|66\/100\n|move|p2a: FUCKK|Teleport|p2a: FUCKK\n|\n|t:|1609729269\n|switch|p2a: 11 days|Urshifu, F|4\/100|[from]move: Teleport\n|\n|upkeep\n|turn|149\n|\n|t:|1609729274\n|switch|p1a: B|Slowking-Galar, M, shiny|100\/100\n|move|p2a: 11 days|U-turn|p1a: B\n|-damage|p1a: B|63\/100\n|\n|t:|1609729279\n|switch|p2a: FUCKK|Blissey, F|71\/100|[from]move: U-turn\n|\n|upkeep\n|turn|150\n|\n|t:|1609729295\n|switch|p1a: Skooler|Tangrowth, F, shiny|96\/100 tox\n|move|p2a: FUCKK|Seismic Toss|p1a: Skooler\n|-damage|p1a: Skooler|71\/100 tox\n|\n|-damage|p1a: Skooler|65\/100 tox|[from] psn\n|upkeep\n|turn|151\n|\n|t:|1609729304\n|switch|p1a: B|Slowking-Galar, M, shiny|96\/100\n|move|p2a: FUCKK|Soft-Boiled|p2a: FUCKK\n|-heal|p2a: FUCKK|100\/100\n|\n|upkeep\n|turn|152\n|\n|t:|1609729315\n|switch|p1a: Skooler|Tangrowth, F, shiny|98\/100 tox\n|move|p2a: FUCKK|Seismic Toss|p1a: Skooler\n|-damage|p1a: Skooler|73\/100 tox\n|\n|-damage|p1a: Skooler|67\/100 tox|[from] psn\n|upkeep\n|turn|153\n|inactive|BillyTheFlash has 270 seconds left.\n|\n|t:|1609729327\n|switch|p2a: 11 days|Urshifu, F|4\/100\n|switch|p1a: B|Slowking-Galar, M, shiny|100\/100\n|\n|upkeep\n|turn|154\n|\n|t:|1609729334\n|move|p2a: 11 days|U-turn|p1a: B\n|-damage|p1a: B|64\/100\n|\n|t:|1609729337\n|switch|p2a: FUCKK|Blissey, F|100\/100|[from]move: U-turn\n|move|p1a: B|Sludge Bomb|p2a: FUCKK\n|-damage|p2a: FUCKK|87\/100\n|-status|p2a: FUCKK|psn\n|\n|-damage|p2a: FUCKK|75\/100 psn|[from] psn\n|upkeep\n|turn|155\n|\n|t:|1609729344\n|move|p2a: FUCKK|Soft-Boiled|p2a: FUCKK\n|-heal|p2a: FUCKK|100\/100 psn\n|move|p1a: B|Future Sight|p2a: FUCKK\n|-start|p1a: B|move: Future Sight\n|\n|-damage|p2a: FUCKK|88\/100 psn|[from] psn\n|upkeep\n|turn|156\n|\n|t:|1609729353\n|move|p2a: FUCKK|Soft-Boiled|p2a: FUCKK\n|-heal|p2a: FUCKK|100\/100 psn\n|move|p1a: B|Flamethrower|p2a: FUCKK\n|-damage|p2a: FUCKK|91\/100 psn\n|\n|-damage|p2a: FUCKK|79\/100 psn|[from] psn\n|upkeep\n|turn|157\n|\n|t:|1609729358\n|move|p2a: FUCKK|Soft-Boiled|p2a: FUCKK\n|-heal|p2a: FUCKK|100\/100 psn\n|move|p1a: B|Sludge Bomb|p2a: FUCKK\n|-damage|p2a: FUCKK|88\/100 psn\n|\n|-end|p2a: FUCKK|move: Future Sight\n|-damage|p2a: FUCKK|68\/100 psn\n|-damage|p2a: FUCKK|56\/100 psn|[from] psn\n|upkeep\n|turn|158\n|\n|t:|1609729364\n|move|p1a: B|Future Sight|p2a: FUCKK\n|-start|p1a: B|move: Future Sight\n|move|p2a: FUCKK|Teleport|p2a: FUCKK\n|\n|t:|1609729369\n|-curestatus|p2a: FUCKK|psn|[from] ability: Natural Cure\n|switch|p2a: 11 days|Urshifu, F|4\/100|[from]move: Teleport\n|\n|upkeep\n|turn|159\n|\n|t:|1609729380\n|switch|p1a: Skooler|Tangrowth, F, shiny|99\/100 tox\n|move|p2a: 11 days|U-turn|p1a: Skooler\n|-supereffective|p1a: Skooler\n|-damage|p1a: Skooler|61\/100 tox\n|\n|t:|1609729386\n|switch|p2a: FUCKK|Blissey, F|56\/100|[from]move: U-turn\n|\n|-damage|p1a: Skooler|55\/100 tox|[from] psn\n|upkeep\n|turn|160\n|\n|t:|1609729395\n|switch|p1a: FUCKK|Blissey, F|66\/100\n|move|p2a: FUCKK|Soft-Boiled|p2a: FUCKK\n|-heal|p2a: FUCKK|100\/100\n|\n|-end|p2a: FUCKK|move: Future Sight\n|-damage|p2a: FUCKK|82\/100\n|upkeep\n|turn|161\n|\n|t:|1609729405\n|move|p1a: FUCKK|Soft-Boiled|p1a: FUCKK\n|-heal|p1a: FUCKK|100\/100\n|move|p2a: FUCKK|Soft-Boiled|p2a: FUCKK\n|-heal|p2a: FUCKK|100\/100\n|\n|upkeep\n|turn|162\n|\n|t:|1609729419\n|move|p2a: FUCKK|Toxic|p1a: FUCKK\n|-status|p1a: FUCKK|tox\n|move|p1a: FUCKK|Teleport|p1a: FUCKK\n|\n|t:|1609729424\n|-curestatus|p1a: FUCKK|tox|[from] ability: Natural Cure\n|switch|p1a: Skooler|Tangrowth, F, shiny|88\/100 tox|[from]move: Teleport\n|\n|-damage|p1a: Skooler|82\/100 tox|[from] psn\n|upkeep\n|turn|163\n|\n|t:|1609729433\n|switch|p1a: FUCKK|Blissey, F|100\/100\n|move|p2a: FUCKK|Teleport|p2a: FUCKK\n|\n|t:|1609729438\n|switch|p2a: 11 days|Urshifu, F|4\/100|[from]move: Teleport\n|\n|upkeep\n|turn|164\n|\n|t:|1609729443\n|switch|p1a: B|Slowking-Galar, M, shiny|97\/100\n|move|p2a: 11 days|Close Combat|p1a: B\n|-resisted|p1a: B\n|-damage|p1a: B|71\/100\n|-unboost|p2a: 11 days|def|1\n|-unboost|p2a: 11 days|spd|1\n|\n|upkeep\n|turn|165\n|\n|t:|1609729452\n|switch|p2a: FUCKK|Blissey, F|100\/100\n|move|p1a: B|Scald|p2a: FUCKK\n|-damage|p2a: FUCKK|93\/100\n|\n|upkeep\n|turn|166\n|j| Thats quite unfor\n|inactive|BillyTheFlash has 240 seconds left.\n|\n|t:|1609729462\n|switch|p1a: Skooler|Tangrowth, F, shiny|100\/100 tox\n|move|p2a: FUCKK|Toxic|p1a: Skooler\n|-fail|p1a: Skooler|tox\n|\n|-damage|p1a: Skooler|94\/100 tox|[from] psn\n|upkeep\n|turn|167\n|l| Thats quite unfor\n|\n|t:|1609729471\n|switch|p1a: FUCKK|Blissey, F|100\/100\n|move|p2a: FUCKK|Teleport|p2a: FUCKK\n|\n|t:|1609729475\n|switch|p2a: 11 days|Urshifu, F|4\/100|[from]move: Teleport\n|\n|upkeep\n|turn|168\n|\n|t:|1609729481\n|switch|p1a: B|Slowking-Galar, M, shiny|100\/100\n|move|p2a: 11 days|U-turn|p1a: B\n|-damage|p1a: B|61\/100\n|j| o0oaK\n|\n|t:|1609729486\n|switch|p2a: FUCKK|Blissey, F|93\/100|[from]move: U-turn\n|\n|upkeep\n|turn|169\n|\n|t:|1609729497\n|switch|p1a: Skooler|Tangrowth, F, shiny|100\/100 tox\n|move|p2a: FUCKK|Teleport|p2a: FUCKK\n|\n|t:|1609729502\n|switch|p2a: 11 days|Urshifu, F|4\/100|[from]move: Teleport\n|\n|-damage|p1a: Skooler|94\/100 tox|[from] psn\n|upkeep\n|turn|170\n|\n|t:|1609729506\n|switch|p1a: B|Slowking-Galar, M, shiny|94\/100\n|move|p2a: 11 days|U-turn|p1a: B\n|-damage|p1a: B|57\/100\n|j| Vessev\n|c| Effect volume|this is so boring\n|l| Vessev\n|\n|t:|1609729512\n|switch|p2a: FUCKK|Blissey, F|93\/100|[from]move: U-turn\n|\n|upkeep\n|turn|171\n|c| Effect volume|please\n|\n|t:|1609729522\n|switch|p1a: Skooler|Tangrowth, F, shiny|100\/100 tox\n|move|p2a: FUCKK|Teleport|p2a: FUCKK\n|\n|t:|1609729527\n|switch|p2a: 11 days|Urshifu, F|4\/100|[from]move: Teleport\n|\n|-damage|p1a: Skooler|94\/100 tox|[from] psn\n|upkeep\n|turn|172\n|j| Vessev\n|\n|t:|1609729534\n|switch|p1a: B|Slowking-Galar, M, shiny|90\/100\n|move|p2a: 11 days|U-turn|p1a: B\n|-damage|p1a: B|51\/100\n|\n|t:|1609729540\n|switch|p2a: FUCKK|Blissey, F|93\/100|[from]move: U-turn\n|\n|upkeep\n|turn|173\n|\n|t:|1609729548\n|switch|p1a: Skooler|Tangrowth, F, shiny|100\/100 tox\n|move|p2a: FUCKK|Teleport|p2a: FUCKK\n|\n|t:|1609729552\n|switch|p2a: 11 days|Urshifu, F|4\/100|[from]move: Teleport\n|\n|-damage|p1a: Skooler|94\/100 tox|[from] psn\n|upkeep\n|turn|174\n|\n|t:|1609729560\n|move|p2a: 11 days|U-turn|p1a: Skooler\n|-supereffective|p1a: Skooler\n|-damage|p1a: Skooler|54\/100 tox\n|\n|t:|1609729564\n|switch|p2a: FUCKK|Blissey, F|93\/100|[from]move: U-turn\n|move|p1a: Skooler|Giga Drain|p2a: FUCKK\n|-damage|p2a: FUCKK|83\/100\n|-heal|p1a: Skooler|62\/100 tox|[from] drain|[of] p2a: FUCKK\n|\n|-damage|p1a: Skooler|50\/100 tox|[from] psn\n|upkeep\n|turn|175\n|j| Elite 4 Three\n|inactive|BillyTheFlash has 210 seconds left.\n|\n|t:|1609729580\n|switch|p2a: 11 days|Urshifu, F|4\/100\n|switch|p1a: B|Slowking-Galar, M, shiny|84\/100\n|\n|upkeep\n|turn|176\n|inactive|BillyTheFlash has 210 seconds left.\n|l|\u2606IM AT MY LIMIT\n|inactive|IM AT MY LIMIT disconnected and has 300 seconds to reconnect!\n|player|p1|\n|j|\u2606IM AT MY LIMIT\n|inactive|IM AT MY LIMIT reconnected and has 295 seconds left.\n|player|p1|IM AT MY LIMIT|lucas\n|\n|t:|1609729603\n|move|p2a: 11 days|Sucker Punch|p1a: B\n|-supereffective|p1a: B\n|-damage|p1a: B|0 fnt\n|faint|p1a: B\n|\n|upkeep\n|c| Effect volume|please..\n|c| Effect volume|please end it..\n|\n|t:|1609729611\n|switch|p1a: FUCKK|Blissey, F|100\/100\n|turn|177\n|\n|t:|1609729618\n|switch|p2a: FUCKK|Blissey, F|83\/100\n|move|p1a: FUCKK|Seismic Toss|p2a: FUCKK\n|-damage|p2a: FUCKK|69\/100\n|\n|upkeep\n|turn|178\n|inactive|BillyTheFlash has 180 seconds left.\n|\n|t:|1609729635\n|move|p1a: FUCKK|Teleport|p1a: FUCKK\n|\n|t:|1609729639\n|switch|p1a: Skooler|Tangrowth, F, shiny|83\/100 tox|[from]move: Teleport\n|move|p2a: FUCKK|Teleport|p2a: FUCKK\n|inactive|BillyTheFlash has 180 seconds left.\n|\n|t:|1609729645\n|switch|p2a: 11 days|Urshifu, F|4\/100|[from]move: Teleport\n|\n|-damage|p1a: Skooler|77\/100 tox|[from] psn\n|upkeep\n|turn|179\n|inactive|BillyTheFlash has 180 seconds left.\n|\n|t:|1609729653\n|switch|p1a: Hisenberg|Hydreigon, M|62\/100\n|move|p2a: 11 days|U-turn|p1a: Hisenberg\n|-supereffective|p1a: Hisenberg\n|-damage|p1a: Hisenberg|0 fnt\n|faint|p1a: Hisenberg\n|\n|t:|1609729662\n|switch|p2a: FUCKK|Blissey, F|69\/100|[from]move: U-turn\n|\n|upkeep\n|\n|t:|1609729667\n|switch|p1a: FUCKK|Blissey, F|100\/100\n|turn|180\n|\n|t:|1609729679\n|move|p1a: FUCKK|Seismic Toss|p2a: FUCKK\n|-damage|p2a: FUCKK|55\/100\n|move|p2a: FUCKK|Teleport|p2a: FUCKK\n|\n|t:|1609729684\n|switch|p2a: 11 days|Urshifu, F|4\/100|[from]move: Teleport\n|\n|upkeep\n|turn|181\n|\n|t:|1609729690\n|switch|p1a: Skooler|Tangrowth, F, shiny|100\/100 tox\n|move|p2a: 11 days|U-turn|p1a: Skooler\n|-supereffective|p1a: Skooler\n|-damage|p1a: Skooler|62\/100 tox\n|\n|t:|1609729697\n|switch|p2a: FUCKK|Blissey, F|55\/100|[from]move: U-turn\n|\n|-damage|p1a: Skooler|56\/100 tox|[from] psn\n|upkeep\n|turn|182\n|\n|t:|1609729704\n|switch|p1a: FUCKK|Blissey, F|100\/100\n|move|p2a: FUCKK|Soft-Boiled|p2a: FUCKK\n|-heal|p2a: FUCKK|100\/100\n|\n|upkeep\n|turn|183\n|inactive|BillyTheFlash has 150 seconds left.\n|inactive|BillyTheFlash has 120 seconds left.\nBillyTheFlash is offering a tie.\nIM AT MY LIMIT rejected the tie.\n|\n|t:|1609729770\n|move|p1a: FUCKK|Teleport|p1a: FUCKK\n|\n|t:|1609729771\n|switch|p1a: Skooler|Tangrowth, F, shiny|89\/100 tox|[from]move: Teleport\n|move|p2a: FUCKK|Teleport|p2a: FUCKK\n|\n|t:|1609729773\n|switch|p2a: 11 days|Urshifu, F|4\/100|[from]move: Teleport\n|\n|-damage|p1a: Skooler|83\/100 tox|[from] psn\n|upkeep\n|turn|184\n|\n|t:|1609729782\n|move|p2a: 11 days|U-turn|p1a: Skooler\n|-supereffective|p1a: Skooler\n|-damage|p1a: Skooler|45\/100 tox\n|\n|t:|1609729786\n|switch|p2a: FUCKK|Blissey, F|100\/100|[from]move: U-turn\n|move|p1a: Skooler|Giga Drain|p2a: FUCKK\n|-crit|p2a: FUCKK\n|-damage|p2a: FUCKK|85\/100\n|-heal|p1a: Skooler|59\/100 tox|[from] drain|[of] p2a: FUCKK\n|\n|-damage|p1a: Skooler|47\/100 tox|[from] psn\n|upkeep\n|turn|185\n|inactive|BillyTheFlash has 90 seconds left.\nIM AT MY LIMIT is offering a tie.\n|\n|t:|1609729802\n|switch|p1a: FUCKK|Blissey, F|100\/100\n|move|p2a: FUCKK|Teleport|p2a: FUCKK\n|\n|t:|1609729806\n|switch|p2a: 11 days|Urshifu, F|4\/100|[from]move: Teleport\n|\n|upkeep\n|turn|186\n|inactive|BillyTheFlash has 90 seconds left.\n|\n|t:|1609729815\n|switch|p1a: Skooler|Tangrowth, F, shiny|80\/100 tox\n|move|p2a: 11 days|U-turn|p1a: Skooler\n|-supereffective|p1a: Skooler\n|-damage|p1a: Skooler|41\/100 tox\n|inactive|BillyTheFlash has 90 seconds left.\n|\n|t:|1609729821\n|switch|p2a: FUCKK|Blissey, F|85\/100|[from]move: U-turn\n|\n|-damage|p1a: Skooler|34\/100 tox|[from] psn\n|upkeep\n|turn|187\nIM AT MY LIMIT is offering a tie.\n|\n|t:|1609729829\n|switch|p1a: FUCKK|Blissey, F|100\/100\n|move|p2a: FUCKK|Teleport|p2a: FUCKK\n|\n|t:|1609729833\n|switch|p2a: 11 days|Urshifu, F|4\/100|[from]move: Teleport\n|\n|upkeep\n|turn|188\n|\n|t:|1609729836\n|move|p2a: 11 days|U-turn|p1a: FUCKK\n|-damage|p1a: FUCKK|68\/100\n|\n|t:|1609729838\n|switch|p2a: FUCKK|Blissey, F|85\/100|[from]move: U-turn\n|move|p1a: FUCKK|Seismic Toss|p2a: FUCKK\n|-damage|p2a: FUCKK|71\/100\n|\n|upkeep\n|turn|189\n|inactive|BillyTheFlash has 90 seconds left.\n|\n|t:|1609729850\n|move|p1a: FUCKK|Teleport|p1a: FUCKK\n|\n|t:|1609729851\n|switch|p1a: Skooler|Tangrowth, F, shiny|68\/100 tox|[from]move: Teleport\n|move|p2a: FUCKK|Teleport|p2a: FUCKK\n|\n|t:|1609729856\n|switch|p2a: 11 days|Urshifu, F|4\/100|[from]move: Teleport\n|\n|-damage|p1a: Skooler|61\/100 tox|[from] psn\n|upkeep\n|turn|190\n|\n|t:|1609729860\n|switch|p1a: FUCKK|Blissey, F|68\/100\n|move|p2a: 11 days|U-turn|p1a: FUCKK\n|-crit|p1a: FUCKK\n|-damage|p1a: FUCKK|19\/100\n|inactive|BillyTheFlash has 90 seconds left.\n|\n|t:|1609729865\n|switch|p2a: FUCKK|Blissey, F|71\/100|[from]move: U-turn\n|\n|upkeep\n|turn|191\n|c| o0oaK|what a classic matchup\n|c| o0oaK|gg\n|inactive|BillyTheFlash has 90 seconds left.\n|\n|t:|1609729876\n|move|p1a: FUCKK|Soft-Boiled|p1a: FUCKK\n|-heal|p1a: FUCKK|69\/100\n|move|p2a: FUCKK|Teleport|p2a: FUCKK\n|\n|t:|1609729878\n|switch|p2a: 11 days|Urshifu, F|4\/100|[from]move: Teleport\n|\n|upkeep\n|turn|192\n|c| o0oaK|BillyTheFlash showing us how to play end game\n|\n|t:|1609729886\n|switch|p1a: Skooler|Tangrowth, F, shiny|95\/100 tox\n|move|p2a: 11 days|U-turn|p1a: Skooler\n|-supereffective|p1a: Skooler\n|-damage|p1a: Skooler|54\/100 tox\n|\n|t:|1609729891\n|switch|p2a: FUCKK|Blissey, F|71\/100|[from]move: U-turn\n|\n|-damage|p1a: Skooler|48\/100 tox|[from] psn\n|upkeep\n|turn|193\n|\n|t:|1609729902\n|switch|p1a: FUCKK|Blissey, F|69\/100\n|move|p2a: FUCKK|Soft-Boiled|p2a: FUCKK\n|-heal|p2a: FUCKK|100\/100\n|\n|upkeep\n|turn|194\n|c| o0oaK|but BillyTheFlash is gonna run out of uturns some day\n|\n|t:|1609729908\n|move|p1a: FUCKK|Soft-Boiled|p1a: FUCKK\n|-heal|p1a: FUCKK|100\/100\n|move|p2a: FUCKK|Teleport|p2a: FUCKK\n|\n|t:|1609729912\n|switch|p2a: 11 days|Urshifu, F|4\/100|[from]move: Teleport\n|\n|upkeep\n|turn|195\n|\n|t:|1609729917\n|switch|p1a: Skooler|Tangrowth, F, shiny|81\/100 tox\n|move|p2a: 11 days|U-turn|p1a: Skooler\n|-supereffective|p1a: Skooler\n|-damage|p1a: Skooler|40\/100 tox\n|\n|t:|1609729922\n|switch|p2a: FUCKK|Blissey, F|100\/100|[from]move: U-turn\n|\n|-damage|p1a: Skooler|34\/100 tox|[from] psn\n|upkeep\n|turn|196\n|inactive|BillyTheFlash has 60 seconds left.\n|c| o0oaK|guys who do u think is gonna win?\n|\n|t:|1609729958\n|switch|p1a: FUCKK|Blissey, F|100\/100\n|move|p2a: FUCKK|Soft-Boiled||[still]\n|-fail|p2a: FUCKK|heal\n|\n|upkeep\n|turn|197\n|c| Effect volume|i will be too old to twll\n|c| Effect volume|tell\n|inactive|BillyTheFlash has 30 seconds left.\n|c| o0oaK|lol\n|\n|t:|1609729979\n|move|p2a: FUCKK|Soft-Boiled||[still]\n|-fail|p2a: FUCKK|heal\n|move|p1a: FUCKK|Teleport|p1a: FUCKK\n|inactive|BillyTheFlash has 25 seconds left this turn.\n|\n|t:|1609729983\n|switch|p1a: Skooler|Tangrowth, F, shiny|67\/100 tox|[from]move: Teleport\n|\n|-damage|p1a: Skooler|61\/100 tox|[from] psn\n|upkeep\n|turn|198\n|inactive|BillyTheFlash has 30 seconds left this turn.\n|\n|t:|1609729990\n|switch|p2a: 11 days|Urshifu, F|4\/100\n|switch|p1a: FUCKK|Blissey, F|100\/100\n|\n|upkeep\n|turn|199\n|inactive|BillyTheFlash has 25 seconds left this turn.\n|\n|t:|1609729994\n|switch|p1a: Skooler|Tangrowth, F, shiny|94\/100 tox\n|move|p2a: 11 days|U-turn|p1a: Skooler\n|-supereffective|p1a: Skooler\n|-damage|p1a: Skooler|56\/100 tox\n|inactive|BillyTheFlash has 30 seconds left this turn.\n|\n|t:|1609730000\n|switch|p2a: FUCKK|Blissey, F|100\/100|[from]move: U-turn\n|\n|-damage|p1a: Skooler|50\/100 tox|[from] psn\n|upkeep\n|turn|200\n|inactive|BillyTheFlash has 25 seconds left this turn.\n|inactive|BillyTheFlash has 20 seconds left.\n|inactive|BillyTheFlash has 15 seconds left.\n|c| o0oaK|BillyTheFlash misplayed\n|c| o0oaK|he lost\n|inactive|BillyTheFlash has 10 seconds left.\n|\n|t:|1609730018\n|switch|p1a: FUCKK|Blissey, F|100\/100\n|move|p2a: FUCKK|Toxic|p1a: FUCKK\n|-status|p1a: FUCKK|tox\n|\n|-damage|p1a: FUCKK|94\/100 tox|[from] psn\n|upkeep\n|turn|201\n|inactive|BillyTheFlash has 15 seconds left this turn.\n|inactive|BillyTheFlash has 10 seconds left.\n|\n|t:|1609730025\n|move|p2a: FUCKK|Toxic|p1a: FUCKK|[miss]\n|-miss|p2a: FUCKK|p1a: FUCKK\n|move|p1a: FUCKK|Teleport|p1a: FUCKK\n|inactive|BillyTheFlash has 10 seconds left this turn.\n|\n|t:|1609730028\n|-curestatus|p1a: FUCKK|tox|[from] ability: Natural Cure\n|switch|p1a: Skooler|Tangrowth, F, shiny|83\/100 tox|[from]move: Teleport\n|\n|-damage|p1a: Skooler|76\/100 tox|[from] psn\n|upkeep\n|turn|202\n|inactive|BillyTheFlash has 15 seconds left this turn.\n|\n|t:|1609730031\n|switch|p1a: FUCKK|Blissey, F|94\/100\n|move|p2a: FUCKK|Soft-Boiled||[still]\n|-fail|p2a: FUCKK|heal\n|\n|upkeep\n|turn|203\n|inactive|BillyTheFlash has 15 seconds left this turn.\n|\n|t:|1609730037\n|-activate|p2a: FUCKK|move: Struggle\n|move|p2a: FUCKK|Struggle|p1a: FUCKK\n|-damage|p1a: FUCKK|92\/100\n|-damage|p2a: FUCKK|75\/100|[from] recoil\n|move|p1a: FUCKK|Teleport|p1a: FUCKK\n|inactive|BillyTheFlash has 20 seconds left this turn.\n|\n|t:|1609730040\n|switch|p1a: Skooler|Tangrowth, F, shiny|100\/100 tox|[from]move: Teleport\n|\n|-damage|p1a: Skooler|94\/100 tox|[from] psn\n|upkeep\n|turn|204\n|inactive|BillyTheFlash has 20 seconds left this turn.\n|inactive|BillyTheFlash has 15 seconds left.\n|\n|t:|1609730049\n|switch|p1a: FUCKK|Blissey, F|92\/100\n|-activate|p2a: FUCKK|move: Struggle\n|move|p2a: FUCKK|Struggle|p1a: FUCKK\n|-damage|p1a: FUCKK|90\/100\n|-damage|p2a: FUCKK|50\/100|[from] recoil\n|\n|upkeep\n|turn|205\n|inactive|BillyTheFlash has 20 seconds left this turn.\n|c|\u2606IM AT MY LIMIT|Throw in the towel\n|inactive|BillyTheFlash has 15 seconds left.\n|c|\u2606IM AT MY LIMIT|Its over\n|c| o0oaK|BillyTheFlash should have taken that draw lol\n|\n|t:|1609730064\n|switch|p2a: 11 days|Urshifu, F|4\/100\n|move|p1a: FUCKK|Seismic Toss|p2a: 11 days\n|-damage|p2a: 11 days|0 fnt\n|faint|p2a: 11 days\n|\n|upkeep\n|inactive|BillyTheFlash has 15 seconds left this turn.\n|c| o0oaK|gg\n|inactive|BillyTheFlash has 10 seconds left.\n|\n|t:|1609730073\n|switch|p2a: FUCKK|Blissey, F|50\/100\n|turn|206\n|inactive|BillyTheFlash has 15 seconds left this turn.\n|c| Effect volume|now you wanna take the tie\n|c| o0oaK|BillyTheFlash offer draw\n|\n|t:|1609730078\n|-activate|p2a: FUCKK|move: Struggle\n|move|p2a: FUCKK|Struggle|p1a: FUCKK\n|-crit|p1a: FUCKK\n|-damage|p1a: FUCKK|86\/100\n|-damage|p2a: FUCKK|25\/100|[from] recoil\n|move|p1a: FUCKK|Teleport|p1a: FUCKK\n|inactive|BillyTheFlash has 15 seconds left this turn.\n|\n|t:|1609730079\n|switch|p1a: Skooler|Tangrowth, F, shiny|100\/100 tox|[from]move: Teleport\n|\n|-damage|p1a: Skooler|94\/100 tox|[from] psn\n|upkeep\n|turn|207\n|inactive|BillyTheFlash has 20 seconds left this turn.\n|inactive|BillyTheFlash has 15 seconds left.\n|inactive|BillyTheFlash has 10 seconds left.\n|\n|t:|1609730090\n|-activate|p2a: FUCKK|move: Struggle\n|move|p2a: FUCKK|Struggle|p1a: Skooler\n|-damage|p1a: Skooler|93\/100 tox\n|-damage|p2a: FUCKK|0 fnt|[from] recoil\n|faint|p2a: FUCKK\n|\n|win|IM AT MY LIMIT\n|inactive|BillyTheFlash has 15 seconds left this turn.\n|c| o0oaK|gg\n|l| Elite 4 Three\n|l| Effect volume\n|l|\u2606BillyTheFlash\n","uploadtime":1609730151,"views":54,"p1id":"imatmylimit","p2id":"billytheflash","formatid":"gen8ou","rating":0,"private":0,"password":null}