{"id":"gen8ou-1342384734","p1":"koreanrabbi","p2":"Flashybee","format":"gen8ou","log":"|j|\u2606koreanrabbi\n|j|\u2606Flashybee\n|t:|1621282847\n|gametype|singles\n|player|p1|koreanrabbi|265|1337\n|player|p2|Flashybee|1|1339\n|teamsize|p1|6\n|teamsize|p2|6\n|gen|8\n|tier|[Gen 8] OU\n|rated|\n|rule|Sleep Clause Mod: Limit one foe put to sleep\n|rule|Species Clause: Limit one of each Pok\u00e9mon\n|rule|OHKO Clause: OHKO moves are banned\n|rule|Evasion Moves Clause: Evasion moves are banned\n|rule|Endless Battle Clause: Forcing endless battles is banned\n|rule|HP Percentage Mod: HP is shown in percentages\n|rule|Dynamax Clause: You cannot dynamax\n|clearpoke\n|poke|p1|Cloyster, F|\n|poke|p1|Mew|\n|poke|p1|Gengar, M|\n|poke|p1|Bisharp, M|\n|poke|p1|Rillaboom, M|\n|poke|p1|Hawlucha, F|\n|poke|p2|Absol, M|\n|poke|p2|Aegislash, M|\n|poke|p2|Gyarados, M|\n|poke|p2|Urshifu-*, F|\n|poke|p2|Bisharp, M|\n|poke|p2|Mamoswine, F|\n|teampreview\n|\n|t:|1621282860\n|start\n|switch|p1a: Mew|Mew|100\/100\n|switch|p2a: Bisharp|Bisharp, M|100\/100\n|turn|1\n|\n|t:|1621282865\n|move|p1a: Mew|Stealth Rock|p2a: Bisharp\n|-sidestart|p2: Flashybee|move: Stealth Rock\n|move|p2a: Bisharp|Knock Off|p1a: Mew\n|-supereffective|p1a: Mew\n|-damage|p1a: Mew|0 fnt\n|-enditem|p1a: Mew|Red Card|[from] move: Knock Off|[of] p2a: Bisharp\n|faint|p1a: Mew\n|\n|upkeep\n|\n|t:|1621282878\n|switch|p1a: Rillaboom|Rillaboom, M|100\/100\n|-fieldstart|move: Grassy Terrain|[from] ability: Grassy Surge|[of] p1a: Rillaboom\n|turn|2\n|\n|t:|1621282886\n|switch|p2a: Aegislash|Aegislash, M|100\/100\n|-damage|p2a: Aegislash|94\/100|[from] Stealth Rock\n|move|p1a: Rillaboom|Swords Dance|p1a: Rillaboom\n|-boost|p1a: Rillaboom|atk|2\n|\n|-heal|p2a: Aegislash|100\/100|[from] Grassy Terrain\n|upkeep\n|turn|3\n|\n|t:|1621282894\n|move|p1a: Rillaboom|Knock Off|p2a: Aegislash\n|-supereffective|p2a: Aegislash\n|-damage|p2a: Aegislash|0 fnt\n|-enditem|p2a: Aegislash|Leftovers|[from] move: Knock Off|[of] p1a: Rillaboom\n|faint|p2a: Aegislash\n|-damage|p1a: Rillaboom|91\/100|[from] item: Life Orb\n|\n|-heal|p1a: Rillaboom|97\/100|[from] Grassy Terrain\n|upkeep\n|\n|t:|1621282918\n|switch|p2a: Gyarados|Gyarados, M|100\/100\n|turn|4\n|\n|t:|1621282925\n|move|p1a: Rillaboom|Grassy Glide|p2a: Gyarados\n|-damage|p2a: Gyarados|0 fnt\n|faint|p2a: Gyarados\n|-damage|p1a: Rillaboom|87\/100|[from] item: Life Orb\n|\n|-heal|p1a: Rillaboom|93\/100|[from] Grassy Terrain\n|upkeep\n|-message|Flashybee forfeited.\n|\n|win|koreanrabbi\n|raw|koreanrabbi's rating: 1337 &rarr; <strong>1357<\/strong><br \/>(+20 for winning)\n|raw|Flashybee's rating: 1339 &rarr; <strong>1319<\/strong><br \/>(-20 for losing)\n|l|\u2606Flashybee\n","uploadtime":1621282934,"views":8,"p1id":"koreanrabbi","p2id":"flashybee","formatid":"gen8ou","rating":1319,"private":0,"password":null}