{"id":"gen81v1-1407627170","p1":"g2 fyssure","p2":"Trogba Trogba","format":"gen81v1","log":"|j|\u2606g2 fyssure\n|j|\u2606Trogba Trogba\n|inactive|Battle timer is ON: inactive players will automatically lose when time's up.\n|t:|1630437467\n|gametype|singles\n|player|p1|g2 fyssure|101|\n|player|p2|Trogba Trogba|lance|\n|teamsize|p1|3\n|teamsize|p2|3\n|gen|8\n|tier|[Gen 8] 1v1\n|rated|Tournament battle\n|rule|Species Clause: Limit one of each Pok\u00e9mon\n|rule|OHKO Clause: OHKO moves are banned\n|rule|Evasion Moves Clause: Evasion moves are banned\n|rule|Accuracy Moves Clause: Accuracy-lowering moves are banned\n|rule|HP Percentage Mod: HP is shown in percentages\n|rule|Dynamax Clause: You cannot dynamax\n|rule|Endless Battle Clause: Forcing endless battles is banned\n|clearpoke\n|poke|p1|Malamar, F|\n|poke|p1|Avalugg, M|\n|poke|p1|Sylveon, F|\n|poke|p2|Sylveon, M|\n|poke|p2|Hydreigon, M|\n|poke|p2|Darmanitan-Galar, M|\n|teampreview|1\n|j|*Lady Monita\n|j| chupetinggaaaa\n|c|\u2606Trogba Trogba|gl\n|j| Deyvsson3000\n|c|\u2606g2 fyssure|u2\n|j| Ceoh\n|j| SteveJobsofPokemon\n|j| Foforito\n|j| Charuru\n|j| dragonknifeY\n|inactive|g2 fyssure has 120 seconds left.\n|\n|t:|1630437501\n|start\n|switch|p1a: thugg|Avalugg, M|100\/100\n|switch|p2a: Sylveon|Sylveon, M|100\/100\n|turn|1\n|\n|t:|1630437506\n|move|p2a: Sylveon|Hyper Voice|p1a: thugg\n|-damage|p1a: thugg|3\/100\n|move|p1a: thugg|Heavy Slam|p2a: Sylveon\n|-supereffective|p2a: Sylveon\n|-damage|p2a: Sylveon|0 fnt\n|faint|p2a: Sylveon\n|\n|win|g2 fyssure\n|n|\u2606g2 fyssure|g2fyssure\n|n|\u2606Trogba Trogba|trogbatrogba\n|n|*Lady Monita|ladymonita\n|n| chupetinggaaaa|chupetinggaaaa\n|n| Deyvsson3000|deyvsson3000\n|n| Ceoh|ceoh\n|n| SteveJobsofPokemon|stevejobsofpokemon\n|n| Foforito|foforito\n|n| Charuru|charuru\n|n| dragonknifeY|dragonknifey\n","uploadtime":1630437507,"views":2,"p1id":"g2fyssure","p2id":"trogbatrogba","formatid":"gen81v1","rating":0,"private":0,"password":null}