{"id":"gen8nationaldexag-1682243855","p1":"Bka Onon","p2":"MurderousMantyke","format":"gen8nationaldexag","log":"|j|\u2606Bka Onon\n|j|\u2606MurderousMantyke\n|t:|1665409479\n|gametype|singles\n|player|p1|Bka Onon|skyla-masters2|\n|player|p2|MurderousMantyke|#helpstaffxmas|\n|teamsize|p1|6\n|teamsize|p2|6\n|gen|8\n|tier|[Gen 8] National Dex AG\n|rated|Tournament battle\n|rule|HP Percentage Mod: HP is shown in percentages\n|rule|Endless Battle Clause: Forcing endless battles is banned\n|rule|Dynamax Clause: You cannot dynamax\n|rule|Evasion Moves Clause: Evasion moves are banned\n|rule|Mega Rayquaza Clause: You cannot mega evolve Rayquaza\n|rule|OHKO Clause: OHKO moves are banned\n|rule|Same Type Clause: Pok\u00e9mon in a team must share a type\n|rule|Sleep Clause Mod: Limit one foe put to sleep\n|rule|Species Clause: Limit one of each Pok\u00e9mon\n|clearpoke\n|poke|p1|Arceus-*|\n|poke|p1|Dragapult, M|\n|poke|p1|Spectrier|\n|poke|p1|Corsola-Galar, M|\n|poke|p1|Lunala|\n|poke|p1|Blacephalon|\n|poke|p2|Arceus-*|\n|poke|p2|Ho-Oh|\n|poke|p2|Landorus, M|\n|poke|p2|Salamence, M|\n|poke|p2|Yveltal|\n|poke|p2|Lugia|\n|teampreview\n|c|\u2606MurderousMantyke|hf\n|c|\u2606Bka Onon|u2\n|\n|t:|1665409488\n|start\n|switch|p1a: Corsola|Corsola-Galar, M|100\/100\n|switch|p2a: Yveltal|Yveltal|100\/100\n|-ability|p2a: Yveltal|Dark Aura\n|turn|1\n|\n|t:|1665409524\n|move|p2a: Yveltal|Dark Pulse|p1a: Corsola\n|-supereffective|p1a: Corsola\n|-damage|p1a: Corsola|21\/100\n|-start|p2a: Yveltal|Disable|Dark Pulse|[from] ability: Cursed Body|[of] p1a: Corsola\n|-damage|p2a: Yveltal|91\/100|[from] item: Life Orb\n|move|p1a: Corsola|Stealth Rock|p2a: Yveltal\n|-sidestart|p2: MurderousMantyke|move: Stealth Rock\n|\n|upkeep\n|turn|2\n|\n|t:|1665409538\n|move|p2a: Yveltal|Oblivion Wing|p1a: Corsola\n|-crit|p1a: Corsola\n|-damage|p1a: Corsola|0 fnt\n|-heal|p2a: Yveltal|100\/100|[from] drain|[of] p1a: Corsola\n|faint|p1a: Corsola\n|-damage|p2a: Yveltal|91\/100|[from] item: Life Orb\n|\n|upkeep\n|j| tes99\n|\n|t:|1665409554\n|switch|p1a: Dragapult|Dragapult, M|100\/100\n|turn|3\n|\n|t:|1665409561\n|move|p1a: Dragapult|Dragon Dance|p1a: Dragapult\n|-boost|p1a: Dragapult|atk|1\n|-boost|p1a: Dragapult|spe|1\n|move|p2a: Yveltal|Oblivion Wing|p1a: Dragapult\n|-damage|p1a: Dragapult|24\/100\n|-heal|p2a: Yveltal|100\/100|[from] drain|[of] p1a: Dragapult\n|-damage|p2a: Yveltal|91\/100|[from] item: Life Orb\n|\n|-heal|p1a: Dragapult|30\/100|[from] item: Leftovers\n|upkeep\n|turn|4\n|\n|t:|1665409583\n|switch|p2a: Arceus|Arceus-Flying|100\/100\n|-damage|p2a: Arceus|76\/100|[from] Stealth Rock\n|move|p1a: Dragapult|Substitute|p1a: Dragapult\n|-start|p1a: Dragapult|Substitute\n|-damage|p1a: Dragapult|5\/100\n|\n|-heal|p1a: Dragapult|11\/100|[from] item: Leftovers\n|upkeep\n|turn|5\n|\n|t:|1665409586\n|move|p1a: Dragapult|Dragon Darts|p2a: Arceus\n|-damage|p2a: Arceus|48\/100\n|-anim|p1a: Dragapult|Dragon Darts|p2a: Arceus\n|-damage|p2a: Arceus|22\/100\n|move|p2a: Arceus|Judgment|p1a: Dragapult\n|-end|p1a: Dragapult|Substitute\n|\n|-heal|p1a: Dragapult|17\/100|[from] item: Leftovers\n|upkeep\n|turn|6\n|\n|t:|1665409590\n|move|p1a: Dragapult|Dragon Darts|p2a: Arceus\n|-damage|p2a: Arceus|0 fnt\n|faint|p2a: Arceus\n|\n|-heal|p1a: Dragapult|23\/100|[from] item: Leftovers\n|upkeep\n|\n|t:|1665409592\n|switch|p2a: Lugia|Lugia|100\/100\n|turn|7\n|\n|t:|1665409596\n|move|p1a: Dragapult|Dragon Darts|p2a: Lugia\n|-damage|p2a: Lugia|89\/100\n|-anim|p1a: Dragapult|Dragon Darts|p2a: Lugia\n|-damage|p2a: Lugia|65\/100\n|move|p2a: Lugia|Ice Beam|p1a: Dragapult\n|-supereffective|p1a: Dragapult\n|-damage|p1a: Dragapult|0 fnt\n|faint|p1a: Dragapult\n|\n|upkeep\n|\n|t:|1665409605\n|switch|p1a: Spectrier|Spectrier|100\/100\n|turn|8\n|\n|t:|1665409611\n|move|p1a: Spectrier|Will-O-Wisp|p2a: Lugia\n|-status|p2a: Lugia|brn\n|move|p2a: Lugia|Roost|p2a: Lugia\n|-heal|p2a: Lugia|100\/100 brn\n|-singleturn|p2a: Lugia|move: Roost\n|\n|-damage|p2a: Lugia|94\/100 brn|[from] brn\n|upkeep\n|turn|9\n|\n|t:|1665409634\n|switch|p2a: Ho-Oh|Ho-Oh|100\/100\n|move|p1a: Spectrier|Substitute|p1a: Spectrier\n|-start|p1a: Spectrier|Substitute\n|-damage|p1a: Spectrier|75\/100\n|\n|-heal|p1a: Spectrier|82\/100|[from] item: Leftovers\n|upkeep\n|turn|10\n|\n|t:|1665409643\n|move|p1a: Spectrier|Nasty Plot|p1a: Spectrier\n|-boost|p1a: Spectrier|spa|2\n|move|p2a: Ho-Oh|Defog|p1a: Spectrier\n|-sideend|p2: MurderousMantyke|Stealth Rock|[from] move: Defog|[of] p2a: Ho-Oh\n|\n|-heal|p1a: Spectrier|88\/100|[from] item: Leftovers\n|upkeep\n|turn|11\n|\n|t:|1665409647\n|move|p1a: Spectrier|Hex|p2a: Ho-Oh\n|-damage|p2a: Ho-Oh|76\/100\n|move|p2a: Ho-Oh|Brave Bird|p1a: Spectrier\n|-end|p1a: Spectrier|Substitute\n|-damage|p2a: Ho-Oh|68\/100|[from] Recoil|[of] p1a: Spectrier\n|\n|-heal|p1a: Spectrier|94\/100|[from] item: Leftovers\n|upkeep\n|turn|12\n|\n|t:|1665409654\n|move|p1a: Spectrier|Nasty Plot|p1a: Spectrier\n|-boost|p1a: Spectrier|spa|2\n|move|p2a: Ho-Oh|Sacred Fire|p1a: Spectrier\n|-damage|p1a: Spectrier|41\/100\n|-status|p1a: Spectrier|brn\n|\n|-heal|p1a: Spectrier|47\/100 brn|[from] item: Leftovers\n|-damage|p1a: Spectrier|41\/100 brn|[from] brn\n|upkeep\n|turn|13\n|\n|t:|1665409667\n|move|p1a: Spectrier|Hex|p2a: Ho-Oh\n|-damage|p2a: Ho-Oh|30\/100\n|move|p2a: Ho-Oh|Sacred Fire|p1a: Spectrier\n|-damage|p1a: Spectrier|0 fnt\n|faint|p1a: Spectrier\n|\n|upkeep\n|\n|t:|1665409677\n|switch|p1a: Blacephalon|Blacephalon|100\/100\n|turn|14\n|\n|t:|1665409679\n|move|p1a: Blacephalon|Psyshock|p2a: Ho-Oh\n|-damage|p2a: Ho-Oh|4\/100\n|move|p2a: Ho-Oh|Brave Bird|p1a: Blacephalon\n|-damage|p1a: Blacephalon|0 fnt\n|faint|p1a: Blacephalon\n|-damage|p2a: Ho-Oh|0 fnt|[from] Recoil\n|faint|p2a: Ho-Oh\n|\n|upkeep\n|c|\u2606MurderousMantyke|W mon\n|j|%Neko\n|c|\u2606Bka Onon|spdef too strong\n|\n|t:|1665409700\n|switch|p1a: Lunala|Lunala|100\/100\n|switch|p2a: Landorus|Landorus, M|100\/100\n|turn|15\n|\n|t:|1665409712\n|move|p2a: Landorus|Earth Power|p1a: Lunala\n|-damage|p1a: Lunala|76\/100\n|move|p1a: Lunala|Moongeist Beam|p2a: Landorus\n|-damage|p2a: Landorus|44\/100\n|\n|upkeep\n|turn|16\n|\n|t:|1665409718\n|move|p2a: Landorus|Earth Power|p1a: Lunala\n|-damage|p1a: Lunala|29\/100\n|move|p1a: Lunala|Roost|p1a: Lunala\n|-heal|p1a: Lunala|79\/100\n|-singleturn|p1a: Lunala|move: Roost\n|\n|upkeep\n|turn|17\n|\n|t:|1665409728\n|move|p2a: Landorus|Stealth Rock|p1a: Lunala\n|-sidestart|p1: Bka Onon|move: Stealth Rock\n|move|p1a: Lunala|Roost|p1a: Lunala\n|-heal|p1a: Lunala|100\/100\n|-singleturn|p1a: Lunala|move: Roost\n|\n|upkeep\n|turn|18\n|\n|t:|1665409731\n|move|p2a: Landorus|Earth Power|p1a: Lunala\n|-damage|p1a: Lunala|77\/100\n|move|p1a: Lunala|Moongeist Beam|p2a: Landorus\n|-damage|p2a: Landorus|0 fnt\n|faint|p2a: Landorus\n|\n|upkeep\n|\n|t:|1665409734\n|switch|p2a: Yveltal|Yveltal|91\/100\n|-ability|p2a: Yveltal|Dark Aura\n|turn|19\n|\n|t:|1665409736\n|move|p2a: Yveltal|Dark Pulse|p1a: Lunala\n|-supereffective|p1a: Lunala\n|-damage|p1a: Lunala|0 fnt\n|faint|p1a: Lunala\n|-damage|p2a: Yveltal|81\/100|[from] item: Life Orb\n|\n|upkeep\n|\n|t:|1665409739\n|switch|p1a: Arceus|Arceus-Ghost|100\/100\n|-damage|p1a: Arceus|88\/100|[from] Stealth Rock\n|turn|20\n|\n|t:|1665409742\n|move|p1a: Arceus|Swords Dance|p1a: Arceus\n|-boost|p1a: Arceus|atk|2\n|move|p2a: Yveltal|Dark Pulse|p1a: Arceus\n|-supereffective|p1a: Arceus\n|-damage|p1a: Arceus|0 fnt\n|faint|p1a: Arceus\n|-damage|p2a: Yveltal|71\/100|[from] item: Life Orb\n|\n|win|MurderousMantyke\n|n|\u2606Bka Onon|bkaonon\n|n|\u2606MurderousMantyke|murderousmantyke\n|n| tes99|tes99\n|n| Neko|neko\n","uploadtime":1665409743,"views":5,"p1id":"bkaonon","p2id":"murderousmantyke","formatid":"gen8nationaldexag","rating":0,"private":0,"password":null}