{"id":"gen8ou-1698534229","p1":"UnknownDeviant","p2":"playeraccount","format":"gen8ou","log":"|j|\u2606UnknownDeviant\n|j|\u2606playeraccount\n|t:|1667136558\n|gametype|singles\n|player|p1|UnknownDeviant|roark|1387\n|player|p2|playeraccount|265|1344\n|teamsize|p1|6\n|teamsize|p2|6\n|gen|8\n|tier|[Gen 8] OU\n|rated|\n|rule|Sleep Clause Mod: Limit one foe put to sleep\n|rule|Species Clause: Limit one of each Pok\u00e9mon\n|rule|OHKO Clause: OHKO moves are banned\n|rule|Evasion Items Clause: Evasion items are banned\n|rule|Evasion Moves Clause: Evasion moves are banned\n|rule|Endless Battle Clause: Forcing endless battles is banned\n|rule|HP Percentage Mod: HP is shown in percentages\n|rule|Dynamax Clause: You cannot dynamax\n|clearpoke\n|poke|p1|Melmetal|\n|poke|p1|Volcarona, M|\n|poke|p1|Clefable, F|\n|poke|p1|Rotom-Wash|\n|poke|p1|Landorus-Therian, M|\n|poke|p1|Kartana|\n|poke|p2|Druddigon, M|\n|poke|p2|Nidoqueen, F|\n|poke|p2|Zapdos|\n|poke|p2|Weavile, F|\n|poke|p2|Tapu Fini|\n|poke|p2|Ferrothorn, M|\n|teampreview\n|inactive|Battle timer is ON: inactive players will automatically lose when time's up. (requested by playeraccount)\n|\n|t:|1667136572\n|start\n|switch|p1a: Clefable|Clefable, F|100\/100\n|switch|p2a: Druddigon|Druddigon, M, shiny|100\/100\n|turn|1\n|\n|t:|1667136580\n|move|p2a: Druddigon|Protect|p2a: Druddigon\n|-singleturn|p2a: Druddigon|Protect\n|move|p1a: Clefable|Stealth Rock|p2a: Druddigon\n|-sidestart|p2: playeraccount|move: Stealth Rock\n|\n|upkeep\n|turn|2\n|\n|t:|1667136586\n|move|p1a: Clefable|Moonblast|p2a: Druddigon\n|-supereffective|p2a: Druddigon\n|-crit|p2a: Druddigon\n|-damage|p2a: Druddigon|28\/100\n|-unboost|p2a: Druddigon|spa|1\n|move|p2a: Druddigon|Stealth Rock|p1a: Clefable\n|-sidestart|p1: UnknownDeviant|move: Stealth Rock\n|\n|-heal|p2a: Druddigon|34\/100|[from] item: Leftovers\n|upkeep\n|turn|3\n|\n|t:|1667136593\n|switch|p2a: Ferrothorn|Ferrothorn, M, shiny|100\/100\n|-damage|p2a: Ferrothorn|94\/100|[from] Stealth Rock\n|move|p1a: Clefable|Knock Off|p2a: Ferrothorn\n|-damage|p2a: Ferrothorn|81\/100\n|-activate|p2a: Ferrothorn|ability: Iron Barbs\n|-enditem|p2a: Ferrothorn|Leftovers|[from] move: Knock Off|[of] p1a: Clefable\n|\n|upkeep\n|turn|4\n|\n|t:|1667136603\n|switch|p1a: Volcarona|Volcarona, M|100\/100\n|move|p2a: Ferrothorn|Leech Seed|p1a: Volcarona|[miss]\n|-miss|p2a: Ferrothorn|p1a: Volcarona\n|\n|upkeep\n|turn|5\n|\n|t:|1667136610\n|switch|p2a: Nidoqueen|Nidoqueen, F, shiny|100\/100\n|-damage|p2a: Nidoqueen|94\/100|[from] Stealth Rock\n|move|p1a: Volcarona|Quiver Dance|p1a: Volcarona\n|-boost|p1a: Volcarona|spa|1\n|-boost|p1a: Volcarona|spd|1\n|-boost|p1a: Volcarona|spe|1\n|\n|upkeep\n|turn|6\n|\n|t:|1667136615\n|move|p1a: Volcarona|Psychic|p2a: Nidoqueen\n|-supereffective|p2a: Nidoqueen\n|-damage|p2a: Nidoqueen|0 fnt\n|faint|p2a: Nidoqueen\n|\n|upkeep\n|\n|t:|1667136618\n|switch|p2a: Druddigon|Druddigon, M, shiny|34\/100\n|-damage|p2a: Druddigon|22\/100|[from] Stealth Rock\n|turn|7\n|\n|t:|1667136621\n|move|p1a: Volcarona|Psychic|p2a: Druddigon\n|-damage|p2a: Druddigon|0 fnt\n|faint|p2a: Druddigon\n|\n|upkeep\n|\n|t:|1667136626\n|switch|p2a: Ferrothorn|Ferrothorn, M, shiny|81\/100\n|-damage|p2a: Ferrothorn|75\/100|[from] Stealth Rock\n|turn|8\n|\n|t:|1667136631\n|move|p1a: Volcarona|Flamethrower|p2a: Ferrothorn\n|-supereffective|p2a: Ferrothorn\n|-damage|p2a: Ferrothorn|0 fnt\n|faint|p2a: Ferrothorn\n|\n|upkeep\n|\n|t:|1667136636\n|switch|p2a: Tapu Fini|Tapu Fini, shiny|100\/100\n|-damage|p2a: Tapu Fini|88\/100|[from] Stealth Rock\n|-fieldstart|move: Misty Terrain|[from] ability: Misty Surge|[of] p2a: Tapu Fini\n|turn|9\n|inactive|UnknownDeviant has 120 seconds left.\n|\n|t:|1667136670\n|switch|p1a: Melmetal|Melmetal|100\/100\n|-damage|p1a: Melmetal|94\/100|[from] Stealth Rock\n|move|p2a: Tapu Fini|Trick|p1a: Melmetal\n|-activate|p2a: Tapu Fini|move: Trick|[of] p1a: Melmetal\n|-item|p1a: Melmetal|Choice Scarf|[from] move: Trick\n|-item|p2a: Tapu Fini|Leftovers|[from] move: Trick\n|\n|-heal|p2a: Tapu Fini|94\/100|[from] item: Leftovers\n|upkeep\n|turn|10\n|\n|t:|1667136676\n|switch|p2a: Zapdos|Zapdos, shiny|100\/100\n|move|p1a: Melmetal|Double Iron Bash|p2a: Zapdos\n|-resisted|p2a: Zapdos\n|-damage|p2a: Zapdos|84\/100\n|-resisted|p2a: Zapdos\n|-damage|p2a: Zapdos|68\/100\n|-hitcount|p2a: Zapdos|2\n|\n|upkeep\n|turn|11\n|\n|t:|1667136681\n|switch|p1a: Landorus|Landorus-Therian, M|100\/100\n|-damage|p1a: Landorus|88\/100|[from] Stealth Rock\n|-ability|p1a: Landorus|Intimidate|boost\n|-unboost|p2a: Zapdos|atk|1\n|move|p2a: Zapdos|Heat Wave|p1a: Landorus\n|-damage|p1a: Landorus|54\/100\n|\n|upkeep\n|turn|12\n|\n|t:|1667136684\n|move|p1a: Landorus|Stone Edge|p2a: Zapdos\n|-supereffective|p2a: Zapdos\n|-damage|p2a: Zapdos|18\/100\n|move|p2a: Zapdos|Heat Wave|p1a: Landorus\n|-damage|p1a: Landorus|18\/100\n|\n|upkeep\n|turn|13\n|\n|t:|1667136688\n|move|p1a: Landorus|Stone Edge|p2a: Zapdos|[miss]\n|-miss|p1a: Landorus|p2a: Zapdos\n|move|p2a: Zapdos|Heat Wave|p1a: Landorus\n|-damage|p1a: Landorus|0 fnt\n|faint|p1a: Landorus\n|\n|-fieldend|Misty Terrain\n|upkeep\n|\n|t:|1667136694\n|switch|p1a: Volcarona|Volcarona, M|100\/100\n|turn|14\n|\n|t:|1667136699\n|move|p1a: Volcarona|Quiver Dance|p1a: Volcarona\n|-boost|p1a: Volcarona|spa|1\n|-boost|p1a: Volcarona|spd|1\n|-boost|p1a: Volcarona|spe|1\n|move|p2a: Zapdos|Heat Wave|p1a: Volcarona\n|-damage|p1a: Volcarona|81\/100\n|\n|upkeep\n|turn|15\n|\n|t:|1667136702\n|move|p1a: Volcarona|Quiver Dance|p1a: Volcarona\n|-boost|p1a: Volcarona|spa|1\n|-boost|p1a: Volcarona|spd|1\n|-boost|p1a: Volcarona|spe|1\n|move|p2a: Zapdos|Heat Wave|p1a: Volcarona\n|-damage|p1a: Volcarona|66\/100\n|\n|upkeep\n|turn|16\n|\n|t:|1667136706\n|move|p1a: Volcarona|Quiver Dance|p1a: Volcarona\n|-boost|p1a: Volcarona|spa|1\n|-boost|p1a: Volcarona|spd|1\n|-boost|p1a: Volcarona|spe|1\n|move|p2a: Zapdos|Heat Wave|p1a: Volcarona\n|-damage|p1a: Volcarona|55\/100\n|\n|upkeep\n|turn|17\n|\n|t:|1667136708\n|move|p1a: Volcarona|Psychic|p2a: Zapdos\n|-damage|p2a: Zapdos|0 fnt\n|faint|p2a: Zapdos\n|\n|upkeep\n|\n|t:|1667136712\n|switch|p2a: Weavile|Weavile, F, shiny|100\/100\n|-damage|p2a: Weavile|76\/100|[from] Stealth Rock\n|turn|18\n|\n|t:|1667136715\n|move|p2a: Weavile|Ice Shard|p1a: Volcarona\n|-resisted|p1a: Volcarona\n|-damage|p1a: Volcarona|31\/100\n|move|p1a: Volcarona|Bug Buzz|p2a: Weavile\n|-supereffective|p2a: Weavile\n|-damage|p2a: Weavile|0 fnt\n|faint|p2a: Weavile\n|\n|upkeep\n|\n|t:|1667136719\n|switch|p2a: Tapu Fini|Tapu Fini, shiny|94\/100\n|-damage|p2a: Tapu Fini|82\/100|[from] Stealth Rock\n|-fieldstart|move: Misty Terrain|[from] ability: Misty Surge|[of] p2a: Tapu Fini\n|turn|19\n|\n|t:|1667136724\n|move|p1a: Volcarona|Psychic|p2a: Tapu Fini\n|-damage|p2a: Tapu Fini|0 fnt\n|faint|p2a: Tapu Fini\n|\n|win|UnknownDeviant\n|raw|UnknownDeviant's rating: 1387 &rarr; <strong>1405<\/strong><br \/>(+18 for winning)\n|raw|playeraccount's rating: 1344 &rarr; <strong>1326<\/strong><br \/>(-18 for losing)\n|l|\u2606UnknownDeviant\n|j|\u2606UnknownDeviant\n|player|p1|UnknownDeviant|roark\n","uploadtime":1667136738,"views":7,"p1id":"unknowndeviant","p2id":"playeraccount","formatid":"gen8ou","rating":1326,"private":0,"password":null}