{"id":"gen8ou-1667736634","p1":"sufy512","p2":"2(H2O)-Alt","format":"gen8ou","log":"|j|\u2606sufy512\n|j|\u26062(H2O)-Alt\n|t:|1663551832\n|gametype|singles\n|player|p1|sufy512|peonia|1672\n|player|p2|2(H2O)-Alt|chase|1718\n|teamsize|p1|6\n|teamsize|p2|6\n|gen|8\n|tier|[Gen 8] OU\n|rated|\n|rule|Sleep Clause Mod: Limit one foe put to sleep\n|rule|Species Clause: Limit one of each Pok\u00e9mon\n|rule|OHKO Clause: OHKO moves are banned\n|rule|Evasion Items Clause: Evasion items are banned\n|rule|Evasion Moves Clause: Evasion moves are banned\n|rule|Endless Battle Clause: Forcing endless battles is banned\n|rule|HP Percentage Mod: HP is shown in percentages\n|rule|Dynamax Clause: You cannot dynamax\n|clearpoke\n|poke|p1|Primarina, M|\n|poke|p1|Zapdos|\n|poke|p1|Garchomp, F|\n|poke|p1|Ferrothorn, M|\n|poke|p1|Weavile, F|\n|poke|p1|Blacephalon|\n|poke|p2|Zeraora|\n|poke|p2|Volcanion|\n|poke|p2|Landorus-Therian, M|\n|poke|p2|Volcarona, F|\n|poke|p2|Blacephalon|\n|poke|p2|Moltres-Galar|\n|teampreview\n|inactive|Battle timer is ON: inactive players will automatically lose when time's up. (requested by 2(H2O)-Alt)\n|j| DisasterBruhMoment\n|inactive|sufy512 has 120 seconds left.\n|\n|t:|1663551894\n|start\n|switch|p1a: Weavile|Weavile, F|100\/100\n|switch|p2a: Zeraora|Zeraora|100\/100\n|-ability|p1a: Weavile|Pressure\n|turn|1\n|\n|t:|1663551906\n|switch|p2a: Volcanion|Volcanion|100\/100\n|switch|p1a: Garchomp|Garchomp, F|100\/100\n|\n|upkeep\n|turn|2\n|\n|t:|1663551915\n|move|p1a: Garchomp|Earthquake|p2a: Volcanion\n|-supereffective|p2a: Volcanion\n|-damage|p2a: Volcanion|14\/100\n|move|p2a: Volcanion|Steam Eruption|p1a: Garchomp\n|-damage|p1a: Garchomp|31\/100\n|\n|-heal|p1a: Garchomp|37\/100|[from] item: Leftovers\n|upkeep\n|turn|3\n|\n|t:|1663551923\n|move|p1a: Garchomp|Scale Shot|p2a: Volcanion\n|-damage|p2a: Volcanion|4\/100\n|-damage|p2a: Volcanion|0 fnt\n|faint|p2a: Volcanion\n|-hitcount|p2: Volcanion|2\n|-unboost|p1a: Garchomp|def|1\n|-boost|p1a: Garchomp|spe|1\n|\n|-heal|p1a: Garchomp|43\/100|[from] item: Leftovers\n|upkeep\n|\n|t:|1663551929\n|switch|p2a: Landorus|Landorus-Therian, M|100\/100\n|-ability|p2a: Landorus|Intimidate|boost\n|-unboost|p1a: Garchomp|atk|1\n|turn|4\n|\n|t:|1663551933\n|switch|p1a: Ferrothorn|Ferrothorn, M|100\/100\n|move|p2a: Landorus|Stealth Rock|p1a: Ferrothorn\n|-sidestart|p1: sufy512|move: Stealth Rock\n|\n|upkeep\n|turn|5\n|\n|t:|1663551942\n|switch|p2a: Moltres|Moltres-Galar|100\/100\n|move|p1a: Ferrothorn|Knock Off|p2a: Moltres\n|-resisted|p2a: Moltres\n|-damage|p2a: Moltres|89\/100\n|-enditem|p2a: Moltres|Chesto Berry|[from] move: Knock Off|[of] p1a: Ferrothorn\n|\n|upkeep\n|turn|6\n|\n|t:|1663551949\n|switch|p1a: Primarina|Primarina, M|100\/100\n|-damage|p1a: Primarina|88\/100|[from] Stealth Rock\n|move|p2a: Moltres|Nasty Plot|p2a: Moltres\n|-boost|p2a: Moltres|spa|2\n|\n|-heal|p1a: Primarina|94\/100|[from] item: Leftovers\n|upkeep\n|turn|7\n|\n|t:|1663551953\n|move|p2a: Moltres|Fiery Wrath|p1a: Primarina\n|-resisted|p1a: Primarina\n|-damage|p1a: Primarina|62\/100\n|move|p1a: Primarina|Calm Mind|p1a: Primarina\n|-boost|p1a: Primarina|spa|1\n|-boost|p1a: Primarina|spd|1\n|\n|-heal|p1a: Primarina|68\/100|[from] item: Leftovers\n|upkeep\n|turn|8\n|\n|t:|1663551958\n|move|p2a: Moltres|Fiery Wrath|p1a: Primarina\n|-resisted|p1a: Primarina\n|-damage|p1a: Primarina|49\/100\n|move|p1a: Primarina|Moonblast|p2a: Moltres\n|-supereffective|p2a: Moltres\n|-damage|p2a: Moltres|0 fnt\n|faint|p2a: Moltres\n|\n|-heal|p1a: Primarina|55\/100|[from] item: Leftovers\n|upkeep\n|\n|t:|1663551963\n|switch|p2a: Zeraora|Zeraora|100\/100\n|turn|9\n|\n|t:|1663551972\n|switch|p1a: Garchomp|Garchomp, F|43\/100\n|-damage|p1a: Garchomp|37\/100|[from] Stealth Rock\n|move|p2a: Zeraora|Plasma Fists|p1a: Garchomp\n|-immune|p1a: Garchomp\n|\n|-heal|p1a: Garchomp|43\/100|[from] item: Leftovers\n|upkeep\n|turn|10\n|\n|t:|1663551977\n|switch|p2a: Landorus|Landorus-Therian, M|100\/100\n|-ability|p2a: Landorus|Intimidate|boost\n|-unboost|p1a: Garchomp|atk|1\n|move|p1a: Garchomp|Scale Shot|p2a: Landorus\n|-damage|p2a: Landorus|91\/100\n|-damage|p2a: Landorus|79\/100\n|-damage|p2a: Landorus|69\/100\n|-damage|p2a: Landorus|58\/100\n|-hitcount|p2a: Landorus|4\n|-unboost|p1a: Garchomp|def|1\n|-boost|p1a: Garchomp|spe|1\n|\n|-heal|p1a: Garchomp|49\/100|[from] item: Leftovers\n|upkeep\n|turn|11\n|\n|t:|1663551984\n|switch|p1a: Ferrothorn|Ferrothorn, M|100\/100\n|-damage|p1a: Ferrothorn|94\/100|[from] Stealth Rock\n|move|p2a: Landorus|Earthquake|p1a: Ferrothorn\n|-damage|p1a: Ferrothorn|59\/100\n|\n|-heal|p1a: Ferrothorn|66\/100|[from] item: Leftovers\n|upkeep\n|turn|12\n|\n|t:|1663551986\n|move|p2a: Landorus|Earthquake|p1a: Ferrothorn\n|-damage|p1a: Ferrothorn|26\/100\n|move|p1a: Ferrothorn|Knock Off|p2a: Landorus\n|-damage|p2a: Landorus|33\/100\n|-enditem|p2a: Landorus|Normal Gem|[from] move: Knock Off|[of] p1a: Ferrothorn\n|\n|-heal|p1a: Ferrothorn|33\/100|[from] item: Leftovers\n|upkeep\n|turn|13\n|\n|t:|1663551992\n|move|p2a: Landorus|Earthquake|p1a: Ferrothorn\n|-damage|p1a: Ferrothorn|0 fnt\n|faint|p1a: Ferrothorn\n|\n|upkeep\n|\n|t:|1663551994\n|switch|p1a: Blacephalon|Blacephalon|100\/100\n|-damage|p1a: Blacephalon|76\/100|[from] Stealth Rock\n|turn|14\n|\n|t:|1663552001\n|move|p1a: Blacephalon|Shadow Ball|p2a: Landorus\n|-damage|p2a: Landorus|0 fnt\n|faint|p2a: Landorus\n|-ability|p1a: Blacephalon|Beast Boost|boost\n|-boost|p1a: Blacephalon|spa|1\n|\n|upkeep\n|\n|t:|1663552008\n|switch|p2a: Blacephalon|Blacephalon|100\/100\n|turn|15\n|\n|t:|1663552011\n|move|p1a: Blacephalon|Shadow Ball|p2a: Blacephalon\n|-supereffective|p2a: Blacephalon\n|-damage|p2a: Blacephalon|0 fnt\n|faint|p2a: Blacephalon\n|-ability|p1a: Blacephalon|Beast Boost|boost\n|-boost|p1a: Blacephalon|spa|1\n|\n|upkeep\n|\n|t:|1663552013\n|switch|p2a: Zeraora|Zeraora|100\/100\n|turn|16\n|-message|2(H2O)-Alt forfeited.\n|\n|win|sufy512\n|raw|sufy512's rating: 1672 &rarr; <strong>1695<\/strong><br \/>(+23 for winning)\n|raw|2(H2O)-Alt's rating: 1718 &rarr; <strong>1695<\/strong><br \/>(-23 for losing)\n|l|\u26062(H2O)-Alt\n","uploadtime":1663552031,"views":62,"p1id":"sufy512","p2id":"2h2oalt","formatid":"gen8ou","rating":1695,"private":0,"password":null}