{"id":"gen8ou-1692097527","p1":"toon arctozolt","p2":"OUTD Chief","format":"gen8ou","log":"|html|<div class=\"broadcast-blue\"><strong>[Gen 8] OU is currently suspecting Melmetal! For information on how to participate check out the <a href=\"https:\/\/www.smogon.com\/forums\/threads\/np-ss-ou-suspect-process-round-12-monster-mash.3709234\/\">suspect thread<\/a>.<\/strong><\/div>\n|j|\u2606toon arctozolt\n|j|\u2606OUTD Chief\n|t:|1666451648\n|gametype|singles\n|player|p1|toon arctozolt|harlequin|1604\n|player|p2|OUTD Chief|giovanni-gen1|1574\n|teamsize|p1|6\n|teamsize|p2|6\n|gen|8\n|tier|[Gen 8] OU\n|rated|\n|rule|Sleep Clause Mod: Limit one foe put to sleep\n|rule|Species Clause: Limit one of each Pok\u00e9mon\n|rule|OHKO Clause: OHKO moves are banned\n|rule|Evasion Items Clause: Evasion items are banned\n|rule|Evasion Moves Clause: Evasion moves are banned\n|rule|Endless Battle Clause: Forcing endless battles is banned\n|rule|HP Percentage Mod: HP is shown in percentages\n|rule|Dynamax Clause: You cannot dynamax\n|clearpoke\n|poke|p1|Pelipper, M|\n|poke|p1|Corviknight, M|\n|poke|p1|Inteleon, F|\n|poke|p1|Ferrothorn, F|\n|poke|p1|Barraskewda, M|\n|poke|p1|Seismitoad, F|\n|poke|p2|Ferrothorn, F|\n|poke|p2|Tornadus-Therian, M|\n|poke|p2|Tyranitar, F|\n|poke|p2|Melmetal|\n|poke|p2|Urshifu-*, M|\n|poke|p2|Landorus-Therian, M|\n|teampreview\n|inactive|Battle timer is ON: inactive players will automatically lose when time's up. (requested by toon arctozolt)\n|inactive|toon arctozolt has 120 seconds left.\n|inactive|OUTD Chief has 120 seconds left.\n|c|\u2606toon arctozolt|how u voting\n|c|\u2606OUTD Chief|no ban\n|c|\u2606toon arctozolt|u a freak\n|inactive|OUTD Chief has 90 seconds left.\n|c|\u2606OUTD Chief|lol\n|c|\u2606toon arctozolt|I love you\n|c|\u2606OUTD Chief|:}\n|inactive|OUTD Chief has 60 seconds left.\n|\n|t:|1666451747\n|start\n|switch|p1a: Ferrothorn|Ferrothorn, F|100\/100\n|switch|p2a: Landorus|Landorus-Therian, M|100\/100\n|-ability|p2a: Landorus|Intimidate|boost\n|-unboost|p1a: Ferrothorn|atk|1\n|turn|1\n|\n|t:|1666451751\n|move|p2a: Landorus|Earthquake|p1a: Ferrothorn\n|-damage|p1a: Ferrothorn|60\/100\n|move|p1a: Ferrothorn|Knock Off|p2a: Landorus\n|-damage|p2a: Landorus|84\/100\n|-enditem|p2a: Landorus|Choice Scarf|[from] move: Knock Off|[of] p1a: Ferrothorn\n|\n|-heal|p1a: Ferrothorn|66\/100|[from] item: Leftovers\n|upkeep\n|turn|2\n|\n|t:|1666451761\n|move|p2a: Landorus|Earthquake|p1a: Ferrothorn\n|-damage|p1a: Ferrothorn|25\/100\n|move|p1a: Ferrothorn|Stealth Rock|p2a: Landorus\n|-sidestart|p2: OUTD Chief|move: Stealth Rock\n|\n|-heal|p1a: Ferrothorn|31\/100|[from] item: Leftovers\n|upkeep\n|turn|3\n|\n|t:|1666451765\n|switch|p1a: Corviknight|Corviknight, M|100\/100\n|-ability|p1a: Corviknight|Pressure\n|move|p2a: Landorus|Defog|p1a: Corviknight\n|-unboost|p1a: Corviknight|evasion|1\n|-sideend|p2: OUTD Chief|Stealth Rock|[from] move: Defog|[of] p2a: Landorus\n|\n|upkeep\n|turn|4\n|\n|t:|1666451771\n|move|p2a: Landorus|Stone Edge|p1a: Corviknight\n|-damage|p1a: Corviknight|80\/100\n|move|p1a: Corviknight|U-turn|p2a: Landorus\n|-resisted|p2a: Landorus\n|-damage|p2a: Landorus|75\/100\n|\n|t:|1666451781\n|switch|p1a: Inteleon|Inteleon, F|100\/100|[from]move: U-turn\n|\n|upkeep\n|turn|5\n|inactive|OUTD Chief has 120 seconds left.\n|j| Spyer2k\n|inactive|OUTD Chief has 90 seconds left.\n|\n|t:|1666451847\n|switch|p2a: Tornadus|Tornadus-Therian, M|100\/100\n|move|p1a: Inteleon|Focus Energy|p1a: Inteleon\n|-start|p1a: Inteleon|move: Focus Energy\n|\n|upkeep\n|turn|6\n|inactive|OUTD Chief has 90 seconds left.\n|c| Spyer2k|QOTD: do fat people deserve the same rights as normal people?\n|\n|t:|1666451860\n|move|p2a: Tornadus|Knock Off|p1a: Inteleon\n|-damage|p1a: Inteleon|63\/100\n|-enditem|p1a: Inteleon|Scope Lens|[from] move: Knock Off|[of] p2a: Tornadus\n|move|p1a: Inteleon|Snipe Shot|p2a: Tornadus\n|-crit|p2a: Tornadus\n|-damage|p2a: Tornadus|36\/100\n|\n|upkeep\n|turn|7\n|inactive|OUTD Chief has 90 seconds left.\n|c|\u2606toon arctozolt|YES\n|j| monkaSaur\n|\n|t:|1666451882\n|move|p2a: Tornadus|U-turn|p1a: Inteleon\n|-damage|p1a: Inteleon|38\/100\n|\n|t:|1666451885\n|switch|p2a: Ferrothorn|Ferrothorn, F, shiny|100\/100|[from]move: U-turn\n|move|p1a: Inteleon|Snipe Shot|p2a: Ferrothorn\n|-resisted|p2a: Ferrothorn\n|-crit|p2a: Ferrothorn\n|-damage|p2a: Ferrothorn|60\/100\n|\n|-heal|p2a: Ferrothorn|66\/100|[from] item: Leftovers\n|upkeep\n|turn|8\n|c| Spyer2k|why\n|c|\u2606toon arctozolt|2x RIGHTS FOR 2x SIZE\n|c| monkaSaur|wtf did i walk in to\n|\n|t:|1666451911\n|move|p1a: Inteleon|Hydro Cannon|p2a: Ferrothorn\n|-resisted|p2a: Ferrothorn\n|-crit|p2a: Ferrothorn\n|-damage|p2a: Ferrothorn|0 fnt\n|-mustrecharge|p1a: Inteleon\n|faint|p2a: Ferrothorn\n|\n|upkeep\n|inactive|OUTD Chief has 90 seconds left.\n|c| Spyer2k|they should get less rights because they've become more animalistic. Controlled by thoughtless hunger rather than reason\n|c|\u2606toon arctozolt|go play in traffic\n|c| Spyer2k|See you ruined the discussion with ad hominem\n|inactive|OUTD Chief has 60 seconds left.\n|c|\u2606toon arctozolt|use ur thoughtless hunger instead of reason\n|\n|t:|1666451968\n|switch|p2a: Tornadus|Tornadus-Therian, M|69\/100\n|turn|9\n|\n|t:|1666451972\n|move|p2a: Tornadus|Hurricane|p1a: Inteleon|[miss]\n|-miss|p2a: Tornadus|p1a: Inteleon\n|cant|p1a: Inteleon|recharge\n|\n|upkeep\n|turn|10\n|\n|t:|1666451985\n|move|p2a: Tornadus|Hurricane|p1a: Inteleon|[miss]\n|-miss|p2a: Tornadus|p1a: Inteleon\n|move|p1a: Inteleon|Hydro Cannon|p2a: Tornadus|[miss]\n|-miss|p1a: Inteleon|p2a: Tornadus\n|\n|upkeep\n|turn|11\n|c| Spyer2k|Humans should use reason, its what we have unique to the rest of the animal kingdom\n|j| Inv solak plz\n|raw|<div class=\"broadcast-red\"><strong>Moderated chat was set to +!<\/strong><br \/>Only users of rank + and higher can talk.<\/div>\n|\n|t:|1666452002\n|switch|p1a: Corviknight|Corviknight, M|80\/100\n|-ability|p1a: Corviknight|Pressure\n|move|p2a: Tornadus|Hurricane|p1a: Corviknight\n|-resisted|p1a: Corviknight\n|-damage|p1a: Corviknight|60\/100\n|-start|p1a: Corviknight|confusion\n|\n|upkeep\n|turn|12\n|\n|t:|1666452020\n|move|p2a: Tornadus|Knock Off|p1a: Corviknight\n|-damage|p1a: Corviknight|48\/100\n|-damage|p2a: Tornadus|52\/100|[from] item: Rocky Helmet|[of] p1a: Corviknight\n|-enditem|p1a: Corviknight|Rocky Helmet|[from] move: Knock Off|[of] p2a: Tornadus\n|-activate|p1a: Corviknight|confusion\n|move|p1a: Corviknight|U-turn|p2a: Tornadus\n|-resisted|p2a: Tornadus\n|-damage|p2a: Tornadus|45\/100\n|c|\u2606toon arctozolt|that guy was spittin\n|c|\u2606toon arctozolt|free spyer2k\n|inactive|toon arctozolt has 120 seconds left.\n|\n|t:|1666452058\n|switch|p1a: Ferrothorn|Ferrothorn, F|31\/100|[from]move: U-turn\n|\n|-heal|p1a: Ferrothorn|37\/100|[from] item: Leftovers\n|upkeep\n|turn|13\n|inactive|OUTD Chief has 60 seconds left.\n|\n|t:|1666452099\n|move|p2a: Tornadus|Hurricane|p1a: Ferrothorn\n|-damage|p1a: Ferrothorn|11\/100\n|move|p1a: Ferrothorn|Stealth Rock|p2a: Tornadus\n|-sidestart|p2: OUTD Chief|move: Stealth Rock\n|\n|-heal|p1a: Ferrothorn|17\/100|[from] item: Leftovers\n|upkeep\n|turn|14\n|\n|t:|1666452108\n|switch|p1a: Corviknight|Corviknight, M|48\/100\n|-ability|p1a: Corviknight|Pressure\n|move|p2a: Tornadus|Hurricane|p1a: Corviknight\n|-resisted|p1a: Corviknight\n|-damage|p1a: Corviknight|29\/100\n|\n|upkeep\n|turn|15\n|inactive|toon arctozolt has 120 seconds left.\n|inactive|OUTD Chief has 30 seconds left.\n|inactive|OUTD Chief has 20 seconds left.\n|inactive|OUTD Chief has 15 seconds left.\n|\n|t:|1666452152\n|move|p2a: Tornadus|U-turn|p1a: Corviknight\n|-resisted|p1a: Corviknight\n|-damage|p1a: Corviknight|27\/100\n|inactive|OUTD Chief has 20 seconds left this turn.\n|\n|t:|1666452155\n|switch|p2a: Urshifu|Urshifu-Rapid-Strike, M|100\/100|[from]move: U-turn\n|-damage|p2a: Urshifu|94\/100|[from] Stealth Rock\n|move|p1a: Corviknight|Brave Bird|p2a: Urshifu\n|-supereffective|p2a: Urshifu\n|-damage|p2a: Urshifu|22\/100\n|-damage|p1a: Corviknight|7\/100|[from] Recoil\n|\n|upkeep\n|turn|16\n|inactive|OUTD Chief has 30 seconds left this turn.\n|inactive|toon arctozolt has 120 seconds left.\n|\n|t:|1666452166\n|switch|p1a: Ferrothorn|Ferrothorn, F|17\/100\n|move|p2a: Urshifu|Close Combat|p1a: Ferrothorn\n|-supereffective|p1a: Ferrothorn\n|-damage|p1a: Ferrothorn|0 fnt\n|-unboost|p2a: Urshifu|def|1\n|-unboost|p2a: Urshifu|spd|1\n|-damage|p2a: Urshifu|10\/100|[from] ability: Iron Barbs|[of] p1a: Ferrothorn\n|faint|p1a: Ferrothorn\n|\n|upkeep\n|inactive|OUTD Chief has 30 seconds left this turn.\n|inactive|toon arctozolt has 120 seconds left.\n|\n|t:|1666452174\n|switch|p1a: Pelipper|Pelipper, M|100\/100\n|-weather|RainDance|[from] ability: Drizzle|[of] p1a: Pelipper\n|turn|17\n|\n|t:|1666452180\n|move|p2a: Urshifu|Close Combat|p1a: Pelipper\n|-resisted|p1a: Pelipper\n|-damage|p1a: Pelipper|63\/100\n|-unboost|p2a: Urshifu|def|1\n|-unboost|p2a: Urshifu|spd|1\n|move|p1a: Pelipper|U-turn|p2a: Urshifu\n|-resisted|p2a: Urshifu\n|-damage|p2a: Urshifu|1\/100\n|\n|t:|1666452188\n|switch|p1a: Barraskewda|Barraskewda, M|100\/100|[from]move: U-turn\n|\n|-weather|RainDance|[upkeep]\n|upkeep\n|turn|18\n|\n|t:|1666452190\n|move|p1a: Barraskewda|Liquidation|p2a: Urshifu\n|-resisted|p2a: Urshifu\n|-damage|p2a: Urshifu|0 fnt\n|faint|p2a: Urshifu\n|\n|-weather|RainDance|[upkeep]\n|upkeep\n|inactive|OUTD Chief has 30 seconds left.\n|\n|t:|1666452215\n|switch|p2a: Melmetal|Melmetal|100\/100\n|-damage|p2a: Melmetal|94\/100|[from] Stealth Rock\n|turn|19\n|\n|t:|1666452235\n|switch|p1a: Seismitoad|Seismitoad, F|100\/100\n|move|p2a: Melmetal|Double Iron Bash|p1a: Seismitoad\n|-resisted|p1a: Seismitoad\n|-damage|p1a: Seismitoad|57\/100\n|-resisted|p1a: Seismitoad\n|-damage|p1a: Seismitoad|13\/100\n|-hitcount|p1a: Seismitoad|2\n|\n|-weather|RainDance|[upkeep]\n|upkeep\n|turn|20\n|\n|t:|1666452244\n|switch|p2a: Tyranitar|Tyranitar, F|100\/100\n|-damage|p2a: Tyranitar|88\/100|[from] Stealth Rock\n|-weather|Sandstorm|[from] ability: Sand Stream|[of] p2a: Tyranitar\n|-singleturn|p1a: Seismitoad|move: Focus Punch\n|move|p1a: Seismitoad|Focus Punch|p2a: Tyranitar\n|-supereffective|p2a: Tyranitar\n|-damage|p2a: Tyranitar|0 fnt\n|faint|p2a: Tyranitar\n|-damage|p1a: Seismitoad|3\/100|[from] item: Life Orb\n|\n|-weather|Sandstorm|[upkeep]\n|upkeep\n|\n|t:|1666452254\n|switch|p2a: Landorus|Landorus-Therian, M|75\/100\n|-damage|p2a: Landorus|63\/100|[from] Stealth Rock\n|-ability|p2a: Landorus|Intimidate|boost\n|-unboost|p1a: Seismitoad|atk|1\n|turn|21\n|\n|t:|1666452263\n|switch|p1a: Pelipper|Pelipper, M|63\/100\n|-weather|RainDance|[from] ability: Drizzle|[of] p1a: Pelipper\n|move|p2a: Landorus|U-turn|p1a: Pelipper\n|-resisted|p1a: Pelipper\n|-damage|p1a: Pelipper|53\/100\n|c|\u2606OUTD Chief|i got so distracted this game fml\n|inactive|OUTD Chief has 30 seconds left.\n|\n|t:|1666452284\n|switch|p2a: Tornadus|Tornadus-Therian, M|78\/100|[from]move: U-turn\n|-damage|p2a: Tornadus|53\/100|[from] Stealth Rock\n|\n|-weather|RainDance|[upkeep]\n|upkeep\n|turn|22\n|\n|t:|1666452288\n|switch|p1a: Corviknight|Corviknight, M|7\/100\n|-ability|p1a: Corviknight|Pressure\n|move|p2a: Tornadus|Hurricane|p1a: Corviknight\n|-resisted|p1a: Corviknight\n|-damage|p1a: Corviknight|0 fnt\n|faint|p1a: Corviknight\n|\n|-weather|RainDance|[upkeep]\n|upkeep\n|\n|t:|1666452290\n|switch|p1a: Barraskewda|Barraskewda, M|100\/100\n|turn|23\n|\n|t:|1666452297\n|switch|p2a: Landorus|Landorus-Therian, M|63\/100\n|-damage|p2a: Landorus|51\/100|[from] Stealth Rock\n|-ability|p2a: Landorus|Intimidate|boost\n|-unboost|p1a: Barraskewda|atk|1\n|move|p1a: Barraskewda|Flip Turn|p2a: Landorus\n|-supereffective|p2a: Landorus\n|-damage|p2a: Landorus|0 fnt\n|faint|p2a: Landorus\n|\n|t:|1666452312\n|switch|p1a: Seismitoad|Seismitoad, F|3\/100|[from]move: Flip Turn\n|\n|-weather|RainDance|[upkeep]\n|upkeep\n|c|\u2606OUTD Chief|rain cucko bs\n|\n|t:|1666452317\n|switch|p2a: Tornadus|Tornadus-Therian, M|86\/100\n|-damage|p2a: Tornadus|61\/100|[from] Stealth Rock\n|turn|24\n|\n|t:|1666452321\n|move|p1a: Seismitoad|Weather Ball|p2a: Tornadus\n|-damage|p2a: Tornadus|0 fnt\n|faint|p2a: Tornadus\n|-damage|p1a: Seismitoad|0 fnt|[from] item: Life Orb\n|faint|p1a: Seismitoad\n|\n|-weather|RainDance|[upkeep]\n|upkeep\n|\n|t:|1666452340\n|switch|p2a: Melmetal|Melmetal|94\/100\n|switch|p1a: Inteleon|Inteleon, F|38\/100\n|-damage|p2a: Melmetal|88\/100|[from] Stealth Rock\n|turn|25\n|c|\u2606toon arctozolt|u got smacked by da galarian sniper\n|inactive|OUTD Chief has 90 seconds left.\n|\n|t:|1666452375\n|move|p1a: Inteleon|Hydro Cannon|p2a: Melmetal\n|-damage|p2a: Melmetal|0 fnt\n|-mustrecharge|p1a: Inteleon\n|faint|p2a: Melmetal\n|\n|win|toon arctozolt\n|raw|toon arctozolt's rating: 1604 &rarr; <strong>1622<\/strong><br \/>(+18 for winning)\n|raw|OUTD Chief's rating: 1574 &rarr; <strong>1556<\/strong><br \/>(-18 for losing)\n|c|\u2606OUTD Chief|cringe shit kid\n|l|\u2606OUTD Chief\n|c|\u2606toon arctozolt|ur parents DO NOT love u\n||Ladder isn't responding, score probably updated but might not have (Request timeout).\n","uploadtime":1666452412,"views":18,"p1id":"toonarctozolt","p2id":"outdchief","formatid":"gen8ou","rating":1556,"private":0,"password":null}