{"id":"gen8ou-1600978546","p1":"Platinum Arceus","p2":"Maitredouard2","format":"gen8ou","log":"|j|\u2606Platinum Arceus\n|j|\u2606Maitredouard2\n|t:|1655808159\n|gametype|singles\n|player|p1|Platinum Arceus|pokemonbreeder|1617\n|player|p2|Maitredouard2|lance|1700\n|teamsize|p1|6\n|teamsize|p2|6\n|gen|8\n|tier|[Gen 8] OU\n|rated|\n|rule|Sleep Clause Mod: Limit one foe put to sleep\n|rule|Species Clause: Limit one of each Pok\u00e9mon\n|rule|OHKO Clause: OHKO moves are banned\n|rule|Evasion Moves Clause: Evasion moves are banned\n|rule|Endless Battle Clause: Forcing endless battles is banned\n|rule|HP Percentage Mod: HP is shown in percentages\n|rule|Dynamax Clause: You cannot dynamax\n|clearpoke\n|poke|p1|Urshifu-*, M|\n|poke|p1|Dragapult, F|\n|poke|p1|Slowking-Galar, M|\n|poke|p1|Buzzwole|\n|poke|p1|Zapdos|\n|poke|p1|Excadrill, F|\n|poke|p2|Mandibuzz, F|\n|poke|p2|Landorus-Therian, M|\n|poke|p2|Blissey, F|\n|poke|p2|Heatran, F|\n|poke|p2|Toxapex, M|\n|poke|p2|Tapu Lele|\n|teampreview\n|inactive|Battle timer is ON: inactive players will automatically lose when time's up. (requested by Platinum Arceus)\n|\n|t:|1655808185\n|start\n|switch|p1a: Urshifu|Urshifu-Rapid-Strike, M|100\/100\n|switch|p2a: Tapu Lele|Tapu Lele|100\/100\n|-fieldstart|move: Psychic Terrain|[from] ability: Psychic Surge|[of] p2a: Tapu Lele\n|turn|1\n|\n|t:|1655808192\n|switch|p1a: Excadrill|Excadrill, F, shiny|100\/100\n|-ability|p1a: Excadrill|Mold Breaker\n|move|p2a: Tapu Lele|Psyshock|p1a: Excadrill\n|-resisted|p1a: Excadrill\n|-damage|p1a: Excadrill|51\/100\n|\n|-heal|p1a: Excadrill|58\/100|[from] item: Leftovers\n|upkeep\n|turn|2\n|\n|t:|1655808202\n|switch|p2a: Toxapex|Toxapex, M|100\/100\n|move|p1a: Excadrill|Toxic|p2a: Toxapex\n|-immune|p2a: Toxapex\n|\n|-heal|p1a: Excadrill|64\/100|[from] item: Leftovers\n|upkeep\n|turn|3\n|\n|t:|1655808210\n|move|p1a: Excadrill|Stealth Rock|p2a: Toxapex\n|-sidestart|p2: Maitredouard2|move: Stealth Rock\n|move|p2a: Toxapex|Scald|p1a: Excadrill\n|-supereffective|p1a: Excadrill\n|-damage|p1a: Excadrill|40\/100\n|\n|-heal|p1a: Excadrill|46\/100|[from] item: Leftovers\n|upkeep\n|turn|4\n|\n|t:|1655808227\n|switch|p1a: Slowking|Slowking-Galar, M|100\/100\n|move|p2a: Toxapex|Scald|p1a: Slowking\n|-damage|p1a: Slowking|92\/100\n|\n|upkeep\n|turn|5\n|\n|t:|1655808236\n|switch|p2a: Landorus|Landorus-Therian, M|100\/100\n|-damage|p2a: Landorus|88\/100|[from] Stealth Rock\n|-ability|p2a: Landorus|Intimidate|boost\n|-unboost|p1a: Slowking|atk|1\n|move|p1a: Slowking|Future Sight|p2a: Landorus\n|-start|p1a: Slowking|move: Future Sight\n|\n|-fieldend|move: Psychic Terrain\n|upkeep\n|turn|6\n|\n|t:|1655808247\n|switch|p1a: Zapdos|Zapdos|100\/100\n|move|p2a: Landorus|Knock Off|p1a: Zapdos\n|-damage|p1a: Zapdos|76\/100\n|-enditem|p1a: Zapdos|Heavy-Duty Boots|[from] move: Knock Off|[of] p2a: Landorus\n|\n|upkeep\n|turn|7\n|\n|t:|1655808254\n|switch|p2a: Blissey|Blissey, F|100\/100\n|move|p1a: Zapdos|Hurricane|p2a: Blissey\n|-damage|p2a: Blissey|85\/100\n|\n|-end|p2a: Blissey|move: Future Sight\n|-damage|p2a: Blissey|64\/100\n|upkeep\n|turn|8\n|\n|t:|1655808263\n|move|p1a: Zapdos|Volt Switch|p2a: Blissey\n|-damage|p2a: Blissey|54\/100\n|\n|t:|1655808270\n|switch|p1a: Buzzwole|Buzzwole, shiny|100\/100|[from]move: Volt Switch\n|move|p2a: Blissey|Soft-Boiled|p2a: Blissey\n|-heal|p2a: Blissey|100\/100\n|\n|upkeep\n|turn|9\n|\n|t:|1655808280\n|switch|p2a: Toxapex|Toxapex, M|100\/100\n|-damage|p2a: Toxapex|88\/100|[from] Stealth Rock\n|move|p1a: Buzzwole|Earthquake|p2a: Toxapex\n|-supereffective|p2a: Toxapex\n|-damage|p2a: Toxapex|40\/100\n|\n|upkeep\n|turn|10\n|\n|t:|1655808292\n|switch|p1a: Urshifu|Urshifu-Rapid-Strike, M|100\/100\n|move|p2a: Toxapex|Recover|p2a: Toxapex\n|-heal|p2a: Toxapex|90\/100\n|\n|upkeep\n|turn|11\n|\n|t:|1655808298\n|move|p1a: Urshifu|U-turn|p2a: Toxapex\n|-resisted|p2a: Toxapex\n|-damage|p2a: Toxapex|83\/100\n|\n|t:|1655808302\n|switch|p1a: Zapdos|Zapdos|76\/100|[from]move: U-turn\n|move|p2a: Toxapex|Scald|p1a: Zapdos\n|-damage|p1a: Zapdos|60\/100\n|\n|upkeep\n|turn|12\n|\n|t:|1655808311\n|switch|p2a: Tapu Lele|Tapu Lele|100\/100\n|-damage|p2a: Tapu Lele|88\/100|[from] Stealth Rock\n|-fieldstart|move: Psychic Terrain|[from] ability: Psychic Surge|[of] p2a: Tapu Lele\n|move|p1a: Zapdos|Roost|p1a: Zapdos\n|-heal|p1a: Zapdos|100\/100\n|-singleturn|p1a: Zapdos|move: Roost\n|\n|upkeep\n|turn|13\n|\n|t:|1655808320\n|move|p2a: Tapu Lele|Psyshock|p1a: Zapdos\n|-damage|p1a: Zapdos|41\/100\n|move|p1a: Zapdos|Volt Switch|p2a: Tapu Lele\n|-damage|p2a: Tapu Lele|57\/100\n|\n|t:|1655808333\n|switch|p1a: Excadrill|Excadrill, F, shiny|46\/100|[from]move: Volt Switch\n|-ability|p1a: Excadrill|Mold Breaker\n|\n|-heal|p1a: Excadrill|52\/100|[from] item: Leftovers\n|upkeep\n|turn|14\n|\n|t:|1655808340\n|move|p2a: Tapu Lele|Psyshock|p1a: Excadrill\n|-resisted|p1a: Excadrill\n|-damage|p1a: Excadrill|1\/100\n|move|p1a: Excadrill|Earthquake|p2a: Tapu Lele\n|-damage|p2a: Tapu Lele|0 fnt\n|faint|p2a: Tapu Lele\n|\n|-heal|p1a: Excadrill|7\/100|[from] item: Leftovers\n|upkeep\n|\n|t:|1655808350\n|switch|p2a: Landorus|Landorus-Therian, M|88\/100\n|-damage|p2a: Landorus|75\/100|[from] Stealth Rock\n|-ability|p2a: Landorus|Intimidate|boost\n|-unboost|p1a: Excadrill|atk|1\n|turn|15\n|\n|t:|1655808357\n|switch|p1a: Zapdos|Zapdos|41\/100\n|move|p2a: Landorus|Knock Off|p1a: Zapdos\n|-damage|p1a: Zapdos|25\/100\n|-status|p2a: Landorus|par|[from] ability: Static|[of] p1a: Zapdos\n|\n|upkeep\n|turn|16\n|\n|t:|1655808365\n|switch|p2a: Heatran|Heatran, F|100\/100\n|-damage|p2a: Heatran|88\/100|[from] Stealth Rock\n|-item|p2a: Heatran|Air Balloon\n|move|p1a: Zapdos|Roost|p1a: Zapdos\n|-heal|p1a: Zapdos|75\/100\n|-singleturn|p1a: Zapdos|move: Roost\n|\n|-fieldend|move: Psychic Terrain\n|upkeep\n|turn|17\n|\n|t:|1655808375\n|move|p1a: Zapdos|Volt Switch|p2a: Heatran\n|-damage|p2a: Heatran|62\/100\n|-enditem|p2a: Heatran|Air Balloon\n|\n|t:|1655808395\n|switch|p1a: Slowking|Slowking-Galar, M|100\/100|[from]move: Volt Switch\n|move|p2a: Heatran|Magma Storm|p1a: Slowking|[miss]\n|-miss|p2a: Heatran|p1a: Slowking\n|\n|upkeep\n|turn|18\n|\n|t:|1655808402\n|move|p2a: Heatran|Magma Storm|p1a: Slowking\n|-damage|p1a: Slowking|73\/100\n|-activate|p1a: Slowking|move: Magma Storm|[of] p2a: Heatran\n|move|p1a: Slowking|Scald|p2a: Heatran\n|-supereffective|p2a: Heatran\n|-damage|p2a: Heatran|19\/100\n|\n|-damage|p1a: Slowking|61\/100|[from] move: Magma Storm|[partiallytrapped]\n|upkeep\n|turn|19\n|\n|t:|1655808412\n|move|p2a: Heatran|Earth Power|p1a: Slowking\n|-supereffective|p1a: Slowking\n|-damage|p1a: Slowking|26\/100\n|move|p1a: Slowking|Scald|p2a: Heatran\n|-supereffective|p2a: Heatran\n|-damage|p2a: Heatran|0 fnt\n|faint|p2a: Heatran\n|\n|-end|p1a: Slowking|Magma Storm|[partiallytrapped]|[silent]\n|upkeep\n|\n|t:|1655808421\n|switch|p2a: Landorus|Landorus-Therian, M|75\/100 par\n|-damage|p2a: Landorus|63\/100 par|[from] Stealth Rock\n|-ability|p2a: Landorus|Intimidate|boost\n|-unboost|p1a: Slowking|atk|1\n|turn|20\n|\n|t:|1655808427\n|switch|p1a: Zapdos|Zapdos|75\/100\n|move|p2a: Landorus|Explosion|p1a: Zapdos\n|-damage|p1a: Zapdos|5\/100\n|faint|p2a: Landorus\n|\n|upkeep\n|\n|t:|1655808435\n|switch|p2a: Blissey|Blissey, F|100\/100\n|turn|21\n|\n|t:|1655808438\n|move|p1a: Zapdos|Roost|p1a: Zapdos\n|-heal|p1a: Zapdos|55\/100\n|-singleturn|p1a: Zapdos|move: Roost\n|move|p2a: Blissey|Toxic|p1a: Zapdos\n|-status|p1a: Zapdos|tox\n|\n|-damage|p1a: Zapdos|49\/100 tox|[from] psn\n|upkeep\n|turn|22\n|\n|t:|1655808447\n|move|p1a: Zapdos|Roost|p1a: Zapdos\n|-heal|p1a: Zapdos|99\/100 tox\n|-singleturn|p1a: Zapdos|move: Roost\n|move|p2a: Blissey|Toxic|p1a: Zapdos\n|-fail|p1a: Zapdos|tox\n|\n|-damage|p1a: Zapdos|87\/100 tox|[from] psn\n|upkeep\n|turn|23\n|\n|t:|1655808456\n|move|p1a: Zapdos|Volt Switch|p2a: Blissey\n|-damage|p2a: Blissey|89\/100\n|\n|t:|1655808459\n|switch|p1a: Slowking|Slowking-Galar, M|60\/100|[from]move: Volt Switch\n|move|p2a: Blissey|Toxic|p1a: Slowking\n|-immune|p1a: Slowking\n|\n|upkeep\n|turn|24\n|\n|t:|1655808466\n|move|p2a: Blissey|Seismic Toss|p1a: Slowking\n|-damage|p1a: Slowking|34\/100\n|move|p1a: Slowking|Future Sight|p2a: Blissey\n|-start|p1a: Slowking|move: Future Sight\n|\n|upkeep\n|turn|25\n|\n|t:|1655808472\n|switch|p1a: Zapdos|Zapdos|87\/100 tox\n|move|p2a: Blissey|Toxic|p1a: Zapdos\n|-fail|p1a: Zapdos|tox\n|\n|-damage|p1a: Zapdos|81\/100 tox|[from] psn\n|upkeep\n|turn|26\n|\n|t:|1655808481\n|move|p1a: Zapdos|Hurricane|p2a: Blissey\n|-damage|p2a: Blissey|72\/100\n|-start|p2a: Blissey|confusion\n|-activate|p2a: Blissey|confusion\n|move|p2a: Blissey|Seismic Toss|p1a: Zapdos\n|-damage|p1a: Zapdos|55\/100 tox\n|\n|-end|p2a: Blissey|move: Future Sight\n|-damage|p2a: Blissey|53\/100\n|-damage|p1a: Zapdos|43\/100 tox|[from] psn\n|upkeep\n|turn|27\n|\n|t:|1655808492\n|move|p1a: Zapdos|Roost|p1a: Zapdos\n|-heal|p1a: Zapdos|93\/100 tox\n|-singleturn|p1a: Zapdos|move: Roost\n|-activate|p2a: Blissey|confusion\n|move|p2a: Blissey|Soft-Boiled|p2a: Blissey\n|-heal|p2a: Blissey|100\/100\n|\n|-damage|p1a: Zapdos|75\/100 tox|[from] psn\n|upkeep\n|turn|28\n|\n|t:|1655808504\n|move|p1a: Zapdos|Volt Switch|p2a: Blissey\n|-damage|p2a: Blissey|89\/100\n|j| tamadie\n|\n|t:|1655808507\n|switch|p1a: Slowking|Slowking-Galar, M|68\/100|[from]move: Volt Switch\n|-activate|p2a: Blissey|confusion\n|move|p2a: Blissey|Seismic Toss|p1a: Slowking\n|-damage|p1a: Slowking|42\/100\n|\n|upkeep\n|turn|29\n|j| ash_won_kalos\n|\n|t:|1655808516\n|-activate|p2a: Blissey|confusion\n|-damage|p2a: Blissey|88\/100|[from] confusion\n|move|p1a: Slowking|Future Sight|p2a: Blissey\n|-start|p1a: Slowking|move: Future Sight\n|\n|upkeep\n|turn|30\n|\n|t:|1655808521\n|switch|p1a: Zapdos|Zapdos|75\/100 tox\n|-end|p2a: Blissey|confusion\n|move|p2a: Blissey|Seismic Toss|p1a: Zapdos\n|-damage|p1a: Zapdos|49\/100 tox\n|-status|p2a: Blissey|par|[from] ability: Static|[of] p1a: Zapdos\n|\n|-damage|p1a: Zapdos|43\/100 tox|[from] psn\n|upkeep\n|turn|31\n|j| Arnaud senju vgc\n|\n|t:|1655808531\n|move|p1a: Zapdos|Roost|p1a: Zapdos\n|-heal|p1a: Zapdos|93\/100 tox\n|-singleturn|p1a: Zapdos|move: Roost\n|cant|p2a: Blissey|par\n|\n|-end|p2a: Blissey|move: Future Sight\n|-damage|p2a: Blissey|66\/100 par\n|-damage|p1a: Zapdos|81\/100 tox|[from] psn\n|upkeep\n|turn|32\n|\n|t:|1655808542\n|move|p1a: Zapdos|Volt Switch|p2a: Blissey\n|-damage|p2a: Blissey|56\/100 par\n|\n|t:|1655808545\n|switch|p1a: Urshifu|Urshifu-Rapid-Strike, M|100\/100|[from]move: Volt Switch\n|cant|p2a: Blissey|par\n|\n|upkeep\n|turn|33\n|\n|t:|1655808551\n|move|p1a: Urshifu|Close Combat|p2a: Blissey\n|-supereffective|p2a: Blissey\n|-damage|p2a: Blissey|0 fnt\n|-unboost|p1a: Urshifu|def|1\n|-unboost|p1a: Urshifu|spd|1\n|faint|p2a: Blissey\n|\n|upkeep\n|-message|Maitredouard2 forfeited.\n|\n|win|Platinum Arceus\n|raw|Platinum Arceus's rating: 1617 &rarr; <strong>1642<\/strong><br \/>(+25 for winning)\n|raw|Maitredouard2's rating: 1700 &rarr; <strong>1675<\/strong><br \/>(-25 for losing)\n|l|\u2606Maitredouard2\n|j|\u2606Maitredouard2\n|player|p2|Maitredouard2|lance\n|l|\u2606Maitredouard2\n|player|p2|\n|c|\u2606Platinum Arceus|gg\n|l| ash_won_kalos\n|l| tamadie\n|l| Arnaud senju vgc\n","uploadtime":1655808820,"views":21,"p1id":"platinumarceus","p2id":"maitredouard2","formatid":"gen8ou","rating":1642,"private":0,"password":null}