{"id":"gen8ou-1665245505","p1":"Chupinca X","p2":"SuperTheoryBros","format":"gen8ou","log":"|j|\u2606Chupinca X\n|j|\u2606SuperTheoryBros\n|t:|1663276720\n|gametype|singles\n|player|p1|Chupinca X|swimmerf-gen4|1729\n|player|p2|SuperTheoryBros|102|1686\n|teamsize|p1|6\n|teamsize|p2|6\n|gen|8\n|tier|[Gen 8] OU\n|rated|\n|rule|Sleep Clause Mod: Limit one foe put to sleep\n|rule|Species Clause: Limit one of each Pok\u00e9mon\n|rule|OHKO Clause: OHKO moves are banned\n|rule|Evasion Items Clause: Evasion items are banned\n|rule|Evasion Moves Clause: Evasion moves are banned\n|rule|Endless Battle Clause: Forcing endless battles is banned\n|rule|HP Percentage Mod: HP is shown in percentages\n|rule|Dynamax Clause: You cannot dynamax\n|clearpoke\n|poke|p1|Zapdos-Galar|\n|poke|p1|Bisharp, F|\n|poke|p1|Dragapult, M|\n|poke|p1|Heatran, M|\n|poke|p1|Ferrothorn, M|\n|poke|p1|Landorus-Therian, M|\n|poke|p2|Chansey, F|\n|poke|p2|Toxapex, M|\n|poke|p2|Dragapult, F|\n|poke|p2|Landorus-Therian, M|\n|poke|p2|Ferrothorn, M|\n|poke|p2|Hatterene, F|\n|teampreview\n|inactive|Battle timer is ON: inactive players will automatically lose when time's up. (requested by Chupinca X)\n|\n|t:|1663276752\n|start\n|switch|p1a: Zapdos|Zapdos-Galar|100\/100\n|switch|p2a: Dragapult|Dragapult, F|100\/100\n|turn|1\n|\n|t:|1663276771\n|move|p2a: Dragapult|Scald|p1a: Zapdos\n|-damage|p1a: Zapdos|70\/100\n|move|p1a: Zapdos|Brave Bird|p2a: Dragapult\n|-damage|p2a: Dragapult|9\/100\n|-damage|p1a: Zapdos|40\/100|[from] Recoil\n|\n|upkeep\n|turn|2\n|\n|t:|1663276794\n|switch|p1a: Dragapult|Dragapult, M|100\/100\n|move|p2a: Dragapult|Scald|p1a: Dragapult\n|-resisted|p1a: Dragapult\n|-damage|p1a: Dragapult|84\/100\n|\n|upkeep\n|turn|3\n|\n|t:|1663276807\n|switch|p2a: Ferrothorn|Ferrothorn, M|100\/100\n|move|p1a: Dragapult|U-turn|p2a: Ferrothorn\n|-damage|p2a: Ferrothorn|91\/100\n|-damage|p1a: Dragapult|71\/100|[from] ability: Iron Barbs|[of] p2a: Ferrothorn\n|\n|t:|1663276810\n|switch|p1a: Heatran|Heatran, M|100\/100|[from]move: U-turn\n|\n|-heal|p2a: Ferrothorn|97\/100|[from] item: Leftovers\n|upkeep\n|turn|4\n|\n|t:|1663276819\n|switch|p2a: Toxapex|Toxapex, M|100\/100\n|move|p1a: Heatran|Magma Storm|p2a: Toxapex|[miss]\n|-miss|p1a: Heatran|p2a: Toxapex\n|\n|upkeep\n|turn|5\n|\n|t:|1663276826\n|move|p1a: Heatran|Taunt|p2a: Toxapex\n|-start|p2a: Toxapex|move: Taunt\n|move|p2a: Toxapex|Knock Off|p1a: Heatran\n|-damage|p1a: Heatran|87\/100\n|-enditem|p1a: Heatran|Leftovers|[from] move: Knock Off|[of] p2a: Toxapex\n|\n|upkeep\n|turn|6\n|\n|t:|1663276844\n|move|p1a: Heatran|Magma Storm|p2a: Toxapex\n|-resisted|p2a: Toxapex\n|-damage|p2a: Toxapex|78\/100\n|-activate|p2a: Toxapex|move: Magma Storm|[of] p1a: Heatran\n|move|p2a: Toxapex|Knock Off|p1a: Heatran\n|-damage|p1a: Heatran|78\/100\n|\n|-damage|p2a: Toxapex|66\/100|[from] move: Magma Storm|[partiallytrapped]\n|upkeep\n|turn|7\n|\n|t:|1663276868\n|switch|p2a: Dragapult|Dragapult, F|9\/100\n|move|p1a: Heatran|Stealth Rock|p2a: Dragapult\n|-sidestart|p2: SuperTheoryBros|move: Stealth Rock\n|\n|upkeep\n|turn|8\n|inactive|SuperTheoryBros has 120 seconds left.\n|\n|t:|1663276894\n|switch|p1a: Ferrothorn|Ferrothorn, M|100\/100\n|move|p2a: Dragapult|Shadow Ball|p1a: Ferrothorn\n|-damage|p1a: Ferrothorn|65\/100\n|\n|upkeep\n|turn|9\n|\n|t:|1663276907\n|switch|p1a: Bisharp|Bisharp, F|100\/100\n|move|p2a: Dragapult|Shadow Ball|p1a: Bisharp\n|-resisted|p1a: Bisharp\n|-damage|p1a: Bisharp|69\/100\n|\n|upkeep\n|turn|10\n|\n|t:|1663276921\n|switch|p2a: Ferrothorn|Ferrothorn, M|97\/100\n|-damage|p2a: Ferrothorn|91\/100|[from] Stealth Rock\n|move|p1a: Bisharp|Swords Dance|p1a: Bisharp\n|-boost|p1a: Bisharp|atk|2\n|\n|-heal|p2a: Ferrothorn|97\/100|[from] item: Leftovers\n|upkeep\n|turn|11\n|\n|t:|1663276932\n|switch|p1a: Heatran|Heatran, M|78\/100\n|move|p2a: Ferrothorn|Body Press|p1a: Heatran\n|-supereffective|p1a: Heatran\n|-damage|p1a: Heatran|25\/100\n|\n|-heal|p2a: Ferrothorn|100\/100|[from] item: Leftovers\n|upkeep\n|turn|12\n|inactive|SuperTheoryBros has 120 seconds left.\n|\n|t:|1663276956\n|switch|p2a: Toxapex|Toxapex, M|99\/100\n|-damage|p2a: Toxapex|87\/100|[from] Stealth Rock\n|move|p1a: Heatran|Magma Storm|p2a: Toxapex\n|-resisted|p2a: Toxapex\n|-crit|p2a: Toxapex\n|-damage|p2a: Toxapex|52\/100\n|-activate|p2a: Toxapex|move: Magma Storm|[of] p1a: Heatran\n|\n|-damage|p2a: Toxapex|40\/100|[from] move: Magma Storm|[partiallytrapped]\n|upkeep\n|turn|13\n|\n|t:|1663276970\n|switch|p2a: Dragapult|Dragapult, F|9\/100\n|-damage|p2a: Dragapult|0 fnt|[from] Stealth Rock\n|faint|p2a: Dragapult\n|move|p1a: Heatran|Earth Power|p2: Dragapult|[notarget]\n|-fail|p1a: Heatran\n|\n|upkeep\n|\n|t:|1663276974\n|switch|p2a: Landorus|Landorus-Therian, M|100\/100\n|-damage|p2a: Landorus|88\/100|[from] Stealth Rock\n|-ability|p2a: Landorus|Intimidate|boost\n|-unboost|p1a: Heatran|atk|1\n|turn|14\n|\n|t:|1663276990\n|switch|p1a: Landorus|Landorus-Therian, M|100\/100\n|-ability|p1a: Landorus|Intimidate|boost\n|-unboost|p2a: Landorus|atk|1\n|move|p2a: Landorus|Earthquake|p1a: Landorus\n|-immune|p1a: Landorus\n|\n|upkeep\n|turn|15\n|\n|t:|1663276994\n|move|p2a: Landorus|Stealth Rock|p1a: Landorus\n|-sidestart|p1: Chupinca X|move: Stealth Rock\n|move|p1a: Landorus|Knock Off|p2a: Landorus\n|-damage|p2a: Landorus|54\/100\n|-enditem|p2a: Landorus|Scope Lens|[from] move: Knock Off|[of] p1a: Landorus\n|\n|upkeep\n|turn|16\n|inactive|SuperTheoryBros has 120 seconds left.\n|\n|t:|1663277029\n|switch|p2a: Ferrothorn|Ferrothorn, M|100\/100\n|-damage|p2a: Ferrothorn|94\/100|[from] Stealth Rock\n|move|p1a: Landorus|U-turn|p2a: Ferrothorn\n|-damage|p2a: Ferrothorn|80\/100\n|-damage|p1a: Landorus|88\/100|[from] ability: Iron Barbs|[of] p2a: Ferrothorn\n|\n|t:|1663277035\n|switch|p1a: Heatran|Heatran, M|25\/100|[from]move: U-turn\n|-damage|p1a: Heatran|12\/100|[from] Stealth Rock\n|\n|-heal|p2a: Ferrothorn|87\/100|[from] item: Leftovers\n|upkeep\n|turn|17\n|\n|t:|1663277047\n|switch|p2a: Chansey|Chansey, F|100\/100\n|-damage|p2a: Chansey|88\/100|[from] Stealth Rock\n|move|p1a: Heatran|Magma Storm|p2a: Chansey\n|-damage|p2a: Chansey|72\/100\n|-activate|p2a: Chansey|move: Magma Storm|[of] p1a: Heatran\n|\n|-damage|p2a: Chansey|59\/100|[from] move: Magma Storm|[partiallytrapped]\n|upkeep\n|turn|18\n|\n|t:|1663277055\n|move|p1a: Heatran|Taunt|p2a: Chansey\n|-start|p2a: Chansey|move: Taunt\n|move|p2a: Chansey|Seismic Toss|p1a: Heatran\n|-damage|p1a: Heatran|0 fnt\n|faint|p1a: Heatran\n|\n|-end|p2a: Chansey|Magma Storm|[partiallytrapped]|[silent]\n|upkeep\n|inactive|Chupinca X has 120 seconds left.\n|\n|t:|1663277099\n|switch|p1a: Zapdos|Zapdos-Galar|40\/100\n|-damage|p1a: Zapdos|27\/100|[from] Stealth Rock\n|turn|19\n|\n|t:|1663277107\n|switch|p2a: Toxapex|Toxapex, M|73\/100\n|-damage|p2a: Toxapex|61\/100|[from] Stealth Rock\n|move|p1a: Zapdos|Brave Bird|p2a: Toxapex\n|-damage|p2a: Toxapex|21\/100\n|-damage|p1a: Zapdos|15\/100|[from] Recoil\n|\n|upkeep\n|turn|20\n|j| Jongruenwald\n|inactive|SuperTheoryBros has 120 seconds left.\n|inactive|SuperTheoryBros has 90 seconds left.\n|\n|t:|1663277151\n|switch|p2a: Hatterene|Hatterene, F|100\/100\n|-damage|p2a: Hatterene|88\/100|[from] Stealth Rock\n|move|p1a: Zapdos|Brave Bird|p2a: Hatterene\n|-damage|p2a: Hatterene|30\/100\n|-damage|p1a: Zapdos|0 fnt|[from] Recoil\n|faint|p1a: Zapdos\n|\n|-heal|p2a: Hatterene|36\/100|[from] item: Leftovers\n|upkeep\n|inactive|Chupinca X has 120 seconds left.\n|inactive|Chupinca X has 90 seconds left.\n|\n|t:|1663277205\n|switch|p1a: Dragapult|Dragapult, M|71\/100\n|-damage|p1a: Dragapult|59\/100|[from] Stealth Rock\n|turn|21\n|inactive|SuperTheoryBros has 90 seconds left.\n|\n|t:|1663277232\n|switch|p2a: Chansey|Chansey, F|59\/100\n|-damage|p2a: Chansey|47\/100|[from] Stealth Rock\n|move|p1a: Dragapult|U-turn|p2a: Chansey\n|-damage|p2a: Chansey|35\/100\n|inactive|Chupinca X has 90 seconds left.\n|\n|t:|1663277240\n|switch|p1a: Bisharp|Bisharp, F|69\/100|[from]move: U-turn\n|-damage|p1a: Bisharp|62\/100|[from] Stealth Rock\n|\n|upkeep\n|turn|22\n|\n|t:|1663277247\n|switch|p2a: Ferrothorn|Ferrothorn, M|87\/100\n|-damage|p2a: Ferrothorn|80\/100|[from] Stealth Rock\n|move|p1a: Bisharp|Knock Off|p2a: Ferrothorn\n|-damage|p2a: Ferrothorn|52\/100\n|-damage|p1a: Bisharp|50\/100|[from] ability: Iron Barbs|[of] p2a: Ferrothorn\n|-enditem|p2a: Ferrothorn|Leftovers|[from] move: Knock Off|[of] p1a: Bisharp\n|\n|upkeep\n|turn|23\n|inactive|SuperTheoryBros has 90 seconds left.\n|\n|t:|1663277264\n|switch|p1a: Ferrothorn|Ferrothorn, M|65\/100\n|-damage|p1a: Ferrothorn|59\/100|[from] Stealth Rock\n|move|p2a: Ferrothorn|Spikes|p1a: Ferrothorn\n|-sidestart|p1: Chupinca X|Spikes\n|\n|upkeep\n|turn|24\n|inactive|Chupinca X has 90 seconds left.\n|\n|t:|1663277298\n|switch|p2a: Landorus|Landorus-Therian, M|54\/100\n|-damage|p2a: Landorus|41\/100|[from] Stealth Rock\n|-ability|p2a: Landorus|Intimidate|boost\n|-unboost|p1a: Ferrothorn|atk|1\n|switch|p1a: Landorus|Landorus-Therian, M|88\/100\n|-damage|p1a: Landorus|76\/100|[from] Stealth Rock\n|-ability|p1a: Landorus|Intimidate|boost\n|-unboost|p2a: Landorus|atk|1\n|\n|-heal|p1a: Landorus|82\/100|[from] item: Leftovers\n|upkeep\n|turn|25\n|inactive|Chupinca X has 90 seconds left.\n|inactive|SuperTheoryBros has 60 seconds left.\n|\n|t:|1663277338\n|move|p2a: Landorus|Stone Edge|p1a: Landorus\n|-damage|p1a: Landorus|57\/100\n|move|p1a: Landorus|Knock Off|p2a: Landorus\n|-damage|p2a: Landorus|19\/100\n|\n|-heal|p1a: Landorus|63\/100|[from] item: Leftovers\n|upkeep\n|turn|26\n|inactive|Chupinca X has 90 seconds left.\n|\n|t:|1663277346\n|move|p2a: Landorus|Stone Edge|p1a: Landorus\n|-damage|p1a: Landorus|39\/100\n|move|p1a: Landorus|Knock Off|p2a: Landorus\n|-damage|p2a: Landorus|0 fnt\n|faint|p2a: Landorus\n|\n|-heal|p1a: Landorus|45\/100|[from] item: Leftovers\n|upkeep\n|\n|t:|1663277355\n|switch|p2a: Ferrothorn|Ferrothorn, M|52\/100\n|-damage|p2a: Ferrothorn|46\/100|[from] Stealth Rock\n|turn|27\n|\n|t:|1663277361\n|move|p1a: Landorus|Earthquake|p2a: Ferrothorn\n|-damage|p2a: Ferrothorn|17\/100\n|move|p2a: Ferrothorn|Leech Seed|p1a: Landorus\n|-start|p1a: Landorus|move: Leech Seed\n|\n|-heal|p1a: Landorus|51\/100|[from] item: Leftovers\n|-damage|p1a: Landorus|38\/100|[from] Leech Seed|[of] p2a: Ferrothorn\n|-heal|p2a: Ferrothorn|30\/100|[silent]\n|upkeep\n|turn|28\n|\n|t:|1663277377\n|switch|p1a: Bisharp|Bisharp, F|50\/100\n|-damage|p1a: Bisharp|44\/100|[from] Stealth Rock\n|-damage|p1a: Bisharp|31\/100|[from] Spikes\n|move|p2a: Ferrothorn|Body Press|p1a: Bisharp\n|-supereffective|p1a: Bisharp\n|-damage|p1a: Bisharp|0 fnt\n|faint|p1a: Bisharp\n|\n|upkeep\n|\n|t:|1663277388\n|switch|p1a: Dragapult|Dragapult, M|59\/100\n|-damage|p1a: Dragapult|47\/100|[from] Stealth Rock\n|-damage|p1a: Dragapult|34\/100|[from] Spikes\n|turn|29\n|\n|t:|1663277404\n|switch|p2a: Toxapex|Toxapex, M|54\/100\n|-damage|p2a: Toxapex|42\/100|[from] Stealth Rock\n|move|p1a: Dragapult|U-turn|p2a: Toxapex\n|-resisted|p2a: Toxapex\n|-damage|p2a: Toxapex|37\/100\n|\n|t:|1663277410\n|switch|p1a: Landorus|Landorus-Therian, M|38\/100|[from]move: U-turn\n|-damage|p1a: Landorus|26\/100|[from] Stealth Rock\n|-ability|p1a: Landorus|Intimidate|boost\n|-unboost|p2a: Toxapex|atk|1\n|\n|-heal|p1a: Landorus|32\/100|[from] item: Leftovers\n|upkeep\n|turn|30\n|-message|SuperTheoryBros forfeited.\n|\n|win|Chupinca X\n|raw|Chupinca X's rating: 1729 &rarr; <strong>1747<\/strong><br \/>(+18 for winning)\n|raw|SuperTheoryBros's rating: 1686 &rarr; <strong>1668<\/strong><br \/>(-18 for losing)\n|l|\u2606SuperTheoryBros\n","uploadtime":1663277434,"views":22,"p1id":"chupincax","p2id":"supertheorybros","formatid":"gen8ou","rating":1668,"private":0,"password":null}