{"id":"gen8ou-1322544147","p1":"Normal Thu","p2":"Draco09876","format":"gen8ou","log":"|html|<div class=\"broadcast-blue\"><strong>[Gen 8] OU is currently suspecting Zamazenta-Crowned! For information on how to participate check out the <a href=\"https:\/\/www.smogon.com\/forums\/threads\/np-ss-ou-suspect-process-round-10-royals.3681787\/\">suspect thread<\/a>.<\/strong><\/div>\n|j|\u2606Normal Thu\n|j|\u2606Draco09876\n|t:|1618551054\n|gametype|singles\n|player|p1|Normal Thu|101|1688\n|player|p2|Draco09876|169|1711\n|teamsize|p1|6\n|teamsize|p2|6\n|gen|8\n|tier|[Gen 8] OU\n|rated|\n|clearpoke\n|poke|p1|Landorus-Therian, M|\n|poke|p1|Clefable, F|\n|poke|p1|Tangrowth, M|\n|poke|p1|Tornadus-Therian, M|\n|poke|p1|Heatran, M|\n|poke|p1|Ferrothorn, M|\n|poke|p2|Pelipper, F|\n|poke|p2|Dragapult, M|\n|poke|p2|Ferrothorn, F|\n|poke|p2|Barraskewda, F|\n|poke|p2|Slowking-Galar, M|\n|poke|p2|Zapdos|\n|rule|Sleep Clause Mod: Limit one foe put to sleep\n|rule|Species Clause: Limit one of each Pok\u00e9mon\n|rule|OHKO Clause: OHKO moves are banned\n|rule|Evasion Moves Clause: Evasion moves are banned\n|rule|Endless Battle Clause: Forcing endless battles is banned\n|rule|HP Percentage Mod: HP is shown in percentages\n|rule|Dynamax Clause: You cannot dynamax\n|teampreview\n|inactive|Battle timer is ON: inactive players will automatically lose when time's up. (requested by Draco09876)\n|\n|t:|1618551065\n|start\n|switch|p1a: Tornadus|Tornadus-Therian, M|100\/100\n|switch|p2a: Zapdos|Zapdos|100\/100\n|turn|1\n|\n|t:|1618551071\n|switch|p1a: Landorus|Landorus-Therian, M|100\/100\n|-ability|p1a: Landorus|Intimidate|boost\n|-unboost|p2a: Zapdos|atk|1\n|move|p2a: Zapdos|Hurricane|p1a: Landorus|[miss]\n|-miss|p2a: Zapdos|p1a: Landorus\n|\n|upkeep\n|turn|2\n|\n|t:|1618551078\n|move|p1a: Landorus|Knock Off|p2a: Zapdos\n|-damage|p2a: Zapdos|52\/100\n|-status|p1a: Landorus|par|[from] ability: Static|[of] p2a: Zapdos\n|-enditem|p2a: Zapdos|Heavy-Duty Boots|[from] move: Knock Off|[of] p1a: Landorus\n|move|p2a: Zapdos|Hurricane|p1a: Landorus\n|-damage|p1a: Landorus|28\/100 par\n|\n|upkeep\n|turn|3\n|\n|t:|1618551086\n|switch|p1a: Heatran|Heatran, M|100\/100\n|move|p2a: Zapdos|Volt Switch|p1a: Heatran\n|-damage|p1a: Heatran|80\/100\n|\n|t:|1618551089\n|switch|p2a: Barraskewda|Barraskewda, F|100\/100|[from]move: Volt Switch\n|\n|-heal|p1a: Heatran|86\/100|[from] item: Leftovers\n|upkeep\n|turn|4\n|\n|t:|1618551096\n|switch|p2a: Zapdos|Zapdos|52\/100\n|switch|p1a: Tangrowth|Tangrowth, M|100\/100\n|\n|upkeep\n|turn|5\n|\n|t:|1618551104\n|switch|p1a: Heatran|Heatran, M|86\/100\n|move|p2a: Zapdos|Volt Switch|p1a: Heatran\n|-damage|p1a: Heatran|64\/100\n|\n|t:|1618551107\n|switch|p2a: Barraskewda|Barraskewda, F|100\/100|[from]move: Volt Switch\n|\n|-heal|p1a: Heatran|70\/100|[from] item: Leftovers\n|upkeep\n|turn|6\n|\n|t:|1618551114\n|switch|p1a: Tangrowth|Tangrowth, M|100\/100\n|move|p2a: Barraskewda|Flip Turn|p1a: Tangrowth\n|-resisted|p1a: Tangrowth\n|-damage|p1a: Tangrowth|88\/100\n|-damage|p2a: Barraskewda|84\/100|[from] item: Rocky Helmet|[of] p1a: Tangrowth\n|\n|t:|1618551117\n|switch|p2a: Zapdos|Zapdos|52\/100|[from]move: Flip Turn\n|\n|upkeep\n|turn|7\n|\n|t:|1618551123\n|switch|p1a: Heatran|Heatran, M|70\/100\n|move|p2a: Zapdos|Hurricane|p1a: Heatran\n|-resisted|p1a: Heatran\n|-damage|p1a: Heatran|55\/100\n|-start|p1a: Heatran|confusion\n|\n|-heal|p1a: Heatran|61\/100|[from] item: Leftovers\n|upkeep\n|turn|8\n|\n|t:|1618551132\n|move|p2a: Zapdos|Volt Switch|p1a: Heatran\n|-damage|p1a: Heatran|37\/100\n|\n|t:|1618551136\n|switch|p2a: Slowking|Slowking-Galar, M|100\/100|[from]move: Volt Switch\n|-activate|p1a: Heatran|confusion\n|move|p1a: Heatran|Magma Storm|p2a: Slowking|[miss]\n|-miss|p1a: Heatran|p2a: Slowking\n|\n|-heal|p1a: Heatran|43\/100|[from] item: Leftovers\n|upkeep\n|turn|9\n|\n|t:|1618551145\n|switch|p1a: Tornadus|Tornadus-Therian, M|100\/100\n|move|p2a: Slowking|Surf|p1a: Tornadus\n|-damage|p1a: Tornadus|62\/100\n|\n|upkeep\n|turn|10\n|\n|t:|1618551152\n|switch|p2a: Zapdos|Zapdos|52\/100\n|move|p1a: Tornadus|Knock Off|p2a: Zapdos\n|-damage|p2a: Zapdos|29\/100\n|\n|upkeep\n|turn|11\n|\n|t:|1618551157\n|move|p1a: Tornadus|Hurricane|p2a: Zapdos|[miss]\n|-miss|p1a: Tornadus|p2a: Zapdos\n|move|p2a: Zapdos|Roost|p2a: Zapdos\n|-heal|p2a: Zapdos|79\/100\n|-singleturn|p2a: Zapdos|move: Roost\n|\n|upkeep\n|turn|12\n|\n|t:|1618551164\n|switch|p1a: Landorus|Landorus-Therian, M|28\/100 par\n|-ability|p1a: Landorus|Intimidate|boost\n|-unboost|p2a: Zapdos|atk|1\n|move|p2a: Zapdos|Roost|p2a: Zapdos\n|-heal|p2a: Zapdos|100\/100\n|-singleturn|p2a: Zapdos|move: Roost\n|\n|upkeep\n|turn|13\n|\n|t:|1618551172\n|move|p2a: Zapdos|Heat Wave|p1a: Landorus\n|-damage|p1a: Landorus|0 fnt\n|faint|p1a: Landorus\n|\n|upkeep\n|\n|t:|1618551176\n|switch|p1a: Heatran|Heatran, M|43\/100\n|turn|14\n|\n|t:|1618551178\n|move|p2a: Zapdos|Volt Switch|p1a: Heatran\n|-damage|p1a: Heatran|21\/100\n|\n|t:|1618551182\n|switch|p2a: Slowking|Slowking-Galar, M|100\/100|[from]move: Volt Switch\n|move|p1a: Heatran|Magma Storm|p2a: Slowking|[miss]\n|-miss|p1a: Heatran|p2a: Slowking\n|\n|-heal|p1a: Heatran|27\/100|[from] item: Leftovers\n|upkeep\n|turn|15\n|j| tk719\n|-message|Normal Thu forfeited.\n|\n|win|Draco09876\n|raw|Normal Thu's rating: 1688 &rarr; <strong>1669<\/strong><br \/>(-19 for losing)\n|raw|Draco09876's rating: 1711 &rarr; <strong>1730<\/strong><br \/>(+19 for winning)\n|l|\u2606Normal Thu\n|l|\u2606Draco09876\n","uploadtime":1618551290,"views":26,"p1id":"normalthu","p2id":"draco09876","formatid":"gen8ou","rating":1669,"private":0,"password":null}