{"id":"gen8ou-1686341101","p1":"30orless","p2":"Steez Ibanez","format":"gen8ou","log":"|html|<div class=\"broadcast-blue\"><strong>[Gen 8] OU is currently suspecting Melmetal! For information on how to participate check out the <a href=\"https:\/\/www.smogon.com\/forums\/threads\/np-ss-ou-suspect-process-round-12-monster-mash.3709234\/\">suspect thread<\/a>.<\/strong><\/div>\n|j|\u260630orless\n|j|\u2606Steez Ibanez\n|t:|1665837258\n|gametype|singles\n|player|p1|30orless|1|1712\n|player|p2|Steez Ibanez|acetrainer-gen7|1646\n|teamsize|p1|6\n|teamsize|p2|6\n|gen|8\n|tier|[Gen 8] OU\n|rated|\n|rule|Sleep Clause Mod: Limit one foe put to sleep\n|rule|Species Clause: Limit one of each Pok\u00e9mon\n|rule|OHKO Clause: OHKO moves are banned\n|rule|Evasion Items Clause: Evasion items are banned\n|rule|Evasion Moves Clause: Evasion moves are banned\n|rule|Endless Battle Clause: Forcing endless battles is banned\n|rule|HP Percentage Mod: HP is shown in percentages\n|rule|Dynamax Clause: You cannot dynamax\n|clearpoke\n|poke|p1|Moltres|\n|poke|p1|Hydreigon, F|\n|poke|p1|Blaziken, F|\n|poke|p1|Volcanion|\n|poke|p1|Zapdos|\n|poke|p1|Mamoswine, F|\n|poke|p2|Clefable, M|\n|poke|p2|Zapdos-Galar|\n|poke|p2|Tapu Koko|\n|poke|p2|Melmetal|\n|poke|p2|Garchomp, M|\n|poke|p2|Ferrothorn, M|\n|teampreview\n|inactive|Battle timer is ON: inactive players will automatically lose when time's up. (requested by 30orless)\n|\n|t:|1665837265\n|start\n|switch|p1a: Moltres|Moltres|100\/100\n|switch|p2a: Birdman|Tapu Koko|100\/100\n|-fieldstart|move: Electric Terrain|[from] ability: Electric Surge|[of] p2a: Birdman\n|turn|1\n|\n|t:|1665837271\n|move|p2a: Birdman|Thunderbolt|p1a: Moltres\n|-supereffective|p1a: Moltres\n|-damage|p1a: Moltres|0 fnt\n|faint|p1a: Moltres\n|\n|upkeep\n|\n|t:|1665837273\n|switch|p1a: Mamoswine|Mamoswine, F|100\/100\n|turn|2\n|-activate|p1a: Mamoswine|item: Quick Claw\n|\n|t:|1665837276\n|switch|p2a: Abomination|Ferrothorn, M|100\/100\n|move|p1a: Mamoswine|Stealth Rock|p2a: Abomination\n|-sidestart|p2: Steez Ibanez|move: Stealth Rock\n|\n|upkeep\n|turn|3\n|\n|t:|1665837280\n|switch|p1a: Blaziken|Blaziken, F|100\/100\n|move|p2a: Abomination|Gyro Ball|p1a: Blaziken\n|-resisted|p1a: Blaziken\n|-damage|p1a: Blaziken|62\/100\n|\n|upkeep\n|turn|4\n|\n|t:|1665837282\n|switch|p2a: Samehada|Garchomp, M|100\/100\n|-damage|p2a: Samehada|94\/100|[from] Stealth Rock\n|move|p1a: Blaziken|Overheat|p2a: Samehada\n|-resisted|p2a: Samehada\n|-damage|p2a: Samehada|64\/100\n|-unboost|p1a: Blaziken|spa|2\n|-damage|p1a: Blaziken|52\/100|[from] item: Life Orb\n|\n|-heal|p2a: Samehada|70\/100|[from] item: Leftovers\n|-ability|p1a: Blaziken|Speed Boost|boost\n|-boost|p1a: Blaziken|spe|1\n|upkeep\n|turn|5\n|\n|t:|1665837285\n|switch|p1a: Mamoswine|Mamoswine, F|100\/100\n|move|p2a: Samehada|Stealth Rock|p1a: Mamoswine\n|-sidestart|p1: 30orless|move: Stealth Rock\n|\n|-heal|p2a: Samehada|76\/100|[from] item: Leftovers\n|-fieldend|move: Electric Terrain\n|upkeep\n|turn|6\n|\n|t:|1665837288\n|switch|p2a: Abomination|Ferrothorn, M|100\/100\n|-damage|p2a: Abomination|95\/100|[from] Stealth Rock\n|move|p1a: Mamoswine|Icicle Crash|p2a: Abomination|[miss]\n|-miss|p1a: Mamoswine|p2a: Abomination\n|\n|upkeep\n|turn|7\n|\n|t:|1665837293\n|switch|p1a: Volcanion|Volcanion|100\/100\n|move|p2a: Abomination|Leech Seed|p1a: Volcanion\n|-start|p1a: Volcanion|move: Leech Seed\n|\n|-damage|p1a: Volcanion|88\/100|[from] Leech Seed|[of] p2a: Abomination\n|-heal|p2a: Abomination|100\/100|[silent]\n|upkeep\n|turn|8\n|\n|t:|1665837296\n|switch|p2a: Samehada|Garchomp, M|76\/100\n|-damage|p2a: Samehada|70\/100|[from] Stealth Rock\n|move|p1a: Volcanion|Steam Eruption|p2a: Samehada\n|-damage|p2a: Samehada|18\/100\n|\n|-heal|p2a: Samehada|24\/100|[from] item: Leftovers\n|-damage|p1a: Volcanion|76\/100|[from] Leech Seed|[of] p2a: Samehada\n|-heal|p2a: Samehada|34\/100|[silent]\n|upkeep\n|turn|9\n|\n|t:|1665837301\n|move|p2a: Samehada|Toxic|p1a: Volcanion\n|-status|p1a: Volcanion|tox\n|move|p1a: Volcanion|Steam Eruption|p2a: Samehada\n|-damage|p2a: Samehada|0 fnt\n|faint|p2a: Samehada\n|\n|-damage|p1a: Volcanion|70\/100 tox|[from] psn\n|upkeep\n|\n|t:|1665837304\n|switch|p2a: Birdman|Tapu Koko|100\/100\n|-damage|p2a: Birdman|88\/100|[from] Stealth Rock\n|-fieldstart|move: Electric Terrain|[from] ability: Electric Surge|[of] p2a: Birdman\n|turn|10\n|\n|t:|1665837308\n|move|p2a: Birdman|Volt Switch|p1a: Volcanion\n|-supereffective|p1a: Volcanion\n|-damage|p1a: Volcanion|0 fnt\n|faint|p1a: Volcanion\n|\n|t:|1665837312\n|switch|p2a: Majinn|Clefable, M|100\/100|[from]move: Volt Switch\n|\n|upkeep\n|\n|t:|1665837314\n|switch|p1a: Mamoswine|Mamoswine, F|100\/100\n|-damage|p1a: Mamoswine|88\/100|[from] Stealth Rock\n|turn|11\n|\n|t:|1665837322\n|move|p1a: Mamoswine|Icicle Crash|p2a: Majinn\n|-damage|p2a: Majinn|60\/100\n|move|p2a: Majinn|Moonblast|p1a: Mamoswine\n|-damage|p1a: Mamoswine|46\/100\n|\n|upkeep\n|turn|12\n|\n|t:|1665837326\n|move|p1a: Mamoswine|Icicle Crash|p2a: Majinn\n|-damage|p2a: Majinn|14\/100\n|cant|p2a: Majinn|flinch\n|\n|upkeep\n|turn|13\n|\n|t:|1665837330\n|move|p1a: Mamoswine|Earthquake|p2a: Majinn\n|-damage|p2a: Majinn|0 fnt\n|faint|p2a: Majinn\n|\n|upkeep\n|\n|t:|1665837334\n|switch|p2a: Abomination|Ferrothorn, M|100\/100\n|-damage|p2a: Abomination|95\/100|[from] Stealth Rock\n|turn|14\n|\n|t:|1665837337\n|switch|p1a: Blaziken|Blaziken, F|52\/100\n|-damage|p1a: Blaziken|39\/100|[from] Stealth Rock\n|move|p2a: Abomination|Knock Off|p1a: Blaziken\n|-resisted|p1a: Blaziken\n|-damage|p1a: Blaziken|24\/100\n|-enditem|p1a: Blaziken|Life Orb|[from] move: Knock Off|[of] p2a: Abomination\n|\n|-fieldend|move: Electric Terrain\n|upkeep\n|turn|15\n|\n|t:|1665837342\n|switch|p2a: Kenny Omega|Zapdos-Galar|100\/100\n|-damage|p2a: Kenny Omega|88\/100|[from] Stealth Rock\n|move|p1a: Blaziken|Overheat|p2a: Kenny Omega|[miss]\n|-miss|p1a: Blaziken|p2a: Kenny Omega\n|\n|-ability|p1a: Blaziken|Speed Boost|boost\n|-boost|p1a: Blaziken|spe|1\n|upkeep\n|turn|16\n|\n|t:|1665837347\n|switch|p1a: Zapdos|Zapdos|100\/100\n|move|p2a: Kenny Omega|Close Combat|p1a: Zapdos\n|-resisted|p1a: Zapdos\n|-damage|p1a: Zapdos|51\/100\n|-unboost|p2a: Kenny Omega|def|1\n|-unboost|p2a: Kenny Omega|spd|1\n|-status|p2a: Kenny Omega|par|[from] ability: Static|[of] p1a: Zapdos\n|\n|upkeep\n|turn|17\n|\n|t:|1665837351\n|move|p1a: Zapdos|Defog|p2a: Kenny Omega\n|-unboost|p2a: Kenny Omega|evasion|1\n|-ability|p2a: Kenny Omega|Defiant|boost\n|-boost|p2a: Kenny Omega|atk|2\n|-sideend|p2: Steez Ibanez|Stealth Rock|[from] move: Defog|[of] p1a: Zapdos\n|-sideend|p1: 30orless|Stealth Rock|[from] move: Defog|[of] p1a: Zapdos\n|move|p2a: Kenny Omega|Close Combat|p1a: Zapdos\n|-resisted|p1a: Zapdos\n|-damage|p1a: Zapdos|0 fnt\n|-unboost|p2a: Kenny Omega|def|1\n|-unboost|p2a: Kenny Omega|spd|1\n|faint|p1a: Zapdos\n|\n|upkeep\n|\n|t:|1665837354\n|switch|p1a: Mamoswine|Mamoswine, F|46\/100\n|turn|18\n|\n|t:|1665837356\n|move|p1a: Mamoswine|Icicle Crash|p2a: Kenny Omega\n|-supereffective|p2a: Kenny Omega\n|-damage|p2a: Kenny Omega|0 fnt\n|faint|p2a: Kenny Omega\n|\n|upkeep\n|\n|t:|1665837359\n|switch|p2a: Luke Cage|Melmetal|100\/100\n|turn|19\n|\n|t:|1665837361\n|move|p1a: Mamoswine|Earthquake|p2a: Luke Cage\n|-supereffective|p2a: Luke Cage\n|-damage|p2a: Luke Cage|29\/100\n|move|p2a: Luke Cage|Double Iron Bash|p1a: Mamoswine\n|-supereffective|p1a: Mamoswine\n|-damage|p1a: Mamoswine|0 fnt\n|faint|p1a: Mamoswine\n|-hitcount|p1: Mamoswine|1\n|\n|upkeep\n|\n|t:|1665837369\n|switch|p1a: Hydreigon|Hydreigon, F|100\/100\n|turn|20\n|\n|t:|1665837371\n|move|p1a: Hydreigon|Earth Power|p2a: Luke Cage\n|-supereffective|p2a: Luke Cage\n|-damage|p2a: Luke Cage|0 fnt\n|faint|p2a: Luke Cage\n|\n|upkeep\n|\n|t:|1665837372\n|switch|p2a: Birdman|Tapu Koko|88\/100\n|-fieldstart|move: Electric Terrain|[from] ability: Electric Surge|[of] p2a: Birdman\n|turn|21\n|\n|t:|1665837374\n|move|p1a: Hydreigon|Earth Power|p2a: Birdman\n|-supereffective|p2a: Birdman\n|-damage|p2a: Birdman|0 fnt\n|faint|p2a: Birdman\n|\n|upkeep\n|-message|Steez Ibanez forfeited.\n|\n|win|30orless\n|raw|30orless's rating: 1712 &rarr; <strong>1728<\/strong><br \/>(+16 for winning)\n|raw|Steez Ibanez's rating: 1646 &rarr; <strong>1630<\/strong><br \/>(-16 for losing)\n|l|\u2606Steez Ibanez\n","uploadtime":1665837383,"views":22,"p1id":"30orless","p2id":"steezibanez","formatid":"gen8ou","rating":1630,"private":0,"password":null}