{"id":"gen8ubers-1436328175","p1":"Waking Water","p2":"Arcangel666","format":"gen8ubers","log":"|j|\u2606Waking Water\n|j|\u2606Arcangel666\n|t:|1634362685\n|gametype|singles\n|player|p1|Waking Water|swimmerf-gen4dp|1450\n|player|p2|Arcangel666|grimsley|1499\n|teamsize|p1|6\n|teamsize|p2|6\n|gen|8\n|tier|[Gen 8] Ubers\n|rated|\n|rule|Sleep Clause Mod: Limit one foe put to sleep\n|rule|Species Clause: Limit one of each Pok\u00e9mon\n|rule|OHKO Clause: OHKO moves are banned\n|rule|Evasion Moves Clause: Evasion moves are banned\n|rule|Endless Battle Clause: Forcing endless battles is banned\n|rule|HP Percentage Mod: HP is shown in percentages\n|rule|Dynamax Clause: You cannot dynamax\n|clearpoke\n|poke|p1|Necrozma-Dusk-Mane|\n|poke|p1|Ferrothorn, F|\n|poke|p1|Eternatus|\n|poke|p1|Yveltal|\n|poke|p1|Kyogre|\n|poke|p1|Zekrom|\n|poke|p2|Xerneas-*|\n|poke|p2|Calyrex-Shadow|\n|poke|p2|Kyurem-White|\n|poke|p2|Yveltal|\n|poke|p2|Necrozma-Dusk-Mane|\n|poke|p2|Groudon|\n|teampreview\n|\n|t:|1634362702\n|start\n|switch|p1a: Kyogre|Kyogre|100\/100\n|switch|p2a: Groudon|Groudon|100\/100\n|-weather|RainDance|[from] ability: Drizzle|[of] p1a: Kyogre\n|-weather|SunnyDay|[from] ability: Drought|[of] p2a: Groudon\n|turn|1\n|\n|t:|1634362711\n|switch|p1a: Yveltal|Yveltal|100\/100\n|-ability|p1a: Yveltal|Dark Aura\n|switch|p2a: Kyurem|Kyurem-White, shiny|100\/100\n|-ability|p2a: Kyurem|Turboblaze\n|\n|-weather|SunnyDay|[upkeep]\n|upkeep\n|turn|2\n|\n|t:|1634362719\n|move|p1a: Yveltal|U-turn|p2a: Kyurem\n|-damage|p2a: Kyurem|83\/100\n|\n|t:|1634362722\n|switch|p1a: Eternatus|Eternatus|100\/100|[from]move: U-turn\n|-ability|p1a: Eternatus|Pressure\n|move|p2a: Kyurem|Fusion Flare|p1a: Eternatus\n|-resisted|p1a: Eternatus\n|-damage|p1a: Eternatus|75\/100\n|-damage|p2a: Kyurem|73\/100|[from] item: Life Orb\n|\n|-weather|SunnyDay|[upkeep]\n|-heal|p1a: Eternatus|82\/100|[from] item: Black Sludge\n|upkeep\n|turn|3\n|\n|t:|1634362732\n|switch|p1a: Necrozma|Necrozma-Dusk-Mane|100\/100\n|switch|p2a: Necrozma|Necrozma-Dusk-Mane, shiny|100\/100\n|\n|-weather|SunnyDay|[upkeep]\n|upkeep\n|turn|4\n|\n|t:|1634362736\n|move|p1a: Necrozma|Thunder Wave|p2a: Necrozma\n|-status|p2a: Necrozma|par\n|cant|p2a: Necrozma|par\n|\n|-weather|SunnyDay|[upkeep]\n|upkeep\n|turn|5\n|\n|t:|1634362740\n|move|p1a: Necrozma|Stealth Rock|p2a: Necrozma\n|-sidestart|p2: Arcangel666|move: Stealth Rock\n|move|p2a: Necrozma|Thunder Wave|p1a: Necrozma\n|-status|p1a: Necrozma|par\n|\n|-weather|none\n|upkeep\n|turn|6\n|\n|t:|1634362744\n|switch|p1a: Kyogre|Kyogre|100\/100\n|-weather|RainDance|[from] ability: Drizzle|[of] p1a: Kyogre\n|switch|p2a: Yveltal|Yveltal, shiny|100\/100\n|-damage|p2a: Yveltal|76\/100|[from] Stealth Rock\n|-ability|p2a: Yveltal|Dark Aura\n|\n|-weather|RainDance|[upkeep]\n|upkeep\n|turn|7\n|\n|t:|1634362748\n|move|p2a: Yveltal|Sucker Punch|p1a: Kyogre\n|-damage|p1a: Kyogre|38\/100\n|move|p1a: Kyogre|Water Spout|p2a: Yveltal\n|-damage|p2a: Yveltal|13\/100\n|\n|-weather|RainDance|[upkeep]\n|upkeep\n|turn|8\n|\n|t:|1634362767\n|switch|p1a: Eternatus|Eternatus|82\/100\n|-ability|p1a: Eternatus|Pressure\n|move|p2a: Yveltal|Defog|p1a: Eternatus\n|-unboost|p1a: Eternatus|evasion|1\n|-sideend|p2: Arcangel666|Stealth Rock|[from] move: Defog|[of] p2a: Yveltal\n|\n|-weather|RainDance|[upkeep]\n|-heal|p1a: Eternatus|88\/100|[from] item: Black Sludge\n|upkeep\n|turn|9\n|\n|t:|1634362771\n|switch|p2a: Necrozma|Necrozma-Dusk-Mane, shiny|100\/100 par\n|move|p1a: Eternatus|Toxic||[still]\n|-fail|p1a: Eternatus\n|\n|-weather|RainDance|[upkeep]\n|-heal|p1a: Eternatus|94\/100|[from] item: Black Sludge\n|upkeep\n|turn|10\n|\n|t:|1634362777\n|switch|p1a: Zekrom|Zekrom|100\/100\n|-ability|p1a: Zekrom|Teravolt\n|cant|p2a: Necrozma|par\n|\n|-weather|none\n|upkeep\n|turn|11\n|\n|t:|1634362780\n|switch|p2a: Groudon|Groudon|100\/100\n|-weather|SunnyDay|[from] ability: Drought|[of] p2a: Groudon\n|move|p1a: Zekrom|Dragon Dance|p1a: Zekrom\n|-boost|p1a: Zekrom|atk|1\n|-boost|p1a: Zekrom|spe|1\n|\n|-weather|SunnyDay|[upkeep]\n|upkeep\n|turn|12\n|\n|t:|1634362786\n|move|p1a: Zekrom|Draco Meteor|p2a: Groudon\n|-damage|p2a: Groudon|38\/100\n|-unboost|p1a: Zekrom|spa|2\n|-damage|p1a: Zekrom|91\/100|[from] item: Life Orb\n|move|p2a: Groudon|Precipice Blades|p1a: Zekrom\n|-supereffective|p1a: Zekrom\n|-damage|p1a: Zekrom|0 fnt\n|faint|p1a: Zekrom\n|\n|-weather|SunnyDay|[upkeep]\n|-heal|p2a: Groudon|44\/100|[from] item: Leftovers\n|upkeep\n|\n|t:|1634362796\n|switch|p1a: Kyogre|Kyogre|38\/100\n|-weather|RainDance|[from] ability: Drizzle|[of] p1a: Kyogre\n|turn|13\n|\n|t:|1634362801\n|switch|p2a: Yveltal|Yveltal, shiny|13\/100\n|-ability|p2a: Yveltal|Dark Aura\n|move|p1a: Kyogre|Origin Pulse|p2a: Yveltal\n|-damage|p2a: Yveltal|0 fnt\n|faint|p2a: Yveltal\n|\n|-weather|RainDance|[upkeep]\n|upkeep\n|\n|t:|1634362806\n|switch|p2a: Groudon|Groudon|44\/100\n|-weather|SunnyDay|[from] ability: Drought|[of] p2a: Groudon\n|turn|14\n|\n|t:|1634362813\n|switch|p1a: Eternatus|Eternatus|94\/100\n|-ability|p1a: Eternatus|Pressure\n|switch|p2a: Xerneas|Xerneas, shiny|100\/100\n|-ability|p2a: Xerneas|Fairy Aura\n|\n|-weather|SunnyDay|[upkeep]\n|-heal|p1a: Eternatus|99\/100|[from] item: Black Sludge\n|upkeep\n|turn|15\n|\n|t:|1634362818\n|move|p1a: Eternatus|Mystical Fire|p2a: Xerneas\n|-damage|p2a: Xerneas|70\/100\n|-unboost|p2a: Xerneas|spa|1\n|move|p2a: Xerneas|Psyshock|p1a: Eternatus\n|-supereffective|p1a: Eternatus\n|-damage|p1a: Eternatus|72\/100\n|\n|-weather|SunnyDay|[upkeep]\n|-heal|p1a: Eternatus|78\/100|[from] item: Black Sludge\n|upkeep\n|turn|16\n|\n|t:|1634362825\n|switch|p2a: Necrozma|Necrozma-Dusk-Mane, shiny|100\/100 par\n|move|p1a: Eternatus|Mystical Fire|p2a: Necrozma\n|-supereffective|p2a: Necrozma\n|-damage|p2a: Necrozma|67\/100 par\n|-unboost|p2a: Necrozma|spa|1\n|\n|-weather|SunnyDay|[upkeep]\n|-heal|p1a: Eternatus|84\/100|[from] item: Black Sludge\n|-heal|p2a: Necrozma|73\/100 par|[from] item: Leftovers\n|upkeep\n|turn|17\n|\n|t:|1634362835\n|switch|p1a: Yveltal|Yveltal|100\/100\n|-ability|p1a: Yveltal|Dark Aura\n|move|p2a: Necrozma|Knock Off|p1a: Yveltal\n|-resisted|p1a: Yveltal\n|-damage|p1a: Yveltal|84\/100\n|-enditem|p1a: Yveltal|Choice Scarf|[from] move: Knock Off|[of] p2a: Necrozma\n|\n|-weather|SunnyDay|[upkeep]\n|-heal|p2a: Necrozma|79\/100 par|[from] item: Leftovers\n|upkeep\n|turn|18\n|\n|t:|1634362845\n|switch|p2a: Xerneas|Xerneas, shiny|70\/100\n|-ability|p2a: Xerneas|Fairy Aura\n|move|p1a: Yveltal|Foul Play|p2a: Xerneas\n|-resisted|p2a: Xerneas\n|-damage|p2a: Xerneas|51\/100\n|\n|-weather|none\n|upkeep\n|turn|19\n|\n|t:|1634362851\n|switch|p1a: Ferrothorn|Ferrothorn, F|100\/100\n|move|p2a: Xerneas|Moonblast|p1a: Ferrothorn\n|-resisted|p1a: Ferrothorn\n|-damage|p1a: Ferrothorn|79\/100\n|\n|-heal|p1a: Ferrothorn|85\/100|[from] item: Leftovers\n|upkeep\n|turn|20\n|\n|t:|1634362856\n|switch|p2a: Groudon|Groudon|44\/100\n|-weather|SunnyDay|[from] ability: Drought|[of] p2a: Groudon\n|move|p1a: Ferrothorn|Spikes|p2a: Groudon\n|-sidestart|p2: Arcangel666|Spikes\n|\n|-weather|SunnyDay|[upkeep]\n|-heal|p2a: Groudon|51\/100|[from] item: Leftovers\n|-heal|p1a: Ferrothorn|92\/100|[from] item: Leftovers\n|upkeep\n|turn|21\n|\n|t:|1634362863\n|switch|p1a: Yveltal|Yveltal|84\/100\n|-ability|p1a: Yveltal|Dark Aura\n|move|p2a: Groudon|Precipice Blades|p1a: Yveltal\n|-immune|p1a: Yveltal\n|\n|-weather|SunnyDay|[upkeep]\n|-heal|p2a: Groudon|57\/100|[from] item: Leftovers\n|upkeep\n|turn|22\n|\n|t:|1634362867\n|move|p1a: Yveltal|Foul Play|p2a: Groudon\n|-damage|p2a: Groudon|27\/100\n|move|p2a: Groudon|Stone Edge|p1a: Yveltal|[miss]\n|-miss|p2a: Groudon|p1a: Yveltal\n|\n|-weather|SunnyDay|[upkeep]\n|-heal|p2a: Groudon|33\/100|[from] item: Leftovers\n|upkeep\n|turn|23\n|\n|t:|1634362871\n|move|p1a: Yveltal|Foul Play|p2a: Groudon\n|-damage|p2a: Groudon|4\/100\n|move|p2a: Groudon|Stone Edge|p1a: Yveltal\n|-supereffective|p1a: Yveltal\n|-damage|p1a: Yveltal|31\/100\n|\n|-weather|SunnyDay|[upkeep]\n|-heal|p2a: Groudon|10\/100|[from] item: Leftovers\n|upkeep\n|turn|24\n|\n|t:|1634362876\n|move|p1a: Yveltal|Roost|p1a: Yveltal\n|-heal|p1a: Yveltal|81\/100\n|-singleturn|p1a: Yveltal|move: Roost\n|move|p2a: Groudon|Stone Edge|p1a: Yveltal\n|-crit|p1a: Yveltal\n|-damage|p1a: Yveltal|39\/100\n|\n|-weather|none\n|-heal|p2a: Groudon|16\/100|[from] item: Leftovers\n|upkeep\n|turn|25\n|\n|t:|1634362880\n|move|p1a: Yveltal|Roost|p1a: Yveltal\n|-heal|p1a: Yveltal|89\/100\n|-singleturn|p1a: Yveltal|move: Roost\n|move|p2a: Groudon|Stone Edge|p1a: Yveltal\n|-damage|p1a: Yveltal|62\/100\n|\n|-heal|p2a: Groudon|23\/100|[from] item: Leftovers\n|upkeep\n|turn|26\n|\n|t:|1634362884\n|move|p1a: Yveltal|Foul Play|p2a: Groudon\n|-damage|p2a: Groudon|0 fnt\n|faint|p2a: Groudon\n|\n|upkeep\n|\n|t:|1634362890\n|switch|p2a: Kyurem|Kyurem-White, shiny|73\/100\n|-damage|p2a: Kyurem|61\/100|[from] Spikes\n|-ability|p2a: Kyurem|Turboblaze\n|turn|27\n|\n|t:|1634362899\n|switch|p1a: Necrozma|Necrozma-Dusk-Mane|100\/100 par\n|move|p2a: Kyurem|Freeze-Dry|p1a: Necrozma\n|-resisted|p1a: Necrozma\n|-damage|p1a: Necrozma|76\/100 par\n|-damage|p2a: Kyurem|51\/100|[from] item: Life Orb\n|\n|upkeep\n|turn|28\n|\n|t:|1634362908\n|move|p2a: Kyurem|Fusion Flare|p1a: Necrozma\n|-supereffective|p1a: Necrozma\n|-damage|p1a: Necrozma|6\/100 par\n|-damage|p2a: Kyurem|41\/100|[from] item: Life Orb\n|move|p1a: Necrozma|Thunder Wave|p2a: Kyurem|[miss]\n|-miss|p1a: Necrozma|p2a: Kyurem\n|\n|upkeep\n|turn|29\n|\n|t:|1634362916\n|switch|p1a: Eternatus|Eternatus|84\/100\n|-ability|p1a: Eternatus|Pressure\n|move|p2a: Kyurem|Ice Beam|p1a: Eternatus\n|-supereffective|p1a: Eternatus\n|-damage|p1a: Eternatus|0 fnt\n|faint|p1a: Eternatus\n|-damage|p2a: Kyurem|31\/100|[from] item: Life Orb\n|\n|upkeep\n|\n|t:|1634362927\n|switch|p1a: Kyogre|Kyogre|38\/100\n|-weather|RainDance|[from] ability: Drizzle|[of] p1a: Kyogre\n|turn|30\n|\n|t:|1634362930\n|move|p2a: Kyurem|Freeze-Dry|p1a: Kyogre\n|-supereffective|p1a: Kyogre\n|-damage|p1a: Kyogre|0 fnt\n|faint|p1a: Kyogre\n|-damage|p2a: Kyurem|21\/100|[from] item: Life Orb\n|\n|-weather|RainDance|[upkeep]\n|upkeep\n|\n|t:|1634362935\n|switch|p1a: Ferrothorn|Ferrothorn, F|92\/100\n|turn|31\n|\n|t:|1634362939\n|move|p2a: Kyurem|Ice Beam|p1a: Ferrothorn\n|-damage|p1a: Ferrothorn|46\/100\n|-damage|p2a: Kyurem|11\/100|[from] item: Life Orb\n|move|p1a: Ferrothorn|Leech Seed|p2a: Kyurem\n|-start|p2a: Kyurem|move: Leech Seed\n|\n|-weather|RainDance|[upkeep]\n|-heal|p1a: Ferrothorn|52\/100|[from] item: Leftovers\n|-damage|p2a: Kyurem|0 fnt|[from] Leech Seed|[of] p1a: Ferrothorn\n|-heal|p1a: Ferrothorn|64\/100|[silent]\n|faint|p2a: Kyurem\n|upkeep\n|j| Hoennseptile\n|\n|t:|1634362944\n|switch|p2a: Xerneas|Xerneas, shiny|51\/100\n|-damage|p2a: Xerneas|38\/100|[from] Spikes\n|-ability|p2a: Xerneas|Fairy Aura\n|turn|32\n|\n|t:|1634362948\n|move|p1a: Ferrothorn|Protect|p1a: Ferrothorn\n|-singleturn|p1a: Ferrothorn|Protect\n|move|p2a: Xerneas|Focus Blast|p1a: Ferrothorn\n|-activate|p1a: Ferrothorn|move: Protect\n|\n|-weather|RainDance|[upkeep]\n|-heal|p1a: Ferrothorn|70\/100|[from] item: Leftovers\n|upkeep\n|turn|33\n|\n|t:|1634362956\n|move|p2a: Xerneas|Focus Blast|p1a: Ferrothorn|[miss]\n|-miss|p2a: Xerneas|p1a: Ferrothorn\n|move|p1a: Ferrothorn|Spikes|p2a: Xerneas\n|-sidestart|p2: Arcangel666|Spikes\n|\n|-weather|RainDance|[upkeep]\n|-heal|p1a: Ferrothorn|76\/100|[from] item: Leftovers\n|upkeep\n|turn|34\n|\n|t:|1634362959\n|move|p1a: Ferrothorn|Protect|p1a: Ferrothorn\n|-singleturn|p1a: Ferrothorn|Protect\n|move|p2a: Xerneas|Focus Blast|p1a: Ferrothorn\n|-activate|p1a: Ferrothorn|move: Protect\n|\n|-weather|none\n|-heal|p1a: Ferrothorn|83\/100|[from] item: Leftovers\n|upkeep\n|turn|35\n|\n|t:|1634362962\n|move|p2a: Xerneas|Focus Blast|p1a: Ferrothorn|[miss]\n|-miss|p2a: Xerneas|p1a: Ferrothorn\n|move|p1a: Ferrothorn|Leech Seed|p2a: Xerneas\n|-start|p2a: Xerneas|move: Leech Seed\n|\n|-heal|p1a: Ferrothorn|89\/100|[from] item: Leftovers\n|-damage|p2a: Xerneas|26\/100|[from] Leech Seed|[of] p1a: Ferrothorn\n|-heal|p1a: Ferrothorn|100\/100|[silent]\n|upkeep\n|turn|36\n|\n|t:|1634362967\n|move|p1a: Ferrothorn|Protect|p1a: Ferrothorn\n|-singleturn|p1a: Ferrothorn|Protect\n|move|p2a: Xerneas|Geomancy||[still]\n|-prepare|p2a: Xerneas|Geomancy\n|-enditem|p2a: Xerneas|Power Herb\n|-anim|p2a: Xerneas|Geomancy|p2a: Xerneas\n|-boost|p2a: Xerneas|spa|2\n|-boost|p2a: Xerneas|spd|2\n|-boost|p2a: Xerneas|spe|2\n|\n|-damage|p2a: Xerneas|13\/100|[from] Leech Seed|[of] p1a: Ferrothorn\n|upkeep\n|turn|37\n|\n|t:|1634362973\n|move|p1a: Ferrothorn|Protect||[still]\n|-fail|p1a: Ferrothorn\n|move|p2a: Xerneas|Focus Blast|p1a: Ferrothorn|[miss]\n|-miss|p2a: Xerneas|p1a: Ferrothorn\n|\n|-damage|p2a: Xerneas|1\/100|[from] Leech Seed|[of] p1a: Ferrothorn\n|upkeep\n|turn|38\n|\n|t:|1634362977\n|move|p1a: Ferrothorn|Protect|p1a: Ferrothorn\n|-singleturn|p1a: Ferrothorn|Protect\n|move|p2a: Xerneas|Focus Blast|p1a: Ferrothorn\n|-activate|p1a: Ferrothorn|move: Protect\n|\n|-damage|p2a: Xerneas|0 fnt|[from] Leech Seed|[of] p1a: Ferrothorn\n|faint|p2a: Xerneas\n|upkeep\n|\n|t:|1634362983\n|switch|p2a: Calyrex|Calyrex-Shadow|100\/100\n|-ability|p2a: Calyrex|As One\n|-ability|p2a: Calyrex|Unnerve\n|-damage|p2a: Calyrex|84\/100|[from] Spikes\n|turn|39\n|\n|t:|1634362988\n|move|p2a: Calyrex|Nasty Plot|p2a: Calyrex\n|-boost|p2a: Calyrex|spa|2\n|move|p1a: Ferrothorn|Knock Off|p2a: Calyrex\n|-supereffective|p2a: Calyrex\n|-damage|p2a: Calyrex|0 fnt\n|-enditem|p2a: Calyrex|Focus Sash|[from] move: Knock Off|[of] p1a: Ferrothorn\n|faint|p2a: Calyrex\n|\n|upkeep\n|\n|t:|1634362990\n|switch|p2a: Necrozma|Necrozma-Dusk-Mane, shiny|79\/100 par\n|-damage|p2a: Necrozma|63\/100 par|[from] Spikes\n|turn|40\n|-message|Arcangel666 forfeited.\n|\n|win|Waking Water\n|raw|Waking Water's rating: 1450 &rarr; <strong>1473<\/strong><br \/>(+23 for winning)\n|raw|Arcangel666's rating: 1499 &rarr; <strong>1476<\/strong><br \/>(-23 for losing)\n|l|\u2606Arcangel666\n","uploadtime":1634362997,"views":15,"p1id":"wakingwater","p2id":"arcangel666","formatid":"gen8ubers","rating":1473,"private":0,"password":null}