{"id":"gen8ou-1695481781","p1":"Raimei Hakkei 2","p2":"ChandosH","format":"gen8ou","log":"|html|<div class=\"broadcast-blue\"><strong>[Gen 8] OU is currently suspecting Melmetal! For information on how to participate check out the <a href=\"https:\/\/www.smogon.com\/forums\/threads\/np-ss-ou-suspect-process-round-12-monster-mash.3709234\/\">suspect thread<\/a>.<\/strong><\/div>\n|j|\u2606Raimei Hakkei 2\n|j|\u2606ChandosH\n|t:|1666803134\n|gametype|singles\n|player|p1|Raimei Hakkei 2|265|1671\n|player|p2|ChandosH|n-masters|1676\n|teamsize|p1|6\n|teamsize|p2|6\n|gen|8\n|tier|[Gen 8] OU\n|rated|\n|rule|Sleep Clause Mod: Limit one foe put to sleep\n|rule|Species Clause: Limit one of each Pok\u00e9mon\n|rule|OHKO Clause: OHKO moves are banned\n|rule|Evasion Items Clause: Evasion items are banned\n|rule|Evasion Moves Clause: Evasion moves are banned\n|rule|Endless Battle Clause: Forcing endless battles is banned\n|rule|HP Percentage Mod: HP is shown in percentages\n|rule|Dynamax Clause: You cannot dynamax\n|clearpoke\n|poke|p1|Landorus-Therian, M|\n|poke|p1|Kartana|\n|poke|p1|Dragonite, M|\n|poke|p1|Tyrantrum, F|\n|poke|p1|Aegislash, M|\n|poke|p1|Chansey, F|\n|poke|p2|Toxapex, M|\n|poke|p2|Skarmory, M|\n|poke|p2|Clefable, F|\n|poke|p2|Tapu Koko|\n|poke|p2|Hippowdon, M|\n|poke|p2|Reuniclus, M|\n|teampreview\n|inactive|Battle timer is ON: inactive players will automatically lose when time's up. (requested by Raimei Hakkei 2)\n|inactive|ChandosH has 120 seconds left.\n|\n|t:|1666803170\n|start\n|switch|p1a: Death Destroyer|Aegislash, M|100\/100\n|switch|p2a: Skarmory|Skarmory, M|100\/100\n|turn|1\n|\n|t:|1666803176\n|switch|p2a: Toxapex|Toxapex, M|100\/100\n|-formechange|p1a: Death Destroyer|Aegislash-Blade||[from] ability: Stance Change\n|move|p1a: Death Destroyer|Shadow Ball|p2a: Toxapex\n|-damage|p2a: Toxapex|52\/100\n|\n|upkeep\n|turn|2\n|inactive|ChandosH has 120 seconds left.\n|\n|t:|1666803211\n|switch|p1a: Chansey|Chansey, F|100\/100\n|switch|p2a: Hippowdon|Hippowdon, M|100\/100\n|-weather|Sandstorm|[from] ability: Sand Stream|[of] p2a: Hippowdon\n|\n|-weather|Sandstorm|[upkeep]\n|-damage|p1a: Chansey|94\/100|[from] Sandstorm\n|upkeep\n|turn|3\n|\n|t:|1666803218\n|switch|p2a: Skarmory|Skarmory, M|100\/100\n|move|p1a: Chansey|Toxic|p2a: Skarmory\n|-immune|p2a: Skarmory\n|\n|-weather|Sandstorm|[upkeep]\n|-damage|p1a: Chansey|88\/100|[from] Sandstorm\n|upkeep\n|turn|4\n|\n|t:|1666803223\n|switch|p1a: Death Destroyer|Aegislash, M|100\/100\n|move|p2a: Skarmory|Spikes|p1a: Death Destroyer\n|-sidestart|p1: Raimei Hakkei 2|Spikes\n|\n|-weather|Sandstorm|[upkeep]\n|upkeep\n|turn|5\n|\n|t:|1666803228\n|switch|p2a: Hippowdon|Hippowdon, M|100\/100\n|-formechange|p1a: Death Destroyer|Aegislash-Blade||[from] ability: Stance Change\n|move|p1a: Death Destroyer|Shadow Ball|p2a: Hippowdon\n|-damage|p2a: Hippowdon|58\/100\n|\n|-weather|Sandstorm|[upkeep]\n|-heal|p2a: Hippowdon|64\/100|[from] item: Leftovers\n|upkeep\n|turn|6\n|\n|t:|1666803238\n|switch|p1a: Raging Drunk|Landorus-Therian, M|100\/100\n|-ability|p1a: Raging Drunk|Intimidate|boost\n|-unboost|p2a: Hippowdon|atk|1\n|move|p2a: Hippowdon|Slack Off|p2a: Hippowdon\n|-heal|p2a: Hippowdon|100\/100\n|\n|-weather|none\n|upkeep\n|turn|7\n|\n|t:|1666803244\n|move|p1a: Raging Drunk|Stealth Rock|p2a: Hippowdon\n|-sidestart|p2: ChandosH|move: Stealth Rock\n|move|p2a: Hippowdon|Toxic|p1a: Raging Drunk\n|-status|p1a: Raging Drunk|tox\n|-enditem|p1a: Raging Drunk|Lum Berry|[eat]\n|-curestatus|p1a: Raging Drunk|tox|[msg]\n|\n|upkeep\n|turn|8\n|\n|t:|1666803251\n|switch|p2a: Skarmory|Skarmory, M|100\/100\n|-damage|p2a: Skarmory|88\/100|[from] Stealth Rock\n|move|p1a: Raging Drunk|Knock Off|p2a: Skarmory\n|-damage|p2a: Skarmory|70\/100\n|-damage|p1a: Raging Drunk|84\/100|[from] item: Rocky Helmet|[of] p2a: Skarmory\n|-enditem|p2a: Skarmory|Rocky Helmet|[from] move: Knock Off|[of] p1a: Raging Drunk\n|\n|upkeep\n|turn|9\n|\n|t:|1666803262\n|switch|p1a: Chansey|Chansey, F|88\/100\n|-damage|p1a: Chansey|75\/100|[from] Spikes\n|move|p2a: Skarmory|Spikes|p1a: Chansey\n|-sidestart|p1: Raimei Hakkei 2|Spikes\n|\n|upkeep\n|turn|10\n|\n|t:|1666803267\n|switch|p1a: Death Destroyer|Aegislash, M|100\/100\n|-damage|p1a: Death Destroyer|84\/100|[from] Spikes\n|move|p2a: Skarmory|Spikes|p1a: Death Destroyer\n|-sidestart|p1: Raimei Hakkei 2|Spikes\n|\n|upkeep\n|turn|11\n|\n|t:|1666803273\n|switch|p2a: Hippowdon|Hippowdon, M|100\/100\n|-damage|p2a: Hippowdon|94\/100|[from] Stealth Rock\n|-weather|Sandstorm|[from] ability: Sand Stream|[of] p2a: Hippowdon\n|-formechange|p1a: Death Destroyer|Aegislash-Blade||[from] ability: Stance Change\n|move|p1a: Death Destroyer|Shadow Ball|p2a: Hippowdon\n|-damage|p2a: Hippowdon|50\/100\n|\n|-weather|Sandstorm|[upkeep]\n|-heal|p2a: Hippowdon|56\/100|[from] item: Leftovers\n|upkeep\n|turn|12\n|\n|t:|1666803278\n|switch|p1a: Raging Drunk|Landorus-Therian, M|84\/100\n|-ability|p1a: Raging Drunk|Intimidate|boost\n|-unboost|p2a: Hippowdon|atk|1\n|move|p2a: Hippowdon|Slack Off|p2a: Hippowdon\n|-heal|p2a: Hippowdon|100\/100\n|\n|-weather|Sandstorm|[upkeep]\n|upkeep\n|turn|13\n|j| testingteams888\n|\n|t:|1666803285\n|switch|p2a: Skarmory|Skarmory, M|70\/100\n|-damage|p2a: Skarmory|57\/100|[from] Stealth Rock\n|move|p1a: Raging Drunk|Knock Off|p2a: Skarmory\n|-damage|p2a: Skarmory|44\/100\n|\n|-weather|Sandstorm|[upkeep]\n|upkeep\n|turn|14\n|\n|t:|1666803298\n|switch|p1a: Chansey|Chansey, F|75\/100\n|-damage|p1a: Chansey|50\/100|[from] Spikes\n|move|p2a: Skarmory|Roost|p2a: Skarmory\n|-heal|p2a: Skarmory|94\/100\n|-singleturn|p2a: Skarmory|move: Roost\n|\n|-weather|Sandstorm|[upkeep]\n|-damage|p1a: Chansey|44\/100|[from] Sandstorm\n|upkeep\n|turn|15\n|\n|t:|1666803306\n|move|p2a: Skarmory|Body Press|p1a: Chansey\n|-supereffective|p1a: Chansey\n|-damage|p1a: Chansey|6\/100\n|move|p1a: Chansey|Soft-Boiled|p1a: Chansey\n|-heal|p1a: Chansey|56\/100\n|\n|-weather|none\n|upkeep\n|turn|16\n|inactive|ChandosH has 120 seconds left.\n|\n|t:|1666803343\n|move|p1a: Chansey|Soft-Boiled|p1a: Chansey\n|-heal|p1a: Chansey|100\/100\n|move|p2a: Skarmory|Whirlwind|p1a: Chansey\n|drag|p1a: Raging Drunk|Landorus-Therian, M|84\/100\n|-ability|p1a: Raging Drunk|Intimidate|boost\n|-unboost|p2a: Skarmory|atk|1\n|\n|upkeep\n|turn|17\n|inactive|ChandosH has 120 seconds left.\n|\n|t:|1666803354\n|move|p1a: Raging Drunk|Knock Off|p2a: Skarmory\n|-damage|p2a: Skarmory|81\/100\n|move|p2a: Skarmory|Whirlwind|p1a: Raging Drunk\n|drag|p1a: Chansey|Chansey, F|100\/100\n|-damage|p1a: Chansey|75\/100|[from] Spikes\n|\n|upkeep\n|turn|18\n|\n|t:|1666803363\n|move|p2a: Skarmory|Body Press|p1a: Chansey\n|-supereffective|p1a: Chansey\n|-damage|p1a: Chansey|35\/100\n|move|p1a: Chansey|Soft-Boiled|p1a: Chansey\n|-heal|p1a: Chansey|85\/100\n|\n|upkeep\n|turn|19\n|\n|t:|1666803374\n|switch|p2a: Toxapex|Toxapex, M|85\/100\n|-damage|p2a: Toxapex|73\/100|[from] Stealth Rock\n|move|p1a: Chansey|Seismic Toss|p2a: Toxapex\n|-damage|p2a: Toxapex|40\/100\n|-damage|p1a: Chansey|68\/100|[from] item: Rocky Helmet|[of] p2a: Toxapex\n|\n|upkeep\n|turn|20\n|\n|t:|1666803380\n|move|p2a: Toxapex|Recover|p2a: Toxapex\n|-heal|p2a: Toxapex|90\/100\n|move|p1a: Chansey|Teleport|p1a: Chansey\n|\n|t:|1666803384\n|switch|p1a: Raging Drunk|Landorus-Therian, M|84\/100|[from]move: Teleport\n|-ability|p1a: Raging Drunk|Intimidate|boost\n|-unboost|p2a: Toxapex|atk|1\n|\n|upkeep\n|turn|21\n|\n|t:|1666803399\n|switch|p1a: Death Destroyer|Aegislash, M|84\/100\n|-damage|p1a: Death Destroyer|59\/100|[from] Spikes\n|switch|p2a: Skarmory|Skarmory, M|81\/100\n|-damage|p2a: Skarmory|69\/100|[from] Stealth Rock\n|\n|upkeep\n|turn|22\n|\n|t:|1666803405\n|switch|p2a: Hippowdon|Hippowdon, M|100\/100\n|-damage|p2a: Hippowdon|94\/100|[from] Stealth Rock\n|-weather|Sandstorm|[from] ability: Sand Stream|[of] p2a: Hippowdon\n|-formechange|p1a: Death Destroyer|Aegislash-Blade||[from] ability: Stance Change\n|move|p1a: Death Destroyer|Shadow Ball|p2a: Hippowdon\n|-damage|p2a: Hippowdon|55\/100\n|\n|-weather|Sandstorm|[upkeep]\n|-heal|p2a: Hippowdon|61\/100|[from] item: Leftovers\n|upkeep\n|turn|23\n|\n|t:|1666803412\n|move|p1a: Death Destroyer|Shadow Ball|p2a: Hippowdon\n|-damage|p2a: Hippowdon|21\/100\n|move|p2a: Hippowdon|Stealth Rock|p1a: Death Destroyer\n|-sidestart|p1: Raimei Hakkei 2|move: Stealth Rock\n|\n|-weather|Sandstorm|[upkeep]\n|-heal|p2a: Hippowdon|27\/100|[from] item: Leftovers\n|upkeep\n|turn|24\n|inactive|ChandosH has 120 seconds left.\n|\n|t:|1666803449\n|move|p1a: Death Destroyer|Shadow Ball|p2a: Hippowdon\n|-damage|p2a: Hippowdon|0 fnt\n|faint|p2a: Hippowdon\n|\n|-weather|Sandstorm|[upkeep]\n|upkeep\n|\n|t:|1666803470\n|switch|p2a: Toxapex|Toxapex, M|100\/100\n|-damage|p2a: Toxapex|88\/100|[from] Stealth Rock\n|turn|25\n|\n|t:|1666803475\n|-formechange|p1a: Death Destroyer|Aegislash||[from] ability: Stance Change\n|move|p1a: Death Destroyer|King's Shield|p1a: Death Destroyer\n|-singleturn|p1a: Death Destroyer|Protect\n|move|p2a: Toxapex|Knock Off|p1a: Death Destroyer\n|-activate|p1a: Death Destroyer|move: Protect\n|-unboost|p2a: Toxapex|atk|1\n|\n|-weather|Sandstorm|[upkeep]\n|-damage|p2a: Toxapex|82\/100|[from] Sandstorm\n|upkeep\n|turn|26\n|\n|t:|1666803489\n|switch|p1a: Chansey|Chansey, F|68\/100\n|-damage|p1a: Chansey|43\/100|[from] Spikes\n|-damage|p1a: Chansey|31\/100|[from] Stealth Rock\n|move|p2a: Toxapex|Scald|p1a: Chansey\n|-damage|p1a: Chansey|26\/100\n|-status|p1a: Chansey|brn\n|\n|-weather|none\n|-damage|p1a: Chansey|19\/100 brn|[from] brn\n|upkeep\n|turn|27\n|\n|t:|1666803495\n|move|p1a: Chansey|Soft-Boiled|p1a: Chansey\n|-heal|p1a: Chansey|69\/100 brn\n|move|p2a: Toxapex|Knock Off|p1a: Chansey\n|-damage|p1a: Chansey|64\/100 brn\n|-enditem|p1a: Chansey|Eviolite|[from] move: Knock Off|[of] p2a: Toxapex\n|\n|-damage|p1a: Chansey|57\/100 brn|[from] brn\n|upkeep\n|turn|28\n|\n|t:|1666803516\n|switch|p2a: Clefable|Clefable, F|100\/100\n|move|p1a: Chansey|Soft-Boiled|p1a: Chansey\n|-heal|p1a: Chansey|100\/100 brn\n|\n|-damage|p1a: Chansey|94\/100 brn|[from] brn\n|upkeep\n|turn|29\n|\n|t:|1666803526\n|move|p2a: Clefable|Calm Mind|p2a: Clefable\n|-boost|p2a: Clefable|spa|1\n|-boost|p2a: Clefable|spd|1\n|move|p1a: Chansey|Seismic Toss|p2a: Clefable\n|-damage|p2a: Clefable|75\/100\n|\n|-heal|p2a: Clefable|81\/100|[from] item: Leftovers\n|-damage|p1a: Chansey|88\/100 brn|[from] brn\n|upkeep\n|turn|30\n|\n|t:|1666803530\n|move|p2a: Clefable|Calm Mind|p2a: Clefable\n|-boost|p2a: Clefable|spa|1\n|-boost|p2a: Clefable|spd|1\n|move|p1a: Chansey|Teleport|p1a: Chansey\n|\n|t:|1666803533\n|-curestatus|p1a: Chansey|brn|[from] ability: Natural Cure\n|switch|p1a: Horai Hakke|Tyrantrum, F|100\/100|[from]move: Teleport\n|-damage|p1a: Horai Hakke|76\/100|[from] Spikes\n|-damage|p1a: Horai Hakke|63\/100|[from] Stealth Rock\n|\n|-heal|p2a: Clefable|87\/100|[from] item: Leftovers\n|upkeep\n|turn|31\n|j| Sorcier Anguilion\n|inactive|ChandosH has 120 seconds left.\n|c|\u2606ChandosH|i kinda had a feeling i should keep my hippo lol\n|inactive|ChandosH has 90 seconds left.\n|c|\u2606Raimei Hakkei 2|maybe\n|\n|t:|1666803594\n|move|p1a: Horai Hakke|Head Smash|p2a: Clefable\n|-damage|p2a: Clefable|0 fnt\n|faint|p2a: Clefable\n|\n|upkeep\n|\n|t:|1666803599\n|switch|p2a: Tapu Koko|Tapu Koko|100\/100\n|-fieldstart|move: Electric Terrain|[from] ability: Electric Surge|[of] p2a: Tapu Koko\n|turn|32\n|\n|t:|1666803605\n|switch|p1a: Chansey|Chansey, F|88\/100\n|-damage|p1a: Chansey|63\/100|[from] Spikes\n|-damage|p1a: Chansey|50\/100|[from] Stealth Rock\n|move|p2a: Tapu Koko|Dazzling Gleam|p1a: Chansey\n|-damage|p1a: Chansey|35\/100\n|\n|upkeep\n|turn|33\n|\n|t:|1666803613\n|move|p2a: Tapu Koko|Volt Switch|p1a: Chansey\n|-damage|p1a: Chansey|16\/100\n|\n|t:|1666803618\n|switch|p2a: Skarmory|Skarmory, M|69\/100|[from]move: Volt Switch\n|-damage|p2a: Skarmory|57\/100|[from] Stealth Rock\n|move|p1a: Chansey|Soft-Boiled|p1a: Chansey\n|-heal|p1a: Chansey|66\/100\n|\n|upkeep\n|turn|34\n|\n|t:|1666803622\n|move|p2a: Skarmory|Roost|p2a: Skarmory\n|-heal|p2a: Skarmory|100\/100\n|-singleturn|p2a: Skarmory|move: Roost\n|move|p1a: Chansey|Soft-Boiled|p1a: Chansey\n|-heal|p1a: Chansey|100\/100\n|\n|upkeep\n|turn|35\n|\n|t:|1666803627\n|move|p2a: Skarmory|Whirlwind|p1a: Chansey\n|drag|p1a: Thieving Drunk|Dragonite, M|100\/100\n|\n|upkeep\n|turn|36\n|\n|t:|1666803635\n|move|p1a: Thieving Drunk|Dragon Dance|p1a: Thieving Drunk\n|-boost|p1a: Thieving Drunk|atk|1\n|-boost|p1a: Thieving Drunk|spe|1\n|move|p2a: Skarmory|Whirlwind|p1a: Thieving Drunk\n|drag|p1a: Raging Drunk|Landorus-Therian, M|84\/100\n|-damage|p1a: Raging Drunk|72\/100|[from] Stealth Rock\n|-ability|p1a: Raging Drunk|Intimidate|boost\n|-unboost|p2a: Skarmory|atk|1\n|\n|-fieldend|move: Electric Terrain\n|upkeep\n|turn|37\n|\n|t:|1666803640\n|move|p1a: Raging Drunk|Knock Off|p2a: Skarmory\n|-damage|p2a: Skarmory|89\/100\n|move|p2a: Skarmory|Whirlwind|p1a: Raging Drunk\n|drag|p1a: Thieving Drunk|Dragonite, M|100\/100\n|\n|upkeep\n|turn|38\n|l| testingteams888\n|\n|t:|1666803649\n|move|p1a: Thieving Drunk|Dual Wingbeat|p2a: Skarmory\n|-resisted|p2a: Skarmory\n|-damage|p2a: Skarmory|82\/100\n|-resisted|p2a: Skarmory\n|-damage|p2a: Skarmory|76\/100\n|-hitcount|p2a: Skarmory|2\n|move|p2a: Skarmory|Whirlwind|p1a: Thieving Drunk\n|drag|p1a: Raging Drunk|Landorus-Therian, M|72\/100\n|-damage|p1a: Raging Drunk|59\/100|[from] Stealth Rock\n|-ability|p1a: Raging Drunk|Intimidate|boost\n|-unboost|p2a: Skarmory|atk|1\n|\n|upkeep\n|turn|39\n|\n|t:|1666803653\n|move|p1a: Raging Drunk|Knock Off|p2a: Skarmory\n|-damage|p2a: Skarmory|64\/100\n|move|p2a: Skarmory|Roost|p2a: Skarmory\n|-heal|p2a: Skarmory|100\/100\n|-singleturn|p2a: Skarmory|move: Roost\n|\n|upkeep\n|turn|40\n|\n|t:|1666803657\n|move|p1a: Raging Drunk|Knock Off|p2a: Skarmory\n|-damage|p2a: Skarmory|88\/100\n|move|p2a: Skarmory|Whirlwind|p1a: Raging Drunk\n|drag|p1a: Kartana|Kartana|100\/100\n|-damage|p1a: Kartana|76\/100|[from] Spikes\n|-damage|p1a: Kartana|70\/100|[from] Stealth Rock\n|\n|upkeep\n|turn|41\n|\n|t:|1666803665\n|move|p1a: Kartana|Swords Dance|p1a: Kartana\n|-boost|p1a: Kartana|atk|2\n|move|p2a: Skarmory|Whirlwind|p1a: Kartana\n|drag|p1a: Chansey|Chansey, F|100\/100\n|-damage|p1a: Chansey|75\/100|[from] Spikes\n|-damage|p1a: Chansey|63\/100|[from] Stealth Rock\n|\n|upkeep\n|turn|42\n|\n|t:|1666803673\n|switch|p1a: Raging Drunk|Landorus-Therian, M|59\/100\n|-damage|p1a: Raging Drunk|47\/100|[from] Stealth Rock\n|-ability|p1a: Raging Drunk|Intimidate|boost\n|-unboost|p2a: Skarmory|atk|1\n|move|p2a: Skarmory|Body Press|p1a: Raging Drunk\n|-resisted|p1a: Raging Drunk\n|-damage|p1a: Raging Drunk|35\/100\n|\n|upkeep\n|turn|43\n|\n|t:|1666803679\n|move|p1a: Raging Drunk|Knock Off|p2a: Skarmory\n|-damage|p2a: Skarmory|75\/100\n|move|p2a: Skarmory|Whirlwind|p1a: Raging Drunk\n|drag|p1a: Horai Hakke|Tyrantrum, F|63\/100\n|-damage|p1a: Horai Hakke|38\/100|[from] Spikes\n|-damage|p1a: Horai Hakke|26\/100|[from] Stealth Rock\n|\n|upkeep\n|turn|44\n|\n|t:|1666803693\n|move|p1a: Horai Hakke|Head Smash|p2a: Skarmory\n|-damage|p2a: Skarmory|0 fnt\n|faint|p2a: Skarmory\n|\n|upkeep\n|c|\u2606Raimei Hakkei 2|shit is strong\n|c|\u2606ChandosH|yeah\n|c|\u2606Raimei Hakkei 2|I love this mon\n|inactive|ChandosH has 120 seconds left.\n|c|\u2606Raimei Hakkei 2|literally destroyers everything except melemtal and ground types\n|c|\u2606ChandosH|that has to be adamant lol\n|c|\u2606Raimei Hakkei 2|yus\n|inactive|ChandosH has 90 seconds left.\n|\n|t:|1666803750\n|switch|p2a: Tapu Koko|Tapu Koko|100\/100\n|-fieldstart|move: Electric Terrain|[from] ability: Electric Surge|[of] p2a: Tapu Koko\n|turn|45\n|\n|t:|1666803757\n|move|p2a: Tapu Koko|Dazzling Gleam|p1a: Horai Hakke\n|-supereffective|p1a: Horai Hakke\n|-damage|p1a: Horai Hakke|0 fnt\n|faint|p1a: Horai Hakke\n|\n|upkeep\n|\n|t:|1666803780\n|switch|p1a: Raging Drunk|Landorus-Therian, M|35\/100\n|-damage|p1a: Raging Drunk|23\/100|[from] Stealth Rock\n|-ability|p1a: Raging Drunk|Intimidate|boost\n|-unboost|p2a: Tapu Koko|atk|1\n|turn|46\n|inactive|ChandosH has 90 seconds left.\n|c|\u2606Raimei Hakkei 2|I wonder if my lando could live this\n|\n|t:|1666803815\n|move|p2a: Tapu Koko|Dazzling Gleam|p1a: Raging Drunk\n|-damage|p1a: Raging Drunk|0 fnt\n|faint|p1a: Raging Drunk\n|\n|upkeep\n|c|\u2606Raimei Hakkei 2|should have calc'd it lol\n|\n|t:|1666803825\n|switch|p1a: Chansey|Chansey, F|63\/100\n|-damage|p1a: Chansey|38\/100|[from] Spikes\n|-damage|p1a: Chansey|25\/100|[from] Stealth Rock\n|turn|47\n|inactive|ChandosH has 90 seconds left.\n|c|\u2606ChandosH|i calc's it lol\n|\n|t:|1666803838\n|move|p2a: Tapu Koko|Thunderbolt|p1a: Chansey\n|-damage|p1a: Chansey|1\/100\n|move|p1a: Chansey|Soft-Boiled|p1a: Chansey\n|-heal|p1a: Chansey|51\/100\n|\n|upkeep\n|turn|48\n|c|\u2606ChandosH|oof\n|inactive|ChandosH has 90 seconds left.\n|\n|t:|1666803847\n|move|p2a: Tapu Koko|Volt Switch|p1a: Chansey\n|-damage|p1a: Chansey|35\/100\n|c|\u2606Raimei Hakkei 2|lol\n|inactive|ChandosH has 90 seconds left.\n|\n|t:|1666803853\n|switch|p2a: Reuniclus|Reuniclus, M|100\/100|[from]move: Volt Switch\n|move|p1a: Chansey|Soft-Boiled|p1a: Chansey\n|-heal|p1a: Chansey|85\/100\n|\n|upkeep\n|turn|49\n|inactive|ChandosH has 90 seconds left.\n|\n|t:|1666803863\n|move|p2a: Reuniclus|Calm Mind|p2a: Reuniclus\n|-boost|p2a: Reuniclus|spa|1\n|-boost|p2a: Reuniclus|spd|1\n|move|p1a: Chansey|Teleport|p1a: Chansey\n|\n|t:|1666803866\n|switch|p1a: Kartana|Kartana|70\/100|[from]move: Teleport\n|-damage|p1a: Kartana|45\/100|[from] Spikes\n|-damage|p1a: Kartana|39\/100|[from] Stealth Rock\n|\n|-fieldend|move: Electric Terrain\n|upkeep\n|turn|50\n|inactive|ChandosH has 90 seconds left.\n|\n|t:|1666803896\n|switch|p2a: Tapu Koko|Tapu Koko|100\/100\n|-fieldstart|move: Electric Terrain|[from] ability: Electric Surge|[of] p2a: Tapu Koko\n|move|p1a: Kartana|Knock Off|p2a: Tapu Koko\n|-resisted|p2a: Tapu Koko\n|-damage|p2a: Tapu Koko|69\/100\n|-enditem|p2a: Tapu Koko|Heavy-Duty Boots|[from] move: Knock Off|[of] p1a: Kartana\n|\n|upkeep\n|turn|51\n|\n|t:|1666803905\n|switch|p1a: Chansey|Chansey, F|85\/100\n|-damage|p1a: Chansey|60\/100|[from] Spikes\n|-damage|p1a: Chansey|47\/100|[from] Stealth Rock\n|move|p2a: Tapu Koko|Volt Switch|p1a: Chansey\n|-damage|p1a: Chansey|28\/100\n|\n|t:|1666803910\n|switch|p2a: Reuniclus|Reuniclus, M|100\/100|[from]move: Volt Switch\n|\n|upkeep\n|turn|52\n|\n|t:|1666803914\n|move|p2a: Reuniclus|Psyshock|p1a: Chansey\n|-damage|p1a: Chansey|0 fnt\n|faint|p1a: Chansey\n|\n|upkeep\n|\n|t:|1666803921\n|switch|p1a: Kartana|Kartana|39\/100\n|-damage|p1a: Kartana|14\/100|[from] Spikes\n|-damage|p1a: Kartana|8\/100|[from] Stealth Rock\n|turn|53\n|\n|t:|1666803932\n|move|p1a: Kartana|Leaf Blade|p2a: Reuniclus\n|-damage|p2a: Reuniclus|56\/100\n|move|p2a: Reuniclus|Psyshock|p1a: Kartana\n|-resisted|p1a: Kartana\n|-damage|p1a: Kartana|0 fnt\n|faint|p1a: Kartana\n|\n|-heal|p2a: Reuniclus|62\/100|[from] item: Leftovers\n|upkeep\n|\n|t:|1666803942\n|switch|p1a: Death Destroyer|Aegislash, M|59\/100\n|-damage|p1a: Death Destroyer|34\/100|[from] Spikes\n|-damage|p1a: Death Destroyer|28\/100|[from] Stealth Rock\n|turn|54\n|\n|t:|1666803949\n|-formechange|p1a: Death Destroyer|Aegislash-Blade||[from] ability: Stance Change\n|move|p1a: Death Destroyer|Shadow Ball|p2a: Reuniclus\n|-supereffective|p2a: Reuniclus\n|-damage|p2a: Reuniclus|0 fnt\n|faint|p2a: Reuniclus\n|\n|-fieldend|move: Electric Terrain\n|upkeep\n|\n|t:|1666803954\n|switch|p2a: Tapu Koko|Tapu Koko|69\/100\n|-damage|p2a: Tapu Koko|56\/100|[from] Stealth Rock\n|-fieldstart|move: Electric Terrain|[from] ability: Electric Surge|[of] p2a: Tapu Koko\n|turn|55\n|\n|t:|1666803961\n|-formechange|p1a: Death Destroyer|Aegislash||[from] ability: Stance Change\n|move|p1a: Death Destroyer|King's Shield|p1a: Death Destroyer\n|-singleturn|p1a: Death Destroyer|Protect\n|move|p2a: Tapu Koko|Thunderbolt|p1a: Death Destroyer\n|-activate|p1a: Death Destroyer|move: Protect\n|\n|upkeep\n|turn|56\n|\n|t:|1666803966\n|-formechange|p1a: Death Destroyer|Aegislash-Blade||[from] ability: Stance Change\n|move|p1a: Death Destroyer|Shadow Sneak|p2a: Tapu Koko\n|-damage|p2a: Tapu Koko|22\/100\n|move|p2a: Tapu Koko|Thunderbolt|p1a: Death Destroyer\n|-damage|p1a: Death Destroyer|0 fnt\n|faint|p1a: Death Destroyer\n|\n|upkeep\n|\n|t:|1666803970\n|switch|p1a: Thieving Drunk|Dragonite, M|100\/100\n|turn|57\n|\n|t:|1666803977\n|move|p2a: Tapu Koko|Volt Switch|p1a: Thieving Drunk\n|-damage|p1a: Thieving Drunk|79\/100\n|\n|t:|1666803980\n|switch|p2a: Toxapex|Toxapex, M|100\/100|[from]move: Volt Switch\n|-damage|p2a: Toxapex|88\/100|[from] Stealth Rock\n|move|p1a: Thieving Drunk|Dragon Dance|p1a: Thieving Drunk\n|-boost|p1a: Thieving Drunk|atk|1\n|-boost|p1a: Thieving Drunk|spe|1\n|\n|upkeep\n|turn|58\n|\n|t:|1666803985\n|move|p1a: Thieving Drunk|Earthquake|p2a: Toxapex\n|-supereffective|p2a: Toxapex\n|-damage|p2a: Toxapex|24\/100\n|move|p2a: Toxapex|Haze|p2a: Toxapex\n|-clearallboost\n|\n|upkeep\n|turn|59\n|\n|t:|1666804001\n|move|p1a: Thieving Drunk|Roost|p1a: Thieving Drunk\n|-heal|p1a: Thieving Drunk|100\/100\n|-singleturn|p1a: Thieving Drunk|move: Roost\n|move|p2a: Toxapex|Scald|p1a: Thieving Drunk\n|-resisted|p1a: Thieving Drunk\n|-damage|p1a: Thieving Drunk|96\/100\n|\n|-fieldend|move: Electric Terrain\n|upkeep\n|turn|60\n|\n|t:|1666804006\n|move|p1a: Thieving Drunk|Earthquake|p2a: Toxapex\n|-supereffective|p2a: Toxapex\n|-damage|p2a: Toxapex|0 fnt\n|faint|p2a: Toxapex\n|\n|upkeep\n|\n|t:|1666804011\n|switch|p2a: Tapu Koko|Tapu Koko|22\/100\n|-damage|p2a: Tapu Koko|10\/100|[from] Stealth Rock\n|-fieldstart|move: Electric Terrain|[from] ability: Electric Surge|[of] p2a: Tapu Koko\n|turn|61\n|\n|t:|1666804016\n|move|p2a: Tapu Koko|Dazzling Gleam|p1a: Thieving Drunk\n|-supereffective|p1a: Thieving Drunk\n|-damage|p1a: Thieving Drunk|22\/100\n|move|p1a: Thieving Drunk|Earthquake|p2a: Tapu Koko\n|-supereffective|p2a: Tapu Koko\n|-damage|p2a: Tapu Koko|0 fnt\n|faint|p2a: Tapu Koko\n|\n|win|Raimei Hakkei 2\n|raw|Raimei Hakkei 2's rating: 1671 &rarr; <strong>1691<\/strong><br \/>(+20 for winning)\n|raw|ChandosH's rating: 1676 &rarr; <strong>1656<\/strong><br \/>(-20 for losing)\n|c|\u2606Raimei Hakkei 2|gg wp\n|c|\u2606ChandosH|gg\n|l|\u2606Raimei Hakkei 2\n|l| Sorcier Anguilion\n|l|\u2606ChandosH\n","uploadtime":1666804042,"views":13,"p1id":"raimeihakkei2","p2id":"chandosh","formatid":"gen8ou","rating":1656,"private":0,"password":null}