{"id":"gen8anythinggoes-1706975917","p1":"carinaSUDO","p2":"DragapultAintGood","format":"gen8anythinggoes","log":"|j|\u2606carinaSUDO\n|j|\u2606DragapultAintGood\n|t:|1668038078\n|gametype|singles\n|player|p1|carinaSUDO|elesa|1185\n|player|p2|DragapultAintGood|265|1236\n|teamsize|p1|6\n|teamsize|p2|6\n|gen|8\n|tier|[Gen 8] Anything Goes\n|rated|\n|rule|HP Percentage Mod: HP is shown in percentages\n|rule|Endless Battle Clause: Forcing endless battles is banned\n|clearpoke\n|poke|p1|Reuniclus, F|\n|poke|p1|Whimsicott, F|\n|poke|p1|Pyukumuku, M|\n|poke|p1|Jirachi|\n|poke|p1|Volcarona, M|\n|poke|p1|Melmetal|\n|poke|p2|Rhyperior, F|\n|poke|p2|Salamence, M|\n|poke|p2|Barraskewda, M|\n|poke|p2|Solgaleo|\n|poke|p2|Xerneas-*|\n|poke|p2|Tangrowth, F|\n|teampreview\n|\n|t:|1668038086\n|start\n|switch|p1a: Whimsicott|Whimsicott, F|100\/100\n|switch|p2a: Salamence|Salamence, M|100\/100\n|turn|1\n|\n|t:|1668038092\n|-start|p2a: Salamence|Dynamax|\n|-heal|p2a: Salamence|100\/100|[silent]\n|move|p1a: Whimsicott|Taunt|p2a: Salamence\n|-start|p2a: Salamence|move: Taunt\n|move|p2a: Salamence|Max Airstream|p1a: Whimsicott\n|-supereffective|p1a: Whimsicott\n|-enditem|p1a: Whimsicott|Focus Sash\n|-damage|p1a: Whimsicott|1\/100\n|-boost|p2a: Salamence|spe|1\n|\n|upkeep\n|turn|2\n|\n|t:|1668038108\n|move|p1a: Whimsicott|Memento|p2a: Salamence\n|-unboost|p2a: Salamence|atk|2\n|-unboost|p2a: Salamence|spa|2\n|faint|p1a: Whimsicott\n|move|p2a: Salamence|Max Airstream|p1: Whimsicott|[notarget]\n|-fail|p2a: Salamence\n|\n|upkeep\n|-message|DragapultAintGood forfeited.\n|\n|win|carinaSUDO\n|raw|carinaSUDO's rating: 1185 &rarr; <strong>1214<\/strong><br \/>(+29 for winning)\n|raw|DragapultAintGood's rating: 1236 &rarr; <strong>1207<\/strong><br \/>(-29 for losing)\n|l|\u2606DragapultAintGood\n|c|\u2606carinaSUDO|why\n||Ladder isn't responding, score probably updated but might not have (Request timeout).\n","uploadtime":1668038148,"views":4,"p1id":"carinasudo","p2id":"dragapultaintgood","formatid":"gen8anythinggoes","rating":1207,"private":0,"password":null}