{"id":"gen8ou-1670624434","p1":"dmt dreams","p2":"AKarenin","format":"gen8ou","log":"|j|\u2606dmt dreams\n|j|\u2606AKarenin\n|inactive|Battle timer is ON: inactive players will automatically lose when time's up.\n|t:|1664189345\n|gametype|singles\n|player|p1|dmt dreams|gambler-gen1|\n|player|p2|AKarenin|170|\n|teamsize|p1|6\n|teamsize|p2|6\n|gen|8\n|tier|[Gen 8] OU\n|rated|Tournament battle\n|rule|Sleep Clause Mod: Limit one foe put to sleep\n|rule|Species Clause: Limit one of each Pok\u00e9mon\n|rule|OHKO Clause: OHKO moves are banned\n|rule|Evasion Items Clause: Evasion items are banned\n|rule|Evasion Moves Clause: Evasion moves are banned\n|rule|Endless Battle Clause: Forcing endless battles is banned\n|rule|HP Percentage Mod: HP is shown in percentages\n|rule|Dynamax Clause: You cannot dynamax\n|clearpoke\n|poke|p1|Mew|\n|poke|p1|Zeraora|\n|poke|p1|Celesteela|\n|poke|p1|Dragapult, M|\n|poke|p1|Weavile, F|\n|poke|p1|Nihilego|\n|poke|p2|Toxapex, F|\n|poke|p2|Blissey, F|\n|poke|p2|Ferrothorn, F|\n|poke|p2|Clefable, F|\n|poke|p2|Magnezone|\n|poke|p2|Tornadus-Therian, M|\n|teampreview\n|inactive|dmt dreams also wants the timer to be on.\n|\n|t:|1664189361\n|start\n|switch|p1a: Mew|Mew|100\/100\n|switch|p2a: Clefable|Clefable, F|100\/100\n|turn|1\n|\n|t:|1664189366\n|move|p1a: Mew|Taunt|p2a: Clefable\n|-start|p2a: Clefable|move: Taunt\n|cant|p2a: Clefable|move: Taunt|Stealth Rock\n|\n|upkeep\n|turn|2\n|\n|t:|1664189384\n|move|p1a: Mew|Thunder Wave|p2a: Clefable\n|-status|p2a: Clefable|par\n|move|p2a: Clefable|Mystical Fire|p1a: Mew\n|-damage|p1a: Mew|87\/100\n|-unboost|p1a: Mew|spa|1\n|\n|upkeep\n|turn|3\n|\n|t:|1664189393\n|move|p1a: Mew|Stealth Rock|p2a: Clefable\n|-sidestart|p2: AKarenin|move: Stealth Rock\n|move|p2a: Clefable|Mystical Fire|p1a: Mew\n|-damage|p1a: Mew|72\/100\n|-unboost|p1a: Mew|spa|1\n|\n|-end|p2a: Clefable|move: Taunt\n|upkeep\n|turn|4\n|\n|t:|1664189415\n|move|p1a: Mew|Taunt|p2a: Clefable\n|-start|p2a: Clefable|move: Taunt\n|cant|p2a: Clefable|move: Taunt|Stealth Rock\n|\n|upkeep\n|turn|5\n|\n|t:|1664189426\n|switch|p2a: Tornadus|Tornadus-Therian, M|100\/100\n|move|p1a: Mew|Spikes|p2a: Tornadus\n|-sidestart|p2: AKarenin|Spikes\n|\n|upkeep\n|turn|6\n|\n|t:|1664189432\n|move|p2a: Tornadus|Taunt|p1a: Mew\n|-start|p1a: Mew|move: Taunt\n|-enditem|p1a: Mew|Mental Herb\n|-end|p1a: Mew|move: Taunt\n|move|p1a: Mew|Thunder Wave|p2a: Tornadus\n|-status|p2a: Tornadus|par\n|\n|upkeep\n|turn|7\n|\n|t:|1664189439\n|move|p1a: Mew|Taunt|p2a: Tornadus\n|-start|p2a: Tornadus|move: Taunt\n|cant|p2a: Tornadus|move: Taunt|Defog\n|\n|upkeep\n|turn|8\n|\n|t:|1664189443\n|move|p1a: Mew|Spikes|p2a: Tornadus\n|-sidestart|p2: AKarenin|Spikes\n|move|p2a: Tornadus|Hurricane|p1a: Mew\n|-crit|p1a: Mew\n|-damage|p1a: Mew|18\/100\n|-start|p1a: Mew|confusion\n|\n|upkeep\n|turn|9\n|\n|t:|1664189448\n|-activate|p1a: Mew|confusion\n|move|p1a: Mew|Spikes|p2a: Tornadus\n|-sidestart|p2: AKarenin|Spikes\n|cant|p2a: Tornadus|par\n|\n|-end|p2a: Tornadus|move: Taunt\n|upkeep\n|turn|10\n|\n|t:|1664189452\n|-activate|p1a: Mew|confusion\n|move|p1a: Mew|Taunt|p2a: Tornadus\n|-start|p2a: Tornadus|move: Taunt\n|move|p2a: Tornadus|U-turn|p1a: Mew\n|-supereffective|p1a: Mew\n|-damage|p1a: Mew|0 fnt\n|faint|p1a: Mew\n|\n|t:|1664189458\n|switch|p2a: Blissey|Blissey, F|100\/100|[from]move: U-turn\n|\n|upkeep\n|\n|t:|1664189462\n|switch|p1a: Zeraora|Zeraora|100\/100\n|turn|11\n|\n|t:|1664189473\n|switch|p2a: Clefable|Clefable, F|100\/100 par\n|move|p1a: Zeraora|Taunt|p2a: Clefable\n|-start|p2a: Clefable|move: Taunt\n|\n|upkeep\n|turn|12\n|\n|t:|1664189478\n|move|p1a: Zeraora|Knock Off|p2a: Clefable\n|-resisted|p2a: Clefable\n|-damage|p2a: Clefable|87\/100 par\n|-enditem|p2a: Clefable|Leftovers|[from] move: Knock Off|[of] p1a: Zeraora\n|move|p2a: Clefable|Moonblast|p1a: Zeraora\n|-damage|p1a: Zeraora|61\/100\n|-unboost|p1a: Zeraora|spa|1\n|\n|upkeep\n|turn|13\n|\n|t:|1664189484\n|move|p1a: Zeraora|Plasma Fists|p2a: Clefable\n|-damage|p2a: Clefable|45\/100 par\n|-fieldactivate|move: Ion Deluge\n|-hint|Normal-type moves become Electric-type after using Plasma Fists.\n|cant|p2a: Clefable|par\n|\n|-end|p2a: Clefable|move: Taunt\n|upkeep\n|turn|14\n|\n|t:|1664189490\n|move|p1a: Zeraora|Plasma Fists|p2a: Clefable\n|-damage|p2a: Clefable|4\/100 par\n|-fieldactivate|move: Ion Deluge\n|-hint|Normal-type moves become Electric-type after using Plasma Fists.\n|move|p2a: Clefable|Soft-Boiled|p2a: Clefable\n|-heal|p2a: Clefable|54\/100 par\n|\n|upkeep\n|turn|15\n|\n|t:|1664189496\n|move|p1a: Zeraora|Plasma Fists|p2a: Clefable\n|-damage|p2a: Clefable|11\/100 par\n|-fieldactivate|move: Ion Deluge\n|-hint|Normal-type moves become Electric-type after using Plasma Fists.\n|move|p2a: Clefable|Soft-Boiled|p2a: Clefable\n|-heal|p2a: Clefable|61\/100 par\n|\n|upkeep\n|turn|16\n|\n|t:|1664189498\n|move|p1a: Zeraora|Plasma Fists|p2a: Clefable\n|-damage|p2a: Clefable|21\/100 par\n|-fieldactivate|move: Ion Deluge\n|-hint|Normal-type moves become Electric-type after using Plasma Fists.\n|cant|p2a: Clefable|par\n|\n|upkeep\n|turn|17\n|\n|t:|1664189506\n|move|p1a: Zeraora|Plasma Fists|p2a: Clefable\n|-damage|p2a: Clefable|0 fnt\n|-fieldactivate|move: Ion Deluge\n|-hint|Normal-type moves become Electric-type after using Plasma Fists.\n|faint|p2a: Clefable\n|\n|upkeep\n|\n|t:|1664189509\n|switch|p2a: Magnezone|Magnezone|100\/100\n|-damage|p2a: Magnezone|94\/100|[from] Stealth Rock\n|-item|p2a: Magnezone|Air Balloon\n|turn|18\n|\n|t:|1664189513\n|move|p1a: Zeraora|Close Combat|p2a: Magnezone\n|-supereffective|p2a: Magnezone\n|-damage|p2a: Magnezone|31\/100\n|-unboost|p1a: Zeraora|def|1\n|-unboost|p1a: Zeraora|spd|1\n|-enditem|p2a: Magnezone|Air Balloon\n|move|p2a: Magnezone|Iron Defense|p2a: Magnezone\n|-boost|p2a: Magnezone|def|2\n|\n|upkeep\n|turn|19\n|\n|t:|1664189520\n|switch|p1a: Dragapult|Dragapult, M|100\/100\n|move|p2a: Magnezone|Body Press|p1a: Dragapult\n|-immune|p1a: Dragapult\n|\n|upkeep\n|turn|20\n|\n|t:|1664189524\n|move|p1a: Dragapult|U-turn|p2a: Magnezone\n|-resisted|p2a: Magnezone\n|-damage|p2a: Magnezone|27\/100\n|\n|t:|1664189526\n|switch|p1a: Zeraora|Zeraora|61\/100|[from]move: U-turn\n|move|p2a: Magnezone|Volt Switch|p1a: Zeraora\n|-heal|p1a: Zeraora|86\/100|[from] ability: Volt Absorb|[of] p2a: Magnezone\n|\n|upkeep\n|turn|21\n|\n|t:|1664189531\n|move|p1a: Zeraora|Close Combat|p2a: Magnezone\n|-supereffective|p2a: Magnezone\n|-damage|p2a: Magnezone|0 fnt\n|-unboost|p1a: Zeraora|def|1\n|-unboost|p1a: Zeraora|spd|1\n|faint|p2a: Magnezone\n|\n|upkeep\n|\n|t:|1664189541\n|switch|p2a: Toxapex|Toxapex, F|100\/100\n|-damage|p2a: Toxapex|88\/100|[from] Stealth Rock\n|-damage|p2a: Toxapex|63\/100|[from] Spikes\n|turn|22\n|\n|t:|1664189546\n|move|p1a: Zeraora|Plasma Fists|p2a: Toxapex\n|-supereffective|p2a: Toxapex\n|-damage|p2a: Toxapex|8\/100\n|-fieldactivate|move: Ion Deluge\n|-hint|Normal-type moves become Electric-type after using Plasma Fists.\n|move|p2a: Toxapex|Recover|p2a: Toxapex\n|-heal|p2a: Toxapex|58\/100\n|\n|-heal|p2a: Toxapex|64\/100|[from] item: Black Sludge\n|upkeep\n|turn|23\n|\n|t:|1664189550\n|move|p1a: Zeraora|Plasma Fists|p2a: Toxapex\n|-supereffective|p2a: Toxapex\n|-damage|p2a: Toxapex|8\/100\n|-fieldactivate|move: Ion Deluge\n|-hint|Normal-type moves become Electric-type after using Plasma Fists.\n|move|p2a: Toxapex|Recover|p2a: Toxapex\n|-heal|p2a: Toxapex|58\/100\n|\n|-heal|p2a: Toxapex|64\/100|[from] item: Black Sludge\n|upkeep\n|turn|24\n|\n|t:|1664189552\n|move|p1a: Zeraora|Plasma Fists|p2a: Toxapex\n|-supereffective|p2a: Toxapex\n|-damage|p2a: Toxapex|4\/100\n|-fieldactivate|move: Ion Deluge\n|-hint|Normal-type moves become Electric-type after using Plasma Fists.\n|move|p2a: Toxapex|Recover|p2a: Toxapex\n|-heal|p2a: Toxapex|54\/100\n|\n|-heal|p2a: Toxapex|61\/100|[from] item: Black Sludge\n|upkeep\n|turn|25\n|\n|t:|1664189555\n|move|p2a: Toxapex|Baneful Bunker|p2a: Toxapex\n|-singleturn|p2a: Toxapex|move: Protect\n|move|p1a: Zeraora|Plasma Fists|p2a: Toxapex\n|-activate|p2a: Toxapex|move: Protect\n|-status|p1a: Zeraora|psn\n|\n|-heal|p2a: Toxapex|67\/100|[from] item: Black Sludge\n|-damage|p1a: Zeraora|74\/100 psn|[from] psn\n|upkeep\n|turn|26\n|\n|t:|1664189558\n|move|p1a: Zeraora|Taunt|p2a: Toxapex\n|-start|p2a: Toxapex|move: Taunt\n|cant|p2a: Toxapex|move: Taunt|Recover\n|\n|-heal|p2a: Toxapex|73\/100|[from] item: Black Sludge\n|-damage|p1a: Zeraora|62\/100 psn|[from] psn\n|upkeep\n|turn|27\n|\n|t:|1664189563\n|switch|p2a: Ferrothorn|Ferrothorn, F|100\/100\n|-damage|p2a: Ferrothorn|95\/100|[from] Stealth Rock\n|-damage|p2a: Ferrothorn|70\/100|[from] Spikes\n|move|p1a: Zeraora|Knock Off|p2a: Ferrothorn\n|-damage|p2a: Ferrothorn|51\/100\n|-damage|p1a: Zeraora|49\/100 psn|[from] ability: Iron Barbs|[of] p2a: Ferrothorn\n|-enditem|p2a: Ferrothorn|Leftovers|[from] move: Knock Off|[of] p1a: Zeraora\n|\n|-damage|p1a: Zeraora|37\/100 psn|[from] psn\n|upkeep\n|turn|28\n|\n|t:|1664189568\n|move|p2a: Ferrothorn|Protect|p2a: Ferrothorn\n|-singleturn|p2a: Ferrothorn|Protect\n|move|p1a: Zeraora|Close Combat|p2a: Ferrothorn\n|-activate|p2a: Ferrothorn|move: Protect\n|\n|-damage|p1a: Zeraora|25\/100 psn|[from] psn\n|upkeep\n|turn|29\n|\n|t:|1664189576\n|move|p1a: Zeraora|Close Combat|p2a: Ferrothorn\n|-supereffective|p2a: Ferrothorn\n|-damage|p2a: Ferrothorn|5\/100\n|-unboost|p1a: Zeraora|def|1\n|-unboost|p1a: Zeraora|spd|1\n|-damage|p1a: Zeraora|12\/100 psn|[from] ability: Iron Barbs|[of] p2a: Ferrothorn\n|move|p2a: Ferrothorn|Leech Seed|p1a: Zeraora\n|-start|p1a: Zeraora|move: Leech Seed\n|\n|-damage|p1a: Zeraora|0 fnt|[from] Leech Seed|[of] p2a: Ferrothorn\n|-heal|p2a: Ferrothorn|16\/100|[silent]\n|faint|p1a: Zeraora\n|upkeep\n|\n|t:|1664189584\n|switch|p1a: Nihilego|Nihilego|100\/100\n|turn|30\n|\n|t:|1664189588\n|move|p1a: Nihilego|Power Gem|p2a: Ferrothorn\n|-resisted|p2a: Ferrothorn\n|-damage|p2a: Ferrothorn|0 fnt\n|faint|p2a: Ferrothorn\n|-ability|p1a: Nihilego|Beast Boost|boost\n|-boost|p1a: Nihilego|spe|1\n|\n|upkeep\n|\n|t:|1664189594\n|switch|p2a: Blissey|Blissey, F|100\/100\n|turn|31\n|\n|t:|1664189598\n|switch|p1a: Weavile|Weavile, F|100\/100\n|-ability|p1a: Weavile|Pressure\n|move|p2a: Blissey|Thunder Wave|p1a: Weavile\n|-status|p1a: Weavile|par\n|\n|upkeep\n|turn|32\n|\n|t:|1664189606\n|switch|p2a: Toxapex|Toxapex, F|100\/100\n|-damage|p2a: Toxapex|88\/100|[from] Stealth Rock\n|-damage|p2a: Toxapex|63\/100|[from] Spikes\n|move|p1a: Weavile|Swords Dance|p1a: Weavile\n|-boost|p1a: Weavile|atk|2\n|\n|-heal|p2a: Toxapex|69\/100|[from] item: Black Sludge\n|upkeep\n|turn|33\n|\n|t:|1664189617\n|cant|p1a: Weavile|par\n|move|p2a: Toxapex|Scald|p1a: Weavile\n|-damage|p1a: Weavile|78\/100 par\n|\n|-heal|p2a: Toxapex|75\/100|[from] item: Black Sludge\n|upkeep\n|turn|34\n|\n|t:|1664189626\n|move|p1a: Weavile|Knock Off|p2a: Toxapex\n|-damage|p2a: Toxapex|0 fnt\n|-enditem|p2a: Toxapex|Black Sludge|[from] move: Knock Off|[of] p1a: Weavile\n|faint|p2a: Toxapex\n|-damage|p1a: Weavile|68\/100 par|[from] item: Life Orb\n|\n|upkeep\n|\n|t:|1664189631\n|switch|p2a: Tornadus|Tornadus-Therian, M|100\/100 par\n|turn|35\n|\n|t:|1664189633\n|move|p1a: Weavile|Ice Shard|p2a: Tornadus\n|-supereffective|p2a: Tornadus\n|-damage|p2a: Tornadus|0 fnt\n|faint|p2a: Tornadus\n|-damage|p1a: Weavile|58\/100 par|[from] item: Life Orb\n|\n|upkeep\n|\n|t:|1664189635\n|switch|p2a: Blissey|Blissey, F|100\/100\n|turn|36\n|\n|t:|1664189639\n|move|p1a: Weavile|Knock Off|p2a: Blissey\n|-damage|p2a: Blissey|0 fnt\n|-enditem|p2a: Blissey|Heavy-Duty Boots|[from] move: Knock Off|[of] p1a: Weavile\n|faint|p2a: Blissey\n|-damage|p1a: Weavile|48\/100 par|[from] item: Life Orb\n|\n|win|dmt dreams\n|n|\u2606dmt dreams|dmtdreams\n|n|\u2606AKarenin|akarenin\n|l|\u2606AKarenin\n","uploadtime":1664189644,"views":53,"p1id":"dmtdreams","p2id":"akarenin","formatid":"gen8ou","rating":0,"private":0,"password":null}