{"id":"gen8ou-1262932300","p1":"I'M AT MY LIMIT","p2":"BillyTheFlash","format":"gen8ou","log":"|j|\u2606I'M AT MY LIMIT\n|j|\u2606BillyTheFlash\n|t:|1610734337\n|player|p1|I'M AT MY LIMIT|dawn|\n|player|p2|BillyTheFlash|hiker-gen4|\n|teamsize|p1|6\n|teamsize|p2|6\n|gametype|singles\n|gen|8\n|tier|[Gen 8] OU\n|clearpoke\n|poke|p1|Jirachi|\n|poke|p1|Clefable, M|\n|poke|p1|Pikachu, F|\n|poke|p1|Garchomp, F|\n|poke|p1|Mandibuzz, F|\n|poke|p1|Blissey, F|\n|poke|p2|Skarmory, M|\n|poke|p2|Tangrowth, F|\n|poke|p2|Hippowdon, M|\n|poke|p2|Blissey, F|\n|poke|p2|Corviknight, M|\n|poke|p2|Toxapex, F|\n|rule|Sleep Clause Mod: Limit one foe put to sleep\n|rule|Species Clause: Limit one of each Pok\u00e9mon\n|rule|OHKO Clause: OHKO moves are banned\n|rule|Evasion Moves Clause: Evasion moves are banned\n|rule|Endless Battle Clause: Forcing endless battles is banned\n|rule|HP Percentage Mod: HP is shown in percentages\n|rule|Dynamax Clause: You cannot dynamax\n|teampreview\n|inactive|Battle timer is ON: inactive players will automatically lose when time's up. (requested by I'M AT MY LIMIT)\n|\n|t:|1610734353\n|start\n|switch|p1a: GUSTAVO FRING|Clefable, M, shiny|100\/100\n|switch|p2a: Hot and spicy|Tangrowth, F, shiny|100\/100\n|turn|1\n|j| BryboVelocity\n|\n|t:|1610734366\n|switch|p1a: African west virus|Garchomp, F|100\/100\n|move|p2a: Hot and spicy|Sleep Powder|p1a: African west virus|[miss]\n|-miss|p2a: Hot and spicy|p1a: African west virus\n|\n|upkeep\n|turn|2\n|\n|t:|1610734374\n|move|p1a: African west virus|Toxic|p2a: Hot and spicy\n|-status|p2a: Hot and spicy|tox\n|move|p2a: Hot and spicy|Giga Drain|p1a: African west virus\n|-damage|p1a: African west virus|74\/100\n|\n|-damage|p2a: Hot and spicy|94\/100 tox|[from] psn\n|upkeep\n|turn|3\n|\n|t:|1610734383\n|switch|p2a: The lovable|Skarmory, M|100\/100\n|move|p1a: African west virus|Stealth Rock|p2a: The lovable\n|-sidestart|p2: BillyTheFlash|move: Stealth Rock\n|\n|upkeep\n|turn|4\n|\n|t:|1610734386\n|switch|p1a: GUSTAVO FRING|Clefable, M, shiny|100\/100\n|move|p2a: The lovable|Spikes|p1a: GUSTAVO FRING\n|-sidestart|p1: I'M AT MY LIMIT|Spikes\n|\n|upkeep\n|turn|5\n|\n|t:|1610734393\n|move|p1a: GUSTAVO FRING|Calm Mind|p1a: GUSTAVO FRING\n|-boost|p1a: GUSTAVO FRING|spa|1\n|-boost|p1a: GUSTAVO FRING|spd|1\n|move|p2a: The lovable|Whirlwind|p1a: GUSTAVO FRING\n|drag|p1a: Oh|Mandibuzz, F, shiny|100\/100\n|\n|upkeep\n|turn|6\n|\n|t:|1610734400\n|move|p1a: Oh|Foul Play|p2a: The lovable\n|-damage|p2a: The lovable|89\/100\n|-damage|p1a: Oh|84\/100|[from] item: Rocky Helmet|[of] p2a: The lovable\n|move|p2a: The lovable|Body Press|p1a: Oh\n|-damage|p1a: Oh|67\/100\n|\n|upkeep\n|turn|7\n|\n|t:|1610734408\n|switch|p1a: GUSTAVO FRING|Clefable, M, shiny|100\/100\n|switch|p2a: Hot and spicy|Tangrowth, F, shiny|100\/100 tox\n|-damage|p2a: Hot and spicy|88\/100 tox|[from] Stealth Rock\n|\n|-damage|p2a: Hot and spicy|82\/100 tox|[from] psn\n|upkeep\n|turn|8\n|\n|t:|1610734413\n|switch|p2a: The lovable|Skarmory, M|89\/100\n|-damage|p2a: The lovable|77\/100|[from] Stealth Rock\n|move|p1a: GUSTAVO FRING|Fire Blast|p2a: The lovable\n|-supereffective|p2a: The lovable\n|-damage|p2a: The lovable|0 fnt\n|faint|p2a: The lovable\n|\n|upkeep\n|\n|t:|1610734417\n|switch|p2a: Uhh rilaboom|Corviknight, M|100\/100\n|-damage|p2a: Uhh rilaboom|88\/100|[from] Stealth Rock\n|-ability|p2a: Uhh rilaboom|Pressure\n|turn|9\n|\n|t:|1610734421\n|switch|p1a: Oh|Mandibuzz, F, shiny|67\/100\n|move|p2a: Uhh rilaboom|U-turn|p1a: Oh\n|-damage|p1a: Oh|58\/100\n|\n|t:|1610734426\n|switch|p2a: Tekeshi|Hippowdon, M|100\/100|[from]move: U-turn\n|-damage|p2a: Tekeshi|94\/100|[from] Stealth Rock\n|-weather|Sandstorm|[from] ability: Sand Stream|[of] p2a: Tekeshi\n|\n|-weather|Sandstorm|[upkeep]\n|-heal|p2a: Tekeshi|100\/100|[from] item: Leftovers\n|upkeep\n|turn|10\n|\n|t:|1610734430\n|move|p1a: Oh|Toxic|p2a: Tekeshi|[miss]\n|-miss|p1a: Oh|p2a: Tekeshi\n|move|p2a: Tekeshi|Toxic|p1a: Oh\n|-status|p1a: Oh|tox\n|\n|-weather|Sandstorm|[upkeep]\n|-damage|p1a: Oh|52\/100 tox|[from] psn\n|upkeep\n|turn|11\n|\n|t:|1610734438\n|move|p1a: Oh|Toxic|p2a: Tekeshi\n|-status|p2a: Tekeshi|tox\n|move|p2a: Tekeshi|Stealth Rock|p1a: Oh\n|-sidestart|p1: I'M AT MY LIMIT|move: Stealth Rock\n|\n|-weather|Sandstorm|[upkeep]\n|-damage|p1a: Oh|40\/100 tox|[from] psn\n|-damage|p2a: Tekeshi|94\/100 tox|[from] psn\n|upkeep\n|turn|12\n|\n|t:|1610734447\n|switch|p2a: Fatass|Blissey, F|100\/100\n|move|p1a: Oh|Defog|p2a: Fatass\n|-unboost|p2a: Fatass|evasion|1\n|-sideend|p2: BillyTheFlash|Stealth Rock|[from] move: Defog|[of] p1a: Oh\n|-sideend|p1: I'M AT MY LIMIT|Spikes|[from] move: Defog|[of] p1a: Oh\n|-sideend|p1: I'M AT MY LIMIT|Stealth Rock|[from] move: Defog|[of] p1a: Oh\n|\n|-weather|Sandstorm|[upkeep]\n|-damage|p2a: Fatass|94\/100|[from] Sandstorm\n|-damage|p1a: Oh|22\/100 tox|[from] psn\n|upkeep\n|turn|13\n|\n|t:|1610734464\n|switch|p1a: The RACHI|Jirachi|100\/100\n|move|p2a: Fatass|Seismic Toss|p1a: The RACHI\n|-damage|p1a: The RACHI|71\/100\n|\n|-weather|none\n|upkeep\n|turn|14\n|\n|t:|1610734472\n|move|p1a: The RACHI|Trick|p2a: Fatass\n|-activate|p1a: The RACHI|move: Trick|[of] p2a: Fatass\n|-item|p2a: Fatass|Choice Scarf|[from] move: Trick\n|-item|p1a: The RACHI|Heavy-Duty Boots|[from] move: Trick\n|move|p2a: Fatass|Seismic Toss|p1a: The RACHI\n|-damage|p1a: The RACHI|42\/100\n|\n|upkeep\n|turn|15\n|\n|t:|1610734478\n|switch|p1a: BOOM|Blissey, F, shiny|100\/100\n|move|p2a: Fatass|Seismic Toss|p1a: BOOM\n|-damage|p1a: BOOM|86\/100\n|\n|upkeep\n|turn|16\n|\n|t:|1610734495\n|switch|p2a: Uhh rilaboom|Corviknight, M|88\/100\n|-ability|p2a: Uhh rilaboom|Pressure\n|move|p1a: BOOM|Wish|p1a: BOOM\n|\n|-heal|p2a: Uhh rilaboom|94\/100|[from] item: Leftovers\n|upkeep\n|turn|17\n|\n|t:|1610734502\n|switch|p1a: The RACHI|Jirachi|42\/100\n|move|p2a: Uhh rilaboom|Brave Bird|p1a: The RACHI\n|-resisted|p1a: The RACHI\n|-damage|p1a: The RACHI|23\/100\n|-damage|p2a: Uhh rilaboom|89\/100|[from] Recoil\n|\n|-heal|p1a: The RACHI|100\/100|[from] move: Wish|[wisher] BOOM\n|-heal|p2a: Uhh rilaboom|95\/100|[from] item: Leftovers\n|upkeep\n|turn|18\n|\n|t:|1610734518\n|switch|p2a: British yuck|Toxapex, F|100\/100\n|move|p1a: The RACHI|Trick|p2a: British yuck\n|-activate|p1a: The RACHI|move: Trick|[of] p2a: British yuck\n|-item|p2a: British yuck|Heavy-Duty Boots|[from] move: Trick\n|-item|p1a: The RACHI|Rocky Helmet|[from] move: Trick\n|\n|upkeep\n|turn|19\n|\n|t:|1610734525\n|switch|p1a: Oh|Mandibuzz, F, shiny|22\/100 tox\n|move|p2a: British yuck|Toxic Spikes|p1a: Oh\n|-sidestart|p1: I'M AT MY LIMIT|move: Toxic Spikes\n|\n|-damage|p1a: Oh|15\/100 tox|[from] psn\n|upkeep\n|turn|20\n|\n|t:|1610734531\n|move|p1a: Oh|Roost|p1a: Oh\n|-heal|p1a: Oh|66\/100 tox\n|-singleturn|p1a: Oh|move: Roost\n|move|p2a: British yuck|Scald|p1a: Oh\n|-damage|p1a: Oh|53\/100 tox\n|\n|-damage|p1a: Oh|40\/100 tox|[from] psn\n|upkeep\n|turn|21\n|\n|t:|1610734536\n|move|p1a: Oh|Roost|p1a: Oh\n|-heal|p1a: Oh|91\/100 tox\n|-singleturn|p1a: Oh|move: Roost\n|move|p2a: British yuck|Scald|p1a: Oh\n|-damage|p1a: Oh|78\/100 tox\n|\n|-damage|p1a: Oh|59\/100 tox|[from] psn\n|upkeep\n|turn|22\n|\n|t:|1610734539\n|move|p1a: Oh|Defog|p2a: British yuck\n|-unboost|p2a: British yuck|evasion|1\n|-sideend|p1: I'M AT MY LIMIT|Toxic Spikes|[from] move: Defog|[of] p1a: Oh\n|move|p2a: British yuck|Scald|p1a: Oh\n|-damage|p1a: Oh|45\/100 tox\n|\n|-damage|p1a: Oh|20\/100 tox|[from] psn\n|upkeep\n|turn|23\n|\n|t:|1610734544\n|switch|p1a: GUSTAVO FRING|Clefable, M, shiny|100\/100\n|move|p2a: British yuck|Scald|p1a: GUSTAVO FRING\n|-damage|p1a: GUSTAVO FRING|85\/100\n|-status|p1a: GUSTAVO FRING|brn\n|\n|upkeep\n|turn|24\n|\n|t:|1610734548\n|switch|p2a: Hot and spicy|Tangrowth, F, shiny|100\/100 tox\n|move|p1a: GUSTAVO FRING|Calm Mind|p1a: GUSTAVO FRING\n|-boost|p1a: GUSTAVO FRING|spa|1\n|-boost|p1a: GUSTAVO FRING|spd|1\n|\n|-damage|p2a: Hot and spicy|94\/100 tox|[from] psn\n|upkeep\n|turn|25\n|\n|t:|1610734559\n|switch|p2a: Tekeshi|Hippowdon, M|94\/100 tox\n|-weather|Sandstorm|[from] ability: Sand Stream|[of] p2a: Tekeshi\n|move|p1a: GUSTAVO FRING|Moonblast|p2a: Tekeshi\n|-damage|p2a: Tekeshi|36\/100 tox\n|\n|-weather|Sandstorm|[upkeep]\n|-heal|p2a: Tekeshi|43\/100 tox|[from] item: Leftovers\n|-damage|p2a: Tekeshi|36\/100 tox|[from] psn\n|upkeep\n|turn|26\n|\n|t:|1610734563\n|move|p1a: GUSTAVO FRING|Moonblast|p2a: Tekeshi\n|-damage|p2a: Tekeshi|0 fnt\n|faint|p2a: Tekeshi\n|\n|-weather|Sandstorm|[upkeep]\n|upkeep\n|\n|t:|1610734566\n|switch|p2a: Fatass|Blissey, F|94\/100\n|turn|27\n|\n|t:|1610734574\n|switch|p2a: Hot and spicy|Tangrowth, F, shiny|100\/100 tox\n|move|p1a: GUSTAVO FRING|Calm Mind|p1a: GUSTAVO FRING\n|-boost|p1a: GUSTAVO FRING|spa|1\n|-boost|p1a: GUSTAVO FRING|spd|1\n|\n|-weather|Sandstorm|[upkeep]\n|-damage|p2a: Hot and spicy|94\/100 tox|[from] Sandstorm\n|-damage|p2a: Hot and spicy|88\/100 tox|[from] psn\n|upkeep\n|turn|28\n|\n|t:|1610734576\n|move|p1a: GUSTAVO FRING|Moonblast|p2a: Hot and spicy\n|-damage|p2a: Hot and spicy|0 fnt\n|faint|p2a: Hot and spicy\n|\n|-weather|Sandstorm|[upkeep]\n|upkeep\n|\n|t:|1610734580\n|switch|p2a: British yuck|Toxapex, F|100\/100\n|turn|29\n|\n|t:|1610734584\n|move|p1a: GUSTAVO FRING|Calm Mind|p1a: GUSTAVO FRING\n|-boost|p1a: GUSTAVO FRING|spa|1\n|-boost|p1a: GUSTAVO FRING|spd|1\n|move|p2a: British yuck|Scald|p1a: GUSTAVO FRING\n|-damage|p1a: GUSTAVO FRING|78\/100 brn\n|\n|-weather|none\n|upkeep\n|turn|30\n|\n|t:|1610734586\n|move|p1a: GUSTAVO FRING|Moonblast|p2a: British yuck\n|-resisted|p2a: British yuck\n|-damage|p2a: British yuck|40\/100\n|-unboost|p2a: British yuck|spa|1\n|move|p2a: British yuck|Scald|p1a: GUSTAVO FRING\n|-damage|p1a: GUSTAVO FRING|74\/100 brn\n|\n|upkeep\n|turn|31\n|\n|t:|1610734589\n|switch|p2a: Uhh rilaboom|Corviknight, M|95\/100\n|-ability|p2a: Uhh rilaboom|Pressure\n|move|p1a: GUSTAVO FRING|Moonblast|p2a: Uhh rilaboom\n|-resisted|p2a: Uhh rilaboom\n|-damage|p2a: Uhh rilaboom|47\/100\n|\n|-heal|p2a: Uhh rilaboom|53\/100|[from] item: Leftovers\n|upkeep\n|turn|32\n|\n|t:|1610734595\n|move|p1a: GUSTAVO FRING|Fire Blast|p2a: Uhh rilaboom\n|-supereffective|p2a: Uhh rilaboom\n|-damage|p2a: Uhh rilaboom|0 fnt\n|faint|p2a: Uhh rilaboom\n|\n|upkeep\n|\n|t:|1610734598\n|switch|p2a: Fatass|Blissey, F|94\/100\n|turn|33\n|\n|t:|1610734602\n|move|p1a: GUSTAVO FRING|Moonblast|p2a: Fatass\n|-damage|p2a: Fatass|40\/100\n|move|p2a: Fatass|Teleport|p2a: Fatass\n|\n|t:|1610734605\n|switch|p2a: British yuck|Toxapex, F|73\/100|[from]move: Teleport\n|\n|upkeep\n|turn|34\n|\n|t:|1610734607\n|move|p1a: GUSTAVO FRING|Calm Mind|p1a: GUSTAVO FRING\n|-boost|p1a: GUSTAVO FRING|spa|1\n|-boost|p1a: GUSTAVO FRING|spd|1\n|move|p2a: British yuck|Recover|p2a: British yuck\n|-heal|p2a: British yuck|100\/100\n|\n|upkeep\n|turn|35\n|\n|t:|1610734610\n|move|p1a: GUSTAVO FRING|Moonblast|p2a: British yuck\n|-resisted|p2a: British yuck\n|-damage|p2a: British yuck|25\/100\n|move|p2a: British yuck|Haze|p2a: British yuck\n|-clearallboost\n|\n|upkeep\n|turn|36\n|\n|t:|1610734615\n|switch|p1a: Ash's wet sock|Pikachu, F, shiny|100\/100\n|move|p2a: British yuck|Recover|p2a: British yuck\n|-heal|p2a: British yuck|75\/100\n|\n|upkeep\n|turn|37\n|\n|t:|1610734620\n|switch|p2a: Fatass|Blissey, F|40\/100\n|move|p1a: Ash's wet sock|Volt Tackle|p2a: Fatass\n|-damage|p2a: Fatass|0 fnt\n|-damage|p1a: Ash's wet sock|57\/100|[from] Recoil\n|faint|p2a: Fatass\n|\n|upkeep\n|\n|t:|1610734625\n|switch|p2a: British yuck|Toxapex, F|100\/100\n|turn|38\n|\n|t:|1610734630\n|move|p1a: Ash's wet sock|Volt Tackle|p2a: British yuck\n|-supereffective|p2a: British yuck\n|-damage|p2a: British yuck|0 fnt\n|-damage|p1a: Ash's wet sock|10\/100|[from] Recoil\n|faint|p2a: British yuck\n|\n|win|I'M AT MY LIMIT\n|l| BryboVelocity\n","uploadtime":1610734662,"views":43,"p1id":"imatmylimit","p2id":"billytheflash","formatid":"gen8ou","rating":0,"private":0,"password":null}