{"id":"gen8ou-1640126733","p1":"kinetic chain","p2":"LT93OQ Lio","format":"gen8ou","log":"|raw|<div class=\"broadcast-blue\"><strong>This battle is required to be public due to a player having a name starting with 'lt93oq'.<\/div>\n|j|\u203dkinetic chain\n|j|\u2606LT93OQ Lio\n|t:|1660560536\n|gametype|singles\n|player|p1|kinetic chain|silver-gen2|1745\n|player|p2|LT93OQ Lio|2|1790\n|teamsize|p1|6\n|teamsize|p2|6\n|gen|8\n|tier|[Gen 8] OU\n|rated|\n|rule|Sleep Clause Mod: Limit one foe put to sleep\n|rule|Species Clause: Limit one of each Pok\u00e9mon\n|rule|OHKO Clause: OHKO moves are banned\n|rule|Evasion Items Clause: Evasion items are banned\n|rule|Evasion Moves Clause: Evasion moves are banned\n|rule|Endless Battle Clause: Forcing endless battles is banned\n|rule|HP Percentage Mod: HP is shown in percentages\n|rule|Dynamax Clause: You cannot dynamax\n|clearpoke\n|poke|p1|Dragapult, F|\n|poke|p1|Toxapex, M|\n|poke|p1|Weavile, M|\n|poke|p1|Heatran, M|\n|poke|p1|Landorus-Therian, M|\n|poke|p1|Zapdos|\n|poke|p2|Clefable, F|\n|poke|p2|Tapu Koko|\n|poke|p2|Victini|\n|poke|p2|Skarmory, M|\n|poke|p2|Toxapex, F|\n|poke|p2|Gastrodon, F|\n|teampreview\n|inactive|Battle timer is ON: inactive players will automatically lose when time's up. (requested by kinetic chain)\n|\n|t:|1660560557\n|start\n|switch|p1a: Toxapex|Toxapex, M|100\/100\n|switch|p2a: Toxapex|Toxapex, F|100\/100\n|turn|1\n|j| Cono de la Correze\n|\n|t:|1660560572\n|switch|p2a: Clefable|Clefable, F|100\/100\n|move|p1a: Toxapex|Knock Off|p2a: Clefable\n|-resisted|p2a: Clefable\n|-damage|p2a: Clefable|94\/100\n|-enditem|p2a: Clefable|Leftovers|[from] move: Knock Off|[of] p1a: Toxapex\n|\n|upkeep\n|turn|2\n|j| Volcaronium\n|j| Evilo42\n|\n|t:|1660560582\n|switch|p1a: Landorus|Landorus-Therian, M|100\/100\n|-ability|p1a: Landorus|Intimidate|boost\n|-unboost|p2a: Clefable|atk|1\n|move|p2a: Clefable|Thunder Wave|p1a: Landorus\n|-immune|p1a: Landorus\n|\n|upkeep\n|turn|3\n|j| Ultimate ou\n|\n|t:|1660560584\n|move|p1a: Landorus|Stealth Rock|p2a: Clefable\n|-sidestart|p2: LT93OQ Lio|move: Stealth Rock\n|move|p2a: Clefable|Stealth Rock|p1a: Landorus\n|-sidestart|p1: kinetic chain|move: Stealth Rock\n|\n|upkeep\n|turn|4\n|\n|t:|1660560588\n|move|p1a: Landorus|Earthquake|p2a: Clefable\n|-damage|p2a: Clefable|55\/100\n|move|p2a: Clefable|Soft-Boiled|p2a: Clefable\n|-heal|p2a: Clefable|100\/100\n|\n|upkeep\n|turn|5\n|j| chokst du\n|\n|t:|1660560595\n|move|p1a: Landorus|Earthquake|p2a: Clefable\n|-damage|p2a: Clefable|56\/100\n|move|p2a: Clefable|Moonblast|p1a: Landorus\n|-damage|p1a: Landorus|77\/100\n|\n|-heal|p1a: Landorus|83\/100|[from] item: Leftovers\n|upkeep\n|turn|6\n|\n|t:|1660560600\n|move|p1a: Landorus|U-turn|p2a: Clefable\n|-resisted|p2a: Clefable\n|-damage|p2a: Clefable|47\/100\n|\n|t:|1660560601\n|switch|p1a: Heatran|Heatran, M|100\/100|[from]move: U-turn\n|-damage|p1a: Heatran|88\/100|[from] Stealth Rock\n|move|p2a: Clefable|Soft-Boiled|p2a: Clefable\n|-heal|p2a: Clefable|97\/100\n|\n|-heal|p1a: Heatran|94\/100|[from] item: Leftovers\n|upkeep\n|turn|7\n|\n|t:|1660560606\n|switch|p2a: Toxapex|Toxapex, F|100\/100\n|-damage|p2a: Toxapex|88\/100|[from] Stealth Rock\n|move|p1a: Heatran|Magma Storm|p2a: Toxapex\n|-resisted|p2a: Toxapex\n|-damage|p2a: Toxapex|74\/100\n|-activate|p2a: Toxapex|move: Magma Storm|[of] p1a: Heatran\n|\n|-heal|p1a: Heatran|100\/100|[from] item: Leftovers\n|-damage|p2a: Toxapex|62\/100|[from] move: Magma Storm|[partiallytrapped]\n|upkeep\n|turn|8\n|j| ILoveThe1975\n|j| Shocwave\n|j| filon\n|\n|t:|1660560616\n|switch|p1a: Toxapex|Toxapex, M|100\/100\n|-damage|p1a: Toxapex|88\/100|[from] Stealth Rock\n|move|p2a: Toxapex|Knock Off|p1a: Toxapex\n|-damage|p1a: Toxapex|79\/100\n|-damage|p2a: Toxapex|45\/100|[from] item: Rocky Helmet|[of] p1a: Toxapex\n|-enditem|p1a: Toxapex|Rocky Helmet|[from] move: Knock Off|[of] p2a: Toxapex\n|\n|-end|p2a: Toxapex|Magma Storm|[partiallytrapped]|[silent]\n|upkeep\n|turn|9\n|\n|t:|1660560622\n|switch|p2a: Clefable|Clefable, F|97\/100\n|move|p1a: Toxapex|Knock Off|p2a: Clefable\n|-resisted|p2a: Clefable\n|-damage|p2a: Clefable|92\/100\n|\n|upkeep\n|turn|10\n|j| Randomuser04\n|\n|t:|1660560626\n|switch|p1a: Landorus|Landorus-Therian, M|83\/100\n|-damage|p1a: Landorus|70\/100|[from] Stealth Rock\n|-ability|p1a: Landorus|Intimidate|boost\n|-unboost|p2a: Clefable|atk|1\n|move|p2a: Clefable|Moonblast|p1a: Landorus\n|-damage|p1a: Landorus|46\/100\n|-unboost|p1a: Landorus|spa|1\n|\n|-heal|p1a: Landorus|52\/100|[from] item: Leftovers\n|upkeep\n|turn|11\n|j| LT93OQ ffffff\n|j| injecting heroin\n|\n|t:|1660560636\n|switch|p2a: Skarmory|Skarmory, M|100\/100\n|-damage|p2a: Skarmory|88\/100|[from] Stealth Rock\n|move|p1a: Landorus|Earthquake|p2a: Skarmory\n|-immune|p2a: Skarmory\n|\n|-heal|p1a: Landorus|58\/100|[from] item: Leftovers\n|upkeep\n|turn|12\n|l| Volcaronium\n|\n|t:|1660560642\n|switch|p1a: Zapdos|Zapdos|100\/100\n|move|p2a: Skarmory|Spikes|p1a: Zapdos\n|-sidestart|p1: kinetic chain|Spikes\n|\n|upkeep\n|turn|13\n|\n|t:|1660560646\n|switch|p2a: Gastrodon|Gastrodon, F|100\/100\n|move|p1a: Zapdos|Hurricane|p2a: Gastrodon\n|-damage|p2a: Gastrodon|65\/100\n|\n|upkeep\n|turn|14\n|j| kevnsanity\n|\n|t:|1660560652\n|move|p1a: Zapdos|Hurricane|p2a: Gastrodon\n|-damage|p2a: Gastrodon|29\/100\n|move|p2a: Gastrodon|Recover|p2a: Gastrodon\n|-heal|p2a: Gastrodon|79\/100\n|\n|upkeep\n|turn|15\n|\n|t:|1660560663\n|switch|p1a: Weavile|Weavile, M|100\/100\n|move|p2a: Gastrodon|Recover|p2a: Gastrodon\n|-heal|p2a: Gastrodon|100\/100\n|\n|upkeep\n|turn|16\n|j| Wiener thing\n|j| Ctannn\n|l| Wiener thing\n|\n|t:|1660560674\n|switch|p2a: Skarmory|Skarmory, M|88\/100\n|-damage|p2a: Skarmory|76\/100|[from] Stealth Rock\n|move|p1a: Weavile|Knock Off|p2a: Skarmory\n|-damage|p2a: Skarmory|45\/100\n|-damage|p1a: Weavile|84\/100|[from] item: Rocky Helmet|[of] p2a: Skarmory\n|-enditem|p2a: Skarmory|Rocky Helmet|[from] move: Knock Off|[of] p1a: Weavile\n|\n|upkeep\n|turn|17\n|\n|t:|1660560683\n|switch|p1a: Zapdos|Zapdos|100\/100\n|move|p2a: Skarmory|Roost|p2a: Skarmory\n|-heal|p2a: Skarmory|95\/100\n|-singleturn|p2a: Skarmory|move: Roost\n|\n|upkeep\n|turn|18\n|\n|t:|1660560688\n|switch|p2a: Gastrodon|Gastrodon, F|100\/100\n|move|p1a: Zapdos|Hurricane|p2a: Gastrodon\n|-damage|p2a: Gastrodon|62\/100\n|\n|upkeep\n|turn|19\n|\n|t:|1660560693\n|move|p1a: Zapdos|Hurricane|p2a: Gastrodon|[miss]\n|-miss|p1a: Zapdos|p2a: Gastrodon\n|move|p2a: Gastrodon|Recover|p2a: Gastrodon\n|-heal|p2a: Gastrodon|100\/100\n|\n|upkeep\n|turn|20\n|\n|t:|1660560699\n|switch|p1a: Toxapex|Toxapex, M|100\/100\n|-damage|p1a: Toxapex|88\/100|[from] Stealth Rock\n|-damage|p1a: Toxapex|76\/100|[from] Spikes\n|move|p2a: Gastrodon|Scald|p1a: Toxapex\n|-resisted|p1a: Toxapex\n|-damage|p1a: Toxapex|66\/100\n|\n|upkeep\n|turn|21\n|\n|t:|1660560705\n|switch|p2a: Clefable|Clefable, F|92\/100\n|move|p1a: Toxapex|Knock Off|p2a: Clefable\n|-resisted|p2a: Clefable\n|-damage|p2a: Clefable|87\/100\n|\n|upkeep\n|turn|22\n|\n|t:|1660560709\n|move|p2a: Clefable|Thunder Wave|p1a: Toxapex\n|-status|p1a: Toxapex|par\n|move|p1a: Toxapex|Recover|p1a: Toxapex\n|-heal|p1a: Toxapex|100\/100 par\n|\n|upkeep\n|turn|23\n|j| tansincos\n|\n|t:|1660560714\n|move|p2a: Clefable|Moonblast|p1a: Toxapex\n|-resisted|p1a: Toxapex\n|-damage|p1a: Toxapex|88\/100 par\n|move|p1a: Toxapex|Knock Off|p2a: Clefable\n|-resisted|p2a: Clefable\n|-damage|p2a: Clefable|82\/100\n|\n|upkeep\n|turn|24\n|\n|t:|1660560717\n|move|p2a: Clefable|Moonblast|p1a: Toxapex\n|-resisted|p1a: Toxapex\n|-damage|p1a: Toxapex|75\/100 par\n|cant|p1a: Toxapex|par\n|\n|upkeep\n|turn|25\n|\n|t:|1660560719\n|move|p2a: Clefable|Moonblast|p1a: Toxapex\n|-resisted|p1a: Toxapex\n|-damage|p1a: Toxapex|62\/100 par\n|-unboost|p1a: Toxapex|spa|1\n|move|p1a: Toxapex|Knock Off|p2a: Clefable\n|-resisted|p2a: Clefable\n|-damage|p2a: Clefable|78\/100\n|\n|upkeep\n|turn|26\n|l| tansincos\n|\n|t:|1660560723\n|move|p2a: Clefable|Soft-Boiled|p2a: Clefable\n|-heal|p2a: Clefable|100\/100\n|move|p1a: Toxapex|Knock Off|p2a: Clefable\n|-resisted|p2a: Clefable\n|-damage|p2a: Clefable|96\/100\n|\n|upkeep\n|turn|27\n|\n|t:|1660560725\n|move|p2a: Clefable|Moonblast|p1a: Toxapex\n|-resisted|p1a: Toxapex\n|-damage|p1a: Toxapex|49\/100 par\n|-unboost|p1a: Toxapex|spa|1\n|move|p1a: Toxapex|Recover|p1a: Toxapex\n|-heal|p1a: Toxapex|99\/100 par\n|\n|upkeep\n|turn|28\n|\n|t:|1660560728\n|move|p2a: Clefable|Moonblast|p1a: Toxapex\n|-resisted|p1a: Toxapex\n|-damage|p1a: Toxapex|86\/100 par\n|move|p1a: Toxapex|Knock Off|p2a: Clefable\n|-resisted|p2a: Clefable\n|-damage|p2a: Clefable|91\/100\n|\n|upkeep\n|turn|29\n|\n|t:|1660560732\n|move|p2a: Clefable|Moonblast|p1a: Toxapex\n|-resisted|p1a: Toxapex\n|-damage|p1a: Toxapex|74\/100 par\n|move|p1a: Toxapex|Knock Off|p2a: Clefable\n|-resisted|p2a: Clefable\n|-damage|p2a: Clefable|87\/100\n|\n|upkeep\n|turn|30\n|\n|t:|1660560738\n|switch|p2a: Gastrodon|Gastrodon, F|100\/100\n|move|p1a: Toxapex|Knock Off|p2a: Gastrodon\n|-damage|p2a: Gastrodon|84\/100\n|-activate|p2a: Gastrodon|ability: Sticky Hold\n|\n|upkeep\n|turn|31\n|\n|t:|1660560746\n|switch|p2a: Clefable|Clefable, F|87\/100\n|move|p1a: Toxapex|Toxic|p2a: Clefable\n|-status|p2a: Clefable|tox\n|\n|upkeep\n|turn|32\n|j| Volcaronium\n|\n|t:|1660560752\n|move|p2a: Clefable|Moonblast|p1a: Toxapex\n|-resisted|p1a: Toxapex\n|-damage|p1a: Toxapex|61\/100 par\n|-unboost|p1a: Toxapex|spa|1\n|move|p1a: Toxapex|Knock Off|p2a: Clefable\n|-resisted|p2a: Clefable\n|-damage|p2a: Clefable|82\/100 tox\n|\n|upkeep\n|turn|33\n|\n|t:|1660560758\n|move|p2a: Clefable|Moonblast|p1a: Toxapex\n|-resisted|p1a: Toxapex\n|-damage|p1a: Toxapex|47\/100 par\n|move|p1a: Toxapex|Recover|p1a: Toxapex\n|-heal|p1a: Toxapex|98\/100 par\n|\n|upkeep\n|turn|34\n|\n|t:|1660560770\n|move|p2a: Clefable|Thunder Wave|p1a: Toxapex\n|-fail|p1a: Toxapex|par\n|cant|p1a: Toxapex|par\n|\n|upkeep\n|turn|35\n|\n|t:|1660560774\n|move|p2a: Clefable|Thunder Wave|p1a: Toxapex\n|-fail|p1a: Toxapex|par\n|move|p1a: Toxapex|Knock Off|p2a: Clefable\n|-resisted|p2a: Clefable\n|-damage|p2a: Clefable|77\/100 tox\n|\n|upkeep\n|turn|36\n|l| Volcaronium\n|\n|t:|1660560777\n|move|p2a: Clefable|Soft-Boiled|p2a: Clefable\n|-heal|p2a: Clefable|100\/100 tox\n|move|p1a: Toxapex|Knock Off|p2a: Clefable\n|-resisted|p2a: Clefable\n|-damage|p2a: Clefable|96\/100 tox\n|\n|upkeep\n|turn|37\n|j| ShowMix\n|\n|t:|1660560786\n|move|p2a: Clefable|Stealth Rock||[still]\n|-fail|p2a: Clefable\n|move|p1a: Toxapex|Scald|p2a: Clefable\n|-damage|p2a: Clefable|90\/100 tox\n|\n|upkeep\n|turn|38\n|\n|t:|1660560789\n|move|p2a: Clefable|Stealth Rock||[still]\n|-fail|p2a: Clefable\n|move|p1a: Toxapex|Scald|p2a: Clefable\n|-damage|p2a: Clefable|86\/100 tox\n|\n|upkeep\n|turn|39\n|\n|t:|1660560793\n|move|p2a: Clefable|Stealth Rock||[still]\n|-fail|p2a: Clefable\n|move|p1a: Toxapex|Knock Off|p2a: Clefable\n|-resisted|p2a: Clefable\n|-crit|p2a: Clefable\n|-damage|p2a: Clefable|78\/100 tox\n|\n|upkeep\n|turn|40\n|\n|t:|1660560797\n|move|p2a: Clefable|Moonblast|p1a: Toxapex\n|-resisted|p1a: Toxapex\n|-damage|p1a: Toxapex|85\/100 par\n|-unboost|p1a: Toxapex|spa|1\n|move|p1a: Toxapex|Knock Off|p2a: Clefable\n|-resisted|p2a: Clefable\n|-damage|p2a: Clefable|74\/100 tox\n|\n|upkeep\n|turn|41\n|\n|t:|1660560800\n|switch|p1a: Zapdos|Zapdos|100\/100\n|move|p2a: Clefable|Moonblast|p1a: Zapdos\n|-damage|p1a: Zapdos|66\/100\n|\n|upkeep\n|turn|42\n|\n|t:|1660560807\n|switch|p2a: Tapu Koko|Tapu Koko|100\/100\n|-fieldstart|move: Electric Terrain|[from] ability: Electric Surge|[of] p2a: Tapu Koko\n|move|p1a: Zapdos|Hurricane|p2a: Tapu Koko\n|-resisted|p2a: Tapu Koko\n|-damage|p2a: Tapu Koko|60\/100\n|\n|upkeep\n|turn|43\n|\n|t:|1660560817\n|switch|p1a: Landorus|Landorus-Therian, M|58\/100\n|-damage|p1a: Landorus|46\/100|[from] Stealth Rock\n|-ability|p1a: Landorus|Intimidate|boost\n|-unboost|p2a: Tapu Koko|atk|1\n|move|p2a: Tapu Koko|Calm Mind|p2a: Tapu Koko\n|-boost|p2a: Tapu Koko|spa|1\n|-boost|p2a: Tapu Koko|spd|1\n|\n|-heal|p1a: Landorus|52\/100|[from] item: Leftovers\n|upkeep\n|turn|44\n|\n|t:|1660560826\n|switch|p2a: Skarmory|Skarmory, M|95\/100\n|-damage|p2a: Skarmory|83\/100|[from] Stealth Rock\n|move|p1a: Landorus|Earthquake|p2a: Skarmory\n|-immune|p2a: Skarmory\n|\n|-heal|p1a: Landorus|58\/100|[from] item: Leftovers\n|upkeep\n|turn|45\n|\n|t:|1660560832\n|switch|p1a: Zapdos|Zapdos|66\/100\n|move|p2a: Skarmory|Spikes|p1a: Zapdos\n|-sidestart|p1: kinetic chain|Spikes\n|\n|upkeep\n|turn|46\n|\n|t:|1660560838\n|switch|p2a: Tapu Koko|Tapu Koko|60\/100\n|move|p1a: Zapdos|Hurricane|p2a: Tapu Koko\n|-resisted|p2a: Tapu Koko\n|-damage|p2a: Tapu Koko|17\/100\n|-start|p2a: Tapu Koko|confusion\n|\n|-fieldend|move: Electric Terrain\n|upkeep\n|turn|47\n|\n|t:|1660560846\n|-activate|p2a: Tapu Koko|confusion\n|move|p2a: Tapu Koko|Roost|p2a: Tapu Koko\n|-heal|p2a: Tapu Koko|67\/100\n|-singleturn|p2a: Tapu Koko|move: Roost\n|move|p1a: Zapdos|Heat Wave|p2a: Tapu Koko\n|-damage|p2a: Tapu Koko|16\/100\n|\n|upkeep\n|turn|48\n|\n|t:|1660560857\n|-activate|p2a: Tapu Koko|confusion\n|move|p2a: Tapu Koko|Roost|p2a: Tapu Koko\n|-heal|p2a: Tapu Koko|66\/100\n|-singleturn|p2a: Tapu Koko|move: Roost\n|move|p1a: Zapdos|Heat Wave|p2a: Tapu Koko\n|-damage|p2a: Tapu Koko|18\/100\n|\n|upkeep\n|turn|49\n|\n|t:|1660560863\n|switch|p2a: Gastrodon|Gastrodon, F|84\/100\n|move|p1a: Zapdos|Heat Wave|p2a: Gastrodon\n|-resisted|p2a: Gastrodon\n|-damage|p2a: Gastrodon|73\/100\n|\n|upkeep\n|turn|50\n|\n|t:|1660560871\n|switch|p1a: Toxapex|Toxapex, M|100\/100 par\n|-damage|p1a: Toxapex|88\/100 par|[from] Stealth Rock\n|-damage|p1a: Toxapex|72\/100 par|[from] Spikes\n|move|p2a: Gastrodon|Scald|p1a: Toxapex\n|-resisted|p1a: Toxapex\n|-damage|p1a: Toxapex|62\/100 par\n|\n|upkeep\n|turn|51\n|\n|t:|1660560879\n|switch|p1a: Zapdos|Zapdos|66\/100\n|move|p2a: Gastrodon|Earthquake|p1a: Zapdos\n|-immune|p1a: Zapdos\n|\n|upkeep\n|turn|52\n|\n|t:|1660560883\n|switch|p1a: Toxapex|Toxapex, M|96\/100 par\n|-damage|p1a: Toxapex|83\/100 par|[from] Stealth Rock\n|-damage|p1a: Toxapex|67\/100 par|[from] Spikes\n|move|p2a: Gastrodon|Scald|p1a: Toxapex\n|-resisted|p1a: Toxapex\n|-crit|p1a: Toxapex\n|-damage|p1a: Toxapex|52\/100 par\n|\n|upkeep\n|turn|53\n|\n|t:|1660560892\n|move|p2a: Gastrodon|Earthquake|p1a: Toxapex\n|-supereffective|p1a: Toxapex\n|-damage|p1a: Toxapex|14\/100 par\n|move|p1a: Toxapex|Toxic|p2a: Gastrodon\n|-status|p2a: Gastrodon|tox\n|\n|-damage|p2a: Gastrodon|67\/100 tox|[from] psn\n|upkeep\n|turn|54\n|\n|t:|1660560901\n|switch|p2a: Tapu Koko|Tapu Koko|18\/100\n|-fieldstart|move: Electric Terrain|[from] ability: Electric Surge|[of] p2a: Tapu Koko\n|switch|p1a: Landorus|Landorus-Therian, M|58\/100\n|-damage|p1a: Landorus|45\/100|[from] Stealth Rock\n|-ability|p1a: Landorus|Intimidate|boost\n|-unboost|p2a: Tapu Koko|atk|1\n|\n|-heal|p1a: Landorus|51\/100|[from] item: Leftovers\n|upkeep\n|turn|55\n|\n|t:|1660560906\n|switch|p2a: Skarmory|Skarmory, M|83\/100\n|-damage|p2a: Skarmory|71\/100|[from] Stealth Rock\n|move|p1a: Landorus|U-turn|p2a: Skarmory\n|-resisted|p2a: Skarmory\n|-damage|p2a: Skarmory|68\/100\n|\n|t:|1660560909\n|switch|p1a: Zapdos|Zapdos|66\/100|[from]move: U-turn\n|\n|upkeep\n|turn|56\n|\n|t:|1660560914\n|move|p1a: Zapdos|Defog|p2a: Skarmory\n|-unboost|p2a: Skarmory|evasion|1\n|-sideend|p2: LT93OQ Lio|Stealth Rock|[from] move: Defog|[of] p1a: Zapdos\n|-sideend|p1: kinetic chain|Spikes|[from] move: Defog|[of] p1a: Zapdos\n|-sideend|p1: kinetic chain|Stealth Rock|[from] move: Defog|[of] p1a: Zapdos\n|-fieldend|move: Electric Terrain\n|move|p2a: Skarmory|Toxic|p1a: Zapdos\n|-status|p1a: Zapdos|tox\n|\n|-damage|p1a: Zapdos|59\/100 tox|[from] psn\n|upkeep\n|turn|57\n|j|+Dragonillis\n|\n|t:|1660560926\n|switch|p2a: Toxapex|Toxapex, F|78\/100\n|move|p1a: Zapdos|Hurricane|p2a: Toxapex|[miss]\n|-miss|p1a: Zapdos|p2a: Toxapex\n|\n|-damage|p1a: Zapdos|47\/100 tox|[from] psn\n|upkeep\n|turn|58\n|j| Volcaronium\n|\n|t:|1660560932\n|switch|p1a: Landorus|Landorus-Therian, M|51\/100\n|-ability|p1a: Landorus|Intimidate|boost\n|-unboost|p2a: Toxapex|atk|1\n|move|p2a: Toxapex|Light Screen|p2a: Toxapex\n|-sidestart|p2: LT93OQ Lio|move: Light Screen\n|\n|-heal|p1a: Landorus|57\/100|[from] item: Leftovers\n|upkeep\n|turn|59\n|\n|t:|1660560939\n|move|p1a: Landorus|U-turn|p2a: Toxapex\n|-resisted|p2a: Toxapex\n|-damage|p2a: Toxapex|71\/100\n|l| Volcaronium\n|\n|t:|1660560942\n|switch|p1a: Toxapex|Toxapex, M|47\/100 par|[from]move: U-turn\n|move|p2a: Toxapex|Knock Off|p1a: Toxapex\n|-damage|p1a: Toxapex|43\/100 par\n|\n|upkeep\n|turn|60\n|\n|t:|1660560949\n|switch|p2a: Tapu Koko|Tapu Koko|18\/100\n|-fieldstart|move: Electric Terrain|[from] ability: Electric Surge|[of] p2a: Tapu Koko\n|switch|p1a: Landorus|Landorus-Therian, M|57\/100\n|-ability|p1a: Landorus|Intimidate|boost\n|-unboost|p2a: Tapu Koko|atk|1\n|\n|-heal|p1a: Landorus|63\/100|[from] item: Leftovers\n|upkeep\n|turn|61\n|\n|t:|1660560953\n|switch|p2a: Skarmory|Skarmory, M|68\/100\n|move|p1a: Landorus|Stealth Rock|p2a: Skarmory\n|-sidestart|p2: LT93OQ Lio|move: Stealth Rock\n|\n|-heal|p1a: Landorus|69\/100|[from] item: Leftovers\n|upkeep\n|turn|62\n|\n|t:|1660560956\n|move|p1a: Landorus|U-turn|p2a: Skarmory\n|-resisted|p2a: Skarmory\n|-damage|p2a: Skarmory|65\/100\n|\n|t:|1660560958\n|switch|p1a: Dragapult|Dragapult, F|100\/100|[from]move: U-turn\n|move|p2a: Skarmory|Spikes|p1a: Dragapult\n|-sidestart|p1: kinetic chain|Spikes\n|\n|-sideend|p2: LT93OQ Lio|move: Light Screen\n|upkeep\n|turn|63\n|\n|t:|1660560962\n|switch|p2a: Toxapex|Toxapex, F|100\/100\n|-damage|p2a: Toxapex|88\/100|[from] Stealth Rock\n|move|p1a: Dragapult|Shadow Ball|p2a: Toxapex\n|-damage|p2a: Toxapex|49\/100\n|\n|upkeep\n|turn|64\n|\n|t:|1660560966\n|move|p1a: Dragapult|Shadow Ball|p2a: Toxapex\n|-damage|p2a: Toxapex|14\/100\n|move|p2a: Toxapex|Recover|p2a: Toxapex\n|-heal|p2a: Toxapex|64\/100\n|\n|-fieldend|move: Electric Terrain\n|upkeep\n|turn|65\n|\n|t:|1660560973\n|move|p1a: Dragapult|Shadow Ball|p2a: Toxapex\n|-damage|p2a: Toxapex|25\/100\n|-unboost|p2a: Toxapex|spd|1\n|move|p2a: Toxapex|Knock Off|p1a: Dragapult\n|-supereffective|p1a: Dragapult\n|-damage|p1a: Dragapult|55\/100\n|-enditem|p1a: Dragapult|Choice Specs|[from] move: Knock Off|[of] p2a: Toxapex\n|\n|upkeep\n|turn|66\n|l| LT93OQ ffffff\n|\n|t:|1660560980\n|switch|p2a: Clefable|Clefable, F|74\/100 tox\n|move|p1a: Dragapult|Shadow Ball|p2a: Clefable\n|-damage|p2a: Clefable|48\/100 tox\n|\n|upkeep\n|turn|67\n|\n|t:|1660560982\n|move|p1a: Dragapult|Shadow Ball|p2a: Clefable\n|-damage|p2a: Clefable|21\/100 tox\n|move|p2a: Clefable|Soft-Boiled|p2a: Clefable\n|-heal|p2a: Clefable|71\/100 tox\n|\n|upkeep\n|turn|68\n|\n|t:|1660560985\n|switch|p1a: Heatran|Heatran, M|100\/100\n|-damage|p1a: Heatran|88\/100|[from] Spikes\n|move|p2a: Clefable|Stealth Rock|p1a: Heatran\n|-sidestart|p1: kinetic chain|move: Stealth Rock\n|\n|-heal|p1a: Heatran|94\/100|[from] item: Leftovers\n|upkeep\n|turn|69\n|\n|t:|1660560991\n|switch|p2a: Gastrodon|Gastrodon, F|67\/100 tox\n|move|p1a: Heatran|Magma Storm|p2a: Gastrodon\n|-resisted|p2a: Gastrodon\n|-damage|p2a: Gastrodon|52\/100 tox\n|-activate|p2a: Gastrodon|move: Magma Storm|[of] p1a: Heatran\n|\n|-heal|p1a: Heatran|100\/100|[from] item: Leftovers\n|-damage|p2a: Gastrodon|46\/100 tox|[from] psn\n|-damage|p2a: Gastrodon|33\/100 tox|[from] move: Magma Storm|[partiallytrapped]\n|upkeep\n|turn|70\n|\n|t:|1660561004\n|switch|p1a: Zapdos|Zapdos|47\/100 tox\n|move|p2a: Gastrodon|Earthquake|p1a: Zapdos\n|-immune|p1a: Zapdos\n|\n|-damage|p1a: Zapdos|41\/100 tox|[from] psn\n|-damage|p2a: Gastrodon|21\/100 tox|[from] psn\n|-end|p2a: Gastrodon|Magma Storm|[partiallytrapped]|[silent]\n|upkeep\n|turn|71\n|\n|t:|1660561019\n|switch|p2a: Toxapex|Toxapex, F|59\/100\n|-damage|p2a: Toxapex|46\/100|[from] Stealth Rock\n|move|p1a: Zapdos|Hurricane|p2a: Toxapex\n|-damage|p2a: Toxapex|10\/100\n|\n|-damage|p1a: Zapdos|28\/100 tox|[from] psn\n|upkeep\n|turn|72\n|\n|t:|1660561034\n|switch|p2a: Clefable|Clefable, F|71\/100 tox\n|move|p1a: Zapdos|Defog|p2a: Clefable\n|-unboost|p2a: Clefable|evasion|1\n|-sideend|p2: LT93OQ Lio|Stealth Rock|[from] move: Defog|[of] p1a: Zapdos\n|-sideend|p1: kinetic chain|Spikes|[from] move: Defog|[of] p1a: Zapdos\n|-sideend|p1: kinetic chain|Stealth Rock|[from] move: Defog|[of] p1a: Zapdos\n|\n|-damage|p1a: Zapdos|10\/100 tox|[from] psn\n|upkeep\n|turn|73\n|j| LT93OQ Vegeto\n|\n|t:|1660561037\n|move|p1a: Zapdos|Volt Switch|p2a: Clefable\n|-damage|p2a: Clefable|41\/100 tox\n|l| LT93OQ Vegeto\n|\n|t:|1660561042\n|switch|p1a: Weavile|Weavile, M|84\/100|[from]move: Volt Switch\n|move|p2a: Clefable|Stealth Rock|p1a: Weavile\n|-sidestart|p1: kinetic chain|move: Stealth Rock\n|\n|upkeep\n|turn|74\n|j| rheysali\n|\n|t:|1660561063\n|switch|p2a: Skarmory|Skarmory, M|65\/100\n|move|p1a: Weavile|Triple Axel|p2a: Skarmory\n|-damage|p2a: Skarmory|59\/100\n|-damage|p2a: Skarmory|48\/100\n|-damage|p2a: Skarmory|30\/100\n|-hitcount|p2a: Skarmory|3\n|\n|upkeep\n|turn|75\n|l| Shocwave\n|\n|t:|1660561075\n|move|p1a: Weavile|Triple Axel|p2a: Skarmory\n|-damage|p2a: Skarmory|25\/100\n|-crit|p2a: Skarmory\n|-damage|p2a: Skarmory|7\/100\n|-hitcount|p2a: Skarmory|2\n|move|p2a: Skarmory|Roost|p2a: Skarmory\n|-heal|p2a: Skarmory|57\/100\n|-singleturn|p2a: Skarmory|move: Roost\n|\n|upkeep\n|turn|76\n|\n|t:|1660561086\n|switch|p1a: Heatran|Heatran, M|100\/100\n|-damage|p1a: Heatran|88\/100|[from] Stealth Rock\n|move|p2a: Skarmory|Roost|p2a: Skarmory\n|-heal|p2a: Skarmory|100\/100\n|-singleturn|p2a: Skarmory|move: Roost\n|\n|-heal|p1a: Heatran|94\/100|[from] item: Leftovers\n|upkeep\n|turn|77\n|\n|t:|1660561095\n|switch|p2a: Toxapex|Toxapex, F|44\/100\n|move|p1a: Heatran|Earth Power|p2a: Toxapex\n|-supereffective|p2a: Toxapex\n|-damage|p2a: Toxapex|6\/100\n|\n|-heal|p1a: Heatran|100\/100|[from] item: Leftovers\n|upkeep\n|turn|78\n|\n|t:|1660561118\n|switch|p2a: Clefable|Clefable, F|41\/100 tox\n|move|p1a: Heatran|Earth Power|p2a: Clefable\n|-damage|p2a: Clefable|18\/100 tox\n|\n|upkeep\n|turn|79\n|\n|t:|1660561124\n|move|p1a: Heatran|Earth Power|p2a: Clefable\n|-damage|p2a: Clefable|0 fnt\n|faint|p2a: Clefable\n|\n|upkeep\n|j| nvmvnfjgh\n|\n|t:|1660561132\n|switch|p2a: Toxapex|Toxapex, F|39\/100\n|turn|80\n|\n|t:|1660561140\n|move|p1a: Heatran|Earth Power|p2a: Toxapex\n|-supereffective|p2a: Toxapex\n|-damage|p2a: Toxapex|1\/100\n|move|p2a: Toxapex|Recover|p2a: Toxapex\n|-heal|p2a: Toxapex|51\/100\n|\n|upkeep\n|turn|81\n|\n|t:|1660561154\n|switch|p1a: Landorus|Landorus-Therian, M|69\/100\n|-damage|p1a: Landorus|57\/100|[from] Stealth Rock\n|-ability|p1a: Landorus|Intimidate|boost\n|-unboost|p2a: Toxapex|atk|1\n|move|p2a: Toxapex|Recover|p2a: Toxapex\n|-heal|p2a: Toxapex|100\/100\n|\n|-heal|p1a: Landorus|63\/100|[from] item: Leftovers\n|upkeep\n|turn|82\n|\n|t:|1660561157\n|move|p1a: Landorus|Stealth Rock|p2a: Toxapex\n|-sidestart|p2: LT93OQ Lio|move: Stealth Rock\n|move|p2a: Toxapex|Knock Off|p1a: Landorus\n|-damage|p1a: Landorus|54\/100\n|-enditem|p1a: Landorus|Leftovers|[from] move: Knock Off|[of] p2a: Toxapex\n|\n|upkeep\n|turn|83\n|\n|t:|1660561162\n|switch|p2a: Skarmory|Skarmory, M|100\/100\n|-damage|p2a: Skarmory|88\/100|[from] Stealth Rock\n|move|p1a: Landorus|Earthquake|p2a: Skarmory\n|-immune|p2a: Skarmory\n|\n|upkeep\n|turn|84\n|\n|t:|1660561166\n|switch|p1a: Heatran|Heatran, M|100\/100\n|-damage|p1a: Heatran|88\/100|[from] Stealth Rock\n|move|p2a: Skarmory|Spikes|p1a: Heatran\n|-sidestart|p1: kinetic chain|Spikes\n|\n|-heal|p1a: Heatran|94\/100|[from] item: Leftovers\n|upkeep\n|turn|85\n|\n|t:|1660561171\n|switch|p2a: Toxapex|Toxapex, F|100\/100\n|-damage|p2a: Toxapex|88\/100|[from] Stealth Rock\n|move|p1a: Heatran|Earth Power|p2a: Toxapex\n|-supereffective|p2a: Toxapex\n|-damage|p2a: Toxapex|50\/100\n|\n|-heal|p1a: Heatran|100\/100|[from] item: Leftovers\n|upkeep\n|turn|86\n|\n|t:|1660561174\n|move|p1a: Heatran|Taunt|p2a: Toxapex\n|-start|p2a: Toxapex|move: Taunt\n|cant|p2a: Toxapex|move: Taunt|Recover\n|\n|upkeep\n|turn|87\n|\n|t:|1660561177\n|move|p1a: Heatran|Earth Power|p2a: Toxapex\n|-supereffective|p2a: Toxapex\n|-damage|p2a: Toxapex|10\/100\n|move|p2a: Toxapex|Knock Off|p1a: Heatran\n|-damage|p1a: Heatran|88\/100\n|-enditem|p1a: Heatran|Leftovers|[from] move: Knock Off|[of] p2a: Toxapex\n|\n|upkeep\n|turn|88\n|\n|t:|1660561192\n|switch|p2a: Gastrodon|Gastrodon, F|21\/100 tox\n|move|p1a: Heatran|Magma Storm|p2a: Gastrodon\n|-resisted|p2a: Gastrodon\n|-damage|p2a: Gastrodon|6\/100 tox\n|-activate|p2a: Gastrodon|move: Magma Storm|[of] p1a: Heatran\n|\n|-damage|p2a: Gastrodon|0 fnt|[from] psn\n|faint|p2a: Gastrodon\n|upkeep\n|\n|t:|1660561196\n|switch|p2a: Victini|Victini|100\/100\n|turn|89\n|\n|t:|1660561219\n|move|p2a: Victini|Encore|p1a: Heatran\n|-start|p1a: Heatran|Encore\n|move|p1a: Heatran|Magma Storm|p2a: Victini|[miss]\n|-miss|p1a: Heatran|p2a: Victini\n|\n|upkeep\n|turn|90\n|\n|t:|1660561228\n|switch|p1a: Landorus|Landorus-Therian, M|54\/100\n|-damage|p1a: Landorus|41\/100|[from] Stealth Rock\n|-ability|p1a: Landorus|Intimidate|boost\n|-unboost|p2a: Victini|atk|1\n|move|p2a: Victini|Bolt Strike|p1a: Landorus\n|-immune|p1a: Landorus\n|\n|upkeep\n|turn|91\n|\n|t:|1660561239\n|switch|p1a: Heatran|Heatran, M|88\/100\n|-damage|p1a: Heatran|75\/100|[from] Stealth Rock\n|-damage|p1a: Heatran|63\/100|[from] Spikes\n|move|p2a: Victini|U-turn|p1a: Heatran\n|-resisted|p1a: Heatran\n|-damage|p1a: Heatran|60\/100\n|\n|t:|1660561250\n|switch|p2a: Toxapex|Toxapex, F|44\/100|[from]move: U-turn\n|-damage|p2a: Toxapex|31\/100|[from] Stealth Rock\n|\n|upkeep\n|turn|92\n|\n|t:|1660561258\n|switch|p2a: Skarmory|Skarmory, M|88\/100\n|-damage|p2a: Skarmory|76\/100|[from] Stealth Rock\n|move|p1a: Heatran|Earth Power|p2a: Skarmory\n|-immune|p2a: Skarmory\n|\n|upkeep\n|turn|93\n|\n|t:|1660561262\n|switch|p2a: Victini|Victini|100\/100\n|move|p1a: Heatran|Magma Storm|p2a: Victini\n|-resisted|p2a: Victini\n|-damage|p2a: Victini|81\/100\n|-activate|p2a: Victini|move: Magma Storm|[of] p1a: Heatran\n|\n|-damage|p2a: Victini|69\/100|[from] move: Magma Storm|[partiallytrapped]\n|upkeep\n|turn|94\n|\n|t:|1660561267\n|move|p2a: Victini|Bolt Strike|p1a: Heatran\n|-damage|p1a: Heatran|30\/100\n|move|p1a: Heatran|Earth Power|p2a: Victini\n|-supereffective|p2a: Victini\n|-damage|p2a: Victini|13\/100\n|\n|-damage|p2a: Victini|1\/100|[from] move: Magma Storm|[partiallytrapped]\n|upkeep\n|turn|95\n|l| Ultimate ou\n|\n|t:|1660561276\n|switch|p1a: Landorus|Landorus-Therian, M|41\/100\n|-damage|p1a: Landorus|29\/100|[from] Stealth Rock\n|-ability|p1a: Landorus|Intimidate|boost\n|-unboost|p2a: Victini|atk|1\n|move|p2a: Victini|Bolt Strike|p1a: Landorus\n|-immune|p1a: Landorus\n|\n|-end|p2a: Victini|Magma Storm|[partiallytrapped]|[silent]\n|upkeep\n|turn|96\n|\n|t:|1660561282\n|move|p2a: Victini|V-create|p1a: Landorus\n|-damage|p1a: Landorus|0 fnt\n|-unboost|p2a: Victini|spe|1\n|-unboost|p2a: Victini|def|1\n|-unboost|p2a: Victini|spd|1\n|faint|p1a: Landorus\n|\n|upkeep\n|\n|t:|1660561286\n|switch|p1a: Zapdos|Zapdos|10\/100 tox\n|turn|97\n|\n|t:|1660561298\n|move|p1a: Zapdos|Volt Switch|p2a: Victini\n|-damage|p2a: Victini|0 fnt\n|faint|p2a: Victini\n|\n|t:|1660561311\n|switch|p1a: Dragapult|Dragapult, F|55\/100|[from]move: Volt Switch\n|-damage|p1a: Dragapult|43\/100|[from] Stealth Rock\n|-damage|p1a: Dragapult|30\/100|[from] Spikes\n|\n|upkeep\n|\n|t:|1660561315\n|switch|p2a: Toxapex|Toxapex, F|64\/100\n|-damage|p2a: Toxapex|52\/100|[from] Stealth Rock\n|turn|98\n|j| LT92PF Raizen\n|\n|t:|1660561325\n|move|p1a: Dragapult|Shadow Ball|p2a: Toxapex\n|-damage|p2a: Toxapex|27\/100\n|move|p2a: Toxapex|Recover|p2a: Toxapex\n|-heal|p2a: Toxapex|77\/100\n|\n|upkeep\n|turn|99\n|\n|t:|1660561331\n|move|p1a: Dragapult|Shadow Ball|p2a: Toxapex\n|-damage|p2a: Toxapex|51\/100\n|move|p2a: Toxapex|Knock Off|p1a: Dragapult\n|-supereffective|p1a: Dragapult\n|-damage|p1a: Dragapult|1\/100\n|\n|upkeep\n|turn|100\n|\n|t:|1660561337\n|switch|p1a: Zapdos|Zapdos|10\/100 tox\n|move|p2a: Toxapex|Recover|p2a: Toxapex\n|-heal|p2a: Toxapex|100\/100\n|\n|-damage|p1a: Zapdos|3\/100 tox|[from] psn\n|upkeep\n|turn|101\n|\n|t:|1660561347\n|move|p1a: Zapdos|Defog|p2a: Toxapex\n|-unboost|p2a: Toxapex|evasion|1\n|-sideend|p2: LT93OQ Lio|Stealth Rock|[from] move: Defog|[of] p1a: Zapdos\n|-sideend|p1: kinetic chain|Spikes|[from] move: Defog|[of] p1a: Zapdos\n|-sideend|p1: kinetic chain|Stealth Rock|[from] move: Defog|[of] p1a: Zapdos\n|move|p2a: Toxapex|Knock Off|p1a: Zapdos\n|-damage|p1a: Zapdos|0 fnt\n|-enditem|p1a: Zapdos|Heavy-Duty Boots|[from] move: Knock Off|[of] p2a: Toxapex\n|faint|p1a: Zapdos\n|\n|upkeep\n|\n|t:|1660561354\n|switch|p1a: Heatran|Heatran, M|30\/100\n|turn|102\n|\n|t:|1660561367\n|move|p1a: Heatran|Earth Power|p2a: Toxapex\n|-supereffective|p2a: Toxapex\n|-damage|p2a: Toxapex|67\/100\n|move|p2a: Toxapex|Knock Off|p1a: Heatran\n|-damage|p1a: Heatran|21\/100\n|\n|upkeep\n|turn|103\n|\n|t:|1660561376\n|switch|p2a: Skarmory|Skarmory, M|76\/100\n|move|p1a: Heatran|Magma Storm|p2a: Skarmory\n|-supereffective|p2a: Skarmory\n|-damage|p2a: Skarmory|0 fnt\n|faint|p2a: Skarmory\n|\n|upkeep\n|\n|t:|1660561378\n|switch|p2a: Tapu Koko|Tapu Koko|18\/100\n|-fieldstart|move: Electric Terrain|[from] ability: Electric Surge|[of] p2a: Tapu Koko\n|turn|104\n|\n|t:|1660561393\n|switch|p1a: Dragapult|Dragapult, F|1\/100\n|move|p2a: Tapu Koko|Roost|p2a: Tapu Koko\n|-heal|p2a: Tapu Koko|68\/100\n|-singleturn|p2a: Tapu Koko|move: Roost\n|\n|upkeep\n|turn|105\n|\n|t:|1660561398\n|move|p1a: Dragapult|Shadow Ball|p2a: Tapu Koko\n|-damage|p2a: Tapu Koko|16\/100\n|move|p2a: Tapu Koko|Roost|p2a: Tapu Koko\n|-heal|p2a: Tapu Koko|66\/100\n|-singleturn|p2a: Tapu Koko|move: Roost\n|\n|upkeep\n|turn|106\n|inactive|LT93OQ Lio has 120 seconds left.\n|\n|t:|1660561419\n|switch|p2a: Toxapex|Toxapex, F|99\/100\n|move|p1a: Dragapult|Shadow Ball|p2a: Toxapex\n|-damage|p2a: Toxapex|77\/100\n|\n|upkeep\n|turn|107\n|inactive|LT93OQ Lio has 120 seconds left.\n|\n|t:|1660561431\n|move|p1a: Dragapult|U-turn|p2a: Toxapex\n|-resisted|p2a: Toxapex\n|-damage|p2a: Toxapex|71\/100\n|\n|t:|1660561433\n|switch|p1a: Toxapex|Toxapex, M|76\/100 par|[from]move: U-turn\n|move|p2a: Toxapex|Knock Off|p1a: Toxapex\n|-damage|p1a: Toxapex|70\/100 par\n|\n|upkeep\n|turn|108\n|\n|t:|1660561440\n|move|p2a: Toxapex|Knock Off|p1a: Toxapex\n|-damage|p1a: Toxapex|64\/100 par\n|cant|p1a: Toxapex|par\n|\n|-fieldend|move: Electric Terrain\n|upkeep\n|turn|109\n|\n|t:|1660561444\n|move|p2a: Toxapex|Knock Off|p1a: Toxapex\n|-damage|p1a: Toxapex|58\/100 par\n|move|p1a: Toxapex|Toxic|p2a: Toxapex\n|-immune|p2a: Toxapex\n|\n|upkeep\n|turn|110\n|\n|t:|1660561446\n|move|p2a: Toxapex|Knock Off|p1a: Toxapex\n|-damage|p1a: Toxapex|52\/100 par\n|move|p1a: Toxapex|Recover|p1a: Toxapex\n|-heal|p1a: Toxapex|100\/100 par\n|\n|upkeep\n|turn|111\n|\n|t:|1660561450\n|move|p2a: Toxapex|Knock Off|p1a: Toxapex\n|-damage|p1a: Toxapex|94\/100 par\n|cant|p1a: Toxapex|par\n|\n|upkeep\n|turn|112\n|\n|t:|1660561452\n|move|p2a: Toxapex|Knock Off|p1a: Toxapex\n|-damage|p1a: Toxapex|87\/100 par\n|move|p1a: Toxapex|Scald|p2a: Toxapex\n|-resisted|p2a: Toxapex\n|-crit|p2a: Toxapex\n|-damage|p2a: Toxapex|63\/100\n|\n|upkeep\n|turn|113\n|l| ILoveThe1975\n|\n|t:|1660561456\n|switch|p2a: Tapu Koko|Tapu Koko|66\/100\n|-fieldstart|move: Electric Terrain|[from] ability: Electric Surge|[of] p2a: Tapu Koko\n|cant|p1a: Toxapex|par\n|\n|upkeep\n|turn|114\n|l| kevnsanity\n|\n|t:|1660561475\n|move|p2a: Tapu Koko|Calm Mind|p2a: Tapu Koko\n|-boost|p2a: Tapu Koko|spa|1\n|-boost|p2a: Tapu Koko|spd|1\n|move|p1a: Toxapex|Toxic|p2a: Tapu Koko\n|-status|p2a: Tapu Koko|tox\n|\n|-damage|p2a: Tapu Koko|60\/100 tox|[from] psn\n|upkeep\n|turn|115\n|l| Cono de la Correze\n|inactive|kinetic chain has 120 seconds left.\n|inactive|kinetic chain has 90 seconds left.\n|\n|t:|1660561545\n|move|p2a: Tapu Koko|Roost|p2a: Tapu Koko\n|-heal|p2a: Tapu Koko|100\/100 tox\n|-singleturn|p2a: Tapu Koko|move: Roost\n|move|p1a: Toxapex|Scald|p2a: Tapu Koko\n|-damage|p2a: Tapu Koko|86\/100 tox\n|\n|-damage|p2a: Tapu Koko|73\/100 tox|[from] psn\n|upkeep\n|turn|116\n|inactive|kinetic chain has 60 seconds left.\n|\n|t:|1660561597\n|move|p2a: Tapu Koko|Thunderbolt|p1a: Toxapex\n|-supereffective|p1a: Toxapex\n|-damage|p1a: Toxapex|0 fnt\n|faint|p1a: Toxapex\n|\n|-damage|p2a: Tapu Koko|55\/100 tox|[from] psn\n|upkeep\n|\n|t:|1660561600\n|switch|p1a: Dragapult|Dragapult, F|1\/100\n|turn|117\n|\n|t:|1660561620\n|switch|p2a: Toxapex|Toxapex, F|96\/100\n|move|p1a: Dragapult|Shadow Ball|p2a: Toxapex\n|-damage|p2a: Toxapex|72\/100\n|\n|-fieldend|move: Electric Terrain\n|upkeep\n|turn|118\n|\n|t:|1660561637\n|move|p1a: Dragapult|U-turn|p2a: Toxapex\n|-resisted|p2a: Toxapex\n|-damage|p2a: Toxapex|66\/100\n|\n|t:|1660561639\n|switch|p1a: Weavile|Weavile, M|84\/100|[from]move: U-turn\n|move|p2a: Toxapex|Light Screen|p2a: Toxapex\n|-sidestart|p2: LT93OQ Lio|move: Light Screen\n|\n|upkeep\n|turn|119\n|-message|LT93OQ Lio forfeited.\n|\n|win|kinetic chain\n|raw|kinetic chain's rating: 1745 &rarr; <strong>1768<\/strong><br \/>(+23 for winning)\n|raw|LT93OQ Lio's rating: 1790 &rarr; <strong>1767<\/strong><br \/>(-23 for losing)\n|l|\u2606LT93OQ Lio\n|l| nvmvnfjgh\n|l| Evilo42\n|l|\u203dkinetic chain\n|l| Ctannn\n|l| ShowMix\n||Ladder isn't responding, score probably updated but might not have (Request timeout).\n|l| Randomuser04\n|l| LT92PF Raizen\n|l| rheysali\n|l| filon\n|l| chokst du\n|n| injecting heroin|injectingheroin\n|l| injecting heroin\n","uploadtime":1660561741,"views":77,"p1id":"kineticchain","p2id":"lt93oqlio","formatid":"gen8ou","rating":1767,"private":0,"password":null}