{"id":"gen8ou-1291157068","p1":"Clowns_Official","p2":"Kazt_5","format":"gen8ou","log":"|j|\u2606Clowns_Official\n|j|\u2606Kazt_5\n|inactive|Battle timer is ON: inactive players will automatically lose when time's up.\n|t:|1614464859\n|player|p1|Clowns_Official|harlequin|\n|player|p2|Kazt_5|dawn|\n|teamsize|p1|6\n|teamsize|p2|6\n|gametype|singles\n|gen|8\n|tier|[Gen 8] OU\n|rated|Tournament battle\n|clearpoke\n|poke|p1|Pikachu, M|\n|poke|p1|Lycanroc-Dusk, F|\n|poke|p1|Slurpuff, M|\n|poke|p1|Azelf|\n|poke|p1|Kyurem|\n|poke|p1|Tapu Fini|\n|poke|p2|Glastrier|\n|poke|p2|Tyranitar, F|\n|poke|p2|Slowbro, F|\n|poke|p2|Rillaboom, F|\n|poke|p2|Corviknight, M|\n|poke|p2|Zeraora|\n|rule|Sleep Clause Mod: Limit one foe put to sleep\n|rule|Species Clause: Limit one of each Pok\u00e9mon\n|rule|OHKO Clause: OHKO moves are banned\n|rule|Evasion Moves Clause: Evasion moves are banned\n|rule|Endless Battle Clause: Forcing endless battles is banned\n|rule|HP Percentage Mod: HP is shown in percentages\n|rule|Dynamax Clause: You cannot dynamax\n|teampreview\n|j| ollaanparhaita\n|j| ayywantsomegumbro\n|j| HOF69\n|c|\u2606Kazt_5|the one and only clown\n|c| HOF69|meme team!\n|j| assddff\n|c|\u2606Kazt_5|hf\n|c|\u2606Clowns_Official|ut\n|inactive|Clowns_Official has 120 seconds left.\n|inactive|Kazt_5 has 120 seconds left.\n|c|\u2606Clowns_Official|u2\n|j| ezws\n|inactive|Clowns_Official has 90 seconds left.\n|\n|t:|1614464922\n|start\n|switch|p1a: Azelf|Azelf|100\/100\n|switch|p2a: Tyranitar|Tyranitar, F|100\/100\n|-weather|Sandstorm|[from] ability: Sand Stream|[of] p2a: Tyranitar\n|turn|1\n|c|\u2606Kazt_5|this team makes me kinda nervous, it looks so shit that it is probably amazing\n|\n|t:|1614464937\n|move|p1a: Azelf|Stealth Rock|p2a: Tyranitar\n|-sidestart|p2: Kazt_5|move: Stealth Rock\n|move|p2a: Tyranitar|Rock Blast|p1a: Azelf\n|-damage|p1a: Azelf|84\/100\n|-damage|p1a: Azelf|66\/100\n|-damage|p1a: Azelf|47\/100\n|-hitcount|p1a: Azelf|3\n|\n|-weather|Sandstorm|[upkeep]\n|-damage|p1a: Azelf|41\/100|[from] Sandstorm\n|upkeep\n|turn|2\n|\n|t:|1614464943\n|move|p1a: Azelf|Explosion|p2a: Tyranitar\n|-resisted|p2a: Tyranitar\n|-damage|p2a: Tyranitar|71\/100\n|faint|p1a: Azelf\n|move|p2a: Tyranitar|Stealth Rock|p1: Azelf\n|-sidestart|p1: Clowns_Official|move: Stealth Rock\n|\n|-weather|Sandstorm|[upkeep]\n|-heal|p2a: Tyranitar|77\/100|[from] item: Leftovers\n|upkeep\n|c| ezws|clowns official with the rand bats lookin team we stan\n|c|\u2606Clowns_Official|forgot you could put up rocks after an explosion\n|j| Pepinilloroxo\n|c|\u2606Clowns_Official|i was gonna taunt but said fuck it\n|c| ayywantsomegumbro|why rock blast tho\n|c|\u2606Kazt_5|lol\n|\n|t:|1614464972\n|switch|p1a: Lycanroc|Lycanroc-Dusk, F|100\/100\n|-damage|p1a: Lycanroc|88\/100|[from] Stealth Rock\n|turn|3\n|\n|t:|1614464977\n|switch|p1a: God|Pikachu, M|100\/100\n|-damage|p1a: God|88\/100|[from] Stealth Rock\n|switch|p2a: Corviknight|Corviknight, M|100\/100\n|-damage|p2a: Corviknight|88\/100|[from] Stealth Rock\n|-ability|p2a: Corviknight|Pressure\n|\n|-weather|Sandstorm|[upkeep]\n|-damage|p1a: God|82\/100|[from] Sandstorm\n|-heal|p2a: Corviknight|94\/100|[from] item: Leftovers\n|upkeep\n|turn|4\n|c|\u2606Clowns_Official|rock blast is standard\n|c|\u2606Kazt_5|oh shit hes in\n|\n|t:|1614464995\n|-singleturn|p1a: God|move: Focus Punch\n|switch|p2a: Zeraora|Zeraora|100\/100\n|move|p1a: God|Focus Punch|p2a: Zeraora\n|-damage|p2a: Zeraora|11\/100\n|\n|-weather|Sandstorm|[upkeep]\n|-damage|p2a: Zeraora|5\/100|[from] Sandstorm\n|-damage|p1a: God|76\/100|[from] Sandstorm\n|upkeep\n|turn|5\n|c| ayywantsomegumbro|im scared of god\n|c|\u2606Kazt_5|bruh\n|\n|t:|1614465008\n|switch|p1a: Slurpuff|Slurpuff, M|100\/100\n|-damage|p1a: Slurpuff|88\/100|[from] Stealth Rock\n|move|p2a: Zeraora|Close Combat|p1a: Slurpuff\n|-resisted|p1a: Slurpuff\n|-crit|p1a: Slurpuff\n|-damage|p1a: Slurpuff|35\/100\n|-unboost|p2a: Zeraora|def|1\n|-unboost|p2a: Zeraora|spd|1\n|\n|-weather|none\n|upkeep\n|turn|6\n|\n|t:|1614465016\n|move|p2a: Zeraora|Plasma Fists|p1a: Slurpuff\n|-crit|p1a: Slurpuff\n|-damage|p1a: Slurpuff|0 fnt\n|-fieldactivate|move: Ion Deluge\n|faint|p1a: Slurpuff\n|\n|upkeep\n|\n|t:|1614465020\n|switch|p1a: Lycanroc|Lycanroc-Dusk, F|88\/100\n|-damage|p1a: Lycanroc|76\/100|[from] Stealth Rock\n|turn|7\n|\n|t:|1614465028\n|move|p2a: Zeraora|Close Combat|p1a: Lycanroc\n|-supereffective|p1a: Lycanroc\n|-crit|p1a: Lycanroc\n|-damage|p1a: Lycanroc|0 fnt\n|-unboost|p2a: Zeraora|def|1\n|-unboost|p2a: Zeraora|spd|1\n|faint|p1a: Lycanroc\n|\n|upkeep\n|c| ayywantsomegumbro|double crit nice\n|c|\u2606Clowns_Official|uh\n|c|\u2606Clowns_Official|i\n|c|\u2606Clowns_Official|read corv\n|c| HOF69|lol\n|\n|t:|1614465036\n|switch|p1a: Tapu Fini|Tapu Fini|100\/100\n|-damage|p1a: Tapu Fini|88\/100|[from] Stealth Rock\n|-fieldstart|move: Misty Terrain|[from] ability: Misty Surge|[of] p1a: Tapu Fini\n|turn|8\n|c|\u2606Clowns_Official|i fucked u\n|c|\u2606Clowns_Official|shoudlve just\n|c|\u2606Clowns_Official|acceled\n|\n|t:|1614465049\n|move|p2a: Zeraora|Plasma Fists|p1a: Tapu Fini\n|-supereffective|p1a: Tapu Fini\n|-damage|p1a: Tapu Fini|29\/100\n|-fieldactivate|move: Ion Deluge\n|move|p1a: Tapu Fini|Scald|p2a: Zeraora\n|-damage|p2a: Zeraora|0 fnt\n|faint|p2a: Zeraora\n|\n|-heal|p1a: Tapu Fini|35\/100|[from] item: Leftovers\n|upkeep\n|c| ollaanparhaita|zeraora FUCKS\n|c|\u2606Clowns_Official|nvm\n|c|\u2606Kazt_5|fr\n|c|\u2606Clowns_Official|weakass zera\n|c|\u2606Kazt_5|ye\n|c|\u2606Clowns_Official|not even close to\n|\n|t:|1614465064\n|switch|p2a: Rillaboom|Rillaboom, F|100\/100\n|-damage|p2a: Rillaboom|88\/100|[from] Stealth Rock\n|-fieldstart|move: Grassy Terrain|[from] ability: Grassy Surge|[of] p2a: Rillaboom\n|turn|9\n|c|\u2606Clowns_Official|pikachu level of strength\n|\n|t:|1614465072\n|move|p2a: Rillaboom|Grassy Glide|p1a: Tapu Fini\n|-supereffective|p1a: Tapu Fini\n|-damage|p1a: Tapu Fini|0 fnt\n|faint|p1a: Tapu Fini\n|\n|-heal|p2a: Rillaboom|94\/100|[from] Grassy Terrain\n|upkeep\n|\n|t:|1614465074\n|switch|p1a: Kyurem|Kyurem|100\/100\n|-damage|p1a: Kyurem|76\/100|[from] Stealth Rock\n|-ability|p1a: Kyurem|Pressure\n|turn|10\n|\n|t:|1614465082\n|switch|p2a: Tyranitar|Tyranitar, F|77\/100\n|-damage|p2a: Tyranitar|64\/100|[from] Stealth Rock\n|-weather|Sandstorm|[from] ability: Sand Stream|[of] p2a: Tyranitar\n|move|p1a: Kyurem|Focus Blast|p2a: Tyranitar|[miss]\n|-miss|p1a: Kyurem|p2a: Tyranitar\n|\n|-weather|Sandstorm|[upkeep]\n|-damage|p1a: Kyurem|70\/100|[from] Sandstorm\n|-heal|p1a: Kyurem|76\/100|[from] Grassy Terrain\n|-heal|p2a: Tyranitar|71\/100|[from] Grassy Terrain\n|-heal|p2a: Tyranitar|77\/100|[from] item: Leftovers\n|upkeep\n|turn|11\n|\n|t:|1614465089\n|move|p1a: Kyurem|Focus Blast|p2a: Tyranitar|[miss]\n|-miss|p1a: Kyurem|p2a: Tyranitar\n|move|p2a: Tyranitar|Rock Blast|p1a: Kyurem|[miss]\n|-miss|p2a: Tyranitar|p1a: Kyurem\n|\n|-weather|Sandstorm|[upkeep]\n|-damage|p1a: Kyurem|70\/100|[from] Sandstorm\n|-heal|p1a: Kyurem|76\/100|[from] Grassy Terrain\n|-heal|p2a: Tyranitar|83\/100|[from] Grassy Terrain\n|-heal|p2a: Tyranitar|89\/100|[from] item: Leftovers\n|upkeep\n|turn|12\n|c| ayywantsomegumbro|grassy glide is the most spammable move i swear\n|c|\u2606Kazt_5|does that kill?\n|c|\u2606Clowns_Official|no\n|c| ayywantsomegumbro|wow\n|\n|t:|1614465101\n|move|p1a: Kyurem|Focus Blast|p2a: Tyranitar|[miss]\n|-miss|p1a: Kyurem|p2a: Tyranitar\n|move|p2a: Tyranitar|Rock Blast|p1a: Kyurem\n|-supereffective|p1a: Kyurem\n|-damage|p1a: Kyurem|54\/100\n|-supereffective|p1a: Kyurem\n|-damage|p1a: Kyurem|34\/100\n|-supereffective|p1a: Kyurem\n|-damage|p1a: Kyurem|14\/100\n|-hitcount|p1a: Kyurem|3\n|\n|-weather|Sandstorm|[upkeep]\n|-damage|p1a: Kyurem|8\/100|[from] Sandstorm\n|-heal|p1a: Kyurem|14\/100|[from] Grassy Terrain\n|-heal|p2a: Tyranitar|95\/100|[from] Grassy Terrain\n|-heal|p2a: Tyranitar|100\/100|[from] item: Leftovers\n|upkeep\n|turn|13\n|-message|Clowns_Official forfeited.\n|\n|win|Kazt_5\n|n|\u2606Clowns_Official|clownsofficial\n|n|\u2606Kazt_5|kazt5\n|n| ollaanparhaita|ollaanparhaita\n|n| ayywantsomegumbro|ayywantsomegumbro\n|n| HOF69|hof69\n|n| assddff|assddff\n|n| ezws|ezws\n|n| Pepinilloroxo|pepinilloroxo\n","uploadtime":1614465109,"views":16,"p1id":"clownsofficial","p2id":"kazt5","formatid":"gen8ou","rating":0,"private":0,"password":null}