{"id":"gen8ou-1118379917","p1":"ching bitang","p2":"X-Wing Fighter","format":"gen8ou","log":"|j|\u2606ching bitang\n|j|\u2606X-Wing Fighter\n|player|p1|ching bitang|lucas|1466\n|player|p2|X-Wing Fighter|ethan|1509\n|teamsize|p1|6\n|teamsize|p2|6\n|gametype|singles\n|gen|8\n|tier|[Gen 8] OU\n|rated|\n|html|<div class=\"broadcast-blue\"><strong>OU is currently suspecting Dracovish! For information on how to participate check out the <a href=\"https:\/\/www.smogon.com\/forums\/threads\/3664521\/\">suspect thread<\/a>.<\/strong><\/div>\n|clearpoke\n|poke|p1|Excadrill, F|\n|poke|p1|Zeraora|\n|poke|p1|Mew|\n|poke|p1|Terrakion|\n|poke|p1|Dragapult, M|\n|poke|p1|Hydreigon, M|\n|poke|p2|Tyranitar, M|\n|poke|p2|Corviknight, M|\n|poke|p2|Bewear, F|\n|poke|p2|Seismitoad, M|\n|poke|p2|Aegislash, M|\n|poke|p2|Zeraora|\n|rule|Sleep Clause Mod: Limit one foe put to sleep\n|rule|Species Clause: Limit one of each Pok\u00e9mon\n|rule|OHKO Clause: OHKO moves are banned\n|rule|Evasion Moves Clause: Evasion moves are banned\n|rule|Endless Battle Clause: Forcing endless battles is banned\n|rule|HP Percentage Mod: HP is shown in percentages\n|rule|Dynamax Clause: You cannot dynamax\n|teampreview\n|inactive|Battle timer is ON: inactive players will automatically lose when time's up. (requested by ching bitang)\n|\n|start\n|switch|p1a: Zeraora|Zeraora|100\/100\n|switch|p2a: Tyranitar|Tyranitar, M|100\/100\n|-weather|Sandstorm|[from] ability: Sand Stream|[of] p2a: Tyranitar\n|turn|1\n|\n|switch|p2a: Bewear|Bewear, F|100\/100\n|move|p1a: Zeraora|Substitute|p1a: Zeraora\n|-start|p1a: Zeraora|Substitute\n|-damage|p1a: Zeraora|76\/100\n|\n|-weather|Sandstorm|[upkeep]\n|-damage|p1a: Zeraora|70\/100|[from] Sandstorm\n|-damage|p2a: Bewear|94\/100|[from] Sandstorm\n|-heal|p1a: Zeraora|76\/100|[from] item: Leftovers\n|upkeep\n|turn|2\n|\n|move|p1a: Zeraora|Thunderbolt|p2a: Bewear\n|-damage|p2a: Bewear|51\/100\n|-status|p2a: Bewear|par\n|move|p2a: Bewear|Drain Punch|p1a: Zeraora\n|-end|p1a: Zeraora|Substitute\n|-heal|p2a: Bewear|60\/100 par|[from] drain|[of] p1a: Zeraora\n|\n|-weather|Sandstorm|[upkeep]\n|-damage|p1a: Zeraora|70\/100|[from] Sandstorm\n|-damage|p2a: Bewear|54\/100 par|[from] Sandstorm\n|-heal|p1a: Zeraora|76\/100|[from] item: Leftovers\n|upkeep\n|turn|3\n|\n|switch|p1a: Dragapult|Dragapult, M|100\/100\n|move|p2a: Bewear|Earthquake|p1a: Dragapult\n|-crit|p1a: Dragapult\n|-damage|p1a: Dragapult|36\/100\n|\n|-weather|Sandstorm|[upkeep]\n|-damage|p1a: Dragapult|30\/100|[from] Sandstorm\n|-damage|p2a: Bewear|48\/100 par|[from] Sandstorm\n|upkeep\n|turn|4\n|\n|switch|p2a: Tyranitar|Tyranitar, M|100\/100\n|move|p1a: Dragapult|Dragon Darts|p2a: Tyranitar\n|-damage|p2a: Tyranitar|65\/100\n|-anim|p1a: Dragapult|Dragon Darts|p2a: Tyranitar\n|-damage|p2a: Tyranitar|33\/100\n|-damage|p1a: Dragapult|20\/100|[from] item: Life Orb\n|\n|-weather|Sandstorm|[upkeep]\n|-damage|p1a: Dragapult|14\/100|[from] Sandstorm\n|upkeep\n|turn|5\n|\n|switch|p2a: Aegislash|Aegislash, M|100\/100\n|move|p1a: Dragapult|Steel Wing|p2a: Aegislash\n|-resisted|p2a: Aegislash\n|-damage|p2a: Aegislash|83\/100\n|-damage|p1a: Dragapult|4\/100|[from] item: Life Orb\n|\n|-weather|none\n|upkeep\n|turn|6\n|\n|switch|p1a: Hydreigon|Hydreigon, M|100\/100\n|-formechange|p2a: Aegislash|Aegislash-Blade||[from] ability: Stance Change\n|move|p2a: Aegislash|Shadow Sneak|p1a: Hydreigon\n|-resisted|p1a: Hydreigon\n|-damage|p1a: Hydreigon|91\/100\n|\n|upkeep\n|turn|7\n|\n|switch|p2a: Corviknight|Corviknight, M|100\/100\n|-ability|p2a: Corviknight|Pressure\n|move|p1a: Hydreigon|U-turn|p2a: Corviknight\n|-resisted|p2a: Corviknight\n|-damage|p2a: Corviknight|98\/100\n|\n|switch|p1a: Zeraora|Zeraora|76\/100|[from]move: U-turn\n|\n|-heal|p1a: Zeraora|82\/100|[from] item: Leftovers\n|-heal|p2a: Corviknight|100\/100|[from] item: Leftovers\n|upkeep\n|turn|8\n|\n|switch|p2a: Seismitoad|Seismitoad, M|100\/100\n|move|p1a: Zeraora|Substitute|p1a: Zeraora\n|-start|p1a: Zeraora|Substitute\n|-damage|p1a: Zeraora|57\/100\n|\n|-heal|p1a: Zeraora|63\/100|[from] item: Leftovers\n|upkeep\n|turn|9\n|\n|switch|p2a: Bewear|Bewear, F|48\/100 par\n|move|p1a: Zeraora|Grass Knot|p2a: Bewear\n|-damage|p2a: Bewear|32\/100 par\n|-damage|p1a: Zeraora|46\/100|[from] item: Rocky Helmet|[of] p2a: Bewear\n|\n|-heal|p1a: Zeraora|52\/100|[from] item: Leftovers\n|upkeep\n|turn|10\n|\n|move|p1a: Zeraora|Thunderbolt|p2a: Bewear\n|-damage|p2a: Bewear|0 fnt\n|faint|p2a: Bewear\n|\n|-heal|p1a: Zeraora|58\/100|[from] item: Leftovers\n|upkeep\n|\n|switch|p2a: Aegislash|Aegislash, M|83\/100\n|turn|11\n|\n|move|p1a: Zeraora|Calm Mind|p1a: Zeraora\n|-boost|p1a: Zeraora|spa|1\n|-boost|p1a: Zeraora|spd|1\n|-formechange|p2a: Aegislash|Aegislash-Blade||[from] ability: Stance Change\n|move|p2a: Aegislash|Shadow Ball|p1a: Zeraora\n|-end|p1a: Zeraora|Substitute\n|\n|-heal|p1a: Zeraora|64\/100|[from] item: Leftovers\n|upkeep\n|turn|12\n|\n|switch|p2a: Zeraora|Zeraora|100\/100\n|move|p1a: Zeraora|Thunderbolt|p2a: Zeraora\n|-immune|p2a: Zeraora|[from] ability: Volt Absorb\n|\n|-heal|p1a: Zeraora|70\/100|[from] item: Leftovers\n|upkeep\n|turn|13\n|\n|switch|p1a: Mew|Mew|100\/100\n|move|p2a: Zeraora|Calm Mind|p2a: Zeraora\n|-boost|p2a: Zeraora|spa|1\n|-boost|p2a: Zeraora|spd|1\n|\n|upkeep\n|turn|14\n|\n|move|p2a: Zeraora|Thunderbolt|p1a: Mew\n|-damage|p1a: Mew|43\/100\n|move|p1a: Mew|Psychic Fangs|p2a: Zeraora\n|-damage|p2a: Zeraora|31\/100\n|-damage|p1a: Mew|33\/100|[from] item: Life Orb\n|\n|-heal|p2a: Zeraora|37\/100|[from] item: Leftovers\n|upkeep\n|turn|15\n|\n|move|p2a: Zeraora|Thunderbolt|p1a: Mew\n|-damage|p1a: Mew|0 fnt\n|faint|p1a: Mew\n|\n|-heal|p2a: Zeraora|43\/100|[from] item: Leftovers\n|upkeep\n|\n|switch|p1a: Excadrill|Excadrill, F|100\/100\n|-ability|p1a: Excadrill|Mold Breaker\n|turn|16\n|\n|move|p1a: Excadrill|Earthquake|p2a: Zeraora\n|-supereffective|p2a: Zeraora\n|-damage|p2a: Zeraora|0 fnt\n|faint|p2a: Zeraora\n|\n|upkeep\n|\n|switch|p2a: Corviknight|Corviknight, M|100\/100\n|-ability|p2a: Corviknight|Pressure\n|turn|17\n|\n|switch|p1a: Zeraora|Zeraora|70\/100\n|switch|p2a: Aegislash|Aegislash, M|83\/100\n|\n|-heal|p1a: Zeraora|76\/100|[from] item: Leftovers\n|upkeep\n|turn|18\n|\n|move|p1a: Zeraora|Substitute|p1a: Zeraora\n|-start|p1a: Zeraora|Substitute\n|-damage|p1a: Zeraora|51\/100\n|-formechange|p2a: Aegislash|Aegislash-Blade||[from] ability: Stance Change\n|move|p2a: Aegislash|Shadow Ball|p1a: Zeraora\n|-end|p1a: Zeraora|Substitute\n|\n|-heal|p1a: Zeraora|57\/100|[from] item: Leftovers\n|upkeep\n|turn|19\n|\n|move|p1a: Zeraora|Thunderbolt|p2a: Aegislash\n|-damage|p2a: Aegislash|0 fnt\n|faint|p2a: Aegislash\n|\n|-heal|p1a: Zeraora|63\/100|[from] item: Leftovers\n|upkeep\n|-message|X-Wing Fighter forfeited.\n|\n|win|ching bitang\n|l|\u2606X-Wing Fighter\n||Ladder (probably) updated, but score could not be retrieved (Response not received).\n","uploadtime":1590018668,"views":11,"p1id":"chingbitang","p2id":"xwingfighter","formatid":"gen8ou","rating":0,"private":0,"password":null}