{"id":"gen8ou-1163230026","p1":"GaijinEagle","p2":"TheFlexpert","format":"gen8ou","log":"|j|\u2606GaijinEagle\n|j|\u2606TheFlexpert\n|t:|1596564614\n|player|p1|GaijinEagle|102|1184\n|player|p2|TheFlexpert|257|1212\n|teamsize|p1|6\n|teamsize|p2|6\n|gametype|singles\n|gen|8\n|tier|[Gen 8] OU\n|rated|\n|html|<div class=\"broadcast-blue\"><strong>OU is currently suspecting Magearna! For information on how to participate check out the <a href=\"https:\/\/www.smogon.com\/forums\/threads\/3667669\/\">suspect thread<\/a>.<\/strong><\/div>\n|clearpoke\n|poke|p1|Shuckle, M|\n|poke|p1|Urshifu-*, F|\n|poke|p1|Weavile, F|\n|poke|p1|Alakazam, F|\n|poke|p1|Cinderace, F|\n|poke|p1|Conkeldurr, F|\n|poke|p2|Scizor, M|\n|poke|p2|Kommo-o, F|\n|poke|p2|Corviknight, F|\n|poke|p2|Mamoswine, M|\n|poke|p2|Volcarona, F|\n|poke|p2|Hawlucha, F|\n|rule|Sleep Clause Mod: Limit one foe put to sleep\n|rule|Species Clause: Limit one of each Pok\u00e9mon\n|rule|OHKO Clause: OHKO moves are banned\n|rule|Evasion Moves Clause: Evasion moves are banned\n|rule|Endless Battle Clause: Forcing endless battles is banned\n|rule|HP Percentage Mod: HP is shown in percentages\n|rule|Dynamax Clause: You cannot dynamax\n|teampreview\n|inactive|Battle timer is ON: inactive players will automatically lose when time's up. (requested by GaijinEagle)\n|inactive|GaijinEagle has 120 seconds left.\n|inactive|GaijinEagle has 90 seconds left.\n|inactive|GaijinEagle has 60 seconds left.\n|c|\u2606TheFlexpert|how r u gonna instantly turn on the timer then bail\n|inactive|GaijinEagle has 30 seconds left.\n|inactive|GaijinEagle has 20 seconds left.\n|inactive|GaijinEagle has 15 seconds left.\n|inactiveoff|Battle timer is now OFF.\n|\n|t:|1596564758\n|start\n|switch|p1a: Shuckle|Shuckle, M|100\/100\n|switch|p2a: Volcarona|Volcarona, F|100\/100\n|turn|1\n|inactive|Battle timer is ON: inactive players will automatically lose when time's up. (requested by TheFlexpert)\n|\n|t:|1596564776\n|move|p2a: Volcarona|Quiver Dance|p2a: Volcarona\n|-boost|p2a: Volcarona|spa|1\n|-boost|p2a: Volcarona|spd|1\n|-boost|p2a: Volcarona|spe|1\n|move|p1a: Shuckle|Final Gambit|p2a: Volcarona\n|-damage|p2a: Volcarona|22\/100\n|faint|p1a: Shuckle\n|\n|upkeep\n|\n|t:|1596564788\n|switch|p1a: Urshifu|Urshifu, F|100\/100\n|turn|2\n|\n|t:|1596564795\n|switch|p2a: Hawlucha|Hawlucha, F|100\/100\n|move|p1a: Urshifu|Sucker Punch||[still]\n|-fail|p1a: Urshifu\n|\n|upkeep\n|turn|3\n|inactive|GaijinEagle has 90 seconds left.\n|\n|t:|1596564819\n|switch|p1a: Cinderace|Cinderace, F|100\/100\n|move|p2a: Hawlucha|Swords Dance|p2a: Hawlucha\n|-boost|p2a: Hawlucha|atk|2\n|\n|upkeep\n|turn|4\n|\n|t:|1596564823\n|move|p1a: Cinderace|Zen Headbutt|p2a: Hawlucha|[miss]\n|-start|p1a: Cinderace|typechange|Psychic|[from] ability: Libero\n|-miss|p1a: Cinderace|p2a: Hawlucha\n|move|p2a: Hawlucha|Sky Attack||[still]\n|-prepare|p2a: Hawlucha|Sky Attack\n|-enditem|p2a: Hawlucha|Power Herb\n|-anim|p2a: Hawlucha|Sky Attack|p1a: Cinderace\n|-damage|p1a: Cinderace|0 fnt\n|faint|p1a: Cinderace\n|\n|upkeep\n|c|\u2606TheFlexpert|sry\n|\n|t:|1596564835\n|switch|p1a: Weavile|Weavile, F|100\/100\n|-ability|p1a: Weavile|Pressure\n|turn|5\n|\n|t:|1596564844\n|move|p2a: Hawlucha|Acrobatics|p1a: Weavile\n|-damage|p1a: Weavile|0 fnt\n|faint|p1a: Weavile\n|\n|upkeep\n|inactive|GaijinEagle has 90 seconds left.\n|inactiveoff|Battle timer is now OFF.\n|\n|t:|1596564873\n|switch|p1a: Conkeldurr|Conkeldurr, F|100\/100\n|turn|6\n|\n|t:|1596564880\n|move|p2a: Hawlucha|Acrobatics|p1a: Conkeldurr\n|-supereffective|p1a: Conkeldurr\n|-damage|p1a: Conkeldurr|0 fnt\n|faint|p1a: Conkeldurr\n|\n|upkeep\n|\n|t:|1596564887\n|switch|p1a: Urshifu|Urshifu, F|100\/100\n|turn|7\n|c|\u2606TheFlexpert|if zam was sash that was how u got rid of this\n|\n|t:|1596564900\n|move|p1a: Urshifu|Sucker Punch|p2a: Hawlucha\n|-resisted|p2a: Hawlucha\n|-damage|p2a: Hawlucha|63\/100\n|-damage|p1a: Urshifu|91\/100|[from] item: Life Orb\n|move|p2a: Hawlucha|Acrobatics|p1a: Urshifu\n|-supereffective|p1a: Urshifu\n|-damage|p1a: Urshifu|0 fnt\n|faint|p1a: Urshifu\n|\n|upkeep\n|\n|t:|1596564903\n|switch|p1a: Alakazam|Alakazam, F|100\/100\n|turn|8\n|\n|t:|1596564909\n|move|p2a: Hawlucha|Acrobatics|p1a: Alakazam\n|-enditem|p1a: Alakazam|Focus Sash\n|-damage|p1a: Alakazam|1\/100\n|move|p1a: Alakazam|Psychic|p2a: Hawlucha\n|-supereffective|p2a: Hawlucha\n|-damage|p2a: Hawlucha|0 fnt\n|faint|p2a: Hawlucha\n|\n|upkeep\n|c|\u2606TheFlexpert|dude\n|c|\u2606TheFlexpert|you threw xD\n|c|\u2606GaijinEagle|lol\n|c|\u2606TheFlexpert|it happens it happens\n|\n|t:|1596564927\n|switch|p2a: Scizor|Scizor, M|100\/100\n|turn|9\n|c|\u2606TheFlexpert|gg\n|c|\u2606GaijinEagle|gg\n|\n|t:|1596564937\n|move|p2a: Scizor|Bullet Punch|p1a: Alakazam\n|-damage|p1a: Alakazam|0 fnt\n|faint|p1a: Alakazam\n|\n|win|TheFlexpert\n|l|\u2606TheFlexpert\n","uploadtime":1596564948,"views":25,"p1id":"gaijineagle","p2id":"theflexpert","formatid":"gen8ou","rating":0,"private":0,"password":null}