{"id":"gen8ou-1579574985","p1":"chokst du","p2":"Adel19","format":"gen8ou","log":"|j|\u2606chokst du\n|j|\u2606Adel19\n|t:|1653120988\n|gametype|singles\n|player|p1|chokst du|266|1850\n|player|p2|Adel19|265|1806\n|teamsize|p1|6\n|teamsize|p2|6\n|gen|8\n|tier|[Gen 8] OU\n|rated|\n|rule|Sleep Clause Mod: Limit one foe put to sleep\n|rule|Species Clause: Limit one of each Pok\u00e9mon\n|rule|OHKO Clause: OHKO moves are banned\n|rule|Evasion Moves Clause: Evasion moves are banned\n|rule|Endless Battle Clause: Forcing endless battles is banned\n|rule|HP Percentage Mod: HP is shown in percentages\n|rule|Dynamax Clause: You cannot dynamax\n|clearpoke\n|poke|p1|Urshifu-*, F|\n|poke|p1|Slowking-Galar, M|\n|poke|p1|Dragapult, F|\n|poke|p1|Corviknight, F|\n|poke|p1|Landorus-Therian, M|\n|poke|p1|Melmetal|\n|poke|p2|Landorus-Therian, M|\n|poke|p2|Heatran, M|\n|poke|p2|Zeraora|\n|poke|p2|Kartana|\n|poke|p2|Tapu Fini|\n|poke|p2|Mew|\n|teampreview\n|\n|t:|1653121004\n|start\n|switch|p1a: Melmetal|Melmetal|100\/100\n|switch|p2a: Mew|Mew|100\/100\n|turn|1\n|\n|t:|1653121012\n|move|p2a: Mew|Flamethrower|p1a: Melmetal\n|-supereffective|p1a: Melmetal\n|-damage|p1a: Melmetal|72\/100\n|move|p1a: Melmetal|Double Iron Bash|p2a: Mew\n|-damage|p2a: Mew|61\/100\n|-damage|p2a: Mew|23\/100\n|-hitcount|p2a: Mew|2\n|\n|upkeep\n|turn|2\n|\n|t:|1653121020\n|move|p2a: Mew|Earth Power|p1a: Melmetal\n|-supereffective|p1a: Melmetal\n|-damage|p1a: Melmetal|41\/100\n|move|p1a: Melmetal|Double Iron Bash|p2a: Mew\n|-damage|p2a: Mew|0 fnt\n|faint|p2a: Mew\n|-hitcount|p2: Mew|1\n|\n|upkeep\n|\n|t:|1653121026\n|switch|p2a: Heatran|Heatran, M|100\/100\n|turn|3\n|\n|t:|1653121029\n|move|p2a: Heatran|Stealth Rock|p1a: Melmetal\n|-sidestart|p1: chokst du|move: Stealth Rock\n|move|p1a: Melmetal|Earthquake|p2a: Heatran\n|-supereffective|p2a: Heatran\n|-damage|p2a: Heatran|0 fnt\n|faint|p2a: Heatran\n|\n|upkeep\n|\n|t:|1653121031\n|switch|p2a: Landorus|Landorus-Therian, M|100\/100\n|-ability|p2a: Landorus|Intimidate|boost\n|-unboost|p1a: Melmetal|atk|1\n|turn|4\n|\n|t:|1653121034\n|move|p2a: Landorus|Earthquake|p1a: Melmetal\n|-supereffective|p1a: Melmetal\n|-damage|p1a: Melmetal|0 fnt\n|faint|p1a: Melmetal\n|\n|upkeep\n|\n|t:|1653121039\n|switch|p1a: Corviknight|Corviknight, F|100\/100\n|-damage|p1a: Corviknight|88\/100|[from] Stealth Rock\n|-ability|p1a: Corviknight|Pressure\n|turn|5\n|\n|t:|1653121042\n|move|p2a: Landorus|Swords Dance|p2a: Landorus\n|-boost|p2a: Landorus|atk|2\n|move|p1a: Corviknight|Defog|p2a: Landorus\n|-unboost|p2a: Landorus|evasion|1\n|-sideend|p1: chokst du|Stealth Rock|[from] move: Defog|[of] p1a: Corviknight\n|\n|upkeep\n|turn|6\n|\n|t:|1653121045\n|move|p2a: Landorus|Rock Polish|p2a: Landorus\n|-boost|p2a: Landorus|spe|2\n|move|p1a: Corviknight|U-turn|p2a: Landorus\n|-resisted|p2a: Landorus\n|-damage|p2a: Landorus|92\/100\n|\n|t:|1653121049\n|switch|p1a: Landorus|Landorus-Therian, M|100\/100|[from]move: U-turn\n|-ability|p1a: Landorus|Intimidate|boost\n|-unboost|p2a: Landorus|atk|1\n|\n|upkeep\n|turn|7\n|\n|t:|1653121052\n|move|p2a: Landorus|Swords Dance|p2a: Landorus\n|-boost|p2a: Landorus|atk|2\n|move|p1a: Landorus|Knock Off|p2a: Landorus\n|-damage|p2a: Landorus|55\/100\n|-enditem|p2a: Landorus|Lum Berry|[from] move: Knock Off|[of] p1a: Landorus\n|\n|upkeep\n|turn|8\n|j| hendrxxxstan\n|\n|t:|1653121057\n|move|p2a: Landorus|Stone Edge|p1a: Landorus\n|-damage|p1a: Landorus|35\/100\n|move|p1a: Landorus|U-turn|p2a: Landorus\n|-resisted|p2a: Landorus\n|-damage|p2a: Landorus|43\/100\n|\n|t:|1653121059\n|switch|p1a: Urshifu|Urshifu-Rapid-Strike, F|100\/100|[from]move: U-turn\n|\n|upkeep\n|turn|9\n|\n|t:|1653121061\n|move|p1a: Urshifu|Aqua Jet|p2a: Landorus\n|-supereffective|p2a: Landorus\n|-damage|p2a: Landorus|0 fnt\n|faint|p2a: Landorus\n|\n|upkeep\n|\n|t:|1653121064\n|switch|p2a: Tapu Fini|Tapu Fini|100\/100\n|-fieldstart|move: Misty Terrain|[from] ability: Misty Surge|[of] p2a: Tapu Fini\n|turn|10\n|\n|t:|1653121067\n|switch|p1a: Slowking|Slowking-Galar, M|100\/100\n|move|p2a: Tapu Fini|Calm Mind|p2a: Tapu Fini\n|-boost|p2a: Tapu Fini|spa|1\n|-boost|p2a: Tapu Fini|spd|1\n|\n|upkeep\n|turn|11\n|\n|t:|1653121069\n|move|p2a: Tapu Fini|Calm Mind|p2a: Tapu Fini\n|-boost|p2a: Tapu Fini|spa|1\n|-boost|p2a: Tapu Fini|spd|1\n|move|p1a: Slowking|Sludge Bomb|p2a: Tapu Fini\n|-supereffective|p2a: Tapu Fini\n|-damage|p2a: Tapu Fini|71\/100\n|\n|-heal|p2a: Tapu Fini|77\/100|[from] item: Leftovers\n|upkeep\n|turn|12\n|\n|t:|1653121075\n|move|p2a: Tapu Fini|Calm Mind|p2a: Tapu Fini\n|-boost|p2a: Tapu Fini|spa|1\n|-boost|p2a: Tapu Fini|spd|1\n|move|p1a: Slowking|Sludge Bomb|p2a: Tapu Fini\n|-supereffective|p2a: Tapu Fini\n|-damage|p2a: Tapu Fini|54\/100\n|\n|-heal|p2a: Tapu Fini|60\/100|[from] item: Leftovers\n|upkeep\n|turn|13\n|\n|t:|1653121080\n|move|p2a: Tapu Fini|Calm Mind|p2a: Tapu Fini\n|-boost|p2a: Tapu Fini|spa|1\n|-boost|p2a: Tapu Fini|spd|1\n|move|p1a: Slowking|Future Sight|p2a: Tapu Fini\n|-start|p1a: Slowking|move: Future Sight\n|\n|-heal|p2a: Tapu Fini|66\/100|[from] item: Leftovers\n|upkeep\n|turn|14\n|\n|t:|1653121089\n|move|p2a: Tapu Fini|Surf|p1a: Slowking\n|-damage|p1a: Slowking|59\/100\n|move|p1a: Slowking|Sludge Bomb|p2a: Tapu Fini\n|-supereffective|p2a: Tapu Fini\n|-damage|p2a: Tapu Fini|45\/100\n|\n|-heal|p2a: Tapu Fini|51\/100|[from] item: Leftovers\n|-fieldend|Misty Terrain\n|upkeep\n|turn|15\n|\n|t:|1653121092\n|move|p2a: Tapu Fini|Surf|p1a: Slowking\n|-damage|p1a: Slowking|16\/100\n|move|p1a: Slowking|Sludge Bomb|p2a: Tapu Fini\n|-supereffective|p2a: Tapu Fini\n|-damage|p2a: Tapu Fini|31\/100\n|\n|-end|p2a: Tapu Fini|move: Future Sight\n|-damage|p2a: Tapu Fini|18\/100\n|-heal|p2a: Tapu Fini|24\/100|[from] item: Leftovers\n|upkeep\n|turn|16\n|j| Nestohr\n|\n|t:|1653121095\n|move|p2a: Tapu Fini|Surf|p1a: Slowking\n|-damage|p1a: Slowking|0 fnt\n|faint|p1a: Slowking\n|\n|-heal|p2a: Tapu Fini|30\/100|[from] item: Leftovers\n|upkeep\n|\n|t:|1653121097\n|switch|p1a: Urshifu|Urshifu-Rapid-Strike, F|100\/100\n|turn|17\n|\n|t:|1653121100\n|move|p1a: Urshifu|Close Combat|p2a: Tapu Fini\n|-resisted|p2a: Tapu Fini\n|-crit|p2a: Tapu Fini\n|-damage|p2a: Tapu Fini|0 fnt\n|-unboost|p1a: Urshifu|def|1\n|-unboost|p1a: Urshifu|spd|1\n|faint|p2a: Tapu Fini\n|\n|upkeep\n|\n|t:|1653121103\n|switch|p2a: Kartana|Kartana|100\/100\n|turn|18\n|\n|t:|1653121107\n|move|p2a: Kartana|Swords Dance|p2a: Kartana\n|-boost|p2a: Kartana|atk|2\n|move|p1a: Urshifu|Close Combat|p2a: Kartana\n|-supereffective|p2a: Kartana\n|-damage|p2a: Kartana|0 fnt\n|-unboost|p1a: Urshifu|def|1\n|-unboost|p1a: Urshifu|spd|1\n|faint|p2a: Kartana\n|\n|upkeep\n|-message|Adel19 forfeited.\n|\n|win|chokst du\n|raw|chokst du's rating: 1850 &rarr; <strong>1867<\/strong><br \/>(+17 for winning)\n|raw|Adel19's rating: 1806 &rarr; <strong>1789<\/strong><br \/>(-17 for losing)\n|l|\u2606Adel19\n|l| Nestohr\n|l| hendrxxxstan\n|player|p1|chokst du|266\n","uploadtime":1653122136,"views":75,"p1id":"chokstdu","p2id":"adel19","formatid":"gen8ou","rating":1789,"private":0,"password":null}