{"id":"gen8ou-1649947888","p1":"minimax_ai","p2":"Darkman64","format":"gen8ou","log":"|j|\u2606minimax_ai\n|j|\u2606Darkman64\n|t:|1661651987\n|gametype|singles\n|player|p1|minimax_ai|lusamine-nihilego|1563\n|player|p2|Darkman64|juan|1593\n|teamsize|p1|6\n|teamsize|p2|6\n|gen|8\n|tier|[Gen 8] OU\n|rated|\n|rule|Sleep Clause Mod: Limit one foe put to sleep\n|rule|Species Clause: Limit one of each Pok\u00e9mon\n|rule|OHKO Clause: OHKO moves are banned\n|rule|Evasion Items Clause: Evasion items are banned\n|rule|Evasion Moves Clause: Evasion moves are banned\n|rule|Endless Battle Clause: Forcing endless battles is banned\n|rule|HP Percentage Mod: HP is shown in percentages\n|rule|Dynamax Clause: You cannot dynamax\n|clearpoke\n|poke|p1|Rotom-Wash|\n|poke|p1|Weavile, F|\n|poke|p1|Landorus-Therian, M|\n|poke|p1|Heatran, M|\n|poke|p1|Tangrowth, M|\n|poke|p1|Melmetal|\n|poke|p2|Weavile, F|\n|poke|p2|Slowbro, M|\n|poke|p2|Landorus-Therian, M|\n|poke|p2|Urshifu-*, M|\n|poke|p2|Ferrothorn, M|\n|poke|p2|Clefable, M|\n|teampreview\n|c|\u2606minimax_ai|hf\n|inactive|Battle timer is ON: inactive players will automatically lose when time's up. (requested by minimax_ai)\n|\n|t:|1661651992\n|start\n|switch|p1a: landorustherian|Landorus-Therian, M|100\/100\n|switch|p2a: Weavile|Weavile, F|100\/100\n|-ability|p2a: Weavile|Pressure\n|-ability|p1a: landorustherian|Intimidate|boost\n|-unboost|p2a: Weavile|atk|1\n|turn|1\n|\n|t:|1661652008\n|switch|p1a: Tangrowth|Tangrowth, M|100\/100\n|move|p2a: Weavile|Triple Axel|p1a: Tangrowth\n|-supereffective|p1a: Tangrowth\n|-damage|p1a: Tangrowth|91\/100\n|-damage|p2a: Weavile|84\/100|[from] item: Rocky Helmet|[of] p1a: Tangrowth\n|-supereffective|p1a: Tangrowth\n|-damage|p1a: Tangrowth|72\/100\n|-damage|p2a: Weavile|68\/100|[from] item: Rocky Helmet|[of] p1a: Tangrowth\n|-supereffective|p1a: Tangrowth\n|-damage|p1a: Tangrowth|40\/100\n|-damage|p2a: Weavile|51\/100|[from] item: Rocky Helmet|[of] p1a: Tangrowth\n|-hitcount|p1a: Tangrowth|3\n|\n|upkeep\n|turn|2\n|\n|t:|1661652013\n|move|p2a: Weavile|Triple Axel|p1a: Tangrowth\n|-supereffective|p1a: Tangrowth\n|-damage|p1a: Tangrowth|29\/100\n|-damage|p2a: Weavile|35\/100|[from] item: Rocky Helmet|[of] p1a: Tangrowth\n|-supereffective|p1a: Tangrowth\n|-damage|p1a: Tangrowth|10\/100\n|-damage|p2a: Weavile|19\/100|[from] item: Rocky Helmet|[of] p1a: Tangrowth\n|-supereffective|p1a: Tangrowth\n|-damage|p1a: Tangrowth|0 fnt\n|-damage|p2a: Weavile|2\/100|[from] item: Rocky Helmet|[of] p1a: Tangrowth\n|faint|p1a: Tangrowth\n|-hitcount|p1: Tangrowth|3\n|\n|upkeep\n|\n|t:|1661652013\n|switch|p1a: Heatran|Heatran, M|100\/100\n|-item|p1a: Heatran|Air Balloon\n|turn|3\n|\n|t:|1661652018\n|switch|p2a: Landorus|Landorus-Therian, M|100\/100\n|-ability|p2a: Landorus|Intimidate|boost\n|-unboost|p1a: Heatran|atk|1\n|move|p1a: Heatran|Eruption|p2a: Landorus\n|-damage|p2a: Landorus|38\/100\n|\n|-heal|p2a: Landorus|44\/100|[from] item: Leftovers\n|upkeep\n|turn|4\n|\n|t:|1661652022\n|switch|p2a: Slowbro|Slowbro, M|100\/100\n|move|p1a: Heatran|Eruption|p2a: Slowbro\n|-resisted|p2a: Slowbro\n|-damage|p2a: Slowbro|63\/100\n|\n|upkeep\n|turn|5\n|\n|t:|1661652025\n|move|p1a: Heatran|Stealth Rock|p2a: Slowbro\n|-sidestart|p2: Darkman64|move: Stealth Rock\n|move|p2a: Slowbro|Teleport|p2a: Slowbro\n|\n|t:|1661652026\n|switch|p2a: Urshifu|Urshifu-Rapid-Strike, M|100\/100|[from]move: Teleport\n|-damage|p2a: Urshifu|94\/100|[from] Stealth Rock\n|\n|upkeep\n|turn|6\n|\n|t:|1661652031\n|switch|p1a: rotomwash|Rotom-Wash|100\/100\n|move|p2a: Urshifu|Close Combat|p1a: rotomwash\n|-damage|p1a: rotomwash|3\/100\n|-unboost|p2a: Urshifu|def|1\n|-unboost|p2a: Urshifu|spd|1\n|\n|-heal|p1a: rotomwash|9\/100|[from] item: Leftovers\n|upkeep\n|turn|7\n|\n|t:|1661652035\n|move|p2a: Urshifu|Close Combat|p1a: rotomwash\n|-damage|p1a: rotomwash|0 fnt\n|-unboost|p2a: Urshifu|def|1\n|-unboost|p2a: Urshifu|spd|1\n|faint|p1a: rotomwash\n|\n|upkeep\n|\n|t:|1661652035\n|switch|p1a: Weavile|Weavile, F|100\/100\n|-ability|p1a: Weavile|Pressure\n|turn|8\n|\n|t:|1661652040\n|switch|p2a: Weavile|Weavile, F|2\/100\n|-damage|p2a: Weavile|0 fnt|[from] Stealth Rock\n|faint|p2a: Weavile\n|move|p1a: Weavile|Knock Off|p2: Weavile|[notarget]\n|-fail|p1a: Weavile\n|\n|upkeep\n|\n|t:|1661652044\n|switch|p2a: Urshifu|Urshifu-Rapid-Strike, M|94\/100\n|-damage|p2a: Urshifu|88\/100|[from] Stealth Rock\n|turn|9\n|\n|t:|1661652045\n|move|p1a: Weavile|Knock Off|p2a: Urshifu\n|-resisted|p2a: Urshifu\n|-damage|p2a: Urshifu|53\/100\n|-enditem|p2a: Urshifu|Choice Band|[from] move: Knock Off|[of] p1a: Weavile\n|move|p2a: Urshifu|Surging Strikes|p1a: Weavile\n|-crit|p1a: Weavile\n|-damage|p1a: Weavile|63\/100\n|-crit|p1a: Weavile\n|-damage|p1a: Weavile|29\/100\n|-crit|p1a: Weavile\n|-damage|p1a: Weavile|0 fnt\n|faint|p1a: Weavile\n|-hitcount|p1: Weavile|3\n|\n|upkeep\n|\n|t:|1661652045\n|switch|p1a: Melmetal|Melmetal|100\/100\n|turn|10\n|\n|t:|1661652048\n|move|p2a: Urshifu|Close Combat|p1a: Melmetal\n|-supereffective|p1a: Melmetal\n|-damage|p1a: Melmetal|32\/100\n|-unboost|p2a: Urshifu|def|1\n|-unboost|p2a: Urshifu|spd|1\n|move|p1a: Melmetal|Thunder Punch|p2a: Urshifu\n|-supereffective|p2a: Urshifu\n|-damage|p2a: Urshifu|0 fnt\n|faint|p2a: Urshifu\n|\n|upkeep\n|\n|t:|1661652051\n|switch|p2a: Slowbro|Slowbro, M|97\/100\n|turn|11\n|\n|t:|1661652052\n|move|p1a: Melmetal|Earthquake|p2a: Slowbro\n|-damage|p2a: Slowbro|75\/100\n|move|p2a: Slowbro|Scald|p1a: Melmetal\n|-crit|p1a: Melmetal\n|-damage|p1a: Melmetal|9\/100\n|\n|upkeep\n|turn|12\n|\n|t:|1661652068\n|switch|p2a: Ferrothorn|Ferrothorn, M|100\/100\n|-damage|p2a: Ferrothorn|94\/100|[from] Stealth Rock\n|move|p1a: Melmetal|Thunder Punch|p2a: Ferrothorn\n|-resisted|p2a: Ferrothorn\n|-damage|p2a: Ferrothorn|85\/100\n|-status|p2a: Ferrothorn|par\n|-damage|p1a: Melmetal|0 fnt|[from] ability: Iron Barbs|[of] p2a: Ferrothorn\n|faint|p1a: Melmetal\n|\n|-heal|p2a: Ferrothorn|91\/100 par|[from] item: Leftovers\n|upkeep\n|\n|t:|1661652068\n|switch|p1a: Heatran|Heatran, M|100\/100\n|-item|p1a: Heatran|Air Balloon\n|turn|13\n|\n|t:|1661652072\n|switch|p2a: Slowbro|Slowbro, M|100\/100\n|move|p1a: Heatran|Eruption|p2a: Slowbro\n|-resisted|p2a: Slowbro\n|-damage|p2a: Slowbro|61\/100\n|\n|upkeep\n|turn|14\n|\n|t:|1661652074\n|move|p1a: Heatran|Magma Storm|p2a: Slowbro\n|-resisted|p2a: Slowbro\n|-damage|p2a: Slowbro|35\/100\n|-activate|p2a: Slowbro|move: Magma Storm|[of] p1a: Heatran\n|move|p2a: Slowbro|Scald|p1a: Heatran\n|-supereffective|p1a: Heatran\n|-damage|p1a: Heatran|48\/100\n|-enditem|p1a: Heatran|Air Balloon\n|\n|-damage|p2a: Slowbro|23\/100|[from] move: Magma Storm|[partiallytrapped]\n|upkeep\n|turn|15\n|\n|t:|1661652076\n|move|p1a: Heatran|Magma Storm|p2a: Slowbro|[miss]\n|-miss|p1a: Heatran|p2a: Slowbro\n|move|p2a: Slowbro|Scald|p1a: Heatran\n|-supereffective|p1a: Heatran\n|-crit|p1a: Heatran\n|-damage|p1a: Heatran|0 fnt\n|faint|p1a: Heatran\n|\n|-end|p2a: Slowbro|Magma Storm|[partiallytrapped]|[silent]\n|upkeep\n|\n|t:|1661652076\n|switch|p1a: landorustherian|Landorus-Therian, M|100\/100\n|-ability|p1a: landorustherian|Intimidate|boost\n|-unboost|p2a: Slowbro|atk|1\n|turn|16\n|\n|t:|1661652080\n|switch|p2a: Landorus|Landorus-Therian, M|44\/100\n|-damage|p2a: Landorus|32\/100|[from] Stealth Rock\n|-ability|p2a: Landorus|Intimidate|boost\n|-unboost|p1a: landorustherian|atk|1\n|move|p1a: landorustherian|U-turn|p2a: Landorus\n|-resisted|p2a: Landorus\n|-damage|p2a: Landorus|25\/100\n|\n|-heal|p2a: Landorus|31\/100|[from] item: Leftovers\n|upkeep\n|turn|17\n|\n|t:|1661652081\n|move|p1a: landorustherian|Toxic|p2a: Landorus\n|-status|p2a: Landorus|tox\n|move|p2a: Landorus|Defog|p1a: landorustherian\n|-unboost|p1a: landorustherian|evasion|1\n|-sideend|p2: Darkman64|Stealth Rock|[from] move: Defog|[of] p2a: Landorus\n|\n|-heal|p2a: Landorus|37\/100 tox|[from] item: Leftovers\n|-damage|p2a: Landorus|31\/100 tox|[from] psn\n|upkeep\n|turn|18\n|c|\u2606Darkman64|gg\n|\n|t:|1661652086\n|move|p1a: landorustherian|Earthquake|p2a: Landorus\n|-immune|p2a: Landorus\n|move|p2a: Landorus|Toxic|p1a: landorustherian\n|-status|p1a: landorustherian|tox\n|\n|-heal|p2a: Landorus|37\/100 tox|[from] item: Leftovers\n|-damage|p1a: landorustherian|94\/100 tox|[from] psn\n|-damage|p2a: Landorus|25\/100 tox|[from] psn\n|upkeep\n|turn|19\n|\n|t:|1661652088\n|move|p1a: landorustherian|Earthquake|p2a: Landorus\n|-immune|p2a: Landorus\n|move|p2a: Landorus|U-turn|p1a: landorustherian\n|-resisted|p1a: landorustherian\n|-damage|p1a: landorustherian|85\/100 tox\n|\n|t:|1661652097\n|switch|p2a: Slowbro|Slowbro, M|56\/100|[from]move: U-turn\n|\n|-heal|p1a: landorustherian|91\/100 tox|[from] item: Leftovers\n|-damage|p1a: landorustherian|79\/100 tox|[from] psn\n|upkeep\n|turn|20\n|\n|t:|1661652099\n|switch|p2a: Landorus|Landorus-Therian, M|25\/100 tox\n|-ability|p2a: Landorus|Intimidate|boost\n|-unboost|p1a: landorustherian|atk|1\n|move|p1a: landorustherian|Toxic|p2a: Landorus|[miss]\n|-miss|p1a: landorustherian|p2a: Landorus\n|\n|-heal|p1a: landorustherian|85\/100 tox|[from] item: Leftovers\n|-heal|p2a: Landorus|31\/100 tox|[from] item: Leftovers\n|-damage|p1a: landorustherian|67\/100 tox|[from] psn\n|-damage|p2a: Landorus|25\/100 tox|[from] psn\n|upkeep\n|turn|21\n|\n|t:|1661652102\n|switch|p2a: Slowbro|Slowbro, M|89\/100\n|move|p1a: landorustherian|Earthquake|p2a: Slowbro\n|-damage|p2a: Slowbro|75\/100\n|\n|-heal|p1a: landorustherian|73\/100 tox|[from] item: Leftovers\n|-damage|p1a: landorustherian|49\/100 tox|[from] psn\n|upkeep\n|turn|22\n|\n|t:|1661652104\n|move|p1a: landorustherian|Toxic|p2a: Slowbro\n|-status|p2a: Slowbro|tox\n|move|p2a: Slowbro|Slack Off|p2a: Slowbro\n|-heal|p2a: Slowbro|100\/100 tox\n|\n|-heal|p1a: landorustherian|55\/100 tox|[from] item: Leftovers\n|-damage|p1a: landorustherian|24\/100 tox|[from] psn\n|-damage|p2a: Slowbro|94\/100 tox|[from] psn\n|upkeep\n|turn|23\n|\n|t:|1661652106\n|move|p1a: landorustherian|Earthquake|p2a: Slowbro\n|-damage|p2a: Slowbro|79\/100 tox\n|move|p2a: Slowbro|Scald|p1a: landorustherian\n|-supereffective|p1a: landorustherian\n|-damage|p1a: landorustherian|0 fnt\n|faint|p1a: landorustherian\n|\n|win|Darkman64\n|raw|minimax_ai's rating: 1563 &rarr; <strong>1545<\/strong><br \/>(-18 for losing)\n|raw|Darkman64's rating: 1593 &rarr; <strong>1611<\/strong><br \/>(+18 for winning)\n|c|\u2606minimax_ai|gg\n","uploadtime":1661652108,"views":1,"p1id":"minimaxai","p2id":"darkman64","formatid":"gen8ou","rating":1545,"private":0,"password":null}