{"id":"gen8ou-1121999444","p1":"Steez Ibanez","p2":"Q114","format":"gen8ou","log":"|j|\u2606Steez Ibanez\n|j|\u2606Q114\n|player|p1|Steez Ibanez|pokemonranger-gen4|1708\n|player|p2|Q114|169|1695\n|teamsize|p1|6\n|teamsize|p2|6\n|gametype|singles\n|gen|8\n|tier|[Gen 8] OU\n|rated|\n|html|<div class=\"broadcast-blue\"><strong>OU is currently suspecting Dracovish! For information on how to participate check out the <a href=\"https:\/\/www.smogon.com\/forums\/threads\/3664521\/\">suspect thread<\/a>.<\/strong><\/div>\n|clearpoke\n|poke|p1|Ferrothorn, M|\n|poke|p1|Kommo-o, M|\n|poke|p1|Arcanine, M|\n|poke|p1|Gyarados, M|\n|poke|p1|Clefable, M|\n|poke|p1|Dragapult, M|\n|poke|p2|Toxapex, M|\n|poke|p2|Ferrothorn, F|\n|poke|p2|Seismitoad, M|\n|poke|p2|Tyranitar, M|\n|poke|p2|Clefable, F|\n|poke|p2|Corviknight, M|\n|rule|Sleep Clause Mod: Limit one foe put to sleep\n|rule|Species Clause: Limit one of each Pok\u00e9mon\n|rule|OHKO Clause: OHKO moves are banned\n|rule|Evasion Moves Clause: Evasion moves are banned\n|rule|Endless Battle Clause: Forcing endless battles is banned\n|rule|HP Percentage Mod: HP is shown in percentages\n|rule|Dynamax Clause: You cannot dynamax\n|teampreview\n|j| HeavenStar\n|\n|start\n|switch|p1a: Akamaru|Arcanine, M|100\/100\n|switch|p2a: Toxapex|Toxapex, M|100\/100\n|-ability|p1a: Akamaru|Intimidate|boost\n|-unboost|p2a: Toxapex|atk|1\n|turn|1\n|\n|move|p1a: Akamaru|Will-O-Wisp|p2a: Toxapex\n|-status|p2a: Toxapex|brn\n|move|p2a: Toxapex|Toxic Spikes|p1a: Akamaru\n|-sidestart|p1: Steez Ibanez|move: Toxic Spikes\n|\n|-damage|p2a: Toxapex|95\/100 brn|[from] brn\n|upkeep\n|turn|2\n|\n|switch|p1a: Abomination|Ferrothorn, M|100\/100\n|move|p2a: Toxapex|Knock Off|p1a: Abomination\n|-crit|p1a: Abomination\n|-damage|p1a: Abomination|94\/100\n|-damage|p2a: Toxapex|82\/100 brn|[from] ability: Iron Barbs|[of] p1a: Abomination\n|-enditem|p1a: Abomination|Leftovers|[from] move: Knock Off|[of] p2a: Toxapex\n|\n|-heal|p2a: Toxapex|88\/100 brn|[from] item: Black Sludge\n|-damage|p2a: Toxapex|82\/100 brn|[from] brn\n|upkeep\n|turn|3\n|\n|move|p1a: Abomination|Knock Off|p2a: Toxapex\n|-damage|p2a: Toxapex|68\/100 brn\n|-enditem|p2a: Toxapex|Black Sludge|[from] move: Knock Off|[of] p1a: Abomination\n|move|p2a: Toxapex|Scald|p1a: Abomination\n|-resisted|p1a: Abomination\n|-damage|p1a: Abomination|88\/100\n|\n|-damage|p2a: Toxapex|63\/100 brn|[from] brn\n|upkeep\n|turn|4\n|\n|move|p1a: Abomination|Spikes|p2a: Toxapex\n|-sidestart|p2: Q114|Spikes\n|move|p2a: Toxapex|Scald|p1a: Abomination\n|-resisted|p1a: Abomination\n|-damage|p1a: Abomination|81\/100\n|-status|p1a: Abomination|brn\n|\n|-damage|p1a: Abomination|75\/100 brn|[from] brn\n|-damage|p2a: Toxapex|57\/100 brn|[from] brn\n|upkeep\n|turn|5\n|\n|switch|p2a: Corviknight|Corviknight, M|100\/100\n|-ability|p2a: Corviknight|Pressure\n|move|p1a: Abomination|Spikes|p2a: Corviknight\n|-sidestart|p2: Q114|Spikes\n|\n|-damage|p1a: Abomination|69\/100 brn|[from] brn\n|upkeep\n|turn|6\n|\n|move|p2a: Corviknight|Body Press|p1a: Abomination\n|-supereffective|p1a: Abomination\n|-damage|p1a: Abomination|37\/100 brn\n|-damage|p2a: Corviknight|88\/100|[from] ability: Iron Barbs|[of] p1a: Abomination\n|move|p1a: Abomination|Knock Off|p2a: Corviknight\n|-damage|p2a: Corviknight|82\/100\n|-damage|p1a: Abomination|20\/100 brn|[from] item: Rocky Helmet|[of] p2a: Corviknight\n|-enditem|p2a: Corviknight|Rocky Helmet|[from] move: Knock Off|[of] p1a: Abomination\n|\n|-damage|p1a: Abomination|14\/100 brn|[from] brn\n|upkeep\n|turn|7\n|\n|move|p2a: Corviknight|Body Press|p1a: Abomination\n|-supereffective|p1a: Abomination\n|-damage|p1a: Abomination|0 fnt\n|-damage|p2a: Corviknight|70\/100|[from] ability: Iron Barbs|[of] p1a: Abomination\n|faint|p1a: Abomination\n|\n|upkeep\n|\n|switch|p1a: World Serpent|Gyarados, M|100\/100\n|turn|8\n|\n|move|p1a: World Serpent|Dragon Dance|p1a: World Serpent\n|-boost|p1a: World Serpent|atk|1\n|-boost|p1a: World Serpent|spe|1\n|move|p2a: Corviknight|Defog|p1a: World Serpent\n|-unboost|p1a: World Serpent|evasion|1\n|-sideend|p1: Steez Ibanez|Toxic Spikes|[from] move: Defog|[of] p2a: Corviknight\n|-sideend|p2: Q114|Spikes|[from] move: Defog|[of] p2a: Corviknight\n|\n|upkeep\n|turn|9\n|\n|switch|p2a: Toxapex|Toxapex, M|90\/100 brn\n|move|p1a: World Serpent|Waterfall|p2a: Toxapex\n|-resisted|p2a: Toxapex\n|-damage|p2a: Toxapex|73\/100 brn\n|\n|-damage|p2a: Toxapex|67\/100 brn|[from] brn\n|upkeep\n|turn|10\n|\n|switch|p2a: Clefable|Clefable, F|100\/100\n|move|p1a: World Serpent|Earthquake|p2a: Clefable\n|-crit|p2a: Clefable\n|-damage|p2a: Clefable|63\/100\n|\n|-heal|p2a: Clefable|69\/100|[from] item: Leftovers\n|upkeep\n|turn|11\n|\n|move|p1a: World Serpent|Waterfall|p2a: Clefable\n|-damage|p2a: Clefable|42\/100\n|move|p2a: Clefable|Wish|p2a: Clefable\n|\n|-heal|p2a: Clefable|48\/100|[from] item: Leftovers\n|upkeep\n|turn|12\n|\n|move|p1a: World Serpent|Dragon Dance|p1a: World Serpent\n|-boost|p1a: World Serpent|atk|1\n|-boost|p1a: World Serpent|spe|1\n|move|p2a: Clefable|Aromatherapy|p2a: Clefable\n|-activate|p2a: Clefable|move: Aromatherapy\n|-curestatus|p2: Toxapex|brn|[msg]\n|\n|-heal|p2a: Clefable|98\/100|[from] move: Wish|[wisher] Clefable\n|-heal|p2a: Clefable|100\/100|[from] item: Leftovers\n|upkeep\n|turn|13\n|\n|move|p1a: World Serpent|Waterfall|p2a: Clefable\n|-damage|p2a: Clefable|75\/100\n|move|p2a: Clefable|Wish|p2a: Clefable\n|\n|-heal|p2a: Clefable|81\/100|[from] item: Leftovers\n|upkeep\n|turn|14\n|\n|move|p1a: World Serpent|Waterfall|p2a: Clefable\n|-damage|p2a: Clefable|53\/100\n|cant|p2a: Clefable|flinch\n|\n|-heal|p2a: Clefable|100\/100|[from] move: Wish|[wisher] Clefable\n|upkeep\n|turn|15\n|\n|move|p1a: World Serpent|Waterfall|p2a: Clefable\n|-damage|p2a: Clefable|70\/100\n|move|p2a: Clefable|Wish|p2a: Clefable\n|\n|-heal|p2a: Clefable|77\/100|[from] item: Leftovers\n|upkeep\n|turn|16\n|\n|switch|p1a: Akamaru|Arcanine, M|100\/100\n|-ability|p1a: Akamaru|Intimidate|boost\n|-unboost|p2a: Clefable|atk|1\n|move|p2a: Clefable|Moonblast|p1a: Akamaru\n|-resisted|p1a: Akamaru\n|-damage|p1a: Akamaru|84\/100\n|-unboost|p1a: Akamaru|spa|1\n|\n|-heal|p2a: Clefable|100\/100|[from] move: Wish|[wisher] Clefable\n|upkeep\n|turn|17\n|\n|switch|p2a: Seismitoad|Seismitoad, M|100\/100\n|move|p1a: Akamaru|Teleport|p1a: Akamaru\n|\n|switch|p1a: World Serpent|Gyarados, M|100\/100|[from]move: Teleport\n|\n|upkeep\n|turn|18\n|\n|switch|p2a: Toxapex|Toxapex, M|100\/100\n|move|p1a: World Serpent|Power Whip|p2a: Toxapex|[miss]\n|-miss|p1a: World Serpent|p2a: Toxapex\n|\n|upkeep\n|turn|19\n|\n|move|p1a: World Serpent|Earthquake|p2a: Toxapex\n|-supereffective|p2a: Toxapex\n|-damage|p2a: Toxapex|61\/100\n|move|p2a: Toxapex|Toxic Spikes|p1a: World Serpent\n|-sidestart|p1: Steez Ibanez|move: Toxic Spikes\n|\n|upkeep\n|turn|20\n|\n|move|p1a: World Serpent|Earthquake|p2a: Toxapex\n|-supereffective|p2a: Toxapex\n|-damage|p2a: Toxapex|26\/100\n|move|p2a: Toxapex|Knock Off|p1a: World Serpent\n|-damage|p1a: World Serpent|81\/100\n|-enditem|p1a: World Serpent|Heavy-Duty Boots|[from] move: Knock Off|[of] p2a: Toxapex\n|\n|upkeep\n|turn|21\n|\n|switch|p2a: Ferrothorn|Ferrothorn, F|100\/100\n|move|p1a: World Serpent|Waterfall|p2a: Ferrothorn\n|-resisted|p2a: Ferrothorn\n|-damage|p2a: Ferrothorn|87\/100\n|-damage|p1a: World Serpent|68\/100|[from] ability: Iron Barbs|[of] p2a: Ferrothorn\n|\n|-heal|p2a: Ferrothorn|93\/100|[from] item: Leftovers\n|upkeep\n|turn|22\n|\n|switch|p1a: Akamaru|Arcanine, M|84\/100\n|-ability|p1a: Akamaru|Intimidate|boost\n|-unboost|p2a: Ferrothorn|atk|1\n|move|p2a: Ferrothorn|Knock Off|p1a: Akamaru\n|-damage|p1a: Akamaru|73\/100\n|-enditem|p1a: Akamaru|Heavy-Duty Boots|[from] move: Knock Off|[of] p2a: Ferrothorn\n|\n|-heal|p2a: Ferrothorn|99\/100|[from] item: Leftovers\n|upkeep\n|turn|23\n|\n|switch|p2a: Toxapex|Toxapex, M|59\/100\n|move|p1a: Akamaru|Will-O-Wisp|p2a: Toxapex\n|-status|p2a: Toxapex|brn\n|\n|-damage|p2a: Toxapex|53\/100 brn|[from] brn\n|upkeep\n|turn|24\n|\n|switch|p1a: Glaedr|Kommo-o, M|100\/100\n|-status|p1a: Glaedr|psn\n|move|p2a: Toxapex|Scald|p1a: Glaedr\n|-resisted|p1a: Glaedr\n|-damage|p1a: Glaedr|93\/100 psn\n|\n|-heal|p1a: Glaedr|99\/100 psn|[from] item: Leftovers\n|-damage|p1a: Glaedr|87\/100 psn|[from] psn\n|-damage|p2a: Toxapex|47\/100 brn|[from] brn\n|upkeep\n|turn|25\n|\n|switch|p2a: Corviknight|Corviknight, M|70\/100\n|-ability|p2a: Corviknight|Pressure\n|move|p1a: Glaedr|Stealth Rock|p2a: Corviknight\n|-sidestart|p2: Q114|move: Stealth Rock\n|\n|-heal|p1a: Glaedr|93\/100 psn|[from] item: Leftovers\n|-damage|p1a: Glaedr|81\/100 psn|[from] psn\n|upkeep\n|turn|26\n|\n|move|p1a: Glaedr|Iron Defense|p1a: Glaedr\n|-boost|p1a: Glaedr|def|2\n|move|p2a: Corviknight|Defog|p1a: Glaedr\n|-unboost|p1a: Glaedr|evasion|1\n|-sideend|p1: Steez Ibanez|Toxic Spikes|[from] move: Defog|[of] p2a: Corviknight\n|-sideend|p2: Q114|Stealth Rock|[from] move: Defog|[of] p2a: Corviknight\n|\n|-heal|p1a: Glaedr|87\/100 psn|[from] item: Leftovers\n|-damage|p1a: Glaedr|75\/100 psn|[from] psn\n|upkeep\n|turn|27\n|\n|switch|p2a: Clefable|Clefable, F|100\/100\n|move|p1a: Glaedr|Stealth Rock|p2a: Clefable\n|-sidestart|p2: Q114|move: Stealth Rock\n|\n|-heal|p1a: Glaedr|81\/100 psn|[from] item: Leftovers\n|-damage|p1a: Glaedr|68\/100 psn|[from] psn\n|upkeep\n|turn|28\n|\n|switch|p1a: Akamaru|Arcanine, M|73\/100\n|-ability|p1a: Akamaru|Intimidate|boost\n|-unboost|p2a: Clefable|atk|1\n|move|p2a: Clefable|Moonblast|p1a: Akamaru\n|-resisted|p1a: Akamaru\n|-damage|p1a: Akamaru|57\/100\n|-unboost|p1a: Akamaru|spa|1\n|\n|upkeep\n|turn|29\n|\n|move|p1a: Akamaru|Morning Sun|p1a: Akamaru\n|-heal|p1a: Akamaru|100\/100\n|move|p2a: Clefable|Wish|p2a: Clefable\n|\n|upkeep\n|turn|30\n|\n|move|p1a: Akamaru|Flare Blitz|p2a: Clefable\n|-damage|p2a: Clefable|64\/100\n|-status|p2a: Clefable|brn\n|-damage|p1a: Akamaru|88\/100|[from] Recoil\n|move|p2a: Clefable|Aromatherapy|p2a: Clefable\n|-activate|p2a: Clefable|move: Aromatherapy\n|-curestatus|p2a: Clefable|brn|[msg]\n|-curestatus|p2: Toxapex|brn|[msg]\n|\n|-heal|p2a: Clefable|100\/100|[from] move: Wish|[wisher] Clefable\n|upkeep\n|turn|31\n|\n|switch|p2a: Toxapex|Toxapex, M|81\/100\n|-damage|p2a: Toxapex|68\/100|[from] Stealth Rock\n|move|p1a: Akamaru|Will-O-Wisp|p2a: Toxapex\n|-status|p2a: Toxapex|brn\n|\n|-damage|p2a: Toxapex|63\/100 brn|[from] brn\n|upkeep\n|turn|32\n|\n|switch|p1a: Toothless|Dragapult, M|100\/100\n|move|p2a: Toxapex|Toxic Spikes|p1a: Toothless\n|-sidestart|p1: Steez Ibanez|move: Toxic Spikes\n|\n|-damage|p2a: Toxapex|57\/100 brn|[from] brn\n|upkeep\n|turn|33\n|\n|switch|p2a: Ferrothorn|Ferrothorn, F|99\/100\n|-damage|p2a: Ferrothorn|93\/100|[from] Stealth Rock\n|move|p1a: Toothless|Dragon Darts|p2a: Ferrothorn\n|-resisted|p2a: Ferrothorn\n|-damage|p2a: Ferrothorn|81\/100\n|-anim|p1a: Toothless|Dragon Darts|p2a: Ferrothorn\n|-resisted|p2a: Ferrothorn\n|-damage|p2a: Ferrothorn|66\/100\n|-damage|p1a: Toothless|91\/100|[from] item: Life Orb\n|\n|-heal|p2a: Ferrothorn|72\/100|[from] item: Leftovers\n|upkeep\n|turn|34\n|\n|move|p1a: Toothless|Fire Blast|p2a: Ferrothorn\n|-supereffective|p2a: Ferrothorn\n|-damage|p2a: Ferrothorn|0 fnt\n|-damage|p1a: Toothless|81\/100|[from] item: Life Orb\n|faint|p2a: Ferrothorn\n|\n|upkeep\n|\n|switch|p2a: Seismitoad|Seismitoad, M|100\/100\n|-damage|p2a: Seismitoad|94\/100|[from] Stealth Rock\n|turn|35\n|j| OUTZ don3\n|\n|switch|p1a: Glaedr|Kommo-o, M|68\/100 psn\n|move|p2a: Seismitoad|Knock Off|p1a: Glaedr\n|-resisted|p1a: Glaedr\n|-damage|p1a: Glaedr|61\/100 psn\n|-enditem|p1a: Glaedr|Leftovers|[from] move: Knock Off|[of] p2a: Seismitoad\n|\n|-heal|p2a: Seismitoad|100\/100|[from] item: Leftovers\n|-damage|p1a: Glaedr|49\/100 psn|[from] psn\n|upkeep\n|turn|36\n|\n|move|p1a: Glaedr|Stealth Rock||[still]\n|-fail|p1a: Glaedr\n|move|p2a: Seismitoad|Stealth Rock|p1a: Glaedr\n|-sidestart|p1: Steez Ibanez|move: Stealth Rock\n|\n|-damage|p1a: Glaedr|36\/100 psn|[from] psn\n|upkeep\n|turn|37\n|\n|move|p1a: Glaedr|Body Press|p2a: Seismitoad\n|-damage|p2a: Seismitoad|70\/100\n|move|p2a: Seismitoad|Scald|p1a: Glaedr\n|-resisted|p1a: Glaedr\n|-damage|p1a: Glaedr|25\/100 psn\n|\n|-heal|p2a: Seismitoad|76\/100|[from] item: Leftovers\n|-damage|p1a: Glaedr|13\/100 psn|[from] psn\n|upkeep\n|turn|38\n|\n|switch|p2a: Toxapex|Toxapex, M|90\/100 brn\n|-damage|p2a: Toxapex|78\/100 brn|[from] Stealth Rock\n|move|p1a: Glaedr|Body Press|p2a: Toxapex\n|-resisted|p2a: Toxapex\n|-crit|p2a: Toxapex\n|-damage|p2a: Toxapex|60\/100 brn\n|\n|-damage|p1a: Glaedr|0 fnt|[from] psn\n|faint|p1a: Glaedr\n|-damage|p2a: Toxapex|54\/100 brn|[from] brn\n|upkeep\n|\n|switch|p1a: World Serpent|Gyarados, M|68\/100\n|-damage|p1a: World Serpent|43\/100|[from] Stealth Rock\n|turn|39\n|\n|switch|p2a: Clefable|Clefable, F|100\/100\n|-damage|p2a: Clefable|88\/100|[from] Stealth Rock\n|move|p1a: World Serpent|Earthquake|p2a: Clefable\n|-damage|p2a: Clefable|64\/100\n|\n|-heal|p2a: Clefable|70\/100|[from] item: Leftovers\n|upkeep\n|turn|40\n|\n|move|p1a: World Serpent|Waterfall|p2a: Clefable\n|-damage|p2a: Clefable|40\/100\n|move|p2a: Clefable|Wish|p2a: Clefable\n|\n|-heal|p2a: Clefable|47\/100|[from] item: Leftovers\n|upkeep\n|turn|41\n|\n|move|p2a: Clefable|Protect|p2a: Clefable\n|-singleturn|p2a: Clefable|Protect\n|move|p1a: World Serpent|Waterfall|p2a: Clefable\n|-activate|p2a: Clefable|move: Protect\n|\n|-heal|p2a: Clefable|96\/100|[from] move: Wish|[wisher] Clefable\n|-heal|p2a: Clefable|100\/100|[from] item: Leftovers\n|upkeep\n|turn|42\n|\n|move|p1a: World Serpent|Dragon Dance|p1a: World Serpent\n|-boost|p1a: World Serpent|atk|1\n|-boost|p1a: World Serpent|spe|1\n|move|p2a: Clefable|Wish|p2a: Clefable\n|\n|upkeep\n|turn|43\n|\n|move|p1a: World Serpent|Waterfall|p2a: Clefable\n|-damage|p2a: Clefable|70\/100\n|move|p2a: Clefable|Moonblast|p1a: World Serpent\n|-damage|p1a: World Serpent|15\/100\n|\n|-heal|p2a: Clefable|100\/100|[from] move: Wish|[wisher] Clefable\n|upkeep\n|turn|44\n|\n|move|p1a: World Serpent|Waterfall|p2a: Clefable\n|-damage|p2a: Clefable|73\/100\n|move|p2a: Clefable|Wish|p2a: Clefable\n|\n|-heal|p2a: Clefable|79\/100|[from] item: Leftovers\n|upkeep\n|turn|45\n|\n|move|p1a: World Serpent|Waterfall|p2a: Clefable\n|-damage|p2a: Clefable|53\/100\n|move|p2a: Clefable|Moonblast|p1a: World Serpent\n|-damage|p1a: World Serpent|0 fnt\n|faint|p1a: World Serpent\n|\n|-heal|p2a: Clefable|100\/100|[from] move: Wish|[wisher] Clefable\n|upkeep\n|\n|switch|p1a: Akamaru|Arcanine, M|88\/100\n|-damage|p1a: Akamaru|63\/100|[from] Stealth Rock\n|-status|p1a: Akamaru|psn\n|-ability|p1a: Akamaru|Intimidate|boost\n|-unboost|p2a: Clefable|atk|1\n|turn|46\n|\n|move|p1a: Akamaru|Flare Blitz|p2a: Clefable\n|-damage|p2a: Clefable|69\/100\n|-damage|p1a: Akamaru|52\/100 psn|[from] Recoil\n|move|p2a: Clefable|Wish|p2a: Clefable\n|\n|-heal|p2a: Clefable|75\/100|[from] item: Leftovers\n|-damage|p1a: Akamaru|40\/100 psn|[from] psn\n|upkeep\n|turn|47\n|\n|switch|p2a: Seismitoad|Seismitoad, M|76\/100\n|-damage|p2a: Seismitoad|70\/100|[from] Stealth Rock\n|move|p1a: Akamaru|Will-O-Wisp|p2a: Seismitoad\n|-status|p2a: Seismitoad|brn\n|\n|-heal|p2a: Seismitoad|100\/100 brn|[from] move: Wish|[wisher] Clefable\n|-damage|p1a: Akamaru|27\/100 psn|[from] psn\n|-damage|p2a: Seismitoad|94\/100 brn|[from] brn\n|upkeep\n|turn|48\n|l| OUTZ don3\n|\n|switch|p2a: Corviknight|Corviknight, M|70\/100\n|-damage|p2a: Corviknight|58\/100|[from] Stealth Rock\n|-ability|p2a: Corviknight|Pressure\n|move|p1a: Akamaru|Will-O-Wisp|p2a: Corviknight\n|-status|p2a: Corviknight|brn\n|\n|-damage|p1a: Akamaru|15\/100 psn|[from] psn\n|-damage|p2a: Corviknight|52\/100 brn|[from] brn\n|upkeep\n|turn|49\n|j| OUTZ don3\n|\n|move|p1a: Akamaru|Flare Blitz|p2a: Corviknight\n|-supereffective|p2a: Corviknight\n|-damage|p2a: Corviknight|0 fnt\n|-damage|p1a: Akamaru|0 fnt|[from] Recoil\n|faint|p2a: Corviknight\n|faint|p1a: Akamaru\n|\n|upkeep\n|l| OUTZ don3\n|\n|switch|p1a: Toothless|Dragapult, M|81\/100\n|switch|p2a: Tyranitar|Tyranitar, M|100\/100\n|-damage|p1a: Toothless|69\/100|[from] Stealth Rock\n|-status|p1a: Toothless|psn\n|-damage|p2a: Tyranitar|88\/100|[from] Stealth Rock\n|-weather|Sandstorm|[from] ability: Sand Stream|[of] p2a: Tyranitar\n|turn|50\n|\n|move|p1a: Toothless|Steel Wing|p2a: Tyranitar\n|-supereffective|p2a: Tyranitar\n|-damage|p2a: Tyranitar|40\/100\n|-damage|p1a: Toothless|59\/100 psn|[from] item: Life Orb\n|move|p2a: Tyranitar|Stone Edge|p1a: Toothless|[miss]\n|-miss|p2a: Tyranitar|p1a: Toothless\n|\n|-weather|Sandstorm|[upkeep]\n|-damage|p1a: Toothless|53\/100 psn|[from] Sandstorm\n|-damage|p1a: Toothless|41\/100 psn|[from] psn\n|upkeep\n|turn|51\n|\n|switch|p2a: Toxapex|Toxapex, M|87\/100 brn\n|-damage|p2a: Toxapex|75\/100 brn|[from] Stealth Rock\n|move|p1a: Toothless|Dragon Darts|p2a: Toxapex\n|-damage|p2a: Toxapex|55\/100 brn\n|-anim|p1a: Toothless|Dragon Darts|p2a: Toxapex\n|-damage|p2a: Toxapex|34\/100 brn\n|-damage|p1a: Toothless|31\/100 psn|[from] item: Life Orb\n|\n|-weather|Sandstorm|[upkeep]\n|-damage|p1a: Toothless|25\/100 psn|[from] Sandstorm\n|-damage|p2a: Toxapex|28\/100 brn|[from] Sandstorm\n|-damage|p1a: Toothless|12\/100 psn|[from] psn\n|-damage|p2a: Toxapex|22\/100 brn|[from] brn\n|upkeep\n|turn|52\n|j| big foonguz\n|\n|switch|p2a: Seismitoad|Seismitoad, M|94\/100 brn\n|-damage|p2a: Seismitoad|88\/100 brn|[from] Stealth Rock\n|move|p1a: Toothless|Dragon Darts|p2a: Seismitoad\n|-damage|p2a: Seismitoad|65\/100 brn\n|-anim|p1a: Toothless|Dragon Darts|p2a: Seismitoad\n|-damage|p2a: Seismitoad|40\/100 brn\n|-damage|p1a: Toothless|3\/100 psn|[from] item: Life Orb\n|\n|-weather|Sandstorm|[upkeep]\n|-damage|p1a: Toothless|0 fnt|[from] Sandstorm\n|faint|p1a: Toothless\n|-heal|p2a: Seismitoad|46\/100 brn|[from] item: Leftovers\n|-damage|p2a: Seismitoad|40\/100 brn|[from] brn\n|upkeep\n|\n|switch|p1a: Majinn Buu|Clefable, M|100\/100\n|-damage|p1a: Majinn Buu|88\/100|[from] Stealth Rock\n|-status|p1a: Majinn Buu|psn\n|turn|53\n|\n|move|p2a: Seismitoad|Knock Off|p1a: Majinn Buu\n|-resisted|p1a: Majinn Buu\n|-damage|p1a: Majinn Buu|84\/100 psn\n|-enditem|p1a: Majinn Buu|Leftovers|[from] move: Knock Off|[of] p2a: Seismitoad\n|move|p1a: Majinn Buu|Calm Mind|p1a: Majinn Buu\n|-boost|p1a: Majinn Buu|spa|1\n|-boost|p1a: Majinn Buu|spd|1\n|\n|-weather|Sandstorm|[upkeep]\n|-damage|p1a: Majinn Buu|78\/100 psn|[from] Sandstorm\n|-heal|p2a: Seismitoad|46\/100 brn|[from] item: Leftovers\n|-damage|p2a: Seismitoad|40\/100 brn|[from] brn\n|-damage|p1a: Majinn Buu|66\/100 psn|[from] psn\n|upkeep\n|turn|54\n|\n|move|p2a: Seismitoad|Scald|p1a: Majinn Buu\n|-damage|p1a: Majinn Buu|51\/100 psn\n|move|p1a: Majinn Buu|Moonblast|p2a: Seismitoad\n|-damage|p2a: Seismitoad|0 fnt\n|faint|p2a: Seismitoad\n|\n|-weather|none\n|-damage|p1a: Majinn Buu|39\/100 psn|[from] psn\n|upkeep\n|\n|switch|p2a: Toxapex|Toxapex, M|55\/100 brn\n|-damage|p2a: Toxapex|43\/100 brn|[from] Stealth Rock\n|turn|55\n|\n|move|p1a: Majinn Buu|Wish|p1a: Majinn Buu\n|move|p2a: Toxapex|Haze|p2a: Toxapex\n|-clearallboost\n|\n|-damage|p1a: Majinn Buu|26\/100 psn|[from] psn\n|-damage|p2a: Toxapex|37\/100 brn|[from] brn\n|upkeep\n|turn|56\n|-message|Steez Ibanez forfeited.\n|\n|win|Q114\n|l|\u2606Steez Ibanez\n|raw|Steez Ibanez's rating: 1708 &rarr; <strong>1686<\/strong><br \/>(-22 for losing)\n|raw|Q114's rating: 1668 &rarr; <strong>1690<\/strong><br \/>(+22 for winning)\n","uploadtime":1590561790,"views":155,"p1id":"steezibanez","p2id":"q114","formatid":"gen8ou","rating":1686,"private":0,"password":null}