{"id":"gen8ou-1587046575","p1":"subl1me","p2":"Oryen","format":"gen8ou","log":"|j|\u2606subl1me\n|j|\u2606Oryen\n|inactive|Battle timer is ON: inactive players will automatically lose when time's up.\n|t:|1654088673\n|gametype|singles\n|player|p1|subl1me|ltsurge|\n|player|p2|Oryen|bruno-gen1|\n|teamsize|p1|6\n|teamsize|p2|6\n|gen|8\n|tier|[Gen 8] OU\n|rated|Tournament battle\n|rule|Sleep Clause Mod: Limit one foe put to sleep\n|rule|Species Clause: Limit one of each Pok\u00e9mon\n|rule|OHKO Clause: OHKO moves are banned\n|rule|Evasion Moves Clause: Evasion moves are banned\n|rule|Endless Battle Clause: Forcing endless battles is banned\n|rule|HP Percentage Mod: HP is shown in percentages\n|rule|Dynamax Clause: You cannot dynamax\n|clearpoke\n|poke|p1|Zapdos-Galar|\n|poke|p1|Slowking, M|\n|poke|p1|Regieleki|\n|poke|p1|Ferrothorn, M|\n|poke|p1|Weavile, F|\n|poke|p1|Landorus-Therian, M|\n|poke|p2|Kartana|\n|poke|p2|Slowking, F|\n|poke|p2|Tyranitar, F|\n|poke|p2|Buzzwole|\n|poke|p2|Zapdos|\n|poke|p2|Garchomp, F|\n|teampreview\n|j|*Lady Monita \u273f\n|inactive|subl1me also wants the timer to be on.\n|c|\u2606subl1me|hf\n|c|\u2606Oryen|hf\n|j| yo sup guys\n|\n|t:|1654088693\n|start\n|switch|p1a: Landorus|Landorus-Therian, M|100\/100\n|switch|p2a: Zapdos|Zapdos|100\/100\n|-ability|p1a: Landorus|Intimidate|boost\n|-unboost|p2a: Zapdos|atk|1\n|turn|1\n|\n|t:|1654088696\n|move|p2a: Zapdos|Hurricane|p1a: Landorus|[miss]\n|-miss|p2a: Zapdos|p1a: Landorus\n|move|p1a: Landorus|Toxic|p2a: Zapdos\n|-status|p2a: Zapdos|tox\n|\n|-damage|p2a: Zapdos|94\/100 tox|[from] psn\n|upkeep\n|turn|2\n|j| Prajin_56\n|\n|t:|1654088705\n|move|p2a: Zapdos|Hurricane|p1a: Landorus\n|-damage|p1a: Landorus|52\/100\n|-start|p1a: Landorus|confusion\n|-activate|p1a: Landorus|confusion\n|-damage|p1a: Landorus|40\/100|[from] confusion\n|\n|-heal|p1a: Landorus|46\/100|[from] item: Leftovers\n|-damage|p2a: Zapdos|82\/100 tox|[from] psn\n|upkeep\n|turn|3\n|l| Prajin_56\n|\n|t:|1654088714\n|switch|p1a: Slowking|Slowking, M|100\/100\n|move|p2a: Zapdos|Volt Switch|p1a: Slowking\n|-supereffective|p1a: Slowking\n|-damage|p1a: Slowking|57\/100\n|\n|t:|1654088716\n|switch|p2a: Kartana|Kartana|100\/100|[from]move: Volt Switch\n|\n|upkeep\n|turn|4\n|\n|t:|1654088721\n|switch|p1a: Ferrothorn|Ferrothorn, M|100\/100\n|move|p2a: Kartana|Knock Off|p1a: Ferrothorn\n|-damage|p1a: Ferrothorn|62\/100\n|-damage|p2a: Kartana|88\/100|[from] ability: Iron Barbs|[of] p1a: Ferrothorn\n|-enditem|p1a: Ferrothorn|Leftovers|[from] move: Knock Off|[of] p2a: Kartana\n|\n|upkeep\n|turn|5\n|j| lilmaad\n|\n|t:|1654088727\n|switch|p2a: Garchomp|Garchomp, F|100\/100\n|move|p1a: Ferrothorn|Knock Off|p2a: Garchomp\n|-damage|p2a: Garchomp|79\/100\n|-damage|p1a: Ferrothorn|50\/100|[from] ability: Rough Skin|[of] p2a: Garchomp\n|-enditem|p2a: Garchomp|Leftovers|[from] move: Knock Off|[of] p1a: Ferrothorn\n|\n|upkeep\n|turn|6\n|\n|t:|1654088738\n|switch|p1a: Landorus|Landorus-Therian, M|46\/100\n|-ability|p1a: Landorus|Intimidate|boost\n|-unboost|p2a: Garchomp|atk|1\n|move|p2a: Garchomp|Swords Dance|p2a: Garchomp\n|-boost|p2a: Garchomp|atk|2\n|\n|-heal|p1a: Landorus|52\/100|[from] item: Leftovers\n|upkeep\n|turn|7\n|\n|t:|1654088755\n|switch|p1a: Ferrothorn|Ferrothorn, M|50\/100\n|move|p2a: Garchomp|Scale Shot|p1a: Ferrothorn\n|-resisted|p1a: Ferrothorn\n|-damage|p1a: Ferrothorn|45\/100\n|-resisted|p1a: Ferrothorn\n|-damage|p1a: Ferrothorn|39\/100\n|-hitcount|p1a: Ferrothorn|2\n|-unboost|p2a: Garchomp|def|1\n|-boost|p2a: Garchomp|spe|1\n|\n|upkeep\n|turn|8\n|j| t1a2n3i4s5h6\n|\n|t:|1654088764\n|switch|p1a: Landorus|Landorus-Therian, M|52\/100\n|-ability|p1a: Landorus|Intimidate|boost\n|-unboost|p2a: Garchomp|atk|1\n|move|p2a: Garchomp|Swords Dance|p2a: Garchomp\n|-boost|p2a: Garchomp|atk|2\n|\n|-heal|p1a: Landorus|58\/100|[from] item: Leftovers\n|upkeep\n|turn|9\n|j| RudideC\n|\n|t:|1654088773\n|switch|p1a: Ferrothorn|Ferrothorn, M|39\/100\n|move|p2a: Garchomp|Scale Shot|p1a: Ferrothorn\n|-resisted|p1a: Ferrothorn\n|-damage|p1a: Ferrothorn|31\/100\n|-resisted|p1a: Ferrothorn\n|-crit|p1a: Ferrothorn\n|-damage|p1a: Ferrothorn|21\/100\n|-resisted|p1a: Ferrothorn\n|-damage|p1a: Ferrothorn|13\/100\n|-hitcount|p1a: Ferrothorn|3\n|-unboost|p2a: Garchomp|def|1\n|-boost|p2a: Garchomp|spe|1\n|\n|upkeep\n|turn|10\n|\n|t:|1654088780\n|move|p2a: Garchomp|Fire Fang|p1a: Ferrothorn\n|-supereffective|p1a: Ferrothorn\n|-damage|p1a: Ferrothorn|0 fnt\n|-damage|p2a: Garchomp|67\/100|[from] ability: Iron Barbs|[of] p1a: Ferrothorn\n|faint|p1a: Ferrothorn\n|\n|upkeep\n|l| RudideC\n|\n|t:|1654088782\n|switch|p1a: Weavile|Weavile, F|100\/100\n|-ability|p1a: Weavile|Pressure\n|turn|11\n|\n|t:|1654088784\n|switch|p2a: Buzzwole|Buzzwole|100\/100\n|move|p1a: Weavile|Ice Shard|p2a: Buzzwole\n|-damage|p2a: Buzzwole|90\/100\n|\n|upkeep\n|turn|12\n|\n|t:|1654088795\n|switch|p1a: Zapdos|Zapdos-Galar|100\/100\n|move|p2a: Buzzwole|Thunder Punch|p1a: Zapdos\n|-supereffective|p1a: Zapdos\n|-damage|p1a: Zapdos|44\/100\n|\n|upkeep\n|turn|13\n|j| missbitch\n|\n|t:|1654088801\n|switch|p2a: Zapdos|Zapdos|82\/100 tox\n|move|p1a: Zapdos|U-turn|p2a: Zapdos\n|-resisted|p2a: Zapdos\n|-damage|p2a: Zapdos|62\/100 tox\n|\n|t:|1654088803\n|switch|p1a: Regieleki|Regieleki|100\/100|[from]move: U-turn\n|\n|-damage|p2a: Zapdos|56\/100 tox|[from] psn\n|upkeep\n|turn|14\n|\n|t:|1654088809\n|switch|p2a: Tyranitar|Tyranitar, F|100\/100\n|-weather|Sandstorm|[from] ability: Sand Stream|[of] p2a: Tyranitar\n|move|p1a: Regieleki|Ancient Power|p2a: Tyranitar\n|-damage|p2a: Tyranitar|92\/100\n|\n|-weather|Sandstorm|[upkeep]\n|-damage|p1a: Regieleki|94\/100|[from] Sandstorm\n|-heal|p2a: Tyranitar|98\/100|[from] item: Leftovers\n|upkeep\n|turn|15\n|\n|t:|1654088820\n|switch|p2a: Kartana|Kartana|88\/100\n|move|p1a: Regieleki|Volt Switch|p2a: Kartana\n|-resisted|p2a: Kartana\n|-damage|p2a: Kartana|3\/100\n|\n|t:|1654088823\n|switch|p1a: Weavile|Weavile, F|100\/100|[from]move: Volt Switch\n|-ability|p1a: Weavile|Pressure\n|\n|-weather|Sandstorm|[upkeep]\n|-damage|p1a: Weavile|94\/100|[from] Sandstorm\n|upkeep\n|turn|16\n|\n|t:|1654088829\n|switch|p2a: Buzzwole|Buzzwole|90\/100\n|move|p1a: Weavile|Ice Shard|p2a: Buzzwole\n|-damage|p2a: Buzzwole|81\/100\n|\n|-weather|Sandstorm|[upkeep]\n|-damage|p1a: Weavile|88\/100|[from] Sandstorm\n|-damage|p2a: Buzzwole|75\/100|[from] Sandstorm\n|upkeep\n|turn|17\n|\n|t:|1654088836\n|switch|p1a: Landorus|Landorus-Therian, M|58\/100\n|-ability|p1a: Landorus|Intimidate|boost\n|-unboost|p2a: Buzzwole|atk|1\n|move|p2a: Buzzwole|Ice Punch|p1a: Landorus\n|-supereffective|p1a: Landorus\n|-damage|p1a: Landorus|3\/100\n|\n|-weather|Sandstorm|[upkeep]\n|-damage|p2a: Buzzwole|69\/100|[from] Sandstorm\n|-heal|p1a: Landorus|9\/100|[from] item: Leftovers\n|upkeep\n|turn|18\n|j| cesar dios pokemon\n|\n|t:|1654088848\n|switch|p2a: Zapdos|Zapdos|56\/100 tox\n|move|p1a: Landorus|Toxic|p2a: Zapdos\n|-fail|p2a: Zapdos|tox\n|\n|-weather|none\n|-heal|p1a: Landorus|15\/100|[from] item: Leftovers\n|-damage|p2a: Zapdos|50\/100 tox|[from] psn\n|upkeep\n|turn|19\n|l| cesar dios pokemon\n|\n|t:|1654088853\n|switch|p1a: Slowking|Slowking, M|91\/100\n|move|p2a: Zapdos|Hurricane|p1a: Slowking\n|-damage|p1a: Slowking|60\/100\n|\n|-damage|p2a: Zapdos|37\/100 tox|[from] psn\n|upkeep\n|turn|20\n|\n|t:|1654088864\n|switch|p2a: Tyranitar|Tyranitar, F|98\/100\n|-weather|Sandstorm|[from] ability: Sand Stream|[of] p2a: Tyranitar\n|move|p1a: Slowking|Future Sight|p2a: Tyranitar\n|-start|p1a: Slowking|move: Future Sight\n|\n|-weather|Sandstorm|[upkeep]\n|-damage|p1a: Slowking|54\/100|[from] Sandstorm\n|-heal|p2a: Tyranitar|100\/100|[from] item: Leftovers\n|upkeep\n|turn|21\n|\n|t:|1654088874\n|switch|p1a: Landorus|Landorus-Therian, M|15\/100\n|-ability|p1a: Landorus|Intimidate|boost\n|-unboost|p2a: Tyranitar|atk|1\n|move|p2a: Tyranitar|Stealth Rock|p1a: Landorus\n|-sidestart|p1: subl1me|move: Stealth Rock\n|\n|-weather|Sandstorm|[upkeep]\n|-heal|p1a: Landorus|21\/100|[from] item: Leftovers\n|upkeep\n|turn|22\n|\n|t:|1654088880\n|switch|p2a: Slowking|Slowking, F|100\/100\n|move|p1a: Landorus|Stealth Rock|p2a: Slowking\n|-sidestart|p2: Oryen|move: Stealth Rock\n|\n|-weather|Sandstorm|[upkeep]\n|-damage|p2a: Slowking|94\/100|[from] Sandstorm\n|-end|p2a: Slowking|move: Future Sight\n|-resisted|p2a: Slowking\n|-crit|p2a: Slowking\n|-damage|p2a: Slowking|75\/100\n|-heal|p1a: Landorus|27\/100|[from] item: Leftovers\n|upkeep\n|turn|23\n|\n|t:|1654088885\n|move|p1a: Landorus|U-turn|p2a: Slowking\n|-supereffective|p2a: Slowking\n|-damage|p2a: Slowking|35\/100\n|\n|t:|1654088888\n|switch|p1a: Slowking|Slowking, M|87\/100|[from]move: U-turn\n|move|p2a: Slowking|Scald|p1a: Slowking\n|-resisted|p1a: Slowking\n|-damage|p1a: Slowking|80\/100\n|\n|-weather|Sandstorm|[upkeep]\n|-damage|p1a: Slowking|74\/100|[from] Sandstorm\n|-damage|p2a: Slowking|28\/100|[from] Sandstorm\n|upkeep\n|turn|24\n|\n|t:|1654088891\n|move|p2a: Slowking|Slack Off|p2a: Slowking\n|-heal|p2a: Slowking|78\/100\n|move|p1a: Slowking|Future Sight|p2a: Slowking\n|-start|p1a: Slowking|move: Future Sight\n|\n|-weather|none\n|upkeep\n|turn|25\n|\n|t:|1654088901\n|move|p1a: Slowking|Scald|p2a: Slowking\n|-resisted|p2a: Slowking\n|-damage|p2a: Slowking|70\/100\n|move|p2a: Slowking|Teleport|p2a: Slowking\n|\n|t:|1654088905\n|switch|p2a: Tyranitar|Tyranitar, F|100\/100|[from]move: Teleport\n|-damage|p2a: Tyranitar|88\/100|[from] Stealth Rock\n|-weather|Sandstorm|[from] ability: Sand Stream|[of] p2a: Tyranitar\n|\n|-weather|Sandstorm|[upkeep]\n|-damage|p1a: Slowking|67\/100|[from] Sandstorm\n|-heal|p2a: Tyranitar|94\/100|[from] item: Leftovers\n|upkeep\n|turn|26\n|j| Teja gaming\n|\n|t:|1654088909\n|switch|p1a: Landorus|Landorus-Therian, M|27\/100\n|-damage|p1a: Landorus|14\/100|[from] Stealth Rock\n|-ability|p1a: Landorus|Intimidate|boost\n|-unboost|p2a: Tyranitar|atk|1\n|move|p2a: Tyranitar|Rock Blast|p1a: Landorus|[miss]\n|-miss|p2a: Tyranitar|p1a: Landorus\n|\n|-weather|Sandstorm|[upkeep]\n|-end|p2a: Tyranitar|move: Future Sight\n|-immune|p2a: Tyranitar\n|-heal|p1a: Landorus|20\/100|[from] item: Leftovers\n|-heal|p2a: Tyranitar|100\/100|[from] item: Leftovers\n|upkeep\n|turn|27\n|l| Teja gaming\n|\n|t:|1654088918\n|switch|p2a: Buzzwole|Buzzwole|69\/100\n|-damage|p2a: Buzzwole|56\/100|[from] Stealth Rock\n|move|p1a: Landorus|Earthquake|p2a: Buzzwole\n|-resisted|p2a: Buzzwole\n|-damage|p2a: Buzzwole|45\/100\n|\n|-weather|Sandstorm|[upkeep]\n|-damage|p2a: Buzzwole|39\/100|[from] Sandstorm\n|-heal|p1a: Landorus|26\/100|[from] item: Leftovers\n|upkeep\n|turn|28\n|\n|t:|1654088924\n|move|p2a: Buzzwole|Roost|p2a: Buzzwole\n|-heal|p2a: Buzzwole|89\/100\n|-singleturn|p2a: Buzzwole|move: Roost\n|move|p1a: Landorus|U-turn|p2a: Buzzwole\n|-resisted|p2a: Buzzwole\n|-damage|p2a: Buzzwole|83\/100\n|-damage|p1a: Landorus|10\/100|[from] item: Rocky Helmet|[of] p2a: Buzzwole\n|\n|t:|1654088927\n|switch|p1a: Regieleki|Regieleki|94\/100|[from]move: U-turn\n|\n|-weather|Sandstorm|[upkeep]\n|-damage|p1a: Regieleki|88\/100|[from] Sandstorm\n|-damage|p2a: Buzzwole|77\/100|[from] Sandstorm\n|upkeep\n|turn|29\n|\n|t:|1654088934\n|switch|p2a: Garchomp|Garchomp, F|67\/100\n|-damage|p2a: Garchomp|61\/100|[from] Stealth Rock\n|move|p1a: Regieleki|Rapid Spin|p2a: Garchomp\n|-damage|p2a: Garchomp|50\/100\n|-boost|p1a: Regieleki|spe|1\n|-damage|p1a: Regieleki|76\/100|[from] ability: Rough Skin|[of] p2a: Garchomp\n|-sideend|p1: subl1me|Stealth Rock|[from] move: Rapid Spin|[of] p1a: Regieleki\n|\n|-weather|none\n|upkeep\n|turn|30\n|\n|t:|1654088939\n|switch|p1a: Landorus|Landorus-Therian, M|10\/100\n|-ability|p1a: Landorus|Intimidate|boost\n|-unboost|p2a: Garchomp|atk|1\n|move|p2a: Garchomp|Scale Shot|p1a: Landorus|[miss]\n|-miss|p2a: Garchomp|p1a: Landorus\n|\n|-heal|p1a: Landorus|16\/100|[from] item: Leftovers\n|upkeep\n|turn|31\n|\n|t:|1654088945\n|move|p2a: Garchomp|Scale Shot|p1a: Landorus\n|-damage|p1a: Landorus|9\/100\n|-damage|p1a: Landorus|1\/100\n|-hitcount|p1a: Landorus|2\n|-unboost|p2a: Garchomp|def|1\n|-boost|p2a: Garchomp|spe|1\n|move|p1a: Landorus|Earthquake|p2a: Garchomp\n|-damage|p2a: Garchomp|0 fnt\n|faint|p2a: Garchomp\n|\n|-heal|p1a: Landorus|7\/100|[from] item: Leftovers\n|upkeep\n|c|\u2606Oryen|wow\n|c|\u2606subl1me|yeah\n|c|\u2606Oryen|that's really shit luck\n|c|\u2606subl1me|indeed\n|\n|t:|1654088968\n|switch|p2a: Zapdos|Zapdos|37\/100 tox\n|turn|32\n|\n|t:|1654088974\n|move|p2a: Zapdos|Defog|p1a: Landorus\n|-unboost|p1a: Landorus|evasion|1\n|-sideend|p2: Oryen|Stealth Rock|[from] move: Defog|[of] p2a: Zapdos\n|move|p1a: Landorus|Stealth Rock|p2a: Zapdos\n|-sidestart|p2: Oryen|move: Stealth Rock\n|\n|-heal|p1a: Landorus|13\/100|[from] item: Leftovers\n|-damage|p2a: Zapdos|31\/100 tox|[from] psn\n|upkeep\n|turn|33\n|\n|t:|1654088977\n|move|p2a: Zapdos|Hurricane|p1a: Landorus\n|-damage|p1a: Landorus|0 fnt\n|faint|p1a: Landorus\n|\n|-damage|p2a: Zapdos|19\/100 tox|[from] psn\n|upkeep\n|\n|t:|1654088983\n|switch|p1a: Regieleki|Regieleki|76\/100\n|turn|34\n|\n|t:|1654088995\n|switch|p2a: Tyranitar|Tyranitar, F|100\/100\n|-damage|p2a: Tyranitar|88\/100|[from] Stealth Rock\n|-weather|Sandstorm|[from] ability: Sand Stream|[of] p2a: Tyranitar\n|move|p1a: Regieleki|Volt Switch|p2a: Tyranitar\n|-damage|p2a: Tyranitar|69\/100\n|\n|t:|1654088998\n|switch|p1a: Zapdos|Zapdos-Galar|44\/100|[from]move: Volt Switch\n|\n|-weather|Sandstorm|[upkeep]\n|-damage|p1a: Zapdos|38\/100|[from] Sandstorm\n|-heal|p2a: Tyranitar|75\/100|[from] item: Leftovers\n|upkeep\n|turn|35\n|\n|t:|1654089006\n|switch|p2a: Buzzwole|Buzzwole|77\/100\n|-damage|p2a: Buzzwole|65\/100|[from] Stealth Rock\n|move|p1a: Zapdos|U-turn|p2a: Buzzwole\n|-resisted|p2a: Buzzwole\n|-damage|p2a: Buzzwole|56\/100\n|-damage|p1a: Zapdos|22\/100|[from] item: Rocky Helmet|[of] p2a: Buzzwole\n|\n|t:|1654089009\n|switch|p1a: Regieleki|Regieleki|76\/100|[from]move: U-turn\n|\n|-weather|Sandstorm|[upkeep]\n|-damage|p1a: Regieleki|70\/100|[from] Sandstorm\n|-damage|p2a: Buzzwole|50\/100|[from] Sandstorm\n|upkeep\n|turn|36\n|\n|t:|1654089022\n|switch|p2a: Slowking|Slowking, F|100\/100\n|move|p1a: Regieleki|Volt Switch|p2a: Slowking\n|-supereffective|p2a: Slowking\n|-damage|p2a: Slowking|37\/100\n|\n|t:|1654089025\n|switch|p1a: Weavile|Weavile, F|88\/100|[from]move: Volt Switch\n|-ability|p1a: Weavile|Pressure\n|\n|-weather|Sandstorm|[upkeep]\n|-damage|p1a: Weavile|82\/100|[from] Sandstorm\n|-damage|p2a: Slowking|30\/100|[from] Sandstorm\n|upkeep\n|turn|37\n|\n|t:|1654089043\n|move|p1a: Weavile|Swords Dance|p1a: Weavile\n|-boost|p1a: Weavile|atk|2\n|move|p2a: Slowking|Teleport|p2a: Slowking\n|\n|t:|1654089047\n|switch|p2a: Buzzwole|Buzzwole|50\/100|[from]move: Teleport\n|-damage|p2a: Buzzwole|38\/100|[from] Stealth Rock\n|\n|-weather|Sandstorm|[upkeep]\n|-damage|p1a: Weavile|76\/100|[from] Sandstorm\n|-damage|p2a: Buzzwole|32\/100|[from] Sandstorm\n|upkeep\n|turn|38\n|\n|t:|1654089052\n|move|p1a: Weavile|Triple Axel|p2a: Buzzwole\n|-damage|p2a: Buzzwole|21\/100\n|-damage|p1a: Weavile|60\/100|[from] item: Rocky Helmet|[of] p2a: Buzzwole\n|-damage|p2a: Buzzwole|0 fnt\n|-damage|p1a: Weavile|44\/100|[from] item: Rocky Helmet|[of] p2a: Buzzwole\n|faint|p2a: Buzzwole\n|-hitcount|p2: Buzzwole|2\n|\n|-weather|none\n|upkeep\n|j| I want y\n|\n|t:|1654089067\n|switch|p2a: Zapdos|Zapdos|19\/100 tox\n|turn|39\n|\n|t:|1654089078\n|move|p1a: Weavile|Ice Shard|p2a: Zapdos\n|-supereffective|p2a: Zapdos\n|-damage|p2a: Zapdos|0 fnt\n|faint|p2a: Zapdos\n|\n|upkeep\n|j| cesar dios pokemon\n|\n|t:|1654089086\n|switch|p2a: Tyranitar|Tyranitar, F|75\/100\n|-damage|p2a: Tyranitar|62\/100|[from] Stealth Rock\n|-weather|Sandstorm|[from] ability: Sand Stream|[of] p2a: Tyranitar\n|turn|40\n|\n|t:|1654089090\n|switch|p2a: Slowking|Slowking, F|64\/100\n|move|p1a: Weavile|Triple Axel|p2a: Slowking\n|-resisted|p2a: Slowking\n|-damage|p2a: Slowking|54\/100\n|-resisted|p2a: Slowking\n|-damage|p2a: Slowking|35\/100\n|-resisted|p2a: Slowking\n|-damage|p2a: Slowking|8\/100\n|-hitcount|p2a: Slowking|3\n|\n|-weather|Sandstorm|[upkeep]\n|-damage|p1a: Weavile|38\/100|[from] Sandstorm\n|-damage|p2a: Slowking|2\/100|[from] Sandstorm\n|upkeep\n|turn|41\n|\n|t:|1654089097\n|move|p1a: Weavile|Knock Off|p2a: Slowking\n|-supereffective|p2a: Slowking\n|-damage|p2a: Slowking|0 fnt\n|-enditem|p2a: Slowking|Heavy-Duty Boots|[from] move: Knock Off|[of] p1a: Weavile\n|faint|p2a: Slowking\n|\n|-weather|Sandstorm|[upkeep]\n|-damage|p1a: Weavile|31\/100|[from] Sandstorm\n|upkeep\n|\n|t:|1654089100\n|switch|p2a: Tyranitar|Tyranitar, F|62\/100\n|-damage|p2a: Tyranitar|50\/100|[from] Stealth Rock\n|turn|42\n|\n|t:|1654089106\n|move|p1a: Weavile|Triple Axel|p2a: Tyranitar\n|-damage|p2a: Tyranitar|35\/100\n|-damage|p2a: Tyranitar|2\/100\n|-damage|p2a: Tyranitar|0 fnt\n|faint|p2a: Tyranitar\n|-hitcount|p2: Tyranitar|3\n|\n|-weather|Sandstorm|[upkeep]\n|-damage|p1a: Weavile|25\/100|[from] Sandstorm\n|upkeep\n|\n|t:|1654089110\n|switch|p2a: Kartana|Kartana|3\/100\n|-damage|p2a: Kartana|0 fnt|[from] Stealth Rock\n|faint|p2a: Kartana\n|\n|win|subl1me\n|n|\u2606subl1me|subl1me\n|n|\u2606Oryen|oryen\n|n|*Lady Monita \u273f|ladymonita\n|n| yo sup guys|yosupguys\n|n| lilmaad|lilmaad\n|n| t1a2n3i4s5h6|t1a2n3i4s5h6\n|n| missbitch|missbitch\n|n| I want y|iwanty\n|n| cesar dios pokemon|cesardiospokemon\n","uploadtime":1654089111,"views":26,"p1id":"subl1me","p2id":"oryen","formatid":"gen8ou","rating":0,"private":0,"password":null}