{"id":"gen8ou-1655578584","p1":"TheImpactAssault","p2":"galarian dragapult","format":"gen8ou","log":"|j|\u2606TheImpactAssault\n|j|\u2606galarian dragapult\n|t:|1662257907\n|gametype|singles\n|player|p1|TheImpactAssault|hilda|1610\n|player|p2|galarian dragapult|zinzolin|1654\n|teamsize|p1|6\n|teamsize|p2|6\n|gen|8\n|tier|[Gen 8] OU\n|rated|\n|rule|Sleep Clause Mod: Limit one foe put to sleep\n|rule|Species Clause: Limit one of each Pok\u00e9mon\n|rule|OHKO Clause: OHKO moves are banned\n|rule|Evasion Items Clause: Evasion items are banned\n|rule|Evasion Moves Clause: Evasion moves are banned\n|rule|Endless Battle Clause: Forcing endless battles is banned\n|rule|HP Percentage Mod: HP is shown in percentages\n|rule|Dynamax Clause: You cannot dynamax\n|clearpoke\n|poke|p1|Corviknight, F|\n|poke|p1|Dragapult, M|\n|poke|p1|Blissey, F|\n|poke|p1|Incineroar, M|\n|poke|p1|Zapdos|\n|poke|p1|Toxapex, M|\n|poke|p2|Blacephalon|\n|poke|p2|Blissey, F|\n|poke|p2|Buzzwole|\n|poke|p2|Melmetal|\n|poke|p2|Slowbro, M|\n|poke|p2|Landorus-Therian, M|\n|teampreview\n|inactive|Battle timer is ON: inactive players will automatically lose when time's up. (requested by TheImpactAssault)\n|inactive|galarian dragapult has 120 seconds left.\n|\n|t:|1662257959\n|start\n|switch|p1a: Incineroar|Incineroar, M|100\/100\n|switch|p2a: Blissey|Blissey, F|100\/100\n|-ability|p1a: Incineroar|Intimidate|boost\n|-unboost|p2a: Blissey|atk|1\n|turn|1\n|\n|t:|1662257968\n|move|p1a: Incineroar|Knock Off|p2a: Blissey\n|-damage|p2a: Blissey|65\/100\n|-enditem|p2a: Blissey|Heavy-Duty Boots|[from] move: Knock Off|[of] p1a: Incineroar\n|move|p2a: Blissey|Toxic|p1a: Incineroar\n|-status|p1a: Incineroar|tox\n|\n|-damage|p1a: Incineroar|94\/100 tox|[from] psn\n|upkeep\n|turn|2\n|\n|t:|1662257972\n|move|p1a: Incineroar|Parting Shot|p2a: Blissey\n|-unboost|p2a: Blissey|atk|1\n|-unboost|p2a: Blissey|spa|1\n|\n|t:|1662257975\n|switch|p1a: Corviknight|Corviknight, F|100\/100|[from]move: Parting Shot\n|-ability|p1a: Corviknight|Pressure\n|move|p2a: Blissey|Soft-Boiled|p2a: Blissey\n|-heal|p2a: Blissey|100\/100\n|\n|upkeep\n|turn|3\n|\n|t:|1662257980\n|switch|p2a: Slowbro|Slowbro, M|100\/100\n|move|p1a: Corviknight|Substitute|p1a: Corviknight\n|-start|p1a: Corviknight|Substitute\n|-damage|p1a: Corviknight|75\/100\n|\n|-heal|p1a: Corviknight|82\/100|[from] item: Leftovers\n|upkeep\n|turn|4\n|\n|t:|1662257984\n|move|p1a: Corviknight|Iron Defense|p1a: Corviknight\n|-boost|p1a: Corviknight|def|2\n|move|p2a: Slowbro|Scald|p1a: Corviknight\n|-activate|p1a: Corviknight|move: Substitute|[damage]\n|\n|-heal|p1a: Corviknight|88\/100|[from] item: Leftovers\n|upkeep\n|turn|5\n|\n|t:|1662257987\n|switch|p2a: Blacephalon|Blacephalon|100\/100\n|move|p1a: Corviknight|Iron Defense|p1a: Corviknight\n|-boost|p1a: Corviknight|def|2\n|\n|-heal|p1a: Corviknight|94\/100|[from] item: Leftovers\n|upkeep\n|turn|6\n|\n|t:|1662257991\n|move|p2a: Blacephalon|Flamethrower|p1a: Corviknight\n|-supereffective|p1a: Corviknight\n|-end|p1a: Corviknight|Substitute\n|move|p1a: Corviknight|Substitute|p1a: Corviknight\n|-start|p1a: Corviknight|Substitute\n|-damage|p1a: Corviknight|69\/100\n|\n|-heal|p1a: Corviknight|75\/100|[from] item: Leftovers\n|upkeep\n|turn|7\n|\n|t:|1662257994\n|move|p2a: Blacephalon|Flamethrower|p1a: Corviknight\n|-supereffective|p1a: Corviknight\n|-end|p1a: Corviknight|Substitute\n|move|p1a: Corviknight|Substitute|p1a: Corviknight\n|-start|p1a: Corviknight|Substitute\n|-damage|p1a: Corviknight|50\/100\n|\n|-heal|p1a: Corviknight|57\/100|[from] item: Leftovers\n|upkeep\n|turn|8\n|\n|t:|1662257996\n|move|p2a: Blacephalon|Flamethrower|p1a: Corviknight\n|-supereffective|p1a: Corviknight\n|-end|p1a: Corviknight|Substitute\n|move|p1a: Corviknight|Substitute|p1a: Corviknight\n|-start|p1a: Corviknight|Substitute\n|-damage|p1a: Corviknight|32\/100\n|\n|-heal|p1a: Corviknight|38\/100|[from] item: Leftovers\n|upkeep\n|turn|9\n|\n|t:|1662257999\n|move|p2a: Blacephalon|Flamethrower|p1a: Corviknight\n|-supereffective|p1a: Corviknight\n|-end|p1a: Corviknight|Substitute\n|move|p1a: Corviknight|Roost|p1a: Corviknight\n|-heal|p1a: Corviknight|88\/100\n|-singleturn|p1a: Corviknight|move: Roost\n|\n|-heal|p1a: Corviknight|94\/100|[from] item: Leftovers\n|upkeep\n|turn|10\n|\n|t:|1662258009\n|switch|p2a: Blissey|Blissey, F|100\/100\n|switch|p1a: Blissey|Blissey, F|100\/100\n|\n|upkeep\n|turn|11\n|\n|t:|1662258011\n|move|p1a: Blissey|Wish|p1a: Blissey\n|move|p2a: Blissey|Stealth Rock|p1a: Blissey\n|-sidestart|p1: TheImpactAssault|move: Stealth Rock\n|\n|upkeep\n|turn|12\n|\n|t:|1662258019\n|switch|p1a: Corviknight|Corviknight, F|94\/100\n|-damage|p1a: Corviknight|82\/100|[from] Stealth Rock\n|-ability|p1a: Corviknight|Pressure\n|switch|p2a: Slowbro|Slowbro, M|100\/100\n|\n|-heal|p1a: Corviknight|100\/100|[from] move: Wish|[wisher] Blissey\n|upkeep\n|turn|13\n|\n|t:|1662258023\n|move|p1a: Corviknight|Substitute|p1a: Corviknight\n|-start|p1a: Corviknight|Substitute\n|-damage|p1a: Corviknight|75\/100\n|move|p2a: Slowbro|Future Sight|p1a: Corviknight\n|-start|p2a: Slowbro|move: Future Sight\n|\n|-heal|p1a: Corviknight|82\/100|[from] item: Leftovers\n|upkeep\n|turn|14\n|\n|t:|1662258027\n|move|p1a: Corviknight|Iron Defense|p1a: Corviknight\n|-boost|p1a: Corviknight|def|2\n|move|p2a: Slowbro|Scald|p1a: Corviknight\n|-activate|p1a: Corviknight|move: Substitute|[damage]\n|\n|-heal|p1a: Corviknight|88\/100|[from] item: Leftovers\n|upkeep\n|turn|15\n|\n|t:|1662258032\n|move|p1a: Corviknight|Iron Defense|p1a: Corviknight\n|-boost|p1a: Corviknight|def|2\n|move|p2a: Slowbro|Scald|p1a: Corviknight\n|-end|p1a: Corviknight|Substitute\n|\n|-end|p1a: Corviknight|move: Future Sight\n|-resisted|p1a: Corviknight\n|-damage|p1a: Corviknight|70\/100\n|-heal|p1a: Corviknight|76\/100|[from] item: Leftovers\n|upkeep\n|turn|16\n|\n|t:|1662258038\n|switch|p2a: Blacephalon|Blacephalon|100\/100\n|move|p1a: Corviknight|Substitute|p1a: Corviknight\n|-start|p1a: Corviknight|Substitute\n|-damage|p1a: Corviknight|51\/100\n|\n|-heal|p1a: Corviknight|57\/100|[from] item: Leftovers\n|upkeep\n|turn|17\n|\n|t:|1662258047\n|move|p2a: Blacephalon|Shadow Ball|p1a: Corviknight\n|-end|p1a: Corviknight|Substitute\n|move|p1a: Corviknight|Substitute|p1a: Corviknight\n|-start|p1a: Corviknight|Substitute\n|-damage|p1a: Corviknight|32\/100\n|\n|-heal|p1a: Corviknight|39\/100|[from] item: Leftovers\n|upkeep\n|turn|18\n|\n|t:|1662258051\n|move|p2a: Blacephalon|Shadow Ball|p1a: Corviknight\n|-end|p1a: Corviknight|Substitute\n|move|p1a: Corviknight|Roost|p1a: Corviknight\n|-heal|p1a: Corviknight|89\/100\n|-singleturn|p1a: Corviknight|move: Roost\n|\n|-heal|p1a: Corviknight|95\/100|[from] item: Leftovers\n|upkeep\n|turn|19\n|\n|t:|1662258053\n|switch|p1a: Incineroar|Incineroar, M|94\/100 tox\n|-ability|p1a: Incineroar|Intimidate|boost\n|-unboost|p2a: Blacephalon|atk|1\n|move|p2a: Blacephalon|Shadow Ball|p1a: Incineroar\n|-resisted|p1a: Incineroar\n|-damage|p1a: Incineroar|67\/100 tox\n|-unboost|p1a: Incineroar|spd|1\n|\n|-damage|p1a: Incineroar|61\/100 tox|[from] psn\n|upkeep\n|turn|20\n|j| zasdhgsdhj\n|\n|t:|1662258059\n|switch|p2a: Blissey|Blissey, F|100\/100\n|move|p1a: Incineroar|Parting Shot|p2a: Blissey\n|-unboost|p2a: Blissey|atk|1\n|-unboost|p2a: Blissey|spa|1\n|\n|t:|1662258063\n|switch|p1a: Dragapult|Dragapult, M|100\/100|[from]move: Parting Shot\n|-damage|p1a: Dragapult|88\/100|[from] Stealth Rock\n|\n|-heal|p1a: Dragapult|94\/100|[from] item: Leftovers\n|upkeep\n|turn|21\n|\n|t:|1662258068\n|move|p1a: Dragapult|Substitute|p1a: Dragapult\n|-start|p1a: Dragapult|Substitute\n|-damage|p1a: Dragapult|69\/100\n|move|p2a: Blissey|Toxic||[still]\n|-fail|p2a: Blissey\n|\n|-heal|p1a: Dragapult|75\/100|[from] item: Leftovers\n|upkeep\n|turn|22\n|j| BabyPigsAreLaughin\n|\n|t:|1662258076\n|switch|p2a: Landorus|Landorus-Therian, M|100\/100\n|-ability|p2a: Landorus|Intimidate|boost\n|-immune|p1a: Dragapult\n|move|p1a: Dragapult|Dragon Dance|p1a: Dragapult\n|-boost|p1a: Dragapult|atk|1\n|-boost|p1a: Dragapult|spe|1\n|\n|-heal|p1a: Dragapult|81\/100|[from] item: Leftovers\n|upkeep\n|turn|23\n|\n|t:|1662258080\n|move|p1a: Dragapult|Phantom Force||[still]\n|-prepare|p1a: Dragapult|Phantom Force\n|move|p2a: Landorus|Earthquake|p1a: Dragapult|[miss]\n|-miss|p2a: Landorus|p1a: Dragapult\n|\n|-heal|p1a: Dragapult|87\/100|[from] item: Leftovers\n|upkeep\n|turn|24\n|\n|t:|1662258083\n|move|p1a: Dragapult|Phantom Force|p2a: Landorus|[from]lockedmove\n|-damage|p2a: Landorus|24\/100\n|move|p2a: Landorus|Knock Off|p1a: Dragapult\n|-supereffective|p1a: Dragapult\n|-end|p1a: Dragapult|Substitute\n|\n|-heal|p1a: Dragapult|93\/100|[from] item: Leftovers\n|-heal|p2a: Landorus|30\/100|[from] item: Leftovers\n|upkeep\n|turn|25\n|\n|t:|1662258087\n|move|p1a: Dragapult|Substitute|p1a: Dragapult\n|-start|p1a: Dragapult|Substitute\n|-damage|p1a: Dragapult|68\/100\n|move|p2a: Landorus|Knock Off|p1a: Dragapult\n|-supereffective|p1a: Dragapult\n|-end|p1a: Dragapult|Substitute\n|\n|-heal|p1a: Dragapult|74\/100|[from] item: Leftovers\n|-heal|p2a: Landorus|36\/100|[from] item: Leftovers\n|upkeep\n|turn|26\n|\n|t:|1662258091\n|switch|p2a: Blissey|Blissey, F|100\/100\n|move|p1a: Dragapult|Dragon Darts|p2a: Blissey\n|-damage|p2a: Blissey|65\/100\n|-anim|p1a: Dragapult|Dragon Darts|p2a: Blissey\n|-damage|p2a: Blissey|32\/100\n|\n|-heal|p1a: Dragapult|80\/100|[from] item: Leftovers\n|upkeep\n|turn|27\n|-message|galarian dragapult forfeited.\n|\n|win|TheImpactAssault\n|raw|TheImpactAssault's rating: 1610 &rarr; <strong>1633<\/strong><br \/>(+23 for winning)\n|raw|galarian dragapult's rating: 1654 &rarr; <strong>1631<\/strong><br \/>(-23 for losing)\n|l|\u2606galarian dragapult\n||Ladder isn't responding, score probably updated but might not have (Request timeout).\n","uploadtime":1662258108,"views":33,"p1id":"theimpactassault","p2id":"galariandragapult","formatid":"gen8ou","rating":1631,"private":0,"password":null}