{"id":"gen8ou-1593486701","p1":"Cubielubie","p2":"Shardul888","format":"gen8ou","log":"|j|\u2606Cubielubie\n|j|\u2606Shardul888\n|t:|1654883599\n|gametype|singles\n|player|p1|Cubielubie|169|1637\n|player|p2|Shardul888|palmer|1596\n|teamsize|p1|6\n|teamsize|p2|6\n|gen|8\n|tier|[Gen 8] OU\n|rated|\n|rule|Sleep Clause Mod: Limit one foe put to sleep\n|rule|Species Clause: Limit one of each Pok\u00e9mon\n|rule|OHKO Clause: OHKO moves are banned\n|rule|Evasion Moves Clause: Evasion moves are banned\n|rule|Endless Battle Clause: Forcing endless battles is banned\n|rule|HP Percentage Mod: HP is shown in percentages\n|rule|Dynamax Clause: You cannot dynamax\n|clearpoke\n|poke|p1|Pelipper, M|\n|poke|p1|Barraskewda, M|\n|poke|p1|Porygon-Z|\n|poke|p1|Ferrothorn, M|\n|poke|p1|Tapu Lele|\n|poke|p1|Seismitoad, M|\n|poke|p2|Dragonite, M|\n|poke|p2|Toxapex, F|\n|poke|p2|Slowking-Galar, F|\n|poke|p2|Skarmory, M|\n|poke|p2|Blaziken, M|\n|poke|p2|Porygon2|\n|teampreview\n|inactive|Battle timer is ON: inactive players will automatically lose when time's up. (requested by Shardul888)\n|\n|t:|1654883611\n|start\n|switch|p1a: Pelipper|Pelipper, M|100\/100\n|switch|p2a: BLACK|Toxapex, F|100\/100\n|-weather|RainDance|[from] ability: Drizzle|[of] p1a: Pelipper\n|turn|1\n|\n|t:|1654883623\n|move|p2a: BLACK|Baneful Bunker|p2a: BLACK\n|-singleturn|p2a: BLACK|move: Protect\n|move|p1a: Pelipper|U-turn|p2a: BLACK\n|-activate|p2a: BLACK|move: Protect\n|-status|p1a: Pelipper|psn\n|\n|-weather|RainDance|[upkeep]\n|-damage|p1a: Pelipper|88\/100 psn|[from] psn\n|upkeep\n|turn|2\n|j| Karkl\n|\n|t:|1654883633\n|move|p1a: Pelipper|U-turn|p2a: BLACK\n|-resisted|p2a: BLACK\n|-damage|p2a: BLACK|98\/100\n|\n|t:|1654883636\n|switch|p1a: Ferrothorn|Ferrothorn, M|100\/100|[from]move: U-turn\n|move|p2a: BLACK|Toxic|p1a: Ferrothorn\n|-immune|p1a: Ferrothorn\n|\n|-weather|RainDance|[upkeep]\n|-heal|p2a: BLACK|100\/100|[from] item: Black Sludge\n|upkeep\n|turn|3\n|\n|t:|1654883645\n|move|p2a: BLACK|Scald|p1a: Ferrothorn\n|-resisted|p1a: Ferrothorn\n|-damage|p1a: Ferrothorn|91\/100\n|-status|p1a: Ferrothorn|brn\n|move|p1a: Ferrothorn|Stealth Rock|p2a: BLACK\n|-sidestart|p2: Shardul888|move: Stealth Rock\n|\n|-weather|RainDance|[upkeep]\n|-damage|p1a: Ferrothorn|85\/100 brn|[from] brn\n|upkeep\n|turn|4\n|\n|t:|1654883670\n|switch|p2a: PINK|Skarmory, M|100\/100\n|-damage|p2a: PINK|88\/100|[from] Stealth Rock\n|move|p1a: Ferrothorn|Knock Off|p2a: PINK\n|-damage|p2a: PINK|81\/100\n|-enditem|p2a: PINK|Leftovers|[from] move: Knock Off|[of] p1a: Ferrothorn\n|\n|-weather|RainDance|[upkeep]\n|-damage|p1a: Ferrothorn|79\/100 brn|[from] brn\n|upkeep\n|turn|5\n|\n|t:|1654883683\n|switch|p1a: Porygon-Z|Porygon-Z|100\/100\n|-ability|p1a: Porygon-Z|Download|boost\n|-boost|p1a: Porygon-Z|spa|1\n|move|p2a: PINK|Defog|p1a: Porygon-Z\n|-unboost|p1a: Porygon-Z|evasion|1\n|-sideend|p2: Shardul888|Stealth Rock|[from] move: Defog|[of] p2a: PINK\n|\n|-weather|RainDance|[upkeep]\n|upkeep\n|turn|6\n|\n|t:|1654883693\n|switch|p2a: GREEN|Slowking-Galar, F|100\/100\n|move|p1a: Porygon-Z|Tri Attack|p2a: GREEN\n|-damage|p2a: GREEN|38\/100\n|\n|-weather|RainDance|[upkeep]\n|upkeep\n|turn|7\n|\n|t:|1654883704\n|switch|p2a: WHITE|Porygon2|100\/100\n|move|p1a: Porygon-Z|Tri Attack|p2a: WHITE\n|-damage|p2a: WHITE|31\/100\n|\n|-weather|RainDance|[upkeep]\n|upkeep\n|turn|8\n|\n|t:|1654883719\n|switch|p2a: PINK|Skarmory, M|81\/100\n|move|p1a: Porygon-Z|Tri Attack|p2a: PINK\n|-resisted|p2a: PINK\n|-damage|p2a: PINK|20\/100\n|\n|-weather|none\n|upkeep\n|turn|9\n|\n|t:|1654883729\n|move|p1a: Porygon-Z|Tri Attack|p2a: PINK\n|-resisted|p2a: PINK\n|-damage|p2a: PINK|0 fnt\n|faint|p2a: PINK\n|\n|upkeep\n|\n|t:|1654883735\n|switch|p2a: BLUE|Blaziken, M, shiny|100\/100\n|turn|10\n|\n|t:|1654883741\n|switch|p1a: Pelipper|Pelipper, M|88\/100 psn\n|-weather|RainDance|[from] ability: Drizzle|[of] p1a: Pelipper\n|move|p2a: BLUE|Protect||[still]\n|-fail|p2a: BLUE\n|\n|-weather|RainDance|[upkeep]\n|-damage|p1a: Pelipper|76\/100 psn|[from] psn\n|-ability|p2a: BLUE|Speed Boost|boost\n|-boost|p2a: BLUE|spe|1\n|upkeep\n|turn|11\n|\n|t:|1654883752\n|switch|p2a: GREEN|Slowking-Galar, F|72\/100\n|switch|p1a: Tapu Lele|Tapu Lele|100\/100\n|-fieldstart|move: Psychic Terrain|[from] ability: Psychic Surge|[of] p1a: Tapu Lele\n|\n|-weather|RainDance|[upkeep]\n|upkeep\n|turn|12\n|\n|t:|1654883761\n|switch|p1a: Ferrothorn|Ferrothorn, M|79\/100 brn\n|move|p2a: GREEN|Sludge Bomb|p1a: Ferrothorn\n|-immune|p1a: Ferrothorn\n|\n|-weather|RainDance|[upkeep]\n|-damage|p1a: Ferrothorn|73\/100 brn|[from] brn\n|upkeep\n|turn|13\n|l| Karkl\n|\n|t:|1654883770\n|move|p2a: GREEN|Flamethrower|p1a: Ferrothorn\n|-supereffective|p1a: Ferrothorn\n|-damage|p1a: Ferrothorn|18\/100 brn\n|move|p1a: Ferrothorn|Stealth Rock|p2a: GREEN\n|-sidestart|p2: Shardul888|move: Stealth Rock\n|\n|-weather|RainDance|[upkeep]\n|-damage|p1a: Ferrothorn|12\/100 brn|[from] brn\n|upkeep\n|turn|14\n|\n|t:|1654883779\n|move|p2a: GREEN|Psyshock|p1a: Ferrothorn\n|-resisted|p1a: Ferrothorn\n|-damage|p1a: Ferrothorn|0 fnt\n|faint|p1a: Ferrothorn\n|\n|-weather|RainDance|[upkeep]\n|upkeep\n|\n|t:|1654883782\n|switch|p1a: Barraskewda|Barraskewda, M|100\/100\n|turn|15\n|\n|t:|1654883790\n|switch|p2a: BLACK|Toxapex, F|100\/100\n|-damage|p2a: BLACK|88\/100|[from] Stealth Rock\n|move|p1a: Barraskewda|Flip Turn|p2a: BLACK\n|-resisted|p2a: BLACK\n|-damage|p2a: BLACK|63\/100\n|\n|t:|1654883794\n|switch|p1a: Porygon-Z|Porygon-Z|100\/100|[from]move: Flip Turn\n|-ability|p1a: Porygon-Z|Download|boost\n|-boost|p1a: Porygon-Z|atk|1\n|\n|-weather|RainDance|[upkeep]\n|-heal|p2a: BLACK|70\/100|[from] item: Black Sludge\n|-fieldend|move: Psychic Terrain\n|upkeep\n|turn|16\n|\n|t:|1654883805\n|move|p2a: BLACK|Baneful Bunker|p2a: BLACK\n|-singleturn|p2a: BLACK|move: Protect\n|move|p1a: Porygon-Z|Thunder|p2a: BLACK\n|-activate|p2a: BLACK|move: Protect\n|\n|-weather|RainDance|[upkeep]\n|-heal|p2a: BLACK|76\/100|[from] item: Black Sludge\n|upkeep\n|turn|17\n|\n|t:|1654883815\n|move|p1a: Porygon-Z|Thunder|p2a: BLACK\n|-supereffective|p2a: BLACK\n|-damage|p2a: BLACK|0 fnt\n|faint|p2a: BLACK\n|\n|-weather|none\n|upkeep\n|\n|t:|1654883825\n|switch|p2a: BLUE|Blaziken, M, shiny|100\/100\n|-damage|p2a: BLUE|88\/100|[from] Stealth Rock\n|turn|18\n|\n|t:|1654883829\n|switch|p1a: Pelipper|Pelipper, M|76\/100 psn\n|-weather|RainDance|[from] ability: Drizzle|[of] p1a: Pelipper\n|move|p2a: BLUE|Knock Off|p1a: Pelipper\n|-damage|p1a: Pelipper|40\/100 psn\n|-enditem|p1a: Pelipper|Damp Rock|[from] move: Knock Off|[of] p2a: BLUE\n|\n|-weather|RainDance|[upkeep]\n|-damage|p1a: Pelipper|27\/100 psn|[from] psn\n|-ability|p2a: BLUE|Speed Boost|boost\n|-boost|p2a: BLUE|spe|1\n|upkeep\n|turn|19\n|\n|t:|1654883845\n|switch|p1a: Seismitoad|Seismitoad, M|100\/100\n|move|p2a: BLUE|Protect||[still]\n|-fail|p2a: BLUE\n|\n|-weather|RainDance|[upkeep]\n|-ability|p2a: BLUE|Speed Boost|boost\n|-boost|p2a: BLUE|spe|1\n|upkeep\n|turn|20\n|\n|t:|1654883855\n|move|p1a: Seismitoad|Weather Ball|p2a: BLUE\n|-supereffective|p2a: BLUE\n|-damage|p2a: BLUE|0 fnt\n|faint|p2a: BLUE\n|\n|-weather|RainDance|[upkeep]\n|upkeep\n|-message|Shardul888 forfeited.\n|\n|win|Cubielubie\n|raw|Cubielubie's rating: 1637 &rarr; <strong>1655<\/strong><br \/>(+18 for winning)\n|raw|Shardul888's rating: 1596 &rarr; <strong>1578<\/strong><br \/>(-18 for losing)\n|l|\u2606Shardul888\n||Ladder isn't responding, score probably updated but might not have (Request timeout).\n","uploadtime":1654883874,"views":11,"p1id":"cubielubie","p2id":"shardul888","formatid":"gen8ou","rating":1578,"private":0,"password":null}