{"id":"gen8ou-1670518058","p1":"JoJo Reference #10","p2":"Iznamakin","format":"gen8ou","log":"|j|\u2606JoJo Reference #10\n|j|\u2606Iznamakin\n|t:|1664172769\n|gametype|singles\n|player|p1|JoJo Reference #10|265|1663\n|player|p2|Iznamakin|chase|1694\n|teamsize|p1|6\n|teamsize|p2|6\n|gen|8\n|tier|[Gen 8] OU\n|rated|\n|rule|Sleep Clause Mod: Limit one foe put to sleep\n|rule|Species Clause: Limit one of each Pok\u00e9mon\n|rule|OHKO Clause: OHKO moves are banned\n|rule|Evasion Items Clause: Evasion items are banned\n|rule|Evasion Moves Clause: Evasion moves are banned\n|rule|Endless Battle Clause: Forcing endless battles is banned\n|rule|HP Percentage Mod: HP is shown in percentages\n|rule|Dynamax Clause: You cannot dynamax\n|clearpoke\n|poke|p1|Scolipede, F|\n|poke|p1|Terrakion|\n|poke|p1|Kartana|\n|poke|p1|Tapu Fini|\n|poke|p1|Nidoking, M|\n|poke|p1|Dragapult, M|\n|poke|p2|Rillaboom, M|\n|poke|p2|Blaziken, M|\n|poke|p2|Mew|\n|poke|p2|Bisharp, M|\n|poke|p2|Zapdos-Galar|\n|poke|p2|Regieleki|\n|teampreview\n|inactive|Battle timer is ON: inactive players will automatically lose when time's up. (requested by Iznamakin)\n|\n|t:|1664172773\n|start\n|switch|p1a: Scolipede|Scolipede, F|100\/100\n|switch|p2a: Mew|Mew|100\/100\n|turn|1\n|\n|t:|1664172776\n|move|p2a: Mew|Stealth Rock|p1a: Scolipede\n|-sidestart|p1: JoJo Reference #10|move: Stealth Rock\n|move|p1a: Scolipede|Spikes|p2a: Mew\n|-sidestart|p2: Iznamakin|Spikes\n|\n|-ability|p1a: Scolipede|Speed Boost|boost\n|-boost|p1a: Scolipede|spe|1\n|upkeep\n|turn|2\n|\n|t:|1664172778\n|move|p1a: Scolipede|Spikes|p2a: Mew\n|-sidestart|p2: Iznamakin|Spikes\n|move|p2a: Mew|Spikes|p1a: Scolipede\n|-sidestart|p1: JoJo Reference #10|Spikes\n|\n|-ability|p1a: Scolipede|Speed Boost|boost\n|-boost|p1a: Scolipede|spe|1\n|upkeep\n|turn|3\n|\n|t:|1664172779\n|move|p1a: Scolipede|Spikes|p2a: Mew\n|-sidestart|p2: Iznamakin|Spikes\n|move|p2a: Mew|Spikes|p1a: Scolipede\n|-sidestart|p1: JoJo Reference #10|Spikes\n|\n|-ability|p1a: Scolipede|Speed Boost|boost\n|-boost|p1a: Scolipede|spe|1\n|upkeep\n|turn|4\n|\n|t:|1664172780\n|move|p1a: Scolipede|Megahorn|p2a: Mew\n|-supereffective|p2a: Mew\n|-damage|p2a: Mew|0 fnt\n|faint|p2a: Mew\n|\n|-ability|p1a: Scolipede|Speed Boost|boost\n|-boost|p1a: Scolipede|spe|1\n|upkeep\n|\n|t:|1664172787\n|switch|p2a: Zapdos|Zapdos-Galar|100\/100\n|turn|5\n|\n|t:|1664172789\n|move|p1a: Scolipede|Megahorn|p2a: Zapdos\n|-resisted|p2a: Zapdos\n|-damage|p2a: Zapdos|84\/100\n|move|p2a: Zapdos|Drill Peck|p1a: Scolipede\n|-supereffective|p1a: Scolipede\n|-enditem|p1a: Scolipede|Focus Sash\n|-damage|p1a: Scolipede|1\/100\n|\n|-ability|p1a: Scolipede|Speed Boost|boost\n|-boost|p1a: Scolipede|spe|1\n|upkeep\n|turn|6\n|\n|t:|1664172792\n|move|p1a: Scolipede|Endeavor|p2a: Zapdos\n|-damage|p2a: Zapdos|1\/100\n|move|p2a: Zapdos|Drill Peck|p1a: Scolipede\n|-supereffective|p1a: Scolipede\n|-damage|p1a: Scolipede|0 fnt\n|faint|p1a: Scolipede\n|\n|upkeep\n|\n|t:|1664172798\n|switch|p1a: Kartana|Kartana|100\/100\n|-damage|p1a: Kartana|94\/100|[from] Stealth Rock\n|-damage|p1a: Kartana|78\/100|[from] Spikes\n|turn|7\n|\n|t:|1664172802\n|move|p1a: Kartana|Sacred Sword|p2a: Zapdos\n|-resisted|p2a: Zapdos\n|-damage|p2a: Zapdos|0 fnt\n|faint|p2a: Zapdos\n|-ability|p1a: Kartana|Beast Boost|boost\n|-boost|p1a: Kartana|atk|1\n|\n|upkeep\n|\n|t:|1664172805\n|switch|p2a: Regieleki|Regieleki|100\/100\n|-damage|p2a: Regieleki|76\/100|[from] Spikes\n|turn|8\n|\n|t:|1664172808\n|switch|p1a: Dragapult|Dragapult, M|100\/100\n|-damage|p1a: Dragapult|88\/100|[from] Stealth Rock\n|-damage|p1a: Dragapult|72\/100|[from] Spikes\n|move|p2a: Regieleki|Volt Switch|p1a: Dragapult\n|-resisted|p1a: Dragapult\n|-damage|p1a: Dragapult|23\/100\n|\n|t:|1664172812\n|switch|p2a: Rillaboom|Rillaboom, M, shiny|100\/100|[from]move: Volt Switch\n|-damage|p2a: Rillaboom|76\/100|[from] Spikes\n|-fieldstart|move: Grassy Terrain|[from] ability: Grassy Surge|[of] p2a: Rillaboom\n|\n|-heal|p1a: Dragapult|29\/100|[from] Grassy Terrain\n|-heal|p2a: Rillaboom|82\/100|[from] Grassy Terrain\n|upkeep\n|turn|9\n|\n|t:|1664172815\n|move|p2a: Rillaboom|Grassy Glide|p1a: Dragapult\n|-resisted|p1a: Dragapult\n|-damage|p1a: Dragapult|0 fnt\n|faint|p1a: Dragapult\n|-damage|p2a: Rillaboom|72\/100|[from] item: Life Orb\n|\n|-heal|p2a: Rillaboom|78\/100|[from] Grassy Terrain\n|upkeep\n|\n|t:|1664172817\n|switch|p1a: Kartana|Kartana|78\/100\n|-damage|p1a: Kartana|72\/100|[from] Stealth Rock\n|-damage|p1a: Kartana|55\/100|[from] Spikes\n|turn|10\n|\n|t:|1664172818\n|move|p1a: Kartana|Sacred Sword|p2a: Rillaboom\n|-damage|p2a: Rillaboom|33\/100\n|move|p2a: Rillaboom|Superpower|p1a: Kartana\n|-supereffective|p1a: Kartana\n|-damage|p1a: Kartana|0 fnt\n|-unboost|p2a: Rillaboom|atk|1\n|-unboost|p2a: Rillaboom|def|1\n|faint|p1a: Kartana\n|-damage|p2a: Rillaboom|23\/100|[from] item: Life Orb\n|\n|-heal|p2a: Rillaboom|29\/100|[from] Grassy Terrain\n|upkeep\n|\n|t:|1664172821\n|switch|p1a: Tapu Fini|Tapu Fini|100\/100\n|-damage|p1a: Tapu Fini|88\/100|[from] Stealth Rock\n|-damage|p1a: Tapu Fini|71\/100|[from] Spikes\n|-fieldstart|move: Misty Terrain|[from] ability: Misty Surge|[of] p1a: Tapu Fini\n|turn|11\n|\n|t:|1664172827\n|switch|p1a: Nidoking|Nidoking, M|100\/100\n|-damage|p1a: Nidoking|95\/100|[from] Stealth Rock\n|-damage|p1a: Nidoking|78\/100|[from] Spikes\n|move|p2a: Rillaboom|Grassy Glide|p1a: Nidoking\n|-damage|p1a: Nidoking|34\/100\n|-damage|p2a: Rillaboom|19\/100|[from] item: Life Orb\n|\n|upkeep\n|turn|12\n|j| Minihercules\n|\n|t:|1664172834\n|switch|p2a: Bisharp|Bisharp, M|100\/100\n|-damage|p2a: Bisharp|76\/100|[from] Spikes\n|move|p1a: Nidoking|Earth Power|p2a: Bisharp\n|-supereffective|p2a: Bisharp\n|-damage|p2a: Bisharp|0 fnt\n|faint|p2a: Bisharp\n|\n|upkeep\n|\n|t:|1664172838\n|switch|p2a: Blaziken|Blaziken, M|100\/100\n|-damage|p2a: Blaziken|76\/100|[from] Spikes\n|turn|13\n|\n|t:|1664172845\n|move|p1a: Nidoking|Earth Power|p2a: Blaziken\n|-supereffective|p2a: Blaziken\n|-damage|p2a: Blaziken|0 fnt\n|faint|p2a: Blaziken\n|\n|upkeep\n|-message|Iznamakin forfeited.\n|\n|win|JoJo Reference #10\n|raw|JoJo Reference #10's rating: 1663 &rarr; <strong>1685<\/strong><br \/>(+22 for winning)\n|raw|Iznamakin's rating: 1694 &rarr; <strong>1672<\/strong><br \/>(-22 for losing)\n|l|\u2606Iznamakin\n","uploadtime":1664172852,"views":40,"p1id":"jojoreference10","p2id":"iznamakin","formatid":"gen8ou","rating":1672,"private":0,"password":null}