{"id":"gen8ou-1653580139","p1":"THE KING MJ","p2":"legitteambuilder","format":"gen8ou","log":"|j|\u2606THE KING MJ\n|j|\u2606legitteambuilder\n|t:|1662046162\n|gametype|singles\n|player|p1|THE KING MJ|ethan-masters|1678\n|player|p2|legitteambuilder|koga|1659\n|teamsize|p1|6\n|teamsize|p2|6\n|gen|8\n|tier|[Gen 8] OU\n|rated|\n|rule|Sleep Clause Mod: Limit one foe put to sleep\n|rule|Species Clause: Limit one of each Pok\u00e9mon\n|rule|OHKO Clause: OHKO moves are banned\n|rule|Evasion Items Clause: Evasion items are banned\n|rule|Evasion Moves Clause: Evasion moves are banned\n|rule|Endless Battle Clause: Forcing endless battles is banned\n|rule|HP Percentage Mod: HP is shown in percentages\n|rule|Dynamax Clause: You cannot dynamax\n|clearpoke\n|poke|p1|Rillaboom, M|\n|poke|p1|Tornadus-Therian, M|\n|poke|p1|Blaziken, M|\n|poke|p1|Melmetal|\n|poke|p1|Garchomp, F|\n|poke|p1|Slowbro, F|\n|poke|p2|Dragapult, M|\n|poke|p2|Rillaboom, M|\n|poke|p2|Tapu Koko|\n|poke|p2|Scolipede, M|\n|poke|p2|Blaziken, M|\n|poke|p2|Skarmory, M|\n|teampreview\n|inactive|Battle timer is ON: inactive players will automatically lose when time's up. (requested by legitteambuilder)\n|\n|t:|1662046177\n|start\n|switch|p1a: Garchomp|Garchomp, F|100\/100\n|switch|p2a: Raptor|Skarmory, M, shiny|100\/100\n|turn|1\n|\n|t:|1662046194\n|switch|p1a: Tornadus|Tornadus-Therian, M|100\/100\n|move|p2a: Raptor|Stealth Rock|p1a: Tornadus\n|-sidestart|p1: THE KING MJ|move: Stealth Rock\n|\n|upkeep\n|turn|2\n|\n|t:|1662046199\n|move|p1a: Tornadus|Defog|p2a: Raptor\n|-unboost|p2a: Raptor|evasion|1\n|-sideend|p1: THE KING MJ|Stealth Rock|[from] move: Defog|[of] p1a: Tornadus\n|move|p2a: Raptor|Taunt|p1a: Tornadus\n|-start|p1a: Tornadus|move: Taunt\n|\n|upkeep\n|turn|3\n|\n|t:|1662046205\n|move|p1a: Tornadus|Knock Off|p2a: Raptor\n|-damage|p2a: Raptor|83\/100\n|-enditem|p2a: Raptor|Custap Berry|[from] move: Knock Off|[of] p1a: Tornadus\n|move|p2a: Raptor|Stealth Rock|p1a: Tornadus\n|-sidestart|p1: THE KING MJ|move: Stealth Rock\n|\n|upkeep\n|turn|4\n|\n|t:|1662046217\n|switch|p2a: Tapu Koko|Tapu Koko|100\/100\n|-fieldstart|move: Electric Terrain|[from] ability: Electric Surge|[of] p2a: Tapu Koko\n|move|p1a: Tornadus|Heat Wave|p2a: Tapu Koko\n|-damage|p2a: Tapu Koko|67\/100\n|\n|upkeep\n|turn|5\n|\n|t:|1662046234\n|switch|p1a: Melmetal|Melmetal|100\/100\n|-damage|p1a: Melmetal|94\/100|[from] Stealth Rock\n|move|p2a: Tapu Koko|Dazzling Gleam|p1a: Melmetal\n|-resisted|p1a: Melmetal\n|-damage|p1a: Melmetal|80\/100\n|\n|-heal|p1a: Melmetal|86\/100|[from] item: Leftovers\n|upkeep\n|turn|6\n|\n|t:|1662046248\n|move|p2a: Tapu Koko|U-turn|p1a: Melmetal\n|-resisted|p1a: Melmetal\n|-damage|p1a: Melmetal|81\/100\n|\n|t:|1662046253\n|switch|p2a: Raptor|Skarmory, M, shiny|83\/100|[from]move: U-turn\n|move|p1a: Melmetal|Double Iron Bash|p2a: Raptor\n|-resisted|p2a: Raptor\n|-damage|p2a: Raptor|62\/100\n|-resisted|p2a: Raptor\n|-damage|p2a: Raptor|40\/100\n|-hitcount|p2a: Raptor|2\n|\n|-heal|p1a: Melmetal|87\/100|[from] item: Leftovers\n|upkeep\n|turn|7\n|\n|t:|1662046259\n|switch|p1a: Tornadus|Tornadus-Therian, M|100\/100\n|move|p2a: Raptor|Brave Bird|p1a: Tornadus\n|-damage|p1a: Tornadus|56\/100\n|-damage|p2a: Raptor|20\/100|[from] Recoil\n|\n|upkeep\n|turn|8\n|\n|t:|1662046265\n|move|p1a: Tornadus|Defog|p2a: Raptor\n|-unboost|p2a: Raptor|evasion|1\n|-sideend|p1: THE KING MJ|Stealth Rock|[from] move: Defog|[of] p1a: Tornadus\n|-fieldend|move: Electric Terrain\n|move|p2a: Raptor|Stealth Rock|p1a: Tornadus\n|-sidestart|p1: THE KING MJ|move: Stealth Rock\n|\n|upkeep\n|turn|9\n|\n|t:|1662046276\n|move|p1a: Tornadus|Defog|p2a: Raptor\n|-unboost|p2a: Raptor|evasion|1\n|-sideend|p1: THE KING MJ|Stealth Rock|[from] move: Defog|[of] p1a: Tornadus\n|move|p2a: Raptor|Stealth Rock|p1a: Tornadus\n|-sidestart|p1: THE KING MJ|move: Stealth Rock\n|\n|upkeep\n|turn|10\n|j| yunbao\u662f\u4e2ader\n|\n|t:|1662046281\n|move|p1a: Tornadus|Heat Wave|p2a: Raptor\n|-supereffective|p2a: Raptor\n|-damage|p2a: Raptor|0 fnt\n|faint|p2a: Raptor\n|\n|upkeep\n|\n|t:|1662046290\n|switch|p2a: Leviathan|Dragapult, M, shiny|100\/100\n|turn|11\n|\n|t:|1662046300\n|move|p2a: Leviathan|Shadow Ball|p1a: Tornadus\n|-damage|p1a: Tornadus|5\/100\n|move|p1a: Tornadus|Knock Off|p2a: Leviathan\n|-supereffective|p2a: Leviathan\n|-damage|p2a: Leviathan|51\/100\n|-enditem|p2a: Leviathan|Choice Specs|[from] move: Knock Off|[of] p1a: Tornadus\n|\n|upkeep\n|turn|12\n|\n|t:|1662046311\n|switch|p1a: Melmetal|Melmetal|87\/100\n|-damage|p1a: Melmetal|81\/100|[from] Stealth Rock\n|move|p2a: Leviathan|Shadow Ball|p1a: Melmetal\n|-damage|p1a: Melmetal|50\/100\n|\n|-heal|p1a: Melmetal|56\/100|[from] item: Leftovers\n|upkeep\n|turn|13\n|\n|t:|1662046316\n|move|p2a: Leviathan|Fire Blast|p1a: Melmetal\n|-supereffective|p1a: Melmetal\n|-damage|p1a: Melmetal|1\/100\n|move|p1a: Melmetal|Double Iron Bash|p2a: Leviathan\n|-damage|p2a: Leviathan|0 fnt\n|faint|p2a: Leviathan\n|-hitcount|p2: Leviathan|1\n|\n|-heal|p1a: Melmetal|7\/100|[from] item: Leftovers\n|upkeep\n|\n|t:|1662046332\n|switch|p2a: Predator|Scolipede, M, shiny|100\/100\n|turn|14\n|\n|t:|1662046338\n|move|p2a: Predator|Earthquake|p1a: Melmetal\n|-supereffective|p1a: Melmetal\n|-damage|p1a: Melmetal|0 fnt\n|faint|p1a: Melmetal\n|-damage|p2a: Predator|91\/100|[from] item: Life Orb\n|\n|-ability|p2a: Predator|Speed Boost|boost\n|-boost|p2a: Predator|spe|1\n|upkeep\n|\n|t:|1662046346\n|switch|p1a: Garchomp|Garchomp, F|100\/100\n|-damage|p1a: Garchomp|94\/100|[from] Stealth Rock\n|turn|15\n|l| yunbao\u662f\u4e2ader\n|\n|t:|1662046371\n|move|p2a: Predator|Swords Dance|p2a: Predator\n|-boost|p2a: Predator|atk|2\n|move|p1a: Garchomp|Stealth Rock|p2a: Predator\n|-sidestart|p2: legitteambuilder|move: Stealth Rock\n|\n|-heal|p1a: Garchomp|100\/100|[from] item: Leftovers\n|-ability|p2a: Predator|Speed Boost|boost\n|-boost|p2a: Predator|spe|1\n|upkeep\n|turn|16\n|\n|t:|1662046376\n|move|p2a: Predator|Megahorn|p1a: Garchomp\n|-damage|p1a: Garchomp|0 fnt\n|-damage|p2a: Predator|78\/100|[from] ability: Rough Skin|[of] p1a: Garchomp\n|faint|p1a: Garchomp\n|-damage|p2a: Predator|68\/100|[from] item: Life Orb\n|\n|-ability|p2a: Predator|Speed Boost|boost\n|-boost|p2a: Predator|spe|1\n|upkeep\n|\n|t:|1662046395\n|switch|p1a: Tornadus|Tornadus-Therian, M|38\/100\n|turn|17\n|\n|t:|1662046400\n|switch|p1a: Slowbro|Slowbro, F|100\/100\n|-damage|p1a: Slowbro|88\/100|[from] Stealth Rock\n|move|p2a: Predator|Aqua Tail|p1a: Slowbro\n|-resisted|p1a: Slowbro\n|-damage|p1a: Slowbro|67\/100\n|-damage|p2a: Predator|52\/100|[from] item: Rocky Helmet|[of] p1a: Slowbro\n|-damage|p2a: Predator|42\/100|[from] item: Life Orb\n|\n|-ability|p2a: Predator|Speed Boost|boost\n|-boost|p2a: Predator|spe|1\n|upkeep\n|turn|18\n|\n|t:|1662046413\n|move|p2a: Predator|Megahorn|p1a: Slowbro\n|-supereffective|p1a: Slowbro\n|-damage|p1a: Slowbro|0 fnt\n|-damage|p2a: Predator|25\/100|[from] item: Rocky Helmet|[of] p1a: Slowbro\n|faint|p1a: Slowbro\n|-damage|p2a: Predator|15\/100|[from] item: Life Orb\n|\n|-ability|p2a: Predator|Speed Boost|boost\n|-boost|p2a: Predator|spe|1\n|upkeep\n|\n|t:|1662046419\n|switch|p1a: Rillaboom|Rillaboom, M|100\/100\n|-damage|p1a: Rillaboom|88\/100|[from] Stealth Rock\n|-fieldstart|move: Grassy Terrain|[from] ability: Grassy Surge|[of] p1a: Rillaboom\n|turn|19\n|\n|t:|1662046423\n|move|p1a: Rillaboom|Grassy Glide|p2a: Predator\n|-resisted|p2a: Predator\n|-damage|p2a: Predator|0 fnt\n|faint|p2a: Predator\n|\n|-heal|p1a: Rillaboom|94\/100|[from] Grassy Terrain\n|-heal|p1a: Rillaboom|100\/100|[from] item: Leftovers\n|upkeep\n|\n|t:|1662046429\n|switch|p2a: Kong|Rillaboom, M, shiny|100\/100\n|-damage|p2a: Kong|88\/100|[from] Stealth Rock\n|turn|20\n|\n|t:|1662046447\n|switch|p1a: Tornadus|Tornadus-Therian, M|71\/100\n|move|p2a: Kong|U-turn|p1a: Tornadus\n|-resisted|p1a: Tornadus\n|-crit|p1a: Tornadus\n|-damage|p1a: Tornadus|42\/100\n|\n|t:|1662046450\n|switch|p2a: Tapu Koko|Tapu Koko|67\/100|[from]move: U-turn\n|-fieldstart|move: Electric Terrain|[from] ability: Electric Surge|[of] p2a: Tapu Koko\n|\n|upkeep\n|turn|21\n|\n|t:|1662046467\n|move|p2a: Tapu Koko|Dazzling Gleam|p1a: Tornadus\n|-damage|p1a: Tornadus|7\/100\n|move|p1a: Tornadus|U-turn|p2a: Tapu Koko\n|-resisted|p2a: Tapu Koko\n|-damage|p2a: Tapu Koko|57\/100\n|\n|t:|1662046481\n|switch|p1a: Rillaboom|Rillaboom, M|100\/100|[from]move: U-turn\n|-damage|p1a: Rillaboom|88\/100|[from] Stealth Rock\n|-fieldstart|move: Grassy Terrain|[from] ability: Grassy Surge|[of] p1a: Rillaboom\n|\n|-heal|p2a: Tapu Koko|63\/100|[from] Grassy Terrain\n|-heal|p1a: Rillaboom|94\/100|[from] Grassy Terrain\n|-heal|p1a: Rillaboom|100\/100|[from] item: Leftovers\n|upkeep\n|turn|22\n|\n|t:|1662046488\n|switch|p2a: Kong|Rillaboom, M, shiny|88\/100\n|-damage|p2a: Kong|76\/100|[from] Stealth Rock\n|move|p1a: Rillaboom|Swords Dance|p1a: Rillaboom\n|-boost|p1a: Rillaboom|atk|2\n|\n|-heal|p2a: Kong|82\/100|[from] Grassy Terrain\n|upkeep\n|turn|23\n|\n|t:|1662046496\n|move|p2a: Kong|U-turn|p1a: Rillaboom\n|-supereffective|p1a: Rillaboom\n|-damage|p1a: Rillaboom|28\/100\n|\n|t:|1662046499\n|switch|p2a: Destroyer|Blaziken, M, shiny|100\/100|[from]move: U-turn\n|-damage|p2a: Destroyer|88\/100|[from] Stealth Rock\n|move|p1a: Rillaboom|Drain Punch|p2a: Destroyer\n|-damage|p2a: Destroyer|6\/100\n|-heal|p1a: Rillaboom|59\/100|[from] drain|[of] p2a: Destroyer\n|\n|-heal|p2a: Destroyer|12\/100|[from] Grassy Terrain\n|-heal|p1a: Rillaboom|65\/100|[from] Grassy Terrain\n|-heal|p1a: Rillaboom|71\/100|[from] item: Leftovers\n|upkeep\n|turn|24\n|\n|t:|1662046503\n|move|p1a: Rillaboom|Grassy Glide|p2a: Destroyer\n|-resisted|p2a: Destroyer\n|-damage|p2a: Destroyer|0 fnt\n|faint|p2a: Destroyer\n|\n|-heal|p1a: Rillaboom|77\/100|[from] Grassy Terrain\n|-heal|p1a: Rillaboom|84\/100|[from] item: Leftovers\n|upkeep\n|\n|t:|1662046509\n|switch|p2a: Tapu Koko|Tapu Koko|63\/100\n|-fieldstart|move: Electric Terrain|[from] ability: Electric Surge|[of] p2a: Tapu Koko\n|turn|25\n|\n|t:|1662046515\n|move|p2a: Tapu Koko|Dazzling Gleam|p1a: Rillaboom\n|-damage|p1a: Rillaboom|46\/100\n|move|p1a: Rillaboom|Grassy Glide|p2a: Tapu Koko\n|-damage|p2a: Tapu Koko|0 fnt\n|faint|p2a: Tapu Koko\n|\n|-heal|p1a: Rillaboom|52\/100|[from] item: Leftovers\n|upkeep\n|\n|t:|1662046518\n|switch|p2a: Kong|Rillaboom, M, shiny|82\/100\n|-damage|p2a: Kong|70\/100|[from] Stealth Rock\n|-fieldstart|move: Grassy Terrain|[from] ability: Grassy Surge|[of] p2a: Kong\n|turn|26\n|\n|t:|1662046521\n|move|p2a: Kong|Grassy Glide|p1a: Rillaboom\n|-resisted|p1a: Rillaboom\n|-crit|p1a: Rillaboom\n|-damage|p1a: Rillaboom|0 fnt\n|faint|p1a: Rillaboom\n|\n|-heal|p2a: Kong|76\/100|[from] Grassy Terrain\n|upkeep\n|\n|t:|1662046528\n|switch|p1a: Blaziken|Blaziken, M|100\/100\n|-damage|p1a: Blaziken|88\/100|[from] Stealth Rock\n|turn|27\n|\n|t:|1662046531\n|move|p2a: Kong|Grassy Glide|p1a: Blaziken\n|-resisted|p1a: Blaziken\n|-damage|p1a: Blaziken|33\/100\n|move|p1a: Blaziken|Flare Blitz|p2a: Kong\n|-supereffective|p2a: Kong\n|-damage|p2a: Kong|0 fnt\n|faint|p2a: Kong\n|-damage|p1a: Blaziken|8\/100|[from] Recoil\n|\n|win|THE KING MJ\n|raw|THE KING MJ's rating: 1678 &rarr; <strong>1697<\/strong><br \/>(+19 for winning)\n|raw|legitteambuilder's rating: 1659 &rarr; <strong>1640<\/strong><br \/>(-19 for losing)\n|l|\u2606legitteambuilder\n||Ladder isn't responding, score probably updated but might not have (Request timeout).\n","uploadtime":1662046538,"views":10,"p1id":"thekingmj","p2id":"legitteambuilder","formatid":"gen8ou","rating":1640,"private":0,"password":null}