{"id":"gen8ou-1687116595","p1":"Yoink 0","p2":"ty-tyui\u21bb","format":"gen8ou","log":"|html|<div class=\"broadcast-blue\"><strong>[Gen 8] OU is currently suspecting Melmetal! For information on how to participate check out the <a href=\"https:\/\/www.smogon.com\/forums\/threads\/np-ss-ou-suspect-process-round-12-monster-mash.3709234\/\">suspect thread<\/a>.<\/strong><\/div>\n|j|\u2606Yoink 0\n|j|\u2606ty-tyui\u21bb\n|t:|1665929581\n|gametype|singles\n|player|p1|Yoink 0|kukui|1665\n|player|p2|ty-tyui\u21bb|grace|1688\n|teamsize|p1|6\n|teamsize|p2|6\n|gen|8\n|tier|[Gen 8] OU\n|rated|\n|rule|Sleep Clause Mod: Limit one foe put to sleep\n|rule|Species Clause: Limit one of each Pok\u00e9mon\n|rule|OHKO Clause: OHKO moves are banned\n|rule|Evasion Items Clause: Evasion items are banned\n|rule|Evasion Moves Clause: Evasion moves are banned\n|rule|Endless Battle Clause: Forcing endless battles is banned\n|rule|HP Percentage Mod: HP is shown in percentages\n|rule|Dynamax Clause: You cannot dynamax\n|clearpoke\n|poke|p1|Dragapult, M|\n|poke|p1|Heatran, M|\n|poke|p1|Tapu Fini|\n|poke|p1|Ferrothorn, F|\n|poke|p1|Landorus-Therian, M|\n|poke|p1|Slowking-Galar, F|\n|poke|p2|Mienshao, M|\n|poke|p2|Ninetales-Alola, M|\n|poke|p2|Blacephalon|\n|poke|p2|Landorus-Therian, M|\n|poke|p2|Corviknight, M|\n|poke|p2|Rotom-Wash|\n|teampreview\n|inactive|Battle timer is ON: inactive players will automatically lose when time's up. (requested by ty-tyui\u21bb)\n|\n|t:|1665929595\n|start\n|switch|p1a: Dragapult|Dragapult, M|100\/100\n|switch|p2a: Rotom|Rotom-Wash|100\/100\n|turn|1\n|\n|t:|1665929598\n|move|p1a: Dragapult|Dragon Darts|p2a: Rotom\n|-damage|p2a: Rotom|58\/100\n|-anim|p1a: Dragapult|Dragon Darts|p2a: Rotom\n|-damage|p2a: Rotom|13\/100\n|move|p2a: Rotom|Thunder Wave|p1a: Dragapult\n|-status|p1a: Dragapult|par\n|\n|-heal|p2a: Rotom|19\/100|[from] item: Leftovers\n|upkeep\n|turn|2\n|c|\u2606Yoink 0|i just got a severe case of deja vu\n|c|\u2606Yoink 0|have we played already?\n|\n|t:|1665929624\n|switch|p1a: Slowking|Slowking-Galar, F|100\/100\n|move|p2a: Rotom|Volt Switch|p1a: Slowking\n|-damage|p1a: Slowking|90\/100\n|c|\u2606ty-tyui\u21bb|idk\n|\n|t:|1665929630\n|switch|p2a: Mienshao|Mienshao, M, shiny|100\/100|[from]move: Volt Switch\n|\n|upkeep\n|turn|3\n|\n|t:|1665929637\n|move|p2a: Mienshao|Knock Off|p1a: Slowking\n|-supereffective|p1a: Slowking\n|-crit|p1a: Slowking\n|-damage|p1a: Slowking|0 fnt\n|-enditem|p1a: Slowking|Assault Vest|[from] move: Knock Off|[of] p2a: Mienshao\n|faint|p1a: Slowking\n|-damage|p2a: Mienshao|91\/100|[from] item: Life Orb\n|\n|upkeep\n|j| darkcloud1986\n|l| darkcloud1986\n|inactive|Yoink 0 has 120 seconds left.\n|\n|t:|1665929668\n|switch|p1a: Landorus|Landorus-Therian, M|100\/100\n|-ability|p1a: Landorus|Intimidate|boost\n|-unboost|p2a: Mienshao|atk|1\n|turn|4\n|\n|t:|1665929671\n|move|p2a: Mienshao|Knock Off|p1a: Landorus\n|-damage|p1a: Landorus|72\/100\n|-enditem|p1a: Landorus|Leftovers|[from] move: Knock Off|[of] p2a: Mienshao\n|-damage|p2a: Mienshao|81\/100|[from] item: Life Orb\n|move|p1a: Landorus|U-turn|p2a: Mienshao\n|-resisted|p2a: Mienshao\n|-damage|p2a: Mienshao|61\/100\n|\n|t:|1665929675\n|switch|p1a: Tapu Fini|Tapu Fini|100\/100|[from]move: U-turn\n|-fieldstart|move: Misty Terrain|[from] ability: Misty Surge|[of] p1a: Tapu Fini\n|\n|upkeep\n|turn|5\n|\n|t:|1665929680\n|switch|p2a: Corviknight|Corviknight, M|100\/100\n|-ability|p2a: Corviknight|Pressure\n|move|p1a: Tapu Fini|Moonblast|p2a: Corviknight\n|-resisted|p2a: Corviknight\n|-damage|p2a: Corviknight|88\/100\n|\n|upkeep\n|turn|6\n|\n|t:|1665929683\n|switch|p1a: Heatran|Heatran, M|100\/100\n|-item|p1a: Heatran|Air Balloon\n|move|p2a: Corviknight|U-turn|p1a: Heatran\n|-resisted|p1a: Heatran\n|-crit|p1a: Heatran\n|-damage|p1a: Heatran|96\/100\n|-enditem|p1a: Heatran|Air Balloon\n|\n|t:|1665929685\n|switch|p2a: Mienshao|Mienshao, M, shiny|94\/100|[from]move: U-turn\n|\n|upkeep\n|turn|7\n|\n|t:|1665929692\n|switch|p1a: Landorus|Landorus-Therian, M|72\/100\n|-ability|p1a: Landorus|Intimidate|boost\n|-unboost|p2a: Mienshao|atk|1\n|move|p2a: Mienshao|Close Combat|p1a: Landorus\n|-resisted|p1a: Landorus\n|-damage|p1a: Landorus|45\/100\n|-unboost|p2a: Mienshao|def|1\n|-unboost|p2a: Mienshao|spd|1\n|-damage|p2a: Mienshao|84\/100|[from] item: Life Orb\n|\n|upkeep\n|turn|8\n|\n|t:|1665929696\n|move|p2a: Mienshao|U-turn|p1a: Landorus\n|-resisted|p1a: Landorus\n|-damage|p1a: Landorus|35\/100\n|-damage|p2a: Mienshao|74\/100|[from] item: Life Orb\n|\n|t:|1665929698\n|switch|p2a: Corviknight|Corviknight, M|88\/100|[from]move: U-turn\n|-ability|p2a: Corviknight|Pressure\n|move|p1a: Landorus|U-turn|p2a: Corviknight\n|-resisted|p2a: Corviknight\n|-damage|p2a: Corviknight|84\/100\n|-damage|p1a: Landorus|18\/100|[from] item: Rocky Helmet|[of] p2a: Corviknight\n|\n|t:|1665929702\n|switch|p1a: Heatran|Heatran, M|96\/100|[from]move: U-turn\n|\n|-fieldend|Misty Terrain\n|upkeep\n|turn|9\n|\n|t:|1665929704\n|switch|p2a: Rotom|Rotom-Wash|19\/100\n|move|p1a: Heatran|Stealth Rock|p2a: Rotom\n|-sidestart|p2: ty-tyui\u21bb|move: Stealth Rock\n|\n|-heal|p2a: Rotom|25\/100|[from] item: Leftovers\n|upkeep\n|turn|10\n|\n|t:|1665929706\n|move|p1a: Heatran|Magma Storm|p2a: Rotom\n|-resisted|p2a: Rotom\n|-damage|p2a: Rotom|4\/100\n|-activate|p2a: Rotom|move: Magma Storm|[of] p1a: Heatran\n|move|p2a: Rotom|Pain Split|p1a: Heatran\n|-sethp|p1a: Heatran|49\/100|[from] move: Pain Split|[silent]\n|-sethp|p2a: Rotom|52\/100|[from] move: Pain Split\n|\n|-heal|p2a: Rotom|59\/100|[from] item: Leftovers\n|-damage|p2a: Rotom|46\/100|[from] move: Magma Storm|[partiallytrapped]\n|upkeep\n|turn|11\n|\n|t:|1665929711\n|switch|p1a: Dragapult|Dragapult, M|100\/100 par\n|move|p2a: Rotom|Hydro Pump|p1a: Dragapult\n|-resisted|p1a: Dragapult\n|-damage|p1a: Dragapult|72\/100 par\n|\n|-heal|p2a: Rotom|52\/100|[from] item: Leftovers\n|-end|p2a: Rotom|Magma Storm|[partiallytrapped]|[silent]\n|upkeep\n|turn|12\n|\n|t:|1665929718\n|move|p2a: Rotom|Volt Switch|p1a: Dragapult\n|-resisted|p1a: Dragapult\n|-damage|p1a: Dragapult|54\/100 par\n|\n|t:|1665929719\n|switch|p2a: Corviknight|Corviknight, M|84\/100|[from]move: Volt Switch\n|-damage|p2a: Corviknight|71\/100|[from] Stealth Rock\n|-ability|p2a: Corviknight|Pressure\n|move|p1a: Dragapult|Fire Blast|p2a: Corviknight\n|-supereffective|p2a: Corviknight\n|-damage|p2a: Corviknight|35\/100\n|\n|upkeep\n|turn|13\n|\n|t:|1665929737\n|switch|p1a: Landorus|Landorus-Therian, M|18\/100\n|-ability|p1a: Landorus|Intimidate|boost\n|-unboost|p2a: Corviknight|atk|1\n|move|p2a: Corviknight|Defog|p1a: Landorus\n|-unboost|p1a: Landorus|evasion|1\n|-sideend|p2: ty-tyui\u21bb|Stealth Rock|[from] move: Defog|[of] p2a: Corviknight\n|\n|upkeep\n|turn|14\n|\n|t:|1665929744\n|switch|p1a: Ferrothorn|Ferrothorn, F|100\/100\n|move|p2a: Corviknight|Roost|p2a: Corviknight\n|-heal|p2a: Corviknight|85\/100\n|-singleturn|p2a: Corviknight|move: Roost\n|\n|upkeep\n|turn|15\n|c|\u2606Yoink 0|surprised u sack that\n|\n|t:|1665929763\n|move|p2a: Corviknight|U-turn|p1a: Ferrothorn\n|-damage|p1a: Ferrothorn|95\/100\n|-damage|p2a: Corviknight|73\/100|[from] ability: Iron Barbs|[of] p1a: Ferrothorn\n|\n|t:|1665929765\n|switch|p2a: Mienshao|Mienshao, M, shiny|100\/100|[from]move: U-turn\n|move|p1a: Ferrothorn|Knock Off|p2a: Mienshao\n|-resisted|p2a: Mienshao\n|-damage|p2a: Mienshao|82\/100\n|-enditem|p2a: Mienshao|Life Orb|[from] move: Knock Off|[of] p1a: Ferrothorn\n|\n|-heal|p1a: Ferrothorn|100\/100|[from] item: Leftovers\n|upkeep\n|turn|16\n|\n|t:|1665929769\n|switch|p1a: Dragapult|Dragapult, M|54\/100 par\n|move|p2a: Mienshao|Close Combat|p1a: Dragapult\n|-immune|p1a: Dragapult\n|\n|upkeep\n|turn|17\n|\n|t:|1665929774\n|move|p2a: Mienshao|Knock Off|p1a: Dragapult\n|-supereffective|p1a: Dragapult\n|-damage|p1a: Dragapult|0 fnt\n|-enditem|p1a: Dragapult|Choice Band|[from] move: Knock Off|[of] p2a: Mienshao\n|faint|p1a: Dragapult\n|\n|upkeep\n|\n|t:|1665929777\n|switch|p1a: Tapu Fini|Tapu Fini|100\/100\n|-fieldstart|move: Misty Terrain|[from] ability: Misty Surge|[of] p1a: Tapu Fini\n|turn|18\n|c|\u2606ty-tyui\u21bb|hmh it was a roll ?\n|c|\u2606ty-tyui\u21bb|so idk\n|c|\u2606ty-tyui\u21bb|i tried it\n|\n|t:|1665929789\n|switch|p1a: Heatran|Heatran, M|49\/100\n|switch|p2a: Corviknight|Corviknight, M|73\/100\n|-ability|p2a: Corviknight|Pressure\n|\n|upkeep\n|turn|19\n|\n|t:|1665929794\n|switch|p2a: Rotom|Rotom-Wash|52\/100\n|move|p1a: Heatran|Magma Storm|p2a: Rotom|[miss]\n|-miss|p1a: Heatran|p2a: Rotom\n|\n|-heal|p2a: Rotom|59\/100|[from] item: Leftovers\n|upkeep\n|turn|20\n|\n|t:|1665929798\n|switch|p1a: Ferrothorn|Ferrothorn, F|100\/100\n|move|p2a: Rotom|Volt Switch|p1a: Ferrothorn\n|-resisted|p1a: Ferrothorn\n|-damage|p1a: Ferrothorn|89\/100\n|\n|t:|1665929801\n|switch|p2a: Mienshao|Mienshao, M, shiny|100\/100|[from]move: Volt Switch\n|\n|-heal|p1a: Ferrothorn|95\/100|[from] item: Leftovers\n|upkeep\n|turn|21\n|\n|t:|1665929804\n|move|p2a: Mienshao|Close Combat|p1a: Ferrothorn\n|-supereffective|p1a: Ferrothorn\n|-damage|p1a: Ferrothorn|20\/100\n|-unboost|p2a: Mienshao|def|1\n|-unboost|p2a: Mienshao|spd|1\n|-damage|p2a: Mienshao|88\/100|[from] ability: Iron Barbs|[of] p1a: Ferrothorn\n|move|p1a: Ferrothorn|Power Whip|p2a: Mienshao|[miss]\n|-miss|p1a: Ferrothorn|p2a: Mienshao\n|\n|-heal|p1a: Ferrothorn|26\/100|[from] item: Leftovers\n|upkeep\n|turn|22\n|c|\u2606Yoink 0|gg\n|-message|Yoink 0 forfeited.\n|\n|win|ty-tyui\u21bb\n|raw|Yoink 0's rating: 1665 &rarr; <strong>1646<\/strong><br \/>(-19 for losing)\n|raw|ty-tyui\u21bb's rating: 1688 &rarr; <strong>1707<\/strong><br \/>(+19 for winning)\n|l|\u2606Yoink 0\n||Ladder isn't responding, score probably updated but might not have (Request timeout).\n","uploadtime":1665929821,"views":8,"p1id":"yoink0","p2id":"tytyui","formatid":"gen8ou","rating":1646,"private":0,"password":null}