{"id":"gen8ou-1625390321","p1":"LaDoudou'sPatate","p2":"Fastpitchkiller","format":"gen8ou","log":"|j|\u2606LaDoudou'sPatate\n|j|\u2606Fastpitchkiller\n|t:|1658810584\n|gametype|singles\n|player|p1|LaDoudou'sPatate|265|1740\n|player|p2|Fastpitchkiller|101|1748\n|teamsize|p1|6\n|teamsize|p2|6\n|gen|8\n|tier|[Gen 8] OU\n|rated|\n|rule|Sleep Clause Mod: Limit one foe put to sleep\n|rule|Species Clause: Limit one of each Pok\u00e9mon\n|rule|OHKO Clause: OHKO moves are banned\n|rule|Evasion Moves Clause: Evasion moves are banned\n|rule|Endless Battle Clause: Forcing endless battles is banned\n|rule|HP Percentage Mod: HP is shown in percentages\n|rule|Dynamax Clause: You cannot dynamax\n|clearpoke\n|poke|p1|Clefable, M|\n|poke|p1|Landorus-Therian, M|\n|poke|p1|Rillaboom, M|\n|poke|p1|Hawlucha, M|\n|poke|p1|Latias, F|\n|poke|p1|Melmetal|\n|poke|p2|Slowbro, F|\n|poke|p2|Dracozolt|\n|poke|p2|Hippowdon, F|\n|poke|p2|Scizor, M|\n|poke|p2|Zapdos-Galar|\n|poke|p2|Regieleki|\n|teampreview\n|\n|t:|1658810594\n|start\n|switch|p1a: Landorus|Landorus-Therian, M|100\/100\n|switch|p2a: Zapdos|Zapdos-Galar|100\/100\n|-ability|p1a: Landorus|Intimidate|boost\n|-unboost|p2a: Zapdos|atk|1\n|-ability|p2a: Zapdos|Defiant\n|-boost|p2a: Zapdos|atk|2\n|turn|1\n|j| LT_Alt1\n|\n|t:|1658810605\n|move|p2a: Zapdos|Brave Bird|p1a: Landorus\n|-damage|p1a: Landorus|0 fnt\n|faint|p1a: Landorus\n|-damage|p2a: Zapdos|61\/100|[from] Recoil\n|\n|upkeep\n|\n|t:|1658810612\n|switch|p1a: Latias|Latias, F|100\/100\n|turn|2\n|\n|t:|1658810617\n|switch|p2a: Hippowdon|Hippowdon, F|100\/100\n|-weather|Sandstorm|[from] ability: Sand Stream|[of] p2a: Hippowdon\n|move|p1a: Latias|Draco Meteor|p2a: Hippowdon\n|-damage|p2a: Hippowdon|58\/100\n|-unboost|p1a: Latias|spa|2\n|\n|-weather|Sandstorm|[upkeep]\n|-damage|p1a: Latias|95\/100|[from] Sandstorm\n|-heal|p2a: Hippowdon|65\/100|[from] item: Leftovers\n|upkeep\n|turn|3\n|\n|t:|1658810629\n|switch|p1a: Rillaboom|Rillaboom, M|100\/100\n|-fieldstart|move: Grassy Terrain|[from] ability: Grassy Surge|[of] p1a: Rillaboom\n|move|p2a: Hippowdon|Slack Off|p2a: Hippowdon\n|-heal|p2a: Hippowdon|100\/100\n|\n|-weather|Sandstorm|[upkeep]\n|-damage|p1a: Rillaboom|94\/100|[from] Sandstorm\n|-heal|p1a: Rillaboom|100\/100|[from] Grassy Terrain\n|upkeep\n|turn|4\n|j| SunTeamPupil\n|\n|t:|1658810647\n|switch|p1a: Clefable|Clefable, M|100\/100\n|switch|p2a: Scizor|Scizor, M|100\/100\n|\n|-weather|Sandstorm|[upkeep]\n|upkeep\n|turn|5\n|j| bloked on blicks\n|\n|t:|1658810656\n|move|p2a: Scizor|Bullet Punch|p1a: Clefable\n|-supereffective|p1a: Clefable\n|-damage|p1a: Clefable|41\/100\n|move|p1a: Clefable|Flamethrower|p2a: Scizor\n|-supereffective|p2a: Scizor\n|-damage|p2a: Scizor|0 fnt\n|faint|p2a: Scizor\n|\n|-weather|Sandstorm|[upkeep]\n|-heal|p1a: Clefable|47\/100|[from] Grassy Terrain\n|upkeep\n|\n|t:|1658810667\n|switch|p2a: Regieleki|Regieleki|100\/100\n|turn|6\n|\n|t:|1658810674\n|switch|p1a: Latias|Latias, F|95\/100\n|move|p2a: Regieleki|Volt Switch|p1a: Latias\n|-resisted|p1a: Latias\n|-damage|p1a: Latias|67\/100\n|\n|t:|1658810684\n|switch|p2a: Slowgatell|Slowbro, F|100\/100|[from]move: Volt Switch\n|\n|-weather|none\n|upkeep\n|turn|7\n|\n|t:|1658810690\n|switch|p2a: Hippowdon|Hippowdon, F|100\/100\n|-weather|Sandstorm|[from] ability: Sand Stream|[of] p2a: Hippowdon\n|move|p1a: Latias|Trick|p2a: Hippowdon\n|-activate|p1a: Latias|move: Trick|[of] p2a: Hippowdon\n|-item|p2a: Hippowdon|Choice Scarf|[from] move: Trick\n|-item|p1a: Latias|Leftovers|[from] move: Trick\n|\n|-weather|Sandstorm|[upkeep]\n|-damage|p1a: Latias|61\/100|[from] Sandstorm\n|-heal|p1a: Latias|67\/100|[from] item: Leftovers\n|-fieldend|move: Grassy Terrain\n|upkeep\n|turn|8\n|\n|t:|1658810703\n|switch|p2a: Dracozolt|Dracozolt|100\/100\n|move|p1a: Latias|Healing Wish|p1a: Latias\n|faint|p1a: Latias\n|\n|-weather|Sandstorm|[upkeep]\n|upkeep\n|\n|t:|1658810717\n|switch|p1a: Melmetal|Melmetal|100\/100\n|turn|9\n|\n|t:|1658810721\n|switch|p2a: Slowgatell|Slowbro, F|100\/100\n|move|p1a: Melmetal|Earthquake|p2a: Slowgatell\n|-crit|p2a: Slowgatell\n|-damage|p2a: Slowgatell|62\/100\n|\n|-weather|Sandstorm|[upkeep]\n|-damage|p2a: Slowgatell|56\/100|[from] Sandstorm\n|upkeep\n|turn|10\n|\n|t:|1658810730\n|move|p1a: Melmetal|Thunder Punch|p2a: Slowgatell\n|-supereffective|p2a: Slowgatell\n|-damage|p2a: Slowgatell|9\/100\n|-damage|p1a: Melmetal|84\/100|[from] item: Rocky Helmet|[of] p2a: Slowgatell\n|move|p2a: Slowgatell|Teleport|p2a: Slowgatell\n|\n|t:|1658810736\n|switch|p2a: Zapdos|Zapdos-Galar|61\/100|[from]move: Teleport\n|\n|-weather|Sandstorm|[upkeep]\n|-damage|p2a: Zapdos|55\/100|[from] Sandstorm\n|upkeep\n|turn|11\n|j| Zui_Hou_De_Ren\n|\n|t:|1658810750\n|move|p2a: Zapdos|Brave Bird|p1a: Melmetal\n|-resisted|p1a: Melmetal\n|-damage|p1a: Melmetal|61\/100\n|-damage|p2a: Zapdos|44\/100|[from] Recoil\n|move|p1a: Melmetal|Double Iron Bash|p2a: Zapdos\n|-damage|p2a: Zapdos|0 fnt\n|faint|p2a: Zapdos\n|-hitcount|p2: Zapdos|1\n|\n|-weather|none\n|upkeep\n|\n|t:|1658810760\n|switch|p2a: Slowgatell|Slowbro, F|43\/100\n|turn|12\n|\n|t:|1658810764\n|switch|p2a: Hippowdon|Hippowdon, F|100\/100\n|-weather|Sandstorm|[from] ability: Sand Stream|[of] p2a: Hippowdon\n|move|p1a: Melmetal|Thunder Punch|p2a: Hippowdon\n|-immune|p2a: Hippowdon\n|\n|-weather|Sandstorm|[upkeep]\n|upkeep\n|turn|13\n|\n|t:|1658810773\n|switch|p2a: Dracozolt|Dracozolt|100\/100\n|move|p1a: Melmetal|Ice Punch|p2a: Dracozolt\n|-supereffective|p2a: Dracozolt\n|-damage|p2a: Dracozolt|5\/100\n|\n|-weather|Sandstorm|[upkeep]\n|-heal|p2a: Dracozolt|11\/100|[from] item: Leftovers\n|upkeep\n|turn|14\n|\n|t:|1658810783\n|move|p2a: Dracozolt|Bolt Beak|p1a: Melmetal\n|-damage|p1a: Melmetal|24\/100\n|move|p1a: Melmetal|Ice Punch|p2a: Dracozolt\n|-supereffective|p2a: Dracozolt\n|-damage|p2a: Dracozolt|0 fnt\n|faint|p2a: Dracozolt\n|\n|-weather|Sandstorm|[upkeep]\n|upkeep\n|\n|t:|1658810792\n|switch|p2a: Regieleki|Regieleki|100\/100\n|turn|15\n|j| punyakoko\n|-message|Fastpitchkiller forfeited.\n|\n|win|LaDoudou'sPatate\n|raw|LaDoudou&apos;sPatate's rating: 1740 &rarr; <strong>1760<\/strong><br \/>(+20 for winning)\n|raw|Fastpitchkiller's rating: 1748 &rarr; <strong>1728<\/strong><br \/>(-20 for losing)\n|l|\u2606Fastpitchkiller\n|j| CanUrepeat\n|l|\u2606LaDoudou'sPatate\n|l| CanUrepeat\n|l| bloked on blicks\n|l| punyakoko\n","uploadtime":1658810816,"views":9,"p1id":"ladoudouspatate","p2id":"fastpitchkiller","formatid":"gen8ou","rating":1728,"private":0,"password":null}