{"id":"gen8ou-1689066933","p1":"minimax_ai","p2":"gotsnsd","format":"gen8ou","log":"|html|<div class=\"broadcast-blue\"><strong>[Gen 8] OU is currently suspecting Melmetal! For information on how to participate check out the <a href=\"https:\/\/www.smogon.com\/forums\/threads\/np-ss-ou-suspect-process-round-12-monster-mash.3709234\/\">suspect thread<\/a>.<\/strong><\/div>\n|j|\u2606minimax_ai\n|j|\u2606gotsnsd\n|t:|1666128307\n|gametype|singles\n|player|p1|minimax_ai|lusamine-nihilego|1422\n|player|p2|gotsnsd|beauty-gen2jp|1490\n|teamsize|p1|6\n|teamsize|p2|6\n|gen|8\n|tier|[Gen 8] OU\n|rated|\n|rule|Sleep Clause Mod: Limit one foe put to sleep\n|rule|Species Clause: Limit one of each Pok\u00e9mon\n|rule|OHKO Clause: OHKO moves are banned\n|rule|Evasion Items Clause: Evasion items are banned\n|rule|Evasion Moves Clause: Evasion moves are banned\n|rule|Endless Battle Clause: Forcing endless battles is banned\n|rule|HP Percentage Mod: HP is shown in percentages\n|rule|Dynamax Clause: You cannot dynamax\n|clearpoke\n|poke|p1|Rotom-Wash|\n|poke|p1|Weavile, M|\n|poke|p1|Landorus-Therian, M|\n|poke|p1|Heatran, M|\n|poke|p1|Tangrowth, F|\n|poke|p1|Melmetal|\n|poke|p2|Dragapult, F|\n|poke|p2|Kartana|\n|poke|p2|Weavile, M|\n|poke|p2|Volcanion|\n|poke|p2|Mew|\n|poke|p2|Landorus-Therian, M|\n|teampreview\n|c|\u2606minimax_ai|hf\n|inactive|Battle timer is ON: inactive players will automatically lose when time's up. (requested by minimax_ai)\n|\n|t:|1666128324\n|start\n|switch|p1a: rotomwash|Rotom-Wash|100\/100\n|switch|p2a: Dragapult|Dragapult, F|100\/100\n|turn|1\n|\n|t:|1666128331\n|switch|p1a: landorustherian|Landorus-Therian, M|100\/100\n|-ability|p1a: landorustherian|Intimidate|boost\n|-fail|p2a: Dragapult|unboost|[from] ability: Clear Body|[of] p2a: Dragapult\n|move|p2a: Dragapult|U-turn|p1a: landorustherian\n|-resisted|p1a: landorustherian\n|-damage|p1a: landorustherian|83\/100\n|\n|t:|1666128343\n|switch|p2a: Weavile|Weavile, M|100\/100|[from]move: U-turn\n|-ability|p2a: Weavile|Pressure\n|\n|-heal|p1a: landorustherian|89\/100|[from] item: Leftovers\n|upkeep\n|turn|2\n|\n|t:|1666128346\n|move|p2a: Weavile|Beat Up|p1a: landorustherian\n|-damage|p1a: landorustherian|75\/100\n|-damage|p1a: landorustherian|56\/100\n|-crit|p1a: landorustherian\n|-damage|p1a: landorustherian|34\/100\n|-damage|p1a: landorustherian|21\/100\n|-damage|p1a: landorustherian|10\/100\n|-damage|p1a: landorustherian|0 fnt\n|faint|p1a: landorustherian\n|-hitcount|p1: landorustherian|6\n|\n|upkeep\n|\n|t:|1666128347\n|switch|p1a: Weavile|Weavile, M|100\/100\n|-ability|p1a: Weavile|Pressure\n|turn|3\n|\n|t:|1666128360\n|switch|p2a: Volcanion|Volcanion|100\/100\n|move|p1a: Weavile|Knock Off|p2a: Volcanion\n|-damage|p2a: Volcanion|25\/100\n|-enditem|p2a: Volcanion|Choice Specs|[from] move: Knock Off|[of] p1a: Weavile\n|\n|upkeep\n|turn|4\n|\n|t:|1666128368\n|move|p1a: Weavile|Knock Off|p2a: Volcanion\n|-damage|p2a: Volcanion|0 fnt\n|faint|p2a: Volcanion\n|\n|upkeep\n|\n|t:|1666128377\n|switch|p2a: Landorus|Landorus-Therian, M|100\/100\n|-ability|p2a: Landorus|Intimidate|boost\n|-unboost|p1a: Weavile|atk|1\n|turn|5\n|\n|t:|1666128380\n|switch|p1a: Tangrowth|Tangrowth, F|100\/100\n|move|p2a: Landorus|Gravity|p2a: Landorus\n|-fieldstart|move: Gravity\n|\n|upkeep\n|turn|6\n|\n|t:|1666128390\n|switch|p2a: Mew|Mew|100\/100\n|move|p1a: Tangrowth|Giga Drain|p2a: Mew\n|-damage|p2a: Mew|77\/100\n|-enditem|p2a: Mew|Red Card|[of] p1a: Tangrowth\n|drag|p1a: Heatran|Heatran, M|100\/100\n|\n|upkeep\n|turn|7\n|\n|t:|1666128394\n|move|p2a: Mew|Stealth Rock|p1a: Heatran\n|-sidestart|p1: minimax_ai|move: Stealth Rock\n|move|p1a: Heatran|Eruption|p2a: Mew\n|-damage|p2a: Mew|8\/100\n|\n|upkeep\n|turn|8\n|\n|t:|1666128397\n|move|p2a: Mew|Close Combat|p1a: Heatran\n|-supereffective|p1a: Heatran\n|-crit|p1a: Heatran\n|-damage|p1a: Heatran|22\/100\n|-unboost|p2a: Mew|def|1\n|-unboost|p2a: Mew|spd|1\n|-enditem|p1a: Heatran|Air Balloon\n|move|p1a: Heatran|Magma Storm|p2a: Mew\n|-damage|p2a: Mew|0 fnt\n|faint|p2a: Mew\n|\n|upkeep\n|\n|t:|1666128419\n|switch|p2a: Landorus|Landorus-Therian, M|100\/100\n|-ability|p2a: Landorus|Intimidate|boost\n|-unboost|p1a: Heatran|atk|1\n|turn|9\n|\n|t:|1666128434\n|switch|p2a: Dragapult|Dragapult, F|100\/100\n|switch|p1a: Tangrowth|Tangrowth, F|100\/100\n|-damage|p1a: Tangrowth|88\/100|[from] Stealth Rock\n|\n|-fieldend|move: Gravity\n|upkeep\n|turn|10\n|\n|t:|1666128436\n|move|p2a: Dragapult|U-turn|p1a: Tangrowth\n|-supereffective|p1a: Tangrowth\n|-damage|p1a: Tangrowth|51\/100\n|-damage|p2a: Dragapult|84\/100|[from] item: Rocky Helmet|[of] p1a: Tangrowth\n|\n|t:|1666128444\n|switch|p2a: Weavile|Weavile, M|100\/100|[from]move: U-turn\n|-ability|p2a: Weavile|Pressure\n|move|p1a: Tangrowth|Knock Off|p2a: Weavile\n|-resisted|p2a: Weavile\n|-damage|p2a: Weavile|80\/100\n|-enditem|p2a: Weavile|Choice Band|[from] move: Knock Off|[of] p1a: Tangrowth\n|\n|upkeep\n|turn|11\n|\n|t:|1666128447\n|switch|p1a: Melmetal|Melmetal|100\/100\n|-damage|p1a: Melmetal|94\/100|[from] Stealth Rock\n|move|p2a: Weavile|Triple Axel|p1a: Melmetal\n|-resisted|p1a: Melmetal\n|-damage|p1a: Melmetal|91\/100\n|-resisted|p1a: Melmetal\n|-damage|p1a: Melmetal|85\/100\n|-resisted|p1a: Melmetal\n|-damage|p1a: Melmetal|76\/100\n|-hitcount|p1a: Melmetal|3\n|\n|upkeep\n|turn|12\n|\n|t:|1666128451\n|switch|p2a: Kartana|Kartana|100\/100\n|move|p1a: Melmetal|Double Iron Bash|p2a: Kartana\n|-resisted|p2a: Kartana\n|-damage|p2a: Kartana|80\/100\n|-resisted|p2a: Kartana\n|-damage|p2a: Kartana|61\/100\n|-hitcount|p2a: Kartana|2\n|\n|upkeep\n|turn|13\n|\n|t:|1666128455\n|switch|p1a: Tangrowth|Tangrowth, F|84\/100\n|-damage|p1a: Tangrowth|72\/100|[from] Stealth Rock\n|move|p2a: Kartana|Knock Off|p1a: Tangrowth\n|-damage|p1a: Tangrowth|49\/100\n|-damage|p2a: Kartana|44\/100|[from] item: Rocky Helmet|[of] p1a: Tangrowth\n|-enditem|p1a: Tangrowth|Rocky Helmet|[from] move: Knock Off|[of] p2a: Kartana\n|\n|upkeep\n|turn|14\n|\n|t:|1666128462\n|switch|p2a: Weavile|Weavile, M|80\/100\n|-ability|p2a: Weavile|Pressure\n|move|p1a: Tangrowth|Giga Drain|p2a: Weavile\n|-damage|p2a: Weavile|44\/100\n|-heal|p1a: Tangrowth|61\/100|[from] drain|[of] p2a: Weavile\n|\n|upkeep\n|turn|15\n|\n|t:|1666128467\n|switch|p1a: Melmetal|Melmetal|76\/100\n|-damage|p1a: Melmetal|70\/100|[from] Stealth Rock\n|move|p2a: Weavile|Low Kick|p1a: Melmetal\n|-supereffective|p1a: Melmetal\n|-damage|p1a: Melmetal|20\/100\n|\n|upkeep\n|turn|16\n|\n|t:|1666128474\n|switch|p1a: rotomwash|Rotom-Wash|100\/100\n|-damage|p1a: rotomwash|88\/100|[from] Stealth Rock\n|move|p2a: Weavile|Beat Up|p1a: rotomwash\n|-damage|p1a: rotomwash|78\/100\n|-damage|p1a: rotomwash|64\/100\n|-damage|p1a: rotomwash|52\/100\n|-damage|p1a: rotomwash|43\/100\n|-hitcount|p1a: rotomwash|4\n|\n|-heal|p1a: rotomwash|49\/100|[from] item: Leftovers\n|upkeep\n|turn|17\n|\n|t:|1666128492\n|switch|p2a: Dragapult|Dragapult, F|84\/100\n|switch|p1a: Heatran|Heatran, M|22\/100\n|-damage|p1a: Heatran|10\/100|[from] Stealth Rock\n|\n|upkeep\n|turn|18\n|\n|t:|1666128496\n|move|p2a: Dragapult|Dragon Darts|p1a: Heatran\n|-resisted|p1a: Heatran\n|-damage|p1a: Heatran|0 fnt\n|faint|p1a: Heatran\n|\n|upkeep\n|\n|t:|1666128496\n|switch|p1a: Tangrowth|Tangrowth, F|94\/100\n|-damage|p1a: Tangrowth|82\/100|[from] Stealth Rock\n|turn|19\n|\n|t:|1666128516\n|switch|p2a: Landorus|Landorus-Therian, M|100\/100\n|-ability|p2a: Landorus|Intimidate|boost\n|-unboost|p1a: Tangrowth|atk|1\n|move|p1a: Tangrowth|Knock Off|p2a: Landorus\n|-damage|p2a: Landorus|85\/100\n|-enditem|p2a: Landorus|Leftovers|[from] move: Knock Off|[of] p1a: Tangrowth\n|\n|upkeep\n|turn|20\n|\n|t:|1666128526\n|switch|p2a: Kartana|Kartana|44\/100\n|move|p1a: Tangrowth|Knock Off|p2a: Kartana\n|-damage|p2a: Kartana|28\/100\n|-enditem|p2a: Kartana|Choice Scarf|[from] move: Knock Off|[of] p1a: Tangrowth\n|\n|upkeep\n|turn|21\n|\n|t:|1666128530\n|switch|p2a: Landorus|Landorus-Therian, M|85\/100\n|-ability|p2a: Landorus|Intimidate|boost\n|-unboost|p1a: Tangrowth|atk|1\n|move|p1a: Tangrowth|Knock Off|p2a: Landorus\n|-damage|p2a: Landorus|77\/100\n|\n|upkeep\n|turn|22\n|\n|t:|1666128535\n|move|p2a: Landorus|Swords Dance|p2a: Landorus\n|-boost|p2a: Landorus|atk|2\n|move|p1a: Tangrowth|Knock Off|p2a: Landorus\n|-damage|p2a: Landorus|69\/100\n|\n|upkeep\n|turn|23\n|\n|t:|1666128539\n|move|p2a: Landorus|Stone Edge|p1a: Tangrowth|[miss]\n|-miss|p2a: Landorus|p1a: Tangrowth\n|move|p1a: Tangrowth|Giga Drain|p2a: Landorus\n|-damage|p2a: Landorus|39\/100\n|-heal|p1a: Tangrowth|97\/100|[from] drain|[of] p2a: Landorus\n|\n|upkeep\n|turn|24\n|\n|t:|1666128543\n|move|p2a: Landorus|Stone Edge|p1a: Tangrowth\n|-damage|p1a: Tangrowth|62\/100\n|move|p1a: Tangrowth|Giga Drain|p2a: Landorus\n|-damage|p2a: Landorus|10\/100\n|-heal|p1a: Tangrowth|76\/100|[from] drain|[of] p2a: Landorus\n|\n|upkeep\n|turn|25\n|\n|t:|1666128547\n|switch|p2a: Dragapult|Dragapult, F|84\/100\n|move|p1a: Tangrowth|Giga Drain|p2a: Dragapult\n|-resisted|p2a: Dragapult\n|-damage|p2a: Dragapult|65\/100\n|-heal|p1a: Tangrowth|83\/100|[from] drain|[of] p2a: Dragapult\n|\n|upkeep\n|turn|26\n|\n|t:|1666128554\n|move|p2a: Dragapult|U-turn|p1a: Tangrowth\n|-supereffective|p1a: Tangrowth\n|-damage|p1a: Tangrowth|46\/100\n|\n|t:|1666128561\n|switch|p2a: Landorus|Landorus-Therian, M|10\/100|[from]move: U-turn\n|-ability|p2a: Landorus|Intimidate|boost\n|-unboost|p1a: Tangrowth|atk|1\n|move|p1a: Tangrowth|Sleep Powder|p2a: Landorus|[miss]\n|-miss|p1a: Tangrowth|p2a: Landorus\n|\n|upkeep\n|turn|27\n|\n|t:|1666128566\n|switch|p2a: Weavile|Weavile, M|44\/100\n|-ability|p2a: Weavile|Pressure\n|move|p1a: Tangrowth|Sleep Powder|p2a: Weavile\n|-status|p2a: Weavile|slp|[from] move: Sleep Powder\n|\n|upkeep\n|turn|28\n|\n|t:|1666128572\n|cant|p2a: Weavile|slp\n|move|p1a: Tangrowth|Giga Drain|p2a: Weavile\n|-damage|p2a: Weavile|3\/100 slp\n|-heal|p1a: Tangrowth|60\/100|[from] drain|[of] p2a: Weavile\n|\n|upkeep\n|turn|29\n|\n|t:|1666128575\n|switch|p1a: Weavile|Weavile, M|100\/100\n|-damage|p1a: Weavile|76\/100|[from] Stealth Rock\n|-ability|p1a: Weavile|Pressure\n|cant|p2a: Weavile|slp\n|\n|upkeep\n|turn|30\n|\n|t:|1666128579\n|move|p1a: Weavile|Ice Shard|p2a: Weavile\n|-resisted|p2a: Weavile\n|-damage|p2a: Weavile|0 fnt\n|faint|p2a: Weavile\n|\n|upkeep\n|\n|t:|1666128585\n|switch|p2a: Landorus|Landorus-Therian, M|10\/100\n|-ability|p2a: Landorus|Intimidate|boost\n|-unboost|p1a: Weavile|atk|1\n|turn|31\n|\n|t:|1666128590\n|move|p1a: Weavile|Ice Shard|p2a: Landorus\n|-supereffective|p2a: Landorus\n|-damage|p2a: Landorus|0 fnt\n|faint|p2a: Landorus\n|\n|upkeep\n|\n|t:|1666128592\n|switch|p2a: Dragapult|Dragapult, F|65\/100\n|turn|32\n|\n|t:|1666128595\n|move|p1a: Weavile|Ice Shard|p2a: Dragapult\n|-supereffective|p2a: Dragapult\n|-damage|p2a: Dragapult|12\/100\n|move|p2a: Dragapult|Dragon Darts|p1a: Weavile\n|-damage|p1a: Weavile|13\/100\n|-anim|p2a: Dragapult|Dragon Darts|p1a: Weavile\n|-damage|p1a: Weavile|0 fnt\n|faint|p1a: Weavile\n|\n|upkeep\n|\n|t:|1666128595\n|switch|p1a: Tangrowth|Tangrowth, F|93\/100\n|-damage|p1a: Tangrowth|80\/100|[from] Stealth Rock\n|turn|33\n|\n|t:|1666128598\n|move|p2a: Dragapult|Dragon Darts|p1a: Tangrowth\n|-crit|p1a: Tangrowth\n|-damage|p1a: Tangrowth|52\/100\n|-anim|p2a: Dragapult|Dragon Darts|p1a: Tangrowth\n|-damage|p1a: Tangrowth|34\/100\n|move|p1a: Tangrowth|Giga Drain|p2a: Dragapult\n|-resisted|p2a: Dragapult\n|-damage|p2a: Dragapult|0 fnt\n|-heal|p1a: Tangrowth|39\/100|[from] drain|[of] p2a: Dragapult\n|faint|p2a: Dragapult\n|\n|upkeep\n|\n|t:|1666128601\n|switch|p2a: Kartana|Kartana|28\/100\n|turn|34\n|\n|t:|1666128604\n|move|p2a: Kartana|Smart Strike|p1a: Tangrowth\n|-damage|p1a: Tangrowth|12\/100\n|move|p1a: Tangrowth|Focus Blast|p2a: Kartana\n|-supereffective|p2a: Kartana\n|-damage|p2a: Kartana|0 fnt\n|faint|p2a: Kartana\n|\n|win|minimax_ai\n|raw|minimax_ai's rating: 1422 &rarr; <strong>1446<\/strong><br \/>(+24 for winning)\n|raw|gotsnsd's rating: 1490 &rarr; <strong>1466<\/strong><br \/>(-24 for losing)\n|c|\u2606minimax_ai|gg\n","uploadtime":1666128606,"views":10,"p1id":"minimaxai","p2id":"gotsnsd","formatid":"gen8ou","rating":1446,"private":0,"password":null}