{"id":"gen8ou-1435539247","p1":"Gurtrant","p2":"River Crossing","format":"gen8ou","log":"|j|\u2606Gurtrant\n|j|\u2606River Crossing\n|t:|1634251192\n|gametype|singles\n|player|p1|Gurtrant|238|1622\n|player|p2|River Crossing|erika-gen2|1664\n|teamsize|p1|6\n|teamsize|p2|6\n|gen|8\n|tier|[Gen 8] OU\n|rated|\n|rule|Sleep Clause Mod: Limit one foe put to sleep\n|rule|Species Clause: Limit one of each Pok\u00e9mon\n|rule|OHKO Clause: OHKO moves are banned\n|rule|Evasion Moves Clause: Evasion moves are banned\n|rule|Endless Battle Clause: Forcing endless battles is banned\n|rule|HP Percentage Mod: HP is shown in percentages\n|rule|Dynamax Clause: You cannot dynamax\n|clearpoke\n|poke|p1|Pelipper, M|\n|poke|p1|Heliolisk, F|\n|poke|p1|Seismitoad, M|\n|poke|p1|Barraskewda, M|\n|poke|p1|Ferrothorn, M|\n|poke|p1|Zapdos|\n|poke|p2|Victini|\n|poke|p2|Toxapex, M|\n|poke|p2|Tyranitar, M|\n|poke|p2|Clefable, F|\n|poke|p2|Corviknight, F|\n|poke|p2|Landorus-Therian, M|\n|teampreview\n|inactive|Battle timer is ON: inactive players will automatically lose when time's up. (requested by Gurtrant)\n|\n|t:|1634251219\n|start\n|switch|p1a: Pelipper|Pelipper, M|100\/100\n|switch|p2a: Tyranitar|Tyranitar, M|100\/100\n|-weather|RainDance|[from] ability: Drizzle|[of] p1a: Pelipper\n|-weather|Sandstorm|[from] ability: Sand Stream|[of] p2a: Tyranitar\n|turn|1\n|j| SlowbroButFemale\n|inactive|Gurtrant has 120 seconds left.\n|\n|t:|1634251264\n|move|p1a: Pelipper|U-turn|p2a: Tyranitar\n|-supereffective|p2a: Tyranitar\n|-damage|p2a: Tyranitar|87\/100\n|\n|t:|1634251266\n|switch|p1a: Ferrothorn|Ferrothorn, M|100\/100|[from]move: U-turn\n|move|p2a: Tyranitar|Stealth Rock|p1a: Ferrothorn\n|-sidestart|p1: Gurtrant|move: Stealth Rock\n|\n|-weather|Sandstorm|[upkeep]\n|-heal|p2a: Tyranitar|93\/100|[from] item: Leftovers\n|upkeep\n|turn|2\n|\n|t:|1634251273\n|switch|p2a: Clefable|Clefable, F|100\/100\n|move|p1a: Ferrothorn|Spikes|p2a: Clefable\n|-sidestart|p2: River Crossing|Spikes\n|\n|-weather|Sandstorm|[upkeep]\n|upkeep\n|turn|3\n|\n|t:|1634251277\n|move|p2a: Clefable|Trick|p1a: Ferrothorn\n|-activate|p2a: Clefable|move: Trick|[of] p1a: Ferrothorn\n|-item|p1a: Ferrothorn|Choice Scarf|[from] move: Trick\n|-item|p2a: Clefable|Leftovers|[from] move: Trick\n|move|p1a: Ferrothorn|Knock Off|p2a: Clefable\n|-resisted|p2a: Clefable\n|-damage|p2a: Clefable|92\/100\n|-enditem|p2a: Clefable|Leftovers|[from] move: Knock Off|[of] p1a: Ferrothorn\n|\n|-weather|Sandstorm|[upkeep]\n|upkeep\n|turn|4\n|\n|t:|1634251288\n|switch|p1a: Heliolisk|Heliolisk, F, shiny|100\/100\n|-damage|p1a: Heliolisk|88\/100|[from] Stealth Rock\n|move|p2a: Clefable|Moonblast|p1a: Heliolisk\n|-damage|p1a: Heliolisk|44\/100\n|\n|-weather|Sandstorm|[upkeep]\n|-damage|p1a: Heliolisk|38\/100|[from] Sandstorm\n|upkeep\n|turn|5\n|\n|t:|1634251300\n|move|p1a: Heliolisk|Volt Switch|p2a: Clefable\n|-damage|p2a: Clefable|52\/100\n|-damage|p1a: Heliolisk|28\/100|[from] item: Life Orb\n|inactive|Gurtrant has 120 seconds left.\n|\n|t:|1634251334\n|switch|p1a: Ferrothorn|Ferrothorn, M|100\/100|[from]move: Volt Switch\n|-damage|p1a: Ferrothorn|94\/100|[from] Stealth Rock\n|move|p2a: Clefable|Moonblast|p1a: Ferrothorn\n|-resisted|p1a: Ferrothorn\n|-damage|p1a: Ferrothorn|85\/100\n|\n|-weather|none\n|upkeep\n|turn|6\n|\n|t:|1634251343\n|switch|p2a: Corviknight|Corviknight, F|100\/100\n|-ability|p2a: Corviknight|Pressure\n|move|p1a: Ferrothorn|Gyro Ball|p2a: Corviknight\n|-resisted|p2a: Corviknight\n|-damage|p2a: Corviknight|93\/100\n|-damage|p1a: Ferrothorn|68\/100|[from] item: Rocky Helmet|[of] p2a: Corviknight\n|\n|upkeep\n|turn|7\n|inactive|Gurtrant has 120 seconds left.\n|\n|t:|1634251357\n|switch|p1a: Zapdos|Zapdos|100\/100\n|move|p2a: Corviknight|U-turn|p1a: Zapdos\n|-resisted|p1a: Zapdos\n|-damage|p1a: Zapdos|96\/100\n|\n|t:|1634251362\n|switch|p2a: Tyranitar|Tyranitar, M|93\/100|[from]move: U-turn\n|-damage|p2a: Tyranitar|80\/100|[from] Spikes\n|-weather|Sandstorm|[from] ability: Sand Stream|[of] p2a: Tyranitar\n|\n|-weather|Sandstorm|[upkeep]\n|-damage|p1a: Zapdos|89\/100|[from] Sandstorm\n|-heal|p2a: Tyranitar|87\/100|[from] item: Leftovers\n|upkeep\n|turn|8\n|\n|t:|1634251367\n|move|p1a: Zapdos|U-turn|p2a: Tyranitar\n|-supereffective|p2a: Tyranitar\n|-damage|p2a: Tyranitar|64\/100\n|\n|t:|1634251369\n|switch|p1a: Ferrothorn|Ferrothorn, M|68\/100|[from]move: U-turn\n|-damage|p1a: Ferrothorn|62\/100|[from] Stealth Rock\n|move|p2a: Tyranitar|Rock Blast|p1a: Ferrothorn\n|-resisted|p1a: Ferrothorn\n|-damage|p1a: Ferrothorn|58\/100\n|-resisted|p1a: Ferrothorn\n|-damage|p1a: Ferrothorn|53\/100\n|-resisted|p1a: Ferrothorn\n|-damage|p1a: Ferrothorn|49\/100\n|-hitcount|p1a: Ferrothorn|3\n|\n|-weather|Sandstorm|[upkeep]\n|-heal|p2a: Tyranitar|70\/100|[from] item: Leftovers\n|upkeep\n|turn|9\n|\n|t:|1634251377\n|switch|p2a: Corviknight|Corviknight, F|93\/100\n|-ability|p2a: Corviknight|Pressure\n|move|p1a: Ferrothorn|Knock Off|p2a: Corviknight\n|-damage|p2a: Corviknight|80\/100\n|-damage|p1a: Ferrothorn|33\/100|[from] item: Rocky Helmet|[of] p2a: Corviknight\n|-enditem|p2a: Corviknight|Rocky Helmet|[from] move: Knock Off|[of] p1a: Ferrothorn\n|\n|-weather|Sandstorm|[upkeep]\n|upkeep\n|turn|10\n|\n|t:|1634251384\n|switch|p1a: Zapdos|Zapdos|89\/100\n|move|p2a: Corviknight|Defog|p1a: Zapdos\n|-unboost|p1a: Zapdos|evasion|1\n|-sideend|p1: Gurtrant|Stealth Rock|[from] move: Defog|[of] p2a: Corviknight\n|-sideend|p2: River Crossing|Spikes|[from] move: Defog|[of] p2a: Corviknight\n|\n|-weather|Sandstorm|[upkeep]\n|-damage|p1a: Zapdos|83\/100|[from] Sandstorm\n|upkeep\n|turn|11\n|\n|t:|1634251388\n|switch|p2a: Landorus|Landorus-Therian, M|100\/100\n|-ability|p2a: Landorus|Intimidate|boost\n|-unboost|p1a: Zapdos|atk|1\n|move|p1a: Zapdos|U-turn|p2a: Landorus\n|-resisted|p2a: Landorus\n|-damage|p2a: Landorus|95\/100\n|\n|t:|1634251390\n|switch|p1a: Pelipper|Pelipper, M|100\/100|[from]move: U-turn\n|-weather|RainDance|[from] ability: Drizzle|[of] p1a: Pelipper\n|\n|-weather|RainDance|[upkeep]\n|upkeep\n|turn|12\n|\n|t:|1634251393\n|move|p2a: Landorus|U-turn|p1a: Pelipper\n|-resisted|p1a: Pelipper\n|-damage|p1a: Pelipper|90\/100\n|\n|t:|1634251396\n|switch|p2a: Toxapex|Toxapex, M|100\/100|[from]move: U-turn\n|move|p1a: Pelipper|U-turn|p2a: Toxapex\n|-resisted|p2a: Toxapex\n|-damage|p2a: Toxapex|98\/100\n|-damage|p1a: Pelipper|73\/100|[from] item: Rocky Helmet|[of] p2a: Toxapex\n|\n|t:|1634251399\n|switch|p1a: Heliolisk|Heliolisk, F, shiny|28\/100|[from]move: U-turn\n|\n|-weather|RainDance|[upkeep]\n|-heal|p1a: Heliolisk|40\/100|[from] ability: Dry Skin\n|upkeep\n|turn|13\n|\n|t:|1634251411\n|switch|p2a: Landorus|Landorus-Therian, M|95\/100\n|-ability|p2a: Landorus|Intimidate|boost\n|-unboost|p1a: Heliolisk|atk|1\n|move|p1a: Heliolisk|Thunder|p2a: Landorus\n|-immune|p2a: Landorus\n|\n|-weather|RainDance|[upkeep]\n|-heal|p1a: Heliolisk|53\/100|[from] ability: Dry Skin\n|upkeep\n|turn|14\n|\n|t:|1634251418\n|switch|p1a: Zapdos|Zapdos|83\/100\n|move|p2a: Landorus|U-turn|p1a: Zapdos\n|-resisted|p1a: Zapdos\n|-damage|p1a: Zapdos|74\/100\n|\n|t:|1634251420\n|switch|p2a: Tyranitar|Tyranitar, M|70\/100|[from]move: U-turn\n|-weather|Sandstorm|[from] ability: Sand Stream|[of] p2a: Tyranitar\n|\n|-weather|Sandstorm|[upkeep]\n|-damage|p1a: Zapdos|68\/100|[from] Sandstorm\n|-heal|p2a: Tyranitar|76\/100|[from] item: Leftovers\n|upkeep\n|turn|15\n|inactive|Gurtrant has 120 seconds left.\n|inactive|River Crossing has 120 seconds left.\n|inactive|Gurtrant has 90 seconds left.\n|\n|t:|1634251484\n|move|p1a: Zapdos|U-turn|p2a: Tyranitar\n|-supereffective|p2a: Tyranitar\n|-damage|p2a: Tyranitar|55\/100\n|\n|t:|1634251489\n|switch|p1a: Ferrothorn|Ferrothorn, M|33\/100|[from]move: U-turn\n|move|p2a: Tyranitar|Rock Blast|p1a: Ferrothorn\n|-resisted|p1a: Ferrothorn\n|-damage|p1a: Ferrothorn|28\/100\n|-resisted|p1a: Ferrothorn\n|-damage|p1a: Ferrothorn|24\/100\n|-hitcount|p1a: Ferrothorn|2\n|\n|-weather|Sandstorm|[upkeep]\n|-heal|p2a: Tyranitar|62\/100|[from] item: Leftovers\n|upkeep\n|turn|16\n|\n|t:|1634251496\n|switch|p2a: Victini|Victini|100\/100\n|move|p1a: Ferrothorn|Leech Seed|p2a: Victini\n|-start|p2a: Victini|move: Leech Seed\n|\n|-weather|Sandstorm|[upkeep]\n|-damage|p2a: Victini|94\/100|[from] Sandstorm\n|-damage|p2a: Victini|82\/100|[from] Leech Seed|[of] p1a: Ferrothorn\n|-heal|p1a: Ferrothorn|36\/100|[silent]\n|upkeep\n|turn|17\n|inactive|River Crossing has 120 seconds left.\n|\n|t:|1634251530\n|switch|p1a: Seismitoad|Seismitoad, M|100\/100\n|move|p2a: Victini|V-create|p1a: Seismitoad\n|-resisted|p1a: Seismitoad\n|-damage|p1a: Seismitoad|31\/100\n|-unboost|p2a: Victini|spe|1\n|-unboost|p2a: Victini|def|1\n|-unboost|p2a: Victini|spd|1\n|\n|-weather|Sandstorm|[upkeep]\n|-damage|p2a: Victini|76\/100|[from] Sandstorm\n|-damage|p2a: Victini|64\/100|[from] Leech Seed|[of] p1a: Seismitoad\n|-heal|p1a: Seismitoad|43\/100|[silent]\n|upkeep\n|turn|18\n|\n|t:|1634251536\n|switch|p1a: Pelipper|Pelipper, M|73\/100\n|-weather|RainDance|[from] ability: Drizzle|[of] p1a: Pelipper\n|switch|p2a: Corviknight|Corviknight, F|80\/100\n|-ability|p2a: Corviknight|Pressure\n|\n|-weather|RainDance|[upkeep]\n|upkeep\n|turn|19\n|\n|t:|1634251540\n|move|p2a: Corviknight|U-turn|p1a: Pelipper\n|-resisted|p1a: Pelipper\n|-damage|p1a: Pelipper|67\/100\n|\n|t:|1634251547\n|switch|p2a: Tyranitar|Tyranitar, M|62\/100|[from]move: U-turn\n|-weather|Sandstorm|[from] ability: Sand Stream|[of] p2a: Tyranitar\n|move|p1a: Pelipper|U-turn|p2a: Tyranitar\n|-supereffective|p2a: Tyranitar\n|-damage|p2a: Tyranitar|48\/100\n|\n|t:|1634251550\n|switch|p1a: Barraskewda|Barraskewda, M|100\/100|[from]move: U-turn\n|\n|-weather|Sandstorm|[upkeep]\n|-damage|p1a: Barraskewda|94\/100|[from] Sandstorm\n|-heal|p2a: Tyranitar|54\/100|[from] item: Leftovers\n|upkeep\n|turn|20\n|\n|t:|1634251553\n|switch|p2a: Toxapex|Toxapex, M|100\/100\n|move|p1a: Barraskewda|Flip Turn|p2a: Toxapex\n|-resisted|p2a: Toxapex\n|-damage|p2a: Toxapex|86\/100\n|-damage|p1a: Barraskewda|78\/100|[from] item: Rocky Helmet|[of] p2a: Toxapex\n|\n|t:|1634251558\n|switch|p1a: Pelipper|Pelipper, M|67\/100|[from]move: Flip Turn\n|-weather|RainDance|[from] ability: Drizzle|[of] p1a: Pelipper\n|\n|-weather|RainDance|[upkeep]\n|upkeep\n|turn|21\n|\n|t:|1634251565\n|switch|p1a: Ferrothorn|Ferrothorn, M|36\/100\n|move|p2a: Toxapex|Toxic Spikes|p1a: Ferrothorn\n|-sidestart|p1: Gurtrant|move: Toxic Spikes\n|\n|-weather|RainDance|[upkeep]\n|upkeep\n|turn|22\n|\n|t:|1634251588\n|switch|p2a: Victini|Victini|64\/100\n|move|p1a: Ferrothorn|Knock Off|p2a: Victini\n|-supereffective|p2a: Victini\n|-damage|p2a: Victini|22\/100\n|-enditem|p2a: Victini|Choice Band|[from] move: Knock Off|[of] p1a: Ferrothorn\n|\n|-weather|RainDance|[upkeep]\n|upkeep\n|turn|23\n|inactive|River Crossing has 120 seconds left.\n|inactive|River Crossing has 90 seconds left.\n|j| Tabata Toxapex\n|inactive|River Crossing has 60 seconds left.\n|\n|t:|1634251675\n|switch|p1a: Zapdos|Zapdos|68\/100\n|move|p2a: Victini|V-create|p1a: Zapdos\n|-damage|p1a: Zapdos|41\/100\n|-unboost|p2a: Victini|spe|1\n|-unboost|p2a: Victini|def|1\n|-unboost|p2a: Victini|spd|1\n|\n|-weather|RainDance|[upkeep]\n|upkeep\n|turn|24\n|inactive|River Crossing has 60 seconds left.\n|\n|t:|1634251688\n|switch|p2a: Tyranitar|Tyranitar, M|54\/100\n|-weather|Sandstorm|[from] ability: Sand Stream|[of] p2a: Tyranitar\n|move|p1a: Zapdos|Roost|p1a: Zapdos\n|-heal|p1a: Zapdos|91\/100\n|-singleturn|p1a: Zapdos|move: Roost\n|\n|-weather|Sandstorm|[upkeep]\n|-damage|p1a: Zapdos|85\/100|[from] Sandstorm\n|-heal|p2a: Tyranitar|60\/100|[from] item: Leftovers\n|upkeep\n|turn|25\n|inactive|River Crossing has 60 seconds left.\n|\n|t:|1634251707\n|switch|p1a: Ferrothorn|Ferrothorn, M|36\/100\n|move|p2a: Tyranitar|Ice Beam|p1a: Ferrothorn\n|-damage|p1a: Ferrothorn|25\/100\n|\n|-weather|Sandstorm|[upkeep]\n|-heal|p2a: Tyranitar|66\/100|[from] item: Leftovers\n|upkeep\n|turn|26\n|inactive|River Crossing has 60 seconds left.\n|\n|t:|1634251733\n|switch|p2a: Clefable|Clefable, F|52\/100\n|move|p1a: Ferrothorn|Knock Off|p2a: Clefable\n|-resisted|p2a: Clefable\n|-damage|p2a: Clefable|46\/100\n|\n|-weather|Sandstorm|[upkeep]\n|upkeep\n|turn|27\n|\n|t:|1634251746\n|switch|p1a: Pelipper|Pelipper, M|67\/100\n|-weather|RainDance|[from] ability: Drizzle|[of] p1a: Pelipper\n|move|p2a: Clefable|Moonblast|p1a: Pelipper\n|-crit|p1a: Pelipper\n|-damage|p1a: Pelipper|6\/100\n|\n|-weather|RainDance|[upkeep]\n|upkeep\n|turn|28\n|\n|t:|1634251753\n|switch|p1a: Zapdos|Zapdos|85\/100\n|move|p2a: Clefable|Moonblast|p1a: Zapdos\n|-damage|p1a: Zapdos|55\/100\n|\n|-weather|RainDance|[upkeep]\n|upkeep\n|turn|29\n|inactive|River Crossing has 60 seconds left.\n|\n|t:|1634251761\n|move|p1a: Zapdos|Defog|p2a: Clefable\n|-unboost|p2a: Clefable|evasion|1\n|-sideend|p1: Gurtrant|Toxic Spikes|[from] move: Defog|[of] p1a: Zapdos\n|move|p2a: Clefable|Moonblast|p1a: Zapdos\n|-damage|p1a: Zapdos|26\/100\n|-unboost|p1a: Zapdos|spa|1\n|\n|-weather|RainDance|[upkeep]\n|upkeep\n|turn|30\n|\n|t:|1634251769\n|switch|p2a: Tyranitar|Tyranitar, M|66\/100\n|-weather|Sandstorm|[from] ability: Sand Stream|[of] p2a: Tyranitar\n|move|p1a: Zapdos|Roost|p1a: Zapdos\n|-heal|p1a: Zapdos|76\/100\n|-singleturn|p1a: Zapdos|move: Roost\n|\n|-weather|Sandstorm|[upkeep]\n|-damage|p1a: Zapdos|70\/100|[from] Sandstorm\n|-heal|p2a: Tyranitar|73\/100|[from] item: Leftovers\n|upkeep\n|turn|31\n|\n|t:|1634251782\n|move|p1a: Zapdos|U-turn|p2a: Tyranitar\n|-supereffective|p2a: Tyranitar\n|-damage|p2a: Tyranitar|53\/100\n|l| SlowbroButFemale\n|\n|t:|1634251784\n|switch|p1a: Ferrothorn|Ferrothorn, M|25\/100|[from]move: U-turn\n|move|p2a: Tyranitar|Rock Blast|p1a: Ferrothorn\n|-resisted|p1a: Ferrothorn\n|-damage|p1a: Ferrothorn|20\/100\n|-resisted|p1a: Ferrothorn\n|-damage|p1a: Ferrothorn|16\/100\n|-hitcount|p1a: Ferrothorn|2\n|\n|-weather|Sandstorm|[upkeep]\n|-heal|p2a: Tyranitar|59\/100|[from] item: Leftovers\n|upkeep\n|turn|32\n|\n|t:|1634251796\n|move|p2a: Tyranitar|Earthquake|p1a: Ferrothorn\n|-damage|p1a: Ferrothorn|0 fnt\n|faint|p1a: Ferrothorn\n|\n|-weather|Sandstorm|[upkeep]\n|-heal|p2a: Tyranitar|65\/100|[from] item: Leftovers\n|upkeep\n|\n|t:|1634251820\n|switch|p1a: Pelipper|Pelipper, M|6\/100\n|-weather|RainDance|[from] ability: Drizzle|[of] p1a: Pelipper\n|turn|33\n|\n|t:|1634251827\n|switch|p2a: Victini|Victini|22\/100\n|move|p1a: Pelipper|Roost|p1a: Pelipper\n|-heal|p1a: Pelipper|56\/100\n|-singleturn|p1a: Pelipper|move: Roost\n|\n|-weather|RainDance|[upkeep]\n|upkeep\n|turn|34\n|\n|t:|1634251844\n|switch|p1a: Seismitoad|Seismitoad, M|43\/100\n|move|p2a: Victini|U-turn|p1a: Seismitoad\n|-damage|p1a: Seismitoad|19\/100\n|\n|t:|1634251849\n|switch|p2a: Tyranitar|Tyranitar, M|65\/100|[from]move: U-turn\n|-weather|Sandstorm|[from] ability: Sand Stream|[of] p2a: Tyranitar\n|\n|-weather|Sandstorm|[upkeep]\n|-heal|p2a: Tyranitar|71\/100|[from] item: Leftovers\n|upkeep\n|turn|35\n|\n|t:|1634251858\n|switch|p2a: Clefable|Clefable, F|46\/100\n|move|p1a: Seismitoad|Earth Power|p2a: Clefable\n|-damage|p2a: Clefable|0 fnt\n|faint|p2a: Clefable\n|-damage|p1a: Seismitoad|9\/100|[from] item: Life Orb\n|\n|-weather|Sandstorm|[upkeep]\n|upkeep\n|inactive|River Crossing has 90 seconds left.\n|\n|t:|1634251874\n|switch|p2a: Victini|Victini|22\/100\n|turn|36\n|inactive|River Crossing has 90 seconds left.\n|\n|t:|1634251892\n|move|p2a: Victini|Glaciate|p1a: Seismitoad\n|-damage|p1a: Seismitoad|0 fnt\n|faint|p1a: Seismitoad\n|\n|-weather|Sandstorm|[upkeep]\n|-damage|p2a: Victini|16\/100|[from] Sandstorm\n|upkeep\n|\n|t:|1634251900\n|switch|p1a: Barraskewda|Barraskewda, M|78\/100\n|turn|37\n|inactive|River Crossing has 90 seconds left.\n|\n|t:|1634251917\n|switch|p2a: Corviknight|Corviknight, F|80\/100\n|-ability|p2a: Corviknight|Pressure\n|move|p1a: Barraskewda|Flip Turn|p2a: Corviknight\n|-damage|p2a: Corviknight|49\/100\n|\n|t:|1634251924\n|switch|p1a: Pelipper|Pelipper, M|56\/100|[from]move: Flip Turn\n|-weather|RainDance|[from] ability: Drizzle|[of] p1a: Pelipper\n|\n|-weather|RainDance|[upkeep]\n|upkeep\n|turn|38\n|\n|t:|1634251932\n|move|p2a: Corviknight|Roost|p2a: Corviknight\n|-heal|p2a: Corviknight|99\/100\n|-singleturn|p2a: Corviknight|move: Roost\n|move|p1a: Pelipper|U-turn|p2a: Corviknight\n|-resisted|p2a: Corviknight\n|-damage|p2a: Corviknight|96\/100\n|\n|t:|1634251936\n|switch|p1a: Heliolisk|Heliolisk, F, shiny|53\/100|[from]move: U-turn\n|\n|-weather|RainDance|[upkeep]\n|-heal|p1a: Heliolisk|65\/100|[from] ability: Dry Skin\n|upkeep\n|turn|39\n|\n|t:|1634251945\n|move|p1a: Heliolisk|Thunder|p2a: Corviknight\n|-supereffective|p2a: Corviknight\n|-crit|p2a: Corviknight\n|-damage|p2a: Corviknight|0 fnt\n|faint|p2a: Corviknight\n|-damage|p1a: Heliolisk|56\/100|[from] item: Life Orb\n|\n|-weather|RainDance|[upkeep]\n|-heal|p1a: Heliolisk|68\/100|[from] ability: Dry Skin\n|upkeep\n|\n|t:|1634251948\n|switch|p2a: Tyranitar|Tyranitar, M|71\/100\n|-weather|Sandstorm|[from] ability: Sand Stream|[of] p2a: Tyranitar\n|turn|40\n|\n|t:|1634251974\n|switch|p2a: Victini|Victini|16\/100\n|move|p1a: Heliolisk|Focus Blast|p2a: Victini\n|-resisted|p2a: Victini\n|-damage|p2a: Victini|0 fnt\n|faint|p2a: Victini\n|-damage|p1a: Heliolisk|58\/100|[from] item: Life Orb\n|\n|-weather|Sandstorm|[upkeep]\n|-damage|p1a: Heliolisk|52\/100|[from] Sandstorm\n|upkeep\n|\n|t:|1634251979\n|switch|p2a: Landorus|Landorus-Therian, M|95\/100\n|-ability|p2a: Landorus|Intimidate|boost\n|-unboost|p1a: Heliolisk|atk|1\n|turn|41\n|\n|t:|1634251985\n|switch|p1a: Pelipper|Pelipper, M|56\/100\n|-weather|RainDance|[from] ability: Drizzle|[of] p1a: Pelipper\n|move|p2a: Landorus|Stone Edge|p1a: Pelipper|[miss]\n|-miss|p2a: Landorus|p1a: Pelipper\n|\n|-weather|RainDance|[upkeep]\n|upkeep\n|turn|42\n|\n|t:|1634251996\n|switch|p1a: Zapdos|Zapdos|70\/100\n|move|p2a: Landorus|Stone Edge|p1a: Zapdos\n|-supereffective|p1a: Zapdos\n|-damage|p1a: Zapdos|20\/100\n|\n|-weather|RainDance|[upkeep]\n|upkeep\n|turn|43\n|\n|t:|1634252003\n|move|p2a: Landorus|Stone Edge|p1a: Zapdos\n|-supereffective|p1a: Zapdos\n|-damage|p1a: Zapdos|0 fnt\n|faint|p1a: Zapdos\n|\n|-weather|RainDance|[upkeep]\n|upkeep\n|\n|t:|1634252008\n|switch|p1a: Barraskewda|Barraskewda, M|78\/100\n|turn|44\n|\n|t:|1634252014\n|switch|p2a: Toxapex|Toxapex, M|100\/100\n|move|p1a: Barraskewda|Flip Turn|p2a: Toxapex\n|-resisted|p2a: Toxapex\n|-damage|p2a: Toxapex|78\/100\n|-damage|p1a: Barraskewda|62\/100|[from] item: Rocky Helmet|[of] p2a: Toxapex\n|\n|t:|1634252016\n|switch|p1a: Heliolisk|Heliolisk, F, shiny|52\/100|[from]move: Flip Turn\n|\n|-weather|RainDance|[upkeep]\n|-heal|p1a: Heliolisk|65\/100|[from] ability: Dry Skin\n|upkeep\n|turn|45\n|j| westcottike\n|j| possession (full)\n|j| HaplessHax\n|l| possession (full)\n|inactive|River Crossing has 120 seconds left.\n|\n|t:|1634252046\n|move|p1a: Heliolisk|Surf|p2a: Toxapex\n|-resisted|p2a: Toxapex\n|-damage|p2a: Toxapex|57\/100\n|-damage|p1a: Heliolisk|55\/100|[from] item: Life Orb\n|move|p2a: Toxapex|Knock Off|p1a: Heliolisk\n|-damage|p1a: Heliolisk|27\/100\n|-enditem|p1a: Heliolisk|Life Orb|[from] move: Knock Off|[of] p2a: Toxapex\n|\n|-weather|RainDance|[upkeep]\n|-heal|p1a: Heliolisk|39\/100|[from] ability: Dry Skin\n|upkeep\n|turn|46\n|inactive|River Crossing has 120 seconds left.\n|inactive|River Crossing has 90 seconds left.\n|\n|t:|1634252095\n|switch|p2a: Tyranitar|Tyranitar, M|71\/100\n|-weather|Sandstorm|[from] ability: Sand Stream|[of] p2a: Tyranitar\n|move|p1a: Heliolisk|Surf|p2a: Tyranitar\n|-supereffective|p2a: Tyranitar\n|-damage|p2a: Tyranitar|48\/100\n|\n|-weather|Sandstorm|[upkeep]\n|-damage|p1a: Heliolisk|33\/100|[from] Sandstorm\n|-heal|p2a: Tyranitar|54\/100|[from] item: Leftovers\n|upkeep\n|turn|47\n|inactive|River Crossing has 90 seconds left.\n|\n|t:|1634252119\n|switch|p2a: Toxapex|Toxapex, M|90\/100\n|move|p1a: Heliolisk|Focus Blast|p2a: Toxapex|[miss]\n|-miss|p1a: Heliolisk|p2a: Toxapex\n|\n|-weather|Sandstorm|[upkeep]\n|-damage|p1a: Heliolisk|27\/100|[from] Sandstorm\n|-damage|p2a: Toxapex|84\/100|[from] Sandstorm\n|upkeep\n|turn|48\n|inactive|River Crossing has 60 seconds left.\n|l| HaplessHax\n|\n|t:|1634252158\n|switch|p2a: Landorus|Landorus-Therian, M|95\/100\n|-ability|p2a: Landorus|Intimidate|boost\n|-unboost|p1a: Heliolisk|atk|1\n|move|p1a: Heliolisk|Volt Switch|p2a: Landorus\n|-immune|p2a: Landorus\n|\n|-weather|Sandstorm|[upkeep]\n|-damage|p1a: Heliolisk|21\/100|[from] Sandstorm\n|upkeep\n|turn|49\n|\n|t:|1634252178\n|switch|p1a: Pelipper|Pelipper, M|56\/100\n|-weather|RainDance|[from] ability: Drizzle|[of] p1a: Pelipper\n|move|p2a: Landorus|U-turn|p1a: Pelipper\n|-resisted|p1a: Pelipper\n|-damage|p1a: Pelipper|47\/100\n|\n|t:|1634252180\n|switch|p2a: Tyranitar|Tyranitar, M|54\/100|[from]move: U-turn\n|-weather|Sandstorm|[from] ability: Sand Stream|[of] p2a: Tyranitar\n|\n|-weather|Sandstorm|[upkeep]\n|-damage|p1a: Pelipper|41\/100|[from] Sandstorm\n|-heal|p2a: Tyranitar|60\/100|[from] item: Leftovers\n|upkeep\n|turn|50\n|\n|t:|1634252186\n|move|p1a: Pelipper|Scald|p2a: Tyranitar\n|-supereffective|p2a: Tyranitar\n|-damage|p2a: Tyranitar|38\/100\n|-status|p2a: Tyranitar|brn\n|move|p2a: Tyranitar|Rock Blast|p1a: Pelipper\n|-supereffective|p1a: Pelipper\n|-damage|p1a: Pelipper|32\/100\n|-supereffective|p1a: Pelipper\n|-crit|p1a: Pelipper\n|-damage|p1a: Pelipper|19\/100\n|-hitcount|p1a: Pelipper|2\n|\n|-weather|Sandstorm|[upkeep]\n|-damage|p1a: Pelipper|13\/100|[from] Sandstorm\n|-heal|p2a: Tyranitar|44\/100 brn|[from] item: Leftovers\n|-damage|p2a: Tyranitar|38\/100 brn|[from] brn\n|upkeep\n|turn|51\n|inactive|River Crossing has 60 seconds left.\n|\n|t:|1634252194\n|switch|p2a: Landorus|Landorus-Therian, M|95\/100\n|-ability|p2a: Landorus|Intimidate|boost\n|-unboost|p1a: Pelipper|atk|1\n|move|p1a: Pelipper|Roost|p1a: Pelipper\n|-heal|p1a: Pelipper|63\/100\n|-singleturn|p1a: Pelipper|move: Roost\n|\n|-weather|Sandstorm|[upkeep]\n|-damage|p1a: Pelipper|57\/100|[from] Sandstorm\n|upkeep\n|turn|52\n|\n|t:|1634252206\n|switch|p1a: Heliolisk|Heliolisk, F, shiny|21\/100\n|move|p2a: Landorus|Stone Edge|p1a: Heliolisk\n|-damage|p1a: Heliolisk|0 fnt\n|faint|p1a: Heliolisk\n|\n|-weather|Sandstorm|[upkeep]\n|upkeep\n|\n|t:|1634252209\n|switch|p1a: Pelipper|Pelipper, M|57\/100\n|-weather|RainDance|[from] ability: Drizzle|[of] p1a: Pelipper\n|turn|53\n|\n|t:|1634252217\n|move|p2a: Landorus|Stone Edge|p1a: Pelipper|[miss]\n|-miss|p2a: Landorus|p1a: Pelipper\n|move|p1a: Pelipper|U-turn|p2a: Landorus\n|-resisted|p2a: Landorus\n|-damage|p2a: Landorus|91\/100\n|c|\u2606River Crossing|ok\n|\n|t:|1634252221\n|switch|p1a: Barraskewda|Barraskewda, M|62\/100|[from]move: U-turn\n|\n|-weather|RainDance|[upkeep]\n|upkeep\n|turn|54\n|\n|t:|1634252226\n|switch|p2a: Toxapex|Toxapex, M|100\/100\n|move|p1a: Barraskewda|Liquidation|p2a: Toxapex\n|-resisted|p2a: Toxapex\n|-damage|p2a: Toxapex|69\/100\n|-damage|p1a: Barraskewda|45\/100|[from] item: Rocky Helmet|[of] p2a: Toxapex\n|\n|-weather|RainDance|[upkeep]\n|upkeep\n|turn|55\n|\n|t:|1634252235\n|move|p1a: Barraskewda|Liquidation|p2a: Toxapex\n|-resisted|p2a: Toxapex\n|-damage|p2a: Toxapex|39\/100\n|-unboost|p2a: Toxapex|def|1\n|-damage|p1a: Barraskewda|29\/100|[from] item: Rocky Helmet|[of] p2a: Toxapex\n|move|p2a: Toxapex|Recover|p2a: Toxapex\n|-heal|p2a: Toxapex|89\/100\n|\n|-weather|RainDance|[upkeep]\n|upkeep\n|turn|56\n|-message|Gurtrant forfeited.\n|\n|win|River Crossing\n|raw|Gurtrant's rating: 1622 &rarr; <strong>1604<\/strong><br \/>(-18 for losing)\n|raw|River Crossing's rating: 1664 &rarr; <strong>1682<\/strong><br \/>(+18 for winning)\n|l|\u2606Gurtrant\n|l|\u2606River Crossing\n|l| westcottike\n|j|\u2606River Crossing\n|player|p2|River Crossing|erika-gen2\n","uploadtime":1634252324,"views":20,"p1id":"gurtrant","p2id":"rivercrossing","formatid":"gen8ou","rating":1604,"private":0,"password":null}