{"id":"gen8ou-1578060141","p1":"SKIP THE DRIP","p2":"GGeorgie","format":"gen8ou","log":"|j|\u2606SKIP THE DRIP\n|j|\u2606GGeorgie\n|t:|1652940403\n|gametype|singles\n|player|p1|SKIP THE DRIP|acerola|1732\n|player|p2|GGeorgie|hiker-gen2|1822\n|teamsize|p1|6\n|teamsize|p2|6\n|gen|8\n|tier|[Gen 8] OU\n|rated|\n|rule|Sleep Clause Mod: Limit one foe put to sleep\n|rule|Species Clause: Limit one of each Pok\u00e9mon\n|rule|OHKO Clause: OHKO moves are banned\n|rule|Evasion Moves Clause: Evasion moves are banned\n|rule|Endless Battle Clause: Forcing endless battles is banned\n|rule|HP Percentage Mod: HP is shown in percentages\n|rule|Dynamax Clause: You cannot dynamax\n|clearpoke\n|poke|p1|Polteageist|\n|poke|p1|Mew|\n|poke|p1|Slurpuff, F|\n|poke|p1|Tapu Fini|\n|poke|p1|Vanilluxe, F|\n|poke|p1|Corviknight, F|\n|poke|p2|Zapdos|\n|poke|p2|Tyranitar, F|\n|poke|p2|Excadrill, F|\n|poke|p2|Amoonguss, M|\n|poke|p2|Heatran, F|\n|poke|p2|Rotom-Wash|\n|teampreview\n|inactive|Battle timer is ON: inactive players will automatically lose when time's up. (requested by GGeorgie)\n|j| joey milktank\n|j| SmackPackt\n|c|\u2606SKIP THE DRIP|based\n|j| Pinecoishot\n|j| CALL THE CREW!\n|c|\u2606GGeorgie|fuck me bro why do you always bring the bullshit\n|c| CALL THE CREW!|omg\n|j| Thiekos\n|c| CALL THE CREW!|im rooting for SKIP THE DRIP\n|c| Pinecoishot|Not skip the drip\n|c| Pinecoishot|evil man\n|c| SmackPackt|yo skip can you pass me this\n|c|\u2606SKIP THE DRIP|how is this bullshit\n|\n|t:|1652940431\n|start\n|switch|p1a: Slurpuff|Slurpuff, F, shiny|100\/100\n|switch|p2a: Excadrill|Excadrill, F|100\/100\n|-item|p2a: Excadrill|Air Balloon\n|turn|1\n|c| CALL THE CREW!|please win skip\n|\n|t:|1652940435\n|move|p2a: Excadrill|Rapid Spin|p1a: Slurpuff\n|-damage|p1a: Slurpuff|81\/100\n|-boost|p2a: Excadrill|spe|1\n|move|p1a: Slurpuff|Yawn|p2a: Excadrill\n|-start|p2a: Excadrill|move: Yawn|[of] p1a: Slurpuff\n|\n|upkeep\n|turn|2\n|c| SmackPackt|i see this on the ladder all the time\n|j| ripreckful\n|c| CALL THE CREW!|show the world what a team like allistairs can do\n|c|\u2606GGeorgie|oh I'm slept\n|c| Thiekos|Skip win\n|\n|t:|1652940449\n|move|p2a: Excadrill|Iron Head|p1a: Slurpuff\n|-supereffective|p1a: Slurpuff\n|-damage|p1a: Slurpuff|0 fnt\n|faint|p1a: Slurpuff\n|\n|-end|p2a: Excadrill|move: Yawn|[silent]\n|-status|p2a: Excadrill|slp\n|upkeep\n|c| Pinecoishot|Skip is my least favorite dude to play\n|c|\u2606GGeorgie|don't care\n|\n|t:|1652940453\n|switch|p1a: Polteageist|Polteageist|100\/100\n|turn|3\n|c| CALL THE CREW!|what the heck\n|\n|t:|1652940456\n|switch|p2a: Tyranitar|Tyranitar, F, shiny|100\/100\n|-weather|Sandstorm|[from] ability: Sand Stream|[of] p2a: Tyranitar\n|move|p1a: Polteageist|Shell Smash|p1a: Polteageist\n|-unboost|p1a: Polteageist|def|1\n|-unboost|p1a: Polteageist|spd|1\n|-boost|p1a: Polteageist|atk|2\n|-boost|p1a: Polteageist|spa|2\n|-boost|p1a: Polteageist|spe|2\n|-enditem|p1a: Polteageist|White Herb\n|-clearnegativeboost|p1a: Polteageist|[silent]\n|\n|-weather|Sandstorm|[upkeep]\n|-damage|p1a: Polteageist|94\/100|[from] Sandstorm\n|upkeep\n|turn|4\n|c| SmackPackt|alistairs has the funniest teams\n|\n|t:|1652940460\n|move|p1a: Polteageist|Giga Drain|p2a: Tyranitar\n|-supereffective|p2a: Tyranitar\n|-damage|p2a: Tyranitar|24\/100\n|-heal|p1a: Polteageist|100\/100|[from] drain|[of] p2a: Tyranitar\n|move|p2a: Tyranitar|Stone Edge|p1a: Polteageist|[miss]\n|-miss|p2a: Tyranitar|p1a: Polteageist\n|\n|-weather|Sandstorm|[upkeep]\n|-damage|p1a: Polteageist|94\/100|[from] Sandstorm\n|upkeep\n|turn|5\n|c| CALL THE CREW!|skip is my favorite to play bro\n|c| CALL THE CREW!|oh\n|c|\u2606GGeorgie|ah\n|\n|t:|1652940467\n|move|p1a: Polteageist|Giga Drain|p2a: Tyranitar\n|-supereffective|p2a: Tyranitar\n|-damage|p2a: Tyranitar|0 fnt\n|-heal|p1a: Polteageist|100\/100|[from] drain|[of] p2a: Tyranitar\n|faint|p2a: Tyranitar\n|\n|-weather|Sandstorm|[upkeep]\n|-damage|p1a: Polteageist|94\/100|[from] Sandstorm\n|upkeep\n|c| Pinecoishot|It\u2019s that easy\n|c| CALL THE CREW!|he shell smashed on ttar\n|\n|t:|1652940468\n|switch|p2a: Heatran|Heatran, F|100\/100\n|turn|6\n|j| is you sayin\n|c| CALL THE CREW!|this aint right\n|\n|t:|1652940472\n|move|p1a: Polteageist|Shadow Ball|p2a: Heatran\n|-damage|p2a: Heatran|27\/100\n|move|p2a: Heatran|Magma Storm|p1a: Polteageist|[miss]\n|-miss|p2a: Heatran|p1a: Polteageist\n|\n|-weather|Sandstorm|[upkeep]\n|-damage|p1a: Polteageist|88\/100|[from] Sandstorm\n|-heal|p2a: Heatran|33\/100|[from] item: Leftovers\n|upkeep\n|turn|7\n|c| Pinecoishot|ggs Georgie you suck\n|c| CALL THE CREW!|wait what\n|c| SmackPackt|...\n|c|\u2606GGeorgie|ah\n|c| CALL THE CREW!|ggs\n|c|\u2606SKIP THE DRIP|lol\n|c|\u2606GGeorgie|ok\n|c|\u2606GGeorgie|gg\n|c|\u2606SKIP THE DRIP|gg\n|c| Pinecoishot|You suck so bad ggeorgie\n|-message|GGeorgie forfeited.\n|\n|win|SKIP THE DRIP\n|raw|SKIP THE DRIP's rating: 1732 &rarr; <strong>1757<\/strong><br \/>(+25 for winning)\n|raw|GGeorgie's rating: 1822 &rarr; <strong>1797<\/strong><br \/>(-25 for losing)\n|c| SmackPackt|skip pass me this team\n|c| CALL THE CREW!|earned\n|l|\u2606GGeorgie\n","uploadtime":1652940480,"views":28,"p1id":"skipthedrip","p2id":"ggeorgie","formatid":"gen8ou","rating":1757,"private":0,"password":null}