{"id":"gen8ou-1627247920","p1":"Forwards","p2":"dagoth ur49","format":"gen8ou","log":"|j|\u2606Forwards\n|j|\u2606dagoth ur49\n|inactive|Battle timer is ON: inactive players will automatically lose when time's up.\n|t:|1659032454\n|gametype|singles\n|player|p1|Forwards|lance-masters|\n|player|p2|dagoth ur49|ghetsis-gen5bw|\n|teamsize|p1|6\n|teamsize|p2|6\n|gen|8\n|tier|[Gen 8] OU\n|rated|Tournament battle\n|rule|Sleep Clause Mod: Limit one foe put to sleep\n|rule|Species Clause: Limit one of each Pok\u00e9mon\n|rule|OHKO Clause: OHKO moves are banned\n|rule|Evasion Moves Clause: Evasion moves are banned\n|rule|Endless Battle Clause: Forcing endless battles is banned\n|rule|HP Percentage Mod: HP is shown in percentages\n|rule|Dynamax Clause: You cannot dynamax\n|clearpoke\n|poke|p1|Tapu Koko|\n|poke|p1|Hawlucha, M|\n|poke|p1|Registeel|\n|poke|p1|Orbeetle, F|\n|poke|p1|Landorus-Therian, M|\n|poke|p1|Volcarona, F|\n|poke|p2|Keldeo-Resolute|\n|poke|p2|Tapu Bulu|\n|poke|p2|Heatran, M|\n|poke|p2|Tyranitar, F|\n|poke|p2|Zapdos|\n|poke|p2|Nidoking, M|\n|teampreview\n|inactive|dagoth ur49 also wants the timer to be on.\n|j| osonnenuntergango\n|j| Minority Hntr Zoro\n|j|%Sww-Suwa\n|c| Minority Hntr Zoro|dagoth ur49 pass me that team after ty\n|inactive|dagoth ur49 has 120 seconds left.\n|c|\u2606dagoth ur49|bet\n|j| MBT2\n|\n|t:|1659032503\n|start\n|switch|p1a: Landorus|Landorus-Therian, M, shiny|100\/100\n|switch|p2a: Keldeo|Keldeo-Resolute|100\/100\n|-ability|p1a: Landorus|Intimidate|boost\n|-unboost|p2a: Keldeo|atk|1\n|turn|1\n|c|\u2606dagoth ur49|okay pm me\n|\n|t:|1659032506\n|move|p2a: Keldeo|Surf|p1a: Landorus\n|-supereffective|p1a: Landorus\n|-enditem|p1a: Landorus|Focus Sash\n|-damage|p1a: Landorus|1\/100\n|move|p1a: Landorus|Stealth Rock|p2a: Keldeo\n|-sidestart|p2: dagoth ur49|move: Stealth Rock\n|\n|upkeep\n|turn|2\n|c| Minority Hntr Zoro|kk\n|\n|t:|1659032510\n|move|p2a: Keldeo|Surf|p1a: Landorus\n|-supereffective|p1a: Landorus\n|-damage|p1a: Landorus|0 fnt\n|faint|p1a: Landorus\n|\n|upkeep\n|\n|t:|1659032514\n|switch|p1a: Tapu Koko|Tapu Koko|100\/100\n|-fieldstart|move: Electric Terrain|[from] ability: Electric Surge|[of] p1a: Tapu Koko\n|turn|3\n|c|%Sww-Suwa|can't believe forwards just won x.x\n|inactive|dagoth ur49 has 120 seconds left.\n|\n|t:|1659032547\n|move|p1a: Tapu Koko|Light Screen|p1a: Tapu Koko\n|-sidestart|p1: Forwards|move: Light Screen\n|move|p2a: Keldeo|Surf|p1a: Tapu Koko\n|-damage|p1a: Tapu Koko|55\/100\n|\n|upkeep\n|turn|4\n|\n|t:|1659032552\n|move|p1a: Tapu Koko|Reflect|p1a: Tapu Koko\n|-sidestart|p1: Forwards|Reflect\n|move|p2a: Keldeo|Surf|p1a: Tapu Koko\n|-damage|p1a: Tapu Koko|10\/100\n|\n|upkeep\n|turn|5\n|j| sgpg-test\n|inactive|dagoth ur49 has 120 seconds left.\n|\n|t:|1659032578\n|switch|p2a: Nidoking|Nidoking, M|100\/100\n|-damage|p2a: Nidoking|95\/100|[from] Stealth Rock\n|move|p1a: Tapu Koko|U-turn|p2a: Nidoking\n|-resisted|p2a: Nidoking\n|-crit|p2a: Nidoking\n|-damage|p2a: Nidoking|77\/100\n|c| Minority Hntr Zoro|go nido\n|\n|t:|1659032586\n|switch|p1a: Orbeetle|Orbeetle, F|100\/100|[from]move: U-turn\n|-item|p2a: Nidoking|Choice Scarf|[from] ability: Frisk|[of] p1a: Orbeetle|[identify]\n|\n|upkeep\n|turn|6\n|inactive|dagoth ur49 has 120 seconds left.\n|c|\u2606dagoth ur49|go pichu\n|\n|t:|1659032600\n|switch|p2a: Heatran|Heatran, M|100\/100\n|-damage|p2a: Heatran|88\/100|[from] Stealth Rock\n|move|p1a: Orbeetle|Agility|p1a: Orbeetle\n|-boost|p1a: Orbeetle|spe|2\n|\n|-heal|p2a: Heatran|94\/100|[from] item: Leftovers\n|upkeep\n|turn|7\n|\n|t:|1659032603\n|move|p1a: Orbeetle|Calm Mind|p1a: Orbeetle\n|-boost|p1a: Orbeetle|spa|1\n|-boost|p1a: Orbeetle|spd|1\n|move|p2a: Heatran|Taunt|p1a: Orbeetle\n|-start|p1a: Orbeetle|move: Taunt\n|\n|-heal|p2a: Heatran|100\/100|[from] item: Leftovers\n|-fieldend|move: Electric Terrain\n|upkeep\n|turn|8\n|c| sgpg-test|did u intentionally bring a meme team so u wouldnt have pressure to actually win Forwards\n|inactive|dagoth ur49 has 120 seconds left.\n|\n|t:|1659032624\n|move|p1a: Orbeetle|Stored Power|p2a: Heatran\n|-resisted|p2a: Heatran\n|-damage|p2a: Heatran|80\/100\n|move|p2a: Heatran|Magma Storm|p1a: Orbeetle|[miss]\n|-miss|p2a: Heatran|p1a: Orbeetle\n|\n|-heal|p2a: Heatran|87\/100|[from] item: Leftovers\n|upkeep\n|turn|9\n|\n|t:|1659032626\n|move|p1a: Orbeetle|Stored Power|p2a: Heatran\n|-resisted|p2a: Heatran\n|-damage|p2a: Heatran|68\/100\n|move|p2a: Heatran|Magma Storm|p1a: Orbeetle\n|-supereffective|p1a: Orbeetle\n|-damage|p1a: Orbeetle|67\/100\n|-activate|p1a: Orbeetle|move: Magma Storm|[of] p2a: Heatran\n|-enditem|p1a: Orbeetle|Weakness Policy\n|-boost|p1a: Orbeetle|atk|2|[from] item: Weakness Policy\n|-boost|p1a: Orbeetle|spa|2|[from] item: Weakness Policy\n|\n|-heal|p2a: Heatran|74\/100|[from] item: Leftovers\n|-damage|p1a: Orbeetle|55\/100|[from] move: Magma Storm|[partiallytrapped]\n|upkeep\n|turn|10\n|j| Adopted\n|\n|t:|1659032632\n|move|p1a: Orbeetle|Stored Power|p2a: Heatran\n|-resisted|p2a: Heatran\n|-damage|p2a: Heatran|19\/100\n|move|p2a: Heatran|Magma Storm|p1a: Orbeetle\n|-supereffective|p1a: Orbeetle\n|-damage|p1a: Orbeetle|23\/100\n|\n|-heal|p2a: Heatran|25\/100|[from] item: Leftovers\n|-damage|p1a: Orbeetle|11\/100|[from] move: Magma Storm|[partiallytrapped]\n|-end|p1a: Orbeetle|move: Taunt\n|-sideend|p1: Forwards|move: Light Screen\n|upkeep\n|turn|11\n|c| Minority Hntr Zoro|omg cheats 7% lefties\n|c|\u2606Forwards|maybe\n|inactive|dagoth ur49 has 120 seconds left.\n|\n|t:|1659032659\n|switch|p2a: Tyranitar|Tyranitar, F, shiny|100\/100\n|-damage|p2a: Tyranitar|88\/100|[from] Stealth Rock\n|-weather|Sandstorm|[from] ability: Sand Stream|[of] p2a: Tyranitar\n|move|p1a: Orbeetle|Stored Power|p2a: Tyranitar\n|-immune|p2a: Tyranitar\n|\n|-weather|Sandstorm|[upkeep]\n|-damage|p1a: Orbeetle|5\/100|[from] Sandstorm\n|-end|p1a: Orbeetle|Magma Storm|[partiallytrapped]|[silent]\n|-sideend|p1: Forwards|Reflect\n|upkeep\n|turn|12\n|\n|t:|1659032666\n|move|p1a: Orbeetle|Calm Mind|p1a: Orbeetle\n|-boost|p1a: Orbeetle|spa|1\n|-boost|p1a: Orbeetle|spd|1\n|move|p2a: Tyranitar|Fire Punch|p1a: Orbeetle\n|-supereffective|p1a: Orbeetle\n|-damage|p1a: Orbeetle|0 fnt\n|faint|p1a: Orbeetle\n|\n|-weather|Sandstorm|[upkeep]\n|upkeep\n|c| Minority Hntr Zoro|brazy play\n|c| Minority Hntr Zoro|what\n|\n|t:|1659032671\n|switch|p1a: Tapu Koko|Tapu Koko|10\/100\n|-fieldstart|move: Electric Terrain|[from] ability: Electric Surge|[of] p1a: Tapu Koko\n|turn|13\n|c| Minority Hntr Zoro|oh\n|\n|t:|1659032680\n|switch|p2a: Tapu Bulu|Tapu Bulu|100\/100\n|-damage|p2a: Tapu Bulu|88\/100|[from] Stealth Rock\n|-fieldstart|move: Grassy Terrain|[from] ability: Grassy Surge|[of] p2a: Tapu Bulu\n|move|p1a: Tapu Koko|Reflect|p1a: Tapu Koko\n|-sidestart|p1: Forwards|Reflect\n|\n|-weather|Sandstorm|[upkeep]\n|-damage|p1a: Tapu Koko|4\/100|[from] Sandstorm\n|-damage|p2a: Tapu Bulu|82\/100|[from] Sandstorm\n|-heal|p1a: Tapu Koko|10\/100|[from] Grassy Terrain\n|-heal|p2a: Tapu Bulu|88\/100|[from] Grassy Terrain\n|-heal|p2a: Tapu Bulu|94\/100|[from] item: Leftovers\n|upkeep\n|turn|14\n|\n|t:|1659032682\n|move|p1a: Tapu Koko|Taunt|p2a: Tapu Bulu\n|-start|p2a: Tapu Bulu|move: Taunt\n|move|p2a: Tapu Bulu|Horn Leech|p1a: Tapu Koko\n|-damage|p1a: Tapu Koko|0 fnt\n|-heal|p2a: Tapu Bulu|99\/100|[from] drain|[of] p1a: Tapu Koko\n|faint|p1a: Tapu Koko\n|\n|-weather|Sandstorm|[upkeep]\n|-damage|p2a: Tapu Bulu|93\/100|[from] Sandstorm\n|-heal|p2a: Tapu Bulu|99\/100|[from] Grassy Terrain\n|-heal|p2a: Tapu Bulu|100\/100|[from] item: Leftovers\n|upkeep\n|\n|t:|1659032684\n|switch|p1a: Volcarona|Volcarona, F, shiny|100\/100\n|turn|15\n|\n|t:|1659032687\n|switch|p2a: Tyranitar|Tyranitar, F, shiny|88\/100\n|-damage|p2a: Tyranitar|76\/100|[from] Stealth Rock\n|move|p1a: Volcarona|Quiver Dance|p1a: Volcarona\n|-boost|p1a: Volcarona|spa|1\n|-boost|p1a: Volcarona|spd|1\n|-boost|p1a: Volcarona|spe|1\n|\n|-weather|none\n|-heal|p2a: Tyranitar|82\/100|[from] Grassy Terrain\n|upkeep\n|turn|16\n|\n|t:|1659032690\n|move|p1a: Volcarona|Bug Buzz|p2a: Tyranitar\n|-supereffective|p2a: Tyranitar\n|-damage|p2a: Tyranitar|0 fnt\n|faint|p2a: Tyranitar\n|\n|upkeep\n|\n|t:|1659032696\n|switch|p2a: Keldeo|Keldeo-Resolute|100\/100\n|-damage|p2a: Keldeo|94\/100|[from] Stealth Rock\n|turn|17\n|\n|t:|1659032698\n|move|p1a: Volcarona|Psychic|p2a: Keldeo\n|-supereffective|p2a: Keldeo\n|-damage|p2a: Keldeo|0 fnt\n|faint|p2a: Keldeo\n|\n|-fieldend|move: Grassy Terrain\n|upkeep\n|c|\u2606dagoth ur49|fuck\n|\n|t:|1659032708\n|switch|p2a: Heatran|Heatran, M|25\/100\n|-damage|p2a: Heatran|13\/100|[from] Stealth Rock\n|turn|18\n|\n|t:|1659032712\n|move|p1a: Volcarona|Psychic|p2a: Heatran\n|-resisted|p2a: Heatran\n|-damage|p2a: Heatran|0 fnt\n|faint|p2a: Heatran\n|\n|upkeep\n|c| Minority Hntr Zoro|giga\n|\n|t:|1659032725\n|switch|p2a: Zapdos|Zapdos|100\/100\n|turn|19\n|j| Disnods\n|\n|t:|1659032729\n|move|p1a: Volcarona|Flamethrower|p2a: Zapdos\n|-damage|p2a: Zapdos|29\/100\n|move|p2a: Zapdos|Discharge|p1a: Volcarona\n|-damage|p1a: Volcarona|77\/100\n|-status|p1a: Volcarona|par\n|\n|upkeep\n|turn|20\n|\n|t:|1659032735\n|move|p1a: Volcarona|Quiver Dance|p1a: Volcarona\n|-boost|p1a: Volcarona|spa|1\n|-boost|p1a: Volcarona|spd|1\n|-boost|p1a: Volcarona|spe|1\n|move|p2a: Zapdos|U-turn|p1a: Volcarona\n|-resisted|p1a: Volcarona\n|-damage|p1a: Volcarona|73\/100 par\n|l| Disnods\n|\n|t:|1659032737\n|switch|p2a: Tapu Bulu|Tapu Bulu|100\/100|[from]move: U-turn\n|-damage|p2a: Tapu Bulu|88\/100|[from] Stealth Rock\n|-fieldstart|move: Grassy Terrain|[from] ability: Grassy Surge|[of] p2a: Tapu Bulu\n|\n|-heal|p1a: Volcarona|79\/100 par|[from] Grassy Terrain\n|-heal|p2a: Tapu Bulu|94\/100|[from] Grassy Terrain\n|-heal|p2a: Tapu Bulu|99\/100|[from] item: Leftovers\n|-sideend|p1: Forwards|Reflect\n|upkeep\n|turn|21\n|\n|t:|1659032740\n|move|p1a: Volcarona|Flamethrower|p2a: Tapu Bulu\n|-supereffective|p2a: Tapu Bulu\n|-damage|p2a: Tapu Bulu|0 fnt\n|faint|p2a: Tapu Bulu\n|\n|-heal|p1a: Volcarona|85\/100 par|[from] Grassy Terrain\n|upkeep\n|c| Minority Hntr Zoro|that shit gets u turn?\n|\n|t:|1659032746\n|switch|p2a: Nidoking|Nidoking, M|77\/100\n|-damage|p2a: Nidoking|71\/100|[from] Stealth Rock\n|turn|22\n|c| sgpg-test|orbettle proves that teambuilding doesnt really matter, its more about surprises\n|\n|t:|1659032750\n|move|p2a: Nidoking|Earth Power|p1a: Volcarona\n|-damage|p1a: Volcarona|58\/100 par\n|cant|p1a: Volcarona|par\n|\n|-heal|p2a: Nidoking|77\/100|[from] Grassy Terrain\n|-heal|p1a: Volcarona|64\/100 par|[from] Grassy Terrain\n|upkeep\n|turn|23\n|\n|t:|1659032753\n|move|p2a: Nidoking|Earth Power|p1a: Volcarona\n|-damage|p1a: Volcarona|40\/100 par\n|move|p1a: Volcarona|Psychic|p2a: Nidoking\n|-supereffective|p2a: Nidoking\n|-crit|p2a: Nidoking\n|-damage|p2a: Nidoking|0 fnt\n|faint|p2a: Nidoking\n|\n|-heal|p1a: Volcarona|46\/100 par|[from] Grassy Terrain\n|upkeep\n|\n|t:|1659032755\n|switch|p2a: Zapdos|Zapdos|29\/100\n|turn|24\n|c| sgpg-test|nice job forwards\n|\n|t:|1659032757\n|cant|p1a: Volcarona|par\n|move|p2a: Zapdos|Discharge|p1a: Volcarona\n|-damage|p1a: Volcarona|30\/100 par\n|\n|-heal|p1a: Volcarona|36\/100 par|[from] Grassy Terrain\n|-fieldend|move: Grassy Terrain\n|upkeep\n|turn|25\n|c|\u2606dagoth ur49|gg\n|\n|t:|1659032761\n|cant|p1a: Volcarona|par\n|move|p2a: Zapdos|Discharge|p1a: Volcarona\n|-damage|p1a: Volcarona|18\/100 par\n|\n|upkeep\n|turn|26\n|\n|t:|1659032766\n|cant|p1a: Volcarona|par\n|move|p2a: Zapdos|Discharge|p1a: Volcarona\n|-damage|p1a: Volcarona|1\/100 par\n|\n|upkeep\n|turn|27\n|j| DrasticLightning\n|c| Minority Hntr Zoro|gg\n|\n|t:|1659032770\n|move|p1a: Volcarona|Flamethrower|p2a: Zapdos\n|-damage|p2a: Zapdos|0 fnt\n|faint|p2a: Zapdos\n|\n|win|Forwards\n|n|\u2606Forwards|forwards\n|n|\u2606dagoth ur49|dagothur49\n|n| osonnenuntergango|osonnenuntergango\n|n| Minority Hntr Zoro|minorityhntrzoro\n|n| Sww-Suwa|swwsuwa\n|n| MBT2|mbt2\n|n| sgpg-test|sgpgtest\n|n| Adopted|adopted\n|n| DrasticLightning|drasticlightning\n","uploadtime":1659032770,"views":30,"p1id":"forwards","p2id":"dagothur49","formatid":"gen8ou","rating":0,"private":0,"password":null}