{"id":"gen8ou-1278932219","p1":"BugCatcherWeevil","p2":"tekken_is_life","format":"gen8ou","log":"|j|\u2606BugCatcherWeevil\n|j|\u2606tekken_is_life\n|t:|1612865183\n|player|p1|BugCatcherWeevil|7|1757\n|player|p2|tekken_is_life|hilbert-dueldisk|1704\n|teamsize|p1|6\n|teamsize|p2|6\n|gametype|singles\n|gen|8\n|tier|[Gen 8] OU\n|rated|\n|clearpoke\n|poke|p1|Dragapult, F|\n|poke|p1|Volcarona, F|\n|poke|p1|Landorus-Therian, M|\n|poke|p1|Rillaboom, F|\n|poke|p1|Magearna|\n|poke|p1|Hydreigon, M|\n|poke|p2|Dragonite, M|\n|poke|p2|Tapu Koko|\n|poke|p2|Melmetal|\n|poke|p2|Slowking-Galar, F|\n|poke|p2|Garchomp, F|\n|poke|p2|Obstagoon, M|\n|rule|Sleep Clause Mod: Limit one foe put to sleep\n|rule|Species Clause: Limit one of each Pok\u00e9mon\n|rule|OHKO Clause: OHKO moves are banned\n|rule|Evasion Moves Clause: Evasion moves are banned\n|rule|Endless Battle Clause: Forcing endless battles is banned\n|rule|HP Percentage Mod: HP is shown in percentages\n|rule|Dynamax Clause: You cannot dynamax\n|teampreview\n|j| RedSteelScizor\n|c| RedSteelScizor|Ey tekken is lifeee\n|c| RedSteelScizor|We play couple of times lol\n|inactive|Battle timer is ON: inactive players will automatically lose when time's up. (requested by tekken_is_life)\n|j| BillKillYT\n|c| RedSteelScizor|Played*\n|j| Hi misty water Gym\n|c|\u2606tekken_is_life|gl\n|inactive|BugCatcherWeevil has 120 seconds left.\n|c| RedSteelScizor|Your main better be drag or Claudio though fam\n|j| cutecat123\n|c| Hi misty water Gym|weevil will win\n|c| RedSteelScizor|Or kazuya, Mishimas are dope, execution wise bit difficult though\n|\n|t:|1612865278\n|start\n|switch|p1a: Landorus|Landorus-Therian, M|100\/100\n|switch|p2a: Dragonite|Dragonite, M|100\/100\n|-ability|p1a: Landorus|Intimidate|boost\n|-unboost|p2a: Dragonite|atk|1\n|turn|1\n|\n|t:|1612865285\n|move|p1a: Landorus|U-turn|p2a: Dragonite\n|-resisted|p2a: Dragonite\n|-damage|p2a: Dragonite|94\/100\n|l| cutecat123\n|\n|t:|1612865295\n|switch|p1a: Hydreigon|Hydreigon, M|100\/100|[from]move: U-turn\n|move|p2a: Dragonite|Ice Beam|p1a: Hydreigon\n|-supereffective|p1a: Hydreigon\n|-damage|p1a: Hydreigon|51\/100\n|\n|upkeep\n|turn|2\n|j| heymistygym\n|c|\u2606tekken_is_life|actually i main mishimas\n|l|heymistygym\n|\n|t:|1612865309\n|switch|p2a: Slowking|Slowking-Galar, F|100\/100\n|move|p1a: Hydreigon|Draco Meteor|p2a: Slowking\n|-damage|p2a: Slowking|56\/100\n|-unboost|p1a: Hydreigon|spa|2\n|-damage|p1a: Hydreigon|41\/100|[from] item: Life Orb\n|\n|upkeep\n|turn|3\n|c| RedSteelScizor|Nice man!\n|c| RedSteelScizor|When I still lived in the Netherlands, before covid, I used to visit most tourneys\n|\n|t:|1612865333\n|switch|p1a: Landorus|Landorus-Therian, M|100\/100\n|-ability|p1a: Landorus|Intimidate|boost\n|-unboost|p2a: Slowking|atk|1\n|move|p2a: Slowking|Future Sight|p1a: Landorus\n|-start|p2a: Slowking|move: Future Sight\n|\n|upkeep\n|turn|4\n|\n|t:|1612865342\n|switch|p2a: Dragonite|Dragonite, M|94\/100\n|move|p1a: Landorus|U-turn|p2a: Dragonite\n|-resisted|p2a: Dragonite\n|-damage|p2a: Dragonite|81\/100\n|\n|t:|1612865348\n|switch|p1a: Dragapult|Dragapult, F|100\/100|[from]move: U-turn\n|\n|upkeep\n|turn|5\n|\n|t:|1612865351\n|switch|p1a: Hydreigon|Hydreigon, M|41\/100\n|move|p2a: Dragonite|Roost|p2a: Dragonite\n|-heal|p2a: Dragonite|100\/100\n|-singleturn|p2a: Dragonite|move: Roost\n|\n|-end|p1a: Hydreigon|move: Future Sight\n|-immune|p1a: Hydreigon\n|upkeep\n|turn|6\n|\n|t:|1612865362\n|switch|p1a: Landorus|Landorus-Therian, M|100\/100\n|-ability|p1a: Landorus|Intimidate|boost\n|-unboost|p2a: Dragonite|atk|1\n|switch|p2a: Tapu Koko|Tapu Koko|100\/100\n|-fieldstart|move: Electric Terrain|[from] ability: Electric Surge|[of] p2a: Tapu Koko\n|\n|upkeep\n|turn|7\n|\n|t:|1612865365\n|switch|p2a: Dragonite|Dragonite, M|100\/100\n|move|p1a: Landorus|U-turn|p2a: Dragonite\n|-resisted|p2a: Dragonite\n|-damage|p2a: Dragonite|94\/100\n|\n|t:|1612865372\n|switch|p1a: Dragapult|Dragapult, F|100\/100|[from]move: U-turn\n|\n|upkeep\n|turn|8\n|\n|t:|1612865377\n|switch|p2a: Melmetal|Melmetal|100\/100\n|move|p1a: Dragapult|Dragon Dance|p1a: Dragapult\n|-boost|p1a: Dragapult|atk|1\n|-boost|p1a: Dragapult|spe|1\n|\n|upkeep\n|turn|9\n|\n|t:|1612865383\n|switch|p1a: Volcarona|Volcarona, F|100\/100\n|move|p2a: Melmetal|Double Iron Bash|p1a: Volcarona\n|-resisted|p1a: Volcarona\n|-damage|p1a: Volcarona|81\/100\n|-resisted|p1a: Volcarona\n|-damage|p1a: Volcarona|57\/100\n|-hitcount|p1a: Volcarona|2\n|\n|upkeep\n|turn|10\n|\n|t:|1612865391\n|switch|p2a: Dragonite|Dragonite, M|94\/100\n|move|p1a: Volcarona|Roost|p1a: Volcarona\n|-heal|p1a: Volcarona|100\/100\n|-singleturn|p1a: Volcarona|move: Roost\n|\n|-fieldend|move: Electric Terrain\n|upkeep\n|turn|11\n|\n|t:|1612865395\n|switch|p1a: Landorus|Landorus-Therian, M|100\/100\n|-ability|p1a: Landorus|Intimidate|boost\n|-unboost|p2a: Dragonite|atk|1\n|move|p2a: Dragonite|Roost|p2a: Dragonite\n|-heal|p2a: Dragonite|100\/100\n|-singleturn|p2a: Dragonite|move: Roost\n|\n|upkeep\n|turn|12\n|\n|t:|1612865399\n|move|p1a: Landorus|U-turn|p2a: Dragonite\n|-resisted|p2a: Dragonite\n|-damage|p2a: Dragonite|94\/100\n|j| angrrry\n|j| Throwaway8362917u\n|\n|t:|1612865404\n|switch|p1a: Magearna|Magearna|100\/100|[from]move: U-turn\n|move|p2a: Dragonite|Thunder Wave|p1a: Magearna\n|-status|p1a: Magearna|par\n|\n|upkeep\n|turn|13\n|l| Throwaway8362917u\n|\n|t:|1612865412\n|move|p2a: Dragonite|Thunder Wave|p1a: Magearna\n|-fail|p1a: Magearna|par\n|cant|p1a: Magearna|par\n|\n|upkeep\n|turn|14\n|\n|t:|1612865417\n|move|p2a: Dragonite|Roost|p2a: Dragonite\n|-heal|p2a: Dragonite|100\/100\n|-singleturn|p2a: Dragonite|move: Roost\n|move|p1a: Magearna|Calm Mind|p1a: Magearna\n|-boost|p1a: Magearna|spa|1\n|-boost|p1a: Magearna|spd|1\n|\n|upkeep\n|turn|15\n|\n|t:|1612865424\n|switch|p2a: Melmetal|Melmetal|100\/100\n|move|p1a: Magearna|Flash Cannon|p2a: Melmetal\n|-resisted|p2a: Melmetal\n|-damage|p2a: Melmetal|63\/100\n|\n|-heal|p2a: Melmetal|69\/100|[from] item: Leftovers\n|upkeep\n|turn|16\n|c| Hi misty water Gym|lol\n|\n|t:|1612865444\n|move|p2a: Melmetal|Double Iron Bash|p1a: Magearna\n|-damage|p1a: Magearna|61\/100 par\n|-damage|p1a: Magearna|25\/100 par\n|-hitcount|p1a: Magearna|2\n|cant|p1a: Magearna|flinch\n|\n|-heal|p2a: Melmetal|75\/100|[from] item: Leftovers\n|upkeep\n|turn|17\n|j| Shane Tsung\n|j| Shnn-\n|\n|t:|1612865449\n|switch|p1a: Volcarona|Volcarona, F|100\/100\n|move|p2a: Melmetal|Toxic|p1a: Volcarona\n|-status|p1a: Volcarona|tox\n|\n|-heal|p2a: Melmetal|82\/100|[from] item: Leftovers\n|-damage|p1a: Volcarona|94\/100 tox|[from] psn\n|upkeep\n|turn|18\n|\n|t:|1612865452\n|switch|p2a: Dragonite|Dragonite, M|100\/100\n|move|p1a: Volcarona|Flamethrower|p2a: Dragonite\n|-resisted|p2a: Dragonite\n|-damage|p2a: Dragonite|91\/100\n|-status|p2a: Dragonite|brn\n|\n|-damage|p1a: Volcarona|82\/100 tox|[from] psn\n|-damage|p2a: Dragonite|85\/100 brn|[from] brn\n|upkeep\n|turn|19\n|c| Hi misty water Gym|weevil is dont know what to do\n|\n|t:|1612865459\n|switch|p1a: Magearna|Magearna|25\/100 par\n|move|p2a: Dragonite|Ice Beam|p1a: Magearna\n|-resisted|p1a: Magearna\n|-damage|p1a: Magearna|16\/100 par\n|\n|-damage|p2a: Dragonite|79\/100 brn|[from] brn\n|upkeep\n|turn|20\n|c| RedSteelScizor|OH SHIT BOI WADDUP\n|\n|t:|1612865468\n|move|p2a: Dragonite|Earthquake|p1a: Magearna\n|-supereffective|p1a: Magearna\n|-enditem|p1a: Magearna|Shuca Berry|[eat]\n|-enditem|p1a: Magearna|Shuca Berry|[weaken]\n|-damage|p1a: Magearna|0 fnt\n|faint|p1a: Magearna\n|\n|-damage|p2a: Dragonite|72\/100 brn|[from] brn\n|upkeep\n|c| RedSteelScizor|I thought EQ though ngl\n|c| Shnn-|nice shuca\n|\n|t:|1612865487\n|switch|p1a: Hydreigon|Hydreigon, M|41\/100\n|turn|21\n|j| Tabata Toxapex\n|\n|t:|1612865494\n|move|p1a: Hydreigon|Earth Power|p2a: Dragonite\n|-immune|p2a: Dragonite\n|move|p2a: Dragonite|Ice Beam|p1a: Hydreigon\n|-supereffective|p1a: Hydreigon\n|-damage|p1a: Hydreigon|0 fnt\n|faint|p1a: Hydreigon\n|\n|-damage|p2a: Dragonite|66\/100 brn|[from] brn\n|upkeep\n|\n|t:|1612865497\n|switch|p1a: Rillaboom|Rillaboom, F|100\/100\n|-fieldstart|move: Grassy Terrain|[from] ability: Grassy Surge|[of] p1a: Rillaboom\n|-enditem|p1a: Rillaboom|Grassy Seed\n|-boost|p1a: Rillaboom|def|1|[from] item: Grassy Seed\n|turn|22\n|c| Hi misty water Gym|gg\n|\n|t:|1612865503\n|move|p1a: Rillaboom|Swords Dance|p1a: Rillaboom\n|-boost|p1a: Rillaboom|atk|2\n|move|p2a: Dragonite|Ice Beam|p1a: Rillaboom\n|-supereffective|p1a: Rillaboom\n|-damage|p1a: Rillaboom|42\/100\n|\n|-heal|p1a: Rillaboom|48\/100|[from] Grassy Terrain\n|-damage|p2a: Dragonite|60\/100 brn|[from] brn\n|upkeep\n|turn|23\n|c| Hi misty water Gym|tekken is so good\n|\n|t:|1612865513\n|move|p1a: Rillaboom|Acrobatics|p2a: Dragonite\n|-damage|p2a: Dragonite|0 fnt\n|faint|p2a: Dragonite\n|\n|-heal|p1a: Rillaboom|54\/100|[from] Grassy Terrain\n|upkeep\n|\n|t:|1612865517\n|switch|p2a: Tapu Koko|Tapu Koko|100\/100\n|-fieldstart|move: Electric Terrain|[from] ability: Electric Surge|[of] p2a: Tapu Koko\n|turn|24\n|\n|t:|1612865522\n|move|p2a: Tapu Koko|Dazzling Gleam|p1a: Rillaboom\n|-damage|p1a: Rillaboom|0 fnt\n|faint|p1a: Rillaboom\n|\n|upkeep\n|c| Shnn-|batics rilla uh\n|\n|t:|1612865527\n|switch|p1a: Volcarona|Volcarona, F|82\/100 tox\n|turn|25\n|c| Shnn-|thats kinda original\n|\n|t:|1612865536\n|switch|p2a: Slowking|Slowking-Galar, F|89\/100\n|switch|p1a: Dragapult|Dragapult, F|100\/100\n|\n|upkeep\n|turn|26\n|\n|t:|1612865541\n|move|p1a: Dragapult|Dragon Dance|p1a: Dragapult\n|-boost|p1a: Dragapult|atk|1\n|-boost|p1a: Dragapult|spe|1\n|move|p2a: Slowking|Psyshock|p1a: Dragapult\n|-damage|p1a: Dragapult|51\/100\n|\n|upkeep\n|turn|27\n|j| Large_Rodent\n|\n|t:|1612865548\n|move|p1a: Dragapult|Dragon Darts|p2a: Slowking\n|-damage|p2a: Slowking|35\/100\n|-anim|p1a: Dragapult|Dragon Darts|p2a: Slowking\n|-damage|p2a: Slowking|0 fnt\n|-damage|p1a: Dragapult|42\/100|[from] item: Life Orb\n|faint|p2a: Slowking\n|\n|upkeep\n|\n|t:|1612865561\n|switch|p2a: Melmetal|Melmetal|82\/100\n|turn|28\n|\n|t:|1612865564\n|switch|p1a: Volcarona|Volcarona, F|82\/100 tox\n|switch|p2a: Obstagoon|Obstagoon, M|100\/100\n|\n|-damage|p1a: Volcarona|76\/100 tox|[from] psn\n|-fieldend|move: Electric Terrain\n|-status|p2a: Obstagoon|brn|[from] item: Flame Orb\n|upkeep\n|turn|29\n|\n|t:|1612865570\n|switch|p1a: Landorus|Landorus-Therian, M|100\/100\n|-ability|p1a: Landorus|Intimidate|boost\n|-unboost|p2a: Obstagoon|atk|1\n|move|p2a: Obstagoon|Facade|p1a: Landorus\n|-damage|p1a: Landorus|35\/100\n|\n|-damage|p2a: Obstagoon|94\/100 brn|[from] brn\n|upkeep\n|turn|30\n|\n|t:|1612865583\n|switch|p2a: Garchomp|Garchomp, F|100\/100\n|move|p1a: Landorus|U-turn|p2a: Garchomp\n|-damage|p2a: Garchomp|74\/100\n|-damage|p1a: Landorus|22\/100|[from] ability: Rough Skin|[of] p2a: Garchomp\n|\n|t:|1612865589\n|switch|p1a: Dragapult|Dragapult, F|42\/100|[from]move: U-turn\n|\n|upkeep\n|turn|31\n|\n|t:|1612865594\n|move|p2a: Garchomp|Earthquake|p1a: Dragapult\n|-damage|p1a: Dragapult|0 fnt\n|faint|p1a: Dragapult\n|\n|upkeep\n|\n|t:|1612865597\n|switch|p1a: Volcarona|Volcarona, F|76\/100 tox\n|turn|32\n|\n|t:|1612865604\n|move|p2a: Garchomp|Earthquake|p1a: Volcarona\n|-damage|p1a: Volcarona|26\/100 tox\n|move|p1a: Volcarona|Psychic|p2a: Garchomp\n|-damage|p2a: Garchomp|45\/100\n|\n|-damage|p1a: Volcarona|20\/100 tox|[from] psn\n|upkeep\n|turn|33\n|\n|t:|1612865607\n|move|p2a: Garchomp|Earthquake|p1a: Volcarona\n|-damage|p1a: Volcarona|0 fnt\n|faint|p1a: Volcarona\n|\n|upkeep\n|\n|t:|1612865609\n|switch|p1a: Landorus|Landorus-Therian, M|22\/100\n|-ability|p1a: Landorus|Intimidate|boost\n|-unboost|p2a: Garchomp|atk|1\n|turn|34\n|\n|t:|1612865614\n|switch|p2a: Tapu Koko|Tapu Koko|100\/100\n|-fieldstart|move: Electric Terrain|[from] ability: Electric Surge|[of] p2a: Tapu Koko\n|move|p1a: Landorus|Earthquake|p2a: Tapu Koko\n|-supereffective|p2a: Tapu Koko\n|-damage|p2a: Tapu Koko|0 fnt\n|faint|p2a: Tapu Koko\n|\n|upkeep\n|-message|BugCatcherWeevil forfeited.\n|\n|win|tekken_is_life\n|l|\u2606BugCatcherWeevil\n|l|\u2606tekken_is_life\n|raw|BugCatcherWeevil's rating: 1735 &rarr; <strong>1713<\/strong><br \/>(-22 for losing)\n|raw|tekken_is_life's rating: 1704 &rarr; <strong>1726<\/strong><br \/>(+22 for winning)\n|c| Hi misty water Gym|tekken played well\n","uploadtime":1612865629,"views":74,"p1id":"bugcatcherweevil","p2id":"tekkenislife","formatid":"gen8ou","rating":1713,"private":0,"password":null}