{"id":"gen8ou-1642521144","p1":"tolstoy","p2":"LT93OQ Highv0ltag3","format":"gen8ou","log":"|raw|<div class=\"broadcast-blue\"><strong>This battle is required to be public due to a player having a name starting with 'lt93oq'.<\/div>\n|j|\u2606tolstoy\n|j|\u2606LT93OQ Highv0ltag3\n|t:|1660836242\n|gametype|singles\n|player|p1|tolstoy|#lax|1880\n|player|p2|LT93OQ Highv0ltag3|volo|1989\n|teamsize|p1|6\n|teamsize|p2|6\n|gen|8\n|tier|[Gen 8] OU\n|rated|\n|rule|Sleep Clause Mod: Limit one foe put to sleep\n|rule|Species Clause: Limit one of each Pok\u00e9mon\n|rule|OHKO Clause: OHKO moves are banned\n|rule|Evasion Items Clause: Evasion items are banned\n|rule|Evasion Moves Clause: Evasion moves are banned\n|rule|Endless Battle Clause: Forcing endless battles is banned\n|rule|HP Percentage Mod: HP is shown in percentages\n|rule|Dynamax Clause: You cannot dynamax\n|clearpoke\n|poke|p1|Trubbish, F|\n|poke|p1|Tornadus-Therian, M|\n|poke|p1|Clefable, F|\n|poke|p1|Excadrill, M|\n|poke|p1|Tyranitar, F|\n|poke|p1|Slowbro, F|\n|poke|p2|Tapu Lele|\n|poke|p2|Magnezone|\n|poke|p2|Swampert, M|\n|poke|p2|Clefable, M|\n|poke|p2|Tornadus-Therian, M|\n|poke|p2|Melmetal|\n|teampreview\n|inactive|Battle timer is ON: inactive players will automatically lose when time's up. (requested by tolstoy)\n|c|\u2606LT93OQ Highv0ltag3|LMAAAAAAAAAAAAAAAAAAAO\n|j| LT93OQ Bee\n|inactive|LT93OQ Highv0ltag3 has 120 seconds left.\n|c|\u2606LT93OQ Highv0ltag3|IF I LOSE TO THIS I RETIRE FROM MONS\n|j| CALL THE CREW\n|c| CALL THE CREW|LOL\n|\n|t:|1660836296\n|start\n|switch|p1a: Tornadus|Tornadus-Therian, M|100\/100\n|switch|p2a: Tornadus|Tornadus-Therian, M|100\/100\n|turn|1\n|c| CALL THE CREW|v0lt i swear\n|\n|t:|1660836304\n|switch|p1a: Trubbish|Trubbish, F|100\/100\n|move|p2a: Tornadus|Knock Off|p1a: Trubbish\n|-damage|p1a: Trubbish|83\/100\n|-activate|p1a: Trubbish|ability: Sticky Hold\n|\n|upkeep\n|turn|2\n|c| CALL THE CREW|is that a custom ava?\n|c| CALL THE CREW|cant tell nowadays\n|inactive|LT93OQ Highv0ltag3 has 120 seconds left.\n|\n|t:|1660836341\n|move|p2a: Tornadus|U-turn|p1a: Trubbish\n|-resisted|p1a: Trubbish\n|-damage|p1a: Trubbish|77\/100\n|\n|t:|1660836342\n|switch|p2a: Melmetal|Melmetal|100\/100|[from]move: U-turn\n|move|p1a: Trubbish|Toxic|p2a: Melmetal\n|-immune|p2a: Melmetal\n|\n|upkeep\n|turn|3\n|\n|t:|1660836346\n|switch|p1a: Slowbro|Slowbro, F|100\/100\n|move|p2a: Melmetal|Toxic|p1a: Slowbro\n|-status|p1a: Slowbro|tox\n|\n|-damage|p1a: Slowbro|94\/100 tox|[from] psn\n|upkeep\n|turn|4\n|c| CALL THE CREW|its him\n|\n|t:|1660836352\n|move|p2a: Melmetal|Double Iron Bash|p1a: Slowbro\n|-resisted|p1a: Slowbro\n|-damage|p1a: Slowbro|82\/100 tox\n|-damage|p2a: Melmetal|84\/100|[from] item: Rocky Helmet|[of] p1a: Slowbro\n|-resisted|p1a: Slowbro\n|-damage|p1a: Slowbro|70\/100 tox\n|-damage|p2a: Melmetal|67\/100|[from] item: Rocky Helmet|[of] p1a: Slowbro\n|-hitcount|p1a: Slowbro|2\n|cant|p1a: Slowbro|flinch\n|\n|-heal|p2a: Melmetal|74\/100|[from] item: Leftovers\n|-damage|p1a: Slowbro|58\/100 tox|[from] psn\n|upkeep\n|turn|5\n|c| CALL THE CREW|aww hes gone\n|\n|t:|1660836358\n|move|p2a: Melmetal|Double Iron Bash|p1a: Slowbro\n|-resisted|p1a: Slowbro\n|-damage|p1a: Slowbro|45\/100 tox\n|-damage|p2a: Melmetal|57\/100|[from] item: Rocky Helmet|[of] p1a: Slowbro\n|-resisted|p1a: Slowbro\n|-damage|p1a: Slowbro|32\/100 tox\n|-damage|p2a: Melmetal|41\/100|[from] item: Rocky Helmet|[of] p1a: Slowbro\n|-hitcount|p1a: Slowbro|2\n|move|p1a: Slowbro|Teleport|p1a: Slowbro\n|j| LT93OQ SERPI\n|\n|t:|1660836365\n|switch|p1a: Excadrill|Excadrill, M|100\/100|[from]move: Teleport\n|\n|-heal|p2a: Melmetal|47\/100|[from] item: Leftovers\n|upkeep\n|turn|6\n|c|\u2606LT93OQ Highv0ltag3|ah shit\n|\n|t:|1660836371\n|switch|p1a: Slowbro|Slowbro, F|65\/100 tox\n|switch|p2a: Swampert|Swampert, M|100\/100\n|\n|-damage|p1a: Slowbro|59\/100 tox|[from] psn\n|upkeep\n|turn|7\n|j| LT93OQ Nick\n|\n|t:|1660836376\n|switch|p2a: Melmetal|Melmetal|47\/100\n|move|p1a: Slowbro|Slack Off|p1a: Slowbro\n|-heal|p1a: Slowbro|100\/100 tox\n|\n|-heal|p2a: Melmetal|53\/100|[from] item: Leftovers\n|-damage|p1a: Slowbro|88\/100 tox|[from] psn\n|upkeep\n|turn|8\n|\n|t:|1660836379\n|move|p2a: Melmetal|Protect|p2a: Melmetal\n|-singleturn|p2a: Melmetal|Protect\n|move|p1a: Slowbro|Scald|p2a: Melmetal\n|-activate|p2a: Melmetal|move: Protect\n|\n|-heal|p2a: Melmetal|59\/100|[from] item: Leftovers\n|-damage|p1a: Slowbro|70\/100 tox|[from] psn\n|upkeep\n|turn|9\n|j| LT93OQ Luna\n|\n|t:|1660836384\n|switch|p2a: Tornadus|Tornadus-Therian, M|100\/100\n|move|p1a: Slowbro|Teleport|p1a: Slowbro\n|j|+ATTRIBUTE\n|\n|t:|1660836387\n|switch|p1a: Tyranitar|Tyranitar, F|100\/100|[from]move: Teleport\n|-weather|Sandstorm|[from] ability: Sand Stream|[of] p1a: Tyranitar\n|\n|-weather|Sandstorm|[upkeep]\n|-damage|p2a: Tornadus|94\/100|[from] Sandstorm\n|upkeep\n|turn|10\n|c| CALL THE CREW|ez leftovers recovery...\n|\n|t:|1660836390\n|move|p2a: Tornadus|U-turn|p1a: Tyranitar\n|-supereffective|p1a: Tyranitar\n|-damage|p1a: Tyranitar|76\/100\n|\n|t:|1660836394\n|switch|p2a: Clefable|Clefable, M|100\/100|[from]move: U-turn\n|move|p1a: Tyranitar|Stealth Rock|p2a: Clefable\n|-sidestart|p2: LT93OQ Highv0ltag3|move: Stealth Rock\n|\n|-weather|Sandstorm|[upkeep]\n|-heal|p1a: Tyranitar|82\/100|[from] item: Leftovers\n|upkeep\n|turn|11\n|\n|t:|1660836399\n|switch|p1a: Trubbish|Trubbish, F|77\/100\n|move|p2a: Clefable|Wish|p2a: Clefable\n|\n|-weather|Sandstorm|[upkeep]\n|-damage|p1a: Trubbish|71\/100|[from] Sandstorm\n|upkeep\n|turn|12\n|\n|t:|1660836407\n|switch|p2a: Melmetal|Melmetal|59\/100\n|-damage|p2a: Melmetal|53\/100|[from] Stealth Rock\n|move|p1a: Trubbish|Corrosive Gas|p2a: Melmetal\n|-enditem|p2a: Melmetal|Leftovers|[from] move: Corrosive Gas|[of] p1a: Trubbish\n|\n|-weather|Sandstorm|[upkeep]\n|-damage|p1a: Trubbish|65\/100|[from] Sandstorm\n|-heal|p2a: Melmetal|100\/100|[from] move: Wish|[wisher] Clefable\n|upkeep\n|turn|13\n|l| LT93OQ Nick\n|c|\u2606LT93OQ Highv0ltag3|OOOOOOOO\n|\n|t:|1660836416\n|switch|p1a: Slowbro|Slowbro, F|100\/100 tox\n|switch|p2a: Magnezone|Magnezone|100\/100\n|-damage|p2a: Magnezone|94\/100|[from] Stealth Rock\n|\n|-weather|none\n|-damage|p1a: Slowbro|94\/100 tox|[from] psn\n|upkeep\n|turn|14\n|c| CALL THE CREW|LMFSOOOO\n|c| CALL THE CREW|HOWD U LET IT HAPPEN\n|\n|t:|1660836433\n|switch|p1a: Excadrill|Excadrill, M|100\/100\n|move|p2a: Magnezone|Flash Cannon|p1a: Excadrill\n|-resisted|p1a: Excadrill\n|-damage|p1a: Excadrill|55\/100\n|\n|-heal|p1a: Excadrill|61\/100|[from] item: Leftovers\n|upkeep\n|turn|15\n|j| EricDansPierre\n|c| CALL THE CREW|ur on ur own bro\n|\n|t:|1660836443\n|switch|p2a: Swampert|Swampert, M|100\/100\n|-damage|p2a: Swampert|94\/100|[from] Stealth Rock\n|move|p1a: Excadrill|Earthquake|p2a: Swampert\n|-damage|p2a: Swampert|47\/100\n|\n|-heal|p1a: Excadrill|68\/100|[from] item: Leftovers\n|-heal|p2a: Swampert|53\/100|[from] item: Leftovers\n|upkeep\n|turn|16\n|\n|t:|1660836452\n|switch|p1a: Tornadus|Tornadus-Therian, M|100\/100\n|move|p2a: Swampert|Flip Turn|p1a: Tornadus\n|-damage|p1a: Tornadus|73\/100\n|j| Darison05\n|\n|t:|1660836457\n|switch|p2a: Tornadus|Tornadus-Therian, M|100\/100|[from]move: Flip Turn\n|\n|upkeep\n|turn|17\n|\n|t:|1660836459\n|move|p1a: Tornadus|Hurricane|p2a: Tornadus\n|-damage|p2a: Tornadus|19\/100\n|move|p2a: Tornadus|Defog|p1a: Tornadus\n|-unboost|p1a: Tornadus|evasion|1\n|-sideend|p2: LT93OQ Highv0ltag3|Stealth Rock|[from] move: Defog|[of] p2a: Tornadus\n|\n|upkeep\n|turn|18\n|\n|t:|1660836464\n|switch|p1a: Excadrill|Excadrill, M|68\/100\n|switch|p2a: Magnezone|Magnezone|94\/100\n|\n|-heal|p1a: Excadrill|74\/100|[from] item: Leftovers\n|upkeep\n|turn|19\n|c|\u2606LT93OQ Highv0ltag3|specs torn\n|\n|t:|1660836471\n|switch|p2a: Tornadus|Tornadus-Therian, M|52\/100\n|move|p1a: Excadrill|Swords Dance|p1a: Excadrill\n|-boost|p1a: Excadrill|atk|2\n|\n|-heal|p1a: Excadrill|80\/100|[from] item: Leftovers\n|upkeep\n|turn|20\n|c| CALL THE CREW|,\n|c|\u2606LT93OQ Highv0ltag3|I lose to drill rip\n|\n|t:|1660836484\n|move|p2a: Tornadus|Hurricane|p1a: Excadrill\n|-resisted|p1a: Excadrill\n|-damage|p1a: Excadrill|56\/100\n|move|p1a: Excadrill|Rapid Spin|p2a: Tornadus\n|-crit|p2a: Tornadus\n|-damage|p2a: Tornadus|0 fnt\n|-boost|p1a: Excadrill|spe|1\n|faint|p2a: Tornadus\n|\n|-heal|p1a: Excadrill|63\/100|[from] item: Leftovers\n|upkeep\n|c|\u2606LT93OQ Highv0ltag3|lol\n|c| LT93OQ Bee|nah\n|c|\u2606LT93OQ Highv0ltag3|i get 6-0d by drill\n|c| LT93OQ Bee|u lose to trubbish\n|c| CALL THE CREW|^\n|c|\u2606LT93OQ Highv0ltag3|damn\n|c|\u2606LT93OQ Highv0ltag3|I lost to fardin\n|inactive|LT93OQ Highv0ltag3 has 120 seconds left.\n|c|\u2606LT93OQ Highv0ltag3|but to an actualt trubish\n|c|\u2606LT93OQ Highv0ltag3|its different\n|j| Reigen shishou\n|c| CALL THE CREW|v0lt even if u make olt u will never live this down\n|l| Reigen shishou\n|c|\u2606LT93OQ Highv0ltag3|damn\n|\n|t:|1660836535\n|switch|p2a: Clefable|Clefable, M|100\/100\n|turn|21\n|\n|t:|1660836544\n|move|p1a: Excadrill|Iron Head|p2a: Clefable\n|-supereffective|p2a: Clefable\n|-damage|p2a: Clefable|0 fnt\n|faint|p2a: Clefable\n|\n|-heal|p1a: Excadrill|69\/100|[from] item: Leftovers\n|upkeep\n|c|\u2606LT93OQ Highv0ltag3|i wont ff in respect to trubish\n|\n|t:|1660836560\n|switch|p2a: Tapu Lele|Tapu Lele|100\/100\n|-fieldstart|move: Psychic Terrain|[from] ability: Psychic Surge|[of] p2a: Tapu Lele\n|turn|22\n|\n|t:|1660836562\n|move|p1a: Excadrill|Iron Head|p2a: Tapu Lele\n|-supereffective|p2a: Tapu Lele\n|-damage|p2a: Tapu Lele|0 fnt\n|faint|p2a: Tapu Lele\n|\n|-heal|p1a: Excadrill|75\/100|[from] item: Leftovers\n|upkeep\n|c| CALL THE CREW|tbh it all started at that corrosive gas\n|\n|t:|1660836566\n|switch|p2a: Magnezone|Magnezone|94\/100\n|turn|23\n|\n|t:|1660836569\n|move|p1a: Excadrill|Earthquake|p2a: Magnezone\n|-supereffective|p2a: Magnezone\n|-damage|p2a: Magnezone|0 fnt\n|faint|p2a: Magnezone\n|\n|-heal|p1a: Excadrill|81\/100|[from] item: Leftovers\n|upkeep\n|c| CALL THE CREW|trubish sweep\n|\n|t:|1660836570\n|switch|p2a: Swampert|Swampert, M|53\/100\n|turn|24\n|\n|t:|1660836573\n|move|p1a: Excadrill|Earthquake|p2a: Swampert\n|-damage|p2a: Swampert|0 fnt\n|faint|p2a: Swampert\n|\n|-heal|p1a: Excadrill|87\/100|[from] item: Leftovers\n|upkeep\n|\n|t:|1660836574\n|switch|p2a: Melmetal|Melmetal|100\/100\n|turn|25\n|\n|t:|1660836576\n|move|p1a: Excadrill|Earthquake|p2a: Melmetal\n|-supereffective|p2a: Melmetal\n|-damage|p2a: Melmetal|0 fnt\n|faint|p2a: Melmetal\n|\n|win|tolstoy\n|raw|tolstoy's rating: 1880 &rarr; <strong>1906<\/strong><br \/>(+26 for winning)\n|raw|LT93OQ Highv0ltag3's rating: 1989 &rarr; <strong>1963<\/strong><br \/>(-26 for losing)\n|l|\u2606LT93OQ Highv0ltag3\n|l|\u2606tolstoy\n","uploadtime":1660836585,"views":76,"p1id":"tolstoy","p2id":"lt93oqhighv0ltag3","formatid":"gen8ou","rating":1906,"private":0,"password":null}