{"id":"gen8ou-1703800464","p1":"Takinah","p2":"quixana","format":"gen8ou","log":"|j|\u2606Takinah\n|j|\u2606quixana\n|t:|1667697829\n|gametype|singles\n|player|p1|Takinah|akari|1693\n|player|p2|quixana|ethan-pokeathlon|1824\n|teamsize|p1|6\n|teamsize|p2|6\n|gen|8\n|tier|[Gen 8] OU\n|rated|\n|rule|Sleep Clause Mod: Limit one foe put to sleep\n|rule|Species Clause: Limit one of each Pok\u00e9mon\n|rule|OHKO Clause: OHKO moves are banned\n|rule|Evasion Items Clause: Evasion items are banned\n|rule|Evasion Moves Clause: Evasion moves are banned\n|rule|Endless Battle Clause: Forcing endless battles is banned\n|rule|HP Percentage Mod: HP is shown in percentages\n|rule|Dynamax Clause: You cannot dynamax\n|clearpoke\n|poke|p1|Rillaboom, F|\n|poke|p1|Blaziken, M|\n|poke|p1|Melmetal|\n|poke|p1|Garchomp, F|\n|poke|p1|Regieleki|\n|poke|p1|Tapu Lele|\n|poke|p2|Slowking-Galar, F|\n|poke|p2|Tapu Koko|\n|poke|p2|Hippowdon, F|\n|poke|p2|Urshifu-*, M|\n|poke|p2|Hydreigon, F|\n|poke|p2|Corviknight, F|\n|teampreview\n|j| Jongruenwald\n|\n|t:|1667697871\n|start\n|switch|p1a: Tapu Lele|Tapu Lele|100\/100\n|switch|p2a: Tapu Koko|Tapu Koko|100\/100\n|-fieldstart|move: Psychic Terrain|[from] ability: Psychic Surge|[of] p1a: Tapu Lele\n|-fieldstart|move: Electric Terrain|[from] ability: Electric Surge|[of] p2a: Tapu Koko\n|turn|1\n|\n|t:|1667697883\n|switch|p1a: Two Phones|Melmetal, shiny|100\/100\n|move|p2a: Tapu Koko|Volt Switch|p1a: Two Phones\n|-damage|p1a: Two Phones|81\/100\n|\n|t:|1667697896\n|switch|p2a: Urshifu|Urshifu-Rapid-Strike, M|100\/100|[from]move: Volt Switch\n|\n|upkeep\n|turn|2\n|\n|t:|1667697903\n|switch|p1a: Chompster|Garchomp, F, shiny|100\/100\n|move|p2a: Urshifu|Close Combat|p1a: Chompster\n|-damage|p1a: Chompster|37\/100\n|-unboost|p2a: Urshifu|def|1\n|-unboost|p2a: Urshifu|spd|1\n|-damage|p2a: Urshifu|88\/100|[from] ability: Rough Skin|[of] p1a: Chompster\n|-damage|p2a: Urshifu|72\/100|[from] item: Rocky Helmet|[of] p1a: Chompster\n|\n|upkeep\n|turn|3\n|\n|t:|1667697911\n|move|p2a: Urshifu|Close Combat|p1a: Chompster\n|-damage|p1a: Chompster|0 fnt\n|-unboost|p2a: Urshifu|def|1\n|-unboost|p2a: Urshifu|spd|1\n|-damage|p2a: Urshifu|59\/100|[from] ability: Rough Skin|[of] p1a: Chompster\n|-damage|p2a: Urshifu|43\/100|[from] item: Rocky Helmet|[of] p1a: Chompster\n|faint|p1a: Chompster\n|\n|upkeep\n|\n|t:|1667697923\n|switch|p1a: Yung Rilla|Rillaboom, F, shiny|100\/100\n|-fieldstart|move: Grassy Terrain|[from] ability: Grassy Surge|[of] p1a: Yung Rilla\n|turn|4\n|\n|t:|1667697928\n|switch|p2a: Corviknight|Corviknight, F|100\/100\n|-ability|p2a: Corviknight|Pressure\n|move|p1a: Yung Rilla|Grassy Glide|p2a: Corviknight\n|-resisted|p2a: Corviknight\n|-damage|p2a: Corviknight|89\/100\n|-damage|p1a: Yung Rilla|84\/100|[from] item: Rocky Helmet|[of] p2a: Corviknight\n|\n|-heal|p1a: Yung Rilla|90\/100|[from] Grassy Terrain\n|upkeep\n|turn|5\n|\n|t:|1667697935\n|switch|p1a: KuhKaw|Blaziken, M, shiny|100\/100\n|move|p2a: Corviknight|U-turn|p1a: KuhKaw\n|-resisted|p1a: KuhKaw\n|-damage|p1a: KuhKaw|96\/100\n|\n|t:|1667697946\n|switch|p2a: Slowking|Slowking-Galar, F|100\/100|[from]move: U-turn\n|\n|-heal|p1a: KuhKaw|100\/100|[from] Grassy Terrain\n|upkeep\n|turn|6\n|\n|t:|1667697951\n|move|p1a: KuhKaw|Swords Dance|p1a: KuhKaw\n|-boost|p1a: KuhKaw|atk|2\n|move|p2a: Slowking|Future Sight|p1a: KuhKaw\n|-start|p2a: Slowking|move: Future Sight\n|\n|-ability|p1a: KuhKaw|Speed Boost|boost\n|-boost|p1a: KuhKaw|spe|1\n|upkeep\n|turn|7\n|j| Golem Rising\n|j| Ctannn\n|\n|t:|1667697969\n|move|p1a: KuhKaw|Flare Blitz|p2a: Slowking\n|-damage|p2a: Slowking|0 fnt\n|faint|p2a: Slowking\n|-damage|p1a: KuhKaw|57\/100|[from] Recoil\n|-damage|p1a: KuhKaw|47\/100|[from] item: Life Orb\n|\n|-heal|p1a: KuhKaw|53\/100|[from] Grassy Terrain\n|-ability|p1a: KuhKaw|Speed Boost|boost\n|-boost|p1a: KuhKaw|spe|1\n|upkeep\n|\n|t:|1667697979\n|switch|p2a: Urshifu|Urshifu-Rapid-Strike, M|43\/100\n|turn|8\n|\n|t:|1667697993\n|switch|p1a: Tapu Lele|Tapu Lele|100\/100\n|-fieldstart|move: Psychic Terrain|[from] ability: Psychic Surge|[of] p1a: Tapu Lele\n|move|p2a: Urshifu|Close Combat|p1a: Tapu Lele\n|-resisted|p1a: Tapu Lele\n|-damage|p1a: Tapu Lele|62\/100\n|-unboost|p2a: Urshifu|def|1\n|-unboost|p2a: Urshifu|spd|1\n|\n|-end|p1a: Tapu Lele|move: Future Sight\n|-resisted|p1a: Tapu Lele\n|-damage|p1a: Tapu Lele|29\/100\n|upkeep\n|turn|9\n|\n|t:|1667698003\n|move|p1a: Tapu Lele|Moonblast|p2a: Urshifu\n|-supereffective|p2a: Urshifu\n|-damage|p2a: Urshifu|0 fnt\n|faint|p2a: Urshifu\n|\n|upkeep\n|\n|t:|1667698013\n|switch|p2a: Tapu Koko|Tapu Koko|100\/100\n|-fieldstart|move: Electric Terrain|[from] ability: Electric Surge|[of] p2a: Tapu Koko\n|turn|10\n|\n|t:|1667698024\n|switch|p1a: Two Phones|Melmetal, shiny|81\/100\n|move|p2a: Tapu Koko|Volt Switch|p1a: Two Phones\n|-damage|p1a: Two Phones|63\/100\n|\n|t:|1667698053\n|switch|p2a: Corviknight|Corviknight, F|89\/100|[from]move: Volt Switch\n|-ability|p2a: Corviknight|Pressure\n|\n|upkeep\n|turn|11\n|\n|t:|1667698062\n|move|p2a: Corviknight|Body Press|p1a: Two Phones\n|-supereffective|p1a: Two Phones\n|-damage|p1a: Two Phones|31\/100\n|move|p1a: Two Phones|Thunder Punch|p2a: Corviknight\n|-supereffective|p2a: Corviknight\n|-damage|p2a: Corviknight|42\/100\n|-damage|p1a: Two Phones|15\/100|[from] item: Rocky Helmet|[of] p2a: Corviknight\n|\n|upkeep\n|turn|12\n|\n|t:|1667698080\n|switch|p1a: KuhKaw|Blaziken, M, shiny|53\/100\n|move|p2a: Corviknight|Roost|p2a: Corviknight\n|-heal|p2a: Corviknight|92\/100\n|-singleturn|p2a: Corviknight|move: Roost\n|\n|upkeep\n|turn|13\n|\n|t:|1667698100\n|switch|p2a: Tapu Koko|Tapu Koko|100\/100\n|move|p1a: KuhKaw|Swords Dance|p1a: KuhKaw\n|-boost|p1a: KuhKaw|atk|2\n|\n|-ability|p1a: KuhKaw|Speed Boost|boost\n|-boost|p1a: KuhKaw|spe|1\n|upkeep\n|turn|14\n|\n|t:|1667698114\n|move|p1a: KuhKaw|Close Combat|p2a: Tapu Koko\n|-resisted|p2a: Tapu Koko\n|-damage|p2a: Tapu Koko|0 fnt\n|-unboost|p1a: KuhKaw|def|1\n|-unboost|p1a: KuhKaw|spd|1\n|faint|p2a: Tapu Koko\n|-damage|p1a: KuhKaw|43\/100|[from] item: Life Orb\n|\n|-fieldend|move: Electric Terrain\n|-ability|p1a: KuhKaw|Speed Boost|boost\n|-boost|p1a: KuhKaw|spe|1\n|upkeep\n|\n|t:|1667698124\n|switch|p2a: Hippowdon|Hippowdon, F|100\/100\n|-weather|Sandstorm|[from] ability: Sand Stream|[of] p2a: Hippowdon\n|turn|15\n|\n|t:|1667698132\n|move|p1a: KuhKaw|Close Combat|p2a: Hippowdon\n|-damage|p2a: Hippowdon|0 fnt\n|-unboost|p1a: KuhKaw|def|1\n|-unboost|p1a: KuhKaw|spd|1\n|faint|p2a: Hippowdon\n|-damage|p1a: KuhKaw|33\/100|[from] item: Life Orb\n|\n|-weather|Sandstorm|[upkeep]\n|-damage|p1a: KuhKaw|27\/100|[from] Sandstorm\n|-ability|p1a: KuhKaw|Speed Boost|boost\n|-boost|p1a: KuhKaw|spe|1\n|upkeep\n|\n|t:|1667698137\n|switch|p2a: Corviknight|Corviknight, F|92\/100\n|-ability|p2a: Corviknight|Pressure\n|turn|16\n|l| Jongruenwald\n|\n|t:|1667698143\n|move|p1a: KuhKaw|Flare Blitz|p2a: Corviknight\n|-supereffective|p2a: Corviknight\n|-damage|p2a: Corviknight|0 fnt\n|-damage|p1a: KuhKaw|11\/100|[from] item: Rocky Helmet|[of] p2a: Corviknight\n|faint|p2a: Corviknight\n|-damage|p1a: KuhKaw|0 fnt|[from] Recoil\n|faint|p1a: KuhKaw\n|\n|-weather|Sandstorm|[upkeep]\n|upkeep\n|\n|t:|1667698160\n|switch|p1a: Yung Rilla|Rillaboom, F, shiny|90\/100\n|switch|p2a: Hydreigon|Hydreigon, F|100\/100\n|-fieldstart|move: Grassy Terrain|[from] ability: Grassy Surge|[of] p1a: Yung Rilla\n|turn|17\n|j| Jongruenwald\n|\n|t:|1667698174\n|move|p2a: Hydreigon|Flamethrower|p1a: Yung Rilla\n|-supereffective|p1a: Yung Rilla\n|-damage|p1a: Yung Rilla|0 fnt\n|faint|p1a: Yung Rilla\n|\n|-weather|Sandstorm|[upkeep]\n|-damage|p2a: Hydreigon|94\/100|[from] Sandstorm\n|upkeep\n|\n|t:|1667698196\n|switch|p1a: Tapu Lele|Tapu Lele|29\/100\n|-fieldstart|move: Psychic Terrain|[from] ability: Psychic Surge|[of] p1a: Tapu Lele\n|turn|18\n|inactive|Battle timer is ON: inactive players will automatically lose when time's up. (requested by Takinah)\n|\n|t:|1667698257\n|move|p1a: Tapu Lele|Moonblast|p2a: Hydreigon\n|-supereffective|p2a: Hydreigon\n|-damage|p2a: Hydreigon|0 fnt\n|faint|p2a: Hydreigon\n|\n|win|Takinah\n|raw|Takinah's rating: 1693 &rarr; <strong>1720<\/strong><br \/>(+27 for winning)\n|raw|quixana's rating: 1824 &rarr; <strong>1797<\/strong><br \/>(-27 for losing)\n|c|\u2606Takinah|gg\n||Ladder isn't responding, score probably updated but might not have (Request timeout).\n|l| Ctannn\n","uploadtime":1667698340,"views":7,"p1id":"takinah","p2id":"quixana","formatid":"gen8ou","rating":1720,"private":0,"password":null}