{"id":"gen8ou-1675763469","p1":"exlipse","p2":"AlIoutdragadarts","format":"gen8ou","log":"|j|\u2606exlipse\n|j|\u2606AlIoutdragadarts\n|inactive|Battle timer is ON: inactive players will automatically lose when time's up.\n|t:|1664721591\n|gametype|singles\n|player|p1|exlipse|scientist|\n|player|p2|AlIoutdragadarts|hiker-gen4|\n|teamsize|p1|6\n|teamsize|p2|6\n|gen|8\n|tier|[Gen 8] OU\n|rated|Tournament battle\n|rule|Sleep Clause Mod: Limit one foe put to sleep\n|rule|Species Clause: Limit one of each Pok\u00e9mon\n|rule|OHKO Clause: OHKO moves are banned\n|rule|Evasion Items Clause: Evasion items are banned\n|rule|Evasion Moves Clause: Evasion moves are banned\n|rule|Endless Battle Clause: Forcing endless battles is banned\n|rule|HP Percentage Mod: HP is shown in percentages\n|rule|Dynamax Clause: You cannot dynamax\n|clearpoke\n|poke|p1|Clefable, F|\n|poke|p1|Toxapex, M|\n|poke|p1|Reuniclus, M|\n|poke|p1|Landorus-Therian, M|\n|poke|p1|Dragonite, M|\n|poke|p1|Corviknight, F|\n|poke|p2|Clefable, F|\n|poke|p2|Garchomp, M|\n|poke|p2|Slowking-Galar, M|\n|poke|p2|Rotom-Wash|\n|poke|p2|Tornadus-Therian, M|\n|poke|p2|Ferrothorn, M|\n|teampreview\n|j|%Sww-Suwa\n|\n|t:|1664721598\n|start\n|switch|p1a: Kei|Landorus-Therian, M|100\/100\n|switch|p2a: Tornadus|Tornadus-Therian, M, shiny|100\/100\n|-ability|p1a: Kei|Intimidate|boost\n|-unboost|p2a: Tornadus|atk|1\n|turn|1\n|\n|t:|1664721602\n|move|p2a: Tornadus|Knock Off|p1a: Kei\n|-damage|p1a: Kei|86\/100\n|-damage|p2a: Tornadus|84\/100|[from] item: Rocky Helmet|[of] p1a: Kei\n|-enditem|p1a: Kei|Rocky Helmet|[from] move: Knock Off|[of] p2a: Tornadus\n|move|p1a: Kei|Knock Off|p2a: Tornadus\n|-damage|p2a: Tornadus|41\/100\n|-enditem|p2a: Tornadus|Heavy-Duty Boots|[from] move: Knock Off|[of] p1a: Kei\n|\n|upkeep\n|turn|2\n|\n|t:|1664721608\n|move|p2a: Tornadus|Hurricane|p1a: Kei\n|-damage|p1a: Kei|33\/100\n|move|p1a: Kei|Stealth Rock|p2a: Tornadus\n|-sidestart|p2: AlIoutdragadarts|move: Stealth Rock\n|\n|upkeep\n|turn|3\n|j| Stunfisk2140\n|\n|t:|1664721618\n|switch|p1a: Magent Magent|Toxapex, M|100\/100\n|move|p2a: Tornadus|Defog|p1a: Magent Magent\n|-unboost|p1a: Magent Magent|evasion|1\n|-sideend|p2: AlIoutdragadarts|Stealth Rock|[from] move: Defog|[of] p2a: Tornadus\n|\n|upkeep\n|turn|4\n|j| Mon cappuccino\n|\n|t:|1664721625\n|move|p1a: Magent Magent|Baneful Bunker|p1a: Magent Magent\n|-singleturn|p1a: Magent Magent|move: Protect\n|move|p2a: Tornadus|Knock Off|p1a: Magent Magent\n|-activate|p1a: Magent Magent|move: Protect\n|-status|p2a: Tornadus|psn\n|\n|-damage|p2a: Tornadus|29\/100 psn|[from] psn\n|upkeep\n|turn|5\n|\n|t:|1664721632\n|switch|p2a: Clefable|Clefable, F, shiny|100\/100\n|move|p1a: Magent Magent|Scald|p2a: Clefable\n|-crit|p2a: Clefable\n|-damage|p2a: Clefable|76\/100\n|\n|upkeep\n|turn|6\n|j| lou dort\n|\n|t:|1664721641\n|switch|p1a: Corviknight|Corviknight, F|100\/100\n|-ability|p1a: Corviknight|Pressure\n|move|p2a: Clefable|Aromatherapy|p2a: Clefable\n|-activate|p2a: Clefable|move: Aromatherapy\n|-curestatus|p2: Tornadus|psn|[msg]\n|\n|upkeep\n|turn|7\n|\n|t:|1664721652\n|switch|p2a: Tornadus|Tornadus-Therian, M, shiny|62\/100\n|move|p1a: Corviknight|Bulk Up|p1a: Corviknight\n|-boost|p1a: Corviknight|atk|1\n|-boost|p1a: Corviknight|def|1\n|\n|upkeep\n|turn|8\n|\n|t:|1664721654\n|move|p2a: Tornadus|U-turn|p1a: Corviknight\n|-resisted|p1a: Corviknight\n|-damage|p1a: Corviknight|98\/100\n|\n|t:|1664721656\n|switch|p2a: Rotom|Rotom-Wash, shiny|100\/100|[from]move: U-turn\n|move|p1a: Corviknight|Brave Bird|p2a: Rotom\n|-resisted|p2a: Rotom\n|-damage|p2a: Rotom|79\/100\n|-damage|p1a: Corviknight|93\/100|[from] Recoil\n|\n|-heal|p2a: Rotom|85\/100|[from] item: Leftovers\n|-heal|p1a: Corviknight|99\/100|[from] item: Leftovers\n|upkeep\n|turn|9\n|\n|t:|1664721662\n|switch|p1a: Damo|Reuniclus, M|100\/100\n|move|p2a: Rotom|Volt Switch|p1a: Damo\n|-damage|p1a: Damo|89\/100\n|\n|t:|1664721666\n|switch|p2a: Tornadus|Tornadus-Therian, M, shiny|95\/100|[from]move: Volt Switch\n|\n|upkeep\n|turn|10\n|\n|t:|1664721668\n|switch|p1a: Magent Magent|Toxapex, M|100\/100\n|move|p2a: Tornadus|Knock Off|p1a: Magent Magent\n|-damage|p1a: Magent Magent|89\/100\n|-enditem|p1a: Magent Magent|Black Sludge|[from] move: Knock Off|[of] p2a: Tornadus\n|\n|upkeep\n|turn|11\n|\n|t:|1664721675\n|move|p2a: Tornadus|Hurricane|p1a: Magent Magent\n|-damage|p1a: Magent Magent|56\/100\n|-start|p1a: Magent Magent|confusion\n|-activate|p1a: Magent Magent|confusion\n|-damage|p1a: Magent Magent|52\/100|[from] confusion\n|\n|upkeep\n|turn|12\n|j| TheNewBrends11\n|\n|t:|1664721691\n|-end|p1a: Magent Magent|confusion\n|move|p1a: Magent Magent|Baneful Bunker|p1a: Magent Magent\n|-singleturn|p1a: Magent Magent|move: Protect\n|move|p2a: Tornadus|Hurricane|p1a: Magent Magent\n|-activate|p1a: Magent Magent|move: Protect\n|\n|upkeep\n|turn|13\n|\n|t:|1664721698\n|move|p2a: Tornadus|U-turn|p1a: Magent Magent\n|-resisted|p1a: Magent Magent\n|-damage|p1a: Magent Magent|48\/100\n|\n|t:|1664721700\n|switch|p2a: Garchomp|Garchomp, M, shiny|100\/100|[from]move: U-turn\n|move|p1a: Magent Magent|Recover|p1a: Magent Magent\n|-heal|p1a: Magent Magent|98\/100\n|\n|upkeep\n|turn|14\n|\n|t:|1664721703\n|switch|p1a: Corviknight|Corviknight, F|99\/100\n|-ability|p1a: Corviknight|Pressure\n|move|p2a: Garchomp|Stealth Rock|p1a: Corviknight\n|-sidestart|p1: exlipse|move: Stealth Rock\n|\n|-heal|p1a: Corviknight|100\/100|[from] item: Leftovers\n|upkeep\n|turn|15\n|j| Ladder Prodigy\n|\n|t:|1664721708\n|switch|p2a: Rotom|Rotom-Wash, shiny|85\/100\n|move|p1a: Corviknight|Defog|p2a: Rotom\n|-unboost|p2a: Rotom|evasion|1\n|-sideend|p1: exlipse|Stealth Rock|[from] move: Defog|[of] p1a: Corviknight\n|\n|-heal|p2a: Rotom|91\/100|[from] item: Leftovers\n|upkeep\n|turn|16\n|\n|t:|1664721712\n|switch|p1a: Damo|Reuniclus, M|100\/100\n|move|p2a: Rotom|Volt Switch|p1a: Damo\n|-damage|p1a: Damo|89\/100\n|\n|t:|1664721715\n|switch|p2a: Ferrothorn|Ferrothorn, M, shiny|100\/100|[from]move: Volt Switch\n|\n|upkeep\n|turn|17\n|\n|t:|1664721722\n|move|p1a: Damo|Knock Off|p2a: Ferrothorn\n|-damage|p2a: Ferrothorn|91\/100\n|-damage|p1a: Damo|76\/100|[from] ability: Iron Barbs|[of] p2a: Ferrothorn\n|-enditem|p2a: Ferrothorn|Leftovers|[from] move: Knock Off|[of] p1a: Damo\n|move|p2a: Ferrothorn|Knock Off|p1a: Damo\n|-supereffective|p1a: Damo\n|-damage|p1a: Damo|31\/100\n|-enditem|p1a: Damo|Assault Vest|[from] move: Knock Off|[of] p2a: Ferrothorn\n|\n|upkeep\n|turn|18\n|\n|t:|1664721733\n|switch|p1a: Corviknight|Corviknight, F|100\/100\n|-ability|p1a: Corviknight|Pressure\n|move|p2a: Ferrothorn|Gyro Ball|p1a: Corviknight\n|-resisted|p1a: Corviknight\n|-damage|p1a: Corviknight|86\/100\n|\n|-heal|p1a: Corviknight|92\/100|[from] item: Leftovers\n|upkeep\n|turn|19\n|\n|t:|1664721747\n|switch|p1a: Magent Magent|Toxapex, M|100\/100\n|move|p2a: Ferrothorn|Knock Off|p1a: Magent Magent\n|-damage|p1a: Magent Magent|92\/100\n|\n|upkeep\n|turn|20\n|\n|t:|1664721751\n|move|p1a: Magent Magent|Scald|p2a: Ferrothorn\n|-resisted|p2a: Ferrothorn\n|-damage|p2a: Ferrothorn|85\/100\n|-status|p2a: Ferrothorn|brn\n|move|p2a: Ferrothorn|Spikes|p1a: Magent Magent\n|-sidestart|p1: exlipse|Spikes\n|\n|-damage|p2a: Ferrothorn|78\/100 brn|[from] brn\n|upkeep\n|turn|21\n|\n|t:|1664721757\n|switch|p1a: Corviknight|Corviknight, F|92\/100\n|-ability|p1a: Corviknight|Pressure\n|switch|p2a: Rotom|Rotom-Wash, shiny|91\/100\n|\n|-heal|p2a: Rotom|97\/100|[from] item: Leftovers\n|-heal|p1a: Corviknight|98\/100|[from] item: Leftovers\n|upkeep\n|turn|22\n|\n|t:|1664721765\n|move|p2a: Rotom|Volt Switch|p1a: Corviknight\n|-supereffective|p1a: Corviknight\n|-damage|p1a: Corviknight|62\/100\n|\n|t:|1664721768\n|switch|p2a: Slowking|Slowking-Galar, M, shiny|100\/100|[from]move: Volt Switch\n|move|p1a: Corviknight|Defog|p2a: Slowking\n|-unboost|p2a: Slowking|evasion|1\n|-sideend|p1: exlipse|Spikes|[from] move: Defog|[of] p1a: Corviknight\n|\n|-heal|p1a: Corviknight|68\/100|[from] item: Leftovers\n|upkeep\n|turn|23\n|\n|t:|1664721774\n|switch|p1a: Damo|Reuniclus, M|64\/100\n|move|p2a: Slowking|Nasty Plot|p2a: Slowking\n|-boost|p2a: Slowking|spa|2\n|\n|upkeep\n|turn|24\n|l| Stunfisk2140\n|\n|t:|1664721781\n|move|p2a: Slowking|Sludge Bomb|p1a: Damo\n|-damage|p1a: Damo|18\/100\n|move|p1a: Damo|Knock Off|p2a: Slowking\n|-supereffective|p2a: Slowking\n|-damage|p2a: Slowking|75\/100\n|-enditem|p2a: Slowking|Black Sludge|[from] move: Knock Off|[of] p1a: Damo\n|\n|upkeep\n|turn|25\n|\n|t:|1664721793\n|switch|p1a: Joshu|Dragonite, M|100\/100\n|move|p2a: Slowking|Psychic|p1a: Joshu\n|-crit|p1a: Joshu\n|-damage|p1a: Joshu|55\/100\n|-unboost|p1a: Joshu|spd|1\n|\n|upkeep\n|turn|26\n|\n|t:|1664721798\n|move|p1a: Joshu|Earthquake|p2a: Slowking\n|-supereffective|p2a: Slowking\n|-damage|p2a: Slowking|22\/100\n|move|p2a: Slowking|Sludge Bomb|p1a: Joshu\n|-damage|p1a: Joshu|0 fnt\n|faint|p1a: Joshu\n|\n|upkeep\n|\n|t:|1664721811\n|switch|p1a: Damo|Reuniclus, M|51\/100\n|turn|27\n|\n|t:|1664721817\n|switch|p2a: Tornadus|Tornadus-Therian, M, shiny|100\/100\n|move|p1a: Damo|Psyshock|p2a: Tornadus\n|-damage|p2a: Tornadus|68\/100\n|\n|upkeep\n|turn|28\n|j| UwUKingUwU\n|\n|t:|1664721823\n|switch|p1a: Magent Magent|Toxapex, M|100\/100\n|move|p2a: Tornadus|U-turn|p1a: Magent Magent\n|-resisted|p1a: Magent Magent\n|-damage|p1a: Magent Magent|96\/100\n|\n|t:|1664721829\n|switch|p2a: Garchomp|Garchomp, M, shiny|100\/100|[from]move: U-turn\n|\n|upkeep\n|turn|29\n|\n|t:|1664721833\n|switch|p1a: Corviknight|Corviknight, F|68\/100\n|-ability|p1a: Corviknight|Pressure\n|move|p2a: Garchomp|Stealth Rock|p1a: Corviknight\n|-sidestart|p1: exlipse|move: Stealth Rock\n|\n|-heal|p1a: Corviknight|74\/100|[from] item: Leftovers\n|upkeep\n|turn|30\n|\n|t:|1664721839\n|switch|p2a: Slowking|Slowking-Galar, M, shiny|55\/100\n|move|p1a: Corviknight|Defog|p2a: Slowking\n|-unboost|p2a: Slowking|evasion|1\n|-sideend|p1: exlipse|Stealth Rock|[from] move: Defog|[of] p1a: Corviknight\n|\n|-heal|p1a: Corviknight|81\/100|[from] item: Leftovers\n|upkeep\n|turn|31\n|\n|t:|1664721845\n|switch|p2a: Rotom|Rotom-Wash, shiny|97\/100\n|move|p1a: Corviknight|Bulk Up|p1a: Corviknight\n|-boost|p1a: Corviknight|atk|1\n|-boost|p1a: Corviknight|def|1\n|\n|-heal|p2a: Rotom|100\/100|[from] item: Leftovers\n|-heal|p1a: Corviknight|87\/100|[from] item: Leftovers\n|upkeep\n|turn|32\n|\n|t:|1664721850\n|move|p2a: Rotom|Will-O-Wisp|p1a: Corviknight\n|-status|p1a: Corviknight|brn\n|move|p1a: Corviknight|Roost|p1a: Corviknight\n|-heal|p1a: Corviknight|100\/100 brn\n|-singleturn|p1a: Corviknight|move: Roost\n|\n|-damage|p1a: Corviknight|94\/100 brn|[from] brn\n|upkeep\n|turn|33\n|\n|t:|1664721856\n|switch|p1a: Damo|Reuniclus, M|84\/100\n|move|p2a: Rotom|Volt Switch|p1a: Damo\n|-crit|p1a: Damo\n|-damage|p1a: Damo|60\/100\n|\n|t:|1664721868\n|switch|p2a: Tornadus|Tornadus-Therian, M, shiny|100\/100|[from]move: Volt Switch\n|\n|upkeep\n|turn|34\n|\n|t:|1664721873\n|move|p2a: Tornadus|U-turn|p1a: Damo\n|-supereffective|p1a: Damo\n|-damage|p1a: Damo|28\/100\n|\n|t:|1664721877\n|switch|p2a: Slowking|Slowking-Galar, M, shiny|89\/100|[from]move: U-turn\n|move|p1a: Damo|Future Sight|p2a: Slowking\n|-start|p1a: Damo|move: Future Sight\n|\n|upkeep\n|turn|35\n|l| UwUKingUwU\n|\n|t:|1664721883\n|move|p2a: Slowking|Psychic|p1a: Damo\n|-resisted|p1a: Damo\n|-damage|p1a: Damo|17\/100\n|move|p1a: Damo|Psyshock|p2a: Slowking\n|-damage|p2a: Slowking|62\/100\n|\n|upkeep\n|turn|36\n|\n|t:|1664721893\n|switch|p2a: Tornadus|Tornadus-Therian, M, shiny|100\/100\n|switch|p1a: Corviknight|Corviknight, F|94\/100 brn\n|-ability|p1a: Corviknight|Pressure\n|\n|-end|p2a: Tornadus|move: Future Sight\n|-damage|p2a: Tornadus|48\/100\n|-heal|p1a: Corviknight|100\/100 brn|[from] item: Leftovers\n|-damage|p1a: Corviknight|94\/100 brn|[from] brn\n|upkeep\n|turn|37\n|inactive|exlipse has 120 seconds left.\n|\n|t:|1664721925\n|move|p2a: Tornadus|U-turn|p1a: Corviknight\n|-resisted|p1a: Corviknight\n|-damage|p1a: Corviknight|91\/100 brn\n|\n|t:|1664721931\n|switch|p2a: Slowking|Slowking-Galar, M, shiny|96\/100|[from]move: U-turn\n|move|p1a: Corviknight|Bulk Up|p1a: Corviknight\n|-boost|p1a: Corviknight|atk|1\n|-boost|p1a: Corviknight|def|1\n|\n|-heal|p1a: Corviknight|98\/100 brn|[from] item: Leftovers\n|-damage|p1a: Corviknight|91\/100 brn|[from] brn\n|upkeep\n|turn|38\n|j| gotsnsd\n|\n|t:|1664721938\n|move|p1a: Corviknight|Bulk Up|p1a: Corviknight\n|-boost|p1a: Corviknight|atk|1\n|-boost|p1a: Corviknight|def|1\n|move|p2a: Slowking|Trick|p1a: Corviknight\n|-activate|p2a: Slowking|move: Trick|[of] p1a: Corviknight\n|-enditem|p1a: Corviknight|Leftovers|[silent]|[from] move: Trick\n|-item|p2a: Slowking|Leftovers|[from] move: Trick\n|\n|-heal|p2a: Slowking|100\/100|[from] item: Leftovers\n|-damage|p1a: Corviknight|85\/100 brn|[from] brn\n|upkeep\n|turn|39\n|\n|t:|1664721947\n|switch|p2a: Clefable|Clefable, F, shiny|76\/100\n|move|p1a: Corviknight|Bulk Up|p1a: Corviknight\n|-boost|p1a: Corviknight|atk|1\n|-boost|p1a: Corviknight|def|1\n|\n|-damage|p1a: Corviknight|79\/100 brn|[from] brn\n|upkeep\n|turn|40\n|j| Meroz\n|\n|t:|1664721952\n|switch|p1a: Carne|Clefable, F|100\/100\n|move|p2a: Clefable|Aromatherapy|p2a: Clefable\n|-activate|p2a: Clefable|move: Aromatherapy\n|-curestatus|p2: Ferrothorn|brn|[msg]\n|\n|upkeep\n|turn|41\n|j| UwUKingUwU\n|\n|t:|1664721961\n|move|p2a: Clefable|Wish|p2a: Clefable\n|move|p1a: Carne|Aromatherapy|p1a: Carne\n|-activate|p1a: Carne|move: Aromatherapy\n|-curestatus|p1: Corviknight|brn|[msg]\n|\n|upkeep\n|turn|42\n|\n|t:|1664721968\n|switch|p2a: Ferrothorn|Ferrothorn, M, shiny|78\/100\n|move|p1a: Carne|Moonblast|p2a: Ferrothorn\n|-resisted|p2a: Ferrothorn\n|-damage|p2a: Ferrothorn|65\/100\n|\n|-heal|p2a: Ferrothorn|100\/100|[from] move: Wish|[wisher] Clefable\n|upkeep\n|turn|43\n|\n|t:|1664721971\n|switch|p1a: Corviknight|Corviknight, F|79\/100\n|-ability|p1a: Corviknight|Pressure\n|move|p2a: Ferrothorn|Spikes|p1a: Corviknight\n|-sidestart|p1: exlipse|Spikes\n|\n|upkeep\n|turn|44\n|\n|t:|1664721979\n|move|p1a: Corviknight|Defog|p2a: Ferrothorn\n|-unboost|p2a: Ferrothorn|evasion|1\n|-sideend|p1: exlipse|Spikes|[from] move: Defog|[of] p1a: Corviknight\n|move|p2a: Ferrothorn|Leech Seed|p1a: Corviknight\n|-start|p1a: Corviknight|move: Leech Seed\n|\n|-damage|p1a: Corviknight|66\/100|[from] Leech Seed|[of] p2a: Ferrothorn\n|upkeep\n|turn|45\n|c| UwUKingUwU|Final game belike:\n|j|+playerW17\n|\n|t:|1664721990\n|switch|p1a: Magent Magent|Toxapex, M|100\/100\n|move|p2a: Ferrothorn|Spikes|p1a: Magent Magent\n|-sidestart|p1: exlipse|Spikes\n|\n|upkeep\n|turn|46\n|\n|t:|1664721998\n|switch|p2a: Rotom|Rotom-Wash, shiny|100\/100\n|move|p1a: Magent Magent|Scald|p2a: Rotom\n|-resisted|p2a: Rotom\n|-damage|p2a: Rotom|92\/100\n|-status|p2a: Rotom|brn\n|\n|-heal|p2a: Rotom|98\/100 brn|[from] item: Leftovers\n|-damage|p2a: Rotom|92\/100 brn|[from] brn\n|upkeep\n|turn|47\n|\n|t:|1664722005\n|move|p1a: Magent Magent|Baneful Bunker|p1a: Magent Magent\n|-singleturn|p1a: Magent Magent|move: Protect\n|move|p2a: Rotom|Volt Switch|p1a: Magent Magent\n|-activate|p1a: Magent Magent|move: Protect\n|\n|-heal|p2a: Rotom|98\/100 brn|[from] item: Leftovers\n|-damage|p2a: Rotom|92\/100 brn|[from] brn\n|upkeep\n|turn|48\n|l| Meroz\n|\n|t:|1664722015\n|move|p2a: Rotom|Will-O-Wisp|p1a: Magent Magent\n|-status|p1a: Magent Magent|brn\n|move|p1a: Magent Magent|Recover||[still]\n|-fail|p1a: Magent Magent|heal\n|\n|-heal|p2a: Rotom|98\/100 brn|[from] item: Leftovers\n|-damage|p2a: Rotom|92\/100 brn|[from] brn\n|-damage|p1a: Magent Magent|94\/100 brn|[from] brn\n|upkeep\n|turn|49\n|\n|t:|1664722023\n|move|p2a: Rotom|Volt Switch|p1a: Magent Magent\n|-supereffective|p1a: Magent Magent\n|-damage|p1a: Magent Magent|49\/100 brn\n|\n|t:|1664722029\n|switch|p2a: Slowking|Slowking-Galar, M, shiny|100\/100|[from]move: Volt Switch\n|move|p1a: Magent Magent|Scald|p2a: Slowking\n|-damage|p2a: Slowking|87\/100\n|\n|-heal|p2a: Slowking|94\/100|[from] item: Leftovers\n|-damage|p1a: Magent Magent|43\/100 brn|[from] brn\n|upkeep\n|turn|50\n|\n|t:|1664722037\n|switch|p1a: Corviknight|Corviknight, F|66\/100\n|-ability|p1a: Corviknight|Pressure\n|move|p2a: Slowking|Psychic|p1a: Corviknight\n|-resisted|p1a: Corviknight\n|-damage|p1a: Corviknight|54\/100\n|\n|-heal|p2a: Slowking|99\/100|[from] item: Leftovers\n|upkeep\n|turn|51\n|\n|t:|1664722045\n|switch|p2a: Rotom|Rotom-Wash, shiny|92\/100 brn\n|move|p1a: Corviknight|Defog|p2a: Rotom\n|-unboost|p2a: Rotom|evasion|1\n|-sideend|p1: exlipse|Spikes|[from] move: Defog|[of] p1a: Corviknight\n|\n|-heal|p2a: Rotom|98\/100 brn|[from] item: Leftovers\n|-damage|p2a: Rotom|92\/100 brn|[from] brn\n|upkeep\n|turn|52\n|\n|t:|1664722050\n|switch|p1a: Carne|Clefable, F|100\/100\n|move|p2a: Rotom|Will-O-Wisp|p1a: Carne\n|-status|p1a: Carne|brn\n|\n|-heal|p2a: Rotom|98\/100 brn|[from] item: Leftovers\n|-damage|p2a: Rotom|92\/100 brn|[from] brn\n|-damage|p1a: Carne|94\/100 brn|[from] brn\n|upkeep\n|turn|53\n|l| UwUKingUwU\n|\n|t:|1664722055\n|move|p2a: Rotom|Volt Switch|p1a: Carne\n|-damage|p1a: Carne|70\/100 brn\n|\n|t:|1664722057\n|switch|p2a: Ferrothorn|Ferrothorn, M, shiny|100\/100|[from]move: Volt Switch\n|move|p1a: Carne|Aromatherapy|p1a: Carne\n|-activate|p1a: Carne|move: Aromatherapy\n|-curestatus|p1a: Carne|brn|[msg]\n|-curestatus|p1: Magent Magent|brn|[msg]\n|\n|-heal|p1a: Carne|76\/100|[from] item: Leftovers\n|upkeep\n|turn|54\n|\n|t:|1664722063\n|switch|p1a: Corviknight|Corviknight, F|54\/100\n|-ability|p1a: Corviknight|Pressure\n|move|p2a: Ferrothorn|Leech Seed|p1a: Corviknight\n|-start|p1a: Corviknight|move: Leech Seed\n|\n|-damage|p1a: Corviknight|42\/100|[from] Leech Seed|[of] p2a: Ferrothorn\n|upkeep\n|turn|55\n|\n|t:|1664722069\n|switch|p2a: Slowking|Slowking-Galar, M, shiny|100\/100\n|move|p1a: Corviknight|Roost|p1a: Corviknight\n|-heal|p1a: Corviknight|92\/100\n|-singleturn|p1a: Corviknight|move: Roost\n|\n|-damage|p1a: Corviknight|79\/100|[from] Leech Seed|[of] p2a: Slowking\n|upkeep\n|turn|56\n|\n|t:|1664722072\n|switch|p1a: Damo|Reuniclus, M|51\/100\n|move|p2a: Slowking|Nasty Plot|p2a: Slowking\n|-boost|p2a: Slowking|spa|2\n|\n|upkeep\n|turn|57\n|\n|t:|1664722081\n|switch|p1a: Corviknight|Corviknight, F|79\/100\n|-ability|p1a: Corviknight|Pressure\n|move|p2a: Slowking|Sludge Bomb|p1a: Corviknight\n|-immune|p1a: Corviknight\n|\n|upkeep\n|turn|58\n|\n|t:|1664722088\n|move|p1a: Corviknight|Bulk Up|p1a: Corviknight\n|-boost|p1a: Corviknight|atk|1\n|-boost|p1a: Corviknight|def|1\n|move|p2a: Slowking|Nasty Plot|p2a: Slowking\n|-boost|p2a: Slowking|spa|2\n|\n|upkeep\n|turn|59\n|inactive|exlipse has 120 seconds left.\n|\n|t:|1664722130\n|move|p1a: Corviknight|Brave Bird|p2a: Slowking\n|-damage|p2a: Slowking|56\/100\n|-damage|p1a: Corviknight|66\/100|[from] Recoil\n|move|p2a: Slowking|Psychic|p1a: Corviknight\n|-resisted|p1a: Corviknight\n|-damage|p1a: Corviknight|29\/100\n|\n|-heal|p2a: Slowking|62\/100|[from] item: Leftovers\n|upkeep\n|turn|60\n|\n|t:|1664722136\n|move|p1a: Corviknight|Roost|p1a: Corviknight\n|-heal|p1a: Corviknight|79\/100\n|-singleturn|p1a: Corviknight|move: Roost\n|move|p2a: Slowking|Nasty Plot|p2a: Slowking\n|-boost|p2a: Slowking|spa|2\n|\n|-heal|p2a: Slowking|68\/100|[from] item: Leftovers\n|upkeep\n|turn|61\n|inactive|exlipse has 120 seconds left.\n|\n|t:|1664722142\n|move|p1a: Corviknight|Roost|p1a: Corviknight\n|-heal|p1a: Corviknight|100\/100\n|-singleturn|p1a: Corviknight|move: Roost\n|move|p2a: Slowking|Psychic|p1a: Corviknight\n|-resisted|p1a: Corviknight\n|-damage|p1a: Corviknight|54\/100\n|\n|-heal|p2a: Slowking|75\/100|[from] item: Leftovers\n|upkeep\n|turn|62\n|j| GoatNoir\n|\n|t:|1664722149\n|switch|p2a: Rotom|Rotom-Wash, shiny|92\/100 brn\n|move|p1a: Corviknight|Roost|p1a: Corviknight\n|-heal|p1a: Corviknight|100\/100\n|-singleturn|p1a: Corviknight|move: Roost\n|\n|-heal|p2a: Rotom|98\/100 brn|[from] item: Leftovers\n|-damage|p2a: Rotom|92\/100 brn|[from] brn\n|upkeep\n|turn|63\n|\n|t:|1664722153\n|switch|p1a: Damo|Reuniclus, M|84\/100\n|move|p2a: Rotom|Will-O-Wisp|p1a: Damo|[miss]\n|-miss|p2a: Rotom|p1a: Damo\n|\n|-heal|p2a: Rotom|98\/100 brn|[from] item: Leftovers\n|-damage|p2a: Rotom|92\/100 brn|[from] brn\n|upkeep\n|turn|64\n|\n|t:|1664722161\n|move|p2a: Rotom|Volt Switch|p1a: Damo\n|-damage|p1a: Damo|68\/100\n|\n|t:|1664722166\n|switch|p2a: Ferrothorn|Ferrothorn, M, shiny|100\/100|[from]move: Volt Switch\n|move|p1a: Damo|Future Sight|p2a: Ferrothorn\n|-start|p1a: Damo|move: Future Sight\n|\n|upkeep\n|turn|65\n|l| Mon cappuccino\n|l| GoatNoir\n|\n|t:|1664722171\n|move|p1a: Damo|Focus Blast|p2a: Ferrothorn\n|-supereffective|p2a: Ferrothorn\n|-damage|p2a: Ferrothorn|49\/100\n|move|p2a: Ferrothorn|Leech Seed|p1a: Damo\n|-start|p1a: Damo|move: Leech Seed\n|\n|-damage|p1a: Damo|56\/100|[from] Leech Seed|[of] p2a: Ferrothorn\n|-heal|p2a: Ferrothorn|64\/100|[silent]\n|upkeep\n|turn|66\n|\n|t:|1664722180\n|switch|p1a: Corviknight|Corviknight, F|100\/100\n|-ability|p1a: Corviknight|Pressure\n|move|p2a: Ferrothorn|Gyro Ball|p1a: Corviknight\n|-resisted|p1a: Corviknight\n|-damage|p1a: Corviknight|87\/100\n|\n|-end|p2a: Ferrothorn|move: Future Sight\n|-resisted|p2a: Ferrothorn\n|-damage|p2a: Ferrothorn|45\/100\n|upkeep\n|turn|67\n|\n|t:|1664722195\n|switch|p1a: Damo|Reuniclus, M|89\/100\n|switch|p2a: Clefable|Clefable, F, shiny|76\/100\n|\n|upkeep\n|turn|68\n|\n|t:|1664722206\n|switch|p2a: Garchomp|Garchomp, M, shiny|100\/100\n|move|p1a: Damo|Future Sight|p2a: Garchomp\n|-start|p1a: Damo|move: Future Sight\n|\n|upkeep\n|turn|69\n|\n|t:|1664722212\n|move|p2a: Garchomp|Toxic|p1a: Damo|[miss]\n|-miss|p2a: Garchomp|p1a: Damo\n|move|p1a: Damo|Knock Off|p2a: Garchomp\n|-damage|p2a: Garchomp|86\/100\n|-damage|p1a: Damo|76\/100|[from] ability: Rough Skin|[of] p2a: Garchomp\n|-enditem|p2a: Garchomp|Leftovers|[from] move: Knock Off|[of] p1a: Damo\n|\n|upkeep\n|turn|70\n|\n|t:|1664722227\n|move|p2a: Garchomp|Stealth Rock|p1a: Damo\n|-sidestart|p1: exlipse|move: Stealth Rock\n|move|p1a: Damo|Psyshock|p2a: Garchomp\n|-damage|p2a: Garchomp|56\/100\n|\n|-end|p2a: Garchomp|move: Future Sight\n|-damage|p2a: Garchomp|24\/100\n|upkeep\n|turn|71\n|\n|t:|1664722230\n|switch|p2a: Tornadus|Tornadus-Therian, M, shiny|81\/100\n|switch|p1a: Corviknight|Corviknight, F|87\/100\n|-damage|p1a: Corviknight|74\/100|[from] Stealth Rock\n|-ability|p1a: Corviknight|Pressure\n|\n|upkeep\n|turn|72\n|\n|t:|1664722233\n|move|p2a: Tornadus|U-turn|p1a: Corviknight\n|-resisted|p1a: Corviknight\n|-damage|p1a: Corviknight|71\/100\n|\n|t:|1664722236\n|switch|p2a: Rotom|Rotom-Wash, shiny|92\/100 brn|[from]move: U-turn\n|move|p1a: Corviknight|Defog|p2a: Rotom\n|-unboost|p2a: Rotom|evasion|1\n|-sideend|p1: exlipse|Stealth Rock|[from] move: Defog|[of] p1a: Corviknight\n|\n|-heal|p2a: Rotom|98\/100 brn|[from] item: Leftovers\n|-damage|p2a: Rotom|92\/100 brn|[from] brn\n|upkeep\n|turn|73\n|\n|t:|1664722243\n|switch|p1a: Damo|Reuniclus, M|100\/100\n|move|p2a: Rotom|Volt Switch|p1a: Damo\n|-damage|p1a: Damo|83\/100\n|j| UwUKingUwU\n|\n|t:|1664722258\n|switch|p2a: Tornadus|Tornadus-Therian, M, shiny|100\/100|[from]move: Volt Switch\n|\n|upkeep\n|turn|74\n|\n|t:|1664722262\n|move|p2a: Tornadus|Hurricane|p1a: Damo\n|-damage|p1a: Damo|58\/100\n|move|p1a: Damo|Future Sight|p2a: Tornadus\n|-start|p1a: Damo|move: Future Sight\n|\n|upkeep\n|turn|75\n|\n|t:|1664722267\n|move|p2a: Tornadus|Knock Off|p1a: Damo\n|-supereffective|p1a: Damo\n|-damage|p1a: Damo|28\/100\n|move|p1a: Damo|Psyshock|p2a: Tornadus\n|-damage|p2a: Tornadus|65\/100\n|\n|upkeep\n|turn|76\n|\n|t:|1664722277\n|switch|p1a: Corviknight|Corviknight, F|71\/100\n|-ability|p1a: Corviknight|Pressure\n|move|p2a: Tornadus|U-turn|p1a: Corviknight\n|-resisted|p1a: Corviknight\n|-crit|p1a: Corviknight\n|-damage|p1a: Corviknight|67\/100\n|\n|t:|1664722282\n|switch|p2a: Slowking|Slowking-Galar, M, shiny|100\/100|[from]move: U-turn\n|\n|-end|p2a: Slowking|move: Future Sight\n|-damage|p2a: Slowking|57\/100\n|-heal|p2a: Slowking|63\/100|[from] item: Leftovers\n|upkeep\n|turn|77\n|\n|t:|1664722291\n|switch|p2a: Clefable|Clefable, F, shiny|76\/100\n|move|p1a: Corviknight|Bulk Up|p1a: Corviknight\n|-boost|p1a: Corviknight|atk|1\n|-boost|p1a: Corviknight|def|1\n|\n|upkeep\n|turn|78\n|\n|t:|1664722299\n|move|p1a: Corviknight|Brave Bird|p2a: Clefable\n|-damage|p2a: Clefable|35\/100\n|-damage|p1a: Corviknight|50\/100|[from] item: Rocky Helmet|[of] p2a: Clefable\n|-damage|p1a: Corviknight|37\/100|[from] Recoil\n|move|p2a: Clefable|Wish|p2a: Clefable\n|\n|upkeep\n|turn|79\n|l| UwUKingUwU\n|\n|t:|1664722308\n|switch|p2a: Ferrothorn|Ferrothorn, M, shiny|45\/100\n|move|p1a: Corviknight|Bulk Up|p1a: Corviknight\n|-boost|p1a: Corviknight|atk|1\n|-boost|p1a: Corviknight|def|1\n|\n|-heal|p2a: Ferrothorn|100\/100|[from] move: Wish|[wisher] Clefable\n|upkeep\n|turn|80\n|\n|t:|1664722312\n|switch|p2a: Rotom|Rotom-Wash, shiny|92\/100 brn\n|move|p1a: Corviknight|Roost|p1a: Corviknight\n|-heal|p1a: Corviknight|87\/100\n|-singleturn|p1a: Corviknight|move: Roost\n|\n|-heal|p2a: Rotom|98\/100 brn|[from] item: Leftovers\n|-damage|p2a: Rotom|92\/100 brn|[from] brn\n|upkeep\n|turn|81\n|\n|t:|1664722324\n|switch|p1a: Damo|Reuniclus, M|61\/100\n|move|p2a: Rotom|Will-O-Wisp|p1a: Damo\n|-status|p1a: Damo|brn\n|\n|-heal|p2a: Rotom|98\/100 brn|[from] item: Leftovers\n|-damage|p2a: Rotom|92\/100 brn|[from] brn\n|-damage|p1a: Damo|55\/100 brn|[from] brn\n|upkeep\n|turn|82\n|\n|t:|1664722340\n|move|p2a: Rotom|Volt Switch|p1a: Damo\n|-damage|p1a: Damo|38\/100 brn\n|j|+Milo\n|\n|t:|1664722352\n|switch|p2a: Tornadus|Tornadus-Therian, M, shiny|99\/100|[from]move: Volt Switch\n|move|p1a: Damo|Future Sight|p2a: Tornadus\n|-start|p1a: Damo|move: Future Sight\n|\n|-damage|p1a: Damo|32\/100 brn|[from] brn\n|upkeep\n|turn|83\n|\n|t:|1664722358\n|switch|p1a: Magent Magent|Toxapex, M|76\/100\n|move|p2a: Tornadus|U-turn|p1a: Magent Magent\n|-resisted|p1a: Magent Magent\n|-damage|p1a: Magent Magent|72\/100\n|\n|t:|1664722366\n|switch|p2a: Clefable|Clefable, F, shiny|35\/100|[from]move: U-turn\n|\n|upkeep\n|turn|84\n|\n|t:|1664722373\n|move|p2a: Clefable|Soft-Boiled|p2a: Clefable\n|-heal|p2a: Clefable|85\/100\n|move|p1a: Magent Magent|Scald|p2a: Clefable\n|-damage|p2a: Clefable|71\/100\n|\n|-end|p2a: Clefable|move: Future Sight\n|-damage|p2a: Clefable|23\/100\n|upkeep\n|turn|85\n|\n|t:|1664722380\n|move|p2a: Clefable|Soft-Boiled|p2a: Clefable\n|-heal|p2a: Clefable|74\/100\n|move|p1a: Magent Magent|Scald|p2a: Clefable\n|-damage|p2a: Clefable|58\/100\n|\n|upkeep\n|turn|86\n|\n|t:|1664722382\n|move|p2a: Clefable|Soft-Boiled|p2a: Clefable\n|-heal|p2a: Clefable|100\/100\n|move|p1a: Magent Magent|Scald|p2a: Clefable\n|-damage|p2a: Clefable|86\/100\n|\n|upkeep\n|turn|87\n|\n|t:|1664722387\n|move|p2a: Clefable|Wish|p2a: Clefable\n|move|p1a: Magent Magent|Scald|p2a: Clefable\n|-damage|p2a: Clefable|69\/100\n|-status|p2a: Clefable|brn\n|\n|upkeep\n|turn|88\n|j| sufy512\n|\n|t:|1664722406\n|switch|p2a: Garchomp|Garchomp, M, shiny|24\/100\n|switch|p1a: Kei|Landorus-Therian, M|33\/100\n|-ability|p1a: Kei|Intimidate|boost\n|-unboost|p2a: Garchomp|atk|1\n|\n|-heal|p2a: Garchomp|70\/100|[from] move: Wish|[wisher] Clefable\n|upkeep\n|turn|89\n|\n|t:|1664722414\n|switch|p1a: Corviknight|Corviknight, F|87\/100\n|-ability|p1a: Corviknight|Pressure\n|switch|p2a: Tornadus|Tornadus-Therian, M, shiny|100\/100\n|\n|upkeep\n|turn|90\n|\n|t:|1664722421\n|switch|p2a: Rotom|Rotom-Wash, shiny|92\/100 brn\n|switch|p1a: Magent Magent|Toxapex, M|100\/100\n|\n|-heal|p2a: Rotom|98\/100 brn|[from] item: Leftovers\n|-damage|p2a: Rotom|92\/100 brn|[from] brn\n|upkeep\n|turn|91\n|\n|t:|1664722433\n|move|p1a: Magent Magent|Baneful Bunker|p1a: Magent Magent\n|-singleturn|p1a: Magent Magent|move: Protect\n|move|p2a: Rotom|Volt Switch|p1a: Magent Magent\n|-activate|p1a: Magent Magent|move: Protect\n|\n|-heal|p2a: Rotom|98\/100 brn|[from] item: Leftovers\n|-damage|p2a: Rotom|92\/100 brn|[from] brn\n|upkeep\n|turn|92\n|\n|t:|1664722439\n|move|p2a: Rotom|Volt Switch|p1a: Magent Magent\n|-supereffective|p1a: Magent Magent\n|-damage|p1a: Magent Magent|55\/100\n|\n|t:|1664722444\n|switch|p2a: Garchomp|Garchomp, M, shiny|70\/100|[from]move: Volt Switch\n|move|p1a: Magent Magent|Scald|p2a: Garchomp\n|-damage|p2a: Garchomp|59\/100\n|\n|upkeep\n|turn|93\n|\n|t:|1664722447\n|switch|p1a: Corviknight|Corviknight, F|87\/100\n|-ability|p1a: Corviknight|Pressure\n|move|p2a: Garchomp|Stealth Rock|p1a: Corviknight\n|-sidestart|p1: exlipse|move: Stealth Rock\n|\n|upkeep\n|turn|94\n|\n|t:|1664722453\n|move|p2a: Garchomp|Protect|p2a: Garchomp\n|-singleturn|p2a: Garchomp|Protect\n|move|p1a: Corviknight|Defog|p2a: Garchomp\n|-activate|p2a: Garchomp|move: Protect\n|\n|upkeep\n|turn|95\n|\n|t:|1664722458\n|switch|p2a: Ferrothorn|Ferrothorn, M, shiny|100\/100\n|move|p1a: Corviknight|Defog|p2a: Ferrothorn\n|-unboost|p2a: Ferrothorn|evasion|1\n|-sideend|p1: exlipse|Stealth Rock|[from] move: Defog|[of] p1a: Corviknight\n|\n|upkeep\n|turn|96\n|\n|t:|1664722465\n|switch|p1a: Magent Magent|Toxapex, M|88\/100\n|move|p2a: Ferrothorn|Spikes|p1a: Magent Magent\n|-sidestart|p1: exlipse|Spikes\n|\n|upkeep\n|turn|97\n|\n|t:|1664722471\n|switch|p2a: Rotom|Rotom-Wash, shiny|92\/100 brn\n|move|p1a: Magent Magent|Scald|p2a: Rotom\n|-resisted|p2a: Rotom\n|-damage|p2a: Rotom|83\/100 brn\n|\n|-heal|p2a: Rotom|89\/100 brn|[from] item: Leftovers\n|-damage|p2a: Rotom|83\/100 brn|[from] brn\n|upkeep\n|turn|98\n|\n|t:|1664722487\n|switch|p1a: Kei|Landorus-Therian, M|33\/100\n|-ability|p1a: Kei|Intimidate|boost\n|-unboost|p2a: Rotom|atk|1\n|move|p2a: Rotom|Hydro Pump|p1a: Kei\n|-supereffective|p1a: Kei\n|-damage|p1a: Kei|0 fnt\n|faint|p1a: Kei\n|\n|-heal|p2a: Rotom|89\/100 brn|[from] item: Leftovers\n|-damage|p2a: Rotom|83\/100 brn|[from] brn\n|upkeep\n|inactive|exlipse has 120 seconds left.\n|\n|t:|1664722511\n|switch|p1a: Magent Magent|Toxapex, M|100\/100\n|-damage|p1a: Magent Magent|88\/100|[from] Spikes\n|turn|99\n|inactive|exlipse has 120 seconds left.\n|\n|t:|1664722523\n|switch|p1a: Damo|Reuniclus, M|65\/100 brn\n|-damage|p1a: Damo|52\/100 brn|[from] Spikes\n|move|p2a: Rotom|Will-O-Wisp|p1a: Damo\n|-fail|p1a: Damo|brn\n|\n|-heal|p2a: Rotom|89\/100 brn|[from] item: Leftovers\n|-damage|p2a: Rotom|83\/100 brn|[from] brn\n|-damage|p1a: Damo|46\/100 brn|[from] brn\n|upkeep\n|turn|100\n|inactive|exlipse has 120 seconds left.\n|\n|t:|1664722534\n|switch|p1a: Magent Magent|Toxapex, M|100\/100\n|-damage|p1a: Magent Magent|88\/100|[from] Spikes\n|move|p2a: Rotom|Volt Switch|p1a: Magent Magent\n|-supereffective|p1a: Magent Magent\n|-damage|p1a: Magent Magent|44\/100\n|\n|t:|1664722539\n|switch|p2a: Ferrothorn|Ferrothorn, M, shiny|100\/100|[from]move: Volt Switch\n|\n|upkeep\n|turn|101\n|\n|t:|1664722542\n|switch|p1a: Corviknight|Corviknight, F|87\/100\n|-ability|p1a: Corviknight|Pressure\n|switch|p2a: Rotom|Rotom-Wash, shiny|83\/100 brn\n|\n|-heal|p2a: Rotom|89\/100 brn|[from] item: Leftovers\n|-damage|p2a: Rotom|83\/100 brn|[from] brn\n|upkeep\n|turn|102\n|j| faatbatman\n|\n|t:|1664722549\n|switch|p1a: Magent Magent|Toxapex, M|77\/100\n|-damage|p1a: Magent Magent|65\/100|[from] Spikes\n|move|p2a: Rotom|Will-O-Wisp|p1a: Magent Magent\n|-status|p1a: Magent Magent|brn\n|\n|-heal|p2a: Rotom|89\/100 brn|[from] item: Leftovers\n|-damage|p2a: Rotom|83\/100 brn|[from] brn\n|-damage|p1a: Magent Magent|58\/100 brn|[from] brn\n|upkeep\n|turn|103\n|\n|t:|1664722555\n|switch|p1a: Corviknight|Corviknight, F|87\/100\n|-ability|p1a: Corviknight|Pressure\n|move|p2a: Rotom|Volt Switch|p1a: Corviknight\n|-supereffective|p1a: Corviknight\n|-damage|p1a: Corviknight|54\/100\n|\n|t:|1664722560\n|switch|p2a: Ferrothorn|Ferrothorn, M, shiny|100\/100|[from]move: Volt Switch\n|\n|upkeep\n|turn|104\n|\n|t:|1664722568\n|switch|p1a: Magent Magent|Toxapex, M|92\/100 brn\n|-damage|p1a: Magent Magent|79\/100 brn|[from] Spikes\n|move|p2a: Ferrothorn|Leech Seed|p1a: Magent Magent\n|-start|p1a: Magent Magent|move: Leech Seed\n|\n|-damage|p1a: Magent Magent|67\/100 brn|[from] Leech Seed|[of] p2a: Ferrothorn\n|-damage|p1a: Magent Magent|60\/100 brn|[from] brn\n|upkeep\n|turn|105\n|\n|t:|1664722576\n|switch|p1a: Corviknight|Corviknight, F|54\/100\n|-ability|p1a: Corviknight|Pressure\n|move|p2a: Ferrothorn|Spikes|p1a: Corviknight\n|-sidestart|p1: exlipse|Spikes\n|\n|upkeep\n|turn|106\n|\n|t:|1664722582\n|move|p1a: Corviknight|Defog|p2a: Ferrothorn\n|-unboost|p2a: Ferrothorn|evasion|1\n|-sideend|p1: exlipse|Spikes|[from] move: Defog|[of] p1a: Corviknight\n|move|p2a: Ferrothorn|Spikes|p1a: Corviknight\n|-sidestart|p1: exlipse|Spikes\n|\n|upkeep\n|turn|107\n|l| sufy512\n|\n|t:|1664722588\n|switch|p2a: Clefable|Clefable, F, shiny|69\/100 brn\n|move|p1a: Corviknight|Defog|p2a: Clefable\n|-unboost|p2a: Clefable|evasion|1\n|-sideend|p1: exlipse|Spikes|[from] move: Defog|[of] p1a: Corviknight\n|\n|upkeep\n|turn|108\n|\n|t:|1664722593\n|switch|p1a: Carne|Clefable, F|76\/100\n|move|p2a: Clefable|Wish|p2a: Clefable\n|\n|-heal|p1a: Carne|82\/100|[from] item: Leftovers\n|upkeep\n|turn|109\n|\n|t:|1664722600\n|switch|p2a: Ferrothorn|Ferrothorn, M, shiny|100\/100\n|move|p1a: Carne|Aromatherapy|p1a: Carne\n|-activate|p1a: Carne|move: Aromatherapy\n|-curestatus|p1: Magent Magent|brn|[msg]\n|-curestatus|p1: Damo|brn|[msg]\n|\n|-heal|p1a: Carne|88\/100|[from] item: Leftovers\n|upkeep\n|turn|110\n|\n|t:|1664722611\n|move|p1a: Carne|Wish|p1a: Carne\n|move|p2a: Ferrothorn|Spikes|p1a: Carne\n|-sidestart|p1: exlipse|Spikes\n|\n|-heal|p1a: Carne|94\/100|[from] item: Leftovers\n|upkeep\n|turn|111\n|\n|t:|1664722626\n|switch|p1a: Corviknight|Corviknight, F|54\/100\n|-ability|p1a: Corviknight|Pressure\n|move|p2a: Ferrothorn|Leech Seed|p1a: Corviknight\n|-start|p1a: Corviknight|move: Leech Seed\n|\n|-heal|p1a: Corviknight|100\/100|[from] move: Wish|[wisher] Carne\n|-damage|p1a: Corviknight|88\/100|[from] Leech Seed|[of] p2a: Ferrothorn\n|upkeep\n|turn|112\n|\n|t:|1664722634\n|switch|p1a: Magent Magent|Toxapex, M|94\/100\n|-damage|p1a: Magent Magent|81\/100|[from] Spikes\n|switch|p2a: Garchomp|Garchomp, M, shiny|59\/100\n|\n|upkeep\n|turn|113\n|\n|t:|1664722641\n|switch|p1a: Corviknight|Corviknight, F|88\/100\n|-ability|p1a: Corviknight|Pressure\n|move|p2a: Garchomp|Stealth Rock|p1a: Corviknight\n|-sidestart|p1: exlipse|move: Stealth Rock\n|\n|upkeep\n|turn|114\n|\n|t:|1664722647\n|switch|p2a: Rotom|Rotom-Wash, shiny|83\/100 brn\n|move|p1a: Corviknight|Defog|p2a: Rotom\n|-unboost|p2a: Rotom|evasion|1\n|-sideend|p1: exlipse|Spikes|[from] move: Defog|[of] p1a: Corviknight\n|-sideend|p1: exlipse|Stealth Rock|[from] move: Defog|[of] p1a: Corviknight\n|\n|-heal|p2a: Rotom|89\/100 brn|[from] item: Leftovers\n|-damage|p2a: Rotom|83\/100 brn|[from] brn\n|upkeep\n|turn|115\n|\n|t:|1664722653\n|switch|p1a: Magent Magent|Toxapex, M|100\/100\n|move|p2a: Rotom|Will-O-Wisp|p1a: Magent Magent\n|-status|p1a: Magent Magent|brn\n|\n|-heal|p2a: Rotom|89\/100 brn|[from] item: Leftovers\n|-damage|p2a: Rotom|83\/100 brn|[from] brn\n|-damage|p1a: Magent Magent|94\/100 brn|[from] brn\n|upkeep\n|turn|116\n|\n|t:|1664722658\n|switch|p1a: Damo|Reuniclus, M|80\/100\n|move|p2a: Rotom|Volt Switch|p1a: Damo\n|-damage|p1a: Damo|62\/100\n|\n|t:|1664722665\n|switch|p2a: Tornadus|Tornadus-Therian, M, shiny|100\/100|[from]move: Volt Switch\n|\n|upkeep\n|turn|117\n|\n|t:|1664722669\n|move|p2a: Tornadus|U-turn|p1a: Damo\n|-supereffective|p1a: Damo\n|-damage|p1a: Damo|32\/100\n|\n|t:|1664722672\n|switch|p2a: Garchomp|Garchomp, M, shiny|59\/100|[from]move: U-turn\n|move|p1a: Damo|Future Sight|p2a: Garchomp\n|-start|p1a: Damo|move: Future Sight\n|\n|upkeep\n|turn|118\n|\n|t:|1664722677\n|switch|p1a: Corviknight|Corviknight, F|88\/100\n|-ability|p1a: Corviknight|Pressure\n|move|p2a: Garchomp|Stealth Rock|p1a: Corviknight\n|-sidestart|p1: exlipse|move: Stealth Rock\n|\n|upkeep\n|turn|119\n|\n|t:|1664722687\n|switch|p2a: Ferrothorn|Ferrothorn, M, shiny|100\/100\n|move|p1a: Corviknight|Defog|p2a: Ferrothorn\n|-unboost|p2a: Ferrothorn|evasion|1\n|-sideend|p1: exlipse|Stealth Rock|[from] move: Defog|[of] p1a: Corviknight\n|\n|-end|p2a: Ferrothorn|move: Future Sight\n|-resisted|p2a: Ferrothorn\n|-damage|p2a: Ferrothorn|82\/100\n|upkeep\n|turn|120\n|\n|t:|1664722695\n|move|p1a: Corviknight|Bulk Up|p1a: Corviknight\n|-boost|p1a: Corviknight|atk|1\n|-boost|p1a: Corviknight|def|1\n|move|p2a: Ferrothorn|Spikes|p1a: Corviknight\n|-sidestart|p1: exlipse|Spikes\n|\n|upkeep\n|turn|121\n|\n|t:|1664722700\n|switch|p2a: Rotom|Rotom-Wash, shiny|83\/100 brn\n|move|p1a: Corviknight|Bulk Up|p1a: Corviknight\n|-boost|p1a: Corviknight|atk|1\n|-boost|p1a: Corviknight|def|1\n|\n|-heal|p2a: Rotom|89\/100 brn|[from] item: Leftovers\n|-damage|p2a: Rotom|83\/100 brn|[from] brn\n|upkeep\n|turn|122\n|\n|t:|1664722707\n|switch|p1a: Damo|Reuniclus, M|65\/100\n|-damage|p1a: Damo|53\/100|[from] Spikes\n|move|p2a: Rotom|Volt Switch|p1a: Damo\n|-damage|p1a: Damo|36\/100\n|\n|t:|1664722722\n|switch|p2a: Garchomp|Garchomp, M, shiny|59\/100|[from]move: Volt Switch\n|\n|upkeep\n|turn|123\n|\n|t:|1664722729\n|switch|p1a: Corviknight|Corviknight, F|88\/100\n|-ability|p1a: Corviknight|Pressure\n|move|p2a: Garchomp|Earthquake|p1a: Corviknight\n|-immune|p1a: Corviknight\n|\n|upkeep\n|turn|124\n|\n|t:|1664722742\n|switch|p2a: Clefable|Clefable, F, shiny|69\/100 brn\n|switch|p1a: Magent Magent|Toxapex, M|100\/100 brn\n|-damage|p1a: Magent Magent|88\/100 brn|[from] Spikes\n|\n|-damage|p1a: Magent Magent|82\/100 brn|[from] brn\n|upkeep\n|turn|125\n|\n|t:|1664722745\n|switch|p1a: Corviknight|Corviknight, F|88\/100\n|-ability|p1a: Corviknight|Pressure\n|move|p2a: Clefable|Wish|p2a: Clefable\n|\n|upkeep\n|turn|126\n|\n|t:|1664722756\n|switch|p1a: Magent Magent|Toxapex, M|100\/100 brn\n|-damage|p1a: Magent Magent|88\/100 brn|[from] Spikes\n|switch|p2a: Garchomp|Garchomp, M, shiny|59\/100\n|\n|-heal|p2a: Garchomp|100\/100|[from] move: Wish|[wisher] Clefable\n|-damage|p1a: Magent Magent|82\/100 brn|[from] brn\n|upkeep\n|turn|127\n|\n|t:|1664722762\n|switch|p1a: Corviknight|Corviknight, F|88\/100\n|-ability|p1a: Corviknight|Pressure\n|move|p2a: Garchomp|Stealth Rock|p1a: Corviknight\n|-sidestart|p1: exlipse|move: Stealth Rock\n|\n|upkeep\n|turn|128\n|\n|t:|1664722768\n|move|p2a: Garchomp|Protect|p2a: Garchomp\n|-singleturn|p2a: Garchomp|Protect\n|move|p1a: Corviknight|Defog|p2a: Garchomp\n|-activate|p2a: Garchomp|move: Protect\n|\n|upkeep\n|turn|129\n|\n|t:|1664722774\n|move|p2a: Garchomp|Protect|p2a: Garchomp\n|-singleturn|p2a: Garchomp|Protect\n|move|p1a: Corviknight|Defog|p2a: Garchomp\n|-activate|p2a: Garchomp|move: Protect\n|\n|upkeep\n|turn|130\n|l|+Milo\n|\n|t:|1664722782\n|move|p2a: Garchomp|Earthquake|p1a: Corviknight\n|-immune|p1a: Corviknight\n|move|p1a: Corviknight|Defog|p2a: Garchomp\n|-unboost|p2a: Garchomp|evasion|1\n|-sideend|p1: exlipse|Spikes|[from] move: Defog|[of] p1a: Corviknight\n|-sideend|p1: exlipse|Stealth Rock|[from] move: Defog|[of] p1a: Corviknight\n|\n|upkeep\n|turn|131\n|\n|t:|1664722789\n|move|p2a: Garchomp|Stealth Rock|p1a: Corviknight\n|-sidestart|p1: exlipse|move: Stealth Rock\n|move|p1a: Corviknight|Bulk Up|p1a: Corviknight\n|-boost|p1a: Corviknight|atk|1\n|-boost|p1a: Corviknight|def|1\n|\n|upkeep\n|turn|132\n|\n|t:|1664722793\n|switch|p2a: Rotom|Rotom-Wash, shiny|83\/100 brn\n|move|p1a: Corviknight|Bulk Up|p1a: Corviknight\n|-boost|p1a: Corviknight|atk|1\n|-boost|p1a: Corviknight|def|1\n|\n|-heal|p2a: Rotom|89\/100 brn|[from] item: Leftovers\n|-damage|p2a: Rotom|83\/100 brn|[from] brn\n|upkeep\n|turn|133\n|\n|t:|1664722806\n|move|p2a: Rotom|Will-O-Wisp|p1a: Corviknight\n|-status|p1a: Corviknight|brn\n|move|p1a: Corviknight|Brave Bird|p2a: Rotom\n|-resisted|p2a: Rotom\n|-damage|p2a: Rotom|68\/100 brn\n|-damage|p1a: Corviknight|84\/100 brn|[from] Recoil\n|\n|-heal|p2a: Rotom|74\/100 brn|[from] item: Leftovers\n|-damage|p2a: Rotom|68\/100 brn|[from] brn\n|-damage|p1a: Corviknight|78\/100 brn|[from] brn\n|upkeep\n|turn|134\n|\n|t:|1664722814\n|switch|p1a: Magent Magent|Toxapex, M|100\/100 brn\n|-damage|p1a: Magent Magent|88\/100 brn|[from] Stealth Rock\n|move|p2a: Rotom|Volt Switch|p1a: Magent Magent\n|-supereffective|p1a: Magent Magent\n|-damage|p1a: Magent Magent|48\/100 brn\n|\n|t:|1664722819\n|switch|p2a: Slowking|Slowking-Galar, M, shiny|97\/100|[from]move: Volt Switch\n|\n|-heal|p2a: Slowking|100\/100|[from] item: Leftovers\n|-damage|p1a: Magent Magent|42\/100 brn|[from] brn\n|upkeep\n|turn|135\n|\n|t:|1664722829\n|switch|p1a: Carne|Clefable, F|94\/100\n|-damage|p1a: Carne|82\/100|[from] Stealth Rock\n|move|p2a: Slowking|Nasty Plot|p2a: Slowking\n|-boost|p2a: Slowking|spa|2\n|\n|-heal|p1a: Carne|88\/100|[from] item: Leftovers\n|upkeep\n|turn|136\n|\n|t:|1664722835\n|move|p1a: Carne|Protect|p1a: Carne\n|-singleturn|p1a: Carne|Protect\n|move|p2a: Slowking|Sludge Bomb|p1a: Carne\n|-activate|p1a: Carne|move: Protect\n|\n|-heal|p1a: Carne|94\/100|[from] item: Leftovers\n|upkeep\n|turn|137\n|\n|t:|1664722839\n|switch|p1a: Corviknight|Corviknight, F|78\/100 brn\n|-damage|p1a: Corviknight|65\/100 brn|[from] Stealth Rock\n|-ability|p1a: Corviknight|Pressure\n|move|p2a: Slowking|Nasty Plot|p2a: Slowking\n|-boost|p2a: Slowking|spa|2\n|\n|-damage|p1a: Corviknight|59\/100 brn|[from] brn\n|upkeep\n|turn|138\n|\n|t:|1664722851\n|move|p1a: Corviknight|Defog|p2a: Slowking\n|-unboost|p2a: Slowking|evasion|1\n|-sideend|p1: exlipse|Stealth Rock|[from] move: Defog|[of] p1a: Corviknight\n|move|p2a: Slowking|Nasty Plot|p2a: Slowking\n|-boost|p2a: Slowking|spa|2\n|\n|-damage|p1a: Corviknight|53\/100 brn|[from] brn\n|upkeep\n|turn|139\n|\n|t:|1664722858\n|move|p1a: Corviknight|Roost|p1a: Corviknight\n|-heal|p1a: Corviknight|100\/100 brn\n|-singleturn|p1a: Corviknight|move: Roost\n|move|p2a: Slowking|Sludge Bomb|p1a: Corviknight\n|-immune|p1a: Corviknight\n|\n|-damage|p1a: Corviknight|94\/100 brn|[from] brn\n|upkeep\n|turn|140\n|\n|t:|1664722870\n|move|p1a: Corviknight|Roost|p1a: Corviknight\n|-heal|p1a: Corviknight|100\/100 brn\n|-singleturn|p1a: Corviknight|move: Roost\n|move|p2a: Slowking|Psychic|p1a: Corviknight\n|-resisted|p1a: Corviknight\n|-damage|p1a: Corviknight|55\/100 brn\n|\n|-damage|p1a: Corviknight|49\/100 brn|[from] brn\n|upkeep\n|turn|141\n|\n|t:|1664722879\n|switch|p2a: Garchomp|Garchomp, M, shiny|100\/100\n|move|p1a: Corviknight|Roost|p1a: Corviknight\n|-heal|p1a: Corviknight|99\/100 brn\n|-singleturn|p1a: Corviknight|move: Roost\n|\n|-damage|p1a: Corviknight|93\/100 brn|[from] brn\n|upkeep\n|turn|142\n|\n|t:|1664722883\n|move|p2a: Garchomp|Stealth Rock|p1a: Corviknight\n|-sidestart|p1: exlipse|move: Stealth Rock\n|move|p1a: Corviknight|Bulk Up|p1a: Corviknight\n|-boost|p1a: Corviknight|atk|1\n|-boost|p1a: Corviknight|def|1\n|\n|-damage|p1a: Corviknight|86\/100 brn|[from] brn\n|upkeep\n|turn|143\n|\n|t:|1664722888\n|move|p2a: Garchomp|Protect|p2a: Garchomp\n|-singleturn|p2a: Garchomp|Protect\n|move|p1a: Corviknight|Bulk Up|p1a: Corviknight\n|-boost|p1a: Corviknight|atk|1\n|-boost|p1a: Corviknight|def|1\n|\n|-damage|p1a: Corviknight|80\/100 brn|[from] brn\n|upkeep\n|turn|144\n|\n|t:|1664722896\n|move|p2a: Garchomp|Protect||[still]\n|-fail|p2a: Garchomp\n|move|p1a: Corviknight|Defog|p2a: Garchomp\n|-unboost|p2a: Garchomp|evasion|1\n|-sideend|p1: exlipse|Stealth Rock|[from] move: Defog|[of] p1a: Corviknight\n|\n|-damage|p1a: Corviknight|74\/100 brn|[from] brn\n|upkeep\n|turn|145\n|\n|t:|1664722904\n|switch|p1a: Magent Magent|Toxapex, M|75\/100 brn\n|move|p2a: Garchomp|Stealth Rock|p1a: Magent Magent\n|-sidestart|p1: exlipse|move: Stealth Rock\n|\n|-damage|p1a: Magent Magent|69\/100 brn|[from] brn\n|upkeep\n|turn|146\n|\n|t:|1664722908\n|switch|p2a: Rotom|Rotom-Wash, shiny|68\/100 brn\n|switch|p1a: Carne|Clefable, F|94\/100\n|-damage|p1a: Carne|82\/100|[from] Stealth Rock\n|\n|-heal|p2a: Rotom|74\/100 brn|[from] item: Leftovers\n|-heal|p1a: Carne|88\/100|[from] item: Leftovers\n|-damage|p2a: Rotom|68\/100 brn|[from] brn\n|upkeep\n|turn|147\n|\n|t:|1664722912\n|move|p1a: Carne|Protect|p1a: Carne\n|-singleturn|p1a: Carne|Protect\n|move|p2a: Rotom|Volt Switch|p1a: Carne\n|-activate|p1a: Carne|move: Protect\n|\n|-heal|p2a: Rotom|74\/100 brn|[from] item: Leftovers\n|-heal|p1a: Carne|94\/100|[from] item: Leftovers\n|-damage|p2a: Rotom|68\/100 brn|[from] brn\n|upkeep\n|turn|148\n|\n|t:|1664722923\n|switch|p2a: Ferrothorn|Ferrothorn, M, shiny|82\/100\n|move|p1a: Carne|Aromatherapy|p1a: Carne\n|-activate|p1a: Carne|move: Aromatherapy\n|-curestatus|p1: Corviknight|brn|[msg]\n|-curestatus|p1: Magent Magent|brn|[msg]\n|\n|-heal|p1a: Carne|99\/100|[from] item: Leftovers\n|upkeep\n|turn|149\n|\n|t:|1664722928\n|switch|p1a: Corviknight|Corviknight, F|74\/100\n|-damage|p1a: Corviknight|61\/100|[from] Stealth Rock\n|-ability|p1a: Corviknight|Pressure\n|move|p2a: Ferrothorn|Spikes|p1a: Corviknight\n|-sidestart|p1: exlipse|Spikes\n|\n|upkeep\n|turn|150\n|\n|t:|1664722935\n|switch|p2a: Garchomp|Garchomp, M, shiny|100\/100\n|move|p1a: Corviknight|Bulk Up|p1a: Corviknight\n|-boost|p1a: Corviknight|atk|1\n|-boost|p1a: Corviknight|def|1\n|\n|upkeep\n|turn|151\n|j| Ug and Nevaeh 2022\n|\n|t:|1664722937\n|switch|p2a: Rotom|Rotom-Wash, shiny|68\/100 brn\n|move|p1a: Corviknight|Bulk Up|p1a: Corviknight\n|-boost|p1a: Corviknight|atk|1\n|-boost|p1a: Corviknight|def|1\n|\n|-heal|p2a: Rotom|74\/100 brn|[from] item: Leftovers\n|-damage|p2a: Rotom|68\/100 brn|[from] brn\n|upkeep\n|turn|152\n|\n|t:|1664722943\n|switch|p1a: Magent Magent|Toxapex, M|100\/100\n|-damage|p1a: Magent Magent|88\/100|[from] Stealth Rock\n|-damage|p1a: Magent Magent|75\/100|[from] Spikes\n|move|p2a: Rotom|Will-O-Wisp|p1a: Magent Magent\n|-status|p1a: Magent Magent|brn\n|\n|-heal|p2a: Rotom|74\/100 brn|[from] item: Leftovers\n|-damage|p2a: Rotom|68\/100 brn|[from] brn\n|-damage|p1a: Magent Magent|69\/100 brn|[from] brn\n|upkeep\n|turn|153\n|\n|t:|1664722955\n|switch|p2a: Ferrothorn|Ferrothorn, M, shiny|82\/100\n|move|p1a: Magent Magent|Recover|p1a: Magent Magent\n|-heal|p1a: Magent Magent|100\/100 brn\n|\n|-damage|p1a: Magent Magent|94\/100 brn|[from] brn\n|upkeep\n|turn|154\n|\n|t:|1664722970\n|switch|p1a: Corviknight|Corviknight, F|61\/100\n|-damage|p1a: Corviknight|49\/100|[from] Stealth Rock\n|-ability|p1a: Corviknight|Pressure\n|move|p2a: Ferrothorn|Leech Seed|p1a: Corviknight\n|-start|p1a: Corviknight|move: Leech Seed\n|\n|-damage|p1a: Corviknight|36\/100|[from] Leech Seed|[of] p2a: Ferrothorn\n|-heal|p2a: Ferrothorn|96\/100|[silent]\n|upkeep\n|turn|155\n|\n|t:|1664722978\n|switch|p2a: Rotom|Rotom-Wash, shiny|68\/100 brn\n|move|p1a: Corviknight|Defog|p2a: Rotom\n|-unboost|p2a: Rotom|evasion|1\n|-sideend|p1: exlipse|Spikes|[from] move: Defog|[of] p1a: Corviknight\n|-sideend|p1: exlipse|Stealth Rock|[from] move: Defog|[of] p1a: Corviknight\n|\n|-heal|p2a: Rotom|74\/100 brn|[from] item: Leftovers\n|-damage|p1a: Corviknight|24\/100|[from] Leech Seed|[of] p2a: Rotom\n|-heal|p2a: Rotom|91\/100 brn|[silent]\n|-damage|p2a: Rotom|85\/100 brn|[from] brn\n|upkeep\n|turn|156\n|\n|t:|1664722983\n|switch|p1a: Carne|Clefable, F|99\/100\n|move|p2a: Rotom|Volt Switch|p1a: Carne\n|-damage|p1a: Carne|75\/100\n|\n|t:|1664722993\n|switch|p2a: Garchomp|Garchomp, M, shiny|100\/100|[from]move: Volt Switch\n|\n|-heal|p1a: Carne|81\/100|[from] item: Leftovers\n|upkeep\n|turn|157\n|\n|t:|1664722996\n|move|p2a: Garchomp|Stealth Rock|p1a: Carne\n|-sidestart|p1: exlipse|move: Stealth Rock\n|move|p1a: Carne|Wish|p1a: Carne\n|\n|-heal|p1a: Carne|88\/100|[from] item: Leftovers\n|upkeep\n|turn|158\n|\n|t:|1664723003\n|switch|p2a: Rotom|Rotom-Wash, shiny|85\/100 brn\n|switch|p1a: Corviknight|Corviknight, F|24\/100\n|-damage|p1a: Corviknight|11\/100|[from] Stealth Rock\n|-ability|p1a: Corviknight|Pressure\n|\n|-heal|p1a: Corviknight|61\/100|[from] move: Wish|[wisher] Carne\n|-heal|p2a: Rotom|91\/100 brn|[from] item: Leftovers\n|-damage|p2a: Rotom|85\/100 brn|[from] brn\n|upkeep\n|turn|159\n|\n|t:|1664723009\n|switch|p1a: Magent Magent|Toxapex, M|100\/100 brn\n|-damage|p1a: Magent Magent|88\/100 brn|[from] Stealth Rock\n|move|p2a: Rotom|Hydro Pump|p1a: Magent Magent\n|-resisted|p1a: Magent Magent\n|-damage|p1a: Magent Magent|73\/100 brn\n|\n|-heal|p2a: Rotom|91\/100 brn|[from] item: Leftovers\n|-damage|p2a: Rotom|85\/100 brn|[from] brn\n|-damage|p1a: Magent Magent|67\/100 brn|[from] brn\n|upkeep\n|turn|160\n|\n|t:|1664723019\n|switch|p2a: Tornadus|Tornadus-Therian, M, shiny|100\/100\n|switch|p1a: Damo|Reuniclus, M|69\/100\n|-damage|p1a: Damo|56\/100|[from] Stealth Rock\n|\n|upkeep\n|turn|161\n|\n|t:|1664723024\n|switch|p1a: Magent Magent|Toxapex, M|99\/100 brn\n|-damage|p1a: Magent Magent|88\/100 brn|[from] Stealth Rock\n|move|p2a: Tornadus|Knock Off|p1a: Magent Magent\n|-damage|p1a: Magent Magent|79\/100 brn\n|\n|-damage|p1a: Magent Magent|73\/100 brn|[from] brn\n|upkeep\n|turn|162\n|\n|t:|1664723030\n|move|p1a: Magent Magent|Baneful Bunker|p1a: Magent Magent\n|-singleturn|p1a: Magent Magent|move: Protect\n|move|p2a: Tornadus|Hurricane|p1a: Magent Magent\n|-activate|p1a: Magent Magent|move: Protect\n|\n|-damage|p1a: Magent Magent|67\/100 brn|[from] brn\n|upkeep\n|turn|163\n|\n|t:|1664723034\n|move|p2a: Tornadus|Hurricane|p1a: Magent Magent\n|-damage|p1a: Magent Magent|33\/100 brn\n|move|p1a: Magent Magent|Recover|p1a: Magent Magent\n|-heal|p1a: Magent Magent|83\/100 brn\n|\n|-damage|p1a: Magent Magent|77\/100 brn|[from] brn\n|upkeep\n|turn|164\n|\n|t:|1664723040\n|switch|p2a: Ferrothorn|Ferrothorn, M, shiny|96\/100\n|move|p1a: Magent Magent|Baneful Bunker||[still]\n|-fail|p1a: Magent Magent\n|\n|-damage|p1a: Magent Magent|71\/100 brn|[from] brn\n|upkeep\n|turn|165\n|\n|t:|1664723046\n|switch|p2a: Rotom|Rotom-Wash, shiny|85\/100 brn\n|move|p1a: Magent Magent|Scald|p2a: Rotom\n|-resisted|p2a: Rotom\n|-damage|p2a: Rotom|77\/100 brn\n|\n|-heal|p2a: Rotom|83\/100 brn|[from] item: Leftovers\n|-damage|p2a: Rotom|77\/100 brn|[from] brn\n|-damage|p1a: Magent Magent|64\/100 brn|[from] brn\n|upkeep\n|turn|166\n|j| PkmnMasterEclipse\n|\n|t:|1664723053\n|switch|p2a: Ferrothorn|Ferrothorn, M, shiny|96\/100\n|switch|p1a: Damo|Reuniclus, M|90\/100\n|-damage|p1a: Damo|77\/100|[from] Stealth Rock\n|\n|upkeep\n|turn|167\n|j| tessa rhydon\n|\n|t:|1664723060\n|switch|p2a: Tornadus|Tornadus-Therian, M, shiny|100\/100\n|move|p1a: Damo|Focus Blast|p2a: Tornadus|[miss]\n|-miss|p1a: Damo|p2a: Tornadus\n|\n|upkeep\n|turn|168\n|\n|t:|1664723066\n|move|p2a: Tornadus|Hurricane|p1a: Damo\n|-damage|p1a: Damo|50\/100\n|move|p1a: Damo|Future Sight|p2a: Tornadus\n|-start|p1a: Damo|move: Future Sight\n|\n|upkeep\n|turn|169\n|\n|t:|1664723071\n|move|p2a: Tornadus|U-turn|p1a: Damo\n|-supereffective|p1a: Damo\n|-damage|p1a: Damo|20\/100\n|\n|t:|1664723079\n|switch|p2a: Garchomp|Garchomp, M, shiny|100\/100|[from]move: U-turn\n|move|p1a: Damo|Psyshock|p2a: Garchomp\n|-damage|p2a: Garchomp|73\/100\n|\n|upkeep\n|turn|170\n|\n|t:|1664723087\n|switch|p2a: Ferrothorn|Ferrothorn, M, shiny|96\/100\n|switch|p1a: Magent Magent|Toxapex, M|98\/100 brn\n|-damage|p1a: Magent Magent|85\/100 brn|[from] Stealth Rock\n|\n|-end|p2a: Ferrothorn|move: Future Sight\n|-resisted|p2a: Ferrothorn\n|-damage|p2a: Ferrothorn|74\/100\n|-damage|p1a: Magent Magent|79\/100 brn|[from] brn\n|upkeep\n|turn|171\n|\n|t:|1664723093\n|switch|p1a: Damo|Reuniclus, M|53\/100\n|-damage|p1a: Damo|41\/100|[from] Stealth Rock\n|move|p2a: Ferrothorn|Spikes|p1a: Damo\n|-sidestart|p1: exlipse|Spikes\n|\n|upkeep\n|turn|172\n|\n|t:|1664723099\n|switch|p1a: Magent Magent|Toxapex, M|100\/100 brn\n|-damage|p1a: Magent Magent|88\/100 brn|[from] Stealth Rock\n|-damage|p1a: Magent Magent|75\/100 brn|[from] Spikes\n|move|p2a: Ferrothorn|Gyro Ball|p1a: Magent Magent\n|-resisted|p1a: Magent Magent\n|-damage|p1a: Magent Magent|69\/100 brn\n|\n|-damage|p1a: Magent Magent|62\/100 brn|[from] brn\n|upkeep\n|turn|173\n|\n|t:|1664723105\n|switch|p1a: Damo|Reuniclus, M|74\/100\n|-damage|p1a: Damo|62\/100|[from] Stealth Rock\n|-damage|p1a: Damo|49\/100|[from] Spikes\n|move|p2a: Ferrothorn|Spikes|p1a: Damo\n|-sidestart|p1: exlipse|Spikes\n|\n|upkeep\n|turn|174\n|\n|t:|1664723112\n|switch|p1a: Corviknight|Corviknight, F|61\/100\n|-damage|p1a: Corviknight|48\/100|[from] Stealth Rock\n|-ability|p1a: Corviknight|Pressure\n|switch|p2a: Tornadus|Tornadus-Therian, M, shiny|100\/100\n|\n|upkeep\n|turn|175\n|\n|t:|1664723119\n|switch|p2a: Rotom|Rotom-Wash, shiny|77\/100 brn\n|move|p1a: Corviknight|Roost|p1a: Corviknight\n|-heal|p1a: Corviknight|98\/100\n|-singleturn|p1a: Corviknight|move: Roost\n|\n|-heal|p2a: Rotom|83\/100 brn|[from] item: Leftovers\n|-damage|p2a: Rotom|77\/100 brn|[from] brn\n|upkeep\n|turn|176\n|\n|t:|1664723129\n|switch|p1a: Magent Magent|Toxapex, M|96\/100 brn\n|-damage|p1a: Magent Magent|83\/100 brn|[from] Stealth Rock\n|-damage|p1a: Magent Magent|67\/100 brn|[from] Spikes\n|move|p2a: Rotom|Pain Split|p1a: Magent Magent\n|-sethp|p1a: Magent Magent|72\/100 brn|[from] move: Pain Split|[silent]\n|-sethp|p2a: Rotom|72\/100 brn|[from] move: Pain Split\n|\n|-heal|p2a: Rotom|78\/100 brn|[from] item: Leftovers\n|-damage|p2a: Rotom|72\/100 brn|[from] brn\n|-damage|p1a: Magent Magent|65\/100 brn|[from] brn\n|upkeep\n|turn|177\n|\n|t:|1664723145\n|switch|p2a: Ferrothorn|Ferrothorn, M, shiny|74\/100\n|move|p1a: Magent Magent|Baneful Bunker||[still]\n|-fail|p1a: Magent Magent\n|\n|-damage|p1a: Magent Magent|59\/100 brn|[from] brn\n|upkeep\n|turn|178\n|\n|t:|1664723158\n|switch|p1a: Corviknight|Corviknight, F|98\/100\n|-damage|p1a: Corviknight|86\/100|[from] Stealth Rock\n|-ability|p1a: Corviknight|Pressure\n|switch|p2a: Rotom|Rotom-Wash, shiny|72\/100 brn\n|\n|-heal|p2a: Rotom|78\/100 brn|[from] item: Leftovers\n|-damage|p2a: Rotom|72\/100 brn|[from] brn\n|upkeep\n|turn|179\n|inactive|exlipse has 120 seconds left.\n|\n|t:|1664723170\n|switch|p1a: Magent Magent|Toxapex, M|92\/100 brn\n|-damage|p1a: Magent Magent|80\/100 brn|[from] Stealth Rock\n|-damage|p1a: Magent Magent|63\/100 brn|[from] Spikes\n|move|p2a: Rotom|Will-O-Wisp|p1a: Magent Magent\n|-fail|p1a: Magent Magent|brn\n|\n|-heal|p2a: Rotom|78\/100 brn|[from] item: Leftovers\n|-damage|p2a: Rotom|72\/100 brn|[from] brn\n|-damage|p1a: Magent Magent|57\/100 brn|[from] brn\n|upkeep\n|turn|180\n|\n|t:|1664723178\n|move|p1a: Magent Magent|Baneful Bunker|p1a: Magent Magent\n|-singleturn|p1a: Magent Magent|move: Protect\n|move|p2a: Rotom|Volt Switch|p1a: Magent Magent\n|-activate|p1a: Magent Magent|move: Protect\n|\n|-heal|p2a: Rotom|78\/100 brn|[from] item: Leftovers\n|-damage|p2a: Rotom|72\/100 brn|[from] brn\n|-damage|p1a: Magent Magent|51\/100 brn|[from] brn\n|upkeep\n|turn|181\n|\n|t:|1664723191\n|switch|p2a: Ferrothorn|Ferrothorn, M, shiny|74\/100\n|move|p1a: Magent Magent|Recover|p1a: Magent Magent\n|-heal|p1a: Magent Magent|100\/100 brn\n|\n|-damage|p1a: Magent Magent|94\/100 brn|[from] brn\n|upkeep\n|turn|182\n|\n|t:|1664723194\n|switch|p1a: Corviknight|Corviknight, F|86\/100\n|-damage|p1a: Corviknight|73\/100|[from] Stealth Rock\n|-ability|p1a: Corviknight|Pressure\n|move|p2a: Ferrothorn|Spikes|p1a: Corviknight\n|-sidestart|p1: exlipse|Spikes\n|\n|upkeep\n|turn|183\n|\n|t:|1664723203\n|switch|p2a: Garchomp|Garchomp, M, shiny|73\/100\n|move|p1a: Corviknight|Defog|p2a: Garchomp\n|-unboost|p2a: Garchomp|evasion|1\n|-sideend|p1: exlipse|Spikes|[from] move: Defog|[of] p1a: Corviknight\n|-sideend|p1: exlipse|Stealth Rock|[from] move: Defog|[of] p1a: Corviknight\n|\n|upkeep\n|turn|184\n|j| amsTan\n|\n|t:|1664723217\n|move|p2a: Garchomp|Stealth Rock|p1a: Corviknight\n|-sidestart|p1: exlipse|move: Stealth Rock\n|move|p1a: Corviknight|Brave Bird|p2a: Garchomp\n|-damage|p2a: Garchomp|43\/100\n|-damage|p1a: Corviknight|61\/100|[from] ability: Rough Skin|[of] p2a: Garchomp\n|-damage|p1a: Corviknight|50\/100|[from] Recoil\n|\n|upkeep\n|turn|185\n|\n|t:|1664723223\n|switch|p2a: Rotom|Rotom-Wash, shiny|72\/100 brn\n|move|p1a: Corviknight|Roost|p1a: Corviknight\n|-heal|p1a: Corviknight|100\/100\n|-singleturn|p1a: Corviknight|move: Roost\n|\n|-heal|p2a: Rotom|78\/100 brn|[from] item: Leftovers\n|-damage|p2a: Rotom|72\/100 brn|[from] brn\n|upkeep\n|turn|186\n|l| amsTan\n|j| amsTan\n|\n|t:|1664723233\n|switch|p2a: Clefable|Clefable, F, shiny|69\/100 brn\n|switch|p1a: Magent Magent|Toxapex, M|100\/100 brn\n|-damage|p1a: Magent Magent|88\/100 brn|[from] Stealth Rock\n|\n|-damage|p1a: Magent Magent|82\/100 brn|[from] brn\n|upkeep\n|turn|187\n|\n|t:|1664723243\n|switch|p1a: Corviknight|Corviknight, F|100\/100\n|-damage|p1a: Corviknight|88\/100|[from] Stealth Rock\n|-ability|p1a: Corviknight|Pressure\n|move|p2a: Clefable|Wish|p2a: Clefable\n|\n|upkeep\n|turn|188\n|j| YSWelcomeToForever\n|l| amsTan\n|inactive|exlipse has 90 seconds left.\n|\n|t:|1664723252\n|switch|p1a: Damo|Reuniclus, M|82\/100\n|-damage|p1a: Damo|70\/100|[from] Stealth Rock\n|switch|p2a: Garchomp|Garchomp, M, shiny|43\/100\n|\n|-heal|p2a: Garchomp|90\/100|[from] move: Wish|[wisher] Clefable\n|upkeep\n|turn|189\n|inactive|exlipse has 90 seconds left.\n|\n|t:|1664723260\n|switch|p1a: Corviknight|Corviknight, F|88\/100\n|-damage|p1a: Corviknight|75\/100|[from] Stealth Rock\n|-ability|p1a: Corviknight|Pressure\n|move|p2a: Garchomp|Toxic|p1a: Corviknight\n|-immune|p1a: Corviknight\n|\n|upkeep\n|turn|190\n|\n|t:|1664723268\n|switch|p2a: Rotom|Rotom-Wash, shiny|72\/100 brn\n|switch|p1a: Magent Magent|Toxapex, M|100\/100 brn\n|-damage|p1a: Magent Magent|88\/100 brn|[from] Stealth Rock\n|\n|-heal|p2a: Rotom|78\/100 brn|[from] item: Leftovers\n|-damage|p2a: Rotom|72\/100 brn|[from] brn\n|-damage|p1a: Magent Magent|82\/100 brn|[from] brn\n|upkeep\n|turn|191\n|\n|t:|1664723276\n|switch|p2a: Ferrothorn|Ferrothorn, M, shiny|74\/100\n|move|p1a: Magent Magent|Scald|p2a: Ferrothorn\n|-resisted|p2a: Ferrothorn\n|-damage|p2a: Ferrothorn|68\/100\n|-status|p2a: Ferrothorn|brn\n|\n|-damage|p1a: Magent Magent|75\/100 brn|[from] brn\n|-damage|p2a: Ferrothorn|61\/100 brn|[from] brn\n|upkeep\n|turn|192\n|j|#ironwater\n|\n|t:|1664723284\n|switch|p1a: Corviknight|Corviknight, F|75\/100\n|-damage|p1a: Corviknight|63\/100|[from] Stealth Rock\n|-ability|p1a: Corviknight|Pressure\n|switch|p2a: Clefable|Clefable, F, shiny|69\/100 brn\n|\n|upkeep\n|turn|193\n|\n|t:|1664723301\n|move|p1a: Corviknight|Brave Bird|p2a: Clefable\n|-damage|p2a: Clefable|41\/100 brn\n|-damage|p1a: Corviknight|46\/100|[from] item: Rocky Helmet|[of] p2a: Clefable\n|-damage|p1a: Corviknight|37\/100|[from] Recoil\n|move|p2a: Clefable|Aromatherapy|p2a: Clefable\n|-activate|p2a: Clefable|move: Aromatherapy\n|-curestatus|p2a: Clefable|brn|[msg]\n|-curestatus|p2: Rotom|brn|[msg]\n|-curestatus|p2: Ferrothorn|brn|[msg]\n|\n|upkeep\n|turn|194\n|inactive|AlIoutdragadarts has 120 seconds left.\n|\n|t:|1664723328\n|move|p1a: Corviknight|Roost|p1a: Corviknight\n|-heal|p1a: Corviknight|87\/100\n|-singleturn|p1a: Corviknight|move: Roost\n|move|p2a: Clefable|Soft-Boiled|p2a: Clefable\n|-heal|p2a: Clefable|91\/100\n|\n|upkeep\n|turn|195\n|inactive|exlipse has 60 seconds left.\n|\n|t:|1664723341\n|switch|p1a: Damo|Reuniclus, M|100\/100\n|-damage|p1a: Damo|88\/100|[from] Stealth Rock\n|switch|p2a: Rotom|Rotom-Wash, shiny|72\/100\n|\n|-heal|p2a: Rotom|78\/100|[from] item: Leftovers\n|upkeep\n|turn|196\n|j| hump\n|c|%Sww-Suwa|Just to let you know we are letting this continue for a little while\n|\n|t:|1664723351\n|switch|p2a: Garchomp|Garchomp, M, shiny|90\/100\n|move|p1a: Damo|Knock Off|p2a: Garchomp\n|-damage|p2a: Garchomp|80\/100\n|-damage|p1a: Damo|75\/100|[from] ability: Rough Skin|[of] p2a: Garchomp\n|\n|upkeep\n|turn|197\n|l| hump\n|c|\u2606AlIoutdragadarts|bruh\n|\n|t:|1664723371\n|switch|p1a: Magent Magent|Toxapex, M|100\/100 brn\n|-damage|p1a: Magent Magent|88\/100 brn|[from] Stealth Rock\n|move|p2a: Garchomp|Toxic||[still]\n|-fail|p2a: Garchomp\n|\n|-damage|p1a: Magent Magent|82\/100 brn|[from] brn\n|upkeep\n|turn|198\n|inactive|AlIoutdragadarts has 90 seconds left.\n|\n|t:|1664723380\n|switch|p1a: Damo|Reuniclus, M|100\/100\n|-damage|p1a: Damo|88\/100|[from] Stealth Rock\n|move|p2a: Garchomp|Earthquake|p1a: Damo\n|-damage|p1a: Damo|42\/100\n|\n|upkeep\n|turn|199\n|c| TheNewBrends11|pp is hardly an issue\n|inactive|AlIoutdragadarts has 90 seconds left.\n|\n|t:|1664723399\n|switch|p2a: Rotom|Rotom-Wash, shiny|78\/100\n|switch|p1a: Magent Magent|Toxapex, M|100\/100 brn\n|-damage|p1a: Magent Magent|88\/100 brn|[from] Stealth Rock\n|\n|-heal|p2a: Rotom|84\/100|[from] item: Leftovers\n|-damage|p1a: Magent Magent|82\/100 brn|[from] brn\n|upkeep\n|turn|200\n|inactive|exlipse has 30 seconds left.\n|\n|t:|1664723420\n|switch|p2a: Ferrothorn|Ferrothorn, M, shiny|61\/100\n|switch|p1a: Damo|Reuniclus, M|76\/100\n|-damage|p1a: Damo|63\/100|[from] Stealth Rock\n|\n|upkeep\n|turn|201\n|inactive|exlipse has 30 seconds left.\n|l| gotsnsd\n|inactive|exlipse has 20 seconds left.\n|\n|t:|1664723436\n|switch|p1a: Corviknight|Corviknight, F|87\/100\n|-damage|p1a: Corviknight|75\/100|[from] Stealth Rock\n|-ability|p1a: Corviknight|Pressure\n|switch|p2a: Tornadus|Tornadus-Therian, M, shiny|100\/100\n|\n|upkeep\n|turn|202\n|inactive|exlipse has 20 seconds left this turn.\n|j| gotsnsd\n|inactive|exlipse has 15 seconds left.\n|\n|t:|1664723443\n|switch|p1a: Magent Magent|Toxapex, M|100\/100 brn\n|-damage|p1a: Magent Magent|88\/100 brn|[from] Stealth Rock\n|move|p2a: Tornadus|U-turn|p1a: Magent Magent\n|-resisted|p1a: Magent Magent\n|-crit|p1a: Magent Magent\n|-damage|p1a: Magent Magent|82\/100 brn\n|inactive|exlipse has 20 seconds left this turn.\n|\n|t:|1664723448\n|switch|p2a: Ferrothorn|Ferrothorn, M, shiny|61\/100|[from]move: U-turn\n|\n|-damage|p1a: Magent Magent|75\/100 brn|[from] brn\n|upkeep\n|turn|203\n|inactive|exlipse has 20 seconds left this turn.\n|\n|t:|1664723451\n|switch|p1a: Carne|Clefable, F|88\/100\n|-damage|p1a: Carne|75\/100|[from] Stealth Rock\n|move|p2a: Ferrothorn|Spikes|p1a: Carne\n|-sidestart|p1: exlipse|Spikes\n|\n|-heal|p1a: Carne|81\/100|[from] item: Leftovers\n|upkeep\n|turn|204\n|inactive|exlipse has 25 seconds left this turn.\n|\n|t:|1664723455\n|move|p1a: Carne|Wish|p1a: Carne\n|move|p2a: Ferrothorn|Knock Off|p1a: Carne\n|-resisted|p1a: Carne\n|-damage|p1a: Carne|73\/100\n|-enditem|p1a: Carne|Leftovers|[from] move: Knock Off|[of] p2a: Ferrothorn\n|\n|upkeep\n|turn|205\n|inactive|exlipse has 25 seconds left this turn.\n|inactive|exlipse has 20 seconds left.\n|\n|t:|1664723466\n|switch|p1a: Corviknight|Corviknight, F|75\/100\n|-damage|p1a: Corviknight|62\/100|[from] Stealth Rock\n|-ability|p1a: Corviknight|Pressure\n|switch|p2a: Tornadus|Tornadus-Therian, M, shiny|100\/100\n|\n|-heal|p1a: Corviknight|100\/100|[from] move: Wish|[wisher] Carne\n|upkeep\n|turn|206\n|inactive|exlipse has 25 seconds left this turn.\n|inactive|exlipse has 20 seconds left.\n|\n|t:|1664723476\n|switch|p2a: Garchomp|Garchomp, M, shiny|80\/100\n|move|p1a: Corviknight|Bulk Up|p1a: Corviknight\n|-boost|p1a: Corviknight|atk|1\n|-boost|p1a: Corviknight|def|1\n|\n|upkeep\n|turn|207\n|inactive|exlipse has 20 seconds left this turn.\n|inactive|exlipse has 15 seconds left.\n|\n|t:|1664723483\n|switch|p2a: Rotom|Rotom-Wash, shiny|84\/100\n|move|p1a: Corviknight|Brave Bird|p2a: Rotom\n|-resisted|p2a: Rotom\n|-damage|p2a: Rotom|62\/100\n|-damage|p1a: Corviknight|95\/100|[from] Recoil\n|\n|-heal|p2a: Rotom|68\/100|[from] item: Leftovers\n|upkeep\n|turn|208\n|inactive|exlipse has 20 seconds left this turn.\n|inactive|exlipse has 15 seconds left.\n|inactive|exlipse has 10 seconds left.\n|\n|t:|1664723493\n|switch|p1a: Magent Magent|Toxapex, M|100\/100 brn\n|-damage|p1a: Magent Magent|88\/100 brn|[from] Stealth Rock\n|-damage|p1a: Magent Magent|75\/100 brn|[from] Spikes\n|move|p2a: Rotom|Pain Split|p1a: Magent Magent\n|-sethp|p1a: Magent Magent|72\/100 brn|[from] move: Pain Split|[silent]\n|-sethp|p2a: Rotom|72\/100|[from] move: Pain Split\n|\n|-heal|p2a: Rotom|78\/100|[from] item: Leftovers\n|-damage|p1a: Magent Magent|65\/100 brn|[from] brn\n|upkeep\n|turn|209\n|inactive|exlipse has 10 seconds left this turn.\n|l| gotsnsd\n|\n|t:|1664723501\n|switch|p2a: Slowking|Slowking-Galar, M, shiny|100\/100\n|move|p1a: Magent Magent|Recover|p1a: Magent Magent\n|-heal|p1a: Magent Magent|100\/100 brn\n|\n|-damage|p1a: Magent Magent|94\/100 brn|[from] brn\n|upkeep\n|turn|210\n|inactive|exlipse has 15 seconds left this turn.\n|\n|t:|1664723506\n|switch|p1a: Corviknight|Corviknight, F|95\/100\n|-damage|p1a: Corviknight|83\/100|[from] Stealth Rock\n|-ability|p1a: Corviknight|Pressure\n|move|p2a: Slowking|Nasty Plot|p2a: Slowking\n|-boost|p2a: Slowking|spa|2\n|\n|upkeep\n|turn|211\n|inactive|exlipse has 15 seconds left this turn.\n|inactive|exlipse has 10 seconds left.\n|\n|t:|1664723512\n|move|p1a: Corviknight|Bulk Up|p1a: Corviknight\n|-boost|p1a: Corviknight|atk|1\n|-boost|p1a: Corviknight|def|1\n|move|p2a: Slowking|Nasty Plot|p2a: Slowking\n|-boost|p2a: Slowking|spa|2\n|\n|upkeep\n|turn|212\n|inactive|exlipse has 15 seconds left this turn.\n|\n|t:|1664723517\n|move|p1a: Corviknight|Bulk Up|p1a: Corviknight\n|-boost|p1a: Corviknight|atk|1\n|-boost|p1a: Corviknight|def|1\n|move|p2a: Slowking|Nasty Plot|p2a: Slowking\n|-boost|p2a: Slowking|spa|2\n|\n|upkeep\n|turn|213\n|inactive|exlipse has 15 seconds left this turn.\n|inactive|exlipse has 10 seconds left.\n|\n|t:|1664723522\n|move|p1a: Corviknight|Bulk Up|p1a: Corviknight\n|-boost|p1a: Corviknight|atk|1\n|-boost|p1a: Corviknight|def|1\n|move|p2a: Slowking|Psychic|p1a: Corviknight\n|-resisted|p1a: Corviknight\n|-damage|p1a: Corviknight|38\/100\n|\n|upkeep\n|turn|214\n|inactive|exlipse has 15 seconds left this turn.\n|\n|t:|1664723527\n|move|p1a: Corviknight|Roost|p1a: Corviknight\n|-heal|p1a: Corviknight|88\/100\n|-singleturn|p1a: Corviknight|move: Roost\n|move|p2a: Slowking|Psychic|p1a: Corviknight\n|-resisted|p1a: Corviknight\n|-damage|p1a: Corviknight|42\/100\n|\n|upkeep\n|turn|215\n|inactive|exlipse has 15 seconds left this turn.\n|inactive|exlipse has 10 seconds left.\n|inactive|AlIoutdragadarts has 90 seconds left.\n|\n|t:|1664723533\n|move|p1a: Corviknight|Roost|p1a: Corviknight\n|-heal|p1a: Corviknight|92\/100\n|-singleturn|p1a: Corviknight|move: Roost\n|move|p2a: Slowking|Psychic|p1a: Corviknight\n|-resisted|p1a: Corviknight\n|-damage|p1a: Corviknight|47\/100\n|\n|upkeep\n|turn|216\n|inactive|exlipse has 15 seconds left this turn.\n|inactive|exlipse has 10 seconds left.\n|\n|t:|1664723540\n|switch|p2a: Rotom|Rotom-Wash, shiny|78\/100\n|move|p1a: Corviknight|Bulk Up|p1a: Corviknight\n|-boost|p1a: Corviknight|atk|1\n|-boost|p1a: Corviknight|def|1\n|\n|-heal|p2a: Rotom|84\/100|[from] item: Leftovers\n|upkeep\n|turn|217\n|inactive|exlipse has 10 seconds left this turn.\n|inactive|AlIoutdragadarts has 90 seconds left.\n|\n|t:|1664723545\n|move|p2a: Rotom|Will-O-Wisp|p1a: Corviknight\n|-status|p1a: Corviknight|brn\n|move|p1a: Corviknight|Roost|p1a: Corviknight\n|-heal|p1a: Corviknight|97\/100 brn\n|-singleturn|p1a: Corviknight|move: Roost\n|\n|-heal|p2a: Rotom|90\/100|[from] item: Leftovers\n|-damage|p1a: Corviknight|91\/100 brn|[from] brn\n|upkeep\n|turn|218\n|inactive|exlipse has 15 seconds left this turn.\n|inactive|exlipse has 10 seconds left.\n|inactive|AlIoutdragadarts has 90 seconds left.\n|\n|t:|1664723556\n|switch|p1a: Damo|Reuniclus, M|96\/100\n|-damage|p1a: Damo|84\/100|[from] Stealth Rock\n|-damage|p1a: Damo|71\/100|[from] Spikes\n|move|p2a: Rotom|Volt Switch|p1a: Damo\n|-damage|p1a: Damo|56\/100\n|inactive|exlipse has 10 seconds left this turn.\n|\n|t:|1664723560\n|switch|p2a: Tornadus|Tornadus-Therian, M, shiny|100\/100|[from]move: Volt Switch\n|\n|upkeep\n|turn|219\n|inactive|exlipse has 15 seconds left this turn.\n|inactive|exlipse has 10 seconds left.\n|\n|t:|1664723566\n|move|p2a: Tornadus|Hurricane|p1a: Damo\n|-damage|p1a: Damo|31\/100\n|move|p1a: Damo|Future Sight|p2a: Tornadus\n|-start|p1a: Damo|move: Future Sight\n|\n|upkeep\n|turn|220\n|inactive|exlipse has 10 seconds left this turn.\n|l| PkmnMasterEclipse\n|\n|t:|1664723571\n|switch|p1a: Magent Magent|Toxapex, M|100\/100 brn\n|-damage|p1a: Magent Magent|88\/100 brn|[from] Stealth Rock\n|-damage|p1a: Magent Magent|75\/100 brn|[from] Spikes\n|move|p2a: Tornadus|Hurricane|p1a: Magent Magent\n|-damage|p1a: Magent Magent|41\/100 brn\n|-start|p1a: Magent Magent|confusion\n|\n|-damage|p1a: Magent Magent|35\/100 brn|[from] brn\n|upkeep\n|turn|221\n|inactive|exlipse has 15 seconds left this turn.\n|\n|t:|1664723579\n|switch|p1a: Damo|Reuniclus, M|64\/100\n|-damage|p1a: Damo|51\/100|[from] Stealth Rock\n|-damage|p1a: Damo|39\/100|[from] Spikes\n|move|p2a: Tornadus|Hurricane|p1a: Damo\n|-damage|p1a: Damo|12\/100\n|\n|-end|p2a: Tornadus|move: Future Sight\n|-damage|p2a: Tornadus|52\/100\n|upkeep\n|turn|222\n|inactive|exlipse has 15 seconds left this turn.\n|inactive|exlipse has 10 seconds left.\n|\n|t:|1664723587\n|switch|p1a: Magent Magent|Toxapex, M|68\/100 brn\n|-damage|p1a: Magent Magent|55\/100 brn|[from] Stealth Rock\n|-damage|p1a: Magent Magent|43\/100 brn|[from] Spikes\n|move|p2a: Tornadus|Hurricane|p1a: Magent Magent\n|-damage|p1a: Magent Magent|11\/100 brn\n|-start|p1a: Magent Magent|confusion\n|\n|-damage|p1a: Magent Magent|5\/100 brn|[from] brn\n|upkeep\n|turn|223\n|inactive|exlipse has 15 seconds left this turn.\n|inactive|exlipse has 10 seconds left.\n|j| gotsnsd\n|\n|t:|1664723601\n|switch|p1a: Corviknight|Corviknight, F|91\/100 brn\n|-damage|p1a: Corviknight|79\/100 brn|[from] Stealth Rock\n|-ability|p1a: Corviknight|Pressure\n|move|p2a: Tornadus|U-turn|p1a: Corviknight\n|-resisted|p1a: Corviknight\n|-damage|p1a: Corviknight|76\/100 brn\n|inactive|exlipse has 10 seconds left this turn.\n|\n|t:|1664723604\n|switch|p2a: Rotom|Rotom-Wash, shiny|90\/100|[from]move: U-turn\n|\n|-heal|p2a: Rotom|96\/100|[from] item: Leftovers\n|-damage|p1a: Corviknight|69\/100 brn|[from] brn\n|upkeep\n|turn|224\n|inactive|exlipse has 15 seconds left this turn.\n|\n|t:|1664723607\n|move|p2a: Rotom|Volt Switch|p1a: Corviknight\n|-supereffective|p1a: Corviknight\n|-damage|p1a: Corviknight|33\/100 brn\n|inactive|exlipse has 15 seconds left this turn.\n|\n|t:|1664723612\n|switch|p2a: Tornadus|Tornadus-Therian, M, shiny|85\/100|[from]move: Volt Switch\n|move|p1a: Corviknight|Bulk Up|p1a: Corviknight\n|-boost|p1a: Corviknight|atk|1\n|-boost|p1a: Corviknight|def|1\n|\n|-damage|p1a: Corviknight|27\/100 brn|[from] brn\n|upkeep\n|turn|225\n|inactive|exlipse has 20 seconds left this turn.\n|inactive|exlipse has 15 seconds left.\n|\n|t:|1664723618\n|move|p2a: Tornadus|U-turn|p1a: Corviknight\n|-resisted|p1a: Corviknight\n|-damage|p1a: Corviknight|25\/100 brn\n|inactive|exlipse has 15 seconds left this turn.\n|j| cdgedp\n|\n|t:|1664723621\n|switch|p2a: Rotom|Rotom-Wash, shiny|96\/100|[from]move: U-turn\n|move|p1a: Corviknight|Roost|p1a: Corviknight\n|-heal|p1a: Corviknight|75\/100 brn\n|-singleturn|p1a: Corviknight|move: Roost\n|\n|-heal|p2a: Rotom|100\/100|[from] item: Leftovers\n|-damage|p1a: Corviknight|68\/100 brn|[from] brn\n|upkeep\n|turn|226\n|inactive|exlipse has 20 seconds left this turn.\n|\n|t:|1664723625\n|move|p2a: Rotom|Volt Switch|p1a: Corviknight\n|-supereffective|p1a: Corviknight\n|-damage|p1a: Corviknight|32\/100 brn\n|inactive|exlipse has 20 seconds left this turn.\n|\n|t:|1664723629\n|switch|p2a: Garchomp|Garchomp, M, shiny|80\/100|[from]move: Volt Switch\n|move|p1a: Corviknight|Defog|p2a: Garchomp\n|-unboost|p2a: Garchomp|evasion|1\n|-sideend|p1: exlipse|Spikes|[from] move: Defog|[of] p1a: Corviknight\n|-sideend|p1: exlipse|Stealth Rock|[from] move: Defog|[of] p1a: Corviknight\n|\n|-damage|p1a: Corviknight|26\/100 brn|[from] brn\n|upkeep\n|turn|227\n|inactive|exlipse has 25 seconds left this turn.\n|\n|t:|1664723633\n|switch|p1a: Carne|Clefable, F|73\/100\n|move|p2a: Garchomp|Stealth Rock|p1a: Carne\n|-sidestart|p1: exlipse|move: Stealth Rock\n|\n|upkeep\n|turn|228\n|inactive|exlipse has 25 seconds left this turn.\n|inactive|AlIoutdragadarts has 90 seconds left.\n|\n|t:|1664723652\n|switch|p2a: Ferrothorn|Ferrothorn, M, shiny|61\/100\n|move|p1a: Carne|Wish|p1a: Carne\n|\n|upkeep\n|turn|229\n|inactive|exlipse has 30 seconds left this turn.\n|\n|t:|1664723666\n|move|p1a: Carne|Aromatherapy|p1a: Carne\n|-activate|p1a: Carne|move: Aromatherapy\n|-curestatus|p1: Corviknight|brn|[msg]\n|-curestatus|p1: Magent Magent|brn|[msg]\n|move|p2a: Ferrothorn|Gyro Ball|p1a: Carne\n|-supereffective|p1a: Carne\n|-damage|p1a: Carne|20\/100\n|\n|-heal|p1a: Carne|70\/100|[from] move: Wish|[wisher] Carne\n|upkeep\n|turn|230\n|inactive|exlipse has 25 seconds left this turn.\n|inactive|exlipse has 20 seconds left.\n|\n|t:|1664723674\n|move|p1a: Carne|Protect|p1a: Carne\n|-singleturn|p1a: Carne|Protect\n|move|p2a: Ferrothorn|Leech Seed|p1a: Carne\n|-activate|p1a: Carne|move: Protect\n|\n|upkeep\n|turn|231\n|inactive|exlipse has 25 seconds left this turn.\n|j| DuGuo\n|\n|t:|1664723679\n|move|p1a: Carne|Wish|p1a: Carne\n|move|p2a: Ferrothorn|Spikes|p1a: Carne\n|-sidestart|p1: exlipse|Spikes\n|\n|upkeep\n|turn|232\n|inactive|exlipse has 25 seconds left this turn.\n|\n|t:|1664723686\n|switch|p1a: Corviknight|Corviknight, F|26\/100\n|-damage|p1a: Corviknight|14\/100|[from] Stealth Rock\n|-ability|p1a: Corviknight|Pressure\n|move|p2a: Ferrothorn|Gyro Ball|p1a: Corviknight\n|-resisted|p1a: Corviknight\n|-damage|p1a: Corviknight|0 fnt\n|faint|p1a: Corviknight\n|\n|upkeep\n|inactive|exlipse has 30 seconds left this turn.\n|j| sufys12\n|c|\u2606AlIoutdragadarts|okay\n|c|\u2606exlipse|gg\n|inactive|exlipse has 20 seconds left.\n|-message|exlipse forfeited.\n|\n|win|AlIoutdragadarts\n|inactive|exlipse has 25 seconds left this turn.\n|n|\u2606exlipse|exlipse\n|n|\u2606AlIoutdragadarts|alioutdragadarts\n|n| Sww-Suwa|swwsuwa\n|n| lou dort|loudort\n|n| TheNewBrends11|thenewbrends11\n|n| Ladder Prodigy|ladderprodigy\n|n|+playerW17|playerw17\n|n| faatbatman|faatbatman\n|n| Ug and Nevaeh 2022|ugandnevaeh2022\n|n| tessa rhydon|tessarhydon\n|n| YSWelcomeToForever|yswelcometoforever\n|n|@ironwater|ironwater\n|n| gotsnsd|gotsnsd\n|n| cdgedp|cdgedp\n|n| DuGuo|duguo\n|n| sufys12|sufys12\n|c|\u2606AlIoutdragadarts|gg\n|l| Ladder Prodigy\n|c|\u2606AlIoutdragadarts|finally\n|l| YSWelcomeToForever\n|l| lou dort\n|l| Sww-Suwa\n|l| gotsnsd\n|l| Ug and Nevaeh 2022\n|l| faatbatman\n|l|@ironwater\n|l| sufys12\n|l| tessa rhydon\n|l|+playerW17\n|l| cdgedp\n|player|p2|AlIoutdragadarts|hiker-gen4\n|l| DuGuo\n|l|\u2606AlIoutdragadarts\n|player|p2|\n|l|\u2606exlipse\n","uploadtime":1664723715,"views":44,"p1id":"exlipse","p2id":"alioutdragadarts","formatid":"gen8ou","rating":0,"private":0,"password":null}