{"id":"gen8ou-1338841699","p1":"ferromolybdenum","p2":"BenevolentT","format":"gen8ou","log":"|j|\u2606ferromolybdenum\n|j|\u2606BenevolentT\n|t:|1620795422\n|gametype|singles\n|player|p1|ferromolybdenum|266|1392\n|player|p2|BenevolentT|marshal|1389\n|teamsize|p1|6\n|teamsize|p2|6\n|gen|8\n|tier|[Gen 8] OU\n|rated|\n|rule|Sleep Clause Mod: Limit one foe put to sleep\n|rule|Species Clause: Limit one of each Pok\u00e9mon\n|rule|OHKO Clause: OHKO moves are banned\n|rule|Evasion Moves Clause: Evasion moves are banned\n|rule|Endless Battle Clause: Forcing endless battles is banned\n|rule|HP Percentage Mod: HP is shown in percentages\n|rule|Dynamax Clause: You cannot dynamax\n|clearpoke\n|poke|p1|Slowking, F|\n|poke|p1|Zapdos|\n|poke|p1|Heatran, M|\n|poke|p1|Rillaboom, F|\n|poke|p1|Dragapult, F|\n|poke|p1|Urshifu-*, F|\n|poke|p2|Landorus-Therian, M|\n|poke|p2|Dragapult, M|\n|poke|p2|Kartana|\n|poke|p2|Latias, F|\n|poke|p2|Garchomp, M|\n|poke|p2|Volcarona, F|\n|teampreview\n|inactive|Battle timer is ON: inactive players will automatically lose when time's up. (requested by BenevolentT)\n|\n|t:|1620795447\n|start\n|switch|p1a: Urshifu|Urshifu-Rapid-Strike, F|100\/100\n|switch|p2a: Dragapult|Dragapult, M|100\/100\n|turn|1\n|\n|t:|1620795464\n|switch|p1a: Heatran|Heatran, M|100\/100\n|move|p2a: Dragapult|Reflect|p2a: Dragapult\n|-sidestart|p2: BenevolentT|Reflect\n|\n|upkeep\n|turn|2\n|\n|t:|1620795471\n|move|p2a: Dragapult|Light Screen|p2a: Dragapult\n|-sidestart|p2: BenevolentT|move: Light Screen\n|move|p1a: Heatran|Stealth Rock|p2a: Dragapult\n|-sidestart|p2: BenevolentT|move: Stealth Rock\n|\n|upkeep\n|turn|3\n|\n|t:|1620795475\n|move|p2a: Dragapult|U-turn|p1a: Heatran\n|-resisted|p1a: Heatran\n|-damage|p1a: Heatran|96\/100\n|\n|t:|1620795478\n|switch|p2a: Garchomp|Garchomp, M|100\/100|[from]move: U-turn\n|-damage|p2a: Garchomp|94\/100|[from] Stealth Rock\n|move|p1a: Heatran|Magma Storm|p2a: Garchomp\n|-resisted|p2a: Garchomp\n|-damage|p2a: Garchomp|82\/100\n|-activate|p2a: Garchomp|move: Magma Storm|[of] p1a: Heatran\n|\n|-heal|p1a: Heatran|100\/100|[from] item: Leftovers\n|-damage|p2a: Garchomp|70\/100|[from] move: Magma Storm|[partiallytrapped]\n|upkeep\n|turn|4\n|\n|t:|1620795491\n|switch|p1a: Rillaboom|Rillaboom, F|100\/100\n|-fieldstart|move: Grassy Terrain|[from] ability: Grassy Surge|[of] p1a: Rillaboom\n|move|p2a: Garchomp|Swords Dance|p2a: Garchomp\n|-boost|p2a: Garchomp|atk|2\n|\n|-heal|p2a: Garchomp|76\/100|[from] Grassy Terrain\n|-end|p2a: Garchomp|Magma Storm|[partiallytrapped]|[silent]\n|upkeep\n|turn|5\n|\n|t:|1620795504\n|move|p1a: Rillaboom|Grassy Glide|p2a: Garchomp\n|-damage|p2a: Garchomp|40\/100\n|move|p2a: Garchomp|Fire Fang|p1a: Rillaboom\n|-supereffective|p1a: Rillaboom\n|-damage|p1a: Rillaboom|0 fnt\n|faint|p1a: Rillaboom\n|\n|-heal|p2a: Garchomp|46\/100|[from] Grassy Terrain\n|upkeep\n|\n|t:|1620795513\n|switch|p1a: Dragapult|Dragapult, F|100\/100\n|turn|6\n|\n|t:|1620795519\n|switch|p2a: Landorus|Landorus-Therian, M|100\/100\n|-damage|p2a: Landorus|88\/100|[from] Stealth Rock\n|-ability|p2a: Landorus|Intimidate|boost\n|-unboost|p1a: Dragapult|atk|1\n|move|p1a: Dragapult|Draco Meteor|p2a: Landorus\n|-damage|p2a: Landorus|0 fnt\n|-unboost|p1a: Dragapult|spa|2\n|faint|p2a: Landorus\n|\n|upkeep\n|\n|t:|1620795524\n|switch|p2a: Latias|Latias, F|100\/100\n|-damage|p2a: Latias|88\/100|[from] Stealth Rock\n|turn|7\n|\n|t:|1620795529\n|switch|p1a: Slowking|Slowking, F|100\/100\n|move|p2a: Latias|Agility|p2a: Latias\n|-boost|p2a: Latias|spe|2\n|\n|upkeep\n|turn|8\n|\n|t:|1620795532\n|move|p2a: Latias|Calm Mind|p2a: Latias\n|-boost|p2a: Latias|spa|1\n|-boost|p2a: Latias|spd|1\n|move|p1a: Slowking|Scald|p2a: Latias\n|-resisted|p2a: Latias\n|-damage|p2a: Latias|84\/100\n|\n|-sideend|p2: BenevolentT|Reflect\n|-fieldend|move: Grassy Terrain\n|upkeep\n|turn|9\n|\n|t:|1620795539\n|move|p2a: Latias|Calm Mind|p2a: Latias\n|-boost|p2a: Latias|spa|1\n|-boost|p2a: Latias|spd|1\n|move|p1a: Slowking|Teleport|p1a: Slowking\n|\n|t:|1620795541\n|switch|p1a: Heatran|Heatran, M|100\/100|[from]move: Teleport\n|\n|-sideend|p2: BenevolentT|move: Light Screen\n|upkeep\n|turn|10\n|\n|t:|1620795544\n|move|p2a: Latias|Aura Sphere|p1a: Heatran\n|-supereffective|p1a: Heatran\n|-damage|p1a: Heatran|32\/100\n|move|p1a: Heatran|Taunt|p2a: Latias\n|-start|p2a: Latias|move: Taunt\n|\n|-heal|p1a: Heatran|38\/100|[from] item: Leftovers\n|upkeep\n|turn|11\n|\n|t:|1620795555\n|switch|p1a: Dragapult|Dragapult, F|100\/100\n|move|p2a: Latias|Aura Sphere|p1a: Dragapult\n|-immune|p1a: Dragapult\n|\n|upkeep\n|turn|12\n|\n|t:|1620795559\n|move|p2a: Latias|Stored Power|p1a: Dragapult\n|-crit|p1a: Dragapult\n|-damage|p1a: Dragapult|0 fnt\n|faint|p1a: Dragapult\n|\n|upkeep\n|-message|ferromolybdenum forfeited.\n|\n|win|BenevolentT\n|raw|ferromolybdenum's rating: 1392 &rarr; <strong>1372<\/strong><br \/>(-20 for losing)\n|raw|BenevolentT's rating: 1389 &rarr; <strong>1409<\/strong><br \/>(+20 for winning)\n|l|\u2606ferromolybdenum\n","uploadtime":1620795570,"views":33,"p1id":"ferromolybdenum","p2id":"benevolentt","formatid":"gen8ou","rating":1372,"private":0,"password":null}