{"id":"gen8ou-1292578992","p1":"capo test","p2":"Kazt_5","format":"gen8ou","log":"|j|\u2606capo test\n|j|\u2606Kazt_5\n|inactive|Battle timer is ON: inactive players will automatically lose when time's up.\n|t:|1614649174\n|player|p1|capo test|169|\n|player|p2|Kazt_5|dawn|\n|teamsize|p1|6\n|teamsize|p2|6\n|gametype|singles\n|gen|8\n|tier|[Gen 8] OU\n|rated|Tournament battle\n|clearpoke\n|poke|p1|Rillaboom, F|\n|poke|p1|Magnezone|\n|poke|p1|Swampert, M|\n|poke|p1|Zapdos|\n|poke|p1|Victini|\n|poke|p1|Hydreigon, M|\n|poke|p2|Dragapult, F|\n|poke|p2|Clefable, F|\n|poke|p2|Moltres-Galar|\n|poke|p2|Heatran, F|\n|poke|p2|Landorus-Therian, M|\n|poke|p2|Rillaboom, M|\n|rule|Sleep Clause Mod: Limit one foe put to sleep\n|rule|Species Clause: Limit one of each Pok\u00e9mon\n|rule|OHKO Clause: OHKO moves are banned\n|rule|Evasion Moves Clause: Evasion moves are banned\n|rule|Endless Battle Clause: Forcing endless battles is banned\n|rule|HP Percentage Mod: HP is shown in percentages\n|rule|Dynamax Clause: You cannot dynamax\n|teampreview\n|inactive|capo test also wants the timer to be on.\n|j|#Ox the Fox\n|c|\u2606capo test|glhf homie\n|j| Mel0nL0rd\n|c|\u2606Kazt_5|hf bro!\n|j| rayman38\n|\n|t:|1614649203\n|start\n|switch|p1a: Rillaboom|Rillaboom, F|100\/100\n|switch|p2a: Landorus|Landorus-Therian, M|100\/100\n|-fieldstart|move: Grassy Terrain|[from] ability: Grassy Surge|[of] p1a: Rillaboom\n|-ability|p2a: Landorus|Intimidate|boost\n|-unboost|p1a: Rillaboom|atk|1\n|turn|1\n|j| trollllordd\n|j| Lost again\n|j| buteko\n|j| 30GXENOOB\n|j| Yugimora\u2605\n|inactive|capo test has 120 seconds left.\n|j| yeetium\n|j| iVexl\n|l| iVexl\n|\n|t:|1614649261\n|switch|p1a: Swampert|Swampert, M|100\/100\n|move|p2a: Landorus|U-turn|p1a: Swampert\n|-damage|p1a: Swampert|80\/100\n|j| Luckpup\n|j|%mcp3\n|\n|t:|1614649268\n|switch|p2a: Moltres|Moltres-Galar|100\/100|[from]move: U-turn\n|\n|-heal|p1a: Swampert|86\/100|[from] Grassy Terrain\n|-heal|p1a: Swampert|92\/100|[from] item: Leftovers\n|upkeep\n|turn|2\n|\n|t:|1614649282\n|move|p2a: Moltres|Substitute|p2a: Moltres\n|-start|p2a: Moltres|Substitute\n|-damage|p2a: Moltres|76\/100\n|move|p1a: Swampert|Flip Turn|p2a: Moltres\n|-activate|p2a: Moltres|move: Substitute|[damage]\n|\n|t:|1614649285\n|switch|p1a: Zapdos|Zapdos|100\/100|[from]move: Flip Turn\n|-ability|p1a: Zapdos|Pressure\n|\n|-heal|p2a: Moltres|82\/100|[from] item: Leftovers\n|upkeep\n|turn|3\n|c| Mel0nL0rd|oh noes\n|c| Mel0nL0rd|is this np molt?\n|\n|t:|1614649310\n|move|p2a: Moltres|Nasty Plot|p2a: Moltres\n|-boost|p2a: Moltres|spa|2\n|move|p1a: Zapdos|Volt Switch|p2a: Moltres\n|-supereffective|p2a: Moltres\n|-end|p2a: Moltres|Substitute\n|j| Delibird\u2764>Rayquaza\n|c|\u2606Kazt_5|i was expecting a discharge a discharge\n|c|\u2606Kazt_5|sadge\n|inactive|capo test has 90 seconds left.\n|l| Mel0nL0rd\n|inactive|capo test has 60 seconds left.\n|\n|t:|1614649382\n|switch|p1a: Victini|Victini|100\/100|[from]move: Volt Switch\n|\n|-heal|p2a: Moltres|88\/100|[from] item: Leftovers\n|upkeep\n|turn|4\n|l|#Ox the Fox\n|\n|t:|1614649402\n|switch|p2a: Heatran|Heatran, F|100\/100\n|move|p1a: Victini|V-create|p2a: Heatran\n|-start|p2a: Heatran|ability: Flash Fire\n|\n|upkeep\n|turn|5\n|\n|t:|1614649406\n|switch|p1a: Swampert|Swampert, M|92\/100\n|move|p2a: Heatran|Toxic|p1a: Swampert\n|-status|p1a: Swampert|tox\n|\n|-heal|p1a: Swampert|99\/100 tox|[from] Grassy Terrain\n|-heal|p1a: Swampert|100\/100 tox|[from] item: Leftovers\n|-fieldend|move: Grassy Terrain\n|-damage|p1a: Swampert|94\/100 tox|[from] psn\n|upkeep\n|turn|6\n|inactive|capo test has 60 seconds left.\n|\n|t:|1614649415\n|-end|p2a: Heatran|ability: Flash Fire|[silent]\n|switch|p2a: Rillaboom|Rillaboom, M|100\/100\n|-fieldstart|move: Grassy Terrain|[from] ability: Grassy Surge|[of] p2a: Rillaboom\n|move|p1a: Swampert|Flip Turn|p2a: Rillaboom\n|-resisted|p2a: Rillaboom\n|-damage|p2a: Rillaboom|89\/100\n|inactive|capo test has 60 seconds left.\n|\n|t:|1614649420\n|switch|p1a: Victini|Victini|100\/100|[from]move: Flip Turn\n|\n|-heal|p2a: Rillaboom|95\/100|[from] Grassy Terrain\n|upkeep\n|turn|7\n|\n|t:|1614649425\n|switch|p2a: Dragapult|Dragapult, F|100\/100\n|move|p1a: Victini|U-turn|p2a: Dragapult\n|-resisted|p2a: Dragapult\n|-damage|p2a: Dragapult|86\/100\n|\n|t:|1614649435\n|switch|p1a: Swampert|Swampert, M|94\/100 tox|[from]move: U-turn\n|\n|-heal|p2a: Dragapult|92\/100|[from] Grassy Terrain\n|-heal|p2a: Dragapult|98\/100|[from] item: Leftovers\n|-heal|p1a: Swampert|100\/100 tox|[from] Grassy Terrain\n|-damage|p1a: Swampert|94\/100 tox|[from] psn\n|upkeep\n|turn|8\n|\n|t:|1614649438\n|move|p2a: Dragapult|Hex|p1a: Swampert\n|-damage|p1a: Swampert|61\/100 tox\n|move|p1a: Swampert|Ice Beam|p2a: Dragapult\n|-supereffective|p2a: Dragapult\n|-damage|p2a: Dragapult|39\/100\n|\n|-heal|p2a: Dragapult|45\/100|[from] Grassy Terrain\n|-heal|p2a: Dragapult|51\/100|[from] item: Leftovers\n|-heal|p1a: Swampert|68\/100 tox|[from] Grassy Terrain\n|-heal|p1a: Swampert|74\/100 tox|[from] item: Leftovers\n|-damage|p1a: Swampert|61\/100 tox|[from] psn\n|upkeep\n|turn|9\n|\n|t:|1614649452\n|move|p2a: Dragapult|U-turn|p1a: Swampert\n|-damage|p1a: Swampert|40\/100 tox\n|\n|t:|1614649456\n|switch|p2a: Clefable|Clefable, F|100\/100|[from]move: U-turn\n|move|p1a: Swampert|Flip Turn|p2a: Clefable\n|-damage|p2a: Clefable|83\/100\n|\n|t:|1614649461\n|switch|p1a: Rillaboom|Rillaboom, F|100\/100|[from]move: Flip Turn\n|\n|-heal|p2a: Clefable|90\/100|[from] Grassy Terrain\n|upkeep\n|turn|10\n|\n|t:|1614649474\n|switch|p2a: Moltres|Moltres-Galar|88\/100\n|move|p1a: Rillaboom|Wood Hammer|p2a: Moltres\n|-resisted|p2a: Moltres\n|-damage|p2a: Moltres|20\/100\n|-damage|p1a: Rillaboom|76\/100|[from] Recoil\n|-ability|p2a: Moltres|Berserk|boost\n|-boost|p2a: Moltres|spa|1\n|\n|-heal|p2a: Moltres|26\/100|[from] item: Leftovers\n|-heal|p1a: Rillaboom|82\/100|[from] Grassy Terrain\n|-fieldend|move: Grassy Terrain\n|upkeep\n|turn|11\n|inactive|capo test has 90 seconds left.\n|\n|t:|1614649501\n|switch|p1a: Zapdos|Zapdos|100\/100\n|-ability|p1a: Zapdos|Pressure\n|move|p2a: Moltres|Air Slash|p1a: Zapdos\n|-resisted|p1a: Zapdos\n|-damage|p1a: Zapdos|77\/100\n|\n|-heal|p2a: Moltres|32\/100|[from] item: Leftovers\n|upkeep\n|turn|12\n|inactive|capo test has 90 seconds left.\n|\n|t:|1614649531\n|move|p2a: Moltres|Fiery Wrath|p1a: Zapdos\n|-damage|p1a: Zapdos|21\/100\n|move|p1a: Zapdos|Volt Switch|p2a: Moltres\n|-supereffective|p2a: Moltres\n|-damage|p2a: Moltres|0 fnt\n|faint|p2a: Moltres\n|\n|t:|1614649549\n|switch|p1a: Victini|Victini|100\/100|[from]move: Volt Switch\n|\n|upkeep\n|\n|t:|1614649554\n|switch|p2a: Dragapult|Dragapult, F|51\/100\n|turn|13\n|\n|t:|1614649558\n|move|p1a: Victini|V-create|p2a: Dragapult\n|-resisted|p2a: Dragapult\n|-damage|p2a: Dragapult|0 fnt\n|-unboost|p1a: Victini|spe|1\n|-unboost|p1a: Victini|def|1\n|-unboost|p1a: Victini|spd|1\n|faint|p2a: Dragapult\n|\n|upkeep\n|c|\u2606Kazt_5|wow\n|\n|t:|1614649569\n|switch|p2a: Heatran|Heatran, F|100\/100\n|turn|14\n|l| Yugimora\u2605\n|\n|t:|1614649579\n|switch|p1a: Hydreigon|Hydreigon, M|100\/100\n|move|p2a: Heatran|Earth Power|p1a: Hydreigon\n|-immune|p1a: Hydreigon|[from] ability: Levitate\n|\n|upkeep\n|turn|15\n|\n|t:|1614649583\n|move|p1a: Hydreigon|Earth Power|p2a: Heatran\n|-supereffective|p2a: Heatran\n|-damage|p2a: Heatran|0 fnt\n|-damage|p1a: Hydreigon|91\/100|[from] item: Life Orb\n|faint|p2a: Heatran\n|\n|upkeep\n|\n|t:|1614649588\n|switch|p2a: Clefable|Clefable, F|90\/100\n|turn|16\n|\n|t:|1614649604\n|switch|p1a: Victini|Victini|100\/100\n|switch|p2a: Landorus|Landorus-Therian, M|100\/100\n|-ability|p2a: Landorus|Intimidate|boost\n|-unboost|p1a: Victini|atk|1\n|\n|upkeep\n|turn|17\n|\n|t:|1614649618\n|move|p1a: Victini|V-create|p2a: Landorus\n|-damage|p2a: Landorus|62\/100\n|-unboost|p1a: Victini|spe|1\n|-unboost|p1a: Victini|def|1\n|-unboost|p1a: Victini|spd|1\n|move|p2a: Landorus|Knock Off|p1a: Victini\n|-supereffective|p1a: Victini\n|-damage|p1a: Victini|3\/100\n|-enditem|p1a: Victini|Choice Scarf|[from] move: Knock Off|[of] p2a: Landorus\n|\n|-heal|p2a: Landorus|68\/100|[from] item: Leftovers\n|upkeep\n|turn|18\n|\n|t:|1614649626\n|move|p2a: Landorus|Knock Off|p1a: Victini\n|-supereffective|p1a: Victini\n|-damage|p1a: Victini|0 fnt\n|faint|p1a: Victini\n|\n|-heal|p2a: Landorus|74\/100|[from] item: Leftovers\n|upkeep\n|\n|t:|1614649630\n|switch|p1a: Rillaboom|Rillaboom, F|82\/100\n|-fieldstart|move: Grassy Terrain|[from] ability: Grassy Surge|[of] p1a: Rillaboom\n|turn|19\n|inactive|capo test has 120 seconds left.\n|\n|t:|1614649651\n|move|p1a: Rillaboom|Wood Hammer|p2a: Landorus\n|-damage|p2a: Landorus|0 fnt\n|-damage|p1a: Rillaboom|55\/100|[from] Recoil\n|faint|p2a: Landorus\n|\n|-heal|p1a: Rillaboom|61\/100|[from] Grassy Terrain\n|upkeep\n|\n|t:|1614649656\n|switch|p2a: Rillaboom|Rillaboom, M|95\/100\n|turn|20\n|\n|t:|1614649667\n|switch|p1a: Zapdos|Zapdos|21\/100\n|-ability|p1a: Zapdos|Pressure\n|move|p2a: Rillaboom|Swords Dance|p2a: Rillaboom\n|-boost|p2a: Rillaboom|atk|2\n|\n|-heal|p2a: Rillaboom|100\/100|[from] Grassy Terrain\n|upkeep\n|turn|21\n|\n|t:|1614649674\n|switch|p1a: Magnezone|Magnezone|100\/100\n|move|p2a: Rillaboom|Grassy Glide|p1a: Magnezone\n|-resisted|p1a: Magnezone\n|-damage|p1a: Magnezone|47\/100\n|-damage|p2a: Rillaboom|91\/100|[from] item: Life Orb\n|\n|-heal|p2a: Rillaboom|97\/100|[from] Grassy Terrain\n|-heal|p1a: Magnezone|54\/100|[from] Grassy Terrain\n|upkeep\n|turn|22\n|\n|t:|1614649681\n|switch|p1a: Zapdos|Zapdos|21\/100\n|-ability|p1a: Zapdos|Pressure\n|move|p2a: Rillaboom|Drain Punch|p1a: Zapdos\n|-resisted|p1a: Zapdos\n|-damage|p1a: Zapdos|0 fnt\n|-heal|p2a: Rillaboom|100\/100|[from] drain|[of] p1a: Zapdos\n|-damage|p2a: Rillaboom|91\/100|[from] item: Life Orb\n|faint|p1a: Zapdos\n|\n|-heal|p2a: Rillaboom|97\/100|[from] Grassy Terrain\n|upkeep\n|l| Luckpup\n|\n|t:|1614649686\n|switch|p1a: Hydreigon|Hydreigon, M|91\/100\n|turn|23\n|\n|t:|1614649691\n|switch|p1a: Swampert|Swampert, M|40\/100 tox\n|move|p2a: Rillaboom|Drain Punch|p1a: Swampert\n|-damage|p1a: Swampert|0 fnt\n|-heal|p2a: Rillaboom|100\/100|[from] drain|[of] p1a: Swampert\n|-damage|p2a: Rillaboom|91\/100|[from] item: Life Orb\n|faint|p1a: Swampert\n|\n|-heal|p2a: Rillaboom|97\/100|[from] Grassy Terrain\n|-fieldend|move: Grassy Terrain\n|upkeep\n|\n|t:|1614649696\n|switch|p1a: Hydreigon|Hydreigon, M|91\/100\n|turn|24\n|inactive|capo test has 120 seconds left.\n|inactive|Kazt_5 has 120 seconds left.\n|\n|t:|1614649744\n|move|p1a: Hydreigon|Draco Meteor|p2a: Rillaboom\n|-damage|p2a: Rillaboom|0 fnt\n|-unboost|p1a: Hydreigon|spa|2\n|-damage|p1a: Hydreigon|81\/100|[from] item: Life Orb\n|faint|p2a: Rillaboom\n|\n|upkeep\n|c|\u2606Kazt_5|gg\n|c|\u2606capo test|gg\n|c|%mcp3|wp both of you\n|inactive|Kazt_5 has 90 seconds left.\n|c|\u2606capo test|yea wp\n|c|\u2606Kazt_5|switching to clef was still losing\n|c|\u2606capo test|yea\n|c|\u2606capo test|think so\n|c|\u2606capo test|I had too many sacks\n|l| 30GXENOOB\n|inactive|Kazt_5 has 60 seconds left.\n|c|\u2606Kazt_5|i needed you to do anything but kill there lol\n|l| trollllordd\n|inactive|Kazt_5 has 30 seconds left.\n|c|\u2606Kazt_5|i calced the draco and i knew it killed so it was going to lose anyway\n|inactive|Kazt_5 has 20 seconds left.\n|c|\u2606Kazt_5|but it was a good match\n|c|\u2606Kazt_5|gl!\n|inactive|Kazt_5 has 15 seconds left.\n|-message|Kazt_5 forfeited.\n|\n|win|capo test\n|inactive|Kazt_5 has 20 seconds left this turn.\n|n|\u2606capo test|capotest\n|n|\u2606Kazt_5|kazt5\n|n| rayman38|rayman38\n|n| Lost again|lostagain\n|n| buteko|buteko\n|n| yeetium|yeetium\n|n| mcp3|mcp3\n|n| Delibird\u2764>Rayquaza|delibirdrayquaza\n|c|\u2606capo test|thx man\n|l|\u2606Kazt_5\n|j| Pooof!\n|l| buteko\n|l| Pooof!\n|l| mcp3\n|l|\u2606capo test\n|l| rayman38\n","uploadtime":1614650344,"views":21,"p1id":"capotest","p2id":"kazt5","formatid":"gen8ou","rating":0,"private":0,"password":null}