{"id":"gen8ou-1195305327","p1":"kalifguest22","p2":"Trogba Trogba","format":"gen8ou","log":"|j|\u2606kalifguest22\n|j|\u2606Trogba Trogba\n|t:|1601421094\n|player|p1|kalifguest22|wallace|\n|player|p2|Trogba Trogba|lance|\n|teamsize|p1|6\n|teamsize|p2|6\n|gametype|singles\n|gen|8\n|tier|[Gen 8] OU\n|rated|Tournament battle\n|clearpoke\n|poke|p1|Dragalge, M|\n|poke|p1|Magnezone|\n|poke|p1|Clefable, F|\n|poke|p1|Urshifu-*, M|\n|poke|p1|Corviknight, F|\n|poke|p1|Tyranitar, M|\n|poke|p2|Tyranitar, M|\n|poke|p2|Excadrill, F|\n|poke|p2|Clefable, F|\n|poke|p2|Toxapex, M|\n|poke|p2|Tangrowth, M|\n|poke|p2|Alakazam, F|\n|rule|Sleep Clause Mod: Limit one foe put to sleep\n|rule|Species Clause: Limit one of each Pok\u00e9mon\n|rule|OHKO Clause: OHKO moves are banned\n|rule|Evasion Moves Clause: Evasion moves are banned\n|rule|Endless Battle Clause: Forcing endless battles is banned\n|rule|HP Percentage Mod: HP is shown in percentages\n|rule|Dynamax Clause: You cannot dynamax\n|teampreview\n|j| adorluigi\n|c|\u2606kalifguest22|hf!\n|c| adorluigi|i see tangrowth\n|c| adorluigi|fear\n|\n|t:|1601421118\n|start\n|switch|p1a: Tyranitar|Tyranitar, M|100\/100\n|switch|p2a: Toxapex|Toxapex, M|100\/100\n|-weather|Sandstorm|[from] ability: Sand Stream|[of] p1a: Tyranitar\n|turn|1\n|\n|t:|1601421133\n|move|p1a: Tyranitar|Stealth Rock|p2a: Toxapex\n|-sidestart|p2: Trogba Trogba|move: Stealth Rock\n|move|p2a: Toxapex|Knock Off|p1a: Tyranitar\n|-resisted|p1a: Tyranitar\n|-damage|p1a: Tyranitar|94\/100\n|-enditem|p1a: Tyranitar|Leftovers|[from] move: Knock Off|[of] p2a: Toxapex\n|\n|-weather|Sandstorm|[upkeep]\n|-damage|p2a: Toxapex|94\/100|[from] Sandstorm\n|-heal|p2a: Toxapex|100\/100|[from] item: Black Sludge\n|upkeep\n|turn|2\n|\n|t:|1601421139\n|switch|p1a: Magnezone|Magnezone|100\/100\n|move|p2a: Toxapex|Scald|p1a: Magnezone\n|-damage|p1a: Magnezone|82\/100\n|\n|-weather|Sandstorm|[upkeep]\n|-damage|p2a: Toxapex|94\/100|[from] Sandstorm\n|-heal|p2a: Toxapex|100\/100|[from] item: Black Sludge\n|upkeep\n|turn|3\n|c| adorluigi|iron defense\n|\n|t:|1601421144\n|switch|p2a: Excadrill|Excadrill, F|100\/100\n|-damage|p2a: Excadrill|97\/100|[from] Stealth Rock\n|move|p1a: Magnezone|Body Press|p2a: Excadrill\n|-supereffective|p2a: Excadrill\n|-damage|p2a: Excadrill|35\/100\n|\n|-weather|Sandstorm|[upkeep]\n|-heal|p2a: Excadrill|41\/100|[from] item: Leftovers\n|upkeep\n|turn|4\n|\n|t:|1601421150\n|move|p2a: Excadrill|Rapid Spin|p1a: Magnezone\n|-resisted|p1a: Magnezone\n|-damage|p1a: Magnezone|72\/100\n|-boost|p2a: Excadrill|spe|1\n|-sideend|p2: Trogba Trogba|Stealth Rock|[from] move: Rapid Spin|[of] p2a: Excadrill\n|move|p1a: Magnezone|Body Press|p2a: Excadrill\n|-supereffective|p2a: Excadrill\n|-damage|p2a: Excadrill|0 fnt\n|faint|p2a: Excadrill\n|\n|-weather|Sandstorm|[upkeep]\n|upkeep\n|\n|t:|1601421154\n|switch|p2a: Alakazam|Alakazam, F|100\/100\n|turn|5\n|\n|t:|1601421161\n|switch|p1a: Corviknight|Corviknight, F|100\/100\n|-ability|p1a: Corviknight|Pressure\n|move|p2a: Alakazam|Focus Blast|p1a: Corviknight\n|-damage|p1a: Corviknight|71\/100\n|-unboost|p1a: Corviknight|spd|1\n|\n|-weather|none\n|upkeep\n|turn|6\n|c|\u2606kalifguest22|focus miss hits\n|\n|t:|1601421173\n|move|p2a: Alakazam|Nasty Plot|p2a: Alakazam\n|-boost|p2a: Alakazam|spa|2\n|move|p1a: Corviknight|Brave Bird|p2a: Alakazam\n|-damage|p2a: Alakazam|4\/100\n|-damage|p1a: Corviknight|51\/100|[from] Recoil\n|\n|upkeep\n|turn|7\n|c|\u2606kalifguest22|and spdef drop\n|c| adorluigi|hax\n|j| Holy peperoni\n|c|\u2606kalifguest22|am I right\n|\n|t:|1601421186\n|switch|p1a: Clefable|Clefable, F|100\/100\n|move|p2a: Alakazam|Focus Blast|p1a: Clefable|[miss]\n|-miss|p2a: Alakazam|p1a: Clefable\n|\n|upkeep\n|turn|8\n|c|\u2606kalifguest22|now it misses\n|\n|t:|1601421197\n|move|p2a: Alakazam|Recover|p2a: Alakazam\n|-heal|p2a: Alakazam|54\/100\n|move|p1a: Clefable|Teleport|p1a: Clefable\n|c| adorluigi|e\n|\n|t:|1601421204\n|switch|p1a: Tyranitar|Tyranitar, M|94\/100|[from]move: Teleport\n|-weather|Sandstorm|[from] ability: Sand Stream|[of] p1a: Tyranitar\n|\n|-weather|Sandstorm|[upkeep]\n|upkeep\n|turn|9\n|c| Holy peperoni|well\n|\n|t:|1601421207\n|switch|p1a: Clefable|Clefable, F|100\/100\n|move|p2a: Alakazam|Focus Blast|p1a: Clefable|[miss]\n|-miss|p2a: Alakazam|p1a: Clefable\n|\n|-weather|Sandstorm|[upkeep]\n|upkeep\n|turn|10\n|c| Holy peperoni|go what?\n|\n|t:|1601421211\n|move|p2a: Alakazam|Psychic|p1a: Clefable\n|-damage|p1a: Clefable|11\/100\n|move|p1a: Clefable|Moonblast|p2a: Alakazam\n|-damage|p2a: Alakazam|10\/100\n|-unboost|p2a: Alakazam|spa|1\n|\n|-weather|Sandstorm|[upkeep]\n|-heal|p1a: Clefable|17\/100|[from] item: Leftovers\n|upkeep\n|turn|11\n|c| adorluigi|wat are you doing\n|c| adorluigi|nice\n|c| Holy peperoni|go draga\n|c| Holy peperoni|dude\n|c| Holy peperoni|go hydreigon\n|c|\u2606kalifguest22|I have no hydreigon\n|c| adorluigi|rip magc guar\n|c|\u2606kalifguest22|lmao\n|c| Holy peperoni|oopsies\n|c| adorluigi|no\n|c| adorluigi|you have\n|\n|t:|1601421237\n|move|p1a: Clefable|Protect|p1a: Clefable\n|-singleturn|p1a: Clefable|Protect\n|move|p2a: Alakazam|Recover|p2a: Alakazam\n|-heal|p2a: Alakazam|60\/100\n|\n|-weather|Sandstorm|[upkeep]\n|-heal|p1a: Clefable|23\/100|[from] item: Leftovers\n|upkeep\n|turn|12\n|c| Holy peperoni|i meant dragapult\n|c| adorluigi|slot 1\n|c| Holy peperoni|my bad\n|c| adorluigi|lol\n|\n|t:|1601421249\n|switch|p1a: Corviknight|Corviknight, F|51\/100\n|-ability|p1a: Corviknight|Pressure\n|move|p2a: Alakazam|Psychic|p1a: Corviknight\n|-resisted|p1a: Corviknight\n|-damage|p1a: Corviknight|26\/100\n|\n|-weather|none\n|upkeep\n|turn|13\n|\n|t:|1601421253\n|move|p2a: Alakazam|Focus Blast|p1a: Corviknight\n|-crit|p1a: Corviknight\n|-damage|p1a: Corviknight|0 fnt\n|faint|p1a: Corviknight\n|\n|upkeep\n|c| Holy peperoni|adoriluigi\n|c| adorluigi|no dragapult dood\n|c| adorluigi|yes\n|c| Holy peperoni|stfu\n|\n|t:|1601421260\n|switch|p1a: Urshifu|Urshifu-Rapid-Strike, M|100\/100\n|turn|14\n|\n|t:|1601421263\n|move|p1a: Urshifu|Aqua Jet|p2a: Alakazam\n|-damage|p2a: Alakazam|0 fnt\n|faint|p2a: Alakazam\n|\n|upkeep\n|c| Holy peperoni|jk\n|\n|t:|1601421267\n|switch|p2a: Tangrowth|Tangrowth, M|100\/100\n|turn|15\n|c| adorluigi|smh\n|\n|t:|1601421274\n|switch|p1a: Magnezone|Magnezone|72\/100\n|move|p2a: Tangrowth|Knock Off|p1a: Magnezone\n|-damage|p1a: Magnezone|50\/100\n|-enditem|p1a: Magnezone|Choice Scarf|[from] move: Knock Off|[of] p2a: Tangrowth\n|\n|upkeep\n|turn|16\n|\n|t:|1601421278\n|switch|p2a: Tyranitar|Tyranitar, M|100\/100\n|-weather|Sandstorm|[from] ability: Sand Stream|[of] p2a: Tyranitar\n|move|p1a: Magnezone|Volt Switch|p2a: Tyranitar\n|-damage|p2a: Tyranitar|83\/100\n|c| Holy peperoni|dragagagle\n|c| Holy peperoni|immo\n|\n|t:|1601421283\n|switch|p1a: Urshifu|Urshifu-Rapid-Strike, M|100\/100|[from]move: Volt Switch\n|\n|-weather|Sandstorm|[upkeep]\n|-damage|p1a: Urshifu|94\/100|[from] Sandstorm\n|-heal|p2a: Tyranitar|89\/100|[from] item: Leftovers\n|upkeep\n|turn|17\n|c| adorluigi|thats a drag pluy\n|\n|t:|1601421288\n|switch|p2a: Tangrowth|Tangrowth, M|100\/100\n|move|p1a: Urshifu|U-turn|p2a: Tangrowth\n|-supereffective|p2a: Tangrowth\n|-damage|p2a: Tangrowth|60\/100\n|-damage|p1a: Urshifu|78\/100|[from] item: Rocky Helmet|[of] p2a: Tangrowth\n|\n|t:|1601421295\n|switch|p1a: Dragalge|Dragalge, M|100\/100|[from]move: U-turn\n|\n|-weather|Sandstorm|[upkeep]\n|-damage|p1a: Dragalge|94\/100|[from] Sandstorm\n|-damage|p2a: Tangrowth|54\/100|[from] Sandstorm\n|upkeep\n|turn|18\n|\n|t:|1601421302\n|switch|p2a: Tyranitar|Tyranitar, M|89\/100\n|move|p1a: Dragalge|Draco Meteor|p2a: Tyranitar\n|-damage|p2a: Tyranitar|32\/100\n|-unboost|p1a: Dragalge|spa|2\n|\n|-weather|Sandstorm|[upkeep]\n|-damage|p1a: Dragalge|88\/100|[from] Sandstorm\n|-heal|p2a: Tyranitar|38\/100|[from] item: Leftovers\n|upkeep\n|turn|19\n|\n|t:|1601421307\n|switch|p1a: Urshifu|Urshifu-Rapid-Strike, M|78\/100\n|move|p2a: Tyranitar|Earthquake|p1a: Urshifu\n|-damage|p1a: Urshifu|48\/100\n|\n|-weather|Sandstorm|[upkeep]\n|-damage|p1a: Urshifu|42\/100|[from] Sandstorm\n|-heal|p2a: Tyranitar|45\/100|[from] item: Leftovers\n|upkeep\n|turn|20\n|\n|t:|1601421310\n|switch|p2a: Tangrowth|Tangrowth, M|87\/100\n|move|p1a: Urshifu|U-turn|p2a: Tangrowth\n|-supereffective|p2a: Tangrowth\n|-damage|p2a: Tangrowth|49\/100\n|-damage|p1a: Urshifu|26\/100|[from] item: Rocky Helmet|[of] p2a: Tangrowth\n|j| Armageddonsspike\n|\n|t:|1601421315\n|switch|p1a: Dragalge|Dragalge, M|88\/100|[from]move: U-turn\n|\n|-weather|none\n|upkeep\n|turn|21\n|c| adorluigi|smh ddance on him\n|\n|t:|1601421320\n|switch|p2a: Toxapex|Toxapex, M|100\/100\n|move|p1a: Dragalge|Sludge Wave|p2a: Toxapex\n|-resisted|p2a: Toxapex\n|-damage|p2a: Toxapex|69\/100\n|\n|-heal|p2a: Toxapex|75\/100|[from] item: Black Sludge\n|upkeep\n|turn|22\n|j| GriffBallFrenzy\n|l| GriffBallFrenzy\n|c|\u2606kalifguest22|31\n|c|\u2606kalifguest22|not bad\n|\n|t:|1601421330\n|switch|p1a: Magnezone|Magnezone|50\/100\n|switch|p2a: Tyranitar|Tyranitar, M|45\/100\n|-weather|Sandstorm|[from] ability: Sand Stream|[of] p2a: Tyranitar\n|\n|-weather|Sandstorm|[upkeep]\n|-heal|p2a: Tyranitar|51\/100|[from] item: Leftovers\n|upkeep\n|turn|23\n|\n|t:|1601421336\n|move|p1a: Magnezone|Body Press|p2a: Tyranitar\n|-supereffective|p2a: Tyranitar\n|-damage|p2a: Tyranitar|0 fnt\n|faint|p2a: Tyranitar\n|\n|-weather|Sandstorm|[upkeep]\n|upkeep\n|c| adorluigi|dragon pants\n|\n|t:|1601421345\n|switch|p2a: Clefable|Clefable, F|100\/100\n|turn|24\n|\n|t:|1601421348\n|move|p1a: Magnezone|Flash Cannon|p2a: Clefable\n|-supereffective|p2a: Clefable\n|-damage|p2a: Clefable|23\/100\n|move|p2a: Clefable|Flamethrower|p1a: Magnezone\n|-supereffective|p1a: Magnezone\n|-damage|p1a: Magnezone|0 fnt\n|faint|p1a: Magnezone\n|\n|-weather|Sandstorm|[upkeep]\n|upkeep\n|\n|t:|1601421359\n|switch|p1a: Urshifu|Urshifu-Rapid-Strike, M|26\/100\n|turn|25\n|c| adorluigi|tail slap\n|\n|t:|1601421373\n|switch|p2a: Tangrowth|Tangrowth, M|82\/100\n|move|p1a: Urshifu|U-turn|p2a: Tangrowth\n|-supereffective|p2a: Tangrowth\n|-damage|p2a: Tangrowth|45\/100\n|-damage|p1a: Urshifu|9\/100|[from] item: Rocky Helmet|[of] p2a: Tangrowth\n|\n|t:|1601421382\n|switch|p1a: Dragalge|Dragalge, M|88\/100|[from]move: U-turn\n|\n|-weather|Sandstorm|[upkeep]\n|-damage|p1a: Dragalge|82\/100|[from] Sandstorm\n|-damage|p2a: Tangrowth|38\/100|[from] Sandstorm\n|upkeep\n|turn|26\n|\n|t:|1601421385\n|switch|p2a: Toxapex|Toxapex, M|100\/100\n|move|p1a: Dragalge|Draco Meteor|p2a: Toxapex\n|-damage|p2a: Toxapex|7\/100\n|-unboost|p1a: Dragalge|spa|2\n|\n|-weather|none\n|-heal|p2a: Toxapex|13\/100|[from] item: Black Sludge\n|upkeep\n|turn|27\n|c| adorluigi|veru hurty\n|\n|t:|1601421397\n|move|p1a: Dragalge|Draco Meteor|p2a: Toxapex\n|-damage|p2a: Toxapex|0 fnt\n|-unboost|p1a: Dragalge|spa|2\n|faint|p2a: Toxapex\n|\n|upkeep\n|\n|t:|1601421399\n|switch|p2a: Clefable|Clefable, F|23\/100\n|turn|28\n|\n|t:|1601421404\n|switch|p1a: Tyranitar|Tyranitar, M|94\/100\n|-weather|Sandstorm|[from] ability: Sand Stream|[of] p1a: Tyranitar\n|move|p2a: Clefable|Soft-Boiled|p2a: Clefable\n|-heal|p2a: Clefable|73\/100\n|\n|-weather|Sandstorm|[upkeep]\n|upkeep\n|turn|29\n|c| adorluigi|asdfg\n|\n|t:|1601421410\n|move|p2a: Clefable|Calm Mind|p2a: Clefable\n|-boost|p2a: Clefable|spa|1\n|-boost|p2a: Clefable|spd|1\n|move|p1a: Tyranitar|Thunder Wave|p2a: Clefable\n|-status|p2a: Clefable|par\n|\n|-weather|Sandstorm|[upkeep]\n|upkeep\n|turn|30\n|\n|t:|1601421413\n|move|p1a: Tyranitar|Rock Blast|p2a: Clefable\n|-damage|p2a: Clefable|64\/100 par\n|-damage|p2a: Clefable|55\/100 par\n|-damage|p2a: Clefable|45\/100 par\n|-damage|p2a: Clefable|36\/100 par\n|-damage|p2a: Clefable|28\/100 par\n|-hitcount|p2a: Clefable|5\n|move|p2a: Clefable|Calm Mind|p2a: Clefable\n|-boost|p2a: Clefable|spa|1\n|-boost|p2a: Clefable|spd|1\n|\n|-weather|Sandstorm|[upkeep]\n|upkeep\n|turn|31\n|\n|t:|1601421420\n|move|p1a: Tyranitar|Rock Blast|p2a: Clefable\n|-damage|p2a: Clefable|20\/100 par\n|-damage|p2a: Clefable|11\/100 par\n|-crit|p2a: Clefable\n|-damage|p2a: Clefable|0 fnt\n|-hitcount|p2a: Clefable|3\n|faint|p2a: Clefable\n|\n|-weather|Sandstorm|[upkeep]\n|upkeep\n|-message|Trogba Trogba forfeited.\n|\n|win|kalifguest22\n|l|\u2606Trogba Trogba\n|c| adorluigi|wow\n|c|\u2606kalifguest22|ttar beats clef\n|c|\u2606kalifguest22|gg\n","uploadtime":1601421433,"views":52,"p1id":"kalifguest22","p2id":"trogbatrogba","formatid":"gen8ou","rating":0,"private":0,"password":null}