{"id":"gen8ou-1113681197","p1":"yhdrslb","p2":"ratikate","format":"gen8ou","log":"|j|\u2606yhdrslb\n|j|\u2606ratikate\n|player|p1|yhdrslb|30|1287\n|player|p2|ratikate|170|1313\n|teamsize|p1|6\n|teamsize|p2|6\n|gametype|singles\n|gen|8\n|tier|[Gen 8] OU\n|rated|\n|clearpoke\n|poke|p1|Clefable, F|\n|poke|p1|Corviknight, M|\n|poke|p1|Seismitoad, M|\n|poke|p1|Dragapult, F|\n|poke|p1|Mew|\n|poke|p1|Rotom-Heat|\n|poke|p2|Quagsire, M|\n|poke|p2|Toxapex, M|\n|poke|p2|Type: Null|\n|poke|p2|Cinderace, M|\n|poke|p2|Tyranitar, F|\n|poke|p2|Gyarados, M|\n|rule|Sleep Clause Mod: Limit one foe put to sleep\n|rule|Species Clause: Limit one of each Pok\u00e9mon\n|rule|OHKO Clause: OHKO moves are banned\n|rule|Evasion Moves Clause: Evasion moves are banned\n|rule|Endless Battle Clause: Forcing endless battles is banned\n|rule|HP Percentage Mod: HP is shown in percentages\n|rule|Dynamax Clause: You cannot dynamax\n|teampreview\n|\n|start\n|switch|p1a: Seismitoad|Seismitoad, M|100\/100\n|switch|p2a: Quagsire|Quagsire, M|100\/100\n|turn|1\n|\n|move|p1a: Seismitoad|Toxic|p2a: Quagsire\n|-status|p2a: Quagsire|tox\n|move|p2a: Quagsire|Toxic|p1a: Seismitoad\n|-status|p1a: Seismitoad|tox\n|\n|-damage|p1a: Seismitoad|94\/100 tox|[from] psn\n|-damage|p2a: Quagsire|94\/100 tox|[from] psn\n|upkeep\n|turn|2\n|\n|switch|p2a: Gyarados|Gyarados, M|100\/100\n|-ability|p2a: Gyarados|Intimidate|boost\n|-unboost|p1a: Seismitoad|atk|1\n|move|p1a: Seismitoad|Knock Off|p2a: Gyarados\n|-damage|p2a: Gyarados|87\/100\n|-enditem|p2a: Gyarados|Quick Claw|[from] move: Knock Off|[of] p1a: Seismitoad\n|\n|-heal|p1a: Seismitoad|100\/100 tox|[from] item: Leftovers\n|-damage|p1a: Seismitoad|88\/100 tox|[from] psn\n|upkeep\n|turn|3\n|c|\u2606ratikate|you are a bad person man\n|c|\u2606ratikate|i want you to know it\n|\n|switch|p1a: Rotom|Rotom-Heat|100\/100\n|move|p2a: Gyarados|Power Whip|p1a: Rotom\n|-resisted|p1a: Rotom\n|-damage|p1a: Rotom|74\/100\n|\n|upkeep\n|turn|4\n|inactive|Battle timer is ON: inactive players will automatically lose when time's up. (requested by ratikate)\n|\n|switch|p2a: Quagsire|Quagsire, M|94\/100 tox\n|move|p1a: Rotom|Volt Switch|p2a: Quagsire\n|-immune|p2a: Quagsire\n|\n|-heal|p2a: Quagsire|100\/100 tox|[from] item: Leftovers\n|-damage|p2a: Quagsire|94\/100 tox|[from] psn\n|upkeep\n|turn|5\n|\n|switch|p1a: Clefable|Clefable, F|100\/100\n|move|p2a: Quagsire|Earthquake|p1a: Clefable\n|-damage|p1a: Clefable|64\/100\n|\n|-heal|p1a: Clefable|70\/100|[from] item: Leftovers\n|-heal|p2a: Quagsire|100\/100 tox|[from] item: Leftovers\n|-damage|p2a: Quagsire|88\/100 tox|[from] psn\n|upkeep\n|turn|6\n|\n|switch|p2a: Cinderace|Cinderace, M|100\/100\n|move|p1a: Clefable|Wish|p1a: Clefable\n|\n|-heal|p1a: Clefable|76\/100|[from] item: Leftovers\n|upkeep\n|turn|7\n|\n|switch|p1a: Rotom|Rotom-Heat|74\/100\n|move|p2a: Cinderace|Gunk Shot|p1a: Rotom\n|-damage|p1a: Rotom|29\/100\n|\n|-heal|p1a: Rotom|100\/100|[from] move: Wish|[wisher] Clefable\n|upkeep\n|turn|8\n|\n|switch|p2a: Quagsire|Quagsire, M|88\/100 tox\n|move|p1a: Rotom|Volt Switch|p2a: Quagsire\n|-immune|p2a: Quagsire\n|\n|-heal|p2a: Quagsire|94\/100 tox|[from] item: Leftovers\n|-damage|p2a: Quagsire|88\/100 tox|[from] psn\n|upkeep\n|turn|9\n|\n|switch|p1a: Clefable|Clefable, F|76\/100\n|move|p2a: Quagsire|Scald|p1a: Clefable\n|-damage|p1a: Clefable|64\/100\n|-status|p1a: Clefable|brn\n|\n|-heal|p1a: Clefable|70\/100 brn|[from] item: Leftovers\n|-heal|p2a: Quagsire|94\/100 tox|[from] item: Leftovers\n|-damage|p2a: Quagsire|82\/100 tox|[from] psn\n|upkeep\n|turn|10\n|\n|switch|p2a: Gyarados|Gyarados, M|87\/100\n|-ability|p2a: Gyarados|Intimidate|boost\n|-unboost|p1a: Clefable|atk|1\n|move|p1a: Clefable|Moonblast|p2a: Gyarados\n|-damage|p2a: Gyarados|61\/100\n|\n|-heal|p1a: Clefable|76\/100 brn|[from] item: Leftovers\n|upkeep\n|turn|11\n|\n|move|p2a: Gyarados|Earthquake|p1a: Clefable\n|-damage|p1a: Clefable|38\/100 brn\n|move|p1a: Clefable|Teleport|p1a: Clefable\n|\n|switch|p1a: Dragapult|Dragapult, F|100\/100|[from]move: Teleport\n|\n|upkeep\n|turn|12\n|\n|move|p1a: Dragapult|Substitute|p1a: Dragapult\n|-start|p1a: Dragapult|Substitute\n|-damage|p1a: Dragapult|76\/100\n|move|p2a: Gyarados|Thunder Wave|p1a: Dragapult|[miss]\n|-miss|p2a: Gyarados|p1a: Dragapult\n|\n|upkeep\n|turn|13\n|\n|switch|p2a: Tyranitar|Tyranitar, F|100\/100\n|-weather|Sandstorm|[from] ability: Sand Stream|[of] p2a: Tyranitar\n|move|p1a: Dragapult|Will-O-Wisp|p2a: Tyranitar|[miss]\n|-miss|p1a: Dragapult|p2a: Tyranitar\n|\n|-weather|Sandstorm|[upkeep]\n|-damage|p1a: Dragapult|70\/100|[from] Sandstorm\n|upkeep\n|turn|14\n|\n|switch|p2a: Quagsire|Quagsire, M|82\/100 tox\n|move|p1a: Dragapult|Will-O-Wisp||[still]\n|-fail|p1a: Dragapult\n|\n|-weather|Sandstorm|[upkeep]\n|-damage|p1a: Dragapult|64\/100|[from] Sandstorm\n|-heal|p2a: Quagsire|88\/100 tox|[from] item: Leftovers\n|-damage|p2a: Quagsire|82\/100 tox|[from] psn\n|upkeep\n|turn|15\n|\n|move|p1a: Dragapult|Hex|p2a: Quagsire\n|-damage|p2a: Quagsire|0 fnt\n|faint|p2a: Quagsire\n|\n|-weather|Sandstorm|[upkeep]\n|-damage|p1a: Dragapult|58\/100|[from] Sandstorm\n|upkeep\n|\n|switch|p2a: Type: Null|Type: Null|100\/100\n|turn|16\n|c|\u2606ratikate|i love my quagsire man\n|c|\u2606ratikate|what you doing\n|c|\u2606ratikate|:(\n|\n|move|p1a: Dragapult|Will-O-Wisp|p2a: Type: Null\n|-status|p2a: Type: Null|brn\n|move|p2a: Type: Null|Crush Claw|p1a: Dragapult\n|-immune|p1a: Dragapult\n|\n|-weather|Sandstorm|[upkeep]\n|-damage|p1a: Dragapult|52\/100|[from] Sandstorm\n|-damage|p2a: Type: Null|94\/100 brn|[from] Sandstorm\n|-damage|p2a: Type: Null|88\/100 brn|[from] brn\n|upkeep\n|turn|17\n|\n|switch|p1a: Clefable|Clefable, F|38\/100 brn\n|move|p2a: Type: Null|Crush Claw|p1a: Clefable\n|-damage|p1a: Clefable|23\/100 brn\n|\n|-weather|none\n|-heal|p1a: Clefable|29\/100 brn|[from] item: Leftovers\n|-damage|p2a: Type: Null|82\/100 brn|[from] brn\n|upkeep\n|turn|18\n|\n|move|p1a: Clefable|Wish|p1a: Clefable\n|move|p2a: Type: Null|Swords Dance|p2a: Type: Null\n|-boost|p2a: Type: Null|atk|2\n|\n|-heal|p1a: Clefable|35\/100 brn|[from] item: Leftovers\n|-damage|p2a: Type: Null|76\/100 brn|[from] brn\n|upkeep\n|turn|19\n|\n|move|p1a: Clefable|Moonblast|p2a: Type: Null\n|-damage|p2a: Type: Null|57\/100 brn\n|-unboost|p2a: Type: Null|spa|1\n|move|p2a: Type: Null|Swords Dance|p2a: Type: Null\n|-boost|p2a: Type: Null|atk|2\n|\n|-heal|p1a: Clefable|85\/100 brn|[from] move: Wish|[wisher] Clefable\n|-heal|p1a: Clefable|91\/100 brn|[from] item: Leftovers\n|-damage|p2a: Type: Null|51\/100 brn|[from] brn\n|upkeep\n|turn|20\n|\n|move|p1a: Clefable|Moonblast|p2a: Type: Null\n|-damage|p2a: Type: Null|34\/100 brn\n|move|p2a: Type: Null|Crush Claw|p1a: Clefable\n|-damage|p1a: Clefable|47\/100 brn\n|\n|-heal|p1a: Clefable|54\/100 brn|[from] item: Leftovers\n|-damage|p2a: Type: Null|28\/100 brn|[from] brn\n|upkeep\n|turn|21\n|\n|move|p1a: Clefable|Wish|p1a: Clefable\n|move|p2a: Type: Null|Rest|p2a: Type: Null\n|-status|p2a: Type: Null|slp|[from] move: Rest\n|-heal|p2a: Type: Null|100\/100 slp|[silent]\n|\n|-heal|p1a: Clefable|60\/100 brn|[from] item: Leftovers\n|upkeep\n|turn|22\n|\n|switch|p1a: Mew|Mew|100\/100\n|cant|p2a: Type: Null|slp\n|move|p2a: Type: Null|Sleep Talk|p2a: Type: Null\n|move|p2a: Type: Null|Rest|p2a: Type: Null|[from]Sleep Talk\n|-fail|p2a: Type: Null|heal\n|\n|upkeep\n|turn|23\n|\n|move|p1a: Mew|Cosmic Power|p1a: Mew\n|-boost|p1a: Mew|def|1\n|-boost|p1a: Mew|spd|1\n|cant|p2a: Type: Null|slp\n|move|p2a: Type: Null|Sleep Talk|p2a: Type: Null\n|move|p2a: Type: Null|Rest|p2a: Type: Null|[from]Sleep Talk\n|-fail|p2a: Type: Null|heal\n|\n|upkeep\n|turn|24\n|\n|move|p1a: Mew|Cosmic Power|p1a: Mew\n|-boost|p1a: Mew|def|1\n|-boost|p1a: Mew|spd|1\n|-curestatus|p2a: Type: Null|slp|[msg]\n|move|p2a: Type: Null|Crush Claw|p1a: Mew\n|-damage|p1a: Mew|70\/100\n|-enditem|p1a: Mew|Red Card|[of] p2a: Type: Null\n|drag|p2a: Toxapex|Toxapex, M|100\/100\n|\n|upkeep\n|turn|25\n|\n|switch|p1a: Clefable|Clefable, F|60\/100 brn\n|switch|p2a: Tyranitar|Tyranitar, F|100\/100\n|-weather|Sandstorm|[from] ability: Sand Stream|[of] p2a: Tyranitar\n|\n|-weather|Sandstorm|[upkeep]\n|-heal|p1a: Clefable|66\/100 brn|[from] item: Leftovers\n|upkeep\n|turn|26\n|\n|switch|p1a: Corviknight|Corviknight, M|100\/100\n|-ability|p1a: Corviknight|Pressure\n|move|p2a: Tyranitar|Stone Edge|p1a: Corviknight\n|-damage|p1a: Corviknight|74\/100\n|\n|-weather|Sandstorm|[upkeep]\n|-heal|p1a: Corviknight|80\/100|[from] item: Leftovers\n|upkeep\n|turn|27\n|\n|switch|p2a: Toxapex|Toxapex, M|100\/100\n|move|p1a: Corviknight|Iron Head|p2a: Toxapex\n|-resisted|p2a: Toxapex\n|-damage|p2a: Toxapex|92\/100\n|\n|-weather|Sandstorm|[upkeep]\n|-damage|p2a: Toxapex|86\/100|[from] Sandstorm\n|-heal|p1a: Corviknight|86\/100|[from] item: Leftovers\n|-heal|p2a: Toxapex|92\/100|[from] item: Black Sludge\n|upkeep\n|turn|28\n|\n|move|p1a: Corviknight|U-turn|p2a: Toxapex\n|-resisted|p2a: Toxapex\n|-damage|p2a: Toxapex|87\/100\n|\n|switch|p1a: Seismitoad|Seismitoad, M|88\/100 tox|[from]move: U-turn\n|move|p2a: Toxapex|Toxic Spikes|p1a: Seismitoad\n|-sidestart|p1: yhdrslb|move: Toxic Spikes\n|\n|-weather|Sandstorm|[upkeep]\n|-damage|p2a: Toxapex|80\/100|[from] Sandstorm\n|-heal|p1a: Seismitoad|94\/100 tox|[from] item: Leftovers\n|-heal|p2a: Toxapex|87\/100|[from] item: Black Sludge\n|-damage|p1a: Seismitoad|88\/100 tox|[from] psn\n|upkeep\n|turn|29\n|\n|switch|p2a: Gyarados|Gyarados, M|61\/100\n|-ability|p2a: Gyarados|Intimidate|boost\n|-unboost|p1a: Seismitoad|atk|1\n|move|p1a: Seismitoad|Knock Off|p2a: Gyarados\n|-damage|p2a: Gyarados|53\/100\n|\n|-weather|none\n|-heal|p1a: Seismitoad|94\/100 tox|[from] item: Leftovers\n|-damage|p1a: Seismitoad|82\/100 tox|[from] psn\n|upkeep\n|turn|30\n|\n|move|p2a: Gyarados|Waterfall|p1a: Seismitoad\n|-heal|p1a: Seismitoad|100\/100 tox|[from] ability: Water Absorb|[of] p2a: Gyarados\n|move|p1a: Seismitoad|Toxic|p2a: Gyarados\n|-status|p2a: Gyarados|tox\n|\n|-damage|p2a: Gyarados|47\/100 tox|[from] psn\n|-damage|p1a: Seismitoad|82\/100 tox|[from] psn\n|upkeep\n|turn|31\n|\n|switch|p1a: Corviknight|Corviknight, M|86\/100\n|-ability|p1a: Corviknight|Pressure\n|move|p2a: Gyarados|Waterfall|p1a: Corviknight\n|-damage|p1a: Corviknight|62\/100\n|\n|-heal|p1a: Corviknight|68\/100|[from] item: Leftovers\n|-damage|p2a: Gyarados|34\/100 tox|[from] psn\n|upkeep\n|turn|32\n|\n|switch|p2a: Toxapex|Toxapex, M|100\/100\n|move|p1a: Corviknight|Defog|p2a: Toxapex\n|-unboost|p2a: Toxapex|evasion|1\n|-sideend|p1: yhdrslb|Toxic Spikes|[from] move: Defog|[of] p1a: Corviknight\n|\n|-heal|p1a: Corviknight|74\/100|[from] item: Leftovers\n|upkeep\n|turn|33\n|inactive|yhdrslb has 120 seconds left.\n|\n|move|p1a: Corviknight|U-turn|p2a: Toxapex\n|-resisted|p2a: Toxapex\n|-damage|p2a: Toxapex|96\/100\n|\n|switch|p1a: Seismitoad|Seismitoad, M|82\/100 tox|[from]move: U-turn\n|move|p2a: Toxapex|Scald|p1a: Seismitoad\n|-heal|p1a: Seismitoad|100\/100 tox|[from] ability: Water Absorb|[of] p2a: Toxapex\n|\n|-heal|p2a: Toxapex|100\/100|[from] item: Black Sludge\n|-damage|p1a: Seismitoad|94\/100 tox|[from] psn\n|upkeep\n|turn|34\n|\n|switch|p1a: Corviknight|Corviknight, M|74\/100\n|-ability|p1a: Corviknight|Pressure\n|move|p2a: Toxapex|Toxic Spikes|p1a: Corviknight\n|-sidestart|p1: yhdrslb|move: Toxic Spikes\n|\n|-heal|p1a: Corviknight|80\/100|[from] item: Leftovers\n|upkeep\n|turn|35\n|\n|switch|p2a: Cinderace|Cinderace, M|100\/100\n|move|p1a: Corviknight|Defog|p2a: Cinderace\n|-unboost|p2a: Cinderace|evasion|1\n|-sideend|p1: yhdrslb|Toxic Spikes|[from] move: Defog|[of] p1a: Corviknight\n|\n|-heal|p1a: Corviknight|87\/100|[from] item: Leftovers\n|upkeep\n|turn|36\n|\n|switch|p1a: Seismitoad|Seismitoad, M|94\/100 tox\n|move|p2a: Cinderace|Low Kick|p1a: Seismitoad\n|-damage|p1a: Seismitoad|77\/100 tox\n|\n|-heal|p1a: Seismitoad|84\/100 tox|[from] item: Leftovers\n|-damage|p1a: Seismitoad|77\/100 tox|[from] psn\n|upkeep\n|turn|37\n|\n|switch|p2a: Gyarados|Gyarados, M|34\/100 tox\n|-ability|p2a: Gyarados|Intimidate|boost\n|-unboost|p1a: Seismitoad|atk|1\n|move|p1a: Seismitoad|Stealth Rock|p2a: Gyarados\n|-sidestart|p2: ratikate|move: Stealth Rock\n|\n|-heal|p1a: Seismitoad|84\/100 tox|[from] item: Leftovers\n|-damage|p2a: Gyarados|28\/100 tox|[from] psn\n|-damage|p1a: Seismitoad|71\/100 tox|[from] psn\n|upkeep\n|turn|38\n|\n|switch|p1a: Corviknight|Corviknight, M|87\/100\n|-ability|p1a: Corviknight|Pressure\n|move|p2a: Gyarados|Power Whip|p1a: Corviknight\n|-resisted|p1a: Corviknight\n|-damage|p1a: Corviknight|80\/100\n|\n|-heal|p1a: Corviknight|86\/100|[from] item: Leftovers\n|-damage|p2a: Gyarados|16\/100 tox|[from] psn\n|upkeep\n|turn|39\n|\n|move|p2a: Gyarados|Power Whip|p1a: Corviknight\n|-resisted|p1a: Corviknight\n|-damage|p1a: Corviknight|80\/100\n|move|p1a: Corviknight|U-turn|p2a: Gyarados\n|-resisted|p2a: Gyarados\n|-damage|p2a: Gyarados|10\/100 tox\n|\n|switch|p1a: Seismitoad|Seismitoad, M|71\/100 tox|[from]move: U-turn\n|\n|-heal|p1a: Seismitoad|77\/100 tox|[from] item: Leftovers\n|-damage|p2a: Gyarados|0 fnt|[from] psn\n|faint|p2a: Gyarados\n|-damage|p1a: Seismitoad|71\/100 tox|[from] psn\n|upkeep\n|\n|switch|p2a: Type: Null|Type: Null|100\/100\n|-damage|p2a: Type: Null|88\/100|[from] Stealth Rock\n|turn|40\n|\n|switch|p2a: Toxapex|Toxapex, M|100\/100\n|-damage|p2a: Toxapex|88\/100|[from] Stealth Rock\n|move|p1a: Seismitoad|Knock Off|p2a: Toxapex\n|-damage|p2a: Toxapex|71\/100\n|-enditem|p2a: Toxapex|Black Sludge|[from] move: Knock Off|[of] p1a: Seismitoad\n|\n|-heal|p1a: Seismitoad|77\/100 tox|[from] item: Leftovers\n|-damage|p1a: Seismitoad|65\/100 tox|[from] psn\n|upkeep\n|turn|41\n|\n|move|p2a: Toxapex|Baneful Bunker|p2a: Toxapex\n|-singleturn|p2a: Toxapex|move: Protect\n|move|p1a: Seismitoad|Earthquake|p2a: Toxapex\n|-activate|p2a: Toxapex|move: Protect\n|\n|-heal|p1a: Seismitoad|71\/100 tox|[from] item: Leftovers\n|-damage|p1a: Seismitoad|53\/100 tox|[from] psn\n|upkeep\n|turn|42\n|\n|switch|p1a: Corviknight|Corviknight, M|80\/100\n|-ability|p1a: Corviknight|Pressure\n|move|p2a: Toxapex|Recover|p2a: Toxapex\n|-heal|p2a: Toxapex|100\/100\n|\n|-heal|p1a: Corviknight|87\/100|[from] item: Leftovers\n|upkeep\n|turn|43\n|\n|move|p1a: Corviknight|Iron Head|p2a: Toxapex\n|-resisted|p2a: Toxapex\n|-damage|p2a: Toxapex|92\/100\n|cant|p2a: Toxapex|flinch\n|\n|-heal|p1a: Corviknight|93\/100|[from] item: Leftovers\n|upkeep\n|turn|44\n|\n|move|p1a: Corviknight|U-turn|p2a: Toxapex\n|-resisted|p2a: Toxapex\n|-damage|p2a: Toxapex|87\/100\n|\n|switch|p1a: Seismitoad|Seismitoad, M|53\/100 tox|[from]move: U-turn\n|move|p2a: Toxapex|Scald|p1a: Seismitoad\n|-heal|p1a: Seismitoad|78\/100 tox|[from] ability: Water Absorb|[of] p2a: Toxapex\n|\n|-heal|p1a: Seismitoad|84\/100 tox|[from] item: Leftovers\n|-damage|p1a: Seismitoad|78\/100 tox|[from] psn\n|upkeep\n|turn|45\n|\n|switch|p1a: Corviknight|Corviknight, M|93\/100\n|-ability|p1a: Corviknight|Pressure\n|move|p2a: Toxapex|Baneful Bunker||[still]\n|-fail|p2a: Toxapex\n|\n|-heal|p1a: Corviknight|99\/100|[from] item: Leftovers\n|upkeep\n|turn|46\n|\n|move|p1a: Corviknight|U-turn|p2a: Toxapex\n|-resisted|p2a: Toxapex\n|-damage|p2a: Toxapex|82\/100\n|\n|switch|p1a: Dragapult|Dragapult, F|52\/100|[from]move: U-turn\n|move|p2a: Toxapex|Scald|p1a: Dragapult\n|-resisted|p1a: Dragapult\n|-damage|p1a: Dragapult|41\/100\n|\n|upkeep\n|turn|47\n|\n|move|p1a: Dragapult|Will-O-Wisp|p2a: Toxapex\n|-status|p2a: Toxapex|brn\n|move|p2a: Toxapex|Scald|p1a: Dragapult\n|-resisted|p1a: Dragapult\n|-damage|p1a: Dragapult|30\/100\n|-status|p1a: Dragapult|brn\n|\n|-damage|p1a: Dragapult|24\/100 brn|[from] brn\n|-damage|p2a: Toxapex|75\/100 brn|[from] brn\n|upkeep\n|turn|48\n|\n|switch|p1a: Clefable|Clefable, F|66\/100 brn\n|switch|p2a: Type: Null|Type: Null|88\/100\n|-damage|p2a: Type: Null|75\/100|[from] Stealth Rock\n|\n|-heal|p1a: Clefable|72\/100 brn|[from] item: Leftovers\n|upkeep\n|turn|49\n|\n|move|p1a: Clefable|Wish|p1a: Clefable\n|move|p2a: Type: Null|Crush Claw|p1a: Clefable\n|-damage|p1a: Clefable|44\/100 brn\n|-unboost|p1a: Clefable|def|1\n|\n|-heal|p1a: Clefable|50\/100 brn|[from] item: Leftovers\n|upkeep\n|turn|50\n|\n|switch|p1a: Dragapult|Dragapult, F|24\/100 brn\n|move|p2a: Type: Null|Swords Dance|p2a: Type: Null\n|-boost|p2a: Type: Null|atk|2\n|\n|-heal|p1a: Dragapult|86\/100 brn|[from] move: Wish|[wisher] Clefable\n|-damage|p1a: Dragapult|80\/100 brn|[from] brn\n|upkeep\n|turn|51\n|\n|move|p1a: Dragapult|Will-O-Wisp|p2a: Type: Null\n|-status|p2a: Type: Null|brn\n|move|p2a: Type: Null|Swords Dance|p2a: Type: Null\n|-boost|p2a: Type: Null|atk|2\n|\n|-damage|p1a: Dragapult|74\/100 brn|[from] brn\n|-damage|p2a: Type: Null|69\/100 brn|[from] brn\n|upkeep\n|turn|52\n|\n|move|p1a: Dragapult|U-turn|p2a: Type: Null\n|-damage|p2a: Type: Null|65\/100 brn\n|\n|switch|p1a: Mew|Mew|70\/100|[from]move: U-turn\n|move|p2a: Type: Null|Crush Claw|p1a: Mew\n|-damage|p1a: Mew|36\/100\n|\n|-damage|p2a: Type: Null|59\/100 brn|[from] brn\n|upkeep\n|turn|53\n|\n|move|p1a: Mew|Roost|p1a: Mew\n|-heal|p1a: Mew|86\/100\n|-singleturn|p1a: Mew|move: Roost\n|move|p2a: Type: Null|Crush Claw|p1a: Mew\n|-damage|p1a: Mew|51\/100\n|\n|-damage|p2a: Type: Null|53\/100 brn|[from] brn\n|upkeep\n|turn|54\n|\n|move|p1a: Mew|Roost|p1a: Mew\n|-heal|p1a: Mew|100\/100\n|-singleturn|p1a: Mew|move: Roost\n|move|p2a: Type: Null|Crush Claw|p1a: Mew\n|-damage|p1a: Mew|69\/100\n|-unboost|p1a: Mew|def|1\n|\n|-damage|p2a: Type: Null|46\/100 brn|[from] brn\n|upkeep\n|turn|55\n|\n|move|p1a: Mew|Cosmic Power|p1a: Mew\n|-boost|p1a: Mew|def|1\n|-boost|p1a: Mew|spd|1\n|move|p2a: Type: Null|Rest|p2a: Type: Null\n|-status|p2a: Type: Null|slp|[from] move: Rest\n|-heal|p2a: Type: Null|100\/100 slp|[silent]\n|\n|upkeep\n|turn|56\n|\n|switch|p1a: Dragapult|Dragapult, F|74\/100 brn\n|cant|p2a: Type: Null|slp\n|move|p2a: Type: Null|Sleep Talk|p2a: Type: Null\n|move|p2a: Type: Null|Rest|p2a: Type: Null|[from]Sleep Talk\n|-fail|p2a: Type: Null|heal\n|\n|-damage|p1a: Dragapult|68\/100 brn|[from] brn\n|upkeep\n|turn|57\n|\n|move|p1a: Dragapult|Hex|p2a: Type: Null\n|-immune|p2a: Type: Null\n|cant|p2a: Type: Null|slp\n|\n|-damage|p1a: Dragapult|62\/100 brn|[from] brn\n|upkeep\n|turn|58\n|\n|move|p1a: Dragapult|Hex|p2a: Type: Null\n|-immune|p2a: Type: Null\n|-curestatus|p2a: Type: Null|slp|[msg]\n|move|p2a: Type: Null|Swords Dance|p2a: Type: Null\n|-boost|p2a: Type: Null|atk|2\n|\n|-damage|p1a: Dragapult|56\/100 brn|[from] brn\n|upkeep\n|turn|59\n|\n|move|p1a: Dragapult|Will-O-Wisp|p2a: Type: Null|[miss]\n|-miss|p1a: Dragapult|p2a: Type: Null\n|move|p2a: Type: Null|Rest|p2a: Type: Null\n|-fail|p2a: Type: Null|heal\n|\n|-damage|p1a: Dragapult|50\/100 brn|[from] brn\n|upkeep\n|turn|60\n|\n|move|p1a: Dragapult|Will-O-Wisp|p2a: Type: Null\n|-status|p2a: Type: Null|brn\n|move|p2a: Type: Null|Rest|p2a: Type: Null\n|-fail|p2a: Type: Null|heal\n|\n|-damage|p1a: Dragapult|45\/100 brn|[from] brn\n|-damage|p2a: Type: Null|94\/100 brn|[from] brn\n|upkeep\n|turn|61\n|\n|move|p1a: Dragapult|U-turn|p2a: Type: Null\n|-damage|p2a: Type: Null|90\/100 brn\n|\n|switch|p1a: Corviknight|Corviknight, M|99\/100|[from]move: U-turn\n|-ability|p1a: Corviknight|Pressure\n|move|p2a: Type: Null|Crush Claw|p1a: Corviknight\n|-resisted|p1a: Corviknight\n|-damage|p1a: Corviknight|84\/100\n|-unboost|p1a: Corviknight|def|1\n|\n|-heal|p1a: Corviknight|90\/100|[from] item: Leftovers\n|-damage|p2a: Type: Null|84\/100 brn|[from] brn\n|upkeep\n|turn|62\n|\n|move|p1a: Corviknight|Iron Head|p2a: Type: Null\n|-damage|p2a: Type: Null|72\/100 brn\n|move|p2a: Type: Null|Rest|p2a: Type: Null\n|-status|p2a: Type: Null|slp|[from] move: Rest\n|-heal|p2a: Type: Null|100\/100 slp|[silent]\n|\n|-heal|p1a: Corviknight|96\/100|[from] item: Leftovers\n|upkeep\n|turn|63\n|\n|move|p1a: Corviknight|Iron Head|p2a: Type: Null\n|-damage|p2a: Type: Null|90\/100 slp\n|cant|p2a: Type: Null|slp\n|move|p2a: Type: Null|Sleep Talk|p2a: Type: Null\n|move|p2a: Type: Null|Rest|p2a: Type: Null|[from]Sleep Talk\n|-fail|p2a: Type: Null\n|\n|-heal|p1a: Corviknight|100\/100|[from] item: Leftovers\n|upkeep\n|turn|64\n|\n|move|p1a: Corviknight|Iron Head|p2a: Type: Null\n|-damage|p2a: Type: Null|80\/100 slp\n|cant|p2a: Type: Null|slp\n|\n|upkeep\n|turn|65\n|\n|switch|p1a: Dragapult|Dragapult, F|45\/100 brn\n|-curestatus|p2a: Type: Null|slp|[msg]\n|move|p2a: Type: Null|Swords Dance|p2a: Type: Null\n|-boost|p2a: Type: Null|atk|0\n|\n|-damage|p1a: Dragapult|39\/100 brn|[from] brn\n|upkeep\n|turn|66\n|\n|move|p1a: Dragapult|Will-O-Wisp|p2a: Type: Null\n|-status|p2a: Type: Null|brn\n|move|p2a: Type: Null|Swords Dance|p2a: Type: Null\n|-boost|p2a: Type: Null|atk|0\n|\n|-damage|p1a: Dragapult|33\/100 brn|[from] brn\n|-damage|p2a: Type: Null|73\/100 brn|[from] brn\n|upkeep\n|turn|67\n|\n|switch|p1a: Clefable|Clefable, F|50\/100 brn\n|switch|p2a: Cinderace|Cinderace, M|100\/100\n|\n|-heal|p1a: Clefable|56\/100 brn|[from] item: Leftovers\n|upkeep\n|turn|68\n|\n|switch|p1a: Rotom|Rotom-Heat|100\/100\n|move|p2a: Cinderace|Pyro Ball|p1a: Rotom\n|-resisted|p1a: Rotom\n|-damage|p1a: Rotom|64\/100\n|\n|upkeep\n|turn|69\n|\n|move|p2a: Cinderace|Gunk Shot|p1a: Rotom\n|-crit|p1a: Rotom\n|-damage|p1a: Rotom|0 fnt\n|faint|p1a: Rotom\n|\n|upkeep\n|inactive|yhdrslb has 120 seconds left.\n|\n|switch|p1a: Mew|Mew|69\/100\n|turn|70\n|\n|move|p2a: Cinderace|Pyro Ball|p1a: Mew\n|-damage|p1a: Mew|19\/100\n|move|p1a: Mew|Cosmic Power|p1a: Mew\n|-boost|p1a: Mew|def|1\n|-boost|p1a: Mew|spd|1\n|\n|upkeep\n|turn|71\n|\n|move|p2a: Cinderace|Pyro Ball|p1a: Mew\n|-damage|p1a: Mew|0 fnt\n|faint|p1a: Mew\n|\n|upkeep\n|\n|switch|p1a: Seismitoad|Seismitoad, M|78\/100 tox\n|turn|72\n|\n|switch|p2a: Type: Null|Type: Null|73\/100 brn\n|-damage|p2a: Type: Null|61\/100 brn|[from] Stealth Rock\n|move|p1a: Seismitoad|Knock Off|p2a: Type: Null\n|-damage|p2a: Type: Null|50\/100 brn\n|-enditem|p2a: Type: Null|Eviolite|[from] move: Knock Off|[of] p1a: Seismitoad\n|\n|-heal|p1a: Seismitoad|84\/100 tox|[from] item: Leftovers\n|-damage|p1a: Seismitoad|78\/100 tox|[from] psn\n|-damage|p2a: Type: Null|44\/100 brn|[from] brn\n|upkeep\n|turn|73\n|\n|switch|p1a: Clefable|Clefable, F|56\/100 brn\n|switch|p2a: Cinderace|Cinderace, M|100\/100\n|\n|-heal|p1a: Clefable|62\/100 brn|[from] item: Leftovers\n|upkeep\n|turn|74\n|\n|move|p1a: Clefable|Protect|p1a: Clefable\n|-singleturn|p1a: Clefable|Protect\n|move|p2a: Cinderace|Pyro Ball|p1a: Clefable\n|-activate|p1a: Clefable|move: Protect\n|\n|-heal|p1a: Clefable|68\/100 brn|[from] item: Leftovers\n|upkeep\n|turn|75\n|\n|switch|p1a: Seismitoad|Seismitoad, M|78\/100 tox\n|move|p2a: Cinderace|Gunk Shot|p1a: Seismitoad\n|-resisted|p1a: Seismitoad\n|-damage|p1a: Seismitoad|63\/100 tox\n|\n|-heal|p1a: Seismitoad|70\/100 tox|[from] item: Leftovers\n|-damage|p1a: Seismitoad|63\/100 tox|[from] psn\n|upkeep\n|turn|76\n|\n|move|p2a: Cinderace|Pyro Ball|p1a: Seismitoad\n|-resisted|p1a: Seismitoad\n|-damage|p1a: Seismitoad|44\/100 tox\n|move|p1a: Seismitoad|Knock Off|p2a: Cinderace\n|-damage|p2a: Cinderace|69\/100\n|-enditem|p2a: Cinderace|Heavy-Duty Boots|[from] move: Knock Off|[of] p1a: Seismitoad\n|\n|-heal|p1a: Seismitoad|50\/100 tox|[from] item: Leftovers\n|-damage|p1a: Seismitoad|38\/100 tox|[from] psn\n|upkeep\n|turn|77\n|\n|switch|p2a: Toxapex|Toxapex, M|100\/100 brn\n|-damage|p2a: Toxapex|88\/100 brn|[from] Stealth Rock\n|move|p1a: Seismitoad|Earthquake|p2a: Toxapex\n|-supereffective|p2a: Toxapex\n|-crit|p2a: Toxapex\n|-damage|p2a: Toxapex|12\/100 brn\n|\n|-heal|p1a: Seismitoad|44\/100 tox|[from] item: Leftovers\n|-damage|p1a: Seismitoad|25\/100 tox|[from] psn\n|-damage|p2a: Toxapex|6\/100 brn|[from] brn\n|upkeep\n|turn|78\n|\n|switch|p1a: Clefable|Clefable, F|68\/100 brn\n|switch|p2a: Type: Null|Type: Null|44\/100 brn\n|-damage|p2a: Type: Null|31\/100 brn|[from] Stealth Rock\n|\n|-heal|p1a: Clefable|74\/100 brn|[from] item: Leftovers\n|-damage|p2a: Type: Null|25\/100 brn|[from] brn\n|upkeep\n|turn|79\n|\n|switch|p2a: Cinderace|Cinderace, M|69\/100\n|-damage|p2a: Cinderace|44\/100|[from] Stealth Rock\n|move|p1a: Clefable|Wish|p1a: Clefable\n|\n|-heal|p1a: Clefable|80\/100 brn|[from] item: Leftovers\n|upkeep\n|turn|80\n|\n|move|p2a: Cinderace|Pyro Ball|p1a: Clefable\n|-damage|p1a: Clefable|14\/100 brn\n|move|p1a: Clefable|Teleport|p1a: Clefable\n|\n|switch|p1a: Seismitoad|Seismitoad, M|25\/100 tox|[from]move: Teleport\n|\n|-heal|p1a: Seismitoad|73\/100 tox|[from] move: Wish|[wisher] Clefable\n|-heal|p1a: Seismitoad|79\/100 tox|[from] item: Leftovers\n|-damage|p1a: Seismitoad|73\/100 tox|[from] psn\n|upkeep\n|turn|81\n|\n|move|p2a: Cinderace|Court Change|p2a: Cinderace\n|-sideend|p2: ratikate|Stealth Rock|[silent]\n|-sidestart|p1: yhdrslb|Stealth Rock|[silent]\n|-activate|p2a: Cinderace|move: Court Change\n|move|p1a: Seismitoad|Earthquake|p2a: Cinderace\n|-supereffective|p2a: Cinderace\n|-damage|p2a: Cinderace|0 fnt\n|faint|p2a: Cinderace\n|\n|-heal|p1a: Seismitoad|79\/100 tox|[from] item: Leftovers\n|-damage|p1a: Seismitoad|67\/100 tox|[from] psn\n|upkeep\n|\n|switch|p2a: Tyranitar|Tyranitar, F|100\/100\n|-weather|Sandstorm|[from] ability: Sand Stream|[of] p2a: Tyranitar\n|turn|82\n|\n|move|p1a: Seismitoad|Knock Off|p2a: Tyranitar\n|-resisted|p2a: Tyranitar\n|-damage|p2a: Tyranitar|94\/100\n|-enditem|p2a: Tyranitar|Assault Vest|[from] move: Knock Off|[of] p1a: Seismitoad\n|move|p2a: Tyranitar|Power-Up Punch|p1a: Seismitoad\n|-damage|p1a: Seismitoad|57\/100 tox\n|-boost|p2a: Tyranitar|atk|1\n|\n|-weather|Sandstorm|[upkeep]\n|-heal|p1a: Seismitoad|63\/100 tox|[from] item: Leftovers\n|-damage|p1a: Seismitoad|45\/100 tox|[from] psn\n|upkeep\n|turn|83\n|\n|move|p1a: Seismitoad|Toxic|p2a: Tyranitar\n|-status|p2a: Tyranitar|tox\n|move|p2a: Tyranitar|Power-Up Punch|p1a: Seismitoad\n|-damage|p1a: Seismitoad|31\/100 tox\n|-boost|p2a: Tyranitar|atk|1\n|\n|-weather|Sandstorm|[upkeep]\n|-heal|p1a: Seismitoad|37\/100 tox|[from] item: Leftovers\n|-damage|p1a: Seismitoad|13\/100 tox|[from] psn\n|-damage|p2a: Tyranitar|87\/100 tox|[from] psn\n|upkeep\n|turn|84\n|\n|switch|p1a: Corviknight|Corviknight, M|100\/100\n|-damage|p1a: Corviknight|88\/100|[from] Stealth Rock\n|-ability|p1a: Corviknight|Pressure\n|move|p2a: Tyranitar|Power-Up Punch|p1a: Corviknight\n|-damage|p1a: Corviknight|72\/100\n|-boost|p2a: Tyranitar|atk|1\n|\n|-weather|Sandstorm|[upkeep]\n|-heal|p1a: Corviknight|78\/100|[from] item: Leftovers\n|-damage|p2a: Tyranitar|75\/100 tox|[from] psn\n|upkeep\n|turn|85\n|\n|move|p1a: Corviknight|Defog|p2a: Tyranitar\n|-unboost|p2a: Tyranitar|evasion|1\n|-sideend|p1: yhdrslb|Stealth Rock|[from] move: Defog|[of] p1a: Corviknight\n|move|p2a: Tyranitar|Stone Edge|p1a: Corviknight\n|-damage|p1a: Corviknight|2\/100\n|\n|-weather|Sandstorm|[upkeep]\n|-heal|p1a: Corviknight|8\/100|[from] item: Leftovers\n|-damage|p2a: Tyranitar|56\/100 tox|[from] psn\n|upkeep\n|turn|86\n|\n|move|p1a: Corviknight|Iron Head|p2a: Tyranitar\n|-supereffective|p2a: Tyranitar\n|-damage|p2a: Tyranitar|29\/100 tox\n|move|p2a: Tyranitar|Power-Up Punch|p1a: Corviknight\n|-damage|p1a: Corviknight|0 fnt\n|-boost|p2a: Tyranitar|atk|1\n|faint|p1a: Corviknight\n|\n|-weather|none\n|-damage|p2a: Tyranitar|4\/100 tox|[from] psn\n|upkeep\n|\n|switch|p1a: Clefable|Clefable, F|14\/100 brn\n|turn|87\n|\n|switch|p2a: Toxapex|Toxapex, M|39\/100 brn\n|move|p1a: Clefable|Protect||[still]\n|-fail|p1a: Clefable\n|\n|-heal|p1a: Clefable|20\/100 brn|[from] item: Leftovers\n|-damage|p2a: Toxapex|33\/100 brn|[from] brn\n|upkeep\n|turn|88\n|\n|move|p1a: Clefable|Wish|p1a: Clefable\n|move|p2a: Toxapex|Scald|p1a: Clefable\n|-damage|p1a: Clefable|9\/100 brn\n|\n|-heal|p1a: Clefable|15\/100 brn|[from] item: Leftovers\n|-damage|p2a: Toxapex|27\/100 brn|[from] brn\n|upkeep\n|turn|89\n|\n|move|p1a: Clefable|Moonblast|p2a: Toxapex\n|-resisted|p2a: Toxapex\n|-damage|p2a: Toxapex|17\/100 brn\n|-unboost|p2a: Toxapex|spa|1\n|move|p2a: Toxapex|Scald|p1a: Clefable\n|-damage|p1a: Clefable|8\/100 brn\n|\n|-heal|p1a: Clefable|58\/100 brn|[from] move: Wish|[wisher] Clefable\n|-heal|p1a: Clefable|64\/100 brn|[from] item: Leftovers\n|-damage|p2a: Toxapex|11\/100 brn|[from] brn\n|upkeep\n|turn|90\n|c|\u2606ratikate|gg\n|c|\u2606yhdrslb|gg\n|\n|switch|p2a: Type: Null|Type: Null|25\/100 brn\n|move|p1a: Clefable|Moonblast|p2a: Type: Null\n|-damage|p2a: Type: Null|0 fnt\n|faint|p2a: Type: Null\n|\n|-heal|p1a: Clefable|71\/100 brn|[from] item: Leftovers\n|upkeep\n|\n|switch|p2a: Tyranitar|Tyranitar, F|4\/100 tox\n|-weather|Sandstorm|[from] ability: Sand Stream|[of] p2a: Tyranitar\n|turn|91\n|\n|move|p1a: Clefable|Protect|p1a: Clefable\n|-singleturn|p1a: Clefable|Protect\n|move|p2a: Tyranitar|Stone Edge|p1a: Clefable\n|-activate|p1a: Clefable|move: Protect\n|\n|-weather|Sandstorm|[upkeep]\n|-heal|p1a: Clefable|77\/100 brn|[from] item: Leftovers\n|-damage|p2a: Tyranitar|0 fnt|[from] psn\n|faint|p2a: Tyranitar\n|upkeep\n|\n|switch|p2a: Toxapex|Toxapex, M|44\/100 brn\n|turn|92\n|\n|move|p1a: Clefable|Wish|p1a: Clefable\n|move|p2a: Toxapex|Scald|p1a: Clefable\n|-damage|p1a: Clefable|67\/100 brn\n|\n|-weather|Sandstorm|[upkeep]\n|-damage|p2a: Toxapex|38\/100 brn|[from] Sandstorm\n|-heal|p1a: Clefable|73\/100 brn|[from] item: Leftovers\n|-damage|p2a: Toxapex|31\/100 brn|[from] brn\n|upkeep\n|turn|93\n|\n|move|p2a: Toxapex|Scald|p1a: Clefable\n|-damage|p1a: Clefable|64\/100 brn\n|move|p1a: Clefable|Teleport|p1a: Clefable\n|\n|switch|p1a: Dragapult|Dragapult, F|33\/100 brn|[from]move: Teleport\n|\n|-weather|Sandstorm|[upkeep]\n|-damage|p1a: Dragapult|27\/100 brn|[from] Sandstorm\n|-damage|p2a: Toxapex|25\/100 brn|[from] Sandstorm\n|-heal|p1a: Dragapult|89\/100 brn|[from] move: Wish|[wisher] Clefable\n|-damage|p1a: Dragapult|83\/100 brn|[from] brn\n|-damage|p2a: Toxapex|19\/100 brn|[from] brn\n|upkeep\n|turn|94\n|c|\u2606yhdrslb|L\n|-message|ratikate forfeited.\n|\n|win|yhdrslb\n|l|\u2606ratikate\n|raw|yhdrslb's rating: 1317 &rarr; <strong>1336<\/strong><br \/>(+19 for winning)\n|raw|ratikate's rating: 1297 &rarr; <strong>1273<\/strong><br \/>(-24 for losing)\n","uploadtime":1589338844,"views":11,"p1id":"yhdrslb","p2id":"ratikate","formatid":"gen8ou","rating":1273,"private":0,"password":null}