{"id":"gen8ou-1572871399","p1":"Delibird Heart","p2":"Selah","format":"gen8ou","log":"|j|\u2606Delibird Heart\n|j|\u2606Selah\n|t:|1652314553\n|gametype|singles\n|player|p1|Delibird Heart|koga-gen1|1784\n|player|p2|Selah|burglar-gen1|1793\n|teamsize|p1|6\n|teamsize|p2|6\n|gen|8\n|tier|[Gen 8] OU\n|rated|\n|rule|Sleep Clause Mod: Limit one foe put to sleep\n|rule|Species Clause: Limit one of each Pok\u00e9mon\n|rule|OHKO Clause: OHKO moves are banned\n|rule|Evasion Moves Clause: Evasion moves are banned\n|rule|Endless Battle Clause: Forcing endless battles is banned\n|rule|HP Percentage Mod: HP is shown in percentages\n|rule|Dynamax Clause: You cannot dynamax\n|clearpoke\n|poke|p1|Mienshao, M|\n|poke|p1|Landorus-Therian, M|\n|poke|p1|Tapu Koko|\n|poke|p1|Tangrowth, M|\n|poke|p1|Coalossal, M|\n|poke|p1|Slowking, F|\n|poke|p2|Slowbro, M|\n|poke|p2|Buzzwole|\n|poke|p2|Melmetal|\n|poke|p2|Garchomp, M|\n|poke|p2|Zapdos|\n|poke|p2|Weavile, M|\n|teampreview\n|inactive|Battle timer is ON: inactive players will automatically lose when time's up. (requested by Delibird Heart)\n|\n|t:|1652314571\n|start\n|switch|p1a: fuck weavile|Coalossal, M|100\/100\n|switch|p2a: Weavile|Weavile, M, shiny|100\/100\n|-ability|p2a: Weavile|Pressure\n|turn|1\n|\n|t:|1652314579\n|switch|p2a: Garchomp|Garchomp, M|100\/100\n|move|p1a: fuck weavile|Spikes|p2a: Garchomp\n|-sidestart|p2: Selah|Spikes\n|\n|upkeep\n|turn|2\n|\n|t:|1652314590\n|switch|p1a: Tangrowth|Tangrowth, M|100\/100\n|move|p2a: Garchomp|Stealth Rock|p1a: Tangrowth\n|-sidestart|p1: Delibird Heart|move: Stealth Rock\n|\n|upkeep\n|turn|3\n|\n|t:|1652314593\n|move|p2a: Garchomp|Toxic|p1a: Tangrowth\n|-status|p1a: Tangrowth|tox\n|move|p1a: Tangrowth|Sleep Powder|p2a: Garchomp\n|-status|p2a: Garchomp|slp|[from] move: Sleep Powder\n|\n|-damage|p1a: Tangrowth|94\/100 tox|[from] psn\n|upkeep\n|turn|4\n|\n|t:|1652314596\n|switch|p1a: Jackie|Mienshao, M, shiny|100\/100\n|-damage|p1a: Jackie|95\/100|[from] Stealth Rock\n|cant|p2a: Garchomp|slp\n|\n|upkeep\n|turn|5\n|\n|t:|1652314603\n|move|p1a: Jackie|U-turn|p2a: Garchomp\n|-damage|p2a: Garchomp|65\/100 slp\n|-damage|p1a: Jackie|82\/100|[from] ability: Rough Skin|[of] p2a: Garchomp\n|\n|t:|1652314608\n|switch|p1a: Tangrowth|Tangrowth, M|100\/100 tox|[from]move: U-turn\n|-damage|p1a: Tangrowth|88\/100 tox|[from] Stealth Rock\n|-curestatus|p2a: Garchomp|slp|[msg]\n|move|p2a: Garchomp|Earthquake|p1a: Tangrowth\n|-resisted|p1a: Tangrowth\n|-damage|p1a: Tangrowth|77\/100 tox\n|\n|-heal|p2a: Garchomp|71\/100|[from] item: Leftovers\n|-damage|p1a: Tangrowth|71\/100 tox|[from] psn\n|upkeep\n|turn|6\n|\n|t:|1652314613\n|move|p2a: Garchomp|Rock Slide|p1a: Tangrowth\n|-damage|p1a: Tangrowth|60\/100 tox\n|cant|p1a: Tangrowth|flinch\n|\n|-heal|p2a: Garchomp|77\/100|[from] item: Leftovers\n|-damage|p1a: Tangrowth|47\/100 tox|[from] psn\n|upkeep\n|turn|7\n|\n|t:|1652314618\n|move|p2a: Garchomp|Rock Slide|p1a: Tangrowth\n|-damage|p1a: Tangrowth|37\/100 tox\n|move|p1a: Tangrowth|Sleep Powder|p2a: Garchomp\n|-status|p2a: Garchomp|slp|[from] move: Sleep Powder\n|\n|-heal|p2a: Garchomp|83\/100 slp|[from] item: Leftovers\n|-damage|p1a: Tangrowth|18\/100 tox|[from] psn\n|upkeep\n|turn|8\n|\n|t:|1652314622\n|switch|p1a: Jackie|Mienshao, M, shiny|82\/100\n|-damage|p1a: Jackie|77\/100|[from] Stealth Rock\n|cant|p2a: Garchomp|slp\n|\n|-heal|p2a: Garchomp|89\/100 slp|[from] item: Leftovers\n|upkeep\n|turn|9\n|\n|t:|1652314630\n|switch|p2a: Slowbro|Slowbro, M|100\/100\n|move|p1a: Jackie|High Jump Kick|p2a: Slowbro\n|-resisted|p2a: Slowbro\n|-damage|p2a: Slowbro|45\/100\n|\n|upkeep\n|turn|10\n|\n|t:|1652314634\n|switch|p2a: Zapdos|Zapdos|100\/100\n|move|p1a: Jackie|High Jump Kick|p2a: Zapdos\n|-resisted|p2a: Zapdos\n|-damage|p2a: Zapdos|56\/100\n|\n|upkeep\n|turn|11\n|\n|t:|1652314645\n|switch|p1a: Slowking|Slowking, F|100\/100\n|move|p2a: Zapdos|Roost|p2a: Zapdos\n|-heal|p2a: Zapdos|100\/100\n|-singleturn|p2a: Zapdos|move: Roost\n|\n|upkeep\n|turn|12\n|\n|t:|1652314647\n|move|p2a: Zapdos|Hurricane|p1a: Slowking\n|-damage|p1a: Slowking|75\/100\n|move|p1a: Slowking|Future Sight|p2a: Zapdos\n|-start|p1a: Slowking|move: Future Sight\n|\n|upkeep\n|turn|13\n|\n|t:|1652314651\n|move|p2a: Zapdos|Volt Switch|p1a: Slowking\n|-supereffective|p1a: Slowking\n|-damage|p1a: Slowking|43\/100\n|\n|t:|1652314653\n|switch|p2a: Slowbro|Slowbro, M|78\/100|[from]move: Volt Switch\n|move|p1a: Slowking|Teleport|p1a: Slowking\n|\n|t:|1652314657\n|switch|p1a: Jackie|Mienshao, M, shiny|77\/100|[from]move: Teleport\n|-damage|p1a: Jackie|71\/100|[from] Stealth Rock\n|\n|upkeep\n|turn|14\n|\n|t:|1652314661\n|move|p1a: Jackie|Knock Off|p2a: Slowbro\n|-supereffective|p2a: Slowbro\n|-damage|p2a: Slowbro|0 fnt\n|-enditem|p2a: Slowbro|Heavy-Duty Boots|[from] move: Knock Off|[of] p1a: Jackie\n|faint|p2a: Slowbro\n|\n|-hint|Future Sight did not hit because the target is fainted.\n|upkeep\n|\n|t:|1652314666\n|switch|p2a: Weavile|Weavile, M, shiny|100\/100\n|-damage|p2a: Weavile|88\/100|[from] Spikes\n|-ability|p2a: Weavile|Pressure\n|turn|15\n|\n|t:|1652314675\n|switch|p2a: Garchomp|Garchomp, M|89\/100 slp\n|-damage|p2a: Garchomp|77\/100 slp|[from] Spikes\n|switch|p1a: Tangrowth|Tangrowth, M|51\/100 tox\n|-damage|p1a: Tangrowth|39\/100 tox|[from] Stealth Rock\n|\n|-heal|p2a: Garchomp|83\/100 slp|[from] item: Leftovers\n|-damage|p1a: Tangrowth|33\/100 tox|[from] psn\n|upkeep\n|turn|16\n|\n|t:|1652314685\n|-curestatus|p2a: Garchomp|slp|[msg]\n|move|p2a: Garchomp|Earthquake|p1a: Tangrowth\n|-resisted|p1a: Tangrowth\n|-damage|p1a: Tangrowth|22\/100 tox\n|move|p1a: Tangrowth|Giga Drain|p2a: Garchomp\n|-damage|p2a: Garchomp|63\/100\n|-heal|p1a: Tangrowth|32\/100 tox|[from] drain|[of] p2a: Garchomp\n|\n|-heal|p2a: Garchomp|69\/100|[from] item: Leftovers\n|-damage|p1a: Tangrowth|20\/100 tox|[from] psn\n|upkeep\n|turn|17\n|\n|t:|1652314694\n|switch|p1a: Landorus|Landorus-Therian, M|100\/100\n|-damage|p1a: Landorus|88\/100|[from] Stealth Rock\n|-ability|p1a: Landorus|Intimidate|boost\n|-unboost|p2a: Garchomp|atk|1\n|move|p2a: Garchomp|Toxic|p1a: Landorus\n|-status|p1a: Landorus|tox\n|\n|-heal|p2a: Garchomp|75\/100|[from] item: Leftovers\n|-damage|p1a: Landorus|82\/100 tox|[from] psn\n|upkeep\n|turn|18\n|\n|t:|1652314699\n|move|p1a: Landorus|Stealth Rock|p2a: Garchomp\n|-sidestart|p2: Selah|move: Stealth Rock\n|move|p2a: Garchomp|Rock Slide|p1a: Landorus\n|-damage|p1a: Landorus|64\/100 tox\n|\n|-heal|p2a: Garchomp|81\/100|[from] item: Leftovers\n|-damage|p1a: Landorus|53\/100 tox|[from] psn\n|upkeep\n|turn|19\n|\n|t:|1652314703\n|move|p1a: Landorus|Earthquake|p2a: Garchomp\n|-damage|p2a: Garchomp|23\/100\n|move|p2a: Garchomp|Rock Slide|p1a: Landorus\n|-damage|p1a: Landorus|35\/100 tox\n|\n|-heal|p2a: Garchomp|29\/100|[from] item: Leftovers\n|-damage|p1a: Landorus|17\/100 tox|[from] psn\n|upkeep\n|turn|20\n|\n|t:|1652314712\n|switch|p2a: Zapdos|Zapdos|100\/100\n|move|p1a: Landorus|Earthquake|p2a: Zapdos\n|-immune|p2a: Zapdos\n|\n|-damage|p1a: Landorus|0 fnt|[from] psn\n|faint|p1a: Landorus\n|upkeep\n|\n|t:|1652314717\n|switch|p1a: Tapu Koko|Tapu Koko|100\/100\n|-fieldstart|move: Electric Terrain|[from] ability: Electric Surge|[of] p1a: Tapu Koko\n|turn|21\n|\n|t:|1652314720\n|move|p1a: Tapu Koko|Thunderbolt|p2a: Zapdos\n|-damage|p2a: Zapdos|49\/100\n|move|p2a: Zapdos|Defog|p1a: Tapu Koko\n|-unboost|p1a: Tapu Koko|evasion|1\n|-sideend|p1: Delibird Heart|Stealth Rock|[from] move: Defog|[of] p2a: Zapdos\n|-sideend|p2: Selah|Spikes|[from] move: Defog|[of] p2a: Zapdos\n|-sideend|p2: Selah|Stealth Rock|[from] move: Defog|[of] p2a: Zapdos\n|-fieldend|move: Electric Terrain\n|\n|upkeep\n|turn|22\n|\n|t:|1652314725\n|move|p1a: Tapu Koko|Thunderbolt|p2a: Zapdos\n|-damage|p2a: Zapdos|14\/100\n|move|p2a: Zapdos|Roost|p2a: Zapdos\n|-heal|p2a: Zapdos|64\/100\n|-singleturn|p2a: Zapdos|move: Roost\n|\n|upkeep\n|turn|23\n|\n|t:|1652314730\n|move|p1a: Tapu Koko|Thunderbolt|p2a: Zapdos\n|-damage|p2a: Zapdos|27\/100\n|move|p2a: Zapdos|Roost|p2a: Zapdos\n|-heal|p2a: Zapdos|78\/100\n|-singleturn|p2a: Zapdos|move: Roost\n|\n|upkeep\n|turn|24\n|\n|t:|1652314732\n|move|p1a: Tapu Koko|Thunderbolt|p2a: Zapdos\n|-damage|p2a: Zapdos|40\/100\n|move|p2a: Zapdos|Roost|p2a: Zapdos\n|-heal|p2a: Zapdos|91\/100\n|-singleturn|p2a: Zapdos|move: Roost\n|\n|upkeep\n|turn|25\n|\n|t:|1652314734\n|move|p1a: Tapu Koko|Thunderbolt|p2a: Zapdos\n|-damage|p2a: Zapdos|53\/100\n|move|p2a: Zapdos|Volt Switch|p1a: Tapu Koko\n|-resisted|p1a: Tapu Koko\n|-damage|p1a: Tapu Koko|78\/100\n|\n|t:|1652314739\n|switch|p2a: Melmetal|Melmetal|100\/100|[from]move: Volt Switch\n|\n|upkeep\n|turn|26\n|\n|t:|1652314751\n|switch|p1a: Tangrowth|Tangrowth, M|53\/100 tox\n|move|p2a: Melmetal|Earthquake|p1a: Tangrowth\n|-resisted|p1a: Tangrowth\n|-damage|p1a: Tangrowth|44\/100 tox\n|\n|-damage|p1a: Tangrowth|37\/100 tox|[from] psn\n|upkeep\n|turn|27\n|\n|t:|1652314765\n|move|p1a: Tangrowth|Sleep Powder|p2a: Melmetal\n|-status|p2a: Melmetal|slp|[from] move: Sleep Powder\n|cant|p2a: Melmetal|slp\n|\n|-damage|p1a: Tangrowth|25\/100 tox|[from] psn\n|upkeep\n|turn|28\n|\n|t:|1652314767\n|switch|p1a: Jackie|Mienshao, M, shiny|71\/100\n|cant|p2a: Melmetal|slp\n|\n|upkeep\n|turn|29\n|\n|t:|1652314772\n|switch|p2a: Buzzwole|Buzzwole|100\/100\n|move|p1a: Jackie|High Jump Kick|p2a: Buzzwole\n|-resisted|p2a: Buzzwole\n|-damage|p2a: Buzzwole|61\/100\n|\n|upkeep\n|turn|30\n|j| altmelmeddle\n|\n|t:|1652314783\n|switch|p1a: Slowking|Slowking, F|76\/100\n|move|p2a: Buzzwole|Leech Life|p1a: Slowking\n|-supereffective|p1a: Slowking\n|-damage|p1a: Slowking|0 fnt\n|-heal|p2a: Buzzwole|100\/100|[from] drain|[of] p1a: Slowking\n|faint|p1a: Slowking\n|-ability|p2a: Buzzwole|Beast Boost|boost\n|-boost|p2a: Buzzwole|atk|1\n|\n|upkeep\n|\n|t:|1652314789\n|switch|p1a: fuck weavile|Coalossal, M|100\/100\n|turn|31\n|\n|t:|1652314793\n|switch|p2a: Garchomp|Garchomp, M|29\/100\n|move|p1a: fuck weavile|Spikes|p2a: Garchomp\n|-sidestart|p2: Selah|Spikes\n|\n|-heal|p2a: Garchomp|35\/100|[from] item: Leftovers\n|upkeep\n|turn|32\n|\n|t:|1652314797\n|switch|p1a: Jackie|Mienshao, M, shiny|71\/100\n|move|p2a: Garchomp|Rock Slide|p1a: Jackie\n|-resisted|p1a: Jackie\n|-damage|p1a: Jackie|51\/100\n|\n|-heal|p2a: Garchomp|41\/100|[from] item: Leftovers\n|upkeep\n|turn|33\n|\n|t:|1652314802\n|switch|p2a: Zapdos|Zapdos|53\/100\n|move|p1a: Jackie|High Jump Kick|p2a: Zapdos\n|-resisted|p2a: Zapdos\n|-damage|p2a: Zapdos|4\/100\n|\n|upkeep\n|turn|34\n|\n|t:|1652314807\n|move|p1a: Jackie|High Jump Kick|p2a: Zapdos\n|-resisted|p2a: Zapdos\n|-damage|p2a: Zapdos|0 fnt\n|faint|p2a: Zapdos\n|\n|upkeep\n|\n|t:|1652314817\n|switch|p2a: Buzzwole|Buzzwole|100\/100\n|-damage|p2a: Buzzwole|88\/100|[from] Spikes\n|turn|35\n|\n|t:|1652314822\n|switch|p1a: Tangrowth|Tangrowth, M|58\/100 tox\n|move|p2a: Buzzwole|Close Combat|p1a: Tangrowth\n|-damage|p1a: Tangrowth|3\/100 tox\n|-unboost|p2a: Buzzwole|def|1\n|-unboost|p2a: Buzzwole|spd|1\n|-damage|p2a: Buzzwole|71\/100|[from] item: Rocky Helmet|[of] p1a: Tangrowth\n|\n|-damage|p1a: Tangrowth|0 fnt|[from] psn\n|faint|p1a: Tangrowth\n|upkeep\n|\n|t:|1652314829\n|switch|p1a: Tapu Koko|Tapu Koko|78\/100\n|-fieldstart|move: Electric Terrain|[from] ability: Electric Surge|[of] p1a: Tapu Koko\n|turn|36\n|\n|t:|1652314844\n|switch|p2a: Garchomp|Garchomp, M|41\/100\n|-damage|p2a: Garchomp|29\/100|[from] Spikes\n|move|p1a: Tapu Koko|Dazzling Gleam|p2a: Garchomp\n|-supereffective|p2a: Garchomp\n|-damage|p2a: Garchomp|0 fnt\n|faint|p2a: Garchomp\n|\n|upkeep\n|\n|t:|1652314847\n|switch|p2a: Melmetal|Melmetal|100\/100 slp\n|-damage|p2a: Melmetal|88\/100 slp|[from] Spikes\n|turn|37\n|\n|t:|1652314864\n|move|p1a: Tapu Koko|Thunderbolt|p2a: Melmetal\n|-damage|p2a: Melmetal|63\/100 slp\n|-curestatus|p2a: Melmetal|slp|[msg]\n|move|p2a: Melmetal|Earthquake|p1a: Tapu Koko\n|-supereffective|p1a: Tapu Koko\n|-damage|p1a: Tapu Koko|0 fnt\n|faint|p1a: Tapu Koko\n|\n|upkeep\n|\n|t:|1652314869\n|switch|p1a: Jackie|Mienshao, M, shiny|51\/100\n|turn|38\n|\n|t:|1652314876\n|move|p1a: Jackie|High Jump Kick|p2a: Melmetal\n|-supereffective|p2a: Melmetal\n|-damage|p2a: Melmetal|0 fnt\n|faint|p2a: Melmetal\n|\n|upkeep\n|\n|t:|1652314887\n|switch|p2a: Buzzwole|Buzzwole|71\/100\n|-damage|p2a: Buzzwole|59\/100|[from] Spikes\n|turn|39\n|\n|t:|1652314896\n|move|p1a: Jackie|High Jump Kick|p2a: Buzzwole\n|-resisted|p2a: Buzzwole\n|-damage|p2a: Buzzwole|14\/100\n|move|p2a: Buzzwole|Close Combat|p1a: Jackie\n|-damage|p1a: Jackie|0 fnt\n|-unboost|p2a: Buzzwole|def|1\n|-unboost|p2a: Buzzwole|spd|1\n|faint|p1a: Jackie\n|-ability|p2a: Buzzwole|Beast Boost|boost\n|-boost|p2a: Buzzwole|atk|1\n|\n|upkeep\n|\n|t:|1652314899\n|switch|p1a: fuck weavile|Coalossal, M|100\/100\n|turn|40\n|\n|t:|1652314902\n|move|p2a: Buzzwole|Close Combat|p1a: fuck weavile\n|-supereffective|p1a: fuck weavile\n|-damage|p1a: fuck weavile|0 fnt\n|-unboost|p2a: Buzzwole|def|1\n|-unboost|p2a: Buzzwole|spd|1\n|-status|p2a: Buzzwole|brn|[from] ability: Flame Body|[of] p1a: fuck weavile\n|faint|p1a: fuck weavile\n|\n|win|Selah\n|raw|Delibird Heart's rating: 1784 &rarr; <strong>1765<\/strong><br \/>(-19 for losing)\n|raw|Selah's rating: 1793 &rarr; <strong>1812<\/strong><br \/>(+19 for winning)\n|c|\u2606Delibird Heart|gg\n|c|\u2606Selah|Gg\n|l|\u2606Selah\n|l|\u2606Delibird Heart\n||Ladder isn't responding, score probably updated but might not have (Request timeout).\n|l| altmelmeddle\n|j|\u2606Selah\n|player|p2|Selah|burglar-gen1\n","uploadtime":1652315534,"views":34,"p1id":"delibirdheart","p2id":"selah","formatid":"gen8ou","rating":1765,"private":0,"password":null}