{"id":"gen8ou-1299071878","p1":"legitteambuilder","p2":"MegaStarUniverse","format":"gen8ou","log":"|j|\u2606legitteambuilder\n|j|\u203dMegaStarUniverse\n|t:|1615458130\n|player|p1|legitteambuilder|lance|1658\n|player|p2|MegaStarUniverse|pokemonbreederf-gen4|1619\n|teamsize|p1|6\n|teamsize|p2|6\n|gametype|singles\n|gen|8\n|tier|[Gen 8] OU\n|rated|\n|clearpoke\n|poke|p1|Heatran, M|\n|poke|p1|Dragapult, M|\n|poke|p1|Landorus-Therian, M|\n|poke|p1|Corviknight, F|\n|poke|p1|Obstagoon, M|\n|poke|p1|Tapu Lele|\n|poke|p2|Rillaboom, F|\n|poke|p2|Heatran, F|\n|poke|p2|Slowking, M|\n|poke|p2|Dragapult, M|\n|poke|p2|Landorus-Therian, M|\n|poke|p2|Bisharp, F|\n|rule|Sleep Clause Mod: Limit one foe put to sleep\n|rule|Species Clause: Limit one of each Pok\u00e9mon\n|rule|OHKO Clause: OHKO moves are banned\n|rule|Evasion Moves Clause: Evasion moves are banned\n|rule|Endless Battle Clause: Forcing endless battles is banned\n|rule|HP Percentage Mod: HP is shown in percentages\n|rule|Dynamax Clause: You cannot dynamax\n|teampreview\n|inactive|Battle timer is ON: inactive players will automatically lose when time's up. (requested by MegaStarUniverse)\n|\n|t:|1615458155\n|start\n|switch|p1a: Tapu Lele|Tapu Lele|100\/100\n|switch|p2a: Heatran|Heatran, F|100\/100\n|-fieldstart|move: Psychic Terrain|[from] ability: Psychic Surge|[of] p1a: Tapu Lele\n|turn|1\n|\n|t:|1615458159\n|switch|p2a: Slowking|Slowking, M|100\/100\n|move|p1a: Tapu Lele|Focus Blast|p2a: Slowking|[miss]\n|-miss|p1a: Tapu Lele|p2a: Slowking\n|\n|upkeep\n|turn|2\n|\n|t:|1615458166\n|switch|p1a: no zone pls :(|Corviknight, F, shiny|100\/100\n|-ability|p1a: no zone pls :(|Pressure\n|move|p2a: Slowking|Scald|p1a: no zone pls :(\n|-damage|p1a: no zone pls :(|77\/100\n|-status|p1a: no zone pls :(|brn\n|\n|-damage|p1a: no zone pls :(|71\/100 brn|[from] brn\n|upkeep\n|turn|3\n|\n|t:|1615458176\n|move|p1a: no zone pls :(|U-turn|p2a: Slowking\n|-supereffective|p2a: Slowking\n|-damage|p2a: Slowking|86\/100\n|\n|t:|1615458179\n|switch|p1a: KISS|Obstagoon, M|100\/100|[from]move: U-turn\n|move|p2a: Slowking|Teleport|p2a: Slowking\n|j| Team rocket kayla\n|\n|t:|1615458186\n|switch|p2a: Landorus|Landorus-Therian, M|100\/100|[from]move: Teleport\n|-ability|p2a: Landorus|Intimidate|boost\n|-unboost|p1a: KISS|atk|1\n|\n|-status|p1a: KISS|brn|[from] item: Flame Orb\n|upkeep\n|turn|4\n|\n|t:|1615458189\n|switch|p1a: no zone pls :(|Corviknight, F, shiny|71\/100 brn\n|-ability|p1a: no zone pls :(|Pressure\n|move|p2a: Landorus|Stealth Rock|p1a: no zone pls :(\n|-sidestart|p1: legitteambuilder|move: Stealth Rock\n|\n|-damage|p1a: no zone pls :(|64\/100 brn|[from] brn\n|upkeep\n|turn|5\n|\n|t:|1615458194\n|move|p2a: Landorus|U-turn|p1a: no zone pls :(\n|-resisted|p1a: no zone pls :(\n|-damage|p1a: no zone pls :(|61\/100 brn\n|-damage|p2a: Landorus|84\/100|[from] item: Rocky Helmet|[of] p1a: no zone pls :(\n|\n|t:|1615458201\n|switch|p2a: Heatran|Heatran, F|100\/100|[from]move: U-turn\n|move|p1a: no zone pls :(|Defog|p2a: Heatran\n|-unboost|p2a: Heatran|evasion|1\n|-sideend|p1: legitteambuilder|Stealth Rock|[from] move: Defog|[of] p1a: no zone pls :(\n|-fieldend|move: Psychic Terrain\n|\n|-damage|p1a: no zone pls :(|55\/100 brn|[from] brn\n|upkeep\n|turn|6\n|\n|t:|1615458211\n|switch|p1a: cheeto|Landorus-Therian, M|100\/100\n|-ability|p1a: cheeto|Intimidate|boost\n|-unboost|p2a: Heatran|atk|1\n|move|p2a: Heatran|Magma Storm|p1a: cheeto\n|-damage|p1a: cheeto|38\/100\n|-activate|p1a: cheeto|move: Magma Storm|[of] p2a: Heatran\n|\n|-heal|p1a: cheeto|44\/100|[from] item: Leftovers\n|-damage|p1a: cheeto|32\/100|[from] move: Magma Storm|[partiallytrapped]\n|upkeep\n|turn|7\n|\n|t:|1615458218\n|move|p2a: Heatran|Magma Storm|p1a: cheeto\n|-damage|p1a: cheeto|0 fnt\n|faint|p1a: cheeto\n|\n|upkeep\n|\n|t:|1615458227\n|switch|p1a: phrog|Heatran, M|100\/100\n|turn|8\n|\n|t:|1615458231\n|move|p2a: Heatran|Earth Power|p1a: phrog\n|-supereffective|p1a: phrog\n|-damage|p1a: phrog|0 fnt\n|faint|p1a: phrog\n|\n|upkeep\n|c| Team rocket kayla|More like no heatran please\n|-message|legitteambuilder forfeited.\n|\n|win|MegaStarUniverse\n|raw|legitteambuilder's rating: 1658 &rarr; <strong>1640<\/strong><br \/>(-18 for losing)\n|raw|MegaStarUniverse's rating: 1621 &rarr; <strong>1639<\/strong><br \/>(+18 for winning)\n|l|\u2606legitteambuilder\n|raw|legitteambuilder's rating: 1658 &rarr; <strong>1636<\/strong><br \/>(-22 for losing)\n|raw|MegaStarUniverse's rating: 1621 &rarr; <strong>1643<\/strong><br \/>(+22 for winning)\n|l| Team rocket kayla\n","uploadtime":1615458251,"views":45,"p1id":"legitteambuilder","p2id":"megastaruniverse","formatid":"gen8ou","rating":1636,"private":0,"password":null}