{"id":"gen8ou-1370512201","p1":"Orangesss","p2":"LT81Y Liced","format":"gen8ou","log":"|raw|<div class=\"broadcast-blue\"><strong>This battle is required to be public due to a player having a name starting with 'lt81yl'.<\/div>\n|j|\u2606Orangesss\n|j|\u2606LT81Y Liced\n|t:|1625421980\n|gametype|singles\n|player|p1|Orangesss|silver|1676\n|player|p2|LT81Y Liced|fantina|1773\n|teamsize|p1|6\n|teamsize|p2|6\n|gen|8\n|tier|[Gen 8] OU\n|rated|\n|rule|Sleep Clause Mod: Limit one foe put to sleep\n|rule|Species Clause: Limit one of each Pok\u00e9mon\n|rule|OHKO Clause: OHKO moves are banned\n|rule|Evasion Moves Clause: Evasion moves are banned\n|rule|Endless Battle Clause: Forcing endless battles is banned\n|rule|HP Percentage Mod: HP is shown in percentages\n|rule|Dynamax Clause: You cannot dynamax\n|clearpoke\n|poke|p1|Pelipper, M|\n|poke|p1|Barraskewda, F|\n|poke|p1|Ferrothorn, M|\n|poke|p1|Seismitoad, F|\n|poke|p1|Tapu Koko|\n|poke|p1|Tornadus-Therian, M|\n|poke|p2|Tapu Koko|\n|poke|p2|Weavile, F|\n|poke|p2|Ferrothorn, M|\n|poke|p2|Landorus-Therian, M|\n|poke|p2|Slowking, F|\n|poke|p2|Clefable, M|\n|teampreview\n|inactive|Battle timer is ON: inactive players will automatically lose when time's up. (requested by Orangesss)\n|\n|t:|1625421992\n|start\n|switch|p1a: Speed Overdose|Tapu Koko|100\/100\n|switch|p2a: Slowking|Slowking, F|100\/100\n|-fieldstart|move: Electric Terrain|[from] ability: Electric Surge|[of] p1a: Speed Overdose\n|turn|1\n|\n|t:|1625422000\n|move|p1a: Speed Overdose|Dazzling Gleam|p2a: Slowking\n|-damage|p2a: Slowking|68\/100\n|move|p2a: Slowking|Teleport|p2a: Slowking\n|\n|t:|1625422003\n|switch|p2a: Ferrothorn|Ferrothorn, M|100\/100|[from]move: Teleport\n|\n|upkeep\n|turn|2\n|\n|t:|1625422006\n|switch|p1a: Hates rain|Ferrothorn, M|100\/100\n|move|p2a: Ferrothorn|Knock Off|p1a: Hates rain\n|-damage|p1a: Hates rain|88\/100\n|-damage|p2a: Ferrothorn|88\/100|[from] ability: Iron Barbs|[of] p1a: Hates rain\n|-enditem|p1a: Hates rain|Leftovers|[from] move: Knock Off|[of] p2a: Ferrothorn\n|\n|-heal|p2a: Ferrothorn|94\/100|[from] item: Leftovers\n|upkeep\n|turn|3\n|\n|t:|1625422016\n|switch|p2a: Landorus|Landorus-Therian, M|100\/100\n|-ability|p2a: Landorus|Intimidate|boost\n|-unboost|p1a: Hates rain|atk|1\n|move|p1a: Hates rain|Knock Off|p2a: Landorus\n|-damage|p2a: Landorus|88\/100\n|-enditem|p2a: Landorus|Leftovers|[from] move: Knock Off|[of] p1a: Hates rain\n|\n|upkeep\n|turn|4\n|\n|t:|1625422020\n|move|p2a: Landorus|Earthquake|p1a: Hates rain\n|-damage|p1a: Hates rain|62\/100\n|move|p1a: Hates rain|Leech Seed|p2a: Landorus\n|-start|p2a: Landorus|move: Leech Seed\n|\n|-damage|p2a: Landorus|76\/100|[from] Leech Seed|[of] p1a: Hates rain\n|-heal|p1a: Hates rain|76\/100|[silent]\n|upkeep\n|turn|5\n|\n|t:|1625422024\n|move|p2a: Landorus|Stealth Rock|p1a: Hates rain\n|-sidestart|p1: Orangesss|move: Stealth Rock\n|move|p1a: Hates rain|Spikes|p2a: Landorus\n|-sidestart|p2: LT81Y Liced|Spikes\n|\n|-damage|p2a: Landorus|63\/100|[from] Leech Seed|[of] p1a: Hates rain\n|-heal|p1a: Hates rain|89\/100|[silent]\n|-fieldend|move: Electric Terrain\n|upkeep\n|turn|6\n|\n|t:|1625422033\n|switch|p2a: Tapu Koko|Tapu Koko|100\/100\n|-fieldstart|move: Electric Terrain|[from] ability: Electric Surge|[of] p2a: Tapu Koko\n|move|p1a: Hates rain|Gyro Ball|p2a: Tapu Koko\n|-damage|p2a: Tapu Koko|58\/100\n|\n|upkeep\n|turn|7\n|\n|t:|1625422038\n|move|p2a: Tapu Koko|Roost|p2a: Tapu Koko\n|-heal|p2a: Tapu Koko|100\/100\n|-singleturn|p2a: Tapu Koko|move: Roost\n|move|p1a: Hates rain|Leech Seed|p2a: Tapu Koko\n|-start|p2a: Tapu Koko|move: Leech Seed\n|\n|-damage|p2a: Tapu Koko|88\/100|[from] Leech Seed|[of] p1a: Hates rain\n|-heal|p1a: Hates rain|99\/100|[silent]\n|upkeep\n|turn|8\n|\n|t:|1625422046\n|switch|p2a: Slowking|Slowking, F|100\/100\n|move|p1a: Hates rain|Knock Off|p2a: Slowking\n|-supereffective|p2a: Slowking\n|-damage|p2a: Slowking|78\/100\n|-enditem|p2a: Slowking|Heavy-Duty Boots|[from] move: Knock Off|[of] p1a: Hates rain\n|\n|upkeep\n|turn|9\n|\n|t:|1625422054\n|move|p2a: Slowking|Scald|p1a: Hates rain\n|-resisted|p1a: Hates rain\n|-damage|p1a: Hates rain|87\/100\n|move|p1a: Hates rain|Leech Seed|p2a: Slowking\n|-start|p2a: Slowking|move: Leech Seed\n|\n|-damage|p2a: Slowking|65\/100|[from] Leech Seed|[of] p1a: Hates rain\n|-heal|p1a: Hates rain|100\/100|[silent]\n|upkeep\n|turn|10\n|\n|t:|1625422057\n|move|p2a: Slowking|Scald|p1a: Hates rain\n|-resisted|p1a: Hates rain\n|-damage|p1a: Hates rain|89\/100\n|-status|p1a: Hates rain|brn\n|move|p1a: Hates rain|Spikes|p2a: Slowking\n|-sidestart|p2: LT81Y Liced|Spikes\n|\n|-damage|p2a: Slowking|53\/100|[from] Leech Seed|[of] p1a: Hates rain\n|-heal|p1a: Hates rain|100\/100 brn|[silent]\n|-damage|p1a: Hates rain|94\/100 brn|[from] brn\n|-fieldend|move: Electric Terrain\n|upkeep\n|turn|11\n|\n|t:|1625422061\n|move|p2a: Slowking|Future Sight|p1a: Hates rain\n|-start|p2a: Slowking|move: Future Sight\n|move|p1a: Hates rain|Spikes|p2a: Slowking\n|-sidestart|p2: LT81Y Liced|Spikes\n|\n|-damage|p2a: Slowking|40\/100|[from] Leech Seed|[of] p1a: Hates rain\n|-heal|p1a: Hates rain|100\/100 brn|[silent]\n|-damage|p1a: Hates rain|94\/100 brn|[from] brn\n|upkeep\n|turn|12\n|\n|t:|1625422066\n|move|p1a: Hates rain|Knock Off|p2a: Slowking\n|-supereffective|p2a: Slowking\n|-crit|p2a: Slowking\n|-damage|p2a: Slowking|20\/100\n|move|p2a: Slowking|Teleport|p2a: Slowking\n|\n|t:|1625422072\n|switch|p2a: Tapu Koko|Tapu Koko|88\/100|[from]move: Teleport\n|-fieldstart|move: Electric Terrain|[from] ability: Electric Surge|[of] p2a: Tapu Koko\n|\n|-damage|p1a: Hates rain|88\/100 brn|[from] brn\n|upkeep\n|turn|13\n|\n|t:|1625422077\n|move|p2a: Tapu Koko|Calm Mind|p2a: Tapu Koko\n|-boost|p2a: Tapu Koko|spa|1\n|-boost|p2a: Tapu Koko|spd|1\n|move|p1a: Hates rain|Knock Off|p2a: Tapu Koko\n|-resisted|p2a: Tapu Koko\n|-crit|p2a: Tapu Koko\n|-damage|p2a: Tapu Koko|78\/100\n|-enditem|p2a: Tapu Koko|Heavy-Duty Boots|[from] move: Knock Off|[of] p1a: Hates rain\n|\n|-end|p1a: Hates rain|move: Future Sight\n|-resisted|p1a: Hates rain\n|-damage|p1a: Hates rain|69\/100 brn\n|-damage|p1a: Hates rain|63\/100 brn|[from] brn\n|upkeep\n|turn|14\n|\n|t:|1625422083\n|move|p2a: Tapu Koko|Calm Mind|p2a: Tapu Koko\n|-boost|p2a: Tapu Koko|spa|1\n|-boost|p2a: Tapu Koko|spd|1\n|move|p1a: Hates rain|Leech Seed|p2a: Tapu Koko\n|-start|p2a: Tapu Koko|move: Leech Seed\n|\n|-damage|p2a: Tapu Koko|65\/100|[from] Leech Seed|[of] p1a: Hates rain\n|-heal|p1a: Hates rain|73\/100 brn|[silent]\n|-damage|p1a: Hates rain|66\/100 brn|[from] brn\n|upkeep\n|turn|15\n|\n|t:|1625422087\n|move|p2a: Tapu Koko|Dazzling Gleam|p1a: Hates rain\n|-resisted|p1a: Hates rain\n|-damage|p1a: Hates rain|37\/100 brn\n|move|p1a: Hates rain|Gyro Ball|p2a: Tapu Koko\n|-damage|p2a: Tapu Koko|44\/100\n|\n|-damage|p2a: Tapu Koko|32\/100|[from] Leech Seed|[of] p1a: Hates rain\n|-heal|p1a: Hates rain|47\/100 brn|[silent]\n|-damage|p1a: Hates rain|41\/100 brn|[from] brn\n|upkeep\n|turn|16\n|\n|t:|1625422097\n|move|p2a: Tapu Koko|Roost|p2a: Tapu Koko\n|-heal|p2a: Tapu Koko|82\/100\n|-singleturn|p2a: Tapu Koko|move: Roost\n|move|p1a: Hates rain|Gyro Ball|p2a: Tapu Koko\n|-crit|p2a: Tapu Koko\n|-damage|p2a: Tapu Koko|29\/100\n|\n|-damage|p2a: Tapu Koko|16\/100|[from] Leech Seed|[of] p1a: Hates rain\n|-heal|p1a: Hates rain|51\/100 brn|[silent]\n|-damage|p1a: Hates rain|45\/100 brn|[from] brn\n|-fieldend|move: Electric Terrain\n|upkeep\n|turn|17\n|\n|t:|1625422101\n|move|p2a: Tapu Koko|Roost|p2a: Tapu Koko\n|-heal|p2a: Tapu Koko|66\/100\n|-singleturn|p2a: Tapu Koko|move: Roost\n|move|p1a: Hates rain|Gyro Ball|p2a: Tapu Koko\n|-damage|p2a: Tapu Koko|45\/100\n|\n|-damage|p2a: Tapu Koko|33\/100|[from] Leech Seed|[of] p1a: Hates rain\n|-heal|p1a: Hates rain|55\/100 brn|[silent]\n|-damage|p1a: Hates rain|49\/100 brn|[from] brn\n|upkeep\n|turn|18\n|\n|t:|1625422107\n|move|p2a: Tapu Koko|Roost|p2a: Tapu Koko\n|-heal|p2a: Tapu Koko|83\/100\n|-singleturn|p2a: Tapu Koko|move: Roost\n|move|p1a: Hates rain|Gyro Ball|p2a: Tapu Koko\n|-damage|p2a: Tapu Koko|60\/100\n|\n|-damage|p2a: Tapu Koko|48\/100|[from] Leech Seed|[of] p1a: Hates rain\n|-heal|p1a: Hates rain|58\/100 brn|[silent]\n|-damage|p1a: Hates rain|52\/100 brn|[from] brn\n|upkeep\n|turn|19\n|\n|t:|1625422111\n|move|p2a: Tapu Koko|Roost|p2a: Tapu Koko\n|-heal|p2a: Tapu Koko|98\/100\n|-singleturn|p2a: Tapu Koko|move: Roost\n|move|p1a: Hates rain|Knock Off|p2a: Tapu Koko\n|-resisted|p2a: Tapu Koko\n|-damage|p2a: Tapu Koko|95\/100\n|\n|-damage|p2a: Tapu Koko|82\/100|[from] Leech Seed|[of] p1a: Hates rain\n|-heal|p1a: Hates rain|62\/100 brn|[silent]\n|-damage|p1a: Hates rain|56\/100 brn|[from] brn\n|upkeep\n|turn|20\n|\n|t:|1625422123\n|move|p2a: Tapu Koko|Calm Mind|p2a: Tapu Koko\n|-boost|p2a: Tapu Koko|spa|1\n|-boost|p2a: Tapu Koko|spd|1\n|move|p1a: Hates rain|Knock Off|p2a: Tapu Koko\n|-resisted|p2a: Tapu Koko\n|-damage|p2a: Tapu Koko|79\/100\n|\n|-damage|p2a: Tapu Koko|66\/100|[from] Leech Seed|[of] p1a: Hates rain\n|-heal|p1a: Hates rain|66\/100 brn|[silent]\n|-damage|p1a: Hates rain|60\/100 brn|[from] brn\n|upkeep\n|turn|21\n|\n|t:|1625422125\n|move|p2a: Tapu Koko|Dazzling Gleam|p1a: Hates rain\n|-resisted|p1a: Hates rain\n|-damage|p1a: Hates rain|26\/100 brn\n|move|p1a: Hates rain|Gyro Ball|p2a: Tapu Koko\n|-damage|p2a: Tapu Koko|45\/100\n|\n|-damage|p2a: Tapu Koko|32\/100|[from] Leech Seed|[of] p1a: Hates rain\n|-heal|p1a: Hates rain|36\/100 brn|[silent]\n|-damage|p1a: Hates rain|30\/100 brn|[from] brn\n|upkeep\n|turn|22\n|\n|t:|1625422137\n|switch|p1a: Big Gulp sponsor|Pelipper, M|100\/100\n|-damage|p1a: Big Gulp sponsor|76\/100|[from] Stealth Rock\n|-weather|RainDance|[from] ability: Drizzle|[of] p1a: Big Gulp sponsor\n|move|p2a: Tapu Koko|Roost|p2a: Tapu Koko\n|-heal|p2a: Tapu Koko|82\/100\n|-singleturn|p2a: Tapu Koko|move: Roost\n|\n|-weather|RainDance|[upkeep]\n|-damage|p2a: Tapu Koko|70\/100|[from] Leech Seed|[of] p1a: Big Gulp sponsor\n|-heal|p1a: Big Gulp sponsor|87\/100|[silent]\n|upkeep\n|turn|23\n|\n|t:|1625422142\n|switch|p1a: Hates rain|Ferrothorn, M|30\/100 brn\n|-damage|p1a: Hates rain|24\/100 brn|[from] Stealth Rock\n|move|p2a: Tapu Koko|Dazzling Gleam|p1a: Hates rain\n|-resisted|p1a: Hates rain\n|-damage|p1a: Hates rain|0 fnt\n|faint|p1a: Hates rain\n|\n|-weather|RainDance|[upkeep]\n|upkeep\n|\n|t:|1625422148\n|switch|p1a: One fish two fish|Barraskewda, F|100\/100\n|-damage|p1a: One fish two fish|88\/100|[from] Stealth Rock\n|turn|24\n|\n|t:|1625422156\n|switch|p2a: Slowking|Slowking, F|53\/100\n|-damage|p2a: Slowking|28\/100|[from] Spikes\n|move|p1a: One fish two fish|Liquidation|p2a: Slowking\n|-resisted|p2a: Slowking\n|-damage|p2a: Slowking|0 fnt\n|faint|p2a: Slowking\n|\n|-weather|RainDance|[upkeep]\n|upkeep\n|\n|t:|1625422163\n|switch|p2a: Ferrothorn|Ferrothorn, M|94\/100\n|-damage|p2a: Ferrothorn|69\/100|[from] Spikes\n|turn|25\n|\n|t:|1625422168\n|switch|p1a: Tornadus|Tornadus-Therian, M|100\/100\n|move|p2a: Ferrothorn|Leech Seed|p1a: Tornadus\n|-start|p1a: Tornadus|move: Leech Seed\n|\n|-weather|RainDance|[upkeep]\n|-heal|p2a: Ferrothorn|75\/100|[from] item: Leftovers\n|-damage|p1a: Tornadus|88\/100|[from] Leech Seed|[of] p2a: Ferrothorn\n|-heal|p2a: Ferrothorn|87\/100|[silent]\n|upkeep\n|turn|26\n|\n|t:|1625422175\n|switch|p2a: Clefable|Clefable, M|100\/100\n|move|p1a: Tornadus|Hurricane|p2a: Clefable\n|-damage|p2a: Clefable|63\/100\n|\n|-weather|RainDance|[upkeep]\n|-damage|p1a: Tornadus|76\/100|[from] Leech Seed|[of] p2a: Clefable\n|-heal|p2a: Clefable|73\/100|[silent]\n|upkeep\n|turn|27\n|\n|t:|1625422181\n|move|p1a: Tornadus|Defog|p2a: Clefable\n|-unboost|p2a: Clefable|evasion|1\n|-sideend|p2: LT81Y Liced|Spikes|[from] move: Defog|[of] p1a: Tornadus\n|-sideend|p1: Orangesss|Stealth Rock|[from] move: Defog|[of] p1a: Tornadus\n|move|p2a: Clefable|Moonblast|p1a: Tornadus\n|-crit|p1a: Tornadus\n|-damage|p1a: Tornadus|27\/100\n|\n|-weather|RainDance|[upkeep]\n|-damage|p1a: Tornadus|15\/100|[from] Leech Seed|[of] p2a: Clefable\n|-heal|p2a: Clefable|84\/100|[silent]\n|upkeep\n|turn|28\n|\n|t:|1625422186\n|move|p1a: Tornadus|U-turn|p2a: Clefable\n|-resisted|p2a: Clefable\n|-damage|p2a: Clefable|78\/100\n|\n|t:|1625422189\n|switch|p1a: Agent \u00a5|Seismitoad, F|100\/100|[from]move: U-turn\n|move|p2a: Clefable|Moonblast|p1a: Agent \u00a5\n|-damage|p1a: Agent \u00a5|61\/100\n|\n|-weather|RainDance|[upkeep]\n|upkeep\n|turn|29\n|\n|t:|1625422194\n|move|p1a: Agent \u00a5|Surf|p2a: Clefable\n|-damage|p2a: Clefable|9\/100\n|-damage|p1a: Agent \u00a5|51\/100|[from] item: Life Orb\n|move|p2a: Clefable|Moonblast|p1a: Agent \u00a5\n|-damage|p1a: Agent \u00a5|15\/100\n|\n|-weather|none\n|upkeep\n|turn|30\n|\n|t:|1625422200\n|move|p1a: Agent \u00a5|Surf|p2a: Clefable\n|-damage|p2a: Clefable|0 fnt\n|faint|p2a: Clefable\n|-damage|p1a: Agent \u00a5|5\/100|[from] item: Life Orb\n|\n|upkeep\n|\n|t:|1625422210\n|switch|p2a: Tapu Koko|Tapu Koko|70\/100\n|-fieldstart|move: Electric Terrain|[from] ability: Electric Surge|[of] p2a: Tapu Koko\n|turn|31\n|\n|t:|1625422217\n|switch|p1a: Big Gulp sponsor|Pelipper, M|87\/100\n|-weather|RainDance|[from] ability: Drizzle|[of] p1a: Big Gulp sponsor\n|move|p2a: Tapu Koko|Dazzling Gleam|p1a: Big Gulp sponsor\n|-crit|p1a: Big Gulp sponsor\n|-damage|p1a: Big Gulp sponsor|15\/100\n|\n|-weather|RainDance|[upkeep]\n|upkeep\n|turn|32\n|\n|t:|1625422228\n|switch|p1a: Agent \u00a5|Seismitoad, F|5\/100\n|move|p2a: Tapu Koko|Dazzling Gleam|p1a: Agent \u00a5\n|-damage|p1a: Agent \u00a5|0 fnt\n|faint|p1a: Agent \u00a5\n|\n|-weather|RainDance|[upkeep]\n|upkeep\n|\n|t:|1625422230\n|switch|p1a: One fish two fish|Barraskewda, F|88\/100\n|turn|33\n|\n|t:|1625422236\n|switch|p2a: Ferrothorn|Ferrothorn, M|87\/100\n|move|p1a: One fish two fish|Close Combat|p2a: Ferrothorn\n|-supereffective|p2a: Ferrothorn\n|-damage|p2a: Ferrothorn|0 fnt\n|-unboost|p1a: One fish two fish|def|1\n|-unboost|p1a: One fish two fish|spd|1\n|-damage|p1a: One fish two fish|76\/100|[from] ability: Iron Barbs|[of] p2a: Ferrothorn\n|faint|p2a: Ferrothorn\n|\n|-weather|RainDance|[upkeep]\n|upkeep\n|\n|t:|1625422244\n|switch|p2a: Tapu Koko|Tapu Koko|70\/100\n|turn|34\n|\n|t:|1625422248\n|switch|p1a: Tornadus|Tornadus-Therian, M|48\/100\n|move|p2a: Tapu Koko|Calm Mind|p2a: Tapu Koko\n|-boost|p2a: Tapu Koko|spa|1\n|-boost|p2a: Tapu Koko|spd|1\n|\n|-weather|RainDance|[upkeep]\n|upkeep\n|turn|35\n|\n|t:|1625422252\n|move|p2a: Tapu Koko|Thunderbolt|p1a: Tornadus\n|-supereffective|p1a: Tornadus\n|-damage|p1a: Tornadus|0 fnt\n|faint|p1a: Tornadus\n|\n|-weather|RainDance|[upkeep]\n|-fieldend|move: Electric Terrain\n|upkeep\n|\n|t:|1625422255\n|switch|p1a: One fish two fish|Barraskewda, F|76\/100\n|turn|36\n|\n|t:|1625422257\n|move|p1a: One fish two fish|Liquidation|p2a: Tapu Koko\n|-damage|p2a: Tapu Koko|0 fnt\n|faint|p2a: Tapu Koko\n|\n|-weather|RainDance|[upkeep]\n|upkeep\n|\n|t:|1625422260\n|switch|p2a: Landorus|Landorus-Therian, M|63\/100\n|-ability|p2a: Landorus|Intimidate|boost\n|-unboost|p1a: One fish two fish|atk|1\n|turn|37\n|\n|t:|1625422266\n|move|p1a: One fish two fish|Liquidation|p2a: Landorus\n|-supereffective|p2a: Landorus\n|-damage|p2a: Landorus|0 fnt\n|faint|p2a: Landorus\n|\n|-weather|RainDance|[upkeep]\n|upkeep\n|-message|LT81Y Liced forfeited.\n|\n|win|Orangesss\n|raw|Orangesss's rating: 1676 &rarr; <strong>1701<\/strong><br \/>(+25 for winning)\n|raw|LT81Y Liced's rating: 1773 &rarr; <strong>1748<\/strong><br \/>(-25 for losing)\n|l|\u2606LT81Y Liced\n","uploadtime":1625422274,"views":16,"p1id":"orangesss","p2id":"lt81yliced","formatid":"gen8ou","rating":1701,"private":0,"password":null}