{"id":"gen8ou-1691023283","p1":"Raimei Hakkei 2","p2":"g0ld","format":"gen8ou","log":"|html|<div class=\"broadcast-blue\"><strong>[Gen 8] OU is currently suspecting Melmetal! For information on how to participate check out the <a href=\"https:\/\/www.smogon.com\/forums\/threads\/np-ss-ou-suspect-process-round-12-monster-mash.3709234\/\">suspect thread<\/a>.<\/strong><\/div>\n|j|\u2606Raimei Hakkei 2\n|j|\u2606g0ld\n|t:|1666331636\n|gametype|singles\n|player|p1|Raimei Hakkei 2|265|1732\n|player|p2|g0ld|hoopster|1703\n|teamsize|p1|6\n|teamsize|p2|6\n|gen|8\n|tier|[Gen 8] OU\n|rated|\n|rule|Sleep Clause Mod: Limit one foe put to sleep\n|rule|Species Clause: Limit one of each Pok\u00e9mon\n|rule|OHKO Clause: OHKO moves are banned\n|rule|Evasion Items Clause: Evasion items are banned\n|rule|Evasion Moves Clause: Evasion moves are banned\n|rule|Endless Battle Clause: Forcing endless battles is banned\n|rule|HP Percentage Mod: HP is shown in percentages\n|rule|Dynamax Clause: You cannot dynamax\n|clearpoke\n|poke|p1|Landorus-Therian, M|\n|poke|p1|Urshifu-*, M|\n|poke|p1|Dragonite, F|\n|poke|p1|Tyrantrum, F|\n|poke|p1|Aegislash, M|\n|poke|p1|Chansey, F|\n|poke|p2|Obstagoon, F|\n|poke|p2|Dragapult, M|\n|poke|p2|Kartana|\n|poke|p2|Lycanroc-Dusk, M|\n|poke|p2|Gyarados, F|\n|poke|p2|Nidoking, M|\n|teampreview\n|inactive|Battle timer is ON: inactive players will automatically lose when time's up. (requested by Raimei Hakkei 2)\n|\n|t:|1666331648\n|start\n|switch|p1a: Gundari: Ryuseigun|Urshifu-Rapid-Strike, M|100\/100\n|switch|p2a: Lycanroc|Lycanroc-Dusk, M|100\/100\n|turn|1\n|\n|t:|1666331652\n|move|p2a: Lycanroc|Stealth Rock|p1a: Gundari: Ryuseigun\n|-sidestart|p1: Raimei Hakkei 2|move: Stealth Rock\n|move|p1a: Gundari: Ryuseigun|Surging Strikes|p2a: Lycanroc\n|-supereffective|p2a: Lycanroc\n|-crit|p2a: Lycanroc\n|-damage|p2a: Lycanroc|5\/100\n|-supereffective|p2a: Lycanroc\n|-crit|p2a: Lycanroc\n|-damage|p2a: Lycanroc|0 fnt\n|faint|p2a: Lycanroc\n|-hitcount|p2: Lycanroc|2\n|\n|upkeep\n|j| PurpleJWK\n|\n|t:|1666331670\n|switch|p2a: Dragapult|Dragapult, M|100\/100\n|turn|2\n|\n|t:|1666331673\n|move|p2a: Dragapult|U-turn|p1a: Gundari: Ryuseigun\n|-resisted|p1a: Gundari: Ryuseigun\n|-damage|p1a: Gundari: Ryuseigun|93\/100\n|j| ripreckful\n|\n|t:|1666331682\n|switch|p2a: Obstagoon|Obstagoon, F|100\/100|[from]move: U-turn\n|move|p1a: Gundari: Ryuseigun|Surging Strikes|p2a: Obstagoon\n|-crit|p2a: Obstagoon\n|-damage|p2a: Obstagoon|74\/100\n|-crit|p2a: Obstagoon\n|-damage|p2a: Obstagoon|47\/100\n|-crit|p2a: Obstagoon\n|-damage|p2a: Obstagoon|22\/100\n|-hitcount|p2a: Obstagoon|3\n|\n|-heal|p2a: Obstagoon|28\/100|[from] item: Leftovers\n|upkeep\n|turn|3\n|l| ripreckful\n|\n|t:|1666331689\n|move|p1a: Gundari: Ryuseigun|Surging Strikes|p2a: Obstagoon\n|-crit|p2a: Obstagoon\n|-damage|p2a: Obstagoon|2\/100\n|-crit|p2a: Obstagoon\n|-damage|p2a: Obstagoon|0 fnt\n|faint|p2a: Obstagoon\n|-hitcount|p2: Obstagoon|2\n|\n|upkeep\n|\n|t:|1666331705\n|switch|p2a: Gyarados|Gyarados, F|100\/100\n|turn|4\n|\n|t:|1666331711\n|switch|p1a: Raging Drunk|Landorus-Therian, M|100\/100\n|-damage|p1a: Raging Drunk|88\/100|[from] Stealth Rock\n|-ability|p1a: Raging Drunk|Intimidate|boost\n|-unboost|p2a: Gyarados|atk|1\n|move|p2a: Gyarados|Dragon Dance|p2a: Gyarados\n|-boost|p2a: Gyarados|atk|1\n|-boost|p2a: Gyarados|spe|1\n|\n|upkeep\n|turn|5\n|j| sumbodylookatdis\n|\n|t:|1666331715\n|move|p2a: Gyarados|Substitute|p2a: Gyarados\n|-start|p2a: Gyarados|Substitute\n|-damage|p2a: Gyarados|76\/100\n|move|p1a: Raging Drunk|Toxic||[still]\n|-fail|p1a: Raging Drunk\n|\n|-heal|p2a: Gyarados|82\/100|[from] item: Leftovers\n|upkeep\n|turn|6\n|\n|t:|1666331717\n|move|p2a: Gyarados|Dragon Dance|p2a: Gyarados\n|-boost|p2a: Gyarados|atk|1\n|-boost|p2a: Gyarados|spe|1\n|move|p1a: Raging Drunk|Earth Power|p2a: Gyarados\n|-immune|p2a: Gyarados\n|\n|-heal|p2a: Gyarados|88\/100|[from] item: Leftovers\n|upkeep\n|turn|7\n|\n|t:|1666331723\n|move|p2a: Gyarados|Waterfall|p1a: Raging Drunk\n|-supereffective|p1a: Raging Drunk\n|-damage|p1a: Raging Drunk|0 fnt\n|faint|p1a: Raging Drunk\n|-ability|p2a: Gyarados|Moxie|boost\n|-boost|p2a: Gyarados|atk|1\n|\n|-heal|p2a: Gyarados|94\/100|[from] item: Leftovers\n|upkeep\n|j| R3M4TCH\n|\n|t:|1666331726\n|switch|p1a: Thieving Drunk|Dragonite, F|100\/100\n|turn|8\n|\n|t:|1666331730\n|move|p2a: Gyarados|Waterfall|p1a: Thieving Drunk\n|-resisted|p1a: Thieving Drunk\n|-damage|p1a: Thieving Drunk|77\/100\n|move|p1a: Thieving Drunk|Dragon Dance|p1a: Thieving Drunk\n|-boost|p1a: Thieving Drunk|atk|1\n|-boost|p1a: Thieving Drunk|spe|1\n|\n|-heal|p2a: Gyarados|99\/100|[from] item: Leftovers\n|upkeep\n|turn|9\n|\n|t:|1666331742\n|move|p2a: Gyarados|Bounce||[still]\n|-prepare|p2a: Gyarados|Bounce\n|move|p1a: Thieving Drunk|Roost|p1a: Thieving Drunk\n|-heal|p1a: Thieving Drunk|100\/100\n|-singleturn|p1a: Thieving Drunk|move: Roost\n|\n|-heal|p2a: Gyarados|100\/100|[from] item: Leftovers\n|upkeep\n|turn|10\n|\n|t:|1666331745\n|move|p2a: Gyarados|Bounce|p1a: Thieving Drunk|[from]lockedmove\n|-damage|p1a: Thieving Drunk|51\/100\n|move|p1a: Thieving Drunk|Dragon Dance|p1a: Thieving Drunk\n|-boost|p1a: Thieving Drunk|atk|1\n|-boost|p1a: Thieving Drunk|spe|1\n|\n|upkeep\n|turn|11\n|\n|t:|1666331755\n|move|p2a: Gyarados|Dragon Dance|p2a: Gyarados\n|-boost|p2a: Gyarados|atk|1\n|-boost|p2a: Gyarados|spe|1\n|move|p1a: Thieving Drunk|Roost|p1a: Thieving Drunk\n|-heal|p1a: Thieving Drunk|100\/100\n|-singleturn|p1a: Thieving Drunk|move: Roost\n|\n|upkeep\n|turn|12\n|\n|t:|1666331762\n|move|p2a: Gyarados|Waterfall|p1a: Thieving Drunk\n|-resisted|p1a: Thieving Drunk\n|-damage|p1a: Thieving Drunk|74\/100\n|move|p1a: Thieving Drunk|Dragon Dance|p1a: Thieving Drunk\n|-boost|p1a: Thieving Drunk|atk|1\n|-boost|p1a: Thieving Drunk|spe|1\n|\n|upkeep\n|turn|13\n|\n|t:|1666331768\n|move|p2a: Gyarados|Waterfall|p1a: Thieving Drunk\n|-resisted|p1a: Thieving Drunk\n|-damage|p1a: Thieving Drunk|16\/100\n|cant|p1a: Thieving Drunk|flinch\n|\n|upkeep\n|turn|14\n|c|\u2606Raimei Hakkei 2|man\n|inactive|Raimei Hakkei 2 has 120 seconds left.\n|n|!Raimei Hakkei 2|raimeihakkei2\n|j| wdz999\n|inactive|Raimei Hakkei 2 has 90 seconds left.\n|\n|t:|1666331846\n|move|p2a: Gyarados|Waterfall|p1a: Thieving Drunk\n|-resisted|p1a: Thieving Drunk\n|-damage|p1a: Thieving Drunk|0 fnt\n|faint|p1a: Thieving Drunk\n|-ability|p2a: Gyarados|Moxie|boost\n|-boost|p2a: Gyarados|atk|1\n|\n|upkeep\n|j| ripreckful\n|\n|t:|1666331859\n|switch|p1a: Gundari: Ryuseigun|Urshifu-Rapid-Strike, M|93\/100\n|-damage|p1a: Gundari: Ryuseigun|87\/100|[from] Stealth Rock\n|turn|15\n|\n|t:|1666331864\n|move|p2a: Gyarados|Bounce||[still]\n|-prepare|p2a: Gyarados|Bounce\n|move|p1a: Gundari: Ryuseigun|Surging Strikes|p2a: Gyarados|[miss]\n|-miss|p1a: Gundari: Ryuseigun|p2a: Gyarados\n|\n|upkeep\n|turn|16\n|\n|t:|1666331869\n|move|p2a: Gyarados|Bounce|p1a: Gundari: Ryuseigun|[from]lockedmove\n|-supereffective|p1a: Gundari: Ryuseigun\n|-damage|p1a: Gundari: Ryuseigun|0 fnt\n|faint|p1a: Gundari: Ryuseigun\n|-ability|p2a: Gyarados|Moxie|boost\n|-boost|p2a: Gyarados|atk|1\n|\n|upkeep\n|inactive|Raimei Hakkei 2 has 90 seconds left.\n|j| jly8\n|l| jly8\n|inactive|Raimei Hakkei 2 has 60 seconds left.\n|inactive|Raimei Hakkei 2 has 30 seconds left.\n|inactive|Raimei Hakkei 2 has 20 seconds left.\n|inactive|Raimei Hakkei 2 has 15 seconds left.\n|l| sumbodylookatdis\n|inactive|Raimei Hakkei 2 has 10 seconds left.\n|\n|t:|1666331955\n|switch|p1a: Flirty Drunk|Chansey, F|100\/100\n|-damage|p1a: Flirty Drunk|88\/100|[from] Stealth Rock\n|turn|17\n|inactive|Raimei Hakkei 2 has 20 seconds left this turn.\n|\n|t:|1666331959\n|move|p2a: Gyarados|Waterfall|p1a: Flirty Drunk\n|-damage|p1a: Flirty Drunk|0 fnt\n|faint|p1a: Flirty Drunk\n|-ability|p2a: Gyarados|Moxie|boost\n|-boost|p2a: Gyarados|atk|1\n|\n|upkeep\n|inactive|Raimei Hakkei 2 has 25 seconds left this turn.\n|\n|t:|1666331964\n|switch|p1a: Death Destroyer|Aegislash, M|100\/100\n|-damage|p1a: Death Destroyer|94\/100|[from] Stealth Rock\n|turn|18\n|\n|t:|1666331968\n|move|p1a: Death Destroyer|King's Shield|p1a: Death Destroyer\n|-singleturn|p1a: Death Destroyer|Protect\n|move|p2a: Gyarados|Waterfall|p1a: Death Destroyer\n|-activate|p1a: Death Destroyer|move: Protect\n|-unboost|p2a: Gyarados|atk|1\n|\n|upkeep\n|turn|19\n|\n|t:|1666331971\n|move|p1a: Death Destroyer|King's Shield||[still]\n|-fail|p1a: Death Destroyer\n|move|p2a: Gyarados|Waterfall|p1a: Death Destroyer\n|-damage|p1a: Death Destroyer|0 fnt\n|faint|p1a: Death Destroyer\n|-ability|p2a: Gyarados|Moxie|boost\n|-boost|p2a: Gyarados|atk|1\n|\n|upkeep\n|-message|Raimei Hakkei 2 forfeited.\n|\n|win|g0ld\n|raw|Raimei Hakkei 2's rating: 1732 &rarr; <strong>1710<\/strong><br \/>(-22 for losing)\n|raw|g0ld's rating: 1703 &rarr; <strong>1725<\/strong><br \/>(+22 for winning)\n|l|!Raimei Hakkei 2\n","uploadtime":1666331804,"views":9,"p1id":"raimeihakkei2","p2id":"g0ld","formatid":"gen8ou","rating":1710,"private":0,"password":null}