{"id":"gen8ou-1627926908","p1":"Oryen","p2":"Link Awakens","format":"gen8ou","log":"|j|\u2606Oryen\n|j|\u2606Link Awakens\n|inactive|Battle timer is ON: inactive players will automatically lose when time's up.\n|t:|1659113692\n|gametype|singles\n|player|p1|Oryen|266|\n|player|p2|Link Awakens|cynthia-gen4|\n|teamsize|p1|6\n|teamsize|p2|6\n|gen|8\n|tier|[Gen 8] OU\n|rated|Tournament battle\n|rule|Sleep Clause Mod: Limit one foe put to sleep\n|rule|Species Clause: Limit one of each Pok\u00e9mon\n|rule|OHKO Clause: OHKO moves are banned\n|rule|Evasion Moves Clause: Evasion moves are banned\n|rule|Endless Battle Clause: Forcing endless battles is banned\n|rule|HP Percentage Mod: HP is shown in percentages\n|rule|Dynamax Clause: You cannot dynamax\n|clearpoke\n|poke|p1|Volcanion|\n|poke|p1|Ninetales-Alola, M|\n|poke|p1|Corviknight, F|\n|poke|p1|Arctozolt|\n|poke|p1|Landorus-Therian, M|\n|poke|p1|Tornadus-Therian, M|\n|poke|p2|Dragapult, M|\n|poke|p2|Heatran, F|\n|poke|p2|Ferrothorn, F|\n|poke|p2|Scizor, F|\n|poke|p2|Landorus-Therian, M|\n|poke|p2|Weavile, M|\n|teampreview\n|j|*Lady Monita \u2600\n|inactive|Link Awakens has 120 seconds left.\n|\n|t:|1659113733\n|start\n|switch|p1a: Tornadus|Tornadus-Therian, M|100\/100\n|switch|p2a: Scizor|Scizor, F|100\/100\n|turn|1\n|\n|t:|1659113741\n|switch|p2a: Landorus|Landorus-Therian, M|100\/100\n|-ability|p2a: Landorus|Intimidate|boost\n|-unboost|p1a: Tornadus|atk|1\n|move|p1a: Tornadus|Heat Wave|p2a: Landorus\n|-crit|p2a: Landorus\n|-damage|p2a: Landorus|75\/100\n|-status|p2a: Landorus|brn\n|\n|-heal|p2a: Landorus|81\/100 brn|[from] item: Leftovers\n|-damage|p2a: Landorus|75\/100 brn|[from] brn\n|upkeep\n|turn|2\n|\n|t:|1659113749\n|move|p1a: Tornadus|Knock Off|p2a: Landorus\n|-damage|p2a: Landorus|61\/100 brn\n|-enditem|p2a: Landorus|Leftovers|[from] move: Knock Off|[of] p1a: Tornadus\n|move|p2a: Landorus|Stealth Rock|p1a: Tornadus\n|-sidestart|p1: Oryen|move: Stealth Rock\n|\n|-damage|p2a: Landorus|55\/100 brn|[from] brn\n|upkeep\n|turn|3\n|\n|t:|1659113760\n|move|p1a: Tornadus|U-turn|p2a: Landorus\n|-resisted|p2a: Landorus\n|-damage|p2a: Landorus|50\/100 brn\n|\n|t:|1659113762\n|switch|p1a: Landorus|Landorus-Therian, M|100\/100|[from]move: U-turn\n|-damage|p1a: Landorus|88\/100|[from] Stealth Rock\n|-ability|p1a: Landorus|Intimidate|boost\n|-unboost|p2a: Landorus|atk|1\n|move|p2a: Landorus|Toxic|p1a: Landorus\n|-status|p1a: Landorus|tox\n|\n|-heal|p1a: Landorus|94\/100 tox|[from] item: Leftovers\n|-damage|p1a: Landorus|88\/100 tox|[from] psn\n|-damage|p2a: Landorus|44\/100 brn|[from] brn\n|upkeep\n|turn|4\n|inactive|Link Awakens has 120 seconds left.\n|\n|t:|1659113797\n|move|p2a: Landorus|U-turn|p1a: Landorus\n|-resisted|p1a: Landorus\n|-damage|p1a: Landorus|85\/100 tox\n|inactive|Link Awakens has 120 seconds left.\n|\n|t:|1659113806\n|switch|p2a: Ferrothorn|Ferrothorn, F|100\/100|[from]move: U-turn\n|move|p1a: Landorus|Defog|p2a: Ferrothorn\n|-unboost|p2a: Ferrothorn|evasion|1\n|-sideend|p1: Oryen|Stealth Rock|[from] move: Defog|[of] p1a: Landorus\n|\n|-heal|p1a: Landorus|91\/100 tox|[from] item: Leftovers\n|-damage|p1a: Landorus|79\/100 tox|[from] psn\n|upkeep\n|turn|5\n|\n|t:|1659113811\n|switch|p1a: Volcanion|Volcanion|100\/100\n|move|p2a: Ferrothorn|Knock Off|p1a: Volcanion\n|-damage|p1a: Volcanion|80\/100\n|-enditem|p1a: Volcanion|Choice Specs|[from] move: Knock Off|[of] p2a: Ferrothorn\n|\n|upkeep\n|turn|6\n|inactive|Link Awakens has 120 seconds left.\n|\n|t:|1659113848\n|switch|p2a: Landorus|Landorus-Therian, M|44\/100 brn\n|-ability|p2a: Landorus|Intimidate|boost\n|-unboost|p1a: Volcanion|atk|1\n|move|p1a: Volcanion|Steam Eruption|p2a: Landorus\n|-supereffective|p2a: Landorus\n|-damage|p2a: Landorus|0 fnt\n|faint|p2a: Landorus\n|\n|upkeep\n|\n|t:|1659113867\n|switch|p2a: Heatran|Heatran, F, shiny|100\/100\n|turn|7\n|\n|t:|1659113875\n|move|p1a: Volcanion|Earth Power|p2a: Heatran\n|-supereffective|p2a: Heatran\n|-damage|p2a: Heatran|12\/100\n|move|p2a: Heatran|Earth Power|p1a: Volcanion\n|-supereffective|p1a: Volcanion\n|-damage|p1a: Volcanion|17\/100\n|\n|-heal|p2a: Heatran|19\/100|[from] item: Leftovers\n|upkeep\n|turn|8\n|\n|t:|1659113884\n|move|p1a: Volcanion|Steam Eruption|p2a: Heatran\n|-supereffective|p2a: Heatran\n|-damage|p2a: Heatran|0 fnt\n|faint|p2a: Heatran\n|\n|upkeep\n|\n|t:|1659113891\n|switch|p2a: Dragapult|Dragapult, M|100\/100\n|turn|9\n|\n|t:|1659113897\n|switch|p1a: Tornadus|Tornadus-Therian, M|100\/100\n|move|p2a: Dragapult|Shadow Ball|p1a: Tornadus\n|-damage|p1a: Tornadus|66\/100\n|\n|upkeep\n|turn|10\n|inactive|Link Awakens has 120 seconds left.\n|\n|t:|1659113905\n|move|p2a: Dragapult|Shadow Ball|p1a: Tornadus\n|-damage|p1a: Tornadus|36\/100\n|-unboost|p1a: Tornadus|spd|1\n|move|p1a: Tornadus|Knock Off|p2a: Dragapult\n|-supereffective|p2a: Dragapult\n|-damage|p2a: Dragapult|44\/100\n|-enditem|p2a: Dragapult|Choice Specs|[from] move: Knock Off|[of] p1a: Tornadus\n|\n|upkeep\n|turn|11\n|inactive|Link Awakens has 120 seconds left.\n|\n|t:|1659113919\n|switch|p1a: Corviknight|Corviknight, F|100\/100\n|-ability|p1a: Corviknight|Pressure\n|move|p2a: Dragapult|U-turn|p1a: Corviknight\n|-resisted|p1a: Corviknight\n|-damage|p1a: Corviknight|98\/100\n|-damage|p2a: Dragapult|28\/100|[from] item: Rocky Helmet|[of] p1a: Corviknight\n|inactive|Link Awakens has 120 seconds left.\n|-message|Link Awakens forfeited.\n|\n|win|Oryen\n|n|\u2606Oryen|oryen\n|n|\u2606Link Awakens|linkawakens\n|n|*Lady Monita \u2600|ladymonita\n|l|*Lady Monita \u2600\n|l|\u2606Link Awakens\n|l|\u2606Oryen\n|j|\u2606Link Awakens\n|player|p2|Link Awakens|cynthia-gen4\n","uploadtime":1659114239,"views":30,"p1id":"oryen","p2id":"linkawakens","formatid":"gen8ou","rating":0,"private":0,"password":null}