{"id":"gen8ou-1568318894","p1":"El Stefano","p2":"AltoFGC","format":"gen8ou","log":"|j|\u2606El Stefano\n|j|\u2606AltoFGC\n|t:|1651766382\n|gametype|singles\n|player|p1|El Stefano|102|1492\n|player|p2|AltoFGC|lusamine-nihilego|1424\n|teamsize|p1|6\n|teamsize|p2|6\n|gen|8\n|tier|[Gen 8] OU\n|rated|\n|rule|Sleep Clause Mod: Limit one foe put to sleep\n|rule|Species Clause: Limit one of each Pok\u00e9mon\n|rule|OHKO Clause: OHKO moves are banned\n|rule|Evasion Moves Clause: Evasion moves are banned\n|rule|Endless Battle Clause: Forcing endless battles is banned\n|rule|HP Percentage Mod: HP is shown in percentages\n|rule|Dynamax Clause: You cannot dynamax\n|clearpoke\n|poke|p1|Ninetales, F|\n|poke|p1|Shiftry, M|\n|poke|p1|Gastrodon, F|\n|poke|p1|Darmanitan, F|\n|poke|p1|Mandibuzz, F|\n|poke|p1|Dragapult, F|\n|poke|p2|Zapdos-Galar|\n|poke|p2|Latias, F|\n|poke|p2|Rotom-Heat|\n|poke|p2|Ferrothorn, F|\n|poke|p2|Corviknight, M|\n|poke|p2|Mamoswine, M|\n|teampreview\n|inactive|Battle timer is ON: inactive players will automatically lose when time's up. (requested by AltoFGC)\n|\n|t:|1651766392\n|start\n|switch|p1a: Darmanitan|Darmanitan, F|100\/100\n|switch|p2a: Latias|Latias, F|100\/100\n|turn|1\n|\n|t:|1651766397\n|move|p1a: Darmanitan|U-turn|p2a: Latias\n|-supereffective|p2a: Latias\n|-damage|p2a: Latias|55\/100\n|-enditem|p2a: Latias|Weakness Policy\n|-boost|p2a: Latias|atk|2|[from] item: Weakness Policy\n|-boost|p2a: Latias|spa|2|[from] item: Weakness Policy\n|\n|t:|1651766406\n|switch|p1a: Mandibuzz|Mandibuzz, F|100\/100|[from]move: U-turn\n|move|p2a: Latias|Agility|p2a: Latias\n|-boost|p2a: Latias|spe|2\n|\n|upkeep\n|turn|2\n|\n|t:|1651766411\n|move|p2a: Latias|Aura Sphere|p1a: Mandibuzz\n|-damage|p1a: Mandibuzz|77\/100\n|move|p1a: Mandibuzz|Foul Play|p2a: Latias\n|-supereffective|p2a: Latias\n|-damage|p2a: Latias|0 fnt\n|faint|p2a: Latias\n|\n|upkeep\n|\n|t:|1651766416\n|switch|p2a: Mamoswine|Mamoswine, M|100\/100\n|turn|3\n|\n|t:|1651766423\n|move|p2a: Mamoswine|Icicle Crash|p1a: Mandibuzz\n|-supereffective|p1a: Mandibuzz\n|-damage|p1a: Mandibuzz|13\/100\n|cant|p1a: Mandibuzz|flinch\n|\n|upkeep\n|turn|4\n|\n|t:|1651766433\n|switch|p1a: Ninetales|Ninetales, F|100\/100\n|-weather|SunnyDay|[from] ability: Drought|[of] p1a: Ninetales\n|move|p2a: Mamoswine|Icicle Crash|p1a: Ninetales|[miss]\n|-miss|p2a: Mamoswine|p1a: Ninetales\n|\n|-weather|SunnyDay|[upkeep]\n|upkeep\n|turn|5\n|\n|t:|1651766440\n|move|p1a: Ninetales|Flamethrower|p2a: Mamoswine\n|-supereffective|p2a: Mamoswine\n|-damage|p2a: Mamoswine|0 fnt\n|faint|p2a: Mamoswine\n|\n|-weather|SunnyDay|[upkeep]\n|upkeep\n|\n|t:|1651766443\n|switch|p2a: Rotom|Rotom-Heat|100\/100\n|turn|6\n|\n|t:|1651766448\n|switch|p1a: Gastrodon|Gastrodon, F|100\/100\n|move|p2a: Rotom|Nasty Plot|p2a: Rotom\n|-boost|p2a: Rotom|spa|2\n|\n|-weather|SunnyDay|[upkeep]\n|upkeep\n|turn|7\n|\n|t:|1651766454\n|move|p2a: Rotom|Overheat|p1a: Gastrodon\n|-resisted|p1a: Gastrodon\n|-damage|p1a: Gastrodon|34\/100\n|-unboost|p2a: Rotom|spa|2\n|move|p1a: Gastrodon|Toxic|p2a: Rotom\n|-status|p2a: Rotom|tox\n|\n|-weather|SunnyDay|[upkeep]\n|-heal|p1a: Gastrodon|40\/100|[from] item: Leftovers\n|-damage|p2a: Rotom|95\/100 tox|[from] psn\n|upkeep\n|turn|8\n|\n|t:|1651766460\n|move|p2a: Rotom|Overheat|p1a: Gastrodon\n|-resisted|p1a: Gastrodon\n|-damage|p1a: Gastrodon|6\/100\n|-unboost|p2a: Rotom|spa|2\n|move|p1a: Gastrodon|Recover|p1a: Gastrodon\n|-heal|p1a: Gastrodon|56\/100\n|\n|-weather|SunnyDay|[upkeep]\n|-heal|p1a: Gastrodon|62\/100|[from] item: Leftovers\n|-damage|p2a: Rotom|83\/100 tox|[from] psn\n|upkeep\n|turn|9\n|\n|t:|1651766464\n|switch|p2a: Ferrothorn|Ferrothorn, F|100\/100\n|move|p1a: Gastrodon|Recover|p1a: Gastrodon\n|-heal|p1a: Gastrodon|100\/100\n|\n|-weather|SunnyDay|[upkeep]\n|upkeep\n|turn|10\n|\n|t:|1651766469\n|switch|p1a: Mandibuzz|Mandibuzz, F|13\/100\n|switch|p2a: Rotom|Rotom-Heat|83\/100 tox\n|\n|-weather|SunnyDay|[upkeep]\n|-damage|p2a: Rotom|77\/100 tox|[from] psn\n|upkeep\n|turn|11\n|\n|t:|1651766473\n|switch|p1a: Gastrodon|Gastrodon, F|100\/100\n|move|p2a: Rotom|Nasty Plot|p2a: Rotom\n|-boost|p2a: Rotom|spa|2\n|\n|-weather|none\n|-damage|p2a: Rotom|65\/100 tox|[from] psn\n|upkeep\n|turn|12\n|\n|t:|1651766480\n|move|p2a: Rotom|Pain Split|p1a: Gastrodon\n|-sethp|p1a: Gastrodon|73\/100|[from] move: Pain Split|[silent]\n|-sethp|p2a: Rotom|100\/100 tox|[from] move: Pain Split\n|move|p1a: Gastrodon|Earthquake|p2a: Rotom\n|-immune|p2a: Rotom|[from] ability: Levitate\n|\n|-heal|p1a: Gastrodon|79\/100|[from] item: Leftovers\n|-damage|p2a: Rotom|83\/100 tox|[from] psn\n|upkeep\n|turn|13\n|\n|t:|1651766484\n|switch|p2a: Zapdos|Zapdos-Galar|100\/100\n|move|p1a: Gastrodon|Recover|p1a: Gastrodon\n|-heal|p1a: Gastrodon|100\/100\n|\n|upkeep\n|turn|14\n|\n|t:|1651766493\n|move|p2a: Zapdos|Brave Bird|p1a: Gastrodon\n|-damage|p1a: Gastrodon|35\/100\n|-damage|p2a: Zapdos|72\/100|[from] Recoil\n|move|p1a: Gastrodon|Yawn|p2a: Zapdos\n|-start|p2a: Zapdos|move: Yawn|[of] p1a: Gastrodon\n|\n|-heal|p1a: Gastrodon|41\/100|[from] item: Leftovers\n|upkeep\n|turn|15\n|\n|t:|1651766499\n|switch|p1a: Ninetales|Ninetales, F|100\/100\n|-weather|SunnyDay|[from] ability: Drought|[of] p1a: Ninetales\n|move|p2a: Zapdos|Brave Bird|p1a: Ninetales\n|-damage|p1a: Ninetales|0 fnt\n|faint|p1a: Ninetales\n|-damage|p2a: Zapdos|42\/100|[from] Recoil\n|\n|-weather|SunnyDay|[upkeep]\n|-end|p2a: Zapdos|move: Yawn|[silent]\n|-status|p2a: Zapdos|slp\n|upkeep\n|\n|t:|1651766504\n|switch|p1a: Shiftry|Shiftry, M|100\/100\n|turn|16\n|\n|t:|1651766509\n|move|p1a: Shiftry|Growth|p1a: Shiftry\n|-boost|p1a: Shiftry|atk|2\n|-boost|p1a: Shiftry|spa|2\n|cant|p2a: Zapdos|slp\n|\n|-weather|SunnyDay|[upkeep]\n|upkeep\n|turn|17\n|\n|t:|1651766514\n|move|p1a: Shiftry|Heat Wave|p2a: Zapdos\n|-damage|p2a: Zapdos|0 fnt\n|faint|p2a: Zapdos\n|-damage|p1a: Shiftry|91\/100|[from] item: Life Orb\n|\n|-weather|SunnyDay|[upkeep]\n|upkeep\n|\n|t:|1651766515\n|switch|p2a: Rotom|Rotom-Heat|83\/100 tox\n|turn|18\n|\n|t:|1651766518\n|move|p1a: Shiftry|Sucker Punch|p2a: Rotom\n|-damage|p2a: Rotom|0 fnt\n|faint|p2a: Rotom\n|-damage|p1a: Shiftry|81\/100|[from] item: Life Orb\n|\n|-weather|SunnyDay|[upkeep]\n|upkeep\n|\n|t:|1651766521\n|switch|p2a: Corviknight|Corviknight, M|100\/100\n|-ability|p2a: Corviknight|Pressure\n|turn|19\n|\n|t:|1651766525\n|move|p1a: Shiftry|Heat Wave|p2a: Corviknight\n|-supereffective|p2a: Corviknight\n|-damage|p2a: Corviknight|0 fnt\n|faint|p2a: Corviknight\n|-damage|p1a: Shiftry|71\/100|[from] item: Life Orb\n|\n|-weather|SunnyDay|[upkeep]\n|upkeep\n|\n|t:|1651766527\n|switch|p2a: Ferrothorn|Ferrothorn, F|100\/100\n|turn|20\n|\n|t:|1651766529\n|move|p1a: Shiftry|Heat Wave|p2a: Ferrothorn\n|-supereffective|p2a: Ferrothorn\n|-damage|p2a: Ferrothorn|0 fnt\n|faint|p2a: Ferrothorn\n|-damage|p1a: Shiftry|61\/100|[from] item: Life Orb\n|\n|win|El Stefano\n|raw|El Stefano's rating: 1492 &rarr; <strong>1508<\/strong><br \/>(+16 for winning)\n|raw|AltoFGC's rating: 1424 &rarr; <strong>1408<\/strong><br \/>(-16 for losing)\n|l|\u2606AltoFGC\n","uploadtime":1651766533,"views":17,"p1id":"elstefano","p2id":"altofgc","formatid":"gen8ou","rating":1408,"private":0,"password":null}