{"id":"gen8ou-1676113662","p1":"hqstest","p2":"64j3t3hrt3h","format":"gen8ou","log":"|j|\u2606hqstest\n|j|\u260664j3t3hrt3h\n|t:|1664753514\n|gametype|singles\n|player|p1|hqstest|veteranf|1598\n|player|p2|64j3t3hrt3h|170|1660\n|teamsize|p1|6\n|teamsize|p2|6\n|gen|8\n|tier|[Gen 8] OU\n|rated|\n|rule|Sleep Clause Mod: Limit one foe put to sleep\n|rule|Species Clause: Limit one of each Pok\u00e9mon\n|rule|OHKO Clause: OHKO moves are banned\n|rule|Evasion Items Clause: Evasion items are banned\n|rule|Evasion Moves Clause: Evasion moves are banned\n|rule|Endless Battle Clause: Forcing endless battles is banned\n|rule|HP Percentage Mod: HP is shown in percentages\n|rule|Dynamax Clause: You cannot dynamax\n|clearpoke\n|poke|p1|Terrakion|\n|poke|p1|Weavile, M|\n|poke|p1|Blaziken, F|\n|poke|p1|Mew|\n|poke|p1|Tapu Koko|\n|poke|p1|Dragonite, M|\n|poke|p2|Buzzwole|\n|poke|p2|Landorus-Therian, M|\n|poke|p2|Magnezone|\n|poke|p2|Tyranitar, F|\n|poke|p2|Tapu Lele|\n|poke|p2|Toxapex, F|\n|teampreview\n|\n|t:|1664753522\n|start\n|switch|p1a: Terrakion|Terrakion|100\/100\n|switch|p2a: Tapu Lele|Tapu Lele, shiny|100\/100\n|-fieldstart|move: Psychic Terrain|[from] ability: Psychic Surge|[of] p2a: Tapu Lele\n|turn|1\n|inactive|Battle timer is ON: inactive players will automatically lose when time's up. (requested by hqstest)\n|\n|t:|1664753530\n|switch|p2a: Buzzwole|Buzzwole|100\/100\n|move|p1a: Terrakion|Rock Tomb|p2a: Buzzwole|[miss]\n|-miss|p1a: Terrakion|p2a: Buzzwole\n|\n|upkeep\n|turn|2\n|\n|t:|1664753538\n|move|p2a: Buzzwole|Leech Life|p1a: Terrakion\n|-resisted|p1a: Terrakion\n|-damage|p1a: Terrakion|74\/100\n|move|p1a: Terrakion|Taunt|p2a: Buzzwole\n|-start|p2a: Buzzwole|move: Taunt\n|\n|upkeep\n|turn|3\n|\n|t:|1664753546\n|switch|p2a: Landorus|Landorus-Therian, M|100\/100\n|-ability|p2a: Landorus|Intimidate|boost\n|-unboost|p1a: Terrakion|atk|1\n|move|p1a: Terrakion|Stealth Rock|p2a: Landorus\n|-sidestart|p2: 64j3t3hrt3h|move: Stealth Rock\n|\n|upkeep\n|turn|4\n|\n|t:|1664753549\n|move|p1a: Terrakion|Taunt|p2a: Landorus\n|-start|p2a: Landorus|move: Taunt\n|move|p2a: Landorus|Earthquake|p1a: Terrakion\n|-supereffective|p1a: Terrakion\n|-damage|p1a: Terrakion|0 fnt\n|faint|p1a: Terrakion\n|\n|upkeep\n|\n|t:|1664753557\n|switch|p1a: Blaziken|Blaziken, F|100\/100\n|-item|p1a: Blaziken|Air Balloon\n|turn|5\n|\n|t:|1664753561\n|move|p1a: Blaziken|Swords Dance|p1a: Blaziken\n|-boost|p1a: Blaziken|atk|2\n|move|p2a: Landorus|U-turn|p1a: Blaziken\n|-resisted|p1a: Blaziken\n|-damage|p1a: Blaziken|93\/100\n|-enditem|p1a: Blaziken|Air Balloon\n|\n|t:|1664753563\n|switch|p2a: Buzzwole|Buzzwole|100\/100|[from]move: U-turn\n|-damage|p2a: Buzzwole|88\/100|[from] Stealth Rock\n|\n|-fieldend|move: Psychic Terrain\n|-ability|p1a: Blaziken|Speed Boost|boost\n|-boost|p1a: Blaziken|spe|1\n|upkeep\n|turn|6\n|j| Kyurem\n|\n|t:|1664753571\n|switch|p1a: Dragonite|Dragonite, M|100\/100\n|move|p2a: Buzzwole|Earthquake|p1a: Dragonite\n|-immune|p1a: Dragonite\n|\n|upkeep\n|turn|7\n|inactive|64j3t3hrt3h has 120 seconds left.\n|j| Mel0nL0rd\n|j| Bob Dross\n|\n|t:|1664753627\n|switch|p2a: Toxapex|Toxapex, F|100\/100\n|-damage|p2a: Toxapex|88\/100|[from] Stealth Rock\n|move|p1a: Dragonite|Dragon Dance|p1a: Dragonite\n|-boost|p1a: Dragonite|atk|1\n|-boost|p1a: Dragonite|spe|1\n|\n|upkeep\n|turn|8\n|\n|t:|1664753630\n|move|p1a: Dragonite|Earthquake|p2a: Toxapex\n|-supereffective|p2a: Toxapex\n|-damage|p2a: Toxapex|20\/100\n|move|p2a: Toxapex|Haze|p2a: Toxapex\n|-clearallboost\n|\n|upkeep\n|turn|9\n|\n|t:|1664753641\n|switch|p2a: Landorus|Landorus-Therian, M|100\/100\n|-damage|p2a: Landorus|88\/100|[from] Stealth Rock\n|-ability|p2a: Landorus|Intimidate|boost\n|-unboost|p1a: Dragonite|atk|1\n|move|p1a: Dragonite|Dragon Dance|p1a: Dragonite\n|-boost|p1a: Dragonite|atk|1\n|-boost|p1a: Dragonite|spe|1\n|\n|-heal|p2a: Landorus|94\/100|[from] item: Leftovers\n|upkeep\n|turn|10\n|\n|t:|1664753644\n|move|p1a: Dragonite|Ice Punch|p2a: Landorus\n|-supereffective|p2a: Landorus\n|-damage|p2a: Landorus|0 fnt\n|faint|p2a: Landorus\n|\n|upkeep\n|\n|t:|1664753648\n|switch|p2a: Tapu Lele|Tapu Lele, shiny|100\/100\n|-damage|p2a: Tapu Lele|88\/100|[from] Stealth Rock\n|-fieldstart|move: Psychic Terrain|[from] ability: Psychic Surge|[of] p2a: Tapu Lele\n|turn|11\n|\n|t:|1664753658\n|switch|p1a: Mew|Mew|100\/100\n|move|p2a: Tapu Lele|Moonblast|p1a: Mew\n|-damage|p1a: Mew|35\/100\n|\n|upkeep\n|turn|12\n|\n|t:|1664753668\n|move|p1a: Mew|Thunder Wave|p2a: Tapu Lele\n|-status|p2a: Tapu Lele|par\n|move|p2a: Tapu Lele|Moonblast|p1a: Mew\n|-damage|p1a: Mew|0 fnt\n|faint|p1a: Mew\n|\n|upkeep\n|\n|t:|1664753680\n|switch|p1a: Weavile|Weavile, M|100\/100\n|-ability|p1a: Weavile|Pressure\n|turn|13\n|\n|t:|1664753684\n|switch|p2a: Toxapex|Toxapex, F|53\/100\n|-damage|p2a: Toxapex|40\/100|[from] Stealth Rock\n|move|p1a: Weavile|Knock Off|p2a: Toxapex\n|-damage|p2a: Toxapex|3\/100\n|-damage|p1a: Weavile|84\/100|[from] item: Rocky Helmet|[of] p2a: Toxapex\n|-enditem|p2a: Toxapex|Rocky Helmet|[from] move: Knock Off|[of] p1a: Weavile\n|-damage|p1a: Weavile|74\/100|[from] item: Life Orb\n|\n|upkeep\n|turn|14\n|\n|t:|1664753691\n|move|p1a: Weavile|Knock Off|p2a: Toxapex\n|-damage|p2a: Toxapex|0 fnt\n|faint|p2a: Toxapex\n|-damage|p1a: Weavile|64\/100|[from] item: Life Orb\n|\n|upkeep\n|\n|t:|1664753693\n|switch|p2a: Buzzwole|Buzzwole|88\/100\n|-damage|p2a: Buzzwole|76\/100|[from] Stealth Rock\n|turn|15\n|\n|t:|1664753702\n|move|p2a: Buzzwole|Ice Punch|p1a: Weavile\n|-resisted|p1a: Weavile\n|-damage|p1a: Weavile|39\/100\n|move|p1a: Weavile|Triple Axel|p2a: Buzzwole\n|-damage|p2a: Buzzwole|67\/100\n|-damage|p2a: Buzzwole|47\/100\n|-damage|p2a: Buzzwole|17\/100\n|-hitcount|p2a: Buzzwole|3\n|-damage|p1a: Weavile|29\/100|[from] item: Life Orb\n|\n|-fieldend|move: Psychic Terrain\n|upkeep\n|turn|16\n|\n|t:|1664753712\n|move|p1a: Weavile|Ice Shard|p2a: Buzzwole\n|-damage|p2a: Buzzwole|0 fnt\n|faint|p2a: Buzzwole\n|-damage|p1a: Weavile|19\/100|[from] item: Life Orb\n|\n|upkeep\n|-message|64j3t3hrt3h forfeited.\n|\n|win|hqstest\n|raw|hqstest's rating: 1598 &rarr; <strong>1622<\/strong><br \/>(+24 for winning)\n|raw|64j3t3hrt3h's rating: 1660 &rarr; <strong>1636<\/strong><br \/>(-24 for losing)\n|l|\u260664j3t3hrt3h\n|l| Bob Dross\n||Ladder isn't responding, score probably updated but might not have (Request timeout).\n","uploadtime":1664753720,"views":21,"p1id":"hqstest","p2id":"64j3t3hrt3h","formatid":"gen8ou","rating":1622,"private":0,"password":null}