{"id":"gen8ou-1562935606","p1":"Steez Ibanez","p2":"GORAN EL DRACO","format":"gen8ou","log":"|j|\u2606Steez Ibanez\n|j|\u2606GORAN EL DRACO\n|t:|1651112493\n|gametype|singles\n|player|p1|Steez Ibanez|blue-gen1rbchampion|1869\n|player|p2|GORAN EL DRACO|harlequin|1825\n|teamsize|p1|6\n|teamsize|p2|6\n|gen|8\n|tier|[Gen 8] OU\n|rated|\n|rule|Sleep Clause Mod: Limit one foe put to sleep\n|rule|Species Clause: Limit one of each Pok\u00e9mon\n|rule|OHKO Clause: OHKO moves are banned\n|rule|Evasion Moves Clause: Evasion moves are banned\n|rule|Endless Battle Clause: Forcing endless battles is banned\n|rule|HP Percentage Mod: HP is shown in percentages\n|rule|Dynamax Clause: You cannot dynamax\n|clearpoke\n|poke|p1|Nidoking, M|\n|poke|p1|Zapdos|\n|poke|p1|Garchomp, M|\n|poke|p1|Tapu Fini|\n|poke|p1|Ferrothorn, M|\n|poke|p1|Landorus-Therian, M|\n|poke|p2|Celesteela|\n|poke|p2|Urshifu-*, M|\n|poke|p2|Landorus-Therian, M|\n|poke|p2|Blacephalon|\n|poke|p2|Nihilego|\n|poke|p2|Dragapult, M|\n|teampreview\n|inactive|Battle timer is ON: inactive players will automatically lose when time's up. (requested by GORAN EL DRACO)\n|\n|t:|1651112498\n|start\n|switch|p1a: Simba|Landorus-Therian, M|100\/100\n|switch|p2a: Dragapult|Dragapult, M|100\/100\n|-ability|p1a: Simba|Intimidate|boost\n|-fail|p2a: Dragapult|unboost|[from] ability: Clear Body|[of] p2a: Dragapult\n|turn|1\n|\n|t:|1651112504\n|switch|p2a: Landorus|Landorus-Therian, M|100\/100\n|-ability|p2a: Landorus|Intimidate|boost\n|-unboost|p1a: Simba|atk|1\n|move|p1a: Simba|Knock Off|p2a: Landorus\n|-damage|p2a: Landorus|77\/100\n|-enditem|p2a: Landorus|Heavy-Duty Boots|[from] move: Knock Off|[of] p1a: Simba\n|\n|upkeep\n|turn|2\n|\n|t:|1651112510\n|switch|p1a: Abomination|Ferrothorn, M|100\/100\n|move|p2a: Landorus|U-turn|p1a: Abomination\n|-damage|p1a: Abomination|87\/100\n|-damage|p2a: Landorus|64\/100|[from] ability: Iron Barbs|[of] p1a: Abomination\n|-damage|p2a: Landorus|48\/100|[from] item: Rocky Helmet|[of] p1a: Abomination\n|j| 50 at max\n|\n|t:|1651112518\n|switch|p2a: Dragapult|Dragapult, M|100\/100|[from]move: U-turn\n|\n|upkeep\n|turn|3\n|\n|t:|1651112524\n|move|p2a: Dragapult|Shadow Ball|p1a: Abomination\n|-damage|p1a: Abomination|40\/100\n|move|p1a: Abomination|Spikes|p2a: Dragapult\n|-sidestart|p2: GORAN EL DRACO|Spikes\n|\n|upkeep\n|turn|4\n|\n|t:|1651112530\n|switch|p1a: Simba|Landorus-Therian, M|100\/100\n|-ability|p1a: Simba|Intimidate|boost\n|-fail|p2a: Dragapult|unboost|[from] ability: Clear Body|[of] p2a: Dragapult\n|move|p2a: Dragapult|Shadow Ball|p1a: Simba\n|-damage|p1a: Simba|22\/100\n|\n|upkeep\n|turn|5\n|\n|t:|1651112535\n|switch|p2a: Landorus|Landorus-Therian, M|48\/100\n|-ability|p2a: Landorus|Intimidate|boost\n|-unboost|p1a: Simba|atk|1\n|move|p1a: Simba|Knock Off|p2a: Landorus\n|-damage|p2a: Landorus|32\/100\n|\n|upkeep\n|turn|6\n|\n|t:|1651112538\n|switch|p1a: Abomination|Ferrothorn, M|40\/100\n|move|p2a: Landorus|Stealth Rock|p1a: Abomination\n|-sidestart|p1: Steez Ibanez|move: Stealth Rock\n|\n|upkeep\n|turn|7\n|\n|t:|1651112541\n|move|p2a: Landorus|Earthquake|p1a: Abomination\n|-damage|p1a: Abomination|14\/100\n|move|p1a: Abomination|Spikes|p2a: Landorus\n|-sidestart|p2: GORAN EL DRACO|Spikes\n|\n|upkeep\n|turn|8\n|\n|t:|1651112549\n|move|p2a: Landorus|Earthquake|p1a: Abomination\n|-damage|p1a: Abomination|0 fnt\n|faint|p1a: Abomination\n|\n|upkeep\n|\n|t:|1651112551\n|switch|p1a: Samehada|Garchomp, M|100\/100\n|-damage|p1a: Samehada|94\/100|[from] Stealth Rock\n|turn|9\n|\n|t:|1651112558\n|move|p1a: Samehada|Scale Shot|p2a: Landorus|[miss]\n|-miss|p1a: Samehada|p2a: Landorus\n|move|p2a: Landorus|Earthquake|p1a: Samehada\n|-damage|p1a: Samehada|46\/100\n|\n|-heal|p1a: Samehada|53\/100|[from] item: Leftovers\n|upkeep\n|turn|10\n|j| Yb is BETTER\n|\n|t:|1651112568\n|move|p1a: Samehada|Scale Shot|p2a: Landorus\n|-damage|p2a: Landorus|19\/100\n|-damage|p2a: Landorus|5\/100\n|-damage|p2a: Landorus|0 fnt\n|faint|p2a: Landorus\n|-hitcount|p2: Landorus|3\n|-unboost|p1a: Samehada|def|1\n|-boost|p1a: Samehada|spe|1\n|\n|-heal|p1a: Samehada|59\/100|[from] item: Leftovers\n|upkeep\n|\n|t:|1651112569\n|switch|p2a: Urshifu|Urshifu-Rapid-Strike, M|100\/100\n|-damage|p2a: Urshifu|84\/100|[from] Spikes\n|turn|11\n|\n|t:|1651112573\n|switch|p1a: Bolt|Zapdos|100\/100\n|move|p2a: Urshifu|Surging Strikes|p1a: Bolt\n|-crit|p1a: Bolt\n|-damage|p1a: Bolt|78\/100\n|-status|p2a: Urshifu|par|[from] ability: Static|[of] p1a: Bolt\n|-crit|p1a: Bolt\n|-damage|p1a: Bolt|54\/100\n|-crit|p1a: Bolt\n|-damage|p1a: Bolt|30\/100\n|-hitcount|p1a: Bolt|3\n|\n|upkeep\n|turn|12\n|\n|t:|1651112578\n|move|p1a: Bolt|Discharge|p2a: Urshifu\n|-supereffective|p2a: Urshifu\n|-damage|p2a: Urshifu|0 fnt\n|faint|p2a: Urshifu\n|\n|upkeep\n|\n|t:|1651112581\n|switch|p2a: Blacephalon|Blacephalon|100\/100\n|-damage|p2a: Blacephalon|84\/100|[from] Spikes\n|turn|13\n|\n|t:|1651112584\n|move|p2a: Blacephalon|Shadow Ball|p1a: Bolt\n|-damage|p1a: Bolt|0 fnt\n|faint|p1a: Bolt\n|-ability|p2a: Blacephalon|Beast Boost|boost\n|-boost|p2a: Blacephalon|spa|1\n|\n|upkeep\n|\n|t:|1651112585\n|switch|p1a: Watcher|Tapu Fini|100\/100\n|-damage|p1a: Watcher|88\/100|[from] Stealth Rock\n|-fieldstart|move: Misty Terrain|[from] ability: Misty Surge|[of] p1a: Watcher\n|turn|14\n|\n|t:|1651112590\n|switch|p2a: zoner ?|Celesteela|100\/100\n|move|p1a: Watcher|Surf|p2a: zoner ?\n|-crit|p2a: zoner ?\n|-damage|p2a: zoner ?|53\/100\n|\n|-heal|p1a: Watcher|94\/100|[from] item: Leftovers\n|upkeep\n|turn|15\n|\n|t:|1651112598\n|move|p1a: Watcher|Calm Mind|p1a: Watcher\n|-boost|p1a: Watcher|spa|1\n|-boost|p1a: Watcher|spd|1\n|move|p2a: zoner ?|Autotomize|p2a: zoner ?\n|-boost|p2a: zoner ?|spe|2\n|-start|p2a: zoner ?|Autotomize\n|\n|-heal|p1a: Watcher|100\/100|[from] item: Leftovers\n|upkeep\n|turn|16\n|\n|t:|1651112600\n|move|p2a: zoner ?|Meteor Beam||[still]\n|-prepare|p2a: zoner ?|Meteor Beam\n|-boost|p2a: zoner ?|spa|1\n|-enditem|p2a: zoner ?|Power Herb\n|-anim|p2a: zoner ?|Meteor Beam|p1a: Watcher\n|-crit|p1a: Watcher\n|-damage|p1a: Watcher|32\/100\n|move|p1a: Watcher|Surf|p2a: zoner ?\n|-damage|p2a: zoner ?|11\/100\n|\n|-heal|p1a: Watcher|38\/100|[from] item: Leftovers\n|upkeep\n|turn|17\n|\n|t:|1651112606\n|move|p2a: zoner ?|Air Slash|p1a: Watcher\n|-damage|p1a: Watcher|7\/100\n|cant|p1a: Watcher|flinch\n|\n|-heal|p1a: Watcher|13\/100|[from] item: Leftovers\n|upkeep\n|turn|18\n|c|\u2606Steez Ibanez|Lol\n|c|\u2606Steez Ibanez|jesus\n|\n|t:|1651112616\n|move|p2a: zoner ?|Air Slash|p1a: Watcher\n|-damage|p1a: Watcher|0 fnt\n|faint|p1a: Watcher\n|-ability|p2a: zoner ?|Beast Boost|boost\n|-boost|p2a: zoner ?|spa|1\n|\n|-fieldend|Misty Terrain\n|upkeep\n|\n|t:|1651112617\n|switch|p1a: Simba|Landorus-Therian, M|22\/100\n|-damage|p1a: Simba|10\/100|[from] Stealth Rock\n|-ability|p1a: Simba|Intimidate|boost\n|-unboost|p2a: zoner ?|atk|1\n|turn|19\n|\n|t:|1651112620\n|move|p1a: Simba|Knock Off|p2a: zoner ?\n|-damage|p2a: zoner ?|0 fnt\n|faint|p2a: zoner ?\n|\n|upkeep\n|\n|t:|1651112626\n|switch|p2a: Blacephalon|Blacephalon|84\/100\n|-damage|p2a: Blacephalon|67\/100|[from] Spikes\n|turn|20\n|j| Narwhale37\n|\n|t:|1651112631\n|move|p2a: Blacephalon|Shadow Ball|p1a: Simba\n|-damage|p1a: Simba|0 fnt\n|faint|p1a: Simba\n|-ability|p2a: Blacephalon|Beast Boost|boost\n|-boost|p2a: Blacephalon|spa|1\n|\n|upkeep\n|-message|Steez Ibanez forfeited.\n|\n|win|GORAN EL DRACO\n|raw|Steez Ibanez's rating: 1869 &rarr; <strong>1846<\/strong><br \/>(-23 for losing)\n|raw|GORAN EL DRACO's rating: 1825 &rarr; <strong>1848<\/strong><br \/>(+23 for winning)\n|l|\u2606Steez Ibanez\n||Ladder isn't responding, score probably updated but might not have (Request timeout).\n|n| deathby1000cuts|goraneldraco\n|l| Yb is BETTER\n","uploadtime":1651112660,"views":157,"p1id":"steezibanez","p2id":"goraneldraco","formatid":"gen8ou","rating":1846,"private":0,"password":null}