{"id":"gen8ou-1682779649","p1":"brettfavreguilty","p2":"Reggisterh","format":"gen8ou","log":"|j|\u2606brettfavreguilty\n|j|\u2606Reggisterh\n|t:|1665457363\n|gametype|singles\n|player|p1|brettfavreguilty|harlequin|1709\n|player|p2|Reggisterh|jogger|1686\n|teamsize|p1|6\n|teamsize|p2|6\n|gen|8\n|tier|[Gen 8] OU\n|rated|\n|rule|Sleep Clause Mod: Limit one foe put to sleep\n|rule|Species Clause: Limit one of each Pok\u00e9mon\n|rule|OHKO Clause: OHKO moves are banned\n|rule|Evasion Items Clause: Evasion items are banned\n|rule|Evasion Moves Clause: Evasion moves are banned\n|rule|Endless Battle Clause: Forcing endless battles is banned\n|rule|HP Percentage Mod: HP is shown in percentages\n|rule|Dynamax Clause: You cannot dynamax\n|clearpoke\n|poke|p1|Gallade, M|\n|poke|p1|Thwackey, F|\n|poke|p1|Victini|\n|poke|p1|Latias, F|\n|poke|p1|Silvally-*|\n|poke|p1|Drapion, M|\n|poke|p2|Melmetal|\n|poke|p2|Tornadus-Therian, M|\n|poke|p2|Toxapex, M|\n|poke|p2|Magnezone|\n|poke|p2|Garchomp, M|\n|poke|p2|Tapu Lele|\n|teampreview\n|c|\u2606brettfavreguilty|lame\n|\n|t:|1665457387\n|start\n|switch|p1a: Victini|Victini|100\/100\n|switch|p2a: Garchomp|Garchomp, M|100\/100\n|turn|1\n|\n|t:|1665457396\n|move|p2a: Garchomp|Protect|p2a: Garchomp\n|-singleturn|p2a: Garchomp|Protect\n|move|p1a: Victini|U-turn|p2a: Garchomp\n|-activate|p2a: Garchomp|move: Protect\n|\n|upkeep\n|turn|2\n|j| bccahy\n|\n|t:|1665457408\n|move|p2a: Garchomp|Stealth Rock|p1a: Victini\n|-sidestart|p1: brettfavreguilty|move: Stealth Rock\n|move|p1a: Victini|U-turn|p2a: Garchomp\n|-damage|p2a: Garchomp|89\/100\n|-damage|p1a: Victini|88\/100|[from] ability: Rough Skin|[of] p2a: Garchomp\n|\n|t:|1665457413\n|switch|p1a: Thwhackey|Thwackey, F|100\/100|[from]move: U-turn\n|-damage|p1a: Thwhackey|88\/100|[from] Stealth Rock\n|-fieldstart|move: Grassy Terrain|[from] ability: Grassy Surge|[of] p1a: Thwhackey\n|\n|-heal|p2a: Garchomp|95\/100|[from] Grassy Terrain\n|-heal|p2a: Garchomp|100\/100|[from] item: Leftovers\n|-heal|p1a: Thwhackey|94\/100|[from] Grassy Terrain\n|upkeep\n|turn|3\n|\n|t:|1665457419\n|move|p2a: Garchomp|Toxic|p1a: Thwhackey\n|-status|p1a: Thwhackey|tox\n|move|p1a: Thwhackey|Wood Hammer|p2a: Garchomp\n|-damage|p2a: Garchomp|28\/100\n|-damage|p1a: Thwhackey|82\/100 tox|[from] ability: Rough Skin|[of] p2a: Garchomp\n|-damage|p1a: Thwhackey|48\/100 tox|[from] Recoil\n|\n|-heal|p2a: Garchomp|35\/100|[from] Grassy Terrain\n|-heal|p2a: Garchomp|41\/100|[from] item: Leftovers\n|-heal|p1a: Thwhackey|54\/100 tox|[from] Grassy Terrain\n|-damage|p1a: Thwhackey|48\/100 tox|[from] psn\n|upkeep\n|turn|4\n|\n|t:|1665457429\n|switch|p2a: Tornadus|Tornadus-Therian, M|100\/100\n|move|p1a: Thwhackey|Wood Hammer|p2a: Tornadus\n|-resisted|p2a: Tornadus\n|-damage|p2a: Tornadus|48\/100\n|-damage|p1a: Thwhackey|26\/100 tox|[from] Recoil\n|\n|-heal|p1a: Thwhackey|32\/100 tox|[from] Grassy Terrain\n|-damage|p1a: Thwhackey|20\/100 tox|[from] psn\n|upkeep\n|turn|5\n|\n|t:|1665457435\n|move|p2a: Tornadus|U-turn|p1a: Thwhackey\n|-supereffective|p1a: Thwhackey\n|-damage|p1a: Thwhackey|0 fnt\n|faint|p1a: Thwhackey\n|\n|t:|1665457439\n|switch|p2a: Garchomp|Garchomp, M|41\/100|[from]move: U-turn\n|\n|-heal|p2a: Garchomp|47\/100|[from] Grassy Terrain\n|-heal|p2a: Garchomp|53\/100|[from] item: Leftovers\n|upkeep\n|\n|t:|1665457444\n|switch|p1a: kmediham|Gallade, M|100\/100\n|-damage|p1a: kmediham|94\/100|[from] Stealth Rock\n|turn|6\n|\n|t:|1665457451\n|switch|p2a: Toxapex|Toxapex, M|100\/100\n|move|p1a: kmediham|Swords Dance|p1a: kmediham\n|-boost|p1a: kmediham|atk|2\n|\n|-heal|p1a: kmediham|100\/100|[from] Grassy Terrain\n|-fieldend|move: Grassy Terrain\n|upkeep\n|turn|7\n|\n|t:|1665457463\n|move|p1a: kmediham|Psycho Cut|p2a: Toxapex\n|-supereffective|p2a: Toxapex\n|-damage|p2a: Toxapex|0 fnt\n|faint|p2a: Toxapex\n|-damage|p1a: kmediham|91\/100|[from] item: Life Orb\n|\n|upkeep\n|\n|t:|1665457466\n|switch|p2a: Tapu Lele|Tapu Lele|100\/100\n|-fieldstart|move: Psychic Terrain|[from] ability: Psychic Surge|[of] p2a: Tapu Lele\n|turn|8\n|\n|t:|1665457471\n|switch|p1a: Victini|Victini|88\/100\n|move|p2a: Tapu Lele|Moonblast|p1a: Victini\n|-resisted|p1a: Victini\n|-damage|p1a: Victini|67\/100\n|\n|upkeep\n|turn|9\n|\n|t:|1665457476\n|switch|p2a: Garchomp|Garchomp, M|53\/100\n|move|p1a: Victini|U-turn|p2a: Garchomp\n|-damage|p2a: Garchomp|41\/100\n|-damage|p1a: Victini|54\/100|[from] ability: Rough Skin|[of] p2a: Garchomp\n|j| Spyer2k\n|\n|t:|1665457497\n|switch|p1a: kmediham|Gallade, M|91\/100|[from]move: U-turn\n|-damage|p1a: kmediham|85\/100|[from] Stealth Rock\n|\n|-heal|p2a: Garchomp|48\/100|[from] item: Leftovers\n|upkeep\n|turn|10\n|\n|t:|1665457506\n|move|p2a: Garchomp|Earthquake|p1a: kmediham\n|-damage|p1a: kmediham|11\/100\n|move|p1a: kmediham|Close Combat|p2a: Garchomp\n|-damage|p2a: Garchomp|0 fnt\n|-unboost|p1a: kmediham|def|1\n|-unboost|p1a: kmediham|spd|1\n|-damage|p1a: kmediham|0 fnt|[from] ability: Rough Skin|[of] p2a: Garchomp\n|faint|p2a: Garchomp\n|faint|p1a: kmediham\n|\n|upkeep\n|j| roma ii\n|\n|t:|1665457516\n|switch|p2a: Tornadus|Tornadus-Therian, M|81\/100\n|switch|p1a: grape|Drapion, M|100\/100\n|-damage|p1a: grape|88\/100|[from] Stealth Rock\n|turn|11\n|\n|t:|1665457522\n|move|p2a: Tornadus|U-turn|p1a: grape\n|-damage|p1a: grape|78\/100\n|\n|t:|1665457524\n|switch|p2a: Magnezone|Magnezone|100\/100|[from]move: U-turn\n|move|p1a: grape|Poison Jab|p2a: Magnezone\n|-immune|p2a: Magnezone\n|\n|-heal|p1a: grape|84\/100|[from] item: Leftovers\n|upkeep\n|turn|12\n|\n|t:|1665457533\n|move|p1a: grape|Knock Off|p2a: Magnezone\n|-damage|p2a: Magnezone|78\/100\n|-enditem|p2a: Magnezone|Leftovers|[from] move: Knock Off|[of] p1a: grape\n|move|p2a: Magnezone|Body Press|p1a: grape\n|-damage|p1a: grape|66\/100\n|\n|-heal|p1a: grape|72\/100|[from] item: Leftovers\n|-fieldend|move: Psychic Terrain\n|upkeep\n|turn|13\n|\n|t:|1665457539\n|move|p1a: grape|Toxic Spikes|p2a: Magnezone\n|-sidestart|p2: Reggisterh|move: Toxic Spikes\n|move|p2a: Magnezone|Iron Defense|p2a: Magnezone\n|-boost|p2a: Magnezone|def|2\n|\n|-heal|p1a: grape|78\/100|[from] item: Leftovers\n|upkeep\n|turn|14\n|\n|t:|1665457545\n|move|p1a: grape|Taunt|p2a: Magnezone\n|-start|p2a: Magnezone|move: Taunt\n|cant|p2a: Magnezone|move: Taunt|Iron Defense\n|\n|-heal|p1a: grape|85\/100|[from] item: Leftovers\n|upkeep\n|turn|15\n|\n|t:|1665457551\n|move|p1a: grape|Toxic Spikes|p2a: Magnezone\n|-sidestart|p2: Reggisterh|move: Toxic Spikes\n|move|p2a: Magnezone|Body Press|p1a: grape\n|-damage|p1a: grape|46\/100\n|\n|-heal|p1a: grape|52\/100|[from] item: Leftovers\n|upkeep\n|turn|16\n|\n|t:|1665457555\n|move|p1a: grape|Knock Off|p2a: Magnezone\n|-damage|p2a: Magnezone|70\/100\n|move|p2a: Magnezone|Body Press|p1a: grape\n|-damage|p1a: grape|15\/100\n|\n|-heal|p1a: grape|21\/100|[from] item: Leftovers\n|-end|p2a: Magnezone|move: Taunt\n|upkeep\n|turn|17\n|\n|t:|1665457560\n|move|p1a: grape|Taunt|p2a: Magnezone\n|-start|p2a: Magnezone|move: Taunt\n|move|p2a: Magnezone|Body Press|p1a: grape\n|-damage|p1a: grape|0 fnt\n|faint|p1a: grape\n|\n|upkeep\n|\n|t:|1665457563\n|switch|p1a: Victini|Victini|54\/100\n|turn|18\n|\n|t:|1665457568\n|move|p1a: Victini|Sunny Day|p1a: Victini\n|-weather|SunnyDay\n|move|p2a: Magnezone|Thunderbolt|p1a: Victini\n|-damage|p1a: Victini|23\/100\n|\n|-weather|SunnyDay|[upkeep]\n|upkeep\n|turn|19\n|\n|t:|1665457574\n|move|p1a: Victini|V-create|p2a: Magnezone\n|-supereffective|p2a: Magnezone\n|-damage|p2a: Magnezone|2\/100\n|-unboost|p1a: Victini|spe|1\n|-unboost|p1a: Victini|def|1\n|-unboost|p1a: Victini|spd|1\n|move|p2a: Magnezone|Thunderbolt|p1a: Victini\n|-damage|p1a: Victini|0 fnt\n|faint|p1a: Victini\n|\n|-weather|SunnyDay|[upkeep]\n|-end|p2a: Magnezone|move: Taunt\n|upkeep\n|\n|t:|1665457580\n|switch|p1a: Latias|Latias, F|100\/100\n|-damage|p1a: Latias|88\/100|[from] Stealth Rock\n|turn|20\n|\n|t:|1665457584\n|switch|p2a: Melmetal|Melmetal|100\/100\n|move|p1a: Latias|Calm Mind|p1a: Latias\n|-boost|p1a: Latias|spa|1\n|-boost|p1a: Latias|spd|1\n|\n|-weather|SunnyDay|[upkeep]\n|upkeep\n|turn|21\n|\n|t:|1665457595\n|move|p1a: Latias|Aura Sphere|p2a: Melmetal\n|-supereffective|p2a: Melmetal\n|-damage|p2a: Melmetal|28\/100\n|move|p2a: Melmetal|Double Iron Bash|p1a: Latias\n|-damage|p1a: Latias|43\/100\n|-damage|p1a: Latias|0 fnt\n|faint|p1a: Latias\n|-hitcount|p1: Latias|2\n|\n|-weather|SunnyDay|[upkeep]\n|-heal|p2a: Melmetal|34\/100|[from] item: Leftovers\n|upkeep\n|\n|t:|1665457601\n|switch|p1a: Silvally|Silvally-Water|100\/100\n|-damage|p1a: Silvally|88\/100|[from] Stealth Rock\n|turn|22\n|\n|t:|1665457608\n|move|p1a: Silvally|Swords Dance|p1a: Silvally\n|-boost|p1a: Silvally|atk|2\n|move|p2a: Melmetal|Thunder Punch|p1a: Silvally\n|-supereffective|p1a: Silvally\n|-damage|p1a: Silvally|13\/100\n|\n|-weather|none\n|-heal|p2a: Melmetal|40\/100|[from] item: Leftovers\n|upkeep\n|turn|23\n|\n|t:|1665457619\n|move|p1a: Silvally|Flame Charge|p2a: Melmetal\n|-supereffective|p2a: Melmetal\n|-damage|p2a: Melmetal|0 fnt\n|-boost|p1a: Silvally|spe|1\n|faint|p2a: Melmetal\n|\n|upkeep\n|\n|t:|1665457626\n|switch|p2a: Tornadus|Tornadus-Therian, M|100\/100\n|turn|24\n|\n|t:|1665457634\n|move|p1a: Silvally|Multi-Attack|p2a: Tornadus\n|-damage|p2a: Tornadus|0 fnt\n|faint|p2a: Tornadus\n|\n|upkeep\n|\n|t:|1665457638\n|switch|p2a: Magnezone|Magnezone|2\/100\n|turn|25\n|\n|t:|1665457640\n|move|p1a: Silvally|Flame Charge|p2a: Magnezone\n|-supereffective|p2a: Magnezone\n|-damage|p2a: Magnezone|0 fnt\n|-boost|p1a: Silvally|spe|1\n|faint|p2a: Magnezone\n|\n|upkeep\n|\n|t:|1665457641\n|switch|p2a: Tapu Lele|Tapu Lele|100\/100\n|-status|p2a: Tapu Lele|tox\n|-fieldstart|move: Psychic Terrain|[from] ability: Psychic Surge|[of] p2a: Tapu Lele\n|turn|26\n|\n|t:|1665457644\n|move|p1a: Silvally|Multi-Attack|p2a: Tapu Lele\n|-damage|p2a: Tapu Lele|0 fnt\n|faint|p2a: Tapu Lele\n|\n|win|brettfavreguilty\n|raw|brettfavreguilty's rating: 1709 &rarr; <strong>1728<\/strong><br \/>(+19 for winning)\n|raw|Reggisterh's rating: 1686 &rarr; <strong>1667<\/strong><br \/>(-19 for losing)\n|c|\u2606Reggisterh|gg\n|l|\u2606Reggisterh\n|c|\u2606brettfavreguilty|draped\n|c| Spyer2k|damn\n|c| Spyer2k|come back\n|c|\u2606brettfavreguilty|YAH MAN\n|c| Spyer2k|gg\n||Ladder isn't responding, score probably updated but might not have (Request timeout).\n","uploadtime":1665457664,"views":38,"p1id":"brettfavreguilty","p2id":"reggisterh","formatid":"gen8ou","rating":1667,"private":0,"password":null}