{"id":"gen8ou-1114560309","p1":"Le-Perpetrator","p2":"Rorschach I","format":"gen8ou","log":"|j|\u2606Le-Perpetrator\n|j|\u2606Rorschach I\n|player|p1|Le-Perpetrator|102|1733\n|player|p2|Rorschach I|cynthia|1808\n|teamsize|p1|6\n|teamsize|p2|6\n|gametype|singles\n|gen|8\n|tier|[Gen 8] OU\n|rated|\n|clearpoke\n|poke|p1|Toxtricity-Low-Key, M|\n|poke|p1|Ferrothorn, F|\n|poke|p1|Togekiss, F|\n|poke|p1|Dracovish|\n|poke|p1|Grimmsnarl, M|\n|poke|p1|Mamoswine, F|\n|poke|p2|Terrakion|\n|poke|p2|Aegislash, F|\n|poke|p2|Crawdaunt, M|\n|poke|p2|Zeraora|\n|poke|p2|Kyurem|\n|poke|p2|Togekiss, F|\n|rule|Sleep Clause Mod: Limit one foe put to sleep\n|rule|Species Clause: Limit one of each Pok\u00e9mon\n|rule|OHKO Clause: OHKO moves are banned\n|rule|Evasion Moves Clause: Evasion moves are banned\n|rule|Endless Battle Clause: Forcing endless battles is banned\n|rule|HP Percentage Mod: HP is shown in percentages\n|rule|Dynamax Clause: You cannot dynamax\n|teampreview\n|inactive|Battle timer is ON: inactive players will automatically lose when time's up. (requested by Rorschach I)\n|j| Alemantas194\n|\n|start\n|switch|p1a: Grimmsnarl|Grimmsnarl, M|100\/100\n|switch|p2a: Terrakion|Terrakion|100\/100\n|turn|1\n|\n|move|p1a: Grimmsnarl|Taunt|p2a: Terrakion\n|-start|p2a: Terrakion|move: Taunt\n|cant|p2a: Terrakion|move: Taunt|Taunt\n|\n|upkeep\n|turn|2\n|\n|move|p1a: Grimmsnarl|Reflect|p1a: Grimmsnarl\n|-sidestart|p1: Le-Perpetrator|Reflect\n|move|p2a: Terrakion|Close Combat|p1a: Grimmsnarl\n|-damage|p1a: Grimmsnarl|72\/100\n|-unboost|p2a: Terrakion|def|1\n|-unboost|p2a: Terrakion|spd|1\n|\n|upkeep\n|turn|3\n|\n|move|p2a: Terrakion|Close Combat|p1a: Grimmsnarl\n|-damage|p1a: Grimmsnarl|45\/100\n|-unboost|p2a: Terrakion|def|1\n|-unboost|p2a: Terrakion|spd|1\n|move|p1a: Grimmsnarl|Spirit Break|p2a: Terrakion\n|-supereffective|p2a: Terrakion\n|-enditem|p2a: Terrakion|Focus Sash\n|-damage|p2a: Terrakion|1\/100\n|-unboost|p2a: Terrakion|spa|1\n|\n|-end|p2a: Terrakion|move: Taunt\n|upkeep\n|turn|4\n|\n|move|p1a: Grimmsnarl|Taunt|p2a: Terrakion\n|-start|p2a: Terrakion|move: Taunt\n|move|p2a: Terrakion|Close Combat|p1a: Grimmsnarl\n|-damage|p1a: Grimmsnarl|18\/100\n|-unboost|p2a: Terrakion|def|1\n|-unboost|p2a: Terrakion|spd|1\n|\n|upkeep\n|turn|5\n|\n|switch|p1a: Ferrothorn|Ferrothorn, F|100\/100\n|move|p2a: Terrakion|Close Combat|p1a: Ferrothorn\n|-supereffective|p1a: Ferrothorn\n|-damage|p1a: Ferrothorn|55\/100\n|-unboost|p2a: Terrakion|def|1\n|-unboost|p2a: Terrakion|spd|1\n|-damage|p2a: Terrakion|0 fnt|[from] ability: Iron Barbs|[of] p1a: Ferrothorn\n|faint|p2a: Terrakion\n|\n|upkeep\n|\n|switch|p2a: Kyurem|Kyurem|100\/100\n|-ability|p2a: Kyurem|Pressure\n|turn|6\n|\n|move|p2a: Kyurem|Ice Beam|p1a: Ferrothorn\n|-damage|p1a: Ferrothorn|9\/100\n|move|p1a: Ferrothorn|Gyro Ball|p2a: Kyurem\n|-supereffective|p2a: Kyurem\n|-damage|p2a: Kyurem|5\/100\n|\n|upkeep\n|turn|7\n|\n|move|p2a: Kyurem|Ice Beam|p1a: Ferrothorn\n|-damage|p1a: Ferrothorn|0 fnt\n|faint|p1a: Ferrothorn\n|\n|upkeep\n|\n|switch|p1a: Mamoswine|Mamoswine, F|100\/100\n|turn|8\n|\n|move|p1a: Mamoswine|Ice Shard|p2a: Kyurem\n|-damage|p2a: Kyurem|0 fnt\n|faint|p2a: Kyurem\n|\n|upkeep\n|\n|switch|p2a: Togekiss|Togekiss, F|100\/100\n|turn|9\n|\n|move|p1a: Mamoswine|Ice Shard|p2a: Togekiss\n|-supereffective|p2a: Togekiss\n|-damage|p2a: Togekiss|23\/100\n|move|p2a: Togekiss|Air Slash|p1a: Mamoswine\n|-damage|p1a: Mamoswine|50\/100\n|\n|-sideend|p1: Le-Perpetrator|Reflect\n|upkeep\n|turn|10\n|\n|switch|p2a: Crawdaunt|Crawdaunt, M|100\/100\n|move|p1a: Mamoswine|Ice Shard|p2a: Crawdaunt\n|-resisted|p2a: Crawdaunt\n|-damage|p2a: Crawdaunt|76\/100\n|\n|upkeep\n|turn|11\n|\n|switch|p1a: Grimmsnarl|Grimmsnarl, M|18\/100\n|move|p2a: Crawdaunt|Knock Off|p1a: Grimmsnarl\n|-resisted|p1a: Grimmsnarl\n|-damage|p1a: Grimmsnarl|0 fnt\n|-enditem|p1a: Grimmsnarl|Light Clay|[from] move: Knock Off|[of] p2a: Crawdaunt\n|-damage|p2a: Crawdaunt|66\/100|[from] item: Life Orb\n|faint|p1a: Grimmsnarl\n|\n|upkeep\n|\n|switch|p1a: Dracovish|Dracovish|100\/100\n|turn|12\n|\n|switch|p2a: Aegislash|Aegislash, F|100\/100\n|-item|p2a: Aegislash|Air Balloon\n|move|p1a: Dracovish|Fishious Rend|p2a: Aegislash\n|-crit|p2a: Aegislash\n|-damage|p2a: Aegislash|0 fnt\n|-enditem|p2a: Aegislash|Air Balloon\n|faint|p2a: Aegislash\n|\n|upkeep\n|\n|switch|p2a: Zeraora|Zeraora|100\/100\n|turn|13\n|\n|move|p2a: Zeraora|Bulk Up|p2a: Zeraora\n|-boost|p2a: Zeraora|atk|1\n|-boost|p2a: Zeraora|def|1\n|move|p1a: Dracovish|Fishious Rend|p2a: Zeraora\n|-damage|p2a: Zeraora|29\/100\n|\n|upkeep\n|turn|14\n|\n|move|p2a: Zeraora|Play Rough|p1a: Dracovish\n|-supereffective|p1a: Dracovish\n|-damage|p1a: Dracovish|0 fnt\n|-damage|p2a: Zeraora|19\/100|[from] item: Life Orb\n|faint|p1a: Dracovish\n|\n|upkeep\n|\n|switch|p1a: Mamoswine|Mamoswine, F|50\/100\n|turn|15\n|\n|switch|p2a: Crawdaunt|Crawdaunt, M|66\/100\n|move|p1a: Mamoswine|Ice Shard|p2a: Crawdaunt\n|-resisted|p2a: Crawdaunt\n|-damage|p2a: Crawdaunt|43\/100\n|\n|upkeep\n|turn|16\n|\n|switch|p1a: Toxtricity|Toxtricity-Low-Key, M|100\/100\n|move|p2a: Crawdaunt|Aqua Jet|p1a: Toxtricity\n|-damage|p1a: Toxtricity|45\/100\n|-damage|p2a: Crawdaunt|33\/100|[from] item: Life Orb\n|\n|upkeep\n|turn|17\n|\n|move|p2a: Crawdaunt|Aqua Jet|p1a: Toxtricity\n|-damage|p1a: Toxtricity|0 fnt\n|-damage|p2a: Crawdaunt|24\/100|[from] item: Life Orb\n|faint|p1a: Toxtricity\n|\n|upkeep\n|\n|switch|p1a: Togekiss|Togekiss, F|100\/100\n|turn|18\n|\n|switch|p2a: Togekiss|Togekiss, F|23\/100\n|move|p1a: Togekiss|Air Slash|p2a: Togekiss\n|-damage|p2a: Togekiss|0 fnt\n|faint|p2a: Togekiss\n|\n|upkeep\n|\n|switch|p2a: Zeraora|Zeraora|19\/100\n|turn|19\n|\n|move|p2a: Zeraora|Drain Punch|p1a: Togekiss\n|-resisted|p1a: Togekiss\n|-damage|p1a: Togekiss|91\/100\n|-heal|p2a: Zeraora|24\/100|[from] drain|[of] p1a: Togekiss\n|-damage|p2a: Zeraora|14\/100|[from] item: Life Orb\n|move|p1a: Togekiss|Flamethrower|p2a: Zeraora\n|-damage|p2a: Zeraora|0 fnt\n|faint|p2a: Zeraora\n|\n|-heal|p1a: Togekiss|97\/100|[from] item: Leftovers\n|upkeep\n|-message|Rorschach I forfeited.\n|\n|win|Le-Perpetrator\n|l|\u2606Rorschach I\n","uploadtime":1589470901,"views":166,"p1id":"leperpetrator","p2id":"rorschachi","formatid":"gen8ou","rating":0,"private":0,"password":null}