{"id":"gen8ou-1700051576","p1":"Meracx","p2":"SGKI","format":"gen8ou","log":"|j|\u2606Meracx\n|j|\u2606SGKI\n|t:|1667309458\n|gametype|singles\n|player|p1|Meracx|thorton|\n|player|p2|SGKI|sabrina-gen3|\n|teamsize|p1|6\n|teamsize|p2|6\n|gen|8\n|tier|[Gen 8] OU\n|rule|Sleep Clause Mod: Limit one foe put to sleep\n|rule|Species Clause: Limit one of each Pok\u00e9mon\n|rule|OHKO Clause: OHKO moves are banned\n|rule|Evasion Items Clause: Evasion items are banned\n|rule|Evasion Moves Clause: Evasion moves are banned\n|rule|Endless Battle Clause: Forcing endless battles is banned\n|rule|HP Percentage Mod: HP is shown in percentages\n|rule|Dynamax Clause: You cannot dynamax\n|clearpoke\n|poke|p1|Weavile, M|\n|poke|p1|Heatran, M|\n|poke|p1|Tapu Fini|\n|poke|p1|Tapu Koko|\n|poke|p1|Kartana|\n|poke|p1|Landorus-Therian, M|\n|poke|p2|Tapu Lele|\n|poke|p2|Urshifu-*, F|\n|poke|p2|Landorus-Therian, M|\n|poke|p2|Heatran, M|\n|poke|p2|Toxapex, F|\n|poke|p2|Dragapult, F|\n|teampreview\n|c|\u2606Meracx|hf\n|c|\u2606SGKI|hf !\n|c|\u2606SGKI|Je link et j'arrive\n|c|\u2606Meracx|D'acc !\n|j| PokemonCestDur\n|j| strat cherif18\n|j| MIKU STAN ACCOUNT\n|j| Scavet\n|\n|t:|1667309526\n|start\n|switch|p1a: Tapu Koko|Tapu Koko|100\/100\n|switch|p2a: Landorus|Landorus-Therian, M|100\/100\n|-fieldstart|move: Electric Terrain|[from] ability: Electric Surge|[of] p1a: Tapu Koko\n|-ability|p2a: Landorus|Intimidate|boost\n|-unboost|p1a: Tapu Koko|atk|1\n|turn|1\n|\n|t:|1667309538\n|move|p1a: Tapu Koko|U-turn|p2a: Landorus\n|-resisted|p2a: Landorus\n|-damage|p2a: Landorus|96\/100\n|\n|t:|1667309543\n|switch|p1a: Landorus|Landorus-Therian, M|100\/100|[from]move: U-turn\n|-ability|p1a: Landorus|Intimidate|boost\n|-unboost|p2a: Landorus|atk|1\n|move|p2a: Landorus|U-turn|p1a: Landorus\n|-resisted|p1a: Landorus\n|-damage|p1a: Landorus|93\/100\n|j| arretezparpitie\n|\n|t:|1667309558\n|switch|p2a: Urshifu|Urshifu-Rapid-Strike, F|100\/100|[from]move: U-turn\n|\n|-heal|p1a: Landorus|99\/100|[from] item: Leftovers\n|upkeep\n|turn|2\n|j| MAGLC IhateLadd\n|\n|t:|1667309563\n|switch|p1a: Tapu Fini|Tapu Fini|100\/100\n|-fieldstart|move: Misty Terrain|[from] ability: Misty Surge|[of] p1a: Tapu Fini\n|move|p2a: Urshifu|U-turn|p1a: Tapu Fini\n|-resisted|p1a: Tapu Fini\n|-damage|p1a: Tapu Fini|89\/100\n|\n|t:|1667309572\n|switch|p2a: Tapu Lele|Tapu Lele|100\/100|[from]move: U-turn\n|-fieldstart|move: Psychic Terrain|[from] ability: Psychic Surge|[of] p2a: Tapu Lele\n|\n|upkeep\n|turn|3\n|j| Zenadark\n|\n|t:|1667309582\n|switch|p1a: Heatran|Heatran, M|100\/100\n|move|p2a: Tapu Lele|Future Sight|p1a: Heatran\n|-start|p2a: Tapu Lele|move: Future Sight\n|\n|upkeep\n|turn|4\n|\n|t:|1667309594\n|switch|p2a: Urshifu|Urshifu-Rapid-Strike, F|100\/100\n|move|p1a: Heatran|Stealth Rock|p2a: Urshifu\n|-sidestart|p2: SGKI|move: Stealth Rock\n|\n|upkeep\n|turn|5\n|l| Zenadark\n|j| Zenadark\n|\n|t:|1667309633\n|switch|p1a: Landorus|Landorus-Therian, M|99\/100\n|-ability|p1a: Landorus|Intimidate|boost\n|-unboost|p2a: Urshifu|atk|1\n|move|p2a: Urshifu|Surging Strikes|p1a: Landorus\n|-supereffective|p1a: Landorus\n|-crit|p1a: Landorus\n|-damage|p1a: Landorus|61\/100\n|-supereffective|p1a: Landorus\n|-crit|p1a: Landorus\n|-damage|p1a: Landorus|23\/100\n|-supereffective|p1a: Landorus\n|-crit|p1a: Landorus\n|-damage|p1a: Landorus|0 fnt\n|faint|p1a: Landorus\n|-hitcount|p1: Landorus|3\n|\n|-hint|Future Sight did not hit because the target is fainted.\n|upkeep\n|\n|t:|1667309641\n|switch|p1a: Tapu Koko|Tapu Koko|100\/100\n|-fieldstart|move: Electric Terrain|[from] ability: Electric Surge|[of] p1a: Tapu Koko\n|turn|6\n|\n|t:|1667309681\n|switch|p2a: Toxapex|Toxapex, F|100\/100\n|-damage|p2a: Toxapex|88\/100|[from] Stealth Rock\n|move|p1a: Tapu Koko|U-turn|p2a: Toxapex\n|-resisted|p2a: Toxapex\n|-damage|p2a: Toxapex|83\/100\n|-enditem|p2a: Toxapex|Eject Button\n|\n|t:|1667309689\n|switch|p2a: Landorus|Landorus-Therian, M|96\/100\n|-damage|p2a: Landorus|83\/100|[from] Stealth Rock\n|-ability|p2a: Landorus|Intimidate|boost\n|-unboost|p1a: Tapu Koko|atk|1\n|\n|-heal|p2a: Landorus|89\/100|[from] item: Leftovers\n|upkeep\n|turn|7\n|\n|t:|1667309705\n|move|p1a: Tapu Koko|U-turn|p2a: Landorus\n|-resisted|p2a: Landorus\n|-damage|p2a: Landorus|83\/100\n|j| Fathiryxi\n|\n|t:|1667309708\n|switch|p1a: Kartana|Kartana|100\/100|[from]move: U-turn\n|move|p2a: Landorus|Defog|p1a: Kartana\n|-unboost|p1a: Kartana|evasion|1\n|-sideend|p2: SGKI|Stealth Rock|[from] move: Defog|[of] p2a: Landorus\n|-fieldend|move: Electric Terrain\n|\n|-heal|p2a: Landorus|90\/100|[from] item: Leftovers\n|upkeep\n|turn|8\n|\n|t:|1667309724\n|switch|p2a: Heatran|Heatran, M|100\/100\n|-item|p2a: Heatran|Air Balloon\n|move|p1a: Kartana|Leaf Blade|p2a: Heatran\n|-resisted|p2a: Heatran\n|-damage|p2a: Heatran|90\/100\n|-enditem|p2a: Heatran|Air Balloon\n|\n|upkeep\n|turn|9\n|\n|t:|1667309746\n|switch|p1a: Tapu Fini|Tapu Fini|89\/100\n|-fieldstart|move: Misty Terrain|[from] ability: Misty Surge|[of] p1a: Tapu Fini\n|move|p2a: Heatran|Stealth Rock|p1a: Tapu Fini\n|-sidestart|p1: Meracx|move: Stealth Rock\n|\n|upkeep\n|turn|10\n|l| Zenadark\n|\n|t:|1667309767\n|switch|p1a: Heatran|Heatran, M|100\/100\n|-damage|p1a: Heatran|88\/100|[from] Stealth Rock\n|switch|p2a: Tapu Lele|Tapu Lele|100\/100\n|-fieldstart|move: Psychic Terrain|[from] ability: Psychic Surge|[of] p2a: Tapu Lele\n|\n|-heal|p1a: Heatran|94\/100|[from] item: Leftovers\n|upkeep\n|turn|11\n|j| Zenadark\n|l| Fathiryxi\n|\n|t:|1667309782\n|move|p2a: Tapu Lele|Focus Blast|p1a: Heatran\n|-supereffective|p1a: Heatran\n|-damage|p1a: Heatran|40\/100\n|move|p1a: Heatran|Stealth Rock|p2a: Tapu Lele\n|-sidestart|p2: SGKI|move: Stealth Rock\n|\n|-heal|p1a: Heatran|47\/100|[from] item: Leftovers\n|upkeep\n|turn|12\n|j| Fathiryxi\n|\n|t:|1667309817\n|switch|p1a: Tapu Koko|Tapu Koko|100\/100\n|-fieldstart|move: Electric Terrain|[from] ability: Electric Surge|[of] p1a: Tapu Koko\n|move|p2a: Tapu Lele|Focus Blast|p1a: Tapu Koko|[miss]\n|-miss|p2a: Tapu Lele|p1a: Tapu Koko\n|\n|upkeep\n|turn|13\n|\n|t:|1667309849\n|switch|p2a: Landorus|Landorus-Therian, M|90\/100\n|-damage|p2a: Landorus|77\/100|[from] Stealth Rock\n|-ability|p2a: Landorus|Intimidate|boost\n|-unboost|p1a: Tapu Koko|atk|1\n|move|p1a: Tapu Koko|U-turn|p2a: Landorus\n|-resisted|p2a: Landorus\n|-damage|p2a: Landorus|72\/100\n|\n|t:|1667309856\n|switch|p1a: Kartana|Kartana|100\/100|[from]move: U-turn\n|-damage|p1a: Kartana|94\/100|[from] Stealth Rock\n|\n|-heal|p2a: Landorus|78\/100|[from] item: Leftovers\n|upkeep\n|turn|14\n|\n|t:|1667309874\n|move|p1a: Kartana|Leaf Blade|p2a: Landorus\n|-damage|p2a: Landorus|16\/100\n|move|p2a: Landorus|Knock Off|p1a: Kartana\n|-damage|p1a: Kartana|64\/100\n|-enditem|p1a: Kartana|Protective Pads|[from] move: Knock Off|[of] p2a: Landorus\n|\n|-heal|p2a: Landorus|22\/100|[from] item: Leftovers\n|upkeep\n|turn|15\n|\n|t:|1667309884\n|switch|p2a: Heatran|Heatran, M|90\/100\n|-damage|p2a: Heatran|78\/100|[from] Stealth Rock\n|move|p1a: Kartana|Knock Off|p2a: Heatran\n|-damage|p2a: Heatran|56\/100\n|\n|upkeep\n|turn|16\n|\n|t:|1667309892\n|move|p1a: Kartana|Sacred Sword|p2a: Heatran\n|-supereffective|p2a: Heatran\n|-damage|p2a: Heatran|1\/100\n|move|p2a: Heatran|Magma Storm|p1a: Kartana\n|-supereffective|p1a: Kartana\n|-damage|p1a: Kartana|0 fnt\n|faint|p1a: Kartana\n|\n|-fieldend|move: Electric Terrain\n|upkeep\n|\n|t:|1667309903\n|switch|p1a: Tapu Koko|Tapu Koko|100\/100\n|-fieldstart|move: Electric Terrain|[from] ability: Electric Surge|[of] p1a: Tapu Koko\n|turn|17\n|c| MIKU STAN ACCOUNT|perfect evs\n|\n|t:|1667309914\n|move|p1a: Tapu Koko|Dazzling Gleam|p2a: Heatran\n|-resisted|p2a: Heatran\n|-damage|p2a: Heatran|0 fnt\n|faint|p2a: Heatran\n|\n|upkeep\n|\n|t:|1667309922\n|switch|p2a: Tapu Lele|Tapu Lele|100\/100\n|-damage|p2a: Tapu Lele|88\/100|[from] Stealth Rock\n|-fieldstart|move: Psychic Terrain|[from] ability: Psychic Surge|[of] p2a: Tapu Lele\n|turn|18\n|\n|t:|1667309948\n|switch|p1a: Weavile|Weavile, M|100\/100\n|-damage|p1a: Weavile|76\/100|[from] Stealth Rock\n|-ability|p1a: Weavile|Pressure\n|move|p2a: Tapu Lele|Psychic|p1a: Weavile\n|-immune|p1a: Weavile\n|\n|upkeep\n|turn|19\n|\n|t:|1667309965\n|switch|p2a: Landorus|Landorus-Therian, M|22\/100\n|-damage|p2a: Landorus|9\/100|[from] Stealth Rock\n|-ability|p2a: Landorus|Intimidate|boost\n|-unboost|p1a: Weavile|atk|1\n|switch|p1a: Tapu Koko|Tapu Koko|100\/100\n|-fieldstart|move: Electric Terrain|[from] ability: Electric Surge|[of] p1a: Tapu Koko\n|\n|-heal|p2a: Landorus|15\/100|[from] item: Leftovers\n|upkeep\n|turn|20\n|\n|t:|1667309979\n|move|p1a: Tapu Koko|Dazzling Gleam|p2a: Landorus\n|-damage|p2a: Landorus|0 fnt\n|faint|p2a: Landorus\n|\n|upkeep\n|\n|t:|1667309984\n|switch|p2a: Tapu Lele|Tapu Lele|88\/100\n|-damage|p2a: Tapu Lele|76\/100|[from] Stealth Rock\n|-fieldstart|move: Psychic Terrain|[from] ability: Psychic Surge|[of] p2a: Tapu Lele\n|turn|21\n|\n|t:|1667309996\n|switch|p1a: Heatran|Heatran, M|47\/100\n|-damage|p1a: Heatran|34\/100|[from] Stealth Rock\n|move|p2a: Tapu Lele|Psychic|p1a: Heatran\n|-resisted|p1a: Heatran\n|-damage|p1a: Heatran|14\/100\n|\n|-heal|p1a: Heatran|20\/100|[from] item: Leftovers\n|upkeep\n|turn|22\n|\n|t:|1667310015\n|move|p2a: Tapu Lele|Psychic|p1a: Heatran\n|-resisted|p1a: Heatran\n|-damage|p1a: Heatran|1\/100\n|move|p1a: Heatran|Magma Storm|p2a: Tapu Lele|[miss]\n|-miss|p1a: Heatran|p2a: Tapu Lele\n|\n|-heal|p1a: Heatran|7\/100|[from] item: Leftovers\n|upkeep\n|turn|23\n|\n|t:|1667310028\n|switch|p1a: Weavile|Weavile, M|76\/100\n|-damage|p1a: Weavile|51\/100|[from] Stealth Rock\n|-ability|p1a: Weavile|Pressure\n|move|p2a: Tapu Lele|Psychic|p1a: Weavile\n|-immune|p1a: Weavile\n|\n|upkeep\n|turn|24\n|l| arretezparpitie\n|\n|t:|1667310047\n|switch|p2a: Toxapex|Toxapex, F|100\/100\n|-damage|p2a: Toxapex|88\/100|[from] Stealth Rock\n|switch|p1a: Tapu Koko|Tapu Koko|100\/100\n|-fieldstart|move: Electric Terrain|[from] ability: Electric Surge|[of] p1a: Tapu Koko\n|\n|upkeep\n|turn|25\n|j| Pika Sup\n|l| Zenadark\n|\n|t:|1667310087\n|switch|p2a: Dragapult|Dragapult, F|100\/100\n|-damage|p2a: Dragapult|88\/100|[from] Stealth Rock\n|move|p1a: Tapu Koko|Thunderbolt|p2a: Dragapult\n|-resisted|p2a: Dragapult\n|-damage|p2a: Dragapult|57\/100\n|\n|upkeep\n|turn|26\n|\n|t:|1667310107\n|move|p2a: Dragapult|Shadow Ball|p1a: Tapu Koko\n|-damage|p1a: Tapu Koko|26\/100\n|move|p1a: Tapu Koko|Dazzling Gleam|p2a: Dragapult\n|-supereffective|p2a: Dragapult\n|-damage|p2a: Dragapult|0 fnt\n|faint|p2a: Dragapult\n|\n|upkeep\n|\n|t:|1667310115\n|switch|p2a: Tapu Lele|Tapu Lele|76\/100\n|-damage|p2a: Tapu Lele|63\/100|[from] Stealth Rock\n|-fieldstart|move: Psychic Terrain|[from] ability: Psychic Surge|[of] p2a: Tapu Lele\n|turn|27\n|\n|t:|1667310118\n|switch|p1a: Heatran|Heatran, M|7\/100\n|-damage|p1a: Heatran|0 fnt|[from] Stealth Rock\n|faint|p1a: Heatran\n|move|p2a: Tapu Lele|Moonblast|p1: Heatran|[notarget]\n|-fail|p2a: Tapu Lele\n|\n|upkeep\n|j| Zenadark\n|\n|t:|1667310132\n|switch|p1a: Tapu Fini|Tapu Fini|89\/100\n|-damage|p1a: Tapu Fini|77\/100|[from] Stealth Rock\n|-fieldstart|move: Misty Terrain|[from] ability: Misty Surge|[of] p1a: Tapu Fini\n|turn|28\n|j| Astreau\n|\n|t:|1667310215\n|switch|p2a: Toxapex|Toxapex, F|100\/100\n|-damage|p2a: Toxapex|88\/100|[from] Stealth Rock\n|move|p1a: Tapu Fini|Moonblast|p2a: Toxapex\n|-resisted|p2a: Toxapex\n|-damage|p2a: Toxapex|78\/100\n|\n|upkeep\n|turn|29\n|l| Astreau\n|\n|t:|1667310241\n|switch|p1a: Tapu Koko|Tapu Koko|26\/100\n|-fieldstart|move: Electric Terrain|[from] ability: Electric Surge|[of] p1a: Tapu Koko\n|move|p2a: Toxapex|Knock Off|p1a: Tapu Koko\n|-resisted|p1a: Tapu Koko\n|-damage|p1a: Tapu Koko|16\/100\n|-enditem|p1a: Tapu Koko|Heavy-Duty Boots|[from] move: Knock Off|[of] p2a: Toxapex\n|\n|upkeep\n|turn|30\n|j| LaLuneAttireLaMer\n|\n|t:|1667310282\n|switch|p2a: Tapu Lele|Tapu Lele|63\/100\n|-damage|p2a: Tapu Lele|51\/100|[from] Stealth Rock\n|-fieldstart|move: Psychic Terrain|[from] ability: Psychic Surge|[of] p2a: Tapu Lele\n|move|p1a: Tapu Koko|Thunderbolt|p2a: Tapu Lele\n|-damage|p2a: Tapu Lele|13\/100\n|-status|p2a: Tapu Lele|par\n|\n|upkeep\n|turn|31\n|j| Astreau\n|c| Zenadark|??\n|l| Astreau\n|\n|t:|1667310306\n|move|p1a: Tapu Koko|Thunderbolt|p2a: Tapu Lele\n|-damage|p2a: Tapu Lele|0 fnt\n|faint|p2a: Tapu Lele\n|\n|upkeep\n|\n|t:|1667310309\n|switch|p2a: Toxapex|Toxapex, F|100\/100\n|-damage|p2a: Toxapex|88\/100|[from] Stealth Rock\n|turn|32\n|\n|t:|1667310315\n|move|p1a: Tapu Koko|Roost|p1a: Tapu Koko\n|-heal|p1a: Tapu Koko|66\/100\n|-singleturn|p1a: Tapu Koko|move: Roost\n|move|p2a: Toxapex|Knock Off|p1a: Tapu Koko\n|-resisted|p1a: Tapu Koko\n|-damage|p1a: Tapu Koko|59\/100\n|\n|upkeep\n|turn|33\n|-message|SGKI forfeited.\n|\n|win|Meracx\n|l| MIKU STAN ACCOUNT\n|c|\u2606SGKI|gg\n|l| PokemonCestDur\n|l| Zenadark\n|c|\u2606Meracx|gg, d\u00e9so pour la fin\n","uploadtime":1667310332,"views":35,"p1id":"meracx","p2id":"sgki","formatid":"gen8ou","rating":0,"private":0,"password":null}