{"id":"gen8ou-1657894316","p1":"batataplays","p2":"pens6426","format":"gen8ou","log":"|j|\u2606batataplays\n|j|\u2606pens6426\n|t:|1662505314\n|gametype|singles\n|player|p1|batataplays|furisodegirl-blue|1671\n|player|p2|pens6426|170|1667\n|teamsize|p1|6\n|teamsize|p2|6\n|gen|8\n|tier|[Gen 8] OU\n|rated|\n|rule|Sleep Clause Mod: Limit one foe put to sleep\n|rule|Species Clause: Limit one of each Pok\u00e9mon\n|rule|OHKO Clause: OHKO moves are banned\n|rule|Evasion Items Clause: Evasion items are banned\n|rule|Evasion Moves Clause: Evasion moves are banned\n|rule|Endless Battle Clause: Forcing endless battles is banned\n|rule|HP Percentage Mod: HP is shown in percentages\n|rule|Dynamax Clause: You cannot dynamax\n|clearpoke\n|poke|p1|Nihilego|\n|poke|p1|Zapdos-Galar|\n|poke|p1|Kartana|\n|poke|p1|Celesteela|\n|poke|p1|Garchomp, F|\n|poke|p1|Tapu Fini|\n|poke|p2|Slowking-Galar, M|\n|poke|p2|Garchomp, M|\n|poke|p2|Magnezone|\n|poke|p2|Kartana|\n|poke|p2|Rotom-Wash|\n|poke|p2|Rillaboom, F|\n|teampreview\n|inactive|Battle timer is ON: inactive players will automatically lose when time's up. (requested by pens6426)\n|\n|t:|1662505340\n|start\n|switch|p1a: Zapdos|Zapdos-Galar|100\/100\n|switch|p2a: Garchomp|Garchomp, M|100\/100\n|turn|1\n|\n|t:|1662505346\n|move|p2a: Garchomp|Protect|p2a: Garchomp\n|-singleturn|p2a: Garchomp|Protect\n|move|p1a: Zapdos|Close Combat|p2a: Garchomp\n|-activate|p2a: Garchomp|move: Protect\n|\n|upkeep\n|turn|2\n|\n|t:|1662505361\n|move|p1a: Zapdos|Close Combat|p2a: Garchomp\n|-damage|p2a: Garchomp|27\/100\n|-unboost|p1a: Zapdos|def|1\n|-unboost|p1a: Zapdos|spd|1\n|-damage|p1a: Zapdos|88\/100|[from] ability: Rough Skin|[of] p2a: Garchomp\n|move|p2a: Garchomp|Stealth Rock|p1a: Zapdos\n|-sidestart|p1: batataplays|move: Stealth Rock\n|\n|-heal|p2a: Garchomp|34\/100|[from] item: Leftovers\n|upkeep\n|turn|3\n|inactive|batataplays has 120 seconds left.\n|\n|t:|1662505403\n|move|p2a: Garchomp|Protect|p2a: Garchomp\n|-singleturn|p2a: Garchomp|Protect\n|move|p1a: Zapdos|Close Combat|p2a: Garchomp\n|-activate|p2a: Garchomp|move: Protect\n|\n|-heal|p2a: Garchomp|40\/100|[from] item: Leftovers\n|upkeep\n|turn|4\n|\n|t:|1662505410\n|switch|p1a: Garchomp|Garchomp, F|100\/100\n|-damage|p1a: Garchomp|94\/100|[from] Stealth Rock\n|switch|p2a: Slowking|Slowking-Galar, M|100\/100\n|\n|upkeep\n|turn|5\n|inactive|batataplays has 120 seconds left.\n|\n|t:|1662505441\n|switch|p2a: Rotom|Rotom-Wash|100\/100\n|move|p1a: Garchomp|Stealth Rock|p2a: Rotom\n|-sidestart|p2: pens6426|move: Stealth Rock\n|\n|upkeep\n|turn|6\n|\n|t:|1662505446\n|move|p1a: Garchomp|Toxic|p2a: Rotom\n|-status|p2a: Rotom|tox\n|move|p2a: Rotom|Toxic|p1a: Garchomp\n|-status|p1a: Garchomp|tox\n|\n|-damage|p1a: Garchomp|88\/100 tox|[from] psn\n|-damage|p2a: Rotom|94\/100 tox|[from] psn\n|upkeep\n|turn|7\n|\n|t:|1662505457\n|switch|p1a: Nihilego|Nihilego|100\/100\n|-damage|p1a: Nihilego|88\/100|[from] Stealth Rock\n|move|p2a: Rotom|Hydro Pump|p1a: Nihilego\n|-supereffective|p1a: Nihilego\n|-damage|p1a: Nihilego|24\/100\n|\n|-heal|p2a: Rotom|100\/100 tox|[from] item: Leftovers\n|-damage|p2a: Rotom|88\/100 tox|[from] psn\n|upkeep\n|turn|8\n|\n|t:|1662505467\n|switch|p2a: Garchomp|Garchomp, M|40\/100\n|-damage|p2a: Garchomp|34\/100|[from] Stealth Rock\n|move|p1a: Nihilego|Meteor Beam||[still]\n|-prepare|p1a: Nihilego|Meteor Beam\n|-boost|p1a: Nihilego|spa|1\n|-enditem|p1a: Nihilego|Power Herb\n|-anim|p1a: Nihilego|Meteor Beam|p2a: Garchomp|[miss]\n|-miss|p1a: Nihilego|p2a: Garchomp\n|\n|-heal|p2a: Garchomp|40\/100|[from] item: Leftovers\n|upkeep\n|turn|9\n|inactive|batataplays has 120 seconds left.\n|\n|t:|1662505479\n|move|p1a: Nihilego|Grass Knot|p2a: Garchomp\n|-damage|p2a: Garchomp|14\/100\n|-damage|p1a: Nihilego|12\/100|[from] ability: Rough Skin|[of] p2a: Garchomp\n|move|p2a: Garchomp|Earthquake|p1a: Nihilego\n|-supereffective|p1a: Nihilego\n|-damage|p1a: Nihilego|0 fnt\n|faint|p1a: Nihilego\n|\n|-heal|p2a: Garchomp|20\/100|[from] item: Leftovers\n|upkeep\n|\n|t:|1662505484\n|switch|p1a: Celesteela|Celesteela|100\/100\n|-damage|p1a: Celesteela|88\/100|[from] Stealth Rock\n|turn|10\n|\n|t:|1662505494\n|switch|p2a: Slowking|Slowking-Galar, M|100\/100\n|-damage|p2a: Slowking|88\/100|[from] Stealth Rock\n|move|p1a: Celesteela|Autotomize|p1a: Celesteela\n|-boost|p1a: Celesteela|spe|2\n|-start|p1a: Celesteela|Autotomize\n|\n|-heal|p2a: Slowking|94\/100|[from] item: Black Sludge\n|upkeep\n|turn|11\n|\n|t:|1662505503\n|switch|p1a: Garchomp|Garchomp, F|88\/100 tox\n|-damage|p1a: Garchomp|82\/100 tox|[from] Stealth Rock\n|move|p2a: Slowking|Trick|p1a: Garchomp\n|-activate|p2a: Slowking|move: Trick|[of] p1a: Garchomp\n|-item|p1a: Garchomp|Black Sludge|[from] move: Trick\n|-item|p2a: Slowking|Rocky Helmet|[from] move: Trick\n|\n|-damage|p1a: Garchomp|69\/100 tox|[from] item: Black Sludge\n|-damage|p1a: Garchomp|63\/100 tox|[from] psn\n|upkeep\n|turn|12\n|\n|t:|1662505512\n|switch|p1a: Zapdos|Zapdos-Galar|88\/100\n|-damage|p1a: Zapdos|76\/100|[from] Stealth Rock\n|switch|p2a: Garchomp|Garchomp, M|20\/100\n|-damage|p2a: Garchomp|14\/100|[from] Stealth Rock\n|\n|-heal|p2a: Garchomp|20\/100|[from] item: Leftovers\n|upkeep\n|turn|13\n|\n|t:|1662505521\n|move|p1a: Zapdos|Brave Bird|p2a: Garchomp\n|-damage|p2a: Garchomp|0 fnt\n|-damage|p1a: Zapdos|63\/100|[from] ability: Rough Skin|[of] p2a: Garchomp\n|faint|p2a: Garchomp\n|-damage|p1a: Zapdos|55\/100|[from] Recoil\n|\n|upkeep\n|\n|t:|1662505527\n|switch|p2a: Magnezone|Magnezone|100\/100\n|-damage|p2a: Magnezone|94\/100|[from] Stealth Rock\n|turn|14\n|\n|t:|1662505533\n|switch|p1a: Garchomp|Garchomp, F|63\/100 tox\n|-damage|p1a: Garchomp|57\/100 tox|[from] Stealth Rock\n|move|p2a: Magnezone|Flash Cannon|p1a: Garchomp\n|-damage|p1a: Garchomp|22\/100 tox\n|\n|-damage|p1a: Garchomp|10\/100 tox|[from] item: Black Sludge\n|-damage|p1a: Garchomp|3\/100 tox|[from] psn\n|upkeep\n|turn|15\n|\n|t:|1662505543\n|switch|p1a: Zapdos|Zapdos-Galar|55\/100\n|-damage|p1a: Zapdos|42\/100|[from] Stealth Rock\n|switch|p2a: Rotom|Rotom-Wash|88\/100 tox\n|-damage|p2a: Rotom|75\/100 tox|[from] Stealth Rock\n|\n|-heal|p2a: Rotom|82\/100 tox|[from] item: Leftovers\n|-damage|p2a: Rotom|75\/100 tox|[from] psn\n|upkeep\n|turn|16\n|\n|t:|1662505559\n|move|p1a: Zapdos|U-turn|p2a: Rotom\n|-damage|p2a: Rotom|45\/100 tox\n|\n|t:|1662505562\n|switch|p1a: Garchomp|Garchomp, F|3\/100 tox|[from]move: U-turn\n|-damage|p1a: Garchomp|0 fnt|[from] Stealth Rock\n|faint|p1a: Garchomp\n|move|p2a: Rotom|Volt Switch|p1: Garchomp|[notarget]\n|-fail|p2a: Rotom\n|\n|-heal|p2a: Rotom|51\/100 tox|[from] item: Leftovers\n|-damage|p2a: Rotom|39\/100 tox|[from] psn\n|upkeep\n|\n|t:|1662505566\n|switch|p1a: Zapdos|Zapdos-Galar|42\/100\n|-damage|p1a: Zapdos|30\/100|[from] Stealth Rock\n|turn|17\n|\n|t:|1662505573\n|move|p1a: Zapdos|Close Combat|p2a: Rotom\n|-damage|p2a: Rotom|0 fnt\n|-unboost|p1a: Zapdos|def|1\n|-unboost|p1a: Zapdos|spd|1\n|faint|p2a: Rotom\n|\n|upkeep\n|\n|t:|1662505579\n|switch|p2a: Slowking|Slowking-Galar, M|100\/100\n|-damage|p2a: Slowking|88\/100|[from] Stealth Rock\n|turn|18\n|\n|t:|1662505590\n|switch|p1a: Tapu Fini|Tapu Fini|100\/100\n|-damage|p1a: Tapu Fini|88\/100|[from] Stealth Rock\n|-fieldstart|move: Misty Terrain|[from] ability: Misty Surge|[of] p1a: Tapu Fini\n|move|p2a: Slowking|Future Sight|p1a: Tapu Fini\n|-start|p2a: Slowking|move: Future Sight\n|\n|-heal|p1a: Tapu Fini|94\/100|[from] item: Leftovers\n|upkeep\n|turn|19\n|\n|t:|1662505601\n|move|p1a: Tapu Fini|Scald|p2a: Slowking\n|-damage|p2a: Slowking|70\/100\n|move|p2a: Slowking|Trick|p1a: Tapu Fini\n|-activate|p2a: Slowking|move: Trick|[of] p1a: Tapu Fini\n|-item|p1a: Tapu Fini|Rocky Helmet|[from] move: Trick\n|-item|p2a: Slowking|Leftovers|[from] move: Trick\n|\n|-heal|p2a: Slowking|76\/100|[from] item: Leftovers\n|upkeep\n|turn|20\n|inactive|batataplays has 120 seconds left.\n|\n|t:|1662505638\n|move|p1a: Tapu Fini|Scald|p2a: Slowking\n|-crit|p2a: Slowking\n|-damage|p2a: Slowking|51\/100\n|move|p2a: Slowking|Sludge Bomb|p1a: Tapu Fini\n|-supereffective|p1a: Tapu Fini\n|-damage|p1a: Tapu Fini|33\/100\n|\n|-end|p1a: Tapu Fini|move: Future Sight\n|-damage|p1a: Tapu Fini|0 fnt\n|faint|p1a: Tapu Fini\n|-heal|p2a: Slowking|57\/100|[from] item: Leftovers\n|upkeep\n|\n|t:|1662505644\n|switch|p1a: Zapdos|Zapdos-Galar|30\/100\n|-damage|p1a: Zapdos|17\/100|[from] Stealth Rock\n|turn|21\n|\n|t:|1662505669\n|switch|p2a: Rillaboom|Rillaboom, F|100\/100\n|-damage|p2a: Rillaboom|88\/100|[from] Stealth Rock\n|-fieldstart|move: Grassy Terrain|[from] ability: Grassy Surge|[of] p2a: Rillaboom\n|move|p1a: Zapdos|Stomping Tantrum|p2a: Rillaboom\n|-resisted|p2a: Rillaboom\n|-damage|p2a: Rillaboom|67\/100\n|\n|-heal|p2a: Rillaboom|73\/100|[from] Grassy Terrain\n|upkeep\n|turn|22\n|\n|t:|1662505682\n|move|p1a: Zapdos|Stomping Tantrum|p2a: Rillaboom\n|-resisted|p2a: Rillaboom\n|-damage|p2a: Rillaboom|51\/100\n|move|p2a: Rillaboom|Swords Dance|p2a: Rillaboom\n|-boost|p2a: Rillaboom|atk|2\n|\n|-heal|p2a: Rillaboom|57\/100|[from] Grassy Terrain\n|upkeep\n|turn|23\n|\n|t:|1662505691\n|move|p2a: Rillaboom|Grassy Glide|p1a: Zapdos\n|-resisted|p1a: Zapdos\n|-damage|p1a: Zapdos|0 fnt\n|faint|p1a: Zapdos\n|-damage|p2a: Rillaboom|47\/100|[from] item: Life Orb\n|\n|-heal|p2a: Rillaboom|54\/100|[from] Grassy Terrain\n|upkeep\n|\n|t:|1662505694\n|switch|p1a: Celesteela|Celesteela|88\/100\n|-damage|p1a: Celesteela|76\/100|[from] Stealth Rock\n|turn|24\n|\n|t:|1662505700\n|move|p2a: Rillaboom|Superpower|p1a: Celesteela\n|-damage|p1a: Celesteela|0 fnt\n|-unboost|p2a: Rillaboom|atk|1\n|-unboost|p2a: Rillaboom|def|1\n|faint|p1a: Celesteela\n|-damage|p2a: Rillaboom|44\/100|[from] item: Life Orb\n|\n|-heal|p2a: Rillaboom|50\/100|[from] Grassy Terrain\n|upkeep\n|\n|t:|1662505703\n|switch|p1a: Kartana|Kartana|100\/100\n|-damage|p1a: Kartana|94\/100|[from] Stealth Rock\n|turn|25\n|\n|t:|1662505711\n|move|p1a: Kartana|Knock Off|p2a: Rillaboom\n|-damage|p2a: Rillaboom|0 fnt\n|-enditem|p2a: Rillaboom|Life Orb|[from] move: Knock Off|[of] p1a: Kartana\n|faint|p2a: Rillaboom\n|-ability|p1a: Kartana|Beast Boost|boost\n|-boost|p1a: Kartana|atk|1\n|\n|-heal|p1a: Kartana|100\/100|[from] Grassy Terrain\n|-fieldend|move: Grassy Terrain\n|upkeep\n|j| ohhKazi\n|\n|t:|1662505734\n|switch|p2a: Kartana|Kartana|100\/100\n|-damage|p2a: Kartana|94\/100|[from] Stealth Rock\n|turn|26\n|\n|t:|1662505738\n|move|p1a: Kartana|Knock Off|p2a: Kartana\n|-damage|p2a: Kartana|28\/100\n|-enditem|p2a: Kartana|Choice Scarf|[from] move: Knock Off|[of] p1a: Kartana\n|move|p2a: Kartana|Knock Off|p1a: Kartana\n|-damage|p1a: Kartana|55\/100\n|-enditem|p1a: Kartana|Choice Scarf|[from] move: Knock Off|[of] p2a: Kartana\n|\n|upkeep\n|turn|27\n|\n|t:|1662505747\n|move|p2a: Kartana|Knock Off|p1a: Kartana\n|-damage|p1a: Kartana|26\/100\n|move|p1a: Kartana|Knock Off|p2a: Kartana\n|-damage|p2a: Kartana|0 fnt\n|faint|p2a: Kartana\n|-ability|p1a: Kartana|Beast Boost|boost\n|-boost|p1a: Kartana|atk|1\n|\n|upkeep\n|\n|t:|1662505754\n|switch|p2a: Magnezone|Magnezone|94\/100\n|-damage|p2a: Magnezone|88\/100|[from] Stealth Rock\n|turn|28\n|\n|t:|1662505758\n|move|p1a: Kartana|Sacred Sword|p2a: Magnezone\n|-supereffective|p2a: Magnezone\n|-enditem|p2a: Magnezone|Chople Berry|[eat]\n|-enditem|p2a: Magnezone|Chople Berry|[weaken]\n|-damage|p2a: Magnezone|20\/100\n|move|p2a: Magnezone|Thunderbolt|p1a: Kartana\n|-resisted|p1a: Kartana\n|-damage|p1a: Kartana|0 fnt\n|faint|p1a: Kartana\n|\n|win|pens6426\n|raw|batataplays's rating: 1650 &rarr; <strong>1631<\/strong><br \/>(-19 for losing)\n|raw|pens6426's rating: 1667 &rarr; <strong>1686<\/strong><br \/>(+19 for winning)\n|l|\u2606batataplays\n|l|\u2606pens6426\n||Ladder isn't responding, score probably updated but might not have (Request timeout).\n","uploadtime":1662505863,"views":32,"p1id":"batataplays","p2id":"pens6426","formatid":"gen8ou","rating":1631,"private":0,"password":null}