{"id":"gen8ou-1522483506","p1":"Sp0oNl0rD","p2":"new account 666666","format":"gen8ou","log":"|j|\u2606Sp0oNl0rD\n|j|\u2606new account 666666\n|inactive|Battle timer is ON: inactive players will automatically lose when time's up.\n|t:|1646292798\n|gametype|singles\n|player|p1|Sp0oNl0rD|102|\n|player|p2|new account 666666|policeman|\n|teamsize|p1|6\n|teamsize|p2|6\n|gen|8\n|tier|[Gen 8] OU\n|rated|Tournament battle\n|rule|Sleep Clause Mod: Limit one foe put to sleep\n|rule|Species Clause: Limit one of each Pok\u00e9mon\n|rule|OHKO Clause: OHKO moves are banned\n|rule|Evasion Moves Clause: Evasion moves are banned\n|rule|Endless Battle Clause: Forcing endless battles is banned\n|rule|HP Percentage Mod: HP is shown in percentages\n|rule|Dynamax Clause: You cannot dynamax\n|rule|Inverse Mod: Weaknesses become resistances, while resistances and immunities become weaknesses.\n|clearpoke\n|poke|p1|Roserade, F|\n|poke|p1|Nidoqueen, F|\n|poke|p1|Galvantula, F|\n|poke|p1|Cloyster, M|\n|poke|p1|Polteageist|\n|poke|p1|Stakataka|\n|poke|p2|Raichu-Alola, F|\n|poke|p2|Tapu Koko|\n|poke|p2|Clefable, M|\n|poke|p2|Ferrothorn, F|\n|poke|p2|Landorus-Therian, M|\n|poke|p2|Victini|\n|teampreview\n|inactive|Sp0oNl0rD also wants the timer to be on.\n|inactive|new account 666666 also wants the timer to be on.\n|c|\u2606new account 666666|GL HF\n|j| Serp IV\n|c|\u2606Sp0oNl0rD|U2\n|j| Meowerdoom\n|\n|t:|1646292817\n|start\n|switch|p1a: Roserade|Roserade, F|100\/100\n|switch|p2a: Tapu Koko|Tapu Koko|100\/100\n|-fieldstart|move: Electric Terrain|[from] ability: Electric Surge|[of] p2a: Tapu Koko\n|turn|1\n|j| articbanana\n|j| Ferenc Liszt\n|j| clef team\n|\n|t:|1646292829\n|move|p2a: Tapu Koko|Discharge|p1a: Roserade\n|-supereffective|p1a: Roserade\n|-damage|p1a: Roserade|13\/100\n|move|p1a: Roserade|Spikes|p2a: Tapu Koko\n|-sidestart|p2: new account 666666|Spikes\n|\n|upkeep\n|turn|2\n|\n|t:|1646292835\n|move|p2a: Tapu Koko|Discharge|p1a: Roserade\n|-supereffective|p1a: Roserade\n|-damage|p1a: Roserade|0 fnt\n|faint|p1a: Roserade\n|\n|upkeep\n|\n|t:|1646292837\n|switch|p1a: Galvantula|Galvantula, F|100\/100\n|turn|3\n|c| clef team|i was 1 mon away from finishing a broken shed stall\n|c| clef team|bfore dq timer\n|n| Ferenc Liszt|ferencliszt\n|c| clef team|fucked me up\n|c| clef team|yall got lucky smh\n|\n|t:|1646292857\n|move|p2a: Tapu Koko|Discharge|p1a: Galvantula\n|-supereffective|p1a: Galvantula\n|-crit|p1a: Galvantula\n|-enditem|p1a: Galvantula|Focus Sash\n|-damage|p1a: Galvantula|1\/100\n|move|p1a: Galvantula|Thunder|p2a: Tapu Koko\n|-supereffective|p2a: Tapu Koko\n|-damage|p2a: Tapu Koko|0 fnt\n|faint|p2a: Tapu Koko\n|\n|upkeep\n|\n|t:|1646292865\n|switch|p2a: Raichu|Raichu-Alola, F, shiny|100\/100\n|-damage|p2a: Raichu|88\/100|[from] Spikes\n|turn|4\n|\n|t:|1646292871\n|move|p2a: Raichu|Rising Voltage|p1a: Galvantula\n|-supereffective|p1a: Galvantula\n|-damage|p1a: Galvantula|0 fnt\n|faint|p1a: Galvantula\n|\n|upkeep\n|\n|t:|1646292879\n|switch|p1a: Cloyster|Cloyster, M|100\/100\n|turn|5\n|\n|t:|1646292886\n|move|p2a: Raichu|Rising Voltage|p1a: Cloyster\n|-resisted|p1a: Cloyster\n|-damage|p1a: Cloyster|0 fnt\n|faint|p1a: Cloyster\n|\n|-fieldend|move: Electric Terrain\n|upkeep\n|\n|t:|1646292892\n|switch|p1a: Polteageist|Polteageist|100\/100\n|turn|6\n|\n|t:|1646292894\n|move|p2a: Raichu|Rising Voltage|p1a: Polteageist\n|-damage|p1a: Polteageist|40\/100\n|move|p1a: Polteageist|Shell Smash|p1a: Polteageist\n|-unboost|p1a: Polteageist|def|1\n|-unboost|p1a: Polteageist|spd|1\n|-boost|p1a: Polteageist|atk|2\n|-boost|p1a: Polteageist|spa|2\n|-boost|p1a: Polteageist|spe|2\n|\n|upkeep\n|turn|7\n|\n|t:|1646292898\n|move|p1a: Polteageist|Stored Power|p2a: Raichu\n|-supereffective|p2a: Raichu\n|-damage|p2a: Raichu|0 fnt\n|faint|p2a: Raichu\n|\n|upkeep\n|\n|t:|1646292904\n|switch|p2a: Clefable|Clefable, M|100\/100\n|turn|8\n|\n|t:|1646292909\n|move|p1a: Polteageist|Stored Power|p2a: Clefable\n|-damage|p2a: Clefable|30\/100\n|move|p2a: Clefable|Moonblast|p1a: Polteageist\n|-damage|p1a: Polteageist|0 fnt\n|faint|p1a: Polteageist\n|\n|-heal|p2a: Clefable|37\/100|[from] item: Leftovers\n|upkeep\n|\n|t:|1646292911\n|switch|p1a: Nidoqueen|Nidoqueen, F|100\/100\n|turn|9\n|\n|t:|1646292918\n|move|p2a: Clefable|Protect|p2a: Clefable\n|-singleturn|p2a: Clefable|Protect\n|move|p1a: Nidoqueen|Earth Power|p2a: Clefable\n|-activate|p2a: Clefable|move: Protect\n|\n|-heal|p2a: Clefable|43\/100|[from] item: Leftovers\n|upkeep\n|turn|10\n|\n|t:|1646292925\n|move|p1a: Nidoqueen|Earth Power|p2a: Clefable\n|-damage|p2a: Clefable|5\/100\n|move|p2a: Clefable|Moonblast|p1a: Nidoqueen\n|-supereffective|p1a: Nidoqueen\n|-damage|p1a: Nidoqueen|22\/100\n|-unboost|p1a: Nidoqueen|spa|1\n|\n|-heal|p2a: Clefable|11\/100|[from] item: Leftovers\n|upkeep\n|turn|11\n|\n|t:|1646292929\n|move|p2a: Clefable|Protect|p2a: Clefable\n|-singleturn|p2a: Clefable|Protect\n|move|p1a: Nidoqueen|Stealth Rock|p2a: Clefable\n|-sidestart|p2: new account 666666|move: Stealth Rock\n|\n|-heal|p2a: Clefable|17\/100|[from] item: Leftovers\n|upkeep\n|turn|12\n|\n|t:|1646292934\n|switch|p2a: Victini|Victini|100\/100\n|move|p1a: Nidoqueen|Earth Power|p2a: Victini\n|-resisted|p2a: Victini\n|-damage|p2a: Victini|81\/100\n|\n|upkeep\n|turn|13\n|\n|t:|1646292938\n|move|p2a: Victini|Bolt Strike|p1a: Nidoqueen\n|-supereffective|p1a: Nidoqueen\n|-damage|p1a: Nidoqueen|0 fnt\n|faint|p1a: Nidoqueen\n|\n|upkeep\n|\n|t:|1646292940\n|switch|p1a: Stakataka|Stakataka|100\/100\n|turn|14\n|\n|t:|1646292943\n|move|p2a: Victini|Bolt Strike|p1a: Stakataka\n|-damage|p1a: Stakataka|77\/100\n|move|p1a: Stakataka|Trick Room|p1a: Stakataka\n|-fieldstart|move: Trick Room|[of] p1a: Stakataka\n|\n|upkeep\n|turn|15\n|\n|t:|1646292946\n|move|p1a: Stakataka|Gyro Ball|p2a: Victini\n|-supereffective|p2a: Victini\n|-damage|p2a: Victini|0 fnt\n|faint|p2a: Victini\n|-ability|p1a: Stakataka|Beast Boost|boost\n|-boost|p1a: Stakataka|atk|1\n|-damage|p1a: Stakataka|67\/100|[from] item: Life Orb\n|\n|upkeep\n|\n|t:|1646292948\n|switch|p2a: Ferrothorn|Ferrothorn, F|100\/100\n|-damage|p2a: Ferrothorn|76\/100|[from] Stealth Rock\n|-damage|p2a: Ferrothorn|63\/100|[from] Spikes\n|turn|16\n|\n|t:|1646292953\n|move|p1a: Stakataka|Gyro Ball|p2a: Ferrothorn\n|-supereffective|p2a: Ferrothorn\n|-damage|p2a: Ferrothorn|0 fnt\n|-damage|p1a: Stakataka|55\/100|[from] ability: Iron Barbs|[of] p2a: Ferrothorn\n|faint|p2a: Ferrothorn\n|-ability|p1a: Stakataka|Beast Boost|boost\n|-boost|p1a: Stakataka|atk|1\n|-damage|p1a: Stakataka|45\/100|[from] item: Life Orb\n|\n|upkeep\n|\n|t:|1646292955\n|switch|p2a: Clefable|Clefable, M|17\/100\n|turn|17\n|\n|t:|1646292959\n|move|p2a: Clefable|Protect|p2a: Clefable\n|-singleturn|p2a: Clefable|Protect\n|move|p1a: Stakataka|Gyro Ball|p2a: Clefable\n|-activate|p2a: Clefable|move: Protect\n|\n|-heal|p2a: Clefable|23\/100|[from] item: Leftovers\n|upkeep\n|turn|18\n|c| articbanana|stkataka revene sweep lel\n|j| kind of liked it\n|\n|t:|1646292974\n|move|p1a: Stakataka|Gyro Ball|p2a: Clefable\n|-resisted|p2a: Clefable\n|-damage|p2a: Clefable|0 fnt\n|faint|p2a: Clefable\n|-ability|p1a: Stakataka|Beast Boost|boost\n|-boost|p1a: Stakataka|atk|1\n|-damage|p1a: Stakataka|35\/100|[from] item: Life Orb\n|\n|-fieldend|move: Trick Room\n|upkeep\n|\n|t:|1646292976\n|switch|p2a: Landorus|Landorus-Therian, M|100\/100\n|-damage|p2a: Landorus|88\/100|[from] Stealth Rock\n|-ability|p2a: Landorus|Intimidate|boost\n|-unboost|p1a: Stakataka|atk|1\n|turn|19\n|\n|t:|1646292980\n|move|p2a: Landorus|U-turn|p1a: Stakataka\n|-supereffective|p1a: Stakataka\n|-damage|p1a: Stakataka|6\/100\n|move|p1a: Stakataka|Gyro Ball|p2a: Landorus\n|-damage|p2a: Landorus|0 fnt\n|faint|p2a: Landorus\n|-damage|p1a: Stakataka|0 fnt|[from] item: Life Orb\n|faint|p1a: Stakataka\n|\n|win|Sp0oNl0rD\n|n|\u2606Sp0oNl0rD|sp0onl0rd\n|n|\u2606new account 666666|newaccount666666\n|n| Serp IV|serpiv\n|n| Meowerdoom|meowerdoom\n|n| articbanana|articbanana\n|n| Ferenc Liszt|ferencliszt\n|n| clef team|clefteam\n|n| kind of liked it|kindoflikedit\n","uploadtime":1646292981,"views":117,"p1id":"sp0onl0rd","p2id":"newaccount666666","formatid":"gen8ou","rating":0,"private":0,"password":null}