{"id":"gen8ou-1687221549","p1":"ty-tyui\u21bb","p2":"Raimei Hakkei","format":"gen8ou","log":"|html|<div class=\"broadcast-blue\"><strong>[Gen 8] OU is currently suspecting Melmetal! For information on how to participate check out the <a href=\"https:\/\/www.smogon.com\/forums\/threads\/np-ss-ou-suspect-process-round-12-monster-mash.3709234\/\">suspect thread<\/a>.<\/strong><\/div>\n|j|\u2606ty-tyui\u21bb\n|j|\u2606Raimei Hakkei\n|t:|1665940040\n|gametype|singles\n|player|p1|ty-tyui\u21bb|grace|1744\n|player|p2|Raimei Hakkei|102|1772\n|teamsize|p1|6\n|teamsize|p2|6\n|gen|8\n|tier|[Gen 8] OU\n|rated|\n|rule|Sleep Clause Mod: Limit one foe put to sleep\n|rule|Species Clause: Limit one of each Pok\u00e9mon\n|rule|OHKO Clause: OHKO moves are banned\n|rule|Evasion Items Clause: Evasion items are banned\n|rule|Evasion Moves Clause: Evasion moves are banned\n|rule|Endless Battle Clause: Forcing endless battles is banned\n|rule|HP Percentage Mod: HP is shown in percentages\n|rule|Dynamax Clause: You cannot dynamax\n|clearpoke\n|poke|p1|Mienshao, M|\n|poke|p1|Ninetales-Alola, M|\n|poke|p1|Blacephalon|\n|poke|p1|Landorus-Therian, M|\n|poke|p1|Corviknight, M|\n|poke|p1|Rotom-Wash|\n|poke|p2|Landorus-Therian, M|\n|poke|p2|Urshifu-*, M|\n|poke|p2|Dragonite, M|\n|poke|p2|Tyrantrum, M|\n|poke|p2|Aegislash, M|\n|poke|p2|Chansey, F|\n|teampreview\n|inactive|Battle timer is ON: inactive players will automatically lose when time's up. (requested by Raimei Hakkei)\n|j| juicelol\n|\n|t:|1665940047\n|start\n|switch|p1a: Rotom|Rotom-Wash|100\/100\n|switch|p2a: Death Destroyer|Aegislash, M|100\/100\n|turn|1\n|\n|t:|1665940050\n|move|p1a: Rotom|Thunder Wave|p2a: Death Destroyer\n|-status|p2a: Death Destroyer|par\n|-formechange|p2a: Death Destroyer|Aegislash-Blade||[from] ability: Stance Change\n|move|p2a: Death Destroyer|Shadow Ball|p1a: Rotom\n|-damage|p1a: Rotom|51\/100\n|\n|-heal|p1a: Rotom|57\/100|[from] item: Leftovers\n|upkeep\n|turn|2\n|\n|t:|1665940053\n|move|p1a: Rotom|Pain Split|p2a: Death Destroyer\n|-sethp|p2a: Death Destroyer|83\/100 par|[from] move: Pain Split|[silent]\n|-sethp|p1a: Rotom|72\/100|[from] move: Pain Split\n|move|p2a: Death Destroyer|Shadow Ball|p1a: Rotom\n|-damage|p1a: Rotom|26\/100\n|\n|-heal|p1a: Rotom|32\/100|[from] item: Leftovers\n|upkeep\n|turn|3\n|\n|t:|1665940056\n|move|p1a: Rotom|Pain Split|p2a: Death Destroyer\n|-sethp|p2a: Death Destroyer|60\/100 par|[from] move: Pain Split|[silent]\n|-sethp|p1a: Rotom|52\/100|[from] move: Pain Split\n|move|p2a: Death Destroyer|Shadow Ball|p1a: Rotom\n|-damage|p1a: Rotom|3\/100\n|-unboost|p1a: Rotom|spd|1\n|\n|-heal|p1a: Rotom|9\/100|[from] item: Leftovers\n|upkeep\n|turn|4\n|\n|t:|1665940061\n|switch|p1a: Corviknight|Corviknight, M|100\/100\n|-ability|p1a: Corviknight|Pressure\n|move|p2a: Death Destroyer|Shadow Sneak|p1a: Corviknight\n|-crit|p1a: Corviknight\n|-damage|p1a: Corviknight|74\/100\n|-damage|p2a: Death Destroyer|44\/100 par|[from] item: Rocky Helmet|[of] p1a: Corviknight\n|\n|upkeep\n|turn|5\n|\n|t:|1665940064\n|switch|p2a: Flirty Drunk|Chansey, F|100\/100\n|move|p1a: Corviknight|Roost|p1a: Corviknight\n|-heal|p1a: Corviknight|100\/100\n|-singleturn|p1a: Corviknight|move: Roost\n|\n|upkeep\n|turn|6\n|\n|t:|1665940067\n|move|p1a: Corviknight|U-turn|p2a: Flirty Drunk\n|-damage|p2a: Flirty Drunk|91\/100\n|\n|t:|1665940069\n|switch|p1a: Landorus|Landorus-Therian, M|100\/100|[from]move: U-turn\n|-ability|p1a: Landorus|Intimidate|boost\n|-unboost|p2a: Flirty Drunk|atk|1\n|move|p2a: Flirty Drunk|Teleport|p2a: Flirty Drunk\n|\n|t:|1665940073\n|switch|p2a: Gundari: Ryuseigun|Urshifu-Rapid-Strike, M|100\/100|[from]move: Teleport\n|\n|upkeep\n|turn|7\n|j| waste yrself\n|\n|t:|1665940079\n|switch|p1a: Rotom|Rotom-Wash|9\/100\n|move|p2a: Gundari: Ryuseigun|U-turn|p1a: Rotom\n|-damage|p1a: Rotom|0 fnt\n|faint|p1a: Rotom\n|j| njhjj\n|\n|t:|1665940085\n|switch|p2a: Death Destroyer|Aegislash, M|44\/100 par|[from]move: U-turn\n|\n|upkeep\n|\n|t:|1665940089\n|switch|p1a: Mienshao|Mienshao, M, shiny|100\/100\n|turn|8\n|\n|t:|1665940092\n|move|p2a: Death Destroyer|King's Shield|p2a: Death Destroyer\n|-singleturn|p2a: Death Destroyer|Protect\n|move|p1a: Mienshao|Knock Off|p2a: Death Destroyer\n|-activate|p2a: Death Destroyer|move: Protect\n|-unboost|p1a: Mienshao|atk|1\n|\n|upkeep\n|turn|9\n|\n|t:|1665940095\n|switch|p2a: Gundari: Ryuseigun|Urshifu-Rapid-Strike, M|100\/100\n|move|p1a: Mienshao|Knock Off|p2a: Gundari: Ryuseigun\n|-resisted|p2a: Gundari: Ryuseigun\n|-damage|p2a: Gundari: Ryuseigun|86\/100\n|-enditem|p2a: Gundari: Ryuseigun|Choice Band|[from] move: Knock Off|[of] p1a: Mienshao\n|-damage|p1a: Mienshao|91\/100|[from] item: Life Orb\n|\n|upkeep\n|turn|10\n|\n|t:|1665940098\n|move|p1a: Mienshao|U-turn|p2a: Gundari: Ryuseigun\n|-resisted|p2a: Gundari: Ryuseigun\n|-damage|p2a: Gundari: Ryuseigun|76\/100\n|-damage|p1a: Mienshao|81\/100|[from] item: Life Orb\n|\n|t:|1665940100\n|switch|p1a: Corviknight|Corviknight, M|100\/100|[from]move: U-turn\n|-ability|p1a: Corviknight|Pressure\n|move|p2a: Gundari: Ryuseigun|U-turn|p1a: Corviknight\n|-resisted|p1a: Corviknight\n|-damage|p1a: Corviknight|97\/100\n|-damage|p2a: Gundari: Ryuseigun|59\/100|[from] item: Rocky Helmet|[of] p1a: Corviknight\n|\n|t:|1665940102\n|switch|p2a: Horai Hakke|Tyrantrum, M|100\/100|[from]move: U-turn\n|\n|upkeep\n|turn|11\n|\n|t:|1665940105\n|move|p2a: Horai Hakke|Head Smash|p1a: Corviknight\n|-damage|p1a: Corviknight|9\/100\n|-damage|p2a: Horai Hakke|84\/100|[from] item: Rocky Helmet|[of] p1a: Corviknight\n|move|p1a: Corviknight|Roost|p1a: Corviknight\n|-heal|p1a: Corviknight|59\/100\n|-singleturn|p1a: Corviknight|move: Roost\n|\n|upkeep\n|turn|12\n|\n|t:|1665940113\n|switch|p1a: Landorus|Landorus-Therian, M|100\/100\n|-ability|p1a: Landorus|Intimidate|boost\n|-unboost|p2a: Horai Hakke|atk|1\n|move|p2a: Horai Hakke|Head Smash|p1a: Landorus\n|-damage|p1a: Landorus|14\/100\n|\n|-heal|p1a: Landorus|20\/100|[from] item: Leftovers\n|upkeep\n|turn|13\n|j| RazorForce21\n|\n|t:|1665940120\n|move|p2a: Horai Hakke|Head Smash|p1a: Landorus\n|-damage|p1a: Landorus|0 fnt\n|faint|p1a: Landorus\n|\n|upkeep\n|\n|t:|1665940124\n|switch|p1a: Mienshao|Mienshao, M, shiny|100\/100\n|turn|14\n|\n|t:|1665940129\n|switch|p2a: Gundari: Ryuseigun|Urshifu-Rapid-Strike, M|59\/100\n|move|p1a: Mienshao|Knock Off|p2a: Gundari: Ryuseigun\n|-resisted|p2a: Gundari: Ryuseigun\n|-damage|p2a: Gundari: Ryuseigun|46\/100\n|-damage|p1a: Mienshao|91\/100|[from] item: Life Orb\n|\n|upkeep\n|turn|15\n|\n|t:|1665940131\n|move|p2a: Gundari: Ryuseigun|Aqua Jet|p1a: Mienshao\n|-damage|p1a: Mienshao|54\/100\n|move|p1a: Mienshao|Close Combat|p2a: Gundari: Ryuseigun\n|-damage|p2a: Gundari: Ryuseigun|0 fnt\n|-unboost|p1a: Mienshao|def|1\n|-unboost|p1a: Mienshao|spd|1\n|faint|p2a: Gundari: Ryuseigun\n|-damage|p1a: Mienshao|44\/100|[from] item: Life Orb\n|\n|upkeep\n|\n|t:|1665940134\n|switch|p2a: Thieving Drunk|Dragonite, M|100\/100\n|turn|16\n|\n|t:|1665940138\n|switch|p1a: Ninetales|Ninetales-Alola, M|100\/100\n|-weather|Hail|[from] ability: Snow Warning|[of] p1a: Ninetales\n|switch|p2a: Horai Hakke|Tyrantrum, M|84\/100\n|\n|-weather|Hail|[upkeep]\n|-damage|p2a: Horai Hakke|78\/100|[from] Hail\n|upkeep\n|turn|17\n|\n|t:|1665940143\n|switch|p2a: Flirty Drunk|Chansey, F|91\/100\n|move|p1a: Ninetales|Aurora Veil|p1a: Ninetales\n|-sidestart|p1: ty-tyui\u21bb|move: Aurora Veil\n|\n|-weather|Hail|[upkeep]\n|-damage|p2a: Flirty Drunk|84\/100|[from] Hail\n|upkeep\n|turn|18\n|\n|t:|1665940149\n|switch|p1a: Corviknight|Corviknight, M|59\/100\n|-ability|p1a: Corviknight|Pressure\n|move|p2a: Flirty Drunk|Teleport|p2a: Flirty Drunk\n|\n|t:|1665940152\n|switch|p2a: Raging Drunk|Landorus-Therian, M|100\/100|[from]move: Teleport\n|-ability|p2a: Raging Drunk|Intimidate|boost\n|-unboost|p1a: Corviknight|atk|1\n|\n|-weather|Hail|[upkeep]\n|-damage|p2a: Raging Drunk|94\/100|[from] Hail\n|-damage|p1a: Corviknight|53\/100|[from] Hail\n|upkeep\n|turn|19\n|j| Youressi\n|\n|t:|1665940172\n|move|p2a: Raging Drunk|Defog|p1a: Corviknight\n|-unboost|p1a: Corviknight|evasion|1\n|-sideend|p1: ty-tyui\u21bb|move: Aurora Veil\n|move|p1a: Corviknight|Brave Bird|p2a: Raging Drunk\n|-damage|p2a: Raging Drunk|76\/100\n|-damage|p1a: Corviknight|47\/100|[from] Recoil\n|\n|-weather|Hail|[upkeep]\n|-damage|p2a: Raging Drunk|70\/100|[from] Hail\n|-damage|p1a: Corviknight|41\/100|[from] Hail\n|upkeep\n|turn|20\n|\n|t:|1665940175\n|move|p2a: Raging Drunk|Stealth Rock|p1a: Corviknight\n|-sidestart|p1: ty-tyui\u21bb|move: Stealth Rock\n|move|p1a: Corviknight|Roost|p1a: Corviknight\n|-heal|p1a: Corviknight|91\/100\n|-singleturn|p1a: Corviknight|move: Roost\n|\n|-weather|none\n|upkeep\n|turn|21\n|\n|t:|1665940179\n|switch|p2a: Flirty Drunk|Chansey, F|84\/100\n|move|p1a: Corviknight|Defog|p2a: Flirty Drunk\n|-unboost|p2a: Flirty Drunk|evasion|1\n|-sideend|p1: ty-tyui\u21bb|Stealth Rock|[from] move: Defog|[of] p1a: Corviknight\n|\n|upkeep\n|turn|22\n|\n|t:|1665940182\n|move|p1a: Corviknight|U-turn|p2a: Flirty Drunk\n|-damage|p2a: Flirty Drunk|78\/100\n|\n|t:|1665940183\n|switch|p1a: Mienshao|Mienshao, M, shiny|77\/100|[from]move: U-turn\n|move|p2a: Flirty Drunk|Teleport|p2a: Flirty Drunk\n|\n|t:|1665940190\n|switch|p2a: Raging Drunk|Landorus-Therian, M|70\/100|[from]move: Teleport\n|-ability|p2a: Raging Drunk|Intimidate|boost\n|-unboost|p1a: Mienshao|atk|1\n|\n|upkeep\n|turn|23\n|\n|t:|1665940193\n|move|p1a: Mienshao|U-turn|p2a: Raging Drunk\n|-resisted|p2a: Raging Drunk\n|-damage|p2a: Raging Drunk|63\/100\n|-damage|p1a: Mienshao|67\/100|[from] item: Life Orb\n|\n|t:|1665940195\n|switch|p1a: Corviknight|Corviknight, M|91\/100|[from]move: U-turn\n|-ability|p1a: Corviknight|Pressure\n|move|p2a: Raging Drunk|Earth Power|p1a: Corviknight\n|-immune|p1a: Corviknight\n|\n|upkeep\n|turn|24\n|\n|t:|1665940200\n|switch|p2a: Flirty Drunk|Chansey, F|78\/100\n|move|p1a: Corviknight|U-turn|p2a: Flirty Drunk\n|-damage|p2a: Flirty Drunk|69\/100\n|\n|t:|1665940202\n|switch|p1a: Mienshao|Mienshao, M, shiny|99\/100|[from]move: U-turn\n|\n|upkeep\n|turn|25\n|\n|t:|1665940205\n|switch|p2a: Thieving Drunk|Dragonite, M|100\/100\n|move|p1a: Mienshao|Close Combat|p2a: Thieving Drunk\n|-resisted|p2a: Thieving Drunk\n|-damage|p2a: Thieving Drunk|79\/100\n|-unboost|p1a: Mienshao|def|1\n|-unboost|p1a: Mienshao|spd|1\n|-damage|p1a: Mienshao|90\/100|[from] item: Life Orb\n|\n|upkeep\n|turn|26\n|\n|t:|1665940208\n|switch|p2a: Flirty Drunk|Chansey, F|69\/100\n|move|p1a: Mienshao|Knock Off|p2a: Flirty Drunk\n|-damage|p2a: Flirty Drunk|43\/100\n|-enditem|p2a: Flirty Drunk|Eviolite|[from] move: Knock Off|[of] p1a: Mienshao\n|-damage|p1a: Mienshao|80\/100|[from] item: Life Orb\n|\n|upkeep\n|turn|27\n|\n|t:|1665940211\n|switch|p2a: Raging Drunk|Landorus-Therian, M|63\/100\n|-ability|p2a: Raging Drunk|Intimidate|boost\n|-unboost|p1a: Mienshao|atk|1\n|move|p1a: Mienshao|U-turn|p2a: Raging Drunk\n|-resisted|p2a: Raging Drunk\n|-damage|p2a: Raging Drunk|55\/100\n|-damage|p1a: Mienshao|70\/100|[from] item: Life Orb\n|\n|t:|1665940215\n|switch|p1a: Ninetales|Ninetales-Alola, M|100\/100|[from]move: U-turn\n|-weather|Hail|[from] ability: Snow Warning|[of] p1a: Ninetales\n|\n|-weather|Hail|[upkeep]\n|-damage|p2a: Raging Drunk|49\/100|[from] Hail\n|upkeep\n|turn|28\n|\n|t:|1665940217\n|switch|p2a: Flirty Drunk|Chansey, F|43\/100\n|move|p1a: Ninetales|Blizzard|p2a: Flirty Drunk\n|-damage|p2a: Flirty Drunk|12\/100\n|\n|-weather|Hail|[upkeep]\n|-damage|p2a: Flirty Drunk|6\/100|[from] Hail\n|upkeep\n|turn|29\n|\n|t:|1665940223\n|move|p1a: Ninetales|Blizzard|p2a: Flirty Drunk\n|-damage|p2a: Flirty Drunk|0 fnt\n|faint|p2a: Flirty Drunk\n|\n|-weather|Hail|[upkeep]\n|upkeep\n|\n|t:|1665940227\n|switch|p2a: Death Destroyer|Aegislash, M|44\/100 par\n|turn|30\n|\n|t:|1665940231\n|switch|p1a: Corviknight|Corviknight, M|91\/100\n|-ability|p1a: Corviknight|Pressure\n|cant|p2a: Death Destroyer|par\n|\n|-weather|Hail|[upkeep]\n|-damage|p1a: Corviknight|85\/100|[from] Hail\n|-damage|p2a: Death Destroyer|38\/100 par|[from] Hail\n|upkeep\n|turn|31\n|\n|t:|1665940235\n|move|p1a: Corviknight|Brave Bird|p2a: Death Destroyer\n|-resisted|p2a: Death Destroyer\n|-damage|p2a: Death Destroyer|18\/100 par\n|-damage|p1a: Corviknight|80\/100|[from] Recoil\n|-formechange|p2a: Death Destroyer|Aegislash-Blade||[from] ability: Stance Change\n|move|p2a: Death Destroyer|Shadow Ball|p1a: Corviknight\n|-damage|p1a: Corviknight|36\/100\n|-unboost|p1a: Corviknight|spd|1\n|\n|-weather|none\n|upkeep\n|turn|32\n|\n|t:|1665940243\n|move|p1a: Corviknight|Roost|p1a: Corviknight\n|-heal|p1a: Corviknight|86\/100\n|-singleturn|p1a: Corviknight|move: Roost\n|cant|p2a: Death Destroyer|par\n|\n|upkeep\n|turn|33\n|\n|t:|1665940250\n|switch|p2a: Horai Hakke|Tyrantrum, M|78\/100\n|move|p1a: Corviknight|Brave Bird|p2a: Horai Hakke\n|-resisted|p2a: Horai Hakke\n|-crit|p2a: Horai Hakke\n|-damage|p2a: Horai Hakke|53\/100\n|-damage|p1a: Corviknight|80\/100|[from] Recoil\n|\n|upkeep\n|turn|34\n|\n|t:|1665940254\n|move|p2a: Horai Hakke|Head Smash|p1a: Corviknight\n|-damage|p1a: Corviknight|0 fnt\n|-damage|p2a: Horai Hakke|37\/100|[from] item: Rocky Helmet|[of] p1a: Corviknight\n|faint|p1a: Corviknight\n|\n|upkeep\n|\n|t:|1665940259\n|switch|p1a: Ninetales|Ninetales-Alola, M|100\/100\n|-weather|Hail|[from] ability: Snow Warning|[of] p1a: Ninetales\n|turn|35\n|\n|t:|1665940261\n|move|p1a: Ninetales|Blizzard|p2a: Horai Hakke\n|-supereffective|p2a: Horai Hakke\n|-damage|p2a: Horai Hakke|0 fnt\n|faint|p2a: Horai Hakke\n|\n|-weather|Hail|[upkeep]\n|upkeep\n|\n|t:|1665940264\n|switch|p2a: Death Destroyer|Aegislash, M|18\/100 par\n|turn|36\n|\n|t:|1665940266\n|move|p1a: Ninetales|Blizzard|p2a: Death Destroyer\n|-resisted|p2a: Death Destroyer\n|-damage|p2a: Death Destroyer|0 fnt\n|faint|p2a: Death Destroyer\n|\n|-weather|Hail|[upkeep]\n|upkeep\n|-message|Raimei Hakkei forfeited.\n|\n|win|ty-tyui\u21bb\n|raw|ty-tyui\u21bb's rating: 1744 &rarr; <strong>1766<\/strong><br \/>(+22 for winning)\n|raw|Raimei Hakkei's rating: 1772 &rarr; <strong>1750<\/strong><br \/>(-22 for losing)\n|l|\u2606Raimei Hakkei\n|c|\u2606ty-tyui\u21bb|gg\n|l| waste yrself\n||Ladder isn't responding, score probably updated but might not have (Request timeout).\n","uploadtime":1665940275,"views":14,"p1id":"tytyui","p2id":"raimeihakkei","formatid":"gen8ou","rating":1750,"private":0,"password":null}