{"id":"gen8ou-1258279872","p1":"legitteambuilder","p2":"West indies","format":"gen8ou","log":"|html|<div class=\"broadcast-blue\"><strong>[Gen 8] OU is currently suspecting Urshifu-S! For information on how to participate check out the <a href=\"https:\/\/www.smogon.com\/forums\/threads\/np-ss-ou-suspect-process-round-8-aint-no-rest-for-the-wicked.3675310\/\">suspect thread<\/a>.<\/strong><\/div>\n|j|\u2606legitteambuilder\n|j|\u203dWest indies\n|t:|1610117715\n|player|p1|legitteambuilder|lance|1784\n|player|p2|West indies|ltsurge|1736\n|teamsize|p1|6\n|teamsize|p2|6\n|gametype|singles\n|gen|8\n|tier|[Gen 8] OU\n|rated|\n|clearpoke\n|poke|p1|Azumarill, F|\n|poke|p1|Regieleki|\n|poke|p1|Buzzwole|\n|poke|p1|Spectrier|\n|poke|p1|Landorus-Therian, M|\n|poke|p1|Kartana|\n|poke|p2|Regieleki|\n|poke|p2|Cinderace, F|\n|poke|p2|Obstagoon, M|\n|poke|p2|Landorus-Therian, M|\n|poke|p2|Urshifu-*, F|\n|poke|p2|Magearna|\n|rule|Sleep Clause Mod: Limit one foe put to sleep\n|rule|Species Clause: Limit one of each Pok\u00e9mon\n|rule|OHKO Clause: OHKO moves are banned\n|rule|Evasion Moves Clause: Evasion moves are banned\n|rule|Endless Battle Clause: Forcing endless battles is banned\n|rule|HP Percentage Mod: HP is shown in percentages\n|rule|Dynamax Clause: You cannot dynamax\n|teampreview\n|j| nmbmnbjhgjh\n|j| outw lool\n|j| Vessev\n|\n|t:|1610117757\n|start\n|switch|p1a: Hey! Mr. Rager!|Landorus-Therian, M, shiny|100\/100\n|switch|p2a: Magearna|Magearna|100\/100\n|-ability|p1a: Hey! Mr. Rager!|Intimidate|boost\n|-unboost|p2a: Magearna|atk|1\n|turn|1\n|\n|t:|1610117771\n|move|p1a: Hey! Mr. Rager!|Earthquake|p2a: Magearna\n|-supereffective|p2a: Magearna\n|-damage|p2a: Magearna|6\/100\n|move|p2a: Magearna|Fleur Cannon|p1a: Hey! Mr. Rager!\n|-enditem|p1a: Hey! Mr. Rager!|Focus Sash\n|-damage|p1a: Hey! Mr. Rager!|1\/100\n|-unboost|p2a: Magearna|spa|2\n|\n|upkeep\n|turn|2\n|\n|t:|1610117789\n|switch|p2a: Landorus|Landorus-Therian, M|100\/100\n|-ability|p2a: Landorus|Intimidate|boost\n|-unboost|p1a: Hey! Mr. Rager!|atk|1\n|move|p1a: Hey! Mr. Rager!|Stealth Rock|p2a: Landorus\n|-sidestart|p2: West indies|move: Stealth Rock\n|\n|upkeep\n|turn|3\n|\n|t:|1610117803\n|move|p2a: Landorus|Knock Off|p1a: Hey! Mr. Rager!\n|-damage|p1a: Hey! Mr. Rager!|0 fnt\n|faint|p1a: Hey! Mr. Rager!\n|\n|upkeep\n|inactive|Battle timer is ON: inactive players will automatically lose when time's up. (requested by West indies)\n|\n|t:|1610117834\n|switch|p1a: it's ova|Kartana, shiny|100\/100\n|turn|4\n|\n|t:|1610117840\n|move|p2a: Landorus|Knock Off|p1a: it's ova\n|-damage|p1a: it's ova|61\/100\n|-enditem|p1a: it's ova|Protective Pads|[from] move: Knock Off|[of] p2a: Landorus\n|move|p1a: it's ova|Swords Dance|p1a: it's ova\n|-boost|p1a: it's ova|atk|2\n|\n|upkeep\n|turn|5\n|\n|t:|1610117849\n|switch|p2a: Magearna|Magearna|6\/100\n|-damage|p2a: Magearna|0 fnt|[from] Stealth Rock\n|faint|p2a: Magearna\n|move|p1a: it's ova|Knock Off|p2: Magearna|[notarget]\n|-fail|p1a: it's ova\n|\n|upkeep\n|\n|t:|1610117864\n|switch|p2a: Cinderace|Cinderace, F|100\/100\n|turn|6\n|j| katagraal\n|\n|t:|1610117884\n|move|p1a: it's ova|Knock Off|p2a: Cinderace\n|-damage|p2a: Cinderace|0 fnt\n|-enditem|p2a: Cinderace|Heavy-Duty Boots|[from] move: Knock Off|[of] p1a: it's ova\n|faint|p2a: Cinderace\n|-ability|p1a: it's ova|Beast Boost|boost\n|-boost|p1a: it's ova|atk|1\n|\n|upkeep\n|\n|t:|1610117894\n|switch|p2a: Regieleki|Regieleki|100\/100\n|-damage|p2a: Regieleki|88\/100|[from] Stealth Rock\n|turn|7\n|\n|t:|1610117900\n|move|p2a: Regieleki|Thunderbolt|p1a: it's ova\n|-resisted|p1a: it's ova\n|-damage|p1a: it's ova|0 fnt\n|-damage|p2a: Regieleki|78\/100|[from] item: Life Orb\n|faint|p1a: it's ova\n|\n|upkeep\n|\n|t:|1610117904\n|switch|p1a: Electro kid|Regieleki|100\/100\n|turn|8\n|\n|t:|1610117909\n|move|p2a: Regieleki|Thunderbolt|p1a: Electro kid\n|-resisted|p1a: Electro kid\n|-damage|p1a: Electro kid|24\/100\n|-damage|p2a: Regieleki|68\/100|[from] item: Life Orb\n|move|p1a: Electro kid|Light Screen|p1a: Electro kid\n|-sidestart|p1: legitteambuilder|move: Light Screen\n|\n|upkeep\n|turn|9\n|\n|t:|1610117934\n|move|p1a: Electro kid|Explosion|p2a: Regieleki\n|-damage|p2a: Regieleki|0 fnt\n|faint|p1a: Electro kid\n|faint|p2a: Regieleki\n|\n|upkeep\n|inactive|legitteambuilder has 120 seconds left.\n|\n|t:|1610117955\n|switch|p1a: NBAYB listener|Buzzwole|100\/100\n|switch|p2a: Urshifu|Urshifu-Rapid-Strike, F|100\/100\n|-damage|p2a: Urshifu|94\/100|[from] Stealth Rock\n|turn|10\n|\n|t:|1610117963\n|move|p2a: Urshifu|Surging Strikes|p1a: NBAYB listener\n|-crit|p1a: NBAYB listener\n|-damage|p1a: NBAYB listener|83\/100\n|-crit|p1a: NBAYB listener\n|-damage|p1a: NBAYB listener|65\/100\n|-crit|p1a: NBAYB listener\n|-damage|p1a: NBAYB listener|48\/100\n|-hitcount|p1a: NBAYB listener|3\n|move|p1a: NBAYB listener|Drain Punch|p2a: Urshifu\n|-damage|p2a: Urshifu|56\/100\n|-heal|p1a: NBAYB listener|64\/100|[from] drain|[of] p2a: Urshifu\n|\n|-heal|p1a: NBAYB listener|70\/100|[from] item: Leftovers\n|upkeep\n|turn|11\n|\n|t:|1610117976\n|move|p2a: Urshifu|Surging Strikes|p1a: NBAYB listener\n|-crit|p1a: NBAYB listener\n|-damage|p1a: NBAYB listener|53\/100\n|-crit|p1a: NBAYB listener\n|-damage|p1a: NBAYB listener|34\/100\n|-crit|p1a: NBAYB listener\n|-damage|p1a: NBAYB listener|17\/100\n|-hitcount|p1a: NBAYB listener|3\n|move|p1a: NBAYB listener|Drain Punch|p2a: Urshifu\n|-damage|p2a: Urshifu|11\/100\n|-heal|p1a: NBAYB listener|36\/100|[from] drain|[of] p2a: Urshifu\n|\n|-heal|p1a: NBAYB listener|42\/100|[from] item: Leftovers\n|upkeep\n|turn|12\n|\n|t:|1610117989\n|switch|p1a: Prince|Spectrier|100\/100\n|move|p2a: Urshifu|Surging Strikes|p1a: Prince\n|-crit|p1a: Prince\n|-damage|p1a: Prince|73\/100\n|-crit|p1a: Prince\n|-damage|p1a: Prince|45\/100\n|-crit|p1a: Prince\n|-damage|p1a: Prince|18\/100\n|-hitcount|p1a: Prince|3\n|\n|-heal|p1a: Prince|24\/100|[from] item: Leftovers\n|upkeep\n|turn|13\n|\n|t:|1610118002\n|switch|p2a: Obstagoon|Obstagoon, M|100\/100\n|-damage|p2a: Obstagoon|88\/100|[from] Stealth Rock\n|move|p1a: Prince|Will-O-Wisp|p2a: Obstagoon\n|-status|p2a: Obstagoon|brn\n|\n|-heal|p1a: Prince|30\/100|[from] item: Leftovers\n|-damage|p2a: Obstagoon|82\/100 brn|[from] brn\n|upkeep\n|turn|14\n|\n|t:|1610118015\n|switch|p1a: NBAYB listener|Buzzwole|42\/100\n|move|p2a: Obstagoon|Knock Off|p1a: NBAYB listener\n|-resisted|p1a: NBAYB listener\n|-crit|p1a: NBAYB listener\n|-damage|p1a: NBAYB listener|13\/100\n|-enditem|p1a: NBAYB listener|Leftovers|[from] move: Knock Off|[of] p2a: Obstagoon\n|\n|-damage|p2a: Obstagoon|76\/100 brn|[from] brn\n|upkeep\n|turn|15\n|\n|t:|1610118028\n|move|p2a: Obstagoon|Facade|p1a: NBAYB listener\n|-damage|p1a: NBAYB listener|0 fnt\n|faint|p1a: NBAYB listener\n|\n|-damage|p2a: Obstagoon|70\/100 brn|[from] brn\n|-sideend|p1: legitteambuilder|move: Light Screen\n|upkeep\n|\n|t:|1610118035\n|switch|p1a: Awoomarill|Azumarill, F, shiny|100\/100\n|turn|16\n|\n|t:|1610118038\n|move|p2a: Obstagoon|Facade|p1a: Awoomarill\n|-damage|p1a: Awoomarill|1\/100\n|-enditem|p1a: Awoomarill|Sitrus Berry|[eat]\n|-heal|p1a: Awoomarill|26\/100|[from] item: Sitrus Berry\n|move|p1a: Awoomarill|Play Rough|p2a: Obstagoon\n|-supereffective|p2a: Obstagoon\n|-damage|p2a: Obstagoon|0 fnt\n|faint|p2a: Obstagoon\n|\n|upkeep\n|\n|t:|1610118054\n|switch|p2a: Landorus|Landorus-Therian, M|100\/100\n|-damage|p2a: Landorus|88\/100|[from] Stealth Rock\n|-ability|p2a: Landorus|Intimidate|boost\n|-unboost|p1a: Awoomarill|atk|1\n|turn|17\n|\n|t:|1610118069\n|move|p1a: Awoomarill|Aqua Jet|p2a: Landorus\n|-supereffective|p2a: Landorus\n|-damage|p2a: Landorus|47\/100\n|move|p2a: Landorus|Earthquake|p1a: Awoomarill\n|-damage|p1a: Awoomarill|0 fnt\n|faint|p1a: Awoomarill\n|\n|upkeep\n|\n|t:|1610118071\n|switch|p1a: Prince|Spectrier|30\/100\n|turn|18\n|-message|legitteambuilder forfeited.\n|\n|win|West indies\n|l|\u2606legitteambuilder\n|l|\u203dWest indies\n|l| katagraal\n|l| outw lool\n||Ladder (probably) updated, but score could not be retrieved (Request timeout).\n","uploadtime":1610118307,"views":41,"p1id":"legitteambuilder","p2id":"westindies","formatid":"gen8ou","rating":0,"private":0,"password":null}