{"id":"gen8ou-1635646081","p1":"LT92PF Futility","p2":"Adel19","format":"gen8ou","log":"|j|\u2606LT92PF Futility\n|j|\u2606Adel19\n|t:|1660038189\n|gametype|singles\n|player|p1|LT92PF Futility|cynthia-gen4|1561\n|player|p2|Adel19|170|1592\n|teamsize|p1|6\n|teamsize|p2|6\n|gen|8\n|tier|[Gen 8] OU\n|rated|\n|rule|Sleep Clause Mod: Limit one foe put to sleep\n|rule|Species Clause: Limit one of each Pok\u00e9mon\n|rule|OHKO Clause: OHKO moves are banned\n|rule|Evasion Items Clause: Evasion items are banned\n|rule|Evasion Moves Clause: Evasion moves are banned\n|rule|Endless Battle Clause: Forcing endless battles is banned\n|rule|HP Percentage Mod: HP is shown in percentages\n|rule|Dynamax Clause: You cannot dynamax\n|clearpoke\n|poke|p1|Tyranitar, M|\n|poke|p1|Slowking-Galar, M|\n|poke|p1|Corviknight, M|\n|poke|p1|Urshifu-*, M|\n|poke|p1|Landorus-Therian, M|\n|poke|p1|Dragapult, F|\n|poke|p2|Landorus-Therian, M|\n|poke|p2|Zeraora|\n|poke|p2|Kartana|\n|poke|p2|Tapu Fini|\n|poke|p2|Blissey, F|\n|poke|p2|Tapu Lele|\n|teampreview\n|inactive|Battle timer is ON: inactive players will automatically lose when time's up. (requested by LT92PF Futility)\n|j| Draxzzz\n|c| Draxzzz|Hi\n|inactive|Adel19 has 120 seconds left.\n|\n|t:|1660038227\n|start\n|switch|p1a: Urshifu|Urshifu-Rapid-Strike, M|100\/100\n|switch|p2a: Zeraora|Zeraora|100\/100\n|turn|1\n|\n|t:|1660038239\n|switch|p1a: Landorus|Landorus-Therian, M|100\/100\n|-ability|p1a: Landorus|Intimidate|boost\n|-unboost|p2a: Zeraora|atk|1\n|move|p2a: Zeraora|Knock Off|p1a: Landorus\n|-damage|p1a: Landorus|77\/100\n|-enditem|p1a: Landorus|Leftovers|[from] move: Knock Off|[of] p2a: Zeraora\n|\n|upkeep\n|turn|2\n|\n|t:|1660038252\n|switch|p2a: Landorus|Landorus-Therian, M|100\/100\n|-ability|p2a: Landorus|Intimidate|boost\n|-unboost|p1a: Landorus|atk|1\n|move|p1a: Landorus|Swords Dance|p1a: Landorus\n|-boost|p1a: Landorus|atk|2\n|\n|upkeep\n|turn|3\n|\n|t:|1660038255\n|move|p1a: Landorus|Stone Edge|p2a: Landorus\n|-damage|p2a: Landorus|31\/100\n|move|p2a: Landorus|Stone Edge|p1a: Landorus\n|-damage|p1a: Landorus|32\/100\n|\n|upkeep\n|turn|4\n|\n|t:|1660038262\n|move|p1a: Landorus|Stone Edge|p2a: Landorus\n|-damage|p2a: Landorus|0 fnt\n|faint|p2a: Landorus\n|\n|upkeep\n|\n|t:|1660038267\n|switch|p2a: Tapu Lele|Tapu Lele|100\/100\n|-fieldstart|move: Psychic Terrain|[from] ability: Psychic Surge|[of] p2a: Tapu Lele\n|turn|5\n|\n|t:|1660038276\n|switch|p1a: Corviknight|Corviknight, M|100\/100\n|-ability|p1a: Corviknight|Pressure\n|move|p2a: Tapu Lele|Psyshock|p1a: Corviknight\n|-resisted|p1a: Corviknight\n|-damage|p1a: Corviknight|75\/100\n|\n|upkeep\n|turn|6\n|\n|t:|1660038283\n|switch|p2a: Tapu Fini|Tapu Fini|100\/100\n|-fieldstart|move: Misty Terrain|[from] ability: Misty Surge|[of] p2a: Tapu Fini\n|move|p1a: Corviknight|U-turn|p2a: Tapu Fini\n|-resisted|p2a: Tapu Fini\n|-damage|p2a: Tapu Fini|96\/100\n|l| Draxzzz\n|\n|t:|1660038292\n|switch|p1a: Landorus|Landorus-Therian, M|32\/100|[from]move: U-turn\n|-ability|p1a: Landorus|Intimidate|boost\n|-unboost|p2a: Tapu Fini|atk|1\n|\n|-heal|p2a: Tapu Fini|100\/100|[from] item: Leftovers\n|upkeep\n|turn|7\n|\n|t:|1660038298\n|move|p1a: Landorus|Earthquake|p2a: Tapu Fini\n|-damage|p2a: Tapu Fini|59\/100\n|move|p2a: Tapu Fini|Surf|p1a: Landorus\n|-supereffective|p1a: Landorus\n|-damage|p1a: Landorus|0 fnt\n|faint|p1a: Landorus\n|\n|-heal|p2a: Tapu Fini|65\/100|[from] item: Leftovers\n|upkeep\n|\n|t:|1660038304\n|switch|p1a: Slowking|Slowking-Galar, M|100\/100\n|turn|8\n|\n|t:|1660038306\n|switch|p2a: Blissey|Blissey, F|100\/100\n|move|p1a: Slowking|Future Sight|p2a: Blissey\n|-start|p1a: Slowking|move: Future Sight\n|\n|upkeep\n|turn|9\n|\n|t:|1660038311\n|switch|p1a: Urshifu|Urshifu-Rapid-Strike, M|100\/100\n|move|p2a: Blissey|Stealth Rock|p1a: Urshifu\n|-sidestart|p1: LT92PF Futility|move: Stealth Rock\n|\n|upkeep\n|turn|10\n|\n|t:|1660038319\n|move|p1a: Urshifu|Surging Strikes|p2a: Blissey\n|-crit|p2a: Blissey\n|-damage|p2a: Blissey|77\/100\n|-crit|p2a: Blissey\n|-damage|p2a: Blissey|50\/100\n|-crit|p2a: Blissey\n|-damage|p2a: Blissey|23\/100\n|-hitcount|p2a: Blissey|3\n|move|p2a: Blissey|Seismic Toss|p1a: Urshifu\n|-damage|p1a: Urshifu|71\/100\n|\n|-end|p2a: Blissey|move: Future Sight\n|-damage|p2a: Blissey|0 fnt\n|faint|p2a: Blissey\n|-fieldend|Misty Terrain\n|upkeep\n|\n|t:|1660038328\n|switch|p2a: Zeraora|Zeraora|100\/100\n|turn|11\n|\n|t:|1660038337\n|switch|p1a: Slowking|Slowking-Galar, M|100\/100\n|-damage|p1a: Slowking|88\/100|[from] Stealth Rock\n|move|p2a: Zeraora|Plasma Fists|p1a: Slowking\n|-damage|p1a: Slowking|41\/100\n|-fieldactivate|move: Ion Deluge\n|-hint|Normal-type moves become Electric-type after using Plasma Fists.\n|\n|upkeep\n|turn|12\n|\n|t:|1660038347\n|switch|p1a: Tyranitar|Tyranitar, M|100\/100\n|-damage|p1a: Tyranitar|88\/100|[from] Stealth Rock\n|-weather|Sandstorm|[from] ability: Sand Stream|[of] p1a: Tyranitar\n|move|p2a: Zeraora|Plasma Fists|p1a: Tyranitar\n|-damage|p1a: Tyranitar|50\/100\n|-fieldactivate|move: Ion Deluge\n|-hint|Normal-type moves become Electric-type after using Plasma Fists.\n|\n|-weather|Sandstorm|[upkeep]\n|-damage|p2a: Zeraora|95\/100|[from] Sandstorm\n|-heal|p1a: Tyranitar|56\/100|[from] item: Leftovers\n|upkeep\n|turn|13\n|\n|t:|1660038351\n|move|p2a: Zeraora|Close Combat|p1a: Tyranitar\n|-supereffective|p1a: Tyranitar\n|-damage|p1a: Tyranitar|0 fnt\n|-unboost|p2a: Zeraora|def|1\n|-unboost|p2a: Zeraora|spd|1\n|faint|p1a: Tyranitar\n|\n|-weather|Sandstorm|[upkeep]\n|-damage|p2a: Zeraora|89\/100|[from] Sandstorm\n|upkeep\n|-message|LT92PF Futility forfeited.\n|\n|win|Adel19\n|raw|LT92PF Futility's rating: 1561 &rarr; <strong>1543<\/strong><br \/>(-18 for losing)\n|raw|Adel19's rating: 1592 &rarr; <strong>1610<\/strong><br \/>(+18 for winning)\n|l|\u2606LT92PF Futility\n||Ladder isn't responding, score probably updated but might not have (Request timeout).\n","uploadtime":1660038367,"views":39,"p1id":"lt92pffutility","p2id":"adel19","formatid":"gen8ou","rating":1543,"private":0,"password":null}