{"id":"gen8ou-1517413923","p1":"RipReckful","p2":"cute asian gurl","format":"gen8ou","log":"|j|\u2606RipReckful\n|j|\u2606cute asian gurl\n|inactive|Battle timer is ON: inactive players will automatically lose when time's up.\n|t:|1645651674\n|gametype|singles\n|player|p1|RipReckful|lucas|\n|player|p2|cute asian gurl|dawn|\n|teamsize|p1|6\n|teamsize|p2|6\n|gen|8\n|tier|[Gen 8] OU\n|rated|Tournament battle\n|rule|Sleep Clause Mod: Limit one foe put to sleep\n|rule|Species Clause: Limit one of each Pok\u00e9mon\n|rule|OHKO Clause: OHKO moves are banned\n|rule|Evasion Moves Clause: Evasion moves are banned\n|rule|Endless Battle Clause: Forcing endless battles is banned\n|rule|HP Percentage Mod: HP is shown in percentages\n|rule|Dynamax Clause: You cannot dynamax\n|clearpoke\n|poke|p1|Gengar, M|\n|poke|p1|Landorus-Therian, M|\n|poke|p1|Tapu Fini|\n|poke|p1|Blacephalon|\n|poke|p1|Toxapex, M|\n|poke|p1|Mew|\n|poke|p2|Jirachi|\n|poke|p2|Skarmory, F|\n|poke|p2|Gastrodon, M|\n|poke|p2|Toxapex, M|\n|poke|p2|Clefable, M|\n|poke|p2|Hydreigon, M|\n|teampreview\n|inactive|RipReckful also wants the timer to be on.\n|j| clean cuts\n|c|\u2606cute asian gurl|lol\n|c|\u2606cute asian gurl|i hope i get para hax\n|j| beastyj157\n|j| Niadev\n|j| Mogus Mogul\n|\n|t:|1645651695\n|start\n|switch|p1a: Landorus|Landorus-Therian, M|100\/100\n|switch|p2a: Jirachi|Jirachi|100\/100\n|-ability|p1a: Landorus|Intimidate|boost\n|-unboost|p2a: Jirachi|atk|1\n|turn|1\n|c|\u2606RipReckful|have fun :D\n|j| FacilitoElTutorial\n|\n|t:|1645651700\n|switch|p2a: Skarmory|Skarmory, F|100\/100\n|move|p1a: Landorus|Earthquake|p2a: Skarmory\n|-immune|p2a: Skarmory\n|\n|upkeep\n|turn|2\n|\n|t:|1645651707\n|switch|p1a: Gengar|Gengar, M|100\/100\n|move|p2a: Skarmory|Stealth Rock|p1a: Gengar\n|-sidestart|p1: RipReckful|move: Stealth Rock\n|\n|upkeep\n|turn|3\n|j| rose of geass\n|\n|t:|1645651713\n|switch|p2a: Gastrodon|Gastrodon, M|100\/100\n|move|p1a: Gengar|Nasty Plot|p1a: Gengar\n|-boost|p1a: Gengar|spa|2\n|\n|upkeep\n|turn|4\n|\n|t:|1645651717\n|switch|p1a: Mew|Mew|100\/100\n|move|p2a: Gastrodon|Earth Power|p1a: Mew\n|-damage|p1a: Mew|79\/100\n|\n|upkeep\n|turn|5\n|\n|t:|1645651723\n|switch|p2a: Jirachi|Jirachi|100\/100\n|move|p1a: Mew|Taunt|p2a: Jirachi\n|-start|p2a: Jirachi|move: Taunt\n|\n|upkeep\n|turn|6\n|c| Mogus Mogul|lol the mono lose to dragapult\n|\n|t:|1645651727\n|move|p1a: Mew|Defog|p2a: Jirachi\n|-unboost|p2a: Jirachi|evasion|1\n|-sideend|p1: RipReckful|Stealth Rock|[from] move: Defog|[of] p1a: Mew\n|move|p2a: Jirachi|Body Slam|p1a: Mew\n|-damage|p1a: Mew|64\/100\n|-status|p1a: Mew|par\n|-activate|p1a: Mew|ability: Synchronize\n|-status|p2a: Jirachi|par\n|\n|upkeep\n|turn|7\n|\n|t:|1645651731\n|switch|p2a: Clefable|Clefable, M|100\/100\n|move|p1a: Mew|Stealth Rock|p2a: Clefable\n|-sidestart|p2: cute asian gurl|move: Stealth Rock\n|\n|upkeep\n|turn|8\n|\n|t:|1645651736\n|switch|p1a: Blacephalon|Blacephalon|100\/100\n|move|p2a: Clefable|Aromatherapy|p2a: Clefable\n|-activate|p2a: Clefable|move: Aromatherapy\n|-curestatus|p2: Jirachi|par|[msg]\n|\n|upkeep\n|turn|9\n|c| beastyj157|that gengar could go in\n|j|@iron\u2602water \u266b\n|\n|t:|1645651744\n|switch|p2a: Hydreigon|Hydreigon, M|100\/100\n|-damage|p2a: Hydreigon|88\/100|[from] Stealth Rock\n|move|p1a: Blacephalon|Trick|p2a: Hydreigon\n|-activate|p1a: Blacephalon|move: Trick|[of] p2a: Hydreigon\n|-item|p2a: Hydreigon|Choice Specs|[from] move: Trick\n|-item|p1a: Blacephalon|Leftovers|[from] move: Trick\n|\n|upkeep\n|turn|10\n|j| kizi22122\n|\n|t:|1645651751\n|switch|p1a: Tapu Fini|Tapu Fini|100\/100\n|-fieldstart|move: Misty Terrain|[from] ability: Misty Surge|[of] p1a: Tapu Fini\n|move|p2a: Hydreigon|Earth Power|p1a: Tapu Fini\n|-damage|p1a: Tapu Fini|66\/100\n|\n|-heal|p1a: Tapu Fini|72\/100|[from] item: Leftovers\n|upkeep\n|turn|11\n|\n|t:|1645651759\n|switch|p2a: Toxapex|Toxapex, M|100\/100\n|-damage|p2a: Toxapex|88\/100|[from] Stealth Rock\n|move|p1a: Tapu Fini|Moonblast|p2a: Toxapex\n|-resisted|p2a: Toxapex\n|-damage|p2a: Toxapex|75\/100\n|-unboost|p2a: Toxapex|spa|1\n|\n|-heal|p1a: Tapu Fini|78\/100|[from] item: Leftovers\n|upkeep\n|turn|12\n|j| i lik8 cats\n|\n|t:|1645651764\n|switch|p1a: Toxapex|Toxapex, M|100\/100\n|move|p2a: Toxapex|Knock Off|p1a: Toxapex\n|-damage|p1a: Toxapex|92\/100\n|-enditem|p1a: Toxapex|Black Sludge|[from] move: Knock Off|[of] p2a: Toxapex\n|\n|upkeep\n|turn|13\n|\n|t:|1645651768\n|switch|p2a: Hydreigon|Hydreigon, M|88\/100\n|-damage|p2a: Hydreigon|76\/100|[from] Stealth Rock\n|move|p1a: Toxapex|Scald|p2a: Hydreigon\n|-resisted|p2a: Hydreigon\n|-damage|p2a: Hydreigon|66\/100\n|-status|p2a: Hydreigon|brn\n|\n|-damage|p2a: Hydreigon|60\/100 brn|[from] brn\n|upkeep\n|turn|14\n|\n|t:|1645651772\n|switch|p1a: Tapu Fini|Tapu Fini|78\/100\n|move|p2a: Hydreigon|Defog|p1a: Tapu Fini\n|-unboost|p1a: Tapu Fini|evasion|1\n|-sideend|p2: cute asian gurl|Stealth Rock|[from] move: Defog|[of] p2a: Hydreigon\n|-fieldend|Misty Terrain\n|\n|-heal|p1a: Tapu Fini|84\/100|[from] item: Leftovers\n|-damage|p2a: Hydreigon|54\/100 brn|[from] brn\n|upkeep\n|turn|15\n|\n|t:|1645651776\n|switch|p2a: Toxapex|Toxapex, M|100\/100\n|switch|p1a: Landorus|Landorus-Therian, M|100\/100\n|-ability|p1a: Landorus|Intimidate|boost\n|-unboost|p2a: Toxapex|atk|1\n|\n|upkeep\n|turn|16\n|\n|t:|1645651781\n|move|p1a: Landorus|Substitute|p1a: Landorus\n|-start|p1a: Landorus|Substitute\n|-damage|p1a: Landorus|76\/100\n|move|p2a: Toxapex|Toxic||[still]\n|-fail|p2a: Toxapex\n|\n|-heal|p1a: Landorus|82\/100|[from] item: Leftovers\n|upkeep\n|turn|17\n|\n|t:|1645651788\n|switch|p2a: Skarmory|Skarmory, F|100\/100\n|move|p1a: Landorus|Swords Dance|p1a: Landorus\n|-boost|p1a: Landorus|atk|2\n|\n|-heal|p1a: Landorus|88\/100|[from] item: Leftovers\n|upkeep\n|turn|18\n|\n|t:|1645651791\n|move|p1a: Landorus|Smack Down|p2a: Skarmory\n|-damage|p2a: Skarmory|78\/100\n|-start|p2a: Skarmory|Smack Down\n|move|p2a: Skarmory|Stealth Rock|p1a: Landorus\n|-sidestart|p1: RipReckful|move: Stealth Rock\n|\n|-heal|p1a: Landorus|94\/100|[from] item: Leftovers\n|upkeep\n|turn|19\n|\n|t:|1645651795\n|switch|p2a: Clefable|Clefable, M|100\/100\n|move|p1a: Landorus|Earthquake|p2a: Clefable\n|-damage|p2a: Clefable|56\/100\n|\n|-heal|p1a: Landorus|100\/100|[from] item: Leftovers\n|-heal|p2a: Clefable|62\/100|[from] item: Leftovers\n|upkeep\n|turn|20\n|l| kizi22122\n|\n|t:|1645651802\n|move|p1a: Landorus|Earthquake|p2a: Clefable\n|-damage|p2a: Clefable|11\/100\n|move|p2a: Clefable|Soft-Boiled|p2a: Clefable\n|-heal|p2a: Clefable|61\/100\n|\n|-heal|p2a: Clefable|67\/100|[from] item: Leftovers\n|upkeep\n|turn|21\n|\n|t:|1645651805\n|move|p1a: Landorus|Earthquake|p2a: Clefable\n|-damage|p2a: Clefable|18\/100\n|move|p2a: Clefable|Soft-Boiled|p2a: Clefable\n|-heal|p2a: Clefable|68\/100\n|\n|-heal|p2a: Clefable|74\/100|[from] item: Leftovers\n|upkeep\n|turn|22\n|j| Fun Funeral\n|j| Struntuz\n|\n|t:|1645651808\n|move|p1a: Landorus|Earthquake|p2a: Clefable\n|-damage|p2a: Clefable|29\/100\n|move|p2a: Clefable|Soft-Boiled|p2a: Clefable\n|-heal|p2a: Clefable|79\/100\n|\n|-heal|p2a: Clefable|85\/100|[from] item: Leftovers\n|upkeep\n|turn|23\n|\n|t:|1645651812\n|move|p1a: Landorus|Earthquake|p2a: Clefable\n|-damage|p2a: Clefable|38\/100\n|move|p2a: Clefable|Soft-Boiled|p2a: Clefable\n|-heal|p2a: Clefable|88\/100\n|\n|-heal|p2a: Clefable|94\/100|[from] item: Leftovers\n|upkeep\n|turn|24\n|l| i lik8 cats\n|\n|t:|1645651820\n|switch|p1a: Toxapex|Toxapex, M|100\/100\n|-damage|p1a: Toxapex|88\/100|[from] Stealth Rock\n|move|p2a: Clefable|Calm Mind|p2a: Clefable\n|-boost|p2a: Clefable|spa|1\n|-boost|p2a: Clefable|spd|1\n|\n|-heal|p2a: Clefable|99\/100|[from] item: Leftovers\n|upkeep\n|turn|25\n|j| WMU\n|\n|t:|1645651835\n|switch|p2a: Hydreigon|Hydreigon, M|54\/100 brn\n|move|p1a: Toxapex|Haze|p1a: Toxapex\n|-clearallboost\n|\n|-damage|p2a: Hydreigon|48\/100 brn|[from] brn\n|upkeep\n|turn|26\n|\n|t:|1645651838\n|move|p2a: Hydreigon|Roost|p2a: Hydreigon\n|-heal|p2a: Hydreigon|98\/100 brn\n|-singleturn|p2a: Hydreigon|move: Roost\n|move|p1a: Toxapex|Recover|p1a: Toxapex\n|-heal|p1a: Toxapex|100\/100\n|\n|-damage|p2a: Hydreigon|92\/100 brn|[from] brn\n|upkeep\n|turn|27\n|c|\u2606RipReckful|i shouldve brought zone lele\n|\n|t:|1645651865\n|switch|p2a: Gastrodon|Gastrodon, M|100\/100\n|switch|p1a: Mew|Mew|64\/100 par\n|\n|upkeep\n|turn|28\n|j| AlterAbsol\n|j| VaporeonUser\n|inactive|cute asian gurl has 120 seconds left.\n|\n|t:|1645651884\n|move|p1a: Mew|Roost|p1a: Mew\n|-heal|p1a: Mew|100\/100 par\n|-singleturn|p1a: Mew|move: Roost\n|move|p2a: Gastrodon|Earth Power|p1a: Mew\n|-damage|p1a: Mew|77\/100 par\n|-unboost|p1a: Mew|spd|1\n|\n|upkeep\n|turn|29\n|\n|t:|1645651887\n|move|p1a: Mew|Defog|p2a: Gastrodon\n|-unboost|p2a: Gastrodon|evasion|1\n|-sideend|p1: RipReckful|Stealth Rock|[from] move: Defog|[of] p1a: Mew\n|move|p2a: Gastrodon|Earth Power|p1a: Mew\n|-damage|p1a: Mew|45\/100 par\n|\n|upkeep\n|turn|30\n|\n|t:|1645651893\n|switch|p1a: Tapu Fini|Tapu Fini|84\/100\n|-fieldstart|move: Misty Terrain|[from] ability: Misty Surge|[of] p1a: Tapu Fini\n|move|p2a: Gastrodon|Earth Power|p1a: Tapu Fini\n|-damage|p1a: Tapu Fini|65\/100\n|-unboost|p1a: Tapu Fini|spd|1\n|\n|-heal|p1a: Tapu Fini|71\/100|[from] item: Leftovers\n|upkeep\n|turn|31\n|\n|t:|1645651900\n|switch|p2a: Toxapex|Toxapex, M|100\/100\n|move|p1a: Tapu Fini|Nature's Madness|p2a: Toxapex\n|-damage|p2a: Toxapex|50\/100\n|\n|-heal|p1a: Tapu Fini|77\/100|[from] item: Leftovers\n|upkeep\n|turn|32\n|\n|t:|1645651910\n|switch|p1a: Toxapex|Toxapex, M|100\/100\n|move|p2a: Toxapex|Knock Off|p1a: Toxapex\n|-damage|p1a: Toxapex|95\/100\n|\n|upkeep\n|turn|33\n|c| VaporeonUser|i have just noticed that asian's team changes little by little\n|\n|t:|1645651921\n|move|p1a: Toxapex|Scald|p2a: Toxapex\n|-resisted|p2a: Toxapex\n|-damage|p2a: Toxapex|43\/100\n|move|p2a: Toxapex|Light Screen|p2a: Toxapex\n|-sidestart|p2: cute asian gurl|move: Light Screen\n|\n|upkeep\n|turn|34\n|j| Pinto\n|\n|t:|1645651938\n|switch|p2a: Gastrodon|Gastrodon, M|100\/100\n|move|p1a: Toxapex|Scald|p2a: Gastrodon\n|-damage|p2a: Gastrodon|95\/100\n|\n|-heal|p2a: Gastrodon|100\/100|[from] item: Leftovers\n|-fieldend|Misty Terrain\n|upkeep\n|turn|35\n|\n|t:|1645651952\n|switch|p2a: Skarmory|Skarmory, F|78\/100\n|move|p1a: Toxapex|Scald|p2a: Skarmory\n|-damage|p2a: Skarmory|66\/100\n|\n|upkeep\n|turn|36\n|c| VaporeonUser|they be stalling\n|\n|t:|1645651961\n|switch|p1a: Gengar|Gengar, M|100\/100\n|move|p2a: Skarmory|Stealth Rock|p1a: Gengar\n|-sidestart|p1: RipReckful|move: Stealth Rock\n|\n|upkeep\n|turn|37\n|\n|t:|1645651964\n|switch|p2a: Gastrodon|Gastrodon, M|100\/100\n|move|p1a: Gengar|Shadow Ball|p2a: Gastrodon\n|-damage|p2a: Gastrodon|80\/100\n|-unboost|p2a: Gastrodon|spd|1\n|-damage|p1a: Gengar|91\/100|[from] item: Life Orb\n|\n|-heal|p2a: Gastrodon|86\/100|[from] item: Leftovers\n|-sideend|p2: cute asian gurl|move: Light Screen\n|upkeep\n|turn|38\n|j| r0arcune\n|j| whygopprn\n|\n|t:|1645651989\n|switch|p1a: Tapu Fini|Tapu Fini|77\/100\n|-damage|p1a: Tapu Fini|64\/100|[from] Stealth Rock\n|-fieldstart|move: Misty Terrain|[from] ability: Misty Surge|[of] p1a: Tapu Fini\n|move|p2a: Gastrodon|Earth Power|p1a: Tapu Fini\n|-damage|p1a: Tapu Fini|43\/100\n|\n|-heal|p1a: Tapu Fini|49\/100|[from] item: Leftovers\n|-heal|p2a: Gastrodon|92\/100|[from] item: Leftovers\n|upkeep\n|turn|39\n|\n|t:|1645651999\n|switch|p2a: Toxapex|Toxapex, M|76\/100\n|move|p1a: Tapu Fini|Moonblast|p2a: Toxapex\n|-resisted|p2a: Toxapex\n|-damage|p2a: Toxapex|63\/100\n|-unboost|p2a: Toxapex|spa|1\n|\n|-heal|p1a: Tapu Fini|55\/100|[from] item: Leftovers\n|upkeep\n|turn|40\n|\n|t:|1645652007\n|switch|p1a: Landorus|Landorus-Therian, M|100\/100\n|-damage|p1a: Landorus|88\/100|[from] Stealth Rock\n|-ability|p1a: Landorus|Intimidate|boost\n|-unboost|p2a: Toxapex|atk|1\n|move|p2a: Toxapex|Knock Off|p1a: Landorus\n|-damage|p1a: Landorus|77\/100\n|-enditem|p1a: Landorus|Leftovers|[from] move: Knock Off|[of] p2a: Toxapex\n|\n|upkeep\n|turn|41\n|\n|t:|1645652015\n|switch|p2a: Hydreigon|Hydreigon, M|92\/100 brn\n|move|p1a: Landorus|Earthquake|p2a: Hydreigon\n|-immune|p2a: Hydreigon|[from] ability: Levitate\n|\n|-damage|p2a: Hydreigon|86\/100 brn|[from] brn\n|upkeep\n|turn|42\n|\n|t:|1645652024\n|move|p2a: Hydreigon|Flamethrower|p1a: Landorus\n|-damage|p1a: Landorus|19\/100\n|move|p1a: Landorus|Smack Down|p2a: Hydreigon\n|-damage|p2a: Hydreigon|62\/100 brn\n|-start|p2a: Hydreigon|Smack Down\n|\n|-damage|p2a: Hydreigon|56\/100 brn|[from] brn\n|-fieldend|Misty Terrain\n|upkeep\n|turn|43\n|\n|t:|1645652029\n|move|p2a: Hydreigon|Flamethrower|p1a: Landorus\n|-damage|p1a: Landorus|0 fnt\n|faint|p1a: Landorus\n|\n|-damage|p2a: Hydreigon|50\/100 brn|[from] brn\n|upkeep\n|j| stone mist\n|j| Imabittobadatthis\n|l| Imabittobadatthis\n|\n|t:|1645652051\n|switch|p1a: Blacephalon|Blacephalon|100\/100\n|-damage|p1a: Blacephalon|76\/100|[from] Stealth Rock\n|turn|44\n|\n|t:|1645652058\n|switch|p2a: Gastrodon|Gastrodon, M|92\/100\n|move|p1a: Blacephalon|Shadow Ball|p2a: Gastrodon\n|-damage|p2a: Gastrodon|62\/100\n|-unboost|p2a: Gastrodon|spd|1\n|\n|-heal|p1a: Blacephalon|82\/100|[from] item: Leftovers\n|-heal|p2a: Gastrodon|68\/100|[from] item: Leftovers\n|upkeep\n|turn|45\n|\n|t:|1645652068\n|move|p1a: Blacephalon|Shadow Ball|p2a: Gastrodon\n|-damage|p2a: Gastrodon|20\/100\n|-unboost|p2a: Gastrodon|spd|1\n|move|p2a: Gastrodon|Recover|p2a: Gastrodon\n|-heal|p2a: Gastrodon|70\/100\n|\n|-heal|p1a: Blacephalon|88\/100|[from] item: Leftovers\n|-heal|p2a: Gastrodon|76\/100|[from] item: Leftovers\n|upkeep\n|turn|46\n|\n|t:|1645652074\n|switch|p2a: Toxapex|Toxapex, M|97\/100\n|move|p1a: Blacephalon|Shadow Ball|p2a: Toxapex\n|-damage|p2a: Toxapex|57\/100\n|\n|-heal|p1a: Blacephalon|94\/100|[from] item: Leftovers\n|upkeep\n|turn|47\n|\n|t:|1645652081\n|move|p1a: Blacephalon|Trick|p2a: Toxapex\n|-activate|p1a: Blacephalon|move: Trick|[of] p2a: Toxapex\n|-item|p2a: Toxapex|Leftovers|[from] move: Trick\n|-item|p1a: Blacephalon|Shed Shell|[from] move: Trick\n|move|p2a: Toxapex|Toxic|p1a: Blacephalon\n|-status|p1a: Blacephalon|tox\n|\n|-heal|p2a: Toxapex|63\/100|[from] item: Leftovers\n|-damage|p1a: Blacephalon|88\/100 tox|[from] psn\n|upkeep\n|turn|48\n|l| rose of geass\n|\n|t:|1645652091\n|move|p1a: Blacephalon|Shadow Ball|p2a: Toxapex\n|-damage|p2a: Toxapex|24\/100\n|move|p2a: Toxapex|Light Screen|p2a: Toxapex\n|-sidestart|p2: cute asian gurl|move: Light Screen\n|\n|-heal|p2a: Toxapex|30\/100|[from] item: Leftovers\n|-damage|p1a: Blacephalon|76\/100 tox|[from] psn\n|upkeep\n|turn|49\n|\n|t:|1645652097\n|switch|p2a: Hydreigon|Hydreigon, M|50\/100 brn\n|move|p1a: Blacephalon|Shadow Ball|p2a: Hydreigon\n|-resisted|p2a: Hydreigon\n|-damage|p2a: Hydreigon|37\/100 brn\n|\n|-damage|p1a: Blacephalon|58\/100 tox|[from] psn\n|-damage|p2a: Hydreigon|31\/100 brn|[from] brn\n|upkeep\n|turn|50\n|\n|t:|1645652101\n|switch|p1a: Tapu Fini|Tapu Fini|55\/100\n|-damage|p1a: Tapu Fini|43\/100|[from] Stealth Rock\n|-fieldstart|move: Misty Terrain|[from] ability: Misty Surge|[of] p1a: Tapu Fini\n|move|p2a: Hydreigon|Roost|p2a: Hydreigon\n|-heal|p2a: Hydreigon|81\/100 brn\n|-singleturn|p2a: Hydreigon|move: Roost\n|\n|-heal|p1a: Tapu Fini|49\/100|[from] item: Leftovers\n|-damage|p2a: Hydreigon|75\/100 brn|[from] brn\n|upkeep\n|turn|51\n|\n|t:|1645652109\n|switch|p2a: Jirachi|Jirachi|100\/100\n|move|p1a: Tapu Fini|Moonblast|p2a: Jirachi\n|-resisted|p2a: Jirachi\n|-damage|p2a: Jirachi|96\/100\n|-unboost|p2a: Jirachi|spa|1\n|\n|-heal|p2a: Jirachi|100\/100|[from] item: Leftovers\n|-heal|p1a: Tapu Fini|55\/100|[from] item: Leftovers\n|upkeep\n|turn|52\n|\n|t:|1645652122\n|move|p2a: Jirachi|Wish|p2a: Jirachi\n|move|p1a: Tapu Fini|Nature's Madness|p2a: Jirachi|[miss]\n|-miss|p1a: Tapu Fini|p2a: Jirachi\n|\n|-heal|p1a: Tapu Fini|61\/100|[from] item: Leftovers\n|-sideend|p2: cute asian gurl|move: Light Screen\n|upkeep\n|turn|53\n|\n|t:|1645652127\n|move|p2a: Jirachi|Iron Head|p1a: Tapu Fini\n|-damage|p1a: Tapu Fini|43\/100\n|cant|p1a: Tapu Fini|flinch\n|\n|-heal|p1a: Tapu Fini|49\/100|[from] item: Leftovers\n|upkeep\n|turn|54\n|l| AlterAbsol\n|\n|t:|1645652138\n|move|p2a: Jirachi|Wish|p2a: Jirachi\n|move|p1a: Tapu Fini|Taunt|p2a: Jirachi\n|-start|p2a: Jirachi|move: Taunt\n|\n|-heal|p1a: Tapu Fini|55\/100|[from] item: Leftovers\n|-fieldend|Misty Terrain\n|upkeep\n|turn|55\n|l| WMU\n|\n|t:|1645652143\n|move|p2a: Jirachi|Body Slam|p1a: Tapu Fini\n|-damage|p1a: Tapu Fini|40\/100\n|-status|p1a: Tapu Fini|par\n|move|p1a: Tapu Fini|Nature's Madness|p2a: Jirachi\n|-damage|p2a: Jirachi|50\/100\n|\n|-heal|p2a: Jirachi|100\/100|[from] move: Wish|[wisher] Jirachi\n|-heal|p1a: Tapu Fini|46\/100 par|[from] item: Leftovers\n|upkeep\n|turn|56\n|\n|t:|1645652151\n|switch|p1a: Gengar|Gengar, M|91\/100\n|-damage|p1a: Gengar|78\/100|[from] Stealth Rock\n|move|p2a: Jirachi|Iron Head|p1a: Gengar\n|-damage|p1a: Gengar|27\/100\n|-start|p2a: Jirachi|Disable|Iron Head|[from] ability: Cursed Body|[of] p1a: Gengar\n|\n|upkeep\n|turn|57\n|\n|t:|1645652176\n|switch|p2a: Gastrodon|Gastrodon, M|76\/100\n|move|p1a: Gengar|Nasty Plot|p1a: Gengar\n|-boost|p1a: Gengar|spa|2\n|\n|-heal|p2a: Gastrodon|82\/100|[from] item: Leftovers\n|upkeep\n|turn|58\n|\n|t:|1645652180\n|move|p1a: Gengar|Shadow Ball|p2a: Gastrodon\n|-damage|p2a: Gastrodon|7\/100\n|-damage|p1a: Gengar|17\/100|[from] item: Life Orb\n|move|p2a: Gastrodon|Earth Power|p1a: Gengar\n|-supereffective|p1a: Gengar\n|-damage|p1a: Gengar|0 fnt\n|faint|p1a: Gengar\n|\n|-heal|p2a: Gastrodon|13\/100|[from] item: Leftovers\n|upkeep\n|c|\u2606RipReckful|man i cteamed and lost this shits embarrasing\n|\n|t:|1645652198\n|switch|p1a: Blacephalon|Blacephalon|58\/100 tox\n|-damage|p1a: Blacephalon|33\/100 tox|[from] Stealth Rock\n|turn|59\n|\n|t:|1645652211\n|switch|p2a: Hydreigon|Hydreigon, M|75\/100 brn\n|move|p1a: Blacephalon|Shadow Ball|p2a: Hydreigon\n|-resisted|p2a: Hydreigon\n|-damage|p2a: Hydreigon|47\/100 brn\n|\n|-damage|p1a: Blacephalon|27\/100 tox|[from] psn\n|-damage|p2a: Hydreigon|41\/100 brn|[from] brn\n|upkeep\n|turn|60\n|\n|t:|1645652216\n|move|p1a: Blacephalon|Overheat|p2a: Hydreigon\n|-resisted|p2a: Hydreigon\n|-damage|p2a: Hydreigon|0 fnt\n|-unboost|p1a: Blacephalon|spa|2\n|faint|p2a: Hydreigon\n|-ability|p1a: Blacephalon|Beast Boost|boost\n|-boost|p1a: Blacephalon|spa|1\n|\n|-damage|p1a: Blacephalon|15\/100 tox|[from] psn\n|upkeep\n|l| Niadev\n|\n|t:|1645652227\n|switch|p2a: Gastrodon|Gastrodon, M|13\/100\n|turn|61\n|\n|t:|1645652230\n|move|p1a: Blacephalon|Shadow Ball|p2a: Gastrodon\n|-damage|p2a: Gastrodon|0 fnt\n|faint|p2a: Gastrodon\n|-ability|p1a: Blacephalon|Beast Boost|boost\n|-boost|p1a: Blacephalon|spa|1\n|\n|-damage|p1a: Blacephalon|0 fnt|[from] psn\n|faint|p1a: Blacephalon\n|upkeep\n|\n|t:|1645652246\n|switch|p1a: Mew|Mew|45\/100 par\n|switch|p2a: Jirachi|Jirachi|100\/100\n|turn|62\n|\n|t:|1645652251\n|move|p2a: Jirachi|Iron Head|p1a: Mew\n|-damage|p1a: Mew|24\/100 par\n|cant|p1a: Mew|par\n|\n|upkeep\n|turn|63\n|\n|t:|1645652255\n|move|p2a: Jirachi|Iron Head|p1a: Mew\n|-damage|p1a: Mew|0 fnt\n|faint|p1a: Mew\n|\n|upkeep\n|\n|t:|1645652259\n|switch|p1a: Toxapex|Toxapex, M|100\/100\n|-damage|p1a: Toxapex|88\/100|[from] Stealth Rock\n|turn|64\n|c| Mogus Mogul|You didn't cteam very well\n|c|\u2606RipReckful|yeah\n|\n|t:|1645652272\n|switch|p2a: Toxapex|Toxapex, M|63\/100\n|move|p1a: Toxapex|Knock Off|p2a: Toxapex\n|-damage|p2a: Toxapex|55\/100\n|-enditem|p2a: Toxapex|Leftovers|[from] move: Knock Off|[of] p1a: Toxapex\n|\n|upkeep\n|turn|65\n|c|\u2606RipReckful|if i brought zone, expert belt lele i insta win\n|\n|t:|1645652283\n|move|p1a: Toxapex|Scald|p2a: Toxapex\n|-resisted|p2a: Toxapex\n|-damage|p2a: Toxapex|48\/100\n|move|p2a: Toxapex|Recover|p2a: Toxapex\n|-heal|p2a: Toxapex|98\/100\n|\n|upkeep\n|turn|66\n|\n|t:|1645652286\n|move|p1a: Toxapex|Scald|p2a: Toxapex\n|-resisted|p2a: Toxapex\n|-damage|p2a: Toxapex|91\/100\n|-status|p2a: Toxapex|brn\n|move|p2a: Toxapex|Knock Off|p1a: Toxapex\n|-damage|p1a: Toxapex|85\/100\n|\n|-damage|p2a: Toxapex|85\/100 brn|[from] brn\n|upkeep\n|turn|67\n|\n|t:|1645652295\n|move|p1a: Toxapex|Knock Off|p2a: Toxapex\n|-damage|p2a: Toxapex|79\/100 brn\n|move|p2a: Toxapex|Knock Off|p1a: Toxapex\n|-damage|p1a: Toxapex|82\/100\n|\n|-damage|p2a: Toxapex|73\/100 brn|[from] brn\n|upkeep\n|turn|68\n|\n|t:|1645652298\n|move|p2a: Toxapex|Light Screen|p2a: Toxapex\n|-sidestart|p2: cute asian gurl|move: Light Screen\n|move|p1a: Toxapex|Knock Off|p2a: Toxapex\n|-damage|p2a: Toxapex|67\/100 brn\n|\n|-damage|p2a: Toxapex|60\/100 brn|[from] brn\n|upkeep\n|turn|69\n|\n|t:|1645652301\n|move|p1a: Toxapex|Knock Off|p2a: Toxapex\n|-damage|p2a: Toxapex|55\/100 brn\n|move|p2a: Toxapex|Knock Off|p1a: Toxapex\n|-damage|p1a: Toxapex|80\/100\n|\n|-damage|p2a: Toxapex|49\/100 brn|[from] brn\n|upkeep\n|turn|70\n|\n|t:|1645652303\n|move|p1a: Toxapex|Knock Off|p2a: Toxapex\n|-damage|p2a: Toxapex|43\/100 brn\n|move|p2a: Toxapex|Recover|p2a: Toxapex\n|-heal|p2a: Toxapex|93\/100 brn\n|\n|-damage|p2a: Toxapex|87\/100 brn|[from] brn\n|upkeep\n|turn|71\n|\n|t:|1645652310\n|move|p1a: Toxapex|Knock Off|p2a: Toxapex\n|-damage|p2a: Toxapex|81\/100 brn\n|move|p2a: Toxapex|Knock Off|p1a: Toxapex\n|-damage|p1a: Toxapex|77\/100\n|\n|-damage|p2a: Toxapex|75\/100 brn|[from] brn\n|upkeep\n|turn|72\n|-message|RipReckful forfeited.\n|\n|win|cute asian gurl\n|n|\u2606RipReckful|ripreckful\n|n|\u2606cute asian gurl|cuteasiangurl\n|n| clean cuts|cleancuts\n|n| beastyj157|beastyj157\n|n| Mogus Mogul|mogusmogul\n|n| FacilitoElTutorial|facilitoeltutorial\n|n|%iron\u2602water \u266b|ironwater\n|n| Fun Funeral|funfuneral\n|n| Struntuz|struntuz\n|n| VaporeonUser|vaporeonuser\n|n| Pinto|pinto\n|n| r0arcune|r0arcune\n|n| whygopprn|whygopprn\n|n| stone mist|stonemist\n","uploadtime":1645652319,"views":151,"p1id":"ripreckful","p2id":"cuteasiangurl","formatid":"gen8ou","rating":0,"private":0,"password":null}