{"id":"gen8ou-1581434504","p1":"xSkelly34","p2":"playboi spectrier","format":"gen8ou","log":"|j|\u2606xSkelly34\n|j|\u2606playboi spectrier\n|t:|1653357776\n|gametype|singles\n|player|p1|xSkelly34|bugsy|1587\n|player|p2|playboi spectrier|unknown|1573\n|teamsize|p1|6\n|teamsize|p2|6\n|gen|8\n|tier|[Gen 8] OU\n|rated|\n|rule|Sleep Clause Mod: Limit one foe put to sleep\n|rule|Species Clause: Limit one of each Pok\u00e9mon\n|rule|OHKO Clause: OHKO moves are banned\n|rule|Evasion Moves Clause: Evasion moves are banned\n|rule|Endless Battle Clause: Forcing endless battles is banned\n|rule|HP Percentage Mod: HP is shown in percentages\n|rule|Dynamax Clause: You cannot dynamax\n|clearpoke\n|poke|p1|Blaziken, M|\n|poke|p1|Landorus-Therian, M|\n|poke|p1|Nihilego|\n|poke|p1|Celesteela|\n|poke|p1|Kartana|\n|poke|p1|Urshifu-*, M|\n|poke|p2|Rhyperior, F|\n|poke|p2|Aegislash, F|\n|poke|p2|Tornadus-Therian, M|\n|poke|p2|Slowbro, M|\n|poke|p2|Ferrothorn, M|\n|poke|p2|Corviknight, F|\n|teampreview\n|\n|t:|1653357794\n|start\n|switch|p1a: Landorus|Landorus-Therian, M, shiny|100\/100\n|switch|p2a: Slowbro|Slowbro, M|100\/100\n|-ability|p1a: Landorus|Intimidate|boost\n|-unboost|p2a: Slowbro|atk|1\n|turn|1\n|\n|t:|1653357799\n|move|p1a: Landorus|Knock Off|p2a: Slowbro\n|-supereffective|p2a: Slowbro\n|-enditem|p2a: Slowbro|Colbur Berry|[eat]\n|-enditem|p2a: Slowbro|Colbur Berry|[weaken]\n|-damage|p2a: Slowbro|82\/100\n|move|p2a: Slowbro|Scald|p1a: Landorus\n|-supereffective|p1a: Landorus\n|-damage|p1a: Landorus|62\/100\n|\n|-heal|p1a: Landorus|68\/100|[from] item: Leftovers\n|upkeep\n|turn|2\n|\n|t:|1653357810\n|move|p1a: Landorus|U-turn|p2a: Slowbro\n|-supereffective|p2a: Slowbro\n|-crit|p2a: Slowbro\n|-damage|p2a: Slowbro|44\/100\n|\n|t:|1653357816\n|switch|p1a: Nihilego|Nihilego, shiny|100\/100|[from]move: U-turn\n|move|p2a: Slowbro|Scald|p1a: Nihilego\n|-supereffective|p1a: Nihilego\n|-damage|p1a: Nihilego|63\/100\n|\n|upkeep\n|turn|3\n|\n|t:|1653357820\n|switch|p2a: Rhyperior|Rhyperior, F|100\/100\n|move|p1a: Nihilego|Stealth Rock|p2a: Rhyperior\n|-sidestart|p2: playboi spectrier|move: Stealth Rock\n|\n|upkeep\n|turn|4\n|\n|t:|1653357832\n|switch|p1a: Kartana|Kartana, shiny|100\/100\n|move|p2a: Rhyperior|Stealth Rock|p1a: Kartana\n|-sidestart|p1: xSkelly34|move: Stealth Rock\n|\n|upkeep\n|turn|5\n|\n|t:|1653357837\n|switch|p2a: Ferrothorn|Ferrothorn, M|100\/100\n|-damage|p2a: Ferrothorn|94\/100|[from] Stealth Rock\n|move|p1a: Kartana|Knock Off|p2a: Ferrothorn\n|-damage|p2a: Ferrothorn|64\/100\n|-activate|p2a: Ferrothorn|ability: Iron Barbs\n|-activate|p1a: Kartana|item: Protective Pads\n|-enditem|p2a: Ferrothorn|Leftovers|[from] move: Knock Off|[of] p1a: Kartana\n|\n|upkeep\n|turn|6\n|\n|t:|1653357844\n|switch|p2a: Tornadus|Tornadus-Therian, M|100\/100\n|move|p1a: Kartana|Swords Dance|p1a: Kartana\n|-boost|p1a: Kartana|atk|2\n|\n|upkeep\n|turn|7\n|\n|t:|1653357850\n|switch|p1a: Landorus|Landorus-Therian, M, shiny|68\/100\n|-damage|p1a: Landorus|56\/100|[from] Stealth Rock\n|-ability|p1a: Landorus|Intimidate|boost\n|-unboost|p2a: Tornadus|atk|1\n|move|p2a: Tornadus|Hurricane|p1a: Landorus|[miss]\n|-miss|p2a: Tornadus|p1a: Landorus\n|\n|-heal|p1a: Landorus|62\/100|[from] item: Leftovers\n|upkeep\n|turn|8\n|\n|t:|1653357856\n|move|p2a: Tornadus|U-turn|p1a: Landorus\n|-resisted|p1a: Landorus\n|-damage|p1a: Landorus|57\/100\n|\n|t:|1653357861\n|switch|p2a: Ferrothorn|Ferrothorn, M|64\/100|[from]move: U-turn\n|-damage|p2a: Ferrothorn|58\/100|[from] Stealth Rock\n|move|p1a: Landorus|Knock Off|p2a: Ferrothorn\n|-damage|p2a: Ferrothorn|44\/100\n|-damage|p1a: Landorus|45\/100|[from] ability: Iron Barbs|[of] p2a: Ferrothorn\n|\n|-heal|p1a: Landorus|51\/100|[from] item: Leftovers\n|upkeep\n|turn|9\n|\n|t:|1653357889\n|switch|p1a: Kartana|Kartana, shiny|100\/100\n|-damage|p1a: Kartana|94\/100|[from] Stealth Rock\n|move|p2a: Ferrothorn|Power Whip|p1a: Kartana|[miss]\n|-miss|p2a: Ferrothorn|p1a: Kartana\n|\n|upkeep\n|turn|10\n|\n|t:|1653357896\n|switch|p2a: Tornadus|Tornadus-Therian, M|100\/100\n|move|p1a: Kartana|Knock Off|p2a: Tornadus\n|-damage|p2a: Tornadus|51\/100\n|-enditem|p2a: Tornadus|Heavy-Duty Boots|[from] move: Knock Off|[of] p1a: Kartana\n|\n|upkeep\n|turn|11\n|\n|t:|1653357906\n|switch|p1a: Nihilego|Nihilego, shiny|63\/100\n|-damage|p1a: Nihilego|50\/100|[from] Stealth Rock\n|move|p2a: Tornadus|Knock Off|p1a: Nihilego\n|-damage|p1a: Nihilego|19\/100\n|-enditem|p1a: Nihilego|Power Herb|[from] move: Knock Off|[of] p2a: Tornadus\n|\n|upkeep\n|turn|12\n|\n|t:|1653357915\n|move|p2a: Tornadus|U-turn|p1a: Nihilego\n|-resisted|p1a: Nihilego\n|-damage|p1a: Nihilego|8\/100\n|\n|t:|1653357916\n|switch|p2a: Rhyperior|Rhyperior, F|100\/100|[from]move: U-turn\n|-damage|p2a: Rhyperior|94\/100|[from] Stealth Rock\n|move|p1a: Nihilego|Power Gem|p2a: Rhyperior\n|-resisted|p2a: Rhyperior\n|-damage|p2a: Rhyperior|77\/100\n|\n|-heal|p2a: Rhyperior|83\/100|[from] item: Leftovers\n|upkeep\n|turn|13\n|\n|t:|1653357927\n|move|p1a: Nihilego|Sludge Wave|p2a: Rhyperior\n|-resisted|p2a: Rhyperior\n|-damage|p2a: Rhyperior|72\/100\n|move|p2a: Rhyperior|Earthquake|p1a: Nihilego\n|-supereffective|p1a: Nihilego\n|-damage|p1a: Nihilego|0 fnt\n|faint|p1a: Nihilego\n|\n|-heal|p2a: Rhyperior|78\/100|[from] item: Leftovers\n|upkeep\n|\n|t:|1653357940\n|switch|p1a: Celesteela|Celesteela, shiny|100\/100\n|-damage|p1a: Celesteela|88\/100|[from] Stealth Rock\n|turn|14\n|\n|t:|1653357968\n|switch|p1a: Landorus|Landorus-Therian, M, shiny|51\/100\n|-damage|p1a: Landorus|39\/100|[from] Stealth Rock\n|-ability|p1a: Landorus|Intimidate|boost\n|-unboost|p2a: Rhyperior|atk|1\n|move|p2a: Rhyperior|Swords Dance|p2a: Rhyperior\n|-boost|p2a: Rhyperior|atk|2\n|\n|-heal|p1a: Landorus|45\/100|[from] item: Leftovers\n|-heal|p2a: Rhyperior|84\/100|[from] item: Leftovers\n|upkeep\n|turn|15\n|\n|t:|1653357974\n|switch|p2a: Tornadus|Tornadus-Therian, M|85\/100\n|-damage|p2a: Tornadus|60\/100|[from] Stealth Rock\n|move|p1a: Landorus|Earthquake|p2a: Tornadus\n|-immune|p2a: Tornadus\n|\n|-heal|p1a: Landorus|51\/100|[from] item: Leftovers\n|upkeep\n|turn|16\n|\n|t:|1653357978\n|move|p2a: Tornadus|Knock Off|p1a: Landorus\n|-damage|p1a: Landorus|32\/100\n|-enditem|p1a: Landorus|Leftovers|[from] move: Knock Off|[of] p2a: Tornadus\n|move|p1a: Landorus|U-turn|p2a: Tornadus\n|-resisted|p2a: Tornadus\n|-damage|p2a: Tornadus|48\/100\n|\n|t:|1653357989\n|switch|p1a: Urshifu|Urshifu-Rapid-Strike, M|100\/100|[from]move: U-turn\n|-damage|p1a: Urshifu|94\/100|[from] Stealth Rock\n|\n|upkeep\n|turn|17\n|\n|t:|1653357993\n|switch|p2a: Slowbro|Slowbro, M|77\/100\n|-damage|p2a: Slowbro|64\/100|[from] Stealth Rock\n|move|p1a: Urshifu|U-turn|p2a: Slowbro\n|-supereffective|p2a: Slowbro\n|-damage|p2a: Slowbro|33\/100\n|\n|t:|1653358001\n|switch|p1a: Kartana|Kartana, shiny|94\/100|[from]move: U-turn\n|-damage|p1a: Kartana|88\/100|[from] Stealth Rock\n|\n|upkeep\n|turn|18\n|\n|t:|1653358005\n|switch|p2a: Tornadus|Tornadus-Therian, M|81\/100\n|-damage|p2a: Tornadus|56\/100|[from] Stealth Rock\n|move|p1a: Kartana|Knock Off|p2a: Tornadus\n|-damage|p2a: Tornadus|23\/100\n|\n|upkeep\n|turn|19\n|\n|t:|1653358011\n|switch|p1a: Landorus|Landorus-Therian, M, shiny|32\/100\n|-damage|p1a: Landorus|20\/100|[from] Stealth Rock\n|-ability|p1a: Landorus|Intimidate|boost\n|-unboost|p2a: Tornadus|atk|1\n|move|p2a: Tornadus|Hurricane|p1a: Landorus\n|-damage|p1a: Landorus|0 fnt\n|faint|p1a: Landorus\n|\n|upkeep\n|\n|t:|1653358014\n|switch|p1a: Urshifu|Urshifu-Rapid-Strike, M|94\/100\n|-damage|p1a: Urshifu|88\/100|[from] Stealth Rock\n|turn|20\n|\n|t:|1653358022\n|switch|p2a: Ferrothorn|Ferrothorn, M|44\/100\n|-damage|p2a: Ferrothorn|38\/100|[from] Stealth Rock\n|move|p1a: Urshifu|U-turn|p2a: Ferrothorn\n|-damage|p2a: Ferrothorn|20\/100\n|-damage|p1a: Urshifu|76\/100|[from] ability: Iron Barbs|[of] p2a: Ferrothorn\n|\n|t:|1653358030\n|switch|p1a: Celesteela|Celesteela, shiny|88\/100|[from]move: U-turn\n|-damage|p1a: Celesteela|76\/100|[from] Stealth Rock\n|\n|upkeep\n|turn|21\n|\n|t:|1653358042\n|switch|p2a: Rhyperior|Rhyperior, F|84\/100\n|-damage|p2a: Rhyperior|78\/100|[from] Stealth Rock\n|move|p1a: Celesteela|Air Slash|p2a: Rhyperior\n|-resisted|p2a: Rhyperior\n|-damage|p2a: Rhyperior|62\/100\n|\n|-heal|p2a: Rhyperior|68\/100|[from] item: Leftovers\n|upkeep\n|turn|22\n|\n|t:|1653358048\n|switch|p1a: Kartana|Kartana, shiny|88\/100\n|-damage|p1a: Kartana|82\/100|[from] Stealth Rock\n|move|p2a: Rhyperior|Stone Edge|p1a: Kartana\n|-resisted|p1a: Kartana\n|-damage|p1a: Kartana|55\/100\n|\n|-heal|p2a: Rhyperior|75\/100|[from] item: Leftovers\n|upkeep\n|turn|23\n|\n|t:|1653358056\n|move|p1a: Kartana|Knock Off|p2a: Rhyperior\n|-damage|p2a: Rhyperior|46\/100\n|-enditem|p2a: Rhyperior|Leftovers|[from] move: Knock Off|[of] p1a: Kartana\n|move|p2a: Rhyperior|Earthquake|p1a: Kartana\n|-damage|p1a: Kartana|0 fnt\n|faint|p1a: Kartana\n|\n|upkeep\n|\n|t:|1653358060\n|switch|p1a: Blaziken|Blaziken, M, shiny|100\/100\n|-damage|p1a: Blaziken|88\/100|[from] Stealth Rock\n|-item|p1a: Blaziken|Air Balloon\n|turn|24\n|\n|t:|1653358065\n|move|p1a: Blaziken|Swords Dance|p1a: Blaziken\n|-boost|p1a: Blaziken|atk|2\n|move|p2a: Rhyperior|Stone Edge|p1a: Blaziken\n|-crit|p1a: Blaziken\n|-damage|p1a: Blaziken|0 fnt\n|-enditem|p1a: Blaziken|Air Balloon\n|faint|p1a: Blaziken\n|\n|upkeep\n|\n|t:|1653358073\n|switch|p1a: Urshifu|Urshifu-Rapid-Strike, M|76\/100\n|-damage|p1a: Urshifu|70\/100|[from] Stealth Rock\n|turn|25\n|\n|t:|1653358090\n|switch|p2a: Slowbro|Slowbro, M|66\/100\n|-damage|p2a: Slowbro|54\/100|[from] Stealth Rock\n|move|p1a: Urshifu|Surging Strikes|p2a: Slowbro\n|-resisted|p2a: Slowbro\n|-crit|p2a: Slowbro\n|-damage|p2a: Slowbro|48\/100\n|-resisted|p2a: Slowbro\n|-crit|p2a: Slowbro\n|-damage|p2a: Slowbro|42\/100\n|-resisted|p2a: Slowbro\n|-crit|p2a: Slowbro\n|-damage|p2a: Slowbro|36\/100\n|-hitcount|p2a: Slowbro|3\n|\n|upkeep\n|turn|26\n|\n|t:|1653358106\n|switch|p2a: Ferrothorn|Ferrothorn, M|20\/100\n|-damage|p2a: Ferrothorn|14\/100|[from] Stealth Rock\n|move|p1a: Urshifu|Surging Strikes|p2a: Ferrothorn\n|-resisted|p2a: Ferrothorn\n|-crit|p2a: Ferrothorn\n|-damage|p2a: Ferrothorn|6\/100\n|-damage|p1a: Urshifu|57\/100|[from] ability: Iron Barbs|[of] p2a: Ferrothorn\n|-resisted|p2a: Ferrothorn\n|-crit|p2a: Ferrothorn\n|-damage|p2a: Ferrothorn|0 fnt\n|-damage|p1a: Urshifu|45\/100|[from] ability: Iron Barbs|[of] p2a: Ferrothorn\n|faint|p2a: Ferrothorn\n|-hitcount|p2: Ferrothorn|2\n|\n|upkeep\n|\n|t:|1653358122\n|switch|p2a: Slowbro|Slowbro, M|69\/100\n|-damage|p2a: Slowbro|57\/100|[from] Stealth Rock\n|turn|27\n|inactive|Battle timer is ON: inactive players will automatically lose when time's up. (requested by xSkelly34)\n|l|\u2606xSkelly34\n|inactive|xSkelly34 disconnected and has a minute to reconnect!\n|player|p1|\n|j|\u2606xSkelly34\n|inactive|xSkelly34 reconnected and has 135 seconds left.\n|player|p1|xSkelly34|bugsy\n|\n|t:|1653358165\n|move|p1a: Urshifu|Surging Strikes|p2a: Slowbro\n|-resisted|p2a: Slowbro\n|-crit|p2a: Slowbro\n|-damage|p2a: Slowbro|50\/100\n|-resisted|p2a: Slowbro\n|-crit|p2a: Slowbro\n|-damage|p2a: Slowbro|44\/100\n|-resisted|p2a: Slowbro\n|-crit|p2a: Slowbro\n|-damage|p2a: Slowbro|38\/100\n|-hitcount|p2a: Slowbro|3\n|move|p2a: Slowbro|Teleport|p2a: Slowbro\n|\n|t:|1653358169\n|switch|p2a: Aegislash|Aegislash, F|100\/100|[from]move: Teleport\n|-damage|p2a: Aegislash|94\/100|[from] Stealth Rock\n|\n|upkeep\n|turn|28\n|\n|t:|1653358173\n|switch|p2a: Slowbro|Slowbro, M|72\/100\n|-damage|p2a: Slowbro|59\/100|[from] Stealth Rock\n|move|p1a: Urshifu|Surging Strikes|p2a: Slowbro\n|-resisted|p2a: Slowbro\n|-crit|p2a: Slowbro\n|-damage|p2a: Slowbro|53\/100\n|-resisted|p2a: Slowbro\n|-crit|p2a: Slowbro\n|-damage|p2a: Slowbro|47\/100\n|-resisted|p2a: Slowbro\n|-crit|p2a: Slowbro\n|-damage|p2a: Slowbro|41\/100\n|-hitcount|p2a: Slowbro|3\n|\n|upkeep\n|turn|29\n|\n|t:|1653358177\n|move|p1a: Urshifu|Surging Strikes|p2a: Slowbro\n|-resisted|p2a: Slowbro\n|-crit|p2a: Slowbro\n|-damage|p2a: Slowbro|35\/100\n|-resisted|p2a: Slowbro\n|-crit|p2a: Slowbro\n|-damage|p2a: Slowbro|28\/100\n|-resisted|p2a: Slowbro\n|-crit|p2a: Slowbro\n|-damage|p2a: Slowbro|23\/100\n|-hitcount|p2a: Slowbro|3\n|move|p2a: Slowbro|Slack Off|p2a: Slowbro\n|-heal|p2a: Slowbro|73\/100\n|\n|upkeep\n|turn|30\n|\n|t:|1653358182\n|move|p1a: Urshifu|Surging Strikes|p2a: Slowbro\n|-resisted|p2a: Slowbro\n|-crit|p2a: Slowbro\n|-damage|p2a: Slowbro|67\/100\n|-resisted|p2a: Slowbro\n|-crit|p2a: Slowbro\n|-damage|p2a: Slowbro|61\/100\n|-resisted|p2a: Slowbro\n|-crit|p2a: Slowbro\n|-damage|p2a: Slowbro|55\/100\n|-hitcount|p2a: Slowbro|3\n|move|p2a: Slowbro|Slack Off|p2a: Slowbro\n|-heal|p2a: Slowbro|100\/100\n|\n|upkeep\n|turn|31\n|\n|t:|1653358186\n|move|p1a: Urshifu|Surging Strikes|p2a: Slowbro\n|-resisted|p2a: Slowbro\n|-crit|p2a: Slowbro\n|-damage|p2a: Slowbro|94\/100\n|-resisted|p2a: Slowbro\n|-crit|p2a: Slowbro\n|-damage|p2a: Slowbro|88\/100\n|-resisted|p2a: Slowbro\n|-crit|p2a: Slowbro\n|-damage|p2a: Slowbro|81\/100\n|-hitcount|p2a: Slowbro|3\n|move|p2a: Slowbro|Scald|p1a: Urshifu\n|-resisted|p1a: Urshifu\n|-damage|p1a: Urshifu|26\/100\n|\n|upkeep\n|turn|32\n|\n|t:|1653358193\n|move|p1a: Urshifu|Surging Strikes|p2a: Slowbro\n|-resisted|p2a: Slowbro\n|-crit|p2a: Slowbro\n|-damage|p2a: Slowbro|75\/100\n|-resisted|p2a: Slowbro\n|-crit|p2a: Slowbro\n|-damage|p2a: Slowbro|69\/100\n|-resisted|p2a: Slowbro\n|-crit|p2a: Slowbro\n|-damage|p2a: Slowbro|63\/100\n|-hitcount|p2a: Slowbro|3\n|move|p2a: Slowbro|Teleport|p2a: Slowbro\n|\n|t:|1653358200\n|switch|p2a: Corviknight|Corviknight, F|100\/100|[from]move: Teleport\n|-damage|p2a: Corviknight|88\/100|[from] Stealth Rock\n|\n|-heal|p2a: Corviknight|94\/100|[from] item: Leftovers\n|upkeep\n|turn|33\n|\n|t:|1653358203\n|-activate|p1a: Urshifu|move: Struggle\n|move|p1a: Urshifu|Struggle|p2a: Corviknight\n|-damage|p2a: Corviknight|79\/100\n|-damage|p1a: Urshifu|1\/100|[from] recoil\n|move|p2a: Corviknight|Agility|p2a: Corviknight\n|-boost|p2a: Corviknight|spe|2\n|\n|-heal|p2a: Corviknight|85\/100|[from] item: Leftovers\n|upkeep\n|turn|34\n|\n|t:|1653358206\n|-activate|p1a: Urshifu|move: Struggle\n|move|p1a: Urshifu|Struggle|p2a: Corviknight\n|-damage|p2a: Corviknight|70\/100\n|-damage|p1a: Urshifu|0 fnt|[from] recoil\n|faint|p1a: Urshifu\n|move|p2a: Corviknight|Bulk Up|p2a: Corviknight\n|-boost|p2a: Corviknight|atk|1\n|-boost|p2a: Corviknight|def|1\n|\n|-heal|p2a: Corviknight|76\/100|[from] item: Leftovers\n|upkeep\n|\n|t:|1653358208\n|switch|p1a: Celesteela|Celesteela, shiny|76\/100\n|-damage|p1a: Celesteela|64\/100|[from] Stealth Rock\n|turn|35\n|\n|t:|1653358213\n|move|p2a: Corviknight|Power Trip|p1a: Celesteela\n|-damage|p1a: Celesteela|26\/100\n|move|p1a: Celesteela|Autotomize|p1a: Celesteela\n|-boost|p1a: Celesteela|spe|2\n|-start|p1a: Celesteela|Autotomize\n|\n|-heal|p2a: Corviknight|82\/100|[from] item: Leftovers\n|upkeep\n|turn|36\n|\n|t:|1653358222\n|move|p1a: Celesteela|Meteor Beam||[still]\n|-prepare|p1a: Celesteela|Meteor Beam\n|-boost|p1a: Celesteela|spa|1\n|-enditem|p1a: Celesteela|Power Herb\n|-anim|p1a: Celesteela|Meteor Beam|p2a: Corviknight\n|-crit|p2a: Corviknight\n|-damage|p2a: Corviknight|8\/100\n|move|p2a: Corviknight|Power Trip|p1a: Celesteela\n|-damage|p1a: Celesteela|0 fnt\n|faint|p1a: Celesteela\n|\n|win|playboi spectrier\n|raw|xSkelly34's rating: 1587 &rarr; <strong>1566<\/strong><br \/>(-21 for losing)\n|raw|playboi spectrier's rating: 1573 &rarr; <strong>1594<\/strong><br \/>(+21 for winning)\n|c|\u2606playboi spectrier|gg\n|l|\u2606xSkelly34\n||Ladder isn't responding, score probably updated but might not have (Request timeout).\n","uploadtime":1653358247,"views":22,"p1id":"xskelly34","p2id":"playboispectrier","formatid":"gen8ou","rating":1566,"private":0,"password":null}