{"id":"gen8ou-1683837382","p1":"darkkevo","p2":"playeraccount","format":"gen8ou","log":"|j|\u2606darkkevo\n|j|\u2606playeraccount\n|t:|1665576198\n|gametype|singles\n|player|p1|darkkevo|266|1489\n|player|p2|playeraccount|101|1414\n|teamsize|p1|6\n|teamsize|p2|6\n|gen|8\n|tier|[Gen 8] OU\n|rated|\n|rule|Sleep Clause Mod: Limit one foe put to sleep\n|rule|Species Clause: Limit one of each Pok\u00e9mon\n|rule|OHKO Clause: OHKO moves are banned\n|rule|Evasion Items Clause: Evasion items are banned\n|rule|Evasion Moves Clause: Evasion moves are banned\n|rule|Endless Battle Clause: Forcing endless battles is banned\n|rule|HP Percentage Mod: HP is shown in percentages\n|rule|Dynamax Clause: You cannot dynamax\n|clearpoke\n|poke|p1|Tornadus-Therian, M|\n|poke|p1|Bisharp, M|\n|poke|p1|Rillaboom, F|\n|poke|p1|Victini|\n|poke|p1|Swampert, F|\n|poke|p1|Kartana|\n|poke|p2|Kartana|\n|poke|p2|Nidoqueen, F|\n|poke|p2|Slowbro, M|\n|poke|p2|Druddigon, F|\n|poke|p2|Zapdos|\n|poke|p2|Tapu Fini|\n|teampreview\n|inactive|Battle timer is ON: inactive players will automatically lose when time's up. (requested by playeraccount)\n|\n|t:|1665576214\n|start\n|switch|p1a: Tornadus|Tornadus-Therian, M|100\/100\n|switch|p2a: Druddigon|Druddigon, F|100\/100\n|turn|1\n|\n|t:|1665576221\n|move|p1a: Tornadus|Icy Wind|p2a: Druddigon\n|-supereffective|p2a: Druddigon\n|-damage|p2a: Druddigon|80\/100\n|-unboost|p2a: Druddigon|spe|1\n|move|p2a: Druddigon|Glare|p1a: Tornadus\n|-status|p1a: Tornadus|par\n|\n|upkeep\n|turn|2\n|\n|t:|1665576229\n|move|p1a: Tornadus|Icy Wind|p2a: Druddigon\n|-supereffective|p2a: Druddigon\n|-damage|p2a: Druddigon|61\/100\n|-unboost|p2a: Druddigon|spe|1\n|move|p2a: Druddigon|Stealth Rock|p1a: Tornadus\n|-sidestart|p1: darkkevo|move: Stealth Rock\n|\n|upkeep\n|turn|3\n|\n|t:|1665576233\n|switch|p2a: Slowbro|Slowbro, M|100\/100\n|move|p1a: Tornadus|Defog|p2a: Slowbro\n|-unboost|p2a: Slowbro|evasion|1\n|-sideend|p1: darkkevo|Stealth Rock|[from] move: Defog|[of] p1a: Tornadus\n|\n|upkeep\n|turn|4\n|\n|t:|1665576239\n|move|p1a: Tornadus|U-turn|p2a: Slowbro\n|-supereffective|p2a: Slowbro\n|-damage|p2a: Slowbro|82\/100\n|-damage|p1a: Tornadus|84\/100 par|[from] item: Rocky Helmet|[of] p2a: Slowbro\n|\n|t:|1665576248\n|switch|p1a: Rillaboom|Rillaboom, F|100\/100|[from]move: U-turn\n|-fieldstart|move: Grassy Terrain|[from] ability: Grassy Surge|[of] p1a: Rillaboom\n|move|p2a: Slowbro|Future Sight|p1a: Rillaboom\n|-start|p2a: Slowbro|move: Future Sight\n|\n|-heal|p2a: Slowbro|88\/100|[from] Grassy Terrain\n|upkeep\n|turn|5\n|\n|t:|1665576252\n|switch|p2a: Zapdos|Zapdos|100\/100\n|move|p1a: Rillaboom|U-turn|p2a: Zapdos\n|-resisted|p2a: Zapdos\n|-damage|p2a: Zapdos|84\/100\n|\n|t:|1665576258\n|switch|p1a: Victini|Victini|100\/100|[from]move: U-turn\n|\n|upkeep\n|turn|6\n|\n|t:|1665576264\n|switch|p2a: Druddigon|Druddigon, F|61\/100\n|move|p1a: Victini|U-turn|p2a: Druddigon\n|-damage|p2a: Druddigon|41\/100\n|-damage|p1a: Victini|88\/100|[from] ability: Rough Skin|[of] p2a: Druddigon\n|\n|t:|1665576268\n|switch|p1a: Bisharp|Bisharp, M|100\/100|[from]move: U-turn\n|\n|-end|p1a: Bisharp|move: Future Sight\n|-immune|p1a: Bisharp\n|-heal|p2a: Druddigon|47\/100|[from] Grassy Terrain\n|upkeep\n|turn|7\n|\n|t:|1665576278\n|move|p1a: Bisharp|Knock Off|p2a: Druddigon\n|-crit|p2a: Druddigon\n|-damage|p2a: Druddigon|0 fnt\n|-damage|p1a: Bisharp|88\/100|[from] ability: Rough Skin|[of] p2a: Druddigon\n|-enditem|p2a: Druddigon|Focus Sash|[from] move: Knock Off|[of] p1a: Bisharp\n|faint|p2a: Druddigon\n|\n|-heal|p1a: Bisharp|94\/100|[from] Grassy Terrain\n|upkeep\n|\n|t:|1665576282\n|switch|p2a: Nidoqueen|Nidoqueen, F, shiny|100\/100\n|turn|8\n|\n|t:|1665576298\n|switch|p1a: Swampert|Swampert, F|100\/100\n|move|p2a: Nidoqueen|Flamethrower|p1a: Swampert\n|-resisted|p1a: Swampert\n|-damage|p1a: Swampert|88\/100\n|\n|-heal|p1a: Swampert|94\/100|[from] Grassy Terrain\n|-heal|p1a: Swampert|99\/100|[from] item: Leftovers\n|-fieldend|move: Grassy Terrain\n|upkeep\n|turn|9\n|\n|t:|1665576303\n|switch|p2a: Slowbro|Slowbro, M|100\/100\n|move|p1a: Swampert|Stealth Rock|p2a: Slowbro\n|-sidestart|p2: playeraccount|move: Stealth Rock\n|\n|-heal|p1a: Swampert|100\/100|[from] item: Leftovers\n|upkeep\n|turn|10\n|\n|t:|1665576306\n|move|p1a: Swampert|Yawn|p2a: Slowbro\n|-start|p2a: Slowbro|move: Yawn|[of] p1a: Swampert\n|move|p2a: Slowbro|Teleport|p2a: Slowbro\n|\n|t:|1665576311\n|switch|p2a: Kartana|Kartana|100\/100|[from]move: Teleport\n|-damage|p2a: Kartana|94\/100|[from] Stealth Rock\n|\n|upkeep\n|turn|11\n|\n|t:|1665576319\n|switch|p1a: Tornadus|Tornadus-Therian, M|100\/100 par\n|move|p2a: Kartana|Smart Strike|p1a: Tornadus\n|-damage|p1a: Tornadus|25\/100 par\n|\n|upkeep\n|turn|12\n|\n|t:|1665576332\n|switch|p1a: Swampert|Swampert, F|100\/100\n|move|p2a: Kartana|Smart Strike|p1a: Swampert\n|-resisted|p1a: Swampert\n|-damage|p1a: Swampert|67\/100\n|\n|-heal|p1a: Swampert|73\/100|[from] item: Leftovers\n|upkeep\n|turn|13\n|\n|t:|1665576337\n|switch|p2a: Slowbro|Slowbro, M|100\/100\n|-damage|p2a: Slowbro|88\/100|[from] Stealth Rock\n|move|p1a: Swampert|Flip Turn|p2a: Slowbro\n|-resisted|p2a: Slowbro\n|-damage|p2a: Slowbro|81\/100\n|-damage|p1a: Swampert|57\/100|[from] item: Rocky Helmet|[of] p2a: Slowbro\n|\n|t:|1665576339\n|switch|p1a: Bisharp|Bisharp, M|94\/100|[from]move: Flip Turn\n|\n|upkeep\n|turn|14\n|\n|t:|1665576348\n|move|p1a: Bisharp|Knock Off|p2a: Slowbro\n|-supereffective|p2a: Slowbro\n|-damage|p2a: Slowbro|0 fnt\n|-damage|p1a: Bisharp|78\/100|[from] item: Rocky Helmet|[of] p2a: Slowbro\n|-enditem|p2a: Slowbro|Rocky Helmet|[from] move: Knock Off|[of] p1a: Bisharp\n|faint|p2a: Slowbro\n|\n|upkeep\n|\n|t:|1665576351\n|switch|p2a: Zapdos|Zapdos|84\/100\n|turn|15\n|\n|t:|1665576360\n|move|p2a: Zapdos|Volt Switch|p1a: Bisharp\n|-crit|p1a: Bisharp\n|-damage|p1a: Bisharp|0 fnt\n|faint|p1a: Bisharp\n|\n|t:|1665576365\n|switch|p2a: Nidoqueen|Nidoqueen, F, shiny|100\/100|[from]move: Volt Switch\n|-damage|p2a: Nidoqueen|94\/100|[from] Stealth Rock\n|\n|upkeep\n|inactive|darkkevo has 120 seconds left.\n|\n|t:|1665576408\n|switch|p1a: Swampert|Swampert, F|57\/100\n|turn|16\n|\n|t:|1665576414\n|switch|p2a: Tapu Fini|Tapu Fini|100\/100\n|-damage|p2a: Tapu Fini|88\/100|[from] Stealth Rock\n|-fieldstart|move: Misty Terrain|[from] ability: Misty Surge|[of] p2a: Tapu Fini\n|move|p1a: Swampert|Yawn|p2a: Tapu Fini\n|-start|p2a: Tapu Fini|move: Yawn|[of] p1a: Swampert\n|\n|-heal|p1a: Swampert|63\/100|[from] item: Leftovers\n|upkeep\n|turn|17\n|\n|t:|1665576420\n|switch|p2a: Zapdos|Zapdos|84\/100\n|switch|p1a: Rillaboom|Rillaboom, F|100\/100\n|-fieldstart|move: Grassy Terrain|[from] ability: Grassy Surge|[of] p1a: Rillaboom\n|\n|upkeep\n|turn|18\n|\n|t:|1665576423\n|move|p1a: Rillaboom|U-turn|p2a: Zapdos\n|-resisted|p2a: Zapdos\n|-damage|p2a: Zapdos|69\/100\n|-status|p1a: Rillaboom|par|[from] ability: Static|[of] p2a: Zapdos\n|\n|t:|1665576429\n|switch|p1a: Swampert|Swampert, F|63\/100|[from]move: U-turn\n|move|p2a: Zapdos|Heat Wave|p1a: Swampert\n|-resisted|p1a: Swampert\n|-damage|p1a: Swampert|53\/100\n|\n|-heal|p1a: Swampert|59\/100|[from] Grassy Terrain\n|-heal|p1a: Swampert|66\/100|[from] item: Leftovers\n|upkeep\n|turn|19\n|\n|t:|1665576434\n|move|p2a: Zapdos|Defog|p1a: Swampert\n|-unboost|p1a: Swampert|evasion|1\n|-sideend|p2: playeraccount|Stealth Rock|[from] move: Defog|[of] p2a: Zapdos\n|-fieldend|move: Grassy Terrain\n|move|p1a: Swampert|High Horsepower|p2a: Zapdos\n|-immune|p2a: Zapdos\n|\n|-heal|p1a: Swampert|72\/100|[from] item: Leftovers\n|upkeep\n|turn|20\n|\n|t:|1665576439\n|move|p2a: Zapdos|Heat Wave|p1a: Swampert\n|-resisted|p1a: Swampert\n|-damage|p1a: Swampert|61\/100\n|move|p1a: Swampert|Stealth Rock|p2a: Zapdos\n|-sidestart|p2: playeraccount|move: Stealth Rock\n|\n|-heal|p1a: Swampert|67\/100|[from] item: Leftovers\n|upkeep\n|turn|21\n|\n|t:|1665576443\n|move|p2a: Zapdos|Heat Wave|p1a: Swampert\n|-resisted|p1a: Swampert\n|-damage|p1a: Swampert|58\/100\n|move|p1a: Swampert|Yawn|p2a: Zapdos\n|-start|p2a: Zapdos|move: Yawn|[of] p1a: Swampert\n|\n|-heal|p1a: Swampert|64\/100|[from] item: Leftovers\n|upkeep\n|turn|22\n|\n|t:|1665576448\n|switch|p2a: Tapu Fini|Tapu Fini|88\/100\n|-damage|p2a: Tapu Fini|76\/100|[from] Stealth Rock\n|-fieldstart|move: Misty Terrain|[from] ability: Misty Surge|[of] p2a: Tapu Fini\n|move|p1a: Swampert|High Horsepower|p2a: Tapu Fini\n|-damage|p2a: Tapu Fini|36\/100\n|\n|-heal|p1a: Swampert|70\/100|[from] item: Leftovers\n|upkeep\n|turn|23\n|\n|t:|1665576457\n|move|p2a: Tapu Fini|Hydro Pump|p1a: Swampert\n|-damage|p1a: Swampert|38\/100\n|move|p1a: Swampert|Yawn|p2a: Tapu Fini\n|-start|p2a: Tapu Fini|move: Yawn|[of] p1a: Swampert\n|\n|-heal|p1a: Swampert|44\/100|[from] item: Leftovers\n|upkeep\n|turn|24\n|\n|t:|1665576461\n|move|p2a: Tapu Fini|Hydro Pump|p1a: Swampert\n|-crit|p1a: Swampert\n|-damage|p1a: Swampert|1\/100\n|move|p1a: Swampert|High Horsepower|p2a: Tapu Fini\n|-damage|p2a: Tapu Fini|0 fnt\n|faint|p2a: Tapu Fini\n|\n|-heal|p1a: Swampert|7\/100|[from] item: Leftovers\n|upkeep\n|\n|t:|1665576465\n|switch|p2a: Nidoqueen|Nidoqueen, F, shiny|94\/100\n|-damage|p2a: Nidoqueen|88\/100|[from] Stealth Rock\n|turn|25\n|\n|t:|1665576483\n|move|p2a: Nidoqueen|Sludge Wave|p1a: Swampert\n|-resisted|p1a: Swampert\n|-damage|p1a: Swampert|0 fnt\n|faint|p1a: Swampert\n|\n|upkeep\n|\n|t:|1665576490\n|switch|p1a: Rillaboom|Rillaboom, F|100\/100 par\n|-fieldstart|move: Grassy Terrain|[from] ability: Grassy Surge|[of] p1a: Rillaboom\n|turn|26\n|\n|t:|1665576495\n|switch|p1a: Kartana|Kartana|100\/100\n|move|p2a: Nidoqueen|Sludge Wave|p1a: Kartana\n|-immune|p1a: Kartana\n|\n|-heal|p2a: Nidoqueen|94\/100|[from] Grassy Terrain\n|upkeep\n|turn|27\n|\n|t:|1665576498\n|move|p1a: Kartana|Knock Off|p2a: Nidoqueen\n|-damage|p2a: Nidoqueen|48\/100\n|-enditem|p2a: Nidoqueen|Life Orb|[from] move: Knock Off|[of] p1a: Kartana\n|move|p2a: Nidoqueen|Flamethrower|p1a: Kartana\n|-supereffective|p1a: Kartana\n|-damage|p1a: Kartana|0 fnt\n|faint|p1a: Kartana\n|\n|-heal|p2a: Nidoqueen|54\/100|[from] Grassy Terrain\n|upkeep\n|\n|t:|1665576509\n|switch|p1a: Rillaboom|Rillaboom, F|100\/100 par\n|turn|28\n|\n|t:|1665576515\n|cant|p1a: Rillaboom|par\n|move|p2a: Nidoqueen|Sludge Wave|p1a: Rillaboom\n|-supereffective|p1a: Rillaboom\n|-damage|p1a: Rillaboom|0 fnt\n|faint|p1a: Rillaboom\n|\n|-heal|p2a: Nidoqueen|60\/100|[from] Grassy Terrain\n|upkeep\n|\n|t:|1665576520\n|switch|p1a: Victini|Victini|88\/100\n|turn|29\n|\n|t:|1665576524\n|move|p1a: Victini|V-create|p2a: Nidoqueen\n|-damage|p2a: Nidoqueen|0 fnt\n|-unboost|p1a: Victini|spe|1\n|-unboost|p1a: Victini|def|1\n|-unboost|p1a: Victini|spd|1\n|faint|p2a: Nidoqueen\n|\n|-heal|p1a: Victini|94\/100|[from] Grassy Terrain\n|upkeep\n|\n|t:|1665576527\n|switch|p2a: Kartana|Kartana|94\/100\n|-damage|p2a: Kartana|88\/100|[from] Stealth Rock\n|turn|30\n|\n|t:|1665576532\n|switch|p1a: Tornadus|Tornadus-Therian, M|59\/100 par\n|move|p2a: Kartana|Knock Off|p1a: Tornadus\n|-damage|p1a: Tornadus|0 fnt\n|-enditem|p1a: Tornadus|Heavy-Duty Boots|[from] move: Knock Off|[of] p2a: Kartana\n|faint|p1a: Tornadus\n|-ability|p2a: Kartana|Beast Boost|boost\n|-boost|p2a: Kartana|atk|1\n|\n|-heal|p2a: Kartana|94\/100|[from] Grassy Terrain\n|-fieldend|move: Grassy Terrain\n|upkeep\n|\n|t:|1665576533\n|switch|p1a: Victini|Victini|94\/100\n|turn|31\n|\n|t:|1665576536\n|switch|p2a: Zapdos|Zapdos|69\/100\n|move|p1a: Victini|V-create|p2a: Zapdos\n|-damage|p2a: Zapdos|7\/100\n|-unboost|p1a: Victini|spe|1\n|-unboost|p1a: Victini|def|1\n|-unboost|p1a: Victini|spd|1\n|-status|p1a: Victini|par|[from] ability: Static|[of] p2a: Zapdos\n|\n|upkeep\n|turn|32\n|\n|t:|1665576539\n|move|p2a: Zapdos|Roost|p2a: Zapdos\n|-heal|p2a: Zapdos|57\/100\n|-singleturn|p2a: Zapdos|move: Roost\n|move|p1a: Victini|V-create|p2a: Zapdos\n|-damage|p2a: Zapdos|0 fnt\n|-unboost|p1a: Victini|spe|1\n|-unboost|p1a: Victini|def|1\n|-unboost|p1a: Victini|spd|1\n|faint|p2a: Zapdos\n|\n|upkeep\n|\n|t:|1665576542\n|switch|p2a: Kartana|Kartana|94\/100\n|-damage|p2a: Kartana|88\/100|[from] Stealth Rock\n|turn|33\n|\n|t:|1665576544\n|move|p2a: Kartana|Knock Off|p1a: Victini\n|-supereffective|p1a: Victini\n|-crit|p1a: Victini\n|-damage|p1a: Victini|0 fnt\n|-enditem|p1a: Victini|Heavy-Duty Boots|[from] move: Knock Off|[of] p2a: Kartana\n|faint|p1a: Victini\n|\n|win|playeraccount\n|raw|darkkevo's rating: 1489 &rarr; <strong>1465<\/strong><br \/>(-24 for losing)\n|raw|playeraccount's rating: 1414 &rarr; <strong>1438<\/strong><br \/>(+24 for winning)\n","uploadtime":1665576552,"views":9,"p1id":"darkkevo","p2id":"playeraccount","formatid":"gen8ou","rating":1438,"private":0,"password":null}