{"id":"gen8ou-1643818106","p1":"ripreckful","p2":"LT93OQ tj","format":"gen8ou","log":"|raw|<div class=\"broadcast-blue\"><strong>This battle is required to be public due to a player having a name starting with 'lt93oq'.<\/div>\n|j|\u2606ripreckful\n|j|\u2606LT93OQ tj\n|t:|1660980092\n|gametype|singles\n|player|p1|ripreckful|hilbert|1943\n|player|p2|LT93OQ tj|skyla-masters2|2000\n|teamsize|p1|6\n|teamsize|p2|6\n|gen|8\n|tier|[Gen 8] OU\n|rated|\n|rule|Sleep Clause Mod: Limit one foe put to sleep\n|rule|Species Clause: Limit one of each Pok\u00e9mon\n|rule|OHKO Clause: OHKO moves are banned\n|rule|Evasion Items Clause: Evasion items are banned\n|rule|Evasion Moves Clause: Evasion moves are banned\n|rule|Endless Battle Clause: Forcing endless battles is banned\n|rule|HP Percentage Mod: HP is shown in percentages\n|rule|Dynamax Clause: You cannot dynamax\n|clearpoke\n|poke|p1|Landorus-Therian, M|\n|poke|p1|Melmetal|\n|poke|p1|Zapdos|\n|poke|p1|Urshifu-*, F|\n|poke|p1|Tapu Lele|\n|poke|p1|Dragapult, F|\n|poke|p2|Garchomp, M|\n|poke|p2|Blaziken, F|\n|poke|p2|Mew|\n|poke|p2|Dragapult, F|\n|poke|p2|Scizor, F|\n|poke|p2|Weavile, M|\n|teampreview\n|inactive|Battle timer is ON: inactive players will automatically lose when time's up. (requested by LT93OQ tj)\n|inactive|ripreckful also wants the timer to be on.\n|\n|t:|1660980100\n|start\n|switch|p1a: Dragapult|Dragapult, F|100\/100\n|switch|p2a: Mew|Mew|100\/100\n|turn|1\n|\n|t:|1660980107\n|switch|p2a: Weavile|Weavile, M|100\/100\n|-ability|p2a: Weavile|Pressure\n|move|p1a: Dragapult|Shadow Ball|p2a: Weavile\n|-resisted|p2a: Weavile\n|-damage|p2a: Weavile|59\/100\n|\n|upkeep\n|turn|2\n|\n|t:|1660980110\n|switch|p1a: Urshifu|Urshifu-Rapid-Strike, F|100\/100\n|move|p2a: Weavile|Knock Off|p1a: Urshifu\n|-resisted|p1a: Urshifu\n|-damage|p1a: Urshifu|70\/100\n|-enditem|p1a: Urshifu|Choice Band|[from] move: Knock Off|[of] p2a: Weavile\n|-damage|p2a: Weavile|49\/100|[from] item: Life Orb\n|\n|upkeep\n|turn|3\n|\n|t:|1660980123\n|switch|p2a: Dragapult|Dragapult, F|100\/100\n|move|p1a: Urshifu|U-turn|p2a: Dragapult\n|-resisted|p2a: Dragapult\n|-damage|p2a: Dragapult|85\/100\n|j| LT93OQ acii\n|\n|t:|1660980125\n|switch|p1a: Tapu Lele|Tapu Lele|100\/100|[from]move: U-turn\n|-fieldstart|move: Psychic Terrain|[from] ability: Psychic Surge|[of] p1a: Tapu Lele\n|\n|upkeep\n|turn|4\n|j| tansincos\n|\n|t:|1660980129\n|switch|p2a: Scizor|Scizor, F|100\/100\n|move|p1a: Tapu Lele|Future Sight|p2a: Scizor\n|-start|p1a: Tapu Lele|move: Future Sight\n|\n|upkeep\n|turn|5\n|j| Cyberacc\n|\n|t:|1660980136\n|switch|p1a: Zapdos|Zapdos|100\/100\n|switch|p2a: Mew|Mew|100\/100\n|\n|upkeep\n|turn|6\n|j| rahole\n|\n|t:|1660980139\n|move|p2a: Mew|Triple Axel|p1a: Zapdos\n|-supereffective|p1a: Zapdos\n|-damage|p1a: Zapdos|89\/100\n|-supereffective|p1a: Zapdos\n|-damage|p1a: Zapdos|65\/100\n|-supereffective|p1a: Zapdos\n|-damage|p1a: Zapdos|31\/100\n|-status|p2a: Mew|par|[from] ability: Static|[of] p1a: Zapdos\n|-activate|p2a: Mew|ability: Synchronize\n|-immune|p1a: Zapdos\n|-hitcount|p1a: Zapdos|3\n|-damage|p2a: Mew|91\/100 par|[from] item: Life Orb\n|move|p1a: Zapdos|Hurricane|p2a: Mew\n|-damage|p2a: Mew|46\/100 par\n|\n|-end|p2a: Mew|move: Future Sight\n|-resisted|p2a: Mew\n|-damage|p2a: Mew|10\/100 par\n|upkeep\n|turn|7\n|j| MANNAT\n|j| LT93OQ Spr\n|\n|t:|1660980148\n|move|p1a: Zapdos|Volt Switch|p2a: Mew\n|-damage|p2a: Mew|0 fnt\n|faint|p2a: Mew\n|j| Chaitanya\n|j| lt93oq im garbage\n|j| Quagshi\n|l| lt93oq im garbage\n|\n|t:|1660980161\n|switch|p1a: Tapu Lele|Tapu Lele|100\/100|[from]move: Volt Switch\n|\n|-fieldend|move: Psychic Terrain\n|upkeep\n|j| LT93OQ Harshal\n|j| LT93OQ T\n|\n|t:|1660980177\n|switch|p2a: Scizor|Scizor, F|100\/100\n|turn|8\n|\n|t:|1660980180\n|switch|p1a: Urshifu|Urshifu-Rapid-Strike, F|70\/100\n|switch|p2a: Garchomp|Garchomp, M|100\/100\n|\n|upkeep\n|turn|9\n|\n|t:|1660980186\n|switch|p1a: Dragapult|Dragapult, F|100\/100\n|move|p2a: Garchomp|Stealth Rock|p1a: Dragapult\n|-sidestart|p1: ripreckful|move: Stealth Rock\n|\n|upkeep\n|turn|10\n|\n|t:|1660980194\n|move|p1a: Dragapult|Draco Meteor|p2a: Garchomp|[miss]\n|-miss|p1a: Dragapult|p2a: Garchomp\n|move|p2a: Garchomp|Earthquake|p1a: Dragapult\n|-damage|p1a: Dragapult|0 fnt\n|faint|p1a: Dragapult\n|-damage|p2a: Garchomp|91\/100|[from] item: Life Orb\n|\n|upkeep\n|c|\u2606ripreckful|lol\n|j| LT93OQ aquy\n|\n|t:|1660980197\n|switch|p1a: Tapu Lele|Tapu Lele|100\/100\n|-damage|p1a: Tapu Lele|88\/100|[from] Stealth Rock\n|-fieldstart|move: Psychic Terrain|[from] ability: Psychic Surge|[of] p1a: Tapu Lele\n|turn|11\n|\n|t:|1660980201\n|switch|p2a: Scizor|Scizor, F|100\/100\n|move|p1a: Tapu Lele|Moonblast|p2a: Scizor\n|-resisted|p2a: Scizor\n|-damage|p2a: Scizor|65\/100\n|\n|upkeep\n|turn|12\n|\n|t:|1660980205\n|switch|p1a: Zapdos|Zapdos|31\/100\n|move|p2a: Scizor|Roost|p2a: Scizor\n|-heal|p2a: Scizor|100\/100\n|-singleturn|p2a: Scizor|move: Roost\n|\n|upkeep\n|turn|13\n|j| Hayburner\n|j| lt93oq 3d\n|\n|t:|1660980211\n|switch|p2a: Garchomp|Garchomp, M|91\/100\n|move|p1a: Zapdos|Heat Wave|p2a: Garchomp\n|-resisted|p2a: Garchomp\n|-damage|p2a: Garchomp|75\/100\n|\n|upkeep\n|turn|14\n|\n|t:|1660980215\n|switch|p1a: Landorus|Landorus-Therian, M|100\/100\n|-damage|p1a: Landorus|88\/100|[from] Stealth Rock\n|-ability|p1a: Landorus|Intimidate|boost\n|-unboost|p2a: Garchomp|atk|1\n|move|p2a: Garchomp|Outrage|p1a: Landorus\n|-damage|p1a: Landorus|38\/100\n|-damage|p2a: Garchomp|65\/100|[from] item: Life Orb\n|\n|-heal|p1a: Landorus|44\/100|[from] item: Leftovers\n|upkeep\n|turn|15\n|\n|t:|1660980217\n|move|p2a: Garchomp|Outrage|p1a: Landorus|[from]lockedmove\n|-damage|p1a: Landorus|0 fnt\n|faint|p1a: Landorus\n|-damage|p2a: Garchomp|56\/100|[from] item: Life Orb\n|-start|p2a: Garchomp|confusion|[fatigue]\n|\n|-fieldend|move: Psychic Terrain\n|upkeep\n|\n|t:|1660980220\n|switch|p1a: Tapu Lele|Tapu Lele|88\/100\n|-damage|p1a: Tapu Lele|76\/100|[from] Stealth Rock\n|-fieldstart|move: Psychic Terrain|[from] ability: Psychic Surge|[of] p1a: Tapu Lele\n|turn|16\n|j| YuJiu\n|j| cteaming?\n|\n|t:|1660980242\n|move|p1a: Tapu Lele|Moonblast|p2a: Garchomp\n|-supereffective|p2a: Garchomp\n|-damage|p2a: Garchomp|0 fnt\n|faint|p2a: Garchomp\n|\n|upkeep\n|j| LT93OQLACABALLOTA\n|l| Quagshi\n|\n|t:|1660980247\n|switch|p2a: Blaziken|Blaziken, F|100\/100\n|turn|17\n|\n|t:|1660980251\n|move|p1a: Tapu Lele|Moonblast|p2a: Blaziken\n|-damage|p2a: Blaziken|29\/100\n|move|p2a: Blaziken|Flare Blitz|p1a: Tapu Lele\n|-damage|p1a: Tapu Lele|0 fnt\n|faint|p1a: Tapu Lele\n|-damage|p2a: Blaziken|7\/100|[from] Recoil\n|\n|-heal|p2a: Blaziken|13\/100|[from] item: Leftovers\n|-ability|p2a: Blaziken|Speed Boost|boost\n|-boost|p2a: Blaziken|spe|1\n|upkeep\n|j| stantlerdude63\n|\n|t:|1660980257\n|switch|p1a: Zapdos|Zapdos|31\/100\n|turn|18\n|\n|t:|1660980260\n|move|p2a: Blaziken|Flare Blitz|p1a: Zapdos\n|-damage|p1a: Zapdos|0 fnt\n|faint|p1a: Zapdos\n|-damage|p2a: Blaziken|1\/100|[from] Recoil\n|\n|-heal|p2a: Blaziken|7\/100|[from] item: Leftovers\n|-ability|p2a: Blaziken|Speed Boost|boost\n|-boost|p2a: Blaziken|spe|1\n|upkeep\n|l| Cyberacc\n|j| Cyberacc\n|j| LT93OQ JD\n|c|\u2606ripreckful|well played\n|l| Cyberacc\n|c|\u2606ripreckful|good game\n|l| cteaming?\n|-message|ripreckful forfeited.\n|\n|win|LT93OQ tj\n|raw|ripreckful's rating: 1943 &rarr; <strong>1926<\/strong><br \/>(-17 for losing)\n|raw|LT93OQ tj's rating: 2000 &rarr; <strong>2017<\/strong><br \/>(+17 for winning)\n|l|\u2606ripreckful\n|l|\u2606LT93OQ tj\n","uploadtime":1660980279,"views":144,"p1id":"ripreckful","p2id":"lt93oqtj","formatid":"gen8ou","rating":1926,"private":0,"password":null}