{"id":"gen8ou-1641465217","p1":"LT93OQCR","p2":"tolstoy","format":"gen8ou","log":"|raw|<div class=\"broadcast-blue\"><strong>This battle is required to be public due to a player having a name starting with 'lt93oq'.<\/div>\n|j|\u2606LT93OQCR\n|j|\u2606tolstoy\n|t:|1660707999\n|gametype|singles\n|player|p1|LT93OQCR|1|1863\n|player|p2|tolstoy|101|1831\n|teamsize|p1|6\n|teamsize|p2|6\n|gen|8\n|tier|[Gen 8] OU\n|rated|\n|rule|Sleep Clause Mod: Limit one foe put to sleep\n|rule|Species Clause: Limit one of each Pok\u00e9mon\n|rule|OHKO Clause: OHKO moves are banned\n|rule|Evasion Items Clause: Evasion items are banned\n|rule|Evasion Moves Clause: Evasion moves are banned\n|rule|Endless Battle Clause: Forcing endless battles is banned\n|rule|HP Percentage Mod: HP is shown in percentages\n|rule|Dynamax Clause: You cannot dynamax\n|clearpoke\n|poke|p1|Landorus-Therian, M|\n|poke|p1|Dragapult, F|\n|poke|p1|Zapdos|\n|poke|p1|Crawdaunt, F|\n|poke|p1|Kartana|\n|poke|p1|Tapu Lele|\n|poke|p2|Excadrill, M|\n|poke|p2|Tapu Koko|\n|poke|p2|Corviknight, F|\n|poke|p2|Clefable, M|\n|poke|p2|Heatran, M|\n|poke|p2|Toxapex, M|\n|teampreview\n|inactive|Battle timer is ON: inactive players will automatically lose when time's up. (requested by LT93OQCR)\n|inactive|LT93OQCR has 120 seconds left.\n|inactive|tolstoy has 120 seconds left.\n|j| pop smoke\n|j| mitu0411\n|j| LT_Alt1\n|j| Tace\n|\n|t:|1660708054\n|start\n|switch|p1a: funkin|Crawdaunt, F|100\/100\n|switch|p2a: Corviknight|Corviknight, F|100\/100\n|-ability|p2a: Corviknight|Pressure\n|turn|1\n|\n|t:|1660708063\n|switch|p1a: freezing|Landorus-Therian, M|100\/100\n|-ability|p1a: freezing|Intimidate|boost\n|-unboost|p2a: Corviknight|atk|1\n|switch|p2a: Clefable|Clefable, M|100\/100\n|\n|upkeep\n|turn|2\n|\n|t:|1660708066\n|move|p1a: freezing|Stealth Rock|p2a: Clefable\n|-sidestart|p2: tolstoy|move: Stealth Rock\n|move|p2a: Clefable|Knock Off|p1a: freezing\n|-damage|p1a: freezing|86\/100\n|-enditem|p1a: freezing|Leftovers|[from] move: Knock Off|[of] p2a: Clefable\n|\n|upkeep\n|turn|3\n|\n|t:|1660708071\n|move|p1a: freezing|U-turn|p2a: Clefable\n|-resisted|p2a: Clefable\n|-damage|p2a: Clefable|92\/100\n|-damage|p1a: freezing|70\/100|[from] item: Rocky Helmet|[of] p2a: Clefable\n|\n|t:|1660708081\n|switch|p1a: snowmen|Tapu Lele|100\/100|[from]move: U-turn\n|-fieldstart|move: Psychic Terrain|[from] ability: Psychic Surge|[of] p1a: snowmen\n|move|p2a: Clefable|Knock Off|p1a: snowmen\n|-damage|p1a: snowmen|76\/100\n|-enditem|p1a: snowmen|Choice Scarf|[from] move: Knock Off|[of] p2a: Clefable\n|\n|upkeep\n|turn|4\n|j| l TPH l\n|\n|t:|1660708091\n|switch|p1a: funkin|Crawdaunt, F|100\/100\n|switch|p2a: Corviknight|Corviknight, F|100\/100\n|-damage|p2a: Corviknight|88\/100|[from] Stealth Rock\n|-ability|p2a: Corviknight|Pressure\n|\n|-heal|p2a: Corviknight|94\/100|[from] item: Leftovers\n|upkeep\n|turn|5\n|j| Reigen shishou\n|\n|t:|1660708097\n|switch|p2a: Clefable|Clefable, M|92\/100\n|move|p1a: funkin|Knock Off|p2a: Clefable\n|-resisted|p2a: Clefable\n|-damage|p2a: Clefable|57\/100\n|-damage|p1a: funkin|84\/100|[from] item: Rocky Helmet|[of] p2a: Clefable\n|-enditem|p2a: Clefable|Rocky Helmet|[from] move: Knock Off|[of] p1a: funkin\n|-damage|p1a: funkin|74\/100|[from] item: Life Orb\n|\n|upkeep\n|turn|6\n|\n|t:|1660708103\n|move|p1a: funkin|Knock Off|p2a: Clefable\n|-resisted|p2a: Clefable\n|-damage|p2a: Clefable|36\/100\n|-damage|p1a: funkin|65\/100|[from] item: Life Orb\n|move|p2a: Clefable|Moonblast|p1a: funkin\n|-supereffective|p1a: funkin\n|-damage|p1a: funkin|0 fnt\n|faint|p1a: funkin\n|\n|upkeep\n|\n|t:|1660708110\n|switch|p1a: its friday baby|Kartana|100\/100\n|turn|7\n|\n|t:|1660708114\n|switch|p2a: Heatran|Heatran, M|100\/100\n|-damage|p2a: Heatran|88\/100|[from] Stealth Rock\n|-item|p2a: Heatran|Air Balloon\n|move|p1a: its friday baby|Leaf Blade|p2a: Heatran\n|-resisted|p2a: Heatran\n|-damage|p2a: Heatran|75\/100\n|-status|p1a: its friday baby|brn|[from] ability: Flame Body|[of] p2a: Heatran\n|-enditem|p2a: Heatran|Air Balloon\n|-damage|p1a: its friday baby|91\/100 brn|[from] item: Life Orb\n|\n|-damage|p1a: its friday baby|85\/100 brn|[from] brn\n|-fieldend|move: Psychic Terrain\n|upkeep\n|turn|8\n|j| my favorite part\n|j| LT92PF Chait\n|\n|t:|1660708124\n|switch|p1a: snowmen|Tapu Lele|76\/100\n|-fieldstart|move: Psychic Terrain|[from] ability: Psychic Surge|[of] p1a: snowmen\n|move|p2a: Heatran|Stealth Rock|p1a: snowmen\n|-sidestart|p1: LT93OQCR|move: Stealth Rock\n|\n|upkeep\n|turn|9\n|\n|t:|1660708130\n|switch|p2a: Corviknight|Corviknight, F|94\/100\n|-damage|p2a: Corviknight|82\/100|[from] Stealth Rock\n|-ability|p2a: Corviknight|Pressure\n|move|p1a: snowmen|Focus Blast|p2a: Corviknight\n|-damage|p2a: Corviknight|52\/100\n|\n|-heal|p2a: Corviknight|59\/100|[from] item: Leftovers\n|upkeep\n|turn|10\n|j| LT93OQ Bee\n|\n|t:|1660708137\n|switch|p1a: golden brown|Zapdos|100\/100\n|-damage|p1a: golden brown|76\/100|[from] Stealth Rock\n|-ability|p1a: golden brown|Pressure\n|move|p2a: Corviknight|Roost|p2a: Corviknight\n|-heal|p2a: Corviknight|100\/100\n|-singleturn|p2a: Corviknight|move: Roost\n|\n|-heal|p1a: golden brown|82\/100|[from] item: Leftovers\n|upkeep\n|turn|11\n|j| keldeo\n|l| my favorite part\n|\n|t:|1660708147\n|move|p1a: golden brown|Hurricane|p2a: Corviknight\n|-resisted|p2a: Corviknight\n|-damage|p2a: Corviknight|81\/100\n|move|p2a: Corviknight|U-turn|p1a: golden brown\n|-resisted|p1a: golden brown\n|-damage|p1a: golden brown|74\/100\n|j| atvin\n|j| LT93OQ Fa\n|\n|t:|1660708152\n|switch|p2a: Tapu Koko|Tapu Koko|100\/100|[from]move: U-turn\n|-fieldstart|move: Electric Terrain|[from] ability: Electric Surge|[of] p2a: Tapu Koko\n|\n|-heal|p1a: golden brown|80\/100|[from] item: Leftovers\n|upkeep\n|turn|12\n|\n|t:|1660708163\n|switch|p1a: freezing|Landorus-Therian, M|70\/100\n|-damage|p1a: freezing|58\/100|[from] Stealth Rock\n|-ability|p1a: freezing|Intimidate|boost\n|-unboost|p2a: Tapu Koko|atk|1\n|move|p2a: Tapu Koko|Thunderbolt|p1a: freezing\n|-immune|p1a: freezing\n|\n|upkeep\n|turn|13\n|l| LT93OQ Fa\n|\n|t:|1660708172\n|switch|p2a: Corviknight|Corviknight, F|81\/100\n|-damage|p2a: Corviknight|69\/100|[from] Stealth Rock\n|-ability|p2a: Corviknight|Pressure\n|move|p1a: freezing|U-turn|p2a: Corviknight\n|-resisted|p2a: Corviknight\n|-damage|p2a: Corviknight|65\/100\n|\n|t:|1660708194\n|switch|p1a: golden brown|Zapdos|80\/100|[from]move: U-turn\n|-damage|p1a: golden brown|55\/100|[from] Stealth Rock\n|-ability|p1a: golden brown|Pressure\n|\n|-heal|p1a: golden brown|61\/100|[from] item: Leftovers\n|-heal|p2a: Corviknight|71\/100|[from] item: Leftovers\n|upkeep\n|turn|14\n|j| Luthier\n|\n|t:|1660708201\n|move|p1a: golden brown|Hurricane|p2a: Corviknight|[miss]\n|-miss|p1a: golden brown|p2a: Corviknight\n|move|p2a: Corviknight|Roost|p2a: Corviknight\n|-heal|p2a: Corviknight|100\/100\n|-singleturn|p2a: Corviknight|move: Roost\n|\n|-heal|p1a: golden brown|67\/100|[from] item: Leftovers\n|upkeep\n|turn|15\n|\n|t:|1660708208\n|switch|p2a: Tapu Koko|Tapu Koko|100\/100\n|move|p1a: golden brown|Thunderbolt|p2a: Tapu Koko\n|-resisted|p2a: Tapu Koko\n|-damage|p2a: Tapu Koko|64\/100\n|\n|-heal|p1a: golden brown|74\/100|[from] item: Leftovers\n|-fieldend|move: Electric Terrain\n|upkeep\n|turn|16\n|\n|t:|1660708212\n|move|p2a: Tapu Koko|Calm Mind|p2a: Tapu Koko\n|-boost|p2a: Tapu Koko|spa|1\n|-boost|p2a: Tapu Koko|spd|1\n|move|p1a: golden brown|Hurricane|p2a: Tapu Koko\n|-resisted|p2a: Tapu Koko\n|-damage|p2a: Tapu Koko|38\/100\n|\n|-heal|p1a: golden brown|80\/100|[from] item: Leftovers\n|upkeep\n|turn|17\n|\n|t:|1660708218\n|switch|p1a: freezing|Landorus-Therian, M|58\/100\n|-damage|p1a: freezing|45\/100|[from] Stealth Rock\n|-ability|p1a: freezing|Intimidate|boost\n|-unboost|p2a: Tapu Koko|atk|1\n|move|p2a: Tapu Koko|Roost|p2a: Tapu Koko\n|-heal|p2a: Tapu Koko|88\/100\n|-singleturn|p2a: Tapu Koko|move: Roost\n|\n|upkeep\n|turn|18\n|\n|t:|1660708220\n|switch|p2a: Corviknight|Corviknight, F|100\/100\n|-damage|p2a: Corviknight|88\/100|[from] Stealth Rock\n|-ability|p2a: Corviknight|Pressure\n|move|p1a: freezing|U-turn|p2a: Corviknight\n|-resisted|p2a: Corviknight\n|-crit|p2a: Corviknight\n|-damage|p2a: Corviknight|81\/100\n|j| EL BAMZUKA\n|j| Ctannn\n|l| EL BAMZUKA\n|\n|t:|1660708230\n|switch|p1a: golden brown|Zapdos|80\/100|[from]move: U-turn\n|-damage|p1a: golden brown|55\/100|[from] Stealth Rock\n|-ability|p1a: golden brown|Pressure\n|\n|-heal|p1a: golden brown|61\/100|[from] item: Leftovers\n|-heal|p2a: Corviknight|87\/100|[from] item: Leftovers\n|upkeep\n|turn|19\n|\n|t:|1660708233\n|switch|p2a: Tapu Koko|Tapu Koko|88\/100\n|-fieldstart|move: Electric Terrain|[from] ability: Electric Surge|[of] p2a: Tapu Koko\n|move|p1a: golden brown|Charge Beam|p2a: Tapu Koko|[miss]\n|-miss|p1a: golden brown|p2a: Tapu Koko\n|\n|-heal|p1a: golden brown|67\/100|[from] item: Leftovers\n|upkeep\n|turn|20\n|\n|t:|1660708238\n|move|p2a: Tapu Koko|Calm Mind|p2a: Tapu Koko\n|-boost|p2a: Tapu Koko|spa|1\n|-boost|p2a: Tapu Koko|spd|1\n|move|p1a: golden brown|Hurricane|p2a: Tapu Koko\n|-resisted|p2a: Tapu Koko\n|-damage|p2a: Tapu Koko|60\/100\n|-start|p2a: Tapu Koko|confusion\n|\n|-heal|p1a: golden brown|74\/100|[from] item: Leftovers\n|upkeep\n|turn|21\n|\n|t:|1660708242\n|-activate|p2a: Tapu Koko|confusion\n|move|p2a: Tapu Koko|Roost|p2a: Tapu Koko\n|-heal|p2a: Tapu Koko|100\/100\n|-singleturn|p2a: Tapu Koko|move: Roost\n|move|p1a: golden brown|Thunderbolt|p2a: Tapu Koko\n|-resisted|p2a: Tapu Koko\n|-damage|p2a: Tapu Koko|79\/100\n|\n|-heal|p1a: golden brown|80\/100|[from] item: Leftovers\n|upkeep\n|turn|22\n|\n|t:|1660708245\n|-activate|p2a: Tapu Koko|confusion\n|-damage|p2a: Tapu Koko|68\/100|[from] confusion\n|move|p1a: golden brown|Thunderbolt|p2a: Tapu Koko\n|-resisted|p2a: Tapu Koko\n|-damage|p2a: Tapu Koko|46\/100\n|\n|-heal|p1a: golden brown|86\/100|[from] item: Leftovers\n|upkeep\n|turn|23\n|\n|t:|1660708247\n|-activate|p2a: Tapu Koko|confusion\n|move|p2a: Tapu Koko|Roost|p2a: Tapu Koko\n|-heal|p2a: Tapu Koko|96\/100\n|-singleturn|p2a: Tapu Koko|move: Roost\n|move|p1a: golden brown|Thunderbolt|p2a: Tapu Koko\n|-resisted|p2a: Tapu Koko\n|-damage|p2a: Tapu Koko|75\/100\n|\n|-heal|p1a: golden brown|92\/100|[from] item: Leftovers\n|-fieldend|move: Electric Terrain\n|upkeep\n|turn|24\n|\n|t:|1660708250\n|-end|p2a: Tapu Koko|confusion\n|move|p2a: Tapu Koko|Thunderbolt|p1a: golden brown\n|-damage|p1a: golden brown|27\/100\n|move|p1a: golden brown|Hurricane|p2a: Tapu Koko\n|-resisted|p2a: Tapu Koko\n|-damage|p2a: Tapu Koko|45\/100\n|-start|p2a: Tapu Koko|confusion\n|\n|-heal|p1a: golden brown|33\/100|[from] item: Leftovers\n|upkeep\n|turn|25\n|\n|t:|1660708255\n|-activate|p2a: Tapu Koko|confusion\n|-damage|p2a: Tapu Koko|33\/100|[from] confusion\n|move|p1a: golden brown|Thunderbolt|p2a: Tapu Koko\n|-resisted|p2a: Tapu Koko\n|-damage|p2a: Tapu Koko|9\/100\n|\n|-heal|p1a: golden brown|39\/100|[from] item: Leftovers\n|upkeep\n|turn|26\n|\n|t:|1660708257\n|-end|p2a: Tapu Koko|confusion\n|move|p2a: Tapu Koko|Thunderbolt|p1a: golden brown\n|-crit|p1a: golden brown\n|-damage|p1a: golden brown|0 fnt\n|faint|p1a: golden brown\n|\n|upkeep\n|\n|t:|1660708282\n|switch|p1a: snowmen|Tapu Lele|76\/100\n|-damage|p1a: snowmen|64\/100|[from] Stealth Rock\n|-fieldstart|move: Psychic Terrain|[from] ability: Psychic Surge|[of] p1a: snowmen\n|turn|27\n|\n|t:|1660708285\n|move|p2a: Tapu Koko|Thunderbolt|p1a: snowmen\n|-damage|p1a: snowmen|0 fnt\n|faint|p1a: snowmen\n|\n|upkeep\n|\n|t:|1660708296\n|switch|p1a: freezing|Landorus-Therian, M|45\/100\n|-damage|p1a: freezing|33\/100|[from] Stealth Rock\n|-ability|p1a: freezing|Intimidate|boost\n|-unboost|p2a: Tapu Koko|atk|1\n|turn|28\n|\n|t:|1660708298\n|move|p2a: Tapu Koko|Dazzling Gleam|p1a: freezing\n|-damage|p1a: freezing|0 fnt\n|faint|p1a: freezing\n|\n|upkeep\n|\n|t:|1660708302\n|switch|p1a: its friday baby|Kartana|85\/100 brn\n|-damage|p1a: its friday baby|78\/100 brn|[from] Stealth Rock\n|turn|29\n|\n|t:|1660708304\n|move|p2a: Tapu Koko|Thunderbolt|p1a: its friday baby\n|-resisted|p1a: its friday baby\n|-damage|p1a: its friday baby|0 fnt\n|faint|p1a: its friday baby\n|\n|upkeep\n|-message|LT93OQCR forfeited.\n|\n|win|tolstoy\n|raw|LT93OQCR's rating: 1863 &rarr; <strong>1841<\/strong><br \/>(-22 for losing)\n|raw|tolstoy's rating: 1831 &rarr; <strong>1853<\/strong><br \/>(+22 for winning)\n|l|\u2606LT93OQCR\n|l| mitu0411\n|l|\u2606tolstoy\n|l| LT92PF Chait\n|l| Tace\n||Ladder isn't responding, score probably updated but might not have (Request timeout).\n|j| blarghlfarghl\n|l| keldeo\n","uploadtime":1660708387,"views":63,"p1id":"lt93oqcr","p2id":"tolstoy","formatid":"gen8ou","rating":1841,"private":0,"password":null}