{"id":"gen8ou-1548473333","p1":"gingersquatch","p2":"SetsuStsna","format":"gen8ou","log":"|j|\u2606gingersquatch\n|j|\u2606SetsuStsna\n|inactive|Battle timer is ON: inactive players will automatically lose when time's up.\n|t:|1649372245\n|gametype|singles\n|player|p1|gingersquatch|265|\n|player|p2|SetsuStsna|dawn-gen4pt|\n|teamsize|p1|6\n|teamsize|p2|6\n|gen|8\n|tier|[Gen 8] OU\n|rated|Tournament battle\n|rule|Sleep Clause Mod: Limit one foe put to sleep\n|rule|Species Clause: Limit one of each Pok\u00e9mon\n|rule|OHKO Clause: OHKO moves are banned\n|rule|Evasion Moves Clause: Evasion moves are banned\n|rule|Endless Battle Clause: Forcing endless battles is banned\n|rule|HP Percentage Mod: HP is shown in percentages\n|rule|Dynamax Clause: You cannot dynamax\n|clearpoke\n|poke|p1|Heatran, F|\n|poke|p1|Tapu Lele|\n|poke|p1|Corviknight, M|\n|poke|p1|Reshiram|\n|poke|p1|Tapu Fini|\n|poke|p1|Dragapult, F|\n|poke|p2|Kartana|\n|poke|p2|Dragapult, M|\n|poke|p2|Slowbro-Galar, M|\n|poke|p2|Registeel|\n|poke|p2|Zoroark, M|\n|poke|p2|Garchomp, F|\n|teampreview\n|inactive|gingersquatch also wants the timer to be on.\n|j| Zaza BitchuLia\n|c|\u2606SetsuStsna|!dt reshiram\n|raw|<div class=\"message\"><ul class=\"utilichart\"><li class=\"result\"><span class=\"col numcol\">Uber<\/span> <span class=\"col iconcol\"><psicon pokemon=\"reshiram\"\/><\/span> <span class=\"col pokemonnamecol\" style=\"white-space:nowrap\"><a href=\"https:\/\/dex.pokemonshowdown.com\/pokemon\/reshiram\" target=\"_blank\">Reshiram<\/a><\/span> <span class=\"col typecol\"><img src=\"https:\/\/play.pokemonshowdown.com\/sprites\/types\/Dragon.png\" alt=\"Dragon\" height=\"14\" width=\"32\"><img src=\"https:\/\/play.pokemonshowdown.com\/sprites\/types\/Fire.png\" alt=\"Fire\" height=\"14\" width=\"32\"><\/span> <span style=\"float:left;min-height:26px\"><span class=\"col abilitycol\">Turboblaze<\/span><span class=\"col abilitycol\"><\/span><\/span><span style=\"float:left;min-height:26px\"><span class=\"col statcol\"><em>HP<\/em><br \/>100<\/span> <span class=\"col statcol\"><em>Atk<\/em><br \/>120<\/span> <span class=\"col statcol\"><em>Def<\/em><br \/>100<\/span> <span class=\"col statcol\"><em>SpA<\/em><br \/>150<\/span> <span class=\"col statcol\"><em>SpD<\/em><br \/>120<\/span> <span class=\"col statcol\"><em>Spe<\/em><br \/>90<\/span> <span class=\"col bstcol\"><em>BST<br \/>680<\/em><\/span> <\/span><\/li><li style=\"clear:both\"><\/li><\/ul><\/div>\n|raw|<font size=\"1\"><font color=\"#686868\">Dex#:<\/font> 643&nbsp;|&ThickSpace;<font color=\"#686868\">Gen:<\/font> 5&nbsp;|&ThickSpace;<font color=\"#686868\">Height:<\/font> 3.2 m&nbsp;|&ThickSpace;<font color=\"#686868\">Weight:<\/font> 330 kg <em>(120 BP)<\/em>&nbsp;|&ThickSpace;<font color=\"#686868\">Dex Colour:<\/font> White&nbsp;|&ThickSpace;<font color=\"#686868\">Egg Group(s):<\/font> Undiscovered&nbsp;|&ThickSpace;<font color=\"#686868\">Does Not Evolve<\/font><\/font>\n\n|j| zReptar\n|\n|t:|1649372269\n|start\n|switch|p1a: Tapu Lele|Tapu Lele|100\/100\n|switch|p2a: C.C.|Slowbro-Galar, M|100\/100\n|-fieldstart|move: Psychic Terrain|[from] ability: Psychic Surge|[of] p1a: Tapu Lele\n|turn|1\n|\n|t:|1649372274\n|move|p2a: C.C.|Knock Off|p1a: Tapu Lele\n|-damage|p1a: Tapu Lele|38\/100\n|-enditem|p1a: Tapu Lele|Choice Specs|[from] move: Knock Off|[of] p2a: C.C.\n|move|p1a: Tapu Lele|Psychic|p2a: C.C.\n|-immune|p2a: C.C.\n|\n|upkeep\n|turn|2\n|c|\u2606SetsuStsna|owned\n|\n|t:|1649372282\n|switch|p1a: Corviknight|Corviknight, M|100\/100\n|-ability|p1a: Corviknight|Pressure\n|move|p2a: C.C.|Knock Off|p1a: Corviknight\n|-damage|p1a: Corviknight|69\/100\n|-enditem|p1a: Corviknight|Leftovers|[from] move: Knock Off|[of] p2a: C.C.\n|\n|upkeep\n|turn|3\n|\n|t:|1649372285\n|switch|p2a: Zero|Dragapult, M, shiny|100\/100\n|move|p1a: Corviknight|U-turn|p2a: Zero\n|-resisted|p2a: Zero\n|-damage|p2a: Zero|93\/100\n|-start|p1a: Corviknight|Disable|U-turn|[from] ability: Cursed Body|[of] p2a: Zero\n|\n|t:|1649372289\n|switch|p1a: Heatran|Heatran, F|100\/100|[from]move: U-turn\n|\n|upkeep\n|turn|4\n|\n|t:|1649372293\n|move|p2a: Zero|Light Screen|p2a: Zero\n|-sidestart|p2: SetsuStsna|move: Light Screen\n|move|p1a: Heatran|Stealth Rock|p2a: Zero\n|-sidestart|p2: SetsuStsna|move: Stealth Rock\n|\n|upkeep\n|turn|5\n|\n|t:|1649372296\n|move|p2a: Zero|Thunder Wave|p1a: Heatran\n|-status|p1a: Heatran|par\n|move|p1a: Heatran|Magma Storm|p2a: Zero\n|-resisted|p2a: Zero\n|-damage|p2a: Zero|81\/100\n|-activate|p2a: Zero|move: Magma Storm|[of] p1a: Heatran\n|\n|-damage|p2a: Zero|69\/100|[from] move: Magma Storm|[partiallytrapped]\n|-fieldend|move: Psychic Terrain\n|upkeep\n|turn|6\n|\n|t:|1649372299\n|move|p2a: Zero|Curse|p1a: Heatran\n|-start|p1a: Heatran|Curse|[of] p2a: Zero\n|-damage|p2a: Zero|19\/100\n|cant|p1a: Heatran|par\n|\n|-damage|p1a: Heatran|76\/100 par|[from] Curse\n|-damage|p2a: Zero|7\/100|[from] move: Magma Storm|[partiallytrapped]\n|upkeep\n|turn|7\n|\n|t:|1649372306\n|switch|p1a: Tapu Fini|Tapu Fini|100\/100\n|-fieldstart|move: Misty Terrain|[from] ability: Misty Surge|[of] p1a: Tapu Fini\n|move|p2a: Zero|Reflect|p2a: Zero\n|-sidestart|p2: SetsuStsna|Reflect\n|\n|-end|p2a: Zero|Magma Storm|[partiallytrapped]|[silent]\n|upkeep\n|turn|8\n|\n|t:|1649372309\n|move|p2a: Zero|Curse|p1a: Tapu Fini\n|-start|p1a: Tapu Fini|Curse|[of] p2a: Zero\n|-damage|p2a: Zero|0 fnt\n|faint|p2a: Zero\n|move|p1a: Tapu Fini|Knock Off|p2: Zero|[notarget]\n|-fail|p1a: Tapu Fini\n|\n|-damage|p1a: Tapu Fini|76\/100|[from] Curse\n|upkeep\n|\n|t:|1649372312\n|switch|p2a: C.C.|Slowbro-Galar, M|100\/100\n|-damage|p2a: C.C.|88\/100|[from] Stealth Rock\n|turn|9\n|\n|t:|1649372329\n|switch|p1a: Heatran|Heatran, F|76\/100 par\n|move|p2a: C.C.|Belly Drum|p2a: C.C.\n|-damage|p2a: C.C.|38\/100\n|-setboost|p2a: C.C.|atk|6|[from] move: Belly Drum\n|\n|-heal|p1a: Heatran|82\/100 par|[from] item: Leftovers\n|upkeep\n|turn|10\n|\n|t:|1649372335\n|move|p2a: C.C.|Drain Punch|p1a: Heatran\n|-supereffective|p1a: Heatran\n|-damage|p1a: Heatran|0 fnt\n|-heal|p2a: C.C.|79\/100|[from] drain|[of] p1a: Heatran\n|faint|p1a: Heatran\n|\n|upkeep\n|\n|t:|1649372342\n|switch|p1a: Tapu Lele|Tapu Lele|38\/100\n|-fieldstart|move: Psychic Terrain|[from] ability: Psychic Surge|[of] p1a: Tapu Lele\n|turn|11\n|-activate|p2a: C.C.|ability: Quick Draw\n|\n|t:|1649372345\n|move|p2a: C.C.|Shell Side Arm|p1a: Tapu Lele|[anim] Shell Side Arm Physical\n|-supereffective|p1a: Tapu Lele\n|-damage|p1a: Tapu Lele|0 fnt\n|-hint|Physical Shell Side Arm\n|faint|p1a: Tapu Lele\n|\n|-sideend|p2: SetsuStsna|move: Light Screen\n|upkeep\n|\n|t:|1649372350\n|switch|p1a: Dragapult|Dragapult, F|100\/100\n|turn|12\n|-activate|p2a: C.C.|ability: Quick Draw\n|\n|t:|1649372353\n|move|p2a: C.C.|Zen Headbutt|p1a: Dragapult\n|-damage|p1a: Dragapult|0 fnt\n|faint|p1a: Dragapult\n|\n|upkeep\n|c|\u2606SetsuStsna|just another day in the office\n|c|\u2606gingersquatch|congrats on hax\n|c|\u2606gingersquatch|you are so skilled\n|l| Zaza BitchuLia\n|\n|t:|1649372382\n|switch|p1a: Reshiram|Reshiram|100\/100\n|-ability|p1a: Reshiram|Turboblaze\n|turn|13\n|c|\u2606SetsuStsna|ty\n|-activate|p2a: C.C.|item: Quick Claw\n|\n|t:|1649372386\n|move|p2a: C.C.|Shell Side Arm|p1a: Reshiram|[anim] Shell Side Arm Physical\n|-damage|p1a: Reshiram|0 fnt\n|-hint|Physical Shell Side Arm\n|faint|p1a: Reshiram\n|\n|upkeep\n|\n|t:|1649372397\n|switch|p1a: Tapu Fini|Tapu Fini|76\/100\n|-fieldstart|move: Misty Terrain|[from] ability: Misty Surge|[of] p1a: Tapu Fini\n|turn|14\n|c|\u2606SetsuStsna|shout outs to the ou council\n|-message|gingersquatch forfeited.\n|\n|win|SetsuStsna\n|n|\u2606gingersquatch|gingersquatch\n|n|\u2606SetsuStsna|setsustsna\n|n| zReptar|zreptar\n|l|\u2606gingersquatch\n","uploadtime":1649372406,"views":52,"p1id":"gingersquatch","p2id":"setsustsna","formatid":"gen8ou","rating":0,"private":0,"password":null}