{"id":"gen8ou-1613601497","p1":"jeanmilapipe","p2":"Highv0ltag3","format":"gen8ou","log":"|j|\u2606jeanmilapipe\n|j|\u2606Highv0ltag3\n|t:|1657370310\n|gametype|singles\n|player|p1|jeanmilapipe|n|1813\n|player|p2|Highv0ltag3|volo|1862\n|teamsize|p1|6\n|teamsize|p2|6\n|gen|8\n|tier|[Gen 8] OU\n|rated|\n|rule|Sleep Clause Mod: Limit one foe put to sleep\n|rule|Species Clause: Limit one of each Pok\u00e9mon\n|rule|OHKO Clause: OHKO moves are banned\n|rule|Evasion Moves Clause: Evasion moves are banned\n|rule|Endless Battle Clause: Forcing endless battles is banned\n|rule|HP Percentage Mod: HP is shown in percentages\n|rule|Dynamax Clause: You cannot dynamax\n|clearpoke\n|poke|p1|Aegislash, M|\n|poke|p1|Corviknight, M|\n|poke|p1|Inteleon, M|\n|poke|p1|Scizor, F|\n|poke|p1|Tapu Koko|\n|poke|p1|Garchomp, M|\n|poke|p2|Tangrowth, F|\n|poke|p2|Toxapex, M|\n|poke|p2|Corviknight, F|\n|poke|p2|Gastrodon, M|\n|poke|p2|Blissey, F|\n|poke|p2|Jirachi|\n|teampreview\n|j| zReptar\n|\n|t:|1657370325\n|start\n|switch|p1a: Tapu Koko|Tapu Koko|100\/100\n|switch|p2a: Fuck tran|Toxapex, M|100\/100\n|-fieldstart|move: Electric Terrain|[from] ability: Electric Surge|[of] p1a: Tapu Koko\n|turn|1\n|inactive|Battle timer is ON: inactive players will automatically lose when time's up. (requested by Highv0ltag3)\n|\n|t:|1657370334\n|switch|p2a: I'm also pink blob|Gastrodon, M|100\/100\n|move|p1a: Tapu Koko|Thunderbolt|p2a: I'm also pink blob\n|-immune|p2a: I'm also pink blob\n|\n|upkeep\n|turn|2\n|\n|t:|1657370341\n|move|p1a: Tapu Koko|Toxic|p2a: I'm also pink blob\n|-status|p2a: I'm also pink blob|tox\n|move|p2a: I'm also pink blob|Scald|p1a: Tapu Koko\n|-damage|p1a: Tapu Koko|63\/100\n|-status|p1a: Tapu Koko|brn\n|\n|-damage|p2a: I'm also pink blob|94\/100 tox|[from] psn\n|-damage|p1a: Tapu Koko|57\/100 brn|[from] brn\n|upkeep\n|turn|3\n|j| sconly\n|\n|t:|1657370353\n|switch|p1a: Corviknight|Corviknight, M|100\/100\n|move|p2a: I'm also pink blob|Scald|p1a: Corviknight\n|-crit|p1a: Corviknight\n|-damage|p1a: Corviknight|69\/100\n|\n|-heal|p2a: I'm also pink blob|100\/100 tox|[from] item: Leftovers\n|-damage|p2a: I'm also pink blob|88\/100 tox|[from] psn\n|upkeep\n|turn|4\n|\n|t:|1657370363\n|switch|p2a: Fuck tran|Toxapex, M|100\/100\n|move|p1a: Corviknight|U-turn|p2a: Fuck tran\n|-resisted|p2a: Fuck tran\n|-damage|p2a: Fuck tran|96\/100\n|-damage|p1a: Corviknight|53\/100|[from] item: Rocky Helmet|[of] p2a: Fuck tran\n|j| qingshu0918\n|\n|t:|1657370384\n|switch|p1a: Tapu Koko|Tapu Koko|57\/100 brn|[from]move: U-turn\n|\n|-damage|p1a: Tapu Koko|51\/100 brn|[from] brn\n|upkeep\n|turn|5\n|l|\u2606Highv0ltag3\n|inactive|Highv0ltag3 disconnected and has a minute to reconnect!\n|player|p2|\n|j|\u2606Highv0ltag3\n|inactive|Highv0ltag3 reconnected and has 125 seconds left.\n|player|p2|Highv0ltag3|volo\n|j| ayayaplop\n|inactive|Highv0ltag3 has 120 seconds left.\n|\n|t:|1657370415\n|switch|p2a: Fuck taunt|Blissey, F|100\/100\n|move|p1a: Tapu Koko|Roost|p1a: Tapu Koko\n|-heal|p1a: Tapu Koko|100\/100 brn\n|-singleturn|p1a: Tapu Koko|move: Roost\n|\n|-damage|p1a: Tapu Koko|94\/100 brn|[from] brn\n|-fieldend|move: Electric Terrain\n|upkeep\n|turn|6\n|\n|t:|1657370424\n|move|p1a: Tapu Koko|Toxic|p2a: Fuck taunt\n|-status|p2a: Fuck taunt|tox\n|move|p2a: Fuck taunt|Heal Bell|p2a: Fuck taunt\n|-activate|p2a: Fuck taunt|move: Heal Bell\n|-curestatus|p2a: Fuck taunt|tox|[msg]\n|-curestatus|p2: I'm also pink blob|tox|[msg]\n|\n|-damage|p1a: Tapu Koko|88\/100 brn|[from] brn\n|upkeep\n|turn|7\n|\n|t:|1657370440\n|switch|p1a: Aegislash|Aegislash, M|100\/100\n|move|p2a: Fuck taunt|Stealth Rock|p1a: Aegislash\n|-sidestart|p1: jeanmilapipe|move: Stealth Rock\n|\n|upkeep\n|turn|8\n|\n|t:|1657370446\n|switch|p2a: Fuck tran|Toxapex, M|100\/100\n|move|p1a: Aegislash|Swords Dance|p1a: Aegislash\n|-boost|p1a: Aegislash|atk|2\n|\n|upkeep\n|turn|9\n|\n|t:|1657370454\n|-formechange|p1a: Aegislash|Aegislash-Blade||[from] ability: Stance Change\n|move|p1a: Aegislash|Shadow Claw|p2a: Fuck tran\n|-crit|p2a: Fuck tran\n|-damage|p2a: Fuck tran|18\/100\n|-damage|p1a: Aegislash|84\/100|[from] item: Rocky Helmet|[of] p2a: Fuck tran\n|move|p2a: Fuck tran|Scald|p1a: Aegislash\n|-damage|p1a: Aegislash|54\/100\n|\n|-heal|p1a: Aegislash|60\/100|[from] item: Leftovers\n|upkeep\n|turn|10\n|\n|t:|1657370467\n|switch|p2a: Lele broken man|Jirachi|100\/100\n|move|p1a: Aegislash|Shadow Claw|p2a: Lele broken man\n|-supereffective|p2a: Lele broken man\n|-damage|p2a: Lele broken man|0 fnt\n|faint|p2a: Lele broken man\n|\n|-heal|p1a: Aegislash|67\/100|[from] item: Leftovers\n|upkeep\n|\n|t:|1657370469\n|switch|p2a: Dark resist|Tangrowth, F|100\/100\n|turn|11\n|\n|t:|1657370482\n|switch|p1a: Corviknight|Corviknight, M|53\/100\n|-damage|p1a: Corviknight|40\/100|[from] Stealth Rock\n|move|p2a: Dark resist|Knock Off|p1a: Corviknight\n|-damage|p1a: Corviknight|26\/100\n|-damage|p2a: Dark resist|84\/100|[from] item: Rocky Helmet|[of] p1a: Corviknight\n|-enditem|p1a: Corviknight|Rocky Helmet|[from] move: Knock Off|[of] p2a: Dark resist\n|\n|upkeep\n|turn|12\n|\n|t:|1657370492\n|move|p1a: Corviknight|Roost|p1a: Corviknight\n|-heal|p1a: Corviknight|76\/100\n|-singleturn|p1a: Corviknight|move: Roost\n|move|p2a: Dark resist|Focus Blast|p1a: Corviknight\n|-supereffective|p1a: Corviknight\n|-damage|p1a: Corviknight|21\/100\n|\n|upkeep\n|turn|13\n|\n|t:|1657370500\n|move|p1a: Corviknight|Roost|p1a: Corviknight\n|-heal|p1a: Corviknight|71\/100\n|-singleturn|p1a: Corviknight|move: Roost\n|move|p2a: Dark resist|Focus Blast|p1a: Corviknight\n|-supereffective|p1a: Corviknight\n|-damage|p1a: Corviknight|22\/100\n|\n|upkeep\n|turn|14\n|\n|t:|1657370508\n|move|p1a: Corviknight|Roost|p1a: Corviknight\n|-heal|p1a: Corviknight|72\/100\n|-singleturn|p1a: Corviknight|move: Roost\n|move|p2a: Dark resist|Focus Blast|p1a: Corviknight\n|-supereffective|p1a: Corviknight\n|-damage|p1a: Corviknight|17\/100\n|\n|upkeep\n|turn|15\n|j| Ran Kob\n|\n|t:|1657370516\n|move|p1a: Corviknight|Roost|p1a: Corviknight\n|-heal|p1a: Corviknight|67\/100\n|-singleturn|p1a: Corviknight|move: Roost\n|move|p2a: Dark resist|Focus Blast|p1a: Corviknight|[miss]\n|-miss|p2a: Dark resist|p1a: Corviknight\n|\n|upkeep\n|turn|16\n|\n|t:|1657370524\n|switch|p2a: Fuck tran|Toxapex, M|51\/100\n|move|p1a: Corviknight|Defog|p2a: Fuck tran\n|-unboost|p2a: Fuck tran|evasion|1\n|-sideend|p1: jeanmilapipe|Stealth Rock|[from] move: Defog|[of] p1a: Corviknight\n|\n|upkeep\n|turn|17\n|\n|t:|1657370532\n|switch|p1a: Tapu Koko|Tapu Koko|88\/100 brn\n|-fieldstart|move: Electric Terrain|[from] ability: Electric Surge|[of] p1a: Tapu Koko\n|move|p2a: Fuck tran|Toxic Spikes|p1a: Tapu Koko\n|-sidestart|p1: jeanmilapipe|move: Toxic Spikes\n|\n|-damage|p1a: Tapu Koko|82\/100 brn|[from] brn\n|upkeep\n|turn|18\n|\n|t:|1657370542\n|switch|p2a: Fuck taunt|Blissey, F|100\/100\n|move|p1a: Tapu Koko|Toxic|p2a: Fuck taunt\n|-status|p2a: Fuck taunt|tox\n|\n|-damage|p2a: Fuck taunt|94\/100 tox|[from] psn\n|-damage|p1a: Tapu Koko|76\/100 brn|[from] brn\n|upkeep\n|turn|19\n|\n|t:|1657370552\n|switch|p1a: Aegislash|Aegislash, M|67\/100\n|move|p2a: Fuck taunt|Stealth Rock|p1a: Aegislash\n|-sidestart|p1: jeanmilapipe|move: Stealth Rock\n|\n|-heal|p1a: Aegislash|73\/100|[from] item: Leftovers\n|-damage|p2a: Fuck taunt|82\/100 tox|[from] psn\n|upkeep\n|turn|20\n|j| loking887\n|\n|t:|1657370560\n|-curestatus|p2a: Fuck taunt|tox|[from] ability: Natural Cure\n|switch|p2a: Dark resist|Tangrowth, F|100\/100\n|move|p1a: Aegislash|Swords Dance|p1a: Aegislash\n|-boost|p1a: Aegislash|atk|2\n|\n|-heal|p1a: Aegislash|79\/100|[from] item: Leftovers\n|upkeep\n|turn|21\n|\n|t:|1657370571\n|switch|p1a: Corviknight|Corviknight, M|67\/100\n|-damage|p1a: Corviknight|54\/100|[from] Stealth Rock\n|move|p2a: Dark resist|Knock Off|p1a: Corviknight\n|-damage|p1a: Corviknight|45\/100\n|\n|-fieldend|move: Electric Terrain\n|upkeep\n|turn|22\n|\n|t:|1657370579\n|switch|p2a: Fuck tran|Toxapex, M|84\/100\n|move|p1a: Corviknight|Roost|p1a: Corviknight\n|-heal|p1a: Corviknight|95\/100\n|-singleturn|p1a: Corviknight|move: Roost\n|\n|upkeep\n|turn|23\n|\n|t:|1657370587\n|move|p1a: Corviknight|Defog|p2a: Fuck tran\n|-unboost|p2a: Fuck tran|evasion|1\n|-sideend|p1: jeanmilapipe|Toxic Spikes|[from] move: Defog|[of] p1a: Corviknight\n|-sideend|p1: jeanmilapipe|Stealth Rock|[from] move: Defog|[of] p1a: Corviknight\n|move|p2a: Fuck tran|Scald|p1a: Corviknight\n|-damage|p1a: Corviknight|79\/100\n|\n|upkeep\n|turn|24\n|\n|t:|1657370596\n|switch|p1a: Tapu Koko|Tapu Koko|76\/100 brn\n|-fieldstart|move: Electric Terrain|[from] ability: Electric Surge|[of] p1a: Tapu Koko\n|move|p2a: Fuck tran|Scald|p1a: Tapu Koko\n|-damage|p1a: Tapu Koko|50\/100 brn\n|\n|-damage|p1a: Tapu Koko|44\/100 brn|[from] brn\n|upkeep\n|turn|25\n|\n|t:|1657370607\n|switch|p1a: Scizor|Scizor, F|100\/100\n|switch|p2a: Dark resist|Tangrowth, F|100\/100\n|\n|upkeep\n|turn|26\n|\n|t:|1657370613\n|switch|p2a: Shed shell7%?|Corviknight, F|100\/100\n|-ability|p2a: Shed shell7%?|Pressure\n|move|p1a: Scizor|Knock Off|p2a: Shed shell7%?\n|-damage|p2a: Shed shell7%?|73\/100\n|-enditem|p2a: Shed shell7%?|Shed Shell|[from] move: Knock Off|[of] p1a: Scizor\n|-damage|p1a: Scizor|91\/100|[from] item: Life Orb\n|\n|upkeep\n|turn|27\n|\n|t:|1657370623\n|move|p2a: Shed shell7%?|Roost|p2a: Shed shell7%?\n|-heal|p2a: Shed shell7%?|100\/100\n|-singleturn|p2a: Shed shell7%?|move: Roost\n|move|p1a: Scizor|Swords Dance|p1a: Scizor\n|-boost|p1a: Scizor|atk|2\n|\n|upkeep\n|turn|28\n|\n|t:|1657370631\n|move|p2a: Shed shell7%?|Iron Defense|p2a: Shed shell7%?\n|-boost|p2a: Shed shell7%?|def|2\n|move|p1a: Scizor|Swords Dance|p1a: Scizor\n|-boost|p1a: Scizor|atk|2\n|\n|-fieldend|move: Electric Terrain\n|upkeep\n|turn|29\n|\n|t:|1657370638\n|switch|p1a: Aegislash|Aegislash, M|79\/100\n|move|p2a: Shed shell7%?|Body Press|p1a: Aegislash\n|-immune|p1a: Aegislash\n|\n|-heal|p1a: Aegislash|85\/100|[from] item: Leftovers\n|upkeep\n|turn|30\n|\n|t:|1657370648\n|switch|p2a: Dark resist|Tangrowth, F|100\/100\n|switch|p1a: Scizor|Scizor, F|91\/100\n|\n|upkeep\n|turn|31\n|\n|t:|1657370655\n|switch|p2a: Shed shell7%?|Corviknight, F|100\/100\n|-ability|p2a: Shed shell7%?|Pressure\n|move|p1a: Scizor|Knock Off|p2a: Shed shell7%?\n|-damage|p2a: Shed shell7%?|80\/100\n|-damage|p1a: Scizor|81\/100|[from] item: Life Orb\n|\n|upkeep\n|turn|32\n|\n|t:|1657370663\n|move|p2a: Shed shell7%?|Iron Defense|p2a: Shed shell7%?\n|-boost|p2a: Shed shell7%?|def|2\n|move|p1a: Scizor|Swords Dance|p1a: Scizor\n|-boost|p1a: Scizor|atk|2\n|\n|upkeep\n|turn|33\n|l|\u2606Highv0ltag3\n|inactive|Highv0ltag3 disconnected and has a minute to reconnect!\n|player|p2|\n|j|\u2606Highv0ltag3\n|inactive|Highv0ltag3 reconnected and has 120 seconds left.\n|player|p2|Highv0ltag3|volo\n|\n|t:|1657370699\n|switch|p1a: Aegislash|Aegislash, M|85\/100\n|move|p2a: Shed shell7%?|Iron Defense|p2a: Shed shell7%?\n|-boost|p2a: Shed shell7%?|def|2\n|\n|-heal|p1a: Aegislash|91\/100|[from] item: Leftovers\n|upkeep\n|turn|34\n|inactive|Highv0ltag3 has 120 seconds left.\n|\n|t:|1657370709\n|switch|p2a: Dark resist|Tangrowth, F|100\/100\n|switch|p1a: Scizor|Scizor, F|81\/100\n|\n|upkeep\n|turn|35\n|\n|t:|1657370717\n|move|p1a: Scizor|Knock Off|p2a: Dark resist\n|-damage|p2a: Dark resist|84\/100\n|-damage|p1a: Scizor|71\/100|[from] item: Life Orb\n|move|p2a: Dark resist|Knock Off|p1a: Scizor\n|-damage|p1a: Scizor|49\/100\n|-enditem|p1a: Scizor|Life Orb|[from] move: Knock Off|[of] p2a: Dark resist\n|\n|upkeep\n|turn|36\n|\n|t:|1657370726\n|switch|p2a: Shed shell7%?|Corviknight, F|80\/100\n|-ability|p2a: Shed shell7%?|Pressure\n|move|p1a: Scizor|Roost|p1a: Scizor\n|-heal|p1a: Scizor|99\/100\n|-singleturn|p1a: Scizor|move: Roost\n|\n|upkeep\n|turn|37\n|j| Nightsuwu\n|\n|t:|1657370737\n|switch|p1a: Inteleon|Inteleon, M|100\/100\n|move|p2a: Shed shell7%?|Roost|p2a: Shed shell7%?\n|-heal|p2a: Shed shell7%?|100\/100\n|-singleturn|p2a: Shed shell7%?|move: Roost\n|\n|upkeep\n|turn|38\n|\n|t:|1657370746\n|switch|p1a: Aegislash|Aegislash, M|91\/100\n|switch|p2a: Fuck tran|Toxapex, M|100\/100\n|\n|-heal|p1a: Aegislash|97\/100|[from] item: Leftovers\n|upkeep\n|turn|39\n|\n|t:|1657370755\n|switch|p1a: Tapu Koko|Tapu Koko|44\/100 brn\n|-fieldstart|move: Electric Terrain|[from] ability: Electric Surge|[of] p1a: Tapu Koko\n|move|p2a: Fuck tran|Scald|p1a: Tapu Koko\n|-damage|p1a: Tapu Koko|20\/100 brn\n|\n|-damage|p1a: Tapu Koko|14\/100 brn|[from] brn\n|upkeep\n|turn|40\n|\n|t:|1657370765\n|move|p1a: Tapu Koko|Roost|p1a: Tapu Koko\n|-heal|p1a: Tapu Koko|65\/100 brn\n|-singleturn|p1a: Tapu Koko|move: Roost\n|move|p2a: Fuck tran|Scald|p1a: Tapu Koko\n|-crit|p1a: Tapu Koko\n|-damage|p1a: Tapu Koko|28\/100 brn\n|\n|-damage|p1a: Tapu Koko|22\/100 brn|[from] brn\n|upkeep\n|turn|41\n|\n|t:|1657370774\n|move|p1a: Tapu Koko|Roost|p1a: Tapu Koko\n|-heal|p1a: Tapu Koko|72\/100 brn\n|-singleturn|p1a: Tapu Koko|move: Roost\n|move|p2a: Fuck tran|Scald|p1a: Tapu Koko\n|-damage|p1a: Tapu Koko|48\/100 brn\n|\n|-damage|p1a: Tapu Koko|42\/100 brn|[from] brn\n|upkeep\n|turn|42\n|\n|t:|1657370783\n|switch|p2a: Fuck taunt|Blissey, F|82\/100\n|move|p1a: Tapu Koko|Roost|p1a: Tapu Koko\n|-heal|p1a: Tapu Koko|92\/100 brn\n|-singleturn|p1a: Tapu Koko|move: Roost\n|\n|-damage|p1a: Tapu Koko|86\/100 brn|[from] brn\n|upkeep\n|turn|43\n|\n|t:|1657370791\n|switch|p1a: Scizor|Scizor, F|99\/100\n|move|p2a: Fuck taunt|Stealth Rock|p1a: Scizor\n|-sidestart|p1: jeanmilapipe|move: Stealth Rock\n|\n|-fieldend|move: Electric Terrain\n|upkeep\n|turn|44\n|\n|t:|1657370802\n|switch|p2a: Dark resist|Tangrowth, F|100\/100\n|move|p1a: Scizor|Swords Dance|p1a: Scizor\n|-boost|p1a: Scizor|atk|2\n|\n|upkeep\n|turn|45\n|\n|t:|1657370811\n|switch|p2a: Shed shell7%?|Corviknight, F|100\/100\n|-ability|p2a: Shed shell7%?|Pressure\n|move|p1a: Scizor|Bullet Punch|p2a: Shed shell7%?\n|-resisted|p2a: Shed shell7%?\n|-damage|p2a: Shed shell7%?|80\/100\n|\n|upkeep\n|turn|46\n|\n|t:|1657370819\n|move|p2a: Shed shell7%?|Iron Defense|p2a: Shed shell7%?\n|-boost|p2a: Shed shell7%?|def|2\n|move|p1a: Scizor|Swords Dance|p1a: Scizor\n|-boost|p1a: Scizor|atk|2\n|\n|upkeep\n|turn|47\n|\n|t:|1657370826\n|switch|p1a: Aegislash|Aegislash, M|97\/100\n|-damage|p1a: Aegislash|91\/100|[from] Stealth Rock\n|move|p2a: Shed shell7%?|Roost|p2a: Shed shell7%?\n|-heal|p2a: Shed shell7%?|100\/100\n|-singleturn|p2a: Shed shell7%?|move: Roost\n|\n|-heal|p1a: Aegislash|97\/100|[from] item: Leftovers\n|upkeep\n|turn|48\n|\n|t:|1657370837\n|switch|p2a: Dark resist|Tangrowth, F|100\/100\n|switch|p1a: Scizor|Scizor, F|99\/100\n|-damage|p1a: Scizor|87\/100|[from] Stealth Rock\n|\n|upkeep\n|turn|49\n|\n|t:|1657370845\n|move|p1a: Scizor|Swords Dance|p1a: Scizor\n|-boost|p1a: Scizor|atk|2\n|move|p2a: Dark resist|Giga Drain|p1a: Scizor\n|-resisted|p1a: Scizor\n|-damage|p1a: Scizor|78\/100\n|\n|upkeep\n|turn|50\n|j| VenusaursKingodom\n|\n|t:|1657370853\n|switch|p2a: Shed shell7%?|Corviknight, F|100\/100\n|-ability|p2a: Shed shell7%?|Pressure\n|move|p1a: Scizor|Swords Dance|p1a: Scizor\n|-boost|p1a: Scizor|atk|2\n|\n|upkeep\n|turn|51\n|j| Mooseidon\n|\n|t:|1657370860\n|move|p2a: Shed shell7%?|Iron Defense|p2a: Shed shell7%?\n|-boost|p2a: Shed shell7%?|def|2\n|move|p1a: Scizor|Swords Dance|p1a: Scizor\n|-boost|p1a: Scizor|atk|2\n|\n|upkeep\n|turn|52\n|\n|t:|1657370870\n|move|p2a: Shed shell7%?|Body Press|p1a: Scizor\n|-damage|p1a: Scizor|24\/100\n|move|p1a: Scizor|Roost|p1a: Scizor\n|-heal|p1a: Scizor|74\/100\n|-singleturn|p1a: Scizor|move: Roost\n|\n|upkeep\n|turn|53\n|\n|t:|1657370876\n|switch|p1a: Aegislash|Aegislash, M|97\/100\n|-damage|p1a: Aegislash|91\/100|[from] Stealth Rock\n|move|p2a: Shed shell7%?|Iron Defense|p2a: Shed shell7%?\n|-boost|p2a: Shed shell7%?|def|2\n|\n|-heal|p1a: Aegislash|97\/100|[from] item: Leftovers\n|upkeep\n|turn|54\n|\n|t:|1657370887\n|switch|p2a: Dark resist|Tangrowth, F|100\/100\n|move|p1a: Aegislash|Swords Dance|p1a: Aegislash\n|-boost|p1a: Aegislash|atk|2\n|\n|-heal|p1a: Aegislash|100\/100|[from] item: Leftovers\n|upkeep\n|turn|55\n|\n|t:|1657370897\n|switch|p1a: Scizor|Scizor, F|74\/100\n|-damage|p1a: Scizor|62\/100|[from] Stealth Rock\n|move|p2a: Dark resist|Knock Off|p1a: Scizor\n|-damage|p1a: Scizor|48\/100\n|\n|upkeep\n|turn|56\n|j| SilentTurb0\n|\n|t:|1657370909\n|switch|p2a: Shed shell7%?|Corviknight, F|100\/100\n|-ability|p2a: Shed shell7%?|Pressure\n|move|p1a: Scizor|Roost|p1a: Scizor\n|-heal|p1a: Scizor|98\/100\n|-singleturn|p1a: Scizor|move: Roost\n|\n|upkeep\n|turn|57\n|\n|t:|1657370917\n|switch|p2a: Dark resist|Tangrowth, F|100\/100\n|move|p1a: Scizor|Swords Dance|p1a: Scizor\n|-boost|p1a: Scizor|atk|2\n|\n|upkeep\n|turn|58\n|\n|t:|1657370923\n|switch|p2a: Shed shell7%?|Corviknight, F|100\/100\n|-ability|p2a: Shed shell7%?|Pressure\n|move|p1a: Scizor|Swords Dance|p1a: Scizor\n|-boost|p1a: Scizor|atk|2\n|\n|upkeep\n|turn|59\n|\n|t:|1657370931\n|move|p2a: Shed shell7%?|Iron Defense|p2a: Shed shell7%?\n|-boost|p2a: Shed shell7%?|def|2\n|move|p1a: Scizor|Swords Dance|p1a: Scizor\n|-boost|p1a: Scizor|atk|2\n|\n|upkeep\n|turn|60\n|\n|t:|1657370937\n|switch|p1a: Aegislash|Aegislash, M|100\/100\n|-damage|p1a: Aegislash|94\/100|[from] Stealth Rock\n|move|p2a: Shed shell7%?|Iron Defense|p2a: Shed shell7%?\n|-boost|p2a: Shed shell7%?|def|2\n|\n|-heal|p1a: Aegislash|100\/100|[from] item: Leftovers\n|upkeep\n|turn|61\n|j| angrrry\n|\n|t:|1657370946\n|switch|p2a: Dark resist|Tangrowth, F|100\/100\n|move|p1a: Aegislash|Swords Dance|p1a: Aegislash\n|-boost|p1a: Aegislash|atk|2\n|\n|upkeep\n|turn|62\n|\n|t:|1657370953\n|switch|p1a: Scizor|Scizor, F|98\/100\n|-damage|p1a: Scizor|86\/100|[from] Stealth Rock\n|move|p2a: Dark resist|Knock Off|p1a: Scizor\n|-damage|p1a: Scizor|71\/100\n|\n|upkeep\n|turn|63\n|\n|t:|1657370961\n|switch|p2a: Shed shell7%?|Corviknight, F|100\/100\n|-ability|p2a: Shed shell7%?|Pressure\n|move|p1a: Scizor|Swords Dance|p1a: Scizor\n|-boost|p1a: Scizor|atk|2\n|\n|upkeep\n|turn|64\n|j| tsnsj\n|l| Nightsuwu\n|\n|t:|1657370971\n|move|p2a: Shed shell7%?|Iron Defense|p2a: Shed shell7%?\n|-boost|p2a: Shed shell7%?|def|2\n|move|p1a: Scizor|Swords Dance|p1a: Scizor\n|-boost|p1a: Scizor|atk|2\n|\n|upkeep\n|turn|65\n|\n|t:|1657370978\n|switch|p1a: Aegislash|Aegislash, M|100\/100\n|-damage|p1a: Aegislash|94\/100|[from] Stealth Rock\n|move|p2a: Shed shell7%?|Iron Defense|p2a: Shed shell7%?\n|-boost|p2a: Shed shell7%?|def|2\n|\n|-heal|p1a: Aegislash|100\/100|[from] item: Leftovers\n|upkeep\n|turn|66\n|\n|t:|1657370989\n|switch|p2a: Dark resist|Tangrowth, F|100\/100\n|move|p1a: Aegislash|Swords Dance|p1a: Aegislash\n|-boost|p1a: Aegislash|atk|2\n|\n|upkeep\n|turn|67\n|\n|t:|1657371002\n|switch|p1a: Scizor|Scizor, F|71\/100\n|-damage|p1a: Scizor|59\/100|[from] Stealth Rock\n|move|p2a: Dark resist|Knock Off|p1a: Scizor\n|-damage|p1a: Scizor|43\/100\n|\n|upkeep\n|turn|68\n|\n|t:|1657371010\n|switch|p2a: Shed shell7%?|Corviknight, F|100\/100\n|-ability|p2a: Shed shell7%?|Pressure\n|move|p1a: Scizor|Roost|p1a: Scizor\n|-heal|p1a: Scizor|93\/100\n|-singleturn|p1a: Scizor|move: Roost\n|\n|upkeep\n|turn|69\n|\n|t:|1657371021\n|switch|p2a: Dark resist|Tangrowth, F|100\/100\n|move|p1a: Scizor|Swords Dance|p1a: Scizor\n|-boost|p1a: Scizor|atk|2\n|\n|upkeep\n|turn|70\n|\n|t:|1657371028\n|switch|p2a: Shed shell7%?|Corviknight, F|100\/100\n|-ability|p2a: Shed shell7%?|Pressure\n|move|p1a: Scizor|Knock Off|p2a: Shed shell7%?\n|-crit|p2a: Shed shell7%?\n|-damage|p2a: Shed shell7%?|58\/100\n|\n|upkeep\n|turn|71\n|\n|t:|1657371038\n|move|p2a: Shed shell7%?|Roost|p2a: Shed shell7%?\n|-heal|p2a: Shed shell7%?|100\/100\n|-singleturn|p2a: Shed shell7%?|move: Roost\n|move|p1a: Scizor|Swords Dance|p1a: Scizor\n|-boost|p1a: Scizor|atk|2\n|\n|upkeep\n|turn|72\n|\n|t:|1657371050\n|switch|p1a: Inteleon|Inteleon, M|100\/100\n|-damage|p1a: Inteleon|88\/100|[from] Stealth Rock\n|move|p2a: Shed shell7%?|Iron Defense|p2a: Shed shell7%?\n|-boost|p2a: Shed shell7%?|def|2\n|\n|upkeep\n|turn|73\n|\n|t:|1657371057\n|switch|p2a: Fuck tran|Toxapex, M|100\/100\n|move|p1a: Inteleon|Focus Energy|p1a: Inteleon\n|-start|p1a: Inteleon|move: Focus Energy\n|\n|upkeep\n|turn|74\n|\n|t:|1657371063\n|move|p1a: Inteleon|Shadow Ball|p2a: Fuck tran\n|-crit|p2a: Fuck tran\n|-damage|p2a: Fuck tran|51\/100\n|-unboost|p2a: Fuck tran|spd|1\n|move|p2a: Fuck tran|Toxic|p1a: Inteleon\n|-status|p1a: Inteleon|tox\n|\n|-damage|p1a: Inteleon|82\/100 tox|[from] psn\n|upkeep\n|turn|75\n|\n|t:|1657371073\n|switch|p2a: I'm also pink blob|Gastrodon, M|88\/100\n|move|p1a: Inteleon|Snipe Shot|p2a: I'm also pink blob\n|-ability|p2a: I'm also pink blob|Storm Drain|boost\n|-boost|p2a: I'm also pink blob|spa|1\n|\n|-heal|p2a: I'm also pink blob|94\/100|[from] item: Leftovers\n|-damage|p1a: Inteleon|70\/100 tox|[from] psn\n|upkeep\n|turn|76\n|j| Atomise\n|l| loking887\n|\n|t:|1657371082\n|move|p1a: Inteleon|Shadow Ball|p2a: I'm also pink blob\n|-crit|p2a: I'm also pink blob\n|-damage|p2a: I'm also pink blob|52\/100\n|move|p2a: I'm also pink blob|Recover|p2a: I'm also pink blob\n|-heal|p2a: I'm also pink blob|100\/100\n|\n|-damage|p1a: Inteleon|52\/100 tox|[from] psn\n|upkeep\n|turn|77\n|\n|t:|1657371093\n|move|p1a: Inteleon|Shadow Ball|p2a: I'm also pink blob\n|-crit|p2a: I'm also pink blob\n|-damage|p2a: I'm also pink blob|62\/100\n|move|p2a: I'm also pink blob|Recover|p2a: I'm also pink blob\n|-heal|p2a: I'm also pink blob|100\/100\n|\n|-damage|p1a: Inteleon|28\/100 tox|[from] psn\n|upkeep\n|turn|78\n|l| Atomise\n|\n|t:|1657371102\n|move|p1a: Inteleon|Shadow Ball|p2a: I'm also pink blob\n|-crit|p2a: I'm also pink blob\n|-damage|p2a: I'm also pink blob|62\/100\n|move|p2a: I'm also pink blob|Recover|p2a: I'm also pink blob\n|-heal|p2a: I'm also pink blob|100\/100\n|\n|-damage|p1a: Inteleon|0 fnt|[from] psn\n|faint|p1a: Inteleon\n|upkeep\n|\n|t:|1657371118\n|switch|p1a: Garchomp|Garchomp, M|100\/100\n|-damage|p1a: Garchomp|94\/100|[from] Stealth Rock\n|turn|79\n|\n|t:|1657371122\n|switch|p2a: Dark resist|Tangrowth, F|100\/100\n|move|p1a: Garchomp|Earthquake|p2a: Dark resist\n|-resisted|p2a: Dark resist\n|-damage|p2a: Dark resist|86\/100\n|\n|-heal|p1a: Garchomp|100\/100|[from] item: Leftovers\n|upkeep\n|turn|80\n|\n|t:|1657371132\n|move|p1a: Garchomp|Substitute|p1a: Garchomp\n|-start|p1a: Garchomp|Substitute\n|-damage|p1a: Garchomp|76\/100\n|move|p2a: Dark resist|Toxic||[still]\n|-fail|p2a: Dark resist\n|\n|-heal|p1a: Garchomp|82\/100|[from] item: Leftovers\n|upkeep\n|turn|81\n|\n|t:|1657371145\n|switch|p2a: Shed shell7%?|Corviknight, F|100\/100\n|-ability|p2a: Shed shell7%?|Pressure\n|move|p1a: Garchomp|Swords Dance|p1a: Garchomp\n|-boost|p1a: Garchomp|atk|2\n|\n|-heal|p1a: Garchomp|88\/100|[from] item: Leftovers\n|upkeep\n|turn|82\n|\n|t:|1657371159\n|move|p1a: Garchomp|Swords Dance|p1a: Garchomp\n|-boost|p1a: Garchomp|atk|2\n|move|p2a: Shed shell7%?|Iron Defense|p2a: Shed shell7%?\n|-boost|p2a: Shed shell7%?|def|2\n|\n|-heal|p1a: Garchomp|94\/100|[from] item: Leftovers\n|upkeep\n|turn|83\n|l| Ran Kob\n|\n|t:|1657371168\n|move|p1a: Garchomp|Swords Dance|p1a: Garchomp\n|-boost|p1a: Garchomp|atk|2\n|move|p2a: Shed shell7%?|Iron Defense|p2a: Shed shell7%?\n|-boost|p2a: Shed shell7%?|def|2\n|\n|-heal|p1a: Garchomp|99\/100|[from] item: Leftovers\n|upkeep\n|turn|84\n|j| Silent D Waltz\n|\n|t:|1657371177\n|move|p1a: Garchomp|Swords Dance|p1a: Garchomp\n|-boost|p1a: Garchomp|atk|0\n|move|p2a: Shed shell7%?|Iron Defense|p2a: Shed shell7%?\n|-boost|p2a: Shed shell7%?|def|2\n|\n|-heal|p1a: Garchomp|100\/100|[from] item: Leftovers\n|upkeep\n|turn|85\n|\n|t:|1657371188\n|move|p1a: Garchomp|Swords Dance|p1a: Garchomp\n|-boost|p1a: Garchomp|atk|0\n|move|p2a: Shed shell7%?|Body Press|p1a: Garchomp\n|-end|p1a: Garchomp|Substitute\n|\n|upkeep\n|turn|86\n|\n|t:|1657371195\n|move|p1a: Garchomp|Substitute|p1a: Garchomp\n|-start|p1a: Garchomp|Substitute\n|-damage|p1a: Garchomp|76\/100\n|move|p2a: Shed shell7%?|Body Press|p1a: Garchomp\n|-end|p1a: Garchomp|Substitute\n|\n|-heal|p1a: Garchomp|82\/100|[from] item: Leftovers\n|upkeep\n|turn|87\n|\n|t:|1657371204\n|switch|p1a: Aegislash|Aegislash, M|100\/100\n|-damage|p1a: Aegislash|94\/100|[from] Stealth Rock\n|move|p2a: Shed shell7%?|Body Press|p1a: Aegislash\n|-immune|p1a: Aegislash\n|\n|-heal|p1a: Aegislash|100\/100|[from] item: Leftovers\n|upkeep\n|turn|88\n|\n|t:|1657371215\n|switch|p2a: Dark resist|Tangrowth, F|100\/100\n|switch|p1a: Scizor|Scizor, F|93\/100\n|-damage|p1a: Scizor|81\/100|[from] Stealth Rock\n|\n|upkeep\n|turn|89\n|\n|t:|1657371223\n|switch|p2a: Fuck tran|Toxapex, M|84\/100\n|move|p1a: Scizor|Swords Dance|p1a: Scizor\n|-boost|p1a: Scizor|atk|2\n|\n|upkeep\n|turn|90\n|\n|t:|1657371229\n|move|p1a: Scizor|Swords Dance|p1a: Scizor\n|-boost|p1a: Scizor|atk|2\n|move|p2a: Fuck tran|Scald|p1a: Scizor\n|-damage|p1a: Scizor|62\/100\n|\n|upkeep\n|turn|91\n|\n|t:|1657371236\n|move|p1a: Scizor|Knock Off|p2a: Fuck tran\n|-damage|p2a: Fuck tran|20\/100\n|-damage|p1a: Scizor|46\/100|[from] item: Rocky Helmet|[of] p2a: Fuck tran\n|-enditem|p2a: Fuck tran|Rocky Helmet|[from] move: Knock Off|[of] p1a: Scizor\n|move|p2a: Fuck tran|Scald|p1a: Scizor\n|-damage|p1a: Scizor|26\/100\n|\n|upkeep\n|turn|92\n|\n|t:|1657371246\n|switch|p2a: Shed shell7%?|Corviknight, F|100\/100\n|-ability|p2a: Shed shell7%?|Pressure\n|move|p1a: Scizor|Roost|p1a: Scizor\n|-heal|p1a: Scizor|76\/100\n|-singleturn|p1a: Scizor|move: Roost\n|\n|upkeep\n|turn|93\n|\n|t:|1657371254\n|move|p2a: Shed shell7%?|Iron Defense|p2a: Shed shell7%?\n|-boost|p2a: Shed shell7%?|def|2\n|move|p1a: Scizor|Swords Dance|p1a: Scizor\n|-boost|p1a: Scizor|atk|2\n|\n|upkeep\n|turn|94\n|\n|t:|1657371260\n|switch|p1a: Aegislash|Aegislash, M|100\/100\n|-damage|p1a: Aegislash|94\/100|[from] Stealth Rock\n|move|p2a: Shed shell7%?|Iron Defense|p2a: Shed shell7%?\n|-boost|p2a: Shed shell7%?|def|2\n|\n|-heal|p1a: Aegislash|100\/100|[from] item: Leftovers\n|upkeep\n|turn|95\n|j| someidiot19\n|\n|t:|1657371274\n|switch|p2a: Dark resist|Tangrowth, F|100\/100\n|move|p1a: Aegislash|Swords Dance|p1a: Aegislash\n|-boost|p1a: Aegislash|atk|2\n|\n|upkeep\n|turn|96\n|l| someidiot19\n|j| fadsgh\n|\n|t:|1657371281\n|move|p1a: Aegislash|King's Shield|p1a: Aegislash\n|-singleturn|p1a: Aegislash|Protect\n|move|p2a: Dark resist|Knock Off|p1a: Aegislash\n|-activate|p1a: Aegislash|move: Protect\n|-unboost|p2a: Dark resist|atk|1\n|\n|upkeep\n|turn|97\n|\n|t:|1657371289\n|switch|p1a: Scizor|Scizor, F|76\/100\n|-damage|p1a: Scizor|63\/100|[from] Stealth Rock\n|move|p2a: Dark resist|Knock Off|p1a: Scizor\n|-damage|p1a: Scizor|54\/100\n|\n|upkeep\n|turn|98\n|\n|t:|1657371296\n|switch|p2a: Fuck tran|Toxapex, M|53\/100\n|move|p1a: Scizor|Swords Dance|p1a: Scizor\n|-boost|p1a: Scizor|atk|2\n|\n|upkeep\n|turn|99\n|l|fadsgh\n|\n|t:|1657371303\n|move|p1a: Scizor|Knock Off|p2a: Fuck tran\n|-damage|p2a: Fuck tran|24\/100\n|move|p2a: Fuck tran|Recover|p2a: Fuck tran\n|-heal|p2a: Fuck tran|74\/100\n|\n|upkeep\n|turn|100\n|j| Demonius\n|\n|t:|1657371309\n|switch|p1a: Tapu Koko|Tapu Koko|86\/100 brn\n|-fieldstart|move: Electric Terrain|[from] ability: Electric Surge|[of] p1a: Tapu Koko\n|move|p2a: Fuck tran|Scald|p1a: Tapu Koko\n|-damage|p1a: Tapu Koko|59\/100 brn\n|\n|-damage|p1a: Tapu Koko|53\/100 brn|[from] brn\n|upkeep\n|turn|101\n|j| Stonkystinky\n|l| Silent D Waltz\n|\n|t:|1657371320\n|switch|p1a: Garchomp|Garchomp, M|82\/100\n|-damage|p1a: Garchomp|76\/100|[from] Stealth Rock\n|switch|p2a: Fuck taunt|Blissey, F|82\/100\n|\n|-heal|p1a: Garchomp|82\/100|[from] item: Leftovers\n|upkeep\n|turn|102\n|l| VenusaursKingodom\n|\n|t:|1657371330\n|switch|p2a: Dark resist|Tangrowth, F|100\/100\n|move|p1a: Garchomp|Swords Dance|p1a: Garchomp\n|-boost|p1a: Garchomp|atk|2\n|\n|-heal|p1a: Garchomp|88\/100|[from] item: Leftovers\n|upkeep\n|turn|103\n|\n|t:|1657371339\n|move|p1a: Garchomp|Scale Shot|p2a: Dark resist\n|-damage|p2a: Dark resist|87\/100\n|-crit|p2a: Dark resist\n|-damage|p2a: Dark resist|67\/100\n|-damage|p2a: Dark resist|54\/100\n|-hitcount|p2a: Dark resist|3\n|-unboost|p1a: Garchomp|def|1\n|-boost|p1a: Garchomp|spe|1\n|move|p2a: Dark resist|Giga Drain|p1a: Garchomp\n|-damage|p1a: Garchomp|60\/100\n|-heal|p2a: Dark resist|66\/100|[from] drain|[of] p1a: Garchomp\n|\n|-heal|p1a: Garchomp|66\/100|[from] item: Leftovers\n|upkeep\n|turn|104\n|\n|t:|1657371354\n|move|p1a: Garchomp|Scale Shot|p2a: Dark resist\n|-damage|p2a: Dark resist|53\/100\n|-crit|p2a: Dark resist\n|-damage|p2a: Dark resist|33\/100\n|-crit|p2a: Dark resist\n|-damage|p2a: Dark resist|13\/100\n|-damage|p2a: Dark resist|0 fnt\n|faint|p2a: Dark resist\n|-hitcount|p2: Dark resist|4\n|-unboost|p1a: Garchomp|def|1\n|-boost|p1a: Garchomp|spe|1\n|\n|-heal|p1a: Garchomp|72\/100|[from] item: Leftovers\n|-fieldend|move: Electric Terrain\n|upkeep\n|l| angrrry\n|c|\u2606Highv0ltag3|Bruh\n|c| Stonkystinky|Bruh\n|\n|t:|1657371369\n|switch|p2a: Shed shell7%?|Corviknight, F|100\/100\n|-ability|p2a: Shed shell7%?|Pressure\n|turn|105\n|j| VenusaursKingodom\n|c| Stonkystinky|Ur lucky as shit\n|\n|t:|1657371375\n|switch|p1a: Aegislash|Aegislash, M|100\/100\n|-damage|p1a: Aegislash|94\/100|[from] Stealth Rock\n|switch|p2a: Fuck tran|Toxapex, M|100\/100\n|\n|-heal|p1a: Aegislash|100\/100|[from] item: Leftovers\n|upkeep\n|turn|106\n|j| angrrry\n|\n|t:|1657371385\n|switch|p1a: Tapu Koko|Tapu Koko|53\/100 brn\n|-fieldstart|move: Electric Terrain|[from] ability: Electric Surge|[of] p1a: Tapu Koko\n|move|p2a: Fuck tran|Toxic Spikes|p1a: Tapu Koko\n|-sidestart|p1: jeanmilapipe|move: Toxic Spikes\n|\n|-damage|p1a: Tapu Koko|47\/100 brn|[from] brn\n|upkeep\n|turn|107\n|\n|t:|1657371394\n|move|p1a: Tapu Koko|Toxic|p2a: Fuck tran\n|-immune|p2a: Fuck tran\n|move|p2a: Fuck tran|Scald|p1a: Tapu Koko\n|-damage|p1a: Tapu Koko|20\/100 brn\n|\n|-damage|p1a: Tapu Koko|14\/100 brn|[from] brn\n|upkeep\n|turn|108\n|\n|t:|1657371403\n|switch|p2a: Fuck taunt|Blissey, F|82\/100\n|move|p1a: Tapu Koko|Roost|p1a: Tapu Koko\n|-heal|p1a: Tapu Koko|64\/100 brn\n|-singleturn|p1a: Tapu Koko|move: Roost\n|\n|-damage|p1a: Tapu Koko|58\/100 brn|[from] brn\n|upkeep\n|turn|109\n|\n|t:|1657371415\n|switch|p1a: Corviknight|Corviknight, M|79\/100\n|-damage|p1a: Corviknight|67\/100|[from] Stealth Rock\n|switch|p2a: Fuck tran|Toxapex, M|100\/100\n|\n|upkeep\n|turn|110\n|\n|t:|1657371422\n|move|p1a: Corviknight|Defog|p2a: Fuck tran\n|-unboost|p2a: Fuck tran|evasion|1\n|-sideend|p1: jeanmilapipe|Toxic Spikes|[from] move: Defog|[of] p1a: Corviknight\n|-sideend|p1: jeanmilapipe|Stealth Rock|[from] move: Defog|[of] p1a: Corviknight\n|-fieldend|move: Electric Terrain\n|move|p2a: Fuck tran|Scald|p1a: Corviknight\n|-damage|p1a: Corviknight|52\/100\n|\n|upkeep\n|turn|111\n|\n|t:|1657371430\n|move|p1a: Corviknight|Roost|p1a: Corviknight\n|-heal|p1a: Corviknight|100\/100\n|-singleturn|p1a: Corviknight|move: Roost\n|move|p2a: Fuck tran|Toxic|p1a: Corviknight\n|-immune|p1a: Corviknight\n|\n|upkeep\n|turn|112\n|l| qingshu0918\n|\n|t:|1657371438\n|move|p1a: Corviknight|U-turn|p2a: Fuck tran\n|-resisted|p2a: Fuck tran\n|-damage|p2a: Fuck tran|96\/100\n|\n|t:|1657371443\n|switch|p1a: Tapu Koko|Tapu Koko|58\/100 brn|[from]move: U-turn\n|-fieldstart|move: Electric Terrain|[from] ability: Electric Surge|[of] p1a: Tapu Koko\n|move|p2a: Fuck tran|Toxic Spikes|p1a: Tapu Koko\n|-sidestart|p1: jeanmilapipe|move: Toxic Spikes\n|\n|-damage|p1a: Tapu Koko|52\/100 brn|[from] brn\n|upkeep\n|turn|113\n|\n|t:|1657371453\n|switch|p2a: Fuck taunt|Blissey, F|82\/100\n|move|p1a: Tapu Koko|Roost|p1a: Tapu Koko\n|-heal|p1a: Tapu Koko|100\/100 brn\n|-singleturn|p1a: Tapu Koko|move: Roost\n|\n|-damage|p1a: Tapu Koko|94\/100 brn|[from] brn\n|upkeep\n|turn|114\n|\n|t:|1657371461\n|switch|p1a: Corviknight|Corviknight, M|100\/100\n|move|p2a: Fuck taunt|Stealth Rock|p1a: Corviknight\n|-sidestart|p1: jeanmilapipe|move: Stealth Rock\n|\n|upkeep\n|turn|115\n|\n|t:|1657371468\n|switch|p2a: Shed shell7%?|Corviknight, F|100\/100\n|-ability|p2a: Shed shell7%?|Pressure\n|move|p1a: Corviknight|Defog|p2a: Shed shell7%?\n|-unboost|p2a: Shed shell7%?|evasion|1\n|-sideend|p1: jeanmilapipe|Toxic Spikes|[from] move: Defog|[of] p1a: Corviknight\n|-sideend|p1: jeanmilapipe|Stealth Rock|[from] move: Defog|[of] p1a: Corviknight\n|-fieldend|move: Electric Terrain\n|\n|upkeep\n|turn|116\n|\n|t:|1657371477\n|switch|p2a: Fuck tran|Toxapex, M|100\/100\n|move|p1a: Corviknight|U-turn|p2a: Fuck tran\n|-resisted|p2a: Fuck tran\n|-damage|p2a: Fuck tran|96\/100\n|\n|t:|1657371482\n|switch|p1a: Garchomp|Garchomp, M|72\/100|[from]move: U-turn\n|\n|-heal|p1a: Garchomp|78\/100|[from] item: Leftovers\n|upkeep\n|turn|117\n|\n|t:|1657371488\n|move|p1a: Garchomp|Substitute|p1a: Garchomp\n|-start|p1a: Garchomp|Substitute\n|-damage|p1a: Garchomp|53\/100\n|move|p2a: Fuck tran|Toxic Spikes|p1a: Garchomp\n|-sidestart|p1: jeanmilapipe|move: Toxic Spikes\n|\n|-heal|p1a: Garchomp|60\/100|[from] item: Leftovers\n|upkeep\n|turn|118\n|c| Stonkystinky|y\u2019all really desperate\n|\n|t:|1657371499\n|switch|p2a: Fuck taunt|Blissey, F|82\/100\n|move|p1a: Garchomp|Swords Dance|p1a: Garchomp\n|-boost|p1a: Garchomp|atk|2\n|\n|-heal|p1a: Garchomp|66\/100|[from] item: Leftovers\n|upkeep\n|turn|119\n|\n|t:|1657371507\n|switch|p2a: Shed shell7%?|Corviknight, F|100\/100\n|-ability|p2a: Shed shell7%?|Pressure\n|move|p1a: Garchomp|Swords Dance|p1a: Garchomp\n|-boost|p1a: Garchomp|atk|2\n|\n|-heal|p1a: Garchomp|72\/100|[from] item: Leftovers\n|upkeep\n|turn|120\n|inactive|jeanmilapipe has 120 seconds left.\n|\n|t:|1657371523\n|move|p1a: Garchomp|Swords Dance|p1a: Garchomp\n|-boost|p1a: Garchomp|atk|2\n|move|p2a: Shed shell7%?|Iron Defense|p2a: Shed shell7%?\n|-boost|p2a: Shed shell7%?|def|2\n|\n|-heal|p1a: Garchomp|78\/100|[from] item: Leftovers\n|upkeep\n|turn|121\n|inactive|jeanmilapipe has 120 seconds left.\n|\n|t:|1657371533\n|move|p1a: Garchomp|Swords Dance|p1a: Garchomp\n|-boost|p1a: Garchomp|atk|0\n|move|p2a: Shed shell7%?|Body Press|p1a: Garchomp\n|-end|p1a: Garchomp|Substitute\n|\n|-heal|p1a: Garchomp|84\/100|[from] item: Leftovers\n|upkeep\n|turn|122\n|inactive|jeanmilapipe has 120 seconds left.\n|\n|t:|1657371542\n|switch|p1a: Aegislash|Aegislash, M|100\/100\n|switch|p2a: Fuck tran|Toxapex, M|100\/100\n|\n|upkeep\n|turn|123\n|inactive|jeanmilapipe has 120 seconds left.\n|\n|t:|1657371553\n|switch|p1a: Corviknight|Corviknight, M|100\/100\n|move|p2a: Fuck tran|Scald|p1a: Corviknight\n|-damage|p1a: Corviknight|87\/100\n|-status|p1a: Corviknight|brn\n|\n|-damage|p1a: Corviknight|80\/100 brn|[from] brn\n|upkeep\n|turn|124\n|\n|t:|1657371563\n|move|p1a: Corviknight|Defog|p2a: Fuck tran\n|-unboost|p2a: Fuck tran|evasion|1\n|-sideend|p1: jeanmilapipe|Toxic Spikes|[from] move: Defog|[of] p1a: Corviknight\n|move|p2a: Fuck tran|Toxic Spikes|p1a: Corviknight\n|-sidestart|p1: jeanmilapipe|move: Toxic Spikes\n|\n|-damage|p1a: Corviknight|74\/100 brn|[from] brn\n|upkeep\n|turn|125\n|\n|t:|1657371572\n|move|p1a: Corviknight|Defog|p2a: Fuck tran\n|-unboost|p2a: Fuck tran|evasion|1\n|-sideend|p1: jeanmilapipe|Toxic Spikes|[from] move: Defog|[of] p1a: Corviknight\n|move|p2a: Fuck tran|Toxic Spikes|p1a: Corviknight\n|-sidestart|p1: jeanmilapipe|move: Toxic Spikes\n|\n|-damage|p1a: Corviknight|68\/100 brn|[from] brn\n|upkeep\n|turn|126\n|j| loking887\n|\n|t:|1657371580\n|move|p1a: Corviknight|Roost|p1a: Corviknight\n|-heal|p1a: Corviknight|100\/100 brn\n|-singleturn|p1a: Corviknight|move: Roost\n|move|p2a: Fuck tran|Toxic Spikes|p1a: Corviknight\n|-sidestart|p1: jeanmilapipe|move: Toxic Spikes\n|\n|-damage|p1a: Corviknight|94\/100 brn|[from] brn\n|upkeep\n|turn|127\n|\n|t:|1657371589\n|move|p1a: Corviknight|Defog|p2a: Fuck tran\n|-unboost|p2a: Fuck tran|evasion|1\n|-sideend|p1: jeanmilapipe|Toxic Spikes|[from] move: Defog|[of] p1a: Corviknight\n|move|p2a: Fuck tran|Toxic Spikes|p1a: Corviknight\n|-sidestart|p1: jeanmilapipe|move: Toxic Spikes\n|\n|-damage|p1a: Corviknight|88\/100 brn|[from] brn\n|upkeep\n|turn|128\n|l| Demonius\n|\n|t:|1657371602\n|switch|p1a: Tapu Koko|Tapu Koko|94\/100 brn\n|-fieldstart|move: Electric Terrain|[from] ability: Electric Surge|[of] p1a: Tapu Koko\n|switch|p2a: Shed shell7%?|Corviknight, F|100\/100\n|-ability|p2a: Shed shell7%?|Pressure\n|\n|-damage|p1a: Tapu Koko|88\/100 brn|[from] brn\n|upkeep\n|turn|129\n|\n|t:|1657371613\n|switch|p1a: Scizor|Scizor, F|54\/100\n|switch|p2a: Fuck tran|Toxapex, M|100\/100\n|\n|upkeep\n|turn|130\n|\n|t:|1657371625\n|switch|p1a: Corviknight|Corviknight, M|88\/100 brn\n|switch|p2a: Fuck taunt|Blissey, F|82\/100\n|\n|-damage|p1a: Corviknight|82\/100 brn|[from] brn\n|upkeep\n|turn|131\n|\n|t:|1657371632\n|move|p1a: Corviknight|U-turn|p2a: Fuck taunt\n|-damage|p2a: Fuck taunt|75\/100\n|\n|t:|1657371638\n|switch|p1a: Aegislash|Aegislash, M|100\/100|[from]move: U-turn\n|move|p2a: Fuck taunt|Stealth Rock|p1a: Aegislash\n|-sidestart|p1: jeanmilapipe|move: Stealth Rock\n|\n|upkeep\n|turn|132\n|\n|t:|1657371649\n|switch|p2a: I'm also pink blob|Gastrodon, M|100\/100\n|move|p1a: Aegislash|Swords Dance|p1a: Aegislash\n|-boost|p1a: Aegislash|atk|2\n|\n|-fieldend|move: Electric Terrain\n|upkeep\n|turn|133\n|\n|t:|1657371658\n|move|p1a: Aegislash|Swords Dance|p1a: Aegislash\n|-boost|p1a: Aegislash|atk|2\n|move|p2a: I'm also pink blob|Earth Power|p1a: Aegislash\n|-supereffective|p1a: Aegislash\n|-damage|p1a: Aegislash|52\/100\n|\n|-heal|p1a: Aegislash|58\/100|[from] item: Leftovers\n|upkeep\n|turn|134\n|\n|t:|1657371677\n|switch|p2a: Fuck taunt|Blissey, F|75\/100\n|-formechange|p1a: Aegislash|Aegislash-Blade||[from] ability: Stance Change\n|move|p1a: Aegislash|Shadow Claw|p2a: Fuck taunt\n|-immune|p2a: Fuck taunt\n|\n|-heal|p1a: Aegislash|64\/100|[from] item: Leftovers\n|upkeep\n|turn|135\n|\n|t:|1657371687\n|switch|p2a: Fuck tran|Toxapex, M|100\/100\n|move|p1a: Aegislash|Swords Dance|p1a: Aegislash\n|-boost|p1a: Aegislash|atk|2\n|\n|-heal|p1a: Aegislash|70\/100|[from] item: Leftovers\n|upkeep\n|turn|136\n|n| Enkefalos|zreptar\n|\n|t:|1657371695\n|move|p1a: Aegislash|Shadow Claw|p2a: Fuck tran\n|-damage|p2a: Fuck tran|0 fnt\n|faint|p2a: Fuck tran\n|\n|-heal|p1a: Aegislash|76\/100|[from] item: Leftovers\n|upkeep\n|c|\u2606Highv0ltag3|Gg\n|c|\u2606Highv0ltag3|Wp\n|-message|Highv0ltag3 forfeited.\n|\n|win|jeanmilapipe\n|raw|jeanmilapipe's rating: 1813 &rarr; <strong>1836<\/strong><br \/>(+23 for winning)\n|raw|Highv0ltag3's rating: 1862 &rarr; <strong>1839<\/strong><br \/>(-23 for losing)\n|l|\u2606Highv0ltag3\n|j| 7acomm\n|c| 7acomm|nice\n|l| 7acomm\n|c| Stonkystinky|Jean this ur 20th game or some shit\n|c| Stonkystinky|?\n|l| tsnsj\n||Ladder isn't responding, score probably updated but might not have (Request timeout).\n|l| Stonkystinky\n|l| VenusaursKingodom\n|l| loking887\n|j| Demonius\n","uploadtime":1657372005,"views":139,"p1id":"jeanmilapipe","p2id":"highv0ltag3","formatid":"gen8ou","rating":1836,"private":0,"password":null}