{"id":"gen8ou-1500226924","p1":"Bloody Busybody","p2":"thegreatgamesneak","format":"gen8ou","log":"|j|\u2606Bloody Busybody\n|j|\u2606thegreatgamesneak\n|t:|1643389694\n|gametype|singles\n|player|p1|Bloody Busybody|bugcatcher|1573\n|player|p2|thegreatgamesneak|shauntal|1546\n|teamsize|p1|6\n|teamsize|p2|6\n|gen|8\n|tier|[Gen 8] OU\n|rated|\n|rule|Sleep Clause Mod: Limit one foe put to sleep\n|rule|Species Clause: Limit one of each Pok\u00e9mon\n|rule|OHKO Clause: OHKO moves are banned\n|rule|Evasion Moves Clause: Evasion moves are banned\n|rule|Endless Battle Clause: Forcing endless battles is banned\n|rule|HP Percentage Mod: HP is shown in percentages\n|rule|Dynamax Clause: You cannot dynamax\n|clearpoke\n|poke|p1|Volcanion|\n|poke|p1|Corviknight, F|\n|poke|p1|Mamoswine, F|\n|poke|p1|Blissey, F|\n|poke|p1|Rillaboom, F|\n|poke|p1|Hydreigon, F|\n|poke|p2|Nihilego|\n|poke|p2|Magnezone|\n|poke|p2|Crawdaunt, F|\n|poke|p2|Darmanitan, M|\n|poke|p2|Mew|\n|poke|p2|Dragonite, F|\n|teampreview\n|inactive|Battle timer is ON: inactive players will automatically lose when time's up. (requested by Bloody Busybody)\n|\n|t:|1643389703\n|start\n|switch|p1a: Rillaboom|Rillaboom, F|100\/100\n|switch|p2a: Mew|Mew|100\/100\n|-fieldstart|move: Grassy Terrain|[from] ability: Grassy Surge|[of] p1a: Rillaboom\n|turn|1\n|\n|t:|1643389706\n|move|p1a: Rillaboom|Grassy Glide|p2a: Mew\n|-damage|p2a: Mew|31\/100\n|move|p2a: Mew|Thunder Wave|p1a: Rillaboom\n|-status|p1a: Rillaboom|par\n|\n|-heal|p2a: Mew|37\/100|[from] Grassy Terrain\n|upkeep\n|turn|2\n|\n|t:|1643389712\n|switch|p2a: Dragonite|Dragonite, F|100\/100\n|move|p1a: Rillaboom|Grassy Glide|p2a: Dragonite\n|-resisted|p2a: Dragonite\n|-damage|p2a: Dragonite|94\/100\n|\n|upkeep\n|turn|3\n|\n|t:|1643389718\n|switch|p2a: Mew|Mew|37\/100\n|switch|p1a: Corviknight|Corviknight, F|100\/100\n|-ability|p1a: Corviknight|Pressure\n|\n|-heal|p2a: Mew|44\/100|[from] Grassy Terrain\n|upkeep\n|turn|4\n|\n|t:|1643389723\n|move|p2a: Mew|Stealth Rock|p1a: Corviknight\n|-sidestart|p1: Bloody Busybody|move: Stealth Rock\n|move|p1a: Corviknight|U-turn|p2a: Mew\n|-supereffective|p2a: Mew\n|-damage|p2a: Mew|20\/100\n|\n|t:|1643389725\n|switch|p1a: Rillaboom|Rillaboom, F|100\/100 par|[from]move: U-turn\n|-damage|p1a: Rillaboom|88\/100 par|[from] Stealth Rock\n|\n|-heal|p2a: Mew|26\/100|[from] Grassy Terrain\n|-heal|p1a: Rillaboom|94\/100 par|[from] Grassy Terrain\n|upkeep\n|turn|5\n|\n|t:|1643389729\n|move|p2a: Mew|Spikes|p1a: Rillaboom\n|-sidestart|p1: Bloody Busybody|Spikes\n|cant|p1a: Rillaboom|par\n|\n|-heal|p2a: Mew|32\/100|[from] Grassy Terrain\n|-heal|p1a: Rillaboom|100\/100 par|[from] Grassy Terrain\n|-fieldend|move: Grassy Terrain\n|upkeep\n|turn|6\n|\n|t:|1643389733\n|move|p2a: Mew|Spikes|p1a: Rillaboom\n|-sidestart|p1: Bloody Busybody|Spikes\n|move|p1a: Rillaboom|U-turn|p2a: Mew\n|-supereffective|p2a: Mew\n|-damage|p2a: Mew|0 fnt\n|faint|p2a: Mew\n|\n|t:|1643389742\n|switch|p1a: Hydreigon|Hydreigon, F|100\/100|[from]move: U-turn\n|-damage|p1a: Hydreigon|88\/100|[from] Stealth Rock\n|\n|upkeep\n|\n|t:|1643389748\n|switch|p2a: Darmanitan|Darmanitan, M|100\/100\n|turn|7\n|\n|t:|1643389755\n|move|p2a: Darmanitan|U-turn|p1a: Hydreigon\n|-supereffective|p1a: Hydreigon\n|-damage|p1a: Hydreigon|25\/100\n|\n|t:|1643389764\n|switch|p2a: The Menace|Nihilego|100\/100|[from]move: U-turn\n|move|p1a: Hydreigon|Roost|p1a: Hydreigon\n|-heal|p1a: Hydreigon|76\/100\n|-singleturn|p1a: Hydreigon|move: Roost\n|\n|upkeep\n|turn|8\n|\n|t:|1643389771\n|switch|p1a: Blissey|Blissey, F|100\/100\n|move|p2a: The Menace|Sludge Wave|p1a: Blissey\n|-damage|p1a: Blissey|84\/100\n|\n|upkeep\n|turn|9\n|\n|t:|1643389775\n|switch|p2a: Crawdaunt|Crawdaunt, F|100\/100\n|move|p1a: Blissey|Teleport|p1a: Blissey\n|\n|t:|1643389781\n|switch|p1a: Corviknight|Corviknight, F|100\/100|[from]move: Teleport\n|-damage|p1a: Corviknight|88\/100|[from] Stealth Rock\n|-ability|p1a: Corviknight|Pressure\n|\n|upkeep\n|turn|10\n|\n|t:|1643389785\n|move|p2a: Crawdaunt|Swords Dance|p2a: Crawdaunt\n|-boost|p2a: Crawdaunt|atk|2\n|move|p1a: Corviknight|Defog|p2a: Crawdaunt\n|-unboost|p2a: Crawdaunt|evasion|1\n|-sideend|p1: Bloody Busybody|Spikes|[from] move: Defog|[of] p1a: Corviknight\n|-sideend|p1: Bloody Busybody|Stealth Rock|[from] move: Defog|[of] p1a: Corviknight\n|\n|upkeep\n|turn|11\n|\n|t:|1643389789\n|move|p2a: Crawdaunt|Knock Off|p1a: Corviknight\n|-damage|p1a: Corviknight|0 fnt\n|-damage|p2a: Crawdaunt|84\/100|[from] item: Rocky Helmet|[of] p1a: Corviknight\n|-enditem|p1a: Corviknight|Rocky Helmet|[from] move: Knock Off|[of] p2a: Crawdaunt\n|faint|p1a: Corviknight\n|-damage|p2a: Crawdaunt|74\/100|[from] item: Life Orb\n|\n|upkeep\n|\n|t:|1643389812\n|switch|p1a: Rillaboom|Rillaboom, F|100\/100 par\n|-fieldstart|move: Grassy Terrain|[from] ability: Grassy Surge|[of] p1a: Rillaboom\n|turn|12\n|\n|t:|1643389815\n|switch|p2a: Dragonite|Dragonite, F|94\/100\n|move|p1a: Rillaboom|Grassy Glide|p2a: Dragonite\n|-resisted|p2a: Dragonite\n|-damage|p2a: Dragonite|82\/100\n|\n|upkeep\n|turn|13\n|\n|t:|1643389821\n|switch|p1a: Volcanion|Volcanion|100\/100\n|move|p2a: Dragonite|Ice Beam|p1a: Volcanion\n|-resisted|p1a: Volcanion\n|-damage|p1a: Volcanion|95\/100\n|\n|-heal|p1a: Volcanion|100\/100|[from] Grassy Terrain\n|upkeep\n|turn|14\n|\n|t:|1643389830\n|switch|p2a: Magnezone|Magnezone|100\/100\n|move|p1a: Volcanion|Steam Eruption|p2a: Magnezone\n|-crit|p2a: Magnezone\n|-damage|p2a: Magnezone|0 fnt\n|faint|p2a: Magnezone\n|\n|upkeep\n|\n|t:|1643389836\n|switch|p2a: Darmanitan|Darmanitan, M|100\/100\n|turn|15\n|\n|t:|1643389839\n|move|p2a: Darmanitan|Rock Slide|p1a: Volcanion\n|-supereffective|p1a: Volcanion\n|-damage|p1a: Volcanion|42\/100\n|move|p1a: Volcanion|Steam Eruption|p2a: Darmanitan\n|-supereffective|p2a: Darmanitan\n|-damage|p2a: Darmanitan|0 fnt\n|faint|p2a: Darmanitan\n|\n|-heal|p1a: Volcanion|48\/100|[from] Grassy Terrain\n|upkeep\n|\n|t:|1643389847\n|switch|p2a: The Menace|Nihilego|100\/100\n|turn|16\n|\n|t:|1643389853\n|switch|p1a: Blissey|Blissey, F|84\/100\n|move|p2a: The Menace|Power Gem|p1a: Blissey\n|-damage|p1a: Blissey|68\/100\n|\n|-heal|p1a: Blissey|74\/100|[from] Grassy Terrain\n|-fieldend|move: Grassy Terrain\n|upkeep\n|turn|17\n|\n|t:|1643389856\n|move|p2a: The Menace|Meteor Beam||[still]\n|-prepare|p2a: The Menace|Meteor Beam\n|-boost|p2a: The Menace|spa|1\n|-enditem|p2a: The Menace|Power Herb\n|-anim|p2a: The Menace|Meteor Beam|p1a: Blissey\n|-damage|p1a: Blissey|43\/100\n|move|p1a: Blissey|Teleport|p1a: Blissey\n|\n|t:|1643389860\n|switch|p1a: Mamoswine|Mamoswine, F|100\/100|[from]move: Teleport\n|\n|upkeep\n|turn|18\n|\n|t:|1643389863\n|move|p2a: The Menace|Grass Knot|p1a: Mamoswine\n|-supereffective|p1a: Mamoswine\n|-enditem|p1a: Mamoswine|Focus Sash\n|-damage|p1a: Mamoswine|1\/100\n|move|p1a: Mamoswine|High Horsepower|p2a: The Menace\n|-supereffective|p2a: The Menace\n|-damage|p2a: The Menace|0 fnt\n|faint|p2a: The Menace\n|\n|upkeep\n|\n|t:|1643389872\n|switch|p2a: Crawdaunt|Crawdaunt, F|74\/100\n|turn|19\n|\n|t:|1643389876\n|switch|p1a: Volcanion|Volcanion|48\/100\n|move|p2a: Crawdaunt|Aqua Jet|p1a: Volcanion\n|-heal|p1a: Volcanion|72\/100|[from] ability: Water Absorb|[of] p2a: Crawdaunt\n|\n|upkeep\n|turn|20\n|\n|t:|1643389880\n|move|p2a: Crawdaunt|Knock Off|p1a: Volcanion\n|-damage|p1a: Volcanion|2\/100\n|-enditem|p1a: Volcanion|Choice Specs|[from] move: Knock Off|[of] p2a: Crawdaunt\n|-damage|p2a: Crawdaunt|65\/100|[from] item: Life Orb\n|move|p1a: Volcanion|Steam Eruption|p2a: Crawdaunt\n|-resisted|p2a: Crawdaunt\n|-damage|p2a: Crawdaunt|0 fnt\n|faint|p2a: Crawdaunt\n|\n|upkeep\n|-message|thegreatgamesneak forfeited.\n|\n|win|Bloody Busybody\n|raw|Bloody Busybody's rating: 1573 &rarr; <strong>1591<\/strong><br \/>(+18 for winning)\n|raw|thegreatgamesneak's rating: 1546 &rarr; <strong>1528<\/strong><br \/>(-18 for losing)\n|l|\u2606thegreatgamesneak\n||Ladder isn't responding, score probably updated but might not have (Request timeout).\n|l|\u2606Bloody Busybody\n","uploadtime":1643390138,"views":25,"p1id":"bloodybusybody","p2id":"thegreatgamesneak","formatid":"gen8ou","rating":1528,"private":0,"password":null}