{"id":"gen8ou-1570277388","p1":"LaPatateRose","p2":"Delibird Heart","format":"gen8ou","log":"|j|\u2606LaPatateRose\n|j|\u2606Delibird Heart\n|t:|1652015066\n|gametype|singles\n|player|p1|LaPatateRose|102|1598\n|player|p2|Delibird Heart|guitarist-gen4|1714\n|teamsize|p1|6\n|teamsize|p2|6\n|gen|8\n|tier|[Gen 8] OU\n|rated|\n|rule|Sleep Clause Mod: Limit one foe put to sleep\n|rule|Species Clause: Limit one of each Pok\u00e9mon\n|rule|OHKO Clause: OHKO moves are banned\n|rule|Evasion Moves Clause: Evasion moves are banned\n|rule|Endless Battle Clause: Forcing endless battles is banned\n|rule|HP Percentage Mod: HP is shown in percentages\n|rule|Dynamax Clause: You cannot dynamax\n|clearpoke\n|poke|p1|Clefable, M|\n|poke|p1|Rillaboom, F|\n|poke|p1|Hawlucha, F|\n|poke|p1|Toxapex, M|\n|poke|p1|Melmetal|\n|poke|p1|Latias, F|\n|poke|p2|Ninetales-Alola, M|\n|poke|p2|Arctozolt|\n|poke|p2|Blissey, F|\n|poke|p2|Zapdos|\n|poke|p2|Garchomp, M|\n|poke|p2|Ferrothorn, F|\n|teampreview\n|inactive|Battle timer is ON: inactive players will automatically lose when time's up. (requested by Delibird Heart)\n|inactive|Delibird Heart has 120 seconds left.\n|\n|t:|1652015102\n|start\n|switch|p1a: Melmetal|Melmetal|100\/100\n|switch|p2a: Ninetales|Ninetales-Alola, M|100\/100\n|-weather|Hail|[from] ability: Snow Warning|[of] p2a: Ninetales\n|turn|1\n|\n|t:|1652015107\n|switch|p2a: Garchomp|Garchomp, M|100\/100\n|move|p1a: Melmetal|Double Iron Bash|p2a: Garchomp\n|-damage|p2a: Garchomp|71\/100\n|-damage|p1a: Melmetal|88\/100|[from] ability: Rough Skin|[of] p2a: Garchomp\n|-damage|p1a: Melmetal|71\/100|[from] item: Rocky Helmet|[of] p2a: Garchomp\n|-damage|p2a: Garchomp|42\/100\n|-damage|p1a: Melmetal|59\/100|[from] ability: Rough Skin|[of] p2a: Garchomp\n|-damage|p1a: Melmetal|42\/100|[from] item: Rocky Helmet|[of] p2a: Garchomp\n|-hitcount|p2a: Garchomp|2\n|\n|-weather|Hail|[upkeep]\n|-damage|p2a: Garchomp|36\/100|[from] Hail\n|-damage|p1a: Melmetal|36\/100|[from] Hail\n|upkeep\n|turn|2\n|\n|t:|1652015120\n|move|p2a: Garchomp|Stealth Rock|p1a: Melmetal\n|-sidestart|p1: LaPatateRose|move: Stealth Rock\n|move|p1a: Melmetal|Ice Punch|p2a: Garchomp\n|-supereffective|p2a: Garchomp\n|-damage|p2a: Garchomp|0 fnt\n|-damage|p1a: Melmetal|24\/100|[from] ability: Rough Skin|[of] p2a: Garchomp\n|-damage|p1a: Melmetal|7\/100|[from] item: Rocky Helmet|[of] p2a: Garchomp\n|faint|p2a: Garchomp\n|\n|-weather|Hail|[upkeep]\n|-damage|p1a: Melmetal|1\/100|[from] Hail\n|upkeep\n|\n|t:|1652015124\n|switch|p2a: Arctozolt|Arctozolt|100\/100\n|turn|3\n|\n|t:|1652015137\n|switch|p1a: Toxapex|Toxapex, M|100\/100\n|-damage|p1a: Toxapex|88\/100|[from] Stealth Rock\n|move|p2a: Arctozolt|Bolt Beak|p1a: Toxapex\n|-supereffective|p1a: Toxapex\n|-damage|p1a: Toxapex|0 fnt\n|faint|p1a: Toxapex\n|-damage|p2a: Arctozolt|91\/100|[from] item: Life Orb\n|\n|-weather|Hail|[upkeep]\n|upkeep\n|\n|t:|1652015147\n|switch|p1a: Rillaboom|Rillaboom, F|100\/100\n|-damage|p1a: Rillaboom|88\/100|[from] Stealth Rock\n|-fieldstart|move: Grassy Terrain|[from] ability: Grassy Surge|[of] p1a: Rillaboom\n|turn|4\n|\n|t:|1652015163\n|move|p1a: Rillaboom|Grassy Glide|p2a: Arctozolt\n|-damage|p2a: Arctozolt|8\/100\n|move|p2a: Arctozolt|Icicle Crash|p1a: Rillaboom\n|-supereffective|p1a: Rillaboom\n|-crit|p1a: Rillaboom\n|-damage|p1a: Rillaboom|0 fnt\n|faint|p1a: Rillaboom\n|-damage|p2a: Arctozolt|0 fnt|[from] item: Life Orb\n|faint|p2a: Arctozolt\n|\n|-weather|Hail|[upkeep]\n|upkeep\n|\n|t:|1652015180\n|switch|p1a: Latias|Latias, F|100\/100\n|switch|p2a: Ninetales|Ninetales-Alola, M|100\/100\n|-damage|p1a: Latias|88\/100|[from] Stealth Rock\n|turn|5\n|\n|t:|1652015195\n|move|p1a: Latias|Healing Wish|p1a: Latias\n|faint|p1a: Latias\n|move|p2a: Ninetales|Blizzard|p1: Latias|[notarget]\n|-fail|p2a: Ninetales\n|\n|-weather|Hail|[upkeep]\n|upkeep\n|\n|t:|1652015202\n|switch|p1a: Melmetal|Melmetal|1\/100\n|-heal|p1a: Melmetal|100\/100|[from] move: Healing Wish\n|-damage|p1a: Melmetal|94\/100|[from] Stealth Rock\n|turn|6\n|\n|t:|1652015207\n|switch|p2a: Zapdos|Zapdos|100\/100\n|switch|p1a: Clefable|Clefable, M|100\/100\n|\n|-weather|Hail|[upkeep]\n|-damage|p2a: Zapdos|94\/100|[from] Hail\n|upkeep\n|turn|7\n|\n|t:|1652015214\n|move|p2a: Zapdos|Volt Switch|p1a: Clefable\n|-crit|p1a: Clefable\n|-damage|p1a: Clefable|56\/100\n|\n|t:|1652015216\n|switch|p2a: Ninetales|Ninetales-Alola, M|100\/100|[from]move: Volt Switch\n|move|p1a: Clefable|Moonblast|p2a: Ninetales\n|-damage|p2a: Ninetales|27\/100\n|-unboost|p2a: Ninetales|spa|1\n|\n|-weather|Hail|[upkeep]\n|-heal|p2a: Ninetales|33\/100|[from] Grassy Terrain\n|-heal|p1a: Clefable|62\/100|[from] Grassy Terrain\n|upkeep\n|turn|8\n|\n|t:|1652015230\n|switch|p2a: Ferrothorn|Ferrothorn, F|100\/100\n|move|p1a: Clefable|Flamethrower|p2a: Ferrothorn\n|-supereffective|p2a: Ferrothorn\n|-damage|p2a: Ferrothorn|0 fnt\n|faint|p2a: Ferrothorn\n|\n|-weather|none\n|-heal|p1a: Clefable|69\/100|[from] Grassy Terrain\n|-fieldend|move: Grassy Terrain\n|upkeep\n|\n|t:|1652015240\n|switch|p2a: Blissey|Blissey, F|100\/100\n|turn|9\n|j| jeanmilapipe\n|\n|t:|1652015252\n|switch|p1a: Hawlucha|Hawlucha, F|100\/100\n|-damage|p1a: Hawlucha|88\/100|[from] Stealth Rock\n|move|p2a: Blissey|Seismic Toss|p1a: Hawlucha\n|-damage|p1a: Hawlucha|54\/100\n|\n|upkeep\n|turn|10\n|\n|t:|1652015260\n|switch|p2a: Zapdos|Zapdos|94\/100\n|move|p1a: Hawlucha|Swords Dance|p1a: Hawlucha\n|-boost|p1a: Hawlucha|atk|2\n|\n|upkeep\n|turn|11\n|\n|t:|1652015269\n|move|p1a: Hawlucha|Close Combat|p2a: Zapdos\n|-resisted|p2a: Zapdos\n|-crit|p2a: Zapdos\n|-damage|p2a: Zapdos|37\/100\n|-unboost|p1a: Hawlucha|def|1\n|-unboost|p1a: Hawlucha|spd|1\n|-status|p1a: Hawlucha|par|[from] ability: Static|[of] p2a: Zapdos\n|move|p2a: Zapdos|Volt Switch|p1a: Hawlucha\n|-supereffective|p1a: Hawlucha\n|-damage|p1a: Hawlucha|0 fnt\n|faint|p1a: Hawlucha\n|\n|t:|1652015284\n|switch|p2a: Blissey|Blissey, F|100\/100|[from]move: Volt Switch\n|\n|upkeep\n|\n|t:|1652015298\n|switch|p1a: Melmetal|Melmetal|94\/100\n|-damage|p1a: Melmetal|88\/100|[from] Stealth Rock\n|turn|12\n|\n|t:|1652015332\n|switch|p2a: Ninetales|Ninetales-Alola, M|33\/100\n|-weather|Hail|[from] ability: Snow Warning|[of] p2a: Ninetales\n|move|p1a: Melmetal|Double Iron Bash|p2a: Ninetales\n|-supereffective|p2a: Ninetales\n|-damage|p2a: Ninetales|0 fnt\n|faint|p2a: Ninetales\n|-hitcount|p2: Ninetales|1\n|\n|-weather|Hail|[upkeep]\n|-damage|p1a: Melmetal|82\/100|[from] Hail\n|upkeep\n|\n|t:|1652015337\n|switch|p2a: Zapdos|Zapdos|37\/100\n|turn|13\n|\n|t:|1652015343\n|move|p2a: Zapdos|Roost|p2a: Zapdos\n|-heal|p2a: Zapdos|87\/100\n|-singleturn|p2a: Zapdos|move: Roost\n|move|p1a: Melmetal|Ice Punch|p2a: Zapdos\n|-damage|p2a: Zapdos|61\/100\n|\n|-weather|Hail|[upkeep]\n|-damage|p2a: Zapdos|55\/100|[from] Hail\n|-damage|p1a: Melmetal|76\/100|[from] Hail\n|upkeep\n|turn|14\n|\n|t:|1652015352\n|move|p2a: Zapdos|Roost|p2a: Zapdos\n|-heal|p2a: Zapdos|100\/100\n|-singleturn|p2a: Zapdos|move: Roost\n|move|p1a: Melmetal|Earthquake|p2a: Zapdos\n|-supereffective|p2a: Zapdos\n|-damage|p2a: Zapdos|38\/100\n|\n|-weather|Hail|[upkeep]\n|-damage|p2a: Zapdos|32\/100|[from] Hail\n|-damage|p1a: Melmetal|70\/100|[from] Hail\n|upkeep\n|turn|15\n|\n|t:|1652015363\n|move|p2a: Zapdos|Roost|p2a: Zapdos\n|-heal|p2a: Zapdos|82\/100\n|-singleturn|p2a: Zapdos|move: Roost\n|move|p1a: Melmetal|Ice Punch|p2a: Zapdos\n|-damage|p2a: Zapdos|54\/100\n|\n|-weather|Hail|[upkeep]\n|-damage|p2a: Zapdos|48\/100|[from] Hail\n|-damage|p1a: Melmetal|64\/100|[from] Hail\n|upkeep\n|turn|16\n|\n|t:|1652015375\n|move|p2a: Zapdos|Roost|p2a: Zapdos\n|-heal|p2a: Zapdos|98\/100\n|-singleturn|p2a: Zapdos|move: Roost\n|move|p1a: Melmetal|Earthquake|p2a: Zapdos\n|-supereffective|p2a: Zapdos\n|-damage|p2a: Zapdos|41\/100\n|\n|-weather|Hail|[upkeep]\n|-damage|p2a: Zapdos|35\/100|[from] Hail\n|-damage|p1a: Melmetal|58\/100|[from] Hail\n|upkeep\n|turn|17\n|\n|t:|1652015391\n|move|p2a: Zapdos|Roost|p2a: Zapdos\n|-heal|p2a: Zapdos|86\/100\n|-singleturn|p2a: Zapdos|move: Roost\n|move|p1a: Melmetal|Earthquake|p2a: Zapdos\n|-supereffective|p2a: Zapdos\n|-damage|p2a: Zapdos|30\/100\n|\n|-weather|Hail|[upkeep]\n|-damage|p2a: Zapdos|24\/100|[from] Hail\n|-damage|p1a: Melmetal|52\/100|[from] Hail\n|upkeep\n|turn|18\n|j| 8th Hokage Killua\n|\n|t:|1652015402\n|move|p2a: Zapdos|Heat Wave|p1a: Melmetal\n|-supereffective|p1a: Melmetal\n|-damage|p1a: Melmetal|18\/100\n|move|p1a: Melmetal|Ice Punch|p2a: Zapdos\n|-supereffective|p2a: Zapdos\n|-damage|p2a: Zapdos|0 fnt\n|faint|p2a: Zapdos\n|\n|-weather|Hail|[upkeep]\n|-damage|p1a: Melmetal|12\/100|[from] Hail\n|upkeep\n|\n|t:|1652015407\n|switch|p2a: Blissey|Blissey, F|100\/100\n|turn|19\n|\n|t:|1652015412\n|move|p2a: Blissey|Seismic Toss|p1a: Melmetal\n|-damage|p1a: Melmetal|0 fnt\n|faint|p1a: Melmetal\n|\n|-weather|none\n|upkeep\n|-message|LaPatateRose forfeited.\n|\n|win|Delibird Heart\n|raw|LaPatateRose's rating: 1598 &rarr; <strong>1584<\/strong><br \/>(-14 for losing)\n|raw|Delibird Heart's rating: 1714 &rarr; <strong>1728<\/strong><br \/>(+14 for winning)\n|l|\u2606LaPatateRose\n|l|\u2606Delibird Heart\n||Ladder isn't responding, score probably updated but might not have (Request timeout).\n","uploadtime":1652015580,"views":10,"p1id":"lapataterose","p2id":"delibirdheart","formatid":"gen8ou","rating":1584,"private":0,"password":null}