{"id":"gen8nationaldexuu-1657287042","p1":"coolwolfanimal","p2":"firepunch917","format":"gen8nationaldexuu","log":"|j|\u2606coolwolfanimal\n|j|\u2606firepunch917\n|t:|1662443868\n|gametype|singles\n|player|p1|coolwolfanimal|scientist|1030\n|player|p2|firepunch917|101|1343\n|teamsize|p1|6\n|teamsize|p2|6\n|gen|8\n|tier|[Gen 8] National Dex UU\n|rated|\n|rule|HP Percentage Mod: HP is shown in percentages\n|rule|Endless Battle Clause: Forcing endless battles is banned\n|rule|OHKO Clause: OHKO moves are banned\n|rule|Evasion Moves Clause: Evasion moves are banned\n|rule|Species Clause: Limit one of each Pok\u00e9mon\n|rule|Dynamax Clause: You cannot dynamax\n|rule|Sleep Clause Mod: Limit one foe put to sleep\n|clearpoke\n|poke|p1|Corsola, M|\n|poke|p1|Scyther, F|\n|poke|p1|Dodrio, M|\n|poke|p1|Exeggutor-Alola, M|\n|poke|p1|Thievul, F|\n|poke|p1|Palossand, F|\n|poke|p2|Donphan, M|\n|poke|p2|Amoonguss, M|\n|poke|p2|Infernape, F|\n|poke|p2|Chandelure, M|\n|poke|p2|Regieleki|\n|poke|p2|Beedrill, F|\n|teampreview\n|\n|t:|1662443881\n|start\n|switch|p1a: Exeggutor|Exeggutor-Alola, M|100\/100\n|switch|p2a: Beedrill|Beedrill, F|100\/100\n|-item|p2a: Beedrill|Beedrillite|[from] ability: Frisk|[of] p1a: Exeggutor|[identify]\n|turn|1\n|\n|t:|1662443887\n|detailschange|p2a: Beedrill|Beedrill-Mega, F\n|-mega|p2a: Beedrill|Beedrill|Beedrillite\n|move|p2a: Beedrill|Pursuit|p1a: Exeggutor\n|-damage|p1a: Exeggutor|85\/100\n|move|p1a: Exeggutor|Draco Meteor|p2a: Beedrill\n|-damage|p2a: Beedrill|0 fnt\n|-unboost|p1a: Exeggutor|spa|2\n|faint|p2a: Beedrill\n|\n|upkeep\n|\n|t:|1662443893\n|switch|p2a: Infernape|Infernape, F|100\/100\n|turn|2\n|\n|t:|1662443898\n|move|p2a: Infernape|Nasty Plot|p2a: Infernape\n|-boost|p2a: Infernape|spa|2\n|move|p1a: Exeggutor|Power Swap|p2a: Infernape\n|-swapboost|p1a: Exeggutor|p2a: Infernape|atk, spa|[from] move: Power Swap\n|\n|upkeep\n|turn|3\n|-message|firepunch917 forfeited.\n|\n|win|coolwolfanimal\n|raw|coolwolfanimal's rating: 1030 &rarr; <strong>1091<\/strong><br \/>(+61 for winning)\n|raw|firepunch917's rating: 1343 &rarr; <strong>1309<\/strong><br \/>(-34 for losing)\n|l|\u2606firepunch917\n","uploadtime":1662443905,"views":10,"p1id":"coolwolfanimal","p2id":"firepunch917","formatid":"gen8nationaldexuu","rating":1091,"private":0,"password":null}