{"id":"gen8ou-1108199227","p1":"SaveTyranitar","p2":"N30N3","format":"gen8ou","log":"|j|\u2606SaveTyranitar\n|j|\u2606N30N3\n|player|p1|SaveTyranitar|n|1667\n|player|p2|N30N3|170|1789\n|teamsize|p1|6\n|teamsize|p2|6\n|gametype|singles\n|gen|8\n|tier|[Gen 8] OU\n|rated|\n|clearpoke\n|poke|p1|Cinderace, M|\n|poke|p1|Celebi|\n|poke|p1|Keldeo-Resolute|\n|poke|p1|Tyranitar, M|\n|poke|p1|Gengar, M|\n|poke|p1|Togekiss, F|\n|poke|p2|Kyurem|\n|poke|p2|Hippowdon, M|\n|poke|p2|Excadrill, M|\n|poke|p2|Tyranitar, F|\n|poke|p2|Hydreigon, M|\n|poke|p2|Ferrothorn, F|\n|rule|Sleep Clause Mod: Limit one foe put to sleep\n|rule|Species Clause: Limit one of each Pok\u00e9mon\n|rule|OHKO Clause: OHKO moves are banned\n|rule|Evasion Moves Clause: Evasion moves are banned\n|rule|Endless Battle Clause: Forcing endless battles is banned\n|rule|HP Percentage Mod: HP is shown in percentages\n|rule|Dynamax Clause: You cannot dynamax\n|teampreview\n|inactive|Battle timer is ON: inactive players will automatically lose when time's up. (requested by N30N3)\n|j| HeavenStar\n|inactive|N30N3 has 120 seconds left.\n|inactive|N30N3 has 90 seconds left.\n|\n|start\n|switch|p1a: horse|Keldeo-Resolute|100\/100\n|switch|p2a: Hydreigon|Hydreigon, M|100\/100\n|turn|1\n|\n|switch|p1a: sorry|Togekiss, F|100\/100\n|move|p2a: Hydreigon|Draco Meteor|p1a: sorry\n|-immune|p1a: sorry\n|\n|upkeep\n|turn|2\n|\n|switch|p2a: Hippowdon|Hippowdon, M|100\/100\n|-weather|Sandstorm|[from] ability: Sand Stream|[of] p2a: Hippowdon\n|switch|p1a: horse|Keldeo-Resolute|100\/100\n|\n|-weather|Sandstorm|[upkeep]\n|-damage|p1a: horse|94\/100|[from] Sandstorm\n|upkeep\n|turn|3\n|\n|move|p1a: horse|Focus Blast|p2a: Hippowdon\n|-damage|p2a: Hippowdon|8\/100\n|move|p2a: Hippowdon|Stealth Rock|p1a: horse\n|-sidestart|p1: SaveTyranitar|move: Stealth Rock\n|\n|-weather|Sandstorm|[upkeep]\n|-damage|p1a: horse|88\/100|[from] Sandstorm\n|upkeep\n|turn|4\n|\n|move|p1a: horse|Focus Blast|p2a: Hippowdon\n|-damage|p2a: Hippowdon|0 fnt\n|faint|p2a: Hippowdon\n|\n|-weather|Sandstorm|[upkeep]\n|-damage|p1a: horse|82\/100|[from] Sandstorm\n|upkeep\n|\n|switch|p2a: Excadrill|Excadrill, M|100\/100\n|turn|5\n|\n|move|p2a: Excadrill|Earthquake|p1a: horse\n|-damage|p1a: horse|0 fnt\n|-damage|p2a: Excadrill|91\/100|[from] item: Life Orb\n|faint|p1a: horse\n|\n|-weather|Sandstorm|[upkeep]\n|upkeep\n|c|\u2606SaveTyranitar|I don't understand\n|c|\u2606SaveTyranitar|how that can kill\n|c|\u2606SaveTyranitar|exca busted\n|\n|switch|p1a: Versace|Cinderace, M|100\/100\n|turn|6\n|\n|switch|p1a: sorry|Togekiss, F|100\/100\n|-damage|p1a: sorry|76\/100|[from] Stealth Rock\n|move|p2a: Excadrill|Earthquake|p1a: sorry\n|-immune|p1a: sorry\n|\n|-weather|Sandstorm|[upkeep]\n|-damage|p1a: sorry|70\/100|[from] Sandstorm\n|-heal|p1a: sorry|76\/100|[from] item: Leftovers\n|upkeep\n|turn|7\n|\n|switch|p1a: WELLS FARGO|Gengar, M|100\/100\n|-damage|p1a: WELLS FARGO|88\/100|[from] Stealth Rock\n|move|p2a: Excadrill|Iron Head|p1a: WELLS FARGO\n|-damage|p1a: WELLS FARGO|0 fnt\n|-start|p2a: Excadrill|Disable|Iron Head|[from] ability: Cursed Body|[of] p1a: WELLS FARGO\n|-damage|p2a: Excadrill|81\/100|[from] item: Life Orb\n|faint|p1a: WELLS FARGO\n|\n|-weather|Sandstorm|[upkeep]\n|upkeep\n|inactive|SaveTyranitar has 120 seconds left.\n|\n|switch|p1a: sorry|Togekiss, F|76\/100\n|-damage|p1a: sorry|51\/100|[from] Stealth Rock\n|turn|8\n|\n|move|p2a: Excadrill|Rock Slide|p1a: sorry|[miss]\n|-miss|p2a: Excadrill|p1a: sorry\n|move|p1a: sorry|Ancient Power|p2a: Excadrill\n|-resisted|p2a: Excadrill\n|-damage|p2a: Excadrill|74\/100\n|\n|-weather|Sandstorm|[upkeep]\n|-damage|p1a: sorry|45\/100|[from] Sandstorm\n|-heal|p1a: sorry|51\/100|[from] item: Leftovers\n|upkeep\n|turn|9\n|\n|switch|p1a: Geigh|Celebi, shiny|100\/100\n|-damage|p1a: Geigh|88\/100|[from] Stealth Rock\n|move|p2a: Excadrill|Rock Slide|p1a: Geigh|[miss]\n|-miss|p2a: Excadrill|p1a: Geigh\n|\n|-weather|none\n|upkeep\n|turn|10\n|\n|switch|p2a: Tyranitar|Tyranitar, F|100\/100\n|-weather|Sandstorm|[from] ability: Sand Stream|[of] p2a: Tyranitar\n|move|p1a: Geigh|U-turn|p2a: Tyranitar\n|-supereffective|p2a: Tyranitar\n|-damage|p2a: Tyranitar|72\/100\n|\n|switch|p1a: Versace|Cinderace, M|100\/100|[from]move: U-turn\n|\n|-weather|Sandstorm|[upkeep]\n|-damage|p1a: Versace|95\/100|[from] Sandstorm\n|upkeep\n|turn|11\n|\n|switch|p2a: Hydreigon|Hydreigon, M|100\/100\n|move|p1a: Versace|U-turn|p2a: Hydreigon\n|-supereffective|p2a: Hydreigon\n|-damage|p2a: Hydreigon|48\/100\n|\n|switch|p1a: i dont need saving|Tyranitar, M|100\/100|[from]move: U-turn\n|-damage|p1a: i dont need saving|88\/100|[from] Stealth Rock\n|\n|-weather|Sandstorm|[upkeep]\n|-damage|p2a: Hydreigon|42\/100|[from] Sandstorm\n|upkeep\n|turn|12\n|\n|move|p2a: Hydreigon|U-turn|p1a: i dont need saving\n|-supereffective|p1a: i dont need saving\n|-damage|p1a: i dont need saving|66\/100\n|\n|switch|p2a: Ferrothorn|Ferrothorn, F|100\/100|[from]move: U-turn\n|move|p1a: i dont need saving|Stone Edge|p2a: Ferrothorn\n|-resisted|p2a: Ferrothorn\n|-damage|p2a: Ferrothorn|83\/100\n|\n|-weather|Sandstorm|[upkeep]\n|-heal|p2a: Ferrothorn|90\/100|[from] item: Leftovers\n|upkeep\n|turn|13\n|\n|switch|p1a: Versace|Cinderace, M|95\/100\n|move|p2a: Ferrothorn|Gyro Ball|p1a: Versace\n|-resisted|p1a: Versace\n|-damage|p1a: Versace|64\/100\n|\n|-weather|Sandstorm|[upkeep]\n|-damage|p1a: Versace|58\/100|[from] Sandstorm\n|-heal|p2a: Ferrothorn|96\/100|[from] item: Leftovers\n|upkeep\n|turn|14\n|\n|switch|p2a: Hydreigon|Hydreigon, M|42\/100\n|move|p1a: Versace|Pyro Ball|p2a: Hydreigon\n|-resisted|p2a: Hydreigon\n|-damage|p2a: Hydreigon|7\/100\n|\n|-weather|none\n|upkeep\n|turn|15\n|\n|switch|p1a: sorry|Togekiss, F|51\/100\n|-damage|p1a: sorry|26\/100|[from] Stealth Rock\n|move|p2a: Hydreigon|U-turn|p1a: sorry\n|-resisted|p1a: sorry\n|-damage|p1a: sorry|22\/100\n|\n|switch|p2a: Kyurem|Kyurem|100\/100|[from]move: U-turn\n|-ability|p2a: Kyurem|Pressure\n|\n|-heal|p1a: sorry|28\/100|[from] item: Leftovers\n|upkeep\n|turn|16\n|\n|move|p2a: Kyurem|Ice Beam|p1a: sorry\n|-supereffective|p1a: sorry\n|-damage|p1a: sorry|0 fnt\n|faint|p1a: sorry\n|\n|upkeep\n|\n|switch|p1a: Versace|Cinderace, M|58\/100\n|turn|17\n|\n|switch|p2a: Tyranitar|Tyranitar, F|72\/100\n|-weather|Sandstorm|[from] ability: Sand Stream|[of] p2a: Tyranitar\n|move|p1a: Versace|Pyro Ball|p2a: Tyranitar\n|-resisted|p2a: Tyranitar\n|-damage|p2a: Tyranitar|44\/100\n|\n|-weather|Sandstorm|[upkeep]\n|-damage|p1a: Versace|52\/100|[from] Sandstorm\n|upkeep\n|turn|18\n|\n|move|p1a: Versace|U-turn|p2a: Tyranitar\n|-supereffective|p2a: Tyranitar\n|-damage|p2a: Tyranitar|2\/100\n|\n|switch|p1a: i dont need saving|Tyranitar, M|66\/100|[from]move: U-turn\n|-damage|p1a: i dont need saving|53\/100|[from] Stealth Rock\n|move|p2a: Tyranitar|Superpower|p1a: i dont need saving\n|-supereffective|p1a: i dont need saving\n|-damage|p1a: i dont need saving|0 fnt\n|-unboost|p2a: Tyranitar|atk|1\n|-unboost|p2a: Tyranitar|def|1\n|faint|p1a: i dont need saving\n|\n|-weather|Sandstorm|[upkeep]\n|upkeep\n|\n|switch|p1a: Versace|Cinderace, M|52\/100\n|turn|19\n|\n|switch|p2a: Hydreigon|Hydreigon, M|7\/100\n|move|p1a: Versace|U-turn|p2a: Hydreigon\n|-supereffective|p2a: Hydreigon\n|-damage|p2a: Hydreigon|0 fnt\n|faint|p2a: Hydreigon\n|\n|switch|p1a: Geigh|Celebi, shiny|88\/100|[from]move: U-turn\n|-damage|p1a: Geigh|76\/100|[from] Stealth Rock\n|\n|-weather|Sandstorm|[upkeep]\n|-damage|p1a: Geigh|70\/100|[from] Sandstorm\n|upkeep\n|\n|switch|p2a: Kyurem|Kyurem|100\/100\n|-ability|p2a: Kyurem|Pressure\n|turn|20\n|\n|move|p2a: Kyurem|Draco Meteor|p1a: Geigh\n|-damage|p1a: Geigh|0 fnt\n|-unboost|p2a: Kyurem|spa|2\n|faint|p1a: Geigh\n|\n|-weather|Sandstorm|[upkeep]\n|-damage|p2a: Kyurem|94\/100|[from] Sandstorm\n|upkeep\n|\n|switch|p1a: Versace|Cinderace, M|52\/100\n|turn|21\n|\n|move|p1a: Versace|Pyro Ball|p2a: Kyurem\n|-damage|p2a: Kyurem|38\/100\n|move|p2a: Kyurem|Draco Meteor|p1a: Versace\n|-damage|p1a: Versace|0 fnt\n|-unboost|p2a: Kyurem|spa|2\n|faint|p1a: Versace\n|\n|win|N30N3\n|l|\u2606SaveTyranitar\n|l|\u2606N30N3\n|raw|SaveTyranitar's rating: 1689 &rarr; <strong>1675<\/strong><br \/>(-14 for losing)\n|raw|N30N3's rating: 1789 &rarr; <strong>1804<\/strong><br \/>(+15 for winning)\n","uploadtime":1588550182,"views":150,"p1id":"savetyranitar","p2id":"n30n3","formatid":"gen8ou","rating":1675,"private":0,"password":null}