{"id":"gen8ou-1108383846","p1":"A","p2":"piyush21","format":"gen8ou","log":"|j|\u2606A\n|j|\u2606piyush21\n|player|p1|A|pokekid|1678\n|player|p2|piyush21|red|1667\n|teamsize|p1|6\n|teamsize|p2|6\n|gametype|singles\n|gen|8\n|tier|[Gen 8] OU\n|rated|\n|clearpoke\n|poke|p1|Kyurem|\n|poke|p1|Conkeldurr, M|\n|poke|p1|Ferrothorn, F|\n|poke|p1|Hatterene, F|\n|poke|p1|Zeraora|\n|poke|p1|Rotom-Heat|\n|poke|p2|Shuckle, F|\n|poke|p2|Bisharp, F|\n|poke|p2|Dracovish|\n|poke|p2|Togekiss, F|\n|poke|p2|Mimikyu, M|\n|poke|p2|Dragapult, F|\n|rule|Sleep Clause Mod: Limit one foe put to sleep\n|rule|Species Clause: Limit one of each Pok\u00e9mon\n|rule|OHKO Clause: OHKO moves are banned\n|rule|Evasion Moves Clause: Evasion moves are banned\n|rule|Endless Battle Clause: Forcing endless battles is banned\n|rule|HP Percentage Mod: HP is shown in percentages\n|rule|Dynamax Clause: You cannot dynamax\n|teampreview\n|inactive|Battle timer is ON: inactive players will automatically lose when time's up. (requested by A)\n|\n|start\n|switch|p1a: Jeanne Alter|Ferrothorn, F|100\/100\n|switch|p2a: Dragapult|Dragapult, F|100\/100\n|turn|1\n|\n|switch|p2a: Shuckle|Shuckle, F|100\/100\n|switch|p1a: Choccy Milk|Rotom-Heat, shiny|100\/100\n|\n|upkeep\n|turn|2\n|\n|switch|p1a: Lucidity|Hatterene, F, shiny|100\/100\n|move|p2a: Shuckle|Final Gambit|p1a: Lucidity\n|-damage|p1a: Lucidity|23\/100\n|faint|p2a: Shuckle\n|\n|upkeep\n|\n|switch|p2a: Dracovish|Dracovish|100\/100\n|turn|3\n|\n|switch|p1a: Jeanne Alter|Ferrothorn, F|100\/100\n|move|p2a: Dracovish|Fishious Rend|p1a: Jeanne Alter\n|-resisted|p1a: Jeanne Alter\n|-crit|p1a: Jeanne Alter\n|-damage|p1a: Jeanne Alter|26\/100\n|-damage|p2a: Dracovish|88\/100|[from] ability: Iron Barbs|[of] p1a: Jeanne Alter\n|\n|-heal|p1a: Jeanne Alter|32\/100|[from] item: Leftovers\n|upkeep\n|turn|4\n|\n|switch|p1a: Lucidity|Hatterene, F, shiny|23\/100\n|move|p2a: Dracovish|Fishious Rend|p1a: Lucidity\n|-damage|p1a: Lucidity|0 fnt\n|faint|p1a: Lucidity\n|\n|upkeep\n|\n|switch|p1a: Sans|Kyurem|100\/100\n|-ability|p1a: Sans|Pressure\n|turn|5\n|\n|switch|p2a: Bisharp|Bisharp, F|100\/100\n|move|p1a: Sans|Ice Beam|p2a: Bisharp\n|-resisted|p2a: Bisharp\n|-damage|p2a: Bisharp|35\/100\n|\n|upkeep\n|turn|6\n|\n|move|p2a: Bisharp|Sucker Punch|p1a: Sans\n|-damage|p1a: Sans|54\/100\n|-damage|p2a: Bisharp|25\/100|[from] item: Life Orb\n|move|p1a: Sans|Ice Beam|p2a: Bisharp\n|-resisted|p2a: Bisharp\n|-damage|p2a: Bisharp|0 fnt\n|faint|p2a: Bisharp\n|\n|upkeep\n|\n|switch|p2a: Dragapult|Dragapult, F|100\/100\n|turn|7\n|\n|switch|p1a: Choccy Milk|Rotom-Heat, shiny|100\/100\n|move|p2a: Dragapult|Dragon Darts|p1a: Choccy Milk\n|-damage|p1a: Choccy Milk|67\/100\n|-anim|p2a: Dragapult|Dragon Darts|p1a: Choccy Milk\n|-damage|p1a: Choccy Milk|36\/100\n|-damage|p2a: Dragapult|91\/100|[from] item: Life Orb\n|\n|-heal|p1a: Choccy Milk|42\/100|[from] item: Leftovers\n|upkeep\n|turn|8\n|\n|switch|p1a: Jeanne Alter|Ferrothorn, F|32\/100\n|move|p2a: Dragapult|Dragon Dance|p2a: Dragapult\n|-boost|p2a: Dragapult|atk|1\n|-boost|p2a: Dragapult|spe|1\n|\n|-heal|p1a: Jeanne Alter|38\/100|[from] item: Leftovers\n|upkeep\n|turn|9\n|\n|move|p2a: Dragapult|Dragon Darts|p1a: Jeanne Alter\n|-resisted|p1a: Jeanne Alter\n|-damage|p1a: Jeanne Alter|22\/100\n|-anim|p2a: Dragapult|Dragon Darts|p1a: Jeanne Alter\n|-resisted|p1a: Jeanne Alter\n|-damage|p1a: Jeanne Alter|6\/100\n|-damage|p2a: Dragapult|81\/100|[from] item: Life Orb\n|move|p1a: Jeanne Alter|Stealth Rock|p2a: Dragapult\n|-sidestart|p2: piyush21|move: Stealth Rock\n|\n|-heal|p1a: Jeanne Alter|12\/100|[from] item: Leftovers\n|upkeep\n|turn|10\n|\n|move|p2a: Dragapult|Dragon Darts|p1a: Jeanne Alter\n|-resisted|p1a: Jeanne Alter\n|-damage|p1a: Jeanne Alter|0 fnt\n|-damage|p2a: Dragapult|71\/100|[from] item: Life Orb\n|faint|p1a: Jeanne Alter\n|\n|upkeep\n|\n|switch|p1a: Fake Nice|Conkeldurr, M|100\/100\n|turn|11\n|\n|move|p2a: Dragapult|Dragon Darts|p1a: Fake Nice\n|-damage|p1a: Fake Nice|53\/100\n|-anim|p2a: Dragapult|Dragon Darts|p1a: Fake Nice\n|-damage|p1a: Fake Nice|2\/100\n|-damage|p2a: Dragapult|61\/100|[from] item: Life Orb\n|move|p1a: Fake Nice|Knock Off|p2a: Dragapult\n|-supereffective|p2a: Dragapult\n|-damage|p2a: Dragapult|0 fnt\n|-enditem|p2a: Dragapult|Life Orb|[from] move: Knock Off|[of] p1a: Fake Nice\n|faint|p2a: Dragapult\n|\n|-status|p1a: Fake Nice|brn|[from] item: Flame Orb\n|upkeep\n|\n|switch|p2a: Mimikyu|Mimikyu, M|100\/100\n|-damage|p2a: Mimikyu|88\/100|[from] Stealth Rock\n|turn|12\n|\n|move|p2a: Mimikyu|Shadow Sneak|p1a: Fake Nice\n|-damage|p1a: Fake Nice|0 fnt\n|-damage|p2a: Mimikyu|78\/100|[from] item: Life Orb\n|faint|p1a: Fake Nice\n|\n|upkeep\n|\n|switch|p1a: Actually Good|Zeraora|100\/100\n|turn|13\n|\n|move|p1a: Actually Good|Plasma Fists|p2a: Mimikyu\n|-activate|p2a: Mimikyu|ability: Disguise\n|-damage|p2a: Mimikyu|78\/100\n|-fieldactivate|move: Ion Deluge\n|detailschange|p2a: Mimikyu|Mimikyu-Busted, M\n|-damage|p2a: Mimikyu|66\/100|[from] pokemon: Mimikyu-Busted\n|move|p2a: Mimikyu|Shadow Claw|p1a: Actually Good\n|-damage|p1a: Actually Good|40\/100\n|-damage|p2a: Mimikyu|56\/100|[from] item: Life Orb\n|\n|upkeep\n|turn|14\n|\n|move|p2a: Mimikyu|Shadow Sneak|p1a: Actually Good\n|-damage|p1a: Actually Good|3\/100\n|-damage|p2a: Mimikyu|46\/100|[from] item: Life Orb\n|move|p1a: Actually Good|Plasma Fists|p2a: Mimikyu\n|-damage|p2a: Mimikyu|0 fnt\n|-fieldactivate|move: Ion Deluge\n|faint|p2a: Mimikyu\n|\n|upkeep\n|\n|switch|p2a: Dracovish|Dracovish|88\/100\n|-damage|p2a: Dracovish|76\/100|[from] Stealth Rock\n|turn|15\n|\n|move|p1a: Actually Good|Plasma Fists|p2a: Dracovish\n|-damage|p2a: Dracovish|28\/100\n|-fieldactivate|move: Ion Deluge\n|move|p2a: Dracovish|Fishious Rend|p1a: Actually Good\n|-damage|p1a: Actually Good|0 fnt\n|faint|p1a: Actually Good\n|\n|upkeep\n|\n|switch|p1a: Sans|Kyurem|54\/100\n|-ability|p1a: Sans|Pressure\n|turn|16\n|\n|move|p1a: Sans|Ice Beam|p2a: Dracovish\n|-damage|p2a: Dracovish|0 fnt\n|faint|p2a: Dracovish\n|\n|upkeep\n|\n|switch|p2a: Togekiss|Togekiss, F|100\/100\n|-damage|p2a: Togekiss|76\/100|[from] Stealth Rock\n|turn|17\n|\n|move|p1a: Sans|Ice Beam|p2a: Togekiss\n|-supereffective|p2a: Togekiss\n|-damage|p2a: Togekiss|0 fnt\n|faint|p2a: Togekiss\n|\n|win|A\n|l|\u2606piyush21\n|raw|A's rating: 1678 &rarr; <strong>1697<\/strong><br \/>(+19 for winning)\n|raw|piyush21's rating: 1667 &rarr; <strong>1648<\/strong><br \/>(-19 for losing)\n","uploadtime":1588579692,"views":134,"p1id":"a","p2id":"piyush21","formatid":"gen8ou","rating":1648,"private":0,"password":null}