{"id":"gen8ou-1692616458","p1":"Raimei Hakkei 2","p2":"HQSNonsense","format":"gen8ou","log":"|html|<div class=\"broadcast-blue\"><strong>[Gen 8] OU is currently suspecting Melmetal! For information on how to participate check out the <a href=\"https:\/\/www.smogon.com\/forums\/threads\/np-ss-ou-suspect-process-round-12-monster-mash.3709234\/\">suspect thread<\/a>.<\/strong><\/div>\n|j|\u2606Raimei Hakkei 2\n|j|\u2606HQSNonsense\n|t:|1666508344\n|gametype|singles\n|player|p1|Raimei Hakkei 2|2|1626\n|player|p2|HQSNonsense|veteranf|1713\n|teamsize|p1|6\n|teamsize|p2|6\n|gen|8\n|tier|[Gen 8] OU\n|rated|\n|rule|Sleep Clause Mod: Limit one foe put to sleep\n|rule|Species Clause: Limit one of each Pok\u00e9mon\n|rule|OHKO Clause: OHKO moves are banned\n|rule|Evasion Items Clause: Evasion items are banned\n|rule|Evasion Moves Clause: Evasion moves are banned\n|rule|Endless Battle Clause: Forcing endless battles is banned\n|rule|HP Percentage Mod: HP is shown in percentages\n|rule|Dynamax Clause: You cannot dynamax\n|clearpoke\n|poke|p1|Landorus-Therian, M|\n|poke|p1|Urshifu-*, F|\n|poke|p1|Dragonite, F|\n|poke|p1|Tyrantrum, F|\n|poke|p1|Aegislash, F|\n|poke|p1|Chansey, F|\n|poke|p2|Melmetal|\n|poke|p2|Urshifu-*, M|\n|poke|p2|Tapu Lele|\n|poke|p2|Landorus-Therian, M|\n|poke|p2|Zapdos|\n|poke|p2|Volcanion|\n|teampreview\n|inactive|Battle timer is ON: inactive players will automatically lose when time's up. (requested by Raimei Hakkei 2)\n|\n|t:|1666508367\n|start\n|switch|p1a: Death Destroyer|Aegislash, F|100\/100\n|switch|p2a: Tapu Lele|Tapu Lele|100\/100\n|-fieldstart|move: Psychic Terrain|[from] ability: Psychic Surge|[of] p2a: Tapu Lele\n|turn|1\n|\n|t:|1666508374\n|switch|p2a: Landorus|Landorus-Therian, M|100\/100\n|-ability|p2a: Landorus|Intimidate|boost\n|-unboost|p1a: Death Destroyer|atk|1\n|-formechange|p1a: Death Destroyer|Aegislash-Blade||[from] ability: Stance Change\n|move|p1a: Death Destroyer|Shadow Ball|p2a: Landorus\n|-damage|p2a: Landorus|59\/100\n|-unboost|p2a: Landorus|spd|1\n|\n|-heal|p2a: Landorus|65\/100|[from] item: Leftovers\n|upkeep\n|turn|2\n|\n|t:|1666508385\n|switch|p1a: Raging Drunk|Landorus-Therian, M|100\/100\n|-ability|p1a: Raging Drunk|Intimidate|boost\n|-unboost|p2a: Landorus|atk|1\n|move|p2a: Landorus|Knock Off|p1a: Raging Drunk\n|-damage|p1a: Raging Drunk|83\/100\n|-enditem|p1a: Raging Drunk|Lum Berry|[from] move: Knock Off|[of] p2a: Landorus\n|\n|-heal|p2a: Landorus|71\/100|[from] item: Leftovers\n|upkeep\n|turn|3\n|\n|t:|1666508389\n|move|p2a: Landorus|Stealth Rock|p1a: Raging Drunk\n|-sidestart|p1: Raimei Hakkei 2|move: Stealth Rock\n|move|p1a: Raging Drunk|Toxic|p2a: Landorus\n|-status|p2a: Landorus|tox\n|\n|-heal|p2a: Landorus|77\/100 tox|[from] item: Leftovers\n|-damage|p2a: Landorus|71\/100 tox|[from] psn\n|upkeep\n|turn|4\n|j| I'M AT MY LIMIT!\n|\n|t:|1666508397\n|switch|p2a: Urshifu|Urshifu-Rapid-Strike, M|100\/100\n|move|p1a: Raging Drunk|Stealth Rock|p2a: Urshifu\n|-sidestart|p2: HQSNonsense|move: Stealth Rock\n|\n|upkeep\n|turn|5\n|\n|t:|1666508407\n|switch|p1a: Thieving Drunk|Dragonite, F|100\/100\n|move|p2a: Urshifu|U-turn|p1a: Thieving Drunk\n|-resisted|p1a: Thieving Drunk\n|-damage|p1a: Thieving Drunk|90\/100\n|\n|t:|1666508412\n|switch|p2a: Tapu Lele|Tapu Lele|100\/100|[from]move: U-turn\n|-damage|p2a: Tapu Lele|88\/100|[from] Stealth Rock\n|\n|-fieldend|move: Psychic Terrain\n|upkeep\n|turn|6\n|\n|t:|1666508418\n|move|p2a: Tapu Lele|Future Sight|p1a: Thieving Drunk\n|-start|p2a: Tapu Lele|move: Future Sight\n|move|p1a: Thieving Drunk|Roost|p1a: Thieving Drunk\n|-heal|p1a: Thieving Drunk|100\/100\n|-singleturn|p1a: Thieving Drunk|move: Roost\n|\n|upkeep\n|turn|7\n|\n|t:|1666508426\n|switch|p2a: Urshifu|Urshifu-Rapid-Strike, M|100\/100\n|-damage|p2a: Urshifu|94\/100|[from] Stealth Rock\n|switch|p1a: Flirty Drunk|Chansey, F|100\/100\n|-damage|p1a: Flirty Drunk|88\/100|[from] Stealth Rock\n|\n|upkeep\n|turn|8\n|l| I'M AT MY LIMIT!\n|\n|t:|1666508445\n|move|p2a: Urshifu|Surging Strikes|p1a: Flirty Drunk\n|-crit|p1a: Flirty Drunk\n|-damage|p1a: Flirty Drunk|71\/100\n|-crit|p1a: Flirty Drunk\n|-damage|p1a: Flirty Drunk|52\/100\n|-crit|p1a: Flirty Drunk\n|-damage|p1a: Flirty Drunk|34\/100\n|-hitcount|p1a: Flirty Drunk|3\n|move|p1a: Flirty Drunk|Seismic Toss|p2a: Urshifu\n|-damage|p2a: Urshifu|65\/100\n|\n|-end|p1a: Flirty Drunk|move: Future Sight\n|-damage|p1a: Flirty Drunk|11\/100\n|upkeep\n|turn|9\n|\n|t:|1666508454\n|move|p2a: Urshifu|Surging Strikes|p1a: Flirty Drunk\n|-crit|p1a: Flirty Drunk\n|-damage|p1a: Flirty Drunk|0 fnt\n|faint|p1a: Flirty Drunk\n|-hitcount|p1: Flirty Drunk|1\n|\n|upkeep\n|\n|t:|1666508456\n|switch|p1a: Thieving Drunk|Dragonite, F|100\/100\n|turn|10\n|\n|t:|1666508461\n|switch|p2a: Zapdos|Zapdos|100\/100\n|move|p1a: Thieving Drunk|Dragon Dance|p1a: Thieving Drunk\n|-boost|p1a: Thieving Drunk|atk|1\n|-boost|p1a: Thieving Drunk|spe|1\n|\n|upkeep\n|turn|11\n|\n|t:|1666508466\n|move|p1a: Thieving Drunk|Dragon Dance|p1a: Thieving Drunk\n|-boost|p1a: Thieving Drunk|atk|1\n|-boost|p1a: Thieving Drunk|spe|1\n|move|p2a: Zapdos|Discharge|p1a: Thieving Drunk\n|-damage|p1a: Thieving Drunk|83\/100\n|-status|p1a: Thieving Drunk|par\n|\n|upkeep\n|turn|12\n|\n|t:|1666508472\n|move|p1a: Thieving Drunk|Dual Wingbeat|p2a: Zapdos\n|-resisted|p2a: Zapdos\n|-damage|p2a: Zapdos|82\/100\n|-resisted|p2a: Zapdos\n|-damage|p2a: Zapdos|64\/100\n|-hitcount|p2a: Zapdos|2\n|move|p2a: Zapdos|Hurricane|p1a: Thieving Drunk\n|-damage|p1a: Thieving Drunk|34\/100 par\n|\n|upkeep\n|turn|13\n|\n|t:|1666508485\n|move|p1a: Thieving Drunk|Roost|p1a: Thieving Drunk\n|-heal|p1a: Thieving Drunk|84\/100 par\n|-singleturn|p1a: Thieving Drunk|move: Roost\n|move|p2a: Zapdos|Defog|p1a: Thieving Drunk\n|-unboost|p1a: Thieving Drunk|evasion|1\n|-sideend|p1: Raimei Hakkei 2|Stealth Rock|[from] move: Defog|[of] p2a: Zapdos\n|-sideend|p2: HQSNonsense|Stealth Rock|[from] move: Defog|[of] p2a: Zapdos\n|\n|upkeep\n|turn|14\n|\n|t:|1666508490\n|switch|p1a: Horai Hakke|Tyrantrum, F|100\/100\n|move|p2a: Zapdos|Hurricane|p1a: Horai Hakke|[miss]\n|-miss|p2a: Zapdos|p1a: Horai Hakke\n|\n|upkeep\n|turn|15\n|\n|t:|1666508496\n|switch|p2a: Melmetal|Melmetal|100\/100\n|move|p1a: Horai Hakke|Close Combat|p2a: Melmetal\n|-supereffective|p2a: Melmetal\n|-damage|p2a: Melmetal|19\/100\n|-unboost|p1a: Horai Hakke|def|1\n|-unboost|p1a: Horai Hakke|spd|1\n|\n|-heal|p2a: Melmetal|26\/100|[from] item: Leftovers\n|upkeep\n|turn|16\n|\n|t:|1666508505\n|switch|p2a: Zapdos|Zapdos|64\/100\n|move|p1a: Horai Hakke|Close Combat|p2a: Zapdos\n|-resisted|p2a: Zapdos\n|-damage|p2a: Zapdos|39\/100\n|-unboost|p1a: Horai Hakke|def|1\n|-unboost|p1a: Horai Hakke|spd|1\n|\n|upkeep\n|turn|17\n|\n|t:|1666508510\n|move|p2a: Zapdos|Roost|p2a: Zapdos\n|-heal|p2a: Zapdos|89\/100\n|-singleturn|p2a: Zapdos|move: Roost\n|move|p1a: Horai Hakke|Close Combat|p2a: Zapdos\n|-damage|p2a: Zapdos|40\/100\n|-unboost|p1a: Horai Hakke|def|1\n|-unboost|p1a: Horai Hakke|spd|1\n|-status|p1a: Horai Hakke|par|[from] ability: Static|[of] p2a: Zapdos\n|\n|upkeep\n|turn|18\n|\n|t:|1666508517\n|switch|p1a: Raging Drunk|Landorus-Therian, M|83\/100\n|-ability|p1a: Raging Drunk|Intimidate|boost\n|-unboost|p2a: Zapdos|atk|1\n|move|p2a: Zapdos|Roost|p2a: Zapdos\n|-heal|p2a: Zapdos|90\/100\n|-singleturn|p2a: Zapdos|move: Roost\n|\n|upkeep\n|turn|19\n|\n|t:|1666508525\n|switch|p2a: Landorus|Landorus-Therian, M|71\/100 tox\n|-ability|p2a: Landorus|Intimidate|boost\n|-unboost|p1a: Raging Drunk|atk|1\n|move|p1a: Raging Drunk|Earth Power|p2a: Landorus\n|-immune|p2a: Landorus\n|\n|-heal|p2a: Landorus|77\/100 tox|[from] item: Leftovers\n|-damage|p2a: Landorus|71\/100 tox|[from] psn\n|upkeep\n|turn|20\n|\n|t:|1666508530\n|move|p2a: Landorus|Stealth Rock|p1a: Raging Drunk\n|-sidestart|p1: Raimei Hakkei 2|move: Stealth Rock\n|move|p1a: Raging Drunk|Stealth Rock|p2a: Landorus\n|-sidestart|p2: HQSNonsense|move: Stealth Rock\n|\n|-heal|p2a: Landorus|77\/100 tox|[from] item: Leftovers\n|-damage|p2a: Landorus|65\/100 tox|[from] psn\n|upkeep\n|turn|21\n|\n|t:|1666508542\n|move|p2a: Landorus|U-turn|p1a: Raging Drunk\n|-resisted|p1a: Raging Drunk\n|-damage|p1a: Raging Drunk|75\/100\n|\n|t:|1666508546\n|switch|p2a: Melmetal|Melmetal|26\/100|[from]move: U-turn\n|-damage|p2a: Melmetal|19\/100|[from] Stealth Rock\n|move|p1a: Raging Drunk|Knock Off|p2a: Melmetal\n|-crit|p2a: Melmetal\n|-damage|p2a: Melmetal|0 fnt\n|-enditem|p2a: Melmetal|Leftovers|[from] move: Knock Off|[of] p1a: Raging Drunk\n|faint|p2a: Melmetal\n|\n|upkeep\n|\n|t:|1666508554\n|switch|p2a: Volcanion|Volcanion|100\/100\n|turn|22\n|\n|t:|1666508562\n|move|p2a: Volcanion|Steam Eruption|p1a: Raging Drunk|[miss]\n|-miss|p2a: Volcanion|p1a: Raging Drunk\n|move|p1a: Raging Drunk|Earth Power|p2a: Volcanion\n|-supereffective|p2a: Volcanion\n|-damage|p2a: Volcanion|16\/100\n|\n|upkeep\n|turn|23\n|\n|t:|1666508566\n|switch|p1a: Thieving Drunk|Dragonite, F|84\/100 par\n|move|p2a: Volcanion|Steam Eruption|p1a: Thieving Drunk\n|-resisted|p1a: Thieving Drunk\n|-damage|p1a: Thieving Drunk|54\/100 par\n|\n|upkeep\n|turn|24\n|\n|t:|1666508572\n|switch|p2a: Tapu Lele|Tapu Lele|88\/100\n|-damage|p2a: Tapu Lele|76\/100|[from] Stealth Rock\n|-fieldstart|move: Psychic Terrain|[from] ability: Psychic Surge|[of] p2a: Tapu Lele\n|move|p1a: Thieving Drunk|Roost|p1a: Thieving Drunk\n|-heal|p1a: Thieving Drunk|100\/100 par\n|-singleturn|p1a: Thieving Drunk|move: Roost\n|\n|upkeep\n|turn|25\n|\n|t:|1666508582\n|move|p2a: Tapu Lele|Future Sight|p1a: Thieving Drunk\n|-start|p2a: Tapu Lele|move: Future Sight\n|move|p1a: Thieving Drunk|Dual Wingbeat|p2a: Tapu Lele\n|-damage|p2a: Tapu Lele|41\/100\n|-damage|p2a: Tapu Lele|5\/100\n|-hitcount|p2a: Tapu Lele|2\n|\n|upkeep\n|turn|26\n|\n|t:|1666508589\n|switch|p2a: Zapdos|Zapdos|90\/100\n|move|p1a: Thieving Drunk|Dual Wingbeat|p2a: Zapdos\n|-resisted|p2a: Zapdos\n|-damage|p2a: Zapdos|80\/100\n|-resisted|p2a: Zapdos\n|-crit|p2a: Zapdos\n|-damage|p2a: Zapdos|68\/100\n|-hitcount|p2a: Zapdos|2\n|\n|upkeep\n|turn|27\n|\n|t:|1666508597\n|move|p2a: Zapdos|Hurricane|p1a: Thieving Drunk\n|-damage|p1a: Thieving Drunk|77\/100 par\n|-start|p1a: Thieving Drunk|confusion\n|-activate|p1a: Thieving Drunk|confusion\n|cant|p1a: Thieving Drunk|par\n|\n|-end|p1a: Thieving Drunk|move: Future Sight\n|-damage|p1a: Thieving Drunk|0 fnt\n|faint|p1a: Thieving Drunk\n|upkeep\n|\n|t:|1666508605\n|switch|p1a: Horai Hakke|Tyrantrum, F|100\/100 par\n|-damage|p1a: Horai Hakke|88\/100 par|[from] Stealth Rock\n|turn|28\n|\n|t:|1666508609\n|move|p2a: Zapdos|Roost|p2a: Zapdos\n|-heal|p2a: Zapdos|100\/100\n|-singleturn|p2a: Zapdos|move: Roost\n|move|p1a: Horai Hakke|Head Smash|p2a: Zapdos\n|-damage|p2a: Zapdos|10\/100\n|\n|-fieldend|move: Psychic Terrain\n|upkeep\n|turn|29\n|\n|t:|1666508624\n|move|p2a: Zapdos|Defog|p1a: Horai Hakke\n|-unboost|p1a: Horai Hakke|evasion|1\n|-sideend|p1: Raimei Hakkei 2|Stealth Rock|[from] move: Defog|[of] p2a: Zapdos\n|-sideend|p2: HQSNonsense|Stealth Rock|[from] move: Defog|[of] p2a: Zapdos\n|cant|p1a: Horai Hakke|par\n|\n|upkeep\n|turn|30\n|\n|t:|1666508630\n|move|p2a: Zapdos|Hurricane|p1a: Horai Hakke\n|-resisted|p1a: Horai Hakke\n|-damage|p1a: Horai Hakke|51\/100 par\n|-start|p1a: Horai Hakke|confusion\n|-activate|p1a: Horai Hakke|confusion\n|move|p1a: Horai Hakke|Head Smash|p2a: Zapdos\n|-supereffective|p2a: Zapdos\n|-damage|p2a: Zapdos|0 fnt\n|faint|p2a: Zapdos\n|\n|upkeep\n|\n|t:|1666508645\n|switch|p2a: Urshifu|Urshifu-Rapid-Strike, M|65\/100\n|turn|31\n|\n|t:|1666508654\n|move|p2a: Urshifu|Surging Strikes|p1a: Horai Hakke\n|-crit|p1a: Horai Hakke\n|-damage|p1a: Horai Hakke|21\/100 par\n|-crit|p1a: Horai Hakke\n|-damage|p1a: Horai Hakke|0 fnt\n|faint|p1a: Horai Hakke\n|-hitcount|p1: Horai Hakke|2\n|\n|upkeep\n|\n|t:|1666508657\n|switch|p1a: Death Destroyer|Aegislash, F|100\/100\n|turn|32\n|\n|t:|1666508661\n|switch|p2a: Landorus|Landorus-Therian, M|65\/100 tox\n|-ability|p2a: Landorus|Intimidate|boost\n|-unboost|p1a: Death Destroyer|atk|1\n|-formechange|p1a: Death Destroyer|Aegislash-Blade||[from] ability: Stance Change\n|move|p1a: Death Destroyer|Shadow Ball|p2a: Landorus\n|-damage|p2a: Landorus|20\/100 tox\n|\n|-heal|p2a: Landorus|26\/100 tox|[from] item: Leftovers\n|-damage|p2a: Landorus|20\/100 tox|[from] psn\n|upkeep\n|turn|33\n|\n|t:|1666508678\n|-formechange|p1a: Death Destroyer|Aegislash||[from] ability: Stance Change\n|move|p1a: Death Destroyer|King's Shield|p1a: Death Destroyer\n|-singleturn|p1a: Death Destroyer|Protect\n|move|p2a: Landorus|Stealth Rock|p1a: Death Destroyer\n|-sidestart|p1: Raimei Hakkei 2|move: Stealth Rock\n|\n|-heal|p2a: Landorus|26\/100 tox|[from] item: Leftovers\n|-damage|p2a: Landorus|14\/100 tox|[from] psn\n|upkeep\n|turn|34\n|\n|t:|1666508685\n|-formechange|p1a: Death Destroyer|Aegislash-Blade||[from] ability: Stance Change\n|move|p1a: Death Destroyer|Shadow Sneak|p2a: Landorus\n|-crit|p2a: Landorus\n|-damage|p2a: Landorus|0 fnt\n|faint|p2a: Landorus\n|\n|upkeep\n|\n|t:|1666508691\n|switch|p2a: Urshifu|Urshifu-Rapid-Strike, M|65\/100\n|turn|35\n|\n|t:|1666508697\n|switch|p1a: Gundari: Ryuseigun|Urshifu-Rapid-Strike, F|100\/100\n|-damage|p1a: Gundari: Ryuseigun|94\/100|[from] Stealth Rock\n|move|p2a: Urshifu|Surging Strikes|p1a: Gundari: Ryuseigun\n|-resisted|p1a: Gundari: Ryuseigun\n|-crit|p1a: Gundari: Ryuseigun\n|-damage|p1a: Gundari: Ryuseigun|80\/100\n|-resisted|p1a: Gundari: Ryuseigun\n|-crit|p1a: Gundari: Ryuseigun\n|-damage|p1a: Gundari: Ryuseigun|65\/100\n|-resisted|p1a: Gundari: Ryuseigun\n|-crit|p1a: Gundari: Ryuseigun\n|-damage|p1a: Gundari: Ryuseigun|50\/100\n|-hitcount|p1a: Gundari: Ryuseigun|3\n|\n|upkeep\n|turn|36\n|\n|t:|1666508718\n|switch|p2a: Volcanion|Volcanion|16\/100\n|move|p1a: Gundari: Ryuseigun|U-turn|p2a: Volcanion\n|-resisted|p2a: Volcanion\n|-damage|p2a: Volcanion|0 fnt\n|faint|p2a: Volcanion\n|\n|t:|1666508728\n|switch|p1a: Death Destroyer|Aegislash, F|100\/100|[from]move: U-turn\n|-damage|p1a: Death Destroyer|94\/100|[from] Stealth Rock\n|\n|upkeep\n|\n|t:|1666508742\n|switch|p2a: Tapu Lele|Tapu Lele|5\/100\n|-fieldstart|move: Psychic Terrain|[from] ability: Psychic Surge|[of] p2a: Tapu Lele\n|turn|37\n|\n|t:|1666508750\n|move|p2a: Tapu Lele|Moonblast|p1a: Death Destroyer\n|-resisted|p1a: Death Destroyer\n|-damage|p1a: Death Destroyer|67\/100\n|-formechange|p1a: Death Destroyer|Aegislash-Blade||[from] ability: Stance Change\n|move|p1a: Death Destroyer|Shadow Ball|p2a: Tapu Lele\n|-supereffective|p2a: Tapu Lele\n|-damage|p2a: Tapu Lele|0 fnt\n|faint|p2a: Tapu Lele\n|\n|upkeep\n|\n|t:|1666508754\n|switch|p2a: Urshifu|Urshifu-Rapid-Strike, M|65\/100\n|turn|38\n|\n|t:|1666508756\n|switch|p1a: Raging Drunk|Landorus-Therian, M|75\/100\n|-damage|p1a: Raging Drunk|63\/100|[from] Stealth Rock\n|-ability|p1a: Raging Drunk|Intimidate|boost\n|-unboost|p2a: Urshifu|atk|1\n|move|p2a: Urshifu|Surging Strikes|p1a: Raging Drunk\n|-supereffective|p1a: Raging Drunk\n|-crit|p1a: Raging Drunk\n|-damage|p1a: Raging Drunk|21\/100\n|-supereffective|p1a: Raging Drunk\n|-crit|p1a: Raging Drunk\n|-damage|p1a: Raging Drunk|0 fnt\n|faint|p1a: Raging Drunk\n|-hitcount|p1: Raging Drunk|2\n|\n|upkeep\n|\n|t:|1666508761\n|switch|p1a: Gundari: Ryuseigun|Urshifu-Rapid-Strike, F|50\/100\n|-damage|p1a: Gundari: Ryuseigun|44\/100|[from] Stealth Rock\n|turn|39\n|\n|t:|1666508764\n|move|p2a: Urshifu|Surging Strikes|p1a: Gundari: Ryuseigun\n|-resisted|p1a: Gundari: Ryuseigun\n|-crit|p1a: Gundari: Ryuseigun\n|-damage|p1a: Gundari: Ryuseigun|29\/100\n|-resisted|p1a: Gundari: Ryuseigun\n|-crit|p1a: Gundari: Ryuseigun\n|-damage|p1a: Gundari: Ryuseigun|14\/100\n|-resisted|p1a: Gundari: Ryuseigun\n|-crit|p1a: Gundari: Ryuseigun\n|-damage|p1a: Gundari: Ryuseigun|0 fnt\n|faint|p1a: Gundari: Ryuseigun\n|-hitcount|p1: Gundari: Ryuseigun|3\n|\n|upkeep\n|\n|t:|1666508766\n|switch|p1a: Death Destroyer|Aegislash, F|67\/100\n|-damage|p1a: Death Destroyer|61\/100|[from] Stealth Rock\n|turn|40\n|\n|t:|1666508769\n|move|p2a: Urshifu|Surging Strikes|p1a: Death Destroyer\n|-crit|p1a: Death Destroyer\n|-damage|p1a: Death Destroyer|27\/100\n|-crit|p1a: Death Destroyer\n|-damage|p1a: Death Destroyer|0 fnt\n|faint|p1a: Death Destroyer\n|-hitcount|p1: Death Destroyer|2\n|\n|win|HQSNonsense\n|raw|Raimei Hakkei 2's rating: 1626 &rarr; <strong>1611<\/strong><br \/>(-15 for losing)\n|raw|HQSNonsense's rating: 1713 &rarr; <strong>1728<\/strong><br \/>(+15 for winning)\n|l|\u2606Raimei Hakkei 2\n","uploadtime":1666508776,"views":10,"p1id":"raimeihakkei2","p2id":"hqsnonsense","formatid":"gen8ou","rating":1611,"private":0,"password":null}