{"id":"gen8ou-1706581012","p1":"Delibird Heart","p2":"Turtlek","format":"gen8ou","log":"|j|\u2606Delibird Heart\n|j|\u2606Turtlek\n|inactive|Battle timer is ON: inactive players will automatically lose when time's up.\n|t:|1668005979\n|gametype|singles\n|player|p1|Delibird Heart|guitarist-gen4|\n|player|p2|Turtlek|flint|\n|teamsize|p1|6\n|teamsize|p2|6\n|gen|8\n|tier|[Gen 8] OU\n|rated|Tournament battle\n|rule|Sleep Clause Mod: Limit one foe put to sleep\n|rule|Species Clause: Limit one of each Pok\u00e9mon\n|rule|OHKO Clause: OHKO moves are banned\n|rule|Evasion Items Clause: Evasion items are banned\n|rule|Evasion Moves Clause: Evasion moves are banned\n|rule|Endless Battle Clause: Forcing endless battles is banned\n|rule|HP Percentage Mod: HP is shown in percentages\n|rule|Dynamax Clause: You cannot dynamax\n|clearpoke\n|poke|p1|Sandaconda, F|\n|poke|p1|Togekiss, M|\n|poke|p1|Jirachi|\n|poke|p1|Corviknight, M|\n|poke|p1|Melmetal|\n|poke|p1|Slowbro-Galar, M|\n|poke|p2|Blaziken, F|\n|poke|p2|Victini|\n|poke|p2|Zapdos|\n|poke|p2|Blissey, F|\n|poke|p2|Ferrothorn, F|\n|poke|p2|Tapu Fini|\n|teampreview\n|inactive|Delibird Heart also wants the timer to be on.\n|inactive|Turtlek also wants the timer to be on.\n|j| 228i996\n|\n|t:|1668005986\n|start\n|switch|p1a: Mr. Sandman|Sandaconda, F|100\/100\n|switch|p2a: >:-<|Victini|100\/100\n|turn|1\n|j| Eldo420\n|l| Eldo420\n|j| vkhss\n|\n|t:|1668005997\n|move|p2a: >:-<|U-turn|p1a: Mr. Sandman\n|-damage|p1a: Mr. Sandman|73\/100\n|\n|t:|1668006006\n|switch|p2a: Rule 3+4|Tapu Fini|100\/100|[from]move: U-turn\n|-fieldstart|move: Misty Terrain|[from] ability: Misty Surge|[of] p2a: Rule 3+4\n|move|p1a: Mr. Sandman|Glare|p2a: Rule 3+4\n|-activate|p2a: Rule 3+4|move: Misty Terrain\n|\n|-heal|p1a: Mr. Sandman|80\/100|[from] item: Leftovers\n|upkeep\n|turn|2\n|\n|t:|1668006009\n|switch|p1a: Polaris|Jirachi|100\/100\n|move|p2a: Rule 3+4|Whirlpool|p1a: Polaris\n|-damage|p1a: Polaris|90\/100\n|-activate|p1a: Polaris|move: Whirlpool|[of] p2a: Rule 3+4\n|\n|-damage|p1a: Polaris|78\/100|[from] move: Whirlpool|[partiallytrapped]\n|upkeep\n|turn|3\n|\n|t:|1668006016\n|move|p1a: Polaris|Wish|p1a: Polaris\n|move|p2a: Rule 3+4|Taunt|p1a: Polaris\n|-start|p1a: Polaris|move: Taunt\n|\n|-damage|p1a: Polaris|66\/100|[from] move: Whirlpool|[partiallytrapped]\n|upkeep\n|turn|4\n|\n|t:|1668006020\n|move|p1a: Polaris|Iron Head|p2a: Rule 3+4\n|-damage|p2a: Rule 3+4|72\/100\n|cant|p2a: Rule 3+4|flinch\n|\n|-heal|p1a: Polaris|100\/100|[from] move: Wish|[wisher] Polaris\n|-heal|p2a: Rule 3+4|78\/100|[from] item: Leftovers\n|-damage|p1a: Polaris|88\/100|[from] move: Whirlpool|[partiallytrapped]\n|upkeep\n|turn|5\n|\n|t:|1668006027\n|move|p1a: Polaris|Iron Head|p2a: Rule 3+4\n|-damage|p2a: Rule 3+4|51\/100\n|cant|p2a: Rule 3+4|flinch\n|\n|-heal|p2a: Rule 3+4|57\/100|[from] item: Leftovers\n|-damage|p1a: Polaris|76\/100|[from] move: Whirlpool|[partiallytrapped]\n|-fieldend|Misty Terrain\n|upkeep\n|turn|6\n|\n|t:|1668006036\n|switch|p2a: >:-<|Victini|100\/100\n|move|p1a: Polaris|Body Slam|p2a: >:-<\n|-damage|p2a: >:-<|73\/100\n|-status|p2a: >:-<|par\n|\n|-end|p1a: Polaris|Whirlpool|[partiallytrapped]\n|-end|p1a: Polaris|move: Taunt\n|upkeep\n|turn|7\n|\n|t:|1668006043\n|move|p1a: Polaris|Iron Head|p2a: >:-<\n|-resisted|p2a: >:-<\n|-damage|p2a: >:-<|53\/100 par\n|cant|p2a: >:-<|flinch\n|\n|upkeep\n|turn|8\n|j| GengarAdept\n|\n|t:|1668006049\n|move|p1a: Polaris|Iron Head|p2a: >:-<\n|-resisted|p2a: >:-<\n|-damage|p2a: >:-<|35\/100 par\n|cant|p2a: >:-<|flinch\n|\n|upkeep\n|turn|9\n|j| thebiggestfatnoob\n|\n|t:|1668006054\n|move|p1a: Polaris|Iron Head|p2a: >:-<\n|-resisted|p2a: >:-<\n|-damage|p2a: >:-<|17\/100 par\n|cant|p2a: >:-<|flinch\n|\n|upkeep\n|turn|10\n|l| thebiggestfatnoob\n|c|\u2606Turtlek|You really trust your luck\n|\n|t:|1668006065\n|move|p1a: Polaris|Body Slam|p2a: >:-<\n|-damage|p2a: >:-<|0 fnt\n|faint|p2a: >:-<\n|\n|upkeep\n|\n|t:|1668006068\n|switch|p2a: Cahaifs\u00e9|Blaziken, F|100\/100\n|turn|11\n|\n|t:|1668006076\n|move|p2a: Cahaifs\u00e9|Flare Blitz|p1a: Polaris\n|-supereffective|p1a: Polaris\n|-damage|p1a: Polaris|0 fnt\n|faint|p1a: Polaris\n|-damage|p2a: Cahaifs\u00e9|68\/100|[from] Recoil\n|\n|-heal|p2a: Cahaifs\u00e9|74\/100|[from] item: Leftovers\n|-ability|p2a: Cahaifs\u00e9|Speed Boost|boost\n|-boost|p2a: Cahaifs\u00e9|spe|1\n|upkeep\n|inactive|Delibird Heart has 120 seconds left.\n|\n|t:|1668006106\n|switch|p1a: Bolt Beef|Melmetal|100\/100\n|turn|12\n|\n|t:|1668006114\n|switch|p2a: Rule 3+4|Tapu Fini|57\/100\n|-fieldstart|move: Misty Terrain|[from] ability: Misty Surge|[of] p2a: Rule 3+4\n|move|p1a: Bolt Beef|Earthquake|p2a: Rule 3+4\n|-damage|p2a: Rule 3+4|28\/100\n|\n|-heal|p2a: Rule 3+4|34\/100|[from] item: Leftovers\n|upkeep\n|turn|13\n|j| Down$hift\n|\n|t:|1668006127\n|switch|p2a: Peunnk|Zapdos|100\/100\n|move|p1a: Bolt Beef|Double Iron Bash|p2a: Peunnk\n|-resisted|p2a: Peunnk\n|-damage|p2a: Peunnk|82\/100\n|-resisted|p2a: Peunnk\n|-damage|p2a: Peunnk|65\/100\n|-hitcount|p2a: Peunnk|2\n|\n|upkeep\n|turn|14\n|\n|t:|1668006131\n|move|p2a: Peunnk|Discharge|p1a: Bolt Beef\n|-damage|p1a: Bolt Beef|68\/100\n|move|p1a: Bolt Beef|Ice Punch|p2a: Peunnk\n|-supereffective|p2a: Peunnk\n|-damage|p2a: Peunnk|8\/100\n|\n|upkeep\n|turn|15\n|\n|t:|1668006147\n|move|p2a: Peunnk|Roost|p2a: Peunnk\n|-heal|p2a: Peunnk|58\/100\n|-singleturn|p2a: Peunnk|move: Roost\n|move|p1a: Bolt Beef|Ice Punch|p2a: Peunnk\n|-damage|p2a: Peunnk|29\/100\n|\n|upkeep\n|turn|16\n|-activate|p1a: Bolt Beef|item: Quick Claw\n|\n|t:|1668006151\n|move|p1a: Bolt Beef|Ice Punch|p2a: Peunnk\n|-supereffective|p2a: Peunnk\n|-damage|p2a: Peunnk|0 fnt\n|faint|p2a: Peunnk\n|\n|-fieldend|Misty Terrain\n|upkeep\n|c| Down$hift|Goat\n|\n|t:|1668006160\n|switch|p2a: Rule 3+4|Tapu Fini|34\/100\n|-fieldstart|move: Misty Terrain|[from] ability: Misty Surge|[of] p2a: Rule 3+4\n|turn|17\n|\n|t:|1668006164\n|move|p2a: Rule 3+4|Whirlpool|p1a: Bolt Beef\n|-damage|p1a: Bolt Beef|56\/100\n|-activate|p1a: Bolt Beef|move: Whirlpool|[of] p2a: Rule 3+4\n|move|p1a: Bolt Beef|Double Iron Bash|p2a: Rule 3+4\n|-damage|p2a: Rule 3+4|4\/100\n|-damage|p2a: Rule 3+4|0 fnt\n|faint|p2a: Rule 3+4\n|-hitcount|p2: Rule 3+4|2\n|\n|-end|p1a: Bolt Beef|Whirlpool|[partiallytrapped]|[silent]\n|upkeep\n|inactive|Turtlek has 120 seconds left.\n|c|\u2606Delibird Heart|https:\/\/www.youtube.com\/watch?v=YtrLVBX91jI\n|c|\u2606Delibird Heart|swag theme\n|\n|t:|1668006208\n|switch|p2a: Cahaifs\u00e9|Blaziken, F|74\/100\n|turn|18\n|j| cypherstest\n|\n|t:|1668006211\n|move|p2a: Cahaifs\u00e9|Close Combat|p1a: Bolt Beef\n|-supereffective|p1a: Bolt Beef\n|-damage|p1a: Bolt Beef|0 fnt\n|-unboost|p2a: Cahaifs\u00e9|def|1\n|-unboost|p2a: Cahaifs\u00e9|spd|1\n|faint|p1a: Bolt Beef\n|\n|-heal|p2a: Cahaifs\u00e9|80\/100|[from] item: Leftovers\n|-ability|p2a: Cahaifs\u00e9|Speed Boost|boost\n|-boost|p2a: Cahaifs\u00e9|spe|1\n|upkeep\n|l| Down$hift\n|j| Down$hift\n|\n|t:|1668006219\n|switch|p1a: Mr. Sandman|Sandaconda, F|80\/100\n|turn|19\n|\n|t:|1668006223\n|switch|p2a: Pai\u00e7aifeu|Ferrothorn, F|100\/100\n|move|p1a: Mr. Sandman|Earthquake|p2a: Pai\u00e7aifeu\n|-damage|p2a: Pai\u00e7aifeu|81\/100\n|\n|-heal|p1a: Mr. Sandman|86\/100|[from] item: Leftovers\n|upkeep\n|turn|20\n|\n|t:|1668006228\n|move|p1a: Mr. Sandman|Stealth Rock|p2a: Pai\u00e7aifeu\n|-sidestart|p2: Turtlek|move: Stealth Rock\n|move|p2a: Pai\u00e7aifeu|Leech Seed|p1a: Mr. Sandman|[miss]\n|-miss|p2a: Pai\u00e7aifeu|p1a: Mr. Sandman\n|\n|-heal|p1a: Mr. Sandman|92\/100|[from] item: Leftovers\n|upkeep\n|turn|21\n|c| Down$hift|19\n|c| Down$hift|shit is ass\n|\n|t:|1668006247\n|switch|p1a: Lucky Luke|Slowbro-Galar, M, shiny|100\/100\n|move|p2a: Pai\u00e7aifeu|Leech Seed|p1a: Lucky Luke\n|-start|p1a: Lucky Luke|move: Leech Seed\n|\n|-damage|p1a: Lucky Luke|88\/100|[from] Leech Seed|[of] p2a: Pai\u00e7aifeu\n|-heal|p2a: Pai\u00e7aifeu|95\/100|[silent]\n|-fieldend|Misty Terrain\n|upkeep\n|turn|22\n|c|\u2606Delibird Heart|bring out the goat\n|\n|t:|1668006252\n|move|p1a: Lucky Luke|Nasty Plot|p1a: Lucky Luke\n|-boost|p1a: Lucky Luke|spa|2\n|move|p2a: Pai\u00e7aifeu|Knock Off|p1a: Lucky Luke\n|-supereffective|p1a: Lucky Luke\n|-damage|p1a: Lucky Luke|51\/100\n|-enditem|p1a: Lucky Luke|Quick Claw|[from] move: Knock Off|[of] p2a: Pai\u00e7aifeu\n|\n|-damage|p1a: Lucky Luke|39\/100|[from] Leech Seed|[of] p2a: Pai\u00e7aifeu\n|-heal|p2a: Pai\u00e7aifeu|100\/100|[silent]\n|upkeep\n|turn|23\n|\n|t:|1668006257\n|move|p1a: Lucky Luke|Focus Blast|p2a: Pai\u00e7aifeu\n|-supereffective|p2a: Pai\u00e7aifeu\n|-enditem|p2a: Pai\u00e7aifeu|Chople Berry|[eat]\n|-enditem|p2a: Pai\u00e7aifeu|Chople Berry|[weaken]\n|-damage|p2a: Pai\u00e7aifeu|32\/100\n|move|p2a: Pai\u00e7aifeu|Knock Off|p1a: Lucky Luke\n|-supereffective|p1a: Lucky Luke\n|-damage|p1a: Lucky Luke|13\/100\n|\n|-damage|p1a: Lucky Luke|0 fnt|[from] Leech Seed|[of] p2a: Pai\u00e7aifeu\n|-heal|p2a: Pai\u00e7aifeu|46\/100|[silent]\n|faint|p1a: Lucky Luke\n|upkeep\n|c| Down$hift|Oh nah\n|c|\u2606Delibird Heart|oh yeah i forgot ur chople\n|\n|t:|1668006266\n|switch|p1a: Dove|Togekiss, M|100\/100\n|turn|24\n|\n|t:|1668006271\n|move|p1a: Dove|Flamethrower|p2a: Pai\u00e7aifeu\n|-supereffective|p2a: Pai\u00e7aifeu\n|-damage|p2a: Pai\u00e7aifeu|0 fnt\n|faint|p2a: Pai\u00e7aifeu\n|\n|upkeep\n|\n|t:|1668006281\n|switch|p2a: Kenssair|Blissey, F|100\/100\n|turn|25\n|\n|t:|1668006283\n|switch|p1a: Mr. Sandman|Sandaconda, F|92\/100\n|move|p2a: Kenssair|Thunder Wave|p1a: Mr. Sandman\n|-immune|p1a: Mr. Sandman\n|\n|-heal|p1a: Mr. Sandman|98\/100|[from] item: Leftovers\n|upkeep\n|turn|26\n|\n|t:|1668006286\n|move|p1a: Mr. Sandman|Glare|p2a: Kenssair\n|-status|p2a: Kenssair|par\n|move|p2a: Kenssair|Teleport|p2a: Kenssair\n|\n|t:|1668006289\n|-curestatus|p2a: Kenssair|par|[from] ability: Natural Cure\n|switch|p2a: Cahaifs\u00e9|Blaziken, F|80\/100|[from]move: Teleport\n|-damage|p2a: Cahaifs\u00e9|67\/100|[from] Stealth Rock\n|\n|-heal|p2a: Cahaifs\u00e9|73\/100|[from] item: Leftovers\n|-heal|p1a: Mr. Sandman|100\/100|[from] item: Leftovers\n|upkeep\n|turn|27\n|-message|Turtlek forfeited.\n|\n|win|Delibird Heart\n|n|\u2606Delibird Heart|delibirdheart\n|n|\u2606Turtlek|turtlek\n|n| 228i996|228i996\n|n| vkhss|vkhss\n|n| GengarAdept|gengaradept\n|n| cypherstest|cypherstest\n|n| Down$hift|downhift\n|l|\u2606Turtlek\n|c|\u2606Delibird Heart|gg\n|l| Down$hift\n|l| cypherstest\n","uploadtime":1668006310,"views":4,"p1id":"delibirdheart","p2id":"turtlek","formatid":"gen8ou","rating":0,"private":0,"password":null}