{"id":"gen8ou-1697729388","p1":"AlphaTherai","p2":"qqqui","format":"gen8ou","log":"|j|\u2606AlphaTherai\n|j|\u2606qqqui\n|t:|1667033864\n|gametype|singles\n|player|p1|AlphaTherai|lucas|1346\n|player|p2|qqqui|jogger|1370\n|teamsize|p1|6\n|teamsize|p2|6\n|gen|8\n|tier|[Gen 8] OU\n|rated|\n|rule|Sleep Clause Mod: Limit one foe put to sleep\n|rule|Species Clause: Limit one of each Pok\u00e9mon\n|rule|OHKO Clause: OHKO moves are banned\n|rule|Evasion Items Clause: Evasion items are banned\n|rule|Evasion Moves Clause: Evasion moves are banned\n|rule|Endless Battle Clause: Forcing endless battles is banned\n|rule|HP Percentage Mod: HP is shown in percentages\n|rule|Dynamax Clause: You cannot dynamax\n|clearpoke\n|poke|p1|Melmetal|\n|poke|p1|Magnezone|\n|poke|p1|Rillaboom, F|\n|poke|p1|Garchomp, F|\n|poke|p1|Toxapex, F|\n|poke|p1|Mew|\n|poke|p2|Blissey, F|\n|poke|p2|Slowking-Galar, F|\n|poke|p2|Melmetal|\n|poke|p2|Hatterene, F|\n|poke|p2|Skarmory, F|\n|poke|p2|Steelix, F|\n|teampreview\n|inactive|Battle timer is ON: inactive players will automatically lose when time's up. (requested by AlphaTherai)\n|\n|t:|1667033886\n|start\n|switch|p1a: Garchomp|Garchomp, F|100\/100\n|switch|p2a: \u65f6\u5c1a\u7684\u5361\u6bd4\u517d\u5df2\u7ecf\u6467\u6bc1\u4e86\u4ee5\u4e0b\u7701\u7565|Steelix, F, shiny|100\/100\n|turn|1\n|\n|t:|1667033890\n|move|p1a: Garchomp|Earthquake|p2a: \u65f6\u5c1a\u7684\u5361\u6bd4\u517d\u5df2\u7ecf\u6467\u6bc1\u4e86\u4ee5\u4e0b\u7701\u7565\n|-supereffective|p2a: \u65f6\u5c1a\u7684\u5361\u6bd4\u517d\u5df2\u7ecf\u6467\u6bc1\u4e86\u4ee5\u4e0b\u7701\u7565\n|-damage|p2a: \u65f6\u5c1a\u7684\u5361\u6bd4\u517d\u5df2\u7ecf\u6467\u6bc1\u4e86\u4ee5\u4e0b\u7701\u7565|64\/100\n|move|p2a: \u65f6\u5c1a\u7684\u5361\u6bd4\u517d\u5df2\u7ecf\u6467\u6bc1\u4e86\u4ee5\u4e0b\u7701\u7565|Stealth Rock|p1a: Garchomp\n|-sidestart|p1: AlphaTherai|move: Stealth Rock\n|\n|upkeep\n|turn|2\n|\n|t:|1667033901\n|switch|p2a: Skarmory|Skarmory, F, shiny|100\/100\n|move|p1a: Garchomp|Fire Blast|p2a: Skarmory\n|-supereffective|p2a: Skarmory\n|-damage|p2a: Skarmory|46\/100\n|\n|upkeep\n|turn|3\n|inactive|qqqui has 120 seconds left.\n|\n|t:|1667033932\n|move|p1a: Garchomp|Fire Blast|p2a: Skarmory\n|-supereffective|p2a: Skarmory\n|-damage|p2a: Skarmory|0 fnt\n|faint|p2a: Skarmory\n|\n|upkeep\n|inactive|qqqui has 120 seconds left.\n|\n|t:|1667033951\n|switch|p2a: \u7a7a\u95f4\u5e3d\u5b50\u9b54\u5973\u4e0d\u4f1a\u68a6\u5230\u94a2\u62f3\u53cc\u51fb\u5854\u54e5|Hatterene, F, shiny|100\/100\n|turn|4\n|\n|t:|1667033955\n|switch|p1a: Melmetal|Melmetal|100\/100\n|-damage|p1a: Melmetal|94\/100|[from] Stealth Rock\n|move|p2a: \u7a7a\u95f4\u5e3d\u5b50\u9b54\u5973\u4e0d\u4f1a\u68a6\u5230\u94a2\u62f3\u53cc\u51fb\u5854\u54e5|Trick Room|p2a: \u7a7a\u95f4\u5e3d\u5b50\u9b54\u5973\u4e0d\u4f1a\u68a6\u5230\u94a2\u62f3\u53cc\u51fb\u5854\u54e5\n|-fieldstart|move: Trick Room|[of] p2a: \u7a7a\u95f4\u5e3d\u5b50\u9b54\u5973\u4e0d\u4f1a\u68a6\u5230\u94a2\u62f3\u53cc\u51fb\u5854\u54e5\n|\n|-heal|p1a: Melmetal|100\/100|[from] item: Leftovers\n|upkeep\n|turn|5\n|\n|t:|1667033961\n|switch|p2a: \u65f6\u5c1a\u7684\u5361\u6bd4\u517d\u5df2\u7ecf\u6467\u6bc1\u4e86\u4ee5\u4e0b\u7701\u7565|Steelix, F, shiny|64\/100\n|move|p1a: Melmetal|Double Iron Bash|p2a: \u65f6\u5c1a\u7684\u5361\u6bd4\u517d\u5df2\u7ecf\u6467\u6bc1\u4e86\u4ee5\u4e0b\u7701\u7565\n|-resisted|p2a: \u65f6\u5c1a\u7684\u5361\u6bd4\u517d\u5df2\u7ecf\u6467\u6bc1\u4e86\u4ee5\u4e0b\u7701\u7565\n|-damage|p2a: \u65f6\u5c1a\u7684\u5361\u6bd4\u517d\u5df2\u7ecf\u6467\u6bc1\u4e86\u4ee5\u4e0b\u7701\u7565|56\/100\n|-resisted|p2a: \u65f6\u5c1a\u7684\u5361\u6bd4\u517d\u5df2\u7ecf\u6467\u6bc1\u4e86\u4ee5\u4e0b\u7701\u7565\n|-damage|p2a: \u65f6\u5c1a\u7684\u5361\u6bd4\u517d\u5df2\u7ecf\u6467\u6bc1\u4e86\u4ee5\u4e0b\u7701\u7565|48\/100\n|-hitcount|p2a: \u65f6\u5c1a\u7684\u5361\u6bd4\u517d\u5df2\u7ecf\u6467\u6bc1\u4e86\u4ee5\u4e0b\u7701\u7565|2\n|\n|upkeep\n|turn|6\n|\n|t:|1667033973\n|switch|p1a: Rillaboom|Rillaboom, F|100\/100\n|-damage|p1a: Rillaboom|88\/100|[from] Stealth Rock\n|-fieldstart|move: Grassy Terrain|[from] ability: Grassy Surge|[of] p1a: Rillaboom\n|move|p2a: \u65f6\u5c1a\u7684\u5361\u6bd4\u517d\u5df2\u7ecf\u6467\u6bc1\u4e86\u4ee5\u4e0b\u7701\u7565|Body Press|p1a: Rillaboom\n|-damage|p1a: Rillaboom|38\/100\n|\n|-heal|p2a: \u65f6\u5c1a\u7684\u5361\u6bd4\u517d\u5df2\u7ecf\u6467\u6bc1\u4e86\u4ee5\u4e0b\u7701\u7565|54\/100|[from] Grassy Terrain\n|-heal|p1a: Rillaboom|44\/100|[from] Grassy Terrain\n|upkeep\n|turn|7\n|\n|t:|1667033976\n|switch|p1a: Toxapex|Toxapex, F|100\/100\n|-damage|p1a: Toxapex|88\/100|[from] Stealth Rock\n|move|p2a: \u65f6\u5c1a\u7684\u5361\u6bd4\u517d\u5df2\u7ecf\u6467\u6bc1\u4e86\u4ee5\u4e0b\u7701\u7565|Body Press|p1a: Toxapex\n|-resisted|p1a: Toxapex\n|-damage|p1a: Toxapex|76\/100\n|-enditem|p1a: Toxapex|Eject Button\n|\n|t:|1667033980\n|switch|p1a: Garchomp|Garchomp, F|100\/100\n|-damage|p1a: Garchomp|94\/100|[from] Stealth Rock\n|\n|-heal|p2a: \u65f6\u5c1a\u7684\u5361\u6bd4\u517d\u5df2\u7ecf\u6467\u6bc1\u4e86\u4ee5\u4e0b\u7701\u7565|60\/100|[from] Grassy Terrain\n|-heal|p1a: Garchomp|100\/100|[from] Grassy Terrain\n|upkeep\n|turn|8\n|\n|t:|1667033985\n|switch|p2a: Blissey|Blissey, F, shiny|100\/100\n|move|p1a: Garchomp|Fire Blast|p2a: Blissey\n|-damage|p2a: Blissey|94\/100\n|\n|-heal|p2a: Blissey|99\/100|[from] Grassy Terrain\n|-heal|p2a: Blissey|100\/100|[from] item: Leftovers\n|-fieldend|move: Trick Room\n|upkeep\n|turn|9\n|\n|t:|1667033992\n|move|p1a: Garchomp|Stealth Rock|p2a: Blissey\n|-sidestart|p2: qqqui|move: Stealth Rock\n|move|p2a: Blissey|Toxic|p1a: Garchomp\n|-status|p1a: Garchomp|tox\n|\n|-damage|p1a: Garchomp|94\/100 tox|[from] psn\n|upkeep\n|turn|10\n|\n|t:|1667034002\n|move|p1a: Garchomp|Earthquake|p2a: Blissey\n|-damage|p2a: Blissey|54\/100\n|move|p2a: Blissey|Soft-Boiled|p2a: Blissey\n|-heal|p2a: Blissey|100\/100\n|\n|-heal|p1a: Garchomp|100\/100 tox|[from] Grassy Terrain\n|-damage|p1a: Garchomp|88\/100 tox|[from] psn\n|-fieldend|move: Grassy Terrain\n|upkeep\n|turn|11\n|\n|t:|1667034020\n|move|p1a: Garchomp|Earthquake|p2a: Blissey\n|-damage|p2a: Blissey|12\/100\n|move|p2a: Blissey|Seismic Toss|p1a: Garchomp\n|-damage|p1a: Garchomp|64\/100 tox\n|-damage|p2a: Blissey|0 fnt|[from] ability: Rough Skin|[of] p1a: Garchomp\n|faint|p2a: Blissey\n|\n|-heal|p1a: Garchomp|70\/100 tox|[from] item: Leftovers\n|-damage|p1a: Garchomp|52\/100 tox|[from] psn\n|upkeep\n|-message|qqqui forfeited.\n|\n|win|AlphaTherai\n|raw|AlphaTherai's rating: 1346 &rarr; <strong>1367<\/strong><br \/>(+21 for winning)\n|raw|qqqui's rating: 1370 &rarr; <strong>1349<\/strong><br \/>(-21 for losing)\n|l|\u2606qqqui\n||Ladder isn't responding, score probably updated but might not have (Request timeout).\n","uploadtime":1667034068,"views":10,"p1id":"alphatherai","p2id":"qqqui","formatid":"gen8ou","rating":1349,"private":0,"password":null}