{"id":"gen8ou-1687305500","p1":"Huskothy","p2":"ty-tyui\u21bb","format":"gen8ou","log":"|html|<div class=\"broadcast-blue\"><strong>[Gen 8] OU is currently suspecting Melmetal! For information on how to participate check out the <a href=\"https:\/\/www.smogon.com\/forums\/threads\/np-ss-ou-suspect-process-round-12-monster-mash.3709234\/\">suspect thread<\/a>.<\/strong><\/div>\n|j|\u2606Huskothy\n|j|\u2606ty-tyui\u21bb\n|t:|1665947630\n|gametype|singles\n|player|p1|Huskothy|lucas|1702\n|player|p2|ty-tyui\u21bb|grace|1746\n|teamsize|p1|6\n|teamsize|p2|6\n|gen|8\n|tier|[Gen 8] OU\n|rated|\n|rule|Sleep Clause Mod: Limit one foe put to sleep\n|rule|Species Clause: Limit one of each Pok\u00e9mon\n|rule|OHKO Clause: OHKO moves are banned\n|rule|Evasion Items Clause: Evasion items are banned\n|rule|Evasion Moves Clause: Evasion moves are banned\n|rule|Endless Battle Clause: Forcing endless battles is banned\n|rule|HP Percentage Mod: HP is shown in percentages\n|rule|Dynamax Clause: You cannot dynamax\n|clearpoke\n|poke|p1|Noctowl, M|\n|poke|p1|Mew|\n|poke|p1|Garchomp, M|\n|poke|p1|Blastoise, F|\n|poke|p1|Slowbro-Galar, M|\n|poke|p1|Tapu Lele|\n|poke|p2|Mienshao, F|\n|poke|p2|Ninetales-Alola, F|\n|poke|p2|Blacephalon|\n|poke|p2|Landorus-Therian, M|\n|poke|p2|Corviknight, F|\n|poke|p2|Rotom-Wash|\n|teampreview\n|j| hejfweff\n|\n|t:|1665947640\n|start\n|switch|p1a: Mew|Mew|100\/100\n|switch|p2a: Mienshao|Mienshao, F, shiny|100\/100\n|turn|1\n|j| Jongruenwald\n|inactive|Battle timer is ON: inactive players will automatically lose when time's up. (requested by ty-tyui\u21bb)\n|\n|t:|1665947653\n|move|p2a: Mienshao|Knock Off|p1a: Mew\n|-supereffective|p1a: Mew\n|-damage|p1a: Mew|28\/100\n|-enditem|p1a: Mew|Focus Sash|[from] move: Knock Off|[of] p2a: Mienshao\n|-damage|p2a: Mienshao|91\/100|[from] item: Life Orb\n|move|p1a: Mew|Stealth Rock|p2a: Mienshao\n|-sidestart|p2: ty-tyui\u21bb|move: Stealth Rock\n|\n|upkeep\n|turn|2\n|\n|t:|1665947658\n|move|p2a: Mienshao|Knock Off|p1a: Mew\n|-supereffective|p1a: Mew\n|-damage|p1a: Mew|0 fnt\n|faint|p1a: Mew\n|-damage|p2a: Mienshao|81\/100|[from] item: Life Orb\n|\n|upkeep\n|\n|t:|1665947664\n|switch|p1a: Tapu Lele|Tapu Lele|100\/100\n|-fieldstart|move: Psychic Terrain|[from] ability: Psychic Surge|[of] p1a: Tapu Lele\n|turn|3\n|j| voy por todos\n|\n|t:|1665947667\n|switch|p2a: Corviknight|Corviknight, F|100\/100\n|-damage|p2a: Corviknight|88\/100|[from] Stealth Rock\n|-ability|p2a: Corviknight|Pressure\n|move|p1a: Tapu Lele|Moonblast|p2a: Corviknight\n|-resisted|p2a: Corviknight\n|-damage|p2a: Corviknight|69\/100\n|\n|upkeep\n|turn|4\n|\n|t:|1665947673\n|switch|p1a: BIRD|Noctowl, M|100\/100\n|move|p2a: Corviknight|Defog|p1a: BIRD\n|-unboost|p1a: BIRD|evasion|1\n|-sideend|p2: ty-tyui\u21bb|Stealth Rock|[from] move: Defog|[of] p2a: Corviknight\n|-fieldend|move: Psychic Terrain\n|\n|upkeep\n|turn|5\n|\n|t:|1665947679\n|switch|p2a: Rotom|Rotom-Wash|100\/100\n|move|p1a: BIRD|Nasty Plot|p1a: BIRD\n|-boost|p1a: BIRD|spa|2\n|\n|upkeep\n|turn|6\n|\n|t:|1665947681\n|move|p1a: BIRD|Agility|p1a: BIRD\n|-boost|p1a: BIRD|spe|2\n|move|p2a: Rotom|Volt Switch|p1a: BIRD\n|-supereffective|p1a: BIRD\n|-enditem|p1a: BIRD|Wacan Berry|[eat]\n|-enditem|p1a: BIRD|Wacan Berry|[weaken]\n|-damage|p1a: BIRD|73\/100\n|\n|t:|1665947686\n|switch|p2a: Blacephalon|Blacephalon, shiny|100\/100|[from]move: Volt Switch\n|\n|upkeep\n|turn|7\n|\n|t:|1665947688\n|move|p1a: BIRD|Hurricane|p2a: Blacephalon|[miss]\n|-miss|p1a: BIRD|p2a: Blacephalon\n|move|p2a: Blacephalon|Overheat|p1a: BIRD\n|-damage|p1a: BIRD|0 fnt\n|-unboost|p2a: Blacephalon|spa|2\n|faint|p1a: BIRD\n|-ability|p2a: Blacephalon|Beast Boost|boost\n|-boost|p2a: Blacephalon|spa|1\n|\n|upkeep\n|\n|t:|1665947692\n|switch|p1a: Slowbro|Slowbro-Galar, M|100\/100\n|turn|8\n|\n|t:|1665947697\n|switch|p2a: Landorus|Landorus-Therian, M|100\/100\n|-ability|p2a: Landorus|Intimidate|boost\n|-unboost|p1a: Slowbro|atk|1\n|move|p1a: Slowbro|Nasty Plot|p1a: Slowbro\n|-boost|p1a: Slowbro|spa|2\n|\n|upkeep\n|turn|9\n|-activate|p1a: Slowbro|item: Quick Claw\n|\n|t:|1665947700\n|move|p1a: Slowbro|Psychic|p2a: Landorus\n|-damage|p2a: Landorus|36\/100\n|-unboost|p2a: Landorus|spd|1\n|move|p2a: Landorus|Earthquake|p1a: Slowbro\n|-supereffective|p1a: Slowbro\n|-damage|p1a: Slowbro|5\/100\n|\n|-heal|p2a: Landorus|42\/100|[from] item: Leftovers\n|upkeep\n|turn|10\n|\n|t:|1665947708\n|move|p2a: Landorus|Earthquake|p1a: Slowbro\n|-supereffective|p1a: Slowbro\n|-damage|p1a: Slowbro|0 fnt\n|faint|p1a: Slowbro\n|\n|-heal|p2a: Landorus|48\/100|[from] item: Leftovers\n|upkeep\n|\n|t:|1665947713\n|switch|p1a: Blastoise|Blastoise, F|100\/100\n|turn|11\n|\n|t:|1665947717\n|move|p1a: Blastoise|Shell Smash|p1a: Blastoise\n|-unboost|p1a: Blastoise|def|1\n|-unboost|p1a: Blastoise|spd|1\n|-boost|p1a: Blastoise|atk|2\n|-boost|p1a: Blastoise|spa|2\n|-boost|p1a: Blastoise|spe|2\n|-enditem|p1a: Blastoise|White Herb\n|-clearnegativeboost|p1a: Blastoise|[silent]\n|move|p2a: Landorus|Toxic|p1a: Blastoise\n|-status|p1a: Blastoise|tox\n|\n|-heal|p2a: Landorus|54\/100|[from] item: Leftovers\n|-damage|p1a: Blastoise|94\/100 tox|[from] psn\n|upkeep\n|turn|12\n|\n|t:|1665947724\n|move|p1a: Blastoise|Surf|p2a: Landorus\n|-supereffective|p2a: Landorus\n|-damage|p2a: Landorus|0 fnt\n|faint|p2a: Landorus\n|\n|-damage|p1a: Blastoise|82\/100 tox|[from] psn\n|upkeep\n|\n|t:|1665947726\n|switch|p2a: Rotom|Rotom-Wash|100\/100\n|turn|13\n|\n|t:|1665947729\n|move|p1a: Blastoise|Focus Blast|p2a: Rotom\n|-damage|p2a: Rotom|48\/100\n|move|p2a: Rotom|Volt Switch|p1a: Blastoise\n|-supereffective|p1a: Blastoise\n|-damage|p1a: Blastoise|30\/100 tox\n|\n|t:|1665947736\n|switch|p2a: Corviknight|Corviknight, F|69\/100|[from]move: Volt Switch\n|-ability|p2a: Corviknight|Pressure\n|\n|-damage|p1a: Blastoise|12\/100 tox|[from] psn\n|upkeep\n|turn|14\n|\n|t:|1665947740\n|switch|p2a: Rotom|Rotom-Wash|48\/100\n|move|p1a: Blastoise|Surf|p2a: Rotom\n|-resisted|p2a: Rotom\n|-damage|p2a: Rotom|7\/100\n|\n|-heal|p2a: Rotom|14\/100|[from] item: Leftovers\n|-damage|p1a: Blastoise|0 fnt|[from] psn\n|faint|p1a: Blastoise\n|upkeep\n|\n|t:|1665947743\n|switch|p1a: Garchomp|Garchomp, M|100\/100\n|turn|15\n|\n|t:|1665947745\n|switch|p2a: Ninetales|Ninetales-Alola, F|100\/100\n|-weather|Hail|[from] ability: Snow Warning|[of] p2a: Ninetales\n|move|p1a: Garchomp|Scale Shot|p2a: Ninetales\n|-immune|p2a: Ninetales\n|\n|-weather|Hail|[upkeep]\n|-damage|p1a: Garchomp|94\/100|[from] Hail\n|-heal|p1a: Garchomp|100\/100|[from] item: Leftovers\n|upkeep\n|turn|16\n|\n|t:|1665947748\n|move|p2a: Ninetales|Blizzard|p1a: Garchomp\n|-supereffective|p1a: Garchomp\n|-damage|p1a: Garchomp|0 fnt\n|faint|p1a: Garchomp\n|\n|-weather|Hail|[upkeep]\n|upkeep\n|c|\u2606Huskothy|gg\n|-message|Huskothy forfeited.\n|\n|win|ty-tyui\u21bb\n|raw|Huskothy's rating: 1702 &rarr; <strong>1685<\/strong><br \/>(-17 for losing)\n|raw|ty-tyui\u21bb's rating: 1746 &rarr; <strong>1763<\/strong><br \/>(+17 for winning)\n|l|\u2606Huskothy\n|l| Jongruenwald\n||Ladder isn't responding, score probably updated but might not have (Request timeout).\n","uploadtime":1665947757,"views":21,"p1id":"huskothy","p2id":"tytyui","formatid":"gen8ou","rating":1685,"private":0,"password":null}