{"id":"gen8ou-1224191473","p1":"ezwz","p2":"dunoks","format":"gen8ou","log":"|j|\u2606ezwz\n|j|\u2606dunoks\n|t:|1605455783\n|player|p1|ezwz|youngster-gen4|\n|player|p2|dunoks|101|\n|teamsize|p1|6\n|teamsize|p2|6\n|gametype|singles\n|gen|8\n|tier|[Gen 8] OU\n|rated|Tournament battle\n|clearpoke\n|poke|p1|Swampert, M|\n|poke|p1|Ferrothorn, M|\n|poke|p1|Cinderace, M|\n|poke|p1|Dragapult, M|\n|poke|p1|Weezing-Galar, F|\n|poke|p1|Mandibuzz, F|\n|poke|p2|Buzzwole|\n|poke|p2|Tyranitar, M|\n|poke|p2|Jirachi|\n|poke|p2|Zapdos|\n|poke|p2|Garchomp, F|\n|poke|p2|Tapu Fini|\n|rule|Sleep Clause Mod: Limit one foe put to sleep\n|rule|Species Clause: Limit one of each Pok\u00e9mon\n|rule|OHKO Clause: OHKO moves are banned\n|rule|Evasion Moves Clause: Evasion moves are banned\n|rule|Endless Battle Clause: Forcing endless battles is banned\n|rule|HP Percentage Mod: HP is shown in percentages\n|rule|Dynamax Clause: You cannot dynamax\n|teampreview\n|j| jmoore15\n|j| cesles\n|c|\u2606dunoks|hf\n|j| hipster garbage\n|j|+ru\u2192by@!\n|c|\u2606ezwz|hf\n|c| jmoore15|whoever loses has to give up their soul\n|j| Zombini62\n|j| AyuubS\n|j| bruno1989\n|j| PortugalTheDude\n|j| Moirath Zenafel\n|\n|t:|1605455830\n|start\n|switch|p1a: Swampert|Swampert, M|100\/100\n|switch|p2a: Zapdos|Zapdos|100\/100\n|turn|1\n|inactive|Battle timer is ON: inactive players will automatically lose when time's up. (requested by dunoks)\n|\n|t:|1605455834\n|switch|p2a: Tapu Fini|Tapu Fini|100\/100\n|-fieldstart|move: Misty Terrain|[from] ability: Misty Surge|[of] p2a: Tapu Fini\n|move|p1a: Swampert|Toxic|p2a: Tapu Fini\n|-activate|p2a: Tapu Fini|move: Misty Terrain\n|\n|upkeep\n|turn|2\n|\n|t:|1605455843\n|switch|p1a: Ferrothorn|Ferrothorn, M|100\/100\n|move|p2a: Tapu Fini|Taunt|p1a: Ferrothorn\n|-start|p1a: Ferrothorn|move: Taunt\n|\n|upkeep\n|turn|3\n|\n|t:|1605455850\n|switch|p2a: Zapdos|Zapdos|100\/100\n|move|p1a: Ferrothorn|Knock Off|p2a: Zapdos\n|-damage|p2a: Zapdos|84\/100\n|-enditem|p2a: Zapdos|Heavy-Duty Boots|[from] move: Knock Off|[of] p1a: Ferrothorn\n|\n|upkeep\n|turn|4\n|\n|t:|1605455856\n|switch|p1a: Swampert|Swampert, M|100\/100\n|move|p2a: Zapdos|Hurricane|p1a: Swampert\n|-damage|p1a: Swampert|60\/100\n|\n|-heal|p1a: Swampert|66\/100|[from] item: Leftovers\n|upkeep\n|turn|5\n|\n|t:|1605455862\n|move|p2a: Zapdos|Hurricane|p1a: Swampert\n|-damage|p1a: Swampert|26\/100\n|move|p1a: Swampert|Toxic|p2a: Zapdos\n|-status|p2a: Zapdos|tox\n|\n|-heal|p1a: Swampert|32\/100|[from] item: Leftovers\n|-damage|p2a: Zapdos|78\/100 tox|[from] psn\n|-fieldend|Misty Terrain\n|upkeep\n|turn|6\n|\n|t:|1605455869\n|switch|p1a: Ferrothorn|Ferrothorn, M|100\/100\n|move|p2a: Zapdos|Hurricane|p1a: Ferrothorn\n|-damage|p1a: Ferrothorn|71\/100\n|\n|-heal|p1a: Ferrothorn|77\/100|[from] item: Leftovers\n|-damage|p2a: Zapdos|66\/100 tox|[from] psn\n|upkeep\n|turn|7\n|l| Zombini62\n|\n|t:|1605455877\n|switch|p2a: Tapu Fini|Tapu Fini|100\/100\n|-fieldstart|move: Misty Terrain|[from] ability: Misty Surge|[of] p2a: Tapu Fini\n|move|p1a: Ferrothorn|Spikes|p2a: Tapu Fini\n|-sidestart|p2: dunoks|Spikes\n|\n|-heal|p1a: Ferrothorn|84\/100|[from] item: Leftovers\n|upkeep\n|turn|8\n|\n|t:|1605455881\n|move|p2a: Tapu Fini|Taunt|p1a: Ferrothorn\n|-start|p1a: Ferrothorn|move: Taunt\n|cant|p1a: Ferrothorn|move: Taunt|Leech Seed\n|\n|-heal|p1a: Ferrothorn|90\/100|[from] item: Leftovers\n|upkeep\n|turn|9\n|\n|t:|1605455890\n|switch|p2a: Zapdos|Zapdos|66\/100 tox\n|move|p1a: Ferrothorn|Knock Off|p2a: Zapdos\n|-damage|p2a: Zapdos|53\/100 tox\n|\n|-heal|p1a: Ferrothorn|96\/100|[from] item: Leftovers\n|-damage|p2a: Zapdos|47\/100 tox|[from] psn\n|upkeep\n|turn|10\n|j| internetharasser\n|\n|t:|1605455894\n|move|p2a: Zapdos|Roost|p2a: Zapdos\n|-heal|p2a: Zapdos|97\/100 tox\n|-singleturn|p2a: Zapdos|move: Roost\n|move|p1a: Ferrothorn|Power Whip|p2a: Zapdos\n|-damage|p2a: Zapdos|66\/100 tox\n|\n|-heal|p1a: Ferrothorn|100\/100|[from] item: Leftovers\n|-damage|p2a: Zapdos|54\/100 tox|[from] psn\n|-end|p1a: Ferrothorn|move: Taunt\n|upkeep\n|turn|11\n|\n|t:|1605455898\n|move|p2a: Zapdos|Volt Switch|p1a: Ferrothorn\n|-resisted|p1a: Ferrothorn\n|-damage|p1a: Ferrothorn|90\/100\n|\n|t:|1605455921\n|switch|p2a: Buzzwole|Buzzwole|100\/100|[from]move: Volt Switch\n|-damage|p2a: Buzzwole|88\/100|[from] Spikes\n|move|p1a: Ferrothorn|Leech Seed|p2a: Buzzwole\n|-start|p2a: Buzzwole|move: Leech Seed\n|\n|-heal|p2a: Buzzwole|94\/100|[from] item: Leftovers\n|-heal|p1a: Ferrothorn|97\/100|[from] item: Leftovers\n|-damage|p2a: Buzzwole|82\/100|[from] Leech Seed|[of] p1a: Ferrothorn\n|-heal|p1a: Ferrothorn|100\/100|[silent]\n|-fieldend|Misty Terrain\n|upkeep\n|turn|12\n|\n|t:|1605455948\n|switch|p2a: Tapu Fini|Tapu Fini|100\/100\n|-damage|p2a: Tapu Fini|88\/100|[from] Spikes\n|-fieldstart|move: Misty Terrain|[from] ability: Misty Surge|[of] p2a: Tapu Fini\n|switch|p1a: Weezing|Weezing-Galar, F|100\/100\n|-ability|p1a: Weezing|Neutralizing Gas\n|\n|-heal|p2a: Tapu Fini|94\/100|[from] item: Leftovers\n|upkeep\n|turn|13\n|\n|t:|1605455960\n|switch|p1a: Ferrothorn|Ferrothorn, M|100\/100\n|move|p2a: Tapu Fini|Scald|p1a: Ferrothorn\n|-resisted|p1a: Ferrothorn\n|-damage|p1a: Ferrothorn|92\/100\n|\n|-heal|p2a: Tapu Fini|100\/100|[from] item: Leftovers\n|-heal|p1a: Ferrothorn|98\/100|[from] item: Leftovers\n|upkeep\n|turn|14\n|\n|t:|1605455965\n|move|p2a: Tapu Fini|Taunt|p1a: Ferrothorn\n|-start|p1a: Ferrothorn|move: Taunt\n|move|p1a: Ferrothorn|Knock Off|p2a: Tapu Fini\n|-resisted|p2a: Tapu Fini\n|-damage|p2a: Tapu Fini|91\/100\n|-enditem|p2a: Tapu Fini|Leftovers|[from] move: Knock Off|[of] p1a: Ferrothorn\n|\n|-heal|p1a: Ferrothorn|100\/100|[from] item: Leftovers\n|upkeep\n|turn|15\n|j| Main nidoking\n|\n|t:|1605455975\n|switch|p2a: Garchomp|Garchomp, F|100\/100\n|-damage|p2a: Garchomp|88\/100|[from] Spikes\n|move|p1a: Ferrothorn|Knock Off|p2a: Garchomp\n|-damage|p2a: Garchomp|68\/100\n|-enditem|p2a: Garchomp|Life Orb|[from] move: Knock Off|[of] p1a: Ferrothorn\n|\n|upkeep\n|turn|16\n|j| JuiceSiphon\n|c| jmoore15|dunoks you lost\n|\n|t:|1605456012\n|switch|p1a: Mandibuzz|Mandibuzz, F|100\/100\n|move|p2a: Garchomp|Fire Fang|p1a: Mandibuzz\n|-damage|p1a: Mandibuzz|88\/100\n|\n|-fieldend|Misty Terrain\n|upkeep\n|turn|17\n|j|@power\n|l| cesles\n|inactive|dunoks has 120 seconds left.\n|j| Unban Zacian\n|inactive|ezwz has 120 seconds left.\n|\n|t:|1605456064\n|switch|p2a: Zapdos|Zapdos|54\/100 tox\n|move|p1a: Mandibuzz|Foul Play|p2a: Zapdos\n|-damage|p2a: Zapdos|35\/100 tox\n|\n|-damage|p2a: Zapdos|29\/100 tox|[from] psn\n|upkeep\n|turn|18\n|\n|t:|1605456074\n|switch|p1a: Ferrothorn|Ferrothorn, M|100\/100\n|move|p2a: Zapdos|Defog|p1a: Ferrothorn\n|-unboost|p1a: Ferrothorn|evasion|1\n|-sideend|p2: dunoks|Spikes|[from] move: Defog|[of] p2a: Zapdos\n|\n|-damage|p2a: Zapdos|17\/100 tox|[from] psn\n|upkeep\n|turn|19\n|\n|t:|1605456081\n|switch|p2a: Garchomp|Garchomp, F|68\/100\n|move|p1a: Ferrothorn|Spikes|p2a: Garchomp\n|-sidestart|p2: dunoks|Spikes\n|\n|upkeep\n|turn|20\n|inactive|ezwz has 120 seconds left.\n|inactive|dunoks has 120 seconds left.\n|\n|t:|1605456098\n|switch|p2a: Tapu Fini|Tapu Fini|91\/100\n|-damage|p2a: Tapu Fini|79\/100|[from] Spikes\n|-fieldstart|move: Misty Terrain|[from] ability: Misty Surge|[of] p2a: Tapu Fini\n|switch|p1a: Mandibuzz|Mandibuzz, F|88\/100\n|\n|upkeep\n|turn|21\n|j| PLUSULTRACHAMPION\n|j|@Disorient\n|\n|t:|1605456119\n|switch|p1a: Ferrothorn|Ferrothorn, M|100\/100\n|move|p2a: Tapu Fini|Calm Mind|p2a: Tapu Fini\n|-boost|p2a: Tapu Fini|spa|1\n|-boost|p2a: Tapu Fini|spd|1\n|\n|upkeep\n|turn|22\n|\n|t:|1605456123\n|move|p2a: Tapu Fini|Taunt|p1a: Ferrothorn\n|-start|p1a: Ferrothorn|move: Taunt\n|move|p1a: Ferrothorn|Power Whip|p2a: Tapu Fini\n|-supereffective|p2a: Tapu Fini\n|-crit|p2a: Tapu Fini\n|-damage|p2a: Tapu Fini|0 fnt\n|faint|p2a: Tapu Fini\n|\n|upkeep\n|j| igyhol\n|c| igyhol|hi\n|c| igyhol|uwu\n|c|\u2606ezwz|hey x\n|inactive|dunoks has 90 seconds left.\n|\n|t:|1605456167\n|switch|p2a: Zapdos|Zapdos|17\/100 tox\n|turn|23\n|\n|t:|1605456172\n|move|p2a: Zapdos|Defog|p1a: Ferrothorn\n|-unboost|p1a: Ferrothorn|evasion|1\n|-sideend|p2: dunoks|Spikes|[from] move: Defog|[of] p2a: Zapdos\n|-fieldend|Misty Terrain\n|move|p1a: Ferrothorn|Power Whip|p2a: Zapdos\n|-resisted|p2a: Zapdos\n|-damage|p2a: Zapdos|3\/100 tox\n|\n|-damage|p2a: Zapdos|0 fnt|[from] psn\n|faint|p2a: Zapdos\n|upkeep\n|\n|t:|1605456174\n|switch|p2a: Garchomp|Garchomp, F|68\/100\n|turn|24\n|inactive|dunoks has 90 seconds left.\n|\n|t:|1605456182\n|switch|p1a: Mandibuzz|Mandibuzz, F|88\/100\n|move|p2a: Garchomp|Swords Dance|p2a: Garchomp\n|-boost|p2a: Garchomp|atk|2\n|\n|upkeep\n|turn|25\n|c| Unban Zacian|ferrothorn unleashed\n|\n|t:|1605456187\n|switch|p1a: Swampert|Swampert, M|32\/100\n|move|p2a: Garchomp|Scale Shot|p1a: Swampert\n|-damage|p1a: Swampert|17\/100\n|-crit|p1a: Swampert\n|-damage|p1a: Swampert|0 fnt\n|-hitcount|p1a: Swampert|2\n|-unboost|p2a: Garchomp|def|1\n|-boost|p2a: Garchomp|spe|1\n|faint|p1a: Swampert\n|\n|upkeep\n|j| LKBHUV\n|\n|t:|1605456193\n|switch|p1a: Mandibuzz|Mandibuzz, F|88\/100\n|turn|26\n|\n|t:|1605456196\n|move|p2a: Garchomp|Scale Shot|p1a: Mandibuzz\n|-damage|p1a: Mandibuzz|73\/100\n|-damage|p1a: Mandibuzz|57\/100\n|-hitcount|p1a: Mandibuzz|2\n|-unboost|p2a: Garchomp|def|1\n|-boost|p2a: Garchomp|spe|1\n|move|p1a: Mandibuzz|Foul Play|p2a: Garchomp\n|-damage|p2a: Garchomp|0 fnt\n|faint|p2a: Garchomp\n|\n|upkeep\n|\n|t:|1605456205\n|switch|p2a: Tyranitar|Tyranitar, M|100\/100\n|-weather|Sandstorm|[from] ability: Sand Stream|[of] p2a: Tyranitar\n|turn|27\n|c|\u2606dunoks|gg\n|inactive|dunoks has 120 seconds left.\n|\n|t:|1605456213\n|move|p1a: Mandibuzz|U-turn|p2a: Tyranitar\n|-supereffective|p2a: Tyranitar\n|-damage|p2a: Tyranitar|82\/100\n|c|\u2606ezwz|gg\n|\n|t:|1605456225\n|switch|p1a: Weezing|Weezing-Galar, F|100\/100|[from]move: U-turn\n|-ability|p1a: Weezing|Neutralizing Gas\n|move|p2a: Tyranitar|Thunder Wave|p1a: Weezing\n|-status|p1a: Weezing|par\n|\n|-weather|Sandstorm|[upkeep]\n|-damage|p1a: Weezing|95\/100 par|[from] Sandstorm\n|-heal|p2a: Tyranitar|88\/100|[from] item: Leftovers\n|upkeep\n|turn|28\n|-message|dunoks forfeited.\n|\n|win|ezwz\n|l|\u2606dunoks\n|l| LKBHUV\n|l| internetharasser\n|l|\u2606ezwz\n|l| PortugalTheDude\n|l| igyhol\n|l| Moirath Zenafel\n|l| Unban Zacian\n|j| sparking test\n","uploadtime":1605456227,"views":419,"p1id":"ezwz","p2id":"dunoks","formatid":"gen8ou","rating":0,"private":0,"password":null}