{"id":"gen8ou-1559079108","p1":"stopthreat","p2":"1owercase","format":"gen8ou","log":"|j|\u2606stopthreat\n|j|\u26061owercase\n|t:|1650645272\n|gametype|singles\n|player|p1|stopthreat|skier|1726\n|player|p2|1owercase|flannery|1759\n|teamsize|p1|6\n|teamsize|p2|6\n|gen|8\n|tier|[Gen 8] OU\n|rated|\n|rule|Sleep Clause Mod: Limit one foe put to sleep\n|rule|Species Clause: Limit one of each Pok\u00e9mon\n|rule|OHKO Clause: OHKO moves are banned\n|rule|Evasion Moves Clause: Evasion moves are banned\n|rule|Endless Battle Clause: Forcing endless battles is banned\n|rule|HP Percentage Mod: HP is shown in percentages\n|rule|Dynamax Clause: You cannot dynamax\n|clearpoke\n|poke|p1|Dragapult, M|\n|poke|p1|Clefable, F|\n|poke|p1|Crawdaunt, M|\n|poke|p1|Corviknight, F|\n|poke|p1|Heatran, M|\n|poke|p1|Gastrodon, F|\n|poke|p2|Landorus-Therian, M|\n|poke|p2|Weavile, M|\n|poke|p2|Ferrothorn, M|\n|poke|p2|Zapdos|\n|poke|p2|Urshifu-*, M|\n|poke|p2|Volcarona, M|\n|teampreview\n|inactive|Battle timer is ON: inactive players will automatically lose when time's up. (requested by 1owercase)\n|\n|t:|1650645293\n|start\n|switch|p1a: Clefable|Clefable, F|100\/100\n|switch|p2a: Urshifu|Urshifu-Rapid-Strike, M|100\/100\n|turn|1\n|j| pyh333\n|inactive|stopthreat has 120 seconds left.\n|\n|t:|1650645328\n|switch|p1a: Corviknight|Corviknight, F|100\/100\n|-ability|p1a: Corviknight|Pressure\n|move|p2a: Urshifu|U-turn|p1a: Corviknight\n|-resisted|p1a: Corviknight\n|-damage|p1a: Corviknight|95\/100\n|\n|t:|1650645337\n|switch|p2a: Zapdos|Zapdos|100\/100|[from]move: U-turn\n|\n|upkeep\n|turn|2\n|\n|t:|1650645347\n|switch|p1a: Gastrodon|Gastrodon, F|100\/100\n|move|p2a: Zapdos|Hurricane|p1a: Gastrodon|[miss]\n|-miss|p2a: Zapdos|p1a: Gastrodon\n|\n|upkeep\n|turn|3\n|\n|t:|1650645353\n|switch|p2a: Ferrothorn|Ferrothorn, M|100\/100\n|switch|p1a: Heatran|Heatran, M|100\/100\n|\n|upkeep\n|turn|4\n|\n|t:|1650645359\n|switch|p2a: Landorus|Landorus-Therian, M|100\/100\n|-ability|p2a: Landorus|Intimidate|boost\n|-unboost|p1a: Heatran|atk|1\n|move|p1a: Heatran|Magma Storm|p2a: Landorus|[miss]\n|-miss|p1a: Heatran|p2a: Landorus\n|\n|upkeep\n|turn|5\n|j| guho\n|j| tapu moxo\n|inactive|stopthreat has 120 seconds left.\n|inactive|stopthreat has 90 seconds left.\n|j| 0WithdrawalSyndrom\n|\n|t:|1650645430\n|switch|p1a: Corviknight|Corviknight, F|95\/100\n|-ability|p1a: Corviknight|Pressure\n|move|p2a: Landorus|Earthquake|p1a: Corviknight\n|-immune|p1a: Corviknight\n|\n|upkeep\n|turn|6\n|\n|t:|1650645434\n|move|p1a: Corviknight|Brave Bird|p2a: Landorus\n|-crit|p2a: Landorus\n|-damage|p2a: Landorus|45\/100\n|-damage|p1a: Corviknight|78\/100|[from] Recoil\n|move|p2a: Landorus|U-turn|p1a: Corviknight\n|-resisted|p1a: Corviknight\n|-damage|p1a: Corviknight|74\/100\n|-damage|p2a: Landorus|29\/100|[from] item: Rocky Helmet|[of] p1a: Corviknight\n|\n|t:|1650645444\n|switch|p2a: Ferrothorn|Ferrothorn, M|100\/100|[from]move: U-turn\n|\n|upkeep\n|turn|7\n|j| Wrain\n|inactive|stopthreat has 90 seconds left.\n|\n|t:|1650645469\n|move|p1a: Corviknight|U-turn|p2a: Ferrothorn\n|-damage|p2a: Ferrothorn|92\/100\n|-damage|p1a: Corviknight|61\/100|[from] ability: Iron Barbs|[of] p2a: Ferrothorn\n|\n|t:|1650645470\n|switch|p1a: Heatran|Heatran, M|100\/100|[from]move: U-turn\n|move|p2a: Ferrothorn|Stealth Rock|p1a: Heatran\n|-sidestart|p1: stopthreat|move: Stealth Rock\n|\n|-heal|p2a: Ferrothorn|98\/100|[from] item: Leftovers\n|upkeep\n|turn|8\n|inactive|stopthreat has 90 seconds left.\n|\n|t:|1650645492\n|switch|p2a: Urshifu|Urshifu-Rapid-Strike, M|100\/100\n|move|p1a: Heatran|Magma Storm|p2a: Urshifu\n|-resisted|p2a: Urshifu\n|-damage|p2a: Urshifu|68\/100\n|-activate|p2a: Urshifu|move: Magma Storm|[of] p1a: Heatran\n|\n|-damage|p2a: Urshifu|56\/100|[from] move: Magma Storm|[partiallytrapped]\n|upkeep\n|turn|9\n|\n|t:|1650645497\n|switch|p1a: Gastrodon|Gastrodon, F|100\/100\n|-damage|p1a: Gastrodon|94\/100|[from] Stealth Rock\n|move|p2a: Urshifu|Close Combat|p1a: Gastrodon\n|-damage|p1a: Gastrodon|52\/100\n|-unboost|p2a: Urshifu|def|1\n|-unboost|p2a: Urshifu|spd|1\n|\n|-heal|p1a: Gastrodon|58\/100|[from] item: Leftovers\n|-end|p2a: Urshifu|Magma Storm|[partiallytrapped]|[silent]\n|upkeep\n|turn|10\n|\n|t:|1650645504\n|switch|p1a: Heatran|Heatran, M|100\/100\n|-damage|p1a: Heatran|88\/100|[from] Stealth Rock\n|move|p2a: Urshifu|U-turn|p1a: Heatran\n|-resisted|p1a: Heatran\n|-crit|p1a: Heatran\n|-damage|p1a: Heatran|80\/100\n|j| gpz123\n|\n|t:|1650645532\n|switch|p2a: Landorus|Landorus-Therian, M|29\/100|[from]move: U-turn\n|-ability|p2a: Landorus|Intimidate|boost\n|-unboost|p1a: Heatran|atk|1\n|\n|-heal|p1a: Heatran|86\/100|[from] item: Leftovers\n|-heal|p2a: Landorus|35\/100|[from] item: Leftovers\n|upkeep\n|turn|11\n|\n|t:|1650645540\n|switch|p1a: Corviknight|Corviknight, F|61\/100\n|-damage|p1a: Corviknight|49\/100|[from] Stealth Rock\n|-ability|p1a: Corviknight|Pressure\n|move|p2a: Landorus|U-turn|p1a: Corviknight\n|-resisted|p1a: Corviknight\n|-damage|p1a: Corviknight|44\/100\n|-damage|p2a: Landorus|18\/100|[from] item: Rocky Helmet|[of] p1a: Corviknight\n|\n|t:|1650645546\n|switch|p2a: Weavile|Weavile, M, shiny|100\/100|[from]move: U-turn\n|-ability|p2a: Weavile|Pressure\n|\n|upkeep\n|turn|12\n|inactive|1owercase has 120 seconds left.\n|\n|t:|1650645576\n|move|p2a: Weavile|Knock Off|p1a: Corviknight\n|-damage|p1a: Corviknight|0 fnt\n|-damage|p2a: Weavile|84\/100|[from] item: Rocky Helmet|[of] p1a: Corviknight\n|-enditem|p1a: Corviknight|Rocky Helmet|[from] move: Knock Off|[of] p2a: Weavile\n|faint|p1a: Corviknight\n|\n|upkeep\n|\n|t:|1650645585\n|switch|p1a: Crawdaunt|Crawdaunt, M|100\/100\n|-damage|p1a: Crawdaunt|88\/100|[from] Stealth Rock\n|turn|13\n|inactive|1owercase has 120 seconds left.\n|l| tapu moxo\n|\n|t:|1650645592\n|switch|p2a: Landorus|Landorus-Therian, M|18\/100\n|-ability|p2a: Landorus|Intimidate|boost\n|-unboost|p1a: Crawdaunt|atk|1\n|move|p1a: Crawdaunt|Knock Off|p2a: Landorus\n|-damage|p2a: Landorus|0 fnt\n|-enditem|p2a: Landorus|Leftovers|[from] move: Knock Off|[of] p1a: Crawdaunt\n|faint|p2a: Landorus\n|\n|upkeep\n|inactive|1owercase has 120 seconds left.\n|\n|t:|1650645610\n|switch|p2a: Urshifu|Urshifu-Rapid-Strike, M|56\/100\n|turn|14\n|inactive|stopthreat has 120 seconds left.\n|\n|t:|1650645644\n|switch|p1a: Dragapult|Dragapult, M|100\/100\n|-damage|p1a: Dragapult|88\/100|[from] Stealth Rock\n|move|p2a: Urshifu|U-turn|p1a: Dragapult\n|-resisted|p1a: Dragapult\n|-damage|p1a: Dragapult|71\/100\n|inactive|1owercase has 90 seconds left.\n|\n|t:|1650645655\n|switch|p2a: Weavile|Weavile, M, shiny|84\/100|[from]move: U-turn\n|-ability|p2a: Weavile|Pressure\n|\n|upkeep\n|turn|15\n|inactive|stopthreat has 120 seconds left.\n|inactive|stopthreat has 90 seconds left.\n|\n|t:|1650645710\n|move|p2a: Weavile|Ice Shard|p1a: Dragapult\n|-supereffective|p1a: Dragapult\n|-damage|p1a: Dragapult|0 fnt\n|faint|p1a: Dragapult\n|\n|upkeep\n|\n|t:|1650645713\n|switch|p1a: Heatran|Heatran, M|86\/100\n|-damage|p1a: Heatran|74\/100|[from] Stealth Rock\n|turn|16\n|\n|t:|1650645725\n|switch|p2a: Urshifu|Urshifu-Rapid-Strike, M|56\/100\n|move|p1a: Heatran|Magma Storm|p2a: Urshifu\n|-resisted|p2a: Urshifu\n|-crit|p2a: Urshifu\n|-damage|p2a: Urshifu|10\/100\n|-activate|p2a: Urshifu|move: Magma Storm|[of] p1a: Heatran\n|\n|-heal|p1a: Heatran|80\/100|[from] item: Leftovers\n|-damage|p2a: Urshifu|0 fnt|[from] move: Magma Storm|[partiallytrapped]\n|faint|p2a: Urshifu\n|upkeep\n|\n|t:|1650645729\n|switch|p2a: Zapdos|Zapdos|100\/100\n|turn|17\n|inactive|stopthreat has 90 seconds left.\n|\n|t:|1650645761\n|move|p2a: Zapdos|Thunderbolt|p1a: Heatran\n|-damage|p1a: Heatran|38\/100\n|move|p1a: Heatran|Magma Storm|p2a: Zapdos\n|-damage|p2a: Zapdos|51\/100\n|-activate|p2a: Zapdos|move: Magma Storm|[of] p1a: Heatran\n|\n|-heal|p1a: Heatran|44\/100|[from] item: Leftovers\n|-damage|p2a: Zapdos|38\/100|[from] move: Magma Storm|[partiallytrapped]\n|upkeep\n|turn|18\n|inactive|stopthreat has 90 seconds left.\n|\n|t:|1650645772\n|switch|p1a: Gastrodon|Gastrodon, F|58\/100\n|-damage|p1a: Gastrodon|52\/100|[from] Stealth Rock\n|move|p2a: Zapdos|Thunderbolt|p1a: Gastrodon\n|-immune|p1a: Gastrodon\n|\n|-heal|p1a: Gastrodon|58\/100|[from] item: Leftovers\n|-end|p2a: Zapdos|Magma Storm|[partiallytrapped]|[silent]\n|upkeep\n|turn|19\n|inactive|stopthreat has 90 seconds left.\n|\n|t:|1650645778\n|switch|p2a: Ferrothorn|Ferrothorn, M|98\/100\n|switch|p1a: Clefable|Clefable, F|100\/100\n|\n|-heal|p2a: Ferrothorn|100\/100|[from] item: Leftovers\n|upkeep\n|turn|20\n|inactive|1owercase has 120 seconds left.\n|\n|t:|1650645785\n|move|p1a: Clefable|Flamethrower|p2a: Ferrothorn\n|-supereffective|p2a: Ferrothorn\n|-damage|p2a: Ferrothorn|0 fnt\n|faint|p2a: Ferrothorn\n|\n|upkeep\n|j| supahotnicememe\n|\n|t:|1650645787\n|switch|p2a: Weavile|Weavile, M, shiny|84\/100\n|-ability|p2a: Weavile|Pressure\n|turn|21\n|\n|t:|1650645799\n|move|p2a: Weavile|Poison Jab|p1a: Clefable\n|-supereffective|p1a: Clefable\n|-damage|p1a: Clefable|0 fnt\n|faint|p1a: Clefable\n|\n|upkeep\n|\n|t:|1650645804\n|switch|p1a: Heatran|Heatran, M|44\/100\n|-damage|p1a: Heatran|32\/100|[from] Stealth Rock\n|turn|22\n|\n|t:|1650645808\n|switch|p2a: Zapdos|Zapdos|38\/100\n|move|p1a: Heatran|Magma Storm|p2a: Zapdos\n|-damage|p2a: Zapdos|0 fnt\n|faint|p2a: Zapdos\n|\n|-heal|p1a: Heatran|38\/100|[from] item: Leftovers\n|upkeep\n|\n|t:|1650645811\n|switch|p2a: Weavile|Weavile, M, shiny|84\/100\n|-ability|p2a: Weavile|Pressure\n|turn|23\n|\n|t:|1650645814\n|switch|p1a: Gastrodon|Gastrodon, F|58\/100\n|-damage|p1a: Gastrodon|52\/100|[from] Stealth Rock\n|move|p2a: Weavile|Knock Off|p1a: Gastrodon\n|-damage|p1a: Gastrodon|0 fnt\n|-enditem|p1a: Gastrodon|Leftovers|[from] move: Knock Off|[of] p2a: Weavile\n|faint|p1a: Gastrodon\n|\n|upkeep\n|\n|t:|1650645816\n|switch|p1a: Crawdaunt|Crawdaunt, M|88\/100\n|-damage|p1a: Crawdaunt|76\/100|[from] Stealth Rock\n|turn|24\n|\n|t:|1650645833\n|switch|p2a: Volcarona|Volcarona, M, shiny|100\/100\n|move|p1a: Crawdaunt|Crabhammer|p2a: Volcarona\n|-supereffective|p2a: Volcarona\n|-damage|p2a: Volcarona|0 fnt\n|faint|p2a: Volcarona\n|\n|upkeep\n|\n|t:|1650645835\n|switch|p2a: Weavile|Weavile, M, shiny|84\/100\n|-ability|p2a: Weavile|Pressure\n|turn|25\n|\n|t:|1650645843\n|move|p2a: Weavile|Triple Axel|p1a: Crawdaunt\n|-resisted|p1a: Crawdaunt\n|-damage|p1a: Crawdaunt|65\/100\n|-resisted|p1a: Crawdaunt\n|-damage|p1a: Crawdaunt|45\/100\n|-resisted|p1a: Crawdaunt\n|-damage|p1a: Crawdaunt|11\/100\n|-hitcount|p1a: Crawdaunt|3\n|move|p1a: Crawdaunt|Crabhammer|p2a: Weavile\n|-damage|p2a: Weavile|0 fnt\n|faint|p2a: Weavile\n|\n|win|stopthreat\n|raw|stopthreat's rating: 1725 &rarr; <strong>1747<\/strong><br \/>(+22 for winning)\n|raw|1owercase's rating: 1759 &rarr; <strong>1737<\/strong><br \/>(-22 for losing)\n|l|\u26061owercase\n|l|\u2606stopthreat\n|l| supahotnicememe\n|l| Wrain\n|l| pyh333\n","uploadtime":1650645868,"views":30,"p1id":"stopthreat","p2id":"1owercase","formatid":"gen8ou","rating":1737,"private":0,"password":null}