{"id":"gen8ru-1615817042","p1":"Fyggyf","p2":"TheonReekGreyjoy","format":"gen8ru","log":"|j|\u2606Fyggyf\n|j|\u2606TheonReekGreyjoy\n|t:|1657647644\n|gametype|singles\n|player|p1|Fyggyf|170|1404\n|player|p2|TheonReekGreyjoy|169|1661\n|teamsize|p1|6\n|teamsize|p2|6\n|gen|8\n|tier|[Gen 8] RU\n|rated|\n|rule|Sleep Clause Mod: Limit one foe put to sleep\n|rule|Species Clause: Limit one of each Pok\u00e9mon\n|rule|OHKO Clause: OHKO moves are banned\n|rule|Evasion Moves Clause: Evasion moves are banned\n|rule|Endless Battle Clause: Forcing endless battles is banned\n|rule|HP Percentage Mod: HP is shown in percentages\n|rule|Dynamax Clause: You cannot dynamax\n|clearpoke\n|poke|p1|Xurkitree|\n|poke|p1|Nidoqueen, F|\n|poke|p1|Gardevoir, M|\n|poke|p1|Pangoro, F|\n|poke|p1|Crobat, M|\n|poke|p1|Starmie|\n|poke|p2|Seismitoad, F|\n|poke|p2|Vanilluxe, M|\n|poke|p2|Arctovish|\n|poke|p2|Incineroar, F|\n|poke|p2|Flygon, F|\n|poke|p2|Sandslash-Alola, M|\n|teampreview\n|\n|t:|1657647667\n|start\n|switch|p1a: Pangoro|Pangoro, F|100\/100\n|switch|p2a: Seismitoad|Seismitoad, F|100\/100\n|turn|1\n|\n|t:|1657647677\n|move|p1a: Pangoro|Knock Off|p2a: Seismitoad\n|-damage|p2a: Seismitoad|47\/100\n|-enditem|p2a: Seismitoad|Leftovers|[from] move: Knock Off|[of] p1a: Pangoro\n|move|p2a: Seismitoad|Scald|p1a: Pangoro\n|-damage|p1a: Pangoro|69\/100\n|\n|upkeep\n|turn|2\n|\n|t:|1657647686\n|switch|p1a: Starmie|Starmie|100\/100\n|move|p2a: Seismitoad|Stealth Rock|p1a: Starmie\n|-sidestart|p1: Fyggyf|move: Stealth Rock\n|\n|upkeep\n|turn|3\n|\n|t:|1657647691\n|move|p2a: Seismitoad|Protect|p2a: Seismitoad\n|-singleturn|p2a: Seismitoad|Protect\n|move|p1a: Starmie|Ice Beam|p2a: Seismitoad\n|-activate|p2a: Seismitoad|move: Protect\n|\n|upkeep\n|turn|4\n|\n|t:|1657647699\n|move|p2a: Seismitoad|Earthquake|p1a: Starmie\n|-damage|p1a: Starmie|58\/100\n|move|p1a: Starmie|Teleport|p1a: Starmie\n|\n|t:|1657647702\n|switch|p1a: Crobat|Crobat, M|100\/100|[from]move: Teleport\n|\n|upkeep\n|turn|5\n|\n|t:|1657647707\n|move|p1a: Crobat|Toxic|p2a: Seismitoad\n|-status|p2a: Seismitoad|tox\n|move|p2a: Seismitoad|Scald|p1a: Crobat\n|-damage|p1a: Crobat|77\/100\n|\n|-damage|p2a: Seismitoad|41\/100 tox|[from] psn\n|upkeep\n|turn|6\n|\n|t:|1657647715\n|switch|p2a: Vanilluxe|Vanilluxe, M|100\/100\n|-weather|Hail|[from] ability: Snow Warning|[of] p2a: Vanilluxe\n|move|p1a: Crobat|Defog|p2a: Vanilluxe\n|-unboost|p2a: Vanilluxe|evasion|1\n|-sideend|p1: Fyggyf|Stealth Rock|[from] move: Defog|[of] p1a: Crobat\n|\n|-weather|Hail|[upkeep]\n|-damage|p1a: Crobat|71\/100|[from] Hail\n|upkeep\n|turn|7\n|\n|t:|1657647733\n|move|p1a: Crobat|Toxic|p2a: Vanilluxe\n|-status|p2a: Vanilluxe|tox\n|move|p2a: Vanilluxe|Blizzard|p1a: Crobat\n|-supereffective|p1a: Crobat\n|-damage|p1a: Crobat|0 fnt\n|faint|p1a: Crobat\n|\n|-weather|Hail|[upkeep]\n|-damage|p2a: Vanilluxe|94\/100 tox|[from] psn\n|upkeep\n|\n|t:|1657647741\n|switch|p1a: Pangoro|Pangoro, F|69\/100\n|turn|8\n|\n|t:|1657647751\n|switch|p2a: Seismitoad|Seismitoad, F|41\/100 tox\n|move|p1a: Pangoro|Bullet Punch|p2a: Seismitoad\n|-resisted|p2a: Seismitoad\n|-crit|p2a: Seismitoad\n|-damage|p2a: Seismitoad|29\/100 tox\n|\n|-weather|Hail|[upkeep]\n|-damage|p1a: Pangoro|63\/100|[from] Hail\n|-damage|p2a: Seismitoad|23\/100 tox|[from] Hail\n|-damage|p2a: Seismitoad|17\/100 tox|[from] psn\n|upkeep\n|turn|9\n|\n|t:|1657647758\n|move|p1a: Pangoro|Bullet Punch|p2a: Seismitoad\n|-resisted|p2a: Seismitoad\n|-damage|p2a: Seismitoad|9\/100 tox\n|move|p2a: Seismitoad|Stealth Rock|p1a: Pangoro\n|-sidestart|p1: Fyggyf|move: Stealth Rock\n|\n|-weather|Hail|[upkeep]\n|-damage|p1a: Pangoro|57\/100|[from] Hail\n|-damage|p2a: Seismitoad|3\/100 tox|[from] Hail\n|-damage|p2a: Seismitoad|0 fnt|[from] psn\n|faint|p2a: Seismitoad\n|upkeep\n|\n|t:|1657647771\n|switch|p2a: Arctovish|Arctovish|100\/100\n|turn|10\n|\n|t:|1657647779\n|move|p1a: Pangoro|Bullet Punch|p2a: Arctovish\n|-damage|p2a: Arctovish|78\/100\n|move|p2a: Arctovish|Fishious Rend|p1a: Pangoro\n|-damage|p1a: Pangoro|0 fnt\n|faint|p1a: Pangoro\n|\n|-weather|Hail|[upkeep]\n|upkeep\n|\n|t:|1657647785\n|switch|p1a: Gardevoir|Gardevoir, M|100\/100\n|-damage|p1a: Gardevoir|88\/100|[from] Stealth Rock\n|-ability|p1a: Gardevoir|Slush Rush|[from] ability: Trace|[of] p2a: Arctovish\n|turn|11\n|\n|t:|1657647792\n|switch|p2a: Incineroar|Incineroar, F|100\/100\n|-ability|p2a: Incineroar|Intimidate|boost\n|-unboost|p1a: Gardevoir|atk|1\n|move|p1a: Gardevoir|Moonblast|p2a: Incineroar\n|-damage|p2a: Incineroar|55\/100\n|-unboost|p2a: Incineroar|spa|1\n|\n|-weather|Hail|[upkeep]\n|-damage|p1a: Gardevoir|82\/100|[from] Hail\n|-damage|p2a: Incineroar|49\/100|[from] Hail\n|upkeep\n|turn|12\n|\n|t:|1657647804\n|switch|p1a: Nidoqueen|Nidoqueen, F|100\/100\n|-damage|p1a: Nidoqueen|94\/100|[from] Stealth Rock\n|switch|p2a: Sandslash|Sandslash-Alola, M|100\/100\n|\n|-weather|Hail|[upkeep]\n|-damage|p1a: Nidoqueen|88\/100|[from] Hail\n|upkeep\n|turn|13\n|\n|t:|1657647809\n|move|p2a: Sandslash|Triple Axel|p1a: Nidoqueen|[miss]\n|-miss|p2a: Sandslash|p1a: Nidoqueen\n|move|p1a: Nidoqueen|Earth Power|p2a: Sandslash\n|-supereffective|p2a: Sandslash\n|-damage|p2a: Sandslash|0 fnt\n|faint|p2a: Sandslash\n|\n|-weather|none\n|upkeep\n|c|\u2606TheonReekGreyjoy|ooof\n|inactive|Battle timer is ON: inactive players will automatically lose when time's up. (requested by Fyggyf)\n|\n|t:|1657647825\n|switch|p2a: Flygon|Flygon, F|100\/100\n|turn|14\n|\n|t:|1657647830\n|switch|p1a: Gardevoir|Gardevoir, M|82\/100\n|-damage|p1a: Gardevoir|70\/100|[from] Stealth Rock\n|-ability|p1a: Gardevoir|Levitate|[from] ability: Trace|[of] p2a: Flygon\n|move|p2a: Flygon|Earthquake|p1a: Gardevoir\n|-immune|p1a: Gardevoir|[from] ability: Levitate\n|\n|upkeep\n|turn|15\n|\n|t:|1657647840\n|switch|p2a: Vanilluxe|Vanilluxe, M|94\/100 tox\n|-weather|Hail|[from] ability: Snow Warning|[of] p2a: Vanilluxe\n|move|p1a: Gardevoir|Moonblast|p2a: Vanilluxe\n|-damage|p2a: Vanilluxe|33\/100 tox\n|-unboost|p2a: Vanilluxe|spa|1\n|\n|-weather|Hail|[upkeep]\n|-damage|p1a: Gardevoir|64\/100|[from] Hail\n|-damage|p2a: Vanilluxe|27\/100 tox|[from] psn\n|upkeep\n|turn|16\n|\n|t:|1657647852\n|switch|p2a: Incineroar|Incineroar, F|49\/100\n|-ability|p2a: Incineroar|Intimidate|boost\n|-unboost|p1a: Gardevoir|atk|1\n|move|p1a: Gardevoir|Moonblast|p2a: Incineroar\n|-damage|p2a: Incineroar|3\/100\n|\n|-weather|Hail|[upkeep]\n|-damage|p1a: Gardevoir|58\/100|[from] Hail\n|-damage|p2a: Incineroar|0 fnt|[from] Hail\n|faint|p2a: Incineroar\n|upkeep\n|\n|t:|1657647855\n|switch|p2a: Arctovish|Arctovish|78\/100\n|turn|17\n|\n|t:|1657647860\n|switch|p1a: Starmie|Starmie|58\/100\n|move|p2a: Arctovish|Fishious Rend|p1a: Starmie\n|-resisted|p1a: Starmie\n|-damage|p1a: Starmie|0 fnt\n|faint|p1a: Starmie\n|\n|-weather|Hail|[upkeep]\n|upkeep\n|\n|t:|1657647864\n|switch|p1a: Gardevoir|Gardevoir, M|58\/100\n|-damage|p1a: Gardevoir|45\/100|[from] Stealth Rock\n|-ability|p1a: Gardevoir|Slush Rush|[from] ability: Trace|[of] p2a: Arctovish\n|turn|18\n|\n|t:|1657647872\n|move|p1a: Gardevoir|Moonblast|p2a: Arctovish\n|-damage|p2a: Arctovish|23\/100\n|move|p2a: Arctovish|Fishious Rend|p1a: Gardevoir\n|-damage|p1a: Gardevoir|0 fnt\n|faint|p1a: Gardevoir\n|\n|-weather|Hail|[upkeep]\n|upkeep\n|\n|t:|1657647879\n|switch|p1a: Xurkitree|Xurkitree|100\/100\n|-damage|p1a: Xurkitree|88\/100|[from] Stealth Rock\n|turn|19\n|\n|t:|1657647883\n|move|p1a: Xurkitree|Dazzling Gleam|p2a: Arctovish\n|-damage|p2a: Arctovish|0 fnt\n|faint|p2a: Arctovish\n|-ability|p1a: Xurkitree|Beast Boost|boost\n|-boost|p1a: Xurkitree|spa|1\n|\n|-weather|Hail|[upkeep]\n|-damage|p1a: Xurkitree|82\/100|[from] Hail\n|upkeep\n|\n|t:|1657647888\n|switch|p2a: Flygon|Flygon, F|100\/100\n|turn|20\n|\n|t:|1657647894\n|move|p1a: Xurkitree|Dazzling Gleam|p2a: Flygon\n|-supereffective|p2a: Flygon\n|-damage|p2a: Flygon|20\/100\n|move|p2a: Flygon|Earthquake|p1a: Xurkitree\n|-supereffective|p1a: Xurkitree\n|-damage|p1a: Xurkitree|0 fnt\n|faint|p1a: Xurkitree\n|\n|-weather|Hail|[upkeep]\n|-damage|p2a: Flygon|14\/100|[from] Hail\n|-heal|p2a: Flygon|20\/100|[from] item: Leftovers\n|upkeep\n|\n|t:|1657647900\n|switch|p1a: Nidoqueen|Nidoqueen, F|88\/100\n|-damage|p1a: Nidoqueen|82\/100|[from] Stealth Rock\n|turn|21\n|\n|t:|1657647904\n|move|p1a: Nidoqueen|Ice Beam|p2a: Flygon\n|-supereffective|p2a: Flygon\n|-damage|p2a: Flygon|0 fnt\n|faint|p2a: Flygon\n|\n|-weather|Hail|[upkeep]\n|-damage|p1a: Nidoqueen|76\/100|[from] Hail\n|upkeep\n|\n|t:|1657647906\n|switch|p2a: Vanilluxe|Vanilluxe, M|27\/100 tox\n|turn|22\n|\n|t:|1657647914\n|move|p1a: Nidoqueen|Earth Power|p2a: Vanilluxe\n|-damage|p2a: Vanilluxe|0 fnt\n|faint|p2a: Vanilluxe\n|\n|win|Fyggyf\n|raw|Fyggyf's rating: 1404 &rarr; <strong>1437<\/strong><br \/>(+33 for winning)\n|raw|TheonReekGreyjoy's rating: 1661 &rarr; <strong>1628<\/strong><br \/>(-33 for losing)\n|c|\u2606TheonReekGreyjoy|lucky\n||Ladder isn't responding, score probably updated but might not have (Request timeout).\n","uploadtime":1657647927,"views":15,"p1id":"fyggyf","p2id":"theonreekgreyjoy","formatid":"gen8ru","rating":1437,"private":0,"password":null}