{"id":"gen8ou-1533600440","p1":"Sombra Diurna","p2":"da2018","format":"gen8ou","log":"|j|\u2606Sombra Diurna\n|j|\u2606da2018\n|t:|1647631213\n|gametype|singles\n|player|p1|Sombra Diurna|blue|1607\n|player|p2|da2018|101|1678\n|teamsize|p1|6\n|teamsize|p2|6\n|gen|8\n|tier|[Gen 8] OU\n|rated|\n|rule|Sleep Clause Mod: Limit one foe put to sleep\n|rule|Species Clause: Limit one of each Pok\u00e9mon\n|rule|OHKO Clause: OHKO moves are banned\n|rule|Evasion Moves Clause: Evasion moves are banned\n|rule|Endless Battle Clause: Forcing endless battles is banned\n|rule|HP Percentage Mod: HP is shown in percentages\n|rule|Dynamax Clause: You cannot dynamax\n|clearpoke\n|poke|p1|Marowak-Alola, M|\n|poke|p1|Slowbro, M|\n|poke|p1|Hatterene, F|\n|poke|p1|Garchomp, M|\n|poke|p1|Ferrothorn, M|\n|poke|p1|Drampa, M|\n|poke|p2|Clefable, M|\n|poke|p2|Toxapex, F|\n|poke|p2|Landorus-Therian, M|\n|poke|p2|Ferrothorn, F|\n|poke|p2|Reuniclus, F|\n|poke|p2|Tornadus-Therian, M|\n|teampreview\n|inactive|Battle timer is ON: inactive players will automatically lose when time's up. (requested by Sombra Diurna)\n|inactive|da2018 has 120 seconds left.\n|\n|t:|1647631285\n|start\n|switch|p1a: Falkor|Drampa, M|100\/100\n|switch|p2a: Clefable|Clefable, M|100\/100\n|turn|1\n|\n|t:|1647631295\n|switch|p1a: Thorns|Ferrothorn, M|100\/100\n|move|p2a: Clefable|Moonblast|p1a: Thorns\n|-resisted|p1a: Thorns\n|-damage|p1a: Thorns|82\/100\n|-unboost|p1a: Thorns|spa|1\n|\n|upkeep\n|turn|2\n|\n|t:|1647631304\n|switch|p1a: Sonso|Slowbro, M|100\/100\n|move|p2a: Clefable|Fire Blast|p1a: Sonso\n|-resisted|p1a: Sonso\n|-damage|p1a: Sonso|76\/100\n|\n|upkeep\n|turn|3\n|\n|t:|1647631328\n|move|p2a: Clefable|Thunderbolt|p1a: Sonso\n|-supereffective|p1a: Sonso\n|-damage|p1a: Sonso|0 fnt\n|faint|p1a: Sonso\n|\n|upkeep\n|\n|t:|1647631336\n|switch|p1a: Billy B.|Marowak-Alola, M, shiny|100\/100\n|turn|4\n|\n|t:|1647631353\n|switch|p2a: Landorus|Landorus-Therian, M|100\/100\n|-ability|p2a: Landorus|Intimidate|boost\n|-unboost|p1a: Billy B.|atk|1\n|move|p1a: Billy B.|Poltergeist|p2a: Landorus\n|-activate|p2a: Landorus|move: Poltergeist|Leftovers\n|-damage|p2a: Landorus|41\/100\n|\n|-heal|p2a: Landorus|47\/100|[from] item: Leftovers\n|upkeep\n|turn|5\n|\n|t:|1647631367\n|move|p2a: Landorus|Earthquake|p1a: Billy B.\n|-supereffective|p1a: Billy B.\n|-damage|p1a: Billy B.|8\/100\n|move|p1a: Billy B.|Flare Blitz|p2a: Landorus\n|-damage|p2a: Landorus|0 fnt\n|faint|p2a: Landorus\n|\n|upkeep\n|inactive|da2018 has 120 seconds left.\n|\n|t:|1647631400\n|switch|p2a: Toxapex|Toxapex, F|100\/100\n|turn|6\n|\n|t:|1647631409\n|switch|p1a: Thorns|Ferrothorn, M|82\/100\n|move|p2a: Toxapex|Scald|p1a: Thorns\n|-resisted|p1a: Thorns\n|-damage|p1a: Thorns|77\/100\n|\n|upkeep\n|turn|7\n|\n|t:|1647631419\n|switch|p2a: Tornadus|Tornadus-Therian, M|100\/100\n|move|p1a: Thorns|Stealth Rock|p2a: Tornadus\n|-sidestart|p2: da2018|move: Stealth Rock\n|\n|upkeep\n|turn|8\n|\n|t:|1647631423\n|move|p2a: Tornadus|Defog|p1a: Thorns\n|-unboost|p1a: Thorns|evasion|1\n|-sideend|p2: da2018|Stealth Rock|[from] move: Defog|[of] p2a: Tornadus\n|move|p1a: Thorns|Gyro Ball|p2a: Tornadus\n|-damage|p2a: Tornadus|51\/100\n|\n|upkeep\n|turn|9\n|\n|t:|1647631431\n|move|p2a: Tornadus|Heat Wave|p1a: Thorns\n|-supereffective|p1a: Thorns\n|-damage|p1a: Thorns|19\/100\n|move|p1a: Thorns|Gyro Ball|p2a: Tornadus\n|-damage|p2a: Tornadus|3\/100\n|\n|upkeep\n|turn|10\n|\n|t:|1647631437\n|switch|p1a: Gorra|Hatterene, F, shiny|100\/100\n|move|p2a: Tornadus|Heat Wave|p1a: Gorra\n|-crit|p1a: Gorra\n|-damage|p1a: Gorra|76\/100\n|-status|p1a: Gorra|brn\n|\n|-damage|p1a: Gorra|70\/100 brn|[from] brn\n|upkeep\n|turn|11\n|\n|t:|1647631449\n|switch|p2a: Reuniclus|Reuniclus, F|100\/100\n|move|p1a: Gorra|Trick Room|p1a: Gorra\n|-fieldstart|move: Trick Room|[of] p1a: Gorra\n|\n|-damage|p1a: Gorra|64\/100 brn|[from] brn\n|upkeep\n|turn|12\n|\n|t:|1647631460\n|move|p1a: Gorra|Healing Wish|p1a: Gorra\n|faint|p1a: Gorra\n|move|p2a: Reuniclus|Calm Mind|p2a: Reuniclus\n|-boost|p2a: Reuniclus|spa|1\n|-boost|p2a: Reuniclus|spd|1\n|\n|upkeep\n|\n|t:|1647631465\n|switch|p1a: Billy B.|Marowak-Alola, M, shiny|8\/100\n|-heal|p1a: Billy B.|100\/100|[from] move: Healing Wish\n|turn|13\n|\n|t:|1647631490\n|switch|p2a: Tornadus|Tornadus-Therian, M|36\/100\n|move|p1a: Billy B.|Poltergeist|p2a: Tornadus\n|-activate|p2a: Tornadus|move: Poltergeist|Heavy-Duty Boots\n|-damage|p2a: Tornadus|0 fnt\n|faint|p2a: Tornadus\n|\n|upkeep\n|\n|t:|1647631493\n|switch|p2a: Toxapex|Toxapex, F|100\/100\n|turn|14\n|\n|t:|1647631507\n|switch|p1a: Thorns|Ferrothorn, M|19\/100\n|move|p2a: Toxapex|Knock Off|p1a: Thorns\n|-damage|p1a: Thorns|8\/100\n|-damage|p2a: Toxapex|88\/100|[from] ability: Iron Barbs|[of] p1a: Thorns\n|-enditem|p1a: Thorns|Shed Shell|[from] move: Knock Off|[of] p2a: Toxapex\n|\n|upkeep\n|turn|15\n|\n|t:|1647631519\n|switch|p2a: Ferrothorn|Ferrothorn, F|100\/100\n|move|p1a: Thorns|Stealth Rock|p2a: Ferrothorn\n|-sidestart|p2: da2018|move: Stealth Rock\n|\n|-fieldend|move: Trick Room\n|upkeep\n|turn|16\n|\n|t:|1647631531\n|move|p2a: Ferrothorn|Leech Seed|p1a: Thorns\n|-immune|p1a: Thorns\n|move|p1a: Thorns|Gyro Ball|p2a: Ferrothorn\n|-resisted|p2a: Ferrothorn\n|-damage|p2a: Ferrothorn|95\/100\n|-damage|p1a: Thorns|0 fnt|[from] ability: Iron Barbs|[of] p2a: Ferrothorn\n|faint|p1a: Thorns\n|\n|-heal|p2a: Ferrothorn|100\/100|[from] item: Leftovers\n|upkeep\n|\n|t:|1647631539\n|switch|p1a: Billy B.|Marowak-Alola, M, shiny|100\/100\n|turn|17\n|\n|t:|1647631550\n|move|p1a: Billy B.|Flare Blitz|p2a: Ferrothorn\n|-supereffective|p2a: Ferrothorn\n|-damage|p2a: Ferrothorn|0 fnt\n|-damage|p1a: Billy B.|88\/100|[from] ability: Iron Barbs|[of] p2a: Ferrothorn\n|faint|p2a: Ferrothorn\n|\n|upkeep\n|\n|t:|1647631559\n|switch|p2a: Toxapex|Toxapex, F|100\/100\n|-damage|p2a: Toxapex|88\/100|[from] Stealth Rock\n|turn|18\n|\n|t:|1647631566\n|switch|p1a: Falkor|Drampa, M|100\/100\n|move|p2a: Toxapex|Scald|p1a: Falkor\n|-resisted|p1a: Falkor\n|-damage|p1a: Falkor|92\/100\n|\n|upkeep\n|turn|19\n|\n|t:|1647631576\n|move|p2a: Toxapex|Knock Off|p1a: Falkor\n|-damage|p1a: Falkor|76\/100\n|-enditem|p1a: Falkor|Expert Belt|[from] move: Knock Off|[of] p2a: Toxapex\n|move|p1a: Falkor|Thunderbolt|p2a: Toxapex\n|-supereffective|p2a: Toxapex\n|-damage|p2a: Toxapex|36\/100\n|\n|upkeep\n|turn|20\n|\n|t:|1647631586\n|switch|p2a: Clefable|Clefable, M|100\/100\n|switch|p1a: Sharko|Garchomp, M|100\/100\n|\n|upkeep\n|turn|21\n|\n|t:|1647631594\n|switch|p1a: Billy B.|Marowak-Alola, M, shiny|88\/100\n|move|p2a: Clefable|Moonblast|p1a: Billy B.\n|-resisted|p1a: Billy B.\n|-damage|p1a: Billy B.|51\/100\n|-unboost|p1a: Billy B.|spa|1\n|\n|upkeep\n|turn|22\n|\n|t:|1647631603\n|move|p2a: Clefable|Moonblast|p1a: Billy B.\n|-resisted|p1a: Billy B.\n|-damage|p1a: Billy B.|14\/100\n|move|p1a: Billy B.|Flare Blitz|p2a: Clefable\n|-damage|p2a: Clefable|0 fnt\n|faint|p2a: Clefable\n|\n|upkeep\n|\n|t:|1647631618\n|switch|p2a: Toxapex|Toxapex, F|69\/100\n|-damage|p2a: Toxapex|57\/100|[from] Stealth Rock\n|turn|23\n|\n|t:|1647631633\n|move|p1a: Billy B.|Poltergeist|p2a: Toxapex\n|-activate|p2a: Toxapex|move: Poltergeist|Shed Shell\n|-damage|p2a: Toxapex|0 fnt\n|faint|p2a: Toxapex\n|\n|upkeep\n|\n|t:|1647631636\n|switch|p2a: Reuniclus|Reuniclus, F|100\/100\n|turn|24\n|\n|t:|1647631640\n|move|p2a: Reuniclus|Psyshock|p1a: Billy B.\n|-damage|p1a: Billy B.|0 fnt\n|faint|p1a: Billy B.\n|\n|upkeep\n|\n|t:|1647631644\n|switch|p1a: Sharko|Garchomp, M|100\/100\n|turn|25\n|\n|t:|1647631652\n|move|p1a: Sharko|Swords Dance|p1a: Sharko\n|-boost|p1a: Sharko|atk|2\n|move|p2a: Reuniclus|Calm Mind|p2a: Reuniclus\n|-boost|p2a: Reuniclus|spa|1\n|-boost|p2a: Reuniclus|spd|1\n|\n|upkeep\n|turn|26\n|\n|t:|1647631663\n|move|p1a: Sharko|Earthquake|p2a: Reuniclus\n|-damage|p2a: Reuniclus|27\/100\n|move|p2a: Reuniclus|Psyshock|p1a: Sharko\n|-crit|p1a: Sharko\n|-damage|p1a: Sharko|26\/100\n|\n|-heal|p1a: Sharko|32\/100|[from] item: Leftovers\n|upkeep\n|turn|27\n|-message|da2018 forfeited.\n|\n|win|Sombra Diurna\n|raw|Sombra Diurna's rating: 1607 &rarr; <strong>1630<\/strong><br \/>(+23 for winning)\n|raw|da2018's rating: 1657 &rarr; <strong>1634<\/strong><br \/>(-23 for losing)\n|l|\u2606da2018\n","uploadtime":1647631677,"views":39,"p1id":"sombradiurna","p2id":"da2018","formatid":"gen8ou","rating":1630,"private":0,"password":null}