{"id":"gen8ou-1375527002","p1":"LT82ZW spooky","p2":"BestixL","format":"gen8ou","log":"|raw|<div class=\"broadcast-blue\"><strong>This battle is required to be public due to a player having a name starting with 'lt82zw'.<\/div>\n|j|\u2606LT82ZW spooky\n|j|\u2606BestixL\n|t:|1626108263\n|gametype|singles\n|player|p1|LT82ZW spooky|#spookyz|1850\n|player|p2|BestixL|dawn-gen4pt|1782\n|teamsize|p1|6\n|teamsize|p2|6\n|gen|8\n|tier|[Gen 8] OU\n|rated|\n|rule|Sleep Clause Mod: Limit one foe put to sleep\n|rule|Species Clause: Limit one of each Pok\u00e9mon\n|rule|OHKO Clause: OHKO moves are banned\n|rule|Evasion Moves Clause: Evasion moves are banned\n|rule|Endless Battle Clause: Forcing endless battles is banned\n|rule|HP Percentage Mod: HP is shown in percentages\n|rule|Dynamax Clause: You cannot dynamax\n|clearpoke\n|poke|p1|Venusaur, M|\n|poke|p1|Keldeo-Resolute|\n|poke|p1|Skarmory, M|\n|poke|p1|Blissey, F|\n|poke|p1|Heatran, F|\n|poke|p1|Bisharp, M|\n|poke|p2|Slowking-Galar, M|\n|poke|p2|Weavile, F|\n|poke|p2|Landorus-Therian, M|\n|poke|p2|Toxapex, M|\n|poke|p2|Tapu Fini|\n|poke|p2|Corviknight, M|\n|teampreview\n|j| Remote Revenge\n|inactive|Battle timer is ON: inactive players will automatically lose when time's up. (requested by BestixL)\n|j| Triplo Seed\n|j| LT81YL Yelo\n|inactive|BestixL has 120 seconds left.\n|j| LT82ZW keval\n|\n|t:|1626108302\n|start\n|switch|p1a: Venusaur|Venusaur, M|100\/100\n|switch|p2a: no space|Landorus-Therian, M|100\/100\n|-ability|p2a: no space|Intimidate|boost\n|-unboost|p1a: Venusaur|atk|1\n|turn|1\n|\n|t:|1626108311\n|move|p1a: Venusaur|Knock Off|p2a: no space\n|-damage|p2a: no space|86\/100\n|-enditem|p2a: no space|Leftovers|[from] move: Knock Off|[of] p1a: Venusaur\n|move|p2a: no space|Knock Off|p1a: Venusaur\n|-damage|p1a: Venusaur|58\/100\n|-enditem|p1a: Venusaur|Black Sludge|[from] move: Knock Off|[of] p2a: no space\n|\n|upkeep\n|turn|2\n|\n|t:|1626108317\n|switch|p1a: Skarmory|Skarmory, M|100\/100\n|move|p2a: no space|Earthquake|p1a: Skarmory\n|-immune|p1a: Skarmory\n|\n|upkeep\n|turn|3\n|\n|t:|1626108330\n|move|p2a: no space|Knock Off|p1a: Skarmory\n|-damage|p1a: Skarmory|82\/100\n|-damage|p2a: no space|69\/100|[from] item: Rocky Helmet|[of] p1a: Skarmory\n|-enditem|p1a: Skarmory|Rocky Helmet|[from] move: Knock Off|[of] p2a: no space\n|move|p1a: Skarmory|Spikes|p2a: no space\n|-sidestart|p2: BestixL|Spikes\n|\n|upkeep\n|turn|4\n|\n|t:|1626108336\n|move|p2a: no space|U-turn|p1a: Skarmory\n|-resisted|p1a: Skarmory\n|-damage|p1a: Skarmory|79\/100\n|\n|t:|1626108338\n|switch|p2a: the reaper|Corviknight, M|100\/100|[from]move: U-turn\n|-ability|p2a: the reaper|Pressure\n|move|p1a: Skarmory|Body Press|p2a: the reaper\n|-damage|p2a: the reaper|82\/100\n|\n|-heal|p2a: the reaper|88\/100|[from] item: Leftovers\n|upkeep\n|turn|5\n|j| LT82ZW MimikyuStar\n|\n|t:|1626108346\n|switch|p1a: Heatran|Heatran, F|100\/100\n|move|p2a: the reaper|Body Press|p1a: Heatran\n|-supereffective|p1a: Heatran\n|-damage|p1a: Heatran|57\/100\n|\n|-heal|p1a: Heatran|63\/100|[from] item: Leftovers\n|-heal|p2a: the reaper|94\/100|[from] item: Leftovers\n|upkeep\n|turn|6\n|l| Triplo Seed\n|\n|t:|1626108352\n|switch|p2a: 2 soon|Slowking-Galar, M|100\/100\n|-damage|p2a: 2 soon|88\/100|[from] Spikes\n|move|p1a: Heatran|Stealth Rock|p2a: 2 soon\n|-sidestart|p2: BestixL|move: Stealth Rock\n|\n|-heal|p1a: Heatran|69\/100|[from] item: Leftovers\n|upkeep\n|turn|7\n|\n|t:|1626108365\n|switch|p1a: Bisharp|Bisharp, M|100\/100\n|move|p2a: 2 soon|Earthquake|p1a: Bisharp\n|-supereffective|p1a: Bisharp\n|-damage|p1a: Bisharp|69\/100\n|\n|-heal|p1a: Bisharp|75\/100|[from] item: Leftovers\n|upkeep\n|turn|8\n|c| LT82ZW MimikyuStar|spooky really used wk\n|\n|t:|1626108377\n|switch|p2a: the reaper|Corviknight, M|94\/100\n|-damage|p2a: the reaper|82\/100|[from] Stealth Rock\n|-ability|p2a: the reaper|Pressure\n|move|p1a: Bisharp|Knock Off|p2a: the reaper\n|-damage|p2a: the reaper|50\/100\n|-enditem|p2a: the reaper|Leftovers|[from] move: Knock Off|[of] p1a: Bisharp\n|\n|-heal|p1a: Bisharp|81\/100|[from] item: Leftovers\n|upkeep\n|turn|9\n|j| itzb\n|\n|t:|1626108383\n|switch|p1a: Heatran|Heatran, F|69\/100\n|move|p2a: the reaper|Roost|p2a: the reaper\n|-heal|p2a: the reaper|99\/100\n|-singleturn|p2a: the reaper|move: Roost\n|\n|-heal|p1a: Heatran|75\/100|[from] item: Leftovers\n|upkeep\n|turn|10\n|c| itzb|dayum\n|\n|t:|1626108402\n|switch|p2a: 2 soon|Slowking-Galar, M|100\/100\n|-damage|p2a: 2 soon|88\/100|[from] Spikes\n|-damage|p2a: 2 soon|76\/100|[from] Stealth Rock\n|move|p1a: Heatran|Lava Plume|p2a: 2 soon\n|-damage|p2a: 2 soon|60\/100\n|-status|p2a: 2 soon|brn\n|\n|-heal|p1a: Heatran|82\/100|[from] item: Leftovers\n|-damage|p2a: 2 soon|54\/100 brn|[from] brn\n|upkeep\n|turn|11\n|\n|t:|1626108426\n|switch|p1a: Blissey|Blissey, F|100\/100\n|switch|p2a: Itsuki|Tapu Fini|100\/100\n|-damage|p2a: Itsuki|88\/100|[from] Spikes\n|-damage|p2a: Itsuki|76\/100|[from] Stealth Rock\n|-fieldstart|move: Misty Terrain|[from] ability: Misty Surge|[of] p2a: Itsuki\n|\n|-heal|p2a: Itsuki|82\/100|[from] item: Leftovers\n|upkeep\n|turn|12\n|\n|t:|1626108437\n|switch|p2a: just friends|Toxapex, M|100\/100\n|-damage|p2a: just friends|88\/100|[from] Stealth Rock\n|-damage|p2a: just friends|75\/100|[from] Spikes\n|switch|p1a: Venusaur|Venusaur, M|58\/100\n|\n|upkeep\n|turn|13\n|\n|t:|1626108445\n|switch|p1a: Blissey|Blissey, F|100\/100\n|switch|p2a: the reaper|Corviknight, M|99\/100\n|-damage|p2a: the reaper|88\/100|[from] Stealth Rock\n|-ability|p2a: the reaper|Pressure\n|\n|upkeep\n|turn|14\n|\n|t:|1626108449\n|move|p2a: the reaper|Defog|p1a: Blissey\n|-unboost|p1a: Blissey|evasion|1\n|-sideend|p2: BestixL|Spikes|[from] move: Defog|[of] p2a: the reaper\n|-sideend|p2: BestixL|Stealth Rock|[from] move: Defog|[of] p2a: the reaper\n|-fieldend|Misty Terrain\n|move|p1a: Blissey|Thunder Wave|p2a: the reaper\n|-status|p2a: the reaper|par\n|\n|upkeep\n|turn|15\n|j| LT82ZW Ayante\n|\n|t:|1626108473\n|switch|p1a: Heatran|Heatran, F|82\/100\n|move|p2a: the reaper|Body Press|p1a: Heatran\n|-supereffective|p1a: Heatran\n|-damage|p1a: Heatran|34\/100\n|\n|-heal|p1a: Heatran|40\/100|[from] item: Leftovers\n|upkeep\n|turn|16\n|inactive|BestixL has 120 seconds left.\n|\n|t:|1626108495\n|move|p1a: Heatran|Lava Plume|p2a: the reaper\n|-supereffective|p2a: the reaper\n|-damage|p2a: the reaper|26\/100 par\n|move|p2a: the reaper|Body Press|p1a: Heatran\n|-supereffective|p1a: Heatran\n|-damage|p1a: Heatran|0 fnt\n|faint|p1a: Heatran\n|\n|upkeep\n|\n|t:|1626108502\n|switch|p1a: Keldeo|Keldeo-Resolute|100\/100\n|turn|17\n|\n|t:|1626108513\n|switch|p2a: Itsuki|Tapu Fini|82\/100\n|-fieldstart|move: Misty Terrain|[from] ability: Misty Surge|[of] p2a: Itsuki\n|move|p1a: Keldeo|Scald|p2a: Itsuki\n|-resisted|p2a: Itsuki\n|-damage|p2a: Itsuki|66\/100\n|\n|-heal|p2a: Itsuki|73\/100|[from] item: Leftovers\n|upkeep\n|turn|18\n|l| LT82ZW Ayante\n|\n|t:|1626108521\n|switch|p1a: Blissey|Blissey, F|100\/100\n|move|p2a: Itsuki|Calm Mind|p2a: Itsuki\n|-boost|p2a: Itsuki|spa|1\n|-boost|p2a: Itsuki|spd|1\n|\n|-heal|p2a: Itsuki|79\/100|[from] item: Leftovers\n|upkeep\n|turn|19\n|\n|t:|1626108548\n|switch|p2a: just friends|Toxapex, M|100\/100\n|move|p1a: Blissey|Seismic Toss|p2a: just friends\n|-damage|p2a: just friends|68\/100\n|-damage|p1a: Blissey|84\/100|[from] item: Rocky Helmet|[of] p2a: just friends\n|\n|upkeep\n|turn|20\n|\n|t:|1626108556\n|move|p1a: Blissey|Seismic Toss|p2a: just friends\n|-damage|p2a: just friends|35\/100\n|-damage|p1a: Blissey|67\/100|[from] item: Rocky Helmet|[of] p2a: just friends\n|move|p2a: just friends|Knock Off|p1a: Blissey\n|-damage|p1a: Blissey|53\/100\n|-enditem|p1a: Blissey|Heavy-Duty Boots|[from] move: Knock Off|[of] p2a: just friends\n|\n|upkeep\n|turn|21\n|\n|t:|1626108561\n|move|p1a: Blissey|Soft-Boiled|p1a: Blissey\n|-heal|p1a: Blissey|100\/100\n|move|p2a: just friends|Recover|p2a: just friends\n|-heal|p2a: just friends|85\/100\n|\n|-fieldend|Misty Terrain\n|upkeep\n|turn|22\n|\n|t:|1626108572\n|move|p1a: Blissey|Thunder Wave|p2a: just friends\n|-status|p2a: just friends|par\n|move|p2a: just friends|Scald|p1a: Blissey\n|-damage|p1a: Blissey|94\/100\n|\n|upkeep\n|turn|23\n|j| ShadowXwodahS\n|j| chatchatchamaracas\n|\n|t:|1626108593\n|move|p1a: Blissey|Seismic Toss|p2a: just friends\n|-damage|p2a: just friends|52\/100 par\n|-damage|p1a: Blissey|78\/100|[from] item: Rocky Helmet|[of] p2a: just friends\n|move|p2a: just friends|Scald|p1a: Blissey\n|-damage|p1a: Blissey|72\/100\n|\n|upkeep\n|turn|24\n|\n|t:|1626108599\n|switch|p1a: Venusaur|Venusaur, M|58\/100\n|move|p2a: just friends|Recover|p2a: just friends\n|-heal|p2a: just friends|100\/100 par\n|\n|upkeep\n|turn|25\n|\n|t:|1626108602\n|move|p1a: Venusaur|Swords Dance|p1a: Venusaur\n|-boost|p1a: Venusaur|atk|2\n|move|p2a: just friends|Scald|p1a: Venusaur\n|-resisted|p1a: Venusaur\n|-damage|p1a: Venusaur|49\/100\n|\n|upkeep\n|turn|26\n|\n|t:|1626108608\n|move|p1a: Venusaur|Earthquake|p2a: just friends\n|-supereffective|p2a: just friends\n|-damage|p2a: just friends|18\/100 par\n|move|p2a: just friends|Haze|p2a: just friends\n|-clearallboost\n|\n|upkeep\n|turn|27\n|\n|t:|1626108612\n|switch|p2a: the reaper|Corviknight, M|26\/100 par\n|-ability|p2a: the reaper|Pressure\n|move|p1a: Venusaur|Power Whip|p2a: the reaper\n|-resisted|p2a: the reaper\n|-damage|p2a: the reaper|18\/100 par\n|\n|upkeep\n|turn|28\n|\n|t:|1626108615\n|move|p1a: Venusaur|Swords Dance|p1a: Venusaur\n|-boost|p1a: Venusaur|atk|2\n|move|p2a: the reaper|Roost|p2a: the reaper\n|-heal|p2a: the reaper|68\/100 par\n|-singleturn|p2a: the reaper|move: Roost\n|\n|upkeep\n|turn|29\n|\n|t:|1626108617\n|move|p1a: Venusaur|Knock Off|p2a: the reaper\n|-damage|p2a: the reaper|45\/100 par\n|move|p2a: the reaper|Iron Defense|p2a: the reaper\n|-boost|p2a: the reaper|def|2\n|\n|upkeep\n|turn|30\n|\n|t:|1626108622\n|switch|p1a: Keldeo|Keldeo-Resolute|100\/100\n|cant|p2a: the reaper|par\n|\n|upkeep\n|turn|31\n|\n|t:|1626108630\n|switch|p1a: Bisharp|Bisharp, M|81\/100\n|switch|p2a: Itsuki|Tapu Fini|79\/100\n|-fieldstart|move: Misty Terrain|[from] ability: Misty Surge|[of] p2a: Itsuki\n|\n|-heal|p2a: Itsuki|85\/100|[from] item: Leftovers\n|-heal|p1a: Bisharp|87\/100|[from] item: Leftovers\n|upkeep\n|turn|32\n|j| LT82ZW stareal\n|c| itzb|sd venu goat set\n|inactive|BestixL has 120 seconds left.\n|n| hodoku|hodoku\n|l| hodoku\n|inactive|BestixL has 90 seconds left.\n|\n|t:|1626108695\n|switch|p2a: the reaper|Corviknight, M|45\/100 par\n|-ability|p2a: the reaper|Pressure\n|move|p1a: Bisharp|Swords Dance|p1a: Bisharp\n|-boost|p1a: Bisharp|atk|2\n|\n|-heal|p1a: Bisharp|93\/100|[from] item: Leftovers\n|upkeep\n|turn|33\n|l| LT82ZW keval\n|\n|t:|1626108712\n|move|p1a: Bisharp|Sucker Punch|p2a: the reaper\n|-crit|p2a: the reaper\n|-damage|p2a: the reaper|0 fnt\n|faint|p2a: the reaper\n|\n|-heal|p1a: Bisharp|99\/100|[from] item: Leftovers\n|upkeep\n|l| chatchatchamaracas\n|c|\u2606BestixL|yo\n|l| LT82ZW stareal\n|inactive|BestixL has 90 seconds left.\n|l| LT81YL Yelo\n|\n|t:|1626108745\n|switch|p2a: no space|Landorus-Therian, M|69\/100\n|-ability|p2a: no space|Intimidate|boost\n|-unboost|p1a: Bisharp|atk|1\n|-ability|p1a: Bisharp|Defiant\n|-boost|p1a: Bisharp|atk|2\n|turn|34\n|\n|t:|1626108756\n|move|p1a: Bisharp|Sucker Punch||[still]\n|-fail|p1a: Bisharp\n|move|p2a: no space|Stealth Rock|p1a: Bisharp\n|-sidestart|p1: LT82ZW spooky|move: Stealth Rock\n|\n|-heal|p1a: Bisharp|100\/100|[from] item: Leftovers\n|upkeep\n|turn|35\n|\n|t:|1626108772\n|move|p2a: no space|Stealth Rock||[still]\n|-fail|p2a: no space\n|move|p1a: Bisharp|Knock Off|p2a: no space\n|-damage|p2a: no space|0 fnt\n|faint|p2a: no space\n|\n|-fieldend|Misty Terrain\n|upkeep\n|inactive|BestixL has 60 seconds left.\n|\n|t:|1626108815\n|switch|p2a: Yotsuba|Weavile, F|100\/100\n|-ability|p2a: Yotsuba|Pressure\n|turn|36\n|\n|t:|1626108820\n|move|p2a: Yotsuba|Knock Off|p1a: Bisharp\n|-resisted|p1a: Bisharp\n|-damage|p1a: Bisharp|75\/100\n|-enditem|p1a: Bisharp|Leftovers|[from] move: Knock Off|[of] p2a: Yotsuba\n|move|p1a: Bisharp|Iron Head|p2a: Yotsuba\n|-supereffective|p2a: Yotsuba\n|-damage|p2a: Yotsuba|0 fnt\n|faint|p2a: Yotsuba\n|\n|upkeep\n|\n|t:|1626108824\n|switch|p2a: Itsuki|Tapu Fini|85\/100\n|-fieldstart|move: Misty Terrain|[from] ability: Misty Surge|[of] p2a: Itsuki\n|turn|37\n|inactive|BestixL has 60 seconds left.\n|\n|t:|1626108835\n|move|p2a: Itsuki|Scald|p1a: Bisharp\n|-crit|p1a: Bisharp\n|-damage|p1a: Bisharp|22\/100\n|move|p1a: Bisharp|Iron Head|p2a: Itsuki\n|-damage|p2a: Itsuki|6\/100\n|\n|-heal|p2a: Itsuki|12\/100|[from] item: Leftovers\n|upkeep\n|turn|38\n|inactive|BestixL has 60 seconds left.\n|\n|t:|1626108850\n|move|p2a: Itsuki|Scald|p1a: Bisharp\n|-damage|p1a: Bisharp|0 fnt\n|faint|p1a: Bisharp\n|\n|-heal|p2a: Itsuki|18\/100|[from] item: Leftovers\n|upkeep\n|\n|t:|1626108857\n|switch|p1a: Venusaur|Venusaur, M|49\/100\n|-damage|p1a: Venusaur|36\/100|[from] Stealth Rock\n|turn|39\n|\n|t:|1626108863\n|move|p1a: Venusaur|Swords Dance|p1a: Venusaur\n|-boost|p1a: Venusaur|atk|2\n|move|p2a: Itsuki|Calm Mind|p2a: Itsuki\n|-boost|p2a: Itsuki|spa|1\n|-boost|p2a: Itsuki|spd|1\n|\n|-heal|p2a: Itsuki|24\/100|[from] item: Leftovers\n|upkeep\n|turn|40\n|-message|BestixL forfeited.\n|\n|win|LT82ZW spooky\n|raw|LT82ZW spooky's rating: 1841 &rarr; <strong>1858<\/strong><br \/>(+17 for winning)\n|raw|BestixL's rating: 1781 &rarr; <strong>1764<\/strong><br \/>(-17 for losing)\n|l|\u2606BestixL\n|l| itzb\n||Ladder isn't responding, score probably updated but might not have (Request timeout).\n","uploadtime":1626108874,"views":47,"p1id":"lt82zwspooky","p2id":"bestixl","formatid":"gen8ou","rating":1764,"private":0,"password":null}