{"id":"gen8ou-1661199815","p1":"Kikoobuster","p2":"minimax_ai","format":"gen8ou","log":"|j|\u2606Kikoobuster\n|j|\u2606minimax_ai\n|t:|1662853719\n|gametype|singles\n|player|p1|Kikoobuster|1|1493\n|player|p2|minimax_ai|lusamine-nihilego|1548\n|teamsize|p1|6\n|teamsize|p2|6\n|gen|8\n|tier|[Gen 8] OU\n|rated|\n|rule|Sleep Clause Mod: Limit one foe put to sleep\n|rule|Species Clause: Limit one of each Pok\u00e9mon\n|rule|OHKO Clause: OHKO moves are banned\n|rule|Evasion Items Clause: Evasion items are banned\n|rule|Evasion Moves Clause: Evasion moves are banned\n|rule|Endless Battle Clause: Forcing endless battles is banned\n|rule|HP Percentage Mod: HP is shown in percentages\n|rule|Dynamax Clause: You cannot dynamax\n|clearpoke\n|poke|p1|Roserade, M|\n|poke|p1|Jirachi|\n|poke|p1|Rotom-Heat|\n|poke|p1|Mandibuzz, F|\n|poke|p1|Garchomp, F|\n|poke|p1|Urshifu-*, M|\n|poke|p2|Rotom-Wash|\n|poke|p2|Weavile, M|\n|poke|p2|Landorus-Therian, M|\n|poke|p2|Heatran, M|\n|poke|p2|Tangrowth, F|\n|poke|p2|Melmetal|\n|teampreview\n|c|\u2606minimax_ai|hf\n|inactive|Battle timer is ON: inactive players will automatically lose when time's up. (requested by minimax_ai)\n|\n|t:|1662853724\n|start\n|switch|p1a: Roserade|Roserade, M|100\/100\n|switch|p2a: landorustherian|Landorus-Therian, M|100\/100\n|-ability|p2a: landorustherian|Intimidate|boost\n|-unboost|p1a: Roserade|atk|1\n|turn|1\n|\n|t:|1662853728\n|move|p1a: Roserade|Spikes|p2a: landorustherian\n|-sidestart|p2: minimax_ai|Spikes\n|move|p2a: landorustherian|Earthquake|p1a: Roserade\n|-damage|p1a: Roserade|14\/100\n|\n|-heal|p1a: Roserade|20\/100|[from] item: Black Sludge\n|upkeep\n|turn|2\n|\n|t:|1662853730\n|move|p1a: Roserade|Giga Drain|p2a: landorustherian\n|-damage|p2a: landorustherian|70\/100\n|-heal|p1a: Roserade|42\/100|[from] drain|[of] p2a: landorustherian\n|move|p2a: landorustherian|Defog|p1a: Roserade\n|-unboost|p1a: Roserade|evasion|1\n|-sideend|p2: minimax_ai|Spikes|[from] move: Defog|[of] p2a: landorustherian\n|\n|-heal|p1a: Roserade|48\/100|[from] item: Black Sludge\n|-heal|p2a: landorustherian|76\/100|[from] item: Leftovers\n|upkeep\n|turn|3\n|\n|t:|1662853736\n|move|p1a: Roserade|Spikes|p2a: landorustherian\n|-sidestart|p2: minimax_ai|Spikes\n|move|p2a: landorustherian|Earthquake|p1a: Roserade\n|-damage|p1a: Roserade|0 fnt\n|faint|p1a: Roserade\n|\n|-heal|p2a: landorustherian|82\/100|[from] item: Leftovers\n|upkeep\n|\n|t:|1662853740\n|switch|p1a: Urshifu|Urshifu-Rapid-Strike, M|100\/100\n|turn|4\n|\n|t:|1662853742\n|switch|p2a: Tangrowth|Tangrowth, F|100\/100\n|-damage|p2a: Tangrowth|88\/100|[from] Spikes\n|move|p1a: Urshifu|U-turn|p2a: Tangrowth\n|-supereffective|p2a: Tangrowth\n|-damage|p2a: Tangrowth|51\/100\n|-damage|p1a: Urshifu|84\/100|[from] item: Rocky Helmet|[of] p2a: Tangrowth\n|\n|t:|1662853746\n|switch|p1a: Rotom|Rotom-Heat|100\/100|[from]move: U-turn\n|\n|upkeep\n|turn|5\n|\n|t:|1662853750\n|switch|p2a: rotomwash|Rotom-Wash|100\/100\n|move|p1a: Rotom|Will-O-Wisp|p2a: rotomwash\n|-status|p2a: rotomwash|brn\n|\n|-damage|p2a: rotomwash|94\/100 brn|[from] brn\n|upkeep\n|turn|6\n|\n|t:|1662853757\n|switch|p1a: Jirachi|Jirachi|100\/100\n|move|p2a: rotomwash|Nasty Plot|p2a: rotomwash\n|-boost|p2a: rotomwash|spa|2\n|\n|-heal|p2a: rotomwash|100\/100 brn|[from] item: Leftovers\n|-damage|p2a: rotomwash|94\/100 brn|[from] brn\n|upkeep\n|turn|7\n|\n|t:|1662853760\n|move|p1a: Jirachi|Trick|p2a: rotomwash\n|-activate|p1a: Jirachi|move: Trick|[of] p2a: rotomwash\n|-item|p2a: rotomwash|Choice Scarf|[from] move: Trick\n|-item|p1a: Jirachi|Leftovers|[from] move: Trick\n|move|p2a: rotomwash|Hydro Pump|p1a: Jirachi\n|-damage|p1a: Jirachi|14\/100\n|\n|-heal|p1a: Jirachi|20\/100|[from] item: Leftovers\n|-damage|p2a: rotomwash|88\/100 brn|[from] brn\n|upkeep\n|turn|8\n|\n|t:|1662853765\n|move|p2a: rotomwash|Hydro Pump|p1a: Jirachi\n|-damage|p1a: Jirachi|0 fnt\n|faint|p1a: Jirachi\n|\n|-damage|p2a: rotomwash|82\/100 brn|[from] brn\n|upkeep\n|\n|t:|1662853771\n|switch|p1a: Urshifu|Urshifu-Rapid-Strike, M|84\/100\n|turn|9\n|\n|t:|1662853775\n|switch|p2a: Tangrowth|Tangrowth, F|85\/100\n|-damage|p2a: Tangrowth|72\/100|[from] Spikes\n|move|p1a: Urshifu|Close Combat|p2a: Tangrowth\n|-damage|p2a: Tangrowth|24\/100\n|-unboost|p1a: Urshifu|def|1\n|-unboost|p1a: Urshifu|spd|1\n|-damage|p1a: Urshifu|68\/100|[from] item: Rocky Helmet|[of] p2a: Tangrowth\n|\n|upkeep\n|turn|10\n|\n|t:|1662853777\n|switch|p2a: landorustherian|Landorus-Therian, M|82\/100\n|-ability|p2a: landorustherian|Intimidate|boost\n|-unboost|p1a: Urshifu|atk|1\n|move|p1a: Urshifu|Close Combat|p2a: landorustherian\n|-resisted|p2a: landorustherian\n|-damage|p2a: landorustherian|51\/100\n|-unboost|p1a: Urshifu|def|1\n|-unboost|p1a: Urshifu|spd|1\n|\n|-heal|p2a: landorustherian|57\/100|[from] item: Leftovers\n|upkeep\n|turn|11\n|\n|t:|1662853786\n|switch|p1a: Rotom|Rotom-Heat|100\/100\n|move|p2a: landorustherian|Toxic|p1a: Rotom\n|-status|p1a: Rotom|tox\n|\n|-heal|p2a: landorustherian|63\/100|[from] item: Leftovers\n|-damage|p1a: Rotom|94\/100 tox|[from] psn\n|upkeep\n|turn|12\n|\n|t:|1662853793\n|move|p1a: Rotom|Overheat|p2a: landorustherian\n|-damage|p2a: landorustherian|19\/100\n|-unboost|p1a: Rotom|spa|2\n|move|p2a: landorustherian|Defog|p1a: Rotom\n|-unboost|p1a: Rotom|evasion|1\n|-sideend|p2: minimax_ai|Spikes|[from] move: Defog|[of] p2a: landorustherian\n|\n|-heal|p2a: landorustherian|25\/100|[from] item: Leftovers\n|-damage|p1a: Rotom|82\/100 tox|[from] psn\n|upkeep\n|turn|13\n|\n|t:|1662853798\n|move|p1a: Rotom|Volt Switch|p2a: landorustherian\n|-immune|p2a: landorustherian\n|move|p2a: landorustherian|Earthquake|p1a: Rotom\n|-immune|p1a: Rotom|[from] ability: Levitate\n|\n|-heal|p2a: landorustherian|31\/100|[from] item: Leftovers\n|-damage|p1a: Rotom|63\/100 tox|[from] psn\n|upkeep\n|turn|14\n|\n|t:|1662853802\n|move|p1a: Rotom|Overheat|p2a: landorustherian\n|-damage|p2a: landorustherian|8\/100\n|-unboost|p1a: Rotom|spa|2\n|move|p2a: landorustherian|Earthquake|p1a: Rotom\n|-immune|p1a: Rotom|[from] ability: Levitate\n|\n|-heal|p2a: landorustherian|14\/100|[from] item: Leftovers\n|-damage|p1a: Rotom|38\/100 tox|[from] psn\n|upkeep\n|turn|15\n|\n|t:|1662853805\n|move|p1a: Rotom|Overheat|p2a: landorustherian\n|-damage|p2a: landorustherian|0 fnt\n|-unboost|p1a: Rotom|spa|2\n|faint|p2a: landorustherian\n|\n|-damage|p1a: Rotom|7\/100 tox|[from] psn\n|upkeep\n|\n|t:|1662853805\n|switch|p2a: Weavile|Weavile, M|100\/100\n|-ability|p2a: Weavile|Pressure\n|turn|16\n|\n|t:|1662853813\n|move|p2a: Weavile|Triple Axel|p1a: Rotom\n|-resisted|p1a: Rotom\n|-damage|p1a: Rotom|0 fnt\n|faint|p1a: Rotom\n|-hitcount|p1: Rotom|1\n|\n|upkeep\n|\n|t:|1662853815\n|switch|p1a: Urshifu|Urshifu-Rapid-Strike, M|68\/100\n|turn|17\n|\n|t:|1662853817\n|switch|p2a: Tangrowth|Tangrowth, F|57\/100\n|move|p1a: Urshifu|Close Combat|p2a: Tangrowth\n|-damage|p2a: Tangrowth|8\/100\n|-unboost|p1a: Urshifu|def|1\n|-unboost|p1a: Urshifu|spd|1\n|-damage|p1a: Urshifu|51\/100|[from] item: Rocky Helmet|[of] p2a: Tangrowth\n|\n|upkeep\n|turn|18\n|\n|t:|1662853820\n|move|p1a: Urshifu|Close Combat|p2a: Tangrowth\n|-damage|p2a: Tangrowth|0 fnt\n|-unboost|p1a: Urshifu|def|1\n|-unboost|p1a: Urshifu|spd|1\n|-damage|p1a: Urshifu|35\/100|[from] item: Rocky Helmet|[of] p2a: Tangrowth\n|faint|p2a: Tangrowth\n|\n|upkeep\n|\n|t:|1662853820\n|switch|p2a: Weavile|Weavile, M|100\/100\n|-ability|p2a: Weavile|Pressure\n|turn|19\n|\n|t:|1662853824\n|switch|p1a: Mandibuzz|Mandibuzz, F|100\/100\n|move|p2a: Weavile|Triple Axel|p1a: Mandibuzz|[miss]\n|-miss|p2a: Weavile|p1a: Mandibuzz\n|\n|upkeep\n|turn|20\n|\n|t:|1662853826\n|move|p2a: Weavile|Triple Axel|p1a: Mandibuzz|[miss]\n|-miss|p2a: Weavile|p1a: Mandibuzz\n|move|p1a: Mandibuzz|U-turn|p2a: Weavile\n|-supereffective|p2a: Weavile\n|-damage|p2a: Weavile|59\/100\n|\n|t:|1662853831\n|switch|p1a: Urshifu|Urshifu-Rapid-Strike, M|35\/100|[from]move: U-turn\n|\n|upkeep\n|turn|21\n|\n|t:|1662853832\n|move|p1a: Urshifu|Aqua Jet|p2a: Weavile\n|-damage|p2a: Weavile|8\/100\n|move|p2a: Weavile|Triple Axel|p1a: Urshifu\n|-resisted|p1a: Urshifu\n|-damage|p1a: Urshifu|28\/100\n|-resisted|p1a: Urshifu\n|-damage|p1a: Urshifu|13\/100\n|-hitcount|p1a: Urshifu|2\n|\n|upkeep\n|turn|22\n|\n|t:|1662853835\n|switch|p2a: Melmetal|Melmetal|100\/100\n|move|p1a: Urshifu|Aqua Jet|p2a: Melmetal\n|-damage|p2a: Melmetal|83\/100\n|\n|upkeep\n|turn|23\n|\n|t:|1662853839\n|switch|p1a: Mandibuzz|Mandibuzz, F|100\/100\n|move|p2a: Melmetal|Ice Punch|p1a: Mandibuzz\n|-supereffective|p1a: Mandibuzz\n|-damage|p1a: Mandibuzz|56\/100\n|\n|upkeep\n|turn|24\n|\n|t:|1662853841\n|move|p1a: Mandibuzz|Foul Play|p2a: Melmetal\n|-damage|p2a: Melmetal|51\/100\n|move|p2a: Melmetal|Ice Punch|p1a: Mandibuzz\n|-supereffective|p1a: Mandibuzz\n|-damage|p1a: Mandibuzz|16\/100\n|\n|upkeep\n|turn|25\n|\n|t:|1662853844\n|move|p1a: Mandibuzz|Foul Play|p2a: Melmetal\n|-damage|p2a: Melmetal|23\/100\n|move|p2a: Melmetal|Double Iron Bash|p1a: Mandibuzz\n|-damage|p1a: Mandibuzz|0 fnt\n|faint|p1a: Mandibuzz\n|-hitcount|p1: Mandibuzz|1\n|\n|upkeep\n|\n|t:|1662853846\n|switch|p1a: Garchomp|Garchomp, F|100\/100\n|turn|26\n|\n|t:|1662853848\n|move|p1a: Garchomp|Earthquake|p2a: Melmetal\n|-supereffective|p2a: Melmetal\n|-damage|p2a: Melmetal|0 fnt\n|faint|p2a: Melmetal\n|\n|upkeep\n|\n|t:|1662853848\n|switch|p2a: Weavile|Weavile, M|8\/100\n|-ability|p2a: Weavile|Pressure\n|turn|27\n|\n|t:|1662853852\n|move|p2a: Weavile|Ice Shard|p1a: Garchomp\n|-supereffective|p1a: Garchomp\n|-damage|p1a: Garchomp|0 fnt\n|faint|p1a: Garchomp\n|\n|upkeep\n|\n|t:|1662853854\n|switch|p1a: Urshifu|Urshifu-Rapid-Strike, M|13\/100\n|turn|28\n|\n|t:|1662853857\n|move|p2a: Weavile|Ice Shard|p1a: Urshifu\n|-resisted|p1a: Urshifu\n|-damage|p1a: Urshifu|0 fnt\n|faint|p1a: Urshifu\n|\n|win|minimax_ai\n|raw|Kikoobuster's rating: 1493 &rarr; <strong>1476<\/strong><br \/>(-17 for losing)\n|raw|minimax_ai's rating: 1548 &rarr; <strong>1565<\/strong><br \/>(+17 for winning)\n|c|\u2606minimax_ai|gg\n","uploadtime":1662853859,"views":2,"p1id":"kikoobuster","p2id":"minimaxai","formatid":"gen8ou","rating":1476,"private":0,"password":null}