{"id":"gen8ou-1167403372","p1":"Ayante","p2":"LT71LX EGC","format":"gen8ou","log":"|raw|<div class=\"broadcast-blue\"><strong>This battle is required to be public due to a player having a name prefixed by 'LT71LX'.<\/div>\n|j|\u2606Ayante\n|j|\u2606LT71LX EGC\n|t:|1597199473\n|player|p1|Ayante|koga|1668\n|player|p2|LT71LX EGC|nate|1914\n|teamsize|p1|6\n|teamsize|p2|6\n|gametype|singles\n|gen|8\n|tier|[Gen 8] OU\n|rated|\n|clearpoke\n|poke|p1|Rillaboom, M|\n|poke|p1|Togekiss, M|\n|poke|p1|Hydreigon, M|\n|poke|p1|Scizor, M|\n|poke|p1|Zeraora|\n|poke|p1|Lycanroc-Dusk, M|\n|poke|p2|Skarmory, F|\n|poke|p2|Rillaboom, M|\n|poke|p2|Dragapult, F|\n|poke|p2|Bisharp, M|\n|poke|p2|Mimikyu, M|\n|poke|p2|Cloyster, M|\n|rule|Sleep Clause Mod: Limit one foe put to sleep\n|rule|Species Clause: Limit one of each Pok\u00e9mon\n|rule|OHKO Clause: OHKO moves are banned\n|rule|Evasion Moves Clause: Evasion moves are banned\n|rule|Endless Battle Clause: Forcing endless battles is banned\n|rule|HP Percentage Mod: HP is shown in percentages\n|rule|Dynamax Clause: You cannot dynamax\n|teampreview\n|inactive|Battle timer is ON: inactive players will automatically lose when time's up. (requested by LT71LX EGC)\n|\n|t:|1597199487\n|start\n|switch|p1a: Zeraora|Zeraora|100\/100\n|switch|p2a: Skarmory|Skarmory, F|100\/100\n|turn|1\n|\n|t:|1597199503\n|move|p1a: Zeraora|Plasma Fists|p2a: Skarmory\n|-supereffective|p2a: Skarmory\n|-enditem|p2a: Skarmory|Focus Sash\n|-damage|p2a: Skarmory|1\/100\n|-fieldactivate|move: Ion Deluge\n|-ability|p2a: Skarmory|Weak Armor|boost\n|-unboost|p2a: Skarmory|def|1\n|-boost|p2a: Skarmory|spe|2\n|move|p2a: Skarmory|Stealth Rock|p1a: Zeraora\n|-sidestart|p1: Ayante|move: Stealth Rock\n|\n|upkeep\n|turn|2\n|\n|t:|1597199514\n|move|p2a: Skarmory|Spikes|p1a: Zeraora\n|-sidestart|p1: Ayante|Spikes\n|move|p1a: Zeraora|Volt Switch|p2a: Skarmory\n|-supereffective|p2a: Skarmory\n|-crit|p2a: Skarmory\n|-damage|p2a: Skarmory|0 fnt\n|faint|p2a: Skarmory\n|j| Zeroural\n|l| Zeroural\n|inactive|Ayante has 120 seconds left.\n|\n|t:|1597199550\n|switch|p1a: Hydreigon|Hydreigon, M|100\/100|[from]move: Volt Switch\n|-damage|p1a: Hydreigon|88\/100|[from] Stealth Rock\n|\n|upkeep\n|\n|t:|1597199563\n|switch|p2a: Mimikyu|Mimikyu, M|100\/100\n|turn|3\n|inactive|Ayante has 90 seconds left.\n|\n|t:|1597199598\n|move|p1a: Hydreigon|Flash Cannon|p2a: Mimikyu\n|-activate|p2a: Mimikyu|ability: Disguise\n|-damage|p2a: Mimikyu|100\/100\n|-unboost|p2a: Mimikyu|spd|1\n|detailschange|p2a: Mimikyu|Mimikyu-Busted, M\n|-damage|p2a: Mimikyu|88\/100|[from] pokemon: Mimikyu-Busted\n|move|p2a: Mimikyu|Play Rough|p1a: Hydreigon\n|-supereffective|p1a: Hydreigon\n|-damage|p1a: Hydreigon|0 fnt\n|-damage|p2a: Mimikyu|78\/100|[from] item: Life Orb\n|faint|p1a: Hydreigon\n|\n|upkeep\n|inactive|Ayante has 90 seconds left.\n|\n|t:|1597199611\n|switch|p1a: Scizor|Scizor, M|100\/100\n|-damage|p1a: Scizor|88\/100|[from] Spikes\n|-damage|p1a: Scizor|75\/100|[from] Stealth Rock\n|turn|4\n|inactive|Ayante has 90 seconds left.\n|\n|t:|1597199617\n|move|p2a: Mimikyu|Shadow Sneak|p1a: Scizor\n|-damage|p1a: Scizor|53\/100\n|-damage|p2a: Mimikyu|68\/100|[from] item: Life Orb\n|move|p1a: Scizor|Defog|p2a: Mimikyu\n|-unboost|p2a: Mimikyu|evasion|1\n|-sideend|p1: Ayante|Spikes|[from] move: Defog|[of] p1a: Scizor\n|-sideend|p1: Ayante|Stealth Rock|[from] move: Defog|[of] p1a: Scizor\n|\n|upkeep\n|turn|5\n|inactive|Ayante has 90 seconds left.\n|\n|t:|1597199628\n|switch|p2a: Bisharp|Bisharp, M|100\/100\n|move|p1a: Scizor|Roost|p1a: Scizor\n|-heal|p1a: Scizor|100\/100\n|-singleturn|p1a: Scizor|move: Roost\n|\n|upkeep\n|turn|6\n|inactive|Ayante has 90 seconds left.\n|\n|t:|1597199640\n|switch|p1a: Lycanroc|Lycanroc-Dusk, M|100\/100\n|move|p2a: Bisharp|Knock Off|p1a: Lycanroc\n|-enditem|p1a: Lycanroc|Focus Sash\n|-damage|p1a: Lycanroc|1\/100\n|-damage|p2a: Bisharp|91\/100|[from] item: Life Orb\n|\n|upkeep\n|turn|7\n|\n|t:|1597199648\n|move|p1a: Lycanroc|Stealth Rock|p2a: Bisharp\n|-sidestart|p2: LT71LX EGC|move: Stealth Rock\n|move|p2a: Bisharp|Knock Off|p1a: Lycanroc\n|-damage|p1a: Lycanroc|0 fnt\n|-damage|p2a: Bisharp|81\/100|[from] item: Life Orb\n|faint|p1a: Lycanroc\n|\n|upkeep\n|inactive|Ayante has 90 seconds left.\n|\n|t:|1597199668\n|switch|p1a: Zeraora|Zeraora|100\/100\n|turn|8\n|\n|t:|1597199678\n|switch|p2a: Dragapult|Dragapult, F|100\/100\n|-damage|p2a: Dragapult|88\/100|[from] Stealth Rock\n|move|p1a: Zeraora|Close Combat|p2a: Dragapult\n|-immune|p2a: Dragapult\n|\n|upkeep\n|turn|9\n|\n|t:|1597199687\n|switch|p2a: Mimikyu|Mimikyu-Busted, M|68\/100\n|-damage|p2a: Mimikyu|56\/100|[from] Stealth Rock\n|move|p1a: Zeraora|Knock Off|p2a: Mimikyu\n|-damage|p2a: Mimikyu|0 fnt\n|-enditem|p2a: Mimikyu|Life Orb|[from] move: Knock Off|[of] p1a: Zeraora\n|faint|p2a: Mimikyu\n|\n|upkeep\n|\n|t:|1597199689\n|switch|p2a: Rillaboom|Rillaboom, M|100\/100\n|-damage|p2a: Rillaboom|88\/100|[from] Stealth Rock\n|-fieldstart|move: Grassy Terrain|[from] ability: Grassy Surge|[of] p2a: Rillaboom\n|turn|10\n|\n|t:|1597199707\n|switch|p1a: Scizor|Scizor, M|100\/100\n|move|p2a: Rillaboom|Grassy Glide|p1a: Scizor\n|-resisted|p1a: Scizor\n|-damage|p1a: Scizor|85\/100\n|-damage|p2a: Rillaboom|78\/100|[from] item: Life Orb\n|\n|-heal|p2a: Rillaboom|84\/100|[from] Grassy Terrain\n|-heal|p1a: Scizor|91\/100|[from] Grassy Terrain\n|upkeep\n|turn|11\n|\n|t:|1597199718\n|move|p2a: Rillaboom|Superpower|p1a: Scizor\n|-damage|p1a: Scizor|39\/100\n|-unboost|p2a: Rillaboom|atk|1\n|-unboost|p2a: Rillaboom|def|1\n|-damage|p2a: Rillaboom|74\/100|[from] item: Life Orb\n|move|p1a: Scizor|Swords Dance|p1a: Scizor\n|-boost|p1a: Scizor|atk|2\n|\n|-heal|p2a: Rillaboom|81\/100|[from] Grassy Terrain\n|-heal|p1a: Scizor|45\/100|[from] Grassy Terrain\n|upkeep\n|turn|12\n|\n|t:|1597199731\n|switch|p2a: Bisharp|Bisharp, M|81\/100\n|-damage|p2a: Bisharp|75\/100|[from] Stealth Rock\n|move|p1a: Scizor|Bullet Punch|p2a: Bisharp\n|-resisted|p2a: Bisharp\n|-damage|p2a: Bisharp|29\/100\n|-damage|p1a: Scizor|35\/100|[from] item: Life Orb\n|\n|-heal|p2a: Bisharp|34\/100|[from] Grassy Terrain\n|-heal|p1a: Scizor|41\/100|[from] Grassy Terrain\n|upkeep\n|turn|13\n|\n|t:|1597199742\n|move|p1a: Scizor|Bullet Punch|p2a: Bisharp\n|-resisted|p2a: Bisharp\n|-damage|p2a: Bisharp|0 fnt\n|-damage|p1a: Scizor|32\/100|[from] item: Life Orb\n|faint|p2a: Bisharp\n|\n|-heal|p1a: Scizor|38\/100|[from] Grassy Terrain\n|upkeep\n|\n|t:|1597199746\n|switch|p2a: Cloyster|Cloyster, M|100\/100\n|-damage|p2a: Cloyster|76\/100|[from] Stealth Rock\n|turn|14\n|\n|t:|1597199754\n|move|p1a: Scizor|Bullet Punch|p2a: Cloyster\n|-damage|p2a: Cloyster|8\/100\n|-damage|p1a: Scizor|28\/100|[from] item: Life Orb\n|move|p2a: Cloyster|Shell Smash|p2a: Cloyster\n|-unboost|p2a: Cloyster|def|1\n|-unboost|p2a: Cloyster|spd|1\n|-boost|p2a: Cloyster|atk|2\n|-boost|p2a: Cloyster|spa|2\n|-boost|p2a: Cloyster|spe|2\n|\n|-heal|p2a: Cloyster|14\/100|[from] Grassy Terrain\n|-heal|p1a: Scizor|34\/100|[from] Grassy Terrain\n|-fieldend|move: Grassy Terrain\n|upkeep\n|turn|15\n|\n|t:|1597199767\n|move|p2a: Cloyster|Ice Shard|p1a: Scizor\n|-resisted|p1a: Scizor\n|-damage|p1a: Scizor|17\/100\n|move|p1a: Scizor|Bullet Punch|p2a: Cloyster\n|-damage|p2a: Cloyster|0 fnt\n|-damage|p1a: Scizor|7\/100|[from] item: Life Orb\n|faint|p2a: Cloyster\n|\n|upkeep\n|\n|t:|1597199775\n|switch|p2a: Rillaboom|Rillaboom, M|81\/100\n|-damage|p2a: Rillaboom|68\/100|[from] Stealth Rock\n|-fieldstart|move: Grassy Terrain|[from] ability: Grassy Surge|[of] p2a: Rillaboom\n|turn|16\n|\n|t:|1597199781\n|move|p2a: Rillaboom|Grassy Glide|p1a: Scizor\n|-resisted|p1a: Scizor\n|-damage|p1a: Scizor|0 fnt\n|-damage|p2a: Rillaboom|58\/100|[from] item: Life Orb\n|faint|p1a: Scizor\n|\n|-heal|p2a: Rillaboom|65\/100|[from] Grassy Terrain\n|upkeep\n|\n|t:|1597199790\n|switch|p1a: Togekiss|Togekiss, M|100\/100\n|turn|17\n|\n|t:|1597199797\n|move|p2a: Rillaboom|Grassy Glide|p1a: Togekiss\n|-resisted|p1a: Togekiss\n|-damage|p1a: Togekiss|61\/100\n|-damage|p2a: Rillaboom|55\/100|[from] item: Life Orb\n|move|p1a: Togekiss|Air Slash|p2a: Rillaboom\n|-supereffective|p2a: Rillaboom\n|-crit|p2a: Rillaboom\n|-damage|p2a: Rillaboom|0 fnt\n|faint|p2a: Rillaboom\n|\n|-heal|p1a: Togekiss|67\/100|[from] item: Leftovers\n|upkeep\n|\n|t:|1597199799\n|switch|p2a: Dragapult|Dragapult, F|88\/100\n|-damage|p2a: Dragapult|76\/100|[from] Stealth Rock\n|turn|18\n|\n|t:|1597199812\n|move|p2a: Dragapult|Dragon Dance|p2a: Dragapult\n|-boost|p2a: Dragapult|atk|1\n|-boost|p2a: Dragapult|spe|1\n|move|p1a: Togekiss|Air Slash|p2a: Dragapult\n|-damage|p2a: Dragapult|22\/100\n|\n|-heal|p2a: Dragapult|28\/100|[from] Grassy Terrain\n|-heal|p1a: Togekiss|73\/100|[from] item: Leftovers\n|upkeep\n|turn|19\n|\n|t:|1597199821\n|move|p2a: Dragapult|Phantom Force||[still]\n|-prepare|p2a: Dragapult|Phantom Force\n|move|p1a: Togekiss|Air Slash|p2a: Dragapult|[miss]\n|-miss|p1a: Togekiss|p2a: Dragapult\n|\n|-heal|p1a: Togekiss|79\/100|[from] item: Leftovers\n|upkeep\n|turn|20\n|\n|t:|1597199829\n|move|p2a: Dragapult|Phantom Force|p1a: Togekiss|[from]lockedmove\n|-damage|p1a: Togekiss|0 fnt\n|-damage|p2a: Dragapult|18\/100|[from] item: Life Orb\n|faint|p1a: Togekiss\n|\n|-heal|p2a: Dragapult|24\/100|[from] Grassy Terrain\n|-fieldend|move: Grassy Terrain\n|upkeep\n|\n|t:|1597199838\n|switch|p1a: Rillaboom|Rillaboom, M|100\/100\n|-fieldstart|move: Grassy Terrain|[from] ability: Grassy Surge|[of] p1a: Rillaboom\n|turn|21\n|\n|t:|1597199867\n|move|p1a: Rillaboom|Grassy Glide|p2a: Dragapult\n|-resisted|p2a: Dragapult\n|-damage|p2a: Dragapult|0 fnt\n|-damage|p1a: Rillaboom|91\/100|[from] item: Life Orb\n|faint|p2a: Dragapult\n|\n|win|Ayante\n|l|\u2606LT71LX EGC\n|raw|Ayante's rating: 1668 &rarr; <strong>1701<\/strong><br \/>(+33 for winning)\n|raw|LT71LX EGC's rating: 1937 &rarr; <strong>1904<\/strong><br \/>(-33 for losing)\n","uploadtime":1597199884,"views":90,"p1id":"ayante","p2id":"lt71lxegc","formatid":"gen8ou","rating":1701,"private":0,"password":null}