{"id":"gen8challengecup1v1-1678661475","p1":"MurderousMantyke","p2":"ThighFish","format":"gen8challengecup1v1","log":"|j|\u2606MurderousMantyke\n|j|\u2606ThighFish\n|inactive|Battle timer is ON: inactive players will automatically lose when time's up.\n|t:|1665011030\n|gametype|singles\n|player|p1|MurderousMantyke|#helpstaffxmas|\n|player|p2|ThighFish|volkner|\n|teamsize|p1|6\n|teamsize|p2|6\n|gen|8\n|tier|[Gen 8] Challenge Cup 1v1\n|rated|Tournament battle\n|rule|HP Percentage Mod: HP is shown in percentages\n|rule|Dynamax Clause: You cannot dynamax\n|clearpoke\n|poke|p1|Combee, L93, F|\n|poke|p1|Drednaw, L75, F|\n|poke|p1|Lapras, L72, F|\n|poke|p1|Trubbish, L86, F|\n|poke|p1|Bunnelby, L94, F|\n|poke|p1|Ninjask, L76, F|\n|poke|p2|Kirlia, L91, F|\n|poke|p2|Volcarona, L71, F|\n|poke|p2|Kartana, L71|\n|poke|p2|Sharpedo, L77, F|\n|poke|p2|Raichu-Alola, L75, M|\n|poke|p2|Arrokuda, L90, F|\n|teampreview|1\n|c|\u2606MurderousMantyke|hf\n|inactive|ThighFish has 120 seconds left.\n|\n|t:|1665011065\n|start\n|switch|p1a: Drednaw|Drednaw, L75, F|230\/230\n|switch|p2a: Raichu|Raichu-Alola, L75, M|193\/193\n|turn|1\n|inactive|MurderousMantyke has 120 seconds left.\n|\n|t:|1665011105\n|move|p2a: Raichu|Dig||[still]\n|-prepare|p2a: Raichu|Dig\n|move|p1a: Drednaw|Rock Tomb|p2a: Raichu|[miss]\n|-miss|p1a: Drednaw|p2a: Raichu\n|\n|upkeep\n|turn|2\n|\n|t:|1665011109\n|move|p2a: Raichu|Dig|p1a: Drednaw|[from]lockedmove\n|-supereffective|p1a: Drednaw\n|-damage|p1a: Drednaw|106\/230\n|move|p1a: Drednaw|Throat Chop|p2a: Raichu\n|-supereffective|p2a: Raichu\n|-damage|p2a: Raichu|1\/193\n|-start|p2a: Raichu|Throat Chop|[silent]\n|\n|upkeep\n|turn|3\n|\n|t:|1665011118\n|move|p2a: Raichu|Dig||[still]\n|-prepare|p2a: Raichu|Dig\n|move|p1a: Drednaw|Throat Chop|p2a: Raichu|[miss]\n|-miss|p1a: Drednaw|p2a: Raichu\n|\n|-end|p2a: Raichu|Throat Chop|[silent]\n|upkeep\n|turn|4\n|c|\u2606MurderousMantyke|no shot..\n|\n|t:|1665011122\n|move|p2a: Raichu|Dig|p1a: Drednaw|[from]lockedmove\n|-supereffective|p1a: Drednaw\n|-damage|p1a: Drednaw|0 fnt\n|faint|p1a: Drednaw\n|\n|win|ThighFish\n|n|\u2606MurderousMantyke|murderousmantyke\n|n|\u2606ThighFish|thighfish\n|c|\u2606MurderousMantyke|gg\n|c|\u2606ThighFish|GG\n","uploadtime":1665011127,"views":5,"p1id":"murderousmantyke","p2id":"thighfish","formatid":"gen8challengecup1v1","rating":0,"private":0,"password":null}