{"id":"gen8ou-1578750574","p1":"Batataplays","p2":"Kwaga","format":"gen8ou","log":"|j|\u2606Batataplays\n|j|\u2606Kwaga\n|t:|1653016937\n|gametype|singles\n|player|p1|Batataplays|sonia|1709\n|player|p2|Kwaga|palmer|1665\n|teamsize|p1|6\n|teamsize|p2|6\n|gen|8\n|tier|[Gen 8] OU\n|rated|\n|rule|Sleep Clause Mod: Limit one foe put to sleep\n|rule|Species Clause: Limit one of each Pok\u00e9mon\n|rule|OHKO Clause: OHKO moves are banned\n|rule|Evasion Moves Clause: Evasion moves are banned\n|rule|Endless Battle Clause: Forcing endless battles is banned\n|rule|HP Percentage Mod: HP is shown in percentages\n|rule|Dynamax Clause: You cannot dynamax\n|clearpoke\n|poke|p1|Landorus-Therian, M|\n|poke|p1|Weavile, F|\n|poke|p1|Kartana|\n|poke|p1|Melmetal|\n|poke|p1|Volcanion|\n|poke|p1|Dragonite, F|\n|poke|p2|Zapdos|\n|poke|p2|Urshifu-*, F|\n|poke|p2|Kartana|\n|poke|p2|Mew|\n|poke|p2|Corviknight, F|\n|poke|p2|Swampert, F|\n|teampreview\n|inactive|Battle timer is ON: inactive players will automatically lose when time's up. (requested by Batataplays)\n|\n|t:|1653016964\n|start\n|switch|p1a: Weavile|Weavile, F, shiny|100\/100\n|switch|p2a: Mew|Mew|100\/100\n|-ability|p1a: Weavile|Pressure\n|turn|1\n|\n|t:|1653016969\n|switch|p2a: Corviknight|Corviknight, F|100\/100\n|-ability|p2a: Corviknight|Pressure\n|move|p1a: Weavile|Beat Up|p2a: Corviknight\n|-damage|p2a: Corviknight|92\/100\n|-damage|p2a: Corviknight|83\/100\n|-damage|p2a: Corviknight|71\/100\n|-damage|p2a: Corviknight|62\/100\n|-damage|p2a: Corviknight|53\/100\n|-damage|p2a: Corviknight|44\/100\n|-hitcount|p2a: Corviknight|6\n|\n|-heal|p2a: Corviknight|50\/100|[from] item: Leftovers\n|upkeep\n|turn|2\n|\n|t:|1653016976\n|switch|p2a: Urshifu|Urshifu-Rapid-Strike, F|100\/100\n|move|p1a: Weavile|Beat Up|p2a: Urshifu\n|-resisted|p2a: Urshifu\n|-damage|p2a: Urshifu|93\/100\n|-resisted|p2a: Urshifu\n|-damage|p2a: Urshifu|86\/100\n|-resisted|p2a: Urshifu\n|-damage|p2a: Urshifu|76\/100\n|-resisted|p2a: Urshifu\n|-damage|p2a: Urshifu|67\/100\n|-resisted|p2a: Urshifu\n|-damage|p2a: Urshifu|61\/100\n|-resisted|p2a: Urshifu\n|-crit|p2a: Urshifu\n|-damage|p2a: Urshifu|49\/100\n|-hitcount|p2a: Urshifu|6\n|\n|upkeep\n|turn|3\n|\n|t:|1653016984\n|switch|p1a: Volcanion|Volcanion|100\/100\n|move|p2a: Urshifu|U-turn|p1a: Volcanion\n|-resisted|p1a: Volcanion\n|-damage|p1a: Volcanion|83\/100\n|\n|t:|1653016998\n|switch|p2a: Zapdos|Zapdos|100\/100|[from]move: U-turn\n|\n|upkeep\n|turn|4\n|\n|t:|1653017002\n|move|p2a: Zapdos|Hurricane|p1a: Volcanion\n|-damage|p1a: Volcanion|0 fnt\n|faint|p1a: Volcanion\n|\n|upkeep\n|\n|t:|1653017005\n|switch|p1a: Weavile|Weavile, F, shiny|100\/100\n|-ability|p1a: Weavile|Pressure\n|turn|5\n|\n|t:|1653017013\n|switch|p2a: Swampert|Swampert, F|100\/100\n|move|p1a: Weavile|Knock Off|p2a: Swampert\n|-damage|p2a: Swampert|26\/100\n|-enditem|p2a: Swampert|Leftovers|[from] move: Knock Off|[of] p1a: Weavile\n|\n|upkeep\n|turn|6\n|\n|t:|1653017017\n|move|p1a: Weavile|Knock Off|p2a: Swampert\n|-damage|p2a: Swampert|0 fnt\n|faint|p2a: Swampert\n|\n|upkeep\n|\n|t:|1653017027\n|switch|p2a: Urshifu|Urshifu-Rapid-Strike, F|49\/100\n|turn|7\n|\n|t:|1653017032\n|switch|p1a: Kartana|Kartana, shiny|100\/100\n|move|p2a: Urshifu|U-turn|p1a: Kartana\n|-damage|p1a: Kartana|63\/100\n|j| Norune\n|j| ed7t6kty8kl\n|\n|t:|1653017042\n|switch|p2a: Corviknight|Corviknight, F|50\/100|[from]move: U-turn\n|-ability|p2a: Corviknight|Pressure\n|\n|-heal|p2a: Corviknight|57\/100|[from] item: Leftovers\n|upkeep\n|turn|8\n|\n|t:|1653017044\n|switch|p1a: Weavile|Weavile, F, shiny|100\/100\n|-ability|p1a: Weavile|Pressure\n|move|p2a: Corviknight|Roost|p2a: Corviknight\n|-heal|p2a: Corviknight|100\/100\n|-singleturn|p2a: Corviknight|move: Roost\n|\n|upkeep\n|turn|9\n|\n|t:|1653017050\n|move|p1a: Weavile|Triple Axel|p2a: Corviknight\n|-damage|p2a: Corviknight|91\/100\n|-damage|p2a: Corviknight|71\/100\n|-damage|p2a: Corviknight|44\/100\n|-hitcount|p2a: Corviknight|3\n|move|p2a: Corviknight|Body Press|p1a: Weavile\n|-supereffective|p1a: Weavile\n|-damage|p1a: Weavile|0 fnt\n|faint|p1a: Weavile\n|\n|-heal|p2a: Corviknight|51\/100|[from] item: Leftovers\n|upkeep\n|j| 12w3e4\n|\n|t:|1653017060\n|switch|p1a: Dragonite|Dragonite, F, shiny|100\/100\n|turn|10\n|\n|t:|1653017063\n|move|p1a: Dragonite|Dragon Dance|p1a: Dragonite\n|-boost|p1a: Dragonite|atk|1\n|-boost|p1a: Dragonite|spe|1\n|move|p2a: Corviknight|U-turn|p1a: Dragonite\n|-resisted|p1a: Dragonite\n|-damage|p1a: Dragonite|97\/100\n|\n|t:|1653017068\n|switch|p2a: Zapdos|Zapdos|100\/100|[from]move: U-turn\n|\n|upkeep\n|turn|11\n|\n|t:|1653017072\n|move|p1a: Dragonite|Dragon Dance|p1a: Dragonite\n|-boost|p1a: Dragonite|atk|1\n|-boost|p1a: Dragonite|spe|1\n|move|p2a: Zapdos|Hurricane|p1a: Dragonite\n|-damage|p1a: Dragonite|19\/100\n|-start|p1a: Dragonite|confusion\n|\n|upkeep\n|turn|12\n|\n|t:|1653017074\n|-activate|p1a: Dragonite|confusion\n|-damage|p1a: Dragonite|0 fnt|[from] confusion\n|faint|p1a: Dragonite\n|move|p2a: Zapdos|Hurricane|p1: Dragonite|[notarget]\n|-fail|p2a: Zapdos\n|\n|upkeep\n|c|\u2606Batataplays|ban\n|c|\u2606Kwaga|lmao\n|-message|Batataplays forfeited.\n|\n|win|Kwaga\n|raw|Batataplays's rating: 1732 &rarr; <strong>1708<\/strong><br \/>(-24 for losing)\n|raw|Kwaga's rating: 1665 &rarr; <strong>1689<\/strong><br \/>(+24 for winning)\n|l|\u2606Batataplays\n","uploadtime":1653017087,"views":45,"p1id":"batataplays","p2id":"kwaga","formatid":"gen8ou","rating":1689,"private":0,"password":null}