{"id":"gen8ou-1462831970","p1":"imchokingrn","p2":"LudwigFrog","format":"gen8ou","log":"|html|<div class=\"broadcast-blue\"><strong>[Gen 8] OU is currently suspecting Kyurem! For information on how to participate check out the <a href=\"https:\/\/www.smogon.com\/forums\/threads\/np-ss-ou-suspect-process-round-11-break-the-ice.3694129\/\">suspect thread<\/a>.<\/strong><\/div>\n|j|\u2606imchokingrn\n|j|\u2606LudwigFrog\n|t:|1638147957\n|gametype|singles\n|player|p1|imchokingrn|backpacker|1724\n|player|p2|LudwigFrog|hilbert-wonderlauncher|1722\n|teamsize|p1|6\n|teamsize|p2|6\n|gen|8\n|tier|[Gen 8] OU\n|rated|\n|rule|Sleep Clause Mod: Limit one foe put to sleep\n|rule|Species Clause: Limit one of each Pok\u00e9mon\n|rule|OHKO Clause: OHKO moves are banned\n|rule|Evasion Moves Clause: Evasion moves are banned\n|rule|Endless Battle Clause: Forcing endless battles is banned\n|rule|HP Percentage Mod: HP is shown in percentages\n|rule|Dynamax Clause: You cannot dynamax\n|clearpoke\n|poke|p1|Zeraora|\n|poke|p1|Urshifu-*, F|\n|poke|p1|Kyurem|\n|poke|p1|Slowking-Galar, M|\n|poke|p1|Corviknight, F|\n|poke|p1|Hippowdon, F|\n|poke|p2|Dragonite, F|\n|poke|p2|Magnezone|\n|poke|p2|Corviknight, M|\n|poke|p2|Tapu Fini|\n|poke|p2|Kartana|\n|poke|p2|Garchomp, F|\n|teampreview\n|inactive|Battle timer is ON: inactive players will automatically lose when time's up. (requested by LudwigFrog)\n|\n|t:|1638147981\n|start\n|switch|p1a: Kyurem|Kyurem|100\/100\n|switch|p2a: Garchomp|Garchomp, F|100\/100\n|-ability|p1a: Kyurem|Pressure\n|turn|1\n|j| Electroman102\n|\n|t:|1638147993\n|switch|p2a: Corviknight|Corviknight, M|100\/100\n|-ability|p2a: Corviknight|Pressure\n|move|p1a: Kyurem|Freeze-Dry|p2a: Corviknight\n|-damage|p2a: Corviknight|59\/100\n|\n|-heal|p2a: Corviknight|65\/100|[from] item: Leftovers\n|upkeep\n|turn|2\n|\n|t:|1638147996\n|move|p1a: Kyurem|Freeze-Dry|p2a: Corviknight\n|-damage|p2a: Corviknight|26\/100\n|-status|p2a: Corviknight|frz\n|cant|p2a: Corviknight|frz\n|\n|-heal|p2a: Corviknight|32\/100 frz|[from] item: Leftovers\n|upkeep\n|turn|3\n|\n|t:|1638148000\n|switch|p2a: Magnezone|Magnezone|100\/100\n|move|p1a: Kyurem|Freeze-Dry|p2a: Magnezone\n|-resisted|p2a: Magnezone\n|-damage|p2a: Magnezone|64\/100\n|\n|upkeep\n|turn|4\n|\n|t:|1638148007\n|switch|p1a: Slowking|Slowking-Galar, M|100\/100\n|switch|p2a: Dragonite|Dragonite, F|100\/100\n|\n|upkeep\n|turn|5\n|\n|t:|1638148013\n|switch|p1a: Kyurem|Kyurem|100\/100\n|-ability|p1a: Kyurem|Pressure\n|move|p2a: Dragonite|Earthquake|p1a: Kyurem\n|-damage|p1a: Kyurem|46\/100\n|\n|upkeep\n|turn|6\n|\n|t:|1638148024\n|switch|p2a: Corviknight|Corviknight, M|32\/100 frz\n|-ability|p2a: Corviknight|Pressure\n|move|p1a: Kyurem|Freeze-Dry|p2a: Corviknight\n|-damage|p2a: Corviknight|0 fnt\n|faint|p2a: Corviknight\n|\n|upkeep\n|\n|t:|1638148032\n|switch|p2a: Kartana|Kartana|100\/100\n|turn|7\n|\n|t:|1638148045\n|switch|p1a: Corviknight|Corviknight, F|100\/100\n|-ability|p1a: Corviknight|Pressure\n|move|p2a: Kartana|Knock Off|p1a: Corviknight\n|-damage|p1a: Corviknight|73\/100\n|-damage|p2a: Kartana|84\/100|[from] item: Rocky Helmet|[of] p1a: Corviknight\n|-enditem|p1a: Corviknight|Rocky Helmet|[from] move: Knock Off|[of] p2a: Kartana\n|\n|upkeep\n|turn|8\n|\n|t:|1638148051\n|switch|p2a: Tapu Fini|Tapu Fini|100\/100\n|-fieldstart|move: Misty Terrain|[from] ability: Misty Surge|[of] p2a: Tapu Fini\n|move|p1a: Corviknight|U-turn|p2a: Tapu Fini\n|-resisted|p2a: Tapu Fini\n|-damage|p2a: Tapu Fini|95\/100\n|\n|t:|1638148060\n|switch|p1a: Slowking|Slowking-Galar, M|100\/100|[from]move: U-turn\n|\n|-heal|p2a: Tapu Fini|100\/100|[from] item: Leftovers\n|upkeep\n|turn|9\n|\n|t:|1638148065\n|switch|p2a: Garchomp|Garchomp, F|100\/100\n|move|p1a: Slowking|Future Sight|p2a: Garchomp\n|-start|p1a: Slowking|move: Future Sight\n|\n|upkeep\n|turn|10\n|\n|t:|1638148076\n|switch|p1a: Hippowdon|Hippowdon, F|100\/100\n|-weather|Sandstorm|[from] ability: Sand Stream|[of] p1a: Hippowdon\n|move|p2a: Garchomp|Stealth Rock|p1a: Hippowdon\n|-sidestart|p1: imchokingrn|move: Stealth Rock\n|\n|-weather|Sandstorm|[upkeep]\n|upkeep\n|turn|11\n|\n|t:|1638148087\n|switch|p2a: Kartana|Kartana|84\/100\n|move|p1a: Hippowdon|Stealth Rock|p2a: Kartana\n|-sidestart|p2: LudwigFrog|move: Stealth Rock\n|\n|-weather|Sandstorm|[upkeep]\n|-end|p2a: Kartana|move: Future Sight\n|-resisted|p2a: Kartana\n|-damage|p2a: Kartana|10\/100\n|upkeep\n|turn|12\n|\n|t:|1638148094\n|switch|p1a: Corviknight|Corviknight, F|73\/100\n|-damage|p1a: Corviknight|61\/100|[from] Stealth Rock\n|-ability|p1a: Corviknight|Pressure\n|move|p2a: Kartana|Leaf Blade|p1a: Corviknight\n|-resisted|p1a: Corviknight\n|-damage|p1a: Corviknight|52\/100\n|\n|-weather|Sandstorm|[upkeep]\n|-fieldend|Misty Terrain\n|upkeep\n|turn|13\n|\n|t:|1638148104\n|switch|p2a: Magnezone|Magnezone|64\/100\n|-damage|p2a: Magnezone|58\/100|[from] Stealth Rock\n|move|p1a: Corviknight|U-turn|p2a: Magnezone\n|-resisted|p2a: Magnezone\n|-damage|p2a: Magnezone|52\/100\n|\n|t:|1638148119\n|switch|p1a: Zeraora|Zeraora|100\/100|[from]move: U-turn\n|-damage|p1a: Zeraora|88\/100|[from] Stealth Rock\n|\n|-weather|Sandstorm|[upkeep]\n|-damage|p1a: Zeraora|82\/100|[from] Sandstorm\n|upkeep\n|turn|14\n|\n|t:|1638148126\n|move|p1a: Zeraora|Close Combat|p2a: Magnezone\n|-supereffective|p2a: Magnezone\n|-damage|p2a: Magnezone|0 fnt\n|-unboost|p1a: Zeraora|def|1\n|-unboost|p1a: Zeraora|spd|1\n|faint|p2a: Magnezone\n|\n|-weather|none\n|upkeep\n|\n|t:|1638148131\n|switch|p2a: Garchomp|Garchomp, F|100\/100\n|-damage|p2a: Garchomp|94\/100|[from] Stealth Rock\n|turn|15\n|\n|t:|1638148136\n|switch|p1a: Corviknight|Corviknight, F|52\/100\n|-damage|p1a: Corviknight|40\/100|[from] Stealth Rock\n|-ability|p1a: Corviknight|Pressure\n|move|p2a: Garchomp|Stone Edge|p1a: Corviknight\n|-damage|p1a: Corviknight|23\/100\n|\n|-heal|p2a: Garchomp|100\/100|[from] item: Leftovers\n|upkeep\n|turn|16\n|\n|t:|1638148141\n|move|p2a: Garchomp|Stone Edge|p1a: Corviknight\n|-damage|p1a: Corviknight|5\/100\n|move|p1a: Corviknight|Roost|p1a: Corviknight\n|-heal|p1a: Corviknight|55\/100\n|-singleturn|p1a: Corviknight|move: Roost\n|\n|upkeep\n|turn|17\n|\n|t:|1638148143\n|move|p2a: Garchomp|Stone Edge|p1a: Corviknight\n|-crit|p1a: Corviknight\n|-damage|p1a: Corviknight|28\/100\n|move|p1a: Corviknight|Roost|p1a: Corviknight\n|-heal|p1a: Corviknight|78\/100\n|-singleturn|p1a: Corviknight|move: Roost\n|\n|upkeep\n|turn|18\n|\n|t:|1638148146\n|move|p2a: Garchomp|Stone Edge|p1a: Corviknight|[miss]\n|-miss|p2a: Garchomp|p1a: Corviknight\n|move|p1a: Corviknight|Roost|p1a: Corviknight\n|-heal|p1a: Corviknight|100\/100\n|-singleturn|p1a: Corviknight|move: Roost\n|\n|upkeep\n|turn|19\n|-message|LudwigFrog forfeited.\n|\n|win|imchokingrn\n|raw|imchokingrn's rating: 1724 &rarr; <strong>1744<\/strong><br \/>(+20 for winning)\n|raw|LudwigFrog's rating: 1722 &rarr; <strong>1702<\/strong><br \/>(-20 for losing)\n|l|\u2606LudwigFrog\n","uploadtime":1638148156,"views":37,"p1id":"imchokingrn","p2id":"ludwigfrog","formatid":"gen8ou","rating":1702,"private":0,"password":null}