{"id":"gen8ou-1641410910","p1":"d18l","p2":"LT93OQ #savetf2","format":"gen8ou","log":"|j|\u2606d18l\n|j|\u2606LT93OQ #savetf2\n|t:|1660701793\n|gametype|singles\n|player|p1|d18l|backpacker|1740\n|player|p2|LT93OQ #savetf2|maid-gen4|1751\n|teamsize|p1|6\n|teamsize|p2|6\n|gen|8\n|tier|[Gen 8] OU\n|rated|\n|rule|Sleep Clause Mod: Limit one foe put to sleep\n|rule|Species Clause: Limit one of each Pok\u00e9mon\n|rule|OHKO Clause: OHKO moves are banned\n|rule|Evasion Items Clause: Evasion items are banned\n|rule|Evasion Moves Clause: Evasion moves are banned\n|rule|Endless Battle Clause: Forcing endless battles is banned\n|rule|HP Percentage Mod: HP is shown in percentages\n|rule|Dynamax Clause: You cannot dynamax\n|clearpoke\n|poke|p1|Tapu Koko|\n|poke|p1|Victini|\n|poke|p1|Landorus-Therian, M|\n|poke|p1|Tornadus-Therian, M|\n|poke|p1|Rotom-Wash|\n|poke|p1|Ferrothorn, F|\n|poke|p2|Blacephalon|\n|poke|p2|Weavile, M|\n|poke|p2|Landorus-Therian, M|\n|poke|p2|Ferrothorn, M|\n|poke|p2|Rotom-Wash|\n|poke|p2|Dragapult, M|\n|teampreview\n|\n|t:|1660701853\n|start\n|switch|p1a: Tornadus|Tornadus-Therian, M|100\/100\n|switch|p2a: Rotom|Rotom-Wash|100\/100\n|turn|1\n|\n|t:|1660701865\n|move|p1a: Tornadus|U-turn|p2a: Rotom\n|-damage|p2a: Rotom|90\/100\n|-damage|p1a: Tornadus|84\/100|[from] item: Rocky Helmet|[of] p2a: Rotom\n|\n|t:|1660701868\n|switch|p1a: Ferrothorn|Ferrothorn, F|100\/100|[from]move: U-turn\n|move|p2a: Rotom|Volt Switch|p1a: Ferrothorn\n|-resisted|p1a: Ferrothorn\n|-damage|p1a: Ferrothorn|90\/100\n|\n|t:|1660701882\n|switch|p2a: Dragapult|Dragapult, M|100\/100|[from]move: Volt Switch\n|\n|upkeep\n|turn|2\n|inactive|Battle timer is ON: inactive players will automatically lose when time's up. (requested by d18l)\n|\n|t:|1660701887\n|switch|p1a: Tornadus|Tornadus-Therian, M|100\/100\n|move|p2a: Dragapult|Flamethrower|p1a: Tornadus\n|-damage|p1a: Tornadus|69\/100\n|\n|upkeep\n|turn|3\n|\n|t:|1660701893\n|switch|p2a: Rotom|Rotom-Wash|90\/100\n|move|p1a: Tornadus|Knock Off|p2a: Rotom\n|-damage|p2a: Rotom|74\/100\n|-damage|p1a: Tornadus|53\/100|[from] item: Rocky Helmet|[of] p2a: Rotom\n|-enditem|p2a: Rotom|Rocky Helmet|[from] move: Knock Off|[of] p1a: Tornadus\n|\n|upkeep\n|turn|4\n|\n|t:|1660701901\n|move|p1a: Tornadus|U-turn|p2a: Rotom\n|-damage|p2a: Rotom|62\/100\n|\n|t:|1660701904\n|switch|p1a: Ferrothorn|Ferrothorn, F|90\/100|[from]move: U-turn\n|move|p2a: Rotom|Will-O-Wisp|p1a: Ferrothorn\n|-status|p1a: Ferrothorn|brn\n|\n|-damage|p1a: Ferrothorn|84\/100 brn|[from] brn\n|upkeep\n|turn|5\n|\n|t:|1660701910\n|move|p2a: Rotom|Pain Split|p1a: Ferrothorn\n|-sethp|p1a: Ferrothorn|69\/100 brn|[from] move: Pain Split|[silent]\n|-sethp|p2a: Rotom|80\/100|[from] move: Pain Split\n|move|p1a: Ferrothorn|Stealth Rock|p2a: Rotom\n|-sidestart|p2: LT93OQ #savetf2|move: Stealth Rock\n|\n|-damage|p1a: Ferrothorn|63\/100 brn|[from] brn\n|upkeep\n|turn|6\n|\n|t:|1660701917\n|move|p2a: Rotom|Volt Switch|p1a: Ferrothorn\n|-resisted|p1a: Ferrothorn\n|-damage|p1a: Ferrothorn|52\/100 brn\n|\n|t:|1660701919\n|switch|p2a: Ferrothorn|Ferrothorn, M|100\/100|[from]move: Volt Switch\n|-damage|p2a: Ferrothorn|95\/100|[from] Stealth Rock\n|move|p1a: Ferrothorn|Leech Seed|p2a: Ferrothorn\n|-immune|p2a: Ferrothorn\n|\n|-heal|p2a: Ferrothorn|100\/100|[from] item: Leftovers\n|-damage|p1a: Ferrothorn|46\/100 brn|[from] brn\n|upkeep\n|turn|7\n|\n|t:|1660701929\n|switch|p1a: Victini|Victini|100\/100\n|move|p2a: Ferrothorn|Stealth Rock|p1a: Victini\n|-sidestart|p1: d18l|move: Stealth Rock\n|\n|upkeep\n|turn|8\n|\n|t:|1660701933\n|switch|p2a: Rotom|Rotom-Wash|80\/100\n|-damage|p2a: Rotom|67\/100|[from] Stealth Rock\n|move|p1a: Victini|V-create|p2a: Rotom\n|-resisted|p2a: Rotom\n|-damage|p2a: Rotom|36\/100\n|-unboost|p1a: Victini|spe|1\n|-unboost|p1a: Victini|def|1\n|-unboost|p1a: Victini|spd|1\n|\n|upkeep\n|turn|9\n|\n|t:|1660701938\n|switch|p1a: Ferrothorn|Ferrothorn, F|46\/100 brn\n|-damage|p1a: Ferrothorn|40\/100 brn|[from] Stealth Rock\n|move|p2a: Rotom|Pain Split|p1a: Ferrothorn\n|-sethp|p1a: Ferrothorn|35\/100 brn|[from] move: Pain Split|[silent]\n|-sethp|p2a: Rotom|41\/100|[from] move: Pain Split\n|\n|-damage|p1a: Ferrothorn|29\/100 brn|[from] brn\n|upkeep\n|turn|10\n|\n|t:|1660701942\n|move|p2a: Rotom|Volt Switch|p1a: Ferrothorn\n|-resisted|p1a: Ferrothorn\n|-damage|p1a: Ferrothorn|18\/100 brn\n|\n|t:|1660701943\n|switch|p2a: Landorus|Landorus-Therian, M|100\/100|[from]move: Volt Switch\n|-damage|p2a: Landorus|88\/100|[from] Stealth Rock\n|-ability|p2a: Landorus|Intimidate|boost\n|-unboost|p1a: Ferrothorn|atk|1\n|move|p1a: Ferrothorn|Body Press|p2a: Landorus\n|-resisted|p2a: Landorus\n|-damage|p2a: Landorus|81\/100\n|\n|-heal|p2a: Landorus|87\/100|[from] item: Leftovers\n|-damage|p1a: Ferrothorn|12\/100 brn|[from] brn\n|upkeep\n|turn|11\n|j| Celtis\n|\n|t:|1660701951\n|switch|p1a: Rotom|Rotom-Wash|100\/100\n|-damage|p1a: Rotom|88\/100|[from] Stealth Rock\n|move|p2a: Landorus|Defog|p1a: Rotom\n|-unboost|p1a: Rotom|evasion|1\n|-sideend|p1: d18l|Stealth Rock|[from] move: Defog|[of] p2a: Landorus\n|-sideend|p2: LT93OQ #savetf2|Stealth Rock|[from] move: Defog|[of] p2a: Landorus\n|\n|-heal|p2a: Landorus|93\/100|[from] item: Leftovers\n|upkeep\n|turn|12\n|\n|t:|1660701955\n|move|p1a: Rotom|Volt Switch|p2a: Landorus\n|-immune|p2a: Landorus\n|move|p2a: Landorus|Toxic|p1a: Rotom\n|-status|p1a: Rotom|tox\n|\n|-heal|p2a: Landorus|99\/100|[from] item: Leftovers\n|-damage|p1a: Rotom|82\/100 tox|[from] psn\n|upkeep\n|turn|13\n|\n|t:|1660701960\n|switch|p2a: Ferrothorn|Ferrothorn, M|100\/100\n|move|p1a: Rotom|Toxic|p2a: Ferrothorn\n|-immune|p2a: Ferrothorn\n|\n|-damage|p1a: Rotom|70\/100 tox|[from] psn\n|upkeep\n|turn|14\n|\n|t:|1660701963\n|move|p1a: Rotom|Volt Switch|p2a: Ferrothorn\n|-resisted|p2a: Ferrothorn\n|-damage|p2a: Ferrothorn|91\/100\n|\n|t:|1660701966\n|switch|p1a: Victini|Victini|100\/100|[from]move: Volt Switch\n|move|p2a: Ferrothorn|Stealth Rock|p1a: Victini\n|-sidestart|p1: d18l|move: Stealth Rock\n|\n|-heal|p2a: Ferrothorn|97\/100|[from] item: Leftovers\n|upkeep\n|turn|15\n|\n|t:|1660701970\n|switch|p2a: Rotom|Rotom-Wash|41\/100\n|move|p1a: Victini|Bolt Strike|p2a: Rotom\n|-damage|p2a: Rotom|10\/100\n|\n|upkeep\n|turn|16\n|\n|t:|1660701979\n|switch|p2a: Dragapult|Dragapult, M|100\/100\n|move|p1a: Victini|V-create|p2a: Dragapult\n|-resisted|p2a: Dragapult\n|-damage|p2a: Dragapult|48\/100\n|-unboost|p1a: Victini|spe|1\n|-unboost|p1a: Victini|def|1\n|-unboost|p1a: Victini|spd|1\n|\n|upkeep\n|turn|17\n|\n|t:|1660701983\n|switch|p1a: Ferrothorn|Ferrothorn, F|12\/100 brn\n|-damage|p1a: Ferrothorn|6\/100 brn|[from] Stealth Rock\n|move|p2a: Dragapult|Shadow Ball|p1a: Ferrothorn\n|-damage|p1a: Ferrothorn|0 fnt\n|faint|p1a: Ferrothorn\n|\n|upkeep\n|\n|t:|1660701987\n|switch|p1a: Tornadus|Tornadus-Therian, M|86\/100\n|-damage|p1a: Tornadus|61\/100|[from] Stealth Rock\n|turn|18\n|\n|t:|1660701994\n|switch|p2a: Weavile|Weavile, M|100\/100\n|-ability|p2a: Weavile|Pressure\n|move|p1a: Tornadus|Knock Off|p2a: Weavile\n|-resisted|p2a: Weavile\n|-damage|p2a: Weavile|82\/100\n|-enditem|p2a: Weavile|Choice Band|[from] move: Knock Off|[of] p1a: Tornadus\n|\n|upkeep\n|turn|19\n|\n|t:|1660702004\n|switch|p1a: Rotom|Rotom-Wash|70\/100 tox\n|-damage|p1a: Rotom|58\/100 tox|[from] Stealth Rock\n|move|p2a: Weavile|Beat Up|p1a: Rotom\n|-damage|p1a: Rotom|50\/100 tox\n|-damage|p1a: Rotom|42\/100 tox\n|-damage|p1a: Rotom|35\/100 tox\n|-damage|p1a: Rotom|26\/100 tox\n|-damage|p1a: Rotom|18\/100 tox\n|-damage|p1a: Rotom|11\/100 tox\n|-hitcount|p1a: Rotom|6\n|\n|-damage|p1a: Rotom|5\/100 tox|[from] psn\n|upkeep\n|turn|20\n|\n|t:|1660702007\n|move|p2a: Weavile|Beat Up|p1a: Rotom\n|-damage|p1a: Rotom|0 fnt\n|faint|p1a: Rotom\n|-hitcount|p1: Rotom|1\n|\n|upkeep\n|\n|t:|1660702012\n|switch|p1a: Tapu Koko|Tapu Koko|100\/100\n|-damage|p1a: Tapu Koko|88\/100|[from] Stealth Rock\n|-fieldstart|move: Electric Terrain|[from] ability: Electric Surge|[of] p1a: Tapu Koko\n|turn|21\n|\n|t:|1660702016\n|switch|p2a: Landorus|Landorus-Therian, M|99\/100\n|-ability|p2a: Landorus|Intimidate|boost\n|-unboost|p1a: Tapu Koko|atk|1\n|move|p1a: Tapu Koko|Volt Switch|p2a: Landorus\n|-immune|p2a: Landorus\n|\n|-heal|p2a: Landorus|100\/100|[from] item: Leftovers\n|upkeep\n|turn|22\n|\n|t:|1660702019\n|switch|p1a: Landorus|Landorus-Therian, M|100\/100\n|-damage|p1a: Landorus|88\/100|[from] Stealth Rock\n|-ability|p1a: Landorus|Intimidate|boost\n|-unboost|p2a: Landorus|atk|1\n|move|p2a: Landorus|U-turn|p1a: Landorus\n|-resisted|p1a: Landorus\n|-damage|p1a: Landorus|81\/100\n|\n|t:|1660702021\n|switch|p2a: Weavile|Weavile, M|82\/100|[from]move: U-turn\n|-ability|p2a: Weavile|Pressure\n|\n|-heal|p1a: Landorus|87\/100|[from] item: Leftovers\n|upkeep\n|turn|23\n|-message|d18l forfeited.\n|\n|win|LT93OQ #savetf2\n|raw|d18l's rating: 1740 &rarr; <strong>1721<\/strong><br \/>(-19 for losing)\n|raw|LT93OQ #savetf2's rating: 1751 &rarr; <strong>1770<\/strong><br \/>(+19 for winning)\n","uploadtime":1660702027,"views":50,"p1id":"d18l","p2id":"lt93oqsavetf2","formatid":"gen8ou","rating":1721,"private":0,"password":null}