{"id":"gen8ou-1683637078","p1":"minimax_ai","p2":"iopkj09","format":"gen8ou","log":"|j|\u2606minimax_ai\n|j|\u2606iopkj09\n|t:|1665545343\n|gametype|singles\n|player|p1|minimax_ai|lusamine-nihilego|1530\n|player|p2|iopkj09|nate|1584\n|teamsize|p1|6\n|teamsize|p2|6\n|gen|8\n|tier|[Gen 8] OU\n|rated|\n|rule|Sleep Clause Mod: Limit one foe put to sleep\n|rule|Species Clause: Limit one of each Pok\u00e9mon\n|rule|OHKO Clause: OHKO moves are banned\n|rule|Evasion Items Clause: Evasion items are banned\n|rule|Evasion Moves Clause: Evasion moves are banned\n|rule|Endless Battle Clause: Forcing endless battles is banned\n|rule|HP Percentage Mod: HP is shown in percentages\n|rule|Dynamax Clause: You cannot dynamax\n|clearpoke\n|poke|p1|Rotom-Wash|\n|poke|p1|Weavile, M|\n|poke|p1|Landorus-Therian, M|\n|poke|p1|Heatran, M|\n|poke|p1|Tangrowth, F|\n|poke|p1|Melmetal|\n|poke|p2|Garchomp, M|\n|poke|p2|Zapdos|\n|poke|p2|Rillaboom, M|\n|poke|p2|Tapu Lele|\n|poke|p2|Volcanion|\n|poke|p2|Weavile, F|\n|teampreview\n|inactive|Battle timer is ON: inactive players will automatically lose when time's up. (requested by iopkj09)\n|c|\u2606minimax_ai|hf\n|inactive|minimax_ai also wants the timer to be on.\n|\n|t:|1665545353\n|start\n|switch|p1a: Melmetal|Melmetal|100\/100\n|switch|p2a: Weavile|Weavile, F|100\/100\n|-ability|p2a: Weavile|Pressure\n|turn|1\n|\n|t:|1665545370\n|switch|p2a: Volcanion|Volcanion|100\/100\n|move|p1a: Melmetal|Double Iron Bash|p2a: Volcanion\n|-resisted|p2a: Volcanion\n|-damage|p2a: Volcanion|94\/100\n|-resisted|p2a: Volcanion\n|-damage|p2a: Volcanion|87\/100\n|-hitcount|p2a: Volcanion|2\n|\n|upkeep\n|turn|2\n|\n|t:|1665545376\n|switch|p1a: rotomwash|Rotom-Wash|100\/100\n|move|p2a: Volcanion|Steam Eruption|p1a: rotomwash\n|-resisted|p1a: rotomwash\n|-damage|p1a: rotomwash|73\/100\n|\n|-heal|p1a: rotomwash|79\/100|[from] item: Leftovers\n|upkeep\n|turn|3\n|\n|t:|1665545391\n|switch|p2a: Garchomp|Garchomp, M, shiny|100\/100\n|move|p1a: rotomwash|Thunderbolt|p2a: Garchomp\n|-immune|p2a: Garchomp\n|\n|-heal|p1a: rotomwash|86\/100|[from] item: Leftovers\n|upkeep\n|turn|4\n|\n|t:|1665545396\n|switch|p2a: Weavile|Weavile, F|100\/100\n|-ability|p2a: Weavile|Pressure\n|switch|p1a: landorustherian|Landorus-Therian, M|100\/100\n|-ability|p1a: landorustherian|Intimidate|boost\n|-unboost|p2a: Weavile|atk|1\n|\n|upkeep\n|turn|5\n|\n|t:|1665545400\n|switch|p1a: Melmetal|Melmetal|100\/100\n|move|p2a: Weavile|Swords Dance|p2a: Weavile\n|-boost|p2a: Weavile|atk|2\n|\n|upkeep\n|turn|6\n|\n|t:|1665545412\n|move|p2a: Weavile|Knock Off|p1a: Melmetal\n|-crit|p1a: Melmetal\n|-damage|p1a: Melmetal|44\/100\n|-enditem|p1a: Melmetal|Assault Vest|[from] move: Knock Off|[of] p2a: Weavile\n|move|p1a: Melmetal|Double Iron Bash|p2a: Weavile\n|-supereffective|p2a: Weavile\n|-enditem|p2a: Weavile|Focus Sash\n|-damage|p2a: Weavile|1\/100\n|-supereffective|p2a: Weavile\n|-damage|p2a: Weavile|0 fnt\n|faint|p2a: Weavile\n|-hitcount|p2: Weavile|2\n|\n|upkeep\n|\n|t:|1665545419\n|switch|p2a: Tapu Lele|Tapu Lele|100\/100\n|-fieldstart|move: Psychic Terrain|[from] ability: Psychic Surge|[of] p2a: Tapu Lele\n|turn|7\n|\n|t:|1665545422\n|move|p2a: Tapu Lele|Moonblast|p1a: Melmetal\n|-resisted|p1a: Melmetal\n|-damage|p1a: Melmetal|13\/100\n|move|p1a: Melmetal|Double Iron Bash|p2a: Tapu Lele\n|-supereffective|p2a: Tapu Lele\n|-damage|p2a: Tapu Lele|0 fnt\n|faint|p2a: Tapu Lele\n|-hitcount|p2: Tapu Lele|1\n|\n|upkeep\n|\n|t:|1665545425\n|switch|p2a: Volcanion|Volcanion|87\/100\n|turn|8\n|\n|t:|1665545427\n|switch|p1a: rotomwash|Rotom-Wash|86\/100\n|move|p2a: Volcanion|Steam Eruption|p1a: rotomwash\n|-resisted|p1a: rotomwash\n|-damage|p1a: rotomwash|57\/100\n|-status|p1a: rotomwash|brn\n|\n|-heal|p1a: rotomwash|63\/100 brn|[from] item: Leftovers\n|-damage|p1a: rotomwash|57\/100 brn|[from] brn\n|upkeep\n|turn|9\n|\n|t:|1665545431\n|switch|p2a: Garchomp|Garchomp, M, shiny|100\/100\n|move|p1a: rotomwash|Thunderbolt|p2a: Garchomp\n|-immune|p2a: Garchomp\n|\n|-heal|p1a: rotomwash|63\/100 brn|[from] item: Leftovers\n|-damage|p1a: rotomwash|57\/100 brn|[from] brn\n|upkeep\n|turn|10\n|\n|t:|1665545435\n|switch|p2a: Zapdos|Zapdos, shiny|100\/100\n|switch|p1a: landorustherian|Landorus-Therian, M|100\/100\n|-ability|p1a: landorustherian|Intimidate|boost\n|-unboost|p2a: Zapdos|atk|1\n|\n|upkeep\n|turn|11\n|\n|t:|1665545437\n|move|p2a: Zapdos|Hurricane|p1a: landorustherian\n|-damage|p1a: landorustherian|56\/100\n|move|p1a: landorustherian|Toxic|p2a: Zapdos\n|-status|p2a: Zapdos|tox\n|\n|-heal|p1a: landorustherian|62\/100|[from] item: Leftovers\n|-damage|p2a: Zapdos|94\/100 tox|[from] psn\n|-fieldend|move: Psychic Terrain\n|upkeep\n|turn|12\n|\n|t:|1665545440\n|move|p2a: Zapdos|Hurricane|p1a: landorustherian|[miss]\n|-miss|p2a: Zapdos|p1a: landorustherian\n|move|p1a: landorustherian|Earthquake|p2a: Zapdos\n|-immune|p2a: Zapdos\n|\n|-heal|p1a: landorustherian|68\/100|[from] item: Leftovers\n|-damage|p2a: Zapdos|82\/100 tox|[from] psn\n|upkeep\n|turn|13\n|\n|t:|1665545441\n|move|p2a: Zapdos|Hurricane|p1a: landorustherian\n|-damage|p1a: landorustherian|25\/100\n|move|p1a: landorustherian|Toxic|p2a: Zapdos|[miss]\n|-miss|p1a: landorustherian|p2a: Zapdos\n|\n|-heal|p1a: landorustherian|31\/100|[from] item: Leftovers\n|-damage|p2a: Zapdos|63\/100 tox|[from] psn\n|upkeep\n|turn|14\n|\n|t:|1665545443\n|move|p2a: Zapdos|Hurricane|p1a: landorustherian\n|-damage|p1a: landorustherian|0 fnt\n|faint|p1a: landorustherian\n|\n|-damage|p2a: Zapdos|38\/100 tox|[from] psn\n|upkeep\n|\n|t:|1665545444\n|switch|p1a: Weavile|Weavile, M|100\/100\n|-ability|p1a: Weavile|Pressure\n|turn|15\n|\n|t:|1665545446\n|move|p1a: Weavile|Knock Off|p2a: Zapdos\n|-damage|p2a: Zapdos|0 fnt\n|-status|p1a: Weavile|par|[from] ability: Static|[of] p2a: Zapdos\n|-enditem|p2a: Zapdos|Wide Lens|[from] move: Knock Off|[of] p1a: Weavile\n|faint|p2a: Zapdos\n|\n|upkeep\n|\n|t:|1665545448\n|switch|p2a: Volcanion|Volcanion|87\/100\n|turn|16\n|\n|t:|1665545449\n|switch|p1a: rotomwash|Rotom-Wash|57\/100 brn\n|move|p2a: Volcanion|Flamethrower|p1a: rotomwash\n|-resisted|p1a: rotomwash\n|-damage|p1a: rotomwash|36\/100 brn\n|\n|-heal|p1a: rotomwash|42\/100 brn|[from] item: Leftovers\n|-damage|p1a: rotomwash|36\/100 brn|[from] brn\n|upkeep\n|turn|17\n|\n|t:|1665545454\n|move|p1a: rotomwash|Pain Split|p2a: Volcanion\n|-sethp|p2a: Volcanion|58\/100|[from] move: Pain Split|[silent]\n|-sethp|p1a: rotomwash|70\/100 brn|[from] move: Pain Split\n|move|p2a: Volcanion|Sludge Wave|p1a: rotomwash\n|-damage|p1a: rotomwash|36\/100 brn\n|\n|-heal|p1a: rotomwash|43\/100 brn|[from] item: Leftovers\n|-damage|p1a: rotomwash|36\/100 brn|[from] brn\n|upkeep\n|turn|18\n|\n|t:|1665545456\n|move|p1a: rotomwash|Pain Split|p2a: Volcanion\n|-sethp|p2a: Volcanion|44\/100|[from] move: Pain Split|[silent]\n|-sethp|p1a: rotomwash|53\/100 brn|[from] move: Pain Split\n|move|p2a: Volcanion|Steam Eruption|p1a: rotomwash\n|-resisted|p1a: rotomwash\n|-damage|p1a: rotomwash|25\/100 brn\n|\n|-heal|p1a: rotomwash|31\/100 brn|[from] item: Leftovers\n|-damage|p1a: rotomwash|25\/100 brn|[from] brn\n|upkeep\n|turn|19\n|\n|t:|1665545459\n|move|p1a: rotomwash|Pain Split|p2a: Volcanion\n|-sethp|p2a: Volcanion|33\/100|[from] move: Pain Split|[silent]\n|-sethp|p1a: rotomwash|39\/100 brn|[from] move: Pain Split\n|move|p2a: Volcanion|Steam Eruption|p1a: rotomwash\n|-resisted|p1a: rotomwash\n|-damage|p1a: rotomwash|13\/100 brn\n|\n|-heal|p1a: rotomwash|19\/100 brn|[from] item: Leftovers\n|-damage|p1a: rotomwash|13\/100 brn|[from] brn\n|upkeep\n|turn|20\n|\n|t:|1665545461\n|move|p1a: rotomwash|Pain Split|p2a: Volcanion\n|-sethp|p2a: Volcanion|22\/100|[from] move: Pain Split|[silent]\n|-sethp|p1a: rotomwash|26\/100 brn|[from] move: Pain Split\n|move|p2a: Volcanion|Steam Eruption|p1a: rotomwash\n|-resisted|p1a: rotomwash\n|-damage|p1a: rotomwash|0 fnt\n|faint|p1a: rotomwash\n|\n|upkeep\n|\n|t:|1665545461\n|switch|p1a: Heatran|Heatran, M|100\/100\n|-item|p1a: Heatran|Air Balloon\n|turn|21\n|\n|t:|1665545463\n|move|p1a: Heatran|Earth Power|p2a: Volcanion\n|-supereffective|p2a: Volcanion\n|-damage|p2a: Volcanion|0 fnt\n|faint|p2a: Volcanion\n|\n|upkeep\n|\n|t:|1665545466\n|switch|p2a: Garchomp|Garchomp, M, shiny|100\/100\n|turn|22\n|\n|t:|1665545467\n|move|p2a: Garchomp|Iron Head|p1a: Heatran\n|-resisted|p1a: Heatran\n|-damage|p1a: Heatran|93\/100\n|-enditem|p1a: Heatran|Air Balloon\n|move|p1a: Heatran|Magma Storm|p2a: Garchomp\n|-resisted|p2a: Garchomp\n|-crit|p2a: Garchomp\n|-damage|p2a: Garchomp|53\/100\n|-activate|p2a: Garchomp|move: Magma Storm|[of] p1a: Heatran\n|\n|-damage|p2a: Garchomp|41\/100|[from] move: Magma Storm|[partiallytrapped]\n|upkeep\n|turn|23\n|\n|t:|1665545471\n|move|p2a: Garchomp|Iron Head|p1a: Heatran\n|-resisted|p1a: Heatran\n|-damage|p1a: Heatran|86\/100\n|move|p1a: Heatran|Magma Storm|p2a: Garchomp\n|-resisted|p2a: Garchomp\n|-damage|p2a: Garchomp|8\/100\n|\n|-damage|p2a: Garchomp|0 fnt|[from] move: Magma Storm|[partiallytrapped]\n|faint|p2a: Garchomp\n|upkeep\n|\n|t:|1665545472\n|switch|p2a: Rillaboom|Rillaboom, M|100\/100\n|-fieldstart|move: Grassy Terrain|[from] ability: Grassy Surge|[of] p2a: Rillaboom\n|turn|24\n|\n|t:|1665545474\n|switch|p1a: Tangrowth|Tangrowth, F|100\/100\n|move|p2a: Rillaboom|High Horsepower|p1a: Tangrowth\n|-resisted|p1a: Tangrowth\n|-crit|p1a: Tangrowth\n|-damage|p1a: Tangrowth|82\/100\n|-damage|p2a: Rillaboom|84\/100|[from] item: Rocky Helmet|[of] p1a: Tangrowth\n|-damage|p2a: Rillaboom|74\/100|[from] item: Life Orb\n|\n|-heal|p2a: Rillaboom|80\/100|[from] Grassy Terrain\n|-heal|p1a: Tangrowth|89\/100|[from] Grassy Terrain\n|upkeep\n|turn|25\n|\n|t:|1665545476\n|move|p2a: Rillaboom|Swords Dance|p2a: Rillaboom\n|-boost|p2a: Rillaboom|atk|2\n|move|p1a: Tangrowth|Giga Drain|p2a: Rillaboom\n|-resisted|p2a: Rillaboom\n|-damage|p2a: Rillaboom|55\/100\n|-heal|p1a: Tangrowth|99\/100|[from] drain|[of] p2a: Rillaboom\n|\n|-heal|p2a: Rillaboom|62\/100|[from] Grassy Terrain\n|-heal|p1a: Tangrowth|100\/100|[from] Grassy Terrain\n|upkeep\n|turn|26\n|\n|t:|1665545477\n|move|p2a: Rillaboom|Swords Dance|p2a: Rillaboom\n|-boost|p2a: Rillaboom|atk|2\n|move|p1a: Tangrowth|Knock Off|p2a: Rillaboom\n|-damage|p2a: Rillaboom|36\/100\n|-enditem|p2a: Rillaboom|Life Orb|[from] move: Knock Off|[of] p1a: Tangrowth\n|\n|-heal|p2a: Rillaboom|43\/100|[from] Grassy Terrain\n|upkeep\n|turn|27\n|\n|t:|1665545479\n|move|p2a: Rillaboom|Superpower|p1a: Tangrowth\n|-damage|p1a: Tangrowth|32\/100\n|-unboost|p2a: Rillaboom|atk|1\n|-unboost|p2a: Rillaboom|def|1\n|-damage|p2a: Rillaboom|26\/100|[from] item: Rocky Helmet|[of] p1a: Tangrowth\n|move|p1a: Tangrowth|Focus Blast|p2a: Rillaboom\n|-damage|p2a: Rillaboom|0 fnt\n|faint|p2a: Rillaboom\n|\n|win|minimax_ai\n|raw|minimax_ai's rating: 1530 &rarr; <strong>1553<\/strong><br \/>(+23 for winning)\n|raw|iopkj09's rating: 1584 &rarr; <strong>1561<\/strong><br \/>(-23 for losing)\n|c|\u2606minimax_ai|gg\n","uploadtime":1665545480,"views":9,"p1id":"minimaxai","p2id":"iopkj09","formatid":"gen8ou","rating":1553,"private":0,"password":null}