{"id":"gen8ou-1244851892","p1":"user1_ou","p2":"corumba","format":"gen8ou","log":"|j|\u2606user1_ou\n|j|\u2606corumba\n|t:|1608140484\n|player|p1|user1_ou|eusine|1813\n|player|p2|corumba|schoolkid-gen4|1835\n|teamsize|p1|6\n|teamsize|p2|6\n|gametype|singles\n|gen|8\n|tier|[Gen 8] OU\n|rated|\n|clearpoke\n|poke|p1|Nidoking, M|\n|poke|p1|Clefable, M|\n|poke|p1|Pheromosa|\n|poke|p1|Latios, M|\n|poke|p1|Ferrothorn, M|\n|poke|p1|Landorus-Therian, M|\n|poke|p2|Hydreigon, F|\n|poke|p2|Landorus-Therian, M|\n|poke|p2|Tapu Fini|\n|poke|p2|Urshifu-*, M|\n|poke|p2|Thundurus, M|\n|poke|p2|Magearna|\n|rule|Sleep Clause Mod: Limit one foe put to sleep\n|rule|Species Clause: Limit one of each Pok\u00e9mon\n|rule|OHKO Clause: OHKO moves are banned\n|rule|Evasion Moves Clause: Evasion moves are banned\n|rule|Endless Battle Clause: Forcing endless battles is banned\n|rule|HP Percentage Mod: HP is shown in percentages\n|rule|Dynamax Clause: You cannot dynamax\n|teampreview\n|inactive|Battle timer is ON: inactive players will automatically lose when time's up. (requested by user1_ou)\n|j| Yoda Spin\n|\n|t:|1608140505\n|start\n|switch|p1a: Nidoking|Nidoking, M|100\/100\n|switch|p2a: Magearna|Magearna|100\/100\n|turn|1\n|\n|t:|1608140510\n|switch|p2a: Landorus|Landorus-Therian, M|100\/100\n|-ability|p2a: Landorus|Intimidate|boost\n|-unboost|p1a: Nidoking|atk|1\n|move|p1a: Nidoking|Ice Beam|p2a: Landorus\n|-supereffective|p2a: Landorus\n|-crit|p2a: Landorus\n|-damage|p2a: Landorus|0 fnt\n|faint|p2a: Landorus\n|\n|upkeep\n|j| Accountstolenagain\n|\n|t:|1608140521\n|switch|p2a: Urshifu|Urshifu, M|100\/100\n|turn|2\n|c| Yoda Spin|wow\n|\n|t:|1608140529\n|switch|p2a: Magearna|Magearna|100\/100\n|move|p1a: Nidoking|Earth Power|p2a: Magearna\n|-supereffective|p2a: Magearna\n|-damage|p2a: Magearna|0 fnt\n|faint|p2a: Magearna\n|\n|upkeep\n|c| Yoda Spin|how\n|\n|t:|1608140539\n|switch|p2a: Thundurus|Thundurus, M|100\/100\n|turn|3\n|\n|t:|1608140543\n|switch|p2a: Tapu Fini|Tapu Fini|100\/100\n|-fieldstart|move: Misty Terrain|[from] ability: Misty Surge|[of] p2a: Tapu Fini\n|move|p1a: Nidoking|Ice Beam|p2a: Tapu Fini\n|-resisted|p2a: Tapu Fini\n|-damage|p2a: Tapu Fini|80\/100\n|\n|upkeep\n|turn|4\n|c|\u2606corumba|lame\n|j| Spaciousbeak\n|c|\u2606corumba|should have sludged\n|\n|t:|1608140556\n|move|p2a: Tapu Fini|Trick|p1a: Nidoking\n|-activate|p2a: Tapu Fini|move: Trick|[of] p1a: Nidoking\n|-item|p1a: Nidoking|Choice Scarf|[from] move: Trick\n|-item|p2a: Tapu Fini|Life Orb|[from] move: Trick\n|move|p1a: Nidoking|Sludge Wave|p2a: Tapu Fini\n|-supereffective|p2a: Tapu Fini\n|-damage|p2a: Tapu Fini|0 fnt\n|faint|p2a: Tapu Fini\n|\n|upkeep\n|j| Celtis\n|j| AdamPi\n|\n|t:|1608140563\n|switch|p2a: Thundurus|Thundurus, M|100\/100\n|turn|5\n|j| zoltdrac\n|\n|t:|1608140566\n|move|p1a: Nidoking|Sludge Wave|p2a: Thundurus\n|-damage|p2a: Thundurus|31\/100\n|move|p2a: Thundurus|Psychic|p1a: Nidoking\n|-supereffective|p1a: Nidoking\n|-damage|p1a: Nidoking|20\/100\n|\n|upkeep\n|turn|6\n|\n|t:|1608140572\n|move|p1a: Nidoking|Sludge Wave|p2a: Thundurus\n|-damage|p2a: Thundurus|0 fnt\n|faint|p2a: Thundurus\n|\n|upkeep\n|c| Yoda Spin|gg\n|\n|t:|1608140575\n|switch|p2a: Hydreigon|Hydreigon, F|100\/100\n|turn|7\n|\n|t:|1608140578\n|move|p1a: Nidoking|Sludge Wave|p2a: Hydreigon\n|-damage|p2a: Hydreigon|40\/100\n|move|p2a: Hydreigon|Nasty Plot|p2a: Hydreigon\n|-boost|p2a: Hydreigon|spa|2\n|\n|-fieldend|Misty Terrain\n|upkeep\n|turn|8\n|\n|t:|1608140585\n|move|p1a: Nidoking|Sludge Wave|p2a: Hydreigon\n|-damage|p2a: Hydreigon|0 fnt\n|faint|p2a: Hydreigon\n|\n|upkeep\n|\n|t:|1608140588\n|switch|p2a: Urshifu|Urshifu, M|100\/100\n|turn|9\n|\n|t:|1608140591\n|switch|p1a: Clefable|Clefable, M|100\/100\n|move|p2a: Urshifu|Bulk Up|p2a: Urshifu\n|-boost|p2a: Urshifu|atk|1\n|-boost|p2a: Urshifu|def|1\n|\n|upkeep\n|turn|10\n|c| Accountstolenagain|1 mon left.\n|c|\u2606corumba|lame\n|c|\u2606corumba|why did you switch\n|\n|t:|1608140603\n|move|p2a: Urshifu|Substitute|p2a: Urshifu\n|-start|p2a: Urshifu|Substitute\n|-damage|p2a: Urshifu|76\/100\n|move|p1a: Clefable|Moonblast|p2a: Urshifu\n|-supereffective|p2a: Urshifu\n|-end|p2a: Urshifu|Substitute\n|\n|upkeep\n|turn|11\n|c| Yoda Spin|to 6-0 u\n|\n|t:|1608140607\n|move|p2a: Urshifu|Substitute|p2a: Urshifu\n|-start|p2a: Urshifu|Substitute\n|-damage|p2a: Urshifu|51\/100\n|move|p1a: Clefable|Moonblast|p2a: Urshifu\n|-supereffective|p2a: Urshifu\n|-end|p2a: Urshifu|Substitute\n|\n|upkeep\n|turn|12\n|\n|t:|1608140612\n|move|p2a: Urshifu|Substitute|p2a: Urshifu\n|-start|p2a: Urshifu|Substitute\n|-damage|p2a: Urshifu|26\/100\n|move|p1a: Clefable|Moonblast|p2a: Urshifu\n|-supereffective|p2a: Urshifu\n|-end|p2a: Urshifu|Substitute\n|\n|upkeep\n|turn|13\n|\n|t:|1608140616\n|move|p2a: Urshifu|Substitute|p2a: Urshifu\n|-start|p2a: Urshifu|Substitute\n|-damage|p2a: Urshifu|1\/100\n|-enditem|p2a: Urshifu|Salac Berry|[eat]\n|-boost|p2a: Urshifu|spe|1|[from] item: Salac Berry\n|move|p1a: Clefable|Moonblast|p2a: Urshifu\n|-supereffective|p2a: Urshifu\n|-end|p2a: Urshifu|Substitute\n|\n|upkeep\n|turn|14\n|c| Accountstolenagain|Aw I wanted to see Nidoking solo\n|\n|t:|1608140623\n|move|p2a: Urshifu|Wicked Blow|p1a: Clefable\n|-resisted|p1a: Clefable\n|-crit|p1a: Clefable\n|-damage|p1a: Clefable|64\/100\n|move|p1a: Clefable|Moonblast|p2a: Urshifu\n|-supereffective|p2a: Urshifu\n|-damage|p2a: Urshifu|0 fnt\n|faint|p2a: Urshifu\n|\n|win|user1_ou\n|l|\u2606corumba\n|c| Yoda Spin|yay 6-0\n|l| Yoda Spin\n|l| Accountstolenagain\n|l| Spaciousbeak\n|player|p1|user1_ou|eusine\n||Ladder (probably) updated, but score could not be retrieved (Request timeout).\n|l| Celtis\n","uploadtime":1608140768,"views":38,"p1id":"user1ou","p2id":"corumba","formatid":"gen8ou","rating":0,"private":0,"password":null}