{"id":"gen8randombattle-1628512836","p1":"Elite 4 Static","p2":"Chaud74","format":"gen8randombattle","log":"|j|\u2606Elite 4 Static\n|j|\u2606Chaud74\n|t:|1659188510\n|gametype|singles\n|player|p1|Elite 4 Static|rocketgrunt|1928\n|player|p2|Chaud74|169|1937\n|teamsize|p1|6\n|teamsize|p2|6\n|gen|8\n|tier|[Gen 8] Random Battle\n|rated|\n|rule|Species Clause: Limit one of each Pok\u00e9mon\n|rule|HP Percentage Mod: HP is shown in percentages\n|rule|Sleep Clause Mod: Limit one foe put to sleep\n|\n|t:|1659188510\n|start\n|switch|p1a: Tentacruel|Tentacruel, L84, F|272\/272\n|switch|p2a: Weezing|Weezing, L86, F|252\/252\n|turn|1\n|inactive|Battle timer is ON: inactive players will automatically lose when time's up. (requested by Elite 4 Static)\n|\n|t:|1659188538\n|switch|p2a: Incineroar|Incineroar, L80, M|283\/283\n|-ability|p2a: Incineroar|Intimidate|boost\n|-fail|p1a: Tentacruel|unboost|[from] ability: Clear Body|[of] p1a: Tentacruel\n|move|p1a: Tentacruel|Scald|p2a: Incineroar\n|-supereffective|p2a: Incineroar\n|-damage|p2a: Incineroar|139\/283\n|\n|upkeep\n|turn|2\n|\n|t:|1659188550\n|move|p1a: Tentacruel|Scald|p2a: Incineroar\n|-supereffective|p2a: Incineroar\n|-damage|p2a: Incineroar|0 fnt\n|faint|p2a: Incineroar\n|\n|upkeep\n|-message|Chaud74 forfeited.\n|\n|win|Elite 4 Static\n|raw|Elite 4 Static's rating: 1928 &rarr; <strong>1949<\/strong><br \/>(+21 for winning)\n|raw|Chaud74's rating: 1937 &rarr; <strong>1916<\/strong><br \/>(-21 for losing)\n|l|\u2606Chaud74\n||Ladder isn't responding, score probably updated but might not have (Request timeout).\n","inputlog":">version 8479159b9079c8937f5a40fafc3b00b4236cb5da\n>start {\"formatid\":\"gen8randombattle\",\"seed\":[65507,842,29427,54127],\"rated\":\"Rated battle\"}\n>player p1 {\"name\":\"Elite 4 Static\",\"avatar\":\"rocketgrunt\",\"rating\":1928,\"seed\":[14391,41076,29982,30018]}\n>player p2 {\"name\":\"Chaud74\",\"avatar\":\"169\",\"rating\":1937,\"seed\":[54834,54019,55398,3939]}\n>p1 move scald\n>p2 switch 5\n>p1 move scald\n>p2 move knockoff\n>forcelose p2","uploadtime":1659188576,"views":9,"p1id":"elite4static","p2id":"chaud74","formatid":"gen8randombattle","rating":1916,"private":0,"password":null}