{"id":"gen8ou-1320600813","p1":"ArcanineSquad","p2":"PULPITO REVERSIBLE","format":"gen8ou","log":"|html|<div class=\"broadcast-blue\"><strong>[Gen 8] OU is currently suspecting Zamazenta-Crowned! For information on how to participate check out the <a href=\"https:\/\/www.smogon.com\/forums\/threads\/np-ss-ou-suspect-process-round-10-royals.3681787\/\">suspect thread<\/a>.<\/strong><\/div>\n|j|\u2606ArcanineSquad\n|j|\u2606PULPITO REVERSIBLE\n|t:|1618308950\n|gametype|singles\n|player|p1|ArcanineSquad|cynthia-gen4|1670\n|player|p2|PULPITO REVERSIBLE|boarder-gen2|1657\n|teamsize|p1|6\n|teamsize|p2|6\n|gen|8\n|tier|[Gen 8] OU\n|rated|\n|clearpoke\n|poke|p1|Zamazenta-Crowned|\n|poke|p1|Hippowdon, F|\n|poke|p1|Blissey, F|\n|poke|p1|Dragapult, F|\n|poke|p1|Slowking, F|\n|poke|p1|Zapdos|\n|poke|p2|Zamazenta-Crowned|\n|poke|p2|Slowbro, M|\n|poke|p2|Blissey, F|\n|poke|p2|Nidoking, M|\n|poke|p2|Ferrothorn, M|\n|poke|p2|Skarmory, M|\n|rule|Sleep Clause Mod: Limit one foe put to sleep\n|rule|Species Clause: Limit one of each Pok\u00e9mon\n|rule|OHKO Clause: OHKO moves are banned\n|rule|Evasion Moves Clause: Evasion moves are banned\n|rule|Endless Battle Clause: Forcing endless battles is banned\n|rule|HP Percentage Mod: HP is shown in percentages\n|rule|Dynamax Clause: You cannot dynamax\n|teampreview\n|inactive|Battle timer is ON: inactive players will automatically lose when time's up. (requested by ArcanineSquad)\n|\n|t:|1618308989\n|start\n|switch|p1a: Dragapult|Dragapult, F|100\/100\n|switch|p2a: Slowheat|Slowbro, M|100\/100\n|turn|1\n|\n|t:|1618308998\n|switch|p2a: Ferroheat|Ferrothorn, M|100\/100\n|move|p1a: Dragapult|U-turn|p2a: Ferroheat\n|-damage|p2a: Ferroheat|87\/100\n|-damage|p1a: Dragapult|88\/100|[from] ability: Iron Barbs|[of] p2a: Ferroheat\n|\n|t:|1618309006\n|switch|p1a: Zamazenta|Zamazenta-Crowned|100\/100|[from]move: U-turn\n|-ability|p1a: Zamazenta|Dauntless Shield|boost\n|-boost|p1a: Zamazenta|def|1\n|\n|upkeep\n|turn|2\n|\n|t:|1618309011\n|switch|p1a: Zapdos|Zapdos|100\/100\n|switch|p2a: Slowheat|Slowbro, M|100\/100\n|\n|upkeep\n|turn|3\n|\n|t:|1618309024\n|switch|p1a: Slowking|Slowking, F|100\/100\n|move|p2a: Slowheat|Future Sight|p1a: Slowking\n|-start|p2a: Slowheat|move: Future Sight\n|\n|upkeep\n|turn|4\n|\n|t:|1618309028\n|switch|p2a: Ferroheat|Ferrothorn, M|87\/100\n|move|p1a: Slowking|Future Sight|p2a: Ferroheat\n|-start|p1a: Slowking|move: Future Sight\n|\n|upkeep\n|turn|5\n|\n|t:|1618309035\n|move|p1a: Slowking|Scald|p2a: Ferroheat\n|-resisted|p2a: Ferroheat\n|-damage|p2a: Ferroheat|75\/100\n|move|p2a: Ferroheat|Knock Off|p1a: Slowking\n|-supereffective|p1a: Slowking\n|-damage|p1a: Slowking|7\/100\n|-enditem|p1a: Slowking|Heavy-Duty Boots|[from] move: Knock Off|[of] p2a: Ferroheat\n|\n|-end|p1a: Slowking|move: Future Sight\n|-resisted|p1a: Slowking\n|-damage|p1a: Slowking|0 fnt\n|upkeep\n|faint|p1a: Slowking\n|\n|t:|1618309046\n|switch|p1a: Zapdos|Zapdos|100\/100\n|turn|6\n|\n|t:|1618309048\n|switch|p2a: Blissey no es heat|Blissey, F|100\/100\n|move|p1a: Zapdos|Discharge|p2a: Blissey no es heat\n|-damage|p2a: Blissey no es heat|88\/100\n|\n|-end|p2a: Blissey no es heat|move: Future Sight\n|-damage|p2a: Blissey no es heat|73\/100\n|upkeep\n|turn|7\n|\n|t:|1618309058\n|switch|p1a: Hippowdon|Hippowdon, F|100\/100\n|-weather|Sandstorm|[from] ability: Sand Stream|[of] p1a: Hippowdon\n|move|p2a: Blissey no es heat|Wish|p2a: Blissey no es heat\n|\n|-weather|Sandstorm|[upkeep]\n|-damage|p2a: Blissey no es heat|67\/100|[from] Sandstorm\n|upkeep\n|turn|8\n|\n|t:|1618309065\n|move|p2a: Blissey no es heat|Toxic|p1a: Hippowdon\n|-status|p1a: Hippowdon|tox\n|move|p1a: Hippowdon|Stealth Rock|p2a: Blissey no es heat\n|-sidestart|p2: PULPITO REVERSIBLE|move: Stealth Rock\n|\n|-weather|Sandstorm|[upkeep]\n|-damage|p2a: Blissey no es heat|61\/100|[from] Sandstorm\n|-heal|p2a: Blissey no es heat|100\/100|[from] move: Wish|[wisher] Blissey no es heat\n|-damage|p1a: Hippowdon|94\/100 tox|[from] psn\n|upkeep\n|turn|9\n|\n|t:|1618309072\n|switch|p1a: Zamazenta|Zamazenta-Crowned|100\/100\n|-ability|p1a: Zamazenta|Dauntless Shield|boost\n|-boost|p1a: Zamazenta|def|1\n|move|p2a: Blissey no es heat|Seismic Toss|p1a: Zamazenta\n|-damage|p1a: Zamazenta|70\/100\n|\n|-weather|Sandstorm|[upkeep]\n|-damage|p2a: Blissey no es heat|94\/100|[from] Sandstorm\n|upkeep\n|turn|10\n|-message|ArcanineSquad forfeited.\n|\n|win|PULPITO REVERSIBLE\n|raw|ArcanineSquad's rating: 1670 &rarr; <strong>1649<\/strong><br \/>(-21 for losing)\n|raw|PULPITO REVERSIBLE's rating: 1657 &rarr; <strong>1678<\/strong><br \/>(+21 for winning)\n|l|\u2606ArcanineSquad\n","uploadtime":1618309083,"views":18,"p1id":"arcaninesquad","p2id":"pulpitoreversible","formatid":"gen8ou","rating":1649,"private":0,"password":null}