{"id":"gen8ou-1374827616","p1":"laqwa malti ttt","p2":"LT82ZW Vaw","format":"gen8ou","log":"|raw|<div class=\"broadcast-blue\"><strong>This battle is required to be public due to a player having a name starting with 'lt82zw'.<\/div>\n|j|\u203dlaqwa malti ttt\n|j|\u2606LT82ZW Vaw\n|t:|1626014686\n|gametype|singles\n|player|p1|laqwa malti ttt|266|1584\n|player|p2|LT82ZW Vaw|266|1504\n|teamsize|p1|6\n|teamsize|p2|6\n|gen|8\n|tier|[Gen 8] OU\n|rated|\n|rule|Sleep Clause Mod: Limit one foe put to sleep\n|rule|Species Clause: Limit one of each Pok\u00e9mon\n|rule|OHKO Clause: OHKO moves are banned\n|rule|Evasion Moves Clause: Evasion moves are banned\n|rule|Endless Battle Clause: Forcing endless battles is banned\n|rule|HP Percentage Mod: HP is shown in percentages\n|rule|Dynamax Clause: You cannot dynamax\n|clearpoke\n|poke|p1|Blissey, F|\n|poke|p1|Corviknight, F|\n|poke|p1|Toxapex, F|\n|poke|p1|Clefable, M|\n|poke|p1|Hippowdon, M|\n|poke|p1|Melmetal|\n|poke|p2|Bisharp, M|\n|poke|p2|Cloyster, M|\n|poke|p2|Garchomp, F|\n|poke|p2|Hawlucha, F|\n|poke|p2|Skarmory, F|\n|poke|p2|Volcarona, F|\n|teampreview\n|inactive|Battle timer is ON: inactive players will automatically lose when time's up. (requested by laqwa malti ttt)\n|j| quaze\n|j| XDlildude\n|\n|t:|1626014709\n|start\n|switch|p1a: Hippowdon|Hippowdon, M|100\/100\n|switch|p2a: Skarmory|Skarmory, F|100\/100\n|turn|1\n|\n|t:|1626014716\n|switch|p1a: Corviknight|Corviknight, F|100\/100\n|-ability|p1a: Corviknight|Pressure\n|move|p2a: Skarmory|Taunt|p1a: Corviknight\n|-start|p1a: Corviknight|move: Taunt\n|\n|upkeep\n|turn|2\n|\n|t:|1626014744\n|switch|p1a: Toxapex|Toxapex, F|100\/100\n|move|p2a: Skarmory|Stealth Rock|p1a: Toxapex\n|-sidestart|p1: laqwa malti ttt|move: Stealth Rock\n|\n|upkeep\n|turn|3\n|\n|t:|1626014750\n|move|p2a: Skarmory|Taunt|p1a: Toxapex\n|-start|p1a: Toxapex|move: Taunt\n|move|p1a: Toxapex|Knock Off|p2a: Skarmory\n|-damage|p2a: Skarmory|86\/100\n|-enditem|p2a: Skarmory|Custap Berry|[from] move: Knock Off|[of] p1a: Toxapex\n|\n|upkeep\n|turn|4\n|c| XDlildude|2 people are spectating\n|\n|t:|1626014761\n|switch|p1a: Melmetal|Melmetal|100\/100\n|-damage|p1a: Melmetal|94\/100|[from] Stealth Rock\n|move|p2a: Skarmory|Spikes|p1a: Melmetal\n|-sidestart|p1: laqwa malti ttt|Spikes\n|\n|-heal|p1a: Melmetal|100\/100|[from] item: Leftovers\n|upkeep\n|turn|5\n|\n|t:|1626014770\n|move|p2a: Skarmory|Spikes|p1a: Melmetal\n|-sidestart|p1: laqwa malti ttt|Spikes\n|move|p1a: Melmetal|Thunder Punch|p2a: Skarmory\n|-supereffective|p2a: Skarmory\n|-damage|p2a: Skarmory|18\/100\n|\n|upkeep\n|turn|6\n|\n|t:|1626014785\n|move|p2a: Skarmory|Spikes|p1a: Melmetal\n|-sidestart|p1: laqwa malti ttt|Spikes\n|move|p1a: Melmetal|Thunder Punch|p2a: Skarmory\n|-supereffective|p2a: Skarmory\n|-damage|p2a: Skarmory|0 fnt\n|faint|p2a: Skarmory\n|\n|upkeep\n|\n|t:|1626014791\n|switch|p2a: Volcarona|Volcarona, F|100\/100\n|turn|7\n|\n|t:|1626014815\n|switch|p1a: Blissey|Blissey, F|100\/100\n|-damage|p1a: Blissey|88\/100|[from] Stealth Rock\n|-damage|p1a: Blissey|63\/100|[from] Spikes\n|move|p2a: Volcarona|Fire Blast|p1a: Blissey\n|-damage|p1a: Blissey|41\/100\n|\n|-heal|p1a: Blissey|47\/100|[from] item: Leftovers\n|upkeep\n|turn|8\n|\n|t:|1626014832\n|switch|p2a: Bisharp|Bisharp, M|100\/100\n|move|p1a: Blissey|Soft-Boiled|p1a: Blissey\n|-heal|p1a: Blissey|97\/100\n|\n|-heal|p1a: Blissey|100\/100|[from] item: Leftovers\n|upkeep\n|turn|9\n|inactive|laqwa malti ttt has 120 seconds left.\n|l| XDlildude\n|\n|t:|1626014876\n|switch|p1a: Hippowdon|Hippowdon, M|100\/100\n|-damage|p1a: Hippowdon|94\/100|[from] Stealth Rock\n|-damage|p1a: Hippowdon|69\/100|[from] Spikes\n|move|p2a: Bisharp|Swords Dance|p2a: Bisharp\n|-boost|p2a: Bisharp|atk|2\n|\n|upkeep\n|turn|10\n|\n|t:|1626014887\n|move|p2a: Bisharp|Knock Off|p1a: Hippowdon\n|-crit|p1a: Hippowdon\n|-damage|p1a: Hippowdon|0 fnt\n|-damage|p2a: Bisharp|84\/100|[from] item: Rocky Helmet|[of] p1a: Hippowdon\n|-enditem|p1a: Hippowdon|Rocky Helmet|[from] move: Knock Off|[of] p2a: Bisharp\n|faint|p1a: Hippowdon\n|-damage|p2a: Bisharp|74\/100|[from] item: Life Orb\n|\n|upkeep\n|inactive|laqwa malti ttt has 120 seconds left.\n|\n|t:|1626014892\n|switch|p1a: Melmetal|Melmetal|100\/100\n|-damage|p1a: Melmetal|94\/100|[from] Stealth Rock\n|-damage|p1a: Melmetal|69\/100|[from] Spikes\n|turn|11\n|\n|t:|1626014906\n|move|p2a: Bisharp|Knock Off|p1a: Melmetal\n|-damage|p1a: Melmetal|1\/100\n|-enditem|p1a: Melmetal|Leftovers|[from] move: Knock Off|[of] p2a: Bisharp\n|-damage|p2a: Bisharp|64\/100|[from] item: Life Orb\n|move|p1a: Melmetal|Earthquake|p2a: Bisharp\n|-supereffective|p2a: Bisharp\n|-damage|p2a: Bisharp|0 fnt\n|faint|p2a: Bisharp\n|\n|upkeep\n|inactive|LT82ZW Vaw has 120 seconds left.\n|inactive|LT82ZW Vaw has 90 seconds left.\n|\n|t:|1626014963\n|switch|p2a: Volcarona|Volcarona, F|100\/100\n|turn|12\n|\n|t:|1626014974\n|move|p2a: Volcarona|Bug Buzz|p1a: Melmetal\n|-resisted|p1a: Melmetal\n|-damage|p1a: Melmetal|0 fnt\n|faint|p1a: Melmetal\n|\n|upkeep\n|\n|t:|1626014977\n|switch|p1a: Blissey|Blissey, F|100\/100\n|-damage|p1a: Blissey|88\/100|[from] Stealth Rock\n|-damage|p1a: Blissey|63\/100|[from] Spikes\n|turn|13\n|inactive|LT82ZW Vaw has 90 seconds left.\n|\n|t:|1626015006\n|switch|p2a: Garchomp|Garchomp, F|100\/100\n|move|p1a: Blissey|Soft-Boiled|p1a: Blissey\n|-heal|p1a: Blissey|100\/100\n|\n|upkeep\n|turn|14\n|\n|t:|1626015011\n|switch|p1a: Corviknight|Corviknight, F|100\/100\n|-damage|p1a: Corviknight|88\/100|[from] Stealth Rock\n|-ability|p1a: Corviknight|Pressure\n|move|p2a: Garchomp|Swords Dance|p2a: Garchomp\n|-boost|p2a: Garchomp|atk|2\n|\n|-heal|p1a: Corviknight|94\/100|[from] item: Leftovers\n|upkeep\n|turn|15\n|\n|t:|1626015017\n|move|p2a: Garchomp|Fire Fang|p1a: Corviknight|[miss]\n|-miss|p2a: Garchomp|p1a: Corviknight\n|move|p1a: Corviknight|Defog|p2a: Garchomp\n|-unboost|p2a: Garchomp|evasion|1\n|-sideend|p1: laqwa malti ttt|Spikes|[from] move: Defog|[of] p1a: Corviknight\n|-sideend|p1: laqwa malti ttt|Stealth Rock|[from] move: Defog|[of] p1a: Corviknight\n|\n|-heal|p1a: Corviknight|100\/100|[from] item: Leftovers\n|upkeep\n|turn|16\n|\n|t:|1626015022\n|switch|p1a: Clefable|Clefable, M|100\/100\n|move|p2a: Garchomp|Fire Fang|p1a: Clefable\n|-damage|p1a: Clefable|76\/100\n|-damage|p2a: Garchomp|91\/100|[from] item: Life Orb\n|\n|-heal|p1a: Clefable|82\/100|[from] item: Leftovers\n|upkeep\n|turn|17\n|\n|t:|1626015029\n|move|p2a: Garchomp|Earthquake|p1a: Clefable\n|-damage|p1a: Clefable|29\/100\n|-damage|p2a: Garchomp|81\/100|[from] item: Life Orb\n|move|p1a: Clefable|Soft-Boiled|p1a: Clefable\n|-heal|p1a: Clefable|79\/100\n|\n|-heal|p1a: Clefable|85\/100|[from] item: Leftovers\n|upkeep\n|turn|18\n|\n|t:|1626015039\n|move|p2a: Garchomp|Earthquake|p1a: Clefable\n|-damage|p1a: Clefable|37\/100\n|-damage|p2a: Garchomp|71\/100|[from] item: Life Orb\n|move|p1a: Clefable|Soft-Boiled|p1a: Clefable\n|-heal|p1a: Clefable|87\/100\n|\n|-heal|p1a: Clefable|93\/100|[from] item: Leftovers\n|upkeep\n|turn|19\n|inactive|LT82ZW Vaw has 120 seconds left.\n|\n|t:|1626015047\n|move|p2a: Garchomp|Earthquake|p1a: Clefable\n|-damage|p1a: Clefable|39\/100\n|-damage|p2a: Garchomp|61\/100|[from] item: Life Orb\n|move|p1a: Clefable|Soft-Boiled|p1a: Clefable\n|-heal|p1a: Clefable|89\/100\n|\n|-heal|p1a: Clefable|95\/100|[from] item: Leftovers\n|upkeep\n|turn|20\n|inactive|LT82ZW Vaw has 120 seconds left.\n|inactive|LT82ZW Vaw has 90 seconds left.\n|\n|t:|1626015106\n|switch|p2a: Volcarona|Volcarona, F|100\/100\n|move|p1a: Clefable|Soft-Boiled|p1a: Clefable\n|-heal|p1a: Clefable|100\/100\n|\n|upkeep\n|turn|21\n|inactive|laqwa malti ttt has 120 seconds left.\n|inactive|LT82ZW Vaw has 60 seconds left.\n|\n|t:|1626015194\n|switch|p1a: Blissey|Blissey, F|100\/100\n|move|p2a: Volcarona|Fire Blast|p1a: Blissey\n|-damage|p1a: Blissey|77\/100\n|\n|-heal|p1a: Blissey|84\/100|[from] item: Leftovers\n|upkeep\n|turn|22\n|inactive|LT82ZW Vaw has 30 seconds left.\n|\n|t:|1626015218\n|switch|p2a: Cloyster|Cloyster, M|100\/100\n|move|p1a: Blissey|Toxic|p2a: Cloyster\n|-status|p2a: Cloyster|tox\n|\n|-heal|p1a: Blissey|90\/100|[from] item: Leftovers\n|-damage|p2a: Cloyster|94\/100 tox|[from] psn\n|upkeep\n|turn|23\n|\n|t:|1626015222\n|switch|p1a: Toxapex|Toxapex, F|100\/100\n|move|p2a: Cloyster|Shell Smash|p2a: Cloyster\n|-unboost|p2a: Cloyster|def|1\n|-unboost|p2a: Cloyster|spd|1\n|-boost|p2a: Cloyster|atk|2\n|-boost|p2a: Cloyster|spa|2\n|-boost|p2a: Cloyster|spe|2\n|\n|-damage|p2a: Cloyster|82\/100 tox|[from] psn\n|upkeep\n|turn|24\n|\n|t:|1626015225\n|move|p2a: Cloyster|Rock Blast|p1a: Toxapex\n|-damage|p1a: Toxapex|92\/100\n|-damage|p1a: Toxapex|84\/100\n|-damage|p1a: Toxapex|75\/100\n|-damage|p1a: Toxapex|67\/100\n|-damage|p1a: Toxapex|58\/100\n|-hitcount|p1a: Toxapex|5\n|move|p1a: Toxapex|Knock Off|p2a: Cloyster\n|-damage|p2a: Cloyster|62\/100 tox\n|-enditem|p2a: Cloyster|King's Rock|[from] move: Knock Off|[of] p1a: Toxapex\n|\n|-damage|p2a: Cloyster|44\/100 tox|[from] psn\n|upkeep\n|turn|25\n|\n|t:|1626015229\n|move|p2a: Cloyster|Rock Blast|p1a: Toxapex\n|-damage|p1a: Toxapex|48\/100\n|-damage|p1a: Toxapex|40\/100\n|-damage|p1a: Toxapex|32\/100\n|-damage|p1a: Toxapex|24\/100\n|-damage|p1a: Toxapex|14\/100\n|-hitcount|p1a: Toxapex|5\n|move|p1a: Toxapex|Recover|p1a: Toxapex\n|-heal|p1a: Toxapex|65\/100\n|\n|-damage|p2a: Cloyster|19\/100 tox|[from] psn\n|upkeep\n|turn|26\n|-message|LT82ZW Vaw forfeited.\n|\n|win|laqwa malti ttt\n|raw|laqwa malti ttt's rating: 1567 &rarr; <strong>1583<\/strong><br \/>(+16 for winning)\n|raw|LT82ZW Vaw's rating: 1504 &rarr; <strong>1488<\/strong><br \/>(-16 for losing)\n|l|\u2606LT82ZW Vaw\n","uploadtime":1626015258,"views":13,"p1id":"laqwamaltittt","p2id":"lt82zwvaw","formatid":"gen8ou","rating":1488,"private":0,"password":null}