{"id":"gen8ou-1164676585","p1":"LT71LX Chai","p2":"Ayante","format":"gen8ou","log":"|raw|<div class=\"broadcast-blue\"><strong>This battle is required to be public due to a player having a name prefixed by 'LT71LX'.<\/div>\n|j|\u2606LT71LX Chai\n|j|\u2606Ayante\n|t:|1596777499\n|player|p1|LT71LX Chai|veteran|1742\n|player|p2|Ayante|koga|1634\n|teamsize|p1|6\n|teamsize|p2|6\n|gametype|singles\n|gen|8\n|tier|[Gen 8] OU\n|rated|\n|clearpoke\n|poke|p1|Conkeldurr, F|\n|poke|p1|Amoonguss, F|\n|poke|p1|Clefable, M|\n|poke|p1|Skarmory, M|\n|poke|p1|Zeraora|\n|poke|p1|Mantine, F|\n|poke|p2|Togekiss, F|\n|poke|p2|Mantine, M|\n|poke|p2|Urshifu-*, M|\n|poke|p2|Ferrothorn, M|\n|poke|p2|Zeraora|\n|poke|p2|Hippowdon, F|\n|rule|Sleep Clause Mod: Limit one foe put to sleep\n|rule|Species Clause: Limit one of each Pok\u00e9mon\n|rule|OHKO Clause: OHKO moves are banned\n|rule|Evasion Moves Clause: Evasion moves are banned\n|rule|Endless Battle Clause: Forcing endless battles is banned\n|rule|HP Percentage Mod: HP is shown in percentages\n|rule|Dynamax Clause: You cannot dynamax\n|teampreview\n|\n|t:|1596777510\n|start\n|switch|p1a: Zeraora|Zeraora|100\/100\n|switch|p2a: Zeraora|Zeraora|100\/100\n|turn|1\n|\n|t:|1596777520\n|switch|p2a: Hippowdon|Hippowdon, F|100\/100\n|-weather|Sandstorm|[from] ability: Sand Stream|[of] p2a: Hippowdon\n|move|p1a: Zeraora|Knock Off|p2a: Hippowdon\n|-damage|p2a: Hippowdon|85\/100\n|-damage|p1a: Zeraora|84\/100|[from] item: Rocky Helmet|[of] p2a: Hippowdon\n|-enditem|p2a: Hippowdon|Rocky Helmet|[from] move: Knock Off|[of] p1a: Zeraora\n|\n|-weather|Sandstorm|[upkeep]\n|-damage|p1a: Zeraora|78\/100|[from] Sandstorm\n|upkeep\n|turn|2\n|\n|t:|1596777532\n|switch|p1a: Skarmory|Skarmory, M|100\/100\n|switch|p2a: Ferrothorn|Ferrothorn, M|100\/100\n|\n|-weather|Sandstorm|[upkeep]\n|upkeep\n|turn|3\n|\n|t:|1596777540\n|move|p1a: Skarmory|Stealth Rock|p2a: Ferrothorn\n|-sidestart|p2: Ayante|move: Stealth Rock\n|move|p2a: Ferrothorn|Spikes|p1a: Skarmory\n|-sidestart|p1: LT71LX Chai|Spikes\n|\n|-weather|Sandstorm|[upkeep]\n|upkeep\n|turn|4\n|\n|t:|1596777547\n|switch|p1a: Clefable|Clefable, M|100\/100\n|move|p2a: Ferrothorn|Knock Off|p1a: Clefable\n|-resisted|p1a: Clefable\n|-damage|p1a: Clefable|92\/100\n|-enditem|p1a: Clefable|Leftovers|[from] move: Knock Off|[of] p2a: Ferrothorn\n|\n|-weather|Sandstorm|[upkeep]\n|upkeep\n|turn|5\n|\n|t:|1596777562\n|move|p1a: Clefable|Wish|p1a: Clefable\n|move|p2a: Ferrothorn|Gyro Ball|p1a: Clefable\n|-supereffective|p1a: Clefable\n|-damage|p1a: Clefable|35\/100\n|\n|-weather|none\n|upkeep\n|turn|6\n|\n|t:|1596777573\n|switch|p2a: Togekiss|Togekiss, F|100\/100\n|-damage|p2a: Togekiss|76\/100|[from] Stealth Rock\n|move|p1a: Clefable|Protect||[still]\n|-fail|p1a: Clefable\n|\n|-heal|p1a: Clefable|85\/100|[from] move: Wish|[wisher] Clefable\n|upkeep\n|turn|7\n|\n|t:|1596777582\n|move|p1a: Clefable|Protect|p1a: Clefable\n|-singleturn|p1a: Clefable|Protect\n|move|p2a: Togekiss|Air Slash|p1a: Clefable\n|-activate|p1a: Clefable|move: Protect\n|\n|upkeep\n|turn|8\n|\n|t:|1596777588\n|move|p2a: Togekiss|Air Slash|p1a: Clefable\n|-damage|p1a: Clefable|54\/100\n|move|p1a: Clefable|Wish|p1a: Clefable\n|\n|upkeep\n|turn|9\n|\n|t:|1596777595\n|move|p1a: Clefable|Protect|p1a: Clefable\n|-singleturn|p1a: Clefable|Protect\n|move|p2a: Togekiss|Air Slash|p1a: Clefable\n|-activate|p1a: Clefable|move: Protect\n|\n|-heal|p1a: Clefable|100\/100|[from] move: Wish|[wisher] Clefable\n|upkeep\n|turn|10\n|\n|t:|1596777604\n|move|p2a: Togekiss|Air Slash|p1a: Clefable\n|-damage|p1a: Clefable|67\/100\n|cant|p1a: Clefable|flinch\n|\n|upkeep\n|turn|11\n|\n|t:|1596777609\n|move|p1a: Clefable|Protect|p1a: Clefable\n|-singleturn|p1a: Clefable|Protect\n|move|p2a: Togekiss|Air Slash|p1a: Clefable\n|-activate|p1a: Clefable|move: Protect\n|\n|upkeep\n|turn|12\n|\n|t:|1596777615\n|move|p2a: Togekiss|Air Slash|p1a: Clefable\n|-damage|p1a: Clefable|32\/100\n|cant|p1a: Clefable|flinch\n|\n|upkeep\n|turn|13\n|\n|t:|1596777621\n|move|p1a: Clefable|Protect|p1a: Clefable\n|-singleturn|p1a: Clefable|Protect\n|move|p2a: Togekiss|Air Slash|p1a: Clefable\n|-activate|p1a: Clefable|move: Protect\n|\n|upkeep\n|turn|14\n|\n|t:|1596777627\n|switch|p1a: Skarmory|Skarmory, M|100\/100\n|move|p2a: Togekiss|Air Slash|p1a: Skarmory\n|-resisted|p1a: Skarmory\n|-damage|p1a: Skarmory|73\/100\n|\n|upkeep\n|turn|15\n|\n|t:|1596777633\n|move|p2a: Togekiss|Air Slash|p1a: Skarmory\n|-resisted|p1a: Skarmory\n|-damage|p1a: Skarmory|50\/100\n|cant|p1a: Skarmory|flinch\n|\n|upkeep\n|turn|16\n|\n|t:|1596777639\n|move|p2a: Togekiss|Air Slash|p1a: Skarmory\n|-resisted|p1a: Skarmory\n|-damage|p1a: Skarmory|25\/100\n|cant|p1a: Skarmory|flinch\n|\n|upkeep\n|turn|17\n|\n|t:|1596777645\n|move|p2a: Togekiss|Air Slash|p1a: Skarmory\n|-resisted|p1a: Skarmory\n|-damage|p1a: Skarmory|0 fnt\n|faint|p1a: Skarmory\n|\n|upkeep\n|\n|t:|1596777647\n|switch|p1a: Zeraora|Zeraora|78\/100\n|turn|18\n|\n|t:|1596777657\n|switch|p2a: Ferrothorn|Ferrothorn, M|100\/100\n|-damage|p2a: Ferrothorn|94\/100|[from] Stealth Rock\n|switch|p1a: Clefable|Clefable, M|32\/100\n|\n|-heal|p2a: Ferrothorn|100\/100|[from] item: Leftovers\n|upkeep\n|turn|19\n|\n|t:|1596777666\n|switch|p1a: Conkeldurr|Conkeldurr, F|100\/100\n|-damage|p1a: Conkeldurr|88\/100|[from] Spikes\n|move|p2a: Ferrothorn|Gyro Ball|p1a: Conkeldurr\n|-damage|p1a: Conkeldurr|51\/100\n|\n|-status|p1a: Conkeldurr|brn|[from] item: Flame Orb\n|upkeep\n|turn|20\n|\n|t:|1596777681\n|switch|p2a: Hippowdon|Hippowdon, F|85\/100\n|-damage|p2a: Hippowdon|79\/100|[from] Stealth Rock\n|-weather|Sandstorm|[from] ability: Sand Stream|[of] p2a: Hippowdon\n|move|p1a: Conkeldurr|Close Combat|p2a: Hippowdon\n|-damage|p2a: Hippowdon|23\/100\n|-unboost|p1a: Conkeldurr|def|1\n|-unboost|p1a: Conkeldurr|spd|1\n|\n|-weather|Sandstorm|[upkeep]\n|-damage|p1a: Conkeldurr|45\/100 brn|[from] Sandstorm\n|-damage|p1a: Conkeldurr|39\/100 brn|[from] brn\n|upkeep\n|turn|21\n|\n|t:|1596777696\n|move|p1a: Conkeldurr|Facade|p2a: Hippowdon\n|-damage|p2a: Hippowdon|0 fnt\n|faint|p2a: Hippowdon\n|\n|-weather|Sandstorm|[upkeep]\n|-damage|p1a: Conkeldurr|33\/100 brn|[from] Sandstorm\n|-damage|p1a: Conkeldurr|26\/100 brn|[from] brn\n|upkeep\n|\n|t:|1596777706\n|switch|p2a: Zeraora|Zeraora|100\/100\n|-damage|p2a: Zeraora|88\/100|[from] Stealth Rock\n|turn|22\n|\n|t:|1596777711\n|switch|p1a: Amoonguss|Amoonguss, F|100\/100\n|-damage|p1a: Amoonguss|88\/100|[from] Spikes\n|move|p2a: Zeraora|Volt Switch|p1a: Amoonguss\n|-resisted|p1a: Amoonguss\n|-damage|p1a: Amoonguss|73\/100\n|\n|t:|1596777718\n|switch|p2a: Togekiss|Togekiss, F|76\/100|[from]move: Volt Switch\n|-damage|p2a: Togekiss|51\/100|[from] Stealth Rock\n|\n|-weather|Sandstorm|[upkeep]\n|-damage|p2a: Togekiss|45\/100|[from] Sandstorm\n|-damage|p1a: Amoonguss|66\/100|[from] Sandstorm\n|-heal|p1a: Amoonguss|73\/100|[from] item: Black Sludge\n|upkeep\n|turn|23\n|j| Bradlo\u2602\n|\n|t:|1596777728\n|move|p2a: Togekiss|Air Slash|p1a: Amoonguss\n|-supereffective|p1a: Amoonguss\n|-damage|p1a: Amoonguss|22\/100\n|move|p1a: Amoonguss|Sludge Bomb|p2a: Togekiss\n|-supereffective|p2a: Togekiss\n|-damage|p2a: Togekiss|0 fnt\n|faint|p2a: Togekiss\n|\n|-weather|Sandstorm|[upkeep]\n|-damage|p1a: Amoonguss|16\/100|[from] Sandstorm\n|-heal|p1a: Amoonguss|22\/100|[from] item: Black Sludge\n|upkeep\n|\n|t:|1596777740\n|switch|p2a: Urshifu|Urshifu, M|100\/100\n|-damage|p2a: Urshifu|94\/100|[from] Stealth Rock\n|turn|24\n|\n|t:|1596777744\n|move|p2a: Urshifu|Wicked Blow|p1a: Amoonguss\n|-crit|p1a: Amoonguss\n|-damage|p1a: Amoonguss|0 fnt\n|faint|p1a: Amoonguss\n|\n|-weather|none\n|upkeep\n|j| wyn\n|\n|t:|1596777749\n|switch|p1a: Zeraora|Zeraora|78\/100\n|turn|25\n|\n|t:|1596777754\n|move|p1a: Zeraora|Volt Switch|p2a: Urshifu\n|-damage|p2a: Urshifu|61\/100\n|\n|t:|1596777762\n|switch|p1a: Conkeldurr|Conkeldurr, F|26\/100 brn|[from]move: Volt Switch\n|-damage|p1a: Conkeldurr|14\/100 brn|[from] Spikes\n|move|p2a: Urshifu|Wicked Blow|p1a: Conkeldurr\n|-resisted|p1a: Conkeldurr\n|-crit|p1a: Conkeldurr\n|-damage|p1a: Conkeldurr|0 fnt\n|faint|p1a: Conkeldurr\n|\n|upkeep\n|\n|t:|1596777765\n|switch|p1a: Zeraora|Zeraora|78\/100\n|turn|26\n|\n|t:|1596777776\n|switch|p2a: Zeraora|Zeraora|88\/100\n|-damage|p2a: Zeraora|76\/100|[from] Stealth Rock\n|move|p1a: Zeraora|Close Combat|p2a: Zeraora\n|-damage|p2a: Zeraora|20\/100\n|-unboost|p1a: Zeraora|def|1\n|-unboost|p1a: Zeraora|spd|1\n|\n|upkeep\n|turn|27\n|\n|t:|1596777792\n|switch|p2a: Ferrothorn|Ferrothorn, M|100\/100\n|-damage|p2a: Ferrothorn|94\/100|[from] Stealth Rock\n|move|p1a: Zeraora|Close Combat|p2a: Ferrothorn\n|-supereffective|p2a: Ferrothorn\n|-damage|p2a: Ferrothorn|47\/100\n|-unboost|p1a: Zeraora|def|1\n|-unboost|p1a: Zeraora|spd|1\n|-damage|p1a: Zeraora|66\/100|[from] ability: Iron Barbs|[of] p2a: Ferrothorn\n|\n|-heal|p2a: Ferrothorn|53\/100|[from] item: Leftovers\n|upkeep\n|turn|28\n|\n|t:|1596777805\n|switch|p1a: Mantine|Mantine, F|100\/100\n|move|p2a: Ferrothorn|Gyro Ball|p1a: Mantine\n|-resisted|p1a: Mantine\n|-crit|p1a: Mantine\n|-damage|p1a: Mantine|69\/100\n|\n|-heal|p2a: Ferrothorn|60\/100|[from] item: Leftovers\n|upkeep\n|turn|29\n|\n|t:|1596777814\n|move|p1a: Mantine|Scald|p2a: Ferrothorn\n|-resisted|p2a: Ferrothorn\n|-damage|p2a: Ferrothorn|50\/100\n|move|p2a: Ferrothorn|Leech Seed|p1a: Mantine\n|-start|p1a: Mantine|move: Leech Seed\n|\n|-heal|p2a: Ferrothorn|56\/100|[from] item: Leftovers\n|-damage|p1a: Mantine|56\/100|[from] Leech Seed|[of] p2a: Ferrothorn\n|-heal|p2a: Ferrothorn|70\/100|[silent]\n|upkeep\n|turn|30\n|\n|t:|1596777826\n|switch|p2a: Urshifu|Urshifu, M|61\/100\n|-damage|p2a: Urshifu|55\/100|[from] Stealth Rock\n|move|p1a: Mantine|Scald|p2a: Urshifu\n|-crit|p2a: Urshifu\n|-damage|p2a: Urshifu|1\/100\n|\n|-damage|p1a: Mantine|44\/100|[from] Leech Seed|[of] p2a: Urshifu\n|-heal|p2a: Urshifu|14\/100|[silent]\n|upkeep\n|turn|31\n|\n|t:|1596777838\n|switch|p1a: Clefable|Clefable, M|32\/100\n|move|p2a: Urshifu|Wicked Blow|p1a: Clefable\n|-resisted|p1a: Clefable\n|-crit|p1a: Clefable\n|-damage|p1a: Clefable|0 fnt\n|faint|p1a: Clefable\n|\n|upkeep\n|\n|t:|1596777840\n|switch|p1a: Zeraora|Zeraora|66\/100\n|turn|32\n|\n|t:|1596777866\n|switch|p2a: Mantine|Mantine, M|100\/100\n|move|p1a: Zeraora|Close Combat|p2a: Mantine\n|-resisted|p2a: Mantine\n|-crit|p2a: Mantine\n|-damage|p2a: Mantine|71\/100\n|-unboost|p1a: Zeraora|def|1\n|-unboost|p1a: Zeraora|spd|1\n|\n|upkeep\n|turn|33\n|\n|t:|1596777880\n|move|p1a: Zeraora|Close Combat|p2a: Mantine\n|-resisted|p2a: Mantine\n|-damage|p2a: Mantine|52\/100\n|-unboost|p1a: Zeraora|def|1\n|-unboost|p1a: Zeraora|spd|1\n|move|p2a: Mantine|Scald|p1a: Zeraora\n|-damage|p1a: Zeraora|7\/100\n|-status|p1a: Zeraora|brn\n|\n|-damage|p1a: Zeraora|1\/100 brn|[from] brn\n|upkeep\n|turn|34\n|\n|t:|1596777892\n|switch|p1a: Mantine|Mantine, F|44\/100\n|move|p2a: Mantine|Toxic|p1a: Mantine\n|-status|p1a: Mantine|tox\n|\n|-damage|p1a: Mantine|38\/100 tox|[from] psn\n|upkeep\n|turn|35\n|-message|LT71LX Chai forfeited.\n|\n|win|Ayante\n|l|\u2606LT71LX Chai\n|raw|LT71LX Chai's rating: 1742 &rarr; <strong>1716<\/strong><br \/>(-26 for losing)\n|raw|Ayante's rating: 1634 &rarr; <strong>1660<\/strong><br \/>(+26 for winning)\n|l| wyn\n","uploadtime":1596777923,"views":72,"p1id":"lt71lxchai","p2id":"ayante","formatid":"gen8ou","rating":1660,"private":0,"password":null}