{"id":"gen8ou-1670916781","p1":"jeandonis02","p2":"bizarman","format":"gen8ou","log":"|j|\u2606jeandonis02\n|j|\u2606bizarman\n|t:|1663878225\n|gametype|singles\n|player|p1|jeandonis02|lucas|1707\n|player|p2|bizarman|scientist-gen4|1686\n|teamsize|p1|6\n|teamsize|p2|6\n|gen|8\n|tier|[Gen 8] OU\n|rated|\n|rule|Sleep Clause Mod: Limit one foe put to sleep\n|rule|Species Clause: Limit one of each Pok\u00e9mon\n|rule|OHKO Clause: OHKO moves are banned\n|rule|Evasion Items Clause: Evasion items are banned\n|rule|Evasion Moves Clause: Evasion moves are banned\n|rule|Endless Battle Clause: Forcing endless battles is banned\n|rule|HP Percentage Mod: HP is shown in percentages\n|rule|Dynamax Clause: You cannot dynamax\n|clearpoke\n|poke|p1|Zeraora|\n|poke|p1|Toxapex, F|\n|poke|p1|Garchomp, M|\n|poke|p1|Rotom-Wash|\n|poke|p1|Ferrothorn, M|\n|poke|p1|Charizard, M|\n|poke|p2|Glastrier|\n|poke|p2|Zapdos|\n|poke|p2|Dragapult, F|\n|poke|p2|Landorus-Therian, M|\n|poke|p2|Tapu Fini|\n|poke|p2|Heatran, F|\n|teampreview\n|inactive|Battle timer is ON: inactive players will automatically lose when time's up. (requested by jeandonis02)\n|j| Jongruenwald\n|\n|t:|1663878247\n|start\n|switch|p1a: Garchomp|Garchomp, M|100\/100\n|switch|p2a: Glastrier|Glastrier|100\/100\n|turn|1\n|\n|t:|1663878257\n|move|p1a: Garchomp|Iron Head|p2a: Glastrier\n|-supereffective|p2a: Glastrier\n|-damage|p2a: Glastrier|38\/100\n|cant|p2a: Glastrier|flinch\n|\n|upkeep\n|turn|2\n|\n|t:|1663878267\n|switch|p2a: Landorus|Landorus-Therian, M|100\/100\n|-ability|p2a: Landorus|Intimidate|boost\n|-unboost|p1a: Garchomp|atk|1\n|move|p1a: Garchomp|Iron Head|p2a: Landorus\n|-damage|p2a: Landorus|75\/100\n|\n|-heal|p2a: Landorus|81\/100|[from] item: Leftovers\n|upkeep\n|turn|3\n|c|\u2606bizarman|lol\n|j| fdghsfgsdfd\n|\n|t:|1663878275\n|move|p1a: Garchomp|Iron Head|p2a: Landorus\n|-damage|p2a: Landorus|55\/100\n|move|p2a: Landorus|Toxic|p1a: Garchomp\n|-status|p1a: Garchomp|tox\n|\n|-heal|p2a: Landorus|61\/100|[from] item: Leftovers\n|-damage|p1a: Garchomp|94\/100 tox|[from] psn\n|upkeep\n|turn|4\n|\n|t:|1663878283\n|switch|p1a: Ferrothorn|Ferrothorn, M|100\/100\n|move|p2a: Landorus|Knock Off|p1a: Ferrothorn\n|-damage|p1a: Ferrothorn|83\/100\n|-damage|p2a: Landorus|49\/100|[from] ability: Iron Barbs|[of] p1a: Ferrothorn\n|-damage|p2a: Landorus|32\/100|[from] item: Rocky Helmet|[of] p1a: Ferrothorn\n|-enditem|p1a: Ferrothorn|Rocky Helmet|[from] move: Knock Off|[of] p2a: Landorus\n|\n|-heal|p2a: Landorus|38\/100|[from] item: Leftovers\n|upkeep\n|turn|5\n|\n|t:|1663878295\n|switch|p2a: Glastrier|Glastrier|38\/100\n|move|p1a: Ferrothorn|Leech Seed|p2a: Glastrier\n|-start|p2a: Glastrier|move: Leech Seed\n|\n|-damage|p2a: Glastrier|26\/100|[from] Leech Seed|[of] p1a: Ferrothorn\n|-heal|p1a: Ferrothorn|96\/100|[silent]\n|upkeep\n|turn|6\n|\n|t:|1663878302\n|switch|p1a: Rotom|Rotom-Wash|100\/100\n|move|p2a: Glastrier|Close Combat|p1a: Rotom\n|-damage|p1a: Rotom|56\/100\n|-unboost|p2a: Glastrier|def|1\n|-unboost|p2a: Glastrier|spd|1\n|\n|-heal|p1a: Rotom|62\/100|[from] item: Leftovers\n|-damage|p2a: Glastrier|14\/100|[from] Leech Seed|[of] p1a: Rotom\n|-heal|p1a: Rotom|78\/100|[silent]\n|upkeep\n|turn|7\n|j| NDHB\n|\n|t:|1663878313\n|switch|p2a: Dragapult|Dragapult, F|100\/100\n|move|p1a: Rotom|Volt Switch|p2a: Dragapult\n|-resisted|p2a: Dragapult\n|-damage|p2a: Dragapult|83\/100\n|\n|t:|1663878315\n|switch|p1a: Zeraora|Zeraora|100\/100|[from]move: Volt Switch\n|\n|upkeep\n|turn|8\n|\n|t:|1663878337\n|switch|p2a: Landorus|Landorus-Therian, M|38\/100\n|-ability|p2a: Landorus|Intimidate|boost\n|-unboost|p1a: Zeraora|atk|1\n|move|p1a: Zeraora|Knock Off|p2a: Landorus\n|-damage|p2a: Landorus|18\/100\n|-enditem|p2a: Landorus|Leftovers|[from] move: Knock Off|[of] p1a: Zeraora\n|\n|upkeep\n|turn|9\n|\n|t:|1663878345\n|move|p1a: Zeraora|Play Rough|p2a: Landorus\n|-damage|p2a: Landorus|0 fnt\n|faint|p2a: Landorus\n|\n|upkeep\n|\n|t:|1663878351\n|switch|p2a: Glastrier|Glastrier|14\/100\n|turn|10\n|-enditem|p2a: Glastrier|Custap Berry|[eat]\n|-activate|p2a: Glastrier|item: Custap Berry|[consumed]\n|\n|t:|1663878372\n|move|p2a: Glastrier|High Horsepower|p1a: Zeraora\n|-supereffective|p1a: Zeraora\n|-crit|p1a: Zeraora\n|-enditem|p1a: Zeraora|Focus Sash\n|-damage|p1a: Zeraora|1\/100\n|move|p1a: Zeraora|Close Combat|p2a: Glastrier\n|-supereffective|p2a: Glastrier\n|-damage|p2a: Glastrier|0 fnt\n|-unboost|p1a: Zeraora|def|1\n|-unboost|p1a: Zeraora|spd|1\n|faint|p2a: Glastrier\n|\n|upkeep\n|j| Alexlch\n|\n|t:|1663878389\n|switch|p2a: Zapdos|Zapdos|100\/100\n|turn|11\n|\n|t:|1663878392\n|switch|p1a: Toxapex|Toxapex, F|100\/100\n|move|p2a: Zapdos|Hurricane|p1a: Toxapex|[miss]\n|-miss|p2a: Zapdos|p1a: Toxapex\n|\n|upkeep\n|turn|12\n|\n|t:|1663878398\n|switch|p1a: Zeraora|Zeraora|1\/100\n|move|p2a: Zapdos|Volt Switch|p1a: Zeraora\n|-heal|p1a: Zeraora|26\/100|[from] ability: Volt Absorb|[of] p2a: Zapdos\n|\n|upkeep\n|turn|13\n|\n|t:|1663878406\n|switch|p1a: Ferrothorn|Ferrothorn, M|96\/100\n|move|p2a: Zapdos|Hurricane|p1a: Ferrothorn\n|-damage|p1a: Ferrothorn|57\/100\n|\n|upkeep\n|turn|14\n|\n|t:|1663878430\n|switch|p2a: Heatran|Heatran, F|100\/100\n|switch|p1a: Toxapex|Toxapex, F|100\/100\n|\n|upkeep\n|turn|15\n|\n|t:|1663878437\n|switch|p1a: Garchomp|Garchomp, M|94\/100 tox\n|move|p2a: Heatran|Stealth Rock|p1a: Garchomp\n|-sidestart|p1: jeandonis02|move: Stealth Rock\n|\n|-damage|p1a: Garchomp|88\/100 tox|[from] psn\n|upkeep\n|turn|16\n|\n|t:|1663878447\n|switch|p2a: Zapdos|Zapdos|100\/100\n|move|p1a: Garchomp|Outrage|p2a: Zapdos\n|-damage|p2a: Zapdos|34\/100\n|\n|-damage|p1a: Garchomp|76\/100 tox|[from] psn\n|upkeep\n|turn|17\n|\n|t:|1663878455\n|switch|p2a: Tapu Fini|Tapu Fini|100\/100\n|-fieldstart|move: Misty Terrain|[from] ability: Misty Surge|[of] p2a: Tapu Fini\n|move|p1a: Garchomp|Outrage|p2a: Tapu Fini|[from]lockedmove\n|-immune|p2a: Tapu Fini\n|\n|-damage|p1a: Garchomp|57\/100 tox|[from] psn\n|upkeep\n|turn|18\n|c|\u2606bizarman|why is this 1400 team in the 1700s\n|\n|t:|1663878475\n|switch|p1a: Ferrothorn|Ferrothorn, M|57\/100\n|-damage|p1a: Ferrothorn|50\/100|[from] Stealth Rock\n|switch|p2a: Dragapult|Dragapult, F|83\/100\n|\n|upkeep\n|turn|19\n|\n|t:|1663878487\n|move|p2a: Dragapult|Flamethrower|p1a: Ferrothorn\n|-supereffective|p1a: Ferrothorn\n|-damage|p1a: Ferrothorn|0 fnt\n|faint|p1a: Ferrothorn\n|\n|upkeep\n|\n|t:|1663878491\n|switch|p1a: Rotom|Rotom-Wash|78\/100\n|-damage|p1a: Rotom|65\/100|[from] Stealth Rock\n|turn|20\n|\n|t:|1663878495\n|switch|p2a: Zapdos|Zapdos|34\/100\n|move|p1a: Rotom|Defog|p2a: Zapdos\n|-unboost|p2a: Zapdos|evasion|1\n|-sideend|p1: jeandonis02|Stealth Rock|[from] move: Defog|[of] p1a: Rotom\n|-fieldend|Misty Terrain\n|\n|-heal|p1a: Rotom|72\/100|[from] item: Leftovers\n|upkeep\n|turn|21\n|\n|t:|1663878503\n|move|p2a: Zapdos|Roost|p2a: Zapdos\n|-heal|p2a: Zapdos|84\/100\n|-singleturn|p2a: Zapdos|move: Roost\n|move|p1a: Rotom|Hydro Pump|p2a: Zapdos\n|-damage|p2a: Zapdos|43\/100\n|\n|-heal|p1a: Rotom|78\/100|[from] item: Leftovers\n|upkeep\n|turn|22\n|\n|t:|1663878510\n|move|p2a: Zapdos|Roost|p2a: Zapdos\n|-heal|p2a: Zapdos|93\/100\n|-singleturn|p2a: Zapdos|move: Roost\n|move|p1a: Rotom|Hydro Pump|p2a: Zapdos\n|-damage|p2a: Zapdos|57\/100\n|\n|-heal|p1a: Rotom|84\/100|[from] item: Leftovers\n|upkeep\n|turn|23\n|\n|t:|1663878518\n|move|p2a: Zapdos|Roost|p2a: Zapdos\n|-heal|p2a: Zapdos|100\/100\n|-singleturn|p2a: Zapdos|move: Roost\n|move|p1a: Rotom|Hydro Pump|p2a: Zapdos\n|-damage|p2a: Zapdos|61\/100\n|\n|-heal|p1a: Rotom|90\/100|[from] item: Leftovers\n|upkeep\n|turn|24\n|\n|t:|1663878526\n|switch|p1a: Zeraora|Zeraora|26\/100\n|move|p2a: Zapdos|Roost|p2a: Zapdos\n|-heal|p2a: Zapdos|100\/100\n|-singleturn|p2a: Zapdos|move: Roost\n|\n|upkeep\n|turn|25\n|\n|t:|1663878532\n|switch|p1a: Toxapex|Toxapex, F|100\/100\n|move|p2a: Zapdos|Hurricane|p1a: Toxapex\n|-damage|p1a: Toxapex|74\/100\n|\n|-heal|p1a: Toxapex|80\/100|[from] item: Black Sludge\n|upkeep\n|turn|26\n|\n|t:|1663878540\n|switch|p2a: Heatran|Heatran, F|100\/100\n|move|p1a: Toxapex|Toxic|p2a: Heatran\n|-immune|p2a: Heatran\n|\n|-heal|p1a: Toxapex|86\/100|[from] item: Black Sludge\n|upkeep\n|turn|27\n|\n|t:|1663878547\n|move|p2a: Heatran|Magma Storm|p1a: Toxapex\n|-resisted|p1a: Toxapex\n|-damage|p1a: Toxapex|72\/100\n|-activate|p1a: Toxapex|move: Magma Storm|[of] p2a: Heatran\n|move|p1a: Toxapex|Scald|p2a: Heatran\n|-supereffective|p2a: Heatran\n|-damage|p2a: Heatran|80\/100\n|\n|-heal|p2a: Heatran|87\/100|[from] item: Leftovers\n|-heal|p1a: Toxapex|78\/100|[from] item: Black Sludge\n|-damage|p1a: Toxapex|66\/100|[from] move: Magma Storm|[partiallytrapped]\n|upkeep\n|turn|28\n|\n|t:|1663878558\n|move|p2a: Heatran|Stealth Rock|p1a: Toxapex\n|-sidestart|p1: jeandonis02|move: Stealth Rock\n|move|p1a: Toxapex|Scald|p2a: Heatran\n|-supereffective|p2a: Heatran\n|-damage|p2a: Heatran|64\/100\n|\n|-heal|p2a: Heatran|70\/100|[from] item: Leftovers\n|-heal|p1a: Toxapex|72\/100|[from] item: Black Sludge\n|-damage|p1a: Toxapex|60\/100|[from] move: Magma Storm|[partiallytrapped]\n|upkeep\n|turn|29\n|\n|t:|1663878567\n|move|p2a: Heatran|Earth Power|p1a: Toxapex\n|-supereffective|p1a: Toxapex\n|-damage|p1a: Toxapex|28\/100\n|move|p1a: Toxapex|Scald|p2a: Heatran\n|-supereffective|p2a: Heatran\n|-crit|p2a: Heatran\n|-damage|p2a: Heatran|39\/100\n|\n|-heal|p2a: Heatran|46\/100|[from] item: Leftovers\n|-heal|p1a: Toxapex|34\/100|[from] item: Black Sludge\n|-damage|p1a: Toxapex|22\/100|[from] move: Magma Storm|[partiallytrapped]\n|upkeep\n|turn|30\n|\n|t:|1663878578\n|move|p2a: Heatran|Earth Power|p1a: Toxapex\n|-supereffective|p1a: Toxapex\n|-damage|p1a: Toxapex|0 fnt\n|faint|p1a: Toxapex\n|\n|-heal|p2a: Heatran|52\/100|[from] item: Leftovers\n|upkeep\n|\n|t:|1663878580\n|switch|p1a: Rotom|Rotom-Wash|90\/100\n|-damage|p1a: Rotom|78\/100|[from] Stealth Rock\n|turn|31\n|\n|t:|1663878587\n|switch|p2a: Dragapult|Dragapult, F|83\/100\n|move|p1a: Rotom|Defog|p2a: Dragapult\n|-unboost|p2a: Dragapult|evasion|1\n|-sideend|p1: jeandonis02|Stealth Rock|[from] move: Defog|[of] p1a: Rotom\n|\n|-heal|p1a: Rotom|84\/100|[from] item: Leftovers\n|upkeep\n|turn|32\n|\n|t:|1663878594\n|move|p2a: Dragapult|Shadow Ball|p1a: Rotom\n|-damage|p1a: Rotom|39\/100\n|-unboost|p1a: Rotom|spd|1\n|move|p1a: Rotom|Volt Switch|p2a: Dragapult\n|-resisted|p2a: Dragapult\n|-damage|p2a: Dragapult|65\/100\n|\n|t:|1663878597\n|switch|p1a: Zeraora|Zeraora|26\/100|[from]move: Volt Switch\n|\n|upkeep\n|turn|33\n|\n|t:|1663878603\n|switch|p2a: Zapdos|Zapdos|100\/100\n|move|p1a: Zeraora|Knock Off|p2a: Zapdos\n|-damage|p2a: Zapdos|76\/100\n|-enditem|p2a: Zapdos|Heavy-Duty Boots|[from] move: Knock Off|[of] p1a: Zeraora\n|\n|upkeep\n|turn|34\n|\n|t:|1663878609\n|move|p1a: Zeraora|Plasma Fists|p2a: Zapdos\n|-damage|p2a: Zapdos|44\/100\n|-fieldactivate|move: Ion Deluge\n|-hint|Normal-type moves become Electric-type after using Plasma Fists.\n|move|p2a: Zapdos|Hurricane|p1a: Zeraora\n|-resisted|p1a: Zeraora\n|-damage|p1a: Zeraora|0 fnt\n|faint|p1a: Zeraora\n|\n|upkeep\n|\n|t:|1663878614\n|switch|p1a: Garchomp|Garchomp, M|57\/100 tox\n|turn|35\n|\n|t:|1663878623\n|move|p1a: Garchomp|Earthquake|p2a: Zapdos\n|-immune|p2a: Zapdos\n|move|p2a: Zapdos|Roost|p2a: Zapdos\n|-heal|p2a: Zapdos|94\/100\n|-singleturn|p2a: Zapdos|move: Roost\n|\n|-damage|p1a: Garchomp|51\/100 tox|[from] psn\n|upkeep\n|turn|36\n|\n|t:|1663878631\n|switch|p1a: Rotom|Rotom-Wash|39\/100\n|move|p2a: Zapdos|Hurricane|p1a: Rotom\n|-resisted|p1a: Rotom\n|-damage|p1a: Rotom|18\/100\n|-start|p1a: Rotom|confusion\n|\n|-heal|p1a: Rotom|24\/100|[from] item: Leftovers\n|upkeep\n|turn|37\n|\n|t:|1663878640\n|switch|p1a: Garchomp|Garchomp, M|51\/100 tox\n|move|p2a: Zapdos|Volt Switch|p1a: Garchomp\n|-immune|p1a: Garchomp\n|\n|-damage|p1a: Garchomp|45\/100 tox|[from] psn\n|upkeep\n|turn|38\n|\n|t:|1663878667\n|move|p1a: Garchomp|Outrage|p2a: Zapdos\n|-damage|p2a: Zapdos|24\/100\n|move|p2a: Zapdos|Hurricane|p1a: Garchomp\n|-damage|p1a: Garchomp|0 fnt\n|faint|p1a: Garchomp\n|\n|upkeep\n|\n|t:|1663878674\n|switch|p1a: Charizard|Charizard, M|100\/100\n|turn|39\n|\n|t:|1663878677\n|move|p1a: Charizard|Belly Drum|p1a: Charizard\n|-damage|p1a: Charizard|50\/100\n|-setboost|p1a: Charizard|atk|6|[from] move: Belly Drum\n|-enditem|p1a: Charizard|Sitrus Berry|[eat]\n|-heal|p1a: Charizard|75\/100|[from] item: Sitrus Berry\n|move|p2a: Zapdos|Volt Switch|p1a: Charizard\n|-supereffective|p1a: Charizard\n|-damage|p1a: Charizard|10\/100\n|-message|jeandonis02 forfeited.\n|\n|win|bizarman\n|raw|jeandonis02's rating: 1707 &rarr; <strong>1686<\/strong><br \/>(-21 for losing)\n|raw|bizarman's rating: 1686 &rarr; <strong>1707<\/strong><br \/>(+21 for winning)\n|l|\u2606jeandonis02\n|l| Jongruenwald\n|c|\u2606bizarman|gg\n|l|\u2606bizarman\n||Ladder isn't responding, score probably updated but might not have (Request timeout).\n|l| Alexlch\n","uploadtime":1663879169,"views":40,"p1id":"jeandonis02","p2id":"bizarman","formatid":"gen8ou","rating":1686,"private":0,"password":null}