{"id":"gen8ou-1285100937","p1":"MooManBob","p2":"ArcanineSquad","format":"gen8ou","log":"|j|\u2606MooManBob\n|j|\u2606ArcanineSquad\n|t:|1613672681\n|player|p1|MooManBob|policeman-gen4|1473\n|player|p2|ArcanineSquad|cynthia-gen4|1503\n|teamsize|p1|6\n|teamsize|p2|6\n|gametype|singles\n|gen|8\n|tier|[Gen 8] OU\n|rated|\n|clearpoke\n|poke|p1|Barraskewda, M|\n|poke|p1|Politoed, M|\n|poke|p1|Azumarill, M|\n|poke|p1|Ferrothorn, M|\n|poke|p1|Magearna|\n|poke|p1|Nidoking, M|\n|poke|p2|Pelipper, F|\n|poke|p2|Tornadus-Therian, M|\n|poke|p2|Ferrothorn, M|\n|poke|p2|Latios, M|\n|poke|p2|Swampert, F|\n|poke|p2|Barraskewda, M|\n|rule|Sleep Clause Mod: Limit one foe put to sleep\n|rule|Species Clause: Limit one of each Pok\u00e9mon\n|rule|OHKO Clause: OHKO moves are banned\n|rule|Evasion Moves Clause: Evasion moves are banned\n|rule|Endless Battle Clause: Forcing endless battles is banned\n|rule|HP Percentage Mod: HP is shown in percentages\n|rule|Dynamax Clause: You cannot dynamax\n|teampreview\n|inactive|Battle timer is ON: inactive players will automatically lose when time's up. (requested by ArcanineSquad)\n|\n|t:|1613672693\n|start\n|switch|p1a: Politoed|Politoed, M|100\/100\n|switch|p2a: TROPICAL STORM|Pelipper, F|100\/100\n|-weather|RainDance|[from] ability: Drizzle|[of] p1a: Politoed\n|turn|1\n|\n|t:|1613672703\n|move|p1a: Politoed|Whirlpool|p2a: TROPICAL STORM\n|-resisted|p2a: TROPICAL STORM\n|-damage|p2a: TROPICAL STORM|89\/100\n|-activate|p2a: TROPICAL STORM|move: Whirlpool|[of] p1a: Politoed\n|move|p2a: TROPICAL STORM|U-turn|p1a: Politoed\n|-damage|p1a: Politoed|91\/100\n|\n|t:|1613672720\n|switch|p2a: MONEY IN THE GRAVE|Latios, M|100\/100|[from]move: U-turn\n|\n|-weather|RainDance|[upkeep]\n|upkeep\n|turn|2\n|\n|t:|1613672724\n|move|p2a: MONEY IN THE GRAVE|Psychic|p1a: Politoed\n|-damage|p1a: Politoed|49\/100\n|move|p1a: Politoed|Whirlpool|p2a: MONEY IN THE GRAVE\n|-resisted|p2a: MONEY IN THE GRAVE\n|-damage|p2a: MONEY IN THE GRAVE|91\/100\n|-activate|p2a: MONEY IN THE GRAVE|move: Whirlpool|[of] p1a: Politoed\n|\n|-weather|RainDance|[upkeep]\n|-damage|p2a: MONEY IN THE GRAVE|79\/100|[from] move: Whirlpool|[partiallytrapped]\n|upkeep\n|turn|3\n|\n|t:|1613672732\n|move|p1a: Politoed|Protect|p1a: Politoed\n|-singleturn|p1a: Politoed|Protect\n|move|p2a: MONEY IN THE GRAVE|Psychic|p1a: Politoed\n|-activate|p1a: Politoed|move: Protect\n|\n|-weather|RainDance|[upkeep]\n|-damage|p2a: MONEY IN THE GRAVE|66\/100|[from] move: Whirlpool|[partiallytrapped]\n|upkeep\n|turn|4\n|\n|t:|1613672741\n|move|p2a: MONEY IN THE GRAVE|Psychic|p1a: Politoed\n|-damage|p1a: Politoed|3\/100\n|move|p1a: Politoed|Rest|p1a: Politoed\n|-status|p1a: Politoed|slp|[from] move: Rest\n|-heal|p1a: Politoed|100\/100 slp|[silent]\n|\n|-weather|RainDance|[upkeep]\n|-damage|p2a: MONEY IN THE GRAVE|54\/100|[from] move: Whirlpool|[partiallytrapped]\n|upkeep\n|turn|5\n|\n|t:|1613672750\n|switch|p1a: Ferrothorn|Ferrothorn, M|100\/100\n|move|p2a: MONEY IN THE GRAVE|Psychic|p1a: Ferrothorn\n|-resisted|p1a: Ferrothorn\n|-damage|p1a: Ferrothorn|70\/100\n|-unboost|p1a: Ferrothorn|spd|1\n|\n|-weather|RainDance|[upkeep]\n|-heal|p1a: Ferrothorn|76\/100|[from] item: Leftovers\n|-end|p2a: MONEY IN THE GRAVE|Whirlpool|[partiallytrapped]|[silent]\n|upkeep\n|turn|6\n|\n|t:|1613672756\n|move|p2a: MONEY IN THE GRAVE|Psychic|p1a: Ferrothorn\n|-resisted|p1a: Ferrothorn\n|-damage|p1a: Ferrothorn|27\/100\n|-unboost|p1a: Ferrothorn|spd|1\n|move|p1a: Ferrothorn|Leech Seed|p2a: MONEY IN THE GRAVE\n|-start|p2a: MONEY IN THE GRAVE|move: Leech Seed\n|\n|-weather|RainDance|[upkeep]\n|-heal|p1a: Ferrothorn|34\/100|[from] item: Leftovers\n|-damage|p2a: MONEY IN THE GRAVE|42\/100|[from] Leech Seed|[of] p1a: Ferrothorn\n|-heal|p1a: Ferrothorn|44\/100|[silent]\n|upkeep\n|turn|7\n|\n|t:|1613672766\n|switch|p1a: Politoed|Politoed, M|100\/100 slp\n|move|p2a: MONEY IN THE GRAVE|Psychic|p1a: Politoed\n|-damage|p1a: Politoed|51\/100 slp\n|\n|-weather|RainDance|[upkeep]\n|-damage|p2a: MONEY IN THE GRAVE|29\/100|[from] Leech Seed|[of] p1a: Politoed\n|-heal|p1a: Politoed|61\/100 slp|[silent]\n|upkeep\n|turn|8\n|\n|t:|1613672774\n|switch|p2a: YASEDLORD CTC|Ferrothorn, M|100\/100\n|switch|p1a: Magearna|Magearna|100\/100\n|\n|-weather|none\n|upkeep\n|turn|9\n|\n|t:|1613672780\n|switch|p1a: Politoed|Politoed, M|61\/100 slp\n|-weather|RainDance|[from] ability: Drizzle|[of] p1a: Politoed\n|move|p2a: YASEDLORD CTC|Leech Seed|p1a: Politoed\n|-start|p1a: Politoed|move: Leech Seed\n|\n|-weather|RainDance|[upkeep]\n|-damage|p1a: Politoed|49\/100 slp|[from] Leech Seed|[of] p2a: YASEDLORD CTC\n|upkeep\n|turn|10\n|\n|t:|1613672786\n|switch|p1a: Barraskewda|Barraskewda, M|100\/100\n|switch|p2a: MONEY IN THE GRAVE|Latios, M|29\/100\n|\n|-weather|RainDance|[upkeep]\n|upkeep\n|turn|11\n|\n|t:|1613672793\n|switch|p2a: YASEDLORD CTC|Ferrothorn, M|100\/100\n|move|p1a: Barraskewda|Flip Turn|p2a: YASEDLORD CTC\n|-resisted|p2a: YASEDLORD CTC\n|-damage|p2a: YASEDLORD CTC|74\/100\n|-damage|p1a: Barraskewda|88\/100|[from] ability: Iron Barbs|[of] p2a: YASEDLORD CTC\n|\n|t:|1613672804\n|switch|p1a: Azumarill|Azumarill, M|100\/100|[from]move: Flip Turn\n|\n|-weather|RainDance|[upkeep]\n|-heal|p2a: YASEDLORD CTC|80\/100|[from] item: Leftovers\n|upkeep\n|turn|12\n|\n|t:|1613672813\n|switch|p2a: NASTY THOUGHTS|Tornadus-Therian, M|100\/100\n|move|p1a: Azumarill|Belly Drum|p1a: Azumarill\n|-damage|p1a: Azumarill|50\/100\n|-setboost|p1a: Azumarill|atk|6|[from] move: Belly Drum\n|-enditem|p1a: Azumarill|Sitrus Berry|[eat]\n|-heal|p1a: Azumarill|75\/100|[from] item: Sitrus Berry\n|\n|-weather|RainDance|[upkeep]\n|upkeep\n|turn|13\n|\n|t:|1613672824\n|switch|p2a: YASEDLORD CTC|Ferrothorn, M|80\/100\n|move|p1a: Azumarill|Knock Off|p2a: YASEDLORD CTC\n|-damage|p2a: YASEDLORD CTC|0 fnt\n|-damage|p1a: Azumarill|63\/100|[from] ability: Iron Barbs|[of] p2a: YASEDLORD CTC\n|-enditem|p2a: YASEDLORD CTC|Leftovers|[from] move: Knock Off|[of] p1a: Azumarill\n|faint|p2a: YASEDLORD CTC\n|\n|-weather|RainDance|[upkeep]\n|upkeep\n|\n|t:|1613672837\n|switch|p2a: HYDRAULIC BLAST|Barraskewda, M|100\/100\n|turn|14\n|\n|t:|1613672845\n|move|p1a: Azumarill|Aqua Jet|p2a: HYDRAULIC BLAST\n|-resisted|p2a: HYDRAULIC BLAST\n|-damage|p2a: HYDRAULIC BLAST|0 fnt\n|faint|p2a: HYDRAULIC BLAST\n|\n|-weather|RainDance|[upkeep]\n|upkeep\n|-message|ArcanineSquad forfeited.\n|\n|win|MooManBob\n|l|\u2606ArcanineSquad\n||Ladder (probably) updated, but score could not be retrieved (Request timeout).\n","uploadtime":1613672854,"views":4,"p1id":"moomanbob","p2id":"arcaninesquad","formatid":"gen8ou","rating":0,"private":0,"password":null}