{"id":"gen8ou-1705476246","p1":"Spectre Ace","p2":"Kasumitot","format":"gen8ou","log":"|j|\u2606Spectre Ace\n|j|\u2606Kasumitot\n|t:|1667883276\n|gametype|singles\n|player|p1|Spectre Ace|juggler|1744\n|player|p2|Kasumitot|lady|1699\n|teamsize|p1|6\n|teamsize|p2|6\n|gen|8\n|tier|[Gen 8] OU\n|rated|\n|rule|Sleep Clause Mod: Limit one foe put to sleep\n|rule|Species Clause: Limit one of each Pok\u00e9mon\n|rule|OHKO Clause: OHKO moves are banned\n|rule|Evasion Items Clause: Evasion items are banned\n|rule|Evasion Moves Clause: Evasion moves are banned\n|rule|Endless Battle Clause: Forcing endless battles is banned\n|rule|HP Percentage Mod: HP is shown in percentages\n|rule|Dynamax Clause: You cannot dynamax\n|clearpoke\n|poke|p1|Raichu-Alola, F|\n|poke|p1|Tapu Koko|\n|poke|p1|Ferrothorn, M|\n|poke|p1|Mandibuzz, F|\n|poke|p1|Garchomp, M|\n|poke|p1|Clefable, M|\n|poke|p2|Tyranitar, M|\n|poke|p2|Tapu Lele|\n|poke|p2|Landorus-Therian, M|\n|poke|p2|Regieleki|\n|poke|p2|Toxapex, M|\n|poke|p2|Ferrothorn, F|\n|teampreview\n|\n|t:|1667883293\n|start\n|switch|p1a: Crane|Garchomp, M|100\/100\n|switch|p2a: Tyranitar|Tyranitar, M|100\/100\n|-weather|Sandstorm|[from] ability: Sand Stream|[of] p2a: Tyranitar\n|turn|1\n|\n|t:|1667883297\n|move|p1a: Crane|Earthquake|p2a: Tyranitar\n|-supereffective|p2a: Tyranitar\n|-damage|p2a: Tyranitar|8\/100\n|move|p2a: Tyranitar|Ice Punch|p1a: Crane\n|-supereffective|p1a: Crane\n|-damage|p1a: Crane|0 fnt\n|-damage|p2a: Tyranitar|0 fnt|[from] ability: Rough Skin|[of] p1a: Crane\n|faint|p1a: Crane\n|faint|p2a: Tyranitar\n|\n|-weather|Sandstorm|[upkeep]\n|upkeep\n|j| Cocoon\u2601Evolution\n|\n|t:|1667883312\n|switch|p1a: Clefable|Clefable, M|100\/100\n|switch|p2a: Tapu Lele|Tapu Lele|100\/100\n|-fieldstart|move: Psychic Terrain|[from] ability: Psychic Surge|[of] p2a: Tapu Lele\n|turn|2\n|\n|t:|1667883314\n|switch|p1a: Sundowner|Ferrothorn, M|100\/100\n|move|p2a: Tapu Lele|Psychic|p1a: Sundowner\n|-resisted|p1a: Sundowner\n|-damage|p1a: Sundowner|69\/100\n|\n|-weather|Sandstorm|[upkeep]\n|-damage|p2a: Tapu Lele|94\/100|[from] Sandstorm\n|-heal|p1a: Sundowner|75\/100|[from] item: Leftovers\n|upkeep\n|turn|3\n|\n|t:|1667883320\n|switch|p2a: Ferrothorn|Ferrothorn, F|100\/100\n|move|p1a: Sundowner|Spikes|p2a: Ferrothorn\n|-sidestart|p2: Kasumitot|Spikes\n|\n|-weather|Sandstorm|[upkeep]\n|-heal|p1a: Sundowner|81\/100|[from] item: Leftovers\n|upkeep\n|turn|4\n|\n|t:|1667883323\n|switch|p1a: Clefable|Clefable, M|100\/100\n|move|p2a: Ferrothorn|Knock Off|p1a: Clefable\n|-resisted|p1a: Clefable\n|-damage|p1a: Clefable|92\/100\n|-enditem|p1a: Clefable|Heavy-Duty Boots|[from] move: Knock Off|[of] p2a: Ferrothorn\n|\n|-weather|Sandstorm|[upkeep]\n|-damage|p1a: Clefable|86\/100|[from] Sandstorm\n|upkeep\n|turn|5\n|\n|t:|1667883327\n|move|p1a: Clefable|Calm Mind|p1a: Clefable\n|-boost|p1a: Clefable|spa|1\n|-boost|p1a: Clefable|spd|1\n|move|p2a: Ferrothorn|Leech Seed|p1a: Clefable\n|-start|p1a: Clefable|move: Leech Seed\n|\n|-weather|none\n|-damage|p1a: Clefable|73\/100|[from] Leech Seed|[of] p2a: Ferrothorn\n|upkeep\n|turn|6\n|\n|t:|1667883331\n|move|p1a: Clefable|Flamethrower|p2a: Ferrothorn\n|-supereffective|p2a: Ferrothorn\n|-damage|p2a: Ferrothorn|28\/100\n|move|p2a: Ferrothorn|Spikes|p1a: Clefable\n|-sidestart|p1: Spectre Ace|Spikes\n|\n|-damage|p1a: Clefable|61\/100|[from] Leech Seed|[of] p2a: Ferrothorn\n|-heal|p2a: Ferrothorn|42\/100|[silent]\n|-fieldend|move: Psychic Terrain\n|upkeep\n|turn|7\n|j| TeamTitan711\n|\n|t:|1667883338\n|move|p1a: Clefable|Moonblast|p2a: Ferrothorn\n|-resisted|p2a: Ferrothorn\n|-damage|p2a: Ferrothorn|28\/100\n|-unboost|p2a: Ferrothorn|spa|1\n|move|p2a: Ferrothorn|Spikes|p1a: Clefable\n|-sidestart|p1: Spectre Ace|Spikes\n|\n|-damage|p1a: Clefable|48\/100|[from] Leech Seed|[of] p2a: Ferrothorn\n|-heal|p2a: Ferrothorn|42\/100|[silent]\n|upkeep\n|turn|8\n|l| TeamTitan711\n|\n|t:|1667883347\n|move|p1a: Clefable|Flamethrower|p2a: Ferrothorn\n|-supereffective|p2a: Ferrothorn\n|-damage|p2a: Ferrothorn|0 fnt\n|faint|p2a: Ferrothorn\n|\n|upkeep\n|\n|t:|1667883355\n|switch|p2a: Landorus|Landorus-Therian, M|100\/100\n|-ability|p2a: Landorus|Intimidate|boost\n|-unboost|p1a: Clefable|atk|1\n|turn|9\n|\n|t:|1667883357\n|move|p2a: Landorus|Earthquake|p1a: Clefable\n|-damage|p1a: Clefable|0 fnt\n|faint|p1a: Clefable\n|\n|upkeep\n|\n|t:|1667883361\n|switch|p1a: Croft|Mandibuzz, F|100\/100\n|turn|10\n|\n|t:|1667883370\n|move|p2a: Landorus|Stealth Rock|p1a: Croft\n|-sidestart|p1: Spectre Ace|move: Stealth Rock\n|move|p1a: Croft|Defog|p2a: Landorus\n|-unboost|p2a: Landorus|evasion|1\n|-sideend|p2: Kasumitot|Spikes|[from] move: Defog|[of] p1a: Croft\n|-sideend|p1: Spectre Ace|Spikes|[from] move: Defog|[of] p1a: Croft\n|-sideend|p1: Spectre Ace|Stealth Rock|[from] move: Defog|[of] p1a: Croft\n|\n|upkeep\n|turn|11\n|\n|t:|1667883372\n|move|p2a: Landorus|Toxic|p1a: Croft\n|-status|p1a: Croft|tox\n|move|p1a: Croft|Foul Play|p2a: Landorus\n|-damage|p2a: Landorus|37\/100\n|\n|-heal|p2a: Landorus|43\/100|[from] item: Leftovers\n|-damage|p1a: Croft|94\/100 tox|[from] psn\n|upkeep\n|turn|12\n|\n|t:|1667883376\n|switch|p2a: Toxapex|Toxapex, M|100\/100\n|move|p1a: Croft|Foul Play|p2a: Toxapex\n|-damage|p2a: Toxapex|90\/100\n|-damage|p1a: Croft|78\/100 tox|[from] item: Rocky Helmet|[of] p2a: Toxapex\n|\n|-damage|p1a: Croft|66\/100 tox|[from] psn\n|upkeep\n|turn|13\n|\n|t:|1667883379\n|move|p1a: Croft|U-turn|p2a: Toxapex\n|-resisted|p2a: Toxapex\n|-damage|p2a: Toxapex|87\/100\n|-damage|p1a: Croft|49\/100 tox|[from] item: Rocky Helmet|[of] p2a: Toxapex\n|\n|t:|1667883381\n|switch|p1a: Booker|Tapu Koko|100\/100|[from]move: U-turn\n|-fieldstart|move: Electric Terrain|[from] ability: Electric Surge|[of] p1a: Booker\n|move|p2a: Toxapex|Scald|p1a: Booker\n|-damage|p1a: Booker|77\/100\n|-status|p1a: Booker|brn\n|\n|-damage|p1a: Booker|71\/100 brn|[from] brn\n|upkeep\n|turn|14\n|\n|t:|1667883390\n|move|p1a: Booker|U-turn|p2a: Toxapex\n|-resisted|p2a: Toxapex\n|-damage|p2a: Toxapex|85\/100\n|-damage|p1a: Booker|54\/100 brn|[from] item: Rocky Helmet|[of] p2a: Toxapex\n|\n|t:|1667883393\n|switch|p1a: Sundowner|Ferrothorn, M|81\/100|[from]move: U-turn\n|move|p2a: Toxapex|Scald|p1a: Sundowner\n|-resisted|p1a: Sundowner\n|-damage|p1a: Sundowner|76\/100\n|\n|-heal|p1a: Sundowner|82\/100|[from] item: Leftovers\n|upkeep\n|turn|15\n|\n|t:|1667883401\n|move|p2a: Toxapex|Scald|p1a: Sundowner\n|-resisted|p1a: Sundowner\n|-damage|p1a: Sundowner|77\/100\n|move|p1a: Sundowner|Leech Seed|p2a: Toxapex\n|-start|p2a: Toxapex|move: Leech Seed\n|\n|-heal|p1a: Sundowner|83\/100|[from] item: Leftovers\n|-damage|p2a: Toxapex|72\/100|[from] Leech Seed|[of] p1a: Sundowner\n|-heal|p1a: Sundowner|93\/100|[silent]\n|upkeep\n|turn|16\n|\n|t:|1667883405\n|switch|p1a: Booker|Tapu Koko|54\/100 brn\n|move|p2a: Toxapex|Scald|p1a: Booker\n|-damage|p1a: Booker|30\/100 brn\n|\n|-damage|p2a: Toxapex|60\/100|[from] Leech Seed|[of] p1a: Booker\n|-heal|p1a: Booker|44\/100 brn|[silent]\n|-damage|p1a: Booker|38\/100 brn|[from] brn\n|upkeep\n|turn|17\n|\n|t:|1667883410\n|move|p1a: Booker|Roost|p1a: Booker\n|-heal|p1a: Booker|88\/100 brn\n|-singleturn|p1a: Booker|move: Roost\n|move|p2a: Toxapex|Scald|p1a: Booker\n|-damage|p1a: Booker|64\/100 brn\n|\n|-damage|p2a: Toxapex|48\/100|[from] Leech Seed|[of] p1a: Booker\n|-heal|p1a: Booker|77\/100 brn|[silent]\n|-damage|p1a: Booker|71\/100 brn|[from] brn\n|upkeep\n|turn|18\n|\n|t:|1667883413\n|switch|p2a: Landorus|Landorus-Therian, M|43\/100\n|-ability|p2a: Landorus|Intimidate|boost\n|-unboost|p1a: Booker|atk|1\n|move|p1a: Booker|U-turn|p2a: Landorus\n|-resisted|p2a: Landorus\n|-damage|p2a: Landorus|40\/100\n|\n|t:|1667883415\n|switch|p1a: Valentine|Raichu-Alola, F, shiny|100\/100|[from]move: U-turn\n|\n|-heal|p2a: Landorus|46\/100|[from] item: Leftovers\n|upkeep\n|turn|19\n|\n|t:|1667883424\n|switch|p2a: Tapu Lele|Tapu Lele|94\/100\n|-fieldstart|move: Psychic Terrain|[from] ability: Psychic Surge|[of] p2a: Tapu Lele\n|move|p1a: Valentine|Surf|p2a: Tapu Lele\n|-damage|p2a: Tapu Lele|54\/100\n|-damage|p1a: Valentine|91\/100|[from] item: Life Orb\n|\n|upkeep\n|turn|20\n|\n|t:|1667883432\n|switch|p1a: Sundowner|Ferrothorn, M|93\/100\n|move|p2a: Tapu Lele|Focus Blast|p1a: Sundowner|[miss]\n|-miss|p2a: Tapu Lele|p1a: Sundowner\n|\n|-heal|p1a: Sundowner|99\/100|[from] item: Leftovers\n|upkeep\n|turn|21\n|\n|t:|1667883437\n|switch|p1a: Booker|Tapu Koko|71\/100 brn\n|-fieldstart|move: Electric Terrain|[from] ability: Electric Surge|[of] p1a: Booker\n|move|p2a: Tapu Lele|Focus Blast|p1a: Booker\n|-resisted|p1a: Booker\n|-damage|p1a: Booker|19\/100 brn\n|\n|-damage|p1a: Booker|13\/100 brn|[from] brn\n|upkeep\n|turn|22\n|\n|t:|1667883447\n|switch|p1a: Valentine|Raichu-Alola, F, shiny|91\/100\n|move|p2a: Tapu Lele|Focus Blast|p1a: Valentine\n|-resisted|p1a: Valentine\n|-damage|p1a: Valentine|47\/100\n|\n|upkeep\n|turn|23\n|\n|t:|1667883457\n|switch|p2a: Landorus|Landorus-Therian, M|46\/100\n|-ability|p2a: Landorus|Intimidate|boost\n|-unboost|p1a: Valentine|atk|1\n|move|p1a: Valentine|Rising Voltage|p2a: Landorus\n|-immune|p2a: Landorus\n|\n|-heal|p2a: Landorus|52\/100|[from] item: Leftovers\n|upkeep\n|turn|24\n|\n|t:|1667883478\n|switch|p2a: Tapu Lele|Tapu Lele|54\/100\n|-fieldstart|move: Psychic Terrain|[from] ability: Psychic Surge|[of] p2a: Tapu Lele\n|move|p1a: Valentine|Surf|p2a: Tapu Lele\n|-damage|p2a: Tapu Lele|12\/100\n|-damage|p1a: Valentine|37\/100|[from] item: Life Orb\n|\n|upkeep\n|turn|25\n|\n|t:|1667883487\n|move|p1a: Valentine|Surf|p2a: Tapu Lele\n|-damage|p2a: Tapu Lele|0 fnt\n|faint|p2a: Tapu Lele\n|-damage|p1a: Valentine|27\/100|[from] item: Life Orb\n|\n|upkeep\n|\n|t:|1667883493\n|switch|p2a: Regieleki|Regieleki|100\/100\n|turn|26\n|\n|t:|1667883498\n|switch|p1a: Croft|Mandibuzz, F|49\/100 tox\n|move|p2a: Regieleki|Volt Switch|p1a: Croft\n|-supereffective|p1a: Croft\n|-damage|p1a: Croft|0 fnt\n|faint|p1a: Croft\n|\n|t:|1667883508\n|switch|p2a: Toxapex|Toxapex, M|81\/100|[from]move: Volt Switch\n|\n|upkeep\n|\n|t:|1667883510\n|switch|p1a: Booker|Tapu Koko|13\/100 brn\n|-fieldstart|move: Electric Terrain|[from] ability: Electric Surge|[of] p1a: Booker\n|turn|27\n|j| chargee Q\n|j| BabyPigsAreLaughin\n|\n|t:|1667883532\n|move|p1a: Booker|Roost|p1a: Booker\n|-heal|p1a: Booker|63\/100 brn\n|-singleturn|p1a: Booker|move: Roost\n|move|p2a: Toxapex|Scald|p1a: Booker\n|-damage|p1a: Booker|39\/100 brn\n|\n|-damage|p1a: Booker|33\/100 brn|[from] brn\n|upkeep\n|turn|28\n|\n|t:|1667883535\n|switch|p1a: Sundowner|Ferrothorn, M|99\/100\n|move|p2a: Toxapex|Scald|p1a: Sundowner\n|-resisted|p1a: Sundowner\n|-damage|p1a: Sundowner|94\/100\n|\n|-heal|p1a: Sundowner|100\/100|[from] item: Leftovers\n|upkeep\n|turn|29\n|\n|t:|1667883538\n|move|p2a: Toxapex|Scald|p1a: Sundowner\n|-resisted|p1a: Sundowner\n|-damage|p1a: Sundowner|95\/100\n|move|p1a: Sundowner|Spikes|p2a: Toxapex\n|-sidestart|p2: Kasumitot|Spikes\n|\n|-heal|p1a: Sundowner|100\/100|[from] item: Leftovers\n|upkeep\n|turn|30\n|\n|t:|1667883541\n|move|p2a: Toxapex|Scald|p1a: Sundowner\n|-resisted|p1a: Sundowner\n|-damage|p1a: Sundowner|95\/100\n|move|p1a: Sundowner|Knock Off|p2a: Toxapex\n|-damage|p2a: Toxapex|69\/100\n|-damage|p1a: Sundowner|78\/100|[from] item: Rocky Helmet|[of] p2a: Toxapex\n|-enditem|p2a: Toxapex|Rocky Helmet|[from] move: Knock Off|[of] p1a: Sundowner\n|\n|-heal|p1a: Sundowner|85\/100|[from] item: Leftovers\n|upkeep\n|turn|31\n|\n|t:|1667883543\n|move|p2a: Toxapex|Scald|p1a: Sundowner\n|-resisted|p1a: Sundowner\n|-damage|p1a: Sundowner|79\/100\n|move|p1a: Sundowner|Leech Seed|p2a: Toxapex\n|-start|p2a: Toxapex|move: Leech Seed\n|\n|-heal|p1a: Sundowner|85\/100|[from] item: Leftovers\n|-damage|p2a: Toxapex|57\/100|[from] Leech Seed|[of] p1a: Sundowner\n|-heal|p1a: Sundowner|96\/100|[silent]\n|upkeep\n|turn|32\n|\n|t:|1667883546\n|switch|p2a: Landorus|Landorus-Therian, M|52\/100\n|-ability|p2a: Landorus|Intimidate|boost\n|-unboost|p1a: Sundowner|atk|1\n|move|p1a: Sundowner|Spikes|p2a: Landorus\n|-sidestart|p2: Kasumitot|Spikes\n|\n|-heal|p2a: Landorus|58\/100|[from] item: Leftovers\n|-heal|p1a: Sundowner|100\/100|[from] item: Leftovers\n|upkeep\n|turn|33\n|\n|t:|1667883552\n|move|p2a: Landorus|Knock Off|p1a: Sundowner\n|-damage|p1a: Sundowner|73\/100\n|-damage|p2a: Landorus|46\/100|[from] ability: Iron Barbs|[of] p1a: Sundowner\n|-enditem|p1a: Sundowner|Leftovers|[from] move: Knock Off|[of] p2a: Landorus\n|move|p1a: Sundowner|Leech Seed|p2a: Landorus\n|-start|p2a: Landorus|move: Leech Seed\n|\n|-heal|p2a: Landorus|52\/100|[from] item: Leftovers\n|-damage|p2a: Landorus|39\/100|[from] Leech Seed|[of] p1a: Sundowner\n|-heal|p1a: Sundowner|84\/100|[silent]\n|upkeep\n|turn|34\n|\n|t:|1667883558\n|move|p2a: Landorus|Stealth Rock|p1a: Sundowner\n|-sidestart|p1: Spectre Ace|move: Stealth Rock\n|move|p1a: Sundowner|Spikes|p2a: Landorus\n|-sidestart|p2: Kasumitot|Spikes\n|\n|-heal|p2a: Landorus|45\/100|[from] item: Leftovers\n|-damage|p2a: Landorus|33\/100|[from] Leech Seed|[of] p1a: Sundowner\n|-heal|p1a: Sundowner|95\/100|[silent]\n|-fieldend|move: Electric Terrain\n|upkeep\n|turn|35\n|\n|t:|1667883560\n|switch|p2a: Toxapex|Toxapex, M|91\/100\n|-damage|p2a: Toxapex|66\/100|[from] Spikes\n|move|p1a: Sundowner|Gyro Ball|p2a: Toxapex\n|-resisted|p2a: Toxapex\n|-damage|p2a: Toxapex|62\/100\n|\n|upkeep\n|turn|36\n|\n|t:|1667883564\n|move|p2a: Toxapex|Scald|p1a: Sundowner\n|-resisted|p1a: Sundowner\n|-damage|p1a: Sundowner|89\/100\n|move|p1a: Sundowner|Leech Seed|p2a: Toxapex\n|-start|p2a: Toxapex|move: Leech Seed\n|\n|-damage|p2a: Toxapex|50\/100|[from] Leech Seed|[of] p1a: Sundowner\n|-heal|p1a: Sundowner|99\/100|[silent]\n|upkeep\n|turn|37\n|l| chargee Q\n|\n|t:|1667883571\n|move|p2a: Toxapex|Scald|p1a: Sundowner\n|-resisted|p1a: Sundowner\n|-damage|p1a: Sundowner|94\/100\n|-status|p1a: Sundowner|brn\n|move|p1a: Sundowner|Leech Seed||[still]\n|-fail|p1a: Sundowner\n|\n|-damage|p2a: Toxapex|38\/100|[from] Leech Seed|[of] p1a: Sundowner\n|-heal|p1a: Sundowner|100\/100 brn|[silent]\n|-damage|p1a: Sundowner|94\/100 brn|[from] brn\n|upkeep\n|turn|38\n|\n|t:|1667883574\n|switch|p1a: Booker|Tapu Koko|33\/100 brn\n|-damage|p1a: Booker|21\/100 brn|[from] Stealth Rock\n|-fieldstart|move: Electric Terrain|[from] ability: Electric Surge|[of] p1a: Booker\n|move|p2a: Toxapex|Scald|p1a: Booker\n|-damage|p1a: Booker|0 fnt\n|faint|p1a: Booker\n|\n|upkeep\n|\n|t:|1667883576\n|switch|p1a: Valentine|Raichu-Alola, F, shiny|27\/100\n|-damage|p1a: Valentine|15\/100|[from] Stealth Rock\n|turn|39\n|inactive|Battle timer is ON: inactive players will automatically lose when time's up. (requested by Spectre Ace)\n|j| skalala\n|\n|t:|1667883628\n|switch|p2a: Regieleki|Regieleki|100\/100\n|move|p1a: Valentine|Rising Voltage|p2a: Regieleki\n|-hint|Rising Voltage's BP doubled on grounded target.\n|-resisted|p2a: Regieleki\n|-damage|p2a: Regieleki|0 fnt\n|faint|p2a: Regieleki\n|-damage|p1a: Valentine|5\/100|[from] item: Life Orb\n|\n|upkeep\n|\n|t:|1667883643\n|switch|p2a: Toxapex|Toxapex, M|71\/100\n|-damage|p2a: Toxapex|46\/100|[from] Spikes\n|turn|40\n|\n|t:|1667883647\n|switch|p2a: Landorus|Landorus-Therian, M|33\/100\n|-ability|p2a: Landorus|Intimidate|boost\n|-unboost|p1a: Valentine|atk|1\n|move|p1a: Valentine|Psyshock|p2a: Landorus\n|-damage|p2a: Landorus|0 fnt\n|faint|p2a: Landorus\n|-damage|p1a: Valentine|0 fnt|[from] item: Life Orb\n|faint|p1a: Valentine\n|\n|upkeep\n|j| Ferchula123\n|\n|t:|1667883655\n|switch|p1a: Sundowner|Ferrothorn, M|94\/100 brn\n|switch|p2a: Toxapex|Toxapex, M|80\/100\n|-damage|p2a: Toxapex|55\/100|[from] Spikes\n|-damage|p1a: Sundowner|88\/100 brn|[from] Stealth Rock\n|turn|41\n|\n|t:|1667883663\n|move|p2a: Toxapex|Haze|p2a: Toxapex\n|-clearallboost\n|move|p1a: Sundowner|Leech Seed|p2a: Toxapex\n|-start|p2a: Toxapex|move: Leech Seed\n|\n|-damage|p2a: Toxapex|43\/100|[from] Leech Seed|[of] p1a: Sundowner\n|-heal|p1a: Sundowner|99\/100 brn|[silent]\n|-damage|p1a: Sundowner|92\/100 brn|[from] brn\n|upkeep\n|turn|42\n|\n|t:|1667883669\n|move|p2a: Toxapex|Haze|p2a: Toxapex\n|-clearallboost\n|move|p1a: Sundowner|Spikes||[still]\n|-fail|p1a: Sundowner\n|\n|-damage|p2a: Toxapex|31\/100|[from] Leech Seed|[of] p1a: Sundowner\n|-heal|p1a: Sundowner|100\/100 brn|[silent]\n|-damage|p1a: Sundowner|94\/100 brn|[from] brn\n|upkeep\n|turn|43\n|\n|t:|1667883674\n|move|p2a: Toxapex|Recover|p2a: Toxapex\n|-heal|p2a: Toxapex|81\/100\n|move|p1a: Sundowner|Knock Off|p2a: Toxapex\n|-damage|p2a: Toxapex|77\/100\n|\n|-damage|p2a: Toxapex|65\/100|[from] Leech Seed|[of] p1a: Sundowner\n|-heal|p1a: Sundowner|100\/100 brn|[silent]\n|-damage|p1a: Sundowner|94\/100 brn|[from] brn\n|upkeep\n|turn|44\n|\n|t:|1667883678\n|move|p2a: Toxapex|Haze|p2a: Toxapex\n|-clearallboost\n|move|p1a: Sundowner|Spikes||[still]\n|-fail|p1a: Sundowner\n|\n|-damage|p2a: Toxapex|52\/100|[from] Leech Seed|[of] p1a: Sundowner\n|-heal|p1a: Sundowner|100\/100 brn|[silent]\n|-damage|p1a: Sundowner|94\/100 brn|[from] brn\n|upkeep\n|turn|45\n|\n|t:|1667883681\n|move|p2a: Toxapex|Haze|p2a: Toxapex\n|-clearallboost\n|move|p1a: Sundowner|Spikes||[still]\n|-fail|p1a: Sundowner\n|\n|-damage|p2a: Toxapex|40\/100|[from] Leech Seed|[of] p1a: Sundowner\n|-heal|p1a: Sundowner|100\/100 brn|[silent]\n|-damage|p1a: Sundowner|94\/100 brn|[from] brn\n|-fieldend|move: Electric Terrain\n|upkeep\n|turn|46\n|\n|t:|1667883684\n|move|p2a: Toxapex|Haze|p2a: Toxapex\n|-clearallboost\n|move|p1a: Sundowner|Spikes||[still]\n|-fail|p1a: Sundowner\n|\n|-damage|p2a: Toxapex|28\/100|[from] Leech Seed|[of] p1a: Sundowner\n|-heal|p1a: Sundowner|100\/100 brn|[silent]\n|-damage|p1a: Sundowner|94\/100 brn|[from] brn\n|upkeep\n|turn|47\n|\n|t:|1667883688\n|move|p2a: Toxapex|Recover|p2a: Toxapex\n|-heal|p2a: Toxapex|78\/100\n|move|p1a: Sundowner|Spikes||[still]\n|-fail|p1a: Sundowner\n|\n|-damage|p2a: Toxapex|66\/100|[from] Leech Seed|[of] p1a: Sundowner\n|-heal|p1a: Sundowner|100\/100 brn|[silent]\n|-damage|p1a: Sundowner|94\/100 brn|[from] brn\n|upkeep\n|turn|48\n|\n|t:|1667883692\n|move|p2a: Toxapex|Toxic||[still]\n|-fail|p2a: Toxapex\n|move|p1a: Sundowner|Spikes||[still]\n|-fail|p1a: Sundowner\n|\n|-damage|p2a: Toxapex|54\/100|[from] Leech Seed|[of] p1a: Sundowner\n|-heal|p1a: Sundowner|100\/100 brn|[silent]\n|-damage|p1a: Sundowner|94\/100 brn|[from] brn\n|upkeep\n|turn|49\n|\n|t:|1667883696\n|move|p2a: Toxapex|Toxic||[still]\n|-fail|p2a: Toxapex\n|move|p1a: Sundowner|Spikes||[still]\n|-fail|p1a: Sundowner\n|\n|-damage|p2a: Toxapex|41\/100|[from] Leech Seed|[of] p1a: Sundowner\n|-heal|p1a: Sundowner|100\/100 brn|[silent]\n|-damage|p1a: Sundowner|94\/100 brn|[from] brn\n|upkeep\n|turn|50\n|\n|t:|1667883699\n|move|p2a: Toxapex|Toxic||[still]\n|-fail|p2a: Toxapex\n|move|p1a: Sundowner|Spikes||[still]\n|-fail|p1a: Sundowner\n|\n|-damage|p2a: Toxapex|29\/100|[from] Leech Seed|[of] p1a: Sundowner\n|-heal|p1a: Sundowner|100\/100 brn|[silent]\n|-damage|p1a: Sundowner|94\/100 brn|[from] brn\n|upkeep\n|turn|51\n|\n|t:|1667883713\n|move|p2a: Toxapex|Toxic||[still]\n|-fail|p2a: Toxapex\n|move|p1a: Sundowner|Spikes||[still]\n|-fail|p1a: Sundowner\n|\n|-damage|p2a: Toxapex|17\/100|[from] Leech Seed|[of] p1a: Sundowner\n|-heal|p1a: Sundowner|100\/100 brn|[silent]\n|-damage|p1a: Sundowner|94\/100 brn|[from] brn\n|upkeep\n|turn|52\n|\n|t:|1667883716\n|move|p2a: Toxapex|Recover|p2a: Toxapex\n|-heal|p2a: Toxapex|67\/100\n|move|p1a: Sundowner|Knock Off|p2a: Toxapex\n|-damage|p2a: Toxapex|63\/100\n|\n|-damage|p2a: Toxapex|51\/100|[from] Leech Seed|[of] p1a: Sundowner\n|-heal|p1a: Sundowner|100\/100 brn|[silent]\n|-damage|p1a: Sundowner|94\/100 brn|[from] brn\n|upkeep\n|turn|53\n|\n|t:|1667883719\n|move|p2a: Toxapex|Haze|p2a: Toxapex\n|-clearallboost\n|move|p1a: Sundowner|Spikes||[still]\n|-fail|p1a: Sundowner\n|\n|-damage|p2a: Toxapex|39\/100|[from] Leech Seed|[of] p1a: Sundowner\n|-heal|p1a: Sundowner|100\/100 brn|[silent]\n|-damage|p1a: Sundowner|94\/100 brn|[from] brn\n|upkeep\n|turn|54\n|j| westcottike\n|\n|t:|1667883721\n|move|p2a: Toxapex|Haze|p2a: Toxapex\n|-clearallboost\n|move|p1a: Sundowner|Spikes||[still]\n|-fail|p1a: Sundowner\n|\n|-damage|p2a: Toxapex|27\/100|[from] Leech Seed|[of] p1a: Sundowner\n|-heal|p1a: Sundowner|100\/100 brn|[silent]\n|-damage|p1a: Sundowner|94\/100 brn|[from] brn\n|upkeep\n|turn|55\n|\n|t:|1667883725\n|move|p2a: Toxapex|Haze|p2a: Toxapex\n|-clearallboost\n|move|p1a: Sundowner|Spikes||[still]\n|-fail|p1a: Sundowner\n|\n|-damage|p2a: Toxapex|14\/100|[from] Leech Seed|[of] p1a: Sundowner\n|-heal|p1a: Sundowner|100\/100 brn|[silent]\n|-damage|p1a: Sundowner|94\/100 brn|[from] brn\n|upkeep\n|turn|56\n|\n|t:|1667883730\n|move|p2a: Toxapex|Recover|p2a: Toxapex\n|-heal|p2a: Toxapex|65\/100\n|move|p1a: Sundowner|Knock Off|p2a: Toxapex\n|-damage|p2a: Toxapex|60\/100\n|\n|-damage|p2a: Toxapex|48\/100|[from] Leech Seed|[of] p1a: Sundowner\n|-heal|p1a: Sundowner|100\/100 brn|[silent]\n|-damage|p1a: Sundowner|94\/100 brn|[from] brn\n|upkeep\n|turn|57\n|\n|t:|1667883741\n|move|p2a: Toxapex|Toxic||[still]\n|-fail|p2a: Toxapex\n|move|p1a: Sundowner|Knock Off|p2a: Toxapex\n|-damage|p2a: Toxapex|44\/100\n|\n|-damage|p2a: Toxapex|32\/100|[from] Leech Seed|[of] p1a: Sundowner\n|-heal|p1a: Sundowner|100\/100 brn|[silent]\n|-damage|p1a: Sundowner|94\/100 brn|[from] brn\n|upkeep\n|turn|58\n|\n|t:|1667883743\n|move|p2a: Toxapex|Toxic||[still]\n|-fail|p2a: Toxapex\n|move|p1a: Sundowner|Knock Off|p2a: Toxapex\n|-damage|p2a: Toxapex|28\/100\n|\n|-damage|p2a: Toxapex|16\/100|[from] Leech Seed|[of] p1a: Sundowner\n|-heal|p1a: Sundowner|100\/100 brn|[silent]\n|-damage|p1a: Sundowner|94\/100 brn|[from] brn\n|upkeep\n|turn|59\n|\n|t:|1667883745\n|move|p2a: Toxapex|Recover|p2a: Toxapex\n|-heal|p2a: Toxapex|66\/100\n|move|p1a: Sundowner|Knock Off|p2a: Toxapex\n|-damage|p2a: Toxapex|62\/100\n|\n|-damage|p2a: Toxapex|50\/100|[from] Leech Seed|[of] p1a: Sundowner\n|-heal|p1a: Sundowner|100\/100 brn|[silent]\n|-damage|p1a: Sundowner|94\/100 brn|[from] brn\n|upkeep\n|turn|60\n|j| Eliddibu\n|\n|t:|1667883751\n|move|p2a: Toxapex|Recover|p2a: Toxapex\n|-heal|p2a: Toxapex|99\/100\n|move|p1a: Sundowner|Knock Off|p2a: Toxapex\n|-damage|p2a: Toxapex|95\/100\n|\n|-damage|p2a: Toxapex|83\/100|[from] Leech Seed|[of] p1a: Sundowner\n|-heal|p1a: Sundowner|100\/100 brn|[silent]\n|-damage|p1a: Sundowner|94\/100 brn|[from] brn\n|upkeep\n|turn|61\n|\n|t:|1667883754\n|move|p2a: Toxapex|Toxic||[still]\n|-fail|p2a: Toxapex\n|move|p1a: Sundowner|Knock Off|p2a: Toxapex\n|-damage|p2a: Toxapex|79\/100\n|\n|-damage|p2a: Toxapex|67\/100|[from] Leech Seed|[of] p1a: Sundowner\n|-heal|p1a: Sundowner|100\/100 brn|[silent]\n|-damage|p1a: Sundowner|94\/100 brn|[from] brn\n|upkeep\n|turn|62\n|\n|t:|1667883756\n|move|p2a: Toxapex|Toxic||[still]\n|-fail|p2a: Toxapex\n|move|p1a: Sundowner|Knock Off|p2a: Toxapex\n|-damage|p2a: Toxapex|62\/100\n|\n|-damage|p2a: Toxapex|50\/100|[from] Leech Seed|[of] p1a: Sundowner\n|-heal|p1a: Sundowner|100\/100 brn|[silent]\n|-damage|p1a: Sundowner|94\/100 brn|[from] brn\n|upkeep\n|turn|63\n|\n|t:|1667883758\n|move|p2a: Toxapex|Toxic||[still]\n|-fail|p2a: Toxapex\n|move|p1a: Sundowner|Spikes||[still]\n|-fail|p1a: Sundowner\n|\n|-damage|p2a: Toxapex|37\/100|[from] Leech Seed|[of] p1a: Sundowner\n|-heal|p1a: Sundowner|100\/100 brn|[silent]\n|-damage|p1a: Sundowner|94\/100 brn|[from] brn\n|upkeep\n|turn|64\n|\n|t:|1667883760\n|move|p2a: Toxapex|Toxic||[still]\n|-fail|p2a: Toxapex\n|move|p1a: Sundowner|Spikes||[still]\n|-fail|p1a: Sundowner\n|\n|-damage|p2a: Toxapex|25\/100|[from] Leech Seed|[of] p1a: Sundowner\n|-heal|p1a: Sundowner|100\/100 brn|[silent]\n|-damage|p1a: Sundowner|94\/100 brn|[from] brn\n|upkeep\n|turn|65\n|\n|t:|1667883764\n|move|p2a: Toxapex|Haze|p2a: Toxapex\n|-clearallboost\n|move|p1a: Sundowner|Spikes||[still]\n|-fail|p1a: Sundowner\n|\n|-damage|p2a: Toxapex|13\/100|[from] Leech Seed|[of] p1a: Sundowner\n|-heal|p1a: Sundowner|100\/100 brn|[silent]\n|-damage|p1a: Sundowner|94\/100 brn|[from] brn\n|upkeep\n|turn|66\n|\n|t:|1667883776\n|move|p2a: Toxapex|Recover|p2a: Toxapex\n|-heal|p2a: Toxapex|63\/100\n|move|p1a: Sundowner|Knock Off|p2a: Toxapex\n|-damage|p2a: Toxapex|59\/100\n|\n|-damage|p2a: Toxapex|47\/100|[from] Leech Seed|[of] p1a: Sundowner\n|-heal|p1a: Sundowner|100\/100 brn|[silent]\n|-damage|p1a: Sundowner|94\/100 brn|[from] brn\n|upkeep\n|turn|67\n|\n|t:|1667883780\n|move|p2a: Toxapex|Recover|p2a: Toxapex\n|-heal|p2a: Toxapex|97\/100\n|move|p1a: Sundowner|Spikes||[still]\n|-fail|p1a: Sundowner\n|\n|-damage|p2a: Toxapex|85\/100|[from] Leech Seed|[of] p1a: Sundowner\n|-heal|p1a: Sundowner|100\/100 brn|[silent]\n|-damage|p1a: Sundowner|94\/100 brn|[from] brn\n|upkeep\n|turn|68\n|\n|t:|1667883784\n|move|p2a: Toxapex|Scald|p1a: Sundowner\n|-resisted|p1a: Sundowner\n|-damage|p1a: Sundowner|88\/100 brn\n|move|p1a: Sundowner|Knock Off|p2a: Toxapex\n|-crit|p2a: Toxapex\n|-damage|p2a: Toxapex|78\/100\n|\n|-damage|p2a: Toxapex|66\/100|[from] Leech Seed|[of] p1a: Sundowner\n|-heal|p1a: Sundowner|99\/100 brn|[silent]\n|-damage|p1a: Sundowner|93\/100 brn|[from] brn\n|upkeep\n|turn|69\n|\n|t:|1667883786\n|move|p2a: Toxapex|Scald|p1a: Sundowner\n|-resisted|p1a: Sundowner\n|-damage|p1a: Sundowner|86\/100 brn\n|move|p1a: Sundowner|Knock Off|p2a: Toxapex\n|-damage|p2a: Toxapex|62\/100\n|\n|-damage|p2a: Toxapex|50\/100|[from] Leech Seed|[of] p1a: Sundowner\n|-heal|p1a: Sundowner|97\/100 brn|[silent]\n|-damage|p1a: Sundowner|91\/100 brn|[from] brn\n|upkeep\n|turn|70\n|\n|t:|1667883788\n|move|p2a: Toxapex|Scald|p1a: Sundowner\n|-resisted|p1a: Sundowner\n|-damage|p1a: Sundowner|85\/100 brn\n|move|p1a: Sundowner|Knock Off|p2a: Toxapex\n|-damage|p2a: Toxapex|45\/100\n|\n|-damage|p2a: Toxapex|33\/100|[from] Leech Seed|[of] p1a: Sundowner\n|-heal|p1a: Sundowner|95\/100 brn|[silent]\n|-damage|p1a: Sundowner|89\/100 brn|[from] brn\n|upkeep\n|turn|71\n|\n|t:|1667883791\n|move|p2a: Toxapex|Scald|p1a: Sundowner\n|-resisted|p1a: Sundowner\n|-damage|p1a: Sundowner|83\/100 brn\n|move|p1a: Sundowner|Knock Off|p2a: Toxapex\n|-damage|p2a: Toxapex|29\/100\n|\n|-damage|p2a: Toxapex|16\/100|[from] Leech Seed|[of] p1a: Sundowner\n|-heal|p1a: Sundowner|94\/100 brn|[silent]\n|-damage|p1a: Sundowner|87\/100 brn|[from] brn\n|upkeep\n|turn|72\n|\n|t:|1667883794\n|move|p2a: Toxapex|Recover|p2a: Toxapex\n|-heal|p2a: Toxapex|67\/100\n|move|p1a: Sundowner|Knock Off|p2a: Toxapex\n|-damage|p2a: Toxapex|62\/100\n|\n|-damage|p2a: Toxapex|50\/100|[from] Leech Seed|[of] p1a: Sundowner\n|-heal|p1a: Sundowner|98\/100 brn|[silent]\n|-damage|p1a: Sundowner|92\/100 brn|[from] brn\n|upkeep\n|turn|73\n|\n|t:|1667883797\n|move|p2a: Toxapex|Recover|p2a: Toxapex\n|-heal|p2a: Toxapex|99\/100\n|move|p1a: Sundowner|Knock Off|p2a: Toxapex\n|-damage|p2a: Toxapex|96\/100\n|\n|-damage|p2a: Toxapex|83\/100|[from] Leech Seed|[of] p1a: Sundowner\n|-heal|p1a: Sundowner|100\/100 brn|[silent]\n|-damage|p1a: Sundowner|94\/100 brn|[from] brn\n|upkeep\n|turn|74\n|\n|t:|1667883801\n|move|p2a: Toxapex|Scald|p1a: Sundowner\n|-resisted|p1a: Sundowner\n|-damage|p1a: Sundowner|89\/100 brn\n|move|p1a: Sundowner|Leech Seed||[still]\n|-fail|p1a: Sundowner\n|\n|-damage|p2a: Toxapex|71\/100|[from] Leech Seed|[of] p1a: Sundowner\n|-heal|p1a: Sundowner|99\/100 brn|[silent]\n|-damage|p1a: Sundowner|93\/100 brn|[from] brn\n|upkeep\n|turn|75\n|\n|t:|1667883803\n|move|p2a: Toxapex|Scald|p1a: Sundowner\n|-resisted|p1a: Sundowner\n|-damage|p1a: Sundowner|87\/100 brn\n|move|p1a: Sundowner|Leech Seed|p2a: Toxapex|[miss]\n|-miss|p1a: Sundowner|p2a: Toxapex\n|\n|-damage|p2a: Toxapex|59\/100|[from] Leech Seed|[of] p1a: Sundowner\n|-heal|p1a: Sundowner|97\/100 brn|[silent]\n|-damage|p1a: Sundowner|91\/100 brn|[from] brn\n|upkeep\n|turn|76\n|\n|t:|1667883805\n|move|p2a: Toxapex|Scald|p1a: Sundowner\n|-resisted|p1a: Sundowner\n|-damage|p1a: Sundowner|85\/100 brn\n|move|p1a: Sundowner|Knock Off|p2a: Toxapex\n|-damage|p2a: Toxapex|55\/100\n|\n|-damage|p2a: Toxapex|42\/100|[from] Leech Seed|[of] p1a: Sundowner\n|-heal|p1a: Sundowner|96\/100 brn|[silent]\n|-damage|p1a: Sundowner|89\/100 brn|[from] brn\n|upkeep\n|turn|77\n|\n|t:|1667883807\n|move|p2a: Toxapex|Scald|p1a: Sundowner\n|-resisted|p1a: Sundowner\n|-damage|p1a: Sundowner|84\/100 brn\n|move|p1a: Sundowner|Spikes||[still]\n|-fail|p1a: Sundowner\n|\n|-damage|p2a: Toxapex|30\/100|[from] Leech Seed|[of] p1a: Sundowner\n|-heal|p1a: Sundowner|94\/100 brn|[silent]\n|-damage|p1a: Sundowner|88\/100 brn|[from] brn\n|upkeep\n|turn|78\n|\n|t:|1667883809\n|move|p2a: Toxapex|Scald|p1a: Sundowner\n|-resisted|p1a: Sundowner\n|-damage|p1a: Sundowner|82\/100 brn\n|move|p1a: Sundowner|Spikes||[still]\n|-fail|p1a: Sundowner\n|\n|-damage|p2a: Toxapex|18\/100|[from] Leech Seed|[of] p1a: Sundowner\n|-heal|p1a: Sundowner|93\/100 brn|[silent]\n|-damage|p1a: Sundowner|86\/100 brn|[from] brn\n|upkeep\n|turn|79\n|\n|t:|1667883813\n|move|p2a: Toxapex|Recover|p2a: Toxapex\n|-heal|p2a: Toxapex|68\/100\n|move|p1a: Sundowner|Spikes||[still]\n|-fail|p1a: Sundowner\n|\n|-damage|p2a: Toxapex|56\/100|[from] Leech Seed|[of] p1a: Sundowner\n|-heal|p1a: Sundowner|97\/100 brn|[silent]\n|-damage|p1a: Sundowner|91\/100 brn|[from] brn\n|upkeep\n|turn|80\n|\n|t:|1667883816\n|move|p2a: Toxapex|Scald|p1a: Sundowner\n|-resisted|p1a: Sundowner\n|-damage|p1a: Sundowner|85\/100 brn\n|move|p1a: Sundowner|Spikes||[still]\n|-fail|p1a: Sundowner\n|\n|-damage|p2a: Toxapex|44\/100|[from] Leech Seed|[of] p1a: Sundowner\n|-heal|p1a: Sundowner|95\/100 brn|[silent]\n|-damage|p1a: Sundowner|89\/100 brn|[from] brn\n|upkeep\n|turn|81\n|\n|t:|1667883819\n|move|p2a: Toxapex|Recover|p2a: Toxapex\n|-heal|p2a: Toxapex|94\/100\n|move|p1a: Sundowner|Spikes||[still]\n|-fail|p1a: Sundowner\n|\n|-damage|p2a: Toxapex|82\/100|[from] Leech Seed|[of] p1a: Sundowner\n|-heal|p1a: Sundowner|99\/100 brn|[silent]\n|-damage|p1a: Sundowner|93\/100 brn|[from] brn\n|upkeep\n|turn|82\n|\n|t:|1667883822\n|move|p2a: Toxapex|Scald|p1a: Sundowner\n|-resisted|p1a: Sundowner\n|-damage|p1a: Sundowner|87\/100 brn\n|move|p1a: Sundowner|Spikes||[still]\n|-fail|p1a: Sundowner\n|\n|-damage|p2a: Toxapex|69\/100|[from] Leech Seed|[of] p1a: Sundowner\n|-heal|p1a: Sundowner|98\/100 brn|[silent]\n|-damage|p1a: Sundowner|91\/100 brn|[from] brn\n|upkeep\n|turn|83\n|\n|t:|1667883833\n|move|p2a: Toxapex|Toxic||[still]\n|-fail|p2a: Toxapex\n|move|p1a: Sundowner|Spikes||[still]\n|-fail|p1a: Sundowner\n|\n|-damage|p2a: Toxapex|57\/100|[from] Leech Seed|[of] p1a: Sundowner\n|-heal|p1a: Sundowner|100\/100 brn|[silent]\n|-damage|p1a: Sundowner|94\/100 brn|[from] brn\n|upkeep\n|turn|84\n|\n|t:|1667883835\n|move|p2a: Toxapex|Toxic||[still]\n|-fail|p2a: Toxapex\n|move|p1a: Sundowner|Spikes||[still]\n|-fail|p1a: Sundowner\n|\n|-damage|p2a: Toxapex|45\/100|[from] Leech Seed|[of] p1a: Sundowner\n|-heal|p1a: Sundowner|100\/100 brn|[silent]\n|-damage|p1a: Sundowner|94\/100 brn|[from] brn\n|upkeep\n|turn|85\n|\n|t:|1667883837\n|move|p2a: Toxapex|Toxic||[still]\n|-fail|p2a: Toxapex\n|move|p1a: Sundowner|Spikes||[still]\n|-fail|p1a: Sundowner\n|\n|-damage|p2a: Toxapex|33\/100|[from] Leech Seed|[of] p1a: Sundowner\n|-heal|p1a: Sundowner|100\/100 brn|[silent]\n|-damage|p1a: Sundowner|94\/100 brn|[from] brn\n|upkeep\n|turn|86\n|\n|t:|1667883845\n|move|p2a: Toxapex|Toxic||[still]\n|-fail|p2a: Toxapex\n|move|p1a: Sundowner|Spikes||[still]\n|-fail|p1a: Sundowner\n|\n|-damage|p2a: Toxapex|21\/100|[from] Leech Seed|[of] p1a: Sundowner\n|-heal|p1a: Sundowner|100\/100 brn|[silent]\n|-damage|p1a: Sundowner|94\/100 brn|[from] brn\n|upkeep\n|turn|87\n|\n|t:|1667883848\n|move|p2a: Toxapex|Toxic||[still]\n|-fail|p2a: Toxapex\n|move|p1a: Sundowner|Knock Off|p2a: Toxapex\n|-damage|p2a: Toxapex|16\/100\n|\n|-damage|p2a: Toxapex|4\/100|[from] Leech Seed|[of] p1a: Sundowner\n|-heal|p1a: Sundowner|100\/100 brn|[silent]\n|-damage|p1a: Sundowner|94\/100 brn|[from] brn\n|upkeep\n|turn|88\n|\n|t:|1667883853\n|move|p2a: Toxapex|Recover|p2a: Toxapex\n|-heal|p2a: Toxapex|54\/100\n|move|p1a: Sundowner|Spikes||[still]\n|-fail|p1a: Sundowner\n|\n|-damage|p2a: Toxapex|42\/100|[from] Leech Seed|[of] p1a: Sundowner\n|-heal|p1a: Sundowner|100\/100 brn|[silent]\n|-damage|p1a: Sundowner|94\/100 brn|[from] brn\n|upkeep\n|turn|89\n|\n|t:|1667883858\n|move|p2a: Toxapex|Recover|p2a: Toxapex\n|-heal|p2a: Toxapex|92\/100\n|move|p1a: Sundowner|Spikes||[still]\n|-fail|p1a: Sundowner\n|\n|-damage|p2a: Toxapex|80\/100|[from] Leech Seed|[of] p1a: Sundowner\n|-heal|p1a: Sundowner|100\/100 brn|[silent]\n|-damage|p1a: Sundowner|94\/100 brn|[from] brn\n|upkeep\n|turn|90\n|\n|t:|1667883861\n|move|p2a: Toxapex|Toxic||[still]\n|-fail|p2a: Toxapex\n|move|p1a: Sundowner|Leech Seed|p2a: Toxapex|[miss]\n|-miss|p1a: Sundowner|p2a: Toxapex\n|\n|-damage|p2a: Toxapex|68\/100|[from] Leech Seed|[of] p1a: Sundowner\n|-heal|p1a: Sundowner|100\/100 brn|[silent]\n|-damage|p1a: Sundowner|94\/100 brn|[from] brn\n|upkeep\n|turn|91\n|\n|t:|1667883866\n|move|p2a: Toxapex|Haze|p2a: Toxapex\n|-clearallboost\n|move|p1a: Sundowner|Knock Off|p2a: Toxapex\n|-damage|p2a: Toxapex|64\/100\n|\n|-damage|p2a: Toxapex|51\/100|[from] Leech Seed|[of] p1a: Sundowner\n|-heal|p1a: Sundowner|100\/100 brn|[silent]\n|-damage|p1a: Sundowner|94\/100 brn|[from] brn\n|upkeep\n|turn|92\n|\n|t:|1667883869\n|move|p2a: Toxapex|Haze|p2a: Toxapex\n|-clearallboost\n|move|p1a: Sundowner|Knock Off|p2a: Toxapex\n|-damage|p2a: Toxapex|47\/100\n|\n|-damage|p2a: Toxapex|35\/100|[from] Leech Seed|[of] p1a: Sundowner\n|-heal|p1a: Sundowner|100\/100 brn|[silent]\n|-damage|p1a: Sundowner|94\/100 brn|[from] brn\n|upkeep\n|turn|93\n|\n|t:|1667883871\n|move|p2a: Toxapex|Haze|p2a: Toxapex\n|-clearallboost\n|move|p1a: Sundowner|Knock Off|p2a: Toxapex\n|-damage|p2a: Toxapex|31\/100\n|\n|-damage|p2a: Toxapex|18\/100|[from] Leech Seed|[of] p1a: Sundowner\n|-heal|p1a: Sundowner|100\/100 brn|[silent]\n|-damage|p1a: Sundowner|94\/100 brn|[from] brn\n|upkeep\n|turn|94\n|\n|t:|1667883874\n|move|p2a: Toxapex|Haze|p2a: Toxapex\n|-clearallboost\n|move|p1a: Sundowner|Gyro Ball|p2a: Toxapex\n|-resisted|p2a: Toxapex\n|-damage|p2a: Toxapex|15\/100\n|\n|-damage|p2a: Toxapex|3\/100|[from] Leech Seed|[of] p1a: Sundowner\n|-heal|p1a: Sundowner|100\/100 brn|[silent]\n|-damage|p1a: Sundowner|94\/100 brn|[from] brn\n|upkeep\n|turn|95\n|\n|t:|1667883877\n|move|p2a: Toxapex|Recover|p2a: Toxapex\n|-heal|p2a: Toxapex|53\/100\n|move|p1a: Sundowner|Knock Off|p2a: Toxapex\n|-damage|p2a: Toxapex|49\/100\n|\n|-damage|p2a: Toxapex|36\/100|[from] Leech Seed|[of] p1a: Sundowner\n|-heal|p1a: Sundowner|100\/100 brn|[silent]\n|-damage|p1a: Sundowner|94\/100 brn|[from] brn\n|upkeep\n|turn|96\n|\n|t:|1667883880\n|move|p2a: Toxapex|Recover|p2a: Toxapex\n|-heal|p2a: Toxapex|87\/100\n|move|p1a: Sundowner|Leech Seed||[still]\n|-fail|p1a: Sundowner\n|\n|-damage|p2a: Toxapex|74\/100|[from] Leech Seed|[of] p1a: Sundowner\n|-heal|p1a: Sundowner|100\/100 brn|[silent]\n|-damage|p1a: Sundowner|94\/100 brn|[from] brn\n|upkeep\n|turn|97\n|-message|Kasumitot forfeited.\n|\n|win|Spectre Ace\n|raw|Spectre Ace's rating: 1744 &rarr; <strong>1761<\/strong><br \/>(+17 for winning)\n|raw|Kasumitot's rating: 1699 &rarr; <strong>1682<\/strong><br \/>(-17 for losing)\n|l|\u2606Kasumitot\n|l| Ferchula123\n||Ladder isn't responding, score probably updated but might not have (Request timeout).\n|l| skalala\n","uploadtime":1667883953,"views":6,"p1id":"spectreace","p2id":"kasumitot","formatid":"gen8ou","rating":1682,"private":0,"password":null}