{"id":"gen8ou-1669316677","p1":"I0SIS","p2":"GorLeon","format":"gen8ou","log":"|j|\u2606I0SIS\n|j|\u2606GorLeon\n|t:|1663715231\n|gametype|singles\n|player|p1|I0SIS|266|1615\n|player|p2|GorLeon|dragontamer|1524\n|teamsize|p1|6\n|teamsize|p2|6\n|gen|8\n|tier|[Gen 8] OU\n|rated|\n|rule|Sleep Clause Mod: Limit one foe put to sleep\n|rule|Species Clause: Limit one of each Pok\u00e9mon\n|rule|OHKO Clause: OHKO moves are banned\n|rule|Evasion Items Clause: Evasion items are banned\n|rule|Evasion Moves Clause: Evasion moves are banned\n|rule|Endless Battle Clause: Forcing endless battles is banned\n|rule|HP Percentage Mod: HP is shown in percentages\n|rule|Dynamax Clause: You cannot dynamax\n|clearpoke\n|poke|p1|Ferrothorn, M|\n|poke|p1|Rotom-Wash|\n|poke|p1|Umbreon, F|\n|poke|p1|Pelipper, F|\n|poke|p1|Crobat, M|\n|poke|p1|Mamoswine, M|\n|poke|p2|Clefable, F|\n|poke|p2|Gastrodon, F|\n|poke|p2|Tornadus-Therian, M|\n|poke|p2|Mew|\n|poke|p2|Weavile, M|\n|poke|p2|Ferrothorn, F|\n|teampreview\n|inactive|Battle timer is ON: inactive players will automatically lose when time's up. (requested by GorLeon)\n|c|\u2606GorLeon|gl hf\n|c|\u2606I0SIS|hf\n|inactive|I0SIS has 120 seconds left.\n|\n|t:|1663715263\n|start\n|switch|p1a: Mamoswine|Mamoswine, M|100\/100\n|switch|p2a: Gastrodon|Gastrodon, F|100\/100\n|turn|1\n|\n|t:|1663715270\n|switch|p1a: Ferrothorn|Ferrothorn, M|100\/100\n|move|p2a: Gastrodon|Scald|p1a: Ferrothorn\n|-resisted|p1a: Ferrothorn\n|-damage|p1a: Ferrothorn|92\/100\n|-status|p1a: Ferrothorn|brn\n|\n|-heal|p1a: Ferrothorn|99\/100 brn|[from] item: Leftovers\n|-damage|p1a: Ferrothorn|92\/100 brn|[from] brn\n|upkeep\n|turn|2\n|\n|t:|1663715278\n|move|p2a: Gastrodon|Protect|p2a: Gastrodon\n|-singleturn|p2a: Gastrodon|Protect\n|move|p1a: Ferrothorn|Stealth Rock|p2a: Gastrodon\n|-sidestart|p2: GorLeon|move: Stealth Rock\n|\n|-heal|p1a: Ferrothorn|99\/100 brn|[from] item: Leftovers\n|-damage|p1a: Ferrothorn|92\/100 brn|[from] brn\n|upkeep\n|turn|3\n|\n|t:|1663715285\n|switch|p2a: Mew|Mew|100\/100\n|-damage|p2a: Mew|88\/100|[from] Stealth Rock\n|move|p1a: Ferrothorn|Knock Off|p2a: Mew\n|-supereffective|p2a: Mew\n|-damage|p2a: Mew|69\/100\n|-enditem|p2a: Mew|Weakness Policy\n|-boost|p2a: Mew|atk|2|[from] item: Weakness Policy\n|-boost|p2a: Mew|spa|2|[from] item: Weakness Policy\n|\n|-heal|p1a: Ferrothorn|99\/100 brn|[from] item: Leftovers\n|-damage|p1a: Ferrothorn|92\/100 brn|[from] brn\n|upkeep\n|turn|4\n|\n|t:|1663715293\n|switch|p1a: Umbreon|Umbreon, F, shiny|100\/100\n|move|p2a: Mew|Cosmic Power|p2a: Mew\n|-boost|p2a: Mew|def|1\n|-boost|p2a: Mew|spd|1\n|\n|upkeep\n|turn|5\n|\n|t:|1663715299\n|move|p2a: Mew|Roost|p2a: Mew\n|-heal|p2a: Mew|100\/100\n|-singleturn|p2a: Mew|move: Roost\n|move|p1a: Umbreon|Wish|p1a: Umbreon\n|\n|upkeep\n|turn|6\n|\n|t:|1663715304\n|switch|p1a: Crobat|Crobat, M|100\/100\n|move|p2a: Mew|Cosmic Power|p2a: Mew\n|-boost|p2a: Mew|def|1\n|-boost|p2a: Mew|spd|1\n|\n|upkeep\n|turn|7\n|\n|t:|1663715311\n|switch|p1a: Umbreon|Umbreon, F, shiny|100\/100\n|move|p2a: Mew|Stored Power|p1a: Umbreon\n|-immune|p1a: Umbreon\n|\n|upkeep\n|turn|8\n|\n|t:|1663715316\n|move|p2a: Mew|Cosmic Power|p2a: Mew\n|-boost|p2a: Mew|def|1\n|-boost|p2a: Mew|spd|1\n|move|p1a: Umbreon|Foul Play|p2a: Mew\n|-supereffective|p2a: Mew\n|-damage|p2a: Mew|63\/100\n|\n|upkeep\n|turn|9\n|\n|t:|1663715325\n|move|p2a: Mew|Body Press|p1a: Umbreon\n|-supereffective|p1a: Umbreon\n|-damage|p1a: Umbreon|48\/100\n|move|p1a: Umbreon|Foul Play|p2a: Mew\n|-supereffective|p2a: Mew\n|-damage|p2a: Mew|29\/100\n|\n|-heal|p1a: Umbreon|54\/100|[from] item: Leftovers\n|upkeep\n|turn|10\n|\n|t:|1663715339\n|switch|p1a: Ferrothorn|Ferrothorn, M|92\/100 brn\n|move|p2a: Mew|Roost|p2a: Mew\n|-heal|p2a: Mew|79\/100\n|-singleturn|p2a: Mew|move: Roost\n|\n|-heal|p1a: Ferrothorn|99\/100 brn|[from] item: Leftovers\n|-damage|p1a: Ferrothorn|92\/100 brn|[from] brn\n|upkeep\n|turn|11\n|\n|t:|1663715351\n|move|p2a: Mew|Cosmic Power|p2a: Mew\n|-boost|p2a: Mew|def|1\n|-boost|p2a: Mew|spd|1\n|move|p1a: Ferrothorn|Leech Seed|p2a: Mew\n|-start|p2a: Mew|move: Leech Seed\n|\n|-heal|p1a: Ferrothorn|99\/100 brn|[from] item: Leftovers\n|-damage|p2a: Mew|66\/100|[from] Leech Seed|[of] p1a: Ferrothorn\n|-heal|p1a: Ferrothorn|100\/100 brn|[silent]\n|-damage|p1a: Ferrothorn|94\/100 brn|[from] brn\n|upkeep\n|turn|12\n|\n|t:|1663715358\n|switch|p1a: Umbreon|Umbreon, F, shiny|54\/100\n|move|p2a: Mew|Cosmic Power|p2a: Mew\n|-boost|p2a: Mew|def|1\n|-boost|p2a: Mew|spd|1\n|\n|-heal|p1a: Umbreon|60\/100|[from] item: Leftovers\n|-damage|p2a: Mew|54\/100|[from] Leech Seed|[of] p1a: Umbreon\n|-heal|p1a: Umbreon|73\/100|[silent]\n|upkeep\n|turn|13\n|\n|t:|1663715365\n|move|p2a: Mew|Body Press|p1a: Umbreon\n|-supereffective|p1a: Umbreon\n|-damage|p1a: Umbreon|0 fnt\n|faint|p1a: Umbreon\n|\n|upkeep\n|-message|I0SIS forfeited.\n|\n|win|GorLeon\n|raw|I0SIS's rating: 1615 &rarr; <strong>1590<\/strong><br \/>(-25 for losing)\n|raw|GorLeon's rating: 1524 &rarr; <strong>1549<\/strong><br \/>(+25 for winning)\n|l|\u2606I0SIS\n","uploadtime":1663715379,"views":37,"p1id":"i0sis","p2id":"gorleon","formatid":"gen8ou","rating":1549,"private":0,"password":null}