{"id":"gen8ou-1446988396","p1":"robbyelite","p2":"SuperTheoryBros","format":"gen8ou","log":"|j|\u2606robbyelite\n|j|\u2606SuperTheoryBros\n|t:|1635816134\n|gametype|singles\n|player|p1|robbyelite|2|1649\n|player|p2|SuperTheoryBros|265|1766\n|teamsize|p1|6\n|teamsize|p2|6\n|gen|8\n|tier|[Gen 8] OU\n|rated|\n|rule|Sleep Clause Mod: Limit one foe put to sleep\n|rule|Species Clause: Limit one of each Pok\u00e9mon\n|rule|OHKO Clause: OHKO moves are banned\n|rule|Evasion Moves Clause: Evasion moves are banned\n|rule|Endless Battle Clause: Forcing endless battles is banned\n|rule|HP Percentage Mod: HP is shown in percentages\n|rule|Dynamax Clause: You cannot dynamax\n|clearpoke\n|poke|p1|Tyranitar, F|\n|poke|p1|Ferrothorn, F|\n|poke|p1|Blacephalon|\n|poke|p1|Landorus-Therian, M|\n|poke|p1|Urshifu-*, F|\n|poke|p1|Tapu Lele|\n|poke|p2|Shedinja|\n|poke|p2|Avalugg, M|\n|poke|p2|Landorus-Therian, M|\n|poke|p2|Tapu Fini|\n|poke|p2|Skarmory, F|\n|poke|p2|Blissey, F|\n|teampreview\n|inactive|Battle timer is ON: inactive players will automatically lose when time's up. (requested by SuperTheoryBros)\n|\n|t:|1635816157\n|start\n|switch|p1a: Blacephalon|Blacephalon|100\/100\n|switch|p2a: Skarmory|Skarmory, F|100\/100\n|turn|1\n|\n|t:|1635816164\n|switch|p2a: Tapu Fini|Tapu Fini|100\/100\n|-fieldstart|move: Misty Terrain|[from] ability: Misty Surge|[of] p2a: Tapu Fini\n|move|p1a: Blacephalon|Trick|p2a: Tapu Fini\n|-activate|p1a: Blacephalon|move: Trick|[of] p2a: Tapu Fini\n|-item|p2a: Tapu Fini|Choice Specs|[from] move: Trick\n|-item|p1a: Blacephalon|Choice Scarf|[from] move: Trick\n|\n|upkeep\n|turn|2\n|\n|t:|1635816177\n|switch|p1a: Ferrothorn|Ferrothorn, F|100\/100\n|move|p2a: Tapu Fini|Trick|p1a: Ferrothorn\n|-activate|p2a: Tapu Fini|move: Trick|[of] p1a: Ferrothorn\n|-item|p1a: Ferrothorn|Choice Specs|[from] move: Trick\n|-item|p2a: Tapu Fini|Rocky Helmet|[from] move: Trick\n|\n|upkeep\n|turn|3\n|\n|t:|1635816193\n|switch|p2a: Skarmory|Skarmory, F|100\/100\n|move|p1a: Ferrothorn|Leech Seed|p2a: Skarmory\n|-start|p2a: Skarmory|move: Leech Seed\n|\n|-damage|p2a: Skarmory|88\/100|[from] Leech Seed|[of] p1a: Ferrothorn\n|upkeep\n|turn|4\n|\n|t:|1635816201\n|switch|p1a: Blacephalon|Blacephalon|100\/100\n|move|p2a: Skarmory|Spikes|p1a: Blacephalon\n|-sidestart|p1: robbyelite|Spikes\n|\n|-damage|p2a: Skarmory|76\/100|[from] Leech Seed|[of] p1a: Blacephalon\n|upkeep\n|turn|5\n|\n|t:|1635816207\n|switch|p2a: Tapu Fini|Tapu Fini|100\/100\n|move|p1a: Blacephalon|Trick|p2a: Tapu Fini\n|-activate|p1a: Blacephalon|move: Trick|[of] p2a: Tapu Fini\n|-item|p2a: Tapu Fini|Choice Scarf|[from] move: Trick\n|-item|p1a: Blacephalon|Rocky Helmet|[from] move: Trick\n|\n|-fieldend|Misty Terrain\n|upkeep\n|turn|6\n|\n|t:|1635816225\n|switch|p1a: Ferrothorn|Ferrothorn, F|100\/100\n|-damage|p1a: Ferrothorn|88\/100|[from] Spikes\n|move|p2a: Tapu Fini|Scald|p1a: Ferrothorn\n|-resisted|p1a: Ferrothorn\n|-damage|p1a: Ferrothorn|76\/100\n|\n|upkeep\n|turn|7\n|\n|t:|1635816236\n|move|p2a: Tapu Fini|Scald|p1a: Ferrothorn\n|-resisted|p1a: Ferrothorn\n|-damage|p1a: Ferrothorn|64\/100\n|-status|p1a: Ferrothorn|brn\n|move|p1a: Ferrothorn|Knock Off|p2a: Tapu Fini\n|-resisted|p2a: Tapu Fini\n|-damage|p2a: Tapu Fini|96\/100\n|-enditem|p2a: Tapu Fini|Choice Scarf|[from] move: Knock Off|[of] p1a: Ferrothorn\n|\n|-damage|p1a: Ferrothorn|58\/100 brn|[from] brn\n|upkeep\n|turn|8\n|\n|t:|1635816250\n|switch|p1a: Tapu Lele|Tapu Lele|100\/100\n|-damage|p1a: Tapu Lele|88\/100|[from] Spikes\n|-fieldstart|move: Psychic Terrain|[from] ability: Psychic Surge|[of] p1a: Tapu Lele\n|move|p2a: Tapu Fini|Scald|p1a: Tapu Lele\n|-damage|p1a: Tapu Lele|59\/100\n|\n|upkeep\n|turn|9\n|\n|t:|1635816268\n|switch|p1a: Tyranitar|Tyranitar, F|100\/100\n|-damage|p1a: Tyranitar|88\/100|[from] Spikes\n|-weather|Sandstorm|[from] ability: Sand Stream|[of] p1a: Tyranitar\n|switch|p2a: Shedinja|Shedinja|100\/100\n|\n|-weather|Sandstorm|[upkeep]\n|-damage|p2a: Shedinja|0 fnt|[from] Sandstorm\n|faint|p2a: Shedinja\n|-heal|p1a: Tyranitar|94\/100|[from] item: Leftovers\n|upkeep\n|inactive|SuperTheoryBros has 120 seconds left.\n|\n|t:|1635816296\n|switch|p2a: Landorus|Landorus-Therian, M|100\/100\n|-ability|p2a: Landorus|Intimidate|boost\n|-unboost|p1a: Tyranitar|atk|1\n|turn|10\n|\n|t:|1635816308\n|move|p2a: Landorus|Stealth Rock|p1a: Tyranitar\n|-sidestart|p1: robbyelite|move: Stealth Rock\n|move|p1a: Tyranitar|Ice Beam|p2a: Landorus\n|-supereffective|p2a: Landorus\n|-damage|p2a: Landorus|12\/100\n|\n|-weather|Sandstorm|[upkeep]\n|-heal|p1a: Tyranitar|100\/100|[from] item: Leftovers\n|upkeep\n|turn|11\n|\n|t:|1635816324\n|switch|p1a: Ferrothorn|Ferrothorn, F|58\/100 brn\n|-damage|p1a: Ferrothorn|46\/100 brn|[from] Spikes\n|-damage|p1a: Ferrothorn|40\/100 brn|[from] Stealth Rock\n|move|p2a: Landorus|Swords Dance|p2a: Landorus\n|-boost|p2a: Landorus|atk|2\n|\n|-weather|Sandstorm|[upkeep]\n|-damage|p1a: Ferrothorn|34\/100 brn|[from] brn\n|upkeep\n|turn|12\n|\n|t:|1635816332\n|switch|p1a: Landorus|Landorus-Therian, M|100\/100\n|-damage|p1a: Landorus|88\/100|[from] Stealth Rock\n|-ability|p1a: Landorus|Intimidate|boost\n|-unboost|p2a: Landorus|atk|1\n|move|p2a: Landorus|Earthquake|p1a: Landorus\n|-immune|p1a: Landorus\n|\n|-weather|Sandstorm|[upkeep]\n|-heal|p1a: Landorus|94\/100|[from] item: Leftovers\n|-fieldend|move: Psychic Terrain\n|upkeep\n|turn|13\n|\n|t:|1635816337\n|move|p2a: Landorus|Stone Edge|p1a: Landorus\n|-damage|p1a: Landorus|39\/100\n|move|p1a: Landorus|Knock Off|p2a: Landorus\n|-damage|p2a: Landorus|0 fnt\n|-enditem|p2a: Landorus|Scope Lens|[from] move: Knock Off|[of] p1a: Landorus\n|faint|p2a: Landorus\n|\n|-weather|none\n|-heal|p1a: Landorus|45\/100|[from] item: Leftovers\n|upkeep\n|inactive|SuperTheoryBros has 120 seconds left.\n|\n|t:|1635816351\n|switch|p2a: Tapu Fini|Tapu Fini|96\/100\n|-fieldstart|move: Misty Terrain|[from] ability: Misty Surge|[of] p2a: Tapu Fini\n|turn|14\n|\n|t:|1635816357\n|switch|p1a: Ferrothorn|Ferrothorn, F|34\/100 brn\n|-damage|p1a: Ferrothorn|22\/100 brn|[from] Spikes\n|-damage|p1a: Ferrothorn|16\/100 brn|[from] Stealth Rock\n|move|p2a: Tapu Fini|Scald|p1a: Ferrothorn\n|-resisted|p1a: Ferrothorn\n|-damage|p1a: Ferrothorn|4\/100 brn\n|\n|-damage|p1a: Ferrothorn|0 fnt|[from] brn\n|faint|p1a: Ferrothorn\n|upkeep\n|\n|t:|1635816374\n|switch|p1a: Tyranitar|Tyranitar, F|100\/100\n|-damage|p1a: Tyranitar|88\/100|[from] Stealth Rock\n|-damage|p1a: Tyranitar|76\/100|[from] Spikes\n|-weather|Sandstorm|[from] ability: Sand Stream|[of] p1a: Tyranitar\n|turn|15\n|inactive|SuperTheoryBros has 120 seconds left.\n|\n|t:|1635816401\n|move|p2a: Tapu Fini|Taunt|p1a: Tyranitar\n|-start|p1a: Tyranitar|move: Taunt\n|move|p1a: Tyranitar|Stone Edge|p2a: Tapu Fini\n|-damage|p2a: Tapu Fini|59\/100\n|\n|-weather|Sandstorm|[upkeep]\n|-damage|p2a: Tapu Fini|52\/100|[from] Sandstorm\n|-heal|p1a: Tyranitar|82\/100|[from] item: Leftovers\n|upkeep\n|turn|16\n|inactive|SuperTheoryBros has 120 seconds left.\n|\n|t:|1635816418\n|switch|p2a: Skarmory|Skarmory, F|76\/100\n|move|p1a: Tyranitar|Stone Edge|p2a: Skarmory\n|-damage|p2a: Skarmory|52\/100\n|\n|-weather|Sandstorm|[upkeep]\n|-heal|p1a: Tyranitar|88\/100|[from] item: Leftovers\n|upkeep\n|turn|17\n|\n|t:|1635816427\n|switch|p1a: Landorus|Landorus-Therian, M|45\/100\n|-damage|p1a: Landorus|32\/100|[from] Stealth Rock\n|-ability|p1a: Landorus|Intimidate|boost\n|-unboost|p2a: Skarmory|atk|1\n|move|p2a: Skarmory|Roost|p2a: Skarmory\n|-heal|p2a: Skarmory|100\/100\n|-singleturn|p2a: Skarmory|move: Roost\n|\n|-weather|Sandstorm|[upkeep]\n|-heal|p1a: Landorus|38\/100|[from] item: Leftovers\n|upkeep\n|turn|18\n|\n|t:|1635816432\n|move|p1a: Landorus|Defog|p2a: Skarmory\n|-unboost|p2a: Skarmory|evasion|1\n|-sideend|p1: robbyelite|Spikes|[from] move: Defog|[of] p1a: Landorus\n|-sideend|p1: robbyelite|Stealth Rock|[from] move: Defog|[of] p1a: Landorus\n|-fieldend|Misty Terrain\n|move|p2a: Skarmory|Spikes|p1a: Landorus\n|-sidestart|p1: robbyelite|Spikes\n|\n|-weather|Sandstorm|[upkeep]\n|-heal|p1a: Landorus|44\/100|[from] item: Leftovers\n|upkeep\n|turn|19\n|\n|t:|1635816437\n|move|p1a: Landorus|Knock Off|p2a: Skarmory\n|-damage|p2a: Skarmory|83\/100\n|-enditem|p2a: Skarmory|Shed Shell|[from] move: Knock Off|[of] p1a: Landorus\n|move|p2a: Skarmory|Iron Defense|p2a: Skarmory\n|-boost|p2a: Skarmory|def|2\n|\n|-weather|none\n|-heal|p1a: Landorus|50\/100|[from] item: Leftovers\n|upkeep\n|turn|20\n|\n|t:|1635816450\n|move|p1a: Landorus|U-turn|p2a: Skarmory\n|-resisted|p2a: Skarmory\n|-damage|p2a: Skarmory|82\/100\n|\n|t:|1635816453\n|switch|p1a: Blacephalon|Blacephalon|100\/100|[from]move: U-turn\n|-damage|p1a: Blacephalon|88\/100|[from] Spikes\n|move|p2a: Skarmory|Body Press|p1a: Blacephalon\n|-immune|p1a: Blacephalon\n|\n|upkeep\n|turn|21\n|\n|t:|1635816466\n|switch|p1a: Landorus|Landorus-Therian, M|50\/100\n|-ability|p1a: Landorus|Intimidate|boost\n|-unboost|p2a: Skarmory|atk|1\n|move|p2a: Skarmory|Body Press|p1a: Landorus\n|-resisted|p1a: Landorus\n|-damage|p1a: Landorus|19\/100\n|\n|-heal|p1a: Landorus|25\/100|[from] item: Leftovers\n|upkeep\n|turn|22\n|\n|t:|1635816476\n|move|p1a: Landorus|U-turn|p2a: Skarmory\n|-resisted|p2a: Skarmory\n|-damage|p2a: Skarmory|80\/100\n|\n|t:|1635816479\n|switch|p1a: Blacephalon|Blacephalon|88\/100|[from]move: U-turn\n|-damage|p1a: Blacephalon|76\/100|[from] Spikes\n|move|p2a: Skarmory|Body Press|p1a: Blacephalon\n|-immune|p1a: Blacephalon\n|\n|upkeep\n|turn|23\n|\n|t:|1635816482\n|switch|p1a: Landorus|Landorus-Therian, M|25\/100\n|-ability|p1a: Landorus|Intimidate|boost\n|-unboost|p2a: Skarmory|atk|1\n|switch|p2a: Blissey|Blissey, F|100\/100\n|\n|-heal|p1a: Landorus|31\/100|[from] item: Leftovers\n|upkeep\n|turn|24\n|\n|t:|1635816491\n|move|p1a: Landorus|U-turn|p2a: Blissey\n|-crit|p2a: Blissey\n|-damage|p2a: Blissey|71\/100\n|\n|t:|1635816498\n|switch|p1a: Tyranitar|Tyranitar, F|88\/100|[from]move: U-turn\n|-damage|p1a: Tyranitar|76\/100|[from] Spikes\n|-weather|Sandstorm|[from] ability: Sand Stream|[of] p1a: Tyranitar\n|move|p2a: Blissey|Toxic|p1a: Tyranitar|[miss]\n|-miss|p2a: Blissey|p1a: Tyranitar\n|\n|-weather|Sandstorm|[upkeep]\n|-damage|p2a: Blissey|65\/100|[from] Sandstorm\n|-heal|p1a: Tyranitar|82\/100|[from] item: Leftovers\n|upkeep\n|turn|25\n|\n|t:|1635816509\n|switch|p2a: Skarmory|Skarmory, F|80\/100\n|move|p1a: Tyranitar|Stealth Rock|p2a: Skarmory\n|-sidestart|p2: SuperTheoryBros|move: Stealth Rock\n|\n|-weather|Sandstorm|[upkeep]\n|-heal|p1a: Tyranitar|88\/100|[from] item: Leftovers\n|upkeep\n|turn|26\n|\n|t:|1635816524\n|move|p2a: Skarmory|Spikes|p1a: Tyranitar\n|-sidestart|p1: robbyelite|Spikes\n|move|p1a: Tyranitar|Thunder Wave|p2a: Skarmory\n|-status|p2a: Skarmory|par\n|\n|-weather|Sandstorm|[upkeep]\n|-heal|p1a: Tyranitar|94\/100|[from] item: Leftovers\n|upkeep\n|turn|27\n|\n|t:|1635816540\n|move|p1a: Tyranitar|Ice Beam|p2a: Skarmory\n|-damage|p2a: Skarmory|52\/100 par\n|move|p2a: Skarmory|Iron Defense|p2a: Skarmory\n|-boost|p2a: Skarmory|def|2\n|\n|-weather|Sandstorm|[upkeep]\n|-heal|p1a: Tyranitar|100\/100|[from] item: Leftovers\n|upkeep\n|turn|28\n|\n|t:|1635816547\n|switch|p1a: Urshifu|Urshifu-Rapid-Strike, F|100\/100\n|-damage|p1a: Urshifu|84\/100|[from] Spikes\n|move|p2a: Skarmory|Roost|p2a: Skarmory\n|-heal|p2a: Skarmory|100\/100 par\n|-singleturn|p2a: Skarmory|move: Roost\n|\n|-weather|none\n|upkeep\n|turn|29\n|\n|t:|1635816573\n|switch|p2a: Avalugg|Avalugg, M|100\/100\n|move|p1a: Urshifu|Surging Strikes|p2a: Avalugg\n|-crit|p2a: Avalugg\n|-damage|p2a: Avalugg|88\/100\n|-crit|p2a: Avalugg\n|-damage|p2a: Avalugg|76\/100\n|-crit|p2a: Avalugg\n|-damage|p2a: Avalugg|63\/100\n|-hitcount|p2a: Avalugg|3\n|\n|upkeep\n|turn|30\n|inactive|SuperTheoryBros has 120 seconds left.\n|\n|t:|1635816598\n|switch|p1a: Blacephalon|Blacephalon|76\/100\n|-damage|p1a: Blacephalon|60\/100|[from] Spikes\n|move|p2a: Avalugg|Rapid Spin|p1a: Blacephalon\n|-immune|p1a: Blacephalon\n|\n|upkeep\n|turn|31\n|inactive|SuperTheoryBros has 120 seconds left.\n|\n|t:|1635816605\n|switch|p2a: Blissey|Blissey, F|65\/100\n|move|p1a: Blacephalon|Flamethrower|p2a: Blissey\n|-damage|p2a: Blissey|46\/100\n|\n|upkeep\n|turn|32\n|\n|t:|1635816611\n|switch|p1a: Urshifu|Urshifu-Rapid-Strike, F|84\/100\n|-damage|p1a: Urshifu|68\/100|[from] Spikes\n|move|p2a: Blissey|Soft-Boiled|p2a: Blissey\n|-heal|p2a: Blissey|96\/100\n|\n|upkeep\n|turn|33\n|inactive|SuperTheoryBros has 120 seconds left.\n|\n|t:|1635816629\n|switch|p2a: Skarmory|Skarmory, F|100\/100 par\n|-damage|p2a: Skarmory|88\/100 par|[from] Stealth Rock\n|move|p1a: Urshifu|Close Combat|p2a: Skarmory\n|-damage|p2a: Skarmory|36\/100 par\n|-unboost|p1a: Urshifu|def|1\n|-unboost|p1a: Urshifu|spd|1\n|\n|upkeep\n|turn|34\n|\n|t:|1635816639\n|move|p1a: Urshifu|Close Combat|p2a: Skarmory\n|-damage|p2a: Skarmory|0 fnt\n|-unboost|p1a: Urshifu|def|1\n|-unboost|p1a: Urshifu|spd|1\n|faint|p2a: Skarmory\n|\n|upkeep\n|\n|t:|1635816641\n|switch|p2a: Tapu Fini|Tapu Fini|52\/100\n|-damage|p2a: Tapu Fini|40\/100|[from] Stealth Rock\n|-fieldstart|move: Misty Terrain|[from] ability: Misty Surge|[of] p2a: Tapu Fini\n|turn|35\n|\n|t:|1635816653\n|switch|p1a: Tyranitar|Tyranitar, F|100\/100\n|-damage|p1a: Tyranitar|84\/100|[from] Spikes\n|-weather|Sandstorm|[from] ability: Sand Stream|[of] p1a: Tyranitar\n|move|p2a: Tapu Fini|Moonblast|p1a: Tyranitar\n|-supereffective|p1a: Tyranitar\n|-damage|p1a: Tyranitar|60\/100\n|-unboost|p1a: Tyranitar|spa|1\n|\n|-weather|Sandstorm|[upkeep]\n|-damage|p2a: Tapu Fini|34\/100|[from] Sandstorm\n|-heal|p1a: Tyranitar|66\/100|[from] item: Leftovers\n|upkeep\n|turn|36\n|\n|t:|1635816663\n|move|p2a: Tapu Fini|Moonblast|p1a: Tyranitar\n|-supereffective|p1a: Tyranitar\n|-damage|p1a: Tyranitar|42\/100\n|move|p1a: Tyranitar|Stone Edge|p2a: Tapu Fini\n|-damage|p2a: Tapu Fini|0 fnt\n|faint|p2a: Tapu Fini\n|\n|-weather|Sandstorm|[upkeep]\n|-heal|p1a: Tyranitar|48\/100|[from] item: Leftovers\n|upkeep\n|-message|SuperTheoryBros forfeited.\n|\n|win|robbyelite\n|raw|robbyelite's rating: 1649 &rarr; <strong>1675<\/strong><br \/>(+26 for winning)\n|raw|SuperTheoryBros's rating: 1766 &rarr; <strong>1740<\/strong><br \/>(-26 for losing)\n|l|\u2606SuperTheoryBros\n|c|\u2606robbyelite|gg\n","uploadtime":1635816676,"views":23,"p1id":"robbyelite","p2id":"supertheorybros","formatid":"gen8ou","rating":1675,"private":0,"password":null}