{"id":"gen8ou-1695857854","p1":"knexhawk2","p2":"lowelofunn","format":"gen8ou","log":"|j|\u2606knexhawk2\n|j|\u2606lowelofunn\n|inactive|Battle timer is ON: inactive players will automatically lose when time's up.\n|t:|1666835149\n|gametype|singles\n|player|p1|knexhawk2|red-masters|\n|player|p2|lowelofunn|sabrina|\n|teamsize|p1|6\n|teamsize|p2|6\n|gen|8\n|tier|[Gen 8] OU\n|rated|Tournament battle\n|rule|Sleep Clause Mod: Limit one foe put to sleep\n|rule|Species Clause: Limit one of each Pok\u00e9mon\n|rule|OHKO Clause: OHKO moves are banned\n|rule|Evasion Items Clause: Evasion items are banned\n|rule|Evasion Moves Clause: Evasion moves are banned\n|rule|Endless Battle Clause: Forcing endless battles is banned\n|rule|HP Percentage Mod: HP is shown in percentages\n|rule|Dynamax Clause: You cannot dynamax\n|rule|Re-Evolution Mod: Pok\u00e9mon gain the boosts they would gain from evolving again\n|clearpoke\n|poke|p1|Slowbro-Galar, F|\n|poke|p1|Golisopod, M|\n|poke|p1|Chansey, F|\n|poke|p1|Quagsire, F|\n|poke|p1|Umbreon, M|\n|poke|p1|Corviknight, F|\n|poke|p2|Toxapex, M|\n|poke|p2|Corviknight, M|\n|poke|p2|Chansey, F|\n|poke|p2|Clefable, F|\n|poke|p2|Giratina|\n|poke|p2|Gastrodon, M|\n|teampreview\n|inactive|lowelofunn also wants the timer to be on.\n|c|\u2606knexhawk2|oh boy\n|j|+booclipse\n|j| amstan (-_-)\n|j| wintrmint\n|j| ronnie.dgaf\n|c| amstan (-_-)|stall v stall\n|inactive|lowelofunn has 120 seconds left.\n|j| Freshiest\n|j|%htcl\n|c| amstan (-_-)|but one is good stall\n|\n|t:|1666835201\n|start\n|switch|p1a: Golisopod|Golisopod, M|100\/100\n|switch|p2a: Clefable|Clefable, F|100\/100\n|turn|1\n|c| ronnie.dgaf|what are these teams stall\n|j| xXElTobyXx\n|c|\u2606knexhawk2|its mine\n|j| CartiWins\n|c|\u2606knexhawk2|( i have quagsire)\n|l| amstan (-_-)\n|j| amstan (-_-)\n|c| amstan (-_-)|good point\n|\n|t:|1666835226\n|switch|p2a: Toxapex|Toxapex, M|100\/100\n|switch|p1a: Slowbro|Slowbro-Galar, F|100\/100\n|\n|upkeep\n|turn|2\n|\n|t:|1666835238\n|switch|p2a: Chansey|Chansey, F|100\/100\n|move|p1a: Slowbro|Future Sight|p2a: Chansey\n|-start|p1a: Slowbro|move: Future Sight\n|\n|upkeep\n|turn|3\n|l| amstan (-_-)\n|\n|t:|1666835245\n|switch|p1a: Golisopod|Golisopod, M|100\/100\n|move|p2a: Chansey|Toxic|p1a: Golisopod\n|-status|p1a: Golisopod|tox\n|\n|-damage|p1a: Golisopod|94\/100 tox|[from] psn\n|upkeep\n|turn|4\n|j| zaydapoketrainer\n|\n|t:|1666835259\n|switch|p2a: Giratina|Giratina|100\/100\n|-ability|p2a: Giratina|Pressure\n|move|p1a: Golisopod|Knock Off|p2a: Giratina\n|-supereffective|p2a: Giratina\n|-damage|p2a: Giratina|64\/100\n|-enditem|p2a: Giratina|Leftovers|[from] move: Knock Off|[of] p1a: Golisopod\n|\n|-end|p2a: Giratina|move: Future Sight\n|-damage|p2a: Giratina|31\/100\n|-damage|p1a: Golisopod|82\/100 tox|[from] psn\n|upkeep\n|turn|5\n|c|\u2606knexhawk2|go sleep\n|l|+booclipse\n|\n|t:|1666835282\n|switch|p2a: Toxapex|Toxapex, M|100\/100\n|move|p1a: Golisopod|Spikes|p2a: Toxapex\n|-sidestart|p2: lowelofunn|Spikes\n|\n|-damage|p1a: Golisopod|63\/100 tox|[from] psn\n|upkeep\n|turn|6\n|j| Faceblue\n|l| Faceblue\n|\n|t:|1666835311\n|move|p2a: Toxapex|Knock Off|p1a: Golisopod\n|-damage|p1a: Golisopod|59\/100 tox\n|-enditem|p1a: Golisopod|Heavy-Duty Boots|[from] move: Knock Off|[of] p2a: Toxapex\n|move|p1a: Golisopod|Knock Off|p2a: Toxapex\n|-damage|p2a: Toxapex|83\/100\n|-damage|p1a: Golisopod|42\/100 tox|[from] item: Rocky Helmet|[of] p2a: Toxapex\n|-enditem|p2a: Toxapex|Rocky Helmet|[from] move: Knock Off|[of] p1a: Golisopod\n|-activate|p1a: Golisopod|ability: Emergency Exit\n|j| BandedAi\n|\n|t:|1666835316\n|switch|p1a: Umbreon|Umbreon, M|100\/100\n|\n|upkeep\n|turn|7\n|\n|t:|1666835319\n|move|p1a: Umbreon|Wish|p1a: Umbreon\n|move|p2a: Toxapex|Block|p1a: Umbreon\n|-activate|p1a: Umbreon|trapped\n|\n|upkeep\n|turn|8\n|j| ProXXDev\n|c|\u2606lowelofunn|xd\n|\n|t:|1666835326\n|move|p1a: Umbreon|Protect|p1a: Umbreon\n|-singleturn|p1a: Umbreon|Protect\n|move|p2a: Toxapex|Spite|p1a: Umbreon\n|-activate|p1a: Umbreon|move: Protect\n|\n|upkeep\n|turn|9\n|\n|t:|1666835328\n|move|p1a: Umbreon|Foul Play|p2a: Toxapex\n|-damage|p2a: Toxapex|72\/100\n|move|p2a: Toxapex|Spite|p1a: Umbreon\n|-activate|p1a: Umbreon|move: Spite|Foul Play|4\n|\n|upkeep\n|turn|10\n|\n|t:|1666835330\n|move|p1a: Umbreon|Protect|p1a: Umbreon\n|-singleturn|p1a: Umbreon|Protect\n|move|p2a: Toxapex|Knock Off|p1a: Umbreon\n|-activate|p1a: Umbreon|move: Protect\n|\n|upkeep\n|turn|11\n|\n|t:|1666835332\n|move|p1a: Umbreon|Heal Bell|p1a: Umbreon\n|-activate|p1a: Umbreon|move: Heal Bell\n|-curestatus|p1: Golisopod|tox|[msg]\n|move|p2a: Toxapex|Spite|p1a: Umbreon\n|-activate|p1a: Umbreon|move: Spite|Heal Bell|4\n|\n|upkeep\n|turn|12\n|\n|t:|1666835337\n|move|p1a: Umbreon|Protect|p1a: Umbreon\n|-singleturn|p1a: Umbreon|Protect\n|move|p2a: Toxapex|Knock Off|p1a: Umbreon\n|-activate|p1a: Umbreon|move: Protect\n|\n|upkeep\n|turn|13\n|\n|t:|1666835341\n|move|p1a: Umbreon|Wish|p1a: Umbreon\n|move|p2a: Toxapex|Spite|p1a: Umbreon\n|-activate|p1a: Umbreon|move: Spite|Wish|4\n|\n|upkeep\n|turn|14\n|j| amstan (-_-)\n|l| amstan (-_-)\n|\n|t:|1666835348\n|move|p1a: Umbreon|Foul Play|p2a: Toxapex\n|-damage|p2a: Toxapex|61\/100\n|move|p2a: Toxapex|Knock Off|p1a: Umbreon\n|-resisted|p1a: Umbreon\n|-damage|p1a: Umbreon|97\/100\n|-enditem|p1a: Umbreon|Leftovers|[from] move: Knock Off|[of] p2a: Toxapex\n|\n|-heal|p1a: Umbreon|100\/100|[from] move: Wish|[wisher] Umbreon\n|upkeep\n|turn|15\n|\n|t:|1666835352\n|move|p1a: Umbreon|Protect|p1a: Umbreon\n|-singleturn|p1a: Umbreon|Protect\n|move|p2a: Toxapex|Knock Off|p1a: Umbreon\n|-activate|p1a: Umbreon|move: Protect\n|\n|upkeep\n|turn|16\n|l| CartiWins\n|\n|t:|1666835353\n|move|p1a: Umbreon|Protect|p1a: Umbreon\n|-singleturn|p1a: Umbreon|Protect\n|move|p2a: Toxapex|Spite|p1a: Umbreon\n|-activate|p1a: Umbreon|move: Protect\n|\n|upkeep\n|turn|17\n|\n|t:|1666835356\n|move|p1a: Umbreon|Foul Play|p2a: Toxapex\n|-damage|p2a: Toxapex|50\/100\n|move|p2a: Toxapex|Knock Off|p1a: Umbreon\n|-resisted|p1a: Umbreon\n|-damage|p1a: Umbreon|98\/100\n|\n|upkeep\n|turn|18\n|\n|t:|1666835359\n|move|p1a: Umbreon|Foul Play|p2a: Toxapex\n|-damage|p2a: Toxapex|39\/100\n|move|p2a: Toxapex|Recover|p2a: Toxapex\n|-heal|p2a: Toxapex|89\/100\n|\n|upkeep\n|turn|19\n|\n|t:|1666835362\n|move|p1a: Umbreon|Protect|p1a: Umbreon\n|-singleturn|p1a: Umbreon|Protect\n|move|p2a: Toxapex|Knock Off|p1a: Umbreon\n|-activate|p1a: Umbreon|move: Protect\n|\n|upkeep\n|turn|20\n|\n|t:|1666835365\n|move|p1a: Umbreon|Foul Play|p2a: Toxapex\n|-damage|p2a: Toxapex|79\/100\n|move|p2a: Toxapex|Spite|p1a: Umbreon\n|-activate|p1a: Umbreon|move: Spite|Foul Play|4\n|\n|upkeep\n|turn|21\n|\n|t:|1666835372\n|move|p1a: Umbreon|Wish|p1a: Umbreon\n|move|p2a: Toxapex|Knock Off|p1a: Umbreon\n|-resisted|p1a: Umbreon\n|-damage|p1a: Umbreon|96\/100\n|\n|upkeep\n|turn|22\n|\n|t:|1666835373\n|move|p1a: Umbreon|Protect|p1a: Umbreon\n|-singleturn|p1a: Umbreon|Protect\n|move|p2a: Toxapex|Spite|p1a: Umbreon\n|-activate|p1a: Umbreon|move: Protect\n|\n|-heal|p1a: Umbreon|100\/100|[from] move: Wish|[wisher] Umbreon\n|upkeep\n|turn|23\n|\n|t:|1666835376\n|move|p1a: Umbreon|Protect|p1a: Umbreon\n|-singleturn|p1a: Umbreon|Protect\n|move|p2a: Toxapex|Spite|p1a: Umbreon\n|-activate|p1a: Umbreon|move: Protect\n|\n|upkeep\n|turn|24\n|c| zaydapoketrainer|both of yal\n|\n|t:|1666835382\n|move|p1a: Umbreon|Wish|p1a: Umbreon\n|move|p2a: Toxapex|Spite|p1a: Umbreon\n|-activate|p1a: Umbreon|move: Spite|Wish|4\n|\n|upkeep\n|turn|25\n|c| zaydapoketrainer|picked stall\n|c|\u2606knexhawk2|im not using block toxapex\n|c| zaydapoketrainer|knexhawk2 why do u always stall?\n|\n|t:|1666835390\n|move|p1a: Umbreon|Protect|p1a: Umbreon\n|-singleturn|p1a: Umbreon|Protect\n|move|p2a: Toxapex|Knock Off|p1a: Umbreon\n|-activate|p1a: Umbreon|move: Protect\n|\n|upkeep\n|turn|26\n|c|\u2606knexhawk2|cuz\n|\n|t:|1666835395\n|move|p1a: Umbreon|Protect|p1a: Umbreon\n|-singleturn|p1a: Umbreon|Protect\n|move|p2a: Toxapex|Knock Off|p1a: Umbreon\n|-activate|p1a: Umbreon|move: Protect\n|\n|upkeep\n|turn|27\n|c|\u2606knexhawk2|its funny\n|c| zaydapoketrainer|have some respect\n|\n|t:|1666835399\n|move|p1a: Umbreon|Protect||[still]\n|-fail|p1a: Umbreon\n|move|p2a: Toxapex|Spite|p1a: Umbreon\n|-activate|p1a: Umbreon|move: Spite|Protect|4\n|\n|upkeep\n|turn|28\n|\n|t:|1666835403\n|move|p1a: Umbreon|Heal Bell||[still]\n|-activate|p1a: Umbreon|move: Heal Bell\n|-fail|p1a: Umbreon\n|move|p2a: Toxapex|Knock Off|p1a: Umbreon\n|-resisted|p1a: Umbreon\n|-damage|p1a: Umbreon|98\/100\n|\n|upkeep\n|turn|29\n|c| zaydapoketrainer|ur a human bro\n|\n|t:|1666835406\n|move|p1a: Umbreon|Foul Play|p2a: Toxapex\n|-crit|p2a: Toxapex\n|-damage|p2a: Toxapex|64\/100\n|move|p2a: Toxapex|Knock Off|p1a: Umbreon\n|-resisted|p1a: Umbreon\n|-damage|p1a: Umbreon|96\/100\n|\n|upkeep\n|turn|30\n|\n|t:|1666835409\n|move|p1a: Umbreon|Protect|p1a: Umbreon\n|-singleturn|p1a: Umbreon|Protect\n|move|p2a: Toxapex|Knock Off|p1a: Umbreon\n|-activate|p1a: Umbreon|move: Protect\n|\n|upkeep\n|turn|31\n|c| zaydapoketrainer|any stall player doesnt get bitches\n|\n|t:|1666835413\n|move|p1a: Umbreon|Foul Play|p2a: Toxapex\n|-damage|p2a: Toxapex|52\/100\n|move|p2a: Toxapex|Spite|p1a: Umbreon\n|-activate|p1a: Umbreon|move: Spite|Foul Play|4\n|\n|upkeep\n|turn|32\n|l| BandedAi\n|\n|t:|1666835416\n|move|p1a: Umbreon|Foul Play|p2a: Toxapex\n|-damage|p2a: Toxapex|42\/100\n|move|p2a: Toxapex|Knock Off|p1a: Umbreon\n|-resisted|p1a: Umbreon\n|-damage|p1a: Umbreon|94\/100\n|\n|upkeep\n|turn|33\n|\n|t:|1666835418\n|move|p1a: Umbreon|Foul Play|p2a: Toxapex\n|-crit|p2a: Toxapex\n|-damage|p2a: Toxapex|25\/100\n|move|p2a: Toxapex|Recover|p2a: Toxapex\n|-heal|p2a: Toxapex|75\/100\n|\n|upkeep\n|turn|34\n|\n|t:|1666835421\n|move|p1a: Umbreon|Foul Play|p2a: Toxapex\n|-damage|p2a: Toxapex|65\/100\n|move|p2a: Toxapex|Block||[still]\n|-fail|p2a: Toxapex\n|\n|upkeep\n|turn|35\n|\n|t:|1666835424\n|move|p1a: Umbreon|Foul Play|p2a: Toxapex\n|-damage|p2a: Toxapex|55\/100\n|move|p2a: Toxapex|Knock Off|p1a: Umbreon\n|-resisted|p1a: Umbreon\n|-damage|p1a: Umbreon|92\/100\n|\n|upkeep\n|turn|36\n|\n|t:|1666835429\n|move|p1a: Umbreon|Foul Play|p2a: Toxapex\n|-damage|p2a: Toxapex|44\/100\n|move|p2a: Toxapex|Spite||[still]\n|-fail|p2a: Toxapex\n|\n|upkeep\n|turn|37\n|\n|t:|1666835434\n|move|p1a: Umbreon|Wish|p1a: Umbreon\n|move|p2a: Toxapex|Recover|p2a: Toxapex\n|-heal|p2a: Toxapex|94\/100\n|\n|upkeep\n|turn|38\n|\n|t:|1666835439\n|move|p1a: Umbreon|Heal Bell||[still]\n|-activate|p1a: Umbreon|move: Heal Bell\n|-fail|p1a: Umbreon\n|move|p2a: Toxapex|Knock Off|p1a: Umbreon\n|-resisted|p1a: Umbreon\n|-damage|p1a: Umbreon|90\/100\n|\n|-heal|p1a: Umbreon|100\/100|[from] move: Wish|[wisher] Umbreon\n|upkeep\n|turn|39\n|\n|t:|1666835443\n|move|p1a: Umbreon|Wish|p1a: Umbreon\n|move|p2a: Toxapex|Knock Off|p1a: Umbreon\n|-resisted|p1a: Umbreon\n|-damage|p1a: Umbreon|98\/100\n|\n|upkeep\n|turn|40\n|\n|t:|1666835446\n|move|p1a: Umbreon|Heal Bell||[still]\n|-activate|p1a: Umbreon|move: Heal Bell\n|-fail|p1a: Umbreon\n|move|p2a: Toxapex|Block||[still]\n|-fail|p2a: Toxapex\n|\n|-heal|p1a: Umbreon|100\/100|[from] move: Wish|[wisher] Umbreon\n|upkeep\n|turn|41\n|\n|t:|1666835448\n|move|p1a: Umbreon|Wish|p1a: Umbreon\n|move|p2a: Toxapex|Knock Off|p1a: Umbreon\n|-resisted|p1a: Umbreon\n|-damage|p1a: Umbreon|98\/100\n|\n|upkeep\n|turn|42\n|c| zaydapoketrainer|get rekt\n|\n|t:|1666835450\n|move|p1a: Umbreon|Wish||[still]\n|-fail|p1a: Umbreon\n|move|p2a: Toxapex|Knock Off|p1a: Umbreon\n|-resisted|p1a: Umbreon\n|-damage|p1a: Umbreon|96\/100\n|\n|-heal|p1a: Umbreon|100\/100|[from] move: Wish|[wisher] Umbreon\n|upkeep\n|turn|43\n|\n|t:|1666835453\n|-activate|p1a: Umbreon|move: Struggle\n|move|p1a: Umbreon|Struggle|p2a: Toxapex\n|-damage|p2a: Toxapex|91\/100\n|-damage|p1a: Umbreon|75\/100|[from] recoil\n|move|p2a: Toxapex|Knock Off|p1a: Umbreon\n|-resisted|p1a: Umbreon\n|-damage|p1a: Umbreon|73\/100\n|\n|upkeep\n|turn|44\n|c|\u2606knexhawk2|i mean i dont need this\n|c|\u2606knexhawk2|tbf\n|\n|t:|1666835458\n|-activate|p1a: Umbreon|move: Struggle\n|move|p1a: Umbreon|Struggle|p2a: Toxapex\n|-damage|p2a: Toxapex|87\/100\n|-damage|p1a: Umbreon|48\/100|[from] recoil\n|move|p2a: Toxapex|Knock Off|p1a: Umbreon\n|-resisted|p1a: Umbreon\n|-damage|p1a: Umbreon|46\/100\n|\n|upkeep\n|turn|45\n|c| zaydapoketrainer|excuse\n|c|\u2606knexhawk2|its good to know his pex is useless\n|\n|t:|1666835469\n|-activate|p1a: Umbreon|move: Struggle\n|move|p1a: Umbreon|Struggle|p2a: Toxapex\n|-damage|p2a: Toxapex|84\/100\n|-damage|p1a: Umbreon|21\/100|[from] recoil\n|move|p2a: Toxapex|Block||[still]\n|-fail|p2a: Toxapex\n|\n|upkeep\n|turn|46\n|\n|t:|1666835475\n|switch|p2a: Giratina|Giratina|31\/100\n|-damage|p2a: Giratina|18\/100|[from] Spikes\n|-ability|p2a: Giratina|Pressure\n|-activate|p1a: Umbreon|move: Struggle\n|move|p1a: Umbreon|Struggle|p2a: Giratina\n|-damage|p2a: Giratina|15\/100\n|-damage|p1a: Umbreon|0 fnt|[from] recoil\n|faint|p1a: Umbreon\n|\n|upkeep\n|c|\u2606lowelofunn|shit\n|l| zaydapoketrainer\n|\n|t:|1666835496\n|switch|p1a: Slowbro|Slowbro-Galar, F|100\/100\n|turn|47\n|\n|t:|1666835502\n|move|p2a: Giratina|Rest|p2a: Giratina\n|-status|p2a: Giratina|slp|[from] move: Rest\n|-heal|p2a: Giratina|100\/100 slp|[silent]\n|move|p1a: Slowbro|Ice Beam|p2a: Giratina\n|-supereffective|p2a: Giratina\n|-damage|p2a: Giratina|65\/100 slp\n|\n|upkeep\n|turn|48\n|\n|t:|1666835509\n|switch|p2a: Chansey|Chansey, F|100\/100\n|-damage|p2a: Chansey|88\/100|[from] Spikes\n|move|p1a: Slowbro|Ice Beam|p2a: Chansey\n|-damage|p2a: Chansey|81\/100\n|\n|upkeep\n|turn|49\n|j|+booclipse\n|c|\u2606knexhawk2|yeah i cant outspeed that lol\n|j| george malone\n|\n|t:|1666835516\n|switch|p1a: Corviknight|Corviknight, F|100\/100\n|-ability|p1a: Corviknight|Pressure\n|move|p2a: Chansey|Heal Bell|p2a: Chansey\n|-activate|p2a: Chansey|move: Heal Bell\n|-curestatus|p2: Giratina|slp|[msg]\n|\n|upkeep\n|turn|50\n|\n|t:|1666835523\n|switch|p2a: Corviknight|Corviknight, M|100\/100\n|-ability|p2a: Corviknight|Pressure\n|switch|p1a: Chansey|Chansey, F|100\/100\n|\n|upkeep\n|turn|51\n|j| d18l\n|\n|t:|1666835531\n|switch|p1a: Corviknight|Corviknight, F|100\/100\n|-ability|p1a: Corviknight|Pressure\n|switch|p2a: Gastrodon|Gastrodon, M|100\/100\n|-damage|p2a: Gastrodon|88\/100|[from] Spikes\n|\n|-heal|p2a: Gastrodon|94\/100|[from] item: Leftovers\n|upkeep\n|turn|52\n|j| Duranti-Meta\n|\n|t:|1666835534\n|switch|p1a: Chansey|Chansey, F|100\/100\n|switch|p2a: Corviknight|Corviknight, M|100\/100\n|-ability|p2a: Corviknight|Pressure\n|\n|upkeep\n|turn|53\n|\n|t:|1666835535\n|switch|p1a: Corviknight|Corviknight, F|100\/100\n|-ability|p1a: Corviknight|Pressure\n|switch|p2a: Gastrodon|Gastrodon, M|94\/100\n|-damage|p2a: Gastrodon|82\/100|[from] Spikes\n|\n|-heal|p2a: Gastrodon|88\/100|[from] item: Leftovers\n|upkeep\n|turn|54\n|\n|t:|1666835537\n|switch|p1a: Chansey|Chansey, F|100\/100\n|switch|p2a: Corviknight|Corviknight, M|100\/100\n|-ability|p2a: Corviknight|Pressure\n|\n|upkeep\n|turn|55\n|\n|t:|1666835538\n|switch|p1a: Corviknight|Corviknight, F|100\/100\n|-ability|p1a: Corviknight|Pressure\n|switch|p2a: Gastrodon|Gastrodon, M|88\/100\n|-damage|p2a: Gastrodon|75\/100|[from] Spikes\n|\n|-heal|p2a: Gastrodon|82\/100|[from] item: Leftovers\n|upkeep\n|turn|56\n|c| george malone|this shit look fun asl\n|\n|t:|1666835539\n|switch|p1a: Chansey|Chansey, F|100\/100\n|switch|p2a: Corviknight|Corviknight, M|100\/100\n|-ability|p2a: Corviknight|Pressure\n|\n|upkeep\n|turn|57\n|\n|t:|1666835541\n|switch|p1a: Corviknight|Corviknight, F|100\/100\n|-ability|p1a: Corviknight|Pressure\n|move|p2a: Corviknight|Defog|p1a: Corviknight\n|-unboost|p1a: Corviknight|evasion|1\n|-sideend|p2: lowelofunn|Spikes|[from] move: Defog|[of] p2a: Corviknight\n|\n|upkeep\n|turn|58\n|c| george malone|50 turns in\n|c|\u2606knexhawk2|-2 pp ha\n|\n|t:|1666835548\n|switch|p2a: Toxapex|Toxapex, M|100\/100\n|switch|p1a: Chansey|Chansey, F|100\/100\n|\n|upkeep\n|turn|59\n|\n|t:|1666835554\n|switch|p2a: Gastrodon|Gastrodon, M|82\/100\n|move|p1a: Chansey|Stealth Rock|p2a: Gastrodon\n|-sidestart|p2: lowelofunn|move: Stealth Rock\n|\n|-heal|p2a: Gastrodon|88\/100|[from] item: Leftovers\n|upkeep\n|turn|60\n|\n|t:|1666835561\n|switch|p2a: Corviknight|Corviknight, M|100\/100\n|-damage|p2a: Corviknight|88\/100|[from] Stealth Rock\n|-ability|p2a: Corviknight|Pressure\n|move|p1a: Chansey|Wish|p1a: Chansey\n|\n|upkeep\n|turn|61\n|c|\u2606lowelofunn|good thing i killed umbri\n|l|+booclipse\n|c| Duranti-Meta|lmao double stall\n|c|\u2606knexhawk2|good thing\n|\n|t:|1666835590\n|switch|p1a: Golisopod|Golisopod, M|42\/100\n|move|p2a: Corviknight|Defog|p1a: Golisopod\n|-unboost|p1a: Golisopod|evasion|1\n|-sideend|p2: lowelofunn|Stealth Rock|[from] move: Defog|[of] p2a: Corviknight\n|\n|-heal|p1a: Golisopod|100\/100|[from] move: Wish|[wisher] Chansey\n|upkeep\n|turn|62\n|c|\u2606knexhawk2|almost like i cant wishpass anymore\n|\n|t:|1666835595\n|switch|p2a: Toxapex|Toxapex, M|100\/100\n|move|p1a: Golisopod|Knock Off|p2a: Toxapex\n|-damage|p2a: Toxapex|88\/100\n|\n|upkeep\n|turn|63\n|c| george malone|who doesnt go corv on corvs defog\n|\n|t:|1666835605\n|switch|p1a: Corviknight|Corviknight, F|100\/100\n|-ability|p1a: Corviknight|Pressure\n|move|p2a: Toxapex|Knock Off|p1a: Corviknight\n|-damage|p1a: Corviknight|94\/100\n|-enditem|p1a: Corviknight|Shed Shell|[from] move: Knock Off|[of] p2a: Toxapex\n|\n|upkeep\n|turn|64\n|c|\u2606knexhawk2|i wanted my heal\n|\n|t:|1666835616\n|switch|p1a: Quagsire|Quagsire, F|100\/100\n|switch|p2a: Clefable|Clefable, F|100\/100\n|\n|upkeep\n|turn|65\n|\n|t:|1666835622\n|switch|p1a: Slowbro|Slowbro-Galar, F|100\/100\n|move|p2a: Clefable|Stealth Rock|p1a: Slowbro\n|-sidestart|p1: knexhawk2|move: Stealth Rock\n|\n|upkeep\n|turn|66\n|\n|t:|1666835626\n|switch|p2a: Chansey|Chansey, F|81\/100\n|move|p1a: Slowbro|Future Sight|p2a: Chansey\n|-start|p1a: Slowbro|move: Future Sight\n|\n|upkeep\n|turn|67\n|c| Duranti-Meta|this is why i hate stall\n|\n|t:|1666835638\n|switch|p1a: Chansey|Chansey, F|100\/100\n|-damage|p1a: Chansey|88\/100|[from] Stealth Rock\n|move|p2a: Chansey|Toxic|p1a: Chansey\n|-status|p1a: Chansey|tox\n|\n|-damage|p1a: Chansey|82\/100 tox|[from] psn\n|upkeep\n|turn|68\n|\n|t:|1666835643\n|switch|p2a: Corviknight|Corviknight, M|88\/100\n|-ability|p2a: Corviknight|Pressure\n|move|p1a: Chansey|Stealth Rock|p2a: Corviknight\n|-sidestart|p2: lowelofunn|move: Stealth Rock\n|\n|-end|p2a: Corviknight|move: Future Sight\n|-resisted|p2a: Corviknight\n|-crit|p2a: Corviknight\n|-damage|p2a: Corviknight|59\/100\n|-damage|p1a: Chansey|70\/100 tox|[from] psn\n|upkeep\n|turn|69\n|j| anoxx17\n|\n|t:|1666835646\n|-curestatus|p1a: Chansey|tox|[from] ability: Natural Cure\n|switch|p1a: Corviknight|Corviknight, F|94\/100\n|-damage|p1a: Corviknight|81\/100|[from] Stealth Rock\n|-ability|p1a: Corviknight|Pressure\n|move|p2a: Corviknight|Defog|p1a: Corviknight\n|-unboost|p1a: Corviknight|evasion|1\n|-sideend|p1: knexhawk2|Stealth Rock|[from] move: Defog|[of] p2a: Corviknight\n|-sideend|p2: lowelofunn|Stealth Rock|[from] move: Defog|[of] p2a: Corviknight\n|\n|upkeep\n|turn|70\n|\n|t:|1666835652\n|switch|p1a: Slowbro|Slowbro-Galar, F|100\/100\n|move|p2a: Corviknight|Roost|p2a: Corviknight\n|-heal|p2a: Corviknight|100\/100\n|-singleturn|p2a: Corviknight|move: Roost\n|\n|upkeep\n|turn|71\n|\n|t:|1666835657\n|switch|p2a: Giratina|Giratina|65\/100\n|-ability|p2a: Giratina|Pressure\n|switch|p1a: Quagsire|Quagsire, F|100\/100\n|\n|upkeep\n|turn|72\n|\n|t:|1666835662\n|switch|p2a: Clefable|Clefable, F|100\/100\n|switch|p1a: Chansey|Chansey, F|70\/100\n|\n|upkeep\n|turn|73\n|\n|t:|1666835668\n|switch|p1a: Corviknight|Corviknight, F|81\/100\n|-ability|p1a: Corviknight|Pressure\n|move|p2a: Clefable|Knock Off|p1a: Corviknight\n|-damage|p1a: Corviknight|76\/100\n|\n|upkeep\n|turn|74\n|\n|t:|1666835673\n|switch|p2a: Giratina|Giratina|65\/100\n|-ability|p2a: Giratina|Pressure\n|switch|p1a: Golisopod|Golisopod, M|100\/100\n|\n|upkeep\n|turn|75\n|\n|t:|1666835680\n|switch|p2a: Corviknight|Corviknight, M|100\/100\n|-ability|p2a: Corviknight|Pressure\n|move|p1a: Golisopod|Spikes|p2a: Corviknight\n|-sidestart|p2: lowelofunn|Spikes\n|\n|upkeep\n|turn|76\n|\n|t:|1666835687\n|switch|p2a: Clefable|Clefable, F|100\/100\n|move|p1a: Golisopod|Knock Off|p2a: Clefable\n|-resisted|p2a: Clefable\n|-damage|p2a: Clefable|87\/100\n|-enditem|p2a: Clefable|Leftovers|[from] move: Knock Off|[of] p1a: Golisopod\n|\n|upkeep\n|turn|77\n|c| george malone|think we can call it a knex win\n|\n|t:|1666835702\n|switch|p2a: Corviknight|Corviknight, M|100\/100\n|-ability|p2a: Corviknight|Pressure\n|switch|p1a: Corviknight|Corviknight, F|76\/100\n|-ability|p1a: Corviknight|Pressure\n|\n|upkeep\n|turn|78\n|c|\u2606knexhawk2|true\n|\n|t:|1666835711\n|switch|p2a: Giratina|Giratina|65\/100\n|-damage|p2a: Giratina|53\/100|[from] Spikes\n|-ability|p2a: Giratina|Pressure\n|move|p1a: Corviknight|Body Press|p2a: Giratina\n|-immune|p2a: Giratina\n|\n|upkeep\n|turn|79\n|\n|t:|1666835718\n|switch|p1a: Chansey|Chansey, F|70\/100\n|move|p2a: Giratina|Will-O-Wisp|p1a: Chansey\n|-status|p1a: Chansey|brn\n|\n|-damage|p1a: Chansey|63\/100 brn|[from] brn\n|upkeep\n|turn|80\n|\n|t:|1666835727\n|switch|p2a: Toxapex|Toxapex, M|100\/100\n|-damage|p2a: Toxapex|88\/100|[from] Spikes\n|move|p1a: Chansey|Stealth Rock|p2a: Toxapex\n|-sidestart|p2: lowelofunn|move: Stealth Rock\n|\n|-damage|p1a: Chansey|57\/100 brn|[from] brn\n|upkeep\n|turn|81\n|\n|t:|1666835741\n|-curestatus|p1a: Chansey|brn|[from] ability: Natural Cure\n|switch|p1a: Quagsire|Quagsire, F|100\/100\n|switch|p2a: Corviknight|Corviknight, M|100\/100\n|-damage|p2a: Corviknight|88\/100|[from] Stealth Rock\n|-ability|p2a: Corviknight|Pressure\n|\n|upkeep\n|turn|82\n|\n|t:|1666835747\n|switch|p2a: Giratina|Giratina|53\/100\n|-damage|p2a: Giratina|40\/100|[from] Spikes\n|-damage|p2a: Giratina|28\/100|[from] Stealth Rock\n|-ability|p2a: Giratina|Pressure\n|switch|p1a: Corviknight|Corviknight, F|76\/100\n|-ability|p1a: Corviknight|Pressure\n|\n|upkeep\n|turn|83\n|\n|t:|1666835753\n|switch|p1a: Chansey|Chansey, F|57\/100\n|move|p2a: Giratina|Rest|p2a: Giratina\n|-status|p2a: Giratina|slp|[from] move: Rest\n|-heal|p2a: Giratina|100\/100 slp|[silent]\n|\n|upkeep\n|turn|84\n|l| d18l\n|\n|t:|1666835758\n|cant|p2a: Giratina|slp\n|move|p1a: Chansey|Seismic Toss|p2a: Giratina\n|-immune|p2a: Giratina\n|\n|upkeep\n|turn|85\n|\n|t:|1666835760\n|cant|p2a: Giratina|slp\n|move|p1a: Chansey|Soft-Boiled|p1a: Chansey\n|-heal|p1a: Chansey|100\/100\n|\n|upkeep\n|turn|86\n|\n|t:|1666835765\n|switch|p1a: Slowbro|Slowbro-Galar, F|100\/100\n|-curestatus|p2a: Giratina|slp|[msg]\n|move|p2a: Giratina|Will-O-Wisp|p1a: Slowbro\n|-status|p1a: Slowbro|brn\n|\n|-damage|p1a: Slowbro|94\/100 brn|[from] brn\n|upkeep\n|turn|87\n|\n|t:|1666835772\n|switch|p1a: Chansey|Chansey, F|100\/100\n|move|p2a: Giratina|Defog|p1a: Chansey\n|-unboost|p1a: Chansey|evasion|1\n|-sideend|p2: lowelofunn|Spikes|[from] move: Defog|[of] p2a: Giratina\n|-sideend|p2: lowelofunn|Stealth Rock|[from] move: Defog|[of] p2a: Giratina\n|\n|upkeep\n|turn|88\n|c| george malone|nvm\n|\n|t:|1666835783\n|switch|p2a: Toxapex|Toxapex, M|100\/100\n|switch|p1a: Slowbro|Slowbro-Galar, F|100\/100 brn\n|\n|-damage|p1a: Slowbro|94\/100 brn|[from] brn\n|upkeep\n|turn|89\n|l| george malone\n|\n|t:|1666835799\n|switch|p1a: Chansey|Chansey, F|100\/100\n|switch|p2a: Giratina|Giratina|100\/100\n|-ability|p2a: Giratina|Pressure\n|\n|upkeep\n|turn|90\n|\n|t:|1666835812\n|switch|p2a: Corviknight|Corviknight, M|88\/100\n|-ability|p2a: Corviknight|Pressure\n|switch|p1a: Slowbro|Slowbro-Galar, F|100\/100 brn\n|\n|-damage|p1a: Slowbro|94\/100 brn|[from] brn\n|upkeep\n|turn|91\n|c|\u2606knexhawk2|feels like stalemate\n|\n|t:|1666835827\n|switch|p2a: Giratina|Giratina|100\/100\n|-ability|p2a: Giratina|Pressure\n|switch|p1a: Quagsire|Quagsire, F|100\/100\n|\n|upkeep\n|turn|92\n|\n|t:|1666835834\n|switch|p1a: Slowbro|Slowbro-Galar, F|100\/100 brn\n|move|p2a: Giratina|Will-O-Wisp|p1a: Slowbro\n|-fail|p1a: Slowbro|brn\n|\n|-damage|p1a: Slowbro|94\/100 brn|[from] brn\n|upkeep\n|turn|93\n|\n|t:|1666835840\n|switch|p2a: Gastrodon|Gastrodon, M|88\/100\n|switch|p1a: Chansey|Chansey, F|100\/100\n|\n|-heal|p2a: Gastrodon|94\/100|[from] item: Leftovers\n|upkeep\n|turn|94\n|\n|t:|1666835844\n|switch|p2a: Corviknight|Corviknight, M|88\/100\n|-ability|p2a: Corviknight|Pressure\n|move|p1a: Chansey|Stealth Rock|p2a: Corviknight\n|-sidestart|p2: lowelofunn|move: Stealth Rock\n|\n|upkeep\n|turn|95\n|\n|t:|1666835850\n|switch|p1a: Corviknight|Corviknight, F|76\/100\n|-ability|p1a: Corviknight|Pressure\n|move|p2a: Corviknight|Defog|p1a: Corviknight\n|-unboost|p1a: Corviknight|evasion|1\n|-sideend|p2: lowelofunn|Stealth Rock|[from] move: Defog|[of] p2a: Corviknight\n|\n|upkeep\n|turn|96\n|\n|t:|1666835856\n|switch|p1a: Slowbro|Slowbro-Galar, F|100\/100 brn\n|switch|p2a: Clefable|Clefable, F|87\/100\n|\n|-damage|p1a: Slowbro|94\/100 brn|[from] brn\n|upkeep\n|turn|97\n|\n|t:|1666835861\n|move|p2a: Clefable|Stealth Rock|p1a: Slowbro\n|-sidestart|p1: knexhawk2|move: Stealth Rock\n|move|p1a: Slowbro|Ice Beam|p2a: Clefable\n|-damage|p2a: Clefable|70\/100\n|\n|-damage|p1a: Slowbro|88\/100 brn|[from] brn\n|upkeep\n|turn|98\n|\n|t:|1666835871\n|move|p2a: Clefable|Moonblast|p1a: Slowbro\n|-resisted|p1a: Slowbro\n|-crit|p1a: Slowbro\n|-damage|p1a: Slowbro|75\/100 brn\n|move|p1a: Slowbro|Flamethrower|p2a: Clefable\n|-damage|p2a: Clefable|51\/100\n|-status|p2a: Clefable|brn\n|\n|-damage|p1a: Slowbro|69\/100 brn|[from] brn\n|upkeep\n|turn|99\n|\n|t:|1666835876\n|move|p2a: Clefable|Soft-Boiled|p2a: Clefable\n|-heal|p2a: Clefable|100\/100 brn\n|move|p1a: Slowbro|Shell Side Arm|p2a: Clefable|[anim] Shell Side Arm Special\n|-supereffective|p2a: Clefable\n|-damage|p2a: Clefable|48\/100 brn\n|-hint|Special Shell Side Arm\n|\n|-damage|p1a: Slowbro|63\/100 brn|[from] brn\n|upkeep\n|turn|100\n|\n|t:|1666835882\n|move|p2a: Clefable|Soft-Boiled|p2a: Clefable\n|-heal|p2a: Clefable|98\/100 brn\n|move|p1a: Slowbro|Ice Beam|p2a: Clefable\n|-damage|p2a: Clefable|78\/100 brn\n|\n|-damage|p1a: Slowbro|57\/100 brn|[from] brn\n|upkeep\n|turn|101\n|\n|t:|1666835890\n|switch|p2a: Chansey|Chansey, F|81\/100\n|switch|p1a: Corviknight|Corviknight, F|76\/100\n|-damage|p1a: Corviknight|64\/100|[from] Stealth Rock\n|-ability|p1a: Corviknight|Pressure\n|\n|upkeep\n|turn|102\n|\n|t:|1666835894\n|switch|p2a: Giratina|Giratina|100\/100\n|-ability|p2a: Giratina|Pressure\n|move|p1a: Corviknight|Body Press|p2a: Giratina\n|-immune|p2a: Giratina\n|\n|upkeep\n|turn|103\n|\n|t:|1666835899\n|switch|p2a: Corviknight|Corviknight, M|88\/100\n|-ability|p2a: Corviknight|Pressure\n|move|p1a: Corviknight|Defog|p2a: Corviknight\n|-unboost|p2a: Corviknight|evasion|1\n|-sideend|p1: knexhawk2|Stealth Rock|[from] move: Defog|[of] p1a: Corviknight\n|\n|upkeep\n|turn|104\n|\n|t:|1666835908\n|switch|p1a: Slowbro|Slowbro-Galar, F|90\/100 brn\n|switch|p2a: Clefable|Clefable, F|78\/100 brn\n|\n|-damage|p1a: Slowbro|84\/100 brn|[from] brn\n|upkeep\n|turn|105\n|c| Duranti-Meta|hahahahahahahahahahahahahahahahahahahahahahah\n|\n|t:|1666835915\n|switch|p2a: Gastrodon|Gastrodon, M|94\/100\n|switch|p1a: Corviknight|Corviknight, F|64\/100\n|-ability|p1a: Corviknight|Pressure\n|\n|-heal|p2a: Gastrodon|100\/100|[from] item: Leftovers\n|upkeep\n|turn|106\n|\n|t:|1666835920\n|switch|p1a: Chansey|Chansey, F|100\/100\n|move|p2a: Gastrodon|Scald|p1a: Chansey\n|-crit|p1a: Chansey\n|-damage|p1a: Chansey|89\/100\n|\n|upkeep\n|turn|107\n|c|\u2606knexhawk2|htcl you created this\n|j| icnincieninec\n|c|\u2606knexhawk2|This is your creation\n|\n|t:|1666835935\n|switch|p2a: Giratina|Giratina|100\/100\n|-ability|p2a: Giratina|Pressure\n|move|p1a: Chansey|Stealth Rock|p2a: Giratina\n|-sidestart|p2: lowelofunn|move: Stealth Rock\n|\n|upkeep\n|turn|108\n|c|%htcl|its not my fault\n|c|%htcl|no one brought\n|\n|t:|1666835941\n|switch|p1a: Corviknight|Corviknight, F|64\/100\n|-ability|p1a: Corviknight|Pressure\n|move|p2a: Giratina|Will-O-Wisp|p1a: Corviknight\n|-status|p1a: Corviknight|brn\n|\n|-damage|p1a: Corviknight|58\/100 brn|[from] brn\n|upkeep\n|turn|109\n|c| Duranti-Meta|i feel like im going insane\n|c|%htcl|stall breakers\n|c|\u2606knexhawk2|How is gallade beating a giratina\n|c|\u2606knexhawk2|Please enlighten me\n|\n|t:|1666835961\n|switch|p1a: Chansey|Chansey, F|89\/100\n|move|p2a: Giratina|Defog|p1a: Chansey\n|-unboost|p1a: Chansey|evasion|1\n|-sideend|p2: lowelofunn|Stealth Rock|[from] move: Defog|[of] p2a: Giratina\n|\n|upkeep\n|turn|110\n|c|%htcl|it has knock off\n|\n|t:|1666835972\n|switch|p2a: Chansey|Chansey, F|81\/100\n|move|p1a: Chansey|Stealth Rock|p2a: Chansey\n|-sidestart|p2: lowelofunn|move: Stealth Rock\n|\n|upkeep\n|turn|111\n|c|\u2606knexhawk2|? ok its getting willowed\n|c| Duranti-Meta|ok and\n|c|%htcl|you literally ohko\n|\n|t:|1666835978\n|switch|p1a: Corviknight|Corviknight, F|58\/100 brn\n|-ability|p1a: Corviknight|Pressure\n|switch|p2a: Clefable|Clefable, F|78\/100 brn\n|\n|-damage|p1a: Corviknight|52\/100 brn|[from] brn\n|upkeep\n|turn|112\n|c|%htcl|at +2\n|c|%htcl|if you get an sd\n|\n|t:|1666835987\n|move|p2a: Clefable|Knock Off|p1a: Corviknight\n|-damage|p1a: Corviknight|49\/100 brn\n|move|p1a: Corviknight|Roost|p1a: Corviknight\n|-heal|p1a: Corviknight|99\/100 brn\n|-singleturn|p1a: Corviknight|move: Roost\n|\n|-damage|p1a: Corviknight|93\/100 brn|[from] brn\n|upkeep\n|turn|113\n|\n|t:|1666835992\n|switch|p1a: Slowbro|Slowbro-Galar, F|100\/100 brn\n|move|p2a: Clefable|Moonblast|p1a: Slowbro\n|-resisted|p1a: Slowbro\n|-damage|p1a: Slowbro|93\/100 brn\n|\n|-damage|p1a: Slowbro|86\/100 brn|[from] brn\n|upkeep\n|turn|114\n|\n|t:|1666836001\n|switch|p2a: Gastrodon|Gastrodon, M|100\/100\n|-damage|p2a: Gastrodon|94\/100|[from] Stealth Rock\n|switch|p1a: Corviknight|Corviknight, F|93\/100 brn\n|-ability|p1a: Corviknight|Pressure\n|\n|-heal|p2a: Gastrodon|100\/100|[from] item: Leftovers\n|-damage|p1a: Corviknight|87\/100 brn|[from] brn\n|upkeep\n|turn|115\n|\n|t:|1666836009\n|switch|p1a: Chansey|Chansey, F|89\/100\n|move|p2a: Gastrodon|Scald|p1a: Chansey\n|-damage|p1a: Chansey|80\/100\n|\n|upkeep\n|turn|116\n|\n|t:|1666836013\n|switch|p1a: Golisopod|Golisopod, M|100\/100\n|switch|p2a: Giratina|Giratina|100\/100\n|-damage|p2a: Giratina|88\/100|[from] Stealth Rock\n|-ability|p2a: Giratina|Pressure\n|\n|upkeep\n|turn|117\n|\n|t:|1666836019\n|switch|p1a: Slowbro|Slowbro-Galar, F|100\/100 brn\n|move|p2a: Giratina|Will-O-Wisp|p1a: Slowbro\n|-fail|p1a: Slowbro|brn\n|\n|-damage|p1a: Slowbro|94\/100 brn|[from] brn\n|upkeep\n|turn|118\n|\n|t:|1666836022\n|switch|p1a: Corviknight|Corviknight, F|87\/100 brn\n|-ability|p1a: Corviknight|Pressure\n|move|p2a: Giratina|Defog|p1a: Corviknight\n|-unboost|p1a: Corviknight|evasion|1\n|-sideend|p2: lowelofunn|Stealth Rock|[from] move: Defog|[of] p2a: Giratina\n|\n|-damage|p1a: Corviknight|81\/100 brn|[from] brn\n|upkeep\n|turn|119\n|c|%htcl|+2 252+ Atk Gallade Knock Off (97.5 BP) vs. 248 HP \/ 252+ Def Giratina: 434-512 (86.2 - 101.7%) -- 12.5% chance to OHKO\n|\n|t:|1666836028\n|switch|p2a: Clefable|Clefable, F|78\/100 brn\n|switch|p1a: Slowbro|Slowbro-Galar, F|100\/100 brn\n|\n|-damage|p1a: Slowbro|94\/100 brn|[from] brn\n|upkeep\n|turn|120\n|c|%htcl|just run like life orb\n|c|\u2606knexhawk2|12.5\n|c|\u2606knexhawk2|....\n|c|%htcl|or even just like muscle band\n|c|%htcl|for a bit of extra power\n|\n|t:|1666836042\n|switch|p2a: Gastrodon|Gastrodon, M|100\/100\n|switch|p1a: Corviknight|Corviknight, F|81\/100 brn\n|-ability|p1a: Corviknight|Pressure\n|\n|-damage|p1a: Corviknight|75\/100 brn|[from] brn\n|upkeep\n|turn|121\n|\n|t:|1666836047\n|switch|p1a: Chansey|Chansey, F|80\/100\n|switch|p2a: Corviknight|Corviknight, M|88\/100\n|-ability|p2a: Corviknight|Pressure\n|\n|upkeep\n|turn|122\n|c|%htcl|or get up rocks\n|c|\u2606knexhawk2|Yeah im gonna get up rocks\n|c|\u2606knexhawk2|with unkillable corvi\n|\n|t:|1666836071\n|switch|p1a: Golisopod|Golisopod, M|100\/100\n|move|p2a: Corviknight|Body Press|p1a: Golisopod\n|-resisted|p1a: Golisopod\n|-damage|p1a: Golisopod|95\/100\n|\n|upkeep\n|turn|123\n|c|%htcl|uh\n|c|\u2606knexhawk2|tell me another one\n|c|%htcl|just run magnezone\n|\n|t:|1666836082\n|switch|p2a: Giratina|Giratina|88\/100\n|-ability|p2a: Giratina|Pressure\n|move|p1a: Golisopod|Spikes|p2a: Giratina\n|-sidestart|p2: lowelofunn|Spikes\n|\n|upkeep\n|turn|124\n|c| Duranti-Meta|fair, but i dont think anyone thought so deep for this tour format\n|c|\u2606knexhawk2|magneton is trash\n|c|\u2606knexhawk2|but its only viable cuz corv broken\n|c| Duranti-Meta|otherwise we'd actually be seeing gallade\n|c|%htcl|!reevo magnezone\n|raw|<div class=\"message\"><ul class=\"utilichart\"><li class=\"result\"><span class=\"col numcol\">OU<\/span> <span class=\"col iconcol\"><psicon pokemon=\"magnezone\"\/><\/span> <span class=\"col pokemonnamecol\" style=\"white-space:nowrap\"><a href=\"https:\/\/dex.pokemonshowdown.com\/pokemon\/magnezone\" target=\"_blank\">Magnezone<\/a><\/span> <span class=\"col typecol\"><img src=\"https:\/\/play.pokemonshowdown.com\/sprites\/types\/Electric.png\" alt=\"Electric\" height=\"14\" width=\"32\"><img src=\"https:\/\/play.pokemonshowdown.com\/sprites\/types\/Steel.png\" alt=\"Steel\" height=\"14\" width=\"32\"><\/span> <span style=\"float:left;min-height:26px\"><span class=\"col twoabilitycol\">Magnet Pull<br \/>Sturdy<\/span><span class=\"col abilitycol\"><em>Analytic<\/em><\/span><\/span><span style=\"float:left;min-height:26px\"><span class=\"col statcol\"><em>HP<\/em><br \/>90<\/span> <span class=\"col statcol\"><em>Atk<\/em><br \/>80<\/span> <span class=\"col statcol\"><em>Def<\/em><br \/>135<\/span> <span class=\"col statcol\"><em>SpA<\/em><br \/>140<\/span> <span class=\"col statcol\"><em>SpD<\/em><br \/>110<\/span> <span class=\"col statcol\"><em>Spe<\/em><br \/>50<\/span> <span class=\"col bstcol\"><em>BST<br \/>605<\/em><\/span> <\/span><\/li><li style=\"clear:both\"><\/li><\/ul><\/div>\n|c| ronnie.dgaf|this is still goin\n|\n|t:|1666836095\n|switch|p2a: Corviknight|Corviknight, M|88\/100\n|-ability|p2a: Corviknight|Pressure\n|switch|p1a: Corviknight|Corviknight, F|75\/100 brn\n|-ability|p1a: Corviknight|Pressure\n|\n|-damage|p1a: Corviknight|69\/100 brn|[from] brn\n|upkeep\n|turn|125\n|c|%htcl|its not terrible\n|c|\u2606knexhawk2|magneton is better\n|c|\u2606knexhawk2|btw\n|c|\u2606knexhawk2|!reevo magneton\n|raw|<div class=\"message\"><ul class=\"utilichart\"><li class=\"result\"><span class=\"col numcol\">PU<\/span> <span class=\"col iconcol\"><psicon pokemon=\"magneton\"\/><\/span> <span class=\"col pokemonnamecol\" style=\"white-space:nowrap\"><a href=\"https:\/\/dex.pokemonshowdown.com\/pokemon\/magneton\" target=\"_blank\">Magneton<\/a><\/span> <span class=\"col typecol\"><img src=\"https:\/\/play.pokemonshowdown.com\/sprites\/types\/Electric.png\" alt=\"Electric\" height=\"14\" width=\"32\"><img src=\"https:\/\/play.pokemonshowdown.com\/sprites\/types\/Steel.png\" alt=\"Steel\" height=\"14\" width=\"32\"><\/span> <span style=\"float:left;min-height:26px\"><span class=\"col twoabilitycol\">Magnet Pull<br \/>Sturdy<\/span><span class=\"col abilitycol\"><em>Analytic<\/em><\/span><\/span><span style=\"float:left;min-height:26px\"><span class=\"col statcol\"><em>HP<\/em><br \/>75<\/span> <span class=\"col statcol\"><em>Atk<\/em><br \/>85<\/span> <span class=\"col statcol\"><em>Def<\/em><br \/>120<\/span> <span class=\"col statcol\"><em>SpA<\/em><br \/>145<\/span> <span class=\"col statcol\"><em>SpD<\/em><br \/>85<\/span> <span class=\"col statcol\"><em>Spe<\/em><br \/>95<\/span> <span class=\"col bstcol\"><em>BST<br \/>605<\/em><\/span> <\/span><\/li><li style=\"clear:both\"><\/li><\/ul><\/div>\n|c|%htcl|o\n|c|%htcl|either way\n|c|%htcl|u could also run\n|inactive|knexhawk2 has 120 seconds left.\n|c|%htcl|togekiss\n|c|%htcl|and just flinch\n|c|%htcl|all 6 mons\n|c|\u2606knexhawk2|!reevo togekiss\n|raw|<div class=\"message\"><ul class=\"utilichart\"><li class=\"result\"><span class=\"col numcol\">RU<\/span> <span class=\"col iconcol\"><psicon pokemon=\"togekiss\"\/><\/span> <span class=\"col pokemonnamecol\" style=\"white-space:nowrap\"><a href=\"https:\/\/dex.pokemonshowdown.com\/pokemon\/togekiss\" target=\"_blank\">Togekiss<\/a><\/span> <span class=\"col typecol\"><img src=\"https:\/\/play.pokemonshowdown.com\/sprites\/types\/Fairy.png\" alt=\"Fairy\" height=\"14\" width=\"32\"><img src=\"https:\/\/play.pokemonshowdown.com\/sprites\/types\/Flying.png\" alt=\"Flying\" height=\"14\" width=\"32\"><\/span> <span style=\"float:left;min-height:26px\"><span class=\"col twoabilitycol\">Hustle<br \/>Serene Grace<\/span><span class=\"col abilitycol\"><em>Super Luck<\/em><\/span><\/span><span style=\"float:left;min-height:26px\"><span class=\"col statcol\"><em>HP<\/em><br \/>115<\/span> <span class=\"col statcol\"><em>Atk<\/em><br \/>60<\/span> <span class=\"col statcol\"><em>Def<\/em><br \/>105<\/span> <span class=\"col statcol\"><em>SpA<\/em><br \/>160<\/span> <span class=\"col statcol\"><em>SpD<\/em><br \/>125<\/span> <span class=\"col statcol\"><em>Spe<\/em><br \/>120<\/span> <span class=\"col bstcol\"><em>BST<br \/>685<\/em><\/span> <\/span><\/li><li style=\"clear:both\"><\/li><\/ul><\/div>\n|c|\u2606knexhawk2|do you know\n|c|\u2606knexhawk2|how many air slashes\n|c|\u2606knexhawk2|that will take\n|c|%htcl|just NP up\n|c|%htcl|with roost and heal bell\n|\n|t:|1666836141\n|switch|p2a: Toxapex|Toxapex, M|100\/100\n|-damage|p2a: Toxapex|88\/100|[from] Spikes\n|move|p1a: Corviknight|Body Press|p2a: Toxapex\n|-resisted|p2a: Toxapex\n|-damage|p2a: Toxapex|85\/100\n|\n|-damage|p1a: Corviknight|63\/100 brn|[from] brn\n|upkeep\n|turn|126\n|c|%htcl|literally nothing can touch you\n|c|%htcl|u just get +6\n|c|\u2606knexhawk2|except the corviknight\n|c|\u2606knexhawk2|stalling me\n|\n|t:|1666836154\n|switch|p1a: Chansey|Chansey, F|80\/100\n|move|p2a: Toxapex|Knock Off|p1a: Chansey\n|-damage|p1a: Chansey|68\/100\n|-enditem|p1a: Chansey|Eviolite|[from] move: Knock Off|[of] p2a: Toxapex\n|\n|upkeep\n|turn|127\n|c|%htcl|theres no way corv lives\n|c|%htcl|multiple +6 air slashes\n|c| Duranti-Meta|look i think we can all agree that a mistake was made here in some form\n|c|%htcl|hello\n|\n|t:|1666836166\n|switch|p2a: Clefable|Clefable, F|78\/100 brn\n|move|p1a: Chansey|Stealth Rock|p2a: Clefable\n|-sidestart|p2: lowelofunn|move: Stealth Rock\n|\n|upkeep\n|turn|128\n|c|%htcl|corv is also\n|c|%htcl|mono body press\n|l| anoxx17\n|c|%htcl|tf is it gonna do back\n|c|%htcl|nothing\n|c| Duranti-Meta|otherwise we wouldnt have to live with stall on stall\n|inactive|knexhawk2 has 90 seconds left.\n|c| Duranti-Meta|lol\n|c|\u2606knexhawk2|!reevo corviknight\n|raw|<div class=\"message\"><ul class=\"utilichart\"><li class=\"result\"><span class=\"col numcol\">OU<\/span> <span class=\"col iconcol\"><psicon pokemon=\"corviknight\"\/><\/span> <span class=\"col pokemonnamecol\" style=\"white-space:nowrap\"><a href=\"https:\/\/dex.pokemonshowdown.com\/pokemon\/corviknight\" target=\"_blank\">Corviknight<\/a><\/span> <span class=\"col typecol\"><img src=\"https:\/\/play.pokemonshowdown.com\/sprites\/types\/Flying.png\" alt=\"Flying\" height=\"14\" width=\"32\"><img src=\"https:\/\/play.pokemonshowdown.com\/sprites\/types\/Steel.png\" alt=\"Steel\" height=\"14\" width=\"32\"><\/span> <span style=\"float:left;min-height:26px\"><span class=\"col twoabilitycol\">Pressure<br \/>Unnerve<\/span><span class=\"col abilitycol\"><em>Mirror Armor<\/em><\/span><\/span><span style=\"float:left;min-height:26px\"><span class=\"col statcol\"><em>HP<\/em><br \/>128<\/span> <span class=\"col statcol\"><em>Atk<\/em><br \/>107<\/span> <span class=\"col statcol\"><em>Def<\/em><br \/>155<\/span> <span class=\"col statcol\"><em>SpA<\/em><br \/>63<\/span> <span class=\"col statcol\"><em>SpD<\/em><br \/>115<\/span> <span class=\"col statcol\"><em>Spe<\/em><br \/>57<\/span> <span class=\"col bstcol\"><em>BST<br \/>625<\/em><\/span> <\/span><\/li><li style=\"clear:both\"><\/li><\/ul><\/div>\n|c|\u2606knexhawk2|+6 252 SpA Togekiss Air Slash vs. 252 HP \/ 252+ SpD Corviknight: 186-220 (40.4 - 47.8%) -- guaranteed 3HKO after Leftovers recovery\n|c|\u2606knexhawk2|with the stats\n|inactive|knexhawk2 has 60 seconds left.\n|\n|t:|1666836214\n|switch|p1a: Corviknight|Corviknight, F|63\/100 brn\n|-ability|p1a: Corviknight|Pressure\n|move|p2a: Clefable|Stealth Rock|p1a: Corviknight\n|-sidestart|p1: knexhawk2|move: Stealth Rock\n|\n|-damage|p1a: Corviknight|57\/100 brn|[from] brn\n|upkeep\n|turn|129\n|c|%htcl|ya thats like\n|c|%htcl|2 flinches\n|c|%htcl|piss easy\n|\n|t:|1666836225\n|switch|p2a: Giratina|Giratina|88\/100\n|-damage|p2a: Giratina|75\/100|[from] Spikes\n|-damage|p2a: Giratina|63\/100|[from] Stealth Rock\n|-ability|p2a: Giratina|Pressure\n|switch|p1a: Chansey|Chansey, F|68\/100\n|-damage|p1a: Chansey|56\/100|[from] Stealth Rock\n|\n|upkeep\n|turn|130\n|c|\u2606knexhawk2|so half the air slashes\n|c|%htcl|?\n|c|%htcl|2 flinches is 3 air slashes\n|inactive|lowelofunn has 120 seconds left.\n|c|\u2606knexhawk2|pressure\n|c|%htcl|6 with pressure\n|\n|t:|1666836238\n|switch|p2a: Corviknight|Corviknight, M|88\/100\n|-damage|p2a: Corviknight|76\/100|[from] Stealth Rock\n|-ability|p2a: Corviknight|Pressure\n|move|p1a: Chansey|Soft-Boiled|p1a: Chansey\n|-heal|p1a: Chansey|100\/100\n|\n|upkeep\n|turn|131\n|inactive|lowelofunn has 120 seconds left.\n|c|%htcl|you'll be fine\n|\n|t:|1666836253\n|switch|p1a: Corviknight|Corviknight, F|57\/100 brn\n|-damage|p1a: Corviknight|44\/100 brn|[from] Stealth Rock\n|-ability|p1a: Corviknight|Pressure\n|move|p2a: Corviknight|Body Press|p1a: Corviknight\n|-damage|p1a: Corviknight|31\/100 brn\n|\n|-damage|p1a: Corviknight|25\/100 brn|[from] brn\n|upkeep\n|turn|132\n|c|%htcl|if you're really terrified u can just run sub lefties roostless\n|\n|t:|1666836264\n|switch|p2a: Toxapex|Toxapex, M|100\/100\n|-damage|p2a: Toxapex|88\/100|[from] Spikes\n|-damage|p2a: Toxapex|75\/100|[from] Stealth Rock\n|move|p1a: Corviknight|Roost|p1a: Corviknight\n|-heal|p1a: Corviknight|75\/100 brn\n|-singleturn|p1a: Corviknight|move: Roost\n|\n|-damage|p1a: Corviknight|69\/100 brn|[from] brn\n|upkeep\n|turn|133\n|c|%htcl|with flamethrower\n|c| Duranti-Meta|uhh\n|\n|t:|1666836279\n|switch|p1a: Chansey|Chansey, F|100\/100\n|-damage|p1a: Chansey|88\/100|[from] Stealth Rock\n|switch|p2a: Chansey|Chansey, F|81\/100\n|-damage|p2a: Chansey|69\/100|[from] Spikes\n|-damage|p2a: Chansey|56\/100|[from] Stealth Rock\n|\n|upkeep\n|turn|134\n|c| Duranti-Meta|are solgaleo and lunala banned in this format\n|c|%htcl|yes\n|c|%htcl|chansey cant even break ur sub\n|c| Duranti-Meta|figured lol\n|c|%htcl|!reevo togekiss\n|raw|<div class=\"message\"><ul class=\"utilichart\"><li class=\"result\"><span class=\"col numcol\">RU<\/span> <span class=\"col iconcol\"><psicon pokemon=\"togekiss\"\/><\/span> <span class=\"col pokemonnamecol\" style=\"white-space:nowrap\"><a href=\"https:\/\/dex.pokemonshowdown.com\/pokemon\/togekiss\" target=\"_blank\">Togekiss<\/a><\/span> <span class=\"col typecol\"><img src=\"https:\/\/play.pokemonshowdown.com\/sprites\/types\/Fairy.png\" alt=\"Fairy\" height=\"14\" width=\"32\"><img src=\"https:\/\/play.pokemonshowdown.com\/sprites\/types\/Flying.png\" alt=\"Flying\" height=\"14\" width=\"32\"><\/span> <span style=\"float:left;min-height:26px\"><span class=\"col twoabilitycol\">Hustle<br \/>Serene Grace<\/span><span class=\"col abilitycol\"><em>Super Luck<\/em><\/span><\/span><span style=\"float:left;min-height:26px\"><span class=\"col statcol\"><em>HP<\/em><br \/>115<\/span> <span class=\"col statcol\"><em>Atk<\/em><br \/>60<\/span> <span class=\"col statcol\"><em>Def<\/em><br \/>105<\/span> <span class=\"col statcol\"><em>SpA<\/em><br \/>160<\/span> <span class=\"col statcol\"><em>SpD<\/em><br \/>125<\/span> <span class=\"col statcol\"><em>Spe<\/em><br \/>120<\/span> <span class=\"col bstcol\"><em>BST<br \/>685<\/em><\/span> <\/span><\/li><li style=\"clear:both\"><\/li><\/ul><\/div>\n|\n|t:|1666836293\n|switch|p1a: Slowbro|Slowbro-Galar, F|100\/100 brn\n|-damage|p1a: Slowbro|88\/100 brn|[from] Stealth Rock\n|move|p2a: Chansey|Soft-Boiled|p2a: Chansey\n|-heal|p2a: Chansey|100\/100\n|\n|-damage|p1a: Slowbro|82\/100 brn|[from] brn\n|upkeep\n|turn|135\n|c|\u2606knexhawk2|!reevo lunala\n|raw|<div class=\"message\"><ul class=\"utilichart\"><li class=\"result\"><span class=\"col numcol\">Uber<\/span> <span class=\"col iconcol\"><psicon pokemon=\"lunala\"\/><\/span> <span class=\"col pokemonnamecol\" style=\"white-space:nowrap\"><a href=\"https:\/\/dex.pokemonshowdown.com\/pokemon\/lunala\" target=\"_blank\">Lunala<\/a><\/span> <span class=\"col typecol\"><img src=\"https:\/\/play.pokemonshowdown.com\/sprites\/types\/Psychic.png\" alt=\"Psychic\" height=\"14\" width=\"32\"><img src=\"https:\/\/play.pokemonshowdown.com\/sprites\/types\/Ghost.png\" alt=\"Ghost\" height=\"14\" width=\"32\"><\/span> <span style=\"float:left;min-height:26px\"><span class=\"col abilitycol\">Shadow Shield<\/span><span class=\"col abilitycol\"><\/span><\/span><span style=\"float:left;min-height:26px\"><span class=\"col statcol\"><em>HP<\/em><br \/>231<\/span> <span class=\"col statcol\"><em>Atk<\/em><br \/>197<\/span> <span class=\"col statcol\"><em>Def<\/em><br \/>47<\/span> <span class=\"col statcol\"><em>SpA<\/em><br \/>245<\/span> <span class=\"col statcol\"><em>SpD<\/em><br \/>83<\/span> <span class=\"col statcol\"><em>Spe<\/em><br \/>157<\/span> <span class=\"col bstcol\"><em>BST<br \/>960<\/em><\/span> <\/span><\/li><li style=\"clear:both\"><\/li><\/ul><\/div>\n|c|%htcl|115 base hp\n|c|\u2606knexhawk2|!reevo solgaleo\n|raw|<div class=\"message\"><ul class=\"utilichart\"><li class=\"result\"><span class=\"col numcol\">Uber<\/span> <span class=\"col iconcol\"><psicon pokemon=\"solgaleo\"\/><\/span> <span class=\"col pokemonnamecol\" style=\"white-space:nowrap\"><a href=\"https:\/\/dex.pokemonshowdown.com\/pokemon\/solgaleo\" target=\"_blank\">Solgaleo<\/a><\/span> <span class=\"col typecol\"><img src=\"https:\/\/play.pokemonshowdown.com\/sprites\/types\/Psychic.png\" alt=\"Psychic\" height=\"14\" width=\"32\"><img src=\"https:\/\/play.pokemonshowdown.com\/sprites\/types\/Steel.png\" alt=\"Steel\" height=\"14\" width=\"32\"><\/span> <span style=\"float:left;min-height:26px\"><span class=\"col abilitycol\">Full Metal Body<\/span><span class=\"col abilitycol\"><\/span><\/span><span style=\"float:left;min-height:26px\"><span class=\"col statcol\"><em>HP<\/em><br \/>231<\/span> <span class=\"col statcol\"><em>Atk<\/em><br \/>245<\/span> <span class=\"col statcol\"><em>Def<\/em><br \/>83<\/span> <span class=\"col statcol\"><em>SpA<\/em><br \/>197<\/span> <span class=\"col statcol\"><em>SpD<\/em><br \/>47<\/span> <span class=\"col statcol\"><em>Spe<\/em><br \/>157<\/span> <span class=\"col bstcol\"><em>BST<br \/>960<\/em><\/span> <\/span><\/li><li style=\"clear:both\"><\/li><\/ul><\/div>\n|c|%htcl|lets you sub on chansey\n|c|%htcl|with ease\n|c|\u2606knexhawk2|ur not killing either of those\n|c| Duranti-Meta|lmao\n|c|\u2606knexhawk2|i guess u can sucker punch lunala\n|c|\u2606knexhawk2|but thats it\n|inactive|knexhawk2 has 60 seconds left.\n|\n|t:|1666836324\n|switch|p1a: Corviknight|Corviknight, F|69\/100 brn\n|-damage|p1a: Corviknight|56\/100 brn|[from] Stealth Rock\n|-ability|p1a: Corviknight|Pressure\n|move|p2a: Chansey|Seismic Toss|p1a: Corviknight\n|-damage|p1a: Corviknight|34\/100 brn\n|\n|-damage|p1a: Corviknight|28\/100 brn|[from] brn\n|upkeep\n|turn|136\n|c| Duranti-Meta|look at those attacking stats\n|\n|t:|1666836331\n|move|p2a: Chansey|Seismic Toss|p1a: Corviknight\n|-damage|p1a: Corviknight|7\/100 brn\n|move|p1a: Corviknight|Roost|p1a: Corviknight\n|-heal|p1a: Corviknight|57\/100 brn\n|-singleturn|p1a: Corviknight|move: Roost\n|\n|-damage|p1a: Corviknight|50\/100 brn|[from] brn\n|upkeep\n|turn|137\n|c|\u2606knexhawk2|!reevo darmanitan galar\n|raw|<div class=\"message\"><ul class=\"utilichart\"><li class=\"result\"><span class=\"col numcol\">Uber<\/span> <span class=\"col iconcol\"><psicon pokemon=\"darmanitangalar\"\/><\/span> <span class=\"col pokemonnamecol\" style=\"white-space:nowrap\"><a href=\"https:\/\/dex.pokemonshowdown.com\/pokemon\/darmanitangalar\" target=\"_blank\">Darmanitan-Galar<\/a><\/span> <span class=\"col typecol\"><img src=\"https:\/\/play.pokemonshowdown.com\/sprites\/types\/Ice.png\" alt=\"Ice\" height=\"14\" width=\"32\"><\/span> <span style=\"float:left;min-height:26px\"><span class=\"col abilitycol\">Gorilla Tactics<\/span><span class=\"col abilitycol\"><em>Zen Mode<\/em><\/span><\/span><span style=\"float:left;min-height:26px\"><span class=\"col statcol\"><em>HP<\/em><br \/>140<\/span> <span class=\"col statcol\"><em>Atk<\/em><br \/>190<\/span> <span class=\"col statcol\"><em>Def<\/em><br \/>65<\/span> <span class=\"col statcol\"><em>SpA<\/em><br \/>45<\/span> <span class=\"col statcol\"><em>SpD<\/em><br \/>65<\/span> <span class=\"col statcol\"><em>Spe<\/em><br \/>140<\/span> <span class=\"col bstcol\"><em>BST<br \/>645<\/em><\/span> <\/span><\/li><li style=\"clear:both\"><\/li><\/ul><\/div>\n|\n|t:|1666836342\n|move|p2a: Chansey|Seismic Toss|p1a: Corviknight\n|-damage|p1a: Corviknight|29\/100 brn\n|move|p1a: Corviknight|Roost|p1a: Corviknight\n|-heal|p1a: Corviknight|79\/100 brn\n|-singleturn|p1a: Corviknight|move: Roost\n|\n|-damage|p1a: Corviknight|73\/100 brn|[from] brn\n|upkeep\n|turn|138\n|inactive|knexhawk2 has 60 seconds left.\n|c|\u2606knexhawk2|!reevo darmanitan galar zen\n|error|Error: Darmanitan-Galar-Zen is not an evolution.\n|c|\u2606knexhawk2|doesnt work\n|c|\u2606knexhawk2|guess it gets weaker\n|inactive|lowelofunn has 90 seconds left.\n|j| ghostvein\n|\n|t:|1666836368\n|move|p2a: Chansey|Seismic Toss|p1a: Corviknight\n|-damage|p1a: Corviknight|51\/100 brn\n|move|p1a: Corviknight|Body Press|p2a: Chansey\n|-supereffective|p2a: Chansey\n|-damage|p2a: Chansey|77\/100\n|\n|-damage|p1a: Corviknight|45\/100 brn|[from] brn\n|upkeep\n|turn|139\n|j| yeshahr\n|\n|t:|1666836377\n|move|p2a: Chansey|Seismic Toss|p1a: Corviknight\n|-damage|p1a: Corviknight|23\/100 brn\n|move|p1a: Corviknight|Roost|p1a: Corviknight\n|-heal|p1a: Corviknight|73\/100 brn\n|-singleturn|p1a: Corviknight|move: Roost\n|\n|-damage|p1a: Corviknight|67\/100 brn|[from] brn\n|upkeep\n|turn|140\n|\n|t:|1666836383\n|move|p2a: Chansey|Seismic Toss|p1a: Corviknight\n|-damage|p1a: Corviknight|45\/100 brn\n|move|p1a: Corviknight|Roost|p1a: Corviknight\n|-heal|p1a: Corviknight|95\/100 brn\n|-singleturn|p1a: Corviknight|move: Roost\n|\n|-damage|p1a: Corviknight|89\/100 brn|[from] brn\n|upkeep\n|turn|141\n|\n|t:|1666836389\n|switch|p2a: Toxapex|Toxapex, M|100\/100\n|-damage|p2a: Toxapex|88\/100|[from] Spikes\n|-damage|p2a: Toxapex|75\/100|[from] Stealth Rock\n|move|p1a: Corviknight|Body Press|p2a: Toxapex\n|-resisted|p2a: Toxapex\n|-damage|p2a: Toxapex|72\/100\n|\n|-damage|p1a: Corviknight|83\/100 brn|[from] brn\n|upkeep\n|turn|142\n|\n|t:|1666836396\n|switch|p1a: Chansey|Chansey, F|88\/100\n|-damage|p1a: Chansey|76\/100|[from] Stealth Rock\n|switch|p2a: Giratina|Giratina|63\/100\n|-damage|p2a: Giratina|50\/100|[from] Spikes\n|-damage|p2a: Giratina|38\/100|[from] Stealth Rock\n|-ability|p2a: Giratina|Pressure\n|\n|upkeep\n|turn|143\n|\n|t:|1666836406\n|move|p2a: Giratina|Rest|p2a: Giratina\n|-status|p2a: Giratina|slp|[from] move: Rest\n|-heal|p2a: Giratina|100\/100 slp|[silent]\n|move|p1a: Chansey|Wish|p1a: Chansey\n|\n|upkeep\n|turn|144\n|c| Duranti-Meta|are gyarados milotic and golisopod banned?\n|c| yeshahr|why is there a fucking giratina LOL\n|c|\u2606knexhawk2|first 2\n|c|\u2606knexhawk2|are\n|\n|t:|1666836420\n|switch|p2a: Gastrodon|Gastrodon, M|100\/100\n|-damage|p2a: Gastrodon|88\/100|[from] Spikes\n|-damage|p2a: Gastrodon|82\/100|[from] Stealth Rock\n|switch|p1a: Golisopod|Golisopod, M|95\/100\n|-damage|p1a: Golisopod|71\/100|[from] Stealth Rock\n|\n|-heal|p1a: Golisopod|100\/100|[from] move: Wish|[wisher] Chansey\n|-heal|p2a: Gastrodon|88\/100|[from] item: Leftovers\n|upkeep\n|turn|145\n|c| Duranti-Meta|makes sense\n|j| boy_poochie\n|c| Duranti-Meta|wait wtf golisopod isnt banned\n|\n|t:|1666836441\n|switch|p2a: Corviknight|Corviknight, M|76\/100\n|-damage|p2a: Corviknight|63\/100|[from] Stealth Rock\n|-ability|p2a: Corviknight|Pressure\n|move|p1a: Golisopod|Knock Off|p2a: Corviknight\n|-damage|p2a: Corviknight|46\/100\n|-enditem|p2a: Corviknight|Shed Shell|[from] move: Knock Off|[of] p1a: Golisopod\n|\n|upkeep\n|turn|146\n|\n|t:|1666836447\n|move|p2a: Corviknight|Roost|p2a: Corviknight\n|-heal|p2a: Corviknight|96\/100\n|-singleturn|p2a: Corviknight|move: Roost\n|move|p1a: Golisopod|Knock Off|p2a: Corviknight\n|-damage|p2a: Corviknight|85\/100\n|\n|upkeep\n|turn|147\n|c| Duranti-Meta|that thing must have crazy bst\n|\n|t:|1666836453\n|switch|p1a: Corviknight|Corviknight, F|83\/100 brn\n|-damage|p1a: Corviknight|71\/100 brn|[from] Stealth Rock\n|-ability|p1a: Corviknight|Pressure\n|move|p2a: Corviknight|Body Press|p1a: Corviknight\n|-damage|p1a: Corviknight|57\/100 brn\n|\n|-damage|p1a: Corviknight|51\/100 brn|[from] brn\n|upkeep\n|turn|148\n|c| Duranti-Meta|wait its being used\n|inactive|knexhawk2 has 90 seconds left.\n|c|\u2606knexhawk2|it has negative speed\n|c| Duranti-Meta|i wasnt even paying attention lol\n|c| Duranti-Meta|oh that makes sense\n|inactive|lowelofunn has 60 seconds left.\n|c| Duranti-Meta|lol 1 speed\n|\n|t:|1666836479\n|switch|p2a: Giratina|Giratina|100\/100 slp\n|-damage|p2a: Giratina|88\/100 slp|[from] Spikes\n|-damage|p2a: Giratina|75\/100 slp|[from] Stealth Rock\n|-ability|p2a: Giratina|Pressure\n|move|p1a: Corviknight|Roost|p1a: Corviknight\n|-heal|p1a: Corviknight|100\/100 brn\n|-singleturn|p1a: Corviknight|move: Roost\n|\n|-damage|p1a: Corviknight|94\/100 brn|[from] brn\n|upkeep\n|turn|149\n|c| Duranti-Meta|but it still has 831 bst\n|\n|t:|1666836484\n|switch|p1a: Golisopod|Golisopod, M|100\/100\n|-damage|p1a: Golisopod|76\/100|[from] Stealth Rock\n|cant|p2a: Giratina|slp\n|\n|upkeep\n|turn|150\n|l| boy_poochie\n|\n|t:|1666836490\n|switch|p2a: Corviknight|Corviknight, M|85\/100\n|-damage|p2a: Corviknight|72\/100|[from] Stealth Rock\n|-ability|p2a: Corviknight|Pressure\n|move|p1a: Golisopod|Knock Off|p2a: Corviknight\n|-damage|p2a: Corviknight|60\/100\n|\n|upkeep\n|turn|151\n|c|\u2606knexhawk2|yeah. Wild\n|inactive|knexhawk2 has 90 seconds left.\n|\n|t:|1666836498\n|move|p1a: Golisopod|Aqua Jet|p2a: Corviknight\n|-damage|p2a: Corviknight|50\/100\n|move|p2a: Corviknight|Roost|p2a: Corviknight\n|-heal|p2a: Corviknight|100\/100\n|-singleturn|p2a: Corviknight|move: Roost\n|\n|upkeep\n|turn|152\n|\n|t:|1666836503\n|move|p1a: Golisopod|Aqua Jet|p2a: Corviknight\n|-damage|p2a: Corviknight|91\/100\n|move|p2a: Corviknight|Iron Defense|p2a: Corviknight\n|-boost|p2a: Corviknight|def|2\n|\n|upkeep\n|turn|153\n|\n|t:|1666836517\n|switch|p1a: Quagsire|Quagsire, F|100\/100\n|-damage|p1a: Quagsire|94\/100|[from] Stealth Rock\n|move|p2a: Corviknight|Body Press|p1a: Quagsire\n|-damage|p1a: Quagsire|79\/100\n|\n|-heal|p1a: Quagsire|85\/100|[from] item: Leftovers\n|upkeep\n|turn|154\n|j| boy_poochie\n|\n|t:|1666836525\n|switch|p2a: Giratina|Giratina|75\/100 slp\n|-damage|p2a: Giratina|63\/100 slp|[from] Spikes\n|-damage|p2a: Giratina|50\/100 slp|[from] Stealth Rock\n|-ability|p2a: Giratina|Pressure\n|move|p1a: Quagsire|Scald|p2a: Giratina\n|-resisted|p2a: Giratina\n|-damage|p2a: Giratina|43\/100 slp\n|\n|-heal|p1a: Quagsire|91\/100|[from] item: Leftovers\n|upkeep\n|turn|155\n|\n|t:|1666836532\n|cant|p2a: Giratina|slp\n|move|p1a: Quagsire|Earthquake|p2a: Giratina\n|-damage|p2a: Giratina|26\/100 slp\n|\n|-heal|p1a: Quagsire|97\/100|[from] item: Leftovers\n|upkeep\n|turn|156\n|\n|t:|1666836541\n|switch|p1a: Chansey|Chansey, F|76\/100\n|-damage|p1a: Chansey|63\/100|[from] Stealth Rock\n|-curestatus|p2a: Giratina|slp|[msg]\n|move|p2a: Giratina|Rest|p2a: Giratina\n|-status|p2a: Giratina|slp|[from] move: Rest\n|-heal|p2a: Giratina|100\/100 slp|[silent]\n|\n|upkeep\n|turn|157\n|l| yeshahr\n|c| Duranti-Meta|found the thread and i find it hilarious that Zacian-Crowned was STILL banned in this format\n|c|\u2606knexhawk2|zacian hero is legal\n|j| VIodyne\n|j|+booclipse\n|l| boy_poochie\n|j| hy is garbage\n|\n|t:|1666836561\n|switch|p2a: Toxapex|Toxapex, M|100\/100\n|-damage|p2a: Toxapex|88\/100|[from] Spikes\n|-damage|p2a: Toxapex|75\/100|[from] Stealth Rock\n|move|p1a: Chansey|Wish|p1a: Chansey\n|\n|upkeep\n|turn|158\n|j| boy_poochie\n|\n|t:|1666836577\n|switch|p1a: Golisopod|Golisopod, M|76\/100\n|-damage|p1a: Golisopod|51\/100|[from] Stealth Rock\n|switch|p2a: Giratina|Giratina|100\/100 slp\n|-damage|p2a: Giratina|88\/100 slp|[from] Spikes\n|-damage|p2a: Giratina|75\/100 slp|[from] Stealth Rock\n|-ability|p2a: Giratina|Pressure\n|\n|-heal|p1a: Golisopod|100\/100|[from] move: Wish|[wisher] Chansey\n|upkeep\n|turn|159\n|c| Duranti-Meta|https:\/\/www.smogon.com\/forums\/threads\/re-evolution.3703643\/\n|c|+booclipse|'\n|inactive|lowelofunn has 30 seconds left.\n|\n|t:|1666836590\n|switch|p2a: Corviknight|Corviknight, M|91\/100\n|-damage|p2a: Corviknight|78\/100|[from] Stealth Rock\n|-ability|p2a: Corviknight|Pressure\n|move|p1a: Golisopod|Knock Off|p2a: Corviknight\n|-damage|p2a: Corviknight|68\/100\n|\n|upkeep\n|turn|160\n|\n|t:|1666836593\n|move|p2a: Corviknight|Iron Defense|p2a: Corviknight\n|-boost|p2a: Corviknight|def|2\n|move|p1a: Golisopod|Knock Off|p2a: Corviknight\n|-damage|p2a: Corviknight|62\/100\n|\n|upkeep\n|turn|161\n|c|\u2606knexhawk2|!learn golisopod, scald\n|c| knexhawk2|\/raw <div class=\"infobox\">In [Gen 8] OU, Golisopod <span class=\"message-learn-canlearn\">can<\/span> learn Scald from:<ul class=\"message-learn-list\"><li>anywhere (move is level-up\/tutor\/TM\/HM\/egg in Gen 8)<\/ul><\/div>\n|c|\u2606knexhawk2|should of did that\n|inactive|lowelofunn has 30 seconds left.\n|\n|t:|1666836608\n|switch|p1a: Quagsire|Quagsire, F|97\/100\n|-damage|p1a: Quagsire|91\/100|[from] Stealth Rock\n|move|p2a: Corviknight|Defog|p1a: Quagsire\n|-unboost|p1a: Quagsire|evasion|1\n|-sideend|p1: knexhawk2|Stealth Rock|[from] move: Defog|[of] p2a: Corviknight\n|-sideend|p2: lowelofunn|Spikes|[from] move: Defog|[of] p2a: Corviknight\n|-sideend|p2: lowelofunn|Stealth Rock|[from] move: Defog|[of] p2a: Corviknight\n|\n|-heal|p1a: Quagsire|97\/100|[from] item: Leftovers\n|upkeep\n|turn|162\n|inactive|lowelofunn has 30 seconds left.\n|\n|t:|1666836618\n|switch|p2a: Chansey|Chansey, F|77\/100\n|switch|p1a: Golisopod|Golisopod, M|100\/100\n|\n|upkeep\n|turn|163\n|inactive|lowelofunn has 30 seconds left this turn.\n|inactive|lowelofunn has 20 seconds left.\n|\n|t:|1666836630\n|move|p2a: Chansey|Toxic|p1a: Golisopod\n|-status|p1a: Golisopod|tox\n|move|p1a: Golisopod|Spikes|p2a: Chansey\n|-sidestart|p2: lowelofunn|Spikes\n|\n|-damage|p1a: Golisopod|94\/100 tox|[from] psn\n|upkeep\n|turn|164\n|inactive|lowelofunn has 25 seconds left this turn.\n|j| yeshahr\n|inactive|lowelofunn has 20 seconds left.\n|\n|t:|1666836638\n|switch|p2a: Corviknight|Corviknight, M|62\/100\n|-ability|p2a: Corviknight|Pressure\n|switch|p1a: Chansey|Chansey, F|63\/100\n|\n|upkeep\n|turn|165\n|inactive|lowelofunn has 25 seconds left this turn.\n|inactive|lowelofunn has 20 seconds left.\n|\n|t:|1666836645\n|switch|p1a: Corviknight|Corviknight, F|94\/100 brn\n|-ability|p1a: Corviknight|Pressure\n|move|p2a: Corviknight|Body Press|p1a: Corviknight\n|-damage|p1a: Corviknight|82\/100 brn\n|\n|-damage|p1a: Corviknight|75\/100 brn|[from] brn\n|upkeep\n|turn|166\n|inactive|lowelofunn has 25 seconds left this turn.\n|\n|t:|1666836650\n|switch|p1a: Slowbro|Slowbro-Galar, F|100\/100 brn\n|switch|p2a: Toxapex|Toxapex, M|100\/100\n|-damage|p2a: Toxapex|88\/100|[from] Spikes\n|\n|-damage|p1a: Slowbro|94\/100 brn|[from] brn\n|upkeep\n|turn|167\n|inactive|lowelofunn has 30 seconds left this turn.\n|\n|t:|1666836656\n|switch|p2a: Giratina|Giratina|75\/100 slp\n|-damage|p2a: Giratina|63\/100 slp|[from] Spikes\n|-ability|p2a: Giratina|Pressure\n|move|p1a: Slowbro|Future Sight|p2a: Giratina\n|-start|p1a: Slowbro|move: Future Sight\n|\n|-damage|p1a: Slowbro|88\/100 brn|[from] brn\n|upkeep\n|turn|168\n|inactive|lowelofunn has 30 seconds left this turn.\n|\n|t:|1666836664\n|switch|p2a: Corviknight|Corviknight, M|62\/100\n|-ability|p2a: Corviknight|Pressure\n|move|p1a: Slowbro|Ice Beam|p2a: Corviknight\n|-damage|p2a: Corviknight|42\/100\n|\n|-damage|p1a: Slowbro|82\/100 brn|[from] brn\n|upkeep\n|turn|169\n|inactive|lowelofunn has 30 seconds left this turn.\n|\n|t:|1666836669\n|switch|p2a: Chansey|Chansey, F|77\/100\n|-damage|p2a: Chansey|65\/100|[from] Spikes\n|move|p1a: Slowbro|Flamethrower|p2a: Chansey\n|-damage|p2a: Chansey|58\/100\n|\n|-end|p2a: Chansey|move: Future Sight\n|-crit|p2a: Chansey\n|-damage|p2a: Chansey|35\/100\n|-damage|p1a: Slowbro|76\/100 brn|[from] brn\n|upkeep\n|turn|170\n|inactive|lowelofunn has 30 seconds left this turn.\n|\n|t:|1666836677\n|switch|p1a: Chansey|Chansey, F|63\/100\n|move|p2a: Chansey|Soft-Boiled|p2a: Chansey\n|-heal|p2a: Chansey|85\/100\n|\n|upkeep\n|turn|171\n|inactive|lowelofunn has 30 seconds left.\n|\n|t:|1666836686\n|switch|p2a: Corviknight|Corviknight, M|42\/100\n|-ability|p2a: Corviknight|Pressure\n|move|p1a: Chansey|Seismic Toss|p2a: Corviknight\n|-damage|p2a: Corviknight|20\/100\n|\n|upkeep\n|turn|172\n|c|\u2606knexhawk2|throwinggg\n|inactive|lowelofunn has 30 seconds left.\n|\n|t:|1666836693\n|switch|p2a: Toxapex|Toxapex, M|100\/100\n|-damage|p2a: Toxapex|88\/100|[from] Spikes\n|move|p1a: Chansey|Seismic Toss|p2a: Toxapex\n|-damage|p2a: Toxapex|55\/100\n|\n|upkeep\n|turn|173\n|\n|t:|1666836698\n|move|p1a: Chansey|Stealth Rock|p2a: Toxapex\n|-sidestart|p2: lowelofunn|move: Stealth Rock\n|move|p2a: Toxapex|Recover|p2a: Toxapex\n|-heal|p2a: Toxapex|100\/100\n|\n|upkeep\n|turn|174\n|\n|t:|1666836703\n|switch|p1a: Golisopod|Golisopod, M|94\/100 tox\n|switch|p2a: Chansey|Chansey, F|85\/100\n|-damage|p2a: Chansey|73\/100|[from] Spikes\n|-damage|p2a: Chansey|60\/100|[from] Stealth Rock\n|\n|-damage|p1a: Golisopod|88\/100 tox|[from] psn\n|upkeep\n|turn|175\n|\n|t:|1666836713\n|switch|p2a: Toxapex|Toxapex, M|100\/100\n|-damage|p2a: Toxapex|88\/100|[from] Spikes\n|-damage|p2a: Toxapex|75\/100|[from] Stealth Rock\n|move|p1a: Golisopod|Knock Off|p2a: Toxapex\n|-damage|p2a: Toxapex|63\/100\n|\n|-damage|p1a: Golisopod|76\/100 tox|[from] psn\n|upkeep\n|turn|176\n|\n|t:|1666836722\n|switch|p1a: Quagsire|Quagsire, F|97\/100\n|move|p2a: Toxapex|Knock Off|p1a: Quagsire\n|-damage|p1a: Quagsire|90\/100\n|-enditem|p1a: Quagsire|Leftovers|[from] move: Knock Off|[of] p2a: Toxapex\n|\n|upkeep\n|turn|177\n|\n|t:|1666836733\n|switch|p2a: Chansey|Chansey, F|60\/100\n|-damage|p2a: Chansey|48\/100|[from] Spikes\n|-damage|p2a: Chansey|35\/100|[from] Stealth Rock\n|move|p1a: Quagsire|Scald|p2a: Chansey\n|-damage|p2a: Chansey|29\/100\n|\n|upkeep\n|turn|178\n|\n|t:|1666836736\n|move|p2a: Chansey|Soft-Boiled|p2a: Chansey\n|-heal|p2a: Chansey|79\/100\n|move|p1a: Quagsire|Earthquake|p2a: Chansey\n|-damage|p2a: Chansey|53\/100\n|\n|upkeep\n|turn|179\n|\n|t:|1666836740\n|switch|p1a: Slowbro|Slowbro-Galar, F|100\/100 brn\n|move|p2a: Chansey|Soft-Boiled|p2a: Chansey\n|-heal|p2a: Chansey|100\/100\n|\n|-damage|p1a: Slowbro|94\/100 brn|[from] brn\n|upkeep\n|turn|180\n|\n|t:|1666836743\n|move|p2a: Chansey|Heal Bell|p2a: Chansey\n|-activate|p2a: Chansey|move: Heal Bell\n|-curestatus|p2: Clefable|brn|[msg]\n|-curestatus|p2: Giratina|slp|[msg]\n|move|p1a: Slowbro|Future Sight|p2a: Chansey\n|-start|p1a: Slowbro|move: Future Sight\n|\n|-damage|p1a: Slowbro|88\/100 brn|[from] brn\n|upkeep\n|turn|181\n|\n|t:|1666836750\n|move|p2a: Chansey|Seismic Toss|p1a: Slowbro\n|-damage|p1a: Slowbro|63\/100 brn\n|move|p1a: Slowbro|Shell Side Arm|p2a: Chansey|[anim] Shell Side Arm Physical\n|-damage|p2a: Chansey|88\/100\n|-hint|Physical Shell Side Arm\n|-status|p2a: Chansey|psn\n|\n|-damage|p2a: Chansey|75\/100 psn|[from] psn\n|-damage|p1a: Slowbro|57\/100 brn|[from] brn\n|upkeep\n|turn|182\n|c|\u2606knexhawk2|holy zero\n|\n|t:|1666836761\n|switch|p1a: Chansey|Chansey, F|63\/100\n|move|p2a: Chansey|Seismic Toss|p1a: Chansey\n|-damage|p1a: Chansey|49\/100\n|\n|-end|p2a: Chansey|move: Future Sight\n|-damage|p2a: Chansey|62\/100 psn\n|-damage|p2a: Chansey|50\/100 psn|[from] psn\n|upkeep\n|turn|183\n|\n|t:|1666836767\n|move|p2a: Chansey|Soft-Boiled|p2a: Chansey\n|-heal|p2a: Chansey|99\/100 psn\n|move|p1a: Chansey|Soft-Boiled|p1a: Chansey\n|-heal|p1a: Chansey|99\/100\n|\n|-damage|p2a: Chansey|87\/100 psn|[from] psn\n|upkeep\n|turn|184\n|c| Duranti-Meta|if someone is throwing, man i hope you guys throw faster this is torture lol\n|\n|t:|1666836776\n|switch|p1a: Slowbro|Slowbro-Galar, F|90\/100 brn\n|-curestatus|p2a: Chansey|psn|[from] ability: Natural Cure\n|switch|p2a: Giratina|Giratina|63\/100\n|-damage|p2a: Giratina|50\/100|[from] Spikes\n|-damage|p2a: Giratina|38\/100|[from] Stealth Rock\n|-ability|p2a: Giratina|Pressure\n|\n|-damage|p1a: Slowbro|84\/100 brn|[from] brn\n|upkeep\n|turn|185\n|c|\u2606knexhawk2|lol\n|c| Duranti-Meta|who actually likes playing stall\n|c|\u2606knexhawk2|me\n|\n|t:|1666836785\n|move|p2a: Giratina|Rest|p2a: Giratina\n|-status|p2a: Giratina|slp|[from] move: Rest\n|-heal|p2a: Giratina|100\/100 slp|[silent]\n|move|p1a: Slowbro|Ice Beam|p2a: Giratina\n|-supereffective|p2a: Giratina\n|-damage|p2a: Giratina|66\/100 slp\n|\n|-damage|p1a: Slowbro|78\/100 brn|[from] brn\n|upkeep\n|turn|186\n|c| Duranti-Meta|you're a psychopath\n|c|\u2606knexhawk2|i dont like stall vs stall\n|\n|t:|1666836799\n|switch|p2a: Chansey|Chansey, F|87\/100\n|-damage|p2a: Chansey|75\/100|[from] Spikes\n|-damage|p2a: Chansey|62\/100|[from] Stealth Rock\n|move|p1a: Slowbro|Ice Beam|p2a: Chansey\n|-damage|p2a: Chansey|55\/100\n|\n|-damage|p1a: Slowbro|72\/100 brn|[from] brn\n|upkeep\n|turn|187\n|c| Duranti-Meta|yeah lol\n|c|\u2606knexhawk2|but stall vs offense or balance is fine\n|\n|t:|1666836808\n|move|p2a: Chansey|Heal Bell|p2a: Chansey\n|-activate|p2a: Chansey|move: Heal Bell\n|-curestatus|p2: Giratina|slp|[msg]\n|move|p1a: Slowbro|Shell Side Arm|p2a: Chansey|[anim] Shell Side Arm Physical\n|-damage|p2a: Chansey|42\/100\n|-hint|Physical Shell Side Arm\n|-status|p2a: Chansey|psn\n|\n|-damage|p2a: Chansey|29\/100 psn|[from] psn\n|-damage|p1a: Slowbro|66\/100 brn|[from] brn\n|upkeep\n|turn|188\n|\n|t:|1666836814\n|switch|p1a: Quagsire|Quagsire, F|90\/100\n|move|p2a: Chansey|Soft-Boiled|p2a: Chansey\n|-heal|p2a: Chansey|79\/100 psn\n|\n|-damage|p2a: Chansey|67\/100 psn|[from] psn\n|upkeep\n|turn|189\n|\n|t:|1666836826\n|switch|p1a: Slowbro|Slowbro-Galar, F|99\/100 brn\n|move|p2a: Chansey|Toxic||[still]\n|-fail|p2a: Chansey\n|\n|-damage|p2a: Chansey|54\/100 psn|[from] psn\n|-damage|p1a: Slowbro|93\/100 brn|[from] brn\n|upkeep\n|turn|190\n|\n|t:|1666836832\n|move|p2a: Chansey|Soft-Boiled|p2a: Chansey\n|-heal|p2a: Chansey|100\/100 psn\n|move|p1a: Slowbro|Future Sight|p2a: Chansey\n|-start|p1a: Slowbro|move: Future Sight\n|\n|-damage|p2a: Chansey|88\/100 psn|[from] psn\n|-damage|p1a: Slowbro|86\/100 brn|[from] brn\n|upkeep\n|turn|191\n|\n|t:|1666836838\n|-curestatus|p2a: Chansey|psn|[from] ability: Natural Cure\n|switch|p2a: Gastrodon|Gastrodon, M|88\/100\n|-damage|p2a: Gastrodon|75\/100|[from] Spikes\n|-damage|p2a: Gastrodon|69\/100|[from] Stealth Rock\n|switch|p1a: Chansey|Chansey, F|99\/100\n|\n|-heal|p2a: Gastrodon|75\/100|[from] item: Leftovers\n|upkeep\n|turn|192\n|l| wintrmint\n|\n|t:|1666836851\n|move|p1a: Chansey|Seismic Toss|p2a: Gastrodon\n|-damage|p2a: Gastrodon|55\/100\n|move|p2a: Gastrodon|Confide|p1a: Chansey\n|-unboost|p1a: Chansey|spa|1\n|\n|-end|p2a: Gastrodon|move: Future Sight\n|-damage|p2a: Gastrodon|27\/100\n|-heal|p2a: Gastrodon|34\/100|[from] item: Leftovers\n|upkeep\n|turn|193\n|c|\u2606knexhawk2|condife lol\n|c|\u2606knexhawk2|what is that for\n|c|\u2606lowelofunn|for kyogre\n|c|\u2606lowelofunn|sub kyogre\n|c|\u2606knexhawk2|u dont wall that?\n|c|\u2606knexhawk2|already?\n|c|\u2606lowelofunn|sub cm\n|c|\u2606knexhawk2|just eq?\n|c|\u2606knexhawk2|ur immune to spout + thunder\n|c|\u2606lowelofunn|calm mind ice beam\n|inactive|knexhawk2 has 120 seconds left.\n|j|%faless\n|\n|t:|1666836890\n|switch|p1a: Slowbro|Slowbro-Galar, F|100\/100 brn\n|move|p2a: Gastrodon|Recover|p2a: Gastrodon\n|-heal|p2a: Gastrodon|84\/100\n|\n|-heal|p2a: Gastrodon|90\/100|[from] item: Leftovers\n|-damage|p1a: Slowbro|94\/100 brn|[from] brn\n|upkeep\n|turn|194\n|c|\u2606knexhawk2|i would think you can just eq thru that\n|\n|t:|1666836901\n|switch|p1a: Corviknight|Corviknight, F|75\/100 brn\n|-ability|p1a: Corviknight|Pressure\n|switch|p2a: Giratina|Giratina|66\/100\n|-damage|p2a: Giratina|54\/100|[from] Spikes\n|-damage|p2a: Giratina|41\/100|[from] Stealth Rock\n|-ability|p2a: Giratina|Pressure\n|\n|-damage|p1a: Corviknight|69\/100 brn|[from] brn\n|upkeep\n|turn|195\n|inactive|knexhawk2 has 120 seconds left.\n|\n|t:|1666836908\n|move|p2a: Giratina|Defog|p1a: Corviknight\n|-unboost|p1a: Corviknight|evasion|1\n|-sideend|p2: lowelofunn|Spikes|[from] move: Defog|[of] p2a: Giratina\n|-sideend|p2: lowelofunn|Stealth Rock|[from] move: Defog|[of] p2a: Giratina\n|move|p1a: Corviknight|Brave Bird|p2a: Giratina\n|-damage|p2a: Giratina|32\/100\n|-damage|p1a: Corviknight|66\/100 brn|[from] Recoil\n|\n|-damage|p1a: Corviknight|60\/100 brn|[from] brn\n|upkeep\n|turn|196\n|\n|t:|1666836912\n|switch|p1a: Chansey|Chansey, F|99\/100\n|move|p2a: Giratina|Rest|p2a: Giratina\n|-status|p2a: Giratina|slp|[from] move: Rest\n|-heal|p2a: Giratina|100\/100 slp|[silent]\n|\n|upkeep\n|turn|197\n|l| ghostvein\n|\n|t:|1666836926\n|switch|p2a: Gastrodon|Gastrodon, M|90\/100\n|move|p1a: Chansey|Stealth Rock|p2a: Gastrodon\n|-sidestart|p2: lowelofunn|move: Stealth Rock\n|\n|-heal|p2a: Gastrodon|96\/100|[from] item: Leftovers\n|upkeep\n|turn|198\n|\n|t:|1666836935\n|switch|p1a: Golisopod|Golisopod, M|76\/100 tox\n|move|p2a: Gastrodon|Confide|p1a: Golisopod\n|-unboost|p1a: Golisopod|spa|1\n|\n|-heal|p2a: Gastrodon|100\/100|[from] item: Leftovers\n|-damage|p1a: Golisopod|70\/100 tox|[from] psn\n|upkeep\n|turn|199\n|\n|t:|1666836941\n|switch|p2a: Toxapex|Toxapex, M|96\/100\n|-damage|p2a: Toxapex|83\/100|[from] Stealth Rock\n|move|p1a: Golisopod|Knock Off|p2a: Toxapex\n|-damage|p2a: Toxapex|72\/100\n|\n|-damage|p1a: Golisopod|57\/100 tox|[from] psn\n|upkeep\n|turn|200\n|inactive|lowelofunn has 30 seconds left.\n|c|\u2606knexhawk2|trap me\n|\n|t:|1666836949\n|move|p2a: Toxapex|Knock Off|p1a: Golisopod\n|-damage|p1a: Golisopod|54\/100 tox\n|move|p1a: Golisopod|Spikes|p2a: Toxapex\n|-sidestart|p2: lowelofunn|Spikes\n|\n|-damage|p1a: Golisopod|35\/100 tox|[from] psn\n|upkeep\n|-activate|p1a: Golisopod|ability: Emergency Exit\n|\n|t:|1666836953\n|switch|p1a: Quagsire|Quagsire, F|90\/100\n|turn|201\n|inactive|lowelofunn has 30 seconds left.\n|c|\u2606knexhawk2|wait\n|\n|t:|1666836962\n|switch|p2a: Giratina|Giratina|100\/100 slp\n|-damage|p2a: Giratina|88\/100 slp|[from] Stealth Rock\n|-damage|p2a: Giratina|75\/100 slp|[from] Spikes\n|-ability|p2a: Giratina|Pressure\n|move|p1a: Quagsire|Scald|p2a: Giratina\n|-resisted|p2a: Giratina\n|-damage|p2a: Giratina|69\/100 slp\n|\n|upkeep\n|turn|202\n|c|\u2606knexhawk2|!dt emergency exit\n|raw|<ul class=\"utilichart\"><li class=\"result\"><span class=\"col namecol\"><a href=\"https:\/\/dex.pokemonshowdown.com\/abilities\/emergencyexit\">Emergency Exit<\/a><\/span> <span class=\"col abilitydesccol\">This Pokemon switches out when it reaches 1\/2 or less of its maximum HP.<\/span> <\/li><li style=\"clear:both\"><\/li><\/ul>\n|raw|<font size=\"1\"><font color=\"#686868\">Gen:<\/font> 7<\/font>\n\n|c|\u2606knexhawk2|can i get out of block\n|c|%htcl|yes\n|c|\u2606knexhawk2|if you block me\n|c|\u2606lowelofunn|omg\n|\n|t:|1666836976\n|cant|p2a: Giratina|slp\n|move|p1a: Quagsire|Earthquake|p2a: Giratina\n|-damage|p2a: Giratina|51\/100 slp\n|\n|upkeep\n|turn|203\n|inactive|lowelofunn has 30 seconds left.\n|c|\u2606knexhawk2|wild\n|\n|t:|1666836982\n|switch|p1a: Slowbro|Slowbro-Galar, F|100\/100 brn\n|cant|p2a: Giratina|slp\n|\n|-damage|p1a: Slowbro|94\/100 brn|[from] brn\n|upkeep\n|turn|204\n|inactive|lowelofunn has 30 seconds left.\n|\n|t:|1666836989\n|switch|p1a: Chansey|Chansey, F|99\/100\n|-curestatus|p2a: Giratina|slp|[msg]\n|move|p2a: Giratina|Rest|p2a: Giratina\n|-status|p2a: Giratina|slp|[from] move: Rest\n|-heal|p2a: Giratina|100\/100 slp|[silent]\n|\n|upkeep\n|turn|205\n|inactive|lowelofunn has 30 seconds left this turn.\n|\n|t:|1666836998\n|cant|p2a: Giratina|slp\n|move|p1a: Chansey|Wish|p1a: Chansey\n|\n|upkeep\n|turn|206\n|inactive|lowelofunn has 30 seconds left this turn.\n|j| amstan (-_-)\n|inactive|lowelofunn has 20 seconds left.\n|\n|t:|1666837009\n|switch|p1a: Golisopod|Golisopod, M|35\/100 tox\n|cant|p2a: Giratina|slp\n|\n|-heal|p1a: Golisopod|100\/100 tox|[from] move: Wish|[wisher] Chansey\n|-damage|p1a: Golisopod|94\/100 tox|[from] psn\n|upkeep\n|turn|207\n|inactive|lowelofunn has 20 seconds left this turn.\n|\n|t:|1666837018\n|switch|p1a: Quagsire|Quagsire, F|90\/100\n|-curestatus|p2a: Giratina|slp|[msg]\n|move|p2a: Giratina|Defog|p1a: Quagsire\n|-unboost|p1a: Quagsire|evasion|1\n|-sideend|p2: lowelofunn|Spikes|[from] move: Defog|[of] p2a: Giratina\n|-sideend|p2: lowelofunn|Stealth Rock|[from] move: Defog|[of] p2a: Giratina\n|\n|upkeep\n|turn|208\n|inactive|lowelofunn has 25 seconds left this turn.\n|c|\u2606knexhawk2|misclick\n|inactive|lowelofunn has 20 seconds left.\n|\n|t:|1666837026\n|switch|p2a: Gastrodon|Gastrodon, M|100\/100\n|switch|p1a: Corviknight|Corviknight, F|60\/100 brn\n|-ability|p1a: Corviknight|Pressure\n|\n|-damage|p1a: Corviknight|54\/100 brn|[from] brn\n|upkeep\n|turn|209\n|inactive|lowelofunn has 20 seconds left this turn.\n|\n|t:|1666837031\n|switch|p1a: Chansey|Chansey, F|99\/100\n|switch|p2a: Giratina|Giratina|100\/100\n|-ability|p2a: Giratina|Pressure\n|\n|upkeep\n|turn|210\n|inactive|lowelofunn has 25 seconds left this turn.\n|c| amstan (-_-)|very interesting gameplay\n|inactive|lowelofunn has 20 seconds left.\n|\n|t:|1666837038\n|switch|p2a: Toxapex|Toxapex, M|100\/100\n|switch|p1a: Slowbro|Slowbro-Galar, F|100\/100 brn\n|\n|-damage|p1a: Slowbro|94\/100 brn|[from] brn\n|upkeep\n|turn|211\n|inactive|lowelofunn has 20 seconds left this turn.\n|\n|t:|1666837041\n|switch|p1a: Chansey|Chansey, F|99\/100\n|switch|p2a: Giratina|Giratina|100\/100\n|-ability|p2a: Giratina|Pressure\n|\n|upkeep\n|turn|212\n|inactive|lowelofunn has 25 seconds left this turn.\n|\n|t:|1666837044\n|switch|p2a: Toxapex|Toxapex, M|100\/100\n|switch|p1a: Slowbro|Slowbro-Galar, F|100\/100 brn\n|\n|-damage|p1a: Slowbro|94\/100 brn|[from] brn\n|upkeep\n|turn|213\n|inactive|lowelofunn has 25 seconds left this turn.\n|l| amstan (-_-)\n|\n|t:|1666837046\n|switch|p1a: Chansey|Chansey, F|99\/100\n|switch|p2a: Giratina|Giratina|100\/100\n|-ability|p2a: Giratina|Pressure\n|\n|upkeep\n|turn|214\n|inactive|lowelofunn has 30 seconds left this turn.\n|\n|t:|1666837047\n|switch|p2a: Toxapex|Toxapex, M|100\/100\n|move|p1a: Chansey|Stealth Rock|p2a: Toxapex\n|-sidestart|p2: lowelofunn|move: Stealth Rock\n|\n|upkeep\n|turn|215\n|inactive|lowelofunn has 30 seconds left this turn.\n|\n|t:|1666837048\n|switch|p1a: Slowbro|Slowbro-Galar, F|100\/100 brn\n|switch|p2a: Giratina|Giratina|100\/100\n|-damage|p2a: Giratina|88\/100|[from] Stealth Rock\n|-ability|p2a: Giratina|Pressure\n|\n|-damage|p1a: Slowbro|94\/100 brn|[from] brn\n|upkeep\n|turn|216\n|\n|t:|1666837053\n|switch|p1a: Corviknight|Corviknight, F|54\/100 brn\n|-ability|p1a: Corviknight|Pressure\n|move|p2a: Giratina|Defog|p1a: Corviknight\n|-unboost|p1a: Corviknight|evasion|1\n|-sideend|p2: lowelofunn|Stealth Rock|[from] move: Defog|[of] p2a: Giratina\n|\n|-damage|p1a: Corviknight|48\/100 brn|[from] brn\n|upkeep\n|turn|217\n|inactive|lowelofunn has 30 seconds left.\n|c|\u2606knexhawk2|agreed\n|\n|t:|1666837060\n|switch|p2a: Toxapex|Toxapex, M|100\/100\n|switch|p1a: Chansey|Chansey, F|99\/100\n|\n|upkeep\n|turn|218\n|inactive|lowelofunn has 30 seconds left.\n|\n|t:|1666837065\n|switch|p1a: Quagsire|Quagsire, F|90\/100\n|move|p2a: Toxapex|Spite||[still]\n|-fail|p2a: Toxapex\n|\n|upkeep\n|turn|219\n|inactive|lowelofunn has 30 seconds left this turn.\n|c| Duranti-Meta|this game is nothing short of assisted suicide\n|\n|t:|1666837073\n|switch|p2a: Clefable|Clefable, F|78\/100\n|move|p1a: Quagsire|Scald|p2a: Clefable\n|-damage|p2a: Clefable|62\/100\n|\n|upkeep\n|turn|220\n|inactive|lowelofunn has 30 seconds left this turn.\n|\n|t:|1666837080\n|switch|p1a: Corviknight|Corviknight, F|48\/100 brn\n|-ability|p1a: Corviknight|Pressure\n|move|p2a: Clefable|Moonblast|p1a: Corviknight\n|-resisted|p1a: Corviknight\n|-damage|p1a: Corviknight|35\/100 brn\n|-unboost|p1a: Corviknight|spa|1\n|\n|-damage|p1a: Corviknight|29\/100 brn|[from] brn\n|upkeep\n|turn|221\n|inactive|lowelofunn has 25 seconds left this turn.\n|c|\u2606knexhawk2|I dont need assistance.\n|c| Duranti-Meta|i pray it doesnt reach the 1000 turn limit\n|inactive|lowelofunn has 20 seconds left.\n|\n|t:|1666837085\n|switch|p2a: Corviknight|Corviknight, M|20\/100\n|-ability|p2a: Corviknight|Pressure\n|move|p1a: Corviknight|Roost|p1a: Corviknight\n|-heal|p1a: Corviknight|79\/100 brn\n|-singleturn|p1a: Corviknight|move: Roost\n|\n|-damage|p1a: Corviknight|73\/100 brn|[from] brn\n|upkeep\n|turn|222\n|inactive|lowelofunn has 25 seconds left this turn.\n|\n|t:|1666837090\n|move|p2a: Corviknight|Roost|p2a: Corviknight\n|-heal|p2a: Corviknight|70\/100\n|-singleturn|p2a: Corviknight|move: Roost\n|move|p1a: Corviknight|Body Press|p2a: Corviknight\n|-supereffective|p2a: Corviknight\n|-damage|p2a: Corviknight|56\/100\n|\n|-damage|p1a: Corviknight|67\/100 brn|[from] brn\n|upkeep\n|turn|223\n|inactive|lowelofunn has 25 seconds left this turn.\n|c|\u2606knexhawk2|fuck\n|inactive|lowelofunn has 20 seconds left.\n|c|\u2606knexhawk2|oh well\n|\n|t:|1666837098\n|switch|p1a: Slowbro|Slowbro-Galar, F|100\/100 brn\n|move|p2a: Corviknight|Roost|p2a: Corviknight\n|-heal|p2a: Corviknight|100\/100\n|-singleturn|p2a: Corviknight|move: Roost\n|\n|-damage|p1a: Slowbro|94\/100 brn|[from] brn\n|upkeep\n|turn|224\n|inactive|lowelofunn has 25 seconds left this turn.\n|\n|t:|1666837105\n|switch|p2a: Giratina|Giratina|88\/100\n|-ability|p2a: Giratina|Pressure\n|switch|p1a: Corviknight|Corviknight, F|67\/100 brn\n|-ability|p1a: Corviknight|Pressure\n|\n|-damage|p1a: Corviknight|60\/100 brn|[from] brn\n|upkeep\n|turn|225\n|inactive|lowelofunn has 25 seconds left this turn.\n|\n|t:|1666837109\n|switch|p2a: Corviknight|Corviknight, M|100\/100\n|-ability|p2a: Corviknight|Pressure\n|switch|p1a: Slowbro|Slowbro-Galar, F|100\/100 brn\n|\n|-damage|p1a: Slowbro|94\/100 brn|[from] brn\n|upkeep\n|turn|226\n|inactive|lowelofunn has 30 seconds left this turn.\n|\n|t:|1666837112\n|switch|p2a: Giratina|Giratina|88\/100\n|-ability|p2a: Giratina|Pressure\n|move|p1a: Slowbro|Ice Beam|p2a: Giratina\n|-supereffective|p2a: Giratina\n|-damage|p2a: Giratina|49\/100\n|\n|-damage|p1a: Slowbro|88\/100 brn|[from] brn\n|upkeep\n|turn|227\n|inactive|lowelofunn has 30 seconds left this turn.\n|\n|t:|1666837119\n|switch|p1a: Chansey|Chansey, F|99\/100\n|move|p2a: Giratina|Rest|p2a: Giratina\n|-status|p2a: Giratina|slp|[from] move: Rest\n|-heal|p2a: Giratina|100\/100 slp|[silent]\n|\n|upkeep\n|turn|228\n|inactive|lowelofunn has 30 seconds left this turn.\n|\n|t:|1666837129\n|cant|p2a: Giratina|slp\n|move|p1a: Chansey|Stealth Rock|p2a: Giratina\n|-sidestart|p2: lowelofunn|move: Stealth Rock\n|\n|upkeep\n|turn|229\n|inactive|lowelofunn has 25 seconds left this turn.\n|\n|t:|1666837132\n|switch|p1a: Golisopod|Golisopod, M|94\/100 tox\n|cant|p2a: Giratina|slp\n|\n|-damage|p1a: Golisopod|88\/100 tox|[from] psn\n|upkeep\n|turn|230\n|inactive|lowelofunn has 30 seconds left this turn.\n|\n|t:|1666837137\n|switch|p1a: Corviknight|Corviknight, F|60\/100 brn\n|-ability|p1a: Corviknight|Pressure\n|-curestatus|p2a: Giratina|slp|[msg]\n|move|p2a: Giratina|Defog|p1a: Corviknight\n|-unboost|p1a: Corviknight|evasion|1\n|-sideend|p2: lowelofunn|Stealth Rock|[from] move: Defog|[of] p2a: Giratina\n|\n|-damage|p1a: Corviknight|54\/100 brn|[from] brn\n|upkeep\n|turn|231\n|inactive|lowelofunn has 25 seconds left this turn.\n|inactive|lowelofunn has 20 seconds left.\n|l|+booclipse\n|\n|t:|1666837144\n|switch|p2a: Clefable|Clefable, F|62\/100\n|switch|p1a: Chansey|Chansey, F|99\/100\n|\n|upkeep\n|turn|232\n|inactive|lowelofunn has 25 seconds left this turn.\n|\n|t:|1666837149\n|switch|p1a: Corviknight|Corviknight, F|54\/100 brn\n|-ability|p1a: Corviknight|Pressure\n|move|p2a: Clefable|Stealth Rock|p1a: Corviknight\n|-sidestart|p1: knexhawk2|move: Stealth Rock\n|\n|-damage|p1a: Corviknight|48\/100 brn|[from] brn\n|upkeep\n|turn|233\n|inactive|lowelofunn has 25 seconds left this turn.\n|\n|t:|1666837154\n|switch|p2a: Corviknight|Corviknight, M|100\/100\n|-ability|p2a: Corviknight|Pressure\n|move|p1a: Corviknight|Roost|p1a: Corviknight\n|-heal|p1a: Corviknight|98\/100 brn\n|-singleturn|p1a: Corviknight|move: Roost\n|\n|-damage|p1a: Corviknight|92\/100 brn|[from] brn\n|upkeep\n|turn|234\n|inactive|lowelofunn has 30 seconds left this turn.\n|j| i love fs\n|\n|t:|1666837161\n|switch|p2a: Toxapex|Toxapex, M|100\/100\n|switch|p1a: Golisopod|Golisopod, M|88\/100 tox\n|-damage|p1a: Golisopod|63\/100 tox|[from] Stealth Rock\n|\n|-damage|p1a: Golisopod|57\/100 tox|[from] psn\n|upkeep\n|turn|235\n|inactive|lowelofunn has 30 seconds left this turn.\n|\n|t:|1666837168\n|switch|p2a: Gastrodon|Gastrodon, M|100\/100\n|move|p1a: Golisopod|Spikes|p2a: Gastrodon\n|-sidestart|p2: lowelofunn|Spikes\n|\n|-damage|p1a: Golisopod|45\/100 tox|[from] psn\n|upkeep\n|-activate|p1a: Golisopod|ability: Emergency Exit\n|inactive|lowelofunn has 30 seconds left this turn.\n|\n|t:|1666837172\n|switch|p1a: Chansey|Chansey, F|99\/100\n|-damage|p1a: Chansey|87\/100|[from] Stealth Rock\n|turn|236\n|inactive|lowelofunn has 30 seconds left this turn.\n|\n|t:|1666837179\n|switch|p2a: Toxapex|Toxapex, M|100\/100\n|-damage|p2a: Toxapex|88\/100|[from] Spikes\n|move|p1a: Chansey|Wish|p1a: Chansey\n|\n|upkeep\n|turn|237\n|inactive|lowelofunn has 30 seconds left this turn.\n|\n|t:|1666837188\n|switch|p1a: Golisopod|Golisopod, M|45\/100 tox\n|-damage|p1a: Golisopod|20\/100 tox|[from] Stealth Rock\n|switch|p2a: Gastrodon|Gastrodon, M|100\/100\n|-damage|p2a: Gastrodon|88\/100|[from] Spikes\n|\n|-heal|p1a: Golisopod|98\/100 tox|[from] move: Wish|[wisher] Chansey\n|-heal|p2a: Gastrodon|94\/100|[from] item: Leftovers\n|-damage|p1a: Golisopod|92\/100 tox|[from] psn\n|upkeep\n|turn|238\n|inactive|lowelofunn has 25 seconds left this turn.\n|inactive|lowelofunn has 20 seconds left.\n|\n|t:|1666837213\n|switch|p2a: Giratina|Giratina|100\/100\n|-damage|p2a: Giratina|88\/100|[from] Spikes\n|-ability|p2a: Giratina|Pressure\n|move|p1a: Golisopod|Knock Off|p2a: Giratina\n|-supereffective|p2a: Giratina\n|-damage|p2a: Giratina|62\/100\n|\n|-damage|p1a: Golisopod|80\/100 tox|[from] psn\n|upkeep\n|turn|239\n|inactive|lowelofunn has 25 seconds left this turn.\n|inactive|lowelofunn has 20 seconds left.\n|\n|t:|1666837221\n|switch|p2a: Corviknight|Corviknight, M|100\/100\n|-ability|p2a: Corviknight|Pressure\n|switch|p1a: Slowbro|Slowbro-Galar, F|100\/100 brn\n|-damage|p1a: Slowbro|88\/100 brn|[from] Stealth Rock\n|\n|-damage|p1a: Slowbro|82\/100 brn|[from] brn\n|upkeep\n|turn|240\n|inactive|lowelofunn has 20 seconds left this turn.\n|inactive|lowelofunn has 15 seconds left.\n|\n|t:|1666837226\n|switch|p2a: Giratina|Giratina|62\/100\n|-damage|p2a: Giratina|50\/100|[from] Spikes\n|-ability|p2a: Giratina|Pressure\n|switch|p1a: Corviknight|Corviknight, F|92\/100 brn\n|-damage|p1a: Corviknight|80\/100 brn|[from] Stealth Rock\n|-ability|p1a: Corviknight|Pressure\n|\n|-damage|p1a: Corviknight|74\/100 brn|[from] brn\n|upkeep\n|turn|241\n|inactive|lowelofunn has 20 seconds left this turn.\n|inactive|lowelofunn has 15 seconds left.\n|\n|t:|1666837234\n|switch|p1a: Chansey|Chansey, F|87\/100\n|-damage|p1a: Chansey|74\/100|[from] Stealth Rock\n|move|p2a: Giratina|Rest|p2a: Giratina\n|-status|p2a: Giratina|slp|[from] move: Rest\n|-heal|p2a: Giratina|100\/100 slp|[silent]\n|\n|upkeep\n|turn|242\n|inactive|lowelofunn has 15 seconds left this turn.\n|\n|t:|1666837237\n|switch|p2a: Toxapex|Toxapex, M|100\/100\n|-damage|p2a: Toxapex|88\/100|[from] Spikes\n|move|p1a: Chansey|Stealth Rock|p2a: Toxapex\n|-sidestart|p2: lowelofunn|move: Stealth Rock\n|\n|upkeep\n|turn|243\n|inactive|lowelofunn has 20 seconds left this turn.\n|inactive|lowelofunn has 15 seconds left.\n|\n|t:|1666837244\n|switch|p1a: Quagsire|Quagsire, F|90\/100\n|-damage|p1a: Quagsire|83\/100|[from] Stealth Rock\n|move|p2a: Toxapex|Recover|p2a: Toxapex\n|-heal|p2a: Toxapex|100\/100\n|\n|upkeep\n|turn|244\n|inactive|lowelofunn has 15 seconds left this turn.\n|inactive|lowelofunn has 10 seconds left.\n|\n|t:|1666837250\n|switch|p2a: Corviknight|Corviknight, M|100\/100\n|-damage|p2a: Corviknight|88\/100|[from] Stealth Rock\n|-ability|p2a: Corviknight|Pressure\n|move|p1a: Quagsire|Scald|p2a: Corviknight\n|-damage|p2a: Corviknight|72\/100\n|\n|upkeep\n|turn|245\n|inactive|lowelofunn has 15 seconds left this turn.\n|\n|t:|1666837254\n|switch|p2a: Gastrodon|Gastrodon, M|94\/100\n|-damage|p2a: Gastrodon|82\/100|[from] Spikes\n|-damage|p2a: Gastrodon|75\/100|[from] Stealth Rock\n|switch|p1a: Corviknight|Corviknight, F|74\/100 brn\n|-damage|p1a: Corviknight|61\/100 brn|[from] Stealth Rock\n|-ability|p1a: Corviknight|Pressure\n|\n|-heal|p2a: Gastrodon|82\/100|[from] item: Leftovers\n|-damage|p1a: Corviknight|55\/100 brn|[from] brn\n|upkeep\n|turn|246\n|inactive|lowelofunn has 15 seconds left this turn.\n|\n|t:|1666837257\n|switch|p1a: Quagsire|Quagsire, F|83\/100\n|-damage|p1a: Quagsire|77\/100|[from] Stealth Rock\n|switch|p2a: Giratina|Giratina|100\/100 slp\n|-damage|p2a: Giratina|88\/100 slp|[from] Spikes\n|-damage|p2a: Giratina|75\/100 slp|[from] Stealth Rock\n|-ability|p2a: Giratina|Pressure\n|\n|upkeep\n|turn|247\n|inactive|lowelofunn has 20 seconds left this turn.\n|\n|t:|1666837260\n|switch|p2a: Corviknight|Corviknight, M|72\/100\n|-damage|p2a: Corviknight|60\/100|[from] Stealth Rock\n|-ability|p2a: Corviknight|Pressure\n|move|p1a: Quagsire|Earthquake|p2a: Corviknight\n|-immune|p2a: Corviknight\n|\n|upkeep\n|turn|248\n|inactive|lowelofunn has 20 seconds left this turn.\n|\n|t:|1666837265\n|switch|p2a: Chansey|Chansey, F|88\/100\n|-damage|p2a: Chansey|76\/100|[from] Spikes\n|-damage|p2a: Chansey|63\/100|[from] Stealth Rock\n|switch|p1a: Corviknight|Corviknight, F|55\/100 brn\n|-damage|p1a: Corviknight|43\/100 brn|[from] Stealth Rock\n|-ability|p1a: Corviknight|Pressure\n|\n|-damage|p1a: Corviknight|37\/100 brn|[from] brn\n|upkeep\n|turn|249\n|inactive|lowelofunn has 25 seconds left this turn.\n|\n|t:|1666837271\n|move|p2a: Chansey|Seismic Toss|p1a: Corviknight\n|-damage|p1a: Corviknight|15\/100 brn\n|move|p1a: Corviknight|Roost|p1a: Corviknight\n|-heal|p1a: Corviknight|65\/100 brn\n|-singleturn|p1a: Corviknight|move: Roost\n|\n|-damage|p1a: Corviknight|59\/100 brn|[from] brn\n|upkeep\n|turn|250\n|inactive|lowelofunn has 25 seconds left this turn.\n|inactive|lowelofunn has 20 seconds left.\n|\n|t:|1666837277\n|move|p2a: Chansey|Soft-Boiled|p2a: Chansey\n|-heal|p2a: Chansey|100\/100\n|move|p1a: Corviknight|Roost|p1a: Corviknight\n|-heal|p1a: Corviknight|100\/100 brn\n|-singleturn|p1a: Corviknight|move: Roost\n|\n|-damage|p1a: Corviknight|94\/100 brn|[from] brn\n|upkeep\n|turn|251\n|inactive|lowelofunn has 25 seconds left this turn.\n|\n|t:|1666837280\n|switch|p1a: Chansey|Chansey, F|74\/100\n|-damage|p1a: Chansey|62\/100|[from] Stealth Rock\n|move|p2a: Chansey|Heal Bell|p2a: Chansey\n|-activate|p2a: Chansey|move: Heal Bell\n|-curestatus|p2: Giratina|slp|[msg]\n|\n|upkeep\n|turn|252\n|inactive|lowelofunn has 25 seconds left this turn.\n|inactive|lowelofunn has 20 seconds left.\n|\n|t:|1666837287\n|switch|p2a: Giratina|Giratina|75\/100\n|-damage|p2a: Giratina|63\/100|[from] Spikes\n|-damage|p2a: Giratina|50\/100|[from] Stealth Rock\n|-ability|p2a: Giratina|Pressure\n|move|p1a: Chansey|Soft-Boiled|p1a: Chansey\n|-heal|p1a: Chansey|100\/100\n|\n|upkeep\n|turn|253\n|inactive|lowelofunn has 25 seconds left this turn.\n|inactive|lowelofunn has 20 seconds left.\n|\n|t:|1666837294\n|switch|p1a: Corviknight|Corviknight, F|94\/100 brn\n|-damage|p1a: Corviknight|82\/100 brn|[from] Stealth Rock\n|-ability|p1a: Corviknight|Pressure\n|move|p2a: Giratina|Defog|p1a: Corviknight\n|-unboost|p1a: Corviknight|evasion|1\n|-sideend|p1: knexhawk2|Stealth Rock|[from] move: Defog|[of] p2a: Giratina\n|-sideend|p2: lowelofunn|Spikes|[from] move: Defog|[of] p2a: Giratina\n|-sideend|p2: lowelofunn|Stealth Rock|[from] move: Defog|[of] p2a: Giratina\n|\n|-damage|p1a: Corviknight|76\/100 brn|[from] brn\n|upkeep\n|turn|254\n|inactive|lowelofunn has 20 seconds left this turn.\n|c|\u2606knexhawk2|i lost this game so fast without spikes\n|inactive|lowelofunn has 15 seconds left.\n|\n|t:|1666837300\n|switch|p2a: Toxapex|Toxapex, M|100\/100\n|switch|p1a: Chansey|Chansey, F|100\/100\n|\n|upkeep\n|turn|255\n|inactive|lowelofunn has 20 seconds left this turn.\n|inactive|lowelofunn has 15 seconds left.\n|\n|t:|1666837308\n|switch|p1a: Slowbro|Slowbro-Galar, F|100\/100 brn\n|switch|p2a: Giratina|Giratina|50\/100\n|-ability|p2a: Giratina|Pressure\n|\n|-damage|p1a: Slowbro|94\/100 brn|[from] brn\n|upkeep\n|turn|256\n|inactive|lowelofunn has 15 seconds left this turn.\n|\n|t:|1666837312\n|move|p2a: Giratina|Rest|p2a: Giratina\n|-status|p2a: Giratina|slp|[from] move: Rest\n|-heal|p2a: Giratina|100\/100 slp|[silent]\n|move|p1a: Slowbro|Ice Beam|p2a: Giratina\n|-supereffective|p2a: Giratina\n|-damage|p2a: Giratina|64\/100 slp\n|\n|-damage|p1a: Slowbro|88\/100 brn|[from] brn\n|upkeep\n|turn|257\n|inactive|lowelofunn has 20 seconds left this turn.\n|\n|t:|1666837317\n|switch|p2a: Chansey|Chansey, F|100\/100\n|move|p1a: Slowbro|Future Sight|p2a: Chansey\n|-start|p1a: Slowbro|move: Future Sight\n|\n|-damage|p1a: Slowbro|82\/100 brn|[from] brn\n|upkeep\n|turn|258\n|inactive|lowelofunn has 20 seconds left this turn.\n|inactive|lowelofunn has 15 seconds left.\n|\n|t:|1666837323\n|switch|p1a: Chansey|Chansey, F|100\/100\n|move|p2a: Chansey|Seismic Toss|p1a: Chansey\n|-damage|p1a: Chansey|86\/100\n|\n|upkeep\n|turn|259\n|inactive|lowelofunn has 20 seconds left this turn.\n|inactive|lowelofunn has 15 seconds left.\n|\n|t:|1666837330\n|switch|p2a: Gastrodon|Gastrodon, M|82\/100\n|move|p1a: Chansey|Stealth Rock|p2a: Gastrodon\n|-sidestart|p2: lowelofunn|move: Stealth Rock\n|\n|-end|p2a: Gastrodon|move: Future Sight\n|-damage|p2a: Gastrodon|53\/100\n|-heal|p2a: Gastrodon|59\/100|[from] item: Leftovers\n|upkeep\n|turn|260\n|inactive|lowelofunn has 15 seconds left this turn.\n|inactive|lowelofunn has 10 seconds left.\n|\n|t:|1666837338\n|move|p1a: Chansey|Seismic Toss|p2a: Gastrodon\n|-damage|p2a: Gastrodon|39\/100\n|move|p2a: Gastrodon|Recover|p2a: Gastrodon\n|-heal|p2a: Gastrodon|89\/100\n|\n|-heal|p2a: Gastrodon|95\/100|[from] item: Leftovers\n|upkeep\n|turn|261\n|inactive|lowelofunn has 15 seconds left this turn.\n|c| hy is garbage|2 defoggers tho\n|c|\u2606knexhawk2|!reevo gastrodonm\n|error|Error: Pok\u00e9mon gastrodonm not found.\n|c|\u2606knexhawk2|!reevo gastrodon\n|raw|<div class=\"message\"><ul class=\"utilichart\"><li class=\"result\"><span class=\"col numcol\">NU<\/span> <span class=\"col iconcol\"><psicon pokemon=\"gastrodon\"\/><\/span> <span class=\"col pokemonnamecol\" style=\"white-space:nowrap\"><a href=\"https:\/\/dex.pokemonshowdown.com\/pokemon\/gastrodon\" target=\"_blank\">Gastrodon<\/a><\/span> <span class=\"col typecol\"><img src=\"https:\/\/play.pokemonshowdown.com\/sprites\/types\/Water.png\" alt=\"Water\" height=\"14\" width=\"32\"><img src=\"https:\/\/play.pokemonshowdown.com\/sprites\/types\/Ground.png\" alt=\"Ground\" height=\"14\" width=\"32\"><\/span> <span style=\"float:left;min-height:26px\"><span class=\"col twoabilitycol\">Sticky Hold<br \/>Storm Drain<\/span><span class=\"col abilitycol\"><em>Sand Force<\/em><\/span><\/span><span style=\"float:left;min-height:26px\"><span class=\"col statcol\"><em>HP<\/em><br \/>146<\/span> <span class=\"col statcol\"><em>Atk<\/em><br \/>118<\/span> <span class=\"col statcol\"><em>Def<\/em><br \/>88<\/span> <span class=\"col statcol\"><em>SpA<\/em><br \/>127<\/span> <span class=\"col statcol\"><em>SpD<\/em><br \/>102<\/span> <span class=\"col statcol\"><em>Spe<\/em><br \/>44<\/span> <span class=\"col bstcol\"><em>BST<br \/>625<\/em><\/span> <\/span><\/li><li style=\"clear:both\"><\/li><\/ul><\/div>\n|c|\u2606knexhawk2|146 hp jesus\n|\n|t:|1666837352\n|switch|p1a: Slowbro|Slowbro-Galar, F|100\/100 brn\n|move|p2a: Gastrodon|Confide|p1a: Slowbro\n|-unboost|p1a: Slowbro|spa|1\n|\n|-heal|p2a: Gastrodon|100\/100|[from] item: Leftovers\n|-damage|p1a: Slowbro|94\/100 brn|[from] brn\n|upkeep\n|turn|262\n|inactive|lowelofunn has 15 seconds left this turn.\n|inactive|lowelofunn has 10 seconds left.\n|\n|t:|1666837358\n|switch|p1a: Chansey|Chansey, F|86\/100\n|move|p2a: Gastrodon|Scald|p1a: Chansey\n|-damage|p1a: Chansey|75\/100\n|\n|upkeep\n|turn|263\n|inactive|lowelofunn has 15 seconds left this turn.\n|c|\u2606knexhawk2|yeah 2 defoggers\n|c|\u2606knexhawk2|but i can pressure them at least\n|inactive|lowelofunn has 10 seconds left.\n|c|\u2606knexhawk2|i need some hazards to exert pressure\n|\n|t:|1666837369\n|switch|p1a: Slowbro|Slowbro-Galar, F|100\/100 brn\n|switch|p2a: Clefable|Clefable, F|62\/100\n|\n|-damage|p1a: Slowbro|94\/100 brn|[from] brn\n|upkeep\n|turn|264\n|inactive|lowelofunn has 10 seconds left this turn.\n|\n|t:|1666837372\n|switch|p1a: Corviknight|Corviknight, F|76\/100 brn\n|-ability|p1a: Corviknight|Pressure\n|move|p2a: Clefable|Stealth Rock|p1a: Corviknight\n|-sidestart|p1: knexhawk2|move: Stealth Rock\n|\n|-damage|p1a: Corviknight|70\/100 brn|[from] brn\n|upkeep\n|turn|265\n|inactive|lowelofunn has 15 seconds left this turn.\n|inactive|lowelofunn has 10 seconds left.\n|\n|t:|1666837381\n|switch|p1a: Chansey|Chansey, F|75\/100\n|-damage|p1a: Chansey|62\/100|[from] Stealth Rock\n|move|p2a: Clefable|Moonblast|p1a: Chansey\n|-damage|p1a: Chansey|48\/100\n|-unboost|p1a: Chansey|spa|1\n|\n|upkeep\n|turn|266\n|inactive|lowelofunn has 10 seconds left this turn.\n|\n|t:|1666837385\n|switch|p2a: Toxapex|Toxapex, M|100\/100\n|-damage|p2a: Toxapex|88\/100|[from] Stealth Rock\n|move|p1a: Chansey|Soft-Boiled|p1a: Chansey\n|-heal|p1a: Chansey|98\/100\n|\n|upkeep\n|turn|267\n|inactive|lowelofunn has 15 seconds left this turn.\n|\n|t:|1666837389\n|switch|p1a: Slowbro|Slowbro-Galar, F|100\/100 brn\n|-damage|p1a: Slowbro|88\/100 brn|[from] Stealth Rock\n|move|p2a: Toxapex|Recover|p2a: Toxapex\n|-heal|p2a: Toxapex|100\/100\n|\n|-damage|p1a: Slowbro|82\/100 brn|[from] brn\n|upkeep\n|turn|268\n|inactive|lowelofunn has 15 seconds left this turn.\n|inactive|knexhawk2 has 120 seconds left.\n|\n|t:|1666837414\n|switch|p1a: Quagsire|Quagsire, F|77\/100\n|-damage|p1a: Quagsire|71\/100|[from] Stealth Rock\n|switch|p2a: Chansey|Chansey, F|100\/100\n|-damage|p2a: Chansey|88\/100|[from] Stealth Rock\n|\n|upkeep\n|turn|269\n|inactive|lowelofunn has 20 seconds left this turn.\n|l| i love fs\n|inactive|lowelofunn has 15 seconds left.\n|\n|t:|1666837420\n|switch|p1a: Chansey|Chansey, F|98\/100\n|-damage|p1a: Chansey|86\/100|[from] Stealth Rock\n|move|p2a: Chansey|Toxic|p1a: Chansey\n|-status|p1a: Chansey|tox\n|\n|-damage|p1a: Chansey|80\/100 tox|[from] psn\n|upkeep\n|turn|270\n|inactive|lowelofunn has 15 seconds left this turn.\n|\n|t:|1666837424\n|switch|p2a: Clefable|Clefable, F|62\/100\n|move|p1a: Chansey|Wish|p1a: Chansey\n|\n|-damage|p1a: Chansey|67\/100 tox|[from] psn\n|upkeep\n|turn|271\n|inactive|lowelofunn has 20 seconds left this turn.\n|inactive|lowelofunn has 15 seconds left.\n|\n|t:|1666837430\n|switch|p2a: Toxapex|Toxapex, M|100\/100\n|-damage|p2a: Toxapex|88\/100|[from] Stealth Rock\n|-curestatus|p1a: Chansey|tox|[from] ability: Natural Cure\n|switch|p1a: Corviknight|Corviknight, F|70\/100 brn\n|-damage|p1a: Corviknight|57\/100 brn|[from] Stealth Rock\n|-ability|p1a: Corviknight|Pressure\n|\n|-heal|p1a: Corviknight|100\/100 brn|[from] move: Wish|[wisher] Chansey\n|-damage|p1a: Corviknight|94\/100 brn|[from] brn\n|upkeep\n|turn|272\n|inactive|lowelofunn has 15 seconds left this turn.\n|inactive|lowelofunn has 10 seconds left.\n|\n|t:|1666837438\n|switch|p1a: Slowbro|Slowbro-Galar, F|100\/100 brn\n|-damage|p1a: Slowbro|88\/100 brn|[from] Stealth Rock\n|move|p2a: Toxapex|Block|p1a: Slowbro\n|-activate|p1a: Slowbro|trapped\n|\n|-damage|p1a: Slowbro|82\/100 brn|[from] brn\n|upkeep\n|turn|273\n|inactive|lowelofunn has 15 seconds left this turn.\n|inactive|lowelofunn has 10 seconds left.\n|\n|t:|1666837444\n|move|p1a: Slowbro|Future Sight|p2a: Toxapex\n|-start|p1a: Slowbro|move: Future Sight\n|move|p2a: Toxapex|Spite|p1a: Slowbro\n|-activate|p1a: Slowbro|move: Spite|Future Sight|4\n|\n|-damage|p1a: Slowbro|76\/100 brn|[from] brn\n|upkeep\n|turn|274\n|inactive|lowelofunn has 10 seconds left this turn.\n|\n|t:|1666837448\n|switch|p2a: Giratina|Giratina|64\/100 slp\n|-damage|p2a: Giratina|51\/100 slp|[from] Stealth Rock\n|-ability|p2a: Giratina|Pressure\n|move|p1a: Slowbro|Flamethrower|p2a: Giratina\n|-resisted|p2a: Giratina\n|-damage|p2a: Giratina|42\/100 slp\n|\n|-damage|p1a: Slowbro|70\/100 brn|[from] brn\n|upkeep\n|turn|275\n|inactive|lowelofunn has 15 seconds left this turn.\n|\n|t:|1666837452\n|switch|p2a: Chansey|Chansey, F|88\/100\n|-damage|p2a: Chansey|76\/100|[from] Stealth Rock\n|move|p1a: Slowbro|Ice Beam|p2a: Chansey\n|-damage|p2a: Chansey|68\/100\n|\n|-end|p2a: Chansey|move: Future Sight\n|-damage|p2a: Chansey|54\/100\n|-damage|p1a: Slowbro|63\/100 brn|[from] brn\n|upkeep\n|turn|276\n|inactive|lowelofunn has 15 seconds left this turn.\n|\n|t:|1666837455\n|move|p2a: Chansey|Soft-Boiled|p2a: Chansey\n|-heal|p2a: Chansey|100\/100\n|move|p1a: Slowbro|Shell Side Arm|p2a: Chansey|[anim] Shell Side Arm Physical\n|-damage|p2a: Chansey|88\/100\n|-hint|Physical Shell Side Arm\n|\n|-damage|p1a: Slowbro|57\/100 brn|[from] brn\n|upkeep\n|turn|277\n|inactive|lowelofunn has 20 seconds left this turn.\n|\n|t:|1666837457\n|move|p2a: Chansey|Heal Bell|p2a: Chansey\n|-activate|p2a: Chansey|move: Heal Bell\n|-curestatus|p2: Giratina|slp|[msg]\n|move|p1a: Slowbro|Shell Side Arm|p2a: Chansey|[anim] Shell Side Arm Physical\n|-damage|p2a: Chansey|76\/100\n|-hint|Physical Shell Side Arm\n|-status|p2a: Chansey|psn\n|\n|-damage|p2a: Chansey|63\/100 psn|[from] psn\n|-damage|p1a: Slowbro|51\/100 brn|[from] brn\n|upkeep\n|turn|278\n|inactive|lowelofunn has 20 seconds left this turn.\n|\n|t:|1666837464\n|-curestatus|p2a: Chansey|psn|[from] ability: Natural Cure\n|switch|p2a: Gastrodon|Gastrodon, M|100\/100\n|-damage|p2a: Gastrodon|94\/100|[from] Stealth Rock\n|switch|p1a: Quagsire|Quagsire, F|71\/100\n|-damage|p1a: Quagsire|65\/100|[from] Stealth Rock\n|\n|-heal|p2a: Gastrodon|100\/100|[from] item: Leftovers\n|upkeep\n|turn|279\n|inactive|lowelofunn has 25 seconds left this turn.\n|\n|t:|1666837467\n|move|p1a: Quagsire|Toxic|p2a: Gastrodon\n|-status|p2a: Gastrodon|tox\n|move|p2a: Gastrodon|Confide|p1a: Quagsire\n|-unboost|p1a: Quagsire|spa|1\n|\n|-damage|p2a: Gastrodon|94\/100 tox|[from] psn\n|upkeep\n|turn|280\n|inactive|lowelofunn has 25 seconds left this turn.\n|\n|t:|1666837472\n|switch|p1a: Chansey|Chansey, F|67\/100\n|-damage|p1a: Chansey|55\/100|[from] Stealth Rock\n|switch|p2a: Toxapex|Toxapex, M|100\/100\n|-damage|p2a: Toxapex|88\/100|[from] Stealth Rock\n|\n|upkeep\n|turn|281\n|inactive|lowelofunn has 30 seconds left this turn.\n|\n|t:|1666837477\n|switch|p2a: Giratina|Giratina|42\/100\n|-damage|p2a: Giratina|30\/100|[from] Stealth Rock\n|-ability|p2a: Giratina|Pressure\n|move|p1a: Chansey|Seismic Toss|p2a: Giratina\n|-immune|p2a: Giratina\n|\n|upkeep\n|turn|282\n|inactive|lowelofunn has 25 seconds left this turn.\n|\n|t:|1666837483\n|move|p2a: Giratina|Rest|p2a: Giratina\n|-status|p2a: Giratina|slp|[from] move: Rest\n|-heal|p2a: Giratina|100\/100 slp|[silent]\n|move|p1a: Chansey|Soft-Boiled|p1a: Chansey\n|-heal|p1a: Chansey|100\/100\n|\n|upkeep\n|turn|283\n|inactive|lowelofunn has 30 seconds left this turn.\n|c|\u2606knexhawk2|crazy u have rested 11 times so far\n|\n|t:|1666837496\n|switch|p2a: Toxapex|Toxapex, M|100\/100\n|-damage|p2a: Toxapex|88\/100|[from] Stealth Rock\n|switch|p1a: Golisopod|Golisopod, M|80\/100 tox\n|-damage|p1a: Golisopod|55\/100 tox|[from] Stealth Rock\n|\n|-damage|p1a: Golisopod|49\/100 tox|[from] psn\n|upkeep\n|-activate|p1a: Golisopod|ability: Emergency Exit\n|inactive|lowelofunn has 30 seconds left this turn.\n|c|\u2606lowelofunn|ya\n|\n|t:|1666837499\n|switch|p1a: Chansey|Chansey, F|100\/100\n|-damage|p1a: Chansey|88\/100|[from] Stealth Rock\n|turn|284\n|inactive|lowelofunn has 30 seconds left.\n|c|\u2606knexhawk2|alot of rests\n|\n|t:|1666837505\n|switch|p1a: Slowbro|Slowbro-Galar, F|84\/100 brn\n|-damage|p1a: Slowbro|72\/100 brn|[from] Stealth Rock\n|move|p2a: Toxapex|Knock Off|p1a: Slowbro\n|-supereffective|p1a: Slowbro\n|-damage|p1a: Slowbro|48\/100 brn\n|-enditem|p1a: Slowbro|Assault Vest|[from] move: Knock Off|[of] p2a: Toxapex\n|\n|-damage|p1a: Slowbro|41\/100 brn|[from] brn\n|upkeep\n|turn|285\n|inactive|lowelofunn has 30 seconds left this turn.\n|c|\u2606knexhawk2|nooo my av: C\n|\n|t:|1666837514\n|switch|p1a: Quagsire|Quagsire, F|65\/100\n|-damage|p1a: Quagsire|59\/100|[from] Stealth Rock\n|switch|p2a: Chansey|Chansey, F|63\/100\n|-damage|p2a: Chansey|51\/100|[from] Stealth Rock\n|\n|upkeep\n|turn|286\n|inactive|lowelofunn has 30 seconds left this turn.\n|\n|t:|1666837520\n|switch|p1a: Slowbro|Slowbro-Galar, F|75\/100 brn\n|-damage|p1a: Slowbro|62\/100 brn|[from] Stealth Rock\n|move|p2a: Chansey|Soft-Boiled|p2a: Chansey\n|-heal|p2a: Chansey|100\/100\n|\n|-damage|p1a: Slowbro|56\/100 brn|[from] brn\n|upkeep\n|turn|287\n|inactive|lowelofunn has 30 seconds left this turn.\n|\n|t:|1666837525\n|switch|p2a: Gastrodon|Gastrodon, M|94\/100 tox\n|-damage|p2a: Gastrodon|88\/100 tox|[from] Stealth Rock\n|switch|p1a: Chansey|Chansey, F|88\/100\n|-damage|p1a: Chansey|76\/100|[from] Stealth Rock\n|\n|-heal|p2a: Gastrodon|94\/100 tox|[from] item: Leftovers\n|-damage|p2a: Gastrodon|88\/100 tox|[from] psn\n|upkeep\n|turn|288\n|inactive|lowelofunn has 30 seconds left this turn.\n|\n|t:|1666837531\n|move|p1a: Chansey|Wish|p1a: Chansey\n|move|p2a: Gastrodon|Scald|p1a: Chansey\n|-damage|p1a: Chansey|64\/100\n|-status|p1a: Chansey|brn\n|\n|-heal|p2a: Gastrodon|94\/100 tox|[from] item: Leftovers\n|-damage|p2a: Gastrodon|82\/100 tox|[from] psn\n|-damage|p1a: Chansey|58\/100 brn|[from] brn\n|upkeep\n|turn|289\n|inactive|lowelofunn has 25 seconds left this turn.\n|inactive|lowelofunn has 20 seconds left.\n|\n|t:|1666837539\n|-curestatus|p1a: Chansey|brn|[from] ability: Natural Cure\n|switch|p1a: Golisopod|Golisopod, M|49\/100 tox\n|-damage|p1a: Golisopod|24\/100 tox|[from] Stealth Rock\n|switch|p2a: Toxapex|Toxapex, M|100\/100\n|-damage|p2a: Toxapex|88\/100|[from] Stealth Rock\n|\n|-heal|p1a: Golisopod|100\/100 tox|[from] move: Wish|[wisher] Chansey\n|-damage|p1a: Golisopod|94\/100 tox|[from] psn\n|upkeep\n|turn|290\n|inactive|lowelofunn has 25 seconds left this turn.\n|inactive|lowelofunn has 20 seconds left.\n|\n|t:|1666837562\n|switch|p2a: Giratina|Giratina|100\/100 slp\n|-damage|p2a: Giratina|88\/100 slp|[from] Stealth Rock\n|-ability|p2a: Giratina|Pressure\n|move|p1a: Golisopod|Spikes|p2a: Giratina\n|-sidestart|p2: lowelofunn|Spikes\n|\n|-damage|p1a: Golisopod|82\/100 tox|[from] psn\n|upkeep\n|turn|291\n|inactive|lowelofunn has 20 seconds left this turn.\n|inactive|knexhawk2 has 120 seconds left.\n|inactive|lowelofunn has 15 seconds left.\n|\n|t:|1666837569\n|switch|p1a: Chansey|Chansey, F|58\/100\n|-damage|p1a: Chansey|45\/100|[from] Stealth Rock\n|cant|p2a: Giratina|slp\n|\n|upkeep\n|turn|292\n|inactive|lowelofunn has 20 seconds left this turn.\n|\n|t:|1666837572\n|cant|p2a: Giratina|slp\n|move|p1a: Chansey|Soft-Boiled|p1a: Chansey\n|-heal|p1a: Chansey|95\/100\n|\n|upkeep\n|turn|293\n|inactive|lowelofunn has 20 seconds left this turn.\n|\n|t:|1666837575\n|switch|p2a: Toxapex|Toxapex, M|100\/100\n|-damage|p2a: Toxapex|88\/100|[from] Stealth Rock\n|-damage|p2a: Toxapex|75\/100|[from] Spikes\n|switch|p1a: Corviknight|Corviknight, F|94\/100 brn\n|-damage|p1a: Corviknight|82\/100 brn|[from] Stealth Rock\n|-ability|p1a: Corviknight|Pressure\n|\n|-damage|p1a: Corviknight|76\/100 brn|[from] brn\n|upkeep\n|turn|294\n|inactive|lowelofunn has 25 seconds left this turn.\n|\n|t:|1666837580\n|switch|p1a: Quagsire|Quagsire, F|59\/100\n|-damage|p1a: Quagsire|53\/100|[from] Stealth Rock\n|switch|p2a: Chansey|Chansey, F|100\/100\n|-damage|p2a: Chansey|88\/100|[from] Stealth Rock\n|-damage|p2a: Chansey|76\/100|[from] Spikes\n|\n|upkeep\n|turn|295\n|inactive|lowelofunn has 25 seconds left this turn.\n|\n|t:|1666837584\n|move|p2a: Chansey|Seismic Toss|p1a: Quagsire\n|-damage|p1a: Quagsire|32\/100\n|move|p1a: Quagsire|Recover|p1a: Quagsire\n|-heal|p1a: Quagsire|82\/100\n|\n|upkeep\n|turn|296\n|inactive|lowelofunn has 30 seconds left this turn.\n|\n|t:|1666837593\n|switch|p1a: Slowbro|Slowbro-Galar, F|89\/100 brn\n|-damage|p1a: Slowbro|77\/100 brn|[from] Stealth Rock\n|move|p2a: Chansey|Seismic Toss|p1a: Slowbro\n|-damage|p1a: Slowbro|52\/100 brn\n|\n|-damage|p1a: Slowbro|46\/100 brn|[from] brn\n|upkeep\n|turn|297\n|inactive|lowelofunn has 25 seconds left this turn.\n|inactive|lowelofunn has 20 seconds left.\n|inactive|knexhawk2 has 120 seconds left.\n|\n|t:|1666837606\n|switch|p2a: Giratina|Giratina|88\/100 slp\n|-damage|p2a: Giratina|75\/100 slp|[from] Stealth Rock\n|-damage|p2a: Giratina|63\/100 slp|[from] Spikes\n|-ability|p2a: Giratina|Pressure\n|switch|p1a: Chansey|Chansey, F|95\/100\n|-damage|p1a: Chansey|83\/100|[from] Stealth Rock\n|\n|upkeep\n|turn|298\n|inactive|lowelofunn has 25 seconds left this turn.\n|inactive|knexhawk2 has 120 seconds left.\n|inactive|lowelofunn has 20 seconds left.\n|\n|t:|1666837613\n|switch|p1a: Corviknight|Corviknight, F|76\/100 brn\n|-damage|p1a: Corviknight|64\/100 brn|[from] Stealth Rock\n|-ability|p1a: Corviknight|Pressure\n|-curestatus|p2a: Giratina|slp|[msg]\n|move|p2a: Giratina|Toxic||[still]\n|-fail|p2a: Giratina\n|\n|-damage|p1a: Corviknight|57\/100 brn|[from] brn\n|upkeep\n|turn|299\n|inactive|lowelofunn has 20 seconds left this turn.\n|inactive|lowelofunn has 15 seconds left.\n|\n|t:|1666837623\n|switch|p2a: Toxapex|Toxapex, M|100\/100\n|-damage|p2a: Toxapex|88\/100|[from] Stealth Rock\n|-damage|p2a: Toxapex|75\/100|[from] Spikes\n|move|p1a: Corviknight|Brave Bird|p2a: Toxapex\n|-damage|p2a: Toxapex|66\/100\n|-damage|p1a: Corviknight|55\/100 brn|[from] Recoil\n|\n|-damage|p1a: Corviknight|49\/100 brn|[from] brn\n|upkeep\n|turn|300\n|inactive|lowelofunn has 20 seconds left this turn.\n|inactive|lowelofunn has 15 seconds left.\n|c|\u2606knexhawk2|no attacks\n|c|\u2606knexhawk2|lol\n|\n|t:|1666837631\n|switch|p1a: Slowbro|Slowbro-Galar, F|79\/100 brn\n|-damage|p1a: Slowbro|67\/100 brn|[from] Stealth Rock\n|switch|p2a: Gastrodon|Gastrodon, M|82\/100 tox\n|-damage|p2a: Gastrodon|75\/100 tox|[from] Stealth Rock\n|-damage|p2a: Gastrodon|63\/100 tox|[from] Spikes\n|\n|-heal|p2a: Gastrodon|69\/100 tox|[from] item: Leftovers\n|-damage|p2a: Gastrodon|63\/100 tox|[from] psn\n|-damage|p1a: Slowbro|60\/100 brn|[from] brn\n|upkeep\n|turn|301\n|inactive|lowelofunn has 15 seconds left this turn.\n|inactive|lowelofunn has 10 seconds left.\n|l| Duranti-Meta\n|c| ronnie.dgaf|bro whats going on\n|c| ronnie.dgaf|301\n|\n|t:|1666837659\n|switch|p1a: Chansey|Chansey, F|83\/100\n|-damage|p1a: Chansey|70\/100|[from] Stealth Rock\n|move|p2a: Gastrodon|Earthquake|p1a: Chansey\n|-damage|p1a: Chansey|29\/100\n|\n|-heal|p2a: Gastrodon|69\/100 tox|[from] item: Leftovers\n|-damage|p2a: Gastrodon|57\/100 tox|[from] psn\n|upkeep\n|turn|302\n|inactive|lowelofunn has 15 seconds left this turn.\n|inactive|lowelofunn has 10 seconds left.\n|\n|t:|1666837667\n|move|p1a: Chansey|Soft-Boiled|p1a: Chansey\n|-heal|p1a: Chansey|79\/100\n|move|p2a: Gastrodon|Scald|p1a: Chansey\n|-damage|p1a: Chansey|68\/100\n|\n|-heal|p2a: Gastrodon|63\/100 tox|[from] item: Leftovers\n|-damage|p2a: Gastrodon|44\/100 tox|[from] psn\n|upkeep\n|turn|303\n|inactive|lowelofunn has 10 seconds left this turn.\n|\n|t:|1666837671\n|move|p1a: Chansey|Wish|p1a: Chansey\n|move|p2a: Gastrodon|Earthquake|p1a: Chansey\n|-damage|p1a: Chansey|32\/100\n|\n|-heal|p2a: Gastrodon|50\/100 tox|[from] item: Leftovers\n|-damage|p2a: Gastrodon|25\/100 tox|[from] psn\n|upkeep\n|turn|304\n|inactive|lowelofunn has 15 seconds left this turn.\n|inactive|lowelofunn has 10 seconds left.\n|c|\u2606lowelofunn|whoops\n|\n|t:|1666837679\n|switch|p1a: Corviknight|Corviknight, F|49\/100 brn\n|-damage|p1a: Corviknight|37\/100 brn|[from] Stealth Rock\n|-ability|p1a: Corviknight|Pressure\n|move|p2a: Gastrodon|Recover|p2a: Gastrodon\n|-heal|p2a: Gastrodon|75\/100 tox\n|\n|-heal|p1a: Corviknight|100\/100 brn|[from] move: Wish|[wisher] Chansey\n|-heal|p2a: Gastrodon|82\/100 tox|[from] item: Leftovers\n|-damage|p2a: Gastrodon|50\/100 tox|[from] psn\n|-damage|p1a: Corviknight|94\/100 brn|[from] brn\n|upkeep\n|turn|305\n|inactive|lowelofunn has 10 seconds left this turn.\n|\n|t:|1666837683\n|switch|p1a: Quagsire|Quagsire, F|82\/100\n|-damage|p1a: Quagsire|76\/100|[from] Stealth Rock\n|switch|p2a: Giratina|Giratina|63\/100\n|-damage|p2a: Giratina|50\/100|[from] Stealth Rock\n|-damage|p2a: Giratina|38\/100|[from] Spikes\n|-ability|p2a: Giratina|Pressure\n|\n|upkeep\n|turn|306\n|inactive|lowelofunn has 15 seconds left this turn.\n|c|\u2606lowelofunn|nvm\n|\n|t:|1666837689\n|switch|p1a: Chansey|Chansey, F|32\/100\n|-damage|p1a: Chansey|20\/100|[from] Stealth Rock\n|move|p2a: Giratina|Rest|p2a: Giratina\n|-status|p2a: Giratina|slp|[from] move: Rest\n|-heal|p2a: Giratina|100\/100 slp|[silent]\n|\n|upkeep\n|turn|307\n|inactive|lowelofunn has 15 seconds left this turn.\n|\n|t:|1666837692\n|switch|p2a: Toxapex|Toxapex, M|99\/100\n|-damage|p2a: Toxapex|87\/100|[from] Stealth Rock\n|-damage|p2a: Toxapex|74\/100|[from] Spikes\n|move|p1a: Chansey|Soft-Boiled|p1a: Chansey\n|-heal|p1a: Chansey|70\/100\n|\n|upkeep\n|turn|308\n|inactive|lowelofunn has 20 seconds left this turn.\n|inactive|lowelofunn has 15 seconds left.\n|c|\u2606knexhawk2|i like a bit of toxic chip\n|inactive|lowelofunn has 10 seconds left.\n|inactive|lowelofunn has 5 seconds left.\n|\n|t:|1666837709\n|switch|p1a: Slowbro|Slowbro-Galar, F|94\/100 brn\n|-damage|p1a: Slowbro|81\/100 brn|[from] Stealth Rock\n|switch|p2a: Gastrodon|Gastrodon, M|50\/100 tox\n|-damage|p2a: Gastrodon|44\/100 tox|[from] Stealth Rock\n|-damage|p2a: Gastrodon|32\/100 tox|[from] Spikes\n|\n|-heal|p2a: Gastrodon|38\/100 tox|[from] item: Leftovers\n|-damage|p2a: Gastrodon|32\/100 tox|[from] psn\n|-damage|p1a: Slowbro|75\/100 brn|[from] brn\n|upkeep\n|turn|309\n|inactive|lowelofunn has 5 seconds left this turn.\n|c| ronnie.dgaf|you guys wanna place bets\n|inactive|knexhawk2 has 90 seconds left.\n|\n|t:|1666837717\n|move|p1a: Slowbro|Future Sight|p2a: Gastrodon\n|-start|p1a: Slowbro|move: Future Sight\n|move|p2a: Gastrodon|Recover|p2a: Gastrodon\n|-heal|p2a: Gastrodon|82\/100 tox\n|\n|-heal|p2a: Gastrodon|88\/100 tox|[from] item: Leftovers\n|-damage|p2a: Gastrodon|75\/100 tox|[from] psn\n|-damage|p1a: Slowbro|69\/100 brn|[from] brn\n|upkeep\n|turn|310\n|inactive|lowelofunn has 10 seconds left this turn.\n|c|\u2606knexhawk2|Me.\n|inactive|lowelofunn has 5 seconds left.\n|\n|t:|1666837724\n|switch|p1a: Quagsire|Quagsire, F|76\/100\n|-damage|p1a: Quagsire|69\/100|[from] Stealth Rock\n|switch|p2a: Corviknight|Corviknight, M|60\/100\n|-damage|p2a: Corviknight|48\/100|[from] Stealth Rock\n|-ability|p2a: Corviknight|Pressure\n|\n|upkeep\n|turn|311\n|inactive|lowelofunn has 5 seconds left this turn.\n|c|\u2606knexhawk2|I win\n|\n|t:|1666837728\n|move|p2a: Corviknight|Roost|p2a: Corviknight\n|-heal|p2a: Corviknight|98\/100\n|-singleturn|p2a: Corviknight|move: Roost\n|move|p1a: Quagsire|Earthquake|p2a: Corviknight\n|-supereffective|p2a: Corviknight\n|-damage|p2a: Corviknight|62\/100\n|\n|-end|p2a: Corviknight|move: Future Sight\n|-resisted|p2a: Corviknight\n|-damage|p2a: Corviknight|43\/100\n|upkeep\n|turn|312\n|inactive|lowelofunn has 10 seconds left this turn.\n|inactive|lowelofunn has 5 seconds left.\n|\n|t:|1666837734\n|move|p2a: Corviknight|Roost|p2a: Corviknight\n|-heal|p2a: Corviknight|93\/100\n|-singleturn|p2a: Corviknight|move: Roost\n|move|p1a: Quagsire|Scald|p2a: Corviknight\n|-damage|p2a: Corviknight|77\/100\n|-status|p2a: Corviknight|brn\n|\n|-damage|p2a: Corviknight|71\/100 brn|[from] brn\n|upkeep\n|turn|313\n|inactive|lowelofunn has 5 seconds left this turn.\n|-message|lowelofunn lost due to inactivity.\n|\n|win|knexhawk2\n|n|\u2606knexhawk2|knexhawk2\n|n|\u2606lowelofunn|lowelofunn\n|n| ronnie.dgaf|ronniedgaf\n|n| Freshiest|freshiest\n|n| htcl|htcl\n|n| xXElTobyXx|xxeltobyxx\n|n| ProXXDev|proxxdev\n|n| icnincieninec|icnincieninec\n|n| VIodyne|viodyne\n|n| hy is garbage|hyisgarbage\n|n| boy_poochie|boypoochie\n|n| yeshahr|yeshahr\n|n| faless|faless\n","uploadtime":1666837740,"views":15,"p1id":"knexhawk2","p2id":"lowelofunn","formatid":"gen8ou","rating":0,"private":0,"password":null}