{"id":"gen8ou-1273174257","p1":"AstaXMimosa","p2":"LolzMachine","format":"gen8ou","log":"|html|<div class=\"broadcast-blue\"><strong>[Gen 8] OU is currently suspecting Spectrier! For information on how to participate check out the <a href=\"https:\/\/www.smogon.com\/forums\/threads\/np-ss-ou-suspect-process-round-9-old-town-road.3676744\/\">suspect thread<\/a>.<\/strong><\/div>\n|j|\u2606AstaXMimosa\n|j|\u2606LolzMachine\n|t:|1612106415\n|player|p1|AstaXMimosa|darach|1576\n|player|p2|LolzMachine|294|1543\n|teamsize|p1|6\n|teamsize|p2|6\n|gametype|singles\n|gen|8\n|tier|[Gen 8] OU\n|rated|\n|clearpoke\n|poke|p1|Landorus-Therian, M|\n|poke|p1|Obstagoon, M|\n|poke|p1|Spectrier|\n|poke|p1|Clefable, F|\n|poke|p1|Moltres|\n|poke|p1|Toxapex, F|\n|poke|p2|Slowbro-Galar, F|\n|poke|p2|Cloyster, M|\n|poke|p2|Togekiss, M|\n|poke|p2|Golurk|\n|poke|p2|Sirfetch\u2019d, F|\n|poke|p2|Jirachi|\n|rule|Sleep Clause Mod: Limit one foe put to sleep\n|rule|Species Clause: Limit one of each Pok\u00e9mon\n|rule|OHKO Clause: OHKO moves are banned\n|rule|Evasion Moves Clause: Evasion moves are banned\n|rule|Endless Battle Clause: Forcing endless battles is banned\n|rule|HP Percentage Mod: HP is shown in percentages\n|rule|Dynamax Clause: You cannot dynamax\n|teampreview\n|j| Les 2BG\n|c|\u2606AstaXMimosa|emvee lol?\n|\n|t:|1612106446\n|start\n|switch|p1a: Clefable|Clefable, F|100\/100\n|switch|p2a: Golurk|Golurk|100\/100\n|turn|1\n|\n|t:|1612106454\n|move|p2a: Golurk|Poltergeist|p1a: Clefable\n|-activate|p1a: Clefable|move: Poltergeist|Leftovers\n|-damage|p1a: Clefable|53\/100\n|move|p1a: Clefable|Moonblast|p2a: Golurk\n|-crit|p2a: Golurk\n|-damage|p2a: Golurk|38\/100\n|-unboost|p2a: Golurk|spa|1\n|\n|-heal|p1a: Clefable|59\/100|[from] item: Leftovers\n|upkeep\n|turn|2\n|\n|t:|1612106458\n|move|p2a: Golurk|Dynamic Punch|p1a: Clefable\n|-resisted|p1a: Clefable\n|-damage|p1a: Clefable|46\/100\n|-start|p1a: Clefable|confusion\n|-activate|p1a: Clefable|confusion\n|move|p1a: Clefable|Moonblast|p2a: Golurk\n|-damage|p2a: Golurk|1\/100\n|-unboost|p2a: Golurk|spa|1\n|\n|-heal|p1a: Clefable|53\/100|[from] item: Leftovers\n|upkeep\n|turn|3\n|\n|t:|1612106464\n|switch|p1a: Toxapex|Toxapex, F|100\/100\n|move|p2a: Golurk|Poltergeist|p1a: Toxapex\n|-activate|p1a: Toxapex|move: Poltergeist|Rocky Helmet\n|-damage|p1a: Toxapex|67\/100\n|\n|upkeep\n|turn|4\n|\n|t:|1612106472\n|move|p2a: Golurk|Stealth Rock|p1a: Toxapex\n|-sidestart|p1: AstaXMimosa|move: Stealth Rock\n|move|p1a: Toxapex|Knock Off|p2a: Golurk\n|-supereffective|p2a: Golurk\n|-damage|p2a: Golurk|0 fnt\n|-enditem|p2a: Golurk|Focus Sash|[from] move: Knock Off|[of] p1a: Toxapex\n|faint|p2a: Golurk\n|\n|upkeep\n|\n|t:|1612106488\n|switch|p2a: Slowbro|Slowbro-Galar, F|100\/100\n|turn|5\n|\n|t:|1612106493\n|switch|p1a: Moltres|Moltres|100\/100\n|move|p2a: Slowbro|Nasty Plot|p2a: Slowbro\n|-boost|p2a: Slowbro|spa|2\n|\n|upkeep\n|turn|6\n|-activate|p2a: Slowbro|ability: Quick Draw\n|\n|t:|1612106498\n|move|p2a: Slowbro|Shell Side Arm|p1a: Moltres\n|-damage|p1a: Moltres|35\/100\n|-hint|Special Shell Side Arm\n|-status|p1a: Moltres|psn\n|move|p1a: Moltres|Mystical Fire|p2a: Slowbro\n|-damage|p2a: Slowbro|60\/100\n|-unboost|p2a: Slowbro|spa|1\n|\n|-damage|p1a: Moltres|22\/100 psn|[from] psn\n|upkeep\n|turn|7\n|\n|t:|1612106504\n|move|p1a: Moltres|Defog|p2a: Slowbro\n|-unboost|p2a: Slowbro|evasion|1\n|-sideend|p1: AstaXMimosa|Stealth Rock|[from] move: Defog|[of] p1a: Moltres\n|move|p2a: Slowbro|Shell Side Arm|p1a: Moltres\n|-damage|p1a: Moltres|0 fnt\n|-hint|Special Shell Side Arm\n|faint|p1a: Moltres\n|\n|upkeep\n|\n|t:|1612106508\n|switch|p1a: Spectrier|Spectrier|100\/100\n|turn|8\n|\n|t:|1612106511\n|move|p1a: Spectrier|Shadow Ball|p2a: Slowbro\n|-supereffective|p2a: Slowbro\n|-damage|p2a: Slowbro|0 fnt\n|faint|p2a: Slowbro\n|-ability|p1a: Spectrier|Grim Neigh|boost\n|-boost|p1a: Spectrier|spa|1\n|\n|upkeep\n|\n|t:|1612106514\n|switch|p2a: Togekiss|Togekiss, M|100\/100\n|turn|9\n|\n|t:|1612106521\n|move|p2a: Togekiss|Air Slash|p1a: Spectrier\n|-damage|p1a: Spectrier|53\/100\n|cant|p1a: Spectrier|flinch\n|\n|upkeep\n|turn|10\n|\n|t:|1612106526\n|switch|p1a: Toxapex|Toxapex, F|99\/100\n|move|p2a: Togekiss|Air Slash|p1a: Toxapex\n|-damage|p1a: Toxapex|67\/100\n|\n|upkeep\n|turn|11\n|\n|t:|1612106533\n|move|p2a: Togekiss|Air Slash|p1a: Toxapex\n|-damage|p1a: Toxapex|38\/100\n|move|p1a: Toxapex|Poison Jab|p2a: Togekiss\n|-supereffective|p2a: Togekiss\n|-crit|p2a: Togekiss\n|-damage|p2a: Togekiss|36\/100\n|\n|upkeep\n|turn|12\n|\n|t:|1612106539\n|switch|p1a: Landorus|Landorus-Therian, M|100\/100\n|-ability|p1a: Landorus|Intimidate|boost\n|-unboost|p2a: Togekiss|atk|1\n|move|p2a: Togekiss|Air Slash|p1a: Landorus\n|-damage|p1a: Landorus|56\/100\n|\n|upkeep\n|turn|13\n|\n|t:|1612106545\n|move|p1a: Landorus|Stone Edge|p2a: Togekiss\n|-supereffective|p2a: Togekiss\n|-damage|p2a: Togekiss|0 fnt\n|faint|p2a: Togekiss\n|\n|upkeep\n|\n|t:|1612106546\n|switch|p2a: Cloyster|Cloyster, M|100\/100\n|turn|14\n|\n|t:|1612106549\n|move|p1a: Landorus|Stone Edge|p2a: Cloyster|[miss]\n|-miss|p1a: Landorus|p2a: Cloyster\n|move|p2a: Cloyster|Shell Smash|p2a: Cloyster\n|-unboost|p2a: Cloyster|def|1\n|-unboost|p2a: Cloyster|spd|1\n|-boost|p2a: Cloyster|atk|2\n|-boost|p2a: Cloyster|spa|2\n|-boost|p2a: Cloyster|spe|2\n|\n|upkeep\n|turn|15\n|\n|t:|1612106551\n|move|p2a: Cloyster|Icicle Spear|p1a: Landorus\n|-supereffective|p1a: Landorus\n|-damage|p1a: Landorus|0 fnt\n|-hitcount|p1a: Landorus|1\n|faint|p1a: Landorus\n|\n|upkeep\n|\n|t:|1612106571\n|switch|p1a: Spectrier|Spectrier|53\/100\n|turn|16\n|\n|t:|1612106584\n|switch|p1a: Toxapex|Toxapex, F|71\/100\n|move|p2a: Cloyster|Icicle Spear|p1a: Toxapex\n|-resisted|p1a: Toxapex\n|-damage|p1a: Toxapex|64\/100\n|-resisted|p1a: Toxapex\n|-damage|p1a: Toxapex|57\/100\n|-resisted|p1a: Toxapex\n|-damage|p1a: Toxapex|50\/100\n|-resisted|p1a: Toxapex\n|-damage|p1a: Toxapex|43\/100\n|-resisted|p1a: Toxapex\n|-damage|p1a: Toxapex|37\/100\n|-hitcount|p1a: Toxapex|5\n|\n|upkeep\n|turn|17\n|\n|t:|1612106590\n|switch|p1a: Clefable|Clefable, F|53\/100\n|move|p2a: Cloyster|Rock Blast|p1a: Clefable|[miss]\n|-miss|p2a: Cloyster|p1a: Clefable\n|\n|-heal|p1a: Clefable|59\/100|[from] item: Leftovers\n|upkeep\n|turn|18\n|\n|t:|1612106598\n|move|p2a: Cloyster|Icicle Spear|p1a: Clefable\n|-damage|p1a: Clefable|41\/100\n|-damage|p1a: Clefable|21\/100\n|-damage|p1a: Clefable|1\/100\n|-damage|p1a: Clefable|0 fnt\n|-hitcount|p1a: Clefable|4\n|faint|p1a: Clefable\n|\n|upkeep\n|l| Les 2BG\n|\n|t:|1612106615\n|switch|p1a: Obstagoon|Obstagoon, M|100\/100\n|turn|19\n|\n|t:|1612106623\n|move|p2a: Cloyster|Icicle Spear|p1a: Obstagoon\n|-damage|p1a: Obstagoon|76\/100\n|-damage|p1a: Obstagoon|51\/100\n|-damage|p1a: Obstagoon|28\/100\n|-crit|p1a: Obstagoon\n|-damage|p1a: Obstagoon|0 fnt\n|-hitcount|p1a: Obstagoon|4\n|faint|p1a: Obstagoon\n|\n|upkeep\n|-message|AstaXMimosa forfeited.\n|\n|win|LolzMachine\n|l|\u2606AstaXMimosa\n||Ladder (probably) updated, but score could not be retrieved (Request timeout).\n","uploadtime":1612106657,"views":7,"p1id":"astaxmimosa","p2id":"lolzmachine","formatid":"gen8ou","rating":0,"private":0,"password":null}