{"id":"gen8ou-1630600866","p1":"N30N3","p2":"LT91BB Raizen","format":"gen8ou","log":"|raw|<div class=\"broadcast-blue\"><strong>This battle is required to be public due to a player having a name starting with 'lt91bb'.<\/div>\n|j|\u2606N30N3\n|j|\u2606LT91BB Raizen\n|t:|1659446537\n|gametype|singles\n|player|p1|N30N3|2|1890\n|player|p2|LT91BB Raizen|#raizen1704|2031\n|teamsize|p1|6\n|teamsize|p2|6\n|gen|8\n|tier|[Gen 8] OU\n|rated|\n|rule|Sleep Clause Mod: Limit one foe put to sleep\n|rule|Species Clause: Limit one of each Pok\u00e9mon\n|rule|OHKO Clause: OHKO moves are banned\n|rule|Evasion Moves Clause: Evasion moves are banned\n|rule|Endless Battle Clause: Forcing endless battles is banned\n|rule|HP Percentage Mod: HP is shown in percentages\n|rule|Dynamax Clause: You cannot dynamax\n|clearpoke\n|poke|p1|Garchomp, F|\n|poke|p1|Moltres-Galar|\n|poke|p1|Melmetal|\n|poke|p1|Urshifu-*, F|\n|poke|p1|Rillaboom, F|\n|poke|p1|Latias, F|\n|poke|p2|Dragapult, M|\n|poke|p2|Zapdos|\n|poke|p2|Urshifu-*, M|\n|poke|p2|Tapu Lele|\n|poke|p2|Landorus-Therian, M|\n|poke|p2|Melmetal|\n|teampreview\n|inactive|Battle timer is ON: inactive players will automatically lose when time's up. (requested by N30N3)\n|\n|t:|1659446549\n|start\n|switch|p1a: Latias|Latias, F|100\/100\n|switch|p2a: Landorus|Landorus-Therian, M, shiny|100\/100\n|-ability|p2a: Landorus|Intimidate|boost\n|-unboost|p1a: Latias|atk|1\n|turn|1\n|j| jhcgjghchnfg\n|\n|t:|1659446552\n|move|p1a: Latias|Draco Meteor|p2a: Landorus\n|-damage|p2a: Landorus|41\/100\n|-unboost|p1a: Latias|spa|2\n|move|p2a: Landorus|Stealth Rock|p1a: Latias\n|-sidestart|p1: N30N3|move: Stealth Rock\n|\n|-heal|p2a: Landorus|47\/100|[from] item: Leftovers\n|upkeep\n|turn|2\n|\n|t:|1659446557\n|switch|p1a: Garchomp|Garchomp, F|100\/100\n|-damage|p1a: Garchomp|94\/100|[from] Stealth Rock\n|move|p2a: Landorus|Knock Off|p1a: Garchomp\n|-damage|p1a: Garchomp|72\/100\n|-damage|p2a: Landorus|35\/100|[from] ability: Rough Skin|[of] p1a: Garchomp\n|-damage|p2a: Landorus|19\/100|[from] item: Rocky Helmet|[of] p1a: Garchomp\n|-enditem|p1a: Garchomp|Rocky Helmet|[from] move: Knock Off|[of] p2a: Landorus\n|\n|-heal|p2a: Landorus|25\/100|[from] item: Leftovers\n|upkeep\n|turn|3\n|\n|t:|1659446562\n|move|p1a: Garchomp|Stealth Rock|p2a: Landorus\n|-sidestart|p2: LT91BB Raizen|move: Stealth Rock\n|move|p2a: Landorus|Earthquake|p1a: Garchomp\n|-damage|p1a: Garchomp|40\/100\n|\n|-heal|p2a: Landorus|31\/100|[from] item: Leftovers\n|upkeep\n|turn|4\n|j| Zubitop\n|\n|t:|1659446567\n|switch|p1a: Rillaboom|Rillaboom, F|100\/100\n|-damage|p1a: Rillaboom|88\/100|[from] Stealth Rock\n|-fieldstart|move: Grassy Terrain|[from] ability: Grassy Surge|[of] p1a: Rillaboom\n|move|p2a: Landorus|Earthquake|p1a: Rillaboom\n|-resisted|p1a: Rillaboom\n|-damage|p1a: Rillaboom|73\/100\n|\n|-heal|p1a: Rillaboom|79\/100|[from] Grassy Terrain\n|-heal|p2a: Landorus|37\/100|[from] item: Leftovers\n|upkeep\n|turn|5\n|\n|t:|1659446574\n|switch|p2a: Zapdos|Zapdos, shiny|100\/100\n|move|p1a: Rillaboom|Wood Hammer|p2a: Zapdos\n|-resisted|p2a: Zapdos\n|-damage|p2a: Zapdos|34\/100\n|-damage|p1a: Rillaboom|60\/100|[from] Recoil\n|\n|-heal|p1a: Rillaboom|66\/100|[from] Grassy Terrain\n|upkeep\n|turn|6\n|\n|t:|1659446582\n|switch|p1a: Latias|Latias, F|100\/100\n|-damage|p1a: Latias|88\/100|[from] Stealth Rock\n|move|p2a: Zapdos|Heat Wave|p1a: Latias\n|-resisted|p1a: Latias\n|-damage|p1a: Latias|73\/100\n|\n|upkeep\n|turn|7\n|\n|t:|1659446586\n|switch|p2a: Melmetal|Melmetal, shiny|100\/100\n|-damage|p2a: Melmetal|94\/100|[from] Stealth Rock\n|move|p1a: Latias|Draco Meteor|p2a: Melmetal\n|-resisted|p2a: Melmetal\n|-damage|p2a: Melmetal|69\/100\n|-unboost|p1a: Latias|spa|2\n|\n|-heal|p2a: Melmetal|75\/100|[from] Grassy Terrain\n|-heal|p2a: Melmetal|81\/100|[from] item: Leftovers\n|upkeep\n|turn|8\n|j| LT91BB Livio\n|\n|t:|1659446592\n|switch|p1a: Garchomp|Garchomp, F|40\/100\n|-damage|p1a: Garchomp|34\/100|[from] Stealth Rock\n|move|p2a: Melmetal|Double Iron Bash|p1a: Garchomp\n|-damage|p1a: Garchomp|9\/100\n|-damage|p2a: Melmetal|69\/100|[from] ability: Rough Skin|[of] p1a: Garchomp\n|-damage|p1a: Garchomp|0 fnt\n|-damage|p2a: Melmetal|56\/100|[from] ability: Rough Skin|[of] p1a: Garchomp\n|faint|p1a: Garchomp\n|-hitcount|p1: Garchomp|2\n|\n|-heal|p2a: Melmetal|63\/100|[from] Grassy Terrain\n|-heal|p2a: Melmetal|69\/100|[from] item: Leftovers\n|-fieldend|move: Grassy Terrain\n|upkeep\n|\n|t:|1659446596\n|switch|p1a: Urshifu|Urshifu-Rapid-Strike, F|100\/100\n|-damage|p1a: Urshifu|94\/100|[from] Stealth Rock\n|turn|9\n|j| LT91BB Ox\n|j| TDR\n|\n|t:|1659446600\n|switch|p2a: Landorus|Landorus-Therian, M, shiny|37\/100\n|-damage|p2a: Landorus|24\/100|[from] Stealth Rock\n|-ability|p2a: Landorus|Intimidate|boost\n|-unboost|p1a: Urshifu|atk|1\n|move|p1a: Urshifu|Close Combat|p2a: Landorus\n|-resisted|p2a: Landorus\n|-damage|p2a: Landorus|4\/100\n|-unboost|p1a: Urshifu|def|1\n|-unboost|p1a: Urshifu|spd|1\n|\n|-heal|p2a: Landorus|10\/100|[from] item: Leftovers\n|upkeep\n|turn|10\n|j| tron bin reaper\n|\n|t:|1659446605\n|switch|p2a: Dragapult|Dragapult, M, shiny|100\/100\n|-damage|p2a: Dragapult|88\/100|[from] Stealth Rock\n|move|p1a: Urshifu|Close Combat|p2a: Dragapult\n|-immune|p2a: Dragapult\n|\n|upkeep\n|turn|11\n|j| LT91BB Poeh\n|\n|t:|1659446608\n|switch|p1a: Melmetal|Melmetal|100\/100\n|-damage|p1a: Melmetal|94\/100|[from] Stealth Rock\n|move|p2a: Dragapult|Shadow Ball|p1a: Melmetal\n|-damage|p1a: Melmetal|54\/100\n|\n|-heal|p1a: Melmetal|60\/100|[from] item: Leftovers\n|upkeep\n|turn|12\n|\n|t:|1659446612\n|switch|p2a: Landorus|Landorus-Therian, M, shiny|10\/100\n|-damage|p2a: Landorus|0 fnt|[from] Stealth Rock\n|faint|p2a: Landorus\n|move|p1a: Melmetal|Double Iron Bash|p2: Landorus|[notarget]\n|-fail|p1a: Melmetal\n|\n|-heal|p1a: Melmetal|66\/100|[from] item: Leftovers\n|upkeep\n|\n|t:|1659446614\n|switch|p2a: Urshifu|Urshifu-Rapid-Strike, M|100\/100\n|-damage|p2a: Urshifu|94\/100|[from] Stealth Rock\n|turn|13\n|\n|t:|1659446617\n|switch|p1a: Latias|Latias, F|73\/100\n|-damage|p1a: Latias|60\/100|[from] Stealth Rock\n|move|p2a: Urshifu|Close Combat|p1a: Latias\n|-resisted|p1a: Latias\n|-damage|p1a: Latias|0 fnt\n|-unboost|p2a: Urshifu|def|1\n|-unboost|p2a: Urshifu|spd|1\n|faint|p1a: Latias\n|\n|upkeep\n|\n|t:|1659446620\n|switch|p1a: Rillaboom|Rillaboom, F|66\/100\n|-damage|p1a: Rillaboom|54\/100|[from] Stealth Rock\n|-fieldstart|move: Grassy Terrain|[from] ability: Grassy Surge|[of] p1a: Rillaboom\n|turn|14\n|\n|t:|1659446625\n|switch|p2a: Zapdos|Zapdos, shiny|34\/100\n|move|p1a: Rillaboom|Swords Dance|p1a: Rillaboom\n|-boost|p1a: Rillaboom|atk|2\n|\n|-heal|p1a: Rillaboom|60\/100|[from] Grassy Terrain\n|upkeep\n|turn|15\n|\n|t:|1659446631\n|move|p1a: Rillaboom|Grassy Glide|p2a: Zapdos\n|-resisted|p2a: Zapdos\n|-damage|p2a: Zapdos|0 fnt\n|-status|p1a: Rillaboom|par|[from] ability: Static|[of] p2a: Zapdos\n|faint|p2a: Zapdos\n|\n|-heal|p1a: Rillaboom|66\/100 par|[from] Grassy Terrain\n|upkeep\n|\n|t:|1659446633\n|switch|p2a: Tapu Lele|Tapu Lele, shiny|100\/100\n|-damage|p2a: Tapu Lele|88\/100|[from] Stealth Rock\n|-fieldstart|move: Psychic Terrain|[from] ability: Psychic Surge|[of] p2a: Tapu Lele\n|turn|16\n|\n|t:|1659446635\n|switch|p1a: Melmetal|Melmetal|66\/100\n|-damage|p1a: Melmetal|60\/100|[from] Stealth Rock\n|move|p2a: Tapu Lele|Moonblast|p1a: Melmetal\n|-resisted|p1a: Melmetal\n|-damage|p1a: Melmetal|42\/100\n|-unboost|p1a: Melmetal|spa|1\n|\n|-heal|p1a: Melmetal|48\/100|[from] item: Leftovers\n|upkeep\n|turn|17\n|\n|t:|1659446640\n|switch|p2a: Urshifu|Urshifu-Rapid-Strike, M|94\/100\n|-damage|p2a: Urshifu|88\/100|[from] Stealth Rock\n|move|p1a: Melmetal|Acid Armor|p1a: Melmetal\n|-boost|p1a: Melmetal|def|2\n|\n|-heal|p1a: Melmetal|54\/100|[from] item: Leftovers\n|upkeep\n|turn|18\n|\n|t:|1659446643\n|move|p2a: Urshifu|Surging Strikes|p1a: Melmetal\n|-crit|p1a: Melmetal\n|-damage|p1a: Melmetal|38\/100\n|-crit|p1a: Melmetal\n|-damage|p1a: Melmetal|21\/100\n|-crit|p1a: Melmetal\n|-damage|p1a: Melmetal|4\/100\n|-hitcount|p1a: Melmetal|3\n|move|p1a: Melmetal|Rest|p1a: Melmetal\n|-status|p1a: Melmetal|slp|[from] move: Rest\n|-heal|p1a: Melmetal|100\/100 slp|[silent]\n|\n|upkeep\n|turn|19\n|\n|t:|1659446648\n|move|p2a: Urshifu|Surging Strikes|p1a: Melmetal\n|-crit|p1a: Melmetal\n|-damage|p1a: Melmetal|83\/100 slp\n|-crit|p1a: Melmetal\n|-damage|p1a: Melmetal|64\/100 slp\n|-crit|p1a: Melmetal\n|-damage|p1a: Melmetal|46\/100 slp\n|-hitcount|p1a: Melmetal|3\n|cant|p1a: Melmetal|slp\n|\n|-heal|p1a: Melmetal|52\/100 slp|[from] item: Leftovers\n|upkeep\n|turn|20\n|j| Fun trading\n|\n|t:|1659446651\n|switch|p1a: Urshifu|Urshifu-Rapid-Strike, F|94\/100\n|-damage|p1a: Urshifu|88\/100|[from] Stealth Rock\n|move|p2a: Urshifu|Surging Strikes|p1a: Urshifu\n|-resisted|p1a: Urshifu\n|-crit|p1a: Urshifu\n|-damage|p1a: Urshifu|73\/100\n|-resisted|p1a: Urshifu\n|-crit|p1a: Urshifu\n|-damage|p1a: Urshifu|56\/100\n|-resisted|p1a: Urshifu\n|-crit|p1a: Urshifu\n|-damage|p1a: Urshifu|40\/100\n|-hitcount|p1a: Urshifu|3\n|\n|-fieldend|move: Psychic Terrain\n|upkeep\n|turn|21\n|\n|t:|1659446656\n|move|p1a: Urshifu|Close Combat|p2a: Urshifu\n|-damage|p2a: Urshifu|26\/100\n|-unboost|p1a: Urshifu|def|1\n|-unboost|p1a: Urshifu|spd|1\n|move|p2a: Urshifu|Surging Strikes|p1a: Urshifu\n|-resisted|p1a: Urshifu\n|-crit|p1a: Urshifu\n|-damage|p1a: Urshifu|15\/100\n|-resisted|p1a: Urshifu\n|-crit|p1a: Urshifu\n|-damage|p1a: Urshifu|0 fnt\n|faint|p1a: Urshifu\n|-hitcount|p1: Urshifu|2\n|\n|upkeep\n|j| LT91BB FustJranco\n|\n|t:|1659446659\n|switch|p1a: Rillaboom|Rillaboom, F|66\/100 par\n|-damage|p1a: Rillaboom|54\/100 par|[from] Stealth Rock\n|-fieldstart|move: Grassy Terrain|[from] ability: Grassy Surge|[of] p1a: Rillaboom\n|turn|22\n|l| Fun trading\n|\n|t:|1659446685\n|switch|p2a: Dragapult|Dragapult, M, shiny|88\/100\n|-damage|p2a: Dragapult|76\/100|[from] Stealth Rock\n|cant|p1a: Rillaboom|par\n|\n|-heal|p2a: Dragapult|82\/100|[from] Grassy Terrain\n|-heal|p1a: Rillaboom|60\/100 par|[from] Grassy Terrain\n|upkeep\n|turn|23\n|\n|t:|1659446694\n|switch|p1a: Moltres|Moltres-Galar|100\/100\n|-damage|p1a: Moltres|76\/100|[from] Stealth Rock\n|move|p2a: Dragapult|Flamethrower|p1a: Moltres\n|-damage|p1a: Moltres|41\/100\n|-ability|p1a: Moltres|Berserk|boost\n|-boost|p1a: Moltres|spa|1\n|\n|-heal|p2a: Dragapult|88\/100|[from] Grassy Terrain\n|upkeep\n|turn|24\n|\n|t:|1659446697\n|move|p2a: Dragapult|Flamethrower|p1a: Moltres\n|-damage|p1a: Moltres|5\/100\n|move|p1a: Moltres|Rest|p1a: Moltres\n|-status|p1a: Moltres|slp|[from] move: Rest\n|-heal|p1a: Moltres|100\/100 slp|[silent]\n|-enditem|p1a: Moltres|Chesto Berry|[eat]\n|-curestatus|p1a: Moltres|slp|[msg]\n|\n|-heal|p2a: Dragapult|94\/100|[from] Grassy Terrain\n|upkeep\n|turn|25\n|\n|t:|1659446702\n|move|p2a: Dragapult|Flamethrower|p1a: Moltres\n|-damage|p1a: Moltres|62\/100\n|move|p1a: Moltres|Fiery Wrath|p2a: Dragapult\n|-supereffective|p2a: Dragapult\n|-damage|p2a: Dragapult|0 fnt\n|faint|p2a: Dragapult\n|\n|upkeep\n|\n|t:|1659446705\n|switch|p2a: Tapu Lele|Tapu Lele, shiny|88\/100\n|-damage|p2a: Tapu Lele|76\/100|[from] Stealth Rock\n|-fieldstart|move: Psychic Terrain|[from] ability: Psychic Surge|[of] p2a: Tapu Lele\n|turn|26\n|j| nigel\n|l| nigel\n|j| ivehadenoughshit\n|\n|t:|1659446725\n|move|p2a: Tapu Lele|Moonblast|p1a: Moltres\n|-supereffective|p1a: Moltres\n|-damage|p1a: Moltres|0 fnt\n|faint|p1a: Moltres\n|\n|upkeep\n|j| LT91BB xdRudi\n|l| tron bin reaper\n|j| Trickster7\n|\n|t:|1659446739\n|switch|p1a: Rillaboom|Rillaboom, F|60\/100 par\n|-damage|p1a: Rillaboom|48\/100 par|[from] Stealth Rock\n|-fieldstart|move: Grassy Terrain|[from] ability: Grassy Surge|[of] p1a: Rillaboom\n|turn|27\n|j| LT91BB Darkred\n|j| Venositile\n|\n|t:|1659446743\n|switch|p2a: Melmetal|Melmetal, shiny|69\/100\n|-damage|p2a: Melmetal|63\/100|[from] Stealth Rock\n|move|p1a: Rillaboom|Grassy Glide|p2a: Melmetal\n|-resisted|p2a: Melmetal\n|-crit|p2a: Melmetal\n|-damage|p2a: Melmetal|34\/100\n|\n|-heal|p1a: Rillaboom|54\/100 par|[from] Grassy Terrain\n|-heal|p2a: Melmetal|40\/100|[from] Grassy Terrain\n|-heal|p2a: Melmetal|46\/100|[from] item: Leftovers\n|upkeep\n|turn|28\n|j| chokst du\n|\n|t:|1659446746\n|switch|p1a: Melmetal|Melmetal|52\/100 slp\n|-damage|p1a: Melmetal|46\/100 slp|[from] Stealth Rock\n|move|p2a: Melmetal|Double Iron Bash|p1a: Melmetal\n|-resisted|p1a: Melmetal\n|-damage|p1a: Melmetal|35\/100 slp\n|-resisted|p1a: Melmetal\n|-damage|p1a: Melmetal|23\/100 slp\n|-hitcount|p1a: Melmetal|2\n|\n|-heal|p2a: Melmetal|52\/100|[from] Grassy Terrain\n|-heal|p2a: Melmetal|59\/100|[from] item: Leftovers\n|-heal|p1a: Melmetal|30\/100 slp|[from] Grassy Terrain\n|-heal|p1a: Melmetal|36\/100 slp|[from] item: Leftovers\n|upkeep\n|turn|29\n|j| LT91BB xray\n|l| chokst du\n|j| Cocomelon Esports\n|\n|t:|1659446751\n|switch|p2a: Urshifu|Urshifu-Rapid-Strike, M|26\/100\n|-damage|p2a: Urshifu|20\/100|[from] Stealth Rock\n|cant|p1a: Melmetal|slp\n|\n|-heal|p2a: Urshifu|26\/100|[from] Grassy Terrain\n|-heal|p1a: Melmetal|42\/100 slp|[from] Grassy Terrain\n|-heal|p1a: Melmetal|48\/100 slp|[from] item: Leftovers\n|upkeep\n|turn|30\n|j| Nauxus\n|j|+Perry\n|-message|N30N3 forfeited.\n|\n|win|LT91BB Raizen\n|raw|N30N3's rating: 1890 &rarr; <strong>1878<\/strong><br \/>(-12 for losing)\n|raw|LT91BB Raizen's rating: 2031 &rarr; <strong>2043<\/strong><br \/>(+12 for winning)\n|l|\u2606N30N3\n|c|\u2606LT91BB Raizen|gg\n|l| LT91BB FustJranco\n|j| LT91BB acr1\n|l| Cocomelon Esports\n|j| LT91BB Ahsan\n|l| ivehadenoughshit\n|j| Helllllllllo glhf\n|l| LT91BB Ahsan\n|l| jhcgjghchnfg\n|l| Trickster7\n|l|+Perry\n|l| TDR\n|l| LT91BB Darkred\n|j| LT91BB LA BOMBA\n|j| Zirpurze\n||Ladder isn't responding, score probably updated but might not have (Request timeout).\n","uploadtime":1659446765,"views":64,"p1id":"n30n3","p2id":"lt91bbraizen","formatid":"gen8ou","rating":1878,"private":0,"password":null}