{"id":"gen8ou-1167578318","p1":"LT71LX Ewin","p2":"roboPOKE","format":"gen8ou","log":"|raw|<div class=\"broadcast-blue\"><strong>This battle is required to be public due to a player having a name prefixed by 'LT71LX'.<\/div>\n|j|\u2606LT71LX Ewin\n|j|\u2606roboPOKE\n|t:|1597234171\n|player|p1|LT71LX Ewin|waitress|1938\n|player|p2|roboPOKE|2|1866\n|teamsize|p1|6\n|teamsize|p2|6\n|gametype|singles\n|gen|8\n|tier|[Gen 8] OU\n|rated|\n|clearpoke\n|poke|p1|Krookodile, F|\n|poke|p1|Gengar, F|\n|poke|p1|Mew|\n|poke|p1|Conkeldurr, F|\n|poke|p1|Rillaboom, M|\n|poke|p1|Dragapult, F|\n|poke|p2|Urshifu-*, F|\n|poke|p2|Rillaboom, F|\n|poke|p2|Togekiss, F|\n|poke|p2|Skarmory, M|\n|poke|p2|Hawlucha, F|\n|poke|p2|Clefable, M|\n|rule|Sleep Clause Mod: Limit one foe put to sleep\n|rule|Species Clause: Limit one of each Pok\u00e9mon\n|rule|OHKO Clause: OHKO moves are banned\n|rule|Evasion Moves Clause: Evasion moves are banned\n|rule|Endless Battle Clause: Forcing endless battles is banned\n|rule|HP Percentage Mod: HP is shown in percentages\n|rule|Dynamax Clause: You cannot dynamax\n|teampreview\n|j| Alexander\n|j| Frogtaco\n|j| Lopunny kicks\n|inactive|Battle timer is ON: inactive players will automatically lose when time's up. (requested by roboPOKE)\n|l| Alexander\n|\n|t:|1597234181\n|start\n|switch|p1a: Krookodile|Krookodile, F|100\/100\n|switch|p2a: Togekiss|Togekiss, F|100\/100\n|-ability|p1a: Krookodile|Intimidate|boost\n|-unboost|p2a: Togekiss|atk|1\n|turn|1\n|j| Serene Grace\n|j|+Primal Unova\n|\n|t:|1597234185\n|move|p2a: Togekiss|Air Slash|p1a: Krookodile\n|-damage|p1a: Krookodile|53\/100\n|move|p1a: Krookodile|Knock Off|p2a: Togekiss\n|-resisted|p2a: Togekiss\n|-damage|p2a: Togekiss|73\/100\n|-enditem|p2a: Togekiss|Choice Scarf|[from] move: Knock Off|[of] p1a: Krookodile\n|\n|upkeep\n|turn|2\n|\n|t:|1597234189\n|move|p1a: Krookodile|Stealth Rock|p2a: Togekiss\n|-sidestart|p2: roboPOKE|move: Stealth Rock\n|move|p2a: Togekiss|Air Slash|p1a: Krookodile\n|-damage|p1a: Krookodile|2\/100\n|\n|upkeep\n|turn|3\n|j| Xasah\u2764\ufe0eBae\n|\n|t:|1597234198\n|switch|p2a: Hawlucha|Hawlucha, F|100\/100\n|-damage|p2a: Hawlucha|88\/100|[from] Stealth Rock\n|move|p1a: Krookodile|Knock Off|p2a: Hawlucha\n|-resisted|p2a: Hawlucha\n|-damage|p2a: Hawlucha|57\/100\n|-enditem|p2a: Hawlucha|Grassy Seed|[from] move: Knock Off|[of] p1a: Krookodile\n|\n|upkeep\n|turn|4\n|l| Xasah\u2764\ufe0eBae\n|j| LT71LX Rebirth\n|\n|t:|1597234202\n|move|p2a: Hawlucha|Swords Dance|p2a: Hawlucha\n|-boost|p2a: Hawlucha|atk|2\n|move|p1a: Krookodile|Knock Off|p2a: Hawlucha\n|-resisted|p2a: Hawlucha\n|-damage|p2a: Hawlucha|38\/100\n|\n|upkeep\n|turn|5\n|\n|t:|1597234204\n|move|p2a: Hawlucha|Acrobatics|p1a: Krookodile\n|-damage|p1a: Krookodile|0 fnt\n|faint|p1a: Krookodile\n|\n|upkeep\n|\n|t:|1597234208\n|switch|p1a: Rillaboom|Rillaboom, M|100\/100\n|-fieldstart|move: Grassy Terrain|[from] ability: Grassy Surge|[of] p1a: Rillaboom\n|turn|6\n|j| LT71LXMegaVictinii\n|\n|t:|1597234210\n|move|p1a: Rillaboom|Grassy Glide|p2a: Hawlucha\n|-resisted|p2a: Hawlucha\n|-damage|p2a: Hawlucha|0 fnt\n|faint|p2a: Hawlucha\n|\n|upkeep\n|\n|t:|1597234212\n|switch|p2a: Skarmory|Skarmory, M|100\/100\n|-damage|p2a: Skarmory|88\/100|[from] Stealth Rock\n|turn|7\n|\n|t:|1597234215\n|switch|p1a: Mew|Mew|100\/100\n|move|p2a: Skarmory|Stealth Rock|p1a: Mew\n|-sidestart|p1: LT71LX Ewin|move: Stealth Rock\n|\n|upkeep\n|turn|8\n|\n|t:|1597234218\n|move|p1a: Mew|Nasty Plot|p1a: Mew\n|-boost|p1a: Mew|spa|2\n|move|p2a: Skarmory|Taunt|p1a: Mew\n|-start|p1a: Mew|move: Taunt\n|\n|upkeep\n|turn|9\n|\n|t:|1597234222\n|move|p1a: Mew|Flamethrower|p2a: Skarmory\n|-supereffective|p2a: Skarmory\n|-damage|p2a: Skarmory|0 fnt\n|faint|p2a: Skarmory\n|\n|upkeep\n|\n|t:|1597234225\n|switch|p2a: Urshifu|Urshifu, F|100\/100\n|-damage|p2a: Urshifu|94\/100|[from] Stealth Rock\n|turn|10\n|j|+playerW17\n|\n|t:|1597234227\n|move|p2a: Urshifu|Sucker Punch|p1a: Mew\n|-supereffective|p1a: Mew\n|-damage|p1a: Mew|10\/100\n|-damage|p2a: Urshifu|84\/100|[from] item: Life Orb\n|move|p1a: Mew|Draining Kiss|p2a: Urshifu\n|-supereffective|p2a: Urshifu\n|-damage|p2a: Urshifu|0 fnt\n|-heal|p1a: Mew|74\/100|[from] drain|[of] p2a: Urshifu\n|faint|p2a: Urshifu\n|\n|-heal|p1a: Mew|80\/100|[from] Grassy Terrain\n|-fieldend|move: Grassy Terrain\n|upkeep\n|j| LT71LX Jacked\n|j| Zygarde\n|j| thele\n|\n|t:|1597234242\n|switch|p2a: Clefable|Clefable, M|100\/100\n|turn|11\n|j| Lt71lx Ox\n|\n|t:|1597234245\n|move|p1a: Mew|Psyshock|p2a: Clefable\n|-damage|p2a: Clefable|41\/100\n|move|p2a: Clefable|Moonblast|p1a: Mew\n|-damage|p1a: Mew|47\/100\n|\n|-heal|p2a: Clefable|47\/100|[from] item: Leftovers\n|-end|p1a: Mew|move: Taunt\n|upkeep\n|turn|12\n|j| LT71LX PK\n|\n|t:|1597234249\n|move|p1a: Mew|Draining Kiss|p2a: Clefable\n|-crit|p2a: Clefable\n|-damage|p2a: Clefable|3\/100\n|-heal|p1a: Mew|86\/100|[from] drain|[of] p2a: Clefable\n|move|p2a: Clefable|Soft-Boiled|p2a: Clefable\n|-heal|p2a: Clefable|53\/100\n|\n|-heal|p2a: Clefable|59\/100|[from] item: Leftovers\n|upkeep\n|turn|13\n|j| Trickster7\n|\n|t:|1597234253\n|move|p1a: Mew|Nasty Plot|p1a: Mew\n|-boost|p1a: Mew|spa|2\n|move|p2a: Clefable|Soft-Boiled|p2a: Clefable\n|-heal|p2a: Clefable|100\/100\n|\n|upkeep\n|turn|14\n|\n|t:|1597234254\n|move|p1a: Mew|Nasty Plot|p1a: Mew\n|-boost|p1a: Mew|spa|2\n|move|p2a: Clefable|Moonblast|p1a: Mew\n|-damage|p1a: Mew|55\/100\n|\n|upkeep\n|turn|15\n|\n|t:|1597234256\n|switch|p2a: Togekiss|Togekiss, F|73\/100\n|-damage|p2a: Togekiss|48\/100|[from] Stealth Rock\n|move|p1a: Mew|Draining Kiss|p2a: Togekiss\n|-damage|p2a: Togekiss|0 fnt\n|-heal|p1a: Mew|88\/100|[from] drain|[of] p2a: Togekiss\n|faint|p2a: Togekiss\n|\n|upkeep\n|\n|t:|1597234259\n|switch|p2a: Clefable|Clefable, M|100\/100\n|turn|16\n|\n|t:|1597234261\n|move|p1a: Mew|Psyshock|p2a: Clefable\n|-damage|p2a: Clefable|0 fnt\n|faint|p2a: Clefable\n|\n|upkeep\n|\n|t:|1597234263\n|switch|p2a: Rillaboom|Rillaboom, F|100\/100\n|-damage|p2a: Rillaboom|88\/100|[from] Stealth Rock\n|-fieldstart|move: Grassy Terrain|[from] ability: Grassy Surge|[of] p2a: Rillaboom\n|turn|17\n|j| reje\n|\n|t:|1597234267\n|move|p2a: Rillaboom|Grassy Glide|p1a: Mew\n|-crit|p1a: Mew\n|-damage|p1a: Mew|0 fnt\n|-damage|p2a: Rillaboom|78\/100|[from] item: Life Orb\n|faint|p1a: Mew\n|\n|-heal|p2a: Rillaboom|84\/100|[from] Grassy Terrain\n|upkeep\n|\n|t:|1597234273\n|switch|p1a: Gengar|Gengar, F|100\/100\n|-damage|p1a: Gengar|88\/100|[from] Stealth Rock\n|turn|18\n|\n|t:|1597234275\n|move|p2a: Rillaboom|Grassy Glide|p1a: Gengar\n|-resisted|p1a: Gengar\n|-damage|p1a: Gengar|20\/100\n|-damage|p2a: Rillaboom|74\/100|[from] item: Life Orb\n|move|p1a: Gengar|Sludge Wave|p2a: Rillaboom\n|-supereffective|p2a: Rillaboom\n|-damage|p2a: Rillaboom|0 fnt\n|faint|p2a: Rillaboom\n|\n|win|LT71LX Ewin\n|l|\u2606LT71LX Ewin\n|l|\u2606roboPOKE\n|j| Maxouille\n|raw|LT71LX Ewin's rating: 1938 &rarr; <strong>1954<\/strong><br \/>(+16 for winning)\n|raw|roboPOKE's rating: 1866 &rarr; <strong>1850<\/strong><br \/>(-16 for losing)\n|l| LT71LXMegaVictinii\n|l| Trickster7\n|l| LT71LX Jacked\n|l|+playerW17\n|l| Lopunny kicks\n|l| thele\n","uploadtime":1597234322,"views":63,"p1id":"lt71lxewin","p2id":"robopoke","formatid":"gen8ou","rating":1850,"private":0,"password":null}