{"id":"gen8ou-1702275654","p1":"Hgfhhfghfff","p2":"minimax_ai","format":"gen8ou","log":"|j|\u2606Hgfhhfghfff\n|j|\u2606minimax_ai\n|t:|1667528464\n|gametype|singles\n|player|p1|Hgfhhfghfff|266|1604\n|player|p2|minimax_ai|lusamine-nihilego|1588\n|teamsize|p1|6\n|teamsize|p2|6\n|gen|8\n|tier|[Gen 8] OU\n|rated|\n|rule|Sleep Clause Mod: Limit one foe put to sleep\n|rule|Species Clause: Limit one of each Pok\u00e9mon\n|rule|OHKO Clause: OHKO moves are banned\n|rule|Evasion Items Clause: Evasion items are banned\n|rule|Evasion Moves Clause: Evasion moves are banned\n|rule|Endless Battle Clause: Forcing endless battles is banned\n|rule|HP Percentage Mod: HP is shown in percentages\n|rule|Dynamax Clause: You cannot dynamax\n|clearpoke\n|poke|p1|Jirachi|\n|poke|p1|Diancie|\n|poke|p1|Keldeo|\n|poke|p1|Haxorus, F|\n|poke|p1|Rillaboom, M|\n|poke|p1|Emolga, F|\n|poke|p2|Rotom-Wash|\n|poke|p2|Weavile, F|\n|poke|p2|Landorus-Therian, M|\n|poke|p2|Heatran, M|\n|poke|p2|Tangrowth, F|\n|poke|p2|Melmetal|\n|teampreview\n|c|\u2606minimax_ai|hf\n|inactive|Battle timer is ON: inactive players will automatically lose when time's up. (requested by minimax_ai)\n|\n|t:|1667528471\n|start\n|switch|p1a: Keldeo|Keldeo|100\/100\n|switch|p2a: Melmetal|Melmetal|100\/100\n|turn|1\n|\n|t:|1667528477\n|switch|p1a: Emolga|Emolga, F|100\/100\n|move|p2a: Melmetal|Thunder Punch|p1a: Emolga\n|-ability|p1a: Emolga|Motor Drive|boost\n|-boost|p1a: Emolga|spe|1\n|\n|upkeep\n|turn|2\n|\n|t:|1667528483\n|move|p1a: Emolga|Nuzzle|p2a: Melmetal\n|-damage|p2a: Melmetal|98\/100\n|-status|p2a: Melmetal|par\n|move|p2a: Melmetal|Double Iron Bash|p1a: Emolga\n|-resisted|p1a: Emolga\n|-damage|p1a: Emolga|77\/100\n|-resisted|p1a: Emolga\n|-damage|p1a: Emolga|54\/100\n|-hitcount|p1a: Emolga|2\n|\n|upkeep\n|turn|3\n|\n|t:|1667528492\n|move|p1a: Emolga|Roost|p1a: Emolga\n|-heal|p1a: Emolga|100\/100\n|-singleturn|p1a: Emolga|move: Roost\n|cant|p2a: Melmetal|par\n|\n|upkeep\n|turn|4\n|\n|t:|1667528495\n|move|p1a: Emolga|Volt Switch|p2a: Melmetal\n|-damage|p2a: Melmetal|88\/100 par\n|\n|t:|1667528503\n|switch|p1a: Keldeo|Keldeo|100\/100|[from]move: Volt Switch\n|move|p2a: Melmetal|Double Iron Bash|p1a: Keldeo\n|-resisted|p1a: Keldeo\n|-damage|p1a: Keldeo|77\/100\n|-resisted|p1a: Keldeo\n|-damage|p1a: Keldeo|55\/100\n|-hitcount|p1a: Keldeo|2\n|\n|-heal|p1a: Keldeo|61\/100|[from] item: Leftovers\n|upkeep\n|turn|5\n|\n|t:|1667528511\n|switch|p1a: Emolga|Emolga, F|100\/100\n|move|p2a: Melmetal|Double Iron Bash|p1a: Emolga\n|-resisted|p1a: Emolga\n|-damage|p1a: Emolga|79\/100\n|-resisted|p1a: Emolga\n|-damage|p1a: Emolga|58\/100\n|-hitcount|p1a: Emolga|2\n|\n|upkeep\n|turn|6\n|j| Pokemon Perfection\n|\n|t:|1667528518\n|move|p1a: Emolga|Roost|p1a: Emolga\n|-heal|p1a: Emolga|100\/100\n|-singleturn|p1a: Emolga|move: Roost\n|move|p2a: Melmetal|Double Iron Bash|p1a: Emolga\n|-resisted|p1a: Emolga\n|-damage|p1a: Emolga|79\/100\n|-resisted|p1a: Emolga\n|-damage|p1a: Emolga|58\/100\n|-hitcount|p1a: Emolga|2\n|\n|upkeep\n|turn|7\n|\n|t:|1667528525\n|move|p1a: Emolga|Roost|p1a: Emolga\n|-heal|p1a: Emolga|100\/100\n|-singleturn|p1a: Emolga|move: Roost\n|cant|p2a: Melmetal|par\n|\n|upkeep\n|turn|8\n|\n|t:|1667528534\n|move|p1a: Emolga|Nuzzle|p2a: Melmetal\n|-damage|p2a: Melmetal|85\/100 par\n|cant|p2a: Melmetal|par\n|\n|upkeep\n|turn|9\n|\n|t:|1667528539\n|move|p1a: Emolga|Nuzzle|p2a: Melmetal\n|-damage|p2a: Melmetal|82\/100 par\n|move|p2a: Melmetal|Double Iron Bash|p1a: Emolga\n|-resisted|p1a: Emolga\n|-damage|p1a: Emolga|78\/100\n|-resisted|p1a: Emolga\n|-damage|p1a: Emolga|56\/100\n|-hitcount|p1a: Emolga|2\n|\n|upkeep\n|turn|10\n|\n|t:|1667528544\n|move|p1a: Emolga|Roost|p1a: Emolga\n|-heal|p1a: Emolga|100\/100\n|-singleturn|p1a: Emolga|move: Roost\n|move|p2a: Melmetal|Double Iron Bash|p1a: Emolga\n|-resisted|p1a: Emolga\n|-damage|p1a: Emolga|80\/100\n|-resisted|p1a: Emolga\n|-damage|p1a: Emolga|58\/100\n|-hitcount|p1a: Emolga|2\n|\n|upkeep\n|turn|11\n|\n|t:|1667528548\n|move|p1a: Emolga|Roost|p1a: Emolga\n|-heal|p1a: Emolga|100\/100\n|-singleturn|p1a: Emolga|move: Roost\n|cant|p2a: Melmetal|par\n|\n|upkeep\n|turn|12\n|\n|t:|1667528554\n|move|p1a: Emolga|Nuzzle|p2a: Melmetal\n|-damage|p2a: Melmetal|79\/100 par\n|move|p2a: Melmetal|Double Iron Bash|p1a: Emolga\n|-resisted|p1a: Emolga\n|-damage|p1a: Emolga|79\/100\n|-resisted|p1a: Emolga\n|-damage|p1a: Emolga|58\/100\n|-hitcount|p1a: Emolga|2\n|\n|upkeep\n|turn|13\n|\n|t:|1667528559\n|move|p1a: Emolga|Roost|p1a: Emolga\n|-heal|p1a: Emolga|100\/100\n|-singleturn|p1a: Emolga|move: Roost\n|cant|p2a: Melmetal|par\n|\n|upkeep\n|turn|14\n|inactive|Hgfhhfghfff has 120 seconds left.\n|inactive|Hgfhhfghfff has 90 seconds left.\n|\n|t:|1667528629\n|move|p1a: Emolga|Nuzzle|p2a: Melmetal\n|-damage|p2a: Melmetal|76\/100 par\n|move|p2a: Melmetal|Double Iron Bash|p1a: Emolga\n|-resisted|p1a: Emolga\n|-crit|p1a: Emolga\n|-damage|p1a: Emolga|67\/100\n|-resisted|p1a: Emolga\n|-damage|p1a: Emolga|47\/100\n|-hitcount|p1a: Emolga|2\n|\n|upkeep\n|turn|15\n|inactive|Hgfhhfghfff has 90 seconds left.\n|\n|t:|1667528635\n|move|p1a: Emolga|Roost|p1a: Emolga\n|-heal|p1a: Emolga|97\/100\n|-singleturn|p1a: Emolga|move: Roost\n|move|p2a: Melmetal|Ice Punch|p1a: Emolga\n|-crit|p1a: Emolga\n|-damage|p1a: Emolga|45\/100\n|\n|upkeep\n|turn|16\n|\n|t:|1667528643\n|move|p1a: Emolga|Roost|p1a: Emolga\n|-heal|p1a: Emolga|95\/100\n|-singleturn|p1a: Emolga|move: Roost\n|move|p2a: Melmetal|Ice Punch|p1a: Emolga\n|-damage|p1a: Emolga|59\/100\n|\n|upkeep\n|turn|17\n|\n|t:|1667528651\n|move|p1a: Emolga|Volt Switch|p2a: Melmetal\n|-damage|p2a: Melmetal|67\/100 par\n|\n|t:|1667528656\n|switch|p1a: Jirachi|Jirachi|100\/100|[from]move: Volt Switch\n|move|p2a: Melmetal|Ice Punch|p1a: Jirachi\n|-resisted|p1a: Jirachi\n|-damage|p1a: Jirachi|86\/100\n|\n|-heal|p1a: Jirachi|92\/100|[from] item: Leftovers\n|upkeep\n|turn|18\n|\n|t:|1667528663\n|move|p1a: Jirachi|Stealth Rock|p2a: Melmetal\n|-sidestart|p2: minimax_ai|move: Stealth Rock\n|move|p2a: Melmetal|Thunder Punch|p1a: Jirachi\n|-damage|p1a: Jirachi|62\/100\n|-status|p1a: Jirachi|par\n|\n|-heal|p1a: Jirachi|68\/100 par|[from] item: Leftovers\n|upkeep\n|turn|19\n|\n|t:|1667528669\n|move|p1a: Jirachi|Iron Head|p2a: Melmetal\n|-resisted|p2a: Melmetal\n|-damage|p2a: Melmetal|58\/100 par\n|cant|p2a: Melmetal|flinch\n|\n|-heal|p1a: Jirachi|74\/100 par|[from] item: Leftovers\n|upkeep\n|turn|20\n|inactive|Hgfhhfghfff has 120 seconds left.\n|\n|t:|1667528674\n|move|p1a: Jirachi|Iron Head|p2a: Melmetal\n|-resisted|p2a: Melmetal\n|-damage|p2a: Melmetal|51\/100 par\n|cant|p2a: Melmetal|flinch\n|\n|-heal|p1a: Jirachi|80\/100 par|[from] item: Leftovers\n|upkeep\n|turn|21\n|\n|t:|1667528679\n|move|p1a: Jirachi|Iron Head|p2a: Melmetal\n|-resisted|p2a: Melmetal\n|-damage|p2a: Melmetal|42\/100 par\n|move|p2a: Melmetal|Ice Punch|p1a: Jirachi\n|-resisted|p1a: Jirachi\n|-damage|p1a: Jirachi|66\/100 par\n|\n|-heal|p1a: Jirachi|72\/100 par|[from] item: Leftovers\n|upkeep\n|turn|22\n|\n|t:|1667528682\n|move|p1a: Jirachi|Iron Head|p2a: Melmetal\n|-resisted|p2a: Melmetal\n|-crit|p2a: Melmetal\n|-damage|p2a: Melmetal|31\/100 par\n|cant|p2a: Melmetal|par\n|\n|-heal|p1a: Jirachi|78\/100 par|[from] item: Leftovers\n|upkeep\n|turn|23\n|\n|t:|1667528686\n|move|p1a: Jirachi|Iron Head|p2a: Melmetal\n|-resisted|p2a: Melmetal\n|-damage|p2a: Melmetal|24\/100 par\n|cant|p2a: Melmetal|flinch\n|\n|-heal|p1a: Jirachi|84\/100 par|[from] item: Leftovers\n|upkeep\n|turn|24\n|\n|t:|1667528692\n|move|p1a: Jirachi|Iron Head|p2a: Melmetal\n|-resisted|p2a: Melmetal\n|-damage|p2a: Melmetal|16\/100 par\n|cant|p2a: Melmetal|flinch\n|\n|-heal|p1a: Jirachi|90\/100 par|[from] item: Leftovers\n|upkeep\n|turn|25\n|\n|t:|1667528697\n|move|p1a: Jirachi|Iron Head|p2a: Melmetal\n|-resisted|p2a: Melmetal\n|-damage|p2a: Melmetal|9\/100 par\n|cant|p2a: Melmetal|flinch\n|\n|-heal|p1a: Jirachi|96\/100 par|[from] item: Leftovers\n|upkeep\n|turn|26\n|\n|t:|1667528700\n|move|p1a: Jirachi|Iron Head|p2a: Melmetal\n|-resisted|p2a: Melmetal\n|-damage|p2a: Melmetal|1\/100 par\n|cant|p2a: Melmetal|flinch\n|\n|-heal|p1a: Jirachi|100\/100 par|[from] item: Leftovers\n|upkeep\n|turn|27\n|\n|t:|1667528704\n|move|p1a: Jirachi|U-turn|p2a: Melmetal\n|-resisted|p2a: Melmetal\n|-damage|p2a: Melmetal|0 fnt\n|faint|p2a: Melmetal\n|\n|t:|1667528711\n|switch|p1a: Keldeo|Keldeo|61\/100|[from]move: U-turn\n|\n|-heal|p1a: Keldeo|67\/100|[from] item: Leftovers\n|upkeep\n|\n|t:|1667528711\n|switch|p2a: Tangrowth|Tangrowth, F|100\/100\n|-damage|p2a: Tangrowth|88\/100|[from] Stealth Rock\n|turn|28\n|\n|t:|1667528719\n|switch|p1a: Emolga|Emolga, F|59\/100\n|move|p2a: Tangrowth|Giga Drain|p1a: Emolga\n|-resisted|p1a: Emolga\n|-damage|p1a: Emolga|37\/100\n|-heal|p2a: Tangrowth|97\/100|[from] drain|[of] p1a: Emolga\n|\n|upkeep\n|turn|29\n|\n|t:|1667528725\n|move|p1a: Emolga|Nuzzle|p2a: Tangrowth\n|-resisted|p2a: Tangrowth\n|-damage|p2a: Tangrowth|95\/100\n|-status|p2a: Tangrowth|par\n|-damage|p1a: Emolga|21\/100|[from] item: Rocky Helmet|[of] p2a: Tangrowth\n|cant|p2a: Tangrowth|par\n|\n|upkeep\n|turn|30\n|\n|t:|1667528728\n|move|p1a: Emolga|Roost|p1a: Emolga\n|-heal|p1a: Emolga|71\/100\n|-singleturn|p1a: Emolga|move: Roost\n|move|p2a: Tangrowth|Knock Off|p1a: Emolga\n|-damage|p1a: Emolga|44\/100\n|-enditem|p1a: Emolga|Heavy-Duty Boots|[from] move: Knock Off|[of] p2a: Tangrowth\n|\n|upkeep\n|turn|31\n|\n|t:|1667528735\n|switch|p2a: landorustherian|Landorus-Therian, M|100\/100\n|-damage|p2a: landorustherian|88\/100|[from] Stealth Rock\n|-ability|p2a: landorustherian|Intimidate|boost\n|-unboost|p1a: Emolga|atk|1\n|move|p1a: Emolga|Roost|p1a: Emolga\n|-heal|p1a: Emolga|94\/100\n|-singleturn|p1a: Emolga|move: Roost\n|\n|-heal|p2a: landorustherian|94\/100|[from] item: Leftovers\n|upkeep\n|turn|32\n|\n|t:|1667528738\n|move|p1a: Emolga|Nuzzle|p2a: landorustherian\n|-immune|p2a: landorustherian\n|move|p2a: landorustherian|Toxic|p1a: Emolga|[miss]\n|-miss|p2a: landorustherian|p1a: Emolga\n|\n|-heal|p2a: landorustherian|99\/100|[from] item: Leftovers\n|upkeep\n|turn|33\n|\n|t:|1667528747\n|switch|p1a: Jirachi|Jirachi|100\/100 par\n|move|p2a: landorustherian|Toxic||[still]\n|-fail|p2a: landorustherian\n|\n|-heal|p2a: landorustherian|100\/100|[from] item: Leftovers\n|upkeep\n|turn|34\n|\n|t:|1667528753\n|switch|p1a: Rillaboom|Rillaboom, M|100\/100\n|-fieldstart|move: Grassy Terrain|[from] ability: Grassy Surge|[of] p1a: Rillaboom\n|move|p2a: landorustherian|Defog|p1a: Rillaboom\n|-unboost|p1a: Rillaboom|evasion|1\n|-sideend|p2: minimax_ai|Stealth Rock|[from] move: Defog|[of] p2a: landorustherian\n|-fieldend|move: Grassy Terrain\n|\n|upkeep\n|turn|35\n|\n|t:|1667528762\n|move|p1a: Rillaboom|Knock Off|p2a: landorustherian\n|-damage|p2a: landorustherian|68\/100\n|-enditem|p2a: landorustherian|Leftovers|[from] move: Knock Off|[of] p1a: Rillaboom\n|move|p2a: landorustherian|U-turn|p1a: Rillaboom\n|-supereffective|p1a: Rillaboom\n|-damage|p1a: Rillaboom|52\/100\n|\n|t:|1667528762\n|switch|p2a: Weavile|Weavile, F|100\/100|[from]move: U-turn\n|-ability|p2a: Weavile|Pressure\n|\n|upkeep\n|turn|36\n|\n|t:|1667528775\n|switch|p1a: Emolga|Emolga, F|94\/100\n|move|p2a: Weavile|Triple Axel|p1a: Emolga\n|-supereffective|p1a: Emolga\n|-damage|p1a: Emolga|62\/100\n|-supereffective|p1a: Emolga\n|-damage|p1a: Emolga|0 fnt\n|faint|p1a: Emolga\n|-hitcount|p1: Emolga|2\n|\n|upkeep\n|\n|t:|1667528783\n|switch|p1a: Rillaboom|Rillaboom, M|52\/100\n|-fieldstart|move: Grassy Terrain|[from] ability: Grassy Surge|[of] p1a: Rillaboom\n|turn|37\n|\n|t:|1667528786\n|switch|p2a: Tangrowth|Tangrowth, F|100\/100 par\n|move|p1a: Rillaboom|U-turn|p2a: Tangrowth\n|-supereffective|p2a: Tangrowth\n|-damage|p2a: Tangrowth|72\/100 par\n|-damage|p1a: Rillaboom|35\/100|[from] item: Rocky Helmet|[of] p2a: Tangrowth\n|\n|t:|1667528790\n|switch|p1a: Haxorus|Haxorus, F|100\/100|[from]move: U-turn\n|-ability|p1a: Haxorus|Mold Breaker\n|\n|-heal|p2a: Tangrowth|78\/100 par|[from] Grassy Terrain\n|upkeep\n|turn|38\n|\n|t:|1667528793\n|switch|p2a: landorustherian|Landorus-Therian, M|68\/100\n|-ability|p2a: landorustherian|Intimidate|boost\n|-unboost|p1a: Haxorus|atk|1\n|move|p1a: Haxorus|Swords Dance|p1a: Haxorus\n|-boost|p1a: Haxorus|atk|2\n|\n|upkeep\n|turn|39\n|\n|t:|1667528799\n|move|p1a: Haxorus|Swords Dance|p1a: Haxorus\n|-boost|p1a: Haxorus|atk|2\n|move|p2a: landorustherian|U-turn|p1a: Haxorus\n|-damage|p1a: Haxorus|73\/100\n|\n|t:|1667528799\n|switch|p2a: Weavile|Weavile, F|100\/100|[from]move: U-turn\n|-ability|p2a: Weavile|Pressure\n|\n|-heal|p1a: Haxorus|79\/100|[from] Grassy Terrain\n|upkeep\n|turn|40\n|\n|t:|1667528808\n|move|p2a: Weavile|Triple Axel|p1a: Haxorus\n|-supereffective|p1a: Haxorus\n|-damage|p1a: Haxorus|44\/100\n|-supereffective|p1a: Haxorus\n|-damage|p1a: Haxorus|0 fnt\n|faint|p1a: Haxorus\n|-hitcount|p1: Haxorus|2\n|\n|upkeep\n|-message|Hgfhhfghfff forfeited.\n|\n|win|minimax_ai\n|raw|Hgfhhfghfff's rating: 1604 &rarr; <strong>1583<\/strong><br \/>(-21 for losing)\n|raw|minimax_ai's rating: 1588 &rarr; <strong>1609<\/strong><br \/>(+21 for winning)\n|c|\u2606minimax_ai|gg\n|l|\u2606Hgfhhfghfff\n","uploadtime":1667528817,"views":2,"p1id":"hgfhhfghfff","p2id":"minimaxai","formatid":"gen8ou","rating":1583,"private":0,"password":null}