{"id":"gen8ou-1673722700","p1":"Spectre Ace","p2":"Arcangel666","format":"gen8ou","log":"|j|\u2606Spectre Ace\n|j|\u2606Arcangel666\n|t:|1664490895\n|gametype|singles\n|player|p1|Spectre Ace|juggler|1793\n|player|p2|Arcangel666|piers|1828\n|teamsize|p1|6\n|teamsize|p2|6\n|gen|8\n|tier|[Gen 8] OU\n|rated|\n|rule|Sleep Clause Mod: Limit one foe put to sleep\n|rule|Species Clause: Limit one of each Pok\u00e9mon\n|rule|OHKO Clause: OHKO moves are banned\n|rule|Evasion Items Clause: Evasion items are banned\n|rule|Evasion Moves Clause: Evasion moves are banned\n|rule|Endless Battle Clause: Forcing endless battles is banned\n|rule|HP Percentage Mod: HP is shown in percentages\n|rule|Dynamax Clause: You cannot dynamax\n|clearpoke\n|poke|p1|Landorus-Therian, M|\n|poke|p1|Ferrothorn, M|\n|poke|p1|Volcanion|\n|poke|p1|Raichu-Alola, F|\n|poke|p1|Tapu Koko|\n|poke|p1|Clefable, F|\n|poke|p2|Rillaboom, M|\n|poke|p2|Regieleki|\n|poke|p2|Garchomp, M|\n|poke|p2|Melmetal|\n|poke|p2|Tapu Fini|\n|poke|p2|Zapdos-Galar|\n|teampreview\n|j| RazorForce21\n|\n|t:|1664490907\n|start\n|switch|p1a: Booker|Tapu Koko|100\/100\n|switch|p2a: Zapdos|Zapdos-Galar, shiny|100\/100\n|-fieldstart|move: Electric Terrain|[from] ability: Electric Surge|[of] p1a: Booker\n|turn|1\n|\n|t:|1664490912\n|switch|p2a: Garchomp|Garchomp, M|100\/100\n|move|p1a: Booker|U-turn|p2a: Garchomp\n|-damage|p2a: Garchomp|88\/100\n|-damage|p1a: Booker|88\/100|[from] ability: Rough Skin|[of] p2a: Garchomp\n|-damage|p1a: Booker|72\/100|[from] item: Rocky Helmet|[of] p2a: Garchomp\n|\n|t:|1664490915\n|switch|p1a: Clefable|Clefable, F|100\/100|[from]move: U-turn\n|\n|upkeep\n|turn|2\n|\n|t:|1664490922\n|switch|p2a: Regieleki|Regieleki, shiny|100\/100\n|move|p1a: Clefable|Stealth Rock|p2a: Regieleki\n|-sidestart|p2: Arcangel666|move: Stealth Rock\n|\n|upkeep\n|turn|3\n|\n|t:|1664490926\n|move|p2a: Regieleki|Rapid Spin|p1a: Clefable\n|-damage|p1a: Clefable|91\/100\n|-boost|p2a: Regieleki|spe|1\n|-sideend|p2: Arcangel666|Stealth Rock|[from] move: Rapid Spin|[of] p2a: Regieleki\n|move|p1a: Clefable|Moonblast|p2a: Regieleki\n|-damage|p2a: Regieleki|36\/100\n|\n|upkeep\n|turn|4\n|\n|t:|1664490929\n|switch|p1a: Amadeus|Landorus-Therian, M|100\/100\n|-ability|p1a: Amadeus|Intimidate|boost\n|-unboost|p2a: Regieleki|atk|1\n|move|p2a: Regieleki|Volt Switch|p1a: Amadeus\n|-immune|p1a: Amadeus\n|\n|upkeep\n|turn|5\n|\n|t:|1664490936\n|switch|p2a: Garchomp|Garchomp, M|88\/100\n|move|p1a: Amadeus|Toxic|p2a: Garchomp\n|-status|p2a: Garchomp|tox\n|\n|-damage|p2a: Garchomp|82\/100 tox|[from] psn\n|upkeep\n|turn|6\n|\n|t:|1664490940\n|move|p2a: Garchomp|Stealth Rock|p1a: Amadeus\n|-sidestart|p1: Spectre Ace|move: Stealth Rock\n|move|p1a: Amadeus|Earthquake|p2a: Garchomp\n|-damage|p2a: Garchomp|48\/100 tox\n|\n|-damage|p2a: Garchomp|35\/100 tox|[from] psn\n|upkeep\n|turn|7\n|\n|t:|1664490945\n|move|p2a: Garchomp|Toxic|p1a: Amadeus\n|-status|p1a: Amadeus|tox\n|move|p1a: Amadeus|Defog|p2a: Garchomp\n|-unboost|p2a: Garchomp|evasion|1\n|-sideend|p1: Spectre Ace|Stealth Rock|[from] move: Defog|[of] p1a: Amadeus\n|-fieldend|move: Electric Terrain\n|\n|-damage|p2a: Garchomp|17\/100 tox|[from] psn\n|-damage|p1a: Amadeus|94\/100 tox|[from] psn\n|upkeep\n|turn|8\n|\n|t:|1664490950\n|move|p2a: Garchomp|Stealth Rock|p1a: Amadeus\n|-sidestart|p1: Spectre Ace|move: Stealth Rock\n|move|p1a: Amadeus|Defog|p2a: Garchomp\n|-unboost|p2a: Garchomp|evasion|1\n|-sideend|p1: Spectre Ace|Stealth Rock|[from] move: Defog|[of] p1a: Amadeus\n|\n|-heal|p1a: Amadeus|100\/100 tox|[from] item: Leftovers\n|-damage|p2a: Garchomp|0 fnt|[from] psn\n|faint|p2a: Garchomp\n|-damage|p1a: Amadeus|88\/100 tox|[from] psn\n|upkeep\n|\n|t:|1664490954\n|switch|p2a: Zapdos|Zapdos-Galar, shiny|100\/100\n|turn|9\n|\n|t:|1664490959\n|move|p2a: Zapdos|Brave Bird|p1a: Amadeus\n|-damage|p1a: Amadeus|5\/100 tox\n|-damage|p2a: Zapdos|68\/100|[from] Recoil\n|move|p1a: Amadeus|U-turn|p2a: Zapdos\n|-resisted|p2a: Zapdos\n|-damage|p2a: Zapdos|61\/100\n|\n|t:|1664490962\n|switch|p1a: Booker|Tapu Koko|72\/100|[from]move: U-turn\n|-fieldstart|move: Electric Terrain|[from] ability: Electric Surge|[of] p1a: Booker\n|\n|upkeep\n|turn|10\n|\n|t:|1664490966\n|switch|p2a: Rillaboom|Rillaboom, M, shiny|100\/100\n|-fieldstart|move: Grassy Terrain|[from] ability: Grassy Surge|[of] p2a: Rillaboom\n|move|p1a: Booker|U-turn|p2a: Rillaboom\n|-supereffective|p2a: Rillaboom\n|-damage|p2a: Rillaboom|66\/100\n|\n|t:|1664490970\n|switch|p1a: Engine|Volcanion|100\/100|[from]move: U-turn\n|\n|-heal|p2a: Rillaboom|72\/100|[from] Grassy Terrain\n|upkeep\n|turn|11\n|\n|t:|1664490973\n|switch|p2a: Tapu Fini|Tapu Fini, shiny|100\/100\n|-fieldstart|move: Misty Terrain|[from] ability: Misty Surge|[of] p2a: Tapu Fini\n|move|p1a: Engine|Flamethrower|p2a: Tapu Fini\n|-resisted|p2a: Tapu Fini\n|-damage|p2a: Tapu Fini|86\/100\n|\n|-heal|p2a: Tapu Fini|92\/100|[from] item: Leftovers\n|upkeep\n|turn|12\n|\n|t:|1664490977\n|move|p1a: Engine|Sludge Wave|p2a: Tapu Fini\n|-supereffective|p2a: Tapu Fini\n|-damage|p2a: Tapu Fini|55\/100\n|move|p2a: Tapu Fini|Calm Mind|p2a: Tapu Fini\n|-boost|p2a: Tapu Fini|spa|1\n|-boost|p2a: Tapu Fini|spd|1\n|\n|-heal|p2a: Tapu Fini|61\/100|[from] item: Leftovers\n|upkeep\n|turn|13\n|\n|t:|1664490980\n|switch|p1a: Booker|Tapu Koko|72\/100\n|-fieldstart|move: Electric Terrain|[from] ability: Electric Surge|[of] p1a: Booker\n|move|p2a: Tapu Fini|Calm Mind|p2a: Tapu Fini\n|-boost|p2a: Tapu Fini|spa|1\n|-boost|p2a: Tapu Fini|spd|1\n|\n|-heal|p2a: Tapu Fini|67\/100|[from] item: Leftovers\n|upkeep\n|turn|14\n|\n|t:|1664490983\n|move|p1a: Booker|U-turn|p2a: Tapu Fini\n|-resisted|p2a: Tapu Fini\n|-damage|p2a: Tapu Fini|60\/100\n|\n|t:|1664490984\n|switch|p1a: Amadeus|Landorus-Therian, M|5\/100 tox|[from]move: U-turn\n|-ability|p1a: Amadeus|Intimidate|boost\n|-unboost|p2a: Tapu Fini|atk|1\n|move|p2a: Tapu Fini|Draining Kiss|p1a: Amadeus\n|-damage|p1a: Amadeus|0 fnt\n|-heal|p2a: Tapu Fini|64\/100|[from] drain|[of] p1a: Amadeus\n|faint|p1a: Amadeus\n|\n|-heal|p2a: Tapu Fini|70\/100|[from] item: Leftovers\n|upkeep\n|\n|t:|1664490986\n|switch|p1a: Valentine|Raichu-Alola, F, shiny|100\/100\n|turn|15\n|\n|t:|1664490990\n|move|p1a: Valentine|Rising Voltage|p2a: Tapu Fini\n|-hint|Rising Voltage's BP doubled on grounded target.\n|-supereffective|p2a: Tapu Fini\n|-damage|p2a: Tapu Fini|0 fnt\n|faint|p2a: Tapu Fini\n|-damage|p1a: Valentine|91\/100|[from] item: Life Orb\n|\n|upkeep\n|\n|t:|1664490994\n|switch|p2a: Rillaboom|Rillaboom, M, shiny|72\/100\n|-fieldstart|move: Grassy Terrain|[from] ability: Grassy Surge|[of] p2a: Rillaboom\n|turn|16\n|\n|t:|1664490998\n|switch|p1a: Clefable|Clefable, F|91\/100\n|move|p2a: Rillaboom|Swords Dance|p2a: Rillaboom\n|-boost|p2a: Rillaboom|atk|2\n|\n|-heal|p2a: Rillaboom|78\/100|[from] Grassy Terrain\n|-heal|p1a: Clefable|97\/100|[from] Grassy Terrain\n|upkeep\n|turn|17\n|\n|t:|1664491007\n|move|p2a: Rillaboom|Grassy Glide|p1a: Clefable\n|-damage|p1a: Clefable|41\/100\n|-damage|p2a: Rillaboom|68\/100|[from] item: Life Orb\n|move|p1a: Clefable|Flamethrower|p2a: Rillaboom\n|-supereffective|p2a: Rillaboom\n|-damage|p2a: Rillaboom|15\/100\n|\n|-heal|p2a: Rillaboom|21\/100|[from] Grassy Terrain\n|-heal|p1a: Clefable|47\/100|[from] Grassy Terrain\n|upkeep\n|turn|18\n|\n|t:|1664491012\n|switch|p2a: Melmetal|Melmetal, shiny|100\/100\n|move|p1a: Clefable|Flamethrower|p2a: Melmetal\n|-supereffective|p2a: Melmetal\n|-damage|p2a: Melmetal|74\/100\n|\n|-heal|p1a: Clefable|54\/100|[from] Grassy Terrain\n|-heal|p2a: Melmetal|80\/100|[from] Grassy Terrain\n|upkeep\n|turn|19\n|\n|t:|1664491018\n|switch|p1a: Engine|Volcanion|100\/100\n|switch|p2a: Zapdos|Zapdos-Galar, shiny|61\/100\n|\n|upkeep\n|turn|20\n|\n|t:|1664491031\n|switch|p1a: Clefable|Clefable, F|54\/100\n|move|p2a: Zapdos|Brave Bird|p1a: Clefable\n|-damage|p1a: Clefable|0 fnt\n|faint|p1a: Clefable\n|-damage|p2a: Zapdos|39\/100|[from] Recoil\n|\n|-fieldend|move: Grassy Terrain\n|upkeep\n|\n|t:|1664491033\n|switch|p1a: Booker|Tapu Koko|72\/100\n|-fieldstart|move: Electric Terrain|[from] ability: Electric Surge|[of] p1a: Booker\n|turn|21\n|\n|t:|1664491039\n|switch|p2a: Rillaboom|Rillaboom, M, shiny|21\/100\n|-fieldstart|move: Grassy Terrain|[from] ability: Grassy Surge|[of] p2a: Rillaboom\n|move|p1a: Booker|Thunderbolt|p2a: Rillaboom\n|-resisted|p2a: Rillaboom\n|-damage|p2a: Rillaboom|0 fnt\n|faint|p2a: Rillaboom\n|\n|-heal|p1a: Booker|78\/100|[from] Grassy Terrain\n|upkeep\n|\n|t:|1664491043\n|switch|p2a: Melmetal|Melmetal, shiny|80\/100\n|turn|22\n|\n|t:|1664491048\n|switch|p1a: Sundowner|Ferrothorn, M, shiny|100\/100\n|switch|p2a: Zapdos|Zapdos-Galar, shiny|39\/100\n|\n|upkeep\n|turn|23\n|\n|t:|1664491060\n|switch|p1a: Booker|Tapu Koko|78\/100\n|-fieldstart|move: Electric Terrain|[from] ability: Electric Surge|[of] p1a: Booker\n|move|p2a: Zapdos|Close Combat|p1a: Booker\n|-resisted|p1a: Booker\n|-damage|p1a: Booker|12\/100\n|-unboost|p2a: Zapdos|def|1\n|-unboost|p2a: Zapdos|spd|1\n|\n|upkeep\n|turn|24\n|\n|t:|1664491065\n|move|p1a: Booker|U-turn|p2a: Zapdos\n|-resisted|p2a: Zapdos\n|-damage|p2a: Zapdos|32\/100\n|\n|t:|1664491070\n|switch|p1a: Sundowner|Ferrothorn, M, shiny|100\/100|[from]move: U-turn\n|move|p2a: Zapdos|Close Combat|p1a: Sundowner\n|-supereffective|p1a: Sundowner\n|-damage|p1a: Sundowner|0 fnt\n|-unboost|p2a: Zapdos|def|1\n|-unboost|p2a: Zapdos|spd|1\n|-damage|p2a: Zapdos|20\/100|[from] ability: Iron Barbs|[of] p1a: Sundowner\n|faint|p1a: Sundowner\n|\n|upkeep\n|\n|t:|1664491072\n|switch|p1a: Valentine|Raichu-Alola, F, shiny|91\/100\n|turn|25\n|\n|t:|1664491078\n|move|p1a: Valentine|Rising Voltage|p2a: Zapdos\n|-supereffective|p2a: Zapdos\n|-damage|p2a: Zapdos|0 fnt\n|faint|p2a: Zapdos\n|-damage|p1a: Valentine|81\/100|[from] item: Life Orb\n|\n|upkeep\n|\n|t:|1664491079\n|switch|p2a: Melmetal|Melmetal, shiny|80\/100\n|turn|26\n|\n|t:|1664491087\n|switch|p1a: Booker|Tapu Koko|12\/100\n|move|p2a: Melmetal|Earthquake|p1a: Booker\n|-supereffective|p1a: Booker\n|-damage|p1a: Booker|0 fnt\n|faint|p1a: Booker\n|\n|upkeep\n|\n|t:|1664491088\n|switch|p1a: Engine|Volcanion|100\/100\n|turn|27\n|\n|t:|1664491090\n|move|p1a: Engine|Flamethrower|p2a: Melmetal\n|-supereffective|p2a: Melmetal\n|-damage|p2a: Melmetal|13\/100\n|move|p2a: Melmetal|Earthquake|p1a: Engine\n|-supereffective|p1a: Engine\n|-damage|p1a: Engine|18\/100\n|\n|upkeep\n|turn|28\n|\n|t:|1664491094\n|move|p1a: Engine|Flamethrower|p2a: Melmetal\n|-supereffective|p2a: Melmetal\n|-crit|p2a: Melmetal\n|-damage|p2a: Melmetal|0 fnt\n|faint|p2a: Melmetal\n|\n|upkeep\n|\n|t:|1664491097\n|switch|p2a: Regieleki|Regieleki, shiny|36\/100\n|turn|29\n|\n|t:|1664491103\n|move|p2a: Regieleki|Thunderbolt|p1a: Engine\n|-supereffective|p1a: Engine\n|-damage|p1a: Engine|0 fnt\n|faint|p1a: Engine\n|\n|upkeep\n|\n|t:|1664491104\n|switch|p1a: Valentine|Raichu-Alola, F, shiny|81\/100\n|turn|30\n|\n|t:|1664491106\n|move|p1a: Valentine|Rising Voltage|p2a: Regieleki\n|-hint|Rising Voltage's BP doubled on grounded target.\n|-resisted|p2a: Regieleki\n|-damage|p2a: Regieleki|0 fnt\n|faint|p2a: Regieleki\n|-damage|p1a: Valentine|71\/100|[from] item: Life Orb\n|\n|win|Spectre Ace\n|raw|Spectre Ace's rating: 1793 &rarr; <strong>1815<\/strong><br \/>(+22 for winning)\n|raw|Arcangel666's rating: 1828 &rarr; <strong>1806<\/strong><br \/>(-22 for losing)\n|l|\u2606Arcangel666\n||Ladder isn't responding, score probably updated but might not have (Request timeout).\n","uploadtime":1664491113,"views":39,"p1id":"spectreace","p2id":"arcangel666","formatid":"gen8ou","rating":1806,"private":0,"password":null}