{"id":"gen8ou-1706012819","p1":"Red Rushun","p2":"corumba","format":"gen8ou","log":"|j|\u2606Red Rushun\n|j|\u2606corumba\n|t:|1667939741\n|gametype|singles\n|player|p1|Red Rushun|clair|1669\n|player|p2|corumba|266|1824\n|teamsize|p1|6\n|teamsize|p2|6\n|gen|8\n|tier|[Gen 8] OU\n|rated|\n|rule|Sleep Clause Mod: Limit one foe put to sleep\n|rule|Species Clause: Limit one of each Pok\u00e9mon\n|rule|OHKO Clause: OHKO moves are banned\n|rule|Evasion Items Clause: Evasion items are banned\n|rule|Evasion Moves Clause: Evasion moves are banned\n|rule|Endless Battle Clause: Forcing endless battles is banned\n|rule|HP Percentage Mod: HP is shown in percentages\n|rule|Dynamax Clause: You cannot dynamax\n|clearpoke\n|poke|p1|Dragapult, F|\n|poke|p1|Blastoise, M|\n|poke|p1|Tapu Lele|\n|poke|p1|Cobalion|\n|poke|p1|Grimmsnarl, M|\n|poke|p1|Landorus-Therian, M|\n|poke|p2|Landorus-Therian, M|\n|poke|p2|Rotom-Wash|\n|poke|p2|Gengar, M|\n|poke|p2|Melmetal|\n|poke|p2|Heatran, M|\n|poke|p2|Dragapult, M|\n|teampreview\n|j| lil globglabgla\n|\n|t:|1667939761\n|start\n|switch|p1a: Cobalion|Cobalion, shiny|100\/100\n|switch|p2a: Melmetal|Melmetal|100\/100\n|turn|1\n|j| fart_excavator\n|\n|t:|1667939825\n|switch|p2a: Rotom|Rotom-Wash|100\/100\n|move|p1a: Cobalion|Thunder Wave|p2a: Rotom\n|-immune|p2a: Rotom\n|\n|upkeep\n|turn|2\n|\n|t:|1667939832\n|move|p1a: Cobalion|Toxic|p2a: Rotom\n|-status|p2a: Rotom|tox\n|move|p2a: Rotom|Hydro Pump|p1a: Cobalion\n|-damage|p1a: Cobalion|52\/100\n|\n|-damage|p2a: Rotom|95\/100 tox|[from] psn\n|upkeep\n|turn|3\n|\n|t:|1667939839\n|move|p1a: Cobalion|Stealth Rock|p2a: Rotom\n|-sidestart|p2: corumba|move: Stealth Rock\n|move|p2a: Rotom|Hydro Pump|p1a: Cobalion\n|-damage|p1a: Cobalion|10\/100\n|\n|-heal|p2a: Rotom|100\/100 tox|[from] item: Leftovers\n|-damage|p2a: Rotom|89\/100 tox|[from] psn\n|upkeep\n|turn|4\n|\n|t:|1667939849\n|switch|p1a: Grimmsnarl|Grimmsnarl, M|100\/100\n|move|p2a: Rotom|Hydro Pump|p1a: Grimmsnarl\n|-damage|p1a: Grimmsnarl|70\/100\n|\n|-heal|p2a: Rotom|95\/100 tox|[from] item: Leftovers\n|-damage|p2a: Rotom|77\/100 tox|[from] psn\n|upkeep\n|turn|5\n|\n|t:|1667939856\n|move|p1a: Grimmsnarl|Light Screen|p1a: Grimmsnarl\n|-sidestart|p1: Red Rushun|move: Light Screen\n|move|p2a: Rotom|Defog|p1a: Grimmsnarl\n|-unboost|p1a: Grimmsnarl|evasion|1\n|-sideend|p1: Red Rushun|move: Light Screen\n|-sideend|p2: corumba|Stealth Rock|[from] move: Defog|[of] p2a: Rotom\n|\n|-heal|p2a: Rotom|83\/100 tox|[from] item: Leftovers\n|-damage|p2a: Rotom|59\/100 tox|[from] psn\n|upkeep\n|turn|6\n|\n|t:|1667939860\n|move|p2a: Rotom|Volt Switch|p1a: Grimmsnarl\n|-damage|p1a: Grimmsnarl|52\/100\n|\n|t:|1667939866\n|switch|p2a: Heatran|Heatran, M|100\/100|[from]move: Volt Switch\n|move|p1a: Grimmsnarl|Spirit Break|p2a: Heatran\n|-resisted|p2a: Heatran\n|-damage|p2a: Heatran|96\/100\n|-unboost|p2a: Heatran|spa|1\n|\n|-heal|p2a: Heatran|100\/100|[from] item: Leftovers\n|upkeep\n|turn|7\n|\n|t:|1667939874\n|move|p1a: Grimmsnarl|Light Screen|p1a: Grimmsnarl\n|-sidestart|p1: Red Rushun|move: Light Screen\n|move|p2a: Heatran|Stealth Rock|p1a: Grimmsnarl\n|-sidestart|p1: Red Rushun|move: Stealth Rock\n|\n|upkeep\n|turn|8\n|\n|t:|1667939879\n|move|p1a: Grimmsnarl|Thunder Wave|p2a: Heatran\n|-status|p2a: Heatran|par\n|move|p2a: Heatran|Heavy Slam|p1a: Grimmsnarl\n|-supereffective|p1a: Grimmsnarl\n|-damage|p1a: Grimmsnarl|0 fnt\n|faint|p1a: Grimmsnarl\n|\n|upkeep\n|\n|t:|1667939885\n|switch|p1a: Cobalion|Cobalion, shiny|10\/100\n|-damage|p1a: Cobalion|6\/100|[from] Stealth Rock\n|turn|9\n|\n|t:|1667939900\n|switch|p2a: Landorus|Landorus-Therian, M|100\/100\n|-ability|p2a: Landorus|Intimidate|boost\n|-unboost|p1a: Cobalion|atk|1\n|move|p1a: Cobalion|Stealth Rock|p2a: Landorus\n|-sidestart|p2: corumba|move: Stealth Rock\n|\n|upkeep\n|turn|10\n|\n|t:|1667939913\n|move|p1a: Cobalion|Toxic|p2a: Landorus\n|-status|p2a: Landorus|tox\n|move|p2a: Landorus|Earthquake|p1a: Cobalion\n|-supereffective|p1a: Cobalion\n|-crit|p1a: Cobalion\n|-damage|p1a: Cobalion|0 fnt\n|faint|p1a: Cobalion\n|\n|-damage|p2a: Landorus|94\/100 tox|[from] psn\n|upkeep\n|\n|t:|1667939940\n|switch|p1a: Landorus|Landorus-Therian, M, shiny|100\/100\n|-damage|p1a: Landorus|88\/100|[from] Stealth Rock\n|-ability|p1a: Landorus|Intimidate|boost\n|-unboost|p2a: Landorus|atk|1\n|turn|11\n|\n|t:|1667939947\n|move|p1a: Landorus|Substitute|p1a: Landorus\n|-start|p1a: Landorus|Substitute\n|-damage|p1a: Landorus|64\/100\n|move|p2a: Landorus|U-turn|p1a: Landorus\n|-resisted|p1a: Landorus\n|-activate|p1a: Landorus|move: Substitute|[damage]\n|\n|t:|1667939973\n|switch|p2a: Melmetal|Melmetal|100\/100|[from]move: U-turn\n|-damage|p2a: Melmetal|94\/100|[from] Stealth Rock\n|\n|-heal|p1a: Landorus|69\/100|[from] item: Leftovers\n|-heal|p2a: Melmetal|100\/100|[from] item: Leftovers\n|upkeep\n|turn|12\n|inactive|Battle timer is ON: inactive players will automatically lose when time's up. (requested by corumba)\n|\n|t:|1667940030\n|move|p1a: Landorus|Earthquake|p2a: Melmetal\n|-supereffective|p2a: Melmetal\n|-damage|p2a: Melmetal|39\/100\n|move|p2a: Melmetal|Double Iron Bash|p1a: Landorus\n|-end|p1a: Landorus|Substitute\n|-damage|p1a: Landorus|18\/100\n|-hitcount|p1a: Landorus|2\n|\n|-heal|p1a: Landorus|24\/100|[from] item: Leftovers\n|-heal|p2a: Melmetal|45\/100|[from] item: Leftovers\n|upkeep\n|turn|13\n|l| lil globglabgla\n|\n|t:|1667940044\n|switch|p2a: Rotom|Rotom-Wash|59\/100 tox\n|-damage|p2a: Rotom|47\/100 tox|[from] Stealth Rock\n|move|p1a: Landorus|Swords Dance|p1a: Landorus\n|-boost|p1a: Landorus|atk|2\n|\n|-heal|p1a: Landorus|30\/100|[from] item: Leftovers\n|-heal|p2a: Rotom|53\/100 tox|[from] item: Leftovers\n|-damage|p2a: Rotom|47\/100 tox|[from] psn\n|upkeep\n|turn|14\n|\n|t:|1667940050\n|move|p1a: Landorus|Substitute|p1a: Landorus\n|-start|p1a: Landorus|Substitute\n|-damage|p1a: Landorus|5\/100\n|move|p2a: Rotom|Hydro Pump|p1a: Landorus|[miss]\n|-miss|p2a: Rotom|p1a: Landorus\n|\n|-heal|p1a: Landorus|11\/100|[from] item: Leftovers\n|-heal|p2a: Rotom|53\/100 tox|[from] item: Leftovers\n|-damage|p2a: Rotom|41\/100 tox|[from] psn\n|-sideend|p1: Red Rushun|move: Light Screen\n|upkeep\n|turn|15\n|\n|t:|1667940060\n|move|p1a: Landorus|Stone Edge|p2a: Rotom\n|-damage|p2a: Rotom|0 fnt\n|faint|p2a: Rotom\n|\n|-heal|p1a: Landorus|17\/100|[from] item: Leftovers\n|upkeep\n|\n|t:|1667940064\n|switch|p2a: Dragapult|Dragapult, M|100\/100\n|-damage|p2a: Dragapult|88\/100|[from] Stealth Rock\n|turn|16\n|j| lil globglabgla\n|\n|t:|1667940080\n|move|p2a: Dragapult|Dragon Darts|p1a: Landorus\n|-end|p1a: Landorus|Substitute\n|-anim|p2a: Dragapult|Dragon Darts|p1a: Landorus\n|-damage|p1a: Landorus|0 fnt\n|faint|p1a: Landorus\n|\n|upkeep\n|inactive|Red Rushun has 120 seconds left.\n|\n|t:|1667940104\n|switch|p1a: Blastoise|Blastoise, M, shiny|100\/100\n|-damage|p1a: Blastoise|88\/100|[from] Stealth Rock\n|turn|17\n|\n|t:|1667940109\n|move|p2a: Dragapult|Dragon Darts|p1a: Blastoise\n|-damage|p1a: Blastoise|39\/100\n|-anim|p2a: Dragapult|Dragon Darts|p1a: Blastoise\n|-damage|p1a: Blastoise|0 fnt\n|faint|p1a: Blastoise\n|\n|upkeep\n|\n|t:|1667940116\n|switch|p1a: Tapu Lele|Tapu Lele|100\/100\n|-damage|p1a: Tapu Lele|88\/100|[from] Stealth Rock\n|-fieldstart|move: Psychic Terrain|[from] ability: Psychic Surge|[of] p1a: Tapu Lele\n|turn|18\n|l| fart_excavator\n|c|\u2606Red Rushun|Band dragapult\n|inactive|Red Rushun has 120 seconds left.\n|c|\u2606Red Rushun|rare\n|c|\u2606corumba|it#s not that rare\n|\n|t:|1667940154\n|switch|p2a: Melmetal|Melmetal|45\/100\n|-damage|p2a: Melmetal|39\/100|[from] Stealth Rock\n|move|p1a: Tapu Lele|Psyshock|p2a: Melmetal\n|-resisted|p2a: Melmetal\n|-damage|p2a: Melmetal|23\/100\n|\n|-heal|p2a: Melmetal|29\/100|[from] item: Leftovers\n|upkeep\n|turn|19\n|\n|t:|1667940164\n|move|p1a: Tapu Lele|Focus Blast|p2a: Melmetal\n|-supereffective|p2a: Melmetal\n|-damage|p2a: Melmetal|0 fnt\n|faint|p2a: Melmetal\n|\n|upkeep\n|j| avatar wan's bae\n|inactive|corumba has 120 seconds left.\n|\n|t:|1667940199\n|switch|p2a: Dragapult|Dragapult, M|88\/100\n|-damage|p2a: Dragapult|76\/100|[from] Stealth Rock\n|turn|20\n|\n|t:|1667940207\n|move|p2a: Dragapult|Phantom Force||[still]\n|-prepare|p2a: Dragapult|Phantom Force\n|move|p1a: Tapu Lele|Moonblast|p2a: Dragapult|[miss]\n|-miss|p1a: Tapu Lele|p2a: Dragapult\n|\n|upkeep\n|turn|21\n|inactive|Red Rushun has 120 seconds left.\n|\n|t:|1667940213\n|move|p2a: Dragapult|Phantom Force|p1a: Tapu Lele|[from]lockedmove\n|-supereffective|p1a: Tapu Lele\n|-damage|p1a: Tapu Lele|0 fnt\n|faint|p1a: Tapu Lele\n|\n|upkeep\n|\n|t:|1667940216\n|switch|p1a: Dragapult|Dragapult, F|100\/100\n|-damage|p1a: Dragapult|88\/100|[from] Stealth Rock\n|turn|22\n|\n|t:|1667940222\n|move|p1a: Dragapult|Dragon Dance|p1a: Dragapult\n|-boost|p1a: Dragapult|atk|1\n|-boost|p1a: Dragapult|spe|1\n|move|p2a: Dragapult|Phantom Force||[still]\n|-prepare|p2a: Dragapult|Phantom Force\n|\n|-fieldend|move: Psychic Terrain\n|upkeep\n|turn|23\n|\n|t:|1667940229\n|move|p1a: Dragapult|Phantom Force||[still]\n|-prepare|p1a: Dragapult|Phantom Force\n|move|p2a: Dragapult|Phantom Force|p1a: Dragapult|[from]lockedmove|[miss]\n|-miss|p2a: Dragapult|p1a: Dragapult\n|\n|upkeep\n|turn|24\n|\n|t:|1667940240\n|switch|p2a: Landorus|Landorus-Therian, M|94\/100 tox\n|-damage|p2a: Landorus|82\/100 tox|[from] Stealth Rock\n|-ability|p2a: Landorus|Intimidate|boost\n|-fail|p1a: Dragapult|unboost|[from] ability: Clear Body|[of] p1a: Dragapult\n|move|p1a: Dragapult|Phantom Force|p2a: Landorus|[from]lockedmove\n|-damage|p2a: Landorus|0 fnt\n|faint|p2a: Landorus\n|-damage|p1a: Dragapult|78\/100|[from] item: Life Orb\n|\n|upkeep\n|\n|t:|1667940252\n|switch|p2a: Heatran|Heatran, M|100\/100 par\n|-damage|p2a: Heatran|88\/100 par|[from] Stealth Rock\n|turn|25\n|inactive|Red Rushun has 120 seconds left.\n|\n|t:|1667940296\n|move|p1a: Dragapult|Phantom Force||[still]\n|-prepare|p1a: Dragapult|Phantom Force\n|cant|p2a: Heatran|par\n|\n|-heal|p2a: Heatran|94\/100 par|[from] item: Leftovers\n|upkeep\n|turn|26\n|\n|t:|1667940302\n|move|p1a: Dragapult|Phantom Force|p2a: Heatran|[from]lockedmove\n|-damage|p2a: Heatran|37\/100 par\n|-damage|p1a: Dragapult|69\/100|[from] item: Life Orb\n|move|p2a: Heatran|Heavy Slam|p1a: Dragapult\n|-damage|p1a: Dragapult|25\/100\n|\n|-heal|p2a: Heatran|43\/100 par|[from] item: Leftovers\n|upkeep\n|turn|27\n|inactive|Red Rushun has 120 seconds left.\n|\n|t:|1667940326\n|move|p1a: Dragapult|Phantom Force||[still]\n|-prepare|p1a: Dragapult|Phantom Force\n|move|p2a: Heatran|Heavy Slam|p1a: Dragapult|[miss]\n|-miss|p2a: Heatran|p1a: Dragapult\n|\n|-heal|p2a: Heatran|50\/100 par|[from] item: Leftovers\n|upkeep\n|turn|28\n|\n|t:|1667940335\n|switch|p2a: Gengar|Gengar, M|100\/100\n|-damage|p2a: Gengar|88\/100|[from] Stealth Rock\n|move|p1a: Dragapult|Phantom Force|p2a: Gengar|[from]lockedmove\n|-supereffective|p2a: Gengar\n|-damage|p2a: Gengar|0 fnt\n|-start|p1a: Dragapult|Disable|Phantom Force|[from] ability: Cursed Body|[of] p2a: Gengar\n|faint|p2a: Gengar\n|-damage|p1a: Dragapult|15\/100|[from] item: Life Orb\n|\n|upkeep\n|\n|t:|1667940351\n|switch|p2a: Heatran|Heatran, M|50\/100 par\n|-damage|p2a: Heatran|37\/100 par|[from] Stealth Rock\n|turn|29\n|inactive|Red Rushun has 120 seconds left.\n|\n|t:|1667940377\n|move|p1a: Dragapult|Dragon Darts|p2a: Heatran\n|-resisted|p2a: Heatran\n|-damage|p2a: Heatran|22\/100 par\n|-anim|p1a: Dragapult|Dragon Darts|p2a: Heatran\n|-resisted|p2a: Heatran\n|-damage|p2a: Heatran|6\/100 par\n|-damage|p1a: Dragapult|5\/100|[from] item: Life Orb\n|move|p2a: Heatran|Earth Power|p1a: Dragapult\n|-damage|p1a: Dragapult|0 fnt\n|faint|p1a: Dragapult\n|\n|win|corumba\n|raw|Red Rushun's rating: 1669 &rarr; <strong>1657<\/strong><br \/>(-12 for losing)\n|raw|corumba's rating: 1824 &rarr; <strong>1836<\/strong><br \/>(+12 for winning)\n|c|\u2606Red Rushun|lucker\n|c|\u2606corumba|were you sucker?\n|c|\u2606Red Rushun|disable + not para\n||Ladder isn't responding, score probably updated but might not have (Request timeout).\n|l| avatar wan's bae\n|c|\u2606corumba|did you have sucker punch?\n|c|\u2606Red Rushun|could have turned bad for you\n|c|\u2606corumba|either way i had two shots at flame body\n|c|\u2606corumba|and one at disable\n|c|\u2606Red Rushun|why would yu sucker punch\n|c|\u2606Red Rushun|Dragon dart is 150 \/2 = 75\n|c|\u2606corumba|sucker hits on the turn you disappear with phantom\n|c|\u2606Red Rushun|Sucker punch is 70\n|c|\u2606corumba|banded pult sucker picks you off\n|c|\u2606Red Rushun|i do have\n|c|\u2606corumba|i had 3x 1\/3 chances to get you without it\n|c|\u2606Red Rushun|you had no chance without haxx\n|c|\u2606Red Rushun|gg anyway\n|c|\u2606corumba|so in theory i should win most times\n|c|\u2606corumba|is it hax?\n|c|\u2606corumba|if it's 3x 1\/3 chances\n|l| lil globglabgla\n|c|\u2606Red Rushun|with disable ? I only hit once\n|c|\u2606corumba|im flame body heatran\n|c|\u2606corumba|which you hit twice with phantom\n|c|\u2606corumba|if no disable\n|c|\u2606corumba|if i burn i win\n|c|\u2606corumba|if i disable i win\n|c|\u2606corumba|each is a 1\/3\n|c|\u2606corumba|so in theory i win most of the time\n|c|\u2606Red Rushun|damn\n|c|\u2606corumba|and if it comes to it it's a 50\/50 with sucker vs phnatom\n|c|\u2606corumba|so it's in my favour to win regardless\n|c|\u2606corumba|it's probability, not hax\n|c|\u2606Red Rushun|sucker punck is ot 50 50\n|c|\u2606Red Rushun|if im faster with DD i go first no ?\n|c|\u2606corumba|yep you're right\n|c|\u2606corumba|it's not a 50\/50\n|c|\u2606corumba|my bad\n|c|\u2606Red Rushun|anyway\n|c|\u2606corumba|either way 3x 1\/3 chances\n|c|\u2606Red Rushun|gg\n|c|\u2606corumba|gg\n|l|\u2606Red Rushun\n","uploadtime":1667940703,"views":5,"p1id":"redrushun","p2id":"corumba","formatid":"gen8ou","rating":1657,"private":0,"password":null}