{"id":"gen8ou-1174377663","p1":"LT73IU devWIN","p2":"2222mm","format":"gen8ou","log":"|raw|<div class=\"broadcast-blue\"><strong>This battle is required to be public due to a player having a name starting with 'LT73IU'.<\/div>\n|j|\u2606LT73IU devWIN\n|j|\u26062222mm\n|t:|1598262541\n|player|p1|LT73IU devWIN|cyclist-gen4|1688\n|player|p2|2222mm|winona-gen3|1641\n|teamsize|p1|6\n|teamsize|p2|6\n|gametype|singles\n|gen|8\n|tier|[Gen 8] OU\n|rated|\n|clearpoke\n|poke|p1|Clefable, M|\n|poke|p1|Corviknight, M|\n|poke|p1|Blissey, F|\n|poke|p1|Hippowdon, F|\n|poke|p1|Toxapex, F|\n|poke|p1|Ditto|\n|poke|p2|Dracozolt|\n|poke|p2|Magnezone|\n|poke|p2|Clefable, F|\n|poke|p2|Corviknight, M|\n|poke|p2|Dragapult, M|\n|poke|p2|Amoonguss, M|\n|rule|Sleep Clause Mod: Limit one foe put to sleep\n|rule|Species Clause: Limit one of each Pok\u00e9mon\n|rule|OHKO Clause: OHKO moves are banned\n|rule|Evasion Moves Clause: Evasion moves are banned\n|rule|Endless Battle Clause: Forcing endless battles is banned\n|rule|HP Percentage Mod: HP is shown in percentages\n|rule|Dynamax Clause: You cannot dynamax\n|teampreview\n|inactive|Battle timer is ON: inactive players will automatically lose when time's up. (requested by LT73IU devWIN)\n|j| yhiuyh\n|\n|t:|1598262554\n|start\n|switch|p1a: Hippowdon|Hippowdon, F|100\/100\n|switch|p2a: Dragapult|Dragapult, M|100\/100\n|-weather|Sandstorm|[from] ability: Sand Stream|[of] p1a: Hippowdon\n|turn|1\n|\n|t:|1598262566\n|switch|p2a: Clefable|Clefable, F|100\/100\n|move|p1a: Hippowdon|Stealth Rock|p2a: Clefable\n|-sidestart|p2: 2222mm|move: Stealth Rock\n|\n|-weather|Sandstorm|[upkeep]\n|upkeep\n|turn|2\n|\n|t:|1598262574\n|move|p2a: Clefable|Moonblast|p1a: Hippowdon\n|-damage|p1a: Hippowdon|76\/100\n|move|p1a: Hippowdon|Earthquake|p2a: Clefable\n|-damage|p2a: Clefable|73\/100\n|\n|-weather|Sandstorm|[upkeep]\n|-heal|p1a: Hippowdon|82\/100|[from] item: Leftovers\n|upkeep\n|turn|3\n|\n|t:|1598262582\n|switch|p1a: Blissey|Blissey, F|100\/100\n|move|p2a: Clefable|Soft-Boiled|p2a: Clefable\n|-heal|p2a: Clefable|100\/100\n|\n|-weather|Sandstorm|[upkeep]\n|-damage|p1a: Blissey|94\/100|[from] Sandstorm\n|upkeep\n|turn|4\n|\n|t:|1598262595\n|switch|p2a: Corviknight|Corviknight, M|100\/100\n|-damage|p2a: Corviknight|88\/100|[from] Stealth Rock\n|-ability|p2a: Corviknight|Pressure\n|move|p1a: Blissey|Thunder Wave|p2a: Corviknight\n|-status|p2a: Corviknight|par\n|\n|-weather|Sandstorm|[upkeep]\n|-damage|p1a: Blissey|88\/100|[from] Sandstorm\n|upkeep\n|turn|5\n|j| dbsfxb\n|\n|t:|1598262606\n|switch|p1a: Toxapex|Toxapex, F|100\/100\n|move|p2a: Corviknight|Defog|p1a: Toxapex\n|-unboost|p1a: Toxapex|evasion|1\n|-sideend|p2: 2222mm|Stealth Rock|[from] move: Defog|[of] p2a: Corviknight\n|\n|-weather|none\n|upkeep\n|turn|6\n|\n|t:|1598262610\n|move|p1a: Toxapex|Knock Off|p2a: Corviknight\n|-damage|p2a: Corviknight|76\/100 par\n|-enditem|p2a: Corviknight|Shed Shell|[from] move: Knock Off|[of] p1a: Toxapex\n|move|p2a: Corviknight|U-turn|p1a: Toxapex\n|-resisted|p1a: Toxapex\n|-damage|p1a: Toxapex|96\/100\n|-damage|p2a: Corviknight|60\/100 par|[from] item: Rocky Helmet|[of] p1a: Toxapex\n|j| LT73IU Stareal\n|\n|t:|1598262626\n|switch|p2a: Magnezone|Magnezone|100\/100|[from]move: U-turn\n|\n|upkeep\n|turn|7\n|c| LT73IU Stareal|devwin?\n|\n|t:|1598262632\n|switch|p1a: Hippowdon|Hippowdon, F|82\/100\n|-weather|Sandstorm|[from] ability: Sand Stream|[of] p1a: Hippowdon\n|move|p2a: Magnezone|Volt Switch|p1a: Hippowdon\n|-immune|p1a: Hippowdon\n|\n|-weather|Sandstorm|[upkeep]\n|-heal|p1a: Hippowdon|88\/100|[from] item: Leftovers\n|upkeep\n|turn|8\n|\n|t:|1598262641\n|switch|p2a: Corviknight|Corviknight, M|60\/100 par\n|-ability|p2a: Corviknight|Pressure\n|move|p1a: Hippowdon|Stealth Rock|p2a: Corviknight\n|-sidestart|p2: 2222mm|move: Stealth Rock\n|\n|-weather|Sandstorm|[upkeep]\n|-heal|p1a: Hippowdon|95\/100|[from] item: Leftovers\n|upkeep\n|turn|9\n|c|\u2606LT73IU devWIN|yea\n|\n|t:|1598262648\n|switch|p1a: Clefable|Clefable, M|100\/100\n|move|p2a: Corviknight|Roost|p2a: Corviknight\n|-heal|p2a: Corviknight|100\/100 par\n|-singleturn|p2a: Corviknight|move: Roost\n|\n|-weather|Sandstorm|[upkeep]\n|upkeep\n|turn|10\n|\n|t:|1598262654\n|move|p1a: Clefable|Thunder|p2a: Corviknight|[miss]\n|-miss|p1a: Clefable|p2a: Corviknight\n|move|p2a: Corviknight|Defog|p1a: Clefable\n|-unboost|p1a: Clefable|evasion|1\n|-sideend|p2: 2222mm|Stealth Rock|[from] move: Defog|[of] p2a: Corviknight\n|\n|-weather|Sandstorm|[upkeep]\n|upkeep\n|turn|11\n|c| LT73IU Stareal|devlose?\n|c|\u2606LT73IU devWIN|i mean\n|c|\u2606LT73IU devWIN|i am totally not the person\n|\n|t:|1598262670\n|move|p1a: Clefable|Thunder|p2a: Corviknight\n|-supereffective|p2a: Corviknight\n|-damage|p2a: Corviknight|52\/100 par\n|move|p2a: Corviknight|U-turn|p1a: Clefable\n|-resisted|p1a: Clefable\n|-damage|p1a: Clefable|95\/100\n|c|\u2606LT73IU devWIN|who tryharded\n|c|\u2606LT73IU devWIN|for 3 cycles\n|\n|t:|1598262676\n|switch|p2a: Magnezone|Magnezone|100\/100|[from]move: U-turn\n|\n|-weather|none\n|upkeep\n|turn|12\n|c|\u2606LT73IU devWIN|and didnt reach p offs\n|c| LT73IU Stareal|u cant break\n|\n|t:|1598262688\n|switch|p1a: Blissey|Blissey, F|88\/100\n|move|p2a: Magnezone|Volt Switch|p1a: Blissey\n|-damage|p1a: Blissey|61\/100\n|c| LT73IU Stareal|1800..\n|c|\u2606LT73IU devWIN|i actually did\n|\n|t:|1598262696\n|switch|p2a: Dracozolt|Dracozolt|100\/100|[from]move: Volt Switch\n|\n|upkeep\n|turn|13\n|c| LT73IU Stareal|i said 1900\n|c| LT73IU Stareal|...\n|c|\u2606LT73IU devWIN|but its not my fault my luck is not as good as others\n|\n|t:|1598262719\n|switch|p2a: Corviknight|Corviknight, M|52\/100 par\n|-ability|p2a: Corviknight|Pressure\n|switch|p1a: Hippowdon|Hippowdon, F|95\/100\n|-weather|Sandstorm|[from] ability: Sand Stream|[of] p1a: Hippowdon\n|\n|-weather|Sandstorm|[upkeep]\n|-heal|p1a: Hippowdon|100\/100|[from] item: Leftovers\n|upkeep\n|turn|14\n|\n|t:|1598262723\n|move|p1a: Hippowdon|Stealth Rock|p2a: Corviknight\n|-sidestart|p2: 2222mm|move: Stealth Rock\n|cant|p2a: Corviknight|par\n|\n|-weather|Sandstorm|[upkeep]\n|upkeep\n|turn|15\n|\n|t:|1598262732\n|switch|p1a: Clefable|Clefable, M|95\/100\n|move|p2a: Corviknight|Roost|p2a: Corviknight\n|-heal|p2a: Corviknight|100\/100 par\n|-singleturn|p2a: Corviknight|move: Roost\n|\n|-weather|Sandstorm|[upkeep]\n|upkeep\n|turn|16\n|c| LT73IU Stareal|ur using thug stall\n|c|\u2606LT73IU devWIN|i just started\n|\n|t:|1598262738\n|switch|p2a: Amoonguss|Amoonguss, M|100\/100\n|-damage|p2a: Amoonguss|88\/100|[from] Stealth Rock\n|move|p1a: Clefable|Calm Mind|p1a: Clefable\n|-boost|p1a: Clefable|spa|1\n|-boost|p1a: Clefable|spd|1\n|\n|-weather|Sandstorm|[upkeep]\n|-damage|p2a: Amoonguss|82\/100|[from] Sandstorm\n|upkeep\n|turn|17\n|c|\u2606LT73IU devWIN|like today\n|c| LT73IU Stareal|meaning ull get haxed every time\n|c|\u2606LT73IU devWIN|before was just random memes\n|\n|t:|1598262761\n|switch|p1a: Blissey|Blissey, F|61\/100\n|move|p2a: Amoonguss|Clear Smog|p1a: Blissey\n|-damage|p1a: Blissey|56\/100\n|-clearboost|p1a: Blissey\n|\n|-weather|none\n|upkeep\n|turn|18\n|\n|t:|1598262767\n|switch|p2a: Clefable|Clefable, F|100\/100\n|move|p1a: Blissey|Thunder Wave|p2a: Clefable\n|-status|p2a: Clefable|par\n|\n|upkeep\n|turn|19\n|\n|t:|1598262773\n|move|p1a: Blissey|Soft-Boiled|p1a: Blissey\n|-heal|p1a: Blissey|100\/100\n|move|p2a: Clefable|Stealth Rock|p1a: Blissey\n|-sidestart|p1: LT73IU devWIN|move: Stealth Rock\n|\n|upkeep\n|turn|20\n|j| LT73IU Maxance\n|\n|t:|1598262778\n|move|p1a: Blissey|Seismic Toss|p2a: Clefable\n|-damage|p2a: Clefable|75\/100 par\n|cant|p2a: Clefable|par\n|\n|upkeep\n|turn|21\n|\n|t:|1598262782\n|move|p1a: Blissey|Seismic Toss|p2a: Clefable\n|-damage|p2a: Clefable|50\/100 par\n|cant|p2a: Clefable|par\n|\n|upkeep\n|turn|22\n|\n|t:|1598262786\n|move|p1a: Blissey|Seismic Toss|p2a: Clefable\n|-damage|p2a: Clefable|24\/100 par\n|move|p2a: Clefable|Soft-Boiled|p2a: Clefable\n|-heal|p2a: Clefable|74\/100 par\n|\n|upkeep\n|turn|23\n|\n|t:|1598262788\n|move|p1a: Blissey|Seismic Toss|p2a: Clefable\n|-damage|p2a: Clefable|49\/100 par\n|move|p2a: Clefable|Soft-Boiled|p2a: Clefable\n|-heal|p2a: Clefable|99\/100 par\n|\n|upkeep\n|turn|24\n|\n|t:|1598262793\n|switch|p2a: Amoonguss|Amoonguss, M|100\/100\n|-damage|p2a: Amoonguss|88\/100|[from] Stealth Rock\n|move|p1a: Blissey|Seismic Toss|p2a: Amoonguss\n|-damage|p2a: Amoonguss|65\/100\n|-damage|p1a: Blissey|84\/100|[from] item: Rocky Helmet|[of] p2a: Amoonguss\n|\n|upkeep\n|turn|25\n|\n|t:|1598262801\n|switch|p2a: Corviknight|Corviknight, M|100\/100 par\n|-damage|p2a: Corviknight|88\/100 par|[from] Stealth Rock\n|-ability|p2a: Corviknight|Pressure\n|move|p1a: Blissey|Thunder Wave|p2a: Corviknight\n|-fail|p2a: Corviknight|par\n|\n|upkeep\n|turn|26\n|\n|t:|1598262805\n|switch|p1a: Toxapex|Toxapex, F|100\/100\n|-damage|p1a: Toxapex|88\/100|[from] Stealth Rock\n|move|p2a: Corviknight|U-turn|p1a: Toxapex\n|-resisted|p1a: Toxapex\n|-damage|p1a: Toxapex|84\/100\n|-damage|p2a: Corviknight|71\/100 par|[from] item: Rocky Helmet|[of] p1a: Toxapex\n|\n|t:|1598262809\n|switch|p2a: Magnezone|Magnezone|100\/100|[from]move: U-turn\n|-damage|p2a: Magnezone|94\/100|[from] Stealth Rock\n|\n|upkeep\n|turn|27\n|\n|t:|1598262816\n|switch|p1a: Blissey|Blissey, F|84\/100\n|move|p2a: Magnezone|Volt Switch|p1a: Blissey\n|-damage|p1a: Blissey|54\/100\n|\n|t:|1598262827\n|switch|p2a: Corviknight|Corviknight, M|71\/100 par|[from]move: Volt Switch\n|-damage|p2a: Corviknight|59\/100 par|[from] Stealth Rock\n|-ability|p2a: Corviknight|Pressure\n|\n|upkeep\n|turn|28\n|\n|t:|1598262836\n|switch|p1a: Toxapex|Toxapex, F|100\/100\n|-damage|p1a: Toxapex|88\/100|[from] Stealth Rock\n|cant|p2a: Corviknight|par\n|\n|upkeep\n|turn|29\n|\n|t:|1598262839\n|move|p1a: Toxapex|Scald|p2a: Corviknight\n|-damage|p2a: Corviknight|47\/100 par\n|move|p2a: Corviknight|Roost|p2a: Corviknight\n|-heal|p2a: Corviknight|97\/100 par\n|-singleturn|p2a: Corviknight|move: Roost\n|\n|upkeep\n|turn|30\n|\n|t:|1598262844\n|move|p1a: Toxapex|Scald|p2a: Corviknight\n|-damage|p2a: Corviknight|85\/100 par\n|move|p2a: Corviknight|Defog|p1a: Toxapex\n|-unboost|p1a: Toxapex|evasion|1\n|-sideend|p1: LT73IU devWIN|Stealth Rock|[from] move: Defog|[of] p2a: Corviknight\n|-sideend|p2: 2222mm|Stealth Rock|[from] move: Defog|[of] p2a: Corviknight\n|\n|upkeep\n|turn|31\n|\n|t:|1598262855\n|switch|p2a: Clefable|Clefable, F|99\/100 par\n|move|p1a: Toxapex|Knock Off|p2a: Clefable\n|-resisted|p2a: Clefable\n|-damage|p2a: Clefable|94\/100 par\n|-enditem|p2a: Clefable|Ring Target|[from] move: Knock Off|[of] p1a: Toxapex\n|\n|upkeep\n|turn|32\n|l| LT73IU Maxance\n|\n|t:|1598262866\n|switch|p1a: Hippowdon|Hippowdon, F|100\/100\n|-weather|Sandstorm|[from] ability: Sand Stream|[of] p1a: Hippowdon\n|move|p2a: Clefable|Stealth Rock|p1a: Hippowdon\n|-sidestart|p1: LT73IU devWIN|move: Stealth Rock\n|\n|-weather|Sandstorm|[upkeep]\n|upkeep\n|turn|33\n|\n|t:|1598262876\n|switch|p2a: Magnezone|Magnezone|94\/100\n|move|p1a: Hippowdon|Stealth Rock|p2a: Magnezone\n|-sidestart|p2: 2222mm|move: Stealth Rock\n|\n|-weather|Sandstorm|[upkeep]\n|upkeep\n|turn|34\n|c|\u2606LT73IU devWIN|yo bro\n|c|\u2606LT73IU devWIN|i dont see how u break\n|c|\u2606LT73IU devWIN|this team\n|c|\u2606LT73IU devWIN|ff?\n|\n|t:|1598262898\n|move|p2a: Magnezone|Steel Beam|p1a: Hippowdon\n|-crit|p1a: Hippowdon\n|-damage|p1a: Hippowdon|0 fnt\n|-damage|p2a: Magnezone|44\/100|[from] mindblown\n|faint|p1a: Hippowdon\n|\n|-weather|Sandstorm|[upkeep]\n|upkeep\n|c|\u2606LT73IU devWIN|see star\n|\n|t:|1598262917\n|switch|p1a: Ditto|Ditto|100\/100\n|-damage|p1a: Ditto|88\/100|[from] Stealth Rock\n|-transform|p1a: Ditto|p2a: Magnezone|[from] ability: Imposter\n|turn|35\n|inactive|2222mm has 120 seconds left.\n|\n|t:|1598262966\n|switch|p2a: Amoonguss|Amoonguss, M|98\/100\n|-damage|p2a: Amoonguss|86\/100|[from] Stealth Rock\n|move|p1a: Ditto|Volt Switch|p2a: Amoonguss\n|-resisted|p2a: Amoonguss\n|-damage|p2a: Amoonguss|60\/100\n|j| LT73IU Maxance\n|\n|t:|1598262976\n|switch|p1a: Blissey|Blissey, F|54\/100|[from]move: Volt Switch\n|\n|-weather|Sandstorm|[upkeep]\n|-damage|p1a: Blissey|48\/100|[from] Sandstorm\n|-damage|p2a: Amoonguss|54\/100|[from] Sandstorm\n|upkeep\n|turn|36\n|\n|t:|1598262984\n|switch|p2a: Corviknight|Corviknight, M|85\/100 par\n|-damage|p2a: Corviknight|72\/100 par|[from] Stealth Rock\n|-ability|p2a: Corviknight|Pressure\n|move|p1a: Blissey|Soft-Boiled|p1a: Blissey\n|-heal|p1a: Blissey|98\/100\n|\n|-weather|none\n|upkeep\n|turn|37\n|\n|t:|1598262994\n|switch|p1a: Toxapex|Toxapex, F|100\/100\n|-damage|p1a: Toxapex|88\/100|[from] Stealth Rock\n|move|p2a: Corviknight|Defog|p1a: Toxapex\n|-unboost|p1a: Toxapex|evasion|1\n|-sideend|p1: LT73IU devWIN|Stealth Rock|[from] move: Defog|[of] p2a: Corviknight\n|-sideend|p2: 2222mm|Stealth Rock|[from] move: Defog|[of] p2a: Corviknight\n|\n|upkeep\n|turn|38\n|\n|t:|1598262999\n|switch|p1a: Corviknight|Corviknight, M|100\/100\n|-ability|p1a: Corviknight|Pressure\n|move|p2a: Corviknight|Roost|p2a: Corviknight\n|-heal|p2a: Corviknight|100\/100 par\n|-singleturn|p2a: Corviknight|move: Roost\n|\n|upkeep\n|turn|39\n|\n|t:|1598263004\n|move|p1a: Corviknight|U-turn|p2a: Corviknight\n|-resisted|p2a: Corviknight\n|-damage|p2a: Corviknight|98\/100 par\n|\n|t:|1598263012\n|switch|p1a: Toxapex|Toxapex, F|100\/100|[from]move: U-turn\n|cant|p2a: Corviknight|par\n|\n|upkeep\n|turn|40\n|\n|t:|1598263021\n|switch|p1a: Corviknight|Corviknight, M|100\/100\n|-ability|p1a: Corviknight|Pressure\n|cant|p2a: Corviknight|par\n|\n|upkeep\n|turn|41\n|\n|t:|1598263025\n|move|p1a: Corviknight|U-turn|p2a: Corviknight\n|-resisted|p2a: Corviknight\n|-damage|p2a: Corviknight|95\/100 par\n|\n|t:|1598263026\n|switch|p1a: Toxapex|Toxapex, F|100\/100|[from]move: U-turn\n|cant|p2a: Corviknight|par\n|\n|upkeep\n|turn|42\n|\n|t:|1598263030\n|switch|p1a: Corviknight|Corviknight, M|100\/100\n|-ability|p1a: Corviknight|Pressure\n|move|p2a: Corviknight|U-turn|p1a: Corviknight\n|-resisted|p1a: Corviknight\n|-damage|p1a: Corviknight|98\/100\n|\n|t:|1598263033\n|switch|p2a: Magnezone|Magnezone|44\/100|[from]move: U-turn\n|\n|-heal|p1a: Corviknight|100\/100|[from] item: Leftovers\n|upkeep\n|turn|43\n|\n|t:|1598263041\n|switch|p1a: Blissey|Blissey, F|98\/100\n|move|p2a: Magnezone|Volt Switch|p1a: Blissey\n|-damage|p1a: Blissey|67\/100\n|\n|t:|1598263047\n|switch|p2a: Dracozolt|Dracozolt|100\/100|[from]move: Volt Switch\n|\n|upkeep\n|turn|44\n|\n|t:|1598263052\n|switch|p1a: Ditto|Ditto|88\/100\n|-transform|p1a: Ditto|p2a: Dracozolt|[from] ability: Imposter\n|move|p2a: Dracozolt|Bolt Beak|p1a: Ditto\n|-heal|p1a: Ditto|100\/100|[from] ability: Volt Absorb|[of] p2a: Dracozolt\n|\n|upkeep\n|turn|45\n|c| LT73IU Stareal|hint\n|j| LT73IU Shuckle\n|c| LT73IU Stareal|u lose\n|\n|t:|1598263063\n|switch|p2a: Amoonguss|Amoonguss, M|87\/100\n|move|p1a: Ditto|Bolt Beak|p2a: Amoonguss\n|-resisted|p2a: Amoonguss\n|-damage|p2a: Amoonguss|66\/100\n|-damage|p1a: Ditto|84\/100|[from] item: Rocky Helmet|[of] p2a: Amoonguss\n|\n|upkeep\n|turn|46\n|\n|t:|1598263074\n|switch|p1a: Clefable|Clefable, M|95\/100\n|move|p2a: Amoonguss|Spore|p1a: Clefable\n|-status|p1a: Clefable|slp|[from] move: Spore\n|\n|upkeep\n|turn|47\n|\n|t:|1598263079\n|switch|p2a: Magnezone|Magnezone|44\/100\n|cant|p1a: Clefable|slp\n|\n|upkeep\n|turn|48\n|\n|t:|1598263086\n|switch|p1a: Blissey|Blissey, F|67\/100\n|move|p2a: Magnezone|Flash Cannon|p1a: Blissey\n|-damage|p1a: Blissey|35\/100\n|\n|upkeep\n|turn|49\n|\n|t:|1598263097\n|switch|p2a: Clefable|Clefable, F|94\/100 par\n|move|p1a: Blissey|Soft-Boiled|p1a: Blissey\n|-heal|p1a: Blissey|85\/100\n|\n|upkeep\n|turn|50\n|\n|t:|1598263101\n|move|p1a: Blissey|Seismic Toss|p2a: Clefable\n|-damage|p2a: Clefable|68\/100 par\n|move|p2a: Clefable|Trick|p1a: Blissey\n|-activate|p2a: Clefable|move: Trick|[of] p1a: Blissey\n|-enditem|p1a: Blissey|Heavy-Duty Boots|[silent]|[from] move: Trick\n|-item|p2a: Clefable|Heavy-Duty Boots|[from] move: Trick\n|\n|upkeep\n|turn|51\n|\n|t:|1598263110\n|move|p1a: Blissey|Seismic Toss|p2a: Clefable\n|-damage|p2a: Clefable|43\/100 par\n|move|p2a: Clefable|Soft-Boiled|p2a: Clefable\n|-heal|p2a: Clefable|93\/100 par\n|\n|upkeep\n|turn|52\n|\n|t:|1598263114\n|move|p1a: Blissey|Seismic Toss|p2a: Clefable\n|-damage|p2a: Clefable|68\/100 par\n|move|p2a: Clefable|Stealth Rock|p1a: Blissey\n|-sidestart|p1: LT73IU devWIN|move: Stealth Rock\n|\n|upkeep\n|turn|53\n|\n|t:|1598263119\n|switch|p2a: Corviknight|Corviknight, M|95\/100 par\n|-ability|p2a: Corviknight|Pressure\n|move|p1a: Blissey|Seismic Toss|p2a: Corviknight\n|-damage|p2a: Corviknight|70\/100 par\n|\n|upkeep\n|turn|54\n|\n|t:|1598263123\n|move|p2a: Corviknight|Roost|p2a: Corviknight\n|-heal|p2a: Corviknight|100\/100 par\n|-singleturn|p2a: Corviknight|move: Roost\n|move|p1a: Blissey|Teleport|p1a: Blissey\n|\n|t:|1598263126\n|switch|p1a: Clefable|Clefable, M|95\/100 slp|[from]move: Teleport\n|\n|upkeep\n|turn|55\n|\n|t:|1598263130\n|cant|p1a: Clefable|slp\n|move|p2a: Corviknight|U-turn|p1a: Clefable\n|-resisted|p1a: Clefable\n|-damage|p1a: Clefable|89\/100 slp\n|\n|t:|1598263132\n|switch|p2a: Magnezone|Magnezone|44\/100|[from]move: U-turn\n|\n|upkeep\n|turn|56\n|\n|t:|1598263137\n|switch|p1a: Blissey|Blissey, F|85\/100\n|-damage|p1a: Blissey|72\/100|[from] Stealth Rock\n|move|p2a: Magnezone|Volt Switch|p1a: Blissey\n|-damage|p1a: Blissey|43\/100\n|\n|t:|1598263145\n|switch|p2a: Dracozolt|Dracozolt|100\/100|[from]move: Volt Switch\n|\n|upkeep\n|turn|57\n|\n|t:|1598263153\n|switch|p1a: Ditto|Ditto|84\/100\n|-damage|p1a: Ditto|71\/100|[from] Stealth Rock\n|-transform|p1a: Ditto|p2a: Dracozolt|[from] ability: Imposter\n|move|p2a: Dracozolt|Bolt Beak|p1a: Ditto\n|-heal|p1a: Ditto|96\/100|[from] ability: Volt Absorb|[of] p2a: Dracozolt\n|\n|upkeep\n|turn|58\n|\n|t:|1598263162\n|switch|p2a: Amoonguss|Amoonguss, M|99\/100\n|move|p1a: Ditto|Draco Meteor|p2a: Amoonguss\n|-damage|p2a: Amoonguss|44\/100\n|-unboost|p1a: Ditto|spa|2\n|\n|upkeep\n|turn|59\n|\n|t:|1598263179\n|switch|p1a: Clefable|Clefable, M|89\/100 slp\n|switch|p2a: Corviknight|Corviknight, M|100\/100 par\n|-ability|p2a: Corviknight|Pressure\n|\n|upkeep\n|turn|60\n|\n|t:|1598263183\n|cant|p1a: Clefable|slp\n|move|p2a: Corviknight|U-turn|p1a: Clefable\n|-resisted|p1a: Clefable\n|-damage|p1a: Clefable|83\/100 slp\n|\n|t:|1598263188\n|switch|p2a: Magnezone|Magnezone|44\/100|[from]move: U-turn\n|\n|upkeep\n|turn|61\n|j| LT73IU NTAIZAI\n|\n|t:|1598263199\n|switch|p1a: Ditto|Ditto|96\/100\n|-damage|p1a: Ditto|84\/100|[from] Stealth Rock\n|-transform|p1a: Ditto|p2a: Magnezone|[from] ability: Imposter\n|move|p2a: Magnezone|Thunderbolt|p1a: Ditto\n|-resisted|p1a: Ditto\n|-damage|p1a: Ditto|19\/100\n|\n|upkeep\n|turn|62\n|\n|t:|1598263223\n|switch|p2a: Amoonguss|Amoonguss, M|77\/100\n|move|p1a: Ditto|Volt Switch|p2a: Amoonguss\n|-resisted|p2a: Amoonguss\n|-damage|p2a: Amoonguss|52\/100\n|\n|t:|1598263227\n|switch|p1a: Blissey|Blissey, F|43\/100|[from]move: Volt Switch\n|-damage|p1a: Blissey|30\/100|[from] Stealth Rock\n|\n|upkeep\n|turn|63\n|l| LT73IU Shuckle\n|\n|t:|1598263241\n|move|p1a: Blissey|Soft-Boiled|p1a: Blissey\n|-heal|p1a: Blissey|80\/100\n|move|p2a: Amoonguss|Sludge Bomb|p1a: Blissey\n|-damage|p1a: Blissey|71\/100\n|-status|p1a: Blissey|psn\n|\n|-damage|p1a: Blissey|58\/100 psn|[from] psn\n|upkeep\n|turn|64\n|j| LT73IU Shuckle\n|\n|t:|1598263262\n|move|p1a: Blissey|Thunder Wave|p2a: Amoonguss\n|-status|p2a: Amoonguss|par\n|move|p2a: Amoonguss|Giga Drain|p1a: Blissey\n|-crit|p1a: Blissey\n|-damage|p1a: Blissey|47\/100 psn\n|-heal|p2a: Amoonguss|62\/100 par|[from] drain|[of] p1a: Blissey\n|\n|-damage|p1a: Blissey|34\/100 psn|[from] psn\n|upkeep\n|turn|65\n|\n|t:|1598263286\n|switch|p2a: Dracozolt|Dracozolt|100\/100\n|move|p1a: Blissey|Soft-Boiled|p1a: Blissey\n|-heal|p1a: Blissey|84\/100 psn\n|\n|-damage|p1a: Blissey|72\/100 psn|[from] psn\n|upkeep\n|turn|66\n|j| Curry and shit\n|\n|t:|1598263297\n|switch|p1a: Ditto|Ditto|19\/100\n|-damage|p1a: Ditto|7\/100|[from] Stealth Rock\n|-transform|p1a: Ditto|p2a: Dracozolt|[from] ability: Imposter\n|move|p2a: Dracozolt|Substitute|p2a: Dracozolt\n|-start|p2a: Dracozolt|Substitute\n|-damage|p2a: Dracozolt|76\/100\n|\n|upkeep\n|turn|67\n|\n|t:|1598263303\n|move|p1a: Ditto|Draco Meteor|p2a: Dracozolt\n|-supereffective|p2a: Dracozolt\n|-end|p2a: Dracozolt|Substitute\n|-unboost|p1a: Ditto|spa|2\n|move|p2a: Dracozolt|Fire Blast|p1a: Ditto\n|-resisted|p1a: Ditto\n|-damage|p1a: Ditto|0 fnt\n|-damage|p2a: Dracozolt|66\/100|[from] item: Life Orb\n|faint|p1a: Ditto\n|\n|upkeep\n|\n|t:|1598263312\n|switch|p1a: Clefable|Clefable, M|83\/100 slp\n|turn|68\n|\n|t:|1598263317\n|switch|p2a: Amoonguss|Amoonguss, M|95\/100 par\n|-curestatus|p1a: Clefable|slp|[msg]\n|move|p1a: Clefable|Moonblast|p2a: Amoonguss\n|-resisted|p2a: Amoonguss\n|-damage|p2a: Amoonguss|77\/100 par\n|\n|upkeep\n|turn|69\n|\n|t:|1598263325\n|switch|p1a: Toxapex|Toxapex, F|100\/100\n|-damage|p1a: Toxapex|88\/100|[from] Stealth Rock\n|move|p2a: Amoonguss|Spore|p1a: Toxapex\n|-status|p1a: Toxapex|slp|[from] move: Spore\n|\n|upkeep\n|turn|70\n|\n|t:|1598263328\n|switch|p1a: Clefable|Clefable, M|83\/100\n|switch|p2a: Magnezone|Magnezone|44\/100\n|\n|upkeep\n|turn|71\n|\n|t:|1598263333\n|move|p2a: Magnezone|Flash Cannon|p1a: Clefable\n|-supereffective|p1a: Clefable\n|-damage|p1a: Clefable|0 fnt\n|faint|p1a: Clefable\n|\n|upkeep\n|-message|LT73IU devWIN forfeited.\n|\n|win|2222mm\n|l|\u2606LT73IU devWIN\n|raw|LT73IU devWIN's rating: 1688 &rarr; <strong>1666<\/strong><br \/>(-22 for losing)\n|raw|2222mm's rating: 1636 &rarr; <strong>1659<\/strong><br \/>(+23 for winning)\n|l| LT73IU Maxance\n|l| yhiuyh\n|j| Pais\n|l| LT73IU NTAIZAI\n|l| Pais\n|l|\u26062222mm\n|l| Curry and shit\n|l| LT73IU Shuckle\n|l| dbsfxb\n","uploadtime":1598263347,"views":52,"p1id":"lt73iudevwin","p2id":"2222mm","formatid":"gen8ou","rating":1659,"private":0,"password":null}