{"id":"gen8ou-1269075981","p1":"Karmatron","p2":"roboPOKE","format":"gen8ou","log":"|html|<div class=\"broadcast-blue\"><strong>[Gen 8] OU is currently suspecting Spectrier! For information on how to participate check out the <a href=\"https:\/\/www.smogon.com\/forums\/threads\/np-ss-ou-suspect-process-round-9-old-town-road.3676744\/\">suspect thread<\/a>.<\/strong><\/div>\n|j|\u2606Karmatron\n|j|\u2606roboPOKE\n|t:|1611564852\n|player|p1|Karmatron|waiter|1828\n|player|p2|roboPOKE|101|1707\n|teamsize|p1|6\n|teamsize|p2|6\n|gametype|singles\n|gen|8\n|tier|[Gen 8] OU\n|rated|\n|clearpoke\n|poke|p1|Melmetal|\n|poke|p1|Crawdaunt, M|\n|poke|p1|Pelipper, M|\n|poke|p1|Barraskewda, F|\n|poke|p1|Magearna|\n|poke|p1|Mesprit|\n|poke|p2|Cinderace, M|\n|poke|p2|Slowbro, F|\n|poke|p2|Eiscue, M|\n|poke|p2|Abomasnow, F|\n|poke|p2|Garchomp, F|\n|poke|p2|Mandibuzz, F|\n|rule|Sleep Clause Mod: Limit one foe put to sleep\n|rule|Species Clause: Limit one of each Pok\u00e9mon\n|rule|OHKO Clause: OHKO moves are banned\n|rule|Evasion Moves Clause: Evasion moves are banned\n|rule|Endless Battle Clause: Forcing endless battles is banned\n|rule|HP Percentage Mod: HP is shown in percentages\n|rule|Dynamax Clause: You cannot dynamax\n|teampreview\n|inactive|Battle timer is ON: inactive players will automatically lose when time's up. (requested by Karmatron)\n|\n|t:|1611564870\n|start\n|switch|p1a: Barraskewda|Barraskewda, F|100\/100\n|switch|p2a: Cinderace|Cinderace, M|100\/100\n|turn|1\n|\n|t:|1611564875\n|switch|p2a: Abomasnow|Abomasnow, F|100\/100\n|-weather|Hail|[from] ability: Snow Warning|[of] p2a: Abomasnow\n|move|p1a: Barraskewda|Flip Turn|p2a: Abomasnow\n|-resisted|p2a: Abomasnow\n|-damage|p2a: Abomasnow|73\/100\n|j| meatybawls\n|\n|t:|1611564880\n|switch|p1a: Melmetal|Melmetal|100\/100|[from]move: Flip Turn\n|\n|-weather|Hail|[upkeep]\n|-damage|p1a: Melmetal|94\/100|[from] Hail\n|upkeep\n|turn|2\n|j| Rookie55\n|\n|t:|1611564888\n|switch|p2a: Slowbro|Slowbro, F|100\/100\n|move|p1a: Melmetal|Double Iron Bash|p2a: Slowbro\n|-resisted|p2a: Slowbro\n|-damage|p2a: Slowbro|79\/100\n|-resisted|p2a: Slowbro\n|-damage|p2a: Slowbro|59\/100\n|-hitcount|p2a: Slowbro|2\n|\n|-weather|Hail|[upkeep]\n|-damage|p2a: Slowbro|53\/100|[from] Hail\n|-damage|p1a: Melmetal|88\/100|[from] Hail\n|upkeep\n|turn|3\n|j| acfunyu\n|\n|t:|1611564896\n|move|p1a: Melmetal|Double Iron Bash|p2a: Slowbro\n|-resisted|p2a: Slowbro\n|-damage|p2a: Slowbro|33\/100\n|-resisted|p2a: Slowbro\n|-damage|p2a: Slowbro|14\/100\n|-hitcount|p2a: Slowbro|2\n|cant|p2a: Slowbro|flinch\n|\n|-weather|Hail|[upkeep]\n|-damage|p2a: Slowbro|8\/100|[from] Hail\n|-damage|p1a: Melmetal|82\/100|[from] Hail\n|upkeep\n|turn|4\n|j| Alucard.sasor\n|\n|t:|1611564910\n|switch|p2a: Mandibuzz|Mandibuzz, F|100\/100\n|move|p1a: Melmetal|Double Iron Bash|p2a: Mandibuzz\n|-damage|p2a: Mandibuzz|57\/100\n|-damage|p2a: Mandibuzz|16\/100\n|-hitcount|p2a: Mandibuzz|2\n|\n|-weather|Hail|[upkeep]\n|-damage|p1a: Melmetal|76\/100|[from] Hail\n|upkeep\n|turn|5\n|\n|t:|1611564917\n|move|p2a: Mandibuzz|Foul Play|p1a: Melmetal\n|-damage|p1a: Melmetal|43\/100\n|move|p1a: Melmetal|Double Iron Bash|p2a: Mandibuzz\n|-damage|p2a: Mandibuzz|0 fnt\n|-hitcount|p2a: Mandibuzz|1\n|faint|p2a: Mandibuzz\n|\n|-weather|Hail|[upkeep]\n|-damage|p1a: Melmetal|37\/100|[from] Hail\n|upkeep\n|j| Tomkou\n|j| epsilon_xd\n|inactive|roboPOKE has 120 seconds left.\n|\n|t:|1611564959\n|switch|p2a: Cinderace|Cinderace, M|100\/100\n|turn|6\n|\n|t:|1611564970\n|switch|p1a: Pelipper|Pelipper, M|100\/100\n|-weather|RainDance|[from] ability: Drizzle|[of] p1a: Pelipper\n|move|p2a: Cinderace|Pyro Ball|p1a: Pelipper\n|-resisted|p1a: Pelipper\n|-crit|p1a: Pelipper\n|-damage|p1a: Pelipper|83\/100\n|\n|-weather|RainDance|[upkeep]\n|upkeep\n|turn|7\n|\n|t:|1611564975\n|move|p2a: Cinderace|Gunk Shot|p1a: Pelipper\n|-start|p2a: Cinderace|typechange|Poison|[from] ability: Libero\n|-damage|p1a: Pelipper|36\/100\n|move|p1a: Pelipper|U-turn|p2a: Cinderace\n|-resisted|p2a: Cinderace\n|-damage|p2a: Cinderace|94\/100\n|inactive|Karmatron has 120 seconds left.\n|\n|t:|1611565008\n|switch|p1a: Barraskewda|Barraskewda, F|100\/100|[from]move: U-turn\n|\n|-weather|RainDance|[upkeep]\n|upkeep\n|turn|8\n|j| WellnessA\n|\n|t:|1611565017\n|move|p2a: Cinderace|Sucker Punch|p1a: Barraskewda\n|-start|p2a: Cinderace|typechange|Dark|[from] ability: Libero\n|-damage|p1a: Barraskewda|30\/100\n|move|p1a: Barraskewda|Liquidation|p2a: Cinderace\n|-damage|p2a: Cinderace|0 fnt\n|faint|p2a: Cinderace\n|\n|-weather|RainDance|[upkeep]\n|upkeep\n|\n|t:|1611565019\n|switch|p2a: Abomasnow|Abomasnow, F|73\/100\n|-weather|Hail|[from] ability: Snow Warning|[of] p2a: Abomasnow\n|turn|9\n|\n|t:|1611565024\n|switch|p1a: Mesprit|Mesprit|100\/100\n|move|p2a: Abomasnow|Earthquake|p1a: Mesprit\n|-immune|p1a: Mesprit|[from] ability: Levitate\n|\n|-weather|Hail|[upkeep]\n|-damage|p1a: Mesprit|94\/100|[from] Hail\n|upkeep\n|turn|10\n|\n|t:|1611565031\n|switch|p2a: Slowbro|Slowbro, F|41\/100\n|move|p1a: Mesprit|Stealth Rock|p2a: Slowbro\n|-sidestart|p2: roboPOKE|move: Stealth Rock\n|\n|-weather|Hail|[upkeep]\n|-damage|p1a: Mesprit|88\/100|[from] Hail\n|-damage|p2a: Slowbro|35\/100|[from] Hail\n|upkeep\n|turn|11\n|\n|t:|1611565036\n|move|p2a: Slowbro|Teleport|p2a: Slowbro\n|j| get flanked\n|c|\u2606roboPOKE|!ds teleport\n|c| roboPOKE|\/raw <div class=\"infobox\"><a href=\"\/\/dex.pokemonshowdown.com\/pokemon\/abra\" target=\"_blank\" class=\"subtle\" style=\"white-space:nowrap\"><psicon pokemon=\"Abra\" style=\"vertical-align:-7px;margin:-2px\" \/>Abra<\/a>, <a href=\"\/\/dex.pokemonshowdown.com\/pokemon\/alakazam\" target=\"_blank\" class=\"subtle\" style=\"white-space:nowrap\"><psicon pokemon=\"Alakazam\" style=\"vertical-align:-7px;margin:-2px\" \/>Alakazam<\/a>, <a href=\"\/\/dex.pokemonshowdown.com\/pokemon\/arcanine\" target=\"_blank\" class=\"subtle\" style=\"white-space:nowrap\"><psicon pokemon=\"Arcanine\" style=\"vertical-align:-7px;margin:-2px\" \/>Arcanine<\/a>, <a href=\"\/\/dex.pokemonshowdown.com\/pokemon\/beheeyem\" target=\"_blank\" class=\"subtle\" style=\"white-space:nowrap\"><psicon pokemon=\"Beheeyem\" style=\"vertical-align:-7px;margin:-2px\" \/>Beheeyem<\/a>, <a href=\"\/\/dex.pokemonshowdown.com\/pokemon\/blissey\" target=\"_blank\" class=\"subtle\" style=\"white-space:nowrap\"><psicon pokemon=\"Blissey\" style=\"vertical-align:-7px;margin:-2px\" \/>Blissey<\/a>, <a href=\"\/\/dex.pokemonshowdown.com\/pokemon\/butterfree\" target=\"_blank\" class=\"subtle\" style=\"white-space:nowrap\"><psicon pokemon=\"Butterfree\" style=\"vertical-align:-7px;margin:-2px\" \/>Butterfree<\/a>, <a href=\"\/\/dex.pokemonshowdown.com\/pokemon\/chansey\" target=\"_blank\" class=\"subtle\" style=\"white-space:nowrap\"><psicon pokemon=\"Chansey\" style=\"vertical-align:-7px;margin:-2px\" \/>Chansey<\/a>, <a href=\"\/\/dex.pokemonshowdown.com\/pokemon\/claydol\" target=\"_blank\" class=\"subtle\" style=\"white-space:nowrap\"><psicon pokemon=\"Claydol\" style=\"vertical-align:-7px;margin:-2px\" \/>Claydol<\/a>, <a href=\"\/\/dex.pokemonshowdown.com\/pokemon\/clefable\" target=\"_blank\" class=\"subtle\" style=\"white-space:nowrap\"><psicon pokemon=\"Clefable\" style=\"vertical-align:-7px;margin:-2px\" \/>Clefable<\/a>, <a href=\"\/\/dex.pokemonshowdown.com\/pokemon\/clefairy\" target=\"_blank\" class=\"subtle\" style=\"white-space:nowrap\"><psicon pokemon=\"Clefairy\" style=\"vertical-align:-7px;margin:-2px\" \/>Clefairy<\/a>, and 39 more. <span style=\"color:#999999;\">Redo the search with ', all' at the end to show all results.<\/span><\/div>\n|j| pq2005\n|c|\u2606roboPOKE|!ms mesprit, priority<-6\n|raw|<ul class=\"utilichart\"><li class=\"result\"><span class=\"col movenamecol\"><a href=\"https:\/\/dex.pokemonshowdown.com\/moves\/trickroom\">Trick Room<\/a><\/span> <span class=\"col typecol\"><img src=\"\/\/play.pokemonshowdown.com\/sprites\/types\/Psychic.png\" alt=\"Psychic\" width=\"32\" height=\"14\"><img src=\"\/\/play.pokemonshowdown.com\/sprites\/categories\/Status.png\" alt=\"Status\" width=\"32\" height=\"14\"><\/span> <span class=\"col widelabelcol\"><em>Accuracy<\/em><br>\u2014<\/span> <span class=\"col pplabelcol\"><em>PP<\/em><br>8<\/span> <span class=\"col movedesccol\">Goes last. For 5 turns, turn order is reversed.<\/span> <\/li><li style=\"clear:both\"><\/li><\/ul>\n|raw|<font size=\"1\"><font color=\"#686868\">Priority:<\/font> -7&nbsp;|&ThickSpace;<font color=\"#686868\">Gen:<\/font> 4&nbsp;|&ThickSpace;&#10003; Bypasses Protect&nbsp;|&ThickSpace;<font color=\"#686868\">Z-Effect:<\/font>  Accuracy +1&nbsp;|&ThickSpace;<font color=\"#686868\">Target:<\/font> All Pok\u00e9mon<\/font>\n\n|inactive|roboPOKE has 120 seconds left.\n|c|\u2606roboPOKE|oh trickroom\n|\n|t:|1611565084\n|switch|p2a: Eiscue|Eiscue, M|100\/100|[from]move: Teleport\n|-damage|p2a: Eiscue|76\/100|[from] Stealth Rock\n|move|p1a: Mesprit|Trick Room|p1a: Mesprit\n|-fieldstart|move: Trick Room|[of] p1a: Mesprit\n|\n|-weather|Hail|[upkeep]\n|-damage|p1a: Mesprit|82\/100|[from] Hail\n|upkeep\n|turn|12\n|\n|t:|1611565090\n|move|p2a: Eiscue|Aurora Veil|p2a: Eiscue\n|-sidestart|p2: roboPOKE|move: Aurora Veil\n|move|p1a: Mesprit|Healing Wish|p1a: Mesprit\n|faint|p1a: Mesprit\n|\n|-weather|Hail|[upkeep]\n|upkeep\n|\n|t:|1611565094\n|switch|p1a: Melmetal|Melmetal|37\/100\n|-heal|p1a: Melmetal|100\/100|[from] move: Healing Wish\n|turn|13\n|\n|t:|1611565101\n|switch|p2a: Slowbro|Slowbro, F|68\/100\n|move|p1a: Melmetal|Double Iron Bash|p2a: Slowbro\n|-resisted|p2a: Slowbro\n|-damage|p2a: Slowbro|59\/100\n|-resisted|p2a: Slowbro\n|-damage|p2a: Slowbro|50\/100\n|-hitcount|p2a: Slowbro|2\n|\n|-weather|Hail|[upkeep]\n|-damage|p1a: Melmetal|94\/100|[from] Hail\n|-damage|p2a: Slowbro|44\/100|[from] Hail\n|upkeep\n|turn|14\n|\n|t:|1611565109\n|switch|p1a: Crawdaunt|Crawdaunt, M|100\/100\n|move|p2a: Slowbro|Future Sight|p1a: Crawdaunt\n|-start|p2a: Slowbro|move: Future Sight\n|\n|-weather|Hail|[upkeep]\n|-damage|p2a: Slowbro|38\/100|[from] Hail\n|-damage|p1a: Crawdaunt|95\/100|[from] Hail\n|upkeep\n|turn|15\n|\n|t:|1611565113\n|switch|p2a: Eiscue|Eiscue, M|76\/100\n|-damage|p2a: Eiscue|51\/100|[from] Stealth Rock\n|move|p1a: Crawdaunt|Knock Off|p2a: Eiscue\n|-activate|p2a: Eiscue|ability: Ice Face\n|-damage|p2a: Eiscue|51\/100\n|-damage|p1a: Crawdaunt|78\/100|[from] item: Rocky Helmet|[of] p2a: Eiscue\n|-enditem|p2a: Eiscue|Rocky Helmet|[from] move: Knock Off|[of] p1a: Crawdaunt\n|detailschange|p2a: Eiscue|Eiscue-Noice, M\n|\n|-weather|Hail|[upkeep]\n|-damage|p1a: Crawdaunt|72\/100|[from] Hail\n|-fieldend|move: Trick Room\n|upkeep\n|turn|16\n|inactive|Karmatron has 120 seconds left.\n|l| acfunyu\n|inactive|Karmatron has 90 seconds left.\n|\n|t:|1611565179\n|switch|p1a: Pelipper|Pelipper, M|36\/100\n|-weather|RainDance|[from] ability: Drizzle|[of] p1a: Pelipper\n|move|p2a: Eiscue|Freeze-Dry|p1a: Pelipper\n|-supereffective|p1a: Pelipper\n|-damage|p1a: Pelipper|0 fnt\n|faint|p1a: Pelipper\n|\n|-weather|RainDance|[upkeep]\n|-hint|Future Sight did not hit because the target is fainted.\n|-sideend|p2: roboPOKE|move: Aurora Veil\n|upkeep\n|\n|t:|1611565183\n|switch|p1a: Crawdaunt|Crawdaunt, M|72\/100\n|turn|17\n|\n|t:|1611565192\n|move|p2a: Eiscue|Protect|p2a: Eiscue\n|-singleturn|p2a: Eiscue|Protect\n|move|p1a: Crawdaunt|Aqua Jet|p2a: Eiscue\n|-activate|p2a: Eiscue|move: Protect\n|\n|-weather|RainDance|[upkeep]\n|upkeep\n|turn|18\n|\n|t:|1611565198\n|switch|p2a: Abomasnow|Abomasnow, F|73\/100\n|-damage|p2a: Abomasnow|49\/100|[from] Stealth Rock\n|-weather|Hail|[from] ability: Snow Warning|[of] p2a: Abomasnow\n|switch|p1a: Magearna|Magearna|100\/100\n|\n|-weather|Hail|[upkeep]\n|-damage|p1a: Magearna|94\/100|[from] Hail\n|upkeep\n|turn|19\n|\n|t:|1611565204\n|move|p2a: Abomasnow|Earthquake|p1a: Magearna\n|-supereffective|p1a: Magearna\n|-enditem|p1a: Magearna|Shuca Berry|[eat]\n|-enditem|p1a: Magearna|Shuca Berry|[weaken]\n|-damage|p1a: Magearna|71\/100\n|move|p1a: Magearna|Focus Blast|p2a: Abomasnow\n|-supereffective|p2a: Abomasnow\n|-damage|p2a: Abomasnow|0 fnt\n|faint|p2a: Abomasnow\n|-ability|p1a: Magearna|Soul-Heart|boost\n|-boost|p1a: Magearna|spa|1\n|\n|-weather|Hail|[upkeep]\n|-damage|p1a: Magearna|65\/100|[from] Hail\n|upkeep\n|\n|t:|1611565210\n|switch|p2a: Garchomp|Garchomp, F|100\/100\n|-damage|p2a: Garchomp|94\/100|[from] Stealth Rock\n|turn|20\n|c|\u2606Karmatron|man\n|c|\u2606Karmatron|i meant to go baraskew\n|c|\u2606Karmatron|now craw\n|\n|t:|1611565239\n|switch|p1a: Melmetal|Melmetal|94\/100\n|move|p2a: Garchomp|Earthquake|p1a: Melmetal\n|-supereffective|p1a: Melmetal\n|-damage|p1a: Melmetal|39\/100\n|\n|-weather|Hail|[upkeep]\n|-damage|p2a: Garchomp|88\/100|[from] Hail\n|-damage|p1a: Melmetal|32\/100|[from] Hail\n|-heal|p2a: Garchomp|94\/100|[from] item: Leftovers\n|upkeep\n|turn|21\n|\n|t:|1611565245\n|move|p2a: Garchomp|Earthquake|p1a: Melmetal\n|-supereffective|p1a: Melmetal\n|-damage|p1a: Melmetal|0 fnt\n|faint|p1a: Melmetal\n|\n|-weather|Hail|[upkeep]\n|-damage|p2a: Garchomp|88\/100|[from] Hail\n|-heal|p2a: Garchomp|94\/100|[from] item: Leftovers\n|upkeep\n|\n|t:|1611565248\n|switch|p1a: Barraskewda|Barraskewda, F|30\/100\n|turn|22\n|\n|t:|1611565263\n|move|p1a: Barraskewda|Flip Turn|p2a: Garchomp\n|-damage|p2a: Garchomp|41\/100\n|-damage|p1a: Barraskewda|18\/100|[from] ability: Rough Skin|[of] p2a: Garchomp\n|j| bleach is tr4sh\n|\n|t:|1611565280\n|switch|p1a: Crawdaunt|Crawdaunt, M|72\/100|[from]move: Flip Turn\n|move|p2a: Garchomp|Stealth Rock|p1a: Crawdaunt\n|-sidestart|p1: Karmatron|move: Stealth Rock\n|\n|-weather|Hail|[upkeep]\n|-damage|p2a: Garchomp|35\/100|[from] Hail\n|-damage|p1a: Crawdaunt|66\/100|[from] Hail\n|-heal|p2a: Garchomp|41\/100|[from] item: Leftovers\n|upkeep\n|turn|23\n|\n|t:|1611565288\n|switch|p2a: Eiscue|Eiscue-Noice, M|51\/100\n|-damage|p2a: Eiscue|26\/100|[from] Stealth Rock\n|-activate|p2a: Eiscue|ability: Ice Face\n|detailschange|p2a: Eiscue|Eiscue, M\n|move|p1a: Crawdaunt|Aqua Jet|p2a: Eiscue\n|-activate|p2a: Eiscue|ability: Ice Face\n|-damage|p2a: Eiscue|26\/100\n|detailschange|p2a: Eiscue|Eiscue-Noice, M\n|\n|-weather|Hail|[upkeep]\n|-damage|p1a: Crawdaunt|60\/100|[from] Hail\n|upkeep\n|turn|24\n|j| Krokmouyoyo\n|\n|t:|1611565306\n|switch|p2a: Slowbro|Slowbro, F|71\/100\n|move|p1a: Crawdaunt|Aqua Jet|p2a: Slowbro\n|-resisted|p2a: Slowbro\n|-damage|p2a: Slowbro|59\/100\n|\n|-weather|Hail|[upkeep]\n|-damage|p1a: Crawdaunt|54\/100|[from] Hail\n|-damage|p2a: Slowbro|53\/100|[from] Hail\n|upkeep\n|turn|25\n|\n|t:|1611565309\n|switch|p1a: Barraskewda|Barraskewda, F|18\/100\n|-damage|p1a: Barraskewda|5\/100|[from] Stealth Rock\n|move|p2a: Slowbro|Teleport|p2a: Slowbro\n|\n|t:|1611565311\n|switch|p2a: Eiscue|Eiscue-Noice, M|26\/100|[from]move: Teleport\n|-damage|p2a: Eiscue|1\/100|[from] Stealth Rock\n|-activate|p2a: Eiscue|ability: Ice Face\n|detailschange|p2a: Eiscue|Eiscue, M\n|\n|-weather|none\n|upkeep\n|turn|26\n|inactive|Karmatron has 120 seconds left.\n|\n|t:|1611565320\n|move|p2a: Eiscue|Protect|p2a: Eiscue\n|-singleturn|p2a: Eiscue|Protect\n|move|p1a: Barraskewda|Psychic Fangs|p2a: Eiscue\n|-activate|p2a: Eiscue|move: Protect\n|\n|upkeep\n|turn|27\n|l| Rookie55\n|\n|t:|1611565333\n|switch|p2a: Slowbro|Slowbro, F|86\/100\n|move|p1a: Barraskewda|Psychic Fangs|p2a: Slowbro\n|-resisted|p2a: Slowbro\n|-damage|p2a: Slowbro|73\/100\n|\n|upkeep\n|turn|28\n|\n|t:|1611565340\n|move|p1a: Barraskewda|Psychic Fangs|p2a: Slowbro\n|-resisted|p2a: Slowbro\n|-damage|p2a: Slowbro|59\/100\n|move|p2a: Slowbro|Future Sight|p1a: Barraskewda\n|-start|p2a: Slowbro|move: Future Sight\n|\n|upkeep\n|turn|29\n|\n|t:|1611565349\n|move|p1a: Barraskewda|Psychic Fangs|p2a: Slowbro\n|-resisted|p2a: Slowbro\n|-damage|p2a: Slowbro|46\/100\n|move|p2a: Slowbro|Slack Off|p2a: Slowbro\n|-heal|p2a: Slowbro|96\/100\n|\n|upkeep\n|turn|30\n|\n|t:|1611565356\n|move|p1a: Barraskewda|Psychic Fangs|p2a: Slowbro\n|-resisted|p2a: Slowbro\n|-damage|p2a: Slowbro|82\/100\n|move|p2a: Slowbro|Scald|p1a: Barraskewda\n|-resisted|p1a: Barraskewda\n|-damage|p1a: Barraskewda|0 fnt\n|faint|p1a: Barraskewda\n|\n|-hint|Future Sight did not hit because the target is fainted.\n|upkeep\n|l| Krokmouyoyo\n|\n|t:|1611565379\n|switch|p1a: Magearna|Magearna|65\/100\n|-damage|p1a: Magearna|59\/100|[from] Stealth Rock\n|turn|31\n|l| Alucard.sasor\n|inactive|roboPOKE has 120 seconds left.\n|\n|t:|1611565415\n|move|p2a: Slowbro|Scald|p1a: Magearna\n|-damage|p1a: Magearna|36\/100\n|move|p1a: Magearna|Trick Room|p1a: Magearna\n|-fieldstart|move: Trick Room|[of] p1a: Magearna\n|\n|upkeep\n|turn|32\n|inactive|roboPOKE has 120 seconds left.\n|\n|t:|1611565429\n|switch|p1a: Crawdaunt|Crawdaunt, M|54\/100\n|-damage|p1a: Crawdaunt|42\/100|[from] Stealth Rock\n|move|p2a: Slowbro|Scald|p1a: Crawdaunt\n|-resisted|p1a: Crawdaunt\n|-damage|p1a: Crawdaunt|13\/100\n|\n|upkeep\n|turn|33\n|\n|t:|1611565433\n|move|p2a: Slowbro|Scald|p1a: Crawdaunt\n|-resisted|p1a: Crawdaunt\n|-damage|p1a: Crawdaunt|0 fnt\n|faint|p1a: Crawdaunt\n|\n|upkeep\n|\n|t:|1611565436\n|switch|p1a: Magearna|Magearna|36\/100\n|-damage|p1a: Magearna|30\/100|[from] Stealth Rock\n|turn|34\n|\n|t:|1611565438\n|move|p2a: Slowbro|Scald|p1a: Magearna\n|-damage|p1a: Magearna|6\/100\n|move|p1a: Magearna|Thunderbolt|p2a: Slowbro\n|-supereffective|p2a: Slowbro\n|-damage|p2a: Slowbro|8\/100\n|\n|upkeep\n|turn|35\n|c|\u2606roboPOKE|gg\n|c|\u2606Karmatron|ahh i threw with the misclick and last plays here\n|c|\u2606Karmatron|gg\n|\n|t:|1611565459\n|move|p2a: Slowbro|Scald|p1a: Magearna\n|-damage|p1a: Magearna|0 fnt\n|faint|p1a: Magearna\n|\n|win|roboPOKE\n|l|\u2606Karmatron\n|l| Tomkou\n|l| meatybawls\n|c|\u2606roboPOKE|yea\n","uploadtime":1611565468,"views":20,"p1id":"karmatron","p2id":"robopoke","formatid":"gen8ou","rating":0,"private":0,"password":null}