{"id":"gen8ou-1701749162","p1":"minimax_ai","p2":"ty-tyui\u21bb","format":"gen8ou","log":"|j|\u2606minimax_ai\n|j|\u2606ty-tyui\u21bb\n|t:|1667484621\n|gametype|singles\n|player|p1|minimax_ai|lusamine-nihilego|1576\n|player|p2|ty-tyui\u21bb|surfer|1660\n|teamsize|p1|6\n|teamsize|p2|6\n|gen|8\n|tier|[Gen 8] OU\n|rated|\n|rule|Sleep Clause Mod: Limit one foe put to sleep\n|rule|Species Clause: Limit one of each Pok\u00e9mon\n|rule|OHKO Clause: OHKO moves are banned\n|rule|Evasion Items Clause: Evasion items are banned\n|rule|Evasion Moves Clause: Evasion moves are banned\n|rule|Endless Battle Clause: Forcing endless battles is banned\n|rule|HP Percentage Mod: HP is shown in percentages\n|rule|Dynamax Clause: You cannot dynamax\n|clearpoke\n|poke|p1|Rotom-Wash|\n|poke|p1|Weavile, F|\n|poke|p1|Landorus-Therian, M|\n|poke|p1|Heatran, M|\n|poke|p1|Tangrowth, M|\n|poke|p1|Melmetal|\n|poke|p2|Rillaboom, M|\n|poke|p2|Zeraora|\n|poke|p2|Slowbro, M|\n|poke|p2|Landorus-Therian, M|\n|poke|p2|Weavile, F|\n|poke|p2|Heatran, M|\n|teampreview\n|c|\u2606minimax_ai|hf\n|inactive|Battle timer is ON: inactive players will automatically lose when time's up. (requested by minimax_ai)\n|\n|t:|1667484629\n|start\n|switch|p1a: Melmetal|Melmetal|100\/100\n|switch|p2a: Landorus|Landorus-Therian, M|100\/100\n|-ability|p2a: Landorus|Intimidate|boost\n|-unboost|p1a: Melmetal|atk|1\n|turn|1\n|\n|t:|1667484633\n|move|p2a: Landorus|U-turn|p1a: Melmetal\n|-resisted|p1a: Melmetal\n|-damage|p1a: Melmetal|94\/100\n|\n|t:|1667484635\n|switch|p2a: Heatran|Heatran, M|100\/100|[from]move: U-turn\n|move|p1a: Melmetal|Ice Punch|p2a: Heatran\n|-resisted|p2a: Heatran\n|-damage|p2a: Heatran|97\/100\n|\n|-heal|p2a: Heatran|100\/100|[from] item: Leftovers\n|upkeep\n|turn|2\n|\n|t:|1667484641\n|move|p2a: Heatran|Magma Storm|p1a: Melmetal\n|-supereffective|p1a: Melmetal\n|-damage|p1a: Melmetal|43\/100\n|-activate|p1a: Melmetal|move: Magma Storm|[of] p2a: Heatran\n|move|p1a: Melmetal|Earthquake|p2a: Heatran\n|-supereffective|p2a: Heatran\n|-damage|p2a: Heatran|41\/100\n|\n|-heal|p2a: Heatran|48\/100|[from] item: Leftovers\n|-damage|p1a: Melmetal|31\/100|[from] move: Magma Storm|[partiallytrapped]\n|upkeep\n|turn|3\n|\n|t:|1667484647\n|move|p2a: Heatran|Stealth Rock|p1a: Melmetal\n|-sidestart|p1: minimax_ai|move: Stealth Rock\n|move|p1a: Melmetal|Earthquake|p2a: Heatran\n|-supereffective|p2a: Heatran\n|-damage|p2a: Heatran|0 fnt\n|faint|p2a: Heatran\n|\n|-end|p1a: Melmetal|Magma Storm|[partiallytrapped]|[silent]\n|upkeep\n|\n|t:|1667484654\n|switch|p2a: Landorus|Landorus-Therian, M|100\/100\n|-ability|p2a: Landorus|Intimidate|boost\n|-unboost|p1a: Melmetal|atk|1\n|turn|4\n|\n|t:|1667484656\n|switch|p1a: Tangrowth|Tangrowth, M|100\/100\n|-damage|p1a: Tangrowth|88\/100|[from] Stealth Rock\n|move|p2a: Landorus|U-turn|p1a: Tangrowth\n|-supereffective|p1a: Tangrowth\n|-damage|p1a: Tangrowth|66\/100\n|-damage|p2a: Landorus|84\/100|[from] item: Rocky Helmet|[of] p1a: Tangrowth\n|\n|t:|1667484661\n|switch|p2a: Weavile|Weavile, F|100\/100|[from]move: U-turn\n|-ability|p2a: Weavile|Pressure\n|\n|upkeep\n|turn|5\n|\n|t:|1667484664\n|switch|p1a: Melmetal|Melmetal|31\/100\n|-damage|p1a: Melmetal|25\/100|[from] Stealth Rock\n|move|p2a: Weavile|Triple Axel|p1a: Melmetal|[miss]\n|-miss|p2a: Weavile|p1a: Melmetal\n|\n|upkeep\n|turn|6\n|\n|t:|1667484667\n|move|p2a: Weavile|Knock Off|p1a: Melmetal\n|-damage|p1a: Melmetal|0 fnt\n|-enditem|p1a: Melmetal|Assault Vest|[from] move: Knock Off|[of] p2a: Weavile\n|faint|p1a: Melmetal\n|\n|upkeep\n|\n|t:|1667484667\n|switch|p1a: Heatran|Heatran, M|100\/100\n|-damage|p1a: Heatran|88\/100|[from] Stealth Rock\n|-item|p1a: Heatran|Air Balloon\n|turn|7\n|\n|t:|1667484674\n|switch|p2a: Slowbro|Slowbro, M|100\/100\n|move|p1a: Heatran|Magma Storm|p2a: Slowbro|[miss]\n|-miss|p1a: Heatran|p2a: Slowbro\n|\n|upkeep\n|turn|8\n|\n|t:|1667484678\n|switch|p1a: Tangrowth|Tangrowth, M|99\/100\n|-damage|p1a: Tangrowth|87\/100|[from] Stealth Rock\n|move|p2a: Slowbro|Teleport|p2a: Slowbro\n|\n|t:|1667484683\n|switch|p2a: Landorus|Landorus-Therian, M|84\/100|[from]move: Teleport\n|-ability|p2a: Landorus|Intimidate|boost\n|-unboost|p1a: Tangrowth|atk|1\n|\n|-heal|p2a: Landorus|90\/100|[from] item: Leftovers\n|upkeep\n|turn|9\n|\n|t:|1667484684\n|move|p2a: Landorus|Toxic|p1a: Tangrowth\n|-status|p1a: Tangrowth|tox\n|move|p1a: Tangrowth|Giga Drain|p2a: Landorus\n|-damage|p2a: Landorus|67\/100\n|-heal|p1a: Tangrowth|98\/100 tox|[from] drain|[of] p2a: Landorus\n|\n|-heal|p2a: Landorus|73\/100|[from] item: Leftovers\n|-damage|p1a: Tangrowth|92\/100 tox|[from] psn\n|upkeep\n|turn|10\n|\n|t:|1667484688\n|move|p2a: Landorus|U-turn|p1a: Tangrowth\n|-supereffective|p1a: Tangrowth\n|-damage|p1a: Tangrowth|69\/100 tox\n|-damage|p2a: Landorus|57\/100|[from] item: Rocky Helmet|[of] p1a: Tangrowth\n|\n|t:|1667484690\n|switch|p2a: Rillaboom|Rillaboom, M|100\/100|[from]move: U-turn\n|-fieldstart|move: Grassy Terrain|[from] ability: Grassy Surge|[of] p2a: Rillaboom\n|move|p1a: Tangrowth|Giga Drain|p2a: Rillaboom\n|-resisted|p2a: Rillaboom\n|-damage|p2a: Rillaboom|76\/100\n|-heal|p1a: Tangrowth|79\/100 tox|[from] drain|[of] p2a: Rillaboom\n|\n|-heal|p2a: Rillaboom|82\/100|[from] Grassy Terrain\n|-heal|p1a: Tangrowth|85\/100 tox|[from] Grassy Terrain\n|-damage|p1a: Tangrowth|73\/100 tox|[from] psn\n|upkeep\n|turn|11\n|\n|t:|1667484694\n|switch|p1a: landorustherian|Landorus-Therian, M|100\/100\n|-damage|p1a: landorustherian|88\/100|[from] Stealth Rock\n|-ability|p1a: landorustherian|Intimidate|boost\n|-unboost|p2a: Rillaboom|atk|1\n|move|p2a: Rillaboom|U-turn|p1a: landorustherian\n|-resisted|p1a: landorustherian\n|-damage|p1a: landorustherian|75\/100\n|\n|t:|1667484696\n|switch|p2a: Weavile|Weavile, F|100\/100|[from]move: U-turn\n|-ability|p2a: Weavile|Pressure\n|\n|-heal|p1a: landorustherian|81\/100|[from] item: Leftovers\n|upkeep\n|turn|12\n|\n|t:|1667484700\n|move|p2a: Weavile|Swords Dance|p2a: Weavile\n|-boost|p2a: Weavile|atk|2\n|move|p1a: landorustherian|Defog|p2a: Weavile\n|-unboost|p2a: Weavile|evasion|1\n|-sideend|p1: minimax_ai|Stealth Rock|[from] move: Defog|[of] p1a: landorustherian\n|-fieldend|move: Grassy Terrain\n|\n|-heal|p1a: landorustherian|87\/100|[from] item: Leftovers\n|upkeep\n|turn|13\n|\n|t:|1667484706\n|switch|p1a: Tangrowth|Tangrowth, M|100\/100 tox\n|move|p2a: Weavile|Knock Off|p1a: Tangrowth\n|-damage|p1a: Tangrowth|46\/100 tox\n|-damage|p2a: Weavile|84\/100|[from] item: Rocky Helmet|[of] p1a: Tangrowth\n|-enditem|p1a: Tangrowth|Rocky Helmet|[from] move: Knock Off|[of] p2a: Weavile\n|\n|-damage|p1a: Tangrowth|39\/100 tox|[from] psn\n|upkeep\n|turn|14\n|\n|t:|1667484710\n|move|p2a: Weavile|Ice Shard|p1a: Tangrowth\n|-supereffective|p1a: Tangrowth\n|-damage|p1a: Tangrowth|0 fnt\n|faint|p1a: Tangrowth\n|\n|upkeep\n|\n|t:|1667484710\n|switch|p1a: Weavile|Weavile, F|100\/100\n|-ability|p1a: Weavile|Pressure\n|turn|15\n|\n|t:|1667484715\n|move|p1a: Weavile|Low Kick|p2a: Weavile\n|-supereffective|p2a: Weavile\n|-damage|p2a: Weavile|0 fnt\n|faint|p2a: Weavile\n|\n|upkeep\n|\n|t:|1667484718\n|switch|p2a: Rillaboom|Rillaboom, M|82\/100\n|-fieldstart|move: Grassy Terrain|[from] ability: Grassy Surge|[of] p2a: Rillaboom\n|turn|16\n|\n|t:|1667484723\n|switch|p1a: Heatran|Heatran, M|88\/100\n|-item|p1a: Heatran|Air Balloon\n|move|p2a: Rillaboom|U-turn|p1a: Heatran\n|-resisted|p1a: Heatran\n|-damage|p1a: Heatran|79\/100\n|-enditem|p1a: Heatran|Air Balloon\n|\n|t:|1667484726\n|switch|p2a: Slowbro|Slowbro, M|100\/100|[from]move: U-turn\n|\n|-heal|p1a: Heatran|85\/100|[from] Grassy Terrain\n|upkeep\n|turn|17\n|\n|t:|1667484728\n|move|p1a: Heatran|Stealth Rock|p2a: Slowbro\n|-sidestart|p2: ty-tyui\u21bb|move: Stealth Rock\n|move|p2a: Slowbro|Scald|p1a: Heatran\n|-supereffective|p1a: Heatran\n|-damage|p1a: Heatran|31\/100\n|\n|-heal|p1a: Heatran|37\/100|[from] Grassy Terrain\n|upkeep\n|turn|18\n|\n|t:|1667484730\n|switch|p1a: rotomwash|Rotom-Wash|100\/100\n|move|p2a: Slowbro|Scald|p1a: rotomwash\n|-resisted|p1a: rotomwash\n|-damage|p1a: rotomwash|85\/100\n|-status|p1a: rotomwash|brn\n|\n|-heal|p1a: rotomwash|91\/100 brn|[from] item: Leftovers\n|-damage|p1a: rotomwash|85\/100 brn|[from] brn\n|upkeep\n|turn|19\n|\n|t:|1667484734\n|move|p1a: rotomwash|Thunderbolt|p2a: Slowbro\n|-supereffective|p2a: Slowbro\n|-damage|p2a: Slowbro|33\/100\n|move|p2a: Slowbro|Teleport|p2a: Slowbro\n|\n|t:|1667484738\n|switch|p2a: Rillaboom|Rillaboom, M|82\/100|[from]move: Teleport\n|-damage|p2a: Rillaboom|70\/100|[from] Stealth Rock\n|\n|-heal|p1a: rotomwash|91\/100 brn|[from] item: Leftovers\n|-heal|p2a: Rillaboom|76\/100|[from] Grassy Terrain\n|-damage|p1a: rotomwash|85\/100 brn|[from] brn\n|upkeep\n|turn|20\n|\n|t:|1667484742\n|switch|p1a: landorustherian|Landorus-Therian, M|87\/100\n|-ability|p1a: landorustherian|Intimidate|boost\n|-unboost|p2a: Rillaboom|atk|1\n|move|p2a: Rillaboom|Superpower|p1a: landorustherian\n|-resisted|p1a: landorustherian\n|-damage|p1a: landorustherian|64\/100\n|-unboost|p2a: Rillaboom|atk|1\n|-unboost|p2a: Rillaboom|def|1\n|\n|-heal|p2a: Rillaboom|82\/100|[from] Grassy Terrain\n|-heal|p1a: landorustherian|70\/100|[from] item: Leftovers\n|-fieldend|move: Grassy Terrain\n|upkeep\n|turn|21\n|\n|t:|1667484747\n|switch|p2a: Landorus|Landorus-Therian, M|57\/100\n|-damage|p2a: Landorus|44\/100|[from] Stealth Rock\n|-ability|p2a: Landorus|Intimidate|boost\n|-unboost|p1a: landorustherian|atk|1\n|move|p1a: landorustherian|U-turn|p2a: Landorus\n|-resisted|p2a: Landorus\n|-damage|p2a: Landorus|38\/100\n|\n|t:|1667484747\n|switch|p1a: Weavile|Weavile, F|100\/100|[from]move: U-turn\n|-ability|p1a: Weavile|Pressure\n|\n|-heal|p2a: Landorus|44\/100|[from] item: Leftovers\n|upkeep\n|turn|22\n|\n|t:|1667484752\n|switch|p2a: Slowbro|Slowbro, M|66\/100\n|move|p1a: Weavile|Knock Off|p2a: Slowbro\n|-supereffective|p2a: Slowbro\n|-damage|p2a: Slowbro|0 fnt\n|-enditem|p2a: Slowbro|Heavy-Duty Boots|[from] move: Knock Off|[of] p1a: Weavile\n|faint|p2a: Slowbro\n|\n|upkeep\n|\n|t:|1667484757\n|switch|p2a: Zeraora|Zeraora, shiny|100\/100\n|-damage|p2a: Zeraora|88\/100|[from] Stealth Rock\n|turn|23\n|\n|t:|1667484761\n|switch|p2a: Landorus|Landorus-Therian, M|44\/100\n|-damage|p2a: Landorus|31\/100|[from] Stealth Rock\n|-ability|p2a: Landorus|Intimidate|boost\n|-unboost|p1a: Weavile|atk|1\n|switch|p1a: landorustherian|Landorus-Therian, M|70\/100\n|-ability|p1a: landorustherian|Intimidate|boost\n|-unboost|p2a: Landorus|atk|1\n|\n|-heal|p2a: Landorus|37\/100|[from] item: Leftovers\n|-heal|p1a: landorustherian|76\/100|[from] item: Leftovers\n|upkeep\n|turn|24\n|\n|t:|1667484764\n|move|p2a: Landorus|Defog|p1a: landorustherian\n|-unboost|p1a: landorustherian|evasion|1\n|-sideend|p2: ty-tyui\u21bb|Stealth Rock|[from] move: Defog|[of] p2a: Landorus\n|move|p1a: landorustherian|U-turn|p2a: Landorus\n|-resisted|p2a: Landorus\n|-damage|p2a: Landorus|26\/100\n|\n|t:|1667484764\n|switch|p1a: Weavile|Weavile, F|100\/100|[from]move: U-turn\n|-ability|p1a: Weavile|Pressure\n|\n|-heal|p2a: Landorus|32\/100|[from] item: Leftovers\n|upkeep\n|turn|25\n|\n|t:|1667484767\n|move|p1a: Weavile|Triple Axel|p2a: Landorus|[miss]\n|-miss|p1a: Weavile|p2a: Landorus\n|move|p2a: Landorus|U-turn|p1a: Weavile\n|-supereffective|p1a: Weavile\n|-crit|p1a: Weavile\n|-damage|p1a: Weavile|0 fnt\n|faint|p1a: Weavile\n|\n|t:|1667484773\n|switch|p2a: Rillaboom|Rillaboom, M|82\/100|[from]move: U-turn\n|-fieldstart|move: Grassy Terrain|[from] ability: Grassy Surge|[of] p2a: Rillaboom\n|\n|-heal|p2a: Rillaboom|88\/100|[from] Grassy Terrain\n|upkeep\n|\n|t:|1667484773\n|switch|p1a: Heatran|Heatran, M|37\/100\n|turn|26\n|\n|t:|1667484780\n|move|p1a: Heatran|Magma Storm|p2a: Rillaboom\n|-supereffective|p2a: Rillaboom\n|-damage|p2a: Rillaboom|0 fnt\n|faint|p2a: Rillaboom\n|\n|-heal|p1a: Heatran|43\/100|[from] Grassy Terrain\n|upkeep\n|\n|t:|1667484786\n|switch|p2a: Zeraora|Zeraora, shiny|88\/100\n|-enditem|p2a: Zeraora|Grassy Seed\n|-boost|p2a: Zeraora|def|1|[from] item: Grassy Seed\n|turn|27\n|\n|t:|1667484788\n|switch|p1a: landorustherian|Landorus-Therian, M|76\/100\n|-ability|p1a: landorustherian|Intimidate|boost\n|-unboost|p2a: Zeraora|atk|1\n|move|p2a: Zeraora|Bulk Up|p2a: Zeraora\n|-boost|p2a: Zeraora|atk|1\n|-boost|p2a: Zeraora|def|1\n|\n|-heal|p2a: Zeraora|94\/100|[from] Grassy Terrain\n|-heal|p1a: landorustherian|82\/100|[from] item: Leftovers\n|upkeep\n|turn|28\n|\n|t:|1667484790\n|move|p2a: Zeraora|Bulk Up|p2a: Zeraora\n|-boost|p2a: Zeraora|atk|1\n|-boost|p2a: Zeraora|def|1\n|move|p1a: landorustherian|Toxic|p2a: Zeraora|[miss]\n|-miss|p1a: landorustherian|p2a: Zeraora\n|\n|-heal|p2a: Zeraora|99\/100|[from] Grassy Terrain\n|-heal|p1a: landorustherian|88\/100|[from] item: Leftovers\n|upkeep\n|turn|29\n|\n|t:|1667484796\n|move|p2a: Zeraora|Play Rough|p1a: landorustherian|[miss]\n|-miss|p2a: Zeraora|p1a: landorustherian\n|move|p1a: landorustherian|Toxic|p2a: Zeraora\n|-status|p2a: Zeraora|tox\n|\n|-heal|p2a: Zeraora|100\/100 tox|[from] Grassy Terrain\n|-heal|p1a: landorustherian|94\/100|[from] item: Leftovers\n|-damage|p2a: Zeraora|95\/100 tox|[from] psn\n|-fieldend|move: Grassy Terrain\n|upkeep\n|turn|30\n|\n|t:|1667484799\n|move|p2a: Zeraora|Play Rough|p1a: landorustherian\n|-damage|p1a: landorustherian|53\/100\n|move|p1a: landorustherian|Earthquake|p2a: Zeraora\n|-supereffective|p2a: Zeraora\n|-damage|p2a: Zeraora|45\/100 tox\n|\n|-heal|p1a: landorustherian|59\/100|[from] item: Leftovers\n|-damage|p2a: Zeraora|33\/100 tox|[from] psn\n|upkeep\n|turn|31\n|\n|t:|1667484805\n|move|p2a: Zeraora|Play Rough|p1a: landorustherian\n|-damage|p1a: landorustherian|17\/100\n|move|p1a: landorustherian|Earthquake|p2a: Zeraora\n|-supereffective|p2a: Zeraora\n|-damage|p2a: Zeraora|0 fnt\n|faint|p2a: Zeraora\n|\n|-heal|p1a: landorustherian|23\/100|[from] item: Leftovers\n|upkeep\n|-message|ty-tyui\u21bb forfeited.\n|\n|win|minimax_ai\n|raw|minimax_ai's rating: 1576 &rarr; <strong>1601<\/strong><br \/>(+25 for winning)\n|raw|ty-tyui\u21bb's rating: 1660 &rarr; <strong>1635<\/strong><br \/>(-25 for losing)\n|c|\u2606minimax_ai|gg\n|l|\u2606ty-tyui\u21bb\n","uploadtime":1667484812,"views":9,"p1id":"minimaxai","p2id":"tytyui","formatid":"gen8ou","rating":1601,"private":0,"password":null}