{"id":"gen8ou-1672370299","p1":"ninjadouche","p2":"Bloody Busybody","format":"gen8ou","log":"|j|\u2606ninjadouche\n|j|\u2606Bloody Busybody\n|t:|1664364799\n|gametype|singles\n|player|p1|ninjadouche|burglar|1650\n|player|p2|Bloody Busybody|bugcatcher|1699\n|teamsize|p1|6\n|teamsize|p2|6\n|gen|8\n|tier|[Gen 8] OU\n|rated|\n|rule|Sleep Clause Mod: Limit one foe put to sleep\n|rule|Species Clause: Limit one of each Pok\u00e9mon\n|rule|OHKO Clause: OHKO moves are banned\n|rule|Evasion Items Clause: Evasion items are banned\n|rule|Evasion Moves Clause: Evasion moves are banned\n|rule|Endless Battle Clause: Forcing endless battles is banned\n|rule|HP Percentage Mod: HP is shown in percentages\n|rule|Dynamax Clause: You cannot dynamax\n|clearpoke\n|poke|p1|Marowak-Alola, M|\n|poke|p1|Ninetales, F|\n|poke|p1|Rotom-Wash|\n|poke|p1|Snorlax, F|\n|poke|p1|Shiftry, F|\n|poke|p1|Aggron, F|\n|poke|p2|Volcanion|\n|poke|p2|Corviknight, F|\n|poke|p2|Mamoswine, F|\n|poke|p2|Blissey, F|\n|poke|p2|Rillaboom, M|\n|poke|p2|Hydreigon, F|\n|teampreview\n|inactive|Battle timer is ON: inactive players will automatically lose when time's up. (requested by Bloody Busybody)\n|\n|t:|1664364815\n|start\n|switch|p1a: Aggron|Aggron, F|100\/100\n|switch|p2a: Volcanion|Volcanion|100\/100\n|turn|1\n|\n|t:|1664364819\n|move|p2a: Volcanion|Steam Eruption|p1a: Aggron|[miss]\n|-miss|p2a: Volcanion|p1a: Aggron\n|move|p1a: Aggron|Metal Burst||[still]\n|-fail|p1a: Aggron\n|\n|upkeep\n|turn|2\n|\n|t:|1664364823\n|move|p2a: Volcanion|Steam Eruption|p1a: Aggron\n|-supereffective|p1a: Aggron\n|-ability|p1a: Aggron|Sturdy\n|-damage|p1a: Aggron|1\/100\n|move|p1a: Aggron|Metal Burst|p2a: Volcanion\n|-damage|p2a: Volcanion|0 fnt\n|faint|p2a: Volcanion\n|\n|upkeep\n|\n|t:|1664364829\n|switch|p2a: Mamoswine|Mamoswine, F|100\/100\n|turn|3\n|c|\u2606Bloody Busybody|idrk what metal burst is\n|\n|t:|1664364839\n|switch|p1a: Rotom|Rotom-Wash|100\/100\n|move|p2a: Mamoswine|Ice Shard|p1a: Rotom\n|-resisted|p1a: Rotom\n|-damage|p1a: Rotom|92\/100\n|\n|-heal|p1a: Rotom|98\/100|[from] item: Leftovers\n|upkeep\n|turn|4\n|\n|t:|1664364843\n|move|p2a: Mamoswine|Stealth Rock|p1a: Rotom\n|-sidestart|p1: ninjadouche|move: Stealth Rock\n|move|p1a: Rotom|Will-O-Wisp|p2a: Mamoswine|[miss]\n|-miss|p1a: Rotom|p2a: Mamoswine\n|\n|-heal|p1a: Rotom|100\/100|[from] item: Leftovers\n|upkeep\n|turn|5\n|\n|t:|1664364849\n|switch|p2a: Blissey|Blissey, F|100\/100\n|move|p1a: Rotom|Defog|p2a: Blissey\n|-unboost|p2a: Blissey|evasion|1\n|-sideend|p1: ninjadouche|Stealth Rock|[from] move: Defog|[of] p1a: Rotom\n|\n|upkeep\n|turn|6\n|\n|t:|1664364851\n|move|p1a: Rotom|Volt Switch|p2a: Blissey\n|-damage|p2a: Blissey|91\/100\n|\n|t:|1664364856\n|switch|p1a: Marowak|Marowak-Alola, M|100\/100|[from]move: Volt Switch\n|move|p2a: Blissey|Toxic|p1a: Marowak\n|-status|p1a: Marowak|tox\n|\n|-damage|p1a: Marowak|94\/100 tox|[from] psn\n|upkeep\n|turn|7\n|\n|t:|1664364862\n|switch|p2a: Hydreigon|Hydreigon, F|100\/100\n|-singleturn|p1a: Marowak|move: Focus Punch\n|move|p1a: Marowak|Focus Punch|p2a: Hydreigon\n|-supereffective|p2a: Hydreigon\n|-damage|p2a: Hydreigon|0 fnt\n|faint|p2a: Hydreigon\n|\n|-damage|p1a: Marowak|82\/100 tox|[from] psn\n|upkeep\n|c|\u2606Bloody Busybody|is this real life\n|c|\u2606Bloody Busybody|why always this shit to me\n|c|\u2606ninjadouche|lol\n|c|\u2606Bloody Busybody|gg\n|c|\u2606ninjadouche|gg bro\n|-message|Bloody Busybody forfeited.\n|\n|win|ninjadouche\n|raw|ninjadouche's rating: 1650 &rarr; <strong>1673<\/strong><br \/>(+23 for winning)\n|raw|Bloody Busybody's rating: 1699 &rarr; <strong>1676<\/strong><br \/>(-23 for losing)\n|l|\u2606Bloody Busybody\n||Ladder isn't responding, score probably updated but might not have (Request timeout).\n","uploadtime":1664364921,"views":7,"p1id":"ninjadouche","p2id":"bloodybusybody","formatid":"gen8ou","rating":1673,"private":0,"password":null}