{"id":"gen8ou-1519126766","p1":"LECH24","p2":"mcp3","format":"gen8ou","log":"|j|\u2606LECH24\n|j|\u2606mcp3\n|t:|1645867495\n|gametype|singles\n|player|p1|LECH24|1|1728\n|player|p2|mcp3|roxanne-gen3|1761\n|teamsize|p1|6\n|teamsize|p2|6\n|gen|8\n|tier|[Gen 8] OU\n|rated|\n|rule|Sleep Clause Mod: Limit one foe put to sleep\n|rule|Species Clause: Limit one of each Pok\u00e9mon\n|rule|OHKO Clause: OHKO moves are banned\n|rule|Evasion Moves Clause: Evasion moves are banned\n|rule|Endless Battle Clause: Forcing endless battles is banned\n|rule|HP Percentage Mod: HP is shown in percentages\n|rule|Dynamax Clause: You cannot dynamax\n|clearpoke\n|poke|p1|Tapu Koko|\n|poke|p1|Mamoswine, M|\n|poke|p1|Slowbro, F|\n|poke|p1|Blacephalon|\n|poke|p1|Heatran, F|\n|poke|p1|Mandibuzz, F|\n|poke|p2|Buzzwole|\n|poke|p2|Slowking, F|\n|poke|p2|Weavile, M|\n|poke|p2|Landorus-Therian, M|\n|poke|p2|Kartana|\n|poke|p2|Heatran, F|\n|teampreview\n|j| Lightchanseyy\n|inactive|Battle timer is ON: inactive players will automatically lose when time's up. (requested by LECH24)\n|\n|t:|1645867547\n|start\n|switch|p1a: Mamoswine|Mamoswine, M|100\/100\n|switch|p2a: Slowking|Slowking, F|100\/100\n|turn|1\n|\n|t:|1645867550\n|move|p1a: Mamoswine|Knock Off|p2a: Slowking\n|-supereffective|p2a: Slowking\n|-damage|p2a: Slowking|0 fnt\n|-enditem|p2a: Slowking|Shed Shell|[from] move: Knock Off|[of] p1a: Mamoswine\n|faint|p2a: Slowking\n|\n|upkeep\n|\n|t:|1645867558\n|switch|p2a: Weavile|Weavile, M|100\/100\n|-ability|p2a: Weavile|Pressure\n|turn|2\n|\n|t:|1645867565\n|switch|p1a: Mandibuzz|Mandibuzz, F|100\/100\n|move|p2a: Weavile|Swords Dance|p2a: Weavile\n|-boost|p2a: Weavile|atk|2\n|\n|upkeep\n|turn|3\n|\n|t:|1645867569\n|switch|p1a: Slowbro|Slowbro, F|100\/100\n|move|p2a: Weavile|Triple Axel|p1a: Slowbro\n|-resisted|p1a: Slowbro\n|-damage|p1a: Slowbro|95\/100\n|-resisted|p1a: Slowbro\n|-damage|p1a: Slowbro|85\/100\n|-hitcount|p1a: Slowbro|2\n|\n|upkeep\n|turn|4\n|\n|t:|1645867574\n|move|p2a: Weavile|Knock Off|p1a: Slowbro\n|-supereffective|p1a: Slowbro\n|-enditem|p1a: Slowbro|Colbur Berry|[eat]\n|-enditem|p1a: Slowbro|Colbur Berry|[weaken]\n|-damage|p1a: Slowbro|25\/100\n|move|p1a: Slowbro|Body Press|p2a: Weavile\n|-supereffective|p2a: Weavile\n|-damage|p2a: Weavile|0 fnt\n|faint|p2a: Weavile\n|\n|upkeep\n|\n|t:|1645867579\n|switch|p2a: Buzzwole|Buzzwole|100\/100\n|turn|5\n|\n|t:|1645867592\n|switch|p1a: Heatran|Heatran, F|100\/100\n|move|p2a: Buzzwole|Close Combat|p1a: Heatran\n|-supereffective|p1a: Heatran\n|-damage|p1a: Heatran|0 fnt\n|-unboost|p2a: Buzzwole|def|1\n|-unboost|p2a: Buzzwole|spd|1\n|faint|p1a: Heatran\n|-ability|p2a: Buzzwole|Beast Boost|boost\n|-boost|p2a: Buzzwole|atk|1\n|\n|upkeep\n|\n|t:|1645867599\n|switch|p1a: Blacephalon|Blacephalon|100\/100\n|turn|6\n|\n|t:|1645867605\n|switch|p1a: Mamoswine|Mamoswine, M|100\/100\n|switch|p2a: Landorus|Landorus-Therian, M|100\/100\n|-ability|p2a: Landorus|Intimidate|boost\n|-fail|p1a: Mamoswine|unboost|Attack|[from] ability: Oblivious|[of] p1a: Mamoswine\n|\n|upkeep\n|turn|7\n|j| N\/itro-glu+cose=!\n|\n|t:|1645867610\n|switch|p2a: Buzzwole|Buzzwole|100\/100\n|move|p1a: Mamoswine|Icicle Crash|p2a: Buzzwole|[miss]\n|-miss|p1a: Mamoswine|p2a: Buzzwole\n|\n|upkeep\n|turn|8\n|c| N\/itro-glu+cose=!|yup\n|\n|t:|1645867622\n|switch|p1a: Slowbro|Slowbro, F|58\/100\n|switch|p2a: Heatran|Heatran, F|100\/100\n|\n|upkeep\n|turn|9\n|\n|t:|1645867627\n|move|p2a: Heatran|Stealth Rock|p1a: Slowbro\n|-sidestart|p1: LECH24|move: Stealth Rock\n|move|p1a: Slowbro|Scald|p2a: Heatran\n|-supereffective|p2a: Heatran\n|-damage|p2a: Heatran|66\/100\n|\n|-heal|p2a: Heatran|72\/100|[from] item: Leftovers\n|upkeep\n|turn|10\n|\n|t:|1645867633\n|move|p2a: Heatran|Toxic|p1a: Slowbro\n|-status|p1a: Slowbro|tox\n|move|p1a: Slowbro|Teleport|p1a: Slowbro\n|\n|t:|1645867634\n|switch|p1a: Mamoswine|Mamoswine, M|100\/100|[from]move: Teleport\n|-damage|p1a: Mamoswine|88\/100|[from] Stealth Rock\n|\n|-heal|p2a: Heatran|78\/100|[from] item: Leftovers\n|upkeep\n|turn|11\n|\n|t:|1645867637\n|switch|p2a: Buzzwole|Buzzwole|100\/100\n|move|p1a: Mamoswine|Icicle Crash|p2a: Buzzwole\n|-damage|p2a: Buzzwole|52\/100\n|\n|upkeep\n|turn|12\n|c| N\/itro-glu+cose=!|oof\n|\n|t:|1645867656\n|switch|p1a: Tapu Koko|Tapu Koko|100\/100\n|-fieldstart|move: Electric Terrain|[from] ability: Electric Surge|[of] p1a: Tapu Koko\n|move|p2a: Buzzwole|Roost|p2a: Buzzwole\n|-heal|p2a: Buzzwole|100\/100\n|-singleturn|p2a: Buzzwole|move: Roost\n|\n|upkeep\n|turn|13\n|c| N\/itro-glu+cose=!|choice band\n|raw|<div class=\"broadcast-red\"><strong>Moderated chat was set to +!<\/strong><br \/>Only users of rank + and higher can talk.<\/div>\n|c|\u2606mcp3|shut the fuck up\n|\n|t:|1645867669\n|switch|p2a: Landorus|Landorus-Therian, M|100\/100\n|-ability|p2a: Landorus|Intimidate|boost\n|-unboost|p1a: Tapu Koko|atk|1\n|move|p1a: Tapu Koko|Nature's Madness|p2a: Landorus\n|-damage|p2a: Landorus|51\/100\n|\n|-heal|p2a: Landorus|57\/100|[from] item: Leftovers\n|upkeep\n|turn|14\n|\n|t:|1645867678\n|switch|p1a: Slowbro|Slowbro, F|91\/100 tox\n|-damage|p1a: Slowbro|79\/100 tox|[from] Stealth Rock\n|move|p2a: Landorus|Toxic|p1a: Slowbro|[miss]\n|-miss|p2a: Landorus|p1a: Slowbro\n|\n|-heal|p2a: Landorus|63\/100|[from] item: Leftovers\n|-damage|p1a: Slowbro|73\/100 tox|[from] psn\n|upkeep\n|turn|15\n|\n|t:|1645867684\n|move|p2a: Landorus|U-turn|p1a: Slowbro\n|-supereffective|p1a: Slowbro\n|-damage|p1a: Slowbro|45\/100 tox\n|\n|t:|1645867686\n|switch|p2a: Heatran|Heatran, F|78\/100|[from]move: U-turn\n|move|p1a: Slowbro|Teleport|p1a: Slowbro\n|\n|t:|1645867691\n|switch|p1a: Mamoswine|Mamoswine, M|88\/100|[from]move: Teleport\n|-damage|p1a: Mamoswine|76\/100|[from] Stealth Rock\n|\n|-heal|p2a: Heatran|84\/100|[from] item: Leftovers\n|upkeep\n|turn|16\n|\n|t:|1645867696\n|switch|p2a: Buzzwole|Buzzwole|100\/100\n|move|p1a: Mamoswine|Earthquake|p2a: Buzzwole\n|-resisted|p2a: Buzzwole\n|-damage|p2a: Buzzwole|67\/100\n|\n|-fieldend|move: Electric Terrain\n|upkeep\n|turn|17\n|\n|t:|1645867705\n|switch|p1a: Mandibuzz|Mandibuzz, F|100\/100\n|switch|p2a: Kartana|Kartana|100\/100\n|\n|upkeep\n|turn|18\n|\n|t:|1645867709\n|switch|p2a: Heatran|Heatran, F|84\/100\n|move|p1a: Mandibuzz|Foul Play|p2a: Heatran\n|-damage|p2a: Heatran|64\/100\n|\n|-heal|p2a: Heatran|70\/100|[from] item: Leftovers\n|upkeep\n|turn|19\n|\n|t:|1645867714\n|switch|p1a: Slowbro|Slowbro, F|79\/100 tox\n|-damage|p1a: Slowbro|66\/100 tox|[from] Stealth Rock\n|move|p2a: Heatran|Magma Storm|p1a: Slowbro|[miss]\n|-miss|p2a: Heatran|p1a: Slowbro\n|\n|-heal|p2a: Heatran|77\/100|[from] item: Leftovers\n|-damage|p1a: Slowbro|60\/100 tox|[from] psn\n|upkeep\n|turn|20\n|\n|t:|1645867720\n|move|p2a: Heatran|Earth Power|p1a: Slowbro\n|-damage|p1a: Slowbro|33\/100 tox\n|move|p1a: Slowbro|Body Press|p2a: Heatran\n|-supereffective|p2a: Heatran\n|-damage|p2a: Heatran|28\/100\n|\n|-heal|p2a: Heatran|35\/100|[from] item: Leftovers\n|-damage|p1a: Slowbro|21\/100 tox|[from] psn\n|upkeep\n|turn|21\n|\n|t:|1645867733\n|switch|p1a: Mandibuzz|Mandibuzz, F|100\/100\n|move|p2a: Heatran|Earth Power|p1a: Mandibuzz\n|-immune|p1a: Mandibuzz\n|\n|-heal|p2a: Heatran|41\/100|[from] item: Leftovers\n|upkeep\n|turn|22\n|\n|t:|1645867738\n|move|p1a: Mandibuzz|Foul Play|p2a: Heatran\n|-damage|p2a: Heatran|22\/100\n|move|p2a: Heatran|Toxic|p1a: Mandibuzz|[miss]\n|-miss|p2a: Heatran|p1a: Mandibuzz\n|\n|-heal|p2a: Heatran|28\/100|[from] item: Leftovers\n|upkeep\n|turn|23\n|\n|t:|1645867742\n|move|p1a: Mandibuzz|Foul Play|p2a: Heatran\n|-crit|p2a: Heatran\n|-damage|p2a: Heatran|0 fnt\n|faint|p2a: Heatran\n|\n|upkeep\n|\n|t:|1645867746\n|switch|p2a: Buzzwole|Buzzwole|67\/100\n|turn|24\n|\n|t:|1645867775\n|switch|p1a: Slowbro|Slowbro, F|54\/100 tox\n|-damage|p1a: Slowbro|41\/100 tox|[from] Stealth Rock\n|move|p2a: Buzzwole|Close Combat|p1a: Slowbro\n|-resisted|p1a: Slowbro\n|-damage|p1a: Slowbro|8\/100 tox\n|-unboost|p2a: Buzzwole|def|1\n|-unboost|p2a: Buzzwole|spd|1\n|\n|-damage|p1a: Slowbro|2\/100 tox|[from] psn\n|upkeep\n|turn|25\n|\n|t:|1645867783\n|move|p2a: Buzzwole|Close Combat|p1a: Slowbro\n|-resisted|p1a: Slowbro\n|-damage|p1a: Slowbro|0 fnt\n|-unboost|p2a: Buzzwole|def|1\n|-unboost|p2a: Buzzwole|spd|1\n|faint|p1a: Slowbro\n|-ability|p2a: Buzzwole|Beast Boost|boost\n|-boost|p2a: Buzzwole|atk|1\n|\n|upkeep\n|\n|t:|1645867786\n|switch|p1a: Blacephalon|Blacephalon|100\/100\n|-damage|p1a: Blacephalon|76\/100|[from] Stealth Rock\n|turn|26\n|\n|t:|1645867796\n|switch|p2a: Landorus|Landorus-Therian, M|63\/100\n|-ability|p2a: Landorus|Intimidate|boost\n|-unboost|p1a: Blacephalon|atk|1\n|move|p1a: Blacephalon|Flamethrower|p2a: Landorus\n|-damage|p2a: Landorus|26\/100\n|\n|-heal|p2a: Landorus|32\/100|[from] item: Leftovers\n|upkeep\n|turn|27\n|\n|t:|1645867800\n|move|p1a: Blacephalon|Flamethrower|p2a: Landorus\n|-damage|p2a: Landorus|0 fnt\n|faint|p2a: Landorus\n|-ability|p1a: Blacephalon|Beast Boost|boost\n|-boost|p1a: Blacephalon|spa|1\n|\n|upkeep\n|\n|t:|1645867803\n|switch|p2a: Kartana|Kartana|100\/100\n|turn|28\n|\n|t:|1645867806\n|switch|p1a: Mandibuzz|Mandibuzz, F|100\/100\n|move|p2a: Kartana|Knock Off|p1a: Mandibuzz\n|-resisted|p1a: Mandibuzz\n|-damage|p1a: Mandibuzz|84\/100\n|-enditem|p1a: Mandibuzz|Heavy-Duty Boots|[from] move: Knock Off|[of] p2a: Kartana\n|\n|upkeep\n|turn|29\n|\n|t:|1645867810\n|switch|p2a: Buzzwole|Buzzwole|67\/100\n|move|p1a: Mandibuzz|Defog|p2a: Buzzwole\n|-unboost|p2a: Buzzwole|evasion|1\n|-sideend|p1: LECH24|Stealth Rock|[from] move: Defog|[of] p1a: Mandibuzz\n|\n|upkeep\n|turn|30\n|\n|t:|1645867817\n|switch|p1a: Mamoswine|Mamoswine, M|76\/100\n|move|p2a: Buzzwole|Earthquake|p1a: Mamoswine\n|-damage|p1a: Mamoswine|10\/100\n|\n|upkeep\n|turn|31\n|\n|t:|1645867826\n|switch|p2a: Kartana|Kartana|100\/100\n|move|p1a: Mamoswine|Icicle Crash|p2a: Kartana\n|-damage|p2a: Kartana|28\/100\n|\n|upkeep\n|turn|32\n|\n|t:|1645867835\n|switch|p1a: Mandibuzz|Mandibuzz, F|84\/100\n|move|p2a: Kartana|Smart Strike|p1a: Mandibuzz\n|-damage|p1a: Mandibuzz|46\/100\n|\n|upkeep\n|turn|33\n|\n|t:|1645867838\n|switch|p2a: Buzzwole|Buzzwole|67\/100\n|move|p1a: Mandibuzz|Roost|p1a: Mandibuzz\n|-heal|p1a: Mandibuzz|96\/100\n|-singleturn|p1a: Mandibuzz|move: Roost\n|\n|upkeep\n|turn|34\n|\n|t:|1645867844\n|switch|p2a: Kartana|Kartana|28\/100\n|switch|p1a: Mamoswine|Mamoswine, M|10\/100\n|\n|upkeep\n|turn|35\n|\n|t:|1645867850\n|move|p1a: Mamoswine|Ice Shard|p2a: Kartana\n|-damage|p2a: Kartana|0 fnt\n|faint|p2a: Kartana\n|\n|upkeep\n|c|\u2606mcp3|gg\n|-message|mcp3 forfeited.\n|\n|win|LECH24\n|raw|LECH24's rating: 1728 &rarr; <strong>1750<\/strong><br \/>(+22 for winning)\n|raw|mcp3's rating: 1761 &rarr; <strong>1739<\/strong><br \/>(-22 for losing)\n|l|\u2606mcp3\n|c|\u2606LECH24|Gg\n","uploadtime":1645867925,"views":47,"p1id":"lech24","p2id":"mcp3","formatid":"gen8ou","rating":1739,"private":0,"password":null}