{"id":"gen8ou-1258580973","p1":"isheavydead","p2":"camalarcos","format":"gen8ou","log":"|html|<div class=\"broadcast-blue\"><strong>[Gen 8] OU is currently suspecting Urshifu-S! For information on how to participate check out the <a href=\"https:\/\/www.smogon.com\/forums\/threads\/np-ss-ou-suspect-process-round-8-aint-no-rest-for-the-wicked.3675310\/\">suspect thread<\/a>.<\/strong><\/div>\n|j|\u2606isheavydead\n|j|\u2606camalarcos\n|inactive|Battle timer is ON: inactive players will automatically lose when time's up.\n|t:|1610148133\n|player|p1|isheavydead|170|\n|player|p2|camalarcos|marlon|\n|teamsize|p1|6\n|teamsize|p2|6\n|gametype|singles\n|gen|8\n|tier|[Gen 8] OU\n|rated|Tournament battle\n|clearpoke\n|poke|p1|Tornadus-Therian, M|\n|poke|p1|Pelipper, M|\n|poke|p1|Ferrothorn, M|\n|poke|p1|Crawdaunt, M|\n|poke|p1|Magearna|\n|poke|p1|Seismitoad, F|\n|poke|p2|Hawlucha, F|\n|poke|p2|Rillaboom, F|\n|poke|p2|Urshifu-*, F|\n|poke|p2|Cinderace, F|\n|poke|p2|Magearna|\n|poke|p2|Landorus-Therian, M|\n|rule|Sleep Clause Mod: Limit one foe put to sleep\n|rule|Species Clause: Limit one of each Pok\u00e9mon\n|rule|OHKO Clause: OHKO moves are banned\n|rule|Evasion Moves Clause: Evasion moves are banned\n|rule|Endless Battle Clause: Forcing endless battles is banned\n|rule|HP Percentage Mod: HP is shown in percentages\n|rule|Dynamax Clause: You cannot dynamax\n|teampreview\n|j| Thats quite unfor\n|j| EbacPiS\n|j| lighthatj\n|j| VvvV1250\n|j| zimbo37333\n|c|\u2606isheavydead|hf\n|j| YoungusChungus\n|\n|t:|1610148146\n|start\n|switch|p1a: Magearna|Magearna|100\/100\n|switch|p2a: Cinderace|Cinderace, F|100\/100\n|turn|1\n|\n|t:|1610148168\n|switch|p1a: Pelipper|Pelipper, M|100\/100\n|-weather|RainDance|[from] ability: Drizzle|[of] p1a: Pelipper\n|move|p2a: Cinderace|Pyro Ball|p1a: Pelipper\n|-resisted|p1a: Pelipper\n|-damage|p1a: Pelipper|85\/100\n|-damage|p2a: Cinderace|91\/100|[from] item: Life Orb\n|\n|-weather|RainDance|[upkeep]\n|upkeep\n|turn|2\n|\n|t:|1610148174\n|move|p2a: Cinderace|Electro Ball|p1a: Pelipper\n|-start|p2a: Cinderace|typechange|Electric|[from] ability: Libero\n|-supereffective|p1a: Pelipper\n|-damage|p1a: Pelipper|0 fnt\n|-damage|p2a: Cinderace|81\/100|[from] item: Life Orb\n|faint|p1a: Pelipper\n|\n|-weather|RainDance|[upkeep]\n|upkeep\n|\n|t:|1610148176\n|switch|p1a: Seismitoad|Seismitoad, F|100\/100\n|turn|3\n|j| assddff\n|\n|t:|1610148191\n|move|p1a: Seismitoad|Weather Ball|p2a: Cinderace\n|-damage|p2a: Cinderace|0 fnt\n|faint|p2a: Cinderace\n|\n|-weather|RainDance|[upkeep]\n|upkeep\n|\n|t:|1610148194\n|switch|p2a: Rillaboom|Rillaboom, F|100\/100\n|-fieldstart|move: Grassy Terrain|[from] ability: Grassy Surge|[of] p2a: Rillaboom\n|turn|4\n|\n|t:|1610148196\n|switch|p1a: Ferrothorn|Ferrothorn, M|100\/100\n|move|p2a: Rillaboom|Swords Dance|p2a: Rillaboom\n|-boost|p2a: Rillaboom|atk|2\n|\n|-weather|RainDance|[upkeep]\n|upkeep\n|turn|5\n|c|\u2606isheavydead|o fuck\n|\n|t:|1610148203\n|move|p2a: Rillaboom|Superpower|p1a: Ferrothorn\n|-supereffective|p1a: Ferrothorn\n|-crit|p1a: Ferrothorn\n|-damage|p1a: Ferrothorn|0 fnt\n|-unboost|p2a: Rillaboom|atk|1\n|-unboost|p2a: Rillaboom|def|1\n|-damage|p2a: Rillaboom|88\/100|[from] ability: Iron Barbs|[of] p1a: Ferrothorn\n|-damage|p2a: Rillaboom|78\/100|[from] item: Life Orb\n|faint|p1a: Ferrothorn\n|\n|-weather|RainDance|[upkeep]\n|-heal|p2a: Rillaboom|84\/100|[from] Grassy Terrain\n|upkeep\n|\n|t:|1610148206\n|switch|p1a: Tornadus|Tornadus-Therian, M|100\/100\n|turn|6\n|\n|t:|1610148225\n|switch|p2a: Magearna|Magearna|100\/100\n|move|p1a: Tornadus|Hurricane|p2a: Magearna\n|-resisted|p2a: Magearna\n|-damage|p2a: Magearna|77\/100\n|\n|-weather|RainDance|[upkeep]\n|-heal|p2a: Magearna|83\/100|[from] Grassy Terrain\n|upkeep\n|turn|7\n|\n|t:|1610148229\n|switch|p1a: Seismitoad|Seismitoad, F|100\/100\n|move|p2a: Magearna|Shift Gear|p2a: Magearna\n|-boost|p2a: Magearna|spe|2\n|-boost|p2a: Magearna|atk|1\n|\n|-weather|RainDance|[upkeep]\n|-heal|p2a: Magearna|89\/100|[from] Grassy Terrain\n|upkeep\n|turn|8\n|\n|t:|1610148238\n|move|p1a: Seismitoad|Weather Ball|p2a: Magearna\n|-damage|p2a: Magearna|0 fnt\n|faint|p2a: Magearna\n|\n|-weather|none\n|-fieldend|move: Grassy Terrain\n|upkeep\n|\n|t:|1610148242\n|switch|p2a: Rillaboom|Rillaboom, F|84\/100\n|-fieldstart|move: Grassy Terrain|[from] ability: Grassy Surge|[of] p2a: Rillaboom\n|turn|9\n|\n|t:|1610148247\n|switch|p1a: Tornadus|Tornadus-Therian, M|100\/100\n|move|p2a: Rillaboom|Grassy Glide|p1a: Tornadus\n|-resisted|p1a: Tornadus\n|-damage|p1a: Tornadus|57\/100\n|-damage|p2a: Rillaboom|74\/100|[from] item: Life Orb\n|\n|-heal|p2a: Rillaboom|81\/100|[from] Grassy Terrain\n|upkeep\n|turn|10\n|\n|t:|1610148262\n|move|p2a: Rillaboom|Grassy Glide|p1a: Tornadus\n|-resisted|p1a: Tornadus\n|-damage|p1a: Tornadus|9\/100\n|-damage|p2a: Rillaboom|71\/100|[from] item: Life Orb\n|move|p1a: Tornadus|Hurricane|p2a: Rillaboom|[miss]\n|-miss|p1a: Tornadus|p2a: Rillaboom\n|\n|-heal|p2a: Rillaboom|77\/100|[from] Grassy Terrain\n|upkeep\n|turn|11\n|\n|t:|1610148268\n|switch|p1a: Magearna|Magearna|100\/100\n|move|p2a: Rillaboom|Grassy Glide|p1a: Magearna\n|-resisted|p1a: Magearna\n|-damage|p1a: Magearna|73\/100\n|-damage|p2a: Rillaboom|67\/100|[from] item: Life Orb\n|\n|-heal|p2a: Rillaboom|73\/100|[from] Grassy Terrain\n|-heal|p1a: Magearna|79\/100|[from] Grassy Terrain\n|upkeep\n|turn|12\n|\n|t:|1610148276\n|move|p2a: Rillaboom|U-turn|p1a: Magearna\n|-resisted|p1a: Magearna\n|-damage|p1a: Magearna|72\/100\n|-damage|p2a: Rillaboom|63\/100|[from] item: Life Orb\n|\n|t:|1610148278\n|switch|p2a: Landorus|Landorus-Therian, M|100\/100|[from]move: U-turn\n|-ability|p2a: Landorus|Intimidate|boost\n|-unboost|p1a: Magearna|atk|1\n|move|p1a: Magearna|Flash Cannon|p2a: Landorus\n|-damage|p2a: Landorus|11\/100\n|\n|-heal|p1a: Magearna|78\/100|[from] Grassy Terrain\n|upkeep\n|turn|13\n|\n|t:|1610148283\n|move|p2a: Landorus|Earthquake|p1a: Magearna\n|-supereffective|p1a: Magearna\n|-damage|p1a: Magearna|31\/100\n|move|p1a: Magearna|Flash Cannon|p2a: Landorus\n|-damage|p2a: Landorus|0 fnt\n|faint|p2a: Landorus\n|-ability|p1a: Magearna|Soul-Heart|boost\n|-boost|p1a: Magearna|spa|1\n|\n|-heal|p1a: Magearna|37\/100|[from] Grassy Terrain\n|-fieldend|move: Grassy Terrain\n|upkeep\n|\n|t:|1610148288\n|switch|p2a: Urshifu|Urshifu, F|100\/100\n|turn|14\n|\n|t:|1610148292\n|move|p2a: Urshifu|Close Combat|p1a: Magearna\n|-damage|p1a: Magearna|0 fnt\n|-unboost|p2a: Urshifu|def|1\n|-unboost|p2a: Urshifu|spd|1\n|-damage|p2a: Urshifu|91\/100|[from] item: Life Orb\n|faint|p1a: Magearna\n|\n|upkeep\n|j| Mel0nL0rd\n|\n|t:|1610148299\n|switch|p1a: Tornadus|Tornadus-Therian, M|42\/100\n|turn|15\n|\n|t:|1610148306\n|switch|p1a: Seismitoad|Seismitoad, F|100\/100\n|move|p2a: Urshifu|Sucker Punch||[still]\n|-fail|p2a: Urshifu\n|\n|upkeep\n|turn|16\n|\n|t:|1610148310\n|switch|p2a: Rillaboom|Rillaboom, F|63\/100\n|-fieldstart|move: Grassy Terrain|[from] ability: Grassy Surge|[of] p2a: Rillaboom\n|move|p1a: Seismitoad|Scald|p2a: Rillaboom\n|-resisted|p2a: Rillaboom\n|-damage|p2a: Rillaboom|29\/100\n|\n|-heal|p2a: Rillaboom|35\/100|[from] Grassy Terrain\n|upkeep\n|turn|17\n|\n|t:|1610148312\n|move|p2a: Rillaboom|Grassy Glide|p1a: Seismitoad\n|-supereffective|p1a: Seismitoad\n|-damage|p1a: Seismitoad|0 fnt\n|-damage|p2a: Rillaboom|25\/100|[from] item: Life Orb\n|faint|p1a: Seismitoad\n|\n|-heal|p2a: Rillaboom|31\/100|[from] Grassy Terrain\n|upkeep\n|\n|t:|1610148315\n|switch|p1a: Tornadus|Tornadus-Therian, M|75\/100\n|turn|18\n|\n|t:|1610148321\n|move|p2a: Rillaboom|Grassy Glide|p1a: Tornadus\n|-resisted|p1a: Tornadus\n|-damage|p1a: Tornadus|27\/100\n|-damage|p2a: Rillaboom|21\/100|[from] item: Life Orb\n|move|p1a: Tornadus|Hurricane|p2a: Rillaboom\n|-supereffective|p2a: Rillaboom\n|-damage|p2a: Rillaboom|0 fnt\n|faint|p2a: Rillaboom\n|\n|upkeep\n|c|\u2606isheavydead|damn gg\n|\n|t:|1610148324\n|switch|p2a: Hawlucha|Hawlucha, F|100\/100\n|-enditem|p2a: Hawlucha|Grassy Seed\n|-boost|p2a: Hawlucha|def|1|[from] item: Grassy Seed\n|turn|19\n|c|\u2606isheavydead|i lost\n|\n|t:|1610148329\n|switch|p1a: Crawdaunt|Crawdaunt, M|100\/100\n|move|p2a: Hawlucha|Acrobatics|p1a: Crawdaunt\n|-damage|p1a: Crawdaunt|23\/100\n|\n|-heal|p1a: Crawdaunt|29\/100|[from] Grassy Terrain\n|upkeep\n|turn|20\n|c|\u2606camalarcos|gg\n|c|\u2606camalarcos|nice game brow\n|\n|t:|1610148337\n|move|p2a: Hawlucha|Acrobatics|p1a: Crawdaunt\n|-damage|p1a: Crawdaunt|0 fnt\n|faint|p1a: Crawdaunt\n|\n|-fieldend|move: Grassy Terrain\n|upkeep\n|\n|t:|1610148340\n|switch|p1a: Tornadus|Tornadus-Therian, M|60\/100\n|turn|21\n|j| Iggwilv\n|\n|t:|1610148343\n|move|p2a: Hawlucha|Acrobatics|p1a: Tornadus\n|-damage|p1a: Tornadus|0 fnt\n|faint|p1a: Tornadus\n|\n|win|camalarcos\n|n|\u2606isheavydead|isheavydead\n|n|\u2606camalarcos|camalarcos\n|n| Thats quite unfor|thatsquiteunfor\n|n| EbacPiS|ebacpis\n|n| lighthatj|lighthatj\n|n| VvvV1250|vvvv1250\n|n| zimbo37333|zimbo37333\n|n| YoungusChungus|younguschungus\n|n| assddff|assddff\n|n| Mel0nL0rd|mel0nl0rd\n|n| Iggwilv|iggwilv\n|l| VvvV1250\n|l| Iggwilv\n|l| Mel0nL0rd\n|l|\u2606isheavydead\n|l| EbacPiS\n","uploadtime":1610148344,"views":92,"p1id":"isheavydead","p2id":"camalarcos","formatid":"gen8ou","rating":0,"private":0,"password":null}