{"id":"gen8ou-1262627180","p1":"dealtests","p2":"Contorted Lies","format":"gen8ou","log":"|j|\u2606dealtests\n|j|\u2606Contorted Lies\n|t:|1610693328\n|player|p1|dealtests|phoebe-gen3|1773\n|player|p2|Contorted Lies|265|1762\n|teamsize|p1|6\n|teamsize|p2|6\n|gametype|singles\n|gen|8\n|tier|[Gen 8] OU\n|rated|\n|clearpoke\n|poke|p1|Corviknight, M|\n|poke|p1|Toxapex, F|\n|poke|p1|Mandibuzz, F|\n|poke|p1|Clefable, F|\n|poke|p1|Blissey, F|\n|poke|p1|Quagsire, F|\n|poke|p2|Melmetal|\n|poke|p2|Slowking-Galar, F|\n|poke|p2|Rillaboom, M|\n|poke|p2|Swampert, M|\n|poke|p2|Mandibuzz, F|\n|poke|p2|Dragapult, F|\n|rule|Sleep Clause Mod: Limit one foe put to sleep\n|rule|Species Clause: Limit one of each Pok\u00e9mon\n|rule|OHKO Clause: OHKO moves are banned\n|rule|Evasion Moves Clause: Evasion moves are banned\n|rule|Endless Battle Clause: Forcing endless battles is banned\n|rule|HP Percentage Mod: HP is shown in percentages\n|rule|Dynamax Clause: You cannot dynamax\n|teampreview\n|c|\u2606dealtests|glhf\n|\n|t:|1610693337\n|start\n|switch|p1a: scarlett jo|Clefable, F|100\/100\n|switch|p2a: Swampert|Swampert, M|100\/100\n|turn|1\n|\n|t:|1610693341\n|move|p2a: Swampert|Stealth Rock|p1a: scarlett jo\n|-sidestart|p1: dealtests|move: Stealth Rock\n|move|p1a: scarlett jo|Stealth Rock|p2a: Swampert\n|-sidestart|p2: Contorted Lies|move: Stealth Rock\n|\n|upkeep\n|turn|2\n|\n|t:|1610693350\n|move|p2a: Swampert|Flip Turn|p1a: scarlett jo\n|-damage|p1a: scarlett jo|82\/100\n|\n|t:|1610693375\n|switch|p2a: Slowking|Slowking-Galar, F|100\/100|[from]move: Flip Turn\n|-damage|p2a: Slowking|88\/100|[from] Stealth Rock\n|move|p1a: scarlett jo|Moonblast|p2a: Slowking\n|-resisted|p2a: Slowking\n|-damage|p2a: Slowking|80\/100\n|-unboost|p2a: Slowking|spa|1\n|\n|upkeep\n|turn|3\n|\n|t:|1610693382\n|switch|p1a: charli|Quagsire, F, shiny|100\/100\n|-damage|p1a: charli|94\/100|[from] Stealth Rock\n|move|p2a: Slowking|Future Sight|p1a: charli\n|-start|p2a: Slowking|move: Future Sight\n|\n|-heal|p1a: charli|100\/100|[from] item: Leftovers\n|upkeep\n|turn|4\n|j| Datoneguydoe\n|\n|t:|1610693389\n|switch|p2a: Swampert|Swampert, M|100\/100\n|-damage|p2a: Swampert|94\/100|[from] Stealth Rock\n|move|p1a: charli|Earthquake|p2a: Swampert\n|-damage|p2a: Swampert|68\/100\n|\n|-heal|p2a: Swampert|74\/100|[from] item: Leftovers\n|upkeep\n|turn|5\n|\n|t:|1610693401\n|move|p2a: Swampert|Flip Turn|p1a: charli\n|-damage|p1a: charli|77\/100\n|\n|t:|1610693407\n|switch|p2a: Rillaboom|Rillaboom, M|100\/100|[from]move: Flip Turn\n|-damage|p2a: Rillaboom|88\/100|[from] Stealth Rock\n|-fieldstart|move: Grassy Terrain|[from] ability: Grassy Surge|[of] p2a: Rillaboom\n|move|p1a: charli|Toxic|p2a: Rillaboom|[miss]\n|-miss|p1a: charli|p2a: Rillaboom\n|\n|-end|p1a: charli|move: Future Sight\n|-damage|p1a: charli|27\/100\n|-heal|p2a: Rillaboom|94\/100|[from] Grassy Terrain\n|-heal|p2a: Rillaboom|100\/100|[from] item: Leftovers\n|-heal|p1a: charli|33\/100|[from] Grassy Terrain\n|-heal|p1a: charli|39\/100|[from] item: Leftovers\n|upkeep\n|turn|6\n|\n|t:|1610693415\n|switch|p1a: johnny sins|Corviknight, M, shiny|100\/100\n|-damage|p1a: johnny sins|88\/100|[from] Stealth Rock\n|-ability|p1a: johnny sins|Pressure\n|move|p2a: Rillaboom|Knock Off|p1a: johnny sins\n|-damage|p1a: johnny sins|66\/100\n|-enditem|p1a: johnny sins|Leftovers|[from] move: Knock Off|[of] p2a: Rillaboom\n|\n|upkeep\n|turn|7\n|\n|t:|1610693424\n|switch|p2a: Slowking|Slowking-Galar, F|100\/100\n|-damage|p2a: Slowking|88\/100|[from] Stealth Rock\n|move|p1a: johnny sins|Roost|p1a: johnny sins\n|-heal|p1a: johnny sins|100\/100\n|-singleturn|p1a: johnny sins|move: Roost\n|\n|-heal|p2a: Slowking|94\/100|[from] Grassy Terrain\n|upkeep\n|turn|8\n|\n|t:|1610693427\n|switch|p1a: charli|Quagsire, F, shiny|39\/100\n|-damage|p1a: charli|33\/100|[from] Stealth Rock\n|move|p2a: Slowking|Future Sight|p1a: charli\n|-start|p2a: Slowking|move: Future Sight\n|\n|-heal|p2a: Slowking|99\/100|[from] Grassy Terrain\n|-heal|p1a: charli|39\/100|[from] Grassy Terrain\n|-heal|p1a: charli|45\/100|[from] item: Leftovers\n|upkeep\n|turn|9\n|\n|t:|1610693430\n|move|p2a: Slowking|Psychic|p1a: charli\n|-damage|p1a: charli|3\/100\n|move|p1a: charli|Recover|p1a: charli\n|-heal|p1a: charli|53\/100\n|\n|-heal|p2a: Slowking|100\/100|[from] Grassy Terrain\n|-heal|p1a: charli|59\/100|[from] Grassy Terrain\n|-heal|p1a: charli|65\/100|[from] item: Leftovers\n|-fieldend|move: Grassy Terrain\n|upkeep\n|turn|10\n|\n|t:|1610693433\n|move|p2a: Slowking|Psychic|p1a: charli\n|-damage|p1a: charli|29\/100\n|move|p1a: charli|Recover|p1a: charli\n|-heal|p1a: charli|79\/100\n|\n|-end|p1a: charli|move: Future Sight\n|-damage|p1a: charli|27\/100\n|-heal|p1a: charli|33\/100|[from] item: Leftovers\n|upkeep\n|turn|11\n|\n|t:|1610693435\n|move|p2a: Slowking|Psychic|p1a: charli\n|-damage|p1a: charli|0 fnt\n|faint|p1a: charli\n|\n|upkeep\n|\n|t:|1610693438\n|switch|p1a: mia khalifa|Mandibuzz, F, shiny|100\/100\n|turn|12\n|\n|t:|1610693443\n|switch|p2a: Mandibuzz|Mandibuzz, F|100\/100\n|move|p1a: mia khalifa|Foul Play|p2a: Mandibuzz\n|-resisted|p2a: Mandibuzz\n|-damage|p2a: Mandibuzz|96\/100\n|\n|upkeep\n|turn|13\n|\n|t:|1610693446\n|move|p2a: Mandibuzz|Toxic|p1a: mia khalifa\n|-status|p1a: mia khalifa|tox\n|move|p1a: mia khalifa|Knock Off|p2a: Mandibuzz\n|-resisted|p2a: Mandibuzz\n|-damage|p2a: Mandibuzz|89\/100\n|-enditem|p2a: Mandibuzz|Heavy-Duty Boots|[from] move: Knock Off|[of] p1a: mia khalifa\n|\n|-damage|p1a: mia khalifa|94\/100 tox|[from] psn\n|upkeep\n|turn|14\n|\n|t:|1610693450\n|switch|p1a: your mom|Toxapex, F, shiny|100\/100\n|-damage|p1a: your mom|88\/100|[from] Stealth Rock\n|move|p2a: Mandibuzz|Defog|p1a: your mom\n|-unboost|p1a: your mom|evasion|1\n|-sideend|p1: dealtests|Stealth Rock|[from] move: Defog|[of] p2a: Mandibuzz\n|-sideend|p2: Contorted Lies|Stealth Rock|[from] move: Defog|[of] p2a: Mandibuzz\n|\n|-heal|p1a: your mom|94\/100|[from] item: Black Sludge\n|upkeep\n|turn|15\n|\n|t:|1610693453\n|switch|p2a: Swampert|Swampert, M|74\/100\n|move|p1a: your mom|Scald|p2a: Swampert\n|-crit|p2a: Swampert\n|-damage|p2a: Swampert|59\/100\n|\n|-heal|p2a: Swampert|65\/100|[from] item: Leftovers\n|-heal|p1a: your mom|99\/100|[from] item: Black Sludge\n|upkeep\n|turn|16\n|\n|t:|1610693456\n|switch|p1a: scarlett jo|Clefable, F|82\/100\n|move|p2a: Swampert|Stealth Rock|p1a: scarlett jo\n|-sidestart|p1: dealtests|move: Stealth Rock\n|\n|-heal|p2a: Swampert|71\/100|[from] item: Leftovers\n|upkeep\n|turn|17\n|\n|t:|1610693462\n|move|p2a: Swampert|Flip Turn|p1a: scarlett jo\n|-damage|p1a: scarlett jo|64\/100\n|\n|t:|1610693464\n|switch|p2a: Slowking|Slowking-Galar, F|100\/100|[from]move: Flip Turn\n|move|p1a: scarlett jo|Stealth Rock|p2a: Slowking\n|-sidestart|p2: Contorted Lies|move: Stealth Rock\n|\n|upkeep\n|turn|18\n|\n|t:|1610693468\n|switch|p1a: kate upton|Blissey, F|100\/100\n|move|p2a: Slowking|Future Sight|p1a: kate upton\n|-start|p2a: Slowking|move: Future Sight\n|\n|upkeep\n|turn|19\n|\n|t:|1610693477\n|switch|p2a: Melmetal|Melmetal|100\/100\n|-damage|p2a: Melmetal|94\/100|[from] Stealth Rock\n|move|p1a: kate upton|Teleport|p1a: kate upton\n|\n|t:|1610693480\n|switch|p1a: scarlett jo|Clefable, F|64\/100|[from]move: Teleport\n|\n|-heal|p2a: Melmetal|100\/100|[from] item: Leftovers\n|upkeep\n|turn|20\n|\n|t:|1610693484\n|move|p1a: scarlett jo|Trick|p2a: Melmetal\n|-activate|p1a: scarlett jo|move: Trick|[of] p2a: Melmetal\n|-item|p2a: Melmetal|Sticky Barb|[from] move: Trick\n|-item|p1a: scarlett jo|Leftovers|[from] move: Trick\n|move|p2a: Melmetal|Double Iron Bash|p1a: scarlett jo\n|-supereffective|p1a: scarlett jo\n|-damage|p1a: scarlett jo|0 fnt\n|-hitcount|p1a: scarlett jo|1\n|faint|p1a: scarlett jo\n|\n|-hint|Future Sight did not hit because the target is fainted.\n|-damage|p2a: Melmetal|88\/100|[from] item: Sticky Barb\n|upkeep\n|\n|t:|1610693490\n|switch|p1a: johnny sins|Corviknight, M, shiny|100\/100\n|-damage|p1a: johnny sins|88\/100|[from] Stealth Rock\n|-ability|p1a: johnny sins|Pressure\n|turn|21\n|\n|t:|1610693493\n|switch|p2a: Slowking|Slowking-Galar, F|100\/100\n|-damage|p2a: Slowking|88\/100|[from] Stealth Rock\n|move|p1a: johnny sins|Iron Defense|p1a: johnny sins\n|-boost|p1a: johnny sins|def|2\n|\n|upkeep\n|turn|22\n|\n|t:|1610693495\n|switch|p1a: kate upton|Blissey, F|100\/100\n|move|p2a: Slowking|Future Sight|p1a: kate upton\n|-start|p2a: Slowking|move: Future Sight\n|\n|upkeep\n|turn|23\n|j| Devon\n|\n|t:|1610693500\n|switch|p2a: Rillaboom|Rillaboom, M|100\/100\n|-damage|p2a: Rillaboom|88\/100|[from] Stealth Rock\n|-fieldstart|move: Grassy Terrain|[from] ability: Grassy Surge|[of] p2a: Rillaboom\n|move|p1a: kate upton|Teleport|p1a: kate upton\n|\n|t:|1610693502\n|switch|p1a: johnny sins|Corviknight, M, shiny|88\/100|[from]move: Teleport\n|-damage|p1a: johnny sins|76\/100|[from] Stealth Rock\n|-ability|p1a: johnny sins|Pressure\n|\n|-heal|p2a: Rillaboom|94\/100|[from] Grassy Terrain\n|-heal|p2a: Rillaboom|100\/100|[from] item: Leftovers\n|upkeep\n|turn|24\n|\n|t:|1610693504\n|move|p2a: Rillaboom|Swords Dance|p2a: Rillaboom\n|-boost|p2a: Rillaboom|atk|2\n|move|p1a: johnny sins|Roost|p1a: johnny sins\n|-heal|p1a: johnny sins|100\/100\n|-singleturn|p1a: johnny sins|move: Roost\n|\n|-end|p1a: johnny sins|move: Future Sight\n|-resisted|p1a: johnny sins\n|-damage|p1a: johnny sins|73\/100\n|-heal|p1a: johnny sins|79\/100|[from] Grassy Terrain\n|upkeep\n|turn|25\n|\n|t:|1610693512\n|move|p2a: Rillaboom|Superpower|p1a: johnny sins\n|-damage|p1a: johnny sins|25\/100\n|-unboost|p2a: Rillaboom|atk|1\n|-unboost|p2a: Rillaboom|def|1\n|move|p1a: johnny sins|Iron Defense|p1a: johnny sins\n|-boost|p1a: johnny sins|def|2\n|\n|upkeep\n|turn|26\n|\n|t:|1610693518\n|move|p2a: Rillaboom|Superpower|p1a: johnny sins\n|-damage|p1a: johnny sins|6\/100\n|-unboost|p2a: Rillaboom|atk|1\n|-unboost|p2a: Rillaboom|def|1\n|move|p1a: johnny sins|Roost|p1a: johnny sins\n|-heal|p1a: johnny sins|56\/100\n|-singleturn|p1a: johnny sins|move: Roost\n|\n|-heal|p1a: johnny sins|62\/100|[from] Grassy Terrain\n|upkeep\n|turn|27\n|\n|t:|1610693521\n|switch|p2a: Slowking|Slowking-Galar, F|100\/100\n|-damage|p2a: Slowking|88\/100|[from] Stealth Rock\n|move|p1a: johnny sins|Roost|p1a: johnny sins\n|-heal|p1a: johnny sins|100\/100\n|-singleturn|p1a: johnny sins|move: Roost\n|\n|-heal|p2a: Slowking|94\/100|[from] Grassy Terrain\n|-fieldend|move: Grassy Terrain\n|upkeep\n|turn|28\n|\n|t:|1610693524\n|switch|p1a: kate upton|Blissey, F|100\/100\n|move|p2a: Slowking|Future Sight|p1a: kate upton\n|-start|p2a: Slowking|move: Future Sight\n|\n|upkeep\n|turn|29\n|\n|t:|1610693526\n|switch|p2a: Rillaboom|Rillaboom, M|100\/100\n|-damage|p2a: Rillaboom|88\/100|[from] Stealth Rock\n|-fieldstart|move: Grassy Terrain|[from] ability: Grassy Surge|[of] p2a: Rillaboom\n|move|p1a: kate upton|Teleport|p1a: kate upton\n|j| air isn't fair\n|\n|t:|1610693528\n|switch|p1a: johnny sins|Corviknight, M, shiny|100\/100|[from]move: Teleport\n|-damage|p1a: johnny sins|88\/100|[from] Stealth Rock\n|-ability|p1a: johnny sins|Pressure\n|\n|-heal|p2a: Rillaboom|94\/100|[from] Grassy Terrain\n|-heal|p2a: Rillaboom|100\/100|[from] item: Leftovers\n|upkeep\n|turn|30\n|\n|t:|1610693530\n|move|p2a: Rillaboom|Swords Dance|p2a: Rillaboom\n|-boost|p2a: Rillaboom|atk|2\n|move|p1a: johnny sins|Iron Defense|p1a: johnny sins\n|-boost|p1a: johnny sins|def|2\n|\n|-end|p1a: johnny sins|move: Future Sight\n|-resisted|p1a: johnny sins\n|-damage|p1a: johnny sins|58\/100\n|upkeep\n|turn|31\n|j| impactx\n|\n|t:|1610693534\n|switch|p2a: Slowking|Slowking-Galar, F|100\/100\n|-damage|p2a: Slowking|88\/100|[from] Stealth Rock\n|move|p1a: johnny sins|Roost|p1a: johnny sins\n|-heal|p1a: johnny sins|100\/100\n|-singleturn|p1a: johnny sins|move: Roost\n|\n|-heal|p2a: Slowking|94\/100|[from] Grassy Terrain\n|upkeep\n|turn|32\n|\n|t:|1610693539\n|switch|p1a: kate upton|Blissey, F|100\/100\n|move|p2a: Slowking|Future Sight|p1a: kate upton\n|-start|p2a: Slowking|move: Future Sight\n|\n|-heal|p2a: Slowking|99\/100|[from] Grassy Terrain\n|upkeep\n|turn|33\n|\n|t:|1610693543\n|switch|p2a: Melmetal|Melmetal|88\/100\n|-damage|p2a: Melmetal|82\/100|[from] Stealth Rock\n|move|p1a: kate upton|Teleport|p1a: kate upton\n|\n|t:|1610693545\n|switch|p1a: johnny sins|Corviknight, M, shiny|100\/100|[from]move: Teleport\n|-damage|p1a: johnny sins|88\/100|[from] Stealth Rock\n|-ability|p1a: johnny sins|Pressure\n|\n|-heal|p2a: Melmetal|88\/100|[from] Grassy Terrain\n|-fieldend|move: Grassy Terrain\n|-damage|p2a: Melmetal|76\/100|[from] item: Sticky Barb\n|upkeep\n|turn|34\n|\n|t:|1610693548\n|move|p1a: johnny sins|Iron Defense|p1a: johnny sins\n|-boost|p1a: johnny sins|def|2\n|move|p2a: Melmetal|Thunder Punch|p1a: johnny sins\n|-supereffective|p1a: johnny sins\n|-damage|p1a: johnny sins|66\/100\n|\n|-end|p1a: johnny sins|move: Future Sight\n|-resisted|p1a: johnny sins\n|-damage|p1a: johnny sins|36\/100\n|-damage|p2a: Melmetal|63\/100|[from] item: Sticky Barb\n|upkeep\n|turn|35\n|\n|t:|1610693552\n|switch|p2a: Slowking|Slowking-Galar, F|100\/100\n|-damage|p2a: Slowking|88\/100|[from] Stealth Rock\n|move|p1a: johnny sins|Roost|p1a: johnny sins\n|-heal|p1a: johnny sins|86\/100\n|-singleturn|p1a: johnny sins|move: Roost\n|\n|upkeep\n|turn|36\n|\n|t:|1610693555\n|switch|p1a: kate upton|Blissey, F|100\/100\n|move|p2a: Slowking|Future Sight|p1a: kate upton\n|-start|p2a: Slowking|move: Future Sight\n|\n|upkeep\n|turn|37\n|\n|t:|1610693560\n|switch|p2a: Rillaboom|Rillaboom, M|100\/100\n|-damage|p2a: Rillaboom|88\/100|[from] Stealth Rock\n|-fieldstart|move: Grassy Terrain|[from] ability: Grassy Surge|[of] p2a: Rillaboom\n|move|p1a: kate upton|Teleport|p1a: kate upton\n|\n|t:|1610693561\n|switch|p1a: johnny sins|Corviknight, M, shiny|86\/100|[from]move: Teleport\n|-damage|p1a: johnny sins|73\/100|[from] Stealth Rock\n|-ability|p1a: johnny sins|Pressure\n|\n|-heal|p2a: Rillaboom|94\/100|[from] Grassy Terrain\n|-heal|p2a: Rillaboom|100\/100|[from] item: Leftovers\n|upkeep\n|turn|38\n|\n|t:|1610693564\n|switch|p2a: Slowking|Slowking-Galar, F|100\/100\n|-damage|p2a: Slowking|88\/100|[from] Stealth Rock\n|move|p1a: johnny sins|Iron Defense|p1a: johnny sins\n|-boost|p1a: johnny sins|def|2\n|\n|-end|p1a: johnny sins|move: Future Sight\n|-resisted|p1a: johnny sins\n|-damage|p1a: johnny sins|44\/100\n|-heal|p2a: Slowking|94\/100|[from] Grassy Terrain\n|upkeep\n|turn|39\n|\n|t:|1610693567\n|move|p1a: johnny sins|Roost|p1a: johnny sins\n|-heal|p1a: johnny sins|94\/100\n|-singleturn|p1a: johnny sins|move: Roost\n|move|p2a: Slowking|Flamethrower|p1a: johnny sins\n|-supereffective|p1a: johnny sins\n|-damage|p1a: johnny sins|33\/100\n|\n|-heal|p1a: johnny sins|39\/100|[from] Grassy Terrain\n|-heal|p2a: Slowking|99\/100|[from] Grassy Terrain\n|upkeep\n|turn|40\n|c| air isn't fair|https:\/\/pokepast.es\/8d7564e48b2a4ea6\n|c| air isn't fair|you know anyone\n|\n|t:|1610693574\n|move|p1a: johnny sins|Roost|p1a: johnny sins\n|-heal|p1a: johnny sins|89\/100\n|-singleturn|p1a: johnny sins|move: Roost\n|move|p2a: Slowking|Flamethrower|p1a: johnny sins\n|-supereffective|p1a: johnny sins\n|-damage|p1a: johnny sins|26\/100\n|\n|-heal|p1a: johnny sins|32\/100|[from] Grassy Terrain\n|-heal|p2a: Slowking|100\/100|[from] Grassy Terrain\n|upkeep\n|turn|41\n|c| air isn't fair|who plays a team like that\n|c| air isn't fair|dealtests\n|j| Phyuck Yuu\n|\n|t:|1610693587\n|switch|p1a: kate upton|Blissey, F|100\/100\n|move|p2a: Slowking|Flamethrower|p1a: kate upton\n|-damage|p1a: kate upton|90\/100\n|\n|-heal|p1a: kate upton|96\/100|[from] Grassy Terrain\n|-fieldend|move: Grassy Terrain\n|upkeep\n|turn|42\n|c|\u2606dealtests|meh i'm playing like ass rn\n|\n|t:|1610693593\n|move|p2a: Slowking|Future Sight|p1a: kate upton\n|-start|p2a: Slowking|move: Future Sight\n|move|p1a: kate upton|Teleport|p1a: kate upton\n|\n|t:|1610693596\n|switch|p1a: mia khalifa|Mandibuzz, F, shiny|94\/100 tox|[from]move: Teleport\n|\n|-damage|p1a: mia khalifa|88\/100 tox|[from] psn\n|upkeep\n|turn|43\n|\n|t:|1610693610\n|switch|p2a: Melmetal|Melmetal|63\/100\n|-damage|p2a: Melmetal|57\/100|[from] Stealth Rock\n|move|p1a: mia khalifa|Foul Play|p2a: Melmetal\n|-crit|p2a: Melmetal\n|-damage|p2a: Melmetal|12\/100\n|\n|-damage|p1a: mia khalifa|76\/100 tox|[from] psn\n|-damage|p2a: Melmetal|0 fnt|[from] item: Sticky Barb\n|faint|p2a: Melmetal\n|upkeep\n|\n|t:|1610693630\n|switch|p2a: Dragapult|Dragapult, F|100\/100\n|-damage|p2a: Dragapult|88\/100|[from] Stealth Rock\n|turn|44\n|l| Devon\n|\n|t:|1610693636\n|move|p2a: Dragapult|Draco Meteor|p1a: mia khalifa\n|-damage|p1a: mia khalifa|28\/100 tox\n|-unboost|p2a: Dragapult|spa|2\n|move|p1a: mia khalifa|Roost|p1a: mia khalifa\n|-heal|p1a: mia khalifa|78\/100 tox\n|-singleturn|p1a: mia khalifa|move: Roost\n|\n|-end|p1a: mia khalifa|move: Future Sight\n|-immune|p1a: mia khalifa\n|-damage|p1a: mia khalifa|59\/100 tox|[from] psn\n|upkeep\n|turn|45\n|\n|t:|1610693641\n|move|p2a: Dragapult|Draco Meteor|p1a: mia khalifa\n|-damage|p1a: mia khalifa|37\/100 tox\n|-unboost|p2a: Dragapult|spa|2\n|move|p1a: mia khalifa|U-turn|p2a: Dragapult\n|-resisted|p2a: Dragapult\n|-damage|p2a: Dragapult|80\/100\n|\n|t:|1610693643\n|switch|p1a: kate upton|Blissey, F|96\/100|[from]move: U-turn\n|\n|upkeep\n|turn|46\n|\n|t:|1610693648\n|switch|p2a: Slowking|Slowking-Galar, F|100\/100\n|-damage|p2a: Slowking|88\/100|[from] Stealth Rock\n|move|p1a: kate upton|Aromatherapy|p1a: kate upton\n|-activate|p1a: kate upton|move: Aromatherapy\n|-curestatus|p1: mia khalifa|tox|[msg]\n|\n|upkeep\n|turn|47\n|\n|t:|1610693652\n|move|p2a: Slowking|Future Sight|p1a: kate upton\n|-start|p2a: Slowking|move: Future Sight\n|move|p1a: kate upton|Teleport|p1a: kate upton\n|\n|t:|1610693654\n|switch|p1a: mia khalifa|Mandibuzz, F, shiny|37\/100|[from]move: Teleport\n|\n|upkeep\n|turn|48\n|\n|t:|1610693657\n|switch|p2a: Mandibuzz|Mandibuzz, F|89\/100\n|-damage|p2a: Mandibuzz|65\/100|[from] Stealth Rock\n|move|p1a: mia khalifa|Roost|p1a: mia khalifa\n|-heal|p1a: mia khalifa|87\/100\n|-singleturn|p1a: mia khalifa|move: Roost\n|\n|upkeep\n|turn|49\n|j| I watch kids\n|\n|t:|1610693662\n|switch|p1a: johnny sins|Corviknight, M, shiny|32\/100\n|-damage|p1a: johnny sins|20\/100|[from] Stealth Rock\n|-ability|p1a: johnny sins|Pressure\n|move|p2a: Mandibuzz|Toxic|p1a: johnny sins\n|-immune|p1a: johnny sins\n|\n|-end|p1a: johnny sins|move: Future Sight\n|-resisted|p1a: johnny sins\n|-damage|p1a: johnny sins|0 fnt\n|upkeep\n|faint|p1a: johnny sins\n|\n|t:|1610693667\n|switch|p1a: your mom|Toxapex, F, shiny|100\/100\n|-damage|p1a: your mom|88\/100|[from] Stealth Rock\n|turn|50\n|\n|t:|1610693671\n|switch|p2a: Slowking|Slowking-Galar, F|100\/100\n|-damage|p2a: Slowking|88\/100|[from] Stealth Rock\n|move|p1a: your mom|Scald|p2a: Slowking\n|-damage|p2a: Slowking|80\/100\n|\n|-heal|p1a: your mom|94\/100|[from] item: Black Sludge\n|upkeep\n|turn|51\n|\n|t:|1610693675\n|move|p2a: Slowking|Future Sight|p1a: your mom\n|-start|p2a: Slowking|move: Future Sight\n|move|p1a: your mom|Scald|p2a: Slowking\n|-damage|p2a: Slowking|71\/100\n|\n|-heal|p1a: your mom|99\/100|[from] item: Black Sludge\n|upkeep\n|turn|52\n|\n|t:|1610693677\n|move|p2a: Slowking|Psychic|p1a: your mom\n|-supereffective|p1a: your mom\n|-damage|p1a: your mom|34\/100\n|move|p1a: your mom|Recover|p1a: your mom\n|-heal|p1a: your mom|84\/100\n|\n|-heal|p1a: your mom|90\/100|[from] item: Black Sludge\n|upkeep\n|turn|53\n|\n|t:|1610693681\n|switch|p1a: mia khalifa|Mandibuzz, F, shiny|87\/100\n|move|p2a: Slowking|Sludge Bomb|p1a: mia khalifa\n|-damage|p1a: mia khalifa|48\/100\n|\n|-end|p1a: mia khalifa|move: Future Sight\n|-immune|p1a: mia khalifa\n|upkeep\n|turn|54\n|\n|t:|1610693685\n|move|p1a: mia khalifa|Roost|p1a: mia khalifa\n|-heal|p1a: mia khalifa|98\/100\n|-singleturn|p1a: mia khalifa|move: Roost\n|move|p2a: Slowking|Sludge Bomb|p1a: mia khalifa\n|-damage|p1a: mia khalifa|59\/100\n|\n|upkeep\n|turn|55\n|\n|t:|1610693687\n|switch|p2a: Mandibuzz|Mandibuzz, F|65\/100\n|-damage|p2a: Mandibuzz|40\/100|[from] Stealth Rock\n|move|p1a: mia khalifa|Knock Off|p2a: Mandibuzz\n|-resisted|p2a: Mandibuzz\n|-damage|p2a: Mandibuzz|35\/100\n|\n|upkeep\n|turn|56\n|j| PedroGreg\n|\n|t:|1610693694\n|switch|p1a: your mom|Toxapex, F, shiny|100\/100\n|-damage|p1a: your mom|88\/100|[from] Stealth Rock\n|move|p2a: Mandibuzz|Defog|p1a: your mom\n|-unboost|p1a: your mom|evasion|1\n|-sideend|p1: dealtests|Stealth Rock|[from] move: Defog|[of] p2a: Mandibuzz\n|-sideend|p2: Contorted Lies|Stealth Rock|[from] move: Defog|[of] p2a: Mandibuzz\n|\n|-heal|p1a: your mom|94\/100|[from] item: Black Sludge\n|upkeep\n|turn|57\n|\n|t:|1610693698\n|switch|p2a: Slowking|Slowking-Galar, F|100\/100\n|move|p1a: your mom|Scald|p2a: Slowking\n|-damage|p2a: Slowking|91\/100\n|\n|-heal|p1a: your mom|99\/100|[from] item: Black Sludge\n|upkeep\n|turn|58\n|\n|t:|1610693700\n|move|p2a: Slowking|Psychic|p1a: your mom\n|-supereffective|p1a: your mom\n|-damage|p1a: your mom|36\/100\n|move|p1a: your mom|Scald|p2a: Slowking\n|-damage|p2a: Slowking|82\/100\n|\n|-heal|p1a: your mom|42\/100|[from] item: Black Sludge\n|upkeep\n|turn|59\n|l| PedroGreg\n|\n|t:|1610693704\n|switch|p1a: mia khalifa|Mandibuzz, F, shiny|59\/100\n|move|p2a: Slowking|Psychic|p1a: mia khalifa\n|-immune|p1a: mia khalifa\n|\n|upkeep\n|turn|60\n|\n|t:|1610693709\n|switch|p2a: Mandibuzz|Mandibuzz, F|35\/100\n|move|p1a: mia khalifa|Foul Play|p2a: Mandibuzz\n|-resisted|p2a: Mandibuzz\n|-damage|p2a: Mandibuzz|30\/100\n|\n|upkeep\n|turn|61\n|\n|t:|1610693715\n|switch|p1a: your mom|Toxapex, F, shiny|75\/100\n|move|p2a: Mandibuzz|Toxic|p1a: your mom\n|-immune|p1a: your mom\n|\n|-heal|p1a: your mom|81\/100|[from] item: Black Sludge\n|upkeep\n|turn|62\n|\n|t:|1610693721\n|switch|p2a: Swampert|Swampert, M|71\/100\n|move|p1a: your mom|Scald|p2a: Swampert\n|-damage|p2a: Swampert|59\/100\n|-status|p2a: Swampert|brn\n|\n|-heal|p2a: Swampert|65\/100 brn|[from] item: Leftovers\n|-heal|p1a: your mom|87\/100|[from] item: Black Sludge\n|-damage|p2a: Swampert|59\/100 brn|[from] brn\n|upkeep\n|turn|63\n|\n|t:|1610693724\n|switch|p1a: mia khalifa|Mandibuzz, F, shiny|59\/100\n|move|p2a: Swampert|Stealth Rock|p1a: mia khalifa\n|-sidestart|p1: dealtests|move: Stealth Rock\n|\n|-heal|p2a: Swampert|65\/100 brn|[from] item: Leftovers\n|-damage|p2a: Swampert|59\/100 brn|[from] brn\n|upkeep\n|turn|64\n|\n|t:|1610693727\n|move|p1a: mia khalifa|Roost|p1a: mia khalifa\n|-heal|p1a: mia khalifa|100\/100\n|-singleturn|p1a: mia khalifa|move: Roost\n|move|p2a: Swampert|Toxic|p1a: mia khalifa\n|-status|p1a: mia khalifa|tox\n|\n|-heal|p2a: Swampert|65\/100 brn|[from] item: Leftovers\n|-damage|p1a: mia khalifa|94\/100 tox|[from] psn\n|-damage|p2a: Swampert|59\/100 brn|[from] brn\n|upkeep\n|turn|65\n|l| impactx\n|\n|t:|1610693731\n|switch|p1a: your mom|Toxapex, F, shiny|100\/100\n|-damage|p1a: your mom|88\/100|[from] Stealth Rock\n|move|p2a: Swampert|Stealth Rock||[still]\n|-fail|p2a: Swampert\n|\n|-heal|p2a: Swampert|65\/100 brn|[from] item: Leftovers\n|-heal|p1a: your mom|94\/100|[from] item: Black Sludge\n|-damage|p2a: Swampert|59\/100 brn|[from] brn\n|upkeep\n|turn|66\n|\n|t:|1610693736\n|switch|p1a: kate upton|Blissey, F|96\/100\n|move|p2a: Swampert|Flip Turn|p1a: kate upton\n|-damage|p1a: kate upton|85\/100\n|\n|t:|1610693741\n|switch|p2a: Rillaboom|Rillaboom, M|100\/100|[from]move: Flip Turn\n|-fieldstart|move: Grassy Terrain|[from] ability: Grassy Surge|[of] p2a: Rillaboom\n|\n|-heal|p1a: kate upton|91\/100|[from] Grassy Terrain\n|upkeep\n|turn|67\n|\n|t:|1610693743\n|switch|p1a: mia khalifa|Mandibuzz, F, shiny|94\/100 tox\n|move|p2a: Rillaboom|Knock Off|p1a: mia khalifa\n|-resisted|p1a: mia khalifa\n|-damage|p1a: mia khalifa|85\/100 tox\n|-enditem|p1a: mia khalifa|Heavy-Duty Boots|[from] move: Knock Off|[of] p2a: Rillaboom\n|\n|-damage|p1a: mia khalifa|79\/100 tox|[from] psn\n|upkeep\n|turn|68\n|\n|t:|1610693749\n|switch|p2a: Mandibuzz|Mandibuzz, F|30\/100\n|move|p1a: mia khalifa|Foul Play|p2a: Mandibuzz\n|-resisted|p2a: Mandibuzz\n|-damage|p2a: Mandibuzz|25\/100\n|\n|-damage|p1a: mia khalifa|67\/100 tox|[from] psn\n|upkeep\n|turn|69\n|\n|t:|1610693752\n|move|p2a: Mandibuzz|Roost|p2a: Mandibuzz\n|-heal|p2a: Mandibuzz|75\/100\n|-singleturn|p2a: Mandibuzz|move: Roost\n|move|p1a: mia khalifa|U-turn|p2a: Mandibuzz\n|-supereffective|p2a: Mandibuzz\n|-damage|p2a: Mandibuzz|62\/100\n|c| I watch kids|This mans whole team name is weird asl\n|\n|t:|1610693754\n|switch|p1a: your mom|Toxapex, F, shiny|100\/100|[from]move: U-turn\n|-damage|p1a: your mom|88\/100|[from] Stealth Rock\n|\n|-heal|p2a: Mandibuzz|68\/100|[from] Grassy Terrain\n|-heal|p1a: your mom|94\/100|[from] Grassy Terrain\n|-heal|p1a: your mom|99\/100|[from] item: Black Sludge\n|upkeep\n|turn|70\n|\n|t:|1610693758\n|switch|p2a: Slowking|Slowking-Galar, F|100\/100\n|move|p1a: your mom|Scald|p2a: Slowking\n|-damage|p2a: Slowking|91\/100\n|\n|-heal|p2a: Slowking|97\/100|[from] Grassy Terrain\n|-heal|p1a: your mom|100\/100|[from] Grassy Terrain\n|-fieldend|move: Grassy Terrain\n|upkeep\n|turn|71\n|\n|t:|1610693761\n|move|p2a: Slowking|Psychic|p1a: your mom\n|-supereffective|p1a: your mom\n|-damage|p1a: your mom|42\/100\n|move|p1a: your mom|Scald|p2a: Slowking\n|-damage|p2a: Slowking|88\/100\n|\n|-heal|p1a: your mom|48\/100|[from] item: Black Sludge\n|upkeep\n|turn|72\n|\n|t:|1610693765\n|switch|p1a: kate upton|Blissey, F|91\/100\n|move|p2a: Slowking|Sludge Bomb|p1a: kate upton\n|-damage|p1a: kate upton|75\/100\n|\n|upkeep\n|turn|73\n|\n|t:|1610693769\n|switch|p2a: Rillaboom|Rillaboom, M|100\/100\n|-fieldstart|move: Grassy Terrain|[from] ability: Grassy Surge|[of] p2a: Rillaboom\n|move|p1a: kate upton|Teleport|p1a: kate upton\n|\n|t:|1610693772\n|switch|p1a: mia khalifa|Mandibuzz, F, shiny|67\/100 tox|[from]move: Teleport\n|-damage|p1a: mia khalifa|42\/100 tox|[from] Stealth Rock\n|\n|-damage|p1a: mia khalifa|35\/100 tox|[from] psn\n|upkeep\n|turn|74\n|\n|t:|1610693776\n|move|p2a: Rillaboom|Superpower|p1a: mia khalifa\n|-damage|p1a: mia khalifa|11\/100 tox\n|-unboost|p2a: Rillaboom|atk|1\n|-unboost|p2a: Rillaboom|def|1\n|move|p1a: mia khalifa|Roost|p1a: mia khalifa\n|-heal|p1a: mia khalifa|61\/100 tox\n|-singleturn|p1a: mia khalifa|move: Roost\n|\n|-heal|p1a: mia khalifa|67\/100 tox|[from] Grassy Terrain\n|-damage|p1a: mia khalifa|55\/100 tox|[from] psn\n|upkeep\n|turn|75\n|\n|t:|1610693787\n|switch|p2a: Slowking|Slowking-Galar, F|100\/100\n|move|p1a: mia khalifa|U-turn|p2a: Slowking\n|-damage|p2a: Slowking|89\/100\n|\n|t:|1610693789\n|switch|p1a: kate upton|Blissey, F|75\/100|[from]move: U-turn\n|\n|-heal|p1a: kate upton|81\/100|[from] Grassy Terrain\n|-heal|p2a: Slowking|95\/100|[from] Grassy Terrain\n|upkeep\n|turn|76\n|\n|t:|1610693792\n|move|p1a: kate upton|Aromatherapy|p1a: kate upton\n|-activate|p1a: kate upton|move: Aromatherapy\n|-curestatus|p1: mia khalifa|tox|[msg]\n|move|p2a: Slowking|Sludge Bomb|p1a: kate upton\n|-damage|p1a: kate upton|65\/100\n|\n|-heal|p1a: kate upton|71\/100|[from] Grassy Terrain\n|-heal|p2a: Slowking|100\/100|[from] Grassy Terrain\n|upkeep\n|turn|77\n|\n|t:|1610693800\n|switch|p2a: Dragapult|Dragapult, F|80\/100\n|move|p1a: kate upton|Teleport|p1a: kate upton\n|\n|t:|1610693802\n|switch|p1a: your mom|Toxapex, F, shiny|82\/100|[from]move: Teleport\n|-damage|p1a: your mom|69\/100|[from] Stealth Rock\n|\n|-heal|p2a: Dragapult|86\/100|[from] Grassy Terrain\n|-heal|p1a: your mom|75\/100|[from] Grassy Terrain\n|-heal|p1a: your mom|81\/100|[from] item: Black Sludge\n|-fieldend|move: Grassy Terrain\n|upkeep\n|turn|78\n|\n|t:|1610693806\n|move|p2a: Dragapult|U-turn|p1a: your mom\n|-resisted|p1a: your mom\n|-damage|p1a: your mom|75\/100\n|\n|t:|1610693810\n|switch|p2a: Slowking|Slowking-Galar, F|100\/100|[from]move: U-turn\n|move|p1a: your mom|Scald|p2a: Slowking\n|-damage|p2a: Slowking|92\/100\n|\n|-heal|p1a: your mom|81\/100|[from] item: Black Sludge\n|upkeep\n|turn|79\n|\n|t:|1610693813\n|move|p2a: Slowking|Sludge Bomb|p1a: your mom\n|-resisted|p1a: your mom\n|-damage|p1a: your mom|67\/100\n|move|p1a: your mom|Scald|p2a: Slowking\n|-damage|p2a: Slowking|83\/100\n|\n|-heal|p1a: your mom|73\/100|[from] item: Black Sludge\n|upkeep\n|turn|80\n|\n|t:|1610693815\n|switch|p1a: kate upton|Blissey, F|71\/100\n|move|p2a: Slowking|Sludge Bomb|p1a: kate upton\n|-damage|p1a: kate upton|55\/100\n|\n|upkeep\n|turn|81\n|\n|t:|1610693822\n|switch|p2a: Rillaboom|Rillaboom, M|100\/100\n|-fieldstart|move: Grassy Terrain|[from] ability: Grassy Surge|[of] p2a: Rillaboom\n|move|p1a: kate upton|Soft-Boiled|p1a: kate upton\n|-heal|p1a: kate upton|100\/100\n|\n|upkeep\n|turn|82\n|\n|t:|1610693826\n|switch|p1a: mia khalifa|Mandibuzz, F, shiny|55\/100\n|-damage|p1a: mia khalifa|30\/100|[from] Stealth Rock\n|move|p2a: Rillaboom|Swords Dance|p2a: Rillaboom\n|-boost|p2a: Rillaboom|atk|2\n|\n|upkeep\n|turn|83\n|j| impactx\n|\n|t:|1610693829\n|move|p2a: Rillaboom|Superpower|p1a: mia khalifa\n|-damage|p1a: mia khalifa|0 fnt\n|-unboost|p2a: Rillaboom|atk|1\n|-unboost|p2a: Rillaboom|def|1\n|faint|p1a: mia khalifa\n|\n|upkeep\n|c|\u2606dealtests|yeah i lost\n|l| impactx\n|\n|t:|1610693833\n|switch|p1a: your mom|Toxapex, F, shiny|100\/100\n|-damage|p1a: your mom|88\/100|[from] Stealth Rock\n|turn|84\n|\n|t:|1610693840\n|switch|p2a: Slowking|Slowking-Galar, F|100\/100\n|move|p1a: your mom|Scald|p2a: Slowking\n|-damage|p2a: Slowking|91\/100\n|-status|p2a: Slowking|brn\n|\n|-heal|p2a: Slowking|97\/100 brn|[from] Grassy Terrain\n|-heal|p1a: your mom|94\/100|[from] Grassy Terrain\n|-heal|p1a: your mom|99\/100|[from] item: Black Sludge\n|-damage|p2a: Slowking|91\/100 brn|[from] brn\n|upkeep\n|turn|85\n|\n|t:|1610693843\n|switch|p1a: kate upton|Blissey, F|100\/100\n|move|p2a: Slowking|Future Sight|p1a: kate upton\n|-start|p2a: Slowking|move: Future Sight\n|\n|-heal|p2a: Slowking|97\/100 brn|[from] Grassy Terrain\n|-fieldend|move: Grassy Terrain\n|-damage|p2a: Slowking|91\/100 brn|[from] brn\n|upkeep\n|turn|86\n|\n|t:|1610693846\n|switch|p2a: Rillaboom|Rillaboom, M|100\/100\n|-fieldstart|move: Grassy Terrain|[from] ability: Grassy Surge|[of] p2a: Rillaboom\n|move|p1a: kate upton|Teleport|p1a: kate upton\n|c|\u2606dealtests|meh\n|\n|t:|1610693849\n|switch|p1a: your mom|Toxapex, F, shiny|100\/100|[from]move: Teleport\n|-damage|p1a: your mom|88\/100|[from] Stealth Rock\n|\n|-heal|p1a: your mom|94\/100|[from] Grassy Terrain\n|-heal|p1a: your mom|99\/100|[from] item: Black Sludge\n|upkeep\n|turn|87\n|\n|t:|1610693858\n|move|p2a: Rillaboom|Swords Dance|p2a: Rillaboom\n|-boost|p2a: Rillaboom|atk|2\n|move|p1a: your mom|Scald|p2a: Rillaboom\n|-resisted|p2a: Rillaboom\n|-damage|p2a: Rillaboom|91\/100\n|\n|-end|p1a: your mom|move: Future Sight\n|-supereffective|p1a: your mom\n|-damage|p1a: your mom|18\/100\n|-heal|p2a: Rillaboom|97\/100|[from] Grassy Terrain\n|-heal|p2a: Rillaboom|100\/100|[from] item: Leftovers\n|-heal|p1a: your mom|24\/100|[from] Grassy Terrain\n|-heal|p1a: your mom|30\/100|[from] item: Black Sludge\n|upkeep\n|turn|88\n|-message|dealtests forfeited.\n|\n|win|Contorted Lies\n|c|\u2606dealtests|gg\n|raw|dealtests's rating: 1773 &rarr; <strong>1752<\/strong><br \/>(-21 for losing)\n|raw|Contorted Lies's rating: 1762 &rarr; <strong>1783<\/strong><br \/>(+21 for winning)\n|l|\u2606Contorted Lies\n|c|\u2606dealtests|well played on killing my shit\n|l|\u2606dealtests\n|c| air isn't fair|lol\n|c| I watch kids|This dude weird\n","uploadtime":1610693892,"views":65,"p1id":"dealtests","p2id":"contortedlies","formatid":"gen8ou","rating":1752,"private":0,"password":null}