{"id":"gen8ou-1685192108","p1":"ty-tyui\u21bb","p2":"minimax_ai","format":"gen8ou","log":"|html|<div class=\"broadcast-blue\"><strong>[Gen 8] OU is currently suspecting Melmetal! For information on how to participate check out the <a href=\"https:\/\/www.smogon.com\/forums\/threads\/np-ss-ou-suspect-process-round-12-monster-mash.3709234\/\">suspect thread<\/a>.<\/strong><\/div>\n|j|\u2606ty-tyui\u21bb\n|j|\u203dminimax_ai\n|t:|1665706095\n|gametype|singles\n|player|p1|ty-tyui\u21bb|kamado|1662\n|player|p2|minimax_ai|101|1665\n|teamsize|p1|6\n|teamsize|p2|6\n|gen|8\n|tier|[Gen 8] OU\n|rated|\n|rule|Sleep Clause Mod: Limit one foe put to sleep\n|rule|Species Clause: Limit one of each Pok\u00e9mon\n|rule|OHKO Clause: OHKO moves are banned\n|rule|Evasion Items Clause: Evasion items are banned\n|rule|Evasion Moves Clause: Evasion moves are banned\n|rule|Endless Battle Clause: Forcing endless battles is banned\n|rule|HP Percentage Mod: HP is shown in percentages\n|rule|Dynamax Clause: You cannot dynamax\n|clearpoke\n|poke|p1|Mienshao, M|\n|poke|p1|Ninetales-Alola, F|\n|poke|p1|Blacephalon|\n|poke|p1|Landorus-Therian, M|\n|poke|p1|Corviknight, M|\n|poke|p1|Rotom-Wash|\n|poke|p2|Rotom-Wash|\n|poke|p2|Weavile, F|\n|poke|p2|Landorus-Therian, M|\n|poke|p2|Heatran, M|\n|poke|p2|Tangrowth, F|\n|poke|p2|Melmetal|\n|teampreview\n|inactive|Battle timer is ON: inactive players will automatically lose when time's up. (requested by minimax_ai)\n|\n|t:|1665706102\n|start\n|switch|p1a: Ninetales|Ninetales-Alola, F|100\/100\n|switch|p2a: Landorus|Landorus-Therian, M|100\/100\n|-weather|Hail|[from] ability: Snow Warning|[of] p1a: Ninetales\n|-ability|p2a: Landorus|Intimidate|boost\n|-unboost|p1a: Ninetales|atk|1\n|turn|1\n|\n|t:|1665706108\n|switch|p2a: Heatran|Heatran, M|100\/100\n|-item|p2a: Heatran|Air Balloon\n|move|p1a: Ninetales|Blizzard|p2a: Heatran\n|-resisted|p2a: Heatran\n|-damage|p2a: Heatran|85\/100\n|-enditem|p2a: Heatran|Air Balloon\n|\n|-weather|Hail|[upkeep]\n|-damage|p2a: Heatran|79\/100|[from] Hail\n|upkeep\n|turn|2\n|\n|t:|1665706111\n|switch|p1a: Rotom|Rotom-Wash|100\/100\n|move|p2a: Heatran|Stealth Rock|p1a: Rotom\n|-sidestart|p1: ty-tyui\u21bb|move: Stealth Rock\n|\n|-weather|Hail|[upkeep]\n|-damage|p2a: Heatran|73\/100|[from] Hail\n|-damage|p1a: Rotom|94\/100|[from] Hail\n|-heal|p1a: Rotom|100\/100|[from] item: Leftovers\n|upkeep\n|turn|3\n|\n|t:|1665706117\n|switch|p2a: Rotom|Rotom-Wash|100\/100\n|move|p1a: Rotom|Volt Switch|p2a: Rotom\n|-damage|p2a: Rotom|76\/100\n|\n|t:|1665706125\n|switch|p1a: Ninetales|Ninetales-Alola, F|100\/100|[from]move: Volt Switch\n|-damage|p1a: Ninetales|75\/100|[from] Stealth Rock\n|\n|-weather|Hail|[upkeep]\n|-damage|p2a: Rotom|70\/100|[from] Hail\n|-heal|p2a: Rotom|76\/100|[from] item: Leftovers\n|upkeep\n|turn|4\n|\n|t:|1665706127\n|switch|p2a: Melmetal|Melmetal|100\/100\n|move|p1a: Ninetales|Freeze-Dry|p2a: Melmetal\n|-resisted|p2a: Melmetal\n|-damage|p2a: Melmetal|90\/100\n|\n|-weather|Hail|[upkeep]\n|-damage|p2a: Melmetal|84\/100|[from] Hail\n|upkeep\n|turn|5\n|\n|t:|1665706130\n|switch|p1a: Corviknight|Corviknight, M|100\/100\n|-damage|p1a: Corviknight|88\/100|[from] Stealth Rock\n|-ability|p1a: Corviknight|Pressure\n|move|p2a: Melmetal|Ice Punch|p1a: Corviknight\n|-damage|p1a: Corviknight|64\/100\n|-damage|p2a: Melmetal|68\/100|[from] item: Rocky Helmet|[of] p1a: Corviknight\n|\n|-weather|none\n|upkeep\n|turn|6\n|\n|t:|1665706136\n|move|p1a: Corviknight|Defog|p2a: Melmetal\n|-unboost|p2a: Melmetal|evasion|1\n|-sideend|p1: ty-tyui\u21bb|Stealth Rock|[from] move: Defog|[of] p1a: Corviknight\n|move|p2a: Melmetal|Thunder Punch|p1a: Corviknight\n|-supereffective|p1a: Corviknight\n|-damage|p1a: Corviknight|16\/100\n|-damage|p2a: Melmetal|51\/100|[from] item: Rocky Helmet|[of] p1a: Corviknight\n|\n|upkeep\n|turn|7\n|\n|t:|1665706138\n|move|p1a: Corviknight|Roost|p1a: Corviknight\n|-heal|p1a: Corviknight|66\/100\n|-singleturn|p1a: Corviknight|move: Roost\n|move|p2a: Melmetal|Thunder Punch|p1a: Corviknight\n|-damage|p1a: Corviknight|42\/100\n|-status|p1a: Corviknight|par\n|-damage|p2a: Melmetal|35\/100|[from] item: Rocky Helmet|[of] p1a: Corviknight\n|\n|upkeep\n|turn|8\n|\n|t:|1665706143\n|switch|p2a: Rotom|Rotom-Wash|76\/100\n|cant|p1a: Corviknight|par\n|\n|-heal|p2a: Rotom|82\/100|[from] item: Leftovers\n|upkeep\n|turn|9\n|\n|t:|1665706147\n|switch|p1a: Landorus|Landorus-Therian, M|100\/100\n|-ability|p1a: Landorus|Intimidate|boost\n|-unboost|p2a: Rotom|atk|1\n|move|p2a: Rotom|Hydro Pump|p1a: Landorus\n|-supereffective|p1a: Landorus\n|-damage|p1a: Landorus|35\/100\n|\n|-heal|p2a: Rotom|88\/100|[from] item: Leftovers\n|-heal|p1a: Landorus|41\/100|[from] item: Leftovers\n|upkeep\n|turn|10\n|\n|t:|1665706151\n|switch|p1a: Rotom|Rotom-Wash|100\/100\n|move|p2a: Rotom|Hydro Pump|p1a: Rotom\n|-resisted|p1a: Rotom\n|-damage|p1a: Rotom|84\/100\n|\n|-heal|p2a: Rotom|95\/100|[from] item: Leftovers\n|-heal|p1a: Rotom|90\/100|[from] item: Leftovers\n|upkeep\n|turn|11\n|\n|t:|1665706154\n|move|p2a: Rotom|Hydro Pump|p1a: Rotom|[miss]\n|-miss|p2a: Rotom|p1a: Rotom\n|move|p1a: Rotom|Volt Switch|p2a: Rotom\n|-damage|p2a: Rotom|70\/100\n|\n|t:|1665706157\n|switch|p1a: Mienshao|Mienshao, M, shiny|100\/100|[from]move: Volt Switch\n|\n|-heal|p2a: Rotom|76\/100|[from] item: Leftovers\n|upkeep\n|turn|12\n|\n|t:|1665706168\n|switch|p2a: Tangrowth|Tangrowth, F|100\/100\n|move|p1a: Mienshao|Close Combat|p2a: Tangrowth\n|-damage|p2a: Tangrowth|56\/100\n|-unboost|p1a: Mienshao|def|1\n|-unboost|p1a: Mienshao|spd|1\n|-damage|p1a: Mienshao|84\/100|[from] item: Rocky Helmet|[of] p2a: Tangrowth\n|-damage|p1a: Mienshao|74\/100|[from] item: Life Orb\n|\n|upkeep\n|turn|13\n|\n|t:|1665706187\n|move|p1a: Mienshao|U-turn|p2a: Tangrowth\n|-supereffective|p2a: Tangrowth\n|-damage|p2a: Tangrowth|24\/100\n|-damage|p1a: Mienshao|57\/100|[from] item: Rocky Helmet|[of] p2a: Tangrowth\n|-damage|p1a: Mienshao|48\/100|[from] item: Life Orb\n|\n|t:|1665706189\n|switch|p1a: Corviknight|Corviknight, M|42\/100 par|[from]move: U-turn\n|-ability|p1a: Corviknight|Pressure\n|move|p2a: Tangrowth|Giga Drain|p1a: Corviknight\n|-resisted|p1a: Corviknight\n|-damage|p1a: Corviknight|37\/100 par\n|-heal|p2a: Tangrowth|27\/100|[from] drain|[of] p1a: Corviknight\n|\n|upkeep\n|turn|14\n|\n|t:|1665706192\n|move|p2a: Tangrowth|Focus Blast|p1a: Corviknight\n|-damage|p1a: Corviknight|10\/100 par\n|move|p1a: Corviknight|Roost|p1a: Corviknight\n|-heal|p1a: Corviknight|60\/100 par\n|-singleturn|p1a: Corviknight|move: Roost\n|\n|upkeep\n|turn|15\n|\n|t:|1665706196\n|move|p2a: Tangrowth|Focus Blast|p1a: Corviknight\n|-crit|p1a: Corviknight\n|-damage|p1a: Corviknight|26\/100 par\n|move|p1a: Corviknight|U-turn|p2a: Tangrowth\n|-supereffective|p2a: Tangrowth\n|-damage|p2a: Tangrowth|10\/100\n|-damage|p1a: Corviknight|10\/100 par|[from] item: Rocky Helmet|[of] p2a: Tangrowth\n|\n|t:|1665706199\n|switch|p1a: Blacephalon|Blacephalon, shiny|100\/100|[from]move: U-turn\n|\n|upkeep\n|turn|16\n|\n|t:|1665706202\n|switch|p2a: Landorus|Landorus-Therian, M|100\/100\n|-ability|p2a: Landorus|Intimidate|boost\n|-unboost|p1a: Blacephalon|atk|1\n|move|p1a: Blacephalon|Shadow Ball|p2a: Landorus\n|-damage|p2a: Landorus|63\/100\n|\n|-heal|p2a: Landorus|70\/100|[from] item: Leftovers\n|upkeep\n|turn|17\n|\n|t:|1665706206\n|switch|p1a: Corviknight|Corviknight, M|10\/100 par\n|-ability|p1a: Corviknight|Pressure\n|switch|p2a: Weavile|Weavile, F|100\/100\n|-ability|p2a: Weavile|Pressure\n|\n|upkeep\n|turn|18\n|\n|t:|1665706209\n|move|p2a: Weavile|Knock Off|p1a: Corviknight\n|-damage|p1a: Corviknight|0 fnt\n|-damage|p2a: Weavile|84\/100|[from] item: Rocky Helmet|[of] p1a: Corviknight\n|-enditem|p1a: Corviknight|Rocky Helmet|[from] move: Knock Off|[of] p2a: Weavile\n|faint|p1a: Corviknight\n|\n|upkeep\n|\n|t:|1665706213\n|switch|p1a: Blacephalon|Blacephalon, shiny|100\/100\n|turn|19\n|\n|t:|1665706217\n|switch|p1a: Mienshao|Mienshao, M, shiny|81\/100\n|switch|p2a: Landorus|Landorus-Therian, M|70\/100\n|-ability|p2a: Landorus|Intimidate|boost\n|-unboost|p1a: Mienshao|atk|1\n|\n|-heal|p2a: Landorus|76\/100|[from] item: Leftovers\n|upkeep\n|turn|20\n|\n|t:|1665706220\n|move|p1a: Mienshao|U-turn|p2a: Landorus\n|-resisted|p2a: Landorus\n|-damage|p2a: Landorus|66\/100\n|-damage|p1a: Mienshao|71\/100|[from] item: Life Orb\n|\n|t:|1665706222\n|switch|p1a: Landorus|Landorus-Therian, M|41\/100|[from]move: U-turn\n|-ability|p1a: Landorus|Intimidate|boost\n|-unboost|p2a: Landorus|atk|1\n|move|p2a: Landorus|U-turn|p1a: Landorus\n|-resisted|p1a: Landorus\n|-damage|p1a: Landorus|33\/100\n|\n|t:|1665706222\n|switch|p2a: Weavile|Weavile, F|84\/100|[from]move: U-turn\n|-ability|p2a: Weavile|Pressure\n|\n|-heal|p1a: Landorus|40\/100|[from] item: Leftovers\n|upkeep\n|turn|21\n|\n|t:|1665706233\n|move|p2a: Weavile|Knock Off|p1a: Landorus\n|-damage|p1a: Landorus|0 fnt\n|-enditem|p1a: Landorus|Leftovers|[from] move: Knock Off|[of] p2a: Weavile\n|faint|p1a: Landorus\n|\n|upkeep\n|\n|t:|1665706238\n|switch|p1a: Ninetales|Ninetales-Alola, F|75\/100\n|-weather|Hail|[from] ability: Snow Warning|[of] p1a: Ninetales\n|turn|22\n|\n|t:|1665706241\n|switch|p2a: Melmetal|Melmetal|35\/100\n|switch|p1a: Mienshao|Mienshao, M, shiny|100\/100\n|\n|-weather|Hail|[upkeep]\n|-damage|p1a: Mienshao|94\/100|[from] Hail\n|-damage|p2a: Melmetal|28\/100|[from] Hail\n|upkeep\n|turn|23\n|\n|t:|1665706245\n|move|p1a: Mienshao|Close Combat|p2a: Melmetal\n|-supereffective|p2a: Melmetal\n|-damage|p2a: Melmetal|0 fnt\n|-unboost|p1a: Mienshao|def|1\n|-unboost|p1a: Mienshao|spd|1\n|faint|p2a: Melmetal\n|-damage|p1a: Mienshao|84\/100|[from] item: Life Orb\n|\n|-weather|Hail|[upkeep]\n|-damage|p1a: Mienshao|78\/100|[from] Hail\n|upkeep\n|\n|t:|1665706245\n|switch|p2a: Weavile|Weavile, F|84\/100\n|-ability|p2a: Weavile|Pressure\n|turn|24\n|\n|t:|1665706250\n|switch|p1a: Rotom|Rotom-Wash|90\/100\n|move|p2a: Weavile|Knock Off|p1a: Rotom\n|-damage|p1a: Rotom|17\/100\n|-enditem|p1a: Rotom|Leftovers|[from] move: Knock Off|[of] p2a: Weavile\n|\n|-weather|Hail|[upkeep]\n|-damage|p1a: Rotom|11\/100|[from] Hail\n|upkeep\n|turn|25\n|\n|t:|1665706253\n|move|p2a: Weavile|Knock Off|p1a: Rotom\n|-damage|p1a: Rotom|0 fnt\n|faint|p1a: Rotom\n|\n|-weather|Hail|[upkeep]\n|upkeep\n|\n|t:|1665706261\n|switch|p1a: Mienshao|Mienshao, M, shiny|100\/100\n|turn|26\n|\n|t:|1665706265\n|switch|p2a: Landorus|Landorus-Therian, M|66\/100\n|-ability|p2a: Landorus|Intimidate|boost\n|-unboost|p1a: Mienshao|atk|1\n|move|p1a: Mienshao|Knock Off|p2a: Landorus\n|-damage|p2a: Landorus|41\/100\n|-enditem|p2a: Landorus|Leftovers|[from] move: Knock Off|[of] p1a: Mienshao\n|-damage|p1a: Mienshao|91\/100|[from] item: Life Orb\n|\n|-weather|none\n|upkeep\n|turn|27\n|\n|t:|1665706272\n|move|p1a: Mienshao|U-turn|p2a: Landorus\n|-resisted|p2a: Landorus\n|-damage|p2a: Landorus|30\/100\n|-damage|p1a: Mienshao|81\/100|[from] item: Life Orb\n|\n|t:|1665706274\n|switch|p1a: Ninetales|Ninetales-Alola, F|75\/100|[from]move: U-turn\n|-weather|Hail|[from] ability: Snow Warning|[of] p1a: Ninetales\n|move|p2a: Landorus|Earthquake|p1a: Ninetales\n|-damage|p1a: Ninetales|0 fnt\n|faint|p1a: Ninetales\n|\n|-weather|Hail|[upkeep]\n|-damage|p2a: Landorus|24\/100|[from] Hail\n|upkeep\n|\n|t:|1665706278\n|switch|p1a: Blacephalon|Blacephalon, shiny|100\/100\n|turn|28\n|j| Partynparadise\n|\n|t:|1665706288\n|switch|p2a: Rotom|Rotom-Wash|76\/100\n|move|p1a: Blacephalon|Shadow Ball|p2a: Rotom\n|-damage|p2a: Rotom|27\/100\n|\n|-weather|Hail|[upkeep]\n|-damage|p1a: Blacephalon|94\/100|[from] Hail\n|-damage|p2a: Rotom|21\/100|[from] Hail\n|-heal|p2a: Rotom|27\/100|[from] item: Leftovers\n|upkeep\n|turn|29\n|\n|t:|1665706290\n|switch|p2a: Weavile|Weavile, F|84\/100\n|-ability|p2a: Weavile|Pressure\n|move|p1a: Blacephalon|Shadow Ball|p2a: Weavile\n|-resisted|p2a: Weavile\n|-damage|p2a: Weavile|54\/100\n|-unboost|p2a: Weavile|spd|1\n|\n|-weather|Hail|[upkeep]\n|-damage|p1a: Blacephalon|88\/100|[from] Hail\n|upkeep\n|turn|30\n|\n|t:|1665706294\n|move|p1a: Blacephalon|Shadow Ball|p2a: Weavile\n|-resisted|p2a: Weavile\n|-damage|p2a: Weavile|4\/100\n|move|p2a: Weavile|Knock Off|p1a: Blacephalon\n|-supereffective|p1a: Blacephalon\n|-damage|p1a: Blacephalon|0 fnt\n|-enditem|p1a: Blacephalon|Choice Scarf|[from] move: Knock Off|[of] p2a: Weavile\n|faint|p1a: Blacephalon\n|\n|-weather|Hail|[upkeep]\n|upkeep\n|\n|t:|1665706300\n|switch|p1a: Mienshao|Mienshao, M, shiny|100\/100\n|turn|31\n|\n|t:|1665706305\n|move|p2a: Weavile|Knock Off|p1a: Mienshao\n|-resisted|p1a: Mienshao\n|-damage|p1a: Mienshao|33\/100\n|-enditem|p1a: Mienshao|Life Orb|[from] move: Knock Off|[of] p2a: Weavile\n|move|p1a: Mienshao|Knock Off|p2a: Weavile\n|-resisted|p2a: Weavile\n|-damage|p2a: Weavile|0 fnt\n|-enditem|p2a: Weavile|Choice Band|[from] move: Knock Off|[of] p1a: Mienshao\n|faint|p2a: Weavile\n|\n|-weather|none\n|upkeep\n|\n|t:|1665706305\n|switch|p2a: Landorus|Landorus-Therian, M|24\/100\n|-ability|p2a: Landorus|Intimidate|boost\n|-unboost|p1a: Mienshao|atk|1\n|turn|32\n|\n|t:|1665706307\n|move|p1a: Mienshao|Knock Off|p2a: Landorus\n|-damage|p2a: Landorus|11\/100\n|move|p2a: Landorus|Earthquake|p1a: Mienshao\n|-damage|p1a: Mienshao|0 fnt\n|faint|p1a: Mienshao\n|\n|win|minimax_ai\n|raw|ty-tyui\u21bb's rating: 1662 &rarr; <strong>1642<\/strong><br \/>(-20 for losing)\n|raw|minimax_ai's rating: 1665 &rarr; <strong>1685<\/strong><br \/>(+20 for winning)\n","uploadtime":1665706309,"views":10,"p1id":"tytyui","p2id":"minimaxai","formatid":"gen8ou","rating":1642,"private":0,"password":null}