{"id":"gen8ou-1652753109","p1":"Oryen","p2":"La\u2718 Gliscor","format":"gen8ou","log":"|j|\u2606Oryen\n|j|\u2606La\u2718 Gliscor\n|inactive|Battle timer is ON: inactive players will automatically lose when time's up.\n|t:|1661959051\n|gametype|singles\n|player|p1|Oryen|102|\n|player|p2|La\u2718 Gliscor|170|\n|teamsize|p1|2\n|teamsize|p2|2\n|gen|8\n|tier|[Gen 8] OU\n|rated|Tournament battle\n|rule|Sleep Clause Mod: Limit one foe put to sleep\n|rule|Species Clause: Limit one of each Pok\u00e9mon\n|rule|OHKO Clause: OHKO moves are banned\n|rule|Evasion Items Clause: Evasion items are banned\n|rule|Evasion Moves Clause: Evasion moves are banned\n|rule|Endless Battle Clause: Forcing endless battles is banned\n|rule|HP Percentage Mod: HP is shown in percentages\n|rule|Dynamax Clause: You cannot dynamax\n|clearpoke\n|poke|p1|Polteageist|\n|poke|p1|Accelgor, M|\n|poke|p2|Cloyster, F|\n|poke|p2|Toxicroak, M|\n|teampreview\n|j|*Lady Monita\n|j| Gogurttostayy\n|j| 007Zoom\n|j| rubyomegaprimal\n|\n|t:|1661959062\n|start\n|switch|p1a: Accelgor|Accelgor, M|100\/100\n|switch|p2a: Toxicroak|Toxicroak, M|100\/100\n|turn|1\n|j| TheSerotoninVibes\u2661\n|c| rubyomegaprimal|why is it always shell smash\n|\n|t:|1661959069\n|move|p1a: Accelgor|Spikes|p2a: Toxicroak\n|-sidestart|p2: La\u2718 Gliscor|Spikes\n|move|p2a: Toxicroak|Nasty Plot|p2a: Toxicroak\n|-boost|p2a: Toxicroak|spa|2\n|\n|upkeep\n|turn|2\n|\n|t:|1661959072\n|move|p1a: Accelgor|Encore|p2a: Toxicroak\n|-start|p2a: Toxicroak|Encore\n|move|p2a: Toxicroak|Nasty Plot|p2a: Toxicroak\n|-boost|p2a: Toxicroak|spa|2\n|\n|upkeep\n|turn|3\n|j| Thegriffinking2O\n|\n|t:|1661959075\n|switch|p2a: Cloyster|Cloyster, F|100\/100\n|-damage|p2a: Cloyster|88\/100|[from] Spikes\n|move|p1a: Accelgor|Yawn|p2a: Cloyster\n|-start|p2a: Cloyster|move: Yawn|[of] p1a: Accelgor\n|\n|upkeep\n|turn|4\n|j| Pedrax\n|\n|t:|1661959079\n|switch|p2a: Toxicroak|Toxicroak, M|100\/100\n|-damage|p2a: Toxicroak|88\/100|[from] Spikes\n|move|p1a: Accelgor|Final Gambit|p2a: Toxicroak\n|-damage|p2a: Toxicroak|0 fnt\n|faint|p1a: Accelgor\n|faint|p2a: Toxicroak\n|\n|upkeep\n|\n|t:|1661959081\n|switch|p1a: Polteageist|Polteageist|100\/100\n|switch|p2a: Cloyster|Cloyster, F|88\/100\n|-damage|p2a: Cloyster|76\/100|[from] Spikes\n|turn|5\n|l| Pedrax\n|j| Tanday777\n|\n|t:|1661959102\n|move|p1a: Polteageist|Giga Drain|p2a: Cloyster\n|-supereffective|p2a: Cloyster\n|-damage|p2a: Cloyster|0 fnt\n|faint|p2a: Cloyster\n|\n|win|Oryen\n|n|\u2606Oryen|oryen\n|n|\u2606La\u2718 Gliscor|lagliscor\n|n|*Lady Monita|ladymonita\n|n| Gogurttostayy|gogurttostayy\n|n| 007Zoom|007zoom\n|n| rubyomegaprimal|rubyomegaprimal\n|n| TheSerotoninVibes\u2661|theserotoninvibes\n|n| Thegriffinking2O|thegriffinking2o\n|n| Tanday777|tanday777\n","uploadtime":1661959103,"views":30,"p1id":"oryen","p2id":"lagliscor","formatid":"gen8ou","rating":0,"private":0,"password":null}