{"id":"gen8ou-1564486279","p1":"Sardiner2","p2":"Elite4Donovan","format":"gen8ou","log":"|j|\u2606Sardiner2\n|j|\u2606Elite4Donovan\n|t:|1651295791\n|gametype|singles\n|player|p1|Sardiner2|hooligans|1496\n|player|p2|Elite4Donovan|lucas|1544\n|teamsize|p1|6\n|teamsize|p2|6\n|gen|8\n|tier|[Gen 8] OU\n|rated|\n|rule|Sleep Clause Mod: Limit one foe put to sleep\n|rule|Species Clause: Limit one of each Pok\u00e9mon\n|rule|OHKO Clause: OHKO moves are banned\n|rule|Evasion Moves Clause: Evasion moves are banned\n|rule|Endless Battle Clause: Forcing endless battles is banned\n|rule|HP Percentage Mod: HP is shown in percentages\n|rule|Dynamax Clause: You cannot dynamax\n|clearpoke\n|poke|p1|Quagsire, M|\n|poke|p1|Ferrothorn, M|\n|poke|p1|Blissey, F|\n|poke|p1|Toxapex, M|\n|poke|p1|Corviknight, F|\n|poke|p1|Blacephalon|\n|poke|p2|Regidrago|\n|poke|p2|Nidoking, M|\n|poke|p2|Urshifu-*, F|\n|poke|p2|Tornadus-Therian, M|\n|poke|p2|Ferrothorn, M|\n|poke|p2|Landorus-Therian, M|\n|teampreview\n|\n|t:|1651295807\n|start\n|switch|p1a: Blacephalon|Blacephalon|100\/100\n|switch|p2a: Regidrago|Regidrago|100\/100\n|turn|1\n|\n|t:|1651295811\n|switch|p2a: Tornadus|Tornadus-Therian, M|100\/100\n|move|p1a: Blacephalon|Trick|p2a: Tornadus\n|-activate|p1a: Blacephalon|move: Trick|[of] p2a: Tornadus\n|-item|p2a: Tornadus|Choice Scarf|[from] move: Trick\n|-item|p1a: Blacephalon|Assault Vest|[from] move: Trick\n|\n|upkeep\n|turn|2\n|\n|t:|1651295826\n|switch|p1a: Ferrothorn|Ferrothorn, M|100\/100\n|move|p2a: Tornadus|U-turn|p1a: Ferrothorn\n|-damage|p1a: Ferrothorn|92\/100\n|-damage|p2a: Tornadus|88\/100|[from] ability: Iron Barbs|[of] p1a: Ferrothorn\n|\n|t:|1651295828\n|switch|p2a: Nidoking|Nidoking, M|100\/100|[from]move: U-turn\n|\n|-heal|p1a: Ferrothorn|99\/100|[from] item: Leftovers\n|upkeep\n|turn|3\n|\n|t:|1651295844\n|switch|p2a: Urshifu|Urshifu-Rapid-Strike, F|100\/100\n|switch|p1a: Blissey|Blissey, F|100\/100\n|\n|upkeep\n|turn|4\n|\n|t:|1651295848\n|switch|p1a: Toxapex|Toxapex, M|100\/100\n|move|p2a: Urshifu|U-turn|p1a: Toxapex\n|-resisted|p1a: Toxapex\n|-damage|p1a: Toxapex|92\/100\n|\n|t:|1651295850\n|switch|p2a: Regidrago|Regidrago|100\/100|[from]move: U-turn\n|\n|-heal|p1a: Toxapex|98\/100|[from] item: Black Sludge\n|upkeep\n|turn|5\n|\n|t:|1651295854\n|move|p2a: Regidrago|Dragon Energy|p1a: Toxapex\n|-damage|p1a: Toxapex|0 fnt\n|faint|p1a: Toxapex\n|\n|upkeep\n|\n|t:|1651295858\n|switch|p1a: Blacephalon|Blacephalon|100\/100\n|turn|6\n|\n|t:|1651295862\n|switch|p2a: Tornadus|Tornadus-Therian, M|100\/100\n|move|p1a: Blacephalon|Shadow Ball|p2a: Tornadus\n|-damage|p2a: Tornadus|50\/100\n|\n|upkeep\n|turn|7\n|\n|t:|1651295870\n|switch|p1a: Quagsire|Quagsire, M|100\/100\n|move|p2a: Tornadus|U-turn|p1a: Quagsire\n|-damage|p1a: Quagsire|91\/100\n|-damage|p2a: Tornadus|33\/100|[from] item: Rocky Helmet|[of] p1a: Quagsire\n|\n|t:|1651295872\n|switch|p2a: Regidrago|Regidrago|100\/100|[from]move: U-turn\n|\n|upkeep\n|turn|8\n|\n|t:|1651295882\n|switch|p1a: Blissey|Blissey, F|100\/100\n|move|p2a: Regidrago|Dragon Energy|p1a: Blissey\n|-damage|p1a: Blissey|47\/100\n|\n|upkeep\n|turn|9\n|\n|t:|1651295890\n|switch|p1a: Ferrothorn|Ferrothorn, M|99\/100\n|move|p2a: Regidrago|Dragon Energy|p1a: Ferrothorn\n|-resisted|p1a: Ferrothorn\n|-damage|p1a: Ferrothorn|30\/100\n|\n|-heal|p1a: Ferrothorn|36\/100|[from] item: Leftovers\n|upkeep\n|turn|10\n|\n|t:|1651295894\n|move|p2a: Regidrago|Dragon Energy|p1a: Ferrothorn\n|-resisted|p1a: Ferrothorn\n|-damage|p1a: Ferrothorn|0 fnt\n|faint|p1a: Ferrothorn\n|\n|upkeep\n|\n|t:|1651295896\n|switch|p1a: Blacephalon|Blacephalon|100\/100\n|turn|11\n|\n|t:|1651295901\n|switch|p2a: Landorus|Landorus-Therian, M|100\/100\n|-ability|p2a: Landorus|Intimidate|boost\n|-unboost|p1a: Blacephalon|atk|1\n|move|p1a: Blacephalon|Shadow Ball|p2a: Landorus\n|-damage|p2a: Landorus|66\/100\n|\n|-heal|p2a: Landorus|72\/100|[from] item: Leftovers\n|upkeep\n|turn|12\n|\n|t:|1651295912\n|switch|p1a: Blissey|Blissey, F|47\/100\n|move|p2a: Landorus|U-turn|p1a: Blissey\n|-crit|p1a: Blissey\n|-damage|p1a: Blissey|13\/100\n|\n|t:|1651295915\n|switch|p2a: Urshifu|Urshifu-Rapid-Strike, F|100\/100|[from]move: U-turn\n|\n|upkeep\n|turn|13\n|\n|t:|1651295918\n|switch|p1a: Quagsire|Quagsire, M|91\/100\n|move|p2a: Urshifu|U-turn|p1a: Quagsire\n|-damage|p1a: Quagsire|73\/100\n|-damage|p2a: Urshifu|84\/100|[from] item: Rocky Helmet|[of] p1a: Quagsire\n|\n|t:|1651295926\n|switch|p2a: Nidoking|Nidoking, M|100\/100|[from]move: U-turn\n|\n|upkeep\n|turn|14\n|\n|t:|1651295930\n|move|p2a: Nidoking|Earth Power|p1a: Quagsire\n|-damage|p1a: Quagsire|0 fnt\n|faint|p1a: Quagsire\n|\n|upkeep\n|\n|t:|1651295932\n|switch|p1a: Blacephalon|Blacephalon|100\/100\n|turn|15\n|\n|t:|1651295935\n|move|p1a: Blacephalon|Flamethrower|p2a: Nidoking\n|-damage|p2a: Nidoking|22\/100\n|move|p2a: Nidoking|Earth Power|p1a: Blacephalon\n|-supereffective|p1a: Blacephalon\n|-damage|p1a: Blacephalon|0 fnt\n|faint|p1a: Blacephalon\n|\n|upkeep\n|\n|t:|1651295938\n|switch|p1a: Corviknight|Corviknight, F|100\/100\n|-ability|p1a: Corviknight|Pressure\n|turn|16\n|-message|Sardiner2 forfeited.\n|\n|win|Elite4Donovan\n|raw|Sardiner2's rating: 1478 &rarr; <strong>1462<\/strong><br \/>(-16 for losing)\n|raw|Elite4Donovan's rating: 1544 &rarr; <strong>1560<\/strong><br \/>(+16 for winning)\n|l|\u2606Sardiner2\n","uploadtime":1651295944,"views":21,"p1id":"sardiner2","p2id":"elite4donovan","formatid":"gen8ou","rating":1462,"private":0,"password":null}