{"id":"gen8ou-1677190347","p1":"HOF69","p2":"Guest 5890168","format":"gen8ou","log":"|j|\u2606HOF69\n|j|\u203dGuest 5890168\n|t:|1664865714\n|gametype|singles\n|player|p1|HOF69|red|1766\n|player|p2|Guest 5890168|170|1757\n|teamsize|p1|6\n|teamsize|p2|6\n|gen|8\n|tier|[Gen 8] OU\n|rated|\n|rule|Sleep Clause Mod: Limit one foe put to sleep\n|rule|Species Clause: Limit one of each Pok\u00e9mon\n|rule|OHKO Clause: OHKO moves are banned\n|rule|Evasion Items Clause: Evasion items are banned\n|rule|Evasion Moves Clause: Evasion moves are banned\n|rule|Endless Battle Clause: Forcing endless battles is banned\n|rule|HP Percentage Mod: HP is shown in percentages\n|rule|Dynamax Clause: You cannot dynamax\n|clearpoke\n|poke|p1|Blacephalon|\n|poke|p1|Gengar, M|\n|poke|p1|Landorus-Therian, M|\n|poke|p1|Krookodile, M|\n|poke|p1|Kartana|\n|poke|p1|Tapu Lele|\n|poke|p2|Rotom-Wash|\n|poke|p2|Weavile, M|\n|poke|p2|Landorus-Therian, M|\n|poke|p2|Heatran, M|\n|poke|p2|Tangrowth, M|\n|poke|p2|Melmetal|\n|teampreview\n|\n|t:|1664865717\n|start\n|switch|p1a: Krookodile|Krookodile, M|100\/100\n|switch|p2a: Heatran|Heatran, M|100\/100\n|-ability|p1a: Krookodile|Intimidate|boost\n|-unboost|p2a: Heatran|atk|1\n|-item|p2a: Heatran|Air Balloon\n|turn|1\n|inactive|Battle timer is ON: inactive players will automatically lose when time's up. (requested by Guest 5890168)\n|\n|t:|1664865720\n|move|p1a: Krookodile|Taunt|p2a: Heatran\n|-start|p2a: Heatran|move: Taunt\n|move|p2a: Heatran|Magma Storm|p1a: Krookodile\n|-damage|p1a: Krookodile|30\/100\n|-activate|p1a: Krookodile|move: Magma Storm|[of] p2a: Heatran\n|\n|-damage|p1a: Krookodile|17\/100|[from] move: Magma Storm|[partiallytrapped]\n|upkeep\n|turn|2\n|\n|t:|1664865722\n|move|p1a: Krookodile|Stealth Rock|p2a: Heatran\n|-sidestart|p2: Guest 5890168|move: Stealth Rock\n|move|p2a: Heatran|Eruption|p1a: Krookodile\n|-damage|p1a: Krookodile|0 fnt\n|faint|p1a: Krookodile\n|\n|upkeep\n|\n|t:|1664865738\n|switch|p1a: Gengar|Gengar, M, shiny|100\/100\n|turn|3\n|\n|t:|1664865740\n|switch|p2a: Melmetal|Melmetal|100\/100\n|-damage|p2a: Melmetal|94\/100|[from] Stealth Rock\n|move|p1a: Gengar|Shadow Ball|p2a: Melmetal\n|-damage|p2a: Melmetal|74\/100\n|-unboost|p2a: Melmetal|spd|1\n|\n|upkeep\n|turn|4\n|\n|t:|1664865744\n|move|p1a: Gengar|Focus Blast|p2a: Melmetal|[miss]\n|-miss|p1a: Gengar|p2a: Melmetal\n|move|p2a: Melmetal|Double Iron Bash|p1a: Gengar\n|-damage|p1a: Gengar|27\/100\n|-damage|p1a: Gengar|0 fnt\n|faint|p1a: Gengar\n|-hitcount|p1: Gengar|2\n|\n|upkeep\n|\n|t:|1664865754\n|switch|p1a: Landorus|Landorus-Therian, M|100\/100\n|-ability|p1a: Landorus|Intimidate|boost\n|-unboost|p2a: Melmetal|atk|1\n|turn|5\n|\n|t:|1664865756\n|switch|p2a: Landorus|Landorus-Therian, M|100\/100\n|-damage|p2a: Landorus|88\/100|[from] Stealth Rock\n|-ability|p2a: Landorus|Intimidate|boost\n|-unboost|p1a: Landorus|atk|1\n|move|p1a: Landorus|U-turn|p2a: Landorus\n|-resisted|p2a: Landorus\n|-damage|p2a: Landorus|80\/100\n|\n|t:|1664865759\n|switch|p1a: Tapu Lele|Tapu Lele|100\/100|[from]move: U-turn\n|-fieldstart|move: Psychic Terrain|[from] ability: Psychic Surge|[of] p1a: Tapu Lele\n|\n|-heal|p2a: Landorus|86\/100|[from] item: Leftovers\n|upkeep\n|turn|6\n|\n|t:|1664865761\n|switch|p2a: Melmetal|Melmetal|74\/100\n|-damage|p2a: Melmetal|68\/100|[from] Stealth Rock\n|move|p1a: Tapu Lele|Psyshock|p2a: Melmetal\n|-resisted|p2a: Melmetal\n|-damage|p2a: Melmetal|49\/100\n|\n|upkeep\n|turn|7\n|\n|t:|1664865764\n|move|p1a: Tapu Lele|Focus Blast|p2a: Melmetal\n|-supereffective|p2a: Melmetal\n|-damage|p2a: Melmetal|7\/100\n|move|p2a: Melmetal|Ice Punch|p1a: Tapu Lele\n|-damage|p1a: Tapu Lele|51\/100\n|\n|upkeep\n|turn|8\n|\n|t:|1664865769\n|move|p1a: Tapu Lele|Psyshock|p2a: Melmetal\n|-resisted|p2a: Melmetal\n|-damage|p2a: Melmetal|0 fnt\n|faint|p2a: Melmetal\n|\n|upkeep\n|\n|t:|1664865769\n|switch|p2a: Weavile|Weavile, M|100\/100\n|-damage|p2a: Weavile|76\/100|[from] Stealth Rock\n|-ability|p2a: Weavile|Pressure\n|turn|9\n|\n|t:|1664865772\n|move|p2a: Weavile|Triple Axel|p1a: Tapu Lele\n|-damage|p1a: Tapu Lele|29\/100\n|-hitcount|p1a: Tapu Lele|1\n|move|p1a: Tapu Lele|Moonblast|p2a: Weavile\n|-supereffective|p2a: Weavile\n|-damage|p2a: Weavile|0 fnt\n|faint|p2a: Weavile\n|\n|-fieldend|move: Psychic Terrain\n|upkeep\n|\n|t:|1664865773\n|switch|p2a: Heatran|Heatran, M|100\/100\n|-damage|p2a: Heatran|88\/100|[from] Stealth Rock\n|-item|p2a: Heatran|Air Balloon\n|turn|10\n|\n|t:|1664865779\n|move|p1a: Tapu Lele|Psyshock|p2a: Heatran\n|-resisted|p2a: Heatran\n|-damage|p2a: Heatran|63\/100\n|-enditem|p2a: Heatran|Air Balloon\n|move|p2a: Heatran|Magma Storm|p1a: Tapu Lele\n|-damage|p1a: Tapu Lele|0 fnt\n|faint|p1a: Tapu Lele\n|\n|upkeep\n|j| CurlsForHigher\n|j| CCCCold\n|\n|t:|1664865791\n|switch|p1a: Landorus|Landorus-Therian, M|100\/100\n|-ability|p1a: Landorus|Intimidate|boost\n|-unboost|p2a: Heatran|atk|1\n|turn|11\n|\n|t:|1664865793\n|switch|p2a: Landorus|Landorus-Therian, M|86\/100\n|-damage|p2a: Landorus|74\/100|[from] Stealth Rock\n|-ability|p2a: Landorus|Intimidate|boost\n|-unboost|p1a: Landorus|atk|1\n|move|p1a: Landorus|Earthquake|p2a: Landorus\n|-immune|p2a: Landorus\n|\n|-heal|p2a: Landorus|80\/100|[from] item: Leftovers\n|upkeep\n|turn|12\n|\n|t:|1664865795\n|move|p1a: Landorus|Knock Off|p2a: Landorus\n|-damage|p2a: Landorus|56\/100\n|-enditem|p2a: Landorus|Leftovers|[from] move: Knock Off|[of] p1a: Landorus\n|move|p2a: Landorus|Defog|p1a: Landorus\n|-unboost|p1a: Landorus|evasion|1\n|-sideend|p2: Guest 5890168|Stealth Rock|[from] move: Defog|[of] p2a: Landorus\n|\n|upkeep\n|turn|13\n|\n|t:|1664865802\n|move|p1a: Landorus|Knock Off|p2a: Landorus\n|-crit|p2a: Landorus\n|-damage|p2a: Landorus|20\/100\n|move|p2a: Landorus|U-turn|p1a: Landorus\n|-resisted|p1a: Landorus\n|-damage|p1a: Landorus|89\/100\n|\n|t:|1664865802\n|switch|p2a: Rotom|Rotom-Wash|100\/100|[from]move: U-turn\n|\n|upkeep\n|turn|14\n|\n|t:|1664865806\n|move|p2a: Rotom|Hydro Pump|p1a: Landorus\n|-supereffective|p1a: Landorus\n|-damage|p1a: Landorus|37\/100\n|move|p1a: Landorus|Knock Off|p2a: Rotom\n|-damage|p2a: Rotom|75\/100\n|-enditem|p2a: Rotom|Leftovers|[from] move: Knock Off|[of] p1a: Landorus\n|\n|upkeep\n|turn|15\n|\n|t:|1664865813\n|move|p2a: Rotom|Hydro Pump|p1a: Landorus\n|-supereffective|p1a: Landorus\n|-damage|p1a: Landorus|0 fnt\n|faint|p1a: Landorus\n|\n|upkeep\n|\n|t:|1664865816\n|switch|p1a: Kartana|Kartana|100\/100\n|turn|16\n|\n|t:|1664865820\n|switch|p2a: Tangrowth|Tangrowth, M|100\/100\n|move|p1a: Kartana|Swords Dance|p1a: Kartana\n|-boost|p1a: Kartana|atk|2\n|\n|upkeep\n|turn|17\n|\n|t:|1664865823\n|move|p1a: Kartana|Knock Off|p2a: Tangrowth\n|-damage|p2a: Tangrowth|53\/100\n|-enditem|p2a: Tangrowth|Rocky Helmet|[from] move: Knock Off|[of] p1a: Kartana\n|move|p2a: Tangrowth|Focus Blast|p1a: Kartana\n|-supereffective|p1a: Kartana\n|-damage|p1a: Kartana|0 fnt\n|faint|p1a: Kartana\n|\n|upkeep\n|\n|t:|1664865828\n|switch|p1a: Blacephalon|Blacephalon|100\/100\n|turn|18\n|\n|t:|1664865830\n|switch|p2a: Landorus|Landorus-Therian, M|20\/100\n|-ability|p2a: Landorus|Intimidate|boost\n|-unboost|p1a: Blacephalon|atk|1\n|move|p1a: Blacephalon|Shadow Ball|p2a: Landorus\n|-damage|p2a: Landorus|0 fnt\n|faint|p2a: Landorus\n|-ability|p1a: Blacephalon|Beast Boost|boost\n|-boost|p1a: Blacephalon|spa|1\n|\n|upkeep\n|\n|t:|1664865830\n|switch|p2a: Tangrowth|Tangrowth, M|86\/100\n|turn|19\n|\n|t:|1664865832\n|switch|p2a: Heatran|Heatran, M|63\/100\n|move|p1a: Blacephalon|Shadow Ball|p2a: Heatran\n|-damage|p2a: Heatran|0 fnt\n|faint|p2a: Heatran\n|-ability|p1a: Blacephalon|Beast Boost|boost\n|-boost|p1a: Blacephalon|spa|1\n|\n|upkeep\n|\n|t:|1664865832\n|switch|p2a: Tangrowth|Tangrowth, M|100\/100\n|turn|20\n|\n|t:|1664865834\n|switch|p2a: Rotom|Rotom-Wash|75\/100\n|move|p1a: Blacephalon|Shadow Ball|p2a: Rotom\n|-damage|p2a: Rotom|0 fnt\n|faint|p2a: Rotom\n|-ability|p1a: Blacephalon|Beast Boost|boost\n|-boost|p1a: Blacephalon|spa|1\n|\n|upkeep\n|\n|t:|1664865835\n|switch|p2a: Tangrowth|Tangrowth, M|100\/100\n|turn|21\n|\n|t:|1664865837\n|move|p1a: Blacephalon|Shadow Ball|p2a: Tangrowth\n|-damage|p2a: Tangrowth|0 fnt\n|faint|p2a: Tangrowth\n|\n|win|HOF69\n|raw|HOF69's rating: 1766 &rarr; <strong>1785<\/strong><br \/>(+19 for winning)\n|raw|Guest 5890168's rating: 1757 &rarr; <strong>1738<\/strong><br \/>(-19 for losing)\n|l|\u203dGuest 5890168\n|c|\u2606HOF69|gg\n","uploadtime":1664865838,"views":36,"p1id":"hof69","p2id":"guest5890168","formatid":"gen8ou","rating":1738,"private":0,"password":null}