{"id":"gen8ou-1618835836","p1":"ldailey19","p2":"Traffalgar D Law","format":"gen8ou","log":"|j|\u2606ldailey19\n|j|\u2606Traffalgar D Law\n|t:|1658014632\n|gametype|singles\n|player|p1|ldailey19|lance|1447\n|player|p2|Traffalgar D Law|scientist-gen3|1505\n|teamsize|p1|6\n|teamsize|p2|6\n|gen|8\n|tier|[Gen 8] OU\n|rated|\n|rule|Sleep Clause Mod: Limit one foe put to sleep\n|rule|Species Clause: Limit one of each Pok\u00e9mon\n|rule|OHKO Clause: OHKO moves are banned\n|rule|Evasion Moves Clause: Evasion moves are banned\n|rule|Endless Battle Clause: Forcing endless battles is banned\n|rule|HP Percentage Mod: HP is shown in percentages\n|rule|Dynamax Clause: You cannot dynamax\n|clearpoke\n|poke|p1|Magnezone|\n|poke|p1|Weavile, M|\n|poke|p1|Urshifu-*, M|\n|poke|p1|Heatran, F|\n|poke|p1|Landorus-Therian, M|\n|poke|p1|Dragapult, M|\n|poke|p2|Hydreigon, M|\n|poke|p2|Melmetal|\n|poke|p2|Dragapult, M|\n|poke|p2|Tapu Fini|\n|poke|p2|Magnezone|\n|poke|p2|Landorus-Therian, M|\n|teampreview\n|inactive|Battle timer is ON: inactive players will automatically lose when time's up. (requested by ldailey19)\n|inactive|Traffalgar D Law also wants the timer to be on.\n|\n|t:|1658014638\n|start\n|switch|p1a: Dragapult|Dragapult, M, shiny|100\/100\n|switch|p2a: Devil Jin|Dragapult, M|100\/100\n|turn|1\n|\n|t:|1658014652\n|move|p2a: Devil Jin|Shadow Ball|p1a: Dragapult\n|-supereffective|p1a: Dragapult\n|-enditem|p1a: Dragapult|Focus Sash\n|-damage|p1a: Dragapult|1\/100\n|-unboost|p1a: Dragapult|spd|1\n|move|p1a: Dragapult|U-turn|p2a: Devil Jin\n|-resisted|p2a: Devil Jin\n|-damage|p2a: Devil Jin|84\/100\n|\n|t:|1658014670\n|switch|p1a: Weavile|Weavile, M|100\/100|[from]move: U-turn\n|-ability|p1a: Weavile|Pressure\n|\n|upkeep\n|turn|2\n|\n|t:|1658014696\n|switch|p2a: Angel|Tapu Fini|100\/100\n|-fieldstart|move: Misty Terrain|[from] ability: Misty Surge|[of] p2a: Angel\n|move|p1a: Weavile|Knock Off|p2a: Angel\n|-resisted|p2a: Angel\n|-damage|p2a: Angel|63\/100\n|-enditem|p2a: Angel|Choice Scarf|[from] move: Knock Off|[of] p1a: Weavile\n|\n|upkeep\n|turn|3\n|\n|t:|1658014707\n|switch|p1a: Dragapult|Dragapult, M, shiny|1\/100\n|move|p2a: Angel|Surf|p1a: Dragapult\n|-resisted|p1a: Dragapult\n|-damage|p1a: Dragapult|0 fnt\n|faint|p1a: Dragapult\n|\n|upkeep\n|\n|t:|1658014713\n|switch|p1a: Magnezone|Magnezone, shiny|100\/100\n|turn|4\n|\n|t:|1658014715\n|switch|p2a: Heihachi|Landorus-Therian, M|100\/100\n|-ability|p2a: Heihachi|Intimidate|boost\n|-unboost|p1a: Magnezone|atk|1\n|move|p1a: Magnezone|Flash Cannon|p2a: Heihachi\n|-damage|p2a: Heihachi|56\/100\n|\n|-heal|p2a: Heihachi|62\/100|[from] item: Leftovers\n|upkeep\n|turn|5\n|\n|t:|1658014721\n|switch|p1a: Landorus|Landorus-Therian, M|100\/100\n|-ability|p1a: Landorus|Intimidate|boost\n|-unboost|p2a: Heihachi|atk|1\n|move|p2a: Heihachi|U-turn|p1a: Landorus\n|-resisted|p1a: Landorus\n|-damage|p1a: Landorus|95\/100\n|-damage|p2a: Heihachi|46\/100|[from] item: Rocky Helmet|[of] p1a: Landorus\n|inactive|Traffalgar D Law has 120 seconds left.\n|\n|t:|1658014751\n|switch|p2a: Devil Jin|Dragapult, M|84\/100|[from]move: U-turn\n|\n|upkeep\n|turn|6\n|\n|t:|1658014763\n|move|p2a: Devil Jin|Draco Meteor|p1a: Landorus\n|-damage|p1a: Landorus|7\/100\n|-unboost|p2a: Devil Jin|spa|2\n|move|p1a: Landorus|Knock Off|p2a: Devil Jin\n|-supereffective|p2a: Devil Jin\n|-damage|p2a: Devil Jin|3\/100\n|-enditem|p2a: Devil Jin|Choice Specs|[from] move: Knock Off|[of] p1a: Landorus\n|\n|-fieldend|Misty Terrain\n|upkeep\n|turn|7\n|\n|t:|1658014789\n|switch|p1a: Magnezone|Magnezone, shiny|100\/100\n|move|p2a: Devil Jin|Shadow Ball|p1a: Magnezone\n|-crit|p1a: Magnezone\n|-damage|p1a: Magnezone|61\/100\n|-unboost|p1a: Magnezone|spd|1\n|\n|upkeep\n|turn|8\n|inactive|Traffalgar D Law has 120 seconds left.\n|\n|t:|1658014836\n|move|p2a: Devil Jin|Flamethrower|p1a: Magnezone\n|-supereffective|p1a: Magnezone\n|-damage|p1a: Magnezone|32\/100\n|move|p1a: Magnezone|Flash Cannon|p2a: Devil Jin\n|-damage|p2a: Devil Jin|0 fnt\n|faint|p2a: Devil Jin\n|\n|upkeep\n|\n|t:|1658014854\n|switch|p2a: Angel|Tapu Fini|63\/100\n|-fieldstart|move: Misty Terrain|[from] ability: Misty Surge|[of] p2a: Angel\n|turn|9\n|inactive|ldailey19 has 120 seconds left.\n|\n|t:|1658014883\n|switch|p1a: Landorus|Landorus-Therian, M|7\/100\n|-ability|p1a: Landorus|Intimidate|boost\n|-unboost|p2a: Angel|atk|1\n|move|p2a: Angel|Surf|p1a: Landorus\n|-supereffective|p1a: Landorus\n|-damage|p1a: Landorus|0 fnt\n|faint|p1a: Landorus\n|\n|upkeep\n|\n|t:|1658014897\n|switch|p1a: Urshifu|Urshifu-Rapid-Strike, M|100\/100\n|turn|10\n|\n|t:|1658014921\n|move|p1a: Urshifu|Thunder Punch|p2a: Angel\n|-supereffective|p2a: Angel\n|-damage|p2a: Angel|7\/100\n|move|p2a: Angel|Moonblast|p1a: Urshifu\n|-supereffective|p1a: Urshifu\n|-enditem|p1a: Urshifu|Focus Sash\n|-damage|p1a: Urshifu|1\/100\n|\n|upkeep\n|turn|11\n|inactive|ldailey19 has 120 seconds left.\n|inactive|Traffalgar D Law has 90 seconds left.\n|inactive|Traffalgar D Law has 60 seconds left.\n|\n|t:|1658014973\n|move|p1a: Urshifu|Surging Strikes|p2a: Angel\n|-resisted|p2a: Angel\n|-crit|p2a: Angel\n|-damage|p2a: Angel|0 fnt\n|faint|p2a: Angel\n|-hitcount|p2: Angel|1\n|\n|upkeep\n|inactive|Traffalgar D Law has 60 seconds left.\n|\n|t:|1658014980\n|switch|p2a: Devil Kazuya|Hydreigon, M|100\/100\n|turn|12\n|inactive|ldailey19 has 120 seconds left.\n|\n|t:|1658015004\n|switch|p1a: Magnezone|Magnezone, shiny|32\/100\n|move|p2a: Devil Kazuya|Earth Power|p1a: Magnezone\n|-supereffective|p1a: Magnezone\n|-damage|p1a: Magnezone|0 fnt\n|faint|p1a: Magnezone\n|-damage|p2a: Devil Kazuya|91\/100|[from] item: Life Orb\n|\n|upkeep\n|\n|t:|1658015019\n|switch|p1a: Heatran|Heatran, F, shiny|100\/100\n|-item|p1a: Heatran|Air Balloon\n|turn|13\n|\n|t:|1658015038\n|move|p2a: Devil Kazuya|Dark Pulse|p1a: Heatran\n|-damage|p1a: Heatran|64\/100\n|-enditem|p1a: Heatran|Air Balloon\n|-damage|p2a: Devil Kazuya|81\/100|[from] item: Life Orb\n|move|p1a: Heatran|Toxic|p2a: Devil Kazuya\n|-status|p2a: Devil Kazuya|tox\n|\n|-damage|p2a: Devil Kazuya|75\/100 tox|[from] psn\n|-fieldend|Misty Terrain\n|upkeep\n|turn|14\n|inactive|ldailey19 has 90 seconds left.\n|\n|t:|1658015055\n|move|p1a: Heatran|Protect|p1a: Heatran\n|-singleturn|p1a: Heatran|Protect\n|move|p2a: Devil Kazuya|Earth Power|p1a: Heatran\n|-activate|p1a: Heatran|move: Protect\n|\n|-damage|p2a: Devil Kazuya|62\/100 tox|[from] psn\n|upkeep\n|turn|15\n|inactive|ldailey19 has 90 seconds left.\n|inactive|ldailey19 has 60 seconds left.\n|inactive|ldailey19 has 30 seconds left.\n|\n|t:|1658015129\n|move|p2a: Devil Kazuya|Earth Power|p1a: Heatran\n|-supereffective|p1a: Heatran\n|-damage|p1a: Heatran|0 fnt\n|faint|p1a: Heatran\n|-damage|p2a: Devil Kazuya|52\/100 tox|[from] item: Life Orb\n|\n|-damage|p2a: Devil Kazuya|34\/100 tox|[from] psn\n|upkeep\n|inactive|ldailey19 has 30 seconds left.\n|\n|t:|1658015136\n|switch|p1a: Urshifu|Urshifu-Rapid-Strike, M|1\/100\n|turn|16\n|inactive|ldailey19 has 30 seconds left.\n|\n|t:|1658015154\n|switch|p1a: Weavile|Weavile, M|100\/100\n|-ability|p1a: Weavile|Pressure\n|move|p2a: Devil Kazuya|Earth Power|p1a: Weavile\n|-damage|p1a: Weavile|45\/100\n|-damage|p2a: Devil Kazuya|24\/100 tox|[from] item: Life Orb\n|\n|-damage|p2a: Devil Kazuya|0 fnt|[from] psn\n|faint|p2a: Devil Kazuya\n|upkeep\n|inactive|ldailey19 has 30 seconds left this turn.\n|inactive|Traffalgar D Law has 120 seconds left.\n|inactive|Traffalgar D Law has 90 seconds left.\n|\n|t:|1658015208\n|switch|p2a: Jack-7|Melmetal|100\/100\n|turn|17\n|inactive|ldailey19 has 30 seconds left.\n|\n|t:|1658015225\n|move|p1a: Weavile|Low Kick|p2a: Jack-7\n|-supereffective|p2a: Jack-7\n|-damage|p2a: Jack-7|34\/100\n|move|p2a: Jack-7|Double Iron Bash|p1a: Weavile\n|-supereffective|p1a: Weavile\n|-damage|p1a: Weavile|0 fnt\n|faint|p1a: Weavile\n|-hitcount|p1: Weavile|1\n|\n|-heal|p2a: Jack-7|40\/100|[from] item: Leftovers\n|upkeep\n|inactive|ldailey19 has 30 seconds left this turn.\n|\n|t:|1658015230\n|switch|p1a: Urshifu|Urshifu-Rapid-Strike, M|1\/100\n|turn|18\n|inactive|ldailey19 has 30 seconds left.\n|\n|t:|1658015245\n|switch|p2a: Heihachi|Landorus-Therian, M|46\/100\n|-ability|p2a: Heihachi|Intimidate|boost\n|-unboost|p1a: Urshifu|atk|1\n|move|p1a: Urshifu|Close Combat|p2a: Heihachi\n|-resisted|p2a: Heihachi\n|-damage|p2a: Heihachi|26\/100\n|-unboost|p1a: Urshifu|def|1\n|-unboost|p1a: Urshifu|spd|1\n|\n|-heal|p2a: Heihachi|32\/100|[from] item: Leftovers\n|upkeep\n|turn|19\n|\n|t:|1658015250\n|move|p1a: Urshifu|Surging Strikes|p2a: Heihachi\n|-supereffective|p2a: Heihachi\n|-crit|p2a: Heihachi\n|-damage|p2a: Heihachi|0 fnt\n|faint|p2a: Heihachi\n|-hitcount|p2: Heihachi|1\n|\n|upkeep\n|\n|t:|1658015253\n|switch|p2a: NANCY-MI847J|Magnezone|100\/100\n|turn|20\n|\n|t:|1658015256\n|move|p1a: Urshifu|Close Combat|p2a: NANCY-MI847J\n|-supereffective|p2a: NANCY-MI847J\n|-damage|p2a: NANCY-MI847J|40\/100\n|-unboost|p1a: Urshifu|def|1\n|-unboost|p1a: Urshifu|spd|1\n|move|p2a: NANCY-MI847J|Thunderbolt|p1a: Urshifu\n|-supereffective|p1a: Urshifu\n|-damage|p1a: Urshifu|0 fnt\n|faint|p1a: Urshifu\n|\n|win|Traffalgar D Law\n|raw|ldailey19's rating: 1447 &rarr; <strong>1430<\/strong><br \/>(-17 for losing)\n|raw|Traffalgar D Law's rating: 1505 &rarr; <strong>1522<\/strong><br \/>(+17 for winning)\n","uploadtime":1658015265,"views":5,"p1id":"ldailey19","p2id":"traffalgardlaw","formatid":"gen8ou","rating":1430,"private":0,"password":null}