{"id":"gen8ou-1667606286","p1":"BIG DEE ENERGY","p2":"yung_iznamakin","format":"gen8ou","log":"|j|\u2606BIG DEE ENERGY\n|j|\u2606yung_iznamakin\n|t:|1663538357\n|gametype|singles\n|player|p1|BIG DEE ENERGY|cyclist|1633\n|player|p2|yung_iznamakin|chase|1661\n|teamsize|p1|6\n|teamsize|p2|6\n|gen|8\n|tier|[Gen 8] OU\n|rated|\n|rule|Sleep Clause Mod: Limit one foe put to sleep\n|rule|Species Clause: Limit one of each Pok\u00e9mon\n|rule|OHKO Clause: OHKO moves are banned\n|rule|Evasion Items Clause: Evasion items are banned\n|rule|Evasion Moves Clause: Evasion moves are banned\n|rule|Endless Battle Clause: Forcing endless battles is banned\n|rule|HP Percentage Mod: HP is shown in percentages\n|rule|Dynamax Clause: You cannot dynamax\n|clearpoke\n|poke|p1|Kommo-o, M|\n|poke|p1|Latios, M|\n|poke|p1|Blaziken, M|\n|poke|p1|Weavile, M|\n|poke|p1|Tapu Koko|\n|poke|p1|Mew|\n|poke|p2|Ferrothorn, F|\n|poke|p2|Rotom-Wash|\n|poke|p2|Tyranitar, M|\n|poke|p2|Excadrill, M|\n|poke|p2|Clefable, F|\n|poke|p2|Dragapult, M|\n|teampreview\n|inactive|Battle timer is ON: inactive players will automatically lose when time's up. (requested by BIG DEE ENERGY)\n|\n|t:|1663538384\n|start\n|switch|p1a: Mew|Mew|100\/100\n|switch|p2a: Clefable|Clefable, F|100\/100\n|turn|1\n|\n|t:|1663538388\n|move|p1a: Mew|Taunt|p2a: Clefable\n|-start|p2a: Clefable|move: Taunt\n|move|p2a: Clefable|Knock Off|p1a: Mew\n|-supereffective|p1a: Mew\n|-damage|p1a: Mew|77\/100\n|-enditem|p1a: Mew|Red Card|[from] move: Knock Off|[of] p2a: Clefable\n|\n|upkeep\n|turn|2\n|\n|t:|1663538394\n|move|p1a: Mew|Stealth Rock|p2a: Clefable\n|-sidestart|p2: yung_iznamakin|move: Stealth Rock\n|move|p2a: Clefable|Moonblast|p1a: Mew\n|-damage|p1a: Mew|52\/100\n|\n|upkeep\n|turn|3\n|\n|t:|1663538399\n|move|p1a: Mew|Spikes|p2a: Clefable\n|-sidestart|p2: yung_iznamakin|Spikes\n|move|p2a: Clefable|Moonblast|p1a: Mew\n|-damage|p1a: Mew|25\/100\n|\n|-end|p2a: Clefable|move: Taunt\n|upkeep\n|turn|4\n|\n|t:|1663538407\n|move|p1a: Mew|Explosion|p2a: Clefable\n|-damage|p2a: Clefable|59\/100\n|faint|p1a: Mew\n|move|p2a: Clefable|Moonblast|p1: Mew|[notarget]\n|-fail|p2a: Clefable\n|\n|upkeep\n|\n|t:|1663538417\n|switch|p1a: Blaziken|Blaziken, M|100\/100\n|turn|5\n|\n|t:|1663538421\n|switch|p2a: Rotom|Rotom-Wash|100\/100\n|-damage|p2a: Rotom|88\/100|[from] Stealth Rock\n|move|p1a: Blaziken|Swords Dance|p1a: Blaziken\n|-boost|p1a: Blaziken|atk|2\n|\n|-heal|p2a: Rotom|94\/100|[from] item: Leftovers\n|-ability|p1a: Blaziken|Speed Boost|boost\n|-boost|p1a: Blaziken|spe|1\n|upkeep\n|turn|6\n|\n|t:|1663538427\n|move|p1a: Blaziken|Close Combat|p2a: Rotom\n|-damage|p2a: Rotom|0 fnt\n|-unboost|p1a: Blaziken|def|1\n|-unboost|p1a: Blaziken|spd|1\n|faint|p2a: Rotom\n|-damage|p1a: Blaziken|91\/100|[from] item: Life Orb\n|\n|-ability|p1a: Blaziken|Speed Boost|boost\n|-boost|p1a: Blaziken|spe|1\n|upkeep\n|-message|yung_iznamakin forfeited.\n|\n|win|BIG DEE ENERGY\n|raw|BIG DEE ENERGY's rating: 1633 &rarr; <strong>1655<\/strong><br \/>(+22 for winning)\n|raw|yung_iznamakin's rating: 1661 &rarr; <strong>1639<\/strong><br \/>(-22 for losing)\n|l|\u2606yung_iznamakin\n","uploadtime":1663538439,"views":102,"p1id":"bigdeeenergy","p2id":"yungiznamakin","formatid":"gen8ou","rating":1639,"private":0,"password":null}