{"id":"gen8ou-1017646661","p1":"KvnLiao","p2":"Gotham Paladin","format":"gen8ou","log":"|j|\u2606KvnLiao\n|j|\u2606Gotham Paladin\n|player|p1|KvnLiao|kukui|1535\n|player|p2|Gotham Paladin|283|1484\n|teamsize|p1|6\n|teamsize|p2|6\n|gametype|singles\n|gen|8\n|tier|[Gen 8] OU\n|rated|\n|rule|Sleep Clause Mod: Limit one foe put to sleep\n|rule|Species Clause: Limit one of each Pok\u00e9mon\n|rule|OHKO Clause: OHKO moves are banned\n|rule|Moody Clause: Moody is banned\n|rule|Evasion Moves Clause: Evasion moves are banned\n|rule|Endless Battle Clause: Forcing endless battles is banned\n|rule|HP Percentage Mod: HP is shown in percentages\n|clearpoke\n|poke|p1|Dracovish|item\n|poke|p1|Dragapult, M|item\n|poke|p1|Ditto|item\n|poke|p1|Indeedee, M|item\n|poke|p1|Hawlucha, F|item\n|poke|p1|Corviknight, F|item\n|poke|p2|Aegislash, F|item\n|poke|p2|Grimmsnarl, M|item\n|poke|p2|Seismitoad, F|item\n|poke|p2|Rotom-Mow|item\n|poke|p2|Dragapult, M|item\n|poke|p2|Conkeldurr, F|item\n|teampreview\n|\n|start\n|switch|p1a: Indeedee|Indeedee, M|100\/100\n|switch|p2a: Rotom|Rotom-Mow|100\/100\n|-fieldstart|move: Psychic Terrain|[from] ability: Psychic Surge|[of] p1a: Indeedee\n|turn|1\n|inactive|Battle timer is ON: inactive players will automatically lose when time's up. (requested by KvnLiao)\n|\n|move|p2a: Rotom|Volt Switch|p1a: Indeedee\n|-damage|p1a: Indeedee|54\/100\n|\n|switch|p2a: Aegislash|Aegislash, F|100\/100|[from]move: Volt Switch\n|move|p1a: Indeedee|Psychic|p2a: Aegislash\n|-resisted|p2a: Aegislash\n|-damage|p2a: Aegislash|75\/100\n|\n|upkeep\n|turn|2\n|\n|-start|p1a: Indeedee|Dynamax\n|-heal|p1a: Indeedee|54\/100|[silent]\n|move|p1a: Indeedee|Max Flare|p2a: Aegislash\n|-supereffective|p2a: Aegislash\n|-damage|p2a: Aegislash|11\/100\n|-enditem|p2a: Aegislash|Weakness Policy\n|-boost|p2a: Aegislash|atk|2\n|-boost|p2a: Aegislash|spa|2\n|-weather|SunnyDay\n|-formechange|p2a: Aegislash|Aegislash-Blade||[from] ability: Stance Change\n|move|p2a: Aegislash|Shadow Ball|p1a: Indeedee\n|-immune|p1a: Indeedee\n|\n|-weather|SunnyDay|[upkeep]\n|upkeep\n|turn|3\n|c|\u2606Gotham Paladin|crap im dumb\n|\n|switch|p2a: Grimmsnarl|Grimmsnarl, M|100\/100\n|-item|p1a: Indeedee|Choice Scarf|[from] ability: Frisk|[of] p2a: Grimmsnarl|[identify]\n|move|p1a: Indeedee|Max Flare|p2a: Grimmsnarl\n|-damage|p2a: Grimmsnarl|69\/100\n|\n|-weather|SunnyDay|[upkeep]\n|upkeep\n|turn|4\n|c|\u2606KvnLiao|it happens a lot actually\n|c|\u2606KvnLiao|lol\n|c|\u2606Gotham Paladin|lol i bet\n|\n|move|p1a: Indeedee|Max Strike|p2a: Grimmsnarl\n|-damage|p2a: Grimmsnarl|37\/100\n|-unboost|p2a: Grimmsnarl|spe|1\n|move|p2a: Grimmsnarl|Darkest Lariat|p1a: Indeedee\n|-supereffective|p1a: Indeedee\n|-damage|p1a: Indeedee|0 fnt\n|faint|p1a: Indeedee\n|\n|-weather|SunnyDay|[upkeep]\n|upkeep\n|\n|switch|p1a: Dragapult|Dragapult, M|100\/100\n|turn|5\n|\n|switch|p2a: Aegislash|Aegislash, F|11\/100\n|move|p1a: Dragapult|Flamethrower|p2a: Aegislash\n|-supereffective|p2a: Aegislash\n|-damage|p2a: Aegislash|0 fnt\n|faint|p2a: Aegislash\n|\n|-weather|SunnyDay|[upkeep]\n|-fieldend|move: Psychic Terrain\n|upkeep\n|\n|switch|p2a: Grimmsnarl|Grimmsnarl, M|37\/100\n|-item|p1a: Dragapult|Choice Specs|[from] ability: Frisk|[of] p2a: Grimmsnarl|[identify]\n|turn|6\n|\n|move|p1a: Dragapult|Flamethrower|p2a: Grimmsnarl\n|-damage|p2a: Grimmsnarl|5\/100\n|move|p2a: Grimmsnarl|Spirit Break|p1a: Dragapult\n|-supereffective|p1a: Dragapult\n|-damage|p1a: Dragapult|24\/100\n|-unboost|p1a: Dragapult|spa|1\n|\n|-weather|none\n|upkeep\n|turn|7\n|\n|move|p2a: Grimmsnarl|Sucker Punch|p1a: Dragapult\n|-supereffective|p1a: Dragapult\n|-damage|p1a: Dragapult|0 fnt\n|faint|p1a: Dragapult\n|\n|upkeep\n|\n|switch|p1a: Hawlucha|Hawlucha, F|100\/100\n|turn|8\n|\n|move|p1a: Hawlucha|Acrobatics|p2a: Grimmsnarl\n|-damage|p2a: Grimmsnarl|0 fnt\n|faint|p2a: Grimmsnarl\n|\n|upkeep\n|\n|switch|p2a: Rotom|Rotom-Mow|100\/100\n|turn|9\n|\n|move|p2a: Rotom|Volt Switch|p1a: Hawlucha\n|-supereffective|p1a: Hawlucha\n|-damage|p1a: Hawlucha|0 fnt\n|faint|p1a: Hawlucha\n|\n|switch|p2a: Dragapult|Dragapult, M|100\/100|[from]move: Volt Switch\n|\n|upkeep\n|\n|switch|p1a: Ditto|Ditto|100\/100\n|-transform|p1a: Ditto|p2a: Dragapult|[from] ability: Imposter\n|turn|10\n|\n|-start|p2a: Dragapult|Dynamax\n|-heal|p2a: Dragapult|100\/100|[silent]\n|move|p1a: Ditto|Phantom Force||[still]\n|-prepare|p1a: Ditto|Phantom Force|p2a: Dragapult\n|move|p2a: Dragapult|Max Phantasm|p1a: Ditto|[miss]\n|-miss|p2a: Dragapult|p1a: Ditto\n|\n|upkeep\n|turn|11\n|\n|move|p1a: Ditto|Phantom Force|p2a: Dragapult|[from]lockedmove\n|-supereffective|p2a: Dragapult\n|-damage|p2a: Dragapult|38\/100\n|move|p2a: Dragapult|Max Phantasm|p1a: Ditto\n|-supereffective|p1a: Ditto\n|-damage|p1a: Ditto|0 fnt\n|faint|p1a: Ditto\n|\n|upkeep\n|\n|switch|p1a: Corviknight|Corviknight, F|100\/100\n|-ability|p1a: Corviknight|Pressure\n|turn|12\n|\n|move|p2a: Dragapult|Max Phantasm|p1a: Corviknight\n|-damage|p1a: Corviknight|60\/100\n|-unboost|p1a: Corviknight|def|1\n|move|p1a: Corviknight|Brave Bird|p2a: Dragapult\n|-damage|p2a: Dragapult|13\/100\n|-damage|p1a: Corviknight|48\/100|[from] Recoil\n|\n|-heal|p1a: Corviknight|54\/100|[from] item: Leftovers\n|-end|p2a: Dragapult|Dynamax\n|-heal|p2a: Dragapult|13\/100|[silent]\n|upkeep\n|turn|13\n|inactive|KvnLiao has 120 seconds left.\n|\n|move|p2a: Dragapult|Dragon Dance|p2a: Dragapult\n|-boost|p2a: Dragapult|atk|1\n|-boost|p2a: Dragapult|spe|1\n|move|p1a: Corviknight|Brave Bird|p2a: Dragapult\n|-damage|p2a: Dragapult|0 fnt\n|-damage|p1a: Corviknight|50\/100|[from] Recoil\n|faint|p2a: Dragapult\n|\n|-heal|p1a: Corviknight|56\/100|[from] item: Leftovers\n|upkeep\n|\n|switch|p2a: Conkeldurr|Conkeldurr, F|100\/100\n|turn|14\n|\n|move|p1a: Corviknight|Brave Bird|p2a: Conkeldurr\n|-supereffective|p2a: Conkeldurr\n|-damage|p2a: Conkeldurr|37\/100\n|-damage|p1a: Corviknight|34\/100|[from] Recoil\n|move|p2a: Conkeldurr|Drain Punch|p1a: Corviknight\n|-damage|p1a: Corviknight|0 fnt\n|-heal|p2a: Conkeldurr|53\/100|[from] drain|[of] p1a: Corviknight\n|faint|p1a: Corviknight\n|\n|-status|p2a: Conkeldurr|brn|[from] item: Flame Orb\n|upkeep\n|\n|switch|p1a: Dracovish|Dracovish|100\/100\n|turn|15\n|\n|move|p2a: Conkeldurr|Mach Punch|p1a: Dracovish\n|-damage|p1a: Dracovish|62\/100\n|move|p1a: Dracovish|Outrage|p2a: Conkeldurr\n|-damage|p2a: Conkeldurr|0 fnt\n|faint|p2a: Conkeldurr\n|\n|upkeep\n|\n|switch|p2a: Rotom|Rotom-Mow|100\/100\n|turn|16\n|\n|move|p2a: Rotom|Leaf Storm|p1a: Dracovish\n|-damage|p1a: Dracovish|0 fnt\n|-unboost|p2a: Rotom|spa|2\n|faint|p1a: Dracovish\n|\n|win|Gotham Paladin\n|l|\u2606KvnLiao\n|c|\u2606Gotham Paladin|gg\n|l|\u2606Gotham Paladin\n","uploadtime":1574817333,"views":38,"p1id":"kvnliao","p2id":"gothampaladin","formatid":"gen8ou","rating":0,"private":0,"password":null}