{"id":"gen8ou-1673832511","p1":"le port du Havre","p2":"galarian dragapult","format":"gen8ou","log":"|j|\u2606le port du Havre\n|j|\u2606galarian dragapult\n|t:|1664502098\n|gametype|singles\n|player|p1|le port du Havre|sailor|1708\n|player|p2|galarian dragapult|zinzolin|1784\n|teamsize|p1|6\n|teamsize|p2|6\n|gen|8\n|tier|[Gen 8] OU\n|rated|\n|rule|Sleep Clause Mod: Limit one foe put to sleep\n|rule|Species Clause: Limit one of each Pok\u00e9mon\n|rule|OHKO Clause: OHKO moves are banned\n|rule|Evasion Items Clause: Evasion items are banned\n|rule|Evasion Moves Clause: Evasion moves are banned\n|rule|Endless Battle Clause: Forcing endless battles is banned\n|rule|HP Percentage Mod: HP is shown in percentages\n|rule|Dynamax Clause: You cannot dynamax\n|clearpoke\n|poke|p1|Keldeo-Resolute|\n|poke|p1|Rillaboom, M|\n|poke|p1|Nidoking, M|\n|poke|p1|Heatran, M|\n|poke|p1|Zapdos|\n|poke|p1|Weavile, F|\n|poke|p2|Landorus-Therian, M|\n|poke|p2|Magnezone|\n|poke|p2|Buzzwole|\n|poke|p2|Tyranitar, F|\n|poke|p2|Tapu Lele|\n|poke|p2|Toxapex, F|\n|teampreview\n|j| JeffS69\n|inactive|Battle timer is ON: inactive players will automatically lose when time's up. (requested by galarian dragapult)\n|\n|t:|1664502113\n|start\n|switch|p1a: Keldeo|Keldeo-Resolute|100\/100\n|switch|p2a: Toxapex|Toxapex, F, shiny|100\/100\n|turn|1\n|l| JeffS69\n|\n|t:|1664502120\n|move|p1a: Keldeo|Substitute|p1a: Keldeo\n|-start|p1a: Keldeo|Substitute\n|-damage|p1a: Keldeo|76\/100\n|move|p2a: Toxapex|Toxic||[still]\n|-fail|p2a: Toxapex\n|\n|-heal|p1a: Keldeo|82\/100|[from] item: Leftovers\n|upkeep\n|turn|2\n|j| JeffS69\n|\n|t:|1664502132\n|switch|p2a: Tapu Lele|Tapu Lele|100\/100\n|-fieldstart|move: Psychic Terrain|[from] ability: Psychic Surge|[of] p2a: Tapu Lele\n|move|p1a: Keldeo|Calm Mind|p1a: Keldeo\n|-boost|p1a: Keldeo|spa|1\n|-boost|p1a: Keldeo|spd|1\n|\n|-heal|p1a: Keldeo|88\/100|[from] item: Leftovers\n|upkeep\n|turn|3\n|\n|t:|1664502143\n|move|p2a: Tapu Lele|Moonblast|p1a: Keldeo\n|-supereffective|p1a: Keldeo\n|-end|p1a: Keldeo|Substitute\n|move|p1a: Keldeo|Scald|p2a: Tapu Lele\n|-damage|p2a: Tapu Lele|32\/100\n|-status|p2a: Tapu Lele|brn\n|\n|-heal|p1a: Keldeo|94\/100|[from] item: Leftovers\n|-damage|p2a: Tapu Lele|26\/100 brn|[from] brn\n|upkeep\n|turn|4\n|\n|t:|1664502156\n|switch|p2a: Tyranitar|Tyranitar, F|100\/100\n|-weather|Sandstorm|[from] ability: Sand Stream|[of] p2a: Tyranitar\n|switch|p1a: Heatran|Heatran, M|100\/100\n|\n|-weather|Sandstorm|[upkeep]\n|upkeep\n|turn|5\n|\n|t:|1664502164\n|switch|p1a: Keldeo|Keldeo-Resolute|94\/100\n|move|p2a: Tyranitar|Earthquake|p1a: Keldeo\n|-damage|p1a: Keldeo|68\/100\n|\n|-weather|Sandstorm|[upkeep]\n|-damage|p1a: Keldeo|62\/100|[from] Sandstorm\n|-heal|p1a: Keldeo|68\/100|[from] item: Leftovers\n|upkeep\n|turn|6\n|\n|t:|1664502173\n|switch|p2a: Buzzwole|Buzzwole|100\/100\n|move|p1a: Keldeo|Secret Sword|p2a: Buzzwole\n|-resisted|p2a: Buzzwole\n|-damage|p2a: Buzzwole|82\/100\n|\n|-weather|Sandstorm|[upkeep]\n|-damage|p2a: Buzzwole|76\/100|[from] Sandstorm\n|-damage|p1a: Keldeo|62\/100|[from] Sandstorm\n|-heal|p1a: Keldeo|68\/100|[from] item: Leftovers\n|-fieldend|move: Psychic Terrain\n|upkeep\n|turn|7\n|\n|t:|1664502188\n|switch|p1a: Zapdos|Zapdos|100\/100\n|move|p2a: Buzzwole|Close Combat|p1a: Zapdos\n|-resisted|p1a: Zapdos\n|-damage|p1a: Zapdos|75\/100\n|-unboost|p2a: Buzzwole|def|1\n|-unboost|p2a: Buzzwole|spd|1\n|-status|p2a: Buzzwole|par|[from] ability: Static|[of] p1a: Zapdos\n|\n|-weather|Sandstorm|[upkeep]\n|-damage|p1a: Zapdos|69\/100|[from] Sandstorm\n|-damage|p2a: Buzzwole|70\/100 par|[from] Sandstorm\n|upkeep\n|turn|8\n|-message|galarian dragapult forfeited.\n|\n|win|le port du Havre\n|raw|le port du Havre's rating: 1708 &rarr; <strong>1732<\/strong><br \/>(+24 for winning)\n|raw|galarian dragapult's rating: 1784 &rarr; <strong>1760<\/strong><br \/>(-24 for losing)\n|l|\u2606galarian dragapult\n|l|\u2606le port du Havre\n","uploadtime":1664502215,"views":23,"p1id":"leportduhavre","p2id":"galariandragapult","formatid":"gen8ou","rating":1732,"private":0,"password":null}