{"id":"gen8ou-1604167210","p1":"I'm Arnaud","p2":"Wahoo man v2","format":"gen8ou","log":"|j|\u2606I'm Arnaud\n|j|\u2606Wahoo man v2\n|t:|1656191821\n|gametype|singles\n|player|p1|I'm Arnaud|chase|1601\n|player|p2|Wahoo man v2|youngster-gen4dp|1618\n|teamsize|p1|6\n|teamsize|p2|6\n|gen|8\n|tier|[Gen 8] OU\n|rated|\n|rule|Sleep Clause Mod: Limit one foe put to sleep\n|rule|Species Clause: Limit one of each Pok\u00e9mon\n|rule|OHKO Clause: OHKO moves are banned\n|rule|Evasion Moves Clause: Evasion moves are banned\n|rule|Endless Battle Clause: Forcing endless battles is banned\n|rule|HP Percentage Mod: HP is shown in percentages\n|rule|Dynamax Clause: You cannot dynamax\n|clearpoke\n|poke|p1|Kommo-o, F|\n|poke|p1|Corviknight, F|\n|poke|p1|Slowking-Galar, M|\n|poke|p1|Tapu Koko|\n|poke|p1|Landorus-Therian, M|\n|poke|p1|Weavile, M|\n|poke|p2|Garchomp, F|\n|poke|p2|Heatran, M|\n|poke|p2|Blissey, F|\n|poke|p2|Dragapult, F|\n|poke|p2|Urshifu-*, F|\n|poke|p2|Shedinja|\n|teampreview\n|\n|t:|1656191859\n|start\n|switch|p1a: Weavile|Weavile, M|100\/100\n|switch|p2a: Dragapult|Dragapult, F|100\/100\n|-ability|p1a: Weavile|Pressure\n|turn|1\n|inactive|Battle timer is ON: inactive players will automatically lose when time's up. (requested by I'm Arnaud)\n|\n|t:|1656191867\n|switch|p2a: Urshifu|Urshifu-Rapid-Strike, F|100\/100\n|switch|p1a: Slowking|Slowking-Galar, M|100\/100\n|\n|upkeep\n|turn|2\n|\n|t:|1656191872\n|move|p2a: Urshifu|U-turn|p1a: Slowking\n|-damage|p1a: Slowking|62\/100\n|\n|t:|1656191876\n|switch|p2a: Blissey|Blissey, F|100\/100|[from]move: U-turn\n|move|p1a: Slowking|Sludge Bomb|p2a: Blissey\n|-damage|p2a: Blissey|87\/100\n|\n|upkeep\n|turn|3\n|\n|t:|1656191885\n|switch|p1a: Kommo-o|Kommo-o, F|100\/100\n|move|p2a: Blissey|Teleport|p2a: Blissey\n|\n|t:|1656191895\n|switch|p2a: Garchomp|Garchomp, F|100\/100|[from]move: Teleport\n|\n|upkeep\n|turn|4\n|\n|t:|1656191899\n|move|p2a: Garchomp|Toxic|p1a: Kommo-o\n|-status|p1a: Kommo-o|tox\n|move|p1a: Kommo-o|Toxic|p2a: Garchomp\n|-status|p2a: Garchomp|tox\n|\n|-damage|p2a: Garchomp|94\/100 tox|[from] psn\n|-damage|p1a: Kommo-o|94\/100 tox|[from] psn\n|upkeep\n|turn|5\n|\n|t:|1656191902\n|move|p2a: Garchomp|Stealth Rock|p1a: Kommo-o\n|-sidestart|p1: I'm Arnaud|move: Stealth Rock\n|move|p1a: Kommo-o|Stealth Rock|p2a: Garchomp\n|-sidestart|p2: Wahoo man v2|move: Stealth Rock\n|\n|-heal|p1a: Kommo-o|100\/100 tox|[from] item: Leftovers\n|-damage|p2a: Garchomp|82\/100 tox|[from] psn\n|-damage|p1a: Kommo-o|88\/100 tox|[from] psn\n|upkeep\n|turn|6\n|\n|t:|1656191906\n|move|p1a: Kommo-o|Protect|p1a: Kommo-o\n|-singleturn|p1a: Kommo-o|Protect\n|move|p2a: Garchomp|Earthquake|p1a: Kommo-o\n|-activate|p1a: Kommo-o|move: Protect\n|\n|-heal|p1a: Kommo-o|94\/100 tox|[from] item: Leftovers\n|-damage|p2a: Garchomp|63\/100 tox|[from] psn\n|-damage|p1a: Kommo-o|76\/100 tox|[from] psn\n|upkeep\n|turn|7\n|\n|t:|1656191914\n|switch|p1a: Corviknight|Corviknight, F|100\/100\n|-damage|p1a: Corviknight|88\/100|[from] Stealth Rock\n|-ability|p1a: Corviknight|Pressure\n|move|p2a: Garchomp|Earthquake|p1a: Corviknight\n|-immune|p1a: Corviknight\n|\n|-damage|p2a: Garchomp|38\/100 tox|[from] psn\n|upkeep\n|turn|8\n|\n|t:|1656191921\n|move|p2a: Garchomp|Fire Blast|p1a: Corviknight\n|-supereffective|p1a: Corviknight\n|-damage|p1a: Corviknight|57\/100\n|move|p1a: Corviknight|U-turn|p2a: Garchomp\n|-damage|p2a: Garchomp|27\/100 tox\n|-damage|p1a: Corviknight|44\/100|[from] ability: Rough Skin|[of] p2a: Garchomp\n|-damage|p1a: Corviknight|28\/100|[from] item: Rocky Helmet|[of] p2a: Garchomp\n|\n|t:|1656191926\n|switch|p1a: Tapu Koko|Tapu Koko|100\/100|[from]move: U-turn\n|-fieldstart|move: Electric Terrain|[from] ability: Electric Surge|[of] p1a: Tapu Koko\n|\n|-damage|p2a: Garchomp|0 fnt|[from] psn\n|faint|p2a: Garchomp\n|upkeep\n|\n|t:|1656191930\n|switch|p2a: Can't touch this|Shedinja|100\/100\n|turn|9\n|\n|t:|1656191944\n|switch|p1a: Corviknight|Corviknight, F|28\/100\n|-damage|p1a: Corviknight|15\/100|[from] Stealth Rock\n|-ability|p1a: Corviknight|Pressure\n|move|p2a: Can't touch this|Poltergeist|p1a: Corviknight\n|-activate|p1a: Corviknight|move: Poltergeist|Rocky Helmet\n|-damage|p1a: Corviknight|0 fnt\n|faint|p1a: Corviknight\n|\n|upkeep\n|\n|t:|1656191952\n|switch|p1a: Weavile|Weavile, M|100\/100\n|-ability|p1a: Weavile|Pressure\n|turn|10\n|\n|t:|1656191956\n|switch|p2a: Urshifu|Urshifu-Rapid-Strike, F|100\/100\n|-damage|p2a: Urshifu|94\/100|[from] Stealth Rock\n|move|p1a: Weavile|Knock Off|p2a: Urshifu\n|-resisted|p2a: Urshifu\n|-damage|p2a: Urshifu|69\/100\n|-enditem|p2a: Urshifu|Choice Band|[from] move: Knock Off|[of] p1a: Weavile\n|\n|upkeep\n|turn|11\n|\n|t:|1656191964\n|switch|p1a: Kommo-o|Kommo-o, F|76\/100 tox\n|-damage|p1a: Kommo-o|69\/100 tox|[from] Stealth Rock\n|move|p2a: Urshifu|Surging Strikes|p1a: Kommo-o\n|-resisted|p1a: Kommo-o\n|-crit|p1a: Kommo-o\n|-damage|p1a: Kommo-o|63\/100 tox\n|-resisted|p1a: Kommo-o\n|-crit|p1a: Kommo-o\n|-damage|p1a: Kommo-o|55\/100 tox\n|-resisted|p1a: Kommo-o\n|-crit|p1a: Kommo-o\n|-damage|p1a: Kommo-o|48\/100 tox\n|-hitcount|p1a: Kommo-o|3\n|\n|-heal|p1a: Kommo-o|54\/100 tox|[from] item: Leftovers\n|-damage|p1a: Kommo-o|48\/100 tox|[from] psn\n|upkeep\n|turn|12\n|\n|t:|1656191980\n|move|p2a: Urshifu|Close Combat|p1a: Kommo-o\n|-damage|p1a: Kommo-o|1\/100 tox\n|-unboost|p2a: Urshifu|def|1\n|-unboost|p2a: Urshifu|spd|1\n|move|p1a: Kommo-o|Body Press|p2a: Urshifu\n|-damage|p2a: Urshifu|7\/100\n|\n|-heal|p1a: Kommo-o|7\/100 tox|[from] item: Leftovers\n|-damage|p1a: Kommo-o|0 fnt|[from] psn\n|faint|p1a: Kommo-o\n|-fieldend|move: Electric Terrain\n|upkeep\n|\n|t:|1656191989\n|switch|p1a: Tapu Koko|Tapu Koko|100\/100\n|-fieldstart|move: Electric Terrain|[from] ability: Electric Surge|[of] p1a: Tapu Koko\n|turn|13\n|\n|t:|1656191991\n|switch|p1a: Weavile|Weavile, M|100\/100\n|-ability|p1a: Weavile|Pressure\n|move|p2a: Urshifu|Aqua Jet|p1a: Weavile\n|-damage|p1a: Weavile|63\/100\n|\n|upkeep\n|turn|14\n|\n|t:|1656191998\n|move|p2a: Urshifu|Aqua Jet|p1a: Weavile\n|-damage|p1a: Weavile|26\/100\n|move|p1a: Weavile|Knock Off|p2a: Urshifu\n|-resisted|p2a: Urshifu\n|-damage|p2a: Urshifu|0 fnt\n|faint|p2a: Urshifu\n|\n|upkeep\n|\n|t:|1656192002\n|switch|p2a: Heatran|Heatran, M|100\/100\n|-damage|p2a: Heatran|88\/100|[from] Stealth Rock\n|-item|p2a: Heatran|Air Balloon\n|turn|15\n|\n|t:|1656192021\n|move|p1a: Weavile|Low Kick|p2a: Heatran\n|-supereffective|p2a: Heatran\n|-damage|p2a: Heatran|4\/100\n|-enditem|p2a: Heatran|Air Balloon\n|move|p2a: Heatran|Eruption|p1a: Weavile\n|-supereffective|p1a: Weavile\n|-damage|p1a: Weavile|18\/100\n|\n|upkeep\n|turn|16\n|\n|t:|1656192027\n|move|p1a: Weavile|Knock Off|p2a: Heatran\n|-damage|p2a: Heatran|0 fnt\n|faint|p2a: Heatran\n|\n|upkeep\n|\n|t:|1656192030\n|switch|p2a: Blissey|Blissey, F|87\/100\n|turn|17\n|\n|t:|1656192033\n|move|p1a: Weavile|Triple Axel|p2a: Blissey\n|-damage|p2a: Blissey|78\/100\n|-damage|p2a: Blissey|62\/100\n|-damage|p2a: Blissey|35\/100\n|-hitcount|p2a: Blissey|3\n|move|p2a: Blissey|Seismic Toss|p1a: Weavile\n|-damage|p1a: Weavile|0 fnt\n|faint|p1a: Weavile\n|\n|-fieldend|move: Electric Terrain\n|upkeep\n|\n|t:|1656192040\n|switch|p1a: Landorus|Landorus-Therian, M|100\/100\n|-damage|p1a: Landorus|88\/100|[from] Stealth Rock\n|-ability|p1a: Landorus|Intimidate|boost\n|-unboost|p2a: Blissey|atk|1\n|turn|18\n|\n|t:|1656192045\n|switch|p1a: Slowking|Slowking-Galar, M|95\/100\n|-damage|p1a: Slowking|82\/100|[from] Stealth Rock\n|move|p2a: Blissey|Soft-Boiled|p2a: Blissey\n|-heal|p2a: Blissey|85\/100\n|\n|upkeep\n|turn|19\n|\n|t:|1656192054\n|move|p2a: Blissey|Seismic Toss|p1a: Slowking\n|-damage|p1a: Slowking|57\/100\n|move|p1a: Slowking|Scald|p2a: Blissey\n|-damage|p2a: Blissey|77\/100\n|\n|upkeep\n|turn|20\n|\n|t:|1656192057\n|switch|p1a: Landorus|Landorus-Therian, M|88\/100\n|-damage|p1a: Landorus|76\/100|[from] Stealth Rock\n|-ability|p1a: Landorus|Intimidate|boost\n|-unboost|p2a: Blissey|atk|1\n|move|p2a: Blissey|Soft-Boiled|p2a: Blissey\n|-heal|p2a: Blissey|100\/100\n|\n|upkeep\n|turn|21\n|\n|t:|1656192064\n|switch|p1a: Slowking|Slowking-Galar, M|90\/100\n|-damage|p1a: Slowking|78\/100|[from] Stealth Rock\n|move|p2a: Blissey|Seismic Toss|p1a: Slowking\n|-damage|p1a: Slowking|53\/100\n|\n|upkeep\n|turn|22\n|\n|t:|1656192072\n|move|p2a: Blissey|Seismic Toss|p1a: Slowking\n|-damage|p1a: Slowking|27\/100\n|move|p1a: Slowking|Future Sight|p2a: Blissey\n|-start|p1a: Slowking|move: Future Sight\n|\n|upkeep\n|turn|23\n|\n|t:|1656192075\n|switch|p1a: Landorus|Landorus-Therian, M|76\/100\n|-damage|p1a: Landorus|64\/100|[from] Stealth Rock\n|-ability|p1a: Landorus|Intimidate|boost\n|-unboost|p2a: Blissey|atk|1\n|move|p2a: Blissey|Seismic Toss|p1a: Landorus\n|-damage|p1a: Landorus|32\/100\n|\n|upkeep\n|turn|24\n|\n|t:|1656192080\n|move|p1a: Landorus|Earthquake|p2a: Blissey\n|-damage|p2a: Blissey|43\/100\n|move|p2a: Blissey|Seismic Toss|p1a: Landorus\n|-damage|p1a: Landorus|1\/100\n|\n|-end|p2a: Blissey|move: Future Sight\n|-damage|p2a: Blissey|25\/100\n|upkeep\n|turn|25\n|\n|t:|1656192089\n|move|p1a: Landorus|Earthquake|p2a: Blissey\n|-damage|p2a: Blissey|0 fnt\n|faint|p2a: Blissey\n|\n|upkeep\n|\n|t:|1656192092\n|switch|p2a: Can't touch this|Shedinja|100\/100\n|turn|26\n|\n|t:|1656192100\n|move|p1a: Landorus|Gravity|p1a: Landorus\n|-fieldstart|move: Gravity\n|move|p2a: Can't touch this|Swords Dance|p2a: Can't touch this\n|-boost|p2a: Can't touch this|atk|2\n|\n|upkeep\n|turn|27\n|\n|t:|1656192104\n|move|p2a: Can't touch this|Shadow Sneak|p1a: Landorus\n|-crit|p1a: Landorus\n|-damage|p1a: Landorus|0 fnt\n|faint|p1a: Landorus\n|\n|upkeep\n|\n|t:|1656192107\n|switch|p1a: Slowking|Slowking-Galar, M|60\/100\n|-damage|p1a: Slowking|48\/100|[from] Stealth Rock\n|turn|28\n|\n|t:|1656192114\n|move|p2a: Can't touch this|Poltergeist|p1a: Slowking\n|-activate|p1a: Slowking|move: Poltergeist|Assault Vest\n|-supereffective|p1a: Slowking\n|-damage|p1a: Slowking|0 fnt\n|faint|p1a: Slowking\n|\n|upkeep\n|-message|I'm Arnaud forfeited.\n|\n|win|Wahoo man v2\n|raw|I&apos;m Arnaud's rating: 1601 &rarr; <strong>1582<\/strong><br \/>(-19 for losing)\n|raw|Wahoo man v2's rating: 1618 &rarr; <strong>1637<\/strong><br \/>(+19 for winning)\n|l|\u2606I'm Arnaud\n||Ladder isn't responding, score probably updated but might not have (Request timeout).\n","uploadtime":1656192147,"views":43,"p1id":"imarnaud","p2id":"wahoomanv2","formatid":"gen8ou","rating":1582,"private":0,"password":null}