{"id":"gen8ou-1474170202","p1":"cogonahorse","p2":"SuperTheoryBros","format":"gen8ou","log":"|j|\u2606cogonahorse\n|j|\u2606SuperTheoryBros\n|t:|1639619234\n|gametype|singles\n|player|p1|cogonahorse|hilbert-wonderlauncher|1585\n|player|p2|SuperTheoryBros|265|1832\n|teamsize|p1|6\n|teamsize|p2|6\n|gen|8\n|tier|[Gen 8] OU\n|rated|\n|rule|Sleep Clause Mod: Limit one foe put to sleep\n|rule|Species Clause: Limit one of each Pok\u00e9mon\n|rule|OHKO Clause: OHKO moves are banned\n|rule|Evasion Moves Clause: Evasion moves are banned\n|rule|Endless Battle Clause: Forcing endless battles is banned\n|rule|HP Percentage Mod: HP is shown in percentages\n|rule|Dynamax Clause: You cannot dynamax\n|clearpoke\n|poke|p1|Tornadus-Therian, M|\n|poke|p1|Melmetal|\n|poke|p1|Zeraora|\n|poke|p1|Aromatisse, M|\n|poke|p1|Gyarados, M|\n|poke|p1|Ferrothorn, M|\n|poke|p2|Shedinja|\n|poke|p2|Avalugg, F|\n|poke|p2|Landorus-Therian, M|\n|poke|p2|Heatran, M|\n|poke|p2|Skarmory, F|\n|poke|p2|Blissey, F|\n|teampreview\n|inactive|Battle timer is ON: inactive players will automatically lose when time's up. (requested by SuperTheoryBros)\n|\n|t:|1639619253\n|start\n|switch|p1a: Tornadus|Tornadus-Therian, M|100\/100\n|switch|p2a: Blissey|Blissey, F|100\/100\n|turn|1\n|\n|t:|1639619260\n|move|p1a: Tornadus|Knock Off|p2a: Blissey\n|-damage|p2a: Blissey|83\/100\n|-enditem|p2a: Blissey|Heavy-Duty Boots|[from] move: Knock Off|[of] p1a: Tornadus\n|move|p2a: Blissey|Thunder Wave|p1a: Tornadus\n|-status|p1a: Tornadus|par\n|\n|upkeep\n|turn|2\n|j| EAlejandro \u262d\n|\n|t:|1639619266\n|move|p1a: Tornadus|U-turn|p2a: Blissey\n|-damage|p2a: Blissey|71\/100\n|\n|t:|1639619268\n|switch|p1a: Ferrothorn|Ferrothorn, M|100\/100|[from]move: U-turn\n|move|p2a: Blissey|Teleport|p2a: Blissey\n|\n|t:|1639619294\n|switch|p2a: Heatran|Heatran, M|100\/100|[from]move: Teleport\n|-item|p2a: Heatran|Air Balloon\n|\n|upkeep\n|turn|3\n|\n|t:|1639619305\n|switch|p1a: Gyarados|Gyarados, M|100\/100\n|move|p2a: Heatran|Magma Storm|p1a: Gyarados\n|-resisted|p1a: Gyarados\n|-damage|p1a: Gyarados|78\/100\n|-activate|p1a: Gyarados|move: Magma Storm|[of] p2a: Heatran\n|\n|-heal|p1a: Gyarados|84\/100|[from] item: Leftovers\n|-damage|p1a: Gyarados|72\/100|[from] move: Magma Storm|[partiallytrapped]\n|upkeep\n|turn|4\n|\n|t:|1639619318\n|switch|p2a: Shedinja|Shedinja|100\/100\n|move|p1a: Gyarados|Waterfall|p2a: Shedinja\n|-immune|p2a: Shedinja|[from] ability: Wonder Guard\n|\n|-heal|p1a: Gyarados|78\/100|[from] item: Leftovers\n|-end|p1a: Gyarados|Magma Storm|[partiallytrapped]|[silent]\n|upkeep\n|turn|5\n|j| ZeeKuP\n|\n|t:|1639619331\n|switch|p1a: Tornadus|Tornadus-Therian, M|100\/100 par\n|switch|p2a: Landorus|Landorus-Therian, M|100\/100\n|-ability|p2a: Landorus|Intimidate|boost\n|-unboost|p1a: Tornadus|atk|1\n|\n|upkeep\n|turn|6\n|inactive|SuperTheoryBros has 120 seconds left.\n|\n|t:|1639619349\n|move|p2a: Landorus|Stone Edge|p1a: Tornadus\n|-supereffective|p1a: Tornadus\n|-damage|p1a: Tornadus|2\/100 par\n|move|p1a: Tornadus|Knock Off|p2a: Landorus\n|-damage|p2a: Landorus|86\/100\n|-enditem|p2a: Landorus|Scope Lens|[from] move: Knock Off|[of] p1a: Tornadus\n|\n|upkeep\n|turn|7\n|inactive|SuperTheoryBros has 120 seconds left.\n|\n|t:|1639619364\n|switch|p1a: Ferrothorn|Ferrothorn, M|100\/100\n|move|p2a: Landorus|Stealth Rock|p1a: Ferrothorn\n|-sidestart|p1: cogonahorse|move: Stealth Rock\n|\n|upkeep\n|turn|8\n|inactive|SuperTheoryBros has 120 seconds left.\n|\n|t:|1639619383\n|switch|p2a: Heatran|Heatran, M|100\/100\n|-item|p2a: Heatran|Air Balloon\n|move|p1a: Ferrothorn|Stealth Rock|p2a: Heatran\n|-sidestart|p2: SuperTheoryBros|move: Stealth Rock\n|\n|upkeep\n|turn|9\n|inactive|SuperTheoryBros has 120 seconds left.\n|\n|t:|1639619392\n|switch|p1a: Gyarados|Gyarados, M|78\/100\n|-damage|p1a: Gyarados|53\/100|[from] Stealth Rock\n|move|p2a: Heatran|Magma Storm|p1a: Gyarados|[miss]\n|-miss|p2a: Heatran|p1a: Gyarados\n|\n|-heal|p1a: Gyarados|59\/100|[from] item: Leftovers\n|upkeep\n|turn|10\n|\n|t:|1639619401\n|switch|p1a: Zeraora|Zeraora|100\/100\n|-damage|p1a: Zeraora|88\/100|[from] Stealth Rock\n|move|p2a: Heatran|Magma Storm|p1a: Zeraora|[miss]\n|-miss|p2a: Heatran|p1a: Zeraora\n|\n|-heal|p1a: Zeraora|94\/100|[from] item: Leftovers\n|upkeep\n|turn|11\n|c|\u2606SuperTheoryBros|omg\n|c|\u2606cogonahorse|sorry\n|inactive|SuperTheoryBros has 120 seconds left.\n|\n|t:|1639619422\n|switch|p2a: Landorus|Landorus-Therian, M|86\/100\n|-damage|p2a: Landorus|74\/100|[from] Stealth Rock\n|-ability|p2a: Landorus|Intimidate|boost\n|-unboost|p1a: Zeraora|atk|1\n|move|p1a: Zeraora|Knock Off|p2a: Landorus\n|-damage|p2a: Landorus|59\/100\n|\n|-heal|p1a: Zeraora|99\/100|[from] item: Leftovers\n|upkeep\n|turn|12\n|inactive|SuperTheoryBros has 120 seconds left.\n|\n|t:|1639619432\n|switch|p1a: Aromatisse|Aromatisse, M|100\/100\n|-damage|p1a: Aromatisse|88\/100|[from] Stealth Rock\n|move|p2a: Landorus|Swords Dance|p2a: Landorus\n|-boost|p2a: Landorus|atk|2\n|\n|-heal|p1a: Aromatisse|94\/100|[from] item: Leftovers\n|upkeep\n|turn|13\n|inactive|SuperTheoryBros has 120 seconds left.\n|\n|t:|1639619440\n|move|p2a: Landorus|Earthquake|p1a: Aromatisse\n|-damage|p1a: Aromatisse|9\/100\n|move|p1a: Aromatisse|Moonblast|p2a: Landorus\n|-damage|p2a: Landorus|22\/100\n|\n|-heal|p1a: Aromatisse|15\/100|[from] item: Leftovers\n|upkeep\n|turn|14\n|inactive|SuperTheoryBros has 120 seconds left.\n|\n|t:|1639619455\n|move|p2a: Landorus|Earthquake|p1a: Aromatisse\n|-damage|p1a: Aromatisse|0 fnt\n|faint|p1a: Aromatisse\n|\n|upkeep\n|\n|t:|1639619457\n|switch|p1a: Zeraora|Zeraora|99\/100\n|-damage|p1a: Zeraora|88\/100|[from] Stealth Rock\n|turn|15\n|inactive|SuperTheoryBros has 120 seconds left.\n|\n|t:|1639619481\n|move|p1a: Zeraora|Knock Off|p2a: Landorus\n|-damage|p2a: Landorus|0 fnt\n|faint|p2a: Landorus\n|\n|-heal|p1a: Zeraora|94\/100|[from] item: Leftovers\n|upkeep\n|\n|t:|1639619493\n|switch|p2a: Avalugg|Avalugg, F|100\/100\n|turn|16\n|\n|t:|1639619503\n|move|p1a: Zeraora|Volt Switch|p2a: Avalugg\n|-damage|p2a: Avalugg|72\/100\n|\n|t:|1639619507\n|switch|p1a: Melmetal|Melmetal|100\/100|[from]move: Volt Switch\n|-damage|p1a: Melmetal|94\/100|[from] Stealth Rock\n|move|p2a: Avalugg|Avalanche|p1a: Melmetal\n|-resisted|p1a: Melmetal\n|-damage|p1a: Melmetal|88\/100\n|\n|upkeep\n|turn|17\n|inactive|SuperTheoryBros has 120 seconds left.\n|j| FatPumpkinHead\n|j| Sixty6sixshit\n|inactive|SuperTheoryBros has 90 seconds left.\n|\n|t:|1639619553\n|switch|p2a: Shedinja|Shedinja|100\/100\n|move|p1a: Melmetal|Thunder Punch|p2a: Shedinja\n|-immune|p2a: Shedinja|[from] ability: Wonder Guard\n|\n|upkeep\n|turn|18\n|j| Treejay91\n|inactive|cogonahorse has 120 seconds left.\n|\n|t:|1639619586\n|switch|p1a: Tornadus|Tornadus-Therian, M|35\/100 par\n|move|p2a: Shedinja|Will-O-Wisp||[still]\n|-fail|p2a: Shedinja\n|\n|upkeep\n|turn|19\n|\n|t:|1639619597\n|move|p2a: Shedinja|Shadow Sneak|p1a: Tornadus\n|-damage|p1a: Tornadus|14\/100 par\n|cant|p1a: Tornadus|par\n|\n|upkeep\n|turn|20\n|c|\u2606SuperTheoryBros|woops\n|c|\u2606cogonahorse|its all good\n|\n|t:|1639619608\n|switch|p1a: Ferrothorn|Ferrothorn, M|100\/100\n|-damage|p1a: Ferrothorn|94\/100|[from] Stealth Rock\n|move|p2a: Shedinja|Poltergeist|p1a: Ferrothorn\n|-activate|p1a: Ferrothorn|move: Poltergeist|Leftovers\n|-damage|p1a: Ferrothorn|59\/100\n|\n|-heal|p1a: Ferrothorn|65\/100|[from] item: Leftovers\n|upkeep\n|turn|21\n|l| EAlejandro \u262d\n|l| ZeeKuP\n|\n|t:|1639619624\n|switch|p2a: Skarmory|Skarmory, F|100\/100\n|-damage|p2a: Skarmory|88\/100|[from] Stealth Rock\n|move|p1a: Ferrothorn|Leech Seed|p2a: Skarmory\n|-start|p2a: Skarmory|move: Leech Seed\n|\n|-heal|p1a: Ferrothorn|72\/100|[from] item: Leftovers\n|-damage|p2a: Skarmory|76\/100|[from] Leech Seed|[of] p1a: Ferrothorn\n|-heal|p1a: Ferrothorn|83\/100|[silent]\n|upkeep\n|turn|22\n|\n|t:|1639619636\n|switch|p1a: Zeraora|Zeraora|94\/100\n|-damage|p1a: Zeraora|82\/100|[from] Stealth Rock\n|move|p2a: Skarmory|Spikes|p1a: Zeraora\n|-sidestart|p1: cogonahorse|Spikes\n|\n|-heal|p1a: Zeraora|88\/100|[from] item: Leftovers\n|-damage|p2a: Skarmory|64\/100|[from] Leech Seed|[of] p1a: Zeraora\n|-heal|p1a: Zeraora|100\/100|[silent]\n|upkeep\n|turn|23\n|\n|t:|1639619653\n|switch|p2a: Blissey|Blissey, F|71\/100\n|-damage|p2a: Blissey|58\/100|[from] Stealth Rock\n|move|p1a: Zeraora|Plasma Fists|p2a: Blissey\n|-damage|p2a: Blissey|16\/100\n|\n|upkeep\n|turn|24\n|l| FatPumpkinHead\n|\n|t:|1639619667\n|move|p1a: Zeraora|Plasma Fists|p2a: Blissey\n|-damage|p2a: Blissey|0 fnt\n|faint|p2a: Blissey\n|\n|upkeep\n|\n|t:|1639619669\n|switch|p2a: Avalugg|Avalugg, F|72\/100\n|turn|25\n|\n|t:|1639619684\n|move|p1a: Zeraora|Volt Switch|p2a: Avalugg\n|-damage|p2a: Avalugg|43\/100\n|\n|t:|1639619691\n|switch|p1a: Ferrothorn|Ferrothorn, M|83\/100|[from]move: Volt Switch\n|-damage|p1a: Ferrothorn|77\/100|[from] Stealth Rock\n|-damage|p1a: Ferrothorn|64\/100|[from] Spikes\n|move|p2a: Avalugg|Rapid Spin|p1a: Ferrothorn\n|-resisted|p1a: Ferrothorn\n|-damage|p1a: Ferrothorn|60\/100\n|-boost|p2a: Avalugg|spe|1\n|-damage|p2a: Avalugg|31\/100|[from] ability: Iron Barbs|[of] p1a: Ferrothorn\n|-sideend|p2: SuperTheoryBros|Stealth Rock|[from] move: Rapid Spin|[of] p2a: Avalugg\n|\n|-heal|p1a: Ferrothorn|66\/100|[from] item: Leftovers\n|upkeep\n|turn|26\n|\n|t:|1639619707\n|switch|p2a: Heatran|Heatran, M|100\/100\n|-item|p2a: Heatran|Air Balloon\n|move|p1a: Ferrothorn|Stealth Rock|p2a: Heatran\n|-sidestart|p2: SuperTheoryBros|move: Stealth Rock\n|\n|-heal|p1a: Ferrothorn|72\/100|[from] item: Leftovers\n|upkeep\n|turn|27\n|j| EAlejandro \u262d\n|\n|t:|1639619722\n|move|p2a: Heatran|Magma Storm|p1a: Ferrothorn\n|-supereffective|p1a: Ferrothorn\n|-damage|p1a: Ferrothorn|0 fnt\n|faint|p1a: Ferrothorn\n|\n|upkeep\n|\n|t:|1639619729\n|switch|p1a: Zeraora|Zeraora|100\/100\n|-damage|p1a: Zeraora|88\/100|[from] Stealth Rock\n|-damage|p1a: Zeraora|76\/100|[from] Spikes\n|turn|28\n|inactive|SuperTheoryBros has 90 seconds left.\n|\n|t:|1639619752\n|move|p1a: Zeraora|Close Combat|p2a: Heatran\n|-supereffective|p2a: Heatran\n|-damage|p2a: Heatran|41\/100\n|-unboost|p1a: Zeraora|def|1\n|-unboost|p1a: Zeraora|spd|1\n|-enditem|p2a: Heatran|Air Balloon\n|move|p2a: Heatran|Earth Power|p1a: Zeraora\n|-supereffective|p1a: Zeraora\n|-damage|p1a: Zeraora|0 fnt\n|faint|p1a: Zeraora\n|\n|upkeep\n|\n|t:|1639619756\n|switch|p1a: Gyarados|Gyarados, M|59\/100\n|-damage|p1a: Gyarados|34\/100|[from] Stealth Rock\n|turn|29\n|\n|t:|1639619783\n|switch|p1a: Tornadus|Tornadus-Therian, M|47\/100 par\n|switch|p2a: Shedinja|Shedinja|100\/100\n|\n|upkeep\n|turn|30\n|l| EAlejandro \u262d\n|inactive|SuperTheoryBros has 60 seconds left.\n|j| FatPumpkinHead\n|\n|t:|1639619815\n|switch|p2a: Avalugg|Avalugg, F|31\/100\n|cant|p1a: Tornadus|par\n|\n|upkeep\n|turn|31\n|\n|t:|1639619823\n|move|p1a: Tornadus|Hurricane|p2a: Avalugg\n|-damage|p2a: Avalugg|0 fnt\n|faint|p2a: Avalugg\n|\n|upkeep\n|\n|t:|1639619826\n|switch|p2a: Heatran|Heatran, M|41\/100\n|-damage|p2a: Heatran|28\/100|[from] Stealth Rock\n|turn|32\n|\n|t:|1639619831\n|switch|p1a: Gyarados|Gyarados, M|34\/100\n|-damage|p1a: Gyarados|10\/100|[from] Stealth Rock\n|move|p2a: Heatran|Magma Storm|p1a: Gyarados|[miss]\n|-miss|p2a: Heatran|p1a: Gyarados\n|\n|-heal|p1a: Gyarados|16\/100|[from] item: Leftovers\n|upkeep\n|turn|33\n|\n|t:|1639619844\n|move|p1a: Gyarados|Waterfall|p2a: Heatran\n|-supereffective|p2a: Heatran\n|-damage|p2a: Heatran|0 fnt\n|faint|p2a: Heatran\n|-ability|p1a: Gyarados|Moxie|boost\n|-boost|p1a: Gyarados|atk|1\n|\n|-heal|p1a: Gyarados|22\/100|[from] item: Leftovers\n|upkeep\n|\n|t:|1639619847\n|switch|p2a: Shedinja|Shedinja|100\/100\n|turn|34\n|\n|t:|1639619857\n|move|p1a: Gyarados|Earthquake|p2a: Shedinja\n|-immune|p2a: Shedinja|[from] ability: Wonder Guard\n|move|p2a: Shedinja|Poltergeist|p1a: Gyarados\n|-activate|p1a: Gyarados|move: Poltergeist|Leftovers\n|-damage|p1a: Gyarados|0 fnt\n|faint|p1a: Gyarados\n|\n|upkeep\n|\n|t:|1639619861\n|switch|p1a: Tornadus|Tornadus-Therian, M|81\/100 par\n|turn|35\n|inactive|SuperTheoryBros has 90 seconds left.\n|\n|t:|1639619868\n|move|p1a: Tornadus|Knock Off|p2a: Shedinja\n|-supereffective|p2a: Shedinja\n|-damage|p2a: Shedinja|0 fnt\n|-enditem|p2a: Shedinja|Heavy-Duty Boots|[from] move: Knock Off|[of] p1a: Tornadus\n|faint|p2a: Shedinja\n|\n|upkeep\n|inactive|SuperTheoryBros has 90 seconds left.\n|\n|t:|1639619878\n|switch|p2a: Skarmory|Skarmory, F|64\/100\n|-damage|p2a: Skarmory|51\/100|[from] Stealth Rock\n|turn|36\n|\n|t:|1639619886\n|move|p1a: Tornadus|Hurricane|p2a: Skarmory\n|-resisted|p2a: Skarmory\n|-damage|p2a: Skarmory|23\/100\n|-start|p2a: Skarmory|confusion\n|-activate|p2a: Skarmory|confusion\n|move|p2a: Skarmory|Roost|p2a: Skarmory\n|-heal|p2a: Skarmory|73\/100\n|-singleturn|p2a: Skarmory|move: Roost\n|\n|upkeep\n|turn|37\n|l| FatPumpkinHead\n|\n|t:|1639619899\n|move|p1a: Tornadus|Hurricane|p2a: Skarmory\n|-resisted|p2a: Skarmory\n|-damage|p2a: Skarmory|45\/100\n|-activate|p2a: Skarmory|confusion\n|move|p2a: Skarmory|Iron Defense|p2a: Skarmory\n|-boost|p2a: Skarmory|def|2\n|\n|upkeep\n|turn|38\n|\n|t:|1639619904\n|move|p1a: Tornadus|Hurricane|p2a: Skarmory\n|-resisted|p2a: Skarmory\n|-damage|p2a: Skarmory|15\/100\n|-end|p2a: Skarmory|confusion\n|move|p2a: Skarmory|Roost|p2a: Skarmory\n|-heal|p2a: Skarmory|65\/100\n|-singleturn|p2a: Skarmory|move: Roost\n|\n|upkeep\n|turn|39\n|inactive|SuperTheoryBros has 120 seconds left.\n|\n|t:|1639619914\n|move|p1a: Tornadus|Defog|p2a: Skarmory\n|-unboost|p2a: Skarmory|evasion|1\n|-sideend|p2: SuperTheoryBros|Stealth Rock|[from] move: Defog|[of] p1a: Tornadus\n|-sideend|p1: cogonahorse|Spikes|[from] move: Defog|[of] p1a: Tornadus\n|-sideend|p1: cogonahorse|Stealth Rock|[from] move: Defog|[of] p1a: Tornadus\n|move|p2a: Skarmory|Roost|p2a: Skarmory\n|-heal|p2a: Skarmory|100\/100\n|-singleturn|p2a: Skarmory|move: Roost\n|\n|upkeep\n|turn|40\n|inactive|SuperTheoryBros has 120 seconds left.\n|\n|t:|1639619924\n|move|p1a: Tornadus|Knock Off|p2a: Skarmory\n|-damage|p2a: Skarmory|94\/100\n|-enditem|p2a: Skarmory|Shed Shell|[from] move: Knock Off|[of] p1a: Tornadus\n|move|p2a: Skarmory|Iron Defense|p2a: Skarmory\n|-boost|p2a: Skarmory|def|2\n|\n|upkeep\n|turn|41\n|j| EAlejandro \u262d\n|inactive|SuperTheoryBros has 120 seconds left.\n|\n|t:|1639619938\n|cant|p1a: Tornadus|par\n|move|p2a: Skarmory|Iron Defense|p2a: Skarmory\n|-boost|p2a: Skarmory|def|2\n|\n|upkeep\n|turn|42\n|\n|t:|1639619947\n|cant|p1a: Tornadus|par\n|move|p2a: Skarmory|Body Press|p1a: Tornadus\n|-resisted|p1a: Tornadus\n|-damage|p1a: Tornadus|12\/100 par\n|\n|upkeep\n|turn|43\n|\n|t:|1639619953\n|move|p1a: Tornadus|Hurricane|p2a: Skarmory\n|-resisted|p2a: Skarmory\n|-damage|p2a: Skarmory|65\/100\n|move|p2a: Skarmory|Body Press|p1a: Tornadus\n|-resisted|p1a: Tornadus\n|-damage|p1a: Tornadus|0 fnt\n|faint|p1a: Tornadus\n|\n|upkeep\n|\n|t:|1639619956\n|switch|p1a: Melmetal|Melmetal|88\/100\n|turn|44\n|\n|t:|1639619961\n|move|p2a: Skarmory|Body Press|p1a: Melmetal\n|-supereffective|p1a: Melmetal\n|-damage|p1a: Melmetal|0 fnt\n|faint|p1a: Melmetal\n|\n|win|SuperTheoryBros\n|raw|cogonahorse's rating: 1585 &rarr; <strong>1577<\/strong><br \/>(-8 for losing)\n|raw|SuperTheoryBros's rating: 1832 &rarr; <strong>1840<\/strong><br \/>(+8 for winning)\n|c|\u2606cogonahorse|gg\n|l| Treejay91\n|l| Sixty6sixshit\n|c|\u2606SuperTheoryBros|ok\n|j| FatPumpkinHead\n|c|\u2606cogonahorse|?\n|c|\u2606cogonahorse|was it that bad?\n|l| EAlejandro \u262d\n|c|\u2606cogonahorse|anyways sorry if the magma storm misses bothered you\n|c|\u2606cogonahorse|have a nice day\n","uploadtime":1639619969,"views":28,"p1id":"cogonahorse","p2id":"supertheorybros","formatid":"gen8ou","rating":1577,"private":0,"password":null}