{"id":"gen8ou-1692186329","p1":"HQSNonsense","p2":"sticky one still","format":"gen8ou","log":"|html|<div class=\"broadcast-blue\"><strong>[Gen 8] OU is currently suspecting Melmetal! For information on how to participate check out the <a href=\"https:\/\/www.smogon.com\/forums\/threads\/np-ss-ou-suspect-process-round-12-monster-mash.3709234\/\">suspect thread<\/a>.<\/strong><\/div>\n|j|\u2606HQSNonsense\n|j|\u2606sticky one still\n|t:|1666459998\n|gametype|singles\n|player|p1|HQSNonsense|veteranf|1686\n|player|p2|sticky one still|marlon|1659\n|teamsize|p1|6\n|teamsize|p2|6\n|gen|8\n|tier|[Gen 8] OU\n|rated|\n|rule|Sleep Clause Mod: Limit one foe put to sleep\n|rule|Species Clause: Limit one of each Pok\u00e9mon\n|rule|OHKO Clause: OHKO moves are banned\n|rule|Evasion Items Clause: Evasion items are banned\n|rule|Evasion Moves Clause: Evasion moves are banned\n|rule|Endless Battle Clause: Forcing endless battles is banned\n|rule|HP Percentage Mod: HP is shown in percentages\n|rule|Dynamax Clause: You cannot dynamax\n|clearpoke\n|poke|p1|Blacephalon|\n|poke|p1|Tapu Lele|\n|poke|p1|Toxapex, M|\n|poke|p1|Garchomp, M|\n|poke|p1|Corviknight, M|\n|poke|p1|Rillaboom, F|\n|poke|p2|Avalugg, M|\n|poke|p2|Blissey, F|\n|poke|p2|Garchomp, F|\n|poke|p2|Togekiss, F|\n|poke|p2|Rillaboom, M|\n|poke|p2|Kartana|\n|teampreview\n|\n|t:|1666460006\n|start\n|switch|p1a: Garchomp|Garchomp, M|100\/100\n|switch|p2a: chomplicated|Garchomp, F|100\/100\n|turn|1\n|inactive|Battle timer is ON: inactive players will automatically lose when time's up. (requested by HQSNonsense)\n|\n|t:|1666460012\n|move|p2a: chomplicated|Toxic|p1a: Garchomp\n|-status|p1a: Garchomp|tox\n|move|p1a: Garchomp|Toxic|p2a: chomplicated\n|-status|p2a: chomplicated|tox\n|\n|-damage|p2a: chomplicated|94\/100 tox|[from] psn\n|-damage|p1a: Garchomp|94\/100 tox|[from] psn\n|upkeep\n|turn|2\n|\n|t:|1666460018\n|switch|p2a: titanic|Avalugg, M|100\/100\n|switch|p1a: Corviknight|Corviknight, M|100\/100\n|-ability|p1a: Corviknight|Pressure\n|\n|upkeep\n|turn|3\n|j| Vickyris\n|\n|t:|1666460032\n|switch|p2a: my bad|Togekiss, F|100\/100\n|move|p1a: Corviknight|Body Press|p2a: my bad\n|-resisted|p2a: my bad\n|-damage|p2a: my bad|95\/100\n|\n|upkeep\n|turn|4\n|\n|t:|1666460038\n|switch|p1a: Garchomp|Garchomp, M|94\/100 tox\n|move|p2a: my bad|Air Slash|p1a: Garchomp\n|-damage|p1a: Garchomp|74\/100 tox\n|\n|-heal|p1a: Garchomp|80\/100 tox|[from] item: Leftovers\n|-damage|p1a: Garchomp|74\/100 tox|[from] psn\n|upkeep\n|turn|5\n|j| pocus pocus\n|j| v0iiD\n|\n|t:|1666460050\n|switch|p1a: Corviknight|Corviknight, M|100\/100\n|-ability|p1a: Corviknight|Pressure\n|move|p2a: my bad|Air Slash|p1a: Corviknight\n|-resisted|p1a: Corviknight\n|-damage|p1a: Corviknight|87\/100\n|\n|-heal|p1a: Corviknight|94\/100|[from] item: Leftovers\n|upkeep\n|turn|6\n|l| Vickyris\n|\n|t:|1666460056\n|move|p2a: my bad|Nasty Plot|p2a: my bad\n|-boost|p2a: my bad|spa|2\n|move|p1a: Corviknight|U-turn|p2a: my bad\n|-resisted|p2a: my bad\n|-crit|p2a: my bad\n|-damage|p2a: my bad|90\/100\n|\n|t:|1666460063\n|switch|p1a: Tapu Lele|Tapu Lele|100\/100|[from]move: U-turn\n|-fieldstart|move: Psychic Terrain|[from] ability: Psychic Surge|[of] p1a: Tapu Lele\n|\n|upkeep\n|turn|7\n|\n|t:|1666460067\n|move|p1a: Tapu Lele|Psyshock|p2a: my bad\n|-damage|p2a: my bad|5\/100\n|move|p2a: my bad|Air Slash|p1a: Tapu Lele\n|-damage|p1a: Tapu Lele|41\/100\n|\n|upkeep\n|turn|8\n|\n|t:|1666460077\n|switch|p2a: titanic|Avalugg, M|100\/100\n|move|p1a: Tapu Lele|Psyshock|p2a: titanic\n|-damage|p2a: titanic|64\/100\n|\n|-heal|p2a: titanic|71\/100|[from] item: Leftovers\n|upkeep\n|turn|9\n|\n|t:|1666460085\n|switch|p1a: Blacephalon|Blacephalon|100\/100\n|move|p2a: titanic|Recover|p2a: titanic\n|-heal|p2a: titanic|100\/100\n|\n|upkeep\n|turn|10\n|\n|t:|1666460092\n|switch|p2a: humpty dumpty|Blissey, F|100\/100\n|move|p1a: Blacephalon|Trick|p2a: humpty dumpty\n|-activate|p1a: Blacephalon|move: Trick|[of] p2a: humpty dumpty\n|-item|p2a: humpty dumpty|Choice Scarf|[from] move: Trick\n|-item|p1a: Blacephalon|Heavy-Duty Boots|[from] move: Trick\n|\n|-fieldend|move: Psychic Terrain\n|upkeep\n|turn|11\n|\n|t:|1666460102\n|switch|p1a: Tapu Lele|Tapu Lele|41\/100\n|-fieldstart|move: Psychic Terrain|[from] ability: Psychic Surge|[of] p1a: Tapu Lele\n|move|p2a: humpty dumpty|Thunderbolt|p1a: Tapu Lele\n|-damage|p1a: Tapu Lele|22\/100\n|\n|upkeep\n|turn|12\n|\n|t:|1666460114\n|switch|p1a: Garchomp|Garchomp, M|74\/100 tox\n|move|p2a: humpty dumpty|Thunderbolt|p1a: Garchomp\n|-immune|p1a: Garchomp\n|\n|-heal|p1a: Garchomp|80\/100 tox|[from] item: Leftovers\n|-damage|p1a: Garchomp|74\/100 tox|[from] psn\n|upkeep\n|turn|13\n|l| pocus pocus\n|\n|t:|1666460123\n|switch|p2a: my bad|Togekiss, F|5\/100\n|move|p1a: Garchomp|Stealth Rock|p2a: my bad\n|-sidestart|p2: sticky one still|move: Stealth Rock\n|\n|-heal|p1a: Garchomp|80\/100 tox|[from] item: Leftovers\n|-damage|p1a: Garchomp|68\/100 tox|[from] psn\n|upkeep\n|turn|14\n|\n|t:|1666460128\n|switch|p1a: Tapu Lele|Tapu Lele|22\/100\n|move|p2a: my bad|Roost|p2a: my bad\n|-heal|p2a: my bad|55\/100\n|-singleturn|p2a: my bad|move: Roost\n|\n|upkeep\n|turn|15\n|l| v0iiD\n|\n|t:|1666460139\n|switch|p2a: humpty dumpty|Blissey, F|100\/100\n|-damage|p2a: humpty dumpty|88\/100|[from] Stealth Rock\n|move|p1a: Tapu Lele|Psychic|p2a: humpty dumpty\n|-damage|p2a: humpty dumpty|53\/100\n|\n|-fieldend|move: Psychic Terrain\n|upkeep\n|turn|16\n|\n|t:|1666460148\n|switch|p1a: Blacephalon|Blacephalon|100\/100\n|move|p2a: humpty dumpty|Thunderbolt|p1a: Blacephalon\n|-damage|p1a: Blacephalon|75\/100\n|\n|upkeep\n|turn|17\n|\n|t:|1666460155\n|switch|p1a: Garchomp|Garchomp, M|68\/100 tox\n|move|p2a: humpty dumpty|Thunderbolt|p1a: Garchomp\n|-immune|p1a: Garchomp\n|\n|-heal|p1a: Garchomp|74\/100 tox|[from] item: Leftovers\n|-damage|p1a: Garchomp|68\/100 tox|[from] psn\n|upkeep\n|turn|18\n|\n|t:|1666460160\n|switch|p2a: my bad|Togekiss, F|55\/100\n|move|p1a: Garchomp|Toxic|p2a: my bad\n|-status|p2a: my bad|tox\n|\n|-heal|p1a: Garchomp|74\/100 tox|[from] item: Leftovers\n|-damage|p2a: my bad|49\/100 tox|[from] psn\n|-damage|p1a: Garchomp|62\/100 tox|[from] psn\n|upkeep\n|turn|19\n|\n|t:|1666460168\n|switch|p1a: Toxapex|Toxapex, M|100\/100\n|move|p2a: my bad|Roost|p2a: my bad\n|-heal|p2a: my bad|99\/100 tox\n|-singleturn|p2a: my bad|move: Roost\n|\n|-damage|p2a: my bad|87\/100 tox|[from] psn\n|upkeep\n|turn|20\n|\n|t:|1666460174\n|switch|p2a: humpty dumpty|Blissey, F|53\/100\n|-damage|p2a: humpty dumpty|40\/100|[from] Stealth Rock\n|move|p1a: Toxapex|Toxic Spikes|p2a: humpty dumpty\n|-sidestart|p2: sticky one still|move: Toxic Spikes\n|\n|upkeep\n|turn|21\n|\n|t:|1666460181\n|move|p2a: humpty dumpty|Soft-Boiled|p2a: humpty dumpty\n|-heal|p2a: humpty dumpty|90\/100\n|move|p1a: Toxapex|Toxic Spikes|p2a: humpty dumpty\n|-sidestart|p2: sticky one still|move: Toxic Spikes\n|\n|upkeep\n|turn|22\n|\n|t:|1666460199\n|switch|p2a: my bad|Togekiss, F|87\/100 tox\n|switch|p1a: Blacephalon|Blacephalon|75\/100\n|\n|-damage|p2a: my bad|80\/100 tox|[from] psn\n|upkeep\n|turn|23\n|\n|t:|1666460212\n|switch|p2a: humpty dumpty|Blissey, F|90\/100\n|-damage|p2a: humpty dumpty|78\/100|[from] Stealth Rock\n|-status|p2a: humpty dumpty|tox\n|move|p1a: Blacephalon|Flamethrower|p2a: humpty dumpty\n|-damage|p2a: humpty dumpty|57\/100 tox\n|\n|-damage|p2a: humpty dumpty|51\/100 tox|[from] psn\n|upkeep\n|turn|24\n|\n|t:|1666460219\n|switch|p1a: Toxapex|Toxapex, M|100\/100\n|move|p2a: humpty dumpty|Ice Beam|p1a: Toxapex\n|-resisted|p1a: Toxapex\n|-damage|p1a: Toxapex|94\/100\n|-status|p1a: Toxapex|frz\n|-enditem|p1a: Toxapex|Eject Button\n|\n|t:|1666460228\n|switch|p1a: Tapu Lele|Tapu Lele|22\/100\n|-fieldstart|move: Psychic Terrain|[from] ability: Psychic Surge|[of] p1a: Tapu Lele\n|\n|-damage|p2a: humpty dumpty|39\/100 tox|[from] psn\n|upkeep\n|turn|25\n|\n|t:|1666460236\n|move|p1a: Tapu Lele|Psyshock|p2a: humpty dumpty\n|-damage|p2a: humpty dumpty|0 fnt\n|faint|p2a: humpty dumpty\n|\n|upkeep\n|\n|t:|1666460241\n|switch|p2a: chomplicated|Garchomp, F|94\/100 tox\n|-damage|p2a: chomplicated|88\/100 tox|[from] Stealth Rock\n|turn|26\n|\n|t:|1666460252\n|move|p2a: chomplicated|Stealth Rock|p1a: Tapu Lele\n|-sidestart|p1: HQSNonsense|move: Stealth Rock\n|move|p1a: Tapu Lele|Psyshock|p2a: chomplicated\n|-damage|p2a: chomplicated|25\/100 tox\n|\n|-heal|p2a: chomplicated|31\/100 tox|[from] item: Leftovers\n|-damage|p2a: chomplicated|25\/100 tox|[from] psn\n|upkeep\n|turn|27\n|\n|t:|1666460259\n|switch|p1a: Corviknight|Corviknight, M|94\/100\n|-damage|p1a: Corviknight|81\/100|[from] Stealth Rock\n|-ability|p1a: Corviknight|Pressure\n|move|p2a: chomplicated|Earthquake|p1a: Corviknight\n|-immune|p1a: Corviknight\n|\n|-heal|p2a: chomplicated|31\/100 tox|[from] item: Leftovers\n|-heal|p1a: Corviknight|87\/100|[from] item: Leftovers\n|-damage|p2a: chomplicated|18\/100 tox|[from] psn\n|upkeep\n|turn|28\n|\n|t:|1666460268\n|switch|p2a: my bad|Togekiss, F|80\/100 tox\n|move|p1a: Corviknight|U-turn|p2a: my bad\n|-resisted|p2a: my bad\n|-damage|p2a: my bad|78\/100 tox\n|j| Pochebear101\n|\n|t:|1666460286\n|switch|p1a: Blacephalon|Blacephalon|75\/100|[from]move: U-turn\n|\n|-damage|p2a: my bad|71\/100 tox|[from] psn\n|-fieldend|move: Psychic Terrain\n|upkeep\n|turn|29\n|\n|t:|1666460293\n|switch|p2a: chomplicated|Garchomp, F|18\/100 tox\n|-damage|p2a: chomplicated|12\/100 tox|[from] Stealth Rock\n|move|p1a: Blacephalon|Flamethrower|p2a: chomplicated\n|-resisted|p2a: chomplicated\n|-damage|p2a: chomplicated|0 fnt\n|faint|p2a: chomplicated\n|-ability|p1a: Blacephalon|Beast Boost|boost\n|-boost|p1a: Blacephalon|spa|1\n|\n|upkeep\n|\n|t:|1666460299\n|switch|p2a: akame|Kartana|100\/100\n|-damage|p2a: akame|94\/100|[from] Stealth Rock\n|turn|30\n|\n|t:|1666460303\n|switch|p1a: Corviknight|Corviknight, M|87\/100\n|-damage|p1a: Corviknight|75\/100|[from] Stealth Rock\n|-ability|p1a: Corviknight|Pressure\n|move|p2a: akame|Knock Off|p1a: Corviknight\n|-damage|p1a: Corviknight|47\/100\n|-enditem|p1a: Corviknight|Leftovers|[from] move: Knock Off|[of] p2a: akame\n|\n|upkeep\n|turn|31\n|\n|t:|1666460310\n|switch|p2a: my bad|Togekiss, F|71\/100 tox\n|move|p1a: Corviknight|Roost|p1a: Corviknight\n|-heal|p1a: Corviknight|97\/100\n|-singleturn|p1a: Corviknight|move: Roost\n|\n|-damage|p2a: my bad|65\/100 tox|[from] psn\n|upkeep\n|turn|32\n|\n|t:|1666460316\n|move|p2a: my bad|Roost|p2a: my bad\n|-heal|p2a: my bad|100\/100 tox\n|-singleturn|p2a: my bad|move: Roost\n|move|p1a: Corviknight|U-turn|p2a: my bad\n|-resisted|p2a: my bad\n|-damage|p2a: my bad|94\/100 tox\n|\n|t:|1666460325\n|switch|p1a: Tapu Lele|Tapu Lele|22\/100|[from]move: U-turn\n|-damage|p1a: Tapu Lele|9\/100|[from] Stealth Rock\n|-fieldstart|move: Psychic Terrain|[from] ability: Psychic Surge|[of] p1a: Tapu Lele\n|\n|-damage|p2a: my bad|82\/100 tox|[from] psn\n|upkeep\n|turn|33\n|\n|t:|1666460333\n|move|p1a: Tapu Lele|Psychic|p2a: my bad\n|-crit|p2a: my bad\n|-damage|p2a: my bad|0 fnt\n|faint|p2a: my bad\n|\n|upkeep\n|\n|t:|1666460339\n|switch|p2a: akame|Kartana|94\/100\n|-damage|p2a: akame|88\/100|[from] Stealth Rock\n|turn|34\n|\n|t:|1666460346\n|switch|p1a: Corviknight|Corviknight, M|97\/100\n|-damage|p1a: Corviknight|85\/100|[from] Stealth Rock\n|-ability|p1a: Corviknight|Pressure\n|move|p2a: akame|Sacred Sword|p1a: Corviknight\n|-damage|p1a: Corviknight|60\/100\n|\n|upkeep\n|turn|35\n|\n|t:|1666460353\n|move|p2a: akame|Sacred Sword|p1a: Corviknight\n|-damage|p1a: Corviknight|34\/100\n|move|p1a: Corviknight|Roost|p1a: Corviknight\n|-heal|p1a: Corviknight|84\/100\n|-singleturn|p1a: Corviknight|move: Roost\n|\n|upkeep\n|turn|36\n|\n|t:|1666460359\n|switch|p2a: titanic|Avalugg, M|100\/100\n|-damage|p2a: titanic|76\/100|[from] Stealth Rock\n|-status|p2a: titanic|tox\n|move|p1a: Corviknight|Roost|p1a: Corviknight\n|-heal|p1a: Corviknight|100\/100\n|-singleturn|p1a: Corviknight|move: Roost\n|\n|-heal|p2a: titanic|82\/100 tox|[from] item: Leftovers\n|-damage|p2a: titanic|76\/100 tox|[from] psn\n|-fieldend|move: Psychic Terrain\n|upkeep\n|turn|37\n|\n|t:|1666460363\n|move|p1a: Corviknight|Body Press|p2a: titanic\n|-supereffective|p2a: titanic\n|-damage|p2a: titanic|56\/100 tox\n|move|p2a: titanic|Iron Defense|p2a: titanic\n|-boost|p2a: titanic|def|2\n|\n|-heal|p2a: titanic|62\/100 tox|[from] item: Leftovers\n|-damage|p2a: titanic|50\/100 tox|[from] psn\n|upkeep\n|turn|38\n|\n|t:|1666460370\n|move|p1a: Corviknight|Defog|p2a: titanic\n|-unboost|p2a: titanic|evasion|1\n|-sideend|p2: sticky one still|Toxic Spikes|[from] move: Defog|[of] p1a: Corviknight\n|-sideend|p2: sticky one still|Stealth Rock|[from] move: Defog|[of] p1a: Corviknight\n|-sideend|p1: HQSNonsense|Stealth Rock|[from] move: Defog|[of] p1a: Corviknight\n|move|p2a: titanic|Body Press|p1a: Corviknight\n|-damage|p1a: Corviknight|52\/100\n|\n|-heal|p2a: titanic|56\/100 tox|[from] item: Leftovers\n|-damage|p2a: titanic|38\/100 tox|[from] psn\n|upkeep\n|turn|39\n|\n|t:|1666460389\n|move|p1a: Corviknight|U-turn|p2a: titanic\n|-damage|p2a: titanic|35\/100 tox\n|\n|t:|1666460392\n|switch|p1a: Toxapex|Toxapex, M|100\/100 frz|[from]move: U-turn\n|move|p2a: titanic|Body Press|p1a: Toxapex\n|-resisted|p1a: Toxapex\n|-damage|p1a: Toxapex|76\/100 frz\n|\n|-heal|p2a: titanic|41\/100 tox|[from] item: Leftovers\n|-damage|p2a: titanic|17\/100 tox|[from] psn\n|upkeep\n|turn|40\n|\n|t:|1666460404\n|cant|p1a: Toxapex|frz\n|move|p2a: titanic|Body Press|p1a: Toxapex\n|-resisted|p1a: Toxapex\n|-damage|p1a: Toxapex|51\/100 frz\n|\n|-heal|p2a: titanic|23\/100 tox|[from] item: Leftovers\n|-damage|p2a: titanic|0 fnt|[from] psn\n|faint|p2a: titanic\n|upkeep\n|\n|t:|1666460408\n|switch|p2a: caesar|Rillaboom, M|100\/100\n|-fieldstart|move: Grassy Terrain|[from] ability: Grassy Surge|[of] p2a: caesar\n|-enditem|p2a: caesar|Grassy Seed\n|-boost|p2a: caesar|def|1|[from] item: Grassy Seed\n|turn|41\n|\n|t:|1666460417\n|switch|p1a: Tapu Lele|Tapu Lele|9\/100\n|-fieldstart|move: Psychic Terrain|[from] ability: Psychic Surge|[of] p1a: Tapu Lele\n|move|p2a: caesar|Swords Dance|p2a: caesar\n|-boost|p2a: caesar|atk|2\n|\n|upkeep\n|turn|42\n|\n|t:|1666460442\n|move|p1a: Tapu Lele|Psychic|p2a: caesar\n|-damage|p2a: caesar|0 fnt\n|faint|p2a: caesar\n|\n|upkeep\n|\n|t:|1666460446\n|switch|p2a: akame|Kartana|88\/100\n|turn|43\n|\n|t:|1666460450\n|switch|p1a: Toxapex|Toxapex, M|85\/100 frz\n|move|p2a: akame|Knock Off|p1a: Toxapex\n|-damage|p1a: Toxapex|68\/100 frz\n|\n|upkeep\n|turn|44\n|\n|t:|1666460457\n|switch|p1a: Corviknight|Corviknight, M|52\/100\n|-ability|p1a: Corviknight|Pressure\n|move|p2a: akame|Knock Off|p1a: Corviknight\n|-damage|p1a: Corviknight|34\/100\n|\n|upkeep\n|turn|45\n|-message|sticky one still forfeited.\n|\n|win|HQSNonsense\n|raw|HQSNonsense's rating: 1686 &rarr; <strong>1704<\/strong><br \/>(+18 for winning)\n|raw|sticky one still's rating: 1659 &rarr; <strong>1641<\/strong><br \/>(-18 for losing)\n|l|\u2606sticky one still\n","uploadtime":1666460471,"views":7,"p1id":"hqsnonsense","p2id":"stickyonestill","formatid":"gen8ou","rating":1641,"private":0,"password":null}