{"id":"gen8ou-1101705561","p1":"TriplyTrebly","p2":"BigL91","format":"gen8ou","log":"|j|\u2606TriplyTrebly\n|j|\u2606BigL91\n|player|p1|TriplyTrebly|caitlin|1449\n|player|p2|BigL91|135|1490\n|teamsize|p1|6\n|teamsize|p2|6\n|gametype|singles\n|gen|8\n|tier|[Gen 8] OU\n|rated|\n|clearpoke\n|poke|p1|Obstagoon, M|\n|poke|p1|Kommo-o, M|\n|poke|p1|Toxtricity, M|\n|poke|p1|Corviknight, M|\n|poke|p1|Dracovish|\n|poke|p1|Mimikyu, M|\n|poke|p2|Seismitoad, F|\n|poke|p2|Clefable, F|\n|poke|p2|Corviknight, F|\n|poke|p2|Conkeldurr, F|\n|poke|p2|Kyurem|\n|poke|p2|Zeraora|\n|rule|Sleep Clause Mod: Limit one foe put to sleep\n|rule|Species Clause: Limit one of each Pok\u00e9mon\n|rule|OHKO Clause: OHKO moves are banned\n|rule|Evasion Moves Clause: Evasion moves are banned\n|rule|Endless Battle Clause: Forcing endless battles is banned\n|rule|HP Percentage Mod: HP is shown in percentages\n|rule|Dynamax Clause: You cannot dynamax\n|teampreview\n|\n|start\n|switch|p1a: Dracovish|Dracovish, shiny|100\/100\n|switch|p2a: Kyurem|Kyurem|100\/100\n|-ability|p2a: Kyurem|Pressure\n|turn|1\n|\n|switch|p1a: Corviknight|Corviknight, M, shiny|100\/100\n|-ability|p1a: Corviknight|Pressure\n|move|p2a: Kyurem|Freeze-Dry|p1a: Corviknight\n|-damage|p1a: Corviknight|63\/100\n|\n|-heal|p1a: Corviknight|69\/100|[from] item: Leftovers\n|upkeep\n|turn|2\n|inactive|Battle timer is ON: inactive players will automatically lose when time's up. (requested by TriplyTrebly)\n|\n|switch|p2a: Clefable|Clefable, F|100\/100\n|move|p1a: Corviknight|U-turn|p2a: Clefable\n|-resisted|p2a: Clefable\n|-damage|p2a: Clefable|93\/100\n|\n|switch|p1a: Toxtricity|Toxtricity, M|100\/100|[from]move: U-turn\n|\n|-heal|p2a: Clefable|99\/100|[from] item: Leftovers\n|upkeep\n|turn|3\n|\n|move|p2a: Clefable|Protect|p2a: Clefable\n|-singleturn|p2a: Clefable|Protect\n|move|p1a: Toxtricity|Boomburst|p2a: Clefable\n|-activate|p2a: Clefable|move: Protect\n|\n|-heal|p2a: Clefable|100\/100|[from] item: Leftovers\n|upkeep\n|turn|4\n|\n|switch|p2a: Corviknight|Corviknight, F|100\/100\n|-ability|p2a: Corviknight|Pressure\n|move|p1a: Toxtricity|Boomburst|p2a: Corviknight\n|-resisted|p2a: Corviknight\n|-damage|p2a: Corviknight|69\/100\n|\n|-heal|p2a: Corviknight|75\/100|[from] item: Leftovers\n|upkeep\n|turn|5\n|\n|move|p1a: Toxtricity|Boomburst|p2a: Corviknight\n|-resisted|p2a: Corviknight\n|-damage|p2a: Corviknight|44\/100\n|move|p2a: Corviknight|Roost|p2a: Corviknight\n|-heal|p2a: Corviknight|94\/100\n|-singleturn|p2a: Corviknight|move: Roost\n|\n|-heal|p2a: Corviknight|100\/100|[from] item: Leftovers\n|upkeep\n|turn|6\n|\n|move|p1a: Toxtricity|Boomburst|p2a: Corviknight\n|-resisted|p2a: Corviknight\n|-damage|p2a: Corviknight|66\/100\n|move|p2a: Corviknight|Iron Head|p1a: Toxtricity\n|-resisted|p1a: Toxtricity\n|-damage|p1a: Toxtricity|82\/100\n|\n|-heal|p2a: Corviknight|72\/100|[from] item: Leftovers\n|upkeep\n|turn|7\n|\n|move|p1a: Toxtricity|Boomburst|p2a: Corviknight\n|-resisted|p2a: Corviknight\n|-damage|p2a: Corviknight|39\/100\n|move|p2a: Corviknight|Roost|p2a: Corviknight\n|-heal|p2a: Corviknight|89\/100\n|-singleturn|p2a: Corviknight|move: Roost\n|\n|-heal|p2a: Corviknight|95\/100|[from] item: Leftovers\n|upkeep\n|turn|8\n|\n|switch|p1a: Corviknight|Corviknight, M, shiny|69\/100\n|-ability|p1a: Corviknight|Pressure\n|move|p2a: Corviknight|Iron Head|p1a: Corviknight\n|-resisted|p1a: Corviknight\n|-damage|p1a: Corviknight|59\/100\n|\n|-heal|p2a: Corviknight|100\/100|[from] item: Leftovers\n|-heal|p1a: Corviknight|65\/100|[from] item: Leftovers\n|upkeep\n|turn|9\n|\n|switch|p2a: Clefable|Clefable, F|100\/100\n|move|p1a: Corviknight|U-turn|p2a: Clefable\n|-resisted|p2a: Clefable\n|-damage|p2a: Clefable|92\/100\n|\n|switch|p1a: Toxtricity|Toxtricity, M|82\/100|[from]move: U-turn\n|\n|-heal|p2a: Clefable|98\/100|[from] item: Leftovers\n|upkeep\n|turn|10\n|\n|switch|p1a: Corviknight|Corviknight, M, shiny|65\/100\n|-ability|p1a: Corviknight|Pressure\n|move|p2a: Clefable|Protect||[still]\n|-fail|p2a: Clefable\n|\n|-heal|p1a: Corviknight|71\/100|[from] item: Leftovers\n|-heal|p2a: Clefable|100\/100|[from] item: Leftovers\n|upkeep\n|turn|11\n|\n|move|p1a: Corviknight|U-turn|p2a: Clefable\n|-resisted|p2a: Clefable\n|-crit|p2a: Clefable\n|-damage|p2a: Clefable|88\/100\n|\n|switch|p1a: Mimikyu|Mimikyu, M, shiny|100\/100|[from]move: U-turn\n|move|p2a: Clefable|Teleport|p2a: Clefable\n|\n|switch|p2a: Seismitoad|Seismitoad, F|100\/100|[from]move: Teleport\n|\n|upkeep\n|turn|12\n|\n|switch|p1a: Corviknight|Corviknight, M, shiny|71\/100\n|-ability|p1a: Corviknight|Pressure\n|move|p2a: Seismitoad|Scald|p1a: Corviknight\n|-damage|p1a: Corviknight|54\/100\n|-status|p1a: Corviknight|brn\n|\n|-heal|p1a: Corviknight|60\/100 brn|[from] item: Leftovers\n|-damage|p1a: Corviknight|54\/100 brn|[from] brn\n|upkeep\n|turn|13\n|\n|move|p2a: Seismitoad|Stealth Rock|p1a: Corviknight\n|-sidestart|p1: TriplyTrebly|move: Stealth Rock\n|move|p1a: Corviknight|Roost|p1a: Corviknight\n|-heal|p1a: Corviknight|100\/100 brn\n|-singleturn|p1a: Corviknight|move: Roost\n|\n|-damage|p1a: Corviknight|94\/100 brn|[from] brn\n|upkeep\n|turn|14\n|\n|move|p2a: Seismitoad|Scald|p1a: Corviknight\n|-damage|p1a: Corviknight|78\/100 brn\n|move|p1a: Corviknight|Defog|p2a: Seismitoad\n|-unboost|p2a: Seismitoad|evasion|1\n|-sideend|p1: TriplyTrebly|Stealth Rock|[from] move: Defog|[of] p1a: Corviknight\n|\n|-heal|p1a: Corviknight|84\/100 brn|[from] item: Leftovers\n|-damage|p1a: Corviknight|78\/100 brn|[from] brn\n|upkeep\n|turn|15\n|\n|switch|p1a: Toxtricity|Toxtricity, M|82\/100\n|move|p2a: Seismitoad|Stealth Rock|p1a: Toxtricity\n|-sidestart|p1: TriplyTrebly|move: Stealth Rock\n|\n|upkeep\n|turn|16\n|\n|move|p1a: Toxtricity|Boomburst|p2a: Seismitoad\n|-damage|p2a: Seismitoad|0 fnt\n|faint|p2a: Seismitoad\n|\n|upkeep\n|\n|switch|p2a: Zeraora|Zeraora|100\/100\n|turn|17\n|\n|switch|p1a: Kommo-o|Kommo-o, M|100\/100\n|-damage|p1a: Kommo-o|94\/100|[from] Stealth Rock\n|move|p2a: Zeraora|Plasma Fists|p1a: Kommo-o\n|-resisted|p1a: Kommo-o\n|-damage|p1a: Kommo-o|81\/100\n|-fieldactivate|move: Ion Deluge\n|\n|-heal|p1a: Kommo-o|87\/100|[from] item: Leftovers\n|upkeep\n|turn|18\n|\n|move|p2a: Zeraora|Play Rough|p1a: Kommo-o\n|-supereffective|p1a: Kommo-o\n|-damage|p1a: Kommo-o|25\/100\n|move|p1a: Kommo-o|Stealth Rock|p2a: Zeraora\n|-sidestart|p2: BigL91|move: Stealth Rock\n|\n|-heal|p1a: Kommo-o|31\/100|[from] item: Leftovers\n|upkeep\n|turn|19\n|\n|move|p2a: Zeraora|Bulk Up|p2a: Zeraora\n|-boost|p2a: Zeraora|atk|1\n|-boost|p2a: Zeraora|def|1\n|move|p1a: Kommo-o|Body Press|p2a: Zeraora\n|-damage|p2a: Zeraora|58\/100\n|\n|-heal|p2a: Zeraora|64\/100|[from] item: Leftovers\n|-heal|p1a: Kommo-o|37\/100|[from] item: Leftovers\n|upkeep\n|turn|20\n|\n|move|p2a: Zeraora|Play Rough|p1a: Kommo-o\n|-supereffective|p1a: Kommo-o\n|-damage|p1a: Kommo-o|0 fnt\n|faint|p1a: Kommo-o\n|\n|-heal|p2a: Zeraora|70\/100|[from] item: Leftovers\n|upkeep\n|\n|switch|p1a: Toxtricity|Toxtricity, M|82\/100\n|-damage|p1a: Toxtricity|70\/100|[from] Stealth Rock\n|turn|21\n|\n|move|p2a: Zeraora|Plasma Fists|p1a: Toxtricity\n|-resisted|p1a: Toxtricity\n|-damage|p1a: Toxtricity|22\/100\n|-fieldactivate|move: Ion Deluge\n|move|p1a: Toxtricity|Sludge Wave|p2a: Zeraora\n|-crit|p2a: Zeraora\n|-damage|p2a: Zeraora|0 fnt\n|faint|p2a: Zeraora\n|\n|upkeep\n|\n|switch|p2a: Conkeldurr|Conkeldurr, F|100\/100\n|-damage|p2a: Conkeldurr|95\/100|[from] Stealth Rock\n|turn|22\n|\n|move|p2a: Conkeldurr|Mach Punch|p1a: Toxtricity\n|-resisted|p1a: Toxtricity\n|-damage|p1a: Toxtricity|6\/100\n|move|p1a: Toxtricity|Sludge Wave|p2a: Conkeldurr\n|-damage|p2a: Conkeldurr|0 fnt\n|faint|p2a: Conkeldurr\n|\n|upkeep\n|\n|switch|p2a: Corviknight|Corviknight, F|100\/100\n|-damage|p2a: Corviknight|88\/100|[from] Stealth Rock\n|-ability|p2a: Corviknight|Pressure\n|turn|23\n|\n|switch|p1a: Corviknight|Corviknight, M, shiny|78\/100 brn\n|-damage|p1a: Corviknight|66\/100 brn|[from] Stealth Rock\n|-ability|p1a: Corviknight|Pressure\n|move|p2a: Corviknight|Defog|p1a: Corviknight\n|-unboost|p1a: Corviknight|evasion|1\n|-sideend|p1: TriplyTrebly|Stealth Rock|[from] move: Defog|[of] p2a: Corviknight\n|-sideend|p2: BigL91|Stealth Rock|[from] move: Defog|[of] p2a: Corviknight\n|\n|-heal|p2a: Corviknight|94\/100|[from] item: Leftovers\n|-heal|p1a: Corviknight|72\/100 brn|[from] item: Leftovers\n|-damage|p1a: Corviknight|66\/100 brn|[from] brn\n|upkeep\n|turn|24\n|\n|move|p2a: Corviknight|Taunt|p1a: Corviknight\n|-start|p1a: Corviknight|move: Taunt\n|cant|p1a: Corviknight|move: Taunt|Roost\n|\n|-heal|p2a: Corviknight|100\/100|[from] item: Leftovers\n|-heal|p1a: Corviknight|72\/100 brn|[from] item: Leftovers\n|-damage|p1a: Corviknight|66\/100 brn|[from] brn\n|upkeep\n|turn|25\n|\n|switch|p2a: Clefable|Clefable, F|88\/100\n|move|p1a: Corviknight|U-turn|p2a: Clefable\n|-resisted|p2a: Clefable\n|-damage|p2a: Clefable|84\/100\n|\n|switch|p1a: Dracovish|Dracovish, shiny|100\/100|[from]move: U-turn\n|\n|-heal|p2a: Clefable|90\/100|[from] item: Leftovers\n|upkeep\n|turn|26\n|\n|move|p2a: Clefable|Protect|p2a: Clefable\n|-singleturn|p2a: Clefable|Protect\n|move|p1a: Dracovish|Fishious Rend|p2a: Clefable\n|-activate|p2a: Clefable|move: Protect\n|\n|-heal|p2a: Clefable|96\/100|[from] item: Leftovers\n|upkeep\n|turn|27\n|\n|switch|p2a: Corviknight|Corviknight, F|100\/100\n|-ability|p2a: Corviknight|Pressure\n|move|p1a: Dracovish|Fishious Rend|p2a: Corviknight\n|-damage|p2a: Corviknight|21\/100\n|\n|-heal|p2a: Corviknight|28\/100|[from] item: Leftovers\n|upkeep\n|turn|28\n|\n|move|p1a: Dracovish|Fishious Rend|p2a: Corviknight\n|-damage|p2a: Corviknight|0 fnt\n|faint|p2a: Corviknight\n|\n|upkeep\n|\n|switch|p2a: Kyurem|Kyurem|100\/100\n|-ability|p2a: Kyurem|Pressure\n|turn|29\n|\n|switch|p1a: Obstagoon|Obstagoon, M, shiny|100\/100\n|move|p2a: Kyurem|Freeze-Dry|p1a: Obstagoon\n|-damage|p1a: Obstagoon|36\/100\n|\n|-status|p1a: Obstagoon|brn|[from] item: Flame Orb\n|upkeep\n|turn|30\n|\n|move|p2a: Kyurem|Freeze-Dry|p1a: Obstagoon\n|-damage|p1a: Obstagoon|0 fnt\n|faint|p1a: Obstagoon\n|\n|upkeep\n|\n|switch|p1a: Mimikyu|Mimikyu, M, shiny|100\/100\n|turn|31\n|\n|move|p1a: Mimikyu|Play Rough|p2a: Kyurem\n|-supereffective|p2a: Kyurem\n|-damage|p2a: Kyurem|15\/100\n|-unboost|p2a: Kyurem|atk|1\n|-damage|p1a: Mimikyu|91\/100|[from] item: Life Orb\n|move|p2a: Kyurem|Freeze-Dry|p1a: Mimikyu\n|-activate|p1a: Mimikyu|ability: Disguise\n|-damage|p1a: Mimikyu|91\/100\n|detailschange|p1a: Mimikyu|Mimikyu-Busted, M, shiny\n|-damage|p1a: Mimikyu|78\/100|[from] pokemon: Mimikyu-Busted\n|\n|upkeep\n|turn|32\n|\n|switch|p2a: Clefable|Clefable, F|96\/100\n|move|p1a: Mimikyu|Shadow Claw|p2a: Clefable\n|-damage|p2a: Clefable|57\/100\n|-damage|p1a: Mimikyu|68\/100|[from] item: Life Orb\n|\n|-heal|p2a: Clefable|63\/100|[from] item: Leftovers\n|upkeep\n|turn|33\n|\n|switch|p1a: Corviknight|Corviknight, M, shiny|66\/100 brn\n|-ability|p1a: Corviknight|Pressure\n|move|p2a: Clefable|Moonblast|p1a: Corviknight\n|-resisted|p1a: Corviknight\n|-damage|p1a: Corviknight|54\/100 brn\n|\n|-heal|p1a: Corviknight|61\/100 brn|[from] item: Leftovers\n|-heal|p2a: Clefable|69\/100|[from] item: Leftovers\n|-damage|p1a: Corviknight|54\/100 brn|[from] brn\n|upkeep\n|turn|34\n|\n|move|p1a: Corviknight|U-turn|p2a: Clefable\n|-resisted|p2a: Clefable\n|-damage|p2a: Clefable|65\/100\n|\n|switch|p1a: Toxtricity|Toxtricity, M|6\/100|[from]move: U-turn\n|move|p2a: Clefable|Wish|p2a: Clefable\n|\n|-heal|p2a: Clefable|71\/100|[from] item: Leftovers\n|upkeep\n|turn|35\n|\n|move|p2a: Clefable|Protect|p2a: Clefable\n|-singleturn|p2a: Clefable|Protect\n|move|p1a: Toxtricity|Sludge Wave|p2a: Clefable\n|-activate|p2a: Clefable|move: Protect\n|\n|-heal|p2a: Clefable|100\/100|[from] move: Wish|[wisher] Clefable\n|upkeep\n|turn|36\n|\n|move|p1a: Toxtricity|Sludge Wave|p2a: Clefable\n|-supereffective|p2a: Clefable\n|-damage|p2a: Clefable|3\/100\n|move|p2a: Clefable|Moonblast|p1a: Toxtricity\n|-resisted|p1a: Toxtricity\n|-damage|p1a: Toxtricity|0 fnt\n|faint|p1a: Toxtricity\n|\n|-heal|p2a: Clefable|9\/100|[from] item: Leftovers\n|upkeep\n|\n|switch|p1a: Dracovish|Dracovish, shiny|100\/100\n|turn|37\n|\n|move|p1a: Dracovish|Fishious Rend|p2a: Clefable\n|-damage|p2a: Clefable|0 fnt\n|faint|p2a: Clefable\n|\n|upkeep\n|\n|switch|p2a: Kyurem|Kyurem|15\/100\n|-ability|p2a: Kyurem|Pressure\n|turn|38\n|\n|move|p1a: Dracovish|Fishious Rend|p2a: Kyurem\n|-resisted|p2a: Kyurem\n|-damage|p2a: Kyurem|0 fnt\n|faint|p2a: Kyurem\n|\n|win|TriplyTrebly\n|raw|TriplyTrebly's rating: 1450 &rarr; <strong>1471<\/strong><br \/>(+21 for winning)\n|raw|BigL91's rating: 1473 &rarr; <strong>1452<\/strong><br \/>(-21 for losing)\n|l|\u2606BigL91\n","uploadtime":1587611075,"views":3,"p1id":"triplytrebly","p2id":"bigl91","formatid":"gen8ou","rating":1452,"private":0,"password":null}