{"id":"gen8ou-1667352669","p1":"user1_ou","p2":"SpoonTheHarpoon","format":"gen8ou","log":"|j|\u2606user1_ou\n|j|\u2606SpoonTheHarpoon\n|t:|1663515031\n|gametype|singles\n|player|p1|user1_ou|eusine|1704\n|player|p2|SpoonTheHarpoon|bugcatcher-gen4dp|1644\n|teamsize|p1|6\n|teamsize|p2|6\n|gen|8\n|tier|[Gen 8] OU\n|rated|\n|rule|Sleep Clause Mod: Limit one foe put to sleep\n|rule|Species Clause: Limit one of each Pok\u00e9mon\n|rule|OHKO Clause: OHKO moves are banned\n|rule|Evasion Items Clause: Evasion items are banned\n|rule|Evasion Moves Clause: Evasion moves are banned\n|rule|Endless Battle Clause: Forcing endless battles is banned\n|rule|HP Percentage Mod: HP is shown in percentages\n|rule|Dynamax Clause: You cannot dynamax\n|clearpoke\n|poke|p1|Gengar, F|\n|poke|p1|Blacephalon|\n|poke|p1|Dragapult, M|\n|poke|p1|Rotom-Wash|\n|poke|p1|Mandibuzz, F|\n|poke|p1|Ferrothorn, M|\n|poke|p2|Ninetales-Alola, M|\n|poke|p2|Heatran, F|\n|poke|p2|Dragapult, M|\n|poke|p2|Scizor, M|\n|poke|p2|Garchomp, M|\n|poke|p2|Cloyster, M|\n|teampreview\n|\n|t:|1663515046\n|start\n|switch|p1a: Gengar|Gengar, F|100\/100\n|switch|p2a: Heatran|Heatran, F|100\/100\n|-item|p2a: Heatran|Air Balloon\n|turn|1\n|\n|t:|1663515053\n|move|p1a: Gengar|Shadow Ball|p2a: Heatran\n|-damage|p2a: Heatran|38\/100\n|-enditem|p2a: Heatran|Air Balloon\n|move|p2a: Heatran|Earth Power|p1a: Gengar\n|-supereffective|p1a: Gengar\n|-damage|p1a: Gengar|0 fnt\n|faint|p1a: Gengar\n|\n|upkeep\n|\n|t:|1663515055\n|switch|p1a: Blacephalon|Blacephalon|100\/100\n|turn|2\n|\n|t:|1663515057\n|move|p1a: Blacephalon|Shadow Ball|p2a: Heatran\n|-damage|p2a: Heatran|0 fnt\n|faint|p2a: Heatran\n|-ability|p1a: Blacephalon|Beast Boost|boost\n|-boost|p1a: Blacephalon|spa|1\n|\n|upkeep\n|\n|t:|1663515061\n|switch|p2a: Scizor|Scizor, M|100\/100\n|turn|3\n|\n|t:|1663515062\n|move|p1a: Blacephalon|Shadow Ball|p2a: Scizor\n|-damage|p2a: Scizor|6\/100\n|move|p2a: Scizor|Knock Off|p1a: Blacephalon\n|-supereffective|p1a: Blacephalon\n|-damage|p1a: Blacephalon|0 fnt\n|-enditem|p1a: Blacephalon|Choice Scarf|[from] move: Knock Off|[of] p2a: Scizor\n|faint|p1a: Blacephalon\n|\n|-heal|p2a: Scizor|12\/100|[from] item: Leftovers\n|upkeep\n|\n|t:|1663515096\n|switch|p1a: Rotom|Rotom-Wash|100\/100\n|turn|4\n|\n|t:|1663515105\n|move|p1a: Rotom|Volt Switch|p2a: Scizor\n|-damage|p2a: Scizor|0 fnt\n|faint|p2a: Scizor\n|\n|t:|1663515110\n|switch|p1a: Dragapult|Dragapult, M|100\/100|[from]move: Volt Switch\n|\n|upkeep\n|\n|t:|1663515112\n|switch|p2a: Ninetales|Ninetales-Alola, M|100\/100\n|-weather|Hail|[from] ability: Snow Warning|[of] p2a: Ninetales\n|turn|5\n|\n|t:|1663515125\n|move|p1a: Dragapult|U-turn|p2a: Ninetales\n|-resisted|p2a: Ninetales\n|-damage|p2a: Ninetales|78\/100\n|\n|t:|1663515127\n|switch|p1a: Ferrothorn|Ferrothorn, M|100\/100|[from]move: U-turn\n|move|p2a: Ninetales|Aurora Veil|p2a: Ninetales\n|-sidestart|p2: SpoonTheHarpoon|move: Aurora Veil\n|\n|-weather|Hail|[upkeep]\n|-damage|p1a: Ferrothorn|94\/100|[from] Hail\n|-heal|p1a: Ferrothorn|100\/100|[from] item: Leftovers\n|upkeep\n|turn|6\n|\n|t:|1663515130\n|move|p2a: Ninetales|Hypnosis|p1a: Ferrothorn\n|-status|p1a: Ferrothorn|slp|[from] move: Hypnosis\n|cant|p1a: Ferrothorn|slp\n|\n|-weather|Hail|[upkeep]\n|-damage|p1a: Ferrothorn|94\/100 slp|[from] Hail\n|-heal|p1a: Ferrothorn|100\/100 slp|[from] item: Leftovers\n|upkeep\n|turn|7\n|\n|t:|1663515141\n|switch|p2a: Dragapult|Dragapult, M|100\/100\n|switch|p1a: Rotom|Rotom-Wash|100\/100\n|\n|-weather|Hail|[upkeep]\n|-damage|p2a: Dragapult|95\/100|[from] Hail\n|-damage|p1a: Rotom|94\/100|[from] Hail\n|-heal|p1a: Rotom|100\/100|[from] item: Leftovers\n|upkeep\n|turn|8\n|\n|t:|1663515151\n|move|p2a: Dragapult|Dragon Dance|p2a: Dragapult\n|-boost|p2a: Dragapult|atk|1\n|-boost|p2a: Dragapult|spe|1\n|move|p1a: Rotom|Toxic|p2a: Dragapult\n|-status|p2a: Dragapult|tox\n|\n|-weather|Hail|[upkeep]\n|-damage|p2a: Dragapult|89\/100 tox|[from] Hail\n|-damage|p1a: Rotom|94\/100|[from] Hail\n|-heal|p1a: Rotom|100\/100|[from] item: Leftovers\n|-damage|p2a: Dragapult|83\/100 tox|[from] psn\n|upkeep\n|turn|9\n|\n|t:|1663515165\n|switch|p1a: Ferrothorn|Ferrothorn, M|100\/100 slp\n|move|p2a: Dragapult|Dragon Darts|p1a: Ferrothorn\n|-resisted|p1a: Ferrothorn\n|-damage|p1a: Ferrothorn|88\/100 slp\n|-anim|p2a: Dragapult|Dragon Darts|p1a: Ferrothorn\n|-resisted|p1a: Ferrothorn\n|-damage|p1a: Ferrothorn|77\/100 slp\n|\n|-weather|none\n|-heal|p1a: Ferrothorn|83\/100 slp|[from] item: Leftovers\n|-damage|p2a: Dragapult|71\/100 tox|[from] psn\n|upkeep\n|turn|10\n|\n|t:|1663515183\n|move|p2a: Dragapult|Flamethrower|p1a: Ferrothorn\n|-supereffective|p1a: Ferrothorn\n|-damage|p1a: Ferrothorn|19\/100 slp\n|-curestatus|p1a: Ferrothorn|slp|[msg]\n|move|p1a: Ferrothorn|Stealth Rock|p2a: Dragapult\n|-sidestart|p2: SpoonTheHarpoon|move: Stealth Rock\n|\n|-heal|p1a: Ferrothorn|25\/100|[from] item: Leftovers\n|-damage|p2a: Dragapult|53\/100 tox|[from] psn\n|upkeep\n|turn|11\n|\n|t:|1663515188\n|move|p2a: Dragapult|Dragon Darts|p1a: Ferrothorn\n|-resisted|p1a: Ferrothorn\n|-damage|p1a: Ferrothorn|13\/100\n|-anim|p2a: Dragapult|Dragon Darts|p1a: Ferrothorn\n|-resisted|p1a: Ferrothorn\n|-damage|p1a: Ferrothorn|2\/100\n|move|p1a: Ferrothorn|Spikes|p2a: Dragapult\n|-sidestart|p2: SpoonTheHarpoon|Spikes\n|\n|-heal|p1a: Ferrothorn|8\/100|[from] item: Leftovers\n|-damage|p2a: Dragapult|29\/100 tox|[from] psn\n|upkeep\n|turn|12\n|\n|t:|1663515190\n|move|p2a: Dragapult|Dragon Darts|p1a: Ferrothorn\n|-resisted|p1a: Ferrothorn\n|-damage|p1a: Ferrothorn|0 fnt\n|faint|p1a: Ferrothorn\n|\n|-damage|p2a: Dragapult|0 fnt|[from] psn\n|faint|p2a: Dragapult\n|-sideend|p2: SpoonTheHarpoon|move: Aurora Veil\n|upkeep\n|\n|t:|1663515208\n|switch|p2a: Ninetales|Ninetales-Alola, M|78\/100\n|switch|p1a: Rotom|Rotom-Wash|100\/100\n|-damage|p2a: Ninetales|53\/100|[from] Stealth Rock\n|-damage|p2a: Ninetales|41\/100|[from] Spikes\n|-weather|Hail|[from] ability: Snow Warning|[of] p2a: Ninetales\n|turn|13\n|c|\u2606SpoonTheHarpoon|Didn't think you'd stay in on that\n|\n|t:|1663515227\n|move|p2a: Ninetales|Aurora Veil|p2a: Ninetales\n|-sidestart|p2: SpoonTheHarpoon|move: Aurora Veil\n|move|p1a: Rotom|Toxic|p2a: Ninetales\n|-status|p2a: Ninetales|tox\n|\n|-weather|Hail|[upkeep]\n|-damage|p1a: Rotom|94\/100|[from] Hail\n|-heal|p1a: Rotom|100\/100|[from] item: Leftovers\n|-damage|p2a: Ninetales|35\/100 tox|[from] psn\n|upkeep\n|turn|14\n|\n|t:|1663515234\n|switch|p1a: Mandibuzz|Mandibuzz, F|100\/100\n|move|p2a: Ninetales|Freeze-Dry|p1a: Mandibuzz\n|-supereffective|p1a: Mandibuzz\n|-damage|p1a: Mandibuzz|72\/100\n|-status|p1a: Mandibuzz|frz\n|\n|-weather|Hail|[upkeep]\n|-damage|p2a: Ninetales|23\/100 tox|[from] psn\n|upkeep\n|turn|15\n|\n|t:|1663515246\n|switch|p2a: Cloyster|Cloyster, M|100\/100\n|switch|p1a: Rotom|Rotom-Wash|100\/100\n|\n|-weather|Hail|[upkeep]\n|-damage|p1a: Rotom|94\/100|[from] Hail\n|-heal|p1a: Rotom|100\/100|[from] item: Leftovers\n|upkeep\n|turn|16\n|\n|t:|1663515249\n|move|p2a: Cloyster|Shell Smash|p2a: Cloyster\n|-unboost|p2a: Cloyster|def|1\n|-unboost|p2a: Cloyster|spd|1\n|-boost|p2a: Cloyster|atk|2\n|-boost|p2a: Cloyster|spa|2\n|-boost|p2a: Cloyster|spe|2\n|move|p1a: Rotom|Toxic|p2a: Cloyster\n|-status|p2a: Cloyster|tox\n|\n|-weather|Hail|[upkeep]\n|-damage|p1a: Rotom|94\/100|[from] Hail\n|-heal|p1a: Rotom|100\/100|[from] item: Leftovers\n|-damage|p2a: Cloyster|94\/100 tox|[from] psn\n|upkeep\n|turn|17\n|\n|t:|1663515252\n|move|p2a: Cloyster|Rock Blast|p1a: Rotom\n|-damage|p1a: Rotom|84\/100\n|-damage|p1a: Rotom|66\/100\n|-damage|p1a: Rotom|49\/100\n|-damage|p1a: Rotom|34\/100\n|-damage|p1a: Rotom|17\/100\n|-hitcount|p1a: Rotom|5\n|move|p1a: Rotom|Volt Switch|p2a: Cloyster\n|-supereffective|p2a: Cloyster\n|-crit|p2a: Cloyster\n|-damage|p2a: Cloyster|0 fnt\n|faint|p2a: Cloyster\n|\n|t:|1663515255\n|switch|p1a: Dragapult|Dragapult, M|100\/100|[from]move: Volt Switch\n|\n|-weather|none\n|upkeep\n|\n|t:|1663515258\n|switch|p2a: Garchomp|Garchomp, M|100\/100\n|-damage|p2a: Garchomp|94\/100|[from] Stealth Rock\n|-damage|p2a: Garchomp|82\/100|[from] Spikes\n|turn|18\n|\n|t:|1663515265\n|move|p1a: Dragapult|Dragon Darts|p2a: Garchomp\n|-supereffective|p2a: Garchomp\n|-damage|p2a: Garchomp|46\/100\n|-anim|p1a: Dragapult|Dragon Darts|p2a: Garchomp\n|-supereffective|p2a: Garchomp\n|-damage|p2a: Garchomp|9\/100\n|move|p2a: Garchomp|Scale Shot|p1a: Dragapult\n|-supereffective|p1a: Dragapult\n|-damage|p1a: Dragapult|70\/100\n|-supereffective|p1a: Dragapult\n|-damage|p1a: Dragapult|36\/100\n|-supereffective|p1a: Dragapult\n|-damage|p1a: Dragapult|1\/100\n|-hitcount|p1a: Dragapult|3\n|-unboost|p2a: Garchomp|def|1\n|-boost|p2a: Garchomp|spe|1\n|\n|-heal|p2a: Garchomp|16\/100|[from] item: Leftovers\n|upkeep\n|turn|19\n|\n|t:|1663515270\n|move|p2a: Garchomp|Earthquake|p1a: Dragapult\n|-damage|p1a: Dragapult|0 fnt\n|faint|p1a: Dragapult\n|\n|-heal|p2a: Garchomp|22\/100|[from] item: Leftovers\n|upkeep\n|\n|t:|1663515272\n|switch|p1a: Mandibuzz|Mandibuzz, F|72\/100 frz\n|turn|20\n|\n|t:|1663515275\n|move|p2a: Garchomp|Scale Shot|p1a: Mandibuzz\n|-damage|p1a: Mandibuzz|64\/100 frz\n|-damage|p1a: Mandibuzz|56\/100 frz\n|-damage|p1a: Mandibuzz|47\/100 frz\n|-hitcount|p1a: Mandibuzz|3\n|-unboost|p2a: Garchomp|def|1\n|-boost|p2a: Garchomp|spe|1\n|cant|p1a: Mandibuzz|frz\n|\n|-heal|p2a: Garchomp|28\/100|[from] item: Leftovers\n|-sideend|p2: SpoonTheHarpoon|move: Aurora Veil\n|upkeep\n|turn|21\n|\n|t:|1663515286\n|move|p2a: Garchomp|Swords Dance|p2a: Garchomp\n|-boost|p2a: Garchomp|atk|2\n|cant|p1a: Mandibuzz|frz\n|\n|-heal|p2a: Garchomp|34\/100|[from] item: Leftovers\n|upkeep\n|turn|22\n|\n|t:|1663515289\n|move|p2a: Garchomp|Aqua Tail|p1a: Mandibuzz|[miss]\n|-miss|p2a: Garchomp|p1a: Mandibuzz\n|-curestatus|p1a: Mandibuzz|frz|[msg]\n|move|p1a: Mandibuzz|Foul Play|p2a: Garchomp\n|-damage|p2a: Garchomp|0 fnt\n|-damage|p1a: Mandibuzz|35\/100|[from] ability: Rough Skin|[of] p2a: Garchomp\n|faint|p2a: Garchomp\n|\n|upkeep\n|\n|t:|1663515292\n|switch|p2a: Ninetales|Ninetales-Alola, M|23\/100 tox\n|-damage|p2a: Ninetales|0 fnt|[from] Stealth Rock\n|faint|p2a: Ninetales\n|\n|win|user1_ou\n|raw|user1_ou's rating: 1704 &rarr; <strong>1721<\/strong><br \/>(+17 for winning)\n|raw|SpoonTheHarpoon's rating: 1644 &rarr; <strong>1627<\/strong><br \/>(-17 for losing)\n|c|\u2606SpoonTheHarpoon|gg\n|l|\u2606user1_ou\n||Ladder isn't responding, score probably updated but might not have (Request timeout).\n|l|\u2606SpoonTheHarpoon\n","uploadtime":1663515416,"views":19,"p1id":"user1ou","p2id":"spoontheharpoon","formatid":"gen8ou","rating":1627,"private":0,"password":null}