{"id":"gen8ou-1684648640","p1":"playeraccount","p2":"terranoumdc","format":"gen8ou","log":"|html|<div class=\"broadcast-blue\"><strong>[Gen 8] OU is currently suspecting Melmetal! For information on how to participate check out the <a href=\"https:\/\/www.smogon.com\/forums\/threads\/np-ss-ou-suspect-process-round-12-monster-mash.3709234\/\">suspect thread<\/a>.<\/strong><\/div>\n|j|\u2606playeraccount\n|j|\u2606terranoumdc\n|t:|1665660805\n|gametype|singles\n|player|p1|playeraccount|101|1344\n|player|p2|terranoumdc|dancer|1386\n|teamsize|p1|6\n|teamsize|p2|6\n|gen|8\n|tier|[Gen 8] OU\n|rated|\n|rule|Sleep Clause Mod: Limit one foe put to sleep\n|rule|Species Clause: Limit one of each Pok\u00e9mon\n|rule|OHKO Clause: OHKO moves are banned\n|rule|Evasion Items Clause: Evasion items are banned\n|rule|Evasion Moves Clause: Evasion moves are banned\n|rule|Endless Battle Clause: Forcing endless battles is banned\n|rule|HP Percentage Mod: HP is shown in percentages\n|rule|Dynamax Clause: You cannot dynamax\n|clearpoke\n|poke|p1|Kartana|\n|poke|p1|Nidoqueen, F|\n|poke|p1|Slowbro, F|\n|poke|p1|Druddigon, M|\n|poke|p1|Zapdos|\n|poke|p1|Tapu Fini|\n|poke|p2|Dragapult, M|\n|poke|p2|Slowking-Galar, M|\n|poke|p2|Weavile, M|\n|poke|p2|Tapu Lele|\n|poke|p2|Volcanion|\n|poke|p2|Zapdos|\n|teampreview\n|inactive|Battle timer is ON: inactive players will automatically lose when time's up. (requested by terranoumdc)\n|\n|t:|1665660816\n|start\n|switch|p1a: Tapu Fini|Tapu Fini|100\/100\n|switch|p2a: Weavile|Weavile, M|100\/100\n|-ability|p2a: Weavile|Pressure\n|-fieldstart|move: Misty Terrain|[from] ability: Misty Surge|[of] p1a: Tapu Fini\n|turn|1\n|\n|t:|1665660828\n|switch|p2a: Zapdos|Zapdos|100\/100\n|-ability|p2a: Zapdos|Pressure\n|move|p1a: Tapu Fini|Moonblast|p2a: Zapdos\n|-damage|p2a: Zapdos|73\/100\n|\n|upkeep\n|turn|2\n|\n|t:|1665660836\n|switch|p1a: Nidoqueen|Nidoqueen, F, shiny|100\/100\n|move|p2a: Zapdos|U-turn|p1a: Nidoqueen\n|-resisted|p1a: Nidoqueen\n|-damage|p1a: Nidoqueen|93\/100\n|\n|t:|1665660843\n|switch|p2a: Weavile|Weavile, M|100\/100|[from]move: U-turn\n|-ability|p2a: Weavile|Pressure\n|\n|upkeep\n|turn|3\n|\n|t:|1665660859\n|switch|p1a: Druddigon|Druddigon, M|100\/100\n|move|p2a: Weavile|Triple Axel|p1a: Druddigon|[miss]\n|-miss|p2a: Weavile|p1a: Druddigon\n|\n|upkeep\n|turn|4\n|\n|t:|1665660866\n|move|p2a: Weavile|Triple Axel|p1a: Druddigon\n|-supereffective|p1a: Druddigon\n|-damage|p1a: Druddigon|78\/100\n|-damage|p2a: Weavile|88\/100|[from] ability: Rough Skin|[of] p1a: Druddigon\n|-supereffective|p1a: Druddigon\n|-damage|p1a: Druddigon|39\/100\n|-damage|p2a: Weavile|76\/100|[from] ability: Rough Skin|[of] p1a: Druddigon\n|-supereffective|p1a: Druddigon\n|-damage|p1a: Druddigon|0 fnt\n|-damage|p2a: Weavile|63\/100|[from] ability: Rough Skin|[of] p1a: Druddigon\n|faint|p1a: Druddigon\n|-hitcount|p1: Druddigon|3\n|\n|upkeep\n|\n|t:|1665660870\n|switch|p1a: Tapu Fini|Tapu Fini|100\/100\n|turn|5\n|\n|t:|1665660883\n|switch|p2a: Zapdos|Zapdos|73\/100\n|-ability|p2a: Zapdos|Pressure\n|switch|p1a: Kartana|Kartana|100\/100\n|\n|-fieldend|Misty Terrain\n|upkeep\n|turn|6\n|\n|t:|1665660893\n|switch|p1a: Zapdos|Zapdos|100\/100\n|move|p2a: Zapdos|U-turn|p1a: Zapdos\n|-resisted|p1a: Zapdos\n|-damage|p1a: Zapdos|95\/100\n|\n|t:|1665660908\n|switch|p2a: Dragapult|Dragapult, M|100\/100|[from]move: U-turn\n|\n|upkeep\n|turn|7\n|\n|t:|1665660918\n|switch|p1a: Tapu Fini|Tapu Fini|100\/100\n|-fieldstart|move: Misty Terrain|[from] ability: Misty Surge|[of] p1a: Tapu Fini\n|move|p2a: Dragapult|U-turn|p1a: Tapu Fini\n|-resisted|p1a: Tapu Fini\n|-damage|p1a: Tapu Fini|84\/100\n|\n|t:|1665660930\n|switch|p2a: Volcanion|Volcanion|100\/100|[from]move: U-turn\n|\n|upkeep\n|turn|8\n|\n|t:|1665660934\n|switch|p1a: Zapdos|Zapdos|95\/100\n|move|p2a: Volcanion|Sludge Wave|p1a: Zapdos\n|-damage|p1a: Zapdos|56\/100\n|\n|upkeep\n|turn|9\n|\n|t:|1665660945\n|move|p1a: Zapdos|Volt Switch|p2a: Volcanion\n|-supereffective|p2a: Volcanion\n|-damage|p2a: Volcanion|57\/100\n|\n|t:|1665660949\n|switch|p1a: Slowbro|Slowbro, F|100\/100|[from]move: Volt Switch\n|move|p2a: Volcanion|Steam Eruption|p1a: Slowbro\n|-resisted|p1a: Slowbro\n|-damage|p1a: Slowbro|70\/100\n|\n|upkeep\n|turn|10\n|\n|t:|1665660962\n|switch|p2a: Zapdos|Zapdos|73\/100\n|-ability|p2a: Zapdos|Pressure\n|move|p1a: Slowbro|Teleport|p1a: Slowbro\n|\n|t:|1665660967\n|switch|p1a: Zapdos|Zapdos|56\/100|[from]move: Teleport\n|\n|upkeep\n|turn|11\n|\n|t:|1665660972\n|move|p1a: Zapdos|Roost|p1a: Zapdos\n|-heal|p1a: Zapdos|100\/100\n|-singleturn|p1a: Zapdos|move: Roost\n|move|p2a: Zapdos|Roost|p2a: Zapdos\n|-heal|p2a: Zapdos|100\/100\n|-singleturn|p2a: Zapdos|move: Roost\n|\n|-fieldend|Misty Terrain\n|upkeep\n|turn|12\n|\n|t:|1665660982\n|move|p1a: Zapdos|Volt Switch|p2a: Zapdos\n|-damage|p2a: Zapdos|77\/100\n|\n|t:|1665660988\n|switch|p1a: Slowbro|Slowbro, F|100\/100|[from]move: Volt Switch\n|move|p2a: Zapdos|Thunderbolt|p1a: Slowbro\n|-supereffective|p1a: Slowbro\n|-damage|p1a: Slowbro|27\/100\n|\n|upkeep\n|turn|13\n|\n|t:|1665660996\n|switch|p1a: Nidoqueen|Nidoqueen, F, shiny|93\/100\n|move|p2a: Zapdos|U-turn|p1a: Nidoqueen\n|-resisted|p1a: Nidoqueen\n|-damage|p1a: Nidoqueen|85\/100\n|\n|t:|1665661005\n|switch|p2a: Weavile|Weavile, M|63\/100|[from]move: U-turn\n|-ability|p2a: Weavile|Pressure\n|\n|upkeep\n|turn|14\n|\n|t:|1665661015\n|switch|p1a: Slowbro|Slowbro, F|60\/100\n|move|p2a: Weavile|Knock Off|p1a: Slowbro\n|-supereffective|p1a: Slowbro\n|-damage|p1a: Slowbro|5\/100\n|-damage|p2a: Weavile|47\/100|[from] item: Rocky Helmet|[of] p1a: Slowbro\n|-enditem|p1a: Slowbro|Rocky Helmet|[from] move: Knock Off|[of] p2a: Weavile\n|\n|upkeep\n|turn|15\n|\n|t:|1665661023\n|move|p2a: Weavile|Knock Off|p1a: Slowbro\n|-supereffective|p1a: Slowbro\n|-damage|p1a: Slowbro|0 fnt\n|faint|p1a: Slowbro\n|\n|upkeep\n|\n|t:|1665661027\n|switch|p1a: Tapu Fini|Tapu Fini|84\/100\n|-fieldstart|move: Misty Terrain|[from] ability: Misty Surge|[of] p1a: Tapu Fini\n|turn|16\n|\n|t:|1665661033\n|switch|p2a: Slowking|Slowking-Galar, M|100\/100\n|switch|p1a: Nidoqueen|Nidoqueen, F, shiny|85\/100\n|\n|upkeep\n|turn|17\n|\n|t:|1665661041\n|move|p1a: Nidoqueen|Earth Power|p2a: Slowking\n|-supereffective|p2a: Slowking\n|-damage|p2a: Slowking|37\/100\n|move|p2a: Slowking|Future Sight|p1a: Nidoqueen\n|-start|p2a: Slowking|move: Future Sight\n|\n|-heal|p2a: Slowking|43\/100|[from] item: Leftovers\n|upkeep\n|turn|18\n|\n|t:|1665661049\n|switch|p2a: Zapdos|Zapdos|77\/100\n|-ability|p2a: Zapdos|Pressure\n|move|p1a: Nidoqueen|Ice Beam|p2a: Zapdos\n|-supereffective|p2a: Zapdos\n|-damage|p2a: Zapdos|26\/100\n|\n|upkeep\n|turn|19\n|\n|t:|1665661058\n|switch|p1a: Zapdos|Zapdos|100\/100\n|move|p2a: Zapdos|Roost|p2a: Zapdos\n|-heal|p2a: Zapdos|76\/100\n|-singleturn|p2a: Zapdos|move: Roost\n|\n|-end|p1a: Zapdos|move: Future Sight\n|-damage|p1a: Zapdos|58\/100\n|upkeep\n|turn|20\n|\n|t:|1665661068\n|move|p1a: Zapdos|Roost|p1a: Zapdos\n|-heal|p1a: Zapdos|100\/100\n|-singleturn|p1a: Zapdos|move: Roost\n|move|p2a: Zapdos|Thunderbolt|p1a: Zapdos\n|-resisted|p1a: Zapdos\n|-damage|p1a: Zapdos|79\/100\n|\n|-fieldend|Misty Terrain\n|upkeep\n|turn|21\n|\n|t:|1665661080\n|move|p1a: Zapdos|Heat Wave|p2a: Zapdos\n|-damage|p2a: Zapdos|54\/100\n|move|p2a: Zapdos|U-turn|p1a: Zapdos\n|-resisted|p1a: Zapdos\n|-damage|p1a: Zapdos|74\/100\n|\n|t:|1665661088\n|switch|p2a: Weavile|Weavile, M|47\/100|[from]move: U-turn\n|-ability|p2a: Weavile|Pressure\n|\n|upkeep\n|turn|22\n|\n|t:|1665661094\n|move|p2a: Weavile|Triple Axel|p1a: Zapdos\n|-supereffective|p1a: Zapdos\n|-damage|p1a: Zapdos|56\/100\n|-supereffective|p1a: Zapdos\n|-damage|p1a: Zapdos|24\/100\n|-status|p2a: Weavile|par|[from] ability: Static|[of] p1a: Zapdos\n|-supereffective|p1a: Zapdos\n|-damage|p1a: Zapdos|0 fnt\n|faint|p1a: Zapdos\n|-hitcount|p1: Zapdos|3\n|\n|upkeep\n|\n|t:|1665661098\n|switch|p1a: Tapu Fini|Tapu Fini|84\/100\n|-fieldstart|move: Misty Terrain|[from] ability: Misty Surge|[of] p1a: Tapu Fini\n|turn|23\n|\n|t:|1665661115\n|switch|p2a: Slowking|Slowking-Galar, M|76\/100\n|move|p1a: Tapu Fini|Moonblast|p2a: Slowking\n|-resisted|p2a: Slowking\n|-damage|p2a: Slowking|64\/100\n|\n|-heal|p2a: Slowking|70\/100|[from] item: Leftovers\n|upkeep\n|turn|24\n|\n|t:|1665661124\n|switch|p1a: Kartana|Kartana|100\/100\n|move|p2a: Slowking|Flamethrower|p1a: Kartana\n|-supereffective|p1a: Kartana\n|-damage|p1a: Kartana|0 fnt\n|faint|p1a: Kartana\n|\n|-heal|p2a: Slowking|76\/100|[from] item: Leftovers\n|upkeep\n|-message|playeraccount forfeited.\n|\n|win|terranoumdc\n|raw|playeraccount's rating: 1344 &rarr; <strong>1326<\/strong><br \/>(-18 for losing)\n|raw|terranoumdc's rating: 1386 &rarr; <strong>1404<\/strong><br \/>(+18 for winning)\n|l|\u2606playeraccount\n|c|\u2606terranoumdc|Gg\n||Ladder isn't responding, score probably updated but might not have (Request timeout).\n","uploadtime":1665661168,"views":10,"p1id":"playeraccount","p2id":"terranoumdc","formatid":"gen8ou","rating":1326,"private":0,"password":null}