{"id":"gen8ou-1546796423","p1":"J de Jurguen","p2":"Ayante","format":"gen8ou","log":"|j|\u2606J de Jurguen\n|j|\u2606Ayante\n|inactive|Battle timer is ON: inactive players will automatically lose when time's up.\n|t:|1649188015\n|gametype|singles\n|player|p1|J de Jurguen|volkner|\n|player|p2|Ayante|youngcouple-gen4dp|\n|teamsize|p1|6\n|teamsize|p2|6\n|gen|8\n|tier|[Gen 8] OU\n|rated|Tournament battle\n|rule|Sleep Clause Mod: Limit one foe put to sleep\n|rule|Species Clause: Limit one of each Pok\u00e9mon\n|rule|OHKO Clause: OHKO moves are banned\n|rule|Evasion Moves Clause: Evasion moves are banned\n|rule|Endless Battle Clause: Forcing endless battles is banned\n|rule|HP Percentage Mod: HP is shown in percentages\n|rule|Dynamax Clause: You cannot dynamax\n|clearpoke\n|poke|p1|Pelipper, F|\n|poke|p1|Hawlucha, M|\n|poke|p1|Landorus-Therian, M|\n|poke|p1|Barraskewda, M|\n|poke|p1|Kartana|\n|poke|p1|Tapu Koko|\n|poke|p2|Hippowdon, F|\n|poke|p2|Slowking-Galar, M|\n|poke|p2|Toxapex, F|\n|poke|p2|Corviknight, F|\n|poke|p2|Hydreigon, M|\n|poke|p2|Scizor, M|\n|teampreview\n|j| Franko159\n|j| No_hearts XIII\n|j| samirsin999\n|j| dymeria\n|j| Competitivegoat12\n|l| Competitivegoat12\n|\n|t:|1649188041\n|start\n|switch|p1a: Tapu Koko|Tapu Koko, shiny|100\/100\n|switch|p2a: Slowking|Slowking-Galar, M|100\/100\n|-fieldstart|move: Electric Terrain|[from] ability: Electric Surge|[of] p1a: Tapu Koko\n|turn|1\n|\n|t:|1649188050\n|move|p1a: Tapu Koko|Volt Switch|p2a: Slowking\n|-damage|p2a: Slowking|73\/100\n|\n|t:|1649188053\n|switch|p1a: Landorus|Landorus-Therian, M|100\/100|[from]move: Volt Switch\n|-ability|p1a: Landorus|Intimidate|boost\n|-unboost|p2a: Slowking|atk|1\n|move|p2a: Slowking|Scald|p1a: Landorus\n|-supereffective|p1a: Landorus\n|-damage|p1a: Landorus|37\/100\n|-status|p1a: Landorus|brn\n|\n|-damage|p1a: Landorus|31\/100 brn|[from] brn\n|upkeep\n|turn|2\n|\n|t:|1649188058\n|switch|p2a: Corviknight|Corviknight, F|100\/100\n|-ability|p2a: Corviknight|Pressure\n|move|p1a: Landorus|Knock Off|p2a: Corviknight\n|-damage|p2a: Corviknight|89\/100\n|-enditem|p2a: Corviknight|Shed Shell|[from] move: Knock Off|[of] p1a: Landorus\n|\n|-damage|p1a: Landorus|25\/100 brn|[from] brn\n|upkeep\n|turn|3\n|\n|t:|1649188064\n|move|p1a: Landorus|U-turn|p2a: Corviknight\n|-resisted|p2a: Corviknight\n|-damage|p2a: Corviknight|87\/100\n|j| carlosthor\n|\n|t:|1649188067\n|switch|p1a: Pelipper|Pelipper, F|100\/100|[from]move: U-turn\n|-weather|RainDance|[from] ability: Drizzle|[of] p1a: Pelipper\n|move|p2a: Corviknight|Iron Defense|p2a: Corviknight\n|-boost|p2a: Corviknight|def|2\n|\n|-weather|RainDance|[upkeep]\n|upkeep\n|turn|4\n|\n|t:|1649188070\n|switch|p2a: Slowking|Slowking-Galar, M|100\/100\n|move|p1a: Pelipper|Scald|p2a: Slowking\n|-damage|p2a: Slowking|76\/100\n|\n|-weather|RainDance|[upkeep]\n|upkeep\n|turn|5\n|l| carlosthor\n|\n|t:|1649188081\n|move|p1a: Pelipper|U-turn|p2a: Slowking\n|-damage|p2a: Slowking|66\/100\n|\n|t:|1649188084\n|switch|p1a: Landorus|Landorus-Therian, M|25\/100 brn|[from]move: U-turn\n|-ability|p1a: Landorus|Intimidate|boost\n|-unboost|p2a: Slowking|atk|1\n|move|p2a: Slowking|Sludge Bomb|p1a: Landorus\n|-resisted|p1a: Landorus\n|-damage|p1a: Landorus|0 fnt\n|faint|p1a: Landorus\n|\n|-weather|RainDance|[upkeep]\n|-fieldend|move: Electric Terrain\n|upkeep\n|\n|t:|1649188086\n|switch|p1a: Barraskewda|Barraskewda, M|100\/100\n|turn|6\n|l| samirsin999\n|\n|t:|1649188090\n|switch|p2a: Toxapex|Toxapex, F|100\/100\n|move|p1a: Barraskewda|Flip Turn|p2a: Toxapex\n|-resisted|p2a: Toxapex\n|-damage|p2a: Toxapex|78\/100\n|-damage|p1a: Barraskewda|84\/100|[from] item: Rocky Helmet|[of] p2a: Toxapex\n|j| julianelvengador\n|\n|t:|1649188093\n|switch|p1a: Tapu Koko|Tapu Koko, shiny|100\/100|[from]move: Flip Turn\n|-fieldstart|move: Electric Terrain|[from] ability: Electric Surge|[of] p1a: Tapu Koko\n|\n|-weather|RainDance|[upkeep]\n|upkeep\n|turn|7\n|\n|t:|1649188095\n|switch|p2a: Slowking|Slowking-Galar, M|99\/100\n|move|p1a: Tapu Koko|Dazzling Gleam|p2a: Slowking\n|-resisted|p2a: Slowking\n|-damage|p2a: Slowking|88\/100\n|\n|-weather|RainDance|[upkeep]\n|upkeep\n|turn|8\n|\n|t:|1649188098\n|switch|p1a: Kartana|Kartana|100\/100\n|move|p2a: Slowking|Sludge Bomb|p1a: Kartana\n|-immune|p1a: Kartana\n|\n|-weather|RainDance|[upkeep]\n|upkeep\n|turn|9\n|\n|t:|1649188101\n|switch|p2a: Corviknight|Corviknight, F|87\/100\n|-ability|p2a: Corviknight|Pressure\n|move|p1a: Kartana|Knock Off|p2a: Corviknight\n|-damage|p2a: Corviknight|71\/100\n|\n|-weather|RainDance|[upkeep]\n|upkeep\n|turn|10\n|c| Franko159|rocky helmet, se nota que odia a barraskewda\n|\n|t:|1649188103\n|switch|p1a: Tapu Koko|Tapu Koko, shiny|100\/100\n|move|p2a: Corviknight|Body Press|p1a: Tapu Koko\n|-resisted|p1a: Tapu Koko\n|-damage|p1a: Tapu Koko|82\/100\n|\n|-weather|none\n|-fieldend|move: Electric Terrain\n|upkeep\n|turn|11\n|\n|t:|1649188107\n|switch|p2a: Slowking|Slowking-Galar, M|100\/100\n|move|p1a: Tapu Koko|Volt Switch|p2a: Slowking\n|-damage|p2a: Slowking|82\/100\n|\n|t:|1649188112\n|switch|p1a: Barraskewda|Barraskewda, M|84\/100|[from]move: Volt Switch\n|\n|upkeep\n|turn|12\n|\n|t:|1649188115\n|switch|p2a: Toxapex|Toxapex, F|100\/100\n|move|p1a: Barraskewda|Flip Turn|p2a: Toxapex\n|-resisted|p2a: Toxapex\n|-damage|p2a: Toxapex|86\/100\n|-damage|p1a: Barraskewda|68\/100|[from] item: Rocky Helmet|[of] p2a: Toxapex\n|c|\u2606J de Jurguen|Lo siento\n|c|\u2606J de Jurguen|Tengo que irme :(\n|c|\u2606J de Jurguen|GG\n|c| Franko159|rindete\n|-message|J de Jurguen forfeited.\n|\n|win|Ayante\n|n|\u2606J de Jurguen|jdejurguen\n|n|\u2606Ayante|ayante\n|n| Franko159|franko159\n|n| No_hearts XIII|noheartsxiii\n|n| dymeria|dymeria\n|n| julianelvengador|julianelvengador\n","uploadtime":1649188136,"views":128,"p1id":"jdejurguen","p2id":"ayante","formatid":"gen8ou","rating":0,"private":0,"password":null}