{"id":"gen8ou-1638032871","p1":"Lenape","p2":"LT92PF xavgb","format":"gen8ou","log":"|raw|<div class=\"broadcast-blue\"><strong>This battle is required to be public due to a player having a name starting with 'lt92pf'.<\/div>\n|j|\u2606Lenape\n|j|\u2606LT92PF xavgb\n|t:|1660309465\n|gametype|singles\n|player|p1|Lenape|169|1826\n|player|p2|LT92PF xavgb|170|1842\n|teamsize|p1|6\n|teamsize|p2|6\n|gen|8\n|tier|[Gen 8] OU\n|rated|\n|rule|Sleep Clause Mod: Limit one foe put to sleep\n|rule|Species Clause: Limit one of each Pok\u00e9mon\n|rule|OHKO Clause: OHKO moves are banned\n|rule|Evasion Items Clause: Evasion items are banned\n|rule|Evasion Moves Clause: Evasion moves are banned\n|rule|Endless Battle Clause: Forcing endless battles is banned\n|rule|HP Percentage Mod: HP is shown in percentages\n|rule|Dynamax Clause: You cannot dynamax\n|clearpoke\n|poke|p1|Rhyperior, F|\n|poke|p1|Toxapex, M|\n|poke|p1|Corviknight, M|\n|poke|p1|Umbreon, F|\n|poke|p1|Sylveon, M|\n|poke|p1|Rotom-Heat|\n|poke|p2|Rillaboom, F|\n|poke|p2|Tornadus-Therian, M|\n|poke|p2|Blaziken, M|\n|poke|p2|Melmetal|\n|poke|p2|Garchomp, F|\n|poke|p2|Slowbro, M|\n|teampreview\n|inactive|Battle timer is ON: inactive players will automatically lose when time's up. (requested by Lenape)\n|\n|t:|1660309491\n|start\n|switch|p1a: Rotom|Rotom-Heat|100\/100\n|switch|p2a: Slowbro|Slowbro, M|100\/100\n|turn|1\n|\n|t:|1660309500\n|switch|p1a: Umbreon|Umbreon, F|100\/100\n|switch|p2a: Garchomp|Garchomp, F|100\/100\n|\n|upkeep\n|turn|2\n|\n|t:|1660309505\n|switch|p1a: Rotom|Rotom-Heat|100\/100\n|move|p2a: Garchomp|Stealth Rock|p1a: Rotom\n|-sidestart|p1: Lenape|move: Stealth Rock\n|\n|upkeep\n|turn|3\n|\n|t:|1660309510\n|move|p1a: Rotom|Trick|p2a: Garchomp\n|-activate|p1a: Rotom|move: Trick|[of] p2a: Garchomp\n|-item|p2a: Garchomp|Choice Scarf|[from] move: Trick\n|-item|p1a: Rotom|Leftovers|[from] move: Trick\n|move|p2a: Garchomp|Toxic|p1a: Rotom\n|-status|p1a: Rotom|tox\n|\n|-damage|p1a: Rotom|94\/100 tox|[from] psn\n|upkeep\n|turn|4\n|\n|t:|1660309516\n|move|p2a: Garchomp|Toxic|p1a: Rotom\n|-fail|p1a: Rotom|tox\n|move|p1a: Rotom|Defog|p2a: Garchomp\n|-unboost|p2a: Garchomp|evasion|1\n|-sideend|p1: Lenape|Stealth Rock|[from] move: Defog|[of] p1a: Rotom\n|\n|-heal|p1a: Rotom|100\/100 tox|[from] item: Leftovers\n|-damage|p1a: Rotom|88\/100 tox|[from] psn\n|upkeep\n|turn|5\n|\n|t:|1660309522\n|switch|p1a: Umbreon|Umbreon, F|100\/100\n|move|p2a: Garchomp|Toxic|p1a: Umbreon\n|-status|p1a: Umbreon|tox\n|\n|-damage|p1a: Umbreon|94\/100 tox|[from] psn\n|upkeep\n|turn|6\n|j| LT92PF Raizen\n|\n|t:|1660309532\n|switch|p2a: Tornadus|Tornadus-Therian, M|100\/100\n|move|p1a: Umbreon|Heal Bell|p1a: Umbreon\n|-activate|p1a: Umbreon|move: Heal Bell\n|-curestatus|p1a: Umbreon|tox|[msg]\n|-curestatus|p1: Rotom|tox|[msg]\n|\n|-heal|p1a: Umbreon|100\/100|[from] item: Leftovers\n|upkeep\n|turn|7\n|\n|t:|1660309537\n|switch|p1a: Rhyperior|Rhyperior, F|100\/100\n|move|p2a: Tornadus|U-turn|p1a: Rhyperior\n|-damage|p1a: Rhyperior|91\/100\n|\n|t:|1660309540\n|switch|p2a: Slowbro|Slowbro, M|100\/100|[from]move: U-turn\n|\n|-heal|p1a: Rhyperior|97\/100|[from] item: Leftovers\n|upkeep\n|turn|8\n|\n|t:|1660309544\n|switch|p1a: Umbreon|Umbreon, F|100\/100\n|move|p2a: Slowbro|Scald|p1a: Umbreon\n|-damage|p1a: Umbreon|82\/100\n|-status|p1a: Umbreon|brn\n|\n|-heal|p1a: Umbreon|88\/100 brn|[from] item: Leftovers\n|-damage|p1a: Umbreon|82\/100 brn|[from] brn\n|upkeep\n|turn|9\n|\n|t:|1660309549\n|move|p1a: Umbreon|Heal Bell|p1a: Umbreon\n|-activate|p1a: Umbreon|move: Heal Bell\n|-curestatus|p1a: Umbreon|brn|[msg]\n|move|p2a: Slowbro|Future Sight|p1a: Umbreon\n|-start|p2a: Slowbro|move: Future Sight\n|\n|-heal|p1a: Umbreon|88\/100|[from] item: Leftovers\n|upkeep\n|turn|10\n|\n|t:|1660309558\n|move|p1a: Umbreon|Foul Play|p2a: Slowbro\n|-supereffective|p2a: Slowbro\n|-damage|p2a: Slowbro|73\/100\n|-damage|p1a: Umbreon|72\/100|[from] item: Rocky Helmet|[of] p2a: Slowbro\n|move|p2a: Slowbro|Teleport|p2a: Slowbro\n|\n|t:|1660309561\n|switch|p2a: Blaziken|Blaziken, M|100\/100|[from]move: Teleport\n|\n|-heal|p1a: Umbreon|78\/100|[from] item: Leftovers\n|upkeep\n|turn|11\n|\n|t:|1660309564\n|move|p2a: Blaziken|Swords Dance|p2a: Blaziken\n|-boost|p2a: Blaziken|atk|2\n|move|p1a: Umbreon|Foul Play|p2a: Blaziken\n|-resisted|p2a: Blaziken\n|-damage|p2a: Blaziken|36\/100\n|\n|-end|p1a: Umbreon|move: Future Sight\n|-immune|p1a: Umbreon\n|-heal|p2a: Blaziken|42\/100|[from] item: Leftovers\n|-heal|p1a: Umbreon|84\/100|[from] item: Leftovers\n|-ability|p2a: Blaziken|Speed Boost|boost\n|-boost|p2a: Blaziken|spe|1\n|upkeep\n|turn|12\n|\n|t:|1660309571\n|switch|p1a: Toxapex|Toxapex, M|100\/100\n|move|p2a: Blaziken|Close Combat|p1a: Toxapex\n|-resisted|p1a: Toxapex\n|-damage|p1a: Toxapex|61\/100\n|-unboost|p2a: Blaziken|def|1\n|-unboost|p2a: Blaziken|spd|1\n|\n|-heal|p2a: Blaziken|48\/100|[from] item: Leftovers\n|-heal|p1a: Toxapex|67\/100|[from] item: Black Sludge\n|-ability|p2a: Blaziken|Speed Boost|boost\n|-boost|p2a: Blaziken|spe|1\n|upkeep\n|turn|13\n|\n|t:|1660309582\n|switch|p2a: Slowbro|Slowbro, M|100\/100\n|move|p1a: Toxapex|Toxic|p2a: Slowbro\n|-status|p2a: Slowbro|tox\n|\n|-heal|p1a: Toxapex|74\/100|[from] item: Black Sludge\n|-damage|p2a: Slowbro|94\/100 tox|[from] psn\n|upkeep\n|turn|14\n|\n|t:|1660309586\n|switch|p1a: Umbreon|Umbreon, F|84\/100\n|move|p2a: Slowbro|Future Sight|p1a: Umbreon\n|-start|p2a: Slowbro|move: Future Sight\n|\n|-heal|p1a: Umbreon|90\/100|[from] item: Leftovers\n|-damage|p2a: Slowbro|82\/100 tox|[from] psn\n|upkeep\n|turn|15\n|\n|t:|1660309589\n|move|p1a: Umbreon|Foul Play|p2a: Slowbro\n|-supereffective|p2a: Slowbro\n|-damage|p2a: Slowbro|54\/100 tox\n|-damage|p1a: Umbreon|73\/100|[from] item: Rocky Helmet|[of] p2a: Slowbro\n|move|p2a: Slowbro|Teleport|p2a: Slowbro\n|\n|t:|1660309592\n|switch|p2a: Blaziken|Blaziken, M|48\/100|[from]move: Teleport\n|\n|-heal|p2a: Blaziken|55\/100|[from] item: Leftovers\n|-heal|p1a: Umbreon|79\/100|[from] item: Leftovers\n|upkeep\n|turn|16\n|\n|t:|1660309604\n|switch|p1a: Toxapex|Toxapex, M|100\/100\n|move|p2a: Blaziken|Close Combat|p1a: Toxapex\n|-resisted|p1a: Toxapex\n|-damage|p1a: Toxapex|82\/100\n|-unboost|p2a: Blaziken|def|1\n|-unboost|p2a: Blaziken|spd|1\n|\n|-end|p1a: Toxapex|move: Future Sight\n|-supereffective|p1a: Toxapex\n|-damage|p1a: Toxapex|18\/100\n|-heal|p2a: Blaziken|61\/100|[from] item: Leftovers\n|-heal|p1a: Toxapex|24\/100|[from] item: Black Sludge\n|-ability|p2a: Blaziken|Speed Boost|boost\n|-boost|p2a: Blaziken|spe|1\n|upkeep\n|turn|17\n|\n|t:|1660309612\n|switch|p2a: Slowbro|Slowbro, M|88\/100 tox\n|move|p1a: Toxapex|Baneful Bunker||[still]\n|-fail|p1a: Toxapex\n|\n|-heal|p1a: Toxapex|30\/100|[from] item: Black Sludge\n|-damage|p2a: Slowbro|81\/100 tox|[from] psn\n|upkeep\n|turn|18\n|\n|t:|1660309616\n|switch|p1a: Corviknight|Corviknight, M|100\/100\n|-ability|p1a: Corviknight|Pressure\n|move|p2a: Slowbro|Future Sight|p1a: Corviknight\n|-start|p2a: Slowbro|move: Future Sight\n|\n|-damage|p2a: Slowbro|69\/100 tox|[from] psn\n|upkeep\n|turn|19\n|\n|t:|1660309620\n|move|p1a: Corviknight|Substitute|p1a: Corviknight\n|-start|p1a: Corviknight|Substitute\n|-damage|p1a: Corviknight|75\/100\n|move|p2a: Slowbro|Teleport|p2a: Slowbro\n|\n|t:|1660309629\n|switch|p2a: Tornadus|Tornadus-Therian, M|100\/100|[from]move: Teleport\n|\n|-heal|p1a: Corviknight|82\/100|[from] item: Leftovers\n|upkeep\n|turn|20\n|\n|t:|1660309635\n|move|p2a: Tornadus|Knock Off|p1a: Corviknight\n|-activate|p1a: Corviknight|move: Substitute|[damage]\n|move|p1a: Corviknight|Brave Bird|p2a: Tornadus\n|-damage|p2a: Tornadus|48\/100\n|-damage|p1a: Corviknight|66\/100|[from] Recoil\n|\n|-end|p1a: Corviknight|move: Future Sight\n|-resisted|p1a: Corviknight\n|-end|p1a: Corviknight|Substitute\n|-heal|p1a: Corviknight|72\/100|[from] item: Leftovers\n|upkeep\n|turn|21\n|\n|t:|1660309645\n|switch|p1a: Toxapex|Toxapex, M|64\/100\n|move|p2a: Tornadus|U-turn|p1a: Toxapex\n|-resisted|p1a: Toxapex\n|-damage|p1a: Toxapex|59\/100\n|\n|t:|1660309650\n|switch|p2a: Slowbro|Slowbro, M|100\/100 tox|[from]move: U-turn\n|\n|-heal|p1a: Toxapex|66\/100|[from] item: Black Sludge\n|-damage|p2a: Slowbro|94\/100 tox|[from] psn\n|upkeep\n|turn|22\n|\n|t:|1660309655\n|switch|p1a: Corviknight|Corviknight, M|72\/100\n|-ability|p1a: Corviknight|Pressure\n|move|p2a: Slowbro|Scald|p1a: Corviknight\n|-crit|p1a: Corviknight\n|-damage|p1a: Corviknight|35\/100\n|\n|-heal|p1a: Corviknight|42\/100|[from] item: Leftovers\n|-damage|p2a: Slowbro|82\/100 tox|[from] psn\n|upkeep\n|turn|23\n|\n|t:|1660309658\n|move|p1a: Corviknight|Roost|p1a: Corviknight\n|-heal|p1a: Corviknight|92\/100\n|-singleturn|p1a: Corviknight|move: Roost\n|move|p2a: Slowbro|Scald|p1a: Corviknight\n|-damage|p1a: Corviknight|65\/100\n|\n|-heal|p1a: Corviknight|71\/100|[from] item: Leftovers\n|-damage|p2a: Slowbro|64\/100 tox|[from] psn\n|upkeep\n|turn|24\n|\n|t:|1660309662\n|move|p1a: Corviknight|Substitute|p1a: Corviknight\n|-start|p1a: Corviknight|Substitute\n|-damage|p1a: Corviknight|46\/100\n|move|p2a: Slowbro|Teleport|p2a: Slowbro\n|\n|t:|1660309669\n|switch|p2a: Tornadus|Tornadus-Therian, M|81\/100|[from]move: Teleport\n|\n|-heal|p1a: Corviknight|53\/100|[from] item: Leftovers\n|upkeep\n|turn|25\n|\n|t:|1660309671\n|move|p2a: Tornadus|Heat Wave|p1a: Corviknight\n|-supereffective|p1a: Corviknight\n|-end|p1a: Corviknight|Substitute\n|move|p1a: Corviknight|Roost|p1a: Corviknight\n|-heal|p1a: Corviknight|100\/100\n|-singleturn|p1a: Corviknight|move: Roost\n|\n|upkeep\n|turn|26\n|\n|t:|1660309673\n|switch|p1a: Toxapex|Toxapex, M|99\/100\n|move|p2a: Tornadus|Knock Off|p1a: Toxapex\n|-crit|p1a: Toxapex\n|-damage|p1a: Toxapex|80\/100\n|-enditem|p1a: Toxapex|Black Sludge|[from] move: Knock Off|[of] p2a: Tornadus\n|\n|upkeep\n|turn|27\n|\n|t:|1660309681\n|switch|p2a: Slowbro|Slowbro, M|97\/100 tox\n|move|p1a: Toxapex|Baneful Bunker||[still]\n|-fail|p1a: Toxapex\n|\n|-damage|p2a: Slowbro|91\/100 tox|[from] psn\n|upkeep\n|turn|28\n|\n|t:|1660309689\n|switch|p1a: Corviknight|Corviknight, M|100\/100\n|-ability|p1a: Corviknight|Pressure\n|move|p2a: Slowbro|Scald|p1a: Corviknight\n|-damage|p1a: Corviknight|76\/100\n|\n|-heal|p1a: Corviknight|83\/100|[from] item: Leftovers\n|-damage|p2a: Slowbro|79\/100 tox|[from] psn\n|upkeep\n|turn|29\n|\n|t:|1660309693\n|move|p1a: Corviknight|Substitute|p1a: Corviknight\n|-start|p1a: Corviknight|Substitute\n|-damage|p1a: Corviknight|58\/100\n|move|p2a: Slowbro|Scald|p1a: Corviknight\n|-activate|p1a: Corviknight|move: Substitute|[damage]\n|\n|-heal|p1a: Corviknight|64\/100|[from] item: Leftovers\n|-damage|p2a: Slowbro|61\/100 tox|[from] psn\n|upkeep\n|turn|30\n|\n|t:|1660309704\n|move|p1a: Corviknight|Bulk Up|p1a: Corviknight\n|-boost|p1a: Corviknight|atk|1\n|-boost|p1a: Corviknight|def|1\n|move|p2a: Slowbro|Teleport|p2a: Slowbro\n|\n|t:|1660309706\n|switch|p2a: Tornadus|Tornadus-Therian, M|100\/100|[from]move: Teleport\n|\n|-heal|p1a: Corviknight|70\/100|[from] item: Leftovers\n|upkeep\n|turn|31\n|\n|t:|1660309711\n|move|p2a: Tornadus|Knock Off|p1a: Corviknight\n|-end|p1a: Corviknight|Substitute\n|move|p1a: Corviknight|Brave Bird|p2a: Tornadus\n|-damage|p2a: Tornadus|20\/100\n|-damage|p1a: Corviknight|46\/100|[from] Recoil\n|\n|-heal|p1a: Corviknight|52\/100|[from] item: Leftovers\n|upkeep\n|turn|32\n|\n|t:|1660309717\n|switch|p1a: Toxapex|Toxapex, M|100\/100\n|move|p2a: Tornadus|Heat Wave|p1a: Toxapex\n|-resisted|p1a: Toxapex\n|-damage|p1a: Toxapex|90\/100\n|\n|upkeep\n|turn|33\n|\n|t:|1660309722\n|switch|p2a: Slowbro|Slowbro, M|94\/100 tox\n|switch|p1a: Corviknight|Corviknight, M|52\/100\n|-ability|p1a: Corviknight|Pressure\n|\n|-heal|p1a: Corviknight|59\/100|[from] item: Leftovers\n|-damage|p2a: Slowbro|88\/100 tox|[from] psn\n|upkeep\n|turn|34\n|\n|t:|1660309726\n|move|p1a: Corviknight|Substitute|p1a: Corviknight\n|-start|p1a: Corviknight|Substitute\n|-damage|p1a: Corviknight|34\/100\n|move|p2a: Slowbro|Scald|p1a: Corviknight\n|-end|p1a: Corviknight|Substitute\n|\n|-heal|p1a: Corviknight|40\/100|[from] item: Leftovers\n|-damage|p2a: Slowbro|76\/100 tox|[from] psn\n|upkeep\n|turn|35\n|\n|t:|1660309730\n|move|p1a: Corviknight|Roost|p1a: Corviknight\n|-heal|p1a: Corviknight|90\/100\n|-singleturn|p1a: Corviknight|move: Roost\n|move|p2a: Slowbro|Scald|p1a: Corviknight\n|-damage|p1a: Corviknight|66\/100\n|\n|-heal|p1a: Corviknight|72\/100|[from] item: Leftovers\n|-damage|p2a: Slowbro|57\/100 tox|[from] psn\n|upkeep\n|turn|36\n|\n|t:|1660309738\n|move|p1a: Corviknight|Substitute|p1a: Corviknight\n|-start|p1a: Corviknight|Substitute\n|-damage|p1a: Corviknight|47\/100\n|move|p2a: Slowbro|Teleport|p2a: Slowbro\n|\n|t:|1660309749\n|switch|p2a: Tornadus|Tornadus-Therian, M|53\/100|[from]move: Teleport\n|\n|-heal|p1a: Corviknight|53\/100|[from] item: Leftovers\n|upkeep\n|turn|37\n|\n|t:|1660309779\n|move|p2a: Tornadus|U-turn|p1a: Corviknight\n|-resisted|p1a: Corviknight\n|-activate|p1a: Corviknight|move: Substitute|[damage]\n|j| emo705\n|l|\u2606LT92PF xavgb\n|inactive|LT92PF xavgb disconnected and has a minute to reconnect!\n|player|p2|\n|inactive|LT92PF xavgb has 30 seconds to reconnect!\n|j|\u2606LT92PF xavgb\n|inactive|LT92PF xavgb reconnected and has 95 seconds left.\n|player|p2|LT92PF xavgb|170\n|inactive|LT92PF xavgb has 90 seconds left.\n|inactive|LT92PF xavgb has 60 seconds left.\n|l|\u2606LT92PF xavgb\n|inactive|LT92PF xavgb disconnected and has a minute to reconnect!\n|player|p2|\n|j|\u2606LT92PF xavgb\n|inactive|LT92PF xavgb reconnected and has 45 seconds left.\n|player|p2|LT92PF xavgb|170\n|inactive|LT92PF xavgb has 30 seconds left.\n|\n|t:|1660309894\n|switch|p2a: Slowbro|Slowbro, M|91\/100 tox|[from]move: U-turn\n|move|p1a: Corviknight|Roost|p1a: Corviknight\n|-heal|p1a: Corviknight|100\/100\n|-singleturn|p1a: Corviknight|move: Roost\n|\n|-damage|p2a: Slowbro|85\/100 tox|[from] psn\n|upkeep\n|turn|38\n|\n|t:|1660309900\n|move|p1a: Corviknight|Bulk Up|p1a: Corviknight\n|-boost|p1a: Corviknight|atk|1\n|-boost|p1a: Corviknight|def|1\n|move|p2a: Slowbro|Scald|p1a: Corviknight\n|-end|p1a: Corviknight|Substitute\n|\n|-damage|p2a: Slowbro|72\/100 tox|[from] psn\n|upkeep\n|turn|39\n|\n|t:|1660309911\n|move|p1a: Corviknight|Substitute|p1a: Corviknight\n|-start|p1a: Corviknight|Substitute\n|-damage|p1a: Corviknight|75\/100\n|move|p2a: Slowbro|Scald|p1a: Corviknight\n|-activate|p1a: Corviknight|move: Substitute|[damage]\n|\n|-heal|p1a: Corviknight|82\/100|[from] item: Leftovers\n|-damage|p2a: Slowbro|54\/100 tox|[from] psn\n|upkeep\n|turn|40\n|\n|t:|1660309924\n|switch|p2a: Tornadus|Tornadus-Therian, M|86\/100\n|move|p1a: Corviknight|Bulk Up|p1a: Corviknight\n|-boost|p1a: Corviknight|atk|1\n|-boost|p1a: Corviknight|def|1\n|\n|-heal|p1a: Corviknight|88\/100|[from] item: Leftovers\n|upkeep\n|turn|41\n|\n|t:|1660309929\n|move|p2a: Tornadus|U-turn|p1a: Corviknight\n|-resisted|p1a: Corviknight\n|-end|p1a: Corviknight|Substitute\n|\n|t:|1660309941\n|switch|p2a: Garchomp|Garchomp, F|100\/100|[from]move: U-turn\n|move|p1a: Corviknight|Brave Bird|p2a: Garchomp\n|-damage|p2a: Garchomp|11\/100\n|-damage|p1a: Corviknight|75\/100|[from] ability: Rough Skin|[of] p2a: Garchomp\n|-damage|p1a: Corviknight|44\/100|[from] Recoil\n|\n|-heal|p1a: Corviknight|51\/100|[from] item: Leftovers\n|upkeep\n|turn|42\n|\n|t:|1660309955\n|switch|p2a: Tornadus|Tornadus-Therian, M|100\/100\n|move|p1a: Corviknight|Roost|p1a: Corviknight\n|-heal|p1a: Corviknight|100\/100\n|-singleturn|p1a: Corviknight|move: Roost\n|\n|upkeep\n|turn|43\n|\n|t:|1660309961\n|move|p2a: Tornadus|Heat Wave|p1a: Corviknight\n|-supereffective|p1a: Corviknight\n|-damage|p1a: Corviknight|56\/100\n|move|p1a: Corviknight|Brave Bird|p2a: Tornadus\n|-damage|p2a: Tornadus|2\/100\n|-damage|p1a: Corviknight|26\/100|[from] Recoil\n|\n|-heal|p1a: Corviknight|32\/100|[from] item: Leftovers\n|upkeep\n|turn|44\n|\n|t:|1660309968\n|switch|p1a: Toxapex|Toxapex, M|100\/100\n|move|p2a: Tornadus|Heat Wave|p1a: Toxapex\n|-resisted|p1a: Toxapex\n|-damage|p1a: Toxapex|91\/100\n|\n|upkeep\n|turn|45\n|\n|t:|1660309975\n|switch|p2a: Melmetal|Melmetal|100\/100\n|move|p1a: Toxapex|Toxic|p2a: Melmetal\n|-immune|p2a: Melmetal\n|\n|upkeep\n|turn|46\n|inactive|LT92PF xavgb has 60 seconds left.\n|\n|t:|1660309984\n|move|p2a: Melmetal|Double Iron Bash|p1a: Toxapex\n|-resisted|p1a: Toxapex\n|-crit|p1a: Toxapex\n|-damage|p1a: Toxapex|70\/100\n|-resisted|p1a: Toxapex\n|-damage|p1a: Toxapex|57\/100\n|-hitcount|p1a: Toxapex|2\n|cant|p1a: Toxapex|flinch\n|\n|upkeep\n|turn|47\n|\n|t:|1660309990\n|move|p2a: Melmetal|Thunder Punch|p1a: Toxapex\n|-supereffective|p1a: Toxapex\n|-damage|p1a: Toxapex|10\/100\n|move|p1a: Toxapex|Scald|p2a: Melmetal\n|-damage|p2a: Melmetal|87\/100\n|\n|-heal|p2a: Melmetal|93\/100|[from] item: Leftovers\n|upkeep\n|turn|48\n|inactive|LT92PF xavgb has 60 seconds left.\n|l|\u2606LT92PF xavgb\n|inactive|LT92PF xavgb disconnected and has a minute to reconnect!\n|player|p2|\n|inactive|LT92PF xavgb has 30 seconds left.\n|inactive|LT92PF xavgb has 20 seconds left.\n|inactive|LT92PF xavgb has 15 seconds left.\n|inactive|LT92PF xavgb has 10 seconds left.\n|j| irgendwasmitmeeem\n|inactive|LT92PF xavgb has 5 seconds left.\n|j|\u2606LT92PF xavgb\n|inactive|LT92PF xavgb reconnected and has 5 seconds left.\n|player|p2|LT92PF xavgb|170\n|-message|LT92PF xavgb lost due to inactivity.\n|\n|win|Lenape\n|raw|Lenape's rating: 1826 &rarr; <strong>1847<\/strong><br \/>(+21 for winning)\n|raw|LT92PF xavgb's rating: 1842 &rarr; <strong>1821<\/strong><br \/>(-21 for losing)\n|l|\u2606Lenape\n","uploadtime":1660310068,"views":119,"p1id":"lenape","p2id":"lt92pfxavgb","formatid":"gen8ou","rating":1821,"private":0,"password":null}