{"id":"gen8ou-1280694590","p1":"free rent","p2":"wsdfg","format":"gen8ou","log":"|j|\u203dfree rent\n|j|\u2606wsdfg\n|t:|1613078799\n|player|p1|free rent|1|1840\n|player|p2|wsdfg|burglar|1761\n|teamsize|p1|6\n|teamsize|p2|6\n|gametype|singles\n|gen|8\n|tier|[Gen 8] OU\n|rated|\n|clearpoke\n|poke|p1|Zeraora|\n|poke|p1|Corviknight, M|\n|poke|p1|Conkeldurr, M|\n|poke|p1|Magearna|\n|poke|p1|Mantine, F|\n|poke|p1|Blissey, F|\n|poke|p2|Cinderace, M|\n|poke|p2|Volcarona, F|\n|poke|p2|Swampert, F|\n|poke|p2|Rillaboom, M|\n|poke|p2|Dragapult, M|\n|poke|p2|Kartana|\n|rule|Sleep Clause Mod: Limit one foe put to sleep\n|rule|Species Clause: Limit one of each Pok\u00e9mon\n|rule|OHKO Clause: OHKO moves are banned\n|rule|Evasion Moves Clause: Evasion moves are banned\n|rule|Endless Battle Clause: Forcing endless battles is banned\n|rule|HP Percentage Mod: HP is shown in percentages\n|rule|Dynamax Clause: You cannot dynamax\n|teampreview\n|\n|t:|1613078814\n|start\n|switch|p1a: Conkeldurr|Conkeldurr, M|100\/100\n|switch|p2a: Cinderace|Cinderace, M|100\/100\n|turn|1\n|j| assddff\n|\n|t:|1613078828\n|move|p2a: Cinderace|U-turn|p1a: Conkeldurr\n|-start|p2a: Cinderace|typechange|Bug|[from] ability: Libero\n|-resisted|p1a: Conkeldurr\n|-damage|p1a: Conkeldurr|81\/100\n|\n|t:|1613078831\n|switch|p2a: Volcarona|Volcarona, F|100\/100|[from]move: U-turn\n|move|p1a: Conkeldurr|Knock Off|p2a: Volcarona\n|-damage|p2a: Volcarona|34\/100\n|-enditem|p2a: Volcarona|Heavy-Duty Boots|[from] move: Knock Off|[of] p1a: Conkeldurr\n|\n|-status|p1a: Conkeldurr|brn|[from] item: Flame Orb\n|upkeep\n|turn|2\n|inactive|Battle timer is ON: inactive players will automatically lose when time's up. (requested by free rent)\n|\n|t:|1613078855\n|move|p2a: Volcarona|Psychic|p1a: Conkeldurr\n|-supereffective|p1a: Conkeldurr\n|-damage|p1a: Conkeldurr|0 fnt\n|faint|p1a: Conkeldurr\n|\n|upkeep\n|\n|t:|1613078860\n|switch|p1a: Blissey|Blissey, F|100\/100\n|turn|3\n|\n|t:|1613078866\n|move|p2a: Volcarona|Fiery Dance|p1a: Blissey\n|-damage|p1a: Blissey|85\/100\n|move|p1a: Blissey|Stealth Rock|p2a: Volcarona\n|-sidestart|p2: wsdfg|move: Stealth Rock\n|\n|upkeep\n|turn|4\n|\n|t:|1613078872\n|move|p2a: Volcarona|Fiery Dance|p1a: Blissey\n|-damage|p1a: Blissey|70\/100\n|move|p1a: Blissey|Seismic Toss|p2a: Volcarona\n|-damage|p2a: Volcarona|2\/100\n|\n|upkeep\n|turn|5\n|\n|t:|1613078877\n|move|p2a: Volcarona|Fiery Dance|p1a: Blissey\n|-damage|p1a: Blissey|54\/100\n|move|p1a: Blissey|Soft-Boiled|p1a: Blissey\n|-heal|p1a: Blissey|100\/100\n|\n|upkeep\n|turn|6\n|\n|t:|1613078881\n|move|p2a: Volcarona|Fiery Dance|p1a: Blissey\n|-damage|p1a: Blissey|85\/100\n|move|p1a: Blissey|Seismic Toss|p2a: Volcarona\n|-damage|p2a: Volcarona|0 fnt\n|faint|p2a: Volcarona\n|\n|upkeep\n|\n|t:|1613078887\n|switch|p2a: Kartana|Kartana|100\/100\n|-damage|p2a: Kartana|94\/100|[from] Stealth Rock\n|turn|7\n|j| Poulet Miku\n|\n|t:|1613078899\n|switch|p1a: Magearna|Magearna|100\/100\n|move|p2a: Kartana|Swords Dance|p2a: Kartana\n|-boost|p2a: Kartana|atk|2\n|\n|upkeep\n|turn|8\n|\n|t:|1613078914\n|move|p2a: Kartana|Sacred Sword|p1a: Magearna\n|-damage|p1a: Magearna|17\/100\n|-damage|p2a: Kartana|85\/100|[from] item: Life Orb\n|move|p1a: Magearna|Volt Switch|p2a: Kartana\n|-resisted|p2a: Kartana\n|-damage|p2a: Kartana|55\/100\n|\n|t:|1613078918\n|switch|p1a: Zeraora|Zeraora|100\/100|[from]move: Volt Switch\n|\n|upkeep\n|turn|9\n|\n|t:|1613078923\n|switch|p2a: Swampert|Swampert, F|100\/100\n|-damage|p2a: Swampert|94\/100|[from] Stealth Rock\n|move|p1a: Zeraora|Close Combat|p2a: Swampert\n|-damage|p2a: Swampert|59\/100\n|-unboost|p1a: Zeraora|def|1\n|-unboost|p1a: Zeraora|spd|1\n|\n|-heal|p2a: Swampert|65\/100|[from] item: Leftovers\n|upkeep\n|turn|10\n|\n|t:|1613078949\n|move|p1a: Zeraora|Knock Off|p2a: Swampert\n|-damage|p2a: Swampert|39\/100\n|-enditem|p2a: Swampert|Leftovers|[from] move: Knock Off|[of] p1a: Zeraora\n|move|p2a: Swampert|Stealth Rock|p1a: Zeraora\n|-sidestart|p1: free rent|move: Stealth Rock\n|\n|upkeep\n|turn|11\n|\n|t:|1613078952\n|switch|p1a: Mantine|Mantine, F|100\/100\n|move|p2a: Swampert|Earthquake|p1a: Mantine\n|-immune|p1a: Mantine\n|\n|upkeep\n|turn|12\n|\n|t:|1613078960\n|move|p1a: Mantine|Scald|p2a: Swampert\n|-damage|p2a: Swampert|22\/100\n|move|p2a: Swampert|Toxic|p1a: Mantine\n|-status|p1a: Mantine|tox\n|\n|-damage|p1a: Mantine|94\/100 tox|[from] psn\n|upkeep\n|turn|13\n|\n|t:|1613078965\n|move|p1a: Mantine|Scald|p2a: Swampert\n|-damage|p2a: Swampert|6\/100\n|move|p2a: Swampert|Stealth Rock||[still]\n|-fail|p2a: Swampert\n|\n|-damage|p1a: Mantine|82\/100 tox|[from] psn\n|upkeep\n|turn|14\n|j| hypervortexreturns\n|\n|t:|1613078976\n|move|p1a: Mantine|Scald|p2a: Swampert\n|-damage|p2a: Swampert|0 fnt\n|faint|p2a: Swampert\n|\n|-damage|p1a: Mantine|64\/100 tox|[from] psn\n|upkeep\n|\n|t:|1613078979\n|switch|p2a: Rillaboom|Rillaboom, M|100\/100\n|-damage|p2a: Rillaboom|88\/100|[from] Stealth Rock\n|-fieldstart|move: Grassy Terrain|[from] ability: Grassy Surge|[of] p2a: Rillaboom\n|turn|15\n|\n|t:|1613078985\n|switch|p1a: Corviknight|Corviknight, M, shiny|100\/100\n|-damage|p1a: Corviknight|88\/100|[from] Stealth Rock\n|-ability|p1a: Corviknight|Pressure\n|move|p2a: Rillaboom|U-turn|p1a: Corviknight\n|-resisted|p1a: Corviknight\n|-damage|p1a: Corviknight|82\/100\n|-damage|p2a: Rillaboom|72\/100|[from] item: Rocky Helmet|[of] p1a: Corviknight\n|\n|t:|1613078987\n|switch|p2a: Cinderace|Cinderace, M|100\/100|[from]move: U-turn\n|\n|upkeep\n|turn|16\n|j| Tweety McTweet\n|\n|t:|1613078998\n|switch|p1a: Magearna|Magearna|17\/100\n|-damage|p1a: Magearna|11\/100|[from] Stealth Rock\n|move|p2a: Cinderace|Pyro Ball|p1a: Magearna\n|-supereffective|p1a: Magearna\n|-damage|p1a: Magearna|0 fnt\n|faint|p1a: Magearna\n|\n|upkeep\n|\n|t:|1613079007\n|switch|p1a: Zeraora|Zeraora|100\/100\n|turn|17\n|j| Team troll Only\n|\n|t:|1613079022\n|move|p1a: Zeraora|Volt Switch|p2a: Cinderace\n|-damage|p2a: Cinderace|69\/100\n|j| Die PIECHER\n|\n|t:|1613079024\n|switch|p1a: Mantine|Mantine, F|64\/100 tox|[from]move: Volt Switch\n|move|p2a: Cinderace|U-turn|p1a: Mantine\n|-start|p2a: Cinderace|typechange|Bug|[from] ability: Libero\n|-resisted|p1a: Mantine\n|-damage|p1a: Mantine|47\/100 tox\n|\n|t:|1613079034\n|switch|p2a: Kartana|Kartana|55\/100|[from]move: U-turn\n|-damage|p2a: Kartana|49\/100|[from] Stealth Rock\n|\n|-heal|p2a: Kartana|55\/100|[from] Grassy Terrain\n|-damage|p1a: Mantine|41\/100 tox|[from] psn\n|upkeep\n|turn|18\n|\n|t:|1613079037\n|switch|p1a: Corviknight|Corviknight, M, shiny|82\/100\n|-damage|p1a: Corviknight|70\/100|[from] Stealth Rock\n|-ability|p1a: Corviknight|Pressure\n|move|p2a: Kartana|Swords Dance|p2a: Kartana\n|-boost|p2a: Kartana|atk|2\n|\n|-heal|p2a: Kartana|62\/100|[from] Grassy Terrain\n|upkeep\n|turn|19\n|inactive|free rent has 120 seconds left.\n|\n|t:|1613079075\n|switch|p1a: Mantine|Mantine, F|41\/100 tox\n|move|p2a: Kartana|Knock Off|p1a: Mantine\n|-crit|p1a: Mantine\n|-damage|p1a: Mantine|0 fnt\n|-enditem|p1a: Mantine|Heavy-Duty Boots|[from] move: Knock Off|[of] p2a: Kartana\n|-damage|p2a: Kartana|52\/100|[from] item: Life Orb\n|faint|p1a: Mantine\n|-ability|p2a: Kartana|Beast Boost|boost\n|-boost|p2a: Kartana|atk|1\n|\n|-heal|p2a: Kartana|58\/100|[from] Grassy Terrain\n|-fieldend|move: Grassy Terrain\n|upkeep\n|\n|t:|1613079077\n|switch|p1a: Zeraora|Zeraora|100\/100\n|turn|20\n|\n|t:|1613079085\n|switch|p2a: Dragapult|Dragapult, M|100\/100\n|move|p1a: Zeraora|Close Combat|p2a: Dragapult\n|-immune|p2a: Dragapult\n|\n|upkeep\n|turn|21\n|inactive|free rent has 120 seconds left.\n|j| uncool_loser\n|\n|t:|1613079112\n|move|p1a: Zeraora|Volt Switch|p2a: Dragapult\n|-resisted|p2a: Dragapult\n|-damage|p2a: Dragapult|87\/100\n|\n|t:|1613079113\n|switch|p1a: Blissey|Blissey, F|85\/100|[from]move: Volt Switch\n|move|p2a: Dragapult|Draco Meteor|p1a: Blissey\n|-damage|p1a: Blissey|64\/100\n|-unboost|p2a: Dragapult|spa|2\n|\n|upkeep\n|turn|22\n|inactive|free rent has 120 seconds left.\n|\n|t:|1613079128\n|switch|p1a: Zeraora|Zeraora|100\/100\n|move|p2a: Dragapult|U-turn|p1a: Zeraora\n|-damage|p1a: Zeraora|76\/100\n|\n|t:|1613079145\n|switch|p2a: Rillaboom|Rillaboom, M|72\/100|[from]move: U-turn\n|-damage|p2a: Rillaboom|59\/100|[from] Stealth Rock\n|-fieldstart|move: Grassy Terrain|[from] ability: Grassy Surge|[of] p2a: Rillaboom\n|\n|-heal|p1a: Zeraora|82\/100|[from] Grassy Terrain\n|-heal|p2a: Rillaboom|66\/100|[from] Grassy Terrain\n|upkeep\n|turn|23\n|\n|t:|1613079151\n|move|p1a: Zeraora|Volt Switch|p2a: Rillaboom\n|-resisted|p2a: Rillaboom\n|-damage|p2a: Rillaboom|50\/100\n|\n|t:|1613079153\n|switch|p1a: Corviknight|Corviknight, M, shiny|70\/100|[from]move: Volt Switch\n|-damage|p1a: Corviknight|58\/100|[from] Stealth Rock\n|-ability|p1a: Corviknight|Pressure\n|move|p2a: Rillaboom|U-turn|p1a: Corviknight\n|-resisted|p1a: Corviknight\n|-damage|p1a: Corviknight|52\/100\n|-damage|p2a: Rillaboom|33\/100|[from] item: Rocky Helmet|[of] p1a: Corviknight\n|\n|t:|1613079167\n|switch|p2a: Cinderace|Cinderace, M|69\/100|[from]move: U-turn\n|\n|-heal|p2a: Cinderace|75\/100|[from] Grassy Terrain\n|upkeep\n|turn|24\n|\n|t:|1613079175\n|switch|p1a: Blissey|Blissey, F|64\/100\n|move|p2a: Cinderace|Pyro Ball|p1a: Blissey\n|-damage|p1a: Blissey|9\/100\n|\n|-heal|p2a: Cinderace|81\/100|[from] Grassy Terrain\n|-heal|p1a: Blissey|16\/100|[from] Grassy Terrain\n|upkeep\n|turn|25\n|j| Soft223\n|l| Tweety McTweet\n|l| Soft223\n|\n|t:|1613079199\n|switch|p1a: Corviknight|Corviknight, M, shiny|52\/100\n|-damage|p1a: Corviknight|40\/100|[from] Stealth Rock\n|-ability|p1a: Corviknight|Pressure\n|move|p2a: Cinderace|Pyro Ball|p1a: Corviknight\n|-supereffective|p1a: Corviknight\n|-damage|p1a: Corviknight|0 fnt\n|faint|p1a: Corviknight\n|\n|-heal|p2a: Cinderace|87\/100|[from] Grassy Terrain\n|upkeep\n|\n|t:|1613079201\n|switch|p1a: Zeraora|Zeraora|82\/100\n|turn|26\n|\n|t:|1613079206\n|move|p1a: Zeraora|Plasma Fists|p2a: Cinderace\n|-damage|p2a: Cinderace|14\/100\n|-fieldactivate|move: Ion Deluge\n|move|p2a: Cinderace|Pyro Ball|p1a: Zeraora\n|-damage|p1a: Zeraora|0 fnt\n|faint|p1a: Zeraora\n|\n|-heal|p2a: Cinderace|20\/100|[from] Grassy Terrain\n|-fieldend|move: Grassy Terrain\n|upkeep\n|-message|free rent forfeited.\n|\n|win|wsdfg\n|l|\u203dfree rent\n|l| hypervortexreturns\n|l|\u2606wsdfg\n","uploadtime":1613079259,"views":49,"p1id":"freerent","p2id":"wsdfg","formatid":"gen8ou","rating":0,"private":0,"password":null}