{"id":"gen8ou-1592235705","p1":"LECH24","p2":"YeediaEL","format":"gen8ou","log":"|j|\u2606LECH24\n|j|\u2606YeediaEL\n|t:|1654733440\n|gametype|singles\n|player|p1|LECH24|1|1612\n|player|p2|YeediaEL|blue|1567\n|teamsize|p1|6\n|teamsize|p2|6\n|gen|8\n|tier|[Gen 8] OU\n|rated|\n|rule|Sleep Clause Mod: Limit one foe put to sleep\n|rule|Species Clause: Limit one of each Pok\u00e9mon\n|rule|OHKO Clause: OHKO moves are banned\n|rule|Evasion Moves Clause: Evasion moves are banned\n|rule|Endless Battle Clause: Forcing endless battles is banned\n|rule|HP Percentage Mod: HP is shown in percentages\n|rule|Dynamax Clause: You cannot dynamax\n|clearpoke\n|poke|p1|Blacephalon|\n|poke|p1|Urshifu-*, F|\n|poke|p1|Tornadus-Therian, M|\n|poke|p1|Heatran, F|\n|poke|p1|Landorus-Therian, M|\n|poke|p1|Clefable, F|\n|poke|p2|Chansey, F|\n|poke|p2|Corviknight, M|\n|poke|p2|Pelipper, M|\n|poke|p2|Dragapult, M|\n|poke|p2|Rillaboom, M|\n|poke|p2|Urshifu-*, M|\n|teampreview\n|inactive|Battle timer is ON: inactive players will automatically lose when time's up. (requested by YeediaEL)\n|\n|t:|1654733464\n|start\n|switch|p1a: Tornadus|Tornadus-Therian, M|100\/100\n|switch|p2a: Dragapult|Dragapult, M|100\/100\n|turn|1\n|\n|t:|1654733472\n|move|p2a: Dragapult|Draco Meteor|p1a: Tornadus\n|-damage|p1a: Tornadus|9\/100\n|-unboost|p2a: Dragapult|spa|2\n|move|p1a: Tornadus|Knock Off|p2a: Dragapult\n|-supereffective|p2a: Dragapult\n|-damage|p2a: Dragapult|43\/100\n|-enditem|p2a: Dragapult|Choice Specs|[from] move: Knock Off|[of] p1a: Tornadus\n|\n|upkeep\n|turn|2\n|\n|t:|1654733485\n|switch|p1a: Clefable|Clefable, F|100\/100\n|move|p2a: Dragapult|U-turn|p1a: Clefable\n|-resisted|p1a: Clefable\n|-damage|p1a: Clefable|93\/100\n|\n|t:|1654733500\n|switch|p2a: Pelipper|Pelipper, M|100\/100|[from]move: U-turn\n|-weather|RainDance|[from] ability: Drizzle|[of] p2a: Pelipper\n|\n|-weather|RainDance|[upkeep]\n|-heal|p1a: Clefable|99\/100|[from] item: Leftovers\n|upkeep\n|turn|3\n|\n|t:|1654733516\n|switch|p1a: Urshifu|Urshifu-Rapid-Strike, F|100\/100\n|move|p2a: Pelipper|U-turn|p1a: Urshifu\n|-resisted|p1a: Urshifu\n|-damage|p1a: Urshifu|96\/100\n|j| ThisIsntHilarious\n|\n|t:|1654733523\n|switch|p2a: Rillaboom|Rillaboom, M|100\/100|[from]move: U-turn\n|-fieldstart|move: Grassy Terrain|[from] ability: Grassy Surge|[of] p2a: Rillaboom\n|\n|-weather|RainDance|[upkeep]\n|-heal|p1a: Urshifu|100\/100|[from] Grassy Terrain\n|upkeep\n|turn|4\n|l| ThisIsntHilarious\n|\n|t:|1654733532\n|move|p1a: Urshifu|Close Combat|p2a: Rillaboom\n|-damage|p2a: Rillaboom|35\/100\n|-unboost|p1a: Urshifu|def|1\n|-unboost|p1a: Urshifu|spd|1\n|move|p2a: Rillaboom|U-turn|p1a: Urshifu\n|-resisted|p1a: Urshifu\n|-damage|p1a: Urshifu|70\/100\n|\n|t:|1654733544\n|switch|p2a: Dragapult|Dragapult, M|43\/100|[from]move: U-turn\n|\n|-weather|RainDance|[upkeep]\n|-heal|p2a: Dragapult|49\/100|[from] Grassy Terrain\n|-heal|p1a: Urshifu|76\/100|[from] Grassy Terrain\n|upkeep\n|turn|5\n|\n|t:|1654733552\n|switch|p1a: Clefable|Clefable, F|99\/100\n|move|p2a: Dragapult|U-turn|p1a: Clefable\n|-resisted|p1a: Clefable\n|-damage|p1a: Clefable|91\/100\n|\n|t:|1654733557\n|switch|p2a: Urshifu|Urshifu-Rapid-Strike, M|100\/100|[from]move: U-turn\n|\n|-weather|RainDance|[upkeep]\n|-heal|p1a: Clefable|97\/100|[from] Grassy Terrain\n|-heal|p1a: Clefable|100\/100|[from] item: Leftovers\n|upkeep\n|turn|6\n|inactive|LECH24 has 120 seconds left.\n|inactive|LECH24 has 90 seconds left.\n|\n|t:|1654733631\n|switch|p1a: Urshifu|Urshifu-Rapid-Strike, F|76\/100\n|move|p2a: Urshifu|Surging Strikes|p1a: Urshifu\n|-resisted|p1a: Urshifu\n|-crit|p1a: Urshifu\n|-damage|p1a: Urshifu|54\/100\n|-resisted|p1a: Urshifu\n|-crit|p1a: Urshifu\n|-damage|p1a: Urshifu|30\/100\n|-resisted|p1a: Urshifu\n|-crit|p1a: Urshifu\n|-damage|p1a: Urshifu|6\/100\n|-hitcount|p1a: Urshifu|3\n|\n|-weather|RainDance|[upkeep]\n|-heal|p1a: Urshifu|13\/100|[from] Grassy Terrain\n|upkeep\n|turn|7\n|\n|t:|1654733647\n|switch|p2a: Pelipper|Pelipper, M|100\/100\n|move|p1a: Urshifu|Close Combat|p2a: Pelipper\n|-resisted|p2a: Pelipper\n|-damage|p2a: Pelipper|78\/100\n|-unboost|p1a: Urshifu|def|1\n|-unboost|p1a: Urshifu|spd|1\n|\n|-weather|RainDance|[upkeep]\n|-heal|p1a: Urshifu|19\/100|[from] Grassy Terrain\n|-fieldend|move: Grassy Terrain\n|upkeep\n|turn|8\n|inactive|LECH24 has 90 seconds left.\n|\n|t:|1654733659\n|switch|p1a: Tornadus|Tornadus-Therian, M|42\/100\n|move|p2a: Pelipper|U-turn|p1a: Tornadus\n|-resisted|p1a: Tornadus\n|-damage|p1a: Tornadus|38\/100\n|\n|t:|1654733665\n|switch|p2a: Dragapult|Dragapult, M|49\/100|[from]move: U-turn\n|\n|-weather|RainDance|[upkeep]\n|upkeep\n|turn|9\n|\n|t:|1654733671\n|switch|p1a: Clefable|Clefable, F|100\/100\n|move|p2a: Dragapult|Thunder|p1a: Clefable\n|-damage|p1a: Clefable|69\/100\n|\n|-weather|none\n|-heal|p1a: Clefable|75\/100|[from] item: Leftovers\n|upkeep\n|turn|10\n|\n|t:|1654733685\n|move|p2a: Dragapult|U-turn|p1a: Clefable\n|-resisted|p1a: Clefable\n|-damage|p1a: Clefable|67\/100\n|\n|t:|1654733692\n|switch|p2a: Corviknight|Corviknight, M|100\/100|[from]move: U-turn\n|-ability|p2a: Corviknight|Pressure\n|move|p1a: Clefable|Knock Off|p2a: Corviknight\n|-damage|p2a: Corviknight|90\/100\n|-enditem|p2a: Corviknight|Rocky Helmet|[from] move: Knock Off|[of] p1a: Clefable\n|\n|-heal|p1a: Clefable|73\/100|[from] item: Leftovers\n|upkeep\n|turn|11\n|\n|t:|1654733703\n|move|p2a: Corviknight|U-turn|p1a: Clefable\n|-resisted|p1a: Clefable\n|-crit|p1a: Clefable\n|-damage|p1a: Clefable|65\/100\n|\n|t:|1654733709\n|switch|p2a: Pelipper|Pelipper, M|78\/100|[from]move: U-turn\n|-weather|RainDance|[from] ability: Drizzle|[of] p2a: Pelipper\n|move|p1a: Clefable|Soft-Boiled|p1a: Clefable\n|-heal|p1a: Clefable|100\/100\n|\n|-weather|RainDance|[upkeep]\n|upkeep\n|turn|12\n|\n|t:|1654733719\n|switch|p1a: Urshifu|Urshifu-Rapid-Strike, F|19\/100\n|move|p2a: Pelipper|U-turn|p1a: Urshifu\n|-resisted|p1a: Urshifu\n|-damage|p1a: Urshifu|15\/100\n|\n|t:|1654733741\n|switch|p2a: Urshifu|Urshifu-Rapid-Strike, M|100\/100|[from]move: U-turn\n|\n|-weather|RainDance|[upkeep]\n|upkeep\n|turn|13\n|\n|t:|1654733747\n|move|p2a: Urshifu|Aqua Jet|p1a: Urshifu\n|-resisted|p1a: Urshifu\n|-damage|p1a: Urshifu|0 fnt\n|faint|p1a: Urshifu\n|\n|-weather|RainDance|[upkeep]\n|upkeep\n|\n|t:|1654733752\n|switch|p1a: Tornadus|Tornadus-Therian, M|71\/100\n|turn|14\n|\n|t:|1654733760\n|switch|p2a: Chansey|Chansey, F|100\/100\n|move|p1a: Tornadus|U-turn|p2a: Chansey\n|-crit|p2a: Chansey\n|-damage|p2a: Chansey|85\/100\n|\n|t:|1654733764\n|switch|p1a: Landorus|Landorus-Therian, M|100\/100|[from]move: U-turn\n|-ability|p1a: Landorus|Intimidate|boost\n|-unboost|p2a: Chansey|atk|1\n|\n|-weather|RainDance|[upkeep]\n|upkeep\n|turn|15\n|\n|t:|1654733772\n|switch|p2a: Corviknight|Corviknight, M|90\/100\n|-ability|p2a: Corviknight|Pressure\n|move|p1a: Landorus|Stealth Rock|p2a: Corviknight\n|-sidestart|p2: YeediaEL|move: Stealth Rock\n|\n|-weather|RainDance|[upkeep]\n|upkeep\n|turn|16\n|\n|t:|1654733780\n|move|p1a: Landorus|U-turn|p2a: Corviknight\n|-resisted|p2a: Corviknight\n|-damage|p2a: Corviknight|87\/100\n|\n|t:|1654733786\n|switch|p1a: Heatran|Heatran, F|100\/100|[from]move: U-turn\n|move|p2a: Corviknight|Defog|p1a: Heatran\n|-unboost|p1a: Heatran|evasion|1\n|-sideend|p2: YeediaEL|Stealth Rock|[from] move: Defog|[of] p2a: Corviknight\n|\n|-weather|RainDance|[upkeep]\n|upkeep\n|turn|17\n|\n|t:|1654733796\n|switch|p1a: Tornadus|Tornadus-Therian, M|100\/100\n|move|p2a: Corviknight|U-turn|p1a: Tornadus\n|-resisted|p1a: Tornadus\n|-damage|p1a: Tornadus|94\/100\n|\n|t:|1654733813\n|switch|p2a: Dragapult|Dragapult, M|49\/100|[from]move: U-turn\n|\n|-weather|RainDance|[upkeep]\n|upkeep\n|turn|18\n|\n|t:|1654733828\n|switch|p1a: Landorus|Landorus-Therian, M|100\/100\n|-ability|p1a: Landorus|Intimidate|boost\n|-unboost|p2a: Dragapult|atk|1\n|move|p2a: Dragapult|U-turn|p1a: Landorus\n|-resisted|p1a: Landorus\n|-damage|p1a: Landorus|95\/100\n|\n|t:|1654733841\n|switch|p2a: Urshifu|Urshifu-Rapid-Strike, M|100\/100|[from]move: U-turn\n|\n|-weather|none\n|-heal|p1a: Landorus|100\/100|[from] item: Leftovers\n|upkeep\n|turn|19\n|\n|t:|1654733848\n|switch|p1a: Tornadus|Tornadus-Therian, M|100\/100\n|move|p2a: Urshifu|Surging Strikes|p1a: Tornadus\n|-crit|p1a: Tornadus\n|-damage|p1a: Tornadus|74\/100\n|-crit|p1a: Tornadus\n|-damage|p1a: Tornadus|46\/100\n|-crit|p1a: Tornadus\n|-damage|p1a: Tornadus|20\/100\n|-hitcount|p1a: Tornadus|3\n|\n|upkeep\n|turn|20\n|\n|t:|1654733862\n|switch|p2a: Chansey|Chansey, F|85\/100\n|move|p1a: Tornadus|Hurricane|p2a: Chansey\n|-crit|p2a: Chansey\n|-damage|p2a: Chansey|67\/100\n|\n|upkeep\n|turn|21\n|\n|t:|1654733870\n|move|p1a: Tornadus|U-turn|p2a: Chansey\n|-damage|p2a: Chansey|57\/100\n|\n|t:|1654733872\n|switch|p1a: Blacephalon|Blacephalon|100\/100|[from]move: U-turn\n|move|p2a: Chansey|Teleport|p2a: Chansey\n|\n|t:|1654733886\n|switch|p2a: Pelipper|Pelipper, M|78\/100|[from]move: Teleport\n|-weather|RainDance|[from] ability: Drizzle|[of] p2a: Pelipper\n|\n|-weather|RainDance|[upkeep]\n|upkeep\n|turn|22\n|\n|t:|1654733895\n|switch|p2a: Chansey|Chansey, F|57\/100\n|move|p1a: Blacephalon|Shadow Ball|p2a: Chansey\n|-immune|p2a: Chansey\n|\n|-weather|RainDance|[upkeep]\n|upkeep\n|turn|23\n|\n|t:|1654733903\n|switch|p1a: Tornadus|Tornadus-Therian, M|53\/100\n|move|p2a: Chansey|Soft-Boiled|p2a: Chansey\n|-heal|p2a: Chansey|100\/100\n|\n|-weather|RainDance|[upkeep]\n|upkeep\n|turn|24\n|\n|t:|1654733911\n|move|p1a: Tornadus|U-turn|p2a: Chansey\n|-damage|p2a: Chansey|91\/100\n|\n|t:|1654733914\n|switch|p1a: Blacephalon|Blacephalon|100\/100|[from]move: U-turn\n|move|p2a: Chansey|Toxic|p1a: Blacephalon\n|-status|p1a: Blacephalon|tox\n|\n|-weather|RainDance|[upkeep]\n|-damage|p1a: Blacephalon|94\/100 tox|[from] psn\n|upkeep\n|turn|25\n|\n|t:|1654733924\n|switch|p1a: Tornadus|Tornadus-Therian, M|86\/100\n|move|p2a: Chansey|Teleport|p2a: Chansey\n|\n|t:|1654733931\n|switch|p2a: Dragapult|Dragapult, M|49\/100|[from]move: Teleport\n|\n|-weather|RainDance|[upkeep]\n|upkeep\n|turn|26\n|\n|t:|1654733939\n|move|p2a: Dragapult|Shadow Ball|p1a: Tornadus\n|-damage|p1a: Tornadus|51\/100\n|move|p1a: Tornadus|Knock Off|p2a: Dragapult\n|-supereffective|p2a: Dragapult\n|-damage|p2a: Dragapult|10\/100\n|\n|-weather|RainDance|[upkeep]\n|upkeep\n|turn|27\n|\n|t:|1654733948\n|switch|p1a: Clefable|Clefable, F|100\/100\n|move|p2a: Dragapult|Shadow Ball|p1a: Clefable\n|-damage|p1a: Clefable|69\/100\n|\n|-weather|RainDance|[upkeep]\n|-heal|p1a: Clefable|75\/100|[from] item: Leftovers\n|upkeep\n|turn|28\n|\n|t:|1654733959\n|move|p2a: Dragapult|U-turn|p1a: Clefable\n|-resisted|p1a: Clefable\n|-damage|p1a: Clefable|69\/100\n|\n|t:|1654733966\n|switch|p2a: Corviknight|Corviknight, M|87\/100|[from]move: U-turn\n|-ability|p2a: Corviknight|Pressure\n|move|p1a: Clefable|Calm Mind|p1a: Clefable\n|-boost|p1a: Clefable|spa|1\n|-boost|p1a: Clefable|spd|1\n|\n|-weather|none\n|-heal|p1a: Clefable|75\/100|[from] item: Leftovers\n|upkeep\n|turn|29\n|\n|t:|1654733979\n|move|p2a: Corviknight|U-turn|p1a: Clefable\n|-resisted|p1a: Clefable\n|-damage|p1a: Clefable|69\/100\n|\n|t:|1654733988\n|switch|p2a: Pelipper|Pelipper, M|78\/100|[from]move: U-turn\n|-weather|RainDance|[from] ability: Drizzle|[of] p2a: Pelipper\n|move|p1a: Clefable|Knock Off|p2a: Pelipper\n|-damage|p2a: Pelipper|66\/100\n|-enditem|p2a: Pelipper|Damp Rock|[from] move: Knock Off|[of] p1a: Clefable\n|\n|-weather|RainDance|[upkeep]\n|-heal|p1a: Clefable|75\/100|[from] item: Leftovers\n|upkeep\n|turn|30\n|\n|t:|1654734000\n|move|p2a: Pelipper|U-turn|p1a: Clefable\n|-resisted|p1a: Clefable\n|-damage|p1a: Clefable|72\/100\n|\n|t:|1654734004\n|switch|p2a: Chansey|Chansey, F|91\/100|[from]move: U-turn\n|move|p1a: Clefable|Moonblast|p2a: Chansey\n|-damage|p2a: Chansey|77\/100\n|\n|-weather|RainDance|[upkeep]\n|-heal|p1a: Clefable|78\/100|[from] item: Leftovers\n|upkeep\n|turn|31\n|\n|t:|1654734020\n|switch|p1a: Tornadus|Tornadus-Therian, M|84\/100\n|move|p2a: Chansey|Teleport|p2a: Chansey\n|\n|t:|1654734040\n|switch|p2a: Dragapult|Dragapult, M|10\/100|[from]move: Teleport\n|\n|-weather|RainDance|[upkeep]\n|upkeep\n|turn|32\n|\n|t:|1654734046\n|move|p2a: Dragapult|U-turn|p1a: Tornadus\n|-resisted|p1a: Tornadus\n|-damage|p1a: Tornadus|77\/100\n|\n|t:|1654734052\n|switch|p2a: Chansey|Chansey, F|77\/100|[from]move: U-turn\n|move|p1a: Tornadus|Knock Off|p2a: Chansey\n|-damage|p2a: Chansey|64\/100\n|-enditem|p2a: Chansey|Eviolite|[from] move: Knock Off|[of] p1a: Tornadus\n|\n|-weather|RainDance|[upkeep]\n|upkeep\n|turn|33\n|\n|t:|1654734063\n|move|p1a: Tornadus|Hurricane|p2a: Chansey\n|-damage|p2a: Chansey|46\/100\n|-start|p2a: Chansey|confusion\n|-activate|p2a: Chansey|confusion\n|-damage|p2a: Chansey|46\/100|[from] confusion\n|\n|-weather|RainDance|[upkeep]\n|upkeep\n|turn|34\n|\n|t:|1654734071\n|move|p1a: Tornadus|U-turn|p2a: Chansey\n|-damage|p2a: Chansey|32\/100\n|\n|t:|1654734079\n|switch|p1a: Blacephalon|Blacephalon|94\/100 tox|[from]move: U-turn\n|-end|p2a: Chansey|confusion\n|move|p2a: Chansey|Soft-Boiled|p2a: Chansey\n|-heal|p2a: Chansey|82\/100\n|\n|-weather|RainDance|[upkeep]\n|-damage|p1a: Blacephalon|88\/100 tox|[from] psn\n|upkeep\n|turn|35\n|\n|t:|1654734091\n|switch|p1a: Tornadus|Tornadus-Therian, M|100\/100\n|move|p2a: Chansey|Teleport|p2a: Chansey\n|\n|t:|1654734096\n|switch|p2a: Dragapult|Dragapult, M|10\/100|[from]move: Teleport\n|\n|-weather|RainDance|[upkeep]\n|upkeep\n|turn|36\n|\n|t:|1654734102\n|move|p2a: Dragapult|Thunder|p1a: Tornadus\n|-supereffective|p1a: Tornadus\n|-damage|p1a: Tornadus|36\/100\n|move|p1a: Tornadus|Hurricane|p2a: Dragapult\n|-damage|p2a: Dragapult|0 fnt\n|faint|p2a: Dragapult\n|\n|-weather|none\n|upkeep\n|\n|t:|1654734118\n|switch|p2a: Corviknight|Corviknight, M|87\/100\n|-ability|p2a: Corviknight|Pressure\n|turn|37\n|\n|t:|1654734124\n|move|p1a: Tornadus|U-turn|p2a: Corviknight\n|-resisted|p2a: Corviknight\n|-damage|p2a: Corviknight|85\/100\n|\n|t:|1654734126\n|switch|p1a: Clefable|Clefable, F|78\/100|[from]move: U-turn\n|move|p2a: Corviknight|U-turn|p1a: Clefable\n|-resisted|p1a: Clefable\n|-damage|p1a: Clefable|73\/100\n|\n|t:|1654734136\n|switch|p2a: Rillaboom|Rillaboom, M|35\/100|[from]move: U-turn\n|-fieldstart|move: Grassy Terrain|[from] ability: Grassy Surge|[of] p2a: Rillaboom\n|\n|-heal|p2a: Rillaboom|42\/100|[from] Grassy Terrain\n|-heal|p1a: Clefable|79\/100|[from] Grassy Terrain\n|-heal|p1a: Clefable|85\/100|[from] item: Leftovers\n|upkeep\n|turn|38\n|\n|t:|1654734151\n|switch|p1a: Heatran|Heatran, F|100\/100\n|move|p2a: Rillaboom|U-turn|p1a: Heatran\n|-resisted|p1a: Heatran\n|-damage|p1a: Heatran|92\/100\n|\n|t:|1654734157\n|switch|p2a: Urshifu|Urshifu-Rapid-Strike, M|100\/100|[from]move: U-turn\n|\n|-heal|p1a: Heatran|98\/100|[from] Grassy Terrain\n|-heal|p1a: Heatran|100\/100|[from] item: Leftovers\n|upkeep\n|turn|39\n|\n|t:|1654734178\n|switch|p1a: Landorus|Landorus-Therian, M|100\/100\n|-ability|p1a: Landorus|Intimidate|boost\n|-unboost|p2a: Urshifu|atk|1\n|move|p2a: Urshifu|Surging Strikes|p1a: Landorus\n|-supereffective|p1a: Landorus\n|-crit|p1a: Landorus\n|-damage|p1a: Landorus|40\/100\n|-supereffective|p1a: Landorus\n|-crit|p1a: Landorus\n|-damage|p1a: Landorus|0 fnt\n|faint|p1a: Landorus\n|-hitcount|p1: Landorus|2\n|\n|upkeep\n|\n|t:|1654734186\n|switch|p1a: Clefable|Clefable, F|85\/100\n|turn|40\n|\n|t:|1654734208\n|switch|p2a: Pelipper|Pelipper, M|66\/100\n|-weather|RainDance|[from] ability: Drizzle|[of] p2a: Pelipper\n|move|p1a: Clefable|Moonblast|p2a: Pelipper\n|-damage|p2a: Pelipper|21\/100\n|\n|-weather|RainDance|[upkeep]\n|-heal|p1a: Clefable|91\/100|[from] Grassy Terrain\n|-heal|p1a: Clefable|97\/100|[from] item: Leftovers\n|upkeep\n|turn|41\n|\n|t:|1654734220\n|move|p2a: Pelipper|Roost|p2a: Pelipper\n|-heal|p2a: Pelipper|71\/100\n|-singleturn|p2a: Pelipper|move: Roost\n|move|p1a: Clefable|Moonblast|p2a: Pelipper\n|-damage|p2a: Pelipper|27\/100\n|-unboost|p2a: Pelipper|spa|1\n|\n|-weather|RainDance|[upkeep]\n|-heal|p2a: Pelipper|33\/100|[from] Grassy Terrain\n|-heal|p1a: Clefable|100\/100|[from] Grassy Terrain\n|-fieldend|move: Grassy Terrain\n|upkeep\n|turn|42\n|\n|t:|1654734234\n|move|p2a: Pelipper|Roost|p2a: Pelipper\n|-heal|p2a: Pelipper|83\/100\n|-singleturn|p2a: Pelipper|move: Roost\n|move|p1a: Clefable|Moonblast|p2a: Pelipper\n|-damage|p2a: Pelipper|40\/100\n|-unboost|p2a: Pelipper|spa|1\n|\n|-weather|RainDance|[upkeep]\n|upkeep\n|turn|43\n|\n|t:|1654734244\n|move|p2a: Pelipper|Roost|p2a: Pelipper\n|-heal|p2a: Pelipper|91\/100\n|-singleturn|p2a: Pelipper|move: Roost\n|move|p1a: Clefable|Moonblast|p2a: Pelipper\n|-damage|p2a: Pelipper|44\/100\n|-unboost|p2a: Pelipper|spa|1\n|\n|-weather|RainDance|[upkeep]\n|upkeep\n|turn|44\n|\n|t:|1654734257\n|move|p2a: Pelipper|Roost|p2a: Pelipper\n|-heal|p2a: Pelipper|94\/100\n|-singleturn|p2a: Pelipper|move: Roost\n|move|p1a: Clefable|Calm Mind|p1a: Clefable\n|-boost|p1a: Clefable|spa|1\n|-boost|p1a: Clefable|spd|1\n|\n|-weather|none\n|upkeep\n|turn|45\n|\n|t:|1654734270\n|switch|p2a: Corviknight|Corviknight, M|85\/100\n|-ability|p2a: Corviknight|Pressure\n|move|p1a: Clefable|Moonblast|p2a: Corviknight\n|-resisted|p2a: Corviknight\n|-damage|p2a: Corviknight|64\/100\n|\n|upkeep\n|turn|46\n|\n|t:|1654734283\n|move|p2a: Corviknight|U-turn|p1a: Clefable\n|-resisted|p1a: Clefable\n|-damage|p1a: Clefable|95\/100\n|\n|t:|1654734289\n|switch|p2a: Chansey|Chansey, F|82\/100|[from]move: U-turn\n|move|p1a: Clefable|Calm Mind|p1a: Clefable\n|-boost|p1a: Clefable|spa|1\n|-boost|p1a: Clefable|spd|1\n|\n|-heal|p1a: Clefable|100\/100|[from] item: Leftovers\n|upkeep\n|turn|47\n|\n|t:|1654734303\n|move|p1a: Clefable|Moonblast|p2a: Chansey\n|-damage|p2a: Chansey|51\/100\n|move|p2a: Chansey|Teleport|p2a: Chansey\n|\n|t:|1654734307\n|switch|p2a: Rillaboom|Rillaboom, M|42\/100|[from]move: Teleport\n|-fieldstart|move: Grassy Terrain|[from] ability: Grassy Surge|[of] p2a: Rillaboom\n|\n|-heal|p2a: Rillaboom|48\/100|[from] Grassy Terrain\n|upkeep\n|turn|48\n|\n|t:|1654734315\n|switch|p1a: Tornadus|Tornadus-Therian, M|70\/100\n|move|p2a: Rillaboom|Wood Hammer|p1a: Tornadus\n|-resisted|p1a: Tornadus\n|-damage|p1a: Tornadus|20\/100\n|-damage|p2a: Rillaboom|31\/100|[from] Recoil\n|\n|-heal|p2a: Rillaboom|37\/100|[from] Grassy Terrain\n|upkeep\n|turn|49\n|\n|t:|1654734327\n|switch|p2a: Corviknight|Corviknight, M|64\/100\n|-ability|p2a: Corviknight|Pressure\n|move|p1a: Tornadus|U-turn|p2a: Corviknight\n|-resisted|p2a: Corviknight\n|-damage|p2a: Corviknight|61\/100\n|\n|t:|1654734338\n|switch|p1a: Blacephalon|Blacephalon|88\/100 tox|[from]move: U-turn\n|\n|-heal|p1a: Blacephalon|94\/100 tox|[from] Grassy Terrain\n|-damage|p1a: Blacephalon|88\/100 tox|[from] psn\n|upkeep\n|turn|50\n|\n|t:|1654734350\n|switch|p2a: Chansey|Chansey, F|51\/100\n|move|p1a: Blacephalon|Flamethrower|p2a: Chansey\n|-damage|p2a: Chansey|15\/100\n|\n|-heal|p1a: Blacephalon|94\/100 tox|[from] Grassy Terrain\n|-heal|p2a: Chansey|22\/100|[from] Grassy Terrain\n|-damage|p1a: Blacephalon|82\/100 tox|[from] psn\n|upkeep\n|turn|51\n|\n|t:|1654734361\n|switch|p2a: Pelipper|Pelipper, M|94\/100\n|-weather|RainDance|[from] ability: Drizzle|[of] p2a: Pelipper\n|move|p1a: Blacephalon|Flamethrower|p2a: Pelipper\n|-resisted|p2a: Pelipper\n|-damage|p2a: Pelipper|67\/100\n|\n|-weather|RainDance|[upkeep]\n|-heal|p1a: Blacephalon|88\/100 tox|[from] Grassy Terrain\n|-damage|p1a: Blacephalon|70\/100 tox|[from] psn\n|-fieldend|move: Grassy Terrain\n|upkeep\n|turn|52\n|\n|t:|1654734373\n|switch|p1a: Tornadus|Tornadus-Therian, M|53\/100\n|move|p2a: Pelipper|U-turn|p1a: Tornadus\n|-resisted|p1a: Tornadus\n|-damage|p1a: Tornadus|50\/100\n|inactive|YeediaEL has 120 seconds left.\n|\n|t:|1654734401\n|switch|p2a: Chansey|Chansey, F|22\/100|[from]move: U-turn\n|\n|-weather|RainDance|[upkeep]\n|upkeep\n|turn|53\n|\n|t:|1654734407\n|move|p1a: Tornadus|Hurricane|p2a: Chansey\n|-damage|p2a: Chansey|3\/100\n|move|p2a: Chansey|Soft-Boiled|p2a: Chansey\n|-heal|p2a: Chansey|53\/100\n|\n|-weather|RainDance|[upkeep]\n|upkeep\n|turn|54\n|\n|t:|1654734417\n|move|p1a: Tornadus|U-turn|p2a: Chansey\n|-damage|p2a: Chansey|40\/100\n|\n|t:|1654734421\n|switch|p1a: Clefable|Clefable, F|100\/100|[from]move: U-turn\n|move|p2a: Chansey|Soft-Boiled|p2a: Chansey\n|-heal|p2a: Chansey|90\/100\n|\n|-weather|RainDance|[upkeep]\n|upkeep\n|turn|55\n|\n|t:|1654734431\n|switch|p1a: Tornadus|Tornadus-Therian, M|83\/100\n|move|p2a: Chansey|Teleport|p2a: Chansey\n|\n|t:|1654734439\n|switch|p2a: Corviknight|Corviknight, M|61\/100|[from]move: Teleport\n|-ability|p2a: Corviknight|Pressure\n|\n|-weather|none\n|upkeep\n|turn|56\n|\n|t:|1654734451\n|switch|p1a: Clefable|Clefable, F|100\/100\n|move|p2a: Corviknight|U-turn|p1a: Clefable\n|-resisted|p1a: Clefable\n|-damage|p1a: Clefable|96\/100\n|\n|t:|1654734458\n|switch|p2a: Rillaboom|Rillaboom, M|37\/100|[from]move: U-turn\n|-fieldstart|move: Grassy Terrain|[from] ability: Grassy Surge|[of] p2a: Rillaboom\n|\n|-heal|p2a: Rillaboom|43\/100|[from] Grassy Terrain\n|-heal|p1a: Clefable|100\/100|[from] Grassy Terrain\n|upkeep\n|turn|57\n|\n|t:|1654734467\n|move|p2a: Rillaboom|U-turn|p1a: Clefable\n|-resisted|p1a: Clefable\n|-damage|p1a: Clefable|86\/100\n|\n|t:|1654734479\n|switch|p2a: Chansey|Chansey, F|90\/100|[from]move: U-turn\n|move|p1a: Clefable|Calm Mind|p1a: Clefable\n|-boost|p1a: Clefable|spa|1\n|-boost|p1a: Clefable|spd|1\n|\n|-heal|p1a: Clefable|92\/100|[from] Grassy Terrain\n|-heal|p1a: Clefable|98\/100|[from] item: Leftovers\n|-heal|p2a: Chansey|96\/100|[from] Grassy Terrain\n|upkeep\n|turn|58\n|\n|t:|1654734493\n|move|p1a: Clefable|Calm Mind|p1a: Clefable\n|-boost|p1a: Clefable|spa|1\n|-boost|p1a: Clefable|spd|1\n|move|p2a: Chansey|Teleport|p2a: Chansey\n|\n|t:|1654734499\n|switch|p2a: Rillaboom|Rillaboom, M|43\/100|[from]move: Teleport\n|\n|-heal|p2a: Rillaboom|49\/100|[from] Grassy Terrain\n|-heal|p1a: Clefable|100\/100|[from] Grassy Terrain\n|upkeep\n|turn|59\n|\n|t:|1654734507\n|move|p2a: Rillaboom|Wood Hammer|p1a: Clefable\n|-damage|p1a: Clefable|4\/100\n|-damage|p2a: Rillaboom|13\/100|[from] Recoil\n|move|p1a: Clefable|Soft-Boiled|p1a: Clefable\n|-heal|p1a: Clefable|54\/100\n|\n|-heal|p2a: Rillaboom|19\/100|[from] Grassy Terrain\n|-heal|p1a: Clefable|60\/100|[from] Grassy Terrain\n|-heal|p1a: Clefable|66\/100|[from] item: Leftovers\n|upkeep\n|turn|60\n|\n|t:|1654734518\n|switch|p1a: Tornadus|Tornadus-Therian, M|100\/100\n|move|p2a: Rillaboom|Wood Hammer|p1a: Tornadus\n|-resisted|p1a: Tornadus\n|-damage|p1a: Tornadus|43\/100\n|-damage|p2a: Rillaboom|0 fnt|[from] Recoil\n|faint|p2a: Rillaboom\n|\n|-fieldend|move: Grassy Terrain\n|upkeep\n|\n|t:|1654734536\n|switch|p2a: Corviknight|Corviknight, M|61\/100\n|-ability|p2a: Corviknight|Pressure\n|turn|61\n|\n|t:|1654734547\n|move|p1a: Tornadus|Hurricane|p2a: Corviknight|[miss]\n|-miss|p1a: Tornadus|p2a: Corviknight\n|move|p2a: Corviknight|U-turn|p1a: Tornadus\n|-resisted|p1a: Tornadus\n|-damage|p1a: Tornadus|37\/100\n|\n|t:|1654734561\n|switch|p2a: Pelipper|Pelipper, M|67\/100|[from]move: U-turn\n|-weather|RainDance|[from] ability: Drizzle|[of] p2a: Pelipper\n|\n|-weather|RainDance|[upkeep]\n|upkeep\n|turn|62\n|\n|t:|1654734579\n|switch|p2a: Chansey|Chansey, F|96\/100\n|move|p1a: Tornadus|U-turn|p2a: Chansey\n|-damage|p2a: Chansey|82\/100\n|inactive|LECH24 has 120 seconds left.\n|\n|t:|1654734600\n|switch|p1a: Heatran|Heatran, F|100\/100|[from]move: U-turn\n|\n|-weather|RainDance|[upkeep]\n|upkeep\n|turn|63\n|inactive|LECH24 has 120 seconds left.\n|\n|t:|1654734611\n|move|p1a: Heatran|Taunt|p2a: Chansey\n|-start|p2a: Chansey|move: Taunt\n|cant|p2a: Chansey|move: Taunt|Teleport\n|\n|-weather|RainDance|[upkeep]\n|upkeep\n|turn|64\n|inactive|LECH24 has 120 seconds left.\n|\n|t:|1654734617\n|switch|p2a: Urshifu|Urshifu-Rapid-Strike, M|100\/100\n|move|p1a: Heatran|Toxic|p2a: Urshifu|[miss]\n|-miss|p1a: Heatran|p2a: Urshifu\n|\n|-weather|RainDance|[upkeep]\n|upkeep\n|turn|65\n|inactive|LECH24 has 120 seconds left.\n|\n|t:|1654734630\n|switch|p1a: Blacephalon|Blacephalon|70\/100 tox\n|move|p2a: Urshifu|Surging Strikes|p1a: Blacephalon\n|-supereffective|p1a: Blacephalon\n|-crit|p1a: Blacephalon\n|-damage|p1a: Blacephalon|0 fnt\n|faint|p1a: Blacephalon\n|-hitcount|p1: Blacephalon|1\n|\n|-weather|none\n|upkeep\n|\n|t:|1654734632\n|switch|p1a: Clefable|Clefable, F|66\/100\n|turn|66\n|\n|t:|1654734651\n|switch|p2a: Pelipper|Pelipper, M|67\/100\n|-weather|RainDance|[from] ability: Drizzle|[of] p2a: Pelipper\n|move|p1a: Clefable|Moonblast|p2a: Pelipper\n|-damage|p2a: Pelipper|23\/100\n|\n|-weather|RainDance|[upkeep]\n|-heal|p1a: Clefable|72\/100|[from] item: Leftovers\n|upkeep\n|turn|67\n|inactive|YeediaEL has 120 seconds left.\n|\n|t:|1654734661\n|move|p2a: Pelipper|U-turn|p1a: Clefable\n|-resisted|p1a: Clefable\n|-damage|p1a: Clefable|69\/100\n|inactive|YeediaEL has 120 seconds left.\n|\n|t:|1654734668\n|switch|p2a: Chansey|Chansey, F|82\/100|[from]move: U-turn\n|move|p1a: Clefable|Moonblast|p2a: Chansey\n|-damage|p2a: Chansey|66\/100\n|-unboost|p2a: Chansey|spa|1\n|\n|-weather|RainDance|[upkeep]\n|-heal|p1a: Clefable|75\/100|[from] item: Leftovers\n|upkeep\n|turn|68\n|inactive|YeediaEL has 120 seconds left.\n|\n|t:|1654734682\n|move|p1a: Clefable|Soft-Boiled|p1a: Clefable\n|-heal|p1a: Clefable|100\/100\n|move|p2a: Chansey|Toxic|p1a: Clefable\n|-status|p1a: Clefable|tox\n|\n|-weather|RainDance|[upkeep]\n|upkeep\n|turn|69\n|\n|t:|1654734692\n|switch|p1a: Tornadus|Tornadus-Therian, M|70\/100\n|move|p2a: Chansey|Toxic|p1a: Tornadus\n|-status|p1a: Tornadus|tox\n|\n|-weather|RainDance|[upkeep]\n|-damage|p1a: Tornadus|64\/100 tox|[from] psn\n|upkeep\n|turn|70\n|\n|t:|1654734703\n|move|p1a: Tornadus|U-turn|p2a: Chansey\n|-damage|p2a: Chansey|52\/100\n|\n|t:|1654734706\n|switch|p1a: Heatran|Heatran, F|100\/100|[from]move: U-turn\n|move|p2a: Chansey|Soft-Boiled|p2a: Chansey\n|-heal|p2a: Chansey|100\/100\n|\n|-weather|none\n|upkeep\n|turn|71\n|\n|t:|1654734715\n|switch|p2a: Urshifu|Urshifu-Rapid-Strike, M|100\/100\n|move|p1a: Heatran|Magma Storm|p2a: Urshifu\n|-resisted|p2a: Urshifu\n|-damage|p2a: Urshifu|67\/100\n|-activate|p2a: Urshifu|move: Magma Storm|[of] p1a: Heatran\n|\n|-damage|p2a: Urshifu|55\/100|[from] move: Magma Storm|[partiallytrapped]\n|upkeep\n|turn|72\n|\n|t:|1654734727\n|switch|p1a: Tornadus|Tornadus-Therian, M|98\/100 tox\n|move|p2a: Urshifu|Surging Strikes|p1a: Tornadus\n|-crit|p1a: Tornadus\n|-damage|p1a: Tornadus|73\/100 tox\n|-crit|p1a: Tornadus\n|-damage|p1a: Tornadus|47\/100 tox\n|-crit|p1a: Tornadus\n|-damage|p1a: Tornadus|22\/100 tox\n|-hitcount|p1a: Tornadus|3\n|\n|-damage|p1a: Tornadus|16\/100 tox|[from] psn\n|-end|p2a: Urshifu|Magma Storm|[partiallytrapped]|[silent]\n|upkeep\n|turn|73\n|\n|t:|1654734747\n|switch|p2a: Chansey|Chansey, F|100\/100\n|move|p1a: Tornadus|U-turn|p2a: Chansey\n|-damage|p2a: Chansey|88\/100\n|\n|t:|1654734749\n|switch|p1a: Heatran|Heatran, F|100\/100|[from]move: U-turn\n|\n|upkeep\n|turn|74\n|\n|t:|1654734760\n|move|p1a: Heatran|Toxic|p2a: Chansey\n|-status|p2a: Chansey|tox\n|move|p2a: Chansey|Teleport|p2a: Chansey\n|\n|t:|1654734765\n|-curestatus|p2a: Chansey|tox|[from] ability: Natural Cure\n|switch|p2a: Urshifu|Urshifu-Rapid-Strike, M|55\/100|[from]move: Teleport\n|\n|upkeep\n|turn|75\n|\n|t:|1654734784\n|switch|p1a: Tornadus|Tornadus-Therian, M|49\/100 tox\n|move|p2a: Urshifu|Surging Strikes|p1a: Tornadus\n|-crit|p1a: Tornadus\n|-damage|p1a: Tornadus|24\/100 tox\n|-crit|p1a: Tornadus\n|-damage|p1a: Tornadus|0 fnt\n|faint|p1a: Tornadus\n|-hitcount|p1: Tornadus|2\n|\n|upkeep\n|\n|t:|1654734786\n|switch|p1a: Clefable|Clefable, F|100\/100 tox\n|turn|76\n|\n|t:|1654734799\n|switch|p2a: Chansey|Chansey, F|88\/100\n|move|p1a: Clefable|Calm Mind|p1a: Clefable\n|-boost|p1a: Clefable|spa|1\n|-boost|p1a: Clefable|spd|1\n|\n|upkeep\n|turn|77\n|c|\u2606LECH24|If only that toxic hit\n|c|\u2606LECH24|Would been gg\n|\n|t:|1654734821\n|move|p1a: Clefable|Calm Mind|p1a: Clefable\n|-boost|p1a: Clefable|spa|1\n|-boost|p1a: Clefable|spd|1\n|move|p2a: Chansey|Teleport|p2a: Chansey\n|\n|t:|1654734825\n|switch|p2a: Pelipper|Pelipper, M|23\/100|[from]move: Teleport\n|-weather|RainDance|[from] ability: Drizzle|[of] p2a: Pelipper\n|\n|-weather|RainDance|[upkeep]\n|upkeep\n|turn|78\n|\n|t:|1654734832\n|move|p2a: Pelipper|U-turn|p1a: Clefable\n|-resisted|p1a: Clefable\n|-damage|p1a: Clefable|97\/100 tox\n|\n|t:|1654734835\n|switch|p2a: Chansey|Chansey, F|88\/100|[from]move: U-turn\n|move|p1a: Clefable|Calm Mind|p1a: Clefable\n|-boost|p1a: Clefable|spa|1\n|-boost|p1a: Clefable|spd|1\n|\n|-weather|RainDance|[upkeep]\n|-heal|p1a: Clefable|100\/100 tox|[from] item: Leftovers\n|upkeep\n|turn|79\n|\n|t:|1654734846\n|move|p1a: Clefable|Moonblast|p2a: Chansey\n|-damage|p2a: Chansey|54\/100\n|move|p2a: Chansey|Teleport|p2a: Chansey\n|\n|t:|1654734850\n|switch|p2a: Urshifu|Urshifu-Rapid-Strike, M|55\/100|[from]move: Teleport\n|\n|-weather|RainDance|[upkeep]\n|upkeep\n|turn|80\n|\n|t:|1654734856\n|move|p2a: Urshifu|Surging Strikes|p1a: Clefable\n|-crit|p1a: Clefable\n|-damage|p1a: Clefable|61\/100 tox\n|-crit|p1a: Clefable\n|-damage|p1a: Clefable|25\/100 tox\n|-crit|p1a: Clefable\n|-damage|p1a: Clefable|0 fnt\n|faint|p1a: Clefable\n|-hitcount|p1: Clefable|3\n|\n|-weather|RainDance|[upkeep]\n|upkeep\n|\n|t:|1654734858\n|switch|p1a: Heatran|Heatran, F|100\/100\n|turn|81\n|\n|t:|1654734868\n|move|p2a: Urshifu|Surging Strikes|p1a: Heatran\n|-supereffective|p1a: Heatran\n|-crit|p1a: Heatran\n|-damage|p1a: Heatran|23\/100\n|-supereffective|p1a: Heatran\n|-crit|p1a: Heatran\n|-damage|p1a: Heatran|0 fnt\n|faint|p1a: Heatran\n|-hitcount|p1: Heatran|2\n|\n|win|YeediaEL\n|raw|LECH24's rating: 1633 &rarr; <strong>1609<\/strong><br \/>(-24 for losing)\n|raw|YeediaEL's rating: 1567 &rarr; <strong>1591<\/strong><br \/>(+24 for winning)\n|c|\u2606LECH24|Gg kid\n|c|\u2606YeediaEL|Gg\n||Ladder isn't responding, score probably updated but might not have (Request timeout).\n","uploadtime":1654734934,"views":29,"p1id":"lech24","p2id":"yeediael","formatid":"gen8ou","rating":1591,"private":0,"password":null}