{"id":"gen8ou-1670627932","p1":"TheQzertz","p2":"Maitredouard2","format":"gen8ou","log":"|j|\u2606TheQzertz\n|j|\u2606Maitredouard2\n|t:|1664189808\n|gametype|singles\n|player|p1|TheQzertz|266|1627\n|player|p2|Maitredouard2|lance|1665\n|teamsize|p1|6\n|teamsize|p2|6\n|gen|8\n|tier|[Gen 8] OU\n|rated|\n|rule|Sleep Clause Mod: Limit one foe put to sleep\n|rule|Species Clause: Limit one of each Pok\u00e9mon\n|rule|OHKO Clause: OHKO moves are banned\n|rule|Evasion Items Clause: Evasion items are banned\n|rule|Evasion Moves Clause: Evasion moves are banned\n|rule|Endless Battle Clause: Forcing endless battles is banned\n|rule|HP Percentage Mod: HP is shown in percentages\n|rule|Dynamax Clause: You cannot dynamax\n|clearpoke\n|poke|p1|Tapu Lele|\n|poke|p1|Garchomp, M|\n|poke|p1|Ferrothorn, F|\n|poke|p1|Tornadus-Therian, M|\n|poke|p1|Heatran, M|\n|poke|p1|Weavile, M|\n|poke|p2|Mandibuzz, F|\n|poke|p2|Landorus-Therian, M|\n|poke|p2|Blissey, F|\n|poke|p2|Heatran, F|\n|poke|p2|Toxapex, F|\n|poke|p2|Tapu Lele|\n|teampreview\n|\n|t:|1664189834\n|start\n|switch|p1a: Garchomp|Garchomp, M|100\/100\n|switch|p2a: Landorus|Landorus-Therian, M|100\/100\n|-ability|p2a: Landorus|Intimidate|boost\n|-unboost|p1a: Garchomp|atk|1\n|turn|1\n|\n|t:|1664189855\n|switch|p2a: Tapu Lele|Tapu Lele|100\/100\n|-fieldstart|move: Psychic Terrain|[from] ability: Psychic Surge|[of] p2a: Tapu Lele\n|move|p1a: Garchomp|Stealth Rock|p2a: Tapu Lele\n|-sidestart|p2: Maitredouard2|move: Stealth Rock\n|\n|upkeep\n|turn|2\n|inactive|Battle timer is ON: inactive players will automatically lose when time's up. (requested by Maitredouard2)\n|\n|t:|1664189862\n|switch|p1a: Ferrothorn|Ferrothorn, F|100\/100\n|move|p2a: Tapu Lele|Focus Blast|p1a: Ferrothorn\n|-supereffective|p1a: Ferrothorn\n|-damage|p1a: Ferrothorn|1\/100\n|\n|-heal|p1a: Ferrothorn|7\/100|[from] item: Leftovers\n|upkeep\n|turn|3\n|\n|t:|1664189872\n|switch|p2a: Landorus|Landorus-Therian, M|100\/100\n|-damage|p2a: Landorus|88\/100|[from] Stealth Rock\n|-ability|p2a: Landorus|Intimidate|boost\n|-unboost|p1a: Ferrothorn|atk|1\n|switch|p1a: Tapu Lele|Tapu Lele|100\/100\n|\n|upkeep\n|turn|4\n|\n|t:|1664189883\n|move|p2a: Landorus|Explosion|p1a: Tapu Lele\n|-damage|p1a: Tapu Lele|0 fnt\n|faint|p2a: Landorus\n|faint|p1a: Tapu Lele\n|\n|upkeep\n|\n|t:|1664189893\n|switch|p2a: Heatran|Heatran, F|100\/100\n|switch|p1a: Garchomp|Garchomp, M|100\/100\n|-damage|p2a: Heatran|88\/100|[from] Stealth Rock\n|-item|p2a: Heatran|Air Balloon\n|turn|5\n|\n|t:|1664189900\n|move|p1a: Garchomp|Stone Edge|p2a: Heatran|[miss]\n|-miss|p1a: Garchomp|p2a: Heatran\n|move|p2a: Heatran|Stealth Rock|p1a: Garchomp\n|-sidestart|p1: TheQzertz|move: Stealth Rock\n|\n|-fieldend|move: Psychic Terrain\n|upkeep\n|turn|6\n|\n|t:|1664189908\n|switch|p2a: Mandibuzz|Mandibuzz, F|100\/100\n|move|p1a: Garchomp|Stone Edge|p2a: Mandibuzz\n|-supereffective|p2a: Mandibuzz\n|-damage|p2a: Mandibuzz|55\/100\n|\n|upkeep\n|turn|7\n|\n|t:|1664189917\n|move|p1a: Garchomp|Swords Dance|p1a: Garchomp\n|-boost|p1a: Garchomp|atk|2\n|move|p2a: Mandibuzz|Roost|p2a: Mandibuzz\n|-heal|p2a: Mandibuzz|100\/100\n|-singleturn|p2a: Mandibuzz|move: Roost\n|\n|upkeep\n|turn|8\n|\n|t:|1664189924\n|move|p1a: Garchomp|Stone Edge|p2a: Mandibuzz\n|-supereffective|p2a: Mandibuzz\n|-crit|p2a: Mandibuzz\n|-damage|p2a: Mandibuzz|0 fnt\n|faint|p2a: Mandibuzz\n|\n|upkeep\n|\n|t:|1664189930\n|switch|p2a: Tapu Lele|Tapu Lele|100\/100\n|-damage|p2a: Tapu Lele|88\/100|[from] Stealth Rock\n|-fieldstart|move: Psychic Terrain|[from] ability: Psychic Surge|[of] p2a: Tapu Lele\n|turn|9\n|\n|t:|1664189936\n|move|p1a: Garchomp|Earthquake|p2a: Tapu Lele\n|-damage|p2a: Tapu Lele|0 fnt\n|faint|p2a: Tapu Lele\n|\n|upkeep\n|-message|Maitredouard2 forfeited.\n|\n|win|TheQzertz\n|raw|TheQzertz's rating: 1627 &rarr; <strong>1649<\/strong><br \/>(+22 for winning)\n|raw|Maitredouard2's rating: 1665 &rarr; <strong>1643<\/strong><br \/>(-22 for losing)\n|l|\u2606Maitredouard2\n||Ladder isn't responding, score probably updated but might not have (Request timeout).\n","uploadtime":1664189963,"views":11,"p1id":"theqzertz","p2id":"maitredouard2","formatid":"gen8ou","rating":1643,"private":0,"password":null}