{"id":"gen8ou-1640134408","p1":"LT93OQ Shurtugal","p2":"kinetic chain","format":"gen8ou","log":"|raw|<div class=\"broadcast-blue\"><strong>This battle is required to be public due to a player having a name starting with 'lt93oq'.<\/div>\n|j|\u2606LT93OQ Shurtugal\n|j|\u203dkinetic chain\n|t:|1660561695\n|gametype|singles\n|player|p1|LT93OQ Shurtugal|hilda|1764\n|player|p2|kinetic chain|silver-gen2|1768\n|teamsize|p1|6\n|teamsize|p2|6\n|gen|8\n|tier|[Gen 8] OU\n|rated|\n|rule|Sleep Clause Mod: Limit one foe put to sleep\n|rule|Species Clause: Limit one of each Pok\u00e9mon\n|rule|OHKO Clause: OHKO moves are banned\n|rule|Evasion Items Clause: Evasion items are banned\n|rule|Evasion Moves Clause: Evasion moves are banned\n|rule|Endless Battle Clause: Forcing endless battles is banned\n|rule|HP Percentage Mod: HP is shown in percentages\n|rule|Dynamax Clause: You cannot dynamax\n|clearpoke\n|poke|p1|Shuckle, M|\n|poke|p1|Victini|\n|poke|p1|Urshifu-*, M|\n|poke|p1|Kartana|\n|poke|p1|Dragonite, M|\n|poke|p1|Zapdos|\n|poke|p2|Dragapult, M|\n|poke|p2|Toxapex, M|\n|poke|p2|Weavile, M|\n|poke|p2|Heatran, M|\n|poke|p2|Landorus-Therian, M|\n|poke|p2|Zapdos|\n|teampreview\n|inactive|Battle timer is ON: inactive players will automatically lose when time's up. (requested by LT93OQ Shurtugal)\n|j| Taktik T-Rex T.T.\n|\n|t:|1660561711\n|start\n|switch|p1a: Victini|Victini|100\/100\n|switch|p2a: Landorus|Landorus-Therian, M|100\/100\n|-ability|p2a: Landorus|Intimidate|boost\n|-unboost|p1a: Victini|atk|1\n|turn|1\n|j| kevnsanity\n|j| Randomuser04\n|\n|t:|1660561718\n|move|p1a: Victini|Final Gambit|p2a: Landorus\n|-damage|p2a: Landorus|0 fnt\n|faint|p1a: Victini\n|faint|p2a: Landorus\n|\n|upkeep\n|\n|t:|1660561743\n|switch|p1a: Urshifu|Urshifu-Rapid-Strike, M|100\/100\n|switch|p2a: Heatran|Heatran, M|100\/100\n|turn|2\n|\n|t:|1660561745\n|switch|p2a: Toxapex|Toxapex, M|100\/100\n|move|p1a: Urshifu|Surging Strikes|p2a: Toxapex\n|-resisted|p2a: Toxapex\n|-crit|p2a: Toxapex\n|-damage|p2a: Toxapex|95\/100\n|-resisted|p2a: Toxapex\n|-crit|p2a: Toxapex\n|-damage|p2a: Toxapex|88\/100\n|-resisted|p2a: Toxapex\n|-crit|p2a: Toxapex\n|-damage|p2a: Toxapex|81\/100\n|-hitcount|p2a: Toxapex|3\n|\n|upkeep\n|turn|3\n|\n|t:|1660561748\n|switch|p1a: Shuckle|Shuckle, M|100\/100\n|move|p2a: Toxapex|Toxic|p1a: Shuckle\n|-status|p1a: Shuckle|tox\n|\n|-damage|p1a: Shuckle|94\/100 tox|[from] psn\n|upkeep\n|turn|4\n|\n|t:|1660561760\n|switch|p2a: Heatran|Heatran, M|100\/100\n|move|p1a: Shuckle|Sticky Web|p2a: Heatran\n|-sidestart|p2: kinetic chain|move: Sticky Web\n|\n|-damage|p1a: Shuckle|82\/100 tox|[from] psn\n|upkeep\n|turn|5\n|\n|t:|1660561767\n|move|p2a: Heatran|Taunt|p1a: Shuckle\n|-start|p1a: Shuckle|move: Taunt\n|cant|p1a: Shuckle|move: Taunt|Stealth Rock\n|\n|-damage|p1a: Shuckle|64\/100 tox|[from] psn\n|upkeep\n|turn|6\n|\n|t:|1660561770\n|switch|p1a: Urshifu|Urshifu-Rapid-Strike, M|100\/100\n|move|p2a: Heatran|Magma Storm|p1a: Urshifu\n|-resisted|p1a: Urshifu\n|-damage|p1a: Urshifu|68\/100\n|-activate|p1a: Urshifu|move: Magma Storm|[of] p2a: Heatran\n|\n|-damage|p1a: Urshifu|56\/100|[from] move: Magma Storm|[partiallytrapped]\n|upkeep\n|turn|7\n|\n|t:|1660561779\n|switch|p2a: Toxapex|Toxapex, M|100\/100\n|-activate|p2a: Toxapex|move: Sticky Web\n|-unboost|p2a: Toxapex|spe|1\n|move|p1a: Urshifu|Bulk Up|p1a: Urshifu\n|-boost|p1a: Urshifu|atk|1\n|-boost|p1a: Urshifu|def|1\n|\n|-end|p1a: Urshifu|Magma Storm|[partiallytrapped]|[silent]\n|upkeep\n|turn|8\n|\n|t:|1660561785\n|move|p1a: Urshifu|Thunder Punch|p2a: Toxapex\n|-supereffective|p2a: Toxapex\n|-damage|p2a: Toxapex|46\/100\n|move|p2a: Toxapex|Toxic|p1a: Urshifu\n|-status|p1a: Urshifu|tox\n|\n|-damage|p1a: Urshifu|49\/100 tox|[from] psn\n|upkeep\n|turn|9\n|\n|t:|1660561810\n|move|p1a: Urshifu|Thunder Punch|p2a: Toxapex\n|-supereffective|p2a: Toxapex\n|-damage|p2a: Toxapex|0 fnt\n|faint|p2a: Toxapex\n|\n|-damage|p1a: Urshifu|37\/100 tox|[from] psn\n|upkeep\n|\n|t:|1660561813\n|switch|p2a: Zapdos|Zapdos|100\/100\n|turn|10\n|\n|t:|1660561819\n|move|p2a: Zapdos|Volt Switch|p1a: Urshifu\n|-supereffective|p1a: Urshifu\n|-damage|p1a: Urshifu|0 fnt\n|faint|p1a: Urshifu\n|j| ShowMix\n|\n|t:|1660561832\n|switch|p2a: Dragapult|Dragapult, M|100\/100|[from]move: Volt Switch\n|-activate|p2a: Dragapult|move: Sticky Web\n|-unboost|p2a: Dragapult|spe|1\n|\n|upkeep\n|\n|t:|1660561835\n|switch|p1a: Kartana|Kartana|100\/100\n|turn|11\n|\n|t:|1660561841\n|switch|p2a: Zapdos|Zapdos|100\/100\n|move|p1a: Kartana|Knock Off|p2a: Zapdos\n|-damage|p2a: Zapdos|43\/100\n|-enditem|p2a: Zapdos|Heavy-Duty Boots|[from] move: Knock Off|[of] p1a: Kartana\n|\n|upkeep\n|turn|12\n|\n|t:|1660561848\n|move|p1a: Kartana|Swords Dance|p1a: Kartana\n|-boost|p1a: Kartana|atk|2\n|move|p2a: Zapdos|Volt Switch|p1a: Kartana\n|-resisted|p1a: Kartana\n|-damage|p1a: Kartana|48\/100\n|\n|t:|1660561852\n|switch|p2a: Weavile|Weavile, M|100\/100|[from]move: Volt Switch\n|\n|upkeep\n|turn|13\n|\n|t:|1660561856\n|move|p2a: Weavile|Triple Axel|p1a: Kartana\n|-damage|p1a: Kartana|37\/100\n|-damage|p1a: Kartana|16\/100\n|-damage|p1a: Kartana|0 fnt\n|faint|p1a: Kartana\n|-hitcount|p1: Kartana|3\n|\n|upkeep\n|\n|t:|1660561861\n|switch|p1a: Shuckle|Shuckle, M|64\/100 tox\n|turn|14\n|\n|t:|1660561879\n|move|p2a: Weavile|Triple Axel|p1a: Shuckle\n|-damage|p1a: Shuckle|57\/100 tox\n|-damage|p1a: Shuckle|46\/100 tox\n|-hitcount|p1a: Shuckle|2\n|move|p1a: Shuckle|Toxic|p2a: Weavile\n|-status|p2a: Weavile|tox\n|\n|-damage|p2a: Weavile|94\/100 tox|[from] psn\n|-damage|p1a: Shuckle|40\/100 tox|[from] psn\n|upkeep\n|turn|15\n|-enditem|p1a: Shuckle|Custap Berry|[eat]\n|-activate|p1a: Shuckle|item: Custap Berry|[consumed]\n|\n|t:|1660561889\n|move|p1a: Shuckle|Encore|p2a: Weavile\n|-start|p2a: Weavile|Encore\n|move|p2a: Weavile|Triple Axel|p1a: Shuckle\n|-damage|p1a: Shuckle|35\/100 tox\n|-hitcount|p1a: Shuckle|1\n|\n|-damage|p2a: Weavile|82\/100 tox|[from] psn\n|-damage|p1a: Shuckle|23\/100 tox|[from] psn\n|upkeep\n|turn|16\n|\n|t:|1660561895\n|move|p2a: Weavile|Triple Axel|p1a: Shuckle\n|-damage|p1a: Shuckle|17\/100 tox\n|-damage|p1a: Shuckle|7\/100 tox\n|-crit|p1a: Shuckle\n|-damage|p1a: Shuckle|0 fnt\n|faint|p1a: Shuckle\n|-hitcount|p1: Shuckle|3\n|\n|-damage|p2a: Weavile|64\/100 tox|[from] psn\n|upkeep\n|\n|t:|1660561903\n|switch|p1a: Zapdos|Zapdos|100\/100\n|turn|17\n|\n|t:|1660561906\n|move|p2a: Weavile|Triple Axel|p1a: Zapdos\n|-supereffective|p1a: Zapdos\n|-damage|p1a: Zapdos|77\/100\n|-supereffective|p1a: Zapdos\n|-damage|p1a: Zapdos|25\/100\n|-supereffective|p1a: Zapdos\n|-damage|p1a: Zapdos|0 fnt\n|faint|p1a: Zapdos\n|-hitcount|p1: Zapdos|3\n|\n|-damage|p2a: Weavile|40\/100 tox|[from] psn\n|-end|p2a: Weavile|Encore\n|upkeep\n|-message|LT93OQ Shurtugal forfeited.\n|\n|win|kinetic chain\n|raw|LT93OQ Shurtugal's rating: 1764 &rarr; <strong>1744<\/strong><br \/>(-20 for losing)\n|raw|kinetic chain's rating: 1768 &rarr; <strong>1788<\/strong><br \/>(+20 for winning)\n|l|\u2606LT93OQ Shurtugal\n|l|\u203dkinetic chain\n||Ladder isn't responding, score probably updated but might not have (Request timeout).\n|l| Randomuser04\n|j| Louna\n","uploadtime":1660562022,"views":75,"p1id":"lt93oqshurtugal","p2id":"kineticchain","formatid":"gen8ou","rating":1744,"private":0,"password":null}