{"id":"gen8ou-1665508858","p1":"shiawasenostory","p2":"minimax_ai","format":"gen8ou","log":"|j|\u2606shiawasenostory\n|j|\u2606minimax_ai\n|t:|1663305699\n|gametype|singles\n|player|p1|shiawasenostory|170|1570\n|player|p2|minimax_ai|lusamine-nihilego|1582\n|teamsize|p1|6\n|teamsize|p2|6\n|gen|8\n|tier|[Gen 8] OU\n|rated|\n|rule|Sleep Clause Mod: Limit one foe put to sleep\n|rule|Species Clause: Limit one of each Pok\u00e9mon\n|rule|OHKO Clause: OHKO moves are banned\n|rule|Evasion Items Clause: Evasion items are banned\n|rule|Evasion Moves Clause: Evasion moves are banned\n|rule|Endless Battle Clause: Forcing endless battles is banned\n|rule|HP Percentage Mod: HP is shown in percentages\n|rule|Dynamax Clause: You cannot dynamax\n|clearpoke\n|poke|p1|Rillaboom, M|\n|poke|p1|Tornadus-Therian, M|\n|poke|p1|Blaziken, F|\n|poke|p1|Melmetal|\n|poke|p1|Garchomp, M|\n|poke|p1|Slowbro, F|\n|poke|p2|Rotom-Wash|\n|poke|p2|Weavile, F|\n|poke|p2|Landorus-Therian, M|\n|poke|p2|Heatran, M|\n|poke|p2|Tangrowth, F|\n|poke|p2|Melmetal|\n|teampreview\n|c|\u2606minimax_ai|hf\n|inactive|Battle timer is ON: inactive players will automatically lose when time's up. (requested by minimax_ai)\n|\n|t:|1663305723\n|start\n|switch|p1a: Garchomp|Garchomp, M|100\/100\n|switch|p2a: landorustherian|Landorus-Therian, M|100\/100\n|-ability|p2a: landorustherian|Intimidate|boost\n|-unboost|p1a: Garchomp|atk|1\n|turn|1\n|\n|t:|1663305726\n|move|p1a: Garchomp|Toxic|p2a: landorustherian\n|-status|p2a: landorustherian|tox\n|move|p2a: landorustherian|Earthquake|p1a: Garchomp\n|-damage|p1a: Garchomp|61\/100\n|\n|-heal|p1a: Garchomp|67\/100|[from] item: Leftovers\n|-damage|p2a: landorustherian|94\/100 tox|[from] psn\n|upkeep\n|turn|2\n|\n|t:|1663305734\n|move|p1a: Garchomp|Protect|p1a: Garchomp\n|-singleturn|p1a: Garchomp|Protect\n|move|p2a: landorustherian|Earthquake|p1a: Garchomp\n|-activate|p1a: Garchomp|move: Protect\n|\n|-heal|p1a: Garchomp|73\/100|[from] item: Leftovers\n|-heal|p2a: landorustherian|100\/100 tox|[from] item: Leftovers\n|-damage|p2a: landorustherian|88\/100 tox|[from] psn\n|upkeep\n|turn|3\n|\n|t:|1663305737\n|switch|p1a: Tornadus|Tornadus-Therian, M|100\/100\n|move|p2a: landorustherian|Earthquake|p1a: Tornadus\n|-immune|p1a: Tornadus\n|\n|-heal|p2a: landorustherian|94\/100 tox|[from] item: Leftovers\n|-damage|p2a: landorustherian|76\/100 tox|[from] psn\n|upkeep\n|turn|4\n|\n|t:|1663305741\n|switch|p2a: rotomwash|Rotom-Wash|100\/100\n|move|p1a: Tornadus|Knock Off|p2a: rotomwash\n|-damage|p2a: rotomwash|80\/100\n|-enditem|p2a: rotomwash|Leftovers|[from] move: Knock Off|[of] p1a: Tornadus\n|\n|upkeep\n|turn|5\n|\n|t:|1663305744\n|move|p1a: Tornadus|U-turn|p2a: rotomwash\n|-damage|p2a: rotomwash|66\/100\n|\n|t:|1663305745\n|switch|p1a: Garchomp|Garchomp, M|73\/100|[from]move: U-turn\n|move|p2a: rotomwash|Hydro Pump|p1a: Garchomp\n|-damage|p1a: Garchomp|46\/100\n|\n|-heal|p1a: Garchomp|52\/100|[from] item: Leftovers\n|upkeep\n|turn|6\n|\n|t:|1663305749\n|move|p2a: rotomwash|Hydro Pump|p1a: Garchomp\n|-damage|p1a: Garchomp|24\/100\n|move|p1a: Garchomp|Toxic|p2a: rotomwash\n|-status|p2a: rotomwash|tox\n|\n|-heal|p1a: Garchomp|31\/100|[from] item: Leftovers\n|-damage|p2a: rotomwash|60\/100 tox|[from] psn\n|upkeep\n|turn|7\n|\n|t:|1663305751\n|move|p1a: Garchomp|Protect|p1a: Garchomp\n|-singleturn|p1a: Garchomp|Protect\n|move|p2a: rotomwash|Hydro Pump|p1a: Garchomp\n|-activate|p1a: Garchomp|move: Protect\n|\n|-heal|p1a: Garchomp|37\/100|[from] item: Leftovers\n|-damage|p2a: rotomwash|48\/100 tox|[from] psn\n|upkeep\n|turn|8\n|\n|t:|1663305755\n|switch|p2a: Heatran|Heatran, M|100\/100\n|-item|p2a: Heatran|Air Balloon\n|switch|p1a: Rillaboom|Rillaboom, M|100\/100\n|-fieldstart|move: Grassy Terrain|[from] ability: Grassy Surge|[of] p1a: Rillaboom\n|\n|upkeep\n|turn|9\n|\n|t:|1663305760\n|switch|p2a: Tangrowth|Tangrowth, F|100\/100\n|switch|p1a: Slowbro|Slowbro, F|100\/100\n|\n|upkeep\n|turn|10\n|\n|t:|1663305763\n|move|p2a: Tangrowth|Sleep Powder|p1a: Slowbro\n|-status|p1a: Slowbro|slp|[from] move: Sleep Powder\n|cant|p1a: Slowbro|slp\n|\n|upkeep\n|turn|11\n|\n|t:|1663305769\n|switch|p1a: Blaziken|Blaziken, F|100\/100\n|move|p2a: Tangrowth|Focus Blast|p1a: Blaziken\n|-damage|p1a: Blaziken|63\/100\n|\n|-heal|p1a: Blaziken|70\/100|[from] Grassy Terrain\n|-heal|p1a: Blaziken|76\/100|[from] item: Leftovers\n|upkeep\n|turn|12\n|\n|t:|1663305771\n|move|p1a: Blaziken|Swords Dance|p1a: Blaziken\n|-boost|p1a: Blaziken|atk|2\n|move|p2a: Tangrowth|Focus Blast|p1a: Blaziken\n|-damage|p1a: Blaziken|34\/100\n|\n|-heal|p1a: Blaziken|40\/100|[from] Grassy Terrain\n|-heal|p1a: Blaziken|46\/100|[from] item: Leftovers\n|-fieldend|move: Grassy Terrain\n|-ability|p1a: Blaziken|Speed Boost|boost\n|-boost|p1a: Blaziken|spe|1\n|upkeep\n|turn|13\n|\n|t:|1663305775\n|move|p1a: Blaziken|Flare Blitz|p2a: Tangrowth\n|-supereffective|p2a: Tangrowth\n|-damage|p2a: Tangrowth|0 fnt\n|-damage|p1a: Blaziken|30\/100|[from] item: Rocky Helmet|[of] p2a: Tangrowth\n|faint|p2a: Tangrowth\n|-damage|p1a: Blaziken|0 fnt|[from] Recoil\n|faint|p1a: Blaziken\n|\n|upkeep\n|\n|t:|1663305780\n|switch|p1a: Melmetal|Melmetal|100\/100\n|switch|p2a: Melmetal|Melmetal|100\/100\n|turn|14\n|\n|t:|1663305786\n|switch|p1a: Slowbro|Slowbro, F|100\/100 slp\n|move|p2a: Melmetal|Double Iron Bash|p1a: Slowbro\n|-resisted|p1a: Slowbro\n|-damage|p1a: Slowbro|89\/100 slp\n|-damage|p2a: Melmetal|84\/100|[from] item: Rocky Helmet|[of] p1a: Slowbro\n|-resisted|p1a: Slowbro\n|-damage|p1a: Slowbro|78\/100 slp\n|-damage|p2a: Melmetal|67\/100|[from] item: Rocky Helmet|[of] p1a: Slowbro\n|-hitcount|p1a: Slowbro|2\n|\n|upkeep\n|turn|15\n|\n|t:|1663305792\n|switch|p1a: Melmetal|Melmetal|100\/100\n|move|p2a: Melmetal|Double Iron Bash|p1a: Melmetal\n|-resisted|p1a: Melmetal\n|-damage|p1a: Melmetal|88\/100\n|-resisted|p1a: Melmetal\n|-damage|p1a: Melmetal|77\/100\n|-hitcount|p1a: Melmetal|2\n|\n|-heal|p1a: Melmetal|83\/100|[from] item: Leftovers\n|upkeep\n|turn|16\n|\n|t:|1663305795\n|move|p1a: Melmetal|Protect|p1a: Melmetal\n|-singleturn|p1a: Melmetal|Protect\n|move|p2a: Melmetal|Double Iron Bash|p1a: Melmetal\n|-activate|p1a: Melmetal|move: Protect\n|\n|-heal|p1a: Melmetal|89\/100|[from] item: Leftovers\n|upkeep\n|turn|17\n|\n|t:|1663305797\n|switch|p1a: Slowbro|Slowbro, F|100\/100 slp\n|switch|p2a: Heatran|Heatran, M|100\/100\n|-item|p2a: Heatran|Air Balloon\n|\n|upkeep\n|turn|18\n|\n|t:|1663305802\n|switch|p1a: Tornadus|Tornadus-Therian, M|100\/100\n|move|p2a: Heatran|Magma Storm|p1a: Tornadus\n|-damage|p1a: Tornadus|49\/100\n|-activate|p1a: Tornadus|move: Magma Storm|[of] p2a: Heatran\n|\n|-damage|p1a: Tornadus|36\/100|[from] move: Magma Storm|[partiallytrapped]\n|upkeep\n|turn|19\n|\n|t:|1663305804\n|move|p1a: Tornadus|U-turn|p2a: Heatran\n|-resisted|p2a: Heatran\n|-damage|p2a: Heatran|97\/100\n|-enditem|p2a: Heatran|Air Balloon\n|\n|t:|1663305806\n|switch|p1a: Garchomp|Garchomp, M|37\/100|[from]move: U-turn\n|move|p2a: Heatran|Magma Storm|p1a: Garchomp|[miss]\n|-miss|p2a: Heatran|p1a: Garchomp\n|\n|-heal|p1a: Garchomp|43\/100|[from] item: Leftovers\n|upkeep\n|turn|20\n|\n|t:|1663305808\n|switch|p2a: Weavile|Weavile, F|100\/100\n|-ability|p2a: Weavile|Pressure\n|move|p1a: Garchomp|Earthquake|p2a: Weavile\n|-damage|p2a: Weavile|29\/100\n|\n|-heal|p1a: Garchomp|49\/100|[from] item: Leftovers\n|upkeep\n|turn|21\n|\n|t:|1663305814\n|switch|p1a: Melmetal|Melmetal|89\/100\n|move|p2a: Weavile|Ice Shard|p1a: Melmetal\n|-resisted|p1a: Melmetal\n|-damage|p1a: Melmetal|81\/100\n|\n|-heal|p1a: Melmetal|87\/100|[from] item: Leftovers\n|upkeep\n|turn|22\n|\n|t:|1663305819\n|move|p2a: Weavile|Ice Shard|p1a: Melmetal\n|-resisted|p1a: Melmetal\n|-damage|p1a: Melmetal|79\/100\n|move|p1a: Melmetal|Double Iron Bash|p2a: Weavile\n|-supereffective|p2a: Weavile\n|-damage|p2a: Weavile|0 fnt\n|faint|p2a: Weavile\n|-hitcount|p2: Weavile|1\n|\n|-heal|p1a: Melmetal|85\/100|[from] item: Leftovers\n|upkeep\n|\n|t:|1663305819\n|switch|p2a: Heatran|Heatran, M|97\/100\n|turn|23\n|\n|t:|1663305823\n|move|p1a: Melmetal|Protect|p1a: Melmetal\n|-singleturn|p1a: Melmetal|Protect\n|move|p2a: Heatran|Magma Storm|p1a: Melmetal\n|-activate|p1a: Melmetal|move: Protect\n|\n|-heal|p1a: Melmetal|91\/100|[from] item: Leftovers\n|upkeep\n|turn|24\n|\n|t:|1663305830\n|switch|p1a: Garchomp|Garchomp, M|49\/100\n|move|p2a: Heatran|Eruption|p1a: Garchomp\n|-resisted|p1a: Garchomp\n|-damage|p1a: Garchomp|25\/100\n|\n|-heal|p1a: Garchomp|31\/100|[from] item: Leftovers\n|upkeep\n|turn|25\n|\n|t:|1663305839\n|move|p1a: Garchomp|Protect|p1a: Garchomp\n|-singleturn|p1a: Garchomp|Protect\n|move|p2a: Heatran|Eruption|p1a: Garchomp\n|-activate|p1a: Garchomp|move: Protect\n|\n|-heal|p1a: Garchomp|37\/100|[from] item: Leftovers\n|upkeep\n|turn|26\n|\n|t:|1663305842\n|switch|p2a: Melmetal|Melmetal|67\/100\n|move|p1a: Garchomp|Earthquake|p2a: Melmetal\n|-supereffective|p2a: Melmetal\n|-damage|p2a: Melmetal|21\/100\n|\n|-heal|p1a: Garchomp|44\/100|[from] item: Leftovers\n|upkeep\n|turn|27\n|\n|t:|1663305844\n|switch|p2a: landorustherian|Landorus-Therian, M|76\/100 tox\n|-ability|p2a: landorustherian|Intimidate|boost\n|-unboost|p1a: Garchomp|atk|1\n|move|p1a: Garchomp|Earthquake|p2a: landorustherian\n|-immune|p2a: landorustherian\n|\n|-heal|p1a: Garchomp|50\/100|[from] item: Leftovers\n|-heal|p2a: landorustherian|82\/100 tox|[from] item: Leftovers\n|-damage|p2a: landorustherian|76\/100 tox|[from] psn\n|upkeep\n|turn|28\n|\n|t:|1663305852\n|move|p1a: Garchomp|Protect|p1a: Garchomp\n|-singleturn|p1a: Garchomp|Protect\n|move|p2a: landorustherian|U-turn|p1a: Garchomp\n|-activate|p1a: Garchomp|move: Protect\n|\n|-heal|p1a: Garchomp|56\/100|[from] item: Leftovers\n|-heal|p2a: landorustherian|82\/100 tox|[from] item: Leftovers\n|-damage|p2a: landorustherian|70\/100 tox|[from] psn\n|upkeep\n|turn|29\n|\n|t:|1663305855\n|switch|p1a: Tornadus|Tornadus-Therian, M|70\/100\n|move|p2a: landorustherian|U-turn|p1a: Tornadus\n|-resisted|p1a: Tornadus\n|-crit|p1a: Tornadus\n|-damage|p1a: Tornadus|51\/100\n|\n|t:|1663305855\n|switch|p2a: Heatran|Heatran, M|97\/100|[from]move: U-turn\n|\n|upkeep\n|turn|30\n|\n|t:|1663305859\n|move|p1a: Tornadus|U-turn|p2a: Heatran\n|-resisted|p2a: Heatran\n|-damage|p2a: Heatran|93\/100\n|\n|t:|1663305860\n|switch|p1a: Slowbro|Slowbro, F|100\/100 slp|[from]move: U-turn\n|move|p2a: Heatran|Stealth Rock|p1a: Slowbro\n|-sidestart|p1: shiawasenostory|move: Stealth Rock\n|\n|upkeep\n|turn|31\n|\n|t:|1663305864\n|move|p2a: Heatran|Magma Storm|p1a: Slowbro\n|-resisted|p1a: Slowbro\n|-damage|p1a: Slowbro|74\/100 slp\n|-activate|p1a: Slowbro|move: Magma Storm|[of] p2a: Heatran\n|cant|p1a: Slowbro|slp\n|\n|-damage|p1a: Slowbro|61\/100 slp|[from] move: Magma Storm|[partiallytrapped]\n|upkeep\n|turn|32\n|\n|t:|1663305866\n|move|p2a: Heatran|Magma Storm|p1a: Slowbro\n|-resisted|p1a: Slowbro\n|-damage|p1a: Slowbro|32\/100 slp\n|-curestatus|p1a: Slowbro|slp|[msg]\n|move|p1a: Slowbro|Teleport|p1a: Slowbro\n|\n|t:|1663305870\n|switch|p1a: Garchomp|Garchomp, M|56\/100|[from]move: Teleport\n|-damage|p1a: Garchomp|50\/100|[from] Stealth Rock\n|\n|-heal|p1a: Garchomp|56\/100|[from] item: Leftovers\n|upkeep\n|turn|33\n|\n|t:|1663305877\n|switch|p2a: rotomwash|Rotom-Wash|48\/100 tox\n|move|p1a: Garchomp|Earthquake|p2a: rotomwash\n|-immune|p2a: rotomwash|[from] ability: Levitate\n|\n|-heal|p1a: Garchomp|62\/100|[from] item: Leftovers\n|-damage|p2a: rotomwash|41\/100 tox|[from] psn\n|upkeep\n|turn|34\n|\n|t:|1663305881\n|move|p1a: Garchomp|Protect|p1a: Garchomp\n|-singleturn|p1a: Garchomp|Protect\n|move|p2a: rotomwash|Pain Split|p1a: Garchomp\n|-activate|p1a: Garchomp|move: Protect\n|\n|-heal|p1a: Garchomp|69\/100|[from] item: Leftovers\n|-damage|p2a: rotomwash|29\/100 tox|[from] psn\n|upkeep\n|turn|35\n|\n|t:|1663305887\n|switch|p1a: Tornadus|Tornadus-Therian, M|84\/100\n|move|p2a: rotomwash|Pain Split|p1a: Tornadus\n|-sethp|p1a: Tornadus|54\/100|[from] move: Pain Split|[silent]\n|-sethp|p2a: rotomwash|64\/100 tox|[from] move: Pain Split\n|\n|-damage|p2a: rotomwash|46\/100 tox|[from] psn\n|upkeep\n|turn|36\n|\n|t:|1663305890\n|switch|p2a: Heatran|Heatran, M|93\/100\n|move|p1a: Tornadus|Defog|p2a: Heatran\n|-unboost|p2a: Heatran|evasion|1\n|-sideend|p1: shiawasenostory|Stealth Rock|[from] move: Defog|[of] p1a: Tornadus\n|\n|upkeep\n|turn|37\n|\n|t:|1663305895\n|move|p1a: Tornadus|U-turn|p2a: Heatran\n|-resisted|p2a: Heatran\n|-damage|p2a: Heatran|90\/100\n|\n|t:|1663305896\n|switch|p1a: Garchomp|Garchomp, M|69\/100|[from]move: U-turn\n|move|p2a: Heatran|Stealth Rock|p1a: Garchomp\n|-sidestart|p1: shiawasenostory|move: Stealth Rock\n|\n|-heal|p1a: Garchomp|75\/100|[from] item: Leftovers\n|upkeep\n|turn|38\n|\n|t:|1663305903\n|switch|p2a: rotomwash|Rotom-Wash|46\/100 tox\n|switch|p1a: Rillaboom|Rillaboom, M|100\/100\n|-damage|p1a: Rillaboom|88\/100|[from] Stealth Rock\n|-fieldstart|move: Grassy Terrain|[from] ability: Grassy Surge|[of] p1a: Rillaboom\n|\n|-heal|p1a: Rillaboom|94\/100|[from] Grassy Terrain\n|-heal|p1a: Rillaboom|100\/100|[from] item: Leftovers\n|-damage|p2a: rotomwash|39\/100 tox|[from] psn\n|upkeep\n|turn|39\n|\n|t:|1663305909\n|move|p2a: rotomwash|Pain Split|p1a: Rillaboom\n|-sethp|p1a: Rillaboom|65\/100|[from] move: Pain Split|[silent]\n|-sethp|p2a: rotomwash|86\/100 tox|[from] move: Pain Split\n|move|p1a: Rillaboom|Drain Punch|p2a: rotomwash\n|-damage|p2a: rotomwash|55\/100 tox\n|-heal|p1a: Rillaboom|77\/100|[from] drain|[of] p2a: rotomwash\n|\n|-heal|p1a: Rillaboom|83\/100|[from] Grassy Terrain\n|-heal|p1a: Rillaboom|89\/100|[from] item: Leftovers\n|-damage|p2a: rotomwash|43\/100 tox|[from] psn\n|upkeep\n|turn|40\n|\n|t:|1663305913\n|switch|p2a: Heatran|Heatran, M|90\/100\n|move|p1a: Rillaboom|Drain Punch|p2a: Heatran\n|-supereffective|p2a: Heatran\n|-damage|p2a: Heatran|36\/100\n|-heal|p1a: Rillaboom|100\/100|[from] drain|[of] p2a: Heatran\n|\n|-heal|p2a: Heatran|42\/100|[from] Grassy Terrain\n|upkeep\n|turn|41\n|\n|t:|1663305919\n|switch|p1a: Garchomp|Garchomp, M|75\/100\n|-damage|p1a: Garchomp|69\/100|[from] Stealth Rock\n|move|p2a: Heatran|Magma Storm|p1a: Garchomp\n|-resisted|p1a: Garchomp\n|-damage|p1a: Garchomp|52\/100\n|-activate|p1a: Garchomp|move: Magma Storm|[of] p2a: Heatran\n|\n|-heal|p2a: Heatran|48\/100|[from] Grassy Terrain\n|-heal|p1a: Garchomp|58\/100|[from] Grassy Terrain\n|-heal|p1a: Garchomp|64\/100|[from] item: Leftovers\n|-damage|p1a: Garchomp|52\/100|[from] move: Magma Storm|[partiallytrapped]\n|upkeep\n|turn|42\n|\n|t:|1663305921\n|switch|p2a: landorustherian|Landorus-Therian, M|70\/100 tox\n|-ability|p2a: landorustherian|Intimidate|boost\n|-unboost|p1a: Garchomp|atk|1\n|move|p1a: Garchomp|Earthquake|p2a: landorustherian\n|-immune|p2a: landorustherian\n|\n|-heal|p1a: Garchomp|58\/100|[from] Grassy Terrain\n|-heal|p1a: Garchomp|64\/100|[from] item: Leftovers\n|-heal|p2a: landorustherian|76\/100 tox|[from] item: Leftovers\n|-damage|p2a: landorustherian|70\/100 tox|[from] psn\n|-end|p1a: Garchomp|Magma Storm|[partiallytrapped]|[silent]\n|-fieldend|move: Grassy Terrain\n|upkeep\n|turn|43\n|\n|t:|1663305927\n|move|p1a: Garchomp|Protect|p1a: Garchomp\n|-singleturn|p1a: Garchomp|Protect\n|move|p2a: landorustherian|Toxic|p1a: Garchomp\n|-activate|p1a: Garchomp|move: Protect\n|\n|-heal|p1a: Garchomp|71\/100|[from] item: Leftovers\n|-heal|p2a: landorustherian|76\/100 tox|[from] item: Leftovers\n|-damage|p2a: landorustherian|64\/100 tox|[from] psn\n|upkeep\n|turn|44\n|\n|t:|1663305930\n|switch|p1a: Tornadus|Tornadus-Therian, M|87\/100\n|move|p2a: landorustherian|U-turn|p1a: Tornadus\n|-resisted|p1a: Tornadus\n|-damage|p1a: Tornadus|75\/100\n|\n|t:|1663305930\n|switch|p2a: Melmetal|Melmetal|21\/100|[from]move: U-turn\n|\n|upkeep\n|turn|45\n|\n|t:|1663305932\n|move|p1a: Tornadus|Heat Wave|p2a: Melmetal\n|-supereffective|p2a: Melmetal\n|-damage|p2a: Melmetal|0 fnt\n|faint|p2a: Melmetal\n|\n|upkeep\n|\n|t:|1663305932\n|switch|p2a: Heatran|Heatran, M|48\/100\n|turn|46\n|\n|t:|1663305936\n|move|p1a: Tornadus|Defog|p2a: Heatran\n|-unboost|p2a: Heatran|evasion|1\n|-sideend|p1: shiawasenostory|Stealth Rock|[from] move: Defog|[of] p1a: Tornadus\n|move|p2a: Heatran|Magma Storm|p1a: Tornadus\n|-damage|p1a: Tornadus|24\/100\n|-activate|p1a: Tornadus|move: Magma Storm|[of] p2a: Heatran\n|\n|-damage|p1a: Tornadus|12\/100|[from] move: Magma Storm|[partiallytrapped]\n|upkeep\n|turn|47\n|\n|t:|1663305939\n|move|p1a: Tornadus|Knock Off|p2a: Heatran\n|-damage|p2a: Heatran|35\/100\n|move|p2a: Heatran|Magma Storm|p1a: Tornadus\n|-damage|p1a: Tornadus|0 fnt\n|faint|p1a: Tornadus\n|\n|upkeep\n|\n|t:|1663305944\n|switch|p1a: Garchomp|Garchomp, M|71\/100\n|turn|48\n|\n|t:|1663305945\n|switch|p2a: rotomwash|Rotom-Wash|43\/100 tox\n|move|p1a: Garchomp|Earthquake|p2a: rotomwash\n|-immune|p2a: rotomwash|[from] ability: Levitate\n|\n|-heal|p1a: Garchomp|77\/100|[from] item: Leftovers\n|-damage|p2a: rotomwash|36\/100 tox|[from] psn\n|upkeep\n|turn|49\n|\n|t:|1663305949\n|switch|p1a: Rillaboom|Rillaboom, M|100\/100\n|-fieldstart|move: Grassy Terrain|[from] ability: Grassy Surge|[of] p1a: Rillaboom\n|move|p2a: rotomwash|Hydro Pump|p1a: Rillaboom\n|-resisted|p1a: Rillaboom\n|-damage|p1a: Rillaboom|74\/100\n|\n|-heal|p1a: Rillaboom|80\/100|[from] Grassy Terrain\n|-heal|p1a: Rillaboom|87\/100|[from] item: Leftovers\n|-damage|p2a: rotomwash|24\/100 tox|[from] psn\n|upkeep\n|turn|50\n|\n|t:|1663305955\n|move|p1a: Rillaboom|Grassy Glide|p2a: rotomwash\n|-supereffective|p2a: rotomwash\n|-damage|p2a: rotomwash|0 fnt\n|faint|p2a: rotomwash\n|\n|-heal|p1a: Rillaboom|93\/100|[from] Grassy Terrain\n|-heal|p1a: Rillaboom|99\/100|[from] item: Leftovers\n|upkeep\n|\n|t:|1663305955\n|switch|p2a: Heatran|Heatran, M|35\/100\n|turn|51\n|\n|t:|1663305960\n|switch|p1a: Slowbro|Slowbro, F|65\/100\n|move|p2a: Heatran|Eruption|p1a: Slowbro\n|-resisted|p1a: Slowbro\n|-damage|p1a: Slowbro|52\/100\n|\n|-heal|p2a: Heatran|41\/100|[from] Grassy Terrain\n|-heal|p1a: Slowbro|58\/100|[from] Grassy Terrain\n|upkeep\n|turn|52\n|\n|t:|1663305962\n|move|p2a: Heatran|Earth Power|p1a: Slowbro\n|-damage|p1a: Slowbro|24\/100\n|-unboost|p1a: Slowbro|spd|1\n|move|p1a: Slowbro|Scald|p2a: Heatran\n|-supereffective|p2a: Heatran\n|-damage|p2a: Heatran|0 fnt\n|faint|p2a: Heatran\n|\n|-heal|p1a: Slowbro|30\/100|[from] Grassy Terrain\n|upkeep\n|\n|t:|1663305962\n|switch|p2a: landorustherian|Landorus-Therian, M|64\/100 tox\n|-ability|p2a: landorustherian|Intimidate|boost\n|-unboost|p1a: Slowbro|atk|1\n|turn|53\n|\n|t:|1663305965\n|move|p2a: landorustherian|Defog|p1a: Slowbro\n|-unboost|p1a: Slowbro|evasion|1\n|-fieldend|move: Grassy Terrain\n|move|p1a: Slowbro|Scald|p2a: landorustherian\n|-supereffective|p2a: landorustherian\n|-crit|p2a: landorustherian\n|-damage|p2a: landorustherian|2\/100 tox\n|\n|-heal|p2a: landorustherian|8\/100 tox|[from] item: Leftovers\n|-damage|p2a: landorustherian|2\/100 tox|[from] psn\n|upkeep\n|turn|54\n|\n|t:|1663305967\n|move|p2a: landorustherian|U-turn|p1a: Slowbro\n|-supereffective|p1a: Slowbro\n|-crit|p1a: Slowbro\n|-damage|p1a: Slowbro|0 fnt\n|-damage|p2a: landorustherian|0 fnt|[from] item: Rocky Helmet|[of] p1a: Slowbro\n|faint|p1a: Slowbro\n|faint|p2a: landorustherian\n|\n|win|shiawasenostory\n|raw|shiawasenostory's rating: 1570 &rarr; <strong>1591<\/strong><br \/>(+21 for winning)\n|raw|minimax_ai's rating: 1582 &rarr; <strong>1561<\/strong><br \/>(-21 for losing)\n|c|\u2606minimax_ai|gg\n","uploadtime":1663305969,"views":18,"p1id":"shiawasenostory","p2id":"minimaxai","formatid":"gen8ou","rating":1561,"private":0,"password":null}