{"id":"gen8ou-1692111321","p1":"Scoots Mgee","p2":"HQSNonsense","format":"gen8ou","log":"|html|<div class=\"broadcast-blue\"><strong>[Gen 8] OU is currently suspecting Melmetal! For information on how to participate check out the <a href=\"https:\/\/www.smogon.com\/forums\/threads\/np-ss-ou-suspect-process-round-12-monster-mash.3709234\/\">suspect thread<\/a>.<\/strong><\/div>\n|j|\u2606Scoots Mgee\n|j|\u2606HQSNonsense\n|t:|1666452984\n|gametype|singles\n|player|p1|Scoots Mgee|acetrainerf|1554\n|player|p2|HQSNonsense|veteranf|1650\n|teamsize|p1|6\n|teamsize|p2|6\n|gen|8\n|tier|[Gen 8] OU\n|rated|\n|rule|Sleep Clause Mod: Limit one foe put to sleep\n|rule|Species Clause: Limit one of each Pok\u00e9mon\n|rule|OHKO Clause: OHKO moves are banned\n|rule|Evasion Items Clause: Evasion items are banned\n|rule|Evasion Moves Clause: Evasion moves are banned\n|rule|Endless Battle Clause: Forcing endless battles is banned\n|rule|HP Percentage Mod: HP is shown in percentages\n|rule|Dynamax Clause: You cannot dynamax\n|clearpoke\n|poke|p1|Garchomp, F|\n|poke|p1|Rillaboom, M|\n|poke|p1|Corviknight, F|\n|poke|p1|Blissey, F|\n|poke|p1|Tapu Lele|\n|poke|p1|Zapdos|\n|poke|p2|Blacephalon|\n|poke|p2|Tornadus-Therian, M|\n|poke|p2|Ferrothorn, M|\n|poke|p2|Landorus-Therian, M|\n|poke|p2|Tapu Fini|\n|poke|p2|Weavile, M|\n|teampreview\n|inactive|Battle timer is ON: inactive players will automatically lose when time's up. (requested by Scoots Mgee)\n|\n|t:|1666453003\n|start\n|switch|p1a: Zapdos|Zapdos|100\/100\n|switch|p2a: Landorus|Landorus-Therian, M|100\/100\n|-ability|p2a: Landorus|Intimidate|boost\n|-unboost|p1a: Zapdos|atk|1\n|turn|1\n|\n|t:|1666453006\n|move|p1a: Zapdos|Hurricane|p2a: Landorus|[miss]\n|-miss|p1a: Zapdos|p2a: Landorus\n|move|p2a: Landorus|Toxic|p1a: Zapdos\n|-status|p1a: Zapdos|tox\n|\n|-damage|p1a: Zapdos|94\/100 tox|[from] psn\n|upkeep\n|turn|2\n|\n|t:|1666453011\n|move|p1a: Zapdos|Hurricane|p2a: Landorus\n|-damage|p2a: Landorus|41\/100\n|move|p2a: Landorus|Stealth Rock|p1a: Zapdos\n|-sidestart|p1: Scoots Mgee|move: Stealth Rock\n|\n|-heal|p2a: Landorus|47\/100|[from] item: Leftovers\n|-damage|p1a: Zapdos|82\/100 tox|[from] psn\n|upkeep\n|turn|3\n|\n|t:|1666453025\n|switch|p2a: Tapu Fini|Tapu Fini|100\/100\n|-fieldstart|move: Misty Terrain|[from] ability: Misty Surge|[of] p2a: Tapu Fini\n|move|p1a: Zapdos|Hurricane|p2a: Tapu Fini\n|-damage|p2a: Tapu Fini|15\/100\n|\n|-damage|p1a: Zapdos|63\/100 tox|[from] psn\n|upkeep\n|turn|4\n|\n|t:|1666453033\n|move|p2a: Tapu Fini|Moonblast|p1a: Zapdos\n|-damage|p1a: Zapdos|15\/100 tox\n|move|p1a: Zapdos|Hurricane|p2a: Tapu Fini\n|-damage|p2a: Tapu Fini|0 fnt\n|faint|p2a: Tapu Fini\n|\n|-damage|p1a: Zapdos|0 fnt|[from] psn\n|faint|p1a: Zapdos\n|upkeep\n|\n|t:|1666453053\n|switch|p1a: Rillaboom|Rillaboom, M|100\/100\n|switch|p2a: Blacephalon|Blacephalon|100\/100\n|-damage|p1a: Rillaboom|88\/100|[from] Stealth Rock\n|-fieldstart|move: Grassy Terrain|[from] ability: Grassy Surge|[of] p1a: Rillaboom\n|turn|5\n|inactive|Scoots Mgee has 120 seconds left.\n|inactive|HQSNonsense has 120 seconds left.\n|\n|t:|1666453104\n|switch|p1a: Blissey|Blissey, F|100\/100\n|move|p2a: Blacephalon|Flamethrower|p1a: Blissey\n|-damage|p1a: Blissey|73\/100\n|\n|-heal|p1a: Blissey|79\/100|[from] Grassy Terrain\n|upkeep\n|turn|6\n|inactive|Scoots Mgee has 120 seconds left.\n|inactive|HQSNonsense has 120 seconds left.\n|\n|t:|1666453122\n|switch|p2a: Tornadus|Tornadus-Therian, M|100\/100\n|move|p1a: Blissey|Thunder Wave|p2a: Tornadus\n|-status|p2a: Tornadus|par\n|\n|-heal|p1a: Blissey|85\/100|[from] Grassy Terrain\n|upkeep\n|turn|7\n|\n|t:|1666453129\n|move|p2a: Tornadus|Knock Off|p1a: Blissey\n|-damage|p1a: Blissey|60\/100\n|-enditem|p1a: Blissey|Heavy-Duty Boots|[from] move: Knock Off|[of] p2a: Tornadus\n|move|p1a: Blissey|Wish|p1a: Blissey\n|\n|-heal|p1a: Blissey|66\/100|[from] Grassy Terrain\n|upkeep\n|turn|8\n|j| monkaSaur\n|inactive|Scoots Mgee has 120 seconds left.\n|\n|t:|1666453148\n|move|p2a: Tornadus|Superpower|p1a: Blissey\n|-supereffective|p1a: Blissey\n|-damage|p1a: Blissey|1\/100\n|-unboost|p2a: Tornadus|atk|1\n|-unboost|p2a: Tornadus|def|1\n|move|p1a: Blissey|Seismic Toss|p2a: Tornadus\n|-damage|p2a: Tornadus|67\/100 par\n|\n|-heal|p1a: Blissey|51\/100|[from] move: Wish|[wisher] Blissey\n|-heal|p1a: Blissey|58\/100|[from] Grassy Terrain\n|upkeep\n|turn|9\n|\n|t:|1666453152\n|move|p2a: Tornadus|U-turn|p1a: Blissey\n|-damage|p1a: Blissey|46\/100\n|\n|t:|1666453155\n|switch|p2a: Weavile|Weavile, M|100\/100|[from]move: U-turn\n|move|p1a: Blissey|Wish|p1a: Blissey\n|\n|-heal|p1a: Blissey|53\/100|[from] Grassy Terrain\n|-fieldend|move: Grassy Terrain\n|upkeep\n|turn|10\n|inactive|HQSNonsense has 120 seconds left.\n|\n|t:|1666453192\n|switch|p1a: Corviknight|Corviknight, F|100\/100\n|-damage|p1a: Corviknight|88\/100|[from] Stealth Rock\n|-ability|p1a: Corviknight|Pressure\n|move|p2a: Weavile|Triple Axel|p1a: Corviknight\n|-damage|p1a: Corviknight|82\/100\n|-damage|p2a: Weavile|84\/100|[from] item: Rocky Helmet|[of] p1a: Corviknight\n|-damage|p1a: Corviknight|70\/100\n|-damage|p2a: Weavile|68\/100|[from] item: Rocky Helmet|[of] p1a: Corviknight\n|-damage|p1a: Corviknight|52\/100\n|-damage|p2a: Weavile|51\/100|[from] item: Rocky Helmet|[of] p1a: Corviknight\n|-hitcount|p1a: Corviknight|3\n|\n|-heal|p1a: Corviknight|100\/100|[from] move: Wish|[wisher] Blissey\n|upkeep\n|turn|11\n|inactive|HQSNonsense has 120 seconds left.\n|\n|t:|1666453205\n|switch|p2a: Blacephalon|Blacephalon|100\/100\n|move|p1a: Corviknight|U-turn|p2a: Blacephalon\n|-resisted|p2a: Blacephalon\n|-damage|p2a: Blacephalon|92\/100\n|\n|t:|1666453220\n|switch|p1a: Blissey|Blissey, F|53\/100|[from]move: U-turn\n|-damage|p1a: Blissey|40\/100|[from] Stealth Rock\n|\n|upkeep\n|turn|12\n|\n|t:|1666453223\n|move|p2a: Blacephalon|Trick|p1a: Blissey\n|-activate|p2a: Blacephalon|move: Trick|[of] p1a: Blissey\n|-item|p1a: Blissey|Choice Specs|[from] move: Trick\n|-enditem|p2a: Blacephalon|Choice Specs|[silent]|[from] move: Trick\n|move|p1a: Blissey|Wish|p1a: Blissey\n|\n|upkeep\n|turn|13\n|\n|t:|1666453233\n|move|p2a: Blacephalon|Shadow Ball|p1a: Blissey\n|-immune|p1a: Blissey\n|move|p1a: Blissey|Wish||[still]\n|-fail|p1a: Blissey\n|\n|-heal|p1a: Blissey|90\/100|[from] move: Wish|[wisher] Blissey\n|upkeep\n|turn|14\n|\n|t:|1666453239\n|move|p2a: Blacephalon|Shadow Ball|p1a: Blissey\n|-immune|p1a: Blissey\n|move|p1a: Blissey|Wish|p1a: Blissey\n|\n|upkeep\n|turn|15\n|\n|t:|1666453247\n|switch|p2a: Weavile|Weavile, M|51\/100\n|switch|p1a: Garchomp|Garchomp, F|100\/100\n|-damage|p1a: Garchomp|94\/100|[from] Stealth Rock\n|\n|-heal|p1a: Garchomp|100\/100|[from] move: Wish|[wisher] Blissey\n|upkeep\n|turn|16\n|\n|t:|1666453254\n|switch|p1a: Corviknight|Corviknight, F|100\/100\n|-damage|p1a: Corviknight|88\/100|[from] Stealth Rock\n|-ability|p1a: Corviknight|Pressure\n|move|p2a: Weavile|Knock Off|p1a: Corviknight\n|-damage|p1a: Corviknight|58\/100\n|-damage|p2a: Weavile|35\/100|[from] item: Rocky Helmet|[of] p1a: Corviknight\n|-enditem|p1a: Corviknight|Rocky Helmet|[from] move: Knock Off|[of] p2a: Weavile\n|\n|upkeep\n|turn|17\n|\n|t:|1666453260\n|switch|p2a: Blacephalon|Blacephalon|92\/100\n|move|p1a: Corviknight|Roost|p1a: Corviknight\n|-heal|p1a: Corviknight|100\/100\n|-singleturn|p1a: Corviknight|move: Roost\n|\n|upkeep\n|turn|18\n|j| Jongruenwald\n|\n|t:|1666453265\n|switch|p1a: Blissey|Blissey, F|90\/100\n|-damage|p1a: Blissey|78\/100|[from] Stealth Rock\n|move|p2a: Blacephalon|Flamethrower|p1a: Blissey\n|-damage|p1a: Blissey|59\/100\n|\n|upkeep\n|turn|19\n|\n|t:|1666453270\n|switch|p2a: Landorus|Landorus-Therian, M|47\/100\n|-ability|p2a: Landorus|Intimidate|boost\n|-unboost|p1a: Blissey|atk|1\n|move|p1a: Blissey|Thunder Wave|p2a: Landorus\n|-immune|p2a: Landorus\n|\n|-heal|p2a: Landorus|53\/100|[from] item: Leftovers\n|upkeep\n|turn|20\n|\n|t:|1666453278\n|switch|p1a: Corviknight|Corviknight, F|100\/100\n|-damage|p1a: Corviknight|88\/100|[from] Stealth Rock\n|-ability|p1a: Corviknight|Pressure\n|move|p2a: Landorus|U-turn|p1a: Corviknight\n|-resisted|p1a: Corviknight\n|-damage|p1a: Corviknight|85\/100\n|\n|t:|1666453281\n|switch|p2a: Blacephalon|Blacephalon|92\/100|[from]move: U-turn\n|\n|upkeep\n|turn|21\n|\n|t:|1666453285\n|switch|p1a: Garchomp|Garchomp, F|100\/100\n|-damage|p1a: Garchomp|94\/100|[from] Stealth Rock\n|move|p2a: Blacephalon|Flamethrower|p1a: Garchomp\n|-resisted|p1a: Garchomp\n|-damage|p1a: Garchomp|72\/100\n|\n|-heal|p1a: Garchomp|78\/100|[from] item: Leftovers\n|upkeep\n|turn|22\n|\n|t:|1666453294\n|switch|p2a: Landorus|Landorus-Therian, M|53\/100\n|-ability|p2a: Landorus|Intimidate|boost\n|-unboost|p1a: Garchomp|atk|1\n|move|p1a: Garchomp|Toxic|p2a: Landorus\n|-status|p2a: Landorus|tox\n|\n|-heal|p1a: Garchomp|84\/100|[from] item: Leftovers\n|-heal|p2a: Landorus|59\/100 tox|[from] item: Leftovers\n|-damage|p2a: Landorus|53\/100 tox|[from] psn\n|upkeep\n|turn|23\n|\n|t:|1666453298\n|move|p1a: Garchomp|Protect|p1a: Garchomp\n|-singleturn|p1a: Garchomp|Protect\n|move|p2a: Landorus|U-turn|p1a: Garchomp\n|-activate|p1a: Garchomp|move: Protect\n|\n|-heal|p1a: Garchomp|90\/100|[from] item: Leftovers\n|-heal|p2a: Landorus|59\/100 tox|[from] item: Leftovers\n|-damage|p2a: Landorus|47\/100 tox|[from] psn\n|upkeep\n|turn|24\n|\n|t:|1666453303\n|move|p1a: Garchomp|Stealth Rock|p2a: Landorus\n|-sidestart|p2: HQSNonsense|move: Stealth Rock\n|move|p2a: Landorus|U-turn|p1a: Garchomp\n|-damage|p1a: Garchomp|72\/100\n|-damage|p2a: Landorus|34\/100 tox|[from] ability: Rough Skin|[of] p1a: Garchomp\n|\n|t:|1666453307\n|switch|p2a: Weavile|Weavile, M|35\/100|[from]move: U-turn\n|\n|-heal|p1a: Garchomp|78\/100|[from] item: Leftovers\n|upkeep\n|turn|25\n|\n|t:|1666453312\n|switch|p1a: Corviknight|Corviknight, F|85\/100\n|-damage|p1a: Corviknight|73\/100|[from] Stealth Rock\n|-ability|p1a: Corviknight|Pressure\n|move|p2a: Weavile|Triple Axel|p1a: Corviknight\n|-damage|p1a: Corviknight|66\/100\n|-damage|p1a: Corviknight|54\/100\n|-hitcount|p1a: Corviknight|2\n|\n|upkeep\n|turn|26\n|\n|t:|1666453324\n|switch|p2a: Blacephalon|Blacephalon|92\/100\n|-damage|p2a: Blacephalon|67\/100|[from] Stealth Rock\n|move|p1a: Corviknight|Roost|p1a: Corviknight\n|-heal|p1a: Corviknight|100\/100\n|-singleturn|p1a: Corviknight|move: Roost\n|\n|upkeep\n|turn|27\n|\n|t:|1666453338\n|switch|p1a: Blissey|Blissey, F|59\/100\n|-damage|p1a: Blissey|46\/100|[from] Stealth Rock\n|move|p2a: Blacephalon|Overheat|p1a: Blissey|[miss]\n|-miss|p2a: Blacephalon|p1a: Blissey\n|\n|upkeep\n|turn|28\n|\n|t:|1666453344\n|switch|p2a: Weavile|Weavile, M|35\/100\n|move|p1a: Blissey|Wish|p1a: Blissey\n|\n|upkeep\n|turn|29\n|\n|t:|1666453359\n|switch|p2a: Ferrothorn|Ferrothorn, M|100\/100\n|-damage|p2a: Ferrothorn|94\/100|[from] Stealth Rock\n|switch|p1a: Tapu Lele|Tapu Lele|100\/100\n|-damage|p1a: Tapu Lele|88\/100|[from] Stealth Rock\n|-fieldstart|move: Psychic Terrain|[from] ability: Psychic Surge|[of] p1a: Tapu Lele\n|\n|-heal|p1a: Tapu Lele|100\/100|[from] move: Wish|[wisher] Blissey\n|-heal|p2a: Ferrothorn|100\/100|[from] item: Leftovers\n|upkeep\n|turn|30\n|\n|t:|1666453370\n|move|p1a: Tapu Lele|Focus Blast|p2a: Ferrothorn|[miss]\n|-miss|p1a: Tapu Lele|p2a: Ferrothorn\n|move|p2a: Ferrothorn|Thunder Wave|p1a: Tapu Lele\n|-status|p1a: Tapu Lele|par\n|\n|upkeep\n|turn|31\n|j| JackTen\n|\n|t:|1666453386\n|switch|p1a: Corviknight|Corviknight, F|100\/100\n|-damage|p1a: Corviknight|88\/100|[from] Stealth Rock\n|-ability|p1a: Corviknight|Pressure\n|move|p2a: Ferrothorn|Spikes|p1a: Corviknight\n|-sidestart|p1: Scoots Mgee|Spikes\n|\n|upkeep\n|turn|32\n|\n|t:|1666453390\n|move|p1a: Corviknight|Defog|p2a: Ferrothorn\n|-unboost|p2a: Ferrothorn|evasion|1\n|-sideend|p2: HQSNonsense|Stealth Rock|[from] move: Defog|[of] p1a: Corviknight\n|-sideend|p1: Scoots Mgee|Spikes|[from] move: Defog|[of] p1a: Corviknight\n|-sideend|p1: Scoots Mgee|Stealth Rock|[from] move: Defog|[of] p1a: Corviknight\n|-fieldend|move: Psychic Terrain\n|move|p2a: Ferrothorn|Thunder Wave|p1a: Corviknight\n|-status|p1a: Corviknight|par\n|\n|upkeep\n|turn|33\n|\n|t:|1666453398\n|switch|p1a: Tapu Lele|Tapu Lele|100\/100 par\n|-fieldstart|move: Psychic Terrain|[from] ability: Psychic Surge|[of] p1a: Tapu Lele\n|move|p2a: Ferrothorn|Leech Seed|p1a: Tapu Lele\n|-start|p1a: Tapu Lele|move: Leech Seed\n|\n|-damage|p1a: Tapu Lele|88\/100 par|[from] Leech Seed|[of] p2a: Ferrothorn\n|upkeep\n|turn|34\n|\n|t:|1666453404\n|switch|p2a: Tornadus|Tornadus-Therian, M|99\/100 par\n|move|p1a: Tapu Lele|Future Sight|p2a: Tornadus\n|-start|p1a: Tapu Lele|move: Future Sight\n|\n|-damage|p1a: Tapu Lele|76\/100 par|[from] Leech Seed|[of] p2a: Tornadus\n|-heal|p2a: Tornadus|100\/100 par|[silent]\n|upkeep\n|turn|35\n|\n|t:|1666453409\n|switch|p1a: Garchomp|Garchomp, F|78\/100\n|move|p2a: Tornadus|U-turn|p1a: Garchomp\n|-damage|p1a: Garchomp|62\/100\n|-damage|p2a: Tornadus|88\/100 par|[from] ability: Rough Skin|[of] p1a: Garchomp\n|\n|t:|1666453414\n|switch|p2a: Weavile|Weavile, M|35\/100|[from]move: U-turn\n|\n|-heal|p1a: Garchomp|69\/100|[from] item: Leftovers\n|upkeep\n|turn|36\n|\n|t:|1666453422\n|move|p2a: Weavile|Knock Off|p1a: Garchomp\n|-damage|p1a: Garchomp|25\/100\n|-damage|p2a: Weavile|23\/100|[from] ability: Rough Skin|[of] p1a: Garchomp\n|-enditem|p1a: Garchomp|Leftovers|[from] move: Knock Off|[of] p2a: Weavile\n|move|p1a: Garchomp|Earthquake|p2a: Weavile\n|-damage|p2a: Weavile|0 fnt\n|faint|p2a: Weavile\n|\n|-hint|Future Sight did not hit because the target is fainted.\n|upkeep\n|\n|t:|1666453436\n|switch|p2a: Blacephalon|Blacephalon|67\/100\n|turn|37\n|\n|t:|1666453445\n|switch|p1a: Blissey|Blissey, F|46\/100\n|move|p2a: Blacephalon|Overheat|p1a: Blissey\n|-damage|p1a: Blissey|18\/100\n|-unboost|p2a: Blacephalon|spa|2\n|\n|-fieldend|move: Psychic Terrain\n|upkeep\n|turn|38\n|\n|t:|1666453472\n|move|p2a: Blacephalon|Overheat|p1a: Blissey\n|-damage|p1a: Blissey|5\/100\n|-unboost|p2a: Blacephalon|spa|2\n|move|p1a: Blissey|Wish|p1a: Blissey\n|\n|upkeep\n|turn|39\n|\n|t:|1666453475\n|switch|p1a: Garchomp|Garchomp, F|25\/100\n|move|p2a: Blacephalon|Overheat|p1a: Garchomp\n|-resisted|p1a: Garchomp\n|-damage|p1a: Garchomp|14\/100\n|-unboost|p2a: Blacephalon|spa|2\n|\n|-heal|p1a: Garchomp|99\/100|[from] move: Wish|[wisher] Blissey\n|upkeep\n|turn|40\n|\n|t:|1666453486\n|switch|p2a: Landorus|Landorus-Therian, M|34\/100 tox\n|-ability|p2a: Landorus|Intimidate|boost\n|-unboost|p1a: Garchomp|atk|1\n|switch|p1a: Tapu Lele|Tapu Lele|76\/100 par\n|-fieldstart|move: Psychic Terrain|[from] ability: Psychic Surge|[of] p1a: Tapu Lele\n|\n|-heal|p2a: Landorus|40\/100 tox|[from] item: Leftovers\n|-damage|p2a: Landorus|34\/100 tox|[from] psn\n|upkeep\n|turn|41\n|\n|t:|1666453497\n|cant|p1a: Tapu Lele|par\n|move|p2a: Landorus|Stealth Rock|p1a: Tapu Lele\n|-sidestart|p1: Scoots Mgee|move: Stealth Rock\n|\n|-heal|p2a: Landorus|40\/100 tox|[from] item: Leftovers\n|-damage|p2a: Landorus|28\/100 tox|[from] psn\n|upkeep\n|turn|42\n|\n|t:|1666453504\n|switch|p2a: Ferrothorn|Ferrothorn, M|100\/100\n|cant|p1a: Tapu Lele|par\n|\n|upkeep\n|turn|43\n|\n|t:|1666453510\n|cant|p1a: Tapu Lele|par\n|move|p2a: Ferrothorn|Leech Seed|p1a: Tapu Lele\n|-start|p1a: Tapu Lele|move: Leech Seed\n|\n|-damage|p1a: Tapu Lele|63\/100 par|[from] Leech Seed|[of] p2a: Ferrothorn\n|upkeep\n|turn|44\n|\n|t:|1666453517\n|move|p1a: Tapu Lele|Focus Blast|p2a: Ferrothorn|[miss]\n|-miss|p1a: Tapu Lele|p2a: Ferrothorn\n|move|p2a: Ferrothorn|Spikes|p1a: Tapu Lele\n|-sidestart|p1: Scoots Mgee|Spikes\n|\n|-damage|p1a: Tapu Lele|51\/100 par|[from] Leech Seed|[of] p2a: Ferrothorn\n|-fieldend|move: Psychic Terrain\n|upkeep\n|turn|45\n|c|\u2606Scoots Mgee|Luckiest player alive\n|-message|Scoots Mgee forfeited.\n|\n|win|HQSNonsense\n|raw|Scoots Mgee's rating: 1533 &rarr; <strong>1519<\/strong><br \/>(-14 for losing)\n|raw|HQSNonsense's rating: 1650 &rarr; <strong>1664<\/strong><br \/>(+14 for winning)\n|l|\u2606Scoots Mgee\n","uploadtime":1666453532,"views":5,"p1id":"scootsmgee","p2id":"hqsnonsense","formatid":"gen8ou","rating":1519,"private":0,"password":null}