{"id":"gen8ou-1013673822","p1":"jiggles jig","p2":"JoeyOwesMeMoney","format":"gen8ou","log":"|j|\u2606jiggles jig\n|j|\u2606JoeyOwesMeMoney\n|player|p1|jiggles jig|266|1441\n|player|p2|JoeyOwesMeMoney|1|1291\n|teamsize|p1|6\n|teamsize|p2|6\n|gametype|singles\n|gen|8\n|tier|[Gen 8] OU\n|rated|\n|rule|Sleep Clause Mod: Limit one foe put to sleep\n|rule|Species Clause: Limit one of each Pok\u00e9mon\n|rule|OHKO Clause: OHKO moves are banned\n|rule|Moody Clause: Moody is banned\n|rule|Evasion Moves Clause: Evasion moves are banned\n|rule|Endless Battle Clause: Forcing endless battles is banned\n|rule|HP Percentage Mod: HP is shown in percentages\n|clearpoke\n|poke|p1|Togekiss, M|item\n|poke|p1|Darmanitan-Galar, F|item\n|poke|p1|Aegislash, M|item\n|poke|p1|Rotom-Wash|item\n|poke|p1|Ditto|item\n|poke|p1|Excadrill, F|item\n|poke|p2|Aegislash, F|item\n|poke|p2|Tyranitar, F|item\n|poke|p2|Excadrill, M|item\n|poke|p2|Dugtrio, F|item\n|poke|p2|Rotom-Wash|item\n|poke|p2|Chandelure, F|item\n|teampreview\n|j| scooter4000\n|\n|start\n|switch|p1a: Excadrill|Excadrill, F|100\/100\n|switch|p2a: Rotom|Rotom-Wash|100\/100\n|-ability|p1a: Excadrill|Mold Breaker\n|turn|1\n|\n|move|p1a: Excadrill|Earthquake|p2a: Rotom\n|-supereffective|p2a: Rotom\n|-damage|p2a: Rotom|11\/100\n|move|p2a: Rotom|Will-O-Wisp|p1a: Excadrill\n|-status|p1a: Excadrill|brn\n|\n|-heal|p2a: Rotom|17\/100|[from] item: Leftovers\n|-damage|p1a: Excadrill|94\/100 brn|[from] brn\n|upkeep\n|turn|2\n|\n|switch|p2a: Dugtrio|Dugtrio, F|100\/100\n|move|p1a: Excadrill|Stealth Rock|p2a: Dugtrio\n|-sidestart|p2: JoeyOwesMeMoney|move: Stealth Rock\n|\n|-damage|p1a: Excadrill|88\/100 brn|[from] brn\n|upkeep\n|turn|3\n|\n|move|p2a: Dugtrio|Earthquake|p1a: Excadrill\n|-supereffective|p1a: Excadrill\n|-damage|p1a: Excadrill|0 fnt\n|faint|p1a: Excadrill\n|\n|upkeep\n|\n|switch|p1a: Rotom|Rotom-Wash|100\/100\n|turn|4\n|\n|move|p2a: Dugtrio|Stealth Rock|p1a: Rotom\n|-sidestart|p1: jiggles jig|move: Stealth Rock\n|move|p1a: Rotom|Hydro Pump|p2a: Dugtrio\n|-supereffective|p2a: Dugtrio\n|-enditem|p2a: Dugtrio|Focus Sash\n|-damage|p2a: Dugtrio|1\/100\n|\n|upkeep\n|turn|5\n|\n|move|p2a: Dugtrio|Memento|p1a: Rotom\n|-unboost|p1a: Rotom|atk|2\n|-unboost|p1a: Rotom|spa|2\n|faint|p2a: Dugtrio\n|move|p1a: Rotom|Will-O-Wisp|p2: Dugtrio|[notarget]\n|-fail|p1a: Rotom\n|\n|upkeep\n|\n|switch|p2a: Aegislash|Aegislash, F|100\/100\n|-damage|p2a: Aegislash|94\/100|[from] Stealth Rock\n|turn|6\n|\n|move|p1a: Rotom|Will-O-Wisp|p2a: Aegislash\n|-status|p2a: Aegislash|brn\n|-formechange|p2a: Aegislash|Aegislash-Blade||[from] ability: Stance Change\n|move|p2a: Aegislash|Shadow Ball|p1a: Rotom\n|-damage|p1a: Rotom|50\/100\n|\n|-heal|p1a: Rotom|56\/100|[from] item: Leftovers\n|-damage|p2a: Aegislash|88\/100 brn|[from] brn\n|upkeep\n|turn|7\n|\n|move|p1a: Rotom|Protect|p1a: Rotom\n|-singleturn|p1a: Rotom|Protect\n|-formechange|p2a: Aegislash|Aegislash||[from] ability: Stance Change\n|move|p2a: Aegislash|King's Shield||[still]\n|-fail|p2a: Aegislash\n|\n|-heal|p1a: Rotom|62\/100|[from] item: Leftovers\n|-damage|p2a: Aegislash|82\/100 brn|[from] brn\n|upkeep\n|turn|8\n|\n|move|p1a: Rotom|Volt Switch|p2a: Aegislash\n|-crit|p2a: Aegislash\n|-damage|p2a: Aegislash|55\/100 brn\n|\n|switch|p1a: Togekiss|Togekiss, M|100\/100|[from]move: Volt Switch\n|-damage|p1a: Togekiss|76\/100|[from] Stealth Rock\n|-formechange|p2a: Aegislash|Aegislash-Blade||[from] ability: Stance Change\n|move|p2a: Aegislash|Shadow Ball|p1a: Togekiss\n|-damage|p1a: Togekiss|31\/100\n|\n|-heal|p1a: Togekiss|37\/100|[from] item: Leftovers\n|-damage|p2a: Aegislash|49\/100 brn|[from] brn\n|upkeep\n|turn|9\n|\n|move|p1a: Togekiss|Air Slash|p2a: Aegislash\n|-resisted|p2a: Aegislash\n|-damage|p2a: Aegislash|13\/100 brn\n|cant|p2a: Aegislash|flinch\n|\n|-heal|p1a: Togekiss|44\/100|[from] item: Leftovers\n|-damage|p2a: Aegislash|7\/100 brn|[from] brn\n|upkeep\n|turn|10\n|\n|move|p2a: Aegislash|Shadow Sneak|p1a: Togekiss\n|-damage|p1a: Togekiss|33\/100\n|move|p1a: Togekiss|Air Slash|p2a: Aegislash\n|-resisted|p2a: Aegislash\n|-damage|p2a: Aegislash|0 fnt\n|faint|p2a: Aegislash\n|\n|-heal|p1a: Togekiss|39\/100|[from] item: Leftovers\n|upkeep\n|\n|switch|p2a: Tyranitar|Tyranitar, F|100\/100\n|-damage|p2a: Tyranitar|88\/100|[from] Stealth Rock\n|-weather|Sandstorm|[from] ability: Sand Stream|[of] p2a: Tyranitar\n|turn|11\n|\n|move|p2a: Tyranitar|Stone Edge|p1a: Togekiss\n|-supereffective|p1a: Togekiss\n|-crit|p1a: Togekiss\n|-damage|p1a: Togekiss|0 fnt\n|faint|p1a: Togekiss\n|\n|-weather|Sandstorm|[upkeep]\n|upkeep\n|\n|switch|p1a: Aegislash|Aegislash, M|100\/100\n|-damage|p1a: Aegislash|95\/100|[from] Stealth Rock\n|-item|p1a: Aegislash|Air Balloon\n|turn|12\n|\n|-start|p2a: Tyranitar|Dynamax\n|-heal|p2a: Tyranitar|88\/100|[from] Dynamax\n|move|p2a: Tyranitar|Max Darkness|p1a: Aegislash\n|-supereffective|p1a: Aegislash\n|-damage|p1a: Aegislash|0 fnt\n|-enditem|p1a: Aegislash|Air Balloon\n|faint|p1a: Aegislash\n|\n|-weather|Sandstorm|[upkeep]\n|upkeep\n|\n|switch|p1a: Darmanitan|Darmanitan-Galar, F|100\/100\n|-damage|p1a: Darmanitan|76\/100|[from] Stealth Rock\n|turn|13\n|\n|-hint|Dynamax ended.\n|switch|p2a: Rotom|Rotom-Wash|17\/100\n|-damage|p2a: Rotom|4\/100|[from] Stealth Rock\n|move|p1a: Darmanitan|U-turn|p2a: Rotom\n|-damage|p2a: Rotom|0 fnt\n|faint|p2a: Rotom\n|\n|switch|p1a: Rotom|Rotom-Wash|62\/100|[from]move: U-turn\n|-damage|p1a: Rotom|50\/100|[from] Stealth Rock\n|\n|-weather|Sandstorm|[upkeep]\n|-damage|p1a: Rotom|44\/100|[from] Sandstorm\n|-heal|p1a: Rotom|50\/100|[from] item: Leftovers\n|upkeep\n|inactive|Battle timer is ON: inactive players will automatically lose when time's up. (requested by jiggles jig)\n|\n|switch|p2a: Tyranitar|Tyranitar, F|88\/100\n|-damage|p2a: Tyranitar|76\/100|[from] Stealth Rock\n|turn|14\n|\n|move|p1a: Rotom|Protect|p1a: Rotom\n|-singleturn|p1a: Rotom|Protect\n|move|p2a: Tyranitar|Crunch|p1a: Rotom\n|-activate|p1a: Rotom|move: Protect\n|\n|-weather|Sandstorm|[upkeep]\n|-damage|p1a: Rotom|44\/100|[from] Sandstorm\n|-heal|p1a: Rotom|50\/100|[from] item: Leftovers\n|upkeep\n|turn|15\n|\n|move|p2a: Tyranitar|Crunch|p1a: Rotom\n|-damage|p1a: Rotom|14\/100\n|move|p1a: Rotom|Hydro Pump|p2a: Tyranitar\n|-supereffective|p2a: Tyranitar\n|-damage|p2a: Tyranitar|26\/100\n|\n|-weather|none\n|-heal|p1a: Rotom|20\/100|[from] item: Leftovers\n|upkeep\n|turn|16\n|\n|move|p1a: Rotom|Protect|p1a: Rotom\n|-singleturn|p1a: Rotom|Protect\n|move|p2a: Tyranitar|Crunch|p1a: Rotom\n|-activate|p1a: Rotom|move: Protect\n|\n|-heal|p1a: Rotom|26\/100|[from] item: Leftovers\n|upkeep\n|turn|17\n|\n|move|p2a: Tyranitar|Crunch|p1a: Rotom\n|-damage|p1a: Rotom|0 fnt\n|faint|p1a: Rotom\n|\n|upkeep\n|\n|switch|p1a: Ditto|Ditto|100\/100\n|-damage|p1a: Ditto|88\/100|[from] Stealth Rock\n|-transform|p1a: Ditto|p2a: Tyranitar|[from] ability: Imposter\n|-weather|Sandstorm|[from] ability: Sand Stream|[of] p1a: Ditto\n|turn|18\n|c|\u2606JoeyOwesMeMoney|gg 2 ez\n|\n|move|p2a: Tyranitar|Crunch|p1a: Ditto\n|-resisted|p1a: Ditto\n|-damage|p1a: Ditto|67\/100\n|move|p1a: Ditto|Crunch|p2a: Tyranitar\n|-resisted|p2a: Tyranitar\n|-damage|p2a: Tyranitar|8\/100\n|\n|-weather|Sandstorm|[upkeep]\n|upkeep\n|turn|19\n|\n|move|p2a: Tyranitar|Crunch|p1a: Ditto\n|-resisted|p1a: Ditto\n|-damage|p1a: Ditto|43\/100\n|move|p1a: Ditto|Crunch|p2a: Tyranitar\n|-resisted|p2a: Tyranitar\n|-damage|p2a: Tyranitar|0 fnt\n|faint|p2a: Tyranitar\n|\n|-weather|Sandstorm|[upkeep]\n|upkeep\n|\n|switch|p2a: Excadrill|Excadrill, M|100\/100\n|-damage|p2a: Excadrill|97\/100|[from] Stealth Rock\n|turn|20\n|\n|switch|p1a: Darmanitan|Darmanitan-Galar, F|76\/100\n|-damage|p1a: Darmanitan|51\/100|[from] Stealth Rock\n|move|p2a: Excadrill|Earthquake|p1a: Darmanitan\n|-damage|p1a: Darmanitan|0 fnt\n|faint|p1a: Darmanitan\n|\n|-weather|Sandstorm|[upkeep]\n|upkeep\n|\n|switch|p1a: Ditto|Ditto|43\/100\n|-damage|p1a: Ditto|31\/100|[from] Stealth Rock\n|-transform|p1a: Ditto|p2a: Excadrill|[from] ability: Imposter\n|turn|21\n|\n|move|p1a: Ditto|Earthquake|p2a: Excadrill\n|-supereffective|p2a: Excadrill\n|-damage|p2a: Excadrill|0 fnt\n|faint|p2a: Excadrill\n|\n|-weather|Sandstorm|[upkeep]\n|upkeep\n|-message|JoeyOwesMeMoney forfeited.\n|\n|win|jiggles jig\n|l|\u2606JoeyOwesMeMoney\n|raw|jiggles jig's rating: 1457 &rarr; <strong>1468<\/strong><br \/>(+11 for winning)\n|raw|JoeyOwesMeMoney's rating: 1291 &rarr; <strong>1278<\/strong><br \/>(-13 for losing)\n","uploadtime":1574309064,"views":37,"p1id":"jigglesjig","p2id":"joeyowesmemoney","formatid":"gen8ou","rating":1278,"private":0,"password":null}