{"id":"gen8ou-1659426326","p1":"jly8","p2":"cogonahorse","format":"gen8ou","log":"|j|\u2606jly8\n|j|\u2606cogonahorse\n|t:|1662665851\n|gametype|singles\n|player|p1|jly8|volkner|1663\n|player|p2|cogonahorse|workerice|1678\n|teamsize|p1|6\n|teamsize|p2|6\n|gen|8\n|tier|[Gen 8] OU\n|rated|\n|rule|Sleep Clause Mod: Limit one foe put to sleep\n|rule|Species Clause: Limit one of each Pok\u00e9mon\n|rule|OHKO Clause: OHKO moves are banned\n|rule|Evasion Items Clause: Evasion items are banned\n|rule|Evasion Moves Clause: Evasion moves are banned\n|rule|Endless Battle Clause: Forcing endless battles is banned\n|rule|HP Percentage Mod: HP is shown in percentages\n|rule|Dynamax Clause: You cannot dynamax\n|clearpoke\n|poke|p1|Rillaboom, M|\n|poke|p1|Blaziken, M|\n|poke|p1|Melmetal|\n|poke|p1|Garchomp, F|\n|poke|p1|Slowbro, M|\n|poke|p1|Tapu Lele|\n|poke|p2|Volcanion|\n|poke|p2|Ninetales-Alola, M|\n|poke|p2|Corviknight, M|\n|poke|p2|Arctozolt|\n|poke|p2|Landorus-Therian, M|\n|poke|p2|Tornadus-Therian, M|\n|teampreview\n|j| SchizoLab\n|\n|t:|1662665869\n|start\n|switch|p1a: Melmetal|Melmetal|100\/100\n|switch|p2a: Tornadus|Tornadus-Therian, M|100\/100\n|turn|1\n|\n|t:|1662665876\n|move|p2a: Tornadus|U-turn|p1a: Melmetal\n|-resisted|p1a: Melmetal\n|-damage|p1a: Melmetal|96\/100\n|j| LT_Alt1\n|\n|t:|1662665880\n|switch|p2a: Corviknight|Corviknight, M|100\/100|[from]move: U-turn\n|-ability|p2a: Corviknight|Pressure\n|move|p1a: Melmetal|Thunder Punch|p2a: Corviknight\n|-supereffective|p2a: Corviknight\n|-damage|p2a: Corviknight|53\/100\n|-damage|p1a: Melmetal|80\/100|[from] item: Rocky Helmet|[of] p2a: Corviknight\n|\n|-heal|p1a: Melmetal|86\/100|[from] item: Leftovers\n|upkeep\n|turn|2\n|\n|t:|1662665896\n|switch|p1a: Garchomp|Garchomp, F|100\/100\n|move|p2a: Corviknight|Roost|p2a: Corviknight\n|-heal|p2a: Corviknight|100\/100\n|-singleturn|p2a: Corviknight|move: Roost\n|\n|upkeep\n|turn|3\n|j| Eneoceka\n|l| Eneoceka\n|\n|t:|1662665903\n|switch|p2a: Ninetales|Ninetales-Alola, M|100\/100\n|-weather|Hail|[from] ability: Snow Warning|[of] p2a: Ninetales\n|move|p1a: Garchomp|Stealth Rock|p2a: Ninetales\n|-sidestart|p2: cogonahorse|move: Stealth Rock\n|\n|-weather|Hail|[upkeep]\n|-damage|p1a: Garchomp|94\/100|[from] Hail\n|-heal|p1a: Garchomp|100\/100|[from] item: Leftovers\n|upkeep\n|turn|4\n|\n|t:|1662665912\n|move|p2a: Ninetales|Aurora Veil|p2a: Ninetales\n|-sidestart|p2: cogonahorse|move: Aurora Veil\n|move|p1a: Garchomp|Toxic|p2a: Ninetales\n|-status|p2a: Ninetales|tox\n|\n|-weather|Hail|[upkeep]\n|-damage|p1a: Garchomp|94\/100|[from] Hail\n|-heal|p1a: Garchomp|100\/100|[from] item: Leftovers\n|-damage|p2a: Ninetales|94\/100 tox|[from] psn\n|upkeep\n|turn|5\n|\n|t:|1662665920\n|switch|p2a: Corviknight|Corviknight, M|100\/100\n|-damage|p2a: Corviknight|88\/100|[from] Stealth Rock\n|-ability|p2a: Corviknight|Pressure\n|move|p1a: Garchomp|Protect||[still]\n|-fail|p1a: Garchomp\n|\n|-weather|Hail|[upkeep]\n|-damage|p1a: Garchomp|94\/100|[from] Hail\n|-damage|p2a: Corviknight|82\/100|[from] Hail\n|-heal|p1a: Garchomp|100\/100|[from] item: Leftovers\n|upkeep\n|turn|6\n|\n|t:|1662665932\n|move|p1a: Garchomp|Stealth Rock||[still]\n|-fail|p1a: Garchomp\n|move|p2a: Corviknight|Defog|p1a: Garchomp\n|-unboost|p1a: Garchomp|evasion|1\n|-sideend|p2: cogonahorse|Stealth Rock|[from] move: Defog|[of] p2a: Corviknight\n|\n|-weather|Hail|[upkeep]\n|-damage|p1a: Garchomp|94\/100|[from] Hail\n|-damage|p2a: Corviknight|76\/100|[from] Hail\n|-heal|p1a: Garchomp|100\/100|[from] item: Leftovers\n|upkeep\n|turn|7\n|\n|t:|1662665940\n|switch|p2a: Arctozolt|Arctozolt|100\/100\n|move|p1a: Garchomp|Stealth Rock|p2a: Arctozolt\n|-sidestart|p2: cogonahorse|move: Stealth Rock\n|\n|-weather|Hail|[upkeep]\n|-damage|p1a: Garchomp|94\/100|[from] Hail\n|-heal|p1a: Garchomp|100\/100|[from] item: Leftovers\n|upkeep\n|turn|8\n|\n|t:|1662665950\n|move|p1a: Garchomp|Protect|p1a: Garchomp\n|-singleturn|p1a: Garchomp|Protect\n|move|p2a: Arctozolt|Blizzard|p1a: Garchomp\n|-activate|p1a: Garchomp|move: Protect\n|\n|-weather|Hail|[upkeep]\n|-damage|p1a: Garchomp|94\/100|[from] Hail\n|-heal|p1a: Garchomp|100\/100|[from] item: Leftovers\n|-sideend|p2: cogonahorse|move: Aurora Veil\n|upkeep\n|turn|9\n|\n|t:|1662665960\n|switch|p1a: Melmetal|Melmetal|86\/100\n|move|p2a: Arctozolt|Blizzard|p1a: Melmetal\n|-resisted|p1a: Melmetal\n|-damage|p1a: Melmetal|70\/100\n|\n|-weather|Hail|[upkeep]\n|-damage|p1a: Melmetal|64\/100|[from] Hail\n|-heal|p1a: Melmetal|70\/100|[from] item: Leftovers\n|upkeep\n|turn|10\n|\n|t:|1662665974\n|switch|p2a: Corviknight|Corviknight, M|76\/100\n|-damage|p2a: Corviknight|64\/100|[from] Stealth Rock\n|-ability|p2a: Corviknight|Pressure\n|switch|p1a: Blaziken|Blaziken, M|100\/100\n|\n|-weather|none\n|upkeep\n|turn|11\n|\n|t:|1662665983\n|switch|p2a: Landorus|Landorus-Therian, M|100\/100\n|-damage|p2a: Landorus|88\/100|[from] Stealth Rock\n|-ability|p2a: Landorus|Intimidate|boost\n|-unboost|p1a: Blaziken|atk|1\n|move|p1a: Blaziken|Flare Blitz|p2a: Landorus\n|-damage|p2a: Landorus|42\/100\n|-damage|p1a: Blaziken|84\/100|[from] Recoil\n|\n|-heal|p1a: Blaziken|90\/100|[from] item: Leftovers\n|-heal|p2a: Landorus|49\/100|[from] item: Leftovers\n|-ability|p1a: Blaziken|Speed Boost|boost\n|-boost|p1a: Blaziken|spe|1\n|upkeep\n|turn|12\n|\n|t:|1662666002\n|switch|p1a: Slowbro|Slowbro, M|100\/100\n|move|p2a: Landorus|Defog|p1a: Slowbro\n|-unboost|p1a: Slowbro|evasion|1\n|-sideend|p2: cogonahorse|Stealth Rock|[from] move: Defog|[of] p2a: Landorus\n|\n|-heal|p2a: Landorus|55\/100|[from] item: Leftovers\n|upkeep\n|turn|13\n|\n|t:|1662666009\n|switch|p2a: Ninetales|Ninetales-Alola, M|94\/100 tox\n|-weather|Hail|[from] ability: Snow Warning|[of] p2a: Ninetales\n|move|p1a: Slowbro|Teleport|p1a: Slowbro\n|\n|t:|1662666019\n|switch|p1a: Melmetal|Melmetal|70\/100|[from]move: Teleport\n|\n|-weather|Hail|[upkeep]\n|-damage|p1a: Melmetal|64\/100|[from] Hail\n|-heal|p1a: Melmetal|70\/100|[from] item: Leftovers\n|-damage|p2a: Ninetales|88\/100 tox|[from] psn\n|upkeep\n|turn|14\n|\n|t:|1662666030\n|switch|p2a: Volcanion|Volcanion|100\/100\n|switch|p1a: Blaziken|Blaziken, M|90\/100\n|\n|-weather|Hail|[upkeep]\n|-damage|p2a: Volcanion|95\/100|[from] Hail\n|-damage|p1a: Blaziken|84\/100|[from] Hail\n|-heal|p1a: Blaziken|90\/100|[from] item: Leftovers\n|upkeep\n|turn|15\n|j| KappaHalo\n|\n|t:|1662666041\n|move|p2a: Volcanion|Steam Eruption|p1a: Blaziken\n|-supereffective|p1a: Blaziken\n|-damage|p1a: Blaziken|0 fnt\n|faint|p1a: Blaziken\n|\n|-weather|Hail|[upkeep]\n|-damage|p2a: Volcanion|89\/100|[from] Hail\n|upkeep\n|l| LT_Alt1\n|\n|t:|1662666047\n|switch|p1a: Tapu Lele|Tapu Lele|100\/100\n|-fieldstart|move: Psychic Terrain|[from] ability: Psychic Surge|[of] p1a: Tapu Lele\n|turn|16\n|j| LT_Alt1\n|\n|t:|1662666052\n|switch|p2a: Tornadus|Tornadus-Therian, M|100\/100\n|move|p1a: Tapu Lele|Psychic|p2a: Tornadus\n|-damage|p2a: Tornadus|35\/100\n|\n|-weather|Hail|[upkeep]\n|-damage|p2a: Tornadus|29\/100|[from] Hail\n|-damage|p1a: Tapu Lele|94\/100|[from] Hail\n|upkeep\n|turn|17\n|\n|t:|1662666061\n|switch|p2a: Landorus|Landorus-Therian, M|55\/100\n|-ability|p2a: Landorus|Intimidate|boost\n|-unboost|p1a: Tapu Lele|atk|1\n|move|p1a: Tapu Lele|Psychic|p2a: Landorus\n|-damage|p2a: Landorus|0 fnt\n|faint|p2a: Landorus\n|\n|-weather|Hail|[upkeep]\n|-damage|p1a: Tapu Lele|88\/100|[from] Hail\n|upkeep\n|\n|t:|1662666069\n|switch|p2a: Arctozolt|Arctozolt|100\/100\n|turn|18\n|j| Abcdefp\n|\n|t:|1662666077\n|move|p2a: Arctozolt|Substitute|p2a: Arctozolt\n|-start|p2a: Arctozolt|Substitute\n|-damage|p2a: Arctozolt|76\/100\n|move|p1a: Tapu Lele|Psychic|p2a: Arctozolt\n|-end|p2a: Arctozolt|Substitute\n|\n|-weather|Hail|[upkeep]\n|-damage|p1a: Tapu Lele|82\/100|[from] Hail\n|-heal|p2a: Arctozolt|82\/100|[from] item: Leftovers\n|upkeep\n|turn|19\n|\n|t:|1662666086\n|move|p2a: Arctozolt|Bolt Beak|p1a: Tapu Lele\n|-damage|p1a: Tapu Lele|0 fnt\n|faint|p1a: Tapu Lele\n|\n|-weather|Hail|[upkeep]\n|-heal|p2a: Arctozolt|88\/100|[from] item: Leftovers\n|upkeep\n|\n|t:|1662666096\n|switch|p1a: Melmetal|Melmetal|70\/100\n|turn|20\n|\n|t:|1662666099\n|switch|p2a: Corviknight|Corviknight, M|64\/100\n|-ability|p2a: Corviknight|Pressure\n|move|p1a: Melmetal|Thunder Punch|p2a: Corviknight\n|-supereffective|p2a: Corviknight\n|-damage|p2a: Corviknight|19\/100\n|-damage|p1a: Melmetal|53\/100|[from] item: Rocky Helmet|[of] p2a: Corviknight\n|\n|-weather|none\n|-heal|p1a: Melmetal|60\/100|[from] item: Leftovers\n|-fieldend|move: Psychic Terrain\n|upkeep\n|turn|21\n|\n|t:|1662666108\n|move|p2a: Corviknight|Roost|p2a: Corviknight\n|-heal|p2a: Corviknight|69\/100\n|-singleturn|p2a: Corviknight|move: Roost\n|move|p1a: Melmetal|Superpower|p2a: Corviknight\n|-supereffective|p2a: Corviknight\n|-damage|p2a: Corviknight|8\/100\n|-unboost|p1a: Melmetal|atk|1\n|-unboost|p1a: Melmetal|def|1\n|-damage|p1a: Melmetal|43\/100|[from] item: Rocky Helmet|[of] p2a: Corviknight\n|\n|-heal|p1a: Melmetal|49\/100|[from] item: Leftovers\n|upkeep\n|turn|22\n|l| LT_Alt1\n|\n|t:|1662666120\n|switch|p1a: Rillaboom|Rillaboom, M|100\/100\n|-fieldstart|move: Grassy Terrain|[from] ability: Grassy Surge|[of] p1a: Rillaboom\n|move|p2a: Corviknight|Roost|p2a: Corviknight\n|-heal|p2a: Corviknight|58\/100\n|-singleturn|p2a: Corviknight|move: Roost\n|\n|-heal|p2a: Corviknight|64\/100|[from] Grassy Terrain\n|upkeep\n|turn|23\n|j| LT_Alt1\n|\n|t:|1662666129\n|move|p1a: Rillaboom|Swords Dance|p1a: Rillaboom\n|-boost|p1a: Rillaboom|atk|2\n|move|p2a: Corviknight|U-turn|p1a: Rillaboom\n|-supereffective|p1a: Rillaboom\n|-damage|p1a: Rillaboom|71\/100\n|\n|t:|1662666133\n|switch|p2a: Tornadus|Tornadus-Therian, M|62\/100|[from]move: U-turn\n|\n|-heal|p1a: Rillaboom|78\/100|[from] Grassy Terrain\n|-heal|p1a: Rillaboom|84\/100|[from] item: Leftovers\n|upkeep\n|turn|24\n|\n|t:|1662666139\n|switch|p2a: Corviknight|Corviknight, M|64\/100\n|-ability|p2a: Corviknight|Pressure\n|move|p1a: Rillaboom|Grassy Glide|p2a: Corviknight\n|-resisted|p2a: Corviknight\n|-damage|p2a: Corviknight|49\/100\n|-damage|p1a: Rillaboom|67\/100|[from] item: Rocky Helmet|[of] p2a: Corviknight\n|\n|-heal|p1a: Rillaboom|74\/100|[from] Grassy Terrain\n|-heal|p1a: Rillaboom|80\/100|[from] item: Leftovers\n|upkeep\n|turn|25\n|\n|t:|1662666150\n|move|p1a: Rillaboom|Knock Off|p2a: Corviknight\n|-damage|p2a: Corviknight|8\/100\n|-damage|p1a: Rillaboom|63\/100|[from] item: Rocky Helmet|[of] p2a: Corviknight\n|-enditem|p2a: Corviknight|Rocky Helmet|[from] move: Knock Off|[of] p1a: Rillaboom\n|move|p2a: Corviknight|U-turn|p1a: Rillaboom\n|-supereffective|p1a: Rillaboom\n|-damage|p1a: Rillaboom|38\/100\n|\n|t:|1662666158\n|switch|p2a: Tornadus|Tornadus-Therian, M|95\/100|[from]move: U-turn\n|\n|-heal|p1a: Rillaboom|44\/100|[from] Grassy Terrain\n|-heal|p1a: Rillaboom|50\/100|[from] item: Leftovers\n|upkeep\n|turn|26\n|\n|t:|1662666164\n|move|p1a: Rillaboom|Grassy Glide|p2a: Tornadus\n|-resisted|p2a: Tornadus\n|-damage|p2a: Tornadus|48\/100\n|move|p2a: Tornadus|Hurricane|p1a: Rillaboom|[miss]\n|-miss|p2a: Tornadus|p1a: Rillaboom\n|\n|-heal|p1a: Rillaboom|57\/100|[from] Grassy Terrain\n|-heal|p1a: Rillaboom|63\/100|[from] item: Leftovers\n|-fieldend|move: Grassy Terrain\n|upkeep\n|turn|27\n|j| AnloveBack\n|\n|t:|1662666176\n|switch|p1a: Melmetal|Melmetal|49\/100\n|move|p2a: Tornadus|Hurricane|p1a: Melmetal\n|-resisted|p1a: Melmetal\n|-damage|p1a: Melmetal|31\/100\n|-start|p1a: Melmetal|confusion\n|\n|-heal|p1a: Melmetal|37\/100|[from] item: Leftovers\n|upkeep\n|turn|28\n|l| AnloveBack\n|j| AnloveBack\n|l| LT_Alt1\n|\n|t:|1662666191\n|move|p2a: Tornadus|U-turn|p1a: Melmetal\n|-resisted|p1a: Melmetal\n|-damage|p1a: Melmetal|33\/100\n|j| Fghhffvg\n|\n|t:|1662666199\n|switch|p2a: Corviknight|Corviknight, M|8\/100|[from]move: U-turn\n|-ability|p2a: Corviknight|Pressure\n|-activate|p1a: Melmetal|confusion\n|move|p1a: Melmetal|Double Iron Bash|p2a: Corviknight\n|-resisted|p2a: Corviknight\n|-crit|p2a: Corviknight\n|-damage|p2a: Corviknight|0 fnt\n|faint|p2a: Corviknight\n|-hitcount|p2: Corviknight|1\n|\n|-heal|p1a: Melmetal|39\/100|[from] item: Leftovers\n|upkeep\n|\n|t:|1662666204\n|switch|p2a: Volcanion|Volcanion|89\/100\n|turn|29\n|\n|t:|1662666216\n|switch|p1a: Garchomp|Garchomp, F|100\/100\n|move|p2a: Volcanion|Steam Eruption|p1a: Garchomp\n|-damage|p1a: Garchomp|40\/100\n|\n|-heal|p1a: Garchomp|46\/100|[from] item: Leftovers\n|upkeep\n|turn|30\n|\n|t:|1662666224\n|switch|p2a: Ninetales|Ninetales-Alola, M|88\/100 tox\n|-weather|Hail|[from] ability: Snow Warning|[of] p2a: Ninetales\n|move|p1a: Garchomp|Stealth Rock|p2a: Ninetales\n|-sidestart|p2: cogonahorse|move: Stealth Rock\n|\n|-weather|Hail|[upkeep]\n|-damage|p1a: Garchomp|40\/100|[from] Hail\n|-heal|p1a: Garchomp|46\/100|[from] item: Leftovers\n|-damage|p2a: Ninetales|82\/100 tox|[from] psn\n|upkeep\n|turn|31\n|\n|t:|1662666239\n|move|p2a: Ninetales|Aurora Veil|p2a: Ninetales\n|-sidestart|p2: cogonahorse|move: Aurora Veil\n|move|p1a: Garchomp|Earthquake|p2a: Ninetales\n|-damage|p2a: Ninetales|58\/100 tox\n|\n|-weather|Hail|[upkeep]\n|-damage|p1a: Garchomp|40\/100|[from] Hail\n|-heal|p1a: Garchomp|46\/100|[from] item: Leftovers\n|-damage|p2a: Ninetales|46\/100 tox|[from] psn\n|upkeep\n|turn|32\n|\n|t:|1662666246\n|switch|p2a: Tornadus|Tornadus-Therian, M|81\/100\n|-damage|p2a: Tornadus|56\/100|[from] Stealth Rock\n|move|p1a: Garchomp|Protect||[still]\n|-fail|p1a: Garchomp\n|\n|-weather|Hail|[upkeep]\n|-damage|p2a: Tornadus|50\/100|[from] Hail\n|-damage|p1a: Garchomp|40\/100|[from] Hail\n|-heal|p1a: Garchomp|46\/100|[from] item: Leftovers\n|upkeep\n|turn|33\n|\n|t:|1662666255\n|move|p2a: Tornadus|Hurricane|p1a: Garchomp\n|-damage|p1a: Garchomp|22\/100\n|move|p1a: Garchomp|Toxic|p2a: Tornadus\n|-status|p2a: Tornadus|tox\n|\n|-weather|Hail|[upkeep]\n|-damage|p2a: Tornadus|44\/100 tox|[from] Hail\n|-damage|p1a: Garchomp|15\/100|[from] Hail\n|-heal|p1a: Garchomp|22\/100|[from] item: Leftovers\n|-damage|p2a: Tornadus|38\/100 tox|[from] psn\n|upkeep\n|turn|34\n|\n|t:|1662666265\n|switch|p2a: Arctozolt|Arctozolt|88\/100\n|-damage|p2a: Arctozolt|63\/100|[from] Stealth Rock\n|move|p1a: Garchomp|Earthquake|p2a: Arctozolt\n|-supereffective|p2a: Arctozolt\n|-damage|p2a: Arctozolt|11\/100\n|\n|-weather|Hail|[upkeep]\n|-damage|p1a: Garchomp|15\/100|[from] Hail\n|-heal|p2a: Arctozolt|18\/100|[from] item: Leftovers\n|-heal|p1a: Garchomp|22\/100|[from] item: Leftovers\n|upkeep\n|turn|35\n|\n|t:|1662666278\n|move|p2a: Arctozolt|Blizzard|p1a: Garchomp\n|-supereffective|p1a: Garchomp\n|-damage|p1a: Garchomp|0 fnt\n|faint|p1a: Garchomp\n|\n|-weather|Hail|[upkeep]\n|-heal|p2a: Arctozolt|24\/100|[from] item: Leftovers\n|-sideend|p2: cogonahorse|move: Aurora Veil\n|upkeep\n|\n|t:|1662666287\n|switch|p1a: Rillaboom|Rillaboom, M|63\/100\n|-fieldstart|move: Grassy Terrain|[from] ability: Grassy Surge|[of] p1a: Rillaboom\n|turn|36\n|\n|t:|1662666292\n|move|p1a: Rillaboom|Grassy Glide|p2a: Arctozolt\n|-damage|p2a: Arctozolt|0 fnt\n|faint|p2a: Arctozolt\n|\n|-weather|Hail|[upkeep]\n|-damage|p1a: Rillaboom|57\/100|[from] Hail\n|-heal|p1a: Rillaboom|63\/100|[from] Grassy Terrain\n|-heal|p1a: Rillaboom|69\/100|[from] item: Leftovers\n|upkeep\n|\n|t:|1662666295\n|switch|p2a: Tornadus|Tornadus-Therian, M|71\/100 tox\n|-damage|p2a: Tornadus|46\/100 tox|[from] Stealth Rock\n|turn|37\n|\n|t:|1662666307\n|switch|p1a: Melmetal|Melmetal|39\/100\n|move|p2a: Tornadus|Hurricane|p1a: Melmetal\n|-resisted|p1a: Melmetal\n|-damage|p1a: Melmetal|21\/100\n|\n|-weather|none\n|-heal|p1a: Melmetal|27\/100|[from] Grassy Terrain\n|-heal|p1a: Melmetal|33\/100|[from] item: Leftovers\n|-damage|p2a: Tornadus|40\/100 tox|[from] psn\n|upkeep\n|turn|38\n|\n|t:|1662666316\n|move|p2a: Tornadus|Heat Wave|p1a: Melmetal\n|-supereffective|p1a: Melmetal\n|-damage|p1a: Melmetal|0 fnt\n|faint|p1a: Melmetal\n|\n|-damage|p2a: Tornadus|28\/100 tox|[from] psn\n|upkeep\n|\n|t:|1662666325\n|switch|p1a: Rillaboom|Rillaboom, M|69\/100\n|turn|39\n|\n|t:|1662666330\n|switch|p2a: Ninetales|Ninetales-Alola, M|46\/100 tox\n|-damage|p2a: Ninetales|21\/100 tox|[from] Stealth Rock\n|-weather|Hail|[from] ability: Snow Warning|[of] p2a: Ninetales\n|move|p1a: Rillaboom|Grassy Glide|p2a: Ninetales\n|-damage|p2a: Ninetales|0 fnt\n|faint|p2a: Ninetales\n|\n|-weather|Hail|[upkeep]\n|-damage|p1a: Rillaboom|63\/100|[from] Hail\n|-heal|p1a: Rillaboom|69\/100|[from] Grassy Terrain\n|-heal|p1a: Rillaboom|75\/100|[from] item: Leftovers\n|upkeep\n|\n|t:|1662666334\n|switch|p2a: Tornadus|Tornadus-Therian, M|61\/100 tox\n|-damage|p2a: Tornadus|36\/100 tox|[from] Stealth Rock\n|turn|40\n|\n|t:|1662666345\n|move|p1a: Rillaboom|Grassy Glide|p2a: Tornadus\n|-resisted|p2a: Tornadus\n|-damage|p2a: Tornadus|10\/100 tox\n|move|p2a: Tornadus|Hurricane|p1a: Rillaboom\n|-supereffective|p1a: Rillaboom\n|-damage|p1a: Rillaboom|0 fnt\n|faint|p1a: Rillaboom\n|\n|-weather|Hail|[upkeep]\n|-damage|p2a: Tornadus|4\/100 tox|[from] Hail\n|-damage|p2a: Tornadus|0 fnt|[from] psn\n|faint|p2a: Tornadus\n|-fieldend|move: Grassy Terrain\n|upkeep\n|\n|t:|1662666356\n|switch|p2a: Volcanion|Volcanion|89\/100\n|switch|p1a: Slowbro|Slowbro, M|100\/100\n|-damage|p2a: Volcanion|64\/100|[from] Stealth Rock\n|turn|41\n|\n|t:|1662666372\n|move|p2a: Volcanion|Sludge Wave|p1a: Slowbro\n|-damage|p1a: Slowbro|50\/100\n|move|p1a: Slowbro|Toxic|p2a: Volcanion\n|-status|p2a: Volcanion|tox\n|\n|-weather|Hail|[upkeep]\n|-damage|p2a: Volcanion|58\/100 tox|[from] Hail\n|-damage|p1a: Slowbro|44\/100|[from] Hail\n|-damage|p2a: Volcanion|52\/100 tox|[from] psn\n|upkeep\n|turn|42\n|\n|t:|1662666380\n|move|p2a: Volcanion|Sludge Wave|p1a: Slowbro\n|-damage|p1a: Slowbro|0 fnt\n|faint|p1a: Slowbro\n|\n|win|cogonahorse\n|raw|jly8's rating: 1663 &rarr; <strong>1644<\/strong><br \/>(-19 for losing)\n|raw|cogonahorse's rating: 1678 &rarr; <strong>1697<\/strong><br \/>(+19 for winning)\n","uploadtime":1662666394,"views":5,"p1id":"jly8","p2id":"cogonahorse","formatid":"gen8ou","rating":1644,"private":0,"password":null}