{"id":"gen8ou-1376914286","p1":"LT82ZW Vaw","p2":"ChiefGreenLeaf3","format":"gen8ou","log":"|raw|<div class=\"broadcast-blue\"><strong>This battle is required to be public due to a player having a name starting with 'lt82zw'.<\/div>\n|j|\u2606LT82ZW Vaw\n|j|\u2606ChiefGreenLeaf3\n|t:|1626285419\n|gametype|singles\n|player|p1|LT82ZW Vaw|falkner|1753\n|player|p2|ChiefGreenLeaf3|giovanni-gen1|1714\n|teamsize|p1|6\n|teamsize|p2|6\n|gen|8\n|tier|[Gen 8] OU\n|rated|\n|rule|Sleep Clause Mod: Limit one foe put to sleep\n|rule|Species Clause: Limit one of each Pok\u00e9mon\n|rule|OHKO Clause: OHKO moves are banned\n|rule|Evasion Moves Clause: Evasion moves are banned\n|rule|Endless Battle Clause: Forcing endless battles is banned\n|rule|HP Percentage Mod: HP is shown in percentages\n|rule|Dynamax Clause: You cannot dynamax\n|clearpoke\n|poke|p1|Bisharp, F|\n|poke|p1|Cloyster, F|\n|poke|p1|Garchomp, M|\n|poke|p1|Hawlucha, F|\n|poke|p1|Skarmory, F|\n|poke|p1|Volcarona, M|\n|poke|p2|Toxtricity, M|\n|poke|p2|Celesteela|\n|poke|p2|Conkeldurr, M|\n|poke|p2|Mamoswine, F|\n|poke|p2|Victini|\n|poke|p2|Azumarill, M|\n|teampreview\n|inactive|Battle timer is ON: inactive players will automatically lose when time's up. (requested by LT82ZW Vaw)\n|\n|t:|1626285435\n|start\n|switch|p1a: Skarmory|Skarmory, F|100\/100\n|switch|p2a: Toxtricity|Toxtricity, M|100\/100\n|turn|1\n|\n|t:|1626285445\n|move|p1a: Skarmory|Stealth Rock|p2a: Toxtricity\n|-sidestart|p2: ChiefGreenLeaf3|move: Stealth Rock\n|move|p2a: Toxtricity|Overdrive|p1a: Skarmory\n|-supereffective|p1a: Skarmory\n|-ability|p1a: Skarmory|Sturdy\n|-damage|p1a: Skarmory|1\/100\n|-damage|p2a: Toxtricity|91\/100|[from] item: Life Orb\n|\n|upkeep\n|turn|2\n|-enditem|p1a: Skarmory|Custap Berry|[eat]\n|-activate|p1a: Skarmory|item: Custap Berry|[consumed]\n|\n|t:|1626285450\n|move|p1a: Skarmory|Steel Beam|p2a: Toxtricity\n|-resisted|p2a: Toxtricity\n|-damage|p2a: Toxtricity|56\/100\n|-damage|p1a: Skarmory|0 fnt|[from] mindblown\n|faint|p1a: Skarmory\n|move|p2a: Toxtricity|Shift Gear|p2a: Toxtricity\n|-boost|p2a: Toxtricity|spe|2\n|-boost|p2a: Toxtricity|atk|1\n|\n|upkeep\n|\n|t:|1626285463\n|switch|p1a: Bisharp|Bisharp, F|100\/100\n|turn|3\n|\n|t:|1626285465\n|move|p1a: Bisharp|Sucker Punch||[still]\n|-fail|p1a: Bisharp\n|move|p2a: Toxtricity|Shift Gear|p2a: Toxtricity\n|-boost|p2a: Toxtricity|spe|2\n|-boost|p2a: Toxtricity|atk|1\n|\n|upkeep\n|turn|4\n|\n|t:|1626285468\n|move|p1a: Bisharp|Sucker Punch|p2a: Toxtricity\n|-damage|p2a: Toxtricity|0 fnt\n|faint|p2a: Toxtricity\n|-damage|p1a: Bisharp|91\/100|[from] item: Life Orb\n|\n|upkeep\n|\n|t:|1626285473\n|switch|p2a: Conkeldurr|Conkeldurr, M|100\/100\n|-damage|p2a: Conkeldurr|94\/100|[from] Stealth Rock\n|turn|5\n|\n|t:|1626285489\n|switch|p1a: Volcarona|Volcarona, M|100\/100\n|switch|p2a: Azumarill|Azumarill, M|100\/100\n|-damage|p2a: Azumarill|88\/100|[from] Stealth Rock\n|\n|upkeep\n|turn|6\n|\n|t:|1626285499\n|move|p1a: Volcarona|Psychic|p2a: Azumarill\n|-damage|p2a: Azumarill|57\/100\n|move|p2a: Azumarill|Belly Drum|p2a: Azumarill\n|-damage|p2a: Azumarill|7\/100\n|-setboost|p2a: Azumarill|atk|6|[from] move: Belly Drum\n|-enditem|p2a: Azumarill|Sitrus Berry|[eat]\n|-heal|p2a: Azumarill|32\/100|[from] item: Sitrus Berry\n|\n|upkeep\n|turn|7\n|\n|t:|1626285519\n|switch|p1a: Garchomp|Garchomp, M|100\/100\n|move|p2a: Azumarill|Aqua Jet|p1a: Garchomp\n|-damage|p1a: Garchomp|0 fnt\n|-damage|p2a: Azumarill|20\/100|[from] ability: Rough Skin|[of] p1a: Garchomp\n|faint|p1a: Garchomp\n|\n|upkeep\n|\n|t:|1626285527\n|switch|p1a: Bisharp|Bisharp, F|91\/100\n|turn|8\n|\n|t:|1626285529\n|move|p1a: Bisharp|Sucker Punch|p2a: Azumarill\n|-resisted|p2a: Azumarill\n|-damage|p2a: Azumarill|0 fnt\n|faint|p2a: Azumarill\n|-damage|p1a: Bisharp|81\/100|[from] item: Life Orb\n|\n|upkeep\n|\n|t:|1626285535\n|switch|p2a: Conkeldurr|Conkeldurr, M|94\/100\n|-damage|p2a: Conkeldurr|88\/100|[from] Stealth Rock\n|turn|9\n|\n|t:|1626285548\n|switch|p1a: Volcarona|Volcarona, M|100\/100\n|move|p2a: Conkeldurr|Knock Off|p1a: Volcarona\n|-damage|p1a: Volcarona|41\/100\n|-enditem|p1a: Volcarona|Heavy-Duty Boots|[from] move: Knock Off|[of] p2a: Conkeldurr\n|\n|-status|p2a: Conkeldurr|brn|[from] item: Flame Orb\n|upkeep\n|turn|10\n|j| gt853\n|c| gt853|GreenLeag smash this guy !\n|\n|t:|1626285590\n|move|p1a: Volcarona|Psychic|p2a: Conkeldurr\n|-supereffective|p2a: Conkeldurr\n|-damage|p2a: Conkeldurr|0 fnt\n|faint|p2a: Conkeldurr\n|\n|upkeep\n|c| gt853|he's dodging me on the ladder\n|c| gt853|too scared to play me\n|\n|t:|1626285597\n|switch|p2a: Victini|Victini|100\/100\n|turn|11\n|\n|t:|1626285607\n|switch|p1a: Cloyster|Cloyster, F|100\/100\n|move|p2a: Victini|Trick Room|p2a: Victini\n|-fieldstart|move: Trick Room|[of] p2a: Victini\n|\n|upkeep\n|turn|12\n|\n|t:|1626285617\n|move|p2a: Victini|Bolt Strike|p1a: Cloyster\n|-supereffective|p1a: Cloyster\n|-damage|p1a: Cloyster|32\/100\n|move|p1a: Cloyster|Rock Blast|p2a: Victini\n|-supereffective|p2a: Victini\n|-damage|p2a: Victini|88\/100\n|-supereffective|p2a: Victini\n|-damage|p2a: Victini|75\/100\n|-supereffective|p2a: Victini\n|-damage|p2a: Victini|63\/100\n|-supereffective|p2a: Victini\n|-damage|p2a: Victini|52\/100\n|-supereffective|p2a: Victini\n|-damage|p2a: Victini|39\/100\n|-hitcount|p2a: Victini|5\n|\n|upkeep\n|turn|13\n|\n|t:|1626285638\n|move|p1a: Cloyster|Ice Shard|p2a: Victini\n|-resisted|p2a: Victini\n|-damage|p2a: Victini|32\/100\n|move|p2a: Victini|V-create|p1a: Cloyster\n|-damage|p1a: Cloyster|0 fnt\n|-unboost|p2a: Victini|spe|1\n|-unboost|p2a: Victini|def|1\n|-unboost|p2a: Victini|spd|1\n|faint|p1a: Cloyster\n|\n|upkeep\n|\n|t:|1626285645\n|switch|p1a: Bisharp|Bisharp, F|81\/100\n|turn|14\n|\n|t:|1626285648\n|move|p1a: Bisharp|Sucker Punch|p2a: Victini\n|-supereffective|p2a: Victini\n|-damage|p2a: Victini|0 fnt\n|faint|p2a: Victini\n|-damage|p1a: Bisharp|71\/100|[from] item: Life Orb\n|\n|upkeep\n|c| gt853|he wont sucker dw\n|c| gt853|damn\n|\n|t:|1626285656\n|switch|p2a: Celesteela|Celesteela, shiny|100\/100\n|-damage|p2a: Celesteela|88\/100|[from] Stealth Rock\n|turn|15\n|\n|t:|1626285660\n|move|p1a: Bisharp|Sucker Punch||[still]\n|-fail|p1a: Bisharp\n|move|p2a: Celesteela|Autotomize|p2a: Celesteela\n|-boost|p2a: Celesteela|spe|2\n|-start|p2a: Celesteela|Autotomize\n|\n|-fieldend|move: Trick Room\n|upkeep\n|turn|16\n|c| gt853|its over\n|\n|t:|1626285665\n|move|p2a: Celesteela|Flamethrower|p1a: Bisharp\n|-supereffective|p1a: Bisharp\n|-damage|p1a: Bisharp|0 fnt\n|faint|p1a: Bisharp\n|-ability|p2a: Celesteela|Beast Boost|boost\n|-boost|p2a: Celesteela|spa|1\n|\n|upkeep\n|c|\u2606LT82ZW Vaw|oh\n|c| gt853|gg\n|\n|t:|1626285671\n|switch|p1a: Volcarona|Volcarona, M|41\/100\n|turn|17\n|c|\u2606ChiefGreenLeaf3|Gg\n|\n|t:|1626285677\n|move|p2a: Celesteela|Air Slash|p1a: Volcarona\n|-supereffective|p1a: Volcarona\n|-damage|p1a: Volcarona|0 fnt\n|faint|p1a: Volcarona\n|-ability|p2a: Celesteela|Beast Boost|boost\n|-boost|p2a: Celesteela|spa|1\n|\n|upkeep\n|-message|LT82ZW Vaw forfeited.\n|\n|win|ChiefGreenLeaf3\n|l|\u2606LT82ZW Vaw\n|raw|LT82ZW Vaw's rating: 1753 &rarr; <strong>1731<\/strong><br \/>(-22 for losing)\n|raw|ChiefGreenLeaf3's rating: 1714 &rarr; <strong>1736<\/strong><br \/>(+22 for winning)\n|c| gt853|LT82ZW LAW\n|c| gt853|hold that L\n|c|\u2606ChiefGreenLeaf3|Lol\n|c| gt853|GJ ChiefGreenLeaf3\n|c|\u2606ChiefGreenLeaf3|im goat\n|c|\u2606ChiefGreenLeaf3|Ty\n|c| gt853|ChiefGreenWeaf3\n|c| gt853|BIGI W\n|c| gt853|smashed\n|c| gt853|ggs\n|l| gt853\n|c|\u2606ChiefGreenLeaf3|Ayy ty lol\n||Ladder isn't responding, score probably updated but might not have (Request timeout).\n","uploadtime":1626285724,"views":27,"p1id":"lt82zwvaw","p2id":"chiefgreenleaf3","formatid":"gen8ou","rating":1731,"private":0,"password":null}