{"id":"gen8ou-1612098019","p1":"Maitredouard2","p2":"Fataalis","format":"gen8ou","log":"|j|\u2606Maitredouard2\n|j|\u2606Fataalis\n|t:|1657181550\n|gametype|singles\n|player|p1|Maitredouard2|lance|1735\n|player|p2|Fataalis|1|1754\n|teamsize|p1|6\n|teamsize|p2|6\n|gen|8\n|tier|[Gen 8] OU\n|rated|\n|rule|Sleep Clause Mod: Limit one foe put to sleep\n|rule|Species Clause: Limit one of each Pok\u00e9mon\n|rule|OHKO Clause: OHKO moves are banned\n|rule|Evasion Moves Clause: Evasion moves are banned\n|rule|Endless Battle Clause: Forcing endless battles is banned\n|rule|HP Percentage Mod: HP is shown in percentages\n|rule|Dynamax Clause: You cannot dynamax\n|clearpoke\n|poke|p1|Mandibuzz, F|\n|poke|p1|Landorus-Therian, M|\n|poke|p1|Blissey, F|\n|poke|p1|Heatran, F|\n|poke|p1|Toxapex, F|\n|poke|p1|Tapu Lele|\n|poke|p2|Bisharp, M|\n|poke|p2|Dragapult, F|\n|poke|p2|Rillaboom, F|\n|poke|p2|Melmetal|\n|poke|p2|Thundurus-Therian, M|\n|poke|p2|Urshifu-*, M|\n|teampreview\n|\n|t:|1657181563\n|start\n|switch|p1a: Tapu Lele|Tapu Lele|100\/100\n|switch|p2a: Bisharp|Bisharp, M|100\/100\n|-fieldstart|move: Psychic Terrain|[from] ability: Psychic Surge|[of] p1a: Tapu Lele\n|turn|1\n|inactive|Battle timer is ON: inactive players will automatically lose when time's up. (requested by Fataalis)\n|\n|t:|1657181571\n|move|p1a: Tapu Lele|Moonblast|p2a: Bisharp\n|-enditem|p2a: Bisharp|Focus Sash\n|-damage|p2a: Bisharp|1\/100\n|-unboost|p2a: Bisharp|spa|1\n|-ability|p2a: Bisharp|Defiant\n|-boost|p2a: Bisharp|atk|2\n|move|p2a: Bisharp|Iron Head|p1a: Tapu Lele\n|-supereffective|p1a: Tapu Lele\n|-damage|p1a: Tapu Lele|0 fnt\n|faint|p1a: Tapu Lele\n|\n|upkeep\n|\n|t:|1657181583\n|switch|p1a: Toxapex|Toxapex, F|100\/100\n|turn|2\n|j| Akushi Yasama\n|j| Shoaple\n|\n|t:|1657181592\n|move|p2a: Bisharp|Stealth Rock|p1a: Toxapex\n|-sidestart|p1: Maitredouard2|move: Stealth Rock\n|move|p1a: Toxapex|Recover||[still]\n|-fail|p1a: Toxapex|heal\n|\n|upkeep\n|turn|3\n|\n|t:|1657181602\n|switch|p2a: Thundurus|Thundurus-Therian, M|100\/100\n|move|p1a: Toxapex|Recover||[still]\n|-fail|p1a: Toxapex|heal\n|\n|upkeep\n|turn|4\n|\n|t:|1657181608\n|switch|p1a: Landorus|Landorus-Therian, M|100\/100\n|-damage|p1a: Landorus|88\/100|[from] Stealth Rock\n|-ability|p1a: Landorus|Intimidate|boost\n|-unboost|p2a: Thundurus|atk|1\n|move|p2a: Thundurus|Nasty Plot|p2a: Thundurus\n|-boost|p2a: Thundurus|spa|2\n|\n|upkeep\n|turn|5\n|j| RuparajanT\n|\n|t:|1657181620\n|move|p1a: Landorus|Explosion|p2a: Thundurus\n|-damage|p2a: Thundurus|0 fnt\n|faint|p1a: Landorus\n|faint|p2a: Thundurus\n|\n|-fieldend|move: Psychic Terrain\n|upkeep\n|\n|t:|1657181631\n|switch|p2a: Urshifu|Urshifu-Rapid-Strike, M|100\/100\n|switch|p1a: Mandibuzz|Mandibuzz, F|100\/100\n|turn|6\n|\n|t:|1657181637\n|switch|p1a: Toxapex|Toxapex, F|100\/100\n|-damage|p1a: Toxapex|88\/100|[from] Stealth Rock\n|move|p2a: Urshifu|Bulk Up|p2a: Urshifu\n|-boost|p2a: Urshifu|atk|1\n|-boost|p2a: Urshifu|def|1\n|\n|upkeep\n|turn|7\n|\n|t:|1657181646\n|switch|p2a: Rillaboom|Rillaboom, F|100\/100\n|-fieldstart|move: Grassy Terrain|[from] ability: Grassy Surge|[of] p2a: Rillaboom\n|move|p1a: Toxapex|Toxic|p2a: Rillaboom\n|-status|p2a: Rillaboom|tox\n|\n|-heal|p1a: Toxapex|94\/100|[from] Grassy Terrain\n|-damage|p2a: Rillaboom|94\/100 tox|[from] psn\n|upkeep\n|turn|8\n|\n|t:|1657181657\n|switch|p1a: Blissey|Blissey, F|100\/100\n|move|p2a: Rillaboom|Wood Hammer|p1a: Blissey\n|-damage|p1a: Blissey|0 fnt\n|faint|p1a: Blissey\n|-damage|p2a: Rillaboom|25\/100 tox|[from] Recoil\n|\n|-heal|p2a: Rillaboom|31\/100 tox|[from] Grassy Terrain\n|-damage|p2a: Rillaboom|19\/100 tox|[from] psn\n|upkeep\n|\n|t:|1657181670\n|switch|p1a: Mandibuzz|Mandibuzz, F|100\/100\n|turn|9\n|\n|t:|1657181676\n|switch|p2a: Melmetal|Melmetal|100\/100\n|move|p1a: Mandibuzz|Foul Play|p2a: Melmetal\n|-damage|p2a: Melmetal|73\/100\n|\n|-heal|p2a: Melmetal|79\/100|[from] Grassy Terrain\n|upkeep\n|turn|10\n|\n|t:|1657181684\n|switch|p1a: Heatran|Heatran, F|100\/100\n|-damage|p1a: Heatran|88\/100|[from] Stealth Rock\n|-item|p1a: Heatran|Air Balloon\n|move|p2a: Melmetal|Thunder Punch|p1a: Heatran\n|-crit|p1a: Heatran\n|-damage|p1a: Heatran|50\/100\n|-enditem|p1a: Heatran|Air Balloon\n|\n|-heal|p1a: Heatran|57\/100|[from] Grassy Terrain\n|-heal|p2a: Melmetal|85\/100|[from] Grassy Terrain\n|upkeep\n|turn|11\n|\n|t:|1657181697\n|move|p1a: Heatran|Magma Storm|p2a: Melmetal\n|-supereffective|p2a: Melmetal\n|-damage|p2a: Melmetal|31\/100\n|-activate|p2a: Melmetal|move: Magma Storm|[of] p1a: Heatran\n|move|p2a: Melmetal|Earthquake|p1a: Heatran\n|-supereffective|p1a: Heatran\n|-damage|p1a: Heatran|0 fnt\n|faint|p1a: Heatran\n|\n|-heal|p2a: Melmetal|37\/100|[from] Grassy Terrain\n|-end|p2a: Melmetal|Magma Storm|[partiallytrapped]|[silent]\n|-fieldend|move: Grassy Terrain\n|upkeep\n|\n|t:|1657181708\n|switch|p1a: Mandibuzz|Mandibuzz, F|100\/100\n|turn|12\n|\n|t:|1657181712\n|move|p1a: Mandibuzz|Foul Play|p2a: Melmetal\n|-damage|p2a: Melmetal|10\/100\n|move|p2a: Melmetal|Double Iron Bash|p1a: Mandibuzz\n|-damage|p1a: Mandibuzz|78\/100\n|-damage|p1a: Mandibuzz|53\/100\n|-hitcount|p1a: Mandibuzz|2\n|\n|upkeep\n|turn|13\n|\n|t:|1657181722\n|switch|p2a: Urshifu|Urshifu-Rapid-Strike, M|100\/100\n|move|p1a: Mandibuzz|Foul Play|p2a: Urshifu\n|-resisted|p2a: Urshifu\n|-damage|p2a: Urshifu|75\/100\n|\n|upkeep\n|turn|14\n|\n|t:|1657181729\n|switch|p1a: Toxapex|Toxapex, F|100\/100\n|-damage|p1a: Toxapex|88\/100|[from] Stealth Rock\n|move|p2a: Urshifu|Bulk Up|p2a: Urshifu\n|-boost|p2a: Urshifu|atk|1\n|-boost|p2a: Urshifu|def|1\n|\n|upkeep\n|turn|15\n|\n|t:|1657181739\n|move|p2a: Urshifu|Substitute|p2a: Urshifu\n|-start|p2a: Urshifu|Substitute\n|-damage|p2a: Urshifu|50\/100\n|move|p1a: Toxapex|Toxic||[still]\n|-fail|p1a: Toxapex\n|\n|upkeep\n|turn|16\n|\n|t:|1657181745\n|move|p2a: Urshifu|Surging Strikes|p1a: Toxapex\n|-resisted|p1a: Toxapex\n|-crit|p1a: Toxapex\n|-damage|p1a: Toxapex|80\/100\n|-resisted|p1a: Toxapex\n|-crit|p1a: Toxapex\n|-damage|p1a: Toxapex|71\/100\n|-resisted|p1a: Toxapex\n|-crit|p1a: Toxapex\n|-damage|p1a: Toxapex|62\/100\n|-hitcount|p1a: Toxapex|3\n|move|p1a: Toxapex|Haze|p1a: Toxapex\n|-clearallboost\n|\n|upkeep\n|turn|17\n|\n|t:|1657181757\n|switch|p2a: Bisharp|Bisharp, M|1\/100\n|move|p1a: Toxapex|Scald|p2a: Bisharp\n|-damage|p2a: Bisharp|0 fnt\n|faint|p2a: Bisharp\n|\n|upkeep\n|\n|t:|1657181760\n|switch|p2a: Dragapult|Dragapult, F|100\/100\n|turn|18\n|\n|t:|1657181767\n|move|p2a: Dragapult|Dragon Dance|p2a: Dragapult\n|-boost|p2a: Dragapult|atk|1\n|-boost|p2a: Dragapult|spe|1\n|move|p1a: Toxapex|Recover|p1a: Toxapex\n|-heal|p1a: Toxapex|100\/100\n|\n|upkeep\n|turn|19\n|\n|t:|1657181773\n|move|p2a: Dragapult|Dragon Darts|p1a: Toxapex\n|-damage|p1a: Toxapex|66\/100\n|-anim|p2a: Dragapult|Dragon Darts|p1a: Toxapex\n|-damage|p1a: Toxapex|37\/100\n|-damage|p2a: Dragapult|91\/100|[from] item: Life Orb\n|move|p1a: Toxapex|Haze|p1a: Toxapex\n|-clearallboost\n|\n|upkeep\n|turn|20\n|\n|t:|1657181783\n|move|p2a: Dragapult|Dragon Darts|p1a: Toxapex\n|-damage|p1a: Toxapex|16\/100\n|-anim|p2a: Dragapult|Dragon Darts|p1a: Toxapex\n|-crit|p1a: Toxapex\n|-damage|p1a: Toxapex|0 fnt\n|faint|p1a: Toxapex\n|-damage|p2a: Dragapult|81\/100|[from] item: Life Orb\n|\n|upkeep\n|\n|t:|1657181790\n|switch|p1a: Mandibuzz|Mandibuzz, F|53\/100\n|turn|21\n|\n|t:|1657181796\n|move|p2a: Dragapult|Dragon Dance|p2a: Dragapult\n|-boost|p2a: Dragapult|atk|1\n|-boost|p2a: Dragapult|spe|1\n|move|p1a: Mandibuzz|Roost|p1a: Mandibuzz\n|-heal|p1a: Mandibuzz|100\/100\n|-singleturn|p1a: Mandibuzz|move: Roost\n|\n|upkeep\n|turn|22\n|\n|t:|1657181804\n|move|p2a: Dragapult|Dragon Darts|p1a: Mandibuzz\n|-damage|p1a: Mandibuzz|64\/100\n|-anim|p2a: Dragapult|Dragon Darts|p1a: Mandibuzz\n|-damage|p1a: Mandibuzz|27\/100\n|-damage|p2a: Dragapult|71\/100|[from] item: Life Orb\n|move|p1a: Mandibuzz|Foul Play|p2a: Dragapult\n|-supereffective|p2a: Dragapult\n|-damage|p2a: Dragapult|0 fnt\n|faint|p2a: Dragapult\n|\n|upkeep\n|\n|t:|1657181807\n|switch|p2a: Urshifu|Urshifu-Rapid-Strike, M|50\/100\n|turn|23\n|-message|Maitredouard2 forfeited.\n|\n|win|Fataalis\n|raw|Maitredouard2's rating: 1735 &rarr; <strong>1716<\/strong><br \/>(-19 for losing)\n|raw|Fataalis's rating: 1754 &rarr; <strong>1773<\/strong><br \/>(+19 for winning)\n|l|\u2606Maitredouard2\n|l|\u2606Fataalis\n|l| RuparajanT\n|l| Akushi Yasama\n","uploadtime":1657181822,"views":24,"p1id":"maitredouard2","p2id":"fataalis","formatid":"gen8ou","rating":1716,"private":0,"password":null}