{"id":"gen8ou-1643727283","p1":"lothlorien2001","p2":"Cowsrule247","format":"gen8ou","log":"|j|\u2606lothlorien2001\n|j|\u203dCowsrule247\n|t:|1660966622\n|gametype|singles\n|player|p1|lothlorien2001|steven|1588\n|player|p2|Cowsrule247|skyla|1536\n|teamsize|p1|6\n|teamsize|p2|6\n|gen|8\n|tier|[Gen 8] OU\n|rated|\n|rule|Sleep Clause Mod: Limit one foe put to sleep\n|rule|Species Clause: Limit one of each Pok\u00e9mon\n|rule|OHKO Clause: OHKO moves are banned\n|rule|Evasion Items Clause: Evasion items are banned\n|rule|Evasion Moves Clause: Evasion moves are banned\n|rule|Endless Battle Clause: Forcing endless battles is banned\n|rule|HP Percentage Mod: HP is shown in percentages\n|rule|Dynamax Clause: You cannot dynamax\n|clearpoke\n|poke|p1|Mew|\n|poke|p1|Clefable, M|\n|poke|p1|Hippowdon, M|\n|poke|p1|Mandibuzz, F|\n|poke|p1|Ferrothorn, F|\n|poke|p1|Dragonite, M|\n|poke|p2|Corviknight, F|\n|poke|p2|Gastrodon-East, M|\n|poke|p2|Toxapex, M|\n|poke|p2|Buzzwole|\n|poke|p2|Clefable, F|\n|poke|p2|Blissey, F|\n|teampreview\n|inactive|Battle timer is ON: inactive players will automatically lose when time's up. (requested by Cowsrule247)\n|\n|t:|1660966628\n|start\n|switch|p1a: Mew|Mew|100\/100\n|switch|p2a: Gastrodon|Gastrodon-East, M|100\/100\n|turn|1\n|\n|t:|1660966631\n|move|p1a: Mew|Taunt|p2a: Gastrodon\n|-start|p2a: Gastrodon|move: Taunt\n|cant|p2a: Gastrodon|move: Taunt|Toxic\n|\n|upkeep\n|turn|2\n|\n|t:|1660966636\n|move|p1a: Mew|Cosmic Power|p1a: Mew\n|-boost|p1a: Mew|def|1\n|-boost|p1a: Mew|spd|1\n|move|p2a: Gastrodon|Scald|p1a: Mew\n|-damage|p1a: Mew|87\/100\n|\n|upkeep\n|turn|3\n|\n|t:|1660966647\n|switch|p2a: Toxapex|Toxapex, M|100\/100\n|move|p1a: Mew|Cosmic Power|p1a: Mew\n|-boost|p1a: Mew|def|1\n|-boost|p1a: Mew|spd|1\n|\n|upkeep\n|turn|4\n|\n|t:|1660966652\n|move|p1a: Mew|Taunt|p2a: Toxapex\n|-start|p2a: Toxapex|move: Taunt\n|move|p2a: Toxapex|Knock Off|p1a: Mew\n|-supereffective|p1a: Mew\n|-damage|p1a: Mew|74\/100\n|-enditem|p1a: Mew|Weakness Policy\n|-boost|p1a: Mew|atk|2|[from] item: Weakness Policy\n|-boost|p1a: Mew|spa|2|[from] item: Weakness Policy\n|\n|upkeep\n|turn|5\n|\n|t:|1660966657\n|switch|p2a: Clefable|Clefable, F|100\/100\n|move|p1a: Mew|Cosmic Power|p1a: Mew\n|-boost|p1a: Mew|def|1\n|-boost|p1a: Mew|spd|1\n|\n|upkeep\n|turn|6\n|\n|t:|1660966663\n|move|p1a: Mew|Stored Power|p2a: Clefable\n|-damage|p2a: Clefable|30\/100\n|move|p2a: Clefable|Wish|p2a: Clefable\n|\n|-heal|p2a: Clefable|36\/100|[from] item: Leftovers\n|upkeep\n|turn|7\n|\n|t:|1660966671\n|move|p2a: Clefable|Protect|p2a: Clefable\n|-singleturn|p2a: Clefable|Protect\n|move|p1a: Mew|Cosmic Power|p1a: Mew\n|-boost|p1a: Mew|def|1\n|-boost|p1a: Mew|spd|1\n|\n|-heal|p2a: Clefable|86\/100|[from] move: Wish|[wisher] Clefable\n|-heal|p2a: Clefable|92\/100|[from] item: Leftovers\n|upkeep\n|turn|8\n|\n|t:|1660966676\n|move|p1a: Mew|Taunt|p2a: Clefable\n|-start|p2a: Clefable|move: Taunt\n|cant|p2a: Clefable|move: Taunt|Wish\n|\n|-heal|p2a: Clefable|98\/100|[from] item: Leftovers\n|upkeep\n|turn|9\n|\n|t:|1660966687\n|move|p1a: Mew|Stored Power|p2a: Clefable\n|-damage|p2a: Clefable|12\/100\n|move|p2a: Clefable|Moonblast|p1a: Mew\n|-damage|p1a: Mew|51\/100\n|\n|-heal|p2a: Clefable|19\/100|[from] item: Leftovers\n|upkeep\n|turn|10\n|\n|t:|1660966691\n|move|p1a: Mew|Stored Power|p2a: Clefable\n|-damage|p2a: Clefable|0 fnt\n|faint|p2a: Clefable\n|\n|upkeep\n|\n|t:|1660966693\n|switch|p2a: Blissey|Blissey, F|100\/100\n|turn|11\n|\n|t:|1660966699\n|move|p1a: Mew|Taunt|p2a: Blissey\n|-start|p2a: Blissey|move: Taunt\n|move|p2a: Blissey|Seismic Toss|p1a: Mew\n|-damage|p1a: Mew|25\/100\n|\n|upkeep\n|turn|12\n|\n|t:|1660966701\n|move|p1a: Mew|Roost|p1a: Mew\n|-heal|p1a: Mew|75\/100\n|-singleturn|p1a: Mew|move: Roost\n|move|p2a: Blissey|Seismic Toss|p1a: Mew\n|-damage|p1a: Mew|50\/100\n|\n|upkeep\n|turn|13\n|\n|t:|1660966703\n|move|p1a: Mew|Roost|p1a: Mew\n|-heal|p1a: Mew|99\/100\n|-singleturn|p1a: Mew|move: Roost\n|move|p2a: Blissey|Seismic Toss|p1a: Mew\n|-damage|p1a: Mew|75\/100\n|\n|-end|p2a: Blissey|move: Taunt\n|upkeep\n|turn|14\n|\n|t:|1660966706\n|move|p1a: Mew|Taunt|p2a: Blissey\n|-start|p2a: Blissey|move: Taunt\n|move|p2a: Blissey|Seismic Toss|p1a: Mew\n|-damage|p1a: Mew|50\/100\n|\n|upkeep\n|turn|15\n|\n|t:|1660966708\n|move|p1a: Mew|Roost|p1a: Mew\n|-heal|p1a: Mew|99\/100\n|-singleturn|p1a: Mew|move: Roost\n|move|p2a: Blissey|Seismic Toss|p1a: Mew\n|-damage|p1a: Mew|74\/100\n|\n|upkeep\n|turn|16\n|\n|t:|1660966710\n|move|p1a: Mew|Stored Power|p2a: Blissey\n|-damage|p2a: Blissey|21\/100\n|move|p2a: Blissey|Seismic Toss|p1a: Mew\n|-damage|p1a: Mew|49\/100\n|\n|-end|p2a: Blissey|move: Taunt\n|upkeep\n|turn|17\n|\n|t:|1660966714\n|move|p1a: Mew|Stored Power|p2a: Blissey\n|-damage|p2a: Blissey|0 fnt\n|faint|p2a: Blissey\n|\n|upkeep\n|\n|t:|1660966716\n|switch|p2a: Buzzwole|Buzzwole, shiny|100\/100\n|turn|18\n|\n|t:|1660966718\n|move|p1a: Mew|Stored Power|p2a: Buzzwole\n|-supereffective|p2a: Buzzwole\n|-damage|p2a: Buzzwole|0 fnt\n|faint|p2a: Buzzwole\n|\n|upkeep\n|-message|Cowsrule247 forfeited.\n|\n|win|lothlorien2001\n|raw|lothlorien2001's rating: 1588 &rarr; <strong>1605<\/strong><br \/>(+17 for winning)\n|raw|Cowsrule247's rating: 1536 &rarr; <strong>1519<\/strong><br \/>(-17 for losing)\n|l|\u203dCowsrule247\n||Ladder isn't responding, score probably updated but might not have (Request timeout).\n","uploadtime":1660966728,"views":47,"p1id":"lothlorien2001","p2id":"cowsrule247","formatid":"gen8ou","rating":1519,"private":0,"password":null}