{"id":"gen8ou-1670411605","p1":"YJ963","p2":"chansey and lulu","format":"gen8ou","log":"|j|\u2606YJ963\n|j|\u2606chansey and lulu\n|t:|1663829804\n|gametype|singles\n|player|p1|YJ963|101|\n|player|p2|chansey and lulu|265|\n|teamsize|p1|6\n|teamsize|p2|6\n|gen|8\n|tier|[Gen 8] OU\n|rule|Sleep Clause Mod: Limit one foe put to sleep\n|rule|Species Clause: Limit one of each Pok\u00e9mon\n|rule|OHKO Clause: OHKO moves are banned\n|rule|Evasion Items Clause: Evasion items are banned\n|rule|Evasion Moves Clause: Evasion moves are banned\n|rule|Endless Battle Clause: Forcing endless battles is banned\n|rule|HP Percentage Mod: HP is shown in percentages\n|rule|Dynamax Clause: You cannot dynamax\n|clearpoke\n|poke|p1|Excadrill, F|\n|poke|p1|Garchomp, M|\n|poke|p1|Kartana|\n|poke|p1|Toxapex, M|\n|poke|p1|Tyranitar, F|\n|poke|p1|Zapdos|\n|poke|p2|Tapu Lele|\n|poke|p2|Blacephalon|\n|poke|p2|Tyranitar, M|\n|poke|p2|Landorus-Therian, M|\n|poke|p2|Corviknight, F|\n|poke|p2|Toxapex, F|\n|teampreview\n|\n|t:|1663829819\n|start\n|switch|p1a: Toxapex|Toxapex, M|100\/100\n|switch|p2a: Corviknight|Corviknight, F|100\/100\n|-ability|p2a: Corviknight|Pressure\n|turn|1\n|\n|t:|1663829833\n|switch|p2a: Toxapex|Toxapex, F|100\/100\n|move|p1a: Toxapex|Knock Off|p2a: Toxapex\n|-damage|p2a: Toxapex|92\/100\n|-enditem|p2a: Toxapex|Eject Button|[from] move: Knock Off|[of] p1a: Toxapex\n|\n|upkeep\n|turn|2\n|\n|t:|1663829853\n|switch|p1a: Tyranitar|Tyranitar, F|100\/100\n|-weather|Sandstorm|[from] ability: Sand Stream|[of] p1a: Tyranitar\n|move|p2a: Toxapex|Knock Off|p1a: Tyranitar\n|-resisted|p1a: Tyranitar\n|-damage|p1a: Tyranitar|95\/100\n|-enditem|p1a: Tyranitar|Leftovers|[from] move: Knock Off|[of] p2a: Toxapex\n|\n|-weather|Sandstorm|[upkeep]\n|-damage|p2a: Toxapex|86\/100|[from] Sandstorm\n|upkeep\n|turn|3\n|\n|t:|1663829869\n|switch|p2a: Corviknight|Corviknight, F|100\/100\n|-ability|p2a: Corviknight|Pressure\n|move|p1a: Tyranitar|Stealth Rock|p2a: Corviknight\n|-sidestart|p2: chansey and lulu|move: Stealth Rock\n|\n|-weather|Sandstorm|[upkeep]\n|upkeep\n|turn|4\n|\n|t:|1663829879\n|switch|p1a: Zapdos|Zapdos|100\/100\n|-ability|p1a: Zapdos|Pressure\n|move|p2a: Corviknight|Defog|p1a: Zapdos\n|-unboost|p1a: Zapdos|evasion|1\n|-sideend|p2: chansey and lulu|Stealth Rock|[from] move: Defog|[of] p2a: Corviknight\n|\n|-weather|Sandstorm|[upkeep]\n|-damage|p1a: Zapdos|94\/100|[from] Sandstorm\n|upkeep\n|turn|5\n|\n|t:|1663829892\n|switch|p2a: Tyranitar|Tyranitar, M|100\/100\n|move|p1a: Zapdos|Substitute|p1a: Zapdos\n|-start|p1a: Zapdos|Substitute\n|-damage|p1a: Zapdos|69\/100\n|\n|-weather|Sandstorm|[upkeep]\n|-damage|p1a: Zapdos|63\/100|[from] Sandstorm\n|upkeep\n|turn|6\n|\n|t:|1663829904\n|move|p1a: Zapdos|Discharge|p2a: Tyranitar\n|-damage|p2a: Tyranitar|74\/100\n|-status|p2a: Tyranitar|par\n|move|p2a: Tyranitar|Crunch|p1a: Zapdos\n|-end|p1a: Zapdos|Substitute\n|\n|-weather|none\n|upkeep\n|turn|7\n|\n|t:|1663829920\n|switch|p1a: Kartana|Kartana|100\/100\n|cant|p2a: Tyranitar|par\n|\n|upkeep\n|turn|8\n|\n|t:|1663829934\n|switch|p2a: Corviknight|Corviknight, F|100\/100\n|-ability|p2a: Corviknight|Pressure\n|move|p1a: Kartana|Knock Off|p2a: Corviknight\n|-damage|p2a: Corviknight|68\/100\n|-damage|p1a: Kartana|84\/100|[from] item: Rocky Helmet|[of] p2a: Corviknight\n|-enditem|p2a: Corviknight|Rocky Helmet|[from] move: Knock Off|[of] p1a: Kartana\n|-damage|p1a: Kartana|74\/100|[from] item: Life Orb\n|\n|upkeep\n|turn|9\n|\n|t:|1663829952\n|move|p1a: Kartana|Sacred Sword|p2a: Corviknight\n|-damage|p2a: Corviknight|37\/100\n|-damage|p1a: Kartana|65\/100|[from] item: Life Orb\n|move|p2a: Corviknight|Roost|p2a: Corviknight\n|-heal|p2a: Corviknight|87\/100\n|-singleturn|p2a: Corviknight|move: Roost\n|\n|upkeep\n|turn|10\n|\n|t:|1663829963\n|move|p1a: Kartana|Swords Dance|p1a: Kartana\n|-boost|p1a: Kartana|atk|2\n|move|p2a: Corviknight|U-turn|p1a: Kartana\n|-crit|p1a: Kartana\n|-damage|p1a: Kartana|40\/100\n|\n|t:|1663829970\n|switch|p2a: Tapu Lele|Tapu Lele|100\/100|[from]move: U-turn\n|-fieldstart|move: Psychic Terrain|[from] ability: Psychic Surge|[of] p2a: Tapu Lele\n|\n|upkeep\n|turn|11\n|\n|t:|1663829981\n|switch|p1a: Tyranitar|Tyranitar, F|95\/100\n|-weather|Sandstorm|[from] ability: Sand Stream|[of] p1a: Tyranitar\n|move|p2a: Tapu Lele|Moonblast|p1a: Tyranitar\n|-supereffective|p1a: Tyranitar\n|-crit|p1a: Tyranitar\n|-damage|p1a: Tyranitar|23\/100\n|\n|-weather|Sandstorm|[upkeep]\n|-damage|p2a: Tapu Lele|94\/100|[from] Sandstorm\n|upkeep\n|turn|12\n|\n|t:|1663830000\n|switch|p2a: Blacephalon|Blacephalon|100\/100\n|switch|p1a: Excadrill|Excadrill, F|100\/100\n|\n|-weather|Sandstorm|[upkeep]\n|-damage|p2a: Blacephalon|94\/100|[from] Sandstorm\n|upkeep\n|turn|13\n|\n|t:|1663830011\n|switch|p2a: Corviknight|Corviknight, F|87\/100\n|-ability|p2a: Corviknight|Pressure\n|move|p1a: Excadrill|Iron Head|p2a: Corviknight\n|-resisted|p2a: Corviknight\n|-damage|p2a: Corviknight|73\/100\n|\n|-weather|Sandstorm|[upkeep]\n|upkeep\n|turn|14\n|\n|t:|1663830024\n|move|p1a: Excadrill|Swords Dance|p1a: Excadrill\n|-boost|p1a: Excadrill|atk|2\n|move|p2a: Corviknight|Roost|p2a: Corviknight\n|-heal|p2a: Corviknight|100\/100\n|-singleturn|p2a: Corviknight|move: Roost\n|\n|-weather|Sandstorm|[upkeep]\n|-fieldend|move: Psychic Terrain\n|upkeep\n|turn|15\n|\n|t:|1663830034\n|move|p1a: Excadrill|Swords Dance|p1a: Excadrill\n|-boost|p1a: Excadrill|atk|2\n|move|p2a: Corviknight|Body Press|p1a: Excadrill\n|-supereffective|p1a: Excadrill\n|-damage|p1a: Excadrill|23\/100\n|\n|-weather|none\n|-heal|p1a: Excadrill|30\/100|[from] item: Leftovers\n|upkeep\n|turn|16\n|\n|t:|1663830045\n|move|p1a: Excadrill|Iron Head|p2a: Corviknight\n|-resisted|p2a: Corviknight\n|-damage|p2a: Corviknight|59\/100\n|cant|p2a: Corviknight|flinch\n|\n|-heal|p1a: Excadrill|36\/100|[from] item: Leftovers\n|upkeep\n|turn|17\n|\n|t:|1663830053\n|move|p1a: Excadrill|Iron Head|p2a: Corviknight\n|-resisted|p2a: Corviknight\n|-damage|p2a: Corviknight|16\/100\n|move|p2a: Corviknight|Body Press|p1a: Excadrill\n|-supereffective|p1a: Excadrill\n|-damage|p1a: Excadrill|0 fnt\n|faint|p1a: Excadrill\n|\n|upkeep\n|\n|t:|1663830064\n|switch|p1a: Zapdos|Zapdos|63\/100\n|-ability|p1a: Zapdos|Pressure\n|turn|18\n|\n|t:|1663830069\n|move|p1a: Zapdos|Hurricane|p2a: Corviknight|[miss]\n|-miss|p1a: Zapdos|p2a: Corviknight\n|move|p2a: Corviknight|Roost|p2a: Corviknight\n|-heal|p2a: Corviknight|66\/100\n|-singleturn|p2a: Corviknight|move: Roost\n|\n|upkeep\n|turn|19\n|\n|t:|1663830078\n|switch|p2a: Tyranitar|Tyranitar, M|74\/100 par\n|-weather|Sandstorm|[from] ability: Sand Stream|[of] p2a: Tyranitar\n|move|p1a: Zapdos|Roost|p1a: Zapdos\n|-heal|p1a: Zapdos|100\/100\n|-singleturn|p1a: Zapdos|move: Roost\n|\n|-weather|Sandstorm|[upkeep]\n|-damage|p1a: Zapdos|94\/100|[from] Sandstorm\n|upkeep\n|turn|20\n|\n|t:|1663830090\n|switch|p1a: Toxapex|Toxapex, M|100\/100\n|move|p2a: Tyranitar|Stone Edge|p1a: Toxapex|[miss]\n|-miss|p2a: Tyranitar|p1a: Toxapex\n|\n|-weather|Sandstorm|[upkeep]\n|-damage|p1a: Toxapex|95\/100|[from] Sandstorm\n|upkeep\n|turn|21\n|\n|t:|1663830100\n|cant|p2a: Tyranitar|par\n|move|p1a: Toxapex|Toxic Spikes|p2a: Tyranitar\n|-sidestart|p2: chansey and lulu|move: Toxic Spikes\n|\n|-weather|Sandstorm|[upkeep]\n|-damage|p1a: Toxapex|89\/100|[from] Sandstorm\n|upkeep\n|turn|22\n|\n|t:|1663830108\n|move|p2a: Tyranitar|Stone Edge|p1a: Toxapex\n|-damage|p1a: Toxapex|33\/100\n|move|p1a: Toxapex|Knock Off|p2a: Tyranitar\n|-resisted|p2a: Tyranitar\n|-damage|p2a: Tyranitar|67\/100 par\n|-enditem|p2a: Tyranitar|Choice Band|[from] move: Knock Off|[of] p1a: Toxapex\n|\n|-weather|Sandstorm|[upkeep]\n|-damage|p1a: Toxapex|27\/100|[from] Sandstorm\n|upkeep\n|turn|23\n|\n|t:|1663830119\n|move|p2a: Tyranitar|Crunch|p1a: Toxapex\n|-damage|p1a: Toxapex|0 fnt\n|-damage|p2a: Tyranitar|51\/100 par|[from] item: Rocky Helmet|[of] p1a: Toxapex\n|faint|p1a: Toxapex\n|\n|-weather|none\n|upkeep\n|\n|t:|1663830128\n|switch|p1a: Kartana|Kartana|40\/100\n|turn|24\n|\n|t:|1663830134\n|switch|p2a: Toxapex|Toxapex, F|100\/100\n|-sideend|p2: chansey and lulu|move: Toxic Spikes|[of] p2a: Toxapex\n|move|p1a: Kartana|Sacred Sword|p2a: Toxapex\n|-resisted|p2a: Toxapex\n|-damage|p2a: Toxapex|83\/100\n|-damage|p1a: Kartana|30\/100|[from] item: Life Orb\n|\n|upkeep\n|turn|25\n|\n|t:|1663830147\n|switch|p1a: Zapdos|Zapdos|94\/100\n|-ability|p1a: Zapdos|Pressure\n|switch|p2a: Corviknight|Corviknight, F|66\/100\n|-ability|p2a: Corviknight|Pressure\n|\n|upkeep\n|turn|26\n|\n|t:|1663830159\n|switch|p2a: Tyranitar|Tyranitar, M|51\/100 par\n|-weather|Sandstorm|[from] ability: Sand Stream|[of] p2a: Tyranitar\n|move|p1a: Zapdos|Hurricane|p2a: Tyranitar\n|-resisted|p2a: Tyranitar\n|-damage|p2a: Tyranitar|33\/100 par\n|\n|-weather|Sandstorm|[upkeep]\n|-damage|p1a: Zapdos|88\/100|[from] Sandstorm\n|upkeep\n|turn|27\n|\n|t:|1663830170\n|switch|p1a: Garchomp|Garchomp, M|100\/100\n|move|p2a: Tyranitar|Stone Edge|p1a: Garchomp\n|-resisted|p1a: Garchomp\n|-damage|p1a: Garchomp|72\/100\n|\n|-weather|Sandstorm|[upkeep]\n|-heal|p1a: Garchomp|79\/100|[from] item: Leftovers\n|upkeep\n|turn|28\n|\n|t:|1663830182\n|switch|p2a: Tapu Lele|Tapu Lele|94\/100\n|-fieldstart|move: Psychic Terrain|[from] ability: Psychic Surge|[of] p2a: Tapu Lele\n|move|p1a: Garchomp|Scale Shot|p2a: Tapu Lele\n|-immune|p2a: Tapu Lele\n|\n|-weather|Sandstorm|[upkeep]\n|-damage|p2a: Tapu Lele|88\/100|[from] Sandstorm\n|-heal|p1a: Garchomp|85\/100|[from] item: Leftovers\n|upkeep\n|turn|29\n|\n|t:|1663830196\n|switch|p1a: Zapdos|Zapdos|88\/100\n|-ability|p1a: Zapdos|Pressure\n|move|p2a: Tapu Lele|Moonblast|p1a: Zapdos\n|-crit|p1a: Zapdos\n|-damage|p1a: Zapdos|0 fnt\n|faint|p1a: Zapdos\n|\n|-weather|Sandstorm|[upkeep]\n|-damage|p2a: Tapu Lele|82\/100|[from] Sandstorm\n|upkeep\n|\n|t:|1663830206\n|switch|p1a: Garchomp|Garchomp, M|85\/100\n|turn|30\n|\n|t:|1663830212\n|move|p2a: Tapu Lele|Moonblast|p1a: Garchomp\n|-supereffective|p1a: Garchomp\n|-damage|p1a: Garchomp|0 fnt\n|faint|p1a: Garchomp\n|\n|-weather|none\n|upkeep\n|\n|t:|1663830216\n|switch|p1a: Kartana|Kartana|30\/100\n|turn|31\n|\n|t:|1663830221\n|move|p2a: Tapu Lele|Moonblast|p1a: Kartana\n|-resisted|p1a: Kartana\n|-damage|p1a: Kartana|0 fnt\n|faint|p1a: Kartana\n|\n|upkeep\n|\n|t:|1663830224\n|switch|p1a: Tyranitar|Tyranitar, F|23\/100\n|-weather|Sandstorm|[from] ability: Sand Stream|[of] p1a: Tyranitar\n|turn|32\n|\n|t:|1663830230\n|move|p2a: Tapu Lele|Moonblast|p1a: Tyranitar\n|-supereffective|p1a: Tyranitar\n|-damage|p1a: Tyranitar|0 fnt\n|faint|p1a: Tyranitar\n|\n|win|chansey and lulu\n|l|\u2606YJ963\n|l|\u2606chansey and lulu\n|j|\u2606YJ963\n|player|p1|YJ963|101\n","uploadtime":1663830462,"views":49,"p1id":"yj963","p2id":"chanseyandlulu","formatid":"gen8ou","rating":0,"private":0,"password":null}