{"id":"gen8ou-1700189990","p1":"El Stefano","p2":"testingdriverio","format":"gen8ou","log":"|j|\u2606El Stefano\n|j|\u2606testingdriverio\n|t:|1667320372\n|gametype|singles\n|player|p1|El Stefano|101|1780\n|player|p2|testingdriverio|170|1810\n|teamsize|p1|6\n|teamsize|p2|6\n|gen|8\n|tier|[Gen 8] OU\n|rated|\n|rule|Sleep Clause Mod: Limit one foe put to sleep\n|rule|Species Clause: Limit one of each Pok\u00e9mon\n|rule|OHKO Clause: OHKO moves are banned\n|rule|Evasion Items Clause: Evasion items are banned\n|rule|Evasion Moves Clause: Evasion moves are banned\n|rule|Endless Battle Clause: Forcing endless battles is banned\n|rule|HP Percentage Mod: HP is shown in percentages\n|rule|Dynamax Clause: You cannot dynamax\n|clearpoke\n|poke|p1|Reuniclus, F|\n|poke|p1|Umbreon, F|\n|poke|p1|Quagsire, M|\n|poke|p1|Dragonite, M|\n|poke|p1|Toxapex, M|\n|poke|p1|Tornadus-Therian, M|\n|poke|p2|Gyarados, M|\n|poke|p2|Landorus-Therian, M|\n|poke|p2|Incineroar, F|\n|poke|p2|Dragonite, M|\n|poke|p2|Starmie|\n|poke|p2|Kartana|\n|teampreview\n|j| Zombini62\n|\n|t:|1667320382\n|start\n|switch|p1a: Tornadus|Tornadus-Therian, M|100\/100\n|switch|p2a: Gyarados|Gyarados, M|100\/100\n|-ability|p2a: Gyarados|Intimidate|boost\n|-unboost|p1a: Tornadus|atk|1\n|turn|1\n|\n|t:|1667320385\n|move|p1a: Tornadus|Taunt|p2a: Gyarados\n|-start|p2a: Gyarados|move: Taunt\n|cant|p2a: Gyarados|move: Taunt|Toxic\n|\n|upkeep\n|turn|2\n|\n|t:|1667320396\n|move|p1a: Tornadus|Toxic|p2a: Gyarados\n|-status|p2a: Gyarados|tox\n|move|p2a: Gyarados|Hydro Pump|p1a: Tornadus\n|-damage|p1a: Tornadus|73\/100\n|\n|-damage|p2a: Gyarados|94\/100 tox|[from] psn\n|upkeep\n|turn|3\n|j| Jpoxferd\n|j| anarc0\n|inactive|Battle timer is ON: inactive players will automatically lose when time's up. (requested by El Stefano)\n|\n|t:|1667320416\n|move|p1a: Tornadus|Hurricane|p2a: Gyarados\n|-damage|p2a: Gyarados|50\/100 tox\n|move|p2a: Gyarados|Hydro Pump|p1a: Tornadus|[miss]\n|-miss|p2a: Gyarados|p1a: Tornadus\n|\n|-damage|p2a: Gyarados|38\/100 tox|[from] psn\n|-end|p2a: Gyarados|move: Taunt\n|upkeep\n|turn|4\n|j| clozap9\n|\n|t:|1667320426\n|switch|p2a: Landorus|Landorus-Therian, M|100\/100\n|-ability|p2a: Landorus|Intimidate|boost\n|-unboost|p1a: Tornadus|atk|1\n|move|p1a: Tornadus|Hurricane|p2a: Landorus\n|-damage|p2a: Landorus|70\/100\n|\n|-heal|p2a: Landorus|76\/100|[from] item: Leftovers\n|upkeep\n|turn|5\n|\n|t:|1667320436\n|move|p1a: Tornadus|Toxic|p2a: Landorus\n|-status|p2a: Landorus|tox\n|move|p2a: Landorus|U-turn|p1a: Tornadus\n|-resisted|p1a: Tornadus\n|-damage|p1a: Tornadus|61\/100\n|\n|t:|1667320441\n|switch|p2a: Dragonite|Dragonite, M|100\/100|[from]move: U-turn\n|\n|upkeep\n|turn|6\n|\n|t:|1667320446\n|switch|p1a: Toxapex|Toxapex, M|100\/100\n|move|p2a: Dragonite|Thunder Punch|p1a: Toxapex\n|-supereffective|p1a: Toxapex\n|-damage|p1a: Toxapex|67\/100\n|-status|p1a: Toxapex|par\n|-damage|p2a: Dragonite|84\/100|[from] item: Rocky Helmet|[of] p1a: Toxapex\n|\n|upkeep\n|turn|7\n|\n|t:|1667320462\n|switch|p2a: Landorus|Landorus-Therian, M|76\/100 tox\n|-ability|p2a: Landorus|Intimidate|boost\n|-unboost|p1a: Toxapex|atk|1\n|move|p1a: Toxapex|Knock Off|p2a: Landorus\n|-damage|p2a: Landorus|66\/100 tox\n|-enditem|p2a: Landorus|Leftovers|[from] move: Knock Off|[of] p1a: Toxapex\n|\n|-damage|p2a: Landorus|60\/100 tox|[from] psn\n|upkeep\n|turn|8\n|\n|t:|1667320473\n|switch|p1a: Tornadus|Tornadus-Therian, M|94\/100\n|move|p2a: Landorus|Stealth Rock|p1a: Tornadus\n|-sidestart|p1: El Stefano|move: Stealth Rock\n|\n|-damage|p2a: Landorus|48\/100 tox|[from] psn\n|upkeep\n|turn|9\n|\n|t:|1667320481\n|move|p1a: Tornadus|Defog|p2a: Landorus\n|-unboost|p2a: Landorus|evasion|1\n|-sideend|p1: El Stefano|Stealth Rock|[from] move: Defog|[of] p1a: Tornadus\n|move|p2a: Landorus|Toxic|p1a: Tornadus\n|-status|p1a: Tornadus|tox\n|\n|-damage|p1a: Tornadus|88\/100 tox|[from] psn\n|-damage|p2a: Landorus|30\/100 tox|[from] psn\n|upkeep\n|turn|10\n|\n|t:|1667320488\n|switch|p2a: Starmie|Starmie|100\/100\n|move|p1a: Tornadus|Hurricane|p2a: Starmie\n|-damage|p2a: Starmie|48\/100\n|\n|-damage|p1a: Tornadus|76\/100 tox|[from] psn\n|upkeep\n|turn|11\n|\n|t:|1667320499\n|switch|p1a: Reuniclus|Reuniclus, F|100\/100\n|move|p2a: Starmie|Recover|p2a: Starmie\n|-heal|p2a: Starmie|98\/100\n|\n|upkeep\n|turn|12\n|\n|t:|1667320506\n|switch|p2a: Incineroar|Incineroar, F|100\/100\n|-ability|p2a: Incineroar|Intimidate|boost\n|-unboost|p1a: Reuniclus|atk|1\n|move|p1a: Reuniclus|Future Sight|p2a: Incineroar\n|-start|p1a: Reuniclus|move: Future Sight\n|\n|upkeep\n|turn|13\n|\n|t:|1667320512\n|switch|p1a: Toxapex|Toxapex, M|99\/100 par\n|move|p2a: Incineroar|Knock Off|p1a: Toxapex\n|-crit|p1a: Toxapex\n|-damage|p1a: Toxapex|65\/100 par\n|-damage|p2a: Incineroar|84\/100|[from] item: Rocky Helmet|[of] p1a: Toxapex\n|-enditem|p1a: Toxapex|Rocky Helmet|[from] move: Knock Off|[of] p2a: Incineroar\n|\n|upkeep\n|turn|14\n|\n|t:|1667320521\n|move|p2a: Incineroar|Knock Off|p1a: Toxapex\n|-crit|p1a: Toxapex\n|-damage|p1a: Toxapex|40\/100 par\n|move|p1a: Toxapex|Toxic|p2a: Incineroar\n|-status|p2a: Incineroar|tox\n|\n|-end|p2a: Incineroar|move: Future Sight\n|-immune|p2a: Incineroar\n|-damage|p2a: Incineroar|78\/100 tox|[from] psn\n|upkeep\n|turn|15\n|\n|t:|1667320530\n|move|p2a: Incineroar|Parting Shot|p1a: Toxapex\n|-unboost|p1a: Toxapex|atk|1\n|-unboost|p1a: Toxapex|spa|1\n|\n|t:|1667320534\n|switch|p2a: Kartana|Kartana|100\/100|[from]move: Parting Shot\n|cant|p1a: Toxapex|par\n|\n|upkeep\n|turn|16\n|\n|t:|1667320542\n|switch|p1a: Dragonite|Dragonite, M|100\/100\n|move|p2a: Kartana|Knock Off|p1a: Dragonite\n|-damage|p1a: Dragonite|79\/100\n|-enditem|p1a: Dragonite|Leftovers|[from] move: Knock Off|[of] p2a: Kartana\n|-damage|p2a: Kartana|91\/100|[from] item: Life Orb\n|\n|upkeep\n|turn|17\n|\n|t:|1667320551\n|switch|p2a: Starmie|Starmie|98\/100\n|move|p1a: Dragonite|Roost|p1a: Dragonite\n|-heal|p1a: Dragonite|100\/100\n|-singleturn|p1a: Dragonite|move: Roost\n|\n|upkeep\n|turn|18\n|\n|t:|1667320556\n|switch|p1a: Reuniclus|Reuniclus, F|100\/100\n|move|p2a: Starmie|Scald|p1a: Reuniclus\n|-damage|p1a: Reuniclus|90\/100\n|\n|upkeep\n|turn|19\n|j| DukeStarr\n|\n|t:|1667320561\n|switch|p2a: Incineroar|Incineroar, F|78\/100 tox\n|-ability|p2a: Incineroar|Intimidate|boost\n|-unboost|p1a: Reuniclus|atk|1\n|move|p1a: Reuniclus|Knock Off|p2a: Incineroar\n|-resisted|p2a: Incineroar\n|-damage|p2a: Incineroar|73\/100 tox\n|-enditem|p2a: Incineroar|Heavy-Duty Boots|[from] move: Knock Off|[of] p1a: Reuniclus\n|\n|-damage|p2a: Incineroar|67\/100 tox|[from] psn\n|upkeep\n|turn|20\n|\n|t:|1667320567\n|switch|p1a: Toxapex|Toxapex, M|74\/100 par\n|move|p2a: Incineroar|Parting Shot|p1a: Toxapex\n|-unboost|p1a: Toxapex|atk|1\n|-unboost|p1a: Toxapex|spa|1\n|\n|t:|1667320570\n|switch|p2a: Landorus|Landorus-Therian, M|30\/100 tox|[from]move: Parting Shot\n|-ability|p2a: Landorus|Intimidate|boost\n|-unboost|p1a: Toxapex|atk|1\n|\n|-damage|p2a: Landorus|24\/100 tox|[from] psn\n|upkeep\n|turn|21\n|\n|t:|1667320573\n|switch|p1a: Tornadus|Tornadus-Therian, M|100\/100 tox\n|move|p2a: Landorus|Stealth Rock|p1a: Tornadus\n|-sidestart|p1: El Stefano|move: Stealth Rock\n|\n|-damage|p1a: Tornadus|94\/100 tox|[from] psn\n|-damage|p2a: Landorus|12\/100 tox|[from] psn\n|upkeep\n|turn|22\n|\n|t:|1667320580\n|switch|p2a: Dragonite|Dragonite, M|84\/100\n|move|p1a: Tornadus|Defog|p2a: Dragonite\n|-unboost|p2a: Dragonite|evasion|1\n|-sideend|p1: El Stefano|Stealth Rock|[from] move: Defog|[of] p1a: Tornadus\n|\n|-damage|p1a: Tornadus|82\/100 tox|[from] psn\n|upkeep\n|turn|23\n|\n|t:|1667320589\n|switch|p1a: Toxapex|Toxapex, M|100\/100 par\n|switch|p2a: Starmie|Starmie|98\/100\n|\n|upkeep\n|turn|24\n|\n|t:|1667320597\n|switch|p2a: Kartana|Kartana|91\/100\n|switch|p1a: Reuniclus|Reuniclus, F|100\/100\n|\n|upkeep\n|turn|25\n|\n|t:|1667320602\n|switch|p1a: Dragonite|Dragonite, M|100\/100\n|move|p2a: Kartana|Swords Dance|p2a: Kartana\n|-boost|p2a: Kartana|atk|2\n|\n|upkeep\n|turn|26\n|l| clozap9\n|\n|t:|1667320608\n|switch|p2a: Incineroar|Incineroar, F|67\/100 tox\n|-ability|p2a: Incineroar|Intimidate|boost\n|-unboost|p1a: Dragonite|atk|1\n|move|p1a: Dragonite|Flamethrower|p2a: Incineroar\n|-resisted|p2a: Incineroar\n|-damage|p2a: Incineroar|59\/100 tox\n|\n|-damage|p2a: Incineroar|53\/100 tox|[from] psn\n|upkeep\n|turn|27\n|\n|t:|1667320620\n|switch|p1a: Toxapex|Toxapex, M|100\/100 par\n|move|p2a: Incineroar|Parting Shot|p1a: Toxapex\n|-unboost|p1a: Toxapex|atk|1\n|-unboost|p1a: Toxapex|spa|1\n|-message|testingdriverio forfeited.\n|\n|win|El Stefano\n|raw|El Stefano's rating: 1780 &rarr; <strong>1802<\/strong><br \/>(+22 for winning)\n|raw|testingdriverio's rating: 1810 &rarr; <strong>1788<\/strong><br \/>(-22 for losing)\n|l|\u2606testingdriverio\n|l| Zombini62\n|l| Jpoxferd\n|l| anarc0\n||Ladder isn't responding, score probably updated but might not have (Request timeout).\n","uploadtime":1667320631,"views":21,"p1id":"elstefano","p2id":"testingdriverio","formatid":"gen8ou","rating":1788,"private":0,"password":null}