{"id":"gen82v2doubles-1706964928","p1":"aiyalexei","p2":"kid1318","format":"gen82v2doubles","log":"|j|\u2606aiyalexei\n|j|\u2606kid1318\n|inactive|Battle timer is ON: inactive players will automatically lose when time's up.\n|t:|1668036984\n|gametype|doubles\n|player|p1|aiyalexei|biker-gen4|\n|player|p2|kid1318|liza|\n|teamsize|p1|4\n|teamsize|p2|4\n|gen|8\n|tier|[Gen 8] 2v2 Doubles\n|rated|Tournament battle\n|rule|Species Clause: Limit one of each Pok\u00e9mon\n|rule|OHKO Clause: OHKO moves are banned\n|rule|Evasion Moves Clause: Evasion moves are banned\n|rule|Gravity Sleep Clause: The combination of sleep-inducing moves with imperfect accuracy and Gravity or Gigantamax Orbeetle are banned\n|rule|Endless Battle Clause: Forcing endless battles is banned\n|rule|HP Percentage Mod: HP is shown in percentages\n|rule|Accuracy Moves Clause: Accuracy-lowering moves are banned\n|rule|Dynamax Clause: You cannot dynamax\n|rule|Sleep Clause Mod: Limit one foe put to sleep\n|rule|Camomons Mod: Pok\u00e9mon have their types set to match their first two moves.\n|clearpoke\n|poke|p1|Barraskewda, F|\n|poke|p1|Pelipper, M|\n|poke|p1|Zapdos|\n|poke|p1|Tapu Fini|\n|poke|p2|Zeraora|\n|poke|p2|Dracovish|\n|poke|p2|Tapu Lele|\n|poke|p2|Indeedee-F, F|\n|teampreview|2\n|j|*Lady Monita \u263d\n|inactive|kid1318 also wants the timer to be on.\n|\n|t:|1668036993\n|start\n|switch|p1a: Pelipper|Pelipper, M|100\/100\n|switch|p1b: Barraskewda|Barraskewda, F|100\/100\n|switch|p2a: Tapu Lele|Tapu Lele|100\/100\n|switch|p2b: ground|Dracovish|100\/100\n|-start|p2b: ground|typechange|Water\/Steel|[silent]\n|-start|p1b: Barraskewda|typechange|Poison\/Water|[silent]\n|-start|p2a: Tapu Lele|typechange|Fairy\/Normal|[silent]\n|-fieldstart|move: Psychic Terrain|[from] ability: Psychic Surge|[of] p2a: Tapu Lele\n|-start|p1a: Pelipper|typechange|Steel\/Flying|[silent]\n|-weather|RainDance|[from] ability: Drizzle|[of] p1a: Pelipper\n|-start|p1a: Pelipper|typechange|Steel\/Flying|[silent]\n|-start|p1b: Barraskewda|typechange|Poison\/Water|[silent]\n|-start|p2a: Tapu Lele|typechange|Fairy\/Normal|[silent]\n|-start|p2b: ground|typechange|Water\/Steel|[silent]\n|turn|1\n|inactive|kid1318 has 120 seconds left.\n|\n|t:|1668037041\n|move|p1b: Barraskewda|Liquidation|p2a: Tapu Lele\n|-damage|p2a: Tapu Lele|0 fnt\n|faint|p2a: Tapu Lele\n|move|p2b: ground|Fishious Rend|p1b: Barraskewda\n|-resisted|p1b: Barraskewda\n|-damage|p1b: Barraskewda|25\/100\n|move|p1a: Pelipper|Hurricane|p2b: ground\n|-resisted|p2b: ground\n|-damage|p2b: ground|50\/100\n|-start|p2b: ground|confusion\n|\n|-weather|RainDance|[upkeep]\n|upkeep\n|-start|p2: Tapu Lele|typechange|Fairy\/Normal|[silent]\n|turn|2\n|\n|t:|1668037047\n|move|p1b: Barraskewda|Liquidation|p2b: ground\n|-resisted|p2b: ground\n|-damage|p2b: ground|0 fnt\n|faint|p2b: ground\n|\n|win|aiyalexei\n|n|\u2606aiyalexei|aiyalexei\n|n|\u2606kid1318|kid1318\n|n|*Lady Monita \u263d|ladymonita\n","uploadtime":1668037063,"views":1,"p1id":"aiyalexei","p2id":"kid1318","formatid":"gen82v2doubles","rating":0,"private":0,"password":null}