{"id":"gen8ou-1657937217","p1":"LAUNCH24","p2":"IIIodyne","format":"gen8ou","log":"|j|\u2606LAUNCH24\n|j|\u2606IIIodyne\n|t:|1662509480\n|gametype|singles\n|player|p1|LAUNCH24|170|1732\n|player|p2|IIIodyne|102|1708\n|teamsize|p1|6\n|teamsize|p2|6\n|gen|8\n|tier|[Gen 8] OU\n|rated|\n|rule|Sleep Clause Mod: Limit one foe put to sleep\n|rule|Species Clause: Limit one of each Pok\u00e9mon\n|rule|OHKO Clause: OHKO moves are banned\n|rule|Evasion Items Clause: Evasion items are banned\n|rule|Evasion Moves Clause: Evasion moves are banned\n|rule|Endless Battle Clause: Forcing endless battles is banned\n|rule|HP Percentage Mod: HP is shown in percentages\n|rule|Dynamax Clause: You cannot dynamax\n|clearpoke\n|poke|p1|Seismitoad, F|\n|poke|p1|Clefable, M|\n|poke|p1|Tapu Lele|\n|poke|p1|Ferrothorn, F|\n|poke|p1|Mamoswine, F|\n|poke|p1|Blaziken, M|\n|poke|p2|Snorlax, M|\n|poke|p2|Suicune|\n|poke|p2|Melmetal|\n|poke|p2|Victini|\n|poke|p2|Landorus-Therian, M|\n|poke|p2|Zapdos|\n|teampreview\n|j| xxcryptoxx\n|inactive|Battle timer is ON: inactive players will automatically lose when time's up. (requested by IIIodyne)\n|\n|t:|1662509496\n|start\n|switch|p1a: Seismitoad|Seismitoad, F|100\/100\n|switch|p2a: Suicune|Suicune|100\/100\n|-ability|p2a: Suicune|Pressure\n|turn|1\n|\n|t:|1662509501\n|move|p2a: Suicune|Calm Mind|p2a: Suicune\n|-boost|p2a: Suicune|spa|1\n|-boost|p2a: Suicune|spd|1\n|move|p1a: Seismitoad|Stealth Rock|p2a: Suicune\n|-sidestart|p2: IIIodyne|move: Stealth Rock\n|\n|upkeep\n|turn|2\n|\n|t:|1662509505\n|move|p2a: Suicune|Ice Beam|p1a: Seismitoad\n|-damage|p1a: Seismitoad|71\/100\n|move|p1a: Seismitoad|Knock Off|p2a: Suicune\n|-damage|p2a: Suicune|89\/100\n|-enditem|p2a: Suicune|Leftovers|[from] move: Knock Off|[of] p1a: Seismitoad\n|\n|-heal|p1a: Seismitoad|77\/100|[from] item: Leftovers\n|upkeep\n|turn|3\n|\n|t:|1662509509\n|switch|p1a: Ferrothorn|Ferrothorn, F|100\/100\n|move|p2a: Suicune|Ice Beam|p1a: Ferrothorn\n|-damage|p1a: Ferrothorn|81\/100\n|\n|-heal|p1a: Ferrothorn|87\/100|[from] item: Leftovers\n|upkeep\n|turn|4\n|\n|t:|1662509512\n|switch|p2a: Zapdos|Zapdos|100\/100\n|move|p1a: Ferrothorn|Power Whip|p2a: Zapdos\n|-resisted|p2a: Zapdos\n|-damage|p2a: Zapdos|79\/100\n|\n|-heal|p1a: Ferrothorn|94\/100|[from] item: Leftovers\n|upkeep\n|turn|5\n|\n|t:|1662509518\n|move|p2a: Zapdos|Defog|p1a: Ferrothorn\n|-unboost|p1a: Ferrothorn|evasion|1\n|-sideend|p2: IIIodyne|Stealth Rock|[from] move: Defog|[of] p2a: Zapdos\n|move|p1a: Ferrothorn|Knock Off|p2a: Zapdos\n|-damage|p2a: Zapdos|57\/100\n|-enditem|p2a: Zapdos|Heavy-Duty Boots|[from] move: Knock Off|[of] p1a: Ferrothorn\n|\n|-heal|p1a: Ferrothorn|99\/100|[from] item: Leftovers\n|upkeep\n|turn|6\n|\n|t:|1662509522\n|switch|p1a: Seismitoad|Seismitoad, F|77\/100\n|move|p2a: Zapdos|Heat Wave|p1a: Seismitoad\n|-resisted|p1a: Seismitoad\n|-damage|p1a: Seismitoad|59\/100\n|\n|-heal|p1a: Seismitoad|65\/100|[from] item: Leftovers\n|upkeep\n|turn|7\n|\n|t:|1662509527\n|move|p2a: Zapdos|Hurricane|p1a: Seismitoad|[miss]\n|-miss|p2a: Zapdos|p1a: Seismitoad\n|move|p1a: Seismitoad|Scald|p2a: Zapdos\n|-damage|p2a: Zapdos|35\/100\n|\n|-heal|p1a: Seismitoad|71\/100|[from] item: Leftovers\n|upkeep\n|turn|8\n|\n|t:|1662509531\n|move|p2a: Zapdos|Hurricane|p1a: Seismitoad\n|-damage|p1a: Seismitoad|3\/100\n|-start|p1a: Seismitoad|confusion\n|-activate|p1a: Seismitoad|confusion\n|move|p1a: Seismitoad|Stealth Rock|p2a: Zapdos\n|-sidestart|p2: IIIodyne|move: Stealth Rock\n|\n|-heal|p1a: Seismitoad|9\/100|[from] item: Leftovers\n|upkeep\n|turn|9\n|\n|t:|1662509536\n|switch|p1a: Mamoswine|Mamoswine, F|100\/100\n|move|p2a: Zapdos|Defog|p1a: Mamoswine\n|-unboost|p1a: Mamoswine|evasion|1\n|-sideend|p2: IIIodyne|Stealth Rock|[from] move: Defog|[of] p2a: Zapdos\n|\n|upkeep\n|turn|10\n|\n|t:|1662509540\n|switch|p2a: Suicune|Suicune|89\/100\n|-ability|p2a: Suicune|Pressure\n|move|p1a: Mamoswine|Earthquake|p2a: Suicune\n|-damage|p2a: Suicune|57\/100\n|\n|upkeep\n|turn|11\n|\n|t:|1662509547\n|switch|p1a: Seismitoad|Seismitoad, F|9\/100\n|move|p2a: Suicune|Scald|p1a: Seismitoad\n|-heal|p1a: Seismitoad|34\/100|[from] ability: Water Absorb|[of] p2a: Suicune\n|\n|-heal|p1a: Seismitoad|40\/100|[from] item: Leftovers\n|upkeep\n|turn|12\n|\n|t:|1662509554\n|move|p2a: Suicune|Ice Beam|p1a: Seismitoad\n|-damage|p1a: Seismitoad|19\/100\n|move|p1a: Seismitoad|Stealth Rock|p2a: Suicune\n|-sidestart|p2: IIIodyne|move: Stealth Rock\n|\n|-heal|p1a: Seismitoad|25\/100|[from] item: Leftovers\n|upkeep\n|turn|13\n|\n|t:|1662509559\n|switch|p1a: Mamoswine|Mamoswine, F|100\/100\n|move|p2a: Suicune|Ice Beam|p1a: Mamoswine\n|-damage|p1a: Mamoswine|93\/100\n|\n|upkeep\n|turn|14\n|j| golgo27\n|\n|t:|1662509563\n|switch|p1a: Ferrothorn|Ferrothorn, F|99\/100\n|move|p2a: Suicune|Scald|p1a: Ferrothorn\n|-resisted|p1a: Ferrothorn\n|-damage|p1a: Ferrothorn|91\/100\n|-status|p1a: Ferrothorn|brn\n|\n|-heal|p1a: Ferrothorn|98\/100 brn|[from] item: Leftovers\n|-damage|p1a: Ferrothorn|91\/100 brn|[from] brn\n|upkeep\n|turn|15\n|\n|t:|1662509568\n|switch|p2a: Zapdos|Zapdos|35\/100\n|-damage|p2a: Zapdos|10\/100|[from] Stealth Rock\n|switch|p1a: Tapu Lele|Tapu Lele|100\/100\n|-fieldstart|move: Psychic Terrain|[from] ability: Psychic Surge|[of] p1a: Tapu Lele\n|\n|upkeep\n|turn|16\n|j| Adrift & Rising\n|j| flopslips\n|inactive|IIIodyne has 120 seconds left.\n|\n|t:|1662509602\n|move|p1a: Tapu Lele|Psychic|p2a: Zapdos\n|-damage|p2a: Zapdos|0 fnt\n|faint|p2a: Zapdos\n|\n|upkeep\n|\n|t:|1662509604\n|switch|p2a: Melmetal|Melmetal|100\/100\n|-damage|p2a: Melmetal|94\/100|[from] Stealth Rock\n|turn|17\n|\n|t:|1662509608\n|switch|p1a: Ferrothorn|Ferrothorn, F|91\/100 brn\n|move|p2a: Melmetal|Earthquake|p1a: Ferrothorn\n|-damage|p1a: Ferrothorn|61\/100 brn\n|\n|-heal|p1a: Ferrothorn|67\/100 brn|[from] item: Leftovers\n|-damage|p1a: Ferrothorn|61\/100 brn|[from] brn\n|upkeep\n|turn|18\n|\n|t:|1662509612\n|move|p2a: Melmetal|Earthquake|p1a: Ferrothorn\n|-damage|p1a: Ferrothorn|32\/100 brn\n|move|p1a: Ferrothorn|Knock Off|p2a: Melmetal\n|-damage|p2a: Melmetal|88\/100\n|-enditem|p2a: Melmetal|Assault Vest|[from] move: Knock Off|[of] p1a: Ferrothorn\n|\n|-heal|p1a: Ferrothorn|38\/100 brn|[from] item: Leftovers\n|-damage|p1a: Ferrothorn|32\/100 brn|[from] brn\n|upkeep\n|turn|19\n|\n|t:|1662509615\n|move|p2a: Melmetal|Earthquake|p1a: Ferrothorn\n|-damage|p1a: Ferrothorn|6\/100 brn\n|move|p1a: Ferrothorn|Leech Seed|p2a: Melmetal\n|-start|p2a: Melmetal|move: Leech Seed\n|\n|-heal|p1a: Ferrothorn|12\/100 brn|[from] item: Leftovers\n|-damage|p2a: Melmetal|76\/100|[from] Leech Seed|[of] p1a: Ferrothorn\n|-heal|p1a: Ferrothorn|26\/100 brn|[silent]\n|-damage|p1a: Ferrothorn|20\/100 brn|[from] brn\n|-fieldend|move: Psychic Terrain\n|upkeep\n|turn|20\n|\n|t:|1662509622\n|switch|p2a: Landorus|Landorus-Therian, M|100\/100\n|-damage|p2a: Landorus|88\/100|[from] Stealth Rock\n|-ability|p2a: Landorus|Intimidate|boost\n|-unboost|p1a: Ferrothorn|atk|1\n|move|p1a: Ferrothorn|Spikes|p2a: Landorus\n|-sidestart|p2: IIIodyne|Spikes\n|\n|-heal|p1a: Ferrothorn|26\/100 brn|[from] item: Leftovers\n|-damage|p1a: Ferrothorn|20\/100 brn|[from] brn\n|upkeep\n|turn|21\n|\n|t:|1662509629\n|move|p2a: Landorus|Earthquake|p1a: Ferrothorn\n|-damage|p1a: Ferrothorn|0 fnt\n|faint|p1a: Ferrothorn\n|\n|upkeep\n|\n|t:|1662509633\n|switch|p1a: Mamoswine|Mamoswine, F|93\/100\n|turn|22\n|\n|t:|1662509640\n|switch|p2a: Suicune|Suicune|57\/100\n|-damage|p2a: Suicune|44\/100|[from] Stealth Rock\n|-damage|p2a: Suicune|32\/100|[from] Spikes\n|-ability|p2a: Suicune|Pressure\n|move|p1a: Mamoswine|Icicle Crash|p2a: Suicune\n|-resisted|p2a: Suicune\n|-damage|p2a: Suicune|19\/100\n|\n|upkeep\n|turn|23\n|\n|t:|1662509650\n|move|p1a: Mamoswine|Earthquake|p2a: Suicune\n|-damage|p2a: Suicune|0 fnt\n|faint|p2a: Suicune\n|\n|upkeep\n|\n|t:|1662509656\n|switch|p2a: Victini|Victini|100\/100\n|-damage|p2a: Victini|76\/100|[from] Stealth Rock\n|-damage|p2a: Victini|63\/100|[from] Spikes\n|turn|24\n|\n|t:|1662509666\n|switch|p1a: Seismitoad|Seismitoad, F|25\/100\n|move|p2a: Victini|V-create|p1a: Seismitoad\n|-resisted|p1a: Seismitoad\n|-damage|p1a: Seismitoad|0 fnt\n|-unboost|p2a: Victini|spe|1\n|-unboost|p2a: Victini|def|1\n|-unboost|p2a: Victini|spd|1\n|faint|p1a: Seismitoad\n|\n|upkeep\n|\n|t:|1662509672\n|switch|p1a: Blaziken|Blaziken, M|100\/100\n|-item|p1a: Blaziken|Air Balloon\n|turn|25\n|\n|t:|1662509675\n|move|p1a: Blaziken|Swords Dance|p1a: Blaziken\n|-boost|p1a: Blaziken|atk|2\n|move|p2a: Victini|V-create|p1a: Blaziken\n|-resisted|p1a: Blaziken\n|-damage|p1a: Blaziken|5\/100\n|-unboost|p2a: Victini|spe|1\n|-unboost|p2a: Victini|def|1\n|-unboost|p2a: Victini|spd|1\n|-enditem|p1a: Blaziken|Air Balloon\n|\n|-ability|p1a: Blaziken|Speed Boost|boost\n|-boost|p1a: Blaziken|spe|1\n|upkeep\n|turn|26\n|inactive|IIIodyne has 120 seconds left.\n|\n|t:|1662509722\n|move|p1a: Blaziken|Close Combat|p2a: Victini\n|-resisted|p2a: Victini\n|-damage|p2a: Victini|0 fnt\n|-unboost|p1a: Blaziken|def|1\n|-unboost|p1a: Blaziken|spd|1\n|faint|p2a: Victini\n|\n|-ability|p1a: Blaziken|Speed Boost|boost\n|-boost|p1a: Blaziken|spe|1\n|upkeep\n|\n|t:|1662509736\n|switch|p2a: Landorus|Landorus-Therian, M|88\/100\n|-damage|p2a: Landorus|76\/100|[from] Stealth Rock\n|-ability|p2a: Landorus|Intimidate|boost\n|-unboost|p1a: Blaziken|atk|1\n|turn|27\n|\n|t:|1662509740\n|move|p1a: Blaziken|Flare Blitz|p2a: Landorus\n|-damage|p2a: Landorus|0 fnt\n|faint|p2a: Landorus\n|-damage|p1a: Blaziken|0 fnt|[from] Recoil\n|faint|p1a: Blaziken\n|\n|upkeep\n|\n|t:|1662509749\n|switch|p2a: Snorlax|Snorlax, M|100\/100\n|switch|p1a: Mamoswine|Mamoswine, F|93\/100\n|-damage|p2a: Snorlax|88\/100|[from] Stealth Rock\n|-damage|p2a: Snorlax|76\/100|[from] Spikes\n|turn|28\n|inactive|IIIodyne has 120 seconds left.\n|\n|t:|1662509755\n|move|p1a: Mamoswine|Earthquake|p2a: Snorlax\n|-damage|p2a: Snorlax|28\/100\n|move|p2a: Snorlax|Curse|p2a: Snorlax\n|-unboost|p2a: Snorlax|spe|1\n|-boost|p2a: Snorlax|atk|1\n|-boost|p2a: Snorlax|def|1\n|\n|-heal|p2a: Snorlax|34\/100|[from] item: Leftovers\n|upkeep\n|turn|29\n|\n|t:|1662509759\n|move|p1a: Mamoswine|Earthquake|p2a: Snorlax\n|-damage|p2a: Snorlax|2\/100\n|move|p2a: Snorlax|Rest|p2a: Snorlax\n|-status|p2a: Snorlax|slp|[from] move: Rest\n|-heal|p2a: Snorlax|100\/100 slp|[silent]\n|\n|upkeep\n|turn|30\n|\n|t:|1662509769\n|switch|p1a: Tapu Lele|Tapu Lele|100\/100\n|-fieldstart|move: Psychic Terrain|[from] ability: Psychic Surge|[of] p1a: Tapu Lele\n|cant|p2a: Snorlax|slp\n|\n|upkeep\n|turn|31\n|\n|t:|1662509774\n|move|p1a: Tapu Lele|Psychic|p2a: Snorlax\n|-damage|p2a: Snorlax|71\/100 slp\n|cant|p2a: Snorlax|slp\n|\n|-heal|p2a: Snorlax|77\/100 slp|[from] item: Leftovers\n|upkeep\n|turn|32\n|\n|t:|1662509778\n|move|p1a: Tapu Lele|Psychic|p2a: Snorlax\n|-damage|p2a: Snorlax|50\/100 slp\n|-curestatus|p2a: Snorlax|slp|[msg]\n|move|p2a: Snorlax|Body Slam|p1a: Tapu Lele\n|-damage|p1a: Tapu Lele|29\/100\n|\n|-heal|p2a: Snorlax|56\/100|[from] item: Leftovers\n|upkeep\n|turn|33\n|\n|t:|1662509781\n|move|p1a: Tapu Lele|Psychic|p2a: Snorlax\n|-damage|p2a: Snorlax|26\/100\n|move|p2a: Snorlax|Body Slam|p1a: Tapu Lele\n|-damage|p1a: Tapu Lele|0 fnt\n|faint|p1a: Tapu Lele\n|\n|-heal|p2a: Snorlax|32\/100|[from] item: Leftovers\n|upkeep\n|j| BabyPigsAreLaughin\n|\n|t:|1662509789\n|switch|p1a: Mamoswine|Mamoswine, F|93\/100\n|turn|34\n|\n|t:|1662509799\n|move|p1a: Mamoswine|Earthquake|p2a: Snorlax\n|-damage|p2a: Snorlax|0 fnt\n|faint|p2a: Snorlax\n|\n|-fieldend|move: Psychic Terrain\n|upkeep\n|\n|t:|1662509801\n|switch|p2a: Melmetal|Melmetal|76\/100\n|-damage|p2a: Melmetal|70\/100|[from] Stealth Rock\n|-damage|p2a: Melmetal|57\/100|[from] Spikes\n|turn|35\n|\n|t:|1662509805\n|move|p1a: Mamoswine|Earthquake|p2a: Melmetal\n|-supereffective|p2a: Melmetal\n|-damage|p2a: Melmetal|0 fnt\n|faint|p2a: Melmetal\n|\n|win|LAUNCH24\n|raw|LAUNCH24's rating: 1732 &rarr; <strong>1751<\/strong><br \/>(+19 for winning)\n|raw|IIIodyne's rating: 1708 &rarr; <strong>1689<\/strong><br \/>(-19 for losing)\n|l|\u2606IIIodyne\n|l| golgo27\n|l| Adrift & Rising\n|l| BabyPigsAreLaughin\n||Ladder isn't responding, score probably updated but might not have (Request timeout).\n","uploadtime":1662509813,"views":35,"p1id":"launch24","p2id":"iiiodyne","formatid":"gen8ou","rating":1689,"private":0,"password":null}