{"id":"gen8ou-1674107304","p1":"Sharpedo Fan","p2":"AlIoutdragadarts","format":"gen8ou","log":"|j|\u2606Sharpedo Fan\n|j|\u2606AlIoutdragadarts\n|t:|1664539383\n|gametype|singles\n|player|p1|Sharpedo Fan|marlon|1666\n|player|p2|AlIoutdragadarts|dawn|1730\n|teamsize|p1|6\n|teamsize|p2|6\n|gen|8\n|tier|[Gen 8] OU\n|rated|\n|rule|Sleep Clause Mod: Limit one foe put to sleep\n|rule|Species Clause: Limit one of each Pok\u00e9mon\n|rule|OHKO Clause: OHKO moves are banned\n|rule|Evasion Items Clause: Evasion items are banned\n|rule|Evasion Moves Clause: Evasion moves are banned\n|rule|Endless Battle Clause: Forcing endless battles is banned\n|rule|HP Percentage Mod: HP is shown in percentages\n|rule|Dynamax Clause: You cannot dynamax\n|clearpoke\n|poke|p1|Urshifu-*, F|\n|poke|p1|Tyranitar, M|\n|poke|p1|Excadrill, M|\n|poke|p1|Zapdos|\n|poke|p1|Ferrothorn, M|\n|poke|p1|Tapu Lele|\n|poke|p2|Clefable, F|\n|poke|p2|Landorus-Therian, M|\n|poke|p2|Tornadus-Therian, M|\n|poke|p2|Melmetal|\n|poke|p2|Ferrothorn, M|\n|poke|p2|Dragonite, M|\n|teampreview\n|c|\u2606Sharpedo Fan|hf\n|c|\u2606AlIoutdragadarts|hf\n|inactive|Battle timer is ON: inactive players will automatically lose when time's up. (requested by AlIoutdragadarts)\n|\n|t:|1664539412\n|start\n|switch|p1a: Urshifu|Urshifu-Rapid-Strike, F|100\/100\n|switch|p2a: Tornadus|Tornadus-Therian, M, shiny|100\/100\n|turn|1\n|\n|t:|1664539422\n|switch|p1a: Zapdos|Zapdos|100\/100\n|move|p2a: Tornadus|Knock Off|p1a: Zapdos\n|-damage|p1a: Zapdos|86\/100\n|-enditem|p1a: Zapdos|Heavy-Duty Boots|[from] move: Knock Off|[of] p2a: Tornadus\n|\n|upkeep\n|turn|2\n|\n|t:|1664539432\n|switch|p2a: Landorus|Landorus-Therian, M, shiny|100\/100\n|-ability|p2a: Landorus|Intimidate|boost\n|-unboost|p1a: Zapdos|atk|1\n|move|p1a: Zapdos|Hurricane|p2a: Landorus\n|-damage|p2a: Landorus|64\/100\n|-start|p2a: Landorus|confusion\n|\n|-heal|p2a: Landorus|70\/100|[from] item: Leftovers\n|upkeep\n|turn|3\n|\n|t:|1664539442\n|switch|p1a: Urshifu|Urshifu-Rapid-Strike, F|100\/100\n|-activate|p2a: Landorus|confusion\n|move|p2a: Landorus|Toxic|p1a: Urshifu\n|-status|p1a: Urshifu|tox\n|\n|-heal|p2a: Landorus|76\/100|[from] item: Leftovers\n|-damage|p1a: Urshifu|94\/100 tox|[from] psn\n|upkeep\n|turn|4\n|\n|t:|1664539451\n|switch|p2a: Tornadus|Tornadus-Therian, M, shiny|100\/100\n|move|p1a: Urshifu|Surging Strikes|p2a: Tornadus\n|-crit|p2a: Tornadus\n|-damage|p2a: Tornadus|79\/100\n|-crit|p2a: Tornadus\n|-damage|p2a: Tornadus|58\/100\n|-crit|p2a: Tornadus\n|-damage|p2a: Tornadus|38\/100\n|-hitcount|p2a: Tornadus|3\n|\n|-damage|p1a: Urshifu|82\/100 tox|[from] psn\n|upkeep\n|turn|5\n|\n|t:|1664539463\n|switch|p1a: Zapdos|Zapdos|86\/100\n|move|p2a: Tornadus|Hurricane|p1a: Zapdos\n|-resisted|p1a: Zapdos\n|-damage|p1a: Zapdos|68\/100\n|\n|upkeep\n|turn|6\n|\n|t:|1664539476\n|switch|p2a: Landorus|Landorus-Therian, M, shiny|76\/100\n|-ability|p2a: Landorus|Intimidate|boost\n|-unboost|p1a: Zapdos|atk|1\n|switch|p1a: Urshifu|Urshifu-Rapid-Strike, F|82\/100 tox\n|\n|-heal|p2a: Landorus|82\/100|[from] item: Leftovers\n|-damage|p1a: Urshifu|76\/100 tox|[from] psn\n|upkeep\n|turn|7\n|\n|t:|1664539486\n|switch|p2a: Clefable|Clefable, F, shiny|100\/100\n|move|p1a: Urshifu|Surging Strikes|p2a: Clefable\n|-crit|p2a: Clefable\n|-damage|p2a: Clefable|83\/100\n|-crit|p2a: Clefable\n|-damage|p2a: Clefable|69\/100\n|-crit|p2a: Clefable\n|-damage|p2a: Clefable|54\/100\n|-hitcount|p2a: Clefable|3\n|\n|-damage|p1a: Urshifu|64\/100 tox|[from] psn\n|upkeep\n|turn|8\n|\n|t:|1664539496\n|move|p1a: Urshifu|Taunt|p2a: Clefable\n|-start|p2a: Clefable|move: Taunt\n|cant|p2a: Clefable|move: Taunt|Soft-Boiled\n|\n|-damage|p1a: Urshifu|45\/100 tox|[from] psn\n|upkeep\n|turn|9\n|\n|t:|1664539502\n|move|p1a: Urshifu|U-turn|p2a: Clefable\n|-resisted|p2a: Clefable\n|-damage|p2a: Clefable|45\/100\n|\n|t:|1664539509\n|switch|p1a: Excadrill|Excadrill, M|100\/100|[from]move: U-turn\n|move|p2a: Clefable|Moonblast|p1a: Excadrill\n|-resisted|p1a: Excadrill\n|-damage|p1a: Excadrill|79\/100\n|\n|upkeep\n|turn|10\n|\n|t:|1664539519\n|switch|p2a: Dragonite|Dragonite, M, shiny|100\/100\n|move|p1a: Excadrill|Iron Head|p2a: Dragonite\n|-damage|p2a: Dragonite|68\/100\n|\n|upkeep\n|turn|11\n|\n|t:|1664539534\n|switch|p1a: Tapu Lele|Tapu Lele, shiny|100\/100\n|-fieldstart|move: Psychic Terrain|[from] ability: Psychic Surge|[of] p1a: Tapu Lele\n|switch|p2a: Ferrothorn|Ferrothorn, M, shiny|100\/100\n|\n|upkeep\n|turn|12\n|j| Ragnnis\n|inactive|Sharpedo Fan has 120 seconds left.\n|\n|t:|1664539567\n|switch|p1a: Zapdos|Zapdos|68\/100\n|move|p2a: Ferrothorn|Stealth Rock|p1a: Zapdos\n|-sidestart|p1: Sharpedo Fan|move: Stealth Rock\n|\n|upkeep\n|turn|13\n|\n|t:|1664539572\n|switch|p2a: Melmetal|Melmetal, shiny|100\/100\n|move|p1a: Zapdos|Heat Wave|p2a: Melmetal\n|-supereffective|p2a: Melmetal\n|-crit|p2a: Melmetal\n|-damage|p2a: Melmetal|37\/100\n|\n|-heal|p2a: Melmetal|43\/100|[from] item: Leftovers\n|upkeep\n|turn|14\n|j| Timberbom\n|\n|t:|1664539582\n|move|p1a: Zapdos|Heat Wave|p2a: Melmetal\n|-supereffective|p2a: Melmetal\n|-damage|p2a: Melmetal|0 fnt\n|faint|p2a: Melmetal\n|\n|upkeep\n|\n|t:|1664539586\n|switch|p2a: Dragonite|Dragonite, M, shiny|68\/100\n|turn|15\n|\n|t:|1664539590\n|move|p1a: Zapdos|Volt Switch|p2a: Dragonite\n|-crit|p2a: Dragonite\n|-damage|p2a: Dragonite|37\/100\n|inactive|Sharpedo Fan has 120 seconds left.\n|inactive|Sharpedo Fan has 90 seconds left.\n|inactive|Sharpedo Fan has 60 seconds left.\n|\n|t:|1664539681\n|switch|p1a: Tapu Lele|Tapu Lele, shiny|100\/100|[from]move: Volt Switch\n|-damage|p1a: Tapu Lele|88\/100|[from] Stealth Rock\n|move|p2a: Dragonite|Roost|p2a: Dragonite\n|-heal|p2a: Dragonite|87\/100\n|-singleturn|p2a: Dragonite|move: Roost\n|\n|-fieldend|move: Psychic Terrain\n|upkeep\n|turn|16\n|\n|t:|1664539691\n|switch|p2a: Ferrothorn|Ferrothorn, M, shiny|100\/100\n|move|p1a: Tapu Lele|Moonblast|p2a: Ferrothorn\n|-resisted|p2a: Ferrothorn\n|-damage|p2a: Ferrothorn|81\/100\n|\n|-heal|p2a: Ferrothorn|88\/100|[from] item: Leftovers\n|upkeep\n|turn|17\n|\n|t:|1664539701\n|switch|p1a: Zapdos|Zapdos|68\/100\n|-damage|p1a: Zapdos|43\/100|[from] Stealth Rock\n|switch|p2a: Landorus|Landorus-Therian, M, shiny|82\/100\n|-ability|p2a: Landorus|Intimidate|boost\n|-unboost|p1a: Zapdos|atk|1\n|\n|-heal|p2a: Landorus|88\/100|[from] item: Leftovers\n|upkeep\n|turn|18\n|\n|t:|1664539720\n|move|p1a: Zapdos|Roost|p1a: Zapdos\n|-heal|p1a: Zapdos|93\/100\n|-singleturn|p1a: Zapdos|move: Roost\n|move|p2a: Landorus|Toxic|p1a: Zapdos|[miss]\n|-miss|p2a: Landorus|p1a: Zapdos\n|\n|-heal|p2a: Landorus|94\/100|[from] item: Leftovers\n|upkeep\n|turn|19\n|c|\u2606AlIoutdragadarts|hm\n|\n|t:|1664539734\n|switch|p1a: Ferrothorn|Ferrothorn, M|100\/100\n|-damage|p1a: Ferrothorn|95\/100|[from] Stealth Rock\n|move|p2a: Landorus|Toxic|p1a: Ferrothorn\n|-immune|p1a: Ferrothorn\n|\n|-heal|p2a: Landorus|99\/100|[from] item: Leftovers\n|-heal|p1a: Ferrothorn|100\/100|[from] item: Leftovers\n|upkeep\n|turn|20\n|c|\u2606Sharpedo Fan|sorry xd\n|\n|t:|1664539744\n|switch|p2a: Clefable|Clefable, F, shiny|45\/100\n|move|p1a: Ferrothorn|Knock Off|p2a: Clefable\n|-resisted|p2a: Clefable\n|-damage|p2a: Clefable|37\/100\n|-damage|p1a: Ferrothorn|84\/100|[from] item: Rocky Helmet|[of] p2a: Clefable\n|-enditem|p2a: Clefable|Rocky Helmet|[from] move: Knock Off|[of] p1a: Ferrothorn\n|\n|-heal|p1a: Ferrothorn|90\/100|[from] item: Leftovers\n|upkeep\n|turn|21\n|\n|t:|1664539755\n|switch|p1a: Excadrill|Excadrill, M|79\/100\n|-damage|p1a: Excadrill|76\/100|[from] Stealth Rock\n|move|p2a: Clefable|Soft-Boiled|p2a: Clefable\n|-heal|p2a: Clefable|87\/100\n|\n|upkeep\n|turn|22\n|\n|t:|1664539770\n|switch|p2a: Landorus|Landorus-Therian, M, shiny|99\/100\n|-ability|p2a: Landorus|Intimidate|boost\n|-unboost|p1a: Excadrill|atk|1\n|move|p1a: Excadrill|Rapid Spin|p2a: Landorus\n|-damage|p2a: Landorus|83\/100\n|-boost|p1a: Excadrill|spe|1\n|-sideend|p1: Sharpedo Fan|Stealth Rock|[from] move: Rapid Spin|[of] p1a: Excadrill\n|\n|-heal|p2a: Landorus|89\/100|[from] item: Leftovers\n|upkeep\n|turn|23\n|\n|t:|1664539780\n|switch|p1a: Ferrothorn|Ferrothorn, M|90\/100\n|move|p2a: Landorus|U-turn|p1a: Ferrothorn\n|-damage|p1a: Ferrothorn|74\/100\n|-damage|p2a: Landorus|77\/100|[from] ability: Iron Barbs|[of] p1a: Ferrothorn\n|\n|t:|1664539786\n|switch|p2a: Clefable|Clefable, F, shiny|87\/100|[from]move: U-turn\n|\n|-heal|p1a: Ferrothorn|80\/100|[from] item: Leftovers\n|upkeep\n|turn|24\n|\n|t:|1664539794\n|switch|p2a: Ferrothorn|Ferrothorn, M, shiny|88\/100\n|switch|p1a: Excadrill|Excadrill, M|76\/100\n|\n|-heal|p2a: Ferrothorn|94\/100|[from] item: Leftovers\n|upkeep\n|turn|25\n|inactive|Sharpedo Fan has 90 seconds left.\n|\n|t:|1664539801\n|switch|p1a: Zapdos|Zapdos|93\/100\n|move|p2a: Ferrothorn|Body Press|p1a: Zapdos\n|-resisted|p1a: Zapdos\n|-damage|p1a: Zapdos|83\/100\n|\n|-heal|p2a: Ferrothorn|99\/100|[from] item: Leftovers\n|upkeep\n|turn|26\n|\n|t:|1664539809\n|switch|p2a: Dragonite|Dragonite, M, shiny|87\/100\n|move|p1a: Zapdos|Heat Wave|p2a: Dragonite\n|-resisted|p2a: Dragonite\n|-damage|p2a: Dragonite|77\/100\n|\n|upkeep\n|turn|27\n|\n|t:|1664539814\n|move|p1a: Zapdos|Volt Switch|p2a: Dragonite\n|-damage|p2a: Dragonite|57\/100\n|\n|t:|1664539820\n|switch|p1a: Tyranitar|Tyranitar, M|100\/100|[from]move: Volt Switch\n|-weather|Sandstorm|[from] ability: Sand Stream|[of] p1a: Tyranitar\n|move|p2a: Dragonite|Roost|p2a: Dragonite\n|-heal|p2a: Dragonite|100\/100\n|-singleturn|p2a: Dragonite|move: Roost\n|\n|-weather|Sandstorm|[upkeep]\n|-damage|p2a: Dragonite|94\/100|[from] Sandstorm\n|upkeep\n|turn|28\n|\n|t:|1664539830\n|switch|p2a: Clefable|Clefable, F, shiny|87\/100\n|move|p1a: Tyranitar|Stone Edge|p2a: Clefable\n|-damage|p2a: Clefable|23\/100\n|\n|-weather|Sandstorm|[upkeep]\n|upkeep\n|turn|29\n|\n|t:|1664539836\n|switch|p2a: Ferrothorn|Ferrothorn, M, shiny|99\/100\n|move|p1a: Tyranitar|Stone Edge|p2a: Ferrothorn\n|-resisted|p2a: Ferrothorn\n|-damage|p2a: Ferrothorn|75\/100\n|\n|-weather|Sandstorm|[upkeep]\n|-heal|p2a: Ferrothorn|81\/100|[from] item: Leftovers\n|upkeep\n|turn|30\n|\n|t:|1664539852\n|switch|p1a: Zapdos|Zapdos|83\/100\n|move|p2a: Ferrothorn|Stealth Rock|p1a: Zapdos\n|-sidestart|p1: Sharpedo Fan|move: Stealth Rock\n|\n|-weather|Sandstorm|[upkeep]\n|-damage|p1a: Zapdos|77\/100|[from] Sandstorm\n|-heal|p2a: Ferrothorn|87\/100|[from] item: Leftovers\n|upkeep\n|turn|31\n|j| ISimpForLechonk\n|\n|t:|1664539864\n|switch|p2a: Landorus|Landorus-Therian, M, shiny|77\/100\n|-ability|p2a: Landorus|Intimidate|boost\n|-unboost|p1a: Zapdos|atk|1\n|move|p1a: Zapdos|Heat Wave|p2a: Landorus\n|-damage|p2a: Landorus|58\/100\n|\n|-weather|none\n|-heal|p2a: Landorus|64\/100|[from] item: Leftovers\n|upkeep\n|turn|32\n|inactive|Sharpedo Fan has 90 seconds left.\n|\n|t:|1664539895\n|switch|p1a: Ferrothorn|Ferrothorn, M|80\/100\n|-damage|p1a: Ferrothorn|74\/100|[from] Stealth Rock\n|move|p2a: Landorus|Toxic|p1a: Ferrothorn\n|-immune|p1a: Ferrothorn\n|\n|-heal|p2a: Landorus|70\/100|[from] item: Leftovers\n|-heal|p1a: Ferrothorn|80\/100|[from] item: Leftovers\n|upkeep\n|turn|33\n|inactive|Sharpedo Fan has 90 seconds left.\n|\n|t:|1664539919\n|switch|p2a: Tornadus|Tornadus-Therian, M, shiny|71\/100\n|move|p1a: Ferrothorn|Stealth Rock|p2a: Tornadus\n|-sidestart|p2: AlIoutdragadarts|move: Stealth Rock\n|\n|-heal|p1a: Ferrothorn|86\/100|[from] item: Leftovers\n|upkeep\n|turn|34\n|inactive|Sharpedo Fan has 60 seconds left.\n|\n|t:|1664539963\n|switch|p1a: Tyranitar|Tyranitar, M|100\/100\n|-damage|p1a: Tyranitar|88\/100|[from] Stealth Rock\n|-weather|Sandstorm|[from] ability: Sand Stream|[of] p1a: Tyranitar\n|move|p2a: Tornadus|Nasty Plot|p2a: Tornadus\n|-boost|p2a: Tornadus|spa|2\n|\n|-weather|Sandstorm|[upkeep]\n|-damage|p2a: Tornadus|65\/100|[from] Sandstorm\n|upkeep\n|turn|35\n|inactive|Sharpedo Fan has 30 seconds left.\n|inactive|Sharpedo Fan has 20 seconds left.\n|\n|t:|1664539999\n|switch|p1a: Tapu Lele|Tapu Lele, shiny|88\/100\n|-damage|p1a: Tapu Lele|76\/100|[from] Stealth Rock\n|-fieldstart|move: Psychic Terrain|[from] ability: Psychic Surge|[of] p1a: Tapu Lele\n|move|p2a: Tornadus|Hurricane|p1a: Tapu Lele\n|-damage|p1a: Tapu Lele|0 fnt\n|faint|p1a: Tapu Lele\n|\n|-weather|Sandstorm|[upkeep]\n|-damage|p2a: Tornadus|59\/100|[from] Sandstorm\n|upkeep\n|inactive|Sharpedo Fan has 25 seconds left this turn.\n|inactive|Sharpedo Fan has 20 seconds left.\n|inactive|Sharpedo Fan has 15 seconds left.\n|\n|t:|1664540010\n|switch|p1a: Tyranitar|Tyranitar, M|88\/100\n|-damage|p1a: Tyranitar|76\/100|[from] Stealth Rock\n|turn|36\n|inactive|Sharpedo Fan has 25 seconds left this turn.\n|\n|t:|1664540013\n|move|p2a: Tornadus|Focus Blast|p1a: Tyranitar\n|-supereffective|p1a: Tyranitar\n|-damage|p1a: Tyranitar|0 fnt\n|faint|p1a: Tyranitar\n|\n|-weather|Sandstorm|[upkeep]\n|-damage|p2a: Tornadus|53\/100|[from] Sandstorm\n|upkeep\n|inactive|Sharpedo Fan has 30 seconds left this turn.\n|c|\u2606Sharpedo Fan|gg\n|inactive|Sharpedo Fan has 20 seconds left.\n|-message|Sharpedo Fan forfeited.\n|\n|win|AlIoutdragadarts\n|inactive|Sharpedo Fan has 25 seconds left this turn.\n|raw|Sharpedo Fan's rating: 1666 &rarr; <strong>1650<\/strong><br \/>(-16 for losing)\n|raw|AlIoutdragadarts's rating: 1730 &rarr; <strong>1746<\/strong><br \/>(+16 for winning)\n|l|\u2606Sharpedo Fan\n|c|\u2606AlIoutdragadarts|gg\n","uploadtime":1664540030,"views":38,"p1id":"sharpedofan","p2id":"alioutdragadarts","formatid":"gen8ou","rating":1650,"private":0,"password":null}