{"id":"gen8ru-1682704117","p1":"Ill Leave","p2":"Ren19","format":"gen8ru","log":"|j|\u2606Ill Leave\n|j|\u2606Ren19\n|t:|1665449322\n|gametype|singles\n|player|p1|Ill Leave|1|1422\n|player|p2|Ren19|gentleman-gen4|1462\n|teamsize|p1|6\n|teamsize|p2|6\n|gen|8\n|tier|[Gen 8] RU\n|rated|\n|rule|Sleep Clause Mod: Limit one foe put to sleep\n|rule|Species Clause: Limit one of each Pok\u00e9mon\n|rule|OHKO Clause: OHKO moves are banned\n|rule|Evasion Items Clause: Evasion items are banned\n|rule|Evasion Moves Clause: Evasion moves are banned\n|rule|Endless Battle Clause: Forcing endless battles is banned\n|rule|HP Percentage Mod: HP is shown in percentages\n|rule|Dynamax Clause: You cannot dynamax\n|clearpoke\n|poke|p1|Weezing-Galar, F|\n|poke|p1|Suicune|\n|poke|p1|Metagross|\n|poke|p1|Bronzong|\n|poke|p1|Bewear, M|\n|poke|p1|Tentacruel, F|\n|poke|p2|Crobat, F|\n|poke|p2|Umbreon, M|\n|poke|p2|Kingdra, F|\n|poke|p2|Reuniclus, M|\n|poke|p2|Rhyperior, M|\n|poke|p2|Porygon-Z|\n|teampreview\n|\n|t:|1665449355\n|start\n|switch|p1a: Bewear|Bewear, M|100\/100\n|switch|p2a: Porygon-Z|Porygon-Z|100\/100\n|turn|1\n|\n|t:|1665449366\n|switch|p2a: Crobat|Crobat, F|100\/100\n|switch|p1a: Bronzong|Bronzong|100\/100\n|\n|upkeep\n|turn|2\n|\n|t:|1665449372\n|move|p2a: Crobat|U-turn|p1a: Bronzong\n|-damage|p1a: Bronzong|75\/100\n|\n|t:|1665449376\n|switch|p2a: Porygon-Z|Porygon-Z|100\/100|[from]move: U-turn\n|move|p1a: Bronzong|Heavy Slam|p2a: Porygon-Z\n|-damage|p2a: Porygon-Z|50\/100\n|\n|-heal|p1a: Bronzong|81\/100|[from] item: Leftovers\n|upkeep\n|turn|3\n|\n|t:|1665449379\n|move|p2a: Porygon-Z|Trick|p1a: Bronzong\n|-activate|p2a: Porygon-Z|move: Trick|[of] p1a: Bronzong\n|-item|p1a: Bronzong|Choice Scarf|[from] move: Trick\n|-item|p2a: Porygon-Z|Leftovers|[from] move: Trick\n|move|p1a: Bronzong|Heavy Slam|p2a: Porygon-Z\n|-damage|p2a: Porygon-Z|0 fnt\n|faint|p2a: Porygon-Z\n|\n|upkeep\n|\n|t:|1665449386\n|switch|p2a: Hydra|Kingdra, F|100\/100\n|turn|4\n|\n|t:|1665449390\n|switch|p1a: Suicune|Suicune|100\/100\n|-ability|p1a: Suicune|Pressure\n|move|p2a: Hydra|Dragon Dance|p2a: Hydra\n|-boost|p2a: Hydra|atk|1\n|-boost|p2a: Hydra|spe|1\n|\n|upkeep\n|turn|5\n|\n|t:|1665449393\n|move|p2a: Hydra|Substitute|p2a: Hydra\n|-start|p2a: Hydra|Substitute\n|-damage|p2a: Hydra|76\/100\n|move|p1a: Suicune|Roar|p2a: Hydra\n|drag|p2a: Reuniclus|Reuniclus, M|100\/100\n|\n|upkeep\n|turn|6\n|\n|t:|1665449400\n|switch|p1a: Bronzong|Bronzong|81\/100\n|move|p2a: Reuniclus|Calm Mind|p2a: Reuniclus\n|-boost|p2a: Reuniclus|spa|1\n|-boost|p2a: Reuniclus|spd|1\n|\n|upkeep\n|turn|7\n|\n|t:|1665449406\n|move|p1a: Bronzong|Stealth Rock|p2a: Reuniclus\n|-sidestart|p2: Ren19|move: Stealth Rock\n|move|p2a: Reuniclus|Focus Blast|p1a: Bronzong\n|-damage|p1a: Bronzong|46\/100\n|\n|upkeep\n|turn|8\n|\n|t:|1665449416\n|switch|p1a: Suicune|Suicune|100\/100\n|-ability|p1a: Suicune|Pressure\n|move|p2a: Reuniclus|Calm Mind|p2a: Reuniclus\n|-boost|p2a: Reuniclus|spa|1\n|-boost|p2a: Reuniclus|spd|1\n|\n|upkeep\n|turn|9\n|\n|t:|1665449419\n|move|p2a: Reuniclus|Psyshock|p1a: Suicune\n|-damage|p1a: Suicune|62\/100\n|move|p1a: Suicune|Roar|p2a: Reuniclus\n|drag|p2a: Hydra|Kingdra, F|76\/100\n|-damage|p2a: Hydra|63\/100|[from] Stealth Rock\n|\n|-heal|p1a: Suicune|68\/100|[from] item: Leftovers\n|upkeep\n|turn|10\n|\n|t:|1665449427\n|move|p2a: Hydra|Outrage|p1a: Suicune\n|-damage|p1a: Suicune|37\/100\n|move|p1a: Suicune|Roar|p2a: Hydra\n|drag|p2a: Rhyperior|Rhyperior, M|100\/100\n|-damage|p2a: Rhyperior|94\/100|[from] Stealth Rock\n|\n|-heal|p1a: Suicune|43\/100|[from] item: Leftovers\n|upkeep\n|turn|11\n|\n|t:|1665449443\n|switch|p2a: Burakki|Umbreon, M|100\/100\n|-damage|p2a: Burakki|88\/100|[from] Stealth Rock\n|move|p1a: Suicune|Scald|p2a: Burakki\n|-damage|p2a: Burakki|75\/100\n|\n|-heal|p1a: Suicune|50\/100|[from] item: Leftovers\n|-heal|p2a: Burakki|81\/100|[from] item: Leftovers\n|upkeep\n|turn|12\n|\n|t:|1665449453\n|switch|p1a: Bewear|Bewear, M|100\/100\n|move|p2a: Burakki|Wish|p2a: Burakki\n|\n|-heal|p2a: Burakki|87\/100|[from] item: Leftovers\n|upkeep\n|turn|13\n|\n|t:|1665449459\n|switch|p2a: Rhyperior|Rhyperior, M|94\/100\n|-damage|p2a: Rhyperior|88\/100|[from] Stealth Rock\n|move|p1a: Bewear|Double-Edge|p2a: Rhyperior\n|-resisted|p2a: Rhyperior\n|-damage|p2a: Rhyperior|55\/100\n|-damage|p1a: Bewear|84\/100|[from] item: Rocky Helmet|[of] p2a: Rhyperior\n|-damage|p1a: Bewear|72\/100|[from] Recoil\n|\n|-heal|p2a: Rhyperior|100\/100|[from] move: Wish|[wisher] Burakki\n|upkeep\n|turn|14\n|\n|t:|1665449469\n|switch|p1a: Bronzong|Bronzong|46\/100\n|move|p2a: Rhyperior|Stealth Rock|p1a: Bronzong\n|-sidestart|p1: Ill Leave|move: Stealth Rock\n|\n|upkeep\n|turn|15\n|\n|t:|1665449475\n|move|p1a: Bronzong|Toxic|p2a: Rhyperior\n|-status|p2a: Rhyperior|tox\n|move|p2a: Rhyperior|Dragon Tail|p1a: Bronzong\n|-resisted|p1a: Bronzong\n|-crit|p1a: Bronzong\n|-damage|p1a: Bronzong|34\/100\n|drag|p1a: Suicune|Suicune|50\/100\n|-damage|p1a: Suicune|37\/100|[from] Stealth Rock\n|-ability|p1a: Suicune|Pressure\n|\n|-heal|p1a: Suicune|43\/100|[from] item: Leftovers\n|-damage|p2a: Rhyperior|94\/100 tox|[from] psn\n|upkeep\n|turn|16\n|\n|t:|1665449482\n|switch|p2a: Burakki|Umbreon, M|87\/100\n|-damage|p2a: Burakki|75\/100|[from] Stealth Rock\n|move|p1a: Suicune|Scald|p2a: Burakki\n|-damage|p2a: Burakki|61\/100\n|\n|-heal|p1a: Suicune|50\/100|[from] item: Leftovers\n|-heal|p2a: Burakki|67\/100|[from] item: Leftovers\n|upkeep\n|turn|17\n|\n|t:|1665449490\n|move|p1a: Suicune|Calm Mind|p1a: Suicune\n|-boost|p1a: Suicune|spa|1\n|-boost|p1a: Suicune|spd|1\n|move|p2a: Burakki|Wish|p2a: Burakki\n|\n|-heal|p1a: Suicune|56\/100|[from] item: Leftovers\n|-heal|p2a: Burakki|73\/100|[from] item: Leftovers\n|upkeep\n|turn|18\n|\n|t:|1665449499\n|switch|p2a: Hydra|Kingdra, F|63\/100\n|-damage|p2a: Hydra|51\/100|[from] Stealth Rock\n|move|p1a: Suicune|Roar|p2a: Hydra\n|drag|p2a: Crobat|Crobat, F|100\/100\n|-damage|p2a: Crobat|76\/100|[from] Stealth Rock\n|\n|-heal|p2a: Crobat|100\/100|[from] move: Wish|[wisher] Burakki\n|-heal|p1a: Suicune|62\/100|[from] item: Leftovers\n|upkeep\n|turn|19\n|\n|t:|1665449504\n|move|p2a: Crobat|Brave Bird|p1a: Suicune\n|-damage|p1a: Suicune|22\/100\n|-damage|p2a: Crobat|83\/100|[from] Recoil\n|move|p1a: Suicune|Scald|p2a: Crobat\n|-damage|p2a: Crobat|32\/100\n|\n|-heal|p1a: Suicune|28\/100|[from] item: Leftovers\n|upkeep\n|turn|20\n|\n|t:|1665449515\n|switch|p1a: Metagross|Metagross|100\/100\n|-damage|p1a: Metagross|95\/100|[from] Stealth Rock\n|move|p2a: Crobat|Brave Bird|p1a: Metagross\n|-resisted|p1a: Metagross\n|-damage|p1a: Metagross|63\/100\n|-damage|p2a: Crobat|22\/100|[from] Recoil\n|\n|upkeep\n|turn|21\n|\n|t:|1665449521\n|move|p2a: Crobat|Brave Bird|p1a: Metagross\n|-resisted|p1a: Metagross\n|-damage|p1a: Metagross|31\/100\n|-damage|p2a: Crobat|12\/100|[from] Recoil\n|move|p1a: Metagross|Meteor Mash|p2a: Crobat\n|-damage|p2a: Crobat|0 fnt\n|faint|p2a: Crobat\n|\n|upkeep\n|\n|t:|1665449531\n|switch|p2a: Burakki|Umbreon, M|73\/100\n|-damage|p2a: Burakki|61\/100|[from] Stealth Rock\n|turn|22\n|\n|t:|1665449536\n|switch|p1a: Bewear|Bewear, M|72\/100\n|-damage|p1a: Bewear|66\/100|[from] Stealth Rock\n|move|p2a: Burakki|Foul Play|p1a: Bewear\n|-resisted|p1a: Bewear\n|-damage|p1a: Bewear|51\/100\n|\n|-heal|p2a: Burakki|67\/100|[from] item: Leftovers\n|upkeep\n|turn|23\n|\n|t:|1665449544\n|move|p2a: Burakki|Protect|p2a: Burakki\n|-singleturn|p2a: Burakki|Protect\n|move|p1a: Bewear|Double-Edge|p2a: Burakki\n|-activate|p2a: Burakki|move: Protect\n|\n|-heal|p2a: Burakki|73\/100|[from] item: Leftovers\n|upkeep\n|turn|24\n|\n|t:|1665449549\n|switch|p2a: Rhyperior|Rhyperior, M|94\/100 tox\n|-damage|p2a: Rhyperior|88\/100 tox|[from] Stealth Rock\n|move|p1a: Bewear|Double-Edge|p2a: Rhyperior\n|-resisted|p2a: Rhyperior\n|-damage|p2a: Rhyperior|56\/100 tox\n|-damage|p1a: Bewear|35\/100|[from] item: Rocky Helmet|[of] p2a: Rhyperior\n|-damage|p1a: Bewear|23\/100|[from] Recoil\n|\n|-damage|p2a: Rhyperior|50\/100 tox|[from] psn\n|upkeep\n|turn|25\n|\n|t:|1665449560\n|switch|p1a: Tentacruel|Tentacruel, F|100\/100\n|-damage|p1a: Tentacruel|88\/100|[from] Stealth Rock\n|move|p2a: Rhyperior|Dragon Tail|p1a: Tentacruel\n|-damage|p1a: Tentacruel|62\/100\n|drag|p1a: Weezing|Weezing-Galar, F|100\/100\n|-ability|p1a: Weezing|Neutralizing Gas\n|-damage|p1a: Weezing|88\/100|[from] Stealth Rock\n|\n|-damage|p2a: Rhyperior|37\/100 tox|[from] psn\n|upkeep\n|turn|26\n|\n|t:|1665449569\n|move|p1a: Weezing|Strange Steam|p2a: Rhyperior\n|-damage|p2a: Rhyperior|16\/100 tox\n|move|p2a: Rhyperior|Earthquake|p1a: Weezing\n|-supereffective|p1a: Weezing\n|-damage|p1a: Weezing|28\/100\n|\n|-damage|p2a: Rhyperior|0 fnt|[from] psn\n|faint|p2a: Rhyperior\n|upkeep\n|\n|t:|1665449576\n|switch|p2a: Reuniclus|Reuniclus, M|100\/100\n|-damage|p2a: Reuniclus|88\/100|[from] Stealth Rock\n|turn|27\n|\n|t:|1665449581\n|move|p1a: Weezing|Pain Split|p2a: Reuniclus\n|-sethp|p2a: Reuniclus|55\/100|[from] move: Pain Split|[silent]\n|-sethp|p1a: Weezing|70\/100|[from] move: Pain Split\n|move|p2a: Reuniclus|Calm Mind|p2a: Reuniclus\n|-boost|p2a: Reuniclus|spa|1\n|-boost|p2a: Reuniclus|spd|1\n|\n|-heal|p2a: Reuniclus|61\/100|[from] item: Leftovers\n|upkeep\n|turn|28\n|\n|t:|1665449585\n|move|p1a: Weezing|Toxic Spikes|p2a: Reuniclus\n|-sidestart|p2: Ren19|move: Toxic Spikes\n|move|p2a: Reuniclus|Calm Mind|p2a: Reuniclus\n|-boost|p2a: Reuniclus|spa|1\n|-boost|p2a: Reuniclus|spd|1\n|\n|-heal|p2a: Reuniclus|67\/100|[from] item: Leftovers\n|upkeep\n|turn|29\n|\n|t:|1665449590\n|-end|p1a: Weezing|ability: Neutralizing Gas\n|switch|p1a: Tentacruel|Tentacruel, F|62\/100\n|-damage|p1a: Tentacruel|49\/100|[from] Stealth Rock\n|move|p2a: Reuniclus|Psyshock|p1a: Tentacruel\n|-supereffective|p1a: Tentacruel\n|-damage|p1a: Tentacruel|0 fnt\n|faint|p1a: Tentacruel\n|\n|-heal|p2a: Reuniclus|74\/100|[from] item: Leftovers\n|upkeep\n|\n|t:|1665449596\n|switch|p1a: Bronzong|Bronzong|34\/100\n|-damage|p1a: Bronzong|27\/100|[from] Stealth Rock\n|turn|30\n|\n|t:|1665449603\n|move|p1a: Bronzong|Toxic|p2a: Reuniclus|[miss]\n|-miss|p1a: Bronzong|p2a: Reuniclus\n|move|p2a: Reuniclus|Recover|p2a: Reuniclus\n|-heal|p2a: Reuniclus|100\/100\n|\n|upkeep\n|turn|31\n|\n|t:|1665449607\n|move|p1a: Bronzong|Toxic|p2a: Reuniclus\n|-status|p2a: Reuniclus|tox\n|move|p2a: Reuniclus|Calm Mind|p2a: Reuniclus\n|-boost|p2a: Reuniclus|spa|1\n|-boost|p2a: Reuniclus|spd|1\n|\n|upkeep\n|turn|32\n|\n|t:|1665449615\n|move|p1a: Bronzong|Toxic|p2a: Reuniclus\n|-fail|p2a: Reuniclus|tox\n|move|p2a: Reuniclus|Psyshock|p1a: Bronzong\n|-resisted|p1a: Bronzong\n|-damage|p1a: Bronzong|8\/100\n|\n|upkeep\n|turn|33\n|\n|t:|1665449624\n|move|p1a: Bronzong|Toxic|p2a: Reuniclus\n|-fail|p2a: Reuniclus|tox\n|move|p2a: Reuniclus|Calm Mind|p2a: Reuniclus\n|-boost|p2a: Reuniclus|spa|1\n|-boost|p2a: Reuniclus|spd|1\n|\n|upkeep\n|turn|34\n|\n|t:|1665449629\n|move|p1a: Bronzong|Toxic|p2a: Reuniclus\n|-fail|p2a: Reuniclus|tox\n|move|p2a: Reuniclus|Calm Mind|p2a: Reuniclus\n|-boost|p2a: Reuniclus|spa|1\n|-boost|p2a: Reuniclus|spd|1\n|\n|upkeep\n|turn|35\n|\n|t:|1665449636\n|switch|p1a: Weezing|Weezing-Galar, F|70\/100\n|-ability|p1a: Weezing|Neutralizing Gas\n|-damage|p1a: Weezing|58\/100|[from] Stealth Rock\n|move|p2a: Reuniclus|Psyshock|p1a: Weezing\n|-supereffective|p1a: Weezing\n|-damage|p1a: Weezing|0 fnt\n|faint|p1a: Weezing\n|-end|p1a: Weezing|ability: Neutralizing Gas\n|\n|upkeep\n|\n|t:|1665449646\n|switch|p1a: Bewear|Bewear, M|23\/100\n|-damage|p1a: Bewear|17\/100|[from] Stealth Rock\n|turn|36\n|\n|t:|1665449653\n|move|p1a: Bewear|Double-Edge|p2a: Reuniclus\n|-damage|p2a: Reuniclus|32\/100 tox\n|-damage|p1a: Bewear|0 fnt|[from] Recoil\n|faint|p1a: Bewear\n|move|p2a: Reuniclus|Psyshock|p1: Bewear|[notarget]\n|-fail|p2a: Reuniclus\n|\n|-heal|p2a: Reuniclus|38\/100 tox|[from] item: Leftovers\n|upkeep\n|\n|t:|1665449661\n|switch|p1a: Metagross|Metagross|31\/100\n|-damage|p1a: Metagross|25\/100|[from] Stealth Rock\n|turn|37\n|\n|t:|1665449665\n|move|p1a: Metagross|Meteor Mash|p2a: Reuniclus\n|-damage|p2a: Reuniclus|3\/100 tox\n|move|p2a: Reuniclus|Recover|p2a: Reuniclus\n|-heal|p2a: Reuniclus|53\/100 tox\n|\n|-heal|p2a: Reuniclus|59\/100 tox|[from] item: Leftovers\n|upkeep\n|turn|38\n|\n|t:|1665449677\n|move|p1a: Metagross|Meteor Mash|p2a: Reuniclus\n|-crit|p2a: Reuniclus\n|-damage|p2a: Reuniclus|8\/100 tox\n|move|p2a: Reuniclus|Psyshock|p1a: Metagross\n|-resisted|p1a: Metagross\n|-damage|p1a: Metagross|1\/100\n|\n|-heal|p2a: Reuniclus|14\/100 tox|[from] item: Leftovers\n|upkeep\n|turn|39\n|inactive|Battle timer is ON: inactive players will automatically lose when time's up. (requested by Ren19)\n|l|\u2606Ren19\n|inactive|Ren19 disconnected and has a minute to reconnect!\n|player|p2|\n|inactive|Ren19 has 30 seconds to reconnect!\n|inactive|Ren19 has 20 seconds to reconnect!\n|inactive|Ren19 has 15 seconds to reconnect!\n|j|\u2606Ren19\n|inactive|Ren19 reconnected and has 105 seconds left.\n|player|p2|Ren19|gentleman-gen4\n|inactive|Ren19 has 90 seconds left.\n|\n|t:|1665449748\n|move|p1a: Metagross|Earthquake|p2a: Reuniclus\n|-damage|p2a: Reuniclus|0 fnt\n|faint|p2a: Reuniclus\n|\n|upkeep\n|\n|t:|1665449758\n|switch|p2a: Hydra|Kingdra, F|51\/100\n|-damage|p2a: Hydra|39\/100|[from] Stealth Rock\n|-status|p2a: Hydra|psn\n|-enditem|p2a: Hydra|Lum Berry|[eat]\n|-curestatus|p2a: Hydra|psn|[msg]\n|turn|40\n|\n|t:|1665449766\n|move|p2a: Hydra|Liquidation|p1a: Metagross\n|-damage|p1a: Metagross|0 fnt\n|faint|p1a: Metagross\n|\n|upkeep\n|\n|t:|1665449779\n|switch|p1a: Suicune|Suicune|28\/100\n|-damage|p1a: Suicune|16\/100|[from] Stealth Rock\n|-ability|p1a: Suicune|Pressure\n|turn|41\n|\n|t:|1665449782\n|move|p2a: Hydra|Outrage|p1a: Suicune\n|-damage|p1a: Suicune|0 fnt\n|faint|p1a: Suicune\n|\n|upkeep\n|c|\u2606Ren19|GG\n|\n|t:|1665449785\n|switch|p1a: Bronzong|Bronzong|8\/100\n|-damage|p1a: Bronzong|1\/100|[from] Stealth Rock\n|turn|42\n|\n|t:|1665449791\n|move|p2a: Hydra|Outrage|p1a: Bronzong|[from]lockedmove\n|-resisted|p1a: Bronzong\n|-damage|p1a: Bronzong|0 fnt\n|faint|p1a: Bronzong\n|-start|p2a: Hydra|confusion|[fatigue]\n|\n|win|Ren19\n|raw|Ill Leave's rating: 1422 &rarr; <strong>1404<\/strong><br \/>(-18 for losing)\n|raw|Ren19's rating: 1462 &rarr; <strong>1480<\/strong><br \/>(+18 for winning)\n","uploadtime":1665449801,"views":7,"p1id":"illleave","p2id":"ren19","formatid":"gen8ru","rating":1404,"private":0,"password":null}