{"id":"gen8ou-1260832971","p1":"lando expando","p2":"bebo","format":"gen8ou","log":"|j|\u2606lando expando\n|j|\u2606bebo\n|t:|1610471595\n|player|p1|lando expando|lucas|1743\n|player|p2|bebo|266|1766\n|teamsize|p1|6\n|teamsize|p2|6\n|gametype|singles\n|gen|8\n|tier|[Gen 8] OU\n|rated|\n|clearpoke\n|poke|p1|Lucario, F|\n|poke|p1|Noivern, M|\n|poke|p1|Sirfetch\u2019d, F|\n|poke|p1|Weezing-Galar, M|\n|poke|p1|Mantine, M|\n|poke|p1|Darmanitan, M|\n|poke|p2|Dragapult, M|\n|poke|p2|Landorus-Therian, M|\n|poke|p2|Rillaboom, F|\n|poke|p2|Heatran, M|\n|poke|p2|Zapdos|\n|poke|p2|Clefable, M|\n|rule|Sleep Clause Mod: Limit one foe put to sleep\n|rule|Species Clause: Limit one of each Pok\u00e9mon\n|rule|OHKO Clause: OHKO moves are banned\n|rule|Evasion Moves Clause: Evasion moves are banned\n|rule|Endless Battle Clause: Forcing endless battles is banned\n|rule|HP Percentage Mod: HP is shown in percentages\n|rule|Dynamax Clause: You cannot dynamax\n|teampreview\n|\n|t:|1610471619\n|start\n|switch|p1a: Lucario|Lucario, F|100\/100\n|switch|p2a: Zapdos|Zapdos|100\/100\n|turn|1\n|\n|t:|1610471622\n|move|p2a: Zapdos|Discharge|p1a: Lucario\n|-damage|p1a: Lucario|50\/100\n|-status|p1a: Lucario|par\n|cant|p1a: Lucario|par\n|\n|upkeep\n|turn|2\n|j| shadolid\n|\n|t:|1610471631\n|switch|p1a: Noivern|Noivern, M|100\/100\n|move|p2a: Zapdos|Discharge|p1a: Noivern\n|-damage|p1a: Noivern|60\/100\n|\n|upkeep\n|turn|3\n|\n|t:|1610471641\n|move|p1a: Noivern|Draco Meteor|p2a: Zapdos\n|-damage|p2a: Zapdos|21\/100\n|-unboost|p1a: Noivern|spa|2\n|move|p2a: Zapdos|Discharge|p1a: Noivern\n|-damage|p1a: Noivern|16\/100\n|\n|upkeep\n|turn|4\n|\n|t:|1610471649\n|switch|p1a: Darmanitan|Darmanitan, M|100\/100\n|switch|p2a: Landorus|Landorus-Therian, M|100\/100\n|-ability|p2a: Landorus|Intimidate|boost\n|-unboost|p1a: Darmanitan|atk|1\n|\n|upkeep\n|turn|5\n|\n|t:|1610471657\n|switch|p1a: Mantine|Mantine, M|100\/100\n|move|p2a: Landorus|Stealth Rock|p1a: Mantine\n|-sidestart|p1: lando expando|move: Stealth Rock\n|\n|upkeep\n|turn|6\n|\n|t:|1610471660\n|move|p2a: Landorus|Toxic|p1a: Mantine|[miss]\n|-miss|p2a: Landorus|p1a: Mantine\n|move|p1a: Mantine|Scald|p2a: Landorus\n|-supereffective|p2a: Landorus\n|-damage|p2a: Landorus|46\/100\n|\n|-heal|p2a: Landorus|52\/100|[from] item: Leftovers\n|upkeep\n|turn|7\n|\n|t:|1610471667\n|switch|p2a: Clefable|Clefable, M|100\/100\n|move|p1a: Mantine|Scald|p2a: Clefable\n|-crit|p2a: Clefable\n|-damage|p2a: Clefable|71\/100\n|-status|p2a: Clefable|brn\n|\n|upkeep\n|turn|8\n|\n|t:|1610471671\n|move|p1a: Mantine|Defog|p2a: Clefable\n|-unboost|p2a: Clefable|evasion|1\n|-sideend|p1: lando expando|Stealth Rock|[from] move: Defog|[of] p1a: Mantine\n|move|p2a: Clefable|Trick|p1a: Mantine\n|-activate|p2a: Clefable|move: Trick|[of] p1a: Mantine\n|-item|p1a: Mantine|Sticky Barb|[from] move: Trick\n|-item|p2a: Clefable|Heavy-Duty Boots|[from] move: Trick\n|\n|-damage|p1a: Mantine|88\/100|[from] item: Sticky Barb\n|upkeep\n|turn|9\n|\n|t:|1610471675\n|switch|p1a: Darmanitan|Darmanitan, M|100\/100\n|switch|p2a: Landorus|Landorus-Therian, M|52\/100\n|-ability|p2a: Landorus|Intimidate|boost\n|-unboost|p1a: Darmanitan|atk|1\n|\n|-heal|p2a: Landorus|58\/100|[from] item: Leftovers\n|upkeep\n|turn|10\n|l| shadolid\n|\n|t:|1610471678\n|move|p1a: Darmanitan|Flare Blitz|p2a: Landorus\n|-damage|p2a: Landorus|0 fnt\n|-damage|p1a: Darmanitan|81\/100|[from] Recoil\n|faint|p2a: Landorus\n|\n|upkeep\n|j| a7 blazing\n|\n|t:|1610471682\n|switch|p2a: Heatran|Heatran, M|100\/100\n|turn|11\n|l| a7 blazing\n|\n|t:|1610471686\n|switch|p1a: Mantine|Mantine, M|88\/100\n|move|p2a: Heatran|Magma Storm|p1a: Mantine\n|-resisted|p1a: Mantine\n|-damage|p1a: Mantine|75\/100\n|-activate|p1a: Mantine|move: Magma Storm|[of] p2a: Heatran\n|\n|-damage|p1a: Mantine|63\/100|[from] move: Magma Storm|[partiallytrapped]\n|-damage|p1a: Mantine|51\/100|[from] item: Sticky Barb\n|upkeep\n|turn|12\n|\n|t:|1610471691\n|move|p2a: Heatran|Toxic|p1a: Mantine\n|-status|p1a: Mantine|tox\n|move|p1a: Mantine|Scald|p2a: Heatran\n|-supereffective|p2a: Heatran\n|-damage|p2a: Heatran|58\/100\n|\n|-heal|p2a: Heatran|64\/100|[from] item: Leftovers\n|-damage|p1a: Mantine|44\/100 tox|[from] psn\n|-damage|p1a: Mantine|32\/100 tox|[from] move: Magma Storm|[partiallytrapped]\n|-damage|p1a: Mantine|20\/100 tox|[from] item: Sticky Barb\n|upkeep\n|turn|13\n|\n|t:|1610471698\n|move|p2a: Heatran|Protect|p2a: Heatran\n|-singleturn|p2a: Heatran|Protect\n|move|p1a: Mantine|Scald|p2a: Heatran\n|-activate|p2a: Heatran|move: Protect\n|\n|-heal|p2a: Heatran|70\/100|[from] item: Leftovers\n|-damage|p1a: Mantine|7\/100 tox|[from] psn\n|-damage|p1a: Mantine|0 fnt|[from] move: Magma Storm|[partiallytrapped]\n|faint|p1a: Mantine\n|upkeep\n|\n|t:|1610471700\n|switch|p1a: Sirfetch\u2019d|Sirfetch\u2019d, F|100\/100\n|turn|14\n|\n|t:|1610471708\n|switch|p2a: Rillaboom|Rillaboom, F|100\/100\n|-fieldstart|move: Grassy Terrain|[from] ability: Grassy Surge|[of] p2a: Rillaboom\n|move|p1a: Sirfetch\u2019d|Close Combat|p2a: Rillaboom\n|-damage|p2a: Rillaboom|0 fnt\n|-unboost|p1a: Sirfetch\u2019d|def|1\n|-unboost|p1a: Sirfetch\u2019d|spd|1\n|faint|p2a: Rillaboom\n|\n|upkeep\n|\n|t:|1610471718\n|switch|p2a: Clefable|Clefable, M|71\/100 brn\n|turn|15\n|j| galhenig\n|\n|t:|1610471723\n|switch|p1a: Lucario|Lucario, F|50\/100 par\n|move|p2a: Clefable|Thunder Wave|p1a: Lucario\n|-fail|p1a: Lucario|par\n|\n|-heal|p2a: Clefable|77\/100 brn|[from] Grassy Terrain\n|-heal|p1a: Lucario|56\/100 par|[from] Grassy Terrain\n|upkeep\n|turn|16\n|\n|t:|1610471728\n|switch|p2a: Heatran|Heatran, M|70\/100\n|move|p1a: Lucario|Flash Cannon|p2a: Heatran\n|-resisted|p2a: Heatran\n|-damage|p2a: Heatran|58\/100\n|-damage|p1a: Lucario|46\/100 par|[from] item: Life Orb\n|\n|-heal|p2a: Heatran|64\/100|[from] Grassy Terrain\n|-heal|p2a: Heatran|70\/100|[from] item: Leftovers\n|-heal|p1a: Lucario|52\/100 par|[from] Grassy Terrain\n|upkeep\n|turn|17\n|j| IM AT MY LIMIT\n|\n|t:|1610471736\n|move|p2a: Heatran|Earth Power|p1a: Lucario\n|-supereffective|p1a: Lucario\n|-damage|p1a: Lucario|0 fnt\n|faint|p1a: Lucario\n|\n|-heal|p2a: Heatran|76\/100|[from] Grassy Terrain\n|-heal|p2a: Heatran|82\/100|[from] item: Leftovers\n|upkeep\n|j| shadolid\n|l| shadolid\n|\n|t:|1610471744\n|switch|p1a: Sirfetch\u2019d|Sirfetch\u2019d, F|100\/100\n|turn|18\n|\n|t:|1610471748\n|switch|p2a: Clefable|Clefable, M|77\/100 brn\n|move|p1a: Sirfetch\u2019d|Close Combat|p2a: Clefable\n|-resisted|p2a: Clefable\n|-damage|p2a: Clefable|33\/100 brn\n|-unboost|p1a: Sirfetch\u2019d|def|1\n|-unboost|p1a: Sirfetch\u2019d|spd|1\n|\n|-heal|p2a: Clefable|39\/100 brn|[from] Grassy Terrain\n|-fieldend|move: Grassy Terrain\n|upkeep\n|turn|19\n|\n|t:|1610471758\n|switch|p2a: Zapdos|Zapdos|21\/100\n|move|p1a: Sirfetch\u2019d|Close Combat|p2a: Zapdos\n|-resisted|p2a: Zapdos\n|-damage|p2a: Zapdos|0 fnt\n|-unboost|p1a: Sirfetch\u2019d|def|1\n|-unboost|p1a: Sirfetch\u2019d|spd|1\n|faint|p2a: Zapdos\n|\n|upkeep\n|\n|t:|1610471761\n|switch|p2a: Dragapult|Dragapult, M|100\/100\n|turn|20\n|\n|t:|1610471765\n|switch|p1a: Noivern|Noivern, M|16\/100\n|move|p2a: Dragapult|Substitute|p2a: Dragapult\n|-start|p2a: Dragapult|Substitute\n|-damage|p2a: Dragapult|76\/100\n|\n|-heal|p2a: Dragapult|82\/100|[from] item: Leftovers\n|upkeep\n|turn|21\n|\n|t:|1610471769\n|move|p2a: Dragapult|Hex|p1a: Noivern\n|-damage|p1a: Noivern|0 fnt\n|faint|p1a: Noivern\n|\n|-heal|p2a: Dragapult|88\/100|[from] item: Leftovers\n|upkeep\n|\n|t:|1610471772\n|switch|p1a: Weezing|Weezing-Galar, M|100\/100\n|-ability|p1a: Weezing|Neutralizing Gas\n|turn|22\n|l| IM AT MY LIMIT\n|\n|t:|1610471775\n|move|p2a: Dragapult|Thunder Wave|p1a: Weezing\n|-status|p1a: Weezing|par\n|move|p1a: Weezing|Strange Steam|p2a: Dragapult\n|-supereffective|p2a: Dragapult\n|-end|p2a: Dragapult|Substitute\n|\n|-heal|p2a: Dragapult|94\/100|[from] item: Leftovers\n|upkeep\n|turn|23\n|\n|t:|1610471780\n|move|p2a: Dragapult|Substitute|p2a: Dragapult\n|-start|p2a: Dragapult|Substitute\n|-damage|p2a: Dragapult|69\/100\n|cant|p1a: Weezing|par\n|\n|-heal|p2a: Dragapult|75\/100|[from] item: Leftovers\n|upkeep\n|turn|24\n|\n|t:|1610471784\n|move|p2a: Dragapult|Hex|p1a: Weezing\n|-damage|p1a: Weezing|24\/100 par\n|move|p1a: Weezing|Strange Steam|p2a: Dragapult\n|-supereffective|p2a: Dragapult\n|-end|p2a: Dragapult|Substitute\n|\n|-heal|p2a: Dragapult|81\/100|[from] item: Leftovers\n|-heal|p1a: Weezing|30\/100 par|[from] item: Black Sludge\n|upkeep\n|turn|25\n|\n|t:|1610471788\n|move|p2a: Dragapult|Substitute|p2a: Dragapult\n|-start|p2a: Dragapult|Substitute\n|-damage|p2a: Dragapult|56\/100\n|move|p1a: Weezing|Strange Steam|p2a: Dragapult\n|-supereffective|p2a: Dragapult\n|-end|p2a: Dragapult|Substitute\n|\n|-heal|p2a: Dragapult|62\/100|[from] item: Leftovers\n|-heal|p1a: Weezing|36\/100 par|[from] item: Black Sludge\n|upkeep\n|turn|26\n|\n|t:|1610471791\n|move|p2a: Dragapult|Substitute|p2a: Dragapult\n|-start|p2a: Dragapult|Substitute\n|-damage|p2a: Dragapult|37\/100\n|move|p1a: Weezing|Strange Steam|p2a: Dragapult\n|-supereffective|p2a: Dragapult\n|-end|p2a: Dragapult|Substitute\n|\n|-heal|p2a: Dragapult|43\/100|[from] item: Leftovers\n|-heal|p1a: Weezing|42\/100 par|[from] item: Black Sludge\n|upkeep\n|turn|27\n|\n|t:|1610471795\n|move|p2a: Dragapult|Substitute|p2a: Dragapult\n|-start|p2a: Dragapult|Substitute\n|-damage|p2a: Dragapult|18\/100\n|move|p1a: Weezing|Strange Steam|p2a: Dragapult\n|-supereffective|p2a: Dragapult\n|-end|p2a: Dragapult|Substitute\n|\n|-heal|p2a: Dragapult|24\/100|[from] item: Leftovers\n|-heal|p1a: Weezing|48\/100 par|[from] item: Black Sludge\n|upkeep\n|turn|28\n|\n|t:|1610471799\n|move|p2a: Dragapult|Hex|p1a: Weezing\n|-damage|p1a: Weezing|0 fnt\n|faint|p1a: Weezing\n|-end|p1a: Weezing|ability: Neutralizing Gas\n|\n|-heal|p2a: Dragapult|30\/100|[from] item: Leftovers\n|upkeep\n|\n|t:|1610471802\n|switch|p1a: Sirfetch\u2019d|Sirfetch\u2019d, F|100\/100\n|turn|29\n|\n|t:|1610471807\n|move|p2a: Dragapult|Substitute|p2a: Dragapult\n|-start|p2a: Dragapult|Substitute\n|-damage|p2a: Dragapult|5\/100\n|move|p1a: Sirfetch\u2019d|Close Combat|p2a: Dragapult\n|-end|p2a: Dragapult|Substitute\n|-unboost|p1a: Sirfetch\u2019d|def|1\n|-unboost|p1a: Sirfetch\u2019d|spd|1\n|\n|-heal|p2a: Dragapult|11\/100|[from] item: Leftovers\n|upkeep\n|turn|30\n|\n|t:|1610471821\n|switch|p2a: Clefable|Clefable, M|39\/100 brn\n|move|p1a: Sirfetch\u2019d|Close Combat|p2a: Clefable\n|-resisted|p2a: Clefable\n|-damage|p2a: Clefable|0 fnt\n|-unboost|p1a: Sirfetch\u2019d|def|1\n|-unboost|p1a: Sirfetch\u2019d|spd|1\n|faint|p2a: Clefable\n|\n|upkeep\n|\n|t:|1610471830\n|switch|p2a: Heatran|Heatran, M|82\/100\n|turn|31\n|\n|t:|1610471836\n|move|p2a: Heatran|Magma Storm|p1a: Sirfetch\u2019d\n|-damage|p1a: Sirfetch\u2019d|0 fnt\n|faint|p1a: Sirfetch\u2019d\n|\n|-heal|p2a: Heatran|88\/100|[from] item: Leftovers\n|upkeep\n|\n|t:|1610471839\n|switch|p1a: Darmanitan|Darmanitan, M|81\/100\n|turn|32\n|\n|t:|1610471844\n|move|p2a: Heatran|Protect|p2a: Heatran\n|-singleturn|p2a: Heatran|Protect\n|move|p1a: Darmanitan|Earthquake|p2a: Heatran\n|-activate|p2a: Heatran|move: Protect\n|\n|-heal|p2a: Heatran|94\/100|[from] item: Leftovers\n|upkeep\n|turn|33\n|\n|t:|1610471848\n|move|p1a: Darmanitan|Earthquake|p2a: Heatran\n|-supereffective|p2a: Heatran\n|-damage|p2a: Heatran|0 fnt\n|faint|p2a: Heatran\n|\n|upkeep\n|\n|t:|1610471849\n|switch|p2a: Dragapult|Dragapult, M|11\/100\n|turn|34\n|\n|t:|1610471851\n|move|p2a: Dragapult|Dragon Darts|p1a: Darmanitan\n|-damage|p1a: Darmanitan|49\/100\n|-anim|p2a: Dragapult|Dragon Darts|p1a: Darmanitan\n|-damage|p1a: Darmanitan|15\/100\n|move|p1a: Darmanitan|Earthquake|p2a: Dragapult\n|-crit|p2a: Dragapult\n|-damage|p2a: Dragapult|0 fnt\n|faint|p2a: Dragapult\n|\n|win|lando expando\n|l|\u2606bebo\n","uploadtime":1610471865,"views":75,"p1id":"landoexpando","p2id":"bebo","formatid":"gen8ou","rating":0,"private":0,"password":null}