{"id":"gen8ou-1554984634","p1":"A3720","p2":"thgdhgj","format":"gen8ou","log":"|j|\u2606A3720\n|j|\u2606thgdhgj\n|t:|1650151642\n|gametype|singles\n|player|p1|A3720|169|1618\n|player|p2|thgdhgj|265|1659\n|teamsize|p1|6\n|teamsize|p2|6\n|gen|8\n|tier|[Gen 8] OU\n|rated|\n|rule|Sleep Clause Mod: Limit one foe put to sleep\n|rule|Species Clause: Limit one of each Pok\u00e9mon\n|rule|OHKO Clause: OHKO moves are banned\n|rule|Evasion Moves Clause: Evasion moves are banned\n|rule|Endless Battle Clause: Forcing endless battles is banned\n|rule|HP Percentage Mod: HP is shown in percentages\n|rule|Dynamax Clause: You cannot dynamax\n|clearpoke\n|poke|p1|Tapu Koko|\n|poke|p1|Weavile, F|\n|poke|p1|Garchomp, F|\n|poke|p1|Kartana|\n|poke|p1|Thundurus, M|\n|poke|p1|Melmetal|\n|poke|p2|Slowbro, M|\n|poke|p2|Ferrothorn, F|\n|poke|p2|Zapdos|\n|poke|p2|Clefable, M|\n|poke|p2|Nidoking, M|\n|poke|p2|Urshifu-*, F|\n|teampreview\n|inactive|Battle timer is ON: inactive players will automatically lose when time's up. (requested by thgdhgj)\n|\n|t:|1650151659\n|start\n|switch|p1a: Garchomp|Garchomp, F|100\/100\n|switch|p2a: Clefable|Clefable, M|100\/100\n|turn|1\n|\n|t:|1650151671\n|switch|p1a: Melmetal|Melmetal|100\/100\n|move|p2a: Clefable|Trick|p1a: Melmetal\n|-activate|p2a: Clefable|move: Trick|[of] p1a: Melmetal\n|-item|p1a: Melmetal|Sticky Barb|[from] move: Trick\n|-item|p2a: Clefable|Protective Pads|[from] move: Trick\n|\n|-damage|p1a: Melmetal|88\/100|[from] item: Sticky Barb\n|upkeep\n|turn|2\n|\n|t:|1650151678\n|switch|p2a: Ferrothorn|Ferrothorn, F|100\/100\n|move|p1a: Melmetal|Thunder Wave|p2a: Ferrothorn\n|-status|p2a: Ferrothorn|par\n|\n|-damage|p1a: Melmetal|76\/100|[from] item: Sticky Barb\n|upkeep\n|turn|3\n|\n|t:|1650151682\n|move|p1a: Melmetal|Superpower|p2a: Ferrothorn\n|-supereffective|p2a: Ferrothorn\n|-damage|p2a: Ferrothorn|41\/100 par\n|-unboost|p1a: Melmetal|atk|1\n|-unboost|p1a: Melmetal|def|1\n|-damage|p1a: Melmetal|64\/100|[from] ability: Iron Barbs|[of] p2a: Ferrothorn\n|-damage|p1a: Melmetal|47\/100|[from] item: Rocky Helmet|[of] p2a: Ferrothorn\n|move|p2a: Ferrothorn|Thunder Wave|p1a: Melmetal\n|-status|p1a: Melmetal|par\n|\n|-damage|p1a: Melmetal|35\/100 par|[from] item: Sticky Barb\n|upkeep\n|turn|4\n|j| xtyftugy\n|j| ash_won_kalos\n|j| simplegent\n|\n|t:|1650151693\n|switch|p1a: Garchomp|Garchomp, F|100\/100\n|switch|p2a: Zapdos|Zapdos|100\/100\n|\n|upkeep\n|turn|5\n|\n|t:|1650151699\n|move|p1a: Garchomp|Toxic|p2a: Zapdos\n|-status|p2a: Zapdos|tox\n|move|p2a: Zapdos|Hurricane|p1a: Garchomp\n|-damage|p1a: Garchomp|58\/100\n|-start|p1a: Garchomp|confusion\n|\n|-damage|p2a: Zapdos|94\/100 tox|[from] psn\n|upkeep\n|turn|6\n|\n|t:|1650151707\n|switch|p1a: Tapu Koko|Tapu Koko|100\/100\n|-fieldstart|move: Electric Terrain|[from] ability: Electric Surge|[of] p1a: Tapu Koko\n|switch|p2a: Clefable|Clefable, M|100\/100\n|\n|upkeep\n|turn|7\n|j| ppev\n|\n|t:|1650151712\n|switch|p2a: Nidoking|Nidoking, M|100\/100\n|move|p1a: Tapu Koko|Nature's Madness|p2a: Nidoking\n|-damage|p2a: Nidoking|51\/100\n|\n|upkeep\n|turn|8\n|\n|t:|1650151720\n|switch|p1a: Melmetal|Melmetal|35\/100 par\n|move|p2a: Nidoking|Earth Power|p1a: Melmetal\n|-supereffective|p1a: Melmetal\n|-damage|p1a: Melmetal|0 fnt\n|faint|p1a: Melmetal\n|\n|upkeep\n|inactive|A3720 has 120 seconds left.\n|\n|t:|1650151761\n|switch|p1a: Weavile|Weavile, F|100\/100\n|-ability|p1a: Weavile|Pressure\n|turn|9\n|\n|t:|1650151767\n|switch|p2a: Urshifu|Urshifu-Rapid-Strike, F|100\/100\n|move|p1a: Weavile|Knock Off|p2a: Urshifu\n|-resisted|p2a: Urshifu\n|-damage|p2a: Urshifu|76\/100\n|-enditem|p2a: Urshifu|Choice Band|[from] move: Knock Off|[of] p1a: Weavile\n|\n|upkeep\n|turn|10\n|\n|t:|1650151776\n|switch|p1a: Garchomp|Garchomp, F|58\/100\n|move|p2a: Urshifu|Surging Strikes|p1a: Garchomp\n|-crit|p1a: Garchomp\n|-damage|p1a: Garchomp|43\/100\n|-damage|p2a: Urshifu|63\/100|[from] ability: Rough Skin|[of] p1a: Garchomp\n|-damage|p2a: Urshifu|47\/100|[from] item: Rocky Helmet|[of] p1a: Garchomp\n|-crit|p1a: Garchomp\n|-damage|p1a: Garchomp|29\/100\n|-damage|p2a: Urshifu|35\/100|[from] ability: Rough Skin|[of] p1a: Garchomp\n|-damage|p2a: Urshifu|18\/100|[from] item: Rocky Helmet|[of] p1a: Garchomp\n|-crit|p1a: Garchomp\n|-damage|p1a: Garchomp|14\/100\n|-damage|p2a: Urshifu|6\/100|[from] ability: Rough Skin|[of] p1a: Garchomp\n|-damage|p2a: Urshifu|0 fnt|[from] item: Rocky Helmet|[of] p1a: Garchomp\n|faint|p2a: Urshifu\n|-hitcount|p1a: Garchomp|3\n|\n|-fieldend|move: Electric Terrain\n|upkeep\n|j| Alejndro Sosa\n|\n|t:|1650151782\n|switch|p2a: Clefable|Clefable, M|100\/100\n|turn|11\n|\n|t:|1650151789\n|move|p1a: Garchomp|Stealth Rock|p2a: Clefable\n|-sidestart|p2: thgdhgj|move: Stealth Rock\n|move|p2a: Clefable|Moonblast|p1a: Garchomp\n|-supereffective|p1a: Garchomp\n|-damage|p1a: Garchomp|0 fnt\n|faint|p1a: Garchomp\n|\n|upkeep\n|\n|t:|1650151800\n|switch|p1a: Kartana|Kartana|100\/100\n|turn|12\n|\n|t:|1650151803\n|switch|p2a: Ferrothorn|Ferrothorn, F|41\/100 par\n|-damage|p2a: Ferrothorn|35\/100 par|[from] Stealth Rock\n|move|p1a: Kartana|Knock Off|p2a: Ferrothorn\n|-damage|p2a: Ferrothorn|15\/100 par\n|-activate|p2a: Ferrothorn|ability: Iron Barbs\n|-activate|p1a: Kartana|item: Protective Pads\n|-enditem|p2a: Ferrothorn|Rocky Helmet|[from] move: Knock Off|[of] p1a: Kartana\n|\n|upkeep\n|turn|13\n|\n|t:|1650151817\n|switch|p2a: Zapdos|Zapdos|94\/100 tox\n|move|p1a: Kartana|Sacred Sword|p2a: Zapdos\n|-resisted|p2a: Zapdos\n|-damage|p2a: Zapdos|80\/100 tox\n|\n|-damage|p2a: Zapdos|74\/100 tox|[from] psn\n|upkeep\n|turn|14\n|\n|t:|1650151829\n|switch|p1a: Thundurus|Thundurus, M|100\/100\n|move|p2a: Zapdos|Hurricane|p1a: Thundurus\n|-resisted|p1a: Thundurus\n|-damage|p1a: Thundurus|66\/100\n|\n|-damage|p2a: Zapdos|61\/100 tox|[from] psn\n|upkeep\n|turn|15\n|\n|t:|1650151834\n|move|p1a: Thundurus|Psychic|p2a: Zapdos\n|-damage|p2a: Zapdos|41\/100 tox\n|move|p2a: Zapdos|Defog|p1a: Thundurus\n|-unboost|p1a: Thundurus|evasion|1\n|-sideend|p2: thgdhgj|Stealth Rock|[from] move: Defog|[of] p2a: Zapdos\n|\n|-damage|p2a: Zapdos|22\/100 tox|[from] psn\n|upkeep\n|turn|16\n|\n|t:|1650151845\n|switch|p1a: Weavile|Weavile, F|100\/100\n|-ability|p1a: Weavile|Pressure\n|switch|p2a: Clefable|Clefable, M|100\/100\n|\n|upkeep\n|turn|17\n|\n|t:|1650151859\n|switch|p1a: Thundurus|Thundurus, M|66\/100\n|move|p2a: Clefable|Moonblast|p1a: Thundurus\n|-crit|p1a: Thundurus\n|-damage|p1a: Thundurus|0 fnt\n|faint|p1a: Thundurus\n|\n|upkeep\n|\n|t:|1650151863\n|switch|p1a: Kartana|Kartana|100\/100\n|turn|18\n|\n|t:|1650151869\n|switch|p2a: Zapdos|Zapdos|22\/100 tox\n|move|p1a: Kartana|Swords Dance|p1a: Kartana\n|-boost|p1a: Kartana|atk|2\n|\n|-damage|p2a: Zapdos|16\/100 tox|[from] psn\n|upkeep\n|turn|19\n|\n|t:|1650151876\n|move|p1a: Kartana|Knock Off|p2a: Zapdos\n|-damage|p2a: Zapdos|0 fnt\n|-enditem|p2a: Zapdos|Heavy-Duty Boots|[from] move: Knock Off|[of] p1a: Kartana\n|faint|p2a: Zapdos\n|-ability|p1a: Kartana|Beast Boost|boost\n|-boost|p1a: Kartana|spe|1\n|\n|upkeep\n|\n|t:|1650151878\n|switch|p2a: Ferrothorn|Ferrothorn, F|15\/100 par\n|turn|20\n|\n|t:|1650151881\n|move|p1a: Kartana|Sacred Sword|p2a: Ferrothorn\n|-supereffective|p2a: Ferrothorn\n|-damage|p2a: Ferrothorn|0 fnt\n|-activate|p2a: Ferrothorn|ability: Iron Barbs\n|-activate|p1a: Kartana|item: Protective Pads\n|faint|p2a: Ferrothorn\n|-ability|p1a: Kartana|Beast Boost|boost\n|-boost|p1a: Kartana|spe|1\n|\n|upkeep\n|\n|t:|1650151884\n|switch|p2a: Nidoking|Nidoking, M|51\/100\n|turn|21\n|\n|t:|1650151887\n|move|p1a: Kartana|Leaf Blade|p2a: Nidoking\n|-damage|p2a: Nidoking|0 fnt\n|faint|p2a: Nidoking\n|-ability|p1a: Kartana|Beast Boost|boost\n|-boost|p1a: Kartana|spe|1\n|\n|upkeep\n|-message|thgdhgj forfeited.\n|\n|win|A3720\n|raw|A3720's rating: 1618 &rarr; <strong>1640<\/strong><br \/>(+22 for winning)\n|raw|thgdhgj's rating: 1659 &rarr; <strong>1637<\/strong><br \/>(-22 for losing)\n|l|\u2606thgdhgj\n|l|\u2606A3720\n|l| simplegent\n||Ladder isn't responding, score probably updated but might not have (Request timeout).\n|l| ash_won_kalos\n","uploadtime":1650151902,"views":11,"p1id":"a3720","p2id":"thgdhgj","formatid":"gen8ou","rating":1637,"private":0,"password":null}