{"id":"gen8ou-1433821234","p1":"0kay","p2":"galarian dragapult","format":"gen8ou","log":"|j|\u26060kay\n|j|\u2606galarian dragapult\n|t:|1634018850\n|gametype|singles\n|player|p1|0kay|erika-gen2|1719\n|player|p2|galarian dragapult|102|1733\n|teamsize|p1|6\n|teamsize|p2|6\n|gen|8\n|tier|[Gen 8] OU\n|rated|\n|rule|Sleep Clause Mod: Limit one foe put to sleep\n|rule|Species Clause: Limit one of each Pok\u00e9mon\n|rule|OHKO Clause: OHKO moves are banned\n|rule|Evasion Moves Clause: Evasion moves are banned\n|rule|Endless Battle Clause: Forcing endless battles is banned\n|rule|HP Percentage Mod: HP is shown in percentages\n|rule|Dynamax Clause: You cannot dynamax\n|clearpoke\n|poke|p1|Slowking-Galar, F|\n|poke|p1|Slowbro-Galar, M|\n|poke|p1|Skarmory, F|\n|poke|p1|Dragonite, M|\n|poke|p1|Garchomp, M|\n|poke|p1|Pangoro, M|\n|poke|p2|Buzzwole|\n|poke|p2|Dragapult, F|\n|poke|p2|Blissey, F|\n|poke|p2|Heatran, M|\n|poke|p2|Landorus-Therian, M|\n|poke|p2|Ferrothorn, M|\n|teampreview\n|inactive|Battle timer is ON: inactive players will automatically lose when time's up. (requested by 0kay)\n|\n|t:|1634018869\n|start\n|switch|p1a: TOP OF DA MORNIN|Pangoro, M|100\/100\n|switch|p2a: Landorus|Landorus-Therian, M|100\/100\n|-ability|p2a: Landorus|Intimidate|boost\n|-fail|p1a: TOP OF DA MORNIN|unboost|Attack|[from] ability: Scrappy|[of] p1a: TOP OF DA MORNIN\n|turn|1\n|\n|t:|1634018880\n|switch|p2a: Buzzwole|Buzzwole|100\/100\n|move|p1a: TOP OF DA MORNIN|Knock Off|p2a: Buzzwole\n|-resisted|p2a: Buzzwole\n|-damage|p2a: Buzzwole|81\/100\n|-enditem|p2a: Buzzwole|Heavy-Duty Boots|[from] move: Knock Off|[of] p1a: TOP OF DA MORNIN\n|\n|upkeep\n|turn|2\n|j| Large_Rodent\n|\n|t:|1634018895\n|switch|p1a: LETS GET THIS SHIT|Skarmory, F|100\/100\n|move|p2a: Buzzwole|Ice Punch|p1a: LETS GET THIS SHIT\n|-damage|p1a: LETS GET THIS SHIT|87\/100\n|-damage|p2a: Buzzwole|64\/100|[from] item: Rocky Helmet|[of] p1a: LETS GET THIS SHIT\n|\n|upkeep\n|turn|3\n|\n|t:|1634018901\n|move|p2a: Buzzwole|Roost|p2a: Buzzwole\n|-heal|p2a: Buzzwole|100\/100\n|-singleturn|p2a: Buzzwole|move: Roost\n|move|p1a: LETS GET THIS SHIT|Body Press|p2a: Buzzwole\n|-resisted|p2a: Buzzwole\n|-damage|p2a: Buzzwole|92\/100\n|\n|upkeep\n|turn|4\n|\n|t:|1634018908\n|switch|p2a: Dragapult|Dragapult, F|100\/100\n|move|p1a: LETS GET THIS SHIT|Spikes|p2a: Dragapult\n|-sidestart|p2: galarian dragapult|Spikes\n|\n|upkeep\n|turn|5\n|\n|t:|1634018914\n|move|p2a: Dragapult|Shadow Ball|p1a: LETS GET THIS SHIT\n|-damage|p1a: LETS GET THIS SHIT|10\/100\n|move|p1a: LETS GET THIS SHIT|Roost|p1a: LETS GET THIS SHIT\n|-heal|p1a: LETS GET THIS SHIT|60\/100\n|-singleturn|p1a: LETS GET THIS SHIT|move: Roost\n|\n|upkeep\n|turn|6\n|\n|t:|1634018917\n|switch|p1a: TOP OF DA MORNIN|Pangoro, M|100\/100\n|move|p2a: Dragapult|Shadow Ball|p1a: TOP OF DA MORNIN\n|-resisted|p1a: TOP OF DA MORNIN\n|-damage|p1a: TOP OF DA MORNIN|62\/100\n|\n|upkeep\n|turn|7\n|j| Lilo_Crz2\n|\n|t:|1634018925\n|switch|p2a: Buzzwole|Buzzwole|92\/100\n|-damage|p2a: Buzzwole|79\/100|[from] Spikes\n|move|p1a: TOP OF DA MORNIN|Close Combat|p2a: Buzzwole\n|-resisted|p2a: Buzzwole\n|-damage|p2a: Buzzwole|54\/100\n|-unboost|p1a: TOP OF DA MORNIN|def|1\n|-unboost|p1a: TOP OF DA MORNIN|spd|1\n|\n|upkeep\n|turn|8\n|\n|t:|1634018940\n|switch|p1a: KUNG-FU KENNY|Slowbro-Galar, M|100\/100\n|move|p2a: Buzzwole|Roost|p2a: Buzzwole\n|-heal|p2a: Buzzwole|100\/100\n|-singleturn|p2a: Buzzwole|move: Roost\n|\n|upkeep\n|turn|9\n|\n|t:|1634018944\n|switch|p2a: Landorus|Landorus-Therian, M|100\/100\n|-ability|p2a: Landorus|Intimidate|boost\n|-unboost|p1a: KUNG-FU KENNY|atk|1\n|move|p1a: KUNG-FU KENNY|Psychic|p2a: Landorus\n|-damage|p2a: Landorus|70\/100\n|\n|-heal|p2a: Landorus|76\/100|[from] item: Leftovers\n|upkeep\n|turn|10\n|-activate|p1a: KUNG-FU KENNY|item: Quick Claw\n|\n|t:|1634018949\n|move|p1a: KUNG-FU KENNY|Psychic|p2a: Landorus\n|-damage|p2a: Landorus|41\/100\n|move|p2a: Landorus|Defog|p1a: KUNG-FU KENNY\n|-unboost|p1a: KUNG-FU KENNY|evasion|1\n|-sideend|p2: galarian dragapult|Spikes|[from] move: Defog|[of] p2a: Landorus\n|\n|-heal|p2a: Landorus|47\/100|[from] item: Leftovers\n|upkeep\n|turn|11\n|\n|t:|1634018955\n|switch|p1a: LETS GET THIS SHIT|Skarmory, F|60\/100\n|move|p2a: Landorus|U-turn|p1a: LETS GET THIS SHIT\n|-resisted|p1a: LETS GET THIS SHIT\n|-damage|p1a: LETS GET THIS SHIT|57\/100\n|-damage|p2a: Landorus|30\/100|[from] item: Rocky Helmet|[of] p1a: LETS GET THIS SHIT\n|\n|t:|1634018957\n|switch|p2a: Dragapult|Dragapult, F|100\/100|[from]move: U-turn\n|\n|upkeep\n|turn|12\n|j| RandomNublet\n|\n|t:|1634018965\n|switch|p1a: HE'S BABY KEEM|Slowking-Galar, F|100\/100\n|move|p2a: Dragapult|Shadow Ball|p1a: HE'S BABY KEEM\n|-supereffective|p1a: HE'S BABY KEEM\n|-damage|p1a: HE'S BABY KEEM|55\/100\n|\n|upkeep\n|turn|13\n|\n|t:|1634018973\n|switch|p2a: Heatran|Heatran, M|100\/100\n|move|p1a: HE'S BABY KEEM|Future Sight|p2a: Heatran\n|-start|p1a: HE'S BABY KEEM|move: Future Sight\n|\n|upkeep\n|turn|14\n|\n|t:|1634018983\n|switch|p1a: TOP OF THE MORNIN'|Garchomp, M|100\/100\n|move|p2a: Heatran|Stealth Rock|p1a: TOP OF THE MORNIN'\n|-sidestart|p1: 0kay|move: Stealth Rock\n|\n|upkeep\n|turn|15\n|\n|t:|1634018988\n|switch|p2a: Landorus|Landorus-Therian, M|30\/100\n|-ability|p2a: Landorus|Intimidate|boost\n|-unboost|p1a: TOP OF THE MORNIN'|atk|1\n|-enditem|p1a: TOP OF THE MORNIN'|Adrenaline Orb\n|-boost|p1a: TOP OF THE MORNIN'|spe|1|[from] item: Adrenaline Orb\n|move|p1a: TOP OF THE MORNIN'|Swords Dance|p1a: TOP OF THE MORNIN'\n|-boost|p1a: TOP OF THE MORNIN'|atk|2\n|\n|-end|p2a: Landorus|move: Future Sight\n|-damage|p2a: Landorus|0 fnt\n|faint|p2a: Landorus\n|upkeep\n|\n|t:|1634018995\n|switch|p2a: Buzzwole|Buzzwole|100\/100\n|turn|16\n|\n|t:|1634019015\n|move|p1a: TOP OF THE MORNIN'|Fire Fang|p2a: Buzzwole\n|-supereffective|p2a: Buzzwole\n|-damage|p2a: Buzzwole|67\/100\n|move|p2a: Buzzwole|Ice Punch|p1a: TOP OF THE MORNIN'\n|-supereffective|p1a: TOP OF THE MORNIN'\n|-damage|p1a: TOP OF THE MORNIN'|16\/100\n|-damage|p2a: Buzzwole|54\/100|[from] ability: Rough Skin|[of] p1a: TOP OF THE MORNIN'\n|\n|upkeep\n|turn|17\n|\n|t:|1634019032\n|move|p1a: TOP OF THE MORNIN'|Fire Fang|p2a: Buzzwole\n|-supereffective|p2a: Buzzwole\n|-damage|p2a: Buzzwole|16\/100\n|move|p2a: Buzzwole|Roost|p2a: Buzzwole\n|-heal|p2a: Buzzwole|66\/100\n|-singleturn|p2a: Buzzwole|move: Roost\n|\n|upkeep\n|turn|18\n|\n|t:|1634019036\n|move|p1a: TOP OF THE MORNIN'|Fire Fang|p2a: Buzzwole\n|-supereffective|p2a: Buzzwole\n|-damage|p2a: Buzzwole|32\/100\n|move|p2a: Buzzwole|Roost|p2a: Buzzwole\n|-heal|p2a: Buzzwole|82\/100\n|-singleturn|p2a: Buzzwole|move: Roost\n|\n|upkeep\n|turn|19\n|\n|t:|1634019041\n|move|p1a: TOP OF THE MORNIN'|Fire Fang|p2a: Buzzwole\n|-supereffective|p2a: Buzzwole\n|-damage|p2a: Buzzwole|48\/100\n|-status|p2a: Buzzwole|brn\n|move|p2a: Buzzwole|Roost|p2a: Buzzwole\n|-heal|p2a: Buzzwole|98\/100 brn\n|-singleturn|p2a: Buzzwole|move: Roost\n|\n|-damage|p2a: Buzzwole|92\/100 brn|[from] brn\n|upkeep\n|turn|20\n|\n|t:|1634019047\n|move|p1a: TOP OF THE MORNIN'|Fire Fang|p2a: Buzzwole|[miss]\n|-miss|p1a: TOP OF THE MORNIN'|p2a: Buzzwole\n|move|p2a: Buzzwole|Earthquake|p1a: TOP OF THE MORNIN'\n|-damage|p1a: TOP OF THE MORNIN'|1\/100\n|\n|-damage|p2a: Buzzwole|85\/100 brn|[from] brn\n|upkeep\n|turn|21\n|\n|t:|1634019051\n|move|p1a: TOP OF THE MORNIN'|Fire Fang|p2a: Buzzwole\n|-supereffective|p2a: Buzzwole\n|-damage|p2a: Buzzwole|53\/100 brn\n|move|p2a: Buzzwole|Earthquake|p1a: TOP OF THE MORNIN'\n|-damage|p1a: TOP OF THE MORNIN'|0 fnt\n|faint|p1a: TOP OF THE MORNIN'\n|-ability|p2a: Buzzwole|Beast Boost|boost\n|-boost|p2a: Buzzwole|def|1\n|\n|-damage|p2a: Buzzwole|47\/100 brn|[from] brn\n|upkeep\n|\n|t:|1634019065\n|switch|p1a: TOP OF DA MORNIN'|Dragonite, M|100\/100\n|turn|22\n|\n|t:|1634019070\n|move|p2a: Buzzwole|Roost|p2a: Buzzwole\n|-heal|p2a: Buzzwole|97\/100 brn\n|-singleturn|p2a: Buzzwole|move: Roost\n|move|p1a: TOP OF DA MORNIN'|Defog|p2a: Buzzwole\n|-unboost|p2a: Buzzwole|evasion|1\n|-sideend|p1: 0kay|Stealth Rock|[from] move: Defog|[of] p1a: TOP OF DA MORNIN'\n|\n|-damage|p2a: Buzzwole|91\/100 brn|[from] brn\n|upkeep\n|turn|23\n|\n|t:|1634019074\n|switch|p1a: LETS GET THIS SHIT|Skarmory, F|57\/100\n|move|p2a: Buzzwole|Ice Punch|p1a: LETS GET THIS SHIT\n|-damage|p1a: LETS GET THIS SHIT|50\/100\n|-damage|p2a: Buzzwole|74\/100 brn|[from] item: Rocky Helmet|[of] p1a: LETS GET THIS SHIT\n|\n|-damage|p2a: Buzzwole|68\/100 brn|[from] brn\n|upkeep\n|turn|24\n|\n|t:|1634019077\n|switch|p2a: Heatran|Heatran, M|100\/100\n|move|p1a: LETS GET THIS SHIT|Roost|p1a: LETS GET THIS SHIT\n|-heal|p1a: LETS GET THIS SHIT|100\/100\n|-singleturn|p1a: LETS GET THIS SHIT|move: Roost\n|\n|upkeep\n|turn|25\n|\n|t:|1634019081\n|switch|p1a: TOP OF DA MORNIN'|Dragonite, M|100\/100\n|move|p2a: Heatran|Stealth Rock|p1a: TOP OF DA MORNIN'\n|-sidestart|p1: 0kay|move: Stealth Rock\n|\n|upkeep\n|turn|26\n|\n|t:|1634019087\n|switch|p2a: Ferrothorn|Ferrothorn, M|100\/100\n|move|p1a: TOP OF DA MORNIN'|Earthquake|p2a: Ferrothorn\n|-damage|p2a: Ferrothorn|82\/100\n|\n|upkeep\n|turn|27\n|\n|t:|1634019093\n|switch|p1a: LETS GET THIS SHIT|Skarmory, F|100\/100\n|-damage|p1a: LETS GET THIS SHIT|88\/100|[from] Stealth Rock\n|move|p2a: Ferrothorn|Knock Off|p1a: LETS GET THIS SHIT\n|-damage|p1a: LETS GET THIS SHIT|76\/100\n|-damage|p2a: Ferrothorn|66\/100|[from] item: Rocky Helmet|[of] p1a: LETS GET THIS SHIT\n|-enditem|p1a: LETS GET THIS SHIT|Rocky Helmet|[from] move: Knock Off|[of] p2a: Ferrothorn\n|\n|upkeep\n|turn|28\n|\n|t:|1634019098\n|switch|p2a: Dragapult|Dragapult, F|100\/100\n|move|p1a: LETS GET THIS SHIT|Spikes|p2a: Dragapult\n|-sidestart|p2: galarian dragapult|Spikes\n|\n|upkeep\n|turn|29\n|\n|t:|1634019104\n|move|p2a: Dragapult|Shadow Ball|p1a: LETS GET THIS SHIT\n|-damage|p1a: LETS GET THIS SHIT|0 fnt\n|faint|p1a: LETS GET THIS SHIT\n|\n|upkeep\n|\n|t:|1634019110\n|switch|p1a: TOP OF DA MORNIN|Pangoro, M|62\/100\n|-damage|p1a: TOP OF DA MORNIN|56\/100|[from] Stealth Rock\n|turn|30\n|\n|t:|1634019120\n|switch|p2a: Buzzwole|Buzzwole|68\/100 brn\n|-damage|p2a: Buzzwole|56\/100 brn|[from] Spikes\n|switch|p1a: KUNG-FU KENNY|Slowbro-Galar, M|100\/100\n|-damage|p1a: KUNG-FU KENNY|88\/100|[from] Stealth Rock\n|\n|-damage|p2a: Buzzwole|50\/100 brn|[from] brn\n|upkeep\n|turn|31\n|-activate|p1a: KUNG-FU KENNY|item: Quick Claw\n|\n|t:|1634019126\n|switch|p2a: Blissey|Blissey, F|100\/100\n|move|p1a: KUNG-FU KENNY|Psychic|p2a: Blissey\n|-damage|p2a: Blissey|87\/100\n|-unboost|p2a: Blissey|spd|1\n|\n|upkeep\n|turn|32\n|\n|t:|1634019133\n|move|p2a: Blissey|Thunder Wave|p1a: KUNG-FU KENNY\n|-status|p1a: KUNG-FU KENNY|par\n|move|p1a: KUNG-FU KENNY|Shell Side Arm|p2a: Blissey|[anim] Shell Side Arm Physical\n|-damage|p2a: Blissey|27\/100\n|-hint|Physical Shell Side Arm\n|\n|upkeep\n|turn|33\n|-activate|p1a: KUNG-FU KENNY|ability: Quick Draw\n|\n|t:|1634019139\n|switch|p2a: Heatran|Heatran, M|100\/100\n|-damage|p2a: Heatran|88\/100|[from] Spikes\n|cant|p1a: KUNG-FU KENNY|par\n|\n|-heal|p2a: Heatran|94\/100|[from] item: Leftovers\n|upkeep\n|turn|34\n|j| Trunx\n|\n|t:|1634019144\n|move|p2a: Heatran|Magma Storm|p1a: KUNG-FU KENNY|[miss]\n|-miss|p2a: Heatran|p1a: KUNG-FU KENNY\n|move|p1a: KUNG-FU KENNY|Earthquake|p2a: Heatran\n|-supereffective|p2a: Heatran\n|-damage|p2a: Heatran|19\/100\n|\n|-heal|p2a: Heatran|25\/100|[from] item: Leftovers\n|upkeep\n|turn|35\n|-activate|p1a: KUNG-FU KENNY|ability: Quick Draw\n|\n|t:|1634019150\n|switch|p2a: Blissey|Blissey, F|27\/100\n|move|p1a: KUNG-FU KENNY|Earthquake|p2a: Blissey\n|-damage|p2a: Blissey|0 fnt\n|faint|p2a: Blissey\n|\n|upkeep\n|\n|t:|1634019152\n|switch|p2a: Dragapult|Dragapult, F|100\/100\n|-damage|p2a: Dragapult|88\/100|[from] Spikes\n|turn|36\n|\n|t:|1634019171\n|move|p2a: Dragapult|Shadow Ball|p1a: KUNG-FU KENNY\n|-supereffective|p1a: KUNG-FU KENNY\n|-damage|p1a: KUNG-FU KENNY|0 fnt\n|faint|p1a: KUNG-FU KENNY\n|\n|upkeep\n|\n|t:|1634019180\n|switch|p1a: HE'S BABY KEEM|Slowking-Galar, F|88\/100\n|-damage|p1a: HE'S BABY KEEM|76\/100|[from] Stealth Rock\n|turn|37\n|\n|t:|1634019186\n|move|p2a: Dragapult|Shadow Ball|p1a: HE'S BABY KEEM\n|-supereffective|p1a: HE'S BABY KEEM\n|-damage|p1a: HE'S BABY KEEM|29\/100\n|move|p1a: HE'S BABY KEEM|Future Sight|p2a: Dragapult\n|-start|p1a: HE'S BABY KEEM|move: Future Sight\n|\n|upkeep\n|turn|38\n|\n|t:|1634019189\n|switch|p1a: TOP OF DA MORNIN'|Dragonite, M|100\/100\n|move|p2a: Dragapult|Shadow Ball|p1a: TOP OF DA MORNIN'\n|-damage|p1a: TOP OF DA MORNIN'|75\/100\n|\n|upkeep\n|turn|39\n|\n|t:|1634019196\n|switch|p2a: Heatran|Heatran, M|25\/100\n|-damage|p2a: Heatran|12\/100|[from] Spikes\n|move|p1a: TOP OF DA MORNIN'|Roost|p1a: TOP OF DA MORNIN'\n|-heal|p1a: TOP OF DA MORNIN'|100\/100\n|-singleturn|p1a: TOP OF DA MORNIN'|move: Roost\n|\n|-end|p2a: Heatran|move: Future Sight\n|-resisted|p2a: Heatran\n|-damage|p2a: Heatran|0 fnt\n|faint|p2a: Heatran\n|upkeep\n|\n|t:|1634019198\n|switch|p2a: Ferrothorn|Ferrothorn, M|66\/100\n|-damage|p2a: Ferrothorn|53\/100|[from] Spikes\n|turn|40\n|\n|t:|1634019206\n|move|p1a: TOP OF DA MORNIN'|Defog|p2a: Ferrothorn\n|-unboost|p2a: Ferrothorn|evasion|1\n|-sideend|p2: galarian dragapult|Spikes|[from] move: Defog|[of] p1a: TOP OF DA MORNIN'\n|-sideend|p1: 0kay|Stealth Rock|[from] move: Defog|[of] p1a: TOP OF DA MORNIN'\n|move|p2a: Ferrothorn|Leech Seed|p1a: TOP OF DA MORNIN'\n|-start|p1a: TOP OF DA MORNIN'|move: Leech Seed\n|\n|-damage|p1a: TOP OF DA MORNIN'|88\/100|[from] Leech Seed|[of] p2a: Ferrothorn\n|-heal|p2a: Ferrothorn|67\/100|[silent]\n|upkeep\n|turn|41\n|j| SugoiServal\n|\n|t:|1634019212\n|switch|p1a: TOP OF DA MORNIN|Pangoro, M|56\/100\n|move|p2a: Ferrothorn|Leech Seed|p1a: TOP OF DA MORNIN\n|-start|p1a: TOP OF DA MORNIN|move: Leech Seed\n|\n|-damage|p1a: TOP OF DA MORNIN|44\/100|[from] Leech Seed|[of] p2a: Ferrothorn\n|-heal|p2a: Ferrothorn|80\/100|[silent]\n|upkeep\n|turn|42\n|\n|t:|1634019216\n|switch|p1a: HE'S BABY KEEM|Slowking-Galar, F|63\/100\n|switch|p2a: Buzzwole|Buzzwole|50\/100 brn\n|\n|-damage|p2a: Buzzwole|43\/100 brn|[from] brn\n|upkeep\n|turn|43\n|\n|t:|1634019222\n|move|p2a: Buzzwole|Earthquake|p1a: HE'S BABY KEEM\n|-supereffective|p1a: HE'S BABY KEEM\n|-damage|p1a: HE'S BABY KEEM|32\/100\n|move|p1a: HE'S BABY KEEM|Future Sight|p2a: Buzzwole\n|-start|p1a: HE'S BABY KEEM|move: Future Sight\n|\n|-damage|p2a: Buzzwole|37\/100 brn|[from] brn\n|upkeep\n|turn|44\n|\n|t:|1634019228\n|switch|p2a: Ferrothorn|Ferrothorn, M|80\/100\n|move|p1a: HE'S BABY KEEM|Flamethrower|p2a: Ferrothorn\n|-supereffective|p2a: Ferrothorn\n|-damage|p2a: Ferrothorn|0 fnt\n|faint|p2a: Ferrothorn\n|\n|upkeep\n|\n|t:|1634019230\n|switch|p2a: Dragapult|Dragapult, F|88\/100\n|turn|45\n|\n|t:|1634019242\n|switch|p1a: TOP OF DA MORNIN|Pangoro, M|44\/100\n|move|p2a: Dragapult|Shadow Ball|p1a: TOP OF DA MORNIN\n|-resisted|p1a: TOP OF DA MORNIN\n|-damage|p1a: TOP OF DA MORNIN|11\/100\n|\n|-end|p2a: Dragapult|move: Future Sight\n|-damage|p2a: Dragapult|23\/100\n|upkeep\n|turn|46\n|\n|t:|1634019252\n|move|p1a: TOP OF DA MORNIN|Bullet Punch|p2a: Dragapult\n|-crit|p2a: Dragapult\n|-damage|p2a: Dragapult|0 fnt\n|faint|p2a: Dragapult\n|\n|upkeep\n|j|+Rosa \u263d\n|-message|galarian dragapult forfeited.\n|\n|win|0kay\n|raw|0kay's rating: 1719 &rarr; <strong>1740<\/strong><br \/>(+21 for winning)\n|raw|galarian dragapult's rating: 1733 &rarr; <strong>1712<\/strong><br \/>(-21 for losing)\n|l|\u2606galarian dragapult\n|l| SugoiServal\n|l| Lilo_Crz2\n","uploadtime":1634019270,"views":31,"p1id":"0kay","p2id":"galariandragapult","formatid":"gen8ou","rating":1712,"private":0,"password":null}