{"id":"gen8ou-1686244956","p1":"quixana","p2":"LT94JE Allistair","format":"gen8ou","log":"|html|<div class=\"broadcast-blue\"><strong>[Gen 8] OU is currently suspecting Melmetal! For information on how to participate check out the <a href=\"https:\/\/www.smogon.com\/forums\/threads\/np-ss-ou-suspect-process-round-12-monster-mash.3709234\/\">suspect thread<\/a>.<\/strong><\/div>\n|j|\u2606quixana\n|j|\u2606LT94JE Allistair\n|t:|1665822148\n|gametype|singles\n|player|p1|quixana|ethan-pokeathlon|1827\n|player|p2|LT94JE Allistair|102|1891\n|teamsize|p1|6\n|teamsize|p2|6\n|gen|8\n|tier|[Gen 8] OU\n|rated|\n|rule|Sleep Clause Mod: Limit one foe put to sleep\n|rule|Species Clause: Limit one of each Pok\u00e9mon\n|rule|OHKO Clause: OHKO moves are banned\n|rule|Evasion Items Clause: Evasion items are banned\n|rule|Evasion Moves Clause: Evasion moves are banned\n|rule|Endless Battle Clause: Forcing endless battles is banned\n|rule|HP Percentage Mod: HP is shown in percentages\n|rule|Dynamax Clause: You cannot dynamax\n|clearpoke\n|poke|p1|Dragapult, M|\n|poke|p1|Rotom-Wash|\n|poke|p1|Landorus-Therian, M|\n|poke|p1|Melmetal|\n|poke|p1|Weavile, M|\n|poke|p1|Kartana|\n|poke|p2|Mew|\n|poke|p2|Slurpuff, F|\n|poke|p2|Vanilluxe, F|\n|poke|p2|Tapu Fini|\n|poke|p2|Jirachi|\n|poke|p2|Tyranitar, M|\n|teampreview\n|\n|t:|1665822157\n|start\n|switch|p1a: Bandit|Weavile, M, shiny|100\/100\n|switch|p2a: Slurpuff|Slurpuff, F|100\/100\n|-ability|p1a: Bandit|Pressure\n|turn|1\n|\n|t:|1665822161\n|move|p1a: Bandit|Triple Axel|p2a: Slurpuff\n|-damage|p2a: Slurpuff|85\/100\n|-damage|p2a: Slurpuff|54\/100\n|-damage|p2a: Slurpuff|10\/100\n|-hitcount|p2a: Slurpuff|3\n|move|p2a: Slurpuff|Sticky Web|p1a: Bandit\n|-sidestart|p1: quixana|move: Sticky Web\n|\n|upkeep\n|turn|2\n|\n|t:|1665822171\n|switch|p1a: Leviathan|Dragapult, M, shiny|100\/100\n|-activate|p1a: Leviathan|move: Sticky Web\n|-unboost|p1a: Leviathan|spe|1\n|move|p2a: Slurpuff|Misty Explosion|p1a: Leviathan\n|-supereffective|p1a: Leviathan\n|-damage|p1a: Leviathan|12\/100\n|faint|p2a: Slurpuff\n|\n|upkeep\n|\n|t:|1665822183\n|switch|p2a: Vanilluxe|Vanilluxe, F|100\/100\n|-weather|Hail|[from] ability: Snow Warning|[of] p2a: Vanilluxe\n|turn|3\n|\n|t:|1665822186\n|switch|p1a: Fate|Melmetal, shiny|100\/100\n|-activate|p1a: Fate|move: Sticky Web\n|-unboost|p1a: Fate|spe|1\n|move|p2a: Vanilluxe|Aurora Veil|p2a: Vanilluxe\n|-sidestart|p2: LT94JE Allistair|move: Aurora Veil\n|\n|-weather|Hail|[upkeep]\n|-damage|p1a: Fate|94\/100|[from] Hail\n|upkeep\n|turn|4\n|\n|t:|1665822191\n|move|p2a: Vanilluxe|Taunt|p1a: Fate\n|-start|p1a: Fate|move: Taunt\n|move|p1a: Fate|Double Iron Bash|p2a: Vanilluxe\n|-supereffective|p2a: Vanilluxe\n|-damage|p2a: Vanilluxe|3\/100\n|-supereffective|p2a: Vanilluxe\n|-damage|p2a: Vanilluxe|0 fnt\n|faint|p2a: Vanilluxe\n|-hitcount|p2: Vanilluxe|2\n|\n|-weather|Hail|[upkeep]\n|-damage|p1a: Fate|88\/100|[from] Hail\n|upkeep\n|\n|t:|1665822197\n|switch|p2a: Jirachi|Jirachi|100\/100\n|turn|5\n|\n|t:|1665822203\n|switch|p1a: Enten|Landorus-Therian, M, shiny|100\/100\n|-ability|p1a: Enten|Intimidate|boost\n|-unboost|p2a: Jirachi|atk|1\n|move|p2a: Jirachi|Cosmic Power|p2a: Jirachi\n|-boost|p2a: Jirachi|def|1\n|-boost|p2a: Jirachi|spd|1\n|\n|-weather|Hail|[upkeep]\n|-damage|p2a: Jirachi|94\/100|[from] Hail\n|-damage|p1a: Enten|94\/100|[from] Hail\n|-heal|p1a: Enten|100\/100|[from] item: Leftovers\n|upkeep\n|turn|6\n|\n|t:|1665822210\n|move|p2a: Jirachi|Cosmic Power|p2a: Jirachi\n|-boost|p2a: Jirachi|def|1\n|-boost|p2a: Jirachi|spd|1\n|move|p1a: Enten|Defog|p2a: Jirachi\n|-unboost|p2a: Jirachi|evasion|1\n|-sideend|p2: LT94JE Allistair|move: Aurora Veil\n|-sideend|p1: quixana|Sticky Web|[from] move: Defog|[of] p1a: Enten\n|\n|-weather|Hail|[upkeep]\n|-damage|p2a: Jirachi|88\/100|[from] Hail\n|-damage|p1a: Enten|94\/100|[from] Hail\n|-heal|p1a: Enten|100\/100|[from] item: Leftovers\n|upkeep\n|turn|7\n|\n|t:|1665822219\n|switch|p1a: Bandit|Weavile, M, shiny|100\/100\n|-ability|p1a: Bandit|Pressure\n|move|p2a: Jirachi|Cosmic Power|p2a: Jirachi\n|-boost|p2a: Jirachi|def|1\n|-boost|p2a: Jirachi|spd|1\n|\n|-weather|none\n|upkeep\n|turn|8\n|\n|t:|1665822225\n|move|p1a: Bandit|Beat Up|p2a: Jirachi\n|-supereffective|p2a: Jirachi\n|-damage|p2a: Jirachi|79\/100\n|-enditem|p2a: Jirachi|Weakness Policy\n|-boost|p2a: Jirachi|atk|2|[from] item: Weakness Policy\n|-boost|p2a: Jirachi|spa|2|[from] item: Weakness Policy\n|-supereffective|p2a: Jirachi\n|-damage|p2a: Jirachi|74\/100\n|-supereffective|p2a: Jirachi\n|-damage|p2a: Jirachi|64\/100\n|-supereffective|p2a: Jirachi\n|-damage|p2a: Jirachi|55\/100\n|-supereffective|p2a: Jirachi\n|-damage|p2a: Jirachi|45\/100\n|-supereffective|p2a: Jirachi\n|-damage|p2a: Jirachi|32\/100\n|-hitcount|p2a: Jirachi|6\n|move|p2a: Jirachi|Aura Sphere|p1a: Bandit\n|-supereffective|p1a: Bandit\n|-damage|p1a: Bandit|0 fnt\n|faint|p1a: Bandit\n|\n|upkeep\n|j| Lord Sodium\n|\n|t:|1665822245\n|switch|p1a: Leviathan|Dragapult, M, shiny|12\/100\n|turn|9\n|\n|t:|1665822252\n|move|p1a: Leviathan|Shadow Ball|p2a: Jirachi\n|-supereffective|p2a: Jirachi\n|-damage|p2a: Jirachi|0 fnt\n|faint|p2a: Jirachi\n|\n|upkeep\n|\n|t:|1665822258\n|switch|p2a: Tyranitar|Tyranitar, M|100\/100\n|-weather|Sandstorm|[from] ability: Sand Stream|[of] p2a: Tyranitar\n|turn|10\n|\n|t:|1665822267\n|switch|p1a: Enten|Landorus-Therian, M, shiny|100\/100\n|-ability|p1a: Enten|Intimidate|boost\n|-unboost|p2a: Tyranitar|atk|1\n|move|p2a: Tyranitar|Dragon Dance|p2a: Tyranitar\n|-boost|p2a: Tyranitar|atk|1\n|-boost|p2a: Tyranitar|spe|1\n|\n|-weather|Sandstorm|[upkeep]\n|upkeep\n|turn|11\n|\n|t:|1665822275\n|move|p2a: Tyranitar|Dragon Dance|p2a: Tyranitar\n|-boost|p2a: Tyranitar|atk|1\n|-boost|p2a: Tyranitar|spe|1\n|move|p1a: Enten|U-turn|p2a: Tyranitar\n|-supereffective|p2a: Tyranitar\n|-damage|p2a: Tyranitar|57\/100\n|j| Palladiawa B\n|\n|t:|1665822280\n|switch|p1a: Fate|Melmetal, shiny|88\/100|[from]move: U-turn\n|\n|-weather|Sandstorm|[upkeep]\n|upkeep\n|turn|12\n|\n|t:|1665822284\n|move|p2a: Tyranitar|Earthquake|p1a: Fate\n|-supereffective|p1a: Fate\n|-damage|p1a: Fate|28\/100\n|move|p1a: Fate|Double Iron Bash|p2a: Tyranitar\n|-supereffective|p2a: Tyranitar\n|-damage|p2a: Tyranitar|0 fnt\n|faint|p2a: Tyranitar\n|-hitcount|p2: Tyranitar|1\n|\n|-weather|Sandstorm|[upkeep]\n|upkeep\n|\n|t:|1665822290\n|switch|p2a: Mew|Mew|100\/100\n|turn|13\n|\n|t:|1665822293\n|move|p2a: Mew|Cosmic Power|p2a: Mew\n|-boost|p2a: Mew|def|1\n|-boost|p2a: Mew|spd|1\n|move|p1a: Fate|Double Iron Bash|p2a: Mew\n|-damage|p2a: Mew|63\/100\n|-damage|p2a: Mew|21\/100\n|-hitcount|p2a: Mew|2\n|\n|-weather|Sandstorm|[upkeep]\n|-damage|p2a: Mew|15\/100|[from] Sandstorm\n|upkeep\n|turn|14\n|\n|t:|1665822297\n|move|p2a: Mew|Roost|p2a: Mew\n|-heal|p2a: Mew|65\/100\n|-singleturn|p2a: Mew|move: Roost\n|move|p1a: Fate|Double Iron Bash|p2a: Mew\n|-damage|p2a: Mew|27\/100\n|-damage|p2a: Mew|0 fnt\n|faint|p2a: Mew\n|-hitcount|p2: Mew|2\n|\n|-weather|none\n|upkeep\n|-message|LT94JE Allistair forfeited.\n|\n|win|quixana\n|raw|quixana's rating: 1827 &rarr; <strong>1851<\/strong><br \/>(+24 for winning)\n|raw|LT94JE Allistair's rating: 1891 &rarr; <strong>1867<\/strong><br \/>(-24 for losing)\n|l|\u2606LT94JE Allistair\n","uploadtime":1665822306,"views":31,"p1id":"quixana","p2id":"lt94jeallistair","formatid":"gen8ou","rating":1851,"private":0,"password":null}