{"id":"gen8ou-1664940626","p1":"dmt dreams","p2":"Gubolumpkinz","format":"gen8ou","log":"|j|\u203ddmt dreams\n|j|\u2606Gubolumpkinz\n|inactive|Battle timer is ON: inactive players will automatically lose when time's up.\n|t:|1663252846\n|gametype|singles\n|player|p1|dmt dreams|cynthia-gen4|\n|player|p2|Gubolumpkinz|xerosic|\n|teamsize|p1|6\n|teamsize|p2|6\n|gen|8\n|tier|[Gen 8] OU\n|rated|Tournament battle\n|rule|Sleep Clause Mod: Limit one foe put to sleep\n|rule|Species Clause: Limit one of each Pok\u00e9mon\n|rule|OHKO Clause: OHKO moves are banned\n|rule|Evasion Items Clause: Evasion items are banned\n|rule|Evasion Moves Clause: Evasion moves are banned\n|rule|Endless Battle Clause: Forcing endless battles is banned\n|rule|HP Percentage Mod: HP is shown in percentages\n|rule|Dynamax Clause: You cannot dynamax\n|clearpoke\n|poke|p1|Kartana|\n|poke|p1|Magnezone|\n|poke|p1|Tornadus-Therian, M|\n|poke|p1|Weavile, M|\n|poke|p1|Toxapex, M|\n|poke|p1|Garchomp, F|\n|poke|p2|Tornadus-Therian, M|\n|poke|p2|Bisharp, F|\n|poke|p2|Rillaboom, M|\n|poke|p2|Victini|\n|poke|p2|Swampert, M|\n|poke|p2|Kartana|\n|teampreview\n|\n|t:|1663252862\n|start\n|switch|p1a: Kartana|Kartana|100\/100\n|switch|p2a: Swampert|Swampert, M|100\/100\n|turn|1\n|\n|t:|1663252867\n|switch|p2a: Victini|Victini|100\/100\n|move|p1a: Kartana|Knock Off|p2a: Victini\n|-supereffective|p2a: Victini\n|-damage|p2a: Victini|21\/100\n|-enditem|p2a: Victini|Heavy-Duty Boots|[from] move: Knock Off|[of] p1a: Kartana\n|\n|upkeep\n|turn|2\n|\n|t:|1663252875\n|switch|p2a: Bisharp|Bisharp, F|100\/100\n|move|p1a: Kartana|Knock Off|p2a: Bisharp\n|-resisted|p2a: Bisharp\n|-damage|p2a: Bisharp|75\/100\n|-enditem|p2a: Bisharp|Choice Band|[from] move: Knock Off|[of] p1a: Kartana\n|\n|upkeep\n|turn|3\n|\n|t:|1663252880\n|move|p1a: Kartana|Sacred Sword|p2a: Bisharp\n|-supereffective|p2a: Bisharp\n|-damage|p2a: Bisharp|0 fnt\n|faint|p2a: Bisharp\n|-ability|p1a: Kartana|Beast Boost|boost\n|-boost|p1a: Kartana|atk|1\n|\n|upkeep\n|\n|t:|1663252888\n|switch|p2a: Tornadus|Tornadus-Therian, M|100\/100\n|turn|4\n|\n|t:|1663252891\n|switch|p1a: Toxapex|Toxapex, M|100\/100\n|move|p2a: Tornadus|Heat Wave|p1a: Toxapex\n|-resisted|p1a: Toxapex\n|-damage|p1a: Toxapex|91\/100\n|\n|-heal|p1a: Toxapex|97\/100|[from] item: Black Sludge\n|upkeep\n|turn|5\n|\n|t:|1663252894\n|switch|p2a: Swampert|Swampert, M|100\/100\n|move|p1a: Toxapex|Baneful Bunker||[still]\n|-fail|p1a: Toxapex\n|\n|-heal|p1a: Toxapex|100\/100|[from] item: Black Sludge\n|upkeep\n|turn|6\n|j| The art of\n|\n|t:|1663252899\n|move|p1a: Toxapex|Knock Off|p2a: Swampert\n|-damage|p2a: Swampert|87\/100\n|-enditem|p2a: Swampert|Leftovers|[from] move: Knock Off|[of] p1a: Toxapex\n|move|p2a: Swampert|Stealth Rock|p1a: Toxapex\n|-sidestart|p1: dmt dreams|move: Stealth Rock\n|\n|upkeep\n|turn|7\n|\n|t:|1663252902\n|move|p1a: Toxapex|Scald|p2a: Swampert\n|-damage|p2a: Swampert|75\/100\n|-status|p2a: Swampert|brn\n|move|p2a: Swampert|High Horsepower|p1a: Toxapex\n|-supereffective|p1a: Toxapex\n|-damage|p1a: Toxapex|76\/100\n|\n|-heal|p1a: Toxapex|83\/100|[from] item: Black Sludge\n|-damage|p2a: Swampert|69\/100 brn|[from] brn\n|upkeep\n|turn|8\n|\n|t:|1663252907\n|move|p1a: Toxapex|Scald|p2a: Swampert\n|-damage|p2a: Swampert|58\/100 brn\n|move|p2a: Swampert|Yawn|p1a: Toxapex\n|-start|p1a: Toxapex|move: Yawn|[of] p2a: Swampert\n|\n|-heal|p1a: Toxapex|89\/100|[from] item: Black Sludge\n|-damage|p2a: Swampert|52\/100 brn|[from] brn\n|upkeep\n|turn|9\n|\n|t:|1663252909\n|switch|p1a: Tornadus|Tornadus-Therian, M|100\/100\n|move|p2a: Swampert|Flip Turn|p1a: Tornadus\n|-damage|p1a: Tornadus|89\/100\n|\n|t:|1663252918\n|switch|p2a: Kartana|Kartana|100\/100|[from]move: Flip Turn\n|\n|upkeep\n|turn|10\n|\n|t:|1663252924\n|switch|p1a: Magnezone|Magnezone|100\/100\n|-damage|p1a: Magnezone|94\/100|[from] Stealth Rock\n|move|p2a: Kartana|Smart Strike|p1a: Magnezone\n|-resisted|p1a: Magnezone\n|-damage|p1a: Magnezone|83\/100\n|\n|-heal|p1a: Magnezone|89\/100|[from] item: Leftovers\n|upkeep\n|turn|11\n|-message|Gubolumpkinz forfeited.\n|\n|win|dmt dreams\n|n|\u203ddmt dreams|dmtdreams\n|n|\u2606Gubolumpkinz|gubolumpkinz\n|n| The art of|theartof\n","uploadtime":1663252934,"views":70,"p1id":"dmtdreams","p2id":"gubolumpkinz","formatid":"gen8ou","rating":0,"private":0,"password":null}