{"id":"gen8ou-1697129203","p1":"FENDINI","p2":"Sww-Suwa","format":"gen8ou","log":"|j|\u2606FENDINI\n|j|\u2606Sww-Suwa\n|inactive|Battle timer is ON: inactive players will automatically lose when time's up.\n|t:|1666969754\n|gametype|singles\n|player|p1|FENDINI|ethan-masters|\n|player|p2|Sww-Suwa|lass-gen6|\n|teamsize|p1|6\n|teamsize|p2|6\n|gen|8\n|tier|[Gen 8] OU\n|rated|Tournament battle\n|rule|Sleep Clause Mod: Limit one foe put to sleep\n|rule|Species Clause: Limit one of each Pok\u00e9mon\n|rule|OHKO Clause: OHKO moves are banned\n|rule|Evasion Items Clause: Evasion items are banned\n|rule|Evasion Moves Clause: Evasion moves are banned\n|rule|Endless Battle Clause: Forcing endless battles is banned\n|rule|HP Percentage Mod: HP is shown in percentages\n|rule|Dynamax Clause: You cannot dynamax\n|clearpoke\n|poke|p1|Gastly, M|\n|poke|p1|Wailmer, F|\n|poke|p1|Pincurchin, F|\n|poke|p1|Tangela, F|\n|poke|p1|Swinub, M|\n|poke|p1|Koffing, F|\n|poke|p2|Pincurchin, F|\n|poke|p2|Poliwag, F|\n|poke|p2|Gastly, F|\n|poke|p2|Solosis, F|\n|poke|p2|Wailmer, F|\n|poke|p2|Voltorb|\n|teampreview\n|c|\u2606Sww-Suwa|hf\n|c|\u2606FENDINI|hf\n|j| smoolicalt\n|inactive|FENDINI has 120 seconds left.\n|\n|t:|1666969808\n|start\n|switch|p1a: Swinub|Swinub, M|100\/100\n|switch|p2a: Pincurchin|Pincurchin, F, shiny|100\/100\n|turn|1\n|\n|t:|1666969814\n|move|p1a: Swinub|Earthquake|p2a: Pincurchin\n|-supereffective|p2a: Pincurchin\n|-damage|p2a: Pincurchin|46\/100\n|move|p2a: Pincurchin|Spikes|p1a: Swinub\n|-sidestart|p1: FENDINI|Spikes\n|\n|upkeep\n|turn|2\n|\n|t:|1666969820\n|move|p1a: Swinub|Earthquake|p2a: Pincurchin\n|-supereffective|p2a: Pincurchin\n|-damage|p2a: Pincurchin|0 fnt\n|faint|p2a: Pincurchin\n|\n|upkeep\n|\n|t:|1666969823\n|switch|p2a: Wailmer|Wailmer, F|100\/100\n|turn|3\n|\n|t:|1666969830\n|move|p2a: Wailmer|Water Spout|p1a: Swinub\n|-supereffective|p1a: Swinub\n|-enditem|p1a: Swinub|Focus Sash\n|-damage|p1a: Swinub|1\/100\n|move|p1a: Swinub|Earthquake|p2a: Wailmer\n|-damage|p2a: Wailmer|48\/100\n|\n|upkeep\n|turn|4\n|\n|t:|1666969841\n|switch|p1a: Tangela|Tangela, F|100\/100\n|-damage|p1a: Tangela|88\/100|[from] Spikes\n|move|p2a: Wailmer|Water Spout|p1a: Tangela\n|-resisted|p1a: Tangela\n|-damage|p1a: Tangela|71\/100\n|\n|-heal|p1a: Tangela|77\/100|[from] item: Leftovers\n|upkeep\n|turn|5\n|\n|t:|1666969854\n|move|p2a: Wailmer|Water Spout|p1a: Tangela\n|-resisted|p1a: Tangela\n|-damage|p1a: Tangela|60\/100\n|move|p1a: Tangela|Sleep Powder|p2a: Wailmer|[miss]\n|-miss|p1a: Tangela|p2a: Wailmer\n|\n|-heal|p1a: Tangela|66\/100|[from] item: Leftovers\n|upkeep\n|turn|6\n|\n|t:|1666969858\n|move|p2a: Wailmer|Water Spout|p1a: Tangela\n|-resisted|p1a: Tangela\n|-damage|p1a: Tangela|50\/100\n|move|p1a: Tangela|Giga Drain|p2a: Wailmer\n|-supereffective|p2a: Wailmer\n|-damage|p2a: Wailmer|0 fnt\n|-heal|p1a: Tangela|79\/100|[from] drain|[of] p2a: Wailmer\n|faint|p2a: Wailmer\n|\n|-heal|p1a: Tangela|85\/100|[from] item: Leftovers\n|upkeep\n|\n|t:|1666969861\n|switch|p2a: Gastly|Gastly, F, shiny|100\/100\n|turn|7\n|\n|t:|1666969867\n|switch|p1a: Swinub|Swinub, M|1\/100\n|-damage|p1a: Swinub|0 fnt|[from] Spikes\n|faint|p1a: Swinub\n|move|p2a: Gastly|Substitute|p2a: Gastly\n|-start|p2a: Gastly|Substitute\n|-damage|p2a: Gastly|75\/100\n|\n|upkeep\n|\n|t:|1666969886\n|switch|p1a: Wailmer|Wailmer, F|100\/100\n|-damage|p1a: Wailmer|88\/100|[from] Spikes\n|turn|8\n|\n|t:|1666969891\n|move|p1a: Wailmer|Surf|p2a: Gastly\n|-end|p2a: Gastly|Substitute\n|move|p2a: Gastly|Sludge Bomb|p1a: Wailmer\n|-damage|p1a: Wailmer|20\/100\n|\n|upkeep\n|turn|9\n|j| trxgic\u2605\n|\n|t:|1666969896\n|switch|p2a: Poliwag|Poliwag, F|100\/100\n|move|p1a: Wailmer|Surf|p2a: Poliwag\n|-immune|p2a: Poliwag|[from] ability: Water Absorb\n|\n|upkeep\n|turn|10\n|c| trxgic\u2605|setsu why are you unironically running poliwag\n|c| trxgic\u2605|besides as a kyogre switchin\n|j| yomaalt\n|j| Holy Peperoni\n|c|\u2606Sww-Suwa|watch\n|l| Holy Peperoni\n|j| A-sepower\n|c| smoolicalt|its about to sweep\n|c|\u2606FENDINI|i thought of tympole negl\n|inactive|FENDINI has 120 seconds left.\n|\n|t:|1666969933\n|switch|p1a: Tangela|Tangela, F|100\/100\n|-damage|p1a: Tangela|88\/100|[from] Spikes\n|move|p2a: Poliwag|Substitute|p2a: Poliwag\n|-start|p2a: Poliwag|Substitute\n|-damage|p2a: Poliwag|75\/100\n|\n|-heal|p1a: Tangela|94\/100|[from] item: Leftovers\n|upkeep\n|turn|11\n|c| yomaalt|belly drum poliwag fr?\n|\n|t:|1666969938\n|move|p2a: Poliwag|Belly Drum|p2a: Poliwag\n|-damage|p2a: Poliwag|25\/100\n|-setboost|p2a: Poliwag|atk|6|[from] move: Belly Drum\n|-enditem|p2a: Poliwag|Salac Berry|[eat]\n|-boost|p2a: Poliwag|spe|1|[from] item: Salac Berry\n|move|p1a: Tangela|Giga Drain|p2a: Poliwag\n|-supereffective|p2a: Poliwag\n|-end|p2a: Poliwag|Substitute\n|-heal|p1a: Tangela|100\/100|[from] drain|[of] p2a: Poliwag\n|\n|upkeep\n|turn|12\n|j| lebla28\n|c| yomaalt|poliwag sweep\n|c|\u2606FENDINI|oh it gets that LOL\n|inactive|FENDINI has 120 seconds left.\n|c|\u2606Sww-Suwa|this is gonna do like\n|c|\u2606Sww-Suwa|60\n|\n|t:|1666969960\n|move|p2a: Poliwag|Body Slam|p1a: Tangela\n|-damage|p1a: Tangela|41\/100\n|-status|p1a: Tangela|par\n|cant|p1a: Tangela|par\n|\n|-heal|p1a: Tangela|47\/100 par|[from] item: Leftovers\n|upkeep\n|turn|13\n|c| smoolicalt|srsly?\n|inactive|FENDINI has 120 seconds left.\n|c|\u2606FENDINI|beaten\n|c|\u2606Sww-Suwa|yo\n|c| trxgic\u2605|bro calced it perfectly\n|c| trxgic\u2605|insane\n|c| A-sepower|lmao\n|c| smoolicalt|poliwag has the swag\n|\n|t:|1666969976\n|move|p2a: Poliwag|Body Slam|p1a: Tangela\n|-crit|p1a: Tangela\n|-damage|p1a: Tangela|0 fnt\n|faint|p1a: Tangela\n|\n|upkeep\n|c| trxgic\u2605|poliswag\n|\n|t:|1666969977\n|switch|p1a: Koffing|Koffing, F|100\/100\n|turn|14\n|\n|t:|1666969981\n|move|p2a: Poliwag|Waterfall|p1a: Koffing\n|-damage|p1a: Koffing|16\/100\n|move|p1a: Koffing|Sludge Bomb|p2a: Poliwag\n|-damage|p2a: Poliwag|0 fnt\n|faint|p2a: Poliwag\n|\n|-heal|p1a: Koffing|22\/100|[from] item: Black Sludge\n|upkeep\n|c| A-sepower|rng momenr\n|c| A-sepower|moment*\n|c| yomaalt|momen\n|\n|t:|1666969990\n|switch|p2a: Voltorb|Voltorb, shiny|100\/100\n|turn|15\n|c| smoolicalt|imagine if it flinched\n|c| trxgic\u2605|that's why poliwag is eh\n|c| yomaalt|fr\n|c| trxgic\u2605|it's too weak\n|c| trxgic\u2605|even after drum\n|c| trxgic\u2605|i'm guessing it's ada?\n|c|\u2606FENDINI|was fearing the flinch negl LOL\n|j| ChiefGreenLeaf3\n|c| smoolicalt|it can clean up\n|inactive|FENDINI has 120 seconds left.\n|\n|t:|1666970012\n|move|p2a: Voltorb|Light Screen|p2a: Voltorb\n|-sidestart|p2: Sww-Suwa|move: Light Screen\n|move|p1a: Koffing|Toxic Spikes|p2a: Voltorb\n|-sidestart|p2: Sww-Suwa|move: Toxic Spikes\n|\n|-heal|p1a: Koffing|28\/100|[from] item: Black Sludge\n|upkeep\n|turn|16\n|n| Animemer|trxgic\n|j| Ftaochaphet\n|c| smoolicalt|and mess up offensive teams\n|\n|t:|1666970020\n|move|p2a: Voltorb|Reflect|p2a: Voltorb\n|-sidestart|p2: Sww-Suwa|Reflect\n|move|p1a: Koffing|Pain Split|p2a: Voltorb\n|-sethp|p2a: Voltorb|64\/100|[from] move: Pain Split|[silent]\n|-sethp|p1a: Koffing|64\/100|[from] move: Pain Split\n|\n|-heal|p1a: Koffing|70\/100|[from] item: Black Sludge\n|upkeep\n|turn|17\n|\n|t:|1666970026\n|switch|p1a: Gastly|Gastly, M|100\/100\n|move|p2a: Voltorb|Explosion|p1a: Gastly\n|-immune|p1a: Gastly\n|faint|p2a: Voltorb\n|\n|upkeep\n|c| Animemer|yea 10 billion fendini cleans up with specs gastly\n|\n|t:|1666970030\n|switch|p2a: Gastly|Gastly, F, shiny|75\/100\n|turn|18\n|c| Ftaochaphet|Dang\n|c| smoolicalt|it all comes down to the speed tie\n|c|\u2606FENDINI|no i think i lose to opposing\n|inactive|FENDINI has 120 seconds left.\n|c|\u2606FENDINI|this is black sludge\n|c| ChiefGreenLeaf3|setsu can still win\n|c|\u2606FENDINI|unless it kills thru screens\n|\n|t:|1666970071\n|move|p2a: Gastly|Substitute|p2a: Gastly\n|-start|p2a: Gastly|Substitute\n|-damage|p2a: Gastly|50\/100\n|move|p1a: Gastly|Shadow Ball|p2a: Gastly\n|-supereffective|p2a: Gastly\n|-end|p2a: Gastly|Substitute\n|\n|upkeep\n|turn|19\n|c| Animemer|specs gastly goes hard\n|c| Animemer|trust\n|c| Animemer|oh it's sub\n|c| smoolicalt|he can if he wins this speed tie, subs down to salac\n|c| Ftaochaphet|It will kills\n|c| smoolicalt|and sweeps\n|c|\u2606FENDINI|neither of us r specs\n|\n|t:|1666970091\n|move|p1a: Gastly|Shadow Ball|p2a: Gastly\n|-supereffective|p2a: Gastly\n|-damage|p2a: Gastly|0 fnt\n|faint|p2a: Gastly\n|\n|upkeep\n|\n|t:|1666970094\n|switch|p2a: Solosis|Solosis, F, shiny|100\/100\n|-status|p2a: Solosis|psn\n|turn|20\n|c| Ftaochaphet|Danggg\n|j| JasperM\n|\n|t:|1666970097\n|move|p1a: Gastly|Taunt|p2a: Solosis\n|-start|p2a: Solosis|move: Taunt\n|cant|p2a: Solosis|move: Taunt|Calm Mind\n|\n|upkeep\n|turn|21\n|c| ChiefGreenLeaf3|gg\n|inactive|FENDINI has 120 seconds left.\n|l| ChiefGreenLeaf3\n|c|\u2606FENDINI|gg\n|c|\u2606Sww-Suwa|ah damn\n|c| Animemer|but woldn't specs be the desired set\n|c| smoolicalt|why cm?\n|c| Animemer|459 spattk\n|c|\u2606FENDINI|i thought of specs\n|c|\u2606Sww-Suwa|maybe\n|c|\u2606Sww-Suwa|i can still win\n|c|\u2606FENDINI|but i rlly like the idea of taunt\n|c| smoolicalt|what am i missing?\n|c|\u2606Sww-Suwa|lets see\n|\n|t:|1666970126\n|move|p1a: Gastly|Shadow Ball|p2a: Solosis\n|-supereffective|p2a: Solosis\n|-damage|p2a: Solosis|37\/100 psn\n|-enditem|p2a: Solosis|Maranga Berry|[eat]\n|-boost|p2a: Solosis|spd|1|[from] item: Maranga Berry\n|move|p2a: Solosis|Stored Power|p1a: Gastly\n|-supereffective|p1a: Gastly\n|-damage|p1a: Gastly|0 fnt\n|faint|p1a: Gastly\n|\n|upkeep\n|c| Ftaochaphet|Suwa didn't shadow ball but used sub, why tho\n|\n|t:|1666970128\n|switch|p1a: Pincurchin|Pincurchin, F|100\/100\n|-damage|p1a: Pincurchin|88\/100|[from] Spikes\n|-fieldstart|move: Electric Terrain|[from] ability: Electric Surge|[of] p1a: Pincurchin\n|turn|22\n|c| Animemer|maranga stored power is crazy\n|\n|t:|1666970140\n|move|p2a: Solosis|Stored Power|p1a: Pincurchin\n|-damage|p1a: Pincurchin|69\/100\n|move|p1a: Pincurchin|Hex|p2a: Solosis\n|-supereffective|p2a: Solosis\n|-damage|p2a: Solosis|0 fnt\n|faint|p2a: Solosis\n|\n|win|FENDINI\n|n|\u2606FENDINI|fendini\n|n|\u2606Sww-Suwa|swwsuwa\n|n| smoolicalt|smoolicalt\n|n| yomaalt|yomaalt\n|n| A-sepower|asepower\n|n| lebla28|lebla28\n|n| Animemer|animemer\n|n| Ftaochaphet|ftaochaphet\n|n| JasperM|jasperm\n|c|\u2606Sww-Suwa|ggs\n|c| Animemer|but not enough\n|l| JasperM\n|c|\u2606FENDINI|ggs\n|l| A-sepower\n|l| Animemer\n","uploadtime":1666970152,"views":23,"p1id":"fendini","p2id":"swwsuwa","formatid":"gen8ou","rating":0,"private":0,"password":null}