{"id":"gen8ou-1624212641","p1":"Sww-Suwa","p2":"cogonahorse","format":"gen8ou","log":"|j|\u2606Sww-Suwa\n|j|\u2606cogonahorse\n|inactive|Battle timer is ON: inactive players will automatically lose when time's up.\n|t:|1658677375\n|gametype|singles\n|player|p1|Sww-Suwa|lisia|\n|player|p2|cogonahorse|hilbert-wonderlauncher|\n|teamsize|p1|6\n|teamsize|p2|6\n|gen|8\n|tier|[Gen 8] OU\n|rated|Tournament battle\n|rule|Sleep Clause Mod: Limit one foe put to sleep\n|rule|Species Clause: Limit one of each Pok\u00e9mon\n|rule|OHKO Clause: OHKO moves are banned\n|rule|Evasion Moves Clause: Evasion moves are banned\n|rule|Endless Battle Clause: Forcing endless battles is banned\n|rule|HP Percentage Mod: HP is shown in percentages\n|rule|Dynamax Clause: You cannot dynamax\n|clearpoke\n|poke|p1|Weavile, M|\n|poke|p1|Hawlucha, F|\n|poke|p1|Regieleki|\n|poke|p1|Zeraora|\n|poke|p1|Tapu Koko|\n|poke|p1|Azelf|\n|poke|p2|Ninetales-Alola, M|\n|poke|p2|Heatran, M|\n|poke|p2|Dragapult, M|\n|poke|p2|Hawlucha, F|\n|poke|p2|Garchomp, M|\n|poke|p2|Cloyster, F|\n|teampreview\n|c|\u2606Sww-Suwa|hf\n|j| BT89\n|c|\u2606cogonahorse|hf\n|c| BT89|reveal scarf azelf\n|\n|t:|1658677396\n|start\n|switch|p1a: Azelf|Azelf|100\/100\n|switch|p2a: Cloyster|Cloyster, F|100\/100\n|turn|1\n|\n|t:|1658677406\n|move|p1a: Azelf|Taunt|p2a: Cloyster\n|-start|p2a: Cloyster|move: Taunt\n|cant|p2a: Cloyster|move: Taunt|Shell Smash\n|\n|upkeep\n|turn|2\n|\n|t:|1658677408\n|move|p1a: Azelf|Stealth Rock|p2a: Cloyster\n|-sidestart|p2: cogonahorse|move: Stealth Rock\n|move|p2a: Cloyster|Icicle Spear|p1a: Azelf\n|-enditem|p2a: Cloyster|Ice Gem|[from] gem\n|-damage|p1a: Azelf|77\/100\n|-damage|p1a: Azelf|53\/100\n|-damage|p1a: Azelf|30\/100\n|-damage|p1a: Azelf|7\/100\n|-damage|p1a: Azelf|0 fnt\n|faint|p1a: Azelf\n|-hitcount|p1: Azelf|5\n|\n|upkeep\n|j| innovamania\n|c|\u2606Sww-Suwa|damn that's strong af\n|c| BT89|YOO\n|c| BT89|that goes hard\n|j| Ad.... 067 \u30c4\n|inactive|Sww-Suwa has 120 seconds left.\n|l| BT89\n|l| Ad.... 067 \u30c4\n|\n|t:|1658677454\n|switch|p1a: Tapu Koko|Tapu Koko, shiny|100\/100\n|-fieldstart|move: Electric Terrain|[from] ability: Electric Surge|[of] p1a: Tapu Koko\n|turn|3\n|j| pikablu007\n|l| pikablu007\n|\n|t:|1658677479\n|move|p1a: Tapu Koko|Calm Mind|p1a: Tapu Koko\n|-boost|p1a: Tapu Koko|spa|1\n|-boost|p1a: Tapu Koko|spd|1\n|move|p2a: Cloyster|Icicle Spear|p1a: Tapu Koko\n|-damage|p1a: Tapu Koko|85\/100\n|-damage|p1a: Tapu Koko|69\/100\n|-crit|p1a: Tapu Koko\n|-damage|p1a: Tapu Koko|46\/100\n|-damage|p1a: Tapu Koko|29\/100\n|-damage|p1a: Tapu Koko|12\/100\n|-hitcount|p1a: Tapu Koko|5\n|\n|-end|p2a: Cloyster|move: Taunt\n|upkeep\n|turn|4\n|inactive|Sww-Suwa has 120 seconds left.\n|\n|t:|1658677490\n|move|p1a: Tapu Koko|Thunderbolt|p2a: Cloyster\n|-supereffective|p2a: Cloyster\n|-damage|p2a: Cloyster|0 fnt\n|faint|p2a: Cloyster\n|\n|upkeep\n|c|\u2606Sww-Suwa|thankfully\n|\n|t:|1658677495\n|switch|p2a: Heatran|Heatran, M|100\/100\n|-damage|p2a: Heatran|88\/100|[from] Stealth Rock\n|turn|5\n|c|\u2606Sww-Suwa|that wasnt shard\n|\n|t:|1658677512\n|move|p1a: Tapu Koko|Thunderbolt|p2a: Heatran\n|-damage|p2a: Heatran|20\/100\n|move|p2a: Heatran|Eruption|p1a: Tapu Koko\n|-enditem|p2a: Heatran|Fire Gem|[from] gem\n|-damage|p1a: Tapu Koko|0 fnt\n|faint|p1a: Tapu Koko\n|\n|upkeep\n|inactive|Sww-Suwa has 120 seconds left.\n|c| innovamania|thats a lot of electric types\n|\n|t:|1658677537\n|switch|p1a: Regieleki|Regieleki|100\/100\n|turn|6\n|\n|t:|1658677543\n|move|p1a: Regieleki|Wild Charge|p2a: Heatran\n|-damage|p2a: Heatran|0 fnt\n|faint|p2a: Heatran\n|-damage|p1a: Regieleki|95\/100|[from] Recoil\n|\n|upkeep\n|c|\u2606cogonahorse|cool\n|\n|t:|1658677564\n|switch|p2a: Garchomp|Garchomp, M|100\/100\n|-damage|p2a: Garchomp|94\/100|[from] Stealth Rock\n|turn|7\n|inactive|cogonahorse has 120 seconds left.\n|\n|t:|1658677582\n|switch|p2a: Dragapult|Dragapult, M|100\/100\n|-damage|p2a: Dragapult|88\/100|[from] Stealth Rock\n|move|p1a: Regieleki|Explosion|p2a: Dragapult\n|-immune|p2a: Dragapult\n|faint|p1a: Regieleki\n|\n|-fieldend|move: Electric Terrain\n|upkeep\n|c|\u2606Sww-Suwa|was that so obvious?\n|\n|t:|1658677592\n|switch|p1a: Zeraora|Zeraora, shiny|100\/100\n|turn|8\n|c|\u2606cogonahorse|i wasn''t sure\n|c|\u2606cogonahorse|so i just happened to guess right\n|\n|t:|1658677604\n|switch|p2a: Garchomp|Garchomp, M|94\/100\n|-damage|p2a: Garchomp|88\/100|[from] Stealth Rock\n|move|p1a: Zeraora|Bulk Up|p1a: Zeraora\n|-boost|p1a: Zeraora|atk|1\n|-boost|p1a: Zeraora|def|1\n|\n|upkeep\n|turn|9\n|j| Fitzcarraldo\n|\n|t:|1658677615\n|switch|p1a: Hawlucha|Hawlucha, F|100\/100\n|move|p2a: Garchomp|Scale Shot|p1a: Hawlucha|[miss]\n|-miss|p2a: Garchomp|p1a: Hawlucha\n|\n|upkeep\n|turn|10\n|c|\u2606Sww-Suwa|o dam\n|inactive|cogonahorse has 120 seconds left.\n|inactive|cogonahorse has 90 seconds left.\n|\n|t:|1658677674\n|move|p1a: Hawlucha|Acrobatics|p2a: Garchomp\n|-enditem|p1a: Hawlucha|Flying Gem|[from] gem\n|-damage|p2a: Garchomp|27\/100\n|-damage|p1a: Hawlucha|88\/100|[from] ability: Rough Skin|[of] p2a: Garchomp\n|move|p2a: Garchomp|Aqua Tail|p1a: Hawlucha\n|-enditem|p2a: Garchomp|Water Gem|[from] gem\n|-damage|p1a: Hawlucha|33\/100\n|\n|upkeep\n|turn|11\n|\n|t:|1658677685\n|move|p1a: Hawlucha|Acrobatics|p2a: Garchomp\n|-damage|p2a: Garchomp|0 fnt\n|-damage|p1a: Hawlucha|21\/100|[from] ability: Rough Skin|[of] p2a: Garchomp\n|faint|p2a: Garchomp\n|\n|upkeep\n|\n|t:|1658677688\n|switch|p2a: Ninetales|Ninetales-Alola, M|100\/100\n|-damage|p2a: Ninetales|76\/100|[from] Stealth Rock\n|-weather|Hail|[from] ability: Snow Warning|[of] p2a: Ninetales\n|turn|12\n|\n|t:|1658677693\n|move|p1a: Hawlucha|Close Combat|p2a: Ninetales\n|-damage|p2a: Ninetales|14\/100\n|-unboost|p1a: Hawlucha|def|1\n|-unboost|p1a: Hawlucha|spd|1\n|move|p2a: Ninetales|Freeze-Dry|p1a: Hawlucha\n|-enditem|p2a: Ninetales|Ice Gem|[from] gem\n|-supereffective|p1a: Hawlucha\n|-damage|p1a: Hawlucha|0 fnt\n|faint|p1a: Hawlucha\n|\n|-weather|Hail|[upkeep]\n|upkeep\n|\n|t:|1658677708\n|switch|p1a: Weavile|Weavile, M|100\/100\n|turn|13\n|\n|t:|1658677714\n|move|p1a: Weavile|Knock Off|p2a: Ninetales\n|-resisted|p2a: Ninetales\n|-damage|p2a: Ninetales|0 fnt\n|faint|p2a: Ninetales\n|\n|-weather|Hail|[upkeep]\n|upkeep\n|\n|t:|1658677717\n|switch|p2a: Dragapult|Dragapult, M|88\/100\n|-damage|p2a: Dragapult|76\/100|[from] Stealth Rock\n|turn|14\n|inactive|cogonahorse has 90 seconds left.\n|\n|t:|1658677752\n|move|p1a: Weavile|Ice Shard|p2a: Dragapult\n|-enditem|p1a: Weavile|Ice Gem|[from] gem\n|-supereffective|p2a: Dragapult\n|-damage|p2a: Dragapult|0 fnt\n|faint|p2a: Dragapult\n|\n|-weather|Hail|[upkeep]\n|upkeep\n|\n|t:|1658677755\n|switch|p2a: Hawlucha|Hawlucha, F|100\/100\n|-damage|p2a: Hawlucha|88\/100|[from] Stealth Rock\n|turn|15\n|\n|t:|1658677772\n|move|p1a: Weavile|Ice Shard|p2a: Hawlucha\n|-supereffective|p2a: Hawlucha\n|-damage|p2a: Hawlucha|35\/100\n|move|p2a: Hawlucha|Acrobatics|p1a: Weavile\n|-enditem|p2a: Hawlucha|Flying Gem|[from] gem\n|-damage|p1a: Weavile|0 fnt\n|faint|p1a: Weavile\n|\n|-weather|Hail|[upkeep]\n|-damage|p2a: Hawlucha|29\/100|[from] Hail\n|upkeep\n|\n|t:|1658677774\n|switch|p1a: Zeraora|Zeraora, shiny|100\/100\n|turn|16\n|\n|t:|1658677778\n|move|p2a: Hawlucha|Close Combat|p1a: Zeraora\n|-damage|p1a: Zeraora|30\/100\n|-unboost|p2a: Hawlucha|def|1\n|-unboost|p2a: Hawlucha|spd|1\n|move|p1a: Zeraora|Plasma Fists|p2a: Hawlucha\n|-supereffective|p2a: Hawlucha\n|-damage|p2a: Hawlucha|0 fnt\n|-fieldactivate|move: Ion Deluge\n|-hint|Normal-type moves become Electric-type after using Plasma Fists.\n|faint|p2a: Hawlucha\n|\n|win|Sww-Suwa\n|n|\u2606Sww-Suwa|swwsuwa\n|n|\u2606cogonahorse|cogonahorse\n|n| innovamania|innovamania\n|n| Fitzcarraldo|fitzcarraldo\n|c|\u2606cogonahorse|gg\n|c|\u2606Sww-Suwa|rip srry\n|l|\u2606Sww-Suwa\n|c|\u2606cogonahorse|no big deal, I don't think the rng mattered too much\n","uploadtime":1658677785,"views":93,"p1id":"swwsuwa","p2id":"cogonahorse","formatid":"gen8ou","rating":0,"private":0,"password":null}