{"id":"gen8ou-1254230891","p1":"pigmasters32","p2":"legitteambuilder","format":"gen8ou","log":"|j|\u2606pigmasters32\n|j|\u2606legitteambuilder\n|inactive|Battle timer is ON: inactive players will automatically lose when time's up.\n|t:|1609545610\n|player|p1|pigmasters32|n|\n|player|p2|legitteambuilder|lance|\n|teamsize|p1|6\n|teamsize|p2|6\n|gametype|singles\n|gen|8\n|tier|[Gen 8] OU\n|rated|Tournament battle\n|clearpoke\n|poke|p1|Chansey, F|\n|poke|p1|Urshifu-*, M|\n|poke|p1|Dragapult, F|\n|poke|p1|Moltres|\n|poke|p1|Ferrothorn, F|\n|poke|p1|Clefable, M|\n|poke|p2|Azumarill, F|\n|poke|p2|Regieleki|\n|poke|p2|Buzzwole|\n|poke|p2|Spectrier|\n|poke|p2|Landorus-Therian, M|\n|poke|p2|Kartana|\n|rule|Sleep Clause Mod: Limit one foe put to sleep\n|rule|Species Clause: Limit one of each Pok\u00e9mon\n|rule|OHKO Clause: OHKO moves are banned\n|rule|Evasion Moves Clause: Evasion moves are banned\n|rule|Endless Battle Clause: Forcing endless battles is banned\n|rule|HP Percentage Mod: HP is shown in percentages\n|rule|Dynamax Clause: You cannot dynamax\n|teampreview\n|j| Vessev\n|c|\u2606pigmasters32|glhf\n|c|\u2606legitteambuilder|u2 :]\n|inactive|pigmasters32 has 120 seconds left.\n|j| Appleking123\n|j| JDiggity\n|\n|t:|1609545650\n|start\n|switch|p1a: my ex wife|Ferrothorn, F|100\/100\n|switch|p2a: Electro kid|Regieleki|100\/100\n|turn|1\n|l| Appleking123\n|\n|t:|1609545671\n|move|p2a: Electro kid|Volt Switch|p1a: my ex wife\n|-resisted|p1a: my ex wife\n|-damage|p1a: my ex wife|80\/100\n|\n|t:|1609545674\n|switch|p2a: Land'R'Us|Landorus-Therian, M, shiny|100\/100|[from]move: Volt Switch\n|-ability|p2a: Land'R'Us|Intimidate|boost\n|-unboost|p1a: my ex wife|atk|1\n|move|p1a: my ex wife|Gyro Ball|p2a: Land'R'Us\n|-damage|p2a: Land'R'Us|48\/100\n|\n|-heal|p1a: my ex wife|86\/100|[from] item: Leftovers\n|upkeep\n|turn|2\n|\n|t:|1609545699\n|move|p2a: Land'R'Us|Stealth Rock|p1a: my ex wife\n|-sidestart|p1: pigmasters32|move: Stealth Rock\n|move|p1a: my ex wife|Stealth Rock|p2a: Land'R'Us\n|-sidestart|p2: legitteambuilder|move: Stealth Rock\n|\n|-heal|p1a: my ex wife|92\/100|[from] item: Leftovers\n|upkeep\n|turn|3\n|j| venson04\n|\n|t:|1609545704\n|move|p2a: Land'R'Us|Earthquake|p1a: my ex wife\n|-damage|p1a: my ex wife|50\/100\n|move|p1a: my ex wife|Gyro Ball|p2a: Land'R'Us\n|-crit|p2a: Land'R'Us\n|-damage|p2a: Land'R'Us|0 fnt\n|faint|p2a: Land'R'Us\n|\n|-heal|p1a: my ex wife|57\/100|[from] item: Leftovers\n|upkeep\n|\n|t:|1609545717\n|switch|p2a: NBAYB listener|Buzzwole|100\/100\n|-damage|p2a: NBAYB listener|88\/100|[from] Stealth Rock\n|turn|4\n|\n|t:|1609545721\n|move|p1a: my ex wife|Protect|p1a: my ex wife\n|-singleturn|p1a: my ex wife|Protect\n|move|p2a: NBAYB listener|Bulk Up|p2a: NBAYB listener\n|-boost|p2a: NBAYB listener|atk|1\n|-boost|p2a: NBAYB listener|def|1\n|\n|-heal|p2a: NBAYB listener|94\/100|[from] item: Leftovers\n|-heal|p1a: my ex wife|63\/100|[from] item: Leftovers\n|upkeep\n|turn|5\n|\n|t:|1609545724\n|move|p2a: NBAYB listener|Drain Punch|p1a: my ex wife\n|-supereffective|p1a: my ex wife\n|-damage|p1a: my ex wife|0 fnt\n|-heal|p2a: NBAYB listener|100\/100|[from] drain|[of] p1a: my ex wife\n|-damage|p2a: NBAYB listener|88\/100|[from] ability: Iron Barbs|[of] p1a: my ex wife\n|faint|p1a: my ex wife\n|-ability|p2a: NBAYB listener|Beast Boost|boost\n|-boost|p2a: NBAYB listener|atk|1\n|\n|-heal|p2a: NBAYB listener|94\/100|[from] item: Leftovers\n|upkeep\n|c|\u2606pigmasters32|that name is funny\n|\n|t:|1609545750\n|switch|p1a: Joaquin|Moltres|100\/100\n|turn|6\n|\n|t:|1609545756\n|move|p1a: Joaquin|Hurricane|p2a: NBAYB listener\n|-supereffective|p2a: NBAYB listener\n|-damage|p2a: NBAYB listener|0 fnt\n|faint|p2a: NBAYB listener\n|\n|upkeep\n|c|\u2606legitteambuilder|thank\n|c|\u2606legitteambuilder|s\n|\n|t:|1609545764\n|switch|p2a: Electro kid|Regieleki|100\/100\n|-damage|p2a: Electro kid|88\/100|[from] Stealth Rock\n|turn|7\n|c|\u2606legitteambuilder|hahahha\n|c|\u2606legitteambuilder|phoenix\n|j| X-Wing Fighter\n|inactive|legitteambuilder has 120 seconds left.\n|\n|t:|1609545801\n|switch|p1a: canada|Chansey, F|100\/100\n|-damage|p1a: canada|88\/100|[from] Stealth Rock\n|move|p2a: Electro kid|Volt Switch|p1a: canada\n|-damage|p1a: canada|74\/100\n|\n|t:|1609545810\n|switch|p2a: Awoomarill|Azumarill, F, shiny|100\/100|[from]move: Volt Switch\n|-damage|p2a: Awoomarill|88\/100|[from] Stealth Rock\n|\n|upkeep\n|turn|8\n|c|\u2606pigmasters32|most people I lay against point out my ferro's name\n|inactive|legitteambuilder has 120 seconds left.\n|\n|t:|1609545828\n|move|p2a: Awoomarill|Belly Drum|p2a: Awoomarill\n|-damage|p2a: Awoomarill|38\/100\n|-setboost|p2a: Awoomarill|atk|6|[from] move: Belly Drum\n|-enditem|p2a: Awoomarill|Sitrus Berry|[eat]\n|-heal|p2a: Awoomarill|63\/100|[from] item: Sitrus Berry\n|move|p1a: canada|Counter||[still]\n|-fail|p1a: canada\n|\n|upkeep\n|turn|9\n|c|\u2606legitteambuilder|wich was good too\n|\n|t:|1609545855\n|switch|p1a: po|Urshifu, M, shiny|100\/100\n|-damage|p1a: po|94\/100|[from] Stealth Rock\n|move|p2a: Awoomarill|Knock Off|p1a: po\n|-resisted|p1a: po\n|-damage|p1a: po|51\/100\n|-enditem|p1a: po|Life Orb|[from] move: Knock Off|[of] p2a: Awoomarill\n|\n|upkeep\n|turn|10\n|c|\u2606legitteambuilder|how dare you call him po\n|c|\u2606legitteambuilder|and not tai lung\n|inactive|legitteambuilder has 90 seconds left.\n|\n|t:|1609545872\n|move|p1a: po|Sucker Punch|p2a: Awoomarill\n|-resisted|p2a: Awoomarill\n|-damage|p2a: Awoomarill|42\/100\n|move|p2a: Awoomarill|Aqua Jet|p1a: po\n|-damage|p1a: po|0 fnt\n|faint|p1a: po\n|\n|upkeep\n|c|\u2606pigmasters32|that's my name for zeraora\n|\n|t:|1609545896\n|switch|p1a: Mrs. Johnson|Clefable, M|100\/100\n|-damage|p1a: Mrs. Johnson|88\/100|[from] Stealth Rock\n|turn|11\n|\n|t:|1609545900\n|move|p2a: Awoomarill|Play Rough|p1a: Mrs. Johnson|[miss]\n|-miss|p2a: Awoomarill|p1a: Mrs. Johnson\n|move|p1a: Mrs. Johnson|Thunderbolt|p2a: Awoomarill\n|-supereffective|p2a: Awoomarill\n|-damage|p2a: Awoomarill|0 fnt\n|faint|p2a: Awoomarill\n|\n|-heal|p1a: Mrs. Johnson|94\/100|[from] item: Leftovers\n|upkeep\n|\n|t:|1609545920\n|switch|p2a: Electro kid|Regieleki|88\/100\n|-damage|p2a: Electro kid|76\/100|[from] Stealth Rock\n|turn|12\n|\n|t:|1609545929\n|switch|p1a: clever name|Dragapult, F, shiny|100\/100\n|-damage|p1a: clever name|88\/100|[from] Stealth Rock\n|move|p2a: Electro kid|Light Screen|p2a: Electro kid\n|-sidestart|p2: legitteambuilder|move: Light Screen\n|\n|upkeep\n|turn|13\n|\n|t:|1609545933\n|switch|p1a: canada|Chansey, F|74\/100\n|-damage|p1a: canada|61\/100|[from] Stealth Rock\n|move|p2a: Electro kid|Volt Switch|p1a: canada\n|-damage|p1a: canada|48\/100\n|\n|t:|1609545938\n|switch|p2a: it's ova|Kartana, shiny|100\/100|[from]move: Volt Switch\n|-damage|p2a: it's ova|94\/100|[from] Stealth Rock\n|\n|upkeep\n|turn|14\n|inactive|legitteambuilder has 120 seconds left.\n|\n|t:|1609545952\n|switch|p1a: Joaquin|Moltres|100\/100\n|move|p2a: it's ova|Knock Off|p1a: Joaquin\n|-damage|p1a: Joaquin|65\/100\n|-enditem|p1a: Joaquin|Heavy-Duty Boots|[from] move: Knock Off|[of] p2a: it's ova\n|\n|upkeep\n|turn|15\n|inactive|legitteambuilder has 120 seconds left.\n|\n|t:|1609545968\n|switch|p2a: Prince|Spectrier|100\/100\n|-damage|p2a: Prince|88\/100|[from] Stealth Rock\n|move|p1a: Joaquin|Defog|p2a: Prince\n|-unboost|p2a: Prince|evasion|1\n|-sideend|p2: legitteambuilder|move: Light Screen\n|-sideend|p2: legitteambuilder|Stealth Rock|[from] move: Defog|[of] p1a: Joaquin\n|-sideend|p1: pigmasters32|Stealth Rock|[from] move: Defog|[of] p1a: Joaquin\n|\n|-heal|p2a: Prince|94\/100|[from] item: Leftovers\n|upkeep\n|turn|16\n|inactive|legitteambuilder has 120 seconds left.\n|j| o0oaZ0\n|c|\u2606legitteambuilder|crap needed rocks\n|\n|t:|1609545990\n|switch|p2a: it's ova|Kartana, shiny|94\/100\n|switch|p1a: Mrs. Johnson|Clefable, M|94\/100\n|\n|-heal|p1a: Mrs. Johnson|99\/100|[from] item: Leftovers\n|upkeep\n|turn|17\n|\n|t:|1609545996\n|switch|p1a: Joaquin|Moltres|65\/100\n|move|p2a: it's ova|Swords Dance|p2a: it's ova\n|-boost|p2a: it's ova|atk|2\n|\n|upkeep\n|turn|18\n|\n|t:|1609546001\n|move|p2a: it's ova|Knock Off|p1a: Joaquin\n|-damage|p1a: Joaquin|19\/100\n|move|p1a: Joaquin|Flamethrower|p2a: it's ova\n|-supereffective|p2a: it's ova\n|-damage|p2a: it's ova|0 fnt\n|faint|p2a: it's ova\n|\n|upkeep\n|j| AydenChadEasterly\n|c|\u2606legitteambuilder|ye its ova\n|j| TheClimbGrind\n|inactive|legitteambuilder has 120 seconds left.\n|\n|t:|1609546016\n|switch|p2a: Electro kid|Regieleki|76\/100\n|turn|19\n|j|@Ox the Fox\n|\n|t:|1609546019\n|move|p2a: Electro kid|Volt Switch|p1a: Joaquin\n|-supereffective|p1a: Joaquin\n|-crit|p1a: Joaquin\n|-damage|p1a: Joaquin|0 fnt\n|faint|p1a: Joaquin\n|\n|t:|1609546023\n|switch|p2a: Prince|Spectrier|94\/100|[from]move: Volt Switch\n|\n|-heal|p2a: Prince|99\/100|[from] item: Leftovers\n|upkeep\n|\n|t:|1609546026\n|switch|p1a: clever name|Dragapult, F, shiny|88\/100\n|turn|20\n|\n|t:|1609546029\n|move|p1a: clever name|Shadow Ball|p2a: Prince\n|-supereffective|p2a: Prince\n|-damage|p2a: Prince|0 fnt\n|faint|p2a: Prince\n|\n|upkeep\n|\n|t:|1609546033\n|switch|p2a: Electro kid|Regieleki|76\/100\n|turn|21\n|j| AmphibiansRiseUp\n|c|\u2606legitteambuilder|gg\n|\n|t:|1609546036\n|move|p2a: Electro kid|Explosion|p1a: clever name\n|-immune|p1a: clever name\n|faint|p2a: Electro kid\n|\n|win|pigmasters32\n|n|\u2606pigmasters32|pigmasters32\n|n|\u2606legitteambuilder|legitteambuilder\n|n| Vessev|vessev\n|n| JDiggity|jdiggity\n|n| venson04|venson04\n|n| X-Wing Fighter|xwingfighter\n|n| o0oaZ0|o0oaz0\n|n| AydenChadEasterly|aydenchadeasterly\n|n| TheClimbGrind|theclimbgrind\n|n|+Ox the Fox|oxthefox\n|n| AmphibiansRiseUp|amphibiansriseup\n|l|\u2606legitteambuilder\n|c|\u2606pigmasters32|gg\n|l|\u2606pigmasters32\n|l| venson04\n|l| X-Wing Fighter\n|l| AydenChadEasterly\n|l| TheClimbGrind\n|l| JDiggity\n|l| AmphibiansRiseUp\n","uploadtime":1609546267,"views":21,"p1id":"pigmasters32","p2id":"legitteambuilder","formatid":"gen8ou","rating":0,"private":0,"password":null}