{"id":"gen8ou-1091165138","p1":"Storm Zone","p2":"testotesto321","format":"gen8ou","log":"|j|\u2606Storm Zone\n|j|\u2606testotesto321\n|player|p1|Storm Zone|zinnia|1702\n|player|p2|testotesto321|bellelba|1687\n|teamsize|p1|6\n|teamsize|p2|6\n|gametype|singles\n|gen|8\n|tier|[Gen 8] OU\n|rated|\n|clearpoke\n|poke|p1|Ninetales, M|\n|poke|p1|Venusaur, M|\n|poke|p1|Rhyperior, M|\n|poke|p1|Togekiss, M|\n|poke|p1|Aegislash, M|\n|poke|p1|Darmanitan, M|\n|poke|p2|Weavile, M|\n|poke|p2|Zeraora|\n|poke|p2|Gengar, F|\n|poke|p2|Kommo-o, M|\n|poke|p2|Corviknight, F|\n|poke|p2|Toxapex, F|\n|rule|Sleep Clause Mod: Limit one foe put to sleep\n|rule|Species Clause: Limit one of each Pok\u00e9mon\n|rule|OHKO Clause: OHKO moves are banned\n|rule|Evasion Moves Clause: Evasion moves are banned\n|rule|Endless Battle Clause: Forcing endless battles is banned\n|rule|HP Percentage Mod: HP is shown in percentages\n|rule|Dynamax Clause: You cannot dynamax\n|teampreview\n|\n|start\n|switch|p1a: Mortar|Rhyperior, M|100\/100\n|switch|p2a: Kommo-o|Kommo-o, M|100\/100\n|turn|1\n|\n|move|p2a: Kommo-o|Toxic|p1a: Mortar\n|-status|p1a: Mortar|tox\n|move|p1a: Mortar|Stealth Rock|p2a: Kommo-o\n|-sidestart|p2: testotesto321|move: Stealth Rock\n|\n|-damage|p1a: Mortar|94\/100 tox|[from] psn\n|upkeep\n|turn|2\n|\n|switch|p2a: Corviknight|Corviknight, F, shiny|100\/100\n|-damage|p2a: Corviknight|88\/100|[from] Stealth Rock\n|-ability|p2a: Corviknight|Pressure\n|switch|p1a: Naruto|Ninetales, M, shiny|100\/100\n|-weather|SunnyDay|[from] ability: Drought|[of] p1a: Naruto\n|\n|-weather|SunnyDay|[upkeep]\n|-heal|p2a: Corviknight|94\/100|[from] item: Leftovers\n|upkeep\n|turn|3\n|\n|switch|p2a: Kommo-o|Kommo-o, M|100\/100\n|-damage|p2a: Kommo-o|94\/100|[from] Stealth Rock\n|move|p1a: Naruto|Hypnosis|p2a: Kommo-o|[miss]\n|-miss|p1a: Naruto|p2a: Kommo-o\n|\n|-weather|SunnyDay|[upkeep]\n|-heal|p2a: Kommo-o|100\/100|[from] item: Leftovers\n|upkeep\n|turn|4\n|\n|move|p1a: Naruto|Hypnosis|p2a: Kommo-o\n|-status|p2a: Kommo-o|slp|[from] move: Hypnosis\n|cant|p2a: Kommo-o|slp\n|\n|-weather|SunnyDay|[upkeep]\n|upkeep\n|turn|5\n|\n|switch|p1a: Rex|Venusaur, M|100\/100\n|cant|p2a: Kommo-o|slp\n|\n|-weather|SunnyDay|[upkeep]\n|upkeep\n|turn|6\n|\n|move|p1a: Rex|Growth|p1a: Rex\n|-boost|p1a: Rex|atk|2\n|-boost|p1a: Rex|spa|2\n|-curestatus|p2a: Kommo-o|slp|[msg]\n|move|p2a: Kommo-o|Taunt|p1a: Rex\n|-start|p1a: Rex|move: Taunt\n|\n|-weather|SunnyDay|[upkeep]\n|upkeep\n|turn|7\n|\n|move|p1a: Rex|Earth Power|p2a: Kommo-o\n|-damage|p2a: Kommo-o|28\/100\n|-damage|p1a: Rex|91\/100|[from] item: Life Orb\n|move|p2a: Kommo-o|Body Press|p1a: Rex\n|-resisted|p1a: Rex\n|-damage|p1a: Rex|61\/100\n|\n|-weather|SunnyDay|[upkeep]\n|-heal|p2a: Kommo-o|35\/100|[from] item: Leftovers\n|upkeep\n|turn|8\n|\n|move|p1a: Rex|Giga Drain|p2a: Kommo-o\n|-resisted|p2a: Kommo-o\n|-damage|p2a: Kommo-o|0 fnt\n|-heal|p1a: Rex|82\/100|[from] drain|[of] p2a: Kommo-o\n|-damage|p1a: Rex|72\/100|[from] item: Life Orb\n|faint|p2a: Kommo-o\n|\n|-weather|SunnyDay|[upkeep]\n|upkeep\n|\n|switch|p2a: Weavile|Weavile, M|100\/100\n|-damage|p2a: Weavile|76\/100|[from] Stealth Rock\n|-ability|p2a: Weavile|Pressure\n|turn|9\n|j| hyper\n|\n|switch|p1a: Son Goku|Darmanitan, M|100\/100\n|move|p2a: Weavile|Ice Shard|p1a: Son Goku\n|-resisted|p1a: Son Goku\n|-damage|p1a: Son Goku|74\/100\n|\n|-weather|none\n|upkeep\n|turn|10\n|\n|switch|p2a: Toxapex|Toxapex, F, shiny|100\/100\n|-damage|p2a: Toxapex|88\/100|[from] Stealth Rock\n|move|p1a: Son Goku|U-turn|p2a: Toxapex\n|-resisted|p2a: Toxapex\n|-damage|p2a: Toxapex|80\/100\n|\n|switch|p1a: Naruto|Ninetales, M, shiny|100\/100|[from]move: U-turn\n|-weather|SunnyDay|[from] ability: Drought|[of] p1a: Naruto\n|\n|-weather|SunnyDay|[upkeep]\n|-heal|p2a: Toxapex|87\/100|[from] item: Black Sludge\n|upkeep\n|turn|11\n|\n|switch|p1a: Rex|Venusaur, M|72\/100\n|move|p2a: Toxapex|Toxic|p1a: Rex\n|-immune|p1a: Rex\n|\n|-weather|SunnyDay|[upkeep]\n|-heal|p2a: Toxapex|93\/100|[from] item: Black Sludge\n|upkeep\n|turn|12\n|\n|move|p1a: Rex|Growth|p1a: Rex\n|-boost|p1a: Rex|atk|2\n|-boost|p1a: Rex|spa|2\n|move|p2a: Toxapex|Scald|p1a: Rex\n|-resisted|p1a: Rex\n|-damage|p1a: Rex|67\/100\n|\n|-weather|SunnyDay|[upkeep]\n|-heal|p2a: Toxapex|99\/100|[from] item: Black Sludge\n|upkeep\n|turn|13\n|j|+Attribute\n|\n|move|p1a: Rex|Earth Power|p2a: Toxapex\n|-supereffective|p2a: Toxapex\n|-damage|p2a: Toxapex|0 fnt\n|-damage|p1a: Rex|57\/100|[from] item: Life Orb\n|faint|p2a: Toxapex\n|\n|-weather|SunnyDay|[upkeep]\n|upkeep\n|j| Roxiee \u2625\n|j| g?e*o$t'al\n|\n|switch|p2a: Weavile|Weavile, M|76\/100\n|-damage|p2a: Weavile|51\/100|[from] Stealth Rock\n|-ability|p2a: Weavile|Pressure\n|turn|14\n|\n|switch|p1a: Son Goku|Darmanitan, M|74\/100\n|move|p2a: Weavile|Knock Off|p1a: Son Goku\n|-damage|p1a: Son Goku|0 fnt\n|-enditem|p1a: Son Goku|Choice Scarf|[from] move: Knock Off|[of] p2a: Weavile\n|faint|p1a: Son Goku\n|\n|-weather|SunnyDay|[upkeep]\n|upkeep\n|\n|switch|p1a: Rex|Venusaur, M|57\/100\n|turn|15\n|\n|switch|p2a: Corviknight|Corviknight, F, shiny|94\/100\n|-damage|p2a: Corviknight|82\/100|[from] Stealth Rock\n|-ability|p2a: Corviknight|Pressure\n|move|p1a: Rex|Weather Ball|p2a: Corviknight\n|-supereffective|p2a: Corviknight\n|-damage|p2a: Corviknight|0 fnt\n|-damage|p1a: Rex|47\/100|[from] item: Life Orb\n|faint|p2a: Corviknight\n|\n|-weather|SunnyDay|[upkeep]\n|upkeep\n|\n|switch|p2a: Weavile|Weavile, M|51\/100\n|-damage|p2a: Weavile|26\/100|[from] Stealth Rock\n|-ability|p2a: Weavile|Pressure\n|turn|16\n|\n|switch|p1a: Mortar|Rhyperior, M|94\/100 tox\n|move|p2a: Weavile|Ice Shard|p1a: Mortar\n|-supereffective|p1a: Mortar\n|-damage|p1a: Mortar|68\/100 tox\n|\n|-weather|SunnyDay|[upkeep]\n|-heal|p1a: Mortar|74\/100 tox|[from] item: Leftovers\n|-damage|p1a: Mortar|68\/100 tox|[from] psn\n|upkeep\n|turn|17\n|\n|switch|p2a: Gengar|Gengar, F|100\/100\n|-damage|p2a: Gengar|88\/100|[from] Stealth Rock\n|move|p1a: Mortar|Earthquake|p2a: Gengar\n|-supereffective|p2a: Gengar\n|-damage|p2a: Gengar|0 fnt\n|faint|p2a: Gengar\n|\n|-weather|none\n|-heal|p1a: Mortar|74\/100 tox|[from] item: Leftovers\n|-damage|p1a: Mortar|62\/100 tox|[from] psn\n|upkeep\n|\n|switch|p2a: Zeraora|Zeraora|100\/100\n|-damage|p2a: Zeraora|88\/100|[from] Stealth Rock\n|turn|18\n|\n|switch|p1a: Naruto|Ninetales, M, shiny|100\/100\n|-weather|SunnyDay|[from] ability: Drought|[of] p1a: Naruto\n|move|p2a: Zeraora|Close Combat|p1a: Naruto\n|-damage|p1a: Naruto|55\/100\n|-unboost|p2a: Zeraora|def|1\n|-unboost|p2a: Zeraora|spd|1\n|\n|-weather|SunnyDay|[upkeep]\n|-heal|p2a: Zeraora|94\/100|[from] item: Leftovers\n|upkeep\n|turn|19\n|\n|move|p2a: Zeraora|Plasma Fists|p1a: Naruto\n|-damage|p1a: Naruto|3\/100\n|-fieldactivate|move: Ion Deluge\n|move|p1a: Naruto|Flamethrower|p2a: Zeraora\n|-damage|p2a: Zeraora|13\/100\n|\n|-weather|SunnyDay|[upkeep]\n|-heal|p2a: Zeraora|19\/100|[from] item: Leftovers\n|upkeep\n|turn|20\n|-message|testotesto321 forfeited.\n|\n|win|Storm Zone\n|l|\u2606testotesto321\n","uploadtime":1586051395,"views":65,"p1id":"stormzone","p2id":"testotesto321","formatid":"gen8ou","rating":0,"private":0,"password":null}