{"id":"gen8ou-1589230836","p1":"Serp IV","p2":"Batataplays","format":"gen8ou","log":"|j|\u2606Serp IV\n|j|\u2606Batataplays\n|t:|1654365231\n|gametype|singles\n|player|p1|Serp IV|rosa|1777\n|player|p2|Batataplays|sonia|1732\n|teamsize|p1|6\n|teamsize|p2|6\n|gen|8\n|tier|[Gen 8] OU\n|rated|\n|rule|Sleep Clause Mod: Limit one foe put to sleep\n|rule|Species Clause: Limit one of each Pok\u00e9mon\n|rule|OHKO Clause: OHKO moves are banned\n|rule|Evasion Moves Clause: Evasion moves are banned\n|rule|Endless Battle Clause: Forcing endless battles is banned\n|rule|HP Percentage Mod: HP is shown in percentages\n|rule|Dynamax Clause: You cannot dynamax\n|clearpoke\n|poke|p1|Landorus-Therian, M|\n|poke|p1|Weavile, M|\n|poke|p1|Heatran, M|\n|poke|p1|Zapdos|\n|poke|p1|Urshifu-*, M|\n|poke|p1|Tapu Bulu|\n|poke|p2|Seismitoad, M|\n|poke|p2|Volcanion|\n|poke|p2|Zapdos|\n|poke|p2|Pelipper, M|\n|poke|p2|Ferrothorn, M|\n|poke|p2|Crawdaunt, M|\n|teampreview\n|inactive|Battle timer is ON: inactive players will automatically lose when time's up. (requested by Serp IV)\n|\n|t:|1654365258\n|start\n|switch|p1a: Byakko|Zapdos, shiny|100\/100\n|switch|p2a: gastro cringe|Volcanion|100\/100\n|turn|1\n|\n|t:|1654365262\n|switch|p2a: a|Seismitoad, M|100\/100\n|move|p1a: Byakko|Hurricane|p2a: a|[miss]\n|-miss|p1a: Byakko|p2a: a\n|\n|upkeep\n|turn|2\n|\n|t:|1654365265\n|switch|p2a: slowking g cringe|Zapdos|100\/100\n|move|p1a: Byakko|Hurricane|p2a: slowking g cringe|[miss]\n|-miss|p1a: Byakko|p2a: slowking g cringe\n|\n|upkeep\n|turn|3\n|\n|t:|1654365271\n|switch|p1a: Enten|Landorus-Therian, M, shiny|100\/100\n|-ability|p1a: Enten|Intimidate|boost\n|-unboost|p2a: slowking g cringe|atk|1\n|move|p2a: slowking g cringe|U-turn|p1a: Enten\n|-resisted|p1a: Enten\n|-damage|p1a: Enten|97\/100\n|\n|t:|1654365281\n|switch|p2a: o|Pelipper, M|100\/100|[from]move: U-turn\n|-weather|RainDance|[from] ability: Drizzle|[of] p2a: o\n|\n|-weather|RainDance|[upkeep]\n|-heal|p1a: Enten|100\/100|[from] item: Leftovers\n|upkeep\n|turn|4\n|\n|t:|1654365288\n|move|p1a: Enten|Toxic|p2a: o\n|-status|p2a: o|tox\n|move|p2a: o|Ice Beam|p1a: Enten\n|-supereffective|p1a: Enten\n|-damage|p1a: Enten|40\/100\n|\n|-weather|RainDance|[upkeep]\n|-heal|p1a: Enten|46\/100|[from] item: Leftovers\n|-damage|p2a: o|94\/100 tox|[from] psn\n|upkeep\n|turn|5\n|\n|t:|1654365294\n|switch|p1a: Poseidon-Blade|Urshifu-Rapid-Strike, M|100\/100\n|move|p2a: o|U-turn|p1a: Poseidon-Blade\n|-resisted|p1a: Poseidon-Blade\n|-damage|p1a: Poseidon-Blade|96\/100\n|\n|t:|1654365303\n|switch|p2a: slowking g cringe|Zapdos|100\/100|[from]move: U-turn\n|\n|-weather|RainDance|[upkeep]\n|upkeep\n|turn|6\n|\n|t:|1654365306\n|move|p1a: Poseidon-Blade|Surging Strikes|p2a: slowking g cringe\n|-crit|p2a: slowking g cringe\n|-damage|p2a: slowking g cringe|78\/100\n|-status|p1a: Poseidon-Blade|par|[from] ability: Static|[of] p2a: slowking g cringe\n|-crit|p2a: slowking g cringe\n|-damage|p2a: slowking g cringe|58\/100\n|-crit|p2a: slowking g cringe\n|-damage|p2a: slowking g cringe|37\/100\n|-hitcount|p2a: slowking g cringe|3\n|move|p2a: slowking g cringe|U-turn|p1a: Poseidon-Blade\n|-resisted|p1a: Poseidon-Blade\n|-damage|p1a: Poseidon-Blade|89\/100 par\n|\n|t:|1654365312\n|switch|p2a: gastro cringe|Volcanion|100\/100|[from]move: U-turn\n|\n|-weather|RainDance|[upkeep]\n|upkeep\n|turn|7\n|\n|t:|1654365321\n|switch|p1a: Monk|Tapu Bulu, shiny|100\/100\n|-fieldstart|move: Grassy Terrain|[from] ability: Grassy Surge|[of] p1a: Monk\n|move|p2a: gastro cringe|Steam Eruption|p1a: Monk\n|-resisted|p1a: Monk\n|-damage|p1a: Monk|11\/100\n|-status|p1a: Monk|brn\n|\n|-weather|RainDance|[upkeep]\n|-heal|p1a: Monk|17\/100 brn|[from] Grassy Terrain\n|-damage|p1a: Monk|11\/100 brn|[from] brn\n|upkeep\n|turn|8\n|\n|t:|1654365330\n|move|p1a: Monk|Close Combat|p2a: gastro cringe\n|-damage|p2a: gastro cringe|70\/100\n|-unboost|p1a: Monk|def|1\n|-unboost|p1a: Monk|spd|1\n|move|p2a: gastro cringe|Steam Eruption|p1a: Monk\n|-resisted|p1a: Monk\n|-damage|p1a: Monk|0 fnt\n|faint|p1a: Monk\n|\n|-weather|RainDance|[upkeep]\n|-heal|p2a: gastro cringe|76\/100|[from] Grassy Terrain\n|upkeep\n|\n|t:|1654365332\n|switch|p1a: Byakko|Zapdos, shiny|100\/100\n|turn|9\n|\n|t:|1654365345\n|switch|p2a: p|Ferrothorn, M|100\/100\n|move|p1a: Byakko|Hurricane|p2a: p\n|-damage|p2a: p|49\/100\n|\n|-weather|RainDance|[upkeep]\n|-heal|p2a: p|55\/100|[from] Grassy Terrain\n|-heal|p2a: p|62\/100|[from] item: Leftovers\n|upkeep\n|turn|10\n|\n|t:|1654365352\n|move|p1a: Byakko|Hurricane|p2a: p\n|-damage|p2a: p|12\/100\n|move|p2a: p|Stealth Rock|p1a: Byakko\n|-sidestart|p1: Serp IV|move: Stealth Rock\n|\n|-weather|none\n|-heal|p2a: p|18\/100|[from] Grassy Terrain\n|-heal|p2a: p|24\/100|[from] item: Leftovers\n|upkeep\n|turn|11\n|\n|t:|1654365358\n|switch|p2a: slowking g cringe|Zapdos|37\/100\n|move|p1a: Byakko|Hurricane|p2a: slowking g cringe|[miss]\n|-miss|p1a: Byakko|p2a: slowking g cringe\n|\n|-fieldend|move: Grassy Terrain\n|upkeep\n|turn|12\n|\n|t:|1654365362\n|move|p1a: Byakko|Hurricane|p2a: slowking g cringe\n|-resisted|p2a: slowking g cringe\n|-damage|p2a: slowking g cringe|0 fnt\n|faint|p2a: slowking g cringe\n|\n|upkeep\n|\n|t:|1654365364\n|switch|p2a: o|Pelipper, M|94\/100 tox\n|-weather|RainDance|[from] ability: Drizzle|[of] p2a: o\n|turn|13\n|\n|t:|1654365366\n|switch|p2a: p|Ferrothorn, M|24\/100\n|move|p1a: Byakko|Hurricane|p2a: p\n|-damage|p2a: p|0 fnt\n|faint|p2a: p\n|\n|-weather|RainDance|[upkeep]\n|upkeep\n|\n|t:|1654365367\n|switch|p2a: a|Seismitoad, M|100\/100\n|turn|14\n|\n|t:|1654365371\n|switch|p1a: Enten|Landorus-Therian, M, shiny|46\/100\n|-damage|p1a: Enten|33\/100|[from] Stealth Rock\n|-ability|p1a: Enten|Intimidate|boost\n|-unboost|p2a: a|atk|1\n|move|p2a: a|Weather Ball|p1a: Enten\n|-supereffective|p1a: Enten\n|-crit|p1a: Enten\n|-damage|p1a: Enten|0 fnt\n|faint|p1a: Enten\n|\n|-weather|RainDance|[upkeep]\n|upkeep\n|\n|t:|1654365379\n|switch|p1a: Poseidon-Blade|Urshifu-Rapid-Strike, M|89\/100 par\n|-damage|p1a: Poseidon-Blade|83\/100 par|[from] Stealth Rock\n|turn|15\n|\n|t:|1654365385\n|move|p2a: a|Weather Ball|p1a: Poseidon-Blade\n|-resisted|p1a: Poseidon-Blade\n|-damage|p1a: Poseidon-Blade|4\/100 par\n|move|p1a: Poseidon-Blade|Close Combat|p2a: a\n|-damage|p2a: a|30\/100\n|-unboost|p1a: Poseidon-Blade|def|1\n|-unboost|p1a: Poseidon-Blade|spd|1\n|\n|-weather|RainDance|[upkeep]\n|upkeep\n|turn|16\n|\n|t:|1654365392\n|move|p2a: a|Weather Ball|p1a: Poseidon-Blade\n|-resisted|p1a: Poseidon-Blade\n|-damage|p1a: Poseidon-Blade|0 fnt\n|faint|p1a: Poseidon-Blade\n|\n|-weather|RainDance|[upkeep]\n|upkeep\n|\n|t:|1654365393\n|switch|p1a: Bandit|Weavile, M, shiny|100\/100\n|-damage|p1a: Bandit|76\/100|[from] Stealth Rock\n|-ability|p1a: Bandit|Pressure\n|turn|17\n|\n|t:|1654365398\n|switch|p2a: gastro cringe|Volcanion|76\/100\n|move|p1a: Bandit|Ice Shard|p2a: gastro cringe\n|-resisted|p2a: gastro cringe\n|-damage|p2a: gastro cringe|68\/100\n|\n|-weather|RainDance|[upkeep]\n|upkeep\n|turn|18\n|\n|t:|1654365401\n|switch|p1a: Chaos|Heatran, M, shiny|100\/100\n|-damage|p1a: Chaos|88\/100|[from] Stealth Rock\n|move|p2a: gastro cringe|Steam Eruption|p1a: Chaos\n|-supereffective|p1a: Chaos\n|-damage|p1a: Chaos|0 fnt\n|faint|p1a: Chaos\n|\n|-weather|RainDance|[upkeep]\n|upkeep\n|\n|t:|1654365403\n|switch|p1a: Byakko|Zapdos, shiny|100\/100\n|-damage|p1a: Byakko|76\/100|[from] Stealth Rock\n|turn|19\n|j| ygg GB byb\n|\n|t:|1654365413\n|move|p1a: Byakko|Hurricane|p2a: gastro cringe\n|-damage|p2a: gastro cringe|0 fnt\n|faint|p2a: gastro cringe\n|\n|-weather|RainDance|[upkeep]\n|upkeep\n|\n|t:|1654365415\n|switch|p2a: a|Seismitoad, M|30\/100\n|turn|20\n|\n|t:|1654365422\n|move|p2a: a|Weather Ball|p1a: Byakko\n|-damage|p1a: Byakko|0 fnt\n|faint|p1a: Byakko\n|\n|-weather|none\n|upkeep\n|\n|t:|1654365424\n|switch|p1a: Bandit|Weavile, M, shiny|76\/100\n|-damage|p1a: Bandit|51\/100|[from] Stealth Rock\n|-ability|p1a: Bandit|Pressure\n|turn|21\n|-message|Serp IV forfeited.\n|\n|win|Batataplays\n|raw|Serp IV's rating: 1777 &rarr; <strong>1753<\/strong><br \/>(-24 for losing)\n|raw|Batataplays's rating: 1705 &rarr; <strong>1729<\/strong><br \/>(+24 for winning)\n|l|\u2606Serp IV\n","uploadtime":1654365432,"views":69,"p1id":"serpiv","p2id":"batataplays","formatid":"gen8ou","rating":1729,"private":0,"password":null}