{"id":"gen8ou-1620268920","p1":"lou dort","p2":"jptoroglass","format":"gen8ou","log":"|j|\u2606lou dort\n|j|\u2606jptoroglass\n|t:|1658190580\n|gametype|singles\n|player|p1|lou dort|170|1558\n|player|p2|jptoroglass|marley|1519\n|teamsize|p1|6\n|teamsize|p2|6\n|gen|8\n|tier|[Gen 8] OU\n|rated|\n|rule|Sleep Clause Mod: Limit one foe put to sleep\n|rule|Species Clause: Limit one of each Pok\u00e9mon\n|rule|OHKO Clause: OHKO moves are banned\n|rule|Evasion Moves Clause: Evasion moves are banned\n|rule|Endless Battle Clause: Forcing endless battles is banned\n|rule|HP Percentage Mod: HP is shown in percentages\n|rule|Dynamax Clause: You cannot dynamax\n|clearpoke\n|poke|p1|Slowbro, F|\n|poke|p1|Corviknight, M|\n|poke|p1|Nidoking, M|\n|poke|p1|Tapu Koko|\n|poke|p1|Clefable, M|\n|poke|p1|Tyranitar, F|\n|poke|p2|Mew|\n|poke|p2|Cloyster, F|\n|poke|p2|Gengar, M|\n|poke|p2|Bisharp, M|\n|poke|p2|Rillaboom, M|\n|poke|p2|Hawlucha, M|\n|teampreview\n|inactive|Battle timer is ON: inactive players will automatically lose when time's up. (requested by lou dort)\n|\n|t:|1658190589\n|start\n|switch|p1a: Tapu Koko|Tapu Koko|100\/100\n|switch|p2a: Mew|Mew, shiny|100\/100\n|-fieldstart|move: Electric Terrain|[from] ability: Electric Surge|[of] p1a: Tapu Koko\n|turn|1\n|\n|t:|1658190594\n|move|p1a: Tapu Koko|Calm Mind|p1a: Tapu Koko\n|-boost|p1a: Tapu Koko|spa|1\n|-boost|p1a: Tapu Koko|spd|1\n|move|p2a: Mew|Stealth Rock|p1a: Tapu Koko\n|-sidestart|p1: lou dort|move: Stealth Rock\n|\n|upkeep\n|turn|2\n|\n|t:|1658190601\n|move|p1a: Tapu Koko|Calm Mind|p1a: Tapu Koko\n|-boost|p1a: Tapu Koko|spa|1\n|-boost|p1a: Tapu Koko|spd|1\n|move|p2a: Mew|Spikes|p1a: Tapu Koko\n|-sidestart|p1: lou dort|Spikes\n|\n|upkeep\n|turn|3\n|\n|t:|1658190606\n|move|p1a: Tapu Koko|Calm Mind|p1a: Tapu Koko\n|-boost|p1a: Tapu Koko|spa|1\n|-boost|p1a: Tapu Koko|spd|1\n|move|p2a: Mew|Spikes|p1a: Tapu Koko\n|-sidestart|p1: lou dort|Spikes\n|\n|upkeep\n|turn|4\n|\n|t:|1658190609\n|move|p1a: Tapu Koko|Thunderbolt|p2a: Mew\n|-damage|p2a: Mew|1\/100\n|-enditem|p2a: Mew|Red Card|[of] p1a: Tapu Koko\n|drag|p1a: Tyranitar|Tyranitar, F|100\/100\n|-damage|p1a: Tyranitar|88\/100|[from] Stealth Rock\n|-damage|p1a: Tyranitar|72\/100|[from] Spikes\n|-weather|Sandstorm|[from] ability: Sand Stream|[of] p1a: Tyranitar\n|move|p2a: Mew|Explosion|p1a: Tyranitar\n|-resisted|p1a: Tyranitar\n|-damage|p1a: Tyranitar|45\/100\n|faint|p2a: Mew\n|\n|-weather|Sandstorm|[upkeep]\n|upkeep\n|c|\u2606lou dort|nice u got the roll\n|inactive|jptoroglass has 120 seconds left.\n|c|\u2606jptoroglass|i wouldve preferred i didnt lol\n|\n|t:|1658190644\n|switch|p2a: DK did it first|Rillaboom, M|100\/100\n|-fieldstart|move: Grassy Terrain|[from] ability: Grassy Surge|[of] p2a: DK did it first\n|turn|5\n|inactive|jptoroglass has 120 seconds left.\n|inactive|lou dort has 120 seconds left.\n|\n|t:|1658190679\n|switch|p2a: Okage|Gengar, M|100\/100\n|move|p1a: Tyranitar|Fire Punch|p2a: Okage\n|-damage|p2a: Okage|13\/100\n|\n|-weather|Sandstorm|[upkeep]\n|-damage|p2a: Okage|7\/100|[from] Sandstorm\n|-heal|p2a: Okage|13\/100|[from] Grassy Terrain\n|-heal|p1a: Tyranitar|51\/100|[from] Grassy Terrain\n|upkeep\n|turn|6\n|\n|t:|1658190688\n|move|p2a: Okage|Focus Blast|p1a: Tyranitar|[miss]\n|-miss|p2a: Okage|p1a: Tyranitar\n|move|p1a: Tyranitar|Fire Punch|p2a: Okage\n|-damage|p2a: Okage|0 fnt\n|faint|p2a: Okage\n|\n|-weather|Sandstorm|[upkeep]\n|-heal|p1a: Tyranitar|57\/100|[from] Grassy Terrain\n|upkeep\n|inactive|jptoroglass has 120 seconds left.\n|\n|t:|1658190723\n|switch|p2a: Zero|Bisharp, M|100\/100\n|turn|7\n|\n|t:|1658190726\n|move|p2a: Zero|Iron Head|p1a: Tyranitar\n|-supereffective|p1a: Tyranitar\n|-damage|p1a: Tyranitar|0 fnt\n|faint|p1a: Tyranitar\n|\n|-weather|Sandstorm|[upkeep]\n|upkeep\n|\n|t:|1658190729\n|switch|p1a: Nidoking|Nidoking, M|100\/100\n|-damage|p1a: Nidoking|95\/100|[from] Stealth Rock\n|-damage|p1a: Nidoking|78\/100|[from] Spikes\n|turn|8\n|\n|t:|1658190744\n|switch|p2a: Adam West|Hawlucha, M|100\/100\n|-enditem|p2a: Adam West|Grassy Seed\n|-boost|p2a: Adam West|def|1|[from] item: Grassy Seed\n|move|p1a: Nidoking|Flamethrower|p2a: Adam West\n|-damage|p2a: Adam West|44\/100\n|\n|-weather|none\n|-heal|p1a: Nidoking|84\/100|[from] Grassy Terrain\n|upkeep\n|turn|9\n|\n|t:|1658190748\n|move|p2a: Adam West|Acrobatics|p1a: Nidoking\n|-damage|p1a: Nidoking|14\/100\n|move|p1a: Nidoking|Ice Beam|p2a: Adam West\n|-supereffective|p2a: Adam West\n|-damage|p2a: Adam West|0 fnt\n|faint|p2a: Adam West\n|\n|-heal|p1a: Nidoking|20\/100|[from] Grassy Terrain\n|-fieldend|move: Grassy Terrain\n|upkeep\n|\n|t:|1658190761\n|switch|p2a: MagicConch|Cloyster, F|100\/100\n|turn|10\n|\n|t:|1658190773\n|move|p2a: MagicConch|Ice Shard|p1a: Nidoking\n|-supereffective|p1a: Nidoking\n|-damage|p1a: Nidoking|0 fnt\n|faint|p1a: Nidoking\n|\n|upkeep\n|\n|t:|1658190775\n|switch|p1a: Tapu Koko|Tapu Koko|100\/100\n|-fieldstart|move: Electric Terrain|[from] ability: Electric Surge|[of] p1a: Tapu Koko\n|turn|11\n|\n|t:|1658190777\n|move|p1a: Tapu Koko|Thunderbolt|p2a: MagicConch\n|-supereffective|p2a: MagicConch\n|-crit|p2a: MagicConch\n|-enditem|p2a: MagicConch|Focus Sash\n|-damage|p2a: MagicConch|1\/100\n|move|p2a: MagicConch|Shell Smash|p2a: MagicConch\n|-unboost|p2a: MagicConch|def|1\n|-unboost|p2a: MagicConch|spd|1\n|-boost|p2a: MagicConch|atk|2\n|-boost|p2a: MagicConch|spa|2\n|-boost|p2a: MagicConch|spe|2\n|\n|upkeep\n|turn|12\n|c|\u2606lou dort|if only my sandstorm setter wasnt weakened by spikes and explosion\n|inactive|lou dort has 120 seconds left.\n|\n|t:|1658190808\n|switch|p1a: Clefable|Clefable, M|100\/100\n|move|p2a: MagicConch|Icicle Spear|p1a: Clefable\n|-damage|p1a: Clefable|79\/100\n|-damage|p1a: Clefable|57\/100\n|-damage|p1a: Clefable|37\/100\n|-crit|p1a: Clefable\n|-damage|p1a: Clefable|8\/100\n|-damage|p1a: Clefable|0 fnt\n|faint|p1a: Clefable\n|-hitcount|p1: Clefable|5\n|\n|upkeep\n|\n|t:|1658190810\n|switch|p1a: Corviknight|Corviknight, M|100\/100\n|-damage|p1a: Corviknight|88\/100|[from] Stealth Rock\n|-ability|p1a: Corviknight|Pressure\n|turn|13\n|inactive|jptoroglass has 120 seconds left.\n|c|\u2606jptoroglass|your sandstorm user gets one shot by half my team stop crying go outside lol\n|\n|t:|1658190846\n|move|p2a: MagicConch|Icicle Spear|p1a: Corviknight\n|-damage|p1a: Corviknight|72\/100\n|-damage|p1a: Corviknight|57\/100\n|-damage|p1a: Corviknight|43\/100\n|-damage|p1a: Corviknight|29\/100\n|-damage|p1a: Corviknight|14\/100\n|-hitcount|p1a: Corviknight|5\n|move|p1a: Corviknight|Body Press|p2a: MagicConch\n|-supereffective|p2a: MagicConch\n|-damage|p2a: MagicConch|0 fnt\n|faint|p2a: MagicConch\n|\n|upkeep\n|\n|t:|1658190857\n|switch|p2a: Zero|Bisharp, M|100\/100\n|turn|14\n|c|\u2606lou dort|ur using cloyster u should go outside\n|\n|t:|1658190880\n|move|p2a: Zero|Knock Off|p1a: Corviknight\n|-damage|p1a: Corviknight|0 fnt\n|-damage|p2a: Zero|84\/100|[from] item: Rocky Helmet|[of] p1a: Corviknight\n|-enditem|p1a: Corviknight|Rocky Helmet|[from] move: Knock Off|[of] p2a: Zero\n|faint|p1a: Corviknight\n|\n|upkeep\n|\n|t:|1658190883\n|switch|p1a: Tapu Koko|Tapu Koko|100\/100\n|turn|15\n|c|\u2606jptoroglass|says the corv clef user lmfao\n|\n|t:|1658190903\n|move|p1a: Tapu Koko|Thunderbolt|p2a: Zero\n|-damage|p2a: Zero|0 fnt\n|faint|p2a: Zero\n|\n|-fieldend|move: Electric Terrain\n|upkeep\n|\n|t:|1658190905\n|switch|p2a: DK did it first|Rillaboom, M|100\/100\n|-fieldstart|move: Grassy Terrain|[from] ability: Grassy Surge|[of] p2a: DK did it first\n|turn|16\n|c|\u2606lou dort|finally i get a good roll\n|c|\u2606jptoroglass|youre lucky i misplayed bc i was arguing with you\n|inactive|jptoroglass has 90 seconds left.\n|c|\u2606jptoroglass|shouldve switched\n|\n|t:|1658190935\n|switch|p1a: Slowbro|Slowbro, F|100\/100\n|-damage|p1a: Slowbro|88\/100|[from] Stealth Rock\n|-damage|p1a: Slowbro|71\/100|[from] Spikes\n|move|p2a: DK did it first|Grassy Glide|p1a: Slowbro\n|-supereffective|p1a: Slowbro\n|-damage|p1a: Slowbro|0 fnt\n|-damage|p2a: DK did it first|84\/100|[from] item: Rocky Helmet|[of] p1a: Slowbro\n|faint|p1a: Slowbro\n|-damage|p2a: DK did it first|74\/100|[from] item: Life Orb\n|\n|-heal|p2a: DK did it first|80\/100|[from] Grassy Terrain\n|upkeep\n|\n|t:|1658190938\n|switch|p1a: Tapu Koko|Tapu Koko|100\/100\n|-fieldstart|move: Electric Terrain|[from] ability: Electric Surge|[of] p1a: Tapu Koko\n|turn|17\n|\n|t:|1658190941\n|move|p1a: Tapu Koko|Dazzling Gleam|p2a: DK did it first\n|-damage|p2a: DK did it first|35\/100\n|move|p2a: DK did it first|Grassy Glide|p1a: Tapu Koko\n|-damage|p1a: Tapu Koko|34\/100\n|-damage|p2a: DK did it first|25\/100|[from] item: Life Orb\n|\n|upkeep\n|turn|18\n|c|\u2606lou dort|gg noob\n|inactive|jptoroglass has 90 seconds left.\n|c|\u2606jptoroglass|youre the noob you cried ab hax and lost bc i misplayed lmao\n|c|\u2606jptoroglass|but alright\n|\n|t:|1658190970\n|move|p1a: Tapu Koko|Dazzling Gleam|p2a: DK did it first\n|-damage|p2a: DK did it first|0 fnt\n|faint|p2a: DK did it first\n|\n|win|lou dort\n|raw|lou dort's rating: 1558 &rarr; <strong>1576<\/strong><br \/>(+18 for winning)\n|raw|jptoroglass's rating: 1519 &rarr; <strong>1501<\/strong><br \/>(-18 for losing)\n|c|\u2606lou dort|u misplayed\n|c|\u2606lou dort|how am i the noob\n","uploadtime":1658190980,"views":14,"p1id":"loudort","p2id":"jptoroglass","formatid":"gen8ou","rating":1501,"private":0,"password":null}