{"id":"gen8ou-1705460867","p1":"Spectre Ace","p2":"MrRuf4si","format":"gen8ou","log":"|j|\u2606Spectre Ace\n|j|\u2606MrRuf4si\n|t:|1667881202\n|gametype|singles\n|player|p1|Spectre Ace|juggler|1733\n|player|p2|MrRuf4si|dawn-gen4pt|1723\n|teamsize|p1|6\n|teamsize|p2|6\n|gen|8\n|tier|[Gen 8] OU\n|rated|\n|rule|Sleep Clause Mod: Limit one foe put to sleep\n|rule|Species Clause: Limit one of each Pok\u00e9mon\n|rule|OHKO Clause: OHKO moves are banned\n|rule|Evasion Items Clause: Evasion items are banned\n|rule|Evasion Moves Clause: Evasion moves are banned\n|rule|Endless Battle Clause: Forcing endless battles is banned\n|rule|HP Percentage Mod: HP is shown in percentages\n|rule|Dynamax Clause: You cannot dynamax\n|clearpoke\n|poke|p1|Raichu-Alola, F|\n|poke|p1|Tapu Koko|\n|poke|p1|Ferrothorn, M|\n|poke|p1|Mandibuzz, F|\n|poke|p1|Garchomp, M|\n|poke|p1|Clefable, F|\n|poke|p2|Gardevoir, F|\n|poke|p2|Rillaboom, M|\n|poke|p2|Heatran, M|\n|poke|p2|Tornadus-Therian, M|\n|poke|p2|Bewear, M|\n|poke|p2|Gastrodon-East, F|\n|teampreview\n|j| Cocoon\u2601Evolution\n|\n|t:|1667881214\n|start\n|switch|p1a: Crane|Garchomp, M|100\/100\n|switch|p2a: Isabela|Gardevoir, F, shiny|100\/100\n|-ability|p2a: Isabela|Rough Skin|[from] ability: Trace|[of] p1a: Crane\n|turn|1\n|\n|t:|1667881226\n|switch|p1a: Sundowner|Ferrothorn, M|100\/100\n|move|p2a: Isabela|Moonblast|p1a: Sundowner\n|-resisted|p1a: Sundowner\n|-damage|p1a: Sundowner|76\/100\n|\n|-heal|p1a: Sundowner|83\/100|[from] item: Leftovers\n|upkeep\n|turn|2\n|\n|t:|1667881229\n|switch|p2a: Bo\u2019 Rai Cho|Heatran, M|100\/100\n|move|p1a: Sundowner|Spikes|p2a: Bo\u2019 Rai Cho\n|-sidestart|p2: MrRuf4si|Spikes\n|\n|-heal|p1a: Sundowner|89\/100|[from] item: Leftovers\n|upkeep\n|turn|3\n|\n|t:|1667881232\n|switch|p1a: Crane|Garchomp, M|100\/100\n|move|p2a: Bo\u2019 Rai Cho|Stealth Rock|p1a: Crane\n|-sidestart|p1: Spectre Ace|move: Stealth Rock\n|\n|upkeep\n|turn|4\n|\n|t:|1667881235\n|switch|p2a: Pimp Chimpin|Rillaboom, M|100\/100\n|-damage|p2a: Pimp Chimpin|88\/100|[from] Spikes\n|-fieldstart|move: Grassy Terrain|[from] ability: Grassy Surge|[of] p2a: Pimp Chimpin\n|move|p1a: Crane|Swords Dance|p1a: Crane\n|-boost|p1a: Crane|atk|2\n|\n|-heal|p2a: Pimp Chimpin|94\/100|[from] Grassy Terrain\n|upkeep\n|turn|5\n|\n|t:|1667881237\n|move|p2a: Pimp Chimpin|Grassy Glide|p1a: Crane\n|-damage|p1a: Crane|25\/100\n|-damage|p2a: Pimp Chimpin|82\/100|[from] ability: Rough Skin|[of] p1a: Crane\n|move|p1a: Crane|Stone Edge|p2a: Pimp Chimpin\n|-damage|p2a: Pimp Chimpin|5\/100\n|\n|-heal|p1a: Crane|31\/100|[from] Grassy Terrain\n|-heal|p1a: Crane|37\/100|[from] item: Leftovers\n|-heal|p2a: Pimp Chimpin|12\/100|[from] Grassy Terrain\n|upkeep\n|turn|6\n|\n|t:|1667881245\n|move|p2a: Pimp Chimpin|Grassy Glide|p1a: Crane\n|-damage|p1a: Crane|0 fnt\n|-damage|p2a: Pimp Chimpin|0 fnt|[from] ability: Rough Skin|[of] p1a: Crane\n|faint|p1a: Crane\n|faint|p2a: Pimp Chimpin\n|\n|upkeep\n|\n|t:|1667881251\n|switch|p1a: Booker|Tapu Koko|100\/100\n|switch|p2a: Isabela|Gardevoir, F, shiny|100\/100\n|-damage|p1a: Booker|88\/100|[from] Stealth Rock\n|-fieldstart|move: Electric Terrain|[from] ability: Electric Surge|[of] p1a: Booker\n|-damage|p2a: Isabela|88\/100|[from] Spikes\n|-ability|p2a: Isabela|Electric Surge|[from] ability: Trace|[of] p1a: Booker\n|turn|7\n|\n|t:|1667881254\n|move|p1a: Booker|U-turn|p2a: Isabela\n|-damage|p2a: Isabela|62\/100\n|\n|t:|1667881255\n|switch|p1a: Sundowner|Ferrothorn, M|89\/100|[from]move: U-turn\n|-damage|p1a: Sundowner|83\/100|[from] Stealth Rock\n|move|p2a: Isabela|Moonblast|p1a: Sundowner\n|-resisted|p1a: Sundowner\n|-damage|p1a: Sundowner|60\/100\n|\n|-heal|p1a: Sundowner|66\/100|[from] item: Leftovers\n|upkeep\n|turn|8\n|\n|t:|1667881269\n|switch|p2a: Takemura|Tornadus-Therian, M|100\/100\n|move|p1a: Sundowner|Spikes|p2a: Takemura\n|-sidestart|p2: MrRuf4si|Spikes\n|\n|-heal|p1a: Sundowner|72\/100|[from] item: Leftovers\n|upkeep\n|turn|9\n|\n|t:|1667881273\n|move|p2a: Takemura|Heat Wave|p1a: Sundowner\n|-supereffective|p1a: Sundowner\n|-damage|p1a: Sundowner|0 fnt\n|faint|p1a: Sundowner\n|\n|upkeep\n|\n|t:|1667881275\n|switch|p1a: Valentine|Raichu-Alola, F, shiny|100\/100\n|-damage|p1a: Valentine|88\/100|[from] Stealth Rock\n|turn|10\n|\n|t:|1667881291\n|move|p1a: Valentine|Nasty Plot|p1a: Valentine\n|-boost|p1a: Valentine|spa|2\n|move|p2a: Takemura|Hurricane|p1a: Valentine\n|-resisted|p1a: Valentine\n|-damage|p1a: Valentine|47\/100\n|\n|upkeep\n|turn|11\n|\n|t:|1667881296\n|switch|p2a: Bing Chilling|Gastrodon-East, F|100\/100\n|-damage|p2a: Bing Chilling|84\/100|[from] Spikes\n|move|p1a: Valentine|Rising Voltage|p2a: Bing Chilling\n|-immune|p2a: Bing Chilling\n|\n|upkeep\n|turn|12\n|\n|t:|1667881300\n|switch|p2a: Bo\u2019 Rai Cho|Heatran, M|100\/100\n|-damage|p2a: Bo\u2019 Rai Cho|84\/100|[from] Spikes\n|move|p1a: Valentine|Psyshock|p2a: Bo\u2019 Rai Cho\n|-resisted|p2a: Bo\u2019 Rai Cho\n|-damage|p2a: Bo\u2019 Rai Cho|46\/100\n|-damage|p1a: Valentine|37\/100|[from] item: Life Orb\n|\n|-heal|p2a: Bo\u2019 Rai Cho|52\/100|[from] item: Leftovers\n|upkeep\n|turn|13\n|\n|t:|1667881303\n|move|p1a: Valentine|Rising Voltage|p2a: Bo\u2019 Rai Cho\n|-hint|Rising Voltage's BP doubled on grounded target.\n|-damage|p2a: Bo\u2019 Rai Cho|0 fnt\n|faint|p2a: Bo\u2019 Rai Cho\n|-damage|p1a: Valentine|27\/100|[from] item: Life Orb\n|\n|upkeep\n|\n|t:|1667881309\n|switch|p2a: Bing Chilling|Gastrodon-East, F|84\/100\n|-damage|p2a: Bing Chilling|67\/100|[from] Spikes\n|turn|14\n|\n|t:|1667881311\n|move|p1a: Valentine|Psyshock|p2a: Bing Chilling\n|-damage|p2a: Bing Chilling|0 fnt\n|faint|p2a: Bing Chilling\n|-damage|p1a: Valentine|17\/100|[from] item: Life Orb\n|\n|-fieldend|move: Electric Terrain\n|upkeep\n|\n|t:|1667881315\n|switch|p2a: Takemura|Tornadus-Therian, M|100\/100\n|turn|15\n|\n|t:|1667881319\n|switch|p1a: Clefable|Clefable, F|100\/100\n|move|p2a: Takemura|U-turn|p1a: Clefable\n|-resisted|p1a: Clefable\n|-damage|p1a: Clefable|95\/100\n|\n|t:|1667881321\n|switch|p2a: Isabela|Gardevoir, F, shiny|62\/100|[from]move: U-turn\n|-damage|p2a: Isabela|45\/100|[from] Spikes\n|-ability|p2a: Isabela|Unaware|[from] ability: Trace|[of] p1a: Clefable\n|\n|upkeep\n|turn|16\n|\n|t:|1667881326\n|switch|p1a: Croft|Mandibuzz, F|100\/100\n|move|p2a: Isabela|Moonblast|p1a: Croft\n|-supereffective|p1a: Croft\n|-damage|p1a: Croft|0 fnt\n|faint|p1a: Croft\n|\n|upkeep\n|\n|t:|1667881328\n|switch|p1a: Booker|Tapu Koko|88\/100\n|-damage|p1a: Booker|76\/100|[from] Stealth Rock\n|-fieldstart|move: Electric Terrain|[from] ability: Electric Surge|[of] p1a: Booker\n|turn|17\n|\n|t:|1667881337\n|move|p1a: Booker|Thunderbolt|p2a: Isabela\n|-damage|p2a: Isabela|0 fnt\n|faint|p2a: Isabela\n|\n|upkeep\n|\n|t:|1667881340\n|switch|p2a: Takemura|Tornadus-Therian, M|100\/100\n|turn|18\n|\n|t:|1667881342\n|move|p1a: Booker|Thunderbolt|p2a: Takemura\n|-supereffective|p2a: Takemura\n|-damage|p2a: Takemura|0 fnt\n|faint|p2a: Takemura\n|\n|upkeep\n|j| Jongruenwald\n|c|\u2606MrRuf4si|Fuck u\n|-message|MrRuf4si forfeited.\n|\n|win|Spectre Ace\n|raw|Spectre Ace's rating: 1733 &rarr; <strong>1752<\/strong><br \/>(+19 for winning)\n|raw|MrRuf4si's rating: 1723 &rarr; <strong>1704<\/strong><br \/>(-19 for losing)\n|l|\u2606MrRuf4si\n||Ladder isn't responding, score probably updated but might not have (Request timeout).\n","uploadtime":1667881375,"views":3,"p1id":"spectreace","p2id":"mrruf4si","formatid":"gen8ou","rating":1704,"private":0,"password":null}