{"id":"gen8ou-1700172726","p1":"El Stefano","p2":"Ladmaw","format":"gen8ou","log":"|j|\u2606El Stefano\n|j|\u2606Ladmaw\n|t:|1667319077\n|gametype|singles\n|player|p1|El Stefano|101|1767\n|player|p2|Ladmaw|lucas|1750\n|teamsize|p1|6\n|teamsize|p2|6\n|gen|8\n|tier|[Gen 8] OU\n|rated|\n|rule|Sleep Clause Mod: Limit one foe put to sleep\n|rule|Species Clause: Limit one of each Pok\u00e9mon\n|rule|OHKO Clause: OHKO moves are banned\n|rule|Evasion Items Clause: Evasion items are banned\n|rule|Evasion Moves Clause: Evasion moves are banned\n|rule|Endless Battle Clause: Forcing endless battles is banned\n|rule|HP Percentage Mod: HP is shown in percentages\n|rule|Dynamax Clause: You cannot dynamax\n|clearpoke\n|poke|p1|Reuniclus, M|\n|poke|p1|Umbreon, F|\n|poke|p1|Quagsire, F|\n|poke|p1|Dragonite, M|\n|poke|p1|Toxapex, F|\n|poke|p1|Tornadus-Therian, M|\n|poke|p2|Kartana|\n|poke|p2|Blacephalon|\n|poke|p2|Landorus-Therian, M|\n|poke|p2|Slowbro, F|\n|poke|p2|Zapdos|\n|poke|p2|Tyranitar, F|\n|teampreview\n|inactive|Battle timer is ON: inactive players will automatically lose when time's up. (requested by Ladmaw)\n|\n|t:|1667319089\n|start\n|switch|p1a: Toxapex|Toxapex, F|100\/100\n|switch|p2a: Zapdos|Zapdos|100\/100\n|turn|1\n|\n|t:|1667319094\n|switch|p1a: Reuniclus|Reuniclus, M|100\/100\n|move|p2a: Zapdos|Volt Switch|p1a: Reuniclus\n|-damage|p1a: Reuniclus|88\/100\n|\n|t:|1667319102\n|switch|p2a: Tyranitar|Tyranitar, F|100\/100|[from]move: Volt Switch\n|-weather|Sandstorm|[from] ability: Sand Stream|[of] p2a: Tyranitar\n|\n|-weather|Sandstorm|[upkeep]\n|-damage|p1a: Reuniclus|82\/100|[from] Sandstorm\n|upkeep\n|turn|2\n|\n|t:|1667319105\n|switch|p1a: Toxapex|Toxapex, F|100\/100\n|move|p2a: Tyranitar|Stone Edge|p1a: Toxapex\n|-damage|p1a: Toxapex|43\/100\n|\n|-weather|Sandstorm|[upkeep]\n|-damage|p1a: Toxapex|37\/100|[from] Sandstorm\n|upkeep\n|turn|3\n|\n|t:|1667319112\n|switch|p2a: Kartana|Kartana|100\/100\n|switch|p1a: Quagsire|Quagsire, F|100\/100\n|\n|-weather|Sandstorm|[upkeep]\n|upkeep\n|turn|4\n|\n|t:|1667319120\n|switch|p1a: Tornadus|Tornadus-Therian, M|100\/100\n|move|p2a: Kartana|Knock Off|p1a: Tornadus\n|-damage|p1a: Tornadus|57\/100\n|-enditem|p1a: Tornadus|Heavy-Duty Boots|[from] move: Knock Off|[of] p2a: Kartana\n|\n|-weather|Sandstorm|[upkeep]\n|-damage|p1a: Tornadus|51\/100|[from] Sandstorm\n|upkeep\n|turn|5\n|\n|t:|1667319125\n|switch|p2a: Slowbro|Slowbro, F|100\/100\n|switch|p1a: Toxapex|Toxapex, F|70\/100\n|\n|-weather|none\n|upkeep\n|turn|6\n|\n|t:|1667319130\n|move|p1a: Toxapex|Toxic|p2a: Slowbro\n|-status|p2a: Slowbro|tox\n|move|p2a: Slowbro|Teleport|p2a: Slowbro\n|\n|t:|1667319133\n|switch|p2a: Landorus|Landorus-Therian, M|100\/100|[from]move: Teleport\n|-ability|p2a: Landorus|Intimidate|boost\n|-unboost|p1a: Toxapex|atk|1\n|\n|upkeep\n|turn|7\n|\n|t:|1667319140\n|switch|p1a: Tornadus|Tornadus-Therian, M|84\/100\n|move|p2a: Landorus|Stealth Rock|p1a: Tornadus\n|-sidestart|p1: El Stefano|move: Stealth Rock\n|\n|upkeep\n|turn|8\n|\n|t:|1667319145\n|switch|p2a: Tyranitar|Tyranitar, F|100\/100\n|-weather|Sandstorm|[from] ability: Sand Stream|[of] p2a: Tyranitar\n|move|p1a: Tornadus|Taunt|p2a: Tyranitar\n|-start|p2a: Tyranitar|move: Taunt\n|\n|-weather|Sandstorm|[upkeep]\n|-damage|p1a: Tornadus|78\/100|[from] Sandstorm\n|upkeep\n|turn|9\n|j| anarc0\n|\n|t:|1667319151\n|switch|p1a: Quagsire|Quagsire, F|100\/100\n|-damage|p1a: Quagsire|94\/100|[from] Stealth Rock\n|move|p2a: Tyranitar|Stone Edge|p1a: Quagsire\n|-resisted|p1a: Quagsire\n|-damage|p1a: Quagsire|64\/100\n|\n|-weather|Sandstorm|[upkeep]\n|-heal|p1a: Quagsire|70\/100|[from] item: Leftovers\n|upkeep\n|turn|10\n|\n|t:|1667319162\n|switch|p2a: Slowbro|Slowbro, F|100\/100 tox\n|move|p1a: Quagsire|Toxic|p2a: Slowbro\n|-fail|p2a: Slowbro|tox\n|\n|-weather|Sandstorm|[upkeep]\n|-damage|p2a: Slowbro|94\/100 tox|[from] Sandstorm\n|-heal|p1a: Quagsire|76\/100|[from] item: Leftovers\n|-damage|p2a: Slowbro|88\/100 tox|[from] psn\n|upkeep\n|turn|11\n|\n|t:|1667319166\n|move|p1a: Quagsire|Recover|p1a: Quagsire\n|-heal|p1a: Quagsire|100\/100\n|move|p2a: Slowbro|Teleport|p2a: Slowbro\n|j| 2(H2O)-Alt\n|\n|t:|1667319168\n|switch|p2a: Kartana|Kartana|100\/100|[from]move: Teleport\n|\n|-weather|Sandstorm|[upkeep]\n|upkeep\n|turn|12\n|\n|t:|1667319176\n|switch|p1a: Toxapex|Toxapex, F|100\/100\n|-damage|p1a: Toxapex|88\/100|[from] Stealth Rock\n|move|p2a: Kartana|Leaf Blade|p1a: Toxapex\n|-damage|p1a: Toxapex|53\/100\n|-damage|p2a: Kartana|84\/100|[from] item: Rocky Helmet|[of] p1a: Toxapex\n|\n|-weather|none\n|upkeep\n|turn|13\n|j| xiezhouqun1\n|\n|t:|1667319189\n|switch|p2a: Slowbro|Slowbro, F|100\/100 tox\n|switch|p1a: Tornadus|Tornadus-Therian, M|100\/100\n|-damage|p1a: Tornadus|76\/100|[from] Stealth Rock\n|\n|-damage|p2a: Slowbro|94\/100 tox|[from] psn\n|upkeep\n|turn|14\n|j| user1_ou\n|\n|t:|1667319194\n|move|p1a: Tornadus|Taunt|p2a: Slowbro\n|-start|p2a: Slowbro|move: Taunt\n|move|p2a: Slowbro|Ice Beam|p1a: Tornadus\n|-supereffective|p1a: Tornadus\n|-damage|p1a: Tornadus|31\/100\n|\n|-damage|p2a: Slowbro|82\/100 tox|[from] psn\n|upkeep\n|turn|15\n|\n|t:|1667319201\n|switch|p1a: Reuniclus|Reuniclus, M|100\/100\n|-damage|p1a: Reuniclus|88\/100|[from] Stealth Rock\n|move|p2a: Slowbro|Ice Beam|p1a: Reuniclus\n|-damage|p1a: Reuniclus|78\/100\n|\n|-damage|p2a: Slowbro|64\/100 tox|[from] psn\n|upkeep\n|turn|16\n|\n|t:|1667319207\n|switch|p2a: Blacephalon|Blacephalon|100\/100\n|move|p1a: Reuniclus|Knock Off|p2a: Blacephalon\n|-supereffective|p2a: Blacephalon\n|-damage|p2a: Blacephalon|31\/100\n|-enditem|p2a: Blacephalon|Choice Specs|[from] move: Knock Off|[of] p1a: Reuniclus\n|\n|upkeep\n|turn|17\n|\n|t:|1667319217\n|move|p2a: Blacephalon|Shadow Ball|p1a: Reuniclus\n|-supereffective|p1a: Reuniclus\n|-damage|p1a: Reuniclus|34\/100\n|move|p1a: Reuniclus|Psyshock|p2a: Blacephalon\n|-damage|p2a: Blacephalon|0 fnt\n|faint|p2a: Blacephalon\n|\n|upkeep\n|\n|t:|1667319223\n|switch|p2a: Tyranitar|Tyranitar, F|100\/100\n|-weather|Sandstorm|[from] ability: Sand Stream|[of] p2a: Tyranitar\n|turn|18\n|\n|t:|1667319230\n|switch|p1a: Quagsire|Quagsire, F|100\/100\n|-damage|p1a: Quagsire|94\/100|[from] Stealth Rock\n|move|p2a: Tyranitar|Crunch|p1a: Quagsire\n|-damage|p1a: Quagsire|48\/100\n|\n|-weather|Sandstorm|[upkeep]\n|-heal|p1a: Quagsire|54\/100|[from] item: Leftovers\n|upkeep\n|turn|19\n|\n|t:|1667319242\n|move|p2a: Tyranitar|Crunch|p1a: Quagsire\n|-damage|p1a: Quagsire|9\/100\n|move|p1a: Quagsire|Recover|p1a: Quagsire\n|-heal|p1a: Quagsire|59\/100\n|\n|-weather|Sandstorm|[upkeep]\n|-heal|p1a: Quagsire|65\/100|[from] item: Leftovers\n|upkeep\n|turn|20\n|\n|t:|1667319251\n|move|p2a: Tyranitar|Crunch|p1a: Quagsire\n|-damage|p1a: Quagsire|18\/100\n|-unboost|p1a: Quagsire|def|1\n|move|p1a: Quagsire|Recover|p1a: Quagsire\n|-heal|p1a: Quagsire|68\/100\n|\n|-weather|Sandstorm|[upkeep]\n|-heal|p1a: Quagsire|74\/100|[from] item: Leftovers\n|upkeep\n|turn|21\n|\n|t:|1667319261\n|switch|p1a: Toxapex|Toxapex, F|86\/100\n|-damage|p1a: Toxapex|74\/100|[from] Stealth Rock\n|move|p2a: Tyranitar|Crunch|p1a: Toxapex\n|-damage|p1a: Toxapex|35\/100\n|-damage|p2a: Tyranitar|84\/100|[from] item: Rocky Helmet|[of] p1a: Toxapex\n|\n|-weather|Sandstorm|[upkeep]\n|-damage|p1a: Toxapex|29\/100|[from] Sandstorm\n|upkeep\n|turn|22\n|l| anarc0\n|\n|t:|1667319273\n|switch|p1a: Umbreon|Umbreon, F|100\/100\n|-damage|p1a: Umbreon|88\/100|[from] Stealth Rock\n|move|p2a: Tyranitar|Crunch|p1a: Umbreon\n|-resisted|p1a: Umbreon\n|-damage|p1a: Umbreon|68\/100\n|\n|-weather|none\n|-heal|p1a: Umbreon|74\/100|[from] item: Leftovers\n|upkeep\n|turn|23\n|\n|t:|1667319280\n|switch|p2a: Slowbro|Slowbro, F|97\/100 tox\n|switch|p1a: Toxapex|Toxapex, F|62\/100\n|-damage|p1a: Toxapex|50\/100|[from] Stealth Rock\n|\n|-damage|p2a: Slowbro|91\/100 tox|[from] psn\n|upkeep\n|turn|24\n|\n|t:|1667319293\n|move|p1a: Toxapex|Toxic Spikes|p2a: Slowbro\n|-sidestart|p2: Ladmaw|move: Toxic Spikes\n|move|p2a: Slowbro|Teleport|p2a: Slowbro\n|\n|t:|1667319296\n|switch|p2a: Zapdos|Zapdos|100\/100|[from]move: Teleport\n|\n|upkeep\n|turn|25\n|\n|t:|1667319302\n|switch|p1a: Reuniclus|Reuniclus, M|68\/100\n|-damage|p1a: Reuniclus|55\/100|[from] Stealth Rock\n|move|p2a: Zapdos|Defog|p1a: Reuniclus\n|-unboost|p1a: Reuniclus|evasion|1\n|-sideend|p1: El Stefano|Stealth Rock|[from] move: Defog|[of] p2a: Zapdos\n|-sideend|p2: Ladmaw|Toxic Spikes|[from] move: Defog|[of] p2a: Zapdos\n|\n|upkeep\n|turn|26\n|\n|t:|1667319311\n|move|p2a: Zapdos|Volt Switch|p1a: Reuniclus\n|-damage|p1a: Reuniclus|41\/100\n|\n|t:|1667319314\n|switch|p2a: Slowbro|Slowbro, F|100\/100 tox|[from]move: Volt Switch\n|move|p1a: Reuniclus|Future Sight|p2a: Slowbro\n|-start|p1a: Reuniclus|move: Future Sight\n|\n|-damage|p2a: Slowbro|94\/100 tox|[from] psn\n|upkeep\n|turn|27\n|\n|t:|1667319330\n|switch|p1a: Toxapex|Toxapex, F|83\/100\n|move|p2a: Slowbro|Teleport|p2a: Slowbro\n|\n|t:|1667319334\n|switch|p2a: Tyranitar|Tyranitar, F|84\/100|[from]move: Teleport\n|-weather|Sandstorm|[from] ability: Sand Stream|[of] p2a: Tyranitar\n|\n|-weather|Sandstorm|[upkeep]\n|-damage|p1a: Toxapex|76\/100|[from] Sandstorm\n|upkeep\n|turn|28\n|\n|t:|1667319339\n|move|p2a: Tyranitar|Stone Edge|p1a: Toxapex|[miss]\n|-miss|p2a: Tyranitar|p1a: Toxapex\n|move|p1a: Toxapex|Toxic|p2a: Tyranitar\n|-status|p2a: Tyranitar|tox\n|\n|-weather|Sandstorm|[upkeep]\n|-damage|p1a: Toxapex|70\/100|[from] Sandstorm\n|-end|p2a: Tyranitar|move: Future Sight\n|-immune|p2a: Tyranitar\n|-damage|p2a: Tyranitar|78\/100 tox|[from] psn\n|upkeep\n|turn|29\n|\n|t:|1667319344\n|switch|p1a: Quagsire|Quagsire, F|74\/100\n|move|p2a: Tyranitar|Stone Edge|p1a: Quagsire\n|-resisted|p1a: Quagsire\n|-damage|p1a: Quagsire|44\/100\n|\n|-weather|Sandstorm|[upkeep]\n|-heal|p1a: Quagsire|50\/100|[from] item: Leftovers\n|-damage|p2a: Tyranitar|66\/100 tox|[from] psn\n|upkeep\n|turn|30\n|-message|Ladmaw forfeited.\n|\n|win|El Stefano\n|raw|El Stefano's rating: 1767 &rarr; <strong>1786<\/strong><br \/>(+19 for winning)\n|raw|Ladmaw's rating: 1750 &rarr; <strong>1731<\/strong><br \/>(-19 for losing)\n|l|\u2606Ladmaw\n|l| 2(H2O)-Alt\n||Ladder isn't responding, score probably updated but might not have (Request timeout).\n","uploadtime":1667319352,"views":22,"p1id":"elstefano","p2id":"ladmaw","formatid":"gen8ou","rating":1731,"private":0,"password":null}