{"id":"gen8ou-1559124931","p1":"Mutako Z","p2":"bizarman","format":"gen8ou","log":"|j|\u2606Mutako Z\n|j|\u2606bizarman\n|t:|1650649140\n|gametype|singles\n|player|p1|Mutako Z|cynthia-gen4|1722\n|player|p2|bizarman|scientist-gen4|1878\n|teamsize|p1|6\n|teamsize|p2|6\n|gen|8\n|tier|[Gen 8] OU\n|rated|\n|rule|Sleep Clause Mod: Limit one foe put to sleep\n|rule|Species Clause: Limit one of each Pok\u00e9mon\n|rule|OHKO Clause: OHKO moves are banned\n|rule|Evasion Moves Clause: Evasion moves are banned\n|rule|Endless Battle Clause: Forcing endless battles is banned\n|rule|HP Percentage Mod: HP is shown in percentages\n|rule|Dynamax Clause: You cannot dynamax\n|clearpoke\n|poke|p1|Melmetal|\n|poke|p1|Tapu Lele|\n|poke|p1|Dragonite, F|\n|poke|p1|Landorus-Therian, M|\n|poke|p1|Heatran, M|\n|poke|p1|Cloyster, F|\n|poke|p2|Incineroar, F|\n|poke|p2|Garchomp, F|\n|poke|p2|Tapu Koko|\n|poke|p2|Landorus-Therian, M|\n|poke|p2|Celesteela|\n|poke|p2|Kartana|\n|teampreview\n|inactive|Battle timer is ON: inactive players will automatically lose when time's up. (requested by bizarman)\n|\n|t:|1650649154\n|start\n|switch|p1a: Landorus|Landorus-Therian, M|100\/100\n|switch|p2a: Landorus|Landorus-Therian, M|100\/100\n|-ability|p2a: Landorus|Intimidate|boost\n|-unboost|p1a: Landorus|atk|1\n|-ability|p1a: Landorus|Intimidate|boost\n|-unboost|p2a: Landorus|atk|1\n|turn|1\n|\n|t:|1650649162\n|move|p1a: Landorus|Knock Off|p2a: Landorus\n|-damage|p2a: Landorus|75\/100\n|-enditem|p2a: Landorus|Focus Sash|[from] move: Knock Off|[of] p1a: Landorus\n|move|p2a: Landorus|Stealth Rock|p1a: Landorus\n|-sidestart|p1: Mutako Z|move: Stealth Rock\n|\n|upkeep\n|turn|2\n|\n|t:|1650649168\n|move|p2a: Landorus|Swords Dance|p2a: Landorus\n|-boost|p2a: Landorus|atk|2\n|move|p1a: Landorus|Defog|p2a: Landorus\n|-unboost|p2a: Landorus|evasion|1\n|-sideend|p1: Mutako Z|Stealth Rock|[from] move: Defog|[of] p1a: Landorus\n|\n|upkeep\n|turn|3\n|\n|t:|1650649174\n|move|p1a: Landorus|Knock Off|p2a: Landorus\n|-damage|p2a: Landorus|58\/100\n|move|p2a: Landorus|Stealth Rock|p1a: Landorus\n|-sidestart|p1: Mutako Z|move: Stealth Rock\n|\n|upkeep\n|turn|4\n|\n|t:|1650649179\n|move|p1a: Landorus|Knock Off|p2a: Landorus\n|-damage|p2a: Landorus|43\/100\n|move|p2a: Landorus|Explosion|p1a: Landorus\n|-damage|p1a: Landorus|0 fnt\n|faint|p2a: Landorus\n|faint|p1a: Landorus\n|\n|upkeep\n|\n|t:|1650649190\n|switch|p1a: Melmetal|Melmetal|100\/100\n|switch|p2a: Tapu Koko|Tapu Koko|100\/100\n|-fieldstart|move: Electric Terrain|[from] ability: Electric Surge|[of] p2a: Tapu Koko\n|-damage|p1a: Melmetal|94\/100|[from] Stealth Rock\n|turn|5\n|\n|t:|1650649197\n|move|p2a: Tapu Koko|Reflect|p2a: Tapu Koko\n|-sidestart|p2: bizarman|Reflect\n|move|p1a: Melmetal|Earthquake|p2a: Tapu Koko\n|-supereffective|p2a: Tapu Koko\n|-damage|p2a: Tapu Koko|42\/100\n|-damage|p1a: Melmetal|84\/100|[from] item: Life Orb\n|\n|upkeep\n|turn|6\n|j| supahotnicememe\n|\n|t:|1650649203\n|move|p2a: Tapu Koko|U-turn|p1a: Melmetal\n|-resisted|p1a: Melmetal\n|-damage|p1a: Melmetal|79\/100\n|\n|t:|1650649206\n|switch|p2a: Celesteela|Celesteela|100\/100|[from]move: U-turn\n|move|p1a: Melmetal|Earthquake|p2a: Celesteela\n|-immune|p2a: Celesteela\n|\n|upkeep\n|turn|7\n|j| EarlyNoob1994\n|\n|t:|1650649224\n|switch|p1a: Dragonite|Dragonite, F|100\/100\n|-damage|p1a: Dragonite|76\/100|[from] Stealth Rock\n|move|p2a: Celesteela|Flamethrower|p1a: Dragonite\n|-resisted|p1a: Dragonite\n|-damage|p1a: Dragonite|59\/100\n|\n|-heal|p1a: Dragonite|65\/100|[from] item: Leftovers\n|upkeep\n|turn|8\n|l| supahotnicememe\n|\n|t:|1650649233\n|move|p1a: Dragonite|Dragon Dance|p1a: Dragonite\n|-boost|p1a: Dragonite|atk|1\n|-boost|p1a: Dragonite|spe|1\n|move|p2a: Celesteela|Autotomize|p2a: Celesteela\n|-boost|p2a: Celesteela|spe|2\n|-start|p2a: Celesteela|Autotomize\n|\n|-heal|p1a: Dragonite|71\/100|[from] item: Leftovers\n|upkeep\n|turn|9\n|\n|t:|1650649241\n|move|p2a: Celesteela|Meteor Beam||[still]\n|-prepare|p2a: Celesteela|Meteor Beam\n|-boost|p2a: Celesteela|spa|1\n|-enditem|p2a: Celesteela|Power Herb\n|-anim|p2a: Celesteela|Meteor Beam|p1a: Dragonite\n|-supereffective|p1a: Dragonite\n|-damage|p1a: Dragonite|0 fnt\n|faint|p1a: Dragonite\n|-ability|p2a: Celesteela|Beast Boost|boost\n|-boost|p2a: Celesteela|spa|1\n|\n|-fieldend|move: Electric Terrain\n|upkeep\n|\n|t:|1650649253\n|switch|p1a: Heatran|Heatran, M|100\/100\n|-damage|p1a: Heatran|88\/100|[from] Stealth Rock\n|turn|10\n|j| Electronno\n|inactive|bizarman has 120 seconds left.\n|\n|t:|1650649291\n|switch|p2a: Garchomp|Garchomp, F|100\/100\n|move|p1a: Heatran|Magma Storm|p2a: Garchomp\n|-resisted|p2a: Garchomp\n|-damage|p2a: Garchomp|75\/100\n|-activate|p2a: Garchomp|move: Magma Storm|[of] p1a: Heatran\n|\n|-heal|p1a: Heatran|94\/100|[from] item: Leftovers\n|-damage|p2a: Garchomp|63\/100|[from] move: Magma Storm|[partiallytrapped]\n|upkeep\n|turn|11\n|inactive|bizarman has 120 seconds left.\n|\n|t:|1650649307\n|move|p2a: Garchomp|Earthquake|p1a: Heatran\n|-supereffective|p1a: Heatran\n|-damage|p1a: Heatran|0 fnt\n|faint|p1a: Heatran\n|\n|-end|p2a: Garchomp|Magma Storm|[partiallytrapped]|[silent]\n|upkeep\n|\n|t:|1650649317\n|switch|p1a: Cloyster|Cloyster, F|100\/100\n|-damage|p1a: Cloyster|76\/100|[from] Stealth Rock\n|turn|12\n|\n|t:|1650649324\n|move|p2a: Garchomp|Earthquake|p1a: Cloyster\n|-damage|p1a: Cloyster|31\/100\n|move|p1a: Cloyster|Shell Smash|p1a: Cloyster\n|-unboost|p1a: Cloyster|def|1\n|-unboost|p1a: Cloyster|spd|1\n|-boost|p1a: Cloyster|atk|2\n|-boost|p1a: Cloyster|spa|2\n|-boost|p1a: Cloyster|spe|2\n|\n|-sideend|p2: bizarman|Reflect\n|upkeep\n|turn|13\n|\n|t:|1650649332\n|move|p1a: Cloyster|Icicle Spear|p2a: Garchomp\n|-supereffective|p2a: Garchomp\n|-enditem|p2a: Garchomp|Yache Berry|[eat]\n|-enditem|p2a: Garchomp|Yache Berry|[weaken]\n|-damage|p2a: Garchomp|14\/100\n|-supereffective|p2a: Garchomp\n|-damage|p2a: Garchomp|0 fnt\n|faint|p2a: Garchomp\n|-hitcount|p2: Garchomp|2\n|\n|upkeep\n|\n|t:|1650649339\n|switch|p2a: Kartana|Kartana|100\/100\n|turn|14\n|\n|t:|1650649342\n|move|p2a: Kartana|Leaf Blade|p1a: Cloyster\n|-supereffective|p1a: Cloyster\n|-damage|p1a: Cloyster|0 fnt\n|faint|p1a: Cloyster\n|-ability|p2a: Kartana|Beast Boost|boost\n|-boost|p2a: Kartana|atk|1\n|\n|upkeep\n|\n|t:|1650649348\n|switch|p1a: Melmetal|Melmetal|79\/100\n|-damage|p1a: Melmetal|73\/100|[from] Stealth Rock\n|turn|15\n|\n|t:|1650649367\n|move|p2a: Kartana|Leaf Blade|p1a: Melmetal\n|-resisted|p1a: Melmetal\n|-damage|p1a: Melmetal|50\/100\n|move|p1a: Melmetal|Double Iron Bash|p2a: Kartana\n|-resisted|p2a: Kartana\n|-damage|p2a: Kartana|70\/100\n|-resisted|p2a: Kartana\n|-damage|p2a: Kartana|39\/100\n|-hitcount|p2a: Kartana|2\n|-damage|p1a: Melmetal|40\/100|[from] item: Life Orb\n|\n|upkeep\n|turn|16\n|j| Jokari\n|\n|t:|1650649376\n|move|p2a: Kartana|Leaf Blade|p1a: Melmetal\n|-resisted|p1a: Melmetal\n|-damage|p1a: Melmetal|14\/100\n|move|p1a: Melmetal|Double Iron Bash|p2a: Kartana\n|-resisted|p2a: Kartana\n|-damage|p2a: Kartana|9\/100\n|-resisted|p2a: Kartana\n|-damage|p2a: Kartana|0 fnt\n|faint|p2a: Kartana\n|-hitcount|p2: Kartana|2\n|-damage|p1a: Melmetal|4\/100|[from] item: Life Orb\n|\n|upkeep\n|\n|t:|1650649395\n|switch|p2a: Tapu Koko|Tapu Koko|42\/100\n|-fieldstart|move: Electric Terrain|[from] ability: Electric Surge|[of] p2a: Tapu Koko\n|turn|17\n|\n|t:|1650649399\n|move|p2a: Tapu Koko|Light Screen|p2a: Tapu Koko\n|-sidestart|p2: bizarman|move: Light Screen\n|move|p1a: Melmetal|Double Iron Bash|p2a: Tapu Koko\n|-damage|p2a: Tapu Koko|0 fnt\n|faint|p2a: Tapu Koko\n|-hitcount|p2: Tapu Koko|1\n|-damage|p1a: Melmetal|0 fnt|[from] item: Life Orb\n|faint|p1a: Melmetal\n|\n|upkeep\n|\n|t:|1650649407\n|switch|p2a: Celesteela|Celesteela|100\/100\n|switch|p1a: Tapu Lele|Tapu Lele|100\/100\n|-damage|p1a: Tapu Lele|88\/100|[from] Stealth Rock\n|-fieldstart|move: Psychic Terrain|[from] ability: Psychic Surge|[of] p1a: Tapu Lele\n|turn|18\n|\n|t:|1650649414\n|move|p1a: Tapu Lele|Focus Blast|p2a: Celesteela\n|-damage|p2a: Celesteela|80\/100\n|move|p2a: Celesteela|Meteor Beam||[still]\n|-prepare|p2a: Celesteela|Meteor Beam\n|-boost|p2a: Celesteela|spa|1\n|\n|upkeep\n|turn|19\n|\n|t:|1650649420\n|move|p1a: Tapu Lele|Focus Blast|p2a: Celesteela\n|-damage|p2a: Celesteela|59\/100\n|move|p2a: Celesteela|Meteor Beam|p1a: Tapu Lele|[from]lockedmove\n|-damage|p1a: Tapu Lele|20\/100\n|\n|upkeep\n|turn|20\n|\n|t:|1650649428\n|move|p1a: Tapu Lele|Focus Blast|p2a: Celesteela\n|-damage|p2a: Celesteela|40\/100\n|move|p2a: Celesteela|Air Slash|p1a: Tapu Lele\n|-damage|p1a: Tapu Lele|0 fnt\n|faint|p1a: Tapu Lele\n|\n|win|bizarman\n|raw|Mutako Z's rating: 1722 &rarr; <strong>1710<\/strong><br \/>(-12 for losing)\n|raw|bizarman's rating: 1878 &rarr; <strong>1890<\/strong><br \/>(+12 for winning)\n|c|\u2606bizarman|gg\n|c|\u2606Mutako Z|gg\n|l| Jokari\n|l|\u2606bizarman\n|l|\u2606Mutako Z\n|j| ttv-error-yt\n||Ladder isn't responding, score probably updated but might not have (Request timeout).\n|l| Electronno\n","uploadtime":1650649520,"views":34,"p1id":"mutakoz","p2id":"bizarman","formatid":"gen8ou","rating":1710,"private":0,"password":null}