{"id":"gen8ou-1669088069","p1":"Spectre Ace","p2":"Pok et glace","format":"gen8ou","log":"|j|\u2606Spectre Ace\n|j|\u2606Pok et glace\n|t:|1663695884\n|gametype|singles\n|player|p1|Spectre Ace|juggler|1776\n|player|p2|Pok et glace|cynthia-masters|1967\n|teamsize|p1|6\n|teamsize|p2|6\n|gen|8\n|tier|[Gen 8] OU\n|rated|\n|rule|Sleep Clause Mod: Limit one foe put to sleep\n|rule|Species Clause: Limit one of each Pok\u00e9mon\n|rule|OHKO Clause: OHKO moves are banned\n|rule|Evasion Items Clause: Evasion items are banned\n|rule|Evasion Moves Clause: Evasion moves are banned\n|rule|Endless Battle Clause: Forcing endless battles is banned\n|rule|HP Percentage Mod: HP is shown in percentages\n|rule|Dynamax Clause: You cannot dynamax\n|clearpoke\n|poke|p1|Raichu-Alola, F|\n|poke|p1|Tapu Koko|\n|poke|p1|Ferrothorn, M|\n|poke|p1|Weavile, M|\n|poke|p1|Slowking-Galar, F|\n|poke|p1|Landorus-Therian, M|\n|poke|p2|Mew|\n|poke|p2|Crawdaunt, F|\n|poke|p2|Celesteela|\n|poke|p2|Garchomp, M|\n|poke|p2|Weavile, M|\n|poke|p2|Blacephalon|\n|teampreview\n|j| 8yccgogyc9y\n|c|\u2606Pok et glace|hf\n|\n|t:|1663695902\n|start\n|switch|p1a: Booker|Tapu Koko|100\/100\n|switch|p2a: Sperm thing|Mew|100\/100\n|-fieldstart|move: Electric Terrain|[from] ability: Electric Surge|[of] p1a: Booker\n|turn|1\n|\n|t:|1663695906\n|move|p1a: Booker|Thunderbolt|p2a: Sperm thing\n|-damage|p2a: Sperm thing|56\/100\n|move|p2a: Sperm thing|Stealth Rock|p1a: Booker\n|-sidestart|p1: Spectre Ace|move: Stealth Rock\n|\n|upkeep\n|turn|2\n|\n|t:|1663695910\n|move|p1a: Booker|Thunderbolt|p2a: Sperm thing\n|-damage|p2a: Sperm thing|15\/100\n|move|p2a: Sperm thing|Spikes|p1a: Booker\n|-sidestart|p1: Spectre Ace|Spikes\n|\n|upkeep\n|turn|3\n|\n|t:|1663695915\n|move|p1a: Booker|Thunderbolt|p2a: Sperm thing\n|-damage|p2a: Sperm thing|0 fnt\n|faint|p2a: Sperm thing\n|\n|upkeep\n|\n|t:|1663695920\n|switch|p2a: Blacephalon|Blacephalon|100\/100\n|turn|4\n|\n|t:|1663695932\n|switch|p1a: Samus|Slowking-Galar, F|100\/100\n|-damage|p1a: Samus|88\/100|[from] Stealth Rock\n|-damage|p1a: Samus|76\/100|[from] Spikes\n|move|p2a: Blacephalon|Flamethrower|p1a: Samus\n|-damage|p1a: Samus|51\/100\n|\n|upkeep\n|turn|5\n|\n|t:|1663695939\n|switch|p2a: Garchomp|Garchomp, M|100\/100\n|move|p1a: Samus|Earthquake|p2a: Garchomp\n|-damage|p2a: Garchomp|83\/100\n|\n|upkeep\n|turn|6\n|\n|t:|1663695942\n|move|p2a: Garchomp|Swords Dance|p2a: Garchomp\n|-boost|p2a: Garchomp|atk|2\n|move|p1a: Samus|Future Sight|p2a: Garchomp\n|-start|p1a: Samus|move: Future Sight\n|\n|upkeep\n|turn|7\n|j| meatybawls\n|\n|t:|1663695950\n|switch|p1a: Amadeus|Landorus-Therian, M|100\/100\n|-damage|p1a: Amadeus|88\/100|[from] Stealth Rock\n|-ability|p1a: Amadeus|Intimidate|boost\n|-unboost|p2a: Garchomp|atk|1\n|move|p2a: Garchomp|Aqua Tail|p1a: Amadeus\n|-supereffective|p1a: Amadeus\n|-damage|p1a: Amadeus|0 fnt\n|faint|p1a: Amadeus\n|\n|upkeep\n|\n|t:|1663695954\n|switch|p1a: Ocelot|Weavile, M, shiny|100\/100\n|-ability|p1a: Ocelot|Pressure\n|turn|8\n|j| 0SiegeWarfare\n|j| Crowv2\n|\n|t:|1663695969\n|switch|p2a: Hair|Weavile, M|100\/100\n|move|p1a: Ocelot|Knock Off|p2a: Hair\n|-resisted|p2a: Hair\n|-damage|p2a: Hair|62\/100\n|-enditem|p2a: Hair|Life Orb|[from] move: Knock Off|[of] p1a: Ocelot\n|-enditem|p1a: Ocelot|Heavy-Duty Boots|[silent]|[from] ability: Pickpocket|[of] p1a: Ocelot\n|-item|p2a: Hair|Heavy-Duty Boots|[from] ability: Pickpocket|[of] p1a: Ocelot\n|\n|-end|p2a: Hair|move: Future Sight\n|-immune|p2a: Hair\n|-fieldend|move: Electric Terrain\n|upkeep\n|turn|9\n|\n|t:|1663695981\n|move|p1a: Ocelot|Triple Axel|p2a: Hair\n|-resisted|p2a: Hair\n|-damage|p2a: Hair|53\/100\n|-resisted|p2a: Hair\n|-damage|p2a: Hair|36\/100\n|-resisted|p2a: Hair\n|-damage|p2a: Hair|13\/100\n|-hitcount|p2a: Hair|3\n|move|p2a: Hair|Triple Axel|p1a: Ocelot\n|-resisted|p1a: Ocelot\n|-damage|p1a: Ocelot|91\/100\n|-hitcount|p1a: Ocelot|1\n|\n|upkeep\n|turn|10\n|\n|t:|1663695991\n|move|p2a: Hair|Ice Shard|p1a: Ocelot\n|-resisted|p1a: Ocelot\n|-damage|p1a: Ocelot|73\/100\n|move|p1a: Ocelot|Knock Off|p2a: Hair\n|-resisted|p2a: Hair\n|-damage|p2a: Hair|0 fnt\n|-enditem|p2a: Hair|Heavy-Duty Boots|[from] move: Knock Off|[of] p1a: Ocelot\n|faint|p2a: Hair\n|\n|upkeep\n|\n|t:|1663695996\n|switch|p2a: Blacephalon|Blacephalon|100\/100\n|turn|11\n|\n|t:|1663696005\n|switch|p1a: Samus|Slowking-Galar, F|85\/100\n|-damage|p1a: Samus|72\/100|[from] Stealth Rock\n|-damage|p1a: Samus|60\/100|[from] Spikes\n|move|p2a: Blacephalon|Flamethrower|p1a: Samus\n|-damage|p1a: Samus|38\/100\n|-status|p1a: Samus|brn\n|\n|-damage|p1a: Samus|32\/100 brn|[from] brn\n|upkeep\n|turn|12\n|\n|t:|1663696011\n|move|p2a: Blacephalon|Flamethrower|p1a: Samus\n|-damage|p1a: Samus|10\/100 brn\n|move|p1a: Samus|Future Sight|p2a: Blacephalon\n|-start|p1a: Samus|move: Future Sight\n|\n|-damage|p1a: Samus|4\/100 brn|[from] brn\n|upkeep\n|turn|13\n|\n|t:|1663696018\n|move|p2a: Blacephalon|Flamethrower|p1a: Samus\n|-damage|p1a: Samus|0 fnt\n|faint|p1a: Samus\n|-ability|p2a: Blacephalon|Beast Boost|boost\n|-boost|p2a: Blacephalon|spa|1\n|\n|upkeep\n|\n|t:|1663696020\n|switch|p1a: Booker|Tapu Koko|100\/100\n|-damage|p1a: Booker|88\/100|[from] Stealth Rock\n|-damage|p1a: Booker|76\/100|[from] Spikes\n|-fieldstart|move: Electric Terrain|[from] ability: Electric Surge|[of] p1a: Booker\n|turn|14\n|\n|t:|1663696032\n|switch|p2a: Garchomp|Garchomp, M|83\/100\n|move|p1a: Booker|Thunderbolt|p2a: Garchomp\n|-immune|p2a: Garchomp\n|\n|-end|p2a: Garchomp|move: Future Sight\n|-damage|p2a: Garchomp|25\/100\n|upkeep\n|turn|15\n|\n|t:|1663696037\n|move|p1a: Booker|Dazzling Gleam|p2a: Garchomp\n|-supereffective|p2a: Garchomp\n|-damage|p2a: Garchomp|0 fnt\n|faint|p2a: Garchomp\n|\n|upkeep\n|\n|t:|1663696040\n|switch|p2a: Blacephalon|Blacephalon|100\/100\n|turn|16\n|\n|t:|1663696045\n|move|p2a: Blacephalon|Flamethrower|p1a: Booker\n|-damage|p1a: Booker|0 fnt\n|faint|p1a: Booker\n|-ability|p2a: Blacephalon|Beast Boost|boost\n|-boost|p2a: Blacephalon|spa|1\n|\n|upkeep\n|\n|t:|1663696047\n|switch|p1a: Valentine|Raichu-Alola, F, shiny|100\/100\n|-damage|p1a: Valentine|88\/100|[from] Stealth Rock\n|-damage|p1a: Valentine|76\/100|[from] Spikes\n|turn|17\n|\n|t:|1663696052\n|switch|p2a: Bod|Celesteela|100\/100\n|move|p1a: Valentine|Rising Voltage|p2a: Bod\n|-supereffective|p2a: Bod\n|-damage|p2a: Bod|0 fnt\n|faint|p2a: Bod\n|-damage|p1a: Valentine|66\/100|[from] item: Life Orb\n|\n|upkeep\n|\n|t:|1663696057\n|switch|p2a: Jaw|Crawdaunt, F|100\/100\n|turn|18\n|\n|t:|1663696060\n|switch|p1a: Sundowner|Ferrothorn, M, shiny|100\/100\n|-damage|p1a: Sundowner|94\/100|[from] Stealth Rock\n|-damage|p1a: Sundowner|82\/100|[from] Spikes\n|move|p2a: Jaw|Aqua Jet|p1a: Sundowner\n|-resisted|p1a: Sundowner\n|-damage|p1a: Sundowner|67\/100\n|-damage|p2a: Jaw|88\/100|[from] ability: Iron Barbs|[of] p1a: Sundowner\n|-damage|p2a: Jaw|78\/100|[from] item: Life Orb\n|\n|-heal|p1a: Sundowner|74\/100|[from] item: Leftovers\n|upkeep\n|turn|19\n|\n|t:|1663696064\n|switch|p2a: Blacephalon|Blacephalon|100\/100\n|move|p1a: Sundowner|Knock Off|p2a: Blacephalon\n|-supereffective|p2a: Blacephalon\n|-damage|p2a: Blacephalon|6\/100\n|-enditem|p2a: Blacephalon|Choice Scarf|[from] move: Knock Off|[of] p1a: Sundowner\n|\n|-heal|p1a: Sundowner|80\/100|[from] item: Leftovers\n|upkeep\n|turn|20\n|\n|t:|1663696074\n|switch|p1a: Valentine|Raichu-Alola, F, shiny|66\/100\n|-damage|p1a: Valentine|54\/100|[from] Stealth Rock\n|-damage|p1a: Valentine|41\/100|[from] Spikes\n|move|p2a: Blacephalon|Flamethrower|p1a: Valentine\n|-damage|p1a: Valentine|0 fnt\n|faint|p1a: Valentine\n|-ability|p2a: Blacephalon|Beast Boost|boost\n|-boost|p2a: Blacephalon|spa|1\n|\n|upkeep\n|\n|t:|1663696076\n|switch|p1a: Ocelot|Weavile, M, shiny|73\/100\n|-damage|p1a: Ocelot|48\/100|[from] Stealth Rock\n|-damage|p1a: Ocelot|35\/100|[from] Spikes\n|-ability|p1a: Ocelot|Pressure\n|turn|21\n|j| Hedon\n|\n|t:|1663696092\n|move|p1a: Ocelot|Ice Shard|p2a: Blacephalon\n|-resisted|p2a: Blacephalon\n|-damage|p2a: Blacephalon|0 fnt\n|faint|p2a: Blacephalon\n|\n|-fieldend|move: Electric Terrain\n|upkeep\n|\n|t:|1663696094\n|switch|p2a: Jaw|Crawdaunt, F|78\/100\n|turn|22\n|\n|t:|1663696097\n|move|p1a: Ocelot|Triple Axel|p2a: Jaw\n|-resisted|p2a: Jaw\n|-damage|p2a: Jaw|71\/100\n|-resisted|p2a: Jaw\n|-damage|p2a: Jaw|57\/100\n|-resisted|p2a: Jaw\n|-damage|p2a: Jaw|35\/100\n|-hitcount|p2a: Jaw|3\n|move|p2a: Jaw|Swords Dance|p2a: Jaw\n|-boost|p2a: Jaw|atk|2\n|\n|upkeep\n|turn|23\n|\n|t:|1663696104\n|switch|p1a: Sundowner|Ferrothorn, M, shiny|80\/100\n|-damage|p1a: Sundowner|74\/100|[from] Stealth Rock\n|-damage|p1a: Sundowner|61\/100|[from] Spikes\n|move|p2a: Jaw|Aqua Jet|p1a: Sundowner\n|-resisted|p1a: Sundowner\n|-damage|p1a: Sundowner|34\/100\n|-damage|p2a: Jaw|23\/100|[from] ability: Iron Barbs|[of] p1a: Sundowner\n|-damage|p2a: Jaw|13\/100|[from] item: Life Orb\n|\n|-heal|p1a: Sundowner|40\/100|[from] item: Leftovers\n|upkeep\n|turn|24\n|c|\u2606Pok et glace|damn\n|\n|t:|1663696111\n|move|p2a: Jaw|Knock Off|p1a: Sundowner\n|-crit|p1a: Sundowner\n|-damage|p1a: Sundowner|0 fnt\n|-damage|p2a: Jaw|0 fnt|[from] ability: Iron Barbs|[of] p1a: Sundowner\n|faint|p1a: Sundowner\n|faint|p2a: Jaw\n|\n|win|Spectre Ace\n|raw|Spectre Ace's rating: 1776 &rarr; <strong>1806<\/strong><br \/>(+30 for winning)\n|raw|Pok et glace's rating: 1967 &rarr; <strong>1937<\/strong><br \/>(-30 for losing)\n|c|\u2606Spectre Ace|Gg\n|c|\u2606Pok et glace|fucking hald an hour of progress\n|c|\u2606Pok et glace|gg\n|l|\u2606Pok et glace\n|l| Crowv2\n|c|\u2606Spectre Ace|50\/50 was tough\n|l| meatybawls\n|l| 8yccgogyc9y\n||Ladder isn't responding, score probably updated but might not have (Request timeout).\n|l| Hedon\n|l| 0SiegeWarfare\n","uploadtime":1663696301,"views":41,"p1id":"spectreace","p2id":"poketglace","formatid":"gen8ou","rating":1806,"private":0,"password":null}