{"id":"gen8ou-1508758998","p1":"Elkevin2004","p2":"Sombra Diurna","format":"gen8ou","log":"|j|\u2606Elkevin2004\n|j|\u2606Sombra Diurna\n|t:|1644584230\n|gametype|singles\n|player|p1|Elkevin2004|101|1588\n|player|p2|Sombra Diurna|chili|1707\n|teamsize|p1|6\n|teamsize|p2|6\n|gen|8\n|tier|[Gen 8] OU\n|rated|\n|rule|Sleep Clause Mod: Limit one foe put to sleep\n|rule|Species Clause: Limit one of each Pok\u00e9mon\n|rule|OHKO Clause: OHKO moves are banned\n|rule|Evasion Moves Clause: Evasion moves are banned\n|rule|Endless Battle Clause: Forcing endless battles is banned\n|rule|HP Percentage Mod: HP is shown in percentages\n|rule|Dynamax Clause: You cannot dynamax\n|clearpoke\n|poke|p1|Aegislash, M|\n|poke|p1|Tyranitar, F|\n|poke|p1|Weezing-Galar, F|\n|poke|p1|Hatterene, F|\n|poke|p1|Garchomp, M|\n|poke|p1|Rotom-Wash|\n|poke|p2|Slowbro, F|\n|poke|p2|Hatterene, F|\n|poke|p2|Marowak-Alola, F|\n|poke|p2|Ferrothorn, M|\n|poke|p2|Garchomp, M|\n|poke|p2|Drampa, F|\n|teampreview\n|\n|t:|1644584243\n|start\n|switch|p1a: Aegislash|Aegislash, M|100\/100\n|switch|p2a: Sharpo|Garchomp, M|100\/100\n|turn|1\n|\n|t:|1644584250\n|switch|p1a: Weezing|Weezing-Galar, F|100\/100\n|move|p2a: Sharpo|Earthquake|p1a: Weezing\n|-immune|p1a: Weezing|[from] ability: Levitate\n|\n|upkeep\n|turn|2\n|inactive|Battle timer is ON: inactive players will automatically lose when time's up. (requested by Elkevin2004)\n|\n|t:|1644584269\n|switch|p2a: Hatterene|Hatterene, F|100\/100\n|move|p1a: Weezing|Toxic Spikes|p2a: Hatterene\n|move|p2a: Hatterene|Toxic Spikes|p1a: Weezing|[from]ability: Magic Bounce\n|-sidestart|p1: Elkevin2004|move: Toxic Spikes\n|\n|upkeep\n|turn|3\n|\n|t:|1644584277\n|switch|p1a: Aegislash|Aegislash, M|100\/100\n|move|p2a: Hatterene|Trick Room|p2a: Hatterene\n|-fieldstart|move: Trick Room|[of] p2a: Hatterene\n|\n|upkeep\n|turn|4\n|\n|t:|1644584283\n|switch|p2a: Falko|Drampa, F|100\/100\n|move|p1a: Aegislash|Substitute|p1a: Aegislash\n|-start|p1a: Aegislash|Substitute\n|-damage|p1a: Aegislash|75\/100\n|\n|-heal|p1a: Aegislash|82\/100|[from] item: Leftovers\n|upkeep\n|turn|5\n|\n|t:|1644584293\n|switch|p2a: Thorns|Ferrothorn, M|100\/100\n|move|p1a: Aegislash|Toxic|p2a: Thorns|[miss]\n|-miss|p1a: Aegislash|p2a: Thorns\n|\n|-heal|p1a: Aegislash|88\/100|[from] item: Leftovers\n|upkeep\n|turn|6\n|\n|t:|1644584303\n|switch|p1a: Weezing|Weezing-Galar, F|100\/100\n|move|p2a: Thorns|Leech Seed|p1a: Weezing\n|-start|p1a: Weezing|move: Leech Seed\n|\n|-damage|p1a: Weezing|88\/100|[from] Leech Seed|[of] p2a: Thorns\n|upkeep\n|turn|7\n|\n|t:|1644584311\n|switch|p1a: Aegislash|Aegislash, M|88\/100\n|move|p2a: Thorns|Gyro Ball|p1a: Aegislash\n|-resisted|p1a: Aegislash\n|-damage|p1a: Aegislash|76\/100\n|\n|-heal|p1a: Aegislash|82\/100|[from] item: Leftovers\n|-fieldend|move: Trick Room\n|upkeep\n|turn|8\n|j| zhengxd\n|\n|t:|1644584326\n|switch|p1a: Weezing|Weezing-Galar, F|88\/100\n|move|p2a: Thorns|Power Whip|p1a: Weezing\n|-resisted|p1a: Weezing\n|-damage|p1a: Weezing|74\/100\n|-damage|p2a: Thorns|84\/100|[from] item: Rocky Helmet|[of] p1a: Weezing\n|\n|-heal|p2a: Thorns|90\/100|[from] item: Leftovers\n|upkeep\n|turn|9\n|\n|t:|1644584341\n|switch|p1a: Rotom|Rotom-Wash|100\/100\n|switch|p2a: Hatterene|Hatterene, F|100\/100\n|\n|upkeep\n|turn|10\n|\n|t:|1644584348\n|move|p1a: Rotom|Volt Switch|p2a: Hatterene\n|-damage|p2a: Hatterene|82\/100\n|\n|t:|1644584352\n|switch|p1a: Aegislash|Aegislash, M|82\/100|[from]move: Volt Switch\n|move|p2a: Hatterene|Trick Room|p2a: Hatterene\n|-fieldstart|move: Trick Room|[of] p2a: Hatterene\n|\n|-heal|p1a: Aegislash|88\/100|[from] item: Leftovers\n|upkeep\n|turn|11\n|\n|t:|1644584360\n|move|p2a: Hatterene|Mystical Fire|p1a: Aegislash\n|-supereffective|p1a: Aegislash\n|-damage|p1a: Aegislash|60\/100\n|-unboost|p1a: Aegislash|spa|1\n|move|p1a: Aegislash|Substitute|p1a: Aegislash\n|-start|p1a: Aegislash|Substitute\n|-damage|p1a: Aegislash|35\/100\n|\n|-heal|p1a: Aegislash|42\/100|[from] item: Leftovers\n|upkeep\n|turn|12\n|\n|t:|1644584370\n|move|p2a: Hatterene|Mystical Fire|p1a: Aegislash\n|-supereffective|p1a: Aegislash\n|-end|p1a: Aegislash|Substitute\n|-formechange|p1a: Aegislash|Aegislash-Blade||[from] ability: Stance Change\n|move|p1a: Aegislash|Shadow Ball|p2a: Hatterene\n|-supereffective|p2a: Hatterene\n|-enditem|p2a: Hatterene|Kasib Berry|[eat]\n|-enditem|p2a: Hatterene|Kasib Berry|[weaken]\n|-damage|p2a: Hatterene|63\/100\n|-unboost|p2a: Hatterene|spd|1\n|\n|-heal|p1a: Aegislash|48\/100|[from] item: Leftovers\n|upkeep\n|turn|13\n|\n|t:|1644584386\n|switch|p1a: Rotom|Rotom-Wash|100\/100\n|move|p2a: Hatterene|Mystical Fire|p1a: Rotom\n|-resisted|p1a: Rotom\n|-damage|p1a: Rotom|89\/100\n|-unboost|p1a: Rotom|spa|1\n|\n|-heal|p1a: Rotom|95\/100|[from] item: Leftovers\n|upkeep\n|turn|14\n|\n|t:|1644584397\n|move|p2a: Hatterene|Draining Kiss|p1a: Rotom\n|-damage|p1a: Rotom|73\/100\n|-heal|p2a: Hatterene|78\/100|[from] drain|[of] p1a: Rotom\n|move|p1a: Rotom|Volt Switch|p2a: Hatterene\n|-damage|p2a: Hatterene|60\/100\n|\n|t:|1644584403\n|switch|p1a: Aegislash|Aegislash, M|48\/100|[from]move: Volt Switch\n|\n|-heal|p1a: Aegislash|54\/100|[from] item: Leftovers\n|-fieldend|move: Trick Room\n|upkeep\n|turn|15\n|\n|t:|1644584410\n|switch|p2a: Falko|Drampa, F|100\/100\n|move|p1a: Aegislash|Substitute|p1a: Aegislash\n|-start|p1a: Aegislash|Substitute\n|-damage|p1a: Aegislash|29\/100\n|\n|-heal|p1a: Aegislash|35\/100|[from] item: Leftovers\n|upkeep\n|turn|16\n|\n|t:|1644584423\n|switch|p2a: Thorns|Ferrothorn, M|90\/100\n|-formechange|p1a: Aegislash|Aegislash-Blade||[from] ability: Stance Change\n|move|p1a: Aegislash|Close Combat|p2a: Thorns\n|-supereffective|p2a: Thorns\n|-damage|p2a: Thorns|29\/100\n|-unboost|p1a: Aegislash|def|1\n|-unboost|p1a: Aegislash|spd|1\n|-damage|p1a: Aegislash|23\/100|[from] ability: Iron Barbs|[of] p2a: Thorns\n|\n|-heal|p1a: Aegislash|29\/100|[from] item: Leftovers\n|-heal|p2a: Thorns|35\/100|[from] item: Leftovers\n|upkeep\n|turn|17\n|\n|t:|1644584443\n|switch|p2a: Sharpo|Garchomp, M|100\/100\n|move|p1a: Aegislash|Shadow Ball|p2a: Sharpo\n|-damage|p2a: Sharpo|61\/100\n|\n|-heal|p2a: Sharpo|67\/100|[from] item: Leftovers\n|-heal|p1a: Aegislash|35\/100|[from] item: Leftovers\n|upkeep\n|turn|18\n|\n|t:|1644584454\n|move|p2a: Sharpo|Earthquake|p1a: Aegislash\n|-supereffective|p1a: Aegislash\n|-end|p1a: Aegislash|Substitute\n|move|p1a: Aegislash|Toxic|p2a: Sharpo\n|-status|p2a: Sharpo|tox\n|\n|-heal|p2a: Sharpo|73\/100 tox|[from] item: Leftovers\n|-heal|p1a: Aegislash|41\/100|[from] item: Leftovers\n|-damage|p2a: Sharpo|67\/100 tox|[from] psn\n|upkeep\n|turn|19\n|\n|t:|1644584465\n|switch|p2a: Hatterene|Hatterene, F|60\/100\n|switch|p1a: Weezing|Weezing-Galar, F|74\/100\n|\n|upkeep\n|turn|20\n|\n|t:|1644584472\n|move|p1a: Weezing|Defog|p2a: Hatterene\n|move|p2a: Hatterene|Defog|p1a: Weezing|[from]ability: Magic Bounce\n|-unboost|p1a: Weezing|evasion|1\n|-sideend|p1: Elkevin2004|Toxic Spikes|[from] move: Defog|[of] p2a: Hatterene\n|move|p2a: Hatterene|Trick Room|p2a: Hatterene\n|-fieldstart|move: Trick Room|[of] p2a: Hatterene\n|\n|upkeep\n|turn|21\n|\n|t:|1644584487\n|switch|p2a: Falko|Drampa, F|100\/100\n|switch|p1a: Tyranitar|Tyranitar, F|100\/100\n|-weather|Sandstorm|[from] ability: Sand Stream|[of] p1a: Tyranitar\n|\n|-weather|Sandstorm|[upkeep]\n|-damage|p2a: Falko|94\/100|[from] Sandstorm\n|upkeep\n|turn|22\n|\n|t:|1644584495\n|switch|p1a: Weezing|Weezing-Galar, F|74\/100\n|move|p2a: Falko|Focus Blast|p1a: Weezing\n|-resisted|p1a: Weezing\n|-damage|p1a: Weezing|57\/100\n|-damage|p2a: Falko|85\/100|[from] item: Life Orb\n|\n|-weather|Sandstorm|[upkeep]\n|-damage|p2a: Falko|78\/100|[from] Sandstorm\n|-damage|p1a: Weezing|51\/100|[from] Sandstorm\n|upkeep\n|turn|23\n|\n|t:|1644584507\n|switch|p1a: Aegislash|Aegislash, M|41\/100\n|move|p2a: Falko|Hyper Voice|p1a: Aegislash\n|-immune|p1a: Aegislash\n|\n|-weather|Sandstorm|[upkeep]\n|-damage|p2a: Falko|72\/100|[from] Sandstorm\n|-heal|p1a: Aegislash|47\/100|[from] item: Leftovers\n|upkeep\n|turn|24\n|\n|t:|1644584517\n|move|p2a: Falko|Thunderbolt|p1a: Aegislash\n|-damage|p1a: Aegislash|21\/100\n|-damage|p2a: Falko|63\/100|[from] item: Life Orb\n|move|p1a: Aegislash|Substitute|p1a: Aegislash\n|-fail|p1a: Aegislash|move: Substitute|[weak]\n|\n|-weather|Sandstorm|[upkeep]\n|-damage|p2a: Falko|56\/100|[from] Sandstorm\n|-heal|p1a: Aegislash|27\/100|[from] item: Leftovers\n|-fieldend|move: Trick Room\n|upkeep\n|turn|25\n|\n|t:|1644584529\n|move|p1a: Aegislash|Substitute|p1a: Aegislash\n|-start|p1a: Aegislash|Substitute\n|-damage|p1a: Aegislash|2\/100\n|move|p2a: Falko|Thunderbolt|p1a: Aegislash\n|-end|p1a: Aegislash|Substitute\n|-damage|p2a: Falko|47\/100|[from] item: Life Orb\n|\n|-weather|none\n|-heal|p1a: Aegislash|8\/100|[from] item: Leftovers\n|upkeep\n|turn|26\n|\n|t:|1644584539\n|switch|p2a: Thorns|Ferrothorn, M|35\/100\n|-formechange|p1a: Aegislash|Aegislash-Blade||[from] ability: Stance Change\n|move|p1a: Aegislash|Shadow Ball|p2a: Thorns\n|-damage|p2a: Thorns|10\/100\n|\n|-heal|p1a: Aegislash|14\/100|[from] item: Leftovers\n|-heal|p2a: Thorns|16\/100|[from] item: Leftovers\n|upkeep\n|turn|27\n|j| Sixty6sixshit\n|\n|t:|1644584550\n|switch|p2a: Falko|Drampa, F|47\/100\n|move|p1a: Aegislash|Shadow Ball|p2a: Falko\n|-immune|p2a: Falko\n|\n|-heal|p1a: Aegislash|21\/100|[from] item: Leftovers\n|upkeep\n|turn|28\n|\n|t:|1644584563\n|switch|p2a: Thorns|Ferrothorn, M|16\/100\n|move|p1a: Aegislash|Close Combat|p2a: Thorns\n|-supereffective|p2a: Thorns\n|-damage|p2a: Thorns|0 fnt\n|-unboost|p1a: Aegislash|def|1\n|-unboost|p1a: Aegislash|spd|1\n|-damage|p1a: Aegislash|8\/100|[from] ability: Iron Barbs|[of] p2a: Thorns\n|faint|p2a: Thorns\n|\n|-heal|p1a: Aegislash|14\/100|[from] item: Leftovers\n|upkeep\n|\n|t:|1644584574\n|switch|p2a: Sharpo|Garchomp, M|67\/100 tox\n|turn|29\n|\n|t:|1644584582\n|switch|p1a: Weezing|Weezing-Galar, F|51\/100\n|move|p2a: Sharpo|Swords Dance|p2a: Sharpo\n|-boost|p2a: Sharpo|atk|2\n|\n|-heal|p2a: Sharpo|73\/100 tox|[from] item: Leftovers\n|-damage|p2a: Sharpo|67\/100 tox|[from] psn\n|upkeep\n|turn|30\n|\n|t:|1644584592\n|move|p2a: Sharpo|Stone Edge|p1a: Weezing\n|-damage|p1a: Weezing|0 fnt\n|faint|p1a: Weezing\n|\n|-heal|p2a: Sharpo|73\/100 tox|[from] item: Leftovers\n|-damage|p2a: Sharpo|61\/100 tox|[from] psn\n|upkeep\n|\n|t:|1644584601\n|switch|p1a: Hatterene|Hatterene, F|100\/100\n|turn|31\n|\n|t:|1644584604\n|move|p2a: Sharpo|Earthquake|p1a: Hatterene\n|-damage|p1a: Hatterene|13\/100\n|move|p1a: Hatterene|Draining Kiss|p2a: Sharpo\n|-supereffective|p2a: Sharpo\n|-damage|p2a: Sharpo|14\/100 tox\n|-heal|p1a: Hatterene|52\/100|[from] drain|[of] p2a: Sharpo\n|-damage|p1a: Hatterene|40\/100|[from] ability: Rough Skin|[of] p2a: Sharpo\n|\n|-heal|p2a: Sharpo|20\/100 tox|[from] item: Leftovers\n|-heal|p1a: Hatterene|46\/100|[from] item: Leftovers\n|-damage|p2a: Sharpo|2\/100 tox|[from] psn\n|upkeep\n|turn|32\n|\n|t:|1644584618\n|switch|p2a: Hatterene|Hatterene, F|60\/100\n|switch|p1a: Rotom|Rotom-Wash|73\/100\n|\n|-heal|p1a: Rotom|79\/100|[from] item: Leftovers\n|upkeep\n|turn|33\n|\n|t:|1644584628\n|move|p1a: Rotom|Volt Switch|p2a: Hatterene\n|-damage|p2a: Hatterene|39\/100\n|\n|t:|1644584631\n|switch|p1a: Tyranitar|Tyranitar, F|100\/100|[from]move: Volt Switch\n|-weather|Sandstorm|[from] ability: Sand Stream|[of] p1a: Tyranitar\n|move|p2a: Hatterene|Trick Room|p2a: Hatterene\n|-fieldstart|move: Trick Room|[of] p2a: Hatterene\n|\n|-weather|Sandstorm|[upkeep]\n|-damage|p2a: Hatterene|34\/100|[from] Sandstorm\n|upkeep\n|turn|34\n|\n|t:|1644584641\n|move|p2a: Hatterene|Healing Wish|p2a: Hatterene\n|faint|p2a: Hatterene\n|move|p1a: Tyranitar|Crunch|p2: Hatterene|[notarget]\n|-fail|p1a: Tyranitar\n|\n|-weather|Sandstorm|[upkeep]\n|upkeep\n|\n|t:|1644584657\n|switch|p2a: Billy B.|Marowak-Alola, F|100\/100\n|turn|35\n|\n|t:|1644584664\n|switch|p1a: Rotom|Rotom-Wash|79\/100\n|move|p2a: Billy B.|Substitute|p2a: Billy B.\n|-start|p2a: Billy B.|Substitute\n|-damage|p2a: Billy B.|76\/100\n|\n|-weather|Sandstorm|[upkeep]\n|-damage|p2a: Billy B.|70\/100|[from] Sandstorm\n|-damage|p1a: Rotom|73\/100|[from] Sandstorm\n|-heal|p1a: Rotom|79\/100|[from] item: Leftovers\n|upkeep\n|turn|36\n|\n|t:|1644584676\n|switch|p1a: Tyranitar|Tyranitar, F|100\/100\n|move|p2a: Billy B.|Poltergeist|p1a: Tyranitar\n|-activate|p1a: Tyranitar|move: Poltergeist|Choice Band\n|-resisted|p1a: Tyranitar\n|-damage|p1a: Tyranitar|60\/100\n|\n|-weather|Sandstorm|[upkeep]\n|-damage|p2a: Billy B.|63\/100|[from] Sandstorm\n|upkeep\n|turn|37\n|\n|t:|1644584693\n|switch|p1a: Rotom|Rotom-Wash|79\/100\n|move|p2a: Billy B.|Flare Blitz|p1a: Rotom\n|-resisted|p1a: Rotom\n|-damage|p1a: Rotom|26\/100\n|-status|p1a: Rotom|brn\n|\n|-weather|none\n|-heal|p1a: Rotom|33\/100 brn|[from] item: Leftovers\n|-damage|p1a: Rotom|26\/100 brn|[from] brn\n|-fieldend|move: Trick Room\n|upkeep\n|turn|38\n|inactive|Sombra Diurna has 120 seconds left.\n|\n|t:|1644584724\n|switch|p1a: Tyranitar|Tyranitar, F|60\/100\n|-weather|Sandstorm|[from] ability: Sand Stream|[of] p1a: Tyranitar\n|move|p2a: Billy B.|Poltergeist|p1a: Tyranitar|[miss]\n|-miss|p2a: Billy B.|p1a: Tyranitar\n|\n|-weather|Sandstorm|[upkeep]\n|-damage|p2a: Billy B.|57\/100|[from] Sandstorm\n|upkeep\n|turn|39\n|c|\u2606Sombra Diurna|of curse\n|inactive|Sombra Diurna has 120 seconds left.\n|\n|t:|1644584735\n|move|p1a: Tyranitar|Rock Blast|p2a: Billy B.\n|-supereffective|p2a: Billy B.\n|-end|p2a: Billy B.|Substitute\n|-supereffective|p2a: Billy B.\n|-damage|p2a: Billy B.|18\/100\n|-supereffective|p2a: Billy B.\n|-damage|p2a: Billy B.|0 fnt\n|faint|p2a: Billy B.\n|-hitcount|p2: Billy B.|3\n|\n|-weather|Sandstorm|[upkeep]\n|upkeep\n|inactive|Sombra Diurna has 120 seconds left.\n|\n|t:|1644584743\n|switch|p2a: Sharpo|Garchomp, M|2\/100 tox\n|-heal|p2a: Sharpo|100\/100|[from] move: Healing Wish\n|turn|40\n|\n|t:|1644584752\n|switch|p1a: Garchomp|Garchomp, M|100\/100\n|move|p2a: Sharpo|Swords Dance|p2a: Sharpo\n|-boost|p2a: Sharpo|atk|2\n|\n|-weather|Sandstorm|[upkeep]\n|upkeep\n|turn|41\n|\n|t:|1644584760\n|move|p2a: Sharpo|Scale Shot|p1a: Garchomp\n|-supereffective|p1a: Garchomp\n|-damage|p1a: Garchomp|64\/100\n|-supereffective|p1a: Garchomp\n|-damage|p1a: Garchomp|28\/100\n|-supereffective|p1a: Garchomp\n|-damage|p1a: Garchomp|0 fnt\n|faint|p1a: Garchomp\n|-hitcount|p1: Garchomp|3\n|-unboost|p2a: Sharpo|def|1\n|-boost|p2a: Sharpo|spe|1\n|\n|-weather|Sandstorm|[upkeep]\n|upkeep\n|\n|t:|1644584780\n|switch|p1a: Rotom|Rotom-Wash|26\/100 brn\n|turn|42\n|\n|t:|1644584785\n|move|p2a: Sharpo|Scale Shot|p1a: Rotom\n|-damage|p1a: Rotom|0 fnt\n|faint|p1a: Rotom\n|-hitcount|p1: Rotom|1\n|-unboost|p2a: Sharpo|def|1\n|-boost|p2a: Sharpo|spe|1\n|\n|-weather|none\n|upkeep\n|c|\u2606Sombra Diurna|gg\n|\n|t:|1644584794\n|switch|p1a: Hatterene|Hatterene, F|46\/100\n|turn|43\n|\n|t:|1644584797\n|move|p2a: Sharpo|Earthquake|p1a: Hatterene\n|-damage|p1a: Hatterene|0 fnt\n|faint|p1a: Hatterene\n|\n|upkeep\n|j| f65701\n|l| f65701\n|l| zhengxd\n|l| Sixty6sixshit\n|-message|Elkevin2004 forfeited.\n|\n|win|Sombra Diurna\n|raw|Elkevin2004's rating: 1588 &rarr; <strong>1575<\/strong><br \/>(-13 for losing)\n|raw|Sombra Diurna's rating: 1707 &rarr; <strong>1720<\/strong><br \/>(+13 for winning)\n|l|\u2606Elkevin2004\n||Ladder isn't responding, score probably updated but might not have (Request timeout).\n","uploadtime":1644584837,"views":52,"p1id":"elkevin2004","p2id":"sombradiurna","formatid":"gen8ou","rating":1575,"private":0,"password":null}