{"id":"gen8ou-1637403840","p1":"El Stefano","p2":"LT92PF Templario","format":"gen8ou","log":"|raw|<div class=\"broadcast-blue\"><strong>This battle is required to be public due to a player having a name starting with 'lt92pf'.<\/div>\n|j|\u2606El Stefano\n|j|\u2606LT92PF Templario\n|t:|1660235605\n|gametype|singles\n|player|p1|El Stefano|170|1641\n|player|p2|LT92PF Templario|266|1782\n|teamsize|p1|6\n|teamsize|p2|6\n|gen|8\n|tier|[Gen 8] OU\n|rated|\n|rule|Sleep Clause Mod: Limit one foe put to sleep\n|rule|Species Clause: Limit one of each Pok\u00e9mon\n|rule|OHKO Clause: OHKO moves are banned\n|rule|Evasion Items Clause: Evasion items are banned\n|rule|Evasion Moves Clause: Evasion moves are banned\n|rule|Endless Battle Clause: Forcing endless battles is banned\n|rule|HP Percentage Mod: HP is shown in percentages\n|rule|Dynamax Clause: You cannot dynamax\n|clearpoke\n|poke|p1|Pelipper, M|\n|poke|p1|Melmetal|\n|poke|p1|Tapu Bulu|\n|poke|p1|Landorus-Therian, M|\n|poke|p1|Dragonite, M|\n|poke|p1|Magnezone|\n|poke|p2|Clefable, M|\n|poke|p2|Ferrothorn, M|\n|poke|p2|Gastrodon, F|\n|poke|p2|Tornadus-Therian, M|\n|poke|p2|Dragapult, F|\n|poke|p2|Heatran, F|\n|teampreview\n|inactive|Battle timer is ON: inactive players will automatically lose when time's up. (requested by LT92PF Templario)\n|\n|t:|1660235617\n|start\n|switch|p1a: Melmetal|Melmetal|100\/100\n|switch|p2a: Tornadus|Tornadus-Therian, M|100\/100\n|turn|1\n|\n|t:|1660235623\n|move|p2a: Tornadus|U-turn|p1a: Melmetal\n|-resisted|p1a: Melmetal\n|-damage|p1a: Melmetal|96\/100\n|\n|t:|1660235625\n|switch|p2a: Ferrothorn|Ferrothorn, M|100\/100|[from]move: U-turn\n|move|p1a: Melmetal|Earthquake|p2a: Ferrothorn\n|-damage|p2a: Ferrothorn|77\/100\n|\n|-heal|p1a: Melmetal|100\/100|[from] item: Leftovers\n|-heal|p2a: Ferrothorn|83\/100|[from] item: Leftovers\n|upkeep\n|turn|2\n|\n|t:|1660235630\n|switch|p1a: Magnezone|Magnezone|100\/100\n|move|p2a: Ferrothorn|Leech Seed|p1a: Magnezone\n|-start|p1a: Magnezone|move: Leech Seed\n|\n|-heal|p2a: Ferrothorn|89\/100|[from] item: Leftovers\n|-damage|p1a: Magnezone|88\/100|[from] Leech Seed|[of] p2a: Ferrothorn\n|-heal|p2a: Ferrothorn|99\/100|[silent]\n|upkeep\n|turn|3\n|\n|t:|1660235637\n|switch|p1a: Tapu Bulu|Tapu Bulu|100\/100\n|-fieldstart|move: Grassy Terrain|[from] ability: Grassy Surge|[of] p1a: Tapu Bulu\n|move|p2a: Ferrothorn|Knock Off|p1a: Tapu Bulu\n|-resisted|p1a: Tapu Bulu\n|-damage|p1a: Tapu Bulu|91\/100\n|-enditem|p1a: Tapu Bulu|Expert Belt|[from] move: Knock Off|[of] p2a: Ferrothorn\n|\n|-heal|p1a: Tapu Bulu|98\/100|[from] Grassy Terrain\n|-heal|p2a: Ferrothorn|100\/100|[from] Grassy Terrain\n|upkeep\n|turn|4\n|\n|t:|1660235644\n|switch|p1a: Magnezone|Magnezone|88\/100\n|switch|p2a: Tornadus|Tornadus-Therian, M|100\/100\n|\n|-heal|p1a: Magnezone|94\/100|[from] Grassy Terrain\n|-heal|p1a: Magnezone|100\/100|[from] item: Leftovers\n|upkeep\n|turn|5\n|\n|t:|1660235656\n|move|p2a: Tornadus|U-turn|p1a: Magnezone\n|-resisted|p1a: Magnezone\n|-damage|p1a: Magnezone|95\/100\n|\n|t:|1660235659\n|switch|p2a: Gastrodon|Gastrodon, F|100\/100|[from]move: U-turn\n|move|p1a: Magnezone|Iron Defense|p1a: Magnezone\n|-boost|p1a: Magnezone|def|2\n|\n|-heal|p1a: Magnezone|100\/100|[from] Grassy Terrain\n|upkeep\n|turn|6\n|\n|t:|1660235664\n|move|p1a: Magnezone|Body Press|p2a: Gastrodon\n|-damage|p2a: Gastrodon|35\/100\n|move|p2a: Gastrodon|Scald|p1a: Magnezone\n|-damage|p1a: Magnezone|67\/100\n|\n|-heal|p1a: Magnezone|73\/100|[from] Grassy Terrain\n|-heal|p1a: Magnezone|79\/100|[from] item: Leftovers\n|-heal|p2a: Gastrodon|41\/100|[from] Grassy Terrain\n|-heal|p2a: Gastrodon|47\/100|[from] item: Leftovers\n|upkeep\n|turn|7\n|\n|t:|1660235670\n|switch|p2a: Dragapult|Dragapult, F|100\/100\n|move|p1a: Magnezone|Discharge|p2a: Dragapult\n|-resisted|p2a: Dragapult\n|-damage|p2a: Dragapult|76\/100\n|\n|-heal|p2a: Dragapult|82\/100|[from] Grassy Terrain\n|-heal|p1a: Magnezone|85\/100|[from] Grassy Terrain\n|-heal|p1a: Magnezone|91\/100|[from] item: Leftovers\n|-fieldend|move: Grassy Terrain\n|upkeep\n|turn|8\n|\n|t:|1660235677\n|switch|p1a: Tapu Bulu|Tapu Bulu|98\/100\n|-fieldstart|move: Grassy Terrain|[from] ability: Grassy Surge|[of] p1a: Tapu Bulu\n|move|p2a: Dragapult|Will-O-Wisp|p1a: Tapu Bulu\n|-status|p1a: Tapu Bulu|brn\n|\n|-heal|p2a: Dragapult|88\/100|[from] Grassy Terrain\n|-heal|p1a: Tapu Bulu|100\/100 brn|[from] Grassy Terrain\n|-damage|p1a: Tapu Bulu|94\/100 brn|[from] brn\n|upkeep\n|turn|9\n|\n|t:|1660235685\n|switch|p1a: Pelipper|Pelipper, M|100\/100\n|-weather|RainDance|[from] ability: Drizzle|[of] p1a: Pelipper\n|move|p2a: Dragapult|U-turn|p1a: Pelipper\n|-resisted|p1a: Pelipper\n|-damage|p1a: Pelipper|90\/100\n|\n|t:|1660235691\n|switch|p2a: Tornadus|Tornadus-Therian, M|100\/100|[from]move: U-turn\n|\n|-weather|RainDance|[upkeep]\n|upkeep\n|turn|10\n|\n|t:|1660235701\n|switch|p1a: Magnezone|Magnezone|91\/100\n|move|p2a: Tornadus|Hurricane|p1a: Magnezone\n|-resisted|p1a: Magnezone\n|-damage|p1a: Magnezone|79\/100\n|-start|p1a: Magnezone|confusion\n|\n|-weather|RainDance|[upkeep]\n|-heal|p1a: Magnezone|85\/100|[from] Grassy Terrain\n|-heal|p1a: Magnezone|91\/100|[from] item: Leftovers\n|upkeep\n|turn|11\n|\n|t:|1660235712\n|switch|p1a: Landorus|Landorus-Therian, M|100\/100\n|-ability|p1a: Landorus|Intimidate|boost\n|-unboost|p2a: Tornadus|atk|1\n|move|p2a: Tornadus|U-turn|p1a: Landorus\n|-resisted|p1a: Landorus\n|-damage|p1a: Landorus|96\/100\n|\n|t:|1660235719\n|switch|p2a: Gastrodon|Gastrodon, F|47\/100|[from]move: U-turn\n|\n|-weather|RainDance|[upkeep]\n|-heal|p2a: Gastrodon|54\/100|[from] Grassy Terrain\n|-heal|p2a: Gastrodon|60\/100|[from] item: Leftovers\n|upkeep\n|turn|12\n|\n|t:|1660235724\n|move|p1a: Landorus|Knock Off|p2a: Gastrodon\n|-damage|p2a: Gastrodon|25\/100\n|-enditem|p2a: Gastrodon|Leftovers|[from] move: Knock Off|[of] p1a: Landorus\n|move|p2a: Gastrodon|Scald|p1a: Landorus\n|-supereffective|p1a: Landorus\n|-damage|p1a: Landorus|38\/100\n|\n|-weather|RainDance|[upkeep]\n|-heal|p2a: Gastrodon|31\/100|[from] Grassy Terrain\n|-fieldend|move: Grassy Terrain\n|upkeep\n|turn|13\n|\n|t:|1660235730\n|switch|p2a: Tornadus|Tornadus-Therian, M|100\/100\n|move|p1a: Landorus|Stealth Rock|p2a: Tornadus\n|-sidestart|p2: LT92PF Templario|move: Stealth Rock\n|\n|-weather|none\n|upkeep\n|turn|14\n|\n|t:|1660235735\n|move|p2a: Tornadus|Defog|p1a: Landorus\n|-unboost|p1a: Landorus|evasion|1\n|-sideend|p2: LT92PF Templario|Stealth Rock|[from] move: Defog|[of] p2a: Tornadus\n|move|p1a: Landorus|Rest|p1a: Landorus\n|-status|p1a: Landorus|slp|[from] move: Rest\n|-heal|p1a: Landorus|100\/100 slp|[silent]\n|-enditem|p1a: Landorus|Chesto Berry|[eat]\n|-curestatus|p1a: Landorus|slp|[msg]\n|\n|upkeep\n|turn|15\n|\n|t:|1660235740\n|move|p2a: Tornadus|Hurricane|p1a: Landorus\n|-damage|p1a: Landorus|70\/100\n|-start|p1a: Landorus|confusion\n|-activate|p1a: Landorus|confusion\n|-damage|p1a: Landorus|59\/100|[from] confusion\n|\n|upkeep\n|turn|16\n|\n|t:|1660235748\n|switch|p1a: Magnezone|Magnezone|91\/100\n|move|p2a: Tornadus|Hurricane|p1a: Magnezone\n|-resisted|p1a: Magnezone\n|-damage|p1a: Magnezone|81\/100\n|\n|-heal|p1a: Magnezone|87\/100|[from] item: Leftovers\n|upkeep\n|turn|17\n|\n|t:|1660235755\n|move|p2a: Tornadus|U-turn|p1a: Magnezone\n|-resisted|p1a: Magnezone\n|-damage|p1a: Magnezone|81\/100\n|\n|t:|1660235757\n|switch|p2a: Heatran|Heatran, F|100\/100|[from]move: U-turn\n|move|p1a: Magnezone|Discharge|p2a: Heatran\n|-damage|p2a: Heatran|76\/100\n|-status|p2a: Heatran|par\n|\n|-heal|p1a: Magnezone|87\/100|[from] item: Leftovers\n|-heal|p2a: Heatran|82\/100 par|[from] item: Leftovers\n|upkeep\n|turn|18\n|\n|t:|1660235762\n|switch|p1a: Pelipper|Pelipper, M|90\/100\n|-weather|RainDance|[from] ability: Drizzle|[of] p1a: Pelipper\n|cant|p2a: Heatran|par\n|\n|-weather|RainDance|[upkeep]\n|-heal|p2a: Heatran|88\/100 par|[from] item: Leftovers\n|upkeep\n|turn|19\n|\n|t:|1660235769\n|move|p1a: Pelipper|Hurricane|p2a: Heatran\n|-resisted|p2a: Heatran\n|-damage|p2a: Heatran|61\/100 par\n|-start|p2a: Heatran|confusion\n|-activate|p2a: Heatran|confusion\n|move|p2a: Heatran|Magma Storm|p1a: Pelipper\n|-resisted|p1a: Pelipper\n|-damage|p1a: Pelipper|74\/100\n|-activate|p1a: Pelipper|move: Magma Storm|[of] p2a: Heatran\n|\n|-weather|RainDance|[upkeep]\n|-heal|p2a: Heatran|67\/100 par|[from] item: Leftovers\n|-damage|p1a: Pelipper|62\/100|[from] move: Magma Storm|[partiallytrapped]\n|upkeep\n|turn|20\n|\n|t:|1660235776\n|-end|p2a: Heatran|confusion\n|move|p2a: Heatran|Protect|p2a: Heatran\n|-singleturn|p2a: Heatran|Protect\n|move|p1a: Pelipper|Hurricane|p2a: Heatran\n|-activate|p2a: Heatran|move: Protect\n|\n|-weather|RainDance|[upkeep]\n|-heal|p2a: Heatran|73\/100 par|[from] item: Leftovers\n|-damage|p1a: Pelipper|49\/100|[from] move: Magma Storm|[partiallytrapped]\n|upkeep\n|turn|21\n|\n|t:|1660235781\n|move|p1a: Pelipper|Hurricane|p2a: Heatran\n|-resisted|p2a: Heatran\n|-damage|p2a: Heatran|46\/100 par\n|-start|p2a: Heatran|confusion\n|-activate|p2a: Heatran|confusion\n|-damage|p2a: Heatran|40\/100 par|[from] confusion\n|\n|-weather|RainDance|[upkeep]\n|-heal|p2a: Heatran|47\/100 par|[from] item: Leftovers\n|-damage|p1a: Pelipper|37\/100|[from] move: Magma Storm|[partiallytrapped]\n|upkeep\n|turn|22\n|\n|t:|1660235787\n|move|p1a: Pelipper|Hurricane|p2a: Heatran\n|-resisted|p2a: Heatran\n|-damage|p2a: Heatran|20\/100 par\n|-activate|p2a: Heatran|confusion\n|-damage|p2a: Heatran|14\/100 par|[from] confusion\n|\n|-weather|none\n|-heal|p2a: Heatran|21\/100 par|[from] item: Leftovers\n|-damage|p1a: Pelipper|24\/100|[from] move: Magma Storm|[partiallytrapped]\n|upkeep\n|turn|23\n|\n|t:|1660235792\n|-end|p2a: Heatran|confusion\n|move|p2a: Heatran|Protect|p2a: Heatran\n|-singleturn|p2a: Heatran|Protect\n|move|p1a: Pelipper|Hurricane|p2a: Heatran\n|-activate|p2a: Heatran|move: Protect\n|\n|-heal|p2a: Heatran|27\/100 par|[from] item: Leftovers\n|-damage|p1a: Pelipper|12\/100|[from] move: Magma Storm|[partiallytrapped]\n|upkeep\n|turn|24\n|\n|t:|1660235796\n|cant|p2a: Heatran|par\n|move|p1a: Pelipper|Hurricane|p2a: Heatran\n|-resisted|p2a: Heatran\n|-damage|p2a: Heatran|3\/100 par\n|-start|p2a: Heatran|confusion\n|\n|-heal|p2a: Heatran|9\/100 par|[from] item: Leftovers\n|-end|p1a: Pelipper|Magma Storm|[partiallytrapped]\n|upkeep\n|turn|25\n|c|\u2606LT92PF Templario|holy god\n|c|\u2606LT92PF Templario|you're having the time of your life\n|\n|t:|1660235817\n|switch|p1a: Landorus|Landorus-Therian, M|59\/100\n|-ability|p1a: Landorus|Intimidate|boost\n|-unboost|p2a: Heatran|atk|1\n|-activate|p2a: Heatran|confusion\n|move|p2a: Heatran|Magma Storm|p1a: Landorus|[miss]\n|-miss|p2a: Heatran|p1a: Landorus\n|\n|-heal|p2a: Heatran|15\/100 par|[from] item: Leftovers\n|upkeep\n|turn|26\n|\n|t:|1660235820\n|switch|p2a: Tornadus|Tornadus-Therian, M|100\/100\n|move|p1a: Landorus|Stealth Rock|p2a: Tornadus\n|-sidestart|p2: LT92PF Templario|move: Stealth Rock\n|\n|upkeep\n|turn|27\n|\n|t:|1660235825\n|switch|p1a: Magnezone|Magnezone|87\/100\n|move|p2a: Tornadus|Defog|p1a: Magnezone\n|-unboost|p1a: Magnezone|evasion|1\n|-sideend|p2: LT92PF Templario|Stealth Rock|[from] move: Defog|[of] p2a: Tornadus\n|\n|-heal|p1a: Magnezone|93\/100|[from] item: Leftovers\n|upkeep\n|turn|28\n|\n|t:|1660235831\n|move|p2a: Tornadus|U-turn|p1a: Magnezone\n|-resisted|p1a: Magnezone\n|-damage|p1a: Magnezone|87\/100\n|\n|t:|1660235834\n|switch|p2a: Dragapult|Dragapult, F|88\/100|[from]move: U-turn\n|move|p1a: Magnezone|Discharge|p2a: Dragapult\n|-resisted|p2a: Dragapult\n|-damage|p2a: Dragapult|65\/100\n|\n|-heal|p1a: Magnezone|93\/100|[from] item: Leftovers\n|upkeep\n|turn|29\n|\n|t:|1660235843\n|move|p2a: Dragapult|U-turn|p1a: Magnezone\n|-resisted|p1a: Magnezone\n|-damage|p1a: Magnezone|87\/100\n|\n|t:|1660235845\n|switch|p2a: Gastrodon|Gastrodon, F|31\/100|[from]move: U-turn\n|move|p1a: Magnezone|Discharge|p2a: Gastrodon\n|-immune|p2a: Gastrodon\n|\n|-heal|p1a: Magnezone|93\/100|[from] item: Leftovers\n|upkeep\n|turn|30\n|\n|t:|1660235849\n|switch|p2a: Dragapult|Dragapult, F|65\/100\n|move|p1a: Magnezone|Discharge|p2a: Dragapult\n|-resisted|p2a: Dragapult\n|-damage|p2a: Dragapult|41\/100\n|-status|p2a: Dragapult|par\n|\n|-heal|p1a: Magnezone|99\/100|[from] item: Leftovers\n|upkeep\n|turn|31\n|\n|t:|1660235853\n|move|p2a: Dragapult|Will-O-Wisp|p1a: Magnezone\n|-status|p1a: Magnezone|brn\n|move|p1a: Magnezone|Discharge|p2a: Dragapult\n|-resisted|p2a: Dragapult\n|-damage|p2a: Dragapult|19\/100 par\n|\n|-heal|p1a: Magnezone|100\/100 brn|[from] item: Leftovers\n|-damage|p1a: Magnezone|94\/100 brn|[from] brn\n|upkeep\n|turn|32\n|\n|t:|1660235857\n|switch|p2a: Gastrodon|Gastrodon, F|31\/100\n|move|p1a: Magnezone|Discharge|p2a: Gastrodon\n|-immune|p2a: Gastrodon\n|\n|-heal|p1a: Magnezone|100\/100 brn|[from] item: Leftovers\n|-damage|p1a: Magnezone|94\/100 brn|[from] brn\n|upkeep\n|turn|33\n|\n|t:|1660235859\n|move|p1a: Magnezone|Body Press|p2a: Gastrodon\n|-damage|p2a: Gastrodon|17\/100\n|move|p2a: Gastrodon|Recover|p2a: Gastrodon\n|-heal|p2a: Gastrodon|67\/100\n|\n|-heal|p1a: Magnezone|100\/100 brn|[from] item: Leftovers\n|-damage|p1a: Magnezone|94\/100 brn|[from] brn\n|upkeep\n|turn|34\n|\n|t:|1660235865\n|switch|p1a: Tapu Bulu|Tapu Bulu|94\/100 brn\n|-fieldstart|move: Grassy Terrain|[from] ability: Grassy Surge|[of] p1a: Tapu Bulu\n|move|p2a: Gastrodon|Recover|p2a: Gastrodon\n|-heal|p2a: Gastrodon|100\/100\n|\n|-heal|p1a: Tapu Bulu|100\/100 brn|[from] Grassy Terrain\n|-damage|p1a: Tapu Bulu|94\/100 brn|[from] brn\n|upkeep\n|turn|35\n|\n|t:|1660235871\n|switch|p1a: Dragonite|Dragonite, M|100\/100\n|switch|p2a: Tornadus|Tornadus-Therian, M|100\/100\n|\n|upkeep\n|turn|36\n|\n|t:|1660235877\n|move|p2a: Tornadus|Toxic|p1a: Dragonite\n|-status|p1a: Dragonite|tox\n|move|p1a: Dragonite|Heal Bell|p1a: Dragonite\n|-activate|p1a: Dragonite|move: Heal Bell\n|-curestatus|p1a: Dragonite|tox|[msg]\n|-curestatus|p1: Magnezone|brn|[msg]\n|-curestatus|p1: Tapu Bulu|brn|[msg]\n|\n|upkeep\n|turn|37\n|\n|t:|1660235884\n|switch|p1a: Magnezone|Magnezone|94\/100\n|move|p2a: Tornadus|U-turn|p1a: Magnezone\n|-resisted|p1a: Magnezone\n|-damage|p1a: Magnezone|89\/100\n|\n|t:|1660235891\n|switch|p2a: Clefable|Clefable, M|100\/100|[from]move: U-turn\n|\n|-heal|p1a: Magnezone|95\/100|[from] Grassy Terrain\n|-heal|p1a: Magnezone|100\/100|[from] item: Leftovers\n|upkeep\n|turn|38\n|\n|t:|1660235896\n|switch|p1a: Melmetal|Melmetal|100\/100\n|move|p2a: Clefable|Calm Mind|p2a: Clefable\n|-boost|p2a: Clefable|spa|1\n|-boost|p2a: Clefable|spd|1\n|\n|-fieldend|move: Grassy Terrain\n|upkeep\n|turn|39\n|\n|t:|1660235904\n|switch|p2a: Ferrothorn|Ferrothorn, M|100\/100\n|switch|p1a: Magnezone|Magnezone|100\/100\n|\n|upkeep\n|turn|40\n|\n|t:|1660235908\n|move|p1a: Magnezone|Substitute|p1a: Magnezone\n|-start|p1a: Magnezone|Substitute\n|-damage|p1a: Magnezone|76\/100\n|move|p2a: Ferrothorn|Leech Seed||[still]\n|-fail|p2a: Ferrothorn\n|\n|-heal|p1a: Magnezone|82\/100|[from] item: Leftovers\n|upkeep\n|turn|41\n|\n|t:|1660235912\n|move|p1a: Magnezone|Iron Defense|p1a: Magnezone\n|-boost|p1a: Magnezone|def|2\n|move|p2a: Ferrothorn|Body Press|p1a: Magnezone\n|-supereffective|p1a: Magnezone\n|-activate|p1a: Magnezone|move: Substitute|[damage]\n|\n|-heal|p1a: Magnezone|88\/100|[from] item: Leftovers\n|upkeep\n|turn|42\n|\n|t:|1660235916\n|move|p1a: Magnezone|Iron Defense|p1a: Magnezone\n|-boost|p1a: Magnezone|def|2\n|move|p2a: Ferrothorn|Stealth Rock|p1a: Magnezone\n|-sidestart|p1: El Stefano|move: Stealth Rock\n|\n|-heal|p1a: Magnezone|94\/100|[from] item: Leftovers\n|upkeep\n|turn|43\n|\n|t:|1660235924\n|move|p1a: Magnezone|Body Press|p2a: Ferrothorn\n|-supereffective|p2a: Ferrothorn\n|-damage|p2a: Ferrothorn|0 fnt\n|-damage|p1a: Magnezone|82\/100|[from] ability: Iron Barbs|[of] p2a: Ferrothorn\n|faint|p2a: Ferrothorn\n|\n|-heal|p1a: Magnezone|88\/100|[from] item: Leftovers\n|upkeep\n|\n|t:|1660235928\n|switch|p2a: Dragapult|Dragapult, F|19\/100 par\n|turn|44\n|\n|t:|1660235932\n|move|p2a: Dragapult|Will-O-Wisp||[still]\n|-fail|p2a: Dragapult\n|move|p1a: Magnezone|Discharge|p2a: Dragapult\n|-resisted|p2a: Dragapult\n|-damage|p2a: Dragapult|0 fnt\n|faint|p2a: Dragapult\n|\n|-heal|p1a: Magnezone|94\/100|[from] item: Leftovers\n|upkeep\n|c|\u2606LT92PF Templario|yeah called it\n|\n|t:|1660235952\n|switch|p2a: Clefable|Clefable, M|100\/100\n|turn|45\n|\n|t:|1660235956\n|move|p1a: Magnezone|Discharge|p2a: Clefable\n|-damage|p2a: Clefable|66\/100\n|-status|p2a: Clefable|par\n|move|p2a: Clefable|Flamethrower|p1a: Magnezone\n|-supereffective|p1a: Magnezone\n|-end|p1a: Magnezone|Substitute\n|\n|-heal|p1a: Magnezone|99\/100|[from] item: Leftovers\n|-heal|p2a: Clefable|72\/100 par|[from] item: Leftovers\n|upkeep\n|turn|46\n|c|\u2606LT92PF Templario|lmfao\n|\n|t:|1660235964\n|switch|p1a: Dragonite|Dragonite, M|100\/100\n|cant|p2a: Clefable|par\n|\n|-heal|p2a: Clefable|78\/100 par|[from] item: Leftovers\n|upkeep\n|turn|47\n|\n|t:|1660235968\n|switch|p1a: Landorus|Landorus-Therian, M|59\/100\n|-damage|p1a: Landorus|47\/100|[from] Stealth Rock\n|-ability|p1a: Landorus|Intimidate|boost\n|-unboost|p2a: Clefable|atk|1\n|move|p2a: Clefable|Moonblast|p1a: Landorus\n|-damage|p1a: Landorus|21\/100\n|\n|-heal|p2a: Clefable|84\/100 par|[from] item: Leftovers\n|upkeep\n|turn|48\n|\n|t:|1660235971\n|move|p1a: Landorus|Defog|p2a: Clefable\n|-unboost|p2a: Clefable|evasion|1\n|-sideend|p1: El Stefano|Stealth Rock|[from] move: Defog|[of] p1a: Landorus\n|move|p2a: Clefable|Moonblast|p1a: Landorus\n|-damage|p1a: Landorus|0 fnt\n|faint|p1a: Landorus\n|\n|-heal|p2a: Clefable|90\/100 par|[from] item: Leftovers\n|upkeep\n|\n|t:|1660235976\n|switch|p1a: Pelipper|Pelipper, M|12\/100\n|-weather|RainDance|[from] ability: Drizzle|[of] p1a: Pelipper\n|turn|49\n|\n|t:|1660235980\n|switch|p2a: Heatran|Heatran, F|15\/100 par\n|move|p1a: Pelipper|Weather Ball|p2a: Heatran\n|-supereffective|p2a: Heatran\n|-damage|p2a: Heatran|0 fnt\n|faint|p2a: Heatran\n|\n|-weather|RainDance|[upkeep]\n|upkeep\n|\n|t:|1660235981\n|switch|p2a: Tornadus|Tornadus-Therian, M|100\/100\n|turn|50\n|\n|t:|1660235984\n|switch|p1a: Magnezone|Magnezone|99\/100\n|move|p2a: Tornadus|Hurricane|p1a: Magnezone\n|-resisted|p1a: Magnezone\n|-damage|p1a: Magnezone|90\/100\n|\n|-weather|RainDance|[upkeep]\n|-heal|p1a: Magnezone|96\/100|[from] item: Leftovers\n|upkeep\n|turn|51\n|\n|t:|1660235995\n|move|p2a: Tornadus|U-turn|p1a: Magnezone\n|-resisted|p1a: Magnezone\n|-damage|p1a: Magnezone|90\/100\n|\n|t:|1660235999\n|switch|p2a: Gastrodon|Gastrodon, F|100\/100|[from]move: U-turn\n|move|p1a: Magnezone|Discharge|p2a: Gastrodon\n|-immune|p2a: Gastrodon\n|\n|-weather|RainDance|[upkeep]\n|-heal|p1a: Magnezone|96\/100|[from] item: Leftovers\n|upkeep\n|turn|52\n|\n|t:|1660236003\n|switch|p1a: Tapu Bulu|Tapu Bulu|94\/100\n|-fieldstart|move: Grassy Terrain|[from] ability: Grassy Surge|[of] p1a: Tapu Bulu\n|move|p2a: Gastrodon|Scald|p1a: Tapu Bulu\n|-resisted|p1a: Tapu Bulu\n|-damage|p1a: Tapu Bulu|73\/100\n|\n|-weather|RainDance|[upkeep]\n|-heal|p1a: Tapu Bulu|79\/100|[from] Grassy Terrain\n|upkeep\n|turn|53\n|\n|t:|1660236006\n|switch|p2a: Tornadus|Tornadus-Therian, M|100\/100\n|move|p1a: Tapu Bulu|Stone Edge|p2a: Tornadus|[miss]\n|-miss|p1a: Tapu Bulu|p2a: Tornadus\n|\n|-weather|none\n|-heal|p1a: Tapu Bulu|85\/100|[from] Grassy Terrain\n|upkeep\n|turn|54\n|\n|t:|1660236012\n|switch|p1a: Magnezone|Magnezone|96\/100\n|move|p2a: Tornadus|U-turn|p1a: Magnezone\n|-resisted|p1a: Magnezone\n|-damage|p1a: Magnezone|91\/100\n|\n|t:|1660236014\n|switch|p2a: Clefable|Clefable, M|90\/100 par|[from]move: U-turn\n|\n|-heal|p1a: Magnezone|97\/100|[from] Grassy Terrain\n|-heal|p1a: Magnezone|100\/100|[from] item: Leftovers\n|-heal|p2a: Clefable|96\/100 par|[from] Grassy Terrain\n|-heal|p2a: Clefable|100\/100 par|[from] item: Leftovers\n|upkeep\n|turn|55\n|\n|t:|1660236017\n|switch|p1a: Melmetal|Melmetal|100\/100\n|move|p2a: Clefable|Flamethrower|p1a: Melmetal\n|-supereffective|p1a: Melmetal\n|-damage|p1a: Melmetal|63\/100\n|\n|-heal|p1a: Melmetal|69\/100|[from] Grassy Terrain\n|-heal|p1a: Melmetal|76\/100|[from] item: Leftovers\n|upkeep\n|turn|56\n|\n|t:|1660236023\n|move|p1a: Melmetal|Double Iron Bash|p2a: Clefable\n|-supereffective|p2a: Clefable\n|-damage|p2a: Clefable|33\/100 par\n|-supereffective|p2a: Clefable\n|-damage|p2a: Clefable|0 fnt\n|faint|p2a: Clefable\n|-hitcount|p2: Clefable|2\n|\n|-heal|p1a: Melmetal|82\/100|[from] Grassy Terrain\n|-heal|p1a: Melmetal|88\/100|[from] item: Leftovers\n|-fieldend|move: Grassy Terrain\n|upkeep\n|c|\u2606LT92PF Templario|what a legend\n|c|\u2606LT92PF Templario|keep rocking\n|-message|LT92PF Templario forfeited.\n|\n|win|El Stefano\n|raw|El Stefano's rating: 1641 &rarr; <strong>1669<\/strong><br \/>(+28 for winning)\n|raw|LT92PF Templario's rating: 1782 &rarr; <strong>1754<\/strong><br \/>(-28 for losing)\n|l|\u2606LT92PF Templario\n|c|\u2606El Stefano|Thx\n||Ladder isn't responding, score probably updated but might not have (Request timeout).\n","uploadtime":1660236063,"views":17,"p1id":"elstefano","p2id":"lt92pftemplario","formatid":"gen8ou","rating":1669,"private":0,"password":null}