{"id":"gen8ou-1651537475","p1":"30orless","p2":"d18l","format":"gen8ou","log":"|j|\u260630orless\n|j|\u2606d18l\n|t:|1661825708\n|gametype|singles\n|player|p1|30orless|265|1711\n|player|p2|d18l|backpacker|1700\n|teamsize|p1|6\n|teamsize|p2|6\n|gen|8\n|tier|[Gen 8] OU\n|rated|\n|rule|Sleep Clause Mod: Limit one foe put to sleep\n|rule|Species Clause: Limit one of each Pok\u00e9mon\n|rule|OHKO Clause: OHKO moves are banned\n|rule|Evasion Items Clause: Evasion items are banned\n|rule|Evasion Moves Clause: Evasion moves are banned\n|rule|Endless Battle Clause: Forcing endless battles is banned\n|rule|HP Percentage Mod: HP is shown in percentages\n|rule|Dynamax Clause: You cannot dynamax\n|clearpoke\n|poke|p1|Zeraora|\n|poke|p1|Hydreigon, M|\n|poke|p1|Blaziken, M|\n|poke|p1|Volcanion|\n|poke|p1|Zapdos|\n|poke|p1|Mamoswine, F|\n|poke|p2|Tapu Koko|\n|poke|p2|Victini|\n|poke|p2|Landorus-Therian, M|\n|poke|p2|Tornadus-Therian, M|\n|poke|p2|Rotom-Wash|\n|poke|p2|Ferrothorn, F|\n|teampreview\n|\n|t:|1661825723\n|start\n|switch|p1a: Hydreigon|Hydreigon, M|100\/100\n|switch|p2a: Rotom|Rotom-Wash|100\/100\n|turn|1\n|\n|t:|1661825730\n|switch|p2a: Tapu Koko|Tapu Koko|100\/100\n|-fieldstart|move: Electric Terrain|[from] ability: Electric Surge|[of] p2a: Tapu Koko\n|move|p1a: Hydreigon|Draco Meteor|p2a: Tapu Koko\n|-immune|p2a: Tapu Koko\n|\n|upkeep\n|turn|2\n|\n|t:|1661825736\n|switch|p1a: Mamoswine|Mamoswine, F|100\/100\n|move|p2a: Tapu Koko|Dazzling Gleam|p1a: Mamoswine\n|-damage|p1a: Mamoswine|27\/100\n|\n|upkeep\n|turn|3\n|j| Smash Time steez\n|\n|t:|1661825740\n|switch|p1a: Volcanion|Volcanion|100\/100\n|move|p2a: Tapu Koko|Dazzling Gleam|p1a: Volcanion\n|-resisted|p1a: Volcanion\n|-damage|p1a: Volcanion|75\/100\n|\n|upkeep\n|turn|4\n|\n|t:|1661825751\n|switch|p2a: Tornadus|Tornadus-Therian, M|100\/100\n|move|p1a: Volcanion|Steam Eruption|p2a: Tornadus\n|-damage|p2a: Tornadus|57\/100\n|-status|p2a: Tornadus|brn\n|\n|-damage|p2a: Tornadus|50\/100 brn|[from] brn\n|upkeep\n|turn|5\n|\n|t:|1661825761\n|move|p2a: Tornadus|Knock Off|p1a: Volcanion\n|-damage|p1a: Volcanion|65\/100\n|-enditem|p1a: Volcanion|Heavy-Duty Boots|[from] move: Knock Off|[of] p2a: Tornadus\n|move|p1a: Volcanion|Steam Eruption|p2a: Tornadus\n|-damage|p2a: Tornadus|6\/100 brn\n|\n|-damage|p2a: Tornadus|0 fnt|[from] brn\n|faint|p2a: Tornadus\n|-fieldend|move: Electric Terrain\n|upkeep\n|\n|t:|1661825781\n|switch|p2a: Rotom|Rotom-Wash|100\/100\n|turn|6\n|\n|t:|1661825786\n|switch|p1a: Mamoswine|Mamoswine, F|27\/100\n|move|p2a: Rotom|Volt Switch|p1a: Mamoswine\n|-immune|p1a: Mamoswine\n|\n|upkeep\n|turn|7\n|\n|t:|1661825789\n|move|p1a: Mamoswine|Stealth Rock|p2a: Rotom\n|-sidestart|p2: d18l|move: Stealth Rock\n|move|p2a: Rotom|Hydro Pump|p1a: Mamoswine\n|-supereffective|p1a: Mamoswine\n|-damage|p1a: Mamoswine|0 fnt\n|faint|p1a: Mamoswine\n|\n|upkeep\n|\n|t:|1661825804\n|switch|p1a: Zapdos|Zapdos|100\/100\n|turn|8\n|\n|t:|1661825814\n|move|p1a: Zapdos|Discharge|p2a: Rotom\n|-damage|p2a: Rotom|56\/100\n|move|p2a: Rotom|Volt Switch|p1a: Zapdos\n|-damage|p1a: Zapdos|78\/100\n|l| Smash Time steez\n|\n|t:|1661825852\n|switch|p2a: Tapu Koko|Tapu Koko|100\/100|[from]move: Volt Switch\n|-damage|p2a: Tapu Koko|88\/100|[from] Stealth Rock\n|-fieldstart|move: Electric Terrain|[from] ability: Electric Surge|[of] p2a: Tapu Koko\n|\n|upkeep\n|turn|9\n|\n|t:|1661825878\n|move|p2a: Tapu Koko|Thunderbolt|p1a: Zapdos\n|-damage|p1a: Zapdos|12\/100\n|move|p1a: Zapdos|Discharge|p2a: Tapu Koko\n|-resisted|p2a: Tapu Koko\n|-damage|p2a: Tapu Koko|52\/100\n|\n|upkeep\n|turn|10\n|\n|t:|1661825883\n|switch|p1a: Zeraora|Zeraora|100\/100\n|-item|p1a: Zeraora|Air Balloon\n|move|p2a: Tapu Koko|Thunderbolt|p1a: Zeraora\n|-immune|p1a: Zeraora|[from] ability: Volt Absorb\n|\n|upkeep\n|turn|11\n|\n|t:|1661825886\n|switch|p2a: Landorus|Landorus-Therian, M|100\/100\n|-damage|p2a: Landorus|88\/100|[from] Stealth Rock\n|-ability|p2a: Landorus|Intimidate|boost\n|-unboost|p1a: Zeraora|atk|1\n|move|p1a: Zeraora|Bulk Up|p1a: Zeraora\n|-boost|p1a: Zeraora|atk|1\n|-boost|p1a: Zeraora|def|1\n|\n|-heal|p2a: Landorus|94\/100|[from] item: Leftovers\n|upkeep\n|turn|12\n|\n|t:|1661825890\n|switch|p1a: Zapdos|Zapdos|12\/100\n|move|p2a: Landorus|Toxic|p1a: Zapdos\n|-status|p1a: Zapdos|tox\n|\n|-heal|p2a: Landorus|99\/100|[from] item: Leftovers\n|-damage|p1a: Zapdos|6\/100 tox|[from] psn\n|-fieldend|move: Electric Terrain\n|upkeep\n|turn|13\n|\n|t:|1661825899\n|switch|p2a: Tapu Koko|Tapu Koko|52\/100\n|-damage|p2a: Tapu Koko|40\/100|[from] Stealth Rock\n|-fieldstart|move: Electric Terrain|[from] ability: Electric Surge|[of] p2a: Tapu Koko\n|move|p1a: Zapdos|Roost|p1a: Zapdos\n|-heal|p1a: Zapdos|56\/100 tox\n|-singleturn|p1a: Zapdos|move: Roost\n|\n|-damage|p1a: Zapdos|44\/100 tox|[from] psn\n|upkeep\n|turn|14\n|\n|t:|1661825909\n|move|p2a: Tapu Koko|Thunderbolt|p1a: Zapdos\n|-damage|p1a: Zapdos|0 fnt\n|faint|p1a: Zapdos\n|\n|upkeep\n|\n|t:|1661825916\n|switch|p1a: Hydreigon|Hydreigon, M|100\/100\n|turn|15\n|\n|t:|1661825926\n|switch|p2a: Ferrothorn|Ferrothorn, F|100\/100\n|-damage|p2a: Ferrothorn|95\/100|[from] Stealth Rock\n|move|p1a: Hydreigon|Dark Pulse|p2a: Ferrothorn\n|-damage|p2a: Ferrothorn|56\/100\n|\n|upkeep\n|turn|16\n|\n|t:|1661825942\n|switch|p1a: Blaziken|Blaziken, M|100\/100\n|move|p2a: Ferrothorn|Stealth Rock|p1a: Blaziken\n|-sidestart|p1: 30orless|move: Stealth Rock\n|\n|upkeep\n|turn|17\n|\n|t:|1661825952\n|move|p1a: Blaziken|Knock Off|p2a: Ferrothorn\n|-damage|p2a: Ferrothorn|35\/100\n|-damage|p1a: Blaziken|88\/100|[from] ability: Iron Barbs|[of] p2a: Ferrothorn\n|-damage|p1a: Blaziken|72\/100|[from] item: Rocky Helmet|[of] p2a: Ferrothorn\n|-enditem|p2a: Ferrothorn|Rocky Helmet|[from] move: Knock Off|[of] p1a: Blaziken\n|-damage|p1a: Blaziken|62\/100|[from] item: Life Orb\n|move|p2a: Ferrothorn|Body Press|p1a: Blaziken\n|-damage|p1a: Blaziken|16\/100\n|\n|-fieldend|move: Electric Terrain\n|-ability|p1a: Blaziken|Speed Boost|boost\n|-boost|p1a: Blaziken|spe|1\n|upkeep\n|turn|18\n|\n|t:|1661825958\n|move|p1a: Blaziken|Overheat|p2a: Ferrothorn|[miss]\n|-miss|p1a: Blaziken|p2a: Ferrothorn\n|move|p2a: Ferrothorn|Body Press|p1a: Blaziken\n|-damage|p1a: Blaziken|0 fnt\n|faint|p1a: Blaziken\n|\n|upkeep\n|\n|t:|1661825961\n|switch|p1a: Zeraora|Zeraora|100\/100\n|-damage|p1a: Zeraora|88\/100|[from] Stealth Rock\n|-item|p1a: Zeraora|Air Balloon\n|turn|19\n|inactive|Battle timer is ON: inactive players will automatically lose when time's up. (requested by 30orless)\n|\n|t:|1661825972\n|switch|p1a: Volcanion|Volcanion|65\/100\n|-damage|p1a: Volcanion|40\/100|[from] Stealth Rock\n|switch|p2a: Landorus|Landorus-Therian, M|99\/100\n|-damage|p2a: Landorus|88\/100|[from] Stealth Rock\n|-ability|p2a: Landorus|Intimidate|boost\n|-unboost|p1a: Volcanion|atk|1\n|\n|-heal|p2a: Landorus|94\/100|[from] item: Leftovers\n|upkeep\n|turn|20\n|\n|t:|1661825981\n|switch|p2a: Ferrothorn|Ferrothorn, F|35\/100\n|-damage|p2a: Ferrothorn|29\/100|[from] Stealth Rock\n|move|p1a: Volcanion|Steam Eruption|p2a: Ferrothorn\n|-resisted|p2a: Ferrothorn\n|-damage|p2a: Ferrothorn|5\/100\n|\n|upkeep\n|turn|21\n|\n|t:|1661825984\n|move|p1a: Volcanion|Earth Power|p2a: Ferrothorn\n|-damage|p2a: Ferrothorn|0 fnt\n|faint|p2a: Ferrothorn\n|\n|upkeep\n|\n|t:|1661825988\n|switch|p2a: Victini|Victini|100\/100\n|turn|22\n|\n|t:|1661825991\n|move|p2a: Victini|Bolt Strike|p1a: Volcanion\n|-supereffective|p1a: Volcanion\n|-damage|p1a: Volcanion|0 fnt\n|faint|p1a: Volcanion\n|\n|upkeep\n|\n|t:|1661826002\n|switch|p1a: Hydreigon|Hydreigon, M|100\/100\n|-damage|p1a: Hydreigon|88\/100|[from] Stealth Rock\n|turn|23\n|\n|t:|1661826009\n|move|p1a: Hydreigon|Dark Pulse|p2a: Victini\n|-supereffective|p2a: Victini\n|-damage|p2a: Victini|13\/100\n|move|p2a: Victini|U-turn|p1a: Hydreigon\n|-supereffective|p1a: Hydreigon\n|-damage|p1a: Hydreigon|43\/100\n|\n|t:|1661826017\n|switch|p2a: Tapu Koko|Tapu Koko|40\/100|[from]move: U-turn\n|-damage|p2a: Tapu Koko|28\/100|[from] Stealth Rock\n|-fieldstart|move: Electric Terrain|[from] ability: Electric Surge|[of] p2a: Tapu Koko\n|\n|upkeep\n|turn|24\n|j| Fangripper\n|\n|t:|1661826044\n|move|p1a: Hydreigon|Dark Pulse|p2a: Tapu Koko\n|-resisted|p2a: Tapu Koko\n|-damage|p2a: Tapu Koko|0 fnt\n|faint|p2a: Tapu Koko\n|\n|upkeep\n|\n|t:|1661826068\n|switch|p2a: Landorus|Landorus-Therian, M|94\/100\n|-damage|p2a: Landorus|82\/100|[from] Stealth Rock\n|-ability|p2a: Landorus|Intimidate|boost\n|-unboost|p1a: Hydreigon|atk|1\n|turn|25\n|\n|t:|1661826071\n|move|p1a: Hydreigon|Dark Pulse|p2a: Landorus\n|-damage|p2a: Landorus|47\/100\n|move|p2a: Landorus|U-turn|p1a: Hydreigon\n|-supereffective|p1a: Hydreigon\n|-damage|p1a: Hydreigon|0 fnt\n|faint|p1a: Hydreigon\n|\n|t:|1661826074\n|switch|p2a: Victini|Victini|13\/100|[from]move: U-turn\n|\n|upkeep\n|\n|t:|1661826076\n|switch|p1a: Zeraora|Zeraora|88\/100\n|-damage|p1a: Zeraora|76\/100|[from] Stealth Rock\n|-item|p1a: Zeraora|Air Balloon\n|turn|26\n|\n|t:|1661826081\n|move|p1a: Zeraora|Bulk Up|p1a: Zeraora\n|-boost|p1a: Zeraora|atk|1\n|-boost|p1a: Zeraora|def|1\n|move|p2a: Victini|V-create|p1a: Zeraora\n|-damage|p1a: Zeraora|0 fnt\n|-unboost|p2a: Victini|spe|1\n|-unboost|p2a: Victini|def|1\n|-unboost|p2a: Victini|spd|1\n|-enditem|p1a: Zeraora|Air Balloon\n|faint|p1a: Zeraora\n|\n|win|d18l\n|raw|30orless's rating: 1711 &rarr; <strong>1690<\/strong><br \/>(-21 for losing)\n|raw|d18l's rating: 1700 &rarr; <strong>1721<\/strong><br \/>(+21 for winning)\n","uploadtime":1661826085,"views":33,"p1id":"30orless","p2id":"d18l","formatid":"gen8ou","rating":1690,"private":0,"password":null}