{"id":"gen8ou-1585112224","p1":"Draco09876","p2":"CloudNineee","format":"gen8ou","log":"|j|\u2606Draco09876\n|j|\u2606CloudNineee\n|t:|1653808607\n|gametype|singles\n|player|p1|Draco09876|1|1766\n|player|p2|CloudNineee|2|1909\n|teamsize|p1|6\n|teamsize|p2|6\n|gen|8\n|tier|[Gen 8] OU\n|rated|\n|rule|Sleep Clause Mod: Limit one foe put to sleep\n|rule|Species Clause: Limit one of each Pok\u00e9mon\n|rule|OHKO Clause: OHKO moves are banned\n|rule|Evasion Moves Clause: Evasion moves are banned\n|rule|Endless Battle Clause: Forcing endless battles is banned\n|rule|HP Percentage Mod: HP is shown in percentages\n|rule|Dynamax Clause: You cannot dynamax\n|clearpoke\n|poke|p1|Weavile, F|\n|poke|p1|Kartana|\n|poke|p1|Landorus-Therian, M|\n|poke|p1|Slowking-Galar, F|\n|poke|p1|Buzzwole|\n|poke|p1|Urshifu-*, M|\n|poke|p2|Gastrodon, F|\n|poke|p2|Corviknight, M|\n|poke|p2|Toxapex, M|\n|poke|p2|Zapdos|\n|poke|p2|Blissey, F|\n|poke|p2|Clefable, F|\n|teampreview\n|inactive|Battle timer is ON: inactive players will automatically lose when time's up. (requested by CloudNineee)\n|j| Dio57\n|inactive|Draco09876 has 120 seconds left.\n|\n|t:|1653808645\n|start\n|switch|p1a: Landorus|Landorus-Therian, M|100\/100\n|switch|p2a: Toxapex|Toxapex, M|100\/100\n|-ability|p1a: Landorus|Intimidate|boost\n|-unboost|p2a: Toxapex|atk|1\n|turn|1\n|\n|t:|1653808649\n|move|p1a: Landorus|Knock Off|p2a: Toxapex\n|-crit|p2a: Toxapex\n|-damage|p2a: Toxapex|74\/100\n|-enditem|p2a: Toxapex|Shed Shell|[from] move: Knock Off|[of] p1a: Landorus\n|move|p2a: Toxapex|Toxic|p1a: Landorus\n|-status|p1a: Landorus|tox\n|\n|-damage|p1a: Landorus|94\/100 tox|[from] psn\n|upkeep\n|turn|2\n|\n|t:|1653808655\n|switch|p1a: Slowking|Slowking-Galar, F|100\/100\n|move|p2a: Toxapex|Toxic Spikes|p1a: Slowking\n|-sidestart|p1: Draco09876|move: Toxic Spikes\n|\n|upkeep\n|turn|3\n|\n|t:|1653808657\n|move|p2a: Toxapex|Knock Off|p1a: Slowking\n|-supereffective|p1a: Slowking\n|-damage|p1a: Slowking|83\/100\n|-enditem|p1a: Slowking|Assault Vest|[from] move: Knock Off|[of] p2a: Toxapex\n|move|p1a: Slowking|Future Sight|p2a: Toxapex\n|-start|p1a: Slowking|move: Future Sight\n|\n|upkeep\n|turn|4\n|\n|t:|1653808662\n|switch|p1a: Landorus|Landorus-Therian, M|94\/100 tox\n|-ability|p1a: Landorus|Intimidate|boost\n|-unboost|p2a: Toxapex|atk|1\n|move|p2a: Toxapex|Toxic|p1a: Landorus\n|-fail|p1a: Landorus|tox\n|\n|-heal|p1a: Landorus|100\/100 tox|[from] item: Leftovers\n|-damage|p1a: Landorus|94\/100 tox|[from] psn\n|upkeep\n|turn|5\n|\n|t:|1653808669\n|switch|p1a: Slowking|Slowking-Galar, F|100\/100\n|-sideend|p1: Draco09876|move: Toxic Spikes|[of] p1a: Slowking\n|switch|p2a: Corviknight|Corviknight, M|100\/100\n|-ability|p2a: Corviknight|Pressure\n|\n|-end|p2a: Corviknight|move: Future Sight\n|-resisted|p2a: Corviknight\n|-damage|p2a: Corviknight|73\/100\n|-heal|p2a: Corviknight|79\/100|[from] item: Leftovers\n|upkeep\n|turn|6\n|\n|t:|1653808674\n|switch|p2a: Toxapex|Toxapex, M|100\/100\n|move|p1a: Slowking|Flamethrower|p2a: Toxapex\n|-resisted|p2a: Toxapex\n|-crit|p2a: Toxapex\n|-damage|p2a: Toxapex|81\/100\n|\n|upkeep\n|turn|7\n|\n|t:|1653808678\n|move|p2a: Toxapex|Toxic Spikes|p1a: Slowking\n|-sidestart|p1: Draco09876|move: Toxic Spikes\n|move|p1a: Slowking|Future Sight|p2a: Toxapex\n|-start|p1a: Slowking|move: Future Sight\n|\n|upkeep\n|turn|8\n|\n|t:|1653808685\n|switch|p1a: Landorus|Landorus-Therian, M|94\/100 tox\n|-ability|p1a: Landorus|Intimidate|boost\n|-unboost|p2a: Toxapex|atk|1\n|move|p2a: Toxapex|Knock Off|p1a: Landorus\n|-damage|p1a: Landorus|85\/100 tox\n|-enditem|p1a: Landorus|Leftovers|[from] move: Knock Off|[of] p2a: Toxapex\n|\n|-damage|p1a: Landorus|79\/100 tox|[from] psn\n|upkeep\n|turn|9\n|\n|t:|1653808692\n|switch|p1a: Slowking|Slowking-Galar, F|100\/100\n|-sideend|p1: Draco09876|move: Toxic Spikes|[of] p1a: Slowking\n|switch|p2a: Corviknight|Corviknight, M|79\/100\n|-ability|p2a: Corviknight|Pressure\n|\n|-end|p2a: Corviknight|move: Future Sight\n|-resisted|p2a: Corviknight\n|-damage|p2a: Corviknight|52\/100\n|-heal|p2a: Corviknight|58\/100|[from] item: Leftovers\n|upkeep\n|turn|10\n|j| OneTreeWaiting\n|\n|t:|1653808696\n|switch|p2a: Toxapex|Toxapex, M|100\/100\n|move|p1a: Slowking|Flamethrower|p2a: Toxapex\n|-resisted|p2a: Toxapex\n|-damage|p2a: Toxapex|88\/100\n|\n|upkeep\n|turn|11\n|\n|t:|1653808699\n|move|p2a: Toxapex|Toxic Spikes|p1a: Slowking\n|-sidestart|p1: Draco09876|move: Toxic Spikes\n|move|p1a: Slowking|Future Sight|p2a: Toxapex\n|-start|p1a: Slowking|move: Future Sight\n|\n|upkeep\n|turn|12\n|\n|t:|1653808703\n|switch|p2a: Gastrodon|Gastrodon, F|100\/100\n|move|p1a: Slowking|Flamethrower|p2a: Gastrodon\n|-resisted|p2a: Gastrodon\n|-damage|p2a: Gastrodon|90\/100\n|\n|-heal|p2a: Gastrodon|96\/100|[from] item: Leftovers\n|upkeep\n|turn|13\n|\n|t:|1653808709\n|move|p2a: Gastrodon|Scald|p1a: Slowking\n|-damage|p1a: Slowking|81\/100\n|move|p1a: Slowking|Sludge Bomb|p2a: Gastrodon\n|-resisted|p2a: Gastrodon\n|-damage|p2a: Gastrodon|81\/100\n|\n|-end|p2a: Gastrodon|move: Future Sight\n|-damage|p2a: Gastrodon|37\/100\n|-heal|p2a: Gastrodon|43\/100|[from] item: Leftovers\n|upkeep\n|turn|14\n|\n|t:|1653808718\n|move|p2a: Gastrodon|Scald|p1a: Slowking\n|-damage|p1a: Slowking|61\/100\n|move|p1a: Slowking|Sludge Bomb|p2a: Gastrodon\n|-resisted|p2a: Gastrodon\n|-damage|p2a: Gastrodon|26\/100\n|-status|p2a: Gastrodon|psn\n|\n|-heal|p2a: Gastrodon|32\/100 psn|[from] item: Leftovers\n|-damage|p2a: Gastrodon|20\/100 psn|[from] psn\n|upkeep\n|turn|15\n|\n|t:|1653808723\n|switch|p1a: Landorus|Landorus-Therian, M|79\/100 tox\n|-ability|p1a: Landorus|Intimidate|boost\n|-unboost|p2a: Gastrodon|atk|1\n|move|p2a: Gastrodon|Recover|p2a: Gastrodon\n|-heal|p2a: Gastrodon|70\/100 psn\n|\n|-heal|p2a: Gastrodon|76\/100 psn|[from] item: Leftovers\n|-damage|p1a: Landorus|73\/100 tox|[from] psn\n|-damage|p2a: Gastrodon|64\/100 psn|[from] psn\n|upkeep\n|turn|16\n|\n|t:|1653808727\n|move|p1a: Landorus|Earthquake|p2a: Gastrodon\n|-damage|p2a: Gastrodon|18\/100 psn\n|move|p2a: Gastrodon|Recover|p2a: Gastrodon\n|-heal|p2a: Gastrodon|68\/100 psn\n|\n|-heal|p2a: Gastrodon|74\/100 psn|[from] item: Leftovers\n|-damage|p1a: Landorus|61\/100 tox|[from] psn\n|-damage|p2a: Gastrodon|61\/100 psn|[from] psn\n|upkeep\n|turn|17\n|\n|t:|1653808732\n|switch|p1a: Slowking|Slowking-Galar, F|94\/100\n|-sideend|p1: Draco09876|move: Toxic Spikes|[of] p1a: Slowking\n|move|p2a: Gastrodon|Recover|p2a: Gastrodon\n|-heal|p2a: Gastrodon|100\/100 psn\n|\n|-damage|p2a: Gastrodon|88\/100 psn|[from] psn\n|upkeep\n|turn|18\n|\n|t:|1653808738\n|move|p2a: Gastrodon|Scald|p1a: Slowking\n|-crit|p1a: Slowking\n|-damage|p1a: Slowking|65\/100\n|-status|p1a: Slowking|brn\n|move|p1a: Slowking|Future Sight|p2a: Gastrodon\n|-start|p1a: Slowking|move: Future Sight\n|\n|-heal|p2a: Gastrodon|94\/100 psn|[from] item: Leftovers\n|-damage|p2a: Gastrodon|82\/100 psn|[from] psn\n|-damage|p1a: Slowking|59\/100 brn|[from] brn\n|upkeep\n|turn|19\n|\n|t:|1653808744\n|switch|p1a: Urshifu|Urshifu-Rapid-Strike, M|100\/100\n|move|p2a: Gastrodon|Scald|p1a: Urshifu\n|-resisted|p1a: Urshifu\n|-damage|p1a: Urshifu|82\/100\n|-status|p1a: Urshifu|brn\n|\n|-heal|p2a: Gastrodon|88\/100 psn|[from] item: Leftovers\n|-damage|p2a: Gastrodon|75\/100 psn|[from] psn\n|-damage|p1a: Urshifu|76\/100 brn|[from] brn\n|upkeep\n|turn|20\n|c|\u2606Draco09876|fuckl\n|\n|t:|1653808760\n|switch|p2a: Corviknight|Corviknight, M|58\/100\n|-ability|p2a: Corviknight|Pressure\n|move|p1a: Urshifu|Close Combat|p2a: Corviknight\n|-damage|p2a: Corviknight|27\/100\n|-unboost|p1a: Urshifu|def|1\n|-unboost|p1a: Urshifu|spd|1\n|\n|-end|p2a: Corviknight|move: Future Sight\n|-resisted|p2a: Corviknight\n|-damage|p2a: Corviknight|0 fnt\n|faint|p2a: Corviknight\n|-damage|p1a: Urshifu|70\/100 brn|[from] brn\n|upkeep\n|\n|t:|1653808773\n|switch|p2a: Clefable|Clefable, F|100\/100\n|turn|21\n|\n|t:|1653808778\n|switch|p1a: Kartana|Kartana|100\/100\n|move|p2a: Clefable|Aromatherapy|p2a: Clefable\n|-activate|p2a: Clefable|move: Aromatherapy\n|-curestatus|p2: Gastrodon|psn|[msg]\n|\n|upkeep\n|turn|22\n|\n|t:|1653808783\n|switch|p1a: Slowking|Slowking-Galar, F|93\/100 brn\n|switch|p2a: Zapdos|Zapdos|100\/100\n|\n|-damage|p1a: Slowking|87\/100 brn|[from] brn\n|upkeep\n|turn|23\n|\n|t:|1653808789\n|switch|p2a: Gastrodon|Gastrodon, F|75\/100\n|move|p1a: Slowking|Future Sight|p2a: Gastrodon\n|-start|p1a: Slowking|move: Future Sight\n|\n|-heal|p2a: Gastrodon|81\/100|[from] item: Leftovers\n|-damage|p1a: Slowking|80\/100 brn|[from] brn\n|upkeep\n|turn|24\n|\n|t:|1653808795\n|switch|p1a: Urshifu|Urshifu-Rapid-Strike, M|70\/100 brn\n|move|p2a: Gastrodon|Scald|p1a: Urshifu\n|-resisted|p1a: Urshifu\n|-damage|p1a: Urshifu|50\/100 brn\n|\n|-heal|p2a: Gastrodon|88\/100|[from] item: Leftovers\n|-damage|p1a: Urshifu|44\/100 brn|[from] brn\n|upkeep\n|turn|25\n|\n|t:|1653808800\n|move|p1a: Urshifu|Close Combat|p2a: Gastrodon\n|-damage|p2a: Gastrodon|39\/100\n|-unboost|p1a: Urshifu|def|1\n|-unboost|p1a: Urshifu|spd|1\n|move|p2a: Gastrodon|Recover|p2a: Gastrodon\n|-heal|p2a: Gastrodon|89\/100\n|\n|-end|p2a: Gastrodon|move: Future Sight\n|-damage|p2a: Gastrodon|47\/100\n|-heal|p2a: Gastrodon|53\/100|[from] item: Leftovers\n|-damage|p1a: Urshifu|37\/100 brn|[from] brn\n|upkeep\n|turn|26\n|\n|t:|1653808814\n|move|p1a: Urshifu|Close Combat|p2a: Gastrodon\n|-damage|p2a: Gastrodon|5\/100\n|-unboost|p1a: Urshifu|def|1\n|-unboost|p1a: Urshifu|spd|1\n|move|p2a: Gastrodon|Recover|p2a: Gastrodon\n|-heal|p2a: Gastrodon|55\/100\n|\n|-heal|p2a: Gastrodon|62\/100|[from] item: Leftovers\n|-damage|p1a: Urshifu|31\/100 brn|[from] brn\n|upkeep\n|turn|27\n|\n|t:|1653808819\n|switch|p1a: Landorus|Landorus-Therian, M|61\/100 tox\n|-ability|p1a: Landorus|Intimidate|boost\n|-unboost|p2a: Gastrodon|atk|1\n|move|p2a: Gastrodon|Recover|p2a: Gastrodon\n|-heal|p2a: Gastrodon|100\/100\n|\n|-damage|p1a: Landorus|55\/100 tox|[from] psn\n|upkeep\n|turn|28\n|\n|t:|1653808823\n|move|p2a: Gastrodon|Protect|p2a: Gastrodon\n|-singleturn|p2a: Gastrodon|Protect\n|move|p1a: Landorus|Knock Off|p2a: Gastrodon\n|-activate|p2a: Gastrodon|move: Protect\n|\n|-damage|p1a: Landorus|43\/100 tox|[from] psn\n|upkeep\n|turn|29\n|\n|t:|1653808827\n|switch|p1a: Slowking|Slowking-Galar, F|100\/100 brn\n|move|p2a: Gastrodon|Scald|p1a: Slowking\n|-damage|p1a: Slowking|81\/100 brn\n|\n|-damage|p1a: Slowking|75\/100 brn|[from] brn\n|upkeep\n|turn|30\n|\n|t:|1653808831\n|move|p2a: Gastrodon|Earthquake|p1a: Slowking\n|-supereffective|p1a: Slowking\n|-damage|p1a: Slowking|32\/100 brn\n|move|p1a: Slowking|Future Sight|p2a: Gastrodon\n|-start|p1a: Slowking|move: Future Sight\n|\n|-damage|p1a: Slowking|26\/100 brn|[from] brn\n|upkeep\n|turn|31\n|\n|t:|1653808837\n|switch|p1a: Landorus|Landorus-Therian, M|43\/100 tox\n|-ability|p1a: Landorus|Intimidate|boost\n|-unboost|p2a: Gastrodon|atk|1\n|move|p2a: Gastrodon|Scald|p1a: Landorus\n|-supereffective|p1a: Landorus\n|-damage|p1a: Landorus|4\/100 tox\n|\n|-damage|p1a: Landorus|0 fnt|[from] psn\n|faint|p1a: Landorus\n|upkeep\n|\n|t:|1653808842\n|switch|p1a: Buzzwole|Buzzwole|100\/100\n|turn|32\n|\n|t:|1653808848\n|move|p2a: Gastrodon|Protect|p2a: Gastrodon\n|-singleturn|p2a: Gastrodon|Protect\n|move|p1a: Buzzwole|Drain Punch|p2a: Gastrodon\n|-activate|p2a: Gastrodon|move: Protect\n|\n|-end|p2a: Gastrodon|move: Future Sight\n|-damage|p2a: Gastrodon|54\/100\n|-heal|p2a: Gastrodon|61\/100|[from] item: Leftovers\n|upkeep\n|turn|33\n|c| OneTreeWaiting|why sac corvi\n|\n|t:|1653808865\n|switch|p2a: Zapdos|Zapdos|100\/100\n|move|p1a: Buzzwole|Ice Punch|p2a: Zapdos\n|-supereffective|p2a: Zapdos\n|-damage|p2a: Zapdos|66\/100\n|\n|upkeep\n|turn|34\n|\n|t:|1653808874\n|switch|p1a: Slowking|Slowking-Galar, F|59\/100 brn\n|move|p2a: Zapdos|Roost|p2a: Zapdos\n|-heal|p2a: Zapdos|100\/100\n|-singleturn|p2a: Zapdos|move: Roost\n|\n|-damage|p1a: Slowking|53\/100 brn|[from] brn\n|upkeep\n|turn|35\n|c| OneTreeWaiting|it deal with so many things\n|\n|t:|1653808879\n|move|p2a: Zapdos|Thunderbolt|p1a: Slowking\n|-damage|p1a: Slowking|21\/100 brn\n|move|p1a: Slowking|Future Sight|p2a: Zapdos\n|-start|p1a: Slowking|move: Future Sight\n|\n|-damage|p1a: Slowking|15\/100 brn|[from] brn\n|upkeep\n|turn|36\n|\n|t:|1653808884\n|switch|p1a: Urshifu|Urshifu-Rapid-Strike, M|31\/100 brn\n|move|p2a: Zapdos|Heat Wave|p1a: Urshifu\n|-resisted|p1a: Urshifu\n|-crit|p1a: Urshifu\n|-damage|p1a: Urshifu|3\/100 brn\n|\n|-damage|p1a: Urshifu|0 fnt|[from] brn\n|faint|p1a: Urshifu\n|upkeep\n|\n|t:|1653808888\n|switch|p1a: Weavile|Weavile, F|100\/100\n|-ability|p1a: Weavile|Pressure\n|turn|37\n|\n|t:|1653808895\n|switch|p2a: Blissey|Blissey, F|100\/100\n|move|p1a: Weavile|Triple Axel|p2a: Blissey\n|-damage|p2a: Blissey|92\/100\n|-damage|p2a: Blissey|73\/100\n|-damage|p2a: Blissey|46\/100\n|-hitcount|p2a: Blissey|3\n|\n|-end|p2a: Blissey|move: Future Sight\n|-damage|p2a: Blissey|25\/100\n|-heal|p2a: Blissey|32\/100|[from] item: Leftovers\n|upkeep\n|turn|38\n|\n|t:|1653808910\n|switch|p2a: Toxapex|Toxapex, M|100\/100\n|move|p1a: Weavile|Knock Off|p2a: Toxapex\n|-damage|p2a: Toxapex|82\/100\n|\n|upkeep\n|turn|39\n|\n|t:|1653808914\n|switch|p2a: Blissey|Blissey, F|32\/100\n|move|p1a: Weavile|Knock Off|p2a: Blissey\n|-damage|p2a: Blissey|0 fnt\n|-enditem|p2a: Blissey|Leftovers|[from] move: Knock Off|[of] p1a: Weavile\n|faint|p2a: Blissey\n|\n|upkeep\n|\n|t:|1653808916\n|switch|p2a: Toxapex|Toxapex, M|100\/100\n|turn|40\n|\n|t:|1653808920\n|switch|p1a: Slowking|Slowking-Galar, F|48\/100 brn\n|move|p2a: Toxapex|Knock Off|p1a: Slowking\n|-supereffective|p1a: Slowking\n|-damage|p1a: Slowking|30\/100 brn\n|\n|-damage|p1a: Slowking|24\/100 brn|[from] brn\n|upkeep\n|turn|41\n|\n|t:|1653808927\n|move|p2a: Toxapex|Knock Off|p1a: Slowking\n|-supereffective|p1a: Slowking\n|-damage|p1a: Slowking|6\/100 brn\n|move|p1a: Slowking|Future Sight|p2a: Toxapex\n|-start|p1a: Slowking|move: Future Sight\n|\n|-damage|p1a: Slowking|0 fnt|[from] brn\n|faint|p1a: Slowking\n|upkeep\n|\n|t:|1653808934\n|switch|p1a: Kartana|Kartana|100\/100\n|turn|42\n|\n|t:|1653808956\n|switch|p2a: Gastrodon|Gastrodon, F|61\/100\n|move|p1a: Kartana|Leaf Blade|p2a: Gastrodon\n|-supereffective|p2a: Gastrodon\n|-crit|p2a: Gastrodon\n|-damage|p2a: Gastrodon|0 fnt\n|faint|p2a: Gastrodon\n|-ability|p1a: Kartana|Beast Boost|boost\n|-boost|p1a: Kartana|atk|1\n|\n|upkeep\n|\n|t:|1653808963\n|switch|p2a: Zapdos|Zapdos|100\/100\n|turn|43\n|\n|t:|1653808971\n|switch|p1a: Buzzwole|Buzzwole|100\/100\n|move|p2a: Zapdos|Heat Wave|p1a: Buzzwole\n|-supereffective|p1a: Buzzwole\n|-crit|p1a: Buzzwole\n|-damage|p1a: Buzzwole|36\/100\n|\n|-end|p2a: Zapdos|move: Future Sight\n|-damage|p2a: Zapdos|45\/100\n|upkeep\n|turn|44\n|\n|t:|1653808979\n|switch|p2a: Toxapex|Toxapex, M|100\/100\n|move|p1a: Buzzwole|Drain Punch|p2a: Toxapex\n|-resisted|p2a: Toxapex\n|-damage|p2a: Toxapex|91\/100\n|-heal|p1a: Buzzwole|39\/100|[from] drain|[of] p2a: Toxapex\n|\n|upkeep\n|turn|45\n|\n|t:|1653808989\n|move|p1a: Buzzwole|Bulk Up|p1a: Buzzwole\n|-boost|p1a: Buzzwole|atk|1\n|-boost|p1a: Buzzwole|def|1\n|move|p2a: Toxapex|Toxic Spikes|p1a: Buzzwole\n|-sidestart|p1: Draco09876|move: Toxic Spikes\n|\n|upkeep\n|turn|46\n|\n|t:|1653808992\n|move|p1a: Buzzwole|Roost|p1a: Buzzwole\n|-heal|p1a: Buzzwole|89\/100\n|-singleturn|p1a: Buzzwole|move: Roost\n|move|p2a: Toxapex|Toxic|p1a: Buzzwole\n|-status|p1a: Buzzwole|tox\n|\n|-damage|p1a: Buzzwole|83\/100 tox|[from] psn\n|upkeep\n|turn|47\n|\n|t:|1653808997\n|switch|p2a: Clefable|Clefable, F|100\/100\n|move|p1a: Buzzwole|Bulk Up|p1a: Buzzwole\n|-boost|p1a: Buzzwole|atk|1\n|-boost|p1a: Buzzwole|def|1\n|\n|-damage|p1a: Buzzwole|71\/100 tox|[from] psn\n|upkeep\n|turn|48\n|\n|t:|1653808999\n|switch|p1a: Kartana|Kartana|100\/100\n|move|p2a: Clefable|Moonblast|p1a: Kartana\n|-resisted|p1a: Kartana\n|-damage|p1a: Kartana|48\/100\n|-unboost|p1a: Kartana|spa|1\n|\n|upkeep\n|turn|49\n|\n|t:|1653809008\n|switch|p2a: Toxapex|Toxapex, M|100\/100\n|move|p1a: Kartana|Smart Strike|p2a: Toxapex\n|-resisted|p2a: Toxapex\n|-damage|p2a: Toxapex|87\/100\n|\n|upkeep\n|turn|50\n|\n|t:|1653809012\n|switch|p1a: Buzzwole|Buzzwole|71\/100 tox\n|move|p2a: Toxapex|Knock Off|p1a: Buzzwole\n|-resisted|p1a: Buzzwole\n|-damage|p1a: Buzzwole|67\/100 tox\n|-damage|p2a: Toxapex|70\/100|[from] item: Rocky Helmet|[of] p1a: Buzzwole\n|-enditem|p1a: Buzzwole|Rocky Helmet|[from] move: Knock Off|[of] p2a: Toxapex\n|\n|-damage|p1a: Buzzwole|61\/100 tox|[from] psn\n|upkeep\n|turn|51\n|\n|t:|1653809021\n|switch|p1a: Kartana|Kartana|48\/100\n|move|p2a: Toxapex|Recover|p2a: Toxapex\n|-heal|p2a: Toxapex|100\/100\n|\n|upkeep\n|turn|52\n|\n|t:|1653809023\n|move|p1a: Kartana|Leaf Blade|p2a: Toxapex\n|-damage|p2a: Toxapex|62\/100\n|move|p2a: Toxapex|Knock Off|p1a: Kartana\n|-damage|p1a: Kartana|35\/100\n|-enditem|p1a: Kartana|Choice Scarf|[from] move: Knock Off|[of] p2a: Toxapex\n|\n|upkeep\n|turn|53\n|\n|t:|1653809031\n|move|p1a: Kartana|Knock Off|p2a: Toxapex\n|-damage|p2a: Toxapex|44\/100\n|move|p2a: Toxapex|Recover|p2a: Toxapex\n|-heal|p2a: Toxapex|94\/100\n|\n|upkeep\n|turn|54\n|\n|t:|1653809033\n|move|p1a: Kartana|Leaf Blade|p2a: Toxapex\n|-damage|p2a: Toxapex|56\/100\n|move|p2a: Toxapex|Knock Off|p1a: Kartana\n|-damage|p1a: Kartana|25\/100\n|\n|upkeep\n|turn|55\n|\n|t:|1653809036\n|move|p1a: Kartana|Leaf Blade|p2a: Toxapex\n|-crit|p2a: Toxapex\n|-damage|p2a: Toxapex|3\/100\n|move|p2a: Toxapex|Recover|p2a: Toxapex\n|-heal|p2a: Toxapex|53\/100\n|\n|upkeep\n|turn|56\n|\n|t:|1653809038\n|move|p1a: Kartana|Leaf Blade|p2a: Toxapex\n|-damage|p2a: Toxapex|18\/100\n|move|p2a: Toxapex|Recover|p2a: Toxapex\n|-heal|p2a: Toxapex|68\/100\n|\n|upkeep\n|turn|57\n|\n|t:|1653809040\n|move|p1a: Kartana|Leaf Blade|p2a: Toxapex\n|-damage|p2a: Toxapex|28\/100\n|move|p2a: Toxapex|Recover|p2a: Toxapex\n|-heal|p2a: Toxapex|78\/100\n|\n|upkeep\n|turn|58\n|\n|t:|1653809043\n|move|p1a: Kartana|Leaf Blade|p2a: Toxapex\n|-damage|p2a: Toxapex|44\/100\n|move|p2a: Toxapex|Recover|p2a: Toxapex\n|-heal|p2a: Toxapex|94\/100\n|\n|upkeep\n|turn|59\n|\n|t:|1653809046\n|move|p1a: Kartana|Leaf Blade|p2a: Toxapex\n|-crit|p2a: Toxapex\n|-damage|p2a: Toxapex|38\/100\n|move|p2a: Toxapex|Knock Off|p1a: Kartana\n|-damage|p1a: Kartana|15\/100\n|\n|upkeep\n|turn|60\n|\n|t:|1653809049\n|move|p1a: Kartana|Leaf Blade|p2a: Toxapex\n|-damage|p2a: Toxapex|4\/100\n|move|p2a: Toxapex|Recover|p2a: Toxapex\n|-heal|p2a: Toxapex|54\/100\n|\n|upkeep\n|turn|61\n|\n|t:|1653809051\n|move|p1a: Kartana|Leaf Blade|p2a: Toxapex\n|-crit|p2a: Toxapex\n|-damage|p2a: Toxapex|0 fnt\n|faint|p2a: Toxapex\n|-ability|p1a: Kartana|Beast Boost|boost\n|-boost|p1a: Kartana|atk|1\n|\n|upkeep\n|\n|t:|1653809057\n|switch|p2a: Zapdos|Zapdos|45\/100\n|turn|62\n|\n|t:|1653809073\n|move|p1a: Kartana|Knock Off|p2a: Zapdos\n|-crit|p2a: Zapdos\n|-damage|p2a: Zapdos|0 fnt\n|-enditem|p2a: Zapdos|Heavy-Duty Boots|[from] move: Knock Off|[of] p1a: Kartana\n|faint|p2a: Zapdos\n|-ability|p1a: Kartana|Beast Boost|boost\n|-boost|p1a: Kartana|atk|1\n|\n|upkeep\n|\n|t:|1653809077\n|switch|p2a: Clefable|Clefable, F|100\/100\n|turn|63\n|\n|t:|1653809080\n|move|p1a: Kartana|Smart Strike|p2a: Clefable\n|-supereffective|p2a: Clefable\n|-damage|p2a: Clefable|21\/100\n|move|p2a: Clefable|Moonblast|p1a: Kartana\n|-resisted|p1a: Kartana\n|-crit|p1a: Kartana\n|-damage|p1a: Kartana|0 fnt\n|faint|p1a: Kartana\n|\n|-heal|p2a: Clefable|27\/100|[from] item: Leftovers\n|upkeep\n|\n|t:|1653809084\n|switch|p1a: Weavile|Weavile, F|100\/100\n|-ability|p1a: Weavile|Pressure\n|turn|64\n|\n|t:|1653809087\n|move|p1a: Weavile|Triple Axel|p2a: Clefable\n|-damage|p2a: Clefable|20\/100\n|-damage|p2a: Clefable|4\/100\n|-damage|p2a: Clefable|0 fnt\n|faint|p2a: Clefable\n|-hitcount|p2: Clefable|3\n|\n|win|Draco09876\n|raw|Draco09876's rating: 1766 &rarr; <strong>1794<\/strong><br \/>(+28 for winning)\n|raw|CloudNineee's rating: 1909 &rarr; <strong>1881<\/strong><br \/>(-28 for losing)\n|l|\u2606CloudNineee\n|c|\u2606Draco09876|gg\n|l|\u2606Draco09876\n|l| OneTreeWaiting\n","uploadtime":1653809149,"views":83,"p1id":"draco09876","p2id":"cloudnineee","formatid":"gen8ou","rating":1794,"private":0,"password":null}