{"id":"gen8ou-1597980101","p1":"2(H2O)-Alt","p2":"Xd kokopants4939","format":"gen8ou","log":"|j|\u26062(H2O)-Alt\n|j|\u2606Xd kokopants4939\n|t:|1655428810\n|gametype|singles\n|player|p1|2(H2O)-Alt|youngster|1714\n|player|p2|Xd kokopants4939|hilbert|1650\n|teamsize|p1|6\n|teamsize|p2|6\n|gen|8\n|tier|[Gen 8] OU\n|rated|\n|rule|Sleep Clause Mod: Limit one foe put to sleep\n|rule|Species Clause: Limit one of each Pok\u00e9mon\n|rule|OHKO Clause: OHKO moves are banned\n|rule|Evasion Moves Clause: Evasion moves are banned\n|rule|Endless Battle Clause: Forcing endless battles is banned\n|rule|HP Percentage Mod: HP is shown in percentages\n|rule|Dynamax Clause: You cannot dynamax\n|clearpoke\n|poke|p1|Kartana|\n|poke|p1|Tapu Lele|\n|poke|p1|Toxapex, M|\n|poke|p1|Mandibuzz, F|\n|poke|p1|Magnezone|\n|poke|p1|Landorus-Therian, M|\n|poke|p2|Landorus-Therian, M|\n|poke|p2|Blissey, F|\n|poke|p2|Toxapex, M|\n|poke|p2|Corviknight, F|\n|poke|p2|Dragapult, F|\n|poke|p2|Kartana|\n|teampreview\n|\n|t:|1655428840\n|start\n|switch|p1a: Landorus|Landorus-Therian, M|100\/100\n|switch|p2a: Landorus|Landorus-Therian, M|100\/100\n|-ability|p1a: Landorus|Intimidate|boost\n|-unboost|p2a: Landorus|atk|1\n|-ability|p2a: Landorus|Intimidate|boost\n|-unboost|p1a: Landorus|atk|1\n|turn|1\n|inactive|Battle timer is ON: inactive players will automatically lose when time's up. (requested by Xd kokopants4939)\n|inactive|2(H2O)-Alt also wants the timer to be on.\n|\n|t:|1655428846\n|move|p1a: Landorus|Toxic|p2a: Landorus\n|-status|p2a: Landorus|tox\n|move|p2a: Landorus|Toxic|p1a: Landorus\n|-status|p1a: Landorus|tox\n|\n|-damage|p2a: Landorus|94\/100 tox|[from] psn\n|-damage|p1a: Landorus|94\/100 tox|[from] psn\n|upkeep\n|turn|2\n|\n|t:|1655428853\n|move|p1a: Landorus|Stealth Rock|p2a: Landorus\n|-sidestart|p2: Xd kokopants4939|move: Stealth Rock\n|move|p2a: Landorus|Stealth Rock|p1a: Landorus\n|-sidestart|p1: 2(H2O)-Alt|move: Stealth Rock\n|\n|-heal|p2a: Landorus|100\/100 tox|[from] item: Leftovers\n|-heal|p1a: Landorus|100\/100 tox|[from] item: Leftovers\n|-damage|p2a: Landorus|88\/100 tox|[from] psn\n|-damage|p1a: Landorus|88\/100 tox|[from] psn\n|upkeep\n|turn|3\n|\n|t:|1655428862\n|move|p2a: Landorus|U-turn|p1a: Landorus\n|-resisted|p1a: Landorus\n|-damage|p1a: Landorus|81\/100 tox\n|\n|t:|1655428866\n|switch|p2a: Toxapex|Toxapex, M|100\/100|[from]move: U-turn\n|-damage|p2a: Toxapex|88\/100|[from] Stealth Rock\n|move|p1a: Landorus|U-turn|p2a: Toxapex\n|-resisted|p2a: Toxapex\n|-damage|p2a: Toxapex|84\/100\n|-damage|p1a: Landorus|64\/100 tox|[from] item: Rocky Helmet|[of] p2a: Toxapex\n|\n|t:|1655428874\n|switch|p1a: Tapu Lele|Tapu Lele, shiny|100\/100|[from]move: U-turn\n|-damage|p1a: Tapu Lele|88\/100|[from] Stealth Rock\n|-fieldstart|move: Psychic Terrain|[from] ability: Psychic Surge|[of] p1a: Tapu Lele\n|\n|upkeep\n|turn|4\n|\n|t:|1655428880\n|switch|p2a: Corviknight|Corviknight, F|100\/100\n|-damage|p2a: Corviknight|88\/100|[from] Stealth Rock\n|-ability|p2a: Corviknight|Pressure\n|move|p1a: Tapu Lele|Psyshock|p2a: Corviknight\n|-resisted|p2a: Corviknight\n|-damage|p2a: Corviknight|69\/100\n|\n|-heal|p2a: Corviknight|75\/100|[from] item: Leftovers\n|upkeep\n|turn|5\n|\n|t:|1655428883\n|switch|p1a: Toxapex|Toxapex, M|100\/100\n|-damage|p1a: Toxapex|88\/100|[from] Stealth Rock\n|move|p2a: Corviknight|U-turn|p1a: Toxapex\n|-resisted|p1a: Toxapex\n|-damage|p1a: Toxapex|84\/100\n|-enditem|p1a: Toxapex|Eject Button\n|\n|t:|1655428889\n|switch|p1a: Magnezone|Magnezone|100\/100\n|-damage|p1a: Magnezone|94\/100|[from] Stealth Rock\n|\n|-heal|p1a: Magnezone|100\/100|[from] item: Leftovers\n|-heal|p2a: Corviknight|82\/100|[from] item: Leftovers\n|upkeep\n|turn|6\n|j| zelduxe\n|\n|t:|1655428899\n|move|p1a: Magnezone|Thunderbolt|p2a: Corviknight\n|-supereffective|p2a: Corviknight\n|-damage|p2a: Corviknight|5\/100\n|move|p2a: Corviknight|U-turn|p1a: Magnezone\n|-resisted|p1a: Magnezone\n|-crit|p1a: Magnezone\n|-damage|p1a: Magnezone|90\/100\n|\n|t:|1655428914\n|switch|p2a: Kartana|Kartana|100\/100|[from]move: U-turn\n|-damage|p2a: Kartana|94\/100|[from] Stealth Rock\n|\n|-heal|p1a: Magnezone|96\/100|[from] item: Leftovers\n|upkeep\n|turn|7\n|\n|t:|1655428920\n|switch|p1a: Mandibuzz|Mandibuzz, F|100\/100\n|move|p2a: Kartana|Swords Dance|p2a: Kartana\n|-boost|p2a: Kartana|atk|2\n|\n|-fieldend|move: Psychic Terrain\n|upkeep\n|turn|8\n|\n|t:|1655428926\n|move|p2a: Kartana|Sacred Sword|p1a: Mandibuzz\n|-damage|p1a: Mandibuzz|30\/100\n|-damage|p2a: Kartana|85\/100|[from] item: Life Orb\n|move|p1a: Mandibuzz|Foul Play|p2a: Kartana\n|-damage|p2a: Kartana|0 fnt\n|faint|p2a: Kartana\n|\n|upkeep\n|\n|t:|1655428930\n|switch|p2a: Dragapult|Dragapult, F|100\/100\n|-damage|p2a: Dragapult|88\/100|[from] Stealth Rock\n|turn|9\n|j| crosschampion\n|\n|t:|1655428937\n|switch|p1a: Landorus|Landorus-Therian, M|64\/100 tox\n|-damage|p1a: Landorus|52\/100 tox|[from] Stealth Rock\n|-ability|p1a: Landorus|Intimidate|boost\n|-unboost|p2a: Dragapult|atk|1\n|move|p2a: Dragapult|Draco Meteor|p1a: Landorus\n|-damage|p1a: Landorus|0 fnt\n|-unboost|p2a: Dragapult|spa|2\n|faint|p1a: Landorus\n|\n|upkeep\n|\n|t:|1655428945\n|switch|p1a: Tapu Lele|Tapu Lele, shiny|88\/100\n|-damage|p1a: Tapu Lele|76\/100|[from] Stealth Rock\n|-fieldstart|move: Psychic Terrain|[from] ability: Psychic Surge|[of] p1a: Tapu Lele\n|turn|10\n|\n|t:|1655428948\n|switch|p2a: Corviknight|Corviknight, F|5\/100\n|-damage|p2a: Corviknight|0 fnt|[from] Stealth Rock\n|faint|p2a: Corviknight\n|move|p1a: Tapu Lele|Psyshock|p2: Corviknight|[notarget]\n|-fail|p1a: Tapu Lele\n|\n|upkeep\n|\n|t:|1655428963\n|switch|p2a: Blissey|Blissey, F|100\/100\n|turn|11\n|\n|t:|1655428969\n|switch|p1a: Mandibuzz|Mandibuzz, F|30\/100\n|move|p2a: Blissey|Seismic Toss|p1a: Mandibuzz\n|-damage|p1a: Mandibuzz|6\/100\n|\n|upkeep\n|turn|12\n|\n|t:|1655428974\n|move|p1a: Mandibuzz|Roost|p1a: Mandibuzz\n|-heal|p1a: Mandibuzz|56\/100\n|-singleturn|p1a: Mandibuzz|move: Roost\n|move|p2a: Blissey|Toxic|p1a: Mandibuzz\n|-status|p1a: Mandibuzz|tox\n|\n|-damage|p1a: Mandibuzz|50\/100 tox|[from] psn\n|upkeep\n|turn|13\n|\n|t:|1655428983\n|move|p1a: Mandibuzz|Roost|p1a: Mandibuzz\n|-heal|p1a: Mandibuzz|99\/100 tox\n|-singleturn|p1a: Mandibuzz|move: Roost\n|move|p2a: Blissey|Teleport|p2a: Blissey\n|\n|t:|1655428989\n|switch|p2a: Toxapex|Toxapex, M|100\/100|[from]move: Teleport\n|-damage|p2a: Toxapex|88\/100|[from] Stealth Rock\n|\n|-damage|p1a: Mandibuzz|88\/100 tox|[from] psn\n|upkeep\n|turn|14\n|\n|t:|1655428992\n|switch|p1a: Magnezone|Magnezone|96\/100\n|-damage|p1a: Magnezone|90\/100|[from] Stealth Rock\n|move|p2a: Toxapex|Knock Off|p1a: Magnezone\n|-damage|p1a: Magnezone|76\/100\n|-enditem|p1a: Magnezone|Leftovers|[from] move: Knock Off|[of] p2a: Toxapex\n|\n|-fieldend|move: Psychic Terrain\n|upkeep\n|turn|15\n|\n|t:|1655428998\n|switch|p2a: Blissey|Blissey, F|100\/100\n|move|p1a: Magnezone|Thunderbolt|p2a: Blissey\n|-damage|p2a: Blissey|86\/100\n|\n|upkeep\n|turn|16\n|\n|t:|1655429003\n|move|p1a: Magnezone|Body Press|p2a: Blissey\n|-supereffective|p2a: Blissey\n|-damage|p2a: Blissey|34\/100\n|move|p2a: Blissey|Teleport|p2a: Blissey\n|\n|t:|1655429007\n|switch|p2a: Dragapult|Dragapult, F|88\/100|[from]move: Teleport\n|-damage|p2a: Dragapult|76\/100|[from] Stealth Rock\n|\n|upkeep\n|turn|17\n|\n|t:|1655429012\n|switch|p1a: Mandibuzz|Mandibuzz, F|88\/100 tox\n|move|p2a: Dragapult|Shadow Ball|p1a: Mandibuzz\n|-resisted|p1a: Mandibuzz\n|-damage|p1a: Mandibuzz|66\/100 tox\n|\n|-damage|p1a: Mandibuzz|60\/100 tox|[from] psn\n|upkeep\n|turn|18\n|\n|t:|1655429016\n|switch|p2a: Blissey|Blissey, F|34\/100\n|move|p1a: Mandibuzz|U-turn|p2a: Blissey\n|-damage|p2a: Blissey|24\/100\n|\n|t:|1655429021\n|switch|p1a: Kartana|Kartana|100\/100|[from]move: U-turn\n|-damage|p1a: Kartana|94\/100|[from] Stealth Rock\n|\n|upkeep\n|turn|19\n|\n|t:|1655429024\n|switch|p2a: Toxapex|Toxapex, M|100\/100\n|-damage|p2a: Toxapex|88\/100|[from] Stealth Rock\n|move|p1a: Kartana|Leaf Blade|p2a: Toxapex\n|-damage|p2a: Toxapex|38\/100\n|-damage|p1a: Kartana|78\/100|[from] item: Rocky Helmet|[of] p2a: Toxapex\n|\n|upkeep\n|turn|20\n|\n|t:|1655429036\n|switch|p2a: Landorus|Landorus-Therian, M|88\/100 tox\n|-damage|p2a: Landorus|76\/100 tox|[from] Stealth Rock\n|-ability|p2a: Landorus|Intimidate|boost\n|-unboost|p1a: Kartana|atk|1\n|move|p1a: Kartana|Leaf Blade|p2a: Landorus\n|-crit|p2a: Landorus\n|-damage|p2a: Landorus|0 fnt\n|faint|p2a: Landorus\n|-ability|p1a: Kartana|Beast Boost|boost\n|-boost|p1a: Kartana|atk|1\n|\n|upkeep\n|\n|t:|1655429039\n|switch|p2a: Dragapult|Dragapult, F|76\/100\n|-damage|p2a: Dragapult|64\/100|[from] Stealth Rock\n|turn|21\n|\n|t:|1655429048\n|switch|p1a: Magnezone|Magnezone|76\/100\n|-damage|p1a: Magnezone|70\/100|[from] Stealth Rock\n|move|p2a: Dragapult|Draco Meteor|p1a: Magnezone|[miss]\n|-miss|p2a: Dragapult|p1a: Magnezone\n|\n|upkeep\n|turn|22\n|\n|t:|1655429054\n|switch|p2a: Blissey|Blissey, F|24\/100\n|move|p1a: Magnezone|Flash Cannon|p2a: Blissey\n|-damage|p2a: Blissey|13\/100\n|\n|upkeep\n|turn|23\n|\n|t:|1655429058\n|move|p1a: Magnezone|Body Press|p2a: Blissey\n|-supereffective|p2a: Blissey\n|-damage|p2a: Blissey|0 fnt\n|faint|p2a: Blissey\n|\n|upkeep\n|\n|t:|1655429060\n|switch|p2a: Dragapult|Dragapult, F|64\/100\n|-damage|p2a: Dragapult|51\/100|[from] Stealth Rock\n|turn|24\n|\n|t:|1655429065\n|switch|p1a: Mandibuzz|Mandibuzz, F|60\/100 tox\n|move|p2a: Dragapult|Shadow Ball|p1a: Mandibuzz\n|-resisted|p1a: Mandibuzz\n|-damage|p1a: Mandibuzz|39\/100 tox\n|-unboost|p1a: Mandibuzz|spd|1\n|\n|-damage|p1a: Mandibuzz|33\/100 tox|[from] psn\n|upkeep\n|turn|25\n|\n|t:|1655429069\n|move|p2a: Dragapult|Shadow Ball|p1a: Mandibuzz\n|-resisted|p1a: Mandibuzz\n|-damage|p1a: Mandibuzz|0 fnt\n|faint|p1a: Mandibuzz\n|\n|upkeep\n|\n|t:|1655429075\n|switch|p1a: Tapu Lele|Tapu Lele, shiny|76\/100\n|-damage|p1a: Tapu Lele|63\/100|[from] Stealth Rock\n|-fieldstart|move: Psychic Terrain|[from] ability: Psychic Surge|[of] p1a: Tapu Lele\n|turn|26\n|\n|t:|1655429078\n|move|p1a: Tapu Lele|Psyshock|p2a: Dragapult\n|-damage|p2a: Dragapult|0 fnt\n|faint|p2a: Dragapult\n|\n|upkeep\n|c|\u2606Xd kokopants4939|Gg\n|-message|Xd kokopants4939 forfeited.\n|\n|win|2(H2O)-Alt\n|raw|2(H2O)-Alt's rating: 1714 &rarr; <strong>1730<\/strong><br \/>(+16 for winning)\n|raw|Xd kokopants4939's rating: 1650 &rarr; <strong>1634<\/strong><br \/>(-16 for losing)\n|l|\u2606Xd kokopants4939\n|l| crosschampion\n||Ladder isn't responding, score probably updated but might not have (Request timeout).\n","uploadtime":1655429090,"views":65,"p1id":"2h2oalt","p2id":"xdkokopants4939","formatid":"gen8ou","rating":1634,"private":0,"password":null}