{"id":"gen8ou-1568032670","p1":"Kwaga","p2":"El Stefano","format":"gen8ou","log":"|j|\u2606Kwaga\n|j|\u2606El Stefano\n|t:|1651730499\n|gametype|singles\n|player|p1|Kwaga|calaba|1599\n|player|p2|El Stefano|169|1526\n|teamsize|p1|6\n|teamsize|p2|6\n|gen|8\n|tier|[Gen 8] OU\n|rated|\n|rule|Sleep Clause Mod: Limit one foe put to sleep\n|rule|Species Clause: Limit one of each Pok\u00e9mon\n|rule|OHKO Clause: OHKO moves are banned\n|rule|Evasion Moves Clause: Evasion moves are banned\n|rule|Endless Battle Clause: Forcing endless battles is banned\n|rule|HP Percentage Mod: HP is shown in percentages\n|rule|Dynamax Clause: You cannot dynamax\n|clearpoke\n|poke|p1|Urshifu-*, M|\n|poke|p1|Magnezone|\n|poke|p1|Tapu Lele|\n|poke|p1|Buzzwole|\n|poke|p1|Swampert, M|\n|poke|p1|Tornadus-Therian, M|\n|poke|p2|Tapu Koko|\n|poke|p2|Torkoal, M|\n|poke|p2|Venusaur, F|\n|poke|p2|Heatran, M|\n|poke|p2|Rillaboom, F|\n|poke|p2|Weavile, M|\n|teampreview\n|\n|t:|1651730520\n|start\n|switch|p1a: Tornadus|Tornadus-Therian, M|100\/100\n|switch|p2a: Rillaboom|Rillaboom, F|100\/100\n|-fieldstart|move: Grassy Terrain|[from] ability: Grassy Surge|[of] p2a: Rillaboom\n|turn|1\n|j| N0vaTheDestroyer\n|inactive|Battle timer is ON: inactive players will automatically lose when time's up. (requested by Kwaga)\n|\n|t:|1651730525\n|switch|p2a: Tapu Koko|Tapu Koko|100\/100\n|-fieldstart|move: Electric Terrain|[from] ability: Electric Surge|[of] p2a: Tapu Koko\n|move|p1a: Tornadus|Knock Off|p2a: Tapu Koko\n|-resisted|p2a: Tapu Koko\n|-crit|p2a: Tapu Koko\n|-damage|p2a: Tapu Koko|81\/100\n|-enditem|p2a: Tapu Koko|Magnet|[from] move: Knock Off|[of] p1a: Tornadus\n|\n|upkeep\n|turn|2\n|\n|t:|1651730533\n|switch|p1a: Swampert|Swampert, M|100\/100\n|move|p2a: Tapu Koko|U-turn|p1a: Swampert\n|-damage|p1a: Swampert|86\/100\n|\n|t:|1651730536\n|switch|p2a: Rillaboom|Rillaboom, F|100\/100|[from]move: U-turn\n|-fieldstart|move: Grassy Terrain|[from] ability: Grassy Surge|[of] p2a: Rillaboom\n|\n|-heal|p1a: Swampert|92\/100|[from] Grassy Terrain\n|-heal|p1a: Swampert|99\/100|[from] item: Leftovers\n|upkeep\n|turn|3\n|\n|t:|1651730539\n|switch|p1a: Tornadus|Tornadus-Therian, M|100\/100\n|move|p2a: Rillaboom|U-turn|p1a: Tornadus\n|-resisted|p1a: Tornadus\n|-damage|p1a: Tornadus|78\/100\n|\n|t:|1651730544\n|switch|p2a: Tapu Koko|Tapu Koko|81\/100|[from]move: U-turn\n|-fieldstart|move: Electric Terrain|[from] ability: Electric Surge|[of] p2a: Tapu Koko\n|\n|upkeep\n|turn|4\n|\n|t:|1651730554\n|switch|p1a: Swampert|Swampert, M|99\/100\n|move|p2a: Tapu Koko|U-turn|p1a: Swampert\n|-damage|p1a: Swampert|83\/100\n|\n|t:|1651730567\n|switch|p2a: Rillaboom|Rillaboom, F|100\/100|[from]move: U-turn\n|-fieldstart|move: Grassy Terrain|[from] ability: Grassy Surge|[of] p2a: Rillaboom\n|\n|-heal|p1a: Swampert|89\/100|[from] Grassy Terrain\n|-heal|p1a: Swampert|96\/100|[from] item: Leftovers\n|upkeep\n|turn|5\n|\n|t:|1651730573\n|switch|p1a: Buzzwole|Buzzwole|100\/100\n|move|p2a: Rillaboom|Knock Off|p1a: Buzzwole\n|-resisted|p1a: Buzzwole\n|-damage|p1a: Buzzwole|87\/100\n|-damage|p2a: Rillaboom|84\/100|[from] item: Rocky Helmet|[of] p1a: Buzzwole\n|-enditem|p1a: Buzzwole|Rocky Helmet|[from] move: Knock Off|[of] p2a: Rillaboom\n|\n|-heal|p2a: Rillaboom|90\/100|[from] Grassy Terrain\n|-heal|p1a: Buzzwole|93\/100|[from] Grassy Terrain\n|upkeep\n|turn|6\n|\n|t:|1651730584\n|switch|p2a: Torkoal|Torkoal, M|100\/100\n|-weather|SunnyDay|[from] ability: Drought|[of] p2a: Torkoal\n|move|p1a: Buzzwole|Leech Life|p2a: Torkoal\n|-resisted|p2a: Torkoal\n|-damage|p2a: Torkoal|91\/100\n|-heal|p1a: Buzzwole|97\/100|[from] drain|[of] p2a: Torkoal\n|\n|-weather|SunnyDay|[upkeep]\n|-heal|p1a: Buzzwole|100\/100|[from] Grassy Terrain\n|-heal|p2a: Torkoal|97\/100|[from] Grassy Terrain\n|upkeep\n|turn|7\n|\n|t:|1651730594\n|switch|p1a: Swampert|Swampert, M|96\/100\n|switch|p2a: Venusaur|Venusaur, F|100\/100\n|\n|-weather|SunnyDay|[upkeep]\n|-heal|p1a: Swampert|100\/100|[from] Grassy Terrain\n|upkeep\n|turn|8\n|\n|t:|1651730603\n|switch|p1a: Tornadus|Tornadus-Therian, M|100\/100\n|move|p2a: Venusaur|Giga Drain|p1a: Tornadus\n|-resisted|p1a: Tornadus\n|-damage|p1a: Tornadus|70\/100\n|-damage|p2a: Venusaur|91\/100|[from] item: Life Orb\n|\n|-weather|SunnyDay|[upkeep]\n|-heal|p2a: Venusaur|97\/100|[from] Grassy Terrain\n|-fieldend|move: Grassy Terrain\n|upkeep\n|turn|9\n|\n|t:|1651730614\n|switch|p2a: Tapu Koko|Tapu Koko|81\/100\n|-fieldstart|move: Electric Terrain|[from] ability: Electric Surge|[of] p2a: Tapu Koko\n|move|p1a: Tornadus|Hurricane|p2a: Tapu Koko\n|-resisted|p2a: Tapu Koko\n|-damage|p2a: Tapu Koko|47\/100\n|\n|-weather|SunnyDay|[upkeep]\n|upkeep\n|turn|10\n|\n|t:|1651730640\n|switch|p1a: Swampert|Swampert, M|100\/100\n|move|p2a: Tapu Koko|Roost|p2a: Tapu Koko\n|-heal|p2a: Tapu Koko|98\/100\n|-singleturn|p2a: Tapu Koko|move: Roost\n|\n|-weather|SunnyDay|[upkeep]\n|upkeep\n|turn|11\n|\n|t:|1651730649\n|move|p2a: Tapu Koko|U-turn|p1a: Swampert\n|-damage|p1a: Swampert|85\/100\n|\n|t:|1651730652\n|switch|p2a: Rillaboom|Rillaboom, F|90\/100|[from]move: U-turn\n|-fieldstart|move: Grassy Terrain|[from] ability: Grassy Surge|[of] p2a: Rillaboom\n|move|p1a: Swampert|Stealth Rock|p2a: Rillaboom\n|-sidestart|p2: El Stefano|move: Stealth Rock\n|\n|-weather|SunnyDay|[upkeep]\n|-heal|p2a: Rillaboom|96\/100|[from] Grassy Terrain\n|-heal|p1a: Swampert|91\/100|[from] Grassy Terrain\n|-heal|p1a: Swampert|97\/100|[from] item: Leftovers\n|upkeep\n|turn|12\n|\n|t:|1651730659\n|switch|p1a: Tornadus|Tornadus-Therian, M|100\/100\n|move|p2a: Rillaboom|U-turn|p1a: Tornadus\n|-resisted|p1a: Tornadus\n|-damage|p1a: Tornadus|79\/100\n|\n|t:|1651730662\n|switch|p2a: Tapu Koko|Tapu Koko|98\/100|[from]move: U-turn\n|-damage|p2a: Tapu Koko|85\/100|[from] Stealth Rock\n|-fieldstart|move: Electric Terrain|[from] ability: Electric Surge|[of] p2a: Tapu Koko\n|\n|-weather|SunnyDay|[upkeep]\n|upkeep\n|turn|13\n|\n|t:|1651730668\n|switch|p1a: Swampert|Swampert, M|97\/100\n|move|p2a: Tapu Koko|Defog|p1a: Swampert\n|-unboost|p1a: Swampert|evasion|1\n|-sideend|p2: El Stefano|Stealth Rock|[from] move: Defog|[of] p2a: Tapu Koko\n|-fieldend|move: Electric Terrain\n|\n|-weather|none\n|-heal|p1a: Swampert|100\/100|[from] item: Leftovers\n|upkeep\n|turn|14\n|\n|t:|1651730681\n|switch|p2a: Rillaboom|Rillaboom, F|96\/100\n|-fieldstart|move: Grassy Terrain|[from] ability: Grassy Surge|[of] p2a: Rillaboom\n|move|p1a: Swampert|Flip Turn|p2a: Rillaboom\n|-resisted|p2a: Rillaboom\n|-damage|p2a: Rillaboom|85\/100\n|\n|t:|1651730684\n|switch|p1a: Tornadus|Tornadus-Therian, M|100\/100|[from]move: Flip Turn\n|\n|-heal|p2a: Rillaboom|91\/100|[from] Grassy Terrain\n|upkeep\n|turn|15\n|\n|t:|1651730687\n|switch|p2a: Tapu Koko|Tapu Koko|85\/100\n|-fieldstart|move: Electric Terrain|[from] ability: Electric Surge|[of] p2a: Tapu Koko\n|move|p1a: Tornadus|U-turn|p2a: Tapu Koko\n|-resisted|p2a: Tapu Koko\n|-damage|p2a: Tapu Koko|75\/100\n|\n|t:|1651730689\n|switch|p1a: Swampert|Swampert, M|100\/100|[from]move: U-turn\n|\n|upkeep\n|turn|16\n|\n|t:|1651730695\n|move|p2a: Tapu Koko|U-turn|p1a: Swampert\n|-damage|p1a: Swampert|86\/100\n|\n|t:|1651730715\n|switch|p2a: Rillaboom|Rillaboom, F|91\/100|[from]move: U-turn\n|-fieldstart|move: Grassy Terrain|[from] ability: Grassy Surge|[of] p2a: Rillaboom\n|move|p1a: Swampert|Stealth Rock|p2a: Rillaboom\n|-sidestart|p2: El Stefano|move: Stealth Rock\n|\n|-heal|p2a: Rillaboom|97\/100|[from] Grassy Terrain\n|-heal|p1a: Swampert|92\/100|[from] Grassy Terrain\n|-heal|p1a: Swampert|98\/100|[from] item: Leftovers\n|upkeep\n|turn|17\n|\n|t:|1651730723\n|switch|p1a: Buzzwole|Buzzwole|100\/100\n|move|p2a: Rillaboom|U-turn|p1a: Buzzwole\n|-resisted|p1a: Buzzwole\n|-damage|p1a: Buzzwole|90\/100\n|j| FaeRen S\n|\n|t:|1651730728\n|switch|p2a: Heatran|Heatran, M|100\/100|[from]move: U-turn\n|-damage|p2a: Heatran|88\/100|[from] Stealth Rock\n|\n|-heal|p2a: Heatran|94\/100|[from] Grassy Terrain\n|-heal|p1a: Buzzwole|97\/100|[from] Grassy Terrain\n|upkeep\n|turn|18\n|\n|t:|1651730741\n|switch|p1a: Magnezone|Magnezone|100\/100\n|move|p2a: Heatran|Eruption|p1a: Magnezone\n|-supereffective|p1a: Magnezone\n|-damage|p1a: Magnezone|0 fnt\n|faint|p1a: Magnezone\n|\n|-heal|p2a: Heatran|100\/100|[from] Grassy Terrain\n|upkeep\n|\n|t:|1651730745\n|switch|p1a: Tornadus|Tornadus-Therian, M|100\/100\n|turn|19\n|\n|t:|1651730752\n|move|p1a: Tornadus|Knock Off|p2a: Heatran\n|-damage|p2a: Heatran|80\/100\n|-enditem|p2a: Heatran|Choice Specs|[from] move: Knock Off|[of] p1a: Tornadus\n|move|p2a: Heatran|Eruption|p1a: Tornadus\n|-damage|p1a: Tornadus|36\/100\n|\n|-heal|p2a: Heatran|86\/100|[from] Grassy Terrain\n|upkeep\n|turn|20\n|\n|t:|1651730758\n|move|p1a: Tornadus|U-turn|p2a: Heatran\n|-resisted|p2a: Heatran\n|-damage|p2a: Heatran|82\/100\n|\n|t:|1651730760\n|switch|p1a: Swampert|Swampert, M|98\/100|[from]move: U-turn\n|move|p2a: Heatran|Fire Blast|p1a: Swampert\n|-resisted|p1a: Swampert\n|-damage|p1a: Swampert|76\/100\n|-status|p1a: Swampert|brn\n|\n|-heal|p2a: Heatran|88\/100|[from] Grassy Terrain\n|-heal|p1a: Swampert|83\/100 brn|[from] Grassy Terrain\n|-heal|p1a: Swampert|89\/100 brn|[from] item: Leftovers\n|-damage|p1a: Swampert|83\/100 brn|[from] brn\n|-fieldend|move: Grassy Terrain\n|upkeep\n|turn|21\n|\n|t:|1651730766\n|switch|p2a: Rillaboom|Rillaboom, F|97\/100\n|-damage|p2a: Rillaboom|85\/100|[from] Stealth Rock\n|-fieldstart|move: Grassy Terrain|[from] ability: Grassy Surge|[of] p2a: Rillaboom\n|move|p1a: Swampert|Toxic|p2a: Rillaboom\n|-status|p2a: Rillaboom|tox\n|\n|-heal|p2a: Rillaboom|91\/100 tox|[from] Grassy Terrain\n|-heal|p1a: Swampert|89\/100 brn|[from] Grassy Terrain\n|-heal|p1a: Swampert|95\/100 brn|[from] item: Leftovers\n|-damage|p2a: Rillaboom|85\/100 tox|[from] psn\n|-damage|p1a: Swampert|89\/100 brn|[from] brn\n|upkeep\n|turn|22\n|\n|t:|1651730773\n|switch|p1a: Tornadus|Tornadus-Therian, M|69\/100\n|move|p2a: Rillaboom|U-turn|p1a: Tornadus\n|-resisted|p1a: Tornadus\n|-damage|p1a: Tornadus|48\/100\n|\n|t:|1651730776\n|switch|p2a: Tapu Koko|Tapu Koko|75\/100|[from]move: U-turn\n|-damage|p2a: Tapu Koko|62\/100|[from] Stealth Rock\n|-fieldstart|move: Electric Terrain|[from] ability: Electric Surge|[of] p2a: Tapu Koko\n|\n|upkeep\n|turn|23\n|\n|t:|1651730780\n|move|p2a: Tapu Koko|Defog|p1a: Tornadus\n|-unboost|p1a: Tornadus|evasion|1\n|-sideend|p2: El Stefano|Stealth Rock|[from] move: Defog|[of] p2a: Tapu Koko\n|-fieldend|move: Electric Terrain\n|move|p1a: Tornadus|U-turn|p2a: Tapu Koko\n|-resisted|p2a: Tapu Koko\n|-damage|p2a: Tapu Koko|52\/100\n|\n|t:|1651730786\n|switch|p1a: Tapu Lele|Tapu Lele|100\/100|[from]move: U-turn\n|-fieldstart|move: Psychic Terrain|[from] ability: Psychic Surge|[of] p1a: Tapu Lele\n|\n|upkeep\n|turn|24\n|\n|t:|1651730790\n|switch|p2a: Heatran|Heatran, M|88\/100\n|move|p1a: Tapu Lele|Future Sight|p2a: Heatran\n|-start|p1a: Tapu Lele|move: Future Sight\n|\n|upkeep\n|turn|25\n|\n|t:|1651730801\n|switch|p1a: Urshifu|Urshifu-Rapid-Strike, M|100\/100\n|switch|p2a: Rillaboom|Rillaboom, F|85\/100 tox\n|-fieldstart|move: Grassy Terrain|[from] ability: Grassy Surge|[of] p2a: Rillaboom\n|\n|-heal|p2a: Rillaboom|91\/100 tox|[from] Grassy Terrain\n|-damage|p2a: Rillaboom|85\/100 tox|[from] psn\n|upkeep\n|turn|26\n|\n|t:|1651730810\n|switch|p2a: Weavile|Weavile, M|100\/100\n|move|p1a: Urshifu|U-turn|p2a: Weavile\n|-supereffective|p2a: Weavile\n|-damage|p2a: Weavile|11\/100\n|\n|t:|1651730816\n|switch|p1a: Buzzwole|Buzzwole|97\/100|[from]move: U-turn\n|\n|-end|p2a: Weavile|move: Future Sight\n|-immune|p2a: Weavile\n|-heal|p2a: Weavile|17\/100|[from] Grassy Terrain\n|-heal|p1a: Buzzwole|100\/100|[from] Grassy Terrain\n|upkeep\n|turn|27\n|\n|t:|1651730823\n|switch|p2a: Torkoal|Torkoal, M|97\/100\n|-weather|SunnyDay|[from] ability: Drought|[of] p2a: Torkoal\n|move|p1a: Buzzwole|Leech Life|p2a: Torkoal\n|-resisted|p2a: Torkoal\n|-damage|p2a: Torkoal|87\/100\n|\n|-weather|SunnyDay|[upkeep]\n|-heal|p2a: Torkoal|93\/100|[from] Grassy Terrain\n|upkeep\n|turn|28\n|\n|t:|1651730834\n|switch|p1a: Tornadus|Tornadus-Therian, M|81\/100\n|switch|p2a: Venusaur|Venusaur, F|97\/100\n|\n|-weather|SunnyDay|[upkeep]\n|-heal|p2a: Venusaur|100\/100|[from] Grassy Terrain\n|upkeep\n|turn|29\n|\n|t:|1651730838\n|switch|p2a: Tapu Koko|Tapu Koko|52\/100\n|-fieldstart|move: Electric Terrain|[from] ability: Electric Surge|[of] p2a: Tapu Koko\n|move|p1a: Tornadus|Hurricane|p2a: Tapu Koko|[miss]\n|-miss|p1a: Tornadus|p2a: Tapu Koko\n|\n|-weather|SunnyDay|[upkeep]\n|upkeep\n|turn|30\n|\n|t:|1651730843\n|move|p2a: Tapu Koko|U-turn|p1a: Tornadus\n|-resisted|p1a: Tornadus\n|-crit|p1a: Tornadus\n|-damage|p1a: Tornadus|67\/100\n|\n|t:|1651730849\n|switch|p2a: Weavile|Weavile, M|17\/100|[from]move: U-turn\n|move|p1a: Tornadus|U-turn|p2a: Weavile\n|-supereffective|p2a: Weavile\n|-damage|p2a: Weavile|0 fnt\n|faint|p2a: Weavile\n|\n|t:|1651730855\n|switch|p1a: Tapu Lele|Tapu Lele|100\/100|[from]move: U-turn\n|-fieldstart|move: Psychic Terrain|[from] ability: Psychic Surge|[of] p1a: Tapu Lele\n|\n|-weather|SunnyDay|[upkeep]\n|upkeep\n|\n|t:|1651730860\n|switch|p2a: Heatran|Heatran, M|88\/100\n|turn|31\n|\n|t:|1651730868\n|move|p1a: Tapu Lele|Focus Blast|p2a: Heatran\n|-supereffective|p2a: Heatran\n|-damage|p2a: Heatran|0 fnt\n|faint|p2a: Heatran\n|\n|-weather|SunnyDay|[upkeep]\n|upkeep\n|\n|t:|1651730875\n|switch|p2a: Venusaur|Venusaur, F|100\/100\n|turn|32\n|\n|t:|1651730881\n|switch|p1a: Swampert|Swampert, M|89\/100 brn\n|move|p2a: Venusaur|Growth|p2a: Venusaur\n|-boost|p2a: Venusaur|atk|2\n|-boost|p2a: Venusaur|spa|2\n|\n|-weather|SunnyDay|[upkeep]\n|-heal|p1a: Swampert|95\/100 brn|[from] item: Leftovers\n|-damage|p1a: Swampert|89\/100 brn|[from] brn\n|upkeep\n|turn|33\n|\n|t:|1651730904\n|switch|p1a: Tornadus|Tornadus-Therian, M|100\/100\n|move|p2a: Venusaur|Giga Drain|p1a: Tornadus\n|-resisted|p1a: Tornadus\n|-damage|p1a: Tornadus|51\/100\n|-damage|p2a: Venusaur|91\/100|[from] item: Life Orb\n|\n|-weather|SunnyDay|[upkeep]\n|upkeep\n|turn|34\n|\n|t:|1651730922\n|switch|p1a: Urshifu|Urshifu-Rapid-Strike, M|100\/100\n|move|p2a: Venusaur|Weather Ball|p1a: Urshifu\n|-resisted|p1a: Urshifu\n|-damage|p1a: Urshifu|5\/100\n|-damage|p2a: Venusaur|81\/100|[from] item: Life Orb\n|\n|-weather|none\n|-fieldend|move: Psychic Terrain\n|upkeep\n|turn|35\n|\n|t:|1651730931\n|switch|p2a: Torkoal|Torkoal, M|93\/100\n|-weather|SunnyDay|[from] ability: Drought|[of] p2a: Torkoal\n|move|p1a: Urshifu|Close Combat|p2a: Torkoal\n|-damage|p2a: Torkoal|58\/100\n|-unboost|p1a: Urshifu|def|1\n|-unboost|p1a: Urshifu|spd|1\n|\n|-weather|SunnyDay|[upkeep]\n|upkeep\n|turn|36\n|\n|t:|1651730937\n|move|p1a: Urshifu|Close Combat|p2a: Torkoal\n|-damage|p2a: Torkoal|24\/100\n|-unboost|p1a: Urshifu|def|1\n|-unboost|p1a: Urshifu|spd|1\n|move|p2a: Torkoal|Stealth Rock|p1a: Urshifu\n|-sidestart|p1: Kwaga|move: Stealth Rock\n|\n|-weather|SunnyDay|[upkeep]\n|upkeep\n|turn|37\n|\n|t:|1651730964\n|switch|p2a: Venusaur|Venusaur, F|81\/100\n|move|p1a: Urshifu|Taunt|p2a: Venusaur\n|-start|p2a: Venusaur|move: Taunt\n|\n|-weather|SunnyDay|[upkeep]\n|upkeep\n|turn|38\n|\n|t:|1651730972\n|move|p2a: Venusaur|Giga Drain|p1a: Urshifu\n|-supereffective|p1a: Urshifu\n|-damage|p1a: Urshifu|0 fnt\n|-heal|p2a: Venusaur|83\/100|[from] drain|[of] p1a: Urshifu\n|faint|p1a: Urshifu\n|-damage|p2a: Venusaur|73\/100|[from] item: Life Orb\n|\n|-weather|SunnyDay|[upkeep]\n|upkeep\n|\n|t:|1651730974\n|switch|p1a: Tapu Lele|Tapu Lele|100\/100\n|-damage|p1a: Tapu Lele|88\/100|[from] Stealth Rock\n|-fieldstart|move: Psychic Terrain|[from] ability: Psychic Surge|[of] p1a: Tapu Lele\n|turn|39\n|\n|t:|1651730987\n|move|p2a: Venusaur|Weather Ball|p1a: Tapu Lele\n|-damage|p1a: Tapu Lele|24\/100\n|-damage|p2a: Venusaur|63\/100|[from] item: Life Orb\n|move|p1a: Tapu Lele|Psyshock|p2a: Venusaur\n|-supereffective|p2a: Venusaur\n|-damage|p2a: Venusaur|0 fnt\n|faint|p2a: Venusaur\n|\n|-weather|SunnyDay|[upkeep]\n|upkeep\n|\n|t:|1651730995\n|switch|p2a: Rillaboom|Rillaboom, F|85\/100 tox\n|-fieldstart|move: Grassy Terrain|[from] ability: Grassy Surge|[of] p2a: Rillaboom\n|turn|40\n|\n|t:|1651730999\n|switch|p1a: Buzzwole|Buzzwole|100\/100\n|-damage|p1a: Buzzwole|88\/100|[from] Stealth Rock\n|move|p2a: Rillaboom|U-turn|p1a: Buzzwole\n|-resisted|p1a: Buzzwole\n|-crit|p1a: Buzzwole\n|-damage|p1a: Buzzwole|72\/100\n|\n|t:|1651731005\n|switch|p2a: Tapu Koko|Tapu Koko|52\/100|[from]move: U-turn\n|-fieldstart|move: Electric Terrain|[from] ability: Electric Surge|[of] p2a: Tapu Koko\n|\n|-weather|SunnyDay|[upkeep]\n|upkeep\n|turn|41\n|\n|t:|1651731015\n|switch|p1a: Swampert|Swampert, M|89\/100 brn\n|-damage|p1a: Swampert|83\/100 brn|[from] Stealth Rock\n|move|p2a: Tapu Koko|Thunderbolt|p1a: Swampert\n|-immune|p1a: Swampert\n|\n|-weather|SunnyDay|[upkeep]\n|-heal|p1a: Swampert|89\/100 brn|[from] item: Leftovers\n|-damage|p1a: Swampert|83\/100 brn|[from] brn\n|upkeep\n|turn|42\n|\n|t:|1651731019\n|move|p2a: Tapu Koko|U-turn|p1a: Swampert\n|-damage|p1a: Swampert|67\/100 brn\n|\n|t:|1651731022\n|switch|p2a: Rillaboom|Rillaboom, F|85\/100 tox|[from]move: U-turn\n|-fieldstart|move: Grassy Terrain|[from] ability: Grassy Surge|[of] p2a: Rillaboom\n|move|p1a: Swampert|Stealth Rock|p2a: Rillaboom\n|-sidestart|p2: El Stefano|move: Stealth Rock\n|\n|-weather|none\n|-heal|p2a: Rillaboom|91\/100 tox|[from] Grassy Terrain\n|-heal|p1a: Swampert|73\/100 brn|[from] Grassy Terrain\n|-heal|p1a: Swampert|79\/100 brn|[from] item: Leftovers\n|-damage|p2a: Rillaboom|85\/100 tox|[from] psn\n|-damage|p1a: Swampert|73\/100 brn|[from] brn\n|upkeep\n|turn|43\n|\n|t:|1651731028\n|switch|p1a: Tornadus|Tornadus-Therian, M|84\/100\n|move|p2a: Rillaboom|U-turn|p1a: Tornadus\n|-resisted|p1a: Tornadus\n|-damage|p1a: Tornadus|63\/100\n|\n|t:|1651731033\n|switch|p2a: Tapu Koko|Tapu Koko|52\/100|[from]move: U-turn\n|-damage|p2a: Tapu Koko|40\/100|[from] Stealth Rock\n|-fieldstart|move: Electric Terrain|[from] ability: Electric Surge|[of] p2a: Tapu Koko\n|\n|upkeep\n|turn|44\n|\n|t:|1651731038\n|switch|p1a: Swampert|Swampert, M|73\/100 brn\n|-damage|p1a: Swampert|67\/100 brn|[from] Stealth Rock\n|move|p2a: Tapu Koko|Roost|p2a: Tapu Koko\n|-heal|p2a: Tapu Koko|90\/100\n|-singleturn|p2a: Tapu Koko|move: Roost\n|\n|-heal|p1a: Swampert|73\/100 brn|[from] item: Leftovers\n|-damage|p1a: Swampert|67\/100 brn|[from] brn\n|upkeep\n|turn|45\n|\n|t:|1651731042\n|move|p2a: Tapu Koko|U-turn|p1a: Swampert\n|-damage|p1a: Swampert|53\/100 brn\n|\n|t:|1651731045\n|switch|p2a: Rillaboom|Rillaboom, F|85\/100 tox|[from]move: U-turn\n|-damage|p2a: Rillaboom|73\/100 tox|[from] Stealth Rock\n|-fieldstart|move: Grassy Terrain|[from] ability: Grassy Surge|[of] p2a: Rillaboom\n|move|p1a: Swampert|Flip Turn|p2a: Rillaboom\n|-resisted|p2a: Rillaboom\n|-damage|p2a: Rillaboom|67\/100 tox\n|\n|t:|1651731049\n|switch|p1a: Buzzwole|Buzzwole|72\/100|[from]move: Flip Turn\n|-damage|p1a: Buzzwole|59\/100|[from] Stealth Rock\n|\n|-heal|p2a: Rillaboom|73\/100 tox|[from] Grassy Terrain\n|-heal|p1a: Buzzwole|66\/100|[from] Grassy Terrain\n|-damage|p2a: Rillaboom|67\/100 tox|[from] psn\n|upkeep\n|turn|46\n|\n|t:|1651731053\n|move|p2a: Rillaboom|U-turn|p1a: Buzzwole\n|-resisted|p1a: Buzzwole\n|-damage|p1a: Buzzwole|56\/100\n|\n|t:|1651731056\n|switch|p2a: Torkoal|Torkoal, M|24\/100|[from]move: U-turn\n|-damage|p2a: Torkoal|0 fnt|[from] Stealth Rock\n|faint|p2a: Torkoal\n|move|p1a: Buzzwole|Roost|p1a: Buzzwole\n|-heal|p1a: Buzzwole|100\/100\n|-singleturn|p1a: Buzzwole|move: Roost\n|\n|upkeep\n|\n|t:|1651731060\n|switch|p2a: Tapu Koko|Tapu Koko|90\/100\n|-damage|p2a: Tapu Koko|77\/100|[from] Stealth Rock\n|-fieldstart|move: Electric Terrain|[from] ability: Electric Surge|[of] p2a: Tapu Koko\n|turn|47\n|\n|t:|1651731081\n|switch|p1a: Tornadus|Tornadus-Therian, M|96\/100\n|move|p2a: Tapu Koko|U-turn|p1a: Tornadus\n|-resisted|p1a: Tornadus\n|-damage|p1a: Tornadus|89\/100\n|\n|t:|1651731084\n|switch|p2a: Rillaboom|Rillaboom, F|67\/100 tox|[from]move: U-turn\n|-damage|p2a: Rillaboom|54\/100 tox|[from] Stealth Rock\n|-fieldstart|move: Grassy Terrain|[from] ability: Grassy Surge|[of] p2a: Rillaboom\n|\n|-heal|p2a: Rillaboom|61\/100 tox|[from] Grassy Terrain\n|-damage|p2a: Rillaboom|54\/100 tox|[from] psn\n|upkeep\n|turn|48\n|\n|t:|1651731088\n|switch|p2a: Tapu Koko|Tapu Koko|77\/100\n|-damage|p2a: Tapu Koko|65\/100|[from] Stealth Rock\n|-fieldstart|move: Electric Terrain|[from] ability: Electric Surge|[of] p2a: Tapu Koko\n|move|p1a: Tornadus|U-turn|p2a: Tapu Koko\n|-resisted|p2a: Tapu Koko\n|-damage|p2a: Tapu Koko|54\/100\n|\n|t:|1651731092\n|switch|p1a: Tapu Lele|Tapu Lele|24\/100|[from]move: U-turn\n|-damage|p1a: Tapu Lele|12\/100|[from] Stealth Rock\n|-fieldstart|move: Psychic Terrain|[from] ability: Psychic Surge|[of] p1a: Tapu Lele\n|\n|upkeep\n|turn|49\n|\n|t:|1651731095\n|move|p1a: Tapu Lele|Psyshock|p2a: Tapu Koko\n|-damage|p2a: Tapu Koko|0 fnt\n|faint|p2a: Tapu Koko\n|\n|upkeep\n|\n|t:|1651731098\n|switch|p2a: Rillaboom|Rillaboom, F|54\/100 tox\n|-damage|p2a: Rillaboom|42\/100 tox|[from] Stealth Rock\n|-fieldstart|move: Grassy Terrain|[from] ability: Grassy Surge|[of] p2a: Rillaboom\n|turn|50\n|\n|t:|1651731105\n|switch|p1a: Buzzwole|Buzzwole|100\/100\n|-damage|p1a: Buzzwole|88\/100|[from] Stealth Rock\n|move|p2a: Rillaboom|Grassy Glide|p1a: Buzzwole\n|-resisted|p1a: Buzzwole\n|-damage|p1a: Buzzwole|67\/100\n|\n|-heal|p2a: Rillaboom|48\/100 tox|[from] Grassy Terrain\n|-heal|p1a: Buzzwole|73\/100|[from] Grassy Terrain\n|-damage|p2a: Rillaboom|42\/100 tox|[from] psn\n|upkeep\n|turn|51\n|\n|t:|1651731108\n|move|p2a: Rillaboom|Grassy Glide|p1a: Buzzwole\n|-resisted|p1a: Buzzwole\n|-damage|p1a: Buzzwole|52\/100\n|move|p1a: Buzzwole|Ice Punch|p2a: Rillaboom\n|-supereffective|p2a: Rillaboom\n|-damage|p2a: Rillaboom|0 fnt\n|faint|p2a: Rillaboom\n|\n|win|Kwaga\n|raw|Kwaga's rating: 1599 &rarr; <strong>1615<\/strong><br \/>(+16 for winning)\n|raw|El Stefano's rating: 1526 &rarr; <strong>1510<\/strong><br \/>(-16 for losing)\n","uploadtime":1651731111,"views":14,"p1id":"kwaga","p2id":"elstefano","formatid":"gen8ou","rating":1510,"private":0,"password":null}