{"id":"gen8ou-1177045628","p1":"relic stone","p2":"LT73IU Pheo'","format":"gen8ou","log":"|raw|<div class=\"broadcast-blue\"><strong>This battle is required to be public due to a player having a name starting with 'LT73IU'.<\/div>\n|j|\u2606relic stone\n|j|\u2606LT73IU Pheo'\n|t:|1598634515\n|player|p1|relic stone|lusamine-nihilego|1935\n|player|p2|LT73IU Pheo'|blue-gen1|1843\n|teamsize|p1|6\n|teamsize|p2|6\n|gametype|singles\n|gen|8\n|tier|[Gen 8] OU\n|rated|\n|clearpoke\n|poke|p1|Primarina, M|\n|poke|p1|Excadrill, M|\n|poke|p1|Tangrowth, M|\n|poke|p1|Urshifu-*, M|\n|poke|p1|Toxtricity, M|\n|poke|p1|Marowak-Alola, M|\n|poke|p2|Excadrill, M|\n|poke|p2|Rillaboom, F|\n|poke|p2|Azumarill, M|\n|poke|p2|Zeraora|\n|poke|p2|Volcarona, F|\n|poke|p2|Urshifu-*, M|\n|rule|Sleep Clause Mod: Limit one foe put to sleep\n|rule|Species Clause: Limit one of each Pok\u00e9mon\n|rule|OHKO Clause: OHKO moves are banned\n|rule|Evasion Moves Clause: Evasion moves are banned\n|rule|Endless Battle Clause: Forcing endless battles is banned\n|rule|HP Percentage Mod: HP is shown in percentages\n|rule|Dynamax Clause: You cannot dynamax\n|teampreview\n|j| donut land\n|inactive|Battle timer is ON: inactive players will automatically lose when time's up. (requested by LT73IU Pheo')\n|inactive|relic stone has 120 seconds left.\n|inactive|LT73IU Pheo' has 120 seconds left.\n|\n|t:|1598634582\n|start\n|switch|p1a: Silhouette|Urshifu, M|100\/100\n|switch|p2a: Zeraora|Zeraora|100\/100\n|turn|1\n|j| Jorgeta57\n|inactive|relic stone has 120 seconds left.\n|\n|t:|1598634629\n|switch|p1a: Ramen|Tangrowth, M|100\/100\n|move|p2a: Zeraora|Volt Switch|p1a: Ramen\n|-resisted|p1a: Ramen\n|-damage|p1a: Ramen|86\/100\n|l| Jorgeta57\n|\n|t:|1598634655\n|switch|p2a: Rillaboom|Rillaboom, F|100\/100|[from]move: Volt Switch\n|-fieldstart|move: Grassy Terrain|[from] ability: Grassy Surge|[of] p2a: Rillaboom\n|\n|-heal|p1a: Ramen|92\/100|[from] Grassy Terrain\n|upkeep\n|turn|2\n|\n|t:|1598634685\n|move|p2a: Rillaboom|U-turn|p1a: Ramen\n|-supereffective|p1a: Ramen\n|-damage|p1a: Ramen|50\/100\n|-damage|p2a: Rillaboom|84\/100|[from] item: Rocky Helmet|[of] p1a: Ramen\n|\n|t:|1598634688\n|switch|p2a: Excadrill|Excadrill, M|100\/100|[from]move: U-turn\n|-ability|p2a: Excadrill|Mold Breaker\n|move|p1a: Ramen|Sludge Bomb|p2a: Excadrill\n|-immune|p2a: Excadrill\n|\n|-heal|p1a: Ramen|56\/100|[from] Grassy Terrain\n|upkeep\n|turn|3\n|inactive|relic stone has 90 seconds left.\n|inactive|relic stone has 60 seconds left.\n|\n|t:|1598634742\n|move|p2a: Excadrill|Toxic|p1a: Ramen\n|-status|p1a: Ramen|tox\n|move|p1a: Ramen|Sleep Powder|p2a: Excadrill\n|-status|p2a: Excadrill|slp|[from] move: Sleep Powder\n|\n|-heal|p1a: Ramen|62\/100 tox|[from] Grassy Terrain\n|-damage|p1a: Ramen|56\/100 tox|[from] psn\n|upkeep\n|turn|4\n|\n|t:|1598634761\n|switch|p2a: Zeraora|Zeraora|100\/100\n|switch|p1a: Silhouette|Urshifu, M|100\/100\n|\n|upkeep\n|turn|5\n|\n|t:|1598634773\n|switch|p1a: Ramen|Tangrowth, M|89\/100 tox\n|move|p2a: Zeraora|Volt Switch|p1a: Ramen\n|-resisted|p1a: Ramen\n|-damage|p1a: Ramen|74\/100 tox\n|\n|t:|1598634785\n|switch|p2a: Volcarona|Volcarona, F|100\/100|[from]move: Volt Switch\n|\n|-heal|p1a: Ramen|80\/100 tox|[from] Grassy Terrain\n|-fieldend|move: Grassy Terrain\n|-damage|p1a: Ramen|74\/100 tox|[from] psn\n|upkeep\n|turn|6\n|\n|t:|1598634790\n|switch|p1a: Celestine|Primarina, M|100\/100\n|move|p2a: Volcarona|Flamethrower|p1a: Celestine\n|-resisted|p1a: Celestine\n|-damage|p1a: Celestine|84\/100\n|\n|-heal|p1a: Celestine|90\/100|[from] item: Leftovers\n|upkeep\n|turn|7\n|\n|t:|1598634800\n|switch|p2a: Rillaboom|Rillaboom, F|84\/100\n|-fieldstart|move: Grassy Terrain|[from] ability: Grassy Surge|[of] p2a: Rillaboom\n|move|p1a: Celestine|Scald|p2a: Rillaboom\n|-resisted|p2a: Rillaboom\n|-crit|p2a: Rillaboom\n|-damage|p2a: Rillaboom|52\/100\n|\n|-heal|p2a: Rillaboom|58\/100|[from] Grassy Terrain\n|-heal|p1a: Celestine|96\/100|[from] item: Leftovers\n|-heal|p1a: Celestine|100\/100|[from] Grassy Terrain\n|upkeep\n|turn|8\n|\n|t:|1598634804\n|move|p2a: Rillaboom|Knock Off|p1a: Celestine\n|-resisted|p1a: Celestine\n|-damage|p1a: Celestine|76\/100\n|-enditem|p1a: Celestine|Leftovers|[from] move: Knock Off|[of] p2a: Rillaboom\n|move|p1a: Celestine|Scald|p2a: Rillaboom\n|-resisted|p2a: Rillaboom\n|-damage|p2a: Rillaboom|37\/100\n|\n|-heal|p2a: Rillaboom|43\/100|[from] Grassy Terrain\n|-heal|p1a: Celestine|82\/100|[from] Grassy Terrain\n|upkeep\n|turn|9\n|\n|t:|1598634812\n|switch|p2a: Azumarill|Azumarill, M|100\/100\n|move|p1a: Celestine|Scald|p2a: Azumarill\n|-resisted|p2a: Azumarill\n|-damage|p2a: Azumarill|83\/100\n|\n|-heal|p1a: Celestine|88\/100|[from] Grassy Terrain\n|-heal|p2a: Azumarill|89\/100|[from] item: Leftovers\n|-heal|p2a: Azumarill|96\/100|[from] Grassy Terrain\n|upkeep\n|turn|10\n|j| Windows 98 SE\n|\n|t:|1598634819\n|switch|p1a: Impaler|Excadrill, M, shiny|100\/100\n|-ability|p1a: Impaler|Mold Breaker\n|switch|p2a: Zeraora|Zeraora|100\/100\n|\n|upkeep\n|turn|11\n|\n|t:|1598634825\n|move|p2a: Zeraora|Close Combat|p1a: Impaler\n|-supereffective|p1a: Impaler\n|-damage|p1a: Impaler|14\/100\n|-unboost|p2a: Zeraora|def|1\n|-unboost|p2a: Zeraora|spd|1\n|move|p1a: Impaler|Stealth Rock|p2a: Zeraora\n|-sidestart|p2: LT73IU Pheo'|move: Stealth Rock\n|\n|-heal|p1a: Impaler|20\/100|[from] item: Leftovers\n|-heal|p1a: Impaler|26\/100|[from] Grassy Terrain\n|-fieldend|move: Grassy Terrain\n|upkeep\n|turn|12\n|\n|t:|1598634834\n|switch|p1a: Ramen|Tangrowth, M|100\/100 tox\n|move|p2a: Zeraora|Knock Off|p1a: Ramen\n|-damage|p1a: Ramen|85\/100 tox\n|-damage|p2a: Zeraora|84\/100|[from] item: Rocky Helmet|[of] p1a: Ramen\n|-enditem|p1a: Ramen|Rocky Helmet|[from] move: Knock Off|[of] p2a: Zeraora\n|\n|-damage|p1a: Ramen|78\/100 tox|[from] psn\n|upkeep\n|turn|13\n|\n|t:|1598634841\n|move|p2a: Zeraora|Volt Switch|p1a: Ramen\n|-resisted|p1a: Ramen\n|-damage|p1a: Ramen|63\/100 tox\n|\n|t:|1598634844\n|switch|p2a: Excadrill|Excadrill, M|100\/100 slp|[from]move: Volt Switch\n|-damage|p2a: Excadrill|97\/100 slp|[from] Stealth Rock\n|-ability|p2a: Excadrill|Mold Breaker\n|move|p1a: Ramen|Knock Off|p2a: Excadrill\n|-damage|p2a: Excadrill|66\/100 slp\n|-enditem|p2a: Excadrill|Leftovers|[from] move: Knock Off|[of] p1a: Ramen\n|\n|-damage|p1a: Ramen|51\/100 tox|[from] psn\n|upkeep\n|turn|14\n|l| donut land\n|\n|t:|1598634864\n|switch|p2a: Azumarill|Azumarill, M|96\/100\n|-damage|p2a: Azumarill|83\/100|[from] Stealth Rock\n|switch|p1a: Silhouette|Urshifu, M|100\/100\n|\n|-heal|p2a: Azumarill|89\/100|[from] item: Leftovers\n|upkeep\n|turn|15\n|inactive|relic stone has 120 seconds left.\n|inactive|LT73IU Pheo' has 120 seconds left.\n|\n|t:|1598634938\n|switch|p1a: Kyotaro|Toxtricity, M|100\/100\n|move|p2a: Azumarill|Toxic|p1a: Kyotaro\n|-immune|p1a: Kyotaro\n|\n|-heal|p2a: Azumarill|96\/100|[from] item: Leftovers\n|upkeep\n|turn|16\n|inactive|relic stone has 90 seconds left.\n|\n|t:|1598634961\n|switch|p2a: Volcarona|Volcarona, F|100\/100\n|move|p1a: Kyotaro|Shift Gear|p1a: Kyotaro\n|-boost|p1a: Kyotaro|spe|2\n|-boost|p1a: Kyotaro|atk|1\n|\n|upkeep\n|turn|17\n|\n|t:|1598634976\n|switch|p1a: Phantom|Marowak-Alola, M, shiny|100\/100\n|move|p2a: Volcarona|Flamethrower|p1a: Phantom\n|-resisted|p1a: Phantom\n|-damage|p1a: Phantom|66\/100\n|\n|upkeep\n|turn|18\n|inactive|LT73IU Pheo' has 90 seconds left.\n|\n|t:|1598634998\n|switch|p2a: Excadrill|Excadrill, M|66\/100 slp\n|-damage|p2a: Excadrill|63\/100 slp|[from] Stealth Rock\n|-ability|p2a: Excadrill|Mold Breaker\n|move|p1a: Phantom|Poltergeist||[still]\n|-fail|p1a: Phantom\n|\n|upkeep\n|turn|19\n|inactive|LT73IU Pheo' has 90 seconds left.\n|\n|t:|1598635006\n|cant|p2a: Excadrill|slp\n|move|p1a: Phantom|Fire Punch|p2a: Excadrill\n|-supereffective|p2a: Excadrill\n|-damage|p2a: Excadrill|0 fnt\n|faint|p2a: Excadrill\n|\n|upkeep\n|\n|t:|1598635009\n|switch|p2a: Urshifu|Urshifu, M|100\/100\n|-damage|p2a: Urshifu|94\/100|[from] Stealth Rock\n|turn|20\n|\n|t:|1598635017\n|move|p2a: Urshifu|Close Combat|p1a: Phantom\n|-immune|p1a: Phantom\n|move|p1a: Phantom|Fire Punch|p2a: Urshifu\n|-damage|p2a: Urshifu|29\/100\n|\n|upkeep\n|turn|21\n|inactive|relic stone has 120 seconds left.\n|\n|t:|1598635023\n|move|p2a: Urshifu|Close Combat|p1a: Phantom\n|-immune|p1a: Phantom\n|move|p1a: Phantom|Substitute|p1a: Phantom\n|-start|p1a: Phantom|Substitute\n|-damage|p1a: Phantom|41\/100\n|\n|upkeep\n|turn|22\n|-message|LT73IU Pheo' forfeited.\n|\n|win|relic stone\n|l|\u2606LT73IU Pheo'\n||Ladder (probably) updated, but score could not be retrieved (Request timeout).\n","uploadtime":1598635030,"views":176,"p1id":"relicstone","p2id":"lt73iupheo","formatid":"gen8ou","rating":0,"private":0,"password":null}