{"id":"gen8ou-1638717637","p1":"LT93OQ Lio","p2":"kinetic chain","format":"gen8ou","log":"|raw|<div class=\"broadcast-blue\"><strong>This battle is required to be public due to a player having a name starting with 'lt93oq'.<\/div>\n|j|\u2606LT93OQ Lio\n|j|\u203dkinetic chain\n|t:|1660389491\n|gametype|singles\n|player|p1|LT93OQ Lio|2|1715\n|player|p2|kinetic chain|giovanni-gen1|1890\n|teamsize|p1|6\n|teamsize|p2|6\n|gen|8\n|tier|[Gen 8] OU\n|rated|\n|rule|Sleep Clause Mod: Limit one foe put to sleep\n|rule|Species Clause: Limit one of each Pok\u00e9mon\n|rule|OHKO Clause: OHKO moves are banned\n|rule|Evasion Items Clause: Evasion items are banned\n|rule|Evasion Moves Clause: Evasion moves are banned\n|rule|Endless Battle Clause: Forcing endless battles is banned\n|rule|HP Percentage Mod: HP is shown in percentages\n|rule|Dynamax Clause: You cannot dynamax\n|clearpoke\n|poke|p1|Pelipper, F|\n|poke|p1|Seismitoad, F|\n|poke|p1|Ferrothorn, F|\n|poke|p1|Barraskewda, M|\n|poke|p1|Crawdaunt, F|\n|poke|p1|Zapdos|\n|poke|p2|Dragapult, F|\n|poke|p2|Tapu Lele|\n|poke|p2|Heatran, F|\n|poke|p2|Landorus-Therian, M|\n|poke|p2|Tornadus-Therian, M|\n|poke|p2|Ferrothorn, M|\n|teampreview\n|j| Kobayashi Tohru\n|j| lt93oq guez94\n|j| chokst du\n|j| LT91BB W.Rounar\n|inactive|Battle timer is ON: inactive players will automatically lose when time's up. (requested by kinetic chain)\n|\n|t:|1660389529\n|start\n|switch|p1a: Pelipper|Pelipper, F|100\/100\n|switch|p2a: Tornadus|Tornadus-Therian, M|100\/100\n|-weather|RainDance|[from] ability: Drizzle|[of] p1a: Pelipper\n|turn|1\n|\n|t:|1660389534\n|move|p2a: Tornadus|Hurricane|p1a: Pelipper\n|-damage|p1a: Pelipper|41\/100\n|move|p1a: Pelipper|U-turn|p2a: Tornadus\n|-resisted|p2a: Tornadus\n|-damage|p2a: Tornadus|96\/100\n|\n|t:|1660389545\n|switch|p1a: Barraskewda|Barraskewda, M|100\/100|[from]move: U-turn\n|\n|-weather|RainDance|[upkeep]\n|upkeep\n|turn|2\n|j| LT93OQ OUBEUZILINI\n|\n|t:|1660389557\n|move|p1a: Barraskewda|Flip Turn|p2a: Tornadus\n|-damage|p2a: Tornadus|18\/100\n|\n|t:|1660389562\n|switch|p1a: Zapdos|Zapdos|100\/100|[from]move: Flip Turn\n|move|p2a: Tornadus|Hurricane|p1a: Zapdos\n|-resisted|p1a: Zapdos\n|-damage|p1a: Zapdos|77\/100\n|\n|-weather|RainDance|[upkeep]\n|upkeep\n|turn|3\n|j| LT93OQ BeuhGrain\n|j| KingRon265\n|inactive|kinetic chain has 120 seconds left.\n|\n|t:|1660389604\n|switch|p2a: Heatran|Heatran, F|100\/100\n|move|p1a: Zapdos|Hurricane|p2a: Heatran\n|-resisted|p2a: Heatran\n|-damage|p2a: Heatran|85\/100\n|\n|-weather|RainDance|[upkeep]\n|-heal|p2a: Heatran|91\/100|[from] item: Leftovers\n|upkeep\n|turn|4\n|\n|t:|1660389612\n|move|p1a: Zapdos|Weather Ball|p2a: Heatran\n|-supereffective|p2a: Heatran\n|-damage|p2a: Heatran|28\/100\n|move|p2a: Heatran|Magma Storm|p1a: Zapdos\n|-damage|p1a: Zapdos|53\/100\n|-activate|p1a: Zapdos|move: Magma Storm|[of] p2a: Heatran\n|\n|-weather|RainDance|[upkeep]\n|-heal|p2a: Heatran|34\/100|[from] item: Leftovers\n|-damage|p1a: Zapdos|40\/100|[from] move: Magma Storm|[partiallytrapped]\n|upkeep\n|turn|5\n|inactive|kinetic chain has 120 seconds left.\n|\n|t:|1660389622\n|move|p1a: Zapdos|Thunder|p2a: Heatran\n|-damage|p2a: Heatran|2\/100\n|move|p2a: Heatran|Earth Power|p1a: Zapdos\n|-immune|p1a: Zapdos\n|\n|-weather|RainDance|[upkeep]\n|-heal|p2a: Heatran|9\/100|[from] item: Leftovers\n|-damage|p1a: Zapdos|28\/100|[from] move: Magma Storm|[partiallytrapped]\n|upkeep\n|turn|6\n|inactive|kinetic chain has 120 seconds left.\n|\n|t:|1660389632\n|move|p1a: Zapdos|Hurricane|p2a: Heatran\n|-resisted|p2a: Heatran\n|-damage|p2a: Heatran|0 fnt\n|faint|p2a: Heatran\n|\n|-weather|RainDance|[upkeep]\n|-end|p1a: Zapdos|Magma Storm|[partiallytrapped]|[silent]\n|upkeep\n|\n|t:|1660389637\n|switch|p2a: Dragapult|Dragapult, F|100\/100\n|turn|7\n|\n|t:|1660389642\n|switch|p1a: Ferrothorn|Ferrothorn, F|100\/100\n|move|p2a: Dragapult|Will-O-Wisp|p1a: Ferrothorn\n|-status|p1a: Ferrothorn|brn\n|\n|-weather|RainDance|[upkeep]\n|-damage|p1a: Ferrothorn|94\/100 brn|[from] brn\n|upkeep\n|turn|8\n|\n|t:|1660389650\n|move|p2a: Dragapult|Hex|p1a: Ferrothorn\n|-damage|p1a: Ferrothorn|62\/100 brn\n|move|p1a: Ferrothorn|Knock Off|p2a: Dragapult\n|-supereffective|p2a: Dragapult\n|-damage|p2a: Dragapult|72\/100\n|-enditem|p2a: Dragapult|Heavy-Duty Boots|[from] move: Knock Off|[of] p1a: Ferrothorn\n|\n|-weather|none\n|-heal|p1a: Ferrothorn|68\/100 brn|[from] item: Leftovers\n|-damage|p1a: Ferrothorn|62\/100 brn|[from] brn\n|upkeep\n|turn|9\n|\n|t:|1660389657\n|move|p2a: Dragapult|Hex|p1a: Ferrothorn\n|-damage|p1a: Ferrothorn|27\/100 brn\n|move|p1a: Ferrothorn|Leech Seed|p2a: Dragapult\n|-start|p2a: Dragapult|move: Leech Seed\n|\n|-heal|p1a: Ferrothorn|33\/100 brn|[from] item: Leftovers\n|-damage|p2a: Dragapult|60\/100|[from] Leech Seed|[of] p1a: Ferrothorn\n|-heal|p1a: Ferrothorn|45\/100 brn|[silent]\n|-damage|p1a: Ferrothorn|38\/100 brn|[from] brn\n|upkeep\n|turn|10\n|n| LT93OQ OUBEUZILINI|lt93oqoubeuzilini\n|\n|t:|1660389666\n|switch|p1a: Crawdaunt|Crawdaunt, F|100\/100\n|move|p2a: Dragapult|Hex|p1a: Crawdaunt\n|-resisted|p1a: Crawdaunt\n|-damage|p1a: Crawdaunt|70\/100\n|\n|-damage|p2a: Dragapult|48\/100|[from] Leech Seed|[of] p1a: Crawdaunt\n|-heal|p1a: Crawdaunt|85\/100|[silent]\n|upkeep\n|turn|11\n|l| LT93OQ OUBEUZILINI\n|\n|t:|1660389682\n|switch|p2a: Tornadus|Tornadus-Therian, M|51\/100\n|switch|p1a: Ferrothorn|Ferrothorn, F|38\/100 brn\n|\n|-heal|p1a: Ferrothorn|45\/100 brn|[from] item: Leftovers\n|-damage|p1a: Ferrothorn|38\/100 brn|[from] brn\n|upkeep\n|turn|12\n|\n|t:|1660389690\n|switch|p1a: Seismitoad|Seismitoad, F|100\/100\n|move|p2a: Tornadus|Focus Blast|p1a: Seismitoad\n|-damage|p1a: Seismitoad|64\/100\n|\n|upkeep\n|turn|13\n|\n|t:|1660389706\n|move|p2a: Tornadus|Hurricane|p1a: Seismitoad\n|-damage|p1a: Seismitoad|13\/100\n|move|p1a: Seismitoad|Icy Wind|p2a: Tornadus\n|-supereffective|p2a: Tornadus\n|-damage|p2a: Tornadus|9\/100\n|-unboost|p2a: Tornadus|spe|1\n|-damage|p1a: Seismitoad|3\/100|[from] item: Life Orb\n|\n|upkeep\n|turn|14\n|\n|t:|1660389718\n|move|p1a: Seismitoad|Stealth Rock|p2a: Tornadus\n|-sidestart|p2: kinetic chain|move: Stealth Rock\n|move|p2a: Tornadus|Hurricane|p1a: Seismitoad\n|-damage|p1a: Seismitoad|0 fnt\n|faint|p1a: Seismitoad\n|\n|upkeep\n|j| bluri18cm\n|\n|t:|1660389741\n|switch|p1a: Pelipper|Pelipper, F|41\/100\n|-weather|RainDance|[from] ability: Drizzle|[of] p1a: Pelipper\n|turn|15\n|\n|t:|1660389746\n|switch|p1a: Ferrothorn|Ferrothorn, F|38\/100 brn\n|move|p2a: Tornadus|Hurricane|p1a: Ferrothorn\n|-damage|p1a: Ferrothorn|14\/100 brn\n|\n|-weather|RainDance|[upkeep]\n|-heal|p1a: Ferrothorn|20\/100 brn|[from] item: Leftovers\n|-damage|p1a: Ferrothorn|14\/100 brn|[from] brn\n|upkeep\n|turn|16\n|\n|t:|1660389754\n|move|p2a: Tornadus|Hurricane|p1a: Ferrothorn\n|-damage|p1a: Ferrothorn|0 fnt\n|faint|p1a: Ferrothorn\n|\n|-weather|RainDance|[upkeep]\n|upkeep\n|\n|t:|1660389759\n|switch|p1a: Barraskewda|Barraskewda, M|100\/100\n|turn|17\n|\n|t:|1660389768\n|move|p1a: Barraskewda|Flip Turn|p2a: Tornadus\n|-damage|p2a: Tornadus|0 fnt\n|faint|p2a: Tornadus\n|\n|t:|1660389777\n|switch|p1a: Crawdaunt|Crawdaunt, F|85\/100|[from]move: Flip Turn\n|\n|-weather|RainDance|[upkeep]\n|upkeep\n|\n|t:|1660389781\n|switch|p2a: Tapu Lele|Tapu Lele|100\/100\n|-damage|p2a: Tapu Lele|88\/100|[from] Stealth Rock\n|-fieldstart|move: Psychic Terrain|[from] ability: Psychic Surge|[of] p2a: Tapu Lele\n|turn|18\n|inactive|LT93OQ Lio has 120 seconds left.\n|\n|t:|1660389821\n|switch|p1a: Zapdos|Zapdos|28\/100\n|move|p2a: Tapu Lele|Moonblast|p1a: Zapdos\n|-damage|p1a: Zapdos|0 fnt\n|faint|p1a: Zapdos\n|\n|-weather|RainDance|[upkeep]\n|upkeep\n|\n|t:|1660389823\n|switch|p1a: Barraskewda|Barraskewda, M|100\/100\n|turn|19\n|\n|t:|1660389832\n|switch|p2a: Landorus|Landorus-Therian, M|100\/100\n|-damage|p2a: Landorus|88\/100|[from] Stealth Rock\n|-ability|p2a: Landorus|Intimidate|boost\n|-unboost|p1a: Barraskewda|atk|1\n|move|p1a: Barraskewda|Flip Turn|p2a: Landorus\n|-supereffective|p2a: Landorus\n|-damage|p2a: Landorus|0 fnt\n|faint|p2a: Landorus\n|inactive|LT93OQ Lio has 120 seconds left.\n|\n|t:|1660389848\n|switch|p1a: Crawdaunt|Crawdaunt, F|85\/100|[from]move: Flip Turn\n|\n|-weather|RainDance|[upkeep]\n|upkeep\n|\n|t:|1660389853\n|switch|p2a: Tapu Lele|Tapu Lele|88\/100\n|-damage|p2a: Tapu Lele|76\/100|[from] Stealth Rock\n|turn|20\n|inactive|LT93OQ Lio has 120 seconds left.\n|\n|t:|1660389870\n|move|p2a: Tapu Lele|Moonblast|p1a: Crawdaunt\n|-supereffective|p1a: Crawdaunt\n|-damage|p1a: Crawdaunt|0 fnt\n|faint|p1a: Crawdaunt\n|\n|-weather|RainDance|[upkeep]\n|upkeep\n|\n|t:|1660389871\n|switch|p1a: Barraskewda|Barraskewda, M|100\/100\n|turn|21\n|inactive|LT93OQ Lio has 120 seconds left.\n|\n|t:|1660389892\n|switch|p2a: Dragapult|Dragapult, F|48\/100\n|-damage|p2a: Dragapult|36\/100|[from] Stealth Rock\n|move|p1a: Barraskewda|Liquidation|p2a: Dragapult\n|-resisted|p2a: Dragapult\n|-damage|p2a: Dragapult|0 fnt\n|faint|p2a: Dragapult\n|\n|-weather|RainDance|[upkeep]\n|upkeep\n|\n|t:|1660389899\n|switch|p2a: Ferrothorn|Ferrothorn, M|100\/100\n|-damage|p2a: Ferrothorn|95\/100|[from] Stealth Rock\n|turn|22\n|inactive|LT93OQ Lio has 120 seconds left.\n|j| Batey69\n|\n|t:|1660389916\n|move|p1a: Barraskewda|Liquidation|p2a: Ferrothorn\n|-resisted|p2a: Ferrothorn\n|-damage|p2a: Ferrothorn|65\/100\n|-damage|p1a: Barraskewda|88\/100|[from] ability: Iron Barbs|[of] p2a: Ferrothorn\n|move|p2a: Ferrothorn|Leech Seed|p1a: Barraskewda|[miss]\n|-miss|p2a: Ferrothorn|p1a: Barraskewda\n|\n|-weather|none\n|-heal|p2a: Ferrothorn|71\/100|[from] item: Leftovers\n|-fieldend|move: Psychic Terrain\n|upkeep\n|turn|23\n|l| Batey69\n|\n|t:|1660389934\n|move|p1a: Barraskewda|Liquidation|p2a: Ferrothorn\n|-resisted|p2a: Ferrothorn\n|-damage|p2a: Ferrothorn|50\/100\n|-damage|p1a: Barraskewda|76\/100|[from] ability: Iron Barbs|[of] p2a: Ferrothorn\n|move|p2a: Ferrothorn|Leech Seed|p1a: Barraskewda|[miss]\n|-miss|p2a: Ferrothorn|p1a: Barraskewda\n|\n|-heal|p2a: Ferrothorn|56\/100|[from] item: Leftovers\n|upkeep\n|turn|24\n|\n|t:|1660389948\n|switch|p1a: Pelipper|Pelipper, F|41\/100\n|-weather|RainDance|[from] ability: Drizzle|[of] p1a: Pelipper\n|move|p2a: Ferrothorn|Leech Seed|p1a: Pelipper\n|-start|p1a: Pelipper|move: Leech Seed\n|\n|-weather|RainDance|[upkeep]\n|-heal|p2a: Ferrothorn|62\/100|[from] item: Leftovers\n|-damage|p1a: Pelipper|29\/100|[from] Leech Seed|[of] p2a: Ferrothorn\n|-heal|p2a: Ferrothorn|74\/100|[silent]\n|upkeep\n|turn|25\n|inactive|LT93OQ Lio has 120 seconds left.\n|j| Alexlch\n|inactive|kinetic chain has 120 seconds left.\n|j| Batey69\n|l| Batey69\n|\n|t:|1660389981\n|switch|p2a: Tapu Lele|Tapu Lele|76\/100\n|-damage|p2a: Tapu Lele|63\/100|[from] Stealth Rock\n|-fieldstart|move: Psychic Terrain|[from] ability: Psychic Surge|[of] p2a: Tapu Lele\n|move|p1a: Pelipper|U-turn|p2a: Tapu Lele\n|-damage|p2a: Tapu Lele|50\/100\n|\n|t:|1660389983\n|switch|p1a: Barraskewda|Barraskewda, M|76\/100|[from]move: U-turn\n|\n|-weather|RainDance|[upkeep]\n|upkeep\n|turn|26\n|inactive|kinetic chain has 120 seconds left.\n|inactive|LT93OQ Lio has 90 seconds left.\n|\n|t:|1660390011\n|move|p1a: Barraskewda|Liquidation|p2a: Tapu Lele\n|-damage|p2a: Tapu Lele|0 fnt\n|faint|p2a: Tapu Lele\n|\n|-weather|RainDance|[upkeep]\n|upkeep\n|\n|t:|1660390013\n|switch|p2a: Ferrothorn|Ferrothorn, M|74\/100\n|-damage|p2a: Ferrothorn|68\/100|[from] Stealth Rock\n|turn|27\n|\n|t:|1660390015\n|switch|p1a: Pelipper|Pelipper, F|29\/100\n|move|p2a: Ferrothorn|Leech Seed|p1a: Pelipper|[miss]\n|-miss|p2a: Ferrothorn|p1a: Pelipper\n|\n|-weather|RainDance|[upkeep]\n|-heal|p2a: Ferrothorn|74\/100|[from] item: Leftovers\n|upkeep\n|turn|28\n|l| LT93OQ BeuhGrain\n|inactive|kinetic chain has 120 seconds left.\n|l| LT91BB W.Rounar\n|l| Alexlch\n|j| Chomp42\n|inactive|kinetic chain has 90 seconds left.\n|\n|t:|1660390096\n|move|p1a: Pelipper|Scald|p2a: Ferrothorn\n|-resisted|p2a: Ferrothorn\n|-damage|p2a: Ferrothorn|55\/100\n|-status|p2a: Ferrothorn|brn\n|move|p2a: Ferrothorn|Leech Seed|p1a: Pelipper\n|-start|p1a: Pelipper|move: Leech Seed\n|\n|-weather|RainDance|[upkeep]\n|-heal|p2a: Ferrothorn|61\/100 brn|[from] item: Leftovers\n|-damage|p1a: Pelipper|16\/100|[from] Leech Seed|[of] p2a: Ferrothorn\n|-heal|p2a: Ferrothorn|73\/100 brn|[silent]\n|-damage|p2a: Ferrothorn|67\/100 brn|[from] brn\n|upkeep\n|turn|29\n|\n|t:|1660390103\n|move|p1a: Pelipper|U-turn|p2a: Ferrothorn\n|-damage|p2a: Ferrothorn|61\/100 brn\n|-damage|p1a: Pelipper|4\/100|[from] ability: Iron Barbs|[of] p2a: Ferrothorn\n|\n|t:|1660390105\n|switch|p1a: Barraskewda|Barraskewda, M|76\/100|[from]move: U-turn\n|move|p2a: Ferrothorn|Stealth Rock|p1a: Barraskewda\n|-sidestart|p1: LT93OQ Lio|move: Stealth Rock\n|\n|-weather|RainDance|[upkeep]\n|-heal|p2a: Ferrothorn|67\/100 brn|[from] item: Leftovers\n|-damage|p2a: Ferrothorn|61\/100 brn|[from] brn\n|-fieldend|move: Psychic Terrain\n|upkeep\n|turn|30\n|\n|t:|1660390108\n|move|p1a: Barraskewda|Close Combat|p2a: Ferrothorn\n|-supereffective|p2a: Ferrothorn\n|-damage|p2a: Ferrothorn|0 fnt\n|-unboost|p1a: Barraskewda|def|1\n|-unboost|p1a: Barraskewda|spd|1\n|-damage|p1a: Barraskewda|64\/100|[from] ability: Iron Barbs|[of] p2a: Ferrothorn\n|faint|p2a: Ferrothorn\n|\n|win|LT93OQ Lio\n|raw|LT93OQ Lio's rating: 1715 &rarr; <strong>1744<\/strong><br \/>(+29 for winning)\n|raw|kinetic chain's rating: 1890 &rarr; <strong>1861<\/strong><br \/>(-29 for losing)\n|l| Kobayashi Tohru\n|l|\u203dkinetic chain\n|l| Chomp42\n|l| KingRon265\n","uploadtime":1660390174,"views":84,"p1id":"lt93oqlio","p2id":"kineticchain","formatid":"gen8ou","rating":1744,"private":0,"password":null}