{"id":"gen8ou-1648622694","p1":"LT94JE Fuse","p2":"return nirvana","format":"gen8ou","log":"|raw|<div class=\"broadcast-blue\"><strong>This battle is required to be public due to a player having a name starting with 'lt94je'.<\/div>\n|j|\u2606LT94JE Fuse\n|j|\u2606return nirvana\n|t:|1661509449\n|gametype|singles\n|player|p1|LT94JE Fuse|yellow|1804\n|player|p2|return nirvana|gambler-gen1|1894\n|teamsize|p1|6\n|teamsize|p2|6\n|gen|8\n|tier|[Gen 8] OU\n|rated|\n|rule|Sleep Clause Mod: Limit one foe put to sleep\n|rule|Species Clause: Limit one of each Pok\u00e9mon\n|rule|OHKO Clause: OHKO moves are banned\n|rule|Evasion Items Clause: Evasion items are banned\n|rule|Evasion Moves Clause: Evasion moves are banned\n|rule|Endless Battle Clause: Forcing endless battles is banned\n|rule|HP Percentage Mod: HP is shown in percentages\n|rule|Dynamax Clause: You cannot dynamax\n|clearpoke\n|poke|p1|Necrozma|\n|poke|p1|Tapu Lele|\n|poke|p1|Urshifu-*, F|\n|poke|p1|Tornadus-Therian, M|\n|poke|p1|Gastrodon, F|\n|poke|p1|Heatran, M|\n|poke|p2|Pelipper, M|\n|poke|p2|Kartana|\n|poke|p2|Kingdra, F|\n|poke|p2|Landorus-Therian, M|\n|poke|p2|Melmetal|\n|poke|p2|Dragapult, M|\n|teampreview\n|inactive|Battle timer is ON: inactive players will automatically lose when time's up. (requested by return nirvana)\n|j| Mimikyu Stardust\n|j| naitoshipert\n|j| Meygaard\n|l| Meygaard\n|l| naitoshipert\n|j| liet32120\n|j| univercius\n|c|\u2606LT94JE Fuse|Hf\n|inactive|LT94JE Fuse has 120 seconds left.\n|\n|t:|1661509501\n|start\n|switch|p1a: Urshifu|Urshifu-Rapid-Strike, F|100\/100\n|switch|p2a: Dragapult|Dragapult, M|100\/100\n|turn|1\n|j| Lord Pxperto\n|\n|t:|1661509507\n|switch|p1a: Heatran|Heatran, M|100\/100\n|move|p2a: Dragapult|Shadow Ball|p1a: Heatran\n|-damage|p1a: Heatran|57\/100\n|-unboost|p1a: Heatran|spd|1\n|\n|-heal|p1a: Heatran|63\/100|[from] item: Leftovers\n|upkeep\n|turn|2\n|\n|t:|1661509525\n|move|p2a: Dragapult|Shadow Ball|p1a: Heatran\n|-damage|p1a: Heatran|1\/100\n|-unboost|p1a: Heatran|spd|1\n|move|p1a: Heatran|Stealth Rock|p2a: Dragapult\n|-sidestart|p2: return nirvana|move: Stealth Rock\n|\n|-heal|p1a: Heatran|7\/100|[from] item: Leftovers\n|upkeep\n|turn|3\n|\n|t:|1661509529\n|switch|p1a: Gastrodon|Gastrodon, F|100\/100\n|move|p2a: Dragapult|Shadow Ball|p1a: Gastrodon\n|-damage|p1a: Gastrodon|64\/100\n|\n|-heal|p1a: Gastrodon|70\/100|[from] item: Leftovers\n|upkeep\n|turn|4\n|\n|t:|1661509533\n|move|p2a: Dragapult|Shadow Ball|p1a: Gastrodon\n|-damage|p1a: Gastrodon|36\/100\n|move|p1a: Gastrodon|Recover|p1a: Gastrodon\n|-heal|p1a: Gastrodon|86\/100\n|\n|-heal|p1a: Gastrodon|92\/100|[from] item: Leftovers\n|upkeep\n|turn|5\n|\n|t:|1661509537\n|switch|p2a: Pelipper|Pelipper, M|100\/100\n|-damage|p2a: Pelipper|76\/100|[from] Stealth Rock\n|-weather|RainDance|[from] ability: Drizzle|[of] p2a: Pelipper\n|move|p1a: Gastrodon|Scald|p2a: Pelipper\n|-resisted|p2a: Pelipper\n|-damage|p2a: Pelipper|58\/100\n|\n|-weather|RainDance|[upkeep]\n|-heal|p1a: Gastrodon|98\/100|[from] item: Leftovers\n|upkeep\n|turn|6\n|\n|t:|1661509539\n|move|p2a: Pelipper|Defog|p1a: Gastrodon\n|-unboost|p1a: Gastrodon|evasion|1\n|-sideend|p2: return nirvana|Stealth Rock|[from] move: Defog|[of] p2a: Pelipper\n|move|p1a: Gastrodon|Scald|p2a: Pelipper\n|-resisted|p2a: Pelipper\n|-damage|p2a: Pelipper|40\/100\n|-status|p2a: Pelipper|brn\n|\n|-weather|RainDance|[upkeep]\n|-heal|p1a: Gastrodon|100\/100|[from] item: Leftovers\n|-damage|p2a: Pelipper|34\/100 brn|[from] brn\n|upkeep\n|turn|7\n|\n|t:|1661509543\n|switch|p1a: Heatran|Heatran, M|7\/100\n|move|p2a: Pelipper|Roost|p2a: Pelipper\n|-heal|p2a: Pelipper|84\/100 brn\n|-singleturn|p2a: Pelipper|move: Roost\n|\n|-weather|RainDance|[upkeep]\n|-heal|p1a: Heatran|13\/100|[from] item: Leftovers\n|-damage|p2a: Pelipper|78\/100 brn|[from] brn\n|upkeep\n|turn|8\n|j| LT94JE Origami\u2655\n|\n|t:|1661509546\n|switch|p2a: Landorus|Landorus-Therian, M|100\/100\n|-ability|p2a: Landorus|Intimidate|boost\n|-unboost|p1a: Heatran|atk|1\n|move|p1a: Heatran|Stealth Rock|p2a: Landorus\n|-sidestart|p2: return nirvana|move: Stealth Rock\n|\n|-weather|RainDance|[upkeep]\n|-heal|p1a: Heatran|19\/100|[from] item: Leftovers\n|upkeep\n|turn|9\n|\n|t:|1661509548\n|switch|p1a: Urshifu|Urshifu-Rapid-Strike, F|100\/100\n|move|p2a: Landorus|Stealth Rock|p1a: Urshifu\n|-sidestart|p1: LT94JE Fuse|move: Stealth Rock\n|\n|-weather|RainDance|[upkeep]\n|upkeep\n|turn|10\n|\n|t:|1661509552\n|switch|p2a: Kingdra|Kingdra, F|100\/100\n|-damage|p2a: Kingdra|88\/100|[from] Stealth Rock\n|move|p1a: Urshifu|Surging Strikes|p2a: Kingdra\n|-resisted|p2a: Kingdra\n|-crit|p2a: Kingdra\n|-damage|p2a: Kingdra|74\/100\n|-resisted|p2a: Kingdra\n|-crit|p2a: Kingdra\n|-damage|p2a: Kingdra|60\/100\n|-resisted|p2a: Kingdra\n|-crit|p2a: Kingdra\n|-damage|p2a: Kingdra|47\/100\n|-hitcount|p2a: Kingdra|3\n|\n|-weather|RainDance|[upkeep]\n|upkeep\n|turn|11\n|\n|t:|1661509554\n|switch|p1a: Gastrodon|Gastrodon, F|100\/100\n|-damage|p1a: Gastrodon|94\/100|[from] Stealth Rock\n|move|p2a: Kingdra|Toxic|p1a: Gastrodon\n|-status|p1a: Gastrodon|tox\n|\n|-weather|RainDance|[upkeep]\n|-heal|p1a: Gastrodon|100\/100 tox|[from] item: Leftovers\n|-damage|p1a: Gastrodon|94\/100 tox|[from] psn\n|upkeep\n|turn|12\n|\n|t:|1661509560\n|switch|p2a: Melmetal|Melmetal|100\/100\n|-damage|p2a: Melmetal|94\/100|[from] Stealth Rock\n|move|p1a: Gastrodon|Scald|p2a: Melmetal\n|-damage|p2a: Melmetal|61\/100\n|\n|-weather|none\n|-heal|p2a: Melmetal|67\/100|[from] item: Leftovers\n|-heal|p1a: Gastrodon|100\/100 tox|[from] item: Leftovers\n|-damage|p1a: Gastrodon|88\/100 tox|[from] psn\n|upkeep\n|turn|13\n|\n|t:|1661509563\n|switch|p1a: Urshifu|Urshifu-Rapid-Strike, F|100\/100\n|-damage|p1a: Urshifu|94\/100|[from] Stealth Rock\n|move|p2a: Melmetal|Earthquake|p1a: Urshifu\n|-damage|p1a: Urshifu|55\/100\n|\n|-heal|p2a: Melmetal|73\/100|[from] item: Leftovers\n|upkeep\n|turn|14\n|\n|t:|1661509567\n|switch|p2a: Dragapult|Dragapult, M|100\/100\n|-damage|p2a: Dragapult|88\/100|[from] Stealth Rock\n|move|p1a: Urshifu|Surging Strikes|p2a: Dragapult\n|-resisted|p2a: Dragapult\n|-crit|p2a: Dragapult\n|-damage|p2a: Dragapult|67\/100\n|-resisted|p2a: Dragapult\n|-crit|p2a: Dragapult\n|-damage|p2a: Dragapult|45\/100\n|-resisted|p2a: Dragapult\n|-crit|p2a: Dragapult\n|-damage|p2a: Dragapult|24\/100\n|-hitcount|p2a: Dragapult|3\n|\n|upkeep\n|turn|15\n|\n|t:|1661509570\n|switch|p1a: Heatran|Heatran, M|19\/100\n|-damage|p1a: Heatran|7\/100|[from] Stealth Rock\n|move|p2a: Dragapult|Shadow Ball|p1a: Heatran\n|-damage|p1a: Heatran|0 fnt\n|faint|p1a: Heatran\n|\n|upkeep\n|\n|t:|1661509572\n|switch|p1a: Tapu Lele|Tapu Lele|100\/100\n|-damage|p1a: Tapu Lele|88\/100|[from] Stealth Rock\n|-fieldstart|move: Psychic Terrain|[from] ability: Psychic Surge|[of] p1a: Tapu Lele\n|turn|16\n|\n|t:|1661509584\n|switch|p2a: Pelipper|Pelipper, M|78\/100 brn\n|-damage|p2a: Pelipper|53\/100 brn|[from] Stealth Rock\n|-weather|RainDance|[from] ability: Drizzle|[of] p2a: Pelipper\n|move|p1a: Tapu Lele|Moonblast|p2a: Pelipper\n|-damage|p2a: Pelipper|5\/100 brn\n|-unboost|p2a: Pelipper|spa|1\n|\n|-weather|RainDance|[upkeep]\n|-damage|p2a: Pelipper|0 fnt|[from] brn\n|faint|p2a: Pelipper\n|upkeep\n|\n|t:|1661509586\n|switch|p2a: Kingdra|Kingdra, F|47\/100\n|-damage|p2a: Kingdra|35\/100|[from] Stealth Rock\n|turn|17\n|\n|t:|1661509599\n|switch|p1a: Gastrodon|Gastrodon, F|88\/100 tox\n|-damage|p1a: Gastrodon|82\/100 tox|[from] Stealth Rock\n|move|p2a: Kingdra|Draco Meteor|p1a: Gastrodon\n|-damage|p1a: Gastrodon|25\/100 tox\n|-unboost|p2a: Kingdra|spa|2\n|\n|-weather|RainDance|[upkeep]\n|-heal|p1a: Gastrodon|31\/100 tox|[from] item: Leftovers\n|-damage|p1a: Gastrodon|25\/100 tox|[from] psn\n|upkeep\n|turn|18\n|\n|t:|1661509603\n|switch|p2a: Melmetal|Melmetal|73\/100\n|-damage|p2a: Melmetal|67\/100|[from] Stealth Rock\n|switch|p1a: Tapu Lele|Tapu Lele|88\/100\n|-damage|p1a: Tapu Lele|76\/100|[from] Stealth Rock\n|\n|-weather|RainDance|[upkeep]\n|-heal|p2a: Melmetal|73\/100|[from] item: Leftovers\n|upkeep\n|turn|19\n|j| LT94JE Jack G\n|l| Lord Pxperto\n|\n|t:|1661509632\n|switch|p1a: Urshifu|Urshifu-Rapid-Strike, F|55\/100\n|-damage|p1a: Urshifu|49\/100|[from] Stealth Rock\n|switch|p2a: Dragapult|Dragapult, M|24\/100\n|-damage|p2a: Dragapult|12\/100|[from] Stealth Rock\n|\n|-weather|RainDance|[upkeep]\n|upkeep\n|turn|20\n|\n|t:|1661509636\n|switch|p1a: Gastrodon|Gastrodon, F|25\/100 tox\n|-damage|p1a: Gastrodon|19\/100 tox|[from] Stealth Rock\n|move|p2a: Dragapult|Shadow Ball|p1a: Gastrodon\n|-damage|p1a: Gastrodon|0 fnt\n|faint|p1a: Gastrodon\n|\n|-weather|RainDance|[upkeep]\n|-fieldend|move: Psychic Terrain\n|upkeep\n|\n|t:|1661509640\n|switch|p1a: Tornadus|Tornadus-Therian, M|100\/100\n|turn|21\n|\n|t:|1661509649\n|move|p2a: Dragapult|Shadow Ball|p1a: Tornadus\n|-damage|p1a: Tornadus|42\/100\n|move|p1a: Tornadus|U-turn|p2a: Dragapult\n|-resisted|p2a: Dragapult\n|-damage|p2a: Dragapult|3\/100\n|\n|t:|1661509652\n|switch|p1a: Tapu Lele|Tapu Lele|76\/100|[from]move: U-turn\n|-damage|p1a: Tapu Lele|63\/100|[from] Stealth Rock\n|-fieldstart|move: Psychic Terrain|[from] ability: Psychic Surge|[of] p1a: Tapu Lele\n|\n|-weather|RainDance|[upkeep]\n|upkeep\n|turn|22\n|\n|t:|1661509656\n|move|p1a: Tapu Lele|Moonblast|p2a: Dragapult\n|-supereffective|p2a: Dragapult\n|-crit|p2a: Dragapult\n|-damage|p2a: Dragapult|0 fnt\n|faint|p2a: Dragapult\n|\n|-weather|RainDance|[upkeep]\n|upkeep\n|\n|t:|1661509658\n|switch|p2a: Kingdra|Kingdra, F|35\/100\n|-damage|p2a: Kingdra|22\/100|[from] Stealth Rock\n|turn|23\n|\n|t:|1661509665\n|switch|p1a: Urshifu|Urshifu-Rapid-Strike, F|49\/100\n|-damage|p1a: Urshifu|43\/100|[from] Stealth Rock\n|move|p2a: Kingdra|Surf|p1a: Urshifu\n|-resisted|p1a: Urshifu\n|-damage|p1a: Urshifu|0 fnt\n|faint|p1a: Urshifu\n|\n|-weather|none\n|upkeep\n|\n|t:|1661509669\n|switch|p1a: Tornadus|Tornadus-Therian, M|75\/100\n|turn|24\n|\n|t:|1661509672\n|move|p1a: Tornadus|Knock Off|p2a: Kingdra\n|-damage|p2a: Kingdra|0 fnt\n|-enditem|p2a: Kingdra|Choice Specs|[from] move: Knock Off|[of] p1a: Tornadus\n|faint|p2a: Kingdra\n|\n|upkeep\n|\n|t:|1661509674\n|switch|p2a: Melmetal|Melmetal|73\/100\n|-damage|p2a: Melmetal|67\/100|[from] Stealth Rock\n|turn|25\n|\n|t:|1661509683\n|move|p2a: Melmetal|Protect|p2a: Melmetal\n|-singleturn|p2a: Melmetal|Protect\n|move|p1a: Tornadus|Heat Wave|p2a: Melmetal\n|-activate|p2a: Melmetal|move: Protect\n|\n|-heal|p2a: Melmetal|73\/100|[from] item: Leftovers\n|-fieldend|move: Psychic Terrain\n|upkeep\n|turn|26\n|\n|t:|1661509686\n|move|p1a: Tornadus|Heat Wave|p2a: Melmetal\n|-supereffective|p2a: Melmetal\n|-damage|p2a: Melmetal|31\/100\n|-status|p2a: Melmetal|brn\n|move|p2a: Melmetal|Double Iron Bash|p1a: Tornadus\n|-damage|p1a: Tornadus|56\/100\n|-damage|p1a: Tornadus|37\/100\n|-hitcount|p1a: Tornadus|2\n|\n|-heal|p2a: Melmetal|37\/100 brn|[from] item: Leftovers\n|-damage|p2a: Melmetal|31\/100 brn|[from] brn\n|upkeep\n|turn|27\n|l| Mimikyu Stardust\n|\n|t:|1661509701\n|switch|p2a: Landorus|Landorus-Therian, M|100\/100\n|-damage|p2a: Landorus|88\/100|[from] Stealth Rock\n|-ability|p2a: Landorus|Intimidate|boost\n|-unboost|p1a: Tornadus|atk|1\n|move|p1a: Tornadus|Heat Wave|p2a: Landorus|[miss]\n|-miss|p1a: Tornadus|p2a: Landorus\n|\n|-heal|p2a: Landorus|94\/100|[from] item: Leftovers\n|upkeep\n|turn|28\n|\n|t:|1661509714\n|move|p1a: Tornadus|Knock Off|p2a: Landorus\n|-damage|p2a: Landorus|81\/100\n|-enditem|p2a: Landorus|Leftovers|[from] move: Knock Off|[of] p1a: Tornadus\n|move|p2a: Landorus|Toxic|p1a: Tornadus|[miss]\n|-miss|p2a: Landorus|p1a: Tornadus\n|\n|upkeep\n|turn|29\n|\n|t:|1661509728\n|switch|p1a: Tapu Lele|Tapu Lele|63\/100\n|-damage|p1a: Tapu Lele|51\/100|[from] Stealth Rock\n|-fieldstart|move: Psychic Terrain|[from] ability: Psychic Surge|[of] p1a: Tapu Lele\n|move|p2a: Landorus|Earthquake|p1a: Tapu Lele\n|-damage|p1a: Tapu Lele|0 fnt\n|faint|p1a: Tapu Lele\n|\n|upkeep\n|\n|t:|1661509737\n|switch|p1a: Necrozma|Necrozma|100\/100\n|-damage|p1a: Necrozma|88\/100|[from] Stealth Rock\n|turn|30\n|\n|t:|1661509739\n|switch|p2a: Melmetal|Melmetal|31\/100 brn\n|-damage|p2a: Melmetal|25\/100 brn|[from] Stealth Rock\n|move|p1a: Necrozma|Expanding Force|p2a: Melmetal\n|-resisted|p2a: Melmetal\n|-damage|p2a: Melmetal|0 fnt\n|faint|p2a: Melmetal\n|\n|upkeep\n|\n|t:|1661509741\n|switch|p2a: Kartana|Kartana|100\/100\n|-damage|p2a: Kartana|94\/100|[from] Stealth Rock\n|turn|31\n|j| Mimikyu Stardust\n|\n|t:|1661509743\n|move|p2a: Kartana|Knock Off|p1a: Necrozma\n|-supereffective|p1a: Necrozma\n|-damage|p1a: Necrozma|0 fnt\n|-enditem|p1a: Necrozma|Choice Specs|[from] move: Knock Off|[of] p2a: Kartana\n|faint|p1a: Necrozma\n|-ability|p2a: Kartana|Beast Boost|boost\n|-boost|p2a: Kartana|atk|1\n|\n|upkeep\n|\n|t:|1661509744\n|switch|p1a: Tornadus|Tornadus-Therian, M|70\/100\n|turn|32\n|\n|t:|1661509750\n|move|p1a: Tornadus|Heat Wave|p2a: Kartana\n|-supereffective|p2a: Kartana\n|-damage|p2a: Kartana|0 fnt\n|faint|p2a: Kartana\n|\n|upkeep\n|\n|t:|1661509751\n|switch|p2a: Landorus|Landorus-Therian, M|81\/100\n|-damage|p2a: Landorus|69\/100|[from] Stealth Rock\n|-ability|p2a: Landorus|Intimidate|boost\n|-unboost|p1a: Tornadus|atk|1\n|turn|33\n|\n|t:|1661509754\n|move|p1a: Tornadus|Heat Wave|p2a: Landorus\n|-damage|p2a: Landorus|50\/100\n|move|p2a: Landorus|Toxic|p1a: Tornadus\n|-status|p1a: Tornadus|tox\n|\n|-damage|p1a: Tornadus|64\/100 tox|[from] psn\n|-fieldend|move: Psychic Terrain\n|upkeep\n|turn|34\n|\n|t:|1661509756\n|move|p1a: Tornadus|Heat Wave|p2a: Landorus\n|-damage|p2a: Landorus|32\/100\n|move|p2a: Landorus|U-turn|p1a: Tornadus\n|-resisted|p1a: Tornadus\n|-damage|p1a: Tornadus|52\/100 tox\n|\n|-damage|p1a: Tornadus|40\/100 tox|[from] psn\n|upkeep\n|turn|35\n|\n|t:|1661509760\n|move|p1a: Tornadus|Heat Wave|p2a: Landorus\n|-damage|p2a: Landorus|14\/100\n|move|p2a: Landorus|U-turn|p1a: Tornadus\n|-resisted|p1a: Tornadus\n|-damage|p1a: Tornadus|29\/100 tox\n|\n|-damage|p1a: Tornadus|11\/100 tox|[from] psn\n|upkeep\n|turn|36\n|\n|t:|1661509765\n|move|p1a: Tornadus|Heat Wave|p2a: Landorus\n|-damage|p2a: Landorus|0 fnt\n|faint|p2a: Landorus\n|\n|win|LT94JE Fuse\n|raw|LT94JE Fuse's rating: 1813 &rarr; <strong>1838<\/strong><br \/>(+25 for winning)\n|raw|return nirvana's rating: 1894 &rarr; <strong>1869<\/strong><br \/>(-25 for losing)\n|j| vanshraj\n|l|\u2606return nirvana\n|l| vanshraj\n|l| liet32120\n|l| LT94JE Origami\u2655\n|j| ilcavalierebianco\n|l| LT94JE Jack G\n|l| univercius\n|j| univercius\n|l| univercius\n|j| qxfn143\n|l| qxfn143\n|l| Mimikyu Stardust\n","uploadtime":1661511336,"views":84,"p1id":"lt94jefuse","p2id":"returnnirvana","formatid":"gen8ou","rating":1838,"private":0,"password":null}