{"id":"gen8ou-1502128685","p1":"Run For Me Plz","p2":"Sombra Diurna","format":"gen8ou","log":"|j|\u2606Run For Me Plz\n|j|\u2606Sombra Diurna\n|t:|1643681417\n|gametype|singles\n|player|p1|Run For Me Plz|evelyn|1644\n|player|p2|Sombra Diurna|blue|1763\n|teamsize|p1|6\n|teamsize|p2|6\n|gen|8\n|tier|[Gen 8] OU\n|rated|\n|rule|Sleep Clause Mod: Limit one foe put to sleep\n|rule|Species Clause: Limit one of each Pok\u00e9mon\n|rule|OHKO Clause: OHKO moves are banned\n|rule|Evasion Moves Clause: Evasion moves are banned\n|rule|Endless Battle Clause: Forcing endless battles is banned\n|rule|HP Percentage Mod: HP is shown in percentages\n|rule|Dynamax Clause: You cannot dynamax\n|clearpoke\n|poke|p1|Hydreigon, M|\n|poke|p1|Slowking, F|\n|poke|p1|Tangrowth, F|\n|poke|p1|Corviknight, F|\n|poke|p1|Clefable, M|\n|poke|p1|Blissey, F|\n|poke|p2|Marowak-Alola, M|\n|poke|p2|Slowbro, M|\n|poke|p2|Hatterene, F|\n|poke|p2|Garchomp, M|\n|poke|p2|Ferrothorn, M|\n|poke|p2|Drampa, M|\n|teampreview\n|inactive|Battle timer is ON: inactive players will automatically lose when time's up. (requested by Run For Me Plz)\n|\n|t:|1643681430\n|start\n|switch|p1a: Cerberus|Hydreigon, M, shiny|100\/100\n|switch|p2a: Thorns|Ferrothorn, M|100\/100\n|turn|1\n|\n|t:|1643681437\n|move|p1a: Cerberus|Dark Pulse|p2a: Thorns\n|-damage|p2a: Thorns|56\/100\n|cant|p2a: Thorns|flinch\n|\n|upkeep\n|turn|2\n|\n|t:|1643681445\n|move|p1a: Cerberus|Dark Pulse|p2a: Thorns\n|-damage|p2a: Thorns|13\/100\n|move|p2a: Thorns|Gyro Ball|p1a: Cerberus\n|-damage|p1a: Cerberus|35\/100\n|\n|upkeep\n|turn|3\n|\n|t:|1643681453\n|switch|p2a: Sharko|Garchomp, M|100\/100\n|move|p1a: Cerberus|Dark Pulse|p2a: Sharko\n|-damage|p2a: Sharko|29\/100\n|\n|-heal|p2a: Sharko|35\/100|[from] item: Leftovers\n|upkeep\n|turn|4\n|\n|t:|1643681460\n|switch|p1a: Excalibird|Corviknight, F, shiny|100\/100\n|-ability|p1a: Excalibird|Pressure\n|move|p2a: Sharko|Stone Edge|p1a: Excalibird\n|-damage|p1a: Excalibird|76\/100\n|\n|-heal|p2a: Sharko|41\/100|[from] item: Leftovers\n|-heal|p1a: Excalibird|83\/100|[from] item: Leftovers\n|upkeep\n|turn|5\n|\n|t:|1643681469\n|move|p2a: Sharko|Swords Dance|p2a: Sharko\n|-boost|p2a: Sharko|atk|2\n|move|p1a: Excalibird|Brave Bird|p2a: Sharko\n|-damage|p2a: Sharko|5\/100\n|-damage|p1a: Excalibird|70\/100|[from] ability: Rough Skin|[of] p2a: Sharko\n|-damage|p1a: Excalibird|59\/100|[from] Recoil\n|\n|-heal|p2a: Sharko|11\/100|[from] item: Leftovers\n|-heal|p1a: Excalibird|66\/100|[from] item: Leftovers\n|upkeep\n|turn|6\n|\n|t:|1643681481\n|switch|p1a: WHERE YA MOM AT|Tangrowth, F, shiny|100\/100\n|move|p2a: Sharko|Stone Edge|p1a: WHERE YA MOM AT|[miss]\n|-miss|p2a: Sharko|p1a: WHERE YA MOM AT\n|\n|-heal|p2a: Sharko|17\/100|[from] item: Leftovers\n|upkeep\n|turn|7\n|c|\u2606Sombra Diurna|.....\n|\n|t:|1643681497\n|switch|p2a: Gorra|Hatterene, F, shiny|100\/100\n|move|p1a: WHERE YA MOM AT|Giga Drain|p2a: Gorra\n|-damage|p2a: Gorra|79\/100\n|\n|upkeep\n|turn|8\n|\n|t:|1643681502\n|switch|p1a: Pamplemousse|Slowking, F, shiny|100\/100\n|move|p2a: Gorra|Trick Room|p2a: Gorra\n|-fieldstart|move: Trick Room|[of] p2a: Gorra\n|\n|upkeep\n|turn|9\n|\n|t:|1643681506\n|switch|p2a: Thorns|Ferrothorn, M|13\/100\n|move|p1a: Pamplemousse|Scald|p2a: Thorns\n|-resisted|p2a: Thorns\n|-damage|p2a: Thorns|3\/100\n|\n|upkeep\n|turn|10\n|\n|t:|1643681513\n|switch|p1a: WHERE YA MOM AT|Tangrowth, F, shiny|100\/100\n|move|p2a: Thorns|Stealth Rock|p1a: WHERE YA MOM AT\n|-sidestart|p1: Run For Me Plz|move: Stealth Rock\n|\n|upkeep\n|turn|11\n|\n|t:|1643681523\n|switch|p2a: Falkor|Drampa, M|100\/100\n|move|p1a: WHERE YA MOM AT|Knock Off|p2a: Falkor\n|-damage|p2a: Falkor|76\/100\n|-enditem|p2a: Falkor|Life Orb|[from] move: Knock Off|[of] p1a: WHERE YA MOM AT\n|\n|upkeep\n|turn|12\n|\n|t:|1643681535\n|switch|p2a: Sonso|Slowbro, M|100\/100\n|switch|p1a: Pamplemousse|Slowking, F, shiny|100\/100\n|-damage|p1a: Pamplemousse|88\/100|[from] Stealth Rock\n|\n|-heal|p1a: Pamplemousse|94\/100|[from] item: Leftovers\n|-fieldend|move: Trick Room\n|upkeep\n|turn|13\n|j| Rutherford B Krazy\n|\n|t:|1643681543\n|move|p1a: Pamplemousse|Future Sight|p2a: Sonso\n|-start|p1a: Pamplemousse|move: Future Sight\n|move|p2a: Sonso|Trick Room|p2a: Sonso\n|-fieldstart|move: Trick Room|[of] p2a: Sonso\n|\n|-heal|p1a: Pamplemousse|99\/100|[from] item: Leftovers\n|upkeep\n|turn|14\n|\n|t:|1643681548\n|switch|p2a: Falkor|Drampa, M|76\/100\n|move|p1a: Pamplemousse|Scald|p2a: Falkor\n|-resisted|p2a: Falkor\n|-damage|p2a: Falkor|61\/100\n|\n|-heal|p1a: Pamplemousse|100\/100|[from] item: Leftovers\n|upkeep\n|turn|15\n|\n|t:|1643681556\n|move|p1a: Pamplemousse|Scald|p2a: Falkor\n|-resisted|p2a: Falkor\n|-damage|p2a: Falkor|48\/100\n|-ability|p2a: Falkor|Berserk|boost\n|-boost|p2a: Falkor|spa|1\n|move|p2a: Falkor|Roost|p2a: Falkor\n|-heal|p2a: Falkor|98\/100\n|-singleturn|p2a: Falkor|move: Roost\n|\n|-end|p2a: Falkor|move: Future Sight\n|-damage|p2a: Falkor|56\/100\n|upkeep\n|turn|16\n|\n|t:|1643681567\n|move|p1a: Pamplemousse|Future Sight|p2a: Falkor\n|-start|p1a: Pamplemousse|move: Future Sight\n|move|p2a: Falkor|Roost|p2a: Falkor\n|-heal|p2a: Falkor|100\/100\n|-singleturn|p2a: Falkor|move: Roost\n|\n|upkeep\n|turn|17\n|\n|t:|1643681571\n|move|p1a: Pamplemousse|Scald|p2a: Falkor\n|-resisted|p2a: Falkor\n|-damage|p2a: Falkor|86\/100\n|move|p2a: Falkor|Thunderbolt|p1a: Pamplemousse\n|-supereffective|p1a: Pamplemousse\n|-damage|p1a: Pamplemousse|38\/100\n|\n|-heal|p1a: Pamplemousse|44\/100|[from] item: Leftovers\n|-fieldend|move: Trick Room\n|upkeep\n|turn|18\n|\n|t:|1643681581\n|switch|p1a: BIG POPPA|Blissey, F, shiny|100\/100\n|move|p2a: Falkor|Focus Blast|p1a: BIG POPPA\n|-supereffective|p1a: BIG POPPA\n|-damage|p1a: BIG POPPA|50\/100\n|-unboost|p1a: BIG POPPA|spd|1\n|\n|-end|p2a: Falkor|move: Future Sight\n|-damage|p2a: Falkor|47\/100\n|-ability|p2a: Falkor|Berserk|boost\n|-boost|p2a: Falkor|spa|1\n|upkeep\n|turn|19\n|\n|t:|1643681591\n|switch|p1a: FAIRY GODMOTHER|Clefable, M, shiny|100\/100\n|move|p2a: Falkor|Roost|p2a: Falkor\n|-heal|p2a: Falkor|97\/100\n|-singleturn|p2a: Falkor|move: Roost\n|\n|upkeep\n|turn|20\n|\n|t:|1643681597\n|move|p1a: FAIRY GODMOTHER|Moonblast|p2a: Falkor\n|-supereffective|p2a: Falkor\n|-damage|p2a: Falkor|35\/100\n|-ability|p2a: Falkor|Berserk|boost\n|-boost|p2a: Falkor|spa|1\n|move|p2a: Falkor|Hyper Voice|p1a: FAIRY GODMOTHER\n|-damage|p1a: FAIRY GODMOTHER|54\/100\n|\n|upkeep\n|turn|21\n|\n|t:|1643681608\n|switch|p2a: Sonso|Slowbro, M|100\/100\n|move|p1a: FAIRY GODMOTHER|Soft-Boiled|p1a: FAIRY GODMOTHER\n|-heal|p1a: FAIRY GODMOTHER|100\/100\n|\n|upkeep\n|turn|22\n|\n|t:|1643681617\n|switch|p1a: Excalibird|Corviknight, F, shiny|66\/100\n|-damage|p1a: Excalibird|53\/100|[from] Stealth Rock\n|-ability|p1a: Excalibird|Pressure\n|move|p2a: Sonso|Trick Room|p2a: Sonso\n|-fieldstart|move: Trick Room|[of] p2a: Sonso\n|\n|-heal|p1a: Excalibird|59\/100|[from] item: Leftovers\n|upkeep\n|turn|23\n|\n|t:|1643681625\n|switch|p2a: Billy B.|Marowak-Alola, M, shiny|100\/100\n|move|p1a: Excalibird|Defog|p2a: Billy B.\n|-unboost|p2a: Billy B.|evasion|1\n|-sideend|p1: Run For Me Plz|Stealth Rock|[from] move: Defog|[of] p1a: Excalibird\n|\n|-heal|p1a: Excalibird|66\/100|[from] item: Leftovers\n|upkeep\n|turn|24\n|\n|t:|1643681636\n|switch|p1a: WHERE YA MOM AT|Tangrowth, F, shiny|100\/100\n|move|p2a: Billy B.|Flare Blitz|p1a: WHERE YA MOM AT\n|-supereffective|p1a: WHERE YA MOM AT\n|-damage|p1a: WHERE YA MOM AT|0 fnt\n|-damage|p2a: Billy B.|84\/100|[from] item: Rocky Helmet|[of] p1a: WHERE YA MOM AT\n|faint|p1a: WHERE YA MOM AT\n|\n|upkeep\n|\n|t:|1643681640\n|switch|p1a: Pamplemousse|Slowking, F, shiny|77\/100\n|turn|25\n|\n|t:|1643681645\n|move|p1a: Pamplemousse|Scald|p2a: Billy B.\n|-supereffective|p2a: Billy B.\n|-damage|p2a: Billy B.|20\/100\n|move|p2a: Billy B.|Poltergeist|p1a: Pamplemousse\n|-activate|p1a: Pamplemousse|move: Poltergeist|Leftovers\n|-supereffective|p1a: Pamplemousse\n|-damage|p1a: Pamplemousse|0 fnt\n|faint|p1a: Pamplemousse\n|\n|upkeep\n|\n|t:|1643681657\n|switch|p1a: BIG POPPA|Blissey, F, shiny|50\/100\n|turn|26\n|\n|t:|1643681660\n|move|p2a: Billy B.|Flare Blitz|p1a: BIG POPPA\n|-damage|p1a: BIG POPPA|0 fnt\n|faint|p1a: BIG POPPA\n|\n|-fieldend|move: Trick Room\n|upkeep\n|\n|t:|1643681662\n|switch|p1a: Cerberus|Hydreigon, M, shiny|35\/100\n|turn|27\n|\n|t:|1643681669\n|switch|p2a: Thorns|Ferrothorn, M|3\/100\n|move|p1a: Cerberus|Dark Pulse|p2a: Thorns\n|-damage|p2a: Thorns|0 fnt\n|faint|p2a: Thorns\n|\n|upkeep\n|\n|t:|1643681675\n|switch|p2a: Sharko|Garchomp, M|17\/100\n|turn|28\n|\n|t:|1643681679\n|switch|p1a: FAIRY GODMOTHER|Clefable, M, shiny|100\/100\n|move|p2a: Sharko|Scale Shot|p1a: FAIRY GODMOTHER\n|-immune|p1a: FAIRY GODMOTHER\n|\n|-heal|p2a: Sharko|23\/100|[from] item: Leftovers\n|upkeep\n|turn|29\n|\n|t:|1643681686\n|switch|p2a: Gorra|Hatterene, F, shiny|79\/100\n|move|p1a: FAIRY GODMOTHER|Moonblast|p2a: Gorra\n|-damage|p2a: Gorra|56\/100\n|\n|upkeep\n|turn|30\n|\n|t:|1643681692\n|move|p1a: FAIRY GODMOTHER|Calm Mind|p1a: FAIRY GODMOTHER\n|-boost|p1a: FAIRY GODMOTHER|spa|1\n|-boost|p1a: FAIRY GODMOTHER|spd|1\n|move|p2a: Gorra|Trick Room|p2a: Gorra\n|-fieldstart|move: Trick Room|[of] p2a: Gorra\n|\n|upkeep\n|turn|31\n|\n|t:|1643681696\n|move|p2a: Gorra|Healing Wish|p2a: Gorra\n|faint|p2a: Gorra\n|move|p1a: FAIRY GODMOTHER|Moonblast|p2: Gorra|[notarget]\n|-fail|p1a: FAIRY GODMOTHER\n|\n|upkeep\n|\n|t:|1643681700\n|switch|p2a: Billy B.|Marowak-Alola, M, shiny|20\/100\n|-heal|p2a: Billy B.|100\/100|[from] move: Healing Wish\n|turn|32\n|\n|t:|1643681703\n|move|p2a: Billy B.|Flare Blitz|p1a: FAIRY GODMOTHER\n|-damage|p1a: FAIRY GODMOTHER|23\/100\n|move|p1a: FAIRY GODMOTHER|Soft-Boiled|p1a: FAIRY GODMOTHER\n|-heal|p1a: FAIRY GODMOTHER|73\/100\n|\n|upkeep\n|turn|33\n|\n|t:|1643681716\n|move|p2a: Billy B.|Flare Blitz|p1a: FAIRY GODMOTHER\n|-damage|p1a: FAIRY GODMOTHER|0 fnt\n|faint|p1a: FAIRY GODMOTHER\n|\n|upkeep\n|\n|t:|1643681719\n|switch|p1a: Excalibird|Corviknight, F, shiny|66\/100\n|-ability|p1a: Excalibird|Pressure\n|turn|34\n|\n|t:|1643681724\n|move|p2a: Billy B.|Flare Blitz|p1a: Excalibird\n|-supereffective|p1a: Excalibird\n|-damage|p1a: Excalibird|0 fnt\n|faint|p1a: Excalibird\n|\n|-fieldend|move: Trick Room\n|upkeep\n|\n|t:|1643681725\n|switch|p1a: Cerberus|Hydreigon, M, shiny|35\/100\n|turn|35\n|\n|t:|1643681731\n|switch|p2a: Falkor|Drampa, M|35\/100\n|move|p1a: Cerberus|Dark Pulse|p2a: Falkor\n|-damage|p2a: Falkor|0 fnt\n|faint|p2a: Falkor\n|\n|upkeep\n|\n|t:|1643681737\n|switch|p2a: Sharko|Garchomp, M|23\/100\n|turn|36\n|\n|t:|1643681740\n|move|p2a: Sharko|Scale Shot|p1a: Cerberus\n|-supereffective|p1a: Cerberus\n|-damage|p1a: Cerberus|4\/100\n|-supereffective|p1a: Cerberus\n|-damage|p1a: Cerberus|0 fnt\n|faint|p1a: Cerberus\n|-hitcount|p1: Cerberus|2\n|\n|win|Sombra Diurna\n|raw|Run For Me Plz's rating: 1644 &rarr; <strong>1631<\/strong><br \/>(-13 for losing)\n|raw|Sombra Diurna's rating: 1763 &rarr; <strong>1776<\/strong><br \/>(+13 for winning)\n|l|\u2606Run For Me Plz\n","uploadtime":1643681748,"views":79,"p1id":"runformeplz","p2id":"sombradiurna","formatid":"gen8ou","rating":1631,"private":0,"password":null}