{"id":"gen8ou-1679570920","p1":"Shotintheheart","p2":"CoconutCrabs","format":"gen8ou","log":"|j|\u2606Shotintheheart\n|j|\u2606CoconutCrabs\n|t:|1665101880\n|gametype|singles\n|player|p1|Shotintheheart|linebacker|1851\n|player|p2|CoconutCrabs|170|1811\n|teamsize|p1|6\n|teamsize|p2|6\n|gen|8\n|tier|[Gen 8] OU\n|rated|\n|rule|Sleep Clause Mod: Limit one foe put to sleep\n|rule|Species Clause: Limit one of each Pok\u00e9mon\n|rule|OHKO Clause: OHKO moves are banned\n|rule|Evasion Items Clause: Evasion items are banned\n|rule|Evasion Moves Clause: Evasion moves are banned\n|rule|Endless Battle Clause: Forcing endless battles is banned\n|rule|HP Percentage Mod: HP is shown in percentages\n|rule|Dynamax Clause: You cannot dynamax\n|clearpoke\n|poke|p1|Rillaboom, M|\n|poke|p1|Zapdos|\n|poke|p1|Obstagoon, M|\n|poke|p1|Tapu Fini|\n|poke|p1|Heatran, M|\n|poke|p1|Swampert, F|\n|poke|p2|Heatran, M|\n|poke|p2|Excadrill, M|\n|poke|p2|Tornadus-Therian, M|\n|poke|p2|Toxapex, M|\n|poke|p2|Tangrowth, F|\n|poke|p2|Tyranitar, M|\n|teampreview\n|inactive|Battle timer is ON: inactive players will automatically lose when time's up. (requested by CoconutCrabs)\n|j| Cyberacc\n|inactive|CoconutCrabs has 120 seconds left.\n|\n|t:|1665101920\n|start\n|switch|p1a: Zapdos|Zapdos|100\/100\n|switch|p2a: Tornadus|Tornadus-Therian, M|100\/100\n|turn|1\n|\n|t:|1665101926\n|switch|p2a: Excadrill|Excadrill, M|100\/100\n|move|p1a: Zapdos|Volt Switch|p2a: Excadrill\n|-immune|p2a: Excadrill\n|\n|upkeep\n|turn|2\n|\n|t:|1665101933\n|switch|p2a: Tyranitar|Tyranitar, M|100\/100\n|-weather|Sandstorm|[from] ability: Sand Stream|[of] p2a: Tyranitar\n|move|p1a: Zapdos|Volt Switch|p2a: Tyranitar\n|-damage|p2a: Tyranitar|88\/100\n|\n|t:|1665101939\n|switch|p1a: Swampert|Swampert, F|100\/100|[from]move: Volt Switch\n|\n|-weather|Sandstorm|[upkeep]\n|-heal|p2a: Tyranitar|94\/100|[from] item: Leftovers\n|upkeep\n|turn|3\n|\n|t:|1665101945\n|move|p2a: Tyranitar|Stealth Rock|p1a: Swampert\n|-sidestart|p1: Shotintheheart|move: Stealth Rock\n|move|p1a: Swampert|Stealth Rock|p2a: Tyranitar\n|-sidestart|p2: CoconutCrabs|move: Stealth Rock\n|\n|-weather|Sandstorm|[upkeep]\n|-heal|p2a: Tyranitar|99\/100|[from] item: Leftovers\n|upkeep\n|turn|4\n|\n|t:|1665101949\n|switch|p2a: Toxapex|Toxapex, M|100\/100\n|-damage|p2a: Toxapex|88\/100|[from] Stealth Rock\n|move|p1a: Swampert|Yawn|p2a: Toxapex\n|-start|p2a: Toxapex|move: Yawn|[of] p1a: Swampert\n|\n|-weather|Sandstorm|[upkeep]\n|-damage|p2a: Toxapex|82\/100|[from] Sandstorm\n|upkeep\n|turn|5\n|\n|t:|1665101954\n|switch|p2a: Tangrowth|Tangrowth, F|100\/100\n|-damage|p2a: Tangrowth|88\/100|[from] Stealth Rock\n|move|p1a: Swampert|Flip Turn|p2a: Tangrowth\n|-resisted|p2a: Tangrowth\n|-damage|p2a: Tangrowth|82\/100\n|-damage|p1a: Swampert|84\/100|[from] item: Rocky Helmet|[of] p2a: Tangrowth\n|\n|t:|1665101965\n|switch|p1a: Zapdos|Zapdos|100\/100|[from]move: Flip Turn\n|\n|-weather|Sandstorm|[upkeep]\n|-damage|p1a: Zapdos|94\/100|[from] Sandstorm\n|-damage|p2a: Tangrowth|76\/100|[from] Sandstorm\n|upkeep\n|turn|6\n|j| Noob 0_o\n|\n|t:|1665101973\n|move|p1a: Zapdos|Volt Switch|p2a: Tangrowth\n|-resisted|p2a: Tangrowth\n|-damage|p2a: Tangrowth|55\/100\n|\n|t:|1665101985\n|switch|p1a: Tapu Fini|Tapu Fini|100\/100|[from]move: Volt Switch\n|-damage|p1a: Tapu Fini|88\/100|[from] Stealth Rock\n|-fieldstart|move: Misty Terrain|[from] ability: Misty Surge|[of] p1a: Tapu Fini\n|move|p2a: Tangrowth|Sleep Powder|p1a: Tapu Fini\n|-activate|p1a: Tapu Fini|move: Misty Terrain\n|\n|-weather|none\n|-heal|p1a: Tapu Fini|94\/100|[from] item: Leftovers\n|upkeep\n|turn|7\n|j| DisasterBruhMoment\n|\n|t:|1665101991\n|switch|p1a: Zapdos|Zapdos|94\/100\n|switch|p2a: Toxapex|Toxapex, M|100\/100\n|-damage|p2a: Toxapex|88\/100|[from] Stealth Rock\n|\n|upkeep\n|turn|8\n|\n|t:|1665101998\n|switch|p2a: Excadrill|Excadrill, M|100\/100\n|-damage|p2a: Excadrill|97\/100|[from] Stealth Rock\n|move|p1a: Zapdos|Volt Switch|p2a: Excadrill\n|-immune|p2a: Excadrill\n|\n|-heal|p2a: Excadrill|100\/100|[from] item: Leftovers\n|upkeep\n|turn|9\n|\n|t:|1665102001\n|move|p2a: Excadrill|Rapid Spin|p1a: Zapdos\n|-damage|p1a: Zapdos|81\/100\n|-boost|p2a: Excadrill|spe|1\n|-sideend|p2: CoconutCrabs|Stealth Rock|[from] move: Rapid Spin|[of] p2a: Excadrill\n|move|p1a: Zapdos|Heat Wave|p2a: Excadrill\n|-supereffective|p2a: Excadrill\n|-damage|p2a: Excadrill|24\/100\n|\n|-heal|p2a: Excadrill|30\/100|[from] item: Leftovers\n|upkeep\n|turn|10\n|\n|t:|1665102010\n|move|p2a: Excadrill|Rapid Spin|p1a: Zapdos\n|-damage|p1a: Zapdos|65\/100\n|-boost|p2a: Excadrill|spe|1\n|move|p1a: Zapdos|Defog|p2a: Excadrill\n|-unboost|p2a: Excadrill|evasion|1\n|-sideend|p1: Shotintheheart|Stealth Rock|[from] move: Defog|[of] p1a: Zapdos\n|-fieldend|Misty Terrain\n|\n|-heal|p2a: Excadrill|36\/100|[from] item: Leftovers\n|upkeep\n|turn|11\n|\n|t:|1665102019\n|switch|p2a: Tyranitar|Tyranitar, M|99\/100\n|-weather|Sandstorm|[from] ability: Sand Stream|[of] p2a: Tyranitar\n|move|p1a: Zapdos|Roost|p1a: Zapdos\n|-heal|p1a: Zapdos|100\/100\n|-singleturn|p1a: Zapdos|move: Roost\n|\n|-weather|Sandstorm|[upkeep]\n|-damage|p1a: Zapdos|94\/100|[from] Sandstorm\n|-heal|p2a: Tyranitar|100\/100|[from] item: Leftovers\n|upkeep\n|turn|12\n|\n|t:|1665102023\n|move|p1a: Zapdos|Volt Switch|p2a: Tyranitar\n|-damage|p2a: Tyranitar|89\/100\n|\n|t:|1665102026\n|switch|p1a: Swampert|Swampert, F|84\/100|[from]move: Volt Switch\n|move|p2a: Tyranitar|Stealth Rock|p1a: Swampert\n|-sidestart|p1: Shotintheheart|move: Stealth Rock\n|\n|-weather|Sandstorm|[upkeep]\n|-heal|p2a: Tyranitar|96\/100|[from] item: Leftovers\n|-heal|p1a: Swampert|90\/100|[from] item: Leftovers\n|upkeep\n|turn|13\n|\n|t:|1665102034\n|switch|p2a: Tangrowth|Tangrowth, F|88\/100\n|move|p1a: Swampert|Flip Turn|p2a: Tangrowth\n|-resisted|p2a: Tangrowth\n|-damage|p2a: Tangrowth|82\/100\n|-damage|p1a: Swampert|74\/100|[from] item: Rocky Helmet|[of] p2a: Tangrowth\n|\n|t:|1665102038\n|switch|p1a: Zapdos|Zapdos|94\/100|[from]move: Flip Turn\n|\n|-weather|Sandstorm|[upkeep]\n|-damage|p1a: Zapdos|88\/100|[from] Sandstorm\n|-damage|p2a: Tangrowth|75\/100|[from] Sandstorm\n|upkeep\n|turn|14\n|\n|t:|1665102042\n|switch|p2a: Tyranitar|Tyranitar, M|96\/100\n|move|p1a: Zapdos|Defog|p2a: Tyranitar\n|-unboost|p2a: Tyranitar|evasion|1\n|-sideend|p1: Shotintheheart|Stealth Rock|[from] move: Defog|[of] p1a: Zapdos\n|\n|-weather|Sandstorm|[upkeep]\n|-damage|p1a: Zapdos|82\/100|[from] Sandstorm\n|-heal|p2a: Tyranitar|100\/100|[from] item: Leftovers\n|upkeep\n|turn|15\n|\n|t:|1665102044\n|move|p1a: Zapdos|Volt Switch|p2a: Tyranitar\n|-damage|p2a: Tyranitar|88\/100\n|\n|t:|1665102046\n|switch|p1a: Rillaboom|Rillaboom, M|100\/100|[from]move: Volt Switch\n|-fieldstart|move: Grassy Terrain|[from] ability: Grassy Surge|[of] p1a: Rillaboom\n|move|p2a: Tyranitar|Stealth Rock|p1a: Rillaboom\n|-sidestart|p1: Shotintheheart|move: Stealth Rock\n|\n|-weather|none\n|-heal|p2a: Tyranitar|95\/100|[from] Grassy Terrain\n|-heal|p2a: Tyranitar|100\/100|[from] item: Leftovers\n|upkeep\n|turn|16\n|\n|t:|1665102051\n|switch|p2a: Toxapex|Toxapex, M|100\/100\n|move|p1a: Rillaboom|U-turn|p2a: Toxapex\n|-resisted|p2a: Toxapex\n|-damage|p2a: Toxapex|89\/100\n|-damage|p1a: Rillaboom|84\/100|[from] item: Rocky Helmet|[of] p2a: Toxapex\n|j| DisabledDevil\n|j| Alexis5000\n|\n|t:|1665102058\n|switch|p1a: Zapdos|Zapdos|82\/100|[from]move: U-turn\n|\n|-heal|p2a: Toxapex|95\/100|[from] Grassy Terrain\n|upkeep\n|turn|17\n|\n|t:|1665102061\n|move|p1a: Zapdos|Volt Switch|p2a: Toxapex\n|-supereffective|p2a: Toxapex\n|-damage|p2a: Toxapex|41\/100\n|\n|t:|1665102065\n|switch|p1a: Swampert|Swampert, F|74\/100|[from]move: Volt Switch\n|-damage|p1a: Swampert|67\/100|[from] Stealth Rock\n|move|p2a: Toxapex|Knock Off|p1a: Swampert\n|-damage|p1a: Swampert|53\/100\n|-enditem|p1a: Swampert|Leftovers|[from] move: Knock Off|[of] p2a: Toxapex\n|\n|-heal|p1a: Swampert|60\/100|[from] Grassy Terrain\n|-heal|p2a: Toxapex|47\/100|[from] Grassy Terrain\n|upkeep\n|turn|18\n|\n|t:|1665102071\n|switch|p2a: Tangrowth|Tangrowth, F|100\/100\n|move|p1a: Swampert|Yawn|p2a: Tangrowth\n|-start|p2a: Tangrowth|move: Yawn|[of] p1a: Swampert\n|\n|-heal|p1a: Swampert|66\/100|[from] Grassy Terrain\n|upkeep\n|turn|19\n|\n|t:|1665102076\n|switch|p2a: Toxapex|Toxapex, M|81\/100\n|move|p1a: Swampert|High Horsepower|p2a: Toxapex\n|-supereffective|p2a: Toxapex\n|-damage|p2a: Toxapex|38\/100\n|-damage|p1a: Swampert|49\/100|[from] item: Rocky Helmet|[of] p2a: Toxapex\n|\n|-heal|p1a: Swampert|55\/100|[from] Grassy Terrain\n|-heal|p2a: Toxapex|44\/100|[from] Grassy Terrain\n|-fieldend|move: Grassy Terrain\n|upkeep\n|turn|20\n|\n|t:|1665102089\n|switch|p1a: Zapdos|Zapdos|82\/100\n|switch|p2a: Tangrowth|Tangrowth, F|100\/100\n|\n|upkeep\n|turn|21\n|\n|t:|1665102095\n|switch|p2a: Tyranitar|Tyranitar, M|100\/100\n|-weather|Sandstorm|[from] ability: Sand Stream|[of] p2a: Tyranitar\n|move|p1a: Zapdos|Heat Wave|p2a: Tyranitar\n|-resisted|p2a: Tyranitar\n|-damage|p2a: Tyranitar|95\/100\n|\n|-weather|Sandstorm|[upkeep]\n|-damage|p1a: Zapdos|75\/100|[from] Sandstorm\n|-heal|p2a: Tyranitar|100\/100|[from] item: Leftovers\n|upkeep\n|turn|22\n|\n|t:|1665102101\n|move|p1a: Zapdos|Volt Switch|p2a: Tyranitar\n|-damage|p2a: Tyranitar|88\/100\n|\n|t:|1665102103\n|switch|p1a: Swampert|Swampert, F|55\/100|[from]move: Volt Switch\n|-damage|p1a: Swampert|49\/100|[from] Stealth Rock\n|move|p2a: Tyranitar|Rock Blast|p1a: Swampert\n|-resisted|p1a: Swampert\n|-damage|p1a: Swampert|45\/100\n|-resisted|p1a: Swampert\n|-damage|p1a: Swampert|40\/100\n|-resisted|p1a: Swampert\n|-damage|p1a: Swampert|35\/100\n|-hitcount|p1a: Swampert|3\n|\n|-weather|Sandstorm|[upkeep]\n|-heal|p2a: Tyranitar|95\/100|[from] item: Leftovers\n|upkeep\n|turn|23\n|\n|t:|1665102113\n|switch|p2a: Tangrowth|Tangrowth, F|100\/100\n|switch|p1a: Zapdos|Zapdos|75\/100\n|\n|-weather|Sandstorm|[upkeep]\n|-damage|p1a: Zapdos|69\/100|[from] Sandstorm\n|-damage|p2a: Tangrowth|94\/100|[from] Sandstorm\n|upkeep\n|turn|24\n|\n|t:|1665102116\n|switch|p2a: Tyranitar|Tyranitar, M|95\/100\n|move|p1a: Zapdos|Defog|p2a: Tyranitar\n|-unboost|p2a: Tyranitar|evasion|1\n|-sideend|p1: Shotintheheart|Stealth Rock|[from] move: Defog|[of] p1a: Zapdos\n|\n|-weather|Sandstorm|[upkeep]\n|-damage|p1a: Zapdos|63\/100|[from] Sandstorm\n|-heal|p2a: Tyranitar|100\/100|[from] item: Leftovers\n|upkeep\n|turn|25\n|\n|t:|1665102120\n|move|p1a: Zapdos|Volt Switch|p2a: Tyranitar\n|-damage|p2a: Tyranitar|88\/100\n|\n|t:|1665102122\n|switch|p1a: Rillaboom|Rillaboom, M|84\/100|[from]move: Volt Switch\n|-fieldstart|move: Grassy Terrain|[from] ability: Grassy Surge|[of] p1a: Rillaboom\n|move|p2a: Tyranitar|Stealth Rock|p1a: Rillaboom\n|-sidestart|p1: Shotintheheart|move: Stealth Rock\n|\n|-weather|none\n|-heal|p1a: Rillaboom|90\/100|[from] Grassy Terrain\n|-heal|p2a: Tyranitar|94\/100|[from] Grassy Terrain\n|-heal|p2a: Tyranitar|99\/100|[from] item: Leftovers\n|upkeep\n|turn|26\n|\n|t:|1665102129\n|switch|p2a: Tangrowth|Tangrowth, F|100\/100\n|move|p1a: Rillaboom|U-turn|p2a: Tangrowth\n|-supereffective|p2a: Tangrowth\n|-damage|p2a: Tangrowth|60\/100\n|-damage|p1a: Rillaboom|73\/100|[from] item: Rocky Helmet|[of] p2a: Tangrowth\n|j| bccahy\n|\n|t:|1665102154\n|switch|p1a: Heatran|Heatran, M|100\/100|[from]move: U-turn\n|-damage|p1a: Heatran|88\/100|[from] Stealth Rock\n|\n|-heal|p1a: Heatran|94\/100|[from] Grassy Terrain\n|-heal|p2a: Tangrowth|66\/100|[from] Grassy Terrain\n|upkeep\n|turn|27\n|\n|t:|1665102165\n|switch|p2a: Tyranitar|Tyranitar, M|99\/100\n|-weather|Sandstorm|[from] ability: Sand Stream|[of] p2a: Tyranitar\n|move|p1a: Heatran|Eruption|p2a: Tyranitar\n|-resisted|p2a: Tyranitar\n|-damage|p2a: Tyranitar|85\/100\n|\n|-weather|Sandstorm|[upkeep]\n|-heal|p1a: Heatran|100\/100|[from] Grassy Terrain\n|-heal|p2a: Tyranitar|92\/100|[from] Grassy Terrain\n|-heal|p2a: Tyranitar|98\/100|[from] item: Leftovers\n|upkeep\n|turn|28\n|\n|t:|1665102176\n|switch|p1a: Swampert|Swampert, F|35\/100\n|-damage|p1a: Swampert|28\/100|[from] Stealth Rock\n|move|p2a: Tyranitar|Rock Blast|p1a: Swampert\n|-resisted|p1a: Swampert\n|-crit|p1a: Swampert\n|-damage|p1a: Swampert|21\/100\n|-resisted|p1a: Swampert\n|-damage|p1a: Swampert|16\/100\n|-hitcount|p1a: Swampert|2\n|\n|-weather|Sandstorm|[upkeep]\n|-heal|p2a: Tyranitar|100\/100|[from] Grassy Terrain\n|-heal|p1a: Swampert|22\/100|[from] Grassy Terrain\n|upkeep\n|turn|29\n|\n|t:|1665102185\n|switch|p2a: Tangrowth|Tangrowth, F|99\/100\n|move|p1a: Swampert|High Horsepower|p2a: Tangrowth\n|-resisted|p2a: Tangrowth\n|-crit|p2a: Tangrowth\n|-damage|p2a: Tangrowth|85\/100\n|-damage|p1a: Swampert|6\/100|[from] item: Rocky Helmet|[of] p2a: Tangrowth\n|\n|-weather|Sandstorm|[upkeep]\n|-damage|p2a: Tangrowth|79\/100|[from] Sandstorm\n|-heal|p1a: Swampert|12\/100|[from] Grassy Terrain\n|-heal|p2a: Tangrowth|85\/100|[from] Grassy Terrain\n|-fieldend|move: Grassy Terrain\n|upkeep\n|turn|30\n|\n|t:|1665102189\n|move|p1a: Swampert|Yawn|p2a: Tangrowth\n|-start|p2a: Tangrowth|move: Yawn|[of] p1a: Swampert\n|move|p2a: Tangrowth|Knock Off|p1a: Swampert\n|-damage|p1a: Swampert|0 fnt\n|faint|p1a: Swampert\n|\n|-weather|Sandstorm|[upkeep]\n|-damage|p2a: Tangrowth|79\/100|[from] Sandstorm\n|upkeep\n|\n|t:|1665102197\n|switch|p1a: Rillaboom|Rillaboom, M|73\/100\n|-damage|p1a: Rillaboom|61\/100|[from] Stealth Rock\n|-fieldstart|move: Grassy Terrain|[from] ability: Grassy Surge|[of] p1a: Rillaboom\n|turn|31\n|\n|t:|1665102204\n|switch|p2a: Heatran|Heatran, M|100\/100\n|move|p1a: Rillaboom|Wood Hammer|p2a: Heatran\n|-resisted|p2a: Heatran\n|-damage|p2a: Heatran|66\/100\n|-damage|p1a: Rillaboom|50\/100|[from] Recoil\n|\n|-weather|none\n|-heal|p2a: Heatran|73\/100|[from] Grassy Terrain\n|-heal|p1a: Rillaboom|57\/100|[from] Grassy Terrain\n|upkeep\n|turn|32\n|\n|t:|1665102213\n|switch|p1a: Zapdos|Zapdos|63\/100\n|move|p2a: Heatran|Eruption|p1a: Zapdos\n|-damage|p1a: Zapdos|14\/100\n|\n|-heal|p2a: Heatran|79\/100|[from] Grassy Terrain\n|upkeep\n|turn|33\n|j| TheMightyDRE\n|\n|t:|1665102217\n|move|p2a: Heatran|Eruption|p1a: Zapdos\n|-damage|p1a: Zapdos|0 fnt\n|faint|p1a: Zapdos\n|\n|-heal|p2a: Heatran|85\/100|[from] Grassy Terrain\n|upkeep\n|\n|t:|1665102229\n|switch|p1a: Heatran|Heatran, M|100\/100\n|-damage|p1a: Heatran|88\/100|[from] Stealth Rock\n|turn|34\n|\n|t:|1665102231\n|switch|p2a: Tyranitar|Tyranitar, M|100\/100\n|-weather|Sandstorm|[from] ability: Sand Stream|[of] p2a: Tyranitar\n|move|p1a: Heatran|Toxic|p2a: Tyranitar\n|-status|p2a: Tyranitar|tox\n|\n|-weather|Sandstorm|[upkeep]\n|-heal|p1a: Heatran|94\/100|[from] Grassy Terrain\n|-damage|p2a: Tyranitar|94\/100 tox|[from] psn\n|upkeep\n|turn|35\n|\n|t:|1665102238\n|switch|p1a: Tapu Fini|Tapu Fini|94\/100\n|-damage|p1a: Tapu Fini|82\/100|[from] Stealth Rock\n|-fieldstart|move: Misty Terrain|[from] ability: Misty Surge|[of] p1a: Tapu Fini\n|move|p2a: Tyranitar|Rock Blast|p1a: Tapu Fini\n|-damage|p1a: Tapu Fini|73\/100\n|-damage|p1a: Tapu Fini|65\/100\n|-hitcount|p1a: Tapu Fini|2\n|\n|-weather|Sandstorm|[upkeep]\n|-damage|p1a: Tapu Fini|59\/100|[from] Sandstorm\n|-heal|p1a: Tapu Fini|65\/100|[from] item: Leftovers\n|-heal|p2a: Tyranitar|100\/100 tox|[from] item: Leftovers\n|-damage|p2a: Tyranitar|88\/100 tox|[from] psn\n|upkeep\n|turn|36\n|\n|t:|1665102248\n|switch|p2a: Toxapex|Toxapex, M|78\/100\n|move|p1a: Tapu Fini|Calm Mind|p1a: Tapu Fini\n|-boost|p1a: Tapu Fini|spa|1\n|-boost|p1a: Tapu Fini|spd|1\n|\n|-weather|Sandstorm|[upkeep]\n|-damage|p1a: Tapu Fini|59\/100|[from] Sandstorm\n|-damage|p2a: Toxapex|72\/100|[from] Sandstorm\n|-heal|p1a: Tapu Fini|65\/100|[from] item: Leftovers\n|upkeep\n|turn|37\n|\n|t:|1665102252\n|move|p1a: Tapu Fini|Calm Mind|p1a: Tapu Fini\n|-boost|p1a: Tapu Fini|spa|1\n|-boost|p1a: Tapu Fini|spd|1\n|move|p2a: Toxapex|Knock Off|p1a: Tapu Fini\n|-resisted|p1a: Tapu Fini\n|-damage|p1a: Tapu Fini|59\/100\n|-enditem|p1a: Tapu Fini|Leftovers|[from] move: Knock Off|[of] p2a: Toxapex\n|\n|-weather|Sandstorm|[upkeep]\n|-damage|p1a: Tapu Fini|53\/100|[from] Sandstorm\n|-damage|p2a: Toxapex|66\/100|[from] Sandstorm\n|upkeep\n|turn|38\n|\n|t:|1665102256\n|move|p1a: Tapu Fini|Taunt|p2a: Toxapex\n|-start|p2a: Toxapex|move: Taunt\n|cant|p2a: Toxapex|move: Taunt|Haze\n|\n|-weather|none\n|upkeep\n|turn|39\n|\n|t:|1665102264\n|switch|p2a: Tyranitar|Tyranitar, M|88\/100 tox\n|-weather|Sandstorm|[from] ability: Sand Stream|[of] p2a: Tyranitar\n|move|p1a: Tapu Fini|Calm Mind|p1a: Tapu Fini\n|-boost|p1a: Tapu Fini|spa|1\n|-boost|p1a: Tapu Fini|spd|1\n|\n|-weather|Sandstorm|[upkeep]\n|-damage|p1a: Tapu Fini|47\/100|[from] Sandstorm\n|-heal|p2a: Tyranitar|94\/100 tox|[from] item: Leftovers\n|-damage|p2a: Tyranitar|88\/100 tox|[from] psn\n|-fieldend|Misty Terrain\n|upkeep\n|turn|40\n|\n|t:|1665102272\n|switch|p2a: Toxapex|Toxapex, M|99\/100\n|move|p1a: Tapu Fini|Calm Mind|p1a: Tapu Fini\n|-boost|p1a: Tapu Fini|spa|1\n|-boost|p1a: Tapu Fini|spd|1\n|\n|-weather|Sandstorm|[upkeep]\n|-damage|p1a: Tapu Fini|40\/100|[from] Sandstorm\n|-damage|p2a: Toxapex|93\/100|[from] Sandstorm\n|upkeep\n|turn|41\n|\n|t:|1665102278\n|move|p1a: Tapu Fini|Taunt|p2a: Toxapex\n|-start|p2a: Toxapex|move: Taunt\n|move|p2a: Toxapex|Scald|p1a: Tapu Fini\n|-resisted|p1a: Tapu Fini\n|-damage|p1a: Tapu Fini|38\/100\n|\n|-weather|Sandstorm|[upkeep]\n|-damage|p1a: Tapu Fini|32\/100|[from] Sandstorm\n|-damage|p2a: Toxapex|87\/100|[from] Sandstorm\n|upkeep\n|turn|42\n|\n|t:|1665102282\n|move|p1a: Tapu Fini|Scald|p2a: Toxapex\n|-resisted|p2a: Toxapex\n|-damage|p2a: Toxapex|53\/100\n|-status|p2a: Toxapex|brn\n|move|p2a: Toxapex|Scald|p1a: Tapu Fini\n|-resisted|p1a: Tapu Fini\n|-damage|p1a: Tapu Fini|30\/100\n|-status|p1a: Tapu Fini|brn\n|\n|-weather|Sandstorm|[upkeep]\n|-damage|p1a: Tapu Fini|24\/100 brn|[from] Sandstorm\n|-damage|p2a: Toxapex|47\/100 brn|[from] Sandstorm\n|-damage|p1a: Tapu Fini|18\/100 brn|[from] brn\n|-damage|p2a: Toxapex|41\/100 brn|[from] brn\n|upkeep\n|turn|43\n|\n|t:|1665102289\n|move|p1a: Tapu Fini|Draining Kiss|p2a: Toxapex\n|-resisted|p2a: Toxapex\n|-damage|p2a: Toxapex|21\/100 brn\n|-heal|p1a: Tapu Fini|32\/100 brn|[from] drain|[of] p2a: Toxapex\n|-damage|p1a: Tapu Fini|15\/100 brn|[from] item: Rocky Helmet|[of] p2a: Toxapex\n|move|p2a: Toxapex|Scald|p1a: Tapu Fini\n|-resisted|p1a: Tapu Fini\n|-damage|p1a: Tapu Fini|13\/100 brn\n|\n|-weather|none\n|-damage|p1a: Tapu Fini|7\/100 brn|[from] brn\n|-damage|p2a: Toxapex|15\/100 brn|[from] brn\n|-end|p2a: Toxapex|move: Taunt\n|upkeep\n|turn|44\n|\n|t:|1665102299\n|move|p1a: Tapu Fini|Scald|p2a: Toxapex\n|-resisted|p2a: Toxapex\n|-damage|p2a: Toxapex|0 fnt\n|faint|p2a: Toxapex\n|\n|-damage|p1a: Tapu Fini|0 fnt|[from] brn\n|faint|p1a: Tapu Fini\n|upkeep\n|\n|t:|1665102312\n|switch|p1a: Rillaboom|Rillaboom, M|57\/100\n|switch|p2a: Heatran|Heatran, M|85\/100\n|-damage|p1a: Rillaboom|44\/100|[from] Stealth Rock\n|-fieldstart|move: Grassy Terrain|[from] ability: Grassy Surge|[of] p1a: Rillaboom\n|turn|45\n|\n|t:|1665102318\n|move|p2a: Heatran|Flash Cannon|p1a: Rillaboom\n|-damage|p1a: Rillaboom|0 fnt\n|faint|p1a: Rillaboom\n|\n|-heal|p2a: Heatran|91\/100|[from] Grassy Terrain\n|upkeep\n|\n|t:|1665102323\n|switch|p1a: Heatran|Heatran, M|94\/100\n|-damage|p1a: Heatran|82\/100|[from] Stealth Rock\n|turn|46\n|\n|t:|1665102329\n|switch|p2a: Tyranitar|Tyranitar, M|88\/100 tox\n|-weather|Sandstorm|[from] ability: Sand Stream|[of] p2a: Tyranitar\n|move|p1a: Heatran|Eruption|p2a: Tyranitar\n|-resisted|p2a: Tyranitar\n|-damage|p2a: Tyranitar|75\/100 tox\n|\n|-weather|Sandstorm|[upkeep]\n|-heal|p1a: Heatran|88\/100|[from] Grassy Terrain\n|-heal|p2a: Tyranitar|81\/100 tox|[from] Grassy Terrain\n|-heal|p2a: Tyranitar|87\/100 tox|[from] item: Leftovers\n|-damage|p2a: Tyranitar|81\/100 tox|[from] psn\n|upkeep\n|turn|47\n|\n|t:|1665102335\n|switch|p1a: Obstagoon|Obstagoon, M|100\/100\n|-damage|p1a: Obstagoon|88\/100|[from] Stealth Rock\n|move|p2a: Tyranitar|Thunder Wave|p1a: Obstagoon\n|-status|p1a: Obstagoon|par\n|\n|-weather|Sandstorm|[upkeep]\n|-damage|p1a: Obstagoon|82\/100 par|[from] Sandstorm\n|-heal|p2a: Tyranitar|87\/100 tox|[from] Grassy Terrain\n|-heal|p2a: Tyranitar|93\/100 tox|[from] item: Leftovers\n|-heal|p1a: Obstagoon|88\/100 par|[from] Grassy Terrain\n|-damage|p2a: Tyranitar|81\/100 tox|[from] psn\n|upkeep\n|turn|48\n|\n|t:|1665102341\n|switch|p2a: Tangrowth|Tangrowth, F|100\/100\n|move|p1a: Obstagoon|Switcheroo|p2a: Tangrowth\n|-activate|p1a: Obstagoon|move: Trick|[of] p2a: Tangrowth\n|-item|p2a: Tangrowth|Flame Orb|[from] move: Switcheroo\n|-item|p1a: Obstagoon|Rocky Helmet|[from] move: Switcheroo\n|\n|-weather|Sandstorm|[upkeep]\n|-damage|p1a: Obstagoon|82\/100 par|[from] Sandstorm\n|-damage|p2a: Tangrowth|94\/100|[from] Sandstorm\n|-heal|p1a: Obstagoon|88\/100 par|[from] Grassy Terrain\n|-heal|p2a: Tangrowth|100\/100|[from] Grassy Terrain\n|-status|p2a: Tangrowth|brn|[from] item: Flame Orb\n|upkeep\n|turn|49\n|\n|t:|1665102349\n|move|p1a: Obstagoon|Facade|p2a: Tangrowth\n|-damage|p2a: Tangrowth|54\/100 brn\n|move|p2a: Tangrowth|Focus Blast|p1a: Obstagoon\n|-supereffective|p1a: Obstagoon\n|-damage|p1a: Obstagoon|0 fnt\n|faint|p1a: Obstagoon\n|\n|-weather|Sandstorm|[upkeep]\n|-damage|p2a: Tangrowth|48\/100 brn|[from] Sandstorm\n|-heal|p2a: Tangrowth|54\/100 brn|[from] Grassy Terrain\n|-damage|p2a: Tangrowth|48\/100 brn|[from] brn\n|-fieldend|move: Grassy Terrain\n|upkeep\n|\n|t:|1665102355\n|switch|p1a: Heatran|Heatran, M|88\/100\n|-damage|p1a: Heatran|76\/100|[from] Stealth Rock\n|turn|50\n|\n|t:|1665102359\n|move|p1a: Heatran|Earth Power|p2a: Tangrowth\n|-resisted|p2a: Tangrowth\n|-damage|p2a: Tangrowth|25\/100 brn\n|move|p2a: Tangrowth|Knock Off|p1a: Heatran\n|-damage|p1a: Heatran|66\/100\n|-enditem|p1a: Heatran|Choice Scarf|[from] move: Knock Off|[of] p2a: Tangrowth\n|\n|-weather|none\n|-damage|p2a: Tangrowth|19\/100 brn|[from] brn\n|upkeep\n|turn|51\n|-message|Shotintheheart forfeited.\n|\n|win|CoconutCrabs\n|raw|Shotintheheart's rating: 1851 &rarr; <strong>1829<\/strong><br \/>(-22 for losing)\n|raw|CoconutCrabs's rating: 1811 &rarr; <strong>1833<\/strong><br \/>(+22 for winning)\n|l|\u2606Shotintheheart\n|l|\u2606CoconutCrabs\n|l| TheMightyDRE\n||Ladder isn't responding, score probably updated but might not have (Request timeout).\n|l| Alexis5000\n|l| DisabledDevil\n","uploadtime":1665102524,"views":69,"p1id":"shotintheheart","p2id":"coconutcrabs","formatid":"gen8ou","rating":1829,"private":0,"password":null}