{"id":"gen8ou-1692638653","p1":"x19990908","p2":"HQSNonsense","format":"gen8ou","log":"|html|<div class=\"broadcast-blue\"><strong>[Gen 8] OU is currently suspecting Melmetal! For information on how to participate check out the <a href=\"https:\/\/www.smogon.com\/forums\/threads\/np-ss-ou-suspect-process-round-12-monster-mash.3709234\/\">suspect thread<\/a>.<\/strong><\/div>\n|j|\u2606x19990908\n|j|\u2606HQSNonsense\n|t:|1666512537\n|gametype|singles\n|player|p1|x19990908|2|1712\n|player|p2|HQSNonsense|veteranf|1620\n|teamsize|p1|6\n|teamsize|p2|6\n|gen|8\n|tier|[Gen 8] OU\n|rated|\n|rule|Sleep Clause Mod: Limit one foe put to sleep\n|rule|Species Clause: Limit one of each Pok\u00e9mon\n|rule|OHKO Clause: OHKO moves are banned\n|rule|Evasion Items Clause: Evasion items are banned\n|rule|Evasion Moves Clause: Evasion moves are banned\n|rule|Endless Battle Clause: Forcing endless battles is banned\n|rule|HP Percentage Mod: HP is shown in percentages\n|rule|Dynamax Clause: You cannot dynamax\n|clearpoke\n|poke|p1|Landorus-Therian, M|\n|poke|p1|Blissey, F|\n|poke|p1|Tapu Lele|\n|poke|p1|Nidoking, M|\n|poke|p1|Corviknight, M|\n|poke|p1|Urshifu-*, F|\n|poke|p2|Dragapult, F|\n|poke|p2|Weavile, M|\n|poke|p2|Rillaboom, F|\n|poke|p2|Nihilego|\n|poke|p2|Garchomp, F|\n|poke|p2|Celesteela|\n|teampreview\n|inactive|Battle timer is ON: inactive players will automatically lose when time's up. (requested by HQSNonsense)\n|\n|t:|1666512548\n|start\n|switch|p1a: Urshifu|Urshifu-Rapid-Strike, F|100\/100\n|switch|p2a: Garchomp|Garchomp, F|100\/100\n|turn|1\n|\n|t:|1666512552\n|move|p1a: Urshifu|Ice Punch|p2a: Garchomp\n|-supereffective|p2a: Garchomp\n|-damage|p2a: Garchomp|0 fnt\n|-damage|p1a: Urshifu|88\/100|[from] ability: Rough Skin|[of] p2a: Garchomp\n|faint|p2a: Garchomp\n|\n|upkeep\n|\n|t:|1666512557\n|switch|p2a: Weavile|Weavile, M|100\/100\n|-ability|p2a: Weavile|Pressure\n|turn|2\n|\n|t:|1666512562\n|switch|p1a: Corviknight|Corviknight, M|100\/100\n|move|p2a: Weavile|Swords Dance|p2a: Weavile\n|-boost|p2a: Weavile|atk|2\n|\n|upkeep\n|turn|3\n|\n|t:|1666512565\n|move|p2a: Weavile|Knock Off|p1a: Corviknight\n|-damage|p1a: Corviknight|20\/100\n|-damage|p2a: Weavile|84\/100|[from] item: Rocky Helmet|[of] p1a: Corviknight\n|-enditem|p1a: Corviknight|Rocky Helmet|[from] move: Knock Off|[of] p2a: Weavile\n|-damage|p2a: Weavile|74\/100|[from] item: Life Orb\n|move|p1a: Corviknight|U-turn|p2a: Weavile\n|-supereffective|p2a: Weavile\n|-damage|p2a: Weavile|25\/100\n|\n|t:|1666512568\n|switch|p1a: Urshifu|Urshifu-Rapid-Strike, F|88\/100|[from]move: U-turn\n|\n|upkeep\n|turn|4\n|\n|t:|1666512573\n|move|p2a: Weavile|Ice Shard|p1a: Urshifu\n|-resisted|p1a: Urshifu\n|-damage|p1a: Urshifu|59\/100\n|-damage|p2a: Weavile|15\/100|[from] item: Life Orb\n|move|p1a: Urshifu|U-turn|p2a: Weavile\n|-supereffective|p2a: Weavile\n|-damage|p2a: Weavile|0 fnt\n|faint|p2a: Weavile\n|\n|t:|1666512597\n|switch|p1a: Tapu Lele|Tapu Lele|100\/100|[from]move: U-turn\n|-fieldstart|move: Psychic Terrain|[from] ability: Psychic Surge|[of] p1a: Tapu Lele\n|\n|upkeep\n|\n|t:|1666512605\n|switch|p2a: Rillaboom|Rillaboom, F|100\/100\n|-fieldstart|move: Grassy Terrain|[from] ability: Grassy Surge|[of] p2a: Rillaboom\n|turn|5\n|\n|t:|1666512611\n|switch|p1a: Corviknight|Corviknight, M|20\/100\n|move|p2a: Rillaboom|Swords Dance|p2a: Rillaboom\n|-boost|p2a: Rillaboom|atk|2\n|\n|upkeep\n|turn|6\n|\n|t:|1666512618\n|move|p2a: Rillaboom|Knock Off|p1a: Corviknight\n|-damage|p1a: Corviknight|0 fnt\n|faint|p1a: Corviknight\n|-damage|p2a: Rillaboom|91\/100|[from] item: Life Orb\n|\n|-heal|p2a: Rillaboom|97\/100|[from] Grassy Terrain\n|upkeep\n|\n|t:|1666512623\n|switch|p1a: Landorus|Landorus-Therian, M|100\/100\n|-ability|p1a: Landorus|Intimidate|boost\n|-unboost|p2a: Rillaboom|atk|1\n|turn|7\n|\n|t:|1666512627\n|move|p2a: Rillaboom|Swords Dance|p2a: Rillaboom\n|-boost|p2a: Rillaboom|atk|2\n|move|p1a: Landorus|U-turn|p2a: Rillaboom\n|-supereffective|p2a: Rillaboom\n|-damage|p2a: Rillaboom|48\/100\n|\n|t:|1666512630\n|switch|p1a: Tapu Lele|Tapu Lele|100\/100|[from]move: U-turn\n|-fieldstart|move: Psychic Terrain|[from] ability: Psychic Surge|[of] p1a: Tapu Lele\n|\n|upkeep\n|turn|8\n|\n|t:|1666512636\n|move|p1a: Tapu Lele|Psychic|p2a: Rillaboom\n|-damage|p2a: Rillaboom|0 fnt\n|faint|p2a: Rillaboom\n|\n|upkeep\n|\n|t:|1666512639\n|switch|p2a: Celesteela|Celesteela|100\/100\n|turn|9\n|\n|t:|1666512643\n|switch|p1a: Nidoking|Nidoking, M|100\/100\n|move|p2a: Celesteela|Autotomize|p2a: Celesteela\n|-boost|p2a: Celesteela|spe|2\n|-start|p2a: Celesteela|Autotomize\n|\n|upkeep\n|turn|10\n|\n|t:|1666512647\n|move|p2a: Celesteela|Air Slash|p1a: Nidoking\n|-damage|p1a: Nidoking|45\/100\n|move|p1a: Nidoking|Flamethrower|p2a: Celesteela\n|-supereffective|p2a: Celesteela\n|-damage|p2a: Celesteela|14\/100\n|\n|upkeep\n|turn|11\n|\n|t:|1666512658\n|switch|p1a: Blissey|Blissey, F|100\/100\n|move|p2a: Celesteela|Meteor Beam||[still]\n|-prepare|p2a: Celesteela|Meteor Beam\n|-boost|p2a: Celesteela|spa|1\n|-enditem|p2a: Celesteela|Power Herb\n|-anim|p2a: Celesteela|Meteor Beam|p1a: Blissey\n|-damage|p1a: Blissey|77\/100\n|\n|-fieldend|move: Psychic Terrain\n|upkeep\n|turn|12\n|\n|t:|1666512666\n|move|p2a: Celesteela|Air Slash|p1a: Blissey\n|-crit|p1a: Blissey\n|-damage|p1a: Blissey|47\/100\n|cant|p1a: Blissey|flinch\n|\n|upkeep\n|turn|13\n|\n|t:|1666512670\n|move|p2a: Celesteela|Air Slash|p1a: Blissey\n|-damage|p1a: Blissey|25\/100\n|move|p1a: Blissey|Soft-Boiled|p1a: Blissey\n|-heal|p1a: Blissey|75\/100\n|\n|upkeep\n|turn|14\n|\n|t:|1666512674\n|move|p2a: Celesteela|Air Slash|p1a: Blissey\n|-damage|p1a: Blissey|54\/100\n|move|p1a: Blissey|Soft-Boiled|p1a: Blissey\n|-heal|p1a: Blissey|100\/100\n|\n|upkeep\n|turn|15\n|\n|t:|1666512677\n|move|p2a: Celesteela|Meteor Beam||[still]\n|-prepare|p2a: Celesteela|Meteor Beam\n|-boost|p2a: Celesteela|spa|1\n|move|p1a: Blissey|Seismic Toss|p2a: Celesteela\n|-damage|p2a: Celesteela|0 fnt\n|faint|p2a: Celesteela\n|\n|upkeep\n|\n|t:|1666512679\n|switch|p2a: Dragapult|Dragapult, F|100\/100\n|turn|16\n|\n|t:|1666512682\n|move|p2a: Dragapult|Substitute|p2a: Dragapult\n|-start|p2a: Dragapult|Substitute\n|-damage|p2a: Dragapult|76\/100\n|move|p1a: Blissey|Thunder Wave||[still]\n|-fail|p1a: Blissey\n|\n|-heal|p2a: Dragapult|82\/100|[from] item: Leftovers\n|upkeep\n|turn|17\n|\n|t:|1666512687\n|switch|p1a: Tapu Lele|Tapu Lele|100\/100\n|-fieldstart|move: Psychic Terrain|[from] ability: Psychic Surge|[of] p1a: Tapu Lele\n|move|p2a: Dragapult|Dragon Dance|p2a: Dragapult\n|-boost|p2a: Dragapult|atk|1\n|-boost|p2a: Dragapult|spe|1\n|\n|-heal|p2a: Dragapult|88\/100|[from] item: Leftovers\n|upkeep\n|turn|18\n|\n|t:|1666512691\n|move|p2a: Dragapult|Phantom Force||[still]\n|-prepare|p2a: Dragapult|Phantom Force\n|move|p1a: Tapu Lele|Moonblast|p2a: Dragapult|[miss]\n|-miss|p1a: Tapu Lele|p2a: Dragapult\n|\n|-heal|p2a: Dragapult|94\/100|[from] item: Leftovers\n|upkeep\n|turn|19\n|\n|t:|1666512695\n|switch|p1a: Blissey|Blissey, F|100\/100\n|move|p2a: Dragapult|Phantom Force|p1a: Blissey|[from]lockedmove\n|-immune|p1a: Blissey\n|\n|-heal|p2a: Dragapult|99\/100|[from] item: Leftovers\n|upkeep\n|turn|20\n|\n|t:|1666512698\n|switch|p1a: Landorus|Landorus-Therian, M|100\/100\n|-ability|p1a: Landorus|Intimidate|boost\n|-immune|p2a: Dragapult\n|move|p2a: Dragapult|Dragon Dance|p2a: Dragapult\n|-boost|p2a: Dragapult|atk|1\n|-boost|p2a: Dragapult|spe|1\n|\n|-heal|p2a: Dragapult|100\/100|[from] item: Leftovers\n|upkeep\n|turn|21\n|\n|t:|1666512702\n|move|p2a: Dragapult|Dragon Darts|p1a: Landorus\n|-damage|p1a: Landorus|65\/100\n|-anim|p2a: Dragapult|Dragon Darts|p1a: Landorus\n|-damage|p1a: Landorus|28\/100\n|move|p1a: Landorus|Knock Off|p2a: Dragapult\n|-supereffective|p2a: Dragapult\n|-end|p2a: Dragapult|Substitute\n|\n|-fieldend|move: Psychic Terrain\n|upkeep\n|turn|22\n|\n|t:|1666512707\n|move|p2a: Dragapult|Dragon Darts|p1a: Landorus\n|-damage|p1a: Landorus|0 fnt\n|faint|p1a: Landorus\n|\n|upkeep\n|\n|t:|1666512711\n|switch|p1a: Urshifu|Urshifu-Rapid-Strike, F|59\/100\n|turn|23\n|\n|t:|1666512716\n|move|p2a: Dragapult|Dragon Darts|p1a: Urshifu\n|-damage|p1a: Urshifu|3\/100\n|-anim|p2a: Dragapult|Dragon Darts|p1a: Urshifu\n|-damage|p1a: Urshifu|0 fnt\n|faint|p1a: Urshifu\n|\n|upkeep\n|\n|t:|1666512719\n|switch|p1a: Tapu Lele|Tapu Lele|100\/100\n|-fieldstart|move: Psychic Terrain|[from] ability: Psychic Surge|[of] p1a: Tapu Lele\n|turn|24\n|\n|t:|1666512724\n|move|p2a: Dragapult|Phantom Force||[still]\n|-prepare|p2a: Dragapult|Phantom Force\n|move|p1a: Tapu Lele|Moonblast|p2a: Dragapult|[miss]\n|-miss|p1a: Tapu Lele|p2a: Dragapult\n|\n|upkeep\n|turn|25\n|\n|t:|1666512726\n|move|p2a: Dragapult|Phantom Force|p1a: Tapu Lele|[from]lockedmove\n|-supereffective|p1a: Tapu Lele\n|-damage|p1a: Tapu Lele|0 fnt\n|faint|p1a: Tapu Lele\n|\n|upkeep\n|-message|x19990908 forfeited.\n|\n|win|HQSNonsense\n|raw|x19990908's rating: 1712 &rarr; <strong>1687<\/strong><br \/>(-25 for losing)\n|raw|HQSNonsense's rating: 1620 &rarr; <strong>1645<\/strong><br \/>(+25 for winning)\n|l|\u2606x19990908\n","uploadtime":1666512737,"views":14,"p1id":"x19990908","p2id":"hqsnonsense","formatid":"gen8ou","rating":1645,"private":0,"password":null}