{"id":"gen8ou-1650343569","p1":"PedroGreg","p2":"Dlinknotgood","format":"gen8ou","log":"|j|\u2606PedroGreg\n|j|\u2606Dlinknotgood\n|t:|1661703983\n|gametype|singles\n|player|p1|PedroGreg|#wcop2022brazil|\n|player|p2|Dlinknotgood|giovanni|\n|teamsize|p1|6\n|teamsize|p2|6\n|gen|8\n|tier|[Gen 8] OU\n|rule|Sleep Clause Mod: Limit one foe put to sleep\n|rule|Species Clause: Limit one of each Pok\u00e9mon\n|rule|OHKO Clause: OHKO moves are banned\n|rule|Evasion Items Clause: Evasion items are banned\n|rule|Evasion Moves Clause: Evasion moves are banned\n|rule|Endless Battle Clause: Forcing endless battles is banned\n|rule|HP Percentage Mod: HP is shown in percentages\n|rule|Dynamax Clause: You cannot dynamax\n|clearpoke\n|poke|p1|Tapu Koko|\n|poke|p1|Garchomp, F|\n|poke|p1|Tornadus-Therian, M|\n|poke|p1|Urshifu-*, F|\n|poke|p1|Blissey, F|\n|poke|p1|Melmetal|\n|poke|p2|Nihilego|\n|poke|p2|Zapdos-Galar|\n|poke|p2|Kartana|\n|poke|p2|Celesteela|\n|poke|p2|Garchomp, M|\n|poke|p2|Slowking-Galar, F|\n|teampreview\n|inactive|Battle timer is ON: inactive players will automatically lose when time's up. (requested by PedroGreg)\n|c|\u2606Dlinknotgood|boa sorte\n|c|\u2606PedroGreg|hf\n|\n|t:|1661704004\n|start\n|switch|p1a: Tornadus|Tornadus-Therian, M|100\/100\n|switch|p2a: Zapdos|Zapdos-Galar|100\/100\n|turn|1\n|\n|t:|1661704012\n|switch|p2a: Slowking|Slowking-Galar, F|100\/100\n|move|p1a: Tornadus|Knock Off|p2a: Slowking\n|-supereffective|p2a: Slowking\n|-damage|p2a: Slowking|55\/100\n|-enditem|p2a: Slowking|Assault Vest|[from] move: Knock Off|[of] p1a: Tornadus\n|\n|upkeep\n|turn|2\n|\n|t:|1661704019\n|move|p1a: Tornadus|U-turn|p2a: Slowking\n|-damage|p2a: Slowking|41\/100\n|\n|t:|1661704022\n|switch|p1a: Melmetal|Melmetal|100\/100|[from]move: U-turn\n|move|p2a: Slowking|Sludge Bomb|p1a: Melmetal\n|-immune|p1a: Melmetal\n|\n|upkeep\n|turn|3\n|\n|t:|1661704026\n|switch|p2a: Garchomp|Garchomp, M|100\/100\n|move|p1a: Melmetal|Double Iron Bash|p2a: Garchomp\n|-damage|p2a: Garchomp|66\/100\n|-damage|p1a: Melmetal|88\/100|[from] ability: Rough Skin|[of] p2a: Garchomp\n|-damage|p1a: Melmetal|72\/100|[from] item: Rocky Helmet|[of] p2a: Garchomp\n|-damage|p2a: Garchomp|27\/100\n|-damage|p1a: Melmetal|59\/100|[from] ability: Rough Skin|[of] p2a: Garchomp\n|-damage|p1a: Melmetal|43\/100|[from] item: Rocky Helmet|[of] p2a: Garchomp\n|-hitcount|p2a: Garchomp|2\n|\n|-heal|p1a: Melmetal|49\/100|[from] item: Leftovers\n|upkeep\n|turn|4\n|\n|t:|1661704033\n|move|p2a: Garchomp|Stealth Rock|p1a: Melmetal\n|-sidestart|p1: PedroGreg|move: Stealth Rock\n|move|p1a: Melmetal|Earthquake|p2a: Garchomp\n|-damage|p2a: Garchomp|0 fnt\n|faint|p2a: Garchomp\n|\n|-heal|p1a: Melmetal|55\/100|[from] item: Leftovers\n|upkeep\n|\n|t:|1661704039\n|switch|p2a: Zapdos|Zapdos-Galar|100\/100\n|turn|5\n|\n|t:|1661704041\n|move|p1a: Melmetal|Protect|p1a: Melmetal\n|-singleturn|p1a: Melmetal|Protect\n|move|p2a: Zapdos|Thunderous Kick|p1a: Melmetal\n|-activate|p1a: Melmetal|move: Protect\n|\n|-heal|p1a: Melmetal|61\/100|[from] item: Leftovers\n|upkeep\n|turn|6\n|\n|t:|1661704048\n|move|p2a: Zapdos|Thunderous Kick|p1a: Melmetal\n|-supereffective|p1a: Melmetal\n|-damage|p1a: Melmetal|0 fnt\n|faint|p1a: Melmetal\n|\n|upkeep\n|\n|t:|1661704051\n|switch|p1a: Tornadus|Tornadus-Therian, M|100\/100\n|turn|7\n|\n|t:|1661704055\n|move|p1a: Tornadus|Hurricane|p2a: Zapdos|[miss]\n|-miss|p1a: Tornadus|p2a: Zapdos\n|move|p2a: Zapdos|Thunderous Kick|p1a: Tornadus\n|-resisted|p1a: Tornadus\n|-damage|p1a: Tornadus|61\/100\n|-unboost|p1a: Tornadus|def|1\n|\n|upkeep\n|turn|8\n|\n|t:|1661704061\n|switch|p2a: Celesteela|Celesteela|100\/100\n|move|p1a: Tornadus|Defog|p2a: Celesteela\n|-unboost|p2a: Celesteela|evasion|1\n|-sideend|p1: PedroGreg|Stealth Rock|[from] move: Defog|[of] p1a: Tornadus\n|\n|upkeep\n|turn|9\n|\n|t:|1661704065\n|move|p1a: Tornadus|U-turn|p2a: Celesteela\n|-resisted|p2a: Celesteela\n|-damage|p2a: Celesteela|97\/100\n|\n|t:|1661704069\n|switch|p1a: Blissey|Blissey, F|100\/100|[from]move: U-turn\n|move|p2a: Celesteela|Autotomize|p2a: Celesteela\n|-boost|p2a: Celesteela|spe|2\n|-start|p2a: Celesteela|Autotomize\n|\n|upkeep\n|turn|10\n|\n|t:|1661704073\n|switch|p2a: Zapdos|Zapdos-Galar|100\/100\n|move|p1a: Blissey|Seismic Toss|p2a: Zapdos\n|-damage|p2a: Zapdos|69\/100\n|\n|upkeep\n|turn|11\n|\n|t:|1661704080\n|switch|p1a: Tornadus|Tornadus-Therian, M|94\/100\n|move|p2a: Zapdos|Brave Bird|p1a: Tornadus\n|-damage|p1a: Tornadus|0 fnt\n|faint|p1a: Tornadus\n|-damage|p2a: Zapdos|35\/100|[from] Recoil\n|\n|upkeep\n|\n|t:|1661704083\n|switch|p1a: Tapu Koko|Tapu Koko|100\/100\n|-fieldstart|move: Electric Terrain|[from] ability: Electric Surge|[of] p1a: Tapu Koko\n|turn|12\n|\n|t:|1661704085\n|switch|p2a: Slowking|Slowking-Galar, F|74\/100\n|move|p1a: Tapu Koko|Volt Switch|p2a: Slowking\n|-damage|p2a: Slowking|39\/100\n|\n|t:|1661704090\n|switch|p1a: Garchomp|Garchomp, F|100\/100|[from]move: Volt Switch\n|\n|upkeep\n|turn|13\n|\n|t:|1661704098\n|move|p1a: Garchomp|Earthquake|p2a: Slowking\n|-supereffective|p2a: Slowking\n|-damage|p2a: Slowking|0 fnt\n|faint|p2a: Slowking\n|-damage|p1a: Garchomp|91\/100|[from] item: Life Orb\n|\n|upkeep\n|\n|t:|1661704107\n|switch|p2a: Celesteela|Celesteela|97\/100\n|turn|14\n|\n|t:|1661704111\n|move|p1a: Garchomp|Fire Blast|p2a: Celesteela\n|-supereffective|p2a: Celesteela\n|-damage|p2a: Celesteela|19\/100\n|-damage|p1a: Garchomp|81\/100|[from] item: Life Orb\n|move|p2a: Celesteela|Meteor Beam||[still]\n|-prepare|p2a: Celesteela|Meteor Beam\n|-boost|p2a: Celesteela|spa|1\n|-enditem|p2a: Celesteela|Power Herb\n|-anim|p2a: Celesteela|Meteor Beam|p1a: Garchomp\n|-resisted|p1a: Garchomp\n|-damage|p1a: Garchomp|50\/100\n|\n|upkeep\n|turn|15\n|\n|t:|1661704126\n|move|p1a: Garchomp|Stealth Rock|p2a: Celesteela\n|-sidestart|p2: Dlinknotgood|move: Stealth Rock\n|move|p2a: Celesteela|Air Slash|p1a: Garchomp\n|-damage|p1a: Garchomp|0 fnt\n|faint|p1a: Garchomp\n|-ability|p2a: Celesteela|Beast Boost|boost\n|-boost|p2a: Celesteela|spa|1\n|\n|upkeep\n|\n|t:|1661704136\n|switch|p1a: Tapu Koko|Tapu Koko|100\/100\n|turn|16\n|\n|t:|1661704139\n|move|p1a: Tapu Koko|Thunderbolt|p2a: Celesteela\n|-supereffective|p2a: Celesteela\n|-damage|p2a: Celesteela|0 fnt\n|faint|p2a: Celesteela\n|\n|-fieldend|move: Electric Terrain\n|upkeep\n|inactive|Dlinknotgood has 270 seconds left.\n|\n|t:|1661704189\n|switch|p2a: Kartana|Kartana|100\/100\n|-damage|p2a: Kartana|94\/100|[from] Stealth Rock\n|turn|17\n|\n|t:|1661704191\n|move|p2a: Kartana|Leaf Blade|p1a: Tapu Koko\n|-damage|p1a: Tapu Koko|13\/100\n|move|p1a: Tapu Koko|Thunderbolt|p2a: Kartana\n|-resisted|p2a: Kartana\n|-damage|p2a: Kartana|1\/100\n|\n|upkeep\n|turn|18\n|\n|t:|1661704202\n|move|p2a: Kartana|Leaf Blade|p1a: Tapu Koko\n|-damage|p1a: Tapu Koko|0 fnt\n|faint|p1a: Tapu Koko\n|-ability|p2a: Kartana|Beast Boost|boost\n|-boost|p2a: Kartana|atk|1\n|\n|upkeep\n|\n|t:|1661704207\n|switch|p1a: Urshifu|Urshifu-Rapid-Strike, F|100\/100\n|turn|19\n|\n|t:|1661704211\n|move|p1a: Urshifu|Aqua Jet|p2a: Kartana\n|-resisted|p2a: Kartana\n|-damage|p2a: Kartana|0 fnt\n|faint|p2a: Kartana\n|\n|upkeep\n|\n|t:|1661704218\n|switch|p2a: Nihilego|Nihilego|100\/100\n|-damage|p2a: Nihilego|88\/100|[from] Stealth Rock\n|turn|20\n|inactive|PedroGreg has 270 seconds left.\n|\n|t:|1661704276\n|switch|p2a: Zapdos|Zapdos-Galar|35\/100\n|-damage|p2a: Zapdos|22\/100|[from] Stealth Rock\n|switch|p1a: Blissey|Blissey, F|100\/100\n|\n|upkeep\n|turn|21\n|\n|t:|1661704283\n|move|p2a: Zapdos|Thunderous Kick|p1a: Blissey\n|-supereffective|p1a: Blissey\n|-damage|p1a: Blissey|0 fnt\n|faint|p1a: Blissey\n|\n|upkeep\n|\n|t:|1661704285\n|switch|p1a: Urshifu|Urshifu-Rapid-Strike, F|100\/100\n|turn|22\n|\n|t:|1661704288\n|move|p1a: Urshifu|Aqua Jet|p2a: Zapdos\n|-damage|p2a: Zapdos|0 fnt\n|faint|p2a: Zapdos\n|\n|upkeep\n|\n|t:|1661704290\n|switch|p2a: Nihilego|Nihilego|88\/100\n|-damage|p2a: Nihilego|76\/100|[from] Stealth Rock\n|turn|23\n|\n|t:|1661704294\n|move|p1a: Urshifu|Aqua Jet|p2a: Nihilego\n|-supereffective|p2a: Nihilego\n|-damage|p2a: Nihilego|17\/100\n|move|p2a: Nihilego|Grass Knot|p1a: Urshifu\n|-supereffective|p1a: Urshifu\n|-damage|p1a: Urshifu|0 fnt\n|faint|p1a: Urshifu\n|\n|win|Dlinknotgood\n|c|\u2606PedroGreg|gg\n|l|\u2606PedroGreg\n|c|\u2606Dlinknotgood|gg\n","uploadtime":1661704304,"views":40,"p1id":"pedrogreg","p2id":"dlinknotgood","formatid":"gen8ou","rating":0,"private":0,"password":null}