{"id":"gen8ou-1487605681","p1":"Corumba","p2":"LT71LX Allistair","format":"gen8ou","log":"|j|\u2606Corumba\n|j|\u2606LT71LX Allistair\n|t:|1641640215\n|gametype|singles\n|player|p1|Corumba|1|1762\n|player|p2|LT71LX Allistair|1|1805\n|teamsize|p1|6\n|teamsize|p2|6\n|gen|8\n|tier|[Gen 8] OU\n|rated|\n|rule|Sleep Clause Mod: Limit one foe put to sleep\n|rule|Species Clause: Limit one of each Pok\u00e9mon\n|rule|OHKO Clause: OHKO moves are banned\n|rule|Evasion Moves Clause: Evasion moves are banned\n|rule|Endless Battle Clause: Forcing endless battles is banned\n|rule|HP Percentage Mod: HP is shown in percentages\n|rule|Dynamax Clause: You cannot dynamax\n|clearpoke\n|poke|p1|Dragapult, M|\n|poke|p1|Dragonite, F|\n|poke|p1|Celesteela|\n|poke|p1|Melmetal|\n|poke|p1|Mamoswine, M|\n|poke|p1|Ferrothorn, M|\n|poke|p2|Mew|\n|poke|p2|Tapu Fini|\n|poke|p2|Slurpuff, F|\n|poke|p2|Heatran, M|\n|poke|p2|Jirachi|\n|poke|p2|Weavile, M|\n|teampreview\n|\n|t:|1641640233\n|start\n|switch|p1a: Mamoswine|Mamoswine, M|100\/100\n|switch|p2a: Slurpuff|Slurpuff, F|100\/100\n|turn|1\n|\n|t:|1641640252\n|move|p1a: Mamoswine|Stealth Rock|p2a: Slurpuff\n|-sidestart|p2: LT71LX Allistair|move: Stealth Rock\n|move|p2a: Slurpuff|Sticky Web|p1a: Mamoswine\n|-sidestart|p1: Corumba|move: Sticky Web\n|\n|upkeep\n|turn|2\n|\n|t:|1641640257\n|move|p1a: Mamoswine|Icicle Crash|p2a: Slurpuff\n|-damage|p2a: Slurpuff|49\/100\n|move|p2a: Slurpuff|Yawn|p1a: Mamoswine\n|-start|p1a: Mamoswine|move: Yawn|[of] p2a: Slurpuff\n|\n|upkeep\n|turn|3\n|\n|t:|1641640270\n|switch|p1a: Ferrothorn|Ferrothorn, M|100\/100\n|-activate|p1a: Ferrothorn|move: Sticky Web\n|-unboost|p1a: Ferrothorn|spe|1\n|move|p2a: Slurpuff|Misty Explosion|p1a: Ferrothorn\n|-resisted|p1a: Ferrothorn\n|-damage|p1a: Ferrothorn|92\/100\n|faint|p2a: Slurpuff\n|\n|-heal|p1a: Ferrothorn|98\/100|[from] item: Leftovers\n|upkeep\n|\n|t:|1641640274\n|switch|p2a: Heatran|Heatran, M|100\/100\n|-damage|p2a: Heatran|88\/100|[from] Stealth Rock\n|turn|4\n|\n|t:|1641640278\n|switch|p1a: Dragonite|Dragonite, F|100\/100\n|move|p2a: Heatran|Will-O-Wisp|p1a: Dragonite\n|-status|p1a: Dragonite|brn\n|\n|-damage|p1a: Dragonite|94\/100 brn|[from] brn\n|upkeep\n|turn|5\n|\n|t:|1641640284\n|move|p2a: Heatran|Taunt|p1a: Dragonite\n|-start|p1a: Dragonite|move: Taunt\n|move|p1a: Dragonite|Earthquake|p2a: Heatran\n|-supereffective|p2a: Heatran\n|-damage|p2a: Heatran|44\/100\n|-enditem|p2a: Heatran|Eject Button\n|\n|t:|1641640289\n|switch|p2a: Mew|Mew|100\/100\n|-damage|p2a: Mew|88\/100|[from] Stealth Rock\n|\n|-damage|p1a: Dragonite|88\/100 brn|[from] brn\n|upkeep\n|turn|6\n|j| zttyt\n|\n|t:|1641640325\n|move|p2a: Mew|Cosmic Power|p2a: Mew\n|-boost|p2a: Mew|def|1\n|-boost|p2a: Mew|spd|1\n|move|p1a: Dragonite|Ice Beam|p2a: Mew\n|-damage|p2a: Mew|76\/100\n|\n|-damage|p1a: Dragonite|82\/100 brn|[from] brn\n|upkeep\n|turn|7\n|inactive|Battle timer is ON: inactive players will automatically lose when time's up. (requested by Corumba)\n|l| zttyt\n|\n|t:|1641640388\n|move|p2a: Mew|Cosmic Power|p2a: Mew\n|-boost|p2a: Mew|def|1\n|-boost|p2a: Mew|spd|1\n|move|p1a: Dragonite|Ice Beam|p2a: Mew\n|-damage|p2a: Mew|65\/100\n|\n|-damage|p1a: Dragonite|76\/100 brn|[from] brn\n|-end|p1a: Dragonite|move: Taunt\n|upkeep\n|turn|8\n|\n|t:|1641640392\n|move|p2a: Mew|Taunt|p1a: Dragonite\n|-start|p1a: Dragonite|move: Taunt\n|cant|p1a: Dragonite|move: Taunt|Thunder Wave\n|\n|-damage|p1a: Dragonite|69\/100 brn|[from] brn\n|upkeep\n|turn|9\n|j| RipReckful\n|\n|t:|1641640401\n|switch|p1a: Melmetal|Melmetal|100\/100\n|-activate|p1a: Melmetal|move: Sticky Web\n|-unboost|p1a: Melmetal|spe|1\n|move|p2a: Mew|Cosmic Power|p2a: Mew\n|-boost|p2a: Mew|def|1\n|-boost|p2a: Mew|spd|1\n|\n|upkeep\n|turn|10\n|\n|t:|1641640404\n|move|p2a: Mew|Taunt|p1a: Melmetal\n|-start|p1a: Melmetal|move: Taunt\n|cant|p1a: Melmetal|move: Taunt|Thunder Wave\n|\n|upkeep\n|turn|11\n|\n|t:|1641640406\n|move|p2a: Mew|Cosmic Power|p2a: Mew\n|-boost|p2a: Mew|def|1\n|-boost|p2a: Mew|spd|1\n|move|p1a: Melmetal|Double Iron Bash|p2a: Mew\n|-damage|p2a: Mew|53\/100\n|-damage|p2a: Mew|40\/100\n|-hitcount|p2a: Mew|2\n|\n|upkeep\n|turn|12\n|\n|t:|1641640409\n|move|p2a: Mew|Roost|p2a: Mew\n|-heal|p2a: Mew|91\/100\n|-singleturn|p2a: Mew|move: Roost\n|move|p1a: Melmetal|Thunder Punch|p2a: Mew\n|-damage|p2a: Mew|80\/100\n|\n|-end|p1a: Melmetal|move: Taunt\n|upkeep\n|turn|13\n|\n|t:|1641640414\n|move|p2a: Mew|Taunt|p1a: Melmetal\n|-start|p1a: Melmetal|move: Taunt\n|move|p1a: Melmetal|Thunder Punch|p2a: Mew\n|-damage|p2a: Mew|68\/100\n|\n|upkeep\n|turn|14\n|\n|t:|1641640416\n|move|p2a: Mew|Cosmic Power|p2a: Mew\n|-boost|p2a: Mew|def|1\n|-boost|p2a: Mew|spd|1\n|move|p1a: Melmetal|Thunder Punch|p2a: Mew\n|-damage|p2a: Mew|59\/100\n|\n|upkeep\n|turn|15\n|\n|t:|1641640419\n|move|p2a: Mew|Roost|p2a: Mew\n|-heal|p2a: Mew|100\/100\n|-singleturn|p2a: Mew|move: Roost\n|move|p1a: Melmetal|Thunder Punch|p2a: Mew\n|-damage|p2a: Mew|92\/100\n|-status|p2a: Mew|par\n|-activate|p2a: Mew|ability: Synchronize\n|-status|p1a: Melmetal|par\n|\n|-end|p1a: Melmetal|move: Taunt\n|upkeep\n|turn|16\n|\n|t:|1641640427\n|switch|p1a: Celesteela|Celesteela|100\/100\n|cant|p2a: Mew|par\n|\n|upkeep\n|turn|17\n|\n|t:|1641640431\n|move|p1a: Celesteela|Leech Seed|p2a: Mew\n|-start|p2a: Mew|move: Leech Seed\n|move|p2a: Mew|Taunt|p1a: Celesteela\n|-start|p1a: Celesteela|move: Taunt\n|\n|-damage|p2a: Mew|80\/100 par|[from] Leech Seed|[of] p1a: Celesteela\n|upkeep\n|turn|18\n|j|+iron\u2602water \u266b\n|\n|t:|1641640435\n|move|p1a: Celesteela|Meteor Beam||[still]\n|-prepare|p1a: Celesteela|Meteor Beam\n|-boost|p1a: Celesteela|spa|1\n|-enditem|p1a: Celesteela|Power Herb\n|-anim|p1a: Celesteela|Meteor Beam|p2a: Mew|[miss]\n|-miss|p1a: Celesteela|p2a: Mew\n|move|p2a: Mew|Stored Power|p1a: Celesteela\n|-resisted|p1a: Celesteela\n|-damage|p1a: Celesteela|65\/100\n|\n|-damage|p2a: Mew|67\/100 par|[from] Leech Seed|[of] p1a: Celesteela\n|-heal|p1a: Celesteela|78\/100|[silent]\n|upkeep\n|turn|19\n|\n|t:|1641640441\n|move|p1a: Celesteela|Air Slash|p2a: Mew\n|-damage|p2a: Mew|53\/100 par\n|move|p2a: Mew|Stored Power|p1a: Celesteela\n|-resisted|p1a: Celesteela\n|-damage|p1a: Celesteela|40\/100\n|\n|-damage|p2a: Mew|41\/100 par|[from] Leech Seed|[of] p1a: Celesteela\n|-heal|p1a: Celesteela|52\/100|[silent]\n|upkeep\n|turn|20\n|\n|t:|1641640445\n|move|p1a: Celesteela|Air Slash|p2a: Mew\n|-damage|p2a: Mew|28\/100 par\n|cant|p2a: Mew|par\n|\n|-damage|p2a: Mew|15\/100 par|[from] Leech Seed|[of] p1a: Celesteela\n|-heal|p1a: Celesteela|65\/100|[silent]\n|-end|p1a: Celesteela|move: Taunt\n|upkeep\n|turn|21\n|\n|t:|1641640450\n|move|p1a: Celesteela|Air Slash|p2a: Mew\n|-damage|p2a: Mew|1\/100 par\n|move|p2a: Mew|Roost|p2a: Mew\n|-heal|p2a: Mew|52\/100 par\n|-singleturn|p2a: Mew|move: Roost\n|\n|-damage|p2a: Mew|39\/100 par|[from] Leech Seed|[of] p1a: Celesteela\n|-heal|p1a: Celesteela|77\/100|[silent]\n|upkeep\n|turn|22\n|\n|t:|1641640453\n|move|p1a: Celesteela|Air Slash|p2a: Mew\n|-damage|p2a: Mew|26\/100 par\n|move|p2a: Mew|Stored Power|p1a: Celesteela\n|-resisted|p1a: Celesteela\n|-damage|p1a: Celesteela|37\/100\n|\n|-damage|p2a: Mew|13\/100 par|[from] Leech Seed|[of] p1a: Celesteela\n|-heal|p1a: Celesteela|50\/100|[silent]\n|upkeep\n|turn|23\n|\n|t:|1641640457\n|move|p1a: Celesteela|Air Slash|p2a: Mew\n|-damage|p2a: Mew|0 fnt\n|faint|p2a: Mew\n|-ability|p1a: Celesteela|Beast Boost|boost\n|-boost|p1a: Celesteela|spa|1\n|\n|upkeep\n|\n|t:|1641640460\n|switch|p2a: Weavile|Weavile, M|100\/100\n|-ability|p2a: Weavile|Pressure\n|turn|24\n|\n|t:|1641640471\n|switch|p1a: Melmetal|Melmetal|100\/100 par\n|-activate|p1a: Melmetal|move: Sticky Web\n|-unboost|p1a: Melmetal|spe|1\n|move|p2a: Weavile|Triple Axel|p1a: Melmetal\n|-resisted|p1a: Melmetal\n|-damage|p1a: Melmetal|98\/100 par\n|-resisted|p1a: Melmetal\n|-damage|p1a: Melmetal|91\/100 par\n|-resisted|p1a: Melmetal\n|-damage|p1a: Melmetal|81\/100 par\n|-hitcount|p1a: Melmetal|3\n|\n|upkeep\n|turn|25\n|\n|t:|1641640477\n|switch|p2a: Heatran|Heatran, M|44\/100\n|-damage|p2a: Heatran|31\/100|[from] Stealth Rock\n|move|p1a: Melmetal|Thunder Wave|p2a: Heatran\n|-status|p2a: Heatran|par\n|\n|upkeep\n|turn|26\n|j| YousuckIampro\n|\n|t:|1641640485\n|switch|p1a: Dragonite|Dragonite, F|69\/100 brn\n|cant|p2a: Heatran|par\n|\n|-damage|p1a: Dragonite|63\/100 brn|[from] brn\n|upkeep\n|turn|27\n|\n|t:|1641640491\n|move|p1a: Dragonite|Earthquake|p2a: Heatran\n|-supereffective|p2a: Heatran\n|-damage|p2a: Heatran|0 fnt\n|faint|p2a: Heatran\n|\n|-damage|p1a: Dragonite|57\/100 brn|[from] brn\n|upkeep\n|\n|t:|1641640501\n|switch|p2a: Tapu Fini|Tapu Fini|100\/100\n|-damage|p2a: Tapu Fini|88\/100|[from] Stealth Rock\n|-fieldstart|move: Misty Terrain|[from] ability: Misty Surge|[of] p2a: Tapu Fini\n|turn|28\n|\n|t:|1641640504\n|switch|p1a: Ferrothorn|Ferrothorn, M|98\/100\n|-activate|p1a: Ferrothorn|move: Sticky Web\n|-unboost|p1a: Ferrothorn|spe|1\n|move|p2a: Tapu Fini|Taunt|p1a: Ferrothorn\n|-start|p1a: Ferrothorn|move: Taunt\n|\n|-heal|p1a: Ferrothorn|100\/100|[from] item: Leftovers\n|upkeep\n|turn|29\n|\n|t:|1641640508\n|switch|p2a: Jirachi|Jirachi, shiny|100\/100\n|-damage|p2a: Jirachi|94\/100|[from] Stealth Rock\n|move|p1a: Ferrothorn|Iron Head|p2a: Jirachi\n|-resisted|p2a: Jirachi\n|-damage|p2a: Jirachi|83\/100\n|\n|upkeep\n|turn|30\n|\n|t:|1641640511\n|move|p2a: Jirachi|Cosmic Power|p2a: Jirachi\n|-boost|p2a: Jirachi|def|1\n|-boost|p2a: Jirachi|spd|1\n|move|p1a: Ferrothorn|Iron Head|p2a: Jirachi\n|-resisted|p2a: Jirachi\n|-damage|p2a: Jirachi|74\/100\n|\n|-end|p1a: Ferrothorn|move: Taunt\n|upkeep\n|turn|31\n|\n|t:|1641640517\n|move|p2a: Jirachi|Cosmic Power|p2a: Jirachi\n|-boost|p2a: Jirachi|def|1\n|-boost|p2a: Jirachi|spd|1\n|move|p1a: Ferrothorn|Leech Seed|p2a: Jirachi\n|-start|p2a: Jirachi|move: Leech Seed\n|\n|-damage|p2a: Jirachi|62\/100|[from] Leech Seed|[of] p1a: Ferrothorn\n|upkeep\n|turn|32\n|\n|t:|1641640521\n|move|p2a: Jirachi|Wish|p2a: Jirachi\n|move|p1a: Ferrothorn|Spikes|p2a: Jirachi\n|-sidestart|p2: LT71LX Allistair|Spikes\n|\n|-damage|p2a: Jirachi|50\/100|[from] Leech Seed|[of] p1a: Ferrothorn\n|-fieldend|Misty Terrain\n|upkeep\n|turn|33\n|\n|t:|1641640524\n|move|p2a: Jirachi|Cosmic Power|p2a: Jirachi\n|-boost|p2a: Jirachi|def|1\n|-boost|p2a: Jirachi|spd|1\n|move|p1a: Ferrothorn|Thunder Wave|p2a: Jirachi\n|-status|p2a: Jirachi|par\n|\n|-heal|p2a: Jirachi|99\/100 par|[from] move: Wish|[wisher] Jirachi\n|-damage|p2a: Jirachi|87\/100 par|[from] Leech Seed|[of] p1a: Ferrothorn\n|upkeep\n|turn|34\n|\n|t:|1641640534\n|move|p2a: Jirachi|Wish|p2a: Jirachi\n|move|p1a: Ferrothorn|Spikes|p2a: Jirachi\n|-sidestart|p2: LT71LX Allistair|Spikes\n|\n|-damage|p2a: Jirachi|75\/100 par|[from] Leech Seed|[of] p1a: Ferrothorn\n|upkeep\n|turn|35\n|\n|t:|1641640538\n|move|p2a: Jirachi|Cosmic Power|p2a: Jirachi\n|-boost|p2a: Jirachi|def|1\n|-boost|p2a: Jirachi|spd|1\n|move|p1a: Ferrothorn|Spikes|p2a: Jirachi\n|-sidestart|p2: LT71LX Allistair|Spikes\n|\n|-heal|p2a: Jirachi|100\/100 par|[from] move: Wish|[wisher] Jirachi\n|-damage|p2a: Jirachi|88\/100 par|[from] Leech Seed|[of] p1a: Ferrothorn\n|upkeep\n|turn|36\n|\n|t:|1641640541\n|move|p2a: Jirachi|Cosmic Power|p2a: Jirachi\n|-boost|p2a: Jirachi|def|1\n|-boost|p2a: Jirachi|spd|1\n|move|p1a: Ferrothorn|Iron Head|p2a: Jirachi\n|-resisted|p2a: Jirachi\n|-damage|p2a: Jirachi|85\/100 par\n|\n|-damage|p2a: Jirachi|72\/100 par|[from] Leech Seed|[of] p1a: Ferrothorn\n|upkeep\n|turn|37\n|\n|t:|1641640544\n|switch|p1a: Melmetal|Melmetal|81\/100 par\n|-activate|p1a: Melmetal|move: Sticky Web\n|-unboost|p1a: Melmetal|spe|1\n|cant|p2a: Jirachi|par\n|\n|-damage|p2a: Jirachi|60\/100 par|[from] Leech Seed|[of] p1a: Melmetal\n|-heal|p1a: Melmetal|91\/100 par|[silent]\n|upkeep\n|turn|38\n|\n|t:|1641640550\n|move|p2a: Jirachi|Wish|p2a: Jirachi\n|move|p1a: Melmetal|Double Iron Bash|p2a: Jirachi\n|-resisted|p2a: Jirachi\n|-damage|p2a: Jirachi|54\/100 par\n|-resisted|p2a: Jirachi\n|-damage|p2a: Jirachi|48\/100 par\n|-hitcount|p2a: Jirachi|2\n|\n|-damage|p2a: Jirachi|36\/100 par|[from] Leech Seed|[of] p1a: Melmetal\n|-heal|p1a: Melmetal|100\/100 par|[silent]\n|upkeep\n|turn|39\n|\n|t:|1641640555\n|move|p2a: Jirachi|Cosmic Power|p2a: Jirachi\n|-boost|p2a: Jirachi|def|1\n|-boost|p2a: Jirachi|spd|1\n|move|p1a: Melmetal|Thunder Punch|p2a: Jirachi\n|-damage|p2a: Jirachi|27\/100 par\n|\n|-heal|p2a: Jirachi|77\/100 par|[from] move: Wish|[wisher] Jirachi\n|-damage|p2a: Jirachi|64\/100 par|[from] Leech Seed|[of] p1a: Melmetal\n|upkeep\n|turn|40\n|\n|t:|1641640562\n|move|p2a: Jirachi|Wish|p2a: Jirachi\n|move|p1a: Melmetal|Thunder Punch|p2a: Jirachi\n|-damage|p2a: Jirachi|56\/100 par\n|\n|-damage|p2a: Jirachi|44\/100 par|[from] Leech Seed|[of] p1a: Melmetal\n|upkeep\n|turn|41\n|\n|t:|1641640569\n|move|p2a: Jirachi|Stored Power|p1a: Melmetal\n|-resisted|p1a: Melmetal\n|-damage|p1a: Melmetal|37\/100 par\n|cant|p1a: Melmetal|par\n|\n|-heal|p2a: Jirachi|94\/100 par|[from] move: Wish|[wisher] Jirachi\n|-damage|p2a: Jirachi|81\/100 par|[from] Leech Seed|[of] p1a: Melmetal\n|-heal|p1a: Melmetal|47\/100 par|[silent]\n|upkeep\n|turn|42\n|\n|t:|1641640577\n|switch|p1a: Ferrothorn|Ferrothorn, M|100\/100\n|-activate|p1a: Ferrothorn|move: Sticky Web\n|-unboost|p1a: Ferrothorn|spe|1\n|move|p2a: Jirachi|Wish|p2a: Jirachi\n|\n|-damage|p2a: Jirachi|69\/100 par|[from] Leech Seed|[of] p1a: Ferrothorn\n|upkeep\n|turn|43\n|\n|t:|1641640580\n|move|p2a: Jirachi|Stored Power|p1a: Ferrothorn\n|-resisted|p1a: Ferrothorn\n|-damage|p1a: Ferrothorn|69\/100\n|move|p1a: Ferrothorn|Iron Head|p2a: Jirachi\n|-resisted|p2a: Jirachi\n|-damage|p2a: Jirachi|66\/100 par\n|\n|-heal|p2a: Jirachi|100\/100 par|[from] move: Wish|[wisher] Jirachi\n|-heal|p1a: Ferrothorn|75\/100|[from] item: Leftovers\n|-damage|p2a: Jirachi|88\/100 par|[from] Leech Seed|[of] p1a: Ferrothorn\n|-heal|p1a: Ferrothorn|87\/100|[silent]\n|upkeep\n|turn|44\n|\n|t:|1641640585\n|move|p2a: Jirachi|Stored Power|p1a: Ferrothorn\n|-resisted|p1a: Ferrothorn\n|-damage|p1a: Ferrothorn|57\/100\n|move|p1a: Ferrothorn|Iron Head|p2a: Jirachi\n|-resisted|p2a: Jirachi\n|-damage|p2a: Jirachi|85\/100 par\n|\n|-heal|p1a: Ferrothorn|63\/100|[from] item: Leftovers\n|-damage|p2a: Jirachi|73\/100 par|[from] Leech Seed|[of] p1a: Ferrothorn\n|-heal|p1a: Ferrothorn|75\/100|[silent]\n|upkeep\n|turn|45\n|\n|t:|1641640589\n|cant|p2a: Jirachi|par\n|move|p1a: Ferrothorn|Iron Head|p2a: Jirachi\n|-resisted|p2a: Jirachi\n|-damage|p2a: Jirachi|70\/100 par\n|\n|-heal|p1a: Ferrothorn|81\/100|[from] item: Leftovers\n|-damage|p2a: Jirachi|58\/100 par|[from] Leech Seed|[of] p1a: Ferrothorn\n|-heal|p1a: Ferrothorn|93\/100|[silent]\n|upkeep\n|turn|46\n|\n|t:|1641640591\n|move|p2a: Jirachi|Wish|p2a: Jirachi\n|move|p1a: Ferrothorn|Iron Head|p2a: Jirachi\n|-resisted|p2a: Jirachi\n|-damage|p2a: Jirachi|55\/100 par\n|\n|-heal|p1a: Ferrothorn|99\/100|[from] item: Leftovers\n|-damage|p2a: Jirachi|42\/100 par|[from] Leech Seed|[of] p1a: Ferrothorn\n|-heal|p1a: Ferrothorn|100\/100|[silent]\n|upkeep\n|turn|47\n|\n|t:|1641640596\n|move|p2a: Jirachi|Stored Power|p1a: Ferrothorn\n|-resisted|p1a: Ferrothorn\n|-damage|p1a: Ferrothorn|66\/100\n|move|p1a: Ferrothorn|Iron Head|p2a: Jirachi\n|-resisted|p2a: Jirachi\n|-damage|p2a: Jirachi|40\/100 par\n|\n|-heal|p2a: Jirachi|89\/100 par|[from] move: Wish|[wisher] Jirachi\n|-heal|p1a: Ferrothorn|72\/100|[from] item: Leftovers\n|-damage|p2a: Jirachi|77\/100 par|[from] Leech Seed|[of] p1a: Ferrothorn\n|-heal|p1a: Ferrothorn|84\/100|[silent]\n|upkeep\n|turn|48\n|l| YousuckIampro\n|j| kujjdiokul\n|\n|t:|1641640602\n|move|p2a: Jirachi|Wish|p2a: Jirachi\n|move|p1a: Ferrothorn|Iron Head|p2a: Jirachi\n|-resisted|p2a: Jirachi\n|-damage|p2a: Jirachi|74\/100 par\n|\n|-heal|p1a: Ferrothorn|90\/100|[from] item: Leftovers\n|-damage|p2a: Jirachi|61\/100 par|[from] Leech Seed|[of] p1a: Ferrothorn\n|-heal|p1a: Ferrothorn|100\/100|[silent]\n|upkeep\n|turn|49\n|\n|t:|1641640606\n|move|p2a: Jirachi|Stored Power|p1a: Ferrothorn\n|-resisted|p1a: Ferrothorn\n|-damage|p1a: Ferrothorn|70\/100\n|move|p1a: Ferrothorn|Iron Head|p2a: Jirachi\n|-resisted|p2a: Jirachi\n|-damage|p2a: Jirachi|58\/100 par\n|\n|-heal|p2a: Jirachi|100\/100 par|[from] move: Wish|[wisher] Jirachi\n|-heal|p1a: Ferrothorn|76\/100|[from] item: Leftovers\n|-damage|p2a: Jirachi|88\/100 par|[from] Leech Seed|[of] p1a: Ferrothorn\n|-heal|p1a: Ferrothorn|88\/100|[silent]\n|upkeep\n|turn|50\n|\n|t:|1641640613\n|move|p2a: Jirachi|Stored Power|p1a: Ferrothorn\n|-resisted|p1a: Ferrothorn\n|-damage|p1a: Ferrothorn|58\/100\n|move|p1a: Ferrothorn|Iron Head|p2a: Jirachi\n|-resisted|p2a: Jirachi\n|-damage|p2a: Jirachi|85\/100 par\n|\n|-heal|p1a: Ferrothorn|64\/100|[from] item: Leftovers\n|-damage|p2a: Jirachi|73\/100 par|[from] Leech Seed|[of] p1a: Ferrothorn\n|-heal|p1a: Ferrothorn|76\/100|[silent]\n|upkeep\n|turn|51\n|\n|t:|1641640617\n|move|p2a: Jirachi|Stored Power|p1a: Ferrothorn\n|-resisted|p1a: Ferrothorn\n|-damage|p1a: Ferrothorn|44\/100\n|move|p1a: Ferrothorn|Iron Head|p2a: Jirachi\n|-resisted|p2a: Jirachi\n|-damage|p2a: Jirachi|70\/100 par\n|\n|-heal|p1a: Ferrothorn|50\/100|[from] item: Leftovers\n|-damage|p2a: Jirachi|57\/100 par|[from] Leech Seed|[of] p1a: Ferrothorn\n|-heal|p1a: Ferrothorn|62\/100|[silent]\n|upkeep\n|turn|52\n|l| kujjdiokul\n|\n|t:|1641640624\n|move|p2a: Jirachi|Stored Power|p1a: Ferrothorn\n|-resisted|p1a: Ferrothorn\n|-damage|p1a: Ferrothorn|30\/100\n|move|p1a: Ferrothorn|Iron Head|p2a: Jirachi\n|-resisted|p2a: Jirachi\n|-damage|p2a: Jirachi|54\/100 par\n|\n|-heal|p1a: Ferrothorn|36\/100|[from] item: Leftovers\n|-damage|p2a: Jirachi|42\/100 par|[from] Leech Seed|[of] p1a: Ferrothorn\n|-heal|p1a: Ferrothorn|48\/100|[silent]\n|upkeep\n|turn|53\n|\n|t:|1641640628\n|cant|p2a: Jirachi|par\n|move|p1a: Ferrothorn|Iron Head|p2a: Jirachi\n|-resisted|p2a: Jirachi\n|-damage|p2a: Jirachi|39\/100 par\n|\n|-heal|p1a: Ferrothorn|54\/100|[from] item: Leftovers\n|-damage|p2a: Jirachi|26\/100 par|[from] Leech Seed|[of] p1a: Ferrothorn\n|-heal|p1a: Ferrothorn|66\/100|[silent]\n|upkeep\n|turn|54\n|\n|t:|1641640632\n|move|p2a: Jirachi|Wish|p2a: Jirachi\n|move|p1a: Ferrothorn|Iron Head|p2a: Jirachi\n|-resisted|p2a: Jirachi\n|-damage|p2a: Jirachi|23\/100 par\n|\n|-heal|p1a: Ferrothorn|72\/100|[from] item: Leftovers\n|-damage|p2a: Jirachi|11\/100 par|[from] Leech Seed|[of] p1a: Ferrothorn\n|-heal|p1a: Ferrothorn|84\/100|[silent]\n|upkeep\n|turn|55\n|\n|t:|1641640639\n|move|p2a: Jirachi|Aura Sphere|p1a: Ferrothorn\n|-supereffective|p1a: Ferrothorn\n|-damage|p1a: Ferrothorn|56\/100\n|move|p1a: Ferrothorn|Iron Head|p2a: Jirachi\n|-resisted|p2a: Jirachi\n|-damage|p2a: Jirachi|8\/100 par\n|\n|-heal|p2a: Jirachi|58\/100 par|[from] move: Wish|[wisher] Jirachi\n|-heal|p1a: Ferrothorn|62\/100|[from] item: Leftovers\n|-damage|p2a: Jirachi|45\/100 par|[from] Leech Seed|[of] p1a: Ferrothorn\n|-heal|p1a: Ferrothorn|74\/100|[silent]\n|upkeep\n|turn|56\n|\n|t:|1641640645\n|move|p2a: Jirachi|Wish|p2a: Jirachi\n|move|p1a: Ferrothorn|Iron Head|p2a: Jirachi\n|-resisted|p2a: Jirachi\n|-damage|p2a: Jirachi|43\/100 par\n|\n|-heal|p1a: Ferrothorn|80\/100|[from] item: Leftovers\n|-damage|p2a: Jirachi|30\/100 par|[from] Leech Seed|[of] p1a: Ferrothorn\n|-heal|p1a: Ferrothorn|92\/100|[silent]\n|upkeep\n|turn|57\n|\n|t:|1641640654\n|move|p2a: Jirachi|Aura Sphere|p1a: Ferrothorn\n|-supereffective|p1a: Ferrothorn\n|-damage|p1a: Ferrothorn|64\/100\n|move|p1a: Ferrothorn|Iron Head|p2a: Jirachi\n|-resisted|p2a: Jirachi\n|-damage|p2a: Jirachi|27\/100 par\n|\n|-heal|p2a: Jirachi|77\/100 par|[from] move: Wish|[wisher] Jirachi\n|-heal|p1a: Ferrothorn|70\/100|[from] item: Leftovers\n|-damage|p2a: Jirachi|65\/100 par|[from] Leech Seed|[of] p1a: Ferrothorn\n|-heal|p1a: Ferrothorn|82\/100|[silent]\n|upkeep\n|turn|58\n|\n|t:|1641640661\n|cant|p2a: Jirachi|par\n|move|p1a: Ferrothorn|Leech Seed||[still]\n|-fail|p1a: Ferrothorn\n|\n|-heal|p1a: Ferrothorn|88\/100|[from] item: Leftovers\n|-damage|p2a: Jirachi|52\/100 par|[from] Leech Seed|[of] p1a: Ferrothorn\n|-heal|p1a: Ferrothorn|99\/100|[silent]\n|upkeep\n|turn|59\n|\n|t:|1641640665\n|move|p2a: Jirachi|Wish|p2a: Jirachi\n|move|p1a: Ferrothorn|Thunder Wave|p2a: Jirachi\n|-fail|p2a: Jirachi|par\n|\n|-heal|p1a: Ferrothorn|100\/100|[from] item: Leftovers\n|-damage|p2a: Jirachi|40\/100 par|[from] Leech Seed|[of] p1a: Ferrothorn\n|upkeep\n|turn|60\n|\n|t:|1641640668\n|move|p2a: Jirachi|Aura Sphere|p1a: Ferrothorn\n|-supereffective|p1a: Ferrothorn\n|-damage|p1a: Ferrothorn|75\/100\n|move|p1a: Ferrothorn|Thunder Wave|p2a: Jirachi\n|-fail|p2a: Jirachi|par\n|\n|-heal|p2a: Jirachi|90\/100 par|[from] move: Wish|[wisher] Jirachi\n|-heal|p1a: Ferrothorn|81\/100|[from] item: Leftovers\n|-damage|p2a: Jirachi|78\/100 par|[from] Leech Seed|[of] p1a: Ferrothorn\n|-heal|p1a: Ferrothorn|93\/100|[silent]\n|upkeep\n|turn|61\n|\n|t:|1641640673\n|move|p2a: Jirachi|Wish|p2a: Jirachi\n|move|p1a: Ferrothorn|Thunder Wave|p2a: Jirachi\n|-fail|p2a: Jirachi|par\n|\n|-heal|p1a: Ferrothorn|99\/100|[from] item: Leftovers\n|-damage|p2a: Jirachi|65\/100 par|[from] Leech Seed|[of] p1a: Ferrothorn\n|-heal|p1a: Ferrothorn|100\/100|[silent]\n|upkeep\n|turn|62\n|c|\u2606Corumba|fun game, eh\n|\n|t:|1641640681\n|cant|p2a: Jirachi|par\n|move|p1a: Ferrothorn|Thunder Wave|p2a: Jirachi\n|-fail|p2a: Jirachi|par\n|\n|-heal|p2a: Jirachi|100\/100 par|[from] move: Wish|[wisher] Jirachi\n|-damage|p2a: Jirachi|88\/100 par|[from] Leech Seed|[of] p1a: Ferrothorn\n|upkeep\n|turn|63\n|\n|t:|1641640687\n|move|p2a: Jirachi|Wish|p2a: Jirachi\n|move|p1a: Ferrothorn|Thunder Wave|p2a: Jirachi\n|-fail|p2a: Jirachi|par\n|\n|-damage|p2a: Jirachi|76\/100 par|[from] Leech Seed|[of] p1a: Ferrothorn\n|upkeep\n|turn|64\n|\n|t:|1641640689\n|move|p2a: Jirachi|Aura Sphere|p1a: Ferrothorn\n|-supereffective|p1a: Ferrothorn\n|-damage|p1a: Ferrothorn|74\/100\n|move|p1a: Ferrothorn|Thunder Wave|p2a: Jirachi\n|-fail|p2a: Jirachi|par\n|\n|-heal|p2a: Jirachi|100\/100 par|[from] move: Wish|[wisher] Jirachi\n|-heal|p1a: Ferrothorn|80\/100|[from] item: Leftovers\n|-damage|p2a: Jirachi|88\/100 par|[from] Leech Seed|[of] p1a: Ferrothorn\n|-heal|p1a: Ferrothorn|92\/100|[silent]\n|upkeep\n|turn|65\n|\n|t:|1641640696\n|cant|p2a: Jirachi|par\n|move|p1a: Ferrothorn|Thunder Wave|p2a: Jirachi\n|-fail|p2a: Jirachi|par\n|\n|-heal|p1a: Ferrothorn|98\/100|[from] item: Leftovers\n|-damage|p2a: Jirachi|76\/100 par|[from] Leech Seed|[of] p1a: Ferrothorn\n|-heal|p1a: Ferrothorn|100\/100|[silent]\n|upkeep\n|turn|66\n|\n|t:|1641640699\n|cant|p2a: Jirachi|par\n|move|p1a: Ferrothorn|Thunder Wave|p2a: Jirachi|[miss]\n|-miss|p1a: Ferrothorn|p2a: Jirachi\n|\n|-damage|p2a: Jirachi|64\/100 par|[from] Leech Seed|[of] p1a: Ferrothorn\n|upkeep\n|turn|67\n|\n|t:|1641640702\n|move|p2a: Jirachi|Aura Sphere|p1a: Ferrothorn\n|-supereffective|p1a: Ferrothorn\n|-damage|p1a: Ferrothorn|74\/100\n|move|p1a: Ferrothorn|Thunder Wave|p2a: Jirachi\n|-fail|p2a: Jirachi|par\n|\n|-heal|p1a: Ferrothorn|80\/100|[from] item: Leftovers\n|-damage|p2a: Jirachi|51\/100 par|[from] Leech Seed|[of] p1a: Ferrothorn\n|-heal|p1a: Ferrothorn|92\/100|[silent]\n|upkeep\n|turn|68\n|\n|t:|1641640709\n|move|p2a: Jirachi|Wish|p2a: Jirachi\n|move|p1a: Ferrothorn|Thunder Wave|p2a: Jirachi\n|-fail|p2a: Jirachi|par\n|\n|-heal|p1a: Ferrothorn|98\/100|[from] item: Leftovers\n|-damage|p2a: Jirachi|39\/100 par|[from] Leech Seed|[of] p1a: Ferrothorn\n|-heal|p1a: Ferrothorn|100\/100|[silent]\n|upkeep\n|turn|69\n|\n|t:|1641640713\n|switch|p2a: Tapu Fini|Tapu Fini|88\/100\n|-damage|p2a: Tapu Fini|76\/100|[from] Stealth Rock\n|-damage|p2a: Tapu Fini|51\/100|[from] Spikes\n|-fieldstart|move: Misty Terrain|[from] ability: Misty Surge|[of] p2a: Tapu Fini\n|move|p1a: Ferrothorn|Thunder Wave|p2a: Tapu Fini\n|-activate|p2a: Tapu Fini|move: Misty Terrain\n|\n|-heal|p2a: Tapu Fini|100\/100|[from] move: Wish|[wisher] Jirachi\n|upkeep\n|turn|70\n|\n|t:|1641640726\n|switch|p1a: Celesteela|Celesteela|50\/100\n|move|p2a: Tapu Fini|Taunt|p1a: Celesteela\n|-start|p1a: Celesteela|move: Taunt\n|\n|upkeep\n|turn|71\n|\n|t:|1641640735\n|switch|p1a: Ferrothorn|Ferrothorn, M|100\/100\n|-activate|p1a: Ferrothorn|move: Sticky Web\n|-unboost|p1a: Ferrothorn|spe|1\n|move|p2a: Tapu Fini|Calm Mind|p2a: Tapu Fini\n|-boost|p2a: Tapu Fini|spa|1\n|-boost|p2a: Tapu Fini|spd|1\n|\n|upkeep\n|turn|72\n|\n|t:|1641640737\n|move|p2a: Tapu Fini|Taunt|p1a: Ferrothorn\n|-start|p1a: Ferrothorn|move: Taunt\n|move|p1a: Ferrothorn|Iron Head|p2a: Tapu Fini\n|-damage|p2a: Tapu Fini|73\/100\n|\n|upkeep\n|turn|73\n|\n|t:|1641640749\n|switch|p2a: Jirachi|Jirachi, shiny|39\/100 par\n|-damage|p2a: Jirachi|33\/100 par|[from] Stealth Rock\n|-damage|p2a: Jirachi|8\/100 par|[from] Spikes\n|switch|p1a: Celesteela|Celesteela|50\/100\n|\n|-fieldend|Misty Terrain\n|upkeep\n|turn|74\n|\n|t:|1641640760\n|move|p1a: Celesteela|Air Slash|p2a: Jirachi\n|-resisted|p2a: Jirachi\n|-damage|p2a: Jirachi|0 fnt\n|faint|p2a: Jirachi\n|-ability|p1a: Celesteela|Beast Boost|boost\n|-boost|p1a: Celesteela|spa|1\n|\n|upkeep\n|\n|t:|1641640763\n|switch|p2a: Weavile|Weavile, M|100\/100\n|-ability|p2a: Weavile|Pressure\n|turn|75\n|\n|t:|1641640771\n|move|p2a: Weavile|Triple Axel|p1a: Celesteela\n|-damage|p1a: Celesteela|39\/100\n|-damage|p1a: Celesteela|18\/100\n|-damage|p1a: Celesteela|0 fnt\n|faint|p1a: Celesteela\n|-hitcount|p1: Celesteela|3\n|\n|upkeep\n|\n|t:|1641640782\n|switch|p1a: Mamoswine|Mamoswine, M|100\/100\n|turn|76\n|\n|t:|1641640786\n|move|p2a: Weavile|Knock Off|p1a: Mamoswine\n|-damage|p1a: Mamoswine|40\/100\n|-enditem|p1a: Mamoswine|Heavy-Duty Boots|[from] move: Knock Off|[of] p2a: Weavile\n|move|p1a: Mamoswine|Earthquake|p2a: Weavile\n|-damage|p2a: Weavile|0 fnt\n|faint|p2a: Weavile\n|\n|upkeep\n|\n|t:|1641640792\n|switch|p2a: Tapu Fini|Tapu Fini|73\/100\n|-damage|p2a: Tapu Fini|60\/100|[from] Stealth Rock\n|-damage|p2a: Tapu Fini|35\/100|[from] Spikes\n|-fieldstart|move: Misty Terrain|[from] ability: Misty Surge|[of] p2a: Tapu Fini\n|turn|77\n|-message|LT71LX Allistair forfeited.\n|\n|win|Corumba\n|raw|Corumba's rating: 1762 &rarr; <strong>1784<\/strong><br \/>(+22 for winning)\n|raw|LT71LX Allistair's rating: 1805 &rarr; <strong>1783<\/strong><br \/>(-22 for losing)\n|l|\u2606LT71LX Allistair\n|c|\u2606Corumba|phew\n|l|+iron\u2602water \u266b\n|l| RipReckful\n","uploadtime":1641640818,"views":64,"p1id":"corumba","p2id":"lt71lxallistair","formatid":"gen8ou","rating":1783,"private":0,"password":null}