{"id":"gen8ou-1670691126","p1":"playeraccount","p2":"ManImissMyBrain","format":"gen8ou","log":"|j|\u2606playeraccount\n|j|\u2606ManImissMyBrain\n|t:|1663860353\n|gametype|singles\n|player|p1|playeraccount|169|1401\n|player|p2|ManImissMyBrain|unknown|1397\n|teamsize|p1|6\n|teamsize|p2|6\n|gen|8\n|tier|[Gen 8] OU\n|rated|\n|rule|Sleep Clause Mod: Limit one foe put to sleep\n|rule|Species Clause: Limit one of each Pok\u00e9mon\n|rule|OHKO Clause: OHKO moves are banned\n|rule|Evasion Items Clause: Evasion items are banned\n|rule|Evasion Moves Clause: Evasion moves are banned\n|rule|Endless Battle Clause: Forcing endless battles is banned\n|rule|HP Percentage Mod: HP is shown in percentages\n|rule|Dynamax Clause: You cannot dynamax\n|clearpoke\n|poke|p1|Nidoqueen, F|\n|poke|p1|Slowbro, F|\n|poke|p1|Porygon2|\n|poke|p1|Tapu Fini|\n|poke|p1|Kartana|\n|poke|p1|Tornadus-Therian, M|\n|poke|p2|Tapu Lele|\n|poke|p2|Magnezone|\n|poke|p2|Slowking-Galar, M|\n|poke|p2|Dragapult, M|\n|poke|p2|Tyranitar, F|\n|poke|p2|Landorus-Therian, M|\n|teampreview\n|inactive|Battle timer is ON: inactive players will automatically lose when time's up. (requested by playeraccount)\n|\n|t:|1663860373\n|start\n|switch|p1a: Kartana|Kartana|100\/100\n|switch|p2a: Tapu Lele|Tapu Lele|100\/100\n|-fieldstart|move: Psychic Terrain|[from] ability: Psychic Surge|[of] p2a: Tapu Lele\n|turn|1\n|\n|t:|1663860402\n|switch|p2a: Landorus|Landorus-Therian, M|100\/100\n|-ability|p2a: Landorus|Intimidate|boost\n|-unboost|p1a: Kartana|atk|1\n|move|p1a: Kartana|Knock Off|p2a: Landorus\n|-damage|p2a: Landorus|71\/100\n|-enditem|p2a: Landorus|Leftovers|[from] move: Knock Off|[of] p1a: Kartana\n|\n|upkeep\n|turn|2\n|\n|t:|1663860414\n|switch|p1a: Tornadus|Tornadus-Therian, M|100\/100\n|move|p2a: Landorus|Earthquake|p1a: Tornadus\n|-immune|p1a: Tornadus\n|\n|upkeep\n|turn|3\n|\n|t:|1663860421\n|move|p1a: Tornadus|Knock Off|p2a: Landorus\n|-damage|p2a: Landorus|61\/100\n|move|p2a: Landorus|U-turn|p1a: Tornadus\n|-resisted|p1a: Tornadus\n|-damage|p1a: Tornadus|87\/100\n|\n|t:|1663860432\n|switch|p2a: Tyranitar|Tyranitar, F|100\/100|[from]move: U-turn\n|-weather|Sandstorm|[from] ability: Sand Stream|[of] p2a: Tyranitar\n|\n|-weather|Sandstorm|[upkeep]\n|-damage|p1a: Tornadus|81\/100|[from] Sandstorm\n|upkeep\n|turn|4\n|\n|t:|1663860442\n|move|p1a: Tornadus|U-turn|p2a: Tyranitar\n|-supereffective|p2a: Tyranitar\n|-damage|p2a: Tyranitar|78\/100\n|\n|t:|1663860450\n|switch|p1a: Slowbro|Slowbro, F, shiny|100\/100|[from]move: U-turn\n|move|p2a: Tyranitar|Stealth Rock|p1a: Slowbro\n|-sidestart|p1: playeraccount|move: Stealth Rock\n|\n|-weather|Sandstorm|[upkeep]\n|-damage|p1a: Slowbro|94\/100|[from] Sandstorm\n|-heal|p2a: Tyranitar|84\/100|[from] item: Leftovers\n|upkeep\n|turn|5\n|\n|t:|1663860460\n|switch|p2a: Slowking|Slowking-Galar, M, shiny|100\/100\n|move|p1a: Slowbro|Future Sight|p2a: Slowking\n|-start|p1a: Slowbro|move: Future Sight\n|\n|-weather|Sandstorm|[upkeep]\n|-damage|p1a: Slowbro|88\/100|[from] Sandstorm\n|-damage|p2a: Slowking|94\/100|[from] Sandstorm\n|-fieldend|move: Psychic Terrain\n|upkeep\n|turn|6\n|\n|t:|1663860467\n|move|p2a: Slowking|Future Sight|p1a: Slowbro\n|-start|p2a: Slowking|move: Future Sight\n|move|p1a: Slowbro|Teleport|p1a: Slowbro\n|\n|t:|1663860470\n|switch|p1a: Kartana|Kartana|100\/100|[from]move: Teleport\n|-damage|p1a: Kartana|94\/100|[from] Stealth Rock\n|\n|-weather|Sandstorm|[upkeep]\n|-damage|p2a: Slowking|88\/100|[from] Sandstorm\n|upkeep\n|turn|7\n|\n|t:|1663860479\n|switch|p2a: Landorus|Landorus-Therian, M|61\/100\n|-ability|p2a: Landorus|Intimidate|boost\n|-unboost|p1a: Kartana|atk|1\n|move|p1a: Kartana|Knock Off|p2a: Landorus\n|-damage|p2a: Landorus|41\/100\n|\n|-weather|none\n|-end|p2a: Landorus|move: Future Sight\n|-damage|p2a: Landorus|0 fnt\n|faint|p2a: Landorus\n|upkeep\n|\n|t:|1663860494\n|switch|p2a: Magnezone|Magnezone, shiny|100\/100\n|turn|8\n|\n|t:|1663860504\n|move|p1a: Kartana|Knock Off|p2a: Magnezone\n|-damage|p2a: Magnezone|63\/100\n|-enditem|p2a: Magnezone|Leftovers|[from] move: Knock Off|[of] p1a: Kartana\n|move|p2a: Magnezone|Iron Defense|p2a: Magnezone\n|-boost|p2a: Magnezone|def|2\n|\n|-end|p1a: Kartana|move: Future Sight\n|-resisted|p1a: Kartana\n|-damage|p1a: Kartana|1\/100\n|upkeep\n|turn|9\n|\n|t:|1663860510\n|move|p1a: Kartana|Knock Off|p2a: Magnezone\n|-damage|p2a: Magnezone|52\/100\n|move|p2a: Magnezone|Iron Defense|p2a: Magnezone\n|-boost|p2a: Magnezone|def|2\n|\n|upkeep\n|turn|10\n|\n|t:|1663860522\n|move|p1a: Kartana|Knock Off|p2a: Magnezone\n|-damage|p2a: Magnezone|44\/100\n|move|p2a: Magnezone|Body Press|p1a: Kartana\n|-supereffective|p1a: Kartana\n|-damage|p1a: Kartana|0 fnt\n|faint|p1a: Kartana\n|\n|upkeep\n|\n|t:|1663860527\n|switch|p1a: Nidoqueen|Nidoqueen, F, shiny|100\/100\n|-damage|p1a: Nidoqueen|94\/100|[from] Stealth Rock\n|turn|11\n|\n|t:|1663860537\n|switch|p2a: Tyranitar|Tyranitar, F|84\/100\n|-weather|Sandstorm|[from] ability: Sand Stream|[of] p2a: Tyranitar\n|move|p1a: Nidoqueen|Earth Power|p2a: Tyranitar\n|-supereffective|p2a: Tyranitar\n|-damage|p2a: Tyranitar|42\/100\n|\n|-weather|Sandstorm|[upkeep]\n|-heal|p2a: Tyranitar|48\/100|[from] item: Leftovers\n|upkeep\n|turn|12\n|\n|t:|1663860547\n|move|p1a: Nidoqueen|Earth Power|p2a: Tyranitar\n|-supereffective|p2a: Tyranitar\n|-damage|p2a: Tyranitar|5\/100\n|move|p2a: Tyranitar|Earthquake|p1a: Nidoqueen\n|-supereffective|p1a: Nidoqueen\n|-damage|p1a: Nidoqueen|25\/100\n|\n|-weather|Sandstorm|[upkeep]\n|-heal|p2a: Tyranitar|11\/100|[from] item: Leftovers\n|upkeep\n|turn|13\n|\n|t:|1663860557\n|move|p1a: Nidoqueen|Earth Power|p2a: Tyranitar\n|-supereffective|p2a: Tyranitar\n|-damage|p2a: Tyranitar|0 fnt\n|faint|p2a: Tyranitar\n|\n|-weather|Sandstorm|[upkeep]\n|upkeep\n|\n|t:|1663860567\n|switch|p2a: Tapu Lele|Tapu Lele|100\/100\n|-fieldstart|move: Psychic Terrain|[from] ability: Psychic Surge|[of] p2a: Tapu Lele\n|turn|14\n|\n|t:|1663860577\n|switch|p1a: Slowbro|Slowbro, F, shiny|100\/100\n|-damage|p1a: Slowbro|88\/100|[from] Stealth Rock\n|move|p2a: Tapu Lele|Psyshock|p1a: Slowbro\n|-resisted|p1a: Slowbro\n|-damage|p1a: Slowbro|64\/100\n|\n|-weather|Sandstorm|[upkeep]\n|-damage|p2a: Tapu Lele|94\/100|[from] Sandstorm\n|-damage|p1a: Slowbro|58\/100|[from] Sandstorm\n|upkeep\n|turn|15\n|\n|t:|1663860586\n|switch|p2a: Slowking|Slowking-Galar, M, shiny|100\/100\n|move|p1a: Slowbro|Future Sight|p2a: Slowking\n|-start|p1a: Slowbro|move: Future Sight\n|\n|-weather|none\n|upkeep\n|turn|16\n|\n|t:|1663860595\n|move|p2a: Slowking|Sludge Bomb|p1a: Slowbro\n|-damage|p1a: Slowbro|11\/100\n|move|p1a: Slowbro|Teleport|p1a: Slowbro\n|\n|t:|1663860602\n|switch|p1a: Porygon2|Porygon2, shiny|100\/100|[from]move: Teleport\n|-damage|p1a: Porygon2|88\/100|[from] Stealth Rock\n|-ability|p1a: Porygon2|Regenerator|[from] ability: Trace|[of] p2a: Slowking\n|\n|upkeep\n|turn|17\n|\n|t:|1663860608\n|move|p1a: Porygon2|Tri Attack|p2a: Slowking\n|-damage|p2a: Slowking|85\/100\n|move|p2a: Slowking|Future Sight|p1a: Porygon2\n|-start|p2a: Slowking|move: Future Sight\n|\n|-end|p2a: Slowking|move: Future Sight\n|-damage|p2a: Slowking|55\/100\n|upkeep\n|turn|18\n|\n|t:|1663860615\n|move|p1a: Porygon2|Tri Attack|p2a: Slowking\n|-damage|p2a: Slowking|38\/100\n|-status|p2a: Slowking|frz\n|cant|p2a: Slowking|frz\n|\n|-fieldend|move: Psychic Terrain\n|upkeep\n|turn|19\n|\n|t:|1663860621\n|move|p1a: Porygon2|Tri Attack|p2a: Slowking\n|-damage|p2a: Slowking|24\/100 frz\n|cant|p2a: Slowking|frz\n|\n|-end|p1a: Porygon2|move: Future Sight\n|-damage|p1a: Porygon2|59\/100\n|upkeep\n|turn|20\n|\n|t:|1663860634\n|switch|p2a: Magnezone|Magnezone, shiny|44\/100\n|move|p1a: Porygon2|Tri Attack|p2a: Magnezone\n|-resisted|p2a: Magnezone\n|-crit|p2a: Magnezone\n|-damage|p2a: Magnezone|16\/100\n|\n|upkeep\n|turn|21\n|\n|t:|1663860645\n|switch|p1a: Slowbro|Slowbro, F, shiny|44\/100\n|-damage|p1a: Slowbro|32\/100|[from] Stealth Rock\n|move|p2a: Magnezone|Body Press|p1a: Slowbro\n|-resisted|p1a: Slowbro\n|-damage|p1a: Slowbro|23\/100\n|-damage|p2a: Magnezone|0 fnt|[from] item: Rocky Helmet|[of] p1a: Slowbro\n|faint|p2a: Magnezone\n|\n|upkeep\n|\n|t:|1663860653\n|switch|p2a: Tapu Lele|Tapu Lele|94\/100\n|-fieldstart|move: Psychic Terrain|[from] ability: Psychic Surge|[of] p2a: Tapu Lele\n|turn|22\n|\n|t:|1663860667\n|switch|p1a: Porygon2|Porygon2, shiny|92\/100\n|-damage|p1a: Porygon2|80\/100|[from] Stealth Rock\n|-ability|p1a: Porygon2|Psychic Surge|[from] ability: Trace|[of] p2a: Tapu Lele\n|move|p2a: Tapu Lele|Psyshock|p1a: Porygon2\n|-damage|p1a: Porygon2|26\/100\n|\n|upkeep\n|turn|23\n|\n|t:|1663860675\n|switch|p1a: Slowbro|Slowbro, F, shiny|56\/100\n|-damage|p1a: Slowbro|44\/100|[from] Stealth Rock\n|move|p2a: Tapu Lele|Psyshock|p1a: Slowbro\n|-resisted|p1a: Slowbro\n|-damage|p1a: Slowbro|18\/100\n|\n|upkeep\n|turn|24\n|\n|t:|1663860681\n|move|p2a: Tapu Lele|Psyshock|p1a: Slowbro\n|-resisted|p1a: Slowbro\n|-damage|p1a: Slowbro|0 fnt\n|faint|p1a: Slowbro\n|\n|upkeep\n|\n|t:|1663860687\n|switch|p1a: Porygon2|Porygon2, shiny|26\/100\n|-damage|p1a: Porygon2|14\/100|[from] Stealth Rock\n|-ability|p1a: Porygon2|Psychic Surge|[from] ability: Trace|[of] p2a: Tapu Lele\n|turn|25\n|\n|t:|1663860695\n|switch|p2a: Slowking|Slowking-Galar, M, shiny|57\/100 frz\n|move|p1a: Porygon2|Toxic|p2a: Slowking|[miss]\n|-miss|p1a: Porygon2|p2a: Slowking\n|\n|upkeep\n|turn|26\n|\n|t:|1663860701\n|move|p1a: Porygon2|Recover|p1a: Porygon2\n|-heal|p1a: Porygon2|64\/100\n|cant|p2a: Slowking|frz\n|\n|-fieldend|move: Psychic Terrain\n|upkeep\n|turn|27\n|\n|t:|1663860708\n|move|p1a: Porygon2|Recover|p1a: Porygon2\n|-heal|p1a: Porygon2|100\/100\n|cant|p2a: Slowking|frz\n|\n|upkeep\n|turn|28\n|\n|t:|1663860711\n|-curestatus|p2a: Slowking|frz|[msg]\n|move|p2a: Slowking|Future Sight|p1a: Porygon2\n|-start|p2a: Slowking|move: Future Sight\n|move|p1a: Porygon2|Teleport|p1a: Porygon2\n|\n|t:|1663860715\n|switch|p1a: Nidoqueen|Nidoqueen, F, shiny|25\/100|[from]move: Teleport\n|-damage|p1a: Nidoqueen|19\/100|[from] Stealth Rock\n|\n|upkeep\n|turn|29\n|\n|t:|1663860723\n|move|p1a: Nidoqueen|Earth Power|p2a: Slowking\n|-supereffective|p2a: Slowking\n|-damage|p2a: Slowking|1\/100\n|move|p2a: Slowking|Hydro Pump|p1a: Nidoqueen\n|-supereffective|p1a: Nidoqueen\n|-damage|p1a: Nidoqueen|0 fnt\n|faint|p1a: Nidoqueen\n|\n|upkeep\n|\n|t:|1663860730\n|switch|p1a: Tornadus|Tornadus-Therian, M|100\/100\n|turn|30\n|\n|t:|1663860755\n|switch|p2a: Tapu Lele|Tapu Lele|94\/100\n|-fieldstart|move: Psychic Terrain|[from] ability: Psychic Surge|[of] p2a: Tapu Lele\n|move|p1a: Tornadus|U-turn|p2a: Tapu Lele\n|-damage|p2a: Tapu Lele|73\/100\n|\n|t:|1663860761\n|switch|p1a: Porygon2|Porygon2, shiny|100\/100|[from]move: U-turn\n|-damage|p1a: Porygon2|88\/100|[from] Stealth Rock\n|-ability|p1a: Porygon2|Psychic Surge|[from] ability: Trace|[of] p2a: Tapu Lele\n|\n|-end|p1a: Porygon2|move: Future Sight\n|-damage|p1a: Porygon2|52\/100\n|upkeep\n|turn|31\n|\n|t:|1663860767\n|move|p2a: Tapu Lele|Psyshock|p1a: Porygon2\n|-damage|p1a: Porygon2|0 fnt\n|faint|p1a: Porygon2\n|\n|upkeep\n|\n|t:|1663860771\n|switch|p1a: Tornadus|Tornadus-Therian, M|100\/100\n|turn|32\n|\n|t:|1663860776\n|move|p1a: Tornadus|Knock Off|p2a: Tapu Lele\n|-crit|p2a: Tapu Lele\n|-damage|p2a: Tapu Lele|29\/100\n|-enditem|p2a: Tapu Lele|Choice Specs|[from] move: Knock Off|[of] p1a: Tornadus\n|move|p2a: Tapu Lele|Psyshock|p1a: Tornadus\n|-damage|p1a: Tornadus|35\/100\n|\n|upkeep\n|turn|33\n|\n|t:|1663860788\n|move|p1a: Tornadus|Knock Off|p2a: Tapu Lele\n|-damage|p2a: Tapu Lele|8\/100\n|move|p2a: Tapu Lele|Thunderbolt|p1a: Tornadus\n|-supereffective|p1a: Tornadus\n|-crit|p1a: Tornadus\n|-damage|p1a: Tornadus|0 fnt\n|faint|p1a: Tornadus\n|\n|upkeep\n|\n|t:|1663860792\n|switch|p1a: Tapu Fini|Tapu Fini|100\/100\n|-damage|p1a: Tapu Fini|88\/100|[from] Stealth Rock\n|-fieldstart|move: Misty Terrain|[from] ability: Misty Surge|[of] p1a: Tapu Fini\n|turn|34\n|\n|t:|1663860801\n|move|p1a: Tapu Fini|Moonblast|p2a: Tapu Lele\n|-damage|p2a: Tapu Lele|0 fnt\n|faint|p2a: Tapu Lele\n|\n|upkeep\n|\n|t:|1663860805\n|switch|p2a: Slowking|Slowking-Galar, M, shiny|34\/100\n|turn|35\n|\n|t:|1663860811\n|switch|p2a: Dragapult|Dragapult, M|100\/100\n|move|p1a: Tapu Fini|Moonblast|p2a: Dragapult\n|-supereffective|p2a: Dragapult\n|-damage|p2a: Dragapult|1\/100\n|\n|-heal|p2a: Dragapult|7\/100|[from] item: Leftovers\n|upkeep\n|turn|36\n|\n|t:|1663860818\n|move|p1a: Tapu Fini|Moonblast|p2a: Dragapult\n|-supereffective|p2a: Dragapult\n|-damage|p2a: Dragapult|0 fnt\n|faint|p2a: Dragapult\n|\n|upkeep\n|\n|t:|1663860821\n|switch|p2a: Slowking|Slowking-Galar, M, shiny|68\/100\n|turn|37\n|\n|t:|1663860825\n|move|p1a: Tapu Fini|Moonblast|p2a: Slowking\n|-resisted|p2a: Slowking\n|-damage|p2a: Slowking|58\/100\n|-unboost|p2a: Slowking|spa|1\n|move|p2a: Slowking|Sludge Bomb|p1a: Tapu Fini\n|-supereffective|p1a: Tapu Fini\n|-damage|p1a: Tapu Fini|32\/100\n|\n|upkeep\n|turn|38\n|\n|t:|1663860831\n|move|p1a: Tapu Fini|Moonblast|p2a: Slowking\n|-resisted|p2a: Slowking\n|-damage|p2a: Slowking|47\/100\n|move|p2a: Slowking|Sludge Bomb|p1a: Tapu Fini\n|-supereffective|p1a: Tapu Fini\n|-damage|p1a: Tapu Fini|0 fnt\n|faint|p1a: Tapu Fini\n|\n|win|ManImissMyBrain\n|raw|playeraccount's rating: 1401 &rarr; <strong>1381<\/strong><br \/>(-20 for losing)\n|raw|ManImissMyBrain's rating: 1397 &rarr; <strong>1417<\/strong><br \/>(+20 for winning)\n|l|\u2606playeraccount\n||Ladder isn't responding, score probably updated but might not have (Request timeout).\n","uploadtime":1663860848,"views":6,"p1id":"playeraccount","p2id":"manimissmybrain","formatid":"gen8ou","rating":1381,"private":0,"password":null}