{"id":"gen8ou-1676210503","p1":"Guest 5890168","p2":"64j3t3hrt3h","format":"gen8ou","log":"|j|\u203dGuest 5890168\n|j|\u260664j3t3hrt3h\n|t:|1664763449\n|gametype|singles\n|player|p1|Guest 5890168|170|1738\n|player|p2|64j3t3hrt3h|170|1788\n|teamsize|p1|6\n|teamsize|p2|6\n|gen|8\n|tier|[Gen 8] OU\n|rated|\n|rule|Sleep Clause Mod: Limit one foe put to sleep\n|rule|Species Clause: Limit one of each Pok\u00e9mon\n|rule|OHKO Clause: OHKO moves are banned\n|rule|Evasion Items Clause: Evasion items are banned\n|rule|Evasion Moves Clause: Evasion moves are banned\n|rule|Endless Battle Clause: Forcing endless battles is banned\n|rule|HP Percentage Mod: HP is shown in percentages\n|rule|Dynamax Clause: You cannot dynamax\n|clearpoke\n|poke|p1|Rotom-Wash|\n|poke|p1|Weavile, F|\n|poke|p1|Landorus-Therian, M|\n|poke|p1|Heatran, M|\n|poke|p1|Tangrowth, M|\n|poke|p1|Melmetal|\n|poke|p2|Buzzwole|\n|poke|p2|Landorus-Therian, M|\n|poke|p2|Magnezone|\n|poke|p2|Tyranitar, F|\n|poke|p2|Tapu Lele|\n|poke|p2|Toxapex, M|\n|teampreview\n|\n|t:|1664763452\n|start\n|switch|p1a: Melmetal|Melmetal|100\/100\n|switch|p2a: Tapu Lele|Tapu Lele, shiny|100\/100\n|-fieldstart|move: Psychic Terrain|[from] ability: Psychic Surge|[of] p2a: Tapu Lele\n|turn|1\n|inactive|Battle timer is ON: inactive players will automatically lose when time's up. (requested by Guest 5890168)\n|j| chillaccount95\n|\n|t:|1664763457\n|switch|p2a: Landorus|Landorus-Therian, M|100\/100\n|-ability|p2a: Landorus|Intimidate|boost\n|-unboost|p1a: Melmetal|atk|1\n|move|p1a: Melmetal|Ice Punch|p2a: Landorus\n|-supereffective|p2a: Landorus\n|-damage|p2a: Landorus|8\/100\n|\n|-heal|p2a: Landorus|14\/100|[from] item: Leftovers\n|upkeep\n|turn|2\n|\n|t:|1664763462\n|move|p2a: Landorus|U-turn|p1a: Melmetal\n|-resisted|p1a: Melmetal\n|-crit|p1a: Melmetal\n|-damage|p1a: Melmetal|91\/100\n|\n|t:|1664763466\n|switch|p2a: Magnezone|Magnezone|100\/100|[from]move: U-turn\n|move|p1a: Melmetal|Ice Punch|p2a: Magnezone\n|-resisted|p2a: Magnezone\n|-damage|p2a: Magnezone|93\/100\n|\n|-heal|p2a: Magnezone|99\/100|[from] item: Leftovers\n|upkeep\n|turn|3\n|\n|t:|1664763469\n|move|p2a: Magnezone|Magnet Rise|p2a: Magnezone\n|-start|p2a: Magnezone|Magnet Rise\n|move|p1a: Melmetal|Earthquake|p2a: Magnezone\n|-immune|p2a: Magnezone\n|\n|-heal|p2a: Magnezone|100\/100|[from] item: Leftovers\n|upkeep\n|turn|4\n|j| dungiman\n|\n|t:|1664763472\n|move|p2a: Magnezone|Iron Defense|p2a: Magnezone\n|-boost|p2a: Magnezone|def|2\n|move|p1a: Melmetal|Ice Punch|p2a: Magnezone\n|-resisted|p2a: Magnezone\n|-damage|p2a: Magnezone|97\/100\n|\n|-heal|p2a: Magnezone|100\/100|[from] item: Leftovers\n|upkeep\n|turn|5\n|\n|t:|1664763474\n|move|p2a: Magnezone|Iron Defense|p2a: Magnezone\n|-boost|p2a: Magnezone|def|2\n|move|p1a: Melmetal|Ice Punch|p2a: Magnezone\n|-resisted|p2a: Magnezone\n|-damage|p2a: Magnezone|98\/100\n|\n|-heal|p2a: Magnezone|100\/100|[from] item: Leftovers\n|-fieldend|move: Psychic Terrain\n|upkeep\n|turn|6\n|\n|t:|1664763476\n|move|p2a: Magnezone|Body Press|p1a: Melmetal\n|-supereffective|p1a: Melmetal\n|-damage|p1a: Melmetal|0 fnt\n|faint|p1a: Melmetal\n|\n|upkeep\n|\n|t:|1664763476\n|switch|p1a: Heatran|Heatran, M|100\/100\n|-item|p1a: Heatran|Air Balloon\n|turn|7\n|\n|t:|1664763478\n|move|p1a: Heatran|Magma Storm|p2a: Magnezone\n|-supereffective|p2a: Magnezone\n|-damage|p2a: Magnezone|0 fnt\n|faint|p2a: Magnezone\n|\n|upkeep\n|\n|t:|1664763481\n|switch|p2a: Tyranitar|Tyranitar, F|100\/100\n|-weather|Sandstorm|[from] ability: Sand Stream|[of] p2a: Tyranitar\n|turn|8\n|\n|t:|1664763483\n|switch|p1a: Tangrowth|Tangrowth, M|100\/100\n|move|p2a: Tyranitar|Rock Blast|p1a: Tangrowth\n|-crit|p1a: Tangrowth\n|-damage|p1a: Tangrowth|91\/100\n|-damage|p1a: Tangrowth|85\/100\n|-hitcount|p1a: Tangrowth|2\n|\n|-weather|Sandstorm|[upkeep]\n|-damage|p1a: Tangrowth|79\/100|[from] Sandstorm\n|upkeep\n|turn|9\n|\n|t:|1664763488\n|switch|p1a: Landorus|Landorus-Therian, M|100\/100\n|-ability|p1a: Landorus|Intimidate|boost\n|-unboost|p2a: Tyranitar|atk|1\n|move|p2a: Tyranitar|Thunder Wave|p1a: Landorus\n|-immune|p1a: Landorus\n|\n|-weather|Sandstorm|[upkeep]\n|upkeep\n|turn|10\n|\n|t:|1664763490\n|switch|p2a: Buzzwole|Buzzwole|100\/100\n|move|p1a: Landorus|Toxic|p2a: Buzzwole\n|-status|p2a: Buzzwole|tox\n|\n|-weather|Sandstorm|[upkeep]\n|-damage|p2a: Buzzwole|94\/100 tox|[from] Sandstorm\n|-damage|p2a: Buzzwole|88\/100 tox|[from] psn\n|upkeep\n|turn|11\n|\n|t:|1664763495\n|switch|p1a: Tangrowth|Tangrowth, M|100\/100\n|move|p2a: Buzzwole|Ice Punch|p1a: Tangrowth\n|-supereffective|p1a: Tangrowth\n|-damage|p1a: Tangrowth|70\/100\n|-damage|p2a: Buzzwole|71\/100 tox|[from] item: Rocky Helmet|[of] p1a: Tangrowth\n|\n|-weather|Sandstorm|[upkeep]\n|-damage|p2a: Buzzwole|65\/100 tox|[from] Sandstorm\n|-damage|p1a: Tangrowth|64\/100|[from] Sandstorm\n|-damage|p2a: Buzzwole|53\/100 tox|[from] psn\n|upkeep\n|turn|12\n|\n|t:|1664763498\n|switch|p2a: Tapu Lele|Tapu Lele, shiny|100\/100\n|-fieldstart|move: Psychic Terrain|[from] ability: Psychic Surge|[of] p2a: Tapu Lele\n|move|p1a: Tangrowth|Giga Drain|p2a: Tapu Lele\n|-damage|p2a: Tapu Lele|68\/100\n|-heal|p1a: Tangrowth|75\/100|[from] drain|[of] p2a: Tapu Lele\n|\n|-weather|none\n|upkeep\n|turn|13\n|\n|t:|1664763503\n|switch|p1a: Landorus|Landorus-Therian, M|100\/100\n|-ability|p1a: Landorus|Intimidate|boost\n|-unboost|p2a: Tapu Lele|atk|1\n|move|p2a: Tapu Lele|Psyshock|p1a: Landorus\n|-damage|p1a: Landorus|7\/100\n|\n|-heal|p1a: Landorus|13\/100|[from] item: Leftovers\n|upkeep\n|turn|14\n|\n|t:|1664763505\n|switch|p2a: Landorus|Landorus-Therian, M|14\/100\n|-ability|p2a: Landorus|Intimidate|boost\n|-unboost|p1a: Landorus|atk|1\n|switch|p1a: Tangrowth|Tangrowth, M|100\/100\n|\n|-heal|p2a: Landorus|20\/100|[from] item: Leftovers\n|upkeep\n|turn|15\n|\n|t:|1664763508\n|move|p2a: Landorus|Knock Off|p1a: Tangrowth\n|-damage|p1a: Tangrowth|85\/100\n|-damage|p2a: Landorus|4\/100|[from] item: Rocky Helmet|[of] p1a: Tangrowth\n|-enditem|p1a: Tangrowth|Rocky Helmet|[from] move: Knock Off|[of] p2a: Landorus\n|move|p1a: Tangrowth|Sleep Powder|p2a: Landorus\n|-status|p2a: Landorus|slp|[from] move: Sleep Powder\n|\n|-heal|p2a: Landorus|10\/100 slp|[from] item: Leftovers\n|upkeep\n|turn|16\n|\n|t:|1664763514\n|switch|p2a: Toxapex|Toxapex, M|100\/100\n|move|p1a: Tangrowth|Knock Off|p2a: Toxapex\n|-damage|p2a: Toxapex|87\/100\n|-damage|p1a: Tangrowth|69\/100|[from] item: Rocky Helmet|[of] p2a: Toxapex\n|-enditem|p2a: Toxapex|Rocky Helmet|[from] move: Knock Off|[of] p1a: Tangrowth\n|\n|-fieldend|move: Psychic Terrain\n|upkeep\n|turn|17\n|\n|t:|1664763516\n|move|p1a: Tangrowth|Giga Drain|p2a: Toxapex\n|-damage|p2a: Toxapex|65\/100\n|-heal|p1a: Tangrowth|77\/100|[from] drain|[of] p2a: Toxapex\n|move|p2a: Toxapex|Toxic|p1a: Tangrowth\n|-status|p1a: Tangrowth|tox\n|\n|-damage|p1a: Tangrowth|71\/100 tox|[from] psn\n|upkeep\n|turn|18\n|j| Sunday surfer\n|\n|t:|1664763518\n|move|p1a: Tangrowth|Giga Drain|p2a: Toxapex\n|-damage|p2a: Toxapex|41\/100\n|-heal|p1a: Tangrowth|80\/100 tox|[from] drain|[of] p2a: Toxapex\n|move|p2a: Toxapex|Recover|p2a: Toxapex\n|-heal|p2a: Toxapex|91\/100\n|\n|-damage|p1a: Tangrowth|68\/100 tox|[from] psn\n|upkeep\n|turn|19\n|\n|t:|1664763522\n|move|p1a: Tangrowth|Giga Drain|p2a: Toxapex\n|-damage|p2a: Toxapex|68\/100\n|-heal|p1a: Tangrowth|77\/100 tox|[from] drain|[of] p2a: Toxapex\n|move|p2a: Toxapex|Knock Off|p1a: Tangrowth\n|-damage|p1a: Tangrowth|71\/100 tox\n|\n|-damage|p1a: Tangrowth|53\/100 tox|[from] psn\n|upkeep\n|turn|20\n|\n|t:|1664763524\n|switch|p1a: Weavile|Weavile, F|100\/100\n|-ability|p1a: Weavile|Pressure\n|move|p2a: Toxapex|Knock Off|p1a: Weavile\n|-resisted|p1a: Weavile\n|-damage|p1a: Weavile|87\/100\n|-enditem|p1a: Weavile|Choice Band|[from] move: Knock Off|[of] p2a: Toxapex\n|\n|upkeep\n|turn|21\n|\n|t:|1664763527\n|move|p1a: Weavile|Knock Off|p2a: Toxapex\n|-damage|p2a: Toxapex|49\/100\n|move|p2a: Toxapex|Toxic|p1a: Weavile\n|-status|p1a: Weavile|tox\n|\n|-damage|p1a: Weavile|81\/100 tox|[from] psn\n|upkeep\n|turn|22\n|\n|t:|1664763529\n|move|p1a: Weavile|Triple Axel|p2a: Toxapex\n|-resisted|p2a: Toxapex\n|-damage|p2a: Toxapex|46\/100\n|-resisted|p2a: Toxapex\n|-damage|p2a: Toxapex|40\/100\n|-resisted|p2a: Toxapex\n|-damage|p2a: Toxapex|32\/100\n|-hitcount|p2a: Toxapex|3\n|move|p2a: Toxapex|Recover|p2a: Toxapex\n|-heal|p2a: Toxapex|82\/100\n|\n|-damage|p1a: Weavile|68\/100 tox|[from] psn\n|upkeep\n|turn|23\n|\n|t:|1664763532\n|move|p1a: Weavile|Triple Axel|p2a: Toxapex\n|-resisted|p2a: Toxapex\n|-damage|p2a: Toxapex|79\/100\n|-resisted|p2a: Toxapex\n|-damage|p2a: Toxapex|73\/100\n|-resisted|p2a: Toxapex\n|-damage|p2a: Toxapex|64\/100\n|-hitcount|p2a: Toxapex|3\n|move|p2a: Toxapex|Knock Off|p1a: Weavile\n|-resisted|p1a: Weavile\n|-damage|p1a: Weavile|59\/100 tox\n|\n|-damage|p1a: Weavile|41\/100 tox|[from] psn\n|upkeep\n|turn|24\n|\n|t:|1664763533\n|move|p1a: Weavile|Triple Axel|p2a: Toxapex\n|-resisted|p2a: Toxapex\n|-damage|p2a: Toxapex|61\/100\n|-resisted|p2a: Toxapex\n|-damage|p2a: Toxapex|55\/100\n|-resisted|p2a: Toxapex\n|-damage|p2a: Toxapex|46\/100\n|-hitcount|p2a: Toxapex|3\n|move|p2a: Toxapex|Recover|p2a: Toxapex\n|-heal|p2a: Toxapex|96\/100\n|\n|-damage|p1a: Weavile|17\/100 tox|[from] psn\n|upkeep\n|turn|25\n|\n|t:|1664763536\n|move|p1a: Weavile|Triple Axel|p2a: Toxapex\n|-resisted|p2a: Toxapex\n|-damage|p2a: Toxapex|93\/100\n|-resisted|p2a: Toxapex\n|-damage|p2a: Toxapex|87\/100\n|-resisted|p2a: Toxapex\n|-damage|p2a: Toxapex|78\/100\n|-hitcount|p2a: Toxapex|3\n|move|p2a: Toxapex|Knock Off|p1a: Weavile\n|-resisted|p1a: Weavile\n|-damage|p1a: Weavile|8\/100 tox\n|\n|-damage|p1a: Weavile|0 fnt|[from] psn\n|faint|p1a: Weavile\n|upkeep\n|\n|t:|1664763536\n|switch|p1a: Rotom|Rotom-Wash|100\/100\n|turn|26\n|\n|t:|1664763539\n|move|p1a: Rotom|Thunderbolt|p2a: Toxapex\n|-supereffective|p2a: Toxapex\n|-damage|p2a: Toxapex|21\/100\n|move|p2a: Toxapex|Recover|p2a: Toxapex\n|-heal|p2a: Toxapex|71\/100\n|\n|upkeep\n|turn|27\n|\n|t:|1664763542\n|switch|p2a: Tyranitar|Tyranitar, F|100\/100\n|-weather|Sandstorm|[from] ability: Sand Stream|[of] p2a: Tyranitar\n|move|p1a: Rotom|Nasty Plot|p1a: Rotom\n|-boost|p1a: Rotom|spa|2\n|\n|-weather|Sandstorm|[upkeep]\n|-damage|p1a: Rotom|94\/100|[from] Sandstorm\n|-heal|p1a: Rotom|100\/100|[from] item: Leftovers\n|upkeep\n|turn|28\n|\n|t:|1664763545\n|move|p1a: Rotom|Hydro Pump|p2a: Tyranitar\n|-supereffective|p2a: Tyranitar\n|-damage|p2a: Tyranitar|33\/100\n|move|p2a: Tyranitar|Rock Blast|p1a: Rotom\n|-damage|p1a: Rotom|88\/100\n|-damage|p1a: Rotom|75\/100\n|-hitcount|p1a: Rotom|2\n|\n|-weather|Sandstorm|[upkeep]\n|-damage|p1a: Rotom|69\/100|[from] Sandstorm\n|-heal|p1a: Rotom|75\/100|[from] item: Leftovers\n|-heal|p2a: Tyranitar|39\/100|[from] item: Leftovers\n|upkeep\n|turn|29\n|j| Aes Dragon\n|\n|t:|1664763554\n|switch|p2a: Landorus|Landorus-Therian, M|10\/100 slp\n|-ability|p2a: Landorus|Intimidate|boost\n|-unboost|p1a: Rotom|atk|1\n|move|p1a: Rotom|Hydro Pump|p2a: Landorus|[miss]\n|-miss|p1a: Rotom|p2a: Landorus\n|\n|-weather|Sandstorm|[upkeep]\n|-damage|p1a: Rotom|69\/100|[from] Sandstorm\n|-heal|p1a: Rotom|75\/100|[from] item: Leftovers\n|-heal|p2a: Landorus|16\/100 slp|[from] item: Leftovers\n|upkeep\n|turn|30\n|\n|t:|1664763559\n|move|p1a: Rotom|Hydro Pump|p2a: Landorus\n|-supereffective|p2a: Landorus\n|-damage|p2a: Landorus|0 fnt\n|faint|p2a: Landorus\n|\n|-weather|Sandstorm|[upkeep]\n|-damage|p1a: Rotom|69\/100|[from] Sandstorm\n|-heal|p1a: Rotom|75\/100|[from] item: Leftovers\n|upkeep\n|\n|t:|1664763560\n|switch|p2a: Tapu Lele|Tapu Lele, shiny|68\/100\n|-fieldstart|move: Psychic Terrain|[from] ability: Psychic Surge|[of] p2a: Tapu Lele\n|turn|31\n|\n|t:|1664763561\n|switch|p1a: Landorus|Landorus-Therian, M|13\/100\n|-ability|p1a: Landorus|Intimidate|boost\n|-unboost|p2a: Tapu Lele|atk|1\n|move|p2a: Tapu Lele|Psychic|p1a: Landorus\n|-damage|p1a: Landorus|0 fnt\n|faint|p1a: Landorus\n|\n|-weather|none\n|upkeep\n|\n|t:|1664763561\n|switch|p1a: Heatran|Heatran, M|100\/100\n|-item|p1a: Heatran|Air Balloon\n|turn|32\n|\n|t:|1664763565\n|switch|p2a: Tyranitar|Tyranitar, F|39\/100\n|-weather|Sandstorm|[from] ability: Sand Stream|[of] p2a: Tyranitar\n|move|p1a: Heatran|Magma Storm|p2a: Tyranitar\n|-resisted|p2a: Tyranitar\n|-damage|p2a: Tyranitar|28\/100\n|-activate|p2a: Tyranitar|move: Magma Storm|[of] p1a: Heatran\n|\n|-weather|Sandstorm|[upkeep]\n|-heal|p2a: Tyranitar|34\/100|[from] item: Leftovers\n|-damage|p2a: Tyranitar|22\/100|[from] move: Magma Storm|[partiallytrapped]\n|upkeep\n|turn|33\n|\n|t:|1664763569\n|move|p1a: Heatran|Magma Storm|p2a: Tyranitar|[miss]\n|-miss|p1a: Heatran|p2a: Tyranitar\n|move|p2a: Tyranitar|Rock Blast|p1a: Heatran\n|-damage|p1a: Heatran|88\/100\n|-enditem|p1a: Heatran|Air Balloon\n|-damage|p1a: Heatran|78\/100\n|-damage|p1a: Heatran|67\/100\n|-damage|p1a: Heatran|56\/100\n|-hitcount|p1a: Heatran|4\n|\n|-weather|Sandstorm|[upkeep]\n|-heal|p2a: Tyranitar|28\/100|[from] item: Leftovers\n|-damage|p2a: Tyranitar|16\/100|[from] move: Magma Storm|[partiallytrapped]\n|upkeep\n|turn|34\n|\n|t:|1664763572\n|move|p1a: Heatran|Earth Power|p2a: Tyranitar\n|-supereffective|p2a: Tyranitar\n|-damage|p2a: Tyranitar|0 fnt\n|faint|p2a: Tyranitar\n|\n|-weather|Sandstorm|[upkeep]\n|upkeep\n|\n|t:|1664763574\n|switch|p2a: Buzzwole|Buzzwole|53\/100 tox\n|turn|35\n|\n|t:|1664763578\n|move|p2a: Buzzwole|Close Combat|p1a: Heatran\n|-supereffective|p1a: Heatran\n|-damage|p1a: Heatran|0 fnt\n|-unboost|p2a: Buzzwole|def|1\n|-unboost|p2a: Buzzwole|spd|1\n|faint|p1a: Heatran\n|-ability|p2a: Buzzwole|Beast Boost|boost\n|-boost|p2a: Buzzwole|atk|1\n|\n|-weather|Sandstorm|[upkeep]\n|-damage|p2a: Buzzwole|47\/100 tox|[from] Sandstorm\n|-damage|p2a: Buzzwole|40\/100 tox|[from] psn\n|-fieldend|move: Psychic Terrain\n|upkeep\n|\n|t:|1664763578\n|switch|p1a: Rotom|Rotom-Wash|75\/100\n|turn|36\n|\n|t:|1664763580\n|move|p2a: Buzzwole|Close Combat|p1a: Rotom\n|-damage|p1a: Rotom|0 fnt\n|-unboost|p2a: Buzzwole|def|1\n|-unboost|p2a: Buzzwole|spd|1\n|faint|p1a: Rotom\n|-ability|p2a: Buzzwole|Beast Boost|boost\n|-boost|p2a: Buzzwole|atk|1\n|\n|-weather|none\n|-damage|p2a: Buzzwole|28\/100 tox|[from] psn\n|upkeep\n|\n|t:|1664763580\n|switch|p1a: Tangrowth|Tangrowth, M|86\/100 tox\n|turn|37\n|\n|t:|1664763582\n|switch|p2a: Toxapex|Toxapex, M|100\/100\n|move|p1a: Tangrowth|Giga Drain|p2a: Toxapex\n|-damage|p2a: Toxapex|78\/100\n|-heal|p1a: Tangrowth|95\/100 tox|[from] drain|[of] p2a: Toxapex\n|\n|-damage|p1a: Tangrowth|88\/100 tox|[from] psn\n|upkeep\n|turn|38\n|\n|t:|1664763585\n|move|p1a: Tangrowth|Knock Off|p2a: Toxapex\n|-damage|p2a: Toxapex|69\/100\n|move|p2a: Toxapex|Knock Off|p1a: Tangrowth\n|-crit|p1a: Tangrowth\n|-damage|p1a: Tangrowth|80\/100 tox\n|\n|-damage|p1a: Tangrowth|68\/100 tox|[from] psn\n|upkeep\n|turn|39\n|\n|t:|1664763587\n|move|p1a: Tangrowth|Knock Off|p2a: Toxapex\n|-crit|p2a: Toxapex\n|-damage|p2a: Toxapex|54\/100\n|move|p2a: Toxapex|Knock Off|p1a: Tangrowth\n|-damage|p1a: Tangrowth|62\/100 tox\n|\n|-damage|p1a: Tangrowth|44\/100 tox|[from] psn\n|upkeep\n|turn|40\n|\n|t:|1664763600\n|move|p1a: Tangrowth|Giga Drain|p2a: Toxapex\n|-damage|p2a: Toxapex|31\/100\n|-heal|p1a: Tangrowth|52\/100 tox|[from] drain|[of] p2a: Toxapex\n|move|p2a: Toxapex|Knock Off|p1a: Tangrowth\n|-damage|p1a: Tangrowth|47\/100 tox\n|\n|-damage|p1a: Tangrowth|22\/100 tox|[from] psn\n|upkeep\n|turn|41\n|\n|t:|1664763601\n|move|p1a: Tangrowth|Giga Drain|p2a: Toxapex\n|-damage|p2a: Toxapex|7\/100\n|-heal|p1a: Tangrowth|31\/100 tox|[from] drain|[of] p2a: Toxapex\n|move|p2a: Toxapex|Knock Off|p1a: Tangrowth\n|-damage|p1a: Tangrowth|25\/100 tox\n|\n|-damage|p1a: Tangrowth|0 fnt|[from] psn\n|faint|p1a: Tangrowth\n|\n|win|64j3t3hrt3h\n|upkeep\n|raw|Guest 5890168's rating: 1738 &rarr; <strong>1721<\/strong><br \/>(-17 for losing)\n|raw|64j3t3hrt3h's rating: 1788 &rarr; <strong>1805<\/strong><br \/>(+17 for winning)\n","uploadtime":1664763602,"views":27,"p1id":"guest5890168","p2id":"64j3t3hrt3h","formatid":"gen8ou","rating":1721,"private":0,"password":null}