{"id":"gen8ou-1565007551","p1":"HOF69","p2":"ChiefGreenLeaf3","format":"gen8ou","log":"|j|\u2606HOF69\n|j|\u2606ChiefGreenLeaf3\n|t:|1651367225\n|gametype|singles\n|player|p1|HOF69|red|1788\n|player|p2|ChiefGreenLeaf3|giovanni-gen1|1880\n|teamsize|p1|6\n|teamsize|p2|6\n|gen|8\n|tier|[Gen 8] OU\n|rated|\n|rule|Sleep Clause Mod: Limit one foe put to sleep\n|rule|Species Clause: Limit one of each Pok\u00e9mon\n|rule|OHKO Clause: OHKO moves are banned\n|rule|Evasion Moves Clause: Evasion moves are banned\n|rule|Endless Battle Clause: Forcing endless battles is banned\n|rule|HP Percentage Mod: HP is shown in percentages\n|rule|Dynamax Clause: You cannot dynamax\n|clearpoke\n|poke|p1|Gengar, M|\n|poke|p1|Blacephalon|\n|poke|p1|Kartana|\n|poke|p1|Tapu Lele|\n|poke|p1|Krookodile, M|\n|poke|p1|Landorus-Therian, M|\n|poke|p2|Melmetal|\n|poke|p2|Bisharp, M|\n|poke|p2|Landorus-Therian, M|\n|poke|p2|Dragonite, F|\n|poke|p2|Dragapult, M|\n|poke|p2|Weavile, M|\n|teampreview\n|\n|t:|1651367232\n|start\n|switch|p1a: Kartana|Kartana|100\/100\n|switch|p2a: Bisharp|Bisharp, M, shiny|100\/100\n|turn|1\n|j| DA COME UP \u00a9\n|j| Landon\u2718A21\n|\n|t:|1651367245\n|switch|p1a: Krookodile|Krookodile, M|100\/100\n|-ability|p1a: Krookodile|Intimidate|boost\n|-unboost|p2a: Bisharp|atk|1\n|-ability|p2a: Bisharp|Defiant\n|-boost|p2a: Bisharp|atk|2\n|switch|p2a: Landorus|Landorus-Therian, M, shiny|100\/100\n|-ability|p2a: Landorus|Intimidate|boost\n|-unboost|p1a: Krookodile|atk|1\n|\n|upkeep\n|turn|2\n|\n|t:|1651367249\n|move|p1a: Krookodile|Stealth Rock|p2a: Landorus\n|-sidestart|p2: ChiefGreenLeaf3|move: Stealth Rock\n|move|p2a: Landorus|Stealth Rock|p1a: Krookodile\n|-sidestart|p1: HOF69|move: Stealth Rock\n|\n|upkeep\n|turn|3\n|\n|t:|1651367251\n|move|p1a: Krookodile|Knock Off|p2a: Landorus\n|-damage|p2a: Landorus|71\/100\n|-enditem|p2a: Landorus|Eject Button|[from] move: Knock Off|[of] p1a: Krookodile\n|move|p2a: Landorus|Earthquake|p1a: Krookodile\n|-damage|p1a: Krookodile|44\/100\n|\n|upkeep\n|turn|4\n|\n|t:|1651367254\n|move|p1a: Krookodile|Knock Off|p2a: Landorus\n|-damage|p2a: Landorus|48\/100\n|move|p2a: Landorus|U-turn|p1a: Krookodile\n|-supereffective|p1a: Krookodile\n|-damage|p1a: Krookodile|0 fnt\n|faint|p1a: Krookodile\n|j| ppev\n|\n|t:|1651367293\n|switch|p2a: Weavile|Weavile, M, shiny|100\/100|[from]move: U-turn\n|-damage|p2a: Weavile|76\/100|[from] Stealth Rock\n|-ability|p2a: Weavile|Pressure\n|\n|upkeep\n|j| ecall\n|\n|t:|1651367299\n|switch|p1a: Kartana|Kartana|100\/100\n|-damage|p1a: Kartana|94\/100|[from] Stealth Rock\n|turn|5\n|\n|t:|1651367302\n|move|p2a: Weavile|Triple Axel|p1a: Kartana\n|-damage|p1a: Kartana|79\/100\n|-damage|p1a: Kartana|48\/100\n|-damage|p1a: Kartana|7\/100\n|-hitcount|p1a: Kartana|3\n|-damage|p2a: Weavile|66\/100|[from] item: Life Orb\n|move|p1a: Kartana|Swords Dance|p1a: Kartana\n|-boost|p1a: Kartana|atk|2\n|\n|upkeep\n|turn|6\n|-message|HOF69 forfeited.\n|\n|win|ChiefGreenLeaf3\n|raw|HOF69's rating: 1788 &rarr; <strong>1773<\/strong><br \/>(-15 for losing)\n|raw|ChiefGreenLeaf3's rating: 1880 &rarr; <strong>1895<\/strong><br \/>(+15 for winning)\n|l|\u2606HOF69\n|l| ecall\n||Ladder isn't responding, score probably updated but might not have (Request timeout).\n","uploadtime":1651367331,"views":147,"p1id":"hof69","p2id":"chiefgreenleaf3","formatid":"gen8ou","rating":1773,"private":0,"password":null}