{"id":"gen8ou-1675444604","p1":"ldailey19","p2":"dont giv a DUCK","format":"gen8ou","log":"|j|\u2606ldailey19\n|j|\u203ddont giv a DUCK\n|t:|1664677304\n|gametype|singles\n|player|p1|ldailey19|lance|1558\n|player|p2|dont giv a DUCK|cyclist|1565\n|teamsize|p1|6\n|teamsize|p2|6\n|gen|8\n|tier|[Gen 8] OU\n|rated|\n|rule|Sleep Clause Mod: Limit one foe put to sleep\n|rule|Species Clause: Limit one of each Pok\u00e9mon\n|rule|OHKO Clause: OHKO moves are banned\n|rule|Evasion Items Clause: Evasion items are banned\n|rule|Evasion Moves Clause: Evasion moves are banned\n|rule|Endless Battle Clause: Forcing endless battles is banned\n|rule|HP Percentage Mod: HP is shown in percentages\n|rule|Dynamax Clause: You cannot dynamax\n|clearpoke\n|poke|p1|Magnezone|\n|poke|p1|Weavile, M|\n|poke|p1|Urshifu-*, M|\n|poke|p1|Heatran, M|\n|poke|p1|Landorus-Therian, M|\n|poke|p1|Dragapult, F|\n|poke|p2|Blaziken, M|\n|poke|p2|Mew|\n|poke|p2|Kommo-o, M|\n|poke|p2|Ninetales-Alola, M|\n|poke|p2|Arctozolt|\n|poke|p2|Arctovish|\n|teampreview\n|inactive|Battle timer is ON: inactive players will automatically lose when time's up. (requested by dont giv a DUCK)\n|inactive|ldailey19 also wants the timer to be on.\n|inactive|ldailey19 has 120 seconds left.\n|inactive|ldailey19 has 90 seconds left.\n|\n|t:|1664677377\n|start\n|switch|p1a: Magnezone|Magnezone, shiny|100\/100\n|switch|p2a: Ninetales|Ninetales-Alola, M|100\/100\n|-weather|Hail|[from] ability: Snow Warning|[of] p2a: Ninetales\n|turn|1\n|\n|t:|1664677389\n|switch|p2a: Mew|Mew|100\/100\n|move|p1a: Magnezone|Flash Cannon|p2a: Mew\n|-damage|p2a: Mew|53\/100\n|-enditem|p2a: Mew|Red Card|[of] p1a: Magnezone\n|drag|p1a: Landorus|Landorus-Therian, M|100\/100\n|-ability|p1a: Landorus|Intimidate|boost\n|-unboost|p2a: Mew|atk|1\n|\n|-weather|Hail|[upkeep]\n|-damage|p2a: Mew|47\/100|[from] Hail\n|-damage|p1a: Landorus|94\/100|[from] Hail\n|upkeep\n|turn|2\n|\n|t:|1664677400\n|switch|p1a: Weavile|Weavile, M|100\/100\n|-ability|p1a: Weavile|Pressure\n|move|p2a: Mew|Stealth Rock|p1a: Weavile\n|-sidestart|p1: ldailey19|move: Stealth Rock\n|\n|-weather|Hail|[upkeep]\n|-damage|p2a: Mew|41\/100|[from] Hail\n|upkeep\n|turn|3\n|\n|t:|1664677404\n|move|p1a: Weavile|Knock Off|p2a: Mew\n|-supereffective|p2a: Mew\n|-damage|p2a: Mew|0 fnt\n|faint|p2a: Mew\n|\n|-weather|Hail|[upkeep]\n|upkeep\n|\n|t:|1664677415\n|switch|p2a: Blaziken|Blaziken, M|100\/100\n|turn|4\n|inactive|ldailey19 has 120 seconds left.\n|\n|t:|1664677450\n|switch|p1a: Landorus|Landorus-Therian, M|94\/100\n|-damage|p1a: Landorus|82\/100|[from] Stealth Rock\n|-ability|p1a: Landorus|Intimidate|boost\n|-unboost|p2a: Blaziken|atk|1\n|move|p2a: Blaziken|Swords Dance|p2a: Blaziken\n|-boost|p2a: Blaziken|atk|2\n|\n|-weather|Hail|[upkeep]\n|-damage|p2a: Blaziken|95\/100|[from] Hail\n|-damage|p1a: Landorus|76\/100|[from] Hail\n|-ability|p2a: Blaziken|Speed Boost|boost\n|-boost|p2a: Blaziken|spe|1\n|upkeep\n|turn|5\n|\n|t:|1664677456\n|move|p2a: Blaziken|Close Combat|p1a: Landorus\n|-resisted|p1a: Landorus\n|-damage|p1a: Landorus|30\/100\n|-unboost|p2a: Blaziken|def|1\n|-unboost|p2a: Blaziken|spd|1\n|-damage|p2a: Blaziken|78\/100|[from] item: Rocky Helmet|[of] p1a: Landorus\n|-damage|p2a: Blaziken|68\/100|[from] item: Life Orb\n|move|p1a: Landorus|Earthquake|p2a: Blaziken\n|-supereffective|p2a: Blaziken\n|-damage|p2a: Blaziken|0 fnt\n|faint|p2a: Blaziken\n|\n|-weather|Hail|[upkeep]\n|-damage|p1a: Landorus|24\/100|[from] Hail\n|upkeep\n|\n|t:|1664677461\n|switch|p2a: Arctovish|Arctovish|100\/100\n|turn|6\n|\n|t:|1664677476\n|move|p2a: Arctovish|Fishious Rend|p1a: Landorus\n|-supereffective|p1a: Landorus\n|-damage|p1a: Landorus|0 fnt\n|-damage|p2a: Arctovish|84\/100|[from] item: Rocky Helmet|[of] p1a: Landorus\n|faint|p1a: Landorus\n|-damage|p2a: Arctovish|74\/100|[from] item: Life Orb\n|\n|-weather|Hail|[upkeep]\n|upkeep\n|\n|t:|1664677487\n|switch|p1a: Urshifu|Urshifu-Rapid-Strike, M|100\/100\n|-damage|p1a: Urshifu|94\/100|[from] Stealth Rock\n|turn|7\n|\n|t:|1664677494\n|move|p2a: Arctovish|Freeze-Dry|p1a: Urshifu\n|-supereffective|p1a: Urshifu\n|-damage|p1a: Urshifu|16\/100\n|-damage|p2a: Arctovish|64\/100|[from] item: Life Orb\n|move|p1a: Urshifu|Close Combat|p2a: Arctovish\n|-supereffective|p2a: Arctovish\n|-damage|p2a: Arctovish|0 fnt\n|-unboost|p1a: Urshifu|def|1\n|-unboost|p1a: Urshifu|spd|1\n|faint|p2a: Arctovish\n|\n|-weather|Hail|[upkeep]\n|-damage|p1a: Urshifu|10\/100|[from] Hail\n|upkeep\n|\n|t:|1664677508\n|switch|p2a: Kommo-o|Kommo-o, M|100\/100\n|turn|8\n|\n|t:|1664677517\n|move|p1a: Urshifu|Close Combat|p2a: Kommo-o\n|-damage|p2a: Kommo-o|45\/100\n|-unboost|p1a: Urshifu|def|1\n|-unboost|p1a: Urshifu|spd|1\n|move|p2a: Kommo-o|Substitute|p2a: Kommo-o\n|-start|p2a: Kommo-o|Substitute\n|-damage|p2a: Kommo-o|20\/100\n|-enditem|p2a: Kommo-o|Salac Berry|[eat]\n|-boost|p2a: Kommo-o|spe|1|[from] item: Salac Berry\n|\n|-weather|none\n|upkeep\n|turn|9\n|\n|t:|1664677535\n|move|p1a: Urshifu|Aqua Jet|p2a: Kommo-o\n|-resisted|p2a: Kommo-o\n|-activate|p2a: Kommo-o|move: Substitute|[damage]\n|move|p2a: Kommo-o|Drain Punch|p1a: Urshifu\n|-damage|p1a: Urshifu|0 fnt\n|-heal|p2a: Kommo-o|25\/100|[from] drain|[of] p1a: Urshifu\n|faint|p1a: Urshifu\n|\n|upkeep\n|inactive|ldailey19 has 120 seconds left.\n|\n|t:|1664677555\n|switch|p1a: Magnezone|Magnezone, shiny|100\/100\n|-damage|p1a: Magnezone|94\/100|[from] Stealth Rock\n|turn|10\n|\n|t:|1664677564\n|move|p2a: Kommo-o|Drain Punch|p1a: Magnezone\n|-supereffective|p1a: Magnezone\n|-damage|p1a: Magnezone|33\/100\n|-heal|p2a: Kommo-o|61\/100|[from] drain|[of] p1a: Magnezone\n|move|p1a: Magnezone|Volt Switch|p2a: Kommo-o\n|-resisted|p2a: Kommo-o\n|-end|p2a: Kommo-o|Substitute\n|\n|t:|1664677572\n|switch|p1a: Weavile|Weavile, M|100\/100|[from]move: Volt Switch\n|-damage|p1a: Weavile|76\/100|[from] Stealth Rock\n|-ability|p1a: Weavile|Pressure\n|\n|upkeep\n|turn|11\n|\n|t:|1664677577\n|move|p1a: Weavile|Ice Shard|p2a: Kommo-o\n|-supereffective|p2a: Kommo-o\n|-damage|p2a: Kommo-o|3\/100\n|move|p2a: Kommo-o|Drain Punch|p1a: Weavile\n|-supereffective|p1a: Weavile\n|-damage|p1a: Weavile|0 fnt\n|-heal|p2a: Kommo-o|40\/100|[from] drain|[of] p1a: Weavile\n|faint|p1a: Weavile\n|\n|upkeep\n|\n|t:|1664677584\n|switch|p1a: Dragapult|Dragapult, F, shiny|100\/100\n|-damage|p1a: Dragapult|88\/100|[from] Stealth Rock\n|turn|12\n|\n|t:|1664677588\n|move|p2a: Kommo-o|Thunder Punch|p1a: Dragapult\n|-resisted|p1a: Dragapult\n|-damage|p1a: Dragapult|72\/100\n|move|p1a: Dragapult|Dragon Darts|p2a: Kommo-o\n|-supereffective|p2a: Kommo-o\n|-damage|p2a: Kommo-o|0 fnt\n|faint|p2a: Kommo-o\n|\n|upkeep\n|\n|t:|1664677591\n|switch|p2a: Ninetales|Ninetales-Alola, M|100\/100\n|-weather|Hail|[from] ability: Snow Warning|[of] p2a: Ninetales\n|turn|13\n|\n|t:|1664677598\n|move|p1a: Dragapult|U-turn|p2a: Ninetales\n|-resisted|p2a: Ninetales\n|-damage|p2a: Ninetales|85\/100\n|\n|t:|1664677601\n|switch|p1a: Magnezone|Magnezone, shiny|33\/100|[from]move: U-turn\n|-damage|p1a: Magnezone|27\/100|[from] Stealth Rock\n|move|p2a: Ninetales|Aurora Veil|p2a: Ninetales\n|-sidestart|p2: dont giv a DUCK|move: Aurora Veil\n|\n|-weather|Hail|[upkeep]\n|-damage|p1a: Magnezone|21\/100|[from] Hail\n|upkeep\n|turn|14\n|\n|t:|1664677604\n|move|p2a: Ninetales|Moonblast|p1a: Magnezone\n|-resisted|p1a: Magnezone\n|-damage|p1a: Magnezone|11\/100\n|move|p1a: Magnezone|Flash Cannon|p2a: Ninetales\n|-supereffective|p2a: Ninetales\n|-damage|p2a: Ninetales|0 fnt\n|faint|p2a: Ninetales\n|\n|-weather|Hail|[upkeep]\n|-damage|p1a: Magnezone|5\/100|[from] Hail\n|upkeep\n|\n|t:|1664677608\n|switch|p2a: Arctozolt|Arctozolt|100\/100\n|turn|15\n|\n|t:|1664677612\n|move|p2a: Arctozolt|Bolt Beak|p1a: Magnezone\n|-resisted|p1a: Magnezone\n|-damage|p1a: Magnezone|0 fnt\n|faint|p1a: Magnezone\n|-damage|p2a: Arctozolt|91\/100|[from] item: Life Orb\n|\n|-weather|Hail|[upkeep]\n|upkeep\n|\n|t:|1664677623\n|switch|p1a: Dragapult|Dragapult, F, shiny|72\/100\n|-damage|p1a: Dragapult|59\/100|[from] Stealth Rock\n|turn|16\n|\n|t:|1664677630\n|move|p2a: Arctozolt|Blizzard|p1a: Dragapult\n|-supereffective|p1a: Dragapult\n|-damage|p1a: Dragapult|0 fnt\n|faint|p1a: Dragapult\n|-damage|p2a: Arctozolt|81\/100|[from] item: Life Orb\n|\n|-weather|Hail|[upkeep]\n|upkeep\n|\n|t:|1664677636\n|switch|p1a: Heatran|Heatran, M, shiny|100\/100\n|-damage|p1a: Heatran|88\/100|[from] Stealth Rock\n|-item|p1a: Heatran|Air Balloon\n|turn|17\n|\n|t:|1664677639\n|move|p2a: Arctozolt|Bolt Beak|p1a: Heatran\n|-damage|p1a: Heatran|3\/100\n|-enditem|p1a: Heatran|Air Balloon\n|-damage|p2a: Arctozolt|71\/100|[from] item: Life Orb\n|move|p1a: Heatran|Flamethrower|p2a: Arctozolt\n|-supereffective|p2a: Arctozolt\n|-damage|p2a: Arctozolt|12\/100\n|\n|-weather|Hail|[upkeep]\n|-damage|p1a: Heatran|0 fnt|[from] Hail\n|faint|p1a: Heatran\n|\n|win|dont giv a DUCK\n|upkeep\n|raw|ldailey19's rating: 1558 &rarr; <strong>1538<\/strong><br \/>(-20 for losing)\n|raw|dont giv a DUCK's rating: 1565 &rarr; <strong>1585<\/strong><br \/>(+20 for winning)\n","uploadtime":1664677646,"views":13,"p1id":"ldailey19","p2id":"dontgivaduck","formatid":"gen8ou","rating":1538,"private":0,"password":null}