{"id":"gen8ou-1693168476","p1":"I0SIS","p2":"PrinceTMR","format":"gen8ou","log":"|html|<div class=\"broadcast-blue\"><strong>[Gen 8] OU is currently suspecting Melmetal! For information on how to participate check out the <a href=\"https:\/\/www.smogon.com\/forums\/threads\/np-ss-ou-suspect-process-round-12-monster-mash.3709234\/\">suspect thread<\/a>.<\/strong><\/div>\n|j|\u2606I0SIS\n|j|\u2606PrinceTMR\n|t:|1666570350\n|gametype|singles\n|player|p1|I0SIS|schoolkid-gen4|1611\n|player|p2|PrinceTMR|n|1592\n|teamsize|p1|6\n|teamsize|p2|6\n|gen|8\n|tier|[Gen 8] OU\n|rated|\n|rule|Sleep Clause Mod: Limit one foe put to sleep\n|rule|Species Clause: Limit one of each Pok\u00e9mon\n|rule|OHKO Clause: OHKO moves are banned\n|rule|Evasion Items Clause: Evasion items are banned\n|rule|Evasion Moves Clause: Evasion moves are banned\n|rule|Endless Battle Clause: Forcing endless battles is banned\n|rule|HP Percentage Mod: HP is shown in percentages\n|rule|Dynamax Clause: You cannot dynamax\n|clearpoke\n|poke|p1|Heatran, M|\n|poke|p1|Ninetales-Alola, F|\n|poke|p1|Landorus-Therian, M|\n|poke|p1|Weavile, M|\n|poke|p1|Dragapult, F|\n|poke|p1|Volcarona, F|\n|poke|p2|Tornadus-Therian, M|\n|poke|p2|Urshifu-*, M|\n|poke|p2|Rillaboom, M|\n|poke|p2|Toxapex, F|\n|poke|p2|Landorus-Therian, M|\n|poke|p2|Heatran, M|\n|teampreview\n|inactive|Battle timer is ON: inactive players will automatically lose when time's up. (requested by PrinceTMR)\n|inactive|PrinceTMR has 120 seconds left.\n|\n|t:|1666570405\n|start\n|switch|p1a: Heatran|Heatran, M|100\/100\n|switch|p2a: Chipotle|Heatran, M|100\/100\n|-item|p2a: Chipotle|Air Balloon\n|-item|p1a: Heatran|Air Balloon\n|turn|1\n|\n|t:|1666570420\n|move|p2a: Chipotle|Taunt|p1a: Heatran\n|-start|p1a: Heatran|move: Taunt\n|cant|p1a: Heatran|move: Taunt|Stealth Rock\n|\n|upkeep\n|turn|2\n|\n|t:|1666570430\n|switch|p1a: Landorus|Landorus-Therian, M|100\/100\n|-ability|p1a: Landorus|Intimidate|boost\n|-unboost|p2a: Chipotle|atk|1\n|move|p2a: Chipotle|Taunt|p1a: Landorus\n|-start|p1a: Landorus|move: Taunt\n|\n|upkeep\n|turn|3\n|\n|t:|1666570441\n|switch|p2a: OU Incarnate|Landorus-Therian, M, shiny|100\/100\n|-ability|p2a: OU Incarnate|Intimidate|boost\n|-unboost|p1a: Landorus|atk|1\n|move|p1a: Landorus|Smack Down|p2a: OU Incarnate\n|-damage|p2a: OU Incarnate|88\/100\n|-start|p2a: OU Incarnate|Smack Down\n|\n|-heal|p2a: OU Incarnate|94\/100|[from] item: Leftovers\n|upkeep\n|turn|4\n|\n|t:|1666570448\n|switch|p1a: Heatran|Heatran, M|100\/100\n|-item|p1a: Heatran|Air Balloon\n|move|p2a: OU Incarnate|Stealth Rock|p1a: Heatran\n|-sidestart|p1: I0SIS|move: Stealth Rock\n|\n|-heal|p2a: OU Incarnate|99\/100|[from] item: Leftovers\n|upkeep\n|turn|5\n|\n|t:|1666570451\n|move|p2a: OU Incarnate|U-turn|p1a: Heatran\n|-resisted|p1a: Heatran\n|-damage|p1a: Heatran|97\/100\n|-enditem|p1a: Heatran|Air Balloon\n|\n|t:|1666570456\n|switch|p2a: Chipotle|Heatran, M|100\/100|[from]move: U-turn\n|-item|p2a: Chipotle|Air Balloon\n|move|p1a: Heatran|Stealth Rock|p2a: Chipotle\n|-sidestart|p2: PrinceTMR|move: Stealth Rock\n|\n|upkeep\n|turn|6\n|\n|t:|1666570461\n|switch|p1a: Dragapult|Dragapult, F, shiny|100\/100\n|-damage|p1a: Dragapult|88\/100|[from] Stealth Rock\n|move|p2a: Chipotle|Magma Storm|p1a: Dragapult|[miss]\n|-miss|p2a: Chipotle|p1a: Dragapult\n|\n|-heal|p1a: Dragapult|94\/100|[from] item: Leftovers\n|upkeep\n|turn|7\n|\n|t:|1666570476\n|move|p1a: Dragapult|Dragon Darts|p2a: Chipotle\n|-resisted|p2a: Chipotle\n|-damage|p2a: Chipotle|88\/100\n|-enditem|p2a: Chipotle|Air Balloon\n|-anim|p1a: Dragapult|Dragon Darts|p2a: Chipotle\n|-resisted|p2a: Chipotle\n|-damage|p2a: Chipotle|76\/100\n|move|p2a: Chipotle|Will-O-Wisp|p1a: Dragapult|[miss]\n|-miss|p2a: Chipotle|p1a: Dragapult\n|\n|-heal|p1a: Dragapult|99\/100|[from] item: Leftovers\n|upkeep\n|turn|8\n|\n|t:|1666570491\n|switch|p1a: Volcarona|Volcarona, F|100\/100\n|move|p2a: Chipotle|Magma Storm|p1a: Volcarona|[miss]\n|-miss|p2a: Chipotle|p1a: Volcarona\n|\n|upkeep\n|turn|9\n|\n|t:|1666570496\n|move|p1a: Volcarona|Quiver Dance|p1a: Volcarona\n|-boost|p1a: Volcarona|spa|1\n|-boost|p1a: Volcarona|spd|1\n|-boost|p1a: Volcarona|spe|1\n|move|p2a: Chipotle|Taunt|p1a: Volcarona\n|-start|p1a: Volcarona|move: Taunt\n|\n|upkeep\n|turn|10\n|\n|t:|1666570508\n|move|p1a: Volcarona|Bug Buzz|p2a: Chipotle\n|-resisted|p2a: Chipotle\n|-damage|p2a: Chipotle|63\/100\n|move|p2a: Chipotle|Magma Storm|p1a: Volcarona\n|-damage|p1a: Volcarona|71\/100\n|-activate|p1a: Volcarona|move: Magma Storm|[of] p2a: Chipotle\n|\n|-damage|p1a: Volcarona|58\/100|[from] move: Magma Storm|[partiallytrapped]\n|upkeep\n|turn|11\n|\n|t:|1666570513\n|move|p1a: Volcarona|Bug Buzz|p2a: Chipotle\n|-resisted|p2a: Chipotle\n|-damage|p2a: Chipotle|49\/100\n|-unboost|p2a: Chipotle|spd|1\n|move|p2a: Chipotle|Earth Power|p1a: Volcarona\n|-damage|p1a: Volcarona|40\/100\n|\n|-damage|p1a: Volcarona|28\/100|[from] move: Magma Storm|[partiallytrapped]\n|upkeep\n|turn|12\n|\n|t:|1666570515\n|move|p1a: Volcarona|Bug Buzz|p2a: Chipotle\n|-resisted|p2a: Chipotle\n|-damage|p2a: Chipotle|20\/100\n|move|p2a: Chipotle|Earth Power|p1a: Volcarona\n|-damage|p1a: Volcarona|10\/100\n|-unboost|p1a: Volcarona|spd|1\n|\n|-damage|p1a: Volcarona|0 fnt|[from] move: Magma Storm|[partiallytrapped]\n|faint|p1a: Volcarona\n|upkeep\n|\n|t:|1666570524\n|switch|p1a: Landorus|Landorus-Therian, M|100\/100\n|-damage|p1a: Landorus|88\/100|[from] Stealth Rock\n|-ability|p1a: Landorus|Intimidate|boost\n|-unboost|p2a: Chipotle|atk|1\n|turn|13\n|\n|t:|1666570528\n|switch|p2a: OU Incarnate|Landorus-Therian, M, shiny|99\/100\n|-damage|p2a: OU Incarnate|87\/100|[from] Stealth Rock\n|-ability|p2a: OU Incarnate|Intimidate|boost\n|-unboost|p1a: Landorus|atk|1\n|move|p1a: Landorus|Substitute|p1a: Landorus\n|-start|p1a: Landorus|Substitute\n|-damage|p1a: Landorus|63\/100\n|\n|-heal|p1a: Landorus|69\/100|[from] item: Leftovers\n|-heal|p2a: OU Incarnate|94\/100|[from] item: Leftovers\n|upkeep\n|turn|14\n|\n|t:|1666570531\n|move|p1a: Landorus|Swords Dance|p1a: Landorus\n|-boost|p1a: Landorus|atk|2\n|move|p2a: OU Incarnate|U-turn|p1a: Landorus\n|-resisted|p1a: Landorus\n|-activate|p1a: Landorus|move: Substitute|[damage]\n|\n|t:|1666570535\n|switch|p2a: Pando|Urshifu-Rapid-Strike, M|100\/100|[from]move: U-turn\n|-damage|p2a: Pando|94\/100|[from] Stealth Rock\n|\n|-heal|p1a: Landorus|75\/100|[from] item: Leftovers\n|upkeep\n|turn|15\n|\n|t:|1666570539\n|switch|p1a: Dragapult|Dragapult, F, shiny|99\/100\n|-damage|p1a: Dragapult|88\/100|[from] Stealth Rock\n|move|p2a: Pando|Surging Strikes|p1a: Dragapult\n|-resisted|p1a: Dragapult\n|-crit|p1a: Dragapult\n|-damage|p1a: Dragapult|70\/100\n|-resisted|p1a: Dragapult\n|-crit|p1a: Dragapult\n|-damage|p1a: Dragapult|53\/100\n|-resisted|p1a: Dragapult\n|-crit|p1a: Dragapult\n|-damage|p1a: Dragapult|34\/100\n|-hitcount|p1a: Dragapult|3\n|\n|-heal|p1a: Dragapult|40\/100|[from] item: Leftovers\n|upkeep\n|turn|16\n|\n|t:|1666570548\n|switch|p2a: NormalShowdownUser|Toxapex, F|100\/100\n|-damage|p2a: NormalShowdownUser|88\/100|[from] Stealth Rock\n|move|p1a: Dragapult|Dragon Darts|p2a: NormalShowdownUser\n|-damage|p2a: NormalShowdownUser|72\/100\n|-anim|p1a: Dragapult|Dragon Darts|p2a: NormalShowdownUser\n|-damage|p2a: NormalShowdownUser|56\/100\n|\n|-heal|p1a: Dragapult|46\/100|[from] item: Leftovers\n|upkeep\n|turn|17\n|\n|t:|1666570566\n|switch|p1a: Ninetales|Ninetales-Alola, F, shiny|100\/100\n|-damage|p1a: Ninetales|75\/100|[from] Stealth Rock\n|-weather|Hail|[from] ability: Snow Warning|[of] p1a: Ninetales\n|switch|p2a: OU Incarnate|Landorus-Therian, M, shiny|94\/100\n|-damage|p2a: OU Incarnate|81\/100|[from] Stealth Rock\n|-ability|p2a: OU Incarnate|Intimidate|boost\n|-unboost|p1a: Ninetales|atk|1\n|\n|-weather|Hail|[upkeep]\n|-damage|p2a: OU Incarnate|75\/100|[from] Hail\n|-heal|p2a: OU Incarnate|81\/100|[from] item: Leftovers\n|upkeep\n|turn|18\n|\n|t:|1666570572\n|move|p1a: Ninetales|Aurora Veil|p1a: Ninetales\n|-sidestart|p1: I0SIS|move: Aurora Veil\n|move|p2a: OU Incarnate|Toxic|p1a: Ninetales\n|-status|p1a: Ninetales|tox\n|\n|-weather|Hail|[upkeep]\n|-damage|p2a: OU Incarnate|75\/100|[from] Hail\n|-heal|p2a: OU Incarnate|81\/100|[from] item: Leftovers\n|-damage|p1a: Ninetales|69\/100 tox|[from] psn\n|upkeep\n|turn|19\n|\n|t:|1666570586\n|switch|p2a: NormalShowdownUser|Toxapex, F|89\/100\n|-damage|p2a: NormalShowdownUser|77\/100|[from] Stealth Rock\n|move|p1a: Ninetales|Freeze-Dry|p2a: NormalShowdownUser\n|-supereffective|p2a: NormalShowdownUser\n|-damage|p2a: NormalShowdownUser|43\/100\n|\n|-weather|Hail|[upkeep]\n|-damage|p2a: NormalShowdownUser|37\/100|[from] Hail\n|-damage|p1a: Ninetales|57\/100 tox|[from] psn\n|upkeep\n|turn|20\n|\n|t:|1666570593\n|switch|p1a: Landorus|Landorus-Therian, M|75\/100\n|-damage|p1a: Landorus|63\/100|[from] Stealth Rock\n|-ability|p1a: Landorus|Intimidate|boost\n|-unboost|p2a: NormalShowdownUser|atk|1\n|move|p2a: NormalShowdownUser|Baneful Bunker||[still]\n|-fail|p2a: NormalShowdownUser\n|\n|-weather|Hail|[upkeep]\n|-damage|p1a: Landorus|57\/100|[from] Hail\n|-damage|p2a: NormalShowdownUser|31\/100|[from] Hail\n|-heal|p1a: Landorus|63\/100|[from] item: Leftovers\n|upkeep\n|turn|21\n|\n|t:|1666570597\n|move|p1a: Landorus|Earthquake|p2a: NormalShowdownUser\n|-supereffective|p2a: NormalShowdownUser\n|-damage|p2a: NormalShowdownUser|0 fnt\n|faint|p2a: NormalShowdownUser\n|\n|-weather|none\n|-heal|p1a: Landorus|69\/100|[from] item: Leftovers\n|upkeep\n|\n|t:|1666570602\n|switch|p2a: Pando|Urshifu-Rapid-Strike, M|94\/100\n|-damage|p2a: Pando|88\/100|[from] Stealth Rock\n|turn|22\n|\n|t:|1666570605\n|switch|p1a: Heatran|Heatran, M|97\/100\n|-damage|p1a: Heatran|85\/100|[from] Stealth Rock\n|move|p2a: Pando|Surging Strikes|p1a: Heatran\n|-supereffective|p1a: Heatran\n|-crit|p1a: Heatran\n|-damage|p1a: Heatran|48\/100\n|-supereffective|p1a: Heatran\n|-crit|p1a: Heatran\n|-damage|p1a: Heatran|13\/100\n|-supereffective|p1a: Heatran\n|-crit|p1a: Heatran\n|-damage|p1a: Heatran|0 fnt\n|-status|p2a: Pando|brn|[from] ability: Flame Body|[of] p1a: Heatran\n|faint|p1a: Heatran\n|-hitcount|p1: Heatran|3\n|\n|-damage|p2a: Pando|82\/100 brn|[from] brn\n|upkeep\n|\n|t:|1666570611\n|switch|p1a: Dragapult|Dragapult, F, shiny|46\/100\n|-damage|p1a: Dragapult|34\/100|[from] Stealth Rock\n|turn|23\n|\n|t:|1666570620\n|move|p1a: Dragapult|Dragon Dance|p1a: Dragapult\n|-boost|p1a: Dragapult|atk|1\n|-boost|p1a: Dragapult|spe|1\n|move|p2a: Pando|Surging Strikes|p1a: Dragapult\n|-resisted|p1a: Dragapult\n|-crit|p1a: Dragapult\n|-damage|p1a: Dragapult|25\/100\n|-resisted|p1a: Dragapult\n|-crit|p1a: Dragapult\n|-damage|p1a: Dragapult|16\/100\n|-resisted|p1a: Dragapult\n|-crit|p1a: Dragapult\n|-damage|p1a: Dragapult|7\/100\n|-hitcount|p1a: Dragapult|3\n|\n|-heal|p1a: Dragapult|13\/100|[from] item: Leftovers\n|-damage|p2a: Pando|76\/100 brn|[from] brn\n|upkeep\n|turn|24\n|\n|t:|1666570631\n|move|p1a: Dragapult|Dragon Darts|p2a: Pando\n|-damage|p2a: Pando|32\/100 brn\n|-anim|p1a: Dragapult|Dragon Darts|p2a: Pando\n|-damage|p2a: Pando|0 fnt\n|faint|p2a: Pando\n|\n|-heal|p1a: Dragapult|19\/100|[from] item: Leftovers\n|upkeep\n|\n|t:|1666570635\n|switch|p2a: Le Monke|Rillaboom, M, shiny|100\/100\n|-damage|p2a: Le Monke|88\/100|[from] Stealth Rock\n|-fieldstart|move: Grassy Terrain|[from] ability: Grassy Surge|[of] p2a: Le Monke\n|turn|25\n|\n|t:|1666570639\n|move|p2a: Le Monke|Grassy Glide|p1a: Dragapult\n|-resisted|p1a: Dragapult\n|-damage|p1a: Dragapult|0 fnt\n|faint|p1a: Dragapult\n|-damage|p2a: Le Monke|78\/100|[from] item: Life Orb\n|\n|-heal|p2a: Le Monke|84\/100|[from] Grassy Terrain\n|-sideend|p1: I0SIS|move: Aurora Veil\n|upkeep\n|\n|t:|1666570647\n|switch|p1a: Landorus|Landorus-Therian, M|69\/100\n|-damage|p1a: Landorus|57\/100|[from] Stealth Rock\n|-ability|p1a: Landorus|Intimidate|boost\n|-unboost|p2a: Le Monke|atk|1\n|turn|26\n|\n|t:|1666570651\n|switch|p2a: Winged Angel|Tornadus-Therian, M|100\/100\n|move|p1a: Landorus|Smack Down|p2a: Winged Angel\n|-supereffective|p2a: Winged Angel\n|-damage|p2a: Winged Angel|68\/100\n|-start|p2a: Winged Angel|Smack Down\n|\n|-heal|p2a: Winged Angel|74\/100|[from] Grassy Terrain\n|-heal|p1a: Landorus|63\/100|[from] item: Leftovers\n|upkeep\n|turn|27\n|\n|t:|1666570655\n|move|p2a: Winged Angel|Hurricane|p1a: Landorus|[miss]\n|-miss|p2a: Winged Angel|p1a: Landorus\n|move|p1a: Landorus|Substitute|p1a: Landorus\n|-start|p1a: Landorus|Substitute\n|-damage|p1a: Landorus|38\/100\n|\n|-heal|p2a: Winged Angel|80\/100|[from] Grassy Terrain\n|-heal|p1a: Landorus|44\/100|[from] item: Leftovers\n|upkeep\n|turn|28\n|\n|t:|1666570656\n|move|p2a: Winged Angel|Hurricane|p1a: Landorus\n|-end|p1a: Landorus|Substitute\n|move|p1a: Landorus|Swords Dance|p1a: Landorus\n|-boost|p1a: Landorus|atk|2\n|\n|-heal|p2a: Winged Angel|86\/100|[from] Grassy Terrain\n|-heal|p1a: Landorus|50\/100|[from] item: Leftovers\n|upkeep\n|turn|29\n|\n|t:|1666570658\n|move|p2a: Winged Angel|Hurricane|p1a: Landorus|[miss]\n|-miss|p2a: Winged Angel|p1a: Landorus\n|move|p1a: Landorus|Substitute|p1a: Landorus\n|-start|p1a: Landorus|Substitute\n|-damage|p1a: Landorus|25\/100\n|\n|-heal|p2a: Winged Angel|92\/100|[from] Grassy Terrain\n|-heal|p1a: Landorus|31\/100|[from] item: Leftovers\n|-fieldend|move: Grassy Terrain\n|upkeep\n|turn|30\n|\n|t:|1666570661\n|move|p2a: Winged Angel|Hurricane|p1a: Landorus|[miss]\n|-miss|p2a: Winged Angel|p1a: Landorus\n|move|p1a: Landorus|Earthquake|p2a: Winged Angel\n|-damage|p2a: Winged Angel|0 fnt\n|faint|p2a: Winged Angel\n|\n|-heal|p1a: Landorus|37\/100|[from] item: Leftovers\n|upkeep\n|\n|t:|1666570663\n|switch|p2a: OU Incarnate|Landorus-Therian, M, shiny|81\/100\n|-damage|p2a: OU Incarnate|69\/100|[from] Stealth Rock\n|-ability|p2a: OU Incarnate|Intimidate|boost\n|-immune|p1a: Landorus\n|turn|31\n|\n|t:|1666570667\n|move|p1a: Landorus|Smack Down|p2a: OU Incarnate\n|-damage|p2a: OU Incarnate|32\/100\n|-start|p2a: OU Incarnate|Smack Down\n|move|p2a: OU Incarnate|U-turn|p1a: Landorus\n|-resisted|p1a: Landorus\n|-activate|p1a: Landorus|move: Substitute|[damage]\n|\n|t:|1666570670\n|switch|p2a: Chipotle|Heatran, M|20\/100|[from]move: U-turn\n|-damage|p2a: Chipotle|8\/100|[from] Stealth Rock\n|\n|-heal|p1a: Landorus|43\/100|[from] item: Leftovers\n|upkeep\n|turn|32\n|\n|t:|1666570672\n|move|p1a: Landorus|Smack Down|p2a: Chipotle\n|-crit|p2a: Chipotle\n|-damage|p2a: Chipotle|0 fnt\n|faint|p2a: Chipotle\n|\n|-heal|p1a: Landorus|49\/100|[from] item: Leftovers\n|upkeep\n|\n|t:|1666570673\n|switch|p2a: Le Monke|Rillaboom, M, shiny|84\/100\n|-damage|p2a: Le Monke|72\/100|[from] Stealth Rock\n|-fieldstart|move: Grassy Terrain|[from] ability: Grassy Surge|[of] p2a: Le Monke\n|turn|33\n|\n|t:|1666570679\n|move|p2a: Le Monke|Grassy Glide|p1a: Landorus\n|-end|p1a: Landorus|Substitute\n|-damage|p2a: Le Monke|62\/100|[from] item: Life Orb\n|move|p1a: Landorus|Smack Down|p2a: Le Monke\n|-crit|p2a: Le Monke\n|-damage|p2a: Le Monke|11\/100\n|\n|-heal|p1a: Landorus|55\/100|[from] item: Leftovers\n|-heal|p2a: Le Monke|17\/100|[from] Grassy Terrain\n|upkeep\n|turn|34\n|\n|t:|1666570683\n|move|p2a: Le Monke|Grassy Glide|p1a: Landorus\n|-damage|p1a: Landorus|0 fnt\n|faint|p1a: Landorus\n|-damage|p2a: Le Monke|7\/100|[from] item: Life Orb\n|\n|-heal|p2a: Le Monke|13\/100|[from] Grassy Terrain\n|upkeep\n|\n|t:|1666570685\n|switch|p1a: Weavile|Weavile, M|100\/100\n|-damage|p1a: Weavile|76\/100|[from] Stealth Rock\n|-ability|p1a: Weavile|Pressure\n|turn|35\n|\n|t:|1666570692\n|switch|p2a: OU Incarnate|Landorus-Therian, M, shiny|32\/100\n|-damage|p2a: OU Incarnate|19\/100|[from] Stealth Rock\n|-ability|p2a: OU Incarnate|Intimidate|boost\n|-unboost|p1a: Weavile|atk|1\n|move|p1a: Weavile|Ice Shard|p2a: OU Incarnate\n|-supereffective|p2a: OU Incarnate\n|-damage|p2a: OU Incarnate|0 fnt\n|faint|p2a: OU Incarnate\n|-damage|p1a: Weavile|66\/100|[from] item: Life Orb\n|\n|-heal|p1a: Weavile|72\/100|[from] Grassy Terrain\n|upkeep\n|\n|t:|1666570694\n|switch|p2a: Le Monke|Rillaboom, M, shiny|13\/100\n|-damage|p2a: Le Monke|1\/100|[from] Stealth Rock\n|turn|36\n|\n|t:|1666570695\n|move|p1a: Weavile|Ice Shard|p2a: Le Monke\n|-supereffective|p2a: Le Monke\n|-damage|p2a: Le Monke|0 fnt\n|faint|p2a: Le Monke\n|-damage|p1a: Weavile|62\/100|[from] item: Life Orb\n|\n|win|I0SIS\n|raw|I0SIS's rating: 1611 &rarr; <strong>1630<\/strong><br \/>(+19 for winning)\n|raw|PrinceTMR's rating: 1592 &rarr; <strong>1573<\/strong><br \/>(-19 for losing)\n|c|\u2606PrinceTMR|gg\n|c|\u2606I0SIS|gg\n","uploadtime":1666570712,"views":16,"p1id":"i0sis","p2id":"princetmr","formatid":"gen8ou","rating":1573,"private":0,"password":null}