{"id":"gen8ou-1373010918","p1":"lonietzzz","p2":"LT81YL TEAMBUILDER","format":"gen8ou","log":"|raw|<div class=\"broadcast-blue\"><strong>This battle is required to be public due to a player having a name starting with 'lt81yl'.<\/div>\n|j|\u203dlonietzzz\n|j|\u2606LT81YL TEAMBUILDER\n|t:|1625763123\n|gametype|singles\n|player|p1|lonietzzz|pokemonbreederf|1845\n|player|p2|LT81YL TEAMBUILDER|265|1854\n|teamsize|p1|6\n|teamsize|p2|6\n|gen|8\n|tier|[Gen 8] OU\n|rated|\n|rule|Sleep Clause Mod: Limit one foe put to sleep\n|rule|Species Clause: Limit one of each Pok\u00e9mon\n|rule|OHKO Clause: OHKO moves are banned\n|rule|Evasion Moves Clause: Evasion moves are banned\n|rule|Endless Battle Clause: Forcing endless battles is banned\n|rule|HP Percentage Mod: HP is shown in percentages\n|rule|Dynamax Clause: You cannot dynamax\n|clearpoke\n|poke|p1|Tapu Lele|\n|poke|p1|Heatran, F|\n|poke|p1|Urshifu-*, F|\n|poke|p1|Slowbro, F|\n|poke|p1|Landorus-Therian, M|\n|poke|p1|Weavile, F|\n|poke|p2|Weavile, F|\n|poke|p2|Alakazam, M|\n|poke|p2|Amoonguss, M|\n|poke|p2|Heatran, F|\n|poke|p2|Tapu Fini|\n|poke|p2|Landorus-Therian, M|\n|teampreview\n|inactive|Battle timer is ON: inactive players will automatically lose when time's up. (requested by LT81YL TEAMBUILDER)\n|\n|t:|1625763154\n|start\n|switch|p1a: Tapu Lele|Tapu Lele|100\/100\n|switch|p2a: Landorus|Landorus-Therian, M|100\/100\n|-ability|p2a: Landorus|Intimidate|boost\n|-unboost|p1a: Tapu Lele|atk|1\n|-fieldstart|move: Psychic Terrain|[from] ability: Psychic Surge|[of] p1a: Tapu Lele\n|turn|1\n|\n|t:|1625763161\n|switch|p2a: Heatran|Heatran, F|100\/100\n|move|p1a: Tapu Lele|Psychic|p2a: Heatran\n|-resisted|p2a: Heatran\n|-damage|p2a: Heatran|71\/100\n|\n|-heal|p2a: Heatran|77\/100|[from] item: Leftovers\n|upkeep\n|turn|2\n|\n|t:|1625763168\n|switch|p1a: Landorus|Landorus-Therian, M|100\/100\n|-ability|p1a: Landorus|Intimidate|boost\n|-unboost|p2a: Heatran|atk|1\n|move|p2a: Heatran|Stealth Rock|p1a: Landorus\n|-sidestart|p1: lonietzzz|move: Stealth Rock\n|\n|-heal|p2a: Heatran|83\/100|[from] item: Leftovers\n|upkeep\n|turn|3\n|\n|t:|1625763172\n|switch|p2a: Amoonguss|Amoonguss, M|100\/100\n|move|p1a: Landorus|Defog|p2a: Amoonguss\n|-unboost|p2a: Amoonguss|evasion|1\n|-sideend|p1: lonietzzz|Stealth Rock|[from] move: Defog|[of] p1a: Landorus\n|-fieldend|move: Psychic Terrain\n|\n|upkeep\n|turn|4\n|\n|t:|1625763179\n|move|p1a: Landorus|Knock Off|p2a: Amoonguss\n|-damage|p2a: Amoonguss|76\/100\n|-damage|p1a: Landorus|84\/100|[from] item: Rocky Helmet|[of] p2a: Amoonguss\n|-enditem|p2a: Amoonguss|Rocky Helmet|[from] move: Knock Off|[of] p1a: Landorus\n|move|p2a: Amoonguss|Spore|p1a: Landorus\n|-status|p1a: Landorus|slp|[from] move: Spore\n|\n|-heal|p1a: Landorus|90\/100 slp|[from] item: Leftovers\n|upkeep\n|turn|5\n|\n|t:|1625763186\n|switch|p1a: Slowbro|Slowbro, F|100\/100\n|switch|p2a: Tapu Fini|Tapu Fini|100\/100\n|-fieldstart|move: Misty Terrain|[from] ability: Misty Surge|[of] p2a: Tapu Fini\n|\n|upkeep\n|turn|6\n|\n|t:|1625763207\n|move|p2a: Tapu Fini|Moonblast|p1a: Slowbro\n|-damage|p1a: Slowbro|67\/100\n|-unboost|p1a: Slowbro|spa|1\n|move|p1a: Slowbro|Future Sight|p2a: Tapu Fini\n|-start|p1a: Slowbro|move: Future Sight\n|\n|upkeep\n|turn|7\n|\n|t:|1625763214\n|switch|p1a: Heatran|Heatran, F|100\/100\n|move|p2a: Tapu Fini|Taunt|p1a: Heatran\n|-start|p1a: Heatran|move: Taunt\n|\n|upkeep\n|turn|8\n|inactive|LT81YL TEAMBUILDER has 120 seconds left.\n|\n|t:|1625763259\n|switch|p2a: Amoonguss|Amoonguss, M|100\/100\n|move|p1a: Heatran|Magma Storm|p2a: Amoonguss\n|-supereffective|p2a: Amoonguss\n|-crit|p2a: Amoonguss\n|-damage|p2a: Amoonguss|0 fnt\n|faint|p2a: Amoonguss\n|\n|-hint|Future Sight did not hit because the target is fainted.\n|upkeep\n|\n|t:|1625763264\n|switch|p2a: Alakazam|Alakazam, M|100\/100\n|turn|9\n|inactive|lonietzzz has 120 seconds left.\n|\n|t:|1625763311\n|move|p2a: Alakazam|Focus Blast|p1a: Heatran\n|-supereffective|p1a: Heatran\n|-damage|p1a: Heatran|29\/100\n|move|p1a: Heatran|Heavy Slam|p2a: Alakazam\n|-damage|p2a: Alakazam|10\/100\n|\n|-heal|p1a: Heatran|35\/100|[from] item: Leftovers\n|-end|p1a: Heatran|move: Taunt\n|-fieldend|Misty Terrain\n|upkeep\n|turn|10\n|inactive|LT81YL TEAMBUILDER has 120 seconds left.\n|\n|t:|1625763340\n|switch|p1a: Slowbro|Slowbro, F|99\/100\n|move|p2a: Alakazam|Focus Blast|p1a: Slowbro|[miss]\n|-miss|p2a: Alakazam|p1a: Slowbro\n|\n|upkeep\n|turn|11\n|\n|t:|1625763352\n|switch|p2a: Tapu Fini|Tapu Fini|100\/100\n|-fieldstart|move: Misty Terrain|[from] ability: Misty Surge|[of] p2a: Tapu Fini\n|move|p1a: Slowbro|Teleport|p1a: Slowbro\n|\n|t:|1625763355\n|switch|p1a: Tapu Lele|Tapu Lele|100\/100|[from]move: Teleport\n|-fieldstart|move: Psychic Terrain|[from] ability: Psychic Surge|[of] p1a: Tapu Lele\n|\n|upkeep\n|turn|12\n|inactive|lonietzzz has 120 seconds left.\n|inactive|LT81YL TEAMBUILDER has 120 seconds left.\n|\n|t:|1625763379\n|switch|p2a: Landorus|Landorus-Therian, M|100\/100\n|-ability|p2a: Landorus|Intimidate|boost\n|-unboost|p1a: Tapu Lele|atk|1\n|move|p1a: Tapu Lele|Thunderbolt|p2a: Landorus\n|-immune|p2a: Landorus\n|\n|upkeep\n|turn|13\n|inactive|lonietzzz has 120 seconds left.\n|\n|t:|1625763390\n|switch|p1a: Slowbro|Slowbro, F|100\/100\n|move|p2a: Landorus|U-turn|p1a: Slowbro\n|-supereffective|p1a: Slowbro\n|-damage|p1a: Slowbro|71\/100\n|-damage|p2a: Landorus|84\/100|[from] item: Rocky Helmet|[of] p1a: Slowbro\n|\n|t:|1625763400\n|switch|p2a: Alakazam|Alakazam, M|10\/100|[from]move: U-turn\n|\n|upkeep\n|turn|14\n|\n|t:|1625763410\n|switch|p1a: Weavile|Weavile, F|100\/100\n|-ability|p1a: Weavile|Pressure\n|move|p2a: Alakazam|Shadow Ball|p1a: Weavile\n|-resisted|p1a: Weavile\n|-damage|p1a: Weavile|76\/100\n|\n|upkeep\n|turn|15\n|\n|t:|1625763417\n|switch|p2a: Tapu Fini|Tapu Fini|100\/100\n|-fieldstart|move: Misty Terrain|[from] ability: Misty Surge|[of] p2a: Tapu Fini\n|move|p1a: Weavile|Knock Off|p2a: Tapu Fini\n|-resisted|p2a: Tapu Fini\n|-damage|p2a: Tapu Fini|83\/100\n|-enditem|p2a: Tapu Fini|Leftovers|[from] move: Knock Off|[of] p1a: Weavile\n|\n|upkeep\n|turn|16\n|j| Dhdhdjdj\n|\n|t:|1625763433\n|switch|p1a: Tapu Lele|Tapu Lele|100\/100\n|-fieldstart|move: Psychic Terrain|[from] ability: Psychic Surge|[of] p1a: Tapu Lele\n|move|p2a: Tapu Fini|Moonblast|p1a: Tapu Lele\n|-damage|p1a: Tapu Lele|66\/100\n|\n|upkeep\n|turn|17\n|\n|t:|1625763442\n|switch|p2a: Heatran|Heatran, F|83\/100\n|move|p1a: Tapu Lele|Psyshock|p2a: Heatran\n|-resisted|p2a: Heatran\n|-damage|p2a: Heatran|51\/100\n|\n|-heal|p2a: Heatran|58\/100|[from] item: Leftovers\n|upkeep\n|turn|18\n|\n|t:|1625763449\n|switch|p1a: Urshifu|Urshifu-Rapid-Strike, F|100\/100\n|move|p2a: Heatran|Stealth Rock|p1a: Urshifu\n|-sidestart|p1: lonietzzz|move: Stealth Rock\n|\n|-heal|p2a: Heatran|64\/100|[from] item: Leftovers\n|upkeep\n|turn|19\n|\n|t:|1625763474\n|switch|p2a: Landorus|Landorus-Therian, M|84\/100\n|-ability|p2a: Landorus|Intimidate|boost\n|-unboost|p1a: Urshifu|atk|1\n|move|p1a: Urshifu|Surging Strikes|p2a: Landorus\n|-supereffective|p2a: Landorus\n|-crit|p2a: Landorus\n|-damage|p2a: Landorus|36\/100\n|-supereffective|p2a: Landorus\n|-crit|p2a: Landorus\n|-damage|p2a: Landorus|0 fnt\n|faint|p2a: Landorus\n|-hitcount|p2: Landorus|2\n|\n|upkeep\n|\n|t:|1625763484\n|switch|p2a: Tapu Fini|Tapu Fini|83\/100\n|-fieldstart|move: Misty Terrain|[from] ability: Misty Surge|[of] p2a: Tapu Fini\n|turn|20\n|l|\u203dlonietzzz\n|inactive|lonietzzz disconnected and has a minute to reconnect!\n|player|p1|\n|j|\u203dlonietzzz\n|inactive|lonietzzz reconnected and has 115 seconds left.\n|player|p1|lonietzzz|pokemonbreederf\n|\n|t:|1625763517\n|switch|p1a: Slowbro|Slowbro, F|100\/100\n|-damage|p1a: Slowbro|88\/100|[from] Stealth Rock\n|move|p2a: Tapu Fini|Moonblast|p1a: Slowbro\n|-damage|p1a: Slowbro|52\/100\n|-unboost|p1a: Slowbro|spa|1\n|\n|upkeep\n|turn|21\n|\n|t:|1625763528\n|switch|p1a: Heatran|Heatran, F|35\/100\n|-damage|p1a: Heatran|23\/100|[from] Stealth Rock\n|move|p2a: Tapu Fini|Taunt|p1a: Heatran\n|-start|p1a: Heatran|move: Taunt\n|\n|-heal|p1a: Heatran|29\/100|[from] item: Leftovers\n|upkeep\n|turn|22\n|\n|t:|1625763531\n|move|p2a: Tapu Fini|Surf|p1a: Heatran\n|-supereffective|p1a: Heatran\n|-damage|p1a: Heatran|0 fnt\n|faint|p1a: Heatran\n|\n|upkeep\n|\n|t:|1625763534\n|switch|p1a: Tapu Lele|Tapu Lele|66\/100\n|-damage|p1a: Tapu Lele|54\/100|[from] Stealth Rock\n|-fieldstart|move: Psychic Terrain|[from] ability: Psychic Surge|[of] p1a: Tapu Lele\n|turn|23\n|\n|t:|1625763543\n|switch|p2a: Heatran|Heatran, F|64\/100\n|move|p1a: Tapu Lele|Thunderbolt|p2a: Heatran\n|-damage|p2a: Heatran|36\/100\n|\n|-heal|p2a: Heatran|42\/100|[from] item: Leftovers\n|upkeep\n|turn|24\n|\n|t:|1625763555\n|switch|p1a: Urshifu|Urshifu-Rapid-Strike, F|100\/100\n|-damage|p1a: Urshifu|94\/100|[from] Stealth Rock\n|move|p2a: Heatran|Magma Storm|p1a: Urshifu\n|-resisted|p1a: Urshifu\n|-damage|p1a: Urshifu|63\/100\n|-activate|p1a: Urshifu|move: Magma Storm|[of] p2a: Heatran\n|\n|-heal|p2a: Heatran|48\/100|[from] item: Leftovers\n|-damage|p1a: Urshifu|50\/100|[from] move: Magma Storm|[partiallytrapped]\n|upkeep\n|turn|25\n|inactive|LT81YL TEAMBUILDER has 120 seconds left.\n|\n|t:|1625763597\n|switch|p2a: Tapu Fini|Tapu Fini|83\/100\n|-fieldstart|move: Misty Terrain|[from] ability: Misty Surge|[of] p2a: Tapu Fini\n|move|p1a: Urshifu|Surging Strikes|p2a: Tapu Fini\n|-resisted|p2a: Tapu Fini\n|-crit|p2a: Tapu Fini\n|-damage|p2a: Tapu Fini|75\/100\n|-resisted|p2a: Tapu Fini\n|-crit|p2a: Tapu Fini\n|-damage|p2a: Tapu Fini|68\/100\n|-resisted|p2a: Tapu Fini\n|-crit|p2a: Tapu Fini\n|-damage|p2a: Tapu Fini|59\/100\n|-hitcount|p2a: Tapu Fini|3\n|\n|-end|p1a: Urshifu|Magma Storm|[partiallytrapped]|[silent]\n|upkeep\n|turn|26\n|\n|t:|1625763605\n|switch|p1a: Slowbro|Slowbro, F|86\/100\n|-damage|p1a: Slowbro|73\/100|[from] Stealth Rock\n|move|p2a: Tapu Fini|Moonblast|p1a: Slowbro\n|-crit|p1a: Slowbro\n|-damage|p1a: Slowbro|21\/100\n|\n|upkeep\n|turn|27\n|\n|t:|1625763615\n|switch|p1a: Landorus|Landorus-Therian, M|90\/100 slp\n|-damage|p1a: Landorus|78\/100 slp|[from] Stealth Rock\n|-ability|p1a: Landorus|Intimidate|boost\n|-unboost|p2a: Tapu Fini|atk|1\n|move|p2a: Tapu Fini|Moonblast|p1a: Landorus\n|-damage|p1a: Landorus|45\/100 slp\n|\n|-heal|p1a: Landorus|51\/100 slp|[from] item: Leftovers\n|upkeep\n|turn|28\n|\n|t:|1625763621\n|move|p2a: Tapu Fini|Surf|p1a: Landorus\n|-supereffective|p1a: Landorus\n|-damage|p1a: Landorus|0 fnt\n|faint|p1a: Landorus\n|\n|upkeep\n|\n|t:|1625763623\n|switch|p1a: Tapu Lele|Tapu Lele|54\/100\n|-damage|p1a: Tapu Lele|41\/100|[from] Stealth Rock\n|-fieldstart|move: Psychic Terrain|[from] ability: Psychic Surge|[of] p1a: Tapu Lele\n|turn|29\n|\n|t:|1625763633\n|switch|p2a: Heatran|Heatran, F|48\/100\n|move|p1a: Tapu Lele|Thunderbolt|p2a: Heatran\n|-crit|p2a: Heatran\n|-damage|p2a: Heatran|7\/100\n|\n|-heal|p2a: Heatran|13\/100|[from] item: Leftovers\n|upkeep\n|turn|30\n|\n|t:|1625763641\n|move|p1a: Tapu Lele|Thunderbolt|p2a: Heatran\n|-damage|p2a: Heatran|0 fnt\n|faint|p2a: Heatran\n|\n|upkeep\n|\n|t:|1625763644\n|switch|p2a: Weavile|Weavile, F|100\/100\n|-ability|p2a: Weavile|Pressure\n|turn|31\n|\n|t:|1625763648\n|switch|p1a: Weavile|Weavile, F|76\/100\n|-ability|p1a: Weavile|Pressure\n|move|p2a: Weavile|Knock Off|p1a: Weavile\n|-resisted|p1a: Weavile\n|-damage|p1a: Weavile|31\/100\n|-enditem|p1a: Weavile|Heavy-Duty Boots|[from] move: Knock Off|[of] p2a: Weavile\n|\n|upkeep\n|turn|32\n|\n|t:|1625763655\n|move|p2a: Weavile|Icicle Crash|p1a: Weavile|[miss]\n|-miss|p2a: Weavile|p1a: Weavile\n|move|p1a: Weavile|Low Kick|p2a: Weavile\n|-supereffective|p2a: Weavile\n|-damage|p2a: Weavile|0 fnt\n|faint|p2a: Weavile\n|\n|upkeep\n|\n|t:|1625763665\n|switch|p2a: Tapu Fini|Tapu Fini|59\/100\n|-fieldstart|move: Misty Terrain|[from] ability: Misty Surge|[of] p2a: Tapu Fini\n|turn|33\n|\n|t:|1625763671\n|move|p1a: Weavile|Knock Off|p2a: Tapu Fini\n|-resisted|p2a: Tapu Fini\n|-damage|p2a: Tapu Fini|47\/100\n|move|p2a: Tapu Fini|Moonblast|p1a: Weavile\n|-supereffective|p1a: Weavile\n|-damage|p1a: Weavile|0 fnt\n|faint|p1a: Weavile\n|\n|upkeep\n|\n|t:|1625763674\n|switch|p1a: Tapu Lele|Tapu Lele|41\/100\n|-damage|p1a: Tapu Lele|29\/100|[from] Stealth Rock\n|-fieldstart|move: Psychic Terrain|[from] ability: Psychic Surge|[of] p1a: Tapu Lele\n|turn|34\n|\n|t:|1625763678\n|move|p1a: Tapu Lele|Thunderbolt|p2a: Tapu Fini\n|-supereffective|p2a: Tapu Fini\n|-damage|p2a: Tapu Fini|0 fnt\n|faint|p2a: Tapu Fini\n|\n|upkeep\n|\n|t:|1625763681\n|switch|p2a: Alakazam|Alakazam, M|10\/100\n|turn|35\n|\n|t:|1625763693\n|move|p2a: Alakazam|Shadow Ball|p1a: Tapu Lele\n|-supereffective|p1a: Tapu Lele\n|-damage|p1a: Tapu Lele|0 fnt\n|faint|p1a: Tapu Lele\n|\n|upkeep\n|\n|t:|1625763699\n|switch|p1a: Urshifu|Urshifu-Rapid-Strike, F|50\/100\n|-damage|p1a: Urshifu|44\/100|[from] Stealth Rock\n|turn|36\n|\n|t:|1625763703\n|move|p1a: Urshifu|U-turn|p2a: Alakazam\n|-supereffective|p2a: Alakazam\n|-damage|p2a: Alakazam|0 fnt\n|faint|p2a: Alakazam\n|\n|win|lonietzzz\n|raw|lonietzzz's rating: 1820 &rarr; <strong>1842<\/strong><br \/>(+22 for winning)\n|raw|LT81YL TEAMBUILDER's rating: 1854 &rarr; <strong>1832<\/strong><br \/>(-22 for losing)\n|l|\u2606LT81YL TEAMBUILDER\n|l| Dhdhdjdj\n||Ladder isn't responding, score probably updated but might not have (Request timeout).\n","uploadtime":1625763709,"views":48,"p1id":"lonietzzz","p2id":"lt81ylteambuilder","formatid":"gen8ou","rating":1832,"private":0,"password":null}