{"id":"gen8ou-1166858879","p1":"Commando 55","p2":"hitoshura3","format":"gen8ou","log":"|j|\u2606Commando 55\n|j|\u2606hitoshura3\n|t:|1597119390\n|player|p1|Commando 55|iris-gen5bw2|1838\n|player|p2|hitoshura3|sisandbro|1949\n|teamsize|p1|6\n|teamsize|p2|6\n|gametype|singles\n|gen|8\n|tier|[Gen 8] OU\n|rated|\n|clearpoke\n|poke|p1|Raboot, M|\n|poke|p1|Dragapult, F|\n|poke|p1|Zeraora|\n|poke|p1|Azumarill, M|\n|poke|p1|Mandibuzz, F|\n|poke|p1|Clefable, F|\n|poke|p2|Aegislash, M|\n|poke|p2|Clefable, M|\n|poke|p2|Toxapex, F|\n|poke|p2|Mandibuzz, F|\n|poke|p2|Rhyperior, F|\n|poke|p2|Talonflame, M|\n|rule|Sleep Clause Mod: Limit one foe put to sleep\n|rule|Species Clause: Limit one of each Pok\u00e9mon\n|rule|OHKO Clause: OHKO moves are banned\n|rule|Evasion Moves Clause: Evasion moves are banned\n|rule|Endless Battle Clause: Forcing endless battles is banned\n|rule|HP Percentage Mod: HP is shown in percentages\n|rule|Dynamax Clause: You cannot dynamax\n|teampreview\n|inactive|Battle timer is ON: inactive players will automatically lose when time's up. (requested by Commando 55)\n|\n|t:|1597119401\n|start\n|switch|p1a: Azumarill|Azumarill, M, shiny|100\/100\n|switch|p2a: Toxapex|Toxapex, F|100\/100\n|turn|1\n|\n|t:|1597119408\n|move|p1a: Azumarill|Whirlpool|p2a: Toxapex\n|-resisted|p2a: Toxapex\n|-damage|p2a: Toxapex|98\/100\n|-activate|p2a: Toxapex|move: Whirlpool|[of] p1a: Azumarill\n|move|p2a: Toxapex|Toxic Spikes|p1a: Azumarill\n|-sidestart|p1: Commando 55|move: Toxic Spikes\n|\n|-heal|p2a: Toxapex|100\/100|[from] item: Black Sludge\n|-damage|p2a: Toxapex|88\/100|[from] move: Whirlpool|[partiallytrapped]\n|upkeep\n|turn|2\n|\n|t:|1597119412\n|move|p1a: Azumarill|Perish Song|p1a: Azumarill\n|-start|p1a: Azumarill|perish3|[silent]\n|-start|p2a: Toxapex|perish3|[silent]\n|-fieldactivate|move: Perish Song\n|move|p2a: Toxapex|Knock Off|p1a: Azumarill\n|-resisted|p1a: Azumarill\n|-damage|p1a: Azumarill|94\/100\n|-enditem|p1a: Azumarill|Leftovers|[from] move: Knock Off|[of] p2a: Toxapex\n|\n|-heal|p2a: Toxapex|94\/100|[from] item: Black Sludge\n|-damage|p2a: Toxapex|82\/100|[from] move: Whirlpool|[partiallytrapped]\n|-start|p1a: Azumarill|perish3\n|-start|p2a: Toxapex|perish3\n|upkeep\n|turn|3\n|\n|t:|1597119417\n|move|p1a: Azumarill|Protect|p1a: Azumarill\n|-singleturn|p1a: Azumarill|Protect\n|move|p2a: Toxapex|Toxic Spikes|p1a: Azumarill\n|-sidestart|p1: Commando 55|move: Toxic Spikes\n|\n|-heal|p2a: Toxapex|88\/100|[from] item: Black Sludge\n|-damage|p2a: Toxapex|76\/100|[from] move: Whirlpool|[partiallytrapped]\n|-start|p1a: Azumarill|perish2\n|-start|p2a: Toxapex|perish2\n|upkeep\n|turn|4\n|\n|t:|1597119421\n|move|p1a: Azumarill|Protect||[still]\n|-fail|p1a: Azumarill\n|move|p2a: Toxapex|Recover|p2a: Toxapex\n|-heal|p2a: Toxapex|100\/100\n|\n|-damage|p2a: Toxapex|88\/100|[from] move: Whirlpool|[partiallytrapped]\n|-start|p1a: Azumarill|perish1\n|-start|p2a: Toxapex|perish1\n|upkeep\n|turn|5\n|\n|t:|1597119427\n|switch|p1a: Clefable|Clefable, F|100\/100\n|-status|p1a: Clefable|tox\n|move|p2a: Toxapex|Knock Off|p1a: Clefable\n|-resisted|p1a: Clefable\n|-damage|p1a: Clefable|95\/100 tox\n|-enditem|p1a: Clefable|Leftovers|[from] move: Knock Off|[of] p2a: Toxapex\n|\n|-heal|p2a: Toxapex|94\/100|[from] item: Black Sludge\n|-end|p2a: Toxapex|Whirlpool|[partiallytrapped]|[silent]\n|-start|p2a: Toxapex|perish0\n|upkeep\n|faint|p2a: Toxapex\n|\n|t:|1597119429\n|switch|p2a: Aegislash|Aegislash, M|100\/100\n|-item|p2a: Aegislash|Air Balloon\n|turn|6\n|\n|t:|1597119438\n|switch|p1a: Mandibuzz|Mandibuzz, F|100\/100\n|move|p2a: Aegislash|Swords Dance|p2a: Aegislash\n|-boost|p2a: Aegislash|atk|2\n|\n|upkeep\n|turn|7\n|\n|t:|1597119459\n|-formechange|p2a: Aegislash|Aegislash-Blade||[from] ability: Stance Change\n|move|p2a: Aegislash|Head Smash|p1a: Mandibuzz\n|-supereffective|p1a: Mandibuzz\n|-damage|p1a: Mandibuzz|0 fnt\n|-damage|p2a: Aegislash|19\/100|[from] Recoil\n|faint|p1a: Mandibuzz\n|\n|upkeep\n|\n|t:|1597119468\n|switch|p1a: Raboot|Raboot, M, shiny|100\/100\n|-status|p1a: Raboot|tox\n|turn|8\n|\n|t:|1597119472\n|switch|p2a: Rhyperior|Rhyperior, F|100\/100\n|move|p1a: Raboot|Sucker Punch||[still]\n|-fail|p1a: Raboot\n|\n|-damage|p1a: Raboot|95\/100 tox|[from] psn\n|upkeep\n|turn|9\n|\n|t:|1597119478\n|switch|p1a: Clefable|Clefable, F|95\/100 tox\n|move|p2a: Rhyperior|Earthquake|p1a: Clefable\n|-damage|p1a: Clefable|50\/100 tox\n|\n|upkeep\n|turn|10\n|\n|t:|1597119490\n|move|p2a: Rhyperior|Swords Dance|p2a: Rhyperior\n|-boost|p2a: Rhyperior|atk|2\n|move|p1a: Clefable|Moonblast|p2a: Rhyperior\n|-damage|p2a: Rhyperior|60\/100\n|\n|-heal|p2a: Rhyperior|66\/100|[from] item: Leftovers\n|upkeep\n|turn|11\n|inactive|Commando 55 has 120 seconds left.\n|\n|t:|1597119531\n|switch|p1a: Azumarill|Azumarill, M, shiny|94\/100\n|-status|p1a: Azumarill|tox\n|move|p2a: Rhyperior|Earthquake|p1a: Azumarill\n|-damage|p1a: Azumarill|0 fnt\n|faint|p1a: Azumarill\n|\n|-heal|p2a: Rhyperior|72\/100|[from] item: Leftovers\n|upkeep\n|\n|t:|1597119544\n|switch|p1a: Raboot|Raboot, M, shiny|95\/100 tox\n|turn|12\n|\n|t:|1597119549\n|move|p1a: Raboot|High Jump Kick|p2a: Rhyperior\n|-start|p1a: Raboot|typechange|Fighting|[from] ability: Libero\n|-supereffective|p2a: Rhyperior\n|-damage|p2a: Rhyperior|0 fnt\n|faint|p2a: Rhyperior\n|\n|-damage|p1a: Raboot|89\/100 tox|[from] psn\n|upkeep\n|\n|t:|1597119555\n|switch|p2a: Aegislash|Aegislash, M|19\/100\n|-item|p2a: Aegislash|Air Balloon\n|turn|13\n|inactive|Commando 55 has 120 seconds left.\n|\n|t:|1597119570\n|switch|p1a: Zeraora|Zeraora, shiny|100\/100\n|-status|p1a: Zeraora|tox\n|-formechange|p2a: Aegislash|Aegislash-Blade||[from] ability: Stance Change\n|move|p2a: Aegislash|Close Combat|p1a: Zeraora\n|-damage|p1a: Zeraora|34\/100 tox\n|-unboost|p2a: Aegislash|def|1\n|-unboost|p2a: Aegislash|spd|1\n|\n|-damage|p1a: Zeraora|28\/100 tox|[from] psn\n|upkeep\n|turn|14\n|\n|t:|1597119578\n|switch|p2a: Clefable|Clefable, M|100\/100\n|move|p1a: Zeraora|Volt Switch|p2a: Clefable\n|-damage|p2a: Clefable|75\/100\n|\n|t:|1597119584\n|switch|p1a: Raboot|Raboot, M, shiny|89\/100 tox|[from]move: Volt Switch\n|\n|-damage|p1a: Raboot|83\/100 tox|[from] psn\n|upkeep\n|turn|15\n|\n|t:|1597119589\n|switch|p2a: Mandibuzz|Mandibuzz, F|100\/100\n|move|p1a: Raboot|Gunk Shot|p2a: Mandibuzz\n|-start|p1a: Raboot|typechange|Poison|[from] ability: Libero\n|-damage|p2a: Mandibuzz|36\/100\n|\n|-damage|p1a: Raboot|71\/100 tox|[from] psn\n|upkeep\n|turn|16\n|\n|t:|1597119599\n|switch|p1a: Dragapult|Dragapult, F, shiny|100\/100\n|-status|p1a: Dragapult|tox\n|move|p2a: Mandibuzz|U-turn|p1a: Dragapult\n|-resisted|p1a: Dragapult\n|-damage|p1a: Dragapult|93\/100 tox\n|\n|t:|1597119603\n|switch|p2a: Clefable|Clefable, M|75\/100|[from]move: U-turn\n|\n|-damage|p1a: Dragapult|87\/100 tox|[from] psn\n|upkeep\n|turn|17\n|\n|t:|1597119609\n|move|p1a: Dragapult|U-turn|p2a: Clefable\n|-resisted|p2a: Clefable\n|-damage|p2a: Clefable|68\/100\n|\n|t:|1597119612\n|switch|p1a: Clefable|Clefable, F|50\/100 tox|[from]move: U-turn\n|move|p2a: Clefable|Soft-Boiled|p2a: Clefable\n|-heal|p2a: Clefable|100\/100\n|\n|upkeep\n|turn|18\n|\n|t:|1597119623\n|move|p2a: Clefable|Stealth Rock|p1a: Clefable\n|-sidestart|p1: Commando 55|move: Stealth Rock\n|move|p1a: Clefable|Teleport|p1a: Clefable\n|\n|t:|1597119626\n|switch|p1a: Raboot|Raboot, M, shiny|71\/100 tox|[from]move: Teleport\n|-damage|p1a: Raboot|46\/100 tox|[from] Stealth Rock\n|\n|-damage|p1a: Raboot|40\/100 tox|[from] psn\n|upkeep\n|turn|19\n|\n|t:|1597119645\n|switch|p2a: Mandibuzz|Mandibuzz, F|36\/100\n|move|p1a: Raboot|Gunk Shot|p2a: Mandibuzz\n|-start|p1a: Raboot|typechange|Poison|[from] ability: Libero\n|-damage|p2a: Mandibuzz|0 fnt\n|faint|p2a: Mandibuzz\n|\n|-damage|p1a: Raboot|29\/100 tox|[from] psn\n|upkeep\n|\n|t:|1597119650\n|switch|p2a: Aegislash|Aegislash, M|19\/100\n|-item|p2a: Aegislash|Air Balloon\n|turn|20\n|\n|t:|1597119655\n|switch|p1a: Clefable|Clefable, F|50\/100 tox\n|-formechange|p2a: Aegislash|Aegislash-Blade||[from] ability: Stance Change\n|move|p2a: Aegislash|Iron Head|p1a: Clefable\n|-supereffective|p1a: Clefable\n|-damage|p1a: Clefable|0 fnt\n|faint|p1a: Clefable\n|\n|upkeep\n|\n|t:|1597119660\n|switch|p1a: Dragapult|Dragapult, F, shiny|87\/100 tox\n|-damage|p1a: Dragapult|75\/100 tox|[from] Stealth Rock\n|turn|21\n|\n|t:|1597119663\n|switch|p2a: Clefable|Clefable, M|100\/100\n|move|p1a: Dragapult|Shadow Ball|p2a: Clefable\n|-damage|p2a: Clefable|53\/100\n|\n|-damage|p1a: Dragapult|69\/100 tox|[from] psn\n|upkeep\n|turn|22\n|\n|t:|1597119678\n|move|p1a: Dragapult|Shadow Ball|p2a: Clefable\n|-damage|p2a: Clefable|3\/100\n|-unboost|p2a: Clefable|spd|1\n|move|p2a: Clefable|Moonblast|p1a: Dragapult\n|-supereffective|p1a: Dragapult\n|-damage|p1a: Dragapult|0 fnt\n|faint|p1a: Dragapult\n|\n|upkeep\n|j| WidmSpectra\n|\n|t:|1597119705\n|switch|p1a: Zeraora|Zeraora, shiny|28\/100 tox\n|-damage|p1a: Zeraora|16\/100 tox|[from] Stealth Rock\n|turn|23\n|l| WidmSpectra\n|\n|t:|1597119710\n|move|p1a: Zeraora|Plasma Fists|p2a: Clefable\n|-damage|p2a: Clefable|0 fnt\n|-fieldactivate|move: Ion Deluge\n|faint|p2a: Clefable\n|\n|-damage|p1a: Zeraora|10\/100 tox|[from] psn\n|upkeep\n|\n|t:|1597119711\n|switch|p2a: Talonflame|Talonflame, M|100\/100\n|turn|24\n|\n|t:|1597119718\n|move|p2a: Talonflame|Brave Bird|p1a: Zeraora\n|-resisted|p1a: Zeraora\n|-damage|p1a: Zeraora|0 fnt\n|-damage|p2a: Talonflame|98\/100|[from] Recoil\n|faint|p1a: Zeraora\n|\n|upkeep\n|\n|t:|1597119720\n|switch|p1a: Raboot|Raboot, M, shiny|29\/100 tox\n|-damage|p1a: Raboot|4\/100 tox|[from] Stealth Rock\n|turn|25\n|\n|t:|1597119722\n|move|p1a: Raboot|Sucker Punch|p2a: Talonflame\n|-start|p1a: Raboot|typechange|Dark|[from] ability: Libero\n|-damage|p2a: Talonflame|39\/100\n|move|p2a: Talonflame|Brave Bird|p1a: Raboot\n|-damage|p1a: Raboot|0 fnt\n|-damage|p2a: Talonflame|38\/100|[from] Recoil\n|faint|p1a: Raboot\n|\n|win|hitoshura3\n|raw|Commando 55's rating: 1838 &rarr; <strong>1824<\/strong><br \/>(-14 for losing)\n|raw|hitoshura3's rating: 1949 &rarr; <strong>1963<\/strong><br \/>(+14 for winning)\n|l|\u2606Commando 55\n","uploadtime":1597119787,"views":181,"p1id":"commando55","p2id":"hitoshura3","formatid":"gen8ou","rating":1824,"private":0,"password":null}