{"id":"gen8ou-1174849190","p1":"LT73IU Raptor","p2":"Ayante","format":"gen8ou","log":"|raw|<div class=\"broadcast-blue\"><strong>This battle is required to be public due to a player having a name starting with 'LT73IU'.<\/div>\n|j|\u2606LT73IU Raptor\n|j|\u2606Ayante\n|t:|1598321542\n|player|p1|LT73IU Raptor|hilbert-dueldisk|1756\n|player|p2|Ayante|koga|1599\n|teamsize|p1|6\n|teamsize|p2|6\n|gametype|singles\n|gen|8\n|tier|[Gen 8] OU\n|rated|\n|clearpoke\n|poke|p1|Excadrill, M|\n|poke|p1|Rillaboom, M|\n|poke|p1|Volcarona, M|\n|poke|p1|Urshifu-*, M|\n|poke|p1|Toxtricity, M|\n|poke|p1|Primarina, M|\n|poke|p2|Amoonguss, M|\n|poke|p2|Primarina, F|\n|poke|p2|Dragapult, F|\n|poke|p2|Rotom-Heat|\n|poke|p2|Corviknight, M|\n|poke|p2|Kommo-o, F|\n|rule|Sleep Clause Mod: Limit one foe put to sleep\n|rule|Species Clause: Limit one of each Pok\u00e9mon\n|rule|OHKO Clause: OHKO moves are banned\n|rule|Evasion Moves Clause: Evasion moves are banned\n|rule|Endless Battle Clause: Forcing endless battles is banned\n|rule|HP Percentage Mod: HP is shown in percentages\n|rule|Dynamax Clause: You cannot dynamax\n|teampreview\n|inactive|Battle timer is ON: inactive players will automatically lose when time's up. (requested by LT73IU Raptor)\n|\n|t:|1598321556\n|start\n|switch|p1a: Impaler|Excadrill, M, shiny|100\/100\n|switch|p2a: Kommo-o|Kommo-o, F|100\/100\n|-ability|p1a: Impaler|Mold Breaker\n|turn|1\n|\n|t:|1598321564\n|switch|p1a: Primarina|Primarina, M|100\/100\n|move|p2a: Kommo-o|Body Press|p1a: Primarina\n|-resisted|p1a: Primarina\n|-damage|p1a: Primarina|82\/100\n|\n|-heal|p1a: Primarina|88\/100|[from] item: Leftovers\n|upkeep\n|turn|2\n|\n|t:|1598321576\n|switch|p1a: Impaler|Excadrill, M, shiny|100\/100\n|-ability|p1a: Impaler|Mold Breaker\n|move|p2a: Kommo-o|Taunt|p1a: Impaler\n|-start|p1a: Impaler|move: Taunt\n|\n|upkeep\n|turn|3\n|\n|t:|1598321584\n|switch|p1a: Primarina|Primarina, M|88\/100\n|move|p2a: Kommo-o|Stealth Rock|p1a: Primarina\n|-sidestart|p1: LT73IU Raptor|move: Stealth Rock\n|\n|-heal|p1a: Primarina|94\/100|[from] item: Leftovers\n|upkeep\n|turn|4\n|\n|t:|1598321595\n|switch|p2a: Amoonguss|Amoonguss, M|100\/100\n|switch|p1a: Impaler|Excadrill, M, shiny|100\/100\n|-damage|p1a: Impaler|97\/100|[from] Stealth Rock\n|-ability|p1a: Impaler|Mold Breaker\n|\n|-heal|p1a: Impaler|100\/100|[from] item: Leftovers\n|upkeep\n|turn|5\n|\n|t:|1598321606\n|move|p1a: Impaler|Stealth Rock|p2a: Amoonguss\n|-sidestart|p2: Ayante|move: Stealth Rock\n|move|p2a: Amoonguss|Spore|p1a: Impaler\n|-status|p1a: Impaler|slp|[from] move: Spore\n|\n|upkeep\n|turn|6\n|\n|t:|1598321617\n|switch|p2a: Rotom|Rotom-Heat|100\/100\n|cant|p1a: Impaler|slp\n|\n|upkeep\n|turn|7\n|\n|t:|1598321624\n|cant|p1a: Impaler|slp\n|move|p2a: Rotom|Overheat|p1a: Impaler\n|-supereffective|p1a: Impaler\n|-damage|p1a: Impaler|12\/100 slp\n|-unboost|p2a: Rotom|spa|2\n|\n|-heal|p1a: Impaler|18\/100 slp|[from] item: Leftovers\n|upkeep\n|turn|8\n|\n|t:|1598321634\n|switch|p1a: Amaterasu|Volcarona, M, shiny|100\/100\n|switch|p2a: Kommo-o|Kommo-o, F|100\/100\n|-damage|p2a: Kommo-o|94\/100|[from] Stealth Rock\n|\n|-heal|p2a: Kommo-o|100\/100|[from] item: Leftovers\n|upkeep\n|turn|9\n|\n|t:|1598321648\n|switch|p2a: Dragapult|Dragapult, F|100\/100\n|-damage|p2a: Dragapult|88\/100|[from] Stealth Rock\n|move|p1a: Amaterasu|Safeguard|p1a: Amaterasu\n|-sidestart|p1: LT73IU Raptor|Safeguard\n|\n|-heal|p2a: Dragapult|94\/100|[from] item: Leftovers\n|upkeep\n|turn|10\n|\n|t:|1598321656\n|move|p2a: Dragapult|Dragon Darts|p1a: Amaterasu\n|-damage|p1a: Amaterasu|78\/100\n|-anim|p2a: Dragapult|Dragon Darts|p1a: Amaterasu\n|-damage|p1a: Amaterasu|53\/100\n|move|p1a: Amaterasu|Quiver Dance|p1a: Amaterasu\n|-boost|p1a: Amaterasu|spa|1\n|-boost|p1a: Amaterasu|spd|1\n|-boost|p1a: Amaterasu|spe|1\n|\n|-heal|p2a: Dragapult|99\/100|[from] item: Leftovers\n|upkeep\n|turn|11\n|\n|t:|1598321667\n|move|p2a: Dragapult|Dragon Dance|p2a: Dragapult\n|-boost|p2a: Dragapult|atk|1\n|-boost|p2a: Dragapult|spe|1\n|move|p1a: Amaterasu|Roost|p1a: Amaterasu\n|-heal|p1a: Amaterasu|100\/100\n|-singleturn|p1a: Amaterasu|move: Roost\n|\n|-heal|p2a: Dragapult|100\/100|[from] item: Leftovers\n|upkeep\n|turn|12\n|\n|t:|1598321677\n|switch|p1a: Impaler|Excadrill, M, shiny|18\/100 slp\n|-damage|p1a: Impaler|15\/100 slp|[from] Stealth Rock\n|-ability|p1a: Impaler|Mold Breaker\n|move|p2a: Dragapult|Substitute|p2a: Dragapult\n|-start|p2a: Dragapult|Substitute\n|-damage|p2a: Dragapult|76\/100\n|\n|-heal|p2a: Dragapult|82\/100|[from] item: Leftovers\n|-heal|p1a: Impaler|21\/100 slp|[from] item: Leftovers\n|upkeep\n|turn|13\n|\n|t:|1598321689\n|move|p2a: Dragapult|Dragon Darts|p1a: Impaler\n|-resisted|p1a: Impaler\n|-damage|p1a: Impaler|0 fnt\n|faint|p1a: Impaler\n|\n|-heal|p2a: Dragapult|88\/100|[from] item: Leftovers\n|-sideend|p1: LT73IU Raptor|Safeguard\n|upkeep\n|\n|t:|1598321692\n|switch|p1a: Primarina|Primarina, M|94\/100\n|-damage|p1a: Primarina|82\/100|[from] Stealth Rock\n|turn|14\n|\n|t:|1598321706\n|switch|p2a: Amoonguss|Amoonguss, M|100\/100\n|-damage|p2a: Amoonguss|88\/100|[from] Stealth Rock\n|move|p1a: Primarina|Substitute|p1a: Primarina\n|-start|p1a: Primarina|Substitute\n|-damage|p1a: Primarina|57\/100\n|\n|-heal|p1a: Primarina|63\/100|[from] item: Leftovers\n|upkeep\n|turn|15\n|\n|t:|1598321715\n|switch|p2a: Primarina|Primarina, F|100\/100\n|-damage|p2a: Primarina|88\/100|[from] Stealth Rock\n|move|p1a: Primarina|Calm Mind|p1a: Primarina\n|-boost|p1a: Primarina|spa|1\n|-boost|p1a: Primarina|spd|1\n|\n|-heal|p1a: Primarina|69\/100|[from] item: Leftovers\n|-heal|p2a: Primarina|94\/100|[from] item: Leftovers\n|upkeep\n|turn|16\n|\n|t:|1598321726\n|move|p1a: Primarina|Draining Kiss|p2a: Primarina\n|-damage|p2a: Primarina|69\/100\n|-heal|p1a: Primarina|88\/100|[from] drain|[of] p2a: Primarina\n|move|p2a: Primarina|Calm Mind|p2a: Primarina\n|-boost|p2a: Primarina|spa|1\n|-boost|p2a: Primarina|spd|1\n|\n|-heal|p1a: Primarina|94\/100|[from] item: Leftovers\n|-heal|p2a: Primarina|75\/100|[from] item: Leftovers\n|upkeep\n|turn|17\n|\n|t:|1598321738\n|move|p1a: Primarina|Calm Mind|p1a: Primarina\n|-boost|p1a: Primarina|spa|1\n|-boost|p1a: Primarina|spd|1\n|move|p2a: Primarina|Substitute|p2a: Primarina\n|-start|p2a: Primarina|Substitute\n|-damage|p2a: Primarina|50\/100\n|\n|-heal|p1a: Primarina|99\/100|[from] item: Leftovers\n|-heal|p2a: Primarina|56\/100|[from] item: Leftovers\n|upkeep\n|turn|18\n|\n|t:|1598321748\n|move|p1a: Primarina|Draining Kiss|p2a: Primarina\n|-activate|p2a: Primarina|move: Substitute|[damage]\n|-heal|p1a: Primarina|100\/100|[from] drain|[of] p2a: Primarina\n|move|p2a: Primarina|Calm Mind|p2a: Primarina\n|-boost|p2a: Primarina|spa|1\n|-boost|p2a: Primarina|spd|1\n|\n|-heal|p2a: Primarina|62\/100|[from] item: Leftovers\n|upkeep\n|turn|19\n|\n|t:|1598321758\n|move|p1a: Primarina|Calm Mind|p1a: Primarina\n|-boost|p1a: Primarina|spa|1\n|-boost|p1a: Primarina|spd|1\n|move|p2a: Primarina|Calm Mind|p2a: Primarina\n|-boost|p2a: Primarina|spa|1\n|-boost|p2a: Primarina|spd|1\n|\n|-heal|p2a: Primarina|69\/100|[from] item: Leftovers\n|upkeep\n|turn|20\n|\n|t:|1598321768\n|move|p1a: Primarina|Calm Mind|p1a: Primarina\n|-boost|p1a: Primarina|spa|1\n|-boost|p1a: Primarina|spd|1\n|move|p2a: Primarina|Calm Mind|p2a: Primarina\n|-boost|p2a: Primarina|spa|1\n|-boost|p2a: Primarina|spd|1\n|\n|-heal|p2a: Primarina|75\/100|[from] item: Leftovers\n|upkeep\n|turn|21\n|\n|t:|1598321777\n|move|p1a: Primarina|Calm Mind|p1a: Primarina\n|-boost|p1a: Primarina|spa|1\n|-boost|p1a: Primarina|spd|1\n|move|p2a: Primarina|Calm Mind|p2a: Primarina\n|-boost|p2a: Primarina|spa|1\n|-boost|p2a: Primarina|spd|1\n|\n|-heal|p2a: Primarina|81\/100|[from] item: Leftovers\n|upkeep\n|turn|22\n|\n|t:|1598321787\n|move|p1a: Primarina|Calm Mind|p1a: Primarina\n|-boost|p1a: Primarina|spa|1\n|-boost|p1a: Primarina|spd|1\n|move|p2a: Primarina|Calm Mind|p2a: Primarina\n|-boost|p2a: Primarina|spa|1\n|-boost|p2a: Primarina|spd|1\n|\n|-heal|p2a: Primarina|87\/100|[from] item: Leftovers\n|upkeep\n|turn|23\n|\n|t:|1598321797\n|move|p1a: Primarina|Scald|p2a: Primarina\n|-resisted|p2a: Primarina\n|-end|p2a: Primarina|Substitute\n|move|p2a: Primarina|Calm Mind|p2a: Primarina\n|-boost|p2a: Primarina|spa|0\n|-boost|p2a: Primarina|spd|0\n|\n|-heal|p2a: Primarina|93\/100|[from] item: Leftovers\n|upkeep\n|turn|24\n|\n|t:|1598321806\n|move|p1a: Primarina|Scald|p2a: Primarina\n|-resisted|p2a: Primarina\n|-damage|p2a: Primarina|79\/100\n|move|p2a: Primarina|Substitute|p2a: Primarina\n|-start|p2a: Primarina|Substitute\n|-damage|p2a: Primarina|54\/100\n|\n|-heal|p2a: Primarina|60\/100|[from] item: Leftovers\n|upkeep\n|turn|25\n|\n|t:|1598321817\n|move|p1a: Primarina|Scald|p2a: Primarina\n|-resisted|p2a: Primarina\n|-crit|p2a: Primarina\n|-end|p2a: Primarina|Substitute\n|move|p2a: Primarina|Scald|p1a: Primarina\n|-resisted|p1a: Primarina\n|-activate|p1a: Primarina|move: Substitute|[damage]\n|\n|-heal|p2a: Primarina|66\/100|[from] item: Leftovers\n|upkeep\n|turn|26\n|\n|t:|1598321828\n|move|p1a: Primarina|Scald|p2a: Primarina\n|-resisted|p2a: Primarina\n|-damage|p2a: Primarina|53\/100\n|-status|p2a: Primarina|brn\n|move|p2a: Primarina|Substitute|p2a: Primarina\n|-start|p2a: Primarina|Substitute\n|-damage|p2a: Primarina|28\/100 brn\n|\n|-heal|p2a: Primarina|34\/100 brn|[from] item: Leftovers\n|-damage|p2a: Primarina|28\/100 brn|[from] brn\n|upkeep\n|turn|27\n|\n|t:|1598321839\n|move|p1a: Primarina|Scald|p2a: Primarina\n|-resisted|p2a: Primarina\n|-activate|p2a: Primarina|move: Substitute|[damage]\n|move|p2a: Primarina|Draining Kiss|p1a: Primarina\n|-end|p1a: Primarina|Substitute\n|-heal|p2a: Primarina|36\/100 brn|[from] drain|[of] p1a: Primarina\n|\n|-heal|p2a: Primarina|42\/100 brn|[from] item: Leftovers\n|-damage|p2a: Primarina|36\/100 brn|[from] brn\n|upkeep\n|turn|28\n|\n|t:|1598321851\n|move|p1a: Primarina|Substitute|p1a: Primarina\n|-start|p1a: Primarina|Substitute\n|-damage|p1a: Primarina|76\/100\n|move|p2a: Primarina|Draining Kiss|p1a: Primarina\n|-activate|p1a: Primarina|move: Substitute|[damage]\n|-heal|p2a: Primarina|49\/100 brn|[from] drain|[of] p1a: Primarina\n|\n|-heal|p1a: Primarina|82\/100|[from] item: Leftovers\n|-heal|p2a: Primarina|55\/100 brn|[from] item: Leftovers\n|-damage|p2a: Primarina|49\/100 brn|[from] brn\n|upkeep\n|turn|29\n|\n|t:|1598321863\n|move|p1a: Primarina|Draining Kiss|p2a: Primarina\n|-end|p2a: Primarina|Substitute\n|-heal|p1a: Primarina|89\/100|[from] drain|[of] p2a: Primarina\n|move|p2a: Primarina|Draining Kiss|p1a: Primarina\n|-end|p1a: Primarina|Substitute\n|-heal|p2a: Primarina|54\/100 brn|[from] drain|[of] p1a: Primarina\n|\n|-heal|p1a: Primarina|95\/100|[from] item: Leftovers\n|-heal|p2a: Primarina|61\/100 brn|[from] item: Leftovers\n|-damage|p2a: Primarina|54\/100 brn|[from] brn\n|upkeep\n|turn|30\n|\n|t:|1598321876\n|move|p1a: Primarina|Draining Kiss|p2a: Primarina\n|-damage|p2a: Primarina|36\/100 brn\n|-heal|p1a: Primarina|100\/100|[from] drain|[of] p2a: Primarina\n|move|p2a: Primarina|Draining Kiss|p1a: Primarina\n|-damage|p1a: Primarina|82\/100\n|-heal|p2a: Primarina|50\/100 brn|[from] drain|[of] p1a: Primarina\n|\n|-heal|p1a: Primarina|88\/100|[from] item: Leftovers\n|-heal|p2a: Primarina|56\/100 brn|[from] item: Leftovers\n|-damage|p2a: Primarina|50\/100 brn|[from] brn\n|upkeep\n|turn|31\n|\n|t:|1598321889\n|move|p1a: Primarina|Draining Kiss|p2a: Primarina\n|-damage|p2a: Primarina|32\/100 brn\n|-heal|p1a: Primarina|100\/100|[from] drain|[of] p2a: Primarina\n|move|p2a: Primarina|Scald|p1a: Primarina\n|-resisted|p1a: Primarina\n|-damage|p1a: Primarina|78\/100\n|\n|-heal|p1a: Primarina|84\/100|[from] item: Leftovers\n|-heal|p2a: Primarina|38\/100 brn|[from] item: Leftovers\n|-damage|p2a: Primarina|32\/100 brn|[from] brn\n|upkeep\n|turn|32\n|\n|t:|1598321901\n|move|p1a: Primarina|Draining Kiss|p2a: Primarina\n|-damage|p2a: Primarina|14\/100 brn\n|-heal|p1a: Primarina|97\/100|[from] drain|[of] p2a: Primarina\n|move|p2a: Primarina|Draining Kiss|p1a: Primarina\n|-damage|p1a: Primarina|79\/100\n|-heal|p2a: Primarina|28\/100 brn|[from] drain|[of] p1a: Primarina\n|\n|-heal|p1a: Primarina|85\/100|[from] item: Leftovers\n|-heal|p2a: Primarina|34\/100 brn|[from] item: Leftovers\n|-damage|p2a: Primarina|28\/100 brn|[from] brn\n|upkeep\n|turn|33\n|\n|t:|1598321913\n|move|p1a: Primarina|Draining Kiss|p2a: Primarina\n|-damage|p2a: Primarina|9\/100 brn\n|-heal|p1a: Primarina|99\/100|[from] drain|[of] p2a: Primarina\n|move|p2a: Primarina|Draining Kiss|p1a: Primarina\n|-damage|p1a: Primarina|80\/100\n|-heal|p2a: Primarina|24\/100 brn|[from] drain|[of] p1a: Primarina\n|\n|-heal|p1a: Primarina|86\/100|[from] item: Leftovers\n|-heal|p2a: Primarina|30\/100 brn|[from] item: Leftovers\n|-damage|p2a: Primarina|24\/100 brn|[from] brn\n|upkeep\n|turn|34\n|\n|t:|1598321926\n|move|p1a: Primarina|Draining Kiss|p2a: Primarina\n|-damage|p2a: Primarina|5\/100 brn\n|-heal|p1a: Primarina|99\/100|[from] drain|[of] p2a: Primarina\n|move|p2a: Primarina|Draining Kiss|p1a: Primarina\n|-crit|p1a: Primarina\n|-damage|p1a: Primarina|2\/100\n|-heal|p2a: Primarina|79\/100 brn|[from] drain|[of] p1a: Primarina\n|\n|-heal|p1a: Primarina|8\/100|[from] item: Leftovers\n|-heal|p2a: Primarina|85\/100 brn|[from] item: Leftovers\n|-damage|p2a: Primarina|79\/100 brn|[from] brn\n|upkeep\n|turn|35\n|\n|t:|1598321941\n|move|p1a: Primarina|Draining Kiss|p2a: Primarina\n|-damage|p2a: Primarina|62\/100 brn\n|-heal|p1a: Primarina|21\/100|[from] drain|[of] p2a: Primarina\n|move|p2a: Primarina|Scald|p1a: Primarina\n|-resisted|p1a: Primarina\n|-damage|p1a: Primarina|6\/100\n|-status|p1a: Primarina|brn\n|\n|-heal|p1a: Primarina|12\/100 brn|[from] item: Leftovers\n|-heal|p2a: Primarina|68\/100 brn|[from] item: Leftovers\n|-damage|p1a: Primarina|6\/100 brn|[from] brn\n|-damage|p2a: Primarina|62\/100 brn|[from] brn\n|upkeep\n|turn|36\n|\n|t:|1598321955\n|move|p1a: Primarina|Draining Kiss|p2a: Primarina\n|-damage|p2a: Primarina|43\/100 brn\n|-heal|p1a: Primarina|20\/100 brn|[from] drain|[of] p2a: Primarina\n|move|p2a: Primarina|Draining Kiss|p1a: Primarina\n|-damage|p1a: Primarina|1\/100 brn\n|-heal|p2a: Primarina|57\/100 brn|[from] drain|[of] p1a: Primarina\n|\n|-heal|p1a: Primarina|7\/100 brn|[from] item: Leftovers\n|-heal|p2a: Primarina|63\/100 brn|[from] item: Leftovers\n|-damage|p1a: Primarina|1\/100 brn|[from] brn\n|-damage|p2a: Primarina|57\/100 brn|[from] brn\n|upkeep\n|turn|37\n|\n|t:|1598321968\n|move|p1a: Primarina|Draining Kiss|p2a: Primarina\n|-damage|p2a: Primarina|39\/100 brn\n|-heal|p1a: Primarina|15\/100 brn|[from] drain|[of] p2a: Primarina\n|move|p2a: Primarina|Draining Kiss|p1a: Primarina\n|-damage|p1a: Primarina|0 fnt\n|-heal|p2a: Primarina|50\/100 brn|[from] drain|[of] p1a: Primarina\n|faint|p1a: Primarina\n|\n|-heal|p2a: Primarina|56\/100 brn|[from] item: Leftovers\n|-damage|p2a: Primarina|50\/100 brn|[from] brn\n|upkeep\n|\n|t:|1598321977\n|switch|p1a: Silhouette|Urshifu, M|100\/100\n|-damage|p1a: Silhouette|94\/100|[from] Stealth Rock\n|turn|38\n|\n|t:|1598321987\n|move|p1a: Silhouette|Poison Jab|p2a: Primarina\n|-supereffective|p2a: Primarina\n|-damage|p2a: Primarina|0 fnt\n|-damage|p1a: Silhouette|84\/100|[from] item: Life Orb\n|faint|p2a: Primarina\n|\n|upkeep\n|\n|t:|1598321995\n|switch|p2a: Amoonguss|Amoonguss, M|100\/100\n|-damage|p2a: Amoonguss|88\/100|[from] Stealth Rock\n|turn|39\n|\n|t:|1598322000\n|move|p1a: Silhouette|Wicked Blow|p2a: Amoonguss\n|-crit|p2a: Amoonguss\n|-damage|p2a: Amoonguss|26\/100\n|-damage|p1a: Silhouette|68\/100|[from] item: Rocky Helmet|[of] p2a: Amoonguss\n|-damage|p1a: Silhouette|58\/100|[from] item: Life Orb\n|move|p2a: Amoonguss|Spore|p1a: Silhouette\n|-status|p1a: Silhouette|slp|[from] move: Spore\n|\n|upkeep\n|turn|40\n|\n|t:|1598322011\n|switch|p1a: Amaterasu|Volcarona, M, shiny|100\/100\n|move|p2a: Amoonguss|Sludge Bomb|p1a: Amaterasu\n|-crit|p1a: Amaterasu\n|-damage|p1a: Amaterasu|66\/100\n|-status|p1a: Amaterasu|psn\n|\n|-damage|p1a: Amaterasu|54\/100 psn|[from] psn\n|upkeep\n|turn|41\n|\n|t:|1598322026\n|switch|p2a: Dragapult|Dragapult, F|88\/100\n|-damage|p2a: Dragapult|75\/100|[from] Stealth Rock\n|move|p1a: Amaterasu|Quiver Dance|p1a: Amaterasu\n|-boost|p1a: Amaterasu|spa|1\n|-boost|p1a: Amaterasu|spd|1\n|-boost|p1a: Amaterasu|spe|1\n|\n|-heal|p2a: Dragapult|81\/100|[from] item: Leftovers\n|-damage|p1a: Amaterasu|42\/100 psn|[from] psn\n|upkeep\n|turn|42\n|\n|t:|1598322037\n|move|p2a: Dragapult|Substitute|p2a: Dragapult\n|-start|p2a: Dragapult|Substitute\n|-damage|p2a: Dragapult|56\/100\n|move|p1a: Amaterasu|Flamethrower|p2a: Dragapult\n|-resisted|p2a: Dragapult\n|-end|p2a: Dragapult|Substitute\n|\n|-heal|p2a: Dragapult|62\/100|[from] item: Leftovers\n|-damage|p1a: Amaterasu|29\/100 psn|[from] psn\n|upkeep\n|turn|43\n|\n|t:|1598322047\n|move|p2a: Dragapult|Dragon Dance|p2a: Dragapult\n|-boost|p2a: Dragapult|atk|1\n|-boost|p2a: Dragapult|spe|1\n|move|p1a: Amaterasu|Flamethrower|p2a: Dragapult\n|-resisted|p2a: Dragapult\n|-damage|p2a: Dragapult|18\/100\n|-status|p2a: Dragapult|brn\n|\n|-heal|p2a: Dragapult|24\/100 brn|[from] item: Leftovers\n|-damage|p2a: Dragapult|18\/100 brn|[from] brn\n|-damage|p1a: Amaterasu|17\/100 psn|[from] psn\n|upkeep\n|turn|44\n|\n|t:|1598322060\n|move|p2a: Dragapult|Dragon Darts|p1a: Amaterasu\n|-damage|p1a: Amaterasu|0 fnt\n|faint|p1a: Amaterasu\n|\n|-heal|p2a: Dragapult|24\/100 brn|[from] item: Leftovers\n|-damage|p2a: Dragapult|18\/100 brn|[from] brn\n|upkeep\n|\n|t:|1598322068\n|switch|p1a: Tama Tonga|Rillaboom, M|100\/100\n|-damage|p1a: Tama Tonga|88\/100|[from] Stealth Rock\n|-fieldstart|move: Grassy Terrain|[from] ability: Grassy Surge|[of] p1a: Tama Tonga\n|turn|45\n|\n|t:|1598322076\n|switch|p2a: Rotom|Rotom-Heat|100\/100\n|move|p1a: Tama Tonga|Grassy Glide|p2a: Rotom\n|-resisted|p2a: Rotom\n|-damage|p2a: Rotom|68\/100\n|-damage|p1a: Tama Tonga|78\/100|[from] item: Life Orb\n|\n|-heal|p1a: Tama Tonga|84\/100|[from] Grassy Terrain\n|upkeep\n|turn|46\n|\n|t:|1598322099\n|switch|p1a: Silhouette|Urshifu, M|58\/100 slp\n|-damage|p1a: Silhouette|52\/100 slp|[from] Stealth Rock\n|move|p2a: Rotom|Overheat|p1a: Silhouette\n|-damage|p1a: Silhouette|0 fnt\n|-unboost|p2a: Rotom|spa|2\n|faint|p1a: Silhouette\n|\n|upkeep\n|\n|t:|1598322103\n|switch|p1a: Toxtricity|Toxtricity, M|100\/100\n|-damage|p1a: Toxtricity|88\/100|[from] Stealth Rock\n|turn|47\n|\n|t:|1598322112\n|switch|p2a: Kommo-o|Kommo-o, F|100\/100\n|-damage|p2a: Kommo-o|94\/100|[from] Stealth Rock\n|move|p1a: Toxtricity|Shift Gear|p1a: Toxtricity\n|-boost|p1a: Toxtricity|spe|2\n|-boost|p1a: Toxtricity|atk|1\n|\n|-heal|p1a: Toxtricity|94\/100|[from] Grassy Terrain\n|-heal|p2a: Kommo-o|100\/100|[from] item: Leftovers\n|upkeep\n|turn|48\n|\n|t:|1598322124\n|move|p1a: Toxtricity|Boomburst|p2a: Kommo-o\n|-immune|p2a: Kommo-o|[from] ability: Soundproof\n|move|p2a: Kommo-o|Iron Defense|p2a: Kommo-o\n|-boost|p2a: Kommo-o|def|2\n|\n|-heal|p1a: Toxtricity|100\/100|[from] Grassy Terrain\n|upkeep\n|turn|49\n|-message|LT73IU Raptor forfeited.\n|\n|win|Ayante\n|l|\u2606LT73IU Raptor\n|l|\u2606Ayante\n|raw|LT73IU Raptor's rating: 1777 &rarr; <strong>1746<\/strong><br \/>(-31 for losing)\n|raw|Ayante's rating: 1575 &rarr; <strong>1605<\/strong><br \/>(+30 for winning)\n","uploadtime":1598322154,"views":80,"p1id":"lt73iuraptor","p2id":"ayante","formatid":"gen8ou","rating":1605,"private":0,"password":null}