{"id":"gen8ou-1172476623","p1":"LT72M Samqian","p2":"relic stone","format":"gen8ou","log":"|raw|<div class=\"broadcast-blue\"><strong>This battle is required to be public due to a player having a name prefixed by 'LT72MS'.<\/div>\n|j|\u2606LT72M Samqian\n|j|\u2606relic stone\n|t:|1597967080\n|player|p1|LT72M Samqian|170|1826\n|player|p2|relic stone|lusamine-nihilego|1853\n|teamsize|p1|6\n|teamsize|p2|6\n|gametype|singles\n|gen|8\n|tier|[Gen 8] OU\n|rated|\n|clearpoke\n|poke|p1|Pelipper, F|\n|poke|p1|Urshifu-*, F|\n|poke|p1|Kingdra, M|\n|poke|p1|Ferrothorn, M|\n|poke|p1|Kyurem|\n|poke|p1|Clefable, F|\n|poke|p2|Diggersby, M|\n|poke|p2|Volcarona, M|\n|poke|p2|Zeraora|\n|poke|p2|Primarina, M|\n|poke|p2|Hydreigon, M|\n|poke|p2|Ferrothorn, M|\n|rule|Sleep Clause Mod: Limit one foe put to sleep\n|rule|Species Clause: Limit one of each Pok\u00e9mon\n|rule|OHKO Clause: OHKO moves are banned\n|rule|Evasion Moves Clause: Evasion moves are banned\n|rule|Endless Battle Clause: Forcing endless battles is banned\n|rule|HP Percentage Mod: HP is shown in percentages\n|rule|Dynamax Clause: You cannot dynamax\n|teampreview\n|\n|t:|1597967097\n|start\n|switch|p1a: Urshifu|Urshifu-Rapid-Strike, F|100\/100\n|switch|p2a: Zephyr|Zeraora, shiny|100\/100\n|turn|1\n|\n|t:|1597967103\n|switch|p1a: Clefable|Clefable, F|100\/100\n|move|p2a: Zephyr|Volt Switch|p1a: Clefable\n|-damage|p1a: Clefable|82\/100\n|\n|t:|1597967116\n|switch|p2a: Temple|Ferrothorn, M|100\/100|[from]move: Volt Switch\n|\n|-heal|p1a: Clefable|88\/100|[from] item: Leftovers\n|upkeep\n|turn|2\n|j| B4tt1enet\n|\n|t:|1597967119\n|switch|p1a: Ferrothorn|Ferrothorn, M|100\/100\n|move|p2a: Temple|Stealth Rock|p1a: Ferrothorn\n|-sidestart|p1: LT72M Samqian|move: Stealth Rock\n|\n|upkeep\n|turn|3\n|\n|t:|1597967122\n|switch|p2a: Amaterasu|Volcarona, M, shiny|100\/100\n|move|p1a: Ferrothorn|Knock Off|p2a: Amaterasu\n|-damage|p2a: Amaterasu|70\/100\n|-status|p1a: Ferrothorn|brn|[from] ability: Flame Body|[of] p2a: Amaterasu\n|-enditem|p2a: Amaterasu|Heavy-Duty Boots|[from] move: Knock Off|[of] p1a: Ferrothorn\n|\n|-damage|p1a: Ferrothorn|94\/100 brn|[from] brn\n|upkeep\n|turn|4\n|\n|t:|1597967125\n|switch|p1a: Pelipper|Pelipper, F|100\/100\n|-damage|p1a: Pelipper|76\/100|[from] Stealth Rock\n|-weather|RainDance|[from] ability: Drizzle|[of] p1a: Pelipper\n|move|p2a: Amaterasu|Quiver Dance|p2a: Amaterasu\n|-boost|p2a: Amaterasu|spa|1\n|-boost|p2a: Amaterasu|spd|1\n|-boost|p2a: Amaterasu|spe|1\n|\n|-weather|RainDance|[upkeep]\n|upkeep\n|turn|5\n|\n|t:|1597967129\n|move|p2a: Amaterasu|Giga Drain|p1a: Pelipper\n|-damage|p1a: Pelipper|17\/100\n|-heal|p2a: Amaterasu|100\/100|[from] drain|[of] p1a: Pelipper\n|move|p1a: Pelipper|Defog|p2a: Amaterasu\n|-unboost|p2a: Amaterasu|evasion|1\n|-sideend|p1: LT72M Samqian|Stealth Rock|[from] move: Defog|[of] p1a: Pelipper\n|\n|-weather|RainDance|[upkeep]\n|upkeep\n|turn|6\n|\n|t:|1597967133\n|switch|p1a: Kingdra|Kingdra, M|100\/100\n|move|p2a: Amaterasu|Psychic|p1a: Kingdra\n|-damage|p1a: Kingdra|37\/100\n|\n|-weather|RainDance|[upkeep]\n|upkeep\n|turn|7\n|\n|t:|1597967138\n|switch|p2a: Temple|Ferrothorn, M|100\/100\n|move|p1a: Kingdra|Hydro Pump|p2a: Temple|[miss]\n|-miss|p1a: Kingdra|p2a: Temple\n|\n|-weather|RainDance|[upkeep]\n|upkeep\n|turn|8\n|\n|t:|1597967141\n|switch|p1a: Ferrothorn|Ferrothorn, M|94\/100 brn\n|move|p2a: Temple|Stealth Rock|p1a: Ferrothorn\n|-sidestart|p1: LT72M Samqian|move: Stealth Rock\n|\n|-weather|RainDance|[upkeep]\n|-heal|p1a: Ferrothorn|100\/100 brn|[from] item: Leftovers\n|-damage|p1a: Ferrothorn|94\/100 brn|[from] brn\n|upkeep\n|turn|9\n|c|\u2606LT72M Samqian|ya i just dont fucking get it\n|\n|t:|1597967150\n|switch|p2a: Amaterasu|Volcarona, M, shiny|100\/100\n|move|p1a: Ferrothorn|Stealth Rock|p2a: Amaterasu\n|-sidestart|p2: relic stone|move: Stealth Rock\n|\n|-weather|RainDance|[upkeep]\n|-heal|p1a: Ferrothorn|100\/100 brn|[from] item: Leftovers\n|-damage|p1a: Ferrothorn|94\/100 brn|[from] brn\n|upkeep\n|turn|10\n|c|\u2606relic stone|hax all over\n|\n|t:|1597967159\n|switch|p1a: Urshifu|Urshifu-Rapid-Strike, F|100\/100\n|-damage|p1a: Urshifu|94\/100|[from] Stealth Rock\n|move|p2a: Amaterasu|Quiver Dance|p2a: Amaterasu\n|-boost|p2a: Amaterasu|spa|1\n|-boost|p2a: Amaterasu|spd|1\n|-boost|p2a: Amaterasu|spe|1\n|\n|-weather|RainDance|[upkeep]\n|upkeep\n|turn|11\n|\n|t:|1597967162\n|move|p2a: Amaterasu|Giga Drain|p1a: Urshifu\n|-supereffective|p1a: Urshifu\n|-damage|p1a: Urshifu|0 fnt\n|faint|p1a: Urshifu\n|\n|-weather|none\n|upkeep\n|n|!LT72M Samqian|lt72msamqian\n|-message|LT72M Samqian forfeited.\n|\n|win|relic stone\n|l|!LT72M Samqian\n|raw|LT72M Samqian's rating: 1810 &rarr; <strong>1793<\/strong><br \/>(-17 for losing)\n|raw|relic stone's rating: 1853 &rarr; <strong>1870<\/strong><br \/>(+17 for winning)\n","uploadtime":1597967179,"views":162,"p1id":"lt72msamqian","p2id":"relicstone","formatid":"gen8ou","rating":1793,"private":0,"password":null}