{"id":"gen8ou-1696008448","p1":"minimax_ai","p2":"playeraccount","format":"gen8ou","log":"|html|<div class=\"broadcast-blue\"><strong>[Gen 8] OU is currently suspecting Melmetal! For information on how to participate check out the <a href=\"https:\/\/www.smogon.com\/forums\/threads\/np-ss-ou-suspect-process-round-12-monster-mash.3709234\/\">suspect thread<\/a>.<\/strong><\/div>\n|j|\u2606minimax_ai\n|j|\u2606playeraccount\n|t:|1666856605\n|gametype|singles\n|player|p1|minimax_ai|lusamine-nihilego|1524\n|player|p2|playeraccount|1|1579\n|teamsize|p1|6\n|teamsize|p2|6\n|gen|8\n|tier|[Gen 8] OU\n|rated|\n|rule|Sleep Clause Mod: Limit one foe put to sleep\n|rule|Species Clause: Limit one of each Pok\u00e9mon\n|rule|OHKO Clause: OHKO moves are banned\n|rule|Evasion Items Clause: Evasion items are banned\n|rule|Evasion Moves Clause: Evasion moves are banned\n|rule|Endless Battle Clause: Forcing endless battles is banned\n|rule|HP Percentage Mod: HP is shown in percentages\n|rule|Dynamax Clause: You cannot dynamax\n|clearpoke\n|poke|p1|Rotom-Wash|\n|poke|p1|Weavile, F|\n|poke|p1|Landorus-Therian, M|\n|poke|p1|Heatran, M|\n|poke|p1|Tangrowth, M|\n|poke|p1|Melmetal|\n|poke|p2|Nidoqueen, F|\n|poke|p2|Kartana|\n|poke|p2|Slowbro, M|\n|poke|p2|Tapu Fini|\n|poke|p2|Blissey, F|\n|poke|p2|Landorus-Therian, M|\n|teampreview\n|c|\u2606minimax_ai|hf\n|j| sleptyjoe\n|inactive|Battle timer is ON: inactive players will automatically lose when time's up. (requested by minimax_ai)\n|\n|t:|1666856615\n|start\n|switch|p1a: Melmetal|Melmetal|100\/100\n|switch|p2a: Kartana|Kartana, shiny|100\/100\n|turn|1\n|\n|t:|1666856620\n|move|p2a: Kartana|Sacred Sword|p1a: Melmetal\n|-supereffective|p1a: Melmetal\n|-damage|p1a: Melmetal|28\/100\n|move|p1a: Melmetal|Double Iron Bash|p2a: Kartana\n|-resisted|p2a: Kartana\n|-damage|p2a: Kartana|78\/100\n|-resisted|p2a: Kartana\n|-damage|p2a: Kartana|56\/100\n|-hitcount|p2a: Kartana|2\n|\n|upkeep\n|turn|2\n|\n|t:|1666856627\n|switch|p2a: Nidoqueen|Nidoqueen, F, shiny|100\/100\n|switch|p1a: landorustherian|Landorus-Therian, M|100\/100\n|-ability|p1a: landorustherian|Intimidate|boost\n|-unboost|p2a: Nidoqueen|atk|1\n|\n|upkeep\n|turn|3\n|\n|t:|1666856630\n|switch|p1a: Heatran|Heatran, M|100\/100\n|-item|p1a: Heatran|Air Balloon\n|move|p2a: Nidoqueen|Ice Beam|p1a: Heatran\n|-resisted|p1a: Heatran\n|-damage|p1a: Heatran|91\/100\n|-enditem|p1a: Heatran|Air Balloon\n|\n|upkeep\n|turn|4\n|\n|t:|1666856633\n|switch|p1a: rotomwash|Rotom-Wash|100\/100\n|move|p2a: Nidoqueen|Earth Power|p1a: rotomwash\n|-immune|p1a: rotomwash|[from] ability: Levitate\n|\n|upkeep\n|turn|5\n|\n|t:|1666856636\n|switch|p2a: Blissey|Blissey, F, shiny|100\/100\n|move|p1a: rotomwash|Nasty Plot|p1a: rotomwash\n|-boost|p1a: rotomwash|spa|2\n|\n|upkeep\n|turn|6\n|\n|t:|1666856638\n|move|p1a: rotomwash|Nasty Plot|p1a: rotomwash\n|-boost|p1a: rotomwash|spa|2\n|move|p2a: Blissey|Stealth Rock|p1a: rotomwash\n|-sidestart|p1: minimax_ai|move: Stealth Rock\n|\n|upkeep\n|turn|7\n|\n|t:|1666856642\n|move|p1a: rotomwash|Thunderbolt|p2a: Blissey\n|-damage|p2a: Blissey|59\/100\n|move|p2a: Blissey|Seismic Toss|p1a: rotomwash\n|-damage|p1a: rotomwash|68\/100\n|\n|-heal|p1a: rotomwash|74\/100|[from] item: Leftovers\n|-heal|p2a: Blissey|65\/100|[from] item: Leftovers\n|upkeep\n|turn|8\n|\n|t:|1666856646\n|move|p1a: rotomwash|Thunderbolt|p2a: Blissey\n|-damage|p2a: Blissey|23\/100\n|move|p2a: Blissey|Seismic Toss|p1a: rotomwash\n|-damage|p1a: rotomwash|41\/100\n|\n|-heal|p1a: rotomwash|47\/100|[from] item: Leftovers\n|-heal|p2a: Blissey|29\/100|[from] item: Leftovers\n|upkeep\n|turn|9\n|\n|t:|1666856649\n|move|p1a: rotomwash|Hydro Pump|p2a: Blissey\n|-damage|p2a: Blissey|0 fnt\n|faint|p2a: Blissey\n|\n|-heal|p1a: rotomwash|53\/100|[from] item: Leftovers\n|upkeep\n|\n|t:|1666856651\n|switch|p2a: Kartana|Kartana, shiny|56\/100\n|turn|10\n|\n|t:|1666856653\n|switch|p1a: landorustherian|Landorus-Therian, M|100\/100\n|-damage|p1a: landorustherian|88\/100|[from] Stealth Rock\n|-ability|p1a: landorustherian|Intimidate|boost\n|-unboost|p2a: Kartana|atk|1\n|move|p2a: Kartana|Knock Off|p1a: landorustherian\n|-damage|p1a: landorustherian|44\/100\n|-enditem|p1a: landorustherian|Leftovers|[from] move: Knock Off|[of] p2a: Kartana\n|\n|upkeep\n|turn|11\n|\n|t:|1666856662\n|switch|p2a: Landorus|Landorus-Therian, M|100\/100\n|-ability|p2a: Landorus|Intimidate|boost\n|-unboost|p1a: landorustherian|atk|1\n|move|p1a: landorustherian|Defog|p2a: Landorus\n|-unboost|p2a: Landorus|evasion|1\n|-sideend|p1: minimax_ai|Stealth Rock|[from] move: Defog|[of] p1a: landorustherian\n|\n|upkeep\n|turn|12\n|\n|t:|1666856664\n|move|p2a: Landorus|Swords Dance|p2a: Landorus\n|-boost|p2a: Landorus|atk|2\n|move|p1a: landorustherian|Toxic|p2a: Landorus\n|-status|p2a: Landorus|tox\n|\n|-damage|p2a: Landorus|95\/100 tox|[from] psn\n|upkeep\n|turn|13\n|\n|t:|1666856668\n|switch|p1a: rotomwash|Rotom-Wash|53\/100\n|move|p2a: Landorus|Swords Dance|p2a: Landorus\n|-boost|p2a: Landorus|atk|2\n|\n|-heal|p2a: Landorus|100\/100 tox|[from] item: Leftovers\n|-heal|p1a: rotomwash|60\/100|[from] item: Leftovers\n|-damage|p2a: Landorus|89\/100 tox|[from] psn\n|upkeep\n|turn|14\n|\n|t:|1666856672\n|move|p2a: Landorus|Explosion|p1a: rotomwash\n|-damage|p1a: rotomwash|0 fnt\n|faint|p2a: Landorus\n|faint|p1a: rotomwash\n|\n|upkeep\n|\n|t:|1666856680\n|switch|p2a: Tapu Fini|Tapu Fini, shiny|100\/100\n|switch|p1a: landorustherian|Landorus-Therian, M|44\/100\n|-fieldstart|move: Misty Terrain|[from] ability: Misty Surge|[of] p2a: Tapu Fini\n|-ability|p1a: landorustherian|Intimidate|boost\n|-unboost|p2a: Tapu Fini|atk|1\n|turn|15\n|\n|t:|1666856683\n|switch|p1a: Melmetal|Melmetal|28\/100\n|move|p2a: Tapu Fini|Ice Beam|p1a: Melmetal\n|-resisted|p1a: Melmetal\n|-damage|p1a: Melmetal|21\/100\n|\n|upkeep\n|turn|16\n|\n|t:|1666856686\n|switch|p2a: Slowbro|Slowbro, M, shiny|100\/100\n|switch|p1a: Weavile|Weavile, F|100\/100\n|-ability|p1a: Weavile|Pressure\n|\n|upkeep\n|turn|17\n|\n|t:|1666856689\n|move|p1a: Weavile|Knock Off|p2a: Slowbro\n|-supereffective|p2a: Slowbro\n|-crit|p2a: Slowbro\n|-damage|p2a: Slowbro|0 fnt\n|-damage|p1a: Weavile|84\/100|[from] item: Rocky Helmet|[of] p2a: Slowbro\n|-enditem|p2a: Slowbro|Rocky Helmet|[from] move: Knock Off|[of] p1a: Weavile\n|faint|p2a: Slowbro\n|\n|upkeep\n|\n|t:|1666856693\n|switch|p2a: Tapu Fini|Tapu Fini, shiny|100\/100\n|turn|18\n|\n|t:|1666856697\n|switch|p1a: Tangrowth|Tangrowth, M|100\/100\n|move|p2a: Tapu Fini|Moonblast|p1a: Tangrowth\n|-damage|p1a: Tangrowth|40\/100\n|\n|upkeep\n|turn|19\n|\n|t:|1666856701\n|switch|p1a: landorustherian|Landorus-Therian, M|44\/100\n|-ability|p1a: landorustherian|Intimidate|boost\n|-unboost|p2a: Tapu Fini|atk|1\n|move|p2a: Tapu Fini|Moonblast|p1a: landorustherian\n|-damage|p1a: landorustherian|14\/100\n|\n|-fieldend|Misty Terrain\n|upkeep\n|turn|20\n|\n|t:|1666856705\n|switch|p1a: Tangrowth|Tangrowth, M|73\/100\n|move|p2a: Tapu Fini|Moonblast|p1a: Tangrowth\n|-damage|p1a: Tangrowth|11\/100\n|\n|upkeep\n|turn|21\n|\n|t:|1666856709\n|switch|p1a: landorustherian|Landorus-Therian, M|14\/100\n|-ability|p1a: landorustherian|Intimidate|boost\n|-unboost|p2a: Tapu Fini|atk|1\n|move|p2a: Tapu Fini|Moonblast|p1a: landorustherian\n|-damage|p1a: landorustherian|0 fnt\n|faint|p1a: landorustherian\n|\n|upkeep\n|\n|t:|1666856710\n|switch|p1a: Melmetal|Melmetal|21\/100\n|turn|22\n|\n|t:|1666856718\n|switch|p2a: Kartana|Kartana, shiny|56\/100\n|move|p1a: Melmetal|Double Iron Bash|p2a: Kartana\n|-resisted|p2a: Kartana\n|-damage|p2a: Kartana|33\/100\n|-resisted|p2a: Kartana\n|-damage|p2a: Kartana|12\/100\n|-hitcount|p2a: Kartana|2\n|\n|upkeep\n|turn|23\n|\n|t:|1666856724\n|switch|p1a: Tangrowth|Tangrowth, M|44\/100\n|move|p2a: Kartana|Knock Off|p1a: Tangrowth\n|-damage|p1a: Tangrowth|9\/100\n|-damage|p2a: Kartana|0 fnt|[from] item: Rocky Helmet|[of] p1a: Tangrowth\n|faint|p2a: Kartana\n|\n|upkeep\n|\n|t:|1666856736\n|switch|p2a: Tapu Fini|Tapu Fini, shiny|100\/100\n|-fieldstart|move: Misty Terrain|[from] ability: Misty Surge|[of] p2a: Tapu Fini\n|turn|24\n|\n|t:|1666856738\n|switch|p1a: Melmetal|Melmetal|21\/100\n|move|p2a: Tapu Fini|Moonblast|p1a: Melmetal\n|-resisted|p1a: Melmetal\n|-damage|p1a: Melmetal|11\/100\n|\n|upkeep\n|turn|25\n|\n|t:|1666856744\n|switch|p1a: Heatran|Heatran, M|91\/100\n|move|p2a: Tapu Fini|Moonblast|p1a: Heatran\n|-resisted|p1a: Heatran\n|-damage|p1a: Heatran|80\/100\n|-unboost|p1a: Heatran|spa|1\n|\n|upkeep\n|turn|26\n|\n|t:|1666856748\n|switch|p2a: Nidoqueen|Nidoqueen, F, shiny|100\/100\n|move|p1a: Heatran|Earth Power|p2a: Nidoqueen\n|-supereffective|p2a: Nidoqueen\n|-damage|p2a: Nidoqueen|54\/100\n|\n|upkeep\n|turn|27\n|\n|t:|1666856750\n|switch|p1a: Weavile|Weavile, F|84\/100\n|-ability|p1a: Weavile|Pressure\n|move|p2a: Nidoqueen|Earth Power|p1a: Weavile\n|-damage|p1a: Weavile|13\/100\n|\n|upkeep\n|turn|28\n|\n|t:|1666856755\n|switch|p2a: Tapu Fini|Tapu Fini, shiny|100\/100\n|move|p1a: Weavile|Knock Off|p2a: Tapu Fini\n|-resisted|p2a: Tapu Fini\n|-damage|p2a: Tapu Fini|60\/100\n|-enditem|p2a: Tapu Fini|Choice Scarf|[from] move: Knock Off|[of] p1a: Weavile\n|\n|-fieldend|Misty Terrain\n|upkeep\n|turn|29\n|\n|t:|1666856757\n|move|p1a: Weavile|Knock Off|p2a: Tapu Fini\n|-resisted|p2a: Tapu Fini\n|-damage|p2a: Tapu Fini|37\/100\n|move|p2a: Tapu Fini|Moonblast|p1a: Weavile\n|-supereffective|p1a: Weavile\n|-damage|p1a: Weavile|0 fnt\n|faint|p1a: Weavile\n|\n|upkeep\n|\n|t:|1666856757\n|switch|p1a: Tangrowth|Tangrowth, M|43\/100\n|turn|30\n|\n|t:|1666856761\n|switch|p1a: Melmetal|Melmetal|11\/100\n|move|p2a: Tapu Fini|Moonblast|p1a: Melmetal\n|-resisted|p1a: Melmetal\n|-damage|p1a: Melmetal|0 fnt\n|faint|p1a: Melmetal\n|\n|upkeep\n|\n|t:|1666856761\n|switch|p1a: Tangrowth|Tangrowth, M|76\/100\n|turn|31\n|\n|t:|1666856764\n|move|p2a: Tapu Fini|Moonblast|p1a: Tangrowth\n|-damage|p1a: Tangrowth|20\/100\n|move|p1a: Tangrowth|Sleep Powder|p2a: Tapu Fini\n|-status|p2a: Tapu Fini|slp|[from] move: Sleep Powder\n|\n|upkeep\n|turn|32\n|\n|t:|1666856768\n|switch|p2a: Nidoqueen|Nidoqueen, F, shiny|54\/100\n|switch|p1a: Heatran|Heatran, M|80\/100\n|\n|upkeep\n|turn|33\n|\n|t:|1666856771\n|move|p1a: Heatran|Magma Storm|p2a: Nidoqueen\n|-damage|p2a: Nidoqueen|0 fnt\n|faint|p2a: Nidoqueen\n|\n|upkeep\n|\n|t:|1666856774\n|switch|p2a: Tapu Fini|Tapu Fini, shiny|37\/100 slp\n|-fieldstart|move: Misty Terrain|[from] ability: Misty Surge|[of] p2a: Tapu Fini\n|turn|34\n|\n|t:|1666856777\n|cant|p2a: Tapu Fini|slp\n|move|p1a: Heatran|Magma Storm|p2a: Tapu Fini|[miss]\n|-miss|p1a: Heatran|p2a: Tapu Fini\n|\n|upkeep\n|turn|35\n|\n|t:|1666856786\n|cant|p2a: Tapu Fini|slp\n|move|p1a: Heatran|Magma Storm|p2a: Tapu Fini|[miss]\n|-miss|p1a: Heatran|p2a: Tapu Fini\n|\n|upkeep\n|turn|36\n|\n|t:|1666856788\n|-curestatus|p2a: Tapu Fini|slp|[msg]\n|move|p2a: Tapu Fini|Ice Beam|p1a: Heatran\n|-resisted|p1a: Heatran\n|-damage|p1a: Heatran|74\/100\n|move|p1a: Heatran|Magma Storm|p2a: Tapu Fini|[miss]\n|-miss|p1a: Heatran|p2a: Tapu Fini\n|\n|upkeep\n|turn|37\n|\n|t:|1666856791\n|move|p2a: Tapu Fini|Moonblast|p1a: Heatran\n|-resisted|p1a: Heatran\n|-damage|p1a: Heatran|64\/100\n|move|p1a: Heatran|Magma Storm|p2a: Tapu Fini\n|-resisted|p2a: Tapu Fini\n|-damage|p2a: Tapu Fini|13\/100\n|-activate|p2a: Tapu Fini|move: Magma Storm|[of] p1a: Heatran\n|\n|-damage|p2a: Tapu Fini|1\/100|[from] move: Magma Storm|[partiallytrapped]\n|upkeep\n|turn|38\n|\n|t:|1666856794\n|move|p2a: Tapu Fini|Moonblast|p1a: Heatran\n|-resisted|p1a: Heatran\n|-damage|p1a: Heatran|54\/100\n|move|p1a: Heatran|Eruption|p2a: Tapu Fini\n|-resisted|p2a: Tapu Fini\n|-damage|p2a: Tapu Fini|0 fnt\n|faint|p2a: Tapu Fini\n|\n|win|minimax_ai\n|raw|minimax_ai's rating: 1524 &rarr; <strong>1547<\/strong><br \/>(+23 for winning)\n|raw|playeraccount's rating: 1579 &rarr; <strong>1556<\/strong><br \/>(-23 for losing)\n|c|\u2606minimax_ai|gg\n","uploadtime":1666856796,"views":7,"p1id":"minimaxai","p2id":"playeraccount","formatid":"gen8ou","rating":1547,"private":0,"password":null}