{"id":"gen8ou-1585121231","p1":"Sky0401","p2":"Draco09876","format":"gen8ou","log":"|j|\u2606Sky0401\n|j|\u2606Draco09876\n|t:|1653810426\n|gametype|singles\n|player|p1|Sky0401|170|1731\n|player|p2|Draco09876|1|1732\n|teamsize|p1|6\n|teamsize|p2|6\n|gen|8\n|tier|[Gen 8] OU\n|rated|\n|rule|Sleep Clause Mod: Limit one foe put to sleep\n|rule|Species Clause: Limit one of each Pok\u00e9mon\n|rule|OHKO Clause: OHKO moves are banned\n|rule|Evasion Moves Clause: Evasion moves are banned\n|rule|Endless Battle Clause: Forcing endless battles is banned\n|rule|HP Percentage Mod: HP is shown in percentages\n|rule|Dynamax Clause: You cannot dynamax\n|clearpoke\n|poke|p1|Tyranitar, M|\n|poke|p1|Excadrill, M|\n|poke|p1|Landorus-Therian, M|\n|poke|p1|Clefable, F|\n|poke|p1|Dragapult, F|\n|poke|p1|Zapdos|\n|poke|p2|Dragapult, F|\n|poke|p2|Mandibuzz, F|\n|poke|p2|Slowking-Galar, F|\n|poke|p2|Ferrothorn, F|\n|poke|p2|Urshifu-*, M|\n|poke|p2|Swampert, F|\n|teampreview\n|inactive|Battle timer is ON: inactive players will automatically lose when time's up. (requested by Sky0401)\n|j| Ayayahsgsg\n|\n|t:|1653810442\n|start\n|switch|p1a: Landorus|Landorus-Therian, M|100\/100\n|switch|p2a: Dragapult|Dragapult, F|100\/100\n|-ability|p1a: Landorus|Intimidate|boost\n|-unboost|p2a: Dragapult|atk|1\n|turn|1\n|\n|t:|1653810457\n|switch|p1a: Dragapult|Dragapult, F|100\/100\n|move|p2a: Dragapult|Draco Meteor|p1a: Dragapult|[miss]\n|-miss|p2a: Dragapult|p1a: Dragapult\n|\n|upkeep\n|turn|2\n|c|\u2606Draco09876|nice\n|\n|t:|1653810472\n|switch|p2a: Slowking|Slowking-Galar, F|100\/100\n|switch|p1a: Tyranitar|Tyranitar, M|100\/100\n|-weather|Sandstorm|[from] ability: Sand Stream|[of] p1a: Tyranitar\n|\n|-weather|Sandstorm|[upkeep]\n|-damage|p2a: Slowking|94\/100|[from] Sandstorm\n|upkeep\n|turn|3\n|j| Simpality\n|\n|t:|1653810489\n|move|p1a: Tyranitar|Stealth Rock|p2a: Slowking\n|-sidestart|p2: Draco09876|move: Stealth Rock\n|move|p2a: Slowking|Future Sight|p1a: Tyranitar\n|-start|p2a: Slowking|move: Future Sight\n|\n|-weather|Sandstorm|[upkeep]\n|-damage|p2a: Slowking|88\/100|[from] Sandstorm\n|upkeep\n|turn|4\n|\n|t:|1653810496\n|switch|p2a: Ferrothorn|Ferrothorn, F|100\/100\n|-damage|p2a: Ferrothorn|94\/100|[from] Stealth Rock\n|move|p1a: Tyranitar|Thunder Wave|p2a: Ferrothorn\n|-status|p2a: Ferrothorn|par\n|\n|-weather|Sandstorm|[upkeep]\n|-heal|p2a: Ferrothorn|100\/100 par|[from] item: Leftovers\n|upkeep\n|turn|5\n|l| Simpality\n|\n|t:|1653810513\n|move|p1a: Tyranitar|Earthquake|p2a: Ferrothorn\n|-damage|p2a: Ferrothorn|83\/100 par\n|move|p2a: Ferrothorn|Body Press|p1a: Tyranitar\n|-supereffective|p1a: Tyranitar\n|-damage|p1a: Tyranitar|11\/100\n|\n|-weather|Sandstorm|[upkeep]\n|-end|p1a: Tyranitar|move: Future Sight\n|-immune|p1a: Tyranitar\n|-heal|p1a: Tyranitar|18\/100|[from] item: Leftovers\n|-heal|p2a: Ferrothorn|89\/100 par|[from] item: Leftovers\n|upkeep\n|turn|6\n|\n|t:|1653810528\n|switch|p1a: Zapdos|Zapdos|100\/100\n|cant|p2a: Ferrothorn|par\n|\n|-weather|none\n|-heal|p2a: Ferrothorn|95\/100 par|[from] item: Leftovers\n|upkeep\n|turn|7\n|\n|t:|1653810535\n|switch|p2a: Swampert|Swampert, F|100\/100\n|-damage|p2a: Swampert|94\/100|[from] Stealth Rock\n|move|p1a: Zapdos|Hurricane|p2a: Swampert\n|-damage|p2a: Swampert|64\/100\n|\n|-heal|p2a: Swampert|71\/100|[from] item: Leftovers\n|upkeep\n|turn|8\n|\n|t:|1653810547\n|move|p1a: Zapdos|Hurricane|p2a: Swampert|[miss]\n|-miss|p1a: Zapdos|p2a: Swampert\n|move|p2a: Swampert|Stealth Rock|p1a: Zapdos\n|-sidestart|p1: Sky0401|move: Stealth Rock\n|\n|-heal|p2a: Swampert|77\/100|[from] item: Leftovers\n|upkeep\n|turn|9\n|\n|t:|1653810552\n|switch|p1a: Clefable|Clefable, F|100\/100\n|move|p2a: Swampert|Yawn|p1a: Clefable\n|-start|p1a: Clefable|move: Yawn|[of] p2a: Swampert\n|\n|-heal|p2a: Swampert|83\/100|[from] item: Leftovers\n|upkeep\n|turn|10\n|\n|t:|1653810557\n|move|p2a: Swampert|Flip Turn|p1a: Clefable\n|-damage|p1a: Clefable|83\/100\n|\n|t:|1653810562\n|switch|p2a: Slowking|Slowking-Galar, F|100\/100|[from]move: Flip Turn\n|-damage|p2a: Slowking|88\/100|[from] Stealth Rock\n|move|p1a: Clefable|Teleport|p1a: Clefable\n|\n|t:|1653810572\n|switch|p1a: Excadrill|Excadrill, M|100\/100|[from]move: Teleport\n|-damage|p1a: Excadrill|97\/100|[from] Stealth Rock\n|\n|upkeep\n|turn|11\n|\n|t:|1653810580\n|move|p1a: Excadrill|Rock Slide|p2a: Slowking\n|-damage|p2a: Slowking|50\/100\n|-damage|p1a: Excadrill|87\/100|[from] item: Life Orb\n|cant|p2a: Slowking|flinch\n|\n|upkeep\n|turn|12\n|\n|t:|1653810592\n|switch|p2a: Ferrothorn|Ferrothorn, F|95\/100 par\n|-damage|p2a: Ferrothorn|89\/100 par|[from] Stealth Rock\n|move|p1a: Excadrill|Rapid Spin|p2a: Ferrothorn\n|-resisted|p2a: Ferrothorn\n|-damage|p2a: Ferrothorn|82\/100 par\n|-boost|p1a: Excadrill|spe|1\n|-damage|p1a: Excadrill|75\/100|[from] ability: Iron Barbs|[of] p2a: Ferrothorn\n|-sideend|p1: Sky0401|Stealth Rock|[from] move: Rapid Spin|[of] p1a: Excadrill\n|-damage|p1a: Excadrill|65\/100|[from] item: Life Orb\n|\n|-heal|p2a: Ferrothorn|88\/100 par|[from] item: Leftovers\n|upkeep\n|turn|13\n|\n|t:|1653810607\n|switch|p1a: Clefable|Clefable, F|83\/100\n|move|p2a: Ferrothorn|Leech Seed|p1a: Clefable\n|-start|p1a: Clefable|move: Leech Seed\n|\n|-heal|p1a: Clefable|89\/100|[from] item: Leftovers\n|-heal|p2a: Ferrothorn|95\/100 par|[from] item: Leftovers\n|upkeep\n|turn|14\n|\n|t:|1653810614\n|switch|p2a: Slowking|Slowking-Galar, F|84\/100\n|-damage|p2a: Slowking|71\/100|[from] Stealth Rock\n|move|p1a: Clefable|Fire Blast|p2a: Slowking\n|-damage|p2a: Slowking|58\/100\n|\n|-heal|p1a: Clefable|95\/100|[from] item: Leftovers\n|upkeep\n|turn|15\n|j| uasdhybfjhsbf\n|\n|t:|1653810627\n|move|p2a: Slowking|Flamethrower|p1a: Clefable\n|-damage|p1a: Clefable|64\/100\n|move|p1a: Clefable|Teleport|p1a: Clefable\n|\n|t:|1653810631\n|switch|p1a: Tyranitar|Tyranitar, M|18\/100|[from]move: Teleport\n|-weather|Sandstorm|[from] ability: Sand Stream|[of] p1a: Tyranitar\n|\n|-weather|Sandstorm|[upkeep]\n|-damage|p2a: Slowking|52\/100|[from] Sandstorm\n|-heal|p1a: Tyranitar|24\/100|[from] item: Leftovers\n|upkeep\n|turn|16\n|\n|t:|1653810637\n|switch|p1a: Landorus|Landorus-Therian, M|100\/100\n|-ability|p1a: Landorus|Intimidate|boost\n|-unboost|p2a: Slowking|atk|1\n|switch|p2a: Swampert|Swampert, F|83\/100\n|-damage|p2a: Swampert|77\/100|[from] Stealth Rock\n|\n|-weather|Sandstorm|[upkeep]\n|-heal|p2a: Swampert|83\/100|[from] item: Leftovers\n|upkeep\n|turn|17\n|\n|t:|1653810643\n|move|p1a: Landorus|Toxic|p2a: Swampert\n|-status|p2a: Swampert|tox\n|move|p2a: Swampert|Flip Turn|p1a: Landorus\n|-supereffective|p1a: Landorus\n|-damage|p1a: Landorus|70\/100\n|-damage|p2a: Swampert|66\/100 tox|[from] item: Rocky Helmet|[of] p1a: Landorus\n|\n|t:|1653810646\n|switch|p2a: Urshifu|Urshifu-Rapid-Strike, M|100\/100|[from]move: Flip Turn\n|-damage|p2a: Urshifu|94\/100|[from] Stealth Rock\n|\n|-weather|Sandstorm|[upkeep]\n|-damage|p2a: Urshifu|88\/100|[from] Sandstorm\n|upkeep\n|turn|18\n|\n|t:|1653810651\n|switch|p1a: Zapdos|Zapdos|100\/100\n|move|p2a: Urshifu|Surging Strikes|p1a: Zapdos\n|-crit|p1a: Zapdos\n|-damage|p1a: Zapdos|78\/100\n|-status|p2a: Urshifu|par|[from] ability: Static|[of] p1a: Zapdos\n|-crit|p1a: Zapdos\n|-damage|p1a: Zapdos|55\/100\n|-crit|p1a: Zapdos\n|-damage|p1a: Zapdos|32\/100\n|-hitcount|p1a: Zapdos|3\n|\n|-weather|Sandstorm|[upkeep]\n|-damage|p1a: Zapdos|26\/100|[from] Sandstorm\n|-damage|p2a: Urshifu|82\/100 par|[from] Sandstorm\n|upkeep\n|turn|19\n|\n|t:|1653810659\n|move|p1a: Zapdos|Volt Switch|p2a: Urshifu\n|-supereffective|p2a: Urshifu\n|-damage|p2a: Urshifu|0 fnt\n|faint|p2a: Urshifu\n|\n|t:|1653810664\n|switch|p1a: Excadrill|Excadrill, M|65\/100|[from]move: Volt Switch\n|\n|-weather|none\n|upkeep\n|\n|t:|1653810668\n|switch|p2a: Dragapult|Dragapult, F|100\/100\n|-damage|p2a: Dragapult|88\/100|[from] Stealth Rock\n|turn|20\n|\n|t:|1653810673\n|switch|p1a: Tyranitar|Tyranitar, M|24\/100\n|-weather|Sandstorm|[from] ability: Sand Stream|[of] p1a: Tyranitar\n|move|p2a: Dragapult|Shadow Ball|p1a: Tyranitar\n|-resisted|p1a: Tyranitar\n|-crit|p1a: Tyranitar\n|-damage|p1a: Tyranitar|8\/100\n|\n|-weather|Sandstorm|[upkeep]\n|-damage|p2a: Dragapult|82\/100|[from] Sandstorm\n|-heal|p1a: Tyranitar|15\/100|[from] item: Leftovers\n|upkeep\n|turn|21\n|\n|t:|1653810687\n|switch|p2a: Swampert|Swampert, F|66\/100 tox\n|-damage|p2a: Swampert|60\/100 tox|[from] Stealth Rock\n|move|p1a: Tyranitar|Rock Blast|p2a: Swampert|[miss]\n|-miss|p1a: Tyranitar|p2a: Swampert\n|\n|-weather|Sandstorm|[upkeep]\n|-heal|p1a: Tyranitar|21\/100|[from] item: Leftovers\n|-heal|p2a: Swampert|66\/100 tox|[from] item: Leftovers\n|-damage|p2a: Swampert|60\/100 tox|[from] psn\n|upkeep\n|turn|22\n|l| Ayayahsgsg\n|\n|t:|1653810695\n|switch|p1a: Clefable|Clefable, F|64\/100\n|move|p2a: Swampert|Flip Turn|p1a: Clefable\n|-damage|p1a: Clefable|46\/100\n|\n|t:|1653810699\n|switch|p2a: Dragapult|Dragapult, F|82\/100|[from]move: Flip Turn\n|-damage|p2a: Dragapult|70\/100|[from] Stealth Rock\n|\n|-weather|Sandstorm|[upkeep]\n|-damage|p2a: Dragapult|64\/100|[from] Sandstorm\n|-heal|p1a: Clefable|52\/100|[from] item: Leftovers\n|upkeep\n|turn|23\n|\n|t:|1653810701\n|move|p2a: Dragapult|Shadow Ball|p1a: Clefable\n|-damage|p1a: Clefable|4\/100\n|move|p1a: Clefable|Moonblast|p2a: Dragapult\n|-supereffective|p2a: Dragapult\n|-damage|p2a: Dragapult|0 fnt\n|faint|p2a: Dragapult\n|\n|-weather|Sandstorm|[upkeep]\n|-heal|p1a: Clefable|10\/100|[from] item: Leftovers\n|upkeep\n|\n|t:|1653810720\n|switch|p2a: Mandibuzz|Mandibuzz, F|100\/100\n|turn|24\n|\n|t:|1653810729\n|switch|p1a: Landorus|Landorus-Therian, M|70\/100\n|-ability|p1a: Landorus|Intimidate|boost\n|-unboost|p2a: Mandibuzz|atk|1\n|move|p2a: Mandibuzz|Knock Off|p1a: Landorus\n|-damage|p1a: Landorus|59\/100\n|-damage|p2a: Mandibuzz|84\/100|[from] item: Rocky Helmet|[of] p1a: Landorus\n|-enditem|p1a: Landorus|Rocky Helmet|[from] move: Knock Off|[of] p2a: Mandibuzz\n|\n|-weather|none\n|upkeep\n|turn|25\n|\n|t:|1653810733\n|switch|p2a: Ferrothorn|Ferrothorn, F|95\/100 par\n|-damage|p2a: Ferrothorn|88\/100 par|[from] Stealth Rock\n|move|p1a: Landorus|Toxic||[still]\n|-fail|p1a: Landorus\n|\n|-heal|p2a: Ferrothorn|95\/100 par|[from] item: Leftovers\n|upkeep\n|turn|26\n|\n|t:|1653810740\n|switch|p1a: Zapdos|Zapdos|26\/100\n|move|p2a: Ferrothorn|Leech Seed|p1a: Zapdos|[miss]\n|-miss|p2a: Ferrothorn|p1a: Zapdos\n|\n|-heal|p2a: Ferrothorn|100\/100 par|[from] item: Leftovers\n|upkeep\n|turn|27\n|\n|t:|1653810744\n|move|p1a: Zapdos|Roost|p1a: Zapdos\n|-heal|p1a: Zapdos|76\/100\n|-singleturn|p1a: Zapdos|move: Roost\n|move|p2a: Ferrothorn|Leech Seed|p1a: Zapdos\n|-start|p1a: Zapdos|move: Leech Seed\n|\n|-damage|p1a: Zapdos|63\/100|[from] Leech Seed|[of] p2a: Ferrothorn\n|upkeep\n|turn|28\n|\n|t:|1653810748\n|move|p1a: Zapdos|Roost|p1a: Zapdos\n|-heal|p1a: Zapdos|100\/100\n|-singleturn|p1a: Zapdos|move: Roost\n|move|p2a: Ferrothorn|Knock Off|p1a: Zapdos\n|-damage|p1a: Zapdos|86\/100\n|-enditem|p1a: Zapdos|Heavy-Duty Boots|[from] move: Knock Off|[of] p2a: Ferrothorn\n|\n|-damage|p1a: Zapdos|73\/100|[from] Leech Seed|[of] p2a: Ferrothorn\n|upkeep\n|turn|29\n|\n|t:|1653810751\n|switch|p2a: Swampert|Swampert, F|60\/100 tox\n|-damage|p2a: Swampert|54\/100 tox|[from] Stealth Rock\n|move|p1a: Zapdos|Heat Wave|p2a: Swampert\n|-resisted|p2a: Swampert\n|-damage|p2a: Swampert|45\/100 tox\n|\n|-heal|p2a: Swampert|51\/100 tox|[from] item: Leftovers\n|-damage|p1a: Zapdos|61\/100|[from] Leech Seed|[of] p2a: Swampert\n|-heal|p2a: Swampert|63\/100 tox|[silent]\n|-damage|p2a: Swampert|56\/100 tox|[from] psn\n|upkeep\n|turn|30\n|\n|t:|1653810757\n|switch|p1a: Dragapult|Dragapult, F|100\/100\n|move|p2a: Swampert|Stealth Rock|p1a: Dragapult\n|-sidestart|p1: Sky0401|move: Stealth Rock\n|\n|-heal|p2a: Swampert|63\/100 tox|[from] item: Leftovers\n|-damage|p2a: Swampert|50\/100 tox|[from] psn\n|upkeep\n|turn|31\n|\n|t:|1653810765\n|switch|p2a: Mandibuzz|Mandibuzz, F|84\/100\n|move|p1a: Dragapult|U-turn|p2a: Mandibuzz\n|-damage|p2a: Mandibuzz|74\/100\n|\n|t:|1653810778\n|switch|p1a: Zapdos|Zapdos|61\/100|[from]move: U-turn\n|-damage|p1a: Zapdos|36\/100|[from] Stealth Rock\n|\n|upkeep\n|turn|32\n|\n|t:|1653810783\n|move|p1a: Zapdos|Roost|p1a: Zapdos\n|-heal|p1a: Zapdos|86\/100\n|-singleturn|p1a: Zapdos|move: Roost\n|move|p2a: Mandibuzz|Whirlwind|p1a: Zapdos\n|drag|p1a: Tyranitar|Tyranitar, M|21\/100\n|-damage|p1a: Tyranitar|8\/100|[from] Stealth Rock\n|-weather|Sandstorm|[from] ability: Sand Stream|[of] p1a: Tyranitar\n|\n|-weather|Sandstorm|[upkeep]\n|-heal|p1a: Tyranitar|15\/100|[from] item: Leftovers\n|upkeep\n|turn|33\n|j| afduihidsuhfiuhds\n|\n|t:|1653810793\n|switch|p1a: Excadrill|Excadrill, M|65\/100\n|-damage|p1a: Excadrill|62\/100|[from] Stealth Rock\n|move|p2a: Mandibuzz|Knock Off|p1a: Excadrill\n|-damage|p1a: Excadrill|30\/100\n|-enditem|p1a: Excadrill|Life Orb|[from] move: Knock Off|[of] p2a: Mandibuzz\n|\n|-weather|Sandstorm|[upkeep]\n|upkeep\n|turn|34\n|\n|t:|1653810799\n|move|p1a: Excadrill|Rapid Spin|p2a: Mandibuzz\n|-damage|p2a: Mandibuzz|63\/100\n|-boost|p1a: Excadrill|spe|1\n|-sideend|p1: Sky0401|Stealth Rock|[from] move: Rapid Spin|[of] p1a: Excadrill\n|move|p2a: Mandibuzz|Whirlwind|p1a: Excadrill\n|drag|p1a: Clefable|Clefable, F|10\/100\n|\n|-weather|Sandstorm|[upkeep]\n|-heal|p1a: Clefable|16\/100|[from] item: Leftovers\n|upkeep\n|turn|35\n|\n|t:|1653810809\n|move|p2a: Mandibuzz|Knock Off|p1a: Clefable\n|-resisted|p1a: Clefable\n|-damage|p1a: Clefable|7\/100\n|-enditem|p1a: Clefable|Leftovers|[from] move: Knock Off|[of] p2a: Mandibuzz\n|move|p1a: Clefable|Wish|p1a: Clefable\n|\n|-weather|Sandstorm|[upkeep]\n|upkeep\n|turn|36\n|\n|t:|1653810832\n|switch|p1a: Excadrill|Excadrill, M|30\/100\n|move|p2a: Mandibuzz|Whirlwind|p1a: Excadrill\n|drag|p1a: Tyranitar|Tyranitar, M|15\/100\n|\n|-weather|none\n|-heal|p1a: Tyranitar|63\/100|[from] move: Wish|[wisher] Clefable\n|-heal|p1a: Tyranitar|70\/100|[from] item: Leftovers\n|upkeep\n|turn|37\n|\n|t:|1653810840\n|move|p2a: Mandibuzz|Defog|p1a: Tyranitar\n|-unboost|p1a: Tyranitar|evasion|1\n|-sideend|p2: Draco09876|Stealth Rock|[from] move: Defog|[of] p2a: Mandibuzz\n|move|p1a: Tyranitar|Thunder Wave|p2a: Mandibuzz|[miss]\n|-miss|p1a: Tyranitar|p2a: Mandibuzz\n|\n|-heal|p1a: Tyranitar|76\/100|[from] item: Leftovers\n|upkeep\n|turn|38\n|\n|t:|1653810846\n|switch|p2a: Ferrothorn|Ferrothorn, F|100\/100 par\n|move|p1a: Tyranitar|Stealth Rock|p2a: Ferrothorn\n|-sidestart|p2: Draco09876|move: Stealth Rock\n|\n|-heal|p1a: Tyranitar|82\/100|[from] item: Leftovers\n|upkeep\n|turn|39\n|\n|t:|1653810855\n|switch|p1a: Zapdos|Zapdos|86\/100\n|move|p2a: Ferrothorn|Spikes|p1a: Zapdos\n|-sidestart|p1: Sky0401|Spikes\n|\n|upkeep\n|turn|40\n|\n|t:|1653810859\n|switch|p2a: Swampert|Swampert, F|50\/100 tox\n|-damage|p2a: Swampert|44\/100 tox|[from] Stealth Rock\n|move|p1a: Zapdos|Hurricane|p2a: Swampert|[miss]\n|-miss|p1a: Zapdos|p2a: Swampert\n|\n|-heal|p2a: Swampert|50\/100 tox|[from] item: Leftovers\n|-damage|p2a: Swampert|44\/100 tox|[from] psn\n|upkeep\n|turn|41\n|\n|t:|1653810864\n|move|p1a: Zapdos|Hurricane|p2a: Swampert\n|-damage|p2a: Swampert|12\/100 tox\n|-start|p2a: Swampert|confusion\n|-activate|p2a: Swampert|confusion\n|move|p2a: Swampert|Stealth Rock|p1a: Zapdos\n|-sidestart|p1: Sky0401|move: Stealth Rock\n|\n|-heal|p2a: Swampert|18\/100 tox|[from] item: Leftovers\n|-damage|p2a: Swampert|6\/100 tox|[from] psn\n|upkeep\n|turn|42\n|\n|t:|1653810871\n|move|p1a: Zapdos|Heat Wave|p2a: Swampert\n|-resisted|p2a: Swampert\n|-damage|p2a: Swampert|0 fnt\n|faint|p2a: Swampert\n|\n|upkeep\n|\n|t:|1653810875\n|switch|p2a: Slowking|Slowking-Galar, F|85\/100\n|-damage|p2a: Slowking|73\/100|[from] Stealth Rock\n|turn|43\n|\n|t:|1653810880\n|move|p1a: Zapdos|Volt Switch|p2a: Slowking\n|-crit|p2a: Slowking\n|-damage|p2a: Slowking|47\/100\n|\n|t:|1653810890\n|switch|p1a: Clefable|Clefable, F|7\/100|[from]move: Volt Switch\n|move|p2a: Slowking|Sludge Bomb|p1a: Clefable\n|-supereffective|p1a: Clefable\n|-damage|p1a: Clefable|0 fnt\n|faint|p1a: Clefable\n|\n|upkeep\n|\n|t:|1653810901\n|switch|p1a: Excadrill|Excadrill, M|30\/100\n|-damage|p1a: Excadrill|18\/100|[from] Spikes\n|-damage|p1a: Excadrill|15\/100|[from] Stealth Rock\n|turn|44\n|\n|t:|1653810907\n|move|p1a: Excadrill|Rapid Spin|p2a: Slowking\n|-damage|p2a: Slowking|24\/100\n|-boost|p1a: Excadrill|spe|1\n|-sideend|p1: Sky0401|Spikes|[from] move: Rapid Spin|[of] p1a: Excadrill\n|-sideend|p1: Sky0401|Stealth Rock|[from] move: Rapid Spin|[of] p1a: Excadrill\n|move|p2a: Slowking|Flamethrower|p1a: Excadrill\n|-supereffective|p1a: Excadrill\n|-damage|p1a: Excadrill|0 fnt\n|faint|p1a: Excadrill\n|\n|upkeep\n|\n|t:|1653810919\n|switch|p1a: Dragapult|Dragapult, F|100\/100\n|turn|45\n|\n|t:|1653810922\n|switch|p2a: Mandibuzz|Mandibuzz, F|63\/100\n|move|p1a: Dragapult|Shadow Ball|p2a: Mandibuzz\n|-resisted|p2a: Mandibuzz\n|-damage|p2a: Mandibuzz|42\/100\n|\n|upkeep\n|turn|46\n|\n|t:|1653810932\n|switch|p1a: Zapdos|Zapdos|86\/100\n|move|p2a: Mandibuzz|Defog|p1a: Zapdos\n|-unboost|p1a: Zapdos|evasion|1\n|-sideend|p2: Draco09876|Stealth Rock|[from] move: Defog|[of] p2a: Mandibuzz\n|\n|upkeep\n|turn|47\n|\n|t:|1653810936\n|switch|p2a: Slowking|Slowking-Galar, F|58\/100\n|move|p1a: Zapdos|Volt Switch|p2a: Slowking\n|-damage|p2a: Slowking|41\/100\n|\n|t:|1653810943\n|switch|p1a: Landorus|Landorus-Therian, M|59\/100|[from]move: Volt Switch\n|-ability|p1a: Landorus|Intimidate|boost\n|-unboost|p2a: Slowking|atk|1\n|\n|upkeep\n|turn|48\n|\n|t:|1653810947\n|switch|p2a: Ferrothorn|Ferrothorn, F|100\/100 par\n|move|p1a: Landorus|Knock Off|p2a: Ferrothorn\n|-damage|p2a: Ferrothorn|83\/100 par\n|-damage|p1a: Landorus|47\/100|[from] ability: Iron Barbs|[of] p2a: Ferrothorn\n|-enditem|p2a: Ferrothorn|Leftovers|[from] move: Knock Off|[of] p1a: Landorus\n|\n|upkeep\n|turn|49\n|\n|t:|1653810953\n|switch|p1a: Zapdos|Zapdos|86\/100\n|cant|p2a: Ferrothorn|par\n|\n|upkeep\n|turn|50\n|\n|t:|1653810959\n|switch|p2a: Slowking|Slowking-Galar, F|75\/100\n|move|p1a: Zapdos|Hurricane|p2a: Slowking\n|-damage|p2a: Slowking|51\/100\n|\n|upkeep\n|turn|51\n|\n|t:|1653810964\n|move|p1a: Zapdos|Volt Switch|p2a: Slowking\n|-damage|p2a: Slowking|36\/100\n|\n|t:|1653810970\n|switch|p1a: Tyranitar|Tyranitar, M|82\/100|[from]move: Volt Switch\n|-weather|Sandstorm|[from] ability: Sand Stream|[of] p1a: Tyranitar\n|move|p2a: Slowking|Future Sight|p1a: Tyranitar\n|-start|p2a: Slowking|move: Future Sight\n|\n|-weather|Sandstorm|[upkeep]\n|-damage|p2a: Slowking|30\/100|[from] Sandstorm\n|-heal|p1a: Tyranitar|88\/100|[from] item: Leftovers\n|upkeep\n|turn|52\n|\n|t:|1653810977\n|switch|p2a: Ferrothorn|Ferrothorn, F|83\/100 par\n|move|p1a: Tyranitar|Stealth Rock|p2a: Ferrothorn\n|-sidestart|p2: Draco09876|move: Stealth Rock\n|\n|-weather|Sandstorm|[upkeep]\n|-heal|p1a: Tyranitar|94\/100|[from] item: Leftovers\n|upkeep\n|turn|53\n|\n|t:|1653810981\n|switch|p1a: Zapdos|Zapdos|86\/100\n|move|p2a: Ferrothorn|Body Press|p1a: Zapdos\n|-resisted|p1a: Zapdos\n|-damage|p1a: Zapdos|75\/100\n|\n|-weather|Sandstorm|[upkeep]\n|-damage|p1a: Zapdos|69\/100|[from] Sandstorm\n|-end|p1a: Zapdos|move: Future Sight\n|-damage|p1a: Zapdos|11\/100\n|upkeep\n|turn|54\n|\n|t:|1653810991\n|move|p1a: Zapdos|Roost|p1a: Zapdos\n|-heal|p1a: Zapdos|62\/100\n|-singleturn|p1a: Zapdos|move: Roost\n|cant|p2a: Ferrothorn|par\n|\n|-weather|Sandstorm|[upkeep]\n|-damage|p1a: Zapdos|56\/100|[from] Sandstorm\n|upkeep\n|turn|55\n|\n|t:|1653810995\n|move|p1a: Zapdos|Heat Wave|p2a: Ferrothorn\n|-supereffective|p2a: Ferrothorn\n|-damage|p2a: Ferrothorn|0 fnt\n|faint|p2a: Ferrothorn\n|\n|-weather|none\n|upkeep\n|-message|Draco09876 forfeited.\n|\n|win|Sky0401\n|raw|Sky0401's rating: 1731 &rarr; <strong>1751<\/strong><br \/>(+20 for winning)\n|raw|Draco09876's rating: 1732 &rarr; <strong>1712<\/strong><br \/>(-20 for losing)\n|l|\u2606Draco09876\n|l|\u2606Sky0401\n|l| afduihidsuhfiuhds\n","uploadtime":1653811020,"views":14,"p1id":"sky0401","p2id":"draco09876","formatid":"gen8ou","rating":1712,"private":0,"password":null}