{"id":"gen8ou-1625998766","p1":"LECH24","p2":"WishMakerr","format":"gen8ou","log":"|j|\u2606LECH24\n|j|\u2606WishMakerr\n|t:|1658881064\n|gametype|singles\n|player|p1|LECH24|2|1652\n|player|p2|WishMakerr|1|1863\n|teamsize|p1|6\n|teamsize|p2|6\n|gen|8\n|tier|[Gen 8] OU\n|rated|\n|rule|Sleep Clause Mod: Limit one foe put to sleep\n|rule|Species Clause: Limit one of each Pok\u00e9mon\n|rule|OHKO Clause: OHKO moves are banned\n|rule|Evasion Moves Clause: Evasion moves are banned\n|rule|Endless Battle Clause: Forcing endless battles is banned\n|rule|HP Percentage Mod: HP is shown in percentages\n|rule|Dynamax Clause: You cannot dynamax\n|clearpoke\n|poke|p1|Clefable, M|\n|poke|p1|Zapdos|\n|poke|p1|Tapu Bulu|\n|poke|p1|Hippowdon, F|\n|poke|p1|Excadrill, F|\n|poke|p1|Seismitoad, M|\n|poke|p2|Clefable, M|\n|poke|p2|Rillaboom, F|\n|poke|p2|Corviknight, F|\n|poke|p2|Toxapex, F|\n|poke|p2|Garchomp, F|\n|poke|p2|Blissey, F|\n|teampreview\n|inactive|Battle timer is ON: inactive players will automatically lose when time's up. (requested by WishMakerr)\n|\n|t:|1658881078\n|start\n|switch|p1a: Zapdos|Zapdos|100\/100\n|switch|p2a: Toxapex|Toxapex, F|100\/100\n|-ability|p1a: Zapdos|Pressure\n|turn|1\n|\n|t:|1658881081\n|move|p1a: Zapdos|Discharge|p2a: Toxapex\n|-supereffective|p2a: Toxapex\n|-crit|p2a: Toxapex\n|-damage|p2a: Toxapex|23\/100\n|move|p2a: Toxapex|Scald|p1a: Zapdos\n|-damage|p1a: Zapdos|84\/100\n|\n|upkeep\n|turn|2\n|\n|t:|1658881085\n|switch|p2a: Garchomp|Garchomp, F|100\/100\n|move|p1a: Zapdos|Hurricane|p2a: Garchomp\n|-damage|p2a: Garchomp|62\/100\n|\n|-heal|p2a: Garchomp|68\/100|[from] item: Leftovers\n|upkeep\n|turn|3\n|\n|t:|1658881091\n|switch|p1a: Clefable|Clefable, M|100\/100\n|move|p2a: Garchomp|Toxic|p1a: Clefable\n|-status|p1a: Clefable|tox\n|\n|-heal|p2a: Garchomp|74\/100|[from] item: Leftovers\n|upkeep\n|turn|4\n|\n|t:|1658881095\n|switch|p2a: Toxapex|Toxapex, F|56\/100\n|move|p1a: Clefable|Calm Mind|p1a: Clefable\n|-boost|p1a: Clefable|spa|1\n|-boost|p1a: Clefable|spd|1\n|\n|upkeep\n|turn|5\n|\n|t:|1658881104\n|switch|p2a: Blissey|Blissey, F|100\/100\n|move|p1a: Clefable|Thunder|p2a: Blissey\n|-damage|p2a: Blissey|84\/100\n|-status|p2a: Blissey|par\n|\n|upkeep\n|turn|6\n|\n|t:|1658881110\n|-curestatus|p2a: Blissey|par|[from] ability: Natural Cure\n|switch|p2a: Clefable|Clefable, M|100\/100\n|move|p1a: Clefable|Moonblast|p2a: Clefable\n|-damage|p2a: Clefable|62\/100\n|\n|-heal|p2a: Clefable|68\/100|[from] item: Leftovers\n|upkeep\n|turn|7\n|\n|t:|1658881118\n|switch|p1a: Seismitoad|Seismitoad, M|100\/100\n|move|p2a: Clefable|Protect||[still]\n|-fail|p2a: Clefable\n|\n|-heal|p2a: Clefable|74\/100|[from] item: Leftovers\n|upkeep\n|turn|8\n|\n|t:|1658881122\n|switch|p2a: Corviknight|Corviknight, F|100\/100\n|-ability|p2a: Corviknight|Pressure\n|move|p1a: Seismitoad|Knock Off|p2a: Corviknight\n|-damage|p2a: Corviknight|84\/100\n|-enditem|p2a: Corviknight|Leftovers|[from] move: Knock Off|[of] p1a: Seismitoad\n|\n|upkeep\n|turn|9\n|\n|t:|1658881126\n|move|p2a: Corviknight|Brave Bird|p1a: Seismitoad\n|-damage|p1a: Seismitoad|76\/100\n|-damage|p2a: Corviknight|75\/100|[from] Recoil\n|move|p1a: Seismitoad|Scald|p2a: Corviknight\n|-damage|p2a: Corviknight|58\/100\n|\n|-heal|p1a: Seismitoad|82\/100|[from] item: Leftovers\n|upkeep\n|turn|10\n|\n|t:|1658881129\n|move|p2a: Corviknight|U-turn|p1a: Seismitoad\n|-damage|p1a: Seismitoad|71\/100\n|\n|t:|1658881132\n|switch|p2a: Rillaboom|Rillaboom, F|100\/100|[from]move: U-turn\n|-fieldstart|move: Grassy Terrain|[from] ability: Grassy Surge|[of] p2a: Rillaboom\n|move|p1a: Seismitoad|Scald|p2a: Rillaboom\n|-resisted|p2a: Rillaboom\n|-damage|p2a: Rillaboom|87\/100\n|\n|-heal|p2a: Rillaboom|93\/100|[from] Grassy Terrain\n|-heal|p2a: Rillaboom|99\/100|[from] item: Leftovers\n|-heal|p1a: Seismitoad|77\/100|[from] Grassy Terrain\n|-heal|p1a: Seismitoad|83\/100|[from] item: Leftovers\n|upkeep\n|turn|11\n|\n|t:|1658881137\n|switch|p1a: Zapdos|Zapdos|84\/100\n|-ability|p1a: Zapdos|Pressure\n|move|p2a: Rillaboom|Knock Off|p1a: Zapdos\n|-damage|p1a: Zapdos|55\/100\n|-enditem|p1a: Zapdos|Heavy-Duty Boots|[from] move: Knock Off|[of] p2a: Rillaboom\n|\n|-heal|p2a: Rillaboom|100\/100|[from] Grassy Terrain\n|upkeep\n|turn|12\n|\n|t:|1658881143\n|switch|p2a: Garchomp|Garchomp, F|74\/100\n|move|p1a: Zapdos|Roost|p1a: Zapdos\n|-heal|p1a: Zapdos|100\/100\n|-singleturn|p1a: Zapdos|move: Roost\n|\n|-heal|p2a: Garchomp|80\/100|[from] Grassy Terrain\n|-heal|p2a: Garchomp|86\/100|[from] item: Leftovers\n|upkeep\n|turn|13\n|\n|t:|1658881148\n|switch|p1a: Clefable|Clefable, M|100\/100 tox\n|move|p2a: Garchomp|Stealth Rock|p1a: Clefable\n|-sidestart|p1: LECH24|move: Stealth Rock\n|\n|-heal|p2a: Garchomp|93\/100|[from] Grassy Terrain\n|-heal|p2a: Garchomp|99\/100|[from] item: Leftovers\n|upkeep\n|turn|14\n|\n|t:|1658881159\n|switch|p2a: Corviknight|Corviknight, F|58\/100\n|-ability|p2a: Corviknight|Pressure\n|switch|p1a: Seismitoad|Seismitoad, M|83\/100\n|-damage|p1a: Seismitoad|77\/100|[from] Stealth Rock\n|\n|-heal|p1a: Seismitoad|83\/100|[from] Grassy Terrain\n|-heal|p1a: Seismitoad|89\/100|[from] item: Leftovers\n|-fieldend|move: Grassy Terrain\n|upkeep\n|turn|15\n|\n|t:|1658881166\n|move|p2a: Corviknight|Brave Bird|p1a: Seismitoad\n|-damage|p1a: Seismitoad|64\/100\n|-damage|p2a: Corviknight|49\/100|[from] Recoil\n|move|p1a: Seismitoad|Scald|p2a: Corviknight\n|-damage|p2a: Corviknight|34\/100\n|\n|-heal|p1a: Seismitoad|70\/100|[from] item: Leftovers\n|upkeep\n|turn|16\n|\n|t:|1658881170\n|move|p2a: Corviknight|Roost|p2a: Corviknight\n|-heal|p2a: Corviknight|84\/100\n|-singleturn|p2a: Corviknight|move: Roost\n|move|p1a: Seismitoad|Scald|p2a: Corviknight\n|-damage|p2a: Corviknight|66\/100\n|\n|-heal|p1a: Seismitoad|76\/100|[from] item: Leftovers\n|upkeep\n|turn|17\n|\n|t:|1658881178\n|move|p2a: Corviknight|Brave Bird|p1a: Seismitoad\n|-damage|p1a: Seismitoad|48\/100\n|-damage|p2a: Corviknight|56\/100|[from] Recoil\n|move|p1a: Seismitoad|Toxic|p2a: Corviknight|[miss]\n|-miss|p1a: Seismitoad|p2a: Corviknight\n|\n|-heal|p1a: Seismitoad|54\/100|[from] item: Leftovers\n|upkeep\n|turn|18\n|\n|t:|1658881182\n|move|p2a: Corviknight|Roost|p2a: Corviknight\n|-heal|p2a: Corviknight|100\/100\n|-singleturn|p2a: Corviknight|move: Roost\n|move|p1a: Seismitoad|Scald|p2a: Corviknight\n|-damage|p2a: Corviknight|83\/100\n|\n|-heal|p1a: Seismitoad|60\/100|[from] item: Leftovers\n|upkeep\n|turn|19\n|\n|t:|1658881187\n|switch|p1a: Zapdos|Zapdos|100\/100\n|-damage|p1a: Zapdos|76\/100|[from] Stealth Rock\n|-ability|p1a: Zapdos|Pressure\n|move|p2a: Corviknight|Brave Bird|p1a: Zapdos\n|-resisted|p1a: Zapdos\n|-damage|p1a: Zapdos|59\/100\n|-damage|p2a: Corviknight|78\/100|[from] Recoil\n|\n|upkeep\n|turn|20\n|\n|t:|1658881195\n|switch|p2a: Garchomp|Garchomp, F|99\/100\n|move|p1a: Zapdos|Defog|p2a: Garchomp\n|-unboost|p2a: Garchomp|evasion|1\n|-sideend|p1: LECH24|Stealth Rock|[from] move: Defog|[of] p1a: Zapdos\n|\n|-heal|p2a: Garchomp|100\/100|[from] item: Leftovers\n|upkeep\n|turn|21\n|\n|t:|1658881199\n|move|p1a: Zapdos|Roost|p1a: Zapdos\n|-heal|p1a: Zapdos|100\/100\n|-singleturn|p1a: Zapdos|move: Roost\n|move|p2a: Garchomp|Stealth Rock|p1a: Zapdos\n|-sidestart|p1: LECH24|move: Stealth Rock\n|\n|upkeep\n|turn|22\n|\n|t:|1658881205\n|switch|p1a: Clefable|Clefable, M|100\/100 tox\n|switch|p2a: Rillaboom|Rillaboom, F|100\/100\n|-fieldstart|move: Grassy Terrain|[from] ability: Grassy Surge|[of] p2a: Rillaboom\n|\n|upkeep\n|turn|23\n|\n|t:|1658881217\n|switch|p1a: Tapu Bulu|Tapu Bulu|100\/100\n|-damage|p1a: Tapu Bulu|88\/100|[from] Stealth Rock\n|move|p2a: Rillaboom|Swords Dance|p2a: Rillaboom\n|-boost|p2a: Rillaboom|atk|2\n|\n|-heal|p1a: Tapu Bulu|94\/100|[from] Grassy Terrain\n|upkeep\n|turn|24\n|\n|t:|1658881228\n|move|p1a: Tapu Bulu|Nature's Madness|p2a: Rillaboom|[miss]\n|-miss|p1a: Tapu Bulu|p2a: Rillaboom\n|move|p2a: Rillaboom|Knock Off|p1a: Tapu Bulu\n|-resisted|p1a: Tapu Bulu\n|-damage|p1a: Tapu Bulu|63\/100\n|-enditem|p1a: Tapu Bulu|Assault Vest|[from] move: Knock Off|[of] p2a: Rillaboom\n|\n|-heal|p1a: Tapu Bulu|69\/100|[from] Grassy Terrain\n|upkeep\n|turn|25\n|\n|t:|1658881235\n|move|p1a: Tapu Bulu|Nature's Madness|p2a: Rillaboom\n|-damage|p2a: Rillaboom|50\/100\n|move|p2a: Rillaboom|Swords Dance|p2a: Rillaboom\n|-boost|p2a: Rillaboom|atk|2\n|\n|-heal|p1a: Tapu Bulu|75\/100|[from] Grassy Terrain\n|-heal|p2a: Rillaboom|57\/100|[from] Grassy Terrain\n|-heal|p2a: Rillaboom|63\/100|[from] item: Leftovers\n|upkeep\n|turn|26\n|\n|t:|1658881239\n|move|p1a: Tapu Bulu|Nature's Madness|p2a: Rillaboom\n|-damage|p2a: Rillaboom|32\/100\n|move|p2a: Rillaboom|Drain Punch|p1a: Tapu Bulu\n|-resisted|p1a: Tapu Bulu\n|-damage|p1a: Tapu Bulu|36\/100\n|-heal|p2a: Rillaboom|48\/100|[from] drain|[of] p1a: Tapu Bulu\n|\n|-heal|p1a: Tapu Bulu|42\/100|[from] Grassy Terrain\n|-heal|p2a: Rillaboom|54\/100|[from] Grassy Terrain\n|-heal|p2a: Rillaboom|60\/100|[from] item: Leftovers\n|-fieldend|move: Grassy Terrain\n|upkeep\n|turn|27\n|\n|t:|1658881246\n|switch|p1a: Zapdos|Zapdos|100\/100\n|-damage|p1a: Zapdos|76\/100|[from] Stealth Rock\n|-ability|p1a: Zapdos|Pressure\n|move|p2a: Rillaboom|Drain Punch|p1a: Zapdos\n|-resisted|p1a: Zapdos\n|-damage|p1a: Zapdos|42\/100\n|-heal|p2a: Rillaboom|75\/100|[from] drain|[of] p1a: Zapdos\n|\n|-heal|p2a: Rillaboom|82\/100|[from] item: Leftovers\n|upkeep\n|turn|28\n|\n|t:|1658881253\n|move|p1a: Zapdos|Roost|p1a: Zapdos\n|-heal|p1a: Zapdos|92\/100\n|-singleturn|p1a: Zapdos|move: Roost\n|move|p2a: Rillaboom|Drain Punch|p1a: Zapdos\n|-damage|p1a: Zapdos|25\/100\n|-heal|p2a: Rillaboom|100\/100|[from] drain|[of] p1a: Zapdos\n|\n|upkeep\n|turn|29\n|\n|t:|1658881257\n|move|p1a: Zapdos|Roost|p1a: Zapdos\n|-heal|p1a: Zapdos|75\/100\n|-singleturn|p1a: Zapdos|move: Roost\n|move|p2a: Rillaboom|Drain Punch|p1a: Zapdos\n|-damage|p1a: Zapdos|0 fnt\n|faint|p1a: Zapdos\n|\n|upkeep\n|\n|t:|1658881271\n|switch|p1a: Excadrill|Excadrill, F|100\/100\n|-damage|p1a: Excadrill|97\/100|[from] Stealth Rock\n|turn|30\n|\n|t:|1658881274\n|move|p1a: Excadrill|Iron Head|p2a: Rillaboom\n|-damage|p2a: Rillaboom|59\/100\n|move|p2a: Rillaboom|Drain Punch|p1a: Excadrill\n|-supereffective|p1a: Excadrill\n|-damage|p1a: Excadrill|0 fnt\n|-heal|p2a: Rillaboom|100\/100|[from] drain|[of] p1a: Excadrill\n|faint|p1a: Excadrill\n|\n|upkeep\n|-message|LECH24 forfeited.\n|\n|win|WishMakerr\n|raw|LECH24's rating: 1652 &rarr; <strong>1643<\/strong><br \/>(-9 for losing)\n|raw|WishMakerr's rating: 1863 &rarr; <strong>1872<\/strong><br \/>(+9 for winning)\n|l|\u2606LECH24\n","uploadtime":1658881284,"views":76,"p1id":"lech24","p2id":"wishmakerr","formatid":"gen8ou","rating":1643,"private":0,"password":null}