{"id":"gen8ou-1547573608","p1":"A3720","p2":"bizarman","format":"gen8ou","log":"|j|\u2606A3720\n|j|\u2606bizarman\n|t:|1649273955\n|gametype|singles\n|player|p1|A3720|1|1640\n|player|p2|bizarman|scientist-gen4|1599\n|teamsize|p1|6\n|teamsize|p2|6\n|gen|8\n|tier|[Gen 8] OU\n|rated|\n|rule|Sleep Clause Mod: Limit one foe put to sleep\n|rule|Species Clause: Limit one of each Pok\u00e9mon\n|rule|OHKO Clause: OHKO moves are banned\n|rule|Evasion Moves Clause: Evasion moves are banned\n|rule|Endless Battle Clause: Forcing endless battles is banned\n|rule|HP Percentage Mod: HP is shown in percentages\n|rule|Dynamax Clause: You cannot dynamax\n|clearpoke\n|poke|p1|Urshifu-*, F|\n|poke|p1|Zapdos|\n|poke|p1|Ferrothorn, M|\n|poke|p1|Garchomp, M|\n|poke|p1|Regieleki|\n|poke|p1|Bisharp, F|\n|poke|p2|Buzzwole|\n|poke|p2|Heatran, F|\n|poke|p2|Rillaboom, F|\n|poke|p2|Tapu Fini|\n|poke|p2|Landorus-Therian, M|\n|poke|p2|Weavile, F|\n|teampreview\n|\n|t:|1649273968\n|start\n|switch|p1a: Zapdos|Zapdos|100\/100\n|switch|p2a: Buzzwole|Buzzwole|100\/100\n|turn|1\n|\n|t:|1649273973\n|switch|p2a: Heatran|Heatran, F|100\/100\n|move|p1a: Zapdos|Substitute|p1a: Zapdos\n|-start|p1a: Zapdos|Substitute\n|-damage|p1a: Zapdos|76\/100\n|\n|upkeep\n|turn|2\n|inactive|Battle timer is ON: inactive players will automatically lose when time's up. (requested by bizarman)\n|\n|t:|1649273982\n|move|p1a: Zapdos|Thunderbolt|p2a: Heatran\n|-damage|p2a: Heatran|71\/100\n|-status|p2a: Heatran|par\n|cant|p2a: Heatran|par\n|\n|-heal|p2a: Heatran|77\/100 par|[from] item: Leftovers\n|upkeep\n|turn|3\n|c|\u2606bizarman|im quittung this game\n|c|\u2606bizarman|for ever\n|inactive|bizarman has 120 seconds left.\n|\n|t:|1649274018\n|switch|p2a: Landorus|Landorus-Therian, M|100\/100\n|-ability|p2a: Landorus|Intimidate|boost\n|-immune|p1a: Zapdos\n|move|p1a: Zapdos|Thunderbolt|p2a: Landorus\n|-immune|p2a: Landorus\n|\n|upkeep\n|turn|4\n|inactive|bizarman has 120 seconds left.\n|\n|t:|1649274025\n|move|p1a: Zapdos|Hurricane|p2a: Landorus\n|-damage|p2a: Landorus|48\/100\n|move|p2a: Landorus|U-turn|p1a: Zapdos\n|-resisted|p1a: Zapdos\n|-activate|p1a: Zapdos|move: Substitute|[damage]\n|inactive|bizarman has 120 seconds left.\n|\n|t:|1649274031\n|switch|p2a: Weavile|Weavile, F|100\/100|[from]move: U-turn\n|-ability|p2a: Weavile|Pressure\n|\n|upkeep\n|turn|5\n|\n|t:|1649274036\n|switch|p1a: Ferrothorn|Ferrothorn, M|100\/100\n|move|p2a: Weavile|Triple Axel|p1a: Ferrothorn\n|-damage|p1a: Ferrothorn|93\/100\n|-damage|p2a: Weavile|88\/100|[from] ability: Iron Barbs|[of] p1a: Ferrothorn\n|-damage|p1a: Ferrothorn|80\/100\n|-damage|p2a: Weavile|76\/100|[from] ability: Iron Barbs|[of] p1a: Ferrothorn\n|-hitcount|p1a: Ferrothorn|2\n|\n|-heal|p1a: Ferrothorn|87\/100|[from] item: Leftovers\n|upkeep\n|turn|6\n|\n|t:|1649274050\n|switch|p2a: Heatran|Heatran, F|77\/100 par\n|move|p1a: Ferrothorn|Spikes|p2a: Heatran\n|-sidestart|p2: bizarman|Spikes\n|\n|-heal|p2a: Heatran|83\/100 par|[from] item: Leftovers\n|-heal|p1a: Ferrothorn|93\/100|[from] item: Leftovers\n|upkeep\n|turn|7\n|\n|t:|1649274057\n|switch|p1a: Garchomp|Garchomp, M|100\/100\n|move|p2a: Heatran|Stealth Rock|p1a: Garchomp\n|-sidestart|p1: A3720|move: Stealth Rock\n|\n|-heal|p2a: Heatran|89\/100 par|[from] item: Leftovers\n|upkeep\n|turn|8\n|\n|t:|1649274064\n|switch|p2a: Landorus|Landorus-Therian, M|48\/100\n|-ability|p2a: Landorus|Intimidate|boost\n|-unboost|p1a: Garchomp|atk|1\n|move|p1a: Garchomp|Stealth Rock|p2a: Landorus\n|-sidestart|p2: bizarman|move: Stealth Rock\n|\n|-heal|p2a: Landorus|54\/100|[from] item: Leftovers\n|upkeep\n|turn|9\n|\n|t:|1649274077\n|switch|p2a: Tapu Fini|Tapu Fini|100\/100\n|-damage|p2a: Tapu Fini|88\/100|[from] Spikes\n|-damage|p2a: Tapu Fini|76\/100|[from] Stealth Rock\n|-fieldstart|move: Misty Terrain|[from] ability: Misty Surge|[of] p2a: Tapu Fini\n|move|p1a: Garchomp|Swords Dance|p1a: Garchomp\n|-boost|p1a: Garchomp|atk|2\n|\n|upkeep\n|turn|10\n|\n|t:|1649274086\n|switch|p1a: Ferrothorn|Ferrothorn, M|93\/100\n|-damage|p1a: Ferrothorn|87\/100|[from] Stealth Rock\n|move|p2a: Tapu Fini|Moonblast|p1a: Ferrothorn\n|-resisted|p1a: Ferrothorn\n|-damage|p1a: Ferrothorn|71\/100\n|-unboost|p1a: Ferrothorn|spa|1\n|\n|-heal|p1a: Ferrothorn|77\/100|[from] item: Leftovers\n|upkeep\n|turn|11\n|\n|t:|1649274097\n|switch|p2a: Buzzwole|Buzzwole|100\/100\n|-damage|p2a: Buzzwole|88\/100|[from] Spikes\n|-damage|p2a: Buzzwole|76\/100|[from] Stealth Rock\n|move|p1a: Ferrothorn|Knock Off|p2a: Buzzwole\n|-resisted|p2a: Buzzwole\n|-damage|p2a: Buzzwole|68\/100\n|-damage|p1a: Ferrothorn|61\/100|[from] item: Rocky Helmet|[of] p2a: Buzzwole\n|-enditem|p2a: Buzzwole|Rocky Helmet|[from] move: Knock Off|[of] p1a: Ferrothorn\n|\n|-heal|p1a: Ferrothorn|67\/100|[from] item: Leftovers\n|upkeep\n|turn|12\n|inactive|A3720 has 120 seconds left.\n|\n|t:|1649274131\n|switch|p1a: Urshifu|Urshifu-Rapid-Strike, F|100\/100\n|-damage|p1a: Urshifu|94\/100|[from] Stealth Rock\n|move|p2a: Buzzwole|Close Combat|p1a: Urshifu\n|-damage|p1a: Urshifu|24\/100\n|-unboost|p2a: Buzzwole|def|1\n|-unboost|p2a: Buzzwole|spd|1\n|\n|upkeep\n|turn|13\n|j| yb is BETTER\n|l| yb is BETTER\n|\n|t:|1649274148\n|switch|p2a: Tapu Fini|Tapu Fini|76\/100\n|-damage|p2a: Tapu Fini|63\/100|[from] Spikes\n|-damage|p2a: Tapu Fini|51\/100|[from] Stealth Rock\n|move|p1a: Urshifu|Surging Strikes|p2a: Tapu Fini\n|-resisted|p2a: Tapu Fini\n|-crit|p2a: Tapu Fini\n|-damage|p2a: Tapu Fini|41\/100\n|-resisted|p2a: Tapu Fini\n|-crit|p2a: Tapu Fini\n|-damage|p2a: Tapu Fini|30\/100\n|-resisted|p2a: Tapu Fini\n|-crit|p2a: Tapu Fini\n|-damage|p2a: Tapu Fini|19\/100\n|-hitcount|p2a: Tapu Fini|3\n|\n|-fieldend|Misty Terrain\n|upkeep\n|turn|14\n|\n|t:|1649274161\n|switch|p1a: Ferrothorn|Ferrothorn, M|67\/100\n|-damage|p1a: Ferrothorn|61\/100|[from] Stealth Rock\n|move|p2a: Tapu Fini|Trick|p1a: Ferrothorn\n|-activate|p2a: Tapu Fini|move: Trick|[of] p1a: Ferrothorn\n|-item|p1a: Ferrothorn|Choice Scarf|[from] move: Trick\n|-item|p2a: Tapu Fini|Leftovers|[from] move: Trick\n|\n|-heal|p2a: Tapu Fini|25\/100|[from] item: Leftovers\n|upkeep\n|turn|15\n|j| Mayalaran\n|\n|t:|1649274176\n|move|p2a: Tapu Fini|Defog|p1a: Ferrothorn\n|-unboost|p1a: Ferrothorn|evasion|1\n|-sideend|p1: A3720|Stealth Rock|[from] move: Defog|[of] p2a: Tapu Fini\n|-sideend|p2: bizarman|Spikes|[from] move: Defog|[of] p2a: Tapu Fini\n|-sideend|p2: bizarman|Stealth Rock|[from] move: Defog|[of] p2a: Tapu Fini\n|move|p1a: Ferrothorn|Leech Seed|p2a: Tapu Fini|[miss]\n|-miss|p1a: Ferrothorn|p2a: Tapu Fini\n|\n|-heal|p2a: Tapu Fini|31\/100|[from] item: Leftovers\n|upkeep\n|turn|16\n|\n|t:|1649274192\n|switch|p2a: Rillaboom|Rillaboom, F|100\/100\n|-fieldstart|move: Grassy Terrain|[from] ability: Grassy Surge|[of] p2a: Rillaboom\n|switch|p1a: Zapdos|Zapdos|76\/100\n|\n|upkeep\n|turn|17\n|\n|t:|1649274201\n|switch|p2a: Landorus|Landorus-Therian, M|54\/100\n|-ability|p2a: Landorus|Intimidate|boost\n|-unboost|p1a: Zapdos|atk|1\n|move|p1a: Zapdos|Substitute|p1a: Zapdos\n|-start|p1a: Zapdos|Substitute\n|-damage|p1a: Zapdos|51\/100\n|\n|-heal|p2a: Landorus|60\/100|[from] item: Leftovers\n|upkeep\n|turn|18\n|\n|t:|1649274209\n|move|p1a: Zapdos|Hurricane|p2a: Landorus|[miss]\n|-miss|p1a: Zapdos|p2a: Landorus\n|move|p2a: Landorus|U-turn|p1a: Zapdos\n|-resisted|p1a: Zapdos\n|-activate|p1a: Zapdos|move: Substitute|[damage]\n|\n|t:|1649274215\n|switch|p2a: Weavile|Weavile, F|76\/100|[from]move: U-turn\n|-ability|p2a: Weavile|Pressure\n|\n|-heal|p2a: Weavile|82\/100|[from] Grassy Terrain\n|upkeep\n|turn|19\n|\n|t:|1649274232\n|move|p2a: Weavile|Swords Dance|p2a: Weavile\n|-boost|p2a: Weavile|atk|2\n|move|p1a: Zapdos|Thunderbolt|p2a: Weavile\n|-damage|p2a: Weavile|21\/100\n|\n|-heal|p2a: Weavile|27\/100|[from] Grassy Terrain\n|upkeep\n|turn|20\n|\n|t:|1649274248\n|switch|p1a: Ferrothorn|Ferrothorn, M|61\/100\n|move|p2a: Weavile|Triple Axel|p1a: Ferrothorn\n|-damage|p1a: Ferrothorn|47\/100\n|-damage|p2a: Weavile|14\/100|[from] ability: Iron Barbs|[of] p1a: Ferrothorn\n|-damage|p1a: Ferrothorn|23\/100\n|-damage|p2a: Weavile|2\/100|[from] ability: Iron Barbs|[of] p1a: Ferrothorn\n|-damage|p1a: Ferrothorn|0 fnt\n|-damage|p2a: Weavile|0 fnt|[from] ability: Iron Barbs|[of] p1a: Ferrothorn\n|faint|p1a: Ferrothorn\n|faint|p2a: Weavile\n|-hitcount|p1: Ferrothorn|3\n|\n|-fieldend|move: Grassy Terrain\n|upkeep\n|inactive|A3720 has 120 seconds left.\n|\n|t:|1649274271\n|switch|p2a: Rillaboom|Rillaboom, F|100\/100\n|switch|p1a: Zapdos|Zapdos|51\/100\n|-fieldstart|move: Grassy Terrain|[from] ability: Grassy Surge|[of] p2a: Rillaboom\n|turn|21\n|c|\u2606bizarman|why does it have to be\n|c|\u2606bizarman|the most stupid zapdos set ever\n|inactive|bizarman has 120 seconds left.\n|\n|t:|1649274293\n|move|p2a: Rillaboom|Grassy Glide|p1a: Zapdos\n|-resisted|p1a: Zapdos\n|-damage|p1a: Zapdos|1\/100\n|move|p1a: Zapdos|Roost|p1a: Zapdos\n|-heal|p1a: Zapdos|51\/100\n|-singleturn|p1a: Zapdos|move: Roost\n|\n|-heal|p1a: Zapdos|58\/100|[from] Grassy Terrain\n|upkeep\n|turn|22\n|inactive|bizarman has 120 seconds left.\n|\n|t:|1649274305\n|move|p2a: Rillaboom|Grassy Glide|p1a: Zapdos\n|-resisted|p1a: Zapdos\n|-damage|p1a: Zapdos|8\/100\n|-status|p2a: Rillaboom|par|[from] ability: Static|[of] p1a: Zapdos\n|move|p1a: Zapdos|Roost|p1a: Zapdos\n|-heal|p1a: Zapdos|58\/100\n|-singleturn|p1a: Zapdos|move: Roost\n|\n|-heal|p1a: Zapdos|64\/100|[from] Grassy Terrain\n|upkeep\n|turn|23\n|inactive|bizarman has 120 seconds left.\n|\n|t:|1649274327\n|switch|p2a: Heatran|Heatran, F|89\/100 par\n|move|p1a: Zapdos|Roost|p1a: Zapdos\n|-heal|p1a: Zapdos|100\/100\n|-singleturn|p1a: Zapdos|move: Roost\n|\n|-heal|p2a: Heatran|96\/100 par|[from] Grassy Terrain\n|-heal|p2a: Heatran|100\/100 par|[from] item: Leftovers\n|upkeep\n|turn|24\n|c|\u2606bizarman|such bs\n|\n|t:|1649274349\n|switch|p1a: Garchomp|Garchomp, M|100\/100\n|cant|p2a: Heatran|par\n|\n|upkeep\n|turn|25\n|\n|t:|1649274359\n|switch|p2a: Buzzwole|Buzzwole|68\/100\n|move|p1a: Garchomp|Stealth Rock|p2a: Buzzwole\n|-sidestart|p2: bizarman|move: Stealth Rock\n|\n|-heal|p2a: Buzzwole|74\/100|[from] Grassy Terrain\n|-fieldend|move: Grassy Terrain\n|upkeep\n|turn|26\n|\n|t:|1649274373\n|move|p1a: Garchomp|Swords Dance|p1a: Garchomp\n|-boost|p1a: Garchomp|atk|2\n|move|p2a: Buzzwole|Ice Punch|p1a: Garchomp\n|-supereffective|p1a: Garchomp\n|-damage|p1a: Garchomp|0 fnt\n|-damage|p2a: Buzzwole|62\/100|[from] ability: Rough Skin|[of] p1a: Garchomp\n|faint|p1a: Garchomp\n|-ability|p2a: Buzzwole|Beast Boost|boost\n|-boost|p2a: Buzzwole|atk|1\n|\n|upkeep\n|\n|t:|1649274387\n|switch|p1a: Zapdos|Zapdos|100\/100\n|turn|27\n|\n|t:|1649274389\n|move|p1a: Zapdos|Thunderbolt|p2a: Buzzwole\n|-damage|p2a: Buzzwole|0 fnt\n|faint|p2a: Buzzwole\n|\n|upkeep\n|\n|t:|1649274394\n|switch|p2a: Rillaboom|Rillaboom, F|100\/100 par\n|-damage|p2a: Rillaboom|88\/100 par|[from] Stealth Rock\n|-fieldstart|move: Grassy Terrain|[from] ability: Grassy Surge|[of] p2a: Rillaboom\n|turn|28\n|c|\u2606bizarman|miss hurricane pls\n|\n|t:|1649274402\n|move|p1a: Zapdos|Hurricane|p2a: Rillaboom\n|-supereffective|p2a: Rillaboom\n|-damage|p2a: Rillaboom|0 fnt\n|faint|p2a: Rillaboom\n|\n|upkeep\n|c|\u2606bizarman|...\n|-message|bizarman forfeited.\n|\n|win|A3720\n|raw|A3720's rating: 1640 &rarr; <strong>1658<\/strong><br \/>(+18 for winning)\n|raw|bizarman's rating: 1599 &rarr; <strong>1581<\/strong><br \/>(-18 for losing)\n|l|\u2606bizarman\n||Ladder isn't responding, score probably updated but might not have (Request timeout).\n","uploadtime":1649274418,"views":37,"p1id":"a3720","p2id":"bizarman","formatid":"gen8ou","rating":1581,"private":0,"password":null}