{"id":"gen8ou-1207810965","p1":"Commando 55","p2":"the sht tester","format":"gen8ou","log":"|j|\u2606Commando 55\n|j|\u2606the sht tester\n|t:|1603448923\n|player|p1|Commando 55|iris-gen5bw2|1889\n|player|p2|the sht tester|oak-gen1|1738\n|teamsize|p1|6\n|teamsize|p2|6\n|gametype|singles\n|gen|8\n|tier|[Gen 8] OU\n|rated|\n|clearpoke\n|poke|p1|Regieleki|\n|poke|p1|Pelipper, F|\n|poke|p1|Blissey, F|\n|poke|p1|Kingdra, F|\n|poke|p1|Urshifu-*, F|\n|poke|p1|Ferrothorn, F|\n|poke|p2|Tornadus-Therian, M|\n|poke|p2|Pelipper, F|\n|poke|p2|Volcanion|\n|poke|p2|Seismitoad, F|\n|poke|p2|Ferrothorn, M|\n|poke|p2|Magnezone|\n|rule|Sleep Clause Mod: Limit one foe put to sleep\n|rule|Species Clause: Limit one of each Pok\u00e9mon\n|rule|OHKO Clause: OHKO moves are banned\n|rule|Evasion Moves Clause: Evasion moves are banned\n|rule|Endless Battle Clause: Forcing endless battles is banned\n|rule|HP Percentage Mod: HP is shown in percentages\n|rule|Dynamax Clause: You cannot dynamax\n|teampreview\n|c|\u2606Commando 55|Gl\n|j| Priyankaa\n|j| Unowndragon\n|j| tessp\n|c|\u2606the sht tester|u2\n|\n|t:|1603448948\n|start\n|switch|p1a: Urshifu|Urshifu-Rapid-Strike, F|100\/100\n|switch|p2a: Pelipper|Pelipper, F|100\/100\n|-weather|RainDance|[from] ability: Drizzle|[of] p2a: Pelipper\n|turn|1\n|inactive|Battle timer is ON: inactive players will automatically lose when time's up. (requested by Commando 55)\n|\n|t:|1603448954\n|move|p1a: Urshifu|U-turn|p2a: Pelipper\n|-resisted|p2a: Pelipper\n|-damage|p2a: Pelipper|86\/100\n|\n|t:|1603448961\n|switch|p1a: Regieleki|Regieleki|100\/100|[from]move: U-turn\n|move|p2a: Pelipper|Hurricane|p1a: Regieleki\n|-resisted|p1a: Regieleki\n|-damage|p1a: Regieleki|72\/100\n|\n|-weather|RainDance|[upkeep]\n|upkeep\n|turn|2\n|j| yiyue\n|j| Ttzido\n|\n|t:|1603448979\n|switch|p1a: Blissey|Blissey, F|100\/100\n|switch|p2a: Seismitoad|Seismitoad, F|100\/100\n|\n|-weather|RainDance|[upkeep]\n|upkeep\n|turn|3\n|\n|t:|1603448983\n|move|p2a: Seismitoad|Knock Off|p1a: Blissey\n|-crit|p1a: Blissey\n|-damage|p1a: Blissey|75\/100\n|-enditem|p1a: Blissey|Heavy-Duty Boots|[from] move: Knock Off|[of] p2a: Seismitoad\n|move|p1a: Blissey|Teleport|p1a: Blissey\n|j| caiyingzi\n|\n|t:|1603448990\n|switch|p1a: Urshifu|Urshifu-Rapid-Strike, F|100\/100|[from]move: Teleport\n|\n|-weather|RainDance|[upkeep]\n|upkeep\n|turn|4\n|\n|t:|1603448994\n|switch|p2a: Pelipper|Pelipper, F|86\/100\n|move|p1a: Urshifu|Close Combat|p2a: Pelipper\n|-resisted|p2a: Pelipper\n|-damage|p2a: Pelipper|51\/100\n|-unboost|p1a: Urshifu|def|1\n|-unboost|p1a: Urshifu|spd|1\n|\n|-weather|RainDance|[upkeep]\n|upkeep\n|turn|5\n|j| mister vain\n|j| plantinga\n|\n|t:|1603449002\n|switch|p1a: Kingdra|Kingdra, F|100\/100\n|move|p2a: Pelipper|U-turn|p1a: Kingdra\n|-damage|p1a: Kingdra|90\/100\n|l| mister vain\n|\n|t:|1603449005\n|switch|p2a: Ferrothorn|Ferrothorn, M|100\/100|[from]move: U-turn\n|\n|-weather|RainDance|[upkeep]\n|upkeep\n|turn|6\n|j| Satsuki Nubaru\n|\n|t:|1603449012\n|switch|p1a: Ferrothorn|Ferrothorn, F|100\/100\n|move|p2a: Ferrothorn|Stealth Rock|p1a: Ferrothorn\n|-sidestart|p1: Commando 55|move: Stealth Rock\n|\n|-weather|RainDance|[upkeep]\n|upkeep\n|turn|7\n|j| Yamaha R6\n|\n|t:|1603449019\n|switch|p1a: Urshifu|Urshifu-Rapid-Strike, F|100\/100\n|-damage|p1a: Urshifu|94\/100|[from] Stealth Rock\n|move|p2a: Ferrothorn|Knock Off|p1a: Urshifu\n|-resisted|p1a: Urshifu\n|-damage|p1a: Urshifu|84\/100\n|-enditem|p1a: Urshifu|Choice Band|[from] move: Knock Off|[of] p2a: Ferrothorn\n|\n|-weather|RainDance|[upkeep]\n|upkeep\n|turn|8\n|\n|t:|1603449024\n|move|p1a: Urshifu|Close Combat|p2a: Ferrothorn\n|-supereffective|p2a: Ferrothorn\n|-enditem|p2a: Ferrothorn|Chople Berry|[eat]\n|-enditem|p2a: Ferrothorn|Chople Berry|[weaken]\n|-damage|p2a: Ferrothorn|58\/100\n|-unboost|p1a: Urshifu|def|1\n|-unboost|p1a: Urshifu|spd|1\n|-damage|p1a: Urshifu|72\/100|[from] ability: Iron Barbs|[of] p2a: Ferrothorn\n|move|p2a: Ferrothorn|Spikes|p1a: Urshifu\n|-sidestart|p1: Commando 55|Spikes\n|\n|-weather|none\n|upkeep\n|turn|9\n|\n|t:|1603449034\n|switch|p2a: Tornadus|Tornadus-Therian, M|100\/100\n|move|p1a: Urshifu|Close Combat|p2a: Tornadus\n|-resisted|p2a: Tornadus\n|-damage|p2a: Tornadus|58\/100\n|-unboost|p1a: Urshifu|def|1\n|-unboost|p1a: Urshifu|spd|1\n|\n|upkeep\n|turn|10\n|\n|t:|1603449047\n|move|p2a: Tornadus|Hurricane|p1a: Urshifu|[miss]\n|-miss|p2a: Tornadus|p1a: Urshifu\n|move|p1a: Urshifu|Close Combat|p2a: Tornadus\n|-resisted|p2a: Tornadus\n|-damage|p2a: Tornadus|14\/100\n|-unboost|p1a: Urshifu|def|1\n|-unboost|p1a: Urshifu|spd|1\n|\n|upkeep\n|turn|11\n|\n|t:|1603449050\n|move|p1a: Urshifu|Aqua Jet|p2a: Tornadus\n|-damage|p2a: Tornadus|0 fnt\n|faint|p2a: Tornadus\n|\n|upkeep\n|\n|t:|1603449053\n|switch|p2a: Pelipper|Pelipper, F|51\/100\n|-weather|RainDance|[from] ability: Drizzle|[of] p2a: Pelipper\n|turn|12\n|c|\u2606Commando 55|Soz\n|j| Martinique Jason\n|c|\u2606the sht tester|xd\n|l| Martinique Jason\n|\n|t:|1603449064\n|move|p1a: Urshifu|Surging Strikes|p2a: Pelipper\n|-resisted|p2a: Pelipper\n|-crit|p2a: Pelipper\n|-damage|p2a: Pelipper|39\/100\n|-resisted|p2a: Pelipper\n|-crit|p2a: Pelipper\n|-damage|p2a: Pelipper|28\/100\n|-resisted|p2a: Pelipper\n|-crit|p2a: Pelipper\n|-damage|p2a: Pelipper|17\/100\n|-hitcount|p2a: Pelipper|3\n|move|p2a: Pelipper|U-turn|p1a: Urshifu\n|-resisted|p1a: Urshifu\n|-crit|p1a: Urshifu\n|-damage|p1a: Urshifu|55\/100\n|\n|t:|1603449066\n|switch|p2a: Seismitoad|Seismitoad, F|100\/100|[from]move: U-turn\n|\n|-weather|RainDance|[upkeep]\n|upkeep\n|turn|13\n|\n|t:|1603449079\n|switch|p1a: Blissey|Blissey, F|75\/100\n|-damage|p1a: Blissey|63\/100|[from] Stealth Rock\n|-damage|p1a: Blissey|50\/100|[from] Spikes\n|move|p2a: Seismitoad|Weather Ball|p1a: Blissey\n|-damage|p1a: Blissey|15\/100\n|\n|-weather|RainDance|[upkeep]\n|upkeep\n|turn|14\n|j| sad erfef\n|j| drivance\n|\n|t:|1603449094\n|move|p2a: Seismitoad|Weather Ball|p1a: Blissey\n|-damage|p1a: Blissey|0 fnt\n|faint|p1a: Blissey\n|\n|-weather|RainDance|[upkeep]\n|upkeep\n|\n|t:|1603449098\n|switch|p1a: Kingdra|Kingdra, F|90\/100\n|-damage|p1a: Kingdra|77\/100|[from] Stealth Rock\n|-damage|p1a: Kingdra|65\/100|[from] Spikes\n|turn|15\n|\n|t:|1603449106\n|switch|p2a: Ferrothorn|Ferrothorn, M|58\/100\n|move|p1a: Kingdra|Hurricane|p2a: Ferrothorn\n|-damage|p2a: Ferrothorn|17\/100\n|\n|-weather|RainDance|[upkeep]\n|upkeep\n|turn|16\n|\n|t:|1603449110\n|switch|p2a: Magnezone|Magnezone|100\/100\n|move|p1a: Kingdra|Hurricane|p2a: Magnezone\n|-resisted|p2a: Magnezone\n|-damage|p2a: Magnezone|84\/100\n|-start|p2a: Magnezone|confusion\n|\n|-weather|RainDance|[upkeep]\n|upkeep\n|turn|17\n|\n|t:|1603449114\n|switch|p1a: Ferrothorn|Ferrothorn, F|100\/100\n|-damage|p1a: Ferrothorn|94\/100|[from] Stealth Rock\n|-damage|p1a: Ferrothorn|82\/100|[from] Spikes\n|-activate|p2a: Magnezone|confusion\n|move|p2a: Magnezone|Thunder|p1a: Ferrothorn\n|-resisted|p1a: Ferrothorn\n|-damage|p1a: Ferrothorn|27\/100\n|\n|-weather|RainDance|[upkeep]\n|upkeep\n|turn|18\n|\n|t:|1603449118\n|-activate|p2a: Magnezone|confusion\n|-damage|p2a: Magnezone|78\/100|[from] confusion\n|move|p1a: Ferrothorn|Body Press|p2a: Magnezone\n|-supereffective|p2a: Magnezone\n|-damage|p2a: Magnezone|7\/100\n|\n|-weather|RainDance|[upkeep]\n|upkeep\n|turn|19\n|\n|t:|1603449123\n|-activate|p2a: Magnezone|confusion\n|-damage|p2a: Magnezone|1\/100|[from] confusion\n|move|p1a: Ferrothorn|Stealth Rock|p2a: Magnezone\n|-sidestart|p2: the sht tester|move: Stealth Rock\n|\n|-weather|none\n|upkeep\n|turn|20\n|c|\u2606Commando 55|I feel bad now\n|\n|t:|1603449140\n|-activate|p2a: Magnezone|confusion\n|move|p2a: Magnezone|Thunder|p1a: Ferrothorn|[miss]\n|-miss|p2a: Magnezone|p1a: Ferrothorn\n|move|p1a: Ferrothorn|Knock Off|p2a: Magnezone\n|-damage|p2a: Magnezone|0 fnt\n|-enditem|p2a: Magnezone|Choice Specs|[from] move: Knock Off|[of] p1a: Ferrothorn\n|faint|p2a: Magnezone\n|\n|upkeep\n|\n|t:|1603449145\n|switch|p2a: Seismitoad|Seismitoad, F|100\/100\n|-damage|p2a: Seismitoad|95\/100|[from] Stealth Rock\n|turn|21\n|\n|t:|1603449148\n|move|p2a: Seismitoad|Earth Power|p1a: Ferrothorn\n|-damage|p1a: Ferrothorn|0 fnt\n|faint|p1a: Ferrothorn\n|\n|upkeep\n|c|\u2606the sht tester|its fine\n|c| Ttzido|Unlucky\n|c|\u2606the sht tester|im rlly only testing stiff\n|l| plantinga\n|inactive|Commando 55 has 120 seconds left.\n|l| sad erfef\n|c|\u2606the sht tester|just wanted to see if i could beat kingdra with a wather abso\n|\n|t:|1603449191\n|switch|p1a: Urshifu|Urshifu-Rapid-Strike, F|55\/100\n|-damage|p1a: Urshifu|42\/100|[from] Spikes\n|-damage|p1a: Urshifu|36\/100|[from] Stealth Rock\n|turn|22\n|j| highgxedoritos\n|\n|t:|1603449198\n|move|p1a: Urshifu|Close Combat|p2a: Seismitoad\n|-damage|p2a: Seismitoad|18\/100\n|-unboost|p1a: Urshifu|def|1\n|-unboost|p1a: Urshifu|spd|1\n|move|p2a: Seismitoad|Earth Power|p1a: Urshifu\n|-damage|p1a: Urshifu|0 fnt\n|faint|p1a: Urshifu\n|\n|upkeep\n|\n|t:|1603449206\n|switch|p1a: Pelipper|Pelipper, F|100\/100\n|-damage|p1a: Pelipper|76\/100|[from] Stealth Rock\n|-weather|RainDance|[from] ability: Drizzle|[of] p1a: Pelipper\n|turn|23\n|inactive|Commando 55 has 120 seconds left.\n|j| skeb\n|\n|t:|1603449224\n|switch|p2a: Pelipper|Pelipper, F|17\/100\n|-damage|p2a: Pelipper|0 fnt|[from] Stealth Rock\n|faint|p2a: Pelipper\n|move|p1a: Pelipper|U-turn|p2: Pelipper|[notarget]\n|-fail|p1a: Pelipper\n|\n|-weather|RainDance|[upkeep]\n|upkeep\n|\n|t:|1603449227\n|switch|p2a: Volcanion|Volcanion|100\/100\n|-damage|p2a: Volcanion|76\/100|[from] Stealth Rock\n|turn|24\n|j| Mojino Loic\n|inactive|Commando 55 has 120 seconds left.\n|\n|t:|1603449234\n|move|p2a: Volcanion|Steam Eruption|p1a: Pelipper\n|-resisted|p1a: Pelipper\n|-damage|p1a: Pelipper|0 fnt\n|faint|p1a: Pelipper\n|\n|-weather|RainDance|[upkeep]\n|upkeep\n|j| chinchiliconcarne\n|j| poopoofunny\n|inactive|Commando 55 has 120 seconds left.\n|\n|t:|1603449241\n|switch|p1a: Kingdra|Kingdra, F|65\/100\n|-damage|p1a: Kingdra|53\/100|[from] Spikes\n|-damage|p1a: Kingdra|40\/100|[from] Stealth Rock\n|turn|25\n|l| chinchiliconcarne\n|\n|t:|1603449250\n|move|p1a: Kingdra|Hurricane|p2a: Volcanion\n|-damage|p2a: Volcanion|11\/100\n|move|p2a: Volcanion|Steam Eruption|p1a: Kingdra\n|-resisted|p1a: Kingdra\n|-damage|p1a: Kingdra|0 fnt\n|faint|p1a: Kingdra\n|\n|-weather|RainDance|[upkeep]\n|upkeep\n|\n|t:|1603449255\n|switch|p1a: Regieleki|Regieleki|72\/100\n|-damage|p1a: Regieleki|59\/100|[from] Spikes\n|-damage|p1a: Regieleki|47\/100|[from] Stealth Rock\n|turn|26\n|\n|t:|1603449266\n|move|p1a: Regieleki|Rapid Spin|p2a: Volcanion\n|-damage|p2a: Volcanion|2\/100\n|-boost|p1a: Regieleki|spe|1\n|-sideend|p1: Commando 55|Spikes|[from] move: Rapid Spin|[of] p1a: Regieleki\n|-sideend|p1: Commando 55|Stealth Rock|[from] move: Rapid Spin|[of] p1a: Regieleki\n|move|p2a: Volcanion|Steam Eruption|p1a: Regieleki\n|-damage|p1a: Regieleki|0 fnt\n|faint|p1a: Regieleki\n|\n|win|the sht tester\n|l|\u2606Commando 55\n|c|\u2606the sht tester|gg\n|l| tessp\n|l|\u2606the sht tester\n|l| caiyingzi\n|l| skeb\n|l| Yamaha R6\n|raw|Commando 55's rating: 1889 &rarr; <strong>1861<\/strong><br \/>(-28 for losing)\n|raw|the sht tester's rating: 1738 &rarr; <strong>1767<\/strong><br \/>(+29 for winning)\n|l| Satsuki Nubaru\n|l| Ttzido\n|j| kaiba2255\n","uploadtime":1603449318,"views":112,"p1id":"commando55","p2id":"theshttester","formatid":"gen8ou","rating":1767,"private":0,"password":null}