{"id":"gen8randombattle-1034651696","p1":"Burnt Bright","p2":"giantsquid21","format":"gen8randombattle","log":"|j|\u2606Burnt Bright\n|j|\u2606giantsquid21\n|player|p1|Burnt Bright|226|1333\n|player|p2|giantsquid21|cynthia-gen4|1340\n|teamsize|p1|6\n|teamsize|p2|6\n|gametype|singles\n|gen|8\n|tier|[Gen 8] Random Battle\n|rated|\n|rule|HP Percentage Mod: HP is shown in percentages\n|rule|Sleep Clause Mod: Limit one foe put to sleep\n|\n|start\n|switch|p1a: Mew|Mew, L82|298\/298\n|switch|p2a: Mudsdale|Mudsdale, L82, M|298\/298\n|turn|1\n|inactive|Battle timer is ON: inactive players will automatically lose when time's up. (requested by giantsquid21)\n|\n|move|p1a: Mew|Swords Dance|p1a: Mew\n|-boost|p1a: Mew|atk|2\n|move|p2a: Mudsdale|Stealth Rock|p1a: Mew\n|-sidestart|p1: Burnt Bright|move: Stealth Rock\n|\n|upkeep\n|turn|2\n|\n|switch|p2a: Mr. Mime|Mr. Mime, L82, M|200\/200\n|move|p1a: Mew|Power Whip|p2a: Mr. Mime\n|-damage|p2a: Mr. Mime|0 fnt\n|faint|p2a: Mr. Mime\n|\n|upkeep\n|\n|switch|p2a: Eldegoss|Eldegoss, L82, F|233\/233\n|turn|3\n|\n|move|p1a: Mew|Megahorn|p2a: Eldegoss\n|-supereffective|p2a: Eldegoss\n|-damage|p2a: Eldegoss|0 fnt\n|faint|p2a: Eldegoss\n|\n|upkeep\n|\n|switch|p2a: Flygon|Flygon, L82, F|265\/265\n|turn|4\n|\n|-start|p1a: Mew|Dynamax\n|-heal|p1a: Mew|596\/596|[silent]\n|move|p1a: Mew|Max Mindstorm|p2a: Flygon\n|-damage|p2a: Flygon|0 fnt\n|-fieldstart|move: Psychic Terrain\n|faint|p2a: Flygon\n|\n|upkeep\n|\n|switch|p2a: Mudsdale|Mudsdale, L82, M|298\/298\n|turn|5\n|c|\u2606Burnt Bright|Jesus\n|\n|move|p1a: Mew|Max Overgrowth|p2a: Mudsdale\n|-supereffective|p2a: Mudsdale\n|-damage|p2a: Mudsdale|0 fnt\n|-fieldstart|move: Grassy Terrain\n|faint|p2a: Mudsdale\n|\n|upkeep\n|\n|switch|p2a: Gyarados|Gyarados, L80, M|283\/283\n|turn|6\n|\n|move|p1a: Mew|Max Overgrowth|p2a: Gyarados\n|-damage|p2a: Gyarados|8\/283\n|move|p2a: Gyarados|Waterfall|p1a: Mew\n|-damage|p1a: Mew|503\/596\n|\n|-heal|p1a: Mew|521\/596|[from] item: Leftovers\n|-heal|p1a: Mew|539\/596|[from] Grassy Terrain\n|-heal|p2a: Gyarados|25\/283|[from] item: Leftovers\n|-end|p1a: Mew|Dynamax\n|-heal|p1a: Mew|270\/298|[silent]\n|upkeep\n|turn|7\n|-message|giantsquid21 forfeited.\n|\n|win|Burnt Bright\n|l|\u2606giantsquid21\n|raw|Burnt Bright's rating: 1333 &rarr; <strong>1354<\/strong><br \/>(+21 for winning)\n|raw|giantsquid21's rating: 1340 &rarr; <strong>1320<\/strong><br \/>(-20 for losing)\n","inputlog":">version 802776111583489e5395a083a30df6d6700f2f2a\n>version-origin 8470325f35d8544658f89731d71f6f02cba4d510\n>start {\"formatid\":\"gen8randombattle\",\"seed\":[4322,15440,23978,21533],\"rated\":\"Rated battle\"}\n>player p1 {\"name\":\"Burnt Bright\",\"avatar\":\"226\",\"team\":\"\",\"rating\":1333,\"seed\":[46826,53613,47948,41624]}\n>player p2 {\"name\":\"giantsquid21\",\"avatar\":\"cynthia-gen4\",\"team\":\"\",\"rating\":1340,\"seed\":[16431,17843,36035,59714]}\n>p1 move swordsdance\n>p2 move stealthrock\n>p1 move powerwhip\n>p2 switch 4\n>p2 switch 6\n>p1 move megahorn\n>p2 move sleeppowder\n>p2 switch 5\n>p1 move psychicfangs dynamax\n>p2 move earthquake\n>p2 switch 4\n>p1 move powerwhip dynamax\n>p2 move earthquake\n>p2 switch 2\n>p1 move powerwhip dynamax\n>p2 move waterfall","uploadtime":1577144510,"views":5,"p1id":"burntbright","p2id":"giantsquid21","formatid":"gen8randombattle","rating":1320,"private":0,"password":null}