{"id":"gen8ou-1179773462","p1":"relic stone","p2":"LT74PF Smok3r","format":"gen8ou","log":"|raw|<div class=\"broadcast-blue\"><strong>This battle is required to be public due to a player having a name starting with 'LT74PF'.<\/div>\n|j|\u2606relic stone\n|j|\u2606LT74PF Smok3r\n|t:|1599036991\n|player|p1|relic stone|lusamine-nihilego|1826\n|player|p2|LT74PF Smok3r|266|1688\n|teamsize|p1|6\n|teamsize|p2|6\n|gametype|singles\n|gen|8\n|tier|[Gen 8] OU\n|rated|\n|clearpoke\n|poke|p1|Tangrowth, M|\n|poke|p1|Urshifu-*, M|\n|poke|p1|Aegislash, M|\n|poke|p1|Rotom-Heat|\n|poke|p1|Azumarill, M|\n|poke|p1|Rhyperior, M|\n|poke|p2|Excadrill, F|\n|poke|p2|Magnezone|\n|poke|p2|Skarmory, F|\n|poke|p2|Tyranitar, M|\n|poke|p2|Amoonguss, M|\n|poke|p2|Clefable, M|\n|rule|Sleep Clause Mod: Limit one foe put to sleep\n|rule|Species Clause: Limit one of each Pok\u00e9mon\n|rule|OHKO Clause: OHKO moves are banned\n|rule|Evasion Moves Clause: Evasion moves are banned\n|rule|Endless Battle Clause: Forcing endless battles is banned\n|rule|HP Percentage Mod: HP is shown in percentages\n|rule|Dynamax Clause: You cannot dynamax\n|teampreview\n|inactive|Battle timer is ON: inactive players will automatically lose when time's up. (requested by LT74PF Smok3r)\n|c|\u2606relic stone|hf\n|c|\u2606LT74PF Smok3r|=\n|\n|t:|1599037006\n|start\n|switch|p1a: Achilles|Aegislash, M|100\/100\n|switch|p2a: Tyranitar|Tyranitar, M|100\/100\n|-weather|Sandstorm|[from] ability: Sand Stream|[of] p2a: Tyranitar\n|turn|1\n|\n|t:|1599037013\n|switch|p2a: Amoonguss|Amoonguss, M, shiny|100\/100\n|-formechange|p1a: Achilles|Aegislash-Blade||[from] ability: Stance Change\n|move|p1a: Achilles|Close Combat|p2a: Amoonguss\n|-resisted|p2a: Amoonguss\n|-damage|p2a: Amoonguss|84\/100\n|-unboost|p1a: Achilles|def|1\n|-unboost|p1a: Achilles|spd|1\n|\n|-weather|Sandstorm|[upkeep]\n|-damage|p2a: Amoonguss|78\/100|[from] Sandstorm\n|-heal|p2a: Amoonguss|84\/100|[from] item: Black Sludge\n|upkeep\n|turn|2\n|\n|t:|1599037019\n|move|p1a: Achilles|Shadow Ball|p2a: Amoonguss\n|-damage|p2a: Amoonguss|40\/100\n|move|p2a: Amoonguss|Spore|p1a: Achilles\n|-status|p1a: Achilles|slp|[from] move: Spore\n|\n|-weather|Sandstorm|[upkeep]\n|-damage|p2a: Amoonguss|34\/100|[from] Sandstorm\n|-heal|p2a: Amoonguss|40\/100|[from] item: Black Sludge\n|upkeep\n|turn|3\n|\n|t:|1599037022\n|switch|p2a: Tyranitar|Tyranitar, M|100\/100\n|cant|p1a: Achilles|slp\n|\n|-weather|Sandstorm|[upkeep]\n|upkeep\n|turn|4\n|\n|t:|1599037026\n|cant|p1a: Achilles|slp\n|move|p2a: Tyranitar|Stealth Rock|p1a: Achilles\n|-sidestart|p1: relic stone|move: Stealth Rock\n|\n|-weather|Sandstorm|[upkeep]\n|upkeep\n|turn|5\n|\n|t:|1599037029\n|switch|p2a: Amoonguss|Amoonguss, M, shiny|74\/100\n|cant|p1a: Achilles|slp\n|\n|-weather|none\n|-heal|p2a: Amoonguss|80\/100|[from] item: Black Sludge\n|upkeep\n|turn|6\n|\n|t:|1599037032\n|-curestatus|p1a: Achilles|slp|[msg]\n|move|p1a: Achilles|Shadow Ball|p2a: Amoonguss\n|-damage|p2a: Amoonguss|28\/100\n|move|p2a: Amoonguss|Spore|p1a: Achilles\n|-status|p1a: Achilles|slp|[from] move: Spore\n|\n|-heal|p2a: Amoonguss|34\/100|[from] item: Black Sludge\n|upkeep\n|turn|7\n|\n|t:|1599037035\n|switch|p2a: Magnezone|Magnezone, shiny|100\/100\n|cant|p1a: Achilles|slp\n|\n|upkeep\n|turn|8\n|\n|t:|1599037040\n|switch|p1a: Mortar|Rhyperior, M|100\/100\n|-damage|p1a: Mortar|94\/100|[from] Stealth Rock\n|move|p2a: Magnezone|Substitute|p2a: Magnezone\n|-start|p2a: Magnezone|Substitute\n|-damage|p2a: Magnezone|76\/100\n|\n|-heal|p2a: Magnezone|82\/100|[from] item: Leftovers\n|-heal|p1a: Mortar|100\/100|[from] item: Leftovers\n|upkeep\n|turn|9\n|\n|t:|1599037048\n|move|p2a: Magnezone|Body Press|p1a: Mortar\n|-supereffective|p1a: Mortar\n|-damage|p1a: Mortar|68\/100\n|move|p1a: Mortar|Earthquake|p2a: Magnezone\n|-supereffective|p2a: Magnezone\n|-end|p2a: Magnezone|Substitute\n|\n|-heal|p2a: Magnezone|88\/100|[from] item: Leftovers\n|-heal|p1a: Mortar|74\/100|[from] item: Leftovers\n|upkeep\n|turn|10\n|\n|t:|1599037053\n|switch|p2a: Skarmory|Skarmory, F|100\/100\n|move|p1a: Mortar|Stealth Rock|p2a: Skarmory\n|-sidestart|p2: LT74PF Smok3r|move: Stealth Rock\n|\n|-heal|p1a: Mortar|80\/100|[from] item: Leftovers\n|upkeep\n|turn|11\n|\n|t:|1599037057\n|move|p1a: Mortar|Swords Dance|p1a: Mortar\n|-boost|p1a: Mortar|atk|2\n|move|p2a: Skarmory|Spikes|p1a: Mortar\n|-sidestart|p1: relic stone|Spikes\n|\n|-heal|p1a: Mortar|87\/100|[from] item: Leftovers\n|upkeep\n|turn|12\n|\n|t:|1599037061\n|move|p1a: Mortar|Heat Crash|p2a: Skarmory\n|-supereffective|p2a: Skarmory\n|-ability|p2a: Skarmory|Sturdy\n|-damage|p2a: Skarmory|1\/100\n|-damage|p1a: Mortar|70\/100|[from] item: Rocky Helmet|[of] p2a: Skarmory\n|move|p2a: Skarmory|Whirlwind|p1a: Mortar\n|drag|p1a: Achilles|Aegislash, M|100\/100 slp\n|-damage|p1a: Achilles|88\/100 slp|[from] Spikes\n|-damage|p1a: Achilles|82\/100 slp|[from] Stealth Rock\n|\n|upkeep\n|turn|13\n|\n|t:|1599037065\n|-curestatus|p1a: Achilles|slp|[msg]\n|-formechange|p1a: Achilles|Aegislash-Blade||[from] ability: Stance Change\n|move|p1a: Achilles|Shadow Ball|p2a: Skarmory\n|-damage|p2a: Skarmory|0 fnt\n|faint|p2a: Skarmory\n|\n|upkeep\n|j| Livio ElTito\n|\n|t:|1599037071\n|switch|p2a: Excadrill|Excadrill, F|100\/100\n|-damage|p2a: Excadrill|97\/100|[from] Stealth Rock\n|turn|14\n|j| lazatron\n|\n|t:|1599037078\n|switch|p1a: Ramen|Tangrowth, M|100\/100\n|-damage|p1a: Ramen|88\/100|[from] Stealth Rock\n|-damage|p1a: Ramen|76\/100|[from] Spikes\n|move|p2a: Excadrill|Rock Slide|p1a: Ramen\n|-damage|p1a: Ramen|62\/100\n|\n|-heal|p2a: Excadrill|100\/100|[from] item: Leftovers\n|upkeep\n|turn|15\n|\n|t:|1599037083\n|switch|p2a: Clefable|Clefable, M, shiny|100\/100\n|move|p1a: Ramen|Sleep Powder|p2a: Clefable\n|-status|p2a: Clefable|slp|[from] move: Sleep Powder\n|\n|upkeep\n|turn|16\n|\n|t:|1599037086\n|switch|p2a: Amoonguss|Amoonguss, M, shiny|67\/100\n|-damage|p2a: Amoonguss|55\/100|[from] Stealth Rock\n|switch|p1a: Phantom|Rotom-Heat, shiny|100\/100\n|\n|-heal|p2a: Amoonguss|61\/100|[from] item: Black Sludge\n|upkeep\n|turn|17\n|\n|t:|1599037089\n|switch|p2a: Tyranitar|Tyranitar, M|100\/100\n|-damage|p2a: Tyranitar|88\/100|[from] Stealth Rock\n|-weather|Sandstorm|[from] ability: Sand Stream|[of] p2a: Tyranitar\n|move|p1a: Phantom|Defog|p2a: Tyranitar\n|-unboost|p2a: Tyranitar|evasion|1\n|-sideend|p2: LT74PF Smok3r|Stealth Rock|[from] move: Defog|[of] p1a: Phantom\n|-sideend|p1: relic stone|Spikes|[from] move: Defog|[of] p1a: Phantom\n|-sideend|p1: relic stone|Stealth Rock|[from] move: Defog|[of] p1a: Phantom\n|\n|-weather|Sandstorm|[upkeep]\n|-damage|p1a: Phantom|94\/100|[from] Sandstorm\n|-heal|p2a: Tyranitar|94\/100|[from] item: Leftovers\n|upkeep\n|turn|18\n|\n|t:|1599037092\n|move|p1a: Phantom|Volt Switch|p2a: Tyranitar\n|-damage|p2a: Tyranitar|83\/100\n|\n|t:|1599037094\n|switch|p1a: Mortar|Rhyperior, M|70\/100|[from]move: Volt Switch\n|move|p2a: Tyranitar|Stealth Rock|p1a: Mortar\n|-sidestart|p1: relic stone|move: Stealth Rock\n|\n|-weather|Sandstorm|[upkeep]\n|-heal|p1a: Mortar|76\/100|[from] item: Leftovers\n|-heal|p2a: Tyranitar|89\/100|[from] item: Leftovers\n|upkeep\n|turn|19\n|\n|t:|1599037099\n|switch|p2a: Amoonguss|Amoonguss, M, shiny|94\/100\n|move|p1a: Mortar|Swords Dance|p1a: Mortar\n|-boost|p1a: Mortar|atk|2\n|\n|-weather|Sandstorm|[upkeep]\n|-damage|p2a: Amoonguss|88\/100|[from] Sandstorm\n|-heal|p1a: Mortar|82\/100|[from] item: Leftovers\n|-heal|p2a: Amoonguss|94\/100|[from] item: Black Sludge\n|upkeep\n|turn|20\n|\n|t:|1599037105\n|move|p1a: Mortar|Heat Crash|p2a: Amoonguss\n|-supereffective|p2a: Amoonguss\n|-damage|p2a: Amoonguss|0 fnt\n|faint|p2a: Amoonguss\n|\n|-weather|Sandstorm|[upkeep]\n|-heal|p1a: Mortar|88\/100|[from] item: Leftovers\n|upkeep\n|\n|t:|1599037109\n|switch|p2a: Excadrill|Excadrill, F|100\/100\n|turn|21\n|c|\u2606relic stone|ggs\n|\n|t:|1599037113\n|move|p2a: Excadrill|Iron Head|p1a: Mortar\n|-supereffective|p1a: Mortar\n|-crit|p1a: Mortar\n|-damage|p1a: Mortar|20\/100\n|move|p1a: Mortar|Earthquake|p2a: Excadrill\n|-supereffective|p2a: Excadrill\n|-damage|p2a: Excadrill|0 fnt\n|faint|p2a: Excadrill\n|\n|-weather|none\n|-heal|p1a: Mortar|27\/100|[from] item: Leftovers\n|upkeep\n|\n|t:|1599037118\n|switch|p2a: Magnezone|Magnezone, shiny|88\/100\n|turn|22\n|\n|t:|1599037121\n|switch|p1a: Achilles|Aegislash, M|82\/100\n|-damage|p1a: Achilles|76\/100|[from] Stealth Rock\n|move|p2a: Magnezone|Body Press|p1a: Achilles\n|-immune|p1a: Achilles\n|\n|-heal|p2a: Magnezone|94\/100|[from] item: Leftovers\n|upkeep\n|turn|23\n|\n|t:|1599037130\n|switch|p1a: Phantom|Rotom-Heat, shiny|94\/100\n|move|p2a: Magnezone|Discharge|p1a: Phantom\n|-resisted|p1a: Phantom\n|-damage|p1a: Phantom|76\/100\n|\n|-heal|p2a: Magnezone|100\/100|[from] item: Leftovers\n|upkeep\n|turn|24\n|\n|t:|1599037136\n|switch|p2a: Tyranitar|Tyranitar, M|89\/100\n|-weather|Sandstorm|[from] ability: Sand Stream|[of] p2a: Tyranitar\n|move|p1a: Phantom|Volt Switch|p2a: Tyranitar\n|-damage|p2a: Tyranitar|79\/100\n|\n|t:|1599037139\n|switch|p1a: Achilles|Aegislash, M|76\/100|[from]move: Volt Switch\n|-damage|p1a: Achilles|70\/100|[from] Stealth Rock\n|\n|-weather|Sandstorm|[upkeep]\n|-heal|p2a: Tyranitar|85\/100|[from] item: Leftovers\n|upkeep\n|turn|25\n|\n|t:|1599037153\n|switch|p2a: Clefable|Clefable, M, shiny|100\/100 slp\n|-formechange|p1a: Achilles|Aegislash-Blade||[from] ability: Stance Change\n|move|p1a: Achilles|Close Combat|p2a: Clefable\n|-resisted|p2a: Clefable\n|-damage|p2a: Clefable|85\/100 slp\n|-unboost|p1a: Achilles|def|1\n|-unboost|p1a: Achilles|spd|1\n|\n|-weather|Sandstorm|[upkeep]\n|upkeep\n|turn|26\n|\n|t:|1599037156\n|switch|p2a: Magnezone|Magnezone, shiny|100\/100\n|move|p1a: Achilles|Flash Cannon|p2a: Magnezone\n|-resisted|p2a: Magnezone\n|-damage|p2a: Magnezone|84\/100\n|\n|-weather|Sandstorm|[upkeep]\n|-heal|p2a: Magnezone|90\/100|[from] item: Leftovers\n|upkeep\n|turn|27\n|\n|t:|1599037164\n|move|p1a: Achilles|Shadow Ball|p2a: Magnezone\n|-damage|p2a: Magnezone|18\/100\n|-unboost|p2a: Magnezone|spd|1\n|move|p2a: Magnezone|Discharge|p1a: Achilles\n|-damage|p1a: Achilles|0 fnt\n|faint|p1a: Achilles\n|\n|-weather|Sandstorm|[upkeep]\n|-heal|p2a: Magnezone|25\/100|[from] item: Leftovers\n|upkeep\n|\n|t:|1599037166\n|switch|p1a: Silhouette|Urshifu, M|100\/100\n|-damage|p1a: Silhouette|94\/100|[from] Stealth Rock\n|turn|28\n|\n|t:|1599037171\n|move|p1a: Silhouette|Wicked Blow|p2a: Magnezone\n|-crit|p2a: Magnezone\n|-damage|p2a: Magnezone|0 fnt\n|-damage|p1a: Silhouette|84\/100|[from] item: Life Orb\n|faint|p2a: Magnezone\n|\n|-weather|none\n|upkeep\n|\n|t:|1599037174\n|switch|p2a: Clefable|Clefable, M, shiny|85\/100 slp\n|turn|29\n|\n|t:|1599037179\n|move|p1a: Silhouette|Bulk Up|p1a: Silhouette\n|-boost|p1a: Silhouette|atk|1\n|-boost|p1a: Silhouette|def|1\n|cant|p2a: Clefable|slp\n|\n|upkeep\n|turn|30\n|\n|t:|1599037182\n|move|p1a: Silhouette|Poison Jab|p2a: Clefable\n|-supereffective|p2a: Clefable\n|-damage|p2a: Clefable|0 fnt\n|-damage|p1a: Silhouette|74\/100|[from] item: Life Orb\n|faint|p2a: Clefable\n|\n|upkeep\n|\n|t:|1599037184\n|switch|p2a: Tyranitar|Tyranitar, M|85\/100\n|-weather|Sandstorm|[from] ability: Sand Stream|[of] p2a: Tyranitar\n|turn|31\n|-message|LT74PF Smok3r forfeited.\n|\n|win|relic stone\n|l|\u2606LT74PF Smok3r\n|raw|relic stone's rating: 1826 &rarr; <strong>1839<\/strong><br \/>(+13 for winning)\n|raw|LT74PF Smok3r's rating: 1688 &rarr; <strong>1676<\/strong><br \/>(-12 for losing)\n","uploadtime":1599037190,"views":579,"p1id":"relicstone","p2id":"lt74pfsmok3r","formatid":"gen8ou","rating":1676,"private":0,"password":null}