{"id":"gen8ou-1669590887","p1":"Adel19","p2":"FuckboyCharmander","format":"gen8ou","log":"|j|\u2606Adel19\n|j|\u2606FuckboyCharmander\n|t:|1663749271\n|gametype|singles\n|player|p1|Adel19|266|1751\n|player|p2|FuckboyCharmander|102|1802\n|teamsize|p1|6\n|teamsize|p2|6\n|gen|8\n|tier|[Gen 8] OU\n|rated|\n|rule|Sleep Clause Mod: Limit one foe put to sleep\n|rule|Species Clause: Limit one of each Pok\u00e9mon\n|rule|OHKO Clause: OHKO moves are banned\n|rule|Evasion Items Clause: Evasion items are banned\n|rule|Evasion Moves Clause: Evasion moves are banned\n|rule|Endless Battle Clause: Forcing endless battles is banned\n|rule|HP Percentage Mod: HP is shown in percentages\n|rule|Dynamax Clause: You cannot dynamax\n|clearpoke\n|poke|p1|Landorus-Therian, M|\n|poke|p1|Zeraora|\n|poke|p1|Tapu Fini|\n|poke|p1|Zapdos|\n|poke|p1|Blissey, F|\n|poke|p1|Tapu Lele|\n|poke|p2|Ninetales-Alola, F|\n|poke|p2|Blaziken, F|\n|poke|p2|Azumarill, F|\n|poke|p2|Landorus-Therian, M|\n|poke|p2|Rillaboom, F|\n|poke|p2|Hawlucha, F|\n|teampreview\n|j| wocaowocao\n|\n|t:|1663749284\n|start\n|switch|p1a: Tapu Lele|Tapu Lele|100\/100\n|switch|p2a: Landorus|Landorus-Therian, M|100\/100\n|-ability|p2a: Landorus|Intimidate|boost\n|-unboost|p1a: Tapu Lele|atk|1\n|-fieldstart|move: Psychic Terrain|[from] ability: Psychic Surge|[of] p1a: Tapu Lele\n|turn|1\n|\n|t:|1663749291\n|move|p2a: Landorus|Earthquake|p1a: Tapu Lele\n|-damage|p1a: Tapu Lele|9\/100\n|move|p1a: Tapu Lele|Psychic|p2a: Landorus\n|-damage|p2a: Landorus|0 fnt\n|faint|p2a: Landorus\n|\n|upkeep\n|\n|t:|1663749295\n|switch|p2a: Ninetales|Ninetales-Alola, F|100\/100\n|-weather|Hail|[from] ability: Snow Warning|[of] p2a: Ninetales\n|turn|2\n|\n|t:|1663749300\n|switch|p1a: Blissey|Blissey, F|100\/100\n|move|p2a: Ninetales|Freeze-Dry|p1a: Blissey\n|-damage|p1a: Blissey|90\/100\n|\n|-weather|Hail|[upkeep]\n|-damage|p1a: Blissey|84\/100|[from] Hail\n|upkeep\n|turn|3\n|\n|t:|1663749303\n|move|p2a: Ninetales|Aurora Veil|p2a: Ninetales\n|-sidestart|p2: FuckboyCharmander|move: Aurora Veil\n|move|p1a: Blissey|Toxic|p2a: Ninetales\n|-status|p2a: Ninetales|tox\n|\n|-weather|Hail|[upkeep]\n|-damage|p1a: Blissey|78\/100|[from] Hail\n|-damage|p2a: Ninetales|94\/100 tox|[from] psn\n|upkeep\n|turn|4\n|\n|t:|1663749309\n|switch|p2a: Rillaboom|Rillaboom, F|100\/100\n|-fieldstart|move: Grassy Terrain|[from] ability: Grassy Surge|[of] p2a: Rillaboom\n|move|p1a: Blissey|Toxic|p2a: Rillaboom\n|-status|p2a: Rillaboom|tox\n|\n|-weather|Hail|[upkeep]\n|-damage|p2a: Rillaboom|94\/100 tox|[from] Hail\n|-damage|p1a: Blissey|72\/100|[from] Hail\n|-heal|p2a: Rillaboom|100\/100 tox|[from] Grassy Terrain\n|-heal|p1a: Blissey|78\/100|[from] Grassy Terrain\n|-damage|p2a: Rillaboom|94\/100 tox|[from] psn\n|upkeep\n|turn|5\n|\n|t:|1663749315\n|move|p2a: Rillaboom|Knock Off|p1a: Blissey\n|-damage|p1a: Blissey|40\/100\n|-enditem|p1a: Blissey|Heavy-Duty Boots|[from] move: Knock Off|[of] p2a: Rillaboom\n|-damage|p2a: Rillaboom|84\/100 tox|[from] item: Life Orb\n|move|p1a: Blissey|Seismic Toss|p2a: Rillaboom\n|-damage|p2a: Rillaboom|55\/100 tox\n|\n|-weather|Hail|[upkeep]\n|-damage|p2a: Rillaboom|49\/100 tox|[from] Hail\n|-damage|p1a: Blissey|34\/100|[from] Hail\n|-heal|p2a: Rillaboom|55\/100 tox|[from] Grassy Terrain\n|-heal|p1a: Blissey|40\/100|[from] Grassy Terrain\n|-damage|p2a: Rillaboom|43\/100 tox|[from] psn\n|upkeep\n|turn|6\n|\n|t:|1663749320\n|switch|p1a: Zapdos|Zapdos|100\/100\n|move|p2a: Rillaboom|Grassy Glide|p1a: Zapdos\n|-resisted|p1a: Zapdos\n|-damage|p1a: Zapdos|77\/100\n|-damage|p2a: Rillaboom|33\/100 tox|[from] item: Life Orb\n|\n|-weather|none\n|-heal|p2a: Rillaboom|39\/100 tox|[from] Grassy Terrain\n|-damage|p2a: Rillaboom|21\/100 tox|[from] psn\n|upkeep\n|turn|7\n|\n|t:|1663749330\n|switch|p2a: Ninetales|Ninetales-Alola, F|94\/100 tox\n|-weather|Hail|[from] ability: Snow Warning|[of] p2a: Ninetales\n|move|p1a: Zapdos|Roost|p1a: Zapdos\n|-heal|p1a: Zapdos|100\/100\n|-singleturn|p1a: Zapdos|move: Roost\n|\n|-weather|Hail|[upkeep]\n|-damage|p1a: Zapdos|94\/100|[from] Hail\n|-heal|p2a: Ninetales|100\/100 tox|[from] Grassy Terrain\n|-heal|p1a: Zapdos|100\/100|[from] Grassy Terrain\n|-damage|p2a: Ninetales|94\/100 tox|[from] psn\n|upkeep\n|turn|8\n|j| nightsuliu\n|j| tapu moxo\n|\n|t:|1663749354\n|switch|p1a: Blissey|Blissey, F|40\/100\n|move|p2a: Ninetales|Toxic|p1a: Blissey\n|-status|p1a: Blissey|tox\n|\n|-weather|Hail|[upkeep]\n|-damage|p1a: Blissey|34\/100 tox|[from] Hail\n|-heal|p2a: Ninetales|100\/100 tox|[from] Grassy Terrain\n|-heal|p1a: Blissey|40\/100 tox|[from] Grassy Terrain\n|-damage|p2a: Ninetales|88\/100 tox|[from] psn\n|-damage|p1a: Blissey|34\/100 tox|[from] psn\n|-fieldend|move: Grassy Terrain\n|upkeep\n|turn|9\n|\n|t:|1663749359\n|switch|p2a: Blaziken|Blaziken, F|100\/100\n|move|p1a: Blissey|Soft-Boiled|p1a: Blissey\n|-heal|p1a: Blissey|84\/100 tox\n|\n|-weather|Hail|[upkeep]\n|-damage|p2a: Blaziken|95\/100|[from] Hail\n|-damage|p1a: Blissey|78\/100 tox|[from] Hail\n|-damage|p1a: Blissey|66\/100 tox|[from] psn\n|upkeep\n|turn|10\n|\n|t:|1663749364\n|-curestatus|p1a: Blissey|tox|[from] ability: Natural Cure\n|switch|p1a: Tapu Fini|Tapu Fini|100\/100\n|-fieldstart|move: Misty Terrain|[from] ability: Misty Surge|[of] p1a: Tapu Fini\n|move|p2a: Blaziken|Close Combat|p1a: Tapu Fini\n|-resisted|p1a: Tapu Fini\n|-damage|p1a: Tapu Fini|69\/100\n|-unboost|p2a: Blaziken|def|1\n|-unboost|p2a: Blaziken|spd|1\n|-damage|p2a: Blaziken|85\/100|[from] item: Life Orb\n|\n|-weather|Hail|[upkeep]\n|-damage|p2a: Blaziken|79\/100|[from] Hail\n|-damage|p1a: Tapu Fini|63\/100|[from] Hail\n|-heal|p1a: Tapu Fini|69\/100|[from] item: Leftovers\n|-sideend|p2: FuckboyCharmander|move: Aurora Veil\n|-ability|p2a: Blaziken|Speed Boost|boost\n|-boost|p2a: Blaziken|spe|1\n|upkeep\n|turn|11\n|\n|t:|1663749372\n|switch|p2a: Azumarill|Azumarill, F|100\/100\n|move|p1a: Tapu Fini|Surf|p2a: Azumarill\n|-resisted|p2a: Azumarill\n|-damage|p2a: Azumarill|83\/100\n|\n|-weather|none\n|-heal|p1a: Tapu Fini|75\/100|[from] item: Leftovers\n|upkeep\n|turn|12\n|\n|t:|1663749378\n|move|p1a: Tapu Fini|Moonblast|p2a: Azumarill\n|-damage|p2a: Azumarill|50\/100\n|-unboost|p2a: Azumarill|spa|1\n|move|p2a: Azumarill|Play Rough|p1a: Tapu Fini\n|-damage|p1a: Tapu Fini|22\/100\n|-damage|p2a: Azumarill|40\/100|[from] item: Life Orb\n|\n|-heal|p1a: Tapu Fini|28\/100|[from] item: Leftovers\n|upkeep\n|turn|13\n|\n|t:|1663749383\n|move|p1a: Tapu Fini|Moonblast|p2a: Azumarill\n|-damage|p2a: Azumarill|4\/100\n|move|p2a: Azumarill|Play Rough|p1a: Tapu Fini\n|-damage|p1a: Tapu Fini|0 fnt\n|faint|p1a: Tapu Fini\n|-damage|p2a: Azumarill|0 fnt|[from] item: Life Orb\n|faint|p2a: Azumarill\n|\n|upkeep\n|\n|t:|1663749388\n|switch|p1a: Zeraora|Zeraora|100\/100\n|switch|p2a: Ninetales|Ninetales-Alola, F|88\/100 tox\n|-weather|Hail|[from] ability: Snow Warning|[of] p2a: Ninetales\n|turn|14\n|\n|t:|1663749395\n|move|p1a: Zeraora|Taunt|p2a: Ninetales\n|-start|p2a: Ninetales|move: Taunt\n|cant|p2a: Ninetales|move: Taunt|Aurora Veil\n|\n|-weather|Hail|[upkeep]\n|-damage|p1a: Zeraora|95\/100|[from] Hail\n|-damage|p2a: Ninetales|82\/100 tox|[from] psn\n|-fieldend|Misty Terrain\n|upkeep\n|turn|15\n|\n|t:|1663749403\n|switch|p2a: Rillaboom|Rillaboom, F|21\/100 tox\n|-fieldstart|move: Grassy Terrain|[from] ability: Grassy Surge|[of] p2a: Rillaboom\n|move|p1a: Zeraora|Plasma Fists|p2a: Rillaboom\n|-resisted|p2a: Rillaboom\n|-damage|p2a: Rillaboom|0 fnt\n|-fieldactivate|move: Ion Deluge\n|-hint|Normal-type moves become Electric-type after using Plasma Fists.\n|faint|p2a: Rillaboom\n|\n|-weather|Hail|[upkeep]\n|-damage|p1a: Zeraora|89\/100|[from] Hail\n|-heal|p1a: Zeraora|95\/100|[from] Grassy Terrain\n|upkeep\n|\n|t:|1663749407\n|switch|p2a: Hawlucha|Hawlucha, F|100\/100\n|-enditem|p2a: Hawlucha|Grassy Seed\n|-boost|p2a: Hawlucha|def|1|[from] item: Grassy Seed\n|turn|16\n|\n|t:|1663749415\n|move|p2a: Hawlucha|Swords Dance|p2a: Hawlucha\n|-boost|p2a: Hawlucha|atk|2\n|move|p1a: Zeraora|Plasma Fists|p2a: Hawlucha\n|-supereffective|p2a: Hawlucha\n|-damage|p2a: Hawlucha|29\/100\n|-fieldactivate|move: Ion Deluge\n|-hint|Normal-type moves become Electric-type after using Plasma Fists.\n|\n|-weather|Hail|[upkeep]\n|-damage|p2a: Hawlucha|23\/100|[from] Hail\n|-damage|p1a: Zeraora|89\/100|[from] Hail\n|-heal|p1a: Zeraora|95\/100|[from] Grassy Terrain\n|upkeep\n|turn|17\n|\n|t:|1663749422\n|switch|p1a: Landorus|Landorus-Therian, M|100\/100\n|-ability|p1a: Landorus|Intimidate|boost\n|-unboost|p2a: Hawlucha|atk|1\n|move|p2a: Hawlucha|Close Combat|p1a: Landorus\n|-resisted|p1a: Landorus\n|-damage|p1a: Landorus|53\/100\n|-unboost|p2a: Hawlucha|def|1\n|-unboost|p2a: Hawlucha|spd|1\n|\n|-weather|Hail|[upkeep]\n|-damage|p2a: Hawlucha|17\/100|[from] Hail\n|-damage|p1a: Landorus|47\/100|[from] Hail\n|upkeep\n|turn|18\n|\n|t:|1663749425\n|move|p2a: Hawlucha|Acrobatics|p1a: Landorus\n|-damage|p1a: Landorus|0 fnt\n|faint|p1a: Landorus\n|\n|-weather|none\n|upkeep\n|\n|t:|1663749429\n|switch|p1a: Zapdos|Zapdos|100\/100\n|turn|19\n|\n|t:|1663749433\n|move|p2a: Hawlucha|Close Combat|p1a: Zapdos\n|-resisted|p1a: Zapdos\n|-damage|p1a: Zapdos|73\/100\n|-unboost|p2a: Hawlucha|def|1\n|-unboost|p2a: Hawlucha|spd|1\n|move|p1a: Zapdos|Volt Switch|p2a: Hawlucha\n|-supereffective|p2a: Hawlucha\n|-damage|p2a: Hawlucha|0 fnt\n|faint|p2a: Hawlucha\n|\n|t:|1663749440\n|switch|p1a: Zeraora|Zeraora|95\/100|[from]move: Volt Switch\n|\n|-heal|p1a: Zeraora|100\/100|[from] Grassy Terrain\n|-fieldend|move: Grassy Terrain\n|upkeep\n|-message|FuckboyCharmander forfeited.\n|\n|win|Adel19\n|raw|Adel19's rating: 1751 &rarr; <strong>1774<\/strong><br \/>(+23 for winning)\n|raw|FuckboyCharmander's rating: 1802 &rarr; <strong>1779<\/strong><br \/>(-23 for losing)\n|l|\u2606FuckboyCharmander\n","uploadtime":1663749447,"views":40,"p1id":"adel19","p2id":"fuckboycharmander","formatid":"gen8ou","rating":1774,"private":0,"password":null}