{"id":"gen8ou-1592424857","p1":"Regitrump","p2":"Gotham Paladin","format":"gen8ou","log":"|j|\u2606Regitrump\n|j|\u2606Gotham Paladin\n|t:|1654759670\n|gametype|singles\n|player|p1|Regitrump|170|1609\n|player|p2|Gotham Paladin|red|1614\n|teamsize|p1|6\n|teamsize|p2|6\n|gen|8\n|tier|[Gen 8] OU\n|rated|\n|rule|Sleep Clause Mod: Limit one foe put to sleep\n|rule|Species Clause: Limit one of each Pok\u00e9mon\n|rule|OHKO Clause: OHKO moves are banned\n|rule|Evasion Moves Clause: Evasion moves are banned\n|rule|Endless Battle Clause: Forcing endless battles is banned\n|rule|HP Percentage Mod: HP is shown in percentages\n|rule|Dynamax Clause: You cannot dynamax\n|clearpoke\n|poke|p1|Toxapex, M|\n|poke|p1|Ferrothorn, F|\n|poke|p1|Clefable, F|\n|poke|p1|Machamp, M|\n|poke|p1|Celesteela|\n|poke|p1|Blissey, F|\n|poke|p2|Politoed, M|\n|poke|p2|Heliolisk, F|\n|poke|p2|Kingdra, M|\n|poke|p2|Mudsdale, F|\n|poke|p2|Scizor, F|\n|poke|p2|Victini|\n|teampreview\n|\n|t:|1654759686\n|start\n|switch|p1a: Clefable|Clefable, F|100\/100\n|switch|p2a: Victini|Victini|100\/100\n|turn|1\n|inactive|Battle timer is ON: inactive players will automatically lose when time's up. (requested by Regitrump)\n|\n|t:|1654759694\n|switch|p1a: Toxapex|Toxapex, M|100\/100\n|move|p2a: Victini|Trick|p1a: Toxapex\n|-activate|p2a: Victini|move: Trick|[of] p1a: Toxapex\n|-item|p1a: Toxapex|Choice Scarf|[from] move: Trick\n|-item|p2a: Victini|Choice Band|[from] move: Trick\n|\n|upkeep\n|turn|2\n|\n|t:|1654759716\n|move|p2a: Victini|U-turn|p1a: Toxapex\n|-resisted|p1a: Toxapex\n|-damage|p1a: Toxapex|88\/100\n|\n|t:|1654759726\n|switch|p2a: Heliolisk|Heliolisk, F|100\/100|[from]move: U-turn\n|move|p1a: Toxapex|Liquidation|p2a: Heliolisk\n|-immune|p2a: Heliolisk|[from] ability: Dry Skin\n|\n|upkeep\n|turn|3\n|\n|t:|1654759733\n|switch|p1a: Blissey|Blissey, F|100\/100\n|move|p2a: Heliolisk|Volt Switch|p1a: Blissey\n|-damage|p1a: Blissey|85\/100\n|-damage|p2a: Heliolisk|91\/100|[from] item: Life Orb\n|\n|t:|1654759747\n|switch|p2a: Mudsdale|Mudsdale, F, shiny|100\/100|[from]move: Volt Switch\n|\n|upkeep\n|turn|4\n|\n|t:|1654759754\n|switch|p1a: Celesteela|Celesteela|100\/100\n|move|p2a: Mudsdale|Stealth Rock|p1a: Celesteela\n|-sidestart|p1: Regitrump|move: Stealth Rock\n|\n|upkeep\n|turn|5\n|j| Adrytan710\n|\n|t:|1654759766\n|switch|p2a: Politoed|Politoed, M, shiny|100\/100\n|-weather|RainDance|[from] ability: Drizzle|[of] p2a: Politoed\n|move|p1a: Celesteela|Autotomize|p1a: Celesteela\n|-boost|p1a: Celesteela|spe|2\n|-start|p1a: Celesteela|Autotomize\n|\n|-weather|RainDance|[upkeep]\n|upkeep\n|turn|6\n|\n|t:|1654759772\n|move|p1a: Celesteela|Air Slash|p2a: Politoed\n|-damage|p2a: Politoed|60\/100\n|move|p2a: Politoed|Surf|p1a: Celesteela\n|-damage|p1a: Celesteela|30\/100\n|\n|-weather|RainDance|[upkeep]\n|upkeep\n|turn|7\n|j| Terry B bestdlc\n|l| Adrytan710\n|\n|t:|1654759776\n|move|p1a: Celesteela|Meteor Beam||[still]\n|-prepare|p1a: Celesteela|Meteor Beam\n|-boost|p1a: Celesteela|spa|1\n|-enditem|p1a: Celesteela|Power Herb\n|-anim|p1a: Celesteela|Meteor Beam|p2a: Politoed\n|-damage|p2a: Politoed|0 fnt\n|faint|p2a: Politoed\n|-ability|p1a: Celesteela|Beast Boost|boost\n|-boost|p1a: Celesteela|spa|1\n|\n|-weather|RainDance|[upkeep]\n|upkeep\n|\n|t:|1654759785\n|switch|p2a: Kingdra|Kingdra, M|100\/100\n|turn|8\n|\n|t:|1654759789\n|switch|p1a: Blissey|Blissey, F|85\/100\n|move|p2a: Kingdra|Surf|p1a: Blissey\n|-damage|p1a: Blissey|47\/100\n|\n|-weather|RainDance|[upkeep]\n|upkeep\n|turn|9\n|\n|t:|1654759797\n|switch|p2a: Scizor|Scizor, F|100\/100\n|move|p1a: Blissey|Tri Attack|p2a: Scizor\n|-resisted|p2a: Scizor\n|-damage|p2a: Scizor|76\/100\n|-status|p2a: Scizor|frz\n|\n|-weather|none\n|upkeep\n|turn|10\n|\n|t:|1654759804\n|switch|p1a: Machamp|Machamp, M|100\/100\n|-damage|p1a: Machamp|94\/100|[from] Stealth Rock\n|cant|p2a: Scizor|frz\n|\n|upkeep\n|turn|11\n|\n|t:|1654759808\n|switch|p2a: Mudsdale|Mudsdale, F, shiny|100\/100\n|move|p1a: Machamp|Focus Blast|p2a: Mudsdale\n|-damage|p2a: Mudsdale|45\/100\n|-ability|p2a: Mudsdale|Stamina|boost\n|-boost|p2a: Mudsdale|def|1\n|-damage|p1a: Machamp|85\/100|[from] item: Life Orb\n|\n|-heal|p2a: Mudsdale|51\/100|[from] item: Leftovers\n|upkeep\n|turn|12\n|\n|t:|1654759818\n|switch|p2a: Victini|Victini|100\/100\n|move|p1a: Machamp|Focus Blast|p2a: Victini\n|-resisted|p2a: Victini\n|-crit|p2a: Victini\n|-damage|p2a: Victini|61\/100\n|-damage|p1a: Machamp|75\/100|[from] item: Life Orb\n|\n|upkeep\n|turn|13\n|\n|t:|1654759826\n|switch|p1a: Blissey|Blissey, F|47\/100\n|move|p2a: Victini|Bolt Strike|p1a: Blissey\n|-damage|p1a: Blissey|0 fnt\n|faint|p1a: Blissey\n|\n|upkeep\n|\n|t:|1654759829\n|switch|p1a: Ferrothorn|Ferrothorn, F|100\/100\n|-damage|p1a: Ferrothorn|95\/100|[from] Stealth Rock\n|turn|14\n|\n|t:|1654759837\n|switch|p2a: Scizor|Scizor, F|76\/100 frz\n|move|p1a: Ferrothorn|Knock Off|p2a: Scizor\n|-damage|p2a: Scizor|25\/100 frz\n|-enditem|p2a: Scizor|Life Orb|[from] move: Knock Off|[of] p1a: Ferrothorn\n|\n|upkeep\n|turn|15\n|\n|t:|1654759841\n|cant|p2a: Scizor|frz\n|move|p1a: Ferrothorn|Knock Off|p2a: Scizor\n|-damage|p2a: Scizor|0 fnt\n|faint|p2a: Scizor\n|\n|upkeep\n|\n|t:|1654759845\n|switch|p2a: Victini|Victini|61\/100\n|turn|16\n|\n|t:|1654759849\n|switch|p1a: Celesteela|Celesteela|30\/100\n|-damage|p1a: Celesteela|18\/100|[from] Stealth Rock\n|move|p2a: Victini|V-create|p1a: Celesteela\n|-supereffective|p1a: Celesteela\n|-damage|p1a: Celesteela|0 fnt\n|-unboost|p2a: Victini|spe|1\n|-unboost|p2a: Victini|def|1\n|-unboost|p2a: Victini|spd|1\n|faint|p1a: Celesteela\n|\n|upkeep\n|\n|t:|1654759858\n|switch|p1a: Toxapex|Toxapex, M|100\/100\n|-damage|p1a: Toxapex|88\/100|[from] Stealth Rock\n|turn|17\n|\n|t:|1654759865\n|switch|p2a: Mudsdale|Mudsdale, F, shiny|51\/100\n|move|p1a: Toxapex|Gunk Shot|p2a: Mudsdale\n|-resisted|p2a: Mudsdale\n|-damage|p2a: Mudsdale|38\/100\n|-status|p2a: Mudsdale|psn\n|-ability|p2a: Mudsdale|Stamina|boost\n|-boost|p2a: Mudsdale|def|1\n|\n|-heal|p2a: Mudsdale|44\/100 psn|[from] item: Leftovers\n|-damage|p2a: Mudsdale|32\/100 psn|[from] psn\n|upkeep\n|turn|18\n|\n|t:|1654759871\n|switch|p1a: Clefable|Clefable, F|100\/100\n|move|p2a: Mudsdale|Earthquake|p1a: Clefable\n|-damage|p1a: Clefable|53\/100\n|\n|-heal|p2a: Mudsdale|38\/100 psn|[from] item: Leftovers\n|-damage|p2a: Mudsdale|25\/100 psn|[from] psn\n|upkeep\n|turn|19\n|\n|t:|1654759875\n|switch|p2a: Victini|Victini|61\/100\n|move|p1a: Clefable|Moonblast|p2a: Victini\n|-resisted|p2a: Victini\n|-damage|p2a: Victini|30\/100\n|\n|upkeep\n|turn|20\n|\n|t:|1654759880\n|move|p2a: Victini|V-create|p1a: Clefable\n|-damage|p1a: Clefable|0 fnt\n|-unboost|p2a: Victini|spe|1\n|-unboost|p2a: Victini|def|1\n|-unboost|p2a: Victini|spd|1\n|faint|p1a: Clefable\n|\n|upkeep\n|\n|t:|1654759883\n|switch|p1a: Toxapex|Toxapex, M|100\/100\n|-damage|p1a: Toxapex|88\/100|[from] Stealth Rock\n|turn|21\n|\n|t:|1654759896\n|switch|p2a: Mudsdale|Mudsdale, F, shiny|25\/100 psn\n|move|p1a: Toxapex|Gunk Shot|p2a: Mudsdale\n|-resisted|p2a: Mudsdale\n|-damage|p2a: Mudsdale|13\/100 psn\n|-ability|p2a: Mudsdale|Stamina|boost\n|-boost|p2a: Mudsdale|def|1\n|\n|-heal|p2a: Mudsdale|19\/100 psn|[from] item: Leftovers\n|-damage|p2a: Mudsdale|6\/100 psn|[from] psn\n|upkeep\n|turn|22\n|\n|t:|1654759902\n|switch|p1a: Ferrothorn|Ferrothorn, F|95\/100\n|-damage|p1a: Ferrothorn|89\/100|[from] Stealth Rock\n|move|p2a: Mudsdale|Earthquake|p1a: Ferrothorn\n|-damage|p1a: Ferrothorn|57\/100\n|\n|-heal|p2a: Mudsdale|13\/100 psn|[from] item: Leftovers\n|-damage|p2a: Mudsdale|0 fnt|[from] psn\n|faint|p2a: Mudsdale\n|upkeep\n|\n|t:|1654759909\n|switch|p2a: Victini|Victini|30\/100\n|turn|23\n|\n|t:|1654759913\n|move|p2a: Victini|V-create|p1a: Ferrothorn\n|-supereffective|p1a: Ferrothorn\n|-damage|p1a: Ferrothorn|0 fnt\n|-unboost|p2a: Victini|spe|1\n|-unboost|p2a: Victini|def|1\n|-unboost|p2a: Victini|spd|1\n|-damage|p2a: Victini|18\/100|[from] ability: Iron Barbs|[of] p1a: Ferrothorn\n|faint|p1a: Ferrothorn\n|\n|upkeep\n|\n|t:|1654759917\n|switch|p1a: Toxapex|Toxapex, M|100\/100\n|-damage|p1a: Toxapex|88\/100|[from] Stealth Rock\n|turn|24\n|\n|t:|1654759930\n|move|p2a: Victini|V-create|p1a: Toxapex\n|-resisted|p1a: Toxapex\n|-damage|p1a: Toxapex|40\/100\n|-unboost|p2a: Victini|spe|1\n|-unboost|p2a: Victini|def|1\n|-unboost|p2a: Victini|spd|1\n|move|p1a: Toxapex|Gunk Shot|p2a: Victini\n|-damage|p2a: Victini|0 fnt\n|faint|p2a: Victini\n|\n|upkeep\n|\n|t:|1654759933\n|switch|p2a: Heliolisk|Heliolisk, F|91\/100\n|turn|25\n|j| p74\n|\n|t:|1654759936\n|move|p2a: Heliolisk|Volt Switch|p1a: Toxapex\n|-supereffective|p1a: Toxapex\n|-damage|p1a: Toxapex|0 fnt\n|faint|p1a: Toxapex\n|-damage|p2a: Heliolisk|81\/100|[from] item: Life Orb\n|\n|t:|1654759938\n|switch|p2a: Kingdra|Kingdra, M|100\/100|[from]move: Volt Switch\n|\n|upkeep\n|\n|t:|1654759940\n|switch|p1a: Machamp|Machamp, M|75\/100\n|-damage|p1a: Machamp|69\/100|[from] Stealth Rock\n|turn|26\n|l| Terry B bestdlc\n|\n|t:|1654759945\n|move|p2a: Kingdra|Draco Meteor|p1a: Machamp\n|-damage|p1a: Machamp|0 fnt\n|-unboost|p2a: Kingdra|spa|2\n|faint|p1a: Machamp\n|\n|win|Gotham Paladin\n|raw|Regitrump's rating: 1609 &rarr; <strong>1589<\/strong><br \/>(-20 for losing)\n|raw|Gotham Paladin's rating: 1614 &rarr; <strong>1634<\/strong><br \/>(+20 for winning)\n|l|\u2606Regitrump\n|l|\u2606Gotham Paladin\n","uploadtime":1654760140,"views":24,"p1id":"regitrump","p2id":"gothampaladin","formatid":"gen8ou","rating":1589,"private":0,"password":null}