{"id":"gen8ou-1634198195","p1":"LT92PF Lio","p2":"rheysali","format":"gen8ou","log":"|raw|<div class=\"broadcast-blue\"><strong>This battle is required to be public due to a player having a name starting with 'lt92pf'.<\/div>\n|j|\u2606LT92PF Lio\n|j|\u2606rheysali\n|t:|1659874234\n|gametype|singles\n|player|p1|LT92PF Lio|2|1976\n|player|p2|rheysali|bugcatcher-gen4dp|1933\n|teamsize|p1|6\n|teamsize|p2|6\n|gen|8\n|tier|[Gen 8] OU\n|rated|\n|rule|Sleep Clause Mod: Limit one foe put to sleep\n|rule|Species Clause: Limit one of each Pok\u00e9mon\n|rule|OHKO Clause: OHKO moves are banned\n|rule|Evasion Items Clause: Evasion items are banned\n|rule|Evasion Moves Clause: Evasion moves are banned\n|rule|Endless Battle Clause: Forcing endless battles is banned\n|rule|HP Percentage Mod: HP is shown in percentages\n|rule|Dynamax Clause: You cannot dynamax\n|clearpoke\n|poke|p1|Pelipper, M|\n|poke|p1|Barraskewda, F|\n|poke|p1|Heatran, F|\n|poke|p1|Tapu Lele|\n|poke|p1|Kingdra, F|\n|poke|p1|Seismitoad, M|\n|poke|p2|Rillaboom, M|\n|poke|p2|Dragonite, F|\n|poke|p2|Weavile, M|\n|poke|p2|Heatran, M|\n|poke|p2|Nidoking, M|\n|poke|p2|Crawdaunt, F|\n|teampreview\n|c|\u2606rheysali|hf\n|j| BattleBlaziken83\n|j| bfdbdfbdfbdf\n|c|\u2606LT92PF Lio|hf\n|j| fishous friend \u263b\n|\n|t:|1659874262\n|start\n|switch|p1a: Pelipper|Pelipper, M|100\/100\n|switch|p2a: Heatran|Heatran, M|100\/100\n|-item|p2a: Heatran|Air Balloon\n|-weather|RainDance|[from] ability: Drizzle|[of] p1a: Pelipper\n|turn|1\n|j| BigBullyBoy\n|\n|t:|1659874268\n|move|p2a: Heatran|Stealth Rock|p1a: Pelipper\n|-sidestart|p1: LT92PF Lio|move: Stealth Rock\n|move|p1a: Pelipper|U-turn|p2a: Heatran\n|-resisted|p2a: Heatran\n|-damage|p2a: Heatran|99\/100\n|-enditem|p2a: Heatran|Air Balloon\n|inactive|Battle timer is ON: inactive players will automatically lose when time's up. (requested by rheysali)\n|\n|t:|1659874270\n|switch|p1a: Seismitoad|Seismitoad, M|100\/100|[from]move: U-turn\n|-damage|p1a: Seismitoad|95\/100|[from] Stealth Rock\n|\n|-weather|RainDance|[upkeep]\n|upkeep\n|turn|2\n|j|+mj\n|inactive|rheysali has 120 seconds left.\n|\n|t:|1659874303\n|switch|p2a: Rillaboom|Rillaboom, M|100\/100\n|-fieldstart|move: Grassy Terrain|[from] ability: Grassy Surge|[of] p2a: Rillaboom\n|move|p1a: Seismitoad|Weather Ball|p2a: Rillaboom\n|-resisted|p2a: Rillaboom\n|-damage|p2a: Rillaboom|43\/100\n|\n|-weather|RainDance|[upkeep]\n|-heal|p1a: Seismitoad|100\/100|[from] Grassy Terrain\n|-heal|p2a: Rillaboom|50\/100|[from] Grassy Terrain\n|upkeep\n|turn|3\n|j| Riquelme14\n|\n|t:|1659874313\n|switch|p1a: Heatran|Heatran, F|100\/100\n|-damage|p1a: Heatran|88\/100|[from] Stealth Rock\n|move|p2a: Rillaboom|Superpower|p1a: Heatran\n|-supereffective|p1a: Heatran\n|-damage|p1a: Heatran|0 fnt\n|-unboost|p2a: Rillaboom|atk|1\n|-unboost|p2a: Rillaboom|def|1\n|faint|p1a: Heatran\n|-damage|p2a: Rillaboom|40\/100|[from] item: Life Orb\n|\n|-weather|RainDance|[upkeep]\n|-heal|p2a: Rillaboom|46\/100|[from] Grassy Terrain\n|upkeep\n|\n|t:|1659874315\n|switch|p1a: Tapu Lele|Tapu Lele|100\/100\n|-damage|p1a: Tapu Lele|88\/100|[from] Stealth Rock\n|-fieldstart|move: Psychic Terrain|[from] ability: Psychic Surge|[of] p1a: Tapu Lele\n|turn|4\n|\n|t:|1659874333\n|switch|p2a: Heatran|Heatran, M|99\/100\n|move|p1a: Tapu Lele|Thunder|p2a: Heatran\n|-damage|p2a: Heatran|45\/100\n|\n|-weather|RainDance|[upkeep]\n|upkeep\n|turn|5\n|j| K6zjzzui\n|j| lt92pf mind\n|j| LT92PF Aniruddh\n|j| zhuaba\n|\n|t:|1659874357\n|switch|p1a: Kingdra|Kingdra, F|100\/100\n|-damage|p1a: Kingdra|88\/100|[from] Stealth Rock\n|move|p2a: Heatran|Toxic|p1a: Kingdra\n|-status|p1a: Kingdra|tox\n|\n|-weather|RainDance|[upkeep]\n|-damage|p1a: Kingdra|82\/100 tox|[from] psn\n|upkeep\n|turn|6\n|j| sendpais\n|j| eating stone\n|inactive|LT92PF Lio has 120 seconds left.\n|inactive|rheysali has 120 seconds left.\n|j| vo1kner\n|\n|t:|1659874395\n|switch|p2a: Weavile|Weavile, M|100\/100\n|-ability|p2a: Weavile|Pressure\n|move|p1a: Kingdra|Flip Turn|p2a: Weavile\n|-damage|p2a: Weavile|56\/100\n|j| LT92PF Ayk\n|\n|t:|1659874407\n|switch|p1a: Barraskewda|Barraskewda, F|100\/100|[from]move: Flip Turn\n|-damage|p1a: Barraskewda|88\/100|[from] Stealth Rock\n|\n|-weather|RainDance|[upkeep]\n|upkeep\n|turn|7\n|\n|t:|1659874414\n|move|p1a: Barraskewda|Flip Turn|p2a: Weavile\n|-crit|p2a: Weavile\n|-damage|p2a: Weavile|0 fnt\n|faint|p2a: Weavile\n|j| LT92PF Sunny\n|inactive|LT92PF Lio has 90 seconds left.\n|\n|t:|1659874449\n|switch|p1a: Seismitoad|Seismitoad, M|100\/100|[from]move: Flip Turn\n|-damage|p1a: Seismitoad|95\/100|[from] Stealth Rock\n|\n|-weather|RainDance|[upkeep]\n|upkeep\n|\n|t:|1659874453\n|switch|p2a: Rillaboom|Rillaboom, M|46\/100\n|-fieldstart|move: Grassy Terrain|[from] ability: Grassy Surge|[of] p2a: Rillaboom\n|turn|8\n|inactive|LT92PF Lio has 90 seconds left.\n|\n|t:|1659874474\n|switch|p1a: Kingdra|Kingdra, F|82\/100 tox\n|-damage|p1a: Kingdra|70\/100 tox|[from] Stealth Rock\n|move|p2a: Rillaboom|Grassy Glide|p1a: Kingdra\n|-damage|p1a: Kingdra|0 fnt\n|faint|p1a: Kingdra\n|-damage|p2a: Rillaboom|36\/100|[from] item: Life Orb\n|\n|-weather|none\n|-heal|p2a: Rillaboom|42\/100|[from] Grassy Terrain\n|upkeep\n|\n|t:|1659874476\n|switch|p1a: Tapu Lele|Tapu Lele|88\/100\n|-damage|p1a: Tapu Lele|76\/100|[from] Stealth Rock\n|-fieldstart|move: Psychic Terrain|[from] ability: Psychic Surge|[of] p1a: Tapu Lele\n|turn|9\n|l|+mj\n|\n|t:|1659874491\n|switch|p1a: Pelipper|Pelipper, M|100\/100\n|-damage|p1a: Pelipper|76\/100|[from] Stealth Rock\n|-weather|RainDance|[from] ability: Drizzle|[of] p1a: Pelipper\n|switch|p2a: Nidoking|Nidoking, M|100\/100\n|\n|-weather|RainDance|[upkeep]\n|upkeep\n|turn|10\n|inactive|LT92PF Lio has 90 seconds left.\n|\n|t:|1659874502\n|switch|p1a: Seismitoad|Seismitoad, M|95\/100\n|-damage|p1a: Seismitoad|89\/100|[from] Stealth Rock\n|move|p2a: Nidoking|Sludge Wave|p1a: Seismitoad\n|-resisted|p1a: Seismitoad\n|-damage|p1a: Seismitoad|50\/100\n|\n|-weather|RainDance|[upkeep]\n|upkeep\n|turn|11\n|\n|t:|1659874506\n|move|p1a: Seismitoad|Weather Ball|p2a: Nidoking\n|-supereffective|p2a: Nidoking\n|-damage|p2a: Nidoking|0 fnt\n|faint|p2a: Nidoking\n|\n|-weather|RainDance|[upkeep]\n|upkeep\n|\n|t:|1659874510\n|switch|p2a: Rillaboom|Rillaboom, M|42\/100\n|-fieldstart|move: Grassy Terrain|[from] ability: Grassy Surge|[of] p2a: Rillaboom\n|turn|12\n|j| Beauty Danger\n|j| chokst du\n|j| LT92PF croo\n|inactive|LT92PF Lio has 90 seconds left.\n|l| LT92PF croo\n|\n|t:|1659874542\n|switch|p1a: Pelipper|Pelipper, M|76\/100\n|-damage|p1a: Pelipper|51\/100|[from] Stealth Rock\n|move|p2a: Rillaboom|Grassy Glide|p1a: Pelipper\n|-damage|p1a: Pelipper|3\/100\n|-damage|p2a: Rillaboom|32\/100|[from] item: Life Orb\n|\n|-weather|RainDance|[upkeep]\n|-heal|p2a: Rillaboom|38\/100|[from] Grassy Terrain\n|upkeep\n|turn|13\n|\n|t:|1659874554\n|move|p2a: Rillaboom|Grassy Glide|p1a: Pelipper\n|-damage|p1a: Pelipper|0 fnt\n|faint|p1a: Pelipper\n|-damage|p2a: Rillaboom|29\/100|[from] item: Life Orb\n|\n|-weather|RainDance|[upkeep]\n|-heal|p2a: Rillaboom|35\/100|[from] Grassy Terrain\n|upkeep\n|\n|t:|1659874555\n|switch|p1a: Tapu Lele|Tapu Lele|76\/100\n|-damage|p1a: Tapu Lele|63\/100|[from] Stealth Rock\n|-fieldstart|move: Psychic Terrain|[from] ability: Psychic Surge|[of] p1a: Tapu Lele\n|turn|14\n|inactive|LT92PF Lio has 90 seconds left.\n|j| VAE520\n|\n|t:|1659874565\n|switch|p2a: Heatran|Heatran, M|45\/100\n|move|p1a: Tapu Lele|Thunder|p2a: Heatran\n|-damage|p2a: Heatran|0 fnt\n|faint|p2a: Heatran\n|\n|-weather|RainDance|[upkeep]\n|upkeep\n|\n|t:|1659874569\n|switch|p2a: Rillaboom|Rillaboom, M|35\/100\n|-fieldstart|move: Grassy Terrain|[from] ability: Grassy Surge|[of] p2a: Rillaboom\n|turn|15\n|j| 1Pyramid King\n|-message|LT92PF Lio forfeited.\n|\n|win|rheysali\n|raw|LT92PF Lio's rating: 1976 &rarr; <strong>1954<\/strong><br \/>(-22 for losing)\n|raw|rheysali's rating: 1933 &rarr; <strong>1955<\/strong><br \/>(+22 for winning)\n|l|\u2606LT92PF Lio\n|l| bfdbdfbdfbdf\n|l| zhuaba\n|c|\u2606rheysali|gg\n|l| Beauty Danger\n|l| BattleBlaziken83\n|l| eating stone\n|l| LT92PF Sunny\n|l|\u2606rheysali\n|l| sendpais\n|l| BigBullyBoy\n|l| vo1kner\n|l| fishous friend \u263b\n|j| LT92PF Raizen\n","uploadtime":1659874595,"views":78,"p1id":"lt92pflio","p2id":"rheysali","formatid":"gen8ou","rating":1954,"private":0,"password":null}