{"id":"gen8ou-1066158609","p1":"ferromolybdenum","p2":"JorgeGarciaVGC","format":"gen8ou","log":"|j|\u2606ferromolybdenum\n|j|\u2606JorgeGarciaVGC\n|player|p1|ferromolybdenum|lucas|1475\n|player|p2|JorgeGarciaVGC|260|1516\n|teamsize|p1|6\n|teamsize|p2|6\n|gametype|singles\n|gen|8\n|tier|[Gen 8] OU\n|rated|\n|clearpoke\n|poke|p1|Hydreigon, F|\n|poke|p1|Gengar, M|\n|poke|p1|Clefable, F|\n|poke|p1|Corviknight, M|\n|poke|p1|Zeraora|\n|poke|p1|Seismitoad, F|\n|poke|p2|Bisharp, M|\n|poke|p2|Dragapult, M|\n|poke|p2|Clefable, M|\n|poke|p2|Terrakion|\n|poke|p2|Conkeldurr, F|\n|poke|p2|Rotom-Heat|\n|rule|Sleep Clause Mod: Limit one foe put to sleep\n|rule|Species Clause: Limit one of each Pok\u00e9mon\n|rule|OHKO Clause: OHKO moves are banned\n|rule|Evasion Moves Clause: Evasion moves are banned\n|rule|Endless Battle Clause: Forcing endless battles is banned\n|rule|HP Percentage Mod: HP is shown in percentages\n|rule|Dynamax Clause: You cannot dynamax\n|teampreview\n|\n|start\n|switch|p1a: Zeraora|Zeraora|100\/100\n|switch|p2a: Terrakion|Terrakion|100\/100\n|turn|1\n|inactive|Battle timer is ON: inactive players will automatically lose when time's up. (requested by JorgeGarciaVGC)\n|\n|switch|p1a: Corviknight|Corviknight, M|100\/100\n|-ability|p1a: Corviknight|Pressure\n|move|p2a: Terrakion|Close Combat|p1a: Corviknight\n|-damage|p1a: Corviknight|64\/100\n|-unboost|p2a: Terrakion|def|1\n|-unboost|p2a: Terrakion|spd|1\n|\n|-heal|p1a: Corviknight|71\/100|[from] item: Leftovers\n|upkeep\n|turn|2\n|\n|switch|p2a: Rotom|Rotom-Heat|100\/100\n|move|p1a: Corviknight|Brave Bird|p2a: Rotom\n|-resisted|p2a: Rotom\n|-damage|p2a: Rotom|74\/100\n|-damage|p1a: Corviknight|65\/100|[from] Recoil\n|\n|-heal|p1a: Corviknight|72\/100|[from] item: Leftovers\n|upkeep\n|turn|3\n|\n|switch|p1a: Seismitoad|Seismitoad, F|100\/100\n|move|p2a: Rotom|Trick|p1a: Seismitoad\n|-activate|p2a: Rotom|move: Trick|[of] p1a: Seismitoad\n|-item|p1a: Seismitoad|Ring Target|[from] move: Trick\n|-item|p2a: Rotom|Leftovers|[from] move: Trick\n|\n|-heal|p2a: Rotom|81\/100|[from] item: Leftovers\n|upkeep\n|turn|4\n|\n|move|p2a: Rotom|Volt Switch|p1a: Seismitoad\n|-supereffective|p1a: Seismitoad\n|-damage|p1a: Seismitoad|38\/100\n|\n|switch|p2a: Conkeldurr|Conkeldurr, F|100\/100|[from]move: Volt Switch\n|move|p1a: Seismitoad|Stealth Rock|p2a: Conkeldurr\n|-sidestart|p2: JorgeGarciaVGC|move: Stealth Rock\n|\n|-status|p2a: Conkeldurr|brn|[from] item: Flame Orb\n|upkeep\n|turn|5\n|\n|move|p1a: Seismitoad|Scald|p2a: Conkeldurr\n|-damage|p2a: Conkeldurr|69\/100 brn\n|move|p2a: Conkeldurr|Knock Off|p1a: Seismitoad\n|-damage|p1a: Seismitoad|0 fnt\n|-enditem|p1a: Seismitoad|Ring Target|[from] move: Knock Off|[of] p2a: Conkeldurr\n|faint|p1a: Seismitoad\n|\n|-damage|p2a: Conkeldurr|63\/100 brn|[from] brn\n|upkeep\n|\n|switch|p1a: Clefable|Clefable, F|100\/100\n|turn|6\n|\n|move|p2a: Conkeldurr|Earthquake|p1a: Clefable\n|-damage|p1a: Clefable|49\/100\n|move|p1a: Clefable|Moonblast|p2a: Conkeldurr\n|-supereffective|p2a: Conkeldurr\n|-damage|p2a: Conkeldurr|0 fnt\n|faint|p2a: Conkeldurr\n|\n|-heal|p1a: Clefable|55\/100|[from] item: Leftovers\n|upkeep\n|\n|switch|p2a: Bisharp|Bisharp, M|100\/100\n|-damage|p2a: Bisharp|95\/100|[from] Stealth Rock\n|turn|7\n|\n|switch|p1a: Corviknight|Corviknight, M|72\/100\n|-ability|p1a: Corviknight|Pressure\n|move|p2a: Bisharp|Swords Dance|p2a: Bisharp\n|-boost|p2a: Bisharp|atk|2\n|\n|-heal|p1a: Corviknight|78\/100|[from] item: Leftovers\n|upkeep\n|turn|8\n|\n|move|p2a: Bisharp|Knock Off|p1a: Corviknight\n|-damage|p1a: Corviknight|0 fnt\n|-enditem|p1a: Corviknight|Leftovers|[from] move: Knock Off|[of] p2a: Bisharp\n|faint|p1a: Corviknight\n|\n|upkeep\n|\n|switch|p1a: Hydreigon|Hydreigon, F|100\/100\n|turn|9\n|\n|switch|p2a: Clefable|Clefable, M|100\/100\n|move|p1a: Hydreigon|Dark Pulse|p2a: Clefable\n|-resisted|p2a: Clefable\n|-damage|p2a: Clefable|87\/100\n|\n|upkeep\n|turn|10\n|\n|switch|p1a: Gengar|Gengar, M|100\/100\n|switch|p2a: Bisharp|Bisharp, M|95\/100\n|-damage|p2a: Bisharp|89\/100|[from] Stealth Rock\n|\n|upkeep\n|turn|11\n|\n|switch|p1a: Hydreigon|Hydreigon, F|100\/100\n|move|p2a: Bisharp|Knock Off|p1a: Hydreigon\n|-resisted|p1a: Hydreigon\n|-damage|p1a: Hydreigon|65\/100\n|-enditem|p1a: Hydreigon|Leftovers|[from] move: Knock Off|[of] p2a: Bisharp\n|\n|upkeep\n|turn|12\n|\n|move|p1a: Hydreigon|Dark Pulse|p2a: Bisharp\n|-resisted|p2a: Bisharp\n|-damage|p2a: Bisharp|62\/100\n|move|p2a: Bisharp|Iron Head|p1a: Hydreigon\n|-damage|p1a: Hydreigon|17\/100\n|\n|upkeep\n|turn|13\n|\n|move|p2a: Bisharp|Sucker Punch|p1a: Hydreigon\n|-resisted|p1a: Hydreigon\n|-damage|p1a: Hydreigon|0 fnt\n|faint|p1a: Hydreigon\n|\n|upkeep\n|\n|switch|p1a: Zeraora|Zeraora|100\/100\n|turn|14\n|\n|move|p2a: Bisharp|Sucker Punch|p1a: Zeraora\n|-damage|p1a: Zeraora|32\/100\n|move|p1a: Zeraora|Close Combat|p2a: Bisharp\n|-supereffective|p2a: Bisharp\n|-damage|p2a: Bisharp|0 fnt\n|-unboost|p1a: Zeraora|def|1\n|-unboost|p1a: Zeraora|spd|1\n|-damage|p1a: Zeraora|22\/100|[from] item: Life Orb\n|faint|p2a: Bisharp\n|\n|upkeep\n|\n|switch|p2a: Terrakion|Terrakion|100\/100\n|-damage|p2a: Terrakion|94\/100|[from] Stealth Rock\n|turn|15\n|\n|switch|p1a: Clefable|Clefable, F|55\/100\n|move|p2a: Terrakion|Earthquake|p1a: Clefable\n|-damage|p1a: Clefable|21\/100\n|\n|-heal|p1a: Clefable|27\/100|[from] item: Leftovers\n|upkeep\n|turn|16\n|\n|move|p2a: Terrakion|Earthquake|p1a: Clefable\n|-damage|p1a: Clefable|0 fnt\n|faint|p1a: Clefable\n|\n|upkeep\n|\n|switch|p1a: Gengar|Gengar, M|100\/100\n|turn|17\n|\n|move|p1a: Gengar|Shadow Ball|p2a: Terrakion\n|-damage|p2a: Terrakion|43\/100\n|-unboost|p2a: Terrakion|spd|1\n|move|p2a: Terrakion|Earthquake|p1a: Gengar\n|-supereffective|p1a: Gengar\n|-damage|p1a: Gengar|0 fnt\n|faint|p1a: Gengar\n|\n|upkeep\n|\n|switch|p1a: Zeraora|Zeraora|22\/100\n|turn|18\n|\n|move|p2a: Terrakion|Earthquake|p1a: Zeraora\n|-supereffective|p1a: Zeraora\n|-damage|p1a: Zeraora|0 fnt\n|faint|p1a: Zeraora\n|\n|win|JorgeGarciaVGC\n|l|\u2606ferromolybdenum\n|raw|ferromolybdenum's rating: 1475 &rarr; <strong>1456<\/strong><br \/>(-19 for losing)\n|raw|JorgeGarciaVGC's rating: 1493 &rarr; <strong>1512<\/strong><br \/>(+19 for winning)\n","uploadtime":1582167430,"views":25,"p1id":"ferromolybdenum","p2id":"jorgegarciavgc","formatid":"gen8ou","rating":1456,"private":0,"password":null}