{"id":"gen8ou-1693092410","p1":"Elite4donovan","p2":"little lee luda","format":"gen8ou","log":"|html|<div class=\"broadcast-blue\"><strong>[Gen 8] OU is currently suspecting Melmetal! For information on how to participate check out the <a href=\"https:\/\/www.smogon.com\/forums\/threads\/np-ss-ou-suspect-process-round-12-monster-mash.3709234\/\">suspect thread<\/a>.<\/strong><\/div>\n|j|\u2606Elite4donovan\n|j|\u2606little lee luda\n|t:|1666562587\n|gametype|singles\n|player|p1|Elite4donovan|lucas|1516\n|player|p2|little lee luda|2|1524\n|teamsize|p1|6\n|teamsize|p2|6\n|gen|8\n|tier|[Gen 8] OU\n|rated|\n|rule|Sleep Clause Mod: Limit one foe put to sleep\n|rule|Species Clause: Limit one of each Pok\u00e9mon\n|rule|OHKO Clause: OHKO moves are banned\n|rule|Evasion Items Clause: Evasion items are banned\n|rule|Evasion Moves Clause: Evasion moves are banned\n|rule|Endless Battle Clause: Forcing endless battles is banned\n|rule|HP Percentage Mod: HP is shown in percentages\n|rule|Dynamax Clause: You cannot dynamax\n|clearpoke\n|poke|p1|Ninetales-Alola, F|\n|poke|p1|Eiscue, F|\n|poke|p1|Arctozolt|\n|poke|p1|Mandibuzz, F|\n|poke|p1|Landorus-Therian, M|\n|poke|p1|Volcanion|\n|poke|p2|Urshifu-*, F|\n|poke|p2|Tyranitar, F|\n|poke|p2|Excadrill, M|\n|poke|p2|Zapdos|\n|poke|p2|Ferrothorn, M|\n|poke|p2|Tapu Lele|\n|teampreview\n|\n|t:|1666562598\n|start\n|switch|p1a: Blingus|Eiscue, F|100\/100\n|switch|p2a: Tyranitar|Tyranitar, F|100\/100\n|-weather|Sandstorm|[from] ability: Sand Stream|[of] p2a: Tyranitar\n|turn|1\n|\n|t:|1666562612\n|switch|p2a: Ferrothorn|Ferrothorn, M|100\/100\n|move|p1a: Blingus|Whirlpool|p2a: Ferrothorn\n|-resisted|p2a: Ferrothorn\n|-crit|p2a: Ferrothorn\n|-damage|p2a: Ferrothorn|96\/100\n|-activate|p2a: Ferrothorn|move: Whirlpool|[of] p1a: Blingus\n|\n|-weather|Sandstorm|[upkeep]\n|-damage|p1a: Blingus|94\/100|[from] Sandstorm\n|-heal|p2a: Ferrothorn|100\/100|[from] item: Leftovers\n|-damage|p2a: Ferrothorn|88\/100|[from] move: Whirlpool|[partiallytrapped]\n|upkeep\n|turn|2\n|\n|t:|1666562624\n|move|p1a: Blingus|Freeze-Dry|p2a: Ferrothorn\n|-damage|p2a: Ferrothorn|72\/100\n|move|p2a: Ferrothorn|Stealth Rock|p1a: Blingus\n|-sidestart|p1: Elite4donovan|move: Stealth Rock\n|\n|-weather|Sandstorm|[upkeep]\n|-damage|p1a: Blingus|88\/100|[from] Sandstorm\n|-heal|p2a: Ferrothorn|78\/100|[from] item: Leftovers\n|-damage|p2a: Ferrothorn|66\/100|[from] move: Whirlpool|[partiallytrapped]\n|upkeep\n|turn|3\n|j| Zardothy\n|\n|t:|1666562628\n|move|p1a: Blingus|Protect|p1a: Blingus\n|-singleturn|p1a: Blingus|Protect\n|move|p2a: Ferrothorn|Body Press|p1a: Blingus\n|-activate|p1a: Blingus|move: Protect\n|\n|-weather|Sandstorm|[upkeep]\n|-damage|p1a: Blingus|82\/100|[from] Sandstorm\n|-heal|p2a: Ferrothorn|72\/100|[from] item: Leftovers\n|-damage|p2a: Ferrothorn|59\/100|[from] move: Whirlpool|[partiallytrapped]\n|upkeep\n|turn|4\n|\n|t:|1666562630\n|move|p1a: Blingus|Freeze-Dry|p2a: Ferrothorn\n|-damage|p2a: Ferrothorn|42\/100\n|move|p2a: Ferrothorn|Body Press|p1a: Blingus\n|-activate|p1a: Blingus|ability: Ice Face\n|-damage|p1a: Blingus|82\/100\n|-damage|p2a: Ferrothorn|25\/100|[from] item: Rocky Helmet|[of] p1a: Blingus\n|detailschange|p1a: Blingus|Eiscue-Noice, F\n|\n|-weather|Sandstorm|[upkeep]\n|-damage|p1a: Blingus|76\/100|[from] Sandstorm\n|-heal|p2a: Ferrothorn|31\/100|[from] item: Leftovers\n|-damage|p2a: Ferrothorn|19\/100|[from] move: Whirlpool|[partiallytrapped]\n|upkeep\n|turn|5\n|\n|t:|1666562633\n|move|p1a: Blingus|Protect|p1a: Blingus\n|-singleturn|p1a: Blingus|Protect\n|move|p2a: Ferrothorn|Leech Seed|p1a: Blingus\n|-activate|p1a: Blingus|move: Protect\n|\n|-weather|none\n|-heal|p2a: Ferrothorn|25\/100|[from] item: Leftovers\n|-end|p2a: Ferrothorn|Whirlpool|[partiallytrapped]\n|upkeep\n|turn|6\n|\n|t:|1666562645\n|switch|p2a: Tyranitar|Tyranitar, F|100\/100\n|-weather|Sandstorm|[from] ability: Sand Stream|[of] p2a: Tyranitar\n|move|p1a: Blingus|Hail|p1a: Blingus\n|-weather|Hail\n|-activate|p1a: Blingus|ability: Ice Face\n|detailschange|p1a: Blingus|Eiscue, F\n|\n|-weather|Hail|[upkeep]\n|-damage|p2a: Tyranitar|94\/100|[from] Hail\n|upkeep\n|turn|7\n|\n|t:|1666562649\n|move|p2a: Tyranitar|Crunch|p1a: Blingus\n|-activate|p1a: Blingus|ability: Ice Face\n|-damage|p1a: Blingus|76\/100\n|-damage|p2a: Tyranitar|78\/100|[from] item: Rocky Helmet|[of] p1a: Blingus\n|detailschange|p1a: Blingus|Eiscue-Noice, F\n|move|p1a: Blingus|Whirlpool|p2a: Tyranitar\n|-supereffective|p2a: Tyranitar\n|-damage|p2a: Tyranitar|63\/100\n|-activate|p2a: Tyranitar|move: Whirlpool|[of] p1a: Blingus\n|\n|-weather|Hail|[upkeep]\n|-damage|p2a: Tyranitar|57\/100|[from] Hail\n|-damage|p2a: Tyranitar|44\/100|[from] move: Whirlpool|[partiallytrapped]\n|upkeep\n|turn|8\n|\n|t:|1666562653\n|move|p1a: Blingus|Protect|p1a: Blingus\n|-singleturn|p1a: Blingus|Protect\n|move|p2a: Tyranitar|Crunch|p1a: Blingus\n|-activate|p1a: Blingus|move: Protect\n|\n|-weather|Hail|[upkeep]\n|-damage|p2a: Tyranitar|38\/100|[from] Hail\n|-damage|p2a: Tyranitar|26\/100|[from] move: Whirlpool|[partiallytrapped]\n|upkeep\n|turn|9\n|\n|t:|1666562659\n|switch|p1a: Mandibuzz|Mandibuzz, F|100\/100\n|move|p2a: Tyranitar|Crunch|p1a: Mandibuzz\n|-resisted|p1a: Mandibuzz\n|-damage|p1a: Mandibuzz|77\/100\n|\n|-weather|Hail|[upkeep]\n|-damage|p2a: Tyranitar|20\/100|[from] Hail\n|-end|p2a: Tyranitar|Whirlpool|[partiallytrapped]|[silent]\n|upkeep\n|turn|10\n|\n|t:|1666562665\n|switch|p2a: Zapdos|Zapdos|100\/100\n|move|p1a: Mandibuzz|Defog|p2a: Zapdos\n|-unboost|p2a: Zapdos|evasion|1\n|-sideend|p1: Elite4donovan|Stealth Rock|[from] move: Defog|[of] p1a: Mandibuzz\n|\n|-weather|none\n|upkeep\n|turn|11\n|\n|t:|1666562675\n|switch|p2a: Ferrothorn|Ferrothorn, M|25\/100\n|switch|p1a: Ninetales|Ninetales-Alola, F|100\/100\n|-weather|Hail|[from] ability: Snow Warning|[of] p1a: Ninetales\n|\n|-weather|Hail|[upkeep]\n|-damage|p2a: Ferrothorn|19\/100|[from] Hail\n|-heal|p2a: Ferrothorn|25\/100|[from] item: Leftovers\n|upkeep\n|turn|12\n|\n|t:|1666562680\n|switch|p2a: Tyranitar|Tyranitar, F|20\/100\n|-weather|Sandstorm|[from] ability: Sand Stream|[of] p2a: Tyranitar\n|move|p1a: Ninetales|Hypnosis|p2a: Tyranitar|[miss]\n|-miss|p1a: Ninetales|p2a: Tyranitar\n|\n|-weather|Sandstorm|[upkeep]\n|-damage|p1a: Ninetales|94\/100|[from] Sandstorm\n|upkeep\n|turn|13\n|\n|t:|1666562694\n|switch|p1a: Landorus|Landorus-Therian, M|100\/100\n|-ability|p1a: Landorus|Intimidate|boost\n|-unboost|p2a: Tyranitar|atk|1\n|move|p2a: Tyranitar|Stone Edge|p1a: Landorus\n|-damage|p1a: Landorus|29\/100\n|\n|-weather|Sandstorm|[upkeep]\n|upkeep\n|turn|14\n|\n|t:|1666562703\n|switch|p2a: Zapdos|Zapdos|100\/100\n|move|p1a: Landorus|U-turn|p2a: Zapdos\n|-resisted|p2a: Zapdos\n|-damage|p2a: Zapdos|90\/100\n|\n|t:|1666562708\n|switch|p1a: Ninetales|Ninetales-Alola, F|94\/100|[from]move: U-turn\n|-weather|Hail|[from] ability: Snow Warning|[of] p1a: Ninetales\n|\n|-weather|Hail|[upkeep]\n|-damage|p2a: Zapdos|84\/100|[from] Hail\n|upkeep\n|turn|15\n|\n|t:|1666562721\n|switch|p1a: Arctozolt|Arctozolt|100\/100\n|switch|p2a: Tyranitar|Tyranitar, F|20\/100\n|-weather|Sandstorm|[from] ability: Sand Stream|[of] p2a: Tyranitar\n|\n|-weather|Sandstorm|[upkeep]\n|-damage|p1a: Arctozolt|94\/100|[from] Sandstorm\n|-heal|p1a: Arctozolt|100\/100|[from] item: Leftovers\n|upkeep\n|turn|16\n|\n|t:|1666562730\n|switch|p2a: Excadrill|Excadrill, M|100\/100\n|move|p1a: Arctozolt|Bolt Beak|p2a: Excadrill\n|-immune|p2a: Excadrill\n|\n|-weather|Sandstorm|[upkeep]\n|-damage|p1a: Arctozolt|94\/100|[from] Sandstorm\n|-heal|p1a: Arctozolt|100\/100|[from] item: Leftovers\n|upkeep\n|turn|17\n|j| Kyurem\n|\n|t:|1666562735\n|switch|p1a: Mandibuzz|Mandibuzz, F|77\/100\n|move|p2a: Excadrill|Rock Slide|p1a: Mandibuzz\n|-supereffective|p1a: Mandibuzz\n|-damage|p1a: Mandibuzz|18\/100\n|\n|-weather|Sandstorm|[upkeep]\n|upkeep\n|turn|18\n|\n|t:|1666562748\n|switch|p1a: Ninetales|Ninetales-Alola, F|94\/100\n|-weather|Hail|[from] ability: Snow Warning|[of] p1a: Ninetales\n|move|p2a: Excadrill|Rock Slide|p1a: Ninetales\n|-supereffective|p1a: Ninetales\n|-damage|p1a: Ninetales|0 fnt\n|faint|p1a: Ninetales\n|\n|-weather|Hail|[upkeep]\n|-damage|p2a: Excadrill|94\/100|[from] Hail\n|upkeep\n|\n|t:|1666562753\n|switch|p1a: Blingus|Eiscue-Noice, F|76\/100\n|-activate|p1a: Blingus|ability: Ice Face\n|detailschange|p1a: Blingus|Eiscue, F\n|turn|19\n|\n|t:|1666562764\n|switch|p2a: Ferrothorn|Ferrothorn, M|25\/100\n|move|p1a: Blingus|Whirlpool|p2a: Ferrothorn\n|-resisted|p2a: Ferrothorn\n|-damage|p2a: Ferrothorn|22\/100\n|-activate|p2a: Ferrothorn|move: Whirlpool|[of] p1a: Blingus\n|\n|-weather|Hail|[upkeep]\n|-damage|p2a: Ferrothorn|16\/100|[from] Hail\n|-heal|p2a: Ferrothorn|22\/100|[from] item: Leftovers\n|-damage|p2a: Ferrothorn|10\/100|[from] move: Whirlpool|[partiallytrapped]\n|upkeep\n|turn|20\n|\n|t:|1666562770\n|move|p1a: Blingus|Freeze-Dry|p2a: Ferrothorn\n|-damage|p2a: Ferrothorn|0 fnt\n|faint|p2a: Ferrothorn\n|\n|-weather|Hail|[upkeep]\n|upkeep\n|j| skipothy\n|\n|t:|1666562782\n|switch|p2a: Urshifu|Urshifu-Rapid-Strike, F|100\/100\n|turn|21\n|\n|t:|1666562790\n|move|p2a: Urshifu|Surging Strikes|p1a: Blingus\n|-activate|p1a: Blingus|ability: Ice Face\n|-damage|p1a: Blingus|76\/100\n|detailschange|p1a: Blingus|Eiscue-Noice, F\n|-crit|p1a: Blingus\n|-damage|p1a: Blingus|44\/100\n|-crit|p1a: Blingus\n|-damage|p1a: Blingus|13\/100\n|-hitcount|p1a: Blingus|3\n|move|p1a: Blingus|Freeze-Dry|p2a: Urshifu\n|-supereffective|p2a: Urshifu\n|-damage|p2a: Urshifu|27\/100\n|\n|-weather|Hail|[upkeep]\n|-damage|p2a: Urshifu|20\/100|[from] Hail\n|upkeep\n|turn|22\n|\n|t:|1666562803\n|move|p1a: Blingus|Freeze-Dry|p2a: Urshifu\n|-supereffective|p2a: Urshifu\n|-damage|p2a: Urshifu|0 fnt\n|faint|p2a: Urshifu\n|\n|-weather|Hail|[upkeep]\n|upkeep\n|\n|t:|1666562807\n|switch|p2a: Tapu Lele|Tapu Lele, shiny|100\/100\n|-fieldstart|move: Psychic Terrain|[from] ability: Psychic Surge|[of] p2a: Tapu Lele\n|turn|23\n|\n|t:|1666562811\n|move|p1a: Blingus|Protect|p1a: Blingus\n|-singleturn|p1a: Blingus|Protect\n|move|p2a: Tapu Lele|Moonblast|p1a: Blingus\n|-activate|p1a: Blingus|move: Protect\n|\n|-weather|Hail|[upkeep]\n|-damage|p2a: Tapu Lele|94\/100|[from] Hail\n|upkeep\n|turn|24\n|\n|t:|1666562812\n|switch|p1a: Volcanion|Volcanion|100\/100\n|move|p2a: Tapu Lele|Moonblast|p1a: Volcanion\n|-resisted|p1a: Volcanion\n|-damage|p1a: Volcanion|68\/100\n|\n|-weather|Hail|[upkeep]\n|-damage|p2a: Tapu Lele|88\/100|[from] Hail\n|-damage|p1a: Volcanion|62\/100|[from] Hail\n|upkeep\n|turn|25\n|l| skipothy\n|\n|t:|1666562823\n|switch|p2a: Zapdos|Zapdos|84\/100\n|move|p1a: Volcanion|Steam Eruption|p2a: Zapdos\n|-damage|p2a: Zapdos|27\/100\n|\n|-weather|none\n|upkeep\n|turn|26\n|\n|t:|1666562832\n|switch|p1a: Landorus|Landorus-Therian, M|29\/100\n|-ability|p1a: Landorus|Intimidate|boost\n|-unboost|p2a: Zapdos|atk|1\n|move|p2a: Zapdos|Volt Switch|p1a: Landorus\n|-immune|p1a: Landorus\n|\n|upkeep\n|turn|27\n|\n|t:|1666562833\n|move|p1a: Landorus|Knock Off|p2a: Zapdos\n|-damage|p2a: Zapdos|0 fnt\n|-enditem|p2a: Zapdos|Heavy-Duty Boots|[from] move: Knock Off|[of] p1a: Landorus\n|faint|p2a: Zapdos\n|\n|-fieldend|move: Psychic Terrain\n|upkeep\n|\n|t:|1666562843\n|switch|p2a: Tyranitar|Tyranitar, F|20\/100\n|-weather|Sandstorm|[from] ability: Sand Stream|[of] p2a: Tyranitar\n|turn|28\n|\n|t:|1666562846\n|switch|p1a: Mandibuzz|Mandibuzz, F|18\/100\n|move|p2a: Tyranitar|Crunch|p1a: Mandibuzz\n|-resisted|p1a: Mandibuzz\n|-damage|p1a: Mandibuzz|0 fnt\n|faint|p1a: Mandibuzz\n|\n|-weather|Sandstorm|[upkeep]\n|upkeep\n|\n|t:|1666562852\n|switch|p1a: Blingus|Eiscue-Noice, F|13\/100\n|turn|29\n|\n|t:|1666562861\n|switch|p2a: Tapu Lele|Tapu Lele, shiny|88\/100\n|-fieldstart|move: Psychic Terrain|[from] ability: Psychic Surge|[of] p2a: Tapu Lele\n|move|p1a: Blingus|Hail|p1a: Blingus\n|-weather|Hail\n|-activate|p1a: Blingus|ability: Ice Face\n|detailschange|p1a: Blingus|Eiscue, F\n|\n|-weather|Hail|[upkeep]\n|-damage|p2a: Tapu Lele|82\/100|[from] Hail\n|upkeep\n|turn|30\n|\n|t:|1666562883\n|switch|p1a: Arctozolt|Arctozolt|100\/100\n|move|p2a: Tapu Lele|Moonblast|p1a: Arctozolt\n|-damage|p1a: Arctozolt|28\/100\n|-unboost|p1a: Arctozolt|spa|1\n|\n|-weather|Hail|[upkeep]\n|-damage|p2a: Tapu Lele|76\/100|[from] Hail\n|-heal|p1a: Arctozolt|34\/100|[from] item: Leftovers\n|upkeep\n|turn|31\n|\n|t:|1666562962\n|move|p2a: Tapu Lele|Moonblast|p1a: Arctozolt\n|-damage|p1a: Arctozolt|0 fnt\n|faint|p1a: Arctozolt\n|\n|-weather|Hail|[upkeep]\n|-damage|p2a: Tapu Lele|70\/100|[from] Hail\n|upkeep\n|\n|t:|1666562973\n|switch|p1a: Landorus|Landorus-Therian, M|29\/100\n|-ability|p1a: Landorus|Intimidate|boost\n|-unboost|p2a: Tapu Lele|atk|1\n|turn|32\n|\n|t:|1666562981\n|move|p2a: Tapu Lele|Moonblast|p1a: Landorus\n|-crit|p1a: Landorus\n|-damage|p1a: Landorus|0 fnt\n|faint|p1a: Landorus\n|\n|-weather|Hail|[upkeep]\n|-damage|p2a: Tapu Lele|64\/100|[from] Hail\n|upkeep\n|c|\u2606Elite4donovan|gg\n|-message|Elite4donovan forfeited.\n|\n|win|little lee luda\n|raw|Elite4donovan's rating: 1516 &rarr; <strong>1496<\/strong><br \/>(-20 for losing)\n|raw|little lee luda's rating: 1524 &rarr; <strong>1544<\/strong><br \/>(+20 for winning)\n|c|\u2606little lee luda|demonic penguin\n|c|\u2606little lee luda|gg\n|c|\u2606little lee luda|i forgot it got faster\n|l| Zardothy\n|c|\u2606little lee luda|lol\n","uploadtime":1666563026,"views":9,"p1id":"elite4donovan","p2id":"littleleeluda","formatid":"gen8ou","rating":1496,"private":0,"password":null}