{"id":"gen8ou-1690246910","p1":"maple_syrup689hoe","p2":"HQSFun","format":"gen8ou","log":"|html|<div class=\"broadcast-blue\"><strong>[Gen 8] OU is currently suspecting Melmetal! For information on how to participate check out the <a href=\"https:\/\/www.smogon.com\/forums\/threads\/np-ss-ou-suspect-process-round-12-monster-mash.3709234\/\">suspect thread<\/a>.<\/strong><\/div>\n|j|\u2606maple_syrup689hoe\n|j|\u2606HQSFun\n|t:|1666256561\n|gametype|singles\n|player|p1|maple_syrup689hoe|lyra|1697\n|player|p2|HQSFun|veteranf|1708\n|teamsize|p1|6\n|teamsize|p2|6\n|gen|8\n|tier|[Gen 8] OU\n|rated|\n|rule|Sleep Clause Mod: Limit one foe put to sleep\n|rule|Species Clause: Limit one of each Pok\u00e9mon\n|rule|OHKO Clause: OHKO moves are banned\n|rule|Evasion Items Clause: Evasion items are banned\n|rule|Evasion Moves Clause: Evasion moves are banned\n|rule|Endless Battle Clause: Forcing endless battles is banned\n|rule|HP Percentage Mod: HP is shown in percentages\n|rule|Dynamax Clause: You cannot dynamax\n|clearpoke\n|poke|p1|Zapdos|\n|poke|p1|Ferrothorn, M|\n|poke|p1|Dragapult, M|\n|poke|p1|Melmetal|\n|poke|p1|Gastrodon, F|\n|poke|p1|Volcanion|\n|poke|p2|Dragapult, M|\n|poke|p2|Weavile, F|\n|poke|p2|Rillaboom, M|\n|poke|p2|Nihilego|\n|poke|p2|Garchomp, F|\n|poke|p2|Celesteela|\n|teampreview\n|\n|t:|1666256569\n|start\n|switch|p1a: Dragapult|Dragapult, M|100\/100\n|switch|p2a: Garchomp|Garchomp, F|100\/100\n|turn|1\n|inactive|Battle timer is ON: inactive players will automatically lose when time's up. (requested by HQSFun)\n|\n|t:|1666256576\n|move|p1a: Dragapult|Draco Meteor|p2a: Garchomp\n|-supereffective|p2a: Garchomp\n|-damage|p2a: Garchomp|0 fnt\n|-unboost|p1a: Dragapult|spa|2\n|faint|p2a: Garchomp\n|\n|upkeep\n|\n|t:|1666256591\n|switch|p2a: Celesteela|Celesteela|100\/100\n|turn|2\n|\n|t:|1666256595\n|switch|p1a: Volcanion|Volcanion|100\/100\n|move|p2a: Celesteela|Autotomize|p2a: Celesteela\n|-boost|p2a: Celesteela|spe|2\n|-start|p2a: Celesteela|Autotomize\n|\n|upkeep\n|turn|3\n|j| kitahara haruki\n|\n|t:|1666256599\n|move|p2a: Celesteela|Meteor Beam||[still]\n|-prepare|p2a: Celesteela|Meteor Beam\n|-boost|p2a: Celesteela|spa|1\n|-enditem|p2a: Celesteela|Power Herb\n|-anim|p2a: Celesteela|Meteor Beam|p1a: Volcanion\n|-supereffective|p1a: Volcanion\n|-damage|p1a: Volcanion|0 fnt\n|faint|p1a: Volcanion\n|-ability|p2a: Celesteela|Beast Boost|boost\n|-boost|p2a: Celesteela|spa|1\n|\n|upkeep\n|\n|t:|1666256602\n|switch|p1a: Gastrodon|Gastrodon, F|100\/100\n|turn|4\n|\n|t:|1666256609\n|switch|p1a: Ferrothorn|Ferrothorn, M|100\/100\n|move|p2a: Celesteela|Air Slash|p1a: Ferrothorn\n|-damage|p1a: Ferrothorn|39\/100\n|\n|-heal|p1a: Ferrothorn|45\/100|[from] item: Leftovers\n|upkeep\n|turn|5\n|\n|t:|1666256612\n|move|p2a: Celesteela|Flamethrower|p1a: Ferrothorn\n|-supereffective|p1a: Ferrothorn\n|-damage|p1a: Ferrothorn|0 fnt\n|faint|p1a: Ferrothorn\n|-ability|p2a: Celesteela|Beast Boost|boost\n|-boost|p2a: Celesteela|spa|1\n|\n|upkeep\n|-message|maple_syrup689hoe forfeited.\n|\n|win|HQSFun\n|raw|maple_syrup689hoe's rating: 1697 &rarr; <strong>1678<\/strong><br \/>(-19 for losing)\n|raw|HQSFun's rating: 1708 &rarr; <strong>1727<\/strong><br \/>(+19 for winning)\n|l|\u2606maple_syrup689hoe\n","uploadtime":1666256621,"views":15,"p1id":"maplesyrup689hoe","p2id":"hqsfun","formatid":"gen8ou","rating":1678,"private":0,"password":null}