{"id":"gen8ou-1252931470","p1":"lando expando","p2":"free rent","format":"gen8ou","log":"|html|<div class=\"broadcast-blue\"><strong>[Gen 8] OU is currently suspecting Urshifu-S! For information on how to participate check out the <a href=\"https:\/\/www.smogon.com\/forums\/threads\/np-ss-ou-suspect-process-round-8-aint-no-rest-for-the-wicked.3675310\/\">suspect thread<\/a>.<\/strong><\/div>\n|j|\u2606lando expando\n|j|\u203dfree rent\n|t:|1609350018\n|player|p1|lando expando|rocketgrunt|1788\n|player|p2|free rent|1|1810\n|teamsize|p1|6\n|teamsize|p2|6\n|gametype|singles\n|gen|8\n|tier|[Gen 8] OU\n|rated|\n|clearpoke\n|poke|p1|Tyrantrum, M|\n|poke|p1|Latios, M|\n|poke|p1|Heatran, F|\n|poke|p1|Slowbro, M|\n|poke|p1|Landorus-Therian, M|\n|poke|p1|Drapion, F|\n|poke|p2|Clefable, F|\n|poke|p2|Magearna|\n|poke|p2|Cinderace, M|\n|poke|p2|Slowking, F|\n|poke|p2|Hydreigon, F|\n|poke|p2|Landorus-Therian, M|\n|rule|Sleep Clause Mod: Limit one foe put to sleep\n|rule|Species Clause: Limit one of each Pok\u00e9mon\n|rule|OHKO Clause: OHKO moves are banned\n|rule|Evasion Moves Clause: Evasion moves are banned\n|rule|Endless Battle Clause: Forcing endless battles is banned\n|rule|HP Percentage Mod: HP is shown in percentages\n|rule|Dynamax Clause: You cannot dynamax\n|teampreview\n|j| CharlieZf\n|\n|t:|1609350049\n|start\n|switch|p1a: Latios|Latios, M|100\/100\n|switch|p2a: Magearna|Magearna|100\/100\n|turn|1\n|\n|t:|1609350060\n|switch|p1a: Heatran|Heatran, F|100\/100\n|move|p2a: Magearna|Volt Switch|p1a: Heatran\n|-damage|p1a: Heatran|73\/100\n|\n|t:|1609350077\n|switch|p2a: Slowking|Slowking, F|100\/100|[from]move: Volt Switch\n|\n|-heal|p1a: Heatran|79\/100|[from] item: Leftovers\n|upkeep\n|turn|2\n|inactive|Battle timer is ON: inactive players will automatically lose when time's up. (requested by free rent)\n|\n|t:|1609350092\n|move|p1a: Heatran|Stealth Rock|p2a: Slowking\n|-sidestart|p2: free rent|move: Stealth Rock\n|move|p2a: Slowking|Scald|p1a: Heatran\n|-supereffective|p1a: Heatran\n|-damage|p1a: Heatran|37\/100\n|\n|-heal|p1a: Heatran|43\/100|[from] item: Leftovers\n|upkeep\n|turn|3\n|\n|t:|1609350100\n|switch|p1a: Slowbro|Slowbro, M|100\/100\n|move|p2a: Slowking|Teleport|p2a: Slowking\n|\n|t:|1609350102\n|switch|p2a: Clefable|Clefable, F|100\/100|[from]move: Teleport\n|\n|upkeep\n|turn|4\n|j| Vessev\n|\n|t:|1609350106\n|move|p2a: Clefable|Stealth Rock|p1a: Slowbro\n|-sidestart|p1: lando expando|move: Stealth Rock\n|move|p1a: Slowbro|Teleport|p1a: Slowbro\n|\n|t:|1609350110\n|switch|p1a: Heatran|Heatran, F|43\/100|[from]move: Teleport\n|-damage|p1a: Heatran|31\/100|[from] Stealth Rock\n|\n|-heal|p1a: Heatran|37\/100|[from] item: Leftovers\n|upkeep\n|turn|5\n|\n|t:|1609350117\n|switch|p2a: Slowking|Slowking, F|100\/100\n|move|p1a: Heatran|Magma Storm|p2a: Slowking\n|-resisted|p2a: Slowking\n|-damage|p2a: Slowking|87\/100\n|-activate|p2a: Slowking|move: Magma Storm|[of] p1a: Heatran\n|\n|-heal|p1a: Heatran|43\/100|[from] item: Leftovers\n|-damage|p2a: Slowking|75\/100|[from] move: Magma Storm|[partiallytrapped]\n|upkeep\n|turn|6\n|\n|t:|1609350128\n|switch|p1a: Slowbro|Slowbro, M|100\/100\n|-damage|p1a: Slowbro|88\/100|[from] Stealth Rock\n|move|p2a: Slowking|Scald|p1a: Slowbro\n|-resisted|p1a: Slowbro\n|-damage|p1a: Slowbro|74\/100\n|\n|-end|p2a: Slowking|Magma Storm|[partiallytrapped]|[silent]\n|upkeep\n|turn|7\n|\n|t:|1609350139\n|move|p2a: Slowking|Future Sight|p1a: Slowbro\n|-start|p2a: Slowking|move: Future Sight\n|move|p1a: Slowbro|Teleport|p1a: Slowbro\n|\n|t:|1609350156\n|switch|p1a: Tyrantrum|Tyrantrum, M|100\/100|[from]move: Teleport\n|-damage|p1a: Tyrantrum|88\/100|[from] Stealth Rock\n|\n|upkeep\n|turn|8\n|\n|t:|1609350159\n|switch|p2a: Magearna|Magearna|100\/100\n|-damage|p2a: Magearna|94\/100|[from] Stealth Rock\n|move|p1a: Tyrantrum|Head Smash|p2a: Magearna|[miss]\n|-miss|p1a: Tyrantrum|p2a: Magearna\n|\n|upkeep\n|turn|9\n|\n|t:|1609350168\n|switch|p1a: Heatran|Heatran, F|43\/100\n|-damage|p1a: Heatran|31\/100|[from] Stealth Rock\n|move|p2a: Magearna|Fleur Cannon|p1a: Heatran\n|-resisted|p1a: Heatran\n|-damage|p1a: Heatran|13\/100\n|-unboost|p2a: Magearna|spa|2\n|\n|-end|p1a: Heatran|move: Future Sight\n|-resisted|p1a: Heatran\n|-damage|p1a: Heatran|0 fnt\n|faint|p1a: Heatran\n|-ability|p2a: Magearna|Soul-Heart|boost\n|-boost|p2a: Magearna|spa|1\n|upkeep\n|\n|t:|1609350174\n|switch|p1a: Landorus|Landorus-Therian, M|100\/100\n|-damage|p1a: Landorus|88\/100|[from] Stealth Rock\n|-ability|p1a: Landorus|Intimidate|boost\n|-unboost|p2a: Magearna|atk|1\n|turn|10\n|\n|t:|1609350182\n|move|p1a: Landorus|U-turn|p2a: Magearna\n|-resisted|p2a: Magearna\n|-damage|p2a: Magearna|88\/100\n|\n|t:|1609350201\n|switch|p1a: Slowbro|Slowbro, M|100\/100|[from]move: U-turn\n|-damage|p1a: Slowbro|88\/100|[from] Stealth Rock\n|move|p2a: Magearna|Fleur Cannon|p1a: Slowbro\n|-damage|p1a: Slowbro|16\/100\n|-unboost|p2a: Magearna|spa|2\n|\n|upkeep\n|turn|11\n|\n|t:|1609350206\n|switch|p1a: Drapion|Drapion, F|100\/100\n|-damage|p1a: Drapion|88\/100|[from] Stealth Rock\n|move|p2a: Magearna|Fleur Cannon|p1a: Drapion\n|-damage|p1a: Drapion|31\/100\n|-unboost|p2a: Magearna|spa|2\n|\n|upkeep\n|turn|12\n|\n|t:|1609350224\n|switch|p1a: Landorus|Landorus-Therian, M|88\/100\n|-damage|p1a: Landorus|76\/100|[from] Stealth Rock\n|-ability|p1a: Landorus|Intimidate|boost\n|-unboost|p2a: Magearna|atk|1\n|switch|p2a: Clefable|Clefable, F|100\/100\n|\n|upkeep\n|turn|13\n|l| Vessev\n|\n|t:|1609350238\n|move|p1a: Landorus|U-turn|p2a: Clefable\n|-resisted|p2a: Clefable\n|-damage|p2a: Clefable|90\/100\n|-damage|p1a: Landorus|59\/100|[from] item: Rocky Helmet|[of] p2a: Clefable\n|\n|t:|1609350240\n|switch|p1a: Drapion|Drapion, F|31\/100|[from]move: U-turn\n|-damage|p1a: Drapion|19\/100|[from] Stealth Rock\n|move|p2a: Clefable|Moonblast|p1a: Drapion\n|-damage|p1a: Drapion|0 fnt\n|faint|p1a: Drapion\n|\n|upkeep\n|\n|t:|1609350241\n|switch|p1a: Tyrantrum|Tyrantrum, M|88\/100\n|-damage|p1a: Tyrantrum|76\/100|[from] Stealth Rock\n|turn|14\n|\n|t:|1609350264\n|switch|p2a: Slowking|Slowking, F|100\/100\n|move|p1a: Tyrantrum|Head Smash|p2a: Slowking|[miss]\n|-miss|p1a: Tyrantrum|p2a: Slowking\n|\n|upkeep\n|turn|15\n|\n|t:|1609350269\n|move|p1a: Tyrantrum|Head Smash|p2a: Slowking\n|-damage|p2a: Slowking|0 fnt\n|faint|p2a: Slowking\n|\n|upkeep\n|\n|t:|1609350272\n|switch|p2a: Hydreigon|Hydreigon, F|100\/100\n|-damage|p2a: Hydreigon|88\/100|[from] Stealth Rock\n|turn|16\n|\n|t:|1609350276\n|switch|p1a: Latios|Latios, M|100\/100\n|-damage|p1a: Latios|88\/100|[from] Stealth Rock\n|move|p2a: Hydreigon|Dark Pulse|p1a: Latios\n|-supereffective|p1a: Latios\n|-damage|p1a: Latios|0 fnt\n|-damage|p2a: Hydreigon|78\/100|[from] item: Life Orb\n|faint|p1a: Latios\n|\n|upkeep\n|\n|t:|1609350279\n|switch|p1a: Landorus|Landorus-Therian, M|59\/100\n|-damage|p1a: Landorus|47\/100|[from] Stealth Rock\n|-ability|p1a: Landorus|Intimidate|boost\n|-unboost|p2a: Hydreigon|atk|1\n|turn|17\n|\n|t:|1609350282\n|move|p1a: Landorus|U-turn|p2a: Hydreigon\n|-supereffective|p2a: Hydreigon\n|-damage|p2a: Hydreigon|24\/100\n|\n|t:|1609350286\n|switch|p1a: Slowbro|Slowbro, M|49\/100|[from]move: U-turn\n|-damage|p1a: Slowbro|37\/100|[from] Stealth Rock\n|move|p2a: Hydreigon|Roost|p2a: Hydreigon\n|-heal|p2a: Hydreigon|74\/100\n|-singleturn|p2a: Hydreigon|move: Roost\n|\n|upkeep\n|turn|18\n|\n|t:|1609350289\n|move|p2a: Hydreigon|Dark Pulse|p1a: Slowbro\n|-supereffective|p1a: Slowbro\n|-damage|p1a: Slowbro|0 fnt\n|-damage|p2a: Hydreigon|64\/100|[from] item: Life Orb\n|faint|p1a: Slowbro\n|\n|upkeep\n|\n|t:|1609350292\n|switch|p1a: Landorus|Landorus-Therian, M|47\/100\n|-damage|p1a: Landorus|35\/100|[from] Stealth Rock\n|-ability|p1a: Landorus|Intimidate|boost\n|-unboost|p2a: Hydreigon|atk|1\n|turn|19\n|\n|t:|1609350301\n|switch|p2a: Landorus|Landorus-Therian, M|100\/100\n|-damage|p2a: Landorus|88\/100|[from] Stealth Rock\n|-ability|p2a: Landorus|Intimidate|boost\n|-unboost|p1a: Landorus|atk|1\n|move|p1a: Landorus|U-turn|p2a: Landorus\n|-resisted|p2a: Landorus\n|-crit|p2a: Landorus\n|-damage|p2a: Landorus|64\/100\n|\n|t:|1609350303\n|switch|p1a: Tyrantrum|Tyrantrum, M|76\/100|[from]move: U-turn\n|-damage|p1a: Tyrantrum|63\/100|[from] Stealth Rock\n|\n|upkeep\n|turn|20\n|\n|t:|1609350306\n|move|p2a: Landorus|Earthquake|p1a: Tyrantrum\n|-supereffective|p1a: Tyrantrum\n|-damage|p1a: Tyrantrum|0 fnt\n|faint|p1a: Tyrantrum\n|\n|upkeep\n|\n|t:|1609350308\n|switch|p1a: Landorus|Landorus-Therian, M|35\/100\n|-damage|p1a: Landorus|23\/100|[from] Stealth Rock\n|-ability|p1a: Landorus|Intimidate|boost\n|-unboost|p2a: Landorus|atk|1\n|turn|21\n|\n|t:|1609350314\n|move|p2a: Landorus|Earthquake|p1a: Landorus\n|-immune|p1a: Landorus\n|move|p1a: Landorus|U-turn|p2a: Landorus\n|-resisted|p2a: Landorus\n|-damage|p2a: Landorus|48\/100\n|\n|upkeep\n|turn|22\n|\n|t:|1609350319\n|switch|p2a: Magearna|Magearna|88\/100\n|-damage|p2a: Magearna|82\/100|[from] Stealth Rock\n|move|p1a: Landorus|U-turn|p2a: Magearna\n|-resisted|p2a: Magearna\n|-damage|p2a: Magearna|76\/100\n|\n|upkeep\n|turn|23\n|\n|t:|1609350321\n|move|p1a: Landorus|U-turn|p2a: Magearna\n|-resisted|p2a: Magearna\n|-damage|p2a: Magearna|71\/100\n|move|p2a: Magearna|Volt Switch|p1a: Landorus\n|-immune|p1a: Landorus\n|\n|upkeep\n|turn|24\n|\n|t:|1609350323\n|move|p1a: Landorus|U-turn|p2a: Magearna\n|-resisted|p2a: Magearna\n|-damage|p2a: Magearna|65\/100\n|move|p2a: Magearna|Volt Switch|p1a: Landorus\n|-immune|p1a: Landorus\n|\n|upkeep\n|turn|25\n|\n|t:|1609350325\n|move|p1a: Landorus|U-turn|p2a: Magearna\n|-resisted|p2a: Magearna\n|-damage|p2a: Magearna|59\/100\n|move|p2a: Magearna|Volt Switch|p1a: Landorus\n|-immune|p1a: Landorus\n|\n|upkeep\n|turn|26\n|\n|t:|1609350327\n|move|p1a: Landorus|U-turn|p2a: Magearna\n|-resisted|p2a: Magearna\n|-damage|p2a: Magearna|54\/100\n|move|p2a: Magearna|Volt Switch|p1a: Landorus\n|-immune|p1a: Landorus\n|\n|upkeep\n|turn|27\n|\n|t:|1609350330\n|move|p1a: Landorus|U-turn|p2a: Magearna\n|-resisted|p2a: Magearna\n|-damage|p2a: Magearna|48\/100\n|move|p2a: Magearna|Volt Switch|p1a: Landorus\n|-immune|p1a: Landorus\n|\n|upkeep\n|turn|28\n|\n|t:|1609350335\n|move|p1a: Landorus|U-turn|p2a: Magearna\n|-resisted|p2a: Magearna\n|-damage|p2a: Magearna|42\/100\n|move|p2a: Magearna|Volt Switch|p1a: Landorus\n|-immune|p1a: Landorus\n|\n|upkeep\n|turn|29\n|\n|t:|1609350339\n|switch|p2a: Landorus|Landorus-Therian, M|48\/100\n|-damage|p2a: Landorus|36\/100|[from] Stealth Rock\n|-ability|p2a: Landorus|Intimidate|boost\n|-unboost|p1a: Landorus|atk|1\n|move|p1a: Landorus|U-turn|p2a: Landorus\n|-resisted|p2a: Landorus\n|-damage|p2a: Landorus|26\/100\n|\n|upkeep\n|turn|30\n|\n|t:|1609350342\n|move|p2a: Landorus|Defog|p1a: Landorus\n|-unboost|p1a: Landorus|evasion|1\n|-sideend|p1: lando expando|Stealth Rock|[from] move: Defog|[of] p2a: Landorus\n|-sideend|p2: free rent|Stealth Rock|[from] move: Defog|[of] p2a: Landorus\n|move|p1a: Landorus|U-turn|p2a: Landorus\n|-resisted|p2a: Landorus\n|-damage|p2a: Landorus|17\/100\n|\n|upkeep\n|turn|31\n|j| laksdjfasf\n|\n|t:|1609350344\n|switch|p2a: Magearna|Magearna|42\/100\n|move|p1a: Landorus|U-turn|p2a: Magearna\n|-resisted|p2a: Magearna\n|-damage|p2a: Magearna|38\/100\n|\n|upkeep\n|turn|32\n|\n|t:|1609350347\n|move|p1a: Landorus|U-turn|p2a: Magearna\n|-resisted|p2a: Magearna\n|-damage|p2a: Magearna|34\/100\n|move|p2a: Magearna|Volt Switch|p1a: Landorus\n|-immune|p1a: Landorus\n|\n|upkeep\n|turn|33\n|\n|t:|1609350351\n|switch|p2a: Landorus|Landorus-Therian, M|17\/100\n|-ability|p2a: Landorus|Intimidate|boost\n|-unboost|p1a: Landorus|atk|1\n|move|p1a: Landorus|U-turn|p2a: Landorus\n|-resisted|p2a: Landorus\n|-damage|p2a: Landorus|10\/100\n|\n|upkeep\n|turn|34\n|\n|t:|1609350353\n|switch|p2a: Magearna|Magearna|34\/100\n|move|p1a: Landorus|U-turn|p2a: Magearna\n|-resisted|p2a: Magearna\n|-crit|p2a: Magearna\n|-damage|p2a: Magearna|25\/100\n|\n|upkeep\n|turn|35\n|\n|t:|1609350355\n|move|p1a: Landorus|U-turn|p2a: Magearna\n|-resisted|p2a: Magearna\n|-damage|p2a: Magearna|22\/100\n|move|p2a: Magearna|Volt Switch|p1a: Landorus\n|-immune|p1a: Landorus\n|\n|upkeep\n|turn|36\n|\n|t:|1609350357\n|move|p1a: Landorus|U-turn|p2a: Magearna\n|-resisted|p2a: Magearna\n|-damage|p2a: Magearna|19\/100\n|move|p2a: Magearna|Volt Switch|p1a: Landorus\n|-immune|p1a: Landorus\n|\n|upkeep\n|turn|37\n|\n|t:|1609350360\n|move|p1a: Landorus|U-turn|p2a: Magearna\n|-resisted|p2a: Magearna\n|-damage|p2a: Magearna|17\/100\n|move|p2a: Magearna|Volt Switch|p1a: Landorus\n|-immune|p1a: Landorus\n|\n|upkeep\n|turn|38\n|\n|t:|1609350363\n|move|p1a: Landorus|U-turn|p2a: Magearna\n|-resisted|p2a: Magearna\n|-damage|p2a: Magearna|14\/100\n|move|p2a: Magearna|Volt Switch|p1a: Landorus\n|-immune|p1a: Landorus\n|\n|upkeep\n|turn|39\n|\n|t:|1609350365\n|switch|p2a: Landorus|Landorus-Therian, M|10\/100\n|-ability|p2a: Landorus|Intimidate|boost\n|-unboost|p1a: Landorus|atk|1\n|move|p1a: Landorus|U-turn|p2a: Landorus\n|-resisted|p2a: Landorus\n|-crit|p2a: Landorus\n|-damage|p2a: Landorus|0 fnt\n|faint|p2a: Landorus\n|\n|upkeep\n|\n|t:|1609350368\n|switch|p2a: Magearna|Magearna|14\/100\n|turn|40\n|\n|t:|1609350370\n|move|p1a: Landorus|U-turn|p2a: Magearna\n|-resisted|p2a: Magearna\n|-damage|p2a: Magearna|11\/100\n|move|p2a: Magearna|Volt Switch|p1a: Landorus\n|-immune|p1a: Landorus\n|\n|upkeep\n|turn|41\n|\n|t:|1609350374\n|switch|p2a: Hydreigon|Hydreigon, F|64\/100\n|move|p1a: Landorus|U-turn|p2a: Hydreigon\n|-supereffective|p2a: Hydreigon\n|-damage|p2a: Hydreigon|42\/100\n|\n|upkeep\n|turn|42\n|\n|t:|1609350376\n|move|p1a: Landorus|U-turn|p2a: Hydreigon\n|-supereffective|p2a: Hydreigon\n|-damage|p2a: Hydreigon|17\/100\n|move|p2a: Hydreigon|Roost|p2a: Hydreigon\n|-heal|p2a: Hydreigon|67\/100\n|-singleturn|p2a: Hydreigon|move: Roost\n|\n|upkeep\n|turn|43\n|\n|t:|1609350378\n|move|p1a: Landorus|U-turn|p2a: Hydreigon\n|-supereffective|p2a: Hydreigon\n|-damage|p2a: Hydreigon|44\/100\n|move|p2a: Hydreigon|Earth Power|p1a: Landorus\n|-immune|p1a: Landorus\n|\n|upkeep\n|turn|44\n|\n|t:|1609350380\n|move|p1a: Landorus|U-turn|p2a: Hydreigon\n|-supereffective|p2a: Hydreigon\n|-damage|p2a: Hydreigon|20\/100\n|move|p2a: Hydreigon|Roost|p2a: Hydreigon\n|-heal|p2a: Hydreigon|70\/100\n|-singleturn|p2a: Hydreigon|move: Roost\n|\n|upkeep\n|turn|45\n|\n|t:|1609350386\n|switch|p2a: Magearna|Magearna|11\/100\n|move|p1a: Landorus|U-turn|p2a: Magearna\n|-resisted|p2a: Magearna\n|-damage|p2a: Magearna|9\/100\n|\n|upkeep\n|turn|46\n|\n|t:|1609350391\n|move|p1a: Landorus|U-turn|p2a: Magearna\n|-resisted|p2a: Magearna\n|-damage|p2a: Magearna|6\/100\n|move|p2a: Magearna|Volt Switch|p1a: Landorus\n|-immune|p1a: Landorus\n|\n|upkeep\n|turn|47\n|\n|t:|1609350395\n|move|p1a: Landorus|U-turn|p2a: Magearna\n|-resisted|p2a: Magearna\n|-damage|p2a: Magearna|4\/100\n|move|p2a: Magearna|Volt Switch|p1a: Landorus\n|-immune|p1a: Landorus\n|\n|upkeep\n|turn|48\n|j| GIL950\n|\n|t:|1609350401\n|switch|p2a: Cinderace|Cinderace, M|100\/100\n|move|p1a: Landorus|U-turn|p2a: Cinderace\n|-resisted|p2a: Cinderace\n|-damage|p2a: Cinderace|94\/100\n|\n|upkeep\n|turn|49\n|c| laksdjfasf|hehe\n|j| octpath455354353\n|\n|t:|1609350406\n|move|p2a: Cinderace|Sucker Punch|p1a: Landorus\n|-start|p2a: Cinderace|typechange|Dark|[from] ability: Libero\n|-damage|p1a: Landorus|0 fnt\n|faint|p1a: Landorus\n|\n|win|free rent\n|l| octpath455354353\n|l| laksdjfasf\n","uploadtime":1609350414,"views":107,"p1id":"landoexpando","p2id":"freerent","formatid":"gen8ou","rating":0,"private":0,"password":null}