{"id":"gen8ou-1490709780","p1":"Arghyo","p2":"Ivyon","format":"gen8ou","log":"|j|\u2606Arghyo\n|j|\u2606Ivyon\n|t:|1642080588\n|gametype|singles\n|player|p1|Arghyo|lucas|1389\n|player|p2|Ivyon|blue|1360\n|teamsize|p1|6\n|teamsize|p2|6\n|gen|8\n|tier|[Gen 8] OU\n|rated|\n|rule|Sleep Clause Mod: Limit one foe put to sleep\n|rule|Species Clause: Limit one of each Pok\u00e9mon\n|rule|OHKO Clause: OHKO moves are banned\n|rule|Evasion Moves Clause: Evasion moves are banned\n|rule|Endless Battle Clause: Forcing endless battles is banned\n|rule|HP Percentage Mod: HP is shown in percentages\n|rule|Dynamax Clause: You cannot dynamax\n|clearpoke\n|poke|p1|Blissey, F|\n|poke|p1|Landorus-Therian, M|\n|poke|p1|Corviknight, F|\n|poke|p1|Ferrothorn, F|\n|poke|p1|Dragapult, F|\n|poke|p1|Victini|\n|poke|p2|Sharpedo, M|\n|poke|p2|Dragonite, M|\n|poke|p2|Blaziken, M|\n|poke|p2|Cloyster, M|\n|poke|p2|Espeon, F|\n|poke|p2|Mimikyu, M|\n|teampreview\n|inactive|Battle timer is ON: inactive players will automatically lose when time's up. (requested by Arghyo)\n|\n|t:|1642080610\n|start\n|switch|p1a: Irresponsible mom|Dragapult, F|100\/100\n|switch|p2a: Sharpedo|Sharpedo, M|100\/100\n|turn|1\n|\n|t:|1642080615\n|move|p1a: Irresponsible mom|U-turn|p2a: Sharpedo\n|-supereffective|p2a: Sharpedo\n|-damage|p2a: Sharpedo|8\/100\n|\n|t:|1642080619\n|switch|p1a: Spiky boi|Ferrothorn, F, shiny|100\/100|[from]move: U-turn\n|move|p2a: Sharpedo|Crunch|p1a: Spiky boi\n|-damage|p1a: Spiky boi|73\/100\n|-damage|p2a: Sharpedo|0 fnt|[from] ability: Iron Barbs|[of] p1a: Spiky boi\n|faint|p2a: Sharpedo\n|\n|upkeep\n|\n|t:|1642080636\n|switch|p2a: Blaziken|Blaziken, M, shiny|100\/100\n|turn|2\n|\n|t:|1642080648\n|switch|p2a: Espeon|Espeon, F|100\/100\n|move|p1a: Spiky boi|Leech Seed|p2a: Espeon\n|move|p2a: Espeon|Leech Seed|p1a: Spiky boi|[from]ability: Magic Bounce\n|-immune|p1a: Spiky boi\n|\n|upkeep\n|turn|3\n|\n|t:|1642080655\n|move|p2a: Espeon|Yawn|p1a: Spiky boi\n|-start|p1a: Spiky boi|move: Yawn|[of] p2a: Espeon\n|move|p1a: Spiky boi|Gyro Ball|p2a: Espeon\n|-damage|p2a: Espeon|10\/100\n|\n|upkeep\n|turn|4\n|\n|t:|1642080665\n|move|p2a: Espeon|Future Sight|p1a: Spiky boi\n|-start|p2a: Espeon|move: Future Sight\n|move|p1a: Spiky boi|Body Press|p2a: Espeon\n|-resisted|p2a: Espeon\n|-damage|p2a: Espeon|0 fnt\n|faint|p2a: Espeon\n|\n|-end|p1a: Spiky boi|move: Yawn|[silent]\n|-status|p1a: Spiky boi|slp\n|upkeep\n|\n|t:|1642080672\n|switch|p2a: Cloyster|Cloyster, M|100\/100\n|turn|5\n|\n|t:|1642080691\n|move|p2a: Cloyster|Shell Smash|p2a: Cloyster\n|-unboost|p2a: Cloyster|def|1\n|-unboost|p2a: Cloyster|spd|1\n|-boost|p2a: Cloyster|atk|2\n|-boost|p2a: Cloyster|spa|2\n|-boost|p2a: Cloyster|spe|2\n|cant|p1a: Spiky boi|slp\n|\n|upkeep\n|turn|6\n|\n|t:|1642080698\n|move|p2a: Cloyster|Icicle Spear|p1a: Spiky boi\n|-damage|p1a: Spiky boi|56\/100 slp\n|-damage|p1a: Spiky boi|41\/100 slp\n|-damage|p1a: Spiky boi|25\/100 slp\n|-damage|p1a: Spiky boi|10\/100 slp\n|-damage|p1a: Spiky boi|0 fnt\n|faint|p1a: Spiky boi\n|-hitcount|p1: Spiky boi|5\n|\n|-hint|Future Sight did not hit because the target is fainted.\n|upkeep\n|inactive|Arghyo has 120 seconds left.\n|\n|t:|1642080743\n|switch|p1a: Victini|Victini|100\/100\n|turn|7\n|\n|t:|1642080749\n|move|p2a: Cloyster|Liquidation|p1a: Victini\n|-supereffective|p1a: Victini\n|-damage|p1a: Victini|0 fnt\n|faint|p1a: Victini\n|\n|upkeep\n|\n|t:|1642080754\n|switch|p1a: Lancelot|Corviknight, F, shiny|100\/100\n|turn|8\n|\n|t:|1642080759\n|move|p2a: Cloyster|Icicle Spear|p1a: Lancelot\n|-damage|p1a: Lancelot|84\/100\n|-crit|p1a: Lancelot\n|-damage|p1a: Lancelot|59\/100\n|-damage|p1a: Lancelot|43\/100\n|-damage|p1a: Lancelot|26\/100\n|-damage|p1a: Lancelot|9\/100\n|-hitcount|p1a: Lancelot|5\n|move|p1a: Lancelot|Brave Bird|p2a: Cloyster\n|-damage|p2a: Cloyster|47\/100\n|-damage|p1a: Lancelot|0 fnt|[from] Recoil\n|faint|p1a: Lancelot\n|\n|upkeep\n|\n|t:|1642080767\n|switch|p1a: Phat|Blissey, F|100\/100\n|turn|9\n|\n|t:|1642080772\n|move|p2a: Cloyster|Icicle Spear|p1a: Phat\n|-damage|p1a: Phat|55\/100\n|-damage|p1a: Phat|9\/100\n|-damage|p1a: Phat|0 fnt\n|faint|p1a: Phat\n|-hitcount|p1: Phat|3\n|\n|upkeep\n|\n|t:|1642080778\n|switch|p1a: Irresponsible mom|Dragapult, F|100\/100\n|turn|10\n|\n|t:|1642080783\n|move|p2a: Cloyster|Icicle Spear|p1a: Irresponsible mom\n|-supereffective|p1a: Irresponsible mom\n|-damage|p1a: Irresponsible mom|39\/100\n|-supereffective|p1a: Irresponsible mom\n|-damage|p1a: Irresponsible mom|0 fnt\n|faint|p1a: Irresponsible mom\n|-hitcount|p1: Irresponsible mom|2\n|\n|upkeep\n|\n|t:|1642080787\n|switch|p1a: Flying Tiger|Landorus-Therian, M|100\/100\n|-ability|p1a: Flying Tiger|Intimidate|boost\n|-unboost|p2a: Cloyster|atk|1\n|turn|11\n|\n|t:|1642080792\n|move|p2a: Cloyster|Icicle Spear|p1a: Flying Tiger\n|-supereffective|p1a: Flying Tiger\n|-damage|p1a: Flying Tiger|13\/100\n|-supereffective|p1a: Flying Tiger\n|-damage|p1a: Flying Tiger|0 fnt\n|faint|p1a: Flying Tiger\n|-hitcount|p1: Flying Tiger|2\n|\n|win|Ivyon\n|raw|Arghyo's rating: 1389 &rarr; <strong>1367<\/strong><br \/>(-22 for losing)\n|raw|Ivyon's rating: 1360 &rarr; <strong>1382<\/strong><br \/>(+22 for winning)\n|c|\u2606Ivyon|gg\n|c|\u2606Arghyo|gg\n|l|\u2606Arghyo\n","uploadtime":1642080804,"views":23,"p1id":"arghyo","p2id":"ivyon","formatid":"gen8ou","rating":1367,"private":0,"password":null}