{"id":"gen8ou-1158130376","p1":"early_human","p2":"brinxtruck","format":"gen8ou","log":"|j|\u2606early_human\n|j|\u2606brinxtruck\n|t:|1595792737\n|player|p1|early_human|2|1508\n|player|p2|brinxtruck|unknown|1552\n|teamsize|p1|6\n|teamsize|p2|6\n|gametype|singles\n|gen|8\n|tier|[Gen 8] OU\n|rated|\n|html|<div class=\"broadcast-blue\"><strong>OU is currently suspecting Magearna! For information on how to participate check out the <a href=\"https:\/\/www.smogon.com\/forums\/threads\/3667669\/\">suspect thread<\/a>.<\/strong><\/div>\n|clearpoke\n|poke|p1|Pelipper, M|\n|poke|p1|Azumarill, F|\n|poke|p1|Kingdra, M|\n|poke|p1|Urshifu-*, M|\n|poke|p1|Amoonguss, F|\n|poke|p1|Mandibuzz, F|\n|poke|p2|Rillaboom, F|\n|poke|p2|Excadrill, F|\n|poke|p2|Rotom-Wash|\n|poke|p2|Cinderace, M|\n|poke|p2|Clefable, M|\n|poke|p2|Goodra, F|\n|rule|Sleep Clause Mod: Limit one foe put to sleep\n|rule|Species Clause: Limit one of each Pok\u00e9mon\n|rule|OHKO Clause: OHKO moves are banned\n|rule|Evasion Moves Clause: Evasion moves are banned\n|rule|Endless Battle Clause: Forcing endless battles is banned\n|rule|HP Percentage Mod: HP is shown in percentages\n|rule|Dynamax Clause: You cannot dynamax\n|teampreview\n|\n|t:|1595792759\n|start\n|switch|p1a: Amoonguss|Amoonguss, F|100\/100\n|switch|p2a: Rotom|Rotom-Wash|100\/100\n|turn|1\n|\n|t:|1595792766\n|move|p2a: Rotom|Trick|p1a: Amoonguss\n|-activate|p2a: Rotom|move: Trick|[of] p1a: Amoonguss\n|-item|p1a: Amoonguss|Choice Scarf|[from] move: Trick\n|-item|p2a: Rotom|Black Sludge|[from] move: Trick\n|move|p1a: Amoonguss|Sludge Bomb|p2a: Rotom\n|-damage|p2a: Rotom|63\/100\n|\n|-damage|p2a: Rotom|50\/100|[from] item: Black Sludge\n|upkeep\n|turn|2\n|\n|t:|1595792774\n|move|p2a: Rotom|Volt Switch|p1a: Amoonguss\n|-resisted|p1a: Amoonguss\n|-damage|p1a: Amoonguss|85\/100\n|\n|t:|1595792777\n|switch|p2a: Excadrill|Excadrill, F|100\/100|[from]move: Volt Switch\n|-ability|p2a: Excadrill|Mold Breaker\n|move|p1a: Amoonguss|Sludge Bomb|p2a: Excadrill\n|-immune|p2a: Excadrill\n|\n|upkeep\n|turn|3\n|\n|t:|1595792780\n|switch|p2a: Goodra|Goodra, F|100\/100\n|switch|p1a: Mandibuzz|Mandibuzz, F|100\/100\n|\n|upkeep\n|turn|4\n|\n|t:|1595792786\n|switch|p2a: Clefable|Clefable, M, shiny|100\/100\n|move|p1a: Mandibuzz|U-turn|p2a: Clefable\n|-resisted|p2a: Clefable\n|-damage|p2a: Clefable|95\/100\n|\n|t:|1595792804\n|switch|p1a: Pelipper|Pelipper, M|100\/100|[from]move: U-turn\n|-weather|RainDance|[from] ability: Drizzle|[of] p1a: Pelipper\n|\n|-weather|RainDance|[upkeep]\n|-heal|p2a: Clefable|100\/100|[from] item: Leftovers\n|upkeep\n|turn|5\n|\n|t:|1595792813\n|move|p1a: Pelipper|Hurricane|p2a: Clefable\n|-damage|p2a: Clefable|73\/100\n|move|p2a: Clefable|Moonblast|p1a: Pelipper\n|-damage|p1a: Pelipper|52\/100\n|\n|-weather|RainDance|[upkeep]\n|-heal|p2a: Clefable|79\/100|[from] item: Leftovers\n|upkeep\n|turn|6\n|\n|t:|1595792819\n|move|p1a: Pelipper|U-turn|p2a: Clefable\n|-resisted|p2a: Clefable\n|-damage|p2a: Clefable|76\/100\n|\n|t:|1595792821\n|switch|p1a: Amoonguss|Amoonguss, F|100\/100|[from]move: U-turn\n|move|p2a: Clefable|Moonblast|p1a: Amoonguss\n|-resisted|p1a: Amoonguss\n|-damage|p1a: Amoonguss|86\/100\n|\n|-weather|RainDance|[upkeep]\n|-heal|p2a: Clefable|82\/100|[from] item: Leftovers\n|upkeep\n|turn|7\n|\n|t:|1595792833\n|switch|p1a: Azumarill|Azumarill, F|100\/100\n|move|p2a: Clefable|Protect||[still]\n|-fail|p2a: Clefable\n|\n|-weather|RainDance|[upkeep]\n|-heal|p2a: Clefable|88\/100|[from] item: Leftovers\n|upkeep\n|turn|8\n|\n|t:|1595792839\n|switch|p2a: Rillaboom|Rillaboom, F, shiny|100\/100\n|-fieldstart|move: Grassy Terrain|[from] ability: Grassy Surge|[of] p2a: Rillaboom\n|move|p1a: Azumarill|Whirlpool|p2a: Rillaboom\n|-resisted|p2a: Rillaboom\n|-damage|p2a: Rillaboom|93\/100\n|-activate|p2a: Rillaboom|move: Whirlpool|[of] p1a: Azumarill\n|\n|-weather|RainDance|[upkeep]\n|-heal|p2a: Rillaboom|99\/100|[from] Grassy Terrain\n|-damage|p2a: Rillaboom|86\/100|[from] move: Whirlpool|[partiallytrapped]\n|upkeep\n|turn|9\n|\n|t:|1595792847\n|move|p2a: Rillaboom|Swords Dance|p2a: Rillaboom\n|-boost|p2a: Rillaboom|atk|2\n|move|p1a: Azumarill|Perish Song|p1a: Azumarill\n|-start|p1a: Azumarill|perish3|[silent]\n|-start|p2a: Rillaboom|perish3|[silent]\n|-fieldactivate|move: Perish Song\n|\n|-weather|RainDance|[upkeep]\n|-heal|p2a: Rillaboom|93\/100|[from] Grassy Terrain\n|-damage|p2a: Rillaboom|80\/100|[from] move: Whirlpool|[partiallytrapped]\n|-start|p2a: Rillaboom|perish3\n|-start|p1a: Azumarill|perish3\n|upkeep\n|turn|10\n|\n|t:|1595792853\n|move|p2a: Rillaboom|Knock Off|p1a: Azumarill\n|-resisted|p1a: Azumarill\n|-damage|p1a: Azumarill|64\/100\n|-enditem|p1a: Azumarill|Leftovers|[from] move: Knock Off|[of] p2a: Rillaboom\n|-damage|p2a: Rillaboom|70\/100|[from] item: Life Orb\n|move|p1a: Azumarill|Substitute|p1a: Azumarill\n|-start|p1a: Azumarill|Substitute\n|-damage|p1a: Azumarill|39\/100\n|\n|-weather|RainDance|[upkeep]\n|-heal|p2a: Rillaboom|76\/100|[from] Grassy Terrain\n|-heal|p1a: Azumarill|45\/100|[from] Grassy Terrain\n|-damage|p2a: Rillaboom|64\/100|[from] move: Whirlpool|[partiallytrapped]\n|-start|p2a: Rillaboom|perish2\n|-start|p1a: Azumarill|perish2\n|upkeep\n|turn|11\n|\n|t:|1595792857\n|move|p1a: Azumarill|Protect|p1a: Azumarill\n|-singleturn|p1a: Azumarill|Protect\n|move|p2a: Rillaboom|Drain Punch|p1a: Azumarill\n|-activate|p1a: Azumarill|move: Protect\n|\n|-weather|none\n|-heal|p2a: Rillaboom|70\/100|[from] Grassy Terrain\n|-heal|p1a: Azumarill|51\/100|[from] Grassy Terrain\n|-damage|p2a: Rillaboom|58\/100|[from] move: Whirlpool|[partiallytrapped]\n|-start|p2a: Rillaboom|perish1\n|-start|p1a: Azumarill|perish1\n|upkeep\n|turn|12\n|\n|t:|1595792868\n|switch|p1a: Amoonguss|Amoonguss, F|100\/100\n|move|p2a: Rillaboom|Grassy Glide|p1a: Amoonguss\n|-resisted|p1a: Amoonguss\n|-damage|p1a: Amoonguss|78\/100\n|-damage|p2a: Rillaboom|48\/100|[from] item: Life Orb\n|\n|-heal|p2a: Rillaboom|54\/100|[from] Grassy Terrain\n|-heal|p1a: Amoonguss|84\/100|[from] Grassy Terrain\n|-fieldend|move: Grassy Terrain\n|-end|p2a: Rillaboom|Whirlpool|[partiallytrapped]\n|-start|p2a: Rillaboom|perish0\n|upkeep\n|faint|p2a: Rillaboom\n|\n|t:|1595792875\n|switch|p2a: Cinderace|Cinderace, M|100\/100\n|turn|13\n|\n|t:|1595792881\n|switch|p1a: Azumarill|Azumarill, F|51\/100\n|move|p2a: Cinderace|U-turn|p1a: Azumarill\n|-start|p2a: Cinderace|typechange|Bug|[from] ability: Libero\n|-resisted|p1a: Azumarill\n|-damage|p1a: Azumarill|37\/100\n|\n|t:|1595792885\n|switch|p2a: Goodra|Goodra, F|100\/100|[from]move: U-turn\n|\n|upkeep\n|turn|14\n|\n|t:|1595792897\n|move|p1a: Azumarill|Protect|p1a: Azumarill\n|-singleturn|p1a: Azumarill|Protect\n|move|p2a: Goodra|Thunderbolt|p1a: Azumarill\n|-activate|p1a: Azumarill|move: Protect\n|\n|upkeep\n|turn|15\n|\n|t:|1595792904\n|switch|p2a: Cinderace|Cinderace, M|100\/100\n|move|p1a: Azumarill|Perish Song|p1a: Azumarill\n|-start|p1a: Azumarill|perish3|[silent]\n|-start|p2a: Cinderace|perish3|[silent]\n|-fieldactivate|move: Perish Song\n|\n|-start|p2a: Cinderace|perish3\n|-start|p1a: Azumarill|perish3\n|upkeep\n|turn|16\n|\n|t:|1595792907\n|move|p2a: Cinderace|U-turn|p1a: Azumarill\n|-start|p2a: Cinderace|typechange|Bug|[from] ability: Libero\n|-resisted|p1a: Azumarill\n|-damage|p1a: Azumarill|25\/100\n|\n|t:|1595792911\n|switch|p2a: Goodra|Goodra, F|100\/100|[from]move: U-turn\n|move|p1a: Azumarill|Whirlpool|p2a: Goodra|[miss]\n|-miss|p1a: Azumarill|p2a: Goodra\n|\n|-start|p1a: Azumarill|perish2\n|upkeep\n|turn|17\n|\n|t:|1595792929\n|switch|p1a: Amoonguss|Amoonguss, F|100\/100\n|move|p2a: Goodra|Draco Meteor|p1a: Amoonguss\n|-damage|p1a: Amoonguss|13\/100\n|-unboost|p2a: Goodra|spa|2\n|\n|upkeep\n|turn|18\n|\n|t:|1595792938\n|switch|p2a: Cinderace|Cinderace, M|100\/100\n|switch|p1a: Mandibuzz|Mandibuzz, F|100\/100\n|\n|upkeep\n|turn|19\n|\n|t:|1595792943\n|move|p2a: Cinderace|Pyro Ball|p1a: Mandibuzz\n|-damage|p1a: Mandibuzz|58\/100\n|move|p1a: Mandibuzz|Foul Play|p2a: Cinderace\n|-damage|p2a: Cinderace|37\/100\n|\n|upkeep\n|turn|20\n|\n|t:|1595792948\n|move|p2a: Cinderace|U-turn|p1a: Mandibuzz\n|-start|p2a: Cinderace|typechange|Bug|[from] ability: Libero\n|-damage|p1a: Mandibuzz|29\/100\n|\n|t:|1595792950\n|switch|p2a: Clefable|Clefable, M, shiny|88\/100|[from]move: U-turn\n|move|p1a: Mandibuzz|Roost|p1a: Mandibuzz\n|-heal|p1a: Mandibuzz|79\/100\n|-singleturn|p1a: Mandibuzz|move: Roost\n|\n|-heal|p2a: Clefable|94\/100|[from] item: Leftovers\n|upkeep\n|turn|21\n|\n|t:|1595792956\n|move|p1a: Mandibuzz|U-turn|p2a: Clefable\n|-resisted|p2a: Clefable\n|-damage|p2a: Clefable|89\/100\n|\n|t:|1595792958\n|switch|p1a: Amoonguss|Amoonguss, F|47\/100|[from]move: U-turn\n|move|p2a: Clefable|Wish|p2a: Clefable\n|\n|-heal|p2a: Clefable|95\/100|[from] item: Leftovers\n|upkeep\n|turn|22\n|\n|t:|1595792969\n|switch|p2a: Goodra|Goodra, F|100\/100\n|move|p1a: Amoonguss|Spore|p2a: Goodra\n|-ability|p2a: Goodra|Sap Sipper|boost\n|-boost|p2a: Goodra|atk|1\n|\n|upkeep\n|turn|23\n|\n|t:|1595792973\n|switch|p1a: Azumarill|Azumarill, F|25\/100\n|move|p2a: Goodra|Thunderbolt|p1a: Azumarill\n|-supereffective|p1a: Azumarill\n|-damage|p1a: Azumarill|0 fnt\n|faint|p1a: Azumarill\n|\n|upkeep\n|\n|t:|1595792978\n|switch|p1a: Amoonguss|Amoonguss, F|80\/100\n|turn|24\n|\n|t:|1595792984\n|switch|p2a: Excadrill|Excadrill, F|100\/100\n|-ability|p2a: Excadrill|Mold Breaker\n|move|p1a: Amoonguss|Sludge Bomb|p2a: Excadrill\n|-immune|p2a: Excadrill\n|\n|upkeep\n|turn|25\n|\n|t:|1595792988\n|switch|p2a: Goodra|Goodra, F|100\/100\n|switch|p1a: Mandibuzz|Mandibuzz, F|79\/100\n|\n|upkeep\n|turn|26\n|\n|t:|1595792992\n|move|p1a: Mandibuzz|Roost|p1a: Mandibuzz\n|-heal|p1a: Mandibuzz|100\/100\n|-singleturn|p1a: Mandibuzz|move: Roost\n|move|p2a: Goodra|Draco Meteor|p1a: Mandibuzz\n|-damage|p1a: Mandibuzz|34\/100\n|-unboost|p2a: Goodra|spa|2\n|\n|upkeep\n|turn|27\n|\n|t:|1595792996\n|switch|p2a: Clefable|Clefable, M, shiny|95\/100\n|move|p1a: Mandibuzz|Roost|p1a: Mandibuzz\n|-heal|p1a: Mandibuzz|84\/100\n|-singleturn|p1a: Mandibuzz|move: Roost\n|\n|-heal|p2a: Clefable|100\/100|[from] item: Leftovers\n|upkeep\n|turn|28\n|\n|t:|1595792999\n|move|p1a: Mandibuzz|U-turn|p2a: Clefable\n|-resisted|p2a: Clefable\n|-damage|p2a: Clefable|95\/100\n|\n|t:|1595793000\n|switch|p1a: Amoonguss|Amoonguss, F|100\/100|[from]move: U-turn\n|move|p2a: Clefable|Wish|p2a: Clefable\n|\n|-heal|p2a: Clefable|100\/100|[from] item: Leftovers\n|upkeep\n|turn|29\n|\n|t:|1595793005\n|switch|p2a: Goodra|Goodra, F|100\/100\n|move|p1a: Amoonguss|Spore|p2a: Goodra\n|-ability|p2a: Goodra|Sap Sipper|boost\n|-boost|p2a: Goodra|atk|1\n|\n|upkeep\n|turn|30\n|\n|t:|1595793016\n|move|p2a: Goodra|Thunderbolt|p1a: Amoonguss\n|-resisted|p1a: Amoonguss\n|-damage|p1a: Amoonguss|78\/100\n|move|p1a: Amoonguss|Spore|p2a: Goodra\n|-ability|p2a: Goodra|Sap Sipper|boost\n|-boost|p2a: Goodra|atk|1\n|\n|upkeep\n|turn|31\n|\n|t:|1595793024\n|switch|p1a: Kingdra|Kingdra, M|100\/100\n|move|p2a: Goodra|Thunderbolt|p1a: Kingdra\n|-damage|p1a: Kingdra|40\/100\n|\n|upkeep\n|turn|32\n|\n|t:|1595793050\n|move|p1a: Kingdra|Hydro Pump|p2a: Goodra\n|-resisted|p2a: Goodra\n|-damage|p2a: Goodra|75\/100\n|move|p2a: Goodra|Thunderbolt|p1a: Kingdra\n|-damage|p1a: Kingdra|0 fnt\n|faint|p1a: Kingdra\n|\n|upkeep\n|\n|t:|1595793053\n|switch|p1a: Urshifu|Urshifu-Rapid-Strike, M|100\/100\n|turn|33\n|\n|t:|1595793062\n|switch|p2a: Excadrill|Excadrill, F|100\/100\n|-ability|p2a: Excadrill|Mold Breaker\n|move|p1a: Urshifu|Close Combat|p2a: Excadrill\n|-supereffective|p2a: Excadrill\n|-damage|p2a: Excadrill|0 fnt\n|-unboost|p1a: Urshifu|def|1\n|-unboost|p1a: Urshifu|spd|1\n|faint|p2a: Excadrill\n|\n|upkeep\n|\n|t:|1595793066\n|switch|p2a: Clefable|Clefable, M, shiny|100\/100\n|turn|34\n|\n|t:|1595793071\n|switch|p1a: Amoonguss|Amoonguss, F|100\/100\n|move|p2a: Clefable|Moonblast|p1a: Amoonguss\n|-resisted|p1a: Amoonguss\n|-damage|p1a: Amoonguss|87\/100\n|\n|upkeep\n|turn|35\n|\n|t:|1595793073\n|move|p2a: Clefable|Protect|p2a: Clefable\n|-singleturn|p2a: Clefable|Protect\n|move|p1a: Amoonguss|Sludge Bomb|p2a: Clefable\n|-activate|p2a: Clefable|move: Protect\n|\n|upkeep\n|turn|36\n|\n|t:|1595793080\n|move|p2a: Clefable|Wish|p2a: Clefable\n|move|p1a: Amoonguss|Sludge Bomb|p2a: Clefable\n|-supereffective|p2a: Clefable\n|-damage|p2a: Clefable|62\/100\n|\n|-heal|p2a: Clefable|68\/100|[from] item: Leftovers\n|upkeep\n|turn|37\n|\n|t:|1595793084\n|move|p2a: Clefable|Moonblast|p1a: Amoonguss\n|-resisted|p1a: Amoonguss\n|-damage|p1a: Amoonguss|72\/100\n|move|p1a: Amoonguss|Sludge Bomb|p2a: Clefable\n|-supereffective|p2a: Clefable\n|-damage|p2a: Clefable|27\/100\n|-status|p2a: Clefable|psn\n|\n|-heal|p2a: Clefable|77\/100 psn|[from] move: Wish|[wisher] Clefable\n|-heal|p2a: Clefable|83\/100 psn|[from] item: Leftovers\n|upkeep\n|turn|38\n|\n|t:|1595793088\n|move|p2a: Clefable|Wish|p2a: Clefable\n|move|p1a: Amoonguss|Sludge Bomb|p2a: Clefable\n|-supereffective|p2a: Clefable\n|-damage|p2a: Clefable|40\/100 psn\n|\n|-heal|p2a: Clefable|46\/100 psn|[from] item: Leftovers\n|upkeep\n|turn|39\n|\n|t:|1595793091\n|move|p2a: Clefable|Moonblast|p1a: Amoonguss\n|-resisted|p1a: Amoonguss\n|-damage|p1a: Amoonguss|57\/100\n|move|p1a: Amoonguss|Sludge Bomb|p2a: Clefable\n|-supereffective|p2a: Clefable\n|-damage|p2a: Clefable|5\/100 psn\n|\n|-heal|p2a: Clefable|55\/100 psn|[from] move: Wish|[wisher] Clefable\n|-heal|p2a: Clefable|61\/100 psn|[from] item: Leftovers\n|upkeep\n|turn|40\n|\n|t:|1595793099\n|switch|p1a: Pelipper|Pelipper, M|52\/100\n|-weather|RainDance|[from] ability: Drizzle|[of] p1a: Pelipper\n|move|p2a: Clefable|Wish|p2a: Clefable\n|\n|-weather|RainDance|[upkeep]\n|-heal|p2a: Clefable|67\/100 psn|[from] item: Leftovers\n|upkeep\n|turn|41\n|\n|t:|1595793103\n|move|p1a: Pelipper|U-turn|p2a: Clefable\n|-resisted|p2a: Clefable\n|-damage|p2a: Clefable|63\/100 psn\n|\n|t:|1595793104\n|switch|p1a: Amoonguss|Amoonguss, F|90\/100|[from]move: U-turn\n|move|p2a: Clefable|Moonblast|p1a: Amoonguss\n|-resisted|p1a: Amoonguss\n|-damage|p1a: Amoonguss|77\/100\n|\n|-weather|RainDance|[upkeep]\n|-heal|p2a: Clefable|100\/100 psn|[from] move: Wish|[wisher] Clefable\n|upkeep\n|turn|42\n|\n|t:|1595793110\n|switch|p1a: Urshifu|Urshifu-Rapid-Strike, M|100\/100\n|move|p2a: Clefable|Moonblast|p1a: Urshifu\n|-supereffective|p1a: Urshifu\n|-crit|p1a: Urshifu\n|-damage|p1a: Urshifu|0 fnt\n|faint|p1a: Urshifu\n|\n|-weather|RainDance|[upkeep]\n|upkeep\n|-message|early_human forfeited.\n|\n|win|brinxtruck\n|l|\u2606early_human\n","uploadtime":1595793116,"views":78,"p1id":"earlyhuman","p2id":"brinxtruck","formatid":"gen8ou","rating":0,"private":0,"password":null}