{"id":"gen8ou-1627074155","p1":"xasah\u2764bae","p2":"LT91BBe","format":"gen8ou","log":"|raw|<div class=\"broadcast-blue\"><strong>This battle is required to be public due to a player having a name starting with 'lt91bb'.<\/div>\n|j|\u2606xasah\u2764bae\n|j|\u2606LT91BBe\n|t:|1659015447\n|gametype|singles\n|player|p1|xasah\u2764bae|clerkf|1627\n|player|p2|LT91BBe|twins|1668\n|teamsize|p1|6\n|teamsize|p2|6\n|gen|8\n|tier|[Gen 8] OU\n|rated|\n|rule|Sleep Clause Mod: Limit one foe put to sleep\n|rule|Species Clause: Limit one of each Pok\u00e9mon\n|rule|OHKO Clause: OHKO moves are banned\n|rule|Evasion Moves Clause: Evasion moves are banned\n|rule|Endless Battle Clause: Forcing endless battles is banned\n|rule|HP Percentage Mod: HP is shown in percentages\n|rule|Dynamax Clause: You cannot dynamax\n|clearpoke\n|poke|p1|Aegislash, M|\n|poke|p1|Tapu Lele|\n|poke|p1|Tornadus-Therian, M|\n|poke|p1|Hippowdon, M|\n|poke|p1|Buzzwole|\n|poke|p1|Toxapex, F|\n|poke|p2|Blacephalon|\n|poke|p2|Clefable, F|\n|poke|p2|Excadrill, M|\n|poke|p2|Hippowdon, F|\n|poke|p2|Skarmory, M|\n|poke|p2|Toxapex, F|\n|teampreview\n|inactive|Battle timer is ON: inactive players will automatically lose when time's up. (requested by LT91BBe)\n|\n|t:|1659015470\n|start\n|switch|p1a: Tapu Lele|Tapu Lele|100\/100\n|switch|p2a: Blacephalon|Blacephalon|100\/100\n|-fieldstart|move: Psychic Terrain|[from] ability: Psychic Surge|[of] p1a: Tapu Lele\n|turn|1\n|\n|t:|1659015486\n|switch|p1a: Hippowdon|Hippowdon, M, shiny|100\/100\n|move|p2a: Blacephalon|Shadow Ball|p1a: Hippowdon\n|-damage|p1a: Hippowdon|48\/100\n|\n|-heal|p1a: Hippowdon|55\/100|[from] item: Leftovers\n|upkeep\n|turn|2\n|j| amxox\n|\n|t:|1659015498\n|switch|p2a: Skarmory|Skarmory, M|100\/100\n|move|p1a: Hippowdon|Slack Off|p1a: Hippowdon\n|-heal|p1a: Hippowdon|100\/100\n|\n|upkeep\n|turn|3\n|\n|t:|1659015508\n|switch|p1a: Tornadus|Tornadus-Therian, M|100\/100\n|move|p2a: Skarmory|Spikes|p1a: Tornadus\n|-sidestart|p1: xasah\u2764bae|Spikes\n|\n|upkeep\n|turn|4\n|\n|t:|1659015518\n|switch|p2a: Toxapex|Toxapex, F|100\/100\n|move|p1a: Tornadus|Knock Off|p2a: Toxapex\n|-damage|p2a: Toxapex|85\/100\n|-damage|p1a: Tornadus|84\/100|[from] item: Rocky Helmet|[of] p2a: Toxapex\n|-enditem|p2a: Toxapex|Rocky Helmet|[from] move: Knock Off|[of] p1a: Tornadus\n|\n|upkeep\n|turn|5\n|\n|t:|1659015522\n|move|p1a: Tornadus|Defog|p2a: Toxapex\n|-unboost|p2a: Toxapex|evasion|1\n|-sideend|p1: xasah\u2764bae|Spikes|[from] move: Defog|[of] p1a: Tornadus\n|-fieldend|move: Psychic Terrain\n|move|p2a: Toxapex|Toxic|p1a: Tornadus\n|-status|p1a: Tornadus|tox\n|\n|-damage|p1a: Tornadus|78\/100 tox|[from] psn\n|upkeep\n|turn|6\n|\n|t:|1659015523\n|move|p1a: Tornadus|U-turn|p2a: Toxapex\n|-resisted|p2a: Toxapex\n|-damage|p2a: Toxapex|79\/100\n|\n|t:|1659015530\n|switch|p1a: Toxapex|Toxapex, F|100\/100|[from]move: U-turn\n|move|p2a: Toxapex|Knock Off|p1a: Toxapex\n|-damage|p1a: Toxapex|91\/100\n|-enditem|p1a: Toxapex|Shed Shell|[from] move: Knock Off|[of] p2a: Toxapex\n|\n|upkeep\n|turn|7\n|\n|t:|1659015534\n|switch|p1a: Tapu Lele|Tapu Lele|100\/100\n|-fieldstart|move: Psychic Terrain|[from] ability: Psychic Surge|[of] p1a: Tapu Lele\n|switch|p2a: Skarmory|Skarmory, M|100\/100\n|\n|upkeep\n|turn|8\n|\n|t:|1659015540\n|move|p1a: Tapu Lele|Psychic|p2a: Skarmory\n|-resisted|p2a: Skarmory\n|-damage|p2a: Skarmory|36\/100\n|move|p2a: Skarmory|Spikes|p1a: Tapu Lele\n|-sidestart|p1: xasah\u2764bae|Spikes\n|\n|upkeep\n|turn|9\n|\n|t:|1659015546\n|move|p1a: Tapu Lele|Psychic|p2a: Skarmory\n|-resisted|p2a: Skarmory\n|-damage|p2a: Skarmory|0 fnt\n|faint|p2a: Skarmory\n|\n|upkeep\n|\n|t:|1659015547\n|switch|p2a: Blacephalon|Blacephalon|100\/100\n|turn|10\n|inactive|xasah\u2764bae has 120 seconds left.\n|inactive|xasah\u2764bae has 90 seconds left.\n|\n|t:|1659015634\n|switch|p1a: Tornadus|Tornadus-Therian, M|100\/100 tox\n|move|p2a: Blacephalon|Shadow Ball|p1a: Tornadus\n|-damage|p1a: Tornadus|35\/100 tox\n|\n|-damage|p1a: Tornadus|29\/100 tox|[from] psn\n|upkeep\n|turn|11\n|\n|t:|1659015639\n|move|p1a: Tornadus|Knock Off|p2a: Blacephalon\n|-supereffective|p2a: Blacephalon\n|-damage|p2a: Blacephalon|11\/100\n|-enditem|p2a: Blacephalon|Choice Specs|[from] move: Knock Off|[of] p1a: Tornadus\n|move|p2a: Blacephalon|Shadow Ball|p1a: Tornadus\n|-damage|p1a: Tornadus|0 fnt\n|faint|p1a: Tornadus\n|-ability|p2a: Blacephalon|Beast Boost|boost\n|-boost|p2a: Blacephalon|spa|1\n|\n|-fieldend|move: Psychic Terrain\n|upkeep\n|\n|t:|1659015651\n|switch|p1a: Hippowdon|Hippowdon, M, shiny|100\/100\n|-damage|p1a: Hippowdon|88\/100|[from] Spikes\n|turn|12\n|\n|t:|1659015654\n|move|p2a: Blacephalon|Overheat|p1a: Hippowdon\n|-damage|p1a: Hippowdon|11\/100\n|-unboost|p2a: Blacephalon|spa|2\n|move|p1a: Hippowdon|Earthquake|p2a: Blacephalon\n|-supereffective|p2a: Blacephalon\n|-damage|p2a: Blacephalon|0 fnt\n|faint|p2a: Blacephalon\n|\n|-heal|p1a: Hippowdon|17\/100|[from] item: Leftovers\n|upkeep\n|\n|t:|1659015657\n|switch|p2a: Excadrill|Excadrill, M, shiny|100\/100\n|turn|13\n|\n|t:|1659015659\n|switch|p1a: Buzzwole|Buzzwole|100\/100\n|move|p2a: Excadrill|Iron Head|p1a: Buzzwole\n|-damage|p1a: Buzzwole|77\/100\n|\n|upkeep\n|turn|14\n|\n|t:|1659015668\n|switch|p2a: Hippowdon|Hippowdon, F|100\/100\n|-weather|Sandstorm|[from] ability: Sand Stream|[of] p2a: Hippowdon\n|move|p1a: Buzzwole|Earthquake|p2a: Hippowdon\n|-damage|p2a: Hippowdon|81\/100\n|\n|-weather|Sandstorm|[upkeep]\n|-damage|p1a: Buzzwole|71\/100|[from] Sandstorm\n|-heal|p2a: Hippowdon|87\/100|[from] item: Leftovers\n|upkeep\n|turn|15\n|\n|t:|1659015673\n|switch|p1a: Toxapex|Toxapex, F|100\/100\n|-damage|p1a: Toxapex|88\/100|[from] Spikes\n|move|p2a: Hippowdon|Stealth Rock|p1a: Toxapex\n|-sidestart|p1: xasah\u2764bae|move: Stealth Rock\n|\n|-weather|Sandstorm|[upkeep]\n|-damage|p1a: Toxapex|82\/100|[from] Sandstorm\n|-heal|p2a: Hippowdon|93\/100|[from] item: Leftovers\n|upkeep\n|turn|16\n|\n|t:|1659015680\n|move|p2a: Hippowdon|Earthquake|p1a: Toxapex\n|-supereffective|p1a: Toxapex\n|-damage|p1a: Toxapex|38\/100\n|move|p1a: Toxapex|Recover|p1a: Toxapex\n|-heal|p1a: Toxapex|88\/100\n|\n|-weather|Sandstorm|[upkeep]\n|-damage|p1a: Toxapex|82\/100|[from] Sandstorm\n|-heal|p2a: Hippowdon|99\/100|[from] item: Leftovers\n|upkeep\n|turn|17\n|\n|t:|1659015683\n|switch|p2a: Excadrill|Excadrill, M, shiny|100\/100\n|move|p1a: Toxapex|Scald|p2a: Excadrill\n|-supereffective|p2a: Excadrill\n|-damage|p2a: Excadrill|61\/100\n|\n|-weather|Sandstorm|[upkeep]\n|-damage|p1a: Toxapex|76\/100|[from] Sandstorm\n|-heal|p2a: Excadrill|67\/100|[from] item: Leftovers\n|upkeep\n|turn|18\n|inactive|xasah\u2764bae has 120 seconds left.\n|\n|t:|1659015689\n|switch|p1a: Buzzwole|Buzzwole|71\/100\n|move|p2a: Excadrill|Earthquake|p1a: Buzzwole\n|-resisted|p1a: Buzzwole\n|-damage|p1a: Buzzwole|57\/100\n|\n|-weather|none\n|-heal|p2a: Excadrill|73\/100|[from] item: Leftovers\n|upkeep\n|turn|19\n|\n|t:|1659015691\n|switch|p2a: Clefable|Clefable, F|100\/100\n|move|p1a: Buzzwole|Roost|p1a: Buzzwole\n|-heal|p1a: Buzzwole|100\/100\n|-singleturn|p1a: Buzzwole|move: Roost\n|\n|upkeep\n|turn|20\n|\n|t:|1659015693\n|switch|p1a: Aegislash|Aegislash, M|100\/100\n|-damage|p1a: Aegislash|88\/100|[from] Spikes\n|-damage|p1a: Aegislash|82\/100|[from] Stealth Rock\n|move|p2a: Clefable|Calm Mind|p2a: Clefable\n|-boost|p2a: Clefable|spa|1\n|-boost|p2a: Clefable|spd|1\n|\n|-heal|p1a: Aegislash|88\/100|[from] item: Leftovers\n|upkeep\n|turn|21\n|\n|t:|1659015699\n|move|p2a: Clefable|Flamethrower|p1a: Aegislash\n|-supereffective|p1a: Aegislash\n|-damage|p1a: Aegislash|53\/100\n|move|p1a: Aegislash|Toxic|p2a: Clefable\n|-status|p2a: Clefable|tox\n|\n|-heal|p1a: Aegislash|59\/100|[from] item: Leftovers\n|upkeep\n|turn|22\n|\n|t:|1659015703\n|switch|p1a: Toxapex|Toxapex, F|100\/100\n|-damage|p1a: Toxapex|88\/100|[from] Spikes\n|-damage|p1a: Toxapex|76\/100|[from] Stealth Rock\n|move|p2a: Clefable|Calm Mind|p2a: Clefable\n|-boost|p2a: Clefable|spa|1\n|-boost|p2a: Clefable|spd|1\n|\n|upkeep\n|turn|23\n|\n|t:|1659015707\n|switch|p2a: Excadrill|Excadrill, M, shiny|73\/100\n|move|p1a: Toxapex|Haze|p1a: Toxapex\n|-clearallboost\n|\n|-heal|p2a: Excadrill|79\/100|[from] item: Leftovers\n|upkeep\n|turn|24\n|\n|t:|1659015711\n|move|p2a: Excadrill|Swords Dance|p2a: Excadrill\n|-boost|p2a: Excadrill|atk|2\n|move|p1a: Toxapex|Scald|p2a: Excadrill\n|-supereffective|p2a: Excadrill\n|-damage|p2a: Excadrill|40\/100\n|\n|-heal|p2a: Excadrill|46\/100|[from] item: Leftovers\n|upkeep\n|turn|25\n|\n|t:|1659015715\n|switch|p1a: Buzzwole|Buzzwole|100\/100\n|move|p2a: Excadrill|Iron Head|p1a: Buzzwole\n|-damage|p1a: Buzzwole|51\/100\n|\n|-heal|p2a: Excadrill|52\/100|[from] item: Leftovers\n|upkeep\n|turn|26\n|\n|t:|1659015719\n|move|p2a: Excadrill|Iron Head|p1a: Buzzwole\n|-damage|p1a: Buzzwole|1\/100\n|move|p1a: Buzzwole|Earthquake|p2a: Excadrill\n|-supereffective|p2a: Excadrill\n|-damage|p2a: Excadrill|0 fnt\n|faint|p2a: Excadrill\n|-ability|p1a: Buzzwole|Beast Boost|boost\n|-boost|p1a: Buzzwole|def|1\n|\n|upkeep\n|\n|t:|1659015722\n|switch|p2a: Clefable|Clefable, F|100\/100 tox\n|turn|27\n|\n|t:|1659015731\n|switch|p1a: Toxapex|Toxapex, F|100\/100\n|-damage|p1a: Toxapex|88\/100|[from] Spikes\n|-damage|p1a: Toxapex|76\/100|[from] Stealth Rock\n|move|p2a: Clefable|Moonblast|p1a: Toxapex\n|-resisted|p1a: Toxapex\n|-damage|p1a: Toxapex|62\/100\n|-unboost|p1a: Toxapex|spa|1\n|\n|upkeep\n|turn|28\n|\n|t:|1659015733\n|move|p2a: Clefable|Calm Mind|p2a: Clefable\n|-boost|p2a: Clefable|spa|1\n|-boost|p2a: Clefable|spd|1\n|move|p1a: Toxapex|Recover|p1a: Toxapex\n|-heal|p1a: Toxapex|100\/100\n|\n|upkeep\n|turn|29\n|\n|t:|1659015737\n|switch|p2a: Toxapex|Toxapex, F|100\/100\n|move|p1a: Toxapex|Haze|p1a: Toxapex\n|-clearallboost\n|\n|upkeep\n|turn|30\n|\n|t:|1659015741\n|move|p1a: Toxapex|Scald|p2a: Toxapex\n|-resisted|p2a: Toxapex\n|-damage|p2a: Toxapex|96\/100\n|-status|p2a: Toxapex|brn\n|move|p2a: Toxapex|Knock Off|p1a: Toxapex\n|-damage|p1a: Toxapex|98\/100\n|\n|-damage|p2a: Toxapex|90\/100 brn|[from] brn\n|upkeep\n|turn|31\n|\n|t:|1659015746\n|switch|p1a: Hippowdon|Hippowdon, M, shiny|17\/100\n|-damage|p1a: Hippowdon|5\/100|[from] Spikes\n|-damage|p1a: Hippowdon|0 fnt|[from] Stealth Rock\n|faint|p1a: Hippowdon\n|move|p2a: Toxapex|Knock Off|p1: Hippowdon|[notarget]\n|-fail|p2a: Toxapex\n|\n|-damage|p2a: Toxapex|84\/100 brn|[from] brn\n|upkeep\n|\n|t:|1659015747\n|switch|p1a: Tapu Lele|Tapu Lele|100\/100\n|-damage|p1a: Tapu Lele|88\/100|[from] Spikes\n|-damage|p1a: Tapu Lele|76\/100|[from] Stealth Rock\n|-fieldstart|move: Psychic Terrain|[from] ability: Psychic Surge|[of] p1a: Tapu Lele\n|turn|32\n|\n|t:|1659015750\n|switch|p2a: Hippowdon|Hippowdon, F|99\/100\n|-weather|Sandstorm|[from] ability: Sand Stream|[of] p2a: Hippowdon\n|move|p1a: Tapu Lele|Psychic|p2a: Hippowdon\n|-damage|p2a: Hippowdon|26\/100\n|\n|-weather|Sandstorm|[upkeep]\n|-damage|p1a: Tapu Lele|70\/100|[from] Sandstorm\n|-heal|p2a: Hippowdon|33\/100|[from] item: Leftovers\n|upkeep\n|turn|33\n|\n|t:|1659015753\n|move|p1a: Tapu Lele|Psychic|p2a: Hippowdon\n|-damage|p2a: Hippowdon|0 fnt\n|faint|p2a: Hippowdon\n|\n|-weather|Sandstorm|[upkeep]\n|-damage|p1a: Tapu Lele|63\/100|[from] Sandstorm\n|upkeep\n|\n|t:|1659015754\n|switch|p2a: Clefable|Clefable, F|100\/100 tox\n|turn|34\n|\n|t:|1659015755\n|move|p1a: Tapu Lele|Psychic|p2a: Clefable\n|-damage|p2a: Clefable|18\/100 tox\n|move|p2a: Clefable|Moonblast|p1a: Tapu Lele\n|-damage|p1a: Tapu Lele|33\/100\n|\n|-weather|Sandstorm|[upkeep]\n|-damage|p1a: Tapu Lele|26\/100|[from] Sandstorm\n|-heal|p2a: Clefable|24\/100 tox|[from] item: Leftovers\n|upkeep\n|turn|35\n|-message|LT91BBe forfeited.\n|\n|win|xasah\u2764bae\n|raw|xasah\u2764bae's rating: 1627 &rarr; <strong>1649<\/strong><br \/>(+22 for winning)\n|raw|LT91BBe's rating: 1668 &rarr; <strong>1646<\/strong><br \/>(-22 for losing)\n|l|\u2606LT91BBe\n","uploadtime":1659015764,"views":128,"p1id":"xasahbae","p2id":"lt91bbe","formatid":"gen8ou","rating":1646,"private":0,"password":null}