{"id":"gen8ou-1671432121","p1":"misplayin","p2":"minimax_ai","format":"gen8ou","log":"|j|\u2606misplayin\n|j|\u2606minimax_ai\n|t:|1663938883\n|gametype|singles\n|player|p1|misplayin|bugsy|1613\n|player|p2|minimax_ai|lusamine-nihilego|1604\n|teamsize|p1|6\n|teamsize|p2|6\n|gen|8\n|tier|[Gen 8] OU\n|rated|\n|rule|Sleep Clause Mod: Limit one foe put to sleep\n|rule|Species Clause: Limit one of each Pok\u00e9mon\n|rule|OHKO Clause: OHKO moves are banned\n|rule|Evasion Items Clause: Evasion items are banned\n|rule|Evasion Moves Clause: Evasion moves are banned\n|rule|Endless Battle Clause: Forcing endless battles is banned\n|rule|HP Percentage Mod: HP is shown in percentages\n|rule|Dynamax Clause: You cannot dynamax\n|clearpoke\n|poke|p1|Azumarill, F|\n|poke|p1|Gengar, M|\n|poke|p1|Garchomp, F|\n|poke|p1|Tornadus-Therian, M|\n|poke|p1|Landorus-Therian, M|\n|poke|p1|Buzzwole|\n|poke|p2|Rotom-Wash|\n|poke|p2|Weavile, M|\n|poke|p2|Landorus-Therian, M|\n|poke|p2|Heatran, M|\n|poke|p2|Tangrowth, M|\n|poke|p2|Melmetal|\n|teampreview\n|inactive|Battle timer is ON: inactive players will automatically lose when time's up. (requested by misplayin)\n|c|\u2606minimax_ai|hf\n|inactive|minimax_ai also wants the timer to be on.\n|c|\u2606misplayin|u2 friend #\n|\n|t:|1663938897\n|start\n|switch|p1a: Azumarill|Azumarill, F|100\/100\n|switch|p2a: landorustherian|Landorus-Therian, M|100\/100\n|-ability|p2a: landorustherian|Intimidate|boost\n|-unboost|p1a: Azumarill|atk|1\n|turn|1\n|\n|t:|1663938904\n|switch|p2a: Melmetal|Melmetal|100\/100\n|move|p1a: Azumarill|Play Rough|p2a: Melmetal\n|-resisted|p2a: Melmetal\n|-damage|p2a: Melmetal|85\/100\n|-unboost|p2a: Melmetal|atk|1\n|\n|upkeep\n|turn|2\n|\n|t:|1663938914\n|switch|p1a: Buzzwole|Buzzwole|100\/100\n|switch|p2a: Tangrowth|Tangrowth, M|100\/100\n|\n|upkeep\n|turn|3\n|\n|t:|1663938922\n|switch|p1a: Tornadus|Tornadus-Therian, M|100\/100\n|move|p2a: Tangrowth|Sleep Powder|p1a: Tornadus\n|-status|p1a: Tornadus|slp|[from] move: Sleep Powder\n|\n|upkeep\n|turn|4\n|\n|t:|1663938929\n|switch|p2a: landorustherian|Landorus-Therian, M|100\/100\n|-ability|p2a: landorustherian|Intimidate|boost\n|-unboost|p1a: Tornadus|atk|1\n|cant|p1a: Tornadus|slp\n|\n|upkeep\n|turn|5\n|\n|t:|1663938934\n|switch|p1a: Azumarill|Azumarill, F|100\/100\n|move|p2a: landorustherian|Toxic|p1a: Azumarill\n|-status|p1a: Azumarill|tox\n|\n|-damage|p1a: Azumarill|94\/100 tox|[from] psn\n|upkeep\n|turn|6\n|\n|t:|1663938937\n|switch|p2a: Tangrowth|Tangrowth, M|100\/100\n|move|p1a: Azumarill|Play Rough|p2a: Tangrowth\n|-damage|p2a: Tangrowth|56\/100\n|-damage|p1a: Azumarill|78\/100 tox|[from] item: Rocky Helmet|[of] p2a: Tangrowth\n|\n|-damage|p1a: Azumarill|65\/100 tox|[from] psn\n|upkeep\n|turn|7\n|\n|t:|1663938944\n|switch|p1a: Tornadus|Tornadus-Therian, M|100\/100 slp\n|move|p2a: Tangrowth|Giga Drain|p1a: Tornadus\n|-resisted|p1a: Tornadus\n|-damage|p1a: Tornadus|92\/100 slp\n|-heal|p2a: Tangrowth|60\/100|[from] drain|[of] p1a: Tornadus\n|\n|upkeep\n|turn|8\n|\n|t:|1663938949\n|switch|p2a: rotomwash|Rotom-Wash|100\/100\n|-curestatus|p1a: Tornadus|slp|[msg]\n|move|p1a: Tornadus|U-turn|p2a: rotomwash\n|-damage|p2a: rotomwash|85\/100\n|\n|t:|1663938955\n|switch|p1a: Garchomp|Garchomp, F|100\/100|[from]move: U-turn\n|\n|-heal|p2a: rotomwash|91\/100|[from] item: Leftovers\n|upkeep\n|turn|9\n|\n|t:|1663938957\n|move|p2a: rotomwash|Hydro Pump|p1a: Garchomp\n|-damage|p1a: Garchomp|71\/100\n|move|p1a: Garchomp|Toxic|p2a: rotomwash\n|-status|p2a: rotomwash|tox\n|\n|-heal|p2a: rotomwash|98\/100 tox|[from] item: Leftovers\n|-heal|p1a: Garchomp|77\/100|[from] item: Leftovers\n|-damage|p2a: rotomwash|91\/100 tox|[from] psn\n|upkeep\n|turn|10\n|\n|t:|1663938961\n|move|p2a: rotomwash|Nasty Plot|p2a: rotomwash\n|-boost|p2a: rotomwash|spa|2\n|move|p1a: Garchomp|Stealth Rock|p2a: rotomwash\n|-sidestart|p2: minimax_ai|move: Stealth Rock\n|\n|-heal|p2a: rotomwash|98\/100 tox|[from] item: Leftovers\n|-heal|p1a: Garchomp|83\/100|[from] item: Leftovers\n|-damage|p2a: rotomwash|85\/100 tox|[from] psn\n|upkeep\n|turn|11\n|\n|t:|1663938965\n|switch|p1a: Tornadus|Tornadus-Therian, M|100\/100\n|move|p2a: rotomwash|Hydro Pump|p1a: Tornadus\n|-damage|p1a: Tornadus|42\/100\n|\n|-heal|p2a: rotomwash|91\/100 tox|[from] item: Leftovers\n|-damage|p2a: rotomwash|73\/100 tox|[from] psn\n|upkeep\n|turn|12\n|\n|t:|1663938970\n|move|p1a: Tornadus|U-turn|p2a: rotomwash\n|-damage|p2a: rotomwash|57\/100 tox\n|\n|t:|1663938972\n|switch|p1a: Garchomp|Garchomp, F|83\/100|[from]move: U-turn\n|move|p2a: rotomwash|Hydro Pump|p1a: Garchomp\n|-damage|p1a: Garchomp|23\/100\n|\n|-heal|p2a: rotomwash|63\/100 tox|[from] item: Leftovers\n|-heal|p1a: Garchomp|29\/100|[from] item: Leftovers\n|-damage|p2a: rotomwash|38\/100 tox|[from] psn\n|upkeep\n|turn|13\n|\n|t:|1663938977\n|move|p1a: Garchomp|Protect|p1a: Garchomp\n|-singleturn|p1a: Garchomp|Protect\n|move|p2a: rotomwash|Hydro Pump|p1a: Garchomp\n|-activate|p1a: Garchomp|move: Protect\n|\n|-heal|p2a: rotomwash|44\/100 tox|[from] item: Leftovers\n|-heal|p1a: Garchomp|35\/100|[from] item: Leftovers\n|-damage|p2a: rotomwash|13\/100 tox|[from] psn\n|upkeep\n|turn|14\n|\n|t:|1663938982\n|switch|p1a: Tornadus|Tornadus-Therian, M|75\/100\n|move|p2a: rotomwash|Hydro Pump|p1a: Tornadus\n|-damage|p1a: Tornadus|21\/100\n|\n|-heal|p2a: rotomwash|19\/100 tox|[from] item: Leftovers\n|-damage|p2a: rotomwash|0 fnt|[from] psn\n|faint|p2a: rotomwash\n|upkeep\n|\n|t:|1663938982\n|switch|p2a: Melmetal|Melmetal|85\/100\n|-damage|p2a: Melmetal|79\/100|[from] Stealth Rock\n|turn|15\n|\n|t:|1663938987\n|move|p1a: Tornadus|U-turn|p2a: Melmetal\n|-resisted|p2a: Melmetal\n|-damage|p2a: Melmetal|75\/100\n|\n|t:|1663938989\n|switch|p1a: Buzzwole|Buzzwole|100\/100|[from]move: U-turn\n|move|p2a: Melmetal|Thunder Punch|p1a: Buzzwole\n|-damage|p1a: Buzzwole|82\/100\n|-damage|p2a: Melmetal|58\/100|[from] item: Rocky Helmet|[of] p1a: Buzzwole\n|\n|upkeep\n|turn|16\n|\n|t:|1663938997\n|switch|p2a: Tangrowth|Tangrowth, M|93\/100\n|-damage|p2a: Tangrowth|81\/100|[from] Stealth Rock\n|move|p1a: Buzzwole|Toxic|p2a: Tangrowth\n|-status|p2a: Tangrowth|tox\n|\n|-damage|p2a: Tangrowth|75\/100 tox|[from] psn\n|upkeep\n|turn|17\n|\n|t:|1663939005\n|switch|p1a: Azumarill|Azumarill, F|65\/100 tox\n|move|p2a: Tangrowth|Sleep Powder||[still]\n|-fail|p2a: Tangrowth\n|\n|-damage|p1a: Azumarill|59\/100 tox|[from] psn\n|-damage|p2a: Tangrowth|62\/100 tox|[from] psn\n|upkeep\n|turn|18\n|\n|t:|1663939008\n|switch|p1a: Tornadus|Tornadus-Therian, M|54\/100\n|move|p2a: Tangrowth|Giga Drain|p1a: Tornadus\n|-resisted|p1a: Tornadus\n|-damage|p1a: Tornadus|46\/100\n|-heal|p2a: Tangrowth|66\/100 tox|[from] drain|[of] p1a: Tornadus\n|\n|-damage|p2a: Tangrowth|48\/100 tox|[from] psn\n|upkeep\n|turn|19\n|\n|t:|1663939011\n|switch|p2a: landorustherian|Landorus-Therian, M|100\/100\n|-damage|p2a: landorustherian|88\/100|[from] Stealth Rock\n|-ability|p2a: landorustherian|Intimidate|boost\n|-unboost|p1a: Tornadus|atk|1\n|move|p1a: Tornadus|U-turn|p2a: landorustherian\n|-resisted|p2a: landorustherian\n|-damage|p2a: landorustherian|84\/100\n|\n|t:|1663939014\n|switch|p1a: Azumarill|Azumarill, F|59\/100 tox|[from]move: U-turn\n|\n|-heal|p2a: landorustherian|90\/100|[from] item: Leftovers\n|-damage|p1a: Azumarill|53\/100 tox|[from] psn\n|upkeep\n|turn|20\n|\n|t:|1663939020\n|switch|p2a: Tangrowth|Tangrowth, M|81\/100 tox\n|-damage|p2a: Tangrowth|68\/100 tox|[from] Stealth Rock\n|move|p1a: Azumarill|Play Rough|p2a: Tangrowth\n|-damage|p2a: Tangrowth|26\/100 tox\n|-damage|p1a: Azumarill|36\/100 tox|[from] item: Rocky Helmet|[of] p2a: Tangrowth\n|\n|-damage|p1a: Azumarill|24\/100 tox|[from] psn\n|-damage|p2a: Tangrowth|20\/100 tox|[from] psn\n|upkeep\n|turn|21\n|\n|t:|1663939026\n|switch|p2a: Heatran|Heatran, M|100\/100\n|-damage|p2a: Heatran|88\/100|[from] Stealth Rock\n|-item|p2a: Heatran|Air Balloon\n|move|p1a: Azumarill|Play Rough|p2a: Heatran\n|-resisted|p2a: Heatran\n|-crit|p2a: Heatran\n|-damage|p2a: Heatran|54\/100\n|-unboost|p2a: Heatran|atk|1\n|-enditem|p2a: Heatran|Air Balloon\n|\n|-damage|p1a: Azumarill|5\/100 tox|[from] psn\n|upkeep\n|turn|22\n|\n|t:|1663939034\n|move|p2a: Heatran|Stealth Rock|p1a: Azumarill\n|-sidestart|p1: misplayin|move: Stealth Rock\n|move|p1a: Azumarill|Play Rough|p2a: Heatran\n|-resisted|p2a: Heatran\n|-damage|p2a: Heatran|32\/100\n|\n|-damage|p1a: Azumarill|0 fnt|[from] psn\n|faint|p1a: Azumarill\n|upkeep\n|\n|t:|1663939048\n|switch|p1a: Landorus|Landorus-Therian, M|100\/100\n|-damage|p1a: Landorus|88\/100|[from] Stealth Rock\n|-ability|p1a: Landorus|Intimidate|boost\n|-unboost|p2a: Heatran|atk|1\n|turn|23\n|\n|t:|1663939049\n|switch|p2a: Tangrowth|Tangrowth, M|53\/100 tox\n|-damage|p2a: Tangrowth|41\/100 tox|[from] Stealth Rock\n|move|p1a: Landorus|Knock Off|p2a: Tangrowth\n|-damage|p2a: Tangrowth|24\/100 tox\n|-damage|p1a: Landorus|72\/100|[from] item: Rocky Helmet|[of] p2a: Tangrowth\n|-enditem|p2a: Tangrowth|Rocky Helmet|[from] move: Knock Off|[of] p1a: Landorus\n|\n|-heal|p1a: Landorus|78\/100|[from] item: Leftovers\n|-damage|p2a: Tangrowth|18\/100 tox|[from] psn\n|upkeep\n|turn|24\n|\n|t:|1663939053\n|switch|p2a: landorustherian|Landorus-Therian, M|90\/100\n|-damage|p2a: landorustherian|77\/100|[from] Stealth Rock\n|-ability|p2a: landorustherian|Intimidate|boost\n|-unboost|p1a: Landorus|atk|1\n|move|p1a: Landorus|U-turn|p2a: landorustherian\n|-resisted|p2a: landorustherian\n|-damage|p2a: landorustherian|70\/100\n|\n|t:|1663939057\n|switch|p1a: Buzzwole|Buzzwole|82\/100|[from]move: U-turn\n|-damage|p1a: Buzzwole|69\/100|[from] Stealth Rock\n|\n|-heal|p2a: landorustherian|76\/100|[from] item: Leftovers\n|upkeep\n|turn|25\n|\n|t:|1663939061\n|switch|p2a: Tangrowth|Tangrowth, M|51\/100 tox\n|-damage|p2a: Tangrowth|38\/100 tox|[from] Stealth Rock\n|move|p1a: Buzzwole|Roost|p1a: Buzzwole\n|-heal|p1a: Buzzwole|100\/100\n|-singleturn|p1a: Buzzwole|move: Roost\n|\n|-damage|p2a: Tangrowth|32\/100 tox|[from] psn\n|upkeep\n|turn|26\n|\n|t:|1663939064\n|switch|p1a: Garchomp|Garchomp, F|35\/100\n|-damage|p1a: Garchomp|29\/100|[from] Stealth Rock\n|move|p2a: Tangrowth|Giga Drain|p1a: Garchomp\n|-damage|p1a: Garchomp|7\/100\n|-heal|p2a: Tangrowth|44\/100 tox|[from] drain|[of] p1a: Garchomp\n|\n|-heal|p1a: Garchomp|13\/100|[from] item: Leftovers\n|-damage|p2a: Tangrowth|31\/100 tox|[from] psn\n|upkeep\n|turn|27\n|\n|t:|1663939066\n|switch|p2a: landorustherian|Landorus-Therian, M|76\/100\n|-damage|p2a: landorustherian|63\/100|[from] Stealth Rock\n|-ability|p2a: landorustherian|Intimidate|boost\n|-unboost|p1a: Garchomp|atk|1\n|move|p1a: Garchomp|Protect||[still]\n|-fail|p1a: Garchomp\n|\n|-heal|p1a: Garchomp|20\/100|[from] item: Leftovers\n|-heal|p2a: landorustherian|70\/100|[from] item: Leftovers\n|upkeep\n|turn|28\n|\n|t:|1663939069\n|move|p1a: Garchomp|Protect|p1a: Garchomp\n|-singleturn|p1a: Garchomp|Protect\n|move|p2a: landorustherian|Toxic|p1a: Garchomp\n|-activate|p1a: Garchomp|move: Protect\n|\n|-heal|p1a: Garchomp|26\/100|[from] item: Leftovers\n|-heal|p2a: landorustherian|76\/100|[from] item: Leftovers\n|upkeep\n|turn|29\n|\n|t:|1663939071\n|move|p1a: Garchomp|Toxic|p2a: landorustherian\n|-status|p2a: landorustherian|tox\n|move|p2a: landorustherian|Toxic|p1a: Garchomp\n|-status|p1a: Garchomp|tox\n|\n|-heal|p1a: Garchomp|32\/100 tox|[from] item: Leftovers\n|-heal|p2a: landorustherian|82\/100 tox|[from] item: Leftovers\n|-damage|p1a: Garchomp|26\/100 tox|[from] psn\n|-damage|p2a: landorustherian|76\/100 tox|[from] psn\n|upkeep\n|turn|30\n|\n|t:|1663939075\n|switch|p1a: Landorus|Landorus-Therian, M|78\/100\n|-damage|p1a: Landorus|65\/100|[from] Stealth Rock\n|-ability|p1a: Landorus|Intimidate|boost\n|-unboost|p2a: landorustherian|atk|1\n|move|p2a: landorustherian|Toxic|p1a: Landorus\n|-status|p1a: Landorus|tox\n|\n|-heal|p1a: Landorus|71\/100 tox|[from] item: Leftovers\n|-heal|p2a: landorustherian|82\/100 tox|[from] item: Leftovers\n|-damage|p1a: Landorus|65\/100 tox|[from] psn\n|-damage|p2a: landorustherian|70\/100 tox|[from] psn\n|upkeep\n|turn|31\n|\n|t:|1663939078\n|switch|p2a: Tangrowth|Tangrowth, M|64\/100 tox\n|-damage|p2a: Tangrowth|52\/100 tox|[from] Stealth Rock\n|move|p1a: Landorus|Knock Off|p2a: Tangrowth\n|-damage|p2a: Tangrowth|41\/100 tox\n|\n|-heal|p1a: Landorus|71\/100 tox|[from] item: Leftovers\n|-damage|p1a: Landorus|59\/100 tox|[from] psn\n|-damage|p2a: Tangrowth|35\/100 tox|[from] psn\n|upkeep\n|turn|32\n|\n|t:|1663939080\n|move|p1a: Landorus|U-turn|p2a: Tangrowth\n|-supereffective|p2a: Tangrowth\n|-damage|p2a: Tangrowth|10\/100 tox\n|\n|t:|1663939082\n|switch|p1a: Tornadus|Tornadus-Therian, M|79\/100|[from]move: U-turn\n|-damage|p1a: Tornadus|54\/100|[from] Stealth Rock\n|move|p2a: Tangrowth|Giga Drain|p1a: Tornadus\n|-resisted|p1a: Tornadus\n|-damage|p1a: Tornadus|45\/100\n|-heal|p2a: Tangrowth|14\/100 tox|[from] drain|[of] p1a: Tornadus\n|\n|-damage|p2a: Tangrowth|2\/100 tox|[from] psn\n|upkeep\n|turn|33\n|\n|t:|1663939086\n|switch|p2a: Heatran|Heatran, M|32\/100\n|-damage|p2a: Heatran|20\/100|[from] Stealth Rock\n|move|p1a: Tornadus|Knock Off|p2a: Heatran\n|-damage|p2a: Heatran|7\/100\n|\n|upkeep\n|turn|34\n|\n|t:|1663939090\n|move|p1a: Tornadus|Knock Off|p2a: Heatran\n|-damage|p2a: Heatran|0 fnt\n|faint|p2a: Heatran\n|\n|upkeep\n|\n|t:|1663939090\n|switch|p2a: Tangrowth|Tangrowth, M|35\/100 tox\n|-damage|p2a: Tangrowth|23\/100 tox|[from] Stealth Rock\n|turn|35\n|\n|t:|1663939093\n|switch|p2a: Melmetal|Melmetal|58\/100\n|-damage|p2a: Melmetal|52\/100|[from] Stealth Rock\n|move|p1a: Tornadus|Heat Wave|p2a: Melmetal\n|-supereffective|p2a: Melmetal\n|-damage|p2a: Melmetal|29\/100\n|\n|upkeep\n|turn|36\n|\n|t:|1663939097\n|move|p1a: Tornadus|U-turn|p2a: Melmetal\n|-resisted|p2a: Melmetal\n|-damage|p2a: Melmetal|24\/100\n|\n|t:|1663939100\n|switch|p1a: Garchomp|Garchomp, F|26\/100 tox|[from]move: U-turn\n|-damage|p1a: Garchomp|20\/100 tox|[from] Stealth Rock\n|move|p2a: Melmetal|Thunder Punch|p1a: Garchomp\n|-immune|p1a: Garchomp\n|\n|-heal|p1a: Garchomp|26\/100 tox|[from] item: Leftovers\n|-damage|p1a: Garchomp|20\/100 tox|[from] psn\n|upkeep\n|turn|37\n|\n|t:|1663939109\n|switch|p2a: Tangrowth|Tangrowth, M|56\/100 tox\n|-damage|p2a: Tangrowth|43\/100 tox|[from] Stealth Rock\n|move|p1a: Garchomp|Earthquake|p2a: Tangrowth\n|-resisted|p2a: Tangrowth\n|-damage|p2a: Tangrowth|31\/100 tox\n|\n|-heal|p1a: Garchomp|26\/100 tox|[from] item: Leftovers\n|-damage|p1a: Garchomp|13\/100 tox|[from] psn\n|-damage|p2a: Tangrowth|25\/100 tox|[from] psn\n|upkeep\n|turn|38\n|\n|t:|1663939115\n|switch|p1a: Tornadus|Tornadus-Therian, M|78\/100\n|-damage|p1a: Tornadus|54\/100|[from] Stealth Rock\n|switch|p2a: landorustherian|Landorus-Therian, M|70\/100 tox\n|-damage|p2a: landorustherian|57\/100 tox|[from] Stealth Rock\n|-ability|p2a: landorustherian|Intimidate|boost\n|-unboost|p1a: Tornadus|atk|1\n|\n|-heal|p2a: landorustherian|63\/100 tox|[from] item: Leftovers\n|-damage|p2a: landorustherian|57\/100 tox|[from] psn\n|upkeep\n|turn|39\n|\n|t:|1663939119\n|switch|p2a: Tangrowth|Tangrowth, M|58\/100 tox\n|-damage|p2a: Tangrowth|46\/100 tox|[from] Stealth Rock\n|move|p1a: Tornadus|Hurricane|p2a: Tangrowth\n|-supereffective|p2a: Tangrowth\n|-damage|p2a: Tangrowth|0 fnt\n|faint|p2a: Tangrowth\n|\n|upkeep\n|\n|t:|1663939119\n|switch|p2a: Weavile|Weavile, M|100\/100\n|-damage|p2a: Weavile|76\/100|[from] Stealth Rock\n|-ability|p2a: Weavile|Pressure\n|turn|40\n|\n|t:|1663939123\n|switch|p2a: landorustherian|Landorus-Therian, M|57\/100 tox\n|-damage|p2a: landorustherian|45\/100 tox|[from] Stealth Rock\n|-ability|p2a: landorustherian|Intimidate|boost\n|-unboost|p1a: Tornadus|atk|1\n|move|p1a: Tornadus|Heat Wave|p2a: landorustherian\n|-damage|p2a: landorustherian|28\/100 tox\n|\n|-heal|p2a: landorustherian|34\/100 tox|[from] item: Leftovers\n|-damage|p2a: landorustherian|28\/100 tox|[from] psn\n|upkeep\n|turn|41\n|\n|t:|1663939126\n|move|p1a: Tornadus|Hurricane|p2a: landorustherian\n|-damage|p2a: landorustherian|0 fnt\n|faint|p2a: landorustherian\n|\n|upkeep\n|\n|t:|1663939126\n|switch|p2a: Melmetal|Melmetal|24\/100\n|-damage|p2a: Melmetal|18\/100|[from] Stealth Rock\n|turn|42\n|\n|t:|1663939128\n|move|p1a: Tornadus|Heat Wave|p2a: Melmetal\n|-supereffective|p2a: Melmetal\n|-damage|p2a: Melmetal|0 fnt\n|faint|p2a: Melmetal\n|\n|upkeep\n|\n|t:|1663939128\n|switch|p2a: Weavile|Weavile, M|76\/100\n|-damage|p2a: Weavile|51\/100|[from] Stealth Rock\n|-ability|p2a: Weavile|Pressure\n|turn|43\n|\n|t:|1663939131\n|move|p2a: Weavile|Triple Axel|p1a: Tornadus\n|-supereffective|p1a: Tornadus\n|-damage|p1a: Tornadus|19\/100\n|-supereffective|p1a: Tornadus\n|-damage|p1a: Tornadus|0 fnt\n|faint|p1a: Tornadus\n|-hitcount|p1: Tornadus|2\n|\n|upkeep\n|\n|t:|1663939132\n|switch|p1a: Buzzwole|Buzzwole|100\/100\n|-damage|p1a: Buzzwole|88\/100|[from] Stealth Rock\n|turn|44\n|\n|t:|1663939135\n|move|p2a: Weavile|Triple Axel|p1a: Buzzwole\n|-damage|p1a: Buzzwole|81\/100\n|-damage|p2a: Weavile|34\/100|[from] item: Rocky Helmet|[of] p1a: Buzzwole\n|-damage|p1a: Buzzwole|65\/100\n|-damage|p2a: Weavile|18\/100|[from] item: Rocky Helmet|[of] p1a: Buzzwole\n|-crit|p1a: Buzzwole\n|-damage|p1a: Buzzwole|32\/100\n|-damage|p2a: Weavile|2\/100|[from] item: Rocky Helmet|[of] p1a: Buzzwole\n|-hitcount|p1a: Buzzwole|3\n|move|p1a: Buzzwole|Close Combat|p2a: Weavile\n|-supereffective|p2a: Weavile\n|-damage|p2a: Weavile|0 fnt\n|-unboost|p1a: Buzzwole|def|1\n|-unboost|p1a: Buzzwole|spd|1\n|faint|p2a: Weavile\n|\n|win|misplayin\n|raw|misplayin's rating: 1613 &rarr; <strong>1632<\/strong><br \/>(+19 for winning)\n|raw|minimax_ai's rating: 1604 &rarr; <strong>1585<\/strong><br \/>(-19 for losing)\n|c|\u2606minimax_ai|gg\n|c|\u2606misplayin|gg\n|l|\u2606minimax_ai\n|l|\u2606misplayin\n||Ladder isn't responding, score probably updated but might not have (Request timeout).\n|j|\u2606misplayin\n|player|p1|misplayin|bugsy\n","uploadtime":1663939138,"views":28,"p1id":"misplayin","p2id":"minimaxai","formatid":"gen8ou","rating":1585,"private":0,"password":null}