{"id":"gen8ou-1563732821","p1":"IronFlashGaming","p2":"Sombra Diurna","format":"gen8ou","log":"|j|\u2606IronFlashGaming\n|j|\u2606Sombra Diurna\n|t:|1651205157\n|gametype|singles\n|player|p1|IronFlashGaming|ltsurge|1683\n|player|p2|Sombra Diurna|chili|1716\n|teamsize|p1|6\n|teamsize|p2|6\n|gen|8\n|tier|[Gen 8] OU\n|rated|\n|rule|Sleep Clause Mod: Limit one foe put to sleep\n|rule|Species Clause: Limit one of each Pok\u00e9mon\n|rule|OHKO Clause: OHKO moves are banned\n|rule|Evasion Moves Clause: Evasion moves are banned\n|rule|Endless Battle Clause: Forcing endless battles is banned\n|rule|HP Percentage Mod: HP is shown in percentages\n|rule|Dynamax Clause: You cannot dynamax\n|clearpoke\n|poke|p1|Tyranitar, F|\n|poke|p1|Tyrantrum, F|\n|poke|p1|Dracozolt|\n|poke|p1|Bagon, M|\n|poke|p1|Tyrunt, F|\n|poke|p1|Garchomp, M|\n|poke|p2|Slowbro, M|\n|poke|p2|Hatterene, F|\n|poke|p2|Marowak-Alola, M|\n|poke|p2|Ferrothorn, M|\n|poke|p2|Garchomp, F|\n|poke|p2|Drampa, F|\n|teampreview\n|\n|t:|1651205181\n|start\n|switch|p1a: Tyrunt|Tyrunt, F|100\/100\n|switch|p2a: Thorns|Ferrothorn, M|100\/100\n|turn|1\n|\n|t:|1651205190\n|move|p1a: Tyrunt|Stealth Rock|p2a: Thorns\n|-sidestart|p2: Sombra Diurna|move: Stealth Rock\n|move|p2a: Thorns|Stealth Rock|p1a: Tyrunt\n|-sidestart|p1: IronFlashGaming|move: Stealth Rock\n|\n|upkeep\n|turn|2\n|\n|t:|1651205198\n|move|p1a: Tyrunt|Dragon Dance|p1a: Tyrunt\n|-boost|p1a: Tyrunt|atk|1\n|-boost|p1a: Tyrunt|spe|1\n|move|p2a: Thorns|Leech Seed|p1a: Tyrunt\n|-start|p1a: Tyrunt|move: Leech Seed\n|\n|-damage|p1a: Tyrunt|88\/100|[from] Leech Seed|[of] p2a: Thorns\n|upkeep\n|turn|3\n|\n|t:|1651205205\n|switch|p2a: Sonso|Slowbro, M|100\/100\n|-damage|p2a: Sonso|88\/100|[from] Stealth Rock\n|move|p1a: Tyrunt|Stone Edge|p2a: Sonso|[miss]\n|-miss|p1a: Tyrunt|p2a: Sonso\n|\n|-damage|p1a: Tyrunt|76\/100|[from] Leech Seed|[of] p2a: Sonso\n|-heal|p2a: Sonso|96\/100|[silent]\n|upkeep\n|turn|4\n|j| JJ09LIE\n|j| gkugkukl\n|\n|t:|1651205217\n|move|p1a: Tyrunt|Stone Edge|p2a: Sonso|[miss]\n|-miss|p1a: Tyrunt|p2a: Sonso\n|move|p2a: Sonso|Scald|p1a: Tyrunt\n|-damage|p1a: Tyrunt|28\/100\n|\n|-damage|p1a: Tyrunt|15\/100|[from] Leech Seed|[of] p2a: Sonso\n|-heal|p2a: Sonso|100\/100|[silent]\n|upkeep\n|turn|5\n|j| aquavanilla\n|l| aquavanilla\n|\n|t:|1651205225\n|move|p1a: Tyrunt|Stone Edge|p2a: Sonso|[miss]\n|-miss|p1a: Tyrunt|p2a: Sonso\n|move|p2a: Sonso|Trick Room|p2a: Sonso\n|-fieldstart|move: Trick Room|[of] p2a: Sonso\n|\n|-damage|p1a: Tyrunt|3\/100|[from] Leech Seed|[of] p2a: Sonso\n|upkeep\n|turn|6\n|inactive|Battle timer is ON: inactive players will automatically lose when time's up. (requested by IronFlashGaming)\n|c| JJ09LIE|\u2026\n|\n|t:|1651205235\n|switch|p2a: Thorns|Ferrothorn, M|100\/100\n|-damage|p2a: Thorns|94\/100|[from] Stealth Rock\n|move|p1a: Tyrunt|Dragon Claw|p2a: Thorns\n|-resisted|p2a: Thorns\n|-damage|p2a: Thorns|75\/100\n|-damage|p1a: Tyrunt|0 fnt|[from] ability: Iron Barbs|[of] p2a: Thorns\n|faint|p1a: Tyrunt\n|\n|-heal|p2a: Thorns|82\/100|[from] item: Leftovers\n|upkeep\n|\n|t:|1651205247\n|switch|p1a: Tyranitar|Tyranitar, F|100\/100\n|-damage|p1a: Tyranitar|88\/100|[from] Stealth Rock\n|-weather|Sandstorm|[from] ability: Sand Stream|[of] p1a: Tyranitar\n|turn|7\n|\n|t:|1651205252\n|move|p2a: Thorns|Gyro Ball|p1a: Tyranitar\n|-supereffective|p1a: Tyranitar\n|-damage|p1a: Tyranitar|39\/100\n|move|p1a: Tyranitar|Fire Punch|p2a: Thorns\n|-supereffective|p2a: Thorns\n|-damage|p2a: Thorns|0 fnt\n|-damage|p1a: Tyranitar|27\/100|[from] ability: Iron Barbs|[of] p2a: Thorns\n|faint|p2a: Thorns\n|\n|-weather|Sandstorm|[upkeep]\n|upkeep\n|\n|t:|1651205268\n|switch|p2a: Falko|Drampa, F|100\/100\n|-damage|p2a: Falko|88\/100|[from] Stealth Rock\n|turn|8\n|\n|t:|1651205274\n|switch|p1a: Bagon|Bagon, M|100\/100\n|-damage|p1a: Bagon|88\/100|[from] Stealth Rock\n|move|p2a: Falko|Ice Beam|p1a: Bagon\n|-supereffective|p1a: Bagon\n|-damage|p1a: Bagon|4\/100\n|\n|-weather|Sandstorm|[upkeep]\n|-damage|p2a: Falko|82\/100|[from] Sandstorm\n|-damage|p1a: Bagon|0 fnt|[from] Sandstorm\n|faint|p1a: Bagon\n|upkeep\n|\n|t:|1651205288\n|switch|p1a: Tyrantrum|Tyrantrum, F|100\/100\n|-damage|p1a: Tyrantrum|88\/100|[from] Stealth Rock\n|turn|9\n|\n|t:|1651205296\n|move|p2a: Falko|Ice Beam|p1a: Tyrantrum\n|-supereffective|p1a: Tyrantrum\n|-damage|p1a: Tyrantrum|2\/100\n|move|p1a: Tyrantrum|Head Smash|p2a: Falko\n|-damage|p2a: Falko|0 fnt\n|faint|p2a: Falko\n|\n|-weather|Sandstorm|[upkeep]\n|-fieldend|move: Trick Room\n|upkeep\n|\n|t:|1651205312\n|switch|p2a: Sharpo|Garchomp, F|100\/100\n|-damage|p2a: Sharpo|94\/100|[from] Stealth Rock\n|turn|10\n|\n|t:|1651205324\n|move|p2a: Sharpo|Swords Dance|p2a: Sharpo\n|-boost|p2a: Sharpo|atk|2\n|move|p1a: Tyrantrum|Head Smash|p2a: Sharpo\n|-resisted|p2a: Sharpo\n|-damage|p2a: Sharpo|36\/100\n|-damage|p1a: Tyrantrum|0 fnt|[from] ability: Rough Skin|[of] p2a: Sharpo\n|faint|p1a: Tyrantrum\n|\n|-weather|Sandstorm|[upkeep]\n|-heal|p2a: Sharpo|42\/100|[from] item: Leftovers\n|upkeep\n|\n|t:|1651205330\n|switch|p1a: Dracozolt|Dracozolt|100\/100\n|-damage|p1a: Dracozolt|88\/100|[from] Stealth Rock\n|turn|11\n|j| xiao123\n|inactive|IronFlashGaming has 120 seconds left.\n|j| portmonteau\n|\n|t:|1651205375\n|switch|p2a: Hatterene|Hatterene, F|100\/100\n|-damage|p2a: Hatterene|88\/100|[from] Stealth Rock\n|move|p1a: Dracozolt|Draco Meteor|p2a: Hatterene\n|-immune|p2a: Hatterene\n|\n|-weather|none\n|upkeep\n|turn|12\n|\n|t:|1651205385\n|move|p1a: Dracozolt|Bolt Beak|p2a: Hatterene\n|-damage|p2a: Hatterene|0 fnt\n|faint|p2a: Hatterene\n|-damage|p1a: Dracozolt|78\/100|[from] item: Life Orb\n|\n|upkeep\n|j| wuyan666\n|\n|t:|1651205390\n|switch|p2a: Sharpo|Garchomp, F|42\/100\n|-damage|p2a: Sharpo|36\/100|[from] Stealth Rock\n|turn|13\n|j| SunVeil\n|j| LightXVI\n|\n|t:|1651205397\n|switch|p1a: Tyranitar|Tyranitar, F|27\/100\n|-damage|p1a: Tyranitar|14\/100|[from] Stealth Rock\n|-weather|Sandstorm|[from] ability: Sand Stream|[of] p1a: Tyranitar\n|move|p2a: Sharpo|Scale Shot|p1a: Tyranitar\n|-damage|p1a: Tyranitar|3\/100\n|-damage|p1a: Tyranitar|0 fnt\n|faint|p1a: Tyranitar\n|-hitcount|p1: Tyranitar|2\n|-unboost|p2a: Sharpo|def|1\n|-boost|p2a: Sharpo|spe|1\n|\n|-weather|Sandstorm|[upkeep]\n|-heal|p2a: Sharpo|42\/100|[from] item: Leftovers\n|upkeep\n|inactive|IronFlashGaming has 120 seconds left.\n|\n|t:|1651205429\n|switch|p1a: Garchomp|Garchomp, M|100\/100\n|-damage|p1a: Garchomp|94\/100|[from] Stealth Rock\n|turn|14\n|\n|t:|1651205434\n|move|p2a: Sharpo|Earthquake|p1a: Garchomp\n|-damage|p1a: Garchomp|39\/100\n|move|p1a: Garchomp|Earthquake|p2a: Sharpo\n|-damage|p2a: Sharpo|0 fnt\n|faint|p2a: Sharpo\n|\n|-weather|Sandstorm|[upkeep]\n|upkeep\n|\n|t:|1651205441\n|switch|p2a: Sonso|Slowbro, M|100\/100\n|-damage|p2a: Sonso|88\/100|[from] Stealth Rock\n|turn|15\n|l| LightXVI\n|\n|t:|1651205448\n|move|p1a: Garchomp|Earthquake|p2a: Sonso\n|-damage|p2a: Sonso|53\/100\n|move|p2a: Sonso|Trick Room|p2a: Sonso\n|-fieldstart|move: Trick Room|[of] p2a: Sonso\n|\n|-weather|Sandstorm|[upkeep]\n|-damage|p2a: Sonso|47\/100|[from] Sandstorm\n|upkeep\n|turn|16\n|\n|t:|1651205455\n|move|p2a: Sonso|Scald|p1a: Garchomp\n|-damage|p1a: Garchomp|9\/100\n|-status|p1a: Garchomp|brn\n|move|p1a: Garchomp|Earthquake|p2a: Sonso\n|-damage|p2a: Sonso|29\/100\n|\n|-weather|Sandstorm|[upkeep]\n|-damage|p2a: Sonso|23\/100|[from] Sandstorm\n|-damage|p1a: Garchomp|3\/100 brn|[from] brn\n|upkeep\n|turn|17\n|\n|t:|1651205476\n|switch|p1a: Dracozolt|Dracozolt|78\/100\n|-damage|p1a: Dracozolt|66\/100|[from] Stealth Rock\n|move|p2a: Sonso|Scald|p1a: Dracozolt\n|-resisted|p1a: Dracozolt\n|-damage|p1a: Dracozolt|42\/100\n|\n|-weather|none\n|upkeep\n|turn|18\n|\n|t:|1651205485\n|move|p2a: Sonso|Body Press|p1a: Dracozolt\n|-damage|p1a: Dracozolt|11\/100\n|move|p1a: Dracozolt|Bolt Beak|p2a: Sonso\n|-supereffective|p2a: Sonso\n|-damage|p2a: Sonso|0 fnt\n|faint|p2a: Sonso\n|-damage|p1a: Dracozolt|1\/100|[from] item: Life Orb\n|\n|upkeep\n|\n|t:|1651205493\n|switch|p2a: Billy B.|Marowak-Alola, M|100\/100\n|-damage|p2a: Billy B.|76\/100|[from] Stealth Rock\n|turn|19\n|c|\u2606IronFlashGaming|mans really scakd burned chomper\n|\n|t:|1651205511\n|move|p2a: Billy B.|Flare Blitz|p1a: Dracozolt\n|-resisted|p1a: Dracozolt\n|-damage|p1a: Dracozolt|0 fnt\n|faint|p1a: Dracozolt\n|\n|-fieldend|move: Trick Room\n|upkeep\n|\n|t:|1651205513\n|switch|p1a: Garchomp|Garchomp, M|3\/100 brn\n|-damage|p1a: Garchomp|0 fnt|[from] Stealth Rock\n|faint|p1a: Garchomp\n|\n|win|Sombra Diurna\n|raw|IronFlashGaming's rating: 1683 &rarr; <strong>1665<\/strong><br \/>(-18 for losing)\n|raw|Sombra Diurna's rating: 1716 &rarr; <strong>1734<\/strong><br \/>(+18 for winning)\n|l| gkugkukl\n|l| JJ09LIE\n|c|\u2606Sombra Diurna|sorry\n","uploadtime":1651205518,"views":45,"p1id":"ironflashgaming","p2id":"sombradiurna","formatid":"gen8ou","rating":1665,"private":0,"password":null}