{"id":"gen8ou-1615432030","p1":"tanishq1","p2":"Metrona","format":"gen8ou","log":"|j|\u2606tanishq1\n|j|\u2606Metrona\n|t:|1657597321\n|gametype|singles\n|player|p1|tanishq1|1|1839\n|player|p2|Metrona|102|1828\n|teamsize|p1|6\n|teamsize|p2|6\n|gen|8\n|tier|[Gen 8] OU\n|rated|\n|rule|Sleep Clause Mod: Limit one foe put to sleep\n|rule|Species Clause: Limit one of each Pok\u00e9mon\n|rule|OHKO Clause: OHKO moves are banned\n|rule|Evasion Moves Clause: Evasion moves are banned\n|rule|Endless Battle Clause: Forcing endless battles is banned\n|rule|HP Percentage Mod: HP is shown in percentages\n|rule|Dynamax Clause: You cannot dynamax\n|clearpoke\n|poke|p1|Dragapult, M|\n|poke|p1|Urshifu-*, M|\n|poke|p1|Melmetal|\n|poke|p1|Kartana|\n|poke|p1|Moltres-Galar|\n|poke|p1|Garchomp, M|\n|poke|p2|Pelipper, M|\n|poke|p2|Barraskewda, F|\n|poke|p2|Frosmoth, F|\n|poke|p2|Weezing-Galar, F|\n|poke|p2|Ferrothorn, F|\n|poke|p2|Heliolisk, F|\n|teampreview\n|inactive|Battle timer is ON: inactive players will automatically lose when time's up. (requested by tanishq1)\n|\n|t:|1657597329\n|start\n|switch|p1a: Leviathan|Dragapult, M, shiny|100\/100\n|switch|p2a: Rainmaker|Pelipper, M|100\/100\n|-weather|RainDance|[from] ability: Drizzle|[of] p2a: Rainmaker\n|turn|1\n|\n|t:|1657597331\n|switch|p2a: Nightmare|Ferrothorn, F|100\/100\n|move|p1a: Leviathan|Flamethrower|p2a: Nightmare\n|-supereffective|p2a: Nightmare\n|-damage|p2a: Nightmare|47\/100\n|\n|-weather|RainDance|[upkeep]\n|-heal|p2a: Nightmare|53\/100|[from] item: Leftovers\n|upkeep\n|turn|2\n|j| gold bottle\n|j| 50 at max\n|\n|t:|1657597338\n|switch|p1a: Poseidon-Blade|Urshifu-Rapid-Strike, M|100\/100\n|switch|p2a: Rainmaker|Pelipper, M|100\/100\n|\n|-weather|RainDance|[upkeep]\n|upkeep\n|turn|3\n|\n|t:|1657597340\n|move|p1a: Poseidon-Blade|U-turn|p2a: Rainmaker\n|-resisted|p2a: Rainmaker\n|-damage|p2a: Rainmaker|91\/100\n|l| gold bottle\n|\n|t:|1657597344\n|switch|p1a: Zangetsu|Garchomp, M, shiny|100\/100|[from]move: U-turn\n|move|p2a: Rainmaker|Hurricane|p1a: Zangetsu\n|-damage|p1a: Zangetsu|68\/100\n|\n|-weather|RainDance|[upkeep]\n|-heal|p1a: Zangetsu|74\/100|[from] item: Leftovers\n|upkeep\n|turn|4\n|\n|t:|1657597352\n|move|p1a: Zangetsu|Stealth Rock|p2a: Rainmaker\n|-sidestart|p2: Metrona|move: Stealth Rock\n|move|p2a: Rainmaker|U-turn|p1a: Zangetsu\n|-damage|p1a: Zangetsu|66\/100\n|-damage|p2a: Rainmaker|79\/100|[from] ability: Rough Skin|[of] p1a: Zangetsu\n|\n|t:|1657597358\n|switch|p2a: Ripper|Barraskewda, F|100\/100|[from]move: U-turn\n|-damage|p2a: Ripper|88\/100|[from] Stealth Rock\n|\n|-weather|RainDance|[upkeep]\n|-heal|p1a: Zangetsu|73\/100|[from] item: Leftovers\n|upkeep\n|turn|5\n|\n|t:|1657597361\n|move|p1a: Zangetsu|Protect|p1a: Zangetsu\n|-singleturn|p1a: Zangetsu|Protect\n|move|p2a: Ripper|Flip Turn|p1a: Zangetsu\n|-activate|p1a: Zangetsu|move: Protect\n|\n|-weather|RainDance|[upkeep]\n|-heal|p1a: Zangetsu|79\/100|[from] item: Leftovers\n|upkeep\n|turn|6\n|\n|t:|1657597365\n|move|p2a: Ripper|Flip Turn|p1a: Zangetsu\n|-damage|p1a: Zangetsu|11\/100\n|-damage|p2a: Ripper|76\/100|[from] ability: Rough Skin|[of] p1a: Zangetsu\n|\n|t:|1657597370\n|switch|p2a: Nightmare|Ferrothorn, F|53\/100|[from]move: Flip Turn\n|-damage|p2a: Nightmare|47\/100|[from] Stealth Rock\n|move|p1a: Zangetsu|Earthquake|p2a: Nightmare\n|-damage|p2a: Nightmare|15\/100\n|\n|-weather|RainDance|[upkeep]\n|-heal|p1a: Zangetsu|17\/100|[from] item: Leftovers\n|-heal|p2a: Nightmare|22\/100|[from] item: Leftovers\n|upkeep\n|turn|7\n|\n|t:|1657597373\n|move|p1a: Zangetsu|Earthquake|p2a: Nightmare\n|-damage|p2a: Nightmare|0 fnt\n|faint|p2a: Nightmare\n|\n|-weather|RainDance|[upkeep]\n|-heal|p1a: Zangetsu|23\/100|[from] item: Leftovers\n|upkeep\n|\n|t:|1657597375\n|switch|p2a: Ripper|Barraskewda, F|76\/100\n|-damage|p2a: Ripper|64\/100|[from] Stealth Rock\n|turn|8\n|\n|t:|1657597377\n|move|p1a: Zangetsu|Protect|p1a: Zangetsu\n|-singleturn|p1a: Zangetsu|Protect\n|move|p2a: Ripper|Flip Turn|p1a: Zangetsu\n|-activate|p1a: Zangetsu|move: Protect\n|\n|-weather|none\n|-heal|p1a: Zangetsu|29\/100|[from] item: Leftovers\n|upkeep\n|turn|9\n|\n|t:|1657597380\n|move|p2a: Ripper|Flip Turn|p1a: Zangetsu\n|-damage|p1a: Zangetsu|0 fnt\n|-damage|p2a: Ripper|52\/100|[from] ability: Rough Skin|[of] p1a: Zangetsu\n|faint|p1a: Zangetsu\n|\n|t:|1657597389\n|switch|p2a: Showstopper|Weezing-Galar, F|100\/100|[from]move: Flip Turn\n|-ability|p2a: Showstopper|Neutralizing Gas\n|-damage|p2a: Showstopper|88\/100|[from] Stealth Rock\n|\n|-heal|p2a: Showstopper|94\/100|[from] item: Black Sludge\n|upkeep\n|j| Icantgo4that\n|\n|t:|1657597397\n|switch|p1a: Leviathan|Dragapult, M, shiny|100\/100\n|turn|10\n|\n|t:|1657597403\n|-end|p2a: Showstopper|ability: Neutralizing Gas\n|switch|p2a: Lightshow|Heliolisk, F|100\/100\n|-damage|p2a: Lightshow|88\/100|[from] Stealth Rock\n|move|p1a: Leviathan|U-turn|p2a: Lightshow\n|-damage|p2a: Lightshow|50\/100\n|\n|t:|1657597409\n|switch|p1a: Deathstroke|Kartana, shiny|100\/100|[from]move: U-turn\n|\n|upkeep\n|turn|11\n|\n|t:|1657597412\n|switch|p2a: Rainmaker|Pelipper, M|79\/100\n|-damage|p2a: Rainmaker|54\/100|[from] Stealth Rock\n|-weather|RainDance|[from] ability: Drizzle|[of] p2a: Rainmaker\n|move|p1a: Deathstroke|Smart Strike|p2a: Rainmaker\n|-resisted|p2a: Rainmaker\n|-damage|p2a: Rainmaker|37\/100\n|\n|-weather|RainDance|[upkeep]\n|upkeep\n|turn|12\n|\n|t:|1657597417\n|switch|p1a: Leviathan|Dragapult, M, shiny|100\/100\n|move|p2a: Rainmaker|Roost|p2a: Rainmaker\n|-heal|p2a: Rainmaker|87\/100\n|-singleturn|p2a: Rainmaker|move: Roost\n|\n|-weather|RainDance|[upkeep]\n|upkeep\n|turn|13\n|\n|t:|1657597421\n|switch|p2a: Floof|Frosmoth, F|100\/100\n|move|p1a: Leviathan|U-turn|p2a: Floof\n|-damage|p2a: Floof|68\/100\n|\n|t:|1657597426\n|switch|p1a: Deathstroke|Kartana, shiny|100\/100|[from]move: U-turn\n|\n|-weather|RainDance|[upkeep]\n|upkeep\n|turn|14\n|\n|t:|1657597431\n|move|p1a: Deathstroke|Smart Strike|p2a: Floof\n|-supereffective|p2a: Floof\n|-damage|p2a: Floof|0 fnt\n|faint|p2a: Floof\n|-ability|p1a: Deathstroke|Beast Boost|boost\n|-boost|p1a: Deathstroke|atk|1\n|\n|-weather|RainDance|[upkeep]\n|upkeep\n|\n|t:|1657597438\n|switch|p2a: Ripper|Barraskewda, F|52\/100\n|-damage|p2a: Ripper|40\/100|[from] Stealth Rock\n|turn|15\n|\n|t:|1657597441\n|move|p2a: Ripper|Close Combat|p1a: Deathstroke\n|-supereffective|p1a: Deathstroke\n|-damage|p1a: Deathstroke|0 fnt\n|-unboost|p2a: Ripper|def|1\n|-unboost|p2a: Ripper|spd|1\n|faint|p1a: Deathstroke\n|\n|-weather|RainDance|[upkeep]\n|upkeep\n|\n|t:|1657597444\n|switch|p1a: Leviathan|Dragapult, M, shiny|100\/100\n|turn|16\n|\n|t:|1657597447\n|switch|p2a: Showstopper|Weezing-Galar, F|94\/100\n|-ability|p2a: Showstopper|Neutralizing Gas\n|-damage|p2a: Showstopper|82\/100|[from] Stealth Rock\n|move|p1a: Leviathan|U-turn|p2a: Showstopper\n|-resisted|p2a: Showstopper\n|-damage|p2a: Showstopper|79\/100\n|\n|t:|1657597451\n|switch|p1a: Burning Darkness|Moltres-Galar, shiny|100\/100|[from]move: U-turn\n|\n|-weather|RainDance|[upkeep]\n|-heal|p2a: Showstopper|85\/100|[from] item: Black Sludge\n|upkeep\n|turn|17\n|\n|t:|1657597456\n|move|p1a: Burning Darkness|Hurricane|p2a: Showstopper\n|-damage|p2a: Showstopper|12\/100\n|move|p2a: Showstopper|Defog|p1a: Burning Darkness\n|-unboost|p1a: Burning Darkness|evasion|1\n|-sideend|p2: Metrona|Stealth Rock|[from] move: Defog|[of] p2a: Showstopper\n|\n|-weather|RainDance|[upkeep]\n|-heal|p2a: Showstopper|18\/100|[from] item: Black Sludge\n|upkeep\n|turn|18\n|\n|t:|1657597460\n|-end|p2a: Showstopper|ability: Neutralizing Gas\n|switch|p2a: Lightshow|Heliolisk, F|50\/100\n|move|p1a: Burning Darkness|Fiery Wrath|p2a: Lightshow\n|-damage|p2a: Lightshow|0 fnt\n|faint|p2a: Lightshow\n|\n|-weather|none\n|upkeep\n|\n|t:|1657597467\n|switch|p2a: Ripper|Barraskewda, F|40\/100\n|turn|19\n|\n|t:|1657597470\n|move|p2a: Ripper|Flip Turn|p1a: Burning Darkness\n|-damage|p1a: Burning Darkness|52\/100\n|\n|t:|1657597472\n|switch|p2a: Rainmaker|Pelipper, M|87\/100|[from]move: Flip Turn\n|-weather|RainDance|[from] ability: Drizzle|[of] p2a: Rainmaker\n|move|p1a: Burning Darkness|Fiery Wrath|p2a: Rainmaker\n|-damage|p2a: Rainmaker|30\/100\n|\n|-weather|RainDance|[upkeep]\n|upkeep\n|turn|20\n|\n|t:|1657597475\n|switch|p2a: Showstopper|Weezing-Galar, F|18\/100\n|-ability|p2a: Showstopper|Neutralizing Gas\n|move|p1a: Burning Darkness|Hurricane|p2a: Showstopper\n|-damage|p2a: Showstopper|0 fnt\n|faint|p2a: Showstopper\n|-end|p2a: Showstopper|ability: Neutralizing Gas\n|\n|-weather|RainDance|[upkeep]\n|upkeep\n|\n|t:|1657597476\n|switch|p2a: Ripper|Barraskewda, F|40\/100\n|turn|21\n|\n|t:|1657597480\n|move|p2a: Ripper|Liquidation|p1a: Burning Darkness\n|-damage|p1a: Burning Darkness|0 fnt\n|faint|p1a: Burning Darkness\n|\n|-weather|RainDance|[upkeep]\n|upkeep\n|\n|t:|1657597483\n|switch|p1a: Fate|Melmetal, shiny|100\/100\n|turn|22\n|\n|t:|1657597485\n|move|p2a: Ripper|Liquidation|p1a: Fate\n|-damage|p1a: Fate|45\/100\n|move|p1a: Fate|Thunder Punch|p2a: Ripper\n|-supereffective|p2a: Ripper\n|-damage|p2a: Ripper|0 fnt\n|faint|p2a: Ripper\n|\n|-weather|RainDance|[upkeep]\n|upkeep\n|\n|t:|1657597489\n|switch|p2a: Rainmaker|Pelipper, M|30\/100\n|turn|23\n|\n|t:|1657597490\n|move|p2a: Rainmaker|Scald|p1a: Fate\n|-damage|p1a: Fate|6\/100\n|move|p1a: Fate|Thunder Punch|p2a: Rainmaker\n|-supereffective|p2a: Rainmaker\n|-damage|p2a: Rainmaker|0 fnt\n|faint|p2a: Rainmaker\n|\n|win|tanishq1\n|raw|tanishq1's rating: 1839 &rarr; <strong>1858<\/strong><br \/>(+19 for winning)\n|raw|Metrona's rating: 1828 &rarr; <strong>1809<\/strong><br \/>(-19 for losing)\n|c|\u2606Metrona|Gg\n|l|\u2606tanishq1\n|c|\u2606Metrona|It feels like we keep running into each other lol\n|l|\u2606Metrona\n","uploadtime":1657597531,"views":38,"p1id":"tanishq1","p2id":"metrona","formatid":"gen8ou","rating":1809,"private":0,"password":null}