{"id":"gen8ou-1125052953","p1":"Storm Zone","p2":"GORAN EL DRACO","format":"gen8ou","log":"|j|\u2606Storm Zone\n|j|\u203dGORAN EL DRACO\n|player|p1|Storm Zone|zinnia|1887\n|player|p2|GORAN EL DRACO|n|1691\n|teamsize|p1|6\n|teamsize|p2|6\n|gametype|singles\n|gen|8\n|tier|[Gen 8] OU\n|rated|\n|html|<div class=\"broadcast-blue\"><strong>OU is currently suspecting Dracovish! For information on how to participate check out the <a href=\"https:\/\/www.smogon.com\/forums\/threads\/3664521\/\">suspect thread<\/a>.<\/strong><\/div>\n|clearpoke\n|poke|p1|Toxtricity, M|\n|poke|p1|Kommo-o, M|\n|poke|p1|Bisharp, M|\n|poke|p1|Necrozma|\n|poke|p1|Seismitoad, M|\n|poke|p1|Togekiss, M|\n|poke|p2|Cloyster, M|\n|poke|p2|Sigilyph, M|\n|poke|p2|Primarina, M|\n|poke|p2|Venusaur, M|\n|poke|p2|Jirachi|\n|poke|p2|Rotom-Heat|\n|rule|Sleep Clause Mod: Limit one foe put to sleep\n|rule|Species Clause: Limit one of each Pok\u00e9mon\n|rule|OHKO Clause: OHKO moves are banned\n|rule|Evasion Moves Clause: Evasion moves are banned\n|rule|Endless Battle Clause: Forcing endless battles is banned\n|rule|HP Percentage Mod: HP is shown in percentages\n|rule|Dynamax Clause: You cannot dynamax\n|teampreview\n|j| budgetbumper\n|inactive|Battle timer is ON: inactive players will automatically lose when time's up. (requested by GORAN EL DRACO)\n|\n|start\n|switch|p1a: Globox|Seismitoad, M|100\/100\n|switch|p2a: Primarina|Primarina, M|100\/100\n|turn|1\n|\n|move|p1a: Globox|Power Whip|p2a: Primarina\n|-supereffective|p2a: Primarina\n|-damage|p2a: Primarina|7\/100\n|move|p2a: Primarina|Moonblast|p1a: Globox\n|-damage|p1a: Globox|0 fnt\n|faint|p1a: Globox\n|\n|upkeep\n|\n|switch|p1a: Descendant|Necrozma|100\/100\n|turn|2\n|\n|move|p1a: Descendant|Stealth Rock|p2a: Primarina\n|-sidestart|p2: GORAN EL DRACO|move: Stealth Rock\n|move|p2a: Primarina|Moonblast|p1a: Descendant\n|-damage|p1a: Descendant|20\/100\n|\n|-heal|p1a: Descendant|26\/100|[from] item: Leftovers\n|upkeep\n|turn|3\n|\n|move|p1a: Descendant|Photon Geyser|p2a: Primarina\n|-damage|p2a: Primarina|0 fnt\n|faint|p2a: Primarina\n|\n|-heal|p1a: Descendant|32\/100|[from] item: Leftovers\n|upkeep\n|\n|switch|p2a: Jirachi|Jirachi|100\/100\n|-damage|p2a: Jirachi|94\/100|[from] Stealth Rock\n|turn|4\n|\n|move|p2a: Jirachi|Stealth Rock|p1a: Descendant\n|-sidestart|p1: Storm Zone|move: Stealth Rock\n|move|p1a: Descendant|Moonlight|p1a: Descendant\n|-heal|p1a: Descendant|82\/100\n|\n|-heal|p2a: Jirachi|100\/100|[from] item: Leftovers\n|-heal|p1a: Descendant|88\/100|[from] item: Leftovers\n|upkeep\n|turn|5\n|\n|move|p2a: Jirachi|Thunder Wave|p1a: Descendant\n|-status|p1a: Descendant|par\n|move|p1a: Descendant|Heat Wave|p2a: Jirachi\n|-supereffective|p2a: Jirachi\n|-damage|p2a: Jirachi|61\/100\n|-status|p2a: Jirachi|brn\n|\n|-heal|p2a: Jirachi|68\/100 brn|[from] item: Leftovers\n|-heal|p1a: Descendant|94\/100 par|[from] item: Leftovers\n|-damage|p2a: Jirachi|61\/100 brn|[from] brn\n|upkeep\n|turn|6\n|\n|move|p2a: Jirachi|Iron Head|p1a: Descendant\n|-damage|p1a: Descendant|85\/100 par\n|cant|p1a: Descendant|flinch\n|\n|-heal|p2a: Jirachi|68\/100 brn|[from] item: Leftovers\n|-heal|p1a: Descendant|91\/100 par|[from] item: Leftovers\n|-damage|p2a: Jirachi|61\/100 brn|[from] brn\n|upkeep\n|turn|7\n|\n|switch|p2a: Sigilyph|Sigilyph, M|100\/100\n|move|p1a: Descendant|Heat Wave|p2a: Sigilyph\n|-damage|p2a: Sigilyph|64\/100\n|\n|-heal|p1a: Descendant|97\/100 par|[from] item: Leftovers\n|upkeep\n|turn|8\n|\n|switch|p1a: Messenger|Togekiss, M|100\/100\n|-damage|p1a: Messenger|76\/100|[from] Stealth Rock\n|move|p2a: Sigilyph|Calm Mind|p2a: Sigilyph\n|-boost|p2a: Sigilyph|spa|1\n|-boost|p2a: Sigilyph|spd|1\n|\n|upkeep\n|turn|9\n|\n|move|p1a: Messenger|Trick|p2a: Sigilyph\n|-activate|p1a: Messenger|move: Trick|[of] p2a: Sigilyph\n|-item|p2a: Sigilyph|Choice Scarf|[from] move: Trick\n|-item|p1a: Messenger|Life Orb|[from] move: Trick\n|move|p2a: Sigilyph|Psychic|p1a: Messenger\n|-damage|p1a: Messenger|12\/100\n|\n|upkeep\n|turn|10\n|\n|switch|p2a: Rotom|Rotom-Heat|100\/100\n|move|p1a: Messenger|Air Slash|p2a: Rotom\n|-resisted|p2a: Rotom\n|-damage|p2a: Rotom|71\/100\n|-damage|p1a: Messenger|2\/100|[from] item: Life Orb\n|\n|upkeep\n|turn|11\n|\n|move|p2a: Rotom|Discharge|p1a: Messenger\n|-supereffective|p1a: Messenger\n|-damage|p1a: Messenger|0 fnt\n|faint|p1a: Messenger\n|\n|upkeep\n|\n|switch|p1a: King Komodo|Kommo-o, M|100\/100\n|-damage|p1a: King Komodo|94\/100|[from] Stealth Rock\n|turn|12\n|\n|move|p2a: Rotom|Toxic|p1a: King Komodo\n|-status|p1a: King Komodo|tox\n|move|p1a: King Komodo|Close Combat|p2a: Rotom\n|-crit|p2a: Rotom\n|-damage|p2a: Rotom|0 fnt\n|-unboost|p1a: King Komodo|def|1\n|-unboost|p1a: King Komodo|spd|1\n|-damage|p1a: King Komodo|84\/100 tox|[from] item: Life Orb\n|faint|p2a: Rotom\n|\n|-damage|p1a: King Komodo|78\/100 tox|[from] psn\n|upkeep\n|\n|switch|p2a: Sigilyph|Sigilyph, M|64\/100\n|turn|13\n|inactive|Storm Zone has 120 seconds left.\n|\n|move|p2a: Sigilyph|Heat Wave|p1a: King Komodo\n|-resisted|p1a: King Komodo\n|-damage|p1a: King Komodo|53\/100 tox\n|move|p1a: King Komodo|Iron Head|p2a: Sigilyph\n|-damage|p2a: Sigilyph|12\/100\n|-damage|p1a: King Komodo|43\/100 tox|[from] item: Life Orb\n|\n|-damage|p1a: King Komodo|31\/100 tox|[from] psn\n|upkeep\n|turn|14\n|inactive|Storm Zone has 120 seconds left.\n|\n|move|p2a: Sigilyph|Heat Wave|p1a: King Komodo\n|-resisted|p1a: King Komodo\n|-damage|p1a: King Komodo|5\/100 tox\n|move|p1a: King Komodo|Iron Head|p2a: Sigilyph\n|-damage|p2a: Sigilyph|0 fnt\n|-damage|p1a: King Komodo|0 fnt|[from] item: Life Orb\n|faint|p2a: Sigilyph\n|faint|p1a: King Komodo\n|\n|upkeep\n|\n|switch|p2a: Venusaur|Venusaur, M|100\/100\n|switch|p1a: Kurt Cobain|Toxtricity, M|100\/100\n|-damage|p1a: Kurt Cobain|88\/100|[from] Stealth Rock\n|-damage|p2a: Venusaur|88\/100|[from] Stealth Rock\n|turn|15\n|\n|move|p1a: Kurt Cobain|Boomburst|p2a: Venusaur\n|-damage|p2a: Venusaur|29\/100\n|-enditem|p1a: Kurt Cobain|Throat Spray\n|-boost|p1a: Kurt Cobain|spa|1|[from] item: Throat Spray\n|move|p2a: Venusaur|Sleep Powder|p1a: Kurt Cobain\n|-status|p1a: Kurt Cobain|slp|[from] move: Sleep Powder\n|\n|-heal|p2a: Venusaur|35\/100|[from] item: Leftovers\n|upkeep\n|turn|16\n|\n|switch|p2a: Cloyster|Cloyster, M|100\/100\n|-damage|p2a: Cloyster|76\/100|[from] Stealth Rock\n|cant|p1a: Kurt Cobain|slp\n|\n|upkeep\n|turn|17\n|\n|cant|p1a: Kurt Cobain|slp\n|move|p2a: Cloyster|Shell Smash|p2a: Cloyster\n|-unboost|p2a: Cloyster|def|1\n|-unboost|p2a: Cloyster|spd|1\n|-boost|p2a: Cloyster|atk|2\n|-boost|p2a: Cloyster|spa|2\n|-boost|p2a: Cloyster|spe|2\n|\n|upkeep\n|turn|18\n|\n|move|p2a: Cloyster|Icicle Spear|p1a: Kurt Cobain\n|-damage|p1a: Kurt Cobain|51\/100 slp\n|-damage|p1a: Kurt Cobain|16\/100 slp\n|-damage|p1a: Kurt Cobain|0 fnt\n|-hitcount|p1a: Kurt Cobain|3\n|faint|p1a: Kurt Cobain\n|\n|upkeep\n|\n|switch|p1a: Bishop|Bisharp, M, shiny|100\/100\n|-damage|p1a: Bishop|94\/100|[from] Stealth Rock\n|turn|19\n|\n|move|p2a: Cloyster|Icicle Spear|p1a: Bishop\n|-resisted|p1a: Bishop\n|-damage|p1a: Bishop|80\/100\n|-resisted|p1a: Bishop\n|-damage|p1a: Bishop|67\/100\n|-resisted|p1a: Bishop\n|-damage|p1a: Bishop|51\/100\n|-resisted|p1a: Bishop\n|-damage|p1a: Bishop|35\/100\n|-resisted|p1a: Bishop\n|-damage|p1a: Bishop|21\/100\n|-hitcount|p1a: Bishop|5\n|move|p1a: Bishop|Knock Off|p2a: Cloyster\n|-damage|p2a: Cloyster|0 fnt\n|-enditem|p2a: Cloyster|King's Rock|[from] move: Knock Off|[of] p1a: Bishop\n|-damage|p1a: Bishop|11\/100|[from] item: Life Orb\n|faint|p2a: Cloyster\n|\n|upkeep\n|-message|GORAN EL DRACO forfeited.\n|\n|win|Storm Zone\n|l|\u203dGORAN EL DRACO\n","uploadtime":1591046026,"views":728,"p1id":"stormzone","p2id":"goraneldraco","formatid":"gen8ou","rating":0,"private":0,"password":null}