{"id":"gen8ou-1540109903","p1":"yung_iznamakin","p2":"yb is BETTER","format":"gen8ou","log":"|j|\u2606yung_iznamakin\n|j|\u2606yb is BETTER\n|t:|1648416435\n|gametype|singles\n|player|p1|yung_iznamakin|ninjaboy|1470\n|player|p2|yb is BETTER|jogger|1475\n|teamsize|p1|6\n|teamsize|p2|6\n|gen|8\n|tier|[Gen 8] OU\n|rated|\n|rule|Sleep Clause Mod: Limit one foe put to sleep\n|rule|Species Clause: Limit one of each Pok\u00e9mon\n|rule|OHKO Clause: OHKO moves are banned\n|rule|Evasion Moves Clause: Evasion moves are banned\n|rule|Endless Battle Clause: Forcing endless battles is banned\n|rule|HP Percentage Mod: HP is shown in percentages\n|rule|Dynamax Clause: You cannot dynamax\n|clearpoke\n|poke|p1|Pelipper, F|\n|poke|p1|Kabutops, M|\n|poke|p1|Ludicolo, M|\n|poke|p1|Swampert, M|\n|poke|p1|Scizor, F|\n|poke|p1|Mandibuzz, F|\n|poke|p2|Pangoro, F|\n|poke|p2|Kartana|\n|poke|p2|Dragapult, M|\n|poke|p2|Zapdos|\n|poke|p2|Tyranitar, F|\n|poke|p2|Slowking-Galar, M|\n|teampreview\n|inactive|Battle timer is ON: inactive players will automatically lose when time's up. (requested by yb is BETTER)\n|j| KeldeoFan8\n|\n|t:|1648416458\n|start\n|switch|p1a: Swampert|Swampert, M|100\/100\n|switch|p2a: Shenron|Dragapult, M|100\/100\n|turn|1\n|\n|t:|1648416473\n|move|p2a: Shenron|Shadow Ball|p1a: Swampert\n|-damage|p1a: Swampert|64\/100\n|move|p1a: Swampert|Stealth Rock|p2a: Shenron\n|-sidestart|p2: yb is BETTER|move: Stealth Rock\n|\n|-heal|p1a: Swampert|70\/100|[from] item: Leftovers\n|upkeep\n|turn|2\n|c|\u2606yung_iznamakin|shenron\n|c|\u2606yung_iznamakin|i want panties\n|\n|t:|1648416491\n|switch|p2a: Killua|Zapdos, shiny|100\/100\n|move|p1a: Swampert|Flip Turn|p2a: Killua\n|-crit|p2a: Killua\n|-damage|p2a: Killua|74\/100\n|-status|p1a: Swampert|par|[from] ability: Static|[of] p2a: Killua\n|l| KeldeoFan8\n|\n|t:|1648416497\n|switch|p1a: Pelipper|Pelipper, F|100\/100|[from]move: Flip Turn\n|-weather|RainDance|[from] ability: Drizzle|[of] p1a: Pelipper\n|\n|-weather|RainDance|[upkeep]\n|upkeep\n|turn|3\n|\n|t:|1648416504\n|switch|p1a: Swampert|Swampert, M|70\/100 par\n|move|p2a: Killua|Defog|p1a: Swampert\n|-unboost|p1a: Swampert|evasion|1\n|-sideend|p2: yb is BETTER|Stealth Rock|[from] move: Defog|[of] p2a: Killua\n|\n|-weather|RainDance|[upkeep]\n|-heal|p1a: Swampert|76\/100 par|[from] item: Leftovers\n|upkeep\n|turn|4\n|\n|t:|1648416517\n|switch|p2a: Guts|Pangoro, F|100\/100\n|cant|p1a: Swampert|par\n|\n|-weather|RainDance|[upkeep]\n|-heal|p1a: Swampert|83\/100 par|[from] item: Leftovers\n|upkeep\n|turn|5\n|\n|t:|1648416523\n|move|p2a: Guts|Knock Off|p1a: Swampert\n|-damage|p1a: Swampert|15\/100 par\n|-enditem|p1a: Swampert|Leftovers|[from] move: Knock Off|[of] p2a: Guts\n|cant|p1a: Swampert|par\n|\n|-weather|RainDance|[upkeep]\n|upkeep\n|turn|6\n|\n|t:|1648416528\n|move|p2a: Guts|Knock Off|p1a: Swampert\n|-damage|p1a: Swampert|0 fnt\n|faint|p1a: Swampert\n|\n|-weather|RainDance|[upkeep]\n|upkeep\n|\n|t:|1648416533\n|switch|p1a: Ludicolo|Ludicolo, M|100\/100\n|turn|7\n|\n|t:|1648416536\n|switch|p2a: Shukaku|Tyranitar, F|100\/100\n|-weather|Sandstorm|[from] ability: Sand Stream|[of] p2a: Shukaku\n|move|p1a: Ludicolo|Weather Ball|p2a: Shukaku\n|-damage|p2a: Shukaku|82\/100\n|\n|-weather|Sandstorm|[upkeep]\n|-damage|p1a: Ludicolo|95\/100|[from] Sandstorm\n|-heal|p2a: Shukaku|88\/100|[from] item: Leftovers\n|upkeep\n|turn|8\n|\n|t:|1648416545\n|switch|p1a: Pelipper|Pelipper, F|100\/100\n|-weather|RainDance|[from] ability: Drizzle|[of] p1a: Pelipper\n|move|p2a: Shukaku|Stealth Rock|p1a: Pelipper\n|-sidestart|p1: yung_iznamakin|move: Stealth Rock\n|\n|-weather|RainDance|[upkeep]\n|-heal|p2a: Shukaku|94\/100|[from] item: Leftovers\n|upkeep\n|turn|9\n|c|\u2606yung_iznamakin|where is gaara\n|\n|t:|1648416555\n|switch|p2a: Killua|Zapdos, shiny|74\/100\n|move|p1a: Pelipper|U-turn|p2a: Killua\n|-resisted|p2a: Killua\n|-damage|p2a: Killua|71\/100\n|\n|t:|1648416562\n|switch|p1a: Ludicolo|Ludicolo, M|95\/100|[from]move: U-turn\n|-damage|p1a: Ludicolo|82\/100|[from] Stealth Rock\n|\n|-weather|RainDance|[upkeep]\n|upkeep\n|turn|10\n|\n|t:|1648416567\n|switch|p2a: Magellan|Slowking-Galar, M|100\/100\n|move|p1a: Ludicolo|Weather Ball|p2a: Magellan\n|-damage|p2a: Magellan|56\/100\n|\n|-weather|RainDance|[upkeep]\n|upkeep\n|turn|11\n|\n|t:|1648416574\n|switch|p1a: Kabutops|Kabutops, M|100\/100\n|-damage|p1a: Kabutops|88\/100|[from] Stealth Rock\n|move|p2a: Magellan|Sludge Bomb|p1a: Kabutops\n|-resisted|p1a: Kabutops\n|-damage|p1a: Kabutops|58\/100\n|\n|-weather|RainDance|[upkeep]\n|upkeep\n|turn|12\n|\n|t:|1648416581\n|switch|p2a: Shukaku|Tyranitar, F|94\/100\n|-weather|Sandstorm|[from] ability: Sand Stream|[of] p2a: Shukaku\n|move|p1a: Kabutops|Swords Dance|p1a: Kabutops\n|-boost|p1a: Kabutops|atk|2\n|\n|-weather|Sandstorm|[upkeep]\n|-heal|p2a: Shukaku|100\/100|[from] item: Leftovers\n|upkeep\n|turn|13\n|inactive|yb is BETTER has 120 seconds left.\n|\n|t:|1648416638\n|switch|p2a: Zoro|Kartana|100\/100\n|move|p1a: Kabutops|Liquidation|p2a: Zoro\n|-resisted|p2a: Zoro\n|-crit|p2a: Zoro\n|-damage|p2a: Zoro|13\/100\n|-damage|p1a: Kabutops|48\/100|[from] item: Life Orb\n|\n|-weather|Sandstorm|[upkeep]\n|upkeep\n|turn|14\n|inactive|yb is BETTER has 90 seconds left.\n|c|\u2606yb is BETTER|yo please dont have aqua jet\n|c|\u2606yung_iznamakin|dont worry\n|\n|t:|1648416663\n|switch|p1a: Mandibuzz|Mandibuzz, F|100\/100\n|move|p2a: Zoro|Leaf Blade|p1a: Mandibuzz\n|-resisted|p1a: Mandibuzz\n|-damage|p1a: Mandibuzz|82\/100\n|\n|-weather|Sandstorm|[upkeep]\n|upkeep\n|turn|15\n|c|\u2606yung_iznamakin|;)\n|inactive|yb is BETTER has 90 seconds left.\n|\n|t:|1648416669\n|switch|p2a: Killua|Zapdos, shiny|71\/100\n|move|p1a: Mandibuzz|Defog|p2a: Killua\n|-unboost|p2a: Killua|evasion|1\n|-sideend|p1: yung_iznamakin|Stealth Rock|[from] move: Defog|[of] p1a: Mandibuzz\n|\n|-weather|Sandstorm|[upkeep]\n|-damage|p2a: Killua|65\/100|[from] Sandstorm\n|upkeep\n|turn|16\n|\n|t:|1648416682\n|switch|p1a: Pelipper|Pelipper, F|100\/100\n|-weather|RainDance|[from] ability: Drizzle|[of] p1a: Pelipper\n|move|p2a: Killua|Roost|p2a: Killua\n|-heal|p2a: Killua|100\/100\n|-singleturn|p2a: Killua|move: Roost\n|\n|-weather|RainDance|[upkeep]\n|upkeep\n|turn|17\n|\n|t:|1648416692\n|switch|p1a: Mandibuzz|Mandibuzz, F|82\/100\n|move|p2a: Killua|Volt Switch|p1a: Mandibuzz\n|-supereffective|p1a: Mandibuzz\n|-damage|p1a: Mandibuzz|38\/100\n|inactive|yb is BETTER has 90 seconds left.\n|\n|t:|1648416732\n|switch|p2a: Guts|Pangoro, F|100\/100|[from]move: Volt Switch\n|\n|-weather|RainDance|[upkeep]\n|upkeep\n|turn|18\n|\n|t:|1648416738\n|move|p2a: Guts|Close Combat|p1a: Mandibuzz\n|-damage|p1a: Mandibuzz|0 fnt\n|-unboost|p2a: Guts|def|1\n|-unboost|p2a: Guts|spd|1\n|faint|p1a: Mandibuzz\n|\n|-weather|RainDance|[upkeep]\n|upkeep\n|\n|t:|1648416744\n|switch|p1a: Ludicolo|Ludicolo, M|82\/100\n|turn|19\n|inactive|yb is BETTER has 90 seconds left.\n|\n|t:|1648416754\n|switch|p2a: Shukaku|Tyranitar, F|100\/100\n|-weather|Sandstorm|[from] ability: Sand Stream|[of] p2a: Shukaku\n|move|p1a: Ludicolo|Focus Blast|p2a: Shukaku\n|-supereffective|p2a: Shukaku\n|-damage|p2a: Shukaku|16\/100\n|\n|-weather|Sandstorm|[upkeep]\n|-damage|p1a: Ludicolo|76\/100|[from] Sandstorm\n|-heal|p2a: Shukaku|23\/100|[from] item: Leftovers\n|upkeep\n|turn|20\n|\n|t:|1648416764\n|switch|p1a: Pelipper|Pelipper, F|100\/100\n|-weather|RainDance|[from] ability: Drizzle|[of] p1a: Pelipper\n|switch|p2a: Shenron|Dragapult, M|100\/100\n|\n|-weather|RainDance|[upkeep]\n|upkeep\n|turn|21\n|\n|t:|1648416773\n|move|p2a: Shenron|Shadow Ball|p1a: Pelipper\n|-damage|p1a: Pelipper|21\/100\n|move|p1a: Pelipper|U-turn|p2a: Shenron\n|-resisted|p2a: Shenron\n|-damage|p2a: Shenron|95\/100\n|\n|t:|1648416779\n|switch|p1a: Kabutops|Kabutops, M|48\/100|[from]move: U-turn\n|\n|-weather|RainDance|[upkeep]\n|upkeep\n|turn|22\n|\n|t:|1648416782\n|move|p1a: Kabutops|Swords Dance|p1a: Kabutops\n|-boost|p1a: Kabutops|atk|2\n|move|p2a: Shenron|Shadow Ball|p1a: Kabutops\n|-damage|p1a: Kabutops|0 fnt\n|faint|p1a: Kabutops\n|\n|-weather|RainDance|[upkeep]\n|upkeep\n|-message|yung_iznamakin forfeited.\n|\n|win|yb is BETTER\n|raw|yung_iznamakin's rating: 1470 &rarr; <strong>1450<\/strong><br \/>(-20 for losing)\n|raw|yb is BETTER's rating: 1475 &rarr; <strong>1495<\/strong><br \/>(+20 for winning)\n|l|\u2606yung_iznamakin\n||Ladder isn't responding, score probably updated but might not have (Request timeout).\n","uploadtime":1648416792,"views":65,"p1id":"yungiznamakin","p2id":"ybisbetter","formatid":"gen8ou","rating":1450,"private":0,"password":null}