{"id":"gen8ou-1626939905","p1":"LT91BB gostop","p2":"antarctozolt","format":"gen8ou","log":"|raw|<div class=\"broadcast-blue\"><strong>This battle is required to be public due to a player having a name starting with 'lt91bb'.<\/div>\n|j|\u2606LT91BB gostop\n|j|\u2606antarctozolt\n|t:|1658995810\n|gametype|singles\n|player|p1|LT91BB gostop|lucas|1734\n|player|p2|antarctozolt|skier|1829\n|teamsize|p1|6\n|teamsize|p2|6\n|gen|8\n|tier|[Gen 8] OU\n|rated|\n|rule|Sleep Clause Mod: Limit one foe put to sleep\n|rule|Species Clause: Limit one of each Pok\u00e9mon\n|rule|OHKO Clause: OHKO moves are banned\n|rule|Evasion Moves Clause: Evasion moves are banned\n|rule|Endless Battle Clause: Forcing endless battles is banned\n|rule|HP Percentage Mod: HP is shown in percentages\n|rule|Dynamax Clause: You cannot dynamax\n|clearpoke\n|poke|p1|Pyukumuku, F|\n|poke|p1|Audino, M|\n|poke|p1|Clefable, F|\n|poke|p1|Corviknight, F|\n|poke|p1|Toxapex, F|\n|poke|p1|Gastrodon, M|\n|poke|p2|Mew|\n|poke|p2|Weavile, F|\n|poke|p2|Celesteela|\n|poke|p2|Crawdaunt, M|\n|poke|p2|Garchomp, F|\n|poke|p2|Blacephalon|\n|teampreview\n|j| LIVVY IS MID\n|\n|t:|1658995824\n|start\n|switch|p1a: Toxapex|Toxapex, F|100\/100\n|switch|p2a: \u30ea\u30fc\u30c9|Mew, shiny|100\/100\n|turn|1\n|j| STDSuave\n|j| thatoneguy5777\n|j| LT91BBEZ\n|\n|t:|1658995828\n|move|p2a: \u30ea\u30fc\u30c9|Taunt|p1a: Toxapex\n|-start|p1a: Toxapex|move: Taunt\n|move|p1a: Toxapex|Scald|p2a: \u30ea\u30fc\u30c9\n|-damage|p2a: \u30ea\u30fc\u30c9|87\/100\n|\n|upkeep\n|turn|2\n|j| CrucialKoko\n|\n|t:|1658995834\n|move|p2a: \u30ea\u30fc\u30c9|Stealth Rock|p1a: Toxapex\n|-sidestart|p1: LT91BB gostop|move: Stealth Rock\n|move|p1a: Toxapex|Scald|p2a: \u30ea\u30fc\u30c9\n|-damage|p2a: \u30ea\u30fc\u30c9|73\/100\n|\n|upkeep\n|turn|3\n|j| torrential t\n|\n|t:|1658995839\n|move|p2a: \u30ea\u30fc\u30c9|Spikes|p1a: Toxapex\n|-sidestart|p1: LT91BB gostop|Spikes\n|move|p1a: Toxapex|Scald|p2a: \u30ea\u30fc\u30c9\n|-crit|p2a: \u30ea\u30fc\u30c9\n|-damage|p2a: \u30ea\u30fc\u30c9|51\/100\n|\n|-end|p1a: Toxapex|move: Taunt\n|upkeep\n|turn|4\n|j| krbyptty\n|\n|t:|1658995847\n|move|p2a: \u30ea\u30fc\u30c9|Taunt|p1a: Toxapex\n|-start|p1a: Toxapex|move: Taunt\n|move|p1a: Toxapex|Scald|p2a: \u30ea\u30fc\u30c9\n|-damage|p2a: \u30ea\u30fc\u30c9|37\/100\n|\n|upkeep\n|turn|5\n|j| lzaaaaa\n|j| vkhss\n|\n|t:|1658995853\n|move|p2a: \u30ea\u30fc\u30c9|Thunder Wave|p1a: Toxapex\n|-status|p1a: Toxapex|par\n|move|p1a: Toxapex|Scald||[still]\n|-damage|p2a: \u30ea\u30fc\u30c9|23\/100\n|-status|p2a: \u30ea\u30fc\u30c9|brn\n|-activate|p2a: \u30ea\u30fc\u30c9|ability: Synchronize\n|-fail|p2a: \u30ea\u30fc\u30c9\n|\n|-damage|p2a: \u30ea\u30fc\u30c9|17\/100 brn|[from] brn\n|upkeep\n|turn|6\n|l| LT91BBEZ\n|j| Allen-xia\n|\n|t:|1658995863\n|move|p2a: \u30ea\u30fc\u30c9|Spikes|p1a: Toxapex\n|-sidestart|p1: LT91BB gostop|Spikes\n|move|p1a: Toxapex|Scald|p2a: \u30ea\u30fc\u30c9\n|-damage|p2a: \u30ea\u30fc\u30c9|2\/100 brn\n|\n|-damage|p2a: \u30ea\u30fc\u30c9|0 fnt|[from] brn\n|faint|p2a: \u30ea\u30fc\u30c9\n|-end|p1a: Toxapex|move: Taunt\n|upkeep\n|j| LT91BB RL\n|\n|t:|1658995865\n|switch|p2a: \u653b\u6483\uff033|Crawdaunt, M, shiny|100\/100\n|turn|7\n|j| ClumsyClefable\n|\n|t:|1658995884\n|move|p2a: \u653b\u6483\uff033|Swords Dance|p2a: \u653b\u6483\uff033\n|-boost|p2a: \u653b\u6483\uff033|atk|2\n|cant|p1a: Toxapex|par\n|\n|upkeep\n|turn|8\n|j| AlIoutdragadarts\n|l| thatoneguy5777\n|\n|t:|1658995906\n|move|p2a: \u653b\u6483\uff033|Aqua Jet|p1a: Toxapex\n|-resisted|p1a: Toxapex\n|-damage|p1a: Toxapex|77\/100 par\n|-damage|p2a: \u653b\u6483\uff033|84\/100|[from] item: Rocky Helmet|[of] p1a: Toxapex\n|-damage|p2a: \u653b\u6483\uff033|74\/100|[from] item: Life Orb\n|move|p1a: Toxapex|Scald|p2a: \u653b\u6483\uff033\n|-resisted|p2a: \u653b\u6483\uff033\n|-damage|p2a: \u653b\u6483\uff033|57\/100\n|\n|upkeep\n|turn|9\n|\n|t:|1658995922\n|switch|p1a: Pyukumuku|Pyukumuku, F|100\/100\n|-damage|p1a: Pyukumuku|88\/100|[from] Stealth Rock\n|-damage|p1a: Pyukumuku|72\/100|[from] Spikes\n|move|p2a: \u653b\u6483\uff033|Knock Off|p1a: Pyukumuku\n|-damage|p1a: Pyukumuku|0 fnt\n|-damage|p2a: \u653b\u6483\uff033|0 fnt|[from] ability: Innards Out|[of] p1a: Pyukumuku\n|faint|p1a: Pyukumuku\n|faint|p2a: \u653b\u6483\uff033\n|\n|upkeep\n|j| icefacez\n|j| dragonclaw723\n|j| Ivehadenoughshit\n|j| Separation\n|\n|t:|1658995964\n|switch|p2a: \u653b\u6483\uff035|Blacephalon, shiny|100\/100\n|switch|p1a: Corviknight|Corviknight, F|100\/100\n|-damage|p1a: Corviknight|88\/100|[from] Stealth Rock\n|-ability|p1a: Corviknight|Pressure\n|turn|10\n|\n|t:|1658995976\n|switch|p1a: Toxapex|Toxapex, F|100\/100 par\n|-damage|p1a: Toxapex|88\/100 par|[from] Stealth Rock\n|-damage|p1a: Toxapex|72\/100 par|[from] Spikes\n|move|p2a: \u653b\u6483\uff035|Trick|p1a: Toxapex\n|-activate|p2a: \u653b\u6483\uff035|move: Trick|[of] p1a: Toxapex\n|-item|p1a: Toxapex|Choice Scarf|[from] move: Trick\n|-item|p2a: \u653b\u6483\uff035|Rocky Helmet|[from] move: Trick\n|\n|upkeep\n|turn|11\n|\n|t:|1658995989\n|switch|p1a: Audino|Audino, M|100\/100\n|-damage|p1a: Audino|88\/100|[from] Stealth Rock\n|-damage|p1a: Audino|71\/100|[from] Spikes\n|move|p2a: \u653b\u6483\uff035|Shadow Ball|p1a: Audino\n|-immune|p1a: Audino\n|\n|-heal|p1a: Audino|78\/100|[from] item: Leftovers\n|upkeep\n|turn|12\n|\n|t:|1658995993\n|move|p2a: \u653b\u6483\uff035|Flamethrower|p1a: Audino\n|-damage|p1a: Audino|42\/100\n|move|p1a: Audino|Wish|p1a: Audino\n|\n|-heal|p1a: Audino|48\/100|[from] item: Leftovers\n|upkeep\n|turn|13\n|j| Barracades\n|\n|t:|1658996013\n|switch|p2a: \u653b\u6483\uff031|Weavile, F, shiny|100\/100\n|-ability|p2a: \u653b\u6483\uff031|Pressure\n|move|p1a: Audino|Protect||[still]\n|-fail|p1a: Audino\n|\n|-heal|p1a: Audino|98\/100|[from] move: Wish|[wisher] Audino\n|-heal|p1a: Audino|100\/100|[from] item: Leftovers\n|upkeep\n|turn|14\n|j| ripreckful\n|l| dragonclaw723\n|\n|t:|1658996063\n|switch|p1a: Toxapex|Toxapex, F|100\/100 par\n|-damage|p1a: Toxapex|88\/100 par|[from] Stealth Rock\n|-damage|p1a: Toxapex|72\/100 par|[from] Spikes\n|move|p2a: \u653b\u6483\uff031|Swords Dance|p2a: \u653b\u6483\uff031\n|-boost|p2a: \u653b\u6483\uff031|atk|2\n|\n|upkeep\n|turn|15\n|\n|t:|1658996065\n|move|p2a: \u653b\u6483\uff031|Knock Off|p1a: Toxapex\n|-damage|p1a: Toxapex|0 fnt\n|-enditem|p1a: Toxapex|Choice Scarf|[from] move: Knock Off|[of] p2a: \u653b\u6483\uff031\n|faint|p1a: Toxapex\n|-damage|p2a: \u653b\u6483\uff031|91\/100|[from] item: Life Orb\n|\n|upkeep\n|\n|t:|1658996082\n|switch|p1a: Clefable|Clefable, F|100\/100\n|-damage|p1a: Clefable|88\/100|[from] Stealth Rock\n|-damage|p1a: Clefable|72\/100|[from] Spikes\n|turn|16\n|\n|t:|1658996085\n|move|p2a: \u653b\u6483\uff031|Triple Axel|p1a: Clefable\n|-damage|p1a: Clefable|61\/100\n|-damage|p1a: Clefable|39\/100\n|-damage|p1a: Clefable|7\/100\n|-hitcount|p1a: Clefable|3\n|-damage|p2a: \u653b\u6483\uff031|81\/100|[from] item: Life Orb\n|move|p1a: Clefable|Soft-Boiled|p1a: Clefable\n|-heal|p1a: Clefable|57\/100\n|\n|-heal|p1a: Clefable|63\/100|[from] item: Leftovers\n|upkeep\n|turn|17\n|\n|t:|1658996094\n|move|p2a: \u653b\u6483\uff031|Triple Axel|p1a: Clefable\n|-damage|p1a: Clefable|51\/100\n|-damage|p1a: Clefable|30\/100\n|-damage|p1a: Clefable|0 fnt\n|faint|p1a: Clefable\n|-hitcount|p1: Clefable|3\n|-damage|p2a: \u653b\u6483\uff031|71\/100|[from] item: Life Orb\n|\n|upkeep\n|j| confusien\n|\n|t:|1658996097\n|switch|p1a: Corviknight|Corviknight, F|88\/100\n|-damage|p1a: Corviknight|75\/100|[from] Stealth Rock\n|-ability|p1a: Corviknight|Pressure\n|turn|18\n|\n|t:|1658996100\n|move|p2a: \u653b\u6483\uff031|Knock Off|p1a: Corviknight\n|-damage|p1a: Corviknight|0 fnt\n|-enditem|p1a: Corviknight|Leftovers|[from] move: Knock Off|[of] p2a: \u653b\u6483\uff031\n|faint|p1a: Corviknight\n|-damage|p2a: \u653b\u6483\uff031|61\/100|[from] item: Life Orb\n|\n|upkeep\n|j| freezoro\n|c|\u2606LT91BB gostop|gg\n|l| freezoro\n|-message|LT91BB gostop forfeited.\n|\n|win|antarctozolt\n|raw|LT91BB gostop's rating: 1734 &rarr; <strong>1719<\/strong><br \/>(-15 for losing)\n|raw|antarctozolt's rating: 1829 &rarr; <strong>1844<\/strong><br \/>(+15 for winning)\n|l|\u2606LT91BB gostop\n","uploadtime":1658996113,"views":144,"p1id":"lt91bbgostop","p2id":"antarctozolt","formatid":"gen8ou","rating":1719,"private":0,"password":null}