{"id":"gen8ou-1630249068","p1":"Daevank5","p2":"Ill Leave","format":"gen8ou","log":"|j|\u2606Daevank5\n|j|\u2606Ill Leave\n|t:|1659398345\n|gametype|singles\n|player|p1|Daevank5|101|1563\n|player|p2|Ill Leave|1|1633\n|teamsize|p1|6\n|teamsize|p2|6\n|gen|8\n|tier|[Gen 8] OU\n|rated|\n|rule|Sleep Clause Mod: Limit one foe put to sleep\n|rule|Species Clause: Limit one of each Pok\u00e9mon\n|rule|OHKO Clause: OHKO moves are banned\n|rule|Evasion Moves Clause: Evasion moves are banned\n|rule|Endless Battle Clause: Forcing endless battles is banned\n|rule|HP Percentage Mod: HP is shown in percentages\n|rule|Dynamax Clause: You cannot dynamax\n|clearpoke\n|poke|p1|Bisharp, M|\n|poke|p1|Corviknight, F|\n|poke|p1|Terrakion|\n|poke|p1|Toxapex, M|\n|poke|p1|Zeraora|\n|poke|p1|Mamoswine, M|\n|poke|p2|Nihilego|\n|poke|p2|Slowking-Galar, M|\n|poke|p2|Buzzwole|\n|poke|p2|Corviknight, F|\n|poke|p2|Landorus-Therian, M|\n|poke|p2|Zapdos-Galar|\n|teampreview\n|\n|t:|1659398352\n|start\n|switch|p1a: Toxapex|Toxapex, M|100\/100\n|switch|p2a: Landorus|Landorus-Therian, M|100\/100\n|-ability|p2a: Landorus|Intimidate|boost\n|-unboost|p1a: Toxapex|atk|1\n|turn|1\n|\n|t:|1659398359\n|move|p2a: Landorus|Stealth Rock|p1a: Toxapex\n|-sidestart|p1: Daevank5|move: Stealth Rock\n|move|p1a: Toxapex|Toxic|p2a: Landorus\n|-status|p2a: Landorus|tox\n|\n|-damage|p2a: Landorus|94\/100 tox|[from] psn\n|upkeep\n|turn|2\n|\n|t:|1659398370\n|move|p2a: Landorus|U-turn|p1a: Toxapex\n|-resisted|p1a: Toxapex\n|-damage|p1a: Toxapex|93\/100\n|-enditem|p1a: Toxapex|Eject Button\n|\n|t:|1659398372\n|switch|p1a: Mamoswine|Mamoswine, M|100\/100\n|-damage|p1a: Mamoswine|88\/100|[from] Stealth Rock\n|\n|-heal|p2a: Landorus|100\/100 tox|[from] item: Leftovers\n|-damage|p2a: Landorus|88\/100 tox|[from] psn\n|upkeep\n|turn|3\n|inactive|Battle timer is ON: inactive players will automatically lose when time's up. (requested by Daevank5)\n|\n|t:|1659398378\n|switch|p2a: Corviknight|Corviknight, F|100\/100\n|-ability|p2a: Corviknight|Pressure\n|move|p1a: Mamoswine|Stealth Rock|p2a: Corviknight\n|-sidestart|p2: Ill Leave|move: Stealth Rock\n|\n|upkeep\n|turn|4\n|\n|t:|1659398387\n|switch|p1a: Toxapex|Toxapex, M|100\/100\n|-damage|p1a: Toxapex|88\/100|[from] Stealth Rock\n|move|p2a: Corviknight|Bulk Up|p2a: Corviknight\n|-boost|p2a: Corviknight|atk|1\n|-boost|p2a: Corviknight|def|1\n|\n|upkeep\n|turn|5\n|\n|t:|1659398389\n|move|p2a: Corviknight|Substitute|p2a: Corviknight\n|-start|p2a: Corviknight|Substitute\n|-damage|p2a: Corviknight|75\/100\n|move|p1a: Toxapex|Scald|p2a: Corviknight\n|-activate|p2a: Corviknight|move: Substitute|[damage]\n|\n|-heal|p2a: Corviknight|82\/100|[from] item: Leftovers\n|upkeep\n|turn|6\n|\n|t:|1659398394\n|move|p2a: Corviknight|Bulk Up|p2a: Corviknight\n|-boost|p2a: Corviknight|atk|1\n|-boost|p2a: Corviknight|def|1\n|move|p1a: Toxapex|Haze|p1a: Toxapex\n|-clearallboost\n|\n|-heal|p2a: Corviknight|88\/100|[from] item: Leftovers\n|upkeep\n|turn|7\n|\n|t:|1659398397\n|move|p2a: Corviknight|Bulk Up|p2a: Corviknight\n|-boost|p2a: Corviknight|atk|1\n|-boost|p2a: Corviknight|def|1\n|move|p1a: Toxapex|Scald|p2a: Corviknight\n|-activate|p2a: Corviknight|move: Substitute|[damage]\n|\n|-heal|p2a: Corviknight|94\/100|[from] item: Leftovers\n|upkeep\n|turn|8\n|\n|t:|1659398402\n|move|p2a: Corviknight|Bulk Up|p2a: Corviknight\n|-boost|p2a: Corviknight|atk|1\n|-boost|p2a: Corviknight|def|1\n|move|p1a: Toxapex|Haze|p1a: Toxapex\n|-clearallboost\n|\n|-heal|p2a: Corviknight|100\/100|[from] item: Leftovers\n|upkeep\n|turn|9\n|\n|t:|1659398406\n|switch|p1a: Corviknight|Corviknight, F|100\/100\n|-damage|p1a: Corviknight|88\/100|[from] Stealth Rock\n|-ability|p1a: Corviknight|Pressure\n|move|p2a: Corviknight|Bulk Up|p2a: Corviknight\n|-boost|p2a: Corviknight|atk|1\n|-boost|p2a: Corviknight|def|1\n|\n|-heal|p1a: Corviknight|94\/100|[from] item: Leftovers\n|upkeep\n|turn|10\n|\n|t:|1659398410\n|move|p2a: Corviknight|Bulk Up|p2a: Corviknight\n|-boost|p2a: Corviknight|atk|1\n|-boost|p2a: Corviknight|def|1\n|move|p1a: Corviknight|U-turn|p2a: Corviknight\n|-resisted|p2a: Corviknight\n|-activate|p2a: Corviknight|move: Substitute|[damage]\n|\n|t:|1659398412\n|switch|p1a: Toxapex|Toxapex, M|100\/100|[from]move: U-turn\n|-damage|p1a: Toxapex|88\/100|[from] Stealth Rock\n|\n|upkeep\n|turn|11\n|\n|t:|1659398415\n|move|p2a: Corviknight|Brave Bird|p1a: Toxapex\n|-damage|p1a: Toxapex|46\/100\n|-damage|p2a: Corviknight|90\/100|[from] Recoil\n|move|p1a: Toxapex|Haze|p1a: Toxapex\n|-clearallboost\n|\n|-heal|p2a: Corviknight|96\/100|[from] item: Leftovers\n|upkeep\n|turn|12\n|\n|t:|1659398421\n|switch|p1a: Corviknight|Corviknight, F|94\/100\n|-damage|p1a: Corviknight|82\/100|[from] Stealth Rock\n|-ability|p1a: Corviknight|Pressure\n|move|p2a: Corviknight|Bulk Up|p2a: Corviknight\n|-boost|p2a: Corviknight|atk|1\n|-boost|p2a: Corviknight|def|1\n|\n|-heal|p2a: Corviknight|100\/100|[from] item: Leftovers\n|-heal|p1a: Corviknight|88\/100|[from] item: Leftovers\n|upkeep\n|turn|13\n|\n|t:|1659398424\n|move|p2a: Corviknight|Bulk Up|p2a: Corviknight\n|-boost|p2a: Corviknight|atk|1\n|-boost|p2a: Corviknight|def|1\n|move|p1a: Corviknight|U-turn|p2a: Corviknight\n|-resisted|p2a: Corviknight\n|-end|p2a: Corviknight|Substitute\n|\n|t:|1659398426\n|switch|p1a: Toxapex|Toxapex, M|79\/100|[from]move: U-turn\n|-damage|p1a: Toxapex|66\/100|[from] Stealth Rock\n|\n|upkeep\n|turn|14\n|\n|t:|1659398428\n|move|p2a: Corviknight|Brave Bird|p1a: Toxapex\n|-damage|p1a: Toxapex|21\/100\n|-damage|p2a: Corviknight|89\/100|[from] Recoil\n|move|p1a: Toxapex|Haze|p1a: Toxapex\n|-clearallboost\n|\n|-heal|p2a: Corviknight|95\/100|[from] item: Leftovers\n|upkeep\n|turn|15\n|\n|t:|1659398435\n|switch|p1a: Zeraora|Zeraora|100\/100\n|move|p2a: Corviknight|Brave Bird|p1a: Zeraora\n|-resisted|p1a: Zeraora\n|-damage|p1a: Zeraora|76\/100\n|-damage|p2a: Corviknight|89\/100|[from] Recoil\n|\n|-heal|p2a: Corviknight|95\/100|[from] item: Leftovers\n|upkeep\n|turn|16\n|\n|t:|1659398441\n|switch|p2a: Landorus|Landorus-Therian, M|88\/100 tox\n|-damage|p2a: Landorus|76\/100 tox|[from] Stealth Rock\n|-ability|p2a: Landorus|Intimidate|boost\n|-unboost|p1a: Zeraora|atk|1\n|move|p1a: Zeraora|Knock Off|p2a: Landorus\n|-damage|p2a: Landorus|57\/100 tox\n|-enditem|p2a: Landorus|Leftovers|[from] move: Knock Off|[of] p1a: Zeraora\n|\n|-damage|p2a: Landorus|51\/100 tox|[from] psn\n|upkeep\n|turn|17\n|\n|t:|1659398444\n|switch|p1a: Toxapex|Toxapex, M|54\/100\n|-damage|p1a: Toxapex|42\/100|[from] Stealth Rock\n|move|p2a: Landorus|U-turn|p1a: Toxapex\n|-resisted|p1a: Toxapex\n|-damage|p1a: Toxapex|35\/100\n|\n|t:|1659398455\n|switch|p2a: Zapdos|Zapdos-Galar|100\/100|[from]move: U-turn\n|-damage|p2a: Zapdos|88\/100|[from] Stealth Rock\n|\n|upkeep\n|turn|18\n|\n|t:|1659398466\n|switch|p1a: Corviknight|Corviknight, F|88\/100\n|-damage|p1a: Corviknight|75\/100|[from] Stealth Rock\n|-ability|p1a: Corviknight|Pressure\n|move|p2a: Zapdos|Close Combat|p1a: Corviknight\n|-damage|p1a: Corviknight|18\/100\n|-unboost|p2a: Zapdos|def|1\n|-unboost|p2a: Zapdos|spd|1\n|\n|-heal|p1a: Corviknight|25\/100|[from] item: Leftovers\n|upkeep\n|turn|19\n|\n|t:|1659398472\n|switch|p1a: Toxapex|Toxapex, M|68\/100\n|-damage|p1a: Toxapex|56\/100|[from] Stealth Rock\n|move|p2a: Zapdos|Close Combat|p1a: Toxapex\n|-resisted|p1a: Toxapex\n|-damage|p1a: Toxapex|27\/100\n|-unboost|p2a: Zapdos|def|1\n|-unboost|p2a: Zapdos|spd|1\n|\n|upkeep\n|turn|20\n|\n|t:|1659398484\n|switch|p1a: Corviknight|Corviknight, F|25\/100\n|-damage|p1a: Corviknight|12\/100|[from] Stealth Rock\n|-ability|p1a: Corviknight|Pressure\n|move|p2a: Zapdos|Close Combat|p1a: Corviknight\n|-damage|p1a: Corviknight|0 fnt\n|-unboost|p2a: Zapdos|def|1\n|-unboost|p2a: Zapdos|spd|1\n|faint|p1a: Corviknight\n|\n|upkeep\n|\n|t:|1659398487\n|switch|p1a: Toxapex|Toxapex, M|60\/100\n|-damage|p1a: Toxapex|48\/100|[from] Stealth Rock\n|turn|21\n|\n|t:|1659398492\n|switch|p2a: Slowking|Slowking-Galar, M|100\/100\n|-damage|p2a: Slowking|88\/100|[from] Stealth Rock\n|move|p1a: Toxapex|Recover|p1a: Toxapex\n|-heal|p1a: Toxapex|98\/100\n|\n|upkeep\n|turn|22\n|\n|t:|1659398498\n|switch|p1a: Bisharp|Bisharp, M|100\/100\n|-damage|p1a: Bisharp|95\/100|[from] Stealth Rock\n|move|p2a: Slowking|Future Sight|p1a: Bisharp\n|-start|p2a: Slowking|move: Future Sight\n|\n|upkeep\n|turn|23\n|\n|t:|1659398500\n|switch|p2a: Buzzwole|Buzzwole|100\/100\n|-damage|p2a: Buzzwole|88\/100|[from] Stealth Rock\n|move|p1a: Bisharp|Knock Off|p2a: Buzzwole\n|-resisted|p2a: Buzzwole\n|-damage|p2a: Buzzwole|72\/100\n|-damage|p1a: Bisharp|78\/100|[from] item: Rocky Helmet|[of] p2a: Buzzwole\n|-enditem|p2a: Buzzwole|Rocky Helmet|[from] move: Knock Off|[of] p1a: Bisharp\n|-damage|p1a: Bisharp|68\/100|[from] item: Life Orb\n|\n|upkeep\n|turn|24\n|\n|t:|1659398509\n|move|p1a: Bisharp|Iron Head|p2a: Buzzwole\n|-damage|p2a: Buzzwole|45\/100\n|-damage|p1a: Bisharp|58\/100|[from] item: Life Orb\n|move|p2a: Buzzwole|Drain Punch|p1a: Bisharp\n|-supereffective|p1a: Bisharp\n|-damage|p1a: Bisharp|0 fnt\n|-heal|p2a: Buzzwole|63\/100|[from] drain|[of] p1a: Bisharp\n|faint|p1a: Bisharp\n|-ability|p2a: Buzzwole|Beast Boost|boost\n|-boost|p2a: Buzzwole|def|1\n|\n|-hint|Future Sight did not hit because the target is fainted.\n|upkeep\n|\n|t:|1659398513\n|switch|p1a: Toxapex|Toxapex, M|100\/100\n|-damage|p1a: Toxapex|88\/100|[from] Stealth Rock\n|turn|25\n|\n|t:|1659398524\n|switch|p2a: Slowking|Slowking-Galar, M|100\/100\n|-damage|p2a: Slowking|88\/100|[from] Stealth Rock\n|switch|p1a: Mamoswine|Mamoswine, M|88\/100\n|-damage|p1a: Mamoswine|76\/100|[from] Stealth Rock\n|\n|upkeep\n|turn|26\n|inactive|Ill Leave has 120 seconds left.\n|\n|t:|1659398570\n|switch|p2a: Corviknight|Corviknight, F|95\/100\n|-damage|p2a: Corviknight|82\/100|[from] Stealth Rock\n|-ability|p2a: Corviknight|Pressure\n|move|p1a: Mamoswine|Icicle Crash|p2a: Corviknight\n|-damage|p2a: Corviknight|31\/100\n|-damage|p1a: Mamoswine|66\/100|[from] item: Life Orb\n|\n|-heal|p2a: Corviknight|37\/100|[from] item: Leftovers\n|upkeep\n|turn|27\n|\n|t:|1659398577\n|move|p1a: Mamoswine|Icicle Crash|p2a: Corviknight\n|-damage|p2a: Corviknight|0 fnt\n|faint|p2a: Corviknight\n|-damage|p1a: Mamoswine|56\/100|[from] item: Life Orb\n|\n|upkeep\n|\n|t:|1659398585\n|switch|p2a: Buzzwole|Buzzwole|63\/100\n|-damage|p2a: Buzzwole|51\/100|[from] Stealth Rock\n|turn|28\n|\n|t:|1659398587\n|move|p1a: Mamoswine|Icicle Crash|p2a: Buzzwole\n|-damage|p2a: Buzzwole|18\/100\n|-damage|p1a: Mamoswine|46\/100|[from] item: Life Orb\n|move|p2a: Buzzwole|Drain Punch|p1a: Mamoswine\n|-supereffective|p1a: Mamoswine\n|-damage|p1a: Mamoswine|0 fnt\n|-heal|p2a: Buzzwole|38\/100|[from] drain|[of] p1a: Mamoswine\n|faint|p1a: Mamoswine\n|-ability|p2a: Buzzwole|Beast Boost|boost\n|-boost|p2a: Buzzwole|def|1\n|\n|upkeep\n|\n|t:|1659398590\n|switch|p1a: Terrakion|Terrakion|100\/100\n|-damage|p1a: Terrakion|94\/100|[from] Stealth Rock\n|turn|29\n|inactive|Ill Leave has 120 seconds left.\n|\n|t:|1659398606\n|move|p1a: Terrakion|Stone Edge|p2a: Buzzwole\n|-crit|p2a: Buzzwole\n|-damage|p2a: Buzzwole|0 fnt\n|faint|p2a: Buzzwole\n|\n|upkeep\n|\n|t:|1659398610\n|switch|p2a: Landorus|Landorus-Therian, M|51\/100 tox\n|-damage|p2a: Landorus|39\/100 tox|[from] Stealth Rock\n|-ability|p2a: Landorus|Intimidate|boost\n|-unboost|p1a: Terrakion|atk|1\n|turn|30\n|\n|t:|1659398612\n|move|p1a: Terrakion|Stone Edge|p2a: Landorus\n|-damage|p2a: Landorus|0 fnt\n|faint|p2a: Landorus\n|\n|upkeep\n|\n|t:|1659398619\n|switch|p2a: Nihilego|Nihilego|100\/100\n|-damage|p2a: Nihilego|88\/100|[from] Stealth Rock\n|turn|31\n|\n|t:|1659398624\n|move|p1a: Terrakion|Stone Edge|p2a: Nihilego\n|-damage|p2a: Nihilego|15\/100\n|move|p2a: Nihilego|Meteor Beam||[still]\n|-prepare|p2a: Nihilego|Meteor Beam\n|-boost|p2a: Nihilego|spa|1\n|-enditem|p2a: Nihilego|Power Herb\n|-anim|p2a: Nihilego|Meteor Beam|p1a: Terrakion\n|-resisted|p1a: Terrakion\n|-damage|p1a: Terrakion|43\/100\n|\n|upkeep\n|turn|32\n|\n|t:|1659398639\n|move|p1a: Terrakion|Stone Edge|p2a: Nihilego\n|-damage|p2a: Nihilego|0 fnt\n|faint|p2a: Nihilego\n|\n|upkeep\n|\n|t:|1659398644\n|switch|p2a: Slowking|Slowking-Galar, M|100\/100\n|-damage|p2a: Slowking|88\/100|[from] Stealth Rock\n|turn|33\n|\n|t:|1659398656\n|move|p1a: Terrakion|Stone Edge|p2a: Slowking|[miss]\n|-miss|p1a: Terrakion|p2a: Slowking\n|move|p2a: Slowking|Future Sight|p1a: Terrakion\n|-start|p2a: Slowking|move: Future Sight\n|\n|upkeep\n|turn|34\n|\n|t:|1659398671\n|move|p1a: Terrakion|Stone Edge|p2a: Slowking\n|-damage|p2a: Slowking|32\/100\n|move|p2a: Slowking|Earthquake|p1a: Terrakion\n|-supereffective|p1a: Terrakion\n|-damage|p1a: Terrakion|4\/100\n|\n|upkeep\n|turn|35\n|\n|t:|1659398693\n|switch|p2a: Zapdos|Zapdos-Galar|88\/100\n|-damage|p2a: Zapdos|76\/100|[from] Stealth Rock\n|move|p1a: Terrakion|Stone Edge|p2a: Zapdos\n|-damage|p2a: Zapdos|10\/100\n|\n|-end|p1a: Terrakion|move: Future Sight\n|-supereffective|p1a: Terrakion\n|-damage|p1a: Terrakion|0 fnt\n|faint|p1a: Terrakion\n|upkeep\n|\n|t:|1659398705\n|switch|p1a: Toxapex|Toxapex, M|100\/100\n|-damage|p1a: Toxapex|88\/100|[from] Stealth Rock\n|turn|36\n|\n|t:|1659398720\n|switch|p2a: Slowking|Slowking-Galar, M|65\/100\n|-damage|p2a: Slowking|53\/100|[from] Stealth Rock\n|move|p1a: Toxapex|Scald|p2a: Slowking\n|-damage|p2a: Slowking|46\/100\n|-status|p2a: Slowking|brn\n|\n|-damage|p2a: Slowking|40\/100 brn|[from] brn\n|upkeep\n|turn|37\n|\n|t:|1659398723\n|move|p1a: Toxapex|Scald|p2a: Slowking\n|-damage|p2a: Slowking|32\/100 brn\n|move|p2a: Slowking|Future Sight|p1a: Toxapex\n|-start|p2a: Slowking|move: Future Sight\n|\n|-damage|p2a: Slowking|26\/100 brn|[from] brn\n|upkeep\n|turn|38\n|\n|t:|1659398729\n|move|p1a: Toxapex|Scald|p2a: Slowking\n|-damage|p2a: Slowking|18\/100 brn\n|move|p2a: Slowking|Earthquake|p1a: Toxapex\n|-supereffective|p1a: Toxapex\n|-damage|p1a: Toxapex|78\/100\n|\n|-damage|p2a: Slowking|12\/100 brn|[from] brn\n|upkeep\n|turn|39\n|\n|t:|1659398732\n|switch|p2a: Zapdos|Zapdos-Galar|10\/100\n|-damage|p2a: Zapdos|0 fnt|[from] Stealth Rock\n|faint|p2a: Zapdos\n|move|p1a: Toxapex|Recover|p1a: Toxapex\n|-heal|p1a: Toxapex|100\/100\n|\n|-end|p1a: Toxapex|move: Future Sight\n|-supereffective|p1a: Toxapex\n|-damage|p1a: Toxapex|15\/100\n|upkeep\n|\n|t:|1659398735\n|switch|p2a: Slowking|Slowking-Galar, M|45\/100 brn\n|-damage|p2a: Slowking|33\/100 brn|[from] Stealth Rock\n|turn|40\n|\n|t:|1659398740\n|move|p1a: Toxapex|Scald|p2a: Slowking\n|-damage|p2a: Slowking|26\/100 brn\n|move|p2a: Slowking|Future Sight|p1a: Toxapex\n|-start|p2a: Slowking|move: Future Sight\n|\n|-damage|p2a: Slowking|20\/100 brn|[from] brn\n|upkeep\n|turn|41\n|\n|t:|1659398742\n|move|p1a: Toxapex|Scald|p2a: Slowking\n|-damage|p2a: Slowking|12\/100 brn\n|move|p2a: Slowking|Earthquake|p1a: Toxapex\n|-supereffective|p1a: Toxapex\n|-damage|p1a: Toxapex|5\/100\n|\n|-damage|p2a: Slowking|6\/100 brn|[from] brn\n|upkeep\n|turn|42\n|\n|t:|1659398746\n|move|p1a: Toxapex|Scald|p2a: Slowking\n|-damage|p2a: Slowking|0 fnt\n|faint|p2a: Slowking\n|\n|win|Daevank5\n|raw|Daevank5's rating: 1563 &rarr; <strong>1587<\/strong><br \/>(+24 for winning)\n|raw|Ill Leave's rating: 1633 &rarr; <strong>1609<\/strong><br \/>(-24 for losing)\n|c|\u2606Daevank5|gg\n|l|\u2606Ill Leave\n||Ladder isn't responding, score probably updated but might not have (Request timeout).\n","uploadtime":1659398753,"views":39,"p1id":"daevank5","p2id":"illleave","formatid":"gen8ou","rating":1587,"private":0,"password":null}