{"id":"gen8uu-1703368405","p1":"Ecw Tazz Rvd","p2":"LolzMachine","format":"gen8uu","log":"|j|\u2606Ecw Tazz Rvd\n|j|\u2606LolzMachine\n|t:|1667655627\n|gametype|singles\n|player|p1|Ecw Tazz Rvd|170|1475\n|player|p2|LolzMachine|265|1595\n|teamsize|p1|6\n|teamsize|p2|6\n|gen|8\n|tier|[Gen 8] UU\n|rated|\n|rule|Sleep Clause Mod: Limit one foe put to sleep\n|rule|Species Clause: Limit one of each Pok\u00e9mon\n|rule|OHKO Clause: OHKO moves are banned\n|rule|Evasion Items Clause: Evasion items are banned\n|rule|Evasion Moves Clause: Evasion moves are banned\n|rule|Endless Battle Clause: Forcing endless battles is banned\n|rule|HP Percentage Mod: HP is shown in percentages\n|rule|Dynamax Clause: You cannot dynamax\n|clearpoke\n|poke|p1|Polteageist|\n|poke|p1|Darmanitan, M|\n|poke|p1|Thundurus-Therian, M|\n|poke|p1|Porygon2|\n|poke|p1|Scizor, M|\n|poke|p1|Salamence, M|\n|poke|p2|Magneton|\n|poke|p2|Scolipede, M|\n|poke|p2|Lycanroc-Dusk, F|\n|poke|p2|Excadrill, F|\n|poke|p2|Primarina, F|\n|poke|p2|Necrozma|\n|teampreview\n|\n|t:|1667655639\n|start\n|switch|p1a: Scizor|Scizor, M|100\/100\n|switch|p2a: Necrozma|Necrozma|100\/100\n|turn|1\n|\n|t:|1667655651\n|move|p2a: Necrozma|Heat Wave|p1a: Scizor\n|-supereffective|p1a: Scizor\n|-damage|p1a: Scizor|0 fnt\n|faint|p1a: Scizor\n|\n|upkeep\n|\n|t:|1667655659\n|switch|p1a: 2012|Salamence, M, shiny|100\/100\n|turn|2\n|\n|t:|1667655679\n|move|p1a: 2012|Dragon Dance|p1a: 2012\n|-boost|p1a: 2012|atk|1\n|-boost|p1a: 2012|spe|1\n|move|p2a: Necrozma|Meteor Beam||[still]\n|-prepare|p2a: Necrozma|Meteor Beam\n|-boost|p2a: Necrozma|spa|1\n|-enditem|p2a: Necrozma|Power Herb\n|-anim|p2a: Necrozma|Meteor Beam|p1a: 2012\n|-supereffective|p1a: 2012\n|-damage|p1a: 2012|0 fnt\n|faint|p1a: 2012\n|\n|upkeep\n|\n|t:|1667655702\n|switch|p1a: 2004|Darmanitan, M, shiny|100\/100\n|turn|3\n|\n|t:|1667655719\n|move|p1a: 2004|Flare Blitz|p2a: Necrozma\n|-damage|p2a: Necrozma|0 fnt\n|faint|p2a: Necrozma\n|-damage|p1a: 2004|69\/100|[from] Recoil\n|\n|upkeep\n|\n|t:|1667655721\n|switch|p2a: Lycanroc|Lycanroc-Dusk, F|100\/100\n|turn|4\n|\n|t:|1667655738\n|move|p2a: Lycanroc|Accelerock|p1a: 2004\n|-supereffective|p1a: 2004\n|-damage|p1a: 2004|0 fnt\n|faint|p1a: 2004\n|-damage|p2a: Lycanroc|91\/100|[from] item: Life Orb\n|\n|upkeep\n|\n|t:|1667655744\n|switch|p1a: Driver|Porygon2, shiny|100\/100\n|turn|5\n|\n|t:|1667655753\n|switch|p2a: Excadrill|Excadrill, F|100\/100\n|-item|p2a: Excadrill|Air Balloon\n|move|p1a: Driver|Discharge|p2a: Excadrill\n|-immune|p2a: Excadrill\n|\n|upkeep\n|turn|6\n|\n|t:|1667655758\n|move|p2a: Excadrill|Swords Dance|p2a: Excadrill\n|-boost|p2a: Excadrill|atk|2\n|move|p1a: Driver|Ice Beam|p2a: Excadrill\n|-damage|p2a: Excadrill|56\/100\n|-status|p2a: Excadrill|frz\n|-enditem|p2a: Excadrill|Air Balloon\n|\n|upkeep\n|turn|7\n|\n|t:|1667655761\n|cant|p2a: Excadrill|frz\n|move|p1a: Driver|Ice Beam|p2a: Excadrill\n|-damage|p2a: Excadrill|8\/100 frz\n|\n|upkeep\n|turn|8\n|\n|t:|1667655764\n|cant|p2a: Excadrill|frz\n|move|p1a: Driver|Ice Beam|p2a: Excadrill\n|-damage|p2a: Excadrill|0 fnt\n|faint|p2a: Excadrill\n|\n|upkeep\n|\n|t:|1667655767\n|switch|p2a: Primarina|Primarina, F|100\/100\n|turn|9\n|\n|t:|1667655771\n|move|p2a: Primarina|Calm Mind|p2a: Primarina\n|-boost|p2a: Primarina|spa|1\n|-boost|p2a: Primarina|spd|1\n|move|p1a: Driver|Discharge|p2a: Primarina\n|-supereffective|p2a: Primarina\n|-damage|p2a: Primarina|59\/100\n|\n|-heal|p2a: Primarina|65\/100|[from] item: Leftovers\n|upkeep\n|turn|10\n|\n|t:|1667655782\n|switch|p1a: 99|Thundurus-Therian, M|100\/100\n|move|p2a: Primarina|Moonblast|p1a: 99\n|-damage|p1a: 99|0 fnt\n|faint|p1a: 99\n|\n|-heal|p2a: Primarina|71\/100|[from] item: Leftovers\n|upkeep\n|\n|t:|1667655789\n|switch|p1a: 1993|Polteageist|100\/100\n|turn|11\n|\n|t:|1667655817\n|move|p2a: Primarina|Moonblast|p1a: 1993\n|-damage|p1a: 1993|6\/100\n|-unboost|p1a: 1993|spa|1\n|move|p1a: 1993|Shell Smash|p1a: 1993\n|-unboost|p1a: 1993|def|1\n|-unboost|p1a: 1993|spd|1\n|-boost|p1a: 1993|atk|2\n|-boost|p1a: 1993|spa|2\n|-boost|p1a: 1993|spe|2\n|\n|-heal|p2a: Primarina|77\/100|[from] item: Leftovers\n|upkeep\n|turn|12\n|\n|t:|1667655835\n|move|p1a: 1993|Shadow Ball|p2a: Primarina\n|-damage|p2a: Primarina|31\/100\n|move|p2a: Primarina|Moonblast|p1a: 1993\n|-damage|p1a: 1993|0 fnt\n|faint|p1a: 1993\n|\n|-heal|p2a: Primarina|37\/100|[from] item: Leftovers\n|upkeep\n|-message|Ecw Tazz Rvd forfeited.\n|\n|win|LolzMachine\n|raw|Ecw Tazz Rvd's rating: 1475 &rarr; <strong>1463<\/strong><br \/>(-12 for losing)\n|raw|LolzMachine's rating: 1618 &rarr; <strong>1630<\/strong><br \/>(+12 for winning)\n|l|\u2606Ecw Tazz Rvd\n||Ladder isn't responding, score probably updated but might not have (Request timeout).\n","uploadtime":1667655870,"views":4,"p1id":"ecwtazzrvd","p2id":"lolzmachine","formatid":"gen8uu","rating":1463,"private":0,"password":null}