{"id":"gen8ou-1674887962","p1":"SoarApollo","p2":"hypervortexreturns","format":"gen8ou","log":"|j|\u2606SoarApollo\n|j|\u203dhypervortexreturns\n|t:|1664619345\n|gametype|singles\n|player|p1|SoarApollo|rollerskater|1811\n|player|p2|hypervortexreturns|2|1895\n|teamsize|p1|6\n|teamsize|p2|6\n|gen|8\n|tier|[Gen 8] OU\n|rated|\n|rule|Sleep Clause Mod: Limit one foe put to sleep\n|rule|Species Clause: Limit one of each Pok\u00e9mon\n|rule|OHKO Clause: OHKO moves are banned\n|rule|Evasion Items Clause: Evasion items are banned\n|rule|Evasion Moves Clause: Evasion moves are banned\n|rule|Endless Battle Clause: Forcing endless battles is banned\n|rule|HP Percentage Mod: HP is shown in percentages\n|rule|Dynamax Clause: You cannot dynamax\n|clearpoke\n|poke|p1|Raikou|\n|poke|p1|Zapdos|\n|poke|p1|Dragonite, F|\n|poke|p1|Urshifu-*, M|\n|poke|p1|Swampert, M|\n|poke|p1|Melmetal|\n|poke|p2|Hydreigon, M|\n|poke|p2|Zapdos|\n|poke|p2|Tangrowth, M|\n|poke|p2|Corviknight, F|\n|poke|p2|Excadrill, M|\n|poke|p2|Azumarill, M|\n|teampreview\n|inactive|Battle timer is ON: inactive players will automatically lose when time's up. (requested by hypervortexreturns)\n|\n|t:|1664619363\n|start\n|switch|p1a: Swampert|Swampert, M|100\/100\n|switch|p2a: Tangrowth|Tangrowth, M|100\/100\n|turn|1\n|\n|t:|1664619376\n|move|p2a: Tangrowth|Knock Off|p1a: Swampert\n|-damage|p1a: Swampert|82\/100\n|-enditem|p1a: Swampert|Leftovers|[from] move: Knock Off|[of] p2a: Tangrowth\n|move|p1a: Swampert|Toxic|p2a: Tangrowth\n|-status|p2a: Tangrowth|tox\n|\n|-damage|p2a: Tangrowth|94\/100 tox|[from] psn\n|upkeep\n|turn|2\n|\n|t:|1664619388\n|switch|p1a: Zapdos|Zapdos, shiny|100\/100\n|move|p2a: Tangrowth|Knock Off|p1a: Zapdos\n|-damage|p1a: Zapdos|75\/100\n|-enditem|p1a: Zapdos|Heavy-Duty Boots|[from] move: Knock Off|[of] p2a: Tangrowth\n|\n|-damage|p2a: Tangrowth|82\/100 tox|[from] psn\n|upkeep\n|turn|3\n|\n|t:|1664619400\n|switch|p2a: Hydreigon|Hydreigon, M|100\/100\n|move|p1a: Zapdos|Roost|p1a: Zapdos\n|-heal|p1a: Zapdos|100\/100\n|-singleturn|p1a: Zapdos|move: Roost\n|\n|upkeep\n|turn|4\n|\n|t:|1664619409\n|move|p2a: Hydreigon|Dark Pulse|p1a: Zapdos\n|-damage|p1a: Zapdos|61\/100\n|move|p1a: Zapdos|Volt Switch|p2a: Hydreigon\n|-resisted|p2a: Hydreigon\n|-damage|p2a: Hydreigon|82\/100\n|\n|t:|1664619411\n|switch|p1a: Swampert|Swampert, M|82\/100|[from]move: Volt Switch\n|\n|-heal|p2a: Hydreigon|88\/100|[from] item: Leftovers\n|upkeep\n|turn|5\n|\n|t:|1664619434\n|switch|p2a: Tangrowth|Tangrowth, M|100\/100 tox\n|move|p1a: Swampert|Stealth Rock|p2a: Tangrowth\n|-sidestart|p2: hypervortexreturns|move: Stealth Rock\n|\n|-damage|p2a: Tangrowth|94\/100 tox|[from] psn\n|upkeep\n|turn|6\n|\n|t:|1664619444\n|switch|p1a: Zapdos|Zapdos, shiny|61\/100\n|move|p2a: Tangrowth|Sleep Powder|p1a: Zapdos\n|-status|p1a: Zapdos|slp|[from] move: Sleep Powder\n|\n|-damage|p2a: Tangrowth|82\/100 tox|[from] psn\n|upkeep\n|turn|7\n|\n|t:|1664619456\n|switch|p2a: Excadrill|Excadrill, M|100\/100\n|-damage|p2a: Excadrill|97\/100|[from] Stealth Rock\n|-ability|p2a: Excadrill|Mold Breaker\n|cant|p1a: Zapdos|slp\n|\n|-heal|p2a: Excadrill|100\/100|[from] item: Leftovers\n|upkeep\n|turn|8\n|\n|t:|1664619469\n|move|p2a: Excadrill|Stealth Rock|p1a: Zapdos\n|-sidestart|p1: SoarApollo|move: Stealth Rock\n|cant|p1a: Zapdos|slp\n|\n|upkeep\n|turn|9\n|\n|t:|1664619490\n|switch|p2a: Zapdos|Zapdos|100\/100\n|cant|p1a: Zapdos|slp\n|\n|upkeep\n|turn|10\n|\n|t:|1664619496\n|move|p2a: Zapdos|Discharge|p1a: Zapdos\n|-damage|p1a: Zapdos|25\/100 slp\n|-curestatus|p1a: Zapdos|slp|[msg]\n|move|p1a: Zapdos|Roost|p1a: Zapdos\n|-heal|p1a: Zapdos|76\/100\n|-singleturn|p1a: Zapdos|move: Roost\n|\n|upkeep\n|turn|11\n|\n|t:|1664619506\n|move|p2a: Zapdos|Toxic|p1a: Zapdos\n|-status|p1a: Zapdos|tox\n|move|p1a: Zapdos|Roost|p1a: Zapdos\n|-heal|p1a: Zapdos|100\/100 tox\n|-singleturn|p1a: Zapdos|move: Roost\n|\n|-damage|p1a: Zapdos|94\/100 tox|[from] psn\n|upkeep\n|turn|12\n|\n|t:|1664619517\n|move|p2a: Zapdos|Discharge|p1a: Zapdos\n|-damage|p1a: Zapdos|53\/100 tox\n|move|p1a: Zapdos|Volt Switch|p2a: Zapdos\n|-damage|p2a: Zapdos|61\/100\n|\n|t:|1664619525\n|switch|p1a: Melmetal|Melmetal|100\/100|[from]move: Volt Switch\n|-damage|p1a: Melmetal|94\/100|[from] Stealth Rock\n|\n|-heal|p1a: Melmetal|100\/100|[from] item: Leftovers\n|upkeep\n|turn|13\n|\n|t:|1664619542\n|switch|p2a: Tangrowth|Tangrowth, M|100\/100 tox\n|-damage|p2a: Tangrowth|88\/100 tox|[from] Stealth Rock\n|move|p1a: Melmetal|Toxic|p2a: Tangrowth\n|-fail|p2a: Tangrowth|tox\n|\n|-damage|p2a: Tangrowth|82\/100 tox|[from] psn\n|upkeep\n|turn|14\n|\n|t:|1664619552\n|switch|p1a: Zapdos|Zapdos, shiny|53\/100 tox\n|-damage|p1a: Zapdos|28\/100 tox|[from] Stealth Rock\n|move|p2a: Tangrowth|Knock Off|p1a: Zapdos\n|-damage|p1a: Zapdos|8\/100 tox\n|\n|-damage|p1a: Zapdos|2\/100 tox|[from] psn\n|-damage|p2a: Tangrowth|70\/100 tox|[from] psn\n|upkeep\n|turn|15\n|\n|t:|1664619571\n|switch|p2a: Zapdos|Zapdos|61\/100\n|move|p1a: Zapdos|Hurricane|p2a: Zapdos\n|-resisted|p2a: Zapdos\n|-damage|p2a: Zapdos|30\/100\n|\n|-damage|p1a: Zapdos|0 fnt|[from] psn\n|faint|p1a: Zapdos\n|upkeep\n|\n|t:|1664619577\n|switch|p1a: Raikou|Raikou, shiny|100\/100\n|-damage|p1a: Raikou|88\/100|[from] Stealth Rock\n|turn|16\n|j| NDHB\n|inactive|hypervortexreturns has 120 seconds left.\n|\n|t:|1664619597\n|switch|p2a: Excadrill|Excadrill, M|100\/100\n|-damage|p2a: Excadrill|97\/100|[from] Stealth Rock\n|-ability|p2a: Excadrill|Mold Breaker\n|move|p1a: Raikou|Volt Switch|p2a: Excadrill\n|-immune|p2a: Excadrill\n|\n|-heal|p2a: Excadrill|100\/100|[from] item: Leftovers\n|upkeep\n|turn|17\n|inactive|hypervortexreturns has 120 seconds left.\n|\n|t:|1664619611\n|switch|p1a: Urshifu|Urshifu-Rapid-Strike, M|100\/100\n|-damage|p1a: Urshifu|94\/100|[from] Stealth Rock\n|move|p2a: Excadrill|Iron Head|p1a: Urshifu\n|-resisted|p1a: Urshifu\n|-damage|p1a: Urshifu|74\/100\n|\n|upkeep\n|turn|18\n|inactive|hypervortexreturns has 120 seconds left.\n|j| Willstun Fisk\n|inactive|SoarApollo has 120 seconds left.\n|inactive|SoarApollo has 90 seconds left.\n|\n|t:|1664619676\n|switch|p2a: Tangrowth|Tangrowth, M|100\/100 tox\n|-damage|p2a: Tangrowth|88\/100 tox|[from] Stealth Rock\n|move|p1a: Urshifu|Surging Strikes|p2a: Tangrowth\n|-resisted|p2a: Tangrowth\n|-crit|p2a: Tangrowth\n|-damage|p2a: Tangrowth|83\/100 tox\n|-resisted|p2a: Tangrowth\n|-crit|p2a: Tangrowth\n|-damage|p2a: Tangrowth|78\/100 tox\n|-resisted|p2a: Tangrowth\n|-crit|p2a: Tangrowth\n|-damage|p2a: Tangrowth|74\/100 tox\n|-hitcount|p2a: Tangrowth|3\n|\n|-damage|p2a: Tangrowth|67\/100 tox|[from] psn\n|upkeep\n|turn|19\n|inactive|SoarApollo has 90 seconds left.\n|inactive|hypervortexreturns has 120 seconds left.\n|\n|t:|1664619697\n|move|p1a: Urshifu|Taunt|p2a: Tangrowth\n|-start|p2a: Tangrowth|move: Taunt\n|cant|p2a: Tangrowth|move: Taunt|Sleep Powder\n|\n|-damage|p2a: Tangrowth|55\/100 tox|[from] psn\n|upkeep\n|turn|20\n|\n|t:|1664619710\n|move|p1a: Urshifu|U-turn|p2a: Tangrowth\n|-supereffective|p2a: Tangrowth\n|-damage|p2a: Tangrowth|28\/100 tox\n|\n|t:|1664619714\n|switch|p1a: Raikou|Raikou, shiny|88\/100|[from]move: U-turn\n|-damage|p1a: Raikou|76\/100|[from] Stealth Rock\n|move|p2a: Tangrowth|Knock Off|p1a: Raikou\n|-damage|p1a: Raikou|44\/100\n|-enditem|p1a: Raikou|Choice Specs|[from] move: Knock Off|[of] p2a: Tangrowth\n|\n|-damage|p2a: Tangrowth|10\/100 tox|[from] psn\n|upkeep\n|turn|21\n|inactive|hypervortexreturns has 120 seconds left.\n|\n|t:|1664619738\n|move|p1a: Raikou|Aura Sphere|p2a: Tangrowth\n|-damage|p2a: Tangrowth|0 fnt\n|faint|p2a: Tangrowth\n|\n|upkeep\n|\n|t:|1664619754\n|switch|p2a: Hydreigon|Hydreigon, M|88\/100\n|-damage|p2a: Hydreigon|76\/100|[from] Stealth Rock\n|turn|22\n|\n|t:|1664619761\n|move|p1a: Raikou|Volt Switch|p2a: Hydreigon\n|-resisted|p2a: Hydreigon\n|-damage|p2a: Hydreigon|59\/100\n|\n|t:|1664619763\n|switch|p1a: Swampert|Swampert, M|82\/100|[from]move: Volt Switch\n|-damage|p1a: Swampert|76\/100|[from] Stealth Rock\n|move|p2a: Hydreigon|Earth Power|p1a: Swampert\n|-damage|p1a: Swampert|58\/100\n|\n|-heal|p2a: Hydreigon|65\/100|[from] item: Leftovers\n|upkeep\n|turn|23\n|\n|t:|1664619785\n|switch|p2a: Corviknight|Corviknight, F|100\/100\n|-damage|p2a: Corviknight|88\/100|[from] Stealth Rock\n|-ability|p2a: Corviknight|Pressure\n|move|p1a: Swampert|Toxic|p2a: Corviknight\n|-immune|p2a: Corviknight\n|\n|-heal|p2a: Corviknight|94\/100|[from] item: Leftovers\n|upkeep\n|turn|24\n|\n|t:|1664619800\n|move|p2a: Corviknight|Brave Bird|p1a: Swampert\n|-damage|p1a: Swampert|31\/100\n|-damage|p2a: Corviknight|85\/100|[from] Recoil\n|move|p1a: Swampert|Flip Turn|p2a: Corviknight\n|-damage|p2a: Corviknight|66\/100\n|\n|t:|1664619803\n|switch|p1a: Raikou|Raikou, shiny|44\/100|[from]move: Flip Turn\n|-damage|p1a: Raikou|32\/100|[from] Stealth Rock\n|\n|-heal|p2a: Corviknight|72\/100|[from] item: Leftovers\n|upkeep\n|turn|25\n|\n|t:|1664619820\n|switch|p2a: Excadrill|Excadrill, M|100\/100\n|-damage|p2a: Excadrill|97\/100|[from] Stealth Rock\n|-ability|p2a: Excadrill|Mold Breaker\n|move|p1a: Raikou|Scald|p2a: Excadrill\n|-supereffective|p2a: Excadrill\n|-damage|p2a: Excadrill|30\/100\n|\n|-heal|p2a: Excadrill|37\/100|[from] item: Leftovers\n|upkeep\n|turn|26\n|inactive|hypervortexreturns has 90 seconds left.\n|\n|t:|1664619837\n|move|p1a: Raikou|Aura Sphere|p2a: Excadrill\n|-supereffective|p2a: Excadrill\n|-damage|p2a: Excadrill|0 fnt\n|faint|p2a: Excadrill\n|\n|upkeep\n|inactive|hypervortexreturns has 90 seconds left.\n|\n|t:|1664619850\n|switch|p2a: Azumarill|Azumarill, M|100\/100\n|-damage|p2a: Azumarill|88\/100|[from] Stealth Rock\n|turn|27\n|inactive|hypervortexreturns has 90 seconds left.\n|\n|t:|1664619864\n|move|p2a: Azumarill|Aqua Jet|p1a: Raikou\n|-damage|p1a: Raikou|0 fnt\n|faint|p1a: Raikou\n|\n|upkeep\n|\n|t:|1664619866\n|switch|p1a: Dragonite|Dragonite, F|100\/100\n|turn|28\n|inactive|hypervortexreturns has 90 seconds left.\n|\n|t:|1664619883\n|move|p1a: Dragonite|Dragon Dance|p1a: Dragonite\n|-boost|p1a: Dragonite|atk|1\n|-boost|p1a: Dragonite|spe|1\n|move|p2a: Azumarill|Play Rough|p1a: Dragonite\n|-supereffective|p1a: Dragonite\n|-damage|p1a: Dragonite|53\/100\n|\n|upkeep\n|turn|29\n|\n|t:|1664619891\n|move|p1a: Dragonite|Roost|p1a: Dragonite\n|-heal|p1a: Dragonite|100\/100\n|-singleturn|p1a: Dragonite|move: Roost\n|move|p2a: Azumarill|Play Rough|p1a: Dragonite\n|-supereffective|p1a: Dragonite\n|-damage|p1a: Dragonite|52\/100\n|\n|upkeep\n|turn|30\n|\n|t:|1664619900\n|move|p1a: Dragonite|Roost|p1a: Dragonite\n|-heal|p1a: Dragonite|100\/100\n|-singleturn|p1a: Dragonite|move: Roost\n|move|p2a: Azumarill|Play Rough|p1a: Dragonite\n|-supereffective|p1a: Dragonite\n|-damage|p1a: Dragonite|51\/100\n|\n|upkeep\n|turn|31\n|\n|t:|1664619910\n|switch|p2a: Corviknight|Corviknight, F|72\/100\n|-damage|p2a: Corviknight|59\/100|[from] Stealth Rock\n|-ability|p2a: Corviknight|Pressure\n|move|p1a: Dragonite|Roost|p1a: Dragonite\n|-heal|p1a: Dragonite|100\/100\n|-singleturn|p1a: Dragonite|move: Roost\n|\n|-heal|p2a: Corviknight|66\/100|[from] item: Leftovers\n|upkeep\n|turn|32\n|\n|t:|1664619923\n|move|p1a: Dragonite|Dragon Dance|p1a: Dragonite\n|-boost|p1a: Dragonite|atk|1\n|-boost|p1a: Dragonite|spe|1\n|move|p2a: Corviknight|Bulk Up|p2a: Corviknight\n|-boost|p2a: Corviknight|atk|1\n|-boost|p2a: Corviknight|def|1\n|\n|-heal|p2a: Corviknight|72\/100|[from] item: Leftovers\n|upkeep\n|turn|33\n|\n|t:|1664619934\n|switch|p1a: Urshifu|Urshifu-Rapid-Strike, M|74\/100\n|-damage|p1a: Urshifu|67\/100|[from] Stealth Rock\n|move|p2a: Corviknight|Bulk Up|p2a: Corviknight\n|-boost|p2a: Corviknight|atk|1\n|-boost|p2a: Corviknight|def|1\n|\n|-heal|p2a: Corviknight|78\/100|[from] item: Leftovers\n|upkeep\n|turn|34\n|\n|t:|1664619945\n|move|p1a: Urshifu|Surging Strikes|p2a: Corviknight\n|-crit|p2a: Corviknight\n|-damage|p2a: Corviknight|61\/100\n|-crit|p2a: Corviknight\n|-damage|p2a: Corviknight|44\/100\n|-crit|p2a: Corviknight\n|-damage|p2a: Corviknight|27\/100\n|-hitcount|p2a: Corviknight|3\n|move|p2a: Corviknight|Roost|p2a: Corviknight\n|-heal|p2a: Corviknight|77\/100\n|-singleturn|p2a: Corviknight|move: Roost\n|\n|-heal|p2a: Corviknight|84\/100|[from] item: Leftovers\n|upkeep\n|turn|35\n|-message|SoarApollo forfeited.\n|\n|win|hypervortexreturns\n|raw|SoarApollo's rating: 1811 &rarr; <strong>1796<\/strong><br \/>(-15 for losing)\n|raw|hypervortexreturns's rating: 1895 &rarr; <strong>1910<\/strong><br \/>(+15 for winning)\n|l|\u2606SoarApollo\n|l|\u203dhypervortexreturns\n||Ladder isn't responding, score probably updated but might not have (Request timeout).\n","uploadtime":1664620015,"views":45,"p1id":"soarapollo","p2id":"hypervortexreturns","formatid":"gen8ou","rating":1796,"private":0,"password":null}