{"id":"gen8ou-1145791530","p1":"cold.exe","p2":"Cloudictable","format":"gen8ou","log":"|j|\u2606cold.exe\n|j|\u2606Cloudictable\n|player|p1|cold.exe|steven|1485\n|player|p2|Cloudictable|crasherwake|1474\n|teamsize|p1|6\n|teamsize|p2|6\n|gametype|singles\n|gen|8\n|tier|[Gen 8] OU\n|rated|\n|clearpoke\n|poke|p1|Diggersby, F|\n|poke|p1|Azumarill, F|\n|poke|p1|Mandibuzz, F|\n|poke|p1|Rotom-Heat|\n|poke|p1|Rillaboom, F|\n|poke|p1|Cinderace, F|\n|poke|p2|Dragapult, M|\n|poke|p2|Alakazam, M|\n|poke|p2|Clefable, M|\n|poke|p2|Corviknight, M|\n|poke|p2|Kommo-o, M|\n|poke|p2|Hydreigon, F|\n|rule|Sleep Clause Mod: Limit one foe put to sleep\n|rule|Species Clause: Limit one of each Pok\u00e9mon\n|rule|OHKO Clause: OHKO moves are banned\n|rule|Evasion Moves Clause: Evasion moves are banned\n|rule|Endless Battle Clause: Forcing endless battles is banned\n|rule|HP Percentage Mod: HP is shown in percentages\n|rule|Dynamax Clause: You cannot dynamax\n|teampreview\n|\n|start\n|switch|p1a: Azumarill|Azumarill, F|100\/100\n|switch|p2a: Dragapult|Dragapult, M|100\/100\n|turn|1\n|inactive|Battle timer is ON: inactive players will automatically lose when time's up. (requested by cold.exe)\n|\n|move|p2a: Dragapult|U-turn|p1a: Azumarill\n|-resisted|p1a: Azumarill\n|-damage|p1a: Azumarill|90\/100\n|\n|switch|p2a: Corviknight|Corviknight, M|100\/100|[from]move: U-turn\n|-ability|p2a: Corviknight|Pressure\n|move|p1a: Azumarill|Liquidation|p2a: Corviknight\n|-damage|p2a: Corviknight|48\/100\n|-unboost|p2a: Corviknight|def|1\n|\n|-heal|p2a: Corviknight|54\/100|[from] item: Leftovers\n|upkeep\n|turn|2\n|\n|switch|p2a: Kommo-o|Kommo-o, M|100\/100\n|move|p1a: Azumarill|Liquidation|p2a: Kommo-o\n|-resisted|p2a: Kommo-o\n|-damage|p2a: Kommo-o|75\/100\n|-damage|p1a: Azumarill|73\/100|[from] item: Rocky Helmet|[of] p2a: Kommo-o\n|\n|upkeep\n|turn|3\n|inactive|Cloudictable has 120 seconds left.\n|\n|switch|p1a: Rotom|Rotom-Heat|100\/100\n|move|p2a: Kommo-o|Toxic|p1a: Rotom\n|-status|p1a: Rotom|tox\n|\n|-damage|p1a: Rotom|94\/100 tox|[from] psn\n|upkeep\n|turn|4\n|inactive|Cloudictable has 120 seconds left.\n|\n|move|p1a: Rotom|Toxic|p2a: Kommo-o|[miss]\n|-miss|p1a: Rotom|p2a: Kommo-o\n|move|p2a: Kommo-o|Stealth Rock|p1a: Rotom\n|-sidestart|p1: cold.exe|move: Stealth Rock\n|\n|-damage|p1a: Rotom|82\/100 tox|[from] psn\n|upkeep\n|turn|5\n|\n|switch|p2a: Dragapult|Dragapult, M|100\/100\n|move|p1a: Rotom|Nasty Plot|p1a: Rotom\n|-boost|p1a: Rotom|spa|2\n|\n|-damage|p1a: Rotom|63\/100 tox|[from] psn\n|upkeep\n|turn|6\n|\n|switch|p1a: Mandibuzz|Mandibuzz, F|100\/100\n|move|p2a: Dragapult|Hex|p1a: Mandibuzz\n|-resisted|p1a: Mandibuzz\n|-crit|p1a: Mandibuzz\n|-damage|p1a: Mandibuzz|80\/100\n|\n|upkeep\n|turn|7\n|\n|move|p2a: Dragapult|U-turn|p1a: Mandibuzz\n|-damage|p1a: Mandibuzz|70\/100\n|inactive|Cloudictable has 120 seconds left.\n|\n|switch|p2a: Hydreigon|Hydreigon, F|100\/100|[from]move: U-turn\n|move|p1a: Mandibuzz|Defog|p2a: Hydreigon\n|-unboost|p2a: Hydreigon|evasion|1\n|-sideend|p1: cold.exe|Stealth Rock|[from] move: Defog|[of] p1a: Mandibuzz\n|\n|upkeep\n|turn|8\n|\n|switch|p1a: Azumarill|Azumarill, F|73\/100\n|move|p2a: Hydreigon|Draco Meteor|p1a: Azumarill\n|-immune|p1a: Azumarill\n|\n|upkeep\n|turn|9\n|inactive|Cloudictable has 120 seconds left.\n|\n|move|p2a: Hydreigon|Flash Cannon|p1a: Azumarill\n|-damage|p1a: Azumarill|29\/100\n|-damage|p2a: Hydreigon|91\/100|[from] item: Life Orb\n|move|p1a: Azumarill|Liquidation|p2a: Hydreigon\n|-resisted|p2a: Hydreigon\n|-damage|p2a: Hydreigon|47\/100\n|-unboost|p2a: Hydreigon|def|1\n|\n|upkeep\n|turn|10\n|inactive|Cloudictable has 120 seconds left.\n|\n|switch|p1a: Bruh|Cinderace, F|100\/100\n|move|p2a: Hydreigon|Flash Cannon|p1a: Bruh\n|-resisted|p1a: Bruh\n|-damage|p1a: Bruh|77\/100\n|-damage|p2a: Hydreigon|37\/100|[from] item: Life Orb\n|\n|upkeep\n|turn|11\n|inactive|Cloudictable has 120 seconds left.\n|\n|switch|p2a: Kommo-o|Kommo-o, M|75\/100\n|move|p1a: Bruh|Overheat|p2a: Kommo-o\n|-resisted|p2a: Kommo-o\n|-damage|p2a: Kommo-o|43\/100\n|-unboost|p1a: Bruh|spa|2\n|\n|upkeep\n|turn|12\n|inactive|Cloudictable has 120 seconds left.\n|\n|switch|p1a: Rotom|Rotom-Heat|63\/100 tox\n|move|p2a: Kommo-o|Stealth Rock|p1a: Rotom\n|-sidestart|p1: cold.exe|move: Stealth Rock\n|\n|-damage|p1a: Rotom|57\/100 tox|[from] psn\n|upkeep\n|turn|13\n|\n|switch|p2a: Clefable|Clefable, M|100\/100\n|move|p1a: Rotom|Toxic|p2a: Clefable\n|-status|p2a: Clefable|tox\n|\n|-damage|p1a: Rotom|45\/100 tox|[from] psn\n|upkeep\n|turn|14\n|\n|move|p1a: Rotom|Volt Switch|p2a: Clefable\n|-damage|p2a: Clefable|79\/100 tox\n|\n|switch|p1a: Diggersby|Diggersby, F|100\/100|[from]move: Volt Switch\n|-damage|p1a: Diggersby|94\/100|[from] Stealth Rock\n|move|p2a: Clefable|Wish|p2a: Clefable\n|\n|-heal|p2a: Clefable|85\/100 tox|[from] item: Leftovers\n|upkeep\n|turn|15\n|\n|switch|p2a: Corviknight|Corviknight, M|54\/100\n|-ability|p2a: Corviknight|Pressure\n|move|p1a: Diggersby|Body Slam|p2a: Corviknight\n|-resisted|p2a: Corviknight\n|-damage|p2a: Corviknight|26\/100\n|-status|p2a: Corviknight|par\n|\n|-heal|p2a: Corviknight|76\/100 par|[from] move: Wish|[wisher] Clefable\n|-heal|p2a: Corviknight|82\/100 par|[from] item: Leftovers\n|upkeep\n|turn|16\n|inactive|Cloudictable has 120 seconds left.\n|\n|switch|p1a: Mandibuzz|Mandibuzz, F|70\/100\n|switch|p2a: Dragapult|Dragapult, M|100\/100\n|\n|upkeep\n|turn|17\n|inactive|Cloudictable has 120 seconds left.\n|\n|move|p2a: Dragapult|Draco Meteor|p1a: Mandibuzz\n|-damage|p1a: Mandibuzz|17\/100\n|-unboost|p2a: Dragapult|spa|2\n|move|p1a: Mandibuzz|Roost|p1a: Mandibuzz\n|-heal|p1a: Mandibuzz|67\/100\n|-singleturn|p1a: Mandibuzz|move: Roost\n|\n|upkeep\n|turn|18\n|\n|move|p2a: Dragapult|U-turn|p1a: Mandibuzz\n|-damage|p1a: Mandibuzz|58\/100\n|\n|switch|p2a: Alakazam|Alakazam, M|100\/100|[from]move: U-turn\n|move|p1a: Mandibuzz|Defog|p2a: Alakazam\n|-unboost|p2a: Alakazam|evasion|1\n|-sideend|p1: cold.exe|Stealth Rock|[from] move: Defog|[of] p1a: Mandibuzz\n|\n|upkeep\n|turn|19\n|\n|switch|p1a: Rotom|Rotom-Heat|45\/100 tox\n|move|p2a: Alakazam|Dazzling Gleam|p1a: Rotom\n|-resisted|p1a: Rotom\n|-damage|p1a: Rotom|22\/100 tox\n|\n|-damage|p1a: Rotom|16\/100 tox|[from] psn\n|upkeep\n|turn|20\n|\n|move|p2a: Alakazam|Psychic|p1a: Rotom\n|-crit|p1a: Rotom\n|-damage|p1a: Rotom|0 fnt\n|faint|p1a: Rotom\n|\n|upkeep\n|\n|switch|p1a: Azumarill|Azumarill, F|29\/100\n|turn|21\n|\n|move|p1a: Azumarill|Aqua Jet|p2a: Alakazam\n|-damage|p2a: Alakazam|10\/100\n|move|p2a: Alakazam|Psychic|p1a: Azumarill\n|-damage|p1a: Azumarill|0 fnt\n|faint|p1a: Azumarill\n|\n|upkeep\n|\n|switch|p1a: Rillaboom|Rillaboom, F|100\/100\n|-fieldstart|move: Grassy Terrain|[from] ability: Grassy Surge|[of] p1a: Rillaboom\n|turn|22\n|\n|switch|p2a: Kommo-o|Kommo-o, M|43\/100\n|move|p1a: Rillaboom|Grassy Glide|p2a: Kommo-o\n|-resisted|p2a: Kommo-o\n|-damage|p2a: Kommo-o|19\/100\n|-damage|p1a: Rillaboom|84\/100|[from] item: Rocky Helmet|[of] p2a: Kommo-o\n|-damage|p1a: Rillaboom|74\/100|[from] item: Life Orb\n|\n|-heal|p1a: Rillaboom|80\/100|[from] Grassy Terrain\n|-heal|p2a: Kommo-o|25\/100|[from] Grassy Terrain\n|upkeep\n|turn|23\n|\n|move|p1a: Rillaboom|Swords Dance|p1a: Rillaboom\n|-boost|p1a: Rillaboom|atk|2\n|move|p2a: Kommo-o|Stealth Rock|p1a: Rillaboom\n|-sidestart|p1: cold.exe|move: Stealth Rock\n|\n|-heal|p1a: Rillaboom|86\/100|[from] Grassy Terrain\n|-heal|p2a: Kommo-o|32\/100|[from] Grassy Terrain\n|upkeep\n|turn|24\n|\n|move|p1a: Rillaboom|Grassy Glide|p2a: Kommo-o\n|-resisted|p2a: Kommo-o\n|-crit|p2a: Kommo-o\n|-damage|p2a: Kommo-o|0 fnt\n|-damage|p1a: Rillaboom|70\/100|[from] item: Rocky Helmet|[of] p2a: Kommo-o\n|-damage|p1a: Rillaboom|60\/100|[from] item: Life Orb\n|faint|p2a: Kommo-o\n|\n|-heal|p1a: Rillaboom|66\/100|[from] Grassy Terrain\n|upkeep\n|\n|switch|p2a: Corviknight|Corviknight, M|82\/100 par\n|-ability|p2a: Corviknight|Pressure\n|turn|25\n|\n|move|p1a: Rillaboom|Knock Off|p2a: Corviknight\n|-damage|p2a: Corviknight|14\/100 par\n|-enditem|p2a: Corviknight|Leftovers|[from] move: Knock Off|[of] p1a: Rillaboom\n|-damage|p1a: Rillaboom|56\/100|[from] item: Life Orb\n|move|p2a: Corviknight|Brave Bird|p1a: Rillaboom\n|-supereffective|p1a: Rillaboom\n|-damage|p1a: Rillaboom|0 fnt\n|-damage|p2a: Corviknight|0 fnt|[from] Recoil\n|faint|p1a: Rillaboom\n|faint|p2a: Corviknight\n|\n|upkeep\n|inactive|Cloudictable has 120 seconds left.\n|\n|switch|p1a: Mandibuzz|Mandibuzz, F|58\/100\n|switch|p2a: Dragapult|Dragapult, M|100\/100\n|turn|26\n|inactive|Cloudictable has 120 seconds left.\n|\n|move|p2a: Dragapult|U-turn|p1a: Mandibuzz\n|-damage|p1a: Mandibuzz|49\/100\n|\n|switch|p2a: Clefable|Clefable, M|85\/100 tox|[from]move: U-turn\n|move|p1a: Mandibuzz|Roost|p1a: Mandibuzz\n|-heal|p1a: Mandibuzz|99\/100\n|-singleturn|p1a: Mandibuzz|move: Roost\n|\n|-heal|p1a: Mandibuzz|100\/100|[from] Grassy Terrain\n|-heal|p2a: Clefable|91\/100 tox|[from] item: Leftovers\n|-heal|p2a: Clefable|97\/100 tox|[from] Grassy Terrain\n|-fieldend|move: Grassy Terrain\n|upkeep\n|turn|27\n|inactive|Cloudictable has 120 seconds left.\n|\n|move|p1a: Mandibuzz|Defog|p2a: Clefable\n|-unboost|p2a: Clefable|evasion|1\n|-sideend|p1: cold.exe|Stealth Rock|[from] move: Defog|[of] p1a: Mandibuzz\n|move|p2a: Clefable|Wish|p2a: Clefable\n|\n|-heal|p2a: Clefable|100\/100 tox|[from] item: Leftovers\n|upkeep\n|turn|28\n|inactive|Cloudictable has 120 seconds left.\n|\n|move|p1a: Mandibuzz|U-turn|p2a: Clefable\n|-resisted|p2a: Clefable\n|-damage|p2a: Clefable|94\/100 tox\n|\n|switch|p1a: Diggersby|Diggersby, F|94\/100|[from]move: U-turn\n|move|p2a: Clefable|Teleport|p2a: Clefable\n|\n|switch|p2a: Hydreigon|Hydreigon, F|37\/100|[from]move: Teleport\n|\n|-heal|p2a: Hydreigon|98\/100|[from] move: Wish|[wisher] Clefable\n|upkeep\n|turn|29\n|inactive|Cloudictable has 120 seconds left.\n|\n|move|p2a: Hydreigon|Draco Meteor|p1a: Diggersby\n|-damage|p1a: Diggersby|0 fnt\n|-unboost|p2a: Hydreigon|spa|2\n|-damage|p2a: Hydreigon|88\/100|[from] item: Life Orb\n|faint|p1a: Diggersby\n|\n|upkeep\n|\n|switch|p1a: Bruh|Cinderace, F|77\/100\n|turn|30\n|-message|cold.exe forfeited.\n|\n|win|Cloudictable\n|l|\u2606cold.exe\n","uploadtime":1593988916,"views":7,"p1id":"coldexe","p2id":"cloudictable","formatid":"gen8ou","rating":0,"private":0,"password":null}