{"id":"gen8ou-1595039035","p1":"quixana","p2":"HOF69","format":"gen8ou","log":"|j|\u2606quixana\n|j|\u2606HOF69\n|t:|1655080018\n|gametype|singles\n|player|p1|quixana|ethan-pokeathlon|1714\n|player|p2|HOF69|red|1718\n|teamsize|p1|6\n|teamsize|p2|6\n|gen|8\n|tier|[Gen 8] OU\n|rated|\n|rule|Sleep Clause Mod: Limit one foe put to sleep\n|rule|Species Clause: Limit one of each Pok\u00e9mon\n|rule|OHKO Clause: OHKO moves are banned\n|rule|Evasion Moves Clause: Evasion moves are banned\n|rule|Endless Battle Clause: Forcing endless battles is banned\n|rule|HP Percentage Mod: HP is shown in percentages\n|rule|Dynamax Clause: You cannot dynamax\n|clearpoke\n|poke|p1|Hippowdon, M|\n|poke|p1|Nihilego|\n|poke|p1|Zapdos-Galar|\n|poke|p1|Toxapex, M|\n|poke|p1|Tapu Lele|\n|poke|p1|Ferrothorn, M|\n|poke|p2|Gengar, M|\n|poke|p2|Kartana|\n|poke|p2|Landorus-Therian, M|\n|poke|p2|Blacephalon|\n|poke|p2|Tapu Lele|\n|poke|p2|Krookodile, M|\n|teampreview\n|\n|t:|1655080045\n|start\n|switch|p1a: Zapdos|Zapdos-Galar|100\/100\n|switch|p2a: Krookodile|Krookodile, M|100\/100\n|-ability|p2a: Krookodile|Intimidate|boost\n|-unboost|p1a: Zapdos|atk|1\n|-ability|p1a: Zapdos|Defiant\n|-boost|p1a: Zapdos|atk|2\n|turn|1\n|\n|t:|1655080059\n|move|p1a: Zapdos|Brave Bird|p2a: Krookodile\n|-enditem|p2a: Krookodile|Focus Sash\n|-damage|p2a: Krookodile|1\/100\n|-damage|p1a: Zapdos|67\/100|[from] Recoil\n|move|p2a: Krookodile|Stealth Rock|p1a: Zapdos\n|-sidestart|p1: quixana|move: Stealth Rock\n|\n|upkeep\n|turn|2\n|\n|t:|1655080062\n|move|p1a: Zapdos|Brave Bird|p2a: Krookodile\n|-damage|p2a: Krookodile|0 fnt\n|faint|p2a: Krookodile\n|-damage|p1a: Zapdos|66\/100|[from] Recoil\n|\n|upkeep\n|\n|t:|1655080066\n|switch|p2a: Gengar|Gengar, M, shiny|100\/100\n|turn|3\n|\n|t:|1655080077\n|switch|p1a: Ferrothorn|Ferrothorn, M|100\/100\n|-damage|p1a: Ferrothorn|95\/100|[from] Stealth Rock\n|move|p2a: Gengar|Shadow Ball|p1a: Ferrothorn\n|-damage|p1a: Ferrothorn|68\/100\n|\n|-heal|p1a: Ferrothorn|74\/100|[from] item: Leftovers\n|upkeep\n|turn|4\n|\n|t:|1655080085\n|move|p2a: Gengar|Focus Blast|p1a: Ferrothorn\n|-supereffective|p1a: Ferrothorn\n|-damage|p1a: Ferrothorn|14\/100\n|move|p1a: Ferrothorn|Knock Off|p2a: Gengar\n|-supereffective|p2a: Gengar\n|-damage|p2a: Gengar|19\/100\n|-enditem|p2a: Gengar|Focus Sash|[from] move: Knock Off|[of] p1a: Ferrothorn\n|\n|-heal|p1a: Ferrothorn|20\/100|[from] item: Leftovers\n|upkeep\n|turn|5\n|\n|t:|1655080109\n|move|p2a: Gengar|Shadow Ball|p1a: Ferrothorn\n|-damage|p1a: Ferrothorn|0 fnt\n|faint|p1a: Ferrothorn\n|\n|upkeep\n|\n|t:|1655080145\n|switch|p1a: Hippowdon|Hippowdon, M|100\/100\n|-damage|p1a: Hippowdon|94\/100|[from] Stealth Rock\n|-weather|Sandstorm|[from] ability: Sand Stream|[of] p1a: Hippowdon\n|turn|6\n|\n|t:|1655080154\n|move|p2a: Gengar|Taunt|p1a: Hippowdon\n|-start|p1a: Hippowdon|move: Taunt\n|cant|p1a: Hippowdon|move: Taunt|Stealth Rock\n|\n|-weather|Sandstorm|[upkeep]\n|-damage|p2a: Gengar|12\/100|[from] Sandstorm\n|-heal|p1a: Hippowdon|100\/100|[from] item: Leftovers\n|upkeep\n|turn|7\n|\n|t:|1655080174\n|switch|p1a: Toxapex|Toxapex, M|100\/100\n|-damage|p1a: Toxapex|88\/100|[from] Stealth Rock\n|move|p2a: Gengar|Shadow Ball|p1a: Toxapex\n|-damage|p1a: Toxapex|58\/100\n|\n|-weather|Sandstorm|[upkeep]\n|-damage|p2a: Gengar|6\/100|[from] Sandstorm\n|-damage|p1a: Toxapex|52\/100|[from] Sandstorm\n|-heal|p1a: Toxapex|58\/100|[from] item: Black Sludge\n|upkeep\n|turn|8\n|\n|t:|1655080182\n|move|p2a: Gengar|Shadow Ball|p1a: Toxapex\n|-damage|p1a: Toxapex|28\/100\n|move|p1a: Toxapex|Recover|p1a: Toxapex\n|-heal|p1a: Toxapex|78\/100\n|\n|-weather|Sandstorm|[upkeep]\n|-damage|p2a: Gengar|0 fnt|[from] Sandstorm\n|-damage|p1a: Toxapex|72\/100|[from] Sandstorm\n|faint|p2a: Gengar\n|-heal|p1a: Toxapex|78\/100|[from] item: Black Sludge\n|upkeep\n|\n|t:|1655080185\n|switch|p2a: Tapu Lele|Tapu Lele|100\/100\n|-fieldstart|move: Psychic Terrain|[from] ability: Psychic Surge|[of] p2a: Tapu Lele\n|turn|9\n|\n|t:|1655080194\n|switch|p1a: Hippowdon|Hippowdon, M|100\/100\n|-damage|p1a: Hippowdon|94\/100|[from] Stealth Rock\n|move|p2a: Tapu Lele|Psyshock|p1a: Hippowdon\n|-damage|p1a: Hippowdon|51\/100\n|\n|-weather|Sandstorm|[upkeep]\n|-damage|p2a: Tapu Lele|94\/100|[from] Sandstorm\n|-heal|p1a: Hippowdon|58\/100|[from] item: Leftovers\n|upkeep\n|turn|10\n|j| Enkefalos\n|\n|t:|1655080206\n|move|p2a: Tapu Lele|Taunt|p1a: Hippowdon\n|-start|p1a: Hippowdon|move: Taunt\n|cant|p1a: Hippowdon|move: Taunt|Stealth Rock\n|\n|-weather|none\n|-heal|p1a: Hippowdon|64\/100|[from] item: Leftovers\n|upkeep\n|turn|11\n|\n|t:|1655080209\n|move|p2a: Tapu Lele|Psyshock|p1a: Hippowdon\n|-damage|p1a: Hippowdon|16\/100\n|move|p1a: Hippowdon|Earthquake|p2a: Tapu Lele\n|-damage|p2a: Tapu Lele|36\/100\n|\n|-heal|p1a: Hippowdon|22\/100|[from] item: Leftovers\n|upkeep\n|turn|12\n|j| Tabata Tyrogue\n|\n|t:|1655080255\n|move|p2a: Tapu Lele|Psyshock|p1a: Hippowdon\n|-damage|p1a: Hippowdon|0 fnt\n|faint|p1a: Hippowdon\n|\n|upkeep\n|\n|t:|1655080257\n|switch|p1a: Nihilego|Nihilego|100\/100\n|-damage|p1a: Nihilego|88\/100|[from] Stealth Rock\n|turn|13\n|\n|t:|1655080272\n|switch|p2a: Landorus|Landorus-Therian, M|100\/100\n|-ability|p2a: Landorus|Intimidate|boost\n|-unboost|p1a: Nihilego|atk|1\n|move|p1a: Nihilego|Meteor Beam||[still]\n|-prepare|p1a: Nihilego|Meteor Beam\n|-boost|p1a: Nihilego|spa|1\n|-enditem|p1a: Nihilego|Power Herb\n|-anim|p1a: Nihilego|Meteor Beam|p2a: Landorus\n|-damage|p2a: Landorus|48\/100\n|\n|-fieldend|move: Psychic Terrain\n|upkeep\n|turn|14\n|\n|t:|1655080283\n|move|p1a: Nihilego|Power Gem|p2a: Landorus\n|-damage|p2a: Landorus|14\/100\n|move|p2a: Landorus|Earthquake|p1a: Nihilego\n|-supereffective|p1a: Nihilego\n|-damage|p1a: Nihilego|0 fnt\n|faint|p1a: Nihilego\n|\n|upkeep\n|\n|t:|1655080312\n|switch|p1a: Tapu Lele|Tapu Lele|100\/100\n|-damage|p1a: Tapu Lele|88\/100|[from] Stealth Rock\n|-fieldstart|move: Psychic Terrain|[from] ability: Psychic Surge|[of] p1a: Tapu Lele\n|turn|15\n|\n|t:|1655080319\n|move|p1a: Tapu Lele|Moonblast|p2a: Landorus\n|-damage|p2a: Landorus|0 fnt\n|faint|p2a: Landorus\n|\n|upkeep\n|\n|t:|1655080323\n|switch|p2a: Blacephalon|Blacephalon|100\/100\n|turn|16\n|\n|t:|1655080330\n|switch|p1a: Toxapex|Toxapex, M|100\/100\n|-damage|p1a: Toxapex|88\/100|[from] Stealth Rock\n|move|p2a: Blacephalon|Shadow Ball|p1a: Toxapex\n|-damage|p1a: Toxapex|54\/100\n|\n|-heal|p1a: Toxapex|60\/100|[from] item: Black Sludge\n|upkeep\n|turn|17\n|\n|t:|1655080342\n|switch|p2a: Tapu Lele|Tapu Lele|36\/100\n|switch|p1a: Zapdos|Zapdos-Galar|66\/100\n|-damage|p1a: Zapdos|54\/100|[from] Stealth Rock\n|\n|upkeep\n|turn|18\n|\n|t:|1655080355\n|move|p1a: Zapdos|U-turn|p2a: Tapu Lele\n|-damage|p2a: Tapu Lele|0 fnt\n|faint|p2a: Tapu Lele\n|\n|t:|1655080379\n|switch|p1a: Toxapex|Toxapex, M|93\/100|[from]move: U-turn\n|-damage|p1a: Toxapex|81\/100|[from] Stealth Rock\n|\n|-heal|p1a: Toxapex|87\/100|[from] item: Black Sludge\n|upkeep\n|\n|t:|1655080384\n|switch|p2a: Kartana|Kartana|100\/100\n|turn|19\n|\n|t:|1655080393\n|move|p2a: Kartana|Knock Off|p1a: Toxapex\n|-damage|p1a: Toxapex|60\/100\n|-enditem|p1a: Toxapex|Black Sludge|[from] move: Knock Off|[of] p2a: Kartana\n|move|p1a: Toxapex|Knock Off|p2a: Kartana\n|-damage|p2a: Kartana|86\/100\n|-enditem|p2a: Kartana|Protective Pads|[from] move: Knock Off|[of] p1a: Toxapex\n|\n|-fieldend|move: Psychic Terrain\n|upkeep\n|turn|20\n|\n|t:|1655080401\n|move|p2a: Kartana|Leaf Blade|p1a: Toxapex\n|-damage|p1a: Toxapex|23\/100\n|move|p1a: Toxapex|Recover|p1a: Toxapex\n|-heal|p1a: Toxapex|73\/100\n|\n|upkeep\n|turn|21\n|\n|t:|1655080404\n|move|p2a: Kartana|Leaf Blade|p1a: Toxapex\n|-damage|p1a: Toxapex|34\/100\n|move|p1a: Toxapex|Recover|p1a: Toxapex\n|-heal|p1a: Toxapex|84\/100\n|\n|upkeep\n|turn|22\n|\n|t:|1655080414\n|move|p2a: Kartana|Leaf Blade|p1a: Toxapex\n|-damage|p1a: Toxapex|43\/100\n|move|p1a: Toxapex|Recover|p1a: Toxapex\n|-heal|p1a: Toxapex|93\/100\n|\n|upkeep\n|turn|23\n|\n|t:|1655080418\n|move|p2a: Kartana|Leaf Blade|p1a: Toxapex\n|-damage|p1a: Toxapex|57\/100\n|move|p1a: Toxapex|Recover|p1a: Toxapex\n|-heal|p1a: Toxapex|100\/100\n|\n|upkeep\n|turn|24\n|l| Enkefalos\n|inactive|Battle timer is ON: inactive players will automatically lose when time's up. (requested by HOF69)\n|\n|t:|1655080480\n|move|p2a: Kartana|Leaf Blade|p1a: Toxapex\n|-damage|p1a: Toxapex|60\/100\n|move|p1a: Toxapex|Knock Off|p2a: Kartana\n|-damage|p2a: Kartana|76\/100\n|\n|upkeep\n|turn|25\n|\n|t:|1655080489\n|move|p2a: Kartana|Swords Dance|p2a: Kartana\n|-boost|p2a: Kartana|atk|2\n|move|p1a: Toxapex|Recover|p1a: Toxapex\n|-heal|p1a: Toxapex|100\/100\n|\n|upkeep\n|turn|26\n|\n|t:|1655080508\n|move|p2a: Kartana|Leaf Blade|p1a: Toxapex\n|-damage|p1a: Toxapex|19\/100\n|move|p1a: Toxapex|Haze|p1a: Toxapex\n|-clearallboost\n|\n|upkeep\n|turn|27\n|\n|t:|1655080517\n|switch|p1a: Zapdos|Zapdos-Galar|54\/100\n|-damage|p1a: Zapdos|41\/100|[from] Stealth Rock\n|move|p2a: Kartana|Leaf Blade|p1a: Zapdos\n|-resisted|p1a: Zapdos\n|-damage|p1a: Zapdos|5\/100\n|\n|upkeep\n|turn|28\n|\n|t:|1655080529\n|move|p2a: Kartana|Leaf Blade|p1a: Zapdos\n|-resisted|p1a: Zapdos\n|-damage|p1a: Zapdos|0 fnt\n|faint|p1a: Zapdos\n|-ability|p2a: Kartana|Beast Boost|boost\n|-boost|p2a: Kartana|atk|1\n|\n|upkeep\n|\n|t:|1655080531\n|switch|p1a: Tapu Lele|Tapu Lele|88\/100\n|-damage|p1a: Tapu Lele|76\/100|[from] Stealth Rock\n|-fieldstart|move: Psychic Terrain|[from] ability: Psychic Surge|[of] p1a: Tapu Lele\n|turn|29\n|\n|t:|1655080535\n|move|p1a: Tapu Lele|Moonblast|p2a: Kartana\n|-resisted|p2a: Kartana\n|-damage|p2a: Kartana|5\/100\n|-unboost|p2a: Kartana|spa|1\n|move|p2a: Kartana|Leaf Blade|p1a: Tapu Lele\n|-damage|p1a: Tapu Lele|0 fnt\n|faint|p1a: Tapu Lele\n|-ability|p2a: Kartana|Beast Boost|boost\n|-boost|p2a: Kartana|atk|1\n|\n|upkeep\n|c|\u2606HOF69|gg\n|inactive|quixana has 120 seconds left.\n|c|\u2606quixana|fml\n|c|\u2606HOF69|no psychic I'm guessing\n|c|\u2606quixana|min roll\n|c|\u2606quixana|no\n|-message|quixana forfeited.\n|\n|win|HOF69\n|raw|quixana's rating: 1714 &rarr; <strong>1694<\/strong><br \/>(-20 for losing)\n|raw|HOF69's rating: 1718 &rarr; <strong>1738<\/strong><br \/>(+20 for winning)\n|l|\u2606quixana\n","uploadtime":1655080587,"views":96,"p1id":"quixana","p2id":"hof69","formatid":"gen8ou","rating":1694,"private":0,"password":null}