{"id":"gen8ou-1626514012","p1":"badalakazam","p2":"LT91BB CCN","format":"gen8ou","log":"|raw|<div class=\"broadcast-blue\"><strong>This battle is required to be public due to a player having a name starting with 'lt91bb'.<\/div>\n|j|\u2606badalakazam\n|j|\u2606LT91BB CCN\n|t:|1658945703\n|gametype|singles\n|player|p1|badalakazam|scientist-gen4dp|1641\n|player|p2|LT91BB CCN|dawn|1569\n|teamsize|p1|6\n|teamsize|p2|6\n|gen|8\n|tier|[Gen 8] OU\n|rated|\n|rule|Sleep Clause Mod: Limit one foe put to sleep\n|rule|Species Clause: Limit one of each Pok\u00e9mon\n|rule|OHKO Clause: OHKO moves are banned\n|rule|Evasion Moves Clause: Evasion moves are banned\n|rule|Endless Battle Clause: Forcing endless battles is banned\n|rule|HP Percentage Mod: HP is shown in percentages\n|rule|Dynamax Clause: You cannot dynamax\n|clearpoke\n|poke|p1|Dracozolt|\n|poke|p1|Tyranitar, M|\n|poke|p1|Excadrill, M|\n|poke|p1|Blissey, F|\n|poke|p1|Keldeo-Resolute|\n|poke|p1|Zapdos|\n|poke|p2|Kartana|\n|poke|p2|Zapdos-Galar|\n|poke|p2|Melmetal|\n|poke|p2|Tapu Koko|\n|poke|p2|Landorus-Therian, M|\n|poke|p2|Tapu Fini|\n|teampreview\n|j| Linkerrr\n|\n|t:|1658945725\n|start\n|switch|p1a: Zapdos|Zapdos|100\/100\n|switch|p2a: Kartana|Kartana|100\/100\n|turn|1\n|\n|t:|1658945728\n|switch|p2a: Landorus|Landorus-Therian, M|100\/100\n|-ability|p2a: Landorus|Intimidate|boost\n|-unboost|p1a: Zapdos|atk|1\n|move|p1a: Zapdos|Volt Switch|p2a: Landorus\n|-immune|p2a: Landorus\n|\n|upkeep\n|turn|2\n|\n|t:|1658945735\n|move|p1a: Zapdos|Hurricane|p2a: Landorus\n|-damage|p2a: Landorus|64\/100\n|-start|p2a: Landorus|confusion\n|-activate|p2a: Landorus|confusion\n|move|p2a: Landorus|Toxic|p1a: Zapdos|[miss]\n|-miss|p2a: Landorus|p1a: Zapdos\n|\n|-heal|p2a: Landorus|70\/100|[from] item: Leftovers\n|upkeep\n|turn|3\n|\n|t:|1658945745\n|switch|p2a: Melmetal|Melmetal|100\/100\n|move|p1a: Zapdos|Hurricane|p2a: Melmetal\n|-resisted|p2a: Melmetal\n|-damage|p2a: Melmetal|79\/100\n|-start|p2a: Melmetal|confusion\n|\n|-heal|p2a: Melmetal|85\/100|[from] item: Leftovers\n|upkeep\n|turn|4\n|\n|t:|1658945752\n|move|p1a: Zapdos|Volt Switch|p2a: Melmetal\n|-damage|p2a: Melmetal|58\/100\n|\n|t:|1658945762\n|switch|p1a: Keldeo|Keldeo-Resolute|100\/100|[from]move: Volt Switch\n|-activate|p2a: Melmetal|confusion\n|-damage|p2a: Melmetal|47\/100|[from] confusion\n|\n|-heal|p2a: Melmetal|53\/100|[from] item: Leftovers\n|upkeep\n|turn|5\n|\n|t:|1658945776\n|switch|p1a: Tyranitar|Tyranitar, M|100\/100\n|-weather|Sandstorm|[from] ability: Sand Stream|[of] p1a: Tyranitar\n|switch|p2a: Tapu Fini|Tapu Fini|100\/100\n|-fieldstart|move: Misty Terrain|[from] ability: Misty Surge|[of] p2a: Tapu Fini\n|\n|-weather|Sandstorm|[upkeep]\n|-damage|p2a: Tapu Fini|94\/100|[from] Sandstorm\n|upkeep\n|turn|6\n|\n|t:|1658945784\n|switch|p2a: Landorus|Landorus-Therian, M|70\/100\n|-ability|p2a: Landorus|Intimidate|boost\n|-unboost|p1a: Tyranitar|atk|1\n|move|p1a: Tyranitar|Stone Edge|p2a: Landorus|[miss]\n|-miss|p1a: Tyranitar|p2a: Landorus\n|\n|-weather|Sandstorm|[upkeep]\n|-heal|p2a: Landorus|76\/100|[from] item: Leftovers\n|upkeep\n|turn|7\n|\n|t:|1658945790\n|switch|p1a: Zapdos|Zapdos|100\/100\n|move|p2a: Landorus|Stealth Rock|p1a: Zapdos\n|-sidestart|p1: badalakazam|move: Stealth Rock\n|\n|-weather|Sandstorm|[upkeep]\n|-damage|p1a: Zapdos|94\/100|[from] Sandstorm\n|-heal|p2a: Landorus|82\/100|[from] item: Leftovers\n|upkeep\n|turn|8\n|\n|t:|1658945795\n|move|p1a: Zapdos|Defog|p2a: Landorus\n|-unboost|p2a: Landorus|evasion|1\n|-sideend|p1: badalakazam|Stealth Rock|[from] move: Defog|[of] p1a: Zapdos\n|-fieldend|Misty Terrain\n|move|p2a: Landorus|Toxic|p1a: Zapdos\n|-status|p1a: Zapdos|tox\n|\n|-weather|Sandstorm|[upkeep]\n|-damage|p1a: Zapdos|88\/100 tox|[from] Sandstorm\n|-heal|p2a: Landorus|88\/100|[from] item: Leftovers\n|-damage|p1a: Zapdos|82\/100 tox|[from] psn\n|upkeep\n|turn|9\n|\n|t:|1658945803\n|switch|p1a: Keldeo|Keldeo-Resolute|100\/100\n|move|p2a: Landorus|Stealth Rock|p1a: Keldeo\n|-sidestart|p1: badalakazam|move: Stealth Rock\n|\n|-weather|none\n|-heal|p2a: Landorus|94\/100|[from] item: Leftovers\n|upkeep\n|turn|10\n|\n|t:|1658945810\n|switch|p1a: Tyranitar|Tyranitar, M|100\/100\n|-damage|p1a: Tyranitar|88\/100|[from] Stealth Rock\n|-weather|Sandstorm|[from] ability: Sand Stream|[of] p1a: Tyranitar\n|switch|p2a: Tapu Fini|Tapu Fini|94\/100\n|-fieldstart|move: Misty Terrain|[from] ability: Misty Surge|[of] p2a: Tapu Fini\n|\n|-weather|Sandstorm|[upkeep]\n|-damage|p2a: Tapu Fini|88\/100|[from] Sandstorm\n|upkeep\n|turn|11\n|\n|t:|1658945822\n|switch|p2a: Melmetal|Melmetal|53\/100\n|move|p1a: Tyranitar|Stone Edge|p2a: Melmetal\n|-resisted|p2a: Melmetal\n|-crit|p2a: Melmetal\n|-damage|p2a: Melmetal|10\/100\n|\n|-weather|Sandstorm|[upkeep]\n|-heal|p2a: Melmetal|17\/100|[from] item: Leftovers\n|upkeep\n|turn|12\n|\n|t:|1658945831\n|move|p2a: Melmetal|Protect|p2a: Melmetal\n|-singleturn|p2a: Melmetal|Protect\n|move|p1a: Tyranitar|Stone Edge|p2a: Melmetal\n|-activate|p2a: Melmetal|move: Protect\n|\n|-weather|Sandstorm|[upkeep]\n|-heal|p2a: Melmetal|23\/100|[from] item: Leftovers\n|upkeep\n|turn|13\n|\n|t:|1658945853\n|switch|p2a: Kartana|Kartana|100\/100\n|move|p1a: Tyranitar|Stone Edge|p2a: Kartana\n|-resisted|p2a: Kartana\n|-damage|p2a: Kartana|63\/100\n|\n|-weather|Sandstorm|[upkeep]\n|upkeep\n|turn|14\n|\n|t:|1658945860\n|switch|p1a: Zapdos|Zapdos|82\/100 tox\n|move|p2a: Kartana|Swords Dance|p2a: Kartana\n|-boost|p2a: Kartana|atk|2\n|\n|-weather|none\n|-damage|p1a: Zapdos|76\/100 tox|[from] psn\n|-fieldend|Misty Terrain\n|upkeep\n|turn|15\n|\n|t:|1658945869\n|move|p2a: Kartana|Knock Off|p1a: Zapdos\n|-damage|p1a: Zapdos|22\/100 tox\n|-enditem|p1a: Zapdos|Heavy-Duty Boots|[from] move: Knock Off|[of] p2a: Kartana\n|move|p1a: Zapdos|Hurricane|p2a: Kartana\n|-damage|p2a: Kartana|0 fnt\n|faint|p2a: Kartana\n|\n|-damage|p1a: Zapdos|10\/100 tox|[from] psn\n|upkeep\n|\n|t:|1658945879\n|switch|p2a: Tapu Koko|Tapu Koko|100\/100\n|-fieldstart|move: Electric Terrain|[from] ability: Electric Surge|[of] p2a: Tapu Koko\n|turn|16\n|\n|t:|1658945887\n|move|p2a: Tapu Koko|Dazzling Gleam|p1a: Zapdos\n|-damage|p1a: Zapdos|0 fnt\n|faint|p1a: Zapdos\n|\n|upkeep\n|\n|t:|1658945889\n|switch|p1a: Excadrill|Excadrill, M|100\/100\n|-damage|p1a: Excadrill|97\/100|[from] Stealth Rock\n|turn|17\n|\n|t:|1658945894\n|move|p2a: Tapu Koko|U-turn|p1a: Excadrill\n|-resisted|p1a: Excadrill\n|-damage|p1a: Excadrill|86\/100\n|\n|t:|1658945897\n|switch|p2a: Zapdos|Zapdos-Galar|100\/100|[from]move: U-turn\n|move|p1a: Excadrill|Swords Dance|p1a: Excadrill\n|-boost|p1a: Excadrill|atk|2\n|\n|-heal|p1a: Excadrill|92\/100|[from] item: Leftovers\n|upkeep\n|turn|18\n|\n|t:|1658945909\n|switch|p1a: Keldeo|Keldeo-Resolute|100\/100\n|-damage|p1a: Keldeo|94\/100|[from] Stealth Rock\n|move|p2a: Zapdos|Close Combat|p1a: Keldeo\n|-damage|p1a: Keldeo|12\/100\n|-unboost|p2a: Zapdos|def|1\n|-unboost|p2a: Zapdos|spd|1\n|\n|-heal|p1a: Keldeo|18\/100|[from] item: Leftovers\n|upkeep\n|turn|19\n|\n|t:|1658945921\n|switch|p2a: Tapu Fini|Tapu Fini|88\/100\n|-fieldstart|move: Misty Terrain|[from] ability: Misty Surge|[of] p2a: Tapu Fini\n|move|p1a: Keldeo|Scald|p2a: Tapu Fini\n|-resisted|p2a: Tapu Fini\n|-damage|p2a: Tapu Fini|75\/100\n|\n|-heal|p1a: Keldeo|24\/100|[from] item: Leftovers\n|upkeep\n|turn|20\n|\n|t:|1658945927\n|switch|p2a: Zapdos|Zapdos-Galar|100\/100\n|switch|p1a: Blissey|Blissey, F|100\/100\n|\n|upkeep\n|turn|21\n|\n|t:|1658945932\n|switch|p1a: Keldeo|Keldeo-Resolute|24\/100\n|-damage|p1a: Keldeo|18\/100|[from] Stealth Rock\n|move|p2a: Zapdos|Thunderous Kick|p1a: Keldeo\n|-damage|p1a: Keldeo|0 fnt\n|faint|p1a: Keldeo\n|\n|upkeep\n|\n|t:|1658945938\n|switch|p1a: Dracozolt|Dracozolt|100\/100\n|-damage|p1a: Dracozolt|88\/100|[from] Stealth Rock\n|turn|22\n|\n|t:|1658945953\n|switch|p2a: Landorus|Landorus-Therian, M|94\/100\n|-ability|p2a: Landorus|Intimidate|boost\n|-unboost|p1a: Dracozolt|atk|1\n|move|p1a: Dracozolt|Bolt Beak|p2a: Landorus\n|-immune|p2a: Landorus\n|\n|-heal|p2a: Landorus|99\/100|[from] item: Leftovers\n|upkeep\n|turn|23\n|\n|t:|1658945960\n|switch|p1a: Blissey|Blissey, F|100\/100\n|move|p2a: Landorus|U-turn|p1a: Blissey\n|-crit|p1a: Blissey\n|-damage|p1a: Blissey|75\/100\n|\n|t:|1658945963\n|switch|p2a: Zapdos|Zapdos-Galar|100\/100|[from]move: U-turn\n|\n|-fieldend|Misty Terrain\n|upkeep\n|turn|24\n|-message|badalakazam forfeited.\n|\n|win|LT91BB CCN\n|raw|badalakazam's rating: 1624 &rarr; <strong>1601<\/strong><br \/>(-23 for losing)\n|raw|LT91BB CCN's rating: 1569 &rarr; <strong>1592<\/strong><br \/>(+23 for winning)\n|l| Linkerrr\n","uploadtime":1658945977,"views":6,"p1id":"badalakazam","p2id":"lt91bbccn","formatid":"gen8ou","rating":1592,"private":0,"password":null}