{"id":"gen8ou-1640289187","p1":"LT93OQ Vegeto","p2":"hypervortexreturns","format":"gen8ou","log":"|raw|<div class=\"broadcast-blue\"><strong>This battle is required to be public due to a player having a name starting with 'lt93oq'.<\/div>\n|j|\u2606LT93OQ Vegeto\n|j|\u203dhypervortexreturns\n|t:|1660578986\n|gametype|singles\n|player|p1|LT93OQ Vegeto|ethan|1856\n|player|p2|hypervortexreturns|265|1940\n|teamsize|p1|6\n|teamsize|p2|6\n|gen|8\n|tier|[Gen 8] OU\n|rated|\n|rule|Sleep Clause Mod: Limit one foe put to sleep\n|rule|Species Clause: Limit one of each Pok\u00e9mon\n|rule|OHKO Clause: OHKO moves are banned\n|rule|Evasion Items Clause: Evasion items are banned\n|rule|Evasion Moves Clause: Evasion moves are banned\n|rule|Endless Battle Clause: Forcing endless battles is banned\n|rule|HP Percentage Mod: HP is shown in percentages\n|rule|Dynamax Clause: You cannot dynamax\n|clearpoke\n|poke|p1|Tapu Lele|\n|poke|p1|Weavile, F|\n|poke|p1|Garchomp, M|\n|poke|p1|Clefable, F|\n|poke|p1|Ferrothorn, M|\n|poke|p1|Zapdos|\n|poke|p2|Hydreigon, F|\n|poke|p2|Zapdos|\n|poke|p2|Tangrowth, M|\n|poke|p2|Corviknight, F|\n|poke|p2|Excadrill, F|\n|poke|p2|Azumarill, F|\n|teampreview\n|inactive|Battle timer is ON: inactive players will automatically lose when time's up. (requested by LT93OQ Vegeto)\n|j| LT93OQ TROP CHAUD\n|j| LT93OQ baki\n|j| LT92PFMimikyuStarD\n|\n|t:|1660579005\n|start\n|switch|p1a: Clefable|Clefable, F|100\/100\n|switch|p2a: Tangrowth|Tangrowth, M|100\/100\n|turn|1\n|j| BDSPLT3SJ Citrus\n|\n|t:|1660579014\n|move|p1a: Clefable|Thunder Wave|p2a: Tangrowth|[miss]\n|-miss|p1a: Clefable|p2a: Tangrowth\n|move|p2a: Tangrowth|Sleep Powder|p1a: Clefable\n|-status|p1a: Clefable|slp|[from] move: Sleep Powder\n|\n|upkeep\n|turn|2\n|j| Mushaarna\n|\n|t:|1660579023\n|cant|p1a: Clefable|slp\n|move|p2a: Tangrowth|Knock Off|p1a: Clefable\n|-resisted|p1a: Clefable\n|-damage|p1a: Clefable|92\/100 slp\n|-enditem|p1a: Clefable|Leftovers|[from] move: Knock Off|[of] p2a: Tangrowth\n|\n|upkeep\n|turn|3\n|\n|t:|1660579031\n|switch|p2a: Excadrill|Excadrill, F|100\/100\n|-curestatus|p1a: Clefable|slp|[msg]\n|move|p1a: Clefable|Stealth Rock|p2a: Excadrill\n|-sidestart|p2: hypervortexreturns|move: Stealth Rock\n|\n|upkeep\n|turn|4\n|\n|t:|1660579042\n|switch|p1a: Zapdos|Zapdos|100\/100\n|move|p2a: Excadrill|Stealth Rock|p1a: Zapdos\n|-sidestart|p1: LT93OQ Vegeto|move: Stealth Rock\n|\n|upkeep\n|turn|5\n|j| LT93OQ Bee\n|j| LT93OQAntonioRecio\n|\n|t:|1660579065\n|switch|p2a: Zapdos|Zapdos|100\/100\n|move|p1a: Zapdos|Hurricane|p2a: Zapdos\n|-resisted|p2a: Zapdos\n|-damage|p2a: Zapdos|73\/100\n|\n|upkeep\n|turn|6\n|\n|t:|1660579075\n|move|p2a: Zapdos|Toxic|p1a: Zapdos\n|-status|p1a: Zapdos|tox\n|move|p1a: Zapdos|Volt Switch|p2a: Zapdos\n|-damage|p2a: Zapdos|34\/100\n|l| Mushaarna\n|j| Rilaboum sauvage\n|\n|t:|1660579091\n|switch|p1a: Tapu Lele|Tapu Lele|100\/100|[from]move: Volt Switch\n|-damage|p1a: Tapu Lele|88\/100|[from] Stealth Rock\n|-fieldstart|move: Psychic Terrain|[from] ability: Psychic Surge|[of] p1a: Tapu Lele\n|\n|upkeep\n|turn|7\n|\n|t:|1660579103\n|switch|p2a: Corviknight|Corviknight, F|100\/100\n|-damage|p2a: Corviknight|88\/100|[from] Stealth Rock\n|-ability|p2a: Corviknight|Pressure\n|move|p1a: Tapu Lele|Thunderbolt|p2a: Corviknight\n|-supereffective|p2a: Corviknight\n|-damage|p2a: Corviknight|17\/100\n|\n|-heal|p2a: Corviknight|23\/100|[from] item: Leftovers\n|upkeep\n|turn|8\n|\n|t:|1660579118\n|switch|p2a: Excadrill|Excadrill, F|100\/100\n|-damage|p2a: Excadrill|97\/100|[from] Stealth Rock\n|move|p1a: Tapu Lele|Thunderbolt|p2a: Excadrill\n|-immune|p2a: Excadrill\n|\n|-heal|p2a: Excadrill|100\/100|[from] item: Leftovers\n|upkeep\n|turn|9\n|inactive|hypervortexreturns has 120 seconds left.\n|\n|t:|1660579147\n|switch|p1a: Zapdos|Zapdos|100\/100 tox\n|move|p2a: Excadrill|Swords Dance|p2a: Excadrill\n|-boost|p2a: Excadrill|atk|2\n|\n|-damage|p1a: Zapdos|94\/100 tox|[from] psn\n|upkeep\n|turn|10\n|j| arnavgupta\n|\n|t:|1660579158\n|move|p2a: Excadrill|Iron Head|p1a: Zapdos\n|-resisted|p1a: Zapdos\n|-damage|p1a: Zapdos|50\/100 tox\n|cant|p1a: Zapdos|flinch\n|\n|-damage|p1a: Zapdos|38\/100 tox|[from] psn\n|-fieldend|move: Psychic Terrain\n|upkeep\n|turn|11\n|j| amimec\n|\n|t:|1660579168\n|move|p2a: Excadrill|Iron Head|p1a: Zapdos\n|-resisted|p1a: Zapdos\n|-crit|p1a: Zapdos\n|-damage|p1a: Zapdos|0 fnt\n|-status|p2a: Excadrill|par|[from] ability: Static|[of] p1a: Zapdos\n|faint|p1a: Zapdos\n|\n|upkeep\n|\n|t:|1660579173\n|switch|p1a: Garchomp|Garchomp, M|100\/100\n|-damage|p1a: Garchomp|94\/100|[from] Stealth Rock\n|turn|12\n|j| mace of fury\n|\n|t:|1660579182\n|switch|p1a: Tapu Lele|Tapu Lele|88\/100\n|-damage|p1a: Tapu Lele|76\/100|[from] Stealth Rock\n|-fieldstart|move: Psychic Terrain|[from] ability: Psychic Surge|[of] p1a: Tapu Lele\n|switch|p2a: Tangrowth|Tangrowth, M|100\/100\n|-damage|p2a: Tangrowth|88\/100|[from] Stealth Rock\n|\n|upkeep\n|turn|13\n|j| Rovecraetove\n|j| hernameisrio\n|\n|t:|1660579208\n|switch|p2a: Corviknight|Corviknight, F|23\/100\n|-damage|p2a: Corviknight|11\/100|[from] Stealth Rock\n|-ability|p2a: Corviknight|Pressure\n|move|p1a: Tapu Lele|Moonblast|p2a: Corviknight\n|-resisted|p2a: Corviknight\n|-damage|p2a: Corviknight|0 fnt\n|faint|p2a: Corviknight\n|\n|upkeep\n|j| Sc0rcha\n|l| Sc0rcha\n|\n|t:|1660579221\n|switch|p2a: Excadrill|Excadrill, F|100\/100 par\n|-damage|p2a: Excadrill|97\/100 par|[from] Stealth Rock\n|turn|14\n|j|@ironwater\n|j| Dzhugashvili\n|\n|t:|1660579242\n|switch|p1a: Garchomp|Garchomp, M|94\/100\n|-damage|p1a: Garchomp|88\/100|[from] Stealth Rock\n|move|p2a: Excadrill|Earthquake|p1a: Garchomp\n|-damage|p1a: Garchomp|42\/100\n|\n|-heal|p1a: Garchomp|48\/100|[from] item: Leftovers\n|-heal|p2a: Excadrill|100\/100 par|[from] item: Leftovers\n|upkeep\n|turn|15\n|j| flygon1908\n|inactive|hypervortexreturns has 120 seconds left.\n|\n|t:|1660579266\n|switch|p2a: Hydreigon|Hydreigon, F|100\/100\n|-damage|p2a: Hydreigon|88\/100|[from] Stealth Rock\n|move|p1a: Garchomp|Earthquake|p2a: Hydreigon\n|-immune|p2a: Hydreigon|[from] ability: Levitate\n|\n|-heal|p2a: Hydreigon|94\/100|[from] item: Leftovers\n|-heal|p1a: Garchomp|54\/100|[from] item: Leftovers\n|upkeep\n|turn|16\n|inactive|hypervortexreturns has 120 seconds left.\n|\n|t:|1660579278\n|move|p2a: Hydreigon|Dark Pulse|p1a: Garchomp\n|-damage|p1a: Garchomp|20\/100\n|move|p1a: Garchomp|Scale Shot|p2a: Hydreigon|[miss]\n|-miss|p1a: Garchomp|p2a: Hydreigon\n|\n|-heal|p2a: Hydreigon|100\/100|[from] item: Leftovers\n|-heal|p1a: Garchomp|27\/100|[from] item: Leftovers\n|-fieldend|move: Psychic Terrain\n|upkeep\n|turn|17\n|inactive|hypervortexreturns has 120 seconds left.\n|\n|t:|1660579288\n|switch|p1a: Clefable|Clefable, F|92\/100\n|move|p2a: Hydreigon|Dark Pulse|p1a: Clefable\n|-resisted|p1a: Clefable\n|-damage|p1a: Clefable|77\/100\n|\n|upkeep\n|turn|18\n|l| Rilaboum sauvage\n|inactive|hypervortexreturns has 120 seconds left.\n|\n|t:|1660579306\n|switch|p2a: Excadrill|Excadrill, F|100\/100 par\n|-damage|p2a: Excadrill|97\/100 par|[from] Stealth Rock\n|move|p1a: Clefable|Moonblast|p2a: Excadrill\n|-resisted|p2a: Excadrill\n|-damage|p2a: Excadrill|75\/100 par\n|-unboost|p2a: Excadrill|spa|1\n|\n|-heal|p2a: Excadrill|81\/100 par|[from] item: Leftovers\n|upkeep\n|turn|19\n|inactive|hypervortexreturns has 120 seconds left.\n|\n|t:|1660579318\n|switch|p1a: Ferrothorn|Ferrothorn, M|100\/100\n|-damage|p1a: Ferrothorn|94\/100|[from] Stealth Rock\n|move|p2a: Excadrill|Earthquake|p1a: Ferrothorn\n|-damage|p1a: Ferrothorn|57\/100\n|\n|-heal|p2a: Excadrill|87\/100 par|[from] item: Leftovers\n|-heal|p1a: Ferrothorn|64\/100|[from] item: Leftovers\n|upkeep\n|turn|20\n|inactive|hypervortexreturns has 120 seconds left.\n|\n|t:|1660579341\n|switch|p2a: Tangrowth|Tangrowth, M|100\/100\n|-damage|p2a: Tangrowth|88\/100|[from] Stealth Rock\n|move|p1a: Ferrothorn|Knock Off|p2a: Tangrowth\n|-damage|p2a: Tangrowth|78\/100\n|-damage|p1a: Ferrothorn|47\/100|[from] item: Rocky Helmet|[of] p2a: Tangrowth\n|-enditem|p2a: Tangrowth|Rocky Helmet|[from] move: Knock Off|[of] p1a: Ferrothorn\n|\n|-heal|p1a: Ferrothorn|53\/100|[from] item: Leftovers\n|upkeep\n|turn|21\n|\n|t:|1660579352\n|switch|p1a: Clefable|Clefable, F|77\/100\n|move|p2a: Tangrowth|Knock Off|p1a: Clefable\n|-resisted|p1a: Clefable\n|-damage|p1a: Clefable|71\/100\n|\n|upkeep\n|turn|22\n|\n|t:|1660579366\n|switch|p1a: Weavile|Weavile, F|100\/100\n|-ability|p1a: Weavile|Pressure\n|move|p2a: Tangrowth|Sleep Powder|p1a: Weavile\n|-status|p1a: Weavile|slp|[from] move: Sleep Powder\n|\n|upkeep\n|turn|23\n|\n|t:|1660579377\n|cant|p1a: Weavile|slp\n|move|p2a: Tangrowth|Power Whip|p1a: Weavile\n|-damage|p1a: Weavile|30\/100 slp\n|\n|upkeep\n|turn|24\n|\n|t:|1660579390\n|-curestatus|p1a: Weavile|slp|[msg]\n|move|p1a: Weavile|Triple Axel|p2a: Tangrowth\n|-supereffective|p2a: Tangrowth\n|-damage|p2a: Tangrowth|66\/100\n|-supereffective|p2a: Tangrowth\n|-damage|p2a: Tangrowth|44\/100\n|-supereffective|p2a: Tangrowth\n|-damage|p2a: Tangrowth|10\/100\n|-hitcount|p2a: Tangrowth|3\n|move|p2a: Tangrowth|Knock Off|p1a: Weavile\n|-resisted|p1a: Weavile\n|-damage|p1a: Weavile|12\/100\n|-enditem|p1a: Weavile|Heavy-Duty Boots|[from] move: Knock Off|[of] p2a: Tangrowth\n|\n|upkeep\n|turn|25\n|\n|t:|1660579412\n|switch|p2a: Azumarill|Azumarill, F|100\/100\n|-damage|p2a: Azumarill|88\/100|[from] Stealth Rock\n|move|p1a: Weavile|Knock Off|p2a: Azumarill\n|-resisted|p2a: Azumarill\n|-damage|p2a: Azumarill|55\/100\n|-enditem|p2a: Azumarill|Sitrus Berry|[from] move: Knock Off|[of] p1a: Weavile\n|\n|upkeep\n|turn|26\n|\n|t:|1660579420\n|switch|p1a: Ferrothorn|Ferrothorn, M|53\/100\n|-damage|p1a: Ferrothorn|47\/100|[from] Stealth Rock\n|move|p2a: Azumarill|Aqua Jet|p1a: Ferrothorn\n|-resisted|p1a: Ferrothorn\n|-damage|p1a: Ferrothorn|37\/100\n|-damage|p2a: Azumarill|42\/100|[from] ability: Iron Barbs|[of] p1a: Ferrothorn\n|\n|-heal|p1a: Ferrothorn|43\/100|[from] item: Leftovers\n|upkeep\n|turn|27\n|\n|t:|1660579433\n|switch|p2a: Tangrowth|Tangrowth, M|43\/100\n|-damage|p2a: Tangrowth|30\/100|[from] Stealth Rock\n|move|p1a: Ferrothorn|Gyro Ball|p2a: Tangrowth\n|-damage|p2a: Tangrowth|18\/100\n|\n|-heal|p1a: Ferrothorn|49\/100|[from] item: Leftovers\n|upkeep\n|turn|28\n|\n|t:|1660579443\n|move|p2a: Tangrowth|Focus Blast|p1a: Ferrothorn\n|-supereffective|p1a: Ferrothorn\n|-damage|p1a: Ferrothorn|8\/100\n|-unboost|p1a: Ferrothorn|spd|1\n|move|p1a: Ferrothorn|Knock Off|p2a: Tangrowth\n|-damage|p2a: Tangrowth|11\/100\n|\n|-heal|p1a: Ferrothorn|14\/100|[from] item: Leftovers\n|upkeep\n|turn|29\n|\n|t:|1660579456\n|move|p2a: Tangrowth|Focus Blast|p1a: Ferrothorn\n|-supereffective|p1a: Ferrothorn\n|-damage|p1a: Ferrothorn|0 fnt\n|faint|p1a: Ferrothorn\n|\n|upkeep\n|\n|t:|1660579461\n|switch|p1a: Garchomp|Garchomp, M|27\/100\n|-damage|p1a: Garchomp|20\/100|[from] Stealth Rock\n|turn|30\n|inactive|hypervortexreturns has 120 seconds left.\n|\n|t:|1660579479\n|move|p1a: Garchomp|Fire Fang|p2a: Tangrowth\n|-supereffective|p2a: Tangrowth\n|-damage|p2a: Tangrowth|0 fnt\n|faint|p2a: Tangrowth\n|\n|-heal|p1a: Garchomp|27\/100|[from] item: Leftovers\n|upkeep\n|\n|t:|1660579492\n|switch|p2a: Hydreigon|Hydreigon, F|100\/100\n|-damage|p2a: Hydreigon|88\/100|[from] Stealth Rock\n|turn|31\n|\n|t:|1660579497\n|switch|p1a: Clefable|Clefable, F|71\/100\n|move|p2a: Hydreigon|Dark Pulse|p1a: Clefable\n|-resisted|p1a: Clefable\n|-damage|p1a: Clefable|54\/100\n|\n|-heal|p2a: Hydreigon|94\/100|[from] item: Leftovers\n|upkeep\n|turn|32\n|l| BDSPLT3SJ Citrus\n|inactive|hypervortexreturns has 120 seconds left.\n|l| LT93OQ Bee\n|\n|t:|1660579527\n|switch|p2a: Zapdos|Zapdos|34\/100\n|move|p1a: Clefable|Soft-Boiled|p1a: Clefable\n|-heal|p1a: Clefable|100\/100\n|\n|upkeep\n|turn|33\n|\n|t:|1660579534\n|move|p2a: Zapdos|Roost|p2a: Zapdos\n|-heal|p2a: Zapdos|84\/100\n|-singleturn|p2a: Zapdos|move: Roost\n|move|p1a: Clefable|Moonblast|p2a: Zapdos\n|-damage|p2a: Zapdos|53\/100\n|\n|upkeep\n|turn|34\n|\n|t:|1660579542\n|move|p2a: Zapdos|Roost|p2a: Zapdos\n|-heal|p2a: Zapdos|100\/100\n|-singleturn|p2a: Zapdos|move: Roost\n|move|p1a: Clefable|Moonblast|p2a: Zapdos\n|-damage|p2a: Zapdos|69\/100\n|-unboost|p2a: Zapdos|spa|1\n|\n|upkeep\n|turn|35\n|\n|t:|1660579551\n|move|p2a: Zapdos|Discharge|p1a: Clefable\n|-damage|p1a: Clefable|78\/100\n|move|p1a: Clefable|Moonblast|p2a: Zapdos\n|-damage|p2a: Zapdos|39\/100\n|-unboost|p2a: Zapdos|spa|1\n|\n|upkeep\n|turn|36\n|\n|t:|1660579561\n|switch|p1a: Garchomp|Garchomp, M|27\/100\n|-damage|p1a: Garchomp|20\/100|[from] Stealth Rock\n|move|p2a: Zapdos|Roost|p2a: Zapdos\n|-heal|p2a: Zapdos|89\/100\n|-singleturn|p2a: Zapdos|move: Roost\n|\n|-heal|p1a: Garchomp|27\/100|[from] item: Leftovers\n|upkeep\n|turn|37\n|inactive|hypervortexreturns has 120 seconds left.\n|\n|t:|1660579571\n|move|p2a: Zapdos|Hurricane|p1a: Garchomp\n|-damage|p1a: Garchomp|2\/100\n|-start|p1a: Garchomp|confusion\n|-activate|p1a: Garchomp|confusion\n|move|p1a: Garchomp|Scale Shot|p2a: Zapdos\n|-crit|p2a: Zapdos\n|-damage|p2a: Zapdos|68\/100\n|-damage|p2a: Zapdos|54\/100\n|-damage|p2a: Zapdos|40\/100\n|-hitcount|p2a: Zapdos|3\n|-unboost|p1a: Garchomp|def|1\n|-boost|p1a: Garchomp|spe|1\n|\n|-heal|p1a: Garchomp|8\/100|[from] item: Leftovers\n|upkeep\n|turn|38\n|inactive|hypervortexreturns has 120 seconds left.\n|j| Wnn\n|\n|t:|1660579592\n|switch|p2a: Azumarill|Azumarill, F|42\/100\n|-damage|p2a: Azumarill|30\/100|[from] Stealth Rock\n|-end|p1a: Garchomp|confusion\n|move|p1a: Garchomp|Scale Shot|p2a: Azumarill\n|-immune|p2a: Azumarill\n|\n|-heal|p1a: Garchomp|14\/100|[from] item: Leftovers\n|upkeep\n|turn|39\n|\n|t:|1660579602\n|switch|p1a: Tapu Lele|Tapu Lele|76\/100\n|-damage|p1a: Tapu Lele|63\/100|[from] Stealth Rock\n|-fieldstart|move: Psychic Terrain|[from] ability: Psychic Surge|[of] p1a: Tapu Lele\n|move|p2a: Azumarill|Aqua Jet|p1a: Tapu Lele\n|-activate|p1a: Tapu Lele|move: Psychic Terrain\n|\n|upkeep\n|turn|40\n|inactive|hypervortexreturns has 90 seconds left.\n|\n|t:|1660579649\n|move|p1a: Tapu Lele|Moonblast|p2a: Azumarill\n|-damage|p2a: Azumarill|0 fnt\n|faint|p2a: Azumarill\n|\n|upkeep\n|\n|t:|1660579656\n|switch|p2a: Excadrill|Excadrill, F|87\/100 par\n|-damage|p2a: Excadrill|84\/100 par|[from] Stealth Rock\n|turn|41\n|inactive|LT93OQ Vegeto has 120 seconds left.\n|\n|t:|1660579696\n|switch|p1a: Weavile|Weavile, F|12\/100\n|-damage|p1a: Weavile|0 fnt|[from] Stealth Rock\n|faint|p1a: Weavile\n|move|p2a: Excadrill|Iron Head|p1: Weavile|[notarget]\n|-fail|p2a: Excadrill\n|\n|-heal|p2a: Excadrill|90\/100 par|[from] item: Leftovers\n|upkeep\n|\n|t:|1660579700\n|switch|p1a: Garchomp|Garchomp, M|14\/100\n|-damage|p1a: Garchomp|8\/100|[from] Stealth Rock\n|turn|42\n|j| 0SiegeWarfare\n|\n|t:|1660579722\n|move|p1a: Garchomp|Scale Shot|p2a: Excadrill\n|-resisted|p2a: Excadrill\n|-damage|p2a: Excadrill|82\/100 par\n|-resisted|p2a: Excadrill\n|-damage|p2a: Excadrill|72\/100 par\n|-resisted|p2a: Excadrill\n|-damage|p2a: Excadrill|63\/100 par\n|-resisted|p2a: Excadrill\n|-damage|p2a: Excadrill|53\/100 par\n|-resisted|p2a: Excadrill\n|-damage|p2a: Excadrill|45\/100 par\n|-hitcount|p2a: Excadrill|5\n|-unboost|p1a: Garchomp|def|1\n|-boost|p1a: Garchomp|spe|1\n|cant|p2a: Excadrill|par\n|\n|-heal|p1a: Garchomp|14\/100|[from] item: Leftovers\n|-heal|p2a: Excadrill|51\/100 par|[from] item: Leftovers\n|upkeep\n|turn|43\n|\n|t:|1660579739\n|move|p1a: Garchomp|Earthquake|p2a: Excadrill\n|-supereffective|p2a: Excadrill\n|-damage|p2a: Excadrill|0 fnt\n|faint|p2a: Excadrill\n|\n|-heal|p1a: Garchomp|20\/100|[from] item: Leftovers\n|-fieldend|move: Psychic Terrain\n|upkeep\n|l| Wnn\n|\n|t:|1660579747\n|switch|p2a: Hydreigon|Hydreigon, F|94\/100\n|-damage|p2a: Hydreigon|82\/100|[from] Stealth Rock\n|turn|44\n|\n|t:|1660579752\n|move|p1a: Garchomp|Scale Shot|p2a: Hydreigon\n|-supereffective|p2a: Hydreigon\n|-damage|p2a: Hydreigon|54\/100\n|-supereffective|p2a: Hydreigon\n|-damage|p2a: Hydreigon|27\/100\n|-hitcount|p2a: Hydreigon|2\n|-unboost|p1a: Garchomp|def|1\n|-boost|p1a: Garchomp|spe|1\n|move|p2a: Hydreigon|Dark Pulse|p1a: Garchomp\n|-damage|p1a: Garchomp|0 fnt\n|faint|p1a: Garchomp\n|\n|-heal|p2a: Hydreigon|33\/100|[from] item: Leftovers\n|upkeep\n|\n|t:|1660579759\n|switch|p1a: Clefable|Clefable, F|78\/100\n|turn|45\n|\n|t:|1660579777\n|switch|p2a: Zapdos|Zapdos|40\/100\n|switch|p1a: Tapu Lele|Tapu Lele|63\/100\n|-damage|p1a: Tapu Lele|51\/100|[from] Stealth Rock\n|-fieldstart|move: Psychic Terrain|[from] ability: Psychic Surge|[of] p1a: Tapu Lele\n|\n|upkeep\n|turn|46\n|j| tapu moxo\n|inactive|hypervortexreturns has 60 seconds left.\n|\n|t:|1660579810\n|switch|p2a: Hydreigon|Hydreigon, F|33\/100\n|-damage|p2a: Hydreigon|21\/100|[from] Stealth Rock\n|move|p1a: Tapu Lele|Moonblast|p2a: Hydreigon\n|-supereffective|p2a: Hydreigon\n|-damage|p2a: Hydreigon|0 fnt\n|faint|p2a: Hydreigon\n|\n|upkeep\n|\n|t:|1660579819\n|switch|p2a: Zapdos|Zapdos|40\/100\n|turn|47\n|\n|t:|1660579822\n|move|p2a: Zapdos|Hurricane|p1a: Tapu Lele\n|-damage|p1a: Tapu Lele|5\/100\n|move|p1a: Tapu Lele|Moonblast|p2a: Zapdos\n|-damage|p2a: Zapdos|0 fnt\n|faint|p2a: Zapdos\n|\n|win|LT93OQ Vegeto\n|raw|LT93OQ Vegeto's rating: 1856 &rarr; <strong>1881<\/strong><br \/>(+25 for winning)\n|raw|hypervortexreturns's rating: 1940 &rarr; <strong>1915<\/strong><br \/>(-25 for losing)\n|l| Rovecraetove\n|l|\u2606LT93OQ Vegeto\n","uploadtime":1660579845,"views":109,"p1id":"lt93oqvegeto","p2id":"hypervortexreturns","formatid":"gen8ou","rating":1881,"private":0,"password":null}