{"id":"gen8ou-1564472936","p1":"depper11","p2":"Elite4Donovan","format":"gen8ou","log":"|j|\u2606depper11\n|j|\u2606Elite4Donovan\n|t:|1651293464\n|gametype|singles\n|player|p1|depper11|alder|1457\n|player|p2|Elite4Donovan|lucas|1531\n|teamsize|p1|6\n|teamsize|p2|6\n|gen|8\n|tier|[Gen 8] OU\n|rated|\n|rule|Sleep Clause Mod: Limit one foe put to sleep\n|rule|Species Clause: Limit one of each Pok\u00e9mon\n|rule|OHKO Clause: OHKO moves are banned\n|rule|Evasion Moves Clause: Evasion moves are banned\n|rule|Endless Battle Clause: Forcing endless battles is banned\n|rule|HP Percentage Mod: HP is shown in percentages\n|rule|Dynamax Clause: You cannot dynamax\n|clearpoke\n|poke|p1|Hippowdon, F|\n|poke|p1|Stoutland, F|\n|poke|p1|Ferrothorn, M|\n|poke|p1|Excadrill, M|\n|poke|p1|Tyranitar, F|\n|poke|p1|Dracozolt|\n|poke|p2|Regidrago|\n|poke|p2|Nidoking, M|\n|poke|p2|Urshifu-*, F|\n|poke|p2|Tornadus-Therian, M|\n|poke|p2|Ferrothorn, F|\n|poke|p2|Landorus-Therian, M|\n|teampreview\n|\n|t:|1651293475\n|start\n|switch|p1a: Hippowdon|Hippowdon, F|100\/100\n|switch|p2a: Regidrago|Regidrago|100\/100\n|-weather|Sandstorm|[from] ability: Sand Stream|[of] p1a: Hippowdon\n|turn|1\n|\n|t:|1651293481\n|switch|p1a: Ferrothorn|Ferrothorn, M|100\/100\n|move|p2a: Regidrago|Dragon Energy|p1a: Ferrothorn\n|-resisted|p1a: Ferrothorn\n|-crit|p1a: Ferrothorn\n|-damage|p1a: Ferrothorn|26\/100\n|\n|-weather|Sandstorm|[upkeep]\n|-damage|p2a: Regidrago|94\/100|[from] Sandstorm\n|upkeep\n|turn|2\n|\n|t:|1651293498\n|move|p2a: Regidrago|Dragon Energy|p1a: Ferrothorn\n|-resisted|p1a: Ferrothorn\n|-damage|p1a: Ferrothorn|0 fnt\n|faint|p1a: Ferrothorn\n|\n|-weather|Sandstorm|[upkeep]\n|-damage|p2a: Regidrago|88\/100|[from] Sandstorm\n|upkeep\n|\n|t:|1651293512\n|switch|p1a: Dracozolt|Dracozolt|100\/100\n|turn|3\n|\n|t:|1651293517\n|switch|p2a: Landorus|Landorus-Therian, M|100\/100\n|-ability|p2a: Landorus|Intimidate|boost\n|-unboost|p1a: Dracozolt|atk|1\n|move|p1a: Dracozolt|Bolt Beak|p2a: Landorus\n|-immune|p2a: Landorus\n|\n|-weather|Sandstorm|[upkeep]\n|upkeep\n|turn|4\n|\n|t:|1651293522\n|switch|p1a: Tyranitar|Tyranitar, F|100\/100\n|-item|p1a: Tyranitar|Air Balloon\n|move|p2a: Landorus|U-turn|p1a: Tyranitar\n|-supereffective|p1a: Tyranitar\n|-damage|p1a: Tyranitar|58\/100\n|-enditem|p1a: Tyranitar|Air Balloon\n|\n|t:|1651293526\n|switch|p2a: Regidrago|Regidrago|88\/100|[from]move: U-turn\n|\n|-weather|Sandstorm|[upkeep]\n|-damage|p2a: Regidrago|82\/100|[from] Sandstorm\n|upkeep\n|turn|5\n|\n|t:|1651293539\n|move|p2a: Regidrago|Dragon Energy|p1a: Tyranitar\n|-damage|p1a: Tyranitar|0 fnt\n|faint|p1a: Tyranitar\n|\n|-weather|none\n|upkeep\n|\n|t:|1651293544\n|switch|p1a: Excadrill|Excadrill, M|100\/100\n|turn|6\n|\n|t:|1651293546\n|switch|p2a: Landorus|Landorus-Therian, M|100\/100\n|-ability|p2a: Landorus|Intimidate|boost\n|-unboost|p1a: Excadrill|atk|1\n|move|p1a: Excadrill|Iron Head|p2a: Landorus\n|-damage|p2a: Landorus|71\/100\n|\n|-heal|p2a: Landorus|77\/100|[from] item: Leftovers\n|upkeep\n|turn|7\n|\n|t:|1651293550\n|switch|p1a: Hippowdon|Hippowdon, F|100\/100\n|-weather|Sandstorm|[from] ability: Sand Stream|[of] p1a: Hippowdon\n|move|p2a: Landorus|U-turn|p1a: Hippowdon\n|-damage|p1a: Hippowdon|88\/100\n|\n|t:|1651293552\n|switch|p2a: Regidrago|Regidrago|82\/100|[from]move: U-turn\n|\n|-weather|Sandstorm|[upkeep]\n|-damage|p2a: Regidrago|76\/100|[from] Sandstorm\n|-heal|p1a: Hippowdon|95\/100|[from] item: Leftovers\n|upkeep\n|turn|8\n|\n|t:|1651293560\n|switch|p1a: Excadrill|Excadrill, M|100\/100\n|move|p2a: Regidrago|Draco Meteor|p1a: Excadrill\n|-resisted|p1a: Excadrill\n|-damage|p1a: Excadrill|9\/100\n|-unboost|p2a: Regidrago|spa|2\n|\n|-weather|Sandstorm|[upkeep]\n|-damage|p2a: Regidrago|70\/100|[from] Sandstorm\n|upkeep\n|turn|9\n|\n|t:|1651293567\n|switch|p2a: Ferrothorn|Ferrothorn, F|100\/100\n|move|p1a: Excadrill|Iron Head|p2a: Ferrothorn\n|-resisted|p2a: Ferrothorn\n|-damage|p2a: Ferrothorn|85\/100\n|-damage|p1a: Excadrill|0 fnt|[from] ability: Iron Barbs|[of] p2a: Ferrothorn\n|faint|p1a: Excadrill\n|\n|-weather|Sandstorm|[upkeep]\n|-heal|p2a: Ferrothorn|91\/100|[from] item: Leftovers\n|upkeep\n|\n|t:|1651293570\n|switch|p1a: Dracozolt|Dracozolt|100\/100\n|turn|10\n|\n|t:|1651293574\n|switch|p2a: Tornadus|Tornadus-Therian, M|100\/100\n|move|p1a: Dracozolt|Fire Blast|p2a: Tornadus\n|-damage|p2a: Tornadus|80\/100\n|-damage|p1a: Dracozolt|91\/100|[from] item: Life Orb\n|\n|-weather|Sandstorm|[upkeep]\n|-damage|p2a: Tornadus|74\/100|[from] Sandstorm\n|upkeep\n|turn|11\n|\n|t:|1651293580\n|switch|p2a: Landorus|Landorus-Therian, M|77\/100\n|-ability|p2a: Landorus|Intimidate|boost\n|-unboost|p1a: Dracozolt|atk|1\n|move|p1a: Dracozolt|Draco Meteor|p2a: Landorus\n|-damage|p2a: Landorus|38\/100\n|-unboost|p1a: Dracozolt|spa|2\n|-damage|p1a: Dracozolt|81\/100|[from] item: Life Orb\n|\n|-weather|none\n|-heal|p2a: Landorus|44\/100|[from] item: Leftovers\n|upkeep\n|turn|12\n|\n|t:|1651293587\n|switch|p1a: Hippowdon|Hippowdon, F|95\/100\n|-weather|Sandstorm|[from] ability: Sand Stream|[of] p1a: Hippowdon\n|move|p2a: Landorus|U-turn|p1a: Hippowdon\n|-damage|p1a: Hippowdon|83\/100\n|\n|t:|1651293590\n|switch|p2a: Regidrago|Regidrago|70\/100|[from]move: U-turn\n|\n|-weather|Sandstorm|[upkeep]\n|-damage|p2a: Regidrago|64\/100|[from] Sandstorm\n|-heal|p1a: Hippowdon|89\/100|[from] item: Leftovers\n|upkeep\n|turn|13\n|\n|t:|1651293595\n|move|p2a: Regidrago|Draco Meteor|p1a: Hippowdon|[miss]\n|-miss|p2a: Regidrago|p1a: Hippowdon\n|move|p1a: Hippowdon|Earthquake|p2a: Regidrago\n|-damage|p2a: Regidrago|25\/100\n|\n|-weather|Sandstorm|[upkeep]\n|-damage|p2a: Regidrago|18\/100|[from] Sandstorm\n|-heal|p1a: Hippowdon|95\/100|[from] item: Leftovers\n|upkeep\n|turn|14\n|\n|t:|1651293599\n|move|p2a: Regidrago|Draco Meteor|p1a: Hippowdon\n|-damage|p1a: Hippowdon|0 fnt\n|-unboost|p2a: Regidrago|spa|2\n|faint|p1a: Hippowdon\n|\n|-weather|Sandstorm|[upkeep]\n|-damage|p2a: Regidrago|12\/100|[from] Sandstorm\n|upkeep\n|\n|t:|1651293605\n|switch|p1a: Dracozolt|Dracozolt|81\/100\n|turn|15\n|\n|t:|1651293611\n|switch|p2a: Tornadus|Tornadus-Therian, M|100\/100\n|move|p1a: Dracozolt|Fire Blast|p2a: Tornadus\n|-damage|p2a: Tornadus|82\/100\n|-damage|p1a: Dracozolt|71\/100|[from] item: Life Orb\n|\n|-weather|Sandstorm|[upkeep]\n|-damage|p2a: Tornadus|76\/100|[from] Sandstorm\n|upkeep\n|turn|16\n|\n|t:|1651293615\n|move|p1a: Dracozolt|Bolt Beak|p2a: Tornadus\n|-supereffective|p2a: Tornadus\n|-damage|p2a: Tornadus|0 fnt\n|faint|p2a: Tornadus\n|-damage|p1a: Dracozolt|61\/100|[from] item: Life Orb\n|\n|-weather|none\n|upkeep\n|\n|t:|1651293620\n|switch|p2a: Regidrago|Regidrago|12\/100\n|turn|17\n|\n|t:|1651293624\n|move|p2a: Regidrago|Dragon Pulse|p1a: Dracozolt\n|-supereffective|p1a: Dracozolt\n|-damage|p1a: Dracozolt|0 fnt\n|faint|p1a: Dracozolt\n|\n|upkeep\n|-message|depper11 forfeited.\n|\n|win|Elite4Donovan\n|raw|depper11's rating: 1457 &rarr; <strong>1441<\/strong><br \/>(-16 for losing)\n|raw|Elite4Donovan's rating: 1531 &rarr; <strong>1547<\/strong><br \/>(+16 for winning)\n|l|\u2606depper11\n","uploadtime":1651293631,"views":21,"p1id":"depper11","p2id":"elite4donovan","formatid":"gen8ou","rating":1441,"private":0,"password":null}