{"id":"gen8ou-1054792125","p1":"analysis geek","p2":"JoJo321","format":"gen8ou","log":"|j|\u2606analysis geek\n|j|\u2606JoJo321\n|player|p1|analysis geek|red|1524\n|player|p2|JoJo321|266|1523\n|teamsize|p1|6\n|teamsize|p2|6\n|gametype|singles\n|gen|8\n|tier|[Gen 8] OU\n|rated|\n|clearpoke\n|poke|p1|Kommo-o, F|\n|poke|p1|Corviknight, M|\n|poke|p1|Seismitoad, F|\n|poke|p1|Rotom-Heat|\n|poke|p1|Gengar, M|\n|poke|p1|Clefable, F|\n|poke|p2|Crustle, M|\n|poke|p2|Weavile, M|\n|poke|p2|Duraludon, F|\n|poke|p2|Braviary, M|\n|poke|p2|Whimsicott, M|\n|poke|p2|Weezing-Galar, M|\n|rule|Sleep Clause Mod: Limit one foe put to sleep\n|rule|Species Clause: Limit one of each Pok\u00e9mon\n|rule|OHKO Clause: OHKO moves are banned\n|rule|Evasion Moves Clause: Evasion moves are banned\n|rule|Endless Battle Clause: Forcing endless battles is banned\n|rule|HP Percentage Mod: HP is shown in percentages\n|rule|Dynamax Clause: You cannot dynamax\n|teampreview\n|\n|start\n|switch|p1a: Seismitoad|Seismitoad, F|100\/100\n|switch|p2a: Crustle|Crustle, M|100\/100\n|turn|1\n|\n|move|p2a: Crustle|Stealth Rock|p1a: Seismitoad\n|-sidestart|p1: analysis geek|move: Stealth Rock\n|move|p1a: Seismitoad|Scald|p2a: Crustle\n|-supereffective|p2a: Crustle\n|-damage|p2a: Crustle|24\/100\n|-status|p2a: Crustle|brn\n|\n|-damage|p2a: Crustle|18\/100 brn|[from] brn\n|upkeep\n|turn|2\n|\n|move|p2a: Crustle|Knock Off|p1a: Seismitoad\n|-damage|p1a: Seismitoad|91\/100\n|-enditem|p1a: Seismitoad|Leftovers|[from] move: Knock Off|[of] p2a: Crustle\n|move|p1a: Seismitoad|Stealth Rock|p2a: Crustle\n|-sidestart|p2: JoJo321|move: Stealth Rock\n|\n|-damage|p2a: Crustle|12\/100 brn|[from] brn\n|upkeep\n|turn|3\n|\n|move|p2a: Crustle|Spikes|p1a: Seismitoad\n|-sidestart|p1: analysis geek|Spikes\n|move|p1a: Seismitoad|Scald|p2a: Crustle\n|-supereffective|p2a: Crustle\n|-damage|p2a: Crustle|0 fnt\n|faint|p2a: Crustle\n|\n|upkeep\n|\n|switch|p2a: Whimsicott|Whimsicott, M|100\/100\n|-damage|p2a: Whimsicott|88\/100|[from] Stealth Rock\n|turn|4\n|\n|switch|p1a: Rotom|Rotom-Heat|100\/100\n|-damage|p1a: Rotom|76\/100|[from] Stealth Rock\n|move|p2a: Whimsicott|Moonblast|p1a: Rotom\n|-resisted|p1a: Rotom\n|-damage|p1a: Rotom|43\/100\n|-damage|p2a: Whimsicott|78\/100|[from] item: Life Orb\n|\n|upkeep\n|turn|5\n|\n|move|p1a: Rotom|Volt Switch|p2a: Whimsicott\n|-resisted|p2a: Whimsicott\n|-damage|p2a: Whimsicott|54\/100\n|\n|switch|p1a: Corviknight|Corviknight, M|100\/100|[from]move: Volt Switch\n|-damage|p1a: Corviknight|88\/100|[from] Stealth Rock\n|-ability|p1a: Corviknight|Pressure\n|move|p2a: Whimsicott|Psychic|p1a: Corviknight\n|-resisted|p1a: Corviknight\n|-damage|p1a: Corviknight|77\/100\n|-damage|p2a: Whimsicott|44\/100|[from] item: Life Orb\n|\n|-heal|p1a: Corviknight|83\/100|[from] item: Leftovers\n|upkeep\n|turn|6\n|\n|switch|p2a: Duraludon|Duraludon, F|100\/100\n|-damage|p2a: Duraludon|94\/100|[from] Stealth Rock\n|move|p1a: Corviknight|Defog|p2a: Duraludon\n|-unboost|p2a: Duraludon|evasion|1\n|-sideend|p2: JoJo321|Stealth Rock|[from] move: Defog|[of] p1a: Corviknight\n|-sideend|p1: analysis geek|Spikes|[from] move: Defog|[of] p1a: Corviknight\n|-sideend|p1: analysis geek|Stealth Rock|[from] move: Defog|[of] p1a: Corviknight\n|\n|-heal|p1a: Corviknight|89\/100|[from] item: Leftovers\n|upkeep\n|turn|7\n|\n|switch|p1a: Seismitoad|Seismitoad, F|91\/100\n|move|p2a: Duraludon|Thunderbolt|p1a: Seismitoad\n|-immune|p1a: Seismitoad\n|\n|upkeep\n|turn|8\n|-message|JoJo321 forfeited.\n|\n|win|analysis geek\n|l|\u2606JoJo321\n|raw|analysis geek's rating: 1541 &rarr; <strong>1559<\/strong><br \/>(+18 for winning)\n|raw|JoJo321's rating: 1506 &rarr; <strong>1488<\/strong><br \/>(-18 for losing)\n","uploadtime":1580333409,"views":24,"p1id":"analysisgeek","p2id":"jojo321","formatid":"gen8ou","rating":1488,"private":0,"password":null}