{"id":"gen8ou-1070658741","p1":"madness10","p2":"roboPOKE","format":"gen8ou","log":"|j|\u2606madness10\n|j|\u2606roboPOKE\n|player|p1|madness10|102|1745\n|player|p2|roboPOKE|2|1716\n|teamsize|p1|6\n|teamsize|p2|6\n|gametype|singles\n|gen|8\n|tier|[Gen 8] OU\n|rated|\n|clearpoke\n|poke|p1|Dragapult, M|\n|poke|p1|Togekiss, M|\n|poke|p1|Venusaur, M|\n|poke|p1|Cinderace, F|\n|poke|p1|Seismitoad, M|\n|poke|p1|Clefable, M|\n|poke|p2|Darmanitan, M|\n|poke|p2|Venusaur, M|\n|poke|p2|Torkoal, M|\n|poke|p2|Cinderace, F|\n|poke|p2|Gardevoir, M|\n|poke|p2|Incineroar, F|\n|rule|Sleep Clause Mod: Limit one foe put to sleep\n|rule|Species Clause: Limit one of each Pok\u00e9mon\n|rule|OHKO Clause: OHKO moves are banned\n|rule|Evasion Moves Clause: Evasion moves are banned\n|rule|Endless Battle Clause: Forcing endless battles is banned\n|rule|HP Percentage Mod: HP is shown in percentages\n|rule|Dynamax Clause: You cannot dynamax\n|teampreview\n|inactive|Battle timer is ON: inactive players will automatically lose when time's up. (requested by roboPOKE)\n|\n|start\n|switch|p1a: Togekiss|Togekiss, M, shiny|100\/100\n|switch|p2a: Incineroar|Incineroar, F|100\/100\n|-ability|p2a: Incineroar|Intimidate|boost\n|-unboost|p1a: Togekiss|atk|1\n|turn|1\n|\n|move|p2a: Incineroar|Flame Charge|p1a: Togekiss\n|-damage|p1a: Togekiss|82\/100\n|-boost|p2a: Incineroar|spe|1\n|move|p1a: Togekiss|Air Slash|p2a: Incineroar\n|-damage|p2a: Incineroar|60\/100\n|\n|-heal|p1a: Togekiss|89\/100|[from] item: Leftovers\n|upkeep\n|turn|2\n|j| Shiox\n|\n|switch|p1a: Seismitoad|Seismitoad, M|100\/100\n|move|p2a: Incineroar|Swords Dance|p2a: Incineroar\n|-boost|p2a: Incineroar|atk|2\n|\n|upkeep\n|turn|3\n|\n|move|p2a: Incineroar|Power Trip|p1a: Seismitoad\n|-damage|p1a: Seismitoad|56\/100\n|move|p1a: Seismitoad|Stealth Rock|p2a: Incineroar\n|-sidestart|p2: roboPOKE|move: Stealth Rock\n|\n|-heal|p1a: Seismitoad|62\/100|[from] item: Leftovers\n|upkeep\n|turn|4\n|\n|move|p2a: Incineroar|Power Trip|p1a: Seismitoad\n|-damage|p1a: Seismitoad|19\/100\n|move|p1a: Seismitoad|Earthquake|p2a: Incineroar\n|-supereffective|p2a: Incineroar\n|-damage|p2a: Incineroar|0 fnt\n|faint|p2a: Incineroar\n|\n|-heal|p1a: Seismitoad|25\/100|[from] item: Leftovers\n|upkeep\n|\n|switch|p2a: Gardevoir|Gardevoir, M|100\/100\n|-damage|p2a: Gardevoir|88\/100|[from] Stealth Rock\n|-ability|p2a: Gardevoir|Water Absorb|[from] ability: Trace|[of] p1a: Seismitoad\n|turn|5\n|\n|move|p2a: Gardevoir|Moonblast|p1a: Seismitoad\n|-damage|p1a: Seismitoad|0 fnt\n|faint|p1a: Seismitoad\n|\n|upkeep\n|\n|switch|p1a: Cinderace|Cinderace, F|100\/100\n|turn|6\n|\n|switch|p2a: Torkoal|Torkoal, M|100\/100\n|-damage|p2a: Torkoal|76\/100|[from] Stealth Rock\n|-weather|SunnyDay|[from] ability: Drought|[of] p2a: Torkoal\n|move|p1a: Cinderace|Pyro Ball|p2a: Torkoal\n|-resisted|p2a: Torkoal\n|-damage|p2a: Torkoal|50\/100\n|\n|-weather|SunnyDay|[upkeep]\n|upkeep\n|turn|7\n|\n|move|p1a: Cinderace|U-turn|p2a: Torkoal\n|-resisted|p2a: Torkoal\n|-damage|p2a: Torkoal|45\/100\n|\n|switch|p1a: Togekiss|Togekiss, M, shiny|89\/100|[from]move: U-turn\n|move|p2a: Torkoal|Rapid Spin|p1a: Togekiss\n|-damage|p1a: Togekiss|81\/100\n|-boost|p2a: Torkoal|spe|1\n|-sideend|p2: roboPOKE|Stealth Rock|[from] move: Rapid Spin|[of] p2a: Torkoal\n|\n|-weather|SunnyDay|[upkeep]\n|-heal|p1a: Togekiss|87\/100|[from] item: Leftovers\n|upkeep\n|turn|8\n|\n|switch|p2a: Cinderace|Cinderace, F|100\/100\n|move|p1a: Togekiss|Air Slash|p2a: Cinderace\n|-damage|p2a: Cinderace|44\/100\n|\n|-weather|SunnyDay|[upkeep]\n|-heal|p1a: Togekiss|93\/100|[from] item: Leftovers\n|upkeep\n|turn|9\n|\n|switch|p1a: Dragapult|Dragapult, M, shiny|100\/100\n|move|p2a: Cinderace|Flare Blitz|p1a: Dragapult\n|-resisted|p1a: Dragapult\n|-damage|p1a: Dragapult|7\/100\n|-damage|p2a: Cinderace|11\/100|[from] Recoil\n|\n|-weather|SunnyDay|[upkeep]\n|upkeep\n|turn|10\n|\n|switch|p1a: Venusaur|Venusaur, M, shiny|100\/100\n|move|p2a: Cinderace|Flare Blitz|p1a: Venusaur\n|-supereffective|p1a: Venusaur\n|-damage|p1a: Venusaur|0 fnt\n|-damage|p2a: Cinderace|0 fnt|[from] Recoil\n|faint|p1a: Venusaur\n|faint|p2a: Cinderace\n|\n|-weather|SunnyDay|[upkeep]\n|upkeep\n|j| SemiProHawk707\n|j| Vapzitar\n|\n|switch|p2a: Darmanitan|Darmanitan, M|100\/100\n|switch|p1a: Clefable|Clefable, M, shiny|100\/100\n|turn|11\n|\n|move|p2a: Darmanitan|Flare Blitz|p1a: Clefable\n|-damage|p1a: Clefable|0 fnt\n|-damage|p2a: Darmanitan|64\/100|[from] Recoil\n|faint|p1a: Clefable\n|\n|-weather|SunnyDay|[upkeep]\n|upkeep\n|\n|switch|p1a: Dragapult|Dragapult, M, shiny|7\/100\n|turn|12\n|j| Boloh intim\n|\n|move|p2a: Darmanitan|Flare Blitz|p1a: Dragapult\n|-resisted|p1a: Dragapult\n|-damage|p1a: Dragapult|0 fnt\n|-damage|p2a: Darmanitan|62\/100|[from] Recoil\n|faint|p1a: Dragapult\n|\n|-weather|SunnyDay|[upkeep]\n|upkeep\n|\n|switch|p1a: Cinderace|Cinderace, F|100\/100\n|turn|13\n|\n|switch|p2a: Venusaur|Venusaur, M|100\/100\n|move|p1a: Cinderace|Sucker Punch||[still]\n|-fail|p1a: Cinderace\n|\n|-weather|none\n|upkeep\n|turn|14\n|j| screamertwo\n|\n|switch|p1a: Togekiss|Togekiss, M, shiny|93\/100\n|switch|p2a: Torkoal|Torkoal, M|45\/100\n|-weather|SunnyDay|[from] ability: Drought|[of] p2a: Torkoal\n|\n|-weather|SunnyDay|[upkeep]\n|-heal|p1a: Togekiss|99\/100|[from] item: Leftovers\n|upkeep\n|turn|15\n|\n|switch|p2a: Venusaur|Venusaur, M|100\/100\n|move|p1a: Togekiss|Substitute|p1a: Togekiss\n|-start|p1a: Togekiss|Substitute\n|-damage|p1a: Togekiss|75\/100\n|\n|-weather|SunnyDay|[upkeep]\n|-heal|p1a: Togekiss|81\/100|[from] item: Leftovers\n|upkeep\n|turn|16\n|\n|move|p2a: Venusaur|Sludge Bomb|p1a: Togekiss\n|-supereffective|p1a: Togekiss\n|-end|p1a: Togekiss|Substitute\n|-damage|p2a: Venusaur|91\/100|[from] item: Life Orb\n|move|p1a: Togekiss|Air Slash|p2a: Venusaur\n|-supereffective|p2a: Venusaur\n|-damage|p2a: Venusaur|0 fnt\n|faint|p2a: Venusaur\n|\n|-weather|SunnyDay|[upkeep]\n|-heal|p1a: Togekiss|87\/100|[from] item: Leftovers\n|upkeep\n|\n|switch|p2a: Darmanitan|Darmanitan, M|62\/100\n|turn|17\n|\n|move|p2a: Darmanitan|Flare Blitz|p1a: Togekiss\n|-damage|p1a: Togekiss|0 fnt\n|-damage|p2a: Darmanitan|32\/100|[from] Recoil\n|faint|p1a: Togekiss\n|\n|-weather|SunnyDay|[upkeep]\n|upkeep\n|\n|switch|p1a: Cinderace|Cinderace, F|100\/100\n|turn|18\n|j| sloop john a\n|\n|switch|p2a: Torkoal|Torkoal, M|45\/100\n|move|p1a: Cinderace|Sucker Punch||[still]\n|-fail|p1a: Cinderace\n|\n|-weather|SunnyDay|[upkeep]\n|upkeep\n|turn|19\n|\n|move|p1a: Cinderace|Pyro Ball|p2a: Torkoal\n|-resisted|p2a: Torkoal\n|-damage|p2a: Torkoal|21\/100\n|move|p2a: Torkoal|Yawn|p1a: Cinderace\n|-start|p1a: Cinderace|move: Yawn|[of] p2a: Torkoal\n|\n|-weather|SunnyDay|[upkeep]\n|upkeep\n|turn|20\n|\n|switch|p2a: Gardevoir|Gardevoir, M|88\/100\n|-ability|p2a: Gardevoir|Blaze|[from] ability: Trace|[of] p1a: Cinderace\n|move|p1a: Cinderace|Pyro Ball|p2a: Gardevoir\n|-damage|p2a: Gardevoir|0 fnt\n|faint|p2a: Gardevoir\n|\n|-weather|SunnyDay|[upkeep]\n|-end|p1a: Cinderace|move: Yawn|[silent]\n|-status|p1a: Cinderace|slp\n|upkeep\n|\n|switch|p2a: Darmanitan|Darmanitan, M|32\/100\n|turn|21\n|j| difspa\n|\n|cant|p1a: Cinderace|slp\n|move|p2a: Darmanitan|Earthquake|p1a: Cinderace\n|-supereffective|p1a: Cinderace\n|-damage|p1a: Cinderace|0 fnt\n|faint|p1a: Cinderace\n|\n|win|roboPOKE\n|raw|madness10's rating: 1746 &rarr; <strong>1724<\/strong><br \/>(-22 for losing)\n|raw|roboPOKE's rating: 1716 &rarr; <strong>1738<\/strong><br \/>(+22 for winning)\n","uploadtime":1582896668,"views":13,"p1id":"madness10","p2id":"robopoke","formatid":"gen8ou","rating":1724,"private":0,"password":null}