{"id":"gen8ou-1633290364","p1":"LT92PF Shoot","p2":"hypervortexreturns","format":"gen8ou","log":"|j|\u2606LT92PF Shoot\n|j|\u203dhypervortexreturns\n|t:|1659754556\n|gametype|singles\n|player|p1|LT92PF Shoot|blue-gen7|1763\n|player|p2|hypervortexreturns|2|1881\n|teamsize|p1|6\n|teamsize|p2|6\n|gen|8\n|tier|[Gen 8] OU\n|rated|\n|rule|Sleep Clause Mod: Limit one foe put to sleep\n|rule|Species Clause: Limit one of each Pok\u00e9mon\n|rule|OHKO Clause: OHKO moves are banned\n|rule|Evasion Items Clause: Evasion items are banned\n|rule|Evasion Moves Clause: Evasion moves are banned\n|rule|Endless Battle Clause: Forcing endless battles is banned\n|rule|HP Percentage Mod: HP is shown in percentages\n|rule|Dynamax Clause: You cannot dynamax\n|clearpoke\n|poke|p1|Tapu Koko|\n|poke|p1|Regieleki|\n|poke|p1|Dragonite, F|\n|poke|p1|Mew|\n|poke|p1|Melmetal|\n|poke|p1|Buzzwole|\n|poke|p2|Hydreigon, F|\n|poke|p2|Excadrill, F|\n|poke|p2|Azumarill, M|\n|poke|p2|Corviknight, M|\n|poke|p2|Zapdos|\n|poke|p2|Tangrowth, F|\n|teampreview\n|\n|t:|1659754570\n|start\n|switch|p1a: blue period|Mew, shiny|100\/100\n|switch|p2a: Hydreigon|Hydreigon, F|100\/100\n|turn|1\n|inactive|Battle timer is ON: inactive players will automatically lose when time's up. (requested by LT92PF Shoot)\n|\n|t:|1659754577\n|move|p1a: blue period|Thunder Wave|p2a: Hydreigon\n|-status|p2a: Hydreigon|par\n|move|p2a: Hydreigon|Dark Pulse|p1a: blue period\n|-supereffective|p1a: blue period\n|-damage|p1a: blue period|46\/100\n|-enditem|p1a: blue period|Red Card|[of] p2a: Hydreigon\n|drag|p2a: Azumarill|Azumarill, M|100\/100\n|\n|upkeep\n|turn|2\n|j| zaaya \u25dc\u203f\u25dd\n|\n|t:|1659754594\n|move|p1a: blue period|Stealth Rock|p2a: Azumarill\n|-sidestart|p2: hypervortexreturns|move: Stealth Rock\n|move|p2a: Azumarill|Knock Off|p1a: blue period\n|-supereffective|p1a: blue period\n|-damage|p1a: blue period|0 fnt\n|faint|p1a: blue period\n|\n|upkeep\n|j| LegendaryC26\n|j| alley poops\n|l| LegendaryC26\n|\n|t:|1659754610\n|switch|p1a: toguro|Melmetal, shiny|100\/100\n|turn|3\n|\n|t:|1659754618\n|switch|p2a: Tangrowth|Tangrowth, F|100\/100\n|-damage|p2a: Tangrowth|88\/100|[from] Stealth Rock\n|move|p1a: toguro|Thunder Punch|p2a: Tangrowth\n|-resisted|p2a: Tangrowth\n|-damage|p2a: Tangrowth|78\/100\n|-damage|p1a: toguro|84\/100|[from] item: Rocky Helmet|[of] p2a: Tangrowth\n|\n|upkeep\n|turn|4\n|j| LT92PF TistieyZ\n|\n|t:|1659754636\n|move|p2a: Tangrowth|Knock Off|p1a: toguro\n|-damage|p1a: toguro|72\/100\n|-enditem|p1a: toguro|Assault Vest|[from] move: Knock Off|[of] p2a: Tangrowth\n|move|p1a: toguro|Ice Punch|p2a: Tangrowth\n|-supereffective|p2a: Tangrowth\n|-damage|p2a: Tangrowth|36\/100\n|-damage|p1a: toguro|56\/100|[from] item: Rocky Helmet|[of] p2a: Tangrowth\n|\n|upkeep\n|turn|5\n|j| tapu moxo\n|j| dmt dreams\n|\n|t:|1659754659\n|move|p2a: Tangrowth|Sleep Powder|p1a: toguro|[miss]\n|-miss|p2a: Tangrowth|p1a: toguro\n|move|p1a: toguro|Ice Punch|p2a: Tangrowth\n|-supereffective|p2a: Tangrowth\n|-damage|p2a: Tangrowth|0 fnt\n|-damage|p1a: toguro|39\/100|[from] item: Rocky Helmet|[of] p2a: Tangrowth\n|faint|p2a: Tangrowth\n|\n|upkeep\n|\n|t:|1659754673\n|switch|p2a: Excadrill|Excadrill, F|100\/100\n|-damage|p2a: Excadrill|97\/100|[from] Stealth Rock\n|turn|6\n|\n|t:|1659754678\n|move|p2a: Excadrill|Earthquake|p1a: toguro\n|-supereffective|p1a: toguro\n|-damage|p1a: toguro|0 fnt\n|faint|p1a: toguro\n|\n|-heal|p2a: Excadrill|100\/100|[from] item: Leftovers\n|upkeep\n|\n|t:|1659754684\n|switch|p1a: ameno-sagiri|Buzzwole|100\/100\n|turn|7\n|\n|t:|1659754692\n|switch|p2a: Zapdos|Zapdos|100\/100\n|move|p1a: ameno-sagiri|Close Combat|p2a: Zapdos\n|-resisted|p2a: Zapdos\n|-damage|p2a: Zapdos|68\/100\n|-unboost|p1a: ameno-sagiri|def|1\n|-unboost|p1a: ameno-sagiri|spd|1\n|\n|upkeep\n|turn|8\n|\n|t:|1659754704\n|switch|p1a: asta|Tapu Koko, shiny|100\/100\n|-fieldstart|move: Electric Terrain|[from] ability: Electric Surge|[of] p1a: asta\n|move|p2a: Zapdos|Toxic|p1a: asta\n|-status|p1a: asta|tox\n|\n|-damage|p1a: asta|94\/100 tox|[from] psn\n|upkeep\n|turn|9\n|j| ripreckful\n|\n|t:|1659754733\n|move|p1a: asta|U-turn|p2a: Zapdos\n|-resisted|p2a: Zapdos\n|-damage|p2a: Zapdos|61\/100\n|j| lst369\n|j| BabyPigsAreLaughin\n|\n|t:|1659754738\n|switch|p1a: thunder reign|Regieleki, shiny|100\/100|[from]move: U-turn\n|move|p2a: Zapdos|Roost|p2a: Zapdos\n|-heal|p2a: Zapdos|100\/100\n|-singleturn|p2a: Zapdos|move: Roost\n|\n|upkeep\n|turn|10\n|l| ripreckful\n|l| lst369\n|\n|t:|1659754750\n|switch|p1a: ameno-sagiri|Buzzwole|100\/100\n|switch|p2a: Excadrill|Excadrill, F|100\/100\n|-damage|p2a: Excadrill|97\/100|[from] Stealth Rock\n|\n|-heal|p2a: Excadrill|100\/100|[from] item: Leftovers\n|upkeep\n|turn|11\n|\n|t:|1659754770\n|switch|p2a: Hydreigon|Hydreigon, F|100\/100 par\n|-damage|p2a: Hydreigon|88\/100 par|[from] Stealth Rock\n|move|p1a: ameno-sagiri|Ice Punch|p2a: Hydreigon\n|-supereffective|p2a: Hydreigon\n|-damage|p2a: Hydreigon|29\/100 par\n|\n|-heal|p2a: Hydreigon|35\/100 par|[from] item: Leftovers\n|upkeep\n|turn|12\n|inactive|hypervortexreturns has 120 seconds left.\n|\n|t:|1659754804\n|move|p1a: ameno-sagiri|Ice Punch|p2a: Hydreigon\n|-supereffective|p2a: Hydreigon\n|-damage|p2a: Hydreigon|0 fnt\n|faint|p2a: Hydreigon\n|-ability|p1a: ameno-sagiri|Beast Boost|boost\n|-boost|p1a: ameno-sagiri|atk|1\n|\n|upkeep\n|\n|t:|1659754817\n|switch|p2a: Azumarill|Azumarill, M|100\/100\n|-damage|p2a: Azumarill|88\/100|[from] Stealth Rock\n|turn|13\n|\n|t:|1659754823\n|move|p1a: ameno-sagiri|Earthquake|p2a: Azumarill\n|-damage|p2a: Azumarill|13\/100\n|-enditem|p2a: Azumarill|Sitrus Berry|[eat]\n|-heal|p2a: Azumarill|38\/100|[from] item: Sitrus Berry\n|move|p2a: Azumarill|Play Rough|p1a: ameno-sagiri\n|-supereffective|p1a: ameno-sagiri\n|-damage|p1a: ameno-sagiri|31\/100\n|-damage|p2a: Azumarill|21\/100|[from] item: Rocky Helmet|[of] p1a: ameno-sagiri\n|\n|upkeep\n|turn|14\n|\n|t:|1659754835\n|move|p1a: ameno-sagiri|Roost|p1a: ameno-sagiri\n|-heal|p1a: ameno-sagiri|81\/100\n|-singleturn|p1a: ameno-sagiri|move: Roost\n|move|p2a: Azumarill|Play Rough|p1a: ameno-sagiri\n|-supereffective|p1a: ameno-sagiri\n|-damage|p1a: ameno-sagiri|6\/100\n|-damage|p2a: Azumarill|5\/100|[from] item: Rocky Helmet|[of] p1a: ameno-sagiri\n|\n|upkeep\n|turn|15\n|\n|t:|1659754845\n|move|p2a: Azumarill|Aqua Jet|p1a: ameno-sagiri\n|-damage|p1a: ameno-sagiri|0 fnt\n|-damage|p2a: Azumarill|0 fnt|[from] item: Rocky Helmet|[of] p1a: ameno-sagiri\n|faint|p1a: ameno-sagiri\n|faint|p2a: Azumarill\n|\n|-fieldend|move: Electric Terrain\n|upkeep\n|inactive|hypervortexreturns has 120 seconds left.\n|\n|t:|1659754861\n|switch|p1a: nyx avatar|Dragonite, F|100\/100\n|switch|p2a: Zapdos|Zapdos|100\/100\n|turn|16\n|\n|t:|1659754868\n|switch|p1a: asta|Tapu Koko, shiny|94\/100 tox\n|-fieldstart|move: Electric Terrain|[from] ability: Electric Surge|[of] p1a: asta\n|move|p2a: Zapdos|Toxic|p1a: asta\n|-fail|p1a: asta|tox\n|\n|-damage|p1a: asta|88\/100 tox|[from] psn\n|upkeep\n|turn|17\n|inactive|hypervortexreturns has 120 seconds left.\n|\n|t:|1659754887\n|switch|p2a: Excadrill|Excadrill, F|100\/100\n|-damage|p2a: Excadrill|97\/100|[from] Stealth Rock\n|move|p1a: asta|U-turn|p2a: Excadrill\n|-resisted|p2a: Excadrill\n|-damage|p2a: Excadrill|86\/100\n|\n|t:|1659754893\n|switch|p1a: nyx avatar|Dragonite, F|100\/100|[from]move: U-turn\n|\n|-heal|p2a: Excadrill|92\/100|[from] item: Leftovers\n|upkeep\n|turn|18\n|inactive|hypervortexreturns has 120 seconds left.\n|\n|t:|1659754904\n|switch|p2a: Zapdos|Zapdos|100\/100\n|move|p1a: nyx avatar|Dragon Dance|p1a: nyx avatar\n|-boost|p1a: nyx avatar|atk|1\n|-boost|p1a: nyx avatar|spe|1\n|\n|upkeep\n|turn|19\n|\n|t:|1659754917\n|move|p1a: nyx avatar|Ice Punch|p2a: Zapdos\n|-supereffective|p2a: Zapdos\n|-damage|p2a: Zapdos|9\/100\n|move|p2a: Zapdos|Toxic|p1a: nyx avatar\n|-status|p1a: nyx avatar|tox\n|\n|-damage|p1a: nyx avatar|94\/100 tox|[from] psn\n|upkeep\n|turn|20\n|\n|t:|1659754928\n|switch|p2a: Corviknight|Corviknight, M|100\/100\n|-damage|p2a: Corviknight|88\/100|[from] Stealth Rock\n|-ability|p2a: Corviknight|Pressure\n|move|p1a: nyx avatar|Dragon Dance|p1a: nyx avatar\n|-boost|p1a: nyx avatar|atk|1\n|-boost|p1a: nyx avatar|spe|1\n|\n|-heal|p2a: Corviknight|94\/100|[from] item: Leftovers\n|-damage|p1a: nyx avatar|82\/100 tox|[from] psn\n|upkeep\n|turn|21\n|\n|t:|1659754940\n|move|p1a: nyx avatar|Superpower|p2a: Corviknight\n|-damage|p2a: Corviknight|14\/100\n|-unboost|p1a: nyx avatar|atk|1\n|-unboost|p1a: nyx avatar|def|1\n|move|p2a: Corviknight|Bulk Up|p2a: Corviknight\n|-boost|p2a: Corviknight|atk|1\n|-boost|p2a: Corviknight|def|1\n|\n|-heal|p2a: Corviknight|20\/100|[from] item: Leftovers\n|-damage|p1a: nyx avatar|63\/100 tox|[from] psn\n|upkeep\n|turn|22\n|inactive|hypervortexreturns has 120 seconds left.\n|j| zzhh\n|\n|t:|1659754982\n|switch|p1a: thunder reign|Regieleki, shiny|100\/100\n|switch|p2a: Zapdos|Zapdos|9\/100\n|\n|upkeep\n|turn|23\n|inactive|hypervortexreturns has 90 seconds left.\n|\n|t:|1659754998\n|switch|p1a: nyx avatar|Dragonite, F|63\/100 tox\n|switch|p2a: Excadrill|Excadrill, F|92\/100\n|-damage|p2a: Excadrill|89\/100|[from] Stealth Rock\n|\n|-heal|p2a: Excadrill|95\/100|[from] item: Leftovers\n|-damage|p1a: nyx avatar|57\/100 tox|[from] psn\n|-fieldend|move: Electric Terrain\n|upkeep\n|turn|24\n|j| Luirromen\n|inactive|hypervortexreturns has 90 seconds left.\n|\n|t:|1659755036\n|switch|p2a: Zapdos|Zapdos|9\/100\n|move|p1a: nyx avatar|Superpower|p2a: Zapdos\n|-resisted|p2a: Zapdos\n|-damage|p2a: Zapdos|0 fnt\n|-unboost|p1a: nyx avatar|atk|1\n|-unboost|p1a: nyx avatar|def|1\n|faint|p2a: Zapdos\n|\n|-damage|p1a: nyx avatar|45\/100 tox|[from] psn\n|upkeep\n|inactive|hypervortexreturns has 60 seconds left.\n|\n|t:|1659755048\n|switch|p2a: Corviknight|Corviknight, M|20\/100\n|-damage|p2a: Corviknight|8\/100|[from] Stealth Rock\n|-ability|p2a: Corviknight|Pressure\n|turn|25\n|\n|t:|1659755066\n|move|p1a: nyx avatar|Ice Punch|p2a: Corviknight\n|-damage|p2a: Corviknight|0 fnt\n|faint|p2a: Corviknight\n|\n|-damage|p1a: nyx avatar|26\/100 tox|[from] psn\n|upkeep\n|\n|t:|1659755072\n|switch|p2a: Excadrill|Excadrill, F|95\/100\n|-damage|p2a: Excadrill|92\/100|[from] Stealth Rock\n|turn|26\n|\n|t:|1659755077\n|switch|p1a: asta|Tapu Koko, shiny|88\/100 tox\n|-fieldstart|move: Electric Terrain|[from] ability: Electric Surge|[of] p1a: asta\n|move|p2a: Excadrill|Iron Head|p1a: asta\n|-damage|p1a: asta|32\/100 tox\n|\n|-heal|p2a: Excadrill|98\/100|[from] item: Leftovers\n|-damage|p1a: asta|26\/100 tox|[from] psn\n|upkeep\n|turn|27\n|l| dmt dreams\n|\n|t:|1659755096\n|move|p1a: asta|Dazzling Gleam|p2a: Excadrill\n|-resisted|p2a: Excadrill\n|-damage|p2a: Excadrill|74\/100\n|move|p2a: Excadrill|Swords Dance|p2a: Excadrill\n|-boost|p2a: Excadrill|atk|2\n|\n|-heal|p2a: Excadrill|81\/100|[from] item: Leftovers\n|-damage|p1a: asta|14\/100 tox|[from] psn\n|upkeep\n|turn|28\n|j| ripreckful\n|\n|t:|1659755105\n|move|p1a: asta|Dazzling Gleam|p2a: Excadrill\n|-resisted|p2a: Excadrill\n|-damage|p2a: Excadrill|58\/100\n|move|p2a: Excadrill|Iron Head|p1a: asta\n|-damage|p1a: asta|0 fnt\n|faint|p1a: asta\n|\n|-heal|p2a: Excadrill|64\/100|[from] item: Leftovers\n|upkeep\n|\n|t:|1659755110\n|switch|p1a: thunder reign|Regieleki, shiny|100\/100\n|turn|29\n|\n|t:|1659755118\n|move|p1a: thunder reign|Hyper Beam|p2a: Excadrill\n|-resisted|p2a: Excadrill\n|-damage|p2a: Excadrill|13\/100\n|-mustrecharge|p1a: thunder reign\n|move|p2a: Excadrill|Earthquake|p1a: thunder reign\n|-supereffective|p1a: thunder reign\n|-damage|p1a: thunder reign|0 fnt\n|faint|p1a: thunder reign\n|\n|-heal|p2a: Excadrill|19\/100|[from] item: Leftovers\n|upkeep\n|\n|t:|1659755122\n|switch|p1a: nyx avatar|Dragonite, F|26\/100 tox\n|turn|30\n|j| Zluizeduardo14\n|inactive|hypervortexreturns has 90 seconds left.\n|\n|t:|1659755128\n|move|p2a: Excadrill|Iron Head|p1a: nyx avatar\n|-damage|p1a: nyx avatar|0 fnt\n|faint|p1a: nyx avatar\n|\n|win|hypervortexreturns\n|raw|LT92PF Shoot's rating: 1763 &rarr; <strong>1750<\/strong><br \/>(-13 for losing)\n|raw|hypervortexreturns's rating: 1881 &rarr; <strong>1894<\/strong><br \/>(+13 for winning)\n|c| BabyPigsAreLaughin|What a comeback.\n|l|\u2606LT92PF Shoot\n|l| alley poops\n||Ladder isn't responding, score probably updated but might not have (Request timeout).\n","uploadtime":1659755159,"views":109,"p1id":"lt92pfshoot","p2id":"hypervortexreturns","formatid":"gen8ou","rating":1750,"private":0,"password":null}