{"id":"gen8ou-1425491983","p1":"SuperTheoryBros","p2":"Le-Perpetrator","format":"gen8ou","log":"|j|\u2606SuperTheoryBros\n|j|\u2606Le-Perpetrator\n|t:|1632846205\n|gametype|singles\n|player|p1|SuperTheoryBros|102|1772\n|player|p2|Le-Perpetrator|266|1809\n|teamsize|p1|6\n|teamsize|p2|6\n|gen|8\n|tier|[Gen 8] OU\n|rated|\n|rule|Sleep Clause Mod: Limit one foe put to sleep\n|rule|Species Clause: Limit one of each Pok\u00e9mon\n|rule|OHKO Clause: OHKO moves are banned\n|rule|Evasion Moves Clause: Evasion moves are banned\n|rule|Endless Battle Clause: Forcing endless battles is banned\n|rule|HP Percentage Mod: HP is shown in percentages\n|rule|Dynamax Clause: You cannot dynamax\n|clearpoke\n|poke|p1|Tyranitar, F|\n|poke|p1|Garchomp, M|\n|poke|p1|Tornadus-Therian, M|\n|poke|p1|Clefable, M|\n|poke|p1|Ferrothorn, M|\n|poke|p1|Toxapex, F|\n|poke|p2|Hatterene, F|\n|poke|p2|Ferrothorn, M|\n|poke|p2|Crawdaunt, M|\n|poke|p2|Kyurem|\n|poke|p2|Tapu Koko|\n|poke|p2|Landorus-Therian, M|\n|teampreview\n|inactive|Battle timer is ON: inactive players will automatically lose when time's up. (requested by SuperTheoryBros)\n|j| Jhgcfc\n|\n|t:|1632846232\n|start\n|switch|p1a: Garchomp|Garchomp, M|100\/100\n|switch|p2a: Landorus|Landorus-Therian, M|100\/100\n|-ability|p2a: Landorus|Intimidate|boost\n|-unboost|p1a: Garchomp|atk|1\n|turn|1\n|j| FAS-FSP5 Khopesh\n|\n|t:|1632846241\n|move|p2a: Landorus|U-turn|p1a: Garchomp\n|-damage|p1a: Garchomp|73\/100\n|\n|t:|1632846246\n|switch|p2a: Hatterene|Hatterene, F|100\/100|[from]move: U-turn\n|move|p1a: Garchomp|Draco Meteor|p2a: Hatterene\n|-immune|p2a: Hatterene\n|\n|upkeep\n|turn|2\n|j| 0ZorcNecropHADES\n|\n|t:|1632846274\n|switch|p1a: Clefable|Clefable, M|100\/100\n|move|p2a: Hatterene|Psyshock|p1a: Clefable\n|-damage|p1a: Clefable|46\/100\n|\n|upkeep\n|turn|3\n|\n|t:|1632846283\n|move|p1a: Clefable|Soft-Boiled|p1a: Clefable\n|-heal|p1a: Clefable|96\/100\n|move|p2a: Hatterene|Psyshock|p1a: Clefable\n|-damage|p1a: Clefable|43\/100\n|\n|upkeep\n|turn|4\n|\n|t:|1632846291\n|move|p1a: Clefable|Soft-Boiled|p1a: Clefable\n|-heal|p1a: Clefable|93\/100\n|move|p2a: Hatterene|Psyshock|p1a: Clefable\n|-damage|p1a: Clefable|37\/100\n|\n|upkeep\n|turn|5\n|\n|t:|1632846297\n|switch|p1a: Tyranitar|Tyranitar, F|100\/100\n|-weather|Sandstorm|[from] ability: Sand Stream|[of] p1a: Tyranitar\n|move|p2a: Hatterene|Psyshock|p1a: Tyranitar\n|-immune|p1a: Tyranitar\n|\n|-weather|Sandstorm|[upkeep]\n|-damage|p2a: Hatterene|95\/100|[from] Sandstorm\n|upkeep\n|turn|6\n|\n|t:|1632846307\n|switch|p2a: Ferrothorn|Ferrothorn, M|100\/100\n|move|p1a: Tyranitar|Stealth Rock|p2a: Ferrothorn\n|-sidestart|p2: Le-Perpetrator|move: Stealth Rock\n|\n|-weather|Sandstorm|[upkeep]\n|upkeep\n|turn|7\n|l| Jhgcfc\n|\n|t:|1632846316\n|switch|p1a: Clefable|Clefable, M|37\/100\n|move|p2a: Ferrothorn|Stealth Rock|p1a: Clefable\n|-sidestart|p1: SuperTheoryBros|move: Stealth Rock\n|\n|-weather|Sandstorm|[upkeep]\n|upkeep\n|turn|8\n|\n|t:|1632846321\n|move|p1a: Clefable|Soft-Boiled|p1a: Clefable\n|-heal|p1a: Clefable|87\/100\n|move|p2a: Ferrothorn|Gyro Ball|p1a: Clefable\n|-supereffective|p1a: Clefable\n|-damage|p1a: Clefable|44\/100\n|\n|-weather|Sandstorm|[upkeep]\n|upkeep\n|turn|9\n|\n|t:|1632846328\n|move|p1a: Clefable|Soft-Boiled|p1a: Clefable\n|-heal|p1a: Clefable|94\/100\n|move|p2a: Ferrothorn|Spikes|p1a: Clefable\n|-sidestart|p1: SuperTheoryBros|Spikes\n|\n|-weather|none\n|upkeep\n|turn|10\n|inactive|SuperTheoryBros has 120 seconds left.\n|j| Heracrossed Up\n|j| uhidkwatdo\n|\n|t:|1632846384\n|switch|p1a: Toxapex|Toxapex, F|100\/100\n|-damage|p1a: Toxapex|88\/100|[from] Spikes\n|-damage|p1a: Toxapex|76\/100|[from] Stealth Rock\n|move|p2a: Ferrothorn|Spikes|p1a: Toxapex\n|-sidestart|p1: SuperTheoryBros|Spikes\n|\n|upkeep\n|turn|11\n|\n|t:|1632846397\n|switch|p1a: Tornadus|Tornadus-Therian, M|100\/100\n|move|p2a: Ferrothorn|Leech Seed|p1a: Tornadus\n|-start|p1a: Tornadus|move: Leech Seed\n|\n|-damage|p1a: Tornadus|88\/100|[from] Leech Seed|[of] p2a: Ferrothorn\n|upkeep\n|turn|12\n|\n|t:|1632846408\n|switch|p1a: Toxapex|Toxapex, F|100\/100\n|-damage|p1a: Toxapex|84\/100|[from] Spikes\n|-damage|p1a: Toxapex|72\/100|[from] Stealth Rock\n|switch|p2a: Tapu Koko|Tapu Koko|100\/100\n|-damage|p2a: Tapu Koko|88\/100|[from] Stealth Rock\n|-fieldstart|move: Electric Terrain|[from] ability: Electric Surge|[of] p2a: Tapu Koko\n|\n|upkeep\n|turn|13\n|j| Erazio\n|j| jhnmv\n|\n|t:|1632846425\n|switch|p1a: Ferrothorn|Ferrothorn, M|100\/100\n|-damage|p1a: Ferrothorn|95\/100|[from] Stealth Rock\n|-damage|p1a: Ferrothorn|78\/100|[from] Spikes\n|move|p2a: Tapu Koko|Volt Switch|p1a: Ferrothorn\n|-resisted|p1a: Ferrothorn\n|-damage|p1a: Ferrothorn|55\/100\n|\n|t:|1632846433\n|switch|p2a: Crawdaunt|Crawdaunt, M|100\/100|[from]move: Volt Switch\n|-damage|p2a: Crawdaunt|88\/100|[from] Stealth Rock\n|\n|-heal|p1a: Ferrothorn|61\/100|[from] item: Leftovers\n|upkeep\n|turn|14\n|inactive|SuperTheoryBros has 90 seconds left.\n|\n|t:|1632846456\n|move|p2a: Crawdaunt|Knock Off|p1a: Ferrothorn\n|-damage|p1a: Ferrothorn|1\/100\n|-damage|p2a: Crawdaunt|76\/100|[from] ability: Iron Barbs|[of] p1a: Ferrothorn\n|-enditem|p1a: Ferrothorn|Leftovers|[from] move: Knock Off|[of] p2a: Crawdaunt\n|move|p1a: Ferrothorn|Body Press|p2a: Crawdaunt\n|-supereffective|p2a: Crawdaunt\n|-damage|p2a: Crawdaunt|0 fnt\n|faint|p2a: Crawdaunt\n|\n|upkeep\n|j| Clesiram\n|inactive|Le-Perpetrator has 120 seconds left.\n|inactive|Le-Perpetrator has 90 seconds left.\n|\n|t:|1632846529\n|switch|p2a: Kyurem|Kyurem|100\/100\n|-damage|p2a: Kyurem|76\/100|[from] Stealth Rock\n|-ability|p2a: Kyurem|Pressure\n|turn|15\n|inactive|SuperTheoryBros has 90 seconds left.\n|\n|t:|1632846559\n|switch|p1a: Tyranitar|Tyranitar, F|100\/100\n|-damage|p1a: Tyranitar|84\/100|[from] Spikes\n|-damage|p1a: Tyranitar|71\/100|[from] Stealth Rock\n|-weather|Sandstorm|[from] ability: Sand Stream|[of] p1a: Tyranitar\n|move|p2a: Kyurem|Freeze-Dry|p1a: Tyranitar\n|-damage|p1a: Tyranitar|48\/100\n|\n|-weather|Sandstorm|[upkeep]\n|-damage|p2a: Kyurem|70\/100|[from] Sandstorm\n|-heal|p1a: Tyranitar|54\/100|[from] item: Leftovers\n|upkeep\n|turn|16\n|inactive|Le-Perpetrator has 90 seconds left.\n|j| chu is god\n|j| TeamJasper\n|inactive|Le-Perpetrator has 60 seconds left.\n|\n|t:|1632846598\n|switch|p2a: Ferrothorn|Ferrothorn, M|100\/100\n|-damage|p2a: Ferrothorn|94\/100|[from] Stealth Rock\n|switch|p1a: Tornadus|Tornadus-Therian, M|100\/100\n|\n|-weather|Sandstorm|[upkeep]\n|-damage|p1a: Tornadus|94\/100|[from] Sandstorm\n|-fieldend|move: Electric Terrain\n|upkeep\n|turn|17\n|\n|t:|1632846613\n|move|p1a: Tornadus|Defog|p2a: Ferrothorn\n|-unboost|p2a: Ferrothorn|evasion|1\n|-sideend|p2: Le-Perpetrator|Stealth Rock|[from] move: Defog|[of] p1a: Tornadus\n|-sideend|p1: SuperTheoryBros|Spikes|[from] move: Defog|[of] p1a: Tornadus\n|-sideend|p1: SuperTheoryBros|Stealth Rock|[from] move: Defog|[of] p1a: Tornadus\n|move|p2a: Ferrothorn|Gyro Ball|p1a: Tornadus\n|-damage|p1a: Tornadus|43\/100\n|\n|-weather|Sandstorm|[upkeep]\n|-damage|p1a: Tornadus|37\/100|[from] Sandstorm\n|upkeep\n|turn|18\n|inactive|SuperTheoryBros has 60 seconds left.\n|\n|t:|1632846641\n|switch|p2a: Tapu Koko|Tapu Koko|88\/100\n|-fieldstart|move: Electric Terrain|[from] ability: Electric Surge|[of] p2a: Tapu Koko\n|move|p1a: Tornadus|U-turn|p2a: Tapu Koko\n|-resisted|p2a: Tapu Koko\n|-damage|p2a: Tapu Koko|79\/100\n|\n|t:|1632846660\n|switch|p1a: Garchomp|Garchomp, M|73\/100|[from]move: U-turn\n|\n|-weather|Sandstorm|[upkeep]\n|-damage|p2a: Tapu Koko|72\/100|[from] Sandstorm\n|upkeep\n|turn|19\n|\n|t:|1632846671\n|move|p2a: Tapu Koko|Dazzling Gleam|p1a: Garchomp\n|-supereffective|p1a: Garchomp\n|-damage|p1a: Garchomp|0 fnt\n|faint|p1a: Garchomp\n|\n|-weather|none\n|upkeep\n|\n|t:|1632846690\n|switch|p1a: Toxapex|Toxapex, F|100\/100\n|turn|20\n|\n|t:|1632846697\n|switch|p2a: Ferrothorn|Ferrothorn, M|94\/100\n|move|p1a: Toxapex|Knock Off|p2a: Ferrothorn\n|-damage|p2a: Ferrothorn|83\/100\n|-damage|p1a: Toxapex|88\/100|[from] ability: Iron Barbs|[of] p2a: Ferrothorn\n|-damage|p1a: Toxapex|72\/100|[from] item: Rocky Helmet|[of] p2a: Ferrothorn\n|-enditem|p2a: Ferrothorn|Rocky Helmet|[from] move: Knock Off|[of] p1a: Toxapex\n|\n|upkeep\n|turn|21\n|\n|t:|1632846709\n|switch|p1a: Clefable|Clefable, M|94\/100\n|move|p2a: Ferrothorn|Stealth Rock|p1a: Clefable\n|-sidestart|p1: SuperTheoryBros|move: Stealth Rock\n|\n|upkeep\n|turn|22\n|l| Clesiram\n|\n|t:|1632846722\n|switch|p2a: Hatterene|Hatterene, F|95\/100\n|move|p1a: Clefable|Calm Mind|p1a: Clefable\n|-boost|p1a: Clefable|spa|1\n|-boost|p1a: Clefable|spd|1\n|\n|-fieldend|move: Electric Terrain\n|upkeep\n|turn|23\n|inactive|SuperTheoryBros has 60 seconds left.\n|\n|t:|1632846735\n|switch|p1a: Tyranitar|Tyranitar, F|54\/100\n|-damage|p1a: Tyranitar|41\/100|[from] Stealth Rock\n|-weather|Sandstorm|[from] ability: Sand Stream|[of] p1a: Tyranitar\n|move|p2a: Hatterene|Psyshock|p1a: Tyranitar\n|-immune|p1a: Tyranitar\n|\n|-weather|Sandstorm|[upkeep]\n|-damage|p2a: Hatterene|89\/100|[from] Sandstorm\n|-heal|p1a: Tyranitar|48\/100|[from] item: Leftovers\n|upkeep\n|turn|24\n|\n|t:|1632846748\n|switch|p2a: Landorus|Landorus-Therian, M|100\/100\n|-ability|p2a: Landorus|Intimidate|boost\n|-unboost|p1a: Tyranitar|atk|1\n|move|p1a: Tyranitar|Stealth Rock|p2a: Landorus\n|-sidestart|p2: Le-Perpetrator|move: Stealth Rock\n|\n|-weather|Sandstorm|[upkeep]\n|-heal|p1a: Tyranitar|54\/100|[from] item: Leftovers\n|upkeep\n|turn|25\n|inactive|SuperTheoryBros has 60 seconds left.\n|\n|t:|1632846788\n|switch|p1a: Tornadus|Tornadus-Therian, M|70\/100\n|move|p2a: Landorus|U-turn|p1a: Tornadus\n|-resisted|p1a: Tornadus\n|-damage|p1a: Tornadus|55\/100\n|\n|t:|1632846794\n|switch|p2a: Tapu Koko|Tapu Koko|72\/100|[from]move: U-turn\n|-damage|p2a: Tapu Koko|60\/100|[from] Stealth Rock\n|-fieldstart|move: Electric Terrain|[from] ability: Electric Surge|[of] p2a: Tapu Koko\n|\n|-weather|Sandstorm|[upkeep]\n|-damage|p2a: Tapu Koko|54\/100|[from] Sandstorm\n|-damage|p1a: Tornadus|49\/100|[from] Sandstorm\n|upkeep\n|turn|26\n|inactive|SuperTheoryBros has 30 seconds left.\n|\n|t:|1632846820\n|switch|p1a: Tyranitar|Tyranitar, F|54\/100\n|-damage|p1a: Tyranitar|41\/100|[from] Stealth Rock\n|move|p2a: Tapu Koko|Volt Switch|p1a: Tyranitar\n|-damage|p1a: Tyranitar|18\/100\n|inactive|SuperTheoryBros has 30 seconds left this turn.\n|j| KELLANVGC\n|\n|t:|1632846827\n|switch|p2a: Landorus|Landorus-Therian, M|100\/100|[from]move: Volt Switch\n|-damage|p2a: Landorus|88\/100|[from] Stealth Rock\n|-ability|p2a: Landorus|Intimidate|boost\n|-unboost|p1a: Tyranitar|atk|1\n|\n|-weather|Sandstorm|[upkeep]\n|-heal|p1a: Tyranitar|25\/100|[from] item: Leftovers\n|upkeep\n|turn|27\n|inactive|SuperTheoryBros has 30 seconds left.\n|\n|t:|1632846839\n|switch|p1a: Ferrothorn|Ferrothorn, M|1\/100\n|-damage|p1a: Ferrothorn|0 fnt|[from] Stealth Rock\n|faint|p1a: Ferrothorn\n|move|p2a: Landorus|U-turn|p1: Ferrothorn|[notarget]\n|-fail|p2a: Landorus\n|\n|-weather|none\n|upkeep\n|inactive|SuperTheoryBros has 30 seconds left.\n|\n|t:|1632846853\n|switch|p1a: Clefable|Clefable, M|94\/100\n|turn|28\n|inactive|SuperTheoryBros has 30 seconds left.\n|l| KELLANVGC\n|\n|t:|1632846862\n|move|p2a: Landorus|U-turn|p1a: Clefable\n|-resisted|p1a: Clefable\n|-damage|p1a: Clefable|83\/100\n|\n|t:|1632846867\n|switch|p2a: Hatterene|Hatterene, F|89\/100|[from]move: U-turn\n|-damage|p2a: Hatterene|76\/100|[from] Stealth Rock\n|move|p1a: Clefable|Calm Mind|p1a: Clefable\n|-boost|p1a: Clefable|spa|1\n|-boost|p1a: Clefable|spd|1\n|\n|upkeep\n|turn|29\n|\n|t:|1632846875\n|move|p1a: Clefable|Moonblast|p2a: Hatterene\n|-damage|p2a: Hatterene|16\/100\n|move|p2a: Hatterene|Psyshock|p1a: Clefable\n|-damage|p1a: Clefable|27\/100\n|\n|-fieldend|move: Electric Terrain\n|upkeep\n|turn|30\n|\n|t:|1632846884\n|move|p1a: Clefable|Moonblast|p2a: Hatterene\n|-damage|p2a: Hatterene|0 fnt\n|faint|p2a: Hatterene\n|\n|upkeep\n|\n|t:|1632846888\n|switch|p2a: Tapu Koko|Tapu Koko|54\/100\n|-damage|p2a: Tapu Koko|42\/100|[from] Stealth Rock\n|-fieldstart|move: Electric Terrain|[from] ability: Electric Surge|[of] p2a: Tapu Koko\n|turn|31\n|\n|t:|1632846898\n|move|p2a: Tapu Koko|Thunderbolt|p1a: Clefable\n|-damage|p1a: Clefable|0 fnt\n|faint|p1a: Clefable\n|\n|upkeep\n|-message|SuperTheoryBros forfeited.\n|\n|win|Le-Perpetrator\n|raw|SuperTheoryBros's rating: 1772 &rarr; <strong>1754<\/strong><br \/>(-18 for losing)\n|raw|Le-Perpetrator's rating: 1809 &rarr; <strong>1827<\/strong><br \/>(+18 for winning)\n|l|\u2606SuperTheoryBros\n|l| jhnmv\n","uploadtime":1632846907,"views":53,"p1id":"supertheorybros","p2id":"leperpetrator","formatid":"gen8ou","rating":1754,"private":0,"password":null}