{"id":"gen8ou-1700645998","p1":"george malone","p2":"ChandosH","format":"gen8ou","log":"|j|\u203dgeorge malone\n|j|\u2606ChandosH\n|t:|1667361248\n|gametype|singles\n|player|p1|george malone|266|1814\n|player|p2|ChandosH|n-masters|1812\n|teamsize|p1|6\n|teamsize|p2|6\n|gen|8\n|tier|[Gen 8] OU\n|rated|\n|rule|Sleep Clause Mod: Limit one foe put to sleep\n|rule|Species Clause: Limit one of each Pok\u00e9mon\n|rule|OHKO Clause: OHKO moves are banned\n|rule|Evasion Items Clause: Evasion items are banned\n|rule|Evasion Moves Clause: Evasion moves are banned\n|rule|Endless Battle Clause: Forcing endless battles is banned\n|rule|HP Percentage Mod: HP is shown in percentages\n|rule|Dynamax Clause: You cannot dynamax\n|clearpoke\n|poke|p1|Clefable, M|\n|poke|p1|Ferrothorn, M|\n|poke|p1|Zeraora|\n|poke|p1|Slowking, M|\n|poke|p1|Victini|\n|poke|p1|Mandibuzz, F|\n|poke|p2|Toxapex, F|\n|poke|p2|Skarmory, F|\n|poke|p2|Clefable, F|\n|poke|p2|Tapu Koko|\n|poke|p2|Hippowdon, F|\n|poke|p2|Reuniclus, F|\n|teampreview\n|inactive|Battle timer is ON: inactive players will automatically lose when time's up. (requested by george malone)\n|j| Noob 0_o\n|\n|t:|1667361274\n|start\n|switch|p1a: Clefable|Clefable, M, shiny|100\/100\n|switch|p2a: Skarmory|Skarmory, F|100\/100\n|turn|1\n|j| Tegalik\n|\n|t:|1667361285\n|switch|p2a: Toxapex|Toxapex, F|100\/100\n|move|p1a: Clefable|Flamethrower|p2a: Toxapex\n|-resisted|p2a: Toxapex\n|-damage|p2a: Toxapex|92\/100\n|\n|upkeep\n|turn|2\n|\n|t:|1667361292\n|move|p1a: Clefable|Stealth Rock|p2a: Toxapex\n|-sidestart|p2: ChandosH|move: Stealth Rock\n|move|p2a: Toxapex|Knock Off|p1a: Clefable\n|-resisted|p1a: Clefable\n|-damage|p1a: Clefable|95\/100\n|-damage|p2a: Toxapex|75\/100|[from] item: Rocky Helmet|[of] p1a: Clefable\n|-enditem|p1a: Clefable|Rocky Helmet|[from] move: Knock Off|[of] p2a: Toxapex\n|\n|upkeep\n|turn|3\n|\n|t:|1667361302\n|move|p1a: Clefable|Moonblast|p2a: Toxapex\n|-resisted|p2a: Toxapex\n|-damage|p2a: Toxapex|62\/100\n|move|p2a: Toxapex|Scald|p1a: Clefable\n|-damage|p1a: Clefable|80\/100\n|\n|upkeep\n|turn|4\n|\n|t:|1667361310\n|move|p1a: Clefable|Moonblast|p2a: Toxapex\n|-resisted|p2a: Toxapex\n|-damage|p2a: Toxapex|49\/100\n|move|p2a: Toxapex|Recover|p2a: Toxapex\n|-heal|p2a: Toxapex|99\/100\n|\n|upkeep\n|turn|5\n|\n|t:|1667361316\n|move|p1a: Clefable|Flamethrower|p2a: Toxapex\n|-resisted|p2a: Toxapex\n|-damage|p2a: Toxapex|91\/100\n|move|p2a: Toxapex|Knock Off|p1a: Clefable\n|-resisted|p1a: Clefable\n|-damage|p1a: Clefable|76\/100\n|\n|upkeep\n|turn|6\n|\n|t:|1667361331\n|switch|p2a: Hippowdon|Hippowdon, F|100\/100\n|-damage|p2a: Hippowdon|94\/100|[from] Stealth Rock\n|-weather|Sandstorm|[from] ability: Sand Stream|[of] p2a: Hippowdon\n|move|p1a: Clefable|Flamethrower|p2a: Hippowdon\n|-damage|p2a: Hippowdon|81\/100\n|\n|-weather|Sandstorm|[upkeep]\n|-heal|p2a: Hippowdon|87\/100|[from] item: Leftovers\n|upkeep\n|turn|7\n|\n|t:|1667361337\n|switch|p1a: Ferrothorn|Ferrothorn, M, shiny|100\/100\n|move|p2a: Hippowdon|Stealth Rock|p1a: Ferrothorn\n|-sidestart|p1: george malone|move: Stealth Rock\n|\n|-weather|Sandstorm|[upkeep]\n|-heal|p2a: Hippowdon|93\/100|[from] item: Leftovers\n|upkeep\n|turn|8\n|\n|t:|1667361347\n|switch|p2a: Skarmory|Skarmory, F|100\/100\n|-damage|p2a: Skarmory|88\/100|[from] Stealth Rock\n|move|p1a: Ferrothorn|Spikes|p2a: Skarmory\n|-sidestart|p2: ChandosH|Spikes\n|\n|-weather|Sandstorm|[upkeep]\n|upkeep\n|turn|9\n|\n|t:|1667361353\n|move|p2a: Skarmory|Spikes|p1a: Ferrothorn\n|-sidestart|p1: george malone|Spikes\n|move|p1a: Ferrothorn|Leech Seed|p2a: Skarmory\n|-start|p2a: Skarmory|move: Leech Seed\n|\n|-weather|Sandstorm|[upkeep]\n|-damage|p2a: Skarmory|76\/100|[from] Leech Seed|[of] p1a: Ferrothorn\n|upkeep\n|turn|10\n|\n|t:|1667361359\n|move|p2a: Skarmory|Iron Defense|p2a: Skarmory\n|-boost|p2a: Skarmory|def|2\n|move|p1a: Ferrothorn|Spikes|p2a: Skarmory\n|-sidestart|p2: ChandosH|Spikes\n|\n|-weather|none\n|-damage|p2a: Skarmory|64\/100|[from] Leech Seed|[of] p1a: Ferrothorn\n|upkeep\n|turn|11\n|\n|t:|1667361373\n|switch|p1a: Clefable|Clefable, M, shiny|76\/100\n|move|p2a: Skarmory|Roost|p2a: Skarmory\n|-heal|p2a: Skarmory|100\/100\n|-singleturn|p2a: Skarmory|move: Roost\n|\n|-damage|p2a: Skarmory|88\/100|[from] Leech Seed|[of] p1a: Clefable\n|-heal|p1a: Clefable|87\/100|[silent]\n|upkeep\n|turn|12\n|\n|t:|1667361381\n|switch|p2a: Hippowdon|Hippowdon, F|93\/100\n|-damage|p2a: Hippowdon|87\/100|[from] Stealth Rock\n|-damage|p2a: Hippowdon|70\/100|[from] Spikes\n|-weather|Sandstorm|[from] ability: Sand Stream|[of] p2a: Hippowdon\n|move|p1a: Clefable|Flamethrower|p2a: Hippowdon\n|-damage|p2a: Hippowdon|57\/100\n|\n|-weather|Sandstorm|[upkeep]\n|-heal|p2a: Hippowdon|63\/100|[from] item: Leftovers\n|upkeep\n|turn|13\n|\n|t:|1667361387\n|switch|p1a: Ferrothorn|Ferrothorn, M, shiny|100\/100\n|-damage|p1a: Ferrothorn|95\/100|[from] Stealth Rock\n|-damage|p1a: Ferrothorn|82\/100|[from] Spikes\n|move|p2a: Hippowdon|Slack Off|p2a: Hippowdon\n|-heal|p2a: Hippowdon|100\/100\n|\n|-weather|Sandstorm|[upkeep]\n|upkeep\n|turn|14\n|j| atlas tales\n|\n|t:|1667361407\n|switch|p2a: Clefable|Clefable, F|100\/100\n|move|p1a: Ferrothorn|Leech Seed|p2a: Clefable\n|-start|p2a: Clefable|move: Leech Seed\n|\n|-weather|Sandstorm|[upkeep]\n|upkeep\n|turn|15\n|inactive|ChandosH has 120 seconds left.\n|j| westcottike\n|\n|t:|1667361433\n|switch|p1a: Clefable|Clefable, M, shiny|87\/100\n|move|p2a: Clefable|Calm Mind|p2a: Clefable\n|-boost|p2a: Clefable|spa|1\n|-boost|p2a: Clefable|spd|1\n|\n|-weather|Sandstorm|[upkeep]\n|upkeep\n|turn|16\n|inactive|ChandosH has 120 seconds left.\n|\n|t:|1667361444\n|move|p2a: Clefable|Moonblast|p1a: Clefable\n|-damage|p1a: Clefable|46\/100\n|move|p1a: Clefable|Moonblast|p2a: Clefable\n|-damage|p2a: Clefable|81\/100\n|\n|-weather|none\n|-heal|p2a: Clefable|88\/100|[from] item: Leftovers\n|upkeep\n|turn|17\n|inactive|ChandosH has 120 seconds left.\n|\n|t:|1667361453\n|move|p2a: Clefable|Calm Mind|p2a: Clefable\n|-boost|p2a: Clefable|spa|1\n|-boost|p2a: Clefable|spd|1\n|move|p1a: Clefable|Soft-Boiled|p1a: Clefable\n|-heal|p1a: Clefable|96\/100\n|\n|-heal|p2a: Clefable|94\/100|[from] item: Leftovers\n|upkeep\n|turn|18\n|\n|t:|1667361462\n|switch|p1a: Slowking|Slowking, M, shiny|100\/100\n|move|p2a: Clefable|Moonblast|p1a: Slowking\n|-damage|p1a: Slowking|65\/100\n|\n|-heal|p2a: Clefable|99\/100|[from] item: Leftovers\n|upkeep\n|turn|19\n|\n|t:|1667361469\n|move|p2a: Clefable|Moonblast|p1a: Slowking\n|-damage|p1a: Slowking|30\/100\n|-unboost|p1a: Slowking|spa|1\n|move|p1a: Slowking|Slack Off|p1a: Slowking\n|-heal|p1a: Slowking|80\/100\n|\n|-heal|p2a: Clefable|100\/100|[from] item: Leftovers\n|upkeep\n|turn|20\n|\n|t:|1667361478\n|move|p2a: Clefable|Moonblast|p1a: Slowking\n|-damage|p1a: Slowking|44\/100\n|-unboost|p1a: Slowking|spa|1\n|move|p1a: Slowking|Future Sight|p2a: Clefable\n|-start|p1a: Slowking|move: Future Sight\n|\n|upkeep\n|turn|21\n|\n|t:|1667361488\n|move|p2a: Clefable|Moonblast|p1a: Slowking\n|-damage|p1a: Slowking|6\/100\n|move|p1a: Slowking|Slack Off|p1a: Slowking\n|-heal|p1a: Slowking|56\/100\n|\n|upkeep\n|turn|22\n|\n|t:|1667361494\n|move|p2a: Clefable|Calm Mind|p2a: Clefable\n|-boost|p2a: Clefable|spa|1\n|-boost|p2a: Clefable|spd|1\n|move|p1a: Slowking|Teleport|p1a: Slowking\n|\n|t:|1667361496\n|switch|p1a: Victini|Victini|100\/100|[from]move: Teleport\n|-damage|p1a: Victini|76\/100|[from] Stealth Rock\n|-damage|p1a: Victini|63\/100|[from] Spikes\n|\n|-end|p2a: Clefable|move: Future Sight\n|-damage|p2a: Clefable|85\/100\n|-heal|p2a: Clefable|91\/100|[from] item: Leftovers\n|upkeep\n|turn|23\n|\n|t:|1667361513\n|switch|p2a: Toxapex|Toxapex, F|100\/100\n|-damage|p2a: Toxapex|88\/100|[from] Stealth Rock\n|-damage|p2a: Toxapex|72\/100|[from] Spikes\n|move|p1a: Victini|V-create|p2a: Toxapex\n|-resisted|p2a: Toxapex\n|-damage|p2a: Toxapex|38\/100\n|-unboost|p1a: Victini|spe|1\n|-unboost|p1a: Victini|def|1\n|-unboost|p1a: Victini|spd|1\n|-damage|p1a: Victini|47\/100|[from] item: Rocky Helmet|[of] p2a: Toxapex\n|\n|upkeep\n|turn|24\n|\n|t:|1667361525\n|switch|p1a: Mandibuzz|Mandibuzz, F, shiny|100\/100\n|move|p2a: Toxapex|Recover|p2a: Toxapex\n|-heal|p2a: Toxapex|88\/100\n|\n|upkeep\n|turn|25\n|\n|t:|1667361531\n|move|p1a: Mandibuzz|Defog|p2a: Toxapex\n|-unboost|p2a: Toxapex|evasion|1\n|-sideend|p2: ChandosH|Spikes|[from] move: Defog|[of] p1a: Mandibuzz\n|-sideend|p2: ChandosH|Stealth Rock|[from] move: Defog|[of] p1a: Mandibuzz\n|-sideend|p1: george malone|Spikes|[from] move: Defog|[of] p1a: Mandibuzz\n|-sideend|p1: george malone|Stealth Rock|[from] move: Defog|[of] p1a: Mandibuzz\n|move|p2a: Toxapex|Knock Off|p1a: Mandibuzz\n|-resisted|p1a: Mandibuzz\n|-damage|p1a: Mandibuzz|96\/100\n|-enditem|p1a: Mandibuzz|Heavy-Duty Boots|[from] move: Knock Off|[of] p2a: Toxapex\n|\n|upkeep\n|turn|26\n|l| atlas tales\n|j| Pokemon Perfection\n|\n|t:|1667361554\n|switch|p2a: Clefable|Clefable, F|91\/100\n|move|p1a: Mandibuzz|U-turn|p2a: Clefable\n|-resisted|p2a: Clefable\n|-damage|p2a: Clefable|86\/100\n|\n|t:|1667361561\n|switch|p1a: Victini|Victini|47\/100|[from]move: U-turn\n|\n|-heal|p2a: Clefable|92\/100|[from] item: Leftovers\n|upkeep\n|turn|27\n|\n|t:|1667361572\n|switch|p2a: Hippowdon|Hippowdon, F|100\/100\n|-weather|Sandstorm|[from] ability: Sand Stream|[of] p2a: Hippowdon\n|move|p1a: Victini|Trick|p2a: Hippowdon\n|-activate|p1a: Victini|move: Trick|[of] p2a: Hippowdon\n|-item|p2a: Hippowdon|Choice Band|[from] move: Trick\n|-item|p1a: Victini|Leftovers|[from] move: Trick\n|\n|-weather|Sandstorm|[upkeep]\n|-damage|p1a: Victini|41\/100|[from] Sandstorm\n|-heal|p1a: Victini|47\/100|[from] item: Leftovers\n|upkeep\n|turn|28\n|\n|t:|1667361580\n|move|p1a: Victini|U-turn|p2a: Hippowdon\n|-damage|p2a: Hippowdon|85\/100\n|\n|t:|1667361582\n|switch|p1a: Ferrothorn|Ferrothorn, M, shiny|82\/100|[from]move: U-turn\n|move|p2a: Hippowdon|Stealth Rock|p1a: Ferrothorn\n|-sidestart|p1: george malone|move: Stealth Rock\n|\n|-weather|Sandstorm|[upkeep]\n|upkeep\n|turn|29\n|\n|t:|1667361592\n|switch|p2a: Clefable|Clefable, F|92\/100\n|move|p1a: Ferrothorn|Gyro Ball|p2a: Clefable\n|-supereffective|p2a: Clefable\n|-damage|p2a: Clefable|34\/100\n|\n|-weather|Sandstorm|[upkeep]\n|-heal|p2a: Clefable|40\/100|[from] item: Leftovers\n|upkeep\n|turn|30\n|\n|t:|1667361598\n|move|p2a: Clefable|Soft-Boiled|p2a: Clefable\n|-heal|p2a: Clefable|90\/100\n|move|p1a: Ferrothorn|Gyro Ball|p2a: Clefable\n|-supereffective|p2a: Clefable\n|-damage|p2a: Clefable|38\/100\n|\n|-weather|Sandstorm|[upkeep]\n|-heal|p2a: Clefable|44\/100|[from] item: Leftovers\n|upkeep\n|turn|31\n|\n|t:|1667361605\n|switch|p1a: Clefable|Clefable, M, shiny|96\/100\n|move|p2a: Clefable|Soft-Boiled|p2a: Clefable\n|-heal|p2a: Clefable|94\/100\n|\n|-weather|none\n|-heal|p2a: Clefable|100\/100|[from] item: Leftovers\n|upkeep\n|turn|32\n|\n|t:|1667361609\n|move|p2a: Clefable|Calm Mind|p2a: Clefable\n|-boost|p2a: Clefable|spa|1\n|-boost|p2a: Clefable|spd|1\n|move|p1a: Clefable|Moonblast|p2a: Clefable\n|-damage|p2a: Clefable|80\/100\n|\n|-heal|p2a: Clefable|86\/100|[from] item: Leftovers\n|upkeep\n|turn|33\n|\n|t:|1667361616\n|move|p2a: Clefable|Calm Mind|p2a: Clefable\n|-boost|p2a: Clefable|spa|1\n|-boost|p2a: Clefable|spd|1\n|move|p1a: Clefable|Moonblast|p2a: Clefable\n|-damage|p2a: Clefable|72\/100\n|\n|-heal|p2a: Clefable|78\/100|[from] item: Leftovers\n|upkeep\n|turn|34\n|-message|george malone forfeited.\n|\n|win|ChandosH\n|raw|george malone's rating: 1814 &rarr; <strong>1794<\/strong><br \/>(-20 for losing)\n|raw|ChandosH's rating: 1812 &rarr; <strong>1832<\/strong><br \/>(+20 for winning)\n|l|\u203dgeorge malone\n","uploadtime":1667361625,"views":24,"p1id":"georgemalone","p2id":"chandosh","formatid":"gen8ou","rating":1794,"private":0,"password":null}