{"id":"gen8ou-1377462268","p1":"tytyui","p2":"cump2","format":"gen8ou","log":"|j|\u2606tytyui\n|j|\u2606cump2\n|t:|1626358944\n|gametype|singles\n|player|p1|tytyui|shelly|1523\n|player|p2|cump2|volkner|1509\n|teamsize|p1|6\n|teamsize|p2|6\n|gen|8\n|tier|[Gen 8] OU\n|rated|\n|rule|Sleep Clause Mod: Limit one foe put to sleep\n|rule|Species Clause: Limit one of each Pok\u00e9mon\n|rule|OHKO Clause: OHKO moves are banned\n|rule|Evasion Moves Clause: Evasion moves are banned\n|rule|Endless Battle Clause: Forcing endless battles is banned\n|rule|HP Percentage Mod: HP is shown in percentages\n|rule|Dynamax Clause: You cannot dynamax\n|clearpoke\n|poke|p1|Mamoswine, F|\n|poke|p1|Zapdos|\n|poke|p1|Absol, M|\n|poke|p1|Heatran, F|\n|poke|p1|Tapu Lele|\n|poke|p1|Tapu Fini|\n|poke|p2|Mew|\n|poke|p2|Urshifu-*, M|\n|poke|p2|Dragapult, F|\n|poke|p2|Kartana|\n|poke|p2|Volcarona, F|\n|poke|p2|Landorus-Therian, M|\n|teampreview\n|\n|t:|1626358952\n|start\n|switch|p1a: Absol|Absol, M|100\/100\n|switch|p2a: Mew|Mew, shiny|100\/100\n|turn|1\n|\n|t:|1626358956\n|move|p2a: Mew|Stealth Rock|p1a: Absol\n|-sidestart|p1: tytyui|move: Stealth Rock\n|move|p1a: Absol|Knock Off|p2a: Mew\n|-supereffective|p2a: Mew\n|-damage|p2a: Mew|0 fnt\n|-enditem|p2a: Mew|Red Card|[from] move: Knock Off|[of] p1a: Absol\n|faint|p2a: Mew\n|-damage|p1a: Absol|91\/100|[from] item: Life Orb\n|\n|upkeep\n|\n|t:|1626358963\n|switch|p2a: Urshifu|Urshifu-Rapid-Strike, M|100\/100\n|turn|2\n|\n|t:|1626358970\n|switch|p2a: Dragapult|Dragapult, F|100\/100\n|switch|p1a: Zapdos|Zapdos|100\/100\n|\n|upkeep\n|turn|3\n|c|\u2606tytyui|drop a draco\n|\n|t:|1626358983\n|move|p2a: Dragapult|Shadow Ball|p1a: Zapdos\n|-damage|p1a: Zapdos|51\/100\n|move|p1a: Zapdos|Defog|p2a: Dragapult\n|-unboost|p2a: Dragapult|evasion|1\n|-sideend|p1: tytyui|Stealth Rock|[from] move: Defog|[of] p1a: Zapdos\n|\n|upkeep\n|turn|4\n|\n|t:|1626358993\n|switch|p1a: Tapu Fini|Tapu Fini|100\/100\n|-fieldstart|move: Misty Terrain|[from] ability: Misty Surge|[of] p1a: Tapu Fini\n|move|p2a: Dragapult|Shadow Ball|p1a: Tapu Fini\n|-damage|p1a: Tapu Fini|60\/100\n|\n|-heal|p1a: Tapu Fini|66\/100|[from] item: Leftovers\n|upkeep\n|turn|5\n|\n|t:|1626358997\n|switch|p2a: Kartana|Kartana, shiny|100\/100\n|move|p1a: Tapu Fini|Draining Kiss|p2a: Kartana\n|-resisted|p2a: Kartana\n|-damage|p2a: Kartana|74\/100\n|-heal|p1a: Tapu Fini|81\/100|[from] drain|[of] p2a: Kartana\n|\n|-heal|p1a: Tapu Fini|87\/100|[from] item: Leftovers\n|upkeep\n|turn|6\n|\n|t:|1626359010\n|switch|p1a: Heatran|Heatran, F|100\/100\n|move|p2a: Kartana|Knock Off|p1a: Heatran\n|-damage|p1a: Heatran|65\/100\n|-enditem|p1a: Heatran|Leftovers|[from] move: Knock Off|[of] p2a: Kartana\n|\n|upkeep\n|turn|7\n|\n|t:|1626359022\n|move|p2a: Kartana|Sacred Sword|p1a: Heatran\n|-supereffective|p1a: Heatran\n|-damage|p1a: Heatran|0 fnt\n|faint|p1a: Heatran\n|-ability|p2a: Kartana|Beast Boost|boost\n|-boost|p2a: Kartana|atk|1\n|\n|upkeep\n|\n|t:|1626359027\n|switch|p1a: Tapu Lele|Tapu Lele|100\/100\n|-fieldstart|move: Psychic Terrain|[from] ability: Psychic Surge|[of] p1a: Tapu Lele\n|turn|8\n|\n|t:|1626359037\n|switch|p2a: Dragapult|Dragapult, F|100\/100\n|move|p1a: Tapu Lele|Psychic|p2a: Dragapult\n|-damage|p2a: Dragapult|13\/100\n|\n|upkeep\n|turn|9\n|\n|t:|1626359050\n|move|p1a: Tapu Lele|Psychic|p2a: Dragapult\n|-damage|p2a: Dragapult|0 fnt\n|faint|p2a: Dragapult\n|\n|upkeep\n|\n|t:|1626359056\n|switch|p2a: Volcarona|Volcarona, F|100\/100\n|turn|10\n|\n|t:|1626359063\n|move|p1a: Tapu Lele|Psychic|p2a: Volcarona\n|-damage|p2a: Volcarona|31\/100\n|move|p2a: Volcarona|Quiver Dance|p2a: Volcarona\n|-boost|p2a: Volcarona|spa|1\n|-boost|p2a: Volcarona|spd|1\n|-boost|p2a: Volcarona|spe|1\n|\n|upkeep\n|turn|11\n|\n|t:|1626359070\n|move|p2a: Volcarona|Flamethrower|p1a: Tapu Lele\n|-damage|p1a: Tapu Lele|26\/100\n|move|p1a: Tapu Lele|Psychic|p2a: Volcarona\n|-damage|p2a: Volcarona|0 fnt\n|faint|p2a: Volcarona\n|\n|upkeep\n|\n|t:|1626359078\n|switch|p2a: Landorus|Landorus-Therian, M|100\/100\n|-ability|p2a: Landorus|Intimidate|boost\n|-unboost|p1a: Tapu Lele|atk|1\n|turn|12\n|\n|t:|1626359087\n|switch|p1a: Zapdos|Zapdos|51\/100\n|move|p2a: Landorus|Knock Off|p1a: Zapdos\n|-damage|p1a: Zapdos|24\/100\n|-status|p2a: Landorus|par|[from] ability: Static|[of] p1a: Zapdos\n|-enditem|p1a: Zapdos|Heavy-Duty Boots|[from] move: Knock Off|[of] p2a: Landorus\n|\n|-fieldend|move: Psychic Terrain\n|upkeep\n|turn|13\n|-message|cump2 forfeited.\n|\n|win|tytyui\n|raw|tytyui's rating: 1523 &rarr; <strong>1542<\/strong><br \/>(+19 for winning)\n|raw|cump2's rating: 1509 &rarr; <strong>1490<\/strong><br \/>(-19 for losing)\n|l|\u2606cump2\n||Ladder isn't responding, score probably updated but might not have (Request timeout).\n","uploadtime":1626359096,"views":25,"p1id":"tytyui","p2id":"cump2","formatid":"gen8ou","rating":1490,"private":0,"password":null}