{"id":"gen8ou-1544344685","p1":"hmimed97","p2":"Corumba","format":"gen8ou","log":"|j|\u2606hmimed97\n|j|\u2606Corumba\n|t:|1648900111\n|gametype|singles\n|player|p1|hmimed97|101|1711\n|player|p2|Corumba|102|1879\n|teamsize|p1|6\n|teamsize|p2|6\n|gen|8\n|tier|[Gen 8] OU\n|rated|\n|rule|Sleep Clause Mod: Limit one foe put to sleep\n|rule|Species Clause: Limit one of each Pok\u00e9mon\n|rule|OHKO Clause: OHKO moves are banned\n|rule|Evasion Moves Clause: Evasion moves are banned\n|rule|Endless Battle Clause: Forcing endless battles is banned\n|rule|HP Percentage Mod: HP is shown in percentages\n|rule|Dynamax Clause: You cannot dynamax\n|clearpoke\n|poke|p1|Tapu Lele|\n|poke|p1|Kartana|\n|poke|p1|Toxapex, M|\n|poke|p1|Landorus-Therian, M|\n|poke|p1|Magnezone|\n|poke|p1|Mandibuzz, F|\n|poke|p2|Barbaracle, F|\n|poke|p2|Dragapult, M|\n|poke|p2|Blaziken, F|\n|poke|p2|Shuckle, F|\n|poke|p2|Toxtricity, M|\n|poke|p2|Mimikyu, M|\n|teampreview\n|inactive|Battle timer is ON: inactive players will automatically lose when time's up. (requested by Corumba)\n|\n|t:|1648900137\n|start\n|switch|p1a: Landorus|Landorus-Therian, M|100\/100\n|switch|p2a: Shuckle|Shuckle, F|100\/100\n|-ability|p1a: Landorus|Intimidate|boost\n|-unboost|p2a: Shuckle|atk|1\n|turn|1\n|\n|t:|1648900143\n|move|p1a: Landorus|U-turn|p2a: Shuckle\n|-damage|p2a: Shuckle|89\/100\n|-damage|p1a: Landorus|84\/100|[from] item: Rocky Helmet|[of] p2a: Shuckle\n|\n|t:|1648900147\n|switch|p1a: Kartana|Kartana|100\/100|[from]move: U-turn\n|move|p2a: Shuckle|Sticky Web|p1a: Kartana\n|-sidestart|p1: hmimed97|move: Sticky Web\n|\n|upkeep\n|turn|2\n|\n|t:|1648900152\n|move|p1a: Kartana|Smart Strike|p2a: Shuckle\n|-supereffective|p2a: Shuckle\n|-damage|p2a: Shuckle|15\/100\n|-damage|p1a: Kartana|84\/100|[from] item: Rocky Helmet|[of] p2a: Shuckle\n|move|p2a: Shuckle|Stealth Rock|p1a: Kartana\n|-sidestart|p1: hmimed97|move: Stealth Rock\n|\n|upkeep\n|turn|3\n|\n|t:|1648900162\n|move|p1a: Kartana|Smart Strike|p2a: Shuckle\n|-supereffective|p2a: Shuckle\n|-damage|p2a: Shuckle|0 fnt\n|-damage|p1a: Kartana|67\/100|[from] item: Rocky Helmet|[of] p2a: Shuckle\n|faint|p2a: Shuckle\n|-ability|p1a: Kartana|Beast Boost|boost\n|-boost|p1a: Kartana|atk|1\n|\n|upkeep\n|\n|t:|1648900176\n|switch|p2a: Blaziken|Blaziken, F|100\/100\n|turn|4\n|\n|t:|1648900181\n|move|p1a: Kartana|Smart Strike|p2a: Blaziken\n|-resisted|p2a: Blaziken\n|-damage|p2a: Blaziken|32\/100\n|move|p2a: Blaziken|Swords Dance|p2a: Blaziken\n|-boost|p2a: Blaziken|atk|2\n|\n|-heal|p2a: Blaziken|38\/100|[from] item: Leftovers\n|-ability|p2a: Blaziken|Speed Boost|boost\n|-boost|p2a: Blaziken|spe|1\n|upkeep\n|turn|5\n|\n|t:|1648900193\n|switch|p1a: Toxapex|Toxapex, M|100\/100\n|-activate|p1a: Toxapex|move: Sticky Web\n|-unboost|p1a: Toxapex|spe|1\n|-damage|p1a: Toxapex|88\/100|[from] Stealth Rock\n|move|p2a: Blaziken|Flare Blitz|p1a: Toxapex\n|-resisted|p1a: Toxapex\n|-damage|p1a: Toxapex|50\/100\n|-damage|p2a: Blaziken|27\/100|[from] Recoil\n|-enditem|p1a: Toxapex|Eject Button\n|\n|t:|1648900207\n|switch|p1a: Landorus|Landorus-Therian, M|84\/100\n|-damage|p1a: Landorus|72\/100|[from] Stealth Rock\n|-ability|p1a: Landorus|Intimidate|boost\n|-unboost|p2a: Blaziken|atk|1\n|\n|-heal|p2a: Blaziken|33\/100|[from] item: Leftovers\n|-heal|p1a: Landorus|78\/100|[from] item: Leftovers\n|-ability|p2a: Blaziken|Speed Boost|boost\n|-boost|p2a: Blaziken|spe|1\n|upkeep\n|turn|6\n|j| Randbats enjoyer\n|\n|t:|1648900217\n|switch|p1a: Toxapex|Toxapex, M|83\/100\n|-activate|p1a: Toxapex|move: Sticky Web\n|-unboost|p1a: Toxapex|spe|1\n|-damage|p1a: Toxapex|70\/100|[from] Stealth Rock\n|move|p2a: Blaziken|Flare Blitz|p1a: Toxapex\n|-resisted|p1a: Toxapex\n|-damage|p1a: Toxapex|43\/100\n|-status|p1a: Toxapex|brn\n|-damage|p2a: Blaziken|25\/100|[from] Recoil\n|\n|-heal|p2a: Blaziken|31\/100|[from] item: Leftovers\n|-damage|p1a: Toxapex|37\/100 brn|[from] brn\n|-ability|p2a: Blaziken|Speed Boost|boost\n|-boost|p2a: Blaziken|spe|1\n|upkeep\n|turn|7\n|\n|t:|1648900234\n|move|p2a: Blaziken|Thunder Punch|p1a: Toxapex\n|-supereffective|p1a: Toxapex\n|-damage|p1a: Toxapex|0 fnt\n|faint|p1a: Toxapex\n|\n|-heal|p2a: Blaziken|37\/100|[from] item: Leftovers\n|-ability|p2a: Blaziken|Speed Boost|boost\n|-boost|p2a: Blaziken|spe|1\n|upkeep\n|\n|t:|1648900241\n|switch|p1a: Landorus|Landorus-Therian, M|78\/100\n|-damage|p1a: Landorus|65\/100|[from] Stealth Rock\n|-ability|p1a: Landorus|Intimidate|boost\n|-unboost|p2a: Blaziken|atk|1\n|turn|8\n|\n|t:|1648900254\n|move|p2a: Blaziken|Swords Dance|p2a: Blaziken\n|-boost|p2a: Blaziken|atk|2\n|move|p1a: Landorus|Earthquake|p2a: Blaziken\n|-supereffective|p2a: Blaziken\n|-damage|p2a: Blaziken|0 fnt\n|faint|p2a: Blaziken\n|\n|-heal|p1a: Landorus|71\/100|[from] item: Leftovers\n|upkeep\n|\n|t:|1648900263\n|switch|p2a: BAARRBARRICCCC|Barbaracle, F|100\/100\n|-item|p2a: BAARRBARRICCCC|Air Balloon\n|turn|9\n|\n|t:|1648900267\n|move|p1a: Landorus|Toxic|p2a: BAARRBARRICCCC\n|-status|p2a: BAARRBARRICCCC|tox\n|move|p2a: BAARRBARRICCCC|Shell Smash|p2a: BAARRBARRICCCC\n|-unboost|p2a: BAARRBARRICCCC|def|1\n|-unboost|p2a: BAARRBARRICCCC|spd|1\n|-boost|p2a: BAARRBARRICCCC|atk|2\n|-boost|p2a: BAARRBARRICCCC|spa|2\n|-boost|p2a: BAARRBARRICCCC|spe|2\n|\n|-heal|p1a: Landorus|77\/100|[from] item: Leftovers\n|-damage|p2a: BAARRBARRICCCC|94\/100 tox|[from] psn\n|upkeep\n|turn|10\n|j| Jokari\n|\n|t:|1648900290\n|move|p2a: BAARRBARRICCCC|Liquidation|p1a: Landorus\n|-supereffective|p1a: Landorus\n|-damage|p1a: Landorus|0 fnt\n|faint|p1a: Landorus\n|\n|-damage|p2a: BAARRBARRICCCC|82\/100 tox|[from] psn\n|upkeep\n|\n|t:|1648900296\n|switch|p1a: Magnezone|Magnezone|100\/100\n|-damage|p1a: Magnezone|94\/100|[from] Stealth Rock\n|-activate|p1a: Magnezone|move: Sticky Web\n|-unboost|p1a: Magnezone|spe|1\n|turn|11\n|\n|t:|1648900301\n|move|p2a: BAARRBARRICCCC|Superpower|p1a: Magnezone\n|-supereffective|p1a: Magnezone\n|-damage|p1a: Magnezone|0 fnt\n|-unboost|p2a: BAARRBARRICCCC|atk|1\n|-unboost|p2a: BAARRBARRICCCC|def|1\n|faint|p1a: Magnezone\n|\n|-damage|p2a: BAARRBARRICCCC|64\/100 tox|[from] psn\n|upkeep\n|\n|t:|1648900310\n|switch|p1a: Mandibuzz|Mandibuzz, F|100\/100\n|turn|12\n|\n|t:|1648900315\n|move|p2a: BAARRBARRICCCC|Rock Slide|p1a: Mandibuzz\n|-supereffective|p1a: Mandibuzz\n|-damage|p1a: Mandibuzz|33\/100\n|move|p1a: Mandibuzz|Foul Play|p2a: BAARRBARRICCCC\n|-damage|p2a: BAARRBARRICCCC|0 fnt\n|-enditem|p2a: BAARRBARRICCCC|Air Balloon\n|faint|p2a: BAARRBARRICCCC\n|\n|upkeep\n|\n|t:|1648900331\n|switch|p2a: Toxtricity|Toxtricity, M|100\/100\n|-item|p2a: Toxtricity|Air Balloon\n|turn|13\n|\n|t:|1648900335\n|switch|p1a: Kartana|Kartana|67\/100\n|-activate|p1a: Kartana|move: Sticky Web\n|-unboost|p1a: Kartana|spe|1\n|-damage|p1a: Kartana|61\/100|[from] Stealth Rock\n|move|p2a: Toxtricity|Overdrive|p1a: Kartana\n|-resisted|p1a: Kartana\n|-damage|p1a: Kartana|0 fnt\n|faint|p1a: Kartana\n|\n|upkeep\n|\n|t:|1648900344\n|switch|p1a: Tapu Lele|Tapu Lele|100\/100\n|-activate|p1a: Tapu Lele|move: Sticky Web\n|-unboost|p1a: Tapu Lele|spe|1\n|-damage|p1a: Tapu Lele|88\/100|[from] Stealth Rock\n|-fieldstart|move: Psychic Terrain|[from] ability: Psychic Surge|[of] p1a: Tapu Lele\n|turn|14\n|\n|t:|1648900358\n|switch|p2a: Dragapult|Dragapult, M|100\/100\n|move|p1a: Tapu Lele|Psychic|p2a: Dragapult\n|-damage|p2a: Dragapult|18\/100\n|\n|upkeep\n|turn|15\n|\n|t:|1648900365\n|switch|p1a: Mandibuzz|Mandibuzz, F|33\/100\n|move|p2a: Dragapult|Phantom Force||[still]\n|-prepare|p2a: Dragapult|Phantom Force\n|\n|upkeep\n|turn|16\n|j| SirCloud\n|\n|t:|1648900370\n|move|p2a: Dragapult|Phantom Force|p1a: Mandibuzz|[from]lockedmove\n|-resisted|p1a: Mandibuzz\n|-damage|p1a: Mandibuzz|14\/100\n|-damage|p2a: Dragapult|8\/100|[from] item: Life Orb\n|move|p1a: Mandibuzz|Roost|p1a: Mandibuzz\n|-heal|p1a: Mandibuzz|64\/100\n|-singleturn|p1a: Mandibuzz|move: Roost\n|\n|upkeep\n|turn|17\n|\n|t:|1648900379\n|move|p2a: Dragapult|Dragon Darts|p1a: Mandibuzz\n|-damage|p1a: Mandibuzz|43\/100\n|-anim|p2a: Dragapult|Dragon Darts|p1a: Mandibuzz\n|-damage|p1a: Mandibuzz|20\/100\n|-damage|p2a: Dragapult|0 fnt|[from] item: Life Orb\n|faint|p2a: Dragapult\n|move|p1a: Mandibuzz|Defog|p2: Dragapult|[notarget]\n|-fail|p1a: Mandibuzz\n|\n|upkeep\n|\n|t:|1648900382\n|switch|p2a: Toxtricity|Toxtricity, M|100\/100\n|-item|p2a: Toxtricity|Air Balloon\n|turn|18\n|\n|t:|1648900389\n|move|p2a: Toxtricity|Overdrive|p1a: Mandibuzz\n|-supereffective|p1a: Mandibuzz\n|-damage|p1a: Mandibuzz|0 fnt\n|faint|p1a: Mandibuzz\n|\n|-fieldend|move: Psychic Terrain\n|upkeep\n|l| Jokari\n|\n|t:|1648900395\n|switch|p1a: Tapu Lele|Tapu Lele|88\/100\n|-activate|p1a: Tapu Lele|move: Sticky Web\n|-unboost|p1a: Tapu Lele|spe|1\n|-damage|p1a: Tapu Lele|76\/100|[from] Stealth Rock\n|-fieldstart|move: Psychic Terrain|[from] ability: Psychic Surge|[of] p1a: Tapu Lele\n|turn|19\n|\n|t:|1648900402\n|move|p1a: Tapu Lele|Psyshock|p2a: Toxtricity\n|-supereffective|p2a: Toxtricity\n|-damage|p2a: Toxtricity|0 fnt\n|-enditem|p2a: Toxtricity|Air Balloon\n|faint|p2a: Toxtricity\n|\n|upkeep\n|\n|t:|1648900408\n|switch|p2a: Mimikyu|Mimikyu, M|100\/100\n|turn|20\n|\n|t:|1648900411\n|move|p2a: Mimikyu|Shadow Claw|p1a: Tapu Lele\n|-supereffective|p1a: Tapu Lele\n|-damage|p1a: Tapu Lele|0 fnt\n|faint|p1a: Tapu Lele\n|-damage|p2a: Mimikyu|91\/100|[from] item: Life Orb\n|\n|win|Corumba\n|raw|hmimed97's rating: 1711 &rarr; <strong>1700<\/strong><br \/>(-11 for losing)\n|raw|Corumba's rating: 1879 &rarr; <strong>1890<\/strong><br \/>(+11 for winning)\n|l|\u2606hmimed97\n|l| Randbats enjoyer\n|l|\u2606Corumba\n","uploadtime":1648900422,"views":19,"p1id":"hmimed97","p2id":"corumba","formatid":"gen8ou","rating":1700,"private":0,"password":null}