{"id":"gen8ou-1361790775","p1":"SuperTheoryBros","p2":"Storm Jack","format":"gen8ou","log":"|j|\u2606SuperTheoryBros\n|j|\u2606Storm Jack\n|t:|1624143087\n|gametype|singles\n|player|p1|SuperTheoryBros|170|1649\n|player|p2|Storm Jack|170|1630\n|teamsize|p1|6\n|teamsize|p2|6\n|gen|8\n|tier|[Gen 8] OU\n|rated|\n|rule|Sleep Clause Mod: Limit one foe put to sleep\n|rule|Species Clause: Limit one of each Pok\u00e9mon\n|rule|OHKO Clause: OHKO moves are banned\n|rule|Evasion Moves Clause: Evasion moves are banned\n|rule|Endless Battle Clause: Forcing endless battles is banned\n|rule|HP Percentage Mod: HP is shown in percentages\n|rule|Dynamax Clause: You cannot dynamax\n|clearpoke\n|poke|p1|Blissey, F|\n|poke|p1|Rillaboom, F|\n|poke|p1|Heatran, M|\n|poke|p1|Corviknight, F|\n|poke|p1|Dragapult, F|\n|poke|p1|Nidoking, M|\n|poke|p2|Victini|\n|poke|p2|Kommo-o, F|\n|poke|p2|Grimmsnarl, M|\n|poke|p2|Azumarill, F|\n|poke|p2|Moltres-Galar|\n|poke|p2|Uxie|\n|teampreview\n|inactive|Battle timer is ON: inactive players will automatically lose when time's up. (requested by SuperTheoryBros)\n|\n|t:|1624143097\n|start\n|switch|p1a: Dragapult|Dragapult, F|100\/100\n|switch|p2a: Grimmsnarl|Grimmsnarl, M, shiny|100\/100\n|turn|1\n|\n|t:|1624143111\n|switch|p1a: Nidoking|Nidoking, M|100\/100\n|move|p2a: Grimmsnarl|Play Rough|p1a: Nidoking\n|-resisted|p1a: Nidoking\n|-damage|p1a: Nidoking|70\/100\n|\n|upkeep\n|turn|2\n|\n|t:|1624143130\n|move|p2a: Grimmsnarl|Taunt|p1a: Nidoking\n|-start|p1a: Nidoking|move: Taunt\n|move|p1a: Nidoking|Earth Power|p2a: Grimmsnarl\n|-damage|p2a: Grimmsnarl|30\/100\n|\n|upkeep\n|turn|3\n|\n|t:|1624143140\n|move|p2a: Grimmsnarl|Light Screen|p2a: Grimmsnarl\n|-sidestart|p2: Storm Jack|move: Light Screen\n|move|p1a: Nidoking|Earth Power|p2a: Grimmsnarl\n|-damage|p2a: Grimmsnarl|0 fnt\n|faint|p2a: Grimmsnarl\n|\n|upkeep\n|\n|t:|1624143167\n|switch|p2a: Moltres|Moltres-Galar|100\/100\n|turn|4\n|\n|t:|1624143181\n|move|p2a: Moltres|Nasty Plot|p2a: Moltres\n|-boost|p2a: Moltres|spa|2\n|move|p1a: Nidoking|Ice Beam|p2a: Moltres\n|-supereffective|p2a: Moltres\n|-damage|p2a: Moltres|64\/100\n|-enditem|p2a: Moltres|Weakness Policy\n|-boost|p2a: Moltres|atk|2|[from] item: Weakness Policy\n|-boost|p2a: Moltres|spa|2|[from] item: Weakness Policy\n|\n|-end|p1a: Nidoking|move: Taunt\n|upkeep\n|turn|5\n|inactive|SuperTheoryBros has 120 seconds left.\n|\n|t:|1624143214\n|switch|p1a: Blissey|Blissey, F|100\/100\n|move|p2a: Moltres|Agility|p2a: Moltres\n|-boost|p2a: Moltres|spe|2\n|\n|upkeep\n|turn|6\n|inactive|SuperTheoryBros has 120 seconds left.\n|\n|t:|1624143228\n|move|p2a: Moltres|Fiery Wrath|p1a: Blissey\n|-damage|p1a: Blissey|60\/100\n|move|p1a: Blissey|Teleport|p1a: Blissey\n|inactive|SuperTheoryBros has 120 seconds left.\n|\n|t:|1624143236\n|switch|p1a: Heatran|Heatran, M|100\/100|[from]move: Teleport\n|-item|p1a: Heatran|Air Balloon\n|\n|upkeep\n|turn|7\n|\n|t:|1624143242\n|move|p2a: Moltres|Fiery Wrath|p1a: Heatran\n|-damage|p1a: Heatran|18\/100\n|-enditem|p1a: Heatran|Air Balloon\n|move|p1a: Heatran|Toxic|p2a: Moltres|[miss]\n|-miss|p1a: Heatran|p2a: Moltres\n|\n|upkeep\n|turn|8\n|inactive|SuperTheoryBros has 120 seconds left.\n|-message|SuperTheoryBros forfeited.\n|\n|win|Storm Jack\n|raw|SuperTheoryBros's rating: 1649 &rarr; <strong>1628<\/strong><br \/>(-21 for losing)\n|raw|Storm Jack's rating: 1630 &rarr; <strong>1651<\/strong><br \/>(+21 for winning)\n|l|\u2606SuperTheoryBros\n","uploadtime":1624143274,"views":33,"p1id":"supertheorybros","p2id":"stormjack","formatid":"gen8ou","rating":1628,"private":0,"password":null}