{"id":"gen8ou-1451310216","p1":"LudwigFrog","p2":"moo5 9","format":"gen8ou","log":"|j|\u2606LudwigFrog\n|j|\u2606moo5 9\n|t:|1636404356\n|gametype|singles\n|player|p1|LudwigFrog|hilbert-wonderlauncher|1589\n|player|p2|moo5 9|266|1524\n|teamsize|p1|6\n|teamsize|p2|6\n|gen|8\n|tier|[Gen 8] OU\n|rated|\n|rule|Sleep Clause Mod: Limit one foe put to sleep\n|rule|Species Clause: Limit one of each Pok\u00e9mon\n|rule|OHKO Clause: OHKO moves are banned\n|rule|Evasion Moves Clause: Evasion moves are banned\n|rule|Endless Battle Clause: Forcing endless battles is banned\n|rule|HP Percentage Mod: HP is shown in percentages\n|rule|Dynamax Clause: You cannot dynamax\n|clearpoke\n|poke|p1|Weavile, F|\n|poke|p1|Magnezone|\n|poke|p1|Tapu Fini|\n|poke|p1|Volcarona, F|\n|poke|p1|Landorus-Therian, M|\n|poke|p1|Tornadus-Therian, M|\n|poke|p2|Kartana|\n|poke|p2|Urshifu-*, F|\n|poke|p2|Volcarona, M|\n|poke|p2|Tapu Lele|\n|poke|p2|Landorus-Therian, M|\n|poke|p2|Weavile, M|\n|teampreview\n|inactive|Battle timer is ON: inactive players will automatically lose when time's up. (requested by LudwigFrog)\n|\n|t:|1636404382\n|start\n|switch|p1a: Tornadus|Tornadus-Therian, M|100\/100\n|switch|p2a: Urshifu|Urshifu-Rapid-Strike, F|100\/100\n|turn|1\n|\n|t:|1636404394\n|switch|p2a: Landorus|Landorus-Therian, M|100\/100\n|-ability|p2a: Landorus|Intimidate|boost\n|-unboost|p1a: Tornadus|atk|1\n|move|p1a: Tornadus|Hurricane|p2a: Landorus|[miss]\n|-miss|p1a: Tornadus|p2a: Landorus\n|\n|upkeep\n|turn|2\n|\n|t:|1636404398\n|move|p1a: Tornadus|Taunt|p2a: Landorus\n|-start|p2a: Landorus|move: Taunt\n|cant|p2a: Landorus|move: Taunt|Stealth Rock\n|\n|upkeep\n|turn|3\n|\n|t:|1636404402\n|move|p1a: Tornadus|Hurricane|p2a: Landorus\n|-damage|p2a: Landorus|59\/100\n|move|p2a: Landorus|U-turn|p1a: Tornadus\n|-resisted|p1a: Tornadus\n|-damage|p1a: Tornadus|88\/100\n|\n|t:|1636404407\n|switch|p2a: Weavile|Weavile, M|100\/100|[from]move: U-turn\n|-ability|p2a: Weavile|Pressure\n|\n|upkeep\n|turn|4\n|\n|t:|1636404411\n|move|p2a: Weavile|Knock Off|p1a: Tornadus\n|-damage|p1a: Tornadus|35\/100\n|-enditem|p1a: Tornadus|Heavy-Duty Boots|[from] move: Knock Off|[of] p2a: Weavile\n|move|p1a: Tornadus|U-turn|p2a: Weavile\n|-supereffective|p2a: Weavile\n|-damage|p2a: Weavile|66\/100\n|\n|t:|1636404418\n|switch|p1a: Magnezone|Magnezone|100\/100|[from]move: U-turn\n|\n|upkeep\n|turn|5\n|\n|t:|1636404424\n|switch|p2a: Landorus|Landorus-Therian, M|59\/100\n|-ability|p2a: Landorus|Intimidate|boost\n|-unboost|p1a: Magnezone|atk|1\n|move|p1a: Magnezone|Flash Cannon|p2a: Landorus\n|-damage|p2a: Landorus|13\/100\n|\n|-heal|p2a: Landorus|19\/100|[from] item: Leftovers\n|upkeep\n|turn|6\n|\n|t:|1636404427\n|switch|p1a: Tornadus|Tornadus-Therian, M|68\/100\n|move|p2a: Landorus|Stealth Rock|p1a: Tornadus\n|-sidestart|p1: LudwigFrog|move: Stealth Rock\n|\n|-heal|p2a: Landorus|25\/100|[from] item: Leftovers\n|upkeep\n|turn|7\n|\n|t:|1636404431\n|move|p1a: Tornadus|Hurricane|p2a: Landorus\n|-damage|p2a: Landorus|0 fnt\n|faint|p2a: Landorus\n|\n|upkeep\n|\n|t:|1636404433\n|switch|p2a: Weavile|Weavile, M|66\/100\n|-ability|p2a: Weavile|Pressure\n|turn|8\n|\n|t:|1636404436\n|move|p2a: Weavile|Triple Axel|p1a: Tornadus\n|-supereffective|p1a: Tornadus\n|-damage|p1a: Tornadus|46\/100\n|-supereffective|p1a: Tornadus\n|-damage|p1a: Tornadus|2\/100\n|-supereffective|p1a: Tornadus\n|-damage|p1a: Tornadus|0 fnt\n|faint|p1a: Tornadus\n|-hitcount|p1: Tornadus|3\n|\n|upkeep\n|\n|t:|1636404441\n|switch|p1a: Magnezone|Magnezone|100\/100\n|-damage|p1a: Magnezone|94\/100|[from] Stealth Rock\n|turn|9\n|\n|t:|1636404449\n|move|p2a: Weavile|Low Kick|p1a: Magnezone\n|-supereffective|p1a: Magnezone\n|-damage|p1a: Magnezone|36\/100\n|move|p1a: Magnezone|Volt Switch|p2a: Weavile\n|-damage|p2a: Weavile|19\/100\n|\n|t:|1636404457\n|switch|p1a: Weavile|Weavile, F|100\/100|[from]move: Volt Switch\n|-ability|p1a: Weavile|Pressure\n|\n|upkeep\n|turn|10\n|\n|t:|1636404463\n|move|p2a: Weavile|Low Kick|p1a: Weavile\n|-supereffective|p1a: Weavile\n|-damage|p1a: Weavile|0 fnt\n|faint|p1a: Weavile\n|\n|upkeep\n|\n|t:|1636404467\n|switch|p1a: Volcarona|Volcarona, F|100\/100\n|turn|11\n|\n|t:|1636404475\n|move|p2a: Weavile|Knock Off|p1a: Volcarona\n|-damage|p1a: Volcarona|35\/100\n|-enditem|p1a: Volcarona|Heavy-Duty Boots|[from] move: Knock Off|[of] p2a: Weavile\n|move|p1a: Volcarona|Quiver Dance|p1a: Volcarona\n|-boost|p1a: Volcarona|spa|1\n|-boost|p1a: Volcarona|spd|1\n|-boost|p1a: Volcarona|spe|1\n|\n|upkeep\n|turn|12\n|\n|t:|1636404479\n|move|p1a: Volcarona|Roost|p1a: Volcarona\n|-heal|p1a: Volcarona|85\/100\n|-singleturn|p1a: Volcarona|move: Roost\n|move|p2a: Weavile|Triple Axel|p1a: Volcarona\n|-resisted|p1a: Volcarona\n|-damage|p1a: Volcarona|79\/100\n|-resisted|p1a: Volcarona\n|-damage|p1a: Volcarona|66\/100\n|-status|p2a: Weavile|brn|[from] ability: Flame Body|[of] p1a: Volcarona\n|-hitcount|p1a: Volcarona|2\n|\n|-damage|p2a: Weavile|13\/100 brn|[from] brn\n|upkeep\n|turn|13\n|\n|t:|1636404490\n|switch|p2a: Urshifu|Urshifu-Rapid-Strike, F|100\/100\n|move|p1a: Volcarona|Roost|p1a: Volcarona\n|-heal|p1a: Volcarona|100\/100\n|-singleturn|p1a: Volcarona|move: Roost\n|\n|upkeep\n|turn|14\n|l|\u2606moo5 9\n|inactive|moo5 9 disconnected and has a minute to reconnect!\n|player|p2|\n|inactive|moo5 9 has 30 seconds to reconnect!\n|inactive|moo5 9 has 20 seconds to reconnect!\n|j|\u2606moo5 9\n|inactive|moo5 9 reconnected and has 85 seconds left.\n|player|p2|moo5 9|266\n|\n|t:|1636404557\n|move|p1a: Volcarona|Flamethrower|p2a: Urshifu\n|-resisted|p2a: Urshifu\n|-damage|p2a: Urshifu|56\/100\n|move|p2a: Urshifu|Surging Strikes|p1a: Volcarona\n|-supereffective|p1a: Volcarona\n|-crit|p1a: Volcarona\n|-damage|p1a: Volcarona|28\/100\n|-status|p2a: Urshifu|brn|[from] ability: Flame Body|[of] p1a: Volcarona\n|-supereffective|p1a: Volcarona\n|-crit|p1a: Volcarona\n|-damage|p1a: Volcarona|0 fnt\n|faint|p1a: Volcarona\n|-hitcount|p1: Volcarona|2\n|\n|-damage|p2a: Urshifu|49\/100 brn|[from] brn\n|upkeep\n|-message|LudwigFrog forfeited.\n|\n|win|moo5 9\n|raw|LudwigFrog's rating: 1589 &rarr; <strong>1565<\/strong><br \/>(-24 for losing)\n|raw|moo5 9's rating: 1524 &rarr; <strong>1548<\/strong><br \/>(+24 for winning)\n|l|\u2606LudwigFrog\n|l|\u2606moo5 9\n||Ladder isn't responding, score probably updated but might not have (Request timeout).\n|j|\u2606moo5 9\n|player|p2|moo5 9|266\n","uploadtime":1636404638,"views":21,"p1id":"ludwigfrog","p2id":"moo59","formatid":"gen8ou","rating":1548,"private":0,"password":null}