{"id":"gen8ou-1399842529","p1":"Archerdagoat","p2":"comradesquidwar","format":"gen8ou","log":"|j|\u2606Archerdagoat\n|j|\u2606comradesquidwar\n|t:|1629405234\n|gametype|singles\n|player|p1|Archerdagoat|hoopster|1793\n|player|p2|comradesquidwar|janitor|1822\n|teamsize|p1|6\n|teamsize|p2|6\n|gen|8\n|tier|[Gen 8] OU\n|rated|\n|rule|Sleep Clause Mod: Limit one foe put to sleep\n|rule|Species Clause: Limit one of each Pok\u00e9mon\n|rule|OHKO Clause: OHKO moves are banned\n|rule|Evasion Moves Clause: Evasion moves are banned\n|rule|Endless Battle Clause: Forcing endless battles is banned\n|rule|HP Percentage Mod: HP is shown in percentages\n|rule|Dynamax Clause: You cannot dynamax\n|clearpoke\n|poke|p1|Dracozolt|\n|poke|p1|Urshifu-*, F|\n|poke|p1|Hippowdon, M|\n|poke|p1|Clefable, M|\n|poke|p1|Melmetal|\n|poke|p1|Zapdos|\n|poke|p2|Clefable, F|\n|poke|p2|Volcarona, F|\n|poke|p2|Tapu Fini|\n|poke|p2|Corviknight, M|\n|poke|p2|Hippowdon, F|\n|poke|p2|Slowbro, M|\n|teampreview\n|inactive|Battle timer is ON: inactive players will automatically lose when time's up. (requested by comradesquidwar)\n|j| Wiiiqi\n|j| malibou\n|j| Blue Jeand\n|l| Blue Jeand\n|\n|t:|1629405254\n|start\n|switch|p1a: Method Man|Melmetal|100\/100\n|switch|p2a: Slowbro|Slowbro, M, shiny|100\/100\n|turn|1\n|l|\u2606Archerdagoat\n|inactive|Archerdagoat disconnected and has a minute to reconnect!\n|player|p1|\n|j|\u2606Archerdagoat\n|inactive|Archerdagoat reconnected and has 125 seconds left.\n|player|p1|Archerdagoat|hoopster\n|\n|t:|1629405284\n|switch|p1a: Rza|Hippowdon, M|100\/100\n|-weather|Sandstorm|[from] ability: Sand Stream|[of] p1a: Rza\n|move|p2a: Slowbro|Scald|p1a: Rza\n|-supereffective|p1a: Rza\n|-damage|p1a: Rza|46\/100\n|-status|p1a: Rza|brn\n|\n|-weather|Sandstorm|[upkeep]\n|-damage|p2a: Slowbro|94\/100|[from] Sandstorm\n|-damage|p1a: Rza|40\/100 brn|[from] brn\n|upkeep\n|turn|2\n|\n|t:|1629405289\n|move|p1a: Rza|Slack Off|p1a: Rza\n|-heal|p1a: Rza|90\/100 brn\n|move|p2a: Slowbro|Whirlpool|p1a: Rza\n|-supereffective|p1a: Rza\n|-damage|p1a: Rza|65\/100 brn\n|-activate|p1a: Rza|move: Whirlpool|[of] p2a: Slowbro\n|\n|-weather|Sandstorm|[upkeep]\n|-damage|p2a: Slowbro|88\/100|[from] Sandstorm\n|-damage|p1a: Rza|59\/100 brn|[from] brn\n|-damage|p1a: Rza|47\/100 brn|[from] move: Whirlpool|[partiallytrapped]\n|upkeep\n|turn|3\n|\n|t:|1629405293\n|move|p1a: Rza|Toxic|p2a: Slowbro\n|-status|p2a: Slowbro|tox\n|move|p2a: Slowbro|Scald|p1a: Rza\n|-supereffective|p1a: Rza\n|-damage|p1a: Rza|0 fnt\n|faint|p1a: Rza\n|\n|-weather|Sandstorm|[upkeep]\n|-damage|p2a: Slowbro|82\/100 tox|[from] Sandstorm\n|-damage|p2a: Slowbro|76\/100 tox|[from] psn\n|upkeep\n|\n|t:|1629405295\n|switch|p1a: Gza|Dracozolt|100\/100\n|turn|4\n|\n|t:|1629405298\n|switch|p1a: Raekwon|Urshifu-Rapid-Strike, F|100\/100\n|switch|p2a: Hippowdon|Hippowdon, F|100\/100\n|\n|-weather|Sandstorm|[upkeep]\n|-damage|p1a: Raekwon|94\/100|[from] Sandstorm\n|upkeep\n|turn|5\n|j| AirOneee\n|\n|t:|1629405305\n|switch|p2a: Slowbro|Slowbro, M, shiny|100\/100 tox\n|move|p1a: Raekwon|U-turn|p2a: Slowbro\n|-supereffective|p2a: Slowbro\n|-damage|p2a: Slowbro|60\/100 tox\n|\n|t:|1629405307\n|switch|p1a: Gza|Dracozolt|100\/100|[from]move: U-turn\n|\n|-weather|Sandstorm|[upkeep]\n|-damage|p2a: Slowbro|54\/100 tox|[from] Sandstorm\n|-damage|p2a: Slowbro|48\/100 tox|[from] psn\n|upkeep\n|turn|6\n|\n|t:|1629405309\n|switch|p2a: Hippowdon|Hippowdon, F|100\/100\n|move|p1a: Gza|Dragon Claw|p2a: Hippowdon\n|-damage|p2a: Hippowdon|67\/100\n|-damage|p1a: Gza|91\/100|[from] item: Life Orb\n|\n|-weather|Sandstorm|[upkeep]\n|-heal|p2a: Hippowdon|73\/100|[from] item: Leftovers\n|upkeep\n|turn|7\n|\n|t:|1629405313\n|switch|p1a: Raekwon|Urshifu-Rapid-Strike, F|94\/100\n|move|p2a: Hippowdon|Slack Off|p2a: Hippowdon\n|-heal|p2a: Hippowdon|100\/100\n|\n|-weather|Sandstorm|[upkeep]\n|-damage|p1a: Raekwon|88\/100|[from] Sandstorm\n|upkeep\n|turn|8\n|\n|t:|1629405318\n|switch|p2a: Corviknight|Corviknight, M, shiny|100\/100\n|-ability|p2a: Corviknight|Pressure\n|move|p1a: Raekwon|Surging Strikes|p2a: Corviknight\n|-crit|p2a: Corviknight\n|-damage|p2a: Corviknight|82\/100\n|-damage|p1a: Raekwon|72\/100|[from] item: Rocky Helmet|[of] p2a: Corviknight\n|-crit|p2a: Corviknight\n|-damage|p2a: Corviknight|63\/100\n|-damage|p1a: Raekwon|55\/100|[from] item: Rocky Helmet|[of] p2a: Corviknight\n|-crit|p2a: Corviknight\n|-damage|p2a: Corviknight|46\/100\n|-damage|p1a: Raekwon|39\/100|[from] item: Rocky Helmet|[of] p2a: Corviknight\n|-hitcount|p2a: Corviknight|3\n|\n|-weather|none\n|upkeep\n|turn|9\n|\n|t:|1629405321\n|move|p1a: Raekwon|Surging Strikes|p2a: Corviknight\n|-crit|p2a: Corviknight\n|-damage|p2a: Corviknight|27\/100\n|-damage|p1a: Raekwon|22\/100|[from] item: Rocky Helmet|[of] p2a: Corviknight\n|-crit|p2a: Corviknight\n|-damage|p2a: Corviknight|8\/100\n|-damage|p1a: Raekwon|6\/100|[from] item: Rocky Helmet|[of] p2a: Corviknight\n|-crit|p2a: Corviknight\n|-damage|p2a: Corviknight|0 fnt\n|-damage|p1a: Raekwon|0 fnt|[from] item: Rocky Helmet|[of] p2a: Corviknight\n|faint|p2a: Corviknight\n|faint|p1a: Raekwon\n|-hitcount|p2: Corviknight|3\n|\n|upkeep\n|\n|t:|1629405324\n|switch|p1a: Method Man|Melmetal|100\/100\n|switch|p2a: Tapu Fini|Tapu Fini|100\/100\n|-fieldstart|move: Misty Terrain|[from] ability: Misty Surge|[of] p2a: Tapu Fini\n|turn|10\n|\n|t:|1629405328\n|switch|p2a: Volcarona|Volcarona, F, shiny|100\/100\n|move|p1a: Method Man|Double Iron Bash|p2a: Volcarona\n|-resisted|p2a: Volcarona\n|-damage|p2a: Volcarona|72\/100\n|-resisted|p2a: Volcarona\n|-damage|p2a: Volcarona|45\/100\n|-hitcount|p2a: Volcarona|2\n|\n|upkeep\n|turn|11\n|\n|t:|1629405332\n|switch|p1a: Inspectah Deck|Clefable, M|100\/100\n|move|p2a: Volcarona|Roost|p2a: Volcarona\n|-heal|p2a: Volcarona|95\/100\n|-singleturn|p2a: Volcarona|move: Roost\n|\n|upkeep\n|turn|12\n|\n|t:|1629405337\n|switch|p2a: Tapu Fini|Tapu Fini|100\/100\n|move|p1a: Inspectah Deck|Wish|p1a: Inspectah Deck\n|\n|upkeep\n|turn|13\n|\n|t:|1629405343\n|switch|p1a: Method Man|Melmetal|100\/100\n|move|p2a: Tapu Fini|Moonblast|p1a: Method Man\n|-resisted|p1a: Method Man\n|-damage|p1a: Method Man|80\/100\n|\n|-heal|p1a: Method Man|100\/100|[from] move: Wish|[wisher] Inspectah Deck\n|upkeep\n|turn|14\n|\n|t:|1629405349\n|switch|p2a: Slowbro|Slowbro, M, shiny|81\/100 tox\n|move|p1a: Method Man|Double Iron Bash|p2a: Slowbro\n|-resisted|p2a: Slowbro\n|-damage|p2a: Slowbro|61\/100 tox\n|-resisted|p2a: Slowbro\n|-damage|p2a: Slowbro|42\/100 tox\n|-hitcount|p2a: Slowbro|2\n|\n|-damage|p2a: Slowbro|36\/100 tox|[from] psn\n|-fieldend|Misty Terrain\n|upkeep\n|turn|15\n|\n|t:|1629405355\n|switch|p2a: Volcarona|Volcarona, F, shiny|95\/100\n|move|p1a: Method Man|Double Iron Bash|p2a: Volcarona\n|-resisted|p2a: Volcarona\n|-damage|p2a: Volcarona|64\/100\n|-resisted|p2a: Volcarona\n|-damage|p2a: Volcarona|35\/100\n|-hitcount|p2a: Volcarona|2\n|\n|upkeep\n|turn|16\n|\n|t:|1629405360\n|move|p2a: Volcarona|Roost|p2a: Volcarona\n|-heal|p2a: Volcarona|85\/100\n|-singleturn|p2a: Volcarona|move: Roost\n|move|p1a: Method Man|Double Iron Bash|p2a: Volcarona\n|-resisted|p2a: Volcarona\n|-damage|p2a: Volcarona|57\/100\n|-resisted|p2a: Volcarona\n|-damage|p2a: Volcarona|25\/100\n|-hitcount|p2a: Volcarona|2\n|\n|upkeep\n|turn|17\n|\n|t:|1629405365\n|switch|p1a: Inspectah Deck|Clefable, M|100\/100\n|move|p2a: Volcarona|Roost|p2a: Volcarona\n|-heal|p2a: Volcarona|75\/100\n|-singleturn|p2a: Volcarona|move: Roost\n|\n|upkeep\n|turn|18\n|\n|t:|1629405368\n|move|p2a: Volcarona|Quiver Dance|p2a: Volcarona\n|-boost|p2a: Volcarona|spa|1\n|-boost|p2a: Volcarona|spd|1\n|-boost|p2a: Volcarona|spe|1\n|move|p1a: Inspectah Deck|Wish|p1a: Inspectah Deck\n|\n|upkeep\n|turn|19\n|\n|t:|1629405372\n|move|p2a: Volcarona|Psychic|p1a: Inspectah Deck\n|-damage|p1a: Inspectah Deck|73\/100\n|move|p1a: Inspectah Deck|Calm Mind|p1a: Inspectah Deck\n|-boost|p1a: Inspectah Deck|spa|1\n|-boost|p1a: Inspectah Deck|spd|1\n|\n|-heal|p1a: Inspectah Deck|100\/100|[from] move: Wish|[wisher] Inspectah Deck\n|upkeep\n|turn|20\n|\n|t:|1629405376\n|switch|p2a: Tapu Fini|Tapu Fini|100\/100\n|-fieldstart|move: Misty Terrain|[from] ability: Misty Surge|[of] p2a: Tapu Fini\n|move|p1a: Inspectah Deck|Moonblast|p2a: Tapu Fini\n|-damage|p2a: Tapu Fini|57\/100\n|\n|upkeep\n|turn|21\n|\n|t:|1629405380\n|move|p2a: Tapu Fini|Trick|p1a: Inspectah Deck\n|-activate|p2a: Tapu Fini|move: Trick|[of] p1a: Inspectah Deck\n|-item|p1a: Inspectah Deck|Choice Scarf|[from] move: Trick\n|-item|p2a: Tapu Fini|Leftovers|[from] move: Trick\n|move|p1a: Inspectah Deck|Moonblast|p2a: Tapu Fini\n|-damage|p2a: Tapu Fini|9\/100\n|-unboost|p2a: Tapu Fini|spa|1\n|\n|-heal|p2a: Tapu Fini|15\/100|[from] item: Leftovers\n|upkeep\n|turn|22\n|\n|t:|1629405387\n|switch|p2a: Volcarona|Volcarona, F, shiny|75\/100\n|move|p1a: Inspectah Deck|Moonblast|p2a: Volcarona\n|-resisted|p2a: Volcarona\n|-damage|p2a: Volcarona|55\/100\n|-unboost|p2a: Volcarona|spa|1\n|\n|upkeep\n|turn|23\n|\n|t:|1629405389\n|move|p2a: Volcarona|Roost|p2a: Volcarona\n|-heal|p2a: Volcarona|100\/100\n|-singleturn|p2a: Volcarona|move: Roost\n|move|p1a: Inspectah Deck|Moonblast|p2a: Volcarona\n|-resisted|p2a: Volcarona\n|-damage|p2a: Volcarona|77\/100\n|-unboost|p2a: Volcarona|spa|1\n|\n|upkeep\n|turn|24\n|\n|t:|1629405392\n|move|p2a: Volcarona|Quiver Dance|p2a: Volcarona\n|-boost|p2a: Volcarona|spa|1\n|-boost|p2a: Volcarona|spd|1\n|-boost|p2a: Volcarona|spe|1\n|move|p1a: Inspectah Deck|Moonblast|p2a: Volcarona\n|-resisted|p2a: Volcarona\n|-damage|p2a: Volcarona|57\/100\n|-unboost|p2a: Volcarona|spa|1\n|\n|-fieldend|Misty Terrain\n|upkeep\n|turn|25\n|\n|t:|1629405394\n|move|p2a: Volcarona|Roost|p2a: Volcarona\n|-heal|p2a: Volcarona|100\/100\n|-singleturn|p2a: Volcarona|move: Roost\n|move|p1a: Inspectah Deck|Moonblast|p2a: Volcarona\n|-resisted|p2a: Volcarona\n|-damage|p2a: Volcarona|80\/100\n|-unboost|p2a: Volcarona|spa|1\n|\n|upkeep\n|turn|26\n|\n|t:|1629405397\n|switch|p1a: Method Man|Melmetal|100\/100\n|move|p2a: Volcarona|Psychic|p1a: Method Man\n|-resisted|p1a: Method Man\n|-damage|p1a: Method Man|95\/100\n|-unboost|p1a: Method Man|spd|1\n|\n|upkeep\n|turn|27\n|j| TakeItEZFren\n|\n|t:|1629405401\n|switch|p1a: Inspectah Deck|Clefable, M|100\/100\n|move|p2a: Volcarona|Flamethrower|p1a: Inspectah Deck\n|-damage|p1a: Inspectah Deck|60\/100\n|\n|upkeep\n|turn|28\n|\n|t:|1629405404\n|move|p2a: Volcarona|Flamethrower|p1a: Inspectah Deck\n|-damage|p1a: Inspectah Deck|23\/100\n|move|p1a: Inspectah Deck|Wish|p1a: Inspectah Deck\n|\n|upkeep\n|turn|29\n|\n|t:|1629405409\n|switch|p1a: Gza|Dracozolt|91\/100\n|move|p2a: Volcarona|Flamethrower|p1a: Gza\n|-resisted|p1a: Gza\n|-damage|p1a: Gza|79\/100\n|\n|-heal|p1a: Gza|100\/100|[from] move: Wish|[wisher] Inspectah Deck\n|upkeep\n|turn|30\n|\n|t:|1629405414\n|switch|p2a: Hippowdon|Hippowdon, F|100\/100\n|-weather|Sandstorm|[from] ability: Sand Stream|[of] p2a: Hippowdon\n|switch|p1a: Method Man|Melmetal|95\/100\n|\n|-weather|Sandstorm|[upkeep]\n|upkeep\n|turn|31\n|\n|t:|1629405419\n|switch|p2a: Slowbro|Slowbro, M, shiny|69\/100 tox\n|move|p1a: Method Man|Earthquake|p2a: Slowbro\n|-damage|p2a: Slowbro|30\/100 tox\n|\n|-weather|Sandstorm|[upkeep]\n|-damage|p2a: Slowbro|24\/100 tox|[from] Sandstorm\n|-damage|p2a: Slowbro|18\/100 tox|[from] psn\n|upkeep\n|turn|32\n|\n|t:|1629405422\n|switch|p2a: Clefable|Clefable, F, shiny|100\/100\n|move|p1a: Method Man|Earthquake|p2a: Clefable\n|-damage|p2a: Clefable|44\/100\n|\n|-weather|Sandstorm|[upkeep]\n|upkeep\n|turn|33\n|\n|t:|1629405425\n|move|p2a: Clefable|Focus Blast|p1a: Method Man\n|-supereffective|p1a: Method Man\n|-damage|p1a: Method Man|18\/100\n|move|p1a: Method Man|Earthquake|p2a: Clefable\n|-damage|p2a: Clefable|0 fnt\n|faint|p2a: Clefable\n|\n|-weather|Sandstorm|[upkeep]\n|upkeep\n|\n|t:|1629405428\n|switch|p2a: Volcarona|Volcarona, F, shiny|80\/100\n|turn|34\n|\n|t:|1629405432\n|switch|p1a: Ghostface Killah|Zapdos|100\/100\n|move|p2a: Volcarona|Flamethrower|p1a: Ghostface Killah\n|-damage|p1a: Ghostface Killah|60\/100\n|\n|-weather|none\n|-heal|p1a: Ghostface Killah|66\/100|[from] item: Leftovers\n|upkeep\n|turn|35\n|\n|t:|1629405437\n|switch|p1a: Gza|Dracozolt|100\/100\n|move|p2a: Volcarona|Quiver Dance|p2a: Volcarona\n|-boost|p2a: Volcarona|spa|1\n|-boost|p2a: Volcarona|spd|1\n|-boost|p2a: Volcarona|spe|1\n|\n|upkeep\n|turn|36\n|\n|t:|1629405441\n|move|p2a: Volcarona|Psychic|p1a: Gza\n|-damage|p1a: Gza|41\/100\n|move|p1a: Gza|Bolt Beak|p2a: Volcarona\n|-damage|p2a: Volcarona|29\/100\n|-status|p1a: Gza|brn|[from] ability: Flame Body|[of] p2a: Volcarona\n|-damage|p1a: Gza|31\/100 brn|[from] item: Life Orb\n|\n|-damage|p1a: Gza|25\/100 brn|[from] brn\n|upkeep\n|turn|37\n|\n|t:|1629405449\n|switch|p1a: Ghostface Killah|Zapdos|66\/100\n|move|p2a: Volcarona|Roost|p2a: Volcarona\n|-heal|p2a: Volcarona|79\/100\n|-singleturn|p2a: Volcarona|move: Roost\n|\n|-heal|p1a: Ghostface Killah|72\/100|[from] item: Leftovers\n|upkeep\n|turn|38\n|-message|Archerdagoat forfeited.\n|\n|win|comradesquidwar\n|l|\u2606Archerdagoat\n|raw|Archerdagoat's rating: 1793 &rarr; <strong>1775<\/strong><br \/>(-18 for losing)\n|raw|comradesquidwar's rating: 1823 &rarr; <strong>1841<\/strong><br \/>(+18 for winning)\n|c|\u2606comradesquidwar|gg\n","uploadtime":1629405459,"views":27,"p1id":"archerdagoat","p2id":"comradesquidwar","formatid":"gen8ou","rating":1775,"private":0,"password":null}