{"id":"gen8ou-1702975930","p1":"Cattleya1","p2":"quixana","format":"gen8ou","log":"|j|\u2606Cattleya1\n|j|\u2606quixana\n|t:|1667600843\n|gametype|singles\n|player|p1|Cattleya1|lady-gen4|1674\n|player|p2|quixana|1|1777\n|teamsize|p1|6\n|teamsize|p2|6\n|gen|8\n|tier|[Gen 8] OU\n|rated|\n|rule|Sleep Clause Mod: Limit one foe put to sleep\n|rule|Species Clause: Limit one of each Pok\u00e9mon\n|rule|OHKO Clause: OHKO moves are banned\n|rule|Evasion Items Clause: Evasion items are banned\n|rule|Evasion Moves Clause: Evasion moves are banned\n|rule|Endless Battle Clause: Forcing endless battles is banned\n|rule|HP Percentage Mod: HP is shown in percentages\n|rule|Dynamax Clause: You cannot dynamax\n|clearpoke\n|poke|p1|Stunfisk, F|\n|poke|p1|Corviknight, F|\n|poke|p1|Rillaboom, F|\n|poke|p1|Heatran, F|\n|poke|p1|Tapu Fini|\n|poke|p1|Slowbro-Galar, F|\n|poke|p2|Kartana|\n|poke|p2|Buzzwole|\n|poke|p2|Tapu Lele|\n|poke|p2|Landorus-Therian, M|\n|poke|p2|Slowbro, M|\n|poke|p2|Blissey, F|\n|teampreview\n|\n|t:|1667600853\n|start\n|switch|p1a: Stunfisk|Stunfisk, F, shiny|100\/100\n|switch|p2a: Landorus|Landorus-Therian, M|100\/100\n|-ability|p2a: Landorus|Intimidate|boost\n|-unboost|p1a: Stunfisk|atk|1\n|turn|1\n|\n|t:|1667600858\n|move|p2a: Landorus|Earthquake|p1a: Stunfisk\n|-supereffective|p1a: Stunfisk\n|-damage|p1a: Stunfisk|35\/100\n|move|p1a: Stunfisk|Toxic|p2a: Landorus\n|-status|p2a: Landorus|tox\n|\n|-heal|p1a: Stunfisk|41\/100|[from] item: Leftovers\n|-damage|p2a: Landorus|94\/100 tox|[from] psn\n|upkeep\n|turn|2\n|\n|t:|1667600866\n|move|p2a: Landorus|U-turn|p1a: Stunfisk\n|-damage|p1a: Stunfisk|27\/100\n|\n|t:|1667600868\n|switch|p2a: Blissey|Blissey, F|100\/100|[from]move: U-turn\n|move|p1a: Stunfisk|Stealth Rock|p2a: Blissey\n|-sidestart|p2: quixana|move: Stealth Rock\n|\n|-heal|p1a: Stunfisk|33\/100|[from] item: Leftovers\n|upkeep\n|turn|3\n|\n|t:|1667600871\n|switch|p1a: Tapu Fini|Tapu Fini|100\/100\n|-fieldstart|move: Misty Terrain|[from] ability: Misty Surge|[of] p1a: Tapu Fini\n|move|p2a: Blissey|Stealth Rock|p1a: Tapu Fini\n|-sidestart|p1: Cattleya1|move: Stealth Rock\n|\n|upkeep\n|turn|4\n|\n|t:|1667600876\n|switch|p2a: Slowbro|Slowbro, M, shiny|100\/100\n|-damage|p2a: Slowbro|88\/100|[from] Stealth Rock\n|move|p1a: Tapu Fini|Trick|p2a: Slowbro\n|-activate|p1a: Tapu Fini|move: Trick|[of] p2a: Slowbro\n|-item|p2a: Slowbro|Choice Scarf|[from] move: Trick\n|-item|p1a: Tapu Fini|Rocky Helmet|[from] move: Trick\n|\n|upkeep\n|turn|5\n|\n|t:|1667600880\n|move|p1a: Tapu Fini|Calm Mind|p1a: Tapu Fini\n|-boost|p1a: Tapu Fini|spa|1\n|-boost|p1a: Tapu Fini|spd|1\n|move|p2a: Slowbro|Teleport|p2a: Slowbro\n|\n|t:|1667600887\n|switch|p2a: Kartana|Kartana|100\/100|[from]move: Teleport\n|-damage|p2a: Kartana|94\/100|[from] Stealth Rock\n|\n|upkeep\n|turn|6\n|\n|t:|1667600894\n|switch|p1a: Corviknight|Corviknight, F, shiny|100\/100\n|-damage|p1a: Corviknight|88\/100|[from] Stealth Rock\n|-ability|p1a: Corviknight|Pressure\n|move|p2a: Kartana|Leaf Blade|p1a: Corviknight\n|-resisted|p1a: Corviknight\n|-damage|p1a: Corviknight|75\/100\n|-damage|p2a: Kartana|78\/100|[from] item: Rocky Helmet|[of] p1a: Corviknight\n|\n|upkeep\n|turn|7\n|\n|t:|1667600904\n|switch|p2a: Slowbro|Slowbro, M, shiny|100\/100\n|-damage|p2a: Slowbro|88\/100|[from] Stealth Rock\n|move|p1a: Corviknight|U-turn|p2a: Slowbro\n|-supereffective|p2a: Slowbro\n|-crit|p2a: Slowbro\n|-damage|p2a: Slowbro|63\/100\n|\n|t:|1667600910\n|switch|p1a: Rillaboom|Rillaboom, F, shiny|100\/100|[from]move: U-turn\n|-damage|p1a: Rillaboom|88\/100|[from] Stealth Rock\n|-fieldstart|move: Grassy Terrain|[from] ability: Grassy Surge|[of] p1a: Rillaboom\n|\n|-heal|p1a: Rillaboom|94\/100|[from] Grassy Terrain\n|-heal|p2a: Slowbro|69\/100|[from] Grassy Terrain\n|upkeep\n|turn|8\n|\n|t:|1667600914\n|move|p1a: Rillaboom|U-turn|p2a: Slowbro\n|-supereffective|p2a: Slowbro\n|-damage|p2a: Slowbro|27\/100\n|\n|t:|1667600917\n|switch|p1a: Heatran|Heatran, F, shiny|100\/100|[from]move: U-turn\n|-damage|p1a: Heatran|88\/100|[from] Stealth Rock\n|move|p2a: Slowbro|Teleport|p2a: Slowbro\n|\n|t:|1667600932\n|switch|p2a: Buzzwole|Buzzwole|100\/100|[from]move: Teleport\n|-damage|p2a: Buzzwole|88\/100|[from] Stealth Rock\n|\n|-heal|p2a: Buzzwole|94\/100|[from] Grassy Terrain\n|-heal|p1a: Heatran|94\/100|[from] Grassy Terrain\n|-heal|p1a: Heatran|100\/100|[from] item: Leftovers\n|upkeep\n|turn|9\n|\n|t:|1667600946\n|move|p2a: Buzzwole|Close Combat|p1a: Heatran\n|-supereffective|p1a: Heatran\n|-damage|p1a: Heatran|0 fnt\n|-unboost|p2a: Buzzwole|def|1\n|-unboost|p2a: Buzzwole|spd|1\n|faint|p1a: Heatran\n|-ability|p2a: Buzzwole|Beast Boost|boost\n|-boost|p2a: Buzzwole|atk|1\n|\n|-heal|p2a: Buzzwole|100\/100|[from] Grassy Terrain\n|upkeep\n|\n|t:|1667600953\n|switch|p1a: Tapu Fini|Tapu Fini|100\/100\n|-damage|p1a: Tapu Fini|88\/100|[from] Stealth Rock\n|-fieldstart|move: Misty Terrain|[from] ability: Misty Surge|[of] p1a: Tapu Fini\n|turn|10\n|\n|t:|1667600958\n|switch|p2a: Slowbro|Slowbro, M, shiny|60\/100\n|-damage|p2a: Slowbro|48\/100|[from] Stealth Rock\n|move|p1a: Tapu Fini|Draining Kiss|p2a: Slowbro\n|-damage|p2a: Slowbro|25\/100\n|-heal|p1a: Tapu Fini|100\/100|[from] drain|[of] p2a: Slowbro\n|\n|upkeep\n|turn|11\n|\n|t:|1667600964\n|move|p1a: Tapu Fini|Draining Kiss|p2a: Slowbro\n|-damage|p2a: Slowbro|1\/100\n|move|p2a: Slowbro|Teleport|p2a: Slowbro\n|\n|t:|1667600971\n|switch|p2a: Kartana|Kartana|78\/100|[from]move: Teleport\n|-damage|p2a: Kartana|72\/100|[from] Stealth Rock\n|\n|upkeep\n|turn|12\n|\n|t:|1667600976\n|switch|p1a: Corviknight|Corviknight, F, shiny|75\/100\n|-damage|p1a: Corviknight|63\/100|[from] Stealth Rock\n|-ability|p1a: Corviknight|Pressure\n|move|p2a: Kartana|Knock Off|p1a: Corviknight\n|-damage|p1a: Corviknight|24\/100\n|-damage|p2a: Kartana|55\/100|[from] item: Rocky Helmet|[of] p1a: Corviknight\n|-enditem|p1a: Corviknight|Rocky Helmet|[from] move: Knock Off|[of] p2a: Kartana\n|\n|upkeep\n|turn|13\n|j| charqe Q\n|inactive|Battle timer is ON: inactive players will automatically lose when time's up. (requested by Cattleya1)\n|l|\u2606Cattleya1\n|inactive|Cattleya1 disconnected and has a minute to reconnect!\n|player|p1|\n|j|\u2606Cattleya1\n|inactive|Cattleya1 reconnected.\n|player|p1|Cattleya1|lady-gen4\n|\n|t:|1667601065\n|move|p2a: Kartana|Knock Off|p1a: Corviknight\n|-damage|p1a: Corviknight|0 fnt\n|faint|p1a: Corviknight\n|-ability|p2a: Kartana|Beast Boost|boost\n|-boost|p2a: Kartana|atk|1\n|\n|upkeep\n|\n|t:|1667601070\n|switch|p1a: Tapu Fini|Tapu Fini|100\/100\n|-damage|p1a: Tapu Fini|88\/100|[from] Stealth Rock\n|turn|14\n|\n|t:|1667601077\n|switch|p2a: Tapu Lele|Tapu Lele|100\/100\n|-damage|p2a: Tapu Lele|88\/100|[from] Stealth Rock\n|-fieldstart|move: Psychic Terrain|[from] ability: Psychic Surge|[of] p2a: Tapu Lele\n|move|p1a: Tapu Fini|Calm Mind|p1a: Tapu Fini\n|-boost|p1a: Tapu Fini|spa|1\n|-boost|p1a: Tapu Fini|spd|1\n|\n|upkeep\n|turn|15\n|\n|t:|1667601088\n|move|p1a: Tapu Fini|Draining Kiss|p2a: Tapu Lele\n|-damage|p2a: Tapu Lele|56\/100\n|-heal|p1a: Tapu Fini|100\/100|[from] drain|[of] p2a: Tapu Lele\n|move|p2a: Tapu Lele|Psyshock|p1a: Tapu Fini\n|-damage|p1a: Tapu Fini|0 fnt\n|faint|p1a: Tapu Fini\n|\n|upkeep\n|\n|t:|1667601094\n|switch|p1a: Rillaboom|Rillaboom, F, shiny|94\/100\n|-damage|p1a: Rillaboom|82\/100|[from] Stealth Rock\n|-fieldstart|move: Grassy Terrain|[from] ability: Grassy Surge|[of] p1a: Rillaboom\n|turn|16\n|\n|t:|1667601099\n|switch|p2a: Slowbro|Slowbro, M, shiny|35\/100\n|-damage|p2a: Slowbro|22\/100|[from] Stealth Rock\n|move|p1a: Rillaboom|U-turn|p2a: Slowbro\n|-supereffective|p2a: Slowbro\n|-damage|p2a: Slowbro|0 fnt\n|faint|p2a: Slowbro\n|\n|t:|1667601102\n|switch|p1a: Stunfisk|Stunfisk, F, shiny|33\/100|[from]move: U-turn\n|-damage|p1a: Stunfisk|27\/100|[from] Stealth Rock\n|\n|-heal|p1a: Stunfisk|33\/100|[from] Grassy Terrain\n|-heal|p1a: Stunfisk|40\/100|[from] item: Leftovers\n|upkeep\n|\n|t:|1667601107\n|switch|p2a: Kartana|Kartana|55\/100\n|-damage|p2a: Kartana|49\/100|[from] Stealth Rock\n|turn|17\n|\n|t:|1667601117\n|move|p2a: Kartana|Knock Off|p1a: Stunfisk\n|-damage|p1a: Stunfisk|0 fnt\n|-enditem|p1a: Stunfisk|Leftovers|[from] move: Knock Off|[of] p2a: Kartana\n|faint|p1a: Stunfisk\n|-ability|p2a: Kartana|Beast Boost|boost\n|-boost|p2a: Kartana|atk|1\n|\n|-heal|p2a: Kartana|55\/100|[from] Grassy Terrain\n|upkeep\n|\n|t:|1667601120\n|switch|p1a: Rillaboom|Rillaboom, F, shiny|82\/100\n|-damage|p1a: Rillaboom|70\/100|[from] Stealth Rock\n|turn|18\n|\n|t:|1667601128\n|move|p2a: Kartana|Knock Off|p1a: Rillaboom\n|-damage|p1a: Rillaboom|0 fnt\n|-enditem|p1a: Rillaboom|Choice Band|[from] move: Knock Off|[of] p2a: Kartana\n|faint|p1a: Rillaboom\n|-ability|p2a: Kartana|Beast Boost|boost\n|-boost|p2a: Kartana|atk|1\n|\n|-heal|p2a: Kartana|61\/100|[from] Grassy Terrain\n|upkeep\n|\n|t:|1667601130\n|switch|p1a: Slowbro|Slowbro-Galar, F|100\/100\n|-damage|p1a: Slowbro|88\/100|[from] Stealth Rock\n|turn|19\n|-activate|p1a: Slowbro|item: Quick Claw\n|\n|t:|1667601133\n|move|p1a: Slowbro|Drain Punch|p2a: Kartana\n|-supereffective|p2a: Kartana\n|-crit|p2a: Kartana\n|-damage|p2a: Kartana|0 fnt\n|-heal|p1a: Slowbro|100\/100|[from] drain|[of] p2a: Kartana\n|faint|p2a: Kartana\n|\n|upkeep\n|\n|t:|1667601147\n|switch|p2a: Tapu Lele|Tapu Lele|56\/100\n|-damage|p2a: Tapu Lele|44\/100|[from] Stealth Rock\n|-fieldstart|move: Psychic Terrain|[from] ability: Psychic Surge|[of] p2a: Tapu Lele\n|turn|20\n|-activate|p1a: Slowbro|item: Quick Claw\n|\n|t:|1667601161\n|move|p1a: Slowbro|Poison Jab|p2a: Tapu Lele\n|-supereffective|p2a: Tapu Lele\n|-damage|p2a: Tapu Lele|0 fnt\n|faint|p2a: Tapu Lele\n|\n|upkeep\n|\n|t:|1667601165\n|switch|p2a: Buzzwole|Buzzwole|100\/100\n|-damage|p2a: Buzzwole|88\/100|[from] Stealth Rock\n|turn|21\n|\n|t:|1667601170\n|move|p2a: Buzzwole|Earthquake|p1a: Slowbro\n|-supereffective|p1a: Slowbro\n|-damage|p1a: Slowbro|38\/100\n|move|p1a: Slowbro|Zen Headbutt|p2a: Buzzwole\n|-supereffective|p2a: Buzzwole\n|-damage|p2a: Buzzwole|22\/100\n|\n|upkeep\n|turn|22\n|-activate|p1a: Slowbro|ability: Quick Draw\n|\n|t:|1667601175\n|move|p1a: Slowbro|Zen Headbutt|p2a: Buzzwole\n|-supereffective|p2a: Buzzwole\n|-damage|p2a: Buzzwole|0 fnt\n|faint|p2a: Buzzwole\n|\n|upkeep\n|\n|t:|1667601177\n|switch|p2a: Landorus|Landorus-Therian, M|94\/100 tox\n|-damage|p2a: Landorus|82\/100 tox|[from] Stealth Rock\n|-ability|p2a: Landorus|Intimidate|boost\n|-unboost|p1a: Slowbro|atk|1\n|turn|23\n|\n|t:|1667601179\n|move|p2a: Landorus|Earthquake|p1a: Slowbro\n|-supereffective|p1a: Slowbro\n|-damage|p1a: Slowbro|0 fnt\n|faint|p1a: Slowbro\n|\n|win|quixana\n|raw|Cattleya1's rating: 1689 &rarr; <strong>1674<\/strong><br \/>(-15 for losing)\n|raw|quixana's rating: 1777 &rarr; <strong>1792<\/strong><br \/>(+15 for winning)\n|l|\u2606Cattleya1\n||Ladder isn't responding, score probably updated but might not have (Request timeout).\n","uploadtime":1667601189,"views":13,"p1id":"cattleya1","p2id":"quixana","formatid":"gen8ou","rating":1674,"private":0,"password":null}