{"id":"gen8ou-1635916239","p1":"Lt92pf addicted","p2":"Lenape","format":"gen8ou","log":"|raw|<div class=\"broadcast-blue\"><strong>This battle is required to be public due to a player having a name starting with 'lt92pf'.<\/div>\n|j|\u2606Lt92pf addicted\n|j|\u2606Lenape\n|t:|1660067099\n|gametype|singles\n|player|p1|Lt92pf addicted|266|1833\n|player|p2|Lenape|1|1821\n|teamsize|p1|6\n|teamsize|p2|6\n|gen|8\n|tier|[Gen 8] OU\n|rated|\n|rule|Sleep Clause Mod: Limit one foe put to sleep\n|rule|Species Clause: Limit one of each Pok\u00e9mon\n|rule|OHKO Clause: OHKO moves are banned\n|rule|Evasion Items Clause: Evasion items are banned\n|rule|Evasion Moves Clause: Evasion moves are banned\n|rule|Endless Battle Clause: Forcing endless battles is banned\n|rule|HP Percentage Mod: HP is shown in percentages\n|rule|Dynamax Clause: You cannot dynamax\n|clearpoke\n|poke|p1|Clefable, F|\n|poke|p1|Rillaboom, F|\n|poke|p1|Gastrodon, M|\n|poke|p1|Kartana|\n|poke|p1|Heatran, F|\n|poke|p1|Zapdos|\n|poke|p2|Rhyperior, F|\n|poke|p2|Toxapex, M|\n|poke|p2|Corviknight, M|\n|poke|p2|Umbreon, F|\n|poke|p2|Sylveon, M|\n|poke|p2|Rotom-Heat|\n|teampreview\n|inactive|Battle timer is ON: inactive players will automatically lose when time's up. (requested by Lenape)\n|\n|t:|1660067127\n|start\n|switch|p1a: Gastrodon|Gastrodon, M|100\/100\n|switch|p2a: Rotom|Rotom-Heat|100\/100\n|turn|1\n|j| die lit carti\n|\n|t:|1660067132\n|switch|p2a: Toxapex|Toxapex, M|100\/100\n|move|p1a: Gastrodon|Protect||[still]\n|-fail|p1a: Gastrodon\n|\n|upkeep\n|turn|2\n|j| Cyberacc\n|j| meme0267\n|\n|t:|1660067136\n|switch|p1a: Clefable|Clefable, F|100\/100\n|switch|p2a: Rotom|Rotom-Heat|100\/100\n|\n|upkeep\n|turn|3\n|j| Misterioussaint\n|j| kind of liked it\n|\n|t:|1660067157\n|switch|p1a: Zapdos|Zapdos|100\/100\n|move|p2a: Rotom|Trick|p1a: Zapdos\n|-activate|p2a: Rotom|move: Trick|[of] p1a: Zapdos\n|-item|p1a: Zapdos|Choice Scarf|[from] move: Trick\n|-item|p2a: Rotom|Heavy-Duty Boots|[from] move: Trick\n|\n|upkeep\n|turn|4\n|j| KFC Chizza\n|l| die lit carti\n|\n|t:|1660067171\n|switch|p1a: Clefable|Clefable, F|100\/100\n|switch|p2a: Rhyperior|Rhyperior, F|100\/100\n|\n|upkeep\n|turn|5\n|j| ivehadenoughshit\n|j| vo1kna12\n|j| Crowv2\n|\n|t:|1660067177\n|move|p1a: Clefable|Stealth Rock|p2a: Rhyperior\n|-sidestart|p2: Lenape|move: Stealth Rock\n|move|p2a: Rhyperior|Heavy Slam|p1a: Clefable\n|-supereffective|p1a: Clefable\n|-damage|p1a: Clefable|42\/100\n|-damage|p2a: Rhyperior|84\/100|[from] item: Rocky Helmet|[of] p1a: Clefable\n|\n|-heal|p2a: Rhyperior|90\/100|[from] item: Leftovers\n|upkeep\n|turn|6\n|\n|t:|1660067182\n|move|p1a: Clefable|Soft-Boiled|p1a: Clefable\n|-heal|p1a: Clefable|92\/100\n|move|p2a: Rhyperior|Stealth Rock|p1a: Clefable\n|-sidestart|p1: Lt92pf addicted|move: Stealth Rock\n|\n|-heal|p2a: Rhyperior|96\/100|[from] item: Leftovers\n|upkeep\n|turn|7\n|\n|t:|1660067185\n|move|p1a: Clefable|Knock Off|p2a: Rhyperior\n|-damage|p2a: Rhyperior|87\/100\n|-enditem|p2a: Rhyperior|Leftovers|[from] move: Knock Off|[of] p1a: Clefable\n|move|p2a: Rhyperior|Heavy Slam|p1a: Clefable\n|-supereffective|p1a: Clefable\n|-damage|p1a: Clefable|32\/100\n|-damage|p2a: Rhyperior|71\/100|[from] item: Rocky Helmet|[of] p1a: Clefable\n|\n|upkeep\n|turn|8\n|j| archedeacon\n|j| LegendaryC26\n|\n|t:|1660067190\n|move|p1a: Clefable|Soft-Boiled|p1a: Clefable\n|-heal|p1a: Clefable|82\/100\n|move|p2a: Rhyperior|Heavy Slam|p1a: Clefable\n|-supereffective|p1a: Clefable\n|-damage|p1a: Clefable|22\/100\n|-damage|p2a: Rhyperior|54\/100|[from] item: Rocky Helmet|[of] p1a: Clefable\n|\n|upkeep\n|turn|9\n|\n|t:|1660067195\n|switch|p1a: Heatran|Heatran, F|100\/100\n|-damage|p1a: Heatran|88\/100|[from] Stealth Rock\n|move|p2a: Rhyperior|Heavy Slam|p1a: Heatran\n|-resisted|p1a: Heatran\n|-damage|p1a: Heatran|85\/100\n|\n|-heal|p1a: Heatran|92\/100|[from] item: Leftovers\n|upkeep\n|turn|10\n|\n|t:|1660067205\n|switch|p1a: Gastrodon|Gastrodon, M|100\/100\n|-damage|p1a: Gastrodon|94\/100|[from] Stealth Rock\n|move|p2a: Rhyperior|Earthquake|p1a: Gastrodon\n|-crit|p1a: Gastrodon\n|-damage|p1a: Gastrodon|24\/100\n|\n|-heal|p1a: Gastrodon|31\/100|[from] item: Leftovers\n|upkeep\n|turn|11\n|\n|t:|1660067210\n|move|p1a: Gastrodon|Protect|p1a: Gastrodon\n|-singleturn|p1a: Gastrodon|Protect\n|move|p2a: Rhyperior|Earthquake|p1a: Gastrodon\n|-activate|p1a: Gastrodon|move: Protect\n|\n|-heal|p1a: Gastrodon|37\/100|[from] item: Leftovers\n|upkeep\n|turn|12\n|\n|t:|1660067216\n|switch|p1a: Rillaboom|Rillaboom, F|100\/100\n|-damage|p1a: Rillaboom|88\/100|[from] Stealth Rock\n|-fieldstart|move: Grassy Terrain|[from] ability: Grassy Surge|[of] p1a: Rillaboom\n|move|p2a: Rhyperior|Earthquake|p1a: Rillaboom\n|-resisted|p1a: Rillaboom\n|-damage|p1a: Rillaboom|78\/100\n|\n|-heal|p1a: Rillaboom|84\/100|[from] Grassy Terrain\n|-heal|p2a: Rhyperior|60\/100|[from] Grassy Terrain\n|upkeep\n|turn|13\n|\n|t:|1660067235\n|switch|p2a: Corviknight|Corviknight, M|100\/100\n|-damage|p2a: Corviknight|88\/100|[from] Stealth Rock\n|-ability|p2a: Corviknight|Pressure\n|move|p1a: Rillaboom|Grassy Glide|p2a: Corviknight\n|-resisted|p2a: Corviknight\n|-damage|p2a: Corviknight|78\/100\n|\n|-heal|p1a: Rillaboom|90\/100|[from] Grassy Terrain\n|-heal|p2a: Corviknight|84\/100|[from] item: Leftovers\n|upkeep\n|turn|14\n|\n|t:|1660067244\n|switch|p1a: Zapdos|Zapdos|100\/100\n|-damage|p1a: Zapdos|76\/100|[from] Stealth Rock\n|move|p2a: Corviknight|Substitute|p2a: Corviknight\n|-start|p2a: Corviknight|Substitute\n|-damage|p2a: Corviknight|59\/100\n|\n|-heal|p2a: Corviknight|66\/100|[from] item: Leftovers\n|upkeep\n|turn|15\n|\n|t:|1660067256\n|switch|p1a: Clefable|Clefable, F|22\/100\n|move|p2a: Corviknight|Substitute|p2a: Corviknight\n|-fail|p2a: Corviknight|move: Substitute\n|\n|-heal|p2a: Corviknight|72\/100|[from] item: Leftovers\n|-heal|p1a: Clefable|28\/100|[from] Grassy Terrain\n|upkeep\n|turn|16\n|\n|t:|1660067264\n|switch|p1a: Zapdos|Zapdos|76\/100\n|-damage|p1a: Zapdos|51\/100|[from] Stealth Rock\n|move|p2a: Corviknight|Brave Bird|p1a: Zapdos\n|-resisted|p1a: Zapdos\n|-damage|p1a: Zapdos|27\/100\n|-status|p2a: Corviknight|par|[from] ability: Static|[of] p1a: Zapdos\n|-damage|p2a: Corviknight|64\/100 par|[from] Recoil\n|\n|-heal|p2a: Corviknight|70\/100 par|[from] item: Leftovers\n|upkeep\n|turn|17\n|\n|t:|1660067269\n|move|p1a: Zapdos|Volt Switch|p2a: Corviknight\n|-supereffective|p2a: Corviknight\n|-end|p2a: Corviknight|Substitute\n|\n|t:|1660067274\n|switch|p1a: Heatran|Heatran, F|92\/100|[from]move: Volt Switch\n|-damage|p1a: Heatran|79\/100|[from] Stealth Rock\n|move|p2a: Corviknight|Bulk Up|p2a: Corviknight\n|-boost|p2a: Corviknight|atk|1\n|-boost|p2a: Corviknight|def|1\n|\n|-heal|p1a: Heatran|85\/100|[from] Grassy Terrain\n|-heal|p1a: Heatran|92\/100|[from] item: Leftovers\n|-heal|p2a: Corviknight|77\/100 par|[from] item: Leftovers\n|upkeep\n|turn|18\n|\n|t:|1660067281\n|switch|p2a: Rhyperior|Rhyperior, F|60\/100\n|-damage|p2a: Rhyperior|54\/100|[from] Stealth Rock\n|move|p1a: Heatran|Magma Storm|p2a: Rhyperior|[miss]\n|-miss|p1a: Heatran|p2a: Rhyperior\n|\n|-heal|p1a: Heatran|98\/100|[from] Grassy Terrain\n|-heal|p1a: Heatran|100\/100|[from] item: Leftovers\n|-heal|p2a: Rhyperior|60\/100|[from] Grassy Terrain\n|upkeep\n|turn|19\n|j| snowwoman\n|\n|t:|1660067299\n|switch|p1a: Rillaboom|Rillaboom, F|90\/100\n|-damage|p1a: Rillaboom|78\/100|[from] Stealth Rock\n|move|p2a: Rhyperior|Earthquake|p1a: Rillaboom\n|-resisted|p1a: Rillaboom\n|-damage|p1a: Rillaboom|68\/100\n|\n|-heal|p1a: Rillaboom|74\/100|[from] Grassy Terrain\n|-heal|p2a: Rhyperior|67\/100|[from] Grassy Terrain\n|-fieldend|move: Grassy Terrain\n|upkeep\n|turn|20\n|l| snowwoman\n|\n|t:|1660067317\n|switch|p2a: Umbreon|Umbreon, F|100\/100\n|-damage|p2a: Umbreon|88\/100|[from] Stealth Rock\n|move|p1a: Rillaboom|Grassy Glide|p2a: Umbreon\n|-crit|p2a: Umbreon\n|-damage|p2a: Umbreon|52\/100\n|\n|-heal|p2a: Umbreon|58\/100|[from] item: Leftovers\n|upkeep\n|turn|21\n|j| rheysali\n|\n|t:|1660067322\n|switch|p1a: Clefable|Clefable, F|28\/100\n|move|p2a: Umbreon|Heal Bell|p2a: Umbreon\n|-activate|p2a: Umbreon|move: Heal Bell\n|-curestatus|p2: Corviknight|par|[msg]\n|\n|-heal|p2a: Umbreon|64\/100|[from] item: Leftovers\n|upkeep\n|turn|22\n|l| ivehadenoughshit\n|\n|t:|1660067330\n|move|p2a: Umbreon|Wish|p2a: Umbreon\n|move|p1a: Clefable|Knock Off|p2a: Umbreon\n|-resisted|p2a: Umbreon\n|-damage|p2a: Umbreon|60\/100\n|-enditem|p2a: Umbreon|Leftovers|[from] move: Knock Off|[of] p1a: Clefable\n|\n|upkeep\n|turn|23\n|\n|t:|1660067334\n|switch|p2a: Rhyperior|Rhyperior, F|67\/100\n|-damage|p2a: Rhyperior|60\/100|[from] Stealth Rock\n|move|p1a: Clefable|Soft-Boiled|p1a: Clefable\n|-heal|p1a: Clefable|78\/100\n|\n|-heal|p2a: Rhyperior|100\/100|[from] move: Wish|[wisher] Umbreon\n|upkeep\n|turn|24\n|\n|t:|1660067338\n|move|p1a: Clefable|Soft-Boiled|p1a: Clefable\n|-heal|p1a: Clefable|100\/100\n|move|p2a: Rhyperior|Heavy Slam|p1a: Clefable\n|-supereffective|p1a: Clefable\n|-damage|p1a: Clefable|46\/100\n|-damage|p2a: Rhyperior|84\/100|[from] item: Rocky Helmet|[of] p1a: Clefable\n|\n|upkeep\n|turn|25\n|\n|t:|1660067344\n|move|p1a: Clefable|Soft-Boiled|p1a: Clefable\n|-heal|p1a: Clefable|96\/100\n|move|p2a: Rhyperior|Heavy Slam|p1a: Clefable\n|-supereffective|p1a: Clefable\n|-damage|p1a: Clefable|37\/100\n|-damage|p2a: Rhyperior|67\/100|[from] item: Rocky Helmet|[of] p1a: Clefable\n|\n|upkeep\n|turn|26\n|\n|t:|1660067353\n|switch|p1a: Kartana|Kartana|100\/100\n|-damage|p1a: Kartana|94\/100|[from] Stealth Rock\n|move|p2a: Rhyperior|Heavy Slam|p1a: Kartana\n|-resisted|p1a: Kartana\n|-damage|p1a: Kartana|74\/100\n|\n|upkeep\n|turn|27\n|\n|t:|1660067361\n|switch|p2a: Rotom|Rotom-Heat|100\/100\n|move|p1a: Kartana|Leaf Blade|p2a: Rotom\n|-resisted|p2a: Rotom\n|-damage|p2a: Rotom|70\/100\n|\n|upkeep\n|turn|28\n|\n|t:|1660067377\n|switch|p1a: Heatran|Heatran, F|100\/100\n|-damage|p1a: Heatran|88\/100|[from] Stealth Rock\n|move|p2a: Rotom|Defog|p1a: Heatran\n|-unboost|p1a: Heatran|evasion|1\n|-sideend|p1: Lt92pf addicted|Stealth Rock|[from] move: Defog|[of] p2a: Rotom\n|-sideend|p2: Lenape|Stealth Rock|[from] move: Defog|[of] p2a: Rotom\n|\n|-heal|p1a: Heatran|94\/100|[from] item: Leftovers\n|upkeep\n|turn|29\n|\n|t:|1660067385\n|move|p2a: Rotom|Discharge|p1a: Heatran\n|-damage|p1a: Heatran|76\/100\n|move|p1a: Heatran|Magma Storm|p2a: Rotom\n|-resisted|p2a: Rotom\n|-damage|p2a: Rotom|51\/100\n|-activate|p2a: Rotom|move: Magma Storm|[of] p1a: Heatran\n|\n|-heal|p1a: Heatran|82\/100|[from] item: Leftovers\n|-damage|p2a: Rotom|39\/100|[from] move: Magma Storm|[partiallytrapped]\n|upkeep\n|turn|30\n|\n|t:|1660067390\n|move|p1a: Heatran|Protect|p1a: Heatran\n|-singleturn|p1a: Heatran|Protect\n|move|p2a: Rotom|Discharge|p1a: Heatran\n|-activate|p1a: Heatran|move: Protect\n|\n|-heal|p1a: Heatran|88\/100|[from] item: Leftovers\n|-damage|p2a: Rotom|26\/100|[from] move: Magma Storm|[partiallytrapped]\n|upkeep\n|turn|31\n|\n|t:|1660067404\n|move|p2a: Rotom|Trick|p1a: Heatran\n|-activate|p2a: Rotom|move: Trick|[of] p1a: Heatran\n|-item|p1a: Heatran|Heavy-Duty Boots|[from] move: Trick\n|-item|p2a: Rotom|Leftovers|[from] move: Trick\n|move|p1a: Heatran|Toxic|p2a: Rotom\n|-status|p2a: Rotom|tox\n|\n|-heal|p2a: Rotom|32\/100 tox|[from] item: Leftovers\n|-damage|p2a: Rotom|26\/100 tox|[from] psn\n|-damage|p2a: Rotom|14\/100 tox|[from] move: Magma Storm|[partiallytrapped]\n|upkeep\n|turn|32\n|\n|t:|1660067413\n|move|p1a: Heatran|Protect|p1a: Heatran\n|-singleturn|p1a: Heatran|Protect\n|move|p2a: Rotom|Discharge|p1a: Heatran\n|-activate|p1a: Heatran|move: Protect\n|\n|-heal|p2a: Rotom|20\/100 tox|[from] item: Leftovers\n|-damage|p2a: Rotom|7\/100 tox|[from] psn\n|-damage|p2a: Rotom|0 fnt|[from] move: Magma Storm|[partiallytrapped]\n|faint|p2a: Rotom\n|upkeep\n|\n|t:|1660067414\n|switch|p2a: Rhyperior|Rhyperior, F|67\/100\n|turn|33\n|\n|t:|1660067421\n|switch|p1a: Zapdos|Zapdos|27\/100\n|move|p2a: Rhyperior|Stealth Rock|p1a: Zapdos\n|-sidestart|p1: Lt92pf addicted|move: Stealth Rock\n|\n|upkeep\n|turn|34\n|\n|t:|1660067425\n|move|p1a: Zapdos|Defog|p2a: Rhyperior\n|-unboost|p2a: Rhyperior|evasion|1\n|-sideend|p1: Lt92pf addicted|Stealth Rock|[from] move: Defog|[of] p1a: Zapdos\n|move|p2a: Rhyperior|Rock Blast|p1a: Zapdos\n|-supereffective|p1a: Zapdos\n|-damage|p1a: Zapdos|5\/100\n|-supereffective|p1a: Zapdos\n|-damage|p1a: Zapdos|0 fnt\n|faint|p1a: Zapdos\n|-hitcount|p1: Zapdos|2\n|\n|upkeep\n|\n|t:|1660067434\n|switch|p1a: Rillaboom|Rillaboom, F|74\/100\n|-fieldstart|move: Grassy Terrain|[from] ability: Grassy Surge|[of] p1a: Rillaboom\n|turn|35\n|\n|t:|1660067439\n|switch|p2a: Toxapex|Toxapex, M|100\/100\n|move|p1a: Rillaboom|Swords Dance|p1a: Rillaboom\n|-boost|p1a: Rillaboom|atk|2\n|\n|-heal|p1a: Rillaboom|81\/100|[from] Grassy Terrain\n|upkeep\n|turn|36\n|\n|t:|1660067447\n|switch|p1a: Clefable|Clefable, F|37\/100\n|move|p2a: Toxapex|Toxic|p1a: Clefable\n|-status|p1a: Clefable|tox\n|\n|-heal|p1a: Clefable|43\/100 tox|[from] Grassy Terrain\n|upkeep\n|turn|37\n|\n|t:|1660067451\n|switch|p2a: Rhyperior|Rhyperior, F|67\/100\n|move|p1a: Clefable|Stealth Rock|p2a: Rhyperior\n|-sidestart|p2: Lenape|move: Stealth Rock\n|\n|-heal|p1a: Clefable|49\/100 tox|[from] Grassy Terrain\n|-heal|p2a: Rhyperior|74\/100|[from] Grassy Terrain\n|upkeep\n|turn|38\n|\n|t:|1660067455\n|move|p1a: Clefable|Soft-Boiled|p1a: Clefable\n|-heal|p1a: Clefable|99\/100 tox\n|move|p2a: Rhyperior|Stealth Rock|p1a: Clefable\n|-sidestart|p1: Lt92pf addicted|move: Stealth Rock\n|\n|-heal|p1a: Clefable|100\/100 tox|[from] Grassy Terrain\n|-heal|p2a: Rhyperior|80\/100|[from] Grassy Terrain\n|upkeep\n|turn|39\n|\n|t:|1660067457\n|move|p1a: Clefable|Moonblast|p2a: Rhyperior\n|-damage|p2a: Rhyperior|52\/100\n|move|p2a: Rhyperior|Heavy Slam|p1a: Clefable\n|-supereffective|p1a: Clefable\n|-damage|p1a: Clefable|44\/100 tox\n|-damage|p2a: Rhyperior|36\/100|[from] item: Rocky Helmet|[of] p1a: Clefable\n|\n|-heal|p1a: Clefable|50\/100 tox|[from] Grassy Terrain\n|-heal|p2a: Rhyperior|42\/100|[from] Grassy Terrain\n|upkeep\n|turn|40\n|\n|t:|1660067461\n|move|p1a: Clefable|Soft-Boiled|p1a: Clefable\n|-heal|p1a: Clefable|99\/100 tox\n|move|p2a: Rhyperior|Heavy Slam|p1a: Clefable\n|-supereffective|p1a: Clefable\n|-damage|p1a: Clefable|44\/100 tox\n|-damage|p2a: Rhyperior|25\/100|[from] item: Rocky Helmet|[of] p1a: Clefable\n|\n|-heal|p1a: Clefable|50\/100 tox|[from] Grassy Terrain\n|-heal|p2a: Rhyperior|31\/100|[from] Grassy Terrain\n|upkeep\n|turn|41\n|\n|t:|1660067469\n|move|p1a: Clefable|Soft-Boiled|p1a: Clefable\n|-heal|p1a: Clefable|100\/100 tox\n|move|p2a: Rhyperior|Heavy Slam|p1a: Clefable\n|-supereffective|p1a: Clefable\n|-damage|p1a: Clefable|41\/100 tox\n|-damage|p2a: Rhyperior|15\/100|[from] item: Rocky Helmet|[of] p1a: Clefable\n|\n|-heal|p1a: Clefable|47\/100 tox|[from] Grassy Terrain\n|-heal|p2a: Rhyperior|21\/100|[from] Grassy Terrain\n|upkeep\n|turn|42\n|\n|t:|1660067472\n|move|p1a: Clefable|Soft-Boiled|p1a: Clefable\n|-heal|p1a: Clefable|97\/100 tox\n|move|p2a: Rhyperior|Heavy Slam|p1a: Clefable\n|-supereffective|p1a: Clefable\n|-damage|p1a: Clefable|37\/100 tox\n|-damage|p2a: Rhyperior|4\/100|[from] item: Rocky Helmet|[of] p1a: Clefable\n|\n|-heal|p1a: Clefable|43\/100 tox|[from] Grassy Terrain\n|-heal|p2a: Rhyperior|11\/100|[from] Grassy Terrain\n|-fieldend|move: Grassy Terrain\n|upkeep\n|turn|43\n|\n|t:|1660067489\n|switch|p1a: Gastrodon|Gastrodon, M|37\/100\n|-damage|p1a: Gastrodon|31\/100|[from] Stealth Rock\n|move|p2a: Rhyperior|Heavy Slam|p1a: Gastrodon\n|-resisted|p1a: Gastrodon\n|-damage|p1a: Gastrodon|13\/100\n|\n|-heal|p1a: Gastrodon|19\/100|[from] item: Leftovers\n|upkeep\n|turn|44\n|\n|t:|1660067491\n|move|p2a: Rhyperior|Earthquake|p1a: Gastrodon\n|-damage|p1a: Gastrodon|0 fnt\n|faint|p1a: Gastrodon\n|\n|upkeep\n|j| RNN YasuKe\n|inactive|Lt92pf addicted has 120 seconds left.\n|l| Cyberacc\n|\n|t:|1660067533\n|switch|p1a: Rillaboom|Rillaboom, F|81\/100\n|-damage|p1a: Rillaboom|68\/100|[from] Stealth Rock\n|-fieldstart|move: Grassy Terrain|[from] ability: Grassy Surge|[of] p1a: Rillaboom\n|turn|45\n|\n|t:|1660067538\n|switch|p2a: Toxapex|Toxapex, M|100\/100\n|-damage|p2a: Toxapex|88\/100|[from] Stealth Rock\n|move|p1a: Rillaboom|Swords Dance|p1a: Rillaboom\n|-boost|p1a: Rillaboom|atk|2\n|\n|-heal|p1a: Rillaboom|74\/100|[from] Grassy Terrain\n|-heal|p2a: Toxapex|94\/100|[from] Grassy Terrain\n|-heal|p2a: Toxapex|100\/100|[from] item: Black Sludge\n|upkeep\n|turn|46\n|inactive|Lt92pf addicted has 120 seconds left.\n|\n|t:|1660067561\n|switch|p1a: Clefable|Clefable, F|43\/100 tox\n|move|p2a: Toxapex|Toxic|p1a: Clefable\n|-fail|p1a: Clefable|tox\n|\n|-heal|p1a: Clefable|49\/100 tox|[from] Grassy Terrain\n|upkeep\n|turn|47\n|\n|t:|1660067572\n|switch|p2a: Rhyperior|Rhyperior, F|11\/100\n|-damage|p2a: Rhyperior|4\/100|[from] Stealth Rock\n|move|p1a: Clefable|Knock Off|p2a: Rhyperior\n|-damage|p2a: Rhyperior|0 fnt\n|faint|p2a: Rhyperior\n|\n|-heal|p1a: Clefable|56\/100 tox|[from] Grassy Terrain\n|upkeep\n|\n|t:|1660067575\n|switch|p2a: Corviknight|Corviknight, M|77\/100\n|-damage|p2a: Corviknight|64\/100|[from] Stealth Rock\n|-ability|p2a: Corviknight|Pressure\n|turn|48\n|inactive|Lt92pf addicted has 120 seconds left.\n|\n|t:|1660067583\n|switch|p1a: Rillaboom|Rillaboom, F|74\/100\n|-damage|p1a: Rillaboom|62\/100|[from] Stealth Rock\n|move|p2a: Corviknight|Substitute|p2a: Corviknight\n|-start|p2a: Corviknight|Substitute\n|-damage|p2a: Corviknight|39\/100\n|\n|-heal|p1a: Rillaboom|68\/100|[from] Grassy Terrain\n|-heal|p2a: Corviknight|45\/100|[from] item: Leftovers\n|upkeep\n|turn|49\n|\n|t:|1660067592\n|move|p1a: Rillaboom|Superpower|p2a: Corviknight\n|-end|p2a: Corviknight|Substitute\n|-unboost|p1a: Rillaboom|atk|1\n|-unboost|p1a: Rillaboom|def|1\n|move|p2a: Corviknight|Roost|p2a: Corviknight\n|-heal|p2a: Corviknight|95\/100\n|-singleturn|p2a: Corviknight|move: Roost\n|\n|-heal|p1a: Rillaboom|74\/100|[from] Grassy Terrain\n|-heal|p2a: Corviknight|100\/100|[from] Grassy Terrain\n|upkeep\n|turn|50\n|\n|t:|1660067596\n|move|p1a: Rillaboom|Swords Dance|p1a: Rillaboom\n|-boost|p1a: Rillaboom|atk|2\n|move|p2a: Corviknight|Substitute|p2a: Corviknight\n|-start|p2a: Corviknight|Substitute\n|-damage|p2a: Corviknight|75\/100\n|\n|-heal|p1a: Rillaboom|81\/100|[from] Grassy Terrain\n|-heal|p2a: Corviknight|82\/100|[from] item: Leftovers\n|upkeep\n|turn|51\n|\n|t:|1660067600\n|move|p1a: Rillaboom|Swords Dance|p1a: Rillaboom\n|-boost|p1a: Rillaboom|atk|2\n|move|p2a: Corviknight|Bulk Up|p2a: Corviknight\n|-boost|p2a: Corviknight|atk|1\n|-boost|p2a: Corviknight|def|1\n|\n|-heal|p1a: Rillaboom|87\/100|[from] Grassy Terrain\n|-heal|p2a: Corviknight|88\/100|[from] item: Leftovers\n|upkeep\n|turn|52\n|\n|t:|1660067609\n|move|p1a: Rillaboom|Superpower|p2a: Corviknight\n|-end|p2a: Corviknight|Substitute\n|-unboost|p1a: Rillaboom|atk|1\n|-unboost|p1a: Rillaboom|def|1\n|move|p2a: Corviknight|Bulk Up|p2a: Corviknight\n|-boost|p2a: Corviknight|atk|1\n|-boost|p2a: Corviknight|def|1\n|\n|-heal|p1a: Rillaboom|93\/100|[from] Grassy Terrain\n|-heal|p2a: Corviknight|94\/100|[from] item: Leftovers\n|-fieldend|move: Grassy Terrain\n|upkeep\n|turn|53\n|\n|t:|1660067622\n|move|p1a: Rillaboom|Swords Dance|p1a: Rillaboom\n|-boost|p1a: Rillaboom|atk|2\n|move|p2a: Corviknight|Roost|p2a: Corviknight\n|-heal|p2a: Corviknight|100\/100\n|-singleturn|p2a: Corviknight|move: Roost\n|\n|upkeep\n|turn|54\n|\n|t:|1660067629\n|move|p1a: Rillaboom|Swords Dance|p1a: Rillaboom\n|-boost|p1a: Rillaboom|atk|2\n|move|p2a: Corviknight|Brave Bird|p1a: Rillaboom\n|-supereffective|p1a: Rillaboom\n|-damage|p1a: Rillaboom|0 fnt\n|faint|p1a: Rillaboom\n|-damage|p2a: Corviknight|70\/100|[from] Recoil\n|\n|-heal|p2a: Corviknight|76\/100|[from] item: Leftovers\n|upkeep\n|c| Crowv2|dude....\n|c|\u2606Lenape|You were over predicting\n|c|\u2606Lenape|You made that clear\n|inactive|Lt92pf addicted has 120 seconds left.\n|c|\u2606Lenape|Next time don't tellegraph your moves\n|\n|t:|1660067669\n|switch|p1a: Heatran|Heatran, F|88\/100\n|turn|55\n|\n|t:|1660067673\n|switch|p2a: Toxapex|Toxapex, M|100\/100\n|-damage|p2a: Toxapex|88\/100|[from] Stealth Rock\n|move|p1a: Heatran|Magma Storm|p2a: Toxapex\n|-resisted|p2a: Toxapex\n|-damage|p2a: Toxapex|71\/100\n|-activate|p2a: Toxapex|move: Magma Storm|[of] p1a: Heatran\n|\n|-heal|p2a: Toxapex|77\/100|[from] item: Black Sludge\n|-damage|p2a: Toxapex|64\/100|[from] move: Magma Storm|[partiallytrapped]\n|upkeep\n|turn|56\n|\n|t:|1660067679\n|move|p1a: Heatran|Earth Power|p2a: Toxapex\n|-supereffective|p2a: Toxapex\n|-damage|p2a: Toxapex|18\/100\n|move|p2a: Toxapex|Scald|p1a: Heatran\n|-supereffective|p1a: Heatran\n|-damage|p1a: Heatran|65\/100\n|\n|-heal|p2a: Toxapex|25\/100|[from] item: Black Sludge\n|-damage|p2a: Toxapex|12\/100|[from] move: Magma Storm|[partiallytrapped]\n|upkeep\n|turn|57\n|c|\u2606Lt92pf addicted|aight\n|\n|t:|1660067693\n|move|p1a: Heatran|Earth Power|p2a: Toxapex\n|-supereffective|p2a: Toxapex\n|-damage|p2a: Toxapex|0 fnt\n|faint|p2a: Toxapex\n|\n|upkeep\n|c| Crowv2|i think u choke :\/\n|\n|t:|1660067697\n|switch|p2a: Umbreon|Umbreon, F|60\/100\n|-damage|p2a: Umbreon|47\/100|[from] Stealth Rock\n|turn|58\n|c|\u2606Lenape|MMM idk\n|c| LegendaryC26|dude why is it trick boots\n|\n|t:|1660067716\n|switch|p1a: Clefable|Clefable, F|56\/100 tox\n|move|p2a: Umbreon|Protect||[still]\n|-fail|p2a: Umbreon\n|\n|upkeep\n|turn|59\n|c| LegendaryC26|oh wait nvm\n|\n|t:|1660067722\n|move|p2a: Umbreon|Wish|p2a: Umbreon\n|move|p1a: Clefable|Moonblast|p2a: Umbreon\n|-supereffective|p2a: Umbreon\n|-damage|p2a: Umbreon|6\/100\n|\n|upkeep\n|turn|60\n|\n|t:|1660067727\n|move|p2a: Umbreon|Protect|p2a: Umbreon\n|-singleturn|p2a: Umbreon|Protect\n|move|p1a: Clefable|Knock Off|p2a: Umbreon\n|-activate|p2a: Umbreon|move: Protect\n|\n|-heal|p2a: Umbreon|56\/100|[from] move: Wish|[wisher] Umbreon\n|upkeep\n|turn|61\n|\n|t:|1660067730\n|move|p2a: Umbreon|Wish|p2a: Umbreon\n|move|p1a: Clefable|Soft-Boiled|p1a: Clefable\n|-heal|p1a: Clefable|100\/100 tox\n|\n|upkeep\n|turn|62\n|\n|t:|1660067737\n|move|p2a: Umbreon|Protect|p2a: Umbreon\n|-singleturn|p2a: Umbreon|Protect\n|move|p1a: Clefable|Moonblast|p2a: Umbreon\n|-activate|p2a: Umbreon|move: Protect\n|\n|-heal|p2a: Umbreon|100\/100|[from] move: Wish|[wisher] Umbreon\n|upkeep\n|turn|63\n|\n|t:|1660067741\n|move|p2a: Umbreon|Wish|p2a: Umbreon\n|move|p1a: Clefable|Knock Off|p2a: Umbreon\n|-resisted|p2a: Umbreon\n|-damage|p2a: Umbreon|98\/100\n|\n|upkeep\n|turn|64\n|\n|t:|1660067746\n|switch|p2a: Corviknight|Corviknight, M|76\/100\n|-damage|p2a: Corviknight|64\/100|[from] Stealth Rock\n|-ability|p2a: Corviknight|Pressure\n|move|p1a: Clefable|Knock Off|p2a: Corviknight\n|-damage|p2a: Corviknight|52\/100\n|-enditem|p2a: Corviknight|Leftovers|[from] move: Knock Off|[of] p1a: Clefable\n|\n|-heal|p2a: Corviknight|100\/100|[from] move: Wish|[wisher] Umbreon\n|upkeep\n|turn|65\n|\n|t:|1660067754\n|switch|p1a: Heatran|Heatran, F|65\/100\n|move|p2a: Corviknight|Substitute|p2a: Corviknight\n|-start|p2a: Corviknight|Substitute\n|-damage|p2a: Corviknight|75\/100\n|\n|upkeep\n|turn|66\n|\n|t:|1660067760\n|move|p1a: Heatran|Earth Power|p2a: Corviknight\n|-immune|p2a: Corviknight\n|move|p2a: Corviknight|Substitute|p2a: Corviknight\n|-fail|p2a: Corviknight|move: Substitute\n|\n|upkeep\n|turn|67\n|\n|t:|1660067765\n|move|p1a: Heatran|Earth Power|p2a: Corviknight\n|-immune|p2a: Corviknight\n|move|p2a: Corviknight|Substitute|p2a: Corviknight\n|-fail|p2a: Corviknight|move: Substitute\n|\n|upkeep\n|turn|68\n|l| Misterioussaint\n|\n|t:|1660067768\n|move|p1a: Heatran|Toxic||[still]\n|-fail|p1a: Heatran\n|move|p2a: Corviknight|Substitute|p2a: Corviknight\n|-fail|p2a: Corviknight|move: Substitute\n|\n|upkeep\n|turn|69\n|\n|t:|1660067772\n|move|p1a: Heatran|Magma Storm|p2a: Corviknight\n|-supereffective|p2a: Corviknight\n|-end|p2a: Corviknight|Substitute\n|move|p2a: Corviknight|Substitute|p2a: Corviknight\n|-start|p2a: Corviknight|Substitute\n|-damage|p2a: Corviknight|50\/100\n|\n|upkeep\n|turn|70\n|\n|t:|1660067777\n|move|p1a: Heatran|Toxic||[still]\n|-fail|p1a: Heatran\n|move|p2a: Corviknight|Roost|p2a: Corviknight\n|-heal|p2a: Corviknight|100\/100\n|-singleturn|p2a: Corviknight|move: Roost\n|\n|upkeep\n|turn|71\n|\n|t:|1660067781\n|move|p1a: Heatran|Toxic||[still]\n|-fail|p1a: Heatran\n|move|p2a: Corviknight|Substitute|p2a: Corviknight\n|-fail|p2a: Corviknight|move: Substitute\n|\n|upkeep\n|turn|72\n|\n|t:|1660067783\n|move|p1a: Heatran|Toxic||[still]\n|-fail|p1a: Heatran\n|move|p2a: Corviknight|Bulk Up|p2a: Corviknight\n|-boost|p2a: Corviknight|atk|1\n|-boost|p2a: Corviknight|def|1\n|\n|upkeep\n|turn|73\n|\n|t:|1660067793\n|move|p1a: Heatran|Protect|p1a: Heatran\n|-singleturn|p1a: Heatran|Protect\n|move|p2a: Corviknight|Substitute|p2a: Corviknight\n|-fail|p2a: Corviknight|move: Substitute\n|\n|upkeep\n|turn|74\n|l| rheysali\n|\n|t:|1660067798\n|move|p1a: Heatran|Toxic||[still]\n|-fail|p1a: Heatran\n|move|p2a: Corviknight|Substitute|p2a: Corviknight\n|-fail|p2a: Corviknight|move: Substitute\n|\n|upkeep\n|turn|75\n|\n|t:|1660067801\n|move|p1a: Heatran|Toxic||[still]\n|-fail|p1a: Heatran\n|move|p2a: Corviknight|Bulk Up|p2a: Corviknight\n|-boost|p2a: Corviknight|atk|1\n|-boost|p2a: Corviknight|def|1\n|\n|upkeep\n|turn|76\n|l| meme0267\n|\n|t:|1660067805\n|move|p1a: Heatran|Toxic||[still]\n|-fail|p1a: Heatran\n|move|p2a: Corviknight|Brave Bird|p1a: Heatran\n|-resisted|p1a: Heatran\n|-damage|p1a: Heatran|25\/100\n|-damage|p2a: Corviknight|88\/100|[from] Recoil\n|\n|upkeep\n|turn|77\n|\n|t:|1660067810\n|move|p1a: Heatran|Magma Storm|p2a: Corviknight|[miss]\n|-miss|p1a: Heatran|p2a: Corviknight\n|move|p2a: Corviknight|Brave Bird|p1a: Heatran\n|-resisted|p1a: Heatran\n|-damage|p1a: Heatran|0 fnt\n|faint|p1a: Heatran\n|-damage|p2a: Corviknight|80\/100|[from] Recoil\n|\n|upkeep\n|\n|t:|1660067814\n|switch|p1a: Kartana|Kartana|74\/100\n|-damage|p1a: Kartana|68\/100|[from] Stealth Rock\n|turn|78\n|\n|t:|1660067816\n|move|p1a: Kartana|Sacred Sword|p2a: Corviknight\n|-end|p2a: Corviknight|Substitute\n|move|p2a: Corviknight|Brave Bird|p1a: Kartana\n|-damage|p1a: Kartana|0 fnt\n|faint|p1a: Kartana\n|-damage|p2a: Corviknight|65\/100|[from] Recoil\n|\n|upkeep\n|j| storm zone\n|c| Crowv2|pff\n|c|\u2606Lt92pf addicted|gg\n|-message|Lt92pf addicted forfeited.\n|\n|win|Lenape\n|raw|Lt92pf addicted's rating: 1846 &rarr; <strong>1825<\/strong><br \/>(-21 for losing)\n|raw|Lenape's rating: 1821 &rarr; <strong>1842<\/strong><br \/>(+21 for winning)\n|c|\u2606Lenape|gg\n|l| KFC Chizza\n|l| kind of liked it\n|l| RNN YasuKe\n|c| Crowv2|crows are powerful\n||Ladder isn't responding, score probably updated but might not have (Request timeout).\n","uploadtime":1660067866,"views":84,"p1id":"lt92pfaddicted","p2id":"lenape","formatid":"gen8ou","rating":1825,"private":0,"password":null}