{"id":"gen8ubers-1638739187","p1":"tesla roadster","p2":"meseteallo","format":"gen8ubers","log":"|j|\u2606tesla roadster\n|j|\u2606meseteallo\n|t:|1660392783\n|gametype|singles\n|player|p1|tesla roadster|169|1528\n|player|p2|meseteallo|hilda-wonderlauncher|1529\n|teamsize|p1|6\n|teamsize|p2|6\n|gen|8\n|tier|[Gen 8] Ubers\n|rated|\n|rule|Sleep Clause Mod: Limit one foe put to sleep\n|rule|Species Clause: Limit one of each Pok\u00e9mon\n|rule|OHKO Clause: OHKO moves are banned\n|rule|Evasion Items Clause: Evasion items are banned\n|rule|Evasion Moves Clause: Evasion moves are banned\n|rule|Endless Battle Clause: Forcing endless battles is banned\n|rule|HP Percentage Mod: HP is shown in percentages\n|rule|Dynamax Clause: You cannot dynamax\n|clearpoke\n|poke|p1|Dracovish|\n|poke|p1|Kyogre|\n|poke|p1|Magearna|\n|poke|p1|Porygon2|\n|poke|p1|Cresselia, F|\n|poke|p1|Hatterene, F|\n|poke|p2|Necrozma-Dusk-Mane|\n|poke|p2|Zygarde|\n|poke|p2|Zekrom|\n|poke|p2|Kyogre|\n|poke|p2|Xerneas-*|\n|poke|p2|Yveltal|\n|teampreview\n|\n|t:|1660392795\n|start\n|switch|p1a: Hatterene|Hatterene, F|100\/100\n|switch|p2a: Beerus|Yveltal|100\/100\n|-ability|p2a: Beerus|Dark Aura\n|turn|1\n|inactive|Battle timer is ON: inactive players will automatically lose when time's up. (requested by tesla roadster)\n|inactive|meseteallo has 120 seconds left.\n|inactive|meseteallo has 90 seconds left.\n|\n|t:|1660392866\n|move|p2a: Beerus|Dark Pulse|p1a: Hatterene\n|-damage|p1a: Hatterene|24\/100\n|-damage|p2a: Beerus|91\/100|[from] item: Life Orb\n|move|p1a: Hatterene|Trick Room|p1a: Hatterene\n|-fieldstart|move: Trick Room|[of] p1a: Hatterene\n|\n|upkeep\n|turn|2\n|\n|t:|1660392875\n|move|p2a: Beerus|Sucker Punch||[still]\n|-fail|p2a: Beerus\n|move|p1a: Hatterene|Healing Wish|p1a: Hatterene\n|faint|p1a: Hatterene\n|\n|upkeep\n|\n|t:|1660392880\n|switch|p1a: Dracovish|Dracovish|100\/100\n|turn|3\n|\n|t:|1660392887\n|move|p2a: Beerus|Sucker Punch|p1a: Dracovish\n|-damage|p1a: Dracovish|51\/100\n|-damage|p2a: Beerus|81\/100|[from] item: Life Orb\n|move|p1a: Dracovish|Fishious Rend|p2a: Beerus\n|-damage|p2a: Beerus|0 fnt\n|faint|p2a: Beerus\n|\n|upkeep\n|\n|t:|1660392892\n|switch|p2a: Thor|Zekrom|100\/100\n|-ability|p2a: Thor|Teravolt\n|turn|4\n|\n|t:|1660392905\n|switch|p1a: Porygon2|Porygon2|100\/100\n|-ability|p1a: Porygon2|Teravolt|[from] ability: Trace|[of] p2a: Thor\n|-ability|p1a: Porygon2|Teravolt\n|move|p2a: Thor|Substitute|p2a: Thor\n|-start|p2a: Thor|Substitute\n|-damage|p2a: Thor|76\/100\n|\n|-heal|p2a: Thor|82\/100|[from] item: Leftovers\n|upkeep\n|turn|5\n|inactive|tesla roadster has 120 seconds left.\n|inactive|tesla roadster has 90 seconds left.\n|\n|t:|1660392966\n|move|p1a: Porygon2|Reflect|p1a: Porygon2\n|-sidestart|p1: tesla roadster|Reflect\n|move|p2a: Thor|Dragon Dance|p2a: Thor\n|-boost|p2a: Thor|atk|1\n|-boost|p2a: Thor|spe|1\n|\n|-heal|p2a: Thor|88\/100|[from] item: Leftovers\n|-fieldend|move: Trick Room\n|upkeep\n|turn|6\n|\n|t:|1660392972\n|move|p2a: Thor|Bolt Strike|p1a: Porygon2\n|-damage|p1a: Porygon2|75\/100\n|-status|p1a: Porygon2|par\n|cant|p1a: Porygon2|par\n|\n|-heal|p2a: Thor|94\/100|[from] item: Leftovers\n|upkeep\n|turn|7\n|\n|t:|1660392981\n|move|p2a: Thor|Dragon Dance|p2a: Thor\n|-boost|p2a: Thor|atk|1\n|-boost|p2a: Thor|spe|1\n|cant|p1a: Porygon2|par\n|\n|-heal|p2a: Thor|99\/100|[from] item: Leftovers\n|upkeep\n|turn|8\n|\n|t:|1660392986\n|move|p2a: Thor|Bolt Strike|p1a: Porygon2\n|-damage|p1a: Porygon2|41\/100 par\n|move|p1a: Porygon2|Foul Play|p2a: Thor\n|-end|p2a: Thor|Substitute\n|\n|-heal|p2a: Thor|100\/100|[from] item: Leftovers\n|upkeep\n|turn|9\n|inactive|tesla roadster has 120 seconds left.\n|inactive|tesla roadster has 90 seconds left.\n|\n|t:|1660393028\n|move|p2a: Thor|Substitute|p2a: Thor\n|-start|p2a: Thor|Substitute\n|-damage|p2a: Thor|76\/100\n|move|p1a: Porygon2|Trick Room|p1a: Porygon2\n|-fieldstart|move: Trick Room|[of] p1a: Porygon2\n|\n|-heal|p2a: Thor|82\/100|[from] item: Leftovers\n|-sideend|p1: tesla roadster|Reflect\n|upkeep\n|turn|10\n|inactive|tesla roadster has 90 seconds left.\n|\n|t:|1660393046\n|move|p1a: Porygon2|Foul Play|p2a: Thor\n|-end|p2a: Thor|Substitute\n|move|p2a: Thor|Substitute|p2a: Thor\n|-start|p2a: Thor|Substitute\n|-damage|p2a: Thor|57\/100\n|\n|-heal|p2a: Thor|63\/100|[from] item: Leftovers\n|upkeep\n|turn|11\n|\n|t:|1660393050\n|move|p1a: Porygon2|Foul Play|p2a: Thor\n|-end|p2a: Thor|Substitute\n|move|p2a: Thor|Substitute|p2a: Thor\n|-start|p2a: Thor|Substitute\n|-damage|p2a: Thor|38\/100\n|\n|-heal|p2a: Thor|44\/100|[from] item: Leftovers\n|upkeep\n|turn|12\n|\n|t:|1660393053\n|move|p1a: Porygon2|Foul Play|p2a: Thor\n|-end|p2a: Thor|Substitute\n|move|p2a: Thor|Substitute|p2a: Thor\n|-start|p2a: Thor|Substitute\n|-damage|p2a: Thor|19\/100\n|\n|-heal|p2a: Thor|25\/100|[from] item: Leftovers\n|upkeep\n|turn|13\n|\n|t:|1660393057\n|move|p1a: Porygon2|Reflect|p1a: Porygon2\n|-sidestart|p1: tesla roadster|Reflect\n|move|p2a: Thor|Bolt Strike|p1a: Porygon2\n|-damage|p1a: Porygon2|4\/100 par\n|\n|-heal|p2a: Thor|32\/100|[from] item: Leftovers\n|-fieldend|move: Trick Room\n|upkeep\n|turn|14\n|\n|t:|1660393066\n|move|p2a: Thor|Bolt Strike|p1a: Porygon2\n|-damage|p1a: Porygon2|0 fnt\n|faint|p1a: Porygon2\n|\n|-heal|p2a: Thor|38\/100|[from] item: Leftovers\n|upkeep\n|\n|t:|1660393073\n|switch|p1a: Cresselia|Cresselia, F|100\/100\n|turn|15\n|\n|t:|1660393077\n|move|p2a: Thor|Bolt Strike|p1a: Cresselia\n|-damage|p1a: Cresselia|63\/100\n|-status|p1a: Cresselia|par\n|cant|p1a: Cresselia|par\n|\n|-heal|p2a: Thor|44\/100|[from] item: Leftovers\n|upkeep\n|turn|16\n|inactive|tesla roadster has 120 seconds left.\n|\n|t:|1660393104\n|move|p2a: Thor|Dragon Dance|p2a: Thor\n|-boost|p2a: Thor|atk|1\n|-boost|p2a: Thor|spe|1\n|move|p1a: Cresselia|Trick Room|p1a: Cresselia\n|-fieldstart|move: Trick Room|[of] p1a: Cresselia\n|\n|-heal|p2a: Thor|50\/100|[from] item: Leftovers\n|upkeep\n|turn|17\n|\n|t:|1660393123\n|move|p1a: Cresselia|Psychic|p2a: Thor\n|-end|p2a: Thor|Substitute\n|move|p2a: Thor|Bolt Strike|p1a: Cresselia\n|-damage|p1a: Cresselia|21\/100 par\n|\n|-heal|p2a: Thor|56\/100|[from] item: Leftovers\n|-sideend|p1: tesla roadster|Reflect\n|upkeep\n|turn|18\n|\n|t:|1660393132\n|move|p1a: Cresselia|Psychic|p2a: Thor\n|-damage|p2a: Thor|31\/100\n|move|p2a: Thor|Substitute|p2a: Thor\n|-start|p2a: Thor|Substitute\n|-damage|p2a: Thor|6\/100\n|\n|-heal|p2a: Thor|12\/100|[from] item: Leftovers\n|upkeep\n|turn|19\n|\n|t:|1660393154\n|move|p1a: Cresselia|Psychic|p2a: Thor\n|-activate|p2a: Thor|move: Substitute|[damage]\n|move|p2a: Thor|Outrage|p1a: Cresselia\n|-damage|p1a: Cresselia|0 fnt\n|faint|p1a: Cresselia\n|\n|-heal|p2a: Thor|18\/100|[from] item: Leftovers\n|upkeep\n|\n|t:|1660393162\n|switch|p1a: Magearna|Magearna|100\/100\n|turn|20\n|\n|t:|1660393170\n|move|p1a: Magearna|Ice Beam|p2a: Thor\n|-supereffective|p2a: Thor\n|-end|p2a: Thor|Substitute\n|move|p2a: Thor|Outrage|p1a: Magearna|[from]lockedmove\n|-immune|p1a: Magearna\n|\n|-heal|p2a: Thor|24\/100|[from] item: Leftovers\n|-fieldend|move: Trick Room\n|upkeep\n|turn|21\n|\n|t:|1660393174\n|move|p2a: Thor|Bolt Strike|p1a: Magearna\n|-damage|p1a: Magearna|0 fnt\n|faint|p1a: Magearna\n|\n|-heal|p2a: Thor|30\/100|[from] item: Leftovers\n|upkeep\n|\n|t:|1660393184\n|switch|p1a: Kyogre|Kyogre|100\/100\n|-weather|RainDance|[from] ability: Drizzle|[of] p1a: Kyogre\n|turn|22\n|-message|tesla roadster forfeited.\n|\n|win|meseteallo\n|raw|tesla roadster's rating: 1528 &rarr; <strong>1508<\/strong><br \/>(-20 for losing)\n|raw|meseteallo's rating: 1529 &rarr; <strong>1549<\/strong><br \/>(+20 for winning)\n|l|\u2606tesla roadster\n","uploadtime":1660393197,"views":9,"p1id":"teslaroadster","p2id":"meseteallo","formatid":"gen8ubers","rating":1508,"private":0,"password":null}