{"id":"gen8ou-1132415351","p1":"Storm Zone","p2":"willcoxw","format":"gen8ou","log":"|j|\u2606Storm Zone\n|j|\u2606willcoxw\n|player|p1|Storm Zone|zinnia|1871\n|player|p2|willcoxw|karen|1706\n|teamsize|p1|6\n|teamsize|p2|6\n|gametype|singles\n|gen|8\n|tier|[Gen 8] OU\n|rated|\n|clearpoke\n|poke|p1|Mew|\n|poke|p1|Primarina, M|\n|poke|p1|Hydreigon, M|\n|poke|p1|Snorlax, M|\n|poke|p1|Excadrill, M|\n|poke|p1|Rillaboom, M|\n|poke|p2|Shuckle, M|\n|poke|p2|Togekiss, M|\n|poke|p2|Cinderace, M|\n|poke|p2|Dracozolt|\n|poke|p2|Kyurem|\n|poke|p2|Zeraora|\n|rule|Sleep Clause Mod: Limit one foe put to sleep\n|rule|Species Clause: Limit one of each Pok\u00e9mon\n|rule|OHKO Clause: OHKO moves are banned\n|rule|Evasion Moves Clause: Evasion moves are banned\n|rule|Endless Battle Clause: Forcing endless battles is banned\n|rule|HP Percentage Mod: HP is shown in percentages\n|rule|Dynamax Clause: You cannot dynamax\n|teampreview\n|\n|start\n|switch|p1a: Chaos|Mew, shiny|100\/100\n|switch|p2a: Cinderace|Cinderace, M|100\/100\n|turn|1\n|\n|move|p2a: Cinderace|U-turn|p1a: Chaos\n|-start|p2a: Cinderace|typechange|Bug|[from] ability: Libero\n|-supereffective|p1a: Chaos\n|-damage|p1a: Chaos|62\/100\n|\n|switch|p2a: Shuckle|Shuckle, M|100\/100|[from]move: U-turn\n|move|p1a: Chaos|Knock Off|p2a: Shuckle\n|-damage|p2a: Shuckle|88\/100\n|-enditem|p2a: Shuckle|Red Card|[from] move: Knock Off|[of] p1a: Chaos\n|\n|-heal|p1a: Chaos|68\/100|[from] item: Leftovers\n|upkeep\n|turn|2\n|j| Ullstod enkel\n|\n|move|p1a: Chaos|Stealth Rock|p2a: Shuckle\n|-sidestart|p2: willcoxw|move: Stealth Rock\n|move|p2a: Shuckle|Sticky Web|p1a: Chaos\n|-sidestart|p1: Storm Zone|move: Sticky Web\n|\n|-heal|p1a: Chaos|74\/100|[from] item: Leftovers\n|upkeep\n|turn|3\n|\n|switch|p1a: Impaler|Excadrill, M, shiny|100\/100\n|-activate|p1a: Impaler|move: Sticky Web\n|-unboost|p1a: Impaler|spe|1\n|move|p2a: Shuckle|Stealth Rock|p1a: Impaler\n|-sidestart|p1: Storm Zone|move: Stealth Rock\n|\n|upkeep\n|turn|4\n|\n|move|p1a: Impaler|Rapid Spin|p2a: Shuckle\n|-resisted|p2a: Shuckle\n|-damage|p2a: Shuckle|83\/100\n|-boost|p1a: Impaler|spe|1\n|-sideend|p1: Storm Zone|Stealth Rock|[from] move: Rapid Spin|[of] p1a: Impaler\n|-sideend|p1: Storm Zone|Sticky Web|[from] move: Rapid Spin|[of] p1a: Impaler\n|move|p2a: Shuckle|Encore|p1a: Impaler\n|-start|p1a: Impaler|Encore\n|\n|upkeep\n|turn|5\n|\n|move|p1a: Impaler|Rapid Spin|p2a: Shuckle\n|-resisted|p2a: Shuckle\n|-damage|p2a: Shuckle|78\/100\n|-boost|p1a: Impaler|spe|1\n|move|p2a: Shuckle|Stealth Rock|p1a: Impaler\n|-sidestart|p1: Storm Zone|move: Stealth Rock\n|\n|upkeep\n|turn|6\n|\n|switch|p2a: Zeraora|Zeraora|100\/100\n|-damage|p2a: Zeraora|88\/100|[from] Stealth Rock\n|move|p1a: Impaler|Rapid Spin|p2a: Zeraora\n|-damage|p2a: Zeraora|63\/100\n|-boost|p1a: Impaler|spe|1\n|-sideend|p1: Storm Zone|Stealth Rock|[from] move: Rapid Spin|[of] p1a: Impaler\n|\n|upkeep\n|turn|7\n|\n|switch|p1a: Chaos|Mew, shiny|74\/100\n|move|p2a: Zeraora|Knock Off|p1a: Chaos\n|-supereffective|p1a: Chaos\n|-damage|p1a: Chaos|28\/100\n|-enditem|p1a: Chaos|Leftovers|[from] move: Knock Off|[of] p2a: Zeraora\n|-damage|p2a: Zeraora|53\/100|[from] item: Life Orb\n|\n|upkeep\n|turn|8\n|\n|switch|p2a: Cinderace|Cinderace, M|100\/100\n|move|p1a: Chaos|Roost|p1a: Chaos\n|-heal|p1a: Chaos|78\/100\n|-singleturn|p1a: Chaos|move: Roost\n|\n|upkeep\n|turn|9\n|\n|move|p2a: Cinderace|Court Change|p2a: Cinderace\n|-start|p2a: Cinderace|typechange|Normal|[from] ability: Libero\n|-sideend|p2: willcoxw|Stealth Rock|[silent]\n|-sidestart|p1: Storm Zone|Stealth Rock|[silent]\n|-activate|p2a: Cinderace|move: Court Change\n|move|p1a: Chaos|Will-O-Wisp|p2a: Cinderace\n|-status|p2a: Cinderace|brn\n|\n|-damage|p2a: Cinderace|95\/100 brn|[from] brn\n|upkeep\n|turn|10\n|\n|move|p2a: Cinderace|U-turn|p1a: Chaos\n|-start|p2a: Cinderace|typechange|Bug|[from] ability: Libero\n|-supereffective|p1a: Chaos\n|-damage|p1a: Chaos|56\/100\n|\n|switch|p2a: Shuckle|Shuckle, M|78\/100|[from]move: U-turn\n|move|p1a: Chaos|Stealth Rock|p2a: Shuckle\n|-sidestart|p2: willcoxw|move: Stealth Rock\n|\n|upkeep\n|turn|11\n|\n|switch|p1a: Impaler|Excadrill, M, shiny|100\/100\n|-damage|p1a: Impaler|97\/100|[from] Stealth Rock\n|move|p2a: Shuckle|Final Gambit|p1a: Impaler\n|-damage|p1a: Impaler|45\/100\n|faint|p2a: Shuckle\n|\n|upkeep\n|j| sadKEK Sadge\n|\n|switch|p2a: Zeraora|Zeraora|53\/100\n|-damage|p2a: Zeraora|41\/100|[from] Stealth Rock\n|turn|12\n|\n|move|p1a: Impaler|Earthquake|p2a: Zeraora\n|-supereffective|p2a: Zeraora\n|-damage|p2a: Zeraora|0 fnt\n|faint|p2a: Zeraora\n|\n|upkeep\n|\n|switch|p2a: Togekiss|Togekiss, M|100\/100\n|-damage|p2a: Togekiss|76\/100|[from] Stealth Rock\n|turn|13\n|\n|switch|p1a: Hybrid|Hydreigon, M|100\/100\n|-damage|p1a: Hybrid|88\/100|[from] Stealth Rock\n|move|p2a: Togekiss|Nasty Plot|p2a: Togekiss\n|-boost|p2a: Togekiss|spa|2\n|\n|-heal|p2a: Togekiss|82\/100|[from] item: Leftovers\n|upkeep\n|turn|14\n|j| CRISTERS\n|\n|switch|p2a: Cinderace|Cinderace, M|95\/100 brn\n|move|p1a: Hybrid|Flash Cannon|p2a: Cinderace\n|-resisted|p2a: Cinderace\n|-crit|p2a: Cinderace\n|-damage|p2a: Cinderace|54\/100 brn\n|-damage|p1a: Hybrid|78\/100|[from] item: Life Orb\n|\n|-damage|p2a: Cinderace|48\/100 brn|[from] brn\n|upkeep\n|turn|15\n|\n|move|p2a: Cinderace|U-turn|p1a: Hybrid\n|-start|p2a: Cinderace|typechange|Bug|[from] ability: Libero\n|-supereffective|p1a: Hybrid\n|-damage|p1a: Hybrid|36\/100\n|\n|switch|p2a: Togekiss|Togekiss, M|82\/100|[from]move: U-turn\n|-damage|p2a: Togekiss|57\/100|[from] Stealth Rock\n|move|p1a: Hybrid|Draco Meteor|p2a: Togekiss\n|-immune|p2a: Togekiss\n|\n|-heal|p2a: Togekiss|63\/100|[from] item: Leftovers\n|upkeep\n|turn|16\n|\n|switch|p2a: Cinderace|Cinderace, M|48\/100 brn\n|move|p1a: Hybrid|Flash Cannon|p2a: Cinderace\n|-resisted|p2a: Cinderace\n|-damage|p2a: Cinderace|18\/100 brn\n|-damage|p1a: Hybrid|27\/100|[from] item: Life Orb\n|\n|-damage|p2a: Cinderace|12\/100 brn|[from] brn\n|upkeep\n|turn|17\n|\n|move|p2a: Cinderace|U-turn|p1a: Hybrid\n|-start|p2a: Cinderace|typechange|Bug|[from] ability: Libero\n|-supereffective|p1a: Hybrid\n|-damage|p1a: Hybrid|0 fnt\n|faint|p1a: Hybrid\n|\n|switch|p2a: Dracozolt|Dracozolt|100\/100|[from]move: U-turn\n|-damage|p2a: Dracozolt|88\/100|[from] Stealth Rock\n|\n|upkeep\n|\n|switch|p1a: Impaler|Excadrill, M, shiny|45\/100\n|-damage|p1a: Impaler|42\/100|[from] Stealth Rock\n|turn|18\n|\n|switch|p2a: Cinderace|Cinderace, M|12\/100 brn\n|move|p1a: Impaler|Earthquake|p2a: Cinderace\n|-supereffective|p2a: Cinderace\n|-damage|p2a: Cinderace|0 fnt\n|faint|p2a: Cinderace\n|\n|upkeep\n|\n|switch|p2a: Togekiss|Togekiss, M|63\/100\n|-damage|p2a: Togekiss|38\/100|[from] Stealth Rock\n|turn|19\n|\n|switch|p1a: Life|Snorlax, M|100\/100\n|-damage|p1a: Life|88\/100|[from] Stealth Rock\n|move|p2a: Togekiss|Nasty Plot|p2a: Togekiss\n|-boost|p2a: Togekiss|spa|2\n|\n|-heal|p2a: Togekiss|45\/100|[from] item: Leftovers\n|upkeep\n|turn|20\n|\n|switch|p1a: Chaos|Mew, shiny|56\/100\n|-damage|p1a: Chaos|44\/100|[from] Stealth Rock\n|move|p2a: Togekiss|Air Slash|p1a: Chaos\n|-damage|p1a: Chaos|0 fnt\n|faint|p1a: Chaos\n|\n|-heal|p2a: Togekiss|51\/100|[from] item: Leftovers\n|upkeep\n|\n|switch|p1a: Impaler|Excadrill, M, shiny|42\/100\n|-damage|p1a: Impaler|39\/100|[from] Stealth Rock\n|turn|21\n|\n|switch|p2a: Dracozolt|Dracozolt|88\/100\n|-damage|p2a: Dracozolt|76\/100|[from] Stealth Rock\n|move|p1a: Impaler|Iron Head|p2a: Dracozolt\n|-resisted|p2a: Dracozolt\n|-damage|p2a: Dracozolt|50\/100\n|\n|upkeep\n|turn|22\n|\n|switch|p1a: Harambe|Rillaboom, M|100\/100\n|-damage|p1a: Harambe|88\/100|[from] Stealth Rock\n|-fieldstart|move: Grassy Terrain|[from] ability: Grassy Surge|[of] p1a: Harambe\n|move|p2a: Dracozolt|Substitute|p2a: Dracozolt\n|-start|p2a: Dracozolt|Substitute\n|-damage|p2a: Dracozolt|25\/100\n|\n|-heal|p2a: Dracozolt|31\/100|[from] Grassy Terrain\n|-heal|p1a: Harambe|94\/100|[from] item: Leftovers\n|-heal|p1a: Harambe|100\/100|[from] Grassy Terrain\n|upkeep\n|turn|23\n|\n|move|p2a: Dracozolt|Outrage|p1a: Harambe\n|-damage|p1a: Harambe|53\/100\n|move|p1a: Harambe|Drum Beating|p2a: Dracozolt\n|-resisted|p2a: Dracozolt\n|-activate|p2a: Dracozolt|move: Substitute|[damage]\n|\n|-heal|p2a: Dracozolt|37\/100|[from] Grassy Terrain\n|-heal|p1a: Harambe|59\/100|[from] item: Leftovers\n|-heal|p1a: Harambe|65\/100|[from] Grassy Terrain\n|upkeep\n|turn|24\n|\n|move|p2a: Dracozolt|Outrage|p1a: Harambe|[from]lockedmove\n|-damage|p1a: Harambe|5\/100\n|move|p1a: Harambe|Drum Beating|p2a: Dracozolt\n|-resisted|p2a: Dracozolt\n|-end|p2a: Dracozolt|Substitute\n|\n|-heal|p2a: Dracozolt|44\/100|[from] Grassy Terrain\n|-heal|p1a: Harambe|11\/100|[from] item: Leftovers\n|-heal|p1a: Harambe|18\/100|[from] Grassy Terrain\n|upkeep\n|turn|25\n|\n|move|p2a: Dracozolt|Outrage|p1a: Harambe|[from]lockedmove\n|-crit|p1a: Harambe\n|-damage|p1a: Harambe|0 fnt\n|-start|p2a: Dracozolt|confusion|[fatigue]\n|faint|p1a: Harambe\n|\n|-heal|p2a: Dracozolt|50\/100|[from] Grassy Terrain\n|upkeep\n|\n|switch|p1a: Impaler|Excadrill, M, shiny|39\/100\n|-damage|p1a: Impaler|36\/100|[from] Stealth Rock\n|turn|26\n|\n|switch|p2a: Togekiss|Togekiss, M|51\/100\n|-damage|p2a: Togekiss|26\/100|[from] Stealth Rock\n|move|p1a: Impaler|Rock Slide|p2a: Togekiss\n|-supereffective|p2a: Togekiss\n|-damage|p2a: Togekiss|0 fnt\n|faint|p2a: Togekiss\n|\n|-heal|p1a: Impaler|42\/100|[from] Grassy Terrain\n|-fieldend|move: Grassy Terrain\n|upkeep\n|\n|switch|p2a: Dracozolt|Dracozolt|50\/100\n|-damage|p2a: Dracozolt|37\/100|[from] Stealth Rock\n|turn|27\n|\n|move|p1a: Impaler|Rock Slide|p2a: Dracozolt\n|-damage|p2a: Dracozolt|9\/100\n|move|p2a: Dracozolt|Earthquake|p1a: Impaler\n|-supereffective|p1a: Impaler\n|-damage|p1a: Impaler|0 fnt\n|faint|p1a: Impaler\n|\n|upkeep\n|\n|switch|p1a: Life|Snorlax, M|88\/100\n|-damage|p1a: Life|76\/100|[from] Stealth Rock\n|turn|28\n|\n|move|p2a: Dracozolt|Bolt Beak|p1a: Life\n|-damage|p1a: Life|10\/100\n|move|p1a: Life|Body Slam|p2a: Dracozolt\n|-damage|p2a: Dracozolt|0 fnt\n|faint|p2a: Dracozolt\n|\n|upkeep\n|\n|switch|p2a: Kyurem|Kyurem|100\/100\n|-damage|p2a: Kyurem|75\/100|[from] Stealth Rock\n|-ability|p2a: Kyurem|Pressure\n|turn|29\n|\n|move|p2a: Kyurem|Freeze-Dry|p1a: Life\n|-damage|p1a: Life|0 fnt\n|faint|p1a: Life\n|\n|upkeep\n|\n|switch|p1a: Alexia|Primarina, M|100\/100\n|-damage|p1a: Alexia|88\/100|[from] Stealth Rock\n|turn|30\n|\n|move|p2a: Kyurem|Freeze-Dry|p1a: Alexia\n|-supereffective|p1a: Alexia\n|-damage|p1a: Alexia|13\/100\n|move|p1a: Alexia|Draining Kiss|p2a: Kyurem\n|-supereffective|p2a: Kyurem\n|-crit|p2a: Kyurem\n|-damage|p2a: Kyurem|13\/100\n|-heal|p1a: Alexia|64\/100|[from] drain|[of] p2a: Kyurem\n|\n|-heal|p1a: Alexia|70\/100|[from] item: Leftovers\n|upkeep\n|turn|31\n|c|\u2606willcoxw|gg\n|\n|move|p2a: Kyurem|Freeze-Dry|p1a: Alexia\n|-supereffective|p1a: Alexia\n|-damage|p1a: Alexia|0 fnt\n|faint|p1a: Alexia\n|\n|win|willcoxw\n|raw|Storm Zone's rating: 1882 &rarr; <strong>1852<\/strong><br \/>(-30 for losing)\n|raw|willcoxw's rating: 1706 &rarr; <strong>1735<\/strong><br \/>(+29 for winning)\n|c|\u2606Storm Zone|gg]\\\n|l|\u2606Storm Zone\n|l|\u2606willcoxw\n|l| Ullstod enkel\n","uploadtime":1592124588,"views":995,"p1id":"stormzone","p2id":"willcoxw","formatid":"gen8ou","rating":1735,"private":0,"password":null}