{"id":"gen8ou-1418680371","p1":"CoconutCrabs","p2":"leaveamessage","format":"gen8ou","log":"|j|\u2606CoconutCrabs\n|j|\u2606leaveamessage\n|t:|1631895038\n|gametype|singles\n|player|p1|CoconutCrabs|chuck|1644\n|player|p2|leaveamessage|bugcatcher-gen4dp|1615\n|teamsize|p1|6\n|teamsize|p2|6\n|gen|8\n|tier|[Gen 8] OU\n|rated|\n|rule|Sleep Clause Mod: Limit one foe put to sleep\n|rule|Species Clause: Limit one of each Pok\u00e9mon\n|rule|OHKO Clause: OHKO moves are banned\n|rule|Evasion Moves Clause: Evasion moves are banned\n|rule|Endless Battle Clause: Forcing endless battles is banned\n|rule|HP Percentage Mod: HP is shown in percentages\n|rule|Dynamax Clause: You cannot dynamax\n|clearpoke\n|poke|p1|Tyranitar, M|\n|poke|p1|Excadrill, F|\n|poke|p1|Tornadus-Therian, M|\n|poke|p1|Toxapex, F|\n|poke|p1|Heatran, M|\n|poke|p1|Tangrowth, F|\n|poke|p2|Landorus-Therian, M|\n|poke|p2|Tapu Lele|\n|poke|p2|Scizor, M|\n|poke|p2|Garchomp, F|\n|poke|p2|Toxapex, M|\n|poke|p2|Victini|\n|teampreview\n|j| TuTiuTe\n|inactive|Battle timer is ON: inactive players will automatically lose when time's up. (requested by CoconutCrabs)\n|\n|t:|1631895073\n|start\n|switch|p1a: Tornadus|Tornadus-Therian, M|100\/100\n|switch|p2a: Tapu Lele|Tapu Lele|100\/100\n|-fieldstart|move: Psychic Terrain|[from] ability: Psychic Surge|[of] p2a: Tapu Lele\n|turn|1\n|\n|t:|1631895080\n|switch|p1a: Tyranitar|Tyranitar, M|100\/100\n|-weather|Sandstorm|[from] ability: Sand Stream|[of] p1a: Tyranitar\n|move|p2a: Tapu Lele|Focus Blast|p1a: Tyranitar\n|-supereffective|p1a: Tyranitar\n|-damage|p1a: Tyranitar|25\/100\n|-unboost|p1a: Tyranitar|spd|1\n|\n|-weather|Sandstorm|[upkeep]\n|-damage|p2a: Tapu Lele|94\/100|[from] Sandstorm\n|-heal|p1a: Tyranitar|31\/100|[from] item: Leftovers\n|upkeep\n|turn|2\n|\n|t:|1631895095\n|switch|p2a: Landorus|Landorus-Therian, M|100\/100\n|-ability|p2a: Landorus|Intimidate|boost\n|-unboost|p1a: Tyranitar|atk|1\n|move|p1a: Tyranitar|Stealth Rock|p2a: Landorus\n|-sidestart|p2: leaveamessage|move: Stealth Rock\n|\n|-weather|Sandstorm|[upkeep]\n|-heal|p1a: Tyranitar|38\/100|[from] item: Leftovers\n|upkeep\n|turn|3\n|\n|t:|1631895102\n|switch|p1a: Tornadus|Tornadus-Therian, M|100\/100\n|move|p2a: Landorus|Defog|p1a: Tornadus\n|-unboost|p1a: Tornadus|evasion|1\n|-sideend|p2: leaveamessage|Stealth Rock|[from] move: Defog|[of] p2a: Landorus\n|-fieldend|move: Psychic Terrain\n|\n|-weather|Sandstorm|[upkeep]\n|-damage|p1a: Tornadus|94\/100|[from] Sandstorm\n|upkeep\n|turn|4\n|\n|t:|1631895105\n|move|p1a: Tornadus|Icy Wind|p2a: Landorus\n|-supereffective|p2a: Landorus\n|-damage|p2a: Landorus|19\/100\n|-unboost|p2a: Landorus|spe|1\n|move|p2a: Landorus|Knock Off|p1a: Tornadus\n|-damage|p1a: Tornadus|53\/100\n|-enditem|p1a: Tornadus|Choice Specs|[from] move: Knock Off|[of] p2a: Landorus\n|\n|-weather|Sandstorm|[upkeep]\n|-damage|p1a: Tornadus|47\/100|[from] Sandstorm\n|-heal|p2a: Landorus|25\/100|[from] item: Leftovers\n|upkeep\n|turn|5\n|\n|t:|1631895116\n|switch|p2a: Toxapex|Toxapex, M|100\/100\n|move|p1a: Tornadus|Hurricane|p2a: Toxapex\n|-damage|p2a: Toxapex|60\/100\n|\n|-weather|none\n|-heal|p2a: Toxapex|66\/100|[from] item: Black Sludge\n|upkeep\n|turn|6\n|\n|t:|1631895123\n|switch|p1a: Toxapex|Toxapex, F|100\/100\n|move|p2a: Toxapex|Toxic Spikes|p1a: Toxapex\n|-sidestart|p1: CoconutCrabs|move: Toxic Spikes\n|\n|-heal|p2a: Toxapex|73\/100|[from] item: Black Sludge\n|upkeep\n|turn|7\n|\n|t:|1631895127\n|switch|p2a: Tapu Lele|Tapu Lele|94\/100\n|-fieldstart|move: Psychic Terrain|[from] ability: Psychic Surge|[of] p2a: Tapu Lele\n|move|p1a: Toxapex|Knock Off|p2a: Tapu Lele\n|-damage|p2a: Tapu Lele|72\/100\n|-enditem|p2a: Tapu Lele|Choice Scarf|[from] move: Knock Off|[of] p1a: Toxapex\n|\n|upkeep\n|turn|8\n|\n|t:|1631895133\n|switch|p1a: Excadrill|Excadrill, F|100\/100\n|move|p2a: Tapu Lele|Psychic|p1a: Excadrill\n|-resisted|p1a: Excadrill\n|-damage|p1a: Excadrill|57\/100\n|\n|-heal|p1a: Excadrill|63\/100|[from] item: Leftovers\n|upkeep\n|turn|9\n|\n|t:|1631895138\n|switch|p1a: Toxapex|Toxapex, F|100\/100\n|-sideend|p1: CoconutCrabs|move: Toxic Spikes|[of] p1a: Toxapex\n|move|p2a: Tapu Lele|Focus Blast|p1a: Toxapex\n|-resisted|p1a: Toxapex\n|-damage|p1a: Toxapex|84\/100\n|\n|upkeep\n|turn|10\n|\n|t:|1631895140\n|switch|p1a: Tornadus|Tornadus-Therian, M|80\/100\n|move|p2a: Tapu Lele|Psychic|p1a: Tornadus\n|-damage|p1a: Tornadus|0 fnt\n|faint|p1a: Tornadus\n|\n|upkeep\n|\n|t:|1631895142\n|switch|p1a: Heatran|Heatran, M|100\/100\n|turn|11\n|\n|t:|1631895146\n|switch|p2a: Garchomp|Garchomp, F|100\/100\n|move|p1a: Heatran|Eruption|p2a: Garchomp\n|-resisted|p2a: Garchomp\n|-damage|p2a: Garchomp|67\/100\n|\n|-heal|p2a: Garchomp|73\/100|[from] item: Leftovers\n|-fieldend|move: Psychic Terrain\n|upkeep\n|turn|12\n|\n|t:|1631895150\n|switch|p1a: Tangrowth|Tangrowth, F|100\/100\n|move|p2a: Garchomp|Stealth Rock|p1a: Tangrowth\n|-sidestart|p1: CoconutCrabs|move: Stealth Rock\n|\n|-heal|p2a: Garchomp|79\/100|[from] item: Leftovers\n|upkeep\n|turn|13\n|\n|t:|1631895153\n|move|p2a: Garchomp|Toxic|p1a: Tangrowth\n|-status|p1a: Tangrowth|tox\n|move|p1a: Tangrowth|Sleep Powder|p2a: Garchomp\n|-status|p2a: Garchomp|slp|[from] move: Sleep Powder\n|\n|-heal|p2a: Garchomp|85\/100 slp|[from] item: Leftovers\n|-damage|p1a: Tangrowth|94\/100 tox|[from] psn\n|upkeep\n|turn|14\n|\n|t:|1631895158\n|switch|p2a: Victini|Victini|100\/100\n|move|p1a: Tangrowth|Knock Off|p2a: Victini\n|-supereffective|p2a: Victini\n|-damage|p2a: Victini|54\/100\n|-enditem|p2a: Victini|Heavy-Duty Boots|[from] move: Knock Off|[of] p1a: Tangrowth\n|\n|-damage|p1a: Tangrowth|82\/100 tox|[from] psn\n|upkeep\n|turn|15\n|\n|t:|1631895165\n|switch|p1a: Toxapex|Toxapex, F|100\/100\n|-damage|p1a: Toxapex|88\/100|[from] Stealth Rock\n|move|p2a: Victini|Bolt Strike|p1a: Toxapex\n|-supereffective|p1a: Toxapex\n|-damage|p1a: Toxapex|47\/100\n|-damage|p2a: Victini|38\/100|[from] item: Rocky Helmet|[of] p1a: Toxapex\n|\n|upkeep\n|turn|16\n|\n|t:|1631895170\n|move|p2a: Victini|Expanding Force|p1a: Toxapex\n|-supereffective|p1a: Toxapex\n|-damage|p1a: Toxapex|0 fnt\n|faint|p1a: Toxapex\n|\n|upkeep\n|\n|t:|1631895180\n|switch|p1a: Heatran|Heatran, M|100\/100\n|-damage|p1a: Heatran|88\/100|[from] Stealth Rock\n|turn|17\n|\n|t:|1631895189\n|move|p1a: Heatran|Earth Power|p2a: Victini\n|-supereffective|p2a: Victini\n|-damage|p2a: Victini|0 fnt\n|faint|p2a: Victini\n|\n|upkeep\n|\n|t:|1631895192\n|switch|p2a: Landorus|Landorus-Therian, M|25\/100\n|-ability|p2a: Landorus|Intimidate|boost\n|-unboost|p1a: Heatran|atk|1\n|turn|18\n|\n|t:|1631895196\n|switch|p1a: Tangrowth|Tangrowth, F|100\/100 tox\n|-damage|p1a: Tangrowth|88\/100 tox|[from] Stealth Rock\n|move|p2a: Landorus|Knock Off|p1a: Tangrowth\n|-damage|p1a: Tangrowth|72\/100 tox\n|-damage|p2a: Landorus|8\/100|[from] item: Rocky Helmet|[of] p1a: Tangrowth\n|-enditem|p1a: Tangrowth|Rocky Helmet|[from] move: Knock Off|[of] p2a: Landorus\n|\n|-heal|p2a: Landorus|14\/100|[from] item: Leftovers\n|-damage|p1a: Tangrowth|66\/100 tox|[from] psn\n|upkeep\n|turn|19\n|\n|t:|1631895200\n|move|p2a: Landorus|U-turn|p1a: Tangrowth\n|-supereffective|p1a: Tangrowth\n|-damage|p1a: Tangrowth|41\/100 tox\n|\n|t:|1631895204\n|switch|p2a: Garchomp|Garchomp, F|85\/100 slp|[from]move: U-turn\n|move|p1a: Tangrowth|Giga Drain|p2a: Garchomp\n|-damage|p2a: Garchomp|60\/100 slp\n|-heal|p1a: Tangrowth|54\/100 tox|[from] drain|[of] p2a: Garchomp\n|\n|-heal|p2a: Garchomp|66\/100 slp|[from] item: Leftovers\n|-damage|p1a: Tangrowth|42\/100 tox|[from] psn\n|upkeep\n|turn|20\n|\n|t:|1631895209\n|cant|p2a: Garchomp|slp\n|move|p1a: Tangrowth|Giga Drain|p2a: Garchomp\n|-damage|p2a: Garchomp|40\/100 slp\n|-heal|p1a: Tangrowth|55\/100 tox|[from] drain|[of] p2a: Garchomp\n|\n|-heal|p2a: Garchomp|46\/100 slp|[from] item: Leftovers\n|-damage|p1a: Tangrowth|37\/100 tox|[from] psn\n|upkeep\n|turn|21\n|\n|t:|1631895213\n|cant|p2a: Garchomp|slp\n|move|p1a: Tangrowth|Giga Drain|p2a: Garchomp\n|-damage|p2a: Garchomp|21\/100 slp\n|-heal|p1a: Tangrowth|50\/100 tox|[from] drain|[of] p2a: Garchomp\n|\n|-heal|p2a: Garchomp|27\/100 slp|[from] item: Leftovers\n|-damage|p1a: Tangrowth|25\/100 tox|[from] psn\n|upkeep\n|turn|22\n|\n|t:|1631895220\n|cant|p2a: Garchomp|slp\n|move|p1a: Tangrowth|Giga Drain|p2a: Garchomp\n|-damage|p2a: Garchomp|1\/100 slp\n|-heal|p1a: Tangrowth|39\/100 tox|[from] drain|[of] p2a: Garchomp\n|\n|-heal|p2a: Garchomp|7\/100 slp|[from] item: Leftovers\n|-damage|p1a: Tangrowth|8\/100 tox|[from] psn\n|upkeep\n|turn|23\n|\n|t:|1631895223\n|-curestatus|p2a: Garchomp|slp|[msg]\n|move|p2a: Garchomp|Earthquake|p1a: Tangrowth\n|-resisted|p1a: Tangrowth\n|-damage|p1a: Tangrowth|0 fnt\n|faint|p1a: Tangrowth\n|\n|-heal|p2a: Garchomp|13\/100|[from] item: Leftovers\n|upkeep\n|\n|t:|1631895226\n|switch|p1a: Heatran|Heatran, M|88\/100\n|-damage|p1a: Heatran|76\/100|[from] Stealth Rock\n|turn|24\n|\n|t:|1631895231\n|move|p1a: Heatran|Earth Power|p2a: Garchomp\n|-damage|p2a: Garchomp|0 fnt\n|faint|p2a: Garchomp\n|\n|upkeep\n|\n|t:|1631895234\n|switch|p2a: Landorus|Landorus-Therian, M|14\/100\n|-ability|p2a: Landorus|Intimidate|boost\n|-unboost|p1a: Heatran|atk|1\n|turn|25\n|\n|t:|1631895236\n|switch|p1a: Tyranitar|Tyranitar, M|38\/100\n|-damage|p1a: Tyranitar|25\/100|[from] Stealth Rock\n|-weather|Sandstorm|[from] ability: Sand Stream|[of] p1a: Tyranitar\n|move|p2a: Landorus|Earthquake|p1a: Tyranitar\n|-supereffective|p1a: Tyranitar\n|-damage|p1a: Tyranitar|0 fnt\n|faint|p1a: Tyranitar\n|\n|-weather|Sandstorm|[upkeep]\n|-heal|p2a: Landorus|20\/100|[from] item: Leftovers\n|upkeep\n|\n|t:|1631895237\n|switch|p1a: Excadrill|Excadrill, F|63\/100\n|-damage|p1a: Excadrill|60\/100|[from] Stealth Rock\n|turn|26\n|\n|t:|1631895248\n|move|p1a: Excadrill|Iron Head|p2a: Landorus\n|-damage|p2a: Landorus|0 fnt\n|faint|p2a: Landorus\n|\n|-weather|Sandstorm|[upkeep]\n|-heal|p1a: Excadrill|66\/100|[from] item: Leftovers\n|upkeep\n|\n|t:|1631895256\n|switch|p2a: Scizor|Scizor, M|100\/100\n|turn|27\n|\n|t:|1631895257\n|move|p1a: Excadrill|Swords Dance|p1a: Excadrill\n|-boost|p1a: Excadrill|atk|2\n|move|p2a: Scizor|Knock Off|p1a: Excadrill\n|-damage|p1a: Excadrill|27\/100\n|-enditem|p1a: Excadrill|Leftovers|[from] move: Knock Off|[of] p2a: Scizor\n|\n|-weather|Sandstorm|[upkeep]\n|upkeep\n|turn|28\n|\n|t:|1631895264\n|move|p1a: Excadrill|Earthquake|p2a: Scizor\n|-damage|p2a: Scizor|0 fnt\n|faint|p2a: Scizor\n|\n|-weather|Sandstorm|[upkeep]\n|upkeep\n|\n|t:|1631895274\n|switch|p2a: Tapu Lele|Tapu Lele|72\/100\n|-fieldstart|move: Psychic Terrain|[from] ability: Psychic Surge|[of] p2a: Tapu Lele\n|turn|29\n|\n|t:|1631895278\n|move|p1a: Excadrill|Earthquake|p2a: Tapu Lele\n|-damage|p2a: Tapu Lele|0 fnt\n|faint|p2a: Tapu Lele\n|\n|-weather|none\n|upkeep\n|\n|t:|1631895279\n|switch|p2a: Toxapex|Toxapex, M|100\/100\n|turn|30\n|\n|t:|1631895281\n|move|p1a: Excadrill|Earthquake|p2a: Toxapex\n|-supereffective|p2a: Toxapex\n|-damage|p2a: Toxapex|0 fnt\n|faint|p2a: Toxapex\n|\n|win|CoconutCrabs\n|raw|CoconutCrabs's rating: 1644 &rarr; <strong>1662<\/strong><br \/>(+18 for winning)\n|raw|leaveamessage's rating: 1615 &rarr; <strong>1597<\/strong><br \/>(-18 for losing)\n|l|\u2606leaveamessage\n|l| TuTiuTe\n|j| TuTiuTe\n|l| TuTiuTe\n||Ladder isn't responding, score probably updated but might not have (Request timeout).\n","uploadtime":1631895311,"views":45,"p1id":"coconutcrabs","p2id":"leaveamessage","formatid":"gen8ou","rating":1597,"private":0,"password":null}