{"id":"gen8uu-1703367068","p1":"KiloTotomon","p2":"LolzMachine","format":"gen8uu","log":"|j|\u2606KiloTotomon\n|j|\u2606LolzMachine\n|t:|1667655463\n|gametype|singles\n|player|p1|KiloTotomon|fantina|1677\n|player|p2|LolzMachine|265|1595\n|teamsize|p1|6\n|teamsize|p2|6\n|gen|8\n|tier|[Gen 8] UU\n|rated|\n|rule|Sleep Clause Mod: Limit one foe put to sleep\n|rule|Species Clause: Limit one of each Pok\u00e9mon\n|rule|OHKO Clause: OHKO moves are banned\n|rule|Evasion Items Clause: Evasion items are banned\n|rule|Evasion Moves Clause: Evasion moves are banned\n|rule|Endless Battle Clause: Forcing endless battles is banned\n|rule|HP Percentage Mod: HP is shown in percentages\n|rule|Dynamax Clause: You cannot dynamax\n|clearpoke\n|poke|p1|Chansey, F|\n|poke|p1|Cobalion|\n|poke|p1|Rotom-Wash|\n|poke|p1|Salazzle, F|\n|poke|p1|Mamoswine, M|\n|poke|p1|Dhelmise|\n|poke|p2|Magneton|\n|poke|p2|Scolipede, M|\n|poke|p2|Lycanroc-Dusk, M|\n|poke|p2|Excadrill, F|\n|poke|p2|Primarina, F|\n|poke|p2|Necrozma|\n|teampreview\n|\n|t:|1667655472\n|start\n|switch|p1a: Dhelmise|Dhelmise|100\/100\n|switch|p2a: Necrozma|Necrozma|100\/100\n|turn|1\n|j| Pedro The Don\n|\n|t:|1667655484\n|switch|p1a: Chansey|Chansey, F|100\/100\n|move|p2a: Necrozma|Meteor Beam||[still]\n|-prepare|p2a: Necrozma|Meteor Beam\n|-boost|p2a: Necrozma|spa|1\n|-enditem|p2a: Necrozma|Power Herb\n|-anim|p2a: Necrozma|Meteor Beam|p1a: Chansey\n|-damage|p1a: Chansey|80\/100\n|\n|upkeep\n|turn|2\n|\n|t:|1667655487\n|move|p2a: Necrozma|Stealth Rock|p1a: Chansey\n|-sidestart|p1: KiloTotomon|move: Stealth Rock\n|move|p1a: Chansey|Toxic|p2a: Necrozma\n|-status|p2a: Necrozma|tox\n|\n|-damage|p2a: Necrozma|95\/100 tox|[from] psn\n|upkeep\n|turn|3\n|\n|t:|1667655491\n|switch|p2a: Excadrill|Excadrill, F|100\/100\n|-item|p2a: Excadrill|Air Balloon\n|move|p1a: Chansey|Teleport|p1a: Chansey\n|\n|t:|1667655493\n|switch|p1a: Dhelmise|Dhelmise|100\/100|[from]move: Teleport\n|\n|upkeep\n|turn|4\n|\n|t:|1667655502\n|switch|p2a: Necrozma|Necrozma|95\/100 tox\n|move|p1a: Dhelmise|Rapid Spin|p2a: Necrozma\n|-damage|p2a: Necrozma|80\/100 tox\n|-boost|p1a: Dhelmise|spe|1\n|-sideend|p1: KiloTotomon|Stealth Rock|[from] move: Rapid Spin|[of] p1a: Dhelmise\n|\n|-damage|p2a: Necrozma|75\/100 tox|[from] psn\n|upkeep\n|turn|5\n|\n|t:|1667655519\n|switch|p1a: Chansey|Chansey, F|80\/100\n|move|p2a: Necrozma|Photon Geyser|p1a: Chansey\n|-damage|p1a: Chansey|63\/100\n|\n|-damage|p2a: Necrozma|63\/100 tox|[from] psn\n|upkeep\n|turn|6\n|\n|t:|1667655532\n|move|p2a: Necrozma|Stealth Rock|p1a: Chansey\n|-sidestart|p1: KiloTotomon|move: Stealth Rock\n|move|p1a: Chansey|Soft-Boiled|p1a: Chansey\n|-heal|p1a: Chansey|100\/100\n|\n|-damage|p2a: Necrozma|45\/100 tox|[from] psn\n|upkeep\n|turn|7\n|\n|t:|1667655537\n|switch|p2a: Scolipede|Scolipede, M|100\/100\n|move|p1a: Chansey|Teleport|p1a: Chansey\n|\n|t:|1667655543\n|switch|p1a: Salazzle|Salazzle, F|100\/100|[from]move: Teleport\n|\n|upkeep\n|turn|8\n|\n|t:|1667655548\n|switch|p2a: Lycanroc|Lycanroc-Dusk, M|100\/100\n|move|p1a: Salazzle|Flamethrower|p2a: Lycanroc\n|-resisted|p2a: Lycanroc\n|-damage|p2a: Lycanroc|63\/100\n|\n|upkeep\n|turn|9\n|\n|t:|1667655556\n|switch|p1a: Cobalion|Cobalion|100\/100\n|-damage|p1a: Cobalion|97\/100|[from] Stealth Rock\n|move|p2a: Lycanroc|Psychic Fangs|p1a: Cobalion\n|-damage|p1a: Cobalion|54\/100\n|-damage|p2a: Lycanroc|46\/100|[from] item: Rocky Helmet|[of] p1a: Cobalion\n|-damage|p2a: Lycanroc|36\/100|[from] item: Life Orb\n|\n|upkeep\n|turn|10\n|\n|t:|1667655564\n|switch|p1a: Dhelmise|Dhelmise|100\/100\n|move|p2a: Lycanroc|Close Combat|p1a: Dhelmise\n|-immune|p1a: Dhelmise\n|\n|upkeep\n|turn|11\n|\n|t:|1667655567\n|move|p2a: Lycanroc|Stone Edge|p1a: Dhelmise|[miss]\n|-miss|p2a: Lycanroc|p1a: Dhelmise\n|move|p1a: Dhelmise|Rapid Spin|p2a: Lycanroc\n|-resisted|p2a: Lycanroc\n|-damage|p2a: Lycanroc|24\/100\n|-boost|p1a: Dhelmise|spe|1\n|-sideend|p1: KiloTotomon|Stealth Rock|[from] move: Rapid Spin|[of] p1a: Dhelmise\n|\n|upkeep\n|turn|12\n|\n|t:|1667655575\n|move|p2a: Lycanroc|Stone Edge|p1a: Dhelmise\n|-damage|p1a: Dhelmise|37\/100\n|-damage|p2a: Lycanroc|14\/100|[from] item: Life Orb\n|move|p1a: Dhelmise|Power Whip|p2a: Lycanroc\n|-supereffective|p2a: Lycanroc\n|-damage|p2a: Lycanroc|0 fnt\n|faint|p2a: Lycanroc\n|\n|upkeep\n|\n|t:|1667655580\n|switch|p2a: Magneton|Magneton|100\/100\n|turn|13\n|\n|t:|1667655604\n|switch|p1a: Chansey|Chansey, F|100\/100\n|move|p2a: Magneton|Flash Cannon|p1a: Chansey\n|-damage|p1a: Chansey|83\/100\n|\n|upkeep\n|turn|14\n|\n|t:|1667655607\n|move|p2a: Magneton|Flash Cannon|p1a: Chansey\n|-damage|p1a: Chansey|63\/100\n|move|p1a: Chansey|Teleport|p1a: Chansey\n|\n|t:|1667655610\n|switch|p1a: Cobalion|Cobalion|54\/100|[from]move: Teleport\n|\n|upkeep\n|turn|15\n|\n|t:|1667655612\n|move|p1a: Cobalion|Close Combat|p2a: Magneton\n|-supereffective|p2a: Magneton\n|-damage|p2a: Magneton|0 fnt\n|-unboost|p1a: Cobalion|def|1\n|-unboost|p1a: Cobalion|spd|1\n|faint|p2a: Magneton\n|\n|upkeep\n|\n|t:|1667655614\n|switch|p2a: Primarina|Primarina, F|100\/100\n|turn|16\n|\n|t:|1667655633\n|move|p1a: Cobalion|Volt Switch|p2a: Primarina\n|-supereffective|p2a: Primarina\n|-damage|p2a: Primarina|76\/100\n|\n|t:|1667655636\n|switch|p1a: Chansey|Chansey, F|63\/100|[from]move: Volt Switch\n|move|p2a: Primarina|Substitute|p2a: Primarina\n|-start|p2a: Primarina|Substitute\n|-damage|p2a: Primarina|51\/100\n|\n|-heal|p2a: Primarina|57\/100|[from] item: Leftovers\n|upkeep\n|turn|17\n|\n|t:|1667655639\n|move|p2a: Primarina|Calm Mind|p2a: Primarina\n|-boost|p2a: Primarina|spa|1\n|-boost|p2a: Primarina|spd|1\n|move|p1a: Chansey|Seismic Toss|p2a: Primarina\n|-end|p2a: Primarina|Substitute\n|\n|-heal|p2a: Primarina|63\/100|[from] item: Leftovers\n|upkeep\n|turn|18\n|\n|t:|1667655655\n|move|p2a: Primarina|Sparkling Aria|p1a: Chansey\n|-damage|p1a: Chansey|41\/100\n|move|p1a: Chansey|Seismic Toss|p2a: Primarina\n|-damage|p2a: Primarina|30\/100\n|\n|-heal|p2a: Primarina|36\/100|[from] item: Leftovers\n|upkeep\n|turn|19\n|\n|t:|1667655661\n|move|p2a: Primarina|Substitute|p2a: Primarina\n|-start|p2a: Primarina|Substitute\n|-damage|p2a: Primarina|11\/100\n|move|p1a: Chansey|Soft-Boiled|p1a: Chansey\n|-heal|p1a: Chansey|91\/100\n|\n|-heal|p2a: Primarina|17\/100|[from] item: Leftovers\n|upkeep\n|turn|20\n|\n|t:|1667655663\n|move|p2a: Primarina|Sparkling Aria|p1a: Chansey\n|-damage|p1a: Chansey|56\/100\n|move|p1a: Chansey|Seismic Toss|p2a: Primarina\n|-end|p2a: Primarina|Substitute\n|\n|-heal|p2a: Primarina|23\/100|[from] item: Leftovers\n|upkeep\n|turn|21\n|\n|t:|1667655684\n|move|p2a: Primarina|Sparkling Aria|p1a: Chansey\n|-damage|p1a: Chansey|22\/100\n|move|p1a: Chansey|Seismic Toss|p2a: Primarina\n|-damage|p2a: Primarina|0 fnt\n|faint|p2a: Primarina\n|\n|upkeep\n|\n|t:|1667655687\n|switch|p2a: Scolipede|Scolipede, M|100\/100\n|turn|22\n|\n|t:|1667655701\n|switch|p1a: Rotom|Rotom-Wash|100\/100\n|move|p2a: Scolipede|Swords Dance|p2a: Scolipede\n|-boost|p2a: Scolipede|atk|2\n|\n|-ability|p2a: Scolipede|Speed Boost|boost\n|-boost|p2a: Scolipede|spe|1\n|upkeep\n|turn|23\n|\n|t:|1667655704\n|move|p2a: Scolipede|Megahorn|p1a: Rotom\n|-damage|p1a: Rotom|0 fnt\n|faint|p1a: Rotom\n|-damage|p2a: Scolipede|91\/100|[from] item: Life Orb\n|\n|-ability|p2a: Scolipede|Speed Boost|boost\n|-boost|p2a: Scolipede|spe|1\n|upkeep\n|\n|t:|1667655715\n|switch|p1a: Dhelmise|Dhelmise|37\/100\n|turn|24\n|\n|t:|1667655727\n|switch|p1a: Cobalion|Cobalion|54\/100\n|move|p2a: Scolipede|Poison Jab|p1a: Cobalion\n|-immune|p1a: Cobalion\n|\n|-ability|p2a: Scolipede|Speed Boost|boost\n|-boost|p2a: Scolipede|spe|1\n|upkeep\n|turn|25\n|\n|t:|1667655741\n|switch|p1a: Dhelmise|Dhelmise|37\/100\n|move|p2a: Scolipede|Earthquake|p1a: Dhelmise\n|-resisted|p1a: Dhelmise\n|-damage|p1a: Dhelmise|0 fnt\n|faint|p1a: Dhelmise\n|-damage|p2a: Scolipede|81\/100|[from] item: Life Orb\n|\n|-ability|p2a: Scolipede|Speed Boost|boost\n|-boost|p2a: Scolipede|spe|1\n|upkeep\n|\n|t:|1667655746\n|switch|p1a: Mamoswine|Mamoswine, M|100\/100\n|turn|26\n|\n|t:|1667655773\n|switch|p1a: Cobalion|Cobalion|54\/100\n|move|p2a: Scolipede|Megahorn|p1a: Cobalion\n|-resisted|p1a: Cobalion\n|-damage|p1a: Cobalion|25\/100\n|-damage|p2a: Scolipede|64\/100|[from] item: Rocky Helmet|[of] p1a: Cobalion\n|-damage|p2a: Scolipede|54\/100|[from] item: Life Orb\n|\n|-ability|p2a: Scolipede|Speed Boost|boost\n|-boost|p2a: Scolipede|spe|1\n|upkeep\n|turn|27\n|\n|t:|1667655782\n|move|p2a: Scolipede|Earthquake|p1a: Cobalion\n|-supereffective|p1a: Cobalion\n|-damage|p1a: Cobalion|0 fnt\n|faint|p1a: Cobalion\n|-damage|p2a: Scolipede|44\/100|[from] item: Life Orb\n|\n|-ability|p2a: Scolipede|Speed Boost|boost\n|-boost|p2a: Scolipede|spe|1\n|upkeep\n|\n|t:|1667655785\n|switch|p1a: Mamoswine|Mamoswine, M|100\/100\n|turn|28\n|\n|t:|1667655789\n|move|p1a: Mamoswine|Ice Shard|p2a: Scolipede\n|-damage|p2a: Scolipede|0 fnt\n|faint|p2a: Scolipede\n|\n|upkeep\n|\n|t:|1667655793\n|switch|p2a: Excadrill|Excadrill, F|100\/100\n|-item|p2a: Excadrill|Air Balloon\n|turn|29\n|\n|t:|1667655797\n|move|p1a: Mamoswine|Ice Shard|p2a: Excadrill\n|-damage|p2a: Excadrill|55\/100\n|-enditem|p2a: Excadrill|Air Balloon\n|move|p2a: Excadrill|Rapid Spin|p1a: Mamoswine\n|-damage|p1a: Mamoswine|78\/100\n|-boost|p2a: Excadrill|spe|1\n|\n|upkeep\n|turn|30\n|\n|t:|1667655804\n|move|p1a: Mamoswine|Ice Shard|p2a: Excadrill\n|-damage|p2a: Excadrill|6\/100\n|move|p2a: Excadrill|Iron Head|p1a: Mamoswine\n|-supereffective|p1a: Mamoswine\n|-damage|p1a: Mamoswine|0 fnt\n|faint|p1a: Mamoswine\n|\n|upkeep\n|\n|t:|1667655809\n|switch|p1a: Chansey|Chansey, F|22\/100\n|turn|31\n|\n|t:|1667655817\n|move|p2a: Excadrill|Earthquake|p1a: Chansey\n|-damage|p1a: Chansey|0 fnt\n|faint|p1a: Chansey\n|\n|upkeep\n|-message|KiloTotomon forfeited.\n|\n|win|LolzMachine\n|raw|KiloTotomon's rating: 1649 &rarr; <strong>1626<\/strong><br \/>(-23 for losing)\n|raw|LolzMachine's rating: 1595 &rarr; <strong>1618<\/strong><br \/>(+23 for winning)\n|l|\u2606KiloTotomon\n||Ladder isn't responding, score probably updated but might not have (Request timeout).\n","uploadtime":1667655883,"views":8,"p1id":"kilototomon","p2id":"lolzmachine","formatid":"gen8uu","rating":1618,"private":0,"password":null}