{"id":"gen8ou-1669396720","p1":"brettfavreinnocent","p2":"Jrpartner","format":"gen8ou","log":"|j|\u2606brettfavreinnocent\n|j|\u2606Jrpartner\n|t:|1663723268\n|gametype|singles\n|player|p1|brettfavreinnocent|harlequin|1553\n|player|p2|Jrpartner|1|1573\n|teamsize|p1|6\n|teamsize|p2|6\n|gen|8\n|tier|[Gen 8] OU\n|rated|\n|rule|Sleep Clause Mod: Limit one foe put to sleep\n|rule|Species Clause: Limit one of each Pok\u00e9mon\n|rule|OHKO Clause: OHKO moves are banned\n|rule|Evasion Items Clause: Evasion items are banned\n|rule|Evasion Moves Clause: Evasion moves are banned\n|rule|Endless Battle Clause: Forcing endless battles is banned\n|rule|HP Percentage Mod: HP is shown in percentages\n|rule|Dynamax Clause: You cannot dynamax\n|clearpoke\n|poke|p1|Regieleki|\n|poke|p1|Tapu Koko|\n|poke|p1|Zapdos-Galar|\n|poke|p1|Hydreigon, M|\n|poke|p1|Landorus-Therian, M|\n|poke|p1|Toxapex, M|\n|poke|p2|Urshifu-*, M|\n|poke|p2|Melmetal|\n|poke|p2|Tapu Fini|\n|poke|p2|Tentacruel, M|\n|poke|p2|Landorus-Therian, M|\n|poke|p2|Zapdos|\n|teampreview\n|inactive|Battle timer is ON: inactive players will automatically lose when time's up. (requested by brettfavreinnocent)\n|\n|t:|1663723286\n|start\n|switch|p1a: Zapdos|Zapdos-Galar|100\/100\n|switch|p2a: Landorus|Landorus-Therian, M|100\/100\n|-ability|p2a: Landorus|Intimidate|boost\n|-unboost|p1a: Zapdos|atk|1\n|-ability|p1a: Zapdos|Defiant\n|-boost|p1a: Zapdos|atk|2\n|turn|1\n|\n|t:|1663723291\n|switch|p2a: Zapdos|Zapdos|100\/100\n|move|p1a: Zapdos|Brave Bird|p2a: Zapdos\n|-resisted|p2a: Zapdos\n|-damage|p2a: Zapdos|20\/100\n|-damage|p1a: Zapdos|74\/100|[from] Recoil\n|\n|upkeep\n|turn|2\n|\n|t:|1663723296\n|move|p2a: Zapdos|Hurricane|p1a: Zapdos\n|-supereffective|p1a: Zapdos\n|-damage|p1a: Zapdos|0 fnt\n|faint|p1a: Zapdos\n|\n|upkeep\n|\n|t:|1663723309\n|switch|p1a: Tapu Koko|Tapu Koko, shiny|100\/100\n|-fieldstart|move: Electric Terrain|[from] ability: Electric Surge|[of] p1a: Tapu Koko\n|turn|3\n|\n|t:|1663723313\n|switch|p2a: Melmetal|Melmetal|100\/100\n|move|p1a: Tapu Koko|Dazzling Gleam|p2a: Melmetal\n|-resisted|p2a: Melmetal\n|-damage|p2a: Melmetal|89\/100\n|\n|upkeep\n|turn|4\n|\n|t:|1663723322\n|switch|p1a: Landorus|Landorus-Therian, M|100\/100\n|-ability|p1a: Landorus|Intimidate|boost\n|-unboost|p2a: Melmetal|atk|1\n|move|p2a: Melmetal|Earthquake|p1a: Landorus\n|-immune|p1a: Landorus\n|\n|upkeep\n|turn|5\n|\n|t:|1663723326\n|switch|p2a: Landorus|Landorus-Therian, M|100\/100\n|-ability|p2a: Landorus|Intimidate|boost\n|-unboost|p1a: Landorus|atk|1\n|move|p1a: Landorus|Earthquake|p2a: Landorus\n|-immune|p2a: Landorus\n|\n|upkeep\n|turn|6\n|\n|t:|1663723329\n|move|p1a: Landorus|Toxic|p2a: Landorus|[miss]\n|-miss|p1a: Landorus|p2a: Landorus\n|move|p2a: Landorus|Stealth Rock|p1a: Landorus\n|-sidestart|p1: brettfavreinnocent|move: Stealth Rock\n|\n|upkeep\n|turn|7\n|\n|t:|1663723332\n|move|p1a: Landorus|Stealth Rock|p2a: Landorus\n|-sidestart|p2: Jrpartner|move: Stealth Rock\n|move|p2a: Landorus|U-turn|p1a: Landorus\n|-resisted|p1a: Landorus\n|-crit|p1a: Landorus\n|-damage|p1a: Landorus|88\/100\n|\n|t:|1663723335\n|switch|p2a: Tapu Fini|Tapu Fini|100\/100|[from]move: U-turn\n|-damage|p2a: Tapu Fini|88\/100|[from] Stealth Rock\n|-fieldstart|move: Misty Terrain|[from] ability: Misty Surge|[of] p2a: Tapu Fini\n|\n|-heal|p1a: Landorus|94\/100|[from] item: Leftovers\n|-heal|p2a: Tapu Fini|94\/100|[from] item: Leftovers\n|upkeep\n|turn|8\n|\n|t:|1663723344\n|switch|p1a: Tapu Koko|Tapu Koko, shiny|100\/100\n|-damage|p1a: Tapu Koko|88\/100|[from] Stealth Rock\n|-fieldstart|move: Electric Terrain|[from] ability: Electric Surge|[of] p1a: Tapu Koko\n|switch|p2a: Tentacruel|Tentacruel, M|100\/100\n|-damage|p2a: Tentacruel|88\/100|[from] Stealth Rock\n|\n|upkeep\n|turn|9\n|\n|t:|1663723349\n|move|p1a: Tapu Koko|Volt Switch|p2a: Tentacruel\n|-supereffective|p2a: Tentacruel\n|-damage|p2a: Tentacruel|40\/100\n|\n|t:|1663723356\n|switch|p1a: Landorus|Landorus-Therian, M|94\/100|[from]move: Volt Switch\n|-damage|p1a: Landorus|82\/100|[from] Stealth Rock\n|-ability|p1a: Landorus|Intimidate|boost\n|-unboost|p2a: Tentacruel|atk|1\n|move|p2a: Tentacruel|Rapid Spin|p1a: Landorus\n|-damage|p1a: Landorus|77\/100\n|-boost|p2a: Tentacruel|spe|1\n|-sideend|p2: Jrpartner|Stealth Rock|[from] move: Rapid Spin|[of] p2a: Tentacruel\n|\n|-heal|p1a: Landorus|83\/100|[from] item: Leftovers\n|upkeep\n|turn|10\n|\n|t:|1663723361\n|move|p2a: Tentacruel|Scald|p1a: Landorus\n|-supereffective|p1a: Landorus\n|-damage|p1a: Landorus|33\/100\n|move|p1a: Landorus|Stealth Rock|p2a: Tentacruel\n|-sidestart|p2: Jrpartner|move: Stealth Rock\n|\n|-heal|p1a: Landorus|39\/100|[from] item: Leftovers\n|upkeep\n|turn|11\n|\n|t:|1663723368\n|move|p2a: Tentacruel|Scald|p1a: Landorus\n|-supereffective|p1a: Landorus\n|-damage|p1a: Landorus|0 fnt\n|faint|p1a: Landorus\n|\n|upkeep\n|\n|t:|1663723372\n|switch|p1a: Regieleki|Regieleki|100\/100\n|-damage|p1a: Regieleki|88\/100|[from] Stealth Rock\n|turn|12\n|\n|t:|1663723379\n|switch|p2a: Landorus|Landorus-Therian, M|100\/100\n|-damage|p2a: Landorus|88\/100|[from] Stealth Rock\n|-ability|p2a: Landorus|Intimidate|boost\n|-unboost|p1a: Regieleki|atk|1\n|move|p1a: Regieleki|Ancient Power|p2a: Landorus\n|-damage|p2a: Landorus|59\/100\n|\n|-fieldend|move: Electric Terrain\n|upkeep\n|turn|13\n|\n|t:|1663723392\n|switch|p1a: Hydreigon|Hydreigon, M|100\/100\n|-damage|p1a: Hydreigon|88\/100|[from] Stealth Rock\n|move|p2a: Landorus|U-turn|p1a: Hydreigon\n|-supereffective|p1a: Hydreigon\n|-damage|p1a: Hydreigon|46\/100\n|\n|t:|1663723404\n|switch|p2a: Urshifu|Urshifu-Rapid-Strike, M|100\/100|[from]move: U-turn\n|-damage|p2a: Urshifu|94\/100|[from] Stealth Rock\n|\n|-heal|p1a: Hydreigon|53\/100|[from] item: Leftovers\n|upkeep\n|turn|14\n|\n|t:|1663723409\n|switch|p2a: Tapu Fini|Tapu Fini|94\/100\n|-damage|p2a: Tapu Fini|82\/100|[from] Stealth Rock\n|-fieldstart|move: Misty Terrain|[from] ability: Misty Surge|[of] p2a: Tapu Fini\n|switch|p1a: Toxapex|Toxapex, M|100\/100\n|-damage|p1a: Toxapex|88\/100|[from] Stealth Rock\n|\n|-heal|p2a: Tapu Fini|88\/100|[from] item: Leftovers\n|upkeep\n|turn|15\n|\n|t:|1663723417\n|move|p2a: Tapu Fini|Calm Mind|p2a: Tapu Fini\n|-boost|p2a: Tapu Fini|spa|1\n|-boost|p2a: Tapu Fini|spd|1\n|move|p1a: Toxapex|Knock Off|p2a: Tapu Fini\n|-resisted|p2a: Tapu Fini\n|-damage|p2a: Tapu Fini|82\/100\n|-enditem|p2a: Tapu Fini|Leftovers|[from] move: Knock Off|[of] p1a: Toxapex\n|\n|upkeep\n|turn|16\n|\n|t:|1663723420\n|move|p2a: Tapu Fini|Moonblast|p1a: Toxapex\n|-resisted|p1a: Toxapex\n|-damage|p1a: Toxapex|64\/100\n|-enditem|p1a: Toxapex|Eject Button\n|\n|t:|1663723428\n|switch|p1a: Regieleki|Regieleki|88\/100\n|-damage|p1a: Regieleki|76\/100|[from] Stealth Rock\n|\n|upkeep\n|turn|17\n|\n|t:|1663723432\n|move|p1a: Regieleki|Volt Switch|p2a: Tapu Fini\n|-supereffective|p2a: Tapu Fini\n|-damage|p2a: Tapu Fini|4\/100\n|\n|t:|1663723435\n|switch|p1a: Toxapex|Toxapex, M|98\/100|[from]move: Volt Switch\n|-damage|p1a: Toxapex|85\/100|[from] Stealth Rock\n|move|p2a: Tapu Fini|Moonblast|p1a: Toxapex\n|-resisted|p1a: Toxapex\n|-damage|p1a: Toxapex|62\/100\n|\n|upkeep\n|turn|18\n|\n|t:|1663723439\n|switch|p2a: Tentacruel|Tentacruel, M|40\/100\n|-damage|p2a: Tentacruel|27\/100|[from] Stealth Rock\n|move|p1a: Toxapex|Haze|p1a: Toxapex\n|-clearallboost\n|\n|-fieldend|Misty Terrain\n|upkeep\n|turn|19\n|\n|t:|1663723449\n|move|p2a: Tentacruel|Rapid Spin|p1a: Toxapex\n|-damage|p1a: Toxapex|57\/100\n|-boost|p2a: Tentacruel|spe|1\n|-sideend|p2: Jrpartner|Stealth Rock|[from] move: Rapid Spin|[of] p2a: Tentacruel\n|move|p1a: Toxapex|Knock Off|p2a: Tentacruel\n|-damage|p2a: Tentacruel|8\/100\n|-enditem|p2a: Tentacruel|Assault Vest|[from] move: Knock Off|[of] p1a: Toxapex\n|\n|upkeep\n|turn|20\n|\n|t:|1663723459\n|switch|p2a: Landorus|Landorus-Therian, M|59\/100\n|-ability|p2a: Landorus|Intimidate|boost\n|-unboost|p1a: Toxapex|atk|1\n|move|p1a: Toxapex|Knock Off|p2a: Landorus\n|-damage|p2a: Landorus|52\/100\n|-damage|p1a: Toxapex|40\/100|[from] item: Rocky Helmet|[of] p2a: Landorus\n|-enditem|p2a: Landorus|Rocky Helmet|[from] move: Knock Off|[of] p1a: Toxapex\n|\n|upkeep\n|turn|21\n|\n|t:|1663723466\n|move|p2a: Landorus|U-turn|p1a: Toxapex\n|-resisted|p1a: Toxapex\n|-damage|p1a: Toxapex|32\/100\n|\n|t:|1663723468\n|switch|p2a: Zapdos|Zapdos|20\/100|[from]move: U-turn\n|move|p1a: Toxapex|Recover|p1a: Toxapex\n|-heal|p1a: Toxapex|82\/100\n|\n|upkeep\n|turn|22\n|\n|t:|1663723479\n|switch|p1a: Regieleki|Regieleki|76\/100\n|-damage|p1a: Regieleki|64\/100|[from] Stealth Rock\n|move|p2a: Zapdos|Volt Switch|p1a: Regieleki\n|-resisted|p1a: Regieleki\n|-damage|p1a: Regieleki|30\/100\n|\n|t:|1663723505\n|switch|p2a: Urshifu|Urshifu-Rapid-Strike, M|94\/100|[from]move: Volt Switch\n|\n|upkeep\n|turn|23\n|\n|t:|1663723516\n|switch|p1a: Toxapex|Toxapex, M|100\/100\n|-damage|p1a: Toxapex|88\/100|[from] Stealth Rock\n|move|p2a: Urshifu|Aqua Jet|p1a: Toxapex\n|-resisted|p1a: Toxapex\n|-damage|p1a: Toxapex|78\/100\n|\n|upkeep\n|turn|24\n|\n|t:|1663723520\n|switch|p2a: Landorus|Landorus-Therian, M|52\/100\n|-ability|p2a: Landorus|Intimidate|boost\n|-unboost|p1a: Toxapex|atk|1\n|move|p1a: Toxapex|Scald|p2a: Landorus\n|-supereffective|p2a: Landorus\n|-crit|p2a: Landorus\n|-damage|p2a: Landorus|0 fnt\n|faint|p2a: Landorus\n|\n|upkeep\n|\n|t:|1663723528\n|switch|p2a: Zapdos|Zapdos|20\/100\n|turn|25\n|\n|t:|1663723535\n|switch|p1a: Tapu Koko|Tapu Koko, shiny|88\/100\n|-damage|p1a: Tapu Koko|76\/100|[from] Stealth Rock\n|-fieldstart|move: Electric Terrain|[from] ability: Electric Surge|[of] p1a: Tapu Koko\n|move|p2a: Zapdos|Volt Switch|p1a: Tapu Koko\n|-resisted|p1a: Tapu Koko\n|-damage|p1a: Tapu Koko|47\/100\n|\n|t:|1663723556\n|switch|p2a: Melmetal|Melmetal|89\/100|[from]move: Volt Switch\n|\n|upkeep\n|turn|26\n|\n|t:|1663723561\n|move|p1a: Tapu Koko|Volt Switch|p2a: Melmetal\n|-damage|p2a: Melmetal|62\/100\n|\n|t:|1663723565\n|switch|p1a: Toxapex|Toxapex, M|100\/100|[from]move: Volt Switch\n|-damage|p1a: Toxapex|88\/100|[from] Stealth Rock\n|move|p2a: Melmetal|Earthquake|p1a: Toxapex\n|-supereffective|p1a: Toxapex\n|-damage|p1a: Toxapex|41\/100\n|\n|upkeep\n|turn|27\n|\n|t:|1663723571\n|switch|p1a: Hydreigon|Hydreigon, M|53\/100\n|-damage|p1a: Hydreigon|40\/100|[from] Stealth Rock\n|move|p2a: Melmetal|Earthquake|p1a: Hydreigon\n|-immune|p1a: Hydreigon|[from] ability: Levitate\n|\n|-heal|p1a: Hydreigon|46\/100|[from] item: Leftovers\n|upkeep\n|turn|28\n|\n|t:|1663723576\n|move|p1a: Hydreigon|Dark Pulse|p2a: Melmetal\n|-damage|p2a: Melmetal|46\/100\n|move|p2a: Melmetal|Earthquake|p1a: Hydreigon\n|-immune|p1a: Hydreigon|[from] ability: Levitate\n|\n|-heal|p1a: Hydreigon|53\/100|[from] item: Leftovers\n|upkeep\n|turn|29\n|\n|t:|1663723580\n|move|p1a: Hydreigon|Dark Pulse|p2a: Melmetal\n|-damage|p2a: Melmetal|30\/100\n|cant|p2a: Melmetal|flinch\n|\n|-heal|p1a: Hydreigon|59\/100|[from] item: Leftovers\n|-fieldend|move: Electric Terrain\n|upkeep\n|turn|30\n|\n|t:|1663723588\n|switch|p1a: Toxapex|Toxapex, M|74\/100\n|-damage|p1a: Toxapex|61\/100|[from] Stealth Rock\n|move|p2a: Melmetal|Double Iron Bash|p1a: Toxapex\n|-resisted|p1a: Toxapex\n|-damage|p1a: Toxapex|50\/100\n|-resisted|p1a: Toxapex\n|-damage|p1a: Toxapex|39\/100\n|-hitcount|p1a: Toxapex|2\n|\n|upkeep\n|turn|31\n|\n|t:|1663723592\n|switch|p1a: Hydreigon|Hydreigon, M|59\/100\n|-damage|p1a: Hydreigon|46\/100|[from] Stealth Rock\n|move|p2a: Melmetal|Earthquake|p1a: Hydreigon\n|-immune|p1a: Hydreigon|[from] ability: Levitate\n|\n|-heal|p1a: Hydreigon|53\/100|[from] item: Leftovers\n|upkeep\n|turn|32\n|\n|t:|1663723601\n|move|p1a: Hydreigon|Dark Pulse|p2a: Melmetal\n|-damage|p2a: Melmetal|14\/100\n|move|p2a: Melmetal|Double Iron Bash|p1a: Hydreigon\n|-damage|p1a: Hydreigon|19\/100\n|-damage|p1a: Hydreigon|0 fnt\n|faint|p1a: Hydreigon\n|-hitcount|p1: Hydreigon|2\n|\n|upkeep\n|\n|t:|1663723631\n|switch|p1a: Tapu Koko|Tapu Koko, shiny|47\/100\n|-damage|p1a: Tapu Koko|35\/100|[from] Stealth Rock\n|-fieldstart|move: Electric Terrain|[from] ability: Electric Surge|[of] p1a: Tapu Koko\n|turn|33\n|\n|t:|1663723639\n|switch|p2a: Tentacruel|Tentacruel, M|8\/100\n|move|p1a: Tapu Koko|Volt Switch|p2a: Tentacruel\n|-supereffective|p2a: Tentacruel\n|-damage|p2a: Tentacruel|0 fnt\n|faint|p2a: Tentacruel\n|\n|t:|1663723644\n|switch|p1a: Regieleki|Regieleki|30\/100|[from]move: Volt Switch\n|-damage|p1a: Regieleki|18\/100|[from] Stealth Rock\n|\n|upkeep\n|\n|t:|1663723648\n|switch|p2a: Urshifu|Urshifu-Rapid-Strike, M|94\/100\n|turn|34\n|\n|t:|1663723655\n|switch|p1a: Toxapex|Toxapex, M|73\/100\n|-damage|p1a: Toxapex|60\/100|[from] Stealth Rock\n|move|p2a: Urshifu|Aqua Jet|p1a: Toxapex\n|-resisted|p1a: Toxapex\n|-damage|p1a: Toxapex|50\/100\n|\n|upkeep\n|turn|35\n|\n|t:|1663723661\n|switch|p2a: Melmetal|Melmetal|14\/100\n|move|p1a: Toxapex|Scald|p2a: Melmetal\n|-damage|p2a: Melmetal|5\/100\n|\n|upkeep\n|turn|36\n|\n|t:|1663723673\n|move|p2a: Melmetal|Earthquake|p1a: Toxapex\n|-supereffective|p1a: Toxapex\n|-damage|p1a: Toxapex|9\/100\n|move|p1a: Toxapex|Scald|p2a: Melmetal\n|-damage|p2a: Melmetal|0 fnt\n|faint|p2a: Melmetal\n|\n|upkeep\n|\n|t:|1663723682\n|switch|p2a: Zapdos|Zapdos|20\/100\n|turn|37\n|\n|t:|1663723688\n|switch|p1a: Tapu Koko|Tapu Koko, shiny|35\/100\n|-damage|p1a: Tapu Koko|22\/100|[from] Stealth Rock\n|move|p2a: Zapdos|Volt Switch|p1a: Tapu Koko\n|-resisted|p1a: Tapu Koko\n|-damage|p1a: Tapu Koko|0 fnt\n|faint|p1a: Tapu Koko\n|\n|t:|1663723692\n|switch|p2a: Urshifu|Urshifu-Rapid-Strike, M|94\/100|[from]move: Volt Switch\n|\n|-fieldend|move: Electric Terrain\n|upkeep\n|\n|t:|1663723697\n|switch|p1a: Toxapex|Toxapex, M|43\/100\n|-damage|p1a: Toxapex|30\/100|[from] Stealth Rock\n|turn|38\n|\n|t:|1663723711\n|move|p2a: Urshifu|U-turn|p1a: Toxapex\n|-resisted|p1a: Toxapex\n|-damage|p1a: Toxapex|18\/100\n|\n|t:|1663723714\n|switch|p2a: Tapu Fini|Tapu Fini|4\/100|[from]move: U-turn\n|-fieldstart|move: Misty Terrain|[from] ability: Misty Surge|[of] p2a: Tapu Fini\n|move|p1a: Toxapex|Recover|p1a: Toxapex\n|-heal|p1a: Toxapex|68\/100\n|\n|upkeep\n|turn|39\n|\n|t:|1663723721\n|move|p2a: Tapu Fini|Calm Mind|p2a: Tapu Fini\n|-boost|p2a: Tapu Fini|spa|1\n|-boost|p2a: Tapu Fini|spd|1\n|move|p1a: Toxapex|Scald|p2a: Tapu Fini\n|-resisted|p2a: Tapu Fini\n|-damage|p2a: Tapu Fini|0 fnt\n|faint|p2a: Tapu Fini\n|\n|upkeep\n|\n|t:|1663723725\n|switch|p2a: Zapdos|Zapdos|20\/100\n|turn|40\n|\n|t:|1663723742\n|move|p2a: Zapdos|Volt Switch|p1a: Toxapex\n|-supereffective|p1a: Toxapex\n|-damage|p1a: Toxapex|11\/100\n|\n|t:|1663723747\n|switch|p2a: Urshifu|Urshifu-Rapid-Strike, M|94\/100|[from]move: Volt Switch\n|move|p1a: Toxapex|Recover|p1a: Toxapex\n|-heal|p1a: Toxapex|61\/100\n|\n|upkeep\n|turn|41\n|\n|t:|1663723758\n|move|p2a: Urshifu|Close Combat|p1a: Toxapex\n|-resisted|p1a: Toxapex\n|-damage|p1a: Toxapex|31\/100\n|-unboost|p2a: Urshifu|def|1\n|-unboost|p2a: Urshifu|spd|1\n|move|p1a: Toxapex|Scald|p2a: Urshifu\n|-resisted|p2a: Urshifu\n|-damage|p2a: Urshifu|76\/100\n|\n|upkeep\n|turn|42\n|\n|t:|1663723777\n|move|p2a: Urshifu|Close Combat|p1a: Toxapex\n|-resisted|p1a: Toxapex\n|-damage|p1a: Toxapex|1\/100\n|-unboost|p2a: Urshifu|def|1\n|-unboost|p2a: Urshifu|spd|1\n|move|p1a: Toxapex|Recover|p1a: Toxapex\n|-heal|p1a: Toxapex|51\/100\n|\n|-fieldend|Misty Terrain\n|upkeep\n|turn|43\n|inactive|brettfavreinnocent has 120 seconds left.\n|\n|t:|1663723818\n|move|p2a: Urshifu|Close Combat|p1a: Toxapex\n|-resisted|p1a: Toxapex\n|-damage|p1a: Toxapex|23\/100\n|-unboost|p2a: Urshifu|def|1\n|-unboost|p2a: Urshifu|spd|1\n|move|p1a: Toxapex|Scald|p2a: Urshifu\n|-resisted|p2a: Urshifu\n|-damage|p2a: Urshifu|45\/100\n|-status|p2a: Urshifu|brn\n|\n|-damage|p2a: Urshifu|39\/100 brn|[from] brn\n|upkeep\n|turn|44\n|\n|t:|1663723829\n|switch|p2a: Zapdos|Zapdos|20\/100\n|move|p1a: Toxapex|Scald|p2a: Zapdos\n|-damage|p2a: Zapdos|0 fnt\n|faint|p2a: Zapdos\n|\n|upkeep\n|-message|Jrpartner forfeited.\n|\n|win|brettfavreinnocent\n|raw|brettfavreinnocent's rating: 1553 &rarr; <strong>1574<\/strong><br \/>(+21 for winning)\n|raw|Jrpartner's rating: 1573 &rarr; <strong>1552<\/strong><br \/>(-21 for losing)\n|l|\u2606Jrpartner\n||Ladder isn't responding, score probably updated but might not have (Request timeout).\n","uploadtime":1663723853,"views":13,"p1id":"brettfavreinnocent","p2id":"jrpartner","formatid":"gen8ou","rating":1552,"private":0,"password":null}